時間,回転１,回転２,回転３
2022-01-15 17:00:00.004413,84.36905,84.803,85.37447
2022-01-15 17:00:00.501905,84.47302,84.59625,85.37447
2022-01-15 17:00:01.010297,84.05963,84.184,85.7675
2022-01-15 17:00:01.505933,84.21434,84.4935,85.7675
2022-01-15 17:00:02.002146,84.1636,84.4415,85.68833
2022-01-15 17:00:02.506906,84.11161,84.751,85.68833
2022-01-15 17:00:03.005638,83.9569,84.699,85.64968
2022-01-15 17:00:03.508739,84.26632,84.59625,85.64968
2022-01-15 17:00:04.001657,83.9569,83.97725,85.6101
2022-01-15 17:00:04.506448,84.52377,84.803,85.6101
2022-01-15 17:00:05.006321,84.11161,84.4935,86.71
2022-01-15 17:00:05.502122,84.26632,84.4935,86.71
2022-01-15 17:00:06.010701,84.05963,84.4415,86.23875
2022-01-15 17:00:06.507412,83.7502,84.54425,86.23875
2022-01-15 17:00:07.005652,84.36905,84.85375,85.72791
2022-01-15 17:00:07.501192,84.05963,84.23475,85.72791
2022-01-15 17:00:08.009359,84.26632,84.4935,85.68833
2022-01-15 17:00:08.502810,84.21434,84.4935,85.68833
2022-01-15 17:00:09.002340,84.05963,84.4415,85.68833
2022-01-15 17:00:09.508960,84.31831,84.95775,85.68833
2022-01-15 17:00:10.008943,83.7502,84.23475,85.7675
2022-01-15 17:00:10.505496,84.11161,84.54425,85.7675
2022-01-15 17:00:11.003438,84.21434,84.64825,85.92395
2022-01-15 17:00:11.508645,84.00888,84.184,85.92395
2022-01-15 17:00:12.007566,84.47302,84.751,85.49229
2022-01-15 17:00:12.501164,83.90492,84.33875,85.49229
2022-01-15 17:00:13.010100,84.21434,84.751,87.06343
2022-01-15 17:00:13.505531,83.85417,84.23475,87.06343
2022-01-15 17:00:14.004172,84.57575,85.0605,86.08135
2022-01-15 17:00:14.509571,83.7502,84.184,86.08135
2022-01-15 17:00:15.008900,84.52377,84.699,85.33489
2022-01-15 17:00:15.502707,84.11161,84.28675,85.33489
2022-01-15 17:00:16.504847,84.26632,84.90575,85.7675
2022-01-15 17:00:17.002172,83.80219,84.33875,85.64968
2022-01-15 17:00:17.507185,84.42104,84.90575,85.64968
2022-01-15 17:00:18.005700,83.85417,84.33875,85.53187
2022-01-15 17:00:18.500735,84.42104,84.59625,85.53187
2022-01-15 17:00:19.008067,84.47302,84.59625,85.68833
2022-01-15 17:00:19.502710,84.00888,84.28675,85.68833
2022-01-15 17:00:20.003080,84.26632,84.751,86.59218
2022-01-15 17:00:20.507653,84.00888,84.3895,86.59218
2022-01-15 17:00:21.005413,84.62773,84.95775,85.64968
2022-01-15 17:00:21.501132,83.54475,84.132,85.64968
2022-01-15 17:00:22.010318,84.36905,84.59625,85.88531
2022-01-15 17:00:22.506212,84.05963,84.23475,85.88531
2022-01-15 17:00:23.004788,84.47302,84.751,84.94281
2022-01-15 17:00:23.510295,84.11161,84.64825,84.94281
2022-01-15 17:00:24.009161,83.85417,84.33875,85.92395
2022-01-15 17:00:24.504525,84.1636,84.64825,85.92395
2022-01-15 17:00:25.002207,83.85417,84.28675,86.00312
2022-01-15 17:00:25.508044,84.36905,84.4935,86.00312
2022-01-15 17:00:26.005286,84.05963,84.3895,85.88531
2022-01-15 17:00:26.501939,84.31831,84.64825,85.88531
2022-01-15 17:00:27.010370,84.11161,84.54425,85.37447
2022-01-15 17:00:27.505507,84.21434,84.85375,85.37447
2022-01-15 17:00:28.003692,83.90492,84.33875,85.96354
2022-01-15 17:00:28.509048,84.21434,84.64825,85.96354
2022-01-15 17:00:29.007888,84.05963,84.4935,85.33489
2022-01-15 17:00:29.501705,83.85417,84.33875,85.33489
2022-01-15 17:00:30.001603,84.52377,84.54425,86.15958
2022-01-15 17:00:30.507499,84.11161,84.33875,86.15958
2022-01-15 17:00:31.005013,84.1636,84.64825,86.00312
2022-01-15 17:00:31.511018,84.31831,84.85375,86.00312
2022-01-15 17:00:32.009651,83.59549,83.92525,86.15958
2022-01-15 17:00:32.505689,84.42104,84.751,86.15958
2022-01-15 17:00:33.002625,84.11161,84.803,86.5526
2022-01-15 17:00:33.510088,84.05963,84.184,86.5526
2022-01-15 17:00:34.009352,84.57575,84.751,85.88531
2022-01-15 17:00:34.506537,84.11161,84.28675,85.88531
2022-01-15 17:00:35.003663,84.31831,84.751,85.6101
2022-01-15 17:00:35.508728,84.00888,84.33875,85.6101
2022-01-15 17:00:36.005600,83.9569,84.33875,85.17843
2022-01-15 17:00:36.503510,83.80219,84.54425,85.17843
2022-01-15 17:00:37.010832,84.1636,84.3895,85.80614
2022-01-15 17:00:37.506552,84.36905,84.64825,85.80614
2022-01-15 17:00:38.005715,83.80219,83.92525,85.53187
2022-01-15 17:00:38.501164,84.62773,85.0085,85.53187
2022-01-15 17:00:39.008993,84.00888,84.28675,86.12093
2022-01-15 17:00:39.502791,84.36905,84.85375,86.12093
2022-01-15 17:00:40.002669,83.28607,83.92525,85.37447
2022-01-15 17:00:40.508302,84.36905,84.64825,85.37447
2022-01-15 17:00:41.007527,84.47302,84.54425,86.35656
2022-01-15 17:00:41.501869,83.9569,84.23475,86.35656
2022-01-15 17:00:42.010736,84.62773,85.1125,86.23875
2022-01-15 17:00:42.506385,83.85417,84.184,86.23875
2022-01-15 17:00:43.005395,84.47302,84.699,85.33489
2022-01-15 17:00:43.501595,83.80219,84.3895,85.33489
2022-01-15 17:00:44.010159,84.05963,84.4935,85.41406
2022-01-15 17:00:44.503899,83.64747,83.97725,85.41406
2022-01-15 17:00:45.001894,84.31831,84.33875,85.13885
2022-01-15 17:00:45.506105,84.26632,84.54425,85.13885
2022-01-15 17:00:46.004520,83.90492,84.28675,86.15958
2022-01-15 17:00:46.510874,84.52377,84.95775,86.15958
2022-01-15 17:00:47.009519,83.80219,84.28675,85.72791
2022-01-15 17:00:47.505231,84.42104,84.59625,85.72791
2022-01-15 17:00:48.002254,83.9569,84.54425,86.19916
2022-01-15 17:00:48.508736,84.11161,84.28675,86.19916
2022-01-15 17:00:49.005679,84.31831,84.64825,85.41406
2022-01-15 17:00:49.509945,84.00888,84.4935,85.41406
2022-01-15 17:00:50.008397,84.1636,84.4935,86.27739
2022-01-15 17:00:50.502508,84.05963,84.4415,86.27739
2022-01-15 17:00:51.010502,84.21434,84.4935,85.09926
2022-01-15 17:00:51.506005,83.80219,84.4935,85.09926
2022-01-15 17:00:52.003524,84.42104,84.4935,85.96354
2022-01-15 17:00:52.508994,84.21434,84.4935,85.96354
2022-01-15 17:00:53.006326,84.36905,84.85375,85.49229
2022-01-15 17:00:53.503502,84.1636,84.64825,85.49229
2022-01-15 17:00:54.002581,83.9569,84.4415,85.53187
2022-01-15 17:00:54.509145,84.52377,84.85375,85.53187
2022-01-15 17:00:55.008395,83.7502,84.33875,85.53187
2022-01-15 17:00:55.503408,84.31831,84.4935,85.53187
2022-01-15 17:00:56.002439,84.31831,84.59625,85.4527
2022-01-15 17:00:56.508097,83.90492,84.132,85.4527
2022-01-15 17:00:57.005762,84.31831,84.85375,85.72791
2022-01-15 17:00:57.510762,83.9569,84.54425,85.72791
2022-01-15 17:00:58.008773,84.26632,84.699,85.84572
2022-01-15 17:00:58.503351,83.69946,84.3895,85.84572
2022-01-15 17:00:59.001239,84.36905,84.4415,85.17843
2022-01-15 17:00:59.505576,84.36905,84.751,85.17843
2022-01-15 17:01:00.003191,84.00888,84.33875,86.04176
2022-01-15 17:01:00.506872,84.11161,84.54425,86.04176
2022-01-15 17:01:01.005491,83.90492,84.08,86.08135
2022-01-15 17:01:01.510932,84.42104,84.85375,86.08135
2022-01-15 17:01:02.009093,83.59549,84.3895,85.29625
2022-01-15 17:01:02.503498,84.47302,84.59625,85.29625
2022-01-15 17:01:03.010623,83.90492,84.28675,86.08135
2022-01-15 17:01:03.508202,84.62773,84.751,86.08135
2022-01-15 17:01:04.005565,84.36905,84.699,85.7675
2022-01-15 17:01:04.508109,83.64747,84.132,85.7675
2022-01-15 17:01:05.005139,84.42104,84.803,84.98145
2022-01-15 17:01:05.510300,83.69946,84.08,84.98145
2022-01-15 17:01:06.007861,84.05963,84.4415,86.04176
2022-01-15 17:01:06.501478,84.1636,84.95775,86.04176
2022-01-15 17:01:07.001694,84.1636,84.28675,86.63083
2022-01-15 17:01:07.507451,84.47302,84.64825,86.63083
2022-01-15 17:01:08.005445,83.9569,84.28675,85.64968
2022-01-15 17:01:08.501762,84.31831,84.699,85.64968
2022-01-15 17:01:09.001450,83.64747,84.08,86.5526
2022-01-15 17:01:09.505052,84.52377,84.751,86.5526
2022-01-15 17:01:10.002891,83.54475,84.132,85.80614
2022-01-15 17:01:10.506944,84.67848,84.85375,85.80614
2022-01-15 17:01:11.005011,84.00888,84.28675,85.06062
2022-01-15 17:01:11.508698,84.21434,84.33875,85.06062
2022-01-15 17:01:12.006564,84.31831,84.4935,85.92395
2022-01-15 17:01:12.501767,84.00888,84.4935,85.92395
2022-01-15 17:01:13.010469,84.21434,84.3895,85.6101
2022-01-15 17:01:13.506795,83.7502,84.54425,85.6101
2022-01-15 17:01:14.004729,84.26632,84.4935,85.57051
2022-01-15 17:01:14.509697,84.36905,84.59625,85.57051
2022-01-15 17:01:15.007481,84.26632,84.3895,85.25666
2022-01-15 17:01:15.502483,84.05963,84.4935,85.25666
2022-01-15 17:01:16.009939,84.31831,84.699,85.33489
2022-01-15 17:01:16.504829,84.1636,84.23475,85.33489
2022-01-15 17:01:17.002089,83.59549,84.3895,85.88531
2022-01-15 17:01:17.506805,84.21434,84.54425,85.88531
2022-01-15 17:01:18.006052,84.00888,84.4415,85.64968
2022-01-15 17:01:18.502730,84.42104,84.699,85.64968
2022-01-15 17:01:19.010746,84.21434,84.3895,85.37447
2022-01-15 17:01:19.505373,84.05963,84.64825,85.37447
2022-01-15 17:01:20.004503,84.26632,84.54425,85.88531
2022-01-15 17:01:20.501101,84.11161,84.803,85.88531
2022-01-15 17:01:21.007503,83.85417,84.132,86.04176
2022-01-15 17:01:21.503297,84.21434,84.803,86.04176
2022-01-15 17:01:22.001643,84.26632,84.3895,85.33489
2022-01-15 17:01:22.508803,84.11161,84.4415,85.33489
2022-01-15 17:01:23.007088,84.31831,84.699,85.53187
2022-01-15 17:01:23.502059,84.11161,84.28675,85.53187
2022-01-15 17:01:24.002005,84.26632,84.64825,85.57051
2022-01-15 17:01:24.506995,84.1636,84.54425,85.57051
2022-01-15 17:01:25.004920,83.9569,84.59625,85.53187
2022-01-15 17:01:25.509555,84.26632,84.3895,85.53187
2022-01-15 17:01:26.008430,84.31831,84.4935,85.72791
2022-01-15 17:01:26.504207,83.90492,84.33875,85.72791
2022-01-15 17:01:27.003153,84.73046,84.95775,85.4527
2022-01-15 17:01:27.507988,83.59549,84.132,85.4527
2022-01-15 17:01:28.005545,84.31831,84.699,86.5526
2022-01-15 17:01:28.501805,83.85417,84.54425,86.5526
2022-01-15 17:01:29.010916,84.26632,84.4415,86.27739
2022-01-15 17:01:29.507612,84.42104,84.54425,86.27739
2022-01-15 17:01:30.005698,84.26632,84.699,85.02104
2022-01-15 17:01:30.501153,84.05963,84.4415,85.02104
2022-01-15 17:01:31.009796,84.26632,84.751,86.04176
2022-01-15 17:01:31.504857,83.85417,84.23475,86.04176
2022-01-15 17:01:32.001874,83.85417,84.59625,85.92395
2022-01-15 17:01:32.506917,84.42104,84.751,85.92395
2022-01-15 17:01:33.004685,84.26632,84.4935,85.49229
2022-01-15 17:01:33.509957,83.80219,84.28675,85.49229
2022-01-15 17:01:34.008264,84.36905,84.64825,85.33489
2022-01-15 17:01:34.503456,84.1636,84.699,85.33489
2022-01-15 17:01:35.001158,84.31831,84.3895,85.80614
2022-01-15 17:01:35.511085,83.59549,84.4415,85.80614
2022-01-15 17:01:36.008107,84.21434,84.3895,85.41406
2022-01-15 17:01:36.503747,84.42104,84.4935,85.41406
2022-01-15 17:01:37.001674,84.42104,84.751,85.92395
2022-01-15 17:01:37.508616,83.69946,84.08,85.92395
2022-01-15 17:01:38.006836,84.05963,84.699,85.4527
2022-01-15 17:01:38.501147,84.21434,84.3895,85.4527
2022-01-15 17:01:39.009532,84.1636,84.85375,85.29625
2022-01-15 17:01:39.506210,83.9569,84.08,85.29625
2022-01-15 17:01:40.004128,84.05963,84.4415,85.80614
2022-01-15 17:01:40.508401,84.47302,84.54425,85.80614
2022-01-15 17:01:41.006552,84.42104,84.4415,85.64968
2022-01-15 17:01:41.511104,83.7502,84.3895,85.64968
2022-01-15 17:01:42.009142,84.26632,84.4415,85.72791
2022-01-15 17:01:42.503356,83.90492,84.59625,85.72791
2022-01-15 17:01:43.002346,84.11161,84.28675,85.57051
2022-01-15 17:01:43.507978,84.42104,84.95775,85.57051
2022-01-15 17:01:44.006595,84.05963,84.33875,85.72791
2022-01-15 17:01:44.501873,84.36905,84.3895,85.72791
2022-01-15 17:01:45.009919,84.1636,84.64825,85.57051
2022-01-15 17:01:45.506013,83.85417,84.08,85.57051
2022-01-15 17:01:46.003270,84.1636,84.803,86.27739
2022-01-15 17:01:46.510730,83.64747,84.02925,86.27739
2022-01-15 17:01:47.008647,84.05963,84.751,85.53187
2022-01-15 17:01:47.503999,84.1636,84.23475,85.53187
2022-01-15 17:01:48.001726,84.36905,84.699,85.49229
2022-01-15 17:01:48.508069,83.9569,84.184,85.49229
2022-01-15 17:01:49.005529,83.44078,83.513,85.88531
2022-01-15 17:01:49.501062,84.36905,84.85375,85.88531
2022-01-15 17:01:50.010494,84.00888,84.08,241.43645
2022-01-15 17:01:50.504613,83.54475,84.28675,241.43645
2022-01-15 17:01:51.004652,84.05963,84.184,213.59406
2022-01-15 17:01:51.510647,84.26632,84.3895,213.59406
2022-01-15 17:01:52.005885,83.80219,84.132,154.84426
2022-01-15 17:01:52.510882,84.31831,84.59625,154.84426
2022-01-15 17:01:53.009105,84.11161,84.54425,100.57229
2022-01-15 17:01:53.504508,83.69946,83.92525,100.57229
2022-01-15 17:01:54.002689,84.00888,84.59625,93.89656
2022-01-15 17:01:54.508574,83.90492,84.08,93.89656
2022-01-15 17:01:55.005874,84.62773,84.85375,88.2802
2022-01-15 17:01:55.501228,83.85417,84.132,88.2802
2022-01-15 17:01:56.008730,84.73046,84.699,87.96635
2022-01-15 17:01:56.505517,83.7502,84.33875,87.96635
2022-01-15 17:01:57.001789,84.42104,84.751,85.84572
2022-01-15 17:01:57.506872,83.80219,84.54425,85.84572
2022-01-15 17:01:58.005049,84.05963,84.33875,85.92395
2022-01-15 17:01:58.510449,84.00888,84.4415,85.92395
2022-01-15 17:01:59.008525,84.31831,84.699,86.08135
2022-01-15 17:01:59.502282,84.47302,84.59625,86.08135
2022-01-15 17:02:00.001732,83.64747,84.33875,86.15958
2022-01-15 17:02:00.505638,84.42104,84.54425,86.15958
2022-01-15 17:02:01.003373,84.11161,84.59625,86.86645
2022-01-15 17:02:01.508890,83.9569,84.4935,86.86645
2022-01-15 17:02:02.007738,83.80219,84.4935,86.04176
2022-01-15 17:02:02.502342,84.26632,84.54425,86.04176
2022-01-15 17:02:03.001697,84.31831,84.54425,85.68833
2022-01-15 17:02:03.505754,84.31831,84.95775,85.68833
2022-01-15 17:02:04.004347,84.26632,84.699,85.64968
2022-01-15 17:02:04.509099,83.69946,84.3895,85.64968
2022-01-15 17:02:05.008660,84.47302,84.64825,86.35656
2022-01-15 17:02:05.504787,83.69946,84.4935,86.35656
2022-01-15 17:02:06.002950,84.1636,84.4415,85.92395
2022-01-15 17:02:06.508616,84.26632,84.23475,85.92395
2022-01-15 17:02:07.005918,83.85417,84.28675,85.4527
2022-01-15 17:02:07.500981,84.31831,84.64825,85.4527
2022-01-15 17:02:08.009535,84.36905,85.1125,85.68833
2022-01-15 17:02:08.503690,83.90492,84.184,85.68833
2022-01-15 17:02:09.002198,83.85417,84.54425,84.94281
2022-01-15 17:02:09.506608,84.11161,84.33875,84.94281
2022-01-15 17:02:10.003522,84.47302,84.3895,86.04176
2022-01-15 17:02:10.507682,84.26632,84.59625,86.04176
2022-01-15 17:02:11.004618,83.7502,84.132,85.92395
2022-01-15 17:02:11.509063,84.1636,84.699,85.92395
2022-01-15 17:02:12.005708,84.31831,84.751,85.96354
2022-01-15 17:02:12.501214,83.69946,84.54425,85.96354
2022-01-15 17:02:13.009253,84.1636,84.59625,85.7675
2022-01-15 17:02:13.507791,84.1636,84.28675,85.7675
2022-01-15 17:02:14.006472,84.00888,84.4415,85.96354
2022-01-15 17:02:14.510961,84.57575,84.699,85.96354
2022-01-15 17:02:15.009582,84.00888,84.751,85.17843
2022-01-15 17:02:15.504290,84.36905,84.803,85.17843
2022-01-15 17:02:16.001775,84.26632,84.751,85.6101
2022-01-15 17:02:16.506600,84.00888,84.33875,85.6101
2022-01-15 17:02:17.006777,84.11161,84.54425,85.68833
2022-01-15 17:02:17.501792,84.26632,84.59625,85.68833
2022-01-15 17:02:18.011240,84.26632,84.28675,86.78822
2022-01-15 17:02:18.506652,83.80219,84.4935,86.78822
2022-01-15 17:02:19.004932,84.52377,84.59625,86.31697
2022-01-15 17:02:19.509850,83.85417,84.4415,86.31697
2022-01-15 17:02:20.009359,84.36905,84.751,85.02104
2022-01-15 17:02:20.505181,83.7502,84.184,85.02104
2022-01-15 17:02:21.004677,84.36905,84.54425,86.27739
2022-01-15 17:02:21.509661,84.47302,84.4935,86.27739
2022-01-15 17:02:22.007880,84.05963,84.90575,86.43479
2022-01-15 17:02:22.503228,84.31831,84.54425,86.43479
2022-01-15 17:02:23.010686,83.80219,84.23475,85.13885
2022-01-15 17:02:23.506445,84.36905,84.751,85.13885
2022-01-15 17:02:24.005508,83.80219,84.54425,85.92395
2022-01-15 17:02:24.510913,84.47302,84.95775,85.92395
2022-01-15 17:02:25.008220,84.1636,83.97725,85.68833
2022-01-15 17:02:25.502511,84.26632,84.751,85.68833
2022-01-15 17:02:26.010724,84.26632,84.751,85.84572
2022-01-15 17:02:26.504717,83.64747,84.28675,85.84572
2022-01-15 17:02:27.001776,84.21434,84.3895,85.57051
2022-01-15 17:02:27.508132,83.54475,84.28675,85.57051
2022-01-15 17:02:28.005024,84.62773,85.0085,85.6101
2022-01-15 17:02:28.511220,84.1636,84.33875,85.6101
2022-01-15 17:02:29.009477,84.05963,84.699,85.21708
2022-01-15 17:02:29.505448,84.21434,84.23475,85.21708
2022-01-15 17:02:30.001526,84.42104,85.0085,85.72791
2022-01-15 17:02:30.507041,84.21434,84.3895,85.72791
2022-01-15 17:02:31.003851,83.59549,84.28675,85.37447
2022-01-15 17:02:31.510067,84.42104,84.803,85.37447
2022-01-15 17:02:32.007022,83.9569,84.184,86.27739
2022-01-15 17:02:32.502346,84.57575,85.1125,86.27739
2022-01-15 17:02:33.505496,84.00888,84.59625,86.19916
2022-01-15 17:02:34.004066,84.31831,84.3895,85.64968
2022-01-15 17:02:34.508621,84.05963,84.64825,85.64968
2022-01-15 17:02:35.004302,83.90492,84.33875,85.41406
2022-01-15 17:02:35.510261,84.00888,84.4935,85.41406
2022-01-15 17:02:36.009592,84.57575,84.90575,85.37447
2022-01-15 17:02:36.503975,84.31831,84.4935,85.37447
2022-01-15 17:02:37.001423,84.1636,84.751,85.17843
2022-01-15 17:02:37.506758,83.90492,84.23475,85.17843
2022-01-15 17:02:38.004835,84.05963,84.59625,86.23875
2022-01-15 17:02:38.510288,84.31831,84.64825,86.23875
2022-01-15 17:02:39.008133,83.59549,84.3895,85.96354
2022-01-15 17:02:39.503918,84.1636,84.59625,85.96354
2022-01-15 17:02:40.001680,84.21434,84.28675,85.92395
2022-01-15 17:02:40.507347,84.36905,84.803,85.92395
2022-01-15 17:02:41.005137,84.26632,84.33875,85.68833
2022-01-15 17:02:41.501059,83.9569,84.3895,85.68833
2022-01-15 17:02:42.009700,84.21434,84.59625,86.04176
2022-01-15 17:02:42.505299,83.90492,84.3895,86.04176
2022-01-15 17:02:43.002940,84.21434,84.4415,85.92395
2022-01-15 17:02:43.508669,84.26632,84.4415,85.92395
2022-01-15 17:02:44.006679,84.1636,84.751,85.6101
2022-01-15 17:02:44.501791,84.11161,84.33875,85.6101
2022-01-15 17:02:45.002029,84.00888,84.4415,85.57051
2022-01-15 17:02:45.509175,84.52377,84.90575,85.57051
2022-01-15 17:02:46.007101,83.49276,83.97725,85.84572
2022-01-15 17:02:46.501645,84.47302,84.85375,85.84572
2022-01-15 17:02:47.009825,84.31831,84.23475,85.72791
2022-01-15 17:02:47.504634,84.05963,84.59625,85.72791
2022-01-15 17:02:48.004632,84.21434,84.3895,85.57051
2022-01-15 17:02:48.501466,84.05963,84.54425,85.57051
2022-01-15 17:02:49.010584,84.31831,84.803,85.7675
2022-01-15 17:02:49.505955,83.69946,84.28675,85.7675
2022-01-15 17:02:50.004320,84.42104,84.90575,85.72791
2022-01-15 17:02:50.509054,83.9569,84.02925,85.72791
2022-01-15 17:02:51.006351,84.52377,84.803,84.94281
2022-01-15 17:02:51.502140,84.11161,84.184,84.94281
2022-01-15 17:02:52.001103,83.9569,84.4935,86.19916
2022-01-15 17:02:52.506108,84.26632,84.54425,86.19916
2022-01-15 17:02:53.004226,83.69946,84.33875,85.4527
2022-01-15 17:02:53.509171,84.1636,84.54425,85.4527
2022-01-15 17:02:54.006234,83.85417,84.184,85.57051
2022-01-15 17:02:54.511310,84.67848,85.0605,85.57051
2022-01-15 17:02:55.009476,84.1636,84.28675,85.96354
2022-01-15 17:02:55.504648,84.00888,84.4415,85.96354
2022-01-15 17:02:56.002428,84.11161,84.3895,85.68833
2022-01-15 17:02:56.507255,84.26632,84.4935,85.68833
2022-01-15 17:02:57.005963,83.9569,84.54425,85.17843
2022-01-15 17:02:57.511009,83.80219,84.184,85.17843
2022-01-15 17:02:58.008876,84.42104,84.751,85.68833
2022-01-15 17:02:58.504045,84.52377,84.54425,85.68833
2022-01-15 17:02:59.001346,84.47302,85.0605,86.00312
2022-01-15 17:02:59.507510,83.80219,84.08,86.00312
2022-01-15 17:03:00.005462,83.90492,84.23475,85.88531
2022-01-15 17:03:00.508176,84.21434,84.64825,85.88531
2022-01-15 17:03:01.007030,84.21434,84.699,85.68833
2022-01-15 17:03:01.503345,84.31831,84.699,85.68833
2022-01-15 17:03:02.001163,84.31831,84.33875,85.17843
2022-01-15 17:03:02.509025,84.31831,84.85375,85.17843
2022-01-15 17:03:03.005813,84.00888,84.28675,86.12093
2022-01-15 17:03:03.502630,84.1636,84.59625,86.12093
2022-01-15 17:03:04.001590,83.9569,84.33875,85.49229
2022-01-15 17:03:04.508701,83.85417,84.3895,85.49229
2022-01-15 17:03:05.007095,84.21434,84.751,85.13885
2022-01-15 17:03:05.503983,84.57575,84.803,85.13885
2022-01-15 17:03:06.003607,83.80219,84.184,86.31697
2022-01-15 17:03:06.509132,84.1636,84.4415,86.31697
2022-01-15 17:03:07.006300,84.00888,84.28675,85.88531
2022-01-15 17:03:08.005359,83.9569,84.64825,85.7675
2022-01-15 17:03:08.501349,84.11161,84.64825,85.7675
2022-01-15 17:03:09.002124,83.9569,84.184,85.80614
2022-01-15 17:03:09.509017,84.52377,85.0605,85.80614
2022-01-15 17:03:10.008770,84.47302,84.64825,85.88531
2022-01-15 17:03:10.504715,83.80219,84.23475,85.88531
2022-01-15 17:03:11.001858,84.36905,84.64825,85.17843
2022-01-15 17:03:11.508588,83.85417,84.184,85.17843
2022-01-15 17:03:12.007388,84.42104,84.95775,85.6101
2022-01-15 17:03:12.502583,83.44078,84.132,85.6101
2022-01-15 17:03:13.011004,84.36905,84.803,85.84572
2022-01-15 17:03:13.506481,84.57575,84.699,85.84572
2022-01-15 17:03:14.005853,83.90492,84.4415,85.29625
2022-01-15 17:03:14.501739,84.47302,84.699,85.29625
2022-01-15 17:03:15.009561,83.80219,84.184,85.57051
2022-01-15 17:03:15.504568,84.47302,84.90575,85.57051
2022-01-15 17:03:16.002162,84.05963,83.92525,86.12093
2022-01-15 17:03:16.504650,84.42104,84.64825,86.12093
2022-01-15 17:03:17.002593,84.05963,84.08,85.96354
2022-01-15 17:03:17.507559,84.1636,84.54425,85.96354
2022-01-15 17:03:18.005812,84.21434,84.54425,85.84572
2022-01-15 17:03:18.501936,83.64747,83.97725,85.84572
2022-01-15 17:03:19.005324,84.78245,85.0605,84.90322
2022-01-15 17:03:19.503393,83.49276,84.184,84.90322
2022-01-15 17:03:20.001326,84.1636,84.54425,85.84572
2022-01-15 17:03:20.508678,84.26632,84.3895,85.84572
2022-01-15 17:03:21.005443,84.52377,84.803,86.04176
2022-01-15 17:03:21.509978,83.9569,84.3895,86.04176
2022-01-15 17:03:22.008032,84.1636,84.54425,85.72791
2022-01-15 17:03:22.504757,83.85417,84.28675,85.72791
2022-01-15 17:03:23.005479,84.21434,85.0085,85.25666
2022-01-15 17:03:24.004760,84.05963,84.184,85.53187
2022-01-15 17:03:24.510067,84.21434,84.54425,85.53187
2022-01-15 17:03:25.009011,84.05963,84.3895,85.06062
2022-01-15 17:03:25.503615,84.47302,84.85375,85.06062
2022-01-15 17:03:26.010928,84.1636,84.803,86.74864
2022-01-15 17:03:26.507527,83.54475,84.08,86.74864
2022-01-15 17:03:27.005584,84.21434,84.64825,85.68833
2022-01-15 17:03:27.501419,84.21434,84.28675,85.68833
2022-01-15 17:03:28.009515,84.42104,84.699,86.15958
2022-01-15 17:03:28.502686,84.26632,84.64825,86.15958
2022-01-15 17:03:29.001255,84.00888,84.23475,86.08135
2022-01-15 17:03:29.507416,84.21434,84.54425,86.08135
2022-01-15 17:03:30.001757,84.57575,85.0085,85.7675
2022-01-15 17:03:30.508252,83.64747,84.184,85.7675
2022-01-15 17:03:31.007056,84.05963,84.23475,86.08135
2022-01-15 17:03:31.502153,84.1636,84.23475,86.08135
2022-01-15 17:03:32.002604,84.83319,84.90575,85.84572
2022-01-15 17:03:32.507305,83.7502,84.23475,85.84572
2022-01-15 17:03:33.005081,84.05963,84.59625,85.4527
2022-01-15 17:03:33.502243,83.85417,84.08,85.4527
2022-01-15 17:03:34.001734,84.47302,85.1125,86.08135
2022-01-15 17:03:34.505911,83.69946,84.23475,86.08135
2022-01-15 17:03:35.004849,84.21434,84.59625,85.4527
2022-01-15 17:03:35.509341,84.57575,84.59625,85.4527
2022-01-15 17:03:36.007544,84.11161,84.3895,85.88531
2022-01-15 17:03:36.503517,84.36905,84.751,85.88531
2022-01-15 17:03:37.003824,83.54475,83.97725,85.92395
2022-01-15 17:03:37.508548,84.42104,84.95775,85.92395
2022-01-15 17:03:38.006692,83.39003,83.92525,86.23875
2022-01-15 17:03:38.510030,84.57575,84.90575,86.23875
2022-01-15 17:03:39.007489,84.11161,84.28675,85.4527
2022-01-15 17:03:39.501334,84.47302,84.699,85.4527
2022-01-15 17:03:40.010213,84.47302,84.751,85.64968
2022-01-15 17:03:40.505692,83.59549,83.97725,85.64968
2022-01-15 17:03:41.004871,84.78245,85.16325,85.25666
2022-01-15 17:03:41.509029,83.54475,84.02925,85.25666
2022-01-15 17:03:42.006679,84.1636,84.59625,86.47437
2022-01-15 17:03:42.502946,84.26632,84.4415,86.47437
2022-01-15 17:03:43.011091,84.1636,84.28675,85.88531
2022-01-15 17:03:43.506530,84.62773,84.95775,85.88531
2022-01-15 17:03:44.005977,83.90492,84.132,85.4527
2022-01-15 17:03:44.509751,84.47302,84.95775,85.4527
2022-01-15 17:03:45.008207,83.69946,84.23475,85.49229
2022-01-15 17:03:45.502259,84.52377,84.803,85.49229
2022-01-15 17:03:46.001906,83.69946,83.97725,86.86645
2022-01-15 17:03:46.507136,84.31831,84.751,86.86645
2022-01-15 17:03:47.007925,84.1636,84.3895,84.90322
2022-01-15 17:03:47.501943,84.26632,84.54425,84.90322
2022-01-15 17:03:48.010864,83.9569,84.4935,86.04176
2022-01-15 17:03:48.504771,84.11161,84.64825,86.04176
2022-01-15 17:03:49.001854,84.31831,84.699,85.53187
2022-01-15 17:03:49.508690,83.64747,83.92525,85.53187
2022-01-15 17:03:50.006213,84.57575,84.803,85.7675
2022-01-15 17:03:50.502069,84.21434,84.3895,85.7675
2022-01-15 17:03:51.010566,83.85417,84.3895,85.6101
2022-01-15 17:03:51.505163,84.47302,84.90575,85.6101
2022-01-15 17:03:52.005895,83.90492,84.23475,86.04176
2022-01-15 17:03:52.501601,84.36905,84.803,86.04176
2022-01-15 17:03:53.010182,83.69946,84.33875,84.94281
2022-01-15 17:03:53.507659,83.90492,84.184,84.94281
2022-01-15 17:03:54.005755,84.73046,84.85375,86.35656
2022-01-15 17:03:54.501566,84.31831,84.59625,86.35656
2022-01-15 17:03:55.010068,84.05963,84.54425,85.4527
2022-01-15 17:03:55.505053,84.05963,84.4935,85.4527
2022-01-15 17:03:56.002785,84.47302,84.90575,85.49229
2022-01-15 17:03:56.508028,84.00888,84.4415,85.49229
2022-01-15 17:03:57.007345,84.21434,84.33875,86.19916
2022-01-15 17:03:57.501778,84.11161,84.132,86.19916
2022-01-15 17:03:58.008549,84.11161,84.23475,85.6101
2022-01-15 17:03:58.503181,84.57575,85.16325,85.6101
2022-01-15 17:03:59.010398,83.7502,84.132,85.68833
2022-01-15 17:03:59.504710,84.67848,84.85375,85.68833
2022-01-15 17:04:00.002594,83.59549,84.23475,85.41406
2022-01-15 17:04:00.507193,84.42104,84.699,85.41406
2022-01-15 17:04:01.004934,84.62773,84.751,85.21708
2022-01-15 17:04:01.509340,83.80219,83.92525,85.21708
2022-01-15 17:04:02.007417,84.31831,84.64825,85.88531
2022-01-15 17:04:02.502732,83.80219,84.33875,85.88531
2022-01-15 17:04:03.001576,84.67848,85.0605,85.53187
2022-01-15 17:04:03.508491,83.33805,83.92525,85.53187
2022-01-15 17:04:04.007289,84.57575,84.85375,85.7675
2022-01-15 17:04:05.004670,84.73046,84.751,86.08135
2022-01-15 17:04:05.509544,84.47302,84.699,86.08135
2022-01-15 17:04:06.008132,83.44078,83.92525,86.04176
2022-01-15 17:04:06.502836,84.62773,85.21525,86.04176
2022-01-15 17:04:07.001028,83.69946,84.02925,85.29625
2022-01-15 17:04:07.506717,84.31831,84.64825,85.29625
2022-01-15 17:04:08.005461,83.64747,84.33875,85.80614
2022-01-15 17:04:08.509748,84.26632,84.3895,85.80614
2022-01-15 17:04:09.008190,84.57575,84.699,85.09926
2022-01-15 17:04:09.504966,84.26632,84.751,85.09926
2022-01-15 17:04:10.001139,84.05963,84.59625,85.7675
2022-01-15 17:04:10.506359,84.00888,84.3895,85.7675
2022-01-15 17:04:11.004724,84.36905,84.803,85.57051
2022-01-15 17:04:11.509748,82.97664,83.513,85.57051
2022-01-15 17:04:12.007737,85.14262,85.0085,237.31301
2022-01-15 17:04:12.510670,83.39003,83.35825,237.31301
2022-01-15 17:04:13.009951,84.26632,84.33875,225.8852
2022-01-15 17:04:13.505947,84.67848,85.0605,225.8852
2022-01-15 17:04:14.004233,83.18334,83.41025,185.23989
2022-01-15 17:04:14.509626,84.83319,85.0085,185.23989
2022-01-15 17:04:15.007227,83.13135,83.71975,120.36479
2022-01-15 17:04:15.503108,84.42104,84.54425,120.36479
2022-01-15 17:04:16.010842,84.21434,84.28675,90.55822
2022-01-15 17:04:16.505093,84.42104,84.64825,90.55822
2022-01-15 17:04:17.002995,83.69946,84.132,94.99551
2022-01-15 17:04:17.509098,83.9569,84.33875,94.99551
2022-01-15 17:04:18.008507,83.85417,84.184,90.04739
2022-01-15 17:04:18.503076,84.26632,84.90575,90.04739
2022-01-15 17:04:19.011144,84.1636,84.59625,86.51301
2022-01-15 17:04:19.505177,84.11161,84.3895,86.51301
2022-01-15 17:04:20.003622,84.21434,84.4415,85.64968
2022-01-15 17:04:20.509099,84.52377,84.85375,85.64968
2022-01-15 17:04:21.008714,84.1636,84.59625,86.5526
2022-01-15 17:04:21.505503,84.21434,84.4935,86.5526
2022-01-15 17:04:22.003271,83.7502,84.184,86.94562
2022-01-15 17:04:22.507920,84.21434,84.54425,86.94562
2022-01-15 17:04:23.004977,84.21434,84.803,86.82781
2022-01-15 17:04:23.509109,84.21434,84.28675,86.82781
2022-01-15 17:04:24.007033,84.11161,84.4415,86.31697
2022-01-15 17:04:24.503750,84.11161,84.3895,86.31697
2022-01-15 17:04:25.001431,84.47302,84.90575,85.92395
2022-01-15 17:04:25.507490,84.47302,84.90575,85.92395
2022-01-15 17:04:26.005658,84.11161,84.54425,85.33489
2022-01-15 17:04:26.509211,83.7502,84.4415,85.33489
2022-01-15 17:04:27.007629,84.36905,84.4935,85.6101
2022-01-15 17:04:27.502332,84.62773,84.95775,85.6101
2022-01-15 17:04:28.001717,83.54475,83.92525,85.68833
2022-01-15 17:04:28.506800,84.31831,84.64825,85.68833
2022-01-15 17:04:29.004783,83.54475,84.02925,85.41406
2022-01-15 17:04:29.502060,84.93716,85.21525,85.41406
2022-01-15 17:04:30.010966,83.80219,84.4415,85.72791
2022-01-15 17:04:30.505856,84.1636,84.54425,85.72791
2022-01-15 17:04:31.003847,84.47302,84.803,86.00312
2022-01-15 17:04:31.501222,84.26632,84.64825,86.00312
2022-01-15 17:04:32.010641,84.1636,84.54425,86.12093
2022-01-15 17:04:32.505221,84.00888,84.54425,86.12093
2022-01-15 17:04:33.002676,84.1636,84.4415,85.68833
2022-01-15 17:04:33.510077,84.00888,84.751,85.68833
2022-01-15 17:04:34.007620,84.26632,84.64825,85.4527
2022-01-15 17:04:34.504691,84.05963,84.4935,85.4527
2022-01-15 17:04:35.001774,84.36905,84.699,85.80614
2022-01-15 17:04:35.505499,84.11161,84.54425,85.80614
2022-01-15 17:04:36.001791,84.11161,84.4935,85.92395
2022-01-15 17:04:36.505881,84.57575,84.90575,85.92395
2022-01-15 17:04:37.003850,83.54475,84.184,86.12093
2022-01-15 17:04:37.509798,84.42104,84.4935,86.12093
2022-01-15 17:04:38.008083,84.11161,84.59625,86.12093
2022-01-15 17:04:38.503835,84.36905,84.59625,86.12093
2022-01-15 17:04:39.002079,84.36905,84.803,85.6101
2022-01-15 17:04:39.507477,83.9569,84.4415,85.6101
2022-01-15 17:04:40.004795,84.1636,84.33875,84.78541
2022-01-15 17:04:40.510123,84.21434,84.699,84.78541
2022-01-15 17:04:41.008290,84.26632,84.4935,86.27739
2022-01-15 17:04:41.505794,83.80219,84.3895,86.27739
2022-01-15 17:04:42.004660,84.47302,84.64825,85.80614
2022-01-15 17:04:42.510713,84.11161,84.28675,85.80614
2022-01-15 17:04:43.008422,84.31831,84.751,85.88531
2022-01-15 17:04:43.504044,84.05963,84.4415,85.88531
2022-01-15 17:04:44.001716,84.11161,84.699,85.25666
2022-01-15 17:04:44.505703,83.90492,84.23475,85.25666
2022-01-15 17:04:45.004750,84.11161,84.85375,85.57051
2022-01-15 17:04:45.510608,84.36905,84.54425,85.57051
2022-01-15 17:04:46.008654,84.57575,84.699,85.49229
2022-01-15 17:04:46.502819,83.80219,84.132,85.49229
2022-01-15 17:04:47.010425,84.52377,84.85375,85.64968
2022-01-15 17:04:47.504104,84.11161,84.59625,85.64968
2022-01-15 17:04:48.001579,83.85417,84.184,85.49229
2022-01-15 17:04:48.506794,83.7502,84.59625,85.49229
2022-01-15 17:04:49.004218,83.80219,84.02925,85.33489
2022-01-15 17:04:49.508099,84.57575,84.95775,85.33489
2022-01-15 17:04:50.005463,84.1636,84.3895,86.3952
2022-01-15 17:04:50.510811,84.31831,84.59625,86.3952
2022-01-15 17:04:51.009519,83.69946,84.132,85.64968
2022-01-15 17:04:51.507019,84.57575,84.699,85.64968
2022-01-15 17:04:52.004045,83.90492,84.699,85.09926
2022-01-15 17:04:52.509929,84.26632,84.4935,85.09926
2022-01-15 17:04:53.009081,84.47302,84.85375,85.72791
2022-01-15 17:04:53.504125,83.54475,83.8225,85.72791
2022-01-15 17:04:54.002368,84.93716,85.318,85.25666
2022-01-15 17:04:54.507212,83.90492,84.54425,85.25666
2022-01-15 17:04:55.005362,84.26632,84.4415,86.5526
2022-01-15 17:04:55.501166,83.59549,84.33875,86.5526
2022-01-15 17:04:56.009319,84.31831,84.699,85.57051
2022-01-15 17:04:56.504592,84.52377,84.85375,85.57051
2022-01-15 17:04:57.001198,84.05963,84.184,85.57051
2022-01-15 17:04:57.506424,84.21434,84.64825,85.57051
2022-01-15 17:04:58.004676,83.90492,84.4415,85.64968
2022-01-15 17:04:58.503266,84.73046,84.85375,85.64968
2022-01-15 17:04:59.010840,83.44078,84.132,87.02385
2022-01-15 17:04:59.505991,84.47302,84.85375,87.02385
2022-01-15 17:05:00.004692,83.90492,84.54425,85.17843
2022-01-15 17:05:00.510336,84.42104,84.64825,85.17843
2022-01-15 17:05:01.009742,84.36905,84.54425,85.49229
2022-01-15 17:05:01.508543,83.80219,84.4415,85.49229
2022-01-15 17:05:02.009117,84.31831,84.4935,85.6101
2022-01-15 17:05:02.504061,84.1636,84.64825,85.6101
2022-01-15 17:05:03.001723,84.21434,84.4415,85.68833
2022-01-15 17:05:03.505590,83.7502,84.54425,85.68833
2022-01-15 17:05:04.004542,84.31831,84.4935,85.72791
2022-01-15 17:05:04.501637,84.36905,84.59625,85.72791
2022-01-15 17:05:05.011084,84.21434,84.54425,85.37447
2022-01-15 17:05:05.505777,84.21434,84.33875,85.37447
2022-01-15 17:05:06.001837,83.9569,84.4415,85.6101
2022-01-15 17:05:06.505510,84.47302,84.64825,85.6101
2022-01-15 17:05:07.003082,83.80219,84.59625,86.27739
2022-01-15 17:05:07.507567,84.31831,84.4935,86.27739
2022-01-15 17:05:08.005880,84.00888,84.132,85.37447
2022-01-15 17:05:08.502310,84.05963,84.64825,85.37447
2022-01-15 17:05:09.010785,84.42104,84.64825,85.57051
2022-01-15 17:05:09.506282,83.9569,84.59625,85.57051
2022-01-15 17:05:10.003866,84.26632,84.3895,85.64968
2022-01-15 17:05:10.508615,84.00888,84.803,85.64968
2022-01-15 17:05:11.007422,84.1636,84.4935,86.12093
2022-01-15 17:05:11.503563,84.1636,84.3895,86.12093
2022-01-15 17:05:12.002346,83.9569,84.23475,85.57051
2022-01-15 17:05:12.509633,84.31831,84.699,85.57051
2022-01-15 17:05:13.006183,83.9569,84.54425,86.00312
2022-01-15 17:05:13.501842,84.36905,84.4415,86.00312
2022-01-15 17:05:14.010099,83.9569,84.751,85.53187
2022-01-15 17:05:14.504227,84.21434,84.4415,85.53187
2022-01-15 17:05:15.001092,84.31831,84.59625,86.71
2022-01-15 17:05:15.508644,83.80219,84.02925,86.71
2022-01-15 17:05:16.006020,84.62773,84.90575,85.53187
2022-01-15 17:05:16.503506,83.7502,84.23475,85.53187
2022-01-15 17:05:17.505205,83.64747,84.33875,85.68833
2022-01-15 17:05:18.002965,84.52377,84.90575,86.15958
2022-01-15 17:05:18.508844,84.21434,84.59625,86.15958
2022-01-15 17:05:19.007365,84.42104,84.4935,85.80614
2022-01-15 17:05:19.504349,84.11161,84.33875,85.80614
2022-01-15 17:05:20.003020,83.90492,84.4415,85.33489
2022-01-15 17:05:20.508478,84.57575,84.90575,85.33489
2022-01-15 17:05:21.005135,83.90492,84.54425,86.08135
2022-01-15 17:05:21.510414,84.00888,84.33875,86.08135
2022-01-15 17:05:22.008859,83.80219,84.33875,85.25666
2022-01-15 17:05:22.505779,84.67848,84.803,85.25666
2022-01-15 17:05:23.004258,84.57575,84.3895,85.29625
2022-01-15 17:05:23.508811,83.80219,84.33875,85.29625
2022-01-15 17:05:24.005561,84.47302,84.699,85.41406
2022-01-15 17:05:24.509789,83.59549,84.33875,85.41406
2022-01-15 17:05:25.006937,84.42104,84.803,85.80614
2022-01-15 17:05:25.501318,83.80219,84.4415,85.80614
2022-01-15 17:05:26.001257,84.42104,84.64825,85.84572
2022-01-15 17:05:26.507019,84.26632,84.184,85.84572
2022-01-15 17:05:27.003664,84.52377,84.85375,85.88531
2022-01-15 17:05:27.507467,83.90492,84.132,85.88531
2022-01-15 17:05:28.005563,84.00888,84.54425,85.37447
2022-01-15 17:05:28.501631,83.9569,84.28675,85.37447
2022-01-15 17:05:29.010533,83.9569,84.699,85.57051
2022-01-15 17:05:30.005008,83.80219,83.92525,86.31697
2022-01-15 17:05:30.506573,84.57575,84.95775,86.31697
2022-01-15 17:05:31.005455,84.11161,84.28675,85.37447
2022-01-15 17:05:31.501175,84.42104,85.16325,85.37447
2022-01-15 17:05:32.010381,84.00888,84.184,86.3952
2022-01-15 17:05:32.506388,83.49276,84.23475,86.3952
2022-01-15 17:05:33.003850,84.26632,84.59625,85.29625
2022-01-15 17:05:33.509798,84.52377,84.751,85.29625
2022-01-15 17:05:34.007622,84.36905,84.59625,85.49229
2022-01-15 17:05:34.502068,84.26632,84.4415,85.49229
2022-01-15 17:05:35.001660,84.05963,84.803,85.96354
2022-01-15 17:05:35.506996,84.31831,84.59625,85.96354
2022-01-15 17:05:36.005274,83.9569,84.59625,85.49229
2022-01-15 17:05:36.501216,84.26632,84.54425,85.49229
2022-01-15 17:05:37.010058,83.69946,84.23475,86.00312
2022-01-15 17:05:37.502906,84.36905,84.4935,86.00312
2022-01-15 17:05:38.002531,84.36905,84.33875,85.41406
2022-01-15 17:05:38.508435,84.1636,84.64825,85.41406
2022-01-15 17:05:39.008391,84.11161,84.3895,85.7675
2022-01-15 17:05:39.503224,83.9569,84.59625,85.7675
2022-01-15 17:05:40.002611,84.00888,84.28675,86.19916
2022-01-15 17:05:40.507339,84.11161,84.751,86.19916
2022-01-15 17:05:41.005096,84.31831,84.64825,85.68833
2022-01-15 17:05:41.509379,84.26632,84.184,85.68833
2022-01-15 17:05:42.008166,83.90492,84.4935,85.06062
2022-01-15 17:05:42.502747,84.62773,84.803,85.06062
2022-01-15 17:05:43.003616,83.90492,84.4935,86.47437
2022-01-15 17:05:43.508801,84.1636,84.4415,86.47437
2022-01-15 17:05:44.006454,83.7502,84.3895,85.53187
2022-01-15 17:05:44.510343,84.42104,84.803,85.53187
2022-01-15 17:05:45.010082,84.1636,84.33875,86.27739
2022-01-15 17:05:45.505218,84.36905,84.90575,86.27739
2022-01-15 17:05:46.002548,84.1636,84.23475,85.72791
2022-01-15 17:05:46.508915,83.9569,84.4415,85.72791
2022-01-15 17:05:47.005694,84.62773,84.751,85.68833
2022-01-15 17:05:47.510874,83.85417,84.54425,85.68833
2022-01-15 17:05:48.009331,84.21434,84.4415,85.33489
2022-01-15 17:05:48.508016,84.11161,84.23475,85.33489
2022-01-15 17:05:49.006227,84.1636,84.64825,86.08135
2022-01-15 17:05:49.501428,84.26632,84.54425,86.08135
2022-01-15 17:05:50.010856,84.36905,85.0085,85.37447
2022-01-15 17:05:50.505587,83.80219,83.97725,85.37447
2022-01-15 17:05:51.002507,84.00888,84.59625,86.23875
2022-01-15 17:05:51.507773,84.47302,84.85375,86.23875
2022-01-15 17:05:52.005582,84.1636,84.132,85.57051
2022-01-15 17:05:52.501555,84.05963,84.33875,85.57051
2022-01-15 17:05:53.010866,83.85417,83.8745,85.96354
2022-01-15 17:05:53.506290,84.36905,85.1125,85.96354
2022-01-15 17:05:54.003700,84.36905,84.3895,86.00312
2022-01-15 17:05:54.507388,83.90492,84.64825,86.00312
2022-01-15 17:05:55.006154,84.00888,84.4415,86.35656
2022-01-15 17:05:55.502479,83.9569,84.33875,86.35656
2022-01-15 17:05:56.010508,84.73046,85.0605,85.06062
2022-01-15 17:05:56.508441,84.11161,83.92525,85.06062
2022-01-15 17:05:57.004551,84.11161,84.803,86.35656
2022-01-15 17:05:57.509502,83.9569,84.28675,86.35656
2022-01-15 17:05:58.006951,84.47302,84.90575,85.72791
2022-01-15 17:05:58.505807,84.00888,84.28675,85.72791
2022-01-15 17:05:59.004934,83.9569,84.54425,85.4527
2022-01-15 17:05:59.509752,84.1636,84.3895,85.4527
2022-01-15 17:06:00.009316,84.57575,84.64825,85.64968
2022-01-15 17:06:00.502202,84.21434,84.751,85.64968
2022-01-15 17:06:01.010416,84.21434,84.4935,85.6101
2022-01-15 17:06:01.507164,83.9569,84.4935,85.6101
2022-01-15 17:06:02.004376,84.05963,84.28675,86.51301
2022-01-15 17:06:02.508490,84.11161,84.803,86.51301
2022-01-15 17:06:03.008415,84.21434,84.3895,85.92395
2022-01-15 17:06:03.503425,84.1636,84.184,85.92395
2022-01-15 17:06:04.001330,84.31831,84.803,85.37447
2022-01-15 17:06:04.509212,84.26632,84.54425,85.37447
2022-01-15 17:06:05.007481,84.1636,84.59625,86.51301
2022-01-15 17:06:05.501925,84.21434,84.4935,86.51301
2022-01-15 17:06:06.009811,83.69946,84.28675,85.49229
2022-01-15 17:06:06.504651,84.31831,84.59625,85.49229
2022-01-15 17:06:07.003149,84.52377,84.699,85.7675
2022-01-15 17:06:07.507501,84.31831,84.64825,85.7675
2022-01-15 17:06:08.006986,84.26632,84.699,85.68833
2022-01-15 17:06:08.502259,83.90492,84.3895,85.68833
2022-01-15 17:06:09.010092,84.36905,84.59625,85.4527
2022-01-15 17:06:09.504866,83.85417,84.54425,85.4527
2022-01-15 17:06:10.001242,84.42104,84.95775,85.29625
2022-01-15 17:06:10.506435,84.26632,84.33875,85.29625
2022-01-15 17:06:11.005987,84.11161,84.59625,85.57051
2022-01-15 17:06:11.508444,84.57575,84.64825,85.57051
2022-01-15 17:06:12.006423,84.36905,84.85375,85.41406
2022-01-15 17:06:12.508835,84.36905,84.64825,85.41406
2022-01-15 17:06:13.007878,83.54475,83.92525,85.72791
2022-01-15 17:06:13.502183,84.21434,84.751,85.72791
2022-01-15 17:06:14.001104,84.00888,84.3895,85.88531
2022-01-15 17:06:14.509092,84.36905,84.803,85.88531
2022-01-15 17:06:15.006866,84.05963,84.28675,85.84572
2022-01-15 17:06:15.503232,84.00888,84.4415,85.84572
2022-01-15 17:06:16.001404,84.47302,84.64825,85.21708
2022-01-15 17:06:16.506301,84.26632,84.59625,85.21708
2022-01-15 17:06:17.004166,84.1636,84.4415,86.00312
2022-01-15 17:06:17.509898,83.69946,84.28675,86.00312
2022-01-15 17:06:18.007256,84.42104,84.85375,85.84572
2022-01-15 17:06:18.502922,84.31831,84.28675,85.84572
2022-01-15 17:06:19.002394,83.9569,84.59625,85.6101
2022-01-15 17:06:19.507007,84.11161,84.33875,85.6101
2022-01-15 17:06:20.004227,83.85417,84.4415,85.21708
2022-01-15 17:06:20.510728,84.36905,84.699,85.21708
2022-01-15 17:06:21.008223,83.64747,84.132,85.72791
2022-01-15 17:06:21.504683,84.1636,84.64825,85.72791
2022-01-15 17:06:22.002288,84.31831,84.54425,86.12093
2022-01-15 17:06:22.506388,84.57575,85.0605,86.12093
2022-01-15 17:06:23.005018,83.90492,84.08,86.59218
2022-01-15 17:06:23.509182,84.1636,84.64825,86.59218
2022-01-15 17:06:24.006723,83.7502,84.132,85.33489
2022-01-15 17:06:24.502211,84.26632,84.803,85.33489
2022-01-15 17:06:25.001142,84.1636,84.4935,85.41406
2022-01-15 17:06:25.508561,84.26632,84.3895,85.41406
2022-01-15 17:06:26.006346,84.05963,84.4935,85.96354
2022-01-15 17:06:26.510974,84.21434,84.4935,85.96354
2022-01-15 17:06:27.009626,83.9569,84.33875,86.19916
2022-01-15 17:06:27.503499,84.31831,84.59625,86.19916
2022-01-15 17:06:28.001764,83.69946,84.184,85.72791
2022-01-15 17:06:28.509255,84.26632,84.803,85.72791
2022-01-15 17:06:29.007358,84.1636,84.23475,85.68833
2022-01-15 17:06:29.502464,84.31831,84.699,85.68833
2022-01-15 17:06:30.010652,84.05963,84.23475,86.15958
2022-01-15 17:06:30.506421,83.9569,84.54425,86.15958
2022-01-15 17:06:31.003547,84.52377,84.95775,86.23875
2022-01-15 17:06:31.501541,83.80219,84.28675,86.23875
2022-01-15 17:06:32.010212,84.31831,84.59625,84.70718
2022-01-15 17:06:32.506354,83.7502,84.184,84.70718
2022-01-15 17:06:33.004361,84.31831,84.85375,86.27739
2022-01-15 17:06:33.509485,84.26632,84.23475,86.27739
2022-01-15 17:06:34.006699,83.33805,83.66775,87.77031
2022-01-15 17:06:34.501165,84.47302,84.64825,87.77031
2022-01-15 17:06:35.003232,83.7502,84.02925,232.01145
2022-01-15 17:06:35.508443,84.05963,84.4935,232.01145
2022-01-15 17:06:36.006861,83.7502,84.08,213.82968
2022-01-15 17:06:36.501026,83.80219,84.23475,213.82968
2022-01-15 17:06:37.008152,84.83319,84.59625,141.57104
2022-01-15 17:06:37.504415,83.69946,83.97725,141.57104
2022-01-15 17:06:38.002825,84.83319,84.95775,90.44041
2022-01-15 17:06:38.510321,83.28607,83.565,90.44041
2022-01-15 17:06:39.009287,84.36905,84.59625,98.29426
2022-01-15 17:06:39.504771,83.54475,84.02925,98.29426
2022-01-15 17:06:40.003326,83.85417,84.33875,90.04739
2022-01-15 17:06:40.509116,84.31831,84.4935,90.04739
2022-01-15 17:06:41.006425,84.47302,84.751,89.41968
2022-01-15 17:06:41.510556,84.31831,84.33875,89.41968
2022-01-15 17:06:42.010505,83.85417,84.3895,85.84572
2022-01-15 17:06:42.505930,84.62773,84.95775,85.84572
2022-01-15 17:06:43.002363,83.44078,84.02925,86.63083
2022-01-15 17:06:43.506615,84.36905,84.803,86.63083
2022-01-15 17:06:44.005490,84.00888,84.23475,86.63083
2022-01-15 17:06:44.509671,84.47302,85.0085,86.63083
2022-01-15 17:06:45.008536,84.26632,84.54425,86.67041
2022-01-15 17:06:45.503271,84.21434,84.4935,86.67041
2022-01-15 17:06:46.001455,83.90492,84.23475,86.51301
2022-01-15 17:06:46.507600,84.11161,84.59625,86.51301
2022-01-15 17:06:47.005781,84.31831,84.95775,85.49229
2022-01-15 17:06:47.510994,83.90492,84.33875,85.49229
2022-01-15 17:06:48.008885,84.26632,84.64825,86.31697
2022-01-15 17:06:48.504419,84.11161,84.23475,86.31697
2022-01-15 17:06:49.002989,84.47302,85.0085,85.53187
2022-01-15 17:06:49.507382,84.05963,84.3895,85.53187
2022-01-15 17:06:50.004644,83.9569,84.33875,87.25947
2022-01-15 17:06:50.501064,83.9569,84.4935,87.25947
2022-01-15 17:06:51.009273,83.64747,84.4415,85.6101
2022-01-15 17:06:51.504045,84.88517,85.318,85.6101
2022-01-15 17:06:52.002301,84.05963,84.08,86.15958
2022-01-15 17:06:52.507846,83.9569,84.3895,86.15958
2022-01-15 17:06:53.005766,84.42104,84.95775,85.84572
2022-01-15 17:06:53.509787,83.9569,84.33875,85.84572
2022-01-15 17:06:54.007067,84.36905,84.803,85.29625
2022-01-15 17:06:54.501183,83.28607,83.8745,85.29625
2022-01-15 17:06:55.009026,84.26632,84.64825,85.6101
2022-01-15 17:06:55.507683,84.78245,84.85375,85.6101
2022-01-15 17:06:56.005762,84.05963,84.59625,86.00312
2022-01-15 17:06:56.509693,84.05963,84.4415,86.00312
2022-01-15 17:06:57.008772,83.90492,84.23475,85.64968
2022-01-15 17:06:57.502797,84.36905,84.803,85.64968
2022-01-15 17:06:58.002787,83.9569,84.4935,86.23875
2022-01-15 17:06:58.508189,84.36905,84.803,86.23875
2022-01-15 17:06:59.006074,83.9569,83.97725,86.08135
2022-01-15 17:06:59.510659,84.36905,84.699,86.08135
2022-01-15 17:07:00.008796,84.31831,84.803,85.88531
2022-01-15 17:07:00.503479,83.7502,84.132,85.88531
2022-01-15 17:07:01.010759,84.67848,85.26725,85.53187
2022-01-15 17:07:01.505090,83.28607,83.71975,85.53187
2022-01-15 17:07:02.003202,84.31831,84.803,85.6101
2022-01-15 17:07:02.509293,84.26632,84.33875,85.6101
2022-01-15 17:07:03.008774,84.26632,84.54425,85.6101
2022-01-15 17:07:03.502599,84.21434,84.59625,85.6101
2022-01-15 17:07:04.010067,84.00888,84.23475,86.27739
2022-01-15 17:07:04.504502,84.52377,84.95775,86.27739
2022-01-15 17:07:05.002096,83.80219,84.28675,85.72791
2022-01-15 17:07:05.511035,84.57575,85.1125,85.72791
2022-01-15 17:07:06.008010,83.69946,83.92525,85.41406
2022-01-15 17:07:06.503756,84.62773,84.90575,85.41406
2022-01-15 17:07:07.001117,84.1636,84.4415,86.19916
2022-01-15 17:07:07.505027,84.05963,84.54425,86.19916
2022-01-15 17:07:08.001441,84.42104,84.751,85.68833
2022-01-15 17:07:08.506353,83.69946,84.23475,85.68833
2022-01-15 17:07:09.006055,84.47302,85.0085,85.53187
2022-01-15 17:07:09.501181,83.7502,84.184,85.53187
2022-01-15 17:07:10.009425,84.11161,84.4415,85.7675
2022-01-15 17:07:10.504771,84.21434,84.28675,85.7675
2022-01-15 17:07:11.003040,84.11161,84.54425,86.43479
2022-01-15 17:07:11.508432,84.11161,84.699,86.43479
2022-01-15 17:07:12.006364,84.52377,84.90575,86.00312
2022-01-15 17:07:12.501996,83.80219,84.23475,86.00312
2022-01-15 17:07:13.001187,83.69946,84.08,85.53187
2022-01-15 17:07:13.504733,84.67848,84.90575,85.53187
2022-01-15 17:07:14.002422,83.9569,84.02925,85.7675
2022-01-15 17:07:14.507995,84.36905,84.64825,85.7675
2022-01-15 17:07:15.005524,83.85417,84.23475,85.41406
2022-01-15 17:07:16.005384,84.52377,85.0085,86.35656
2022-01-15 17:07:16.502053,83.7502,84.23475,86.35656
2022-01-15 17:07:17.010290,84.1636,84.33875,85.7675
2022-01-15 17:07:17.505563,84.26632,84.4935,85.7675
2022-01-15 17:07:18.002184,84.31831,84.64825,86.94562
2022-01-15 17:07:18.506874,84.11161,84.28675,86.94562
2022-01-15 17:07:19.004510,84.05963,84.3895,85.92395
2022-01-15 17:07:19.502279,84.26632,84.699,85.92395
2022-01-15 17:07:20.010307,83.85417,84.64825,85.57051
2022-01-15 17:07:20.504909,84.36905,84.64825,85.57051
2022-01-15 17:07:21.002412,84.05963,84.3895,85.57051
2022-01-15 17:07:21.508548,84.21434,84.4935,85.57051
2022-01-15 17:07:22.005226,84.26632,84.4935,84.6676
2022-01-15 17:07:22.501504,84.05963,84.4415,84.6676
2022-01-15 17:07:23.001492,84.67848,85.16325,85.68833
2022-01-15 17:07:23.505842,83.54475,83.92525,85.68833
2022-01-15 17:07:24.004907,84.31831,84.85375,86.23875
2022-01-15 17:07:25.005384,84.21434,84.4935,84.86364
2022-01-15 17:07:25.510618,84.36905,84.54425,84.86364
2022-01-15 17:07:26.009780,83.9569,84.28675,85.72791
2022-01-15 17:07:26.506126,84.21434,84.751,85.72791
2022-01-15 17:07:27.004727,84.1636,84.54425,86.23875
2022-01-15 17:07:27.510268,84.31831,84.699,86.23875
2022-01-15 17:07:28.008369,83.59549,84.184,85.84572
2022-01-15 17:07:28.503559,84.42104,84.751,85.84572
2022-01-15 17:07:29.011029,84.36905,84.4935,86.86645
2022-01-15 17:07:29.505373,84.05963,84.4935,86.86645
2022-01-15 17:07:30.004506,84.1636,84.64825,85.4527
2022-01-15 17:07:30.509669,83.90492,84.54425,85.4527
2022-01-15 17:07:31.008862,84.52377,84.803,85.53187
2022-01-15 17:07:31.501945,83.64747,84.28675,85.53187
2022-01-15 17:07:32.001621,84.52377,84.803,85.68833
2022-01-15 17:07:32.507373,84.31831,84.54425,85.68833
2022-01-15 17:07:33.005038,84.05963,84.3895,85.88531
2022-01-15 17:07:33.510676,84.1636,84.59625,85.88531
2022-01-15 17:07:34.009702,84.05963,84.3895,85.6101
2022-01-15 17:07:34.504320,84.47302,84.803,85.6101
2022-01-15 17:07:35.001787,83.80219,84.4415,85.88531
2022-01-15 17:07:35.506970,84.26632,84.4935,85.88531
2022-01-15 17:07:36.006780,84.42104,84.64825,85.33489
2022-01-15 17:07:36.502041,84.73046,84.751,85.33489
2022-01-15 17:07:37.011003,83.59549,84.184,85.80614
2022-01-15 17:07:37.504603,84.26632,84.803,85.80614
2022-01-15 17:07:38.003419,84.21434,84.64825,86.35656
2022-01-15 17:07:38.508172,83.80219,84.23475,86.35656
2022-01-15 17:07:39.006377,84.31831,84.64825,85.92395
2022-01-15 17:07:39.502056,84.05963,84.3895,85.92395
2022-01-15 17:07:40.002363,84.36905,84.4935,85.64968
2022-01-15 17:07:40.501564,84.00888,84.751,85.64968
2022-01-15 17:07:41.010200,83.90492,84.33875,85.17843
2022-01-15 17:07:41.505239,84.21434,84.59625,85.17843
2022-01-15 17:07:42.001698,84.05963,84.4935,85.49229
2022-01-15 17:07:42.506833,83.85417,84.33875,85.49229
2022-01-15 17:07:43.006082,84.36905,84.64825,85.80614
2022-01-15 17:07:43.502820,84.21434,84.33875,85.80614
2022-01-15 17:07:44.011129,84.31831,84.751,86.71
2022-01-15 17:07:44.506428,83.90492,84.4415,86.71
2022-01-15 17:07:45.005144,84.21434,84.59625,85.84572
2022-01-15 17:07:45.510631,83.85417,84.23475,85.84572
2022-01-15 17:07:46.009321,84.36905,84.751,86.31697
2022-01-15 17:07:46.507073,83.80219,84.4415,86.31697
2022-01-15 17:07:47.004704,84.47302,84.59625,85.4527
2022-01-15 17:07:47.509233,84.52377,84.64825,85.4527
2022-01-15 17:07:48.008400,83.90492,84.184,85.88531
2022-01-15 17:07:48.503780,84.31831,85.0085,85.88531
2022-01-15 17:07:49.002451,84.00888,84.28675,85.80614
2022-01-15 17:07:49.508249,84.1636,84.4415,85.80614
2022-01-15 17:07:50.006340,84.00888,84.64825,85.37447
2022-01-15 17:07:50.501158,83.80219,84.132,85.37447
2022-01-15 17:07:51.009762,84.73046,84.95775,86.08135
2022-01-15 17:07:51.505445,84.05963,84.23475,86.08135
2022-01-15 17:07:52.004089,84.31831,84.751,85.92395
2022-01-15 17:07:52.509055,83.80219,84.08,85.92395
2022-01-15 17:07:53.005658,84.67848,85.318,85.25666
2022-01-15 17:07:53.503828,83.39003,83.92525,85.25666
2022-01-15 17:07:54.003117,84.62773,84.64825,86.5526
2022-01-15 17:07:54.508389,83.90492,84.132,86.5526
2022-01-15 17:07:55.006317,84.47302,84.85375,85.68833
2022-01-15 17:07:55.501444,84.42104,84.85375,85.68833
2022-01-15 17:07:56.009319,83.49276,83.8745,86.08135
2022-01-15 17:07:56.506114,84.57575,84.751,86.08135
2022-01-15 17:07:57.005685,83.85417,84.699,86.08135
2022-01-15 17:07:57.501887,84.1636,84.59625,86.08135
2022-01-15 17:07:58.010765,84.21434,84.4935,85.72791
2022-01-15 17:07:58.506404,84.1636,84.33875,85.72791
2022-01-15 17:07:59.004604,84.36905,84.699,85.57051
2022-01-15 17:07:59.501802,84.21434,84.4935,85.57051
2022-01-15 17:08:00.001079,84.26632,84.54425,85.84572
2022-01-15 17:08:00.508030,83.7502,84.184,85.84572
2022-01-15 17:08:01.005288,84.62773,84.803,85.88531
2022-01-15 17:08:01.501690,83.69946,84.3895,85.88531
2022-01-15 17:08:02.010542,84.31831,84.4935,85.33489
2022-01-15 17:08:02.505281,84.36905,84.59625,85.33489
2022-01-15 17:08:03.002353,83.9569,84.4415,86.71
2022-01-15 17:08:03.510449,84.26632,84.4935,86.71
2022-01-15 17:08:04.007690,84.05963,84.59625,84.90322
2022-01-15 17:08:04.502031,84.21434,84.4935,84.90322
2022-01-15 17:08:05.010170,83.7502,84.4415,86.23875
2022-01-15 17:08:05.504956,84.21434,84.28675,86.23875
2022-01-15 17:08:06.001763,84.42104,84.803,85.72791
2022-01-15 17:08:06.507260,84.42104,84.699,85.72791
2022-01-15 17:08:07.007121,84.1636,84.699,85.96354
2022-01-15 17:08:07.502830,84.00888,84.4415,85.96354
2022-01-15 17:08:08.011110,84.26632,84.54425,85.29625
2022-01-15 17:08:08.504948,83.59549,84.3895,85.29625
2022-01-15 17:08:09.002729,84.21434,84.3895,85.33489
2022-01-15 17:08:09.507920,84.47302,84.803,85.33489
2022-01-15 17:08:10.006243,83.59549,83.92525,85.21708
2022-01-15 17:08:10.502613,84.47302,84.803,85.21708
2022-01-15 17:08:11.010854,83.85417,84.3895,86.08135
2022-01-15 17:08:11.509430,84.57575,84.751,86.08135
2022-01-15 17:08:12.009070,83.49276,84.08,85.84572
2022-01-15 17:08:12.503463,84.36905,84.54425,85.84572
2022-01-15 17:08:13.010476,84.21434,84.751,85.68833
2022-01-15 17:08:13.505261,84.36905,84.699,85.68833
2022-01-15 17:08:14.004271,84.05963,84.33875,86.08135
2022-01-15 17:08:14.509141,83.85417,84.184,86.08135
2022-01-15 17:08:15.005882,84.21434,84.699,85.4527
2022-01-15 17:08:15.501263,83.9569,84.54425,85.4527
2022-01-15 17:08:16.009505,84.26632,84.54425,86.08135
2022-01-15 17:08:16.504520,84.00888,84.33875,86.08135
2022-01-15 17:08:17.001600,84.52377,84.64825,86.23875
2022-01-15 17:08:17.506506,84.36905,84.751,86.23875
2022-01-15 17:08:18.004716,83.64747,84.23475,85.53187
2022-01-15 17:08:18.509255,84.67848,84.751,85.53187
2022-01-15 17:08:19.008405,83.28607,83.8225,85.72791
2022-01-15 17:08:19.503412,84.57575,84.90575,85.72791
2022-01-15 17:08:20.001518,83.64747,84.33875,86.00312
2022-01-15 17:08:20.508615,84.62773,84.59625,86.00312
2022-01-15 17:08:21.004902,84.36905,84.54425,85.4527
2022-01-15 17:08:21.501225,83.80219,84.23475,85.4527
2022-01-15 17:08:22.009181,84.31831,84.751,85.7675
2022-01-15 17:08:22.503028,83.85417,84.3895,85.7675
2022-01-15 17:08:23.010509,84.52377,84.64825,85.96354
2022-01-15 17:08:23.504129,83.69946,84.3895,85.96354
2022-01-15 17:08:24.003558,84.42104,84.59625,86.27739
2022-01-15 17:08:24.507431,84.42104,84.59625,86.27739
2022-01-15 17:08:25.005697,84.26632,84.59625,85.7675
2022-01-15 17:08:25.501588,83.90492,84.28675,85.7675
2022-01-15 17:08:26.010952,83.85417,84.4935,85.84572
2022-01-15 17:08:26.504874,84.26632,84.54425,85.84572
2022-01-15 17:08:27.001600,83.64747,84.54425,85.88531
2022-01-15 17:08:27.506653,84.47302,84.751,85.88531
2022-01-15 17:08:28.007285,84.11161,84.3895,85.92395
2022-01-15 17:08:28.502070,84.31831,84.54425,85.92395
2022-01-15 17:08:29.010836,84.00888,84.4415,85.64968
2022-01-15 17:08:29.505939,83.90492,84.33875,85.64968
2022-01-15 17:08:30.004433,83.85417,84.3895,85.72791
2022-01-15 17:08:30.511264,83.7502,84.54425,85.72791
2022-01-15 17:08:31.009539,84.31831,84.64825,86.08135
2022-01-15 17:08:31.505065,84.21434,84.4935,86.08135
2022-01-15 17:08:32.002221,84.73046,84.803,85.64968
2022-01-15 17:08:32.507119,83.85417,84.08,85.64968
2022-01-15 17:08:33.006561,84.26632,84.64825,85.84572
2022-01-15 17:08:33.501237,84.36905,84.4415,85.84572
2022-01-15 17:08:34.009853,83.90492,84.64825,85.29625
2022-01-15 17:08:34.510983,83.80219,84.184,85.29625
2022-01-15 17:08:35.010430,84.21434,84.751,85.72791
2022-01-15 17:08:35.503493,84.00888,84.184,85.72791
2022-01-15 17:08:36.002039,84.78245,85.0085,86.04176
2022-01-15 17:08:36.507905,84.05963,84.54425,86.04176
2022-01-15 17:08:37.005766,84.31831,84.4415,85.6101
2022-01-15 17:08:37.502717,84.11161,84.751,85.6101
2022-01-15 17:08:38.010799,84.05963,84.4935,85.57051
2022-01-15 17:08:38.507023,84.05963,84.64825,85.57051
2022-01-15 17:08:39.004203,84.05963,84.184,85.72791
2022-01-15 17:08:39.508517,84.21434,84.4415,85.72791
2022-01-15 17:08:40.006736,84.26632,84.85375,85.09926
2022-01-15 17:08:40.501500,84.26632,84.3895,85.09926
2022-01-15 17:08:41.010965,83.9569,84.4935,86.12093
2022-01-15 17:08:41.505615,84.42104,84.59625,86.12093
2022-01-15 17:08:42.003003,83.64747,84.699,85.80614
2022-01-15 17:08:42.508399,84.00888,84.184,85.80614
2022-01-15 17:08:43.005212,84.67848,84.54425,85.68833
2022-01-15 17:08:43.509733,83.85417,84.23475,85.68833
2022-01-15 17:08:44.007977,84.47302,84.751,85.92395
2022-01-15 17:08:44.503535,84.05963,84.4415,85.92395
2022-01-15 17:08:45.010302,84.11161,84.33875,86.04176
2022-01-15 17:08:45.505838,83.85417,84.803,86.04176
2022-01-15 17:08:46.003650,84.31831,84.59625,85.09926
2022-01-15 17:08:46.508892,84.1636,84.28675,85.09926
2022-01-15 17:08:47.006547,84.21434,84.59625,85.80614
2022-01-15 17:08:47.503045,84.36905,84.3895,85.80614
2022-01-15 17:08:48.010851,83.90492,84.54425,85.6101
2022-01-15 17:08:48.505456,84.11161,84.28675,85.6101
2022-01-15 17:08:49.001753,83.7502,84.751,85.6101
2022-01-15 17:08:49.509467,84.42104,84.59625,85.6101
2022-01-15 17:08:50.008270,83.90492,84.28675,86.23875
2022-01-15 17:08:50.504452,84.31831,84.803,86.23875
2022-01-15 17:08:51.002361,83.9569,84.132,85.88531
2022-01-15 17:08:51.509170,84.31831,84.90575,85.88531
2022-01-15 17:08:52.008059,84.00888,84.23475,85.13885
2022-01-15 17:08:52.503160,84.05963,84.699,85.13885
2022-01-15 17:08:53.010622,84.05963,84.4935,86.04176
2022-01-15 17:08:53.505398,84.1636,84.4415,86.04176
2022-01-15 17:08:54.003225,84.42104,84.4415,85.53187
2022-01-15 17:08:54.508982,84.1636,84.4415,85.53187
2022-01-15 17:08:55.005243,83.85417,84.4935,85.29625
2022-01-15 17:08:55.509378,84.00888,84.23475,85.29625
2022-01-15 17:08:56.007088,83.69946,84.28675,85.64968
2022-01-15 17:08:56.501379,83.85417,83.97725,85.64968
2022-01-15 17:08:57.011219,84.26632,84.85375,238.05947
2022-01-15 17:08:57.505665,83.80219,83.8225,238.05947
2022-01-15 17:08:58.003601,84.42104,84.28675,225.02187
2022-01-15 17:08:58.509109,84.52377,84.95775,225.02187
2022-01-15 17:08:59.007664,83.59549,83.66775,176.52176
2022-01-15 17:08:59.501917,84.52377,85.16325,176.52176
2022-01-15 17:09:00.010526,83.39003,83.565,112.62875
2022-01-15 17:09:00.502740,84.26632,84.85375,112.62875
2022-01-15 17:09:01.001129,83.9569,84.132,94.8777
2022-01-15 17:09:01.508601,84.11161,84.132,94.8777
2022-01-15 17:09:02.006167,84.36905,84.699,96.40926
2022-01-15 17:09:02.501235,83.7502,83.92525,96.40926
2022-01-15 17:09:03.007913,84.31831,84.803,88.00593
2022-01-15 17:09:03.502961,83.9569,84.132,88.00593
2022-01-15 17:09:04.001149,84.21434,85.16325,86.51301
2022-01-15 17:09:04.506875,83.90492,83.92525,86.51301
2022-01-15 17:09:05.005746,84.31831,84.4415,86.15958
2022-01-15 17:09:05.501404,84.11161,84.54425,86.15958
2022-01-15 17:09:06.005835,84.57575,84.85375,86.5526
2022-01-15 17:09:06.510427,83.90492,84.699,86.5526
2022-01-15 17:09:07.009376,84.31831,84.4415,86.86645
2022-01-15 17:09:07.504996,83.85417,84.54425,86.86645
2022-01-15 17:09:08.004157,84.11161,84.3895,86.23875
2022-01-15 17:09:08.509521,84.21434,84.54425,86.23875
2022-01-15 17:09:09.008792,84.21434,84.4415,86.71
2022-01-15 17:09:09.502840,84.52377,84.751,86.71
2022-01-15 17:09:10.010330,84.11161,84.699,86.27739
2022-01-15 17:09:10.505167,84.05963,84.4935,86.27739
2022-01-15 17:09:11.003384,84.00888,84.803,85.25666
2022-01-15 17:09:11.510550,83.9569,84.184,85.25666
2022-01-15 17:09:12.008297,84.05963,84.59625,86.04176
2022-01-15 17:09:12.502429,84.21434,84.4935,86.04176
2022-01-15 17:09:13.001158,84.1636,84.33875,86.04176
2022-01-15 17:09:13.506388,84.05963,84.54425,86.04176
2022-01-15 17:09:14.004835,84.31831,84.4935,85.88531
2022-01-15 17:09:14.509206,83.85417,84.4935,85.88531
2022-01-15 17:09:15.007288,84.31831,84.85375,85.88531
2022-01-15 17:09:15.501714,83.33805,84.02925,85.88531
2022-01-15 17:09:16.010576,84.36905,84.64825,85.6101
2022-01-15 17:09:16.504693,84.47302,84.54425,85.6101
2022-01-15 17:09:17.001777,84.36905,84.90575,85.06062
2022-01-15 17:09:17.508108,84.11161,84.4935,85.06062
2022-01-15 17:09:18.005873,84.11161,84.54425,86.04176
2022-01-15 17:09:18.510780,84.42104,84.54425,86.04176
2022-01-15 17:09:19.009974,83.80219,84.59625,85.41406
2022-01-15 17:09:19.504688,84.21434,84.699,85.41406
2022-01-15 17:09:20.002064,84.1636,84.3895,85.7675
2022-01-15 17:09:20.507887,84.26632,84.59625,85.7675
2022-01-15 17:09:21.005711,84.26632,84.33875,85.57051
2022-01-15 17:09:21.501794,84.26632,84.90575,85.57051
2022-01-15 17:09:22.011219,84.26632,84.4935,85.7675
2022-01-15 17:09:22.505751,84.21434,84.90575,85.7675
2022-01-15 17:09:23.003231,84.1636,84.4935,85.6101
2022-01-15 17:09:23.507696,84.21434,84.33875,85.6101
2022-01-15 17:09:24.006655,84.26632,84.64825,85.96354
2022-01-15 17:09:24.501740,84.47302,84.699,85.96354
2022-01-15 17:09:25.011263,83.9569,84.4935,85.7675
2022-01-15 17:09:25.506121,84.05963,84.4415,85.7675
2022-01-15 17:09:26.005170,84.21434,84.90575,85.6101
2022-01-15 17:09:26.510890,84.1636,84.4935,85.6101
2022-01-15 17:09:27.007580,84.11161,84.4415,85.92395
2022-01-15 17:09:27.501938,84.11161,84.33875,85.92395
2022-01-15 17:09:28.001085,84.26632,84.59625,86.23875
2022-01-15 17:09:28.507407,83.9569,84.751,86.23875
2022-01-15 17:09:29.005116,84.52377,84.64825,85.7675
2022-01-15 17:09:29.510932,83.7502,84.28675,85.7675
2022-01-15 17:09:30.008604,84.21434,84.54425,85.53187
2022-01-15 17:09:30.503504,84.1636,84.4415,85.53187
2022-01-15 17:09:31.002563,84.05963,84.33875,86.15958
2022-01-15 17:09:31.509169,84.52377,84.4935,86.15958
2022-01-15 17:09:32.007151,83.85417,84.4935,86.12093
2022-01-15 17:09:32.502594,84.31831,84.54425,86.12093
2022-01-15 17:09:33.010493,83.7502,84.28675,85.09926
2022-01-15 17:09:33.505146,84.62773,85.0085,85.09926
2022-01-15 17:09:34.002511,83.90492,84.28675,85.4527
2022-01-15 17:09:34.509033,84.26632,84.4415,85.4527
2022-01-15 17:09:35.009661,84.52377,84.59625,86.27739
2022-01-15 17:09:35.505711,84.05963,84.751,86.27739
2022-01-15 17:09:36.002374,84.05963,84.4415,86.08135
2022-01-15 17:09:36.506685,84.00888,84.4935,86.08135
2022-01-15 17:09:37.002204,84.26632,84.54425,85.68833
2022-01-15 17:09:37.507478,83.85417,84.59625,85.68833
2022-01-15 17:09:38.006094,84.52377,84.85375,85.84572
2022-01-15 17:09:38.501053,84.1636,84.08,85.84572
2022-01-15 17:09:39.010772,84.42104,85.0085,85.33489
2022-01-15 17:09:39.508398,84.11161,84.59625,85.33489
2022-01-15 17:09:40.005652,83.85417,84.33875,85.96354
2022-01-15 17:09:40.509754,84.21434,84.4415,85.96354
2022-01-15 17:09:41.008436,83.54475,84.184,86.04176
2022-01-15 17:09:41.505106,84.57575,84.90575,86.04176
2022-01-15 17:09:42.002773,84.21434,84.4935,85.92395
2022-01-15 17:09:42.508340,84.31831,84.751,85.92395
2022-01-15 17:09:43.007159,84.21434,84.4935,86.63083
2022-01-15 17:09:43.503516,83.90492,84.4415,86.63083
2022-01-15 17:09:44.002195,83.69946,83.97725,85.37447
2022-01-15 17:09:44.508200,83.54475,83.92525,85.37447
2022-01-15 17:09:45.006659,84.57575,84.85375,239.19801
2022-01-15 17:09:45.501974,83.28607,83.30625,239.19801
2022-01-15 17:09:46.002575,84.9879,85.422,218.77781
2022-01-15 17:09:46.508244,83.59549,83.61575,218.77781
2022-01-15 17:09:47.006767,84.21434,84.699,173.2626
2022-01-15 17:09:47.511015,84.26632,84.28675,173.2626
2022-01-15 17:09:48.008484,83.7502,84.23475,117.18385
2022-01-15 17:09:48.504572,84.05963,84.4935,117.18385
2022-01-15 17:09:49.001690,83.7502,84.132,92.63926
2022-01-15 17:09:49.510759,84.42104,84.59625,92.63926
2022-01-15 17:09:50.009643,84.26632,84.23475,91.50072
2022-01-15 17:09:50.504964,84.11161,84.4935,91.50072
2022-01-15 17:09:51.003001,84.21434,84.3895,87.6525
2022-01-15 17:09:51.506444,84.42104,84.751,87.6525
2022-01-15 17:09:52.004358,84.11161,84.54425,86.23875
2022-01-15 17:09:52.502478,83.49276,83.97725,86.23875
2022-01-15 17:09:53.001830,84.26632,84.699,86.86645
2022-01-15 17:09:53.507454,84.36905,84.28675,86.86645
2022-01-15 17:09:54.005322,84.31831,84.85375,87.10208
2022-01-15 17:09:54.501698,84.26632,84.3895,87.10208
2022-01-15 17:09:55.010349,83.80219,84.28675,86.19916
2022-01-15 17:09:55.506420,84.57575,84.90575,86.19916
2022-01-15 17:09:56.005930,83.7502,84.4935,86.23875
2022-01-15 17:09:56.502327,83.90492,84.4935,86.23875
2022-01-15 17:09:57.001632,84.42104,84.64825,86.35656
2022-01-15 17:09:57.506550,84.00888,84.54425,86.35656
2022-01-15 17:09:58.005633,84.47302,84.751,85.6101
2022-01-15 17:09:58.511019,84.05963,84.59625,85.6101
2022-01-15 17:09:59.008170,83.9569,84.3895,85.84572
2022-01-15 17:09:59.506816,84.11161,84.54425,85.84572
2022-01-15 17:10:00.003394,84.26632,84.751,86.67041
2022-01-15 17:10:00.506344,84.05963,84.28675,86.67041
2022-01-15 17:10:01.004369,84.21434,84.751,85.96354
2022-01-15 17:10:01.509134,84.26632,84.33875,85.96354
2022-01-15 17:10:02.007392,83.90492,84.3895,86.90604
2022-01-15 17:10:02.504540,84.67848,84.95775,86.90604
2022-01-15 17:10:03.002330,83.7502,84.184,86.78822
2022-01-15 17:10:03.506788,84.52377,84.95775,86.78822
2022-01-15 17:10:04.005175,83.64747,84.132,85.02104
2022-01-15 17:10:04.509658,84.42104,84.803,85.02104
2022-01-15 17:10:05.008428,84.21434,84.184,85.92395
2022-01-15 17:10:05.501974,84.36905,84.803,85.92395
2022-01-15 17:10:06.011332,83.90492,84.23475,86.00312
2022-01-15 17:10:06.506665,84.05963,84.4935,86.00312
2022-01-15 17:10:07.005744,84.21434,84.54425,85.33489
2022-01-15 17:10:07.510813,84.05963,84.4935,85.33489
2022-01-15 17:10:08.008558,84.67848,85.1125,85.64968
2022-01-15 17:10:08.503492,83.9569,83.8745,85.64968
2022-01-15 17:10:09.001534,84.26632,84.803,85.6101
2022-01-15 17:10:09.507914,84.1636,84.4935,85.6101
2022-01-15 17:10:10.005079,84.05963,84.64825,85.57051
2022-01-15 17:10:10.510534,84.26632,84.751,85.57051
2022-01-15 17:10:11.009508,83.54475,84.23475,86.3952
2022-01-15 17:10:11.503451,84.47302,84.90575,86.3952
2022-01-15 17:10:12.010757,84.47302,84.4415,85.64968
2022-01-15 17:10:12.505950,84.31831,84.803,85.64968
2022-01-15 17:10:13.003526,83.59549,84.184,85.41406
2022-01-15 17:10:13.509770,84.21434,84.64825,85.41406
2022-01-15 17:10:14.008209,84.11161,84.4935,86.3952
2022-01-15 17:10:14.503231,84.00888,84.54425,86.3952
2022-01-15 17:10:15.001826,83.9569,84.4935,85.84572
2022-01-15 17:10:15.506112,84.26632,84.33875,85.84572
2022-01-15 17:10:16.005085,84.36905,84.59625,85.29625
2022-01-15 17:10:16.510860,84.1636,84.59625,85.29625
2022-01-15 17:10:17.009356,83.85417,84.4935,85.6101
2022-01-15 17:10:17.504100,84.1636,84.4415,85.6101
2022-01-15 17:10:18.001760,83.9569,84.3895,86.3952
2022-01-15 17:10:18.507844,84.47302,84.95775,86.3952
2022-01-15 17:10:19.005710,83.9569,84.28675,85.33489
2022-01-15 17:10:19.511116,84.21434,84.33875,85.33489
2022-01-15 17:10:20.009734,84.52377,84.751,86.19916
2022-01-15 17:10:20.505683,84.00888,84.3895,86.19916
2022-01-15 17:10:21.003490,84.31831,84.699,85.41406
2022-01-15 17:10:21.507024,84.11161,84.64825,85.41406
2022-01-15 17:10:22.004892,83.90492,84.3895,86.43479
2022-01-15 17:10:22.509727,84.26632,84.64825,86.43479
2022-01-15 17:10:23.009442,84.42104,84.699,86.04176
2022-01-15 17:10:23.505592,84.1636,84.3895,86.04176
2022-01-15 17:10:24.005120,84.21434,84.4935,85.80614
2022-01-15 17:10:24.510323,84.00888,84.33875,85.80614
2022-01-15 17:10:25.010489,84.05963,84.4415,86.19916
2022-01-15 17:10:25.506213,84.05963,84.751,86.19916
2022-01-15 17:10:26.005472,83.7502,84.4935,85.49229
2022-01-15 17:10:26.502238,84.21434,84.54425,85.49229
2022-01-15 17:10:27.010110,84.42104,84.4415,85.29625
2022-01-15 17:10:27.505244,84.26632,84.54425,85.29625
2022-01-15 17:10:28.002896,84.47302,84.90575,86.31697
2022-01-15 17:10:28.507968,83.80219,84.132,86.31697
2022-01-15 17:10:29.005224,84.11161,84.699,85.53187
2022-01-15 17:10:29.502768,83.85417,84.184,85.53187
2022-01-15 17:10:30.002068,84.31831,84.751,86.08135
2022-01-15 17:10:30.507287,84.11161,84.23475,86.08135
2022-01-15 17:10:31.004923,84.36905,84.64825,85.84572
2022-01-15 17:10:31.509536,83.85417,84.02925,85.84572
2022-01-15 17:10:32.008302,84.52377,84.64825,85.88531
2022-01-15 17:10:32.505507,84.26632,84.751,85.88531
2022-01-15 17:10:33.004972,83.64747,84.23475,86.5526
2022-01-15 17:10:33.510247,84.47302,84.90575,86.5526
2022-01-15 17:10:34.008909,84.11161,84.184,85.96354
2022-01-15 17:10:34.504645,84.31831,84.699,85.96354
2022-01-15 17:10:35.003903,84.36905,84.803,85.4527
2022-01-15 17:10:35.510683,83.7502,84.08,85.4527
2022-01-15 17:10:36.010485,84.21434,84.59625,85.4527
2022-01-15 17:10:36.505234,83.90492,84.59625,85.4527
2022-01-15 17:10:37.004615,84.26632,84.803,85.88531
2022-01-15 17:10:37.510023,84.21434,84.33875,85.88531
2022-01-15 17:10:38.008043,84.11161,84.33875,85.33489
2022-01-15 17:10:38.502694,84.21434,84.3895,85.33489
2022-01-15 17:10:39.002335,84.26632,84.751,85.72791
2022-01-15 17:10:39.509792,84.1636,84.64825,85.72791
2022-01-15 17:10:40.007697,83.9569,84.4415,86.3952
2022-01-15 17:10:40.503310,84.31831,84.64825,86.3952
2022-01-15 17:10:41.001415,83.85417,84.28675,85.53187
2022-01-15 17:10:41.506237,84.36905,84.4935,85.53187
2022-01-15 17:10:42.004888,84.36905,84.54425,86.23875
2022-01-15 17:10:42.510178,83.69946,84.02925,86.23875
2022-01-15 17:10:43.007846,84.62773,84.95775,85.6101
2022-01-15 17:10:43.501334,84.05963,84.54425,85.6101
2022-01-15 17:10:44.009972,83.85417,84.4935,85.7675
2022-01-15 17:10:44.504833,84.05963,84.4935,85.7675
2022-01-15 17:10:45.001628,84.42104,84.59625,85.7675
2022-01-15 17:10:45.506765,84.47302,84.54425,85.7675
2022-01-15 17:10:46.006066,83.90492,84.28675,86.63083
2022-01-15 17:10:46.503481,84.31831,84.803,86.63083
2022-01-15 17:10:47.001399,83.7502,84.28675,86.08135
2022-01-15 17:10:47.507316,84.42104,84.803,86.08135
2022-01-15 17:10:48.006799,83.59549,84.33875,86.19916
2022-01-15 17:10:48.501651,84.36905,84.751,86.19916
2022-01-15 17:10:49.010849,84.62773,84.699,86.04176
2022-01-15 17:10:49.505681,84.05963,84.28675,86.04176
2022-01-15 17:10:50.007271,84.26632,84.85375,86.35656
2022-01-15 17:10:50.501281,83.64747,84.184,86.35656
2022-01-15 17:10:51.009041,84.36905,84.85375,85.25666
2022-01-15 17:10:51.504109,83.80219,84.23475,85.25666
2022-01-15 17:10:52.001268,84.21434,84.699,86.00312
2022-01-15 17:10:52.506124,84.31831,84.54425,86.00312
2022-01-15 17:10:53.005280,84.31831,84.4935,85.29625
2022-01-15 17:10:53.510879,84.47302,84.803,85.29625
2022-01-15 17:10:54.007915,84.11161,84.4415,85.72791
2022-01-15 17:10:54.510880,84.31831,84.85375,85.72791
2022-01-15 17:10:55.008147,83.44078,83.97725,85.29625
2022-01-15 17:10:55.502389,84.73046,85.0085,85.29625
2022-01-15 17:10:56.001508,83.85417,84.08,86.15958
2022-01-15 17:10:56.507815,84.47302,84.59625,86.15958
2022-01-15 17:10:57.007103,84.26632,84.699,85.88531
2022-01-15 17:10:57.501276,83.9569,84.4935,85.88531
2022-01-15 17:10:58.010388,84.57575,84.85375,86.31697
2022-01-15 17:10:58.505710,83.7502,84.184,86.31697
2022-01-15 17:10:59.004404,84.31831,84.751,85.53187
2022-01-15 17:10:59.509191,84.05963,84.59625,85.53187
2022-01-15 17:11:00.007132,84.00888,84.28675,85.92395
2022-01-15 17:11:00.501725,84.11161,84.28675,85.92395
2022-01-15 17:11:01.011019,84.05963,84.4935,86.47437
2022-01-15 17:11:01.505800,84.21434,84.803,86.47437
2022-01-15 17:11:02.003697,84.11161,84.4415,86.3952
2022-01-15 17:11:02.508597,83.85417,84.28675,86.3952
2022-01-15 17:11:03.005952,84.05963,84.699,84.86364
2022-01-15 17:11:03.503062,84.47302,84.64825,84.86364
2022-01-15 17:11:04.001214,84.1636,84.4415,86.35656
2022-01-15 17:11:04.506635,84.05963,84.28675,86.35656
2022-01-15 17:11:05.005329,84.36905,84.90575,85.6101
2022-01-15 17:11:05.511186,84.00888,84.28675,85.6101
2022-01-15 17:11:06.008940,84.21434,84.54425,85.72791
2022-01-15 17:11:06.504399,83.64747,84.28675,85.72791
2022-01-15 17:11:07.504680,84.47302,84.59625,86.08135
2022-01-15 17:11:08.001798,84.05963,84.3895,86.47437
2022-01-15 17:11:08.508013,84.1636,84.751,86.47437
2022-01-15 17:11:09.005762,84.31831,84.64825,85.29625
2022-01-15 17:11:09.511223,84.57575,84.699,85.29625
2022-01-15 17:11:10.008999,83.64747,84.132,85.88531
2022-01-15 17:11:10.505714,84.1636,84.3895,85.88531
2022-01-15 17:11:11.003902,84.1636,84.3895,85.57051
2022-01-15 17:11:11.507915,84.31831,84.4935,85.57051
2022-01-15 17:11:12.004659,84.47302,85.0085,85.7675
2022-01-15 17:11:13.004235,84.83319,85.16325,85.57051
2022-01-15 17:11:13.510370,83.69946,84.132,85.57051
2022-01-15 17:11:14.009047,84.73046,85.0085,85.72791
2022-01-15 17:11:14.502184,83.69946,84.02925,85.72791
2022-01-15 17:11:15.011089,84.05963,84.3895,86.86645
2022-01-15 17:11:15.505123,84.52377,84.90575,86.86645
2022-01-15 17:11:16.002416,84.00888,84.4935,85.64968
2022-01-15 17:11:16.507788,84.11161,84.64825,85.64968
2022-01-15 17:11:17.004490,83.85417,84.184,86.67041
2022-01-15 17:11:17.502181,84.42104,84.64825,86.67041
2022-01-15 17:11:18.002339,84.11161,84.64825,85.68833
2022-01-15 17:11:18.507263,84.52377,84.64825,85.68833
2022-01-15 17:11:19.006375,83.80219,84.08,85.96354
2022-01-15 17:11:19.501467,84.05963,84.3895,85.96354
2022-01-15 17:11:20.010676,84.67848,85.16325,85.25666
2022-01-15 17:11:20.505609,83.80219,84.132,85.25666
2022-01-15 17:11:21.006981,84.31831,84.64825,85.49229
2022-01-15 17:11:21.502999,83.64747,84.28675,85.49229
2022-01-15 17:11:22.010742,84.57575,84.751,85.72791
2022-01-15 17:11:22.505242,84.47302,84.64825,85.72791
2022-01-15 17:11:23.002761,84.11161,84.59625,85.7675
2022-01-15 17:11:23.507320,84.21434,84.4935,85.7675
2022-01-15 17:11:24.005546,84.11161,84.59625,86.86645
2022-01-15 17:11:24.501746,84.05963,84.3895,86.86645
2022-01-15 17:11:25.010166,83.80219,84.4935,85.33489
2022-01-15 17:11:25.504835,84.42104,84.803,85.33489
2022-01-15 17:11:26.002518,84.1636,84.3895,86.43479
2022-01-15 17:11:26.507448,84.26632,84.59625,86.43479
2022-01-15 17:11:27.005065,84.00888,84.4935,86.59218
2022-01-15 17:11:27.502170,84.26632,84.751,86.59218
2022-01-15 17:11:28.505676,83.64747,84.3895,85.41406
2022-01-15 17:11:29.003908,84.42104,84.54425,86.08135
2022-01-15 17:11:29.508529,84.47302,84.54425,86.08135
2022-01-15 17:11:30.005765,84.36905,84.64825,86.00312
2022-01-15 17:11:30.511179,84.00888,84.4935,86.00312
2022-01-15 17:11:31.010571,83.9569,84.3895,85.80614
2022-01-15 17:11:31.507681,84.26632,84.4935,85.80614
2022-01-15 17:11:32.005099,83.80219,84.59625,85.57051
2022-01-15 17:11:32.501240,84.1636,84.4415,85.57051
2022-01-15 17:11:33.009582,83.85417,84.28675,86.04176
2022-01-15 17:11:33.504246,84.42104,84.33875,86.04176
2022-01-15 17:11:34.001884,84.26632,84.699,85.57051
2022-01-15 17:11:34.506118,84.00888,84.3895,85.57051
2022-01-15 17:11:35.005093,84.26632,84.64825,85.80614
2022-01-15 17:11:35.511067,83.80219,84.33875,85.80614
2022-01-15 17:11:36.009942,84.42104,84.699,85.13885
2022-01-15 17:11:36.505375,84.05963,84.699,85.13885
2022-01-15 17:11:37.004631,84.1636,84.23475,86.78822
2022-01-15 17:11:37.501215,84.26632,84.4935,86.78822
2022-01-15 17:11:38.002074,83.7502,84.23475,85.88531
2022-01-15 17:11:38.507661,84.88517,85.26725,85.88531
2022-01-15 17:11:39.006387,83.85417,84.28675,86.3952
2022-01-15 17:11:39.502181,84.11161,84.4935,86.3952
2022-01-15 17:11:40.002101,83.80219,84.28675,85.06062
2022-01-15 17:11:40.507884,84.62773,84.90575,85.06062
2022-01-15 17:11:41.006017,84.26632,84.699,85.80614
2022-01-15 17:11:41.503900,83.85417,84.08,85.80614
2022-01-15 17:11:42.002269,84.11161,84.54425,85.49229
2022-01-15 17:11:42.507376,84.11161,84.59625,85.49229
2022-01-15 17:11:43.005631,84.47302,84.699,85.80614
2022-01-15 17:11:43.510038,83.64747,84.3895,85.80614
2022-01-15 17:11:44.009916,84.00888,84.132,86.04176
2022-01-15 17:11:44.504252,84.47302,84.64825,86.04176
2022-01-15 17:11:45.003512,84.31831,84.54425,86.74864
2022-01-15 17:11:45.509598,84.11161,84.54425,86.74864
2022-01-15 17:11:46.007321,83.9569,84.4415,86.00312
2022-01-15 17:11:46.502105,84.26632,84.3895,86.00312
2022-01-15 17:11:47.002462,84.00888,84.751,85.96354
2022-01-15 17:11:47.508535,84.31831,84.4935,85.96354
2022-01-15 17:11:48.008093,84.1636,84.64825,85.09926
2022-01-15 17:11:48.506484,84.1636,84.4415,85.09926
2022-01-15 17:11:49.004551,84.31831,84.59625,86.12093
2022-01-15 17:11:49.510352,84.31831,84.59625,86.12093
2022-01-15 17:11:50.008310,84.05963,84.184,85.72791
2022-01-15 17:11:50.504259,83.9569,84.64825,85.72791
2022-01-15 17:11:51.002398,84.26632,84.4935,85.57051
2022-01-15 17:11:51.505948,84.05963,84.59625,85.57051
2022-01-15 17:11:52.005659,84.36905,84.64825,85.80614
2022-01-15 17:11:52.510946,84.1636,84.4935,85.80614
2022-01-15 17:11:53.009167,84.11161,84.64825,85.6101
2022-01-15 17:11:53.505368,84.31831,84.4935,85.6101
2022-01-15 17:11:54.002834,84.11161,84.64825,86.3952
2022-01-15 17:11:54.508449,84.05963,84.3895,86.3952
2022-01-15 17:11:55.006418,84.11161,84.95775,86.3952
2022-01-15 17:11:55.502813,84.05963,84.132,86.3952
2022-01-15 17:11:56.010392,84.52377,84.699,84.94281
2022-01-15 17:11:56.505418,84.11161,84.4415,84.94281
2022-01-15 17:11:57.004462,84.31831,84.751,86.15958
2022-01-15 17:11:57.509795,83.9569,84.3895,86.15958
2022-01-15 17:11:58.008847,83.9569,84.28675,86.15958
2022-01-15 17:11:58.503869,84.31831,85.16325,86.15958
2022-01-15 17:11:59.002813,84.21434,84.4415,86.23875
2022-01-15 17:11:59.508233,84.57575,84.803,86.23875
2022-01-15 17:12:00.006038,83.69946,83.97725,86.43479
2022-01-15 17:12:00.510308,84.57575,84.85375,86.43479
2022-01-15 17:12:01.007874,83.85417,84.4415,86.59218
2022-01-15 17:12:01.503436,84.31831,84.59625,86.59218
2022-01-15 17:12:02.003052,83.64747,84.4415,85.41406
2022-01-15 17:12:02.507494,84.05963,84.28675,85.41406
2022-01-15 17:12:03.004848,84.9879,85.1125,85.92395
2022-01-15 17:12:03.510452,83.9569,84.132,85.92395
2022-01-15 17:12:04.008633,84.1636,84.3895,86.00312
2022-01-15 17:12:04.508762,84.00888,84.33875,86.00312
2022-01-15 17:12:05.005271,84.36905,84.64825,85.49229
2022-01-15 17:12:05.509689,83.69946,84.54425,85.49229
2022-01-15 17:12:06.007390,83.85417,84.08,86.51301
2022-01-15 17:12:06.501971,84.36905,84.33875,86.51301
2022-01-15 17:12:07.009589,83.7502,83.8225,164.74051
2022-01-15 17:12:07.504431,85.45204,85.422,164.74051
2022-01-15 17:12:08.002858,83.13135,83.513,237.51
2022-01-15 17:12:08.509610,84.1636,84.33875,237.51
2022-01-15 17:12:09.006241,83.85417,84.33875,197.7676
2022-01-15 17:12:09.502177,84.11161,84.4935,197.7676
2022-01-15 17:12:10.007662,84.05963,84.4415,129.55416
2022-01-15 17:12:10.503890,83.80219,83.92525,129.55416
2022-01-15 17:12:11.001141,84.73046,84.699,90.44041
2022-01-15 17:12:11.507163,84.05963,84.4935,90.44041
2022-01-15 17:12:12.005250,84.1636,84.28675,93.77875
2022-01-15 17:12:12.510029,83.64747,84.23475,93.77875
2022-01-15 17:12:13.008728,84.00888,84.02925,89.2227
2022-01-15 17:12:13.504679,84.26632,85.0605,89.2227
2022-01-15 17:12:14.002719,84.47302,84.64825,86.31697
2022-01-15 17:12:14.506948,84.21434,84.33875,86.31697
2022-01-15 17:12:15.004780,84.1636,84.64825,85.88531
2022-01-15 17:12:15.511020,84.47302,84.699,85.88531
2022-01-15 17:12:16.008339,83.85417,84.4415,85.68833
2022-01-15 17:12:16.503464,84.21434,84.4935,85.68833
2022-01-15 17:12:17.010906,83.59549,84.4415,86.19916
2022-01-15 17:12:17.505607,84.26632,84.3895,86.19916
2022-01-15 17:12:18.004282,84.52377,84.64825,86.31697
2022-01-15 17:12:18.510059,84.26632,84.4935,86.31697
2022-01-15 17:12:19.008911,84.21434,84.54425,87.84854
2022-01-15 17:12:19.503038,84.21434,84.751,87.84854
2022-01-15 17:12:20.002474,84.26632,84.54425,86.08135
2022-01-15 17:12:20.508262,83.7502,84.4415,86.08135
2022-01-15 17:12:21.006318,84.00888,84.33875,84.98145
2022-01-15 17:12:21.502388,84.52377,84.85375,84.98145
2022-01-15 17:12:22.001717,84.05963,84.4415,86.98426
2022-01-15 17:12:22.509727,84.21434,84.28675,86.98426
2022-01-15 17:12:23.008999,84.1636,84.59625,85.6101
2022-01-15 17:12:23.504109,84.21434,84.33875,85.6101
2022-01-15 17:12:24.002573,84.11161,85.0605,85.57051
2022-01-15 17:12:24.507760,83.9569,84.132,85.57051
2022-01-15 17:12:25.005338,84.21434,84.54425,85.41406
2022-01-15 17:12:25.511124,83.9569,84.28675,85.41406
2022-01-15 17:12:26.009871,84.1636,84.4415,85.64968
2022-01-15 17:12:26.504478,83.85417,84.23475,85.64968
2022-01-15 17:12:27.003004,84.52377,84.64825,85.64968
2022-01-15 17:12:27.508789,83.90492,84.59625,85.64968
2022-01-15 17:12:28.006307,84.47302,84.85375,85.33489
2022-01-15 17:12:28.501431,83.64747,84.23475,85.33489
2022-01-15 17:12:29.010282,84.31831,84.59625,85.37447
2022-01-15 17:12:29.506950,84.62773,84.803,85.37447
2022-01-15 17:12:30.005029,83.69946,84.23475,85.84572
2022-01-15 17:12:30.509556,84.62773,84.64825,85.84572
2022-01-15 17:12:31.008590,83.85417,84.4415,86.00312
2022-01-15 17:12:31.502672,84.47302,84.803,86.00312
2022-01-15 17:12:32.001748,83.9569,84.54425,85.96354
2022-01-15 17:12:32.507363,84.21434,84.4415,85.96354
2022-01-15 17:12:33.006395,84.47302,84.64825,85.49229
2022-01-15 17:12:34.005133,84.57575,84.95775,86.27739
2022-01-15 17:12:34.511108,83.64747,84.132,86.27739
2022-01-15 17:12:35.008707,84.21434,84.64825,85.33489
2022-01-15 17:12:35.503909,83.85417,84.4415,85.33489
2022-01-15 17:12:36.010893,84.47302,84.64825,86.43479
2022-01-15 17:12:36.508003,84.21434,84.3895,86.43479
2022-01-15 17:12:37.005571,83.80219,84.28675,85.84572
2022-01-15 17:12:37.501630,84.00888,84.184,85.84572
2022-01-15 17:12:38.010183,84.21434,84.90575,85.6101
2022-01-15 17:12:38.505176,84.36905,84.59625,85.6101
2022-01-15 17:12:39.003615,83.44078,84.23475,85.92395
2022-01-15 17:12:39.508455,84.36905,84.64825,85.92395
2022-01-15 17:12:40.006997,84.31831,84.33875,86.43479
2022-01-15 17:12:40.510749,84.88517,85.21525,86.43479
2022-01-15 17:12:41.008137,83.64747,83.66775,86.15958
2022-01-15 17:12:41.503267,83.85417,84.54425,86.15958
2022-01-15 17:12:42.002313,84.31831,84.751,85.17843
2022-01-15 17:12:42.508206,83.9569,84.64825,85.17843
2022-01-15 17:12:43.002894,84.21434,84.3895,86.15958
2022-01-15 17:12:43.509570,84.1636,84.33875,86.15958
2022-01-15 17:12:44.006538,84.26632,84.4935,86.12093
2022-01-15 17:12:45.005325,83.9569,84.59625,86.51301
2022-01-15 17:12:45.501118,83.7502,84.08,86.51301
2022-01-15 17:12:46.008725,83.80219,84.54425,86.19916
2022-01-15 17:12:46.502751,84.36905,84.64825,86.19916
2022-01-15 17:12:47.010635,84.05963,84.64825,86.35656
2022-01-15 17:12:47.505697,84.42104,84.751,86.35656
2022-01-15 17:12:48.003618,84.00888,84.184,86.08135
2022-01-15 17:12:48.509281,84.36905,84.95775,86.08135
2022-01-15 17:12:49.010666,84.05963,84.3895,85.06062
2022-01-15 17:12:49.504767,84.26632,84.85375,85.06062
2022-01-15 17:12:50.011218,84.00888,84.28675,86.00312
2022-01-15 17:12:50.506570,83.9569,84.3895,86.00312
2022-01-15 17:12:51.004752,84.05963,84.33875,85.53187
2022-01-15 17:12:51.509706,84.83319,84.803,85.53187
2022-01-15 17:12:52.007056,84.00888,84.64825,85.25666
2022-01-15 17:12:52.501905,84.26632,84.4415,85.25666
2022-01-15 17:12:53.001230,83.90492,84.699,85.64968
2022-01-15 17:12:53.505993,84.1636,84.33875,85.64968
2022-01-15 17:12:54.005941,84.00888,84.699,85.64968
2022-01-15 17:12:54.511081,84.26632,84.64825,85.64968
2022-01-15 17:12:55.009384,84.36905,84.28675,85.53187
2022-01-15 17:12:55.504532,84.05963,84.4935,85.53187
2022-01-15 17:12:56.002216,84.42104,84.803,85.96354
2022-01-15 17:12:56.508825,83.90492,84.64825,85.96354
2022-01-15 17:12:57.006232,84.52377,84.803,85.6101
2022-01-15 17:12:57.502931,83.39003,84.02925,85.6101
2022-01-15 17:12:58.010679,84.36905,84.803,85.80614
2022-01-15 17:12:58.505726,84.52377,84.64825,85.80614
2022-01-15 17:12:59.003904,84.05963,84.59625,86.31697
2022-01-15 17:12:59.509270,84.11161,84.23475,86.31697
2022-01-15 17:13:00.007026,84.1636,84.751,85.09926
2022-01-15 17:13:00.505116,84.36905,84.4935,85.09926
2022-01-15 17:13:01.001957,83.85417,84.54425,86.00312
2022-01-15 17:13:01.507497,83.80219,84.132,86.00312
2022-01-15 17:13:02.005495,84.26632,84.4935,85.49229
2022-01-15 17:13:02.510544,84.57575,84.95775,85.49229
2022-01-15 17:13:03.008111,84.11161,84.3895,85.49229
2022-01-15 17:13:03.503975,83.85417,84.54425,85.49229
2022-01-15 17:13:04.001278,84.05963,83.97725,86.31697
2022-01-15 17:13:04.508345,84.1636,84.64825,86.31697
2022-01-15 17:13:05.007464,84.47302,84.85375,85.29625
2022-01-15 17:13:05.501404,83.33805,83.71975,85.29625
2022-01-15 17:13:06.010601,84.47302,84.85375,86.82781
2022-01-15 17:13:06.505254,84.05963,84.23475,86.82781
2022-01-15 17:13:07.003593,84.47302,85.0605,85.41406
2022-01-15 17:13:07.510160,83.90492,84.132,85.41406
2022-01-15 17:13:08.008136,84.21434,84.803,85.49229
2022-01-15 17:13:08.502478,84.11161,84.3895,85.49229
2022-01-15 17:13:09.011120,84.26632,84.803,85.41406
2022-01-15 17:13:09.504842,84.47302,84.64825,85.41406
2022-01-15 17:13:10.001276,84.1636,84.184,85.72791
2022-01-15 17:13:10.506641,84.05963,84.64825,85.72791
2022-01-15 17:13:11.005339,84.11161,84.3895,85.4527
2022-01-15 17:13:11.510603,84.36905,84.803,85.4527
2022-01-15 17:13:12.009039,84.21434,84.59625,86.00312
2022-01-15 17:13:12.504321,83.7502,84.28675,86.00312
2022-01-15 17:13:13.002278,84.26632,84.4935,85.84572
2022-01-15 17:13:13.508547,84.62773,84.59625,85.84572
2022-01-15 17:13:14.008644,84.21434,84.803,85.72791
2022-01-15 17:13:14.501195,84.1636,84.33875,85.72791
2022-01-15 17:13:15.010670,83.80219,84.3895,85.6101
2022-01-15 17:13:15.505700,84.31831,84.54425,85.6101
2022-01-15 17:13:16.004721,84.11161,84.803,86.5526
2022-01-15 17:13:16.509539,83.90492,84.23475,86.5526
2022-01-15 17:13:17.007197,84.47302,84.59625,84.86364
2022-01-15 17:13:17.502833,84.11161,84.4935,84.86364
2022-01-15 17:13:18.001868,84.05963,84.33875,86.19916
2022-01-15 17:13:18.506641,83.9569,84.4935,86.19916
2022-01-15 17:13:19.005627,84.21434,84.59625,85.4527
2022-01-15 17:13:19.503098,83.7502,84.28675,85.4527
2022-01-15 17:13:20.001062,84.26632,84.699,85.72791
2022-01-15 17:13:20.505683,84.05963,84.33875,85.72791
2022-01-15 17:13:21.003206,84.47302,85.0085,85.37447
2022-01-15 17:13:21.508519,84.57575,84.751,85.37447
2022-01-15 17:13:22.007346,83.49276,83.92525,86.74864
2022-01-15 17:13:22.501260,84.57575,84.90575,86.74864
2022-01-15 17:13:23.009853,83.69946,84.4415,85.02104
2022-01-15 17:13:23.505133,84.21434,84.4935,85.02104
2022-01-15 17:13:24.003537,83.9569,84.33875,86.47437
2022-01-15 17:13:24.510585,84.05963,84.3895,86.47437
2022-01-15 17:13:25.009049,84.73046,84.751,85.25666
2022-01-15 17:13:25.504087,84.00888,84.64825,85.25666
2022-01-15 17:13:26.001859,83.9569,84.184,86.59218
2022-01-15 17:13:26.508610,84.21434,84.59625,86.59218
2022-01-15 17:13:27.005516,84.36905,84.699,86.19916
2022-01-15 17:13:27.502216,83.64747,83.97725,86.19916
2022-01-15 17:13:28.010981,84.42104,84.95775,85.72791
2022-01-15 17:13:28.508049,84.05963,84.08,85.72791
2022-01-15 17:13:29.004857,84.21434,84.64825,85.57051
2022-01-15 17:13:29.509889,84.42104,84.64825,85.57051
2022-01-15 17:13:30.008556,83.69946,84.184,85.68833
2022-01-15 17:13:30.504054,84.21434,84.4935,85.68833
2022-01-15 17:13:31.002827,83.69946,84.23475,85.21708
2022-01-15 17:13:31.509196,84.42104,84.85375,85.21708
2022-01-15 17:13:32.008903,84.11161,84.23475,86.08135
2022-01-15 17:13:32.502176,84.47302,84.95775,86.08135
2022-01-15 17:13:33.010251,83.7502,84.08,85.57051
2022-01-15 17:13:33.505605,84.42104,84.90575,85.57051
2022-01-15 17:13:34.005768,84.26632,84.699,85.41406
2022-01-15 17:13:34.509615,83.39003,83.92525,85.41406
2022-01-15 17:13:35.007592,84.31831,84.803,86.3952
2022-01-15 17:13:35.506213,84.1636,84.3895,86.3952
2022-01-15 17:13:36.006868,84.47302,84.699,86.23875
2022-01-15 17:13:36.502427,84.00888,84.184,86.23875
2022-01-15 17:13:37.010100,83.54475,84.02925,85.4527
2022-01-15 17:13:37.504124,84.52377,84.803,85.4527
2022-01-15 17:13:38.002577,84.31831,84.751,85.84572
2022-01-15 17:13:38.507762,83.9569,84.4415,85.84572
2022-01-15 17:13:39.007797,84.21434,84.3895,85.25666
2022-01-15 17:13:39.502837,84.1636,84.59625,85.25666
2022-01-15 17:13:40.002002,84.62773,84.699,85.88531
2022-01-15 17:13:40.508906,84.00888,84.3895,85.88531
2022-01-15 17:13:41.006785,83.85417,84.28675,85.88531
2022-01-15 17:13:41.502157,84.26632,84.64825,85.88531
2022-01-15 17:13:42.010811,84.42104,84.90575,85.57051
2022-01-15 17:13:42.507809,83.7502,84.184,85.57051
2022-01-15 17:13:43.005288,84.21434,84.699,86.59218
2022-01-15 17:13:43.510011,84.26632,84.28675,86.59218
2022-01-15 17:13:44.008381,84.00888,84.4415,86.23875
2022-01-15 17:13:44.503434,84.36905,84.85375,86.23875
2022-01-15 17:13:45.003042,83.85417,84.184,84.94281
2022-01-15 17:13:45.508795,84.42104,84.85375,84.94281
2022-01-15 17:13:46.008154,83.85417,84.4415,85.84572
2022-01-15 17:13:46.501740,84.36905,84.803,85.84572
2022-01-15 17:13:47.001250,84.42104,84.3895,86.43479
2022-01-15 17:13:47.506705,83.90492,84.3895,86.43479
2022-01-15 17:13:48.005836,84.42104,84.751,85.06062
2022-01-15 17:13:48.501823,83.90492,84.23475,85.06062
2022-01-15 17:13:49.009035,84.36905,84.803,85.37447
2022-01-15 17:13:49.503273,83.64747,84.28675,85.37447
2022-01-15 17:13:50.002577,84.36905,84.85375,85.37447
2022-01-15 17:13:50.508257,84.36905,84.28675,85.37447
2022-01-15 17:13:51.006407,84.26632,84.64825,84.90322
2022-01-15 17:13:51.501796,84.26632,84.3895,84.90322
2022-01-15 17:13:52.010369,83.59549,83.92525,86.35656
2022-01-15 17:13:52.508262,84.42104,84.803,86.35656
2022-01-15 17:13:53.005521,83.28607,83.97725,84.98145
2022-01-15 17:13:53.511088,84.67848,85.21525,84.98145
2022-01-15 17:13:54.008768,84.21434,84.3895,86.31697
2022-01-15 17:13:54.503710,84.52377,84.699,86.31697
2022-01-15 17:13:55.010840,83.9569,84.23475,86.51301
2022-01-15 17:13:55.506453,84.26632,84.54425,86.51301
2022-01-15 17:13:56.005992,84.26632,84.54425,86.15958
2022-01-15 17:13:56.501233,83.54475,84.132,86.15958
2022-01-15 17:13:57.008028,84.05963,84.59625,86.00312
2022-01-15 17:13:57.502303,83.90492,84.33875,86.00312
2022-01-15 17:13:58.000978,84.78245,85.16325,85.53187
2022-01-15 17:13:58.505991,84.21434,84.4935,85.53187
2022-01-15 17:13:59.003244,83.85417,84.23475,85.4527
2022-01-15 17:13:59.508581,84.1636,84.4935,85.4527
2022-01-15 17:14:00.005750,83.9569,84.28675,85.57051
2022-01-15 17:14:00.501022,84.52377,85.1125,85.57051
2022-01-15 17:14:01.009144,83.18334,83.461,85.7675
2022-01-15 17:14:01.505260,84.26632,84.59625,85.7675
2022-01-15 17:14:02.004097,84.67848,84.803,85.41406
2022-01-15 17:14:02.510248,84.11161,84.64825,85.41406
2022-01-15 17:14:03.008089,84.05963,84.3895,86.59218
2022-01-15 17:14:03.503236,83.7502,84.132,86.59218
2022-01-15 17:14:04.001695,83.9569,84.54425,86.12093
2022-01-15 17:14:04.507606,84.31831,85.0605,86.12093
2022-01-15 17:14:05.005097,84.31831,84.59625,85.80614
2022-01-15 17:14:05.510440,84.00888,83.92525,85.80614
2022-01-15 17:14:06.008725,84.36905,84.699,85.53187
2022-01-15 17:14:06.502473,84.1636,84.54425,85.53187
2022-01-15 17:14:07.010487,84.05963,84.33875,85.6101
2022-01-15 17:14:07.504958,84.31831,84.85375,85.6101
2022-01-15 17:14:08.002784,83.33805,84.132,85.49229
2022-01-15 17:14:08.509447,84.57575,84.803,85.49229
2022-01-15 17:14:09.008555,84.62773,84.751,86.51301
2022-01-15 17:14:09.502666,84.00888,84.3895,86.51301
2022-01-15 17:14:10.010630,84.57575,84.803,85.33489
2022-01-15 17:14:10.506166,83.69946,84.08,85.33489
2022-01-15 17:14:11.003514,84.57575,85.0605,86.12093
2022-01-15 17:14:11.509105,83.59549,84.23475,86.12093
2022-01-15 17:14:12.007705,84.1636,84.699,85.68833
2022-01-15 17:14:12.502385,83.90492,83.92525,85.68833
2022-01-15 17:14:13.010969,84.52377,84.803,84.74583
2022-01-15 17:14:13.505454,84.11161,84.4935,84.74583
2022-01-15 17:14:14.003653,84.00888,84.4935,87.41687
2022-01-15 17:14:14.508303,84.36905,84.803,87.41687
2022-01-15 17:14:15.007874,83.28607,83.7705,85.37447
2022-01-15 17:14:15.501947,84.83319,85.318,85.37447
2022-01-15 17:14:16.010848,83.64747,83.97725,85.53187
2022-01-15 17:14:16.507369,84.11161,84.3895,85.53187
2022-01-15 17:14:17.006960,84.47302,84.64825,85.49229
2022-01-15 17:14:17.503876,83.85417,84.28675,85.49229
2022-01-15 17:14:18.001926,84.52377,84.95775,85.88531
2022-01-15 17:14:18.507655,83.85417,84.33875,85.88531
2022-01-15 17:14:19.005847,84.26632,84.751,85.21708
2022-01-15 17:14:19.503151,83.7502,84.132,85.21708
2022-01-15 17:14:20.002033,84.73046,85.0085,85.7675
2022-01-15 17:14:20.506550,84.1636,84.3895,85.7675
2022-01-15 17:14:21.004514,84.11161,84.64825,85.37447
2022-01-15 17:14:21.510777,83.9569,84.4935,85.37447
2022-01-15 17:14:22.007818,83.9569,84.184,85.80614
2022-01-15 17:14:22.503254,84.73046,85.16325,85.80614
2022-01-15 17:14:23.002600,83.28607,84.02925,86.23875
2022-01-15 17:14:23.507883,84.57575,84.803,86.23875
2022-01-15 17:14:24.006007,84.11161,84.23475,85.41406
2022-01-15 17:14:24.511018,84.42104,84.751,85.41406
2022-01-15 17:14:25.009583,84.21434,84.64825,85.49229
2022-01-15 17:14:25.504432,84.00888,84.33875,85.49229
2022-01-15 17:14:26.001245,83.90492,84.3895,85.53187
2022-01-15 17:14:26.508098,84.05963,84.54425,85.53187
2022-01-15 17:14:27.008876,84.31831,84.64825,85.72791
2022-01-15 17:14:27.504148,84.00888,84.184,85.72791
2022-01-15 17:14:28.002236,84.21434,84.4415,85.49229
2022-01-15 17:14:28.507623,83.69946,84.23475,85.49229
2022-01-15 17:14:29.006137,84.1636,84.28675,86.12093
2022-01-15 17:14:29.502753,84.42104,84.803,86.12093
2022-01-15 17:14:30.011242,83.39003,83.7705,231.46197
2022-01-15 17:14:30.505799,84.1636,84.3895,231.46197
2022-01-15 17:14:31.002219,84.31831,84.54425,214.92864
2022-01-15 17:14:31.507267,84.52377,84.59625,214.92864
2022-01-15 17:14:32.005086,83.85417,84.08,156.49364
2022-01-15 17:14:32.509222,83.85417,84.08,156.49364
2022-01-15 17:14:33.006590,83.90492,84.33875,103.08593
2022-01-15 17:14:33.504185,84.42104,84.699,103.08593
2022-01-15 17:14:34.011212,83.7502,84.132,94.72125
2022-01-15 17:14:34.505754,83.80219,84.3895,94.72125
2022-01-15 17:14:35.004193,84.00888,84.184,89.45833
2022-01-15 17:14:35.502834,84.62773,84.803,89.45833
2022-01-15 17:14:36.002995,84.05963,84.23475,87.3377
2022-01-15 17:14:37.005182,83.80219,84.23475,86.86645
2022-01-15 17:14:37.510538,84.62773,85.0605,86.86645
2022-01-15 17:14:38.009244,83.64747,84.23475,86.00312
2022-01-15 17:14:38.504748,84.42104,84.64825,86.00312
2022-01-15 17:14:39.002275,84.31831,84.4935,86.94562
2022-01-15 17:14:39.506956,84.11161,84.59625,86.94562
2022-01-15 17:14:40.005387,84.57575,85.0085,86.47437
2022-01-15 17:14:40.502960,83.85417,84.28675,86.47437
2022-01-15 17:14:41.011007,84.26632,84.64825,86.67041
2022-01-15 17:14:41.507524,83.90492,84.54425,86.67041
2022-01-15 17:14:42.004964,84.26632,84.59625,85.6101
2022-01-15 17:14:42.510478,84.31831,84.4935,85.6101
2022-01-15 17:14:43.008296,84.11161,84.4935,86.04176
2022-01-15 17:14:43.503197,84.26632,84.95775,86.04176
2022-01-15 17:14:44.002475,84.21434,84.59625,85.17843
2022-01-15 17:14:44.506840,84.21434,84.4935,85.17843
2022-01-15 17:14:45.005882,83.7502,84.28675,86.12093
2022-01-15 17:14:45.501078,84.36905,84.699,86.12093
2022-01-15 17:14:46.009242,84.11161,84.23475,85.72791
2022-01-15 17:14:46.503812,84.57575,84.751,85.72791
2022-01-15 17:14:47.001801,84.1636,84.59625,85.96354
2022-01-15 17:14:47.507206,83.9569,84.54425,85.96354
2022-01-15 17:14:48.005102,84.36905,84.64825,86.35656
2022-01-15 17:14:48.510583,83.69946,84.23475,86.35656
2022-01-15 17:14:49.008689,84.31831,84.751,85.72791
2022-01-15 17:14:49.502467,84.05963,84.33875,85.72791
2022-01-15 17:14:50.010480,84.26632,84.3895,85.29625
2022-01-15 17:14:50.507621,84.11161,84.699,85.29625
2022-01-15 17:14:51.007220,84.36905,84.85375,85.92395
2022-01-15 17:14:51.501828,84.05963,84.4935,85.92395
2022-01-15 17:14:52.011296,84.11161,84.4415,85.29625
2022-01-15 17:14:52.504895,84.26632,84.699,85.29625
2022-01-15 17:14:53.002331,83.85417,84.3895,86.00312
2022-01-15 17:14:53.506436,84.42104,84.59625,86.00312
2022-01-15 17:14:54.004004,84.1636,84.54425,85.72791
2022-01-15 17:14:54.506789,83.80219,84.33875,85.72791
2022-01-15 17:14:55.004323,84.47302,84.751,85.41406
2022-01-15 17:14:55.508627,83.9569,84.4415,85.41406
2022-01-15 17:14:56.006182,84.31831,84.59625,86.31697
2022-01-15 17:14:56.501751,83.90492,84.4935,86.31697
2022-01-15 17:14:57.010684,84.11161,84.23475,86.23875
2022-01-15 17:14:57.506270,84.57575,84.95775,86.23875
2022-01-15 17:14:58.004273,83.9569,84.23475,85.4527
2022-01-15 17:14:58.510433,84.1636,84.59625,85.4527
2022-01-15 17:14:59.007527,84.05963,84.3895,85.84572
2022-01-15 17:14:59.511204,84.00888,84.33875,85.84572
2022-01-15 17:15:00.008847,84.47302,85.21525,85.68833
2022-01-15 17:15:00.505080,84.1636,84.23475,85.68833
2022-01-15 17:15:01.002478,84.11161,84.33875,85.88531
2022-01-15 17:15:01.507496,83.9569,84.3895,85.88531
2022-01-15 17:15:02.002628,84.73046,85.318,86.19916
2022-01-15 17:15:02.508689,83.69946,83.97725,86.19916
2022-01-15 17:15:03.006621,84.52377,84.751,85.64968
2022-01-15 17:15:03.501367,83.64747,84.3895,85.64968
2022-01-15 17:15:04.010676,84.47302,84.699,86.63083
2022-01-15 17:15:04.505000,84.47302,84.751,86.63083
2022-01-15 17:15:05.003522,83.90492,84.23475,85.68833
2022-01-15 17:15:05.507606,84.42104,84.95775,85.68833
2022-01-15 17:15:06.005494,83.90492,84.28675,85.09926
2022-01-15 17:15:06.511067,84.31831,84.85375,85.09926
2022-01-15 17:15:07.010458,83.64747,84.184,86.08135
2022-01-15 17:15:07.505961,84.11161,84.4415,86.08135
2022-01-15 17:15:08.004319,84.1636,84.64825,85.88531
2022-01-15 17:15:08.508716,84.42104,84.699,85.88531
2022-01-15 17:15:09.005720,84.52377,84.90575,85.84572
2022-01-15 17:15:09.510943,83.64747,84.08,85.84572
2022-01-15 17:15:10.007352,84.52377,84.751,85.68833
2022-01-15 17:15:10.506010,83.64747,84.3895,85.68833
2022-01-15 17:15:11.004083,84.36905,84.803,86.19916
2022-01-15 17:15:12.005142,84.21434,84.33875,85.29625
2022-01-15 17:15:12.511000,84.31831,84.54425,85.29625
2022-01-15 17:15:13.008956,84.1636,84.3895,85.80614
2022-01-15 17:15:13.502939,84.00888,84.4415,85.80614
2022-01-15 17:15:14.011065,83.9569,84.33875,86.43479
2022-01-15 17:15:14.506071,84.26632,84.64825,86.43479
2022-01-15 17:15:15.005906,83.69946,84.33875,86.19916
2022-01-15 17:15:15.501335,84.57575,84.54425,86.19916
2022-01-15 17:15:16.009725,84.47302,84.64825,85.64968
2022-01-15 17:15:16.506101,83.80219,84.132,85.64968
2022-01-15 17:15:17.004532,84.57575,84.803,85.7675
2022-01-15 17:15:17.510967,83.90492,84.4415,85.7675
2022-01-15 17:15:18.009674,84.31831,84.64825,85.4527
2022-01-15 17:15:18.504683,83.80219,84.64825,85.4527
2022-01-15 17:15:19.003131,83.90492,84.132,85.57051
2022-01-15 17:15:19.506950,84.52377,84.699,85.57051
2022-01-15 17:15:20.005218,84.21434,84.64825,85.6101
2022-01-15 17:15:20.510972,84.62773,85.0085,85.6101
2022-01-15 17:15:21.010356,83.69946,83.97725,85.6101
2022-01-15 17:15:21.505742,84.36905,84.59625,85.6101
2022-01-15 17:15:22.005048,83.69946,84.3895,85.6101
2022-01-15 17:15:22.510268,84.31831,84.699,85.6101
2022-01-15 17:15:23.009047,84.05963,84.54425,85.96354
2022-01-15 17:15:23.503280,83.9569,84.132,85.96354
2022-01-15 17:15:24.010569,84.42104,84.803,86.47437
2022-01-15 17:15:24.507036,84.1636,84.803,86.47437
2022-01-15 17:15:25.005386,84.52377,84.54425,86.31697
2022-01-15 17:15:25.502136,83.59549,84.23475,86.31697
2022-01-15 17:15:26.010031,84.21434,84.4415,85.64968
2022-01-15 17:15:26.505843,84.36905,84.803,85.64968
2022-01-15 17:15:27.004424,84.1636,84.33875,86.59218
2022-01-15 17:15:27.509566,84.21434,84.3895,86.59218
2022-01-15 17:15:28.010481,83.90492,84.33875,85.41406
2022-01-15 17:15:28.504839,84.67848,85.21525,85.41406
2022-01-15 17:15:29.001968,83.64747,84.23475,86.08135
2022-01-15 17:15:29.506876,84.67848,84.95775,86.08135
2022-01-15 17:15:30.003546,83.69946,84.23475,85.84572
2022-01-15 17:15:30.509065,84.21434,84.54425,85.84572
2022-01-15 17:15:31.008846,84.83319,85.0085,85.68833
2022-01-15 17:15:31.505599,83.9569,84.28675,85.68833
2022-01-15 17:15:32.004460,84.21434,84.54425,86.04176
2022-01-15 17:15:32.508223,83.59549,84.132,86.04176
2022-01-15 17:15:33.005768,84.52377,84.803,85.84572
2022-01-15 17:15:33.511000,83.7502,84.54425,85.84572
2022-01-15 17:15:34.009219,84.42104,84.751,85.49229
2022-01-15 17:15:34.505030,84.11161,84.184,85.49229
2022-01-15 17:15:35.003437,84.11161,84.4935,86.5526
2022-01-15 17:15:35.509325,84.26632,84.59625,86.5526
2022-01-15 17:15:36.008864,83.7502,84.184,85.88531
2022-01-15 17:15:36.503694,84.11161,84.4935,85.88531
2022-01-15 17:15:37.002454,83.80219,84.54425,85.29625
2022-01-15 17:15:37.507378,84.67848,84.85375,85.29625
2022-01-15 17:15:38.005883,84.05963,84.132,86.47437
2022-01-15 17:15:38.501782,84.1636,84.4935,86.47437
2022-01-15 17:15:39.001256,84.05963,84.28675,86.12093
2022-01-15 17:15:39.507607,83.9569,84.4935,86.12093
2022-01-15 17:15:40.005719,84.36905,84.33875,85.33489
2022-01-15 17:15:41.004645,84.52377,84.85375,85.88531
2022-01-15 17:15:41.509852,83.85417,84.184,85.88531
2022-01-15 17:15:42.007119,84.57575,84.751,86.67041
2022-01-15 17:15:42.501263,84.1636,84.3895,86.67041
2022-01-15 17:15:43.009681,83.90492,84.4415,86.08135
2022-01-15 17:15:43.502376,84.05963,84.33875,86.08135
2022-01-15 17:15:44.010168,83.85417,84.59625,86.47437
2022-01-15 17:15:44.503921,84.26632,84.699,86.47437
2022-01-15 17:15:45.002453,84.47302,84.803,85.80614
2022-01-15 17:15:45.509772,84.1636,84.23475,85.80614
2022-01-15 17:15:46.006990,84.42104,84.59625,85.41406
2022-01-15 17:15:46.501989,84.11161,84.59625,85.41406
2022-01-15 17:15:47.010317,84.31831,84.59625,85.53187
2022-01-15 17:15:47.504979,83.59549,84.28675,85.53187
2022-01-15 17:15:48.002436,83.9569,84.28675,85.09926
2022-01-15 17:15:48.507374,84.05963,84.90575,85.09926
2022-01-15 17:15:49.006176,84.26632,84.4415,85.33489
2022-01-15 17:15:49.510347,84.52377,84.64825,85.33489
2022-01-15 17:15:50.007002,83.9569,84.3895,85.72791
2022-01-15 17:15:50.501569,84.21434,84.3895,85.72791
2022-01-15 17:15:51.009054,84.05963,84.751,86.00312
2022-01-15 17:15:51.503360,84.31831,84.85375,86.00312
