時間,回転１,回転２,回転３
2022-01-15 11:00:00.007076,40.27599,39.8215,0.0
2022-01-15 11:00:00.501386,40.32797,40.64725,0.0
2022-01-15 11:00:01.009562,40.07053,41.0595,0.0
2022-01-15 11:00:01.502795,40.58542,40.5445,0.0
2022-01-15 11:00:02.001753,40.53467,39.8215,0.0
2022-01-15 11:00:02.508387,40.22525,41.1635,0.0
2022-01-15 11:00:03.005238,39.96657,40.75,0.0
2022-01-15 11:00:04.004373,39.86384,39.71875,0.0
2022-01-15 11:00:04.508936,40.07053,41.62775,0.0
2022-01-15 11:00:05.006180,40.94682,40.95675,0.0
2022-01-15 11:00:05.510956,40.53467,39.66675,0.0
2022-01-15 11:00:06.010139,40.12128,40.5445,0.0
2022-01-15 11:00:06.505574,40.6374,42.04,0.0
2022-01-15 11:00:07.003685,40.89484,40.64725,0.0
2022-01-15 11:00:07.501136,40.58542,39.2545,0.0
2022-01-15 11:00:08.009756,40.79211,39.77075,0.0
2022-01-15 11:00:08.506214,40.01855,41.0595,0.0
2022-01-15 11:00:09.005102,40.99881,40.38975,0.0
2022-01-15 11:00:09.509759,40.53467,40.08025,0.0
2022-01-15 11:00:10.007686,40.27599,41.421,0.0
2022-01-15 11:00:10.502159,39.86384,40.69925,0.0
2022-01-15 11:00:11.010983,39.70912,39.9255,0.0
2022-01-15 11:00:11.506221,41.25625,41.31825,0.0
2022-01-15 11:00:12.006297,40.6374,40.802,0.0
2022-01-15 11:00:12.510311,40.58542,40.235,0.0
2022-01-15 11:00:13.008114,40.37996,40.64725,0.0
2022-01-15 11:00:13.504182,39.76111,40.95675,0.0
2022-01-15 11:00:14.011065,39.03829,40.183,0.0
2022-01-15 11:00:14.506672,40.79211,40.28575,0.0
2022-01-15 11:00:15.005621,41.20427,40.5445,0.0
2022-01-15 11:00:15.509576,40.79211,40.90475,0.0
2022-01-15 11:00:16.010841,40.37996,40.75,0.0
2022-01-15 11:00:16.507617,40.53467,40.183,0.0
2022-01-15 11:00:17.004703,40.17326,40.183,0.0
2022-01-15 11:00:17.508445,40.27599,41.0595,0.0
2022-01-15 11:00:18.005954,40.94682,40.5445,0.0
2022-01-15 11:00:18.510302,40.58542,39.97625,0.0
2022-01-15 11:00:19.008333,40.07053,41.00875,0.0
2022-01-15 11:00:19.502148,39.70912,40.69925,0.0
2022-01-15 11:00:20.001174,40.22525,40.183,0.0
2022-01-15 11:00:20.507199,40.48269,40.08025,0.0
2022-01-15 11:00:21.004739,40.17326,41.57575,0.0
2022-01-15 11:00:21.509007,40.48269,40.854,0.0
2022-01-15 11:00:22.006202,40.22525,39.40925,0.0
2022-01-15 11:00:22.510302,39.76111,40.183,0.0
2022-01-15 11:00:23.009133,41.04955,41.62775,0.0
2022-01-15 11:00:23.504028,41.15352,40.4925,0.0
2022-01-15 11:00:24.011184,40.17326,39.9255,0.0
2022-01-15 11:00:24.506237,40.32797,40.33775,0.0
2022-01-15 11:00:25.005452,39.91582,41.1115,0.0
2022-01-15 11:00:25.510638,41.15352,40.28575,0.0
2022-01-15 11:00:26.008498,40.4307,39.77075,0.0
2022-01-15 11:00:26.504009,39.91582,41.1635,0.0
2022-01-15 11:00:27.001184,40.32797,40.59525,0.0
2022-01-15 11:00:27.506276,40.12128,39.8735,0.0
2022-01-15 11:00:28.005740,39.6064,40.90475,0.0
2022-01-15 11:00:28.510201,40.58542,40.854,0.0
2022-01-15 11:00:29.008793,40.8441,40.59525,0.0
2022-01-15 11:00:29.505261,40.32797,40.235,0.0
2022-01-15 11:00:30.003344,41.20427,41.1115,0.0
2022-01-15 11:00:30.508191,39.76111,40.75,0.0
2022-01-15 11:00:31.006355,40.58542,39.9255,0.0
2022-01-15 11:00:31.501466,40.32797,40.28575,0.0
2022-01-15 11:00:32.011014,40.74013,41.1115,0.0
2022-01-15 11:00:32.506369,40.48269,40.59525,0.0
2022-01-15 11:00:33.005232,40.8441,39.40925,0.0
2022-01-15 11:00:33.502137,40.6374,40.64725,0.0
2022-01-15 11:00:34.010494,40.01855,41.7305,0.0
2022-01-15 11:00:34.504561,40.89484,40.75,0.0
2022-01-15 11:00:35.002346,40.58542,40.28575,0.0
2022-01-15 11:00:35.509056,40.99881,40.95675,0.0
2022-01-15 11:00:36.007884,39.96657,40.802,0.0
2022-01-15 11:00:36.505794,40.22525,40.131,0.0
2022-01-15 11:00:37.004541,39.81185,40.02825,0.0
2022-01-15 11:00:37.509697,39.96657,41.31825,0.0
2022-01-15 11:00:38.010084,40.99881,40.64725,0.0
2022-01-15 11:00:38.504759,40.94682,39.512,0.0
2022-01-15 11:00:39.002711,40.22525,40.802,0.0
2022-01-15 11:00:39.506862,40.27599,41.1115,0.0
2022-01-15 11:00:40.006145,39.6064,40.183,0.0
2022-01-15 11:00:41.005113,39.86384,40.95675,0.0
2022-01-15 11:00:41.511106,41.20427,41.0595,0.0
2022-01-15 11:00:42.009805,41.04955,40.08025,0.0
2022-01-15 11:00:42.505737,40.79211,39.564,0.0
2022-01-15 11:00:43.002702,40.37996,41.473,0.0
2022-01-15 11:00:43.506721,39.45168,40.854,0.0
2022-01-15 11:00:44.004086,40.17326,40.08025,0.0
2022-01-15 11:00:44.508519,40.12128,40.4925,0.0
2022-01-15 11:00:45.006259,39.91582,40.5445,0.0
2022-01-15 11:00:45.501561,39.91582,40.4925,0.0
2022-01-15 11:00:46.009809,39.96657,40.08025,0.0
2022-01-15 11:00:46.504591,40.74013,40.75,0.0
2022-01-15 11:00:47.003047,40.32797,40.59525,0.0
2022-01-15 11:00:47.508272,40.68938,40.38975,0.0
2022-01-15 11:00:48.005874,40.07053,41.1635,0.0
2022-01-15 11:00:48.510307,40.37996,40.802,0.0
2022-01-15 11:00:49.008336,39.81185,40.59525,0.0
2022-01-15 11:00:49.503409,40.37996,39.97625,0.0
2022-01-15 11:00:50.001448,40.79211,40.64725,0.0
2022-01-15 11:00:50.506679,40.07053,40.64725,0.0
2022-01-15 11:00:51.004996,40.89484,40.33775,0.0
2022-01-15 11:00:51.502479,40.27599,39.97625,0.0
2022-01-15 11:00:52.011051,40.32797,41.57575,0.0
2022-01-15 11:00:52.505888,40.8441,41.0595,0.0
2022-01-15 11:00:53.005270,40.17326,40.183,0.0
2022-01-15 11:00:53.509471,39.76111,39.97625,0.0
2022-01-15 11:00:54.007277,39.96657,41.00875,0.0
2022-01-15 11:00:54.502469,39.86384,40.59525,0.0
2022-01-15 11:00:55.010053,40.68938,39.616,0.0
2022-01-15 11:00:55.505753,40.68938,40.33775,0.0
2022-01-15 11:00:56.005148,39.91582,41.21425,0.0
2022-01-15 11:00:56.501143,39.86384,40.183,0.0
2022-01-15 11:00:57.008112,39.6064,40.28575,0.0
2022-01-15 11:00:57.504565,40.48269,41.6785,0.0
2022-01-15 11:00:58.009792,40.58542,41.1115,0.0
2022-01-15 11:00:58.504757,40.99881,39.71875,0.0
2022-01-15 11:00:59.003903,40.12128,39.66675,0.0
2022-01-15 11:00:59.508286,40.37996,40.90475,0.0
2022-01-15 11:01:00.006278,40.27599,40.38975,0.0
2022-01-15 11:01:00.502429,40.79211,39.46125,0.0
2022-01-15 11:01:01.011136,40.68938,40.64725,0.0
2022-01-15 11:01:01.506862,39.86384,41.1635,0.0
2022-01-15 11:01:02.004590,40.01855,40.59525,0.0
2022-01-15 11:01:02.509914,39.76111,39.9255,0.0
2022-01-15 11:01:03.008465,39.76111,40.69925,0.0
2022-01-15 11:01:03.504521,40.53467,41.21425,0.0
2022-01-15 11:01:04.002917,40.58542,40.235,0.0
2022-01-15 11:01:04.509029,40.12128,39.46125,0.0
2022-01-15 11:01:05.007228,40.17326,40.64725,0.0
2022-01-15 11:01:05.502181,39.45168,41.00875,0.0
2022-01-15 11:01:06.010831,40.94682,40.131,0.0
2022-01-15 11:01:06.505313,40.89484,40.38975,0.0
2022-01-15 11:01:07.002351,40.48269,41.1635,0.0
2022-01-15 11:01:07.507564,39.86384,40.75,0.0
2022-01-15 11:01:08.005662,40.58542,39.9255,0.0
2022-01-15 11:01:08.501679,39.96657,40.802,0.0
2022-01-15 11:01:09.009705,40.17326,40.90475,0.0
2022-01-15 11:01:09.506909,40.48269,39.564,0.0
2022-01-15 11:01:10.005556,40.17326,40.69925,0.0
2022-01-15 11:01:11.004915,39.45168,40.59525,0.0
2022-01-15 11:01:11.511045,40.58542,40.02825,0.0
2022-01-15 11:01:12.010349,40.12128,40.854,0.0
2022-01-15 11:01:12.504069,39.50243,40.95675,0.0
2022-01-15 11:01:13.001889,40.22525,39.9255,0.0
2022-01-15 11:01:13.507616,40.53467,40.131,0.0
2022-01-15 11:01:14.007404,39.96657,41.31825,0.0
2022-01-15 11:01:14.501799,40.27599,40.95675,0.0
2022-01-15 11:01:15.010229,40.94682,39.8215,0.0
2022-01-15 11:01:15.504667,40.53467,40.5445,0.0
2022-01-15 11:01:16.003478,40.48269,41.473,0.0
2022-01-15 11:01:16.508992,40.74013,40.4925,0.0
2022-01-15 11:01:17.006206,40.74013,39.71875,0.0
2022-01-15 11:01:17.511225,40.27599,41.421,0.0
2022-01-15 11:01:18.009537,40.17326,41.21425,0.0
2022-01-15 11:01:18.506376,40.32797,40.131,0.0
2022-01-15 11:01:19.004805,40.37996,39.71875,0.0
2022-01-15 11:01:19.510520,39.55441,40.33775,0.0
2022-01-15 11:01:20.009511,39.193,41.1115,0.0
2022-01-15 11:01:20.504174,41.30823,40.235,0.0
2022-01-15 11:01:21.001998,40.68938,40.183,0.0
2022-01-15 11:01:21.508687,40.58542,40.802,0.0
2022-01-15 11:01:22.005727,39.70912,40.4925,0.0
2022-01-15 11:01:22.501259,40.01855,40.235,0.0
2022-01-15 11:01:23.001284,39.55441,40.90475,0.0
2022-01-15 11:01:23.506598,40.4307,40.59525,0.0
2022-01-15 11:01:24.004541,40.48269,39.8215,0.0
2022-01-15 11:01:24.509112,40.53467,40.5445,0.0
2022-01-15 11:01:25.010599,40.68938,41.31825,0.0
2022-01-15 11:01:25.505285,40.48269,41.21425,0.0
2022-01-15 11:01:26.005708,40.27599,40.02825,0.0
2022-01-15 11:01:26.510544,40.58542,39.71875,0.0
2022-01-15 11:01:27.008964,40.32797,41.421,0.0
2022-01-15 11:01:27.505213,39.70912,40.802,0.0
2022-01-15 11:01:28.003123,40.4307,39.66675,0.0
2022-01-15 11:01:28.508686,39.34772,40.131,0.0
2022-01-15 11:01:29.008868,39.76111,41.1115,0.0
2022-01-15 11:01:29.504941,40.74013,40.38975,0.0
2022-01-15 11:01:30.001722,41.25625,40.235,0.0
2022-01-15 11:01:30.507827,40.37996,41.369,0.0
2022-01-15 11:01:31.006065,40.12128,40.802,0.0
2022-01-15 11:01:31.501445,39.91582,39.97625,0.0
2022-01-15 11:01:32.010104,39.81185,41.0595,0.0
2022-01-15 11:01:32.507499,39.65714,41.00875,0.0
2022-01-15 11:01:33.006102,40.99881,40.08025,0.0
2022-01-15 11:01:33.501959,40.68938,39.40925,0.0
2022-01-15 11:01:34.001307,40.68938,41.21425,0.0
2022-01-15 11:01:34.505518,40.17326,41.1115,0.0
2022-01-15 11:01:35.003446,39.91582,40.4925,0.0
2022-01-15 11:01:35.510874,40.68938,40.802,0.0
2022-01-15 11:01:36.011044,40.27599,40.90475,0.0
2022-01-15 11:01:36.505895,39.14226,40.28575,0.0
2022-01-15 11:01:37.006336,40.53467,40.183,0.0
2022-01-15 11:01:37.511101,40.37996,40.4405,0.0
2022-01-15 11:01:38.010017,40.4307,40.4405,0.0
2022-01-15 11:01:38.505841,39.96657,40.59525,0.03864
2022-01-15 11:01:39.005545,40.48269,40.4405,0.03864
2022-01-15 11:01:39.509773,39.81185,41.00875,0.0
2022-01-15 11:01:40.009556,40.07053,40.854,0.0
2022-01-15 11:01:40.506217,40.32797,40.235,0.0
2022-01-15 11:01:41.004018,40.48269,40.131,0.0
2022-01-15 11:01:41.510137,40.89484,41.369,0.0
2022-01-15 11:01:42.009271,40.01855,40.69925,0.0
2022-01-15 11:01:42.505159,40.8441,39.616,0.0
2022-01-15 11:01:43.003854,40.37996,39.97625,0.0
2022-01-15 11:01:43.509099,40.4307,41.6785,0.0
2022-01-15 11:01:44.008423,40.6374,40.854,0.0
2022-01-15 11:01:44.503507,40.17326,39.66675,0.0
2022-01-15 11:01:45.001139,39.70912,41.21425,0.0
2022-01-15 11:01:45.508284,39.45168,41.421,0.0
2022-01-15 11:01:46.006498,39.50243,40.235,0.0
2022-01-15 11:01:46.501204,41.35898,39.2025,0.0
2022-01-15 11:01:47.009393,40.79211,40.59525,0.0
2022-01-15 11:01:47.505715,40.37996,40.69925,0.0
2022-01-15 11:01:48.004126,40.22525,39.9255,0.0
2022-01-15 11:01:48.507384,39.86384,41.421,0.0
2022-01-15 11:01:49.005199,39.09027,41.369,0.0
2022-01-15 11:01:49.510036,39.86384,40.33775,0.0
2022-01-15 11:01:50.009886,41.30823,39.2025,0.0
2022-01-15 11:01:50.507034,40.89484,41.00875,0.0
2022-01-15 11:01:51.005360,40.27599,40.854,0.0
2022-01-15 11:01:51.510539,39.70912,40.183,0.0
2022-01-15 11:01:52.009838,40.89484,39.8215,0.0
2022-01-15 11:01:52.505131,40.68938,41.369,0.0
2022-01-15 11:01:53.003804,40.99881,41.00875,0.0
2022-01-15 11:01:53.509349,40.27599,40.02825,0.0
2022-01-15 11:01:54.008258,40.27599,40.5445,0.0
2022-01-15 11:01:54.505531,39.86384,40.95675,0.0
2022-01-15 11:01:55.007725,39.81185,40.33775,0.0
2022-01-15 11:01:55.504578,40.22525,40.02825,0.0
2022-01-15 11:01:56.003866,40.89484,41.369,0.0
2022-01-15 11:01:56.508735,40.58542,40.75,0.0
2022-01-15 11:01:57.005990,40.48269,40.08025,0.0
2022-01-15 11:01:57.510145,40.01855,40.854,0.0
2022-01-15 11:01:58.008994,39.86384,41.31825,0.0
2022-01-15 11:01:58.502130,40.17326,40.69925,0.0
2022-01-15 11:01:59.001550,40.74013,39.66675,0.0
2022-01-15 11:01:59.510285,40.53467,40.854,0.0
2022-01-15 11:02:00.007447,40.4307,41.0595,0.0
2022-01-15 11:02:00.509866,39.91582,40.235,0.0
2022-01-15 11:02:01.010309,40.32797,39.9255,0.0
2022-01-15 11:02:01.505412,39.96657,41.88525,0.0
2022-01-15 11:02:02.005808,40.07053,41.57575,0.0
2022-01-15 11:02:02.510744,39.45168,39.8735,0.0
2022-01-15 11:02:03.008681,40.37996,39.40925,0.0
2022-01-15 11:02:03.505048,40.53467,41.62775,0.0
2022-01-15 11:02:04.003242,40.37996,40.802,0.0
2022-01-15 11:02:04.509635,39.76111,39.71875,0.0
2022-01-15 11:02:05.007473,40.37996,41.31825,0.0
2022-01-15 11:02:05.501052,40.07053,41.1635,0.0
2022-01-15 11:02:06.008059,39.70912,40.33775,0.0
2022-01-15 11:02:06.503271,40.89484,39.512,0.0
2022-01-15 11:02:07.010641,40.53467,41.31825,0.0
2022-01-15 11:02:07.505786,40.17326,41.00875,0.0
2022-01-15 11:02:08.005235,40.32797,40.08025,0.0
2022-01-15 11:02:08.510530,40.74013,40.33775,0.0
2022-01-15 11:02:09.008701,40.22525,41.31825,0.0
2022-01-15 11:02:09.502223,40.53467,40.59525,0.0
2022-01-15 11:02:10.009187,40.53467,39.97625,0.0
2022-01-15 11:02:10.504510,40.53467,40.802,0.0
2022-01-15 11:02:11.001948,40.01855,40.90475,0.0
2022-01-15 11:02:11.507190,39.65714,40.131,0.0
2022-01-15 11:02:12.006307,40.27599,40.02825,0.0
2022-01-15 11:02:13.005010,40.48269,40.90475,0.0
2022-01-15 11:02:13.509109,40.53467,39.8215,0.0
2022-01-15 11:02:14.007100,40.48269,40.69925,0.0
2022-01-15 11:02:14.502083,39.76111,41.21425,0.0
2022-01-15 11:02:15.010057,40.32797,40.5445,0.0
2022-01-15 11:02:15.504019,40.4307,39.512,0.0
2022-01-15 11:02:16.001323,40.58542,41.0595,0.0
2022-01-15 11:02:16.508646,40.79211,41.1115,0.0
2022-01-15 11:02:17.007614,40.37996,40.33775,0.0
2022-01-15 11:02:17.501479,39.86384,39.564,0.0
2022-01-15 11:02:18.009759,40.79211,41.83325,0.0
2022-01-15 11:02:18.505147,40.27599,41.52375,0.0
2022-01-15 11:02:19.002231,40.01855,39.77075,0.0
2022-01-15 11:02:19.507647,40.74013,38.84225,0.0
2022-01-15 11:02:20.005625,40.37996,41.21425,0.0
2022-01-15 11:02:20.510415,40.37996,41.31825,0.0
2022-01-15 11:02:21.008275,39.50243,39.8735,0.0
2022-01-15 11:02:21.503635,40.27599,39.97625,0.0
2022-01-15 11:02:22.001143,39.96657,41.21425,0.0
2022-01-15 11:02:22.505391,39.76111,40.5445,0.0
2022-01-15 11:02:23.003145,40.89484,39.9255,0.0
2022-01-15 11:02:23.509692,40.58542,40.90475,0.0
2022-01-15 11:02:24.010385,39.96657,40.33775,0.0
2022-01-15 11:02:24.506236,40.22525,40.4405,0.0
2022-01-15 11:02:25.005995,40.6374,40.75,0.0
2022-01-15 11:02:25.502677,40.8441,40.59525,0.0
2022-01-15 11:02:26.011106,40.94682,40.235,0.0
2022-01-15 11:02:26.506979,40.01855,40.75,0.0
2022-01-15 11:02:27.004944,40.89484,40.75,0.0
2022-01-15 11:02:27.509067,39.96657,40.4925,0.0
2022-01-15 11:02:28.006723,39.6064,40.4405,0.0
2022-01-15 11:02:28.506369,40.01855,40.08025,0.0
2022-01-15 11:02:29.004774,40.79211,41.26625,0.0
2022-01-15 11:02:29.510859,40.22525,41.00875,0.0
2022-01-15 11:02:30.008918,40.4307,40.235,0.0
2022-01-15 11:02:30.505982,40.32797,40.235,0.0
2022-01-15 11:02:31.004345,39.70912,41.421,0.0
2022-01-15 11:02:31.502312,39.81185,40.854,0.0
2022-01-15 11:02:32.010759,39.50243,40.02825,0.0
2022-01-15 11:02:32.507657,40.79211,40.28575,0.0
2022-01-15 11:02:33.005776,40.94682,40.69925,0.0
2022-01-15 11:02:34.005469,40.01855,40.02825,0.0
2022-01-15 11:02:34.503533,40.01855,41.473,0.0
2022-01-15 11:02:35.505171,40.37996,39.8735,0.0
2022-01-15 11:02:36.003534,40.48269,40.75,0.0
2022-01-15 11:02:36.508194,39.76111,41.26625,0.0
2022-01-15 11:02:37.005456,40.22525,40.59525,0.0
2022-01-15 11:02:37.509059,39.24499,39.35725,0.0
2022-01-15 11:02:38.007850,40.01855,41.369,0.0
2022-01-15 11:02:38.503255,40.58542,41.1115,0.0
2022-01-15 11:02:39.002745,40.32797,40.183,0.0
2022-01-15 11:02:39.508338,40.32797,40.08025,0.0
2022-01-15 11:02:40.006522,40.32797,40.75,0.0
2022-01-15 11:02:40.501872,39.91582,40.4405,0.0
2022-01-15 11:02:41.008316,40.27599,39.66675,0.0
2022-01-15 11:02:41.504230,40.74013,40.4925,0.0
2022-01-15 11:02:42.003314,40.12128,41.00875,0.0
2022-01-15 11:02:42.509307,40.58542,40.235,0.0
2022-01-15 11:02:43.008428,40.53467,39.77075,0.0
2022-01-15 11:02:43.505194,40.53467,41.26625,0.0
2022-01-15 11:02:44.003478,40.48269,41.421,0.0
2022-01-15 11:02:44.507583,40.4307,40.08025,0.0
2022-01-15 11:02:45.007133,40.07053,39.2545,0.0
2022-01-15 11:02:45.502255,40.27599,40.59525,0.0
2022-01-15 11:02:46.011245,40.07053,40.4925,0.0
2022-01-15 11:02:46.507331,39.45168,39.9255,0.0
2022-01-15 11:02:47.005797,40.48269,40.802,0.0
2022-01-15 11:02:47.510383,40.22525,41.31825,0.0
2022-01-15 11:02:48.008568,40.48269,40.59525,0.0
2022-01-15 11:02:48.505114,39.96657,39.97625,0.0
2022-01-15 11:02:49.001840,40.74013,41.1115,0.0
2022-01-15 11:02:49.508773,40.4307,40.75,0.0
2022-01-15 11:02:50.005153,40.17326,39.8735,0.0
2022-01-15 11:02:50.510606,40.07053,39.77075,0.0
2022-01-15 11:02:51.009064,40.58542,41.421,0.0
2022-01-15 11:02:51.506094,40.74013,40.69925,0.0
2022-01-15 11:02:52.004275,40.89484,39.77075,0.0
2022-01-15 11:02:52.508710,40.48269,41.7825,0.0
2022-01-15 11:02:53.006781,40.58542,41.6785,0.0
2022-01-15 11:02:53.501517,40.07053,41.00875,0.0
2022-01-15 11:02:54.009744,39.6064,39.2545,0.0
2022-01-15 11:02:54.505021,40.22525,39.8215,0.0
2022-01-15 11:02:55.002225,40.17326,41.00875,0.0
2022-01-15 11:02:55.509926,40.37996,40.28575,0.0
2022-01-15 11:02:56.009548,40.74013,39.40925,0.0
2022-01-15 11:02:56.505179,40.58542,41.26625,0.0
2022-01-15 11:02:57.003055,40.07053,41.26625,0.0
2022-01-15 11:02:57.508038,40.22525,40.183,0.0
2022-01-15 11:02:58.006988,40.01855,40.08025,0.0
2022-01-15 11:02:58.501565,39.91582,40.75,0.0
2022-01-15 11:02:59.009741,40.53467,40.59525,0.0
2022-01-15 11:02:59.505568,40.07053,39.97625,0.0
2022-01-15 11:03:00.004380,40.8441,40.854,0.0
2022-01-15 11:03:00.508198,40.32797,40.90475,0.0
2022-01-15 11:03:01.004950,39.96657,40.33775,0.0
2022-01-15 11:03:01.510340,40.94682,40.5445,0.0
2022-01-15 11:03:02.008587,40.74013,41.31825,0.0
2022-01-15 11:03:02.503622,40.4307,41.0595,0.0
2022-01-15 11:03:03.001374,40.01855,40.02825,0.0
2022-01-15 11:03:03.509135,39.91582,40.183,0.0
2022-01-15 11:03:04.007781,39.91582,41.1635,0.0
2022-01-15 11:03:04.502513,39.29697,40.64725,0.0
2022-01-15 11:03:05.010173,39.86384,40.235,0.0
2022-01-15 11:03:05.507300,40.89484,40.95675,0.0
2022-01-15 11:03:06.005159,40.94682,40.854,0.0
2022-01-15 11:03:06.510722,40.74013,40.28575,0.0
2022-01-15 11:03:07.010127,39.91582,40.28575,0.0
2022-01-15 11:03:07.505715,40.58542,41.473,0.0
2022-01-15 11:03:08.003923,40.27599,40.69925,0.0
2022-01-15 11:03:08.507727,40.68938,39.15175,0.0
2022-01-15 11:03:09.005117,40.58542,40.95675,0.0
2022-01-15 11:03:09.509128,40.8441,41.473,0.0
2022-01-15 11:03:10.004825,40.27599,40.4925,0.0
2022-01-15 11:03:11.005604,40.4307,41.1635,0.0
2022-01-15 11:03:11.510310,39.55441,41.00875,0.0
2022-01-15 11:03:12.007923,39.6064,40.02825,0.0
2022-01-15 11:03:12.504565,41.20427,39.8735,0.0
2022-01-15 11:03:13.002721,40.89484,41.00875,0.0
2022-01-15 11:03:13.509055,40.48269,40.4925,0.0
2022-01-15 11:03:14.006304,40.22525,40.08025,0.0
2022-01-15 11:03:14.501283,39.70912,40.64725,0.0
2022-01-15 11:03:15.010977,40.48269,40.854,0.0
2022-01-15 11:03:15.505363,41.04955,40.4925,0.0
2022-01-15 11:03:16.004559,40.58542,40.33775,0.0
2022-01-15 11:03:16.509717,40.74013,40.95675,0.0
2022-01-15 11:03:17.007226,40.12128,40.64725,0.0
2022-01-15 11:03:17.504669,40.48269,40.183,0.0
2022-01-15 11:03:18.002413,40.58542,40.64725,0.0
2022-01-15 11:03:18.508704,40.68938,41.1115,0.0
2022-01-15 11:03:19.005986,40.53467,40.28575,0.0
2022-01-15 11:03:19.510561,39.86384,40.02825,0.0
2022-01-15 11:03:20.008977,40.01855,41.421,0.0
2022-01-15 11:03:20.504153,39.65714,41.00875,0.0
2022-01-15 11:03:21.001650,40.12128,40.38975,0.0
2022-01-15 11:03:21.507837,40.32797,39.3065,0.0
2022-01-15 11:03:22.007873,40.6374,41.31825,0.0
2022-01-15 11:03:22.502391,40.53467,40.5445,0.0
2022-01-15 11:03:23.010872,40.17326,40.02825,0.0
2022-01-15 11:03:23.505278,39.55441,39.564,0.0
2022-01-15 11:03:24.003278,40.53467,41.21425,0.0
2022-01-15 11:03:24.508347,40.22525,40.75,0.0
2022-01-15 11:03:25.006246,40.37996,39.97625,0.0
2022-01-15 11:03:25.501669,40.48269,40.95675,0.0
2022-01-15 11:03:26.010872,40.94682,41.0595,0.0
2022-01-15 11:03:26.506837,40.27599,40.4405,0.0
2022-01-15 11:03:27.006503,40.48269,40.33775,0.0
2022-01-15 11:03:27.502204,40.58542,40.90475,0.0
2022-01-15 11:03:28.001837,40.01855,40.235,0.0
2022-01-15 11:03:28.508472,40.22525,40.131,0.0
2022-01-15 11:03:29.006889,39.76111,40.854,0.0
2022-01-15 11:03:29.502632,40.53467,40.854,0.0
2022-01-15 11:03:30.011274,40.27599,40.38975,0.0
2022-01-15 11:03:30.507097,40.12128,40.4925,0.0
2022-01-15 11:03:31.006385,40.53467,41.1115,0.0
2022-01-15 11:03:31.502379,39.76111,40.4405,0.0
2022-01-15 11:03:32.010505,40.07053,40.08025,0.0
2022-01-15 11:03:32.504605,39.70912,39.8215,0.0
2022-01-15 11:03:33.001671,40.8441,41.1115,0.0
2022-01-15 11:03:33.506723,40.74013,40.69925,0.0
2022-01-15 11:03:34.005555,41.10154,39.97625,0.0
2022-01-15 11:03:34.510277,40.32797,40.95675,0.0
2022-01-15 11:03:35.008761,40.89484,41.21425,0.0
2022-01-15 11:03:35.503063,40.37996,40.64725,0.0
2022-01-15 11:03:36.001978,40.17326,39.40925,0.0
2022-01-15 11:03:36.506396,39.96657,40.59525,0.0
2022-01-15 11:03:37.004562,39.86384,40.64725,0.0
2022-01-15 11:03:37.510278,39.81185,40.08025,0.0
2022-01-15 11:03:38.008040,40.27599,39.97625,0.0
2022-01-15 11:03:38.503433,40.58542,41.7305,0.0
2022-01-15 11:03:39.002434,40.6374,40.64725,0.0
2022-01-15 11:03:39.501671,39.91582,39.40925,0.0
2022-01-15 11:03:40.010753,39.76111,39.9255,0.0
2022-01-15 11:03:40.508805,39.81185,42.04,0.0
2022-01-15 11:03:41.006951,39.03829,40.38975,0.0
2022-01-15 11:03:41.502154,40.89484,39.2025,0.0
2022-01-15 11:03:42.001716,41.04955,40.59525,0.0
2022-01-15 11:03:42.505579,40.53467,41.0595,0.0
2022-01-15 11:03:43.003968,40.37996,40.64725,0.0
2022-01-15 11:03:43.508717,40.12128,40.4925,0.0
2022-01-15 11:03:44.005787,40.94682,41.473,0.0
2022-01-15 11:03:44.510269,40.68938,41.00875,0.0
2022-01-15 11:03:45.007535,40.58542,39.9255,0.0
2022-01-15 11:03:45.502905,40.12128,39.46125,0.0
2022-01-15 11:03:46.000971,39.91582,40.59525,0.0
2022-01-15 11:03:46.507530,40.17326,40.38975,0.0
2022-01-15 11:03:47.004073,39.76111,39.71875,0.0
2022-01-15 11:03:47.506410,39.55441,41.21425,0.0
2022-01-15 11:03:48.004613,41.30823,41.00875,0.0
2022-01-15 11:03:48.503004,40.32797,40.4405,0.0
2022-01-15 11:03:49.010524,39.76111,40.235,0.0
2022-01-15 11:03:49.506294,40.48269,40.75,0.0
2022-01-15 11:03:50.005799,40.22525,40.59525,0.0
2022-01-15 11:03:51.004726,40.4307,40.131,0.0
2022-01-15 11:03:51.509323,40.58542,40.90475,0.0
2022-01-15 11:03:52.008338,40.53467,40.59525,0.0
2022-01-15 11:03:52.504090,40.6374,40.33775,0.0
2022-01-15 11:03:53.011036,40.32797,41.369,0.0
2022-01-15 11:03:53.506500,40.8441,40.69925,0.0
2022-01-15 11:03:54.004823,40.17326,40.02825,0.0
2022-01-15 11:03:54.509706,40.37996,39.8215,0.0
2022-01-15 11:03:55.009567,40.01855,41.31825,0.0
2022-01-15 11:03:55.504263,39.96657,40.69925,0.0
2022-01-15 11:03:56.003225,39.86384,39.35725,0.0
2022-01-15 11:03:56.508258,39.65714,41.1635,0.0
2022-01-15 11:03:57.006994,41.10154,41.369,0.0
2022-01-15 11:03:57.503194,40.4307,40.5445,0.0
2022-01-15 11:03:58.004162,40.17326,39.66675,0.0
2022-01-15 11:03:58.509580,40.4307,40.4925,0.0
2022-01-15 11:03:59.009824,40.48269,41.1635,0.0
2022-01-15 11:03:59.505077,40.53467,40.38975,0.0
2022-01-15 11:04:00.002707,40.01855,39.40925,0.0
2022-01-15 11:04:00.506953,40.6374,40.75,0.0
2022-01-15 11:04:01.006424,40.74013,40.95675,0.0
2022-01-15 11:04:01.503235,41.15352,40.02825,0.0
2022-01-15 11:04:02.001305,40.27599,41.26625,0.0
2022-01-15 11:04:02.507386,40.22525,40.854,0.0
2022-01-15 11:04:03.005543,40.37996,40.38975,0.0
2022-01-15 11:04:03.510178,39.65714,39.71875,0.0
2022-01-15 11:04:04.007569,40.58542,41.1635,0.0
2022-01-15 11:04:04.502696,40.8441,40.854,0.0
2022-01-15 11:04:05.001127,40.07053,40.183,0.0
2022-01-15 11:04:05.505788,39.65714,39.8735,0.0
2022-01-15 11:04:06.005027,39.81185,41.21425,0.0
2022-01-15 11:04:06.510988,40.12128,40.4925,0.0
2022-01-15 11:04:07.008728,40.94682,39.77075,0.0
2022-01-15 11:04:07.504696,40.17326,41.1115,0.0
2022-01-15 11:04:08.001112,40.6374,41.31825,0.0
2022-01-15 11:04:08.507147,39.70912,40.4405,0.0
2022-01-15 11:04:09.005439,40.8441,39.9255,0.0
2022-01-15 11:04:09.509120,39.96657,41.473,0.0
2022-01-15 11:04:10.006009,40.53467,40.4405,0.0
2022-01-15 11:04:10.503533,41.15352,39.616,0.0
2022-01-15 11:04:11.010910,40.6374,39.77075,0.0
2022-01-15 11:04:11.505108,40.4307,41.62775,0.0
2022-01-15 11:04:12.003891,40.48269,40.90475,0.0
2022-01-15 11:04:12.501822,39.6064,39.97625,0.0
2022-01-15 11:04:13.010078,39.45168,39.71875,0.0
2022-01-15 11:04:13.504653,40.27599,41.369,0.0
2022-01-15 11:04:14.002538,40.07053,40.5445,0.0
2022-01-15 11:04:14.507392,39.70912,39.71875,0.0
2022-01-15 11:04:15.006741,41.04955,40.75,0.0
2022-01-15 11:04:15.501312,40.68938,40.75,0.0
2022-01-15 11:04:16.009816,40.53467,39.8735,0.0
2022-01-15 11:04:16.505576,40.4307,40.64725,0.0
2022-01-15 11:04:17.002793,40.68938,41.00875,0.0
2022-01-15 11:04:17.508995,40.68938,40.28575,0.0
2022-01-15 11:04:18.006613,40.27599,40.33775,0.0
2022-01-15 11:04:18.501120,40.4307,41.0595,0.0
2022-01-15 11:04:19.009639,40.17326,40.28575,0.0
2022-01-15 11:04:19.507550,40.37996,40.131,0.0
2022-01-15 11:04:20.004647,39.91582,40.131,0.0
2022-01-15 11:04:20.510220,39.50243,41.0595,0.0
2022-01-15 11:04:21.008283,39.76111,40.33775,0.0
2022-01-15 11:04:21.503929,40.37996,40.08025,0.0
2022-01-15 11:04:22.002981,40.17326,40.802,0.0
2022-01-15 11:04:22.507564,40.4307,41.1635,0.0
2022-01-15 11:04:23.005776,40.22525,40.5445,0.0
2022-01-15 11:04:23.502120,39.50243,39.77075,0.0
2022-01-15 11:04:24.504441,41.46295,41.21425,0.0
2022-01-15 11:04:25.001189,40.74013,40.235,0.0
2022-01-15 11:04:25.506658,40.12128,40.02825,0.0
2022-01-15 11:04:26.005007,39.96657,41.26625,0.0
2022-01-15 11:04:26.509681,40.4307,41.1115,0.0
2022-01-15 11:04:27.009121,40.8441,40.28575,0.0
2022-01-15 11:04:27.503382,40.53467,40.4405,0.0
2022-01-15 11:04:28.001639,40.07053,41.421,0.0
2022-01-15 11:04:28.508427,40.22525,40.5445,0.0
2022-01-15 11:04:29.007373,38.78085,39.2545,0.0
2022-01-15 11:04:29.501674,40.32797,41.1115,0.0
2022-01-15 11:04:30.009749,41.35898,41.1635,0.0
2022-01-15 11:04:30.505879,40.8441,40.75,0.0
2022-01-15 11:04:31.005651,40.6374,40.02825,0.0
2022-01-15 11:04:31.502919,39.91582,41.83325,0.0
2022-01-15 11:04:32.505012,39.65714,39.616,0.0
2022-01-15 11:04:33.003737,41.10154,39.616,0.0
2022-01-15 11:04:33.510099,41.51369,41.31825,0.0
2022-01-15 11:04:34.010721,40.79211,40.59525,0.0
2022-01-15 11:04:34.505245,39.96657,40.235,0.0
2022-01-15 11:04:35.003890,39.81185,41.1115,0.0
2022-01-15 11:04:35.507054,40.6374,40.69925,0.0
2022-01-15 11:04:36.005422,40.53467,40.183,0.0
2022-01-15 11:04:36.509677,40.74013,40.08025,0.0
2022-01-15 11:04:37.002021,40.12128,40.64725,0.0
2022-01-15 11:04:37.507068,40.32797,40.64725,0.0
2022-01-15 11:04:38.006017,39.55441,40.183,0.0
2022-01-15 11:04:38.503863,40.01855,40.183,0.0
2022-01-15 11:04:39.001785,39.45168,41.31825,0.0
2022-01-15 11:04:39.507020,40.6374,40.854,0.0
2022-01-15 11:04:40.005639,40.32797,39.71875,0.0
2022-01-15 11:04:40.501212,39.86384,40.69925,0.0
2022-01-15 11:04:41.010949,40.4307,41.21425,0.0
2022-01-15 11:04:41.505507,40.12128,40.28575,0.0
2022-01-15 11:04:42.004315,40.53467,39.3065,0.0
2022-01-15 11:04:42.502264,39.91582,41.31825,0.0
2022-01-15 11:04:43.010894,40.99881,40.802,0.0
2022-01-15 11:04:43.505611,40.68938,40.183,0.0
2022-01-15 11:04:44.002864,40.79211,39.8215,0.0
2022-01-15 11:04:44.507412,39.86384,40.90475,0.0
2022-01-15 11:04:45.006603,41.15352,40.4925,0.0
2022-01-15 11:04:45.510855,39.91582,39.564,0.0
2022-01-15 11:04:46.009129,39.45168,41.369,0.0
2022-01-15 11:04:46.504660,39.65714,40.69925,0.0
2022-01-15 11:04:47.003173,39.65714,40.183,0.0
2022-01-15 11:04:47.508186,40.94682,40.183,0.0
2022-01-15 11:04:48.006310,40.12128,41.7305,0.0
2022-01-15 11:04:48.503387,40.58542,40.95675,0.0
2022-01-15 11:04:49.009915,40.01855,39.564,0.0
2022-01-15 11:04:49.504521,40.17326,40.235,0.0
2022-01-15 11:04:50.002886,40.12128,41.26625,0.0
2022-01-15 11:04:50.507845,40.48269,40.4405,0.0
2022-01-15 11:04:51.005327,40.4307,39.616,0.0
2022-01-15 11:04:51.502033,40.01855,41.1115,0.0
2022-01-15 11:04:52.002155,40.37996,41.1115,0.0
2022-01-15 11:04:52.507011,40.8441,40.38975,0.0
2022-01-15 11:04:53.004597,40.48269,39.71875,0.0
2022-01-15 11:04:53.511124,40.4307,40.33775,0.0
2022-01-15 11:04:54.009475,40.4307,40.5445,0.0
2022-01-15 11:04:54.504283,40.27599,39.71875,0.0
2022-01-15 11:04:55.002899,39.86384,40.5445,0.0
2022-01-15 11:04:55.508341,39.29697,40.802,0.0
2022-01-15 11:04:56.007153,39.70912,40.02825,0.0
2022-01-15 11:04:56.502295,40.48269,40.5445,0.0
2022-01-15 11:04:57.011157,40.6374,41.21425,0.0
2022-01-15 11:04:57.505720,40.4307,40.802,0.0
2022-01-15 11:04:58.005131,40.07053,39.97625,0.0
2022-01-15 11:04:58.510421,39.96657,40.235,0.0
2022-01-15 11:04:59.008400,39.65714,41.369,0.0
2022-01-15 11:04:59.503079,40.99881,40.802,0.0
2022-01-15 11:05:00.002017,40.58542,39.9255,0.0
2022-01-15 11:05:00.506468,40.68938,40.33775,0.0
2022-01-15 11:05:01.003683,39.91582,41.62775,0.0
2022-01-15 11:05:01.508741,40.79211,40.4925,0.0
2022-01-15 11:05:02.007074,40.37996,39.9255,0.0
2022-01-15 11:05:02.502486,40.27599,40.75,0.0
2022-01-15 11:05:03.001396,40.07053,40.75,0.0
2022-01-15 11:05:03.505751,40.37996,40.02825,0.0
2022-01-15 11:05:04.004655,39.96657,40.08025,0.0
2022-01-15 11:05:04.510939,40.27599,41.421,0.0
2022-01-15 11:05:05.008572,40.4307,40.854,0.0
2022-01-15 11:05:05.502903,40.07053,40.08025,0.0
2022-01-15 11:05:06.002032,40.07053,41.6785,0.0
2022-01-15 11:05:06.507901,40.53467,41.62775,0.0
2022-01-15 11:05:07.006423,40.48269,40.131,0.0
2022-01-15 11:05:07.510547,40.58542,39.2025,0.0
2022-01-15 11:05:08.008674,39.96657,41.31825,0.0
2022-01-15 11:05:08.504322,40.8441,41.21425,0.0
2022-01-15 11:05:09.002690,40.79211,40.08025,0.0
2022-01-15 11:05:09.508134,40.27599,39.9255,0.0
2022-01-15 11:05:10.006441,40.53467,40.95675,0.0
2022-01-15 11:05:10.510256,40.4307,40.95675,0.0
2022-01-15 11:05:11.009347,40.37996,40.131,0.0
2022-01-15 11:05:11.503697,39.96657,40.4405,0.0
2022-01-15 11:05:12.002108,39.29697,41.00875,0.0
2022-01-15 11:05:12.507392,39.65714,40.235,0.0
2022-01-15 11:05:13.005377,40.89484,40.28575,0.0
2022-01-15 11:05:13.501348,40.58542,40.854,0.0
2022-01-15 11:05:14.010242,40.53467,40.802,0.0
2022-01-15 11:05:14.505644,40.17326,40.02825,0.0
2022-01-15 11:05:15.004816,39.76111,40.38975,0.0
2022-01-15 11:05:15.510988,40.27599,41.6785,0.0
2022-01-15 11:05:16.009996,41.10154,40.802,0.0
2022-01-15 11:05:16.506217,40.58542,39.512,0.0
2022-01-15 11:05:17.004750,40.37996,39.9255,0.0
2022-01-15 11:05:17.508599,39.91582,41.7305,0.0
2022-01-15 11:05:18.007650,41.04955,40.90475,0.0
2022-01-15 11:05:18.502142,40.89484,39.97625,0.0
2022-01-15 11:05:19.011170,40.48269,40.854,0.0
2022-01-15 11:05:19.504694,39.96657,40.95675,0.0
2022-01-15 11:05:20.003649,40.4307,40.131,0.0
2022-01-15 11:05:20.508987,39.96657,40.28575,0.0
2022-01-15 11:05:21.005683,40.07053,40.90475,0.0
2022-01-15 11:05:21.501270,40.32797,40.33775,0.0
2022-01-15 11:05:22.011054,40.27599,40.08025,0.0
2022-01-15 11:05:22.508540,40.4307,41.0595,0.0
2022-01-15 11:05:23.010348,40.12128,40.5445,0.0
2022-01-15 11:05:23.504388,40.53467,40.235,0.0
2022-01-15 11:05:24.001563,40.01855,40.69925,0.0
2022-01-15 11:05:24.508049,39.86384,40.95675,0.0
2022-01-15 11:05:25.007354,40.94682,40.59525,0.0
2022-01-15 11:05:25.501203,40.53467,40.38975,0.0
2022-01-15 11:05:26.008997,40.37996,40.802,0.0
2022-01-15 11:05:26.504946,39.86384,40.64725,0.0
2022-01-15 11:05:27.004763,40.74013,40.4405,0.0
2022-01-15 11:05:27.509608,40.17326,40.02825,0.0
2022-01-15 11:05:28.006959,40.22525,40.75,0.0
2022-01-15 11:05:28.508248,39.76111,40.69925,0.0
2022-01-15 11:05:29.007921,40.37996,40.4405,0.0
2022-01-15 11:05:29.503791,40.07053,40.5445,0.0
2022-01-15 11:05:30.001046,40.01855,41.21425,0.0
2022-01-15 11:05:30.506007,40.74013,40.33775,0.0
2022-01-15 11:05:31.004542,40.68938,39.8215,0.0
2022-01-15 11:05:31.502354,39.96657,40.854,0.0
2022-01-15 11:05:32.001497,39.96657,41.00875,0.0
2022-01-15 11:05:32.506809,40.27599,40.4405,0.0
2022-01-15 11:05:33.005000,40.53467,39.66675,0.0
2022-01-15 11:05:33.511242,40.8441,41.369,0.0
2022-01-15 11:05:34.010126,40.17326,41.0595,0.0
2022-01-15 11:05:34.507874,41.30823,40.38975,0.0
2022-01-15 11:05:35.006305,40.79211,40.33775,0.0
2022-01-15 11:05:35.502991,40.37996,41.31825,0.0
2022-01-15 11:05:36.001292,40.27599,41.1635,0.0
2022-01-15 11:05:36.506923,40.79211,39.66675,0.0
2022-01-15 11:05:37.004176,40.22525,39.71875,0.0
2022-01-15 11:05:37.509312,39.86384,41.00875,0.0
2022-01-15 11:05:38.006912,39.65714,40.59525,0.0
2022-01-15 11:05:38.501890,39.45168,40.08025,0.0
2022-01-15 11:05:39.011111,41.04955,41.26625,0.0
2022-01-15 11:05:39.505289,40.4307,41.1635,0.0
2022-01-15 11:05:40.004505,41.10154,40.08025,0.0
2022-01-15 11:05:40.510097,40.74013,38.945,0.0
2022-01-15 11:05:41.007364,39.86384,40.90475,0.0
2022-01-15 11:05:41.502084,39.50243,41.21425,0.0
2022-01-15 11:05:42.000973,40.53467,40.183,0.0
2022-01-15 11:05:42.506672,40.22525,39.77075,0.0
2022-01-15 11:05:43.004823,41.15352,41.1115,0.0
2022-01-15 11:05:43.509913,40.94682,41.00875,0.0
2022-01-15 11:05:44.008727,40.8441,39.8735,0.0
2022-01-15 11:05:44.504519,39.91582,40.802,0.0
2022-01-15 11:05:45.002298,39.6064,40.854,0.0
2022-01-15 11:05:45.509285,40.48269,40.131,0.0
2022-01-15 11:05:46.007158,39.76111,39.71875,0.0
2022-01-15 11:05:46.501537,40.53467,41.00875,0.0
2022-01-15 11:05:47.009998,39.86384,41.00875,0.0
2022-01-15 11:05:47.506325,40.8441,40.08025,0.0
2022-01-15 11:05:48.005476,40.8441,40.854,0.0
2022-01-15 11:05:48.510862,39.96657,41.52375,0.0
2022-01-15 11:05:49.010079,40.37996,40.64725,0.0
2022-01-15 11:05:49.504531,39.91582,39.8215,0.0
2022-01-15 11:05:50.001729,40.37996,40.183,0.0
2022-01-15 11:05:50.507522,40.17326,41.0595,0.0
2022-01-15 11:05:51.005808,41.20427,40.235,0.0
2022-01-15 11:05:51.511065,40.58542,39.46125,0.0
2022-01-15 11:05:52.008110,40.74013,41.88525,0.0
2022-01-15 11:05:52.502834,39.86384,41.473,0.0
2022-01-15 11:05:53.010390,41.20427,40.28575,0.0
2022-01-15 11:05:53.507843,40.74013,39.77075,0.0
2022-01-15 11:05:54.006184,39.91582,41.421,0.0
2022-01-15 11:05:54.510715,40.17326,40.69925,0.0
2022-01-15 11:05:55.008351,39.34772,39.8215,0.0
2022-01-15 11:05:55.502118,40.27599,40.08025,0.0
2022-01-15 11:05:56.010757,40.89484,40.802,0.0
2022-01-15 11:05:56.505763,40.6374,40.59525,0.0
2022-01-15 11:05:57.003835,40.58542,40.75,0.0
2022-01-15 11:05:57.508988,40.01855,40.75,0.0
2022-01-15 11:05:58.007620,39.81185,40.4405,0.0
2022-01-15 11:05:58.502270,40.37996,40.38975,0.0
2022-01-15 11:05:59.010584,40.8441,40.75,0.0
2022-01-15 11:05:59.505394,40.37996,40.183,0.0
2022-01-15 11:06:00.004177,40.68938,40.131,0.0
2022-01-15 11:06:00.510718,40.01855,40.64725,0.0
2022-01-15 11:06:01.009147,40.01855,40.802,0.0
2022-01-15 11:06:01.505098,40.17326,40.64725,0.0
2022-01-15 11:06:02.003519,41.10154,40.59525,0.0
2022-01-15 11:06:02.508966,40.58542,40.08025,0.0
2022-01-15 11:06:03.006785,40.07053,41.0595,0.0
2022-01-15 11:06:03.502476,39.55441,40.90475,0.0
2022-01-15 11:06:04.001636,40.37996,39.9255,0.0
2022-01-15 11:06:04.507590,40.22525,40.4405,0.0
2022-01-15 11:06:05.005203,39.96657,41.369,0.0
2022-01-15 11:06:05.511065,40.68938,40.33775,0.0
2022-01-15 11:06:06.010777,40.01855,40.4405,0.0
2022-01-15 11:06:06.505108,40.22525,40.90475,0.0
2022-01-15 11:06:07.004237,39.81185,40.802,0.0
2022-01-15 11:06:07.510220,41.15352,39.8215,0.0
2022-01-15 11:06:08.010720,40.4307,40.131,0.0
2022-01-15 11:06:08.506055,40.4307,41.26625,0.0
2022-01-15 11:06:09.004430,39.76111,40.59525,0.0
2022-01-15 11:06:09.508728,40.79211,39.512,0.0
2022-01-15 11:06:10.006750,40.53467,40.802,0.0
2022-01-15 11:06:10.502320,40.58542,41.31825,0.0
2022-01-15 11:06:11.010336,40.32797,40.4925,0.0
2022-01-15 11:06:11.506473,40.4307,40.33775,0.0
2022-01-15 11:06:12.005256,39.91582,41.369,0.0
2022-01-15 11:06:12.508198,39.6064,40.4405,0.0
2022-01-15 11:06:13.007001,40.79211,39.97625,0.0
2022-01-15 11:06:13.502578,40.17326,40.802,0.0
2022-01-15 11:06:14.001444,40.48269,40.854,0.0
2022-01-15 11:06:14.508539,39.86384,40.33775,0.0
2022-01-15 11:06:15.006962,40.74013,40.4405,0.0
2022-01-15 11:06:15.502384,40.37996,41.00875,0.0
2022-01-15 11:06:16.001318,40.94682,41.00875,0.0
2022-01-15 11:06:16.507379,40.58542,40.235,0.0
2022-01-15 11:06:17.005774,40.48269,40.235,0.0
2022-01-15 11:06:17.510597,40.32797,41.26625,0.0
2022-01-15 11:06:18.009295,39.96657,40.28575,0.0
2022-01-15 11:06:18.505523,41.15352,40.02825,0.0
2022-01-15 11:06:19.004759,40.6374,40.4405,0.0
2022-01-15 11:06:19.509384,40.32797,41.26625,0.0
2022-01-15 11:06:20.010470,40.01855,40.95675,0.0
2022-01-15 11:06:20.504905,40.07053,39.9255,0.0
2022-01-15 11:06:21.002805,39.55441,40.4405,0.0
2022-01-15 11:06:21.507844,40.07053,40.90475,0.0
2022-01-15 11:06:22.004928,40.74013,40.4405,0.0
2022-01-15 11:06:22.509437,40.53467,40.4925,0.0
2022-01-15 11:06:23.008605,40.32797,41.52375,0.0
2022-01-15 11:06:23.506965,39.96657,40.235,0.0
2022-01-15 11:06:24.005858,39.81185,39.8735,0.0
2022-01-15 11:06:24.510834,39.55441,40.90475,0.0
2022-01-15 11:06:25.009857,41.20427,39.8735,0.0
2022-01-15 11:06:26.510590,40.74013,41.1115,0.0
2022-01-15 11:06:27.010063,40.27599,41.57575,0.0
2022-01-15 11:06:27.506703,40.01855,40.08025,0.0
2022-01-15 11:06:28.005037,40.37996,38.997,0.0
2022-01-15 11:06:28.501969,40.58542,40.69925,0.0
2022-01-15 11:06:29.001738,40.32797,41.1635,0.0
2022-01-15 11:06:29.508524,40.53467,40.38975,0.0
2022-01-15 11:06:30.006989,39.86384,40.4405,0.0
2022-01-15 11:06:30.502143,40.12128,41.26625,0.0
2022-01-15 11:06:31.001200,39.45168,40.802,0.0
2022-01-15 11:06:31.506706,39.6064,39.71875,0.0
2022-01-15 11:06:32.004180,40.27599,39.97625,0.0
2022-01-15 11:06:32.509647,40.17326,40.854,0.0
2022-01-15 11:06:33.009790,40.32797,40.64725,0.0
2022-01-15 11:06:33.505698,40.53467,40.28575,0.0
2022-01-15 11:06:34.004377,40.22525,41.1635,0.0
2022-01-15 11:06:34.509186,40.37996,40.75,0.0
2022-01-15 11:06:35.008798,41.04955,40.33775,0.0
2022-01-15 11:06:35.502701,40.37996,40.4925,0.0
2022-01-15 11:06:36.001051,40.12128,41.1115,0.0
2022-01-15 11:06:36.506904,40.01855,40.59525,0.0
2022-01-15 11:06:37.004042,40.6374,39.512,0.0
2022-01-15 11:06:37.502314,40.01855,40.38975,0.0
2022-01-15 11:06:38.002343,39.91582,41.369,0.0
2022-01-15 11:06:38.507502,40.07053,40.75,0.0
2022-01-15 11:06:39.006501,40.89484,40.183,0.0
2022-01-15 11:06:39.501347,40.6374,41.473,0.0
2022-01-15 11:06:40.001297,40.32797,40.802,0.0
2022-01-15 11:06:40.506371,39.96657,40.08025,0.0
2022-01-15 11:06:41.004988,39.86384,40.08025,0.0
2022-01-15 11:06:41.509905,39.55441,41.52375,0.0
2022-01-15 11:06:42.010127,39.86384,40.59525,0.0
2022-01-15 11:06:42.505735,41.25625,39.616,0.0
2022-01-15 11:06:43.003582,40.4307,41.1115,0.0
2022-01-15 11:06:43.509090,40.58542,41.6785,0.0
2022-01-15 11:06:44.008108,39.96657,40.802,0.0
2022-01-15 11:06:44.502889,40.89484,40.08025,0.0
2022-01-15 11:06:45.001754,40.94682,40.4405,0.0
2022-01-15 11:06:45.506615,40.27599,40.5445,0.0
2022-01-15 11:06:46.004454,40.22525,40.235,0.0
2022-01-15 11:06:46.501121,39.6064,39.8215,0.0
2022-01-15 11:06:47.009721,39.34772,41.1635,0.0
2022-01-15 11:06:47.504784,39.50243,40.90475,0.0
2022-01-15 11:06:48.002620,40.79211,40.64725,0.0
2022-01-15 11:06:48.507557,40.6374,40.75,0.0
2022-01-15 11:06:49.006642,40.53467,40.59525,0.0
2022-01-15 11:06:49.502277,40.27599,40.4925,0.0
2022-01-15 11:06:50.010176,40.07053,40.183,0.0
2022-01-15 11:06:50.504752,39.65714,40.90475,0.0
2022-01-15 11:06:51.004523,40.74013,40.69925,0.0
2022-01-15 11:06:51.508934,40.6374,40.131,0.0
2022-01-15 11:06:52.006735,40.32797,41.1635,0.0
2022-01-15 11:06:52.504914,40.4307,41.31825,0.0
2022-01-15 11:06:53.003040,39.96657,40.5445,0.0
2022-01-15 11:06:53.508368,41.10154,40.131,0.0
2022-01-15 11:06:54.005681,40.22525,40.4405,0.0
2022-01-15 11:06:54.502911,40.79211,40.854,0.0
2022-01-15 11:06:55.001698,40.07053,40.33775,0.0
2022-01-15 11:06:55.508752,40.17326,40.28575,0.0
2022-01-15 11:06:56.004780,40.12128,41.88525,0.0
2022-01-15 11:06:56.509049,39.81185,40.802,0.0
2022-01-15 11:06:57.006832,39.45168,39.71875,0.0
2022-01-15 11:06:57.502939,40.37996,41.21425,0.0
2022-01-15 11:06:58.001687,40.32797,41.1635,0.0
2022-01-15 11:06:58.506829,39.91582,40.64725,0.0
2022-01-15 11:06:59.004635,41.15352,40.183,0.0
2022-01-15 11:07:00.005049,39.86384,40.59525,0.0
2022-01-15 11:07:00.507686,40.53467,40.28575,0.0
2022-01-15 11:07:01.006375,40.6374,40.75,0.0
2022-01-15 11:07:01.501964,40.48269,41.1635,0.0
2022-01-15 11:07:02.011192,40.6374,40.33775,0.0
2022-01-15 11:07:02.506781,40.48269,39.8735,0.0
2022-01-15 11:07:03.003614,39.96657,41.1115,0.0
2022-01-15 11:07:03.501384,39.81185,40.59525,0.0
2022-01-15 11:07:04.009207,39.96657,40.131,0.0
2022-01-15 11:07:04.503825,40.07053,40.33775,0.0
2022-01-15 11:07:05.001813,39.91582,40.69925,0.0
2022-01-15 11:07:05.507295,40.53467,40.69925,0.0
2022-01-15 11:07:06.006459,40.6374,40.08025,0.0
2022-01-15 11:07:06.501156,40.68938,40.69925,0.0
2022-01-15 11:07:07.009054,40.58542,41.0595,0.0
2022-01-15 11:07:07.504607,39.86384,40.4405,0.0
2022-01-15 11:07:08.004148,40.12128,40.08025,0.0
2022-01-15 11:07:08.508837,40.37996,40.802,0.0
2022-01-15 11:07:09.007256,40.68938,41.0595,0.0
2022-01-15 11:07:09.501724,40.58542,40.183,0.0
2022-01-15 11:07:10.010544,40.27599,39.97625,0.0
2022-01-15 11:07:10.506063,40.17326,41.31825,0.0
2022-01-15 11:07:11.004027,40.89484,40.802,0.0
2022-01-15 11:07:11.510060,40.22525,39.97625,0.0
2022-01-15 11:07:12.009297,40.17326,39.8215,0.0
2022-01-15 11:07:12.505582,40.01855,41.31825,0.0
2022-01-15 11:07:13.004257,40.01855,40.4405,0.0
2022-01-15 11:07:13.508572,39.70912,39.616,0.0
2022-01-15 11:07:14.005967,40.53467,40.95675,0.0
2022-01-15 11:07:14.511019,40.22525,41.421,0.0
2022-01-15 11:07:15.008899,40.37996,41.0595,0.0
2022-01-15 11:07:15.503590,39.81185,40.02825,0.0
2022-01-15 11:07:16.001384,40.27599,41.00875,0.0
2022-01-15 11:07:16.505075,40.17326,40.854,0.0
2022-01-15 11:07:17.003468,40.48269,39.9255,0.0
2022-01-15 11:07:17.508231,41.25625,40.64725,0.0
2022-01-15 11:07:18.005997,40.68938,41.21425,0.0
2022-01-15 11:07:18.509896,40.53467,40.5445,0.0
2022-01-15 11:07:19.008408,40.07053,40.4405,0.0
2022-01-15 11:07:19.503618,39.86384,40.95675,0.0
2022-01-15 11:07:20.002587,40.27599,41.00875,0.0
2022-01-15 11:07:20.508175,40.07053,40.08025,0.0
2022-01-15 11:07:21.005333,40.07053,40.02825,0.0
2022-01-15 11:07:21.502572,40.17326,41.21425,0.0
2022-01-15 11:07:22.010943,40.58542,40.64725,0.0
2022-01-15 11:07:22.507330,40.17326,40.08025,0.0
2022-01-15 11:07:23.005538,40.99881,40.38975,0.0
2022-01-15 11:07:23.501774,40.07053,40.95675,0.0
2022-01-15 11:07:24.010592,39.65714,40.90475,0.0
2022-01-15 11:07:24.505662,40.68938,40.131,0.0
2022-01-15 11:07:25.004446,41.15352,40.59525,0.0
2022-01-15 11:07:25.502319,40.53467,40.90475,0.0
2022-01-15 11:07:26.010538,40.4307,40.183,0.0
2022-01-15 11:07:26.504674,40.37996,40.131,0.0
2022-01-15 11:07:27.003726,40.79211,41.31825,0.0
2022-01-15 11:07:27.508608,40.37996,40.69925,0.0
2022-01-15 11:07:28.006634,40.01855,39.9255,0.0
2022-01-15 11:07:28.510987,40.6374,40.4405,0.0
2022-01-15 11:07:29.009426,40.32797,41.7305,0.0
2022-01-15 11:07:29.503428,39.50243,40.802,0.0
2022-01-15 11:07:30.001505,39.24499,39.2545,0.0
2022-01-15 11:07:30.507742,40.68938,41.52375,0.0
2022-01-15 11:07:31.005218,41.04955,41.88525,0.0
2022-01-15 11:07:31.509887,40.22525,40.33775,0.0
2022-01-15 11:07:32.008131,40.4307,39.2025,0.0
2022-01-15 11:07:32.504649,39.96657,41.0595,0.0
2022-01-15 11:07:33.003389,39.193,41.26625,0.0
2022-01-15 11:07:33.508111,40.58542,40.235,0.0
2022-01-15 11:07:34.005112,41.46295,39.97625,0.0
2022-01-15 11:07:34.501763,40.53467,41.1115,0.0
2022-01-15 11:07:35.010296,40.37996,40.4925,0.0
2022-01-15 11:07:35.505843,39.91582,39.66675,0.0
2022-01-15 11:07:36.004562,40.27599,40.4925,0.0
2022-01-15 11:07:36.509097,40.74013,40.4925,0.0
2022-01-15 11:07:37.006587,40.6374,40.235,0.0
2022-01-15 11:07:37.503175,40.27599,40.4405,0.0
2022-01-15 11:07:38.001390,40.37996,41.473,0.0
2022-01-15 11:07:38.505966,39.6064,40.59525,0.0
2022-01-15 11:07:39.004552,39.193,40.4925,0.0
2022-01-15 11:07:39.509414,40.79211,40.802,0.0
2022-01-15 11:07:40.007168,40.32797,40.802,0.0
2022-01-15 11:07:40.501192,40.94682,40.33775,0.0
2022-01-15 11:07:41.008320,39.86384,39.9255,0.0
2022-01-15 11:07:41.503327,40.4307,41.0595,0.0
2022-01-15 11:07:42.001306,39.81185,41.00875,0.0
2022-01-15 11:07:42.506243,40.01855,40.183,0.0
2022-01-15 11:07:43.004253,40.79211,40.64725,0.0
2022-01-15 11:07:43.511111,40.6374,41.7305,0.0
2022-01-15 11:07:44.008229,40.17326,41.31825,0.0
2022-01-15 11:07:44.503092,40.17326,39.616,0.0
2022-01-15 11:07:45.001163,40.99881,39.40925,0.0
2022-01-15 11:07:45.506627,40.01855,41.26625,0.0
2022-01-15 11:07:46.003980,40.37996,40.5445,0.0
2022-01-15 11:07:46.509481,39.6064,39.616,0.0
2022-01-15 11:07:47.008088,40.22525,41.421,0.0
2022-01-15 11:07:47.505738,39.96657,41.0595,0.0
2022-01-15 11:07:48.005306,40.94682,40.59525,0.0
2022-01-15 11:07:48.509671,40.68938,39.8215,0.0
2022-01-15 11:07:49.006716,40.32797,40.38975,0.0
2022-01-15 11:07:49.501242,39.81185,40.69925,0.0
2022-01-15 11:07:50.008775,39.55441,40.69925,0.0
2022-01-15 11:07:50.503293,40.74013,40.33775,0.0
2022-01-15 11:07:51.001022,40.58542,40.59525,0.0
2022-01-15 11:07:51.506339,40.68938,40.4925,0.0
2022-01-15 11:07:52.003466,40.17326,40.95675,0.0
2022-01-15 11:07:52.510206,41.10154,40.75,0.0
2022-01-15 11:07:53.008504,40.6374,40.4925,0.0
2022-01-15 11:07:53.503648,40.74013,39.8735,0.0
2022-01-15 11:07:54.010855,40.6374,40.59525,0.0
2022-01-15 11:07:54.506644,40.22525,40.802,0.0
2022-01-15 11:07:55.006167,39.45168,40.28575,0.0
2022-01-15 11:07:55.501083,39.55441,40.33775,0.0
2022-01-15 11:07:56.009084,39.86384,40.95675,0.0
2022-01-15 11:07:56.504687,39.91582,41.0595,0.0
2022-01-15 11:07:57.003883,40.99881,40.4405,0.0
2022-01-15 11:07:57.508716,40.89484,39.97625,0.0
2022-01-15 11:07:58.007099,40.8441,40.69925,0.0
2022-01-15 11:07:58.501917,40.48269,40.802,0.0
2022-01-15 11:07:59.001822,39.34772,39.9255,0.0
2022-01-15 11:07:59.506729,40.07053,39.9255,0.0
2022-01-15 11:08:00.005599,40.74013,41.26625,0.0
2022-01-15 11:08:00.501220,40.94682,40.802,0.0
2022-01-15 11:08:01.010965,40.68938,39.8735,0.0
2022-01-15 11:08:01.507110,40.58542,41.26625,0.0
2022-01-15 11:08:02.005307,40.07053,41.26625,0.0
2022-01-15 11:08:02.511005,40.27599,40.28575,0.0
2022-01-15 11:08:03.010226,40.01855,39.46125,0.0
2022-01-15 11:08:03.504169,40.6374,41.1635,0.0
2022-01-15 11:08:04.002479,40.22525,40.90475,0.0
2022-01-15 11:08:04.507900,40.32797,40.69925,0.0
2022-01-15 11:08:05.006375,39.91582,40.02825,0.0
2022-01-15 11:08:05.501928,39.65714,41.1635,0.0
2022-01-15 11:08:06.009708,39.70912,41.00875,0.0
2022-01-15 11:08:06.503865,40.17326,40.131,0.0
2022-01-15 11:08:07.002883,40.48269,39.40925,0.0
2022-01-15 11:08:07.507282,40.48269,40.64725,0.0
2022-01-15 11:08:08.004754,40.17326,40.38975,0.0
2022-01-15 11:08:08.510779,39.86384,40.235,0.0
2022-01-15 11:08:09.010082,40.79211,41.0595,0.0
2022-01-15 11:08:09.506618,40.68938,40.75,0.0
2022-01-15 11:08:10.003391,40.74013,40.33775,0.0
2022-01-15 11:08:10.507807,40.58542,40.90475,0.0
2022-01-15 11:08:11.004722,40.32797,40.59525,0.0
2022-01-15 11:08:11.509622,40.6374,40.64725,0.0
2022-01-15 11:08:12.007786,39.91582,39.97625,0.0
2022-01-15 11:08:12.502294,39.96657,40.28575,0.0
2022-01-15 11:08:13.003433,39.29697,40.802,0.0
2022-01-15 11:08:13.505593,40.32797,40.5445,0.0
2022-01-15 11:08:14.005608,40.74013,39.8735,0.0
2022-01-15 11:08:14.509571,40.68938,41.26625,0.0
2022-01-15 11:08:15.007251,40.22525,40.95675,0.0
2022-01-15 11:08:15.502746,40.12128,40.4405,0.0
2022-01-15 11:08:16.002198,39.6064,39.8215,0.0
2022-01-15 11:08:16.507928,40.37996,41.0595,0.0
2022-01-15 11:08:17.005757,40.68938,40.69925,0.0
2022-01-15 11:08:17.510043,40.58542,39.71875,0.0
2022-01-15 11:08:18.009658,40.22525,41.1115,0.0
2022-01-15 11:08:18.507338,40.58542,41.31825,0.0
2022-01-15 11:08:19.005536,40.27599,40.4925,0.0
2022-01-15 11:08:19.509330,40.12128,39.2545,0.0
2022-01-15 11:08:20.008003,40.8441,40.802,0.0
2022-01-15 11:08:20.501925,40.27599,40.75,0.0
2022-01-15 11:08:21.001541,39.91582,39.8735,0.0
2022-01-15 11:08:21.508274,39.86384,40.802,0.0
2022-01-15 11:08:22.005649,40.07053,41.26625,0.0
2022-01-15 11:08:22.502669,39.6064,39.46125,0.0
2022-01-15 11:08:23.001375,40.37996,40.90475,0.0
2022-01-15 11:08:23.509206,40.6374,40.64725,0.0
2022-01-15 11:08:24.007094,40.01855,39.97625,0.0
2022-01-15 11:08:24.501858,39.193,41.26625,0.0
2022-01-15 11:08:25.001627,41.41096,40.131,0.0
2022-01-15 11:08:25.507325,40.68938,40.4405,0.0
2022-01-15 11:08:26.005220,39.50243,40.802,0.0
2022-01-15 11:08:26.511034,40.32797,40.183,0.0
2022-01-15 11:08:27.009747,40.79211,40.4925,0.0
2022-01-15 11:08:27.505229,39.96657,40.33775,0.0
2022-01-15 11:08:28.005951,39.29697,40.38975,0.0
2022-01-15 11:08:28.501622,41.04955,40.802,0.0
2022-01-15 11:08:29.011087,40.17326,40.235,0.0
2022-01-15 11:08:29.505039,39.45168,41.00875,0.0
2022-01-15 11:08:30.003499,40.79211,40.235,0.0
2022-01-15 11:08:30.507479,40.27599,41.0595,0.0
2022-01-15 11:08:31.005107,39.6064,40.183,0.0
2022-01-15 11:08:31.501152,40.4307,40.38975,0.0
2022-01-15 11:08:32.009740,40.27599,40.235,0.0
2022-01-15 11:08:32.507322,39.50243,40.38975,0.0
2022-01-15 11:08:33.005357,40.79211,40.90475,0.0
2022-01-15 11:08:33.510005,40.01855,40.235,0.0
2022-01-15 11:08:34.009006,39.91582,41.00875,0.0
2022-01-15 11:08:34.503364,40.94682,40.4405,0.0
2022-01-15 11:08:35.010841,40.53467,40.802,0.0
2022-01-15 11:08:35.505199,39.76111,40.183,0.0
2022-01-15 11:08:36.003128,40.01855,40.59525,0.0
2022-01-15 11:08:36.509567,40.99881,40.38975,0.0
2022-01-15 11:08:37.008638,40.12128,39.71875,0.0
2022-01-15 11:08:37.502855,39.03829,41.1635,0.0
2022-01-15 11:08:38.011032,40.8441,40.59525,0.0
2022-01-15 11:08:38.505409,40.4307,40.59525,0.0
2022-01-15 11:08:39.003263,39.50243,40.59525,0.0
2022-01-15 11:08:39.508864,40.74013,40.4405,0.0
2022-01-15 11:08:40.006898,40.68938,41.00875,0.0
2022-01-15 11:08:40.501564,39.96657,39.3065,0.0
2022-01-15 11:08:41.001032,39.29697,41.21425,0.0
2022-01-15 11:08:41.505170,41.15352,40.4925,0.0
2022-01-15 11:08:42.003785,40.01855,39.512,0.0
2022-01-15 11:08:42.507553,39.29697,41.52375,0.0
2022-01-15 11:08:43.005290,40.32797,40.4405,0.0
2022-01-15 11:08:43.510266,40.89484,40.854,0.0
2022-01-15 11:08:44.009695,40.07053,40.08025,0.0
2022-01-15 11:08:44.505741,39.91582,41.1115,0.0
2022-01-15 11:08:45.003256,41.15352,40.131,0.0
2022-01-15 11:08:45.510361,40.27599,39.9255,0.0
2022-01-15 11:08:46.009497,39.91582,40.854,0.0
2022-01-15 11:08:46.504313,39.81185,40.08025,0.0
2022-01-15 11:08:47.001683,40.79211,40.95675,0.0
2022-01-15 11:08:47.507249,39.86384,40.75,0.0
2022-01-15 11:08:48.005860,39.76111,41.00875,0.0
2022-01-15 11:08:48.501136,40.58542,40.08025,0.0
2022-01-15 11:08:49.009249,39.91582,40.64725,0.0
2022-01-15 11:08:49.504779,40.32797,40.69925,0.0
2022-01-15 11:08:50.002664,40.22525,39.97625,0.0
2022-01-15 11:08:50.507559,40.27599,40.4405,0.0
2022-01-15 11:08:51.005745,40.17326,40.4405,0.0
2022-01-15 11:08:51.510424,40.58542,40.854,0.0
2022-01-15 11:08:52.009222,39.76111,40.4405,0.0
2022-01-15 11:08:52.503587,40.17326,40.854,0.0
2022-01-15 11:08:53.002014,40.99881,40.69925,0.0
2022-01-15 11:08:53.506514,40.17326,39.66675,0.0
2022-01-15 11:08:54.004831,39.09027,41.369,0.0
2022-01-15 11:08:54.501194,40.79211,40.235,0.0
2022-01-15 11:08:55.010514,40.58542,39.8735,0.0
2022-01-15 11:08:55.505301,39.50243,40.4925,0.0
2022-01-15 11:08:56.004288,40.4307,40.854,0.0
2022-01-15 11:08:56.509287,40.99881,40.69925,0.0
2022-01-15 11:08:57.008758,39.76111,40.183,0.0
2022-01-15 11:08:57.504812,39.14226,41.00875,0.0
2022-01-15 11:08:58.003610,41.04955,40.235,0.0
2022-01-15 11:08:58.509751,40.17326,40.33775,0.0
2022-01-15 11:08:59.008270,39.3997,40.69925,0.0
2022-01-15 11:08:59.506175,40.6374,40.33775,0.0
2022-01-15 11:09:00.005117,40.53467,40.28575,0.0
2022-01-15 11:09:00.510837,39.65714,40.4405,0.0
2022-01-15 11:09:01.009571,40.4307,41.00875,0.0
2022-01-15 11:09:01.505968,40.53467,40.28575,0.0
2022-01-15 11:09:02.004222,40.32797,40.59525,0.0
2022-01-15 11:09:02.509532,40.07053,40.5445,0.0
2022-01-15 11:09:03.008057,39.81185,40.4925,0.0
2022-01-15 11:09:03.504752,40.79211,40.4925,0.0
2022-01-15 11:09:04.005719,39.81185,40.802,0.0
2022-01-15 11:09:04.502957,40.01855,40.235,0.0
2022-01-15 11:09:05.002486,40.17326,40.33775,0.0
2022-01-15 11:09:05.508691,40.12128,40.75,0.0
2022-01-15 11:09:06.005871,40.22525,40.4405,0.0
2022-01-15 11:09:06.501053,40.32797,40.38975,0.0
2022-01-15 11:09:07.009863,39.81185,40.4925,0.0
2022-01-15 11:09:07.506380,40.22525,40.59525,0.0
2022-01-15 11:09:08.004835,40.79211,40.08025,0.0
2022-01-15 11:09:08.501033,39.76111,40.854,0.0
2022-01-15 11:09:09.009356,40.12128,40.59525,0.0
2022-01-15 11:09:09.503391,40.94682,40.183,0.0
2022-01-15 11:09:10.011114,40.17326,40.64725,0.0
2022-01-15 11:09:10.506458,39.3997,40.4405,0.0
2022-01-15 11:09:11.003607,40.4307,40.90475,0.0
2022-01-15 11:09:11.508807,40.99881,39.9255,0.0
2022-01-15 11:09:12.008381,39.86384,40.64725,0.0
2022-01-15 11:09:12.502563,39.45168,40.64725,0.0
2022-01-15 11:09:13.010609,41.10154,40.38975,0.0
2022-01-15 11:09:13.507105,40.32797,40.64725,0.0
2022-01-15 11:09:14.005226,39.09027,40.38975,0.0
2022-01-15 11:09:14.510742,40.8441,40.59525,0.0
2022-01-15 11:09:15.009647,40.8441,40.183,0.0
2022-01-15 11:09:15.505599,39.50243,41.1635,0.0
2022-01-15 11:09:16.004670,39.50243,40.08025,0.0
2022-01-15 11:09:16.510809,41.46295,40.33775,0.0
2022-01-15 11:09:17.009749,40.12128,40.69925,0.0
2022-01-15 11:09:17.504480,39.193,40.38975,0.0
2022-01-15 11:09:18.002805,41.15352,40.854,0.0
2022-01-15 11:09:18.508399,40.79211,39.77075,0.0
2022-01-15 11:09:19.007002,39.50243,41.26625,0.0
2022-01-15 11:09:19.502300,39.34772,40.235,0.0
2022-01-15 11:09:20.010611,40.8441,40.38975,0.0
2022-01-15 11:09:20.506217,39.96657,41.00875,0.0
2022-01-15 11:09:21.007007,40.12128,39.8735,0.0
2022-01-15 11:09:21.502514,40.53467,41.1635,0.0
2022-01-15 11:09:22.001524,40.53467,40.235,0.0
2022-01-15 11:09:22.506644,39.91582,40.75,0.0
2022-01-15 11:09:23.005231,40.53467,40.4405,0.0
2022-01-15 11:09:23.510394,39.76111,39.77075,0.0
2022-01-15 11:09:24.007852,39.6064,41.57575,0.0
2022-01-15 11:09:24.503534,40.6374,39.8215,0.0
2022-01-15 11:09:25.002494,39.86384,40.64725,0.0
2022-01-15 11:09:25.508308,40.17326,40.90475,0.0
2022-01-15 11:09:26.007276,40.4307,40.28575,0.0
2022-01-15 11:09:26.502762,40.48269,40.69925,0.0
2022-01-15 11:09:27.002965,39.96657,40.28575,0.0
2022-01-15 11:09:27.508220,40.37996,41.0595,0.0
2022-01-15 11:09:28.005772,40.89484,39.46125,0.0
2022-01-15 11:09:28.510902,40.01855,41.0595,0.0
2022-01-15 11:09:29.010172,39.3997,40.59525,0.0
2022-01-15 11:09:29.505159,40.22525,40.33775,0.0
2022-01-15 11:09:30.005926,41.04955,40.4925,0.0
2022-01-15 11:09:30.502961,39.65714,40.75,0.0
2022-01-15 11:09:31.001515,39.96657,40.64725,0.0
2022-01-15 11:09:31.507087,40.89484,39.8735,0.0
2022-01-15 11:09:32.005894,39.91582,41.00875,0.0
2022-01-15 11:09:32.501341,39.24499,40.235,0.0
2022-01-15 11:09:33.008646,41.04955,40.38975,0.0
2022-01-15 11:09:33.503474,40.27599,40.38975,0.0
2022-01-15 11:09:34.001641,39.34772,41.1115,0.0
2022-01-15 11:09:34.509274,40.89484,40.33775,0.0
2022-01-15 11:09:35.008253,40.68938,40.5445,0.0
2022-01-15 11:09:35.503829,39.70912,40.90475,0.0
2022-01-15 11:09:36.001576,39.86384,40.28575,0.0
2022-01-15 11:09:36.506015,40.89484,40.28575,0.0
2022-01-15 11:09:37.004089,40.22525,40.64725,0.0
2022-01-15 11:09:37.509581,39.50243,40.4405,0.0
2022-01-15 11:09:38.008025,40.79211,40.59525,0.0
2022-01-15 11:09:38.504745,40.4307,40.4405,0.0
2022-01-15 11:09:39.003613,39.6064,41.00875,0.0
2022-01-15 11:09:39.509607,40.89484,39.97625,0.0
2022-01-15 11:09:40.006642,39.70912,40.69925,0.0
2022-01-15 11:09:40.501249,40.01855,40.59525,0.0
2022-01-15 11:09:41.009730,40.58542,40.02825,0.0
2022-01-15 11:09:41.503204,39.81185,40.802,0.0
2022-01-15 11:09:42.001714,39.70912,40.4925,0.0
2022-01-15 11:09:42.507793,40.53467,40.64725,0.0
2022-01-15 11:09:43.006993,40.4307,40.38975,0.0
2022-01-15 11:09:43.502337,39.55441,40.75,0.0
2022-01-15 11:09:44.010037,41.04955,40.4405,0.0
2022-01-15 11:09:44.505496,40.53467,40.183,0.0
2022-01-15 11:09:45.003123,40.07053,40.4405,0.0
2022-01-15 11:09:45.509127,39.65714,40.802,0.0
2022-01-15 11:09:46.006786,40.4307,40.08025,0.0
2022-01-15 11:09:46.501450,40.8441,40.5445,0.0
2022-01-15 11:09:47.505055,39.65714,40.33775,0.0
2022-01-15 11:09:48.002867,40.74013,40.4925,0.0
2022-01-15 11:09:48.508103,39.81185,40.4405,0.0
2022-01-15 11:09:49.005838,39.70912,40.69925,0.0
2022-01-15 11:09:49.501256,40.99881,40.08025,0.0
2022-01-15 11:09:50.009842,40.12128,40.75,0.0
2022-01-15 11:09:50.505543,39.24499,40.33775,0.0
2022-01-15 11:09:51.005124,40.74013,40.235,0.0
2022-01-15 11:09:51.510954,40.74013,41.26625,0.0
2022-01-15 11:09:52.010240,39.65714,40.183,0.0
2022-01-15 11:09:52.506722,40.12128,40.75,0.0
2022-01-15 11:09:53.004309,40.6374,40.131,0.0
2022-01-15 11:09:53.508953,40.17326,40.64725,0.0
2022-01-15 11:09:54.008158,39.91582,40.4405,0.0
2022-01-15 11:09:54.502985,40.32797,40.183,0.0
2022-01-15 11:09:55.001371,40.37996,40.95675,0.0
2022-01-15 11:09:55.505464,39.86384,39.9255,0.0
2022-01-15 11:09:56.003595,40.22525,41.1635,0.0
2022-01-15 11:09:56.508869,40.32797,40.4925,0.0
2022-01-15 11:09:57.007849,39.96657,40.802,0.0
2022-01-15 11:09:57.502994,40.22525,40.183,0.0
2022-01-15 11:09:58.001148,40.74013,40.235,0.0
2022-01-15 11:09:58.505724,39.29697,41.1115,0.0
2022-01-15 11:09:59.004737,40.53467,39.66675,0.0
2022-01-15 11:09:59.508817,40.89484,40.802,0.0
2022-01-15 11:10:00.006967,39.65714,40.5445,0.0
2022-01-15 11:10:00.510355,39.91582,40.802,0.0
2022-01-15 11:10:01.009522,40.58542,40.64725,0.0
2022-01-15 11:10:01.505529,40.6374,40.28575,0.0
2022-01-15 11:10:02.002765,39.50243,40.854,0.0
2022-01-15 11:10:02.509219,40.32797,39.66675,0.0
2022-01-15 11:10:03.008474,40.94682,40.802,0.0
2022-01-15 11:10:03.502887,39.91582,40.59525,0.0
2022-01-15 11:10:04.010493,39.3997,40.33775,0.0
2022-01-15 11:10:04.504685,41.04955,40.64725,0.0
2022-01-15 11:10:05.003563,40.37996,40.235,0.0
2022-01-15 11:10:05.501485,39.14226,41.6785,0.0
2022-01-15 11:10:06.009486,40.79211,39.77075,0.0
2022-01-15 11:10:06.504384,40.58542,40.4405,0.0
2022-01-15 11:10:07.002391,39.50243,40.90475,0.0
2022-01-15 11:10:07.506595,39.81185,39.77075,0.0
2022-01-15 11:10:08.004901,41.10154,41.00875,0.0
2022-01-15 11:10:08.509520,39.86384,40.33775,0.0
2022-01-15 11:10:09.006762,39.70912,40.75,0.0
2022-01-15 11:10:09.502703,40.68938,40.38975,0.0
2022-01-15 11:10:10.001606,40.53467,41.00875,0.0
2022-01-15 11:10:10.507358,39.76111,40.75,0.0
2022-01-15 11:10:11.006453,40.17326,39.8735,0.0
2022-01-15 11:10:11.501511,40.32797,40.854,0.0
2022-01-15 11:10:12.009888,39.96657,40.183,0.0
2022-01-15 11:10:12.505467,40.4307,40.4925,0.0
2022-01-15 11:10:13.004681,40.27599,40.59525,0.0
2022-01-15 11:10:13.510233,40.07053,40.854,0.0
2022-01-15 11:10:14.009695,40.32797,39.97625,0.0
2022-01-15 11:10:14.504649,40.4307,40.69925,0.0
2022-01-15 11:10:15.003167,39.65714,41.00875,0.0
2022-01-15 11:10:15.507635,40.4307,40.235,0.0
2022-01-15 11:10:16.005557,40.12128,40.02825,0.0
2022-01-15 11:10:16.510631,40.48269,40.75,0.0
2022-01-15 11:10:17.008456,39.76111,40.69925,0.0
2022-01-15 11:10:17.504750,40.48269,40.02825,0.0
2022-01-15 11:10:18.002836,40.68938,40.854,0.0
2022-01-15 11:10:18.508704,39.50243,40.4405,0.0
2022-01-15 11:10:19.006793,40.48269,40.235,0.0
2022-01-15 11:10:19.501596,40.48269,40.59525,0.0
2022-01-15 11:10:20.010730,40.12128,41.0595,0.0
2022-01-15 11:10:20.505052,39.34772,40.08025,0.0
2022-01-15 11:10:21.001559,41.46295,40.183,0.0
2022-01-15 11:10:21.507244,40.79211,40.95675,0.0
2022-01-15 11:10:22.004773,39.3997,40.38975,0.0
2022-01-15 11:10:22.501759,39.96657,40.28575,0.0
2022-01-15 11:10:23.009685,40.89484,40.59525,0.0
2022-01-15 11:10:23.503964,39.76111,40.5445,0.0
2022-01-15 11:10:24.002602,39.14226,40.4405,0.0
2022-01-15 11:10:24.506802,41.20427,40.64725,0.0
2022-01-15 11:10:25.004307,40.07053,40.64725,0.0
2022-01-15 11:10:25.509693,39.24499,40.131,0.0
2022-01-15 11:10:26.006892,41.04955,40.75,0.0
2022-01-15 11:10:26.502660,40.48269,40.4925,0.0
2022-01-15 11:10:27.010247,39.86384,40.38975,0.0
2022-01-15 11:10:27.506795,40.4307,40.08025,0.0
2022-01-15 11:10:28.004832,40.17326,40.59525,0.0
2022-01-15 11:10:28.509082,40.01855,40.802,0.0
2022-01-15 11:10:29.007366,40.07053,40.02825,0.0
2022-01-15 11:10:29.502359,40.48269,41.421,0.0
2022-01-15 11:10:30.011129,39.6064,40.08025,0.0
2022-01-15 11:10:30.506776,40.68938,40.64725,0.0
2022-01-15 11:10:31.004838,40.53467,40.4405,0.0
2022-01-15 11:10:31.510355,39.6064,40.5445,0.0
2022-01-15 11:10:32.010572,40.53467,40.33775,0.0
2022-01-15 11:10:32.506713,40.48269,40.08025,0.0
2022-01-15 11:10:33.005287,40.17326,41.31825,0.0
2022-01-15 11:10:33.510803,39.14226,40.131,0.0
2022-01-15 11:10:34.010464,40.89484,40.854,0.0
2022-01-15 11:10:34.506093,40.17326,40.59525,0.0
2022-01-15 11:10:35.004213,39.65714,40.33775,0.0
2022-01-15 11:10:35.510065,40.48269,40.4405,0.0
2022-01-15 11:10:36.008980,40.6374,40.235,0.0
2022-01-15 11:10:36.505434,40.22525,40.69925,0.0
2022-01-15 11:10:37.004082,39.81185,40.02825,0.0
2022-01-15 11:10:37.510803,40.58542,40.64725,0.0
2022-01-15 11:10:38.009388,40.53467,40.854,0.0
2022-01-15 11:10:38.503802,39.86384,40.59525,0.0
2022-01-15 11:10:39.002528,39.3997,40.802,0.0
2022-01-15 11:10:39.508108,41.35898,40.235,0.0
2022-01-15 11:10:40.006210,40.22525,40.854,0.0
2022-01-15 11:10:40.504842,39.14226,39.8735,0.0
2022-01-15 11:10:41.002267,40.94682,40.854,0.0
2022-01-15 11:10:41.507824,40.48269,40.38975,0.0
2022-01-15 11:10:42.004840,39.3997,40.183,0.0
2022-01-15 11:10:42.509829,40.12128,41.1115,0.0
2022-01-15 11:10:43.007460,40.94682,40.131,0.0
2022-01-15 11:10:43.501725,39.86384,41.21425,0.0
2022-01-15 11:10:44.010691,39.65714,39.8215,0.0
2022-01-15 11:10:44.506631,41.15352,40.90475,0.0
2022-01-15 11:10:45.007368,40.17326,40.28575,0.0
2022-01-15 11:10:45.501571,39.86384,40.02825,0.0
2022-01-15 11:10:46.009396,40.6374,40.854,0.0
2022-01-15 11:10:46.503235,39.86384,40.02825,0.0
2022-01-15 11:10:47.001353,40.07053,41.1635,0.0
2022-01-15 11:10:47.505696,40.74013,40.38975,0.0
2022-01-15 11:10:48.004302,40.01855,41.00875,0.0
2022-01-15 11:10:48.508300,39.65714,40.4405,0.0
2022-01-15 11:10:49.005619,40.89484,39.66675,0.0
2022-01-15 11:10:49.501462,40.58542,41.21425,0.0
2022-01-15 11:10:50.009705,39.29697,40.02825,0.0
2022-01-15 11:10:50.502374,40.37996,40.131,0.0
2022-01-15 11:10:51.001549,40.58542,40.75,0.0
2022-01-15 11:10:51.506411,39.86384,40.95675,0.0
2022-01-15 11:10:52.004811,39.76111,40.5445,0.0
2022-01-15 11:10:52.509635,40.8441,40.4405,0.0
2022-01-15 11:10:53.009246,40.17326,41.1635,0.0
2022-01-15 11:10:53.505823,39.76111,40.08025,0.0
2022-01-15 11:10:54.004634,40.37996,40.183,0.0
2022-01-15 11:10:54.509242,40.79211,40.69925,0.0
2022-01-15 11:10:55.009393,40.17326,40.4925,0.0
2022-01-15 11:10:55.505898,39.24499,40.131,0.0
2022-01-15 11:10:56.003051,41.20427,41.0595,0.0
2022-01-15 11:10:56.509700,40.4307,40.75,0.0
2022-01-15 11:10:57.008459,39.29697,40.4405,0.0
2022-01-15 11:10:57.503088,40.48269,40.33775,0.0
2022-01-15 11:10:58.003304,40.4307,40.95675,0.0
2022-01-15 11:10:58.508753,39.76111,40.08025,0.0
2022-01-15 11:10:59.007074,39.6064,40.131,0.0
2022-01-15 11:10:59.501371,40.89484,40.90475,0.0
2022-01-15 11:11:00.008157,40.01855,40.02825,0.0
2022-01-15 11:11:00.501288,39.86384,40.90475,0.0
2022-01-15 11:11:01.010249,40.48269,40.69925,0.0
2022-01-15 11:11:01.503788,40.37996,40.59525,0.0
2022-01-15 11:11:02.003585,40.32797,40.131,0.0
2022-01-15 11:11:02.508415,40.12128,40.75,0.0
2022-01-15 11:11:03.007528,40.37996,40.64725,0.0
2022-01-15 11:11:03.502975,40.07053,39.9255,0.0
2022-01-15 11:11:04.010449,40.37996,40.69925,0.0
2022-01-15 11:11:04.505146,40.37996,40.59525,0.0
2022-01-15 11:11:05.008630,39.45168,40.38975,0.0
2022-01-15 11:11:05.504834,40.6374,40.64725,0.0
2022-01-15 11:11:06.002034,40.22525,40.75,0.0
2022-01-15 11:11:06.508912,39.50243,40.4925,0.0
2022-01-15 11:11:07.007081,40.48269,40.235,0.0
2022-01-15 11:11:07.501537,40.58542,40.95675,0.0
2022-01-15 11:11:08.009714,40.01855,40.183,0.0
2022-01-15 11:11:08.506106,39.91582,40.33775,0.0
2022-01-15 11:11:09.004072,40.89484,40.64725,0.0
2022-01-15 11:11:09.510202,40.32797,40.59525,0.0
2022-01-15 11:11:10.006644,39.6064,40.90475,0.0
2022-01-15 11:11:10.503214,40.4307,40.131,0.0
2022-01-15 11:11:11.002096,40.4307,41.1115,0.0
2022-01-15 11:11:11.507224,40.01855,40.131,0.0
2022-01-15 11:11:12.005469,39.24499,40.69925,0.0
2022-01-15 11:11:12.510897,41.25625,40.64725,0.0
2022-01-15 11:11:13.009093,40.4307,40.38975,0.0
2022-01-15 11:11:13.504686,39.45168,40.69925,0.0
2022-01-15 11:11:14.002488,40.58542,39.97625,0.0
2022-01-15 11:11:14.508089,40.79211,41.21425,0.0
2022-01-15 11:11:15.007784,39.76111,40.28575,0.0
2022-01-15 11:11:15.504476,39.50243,40.802,0.0
2022-01-15 11:11:16.002177,40.79211,40.4925,0.0
2022-01-15 11:11:16.509165,39.6064,40.08025,0.0
2022-01-15 11:11:17.007089,40.12128,41.1115,0.0
2022-01-15 11:11:17.502091,40.37996,39.97625,0.0
2022-01-15 11:11:18.010463,40.37996,40.69925,0.0
2022-01-15 11:11:18.505050,40.22525,40.02825,0.0
2022-01-15 11:11:19.002460,40.74013,41.0595,0.0
2022-01-15 11:11:19.507870,40.01855,40.5445,0.0
2022-01-15 11:11:20.007404,40.01855,40.5445,0.0
2022-01-15 11:11:20.501988,40.22525,40.90475,0.0
2022-01-15 11:11:21.010608,40.22525,40.28575,0.0
2022-01-15 11:11:21.505287,39.76111,40.75,0.0
2022-01-15 11:11:22.004044,40.4307,40.183,0.0
2022-01-15 11:11:22.508622,40.74013,40.802,0.0
2022-01-15 11:11:23.006609,39.91582,40.183,0.0
2022-01-15 11:11:23.501652,39.91582,40.02825,0.0
2022-01-15 11:11:24.009698,40.74013,41.52375,0.0
2022-01-15 11:11:24.505127,40.22525,40.08025,0.0
2022-01-15 11:11:25.003249,39.193,40.69925,0.0
2022-01-15 11:11:25.507244,40.68938,40.4405,0.0
2022-01-15 11:11:26.005143,40.4307,40.90475,0.0
2022-01-15 11:11:26.510097,39.86384,40.59525,0.0
2022-01-15 11:11:27.010141,39.86384,39.9255,0.0
2022-01-15 11:11:27.505094,41.15352,40.802,0.0
2022-01-15 11:11:28.002388,40.22525,39.8735,0.0
2022-01-15 11:11:28.506883,39.29697,40.75,0.0
2022-01-15 11:11:29.006832,40.53467,40.69925,0.0
2022-01-15 11:11:29.502941,40.58542,40.69925,0.0
2022-01-15 11:11:30.001489,40.12128,40.69925,0.0
2022-01-15 11:11:30.506885,39.3997,40.4405,0.0
2022-01-15 11:11:31.006922,41.46295,41.0595,0.0
2022-01-15 11:11:31.502481,40.07053,39.97625,0.0
2022-01-15 11:11:32.010599,39.193,40.33775,0.0
2022-01-15 11:11:32.505388,40.89484,40.5445,0.0
2022-01-15 11:11:33.004099,40.37996,40.28575,0.0
2022-01-15 11:11:33.501066,39.45168,40.75,0.0
2022-01-15 11:11:34.008909,40.27599,40.64725,0.0
2022-01-15 11:11:34.503917,40.48269,40.4925,0.0
2022-01-15 11:11:35.001688,39.70912,40.75,0.0
2022-01-15 11:11:35.506705,40.94682,40.235,0.0
2022-01-15 11:11:36.006104,40.22525,41.00875,0.0
2022-01-15 11:11:36.501879,39.96657,39.71875,0.0
2022-01-15 11:11:37.009139,40.37996,40.59525,0.0
2022-01-15 11:11:37.505721,40.74013,40.69925,0.0
2022-01-15 11:11:38.005606,39.70912,40.183,0.0
2022-01-15 11:11:38.509867,39.91582,41.00875,0.0
2022-01-15 11:11:39.008606,41.25625,40.75,0.0
2022-01-15 11:11:39.503068,39.86384,40.4925,0.0
2022-01-15 11:11:40.011214,39.3997,40.235,0.0
2022-01-15 11:11:40.505707,40.89484,40.69925,0.0
2022-01-15 11:11:41.002887,40.27599,40.75,0.0
2022-01-15 11:11:41.508900,39.3997,39.512,0.0
2022-01-15 11:11:42.005705,40.22525,41.1115,0.0
2022-01-15 11:11:42.501684,40.6374,40.95675,0.0
2022-01-15 11:11:43.008826,40.07053,40.183,0.0
2022-01-15 11:11:43.504504,39.70912,40.802,0.0
2022-01-15 11:11:44.002388,40.89484,40.4925,0.0
2022-01-15 11:11:44.506818,40.07053,40.69925,0.0
2022-01-15 11:11:45.005214,39.91582,39.77075,0.0
2022-01-15 11:11:45.511141,40.27599,41.1115,0.0
2022-01-15 11:11:46.008910,40.6374,40.131,0.0
2022-01-15 11:11:46.504709,40.17326,40.02825,0.0
2022-01-15 11:11:47.003538,39.6064,41.1115,0.0
2022-01-15 11:11:47.508031,40.58542,40.4405,0.0
2022-01-15 11:11:48.006489,40.22525,40.69925,0.0
2022-01-15 11:11:48.502747,39.91582,40.235,0.0
2022-01-15 11:11:49.008859,40.07053,40.95675,0.0
2022-01-15 11:11:49.504049,40.89484,40.131,0.0
2022-01-15 11:11:50.010780,39.96657,40.69925,0.0
2022-01-15 11:11:50.505110,39.91582,40.59525,0.0
2022-01-15 11:11:51.003804,40.32797,40.08025,0.0
2022-01-15 11:11:51.509669,40.01855,40.95675,0.0
2022-01-15 11:11:52.008427,40.37996,40.5445,0.0
2022-01-15 11:11:52.504005,40.17326,40.75,0.0
2022-01-15 11:11:53.001812,40.17326,40.02825,0.0
2022-01-15 11:11:53.506824,39.96657,40.75,0.0
2022-01-15 11:11:54.004880,40.99881,40.59525,0.0
2022-01-15 11:11:54.508906,39.86384,39.77075,0.0
2022-01-15 11:11:55.006884,39.96657,41.26625,0.0
2022-01-15 11:11:55.504037,40.99881,40.183,0.03864
2022-01-15 11:11:56.004619,40.32797,40.95675,0.03864
2022-01-15 11:11:56.509448,39.55441,40.33775,51.28708
2022-01-15 11:11:57.007545,40.4307,40.95675,51.28708
2022-01-15 11:11:57.501983,40.58542,40.59525,89.3801
2022-01-15 11:11:58.010481,39.65714,39.8215,89.3801
2022-01-15 11:11:58.505597,39.81185,41.21425,88.94843
2022-01-15 11:11:59.002470,41.15352,40.131,88.94843
2022-01-15 11:11:59.508122,40.12128,40.38975,85.21708
2022-01-15 11:12:00.005731,39.14226,40.64725,85.21708
2022-01-15 11:12:00.502541,41.20427,40.4925,40.72354
2022-01-15 11:12:01.010580,40.4307,40.802,40.72354
2022-01-15 11:12:01.505877,39.50243,40.4405,-0.03864
2022-01-15 11:12:02.003504,40.58542,40.5445,-0.03864
2022-01-15 11:12:02.508979,41.04955,40.4405,0.0
2022-01-15 11:12:03.005950,39.81185,40.64725,0.0
2022-01-15 11:12:03.511006,39.3997,40.33775,0.0
2022-01-15 11:12:04.010459,40.58542,40.5445,0.0
2022-01-15 11:12:04.505564,40.6374,40.5445,0.0
2022-01-15 11:12:05.004184,39.65714,40.38975,0.0
2022-01-15 11:12:05.509231,40.17326,41.00875,0.0
2022-01-15 11:12:06.006650,40.89484,40.02825,0.0
2022-01-15 11:12:06.501303,39.65714,40.75,0.0
2022-01-15 11:12:07.010238,40.01855,40.5445,0.0
2022-01-15 11:12:07.505585,40.37996,40.33775,0.0
2022-01-15 11:12:08.003217,40.01855,40.64725,0.0
2022-01-15 11:12:08.510581,40.17326,40.59525,0.0
2022-01-15 11:12:09.008052,40.4307,40.75,0.0
2022-01-15 11:12:09.502735,39.96657,40.02825,0.0
2022-01-15 11:12:10.001022,40.01855,41.0595,0.0
2022-01-15 11:12:10.506691,40.89484,40.4405,0.0
2022-01-15 11:12:11.004313,40.01855,40.28575,0.0
2022-01-15 11:12:11.510087,39.6064,40.5445,0.0
2022-01-15 11:12:12.007448,40.74013,40.854,0.0
2022-01-15 11:12:12.506768,40.53467,40.38975,0.0
2022-01-15 11:12:13.006280,39.91582,40.4405,0.0
2022-01-15 11:12:13.510765,39.91582,40.75,-0.03864
2022-01-15 11:12:14.007928,41.15352,40.64725,-0.03864
2022-01-15 11:12:14.503006,39.96657,40.131,0.0
2022-01-15 11:12:15.001669,39.09027,40.69925,0.0
2022-01-15 11:12:15.508052,40.8441,40.854,0.0
2022-01-15 11:12:16.006167,40.17326,39.66675,0.0
2022-01-15 11:12:16.510676,39.09027,41.00875,0.0
2022-01-15 11:12:17.010315,40.68938,40.59525,0.0
2022-01-15 11:12:17.504888,40.99881,40.4925,0.0
2022-01-15 11:12:18.002869,39.81185,40.33775,0.0
2022-01-15 11:12:18.508739,39.76111,40.75,0.0
2022-01-15 11:12:19.006414,41.25625,40.75,0.0
2022-01-15 11:12:19.502046,40.32797,39.97625,0.0
2022-01-15 11:12:20.011032,39.50243,41.0595,0.0
2022-01-15 11:12:20.504889,40.22525,40.235,0.0
2022-01-15 11:12:21.002172,40.6374,40.28575,0.0
2022-01-15 11:12:21.507197,39.70912,40.854,0.0
2022-01-15 11:12:22.006065,39.81185,40.33775,0.0
2022-01-15 11:12:22.502249,40.99881,40.75,0.0
2022-01-15 11:12:23.010520,40.01855,39.9255,0.0
2022-01-15 11:12:23.506412,40.07053,41.26625,0.0
2022-01-15 11:12:24.004984,40.4307,40.38975,0.0
2022-01-15 11:12:24.510285,40.22525,40.02825,0.0
2022-01-15 11:12:25.010238,39.70912,41.00875,0.0
2022-01-15 11:12:25.504663,40.32797,40.131,0.0
2022-01-15 11:12:26.002059,39.76111,40.75,0.0
2022-01-15 11:12:26.508849,40.32797,40.38975,0.0
2022-01-15 11:12:27.007145,40.58542,40.64725,0.0
2022-01-15 11:12:27.503174,39.76111,40.235,0.0
2022-01-15 11:12:28.001389,40.58542,40.4405,0.0
2022-01-15 11:12:28.506174,40.37996,41.369,0.0
2022-01-15 11:12:29.004590,40.48269,39.77075,0.0
2022-01-15 11:12:29.509212,40.01855,40.69925,-0.03864
2022-01-15 11:12:30.008599,39.76111,40.90475,-0.03864
2022-01-15 11:12:30.503694,40.79211,40.5445,0.0
2022-01-15 11:12:31.001142,40.12128,40.131,0.0
2022-01-15 11:12:31.508501,39.65714,40.75,0.0
2022-01-15 11:12:32.005701,40.8441,40.4405,0.0
2022-01-15 11:12:32.501080,40.17326,40.02825,0.0
2022-01-15 11:12:33.008783,39.6064,41.00875,0.0
2022-01-15 11:12:33.502856,40.58542,40.28575,0.0
2022-01-15 11:12:34.001108,40.32797,40.90475,0.0
2022-01-15 11:12:34.506740,39.65714,40.131,0.0
2022-01-15 11:12:35.004115,40.01855,41.00875,0.0
2022-01-15 11:12:35.508134,40.53467,40.5445,0.0
2022-01-15 11:12:36.006449,40.32797,39.77075,0.0
2022-01-15 11:12:36.501542,40.01855,41.1635,0.0
2022-01-15 11:12:37.010113,40.6374,39.9255,0.0
2022-01-15 11:12:37.504405,40.53467,40.95675,0.0
2022-01-15 11:12:38.003338,39.86384,40.854,0.0
2022-01-15 11:12:38.507678,39.96657,40.33775,0.0
2022-01-15 11:12:39.005125,40.68938,40.69925,0.0
2022-01-15 11:12:39.510638,40.01855,40.235,0.0
2022-01-15 11:12:40.009370,39.6064,40.90475,0.0
2022-01-15 11:12:40.506525,40.74013,40.131,0.0
2022-01-15 11:12:41.004349,40.22525,40.69925,0.0
2022-01-15 11:12:41.501056,39.65714,40.38975,0.0
2022-01-15 11:12:42.010271,40.74013,40.131,0.0
2022-01-15 11:12:42.505805,39.6064,41.00875,0.0
2022-01-15 11:12:43.003721,40.07053,40.59525,0.0
2022-01-15 11:12:43.507836,40.6374,40.69925,0.0
2022-01-15 11:12:44.006423,40.12128,39.9255,0.0
2022-01-15 11:12:44.503925,39.70912,40.95675,0.0
2022-01-15 11:12:45.002402,40.48269,40.33775,0.0
2022-01-15 11:12:45.506799,40.89484,40.235,0.0
2022-01-15 11:12:46.004973,39.70912,40.5445,0.0
2022-01-15 11:12:46.509633,39.50243,40.75,0.0
2022-01-15 11:12:47.008909,40.79211,40.854,0.0
2022-01-15 11:12:47.504824,40.68938,40.4925,0.0
2022-01-15 11:12:48.002192,39.29697,40.4405,0.0
2022-01-15 11:12:48.508220,40.8441,40.5445,0.0
2022-01-15 11:12:49.007869,40.8441,40.131,0.0
2022-01-15 11:12:49.502483,39.55441,40.75,0.0
2022-01-15 11:12:50.010805,39.91582,40.5445,0.0
2022-01-15 11:12:50.505285,41.04955,40.4925,0.0
2022-01-15 11:12:51.004456,40.17326,40.4925,0.0
2022-01-15 11:12:51.508088,38.72887,40.95675,0.0
2022-01-15 11:12:52.007064,41.10154,40.69925,0.0
2022-01-15 11:12:52.501820,40.6374,40.183,0.0
2022-01-15 11:12:53.010669,39.3997,40.4925,0.0
2022-01-15 11:12:53.505797,39.81185,40.33775,0.0
2022-01-15 11:12:54.004214,41.35898,40.4925,0.0
2022-01-15 11:12:54.509196,40.07053,40.4405,0.0
2022-01-15 11:12:55.007661,39.55441,40.5445,0.0
2022-01-15 11:12:55.503397,40.74013,40.5445,0.0
2022-01-15 11:12:56.001796,40.58542,41.00875,0.0
2022-01-15 11:12:56.506772,39.70912,40.64725,0.0
2022-01-15 11:12:57.004978,39.81185,40.75,0.0
2022-01-15 11:12:57.501543,40.68938,39.8735,0.0
2022-01-15 11:12:58.009627,39.86384,41.00875,0.0
2022-01-15 11:12:58.503984,40.12128,40.02825,0.0
2022-01-15 11:12:59.001603,40.53467,40.131,0.0
2022-01-15 11:12:59.507030,40.22525,41.1635,0.0
2022-01-15 11:13:00.005461,39.91582,40.08025,0.0
2022-01-15 11:13:00.509943,40.89484,41.1115,0.0
2022-01-15 11:13:01.008192,39.65714,40.28575,0.0
2022-01-15 11:13:01.507193,40.32797,41.421,0.0
2022-01-15 11:13:02.005223,40.53467,40.131,0.0
2022-01-15 11:13:02.509711,39.96657,39.77075,0.0
2022-01-15 11:13:03.008591,39.65714,41.26625,0.0
2022-01-15 11:13:03.504087,40.58542,39.8735,0.0
2022-01-15 11:13:04.002683,40.8441,40.28575,0.0
2022-01-15 11:13:04.508338,39.45168,40.90475,0.0
2022-01-15 11:13:05.006432,40.4307,40.64725,0.0
2022-01-15 11:13:05.502818,41.04955,40.69925,0.0
2022-01-15 11:13:06.002837,39.96657,40.4925,0.0
2022-01-15 11:13:06.508890,39.45168,41.21425,0.0
2022-01-15 11:13:07.006635,41.04955,39.9255,0.0
2022-01-15 11:13:07.511203,40.37996,40.5445,0.0
2022-01-15 11:13:08.009572,39.193,40.59525,0.0
2022-01-15 11:13:08.503889,40.27599,40.33775,0.0
2022-01-15 11:13:09.001225,40.8441,40.4405,0.0
2022-01-15 11:13:09.505190,39.86384,40.64725,0.0
2022-01-15 11:13:10.002317,39.86384,41.00875,0.0
2022-01-15 11:13:10.509251,41.15352,40.02825,0.0
2022-01-15 11:13:11.008643,40.07053,41.21425,0.0
2022-01-15 11:13:11.502501,39.81185,40.235,0.0
2022-01-15 11:13:12.009214,40.6374,40.5445,0.0
2022-01-15 11:13:12.504086,40.32797,40.5445,0.0
2022-01-15 11:13:13.002489,39.81185,40.4405,0.0
2022-01-15 11:13:13.508073,40.01855,40.5445,0.0
2022-01-15 11:13:14.005677,40.58542,40.235,0.0
2022-01-15 11:13:14.511019,40.12128,41.21425,0.0
2022-01-15 11:13:15.010353,40.17326,40.08025,0.0
2022-01-15 11:13:15.505212,40.27599,40.95675,0.0
2022-01-15 11:13:16.003247,39.81185,40.59525,0.0
2022-01-15 11:13:16.509195,40.27599,40.235,0.0
2022-01-15 11:13:17.007014,40.27599,40.4925,0.0
2022-01-15 11:13:17.502783,39.3997,40.33775,0.0
2022-01-15 11:13:18.001031,40.74013,40.854,0.0
2022-01-15 11:13:18.505811,40.32797,39.8215,0.0
2022-01-15 11:13:19.005618,40.27599,40.95675,0.0
2022-01-15 11:13:19.501272,39.86384,40.802,0.0
2022-01-15 11:13:20.009207,40.6374,40.131,0.0
2022-01-15 11:13:20.503459,40.17326,40.75,0.0
2022-01-15 11:13:21.001127,39.55441,40.4405,0.0
2022-01-15 11:13:21.506907,40.17326,40.802,0.0
2022-01-15 11:13:22.005153,40.53467,40.02825,0.0
2022-01-15 11:13:22.511298,40.53467,40.75,0.0
2022-01-15 11:13:23.008973,39.29697,40.4405,0.0
2022-01-15 11:13:23.502818,41.25625,40.235,0.0
2022-01-15 11:13:24.002554,40.58542,41.00875,0.0
2022-01-15 11:13:24.507098,39.29697,40.33775,0.0
2022-01-15 11:13:25.005982,40.37996,40.64725,0.0
2022-01-15 11:13:25.510518,40.79211,40.64725,0.0
2022-01-15 11:13:26.008341,39.6064,40.5445,0.0
2022-01-15 11:13:26.504582,39.3997,40.235,0.0
2022-01-15 11:13:27.002163,41.46295,40.33775,0.0
2022-01-15 11:13:27.507900,40.37996,40.5445,0.0
2022-01-15 11:13:28.006540,39.34772,40.5445,0.0
2022-01-15 11:13:28.502937,40.53467,40.64725,0.0
2022-01-15 11:13:29.010895,40.79211,40.69925,0.0
2022-01-15 11:13:29.506193,39.91582,40.4925,0.0
2022-01-15 11:13:30.003774,39.55441,40.4925,0.0
2022-01-15 11:13:30.507076,40.79211,40.75,0.0
2022-01-15 11:13:31.004868,40.12128,40.33775,0.0
2022-01-15 11:13:31.510238,39.96657,40.28575,0.0
2022-01-15 11:13:32.008717,40.6374,40.131,0.0
2022-01-15 11:13:32.505316,39.55441,40.90475,0.0
2022-01-15 11:13:33.003815,40.32797,40.4925,0.0
2022-01-15 11:13:33.508856,40.68938,40.4405,0.0
2022-01-15 11:13:34.006757,39.86384,40.95675,0.0
2022-01-15 11:13:34.510144,39.70912,40.4405,0.0
2022-01-15 11:13:35.008243,40.68938,40.69925,0.0
2022-01-15 11:13:35.502463,40.37996,40.131,0.0
2022-01-15 11:13:36.001340,39.29697,40.75,0.0
2022-01-15 11:13:36.507284,40.94682,39.97625,0.0
2022-01-15 11:13:37.005269,40.48269,40.33775,0.0
2022-01-15 11:13:37.501577,40.01855,41.1115,0.0
2022-01-15 11:13:38.009462,39.50243,40.4405,0.0
2022-01-15 11:13:38.504267,40.74013,40.95675,0.0
2022-01-15 11:13:39.002783,40.6374,40.183,0.0
2022-01-15 11:13:39.508668,39.65714,41.31825,0.0
2022-01-15 11:13:40.006451,40.22525,40.183,0.0
2022-01-15 11:13:40.502230,40.53467,39.66675,0.0
2022-01-15 11:13:41.001621,40.07053,41.31825,0.0
2022-01-15 11:13:41.509721,39.91582,39.77075,0.0
2022-01-15 11:13:42.007625,40.99881,40.854,0.0
2022-01-15 11:13:42.502952,40.12128,41.0595,0.0
2022-01-15 11:13:43.002212,39.29697,40.59525,0.0
2022-01-15 11:13:43.507498,40.74013,40.5445,0.0
2022-01-15 11:13:44.006725,40.27599,40.33775,0.0
2022-01-15 11:13:44.503916,39.6064,41.00875,0.0
2022-01-15 11:13:45.001831,39.91582,39.66675,0.0
2022-01-15 11:13:45.506902,41.15352,40.64725,0.0
2022-01-15 11:13:46.006366,40.22525,40.4405,0.0
2022-01-15 11:13:46.502028,39.6064,40.131,0.0
2022-01-15 11:13:47.001302,40.74013,41.421,0.0
2022-01-15 11:13:47.505594,40.48269,40.4925,0.0
2022-01-15 11:13:48.008464,39.91582,40.802,0.0
2022-01-15 11:13:48.504287,40.37996,40.02825,0.0
2022-01-15 11:13:49.002792,40.17326,41.0595,0.0
2022-01-15 11:13:49.508113,39.91582,40.38975,0.0
2022-01-15 11:13:50.007074,40.4307,39.77075,0.0
2022-01-15 11:13:50.504549,40.37996,40.854,0.0
2022-01-15 11:13:51.003552,39.50243,40.38975,0.0
2022-01-15 11:13:51.508909,40.6374,40.64725,0.0
2022-01-15 11:13:52.006306,40.32797,40.5445,0.0
2022-01-15 11:13:52.501092,39.65714,40.854,0.0
2022-01-15 11:13:53.008907,40.6374,40.28575,0.0
2022-01-15 11:13:53.504333,40.37996,40.131,0.0
2022-01-15 11:13:54.003224,40.07053,41.00875,0.0
2022-01-15 11:13:54.507442,39.76111,39.97625,0.0
2022-01-15 11:13:55.006946,40.94682,40.38975,0.0
2022-01-15 11:13:55.502978,40.48269,40.4925,0.0
2022-01-15 11:13:56.001256,39.70912,41.26625,0.0
2022-01-15 11:13:56.508463,39.86384,40.08025,0.0
2022-01-15 11:13:57.005609,41.10154,40.90475,0.0
2022-01-15 11:13:57.510605,39.86384,40.4925,0.0
2022-01-15 11:13:58.007625,39.09027,40.38975,0.0
2022-01-15 11:13:58.501554,41.51369,40.69925,0.0
2022-01-15 11:13:59.010461,40.27599,40.28575,0.0
2022-01-15 11:13:59.507196,39.34772,40.4925,0.0
2022-01-15 11:14:00.004994,40.37996,40.235,0.0
2022-01-15 11:14:00.509685,40.58542,41.00875,0.0
2022-01-15 11:14:01.006402,39.76111,40.64725,0.0
2022-01-15 11:14:01.510936,40.01855,40.4925,0.0
2022-01-15 11:14:02.010366,40.68938,40.64725,0.0
2022-01-15 11:14:02.504653,39.81185,40.4925,0.0
2022-01-15 11:14:03.002353,40.58542,40.4925,0.0
2022-01-15 11:14:03.501328,40.07053,40.59525,0.0
2022-01-15 11:14:04.010552,40.37996,40.4925,0.0
2022-01-15 11:14:04.505765,40.27599,40.28575,0.0
2022-01-15 11:14:05.004981,40.37996,40.4925,0.0
2022-01-15 11:14:05.509668,40.27599,40.90475,0.0
2022-01-15 11:14:06.008890,40.07053,40.4405,0.0
2022-01-15 11:14:06.504354,40.53467,40.33775,0.0
2022-01-15 11:14:07.002258,40.17326,40.854,0.0
2022-01-15 11:14:07.507412,39.45168,40.183,0.0
2022-01-15 11:14:08.005547,40.37996,40.4405,0.0
2022-01-15 11:14:08.510732,40.22525,40.59525,0.0
2022-01-15 11:14:09.008583,39.65714,40.64725,0.0
2022-01-15 11:14:09.503569,40.32797,40.235,0.0
2022-01-15 11:14:10.001904,40.68938,40.69925,0.0
2022-01-15 11:14:10.506957,40.17326,40.4925,0.0
2022-01-15 11:14:11.003436,39.6064,40.69925,0.0
2022-01-15 11:14:11.507167,41.04955,40.08025,0.0
2022-01-15 11:14:12.005265,40.4307,41.1115,0.0
2022-01-15 11:14:12.502395,39.6064,40.33775,0.0
2022-01-15 11:14:13.010821,39.70912,40.75,0.0
2022-01-15 11:14:13.506220,41.25625,40.183,0.0
2022-01-15 11:14:14.003748,40.22525,40.5445,0.0
2022-01-15 11:14:14.507493,39.03829,40.64725,0.0
2022-01-15 11:14:15.005170,41.41096,40.183,0.0
2022-01-15 11:14:15.509959,40.58542,41.1115,0.0
2022-01-15 11:14:16.007491,39.55441,39.97625,0.0
2022-01-15 11:14:16.501889,39.70912,40.95675,0.0
2022-01-15 11:14:17.001691,41.41096,40.4925,0.0
2022-01-15 11:14:17.506232,40.01855,40.69925,0.0
2022-01-15 11:14:18.005855,38.83283,40.4405,0.0
2022-01-15 11:14:18.510939,41.15352,40.131,0.0
2022-01-15 11:14:19.009279,40.37996,40.90475,0.0
2022-01-15 11:14:19.503646,39.50243,39.8735,0.0
2022-01-15 11:14:20.001924,40.68938,41.21425,0.0
2022-01-15 11:14:20.506418,40.79211,40.4405,0.0
2022-01-15 11:14:21.003119,39.76111,40.59525,0.0
2022-01-15 11:14:21.509802,39.96657,40.802,0.0
2022-01-15 11:14:22.008921,40.22525,40.28575,0.0
2022-01-15 11:14:22.504650,40.07053,41.0595,0.0
2022-01-15 11:14:23.001903,40.68938,39.616,0.0
2022-01-15 11:14:23.507493,40.22525,41.26625,0.0
2022-01-15 11:14:24.005270,39.96657,40.64725,0.0
2022-01-15 11:14:24.510780,40.32797,39.71875,0.0
2022-01-15 11:14:25.002073,40.53467,41.1635,0.0
2022-01-15 11:14:25.509426,39.96657,40.64725,0.0
2022-01-15 11:14:26.007107,39.45168,40.64725,0.0
2022-01-15 11:14:26.502330,40.48269,40.08025,0.0
2022-01-15 11:14:27.001666,40.32797,41.0595,0.0
2022-01-15 11:14:27.506892,39.76111,40.4925,0.0
2022-01-15 11:14:28.005759,40.8441,39.66675,0.0
2022-01-15 11:14:28.510848,40.37996,41.31825,0.0
2022-01-15 11:14:29.008214,40.17326,40.4405,0.0
2022-01-15 11:14:29.503630,39.6064,40.08025,0.0
2022-01-15 11:14:30.002218,41.30823,41.00875,0.0
2022-01-15 11:14:30.508186,40.22525,40.59525,0.0
2022-01-15 11:14:31.005705,39.50243,40.4925,0.0
2022-01-15 11:14:31.501756,40.07053,40.131,0.0
2022-01-15 11:14:32.001713,40.79211,40.854,0.0
2022-01-15 11:14:32.506389,39.96657,40.235,0.0
2022-01-15 11:14:33.005288,39.70912,40.4925,0.0
2022-01-15 11:14:33.510154,41.15352,40.59525,0.0
2022-01-15 11:14:34.008039,40.07053,40.5445,0.0
2022-01-15 11:14:34.503520,39.3997,40.4405,0.0
2022-01-15 11:14:35.001756,40.4307,40.75,0.0
2022-01-15 11:14:35.504798,40.68938,40.64725,0.0
2022-01-15 11:14:36.003172,39.6064,39.97625,0.0
2022-01-15 11:14:36.508099,40.27599,40.854,0.0
2022-01-15 11:14:37.005193,40.48269,40.4925,0.0
2022-01-15 11:14:37.510092,39.91582,40.33775,0.0
2022-01-15 11:14:38.008380,40.32797,40.64725,0.0
2022-01-15 11:14:38.503016,40.27599,41.00875,0.0
2022-01-15 11:14:39.002332,39.86384,40.33775,0.0
2022-01-15 11:14:39.508888,40.22525,40.5445,0.0
2022-01-15 11:14:40.007583,40.74013,40.75,0.0
2022-01-15 11:14:40.501828,39.6064,40.183,0.0
2022-01-15 11:14:41.010066,40.27599,40.4925,0.0
2022-01-15 11:14:41.507451,41.15352,40.4925,0.0
2022-01-15 11:14:42.004479,40.01855,40.90475,0.0
2022-01-15 11:14:42.509135,39.24499,40.33775,0.0
2022-01-15 11:14:43.007015,40.68938,40.5445,0.0
2022-01-15 11:14:43.504089,40.27599,40.90475,0.0
2022-01-15 11:14:44.002967,39.24499,40.33775,0.0
2022-01-15 11:14:44.508757,40.74013,40.4405,0.0
2022-01-15 11:14:45.006448,40.48269,40.4405,0.0
2022-01-15 11:14:45.501313,39.6064,40.59525,0.0
2022-01-15 11:14:46.009014,40.58542,40.235,0.0
2022-01-15 11:14:46.503522,40.94682,40.802,0.0
2022-01-15 11:14:47.001754,40.12128,40.64725,0.0
2022-01-15 11:14:47.507789,39.96657,40.59525,0.0
2022-01-15 11:14:48.007455,39.6064,40.235,0.0
2022-01-15 11:14:48.502325,40.74013,40.75,0.0
2022-01-15 11:14:49.001061,39.91582,40.183,0.0
2022-01-15 11:14:49.507496,39.55441,40.38975,0.0
2022-01-15 11:14:50.005138,40.74013,40.64725,0.0
2022-01-15 11:14:50.509672,40.12128,39.9255,0.0
2022-01-15 11:14:51.007888,40.01855,41.21425,0.0
2022-01-15 11:14:51.502814,40.4307,40.5445,0.0
2022-01-15 11:14:52.001850,40.48269,40.4405,0.0
2022-01-15 11:14:52.509151,39.6064,40.4405,0.0
2022-01-15 11:14:53.009137,40.4307,40.28575,0.0
2022-01-15 11:14:53.505195,40.17326,40.95675,0.0
2022-01-15 11:14:54.003118,40.01855,40.02825,0.0
2022-01-15 11:14:54.508684,40.37996,40.854,0.0
2022-01-15 11:14:55.006754,40.17326,40.4925,0.0
2022-01-15 11:14:55.502326,40.17326,40.235,0.0
2022-01-15 11:14:56.010702,40.07053,41.1635,0.0
2022-01-15 11:14:56.506683,41.04955,40.28575,0.0
2022-01-15 11:14:57.006803,39.91582,40.802,0.0
2022-01-15 11:14:57.501808,39.91582,39.8735,0.0
2022-01-15 11:14:58.010009,40.79211,40.95675,0.0
2022-01-15 11:14:58.505481,40.32797,40.64725,0.0
2022-01-15 11:14:59.002952,39.29697,39.8735,0.0
2022-01-15 11:14:59.507838,40.32797,40.95675,0.0
2022-01-15 11:15:00.005028,40.79211,40.4405,0.0
2022-01-15 11:15:00.501151,39.70912,41.1115,0.0
2022-01-15 11:15:01.009016,39.86384,39.97625,0.0
2022-01-15 11:15:01.505026,40.8441,40.90475,0.0
2022-01-15 11:15:02.002296,40.12128,40.183,0.0
2022-01-15 11:15:02.509561,39.65714,40.28575,0.0
2022-01-15 11:15:03.009183,40.74013,40.802,0.0
2022-01-15 11:15:03.503748,40.68938,40.235,0.0
2022-01-15 11:15:04.002644,39.81185,41.00875,0.0
2022-01-15 11:15:04.507488,39.45168,40.131,0.0
2022-01-15 11:15:05.006471,41.10154,41.1635,0.0
2022-01-15 11:15:05.510193,40.32797,40.69925,0.0
2022-01-15 11:15:06.009065,39.45168,39.8215,0.0
2022-01-15 11:15:06.503770,40.79211,41.1635,0.0
2022-01-15 11:15:07.001327,40.6374,40.02825,0.0
2022-01-15 11:15:07.505522,39.55441,40.69925,0.0
2022-01-15 11:15:08.006027,40.22525,40.59525,0.0
2022-01-15 11:15:08.501621,40.6374,40.64725,0.0
2022-01-15 11:15:09.011083,39.55441,40.183,0.0
2022-01-15 11:15:09.506551,39.96657,40.4925,0.0
2022-01-15 11:15:10.004562,40.53467,41.26625,0.0
2022-01-15 11:15:10.510090,40.37996,39.71875,0.0
2022-01-15 11:15:11.008556,40.12128,40.75,0.0
2022-01-15 11:15:11.504406,40.32797,40.64725,0.0
2022-01-15 11:15:12.002572,40.17326,40.08025,0.0
2022-01-15 11:15:12.507495,39.86384,40.75,0.0
2022-01-15 11:15:13.005724,40.8441,40.69925,0.0
2022-01-15 11:15:14.004756,39.76111,39.9255,0.0
2022-01-15 11:15:14.510665,40.58542,41.26625,0.0
2022-01-15 11:15:15.009651,40.6374,40.59525,0.0
2022-01-15 11:15:15.504531,39.50243,39.9255,0.0
2022-01-15 11:15:16.002368,40.6374,40.38975,0.0
2022-01-15 11:15:16.508542,40.6374,41.00875,0.0
2022-01-15 11:15:17.005294,39.76111,40.02825,0.0
2022-01-15 11:15:17.510156,39.96657,40.69925,0.0
2022-01-15 11:15:18.007708,40.22525,40.38975,0.0
2022-01-15 11:15:18.502186,40.68938,40.59525,0.0
2022-01-15 11:15:19.001348,39.81185,40.235,0.0
2022-01-15 11:15:19.506261,40.37996,41.00875,0.0
2022-01-15 11:15:20.005262,40.68938,40.64725,0.0
2022-01-15 11:15:20.510060,40.07053,40.02825,0.0
2022-01-15 11:15:21.008795,39.76111,40.854,0.0
2022-01-15 11:15:21.504134,41.04955,40.854,0.0
2022-01-15 11:15:22.002614,40.32797,40.235,0.0
2022-01-15 11:15:22.507837,39.3997,40.64725,0.0
2022-01-15 11:15:23.007688,40.79211,40.33775,0.0
2022-01-15 11:15:23.502413,41.10154,40.69925,0.0
2022-01-15 11:15:24.010267,39.76111,40.4925,0.0
2022-01-15 11:15:24.501688,39.3997,40.69925,0.0
2022-01-15 11:15:25.010870,40.99881,40.131,0.0
2022-01-15 11:15:25.506509,40.07053,40.64725,0.0
2022-01-15 11:15:26.004982,39.6064,40.69925,0.0
2022-01-15 11:15:26.510424,40.37996,40.33775,0.0
2022-01-15 11:15:27.007832,40.27599,40.59525,0.0
2022-01-15 11:15:27.506327,39.86384,40.38975,0.0
2022-01-15 11:15:28.004262,40.68938,40.854,0.0
2022-01-15 11:15:28.509825,39.81185,40.38975,0.0
2022-01-15 11:15:29.007501,40.53467,40.90475,0.0
2022-01-15 11:15:29.501776,40.58542,40.69925,0.0
2022-01-15 11:15:30.010832,39.96657,40.28575,0.0
2022-01-15 11:15:30.506286,39.81185,40.4925,0.0
2022-01-15 11:15:31.005062,40.32797,40.33775,0.0
2022-01-15 11:15:31.510810,40.8441,40.90475,0.0
2022-01-15 11:15:32.001089,39.50243,39.71875,0.0
2022-01-15 11:15:32.505594,40.4307,41.1635,0.0
2022-01-15 11:15:33.004757,40.79211,40.69925,0.0
2022-01-15 11:15:33.511153,39.91582,40.235,0.0
2022-01-15 11:15:34.009107,39.81185,41.00875,0.0
2022-01-15 11:15:34.504078,40.74013,40.08025,0.0
2022-01-15 11:15:35.002350,40.27599,40.854,0.0
2022-01-15 11:15:35.510054,39.14226,39.8735,0.0
2022-01-15 11:15:36.008604,40.74013,40.69925,0.0
2022-01-15 11:15:36.505779,40.48269,40.5445,0.0
2022-01-15 11:15:37.003687,39.65714,40.183,0.0
2022-01-15 11:15:37.509749,40.07053,41.369,0.0
2022-01-15 11:15:38.007493,40.94682,40.131,0.0
2022-01-15 11:15:38.501087,40.17326,41.1115,0.0
2022-01-15 11:15:39.009158,39.76111,40.235,0.0
2022-01-15 11:15:39.503262,40.4307,40.38975,0.0
2022-01-15 11:15:40.002053,40.74013,40.5445,0.0
2022-01-15 11:15:40.508640,39.91582,39.97625,0.0
2022-01-15 11:15:41.008438,39.55441,41.1635,0.0
2022-01-15 11:15:41.502429,40.74013,39.8735,0.0
2022-01-15 11:15:42.001564,40.37996,40.95675,0.0
2022-01-15 11:15:42.507294,39.55441,40.802,0.0
2022-01-15 11:15:43.006422,40.53467,40.75,0.0
2022-01-15 11:15:43.501632,40.32797,40.38975,0.0
2022-01-15 11:15:44.008879,39.55441,40.38975,0.0
2022-01-15 11:15:44.503611,40.68938,40.59525,0.0
2022-01-15 11:15:45.003748,40.07053,39.9255,0.0
2022-01-15 11:15:45.509061,40.12128,40.64725,0.0
2022-01-15 11:15:46.006512,40.27599,40.4925,0.0
2022-01-15 11:15:46.510590,40.94682,40.802,0.0
2022-01-15 11:15:47.008485,39.76111,40.59525,0.0
2022-01-15 11:15:47.503142,40.01855,40.64725,0.0
2022-01-15 11:15:48.002769,41.15352,41.21425,0.0
2022-01-15 11:15:48.509093,39.86384,39.66675,0.0
2022-01-15 11:15:49.007523,39.193,40.5445,0.0
2022-01-15 11:15:49.501632,40.94682,40.69925,0.0
2022-01-15 11:15:50.009765,40.74013,39.66675,0.0
2022-01-15 11:15:50.505969,39.193,40.69925,0.0
2022-01-15 11:15:51.005696,40.94682,40.4925,0.0
2022-01-15 11:15:51.509615,41.04955,41.26625,0.0
2022-01-15 11:15:52.008234,39.65714,40.235,0.0
2022-01-15 11:15:52.503904,39.09027,40.75,0.0
2022-01-15 11:15:53.505093,40.32797,39.8215,0.0
2022-01-15 11:15:54.002640,38.93556,40.5445,0.0
2022-01-15 11:15:54.508657,40.89484,40.4925,0.0
2022-01-15 11:15:55.007742,40.58542,40.28575,0.0
2022-01-15 11:15:55.503207,39.81185,40.69925,0.0
2022-01-15 11:15:56.011013,40.07053,41.1115,0.0
2022-01-15 11:15:56.504701,41.10154,40.4405,0.0
2022-01-15 11:15:57.002552,40.12128,40.33775,0.0
2022-01-15 11:15:57.508189,39.55441,40.69925,0.0
2022-01-15 11:15:58.006030,40.48269,40.38975,0.0
2022-01-15 11:15:58.510527,40.58542,39.9255,0.0
2022-01-15 11:15:59.008887,39.55441,40.802,0.0
2022-01-15 11:15:59.504143,40.01855,40.38975,0.0
2022-01-15 11:16:00.004052,40.37996,40.38975,0.0
2022-01-15 11:16:00.506868,40.12128,41.00875,0.0
2022-01-15 11:16:01.004548,40.12128,40.59525,0.0
2022-01-15 11:16:01.501049,40.37996,40.75,0.0
2022-01-15 11:16:02.011049,40.01855,39.8735,0.0
2022-01-15 11:16:02.506821,40.22525,41.369,0.0
2022-01-15 11:16:03.005547,40.6374,40.02825,0.0
2022-01-15 11:16:03.501620,39.50243,39.8735,0.0
2022-01-15 11:16:04.002247,40.6374,41.31825,0.0
2022-01-15 11:16:04.508497,40.27599,40.131,0.0
2022-01-15 11:16:05.005058,40.22525,40.802,0.0
2022-01-15 11:16:05.510256,39.81185,40.4925,0.0
2022-01-15 11:16:06.008872,40.74013,40.854,0.0
2022-01-15 11:16:06.502653,40.79211,40.33775,0.0
2022-01-15 11:16:07.001853,39.34772,40.4925,0.0
2022-01-15 11:16:07.509009,40.48269,40.75,0.0
2022-01-15 11:16:08.006624,40.58542,40.08025,0.0
2022-01-15 11:16:08.504772,39.76111,40.59525,0.0
2022-01-15 11:16:09.002301,39.55441,40.4405,0.0
2022-01-15 11:16:09.506992,40.94682,40.59525,0.0
2022-01-15 11:16:10.003752,40.07053,40.5445,0.0
2022-01-15 11:16:10.509784,39.50243,40.75,0.0
2022-01-15 11:16:11.007619,40.89484,40.75,0.0
2022-01-15 11:16:11.502723,40.37996,40.235,0.0
2022-01-15 11:16:12.001612,39.70912,40.854,0.0
2022-01-15 11:16:12.507239,40.01855,40.08025,0.0
2022-01-15 11:16:13.004561,40.99881,40.75,0.0
2022-01-15 11:16:13.510625,40.12128,40.02825,0.0
2022-01-15 11:16:14.010154,39.65714,40.90475,0.0
2022-01-15 11:16:14.503899,40.4307,40.5445,0.0
2022-01-15 11:16:15.011192,40.74013,40.38975,0.0
2022-01-15 11:16:15.505788,39.76111,41.1115,0.0
2022-01-15 11:16:16.002483,40.17326,39.71875,0.0
2022-01-15 11:16:16.508533,40.6374,41.1635,0.0
2022-01-15 11:16:17.005625,39.86384,40.59525,0.0
2022-01-15 11:16:17.501626,40.07053,40.02825,0.0
2022-01-15 11:16:18.009239,40.48269,40.59525,0.0
2022-01-15 11:16:18.506114,39.29697,39.97625,0.0
2022-01-15 11:16:19.004276,40.6374,41.21425,0.0
2022-01-15 11:16:19.510002,40.58542,40.28575,0.0
2022-01-15 11:16:20.006852,39.6064,40.69925,0.0
2022-01-15 11:16:20.501596,40.53467,40.75,4.20166
2022-01-15 11:16:21.009699,40.6374,40.59525,4.20166
2022-01-15 11:16:21.506927,40.37996,40.69925,57.45291
2022-01-15 11:16:22.007086,39.65714,40.131,57.45291
2022-01-15 11:16:22.502160,40.17326,40.75,89.02666
2022-01-15 11:16:23.008860,40.6374,39.8215,89.02666
2022-01-15 11:16:23.503458,39.86384,40.90475,88.08416
2022-01-15 11:16:24.011139,39.76111,40.802,88.08416
2022-01-15 11:16:24.505615,40.79211,40.183,87.69114
2022-01-15 11:16:25.002768,40.32797,40.59525,87.69114
2022-01-15 11:16:25.507503,39.14226,40.4925,87.57333
2022-01-15 11:16:26.005937,41.04955,41.1115,87.57333
2022-01-15 11:16:26.501586,40.37996,39.9255,87.61291
2022-01-15 11:16:27.001068,38.21398,40.69925,87.61291
2022-01-15 11:16:27.505721,40.89484,40.183,87.6525
2022-01-15 11:16:28.003709,40.07053,40.4405,87.6525
2022-01-15 11:16:28.508938,39.55441,40.5445,87.73072
2022-01-15 11:16:29.005547,40.68938,41.00875,87.73072
2022-01-15 11:16:29.501104,40.22525,40.131,87.37729
2022-01-15 11:16:30.009806,40.48269,40.802,87.37729
2022-01-15 11:16:30.506960,40.8441,40.75,88.12375
2022-01-15 11:16:31.005742,40.27599,40.38975,88.12375
2022-01-15 11:16:31.501540,40.07053,40.08025,87.21989
2022-01-15 11:16:32.009227,40.53467,40.5445,87.21989
2022-01-15 11:16:32.504340,40.32797,40.33775,87.61291
2022-01-15 11:16:33.002596,40.01855,40.235,87.61291
2022-01-15 11:16:33.508411,40.74013,40.69925,87.53468
2022-01-15 11:16:34.006328,40.79211,40.802,87.53468
2022-01-15 11:16:34.501095,40.12128,40.235,87.88812
2022-01-15 11:16:35.010351,39.91582,40.08025,87.88812
2022-01-15 11:16:35.505665,41.15352,41.1115,87.80895
2022-01-15 11:16:36.004232,40.37996,40.33775,87.80895
2022-01-15 11:16:36.509227,39.193,39.35725,88.24156
2022-01-15 11:16:37.008545,40.89484,40.802,88.24156
2022-01-15 11:16:37.504694,41.10154,41.0595,88.04458
2022-01-15 11:16:38.001791,39.76111,39.77075,88.04458
2022-01-15 11:16:38.507518,40.53467,40.64725,87.88812
2022-01-15 11:16:39.006942,41.41096,41.1635,87.88812
2022-01-15 11:16:39.503214,39.91582,40.02825,87.25947
2022-01-15 11:16:40.001827,39.70912,39.8215,87.25947
2022-01-15 11:16:40.507085,41.04955,41.26625,87.29906
2022-01-15 11:16:41.004615,40.4307,40.235,87.29906
2022-01-15 11:16:41.509968,39.29697,39.35725,87.96635
2022-01-15 11:16:42.008335,40.99881,41.00875,87.96635
2022-01-15 11:16:42.503422,41.15352,41.0595,87.29906
2022-01-15 11:16:43.003803,39.96657,39.97625,87.29906
2022-01-15 11:16:43.511154,40.4307,40.33775,88.04458
2022-01-15 11:16:44.009106,40.8441,41.00875,88.04458
2022-01-15 11:16:44.506977,40.01855,39.8735,88.08416
2022-01-15 11:16:45.006079,40.12128,40.28575,88.08416
2022-01-15 11:16:45.511023,40.94682,41.00875,87.69114
2022-01-15 11:16:46.009017,39.70912,39.8735,87.69114
2022-01-15 11:16:46.504703,40.12128,40.183,88.00593
2022-01-15 11:16:47.002748,41.56567,41.52375,88.00593
2022-01-15 11:16:47.509253,40.17326,40.38975,87.61291
2022-01-15 11:16:48.008199,39.91582,39.97625,87.61291
2022-01-15 11:16:48.503137,41.04955,41.1115,87.6525
2022-01-15 11:16:49.010790,40.4307,40.4405,87.6525
2022-01-15 11:16:49.506658,39.65714,39.71875,87.21989
2022-01-15 11:16:50.005649,40.94682,40.90475,87.21989
2022-01-15 11:16:50.510123,40.48269,40.4925,88.12375
2022-01-15 11:16:51.008814,39.76111,39.9255,88.12375
2022-01-15 11:16:51.503809,40.58542,40.64725,87.73072
2022-01-15 11:16:52.003210,40.99881,41.1115,87.73072
2022-01-15 11:16:52.510047,40.07053,40.131,87.88812
2022-01-15 11:16:53.007727,40.17326,40.28575,87.88812
2022-01-15 11:16:53.502803,40.8441,40.90475,87.10208
2022-01-15 11:16:54.002526,40.17326,40.131,87.10208
2022-01-15 11:16:54.507027,40.27599,40.28575,86.74864
2022-01-15 11:16:55.005596,42.75139,43.0205,86.74864
2022-01-15 11:16:55.501563,47.75417,47.81775,88.31979
2022-01-15 11:16:56.001650,49.40403,49.36525,88.31979
2022-01-15 11:16:56.509768,52.03414,52.35625,87.6525
2022-01-15 11:16:57.006542,55.90195,56.07025,87.6525
2022-01-15 11:16:57.501155,57.91322,57.97925,86.51301
2022-01-15 11:16:58.009405,60.90474,61.38375,86.51301
2022-01-15 11:16:58.504851,64.25643,64.6335,87.45551
2022-01-15 11:16:59.002403,66.57712,67.1615,87.45551
2022-01-15 11:16:59.509337,69.82608,70.2045,88.16239
2022-01-15 11:17:00.008198,72.6109,73.09275,88.16239
2022-01-15 11:17:00.503337,75.19027,75.7235,87.84854
2022-01-15 11:17:01.001061,77.87113,78.66375,87.84854
2022-01-15 11:17:01.506301,81.53348,82.17225,87.57333
2022-01-15 11:17:02.006461,83.44078,84.23475,87.57333
2022-01-15 11:17:02.502162,84.93716,84.95775,87.29906
2022-01-15 11:17:03.001378,83.54475,83.7705,87.29906
2022-01-15 11:17:03.507293,84.26632,84.4415,87.4951
2022-01-15 11:17:04.005896,84.05963,84.28675,87.4951
2022-01-15 11:17:04.510207,83.44078,83.8745,87.57333
2022-01-15 11:17:05.010185,84.11161,84.54425,87.57333
2022-01-15 11:17:05.505497,83.54475,84.4415,87.37729
2022-01-15 11:17:06.002671,84.1636,84.64825,87.37729
2022-01-15 11:17:06.507000,83.90492,84.3895,85.88531
2022-01-15 11:17:07.004380,84.11161,84.28675,85.88531
2022-01-15 11:17:07.509669,84.47302,85.16325,86.82781
2022-01-15 11:17:08.007988,83.44078,84.132,86.82781
2022-01-15 11:17:08.503510,84.00888,84.64825,86.63083
2022-01-15 11:17:09.001757,83.54475,84.23475,86.63083
2022-01-15 11:17:09.510576,84.00888,84.90575,86.12093
2022-01-15 11:17:10.009139,83.69946,84.33875,86.12093
2022-01-15 11:17:10.504620,84.26632,84.699,86.67041
2022-01-15 11:17:11.002688,84.11161,84.33875,86.67041
2022-01-15 11:17:11.508562,84.05963,84.59625,86.04176
2022-01-15 11:17:12.006595,83.49276,84.33875,86.04176
2022-01-15 11:17:12.501145,83.49276,84.28675,86.04176
2022-01-15 11:17:13.011010,84.26632,84.95775,86.04176
2022-01-15 11:17:13.505433,83.08061,83.92525,86.15958
2022-01-15 11:17:14.005803,84.26632,84.64825,86.15958
2022-01-15 11:17:14.502197,83.80219,84.23475,85.64968
2022-01-15 11:17:15.009690,84.1636,84.699,85.64968
2022-01-15 11:17:15.505572,84.05963,84.4935,85.72791
2022-01-15 11:17:16.002304,83.44078,84.4935,85.72791
2022-01-15 11:17:16.507915,83.64747,84.64825,85.33489
2022-01-15 11:17:17.005081,83.44078,84.54425,85.33489
2022-01-15 11:17:17.501107,83.9569,84.85375,85.68833
2022-01-15 11:17:18.008907,83.85417,84.33875,85.68833
2022-01-15 11:17:18.506211,84.00888,84.3895,86.04176
2022-01-15 11:17:19.004611,83.85417,84.28675,86.04176
2022-01-15 11:17:19.510388,83.9569,84.85375,85.37447
