時間,回転１,回転２,回転３
2022-01-20 16:00:00.011082,84.88517,84.699,86.00312
2022-01-20 16:00:00.504826,83.85417,84.08,86.00312
2022-01-20 16:00:01.001142,84.88517,85.0085,85.64968
2022-01-20 16:00:01.506693,83.39003,83.461,85.64968
2022-01-20 16:00:02.003576,84.42104,84.699,85.13885
2022-01-20 16:00:02.502551,83.90492,84.54425,85.13885
2022-01-20 16:00:03.001352,84.47302,84.64825,86.31697
2022-01-20 16:00:03.508828,84.31831,84.28675,86.31697
2022-01-20 16:00:04.006715,84.05963,84.28675,85.68833
2022-01-20 16:00:04.502617,84.73046,84.95775,85.68833
2022-01-20 16:00:05.009159,84.11161,84.33875,85.88531
2022-01-20 16:00:05.503516,84.62773,84.90575,85.88531
2022-01-20 16:00:06.000839,83.13135,83.7705,86.98426
2022-01-20 16:00:06.510210,84.57575,84.85375,86.98426
2022-01-20 16:00:07.009026,84.67848,84.751,85.88531
2022-01-20 16:00:07.504373,84.21434,84.3895,85.88531
2022-01-20 16:00:08.002545,84.21434,84.3895,85.53187
2022-01-20 16:00:08.509136,84.05963,84.33875,85.53187
2022-01-20 16:00:09.007557,84.52377,84.803,85.29625
2022-01-20 16:00:09.501191,83.9569,84.4935,85.29625
2022-01-20 16:00:10.001067,84.31831,84.699,85.57051
2022-01-20 16:00:10.505337,83.64747,83.66775,85.57051
2022-01-20 16:00:11.001013,84.88517,85.1125,85.6101
2022-01-20 16:00:11.508215,84.00888,84.132,85.6101
2022-01-20 16:00:12.005077,84.26632,84.33875,85.68833
2022-01-20 16:00:12.509218,84.31831,84.4415,85.68833
2022-01-20 16:00:13.008391,83.64747,84.02925,85.53187
2022-01-20 16:00:13.501167,85.03989,85.318,85.53187
2022-01-20 16:00:14.009947,83.39003,83.71975,85.21708
2022-01-20 16:00:14.504182,84.67848,84.803,85.21708
2022-01-20 16:00:15.010758,84.05963,84.08,86.04176
2022-01-20 16:00:15.506225,84.42104,84.803,86.04176
2022-01-20 16:00:16.006406,84.31831,84.59625,85.29625
2022-01-20 16:00:16.501245,84.05963,84.3895,85.29625
2022-01-20 16:00:17.010041,84.11161,84.4415,86.47437
2022-01-20 16:00:17.505690,84.05963,84.28675,86.47437
2022-01-20 16:00:18.004781,84.52377,84.64825,85.37447
2022-01-20 16:00:18.510268,84.05963,84.08,85.37447
2022-01-20 16:00:19.006989,84.42104,84.751,85.68833
2022-01-20 16:00:19.501666,84.26632,84.4935,85.68833
2022-01-20 16:00:20.010626,83.9569,84.184,85.6101
2022-01-20 16:00:20.508084,84.52377,84.85375,85.6101
2022-01-20 16:00:21.007201,83.90492,84.28675,86.12093
2022-01-20 16:00:21.503272,84.62773,84.59625,86.12093
2022-01-20 16:00:22.001833,84.31831,84.3895,85.80614
2022-01-20 16:00:22.506768,83.80219,83.97725,85.80614
2022-01-20 16:00:23.005075,84.67848,84.90575,85.7675
2022-01-20 16:00:23.510727,83.80219,84.184,85.7675
2022-01-20 16:00:24.009788,84.52377,84.803,85.25666
2022-01-20 16:00:24.506321,83.85417,84.3895,85.25666
2022-01-20 16:00:25.005802,84.42104,84.4415,85.7675
2022-01-20 16:00:25.502153,84.93716,84.803,85.7675
2022-01-20 16:00:26.010744,83.9569,84.184,85.33489
2022-01-20 16:00:26.504751,84.11161,84.4935,85.33489
2022-01-20 16:00:27.002791,84.05963,84.33875,85.57051
2022-01-20 16:00:27.508062,84.62773,84.85375,85.57051
2022-01-20 16:00:28.006304,83.44078,83.92525,85.57051
2022-01-20 16:00:28.503130,84.57575,84.751,85.57051
2022-01-20 16:00:29.010725,84.21434,84.184,86.59218
2022-01-20 16:00:29.508440,84.26632,84.4415,86.59218
2022-01-20 16:00:30.006284,84.93716,85.0085,84.90322
2022-01-20 16:00:30.501186,83.44078,83.8225,84.90322
2022-01-20 16:00:31.009184,84.73046,85.0605,86.15958
2022-01-20 16:00:31.505680,83.9569,84.33875,86.15958
2022-01-20 16:00:32.005122,84.42104,84.699,85.29625
2022-01-20 16:00:32.510888,83.7502,83.97725,85.29625
2022-01-20 16:00:33.009755,84.57575,84.85375,85.33489
2022-01-20 16:00:33.505059,84.31831,84.3895,85.33489
2022-01-20 16:00:34.002662,84.31831,84.85375,85.96354
2022-01-20 16:00:34.509723,84.05963,84.28675,85.96354
2022-01-20 16:00:35.010039,83.64747,83.97725,85.6101
2022-01-20 16:00:35.504930,84.78245,85.0605,85.6101
2022-01-20 16:00:36.002731,83.85417,84.132,85.53187
2022-01-20 16:00:36.508346,84.42104,84.4935,85.53187
2022-01-20 16:00:37.005747,84.00888,84.02925,86.15958
2022-01-20 16:00:37.501345,84.36905,84.59625,86.15958
2022-01-20 16:00:38.010158,84.67848,84.90575,85.7675
2022-01-20 16:00:38.506655,83.7502,83.97725,85.7675
2022-01-20 16:00:39.003770,84.52377,84.64825,85.96354
2022-01-20 16:00:39.509145,83.7502,84.23475,85.96354
2022-01-20 16:00:40.006849,84.73046,84.95775,85.33489
2022-01-20 16:00:40.502979,84.11161,84.08,85.33489
2022-01-20 16:00:41.001275,84.26632,84.4415,85.64968
2022-01-20 16:00:41.507684,84.21434,84.59625,85.64968
2022-01-20 16:00:42.006325,84.36905,84.751,86.51301
2022-01-20 16:00:42.501199,84.26632,84.33875,86.51301
2022-01-20 16:00:43.009458,83.64747,84.132,85.96354
2022-01-20 16:00:43.504553,84.42104,84.64825,85.96354
2022-01-20 16:00:44.005220,84.42104,84.54425,85.41406
2022-01-20 16:00:44.510987,84.1636,84.4935,85.41406
2022-01-20 16:00:45.008390,84.47302,84.699,86.23875
2022-01-20 16:00:45.501961,84.11161,84.4415,86.23875
2022-01-20 16:00:46.001162,84.36905,84.54425,85.92395
2022-01-20 16:00:46.507193,84.00888,84.59625,85.92395
2022-01-20 16:00:47.006801,83.90492,84.08,85.68833
2022-01-20 16:00:47.506916,84.57575,84.699,85.68833
2022-01-20 16:00:48.004497,83.9569,83.92525,85.33489
2022-01-20 16:00:48.502829,84.57575,84.803,85.33489
2022-01-20 16:00:49.001284,84.26632,84.4935,86.19916
2022-01-20 16:00:49.505283,84.00888,84.28675,86.19916
2022-01-20 16:00:50.001517,84.26632,84.699,85.80614
2022-01-20 16:00:50.508033,84.42104,84.751,85.80614
2022-01-20 16:00:51.006463,84.11161,84.4415,85.68833
2022-01-20 16:00:51.510942,84.31831,84.4415,85.68833
2022-01-20 16:00:52.009933,84.21434,84.3895,85.4527
2022-01-20 16:00:52.505811,84.00888,84.28675,85.4527
2022-01-20 16:00:53.003659,84.73046,84.85375,85.57051
2022-01-20 16:00:53.511136,83.69946,84.132,85.57051
2022-01-20 16:00:54.009153,84.52377,84.699,86.08135
2022-01-20 16:00:54.505745,84.1636,84.33875,86.08135
2022-01-20 16:00:55.003898,84.21434,84.3895,85.72791
2022-01-20 16:00:55.508817,84.57575,84.64825,85.72791
2022-01-20 16:00:56.007234,83.9569,84.28675,85.4527
2022-01-20 16:00:56.504486,84.42104,84.699,85.4527
2022-01-20 16:00:57.002201,83.54475,83.8745,87.14166
2022-01-20 16:00:57.508942,84.52377,84.751,87.14166
2022-01-20 16:00:58.009327,84.05963,84.4415,84.78541
2022-01-20 16:00:58.503750,84.52377,84.4935,84.78541
2022-01-20 16:00:59.002559,84.21434,84.23475,86.27739
2022-01-20 16:00:59.507397,83.90492,84.23475,86.27739
2022-01-20 16:01:00.005638,84.67848,85.0605,84.98145
2022-01-20 16:01:00.503835,83.7502,84.184,84.98145
2022-01-20 16:01:01.002784,84.67848,84.85375,86.74864
2022-01-20 16:01:01.509553,83.44078,83.8745,86.74864
2022-01-20 16:01:02.008138,84.88517,84.90575,85.7675
2022-01-20 16:01:02.502995,84.52377,84.64825,85.7675
2022-01-20 16:01:03.001076,83.90492,84.02925,86.08135
2022-01-20 16:01:03.506439,84.05963,84.33875,86.08135
2022-01-20 16:01:04.003650,84.42104,84.699,86.12093
2022-01-20 16:01:04.507503,84.11161,84.33875,86.12093
2022-01-20 16:01:05.005284,83.90492,84.28675,85.29625
2022-01-20 16:01:05.510603,84.31831,84.33875,85.29625
2022-01-20 16:01:06.008002,84.36905,84.33875,84.94281
2022-01-20 16:01:06.502852,84.62773,84.699,84.94281
2022-01-20 16:01:07.003201,84.26632,84.64825,85.57051
2022-01-20 16:01:07.509138,83.80219,84.08,85.57051
2022-01-20 16:01:08.006641,83.85417,83.71975,85.72791
2022-01-20 16:01:08.502176,84.00888,84.54425,85.72791
2022-01-20 16:01:09.010467,84.57575,84.64825,235.38937
2022-01-20 16:01:09.508652,84.05963,83.92525,235.38937
2022-01-20 16:01:10.006729,84.31831,84.3895,217.08885
2022-01-20 16:01:10.501901,83.69946,84.132,217.08885
2022-01-20 16:01:11.006507,85.14262,85.52475,175.42281
2022-01-20 16:01:11.502717,83.28607,83.461,175.42281
2022-01-20 16:01:12.002477,84.31831,84.4415,113.17822
2022-01-20 16:01:12.507765,83.69946,83.71975,113.17822
2022-01-20 16:01:13.006432,84.73046,84.95775,93.22833
2022-01-20 16:01:13.502583,84.31831,84.33875,93.22833
2022-01-20 16:01:14.002072,83.80219,84.132,91.4225
2022-01-20 16:01:14.506641,84.31831,84.54425,91.4225
2022-01-20 16:01:15.007539,84.62773,84.95775,87.6525
2022-01-20 16:01:15.502235,84.05963,84.33875,87.6525
2022-01-20 16:01:16.010799,84.47302,84.803,86.31697
2022-01-20 16:01:16.505265,84.42104,84.699,86.31697
2022-01-20 16:01:17.003516,83.85417,83.97725,87.21989
2022-01-20 16:01:17.509178,84.83319,84.95775,87.21989
2022-01-20 16:01:18.007060,83.64747,84.08,86.5526
2022-01-20 16:01:18.503347,84.62773,84.90575,86.5526
2022-01-20 16:01:19.001612,83.90492,84.184,85.96354
2022-01-20 16:01:19.506881,84.26632,84.4935,85.96354
2022-01-20 16:01:20.006450,84.05963,84.4935,86.00312
2022-01-20 16:01:21.005187,84.83319,84.85375,85.57051
2022-01-20 16:01:21.510064,83.44078,83.66775,85.57051
2022-01-20 16:01:22.007214,84.83319,85.0605,85.29625
2022-01-20 16:01:22.501539,83.80219,84.02925,85.29625
2022-01-20 16:01:23.001142,84.88517,84.85375,84.98145
2022-01-20 16:01:23.507597,83.44078,84.02925,84.98145
2022-01-20 16:01:24.004413,84.21434,84.4415,85.88531
2022-01-20 16:01:24.510488,84.57575,84.59625,85.88531
2022-01-20 16:01:25.007802,84.05963,84.23475,85.17843
2022-01-20 16:01:25.503619,84.83319,85.0605,85.17843
2022-01-20 16:01:26.002351,83.64747,83.8225,85.72791
2022-01-20 16:01:26.507833,84.88517,85.0605,85.72791
2022-01-20 16:01:27.007256,83.69946,84.23475,85.80614
2022-01-20 16:01:27.506095,84.62773,84.751,85.80614
2022-01-20 16:01:28.004455,83.69946,83.92525,86.04176
2022-01-20 16:01:28.509086,84.36905,84.64825,86.04176
2022-01-20 16:01:29.007117,84.1636,84.4415,85.25666
2022-01-20 16:01:29.501541,84.36905,84.699,85.25666
2022-01-20 16:01:30.008620,84.26632,84.28675,85.64968
2022-01-20 16:01:30.503860,83.59549,84.08,85.64968
2022-01-20 16:01:31.002854,84.52377,84.64825,84.94281
2022-01-20 16:01:31.509119,84.47302,84.699,84.94281
2022-01-20 16:01:32.008286,83.90492,84.08,86.3952
2022-01-20 16:01:32.502997,84.26632,84.3895,86.3952
2022-01-20 16:01:33.001570,83.80219,84.28675,85.21708
2022-01-20 16:01:33.507475,84.83319,84.95775,85.21708
2022-01-20 16:01:34.006136,83.80219,84.23475,85.7675
2022-01-20 16:01:34.510274,84.1636,84.33875,85.7675
2022-01-20 16:01:35.008675,84.11161,84.4415,85.09926
2022-01-20 16:01:35.503710,84.62773,84.3895,85.09926
2022-01-20 16:01:36.002161,84.26632,84.54425,86.00312
2022-01-20 16:01:36.509508,84.05963,84.28675,86.00312
2022-01-20 16:01:37.006774,84.26632,84.33875,85.72791
2022-01-20 16:01:37.502740,84.11161,84.3895,85.72791
2022-01-20 16:01:38.011122,84.26632,84.3895,85.72791
2022-01-20 16:01:38.505512,84.05963,84.4935,85.72791
2022-01-20 16:01:39.004246,84.1636,84.23475,85.17843
2022-01-20 16:01:39.508782,84.78245,84.803,85.17843
2022-01-20 16:01:40.006479,83.64747,84.08,85.80614
2022-01-20 16:01:40.504832,84.36905,84.59625,85.80614
2022-01-20 16:01:41.003838,84.26632,84.54425,84.74583
2022-01-20 16:01:41.508292,84.42104,84.54425,84.74583
2022-01-20 16:01:42.006114,84.00888,84.4415,85.17843
2022-01-20 16:01:42.502522,84.21434,84.33875,85.17843
2022-01-20 16:01:43.009745,84.78245,84.85375,85.57051
2022-01-20 16:01:43.503441,83.90492,84.184,85.57051
2022-01-20 16:01:44.002270,84.57575,85.0085,85.57051
2022-01-20 16:01:44.507462,83.64747,83.8225,85.57051
2022-01-20 16:01:45.006596,84.67848,84.85375,85.29625
2022-01-20 16:01:45.503548,83.59549,84.08,85.29625
2022-01-20 16:01:46.002437,84.88517,84.803,85.7675
2022-01-20 16:01:46.508516,84.11161,84.28675,85.7675
2022-01-20 16:01:47.006063,84.26632,84.4415,85.92395
2022-01-20 16:01:47.502967,84.47302,84.59625,85.92395
2022-01-20 16:01:48.001227,83.80219,84.132,85.64968
2022-01-20 16:01:48.508357,84.47302,84.699,85.64968
2022-01-20 16:01:49.006841,83.44078,83.97725,85.80614
2022-01-20 16:01:49.502970,84.47302,84.64825,85.80614
2022-01-20 16:01:50.001861,84.21434,84.28675,85.96354
2022-01-20 16:01:50.506753,84.52377,84.85375,85.96354
2022-01-20 16:01:51.005850,84.11161,84.4415,85.17843
2022-01-20 16:01:51.501393,84.05963,84.23475,85.17843
2022-01-20 16:01:52.010510,84.78245,84.90575,86.12093
2022-01-20 16:01:52.504647,83.59549,84.02925,86.12093
2022-01-20 16:01:53.003529,84.57575,84.751,85.25666
2022-01-20 16:01:53.508049,83.69946,83.8225,85.25666
2022-01-20 16:01:54.008131,84.73046,84.90575,85.41406
2022-01-20 16:01:54.504143,84.00888,84.33875,85.41406
2022-01-20 16:01:55.002386,83.9569,84.33875,86.12093
2022-01-20 16:01:55.508345,84.42104,84.54425,86.12093
2022-01-20 16:01:56.006584,84.05963,84.4935,85.72791
2022-01-20 16:01:56.501773,84.52377,84.54425,85.72791
2022-01-20 16:01:57.009383,83.85417,84.23475,85.64968
2022-01-20 16:01:57.504582,84.36905,84.54425,85.64968
2022-01-20 16:01:58.001942,84.36905,84.4935,85.68833
2022-01-20 16:01:58.508506,84.1636,84.4935,85.68833
2022-01-20 16:01:59.006232,84.21434,84.4415,85.37447
2022-01-20 16:01:59.502745,84.26632,84.803,85.37447
2022-01-20 16:02:00.002954,84.1636,84.33875,85.13885
2022-01-20 16:02:00.509160,84.31831,84.751,85.13885
2022-01-20 16:02:01.007407,84.00888,84.02925,85.53187
2022-01-20 16:02:01.502965,84.62773,84.85375,85.53187
2022-01-20 16:02:02.001306,84.11161,84.33875,85.84572
2022-01-20 16:02:02.505888,84.52377,84.4415,85.84572
2022-01-20 16:02:03.005444,84.11161,84.33875,85.57051
2022-01-20 16:02:03.510587,84.31831,84.23475,85.57051
2022-01-20 16:02:04.009744,84.11161,84.751,85.49229
2022-01-20 16:02:04.504720,84.42104,84.4935,85.49229
2022-01-20 16:02:05.002608,83.90492,83.97725,85.41406
2022-01-20 16:02:05.507893,84.21434,84.64825,85.41406
2022-01-20 16:02:06.006666,84.36905,84.59625,85.88531
2022-01-20 16:02:06.501720,84.47302,84.803,85.88531
2022-01-20 16:02:07.010916,84.21434,84.23475,85.64968
2022-01-20 16:02:07.507553,84.11161,84.59625,85.64968
2022-01-20 16:02:08.005059,84.05963,84.132,85.96354
2022-01-20 16:02:08.510898,84.88517,85.16325,85.96354
2022-01-20 16:02:09.008992,83.90492,84.08,85.53187
2022-01-20 16:02:09.505956,84.47302,84.59625,85.53187
2022-01-20 16:02:10.003516,83.85417,84.132,84.78541
2022-01-20 16:02:10.508365,84.83319,84.90575,84.78541
2022-01-20 16:02:11.003324,83.64747,84.28675,85.21708
2022-01-20 16:02:11.501316,84.36905,84.28675,85.21708
2022-01-20 16:02:12.009060,84.21434,84.3895,85.41406
2022-01-20 16:02:12.502984,84.52377,84.59625,85.41406
2022-01-20 16:02:13.002034,84.21434,84.23475,85.41406
2022-01-20 16:02:13.506810,84.00888,84.3895,85.41406
2022-01-20 16:02:14.006176,84.05963,84.132,85.53187
2022-01-20 16:02:14.510661,83.85417,84.3895,85.53187
2022-01-20 16:02:15.008562,84.52377,84.85375,85.64968
2022-01-20 16:02:15.504021,83.90492,84.28675,85.64968
2022-01-20 16:02:16.004389,84.1636,84.33875,85.7675
2022-01-20 16:02:16.509843,84.73046,84.699,85.7675
2022-01-20 16:02:17.006733,83.7502,84.08,85.53187
2022-01-20 16:02:17.502448,84.42104,84.3895,85.53187
2022-01-20 16:02:18.001279,83.80219,84.28675,85.64968
2022-01-20 16:02:18.506760,84.21434,84.23475,85.64968
2022-01-20 16:02:19.004297,83.90492,84.4935,85.25666
2022-01-20 16:02:19.510939,84.26632,84.4935,85.25666
2022-01-20 16:02:20.009349,84.73046,84.64825,85.29625
2022-01-20 16:02:20.505569,84.1636,84.4935,85.29625
2022-01-20 16:02:21.002371,84.31831,84.4415,85.7675
2022-01-20 16:02:21.507736,83.90492,84.28675,85.7675
2022-01-20 16:02:22.005887,84.21434,84.33875,85.33489
2022-01-20 16:02:22.502700,84.21434,84.90575,85.33489
2022-01-20 16:02:23.011113,84.42104,84.23475,85.21708
2022-01-20 16:02:23.507074,84.42104,84.3895,85.21708
2022-01-20 16:02:24.005778,84.21434,84.4935,85.49229
2022-01-20 16:02:25.005517,84.31831,84.751,85.49229
2022-01-20 16:02:25.502468,83.7502,83.97725,85.49229
2022-01-20 16:02:26.010382,84.1636,84.95775,85.29625
2022-01-20 16:02:26.506083,84.1636,84.28675,85.29625
2022-01-20 16:02:27.004036,84.78245,84.751,85.09926
2022-01-20 16:02:27.510170,84.00888,83.97725,85.09926
2022-01-20 16:02:28.007295,84.11161,84.3895,86.12093
2022-01-20 16:02:28.502464,84.26632,84.699,86.12093
2022-01-20 16:02:29.010636,84.47302,84.59625,86.04176
2022-01-20 16:02:29.506327,83.80219,84.28675,86.04176
2022-01-20 16:02:30.004636,84.21434,84.33875,85.41406
2022-01-20 16:02:30.508875,84.57575,84.699,85.41406
2022-01-20 16:02:31.006214,84.31831,84.4415,85.09926
2022-01-20 16:02:31.501164,84.52377,84.85375,85.09926
2022-01-20 16:02:32.009783,83.85417,84.132,85.49229
2022-01-20 16:02:32.504322,84.52377,84.59625,85.49229
2022-01-20 16:02:33.003294,84.00888,84.59625,85.02104
2022-01-20 16:02:33.509514,84.1636,84.3895,85.02104
2022-01-20 16:02:34.008480,84.42104,84.59625,86.15958
2022-01-20 16:02:34.504263,83.64747,83.61575,86.15958
2022-01-20 16:02:35.002275,85.09187,85.16325,85.4527
2022-01-20 16:02:35.506169,83.64747,84.184,85.4527
2022-01-20 16:02:36.003736,84.67848,84.85375,86.78822
2022-01-20 16:02:36.510139,83.7502,84.132,86.78822
2022-01-20 16:02:37.008284,84.78245,84.90575,85.33489
2022-01-20 16:02:37.502642,84.26632,84.54425,85.33489
2022-01-20 16:02:38.011258,84.1636,84.33875,84.94281
2022-01-20 16:02:38.504714,84.57575,84.59625,84.94281
2022-01-20 16:02:39.003023,83.69946,84.08,85.49229
2022-01-20 16:02:39.509750,84.78245,85.0085,85.49229
2022-01-20 16:02:40.008289,83.54475,83.97725,85.84572
2022-01-20 16:02:40.504066,84.31831,84.4935,85.84572
2022-01-20 16:02:41.001856,84.05963,84.59625,85.02104
2022-01-20 16:02:41.507478,84.36905,84.4415,85.02104
2022-01-20 16:02:42.006019,84.36905,84.3895,85.88531
2022-01-20 16:02:42.501767,84.11161,84.4935,85.88531
2022-01-20 16:02:43.009355,84.42104,84.28675,85.92395
2022-01-20 16:02:43.507289,83.85417,84.23475,85.92395
2022-01-20 16:02:44.006167,84.42104,84.33875,85.6101
2022-01-20 16:02:44.502749,83.90492,84.4415,85.6101
2022-01-20 16:02:45.001174,84.57575,84.699,85.6101
2022-01-20 16:02:45.506770,84.47302,84.4935,85.6101
2022-01-20 16:02:46.004922,83.85417,84.184,85.29625
2022-01-20 16:02:46.509697,84.42104,84.4935,85.29625
2022-01-20 16:02:47.008495,84.26632,84.64825,85.96354
2022-01-20 16:02:47.503671,84.42104,84.4415,85.96354
2022-01-20 16:02:48.002830,83.7502,84.4415,85.4527
2022-01-20 16:02:48.502091,84.1636,84.33875,85.4527
2022-01-20 16:02:49.009522,84.36905,84.4415,86.00312
2022-01-20 16:02:49.505816,84.47302,84.54425,86.00312
2022-01-20 16:02:50.004104,84.26632,84.3895,85.33489
2022-01-20 16:02:50.508548,84.1636,84.4935,85.33489
2022-01-20 16:02:51.008394,84.11161,84.184,85.72791
2022-01-20 16:02:51.507837,84.00888,84.803,85.72791
2022-01-20 16:02:52.004523,84.42104,84.4935,85.37447
2022-01-20 16:02:52.502906,84.31831,84.33875,85.37447
2022-01-20 16:02:53.003509,84.05963,84.132,86.19916
2022-01-20 16:02:53.510323,84.57575,84.64825,86.19916
2022-01-20 16:02:54.007580,84.1636,84.4935,85.21708
2022-01-20 16:02:54.503195,84.31831,84.184,85.21708
2022-01-20 16:02:55.011264,83.85417,84.4935,86.3952
2022-01-20 16:02:55.506315,84.47302,84.751,86.3952
2022-01-20 16:02:56.004995,84.62773,84.751,85.29625
2022-01-20 16:02:56.509379,83.85417,83.97725,85.29625
2022-01-20 16:02:57.008440,84.62773,84.803,85.4527
2022-01-20 16:02:57.505306,83.9569,84.4935,85.4527
2022-01-20 16:02:58.004110,85.09187,84.95775,85.25666
2022-01-20 16:02:58.508382,83.54475,84.184,85.25666
2022-01-20 16:02:59.007206,84.36905,84.54425,85.72791
2022-01-20 16:02:59.504045,83.90492,84.23475,85.72791
2022-01-20 16:03:00.003640,84.57575,84.54425,85.6101
2022-01-20 16:03:00.510288,84.21434,84.132,85.6101
2022-01-20 16:03:01.009010,83.80219,84.28675,86.04176
2022-01-20 16:03:01.503682,85.03989,85.16325,86.04176
2022-01-20 16:03:02.001218,83.7502,84.23475,85.7675
2022-01-20 16:03:02.507200,84.31831,84.54425,85.7675
2022-01-20 16:03:03.005558,83.9569,84.4415,86.00312
2022-01-20 16:03:03.501709,84.21434,84.184,86.00312
2022-01-20 16:03:04.009928,84.62773,84.59625,86.08135
2022-01-20 16:03:04.506145,83.80219,84.132,86.08135
2022-01-20 16:03:05.004482,84.31831,84.54425,85.7675
2022-01-20 16:03:05.501112,84.11161,84.64825,85.7675
2022-01-20 16:03:06.009492,84.47302,84.803,84.78541
2022-01-20 16:03:06.504584,83.69946,84.28675,84.78541
2022-01-20 16:03:07.002517,84.47302,84.4935,85.57051
2022-01-20 16:03:07.508606,84.31831,84.33875,85.57051
2022-01-20 16:03:08.001401,84.26632,84.59625,85.6101
2022-01-20 16:03:08.501882,84.05963,84.184,85.6101
2022-01-20 16:03:09.009614,84.00888,84.33875,85.13885
2022-01-20 16:03:09.504742,84.47302,84.4935,85.13885
2022-01-20 16:03:10.003484,83.90492,84.54425,86.00312
2022-01-20 16:03:10.508688,84.57575,84.699,86.00312
2022-01-20 16:03:11.004564,84.00888,83.92525,86.63083
2022-01-20 16:03:11.502509,84.36905,84.54425,86.63083
2022-01-20 16:03:12.010574,84.21434,84.4415,85.33489
2022-01-20 16:03:12.507874,84.26632,84.751,85.33489
2022-01-20 16:03:13.006474,83.90492,84.02925,86.47437
2022-01-20 16:03:13.511207,83.9569,84.59625,86.47437
2022-01-20 16:03:14.009992,84.42104,84.54425,84.98145
2022-01-20 16:03:14.508063,84.67848,84.699,84.98145
2022-01-20 16:03:15.006738,84.11161,84.59625,85.7675
2022-01-20 16:03:15.511167,84.1636,84.28675,85.7675
2022-01-20 16:03:16.009921,84.05963,84.4935,85.33489
2022-01-20 16:03:16.505022,84.47302,84.90575,85.33489
2022-01-20 16:03:17.002816,83.85417,84.4415,85.21708
2022-01-20 16:03:17.508023,84.42104,84.59625,85.21708
2022-01-20 16:03:18.007058,84.31831,84.4415,85.09926
2022-01-20 16:03:18.502633,84.47302,84.59625,85.09926
2022-01-20 16:03:19.002461,84.42104,84.3895,86.00312
2022-01-20 16:03:19.509141,83.85417,84.3895,86.00312
2022-01-20 16:03:20.007972,84.47302,84.4415,84.98145
2022-01-20 16:03:20.505113,84.11161,84.59625,84.98145
2022-01-20 16:03:21.004472,84.1636,84.23475,85.33489
2022-01-20 16:03:21.510328,84.57575,84.85375,85.33489
2022-01-20 16:03:22.001187,84.31831,84.4935,85.84572
2022-01-20 16:03:22.509292,84.62773,84.59625,85.84572
2022-01-20 16:03:23.007599,84.00888,84.4935,85.37447
2022-01-20 16:03:24.509906,84.52377,84.751,85.37447
2022-01-20 16:03:25.006538,83.59549,83.8745,85.49229
2022-01-20 16:03:25.501354,84.47302,84.64825,85.49229
2022-01-20 16:03:26.009010,84.52377,84.64825,84.86364
2022-01-20 16:03:26.504693,84.00888,84.23475,84.86364
2022-01-20 16:03:27.006516,84.62773,84.751,85.41406
2022-01-20 16:03:27.501223,83.9569,84.3895,85.41406
2022-01-20 16:03:28.001534,84.62773,84.751,85.09926
2022-01-20 16:03:28.506468,83.7502,84.33875,85.09926
2022-01-20 16:03:29.005061,84.42104,84.4415,85.57051
2022-01-20 16:03:29.509869,84.21434,84.08,85.57051
2022-01-20 16:03:30.007897,84.36905,84.699,85.49229
2022-01-20 16:03:30.503937,84.31831,84.3895,85.49229
2022-01-20 16:03:31.011237,84.36905,84.85375,85.53187
2022-01-20 16:03:31.508411,84.31831,84.3895,85.53187
2022-01-20 16:03:32.006626,83.64747,84.08,85.84572
2022-01-20 16:03:32.501683,84.73046,84.95775,85.84572
2022-01-20 16:03:33.009634,84.05963,84.23475,85.92395
2022-01-20 16:03:33.504438,84.26632,84.54425,85.92395
2022-01-20 16:03:34.004487,84.21434,84.132,85.02104
2022-01-20 16:03:34.510666,84.05963,84.64825,85.02104
2022-01-20 16:03:35.008445,84.73046,84.803,85.80614
2022-01-20 16:03:35.503566,83.64747,84.184,85.80614
2022-01-20 16:03:36.002288,84.26632,84.3895,85.57051
2022-01-20 16:03:36.508025,84.1636,84.28675,85.57051
2022-01-20 16:03:37.006364,84.83319,85.21525,85.68833
2022-01-20 16:03:37.502533,83.9569,83.92525,85.68833
2022-01-20 16:03:38.505516,84.11161,84.184,86.00312
2022-01-20 16:03:39.004002,84.21434,84.803,85.21708
2022-01-20 16:03:39.509099,83.9569,84.08,85.21708
2022-01-20 16:03:40.008534,84.26632,84.28675,85.6101
2022-01-20 16:03:40.504685,84.21434,84.23475,85.6101
2022-01-20 16:03:41.003191,84.52377,84.59625,85.57051
2022-01-20 16:03:41.501132,83.85417,84.28675,85.57051
2022-01-20 16:03:42.005427,84.57575,84.64825,85.7675
2022-01-20 16:03:42.510862,84.11161,84.59625,85.7675
2022-01-20 16:03:43.010782,84.21434,84.23475,85.6101
2022-01-20 16:03:43.506568,84.26632,84.751,85.6101
2022-01-20 16:03:44.004616,84.00888,84.184,85.57051
2022-01-20 16:03:44.501462,84.57575,84.4935,85.57051
2022-01-20 16:03:45.010024,84.11161,84.4935,85.57051
2022-01-20 16:03:45.505715,83.9569,84.28675,85.57051
2022-01-20 16:03:46.003378,84.21434,84.64825,85.80614
2022-01-20 16:03:46.509387,84.36905,84.4935,85.80614
2022-01-20 16:03:47.006252,83.9569,84.33875,85.53187
2022-01-20 16:03:47.510751,84.62773,84.699,85.53187
2022-01-20 16:03:48.009048,84.42104,84.3895,86.47437
2022-01-20 16:03:48.504454,84.05963,84.4935,86.47437
2022-01-20 16:03:49.004483,84.57575,84.803,85.33489
2022-01-20 16:03:49.504681,83.9569,84.3895,85.33489
2022-01-20 16:03:50.002910,84.21434,84.23475,85.29625
2022-01-20 16:03:50.507698,84.05963,84.59625,85.29625
2022-01-20 16:03:51.006575,84.31831,84.4415,86.63083
2022-01-20 16:03:51.503891,84.93716,84.751,86.63083
2022-01-20 16:03:52.002228,83.9569,84.28675,85.53187
2022-01-20 16:03:52.509155,84.21434,84.59625,85.53187
2022-01-20 16:03:53.006810,84.26632,84.85375,85.4527
2022-01-20 16:03:53.503580,84.62773,84.751,85.4527
2022-01-20 16:03:54.001867,83.80219,84.33875,85.7675
2022-01-20 16:03:54.506610,84.26632,84.54425,85.7675
2022-01-20 16:03:55.004608,84.00888,83.8745,85.53187
2022-01-20 16:03:55.510402,84.9879,85.21525,85.53187
2022-01-20 16:03:56.010845,83.59549,83.7705,85.84572
2022-01-20 16:03:56.505459,83.9569,84.4935,85.84572
2022-01-20 16:03:57.003614,84.47302,84.64825,85.53187
2022-01-20 16:03:57.508970,83.9569,84.4935,85.53187
2022-01-20 16:03:58.006882,84.47302,84.59625,85.92395
2022-01-20 16:03:58.506585,84.21434,84.23475,85.92395
2022-01-20 16:03:59.005418,84.11161,84.3895,85.92395
2022-01-20 16:03:59.502880,84.62773,84.59625,85.92395
2022-01-20 16:04:00.002587,83.9569,84.54425,85.57051
2022-01-20 16:04:00.508200,84.1636,84.184,85.57051
2022-01-20 16:04:01.007291,83.90492,84.33875,85.37447
2022-01-20 16:04:01.502036,84.36905,84.64825,85.37447
2022-01-20 16:04:02.011091,83.90492,84.184,85.53187
2022-01-20 16:04:02.506735,84.36905,84.4415,85.53187
2022-01-20 16:04:03.006336,84.47302,84.54425,85.37447
2022-01-20 16:04:03.503750,84.31831,84.95775,85.37447
2022-01-20 16:04:04.002319,84.21434,84.3895,85.68833
2022-01-20 16:04:04.508001,83.85417,84.184,85.68833
2022-01-20 16:04:05.005541,84.26632,84.33875,85.29625
2022-01-20 16:04:05.501271,84.26632,84.4935,85.29625
2022-01-20 16:04:06.008766,83.80219,83.92525,87.57333
2022-01-20 16:04:06.504300,84.67848,84.4935,87.57333
2022-01-20 16:04:07.003608,83.7502,84.08,238.64854
2022-01-20 16:04:07.509512,84.52377,84.751,238.64854
2022-01-20 16:04:08.008449,84.67848,84.90575,215.98895
2022-01-20 16:04:08.504467,83.44078,83.461,215.98895
2022-01-20 16:04:09.002434,84.52377,84.85375,151.97812
2022-01-20 16:04:09.507765,83.80219,84.02925,151.97812
2022-01-20 16:04:10.005502,84.52377,84.33875,95.85979
2022-01-20 16:04:11.004240,84.47302,84.54425,94.95687
2022-01-20 16:04:11.508923,84.47302,84.64825,94.95687
2022-01-20 16:04:12.008027,84.47302,84.64825,88.39801
2022-01-20 16:04:12.507015,83.80219,84.4415,88.39801
2022-01-20 16:04:13.007180,84.26632,84.4935,88.2802
2022-01-20 16:04:13.502712,84.83319,84.95775,88.2802
2022-01-20 16:04:14.001564,83.90492,84.33875,86.98426
2022-01-20 16:04:14.502218,84.42104,84.64825,86.98426
2022-01-20 16:04:15.010113,83.90492,84.3895,86.35656
2022-01-20 16:04:15.505481,84.36905,84.184,86.35656
2022-01-20 16:04:16.006431,84.26632,84.751,86.5526
2022-01-20 16:04:16.510665,84.00888,84.28675,86.5526
2022-01-20 16:04:17.009151,84.42104,84.3895,86.27739
2022-01-20 16:04:17.504256,84.00888,84.3895,86.27739
2022-01-20 16:04:18.001915,84.47302,84.3895,86.15958
2022-01-20 16:04:18.507254,84.1636,84.54425,86.15958
2022-01-20 16:04:19.005794,84.42104,84.4415,85.02104
2022-01-20 16:04:19.501189,83.44078,83.92525,85.02104
2022-01-20 16:04:20.009265,84.88517,85.21525,85.6101
2022-01-20 16:04:20.503307,83.85417,83.92525,85.6101
2022-01-20 16:04:21.002780,84.26632,84.54425,85.7675
2022-01-20 16:04:21.509254,84.26632,84.23475,85.7675
2022-01-20 16:04:22.006566,84.11161,84.64825,85.37447
2022-01-20 16:04:22.501945,84.21434,84.184,85.37447
2022-01-20 16:04:23.009486,84.11161,84.59625,86.23875
2022-01-20 16:04:23.501156,84.57575,84.54425,86.23875
2022-01-20 16:04:24.009917,84.1636,84.4935,85.06062
2022-01-20 16:04:24.505302,84.67848,84.751,85.06062
2022-01-20 16:04:25.003121,83.85417,83.7705,85.68833
2022-01-20 16:04:25.506894,84.42104,84.90575,85.68833
2022-01-20 16:04:26.004648,84.26632,84.54425,86.3952
2022-01-20 16:04:26.509054,83.59549,83.97725,86.3952
2022-01-20 16:04:27.005993,84.57575,84.699,84.58937
2022-01-20 16:04:27.503563,83.64747,84.08,84.58937
2022-01-20 16:04:28.003009,84.83319,85.0085,85.92395
2022-01-20 16:04:28.509023,84.36905,84.28675,85.92395
2022-01-20 16:04:29.007001,83.90492,84.33875,85.80614
2022-01-20 16:04:29.505808,84.57575,84.699,85.80614
2022-01-20 16:04:30.002772,84.05963,84.54425,85.25666
2022-01-20 16:04:30.507162,83.9569,84.28675,85.25666
2022-01-20 16:04:31.005199,83.85417,84.33875,86.04176
2022-01-20 16:04:31.505694,84.31831,84.4415,86.04176
2022-01-20 16:04:32.005321,84.36905,84.28675,85.84572
2022-01-20 16:04:32.510780,84.57575,85.0605,85.84572
2022-01-20 16:04:33.009441,83.90492,84.08,85.4527
2022-01-20 16:04:33.504014,84.26632,84.4935,85.4527
2022-01-20 16:04:34.003323,84.47302,84.64825,85.88531
2022-01-20 16:04:34.508014,83.69946,84.23475,85.88531
2022-01-20 16:04:35.005239,84.57575,84.699,85.25666
2022-01-20 16:04:35.509883,84.31831,84.02925,85.25666
2022-01-20 16:04:36.009314,84.11161,84.4935,86.47437
2022-01-20 16:04:36.505085,84.73046,85.0085,86.47437
2022-01-20 16:04:37.004497,83.7502,84.02925,85.96354
2022-01-20 16:04:37.510761,84.62773,84.64825,85.96354
2022-01-20 16:04:38.009707,83.59549,84.132,86.04176
2022-01-20 16:04:38.506353,84.52377,84.699,86.04176
2022-01-20 16:04:39.005841,84.57575,84.4935,85.41406
2022-01-20 16:04:39.502181,84.05963,84.4415,85.41406
2022-01-20 16:04:40.010005,84.21434,84.4935,85.4527
2022-01-20 16:04:40.506861,84.47302,84.90575,85.4527
2022-01-20 16:04:41.005998,84.31831,84.4415,85.37447
2022-01-20 16:04:41.500948,83.49276,83.97725,85.37447
2022-01-20 16:04:42.009494,84.36905,84.54425,85.6101
2022-01-20 16:04:42.504030,83.7502,83.8745,85.6101
2022-01-20 16:04:43.002302,84.57575,84.85375,85.53187
2022-01-20 16:04:43.506753,84.42104,84.59625,85.53187
2022-01-20 16:04:44.003555,83.90492,84.3895,86.74864
2022-01-20 16:04:44.510689,84.73046,84.803,86.74864
2022-01-20 16:04:45.010716,83.7502,84.132,86.04176
2022-01-20 16:04:45.507119,84.57575,84.85375,86.04176
2022-01-20 16:04:46.006947,83.59549,83.8745,85.29625
2022-01-20 16:04:46.501260,84.67848,85.0605,85.29625
2022-01-20 16:04:47.010693,83.80219,83.8745,85.64968
2022-01-20 16:04:47.507384,84.57575,84.95775,85.64968
2022-01-20 16:04:48.005461,84.11161,84.28675,85.57051
2022-01-20 16:04:48.501052,84.57575,84.751,85.57051
2022-01-20 16:04:49.010068,84.67848,84.751,85.41406
2022-01-20 16:04:49.507141,83.59549,83.92525,85.41406
2022-01-20 16:04:50.007839,84.88517,85.1125,85.72791
2022-01-20 16:04:50.505481,83.85417,83.8225,85.72791
2022-01-20 16:04:51.004731,84.42104,84.85375,85.72791
2022-01-20 16:04:51.510274,83.90492,83.92525,85.72791
2022-01-20 16:04:52.008027,84.11161,84.4415,85.29625
2022-01-20 16:04:52.503670,84.62773,84.803,85.29625
2022-01-20 16:04:53.003284,83.90492,84.28675,86.19916
2022-01-20 16:04:53.509615,84.21434,84.33875,86.19916
2022-01-20 16:04:54.008551,84.36905,84.3895,86.04176
2022-01-20 16:04:54.504166,84.31831,84.751,86.04176
2022-01-20 16:04:55.002279,84.11161,84.23475,84.825
2022-01-20 16:04:55.507435,84.52377,84.85375,84.825
2022-01-20 16:04:56.006847,83.7502,83.8745,86.04176
2022-01-20 16:04:56.501473,84.31831,84.803,86.04176
2022-01-20 16:04:57.009181,84.42104,84.751,85.7675
2022-01-20 16:04:57.506453,84.42104,84.33875,85.7675
2022-01-20 16:04:58.006187,84.05963,84.4415,85.25666
2022-01-20 16:04:58.503405,84.1636,84.23475,85.25666
2022-01-20 16:04:59.001783,84.36905,84.803,85.84572
2022-01-20 16:04:59.507267,84.47302,84.54425,85.84572
2022-01-20 16:05:00.007379,83.9569,84.33875,86.23875
2022-01-20 16:05:00.504051,84.21434,84.3895,86.23875
2022-01-20 16:05:01.001481,84.67848,84.95775,85.02104
2022-01-20 16:05:01.506157,84.11161,84.3895,85.02104
2022-01-20 16:05:02.002895,84.52377,84.4935,85.64968
2022-01-20 16:05:02.508588,84.00888,84.28675,85.64968
2022-01-20 16:05:03.006340,84.1636,84.4935,84.825
2022-01-20 16:05:03.502443,84.21434,84.59625,84.825
2022-01-20 16:05:04.010811,83.9569,84.184,85.57051
2022-01-20 16:05:04.505207,84.31831,84.699,85.57051
2022-01-20 16:05:05.002883,84.62773,84.85375,86.08135
2022-01-20 16:05:05.508651,84.31831,84.33875,86.08135
2022-01-20 16:05:06.006784,83.69946,83.97725,85.4527
2022-01-20 16:05:06.510977,84.78245,84.751,85.4527
2022-01-20 16:05:07.001309,83.69946,83.92525,85.13885
2022-01-20 16:05:07.506818,84.62773,84.90575,85.13885
2022-01-20 16:05:08.006498,83.49276,83.7705,85.49229
2022-01-20 16:05:08.501213,84.62773,84.95775,85.49229
2022-01-20 16:05:09.010830,84.83319,84.64825,85.17843
2022-01-20 16:05:09.505995,84.26632,84.4935,85.17843
2022-01-20 16:05:10.004414,84.26632,84.3895,85.6101
2022-01-20 16:05:10.508900,83.9569,84.28675,85.6101
2022-01-20 16:05:11.003552,84.21434,84.3895,85.53187
2022-01-20 16:05:12.005414,84.36905,84.751,85.53187
2022-01-20 16:05:12.501116,84.1636,84.184,85.53187
2022-01-20 16:05:13.009851,84.31831,84.699,85.57051
2022-01-20 16:05:13.506137,84.26632,84.4935,85.57051
2022-01-20 16:05:14.003422,84.11161,84.4415,85.49229
2022-01-20 16:05:14.509363,84.57575,84.64825,85.49229
2022-01-20 16:05:15.007614,83.39003,83.92525,85.80614
2022-01-20 16:05:15.506406,84.78245,84.95775,85.80614
2022-01-20 16:05:16.003990,84.78245,84.54425,85.4527
2022-01-20 16:05:16.501397,83.80219,84.02925,85.4527
2022-01-20 16:05:17.009866,84.52377,84.54425,85.41406
2022-01-20 16:05:17.504549,84.26632,84.59625,85.41406
2022-01-20 16:05:18.001855,84.11161,84.184,86.35656
2022-01-20 16:05:18.506657,84.1636,84.4415,86.35656
2022-01-20 16:05:19.004914,83.85417,84.184,86.3952
2022-01-20 16:05:19.508963,84.47302,84.4935,86.3952
2022-01-20 16:05:20.007055,84.42104,84.64825,85.6101
2022-01-20 16:05:20.502222,84.05963,84.132,85.6101
2022-01-20 16:05:21.001775,84.05963,84.4935,86.00312
2022-01-20 16:05:21.506615,84.62773,84.803,86.00312
2022-01-20 16:05:22.004423,83.80219,84.184,86.23875
2022-01-20 16:05:22.510661,84.05963,84.33875,86.23875
2022-01-20 16:05:23.008729,84.57575,84.751,86.43479
2022-01-20 16:05:23.503433,83.9569,84.184,86.43479
2022-01-20 16:05:24.002876,84.67848,84.64825,86.04176
2022-01-20 16:05:24.507754,83.80219,84.132,86.04176
2022-01-20 16:05:25.008215,84.67848,84.699,85.88531
2022-01-20 16:05:25.504670,84.1636,84.54425,85.88531
2022-01-20 16:05:26.002039,83.9569,84.28675,85.68833
2022-01-20 16:05:26.506356,84.36905,84.4935,85.68833
2022-01-20 16:05:27.002813,84.36905,84.4935,85.6101
2022-01-20 16:05:27.509103,84.47302,84.59625,85.6101
2022-01-20 16:05:28.008000,83.7502,84.184,86.5526
2022-01-20 16:05:28.503356,84.31831,84.54425,86.5526
2022-01-20 16:05:29.010630,84.00888,84.28675,85.21708
2022-01-20 16:05:29.508636,84.67848,85.0605,85.21708
2022-01-20 16:05:30.006770,83.90492,84.184,85.21708
2022-01-20 16:05:30.511198,84.52377,84.751,85.21708
2022-01-20 16:05:31.009809,84.31831,84.23475,86.86645
2022-01-20 16:05:31.505972,83.9569,84.33875,86.86645
2022-01-20 16:05:32.003735,84.57575,84.95775,86.12093
2022-01-20 16:05:32.508204,83.39003,83.61575,86.12093
2022-01-20 16:05:33.006268,84.73046,85.0085,85.57051
2022-01-20 16:05:34.005543,84.88517,85.21525,85.4527
2022-01-20 16:05:34.502906,84.21434,84.08,85.4527
2022-01-20 16:05:35.001192,83.9569,84.28675,85.64968
2022-01-20 16:05:35.507037,84.47302,84.54425,85.64968
2022-01-20 16:05:36.006779,84.11161,84.33875,85.6101
2022-01-20 16:05:36.502382,84.88517,85.1125,85.6101
2022-01-20 16:05:37.009821,83.08061,83.565,85.41406
2022-01-20 16:05:37.505913,84.88517,85.16325,85.41406
2022-01-20 16:05:38.003930,84.21434,84.23475,85.96354
2022-01-20 16:05:38.501281,84.73046,85.0085,85.96354
2022-01-20 16:05:39.008436,84.05963,84.28675,86.00312
2022-01-20 16:05:39.503265,83.80219,84.08,86.00312
2022-01-20 16:05:40.001503,84.73046,84.803,86.35656
2022-01-20 16:05:40.506392,84.00888,84.4935,86.35656
2022-01-20 16:05:41.004594,84.26632,84.59625,85.72791
2022-01-20 16:05:41.509186,84.21434,84.23475,85.72791
2022-01-20 16:05:42.006402,84.47302,84.699,84.54979
2022-01-20 16:05:42.504807,84.26632,84.33875,84.54979
2022-01-20 16:05:43.003834,84.21434,84.4935,85.49229
2022-01-20 16:05:43.501715,84.1636,84.28675,85.49229
2022-01-20 16:05:44.010788,83.85417,84.23475,86.78822
2022-01-20 16:05:44.506606,84.26632,84.54425,86.78822
2022-01-20 16:05:45.005155,84.05963,84.33875,85.41406
2022-01-20 16:05:45.509523,84.52377,84.64825,85.41406
2022-01-20 16:05:46.009896,84.36905,84.33875,85.57051
2022-01-20 16:05:46.506137,84.11161,84.33875,85.57051
2022-01-20 16:05:47.004895,84.47302,84.59625,86.3952
2022-01-20 16:05:47.508548,83.9569,84.3895,86.3952
2022-01-20 16:05:48.006472,84.26632,84.699,85.53187
2022-01-20 16:05:48.502836,83.9569,84.23475,85.53187
2022-01-20 16:05:49.001969,84.05963,84.132,85.84572
2022-01-20 16:05:49.508308,84.57575,84.59625,85.84572
2022-01-20 16:05:50.007735,84.11161,84.4935,85.49229
2022-01-20 16:05:50.501847,84.36905,84.59625,85.49229
2022-01-20 16:05:51.001281,84.05963,84.184,85.96354
2022-01-20 16:05:51.507263,84.21434,84.59625,85.96354
2022-01-20 16:05:52.007074,84.05963,84.4415,85.57051
2022-01-20 16:05:53.005427,84.11161,83.92525,85.80614
2022-01-20 16:05:53.503484,84.11161,84.28675,85.80614
2022-01-20 16:05:54.001329,84.57575,84.751,84.98145
2022-01-20 16:05:54.506759,83.90492,84.184,84.98145
2022-01-20 16:05:55.005635,84.62773,84.85375,86.00312
2022-01-20 16:05:55.510854,83.39003,83.71975,86.00312
2022-01-20 16:05:56.009268,84.73046,84.90575,85.17843
2022-01-20 16:05:56.504494,84.78245,84.59625,85.17843
2022-01-20 16:05:57.005183,84.05963,84.4415,85.4527
2022-01-20 16:05:57.510030,84.26632,84.3895,85.4527
2022-01-20 16:05:58.008624,84.05963,84.23475,85.64968
2022-01-20 16:05:58.503884,84.62773,85.1125,85.64968
2022-01-20 16:05:59.002275,83.59549,84.08,86.3952
2022-01-20 16:05:59.507946,84.52377,84.64825,86.3952
2022-01-20 16:06:00.005294,83.80219,83.66775,85.80614
2022-01-20 16:06:00.502251,84.67848,84.90575,85.80614
2022-01-20 16:06:01.002623,84.42104,84.59625,85.4527
2022-01-20 16:06:01.507897,83.54475,83.97725,85.4527
2022-01-20 16:06:02.006701,84.9879,85.1125,85.53187
2022-01-20 16:06:02.501259,83.23532,83.8225,85.53187
2022-01-20 16:06:03.008850,84.88517,85.16325,85.92395
2022-01-20 16:06:03.503874,84.00888,83.97725,85.92395
2022-01-20 16:06:04.002890,84.05963,84.3895,85.21708
2022-01-20 16:06:04.508756,84.31831,84.4935,85.21708
2022-01-20 16:06:05.009845,84.36905,84.699,85.72791
2022-01-20 16:06:05.506290,84.00888,84.23475,85.72791
2022-01-20 16:06:06.003328,83.9569,84.33875,85.72791
2022-01-20 16:06:06.510060,84.26632,84.54425,85.72791
2022-01-20 16:06:07.006901,84.21434,84.184,85.41406
2022-01-20 16:06:07.503541,84.57575,84.64825,85.41406
2022-01-20 16:06:08.002629,83.90492,84.184,86.15958
2022-01-20 16:06:08.506762,84.1636,84.4935,86.15958
2022-01-20 16:06:09.004678,84.26632,84.3895,85.7675
2022-01-20 16:06:09.510409,84.00888,84.33875,85.7675
2022-01-20 16:06:10.009120,84.42104,84.699,84.825
2022-01-20 16:06:10.502513,83.9569,84.28675,84.825
2022-01-20 16:06:11.006339,84.62773,84.803,86.00312
2022-01-20 16:06:11.501875,84.36905,84.23475,86.00312
2022-01-20 16:06:12.010427,84.26632,84.54425,85.41406
2022-01-20 16:06:12.504997,83.9569,84.28675,85.41406
2022-01-20 16:06:13.002396,84.42104,84.803,85.72791
2022-01-20 16:06:13.508412,84.00888,84.23475,85.72791
2022-01-20 16:06:14.006243,84.11161,84.54425,85.13885
2022-01-20 16:06:14.505144,84.36905,84.64825,85.13885
2022-01-20 16:06:15.002830,84.42104,84.3895,85.92395
2022-01-20 16:06:15.506457,84.05963,84.23475,85.92395
2022-01-20 16:06:16.004166,84.42104,84.54425,85.13885
2022-01-20 16:06:16.508669,83.80219,83.97725,85.13885
2022-01-20 16:06:17.004342,84.67848,85.0605,86.27739
2022-01-20 16:06:17.509023,83.64747,84.23475,86.27739
2022-01-20 16:06:18.007406,84.21434,84.28675,85.37447
2022-01-20 16:06:18.502942,84.57575,84.59625,85.37447
2022-01-20 16:06:19.002804,83.9569,84.23475,85.68833
2022-01-20 16:06:19.508568,84.73046,84.95775,85.68833
2022-01-20 16:06:20.007111,83.80219,83.92525,85.21708
2022-01-20 16:06:20.501712,84.57575,84.751,85.21708
2022-01-20 16:06:21.009340,83.85417,84.3895,85.7675
2022-01-20 16:06:21.504292,84.26632,84.54425,85.7675
2022-01-20 16:06:22.002388,84.36905,84.3895,85.33489
2022-01-20 16:06:22.507778,84.57575,84.803,85.33489
2022-01-20 16:06:23.004933,84.31831,84.54425,85.49229
2022-01-20 16:06:23.502676,83.80219,84.184,85.49229
2022-01-20 16:06:24.002577,84.67848,84.90575,85.80614
2022-01-20 16:06:24.509835,83.49276,84.08,85.80614
2022-01-20 16:06:25.008208,84.67848,84.90575,85.09926
2022-01-20 16:06:25.504047,84.1636,84.33875,85.09926
2022-01-20 16:06:26.002801,84.11161,84.23475,85.88531
2022-01-20 16:06:26.508244,84.52377,84.59625,85.88531
2022-01-20 16:06:27.006896,84.26632,84.4415,86.12093
2022-01-20 16:06:27.503833,84.57575,84.95775,86.12093
2022-01-20 16:06:28.002686,83.69946,83.97725,86.3952
2022-01-20 16:06:28.507544,84.31831,84.59625,86.3952
2022-01-20 16:06:29.009198,83.80219,84.08,86.3952
2022-01-20 16:06:29.504409,84.57575,84.751,86.3952
2022-01-20 16:06:30.003474,84.42104,84.4415,85.06062
2022-01-20 16:06:30.508382,84.05963,84.33875,85.06062
2022-01-20 16:06:31.006625,84.26632,84.54425,85.06062
2022-01-20 16:06:31.504011,84.31831,84.699,85.06062
2022-01-20 16:06:32.003471,84.1636,84.23475,85.88531
2022-01-20 16:06:32.509523,83.85417,84.132,85.88531
2022-01-20 16:06:33.008003,84.47302,84.59625,85.41406
2022-01-20 16:06:33.502497,84.57575,84.699,85.41406
2022-01-20 16:06:34.010026,84.26632,84.4935,85.64968
2022-01-20 16:06:34.504566,84.36905,84.699,85.64968
2022-01-20 16:06:35.002301,84.1636,84.33875,85.37447
2022-01-20 16:06:35.507689,84.62773,84.803,85.37447
2022-01-20 16:06:36.006256,84.31831,84.4935,86.59218
2022-01-20 16:06:36.503854,84.05963,84.132,86.59218
2022-01-20 16:06:37.010833,84.42104,84.3895,85.6101
2022-01-20 16:06:37.506316,84.31831,84.4935,85.6101
2022-01-20 16:06:38.003927,84.26632,84.59625,84.825
2022-01-20 16:06:38.508969,83.85417,84.28675,84.825
2022-01-20 16:06:39.008481,84.36905,84.4935,85.6101
2022-01-20 16:06:39.503761,83.9569,84.3895,85.6101
2022-01-20 16:06:40.504608,84.78245,84.751,85.4527
2022-01-20 16:06:41.003528,83.39003,83.513,85.53187
2022-01-20 16:06:41.502315,84.57575,84.85375,85.53187
2022-01-20 16:06:42.010798,83.80219,84.184,85.96354
2022-01-20 16:06:42.505896,84.78245,85.0085,85.96354
2022-01-20 16:06:43.003465,83.64747,84.132,86.27739
2022-01-20 16:06:43.508408,83.90492,84.23475,86.27739
2022-01-20 16:06:44.006888,85.14262,85.16325,85.41406
2022-01-20 16:06:44.502715,83.80219,83.92525,85.41406
2022-01-20 16:06:45.010734,84.78245,85.0605,85.6101
2022-01-20 16:06:45.506939,83.64747,84.02925,85.6101
2022-01-20 16:06:46.005855,84.36905,84.64825,85.21708
2022-01-20 16:06:46.500985,83.90492,84.184,85.21708
2022-01-20 16:06:47.010625,84.52377,84.751,85.4527
2022-01-20 16:06:47.505703,84.05963,84.23475,85.4527
2022-01-20 16:06:48.003928,84.36905,84.3895,86.23875
2022-01-20 16:06:48.510418,84.21434,84.28675,86.23875
2022-01-20 16:06:49.009171,83.9569,84.184,85.33489
2022-01-20 16:06:49.503582,84.78245,85.0605,85.33489
2022-01-20 16:06:50.003358,83.85417,84.23475,84.98145
2022-01-20 16:06:50.501439,84.11161,84.33875,84.98145
2022-01-20 16:06:51.009648,84.00888,84.23475,85.37447
2022-01-20 16:06:51.505759,84.83319,85.0085,85.37447
2022-01-20 16:06:52.004526,84.21434,84.4415,85.17843
2022-01-20 16:06:52.509478,83.80219,84.132,85.17843
2022-01-20 16:06:53.002118,84.52377,84.751,85.64968
2022-01-20 16:06:53.506116,83.90492,84.23475,85.64968
2022-01-20 16:06:54.003942,84.42104,84.751,85.13885
2022-01-20 16:06:54.510654,83.59549,84.02925,85.13885
2022-01-20 16:06:55.008441,84.57575,84.54425,86.27739
2022-01-20 16:06:55.506100,84.21434,84.23475,86.27739
2022-01-20 16:06:56.003154,84.36905,84.699,85.7675
2022-01-20 16:06:56.509728,84.36905,84.803,85.7675
2022-01-20 16:06:57.008205,83.7502,83.97725,85.41406
2022-01-20 16:06:57.504565,84.67848,84.64825,85.41406
2022-01-20 16:06:58.006738,83.85417,84.3895,85.09926
2022-01-20 16:06:58.502931,84.05963,84.28675,85.09926
2022-01-20 16:06:59.010934,84.42104,84.4935,85.53187
2022-01-20 16:06:59.506338,83.80219,84.23475,85.53187
2022-01-20 16:07:00.004899,84.42104,84.751,85.09926
2022-01-20 16:07:00.503418,84.52377,84.90575,85.09926
2022-01-20 16:07:01.001342,84.36905,84.59625,85.53187
2022-01-20 16:07:01.506958,83.49276,83.97725,85.53187
2022-01-20 16:07:02.004571,84.47302,84.4935,85.92395
2022-01-20 16:07:02.508292,84.62773,84.751,85.92395
2022-01-20 16:07:03.007419,83.7502,83.92525,85.88531
2022-01-20 16:07:03.503549,83.90492,84.184,85.88531
2022-01-20 16:07:04.004069,84.05963,84.33875,170.31729
2022-01-20 16:07:04.509174,84.57575,84.59625,170.31729
2022-01-20 16:07:05.008268,84.00888,84.3895,234.17166
2022-01-20 16:07:05.503427,83.9569,84.132,234.17166
2022-01-20 16:07:06.001782,84.42104,84.3895,200.71291
2022-01-20 16:07:06.507326,83.9569,83.8745,200.71291
2022-01-20 16:07:07.005111,84.62773,84.90575,135.72
2022-01-20 16:07:07.511127,83.69946,83.8745,135.72
2022-01-20 16:07:08.011089,84.42104,84.64825,90.40083
2022-01-20 16:07:08.509831,83.90492,84.08,90.40083
2022-01-20 16:07:09.007883,84.00888,84.08,94.28864
2022-01-20 16:07:09.502813,84.73046,85.0085,94.28864
2022-01-20 16:07:10.010766,83.7502,83.8745,88.83062
2022-01-20 16:07:10.508315,84.93716,85.1125,88.83062
2022-01-20 16:07:11.003561,83.44078,83.8225,86.63083
2022-01-20 16:07:11.508505,85.09187,85.422,86.63083
2022-01-20 16:07:12.006313,83.54475,83.7705,86.90604
2022-01-20 16:07:12.502265,84.57575,84.85375,86.90604
2022-01-20 16:07:13.003903,84.00888,84.132,86.5526
2022-01-20 16:07:13.508698,84.67848,84.54425,86.5526
2022-01-20 16:07:14.004642,84.26632,84.23475,86.08135
2022-01-20 16:07:14.508651,83.80219,84.184,86.08135
2022-01-20 16:07:15.008355,84.26632,84.64825,85.64968
2022-01-20 16:07:15.503363,83.69946,83.8225,85.64968
2022-01-20 16:07:16.001119,85.1946,85.37,85.72791
2022-01-20 16:07:16.507269,83.44078,83.97725,85.72791
2022-01-20 16:07:17.005535,84.57575,84.59625,85.84572
2022-01-20 16:07:17.511157,84.47302,84.4415,85.84572
2022-01-20 16:07:18.009126,84.11161,84.28675,85.7675
2022-01-20 16:07:18.504475,84.31831,84.699,85.7675
2022-01-20 16:07:19.002730,83.7502,84.184,85.25666
2022-01-20 16:07:19.508959,84.26632,84.33875,85.25666
2022-01-20 16:07:20.007468,83.59549,84.08,86.27739
2022-01-20 16:07:20.502995,84.83319,84.95775,86.27739
2022-01-20 16:07:21.003196,84.42104,84.33875,85.96354
2022-01-20 16:07:21.509650,84.21434,84.3895,85.96354
2022-01-20 16:07:22.008710,84.05963,84.28675,86.04176
2022-01-20 16:07:22.503681,84.21434,84.54425,86.04176
2022-01-20 16:07:23.001174,84.57575,84.699,85.37447
2022-01-20 16:07:23.507003,83.59549,84.02925,85.37447
2022-01-20 16:07:24.006155,84.52377,84.3895,86.12093
2022-01-20 16:07:24.510987,84.21434,84.33875,86.12093
2022-01-20 16:07:25.007966,84.62773,84.90575,85.4527
2022-01-20 16:07:25.506590,84.26632,84.64825,85.4527
2022-01-20 16:07:26.004102,84.11161,84.3895,85.96354
2022-01-20 16:07:26.510898,84.1636,84.3895,85.96354
2022-01-20 16:07:27.006427,84.05963,84.59625,85.68833
2022-01-20 16:07:27.502511,84.05963,84.28675,85.68833
2022-01-20 16:07:28.010960,84.1636,84.28675,84.94281
2022-01-20 16:07:28.506638,84.42104,84.4935,84.94281
2022-01-20 16:07:29.006500,84.52377,84.803,86.27739
2022-01-20 16:07:29.502729,83.90492,84.33875,86.27739
2022-01-20 16:07:30.001109,84.42104,84.54425,86.94562
2022-01-20 16:07:30.505970,83.64747,83.97725,86.94562
2022-01-20 16:07:31.004230,84.52377,84.699,85.33489
2022-01-20 16:07:31.506451,84.05963,84.33875,85.33489
2022-01-20 16:07:32.004613,84.05963,84.132,85.80614
2022-01-20 16:07:32.510488,84.52377,84.85375,85.80614
2022-01-20 16:07:33.007838,83.85417,84.23475,85.4527
2022-01-20 16:07:33.503475,84.83319,84.90575,85.4527
2022-01-20 16:07:34.002757,83.69946,83.97725,85.68833
2022-01-20 16:07:34.509519,84.31831,84.4415,85.68833
2022-01-20 16:07:35.007476,84.11161,84.59625,85.06062
2022-01-20 16:07:35.502081,84.31831,84.3895,85.06062
2022-01-20 16:07:36.010669,84.83319,84.85375,85.7675
2022-01-20 16:07:36.507323,83.59549,84.08,85.7675
2022-01-20 16:07:37.003754,84.62773,84.803,85.92395
2022-01-20 16:07:37.510486,83.9569,84.184,85.92395
2022-01-20 16:07:38.008918,84.67848,84.751,85.7675
2022-01-20 16:07:38.506550,83.54475,84.02925,85.7675
2022-01-20 16:07:39.005020,84.26632,84.33875,85.96354
2022-01-20 16:07:39.501692,84.62773,84.699,85.96354
2022-01-20 16:07:40.001152,83.9569,84.132,85.68833
2022-01-20 16:07:40.507465,84.31831,84.59625,85.68833
2022-01-20 16:07:41.005905,84.1636,84.4415,85.64968
2022-01-20 16:07:41.510794,84.52377,84.59625,85.64968
2022-01-20 16:07:42.010348,83.64747,84.23475,85.80614
2022-01-20 16:07:42.506706,84.67848,84.699,85.80614
2022-01-20 16:07:43.007918,83.85417,84.184,85.41406
2022-01-20 16:07:43.502336,84.42104,84.751,85.41406
2022-01-20 16:07:44.010708,84.05963,84.184,86.04176
2022-01-20 16:07:44.506446,84.26632,84.54425,86.04176
2022-01-20 16:07:45.005269,84.42104,84.4415,86.04176
2022-01-20 16:07:45.501112,83.9569,84.54425,86.04176
2022-01-20 16:07:46.010124,84.21434,84.28675,85.68833
2022-01-20 16:07:46.505502,84.1636,84.33875,85.68833
2022-01-20 16:07:47.003262,84.73046,84.95775,85.13885
2022-01-20 16:07:47.508349,84.00888,84.3895,85.13885
2022-01-20 16:07:48.008409,84.00888,84.28675,86.59218
2022-01-20 16:07:48.503939,84.31831,84.4935,86.59218
2022-01-20 16:07:49.001812,84.11161,84.4935,86.51301
2022-01-20 16:07:49.508510,84.31831,84.33875,86.51301
2022-01-20 16:07:50.006331,84.1636,84.4935,85.84572
2022-01-20 16:07:50.503901,84.26632,84.28675,85.84572
2022-01-20 16:07:51.001923,84.47302,84.699,84.86364
2022-01-20 16:07:51.507130,84.42104,84.751,84.86364
2022-01-20 16:07:52.007541,84.1636,84.23475,86.00312
2022-01-20 16:07:52.504450,84.05963,84.4935,86.00312
2022-01-20 16:07:53.001536,84.31831,84.4935,85.17843
2022-01-20 16:07:53.510335,84.36905,84.751,85.17843
2022-01-20 16:07:54.010545,84.11161,84.02925,85.57051
2022-01-20 16:07:54.504726,84.36905,84.4935,85.57051
2022-01-20 16:07:55.002433,83.9569,84.184,85.57051
2022-01-20 16:07:55.507476,84.42104,84.699,85.57051
2022-01-20 16:07:56.006668,84.1636,84.4415,85.72791
2022-01-20 16:07:56.501620,83.90492,84.132,85.72791
2022-01-20 16:07:57.002012,84.05963,84.4415,85.49229
2022-01-20 16:07:57.508459,84.11161,84.28675,85.49229
2022-01-20 16:07:58.007390,85.4013,85.57675,85.88531
2022-01-20 16:07:58.502053,83.33805,83.513,85.88531
2022-01-20 16:07:59.011100,84.83319,84.85375,85.21708
2022-01-20 16:07:59.506663,83.80219,84.23475,85.21708
2022-01-20 16:08:00.004954,84.67848,84.803,86.15958
2022-01-20 16:08:00.510397,83.90492,84.4415,86.15958
2022-01-20 16:08:01.008121,84.05963,84.132,86.12093
2022-01-20 16:08:01.504766,84.67848,84.64825,86.12093
2022-01-20 16:08:02.002631,84.11161,84.4415,85.84572
2022-01-20 16:08:02.509209,84.67848,84.90575,85.84572
2022-01-20 16:08:03.006829,83.69946,83.97725,85.88531
2022-01-20 16:08:03.502371,84.1636,84.33875,85.88531
2022-01-20 16:08:04.009324,83.9569,84.4935,86.23875
2022-01-20 16:08:04.503908,84.21434,84.184,86.23875
2022-01-20 16:08:05.002371,84.67848,84.803,85.37447
2022-01-20 16:08:05.507703,83.80219,84.02925,85.37447
2022-01-20 16:08:06.001052,84.52377,84.64825,85.92395
2022-01-20 16:08:06.506680,84.05963,84.3895,85.92395
2022-01-20 16:08:07.004395,84.73046,84.95775,85.72791
2022-01-20 16:08:07.510504,83.49276,84.08,85.72791
2022-01-20 16:08:08.008733,84.36905,84.59625,86.19916
2022-01-20 16:08:08.504204,83.9569,84.132,86.19916
2022-01-20 16:08:09.003395,84.83319,84.95775,86.3952
2022-01-20 16:08:09.510244,83.9569,84.08,86.3952
2022-01-20 16:08:10.007751,84.05963,84.3895,85.96354
2022-01-20 16:08:10.505208,84.52377,84.54425,85.96354
2022-01-20 16:08:11.010396,83.69946,84.184,85.25666
2022-01-20 16:08:11.505732,84.9879,84.95775,85.25666
2022-01-20 16:08:12.004230,83.9569,84.33875,86.35656
2022-01-20 16:08:12.511199,84.11161,84.28675,86.35656
2022-01-20 16:08:13.011096,84.52377,84.64825,85.4527
2022-01-20 16:08:13.505187,84.42104,84.803,85.4527
2022-01-20 16:08:14.003582,84.21434,84.3895,85.84572
2022-01-20 16:08:14.510068,84.00888,84.4935,85.84572
2022-01-20 16:08:15.009381,84.11161,84.132,85.37447
2022-01-20 16:08:15.505198,84.26632,84.751,85.37447
2022-01-20 16:08:16.003606,84.26632,84.54425,85.80614
2022-01-20 16:08:16.508402,84.62773,84.64825,85.80614
2022-01-20 16:08:17.006833,83.7502,84.02925,85.92395
2022-01-20 16:08:17.502217,84.67848,84.751,85.92395
2022-01-20 16:08:18.010628,84.1636,84.4935,86.15958
2022-01-20 16:08:18.503998,84.36905,84.59625,86.15958
2022-01-20 16:08:19.002079,83.7502,84.28675,85.29625
2022-01-20 16:08:19.509228,84.05963,84.08,85.29625
2022-01-20 16:08:20.008016,84.73046,84.85375,85.33489
2022-01-20 16:08:20.501478,83.80219,83.97725,85.33489
2022-01-20 16:08:21.009507,84.47302,84.59625,86.23875
2022-01-20 16:08:21.504968,83.64747,84.08,86.23875
2022-01-20 16:08:22.003032,84.36905,84.4415,86.04176
2022-01-20 16:08:22.510767,84.47302,85.1125,86.04176
2022-01-20 16:08:23.009241,83.69946,83.8745,86.67041
2022-01-20 16:08:23.503320,84.78245,84.90575,86.67041
2022-01-20 16:08:24.001101,83.44078,83.61575,85.53187
2022-01-20 16:08:24.508319,84.83319,85.0085,85.53187
2022-01-20 16:08:25.007355,83.49276,83.97725,86.3952
2022-01-20 16:08:25.503617,84.9879,84.85375,86.3952
2022-01-20 16:08:26.001235,83.33805,83.8745,85.92395
2022-01-20 16:08:26.506638,84.73046,85.0085,85.92395
2022-01-20 16:08:27.004573,84.62773,84.751,85.4527
2022-01-20 16:08:27.509476,84.1636,84.184,85.4527
2022-01-20 16:08:28.006382,84.21434,84.33875,85.84572
2022-01-20 16:08:28.504874,84.00888,84.33875,85.84572
2022-01-20 16:08:29.002643,84.88517,84.803,85.88531
2022-01-20 16:08:29.508217,83.44078,83.97725,85.88531
2022-01-20 16:08:30.008108,84.62773,84.699,85.09926
2022-01-20 16:08:30.504195,84.1636,84.4415,85.09926
2022-01-20 16:08:31.002798,84.57575,84.699,86.12093
2022-01-20 16:08:31.508550,84.1636,84.28675,86.12093
2022-01-20 16:08:32.006703,83.90492,84.33875,85.72791
2022-01-20 16:08:32.505191,84.47302,84.59625,85.72791
2022-01-20 16:08:33.005970,83.64747,83.97725,84.90322
2022-01-20 16:08:33.501257,84.73046,84.95775,84.90322
2022-01-20 16:08:34.003803,83.7502,84.132,86.15958
2022-01-20 16:08:34.509130,84.62773,84.803,86.15958
2022-01-20 16:08:35.006936,84.26632,84.28675,85.21708
2022-01-20 16:08:35.508790,84.1636,84.4935,85.21708
2022-01-20 16:08:36.006965,84.47302,84.751,85.80614
2022-01-20 16:08:36.501258,83.80219,84.184,85.80614
2022-01-20 16:08:37.009405,84.42104,84.59625,86.08135
2022-01-20 16:08:37.507113,83.80219,84.28675,86.08135
2022-01-20 16:08:38.005148,84.83319,84.90575,85.57051
2022-01-20 16:08:38.510777,84.26632,84.33875,85.57051
2022-01-20 16:08:39.009763,84.31831,84.64825,85.33489
2022-01-20 16:08:39.506620,84.05963,84.132,85.33489
2022-01-20 16:08:40.004417,84.36905,84.803,85.49229
2022-01-20 16:08:40.510481,84.00888,84.02925,85.49229
2022-01-20 16:08:41.008407,83.9569,84.64825,85.25666
2022-01-20 16:08:41.504223,84.36905,84.4935,85.25666
2022-01-20 16:08:42.002013,84.47302,84.33875,86.00312
2022-01-20 16:08:42.505995,84.21434,84.4935,86.00312
2022-01-20 16:08:43.003886,84.52377,84.751,85.88531
2022-01-20 16:08:43.509742,83.69946,83.92525,85.88531
2022-01-20 16:08:44.007915,84.67848,84.751,86.35656
2022-01-20 16:08:44.501356,83.69946,84.3895,86.35656
2022-01-20 16:08:45.010577,84.21434,84.33875,86.23875
2022-01-20 16:08:45.505631,84.42104,84.4415,86.23875
2022-01-20 16:08:46.004704,83.90492,84.132,86.08135
2022-01-20 16:08:46.501472,84.47302,84.4935,86.08135
2022-01-20 16:08:47.010527,84.47302,84.90575,84.825
2022-01-20 16:08:47.505481,84.26632,84.28675,84.825
2022-01-20 16:08:48.004086,83.80219,84.4935,86.5526
2022-01-20 16:08:48.501133,84.31831,84.3895,86.5526
2022-01-20 16:08:49.009842,84.47302,84.54425,85.57051
2022-01-20 16:08:49.504636,84.1636,84.28675,85.57051
2022-01-20 16:08:50.002430,84.21434,84.4415,85.92395
2022-01-20 16:08:50.510809,84.05963,84.33875,85.92395
2022-01-20 16:08:51.008897,84.88517,84.90575,85.80614
2022-01-20 16:08:51.505888,83.7502,84.33875,85.80614
2022-01-20 16:08:52.004707,83.9569,84.08,86.15958
2022-01-20 16:08:52.508718,84.52377,84.54425,86.15958
2022-01-20 16:08:53.008587,84.11161,84.33875,85.53187
2022-01-20 16:08:53.502777,84.36905,84.54425,85.53187
2022-01-20 16:08:54.004075,83.54475,83.97725,85.84572
2022-01-20 16:08:54.510854,84.57575,84.64825,85.84572
2022-01-20 16:08:55.010351,83.85417,84.3895,85.17843
2022-01-20 16:08:55.506434,84.73046,85.0605,85.17843
2022-01-20 16:08:56.002799,83.39003,83.61575,85.41406
2022-01-20 16:08:56.508023,84.78245,84.751,85.41406
2022-01-20 16:08:57.001802,84.1636,84.184,85.41406
2022-01-20 16:08:57.503534,84.1636,84.59625,85.41406
2022-01-20 16:08:58.002104,84.57575,84.64825,85.33489
2022-01-20 16:08:58.506267,83.54475,83.92525,85.33489
2022-01-20 16:08:59.005542,84.52377,84.64825,85.88531
2022-01-20 16:08:59.505785,84.1636,84.699,85.88531
2022-01-20 16:09:00.003225,84.26632,84.23475,86.12093
2022-01-20 16:09:00.508578,84.47302,84.3895,86.12093
2022-01-20 16:09:01.006436,83.7502,84.184,85.29625
2022-01-20 16:09:01.502334,84.26632,84.132,85.29625
2022-01-20 16:09:02.010867,84.52377,85.0605,86.04176
2022-01-20 16:09:02.506866,84.00888,84.132,86.04176
2022-01-20 16:09:03.005485,83.7502,84.33875,85.57051
2022-01-20 16:09:03.510879,84.67848,84.751,85.57051
2022-01-20 16:09:04.010373,84.1636,84.28675,85.49229
2022-01-20 16:09:04.509114,84.78245,84.85375,85.49229
2022-01-20 16:09:05.005730,83.59549,83.61575,87.3377
2022-01-20 16:09:05.503385,84.36905,84.803,87.3377
2022-01-20 16:09:06.011265,84.26632,84.3895,86.04176
2022-01-20 16:09:06.505563,84.11161,84.803,86.04176
2022-01-20 16:09:07.002232,84.26632,84.28675,85.57051
2022-01-20 16:09:07.508133,84.42104,84.59625,85.57051
2022-01-20 16:09:08.006011,84.05963,84.23475,85.6101
2022-01-20 16:09:08.501398,84.52377,84.4935,85.6101
2022-01-20 16:09:09.009493,84.42104,84.699,86.00312
2022-01-20 16:09:09.505993,83.90492,83.8225,86.00312
2022-01-20 16:09:10.003663,83.85417,84.64825,86.5526
2022-01-20 16:09:10.507047,83.9569,84.28675,86.5526
2022-01-20 16:09:11.010728,84.42104,84.59625,84.78541
2022-01-20 16:09:11.505306,84.42104,84.699,84.78541
2022-01-20 16:09:12.003203,84.21434,84.4415,85.6101
2022-01-20 16:09:12.509907,83.80219,84.184,85.6101
2022-01-20 16:09:13.007195,84.73046,84.803,86.27739
2022-01-20 16:09:13.503002,84.05963,84.64825,86.27739
2022-01-20 16:09:14.002255,84.11161,84.33875,85.53187
2022-01-20 16:09:14.507318,84.11161,84.3895,85.53187
2022-01-20 16:09:15.006301,84.21434,84.23475,85.64968
2022-01-20 16:09:15.504124,84.62773,84.64825,85.64968
2022-01-20 16:09:16.000994,84.00888,84.3895,85.29625
2022-01-20 16:09:16.507899,84.21434,84.3895,85.29625
2022-01-20 16:09:17.007004,84.05963,84.4935,86.5526
2022-01-20 16:09:17.502888,84.1636,84.4415,86.5526
2022-01-20 16:09:18.001323,84.21434,84.4415,85.53187
2022-01-20 16:09:18.507345,84.26632,84.28675,85.53187
2022-01-20 16:09:19.007008,84.47302,84.33875,85.41406
2022-01-20 16:09:19.501247,84.11161,84.4415,85.41406
2022-01-20 16:09:20.009728,84.73046,84.90575,85.02104
2022-01-20 16:09:20.505383,83.49276,84.02925,85.02104
2022-01-20 16:09:21.002508,84.42104,84.699,86.27739
2022-01-20 16:09:21.510547,83.7502,84.184,86.27739
2022-01-20 16:09:22.008007,84.73046,84.90575,85.41406
2022-01-20 16:09:22.503844,84.47302,84.54425,85.41406
2022-01-20 16:09:23.001730,84.00888,84.23475,84.98145
2022-01-20 16:09:23.508970,84.26632,84.33875,84.98145
2022-01-20 16:09:24.007050,84.47302,84.95775,86.12093
2022-01-20 16:09:24.501629,84.42104,84.4415,86.12093
2022-01-20 16:09:25.009130,83.90492,84.4415,85.84572
2022-01-20 16:09:25.504714,84.05963,84.02925,85.84572
2022-01-20 16:09:26.004961,84.52377,84.33875,86.12093
2022-01-20 16:09:26.510851,84.52377,84.85375,86.12093
2022-01-20 16:09:27.008751,83.7502,84.02925,86.00312
2022-01-20 16:09:27.503968,84.05963,84.4935,86.00312
2022-01-20 16:09:28.002278,84.1636,84.28675,86.04176
2022-01-20 16:09:28.501509,84.21434,84.803,86.04176
2022-01-20 16:09:29.011130,84.52377,84.54425,85.06062
2022-01-20 16:09:29.508682,84.21434,84.28675,85.06062
2022-01-20 16:09:30.007800,84.21434,84.4415,85.6101
2022-01-20 16:09:30.504755,84.47302,84.54425,85.6101
2022-01-20 16:09:31.003378,84.21434,84.699,85.72791
2022-01-20 16:09:31.508954,84.00888,84.3895,85.72791
2022-01-20 16:09:32.007065,84.1636,84.803,85.80614
2022-01-20 16:09:32.504303,84.00888,84.184,85.80614
2022-01-20 16:09:33.001884,84.57575,84.59625,85.92395
2022-01-20 16:09:33.505989,84.67848,84.751,85.92395
2022-01-20 16:09:34.004287,84.05963,83.92525,85.41406
2022-01-20 16:09:34.510660,84.00888,84.4935,85.41406
2022-01-20 16:09:35.006723,84.11161,84.132,85.4527
2022-01-20 16:09:35.502799,84.42104,84.803,85.4527
2022-01-20 16:09:36.010432,84.00888,84.23475,85.64968
2022-01-20 16:09:36.505234,84.21434,84.33875,85.64968
2022-01-20 16:09:37.005158,84.00888,84.28675,85.64968
2022-01-20 16:09:37.501109,84.83319,84.803,85.64968
2022-01-20 16:09:38.009735,83.9569,84.4415,86.15958
2022-01-20 16:09:38.504682,84.57575,84.59625,86.15958
2022-01-20 16:09:39.002644,83.54475,84.02925,85.68833
2022-01-20 16:09:39.507933,84.36905,84.4935,85.68833
2022-01-20 16:09:40.005720,84.42104,84.751,86.04176
2022-01-20 16:09:40.501719,83.90492,84.132,86.04176
2022-01-20 16:09:41.010491,84.52377,84.4935,86.3952
2022-01-20 16:09:41.504496,83.90492,84.28675,86.3952
2022-01-20 16:09:42.003247,84.36905,84.4415,84.78541
2022-01-20 16:09:42.508546,84.11161,84.59625,84.78541
2022-01-20 16:09:43.007975,84.1636,84.33875,86.43479
2022-01-20 16:09:43.503261,83.69946,84.02925,86.43479
2022-01-20 16:09:44.003152,84.52377,84.59625,85.33489
2022-01-20 16:09:44.508265,84.73046,84.59625,85.33489
2022-01-20 16:09:45.005869,83.90492,84.184,85.21708
2022-01-20 16:09:45.511356,84.62773,84.751,85.21708
2022-01-20 16:09:46.009757,83.7502,84.184,85.96354
2022-01-20 16:09:46.503918,84.83319,84.85375,85.96354
2022-01-20 16:09:47.005301,83.90492,84.4935,85.53187
2022-01-20 16:09:47.502769,83.90492,84.28675,85.53187
2022-01-20 16:09:48.010638,84.57575,84.54425,84.98145
2022-01-20 16:09:48.508033,84.21434,84.4935,84.98145
2022-01-20 16:09:49.006907,84.21434,84.23475,85.64968
2022-01-20 16:09:49.502107,84.1636,84.64825,85.64968
2022-01-20 16:09:50.009386,84.52377,84.4935,85.17843
2022-01-20 16:09:50.505495,83.85417,84.33875,85.17843
2022-01-20 16:09:51.003337,84.78245,84.751,86.12093
2022-01-20 16:09:51.509838,83.54475,83.7705,86.12093
2022-01-20 16:09:52.009503,84.47302,84.64825,85.53187
2022-01-20 16:09:52.505641,84.26632,84.4935,85.53187
2022-01-20 16:09:53.005682,84.00888,84.4935,85.33489
2022-01-20 16:09:53.506742,84.62773,84.751,85.33489
2022-01-20 16:09:54.005180,83.90492,84.28675,85.64968
2022-01-20 16:09:54.509112,84.36905,84.54425,85.64968
2022-01-20 16:09:55.006759,84.47302,84.59625,85.6101
2022-01-20 16:09:55.501744,84.42104,84.59625,85.6101
2022-01-20 16:09:56.001458,84.00888,84.02925,84.94281
2022-01-20 16:09:56.509560,84.11161,84.803,84.94281
2022-01-20 16:09:57.008096,84.00888,84.28675,86.12093
2022-01-20 16:09:57.503011,84.31831,84.803,86.12093
2022-01-20 16:09:58.010289,84.42104,84.59625,85.57051
2022-01-20 16:09:58.504527,83.7502,84.02925,85.57051
2022-01-20 16:09:59.002070,84.52377,84.699,86.19916
2022-01-20 16:09:59.508788,84.31831,84.23475,86.19916
2022-01-20 16:10:00.006984,84.05963,84.59625,86.15958
2022-01-20 16:10:00.503201,84.31831,84.4935,86.15958
2022-01-20 16:10:01.001461,83.18334,83.565,85.96354
2022-01-20 16:10:01.509071,84.88517,84.85375,85.96354
2022-01-20 16:10:02.007068,83.69946,84.08,232.52229
2022-01-20 16:10:02.502500,84.21434,84.4935,232.52229
2022-01-20 16:10:03.010182,84.73046,84.64825,216.85322
2022-01-20 16:10:03.504415,83.44078,83.8225,216.85322
2022-01-20 16:10:04.004466,84.57575,84.699,180.05614
2022-01-20 16:10:04.501304,83.9569,84.23475,180.05614
2022-01-20 16:10:05.009868,84.11161,84.08,117.4977
2022-01-20 16:10:05.504547,84.00888,84.3895,117.4977
2022-01-20 16:10:06.003389,84.1636,84.33875,96.40926
2022-01-20 16:10:06.510139,84.67848,84.28675,96.40926
2022-01-20 16:10:07.006627,83.54475,83.92525,93.77875
2022-01-20 16:10:07.501731,84.42104,84.751,93.77875
2022-01-20 16:10:08.009528,83.44078,83.8745,88.71281
2022-01-20 16:10:08.505671,84.9879,85.21525,88.71281
2022-01-20 16:10:09.005089,83.7502,84.3895,86.43479
2022-01-20 16:10:09.511157,84.57575,84.699,86.43479
2022-01-20 16:10:10.009012,84.31831,84.23475,87.84854
2022-01-20 16:10:10.505492,84.47302,84.699,87.84854
2022-01-20 16:10:11.001155,84.21434,84.33875,85.49229
2022-01-20 16:10:11.505666,83.85417,84.28675,85.49229
2022-01-20 16:10:12.003669,84.11161,84.132,85.7675
2022-01-20 16:10:12.510021,83.85417,84.23475,85.7675
2022-01-20 16:10:13.007830,84.73046,84.90575,85.25666
2022-01-20 16:10:13.504646,84.11161,84.23475,85.25666
2022-01-20 16:10:14.002410,84.47302,84.64825,85.88531
2022-01-20 16:10:14.508135,84.21434,84.132,85.88531
2022-01-20 16:10:15.006606,84.31831,84.90575,85.33489
2022-01-20 16:10:15.502518,84.62773,84.751,85.33489
2022-01-20 16:10:16.011236,83.28607,83.66775,85.53187
2022-01-20 16:10:16.507308,84.52377,84.751,85.53187
2022-01-20 16:10:17.006987,84.05963,84.02925,86.27739
2022-01-20 16:10:17.503468,84.62773,84.95775,86.27739
2022-01-20 16:10:18.002966,84.21434,84.184,86.04176
2022-01-20 16:10:18.510154,84.05963,84.54425,86.04176
2022-01-20 16:10:19.006860,84.11161,84.28675,85.09926
2022-01-20 16:10:19.501689,84.52377,84.95775,85.09926
2022-01-20 16:10:20.010883,83.9569,84.08,85.7675
2022-01-20 16:10:20.506750,84.00888,84.28675,85.7675
2022-01-20 16:10:21.005320,84.36905,84.59625,85.02104
2022-01-20 16:10:21.510780,84.47302,84.33875,85.02104
2022-01-20 16:10:22.009060,84.57575,85.16325,85.25666
2022-01-20 16:10:22.505837,83.54475,83.71975,85.25666
2022-01-20 16:10:23.003361,84.21434,84.54425,85.92395
2022-01-20 16:10:23.510057,84.26632,84.33875,85.92395
2022-01-20 16:10:24.008548,84.1636,84.751,84.94281
2022-01-20 16:10:24.504291,84.36905,84.54425,84.94281
2022-01-20 16:10:25.003495,84.21434,84.08,86.12093
2022-01-20 16:10:25.509891,84.05963,84.4415,86.12093
2022-01-20 16:10:26.008075,84.52377,84.59625,86.15958
2022-01-20 16:10:26.504649,84.31831,84.59625,86.15958
2022-01-20 16:10:27.002157,84.11161,84.184,85.17843
2022-01-20 16:10:27.508337,83.69946,84.184,85.17843
2022-01-20 16:10:28.006753,84.21434,84.4935,85.25666
2022-01-20 16:10:28.501217,84.42104,84.54425,85.25666
2022-01-20 16:10:29.010237,84.62773,85.0085,85.57051
2022-01-20 16:10:29.504935,83.9569,84.23475,85.57051
2022-01-20 16:10:30.003593,84.31831,84.699,85.17843
2022-01-20 16:10:30.509676,84.67848,84.59625,85.17843
2022-01-20 16:10:31.009047,83.80219,84.23475,86.04176
2022-01-20 16:10:31.505385,84.52377,84.59625,86.04176
2022-01-20 16:10:32.004385,84.11161,83.92525,85.21708
2022-01-20 16:10:32.509834,84.00888,84.3895,85.21708
2022-01-20 16:10:33.007850,84.52377,84.64825,85.37447
2022-01-20 16:10:33.503363,84.11161,84.4415,85.37447
2022-01-20 16:10:34.002740,84.47302,84.4935,87.29906
2022-01-20 16:10:34.510378,83.90492,84.23475,87.29906
2022-01-20 16:10:35.008244,84.31831,84.3895,85.41406
2022-01-20 16:10:35.505115,84.42104,84.4415,85.41406
2022-01-20 16:10:36.003516,84.21434,84.4935,86.3952
2022-01-20 16:10:36.510131,84.05963,84.08,86.3952
2022-01-20 16:10:37.007981,84.31831,84.751,85.13885
2022-01-20 16:10:37.502706,84.52377,84.59625,85.13885
2022-01-20 16:10:38.001749,84.00888,84.4415,85.6101
2022-01-20 16:10:38.508025,84.31831,84.54425,85.6101
2022-01-20 16:10:39.008517,83.64747,84.02925,85.80614
2022-01-20 16:10:39.504391,84.83319,85.16325,85.80614
2022-01-20 16:10:40.004232,84.26632,84.3895,85.6101
2022-01-20 16:10:40.510433,83.69946,84.23475,85.6101
2022-01-20 16:10:41.008356,84.42104,84.33875,85.33489
2022-01-20 16:10:41.503067,84.36905,84.699,85.33489
2022-01-20 16:10:42.002110,84.31831,84.4935,85.41406
2022-01-20 16:10:42.506854,84.11161,84.4415,85.41406
2022-01-20 16:10:43.004548,83.9569,84.02925,85.33489
2022-01-20 16:10:43.510772,84.52377,84.33875,85.33489
2022-01-20 16:10:44.008103,84.62773,85.0605,85.49229
2022-01-20 16:10:44.502705,83.85417,84.02925,85.49229
2022-01-20 16:10:45.010495,84.36905,84.699,86.3952
2022-01-20 16:10:45.506810,84.05963,84.33875,86.3952
2022-01-20 16:10:46.006085,84.26632,84.699,84.94281
2022-01-20 16:10:46.501822,84.67848,84.90575,84.94281
2022-01-20 16:10:47.009538,84.05963,84.02925,85.41406
2022-01-20 16:10:47.508108,84.1636,84.4935,85.41406
2022-01-20 16:10:48.001081,84.11161,84.28675,85.41406
2022-01-20 16:10:48.501244,84.52377,84.90575,85.41406
2022-01-20 16:10:49.010816,84.05963,84.28675,85.53187
2022-01-20 16:10:49.507391,84.05963,84.54425,85.53187
2022-01-20 16:10:50.006829,83.85417,84.02925,85.96354
2022-01-20 16:10:50.503420,85.1946,85.1125,85.96354
2022-01-20 16:10:51.001487,84.05963,84.28675,86.04176
2022-01-20 16:10:51.508710,84.21434,84.33875,86.04176
2022-01-20 16:10:52.006523,84.11161,84.33875,86.12093
2022-01-20 16:10:52.502960,84.36905,84.54425,86.12093
2022-01-20 16:10:53.002292,83.69946,84.132,86.08135
2022-01-20 16:10:53.510102,84.36905,84.699,86.08135
2022-01-20 16:10:54.008410,84.36905,84.33875,86.00312
2022-01-20 16:10:54.505310,83.9569,84.28675,86.00312
2022-01-20 16:10:55.004193,84.73046,84.85375,85.84572
2022-01-20 16:10:55.509187,83.80219,84.33875,85.84572
2022-01-20 16:10:56.006713,84.62773,84.751,85.49229
2022-01-20 16:10:56.503746,83.44078,83.8225,85.49229
2022-01-20 16:10:57.003578,84.21434,84.54425,85.4527
2022-01-20 16:10:57.508394,84.31831,84.184,85.4527
2022-01-20 16:10:58.008373,84.26632,84.59625,85.13885
2022-01-20 16:10:58.502550,84.67848,84.699,85.13885
2022-01-20 16:10:59.010352,83.85417,84.08,85.41406
2022-01-20 16:10:59.505487,84.52377,84.64825,85.41406
2022-01-20 16:11:00.006073,83.9569,84.23475,85.57051
2022-01-20 16:11:01.005483,83.90492,84.08,86.5526
2022-01-20 16:11:01.511098,84.42104,84.751,86.5526
2022-01-20 16:11:02.009481,84.62773,84.4935,85.92395
2022-01-20 16:11:02.501525,83.80219,84.28675,85.92395
2022-01-20 16:11:03.010712,84.78245,84.85375,84.98145
2022-01-20 16:11:03.505427,83.59549,83.8225,84.98145
2022-01-20 16:11:04.005184,84.93716,85.0085,85.64968
2022-01-20 16:11:04.510236,83.7502,84.132,85.64968
2022-01-20 16:11:05.008198,84.36905,84.699,85.49229
2022-01-20 16:11:05.502557,84.31831,84.28675,85.49229
2022-01-20 16:11:06.010405,84.05963,84.4935,85.96354
2022-01-20 16:11:06.508150,84.26632,84.28675,85.96354
2022-01-20 16:11:07.008359,84.42104,84.751,84.90322
2022-01-20 16:11:07.502770,84.11161,84.28675,84.90322
2022-01-20 16:11:08.011202,84.11161,84.33875,86.00312
2022-01-20 16:11:08.506850,84.57575,84.803,86.00312
2022-01-20 16:11:09.004844,84.21434,84.33875,85.21708
2022-01-20 16:11:09.509131,84.26632,84.59625,85.21708
2022-01-20 16:11:10.005991,84.1636,84.28675,87.14166
2022-01-20 16:11:10.509967,84.11161,84.54425,87.14166
2022-01-20 16:11:11.005697,84.93716,85.0605,85.25666
2022-01-20 16:11:11.501044,83.39003,83.7705,85.25666
2022-01-20 16:11:12.001128,84.73046,84.95775,85.6101
2022-01-20 16:11:12.506553,84.1636,84.08,85.6101
2022-01-20 16:11:13.004495,84.31831,84.59625,85.68833
2022-01-20 16:11:13.509710,83.85417,84.08,85.68833
2022-01-20 16:11:14.007022,83.80219,84.132,85.17843
2022-01-20 16:11:14.510763,84.57575,84.751,85.17843
2022-01-20 16:11:15.010078,84.36905,84.751,85.37447
2022-01-20 16:11:15.505971,84.26632,84.4415,85.37447
2022-01-20 16:11:16.004277,84.31831,84.4935,86.51301
2022-01-20 16:11:16.509788,84.26632,84.54425,86.51301
2022-01-20 16:11:17.007628,84.52377,84.59625,85.53187
2022-01-20 16:11:17.503860,83.90492,84.184,85.53187
2022-01-20 16:11:18.001091,84.31831,84.59625,85.88531
2022-01-20 16:11:18.505061,83.85417,84.28675,85.88531
2022-01-20 16:11:19.001104,84.62773,84.85375,85.37447
2022-01-20 16:11:19.506792,84.42104,84.4935,85.37447
2022-01-20 16:11:20.006816,84.11161,84.4415,86.12093
2022-01-20 16:11:20.503058,84.67848,84.59625,86.12093
2022-01-20 16:11:21.505763,84.78245,84.90575,86.04176
2022-01-20 16:11:22.005300,83.64747,83.92525,86.27739
2022-01-20 16:11:22.510996,84.42104,84.751,86.27739
2022-01-20 16:11:23.010788,83.90492,84.08,85.21708
2022-01-20 16:11:23.506040,84.67848,84.90575,85.21708
2022-01-20 16:11:24.003913,84.26632,84.33875,85.84572
2022-01-20 16:11:24.509739,84.21434,84.54425,85.84572
2022-01-20 16:11:25.008183,84.21434,84.4415,85.88531
2022-01-20 16:11:25.503437,83.85417,84.132,85.88531
2022-01-20 16:11:26.001954,84.78245,85.0085,85.49229
2022-01-20 16:11:26.506625,83.28607,83.7705,85.49229
2022-01-20 16:11:27.004912,84.57575,84.85375,86.15958
2022-01-20 16:11:27.511191,84.42104,84.4415,86.15958
2022-01-20 16:11:28.010689,84.05963,84.4935,85.17843
2022-01-20 16:11:28.504884,84.52377,84.699,85.17843
2022-01-20 16:11:29.003398,83.90492,84.132,87.10208
2022-01-20 16:11:29.510807,84.42104,84.59625,87.10208
2022-01-20 16:11:30.009230,83.59549,83.97725,86.15958
2022-01-20 16:11:30.503982,84.67848,85.0605,86.15958
2022-01-20 16:11:31.001012,84.00888,83.8745,85.57051
2022-01-20 16:11:31.506162,84.73046,84.90575,85.57051
2022-01-20 16:11:32.004537,83.80219,83.92525,85.29625
2022-01-20 16:11:32.509904,84.62773,84.803,85.29625
2022-01-20 16:11:33.007809,84.47302,84.64825,85.53187
2022-01-20 16:11:33.502712,83.39003,83.8745,85.53187
2022-01-20 16:11:34.000891,84.78245,85.0605,85.88531
2022-01-20 16:11:34.507085,84.1636,84.33875,85.88531
2022-01-20 16:11:35.006067,84.62773,84.95775,86.08135
2022-01-20 16:11:35.510898,84.57575,84.64825,86.08135
2022-01-20 16:11:36.010734,83.64747,84.08,85.53187
2022-01-20 16:11:36.506294,84.42104,84.4415,85.53187
2022-01-20 16:11:37.004889,84.26632,84.64825,84.94281
2022-01-20 16:11:37.501150,84.26632,84.699,84.94281
2022-01-20 16:11:38.010172,83.90492,83.8745,85.7675
2022-01-20 16:11:38.505364,84.26632,84.3895,85.7675
2022-01-20 16:11:39.002220,84.52377,84.59625,85.37447
2022-01-20 16:11:39.508669,84.52377,84.699,85.37447
2022-01-20 16:11:40.006689,84.36905,84.4935,86.23875
2022-01-20 16:11:40.502280,83.64747,83.8745,86.23875
2022-01-20 16:11:41.010315,84.42104,84.699,85.25666
2022-01-20 16:11:41.505786,84.26632,84.54425,85.25666
2022-01-20 16:11:42.003778,84.26632,84.3895,85.13885
2022-01-20 16:11:42.508914,84.21434,84.08,85.13885
2022-01-20 16:11:43.007309,83.69946,84.23475,85.72791
2022-01-20 16:11:43.503650,84.67848,84.751,85.72791
2022-01-20 16:11:44.002898,84.1636,84.54425,85.96354
2022-01-20 16:11:44.508898,84.11161,84.33875,85.96354
2022-01-20 16:11:45.008265,84.21434,84.54425,85.68833
2022-01-20 16:11:45.502884,84.31831,84.59625,85.68833
2022-01-20 16:11:46.002799,84.67848,84.54425,86.27739
2022-01-20 16:11:46.507475,84.1636,84.4935,86.27739
2022-01-20 16:11:47.007045,83.9569,84.28675,85.7675
2022-01-20 16:11:47.502773,83.90492,84.08,85.7675
2022-01-20 16:11:48.001443,84.88517,85.16325,86.19916
2022-01-20 16:11:48.508186,83.64747,84.184,86.19916
2022-01-20 16:11:49.007173,84.62773,84.751,86.27739
2022-01-20 16:11:49.501330,84.21434,84.08,86.27739
2022-01-20 16:11:50.010633,84.21434,84.4935,86.04176
2022-01-20 16:11:50.506758,84.52377,84.751,86.04176
2022-01-20 16:11:51.005707,84.05963,84.3895,86.00312
2022-01-20 16:11:51.501551,84.31831,84.4935,86.00312
2022-01-20 16:11:52.010245,83.85417,84.4415,86.19916
2022-01-20 16:11:52.506282,84.57575,84.95775,86.19916
2022-01-20 16:11:53.004373,84.36905,84.184,85.68833
2022-01-20 16:11:53.509069,84.47302,84.751,85.68833
2022-01-20 16:11:54.008189,84.00888,84.33875,85.84572
2022-01-20 16:11:54.503932,84.26632,84.4935,85.84572
2022-01-20 16:11:55.001287,84.57575,84.751,85.21708
2022-01-20 16:11:55.507176,83.80219,84.28675,85.21708
2022-01-20 16:11:56.005378,84.52377,84.803,84.90322
2022-01-20 16:11:56.510026,83.80219,83.8745,84.90322
2022-01-20 16:11:57.010081,84.62773,84.85375,85.88531
2022-01-20 16:11:57.505632,84.26632,84.3895,85.88531
2022-01-20 16:11:58.004209,83.90492,84.184,85.96354
2022-01-20 16:11:58.510801,84.31831,84.4935,85.96354
2022-01-20 16:11:59.007859,83.80219,84.23475,84.98145
2022-01-20 16:11:59.502760,84.67848,84.90575,84.98145
2022-01-20 16:12:00.002302,84.1636,84.33875,85.68833
2022-01-20 16:12:00.506571,84.26632,84.54425,85.68833
2022-01-20 16:12:01.006115,84.21434,84.23475,85.37447
2022-01-20 16:12:01.501528,84.21434,84.59625,85.37447
2022-01-20 16:12:02.004148,84.36905,84.54425,85.25666
2022-01-20 16:12:02.509282,83.80219,84.184,85.25666
2022-01-20 16:12:03.007378,84.00888,84.33875,84.98145
2022-01-20 16:12:03.502007,84.36905,84.751,84.98145
2022-01-20 16:12:04.011098,84.42104,84.4935,85.92395
2022-01-20 16:12:04.506973,84.52377,84.699,85.92395
2022-01-20 16:12:05.004708,83.69946,83.92525,85.4527
2022-01-20 16:12:05.502187,84.42104,84.59625,85.4527
2022-01-20 16:12:06.003740,84.26632,84.59625,87.06343
2022-01-20 16:12:06.509032,84.36905,84.64825,87.06343
2022-01-20 16:12:07.007860,83.7502,84.23475,85.17843
2022-01-20 16:12:07.503407,83.9569,83.97725,85.17843
2022-01-20 16:12:08.010780,84.83319,84.85375,86.00312
2022-01-20 16:12:08.504605,84.11161,84.33875,86.00312
2022-01-20 16:12:09.004262,84.1636,84.4935,86.74864
2022-01-20 16:12:09.509439,83.9569,84.184,86.74864
2022-01-20 16:12:10.008183,84.36905,84.751,85.53187
2022-01-20 16:12:10.503884,84.1636,84.54425,85.53187
2022-01-20 16:12:11.002835,84.42104,84.54425,85.64968
2022-01-20 16:12:11.508551,84.21434,84.184,85.64968
2022-01-20 16:12:12.006869,83.90492,84.132,85.72791
2022-01-20 16:12:12.503878,84.73046,84.90575,85.72791
2022-01-20 16:12:13.002222,83.80219,84.08,85.57051
2022-01-20 16:12:13.509122,84.52377,84.85375,85.57051
2022-01-20 16:12:14.008008,83.44078,83.92525,86.27739
2022-01-20 16:12:14.504441,84.67848,84.699,86.27739
2022-01-20 16:12:15.001704,84.42104,84.33875,85.33489
2022-01-20 16:12:15.507401,84.11161,84.33875,85.33489
2022-01-20 16:12:16.004974,84.42104,84.59625,85.4527
2022-01-20 16:12:16.511055,84.11161,84.3895,85.4527
2022-01-20 16:12:17.010120,84.73046,85.0085,86.71
2022-01-20 16:12:17.505478,83.59549,84.132,86.71
2022-01-20 16:12:18.004020,84.52377,84.751,85.41406
2022-01-20 16:12:18.510512,84.21434,84.08,85.41406
2022-01-20 16:12:19.008575,84.42104,84.59625,85.72791
2022-01-20 16:12:19.503221,84.00888,84.28675,85.72791
2022-01-20 16:12:20.009920,84.00888,84.23475,85.33489
2022-01-20 16:12:20.505518,84.47302,84.803,85.33489
2022-01-20 16:12:21.003402,83.64747,84.132,85.72791
2022-01-20 16:12:21.509029,84.62773,84.85375,85.72791
2022-01-20 16:12:22.006832,84.26632,84.33875,85.84572
2022-01-20 16:12:22.501357,84.52377,84.54425,85.84572
2022-01-20 16:12:23.009999,84.26632,84.4415,85.96354
2022-01-20 16:12:23.506131,83.85417,84.28675,85.96354
2022-01-20 16:12:24.004188,84.31831,84.54425,85.13885
2022-01-20 16:12:24.510515,84.05963,84.64825,85.13885
2022-01-20 16:12:25.010167,84.1636,84.4415,86.15958
2022-01-20 16:12:25.505006,84.05963,84.28675,86.15958
2022-01-20 16:12:26.003004,84.42104,84.59625,85.80614
2022-01-20 16:12:26.507768,84.47302,84.4935,85.80614
2022-01-20 16:12:27.006606,84.1636,84.4415,84.74583
2022-01-20 16:12:27.503617,84.21434,84.59625,84.74583
2022-01-20 16:12:28.004534,84.00888,84.33875,86.59218
2022-01-20 16:12:28.509449,84.31831,84.4935,86.59218
2022-01-20 16:12:29.007247,83.90492,84.3895,85.92395
2022-01-20 16:12:29.503018,84.11161,84.28675,85.92395
2022-01-20 16:12:30.009099,84.78245,84.803,86.04176
2022-01-20 16:12:30.506527,83.9569,83.97725,86.04176
2022-01-20 16:12:31.002651,84.52377,84.64825,86.04176
2022-01-20 16:12:31.507458,84.11161,84.4415,86.04176
2022-01-20 16:12:32.006784,84.31831,84.59625,85.17843
2022-01-20 16:12:32.508570,84.26632,84.54425,85.17843
2022-01-20 16:12:33.006435,84.42104,84.59625,85.37447
2022-01-20 16:12:33.511050,84.47302,84.4415,85.37447
2022-01-20 16:12:34.010605,83.9569,84.23475,86.08135
2022-01-20 16:12:34.505857,84.52377,84.90575,86.08135
2022-01-20 16:12:35.003669,83.69946,84.02925,85.17843
2022-01-20 16:12:35.509975,84.52377,84.751,85.17843
2022-01-20 16:12:36.008440,83.39003,83.8745,86.67041
2022-01-20 16:12:36.503889,84.57575,84.699,86.67041
2022-01-20 16:12:37.002321,84.83319,84.803,86.04176
2022-01-20 16:12:37.506974,84.05963,84.08,86.04176
2022-01-20 16:12:38.005423,84.1636,84.33875,85.13885
2022-01-20 16:12:38.510813,83.7502,84.02925,85.13885
2022-01-20 16:12:39.009538,85.03989,85.21525,85.29625
2022-01-20 16:12:39.509792,83.23532,83.66775,85.29625
2022-01-20 16:12:40.007396,84.47302,84.803,85.7675
2022-01-20 16:12:40.503114,84.1636,84.23475,85.7675
2022-01-20 16:12:41.001230,84.47302,84.699,85.17843
2022-01-20 16:12:41.507449,84.67848,84.90575,85.17843
2022-01-20 16:12:42.005815,83.59549,83.8225,86.15958
2022-01-20 16:12:42.511109,84.73046,85.0085,86.15958
2022-01-20 16:12:43.010107,83.54475,84.08,85.41406
2022-01-20 16:12:43.504988,84.93716,85.21525,85.41406
2022-01-20 16:12:44.002688,83.64747,83.8225,85.7675
2022-01-20 16:12:44.508373,84.26632,84.4415,85.7675
2022-01-20 16:12:45.006455,84.47302,84.54425,85.72791
2022-01-20 16:12:45.501102,83.90492,84.28675,85.72791
2022-01-20 16:12:46.010807,84.67848,84.90575,86.90604
2022-01-20 16:12:46.507876,83.80219,84.132,86.90604
2022-01-20 16:12:47.005337,84.67848,84.64825,85.57051
2022-01-20 16:12:47.510707,83.90492,84.184,85.57051
2022-01-20 16:12:48.007412,84.62773,84.751,85.64968
2022-01-20 16:12:48.502920,84.1636,84.184,85.64968
2022-01-20 16:12:49.010513,84.00888,84.184,85.21708
2022-01-20 16:12:49.506336,84.26632,84.751,85.21708
2022-01-20 16:12:50.004242,84.31831,84.751,85.68833
2022-01-20 16:12:50.502364,84.26632,84.3895,85.68833
2022-01-20 16:12:51.009956,83.80219,84.184,85.4527
2022-01-20 16:12:51.507150,84.52377,84.64825,85.4527
2022-01-20 16:12:52.004883,84.26632,84.4415,85.17843
2022-01-20 16:12:52.510665,84.26632,84.54425,85.17843
2022-01-20 16:12:53.008600,84.36905,84.699,86.12093
2022-01-20 16:12:53.503803,83.90492,84.184,86.12093
2022-01-20 16:12:54.001181,84.52377,84.803,86.12093
2022-01-20 16:12:54.503268,83.7502,84.184,86.12093
2022-01-20 16:12:55.002320,84.47302,84.59625,84.78541
2022-01-20 16:12:55.507630,84.1636,84.23475,84.78541
2022-01-20 16:12:56.007745,84.1636,84.3895,86.43479
2022-01-20 16:12:56.502438,84.31831,84.59625,86.43479
2022-01-20 16:12:57.010743,84.1636,84.4415,85.33489
2022-01-20 16:12:57.505438,84.83319,84.90575,85.33489
2022-01-20 16:12:58.003905,83.54475,83.97725,85.25666
2022-01-20 16:12:58.508376,83.9569,84.08,85.25666
2022-01-20 16:12:59.006031,84.57575,84.59625,87.14166
2022-01-20 16:12:59.502450,84.47302,84.54425,87.14166
2022-01-20 16:13:00.010558,83.64747,83.8745,240.45531
2022-01-20 16:13:00.504919,83.64747,84.02925,240.45531
2022-01-20 16:13:01.005001,84.57575,84.751,218.97385
2022-01-20 16:13:01.509383,83.90492,84.33875,218.97385
2022-01-20 16:13:02.006940,84.62773,84.85375,152.44937
2022-01-20 16:13:02.502127,83.33805,83.461,152.44937
2022-01-20 16:13:03.009800,84.57575,84.64825,102.22166
2022-01-20 16:13:03.507458,84.62773,84.699,102.22166
2022-01-20 16:13:04.006611,84.00888,84.132,92.56104
2022-01-20 16:13:04.501496,84.05963,84.33875,92.56104
2022-01-20 16:13:05.009508,83.13135,83.461,88.51583
2022-01-20 16:13:05.505774,85.14262,85.318,88.51583
2022-01-20 16:13:06.003218,83.69946,84.132,88.16239
2022-01-20 16:13:06.509776,85.03989,85.1125,88.16239
2022-01-20 16:13:07.008790,84.31831,84.3895,86.67041
2022-01-20 16:13:07.506157,83.85417,84.184,86.67041
2022-01-20 16:13:08.005135,84.88517,85.1125,86.00312
2022-01-20 16:13:08.510438,83.80219,83.97725,86.00312
2022-01-20 16:13:09.006938,84.36905,84.54425,85.64968
2022-01-20 16:13:09.501703,83.54475,84.02925,85.64968
2022-01-20 16:13:10.010269,84.93716,85.21525,85.33489
2022-01-20 16:13:10.506571,84.36905,84.4415,85.33489
2022-01-20 16:13:11.007350,83.90492,84.33875,86.82781
2022-01-20 16:13:11.501873,84.1636,84.3895,86.82781
2022-01-20 16:13:12.003444,84.00888,84.28675,86.27739
2022-01-20 16:13:12.509619,84.62773,84.85375,86.27739
2022-01-20 16:13:13.007140,83.59549,84.08,86.71
2022-01-20 16:13:13.501801,84.42104,84.4415,86.71
2022-01-20 16:13:14.010056,84.21434,84.28675,85.92395
2022-01-20 16:13:14.505882,84.57575,84.699,85.92395
2022-01-20 16:13:15.005291,83.80219,84.132,85.57051
2022-01-20 16:13:15.501112,84.31831,84.59625,85.57051
2022-01-20 16:13:16.009849,84.52377,84.4415,85.33489
2022-01-20 16:13:16.505335,83.90492,84.3895,85.33489
2022-01-20 16:13:17.007442,84.36905,84.54425,84.825
2022-01-20 16:13:17.502889,84.42104,84.33875,84.825
2022-01-20 16:13:18.001864,84.21434,84.33875,85.92395
2022-01-20 16:13:18.508050,84.05963,84.33875,85.92395
2022-01-20 16:13:19.002280,84.26632,84.4935,85.68833
2022-01-20 16:13:19.507475,84.52377,84.64825,85.68833
2022-01-20 16:13:20.005685,83.90492,84.4415,85.37447
2022-01-20 16:13:20.501046,84.05963,84.184,85.37447
2022-01-20 16:13:21.004837,84.31831,84.4935,85.80614
2022-01-20 16:13:21.511214,84.21434,84.3895,85.80614
2022-01-20 16:13:22.009055,84.36905,84.699,85.6101
2022-01-20 16:13:22.504172,83.85417,84.184,85.6101
2022-01-20 16:13:23.001999,84.00888,84.132,85.41406
2022-01-20 16:13:23.506942,84.78245,85.1125,85.41406
2022-01-20 16:13:24.005940,84.05963,84.132,86.00312
2022-01-20 16:13:24.511022,84.26632,84.4415,86.00312
2022-01-20 16:13:25.009374,83.64747,83.71975,85.4527
2022-01-20 16:13:25.505100,84.62773,84.90575,85.4527
2022-01-20 16:13:26.505295,84.73046,84.751,84.98145
2022-01-20 16:13:27.003027,83.90492,84.132,86.23875
2022-01-20 16:13:27.507949,84.47302,84.751,86.23875
2022-01-20 16:13:28.007740,84.00888,84.33875,85.17843
2022-01-20 16:13:28.503576,84.73046,84.64825,85.17843
2022-01-20 16:13:29.011027,84.05963,84.28675,85.53187
2022-01-20 16:13:29.505917,83.85417,84.08,85.53187
2022-01-20 16:13:30.010208,84.62773,84.90575,86.00312
2022-01-20 16:13:30.504857,83.80219,84.08,86.00312
2022-01-20 16:13:31.003188,84.62773,84.64825,84.86364
2022-01-20 16:13:31.507994,83.54475,84.132,84.86364
2022-01-20 16:13:32.004704,84.42104,84.4935,85.49229
2022-01-20 16:13:32.509912,84.88517,84.85375,85.49229
2022-01-20 16:13:33.007228,84.00888,84.3895,86.3952
2022-01-20 16:13:33.508821,84.21434,84.4935,86.3952
2022-01-20 16:13:34.007723,83.7502,84.02925,85.7675
2022-01-20 16:13:34.502786,84.67848,84.90575,85.7675
2022-01-20 16:13:35.001571,83.80219,84.23475,85.57051
2022-01-20 16:13:35.507257,84.00888,84.132,85.57051
2022-01-20 16:13:36.005560,84.36905,84.54425,85.6101
2022-01-20 16:13:36.510451,84.31831,84.4935,85.6101
2022-01-20 16:13:37.007908,84.42104,84.699,85.64968
2022-01-20 16:13:37.502638,84.05963,84.23475,85.64968
2022-01-20 16:13:38.009949,84.11161,84.28675,85.96354
2022-01-20 16:13:38.505411,83.9569,84.64825,85.96354
2022-01-20 16:13:39.004409,84.31831,84.3895,85.80614
2022-01-20 16:13:39.509912,84.31831,84.4935,85.80614
2022-01-20 16:13:40.008709,84.21434,84.3895,86.04176
2022-01-20 16:13:40.506834,84.36905,84.64825,86.04176
2022-01-20 16:13:41.003950,84.1636,84.54425,85.72791
2022-01-20 16:13:41.510703,84.21434,84.3895,85.72791
2022-01-20 16:13:42.008299,83.9569,84.54425,85.25666
2022-01-20 16:13:42.503915,84.1636,84.23475,85.25666
2022-01-20 16:13:43.001868,84.52377,84.751,85.7675
2022-01-20 16:13:43.511059,84.11161,84.184,85.7675
2022-01-20 16:13:44.009201,84.78245,84.90575,86.04176
2022-01-20 16:13:44.505767,83.85417,84.08,86.04176
2022-01-20 16:13:45.003913,84.52377,84.751,84.98145
2022-01-20 16:13:45.508537,84.11161,84.54425,84.98145
2022-01-20 16:13:46.007001,83.80219,83.71975,85.88531
2022-01-20 16:13:46.503511,84.42104,84.751,85.88531
2022-01-20 16:13:47.011161,84.11161,84.23475,86.31697
2022-01-20 16:13:47.506390,84.73046,84.90575,86.31697
2022-01-20 16:13:48.008430,84.00888,84.4415,84.98145
2022-01-20 16:13:48.502842,84.52377,84.64825,84.98145
2022-01-20 16:13:49.010856,84.21434,84.64825,86.3952
2022-01-20 16:13:49.507636,84.1636,84.4415,86.3952
2022-01-20 16:13:50.006376,84.1636,84.59625,85.21708
2022-01-20 16:13:50.501565,84.00888,84.02925,85.21708
2022-01-20 16:13:51.009808,84.52377,84.803,85.68833
2022-01-20 16:13:51.505705,83.90492,84.132,85.68833
2022-01-20 16:13:52.003762,84.57575,84.85375,86.23875
2022-01-20 16:13:52.501113,83.7502,83.97725,86.23875
2022-01-20 16:13:53.010539,84.88517,84.95775,85.37447
2022-01-20 16:13:53.505451,83.54475,83.92525,85.37447
2022-01-20 16:13:54.006386,84.26632,84.33875,85.49229
2022-01-20 16:13:54.502285,84.73046,84.95775,85.49229
2022-01-20 16:13:55.009790,83.7502,84.02925,85.88531
2022-01-20 16:13:55.506132,84.57575,84.64825,85.88531
2022-01-20 16:13:56.004702,83.49276,83.92525,85.06062
2022-01-20 16:13:56.510345,84.88517,85.0085,85.06062
2022-01-20 16:13:57.009275,83.85417,84.23475,86.04176
2022-01-20 16:13:57.504169,84.67848,84.751,86.04176
2022-01-20 16:13:58.001383,83.9569,84.02925,87.02385
2022-01-20 16:13:58.506226,84.1636,84.4415,87.02385
2022-01-20 16:13:59.005388,84.62773,84.90575,85.21708
2022-01-20 16:13:59.509153,83.85417,84.02925,85.21708
2022-01-20 16:14:00.006151,84.52377,84.54425,85.41406
2022-01-20 16:14:00.502116,83.59549,84.184,85.41406
2022-01-20 16:14:01.001461,84.73046,84.59625,85.29625
2022-01-20 16:14:01.508101,84.52377,84.59625,85.29625
2022-01-20 16:14:02.006245,83.9569,84.08,86.00312
2022-01-20 16:14:02.501523,84.21434,84.33875,86.00312
2022-01-20 16:14:03.010505,84.05963,84.3895,85.33489
2022-01-20 16:14:03.504482,84.57575,84.699,85.33489
2022-01-20 16:14:04.002476,83.85417,84.28675,85.41406
2022-01-20 16:14:04.507220,84.1636,84.28675,85.41406
2022-01-20 16:14:05.005118,84.05963,84.33875,85.37447
2022-01-20 16:14:05.502350,84.78245,84.85375,85.37447
2022-01-20 16:14:06.008559,83.9569,84.132,85.6101
2022-01-20 16:14:06.503930,83.9569,84.33875,85.6101
2022-01-20 16:14:07.010832,84.42104,84.59625,85.92395
2022-01-20 16:14:07.509728,84.36905,84.803,85.92395
2022-01-20 16:14:08.008692,84.26632,84.64825,85.49229
2022-01-20 16:14:08.503263,83.9569,84.3895,85.49229
2022-01-20 16:14:09.010592,84.00888,84.132,86.31697
2022-01-20 16:14:09.508686,84.67848,84.85375,86.31697
2022-01-20 16:14:10.008153,84.05963,84.28675,85.17843
2022-01-20 16:14:10.502085,84.26632,84.3895,85.17843
2022-01-20 16:14:11.005945,84.00888,84.54425,86.47437
2022-01-20 16:14:11.501144,84.47302,84.4415,86.47437
2022-01-20 16:14:12.008895,84.47302,84.90575,85.09926
2022-01-20 16:14:12.504140,84.05963,84.23475,85.09926
2022-01-20 16:14:13.007262,84.36905,84.3895,85.64968
2022-01-20 16:14:13.502962,83.90492,84.08,85.64968
2022-01-20 16:14:14.003907,84.57575,84.803,85.64968
2022-01-20 16:14:14.508020,84.00888,84.23475,85.64968
2022-01-20 16:14:15.006151,84.62773,84.699,85.80614
2022-01-20 16:14:15.510602,83.39003,83.97725,85.80614
2022-01-20 16:14:16.008437,84.42104,84.54425,85.17843
2022-01-20 16:14:16.503368,84.57575,84.699,85.17843
2022-01-20 16:14:17.002663,83.85417,84.08,86.47437
2022-01-20 16:14:17.507749,84.62773,84.751,86.47437
2022-01-20 16:14:18.005341,83.90492,84.08,85.72791
2022-01-20 16:14:18.502938,84.31831,84.59625,85.72791
2022-01-20 16:14:19.010921,84.05963,84.64825,85.57051
2022-01-20 16:14:19.506513,84.31831,84.54425,85.57051
2022-01-20 16:14:20.003524,84.31831,84.4415,85.64968
2022-01-20 16:14:20.509769,84.11161,84.33875,85.64968
2022-01-20 16:14:21.007492,84.67848,84.699,85.21708
2022-01-20 16:14:21.502830,83.7502,84.28675,85.21708
2022-01-20 16:14:22.010028,84.83319,84.85375,85.29625
2022-01-20 16:14:22.506222,83.23532,83.7705,85.29625
2022-01-20 16:14:23.006656,84.62773,84.803,85.88531
2022-01-20 16:14:23.501228,84.26632,84.4415,85.88531
2022-01-20 16:14:24.009144,84.57575,84.64825,85.53187
2022-01-20 16:14:24.504677,84.05963,84.08,85.53187
2022-01-20 16:14:25.001566,83.9569,84.28675,86.00312
2022-01-20 16:14:25.506488,84.73046,84.751,86.00312
2022-01-20 16:14:26.003828,84.05963,84.54425,87.06343
2022-01-20 16:14:26.509793,84.11161,84.132,87.06343
2022-01-20 16:14:27.008642,83.85417,84.3895,85.13885
2022-01-20 16:14:27.504158,84.67848,84.90575,85.13885
2022-01-20 16:14:28.001674,84.42104,84.4415,86.12093
2022-01-20 16:14:28.506745,84.42104,84.699,86.12093
2022-01-20 16:14:29.006002,83.85417,84.02925,85.33489
2022-01-20 16:14:29.501207,83.90492,84.28675,85.33489
2022-01-20 16:14:30.008785,84.78245,84.803,85.68833
2022-01-20 16:14:30.505767,83.80219,84.28675,85.68833
2022-01-20 16:14:31.004506,84.21434,84.28675,86.00312
2022-01-20 16:14:31.510064,84.11161,84.132,86.00312
2022-01-20 16:14:32.008734,84.42104,84.699,84.78541
2022-01-20 16:14:32.505708,84.26632,84.3895,84.78541
2022-01-20 16:14:33.002511,84.31831,84.699,85.96354
2022-01-20 16:14:33.508380,83.80219,83.8745,85.96354
2022-01-20 16:14:34.007323,84.26632,84.85375,85.64968
2022-01-20 16:14:34.502826,84.47302,84.54425,85.64968
2022-01-20 16:14:35.002306,84.31831,84.3895,85.29625
2022-01-20 16:14:35.508201,84.1636,84.33875,85.29625
2022-01-20 16:14:36.007231,84.00888,84.23475,85.80614
2022-01-20 16:14:36.504635,84.47302,84.95775,85.80614
2022-01-20 16:14:37.003829,84.1636,84.23475,85.33489
2022-01-20 16:14:37.508554,83.9569,84.4935,85.33489
2022-01-20 16:14:38.007760,84.1636,84.3895,85.21708
2022-01-20 16:14:38.508743,84.67848,84.803,85.21708
2022-01-20 16:14:39.004510,83.64747,83.71975,85.6101
2022-01-20 16:14:39.510471,84.62773,84.699,85.6101
2022-01-20 16:14:40.007443,83.49276,83.92525,85.41406
2022-01-20 16:14:40.503838,84.67848,84.751,85.41406
2022-01-20 16:14:41.004493,84.00888,84.59625,85.33489
2022-01-20 16:14:41.501120,83.7502,83.97725,85.33489
2022-01-20 16:14:42.010799,84.88517,84.95775,86.12093
2022-01-20 16:14:42.506908,83.90492,84.08,86.12093
2022-01-20 16:14:43.006257,84.36905,84.54425,85.72791
2022-01-20 16:14:44.005895,84.42104,84.4935,85.06062
2022-01-20 16:14:44.501719,83.85417,84.4415,85.06062
2022-01-20 16:14:45.009472,84.36905,84.4935,86.47437
2022-01-20 16:14:45.504672,84.21434,84.33875,86.47437
2022-01-20 16:14:46.005149,84.52377,84.54425,85.21708
2022-01-20 16:14:46.509721,84.42104,84.59625,85.21708
2022-01-20 16:14:47.009732,83.80219,84.33875,86.12093
2022-01-20 16:14:47.506420,84.57575,84.699,86.12093
2022-01-20 16:14:48.004908,84.00888,84.54425,86.27739
2022-01-20 16:14:48.505210,84.52377,84.699,86.27739
2022-01-20 16:14:49.002914,84.00888,84.3895,85.21708
2022-01-20 16:14:49.509546,84.21434,84.33875,85.21708
2022-01-20 16:14:50.001242,84.52377,84.54425,85.92395
2022-01-20 16:14:50.508323,84.26632,84.54425,85.92395
2022-01-20 16:14:51.009843,84.26632,84.184,85.33489
2022-01-20 16:14:51.507218,83.9569,84.3895,85.33489
2022-01-20 16:14:52.008577,84.31831,84.4935,85.57051
2022-01-20 16:14:52.504092,83.85417,84.4415,85.57051
2022-01-20 16:14:53.004214,84.78245,84.90575,85.92395
2022-01-20 16:14:53.509833,84.00888,84.02925,85.92395
2022-01-20 16:14:54.007789,84.21434,84.751,85.49229
2022-01-20 16:14:54.504055,84.31831,84.3895,85.49229
2022-01-20 16:14:55.003658,84.36905,84.64825,85.6101
2022-01-20 16:14:55.510124,84.11161,84.23475,85.6101
2022-01-20 16:14:56.008381,83.9569,84.59625,85.88531
2022-01-20 16:14:56.504052,84.21434,84.4415,85.88531
2022-01-20 16:14:57.003085,84.93716,84.85375,85.80614
2022-01-20 16:14:57.509824,84.05963,84.4935,85.80614
2022-01-20 16:14:58.009925,84.05963,84.184,85.84572
2022-01-20 16:14:58.506083,84.42104,84.751,85.84572
2022-01-20 16:14:59.003001,84.31831,84.3895,85.57051
2022-01-20 16:14:59.501287,83.80219,84.54425,85.57051
2022-01-20 16:15:00.008884,84.11161,84.132,85.09926
2022-01-20 16:15:00.504395,84.57575,84.699,85.09926
2022-01-20 16:15:01.003999,84.26632,84.4935,85.88531
2022-01-20 16:15:01.509489,84.31831,84.3895,85.88531
2022-01-20 16:15:02.007889,83.85417,84.184,85.49229
2022-01-20 16:15:02.503403,84.62773,84.699,85.49229
2022-01-20 16:15:03.002936,84.26632,85.0085,85.37447
2022-01-20 16:15:03.510182,83.80219,84.02925,85.37447
2022-01-20 16:15:04.010114,84.83319,84.699,86.51301
2022-01-20 16:15:04.504259,83.85417,83.97725,86.51301
2022-01-20 16:15:05.002667,84.88517,85.1125,85.84572
2022-01-20 16:15:05.508714,83.85417,84.08,85.84572
2022-01-20 16:15:06.006078,83.9569,84.08,86.08135
2022-01-20 16:15:06.501181,84.21434,84.751,86.08135
2022-01-20 16:15:07.008873,84.1636,84.33875,85.6101
2022-01-20 16:15:07.505129,84.42104,84.59625,85.6101
2022-01-20 16:15:08.003538,83.90492,84.02925,85.57051
2022-01-20 16:15:08.510666,84.52377,84.59625,85.57051
2022-01-20 16:15:09.008653,84.00888,84.3895,85.25666
2022-01-20 16:15:09.503610,84.73046,84.751,85.25666
2022-01-20 16:15:10.002393,83.69946,84.184,86.35656
2022-01-20 16:15:10.507372,84.52377,84.59625,86.35656
2022-01-20 16:15:11.002080,83.80219,84.02925,85.37447
2022-01-20 16:15:11.508626,84.52377,84.59625,85.37447
2022-01-20 16:15:12.008492,84.57575,84.54425,85.64968
2022-01-20 16:15:12.504121,83.9569,84.132,85.64968
2022-01-20 16:15:13.002917,84.26632,84.33875,85.6101
2022-01-20 16:15:13.508001,84.26632,84.751,85.6101
2022-01-20 16:15:14.005498,84.21434,84.59625,85.49229
2022-01-20 16:15:14.501183,83.9569,84.3895,85.49229
2022-01-20 16:15:15.009875,84.57575,84.54425,85.80614
2022-01-20 16:15:15.505758,84.31831,84.184,85.80614
2022-01-20 16:15:16.004624,84.21434,84.699,85.21708
2022-01-20 16:15:16.501682,84.42104,84.59625,85.21708
2022-01-20 16:15:17.008975,83.69946,84.184,85.29625
2022-01-20 16:15:17.504512,84.83319,85.0085,85.29625
2022-01-20 16:15:18.004637,83.44078,84.08,85.80614
2022-01-20 16:15:18.510282,84.62773,84.803,85.80614
2022-01-20 16:15:19.006744,84.52377,84.4935,85.25666
2022-01-20 16:15:19.502817,84.26632,84.4415,85.25666
2022-01-20 16:15:20.010696,84.00888,83.97725,85.72791
2022-01-20 16:15:20.506765,84.00888,84.54425,85.72791
2022-01-20 16:15:21.005854,84.42104,84.4935,85.68833
2022-01-20 16:15:22.004946,84.11161,84.132,86.19916
2022-01-20 16:15:22.510347,84.31831,84.4415,86.19916
2022-01-20 16:15:23.007374,84.52377,84.751,85.64968
2022-01-20 16:15:23.502537,84.47302,84.59625,85.64968
2022-01-20 16:15:24.010327,83.85417,84.132,85.92395
2022-01-20 16:15:24.506024,84.26632,84.4415,85.92395
2022-01-20 16:15:25.004437,84.11161,84.85375,86.15958
2022-01-20 16:15:25.509898,84.21434,84.28675,86.15958
2022-01-20 16:15:26.010099,84.52377,84.64825,85.64968
2022-01-20 16:15:26.504711,83.49276,83.71975,85.64968
2022-01-20 16:15:27.003567,84.93716,85.1125,85.49229
2022-01-20 16:15:27.508909,83.85417,84.33875,85.49229
2022-01-20 16:15:28.006760,84.31831,84.4935,85.49229
2022-01-20 16:15:28.501541,84.21434,84.699,85.49229
2022-01-20 16:15:29.010897,83.9569,84.08,85.72791
2022-01-20 16:15:29.505132,84.67848,84.95775,85.72791
2022-01-20 16:15:30.002739,84.26632,84.3895,86.86645
2022-01-20 16:15:30.510584,84.11161,84.08,86.86645
2022-01-20 16:15:31.008375,84.05963,84.33875,84.78541
2022-01-20 16:15:31.503219,84.36905,84.54425,84.78541
2022-01-20 16:15:32.001978,84.31831,84.751,86.27739
2022-01-20 16:15:32.507374,84.47302,84.54425,86.27739
2022-01-20 16:15:33.005859,83.85417,84.23475,85.13885
2022-01-20 16:15:33.501860,84.21434,84.59625,85.13885
2022-01-20 16:15:34.004246,85.14262,85.21525,85.7675
2022-01-20 16:15:34.510400,83.59549,83.97725,85.7675
2022-01-20 16:15:35.008081,84.67848,84.803,85.88531
2022-01-20 16:15:35.504545,83.59549,84.02925,85.88531
2022-01-20 16:15:36.003367,85.03989,85.1125,85.29625
2022-01-20 16:15:36.508564,83.80219,84.28675,85.29625
2022-01-20 16:15:37.006825,84.26632,84.3895,85.37447
2022-01-20 16:15:37.504146,84.05963,83.92525,85.37447
2022-01-20 16:15:38.002034,84.52377,84.95775,86.59218
2022-01-20 16:15:38.507990,84.21434,84.3895,86.59218
2022-01-20 16:15:39.006189,84.11161,84.4935,85.53187
2022-01-20 16:15:39.503239,84.47302,84.54425,85.53187
2022-01-20 16:15:40.001141,83.59549,83.8745,85.02104
2022-01-20 16:15:40.507328,84.83319,84.90575,85.02104
2022-01-20 16:15:41.003231,84.11161,83.97725,86.3952
2022-01-20 16:15:41.508950,84.31831,84.64825,86.3952
2022-01-20 16:15:42.007313,84.1636,84.23475,85.6101
2022-01-20 16:15:42.503304,83.9569,84.4415,85.6101
2022-01-20 16:15:43.002004,84.62773,84.803,86.04176
2022-01-20 16:15:43.508229,83.90492,84.4415,86.04176
2022-01-20 16:15:44.006183,84.67848,84.85375,85.96354
2022-01-20 16:15:44.502447,83.9569,83.97725,85.96354
2022-01-20 16:15:45.010360,84.31831,84.59625,85.49229
2022-01-20 16:15:45.505198,84.31831,84.3895,85.49229
2022-01-20 16:15:46.003554,84.11161,84.751,85.37447
2022-01-20 16:15:46.507616,84.11161,84.132,85.37447
2022-01-20 16:15:47.006105,83.59549,84.132,85.09926
2022-01-20 16:15:47.511039,84.47302,84.59625,85.09926
2022-01-20 16:15:48.009254,84.21434,84.28675,85.84572
2022-01-20 16:15:48.508239,84.52377,84.699,85.84572
2022-01-20 16:15:49.006938,84.11161,84.08,85.64968
2022-01-20 16:15:49.501941,84.05963,84.59625,85.64968
2022-01-20 16:15:50.008490,84.42104,84.4415,86.19916
2022-01-20 16:15:50.504746,84.57575,85.0085,86.19916
