時間,回転１,回転２,回転３
2022-01-20 15:00:00.005660,84.11161,84.4935,85.88531
2022-01-20 15:00:00.510585,84.47302,84.751,85.88531
2022-01-20 15:00:01.008456,83.49276,83.8745,85.49229
2022-01-20 15:00:01.503568,84.83319,85.0605,85.49229
2022-01-20 15:00:02.003958,83.90492,84.4415,85.68833
2022-01-20 15:00:02.500710,84.42104,84.64825,85.68833
2022-01-20 15:00:03.008932,84.62773,84.54425,85.68833
2022-01-20 15:00:03.506446,83.80219,83.92525,85.68833
2022-01-20 15:00:04.001270,84.83319,84.95775,85.09926
2022-01-20 15:00:04.506152,83.85417,84.184,85.09926
2022-01-20 15:00:05.003974,84.62773,84.803,85.72791
2022-01-20 15:00:05.509126,83.18334,83.61575,85.72791
2022-01-20 15:00:06.007430,84.73046,84.90575,85.13885
2022-01-20 15:00:06.504744,84.00888,84.132,85.13885
2022-01-20 15:00:07.003291,84.88517,84.90575,85.21708
2022-01-20 15:00:07.508442,83.80219,83.97725,85.21708
2022-01-20 15:00:08.007497,84.05963,84.33875,85.29625
2022-01-20 15:00:08.503049,84.93716,85.21525,85.29625
2022-01-20 15:00:09.001227,83.69946,84.28675,85.57051
2022-01-20 15:00:09.506792,84.62773,84.751,85.57051
2022-01-20 15:00:10.004589,83.59549,83.7705,85.92395
2022-01-20 15:00:10.503073,84.52377,84.59625,85.92395
2022-01-20 15:00:11.006348,84.62773,84.803,85.80614
2022-01-20 15:00:11.511266,83.69946,83.97725,85.80614
2022-01-20 15:00:12.010972,84.21434,84.4935,85.33489
2022-01-20 15:00:12.506245,84.11161,84.59625,85.33489
2022-01-20 15:00:13.004099,84.26632,84.54425,85.72791
2022-01-20 15:00:13.509476,84.05963,84.28675,85.72791
2022-01-20 15:00:14.007334,84.52377,84.59625,85.49229
2022-01-20 15:00:14.503379,83.85417,83.92525,85.49229
2022-01-20 15:00:15.003085,84.67848,84.95775,85.53187
2022-01-20 15:00:15.509525,84.31831,84.59625,85.53187
2022-01-20 15:00:16.008381,83.85417,84.132,86.19916
2022-01-20 15:00:16.503715,84.57575,84.751,86.19916
2022-01-20 15:00:17.008499,83.80219,84.23475,86.19916
2022-01-20 15:00:17.505942,84.36905,84.4415,86.19916
2022-01-20 15:00:18.004285,84.52377,84.699,85.7675
2022-01-20 15:00:18.510787,84.11161,84.184,85.7675
2022-01-20 15:00:19.009687,84.47302,84.751,86.51301
2022-01-20 15:00:19.507246,84.42104,84.751,86.51301
2022-01-20 15:00:20.006177,83.9569,84.33875,85.72791
2022-01-20 15:00:20.503701,84.31831,84.64825,85.72791
2022-01-20 15:00:21.006484,84.11161,84.23475,86.12093
2022-01-20 15:00:21.510239,84.47302,84.699,86.12093
2022-01-20 15:00:22.002528,84.11161,84.23475,85.7675
2022-01-20 15:00:22.501796,84.42104,84.699,85.7675
2022-01-20 15:00:23.002767,84.00888,84.33875,85.17843
2022-01-20 15:00:23.507390,84.67848,84.85375,85.17843
2022-01-20 15:00:24.001702,83.54475,83.97725,86.00312
2022-01-20 15:00:25.003180,84.52377,84.4415,85.41406
2022-01-20 15:00:25.506014,83.69946,83.92525,85.41406
2022-01-20 15:00:26.004221,84.36905,84.751,85.6101
2022-01-20 15:00:26.509262,84.11161,84.33875,85.6101
2022-01-20 15:00:27.007121,84.42104,84.64825,86.23875
2022-01-20 15:00:27.502090,83.7502,84.23475,86.23875
2022-01-20 15:00:28.010536,84.21434,84.33875,85.33489
2022-01-20 15:00:28.507803,84.21434,84.23475,85.33489
2022-01-20 15:00:29.006395,84.73046,84.85375,85.13885
2022-01-20 15:00:29.503467,84.26632,84.59625,85.13885
2022-01-20 15:00:30.005552,83.7502,84.23475,85.72791
2022-01-20 15:00:30.510623,84.57575,84.95775,85.72791
2022-01-20 15:00:31.008922,83.49276,83.8225,85.37447
2022-01-20 15:00:31.502788,85.14262,85.318,85.37447
2022-01-20 15:00:32.010963,83.44078,83.7705,85.53187
2022-01-20 15:00:32.506787,84.42104,84.4935,85.53187
2022-01-20 15:00:33.006014,84.42104,84.4935,85.21708
2022-01-20 15:00:33.502793,84.05963,84.4935,85.21708
2022-01-20 15:00:34.005158,84.78245,85.0085,85.92395
2022-01-20 15:00:34.509666,83.69946,83.97725,85.92395
2022-01-20 15:00:35.008681,84.36905,84.4415,85.37447
2022-01-20 15:00:35.503495,84.05963,84.28675,85.37447
2022-01-20 15:00:36.001073,84.67848,84.751,85.25666
2022-01-20 15:00:36.507464,84.1636,84.28675,85.25666
2022-01-20 15:00:37.005496,84.31831,84.54425,85.17843
2022-01-20 15:00:37.501917,84.11161,84.3895,85.17843
2022-01-20 15:00:38.005744,83.9569,84.132,85.33489
2022-01-20 15:00:39.004934,83.85417,84.3895,85.72791
2022-01-20 15:00:39.510516,84.36905,84.54425,85.72791
2022-01-20 15:00:40.008464,84.62773,84.59625,85.37447
2022-01-20 15:00:40.504522,83.90492,84.33875,85.37447
2022-01-20 15:00:41.001838,84.42104,84.751,85.84572
2022-01-20 15:00:41.505941,84.1636,84.59625,85.84572
2022-01-20 15:00:42.006612,84.05963,84.184,86.00312
2022-01-20 15:00:42.501921,84.00888,84.4415,86.00312
2022-01-20 15:00:43.001132,83.90492,84.02925,85.06062
2022-01-20 15:00:43.506300,84.67848,84.699,85.06062
2022-01-20 15:00:44.005469,83.9569,84.28675,85.49229
2022-01-20 15:00:44.501277,84.1636,84.4935,85.49229
2022-01-20 15:00:45.010596,84.31831,84.59625,85.13885
2022-01-20 15:00:45.505100,84.36905,84.54425,85.13885
2022-01-20 15:00:46.003536,84.1636,84.751,85.92395
2022-01-20 15:00:47.005374,84.42104,84.64825,85.84572
2022-01-20 15:00:47.501162,84.11161,84.184,85.84572
2022-01-20 15:00:48.010087,84.67848,85.0085,86.63083
2022-01-20 15:00:48.506896,83.69946,84.08,86.63083
2022-01-20 15:00:49.004431,84.73046,84.59625,85.57051
2022-01-20 15:00:49.502786,83.90492,84.33875,85.57051
2022-01-20 15:00:50.001997,84.36905,84.54425,85.53187
2022-01-20 15:00:50.506835,84.47302,84.54425,85.53187
2022-01-20 15:00:51.003750,84.11161,84.33875,85.13885
2022-01-20 15:00:51.502187,84.42104,84.54425,85.13885
2022-01-20 15:00:52.010846,83.90492,84.184,85.21708
2022-01-20 15:00:52.506041,84.42104,84.751,85.21708
2022-01-20 15:00:53.004714,83.7502,84.132,85.4527
2022-01-20 15:00:53.510564,84.42104,84.4415,85.4527
2022-01-20 15:00:54.009216,83.90492,84.23475,85.06062
2022-01-20 15:00:54.506776,84.52377,84.751,85.06062
2022-01-20 15:00:55.005540,84.11161,84.3895,85.53187
2022-01-20 15:00:55.504480,83.69946,84.132,85.53187
2022-01-20 15:00:56.003743,84.83319,84.85375,85.21708
2022-01-20 15:00:56.509898,83.54475,83.8745,85.21708
2022-01-20 15:00:57.008246,84.62773,84.751,85.57051
2022-01-20 15:00:57.503519,83.85417,84.23475,85.57051
2022-01-20 15:00:58.001633,84.11161,84.02925,85.64968
2022-01-20 15:00:58.507389,84.52377,84.751,85.64968
2022-01-20 15:00:59.004452,83.90492,84.33875,85.57051
2022-01-20 15:00:59.509661,84.21434,84.4415,85.57051
2022-01-20 15:01:00.006378,84.21434,84.4935,85.17843
2022-01-20 15:01:00.503818,84.42104,84.64825,85.17843
2022-01-20 15:01:01.008492,83.7502,84.23475,85.64968
2022-01-20 15:01:01.505093,84.52377,84.64825,85.64968
2022-01-20 15:01:02.003071,84.42104,84.59625,85.7675
2022-01-20 15:01:02.508665,84.05963,84.28675,85.7675
2022-01-20 15:01:03.007027,84.31831,84.4415,85.64968
2022-01-20 15:01:03.506176,83.85417,84.132,85.64968
2022-01-20 15:01:04.006260,84.62773,84.699,85.29625
2022-01-20 15:01:04.510176,84.00888,84.4935,85.29625
2022-01-20 15:01:05.008792,84.1636,83.97725,85.53187
2022-01-20 15:01:05.504017,84.73046,84.85375,85.53187
2022-01-20 15:01:06.003097,84.11161,84.28675,85.25666
2022-01-20 15:01:06.507418,84.52377,84.803,85.25666
2022-01-20 15:01:07.006373,83.80219,83.8745,85.41406
2022-01-20 15:01:07.501756,84.00888,84.33875,85.41406
2022-01-20 15:01:08.011027,84.31831,85.0085,86.12093
2022-01-20 15:01:08.507024,84.21434,84.28675,86.12093
2022-01-20 15:01:09.008744,84.36905,84.4935,85.80614
2022-01-20 15:01:09.503492,84.21434,84.33875,85.80614
2022-01-20 15:01:10.002750,84.42104,84.751,85.41406
2022-01-20 15:01:10.507580,84.00888,84.28675,85.41406
2022-01-20 15:01:11.006844,84.47302,84.699,84.98145
2022-01-20 15:01:11.502249,83.49276,84.08,84.98145
2022-01-20 15:01:12.002017,84.21434,84.33875,85.84572
2022-01-20 15:01:12.508378,84.62773,84.95775,85.84572
2022-01-20 15:01:13.006457,84.05963,84.28675,85.72791
2022-01-20 15:01:13.502352,84.42104,84.59625,85.72791
2022-01-20 15:01:14.009815,83.85417,83.97725,86.15958
2022-01-20 15:01:14.505204,84.67848,84.90575,86.15958
2022-01-20 15:01:15.004082,84.11161,84.4935,85.6101
2022-01-20 15:01:15.508679,84.26632,84.4415,85.6101
2022-01-20 15:01:16.006932,83.9569,84.132,85.64968
2022-01-20 15:01:16.502289,84.42104,84.59625,85.64968
2022-01-20 15:01:17.010356,84.73046,85.0085,85.6101
2022-01-20 15:01:17.505081,84.11161,84.23475,85.6101
2022-01-20 15:01:18.002586,84.67848,84.59625,86.19916
2022-01-20 15:01:18.507009,83.54475,83.97725,86.19916
2022-01-20 15:01:19.004969,84.73046,84.90575,85.37447
2022-01-20 15:01:19.510009,83.44078,83.92525,85.37447
2022-01-20 15:01:20.007819,84.52377,84.59625,85.88531
2022-01-20 15:01:20.502545,84.05963,83.8745,85.88531
2022-01-20 15:01:21.010714,83.9569,84.4935,124.76343
2022-01-20 15:01:21.507054,84.57575,84.64825,124.76343
2022-01-20 15:01:22.004656,83.85417,83.97725,235.70322
2022-01-20 15:01:22.510787,84.9879,85.0085,235.70322
2022-01-20 15:01:23.007877,83.23532,83.66775,207.85989
2022-01-20 15:01:23.501625,84.62773,84.699,207.85989
2022-01-20 15:01:24.009805,84.1636,84.132,138.97916
2022-01-20 15:01:24.505043,84.11161,84.3895,138.97916
2022-01-20 15:01:25.003241,84.62773,84.64825,90.08697
2022-01-20 15:01:25.507992,83.33805,83.66775,90.08697
2022-01-20 15:01:26.008071,84.88517,84.85375,94.01437
2022-01-20 15:01:26.510175,83.44078,83.97725,94.01437
2022-01-20 15:01:27.008438,84.88517,84.90575,88.67322
2022-01-20 15:01:27.502307,83.9569,84.28675,88.67322
2022-01-20 15:01:28.010048,84.31831,84.751,87.88812
2022-01-20 15:01:28.505557,84.47302,84.803,87.88812
2022-01-20 15:01:29.003883,83.90492,84.3895,86.94562
2022-01-20 15:01:29.509199,84.42104,84.59625,86.94562
2022-01-20 15:01:30.006880,83.64747,84.184,85.4527
2022-01-20 15:01:30.504405,84.57575,84.59625,85.4527
2022-01-20 15:01:31.001844,84.21434,84.4415,85.88531
2022-01-20 15:01:31.508747,84.52377,84.54425,85.88531
2022-01-20 15:01:32.007602,83.90492,84.02925,85.68833
2022-01-20 15:01:32.503492,84.05963,84.28675,85.68833
2022-01-20 15:01:33.001823,84.52377,84.59625,86.04176
2022-01-20 15:01:33.507006,84.00888,84.4415,86.04176
2022-01-20 15:01:34.005471,84.36905,84.28675,86.27739
2022-01-20 15:01:34.502415,84.1636,84.64825,86.27739
2022-01-20 15:01:35.001162,84.1636,84.28675,85.4527
2022-01-20 15:01:35.506779,84.83319,84.95775,85.4527
2022-01-20 15:01:36.007028,83.49276,83.7705,85.33489
2022-01-20 15:01:36.503586,84.36905,84.4935,85.33489
2022-01-20 15:01:37.001985,84.00888,84.4415,86.12093
2022-01-20 15:01:37.506565,84.31831,84.4415,86.12093
2022-01-20 15:01:38.002789,83.9569,84.33875,85.37447
2022-01-20 15:01:38.508621,84.1636,84.33875,85.37447
2022-01-20 15:01:39.006092,84.57575,84.64825,85.4527
2022-01-20 15:01:39.502352,84.11161,84.54425,85.4527
2022-01-20 15:01:40.009677,84.21434,84.54425,85.80614
2022-01-20 15:01:40.505273,83.9569,84.33875,85.80614
2022-01-20 15:01:41.003609,84.26632,84.3895,85.17843
2022-01-20 15:01:41.510813,83.9569,84.4935,85.17843
2022-01-20 15:01:42.007397,84.36905,84.4935,86.19916
2022-01-20 15:01:42.504334,84.42104,84.4935,86.19916
2022-01-20 15:01:43.008049,84.26632,84.4935,85.53187
2022-01-20 15:01:43.504666,84.57575,84.699,85.53187
2022-01-20 15:01:44.003872,83.69946,84.23475,85.64968
2022-01-20 15:01:44.509984,84.62773,84.699,85.64968
2022-01-20 15:01:45.007656,83.85417,84.4935,85.37447
2022-01-20 15:01:45.503092,84.47302,84.64825,85.37447
2022-01-20 15:01:46.011084,84.05963,84.132,85.37447
2022-01-20 15:01:46.506734,84.52377,84.54425,85.37447
2022-01-20 15:01:47.005162,84.57575,84.699,85.4527
2022-01-20 15:01:47.502512,83.9569,84.28675,85.4527
2022-01-20 15:01:48.009822,84.36905,84.54425,85.84572
2022-01-20 15:01:48.507885,83.49276,84.08,85.84572
2022-01-20 15:01:49.006077,84.62773,84.64825,85.41406
2022-01-20 15:01:49.501790,84.11161,84.33875,85.41406
2022-01-20 15:01:50.505826,83.80219,84.02925,85.06062
2022-01-20 15:01:51.003378,84.21434,84.54425,86.3952
2022-01-20 15:01:51.508737,84.47302,84.59625,86.3952
2022-01-20 15:01:52.007529,83.80219,84.33875,85.49229
2022-01-20 15:01:52.503309,84.05963,84.132,85.49229
2022-01-20 15:01:53.002305,84.36905,84.59625,85.84572
2022-01-20 15:01:53.508018,84.42104,84.59625,85.84572
2022-01-20 15:01:54.005863,84.42104,84.64825,85.72791
2022-01-20 15:01:54.510797,84.05963,84.54425,85.72791
2022-01-20 15:01:55.005873,84.1636,84.28675,85.4527
2022-01-20 15:01:55.503470,84.36905,84.803,85.4527
2022-01-20 15:01:56.001438,84.36905,84.28675,85.17843
2022-01-20 15:01:56.510438,84.05963,84.4415,85.17843
2022-01-20 15:01:57.008552,84.05963,84.23475,85.41406
2022-01-20 15:01:57.504239,84.57575,84.59625,85.41406
2022-01-20 15:01:58.002156,84.11161,84.3895,85.09926
2022-01-20 15:01:58.506366,84.1636,84.3895,85.09926
2022-01-20 15:01:59.004435,84.1636,84.59625,86.5526
2022-01-20 15:01:59.511100,84.05963,84.28675,86.5526
2022-01-20 15:02:00.008512,84.36905,84.803,85.06062
2022-01-20 15:02:00.508744,83.9569,84.132,85.06062
2022-01-20 15:02:01.006941,84.67848,84.64825,85.88531
2022-01-20 15:02:01.502956,83.9569,84.28675,85.88531
2022-01-20 15:02:02.001438,84.36905,84.54425,86.15958
2022-01-20 15:02:02.505528,84.11161,84.33875,86.15958
2022-01-20 15:02:03.002950,84.1636,84.132,85.41406
2022-01-20 15:02:03.508020,84.47302,85.16325,85.41406
2022-01-20 15:02:04.004807,84.05963,84.02925,85.64968
2022-01-20 15:02:04.510369,84.52377,84.54425,85.64968
2022-01-20 15:02:05.007679,83.85417,84.184,85.80614
2022-01-20 15:02:05.503989,84.42104,84.59625,85.80614
2022-01-20 15:02:06.004942,84.00888,84.4415,85.09926
2022-01-20 15:02:06.502058,84.31831,84.28675,85.09926
2022-01-20 15:02:07.002069,83.85417,84.3895,86.31697
2022-01-20 15:02:07.509459,84.36905,84.4935,86.31697
2022-01-20 15:02:08.008795,84.62773,84.64825,86.27739
2022-01-20 15:02:08.505256,83.80219,83.97725,86.27739
2022-01-20 15:02:09.004111,84.11161,84.23475,85.29625
2022-01-20 15:02:09.510339,84.1636,84.699,85.29625
2022-01-20 15:02:10.001266,84.47302,84.64825,86.47437
2022-01-20 15:02:10.506460,83.49276,84.184,86.47437
2022-01-20 15:02:11.002726,84.52377,84.54425,85.96354
2022-01-20 15:02:11.508696,84.42104,84.54425,85.96354
2022-01-20 15:02:12.007442,84.31831,84.33875,84.86364
2022-01-20 15:02:12.501976,84.42104,84.751,84.86364
2022-01-20 15:02:13.010394,83.64747,83.97725,85.72791
2022-01-20 15:02:13.504885,84.62773,84.59625,85.72791
2022-01-20 15:02:14.002990,83.69946,84.3895,85.13885
2022-01-20 15:02:14.508918,84.47302,84.803,85.13885
2022-01-20 15:02:15.007317,84.21434,84.33875,85.49229
2022-01-20 15:02:15.504713,84.31831,84.3895,85.49229
2022-01-20 15:02:16.003496,84.42104,84.4935,85.29625
2022-01-20 15:02:16.510186,84.26632,84.699,85.29625
2022-01-20 15:02:17.008138,84.00888,84.02925,85.92395
2022-01-20 15:02:17.502450,84.21434,84.54425,85.92395
2022-01-20 15:02:18.010965,84.21434,84.28675,85.29625
2022-01-20 15:02:18.507438,84.1636,84.59625,85.29625
2022-01-20 15:02:19.006661,84.36905,84.4415,86.3952
2022-01-20 15:02:19.505867,84.52377,84.699,86.3952
2022-01-20 15:02:20.005236,84.05963,84.4415,85.4527
2022-01-20 15:02:20.501242,84.47302,84.54425,85.4527
2022-01-20 15:02:21.009795,83.9569,84.3895,86.47437
2022-01-20 15:02:21.504267,84.1636,84.33875,86.47437
2022-01-20 15:02:22.003654,84.1636,84.699,85.88531
2022-01-20 15:02:22.510822,84.21434,84.184,85.88531
2022-01-20 15:02:23.009628,84.31831,84.28675,85.21708
2022-01-20 15:02:23.505267,84.11161,84.4935,85.21708
2022-01-20 15:02:24.002896,84.42104,84.4935,85.4527
2022-01-20 15:02:24.501024,84.1636,84.59625,85.4527
2022-01-20 15:02:25.002267,84.31831,84.4415,85.53187
2022-01-20 15:02:25.504630,84.00888,84.64825,85.53187
2022-01-20 15:02:26.002889,84.11161,84.28675,85.37447
2022-01-20 15:02:26.508744,84.67848,84.85375,85.37447
2022-01-20 15:02:27.005527,84.05963,84.28675,85.68833
2022-01-20 15:02:27.510794,84.36905,84.59625,85.68833
2022-01-20 15:02:28.009199,84.05963,84.4415,86.27739
2022-01-20 15:02:28.505444,84.42104,84.64825,86.27739
2022-01-20 15:02:29.002850,83.64747,84.28675,86.47437
2022-01-20 15:02:29.510667,84.1636,84.4415,86.47437
2022-01-20 15:02:30.008189,84.57575,84.699,85.96354
2022-01-20 15:02:30.505969,84.21434,84.4935,85.96354
2022-01-20 15:02:31.004894,84.57575,84.64825,85.06062
2022-01-20 15:02:31.501433,83.69946,84.02925,85.06062
2022-01-20 15:02:32.010967,84.62773,84.59625,86.00312
2022-01-20 15:02:32.505453,83.64747,84.33875,86.00312
2022-01-20 15:02:33.004689,84.52377,84.699,85.84572
2022-01-20 15:02:33.509699,84.05963,83.97725,85.84572
2022-01-20 15:02:34.008426,84.11161,84.184,85.29625
2022-01-20 15:02:34.503372,84.52377,84.803,85.29625
2022-01-20 15:02:35.001534,84.11161,84.4415,85.13885
2022-01-20 15:02:35.507661,84.42104,84.64825,85.13885
2022-01-20 15:02:36.005082,83.90492,84.4415,85.53187
2022-01-20 15:02:36.502229,84.42104,84.699,85.53187
2022-01-20 15:02:37.009835,84.42104,84.64825,85.4527
2022-01-20 15:02:37.506679,84.1636,84.33875,85.4527
2022-01-20 15:02:38.006831,84.47302,84.4415,85.84572
2022-01-20 15:02:38.503815,83.80219,84.23475,85.84572
2022-01-20 15:02:39.001737,84.62773,84.803,84.94281
2022-01-20 15:02:39.507328,83.85417,84.3895,84.94281
2022-01-20 15:02:40.005669,84.42104,84.64825,85.53187
2022-01-20 15:02:40.502243,84.00888,84.184,85.53187
2022-01-20 15:02:41.010188,84.67848,84.85375,85.7675
2022-01-20 15:02:41.506076,84.05963,84.08,85.7675
2022-01-20 15:02:42.005145,84.36905,84.64825,85.49229
2022-01-20 15:02:42.510553,83.9569,83.8745,85.49229
2022-01-20 15:02:43.009663,84.36905,84.85375,84.74583
2022-01-20 15:02:43.504167,84.11161,84.132,84.74583
2022-01-20 15:02:44.003541,84.21434,84.4935,86.31697
2022-01-20 15:02:44.509982,84.26632,84.23475,86.31697
2022-01-20 15:02:45.010523,84.52377,84.64825,85.41406
2022-01-20 15:02:45.508085,84.11161,84.4935,85.41406
2022-01-20 15:02:46.008253,83.85417,83.97725,85.41406
2022-01-20 15:02:46.505158,84.26632,84.699,85.41406
2022-01-20 15:02:47.003245,84.52377,84.699,86.31697
2022-01-20 15:02:47.510915,83.7502,84.28675,86.31697
2022-01-20 15:02:48.009135,84.36905,84.4415,84.94281
2022-01-20 15:02:48.504752,84.73046,84.64825,84.94281
2022-01-20 15:02:49.002754,84.42104,84.64825,86.67041
2022-01-20 15:02:49.506984,84.1636,84.4935,86.67041
2022-01-20 15:02:50.006658,83.80219,84.3895,85.72791
2022-01-20 15:02:50.503992,84.47302,84.59625,85.72791
2022-01-20 15:02:51.001689,84.11161,84.64825,85.57051
2022-01-20 15:02:51.507266,84.52377,84.4415,85.57051
2022-01-20 15:02:52.007891,84.36905,84.4935,85.21708
2022-01-20 15:02:52.501291,83.9569,84.23475,85.21708
2022-01-20 15:02:53.009822,84.78245,84.699,85.33489
2022-01-20 15:02:53.505464,84.05963,84.3895,85.33489
2022-01-20 15:02:54.005205,84.26632,84.3895,85.53187
2022-01-20 15:02:54.510663,83.90492,84.3895,85.53187
2022-01-20 15:02:55.009850,84.21434,84.4935,85.57051
2022-01-20 15:02:55.503453,84.57575,84.699,85.57051
2022-01-20 15:02:56.001096,84.21434,84.64825,85.53187
2022-01-20 15:02:56.508235,84.36905,84.54425,85.53187
2022-01-20 15:02:57.008856,84.00888,84.3895,86.12093
2022-01-20 15:02:57.503424,84.83319,85.0085,86.12093
2022-01-20 15:02:58.003465,83.49276,83.97725,85.92395
2022-01-20 15:02:58.510471,84.42104,84.4935,85.92395
2022-01-20 15:02:59.007986,83.7502,84.02925,85.02104
2022-01-20 15:02:59.504006,84.36905,84.3895,85.02104
2022-01-20 15:03:00.003033,84.42104,84.4415,85.53187
2022-01-20 15:03:00.510360,83.80219,84.33875,85.53187
2022-01-20 15:03:01.008150,84.47302,84.4415,85.41406
2022-01-20 15:03:01.503768,84.1636,84.59625,85.41406
2022-01-20 15:03:02.001895,84.21434,84.33875,85.29625
2022-01-20 15:03:02.506778,83.9569,84.23475,85.29625
2022-01-20 15:03:03.004620,84.31831,84.59625,86.35656
2022-01-20 15:03:03.510281,84.36905,84.33875,86.35656
2022-01-20 15:03:04.007750,84.31831,84.699,85.92395
2022-01-20 15:03:04.504103,84.1636,84.23475,85.92395
2022-01-20 15:03:05.003825,84.31831,84.90575,85.21708
2022-01-20 15:03:05.509986,84.83319,85.0605,85.21708
2022-01-20 15:03:06.006644,83.49276,84.184,85.92395
2022-01-20 15:03:06.510831,84.47302,84.54425,85.92395
2022-01-20 15:03:07.009479,84.42104,84.33875,85.7675
2022-01-20 15:03:07.505536,84.42104,84.85375,85.7675
2022-01-20 15:03:08.004292,83.80219,83.8745,85.21708
2022-01-20 15:03:08.508419,84.26632,84.64825,85.21708
2022-01-20 15:03:09.008281,84.21434,84.184,85.7675
2022-01-20 15:03:09.505797,84.05963,84.59625,85.7675
2022-01-20 15:03:10.004115,84.36905,84.64825,85.33489
2022-01-20 15:03:10.508697,84.00888,83.8225,85.33489
2022-01-20 15:03:11.004511,84.57575,84.803,85.25666
2022-01-20 15:03:11.510805,84.31831,84.3895,85.25666
2022-01-20 15:03:12.009852,84.42104,84.751,85.21708
2022-01-20 15:03:12.506176,83.9569,84.132,85.21708
2022-01-20 15:03:13.003787,84.00888,84.54425,85.41406
2022-01-20 15:03:13.508519,84.52377,84.59625,85.41406
2022-01-20 15:03:14.009128,84.21434,84.3895,85.21708
2022-01-20 15:03:14.503982,83.9569,84.132,85.21708
2022-01-20 15:03:15.003488,84.1636,84.33875,86.15958
2022-01-20 15:03:15.508771,84.1636,84.64825,86.15958
2022-01-20 15:03:16.007069,84.52377,84.751,85.49229
2022-01-20 15:03:16.501687,84.1636,84.699,85.49229
2022-01-20 15:03:17.010474,84.00888,84.184,85.57051
2022-01-20 15:03:17.505073,84.36905,84.4935,85.57051
2022-01-20 15:03:18.004364,84.52377,84.751,85.57051
2022-01-20 15:03:18.510352,84.36905,84.28675,85.57051
2022-01-20 15:03:19.007261,83.90492,84.3895,85.72791
2022-01-20 15:03:19.503424,84.11161,84.184,85.72791
2022-01-20 15:03:20.001535,84.11161,84.4415,85.17843
2022-01-20 15:03:20.505505,84.52377,84.751,85.17843
2022-01-20 15:03:21.003891,84.26632,84.4935,85.13885
2022-01-20 15:03:21.507967,83.90492,84.02925,85.13885
2022-01-20 15:03:22.005763,84.78245,84.803,85.09926
2022-01-20 15:03:22.510234,83.80219,84.23475,85.09926
2022-01-20 15:03:23.008452,84.36905,84.59625,86.00312
2022-01-20 15:03:23.504665,84.05963,84.54425,86.00312
2022-01-20 15:03:24.003406,84.05963,84.08,85.88531
2022-01-20 15:03:25.005120,84.26632,84.4415,85.49229
2022-01-20 15:03:25.510676,84.62773,84.54425,85.49229
2022-01-20 15:03:26.008741,84.31831,84.803,85.72791
2022-01-20 15:03:26.502631,84.05963,84.28675,85.72791
2022-01-20 15:03:27.010791,83.90492,84.33875,85.37447
2022-01-20 15:03:27.507784,84.52377,84.699,85.37447
2022-01-20 15:03:28.005753,83.90492,84.3895,85.84572
2022-01-20 15:03:28.501105,84.67848,84.751,85.84572
2022-01-20 15:03:29.008510,84.11161,83.97725,85.92395
2022-01-20 15:03:29.503731,84.52377,84.803,85.92395
2022-01-20 15:03:30.002676,84.1636,84.33875,85.7675
2022-01-20 15:03:30.507071,84.31831,84.699,85.7675
2022-01-20 15:03:31.006065,83.9569,84.02925,85.68833
2022-01-20 15:03:31.510484,84.1636,84.59625,85.68833
2022-01-20 15:03:32.007597,84.42104,84.699,85.72791
2022-01-20 15:03:32.504011,84.26632,84.28675,85.72791
2022-01-20 15:03:33.006657,84.42104,84.803,84.94281
2022-01-20 15:03:33.501355,83.9569,83.92525,84.94281
2022-01-20 15:03:34.001080,84.36905,84.803,86.19916
2022-01-20 15:03:34.505278,84.36905,84.4935,86.19916
2022-01-20 15:03:35.006380,83.7502,84.184,85.80614
2022-01-20 15:03:35.502894,84.21434,84.33875,85.80614
2022-01-20 15:03:36.001215,84.26632,84.23475,85.13885
2022-01-20 15:03:36.507294,84.52377,84.803,85.13885
2022-01-20 15:03:37.008578,84.26632,84.4415,85.4527
2022-01-20 15:03:37.503695,84.00888,84.28675,85.4527
2022-01-20 15:03:38.001693,84.52377,84.699,85.13885
2022-01-20 15:03:38.506787,84.36905,84.85375,85.13885
2022-01-20 15:03:39.006787,83.90492,84.02925,85.64968
2022-01-20 15:03:39.502079,84.31831,84.33875,85.64968
2022-01-20 15:03:40.008888,83.80219,84.02925,86.43479
2022-01-20 15:03:40.501206,84.83319,84.85375,86.43479
2022-01-20 15:03:41.008545,83.9569,84.59625,86.43479
2022-01-20 15:03:41.503470,84.21434,84.28675,86.43479
2022-01-20 15:03:42.011163,84.11161,84.4935,85.37447
2022-01-20 15:03:42.506805,84.57575,84.59625,85.37447
2022-01-20 15:03:43.006072,84.31831,84.59625,86.67041
2022-01-20 15:03:43.502321,83.64747,83.92525,86.67041
2022-01-20 15:03:44.004450,84.52377,84.4935,85.49229
2022-01-20 15:03:44.509879,83.7502,84.184,85.49229
2022-01-20 15:03:45.007634,84.67848,84.751,85.88531
2022-01-20 15:03:45.507464,83.7502,84.184,85.88531
2022-01-20 15:03:46.007885,84.26632,84.4935,85.7675
2022-01-20 15:03:46.506866,84.31831,84.699,85.7675
2022-01-20 15:03:47.007895,84.1636,84.28675,85.13885
2022-01-20 15:03:47.502213,84.42104,84.4415,85.13885
2022-01-20 15:03:48.010354,83.85417,84.4415,85.41406
2022-01-20 15:03:48.505958,84.57575,84.64825,85.41406
2022-01-20 15:03:49.004646,83.90492,84.23475,85.37447
2022-01-20 15:03:49.509536,84.26632,84.3895,85.37447
2022-01-20 15:03:50.009491,83.69946,84.132,85.25666
2022-01-20 15:03:50.505176,84.73046,84.803,85.25666
2022-01-20 15:03:51.002633,84.26632,84.184,85.57051
2022-01-20 15:03:51.508650,84.05963,84.54425,85.57051
2022-01-20 15:03:52.006194,84.52377,84.751,85.33489
2022-01-20 15:03:52.510781,84.00888,84.23475,85.33489
2022-01-20 15:03:53.002252,84.88517,84.95775,85.96354
2022-01-20 15:03:53.507198,83.49276,84.02925,85.96354
2022-01-20 15:03:54.005234,84.57575,84.64825,85.57051
2022-01-20 15:03:54.501168,84.42104,84.28675,85.57051
2022-01-20 15:03:55.001240,84.47302,84.85375,85.53187
2022-01-20 15:03:55.501529,84.1636,84.184,85.53187
2022-01-20 15:03:56.009984,83.85417,84.28675,85.29625
2022-01-20 15:03:56.505198,84.31831,84.3895,85.29625
2022-01-20 15:03:57.002772,84.21434,84.803,85.4527
2022-01-20 15:03:57.508974,84.42104,84.699,85.4527
2022-01-20 15:03:58.007507,83.9569,84.02925,85.21708
2022-01-20 15:03:58.502697,84.67848,84.90575,85.21708
2022-01-20 15:03:59.003598,84.47302,84.4935,85.64968
2022-01-20 15:03:59.510279,84.05963,84.54425,85.64968
2022-01-20 15:04:00.007800,84.31831,84.33875,85.64968
2022-01-20 15:04:00.501421,83.64747,84.132,85.64968
2022-01-20 15:04:01.009158,84.42104,84.64825,84.6676
2022-01-20 15:04:01.504564,84.11161,84.28675,84.6676
2022-01-20 15:04:02.003541,83.9569,84.28675,85.64968
2022-01-20 15:04:02.510799,84.67848,84.699,85.64968
2022-01-20 15:04:03.009646,84.21434,84.64825,85.53187
2022-01-20 15:04:03.504534,84.26632,84.33875,85.53187
2022-01-20 15:04:04.002733,84.00888,84.3895,85.96354
2022-01-20 15:04:04.510405,84.36905,84.3895,85.96354
2022-01-20 15:04:05.008780,83.85417,84.08,85.64968
2022-01-20 15:04:05.506644,84.31831,84.54425,85.64968
2022-01-20 15:04:06.004020,84.1636,84.132,85.84572
2022-01-20 15:04:06.509160,84.31831,84.699,85.84572
2022-01-20 15:04:07.008315,84.78245,84.95775,85.21708
2022-01-20 15:04:07.503409,83.80219,84.184,85.21708
2022-01-20 15:04:08.002506,84.31831,84.59625,85.88531
2022-01-20 15:04:08.508883,84.00888,84.33875,85.88531
2022-01-20 15:04:09.006502,84.47302,84.59625,85.57051
2022-01-20 15:04:09.504607,84.67848,84.64825,85.57051
2022-01-20 15:04:10.004524,83.80219,84.23475,85.53187
2022-01-20 15:04:10.502058,84.47302,84.4415,85.53187
2022-01-20 15:04:11.005293,84.05963,84.3895,86.00312
2022-01-20 15:04:11.501296,84.73046,85.0085,86.00312
2022-01-20 15:04:12.010201,83.44078,83.8745,85.64968
2022-01-20 15:04:12.505531,84.42104,84.64825,85.64968
2022-01-20 15:04:13.003561,84.31831,84.23475,85.37447
2022-01-20 15:04:13.508922,84.78245,85.0605,85.37447
2022-01-20 15:04:14.007146,84.42104,84.54425,85.7675
2022-01-20 15:04:14.502231,83.59549,83.97725,85.7675
2022-01-20 15:04:15.011041,84.83319,85.0085,85.92395
2022-01-20 15:04:15.505046,83.49276,83.8225,85.92395
2022-01-20 15:04:16.004353,84.73046,84.95775,85.7675
2022-01-20 15:04:16.501093,84.11161,83.97725,85.7675
2022-01-20 15:04:17.010132,84.11161,84.4935,85.25666
2022-01-20 15:04:17.504668,84.47302,84.699,85.25666
2022-01-20 15:04:18.002430,83.85417,83.97725,85.64968
2022-01-20 15:04:18.508491,84.21434,84.28675,85.64968
2022-01-20 15:04:19.007538,83.90492,84.23475,234.40729
2022-01-20 15:04:19.502310,84.47302,84.59625,234.40729
2022-01-20 15:04:20.001166,84.00888,83.8745,225.8852
2022-01-20 15:04:20.507794,84.36905,84.85375,225.8852
2022-01-20 15:04:21.009089,83.85417,83.92525,180.09572
2022-01-20 15:04:21.504626,84.21434,84.3895,180.09572
2022-01-20 15:04:22.002766,84.52377,84.54425,117.06604
2022-01-20 15:04:22.508095,83.54475,83.8745,117.06604
2022-01-20 15:04:23.007424,84.83319,84.90575,89.81176
2022-01-20 15:04:23.503529,83.44078,83.71975,89.81176
2022-01-20 15:04:24.002715,84.9879,85.21525,95.54593
2022-01-20 15:04:24.508085,83.64747,83.71975,95.54593
2022-01-20 15:04:25.007206,84.52377,85.0085,87.41687
2022-01-20 15:04:25.505978,84.05963,84.23475,87.41687
2022-01-20 15:04:26.004719,84.52377,84.90575,86.08135
2022-01-20 15:04:26.510154,84.11161,84.3895,86.08135
2022-01-20 15:04:27.007377,84.11161,84.33875,87.14166
2022-01-20 15:04:27.502975,84.57575,84.85375,87.14166
2022-01-20 15:04:28.010900,84.11161,84.184,86.51301
2022-01-20 15:04:28.506760,84.36905,84.64825,86.51301
2022-01-20 15:04:29.005089,84.11161,84.132,85.49229
2022-01-20 15:04:29.510787,84.11161,84.4935,85.49229
2022-01-20 15:04:30.010013,84.57575,84.64825,85.92395
2022-01-20 15:04:30.506840,83.44078,83.7705,85.92395
2022-01-20 15:04:31.005401,84.47302,84.64825,85.72791
2022-01-20 15:04:31.510293,84.31831,84.33875,85.72791
2022-01-20 15:04:32.009220,84.1636,84.54425,85.33489
2022-01-20 15:04:32.503973,84.05963,84.184,85.33489
2022-01-20 15:04:33.001843,84.1636,84.4415,85.84572
2022-01-20 15:04:33.506864,84.47302,84.64825,85.84572
2022-01-20 15:04:34.007402,84.05963,84.699,85.53187
2022-01-20 15:04:34.501732,83.7502,84.08,85.53187
2022-01-20 15:04:35.008486,84.36905,84.3895,85.4527
2022-01-20 15:04:35.508487,84.42104,84.64825,85.4527
2022-01-20 15:04:36.006213,84.57575,84.699,85.80614
2022-01-20 15:04:36.502147,83.7502,84.08,85.80614
2022-01-20 15:04:37.010100,84.52377,84.59625,85.6101
2022-01-20 15:04:37.507241,83.54475,83.8225,85.6101
2022-01-20 15:04:38.006550,84.73046,85.1125,85.80614
2022-01-20 15:04:38.503882,84.1636,84.23475,85.80614
2022-01-20 15:04:39.003457,84.05963,84.3895,85.80614
2022-01-20 15:04:39.508437,84.52377,84.4415,85.80614
2022-01-20 15:04:40.006784,84.11161,84.54425,85.80614
2022-01-20 15:04:40.501093,84.73046,84.90575,85.80614
2022-01-20 15:04:41.010240,83.69946,84.08,85.88531
2022-01-20 15:04:41.509975,84.00888,84.33875,85.88531
2022-01-20 15:04:42.007160,84.05963,84.28675,85.64968
2022-01-20 15:04:42.503158,84.73046,85.1125,85.64968
2022-01-20 15:04:43.010600,84.1636,84.33875,85.25666
2022-01-20 15:04:43.508062,84.26632,84.64825,85.25666
2022-01-20 15:04:44.006044,84.1636,84.184,85.4527
2022-01-20 15:04:44.502615,84.47302,84.751,85.4527
2022-01-20 15:04:45.010517,84.21434,84.3895,86.04176
2022-01-20 15:04:45.506853,83.59549,83.8745,86.04176
2022-01-20 15:04:46.005272,84.52377,84.751,85.7675
2022-01-20 15:04:46.510334,84.31831,84.132,85.7675
2022-01-20 15:04:47.007738,84.11161,84.59625,85.6101
2022-01-20 15:04:47.501851,84.26632,84.4935,85.6101
2022-01-20 15:04:48.001771,83.9569,84.184,85.29625
2022-01-20 15:04:48.508019,84.57575,84.699,85.29625
2022-01-20 15:04:49.005453,83.59549,84.02925,86.67041
2022-01-20 15:04:49.501215,84.47302,84.699,86.67041
2022-01-20 15:04:50.009537,84.31831,84.28675,85.57051
2022-01-20 15:04:50.504522,84.26632,84.699,85.57051
2022-01-20 15:04:51.003889,83.80219,84.08,85.53187
2022-01-20 15:04:51.509702,84.42104,84.751,85.53187
2022-01-20 15:04:52.006627,84.36905,84.54425,85.25666
2022-01-20 15:04:52.509516,84.1636,84.64825,85.25666
2022-01-20 15:04:53.007375,84.00888,84.33875,85.72791
2022-01-20 15:04:53.503272,84.42104,84.4415,85.72791
2022-01-20 15:04:54.001388,84.1636,84.28675,84.74583
2022-01-20 15:04:54.507700,84.57575,84.803,84.74583
2022-01-20 15:04:55.006086,83.7502,84.02925,86.19916
2022-01-20 15:04:55.511140,84.26632,84.33875,86.19916
2022-01-20 15:04:56.001244,84.26632,84.54425,86.04176
2022-01-20 15:04:56.507468,84.21434,84.4935,86.04176
2022-01-20 15:04:57.007982,84.62773,84.699,85.7675
2022-01-20 15:04:57.504569,83.7502,83.8225,85.7675
2022-01-20 15:04:58.002408,84.57575,84.751,85.84572
2022-01-20 15:04:58.507595,84.05963,84.4415,85.84572
2022-01-20 15:04:59.007056,84.11161,84.3895,85.21708
2022-01-20 15:04:59.503218,84.11161,84.4935,85.21708
2022-01-20 15:05:00.002240,84.31831,84.4935,85.29625
2022-01-20 15:05:00.509956,84.21434,84.33875,85.29625
2022-01-20 15:05:01.009815,84.47302,84.85375,85.41406
2022-01-20 15:05:01.505802,84.1636,84.28675,85.41406
2022-01-20 15:05:02.006837,83.69946,83.92525,85.96354
2022-01-20 15:05:02.504222,84.67848,84.95775,85.96354
2022-01-20 15:05:03.002651,83.59549,84.02925,85.64968
2022-01-20 15:05:03.506542,84.42104,84.59625,85.64968
2022-01-20 15:05:04.003862,84.31831,84.33875,85.53187
2022-01-20 15:05:04.509508,84.36905,84.3895,85.53187
2022-01-20 15:05:05.008178,84.9879,84.95775,85.7675
2022-01-20 15:05:05.505808,83.49276,83.8745,85.7675
2022-01-20 15:05:06.004785,84.31831,84.59625,87.14166
2022-01-20 15:05:06.509807,83.85417,84.132,87.14166
2022-01-20 15:05:07.010457,84.73046,85.16325,85.6101
2022-01-20 15:05:07.506669,83.64747,84.02925,85.6101
2022-01-20 15:05:08.004673,84.73046,84.803,85.41406
2022-01-20 15:05:08.510716,84.1636,84.184,85.41406
2022-01-20 15:05:09.008101,84.57575,84.85375,85.88531
2022-01-20 15:05:09.506293,84.11161,84.28675,85.88531
2022-01-20 15:05:10.001871,83.59549,83.92525,85.7675
2022-01-20 15:05:10.506677,84.67848,85.0085,85.7675
2022-01-20 15:05:11.010524,83.7502,84.132,85.37447
2022-01-20 15:05:11.505945,84.31831,84.59625,85.37447
2022-01-20 15:05:12.003839,84.21434,84.184,85.72791
2022-01-20 15:05:12.510388,84.21434,84.54425,85.72791
2022-01-20 15:05:13.009084,84.52377,84.751,85.33489
2022-01-20 15:05:13.503753,84.11161,84.23475,85.33489
2022-01-20 15:05:14.003042,84.1636,84.4415,86.04176
2022-01-20 15:05:14.510234,83.69946,84.132,86.04176
2022-01-20 15:05:15.007908,84.67848,84.90575,85.84572
2022-01-20 15:05:15.503131,84.00888,83.8745,85.84572
2022-01-20 15:05:16.005307,84.26632,84.54425,85.06062
2022-01-20 15:05:16.509999,84.31831,84.4935,85.06062
2022-01-20 15:05:17.002937,84.1636,84.3895,86.35656
2022-01-20 15:05:17.510747,84.73046,84.95775,86.35656
2022-01-20 15:05:18.001898,83.54475,83.92525,85.96354
2022-01-20 15:05:18.503464,84.21434,84.54425,85.96354
2022-01-20 15:05:19.008228,84.52377,84.59625,85.4527
2022-01-20 15:05:19.505786,84.21434,84.4935,85.4527
2022-01-20 15:05:20.001720,84.62773,84.699,86.3952
2022-01-20 15:05:20.510623,83.69946,84.132,86.3952
2022-01-20 15:05:21.007775,84.1636,84.28675,86.08135
2022-01-20 15:05:21.504568,84.62773,85.1125,86.08135
2022-01-20 15:05:22.004344,83.90492,84.184,85.7675
2022-01-20 15:05:22.503933,84.1636,84.23475,85.7675
2022-01-20 15:05:23.001817,84.1636,84.3895,86.31697
2022-01-20 15:05:23.507882,84.31831,84.54425,86.31697
2022-01-20 15:05:24.010687,84.00888,84.33875,85.57051
2022-01-20 15:05:24.509660,84.73046,84.751,85.57051
2022-01-20 15:05:25.007338,83.54475,83.97725,86.00312
2022-01-20 15:05:25.503187,84.83319,85.16325,86.00312
2022-01-20 15:05:26.001987,83.59549,83.8745,85.84572
2022-01-20 15:05:26.508126,84.42104,84.54425,85.84572
2022-01-20 15:05:27.007435,84.47302,84.64825,85.72791
2022-01-20 15:05:27.503771,83.85417,84.23475,85.72791
2022-01-20 15:05:28.002562,84.36905,84.54425,85.09926
2022-01-20 15:05:28.509918,83.90492,84.23475,85.09926
2022-01-20 15:05:29.010219,84.88517,85.16325,85.53187
2022-01-20 15:05:29.506781,83.9569,84.28675,85.53187
2022-01-20 15:05:30.007253,84.31831,84.33875,85.37447
2022-01-20 15:05:30.501360,84.31831,84.23475,85.37447
2022-01-20 15:05:31.009516,84.1636,84.54425,85.25666
2022-01-20 15:05:31.505151,84.62773,84.85375,85.25666
2022-01-20 15:05:32.003127,83.49276,83.7705,85.29625
2022-01-20 15:05:32.508703,84.78245,85.0605,85.29625
2022-01-20 15:05:33.007601,83.49276,83.92525,86.12093
2022-01-20 15:05:33.502474,85.24658,85.422,86.12093
2022-01-20 15:05:34.010869,84.11161,83.97725,85.4527
2022-01-20 15:05:34.506297,84.05963,84.28675,85.4527
2022-01-20 15:05:35.002437,84.42104,84.59625,85.33489
2022-01-20 15:05:35.508941,84.05963,84.33875,85.33489
2022-01-20 15:05:36.006633,84.57575,84.85375,85.02104
2022-01-20 15:05:36.502401,83.59549,84.02925,85.02104
2022-01-20 15:05:37.010149,84.57575,84.59625,85.84572
2022-01-20 15:05:37.507099,84.26632,84.23475,85.84572
2022-01-20 15:05:38.004564,84.67848,84.95775,85.49229
2022-01-20 15:05:38.509461,83.59549,83.92525,85.49229
2022-01-20 15:05:39.008677,84.11161,84.33875,85.53187
2022-01-20 15:05:39.502627,84.36905,84.803,85.53187
2022-01-20 15:05:40.010043,84.11161,84.751,85.53187
2022-01-20 15:05:40.509380,84.26632,84.4935,85.53187
2022-01-20 15:05:41.008362,83.90492,83.8225,85.41406
2022-01-20 15:05:41.504641,84.62773,84.699,85.41406
2022-01-20 15:05:42.002410,84.52377,84.751,86.31697
2022-01-20 15:05:42.508271,83.80219,84.184,86.31697
2022-01-20 15:05:43.007342,84.21434,84.54425,85.72791
2022-01-20 15:05:43.502325,83.85417,84.33875,85.72791
2022-01-20 15:05:44.010164,84.52377,84.64825,84.825
2022-01-20 15:05:44.505083,84.52377,84.59625,84.825
2022-01-20 15:05:45.003402,84.1636,84.23475,85.64968
2022-01-20 15:05:45.507064,84.11161,84.28675,85.64968
2022-01-20 15:05:46.009057,84.62773,84.803,85.64968
2022-01-20 15:05:46.504781,84.11161,84.3895,85.64968
2022-01-20 15:05:47.002919,84.00888,84.4935,86.04176
2022-01-20 15:05:47.502009,84.26632,84.59625,86.04176
2022-01-20 15:05:48.010276,84.00888,84.33875,85.57051
2022-01-20 15:05:48.505711,84.21434,84.4415,85.57051
2022-01-20 15:05:49.003118,84.47302,84.699,86.12093
2022-01-20 15:05:49.507379,84.00888,84.28675,86.12093
2022-01-20 15:05:50.004838,84.52377,84.751,85.33489
2022-01-20 15:05:50.510473,83.69946,83.97725,85.33489
2022-01-20 15:05:51.001362,84.62773,84.90575,85.37447
2022-01-20 15:05:51.506597,83.9569,84.132,85.37447
2022-01-20 15:05:52.002707,84.26632,84.3895,85.17843
2022-01-20 15:05:52.508447,84.21434,84.33875,85.17843
2022-01-20 15:05:53.007068,84.05963,84.23475,86.04176
2022-01-20 15:05:53.502374,84.62773,85.0085,86.04176
2022-01-20 15:05:54.010737,83.80219,84.132,85.88531
2022-01-20 15:05:54.507480,84.57575,84.85375,85.88531
2022-01-20 15:05:55.007056,83.44078,83.7705,86.27739
2022-01-20 15:05:55.503622,84.93716,85.26725,86.27739
2022-01-20 15:05:56.002455,84.00888,84.08,85.41406
2022-01-20 15:05:56.508088,84.11161,84.3895,85.41406
2022-01-20 15:05:57.006574,84.47302,84.59625,85.25666
2022-01-20 15:05:57.502379,83.69946,84.02925,85.25666
2022-01-20 15:05:58.002256,85.14262,85.47275,85.41406
2022-01-20 15:05:58.508635,83.7502,84.33875,85.41406
2022-01-20 15:05:59.006835,84.00888,84.23475,85.92395
2022-01-20 15:05:59.504137,84.21434,84.28675,85.92395
2022-01-20 15:06:00.008256,84.36905,84.54425,85.09926
2022-01-20 15:06:00.502872,84.36905,84.4935,85.09926
2022-01-20 15:06:01.001199,84.26632,84.4415,86.94562
2022-01-20 15:06:01.507444,83.9569,84.132,86.94562
2022-01-20 15:06:02.005650,84.05963,84.4415,85.80614
2022-01-20 15:06:02.510764,84.93716,85.16325,85.80614
2022-01-20 15:06:03.009810,83.80219,83.92525,86.23875
2022-01-20 15:06:03.507864,84.52377,84.699,86.23875
2022-01-20 15:06:04.009571,84.26632,84.54425,85.64968
2022-01-20 15:06:04.505021,84.62773,84.90575,85.64968
2022-01-20 15:06:05.003338,84.1636,84.4935,85.96354
2022-01-20 15:06:05.505318,83.69946,84.132,85.96354
2022-01-20 15:06:06.003179,84.26632,84.33875,85.64968
2022-01-20 15:06:06.508710,84.36905,84.59625,85.64968
2022-01-20 15:06:07.005549,84.36905,84.59625,85.21708
2022-01-20 15:06:07.502723,84.36905,84.3895,85.21708
2022-01-20 15:06:08.006299,84.11161,84.4935,86.12093
2022-01-20 15:06:08.501213,84.05963,84.28675,86.12093
2022-01-20 15:06:09.005687,84.21434,84.59625,85.41406
2022-01-20 15:06:09.501758,84.21434,84.28675,85.41406
2022-01-20 15:06:10.009646,83.9569,84.3895,85.88531
2022-01-20 15:06:10.504344,84.67848,84.59625,85.88531
2022-01-20 15:06:11.008094,84.36905,84.3895,85.88531
2022-01-20 15:06:11.504128,83.80219,84.08,85.88531
2022-01-20 15:06:12.001930,84.42104,84.751,85.37447
2022-01-20 15:06:12.509641,83.85417,84.184,85.37447
2022-01-20 15:06:13.008865,84.62773,84.803,85.7675
2022-01-20 15:06:13.503359,83.9569,84.3895,85.7675
2022-01-20 15:06:14.003401,84.36905,84.54425,85.53187
2022-01-20 15:06:14.510706,84.73046,84.64825,85.53187
2022-01-20 15:06:15.007948,84.1636,84.28675,85.72791
2022-01-20 15:06:15.503019,84.21434,84.54425,85.72791
2022-01-20 15:06:16.010917,83.85417,84.33875,85.37447
2022-01-20 15:06:16.506507,84.1636,84.3895,85.37447
2022-01-20 15:06:17.005120,84.00888,84.3895,85.92395
2022-01-20 15:06:17.502792,84.26632,84.33875,85.92395
2022-01-20 15:06:18.010555,84.52377,84.699,85.6101
2022-01-20 15:06:18.508179,84.05963,84.23475,85.6101
2022-01-20 15:06:19.006207,84.62773,84.85375,85.80614
2022-01-20 15:06:19.510544,83.49276,83.8745,85.80614
2022-01-20 15:06:20.008071,84.83319,85.0085,85.53187
2022-01-20 15:06:20.504180,83.23532,83.7705,85.53187
2022-01-20 15:06:21.011080,84.47302,84.699,85.84572
2022-01-20 15:06:21.507999,84.31831,84.23475,85.84572
2022-01-20 15:06:22.007226,84.11161,84.28675,87.41687
2022-01-20 15:06:22.506615,84.57575,84.85375,87.41687
2022-01-20 15:06:23.005352,84.1636,84.4935,85.6101
2022-01-20 15:06:23.502366,84.31831,84.59625,85.6101
2022-01-20 15:06:24.010753,83.69946,84.132,85.6101
2022-01-20 15:06:24.506933,84.31831,84.4415,85.6101
2022-01-20 15:06:25.006123,84.36905,84.4935,85.4527
2022-01-20 15:06:25.511236,84.31831,84.28675,85.4527
2022-01-20 15:06:26.008493,84.1636,84.4415,86.59218
2022-01-20 15:06:26.503930,84.05963,84.3895,86.59218
2022-01-20 15:06:27.002955,84.42104,84.64825,85.7675
2022-01-20 15:06:27.507844,84.11161,84.3895,85.7675
2022-01-20 15:06:28.005132,84.11161,84.23475,85.21708
2022-01-20 15:06:28.510277,84.05963,84.28675,85.21708
2022-01-20 15:06:29.008085,84.47302,84.54425,85.96354
2022-01-20 15:06:29.503665,84.1636,84.28675,85.96354
2022-01-20 15:06:30.001559,83.9569,84.33875,86.15958
2022-01-20 15:06:30.507909,84.36905,84.64825,86.15958
2022-01-20 15:06:31.006844,84.36905,84.64825,86.15958
2022-01-20 15:06:31.504884,84.11161,84.3895,86.15958
2022-01-20 15:06:32.002238,83.69946,83.97725,85.37447
2022-01-20 15:06:32.508023,84.52377,84.54425,85.37447
2022-01-20 15:06:33.006311,84.47302,84.59625,85.49229
2022-01-20 15:06:33.510818,84.11161,84.4415,85.49229
2022-01-20 15:06:34.009418,84.00888,84.33875,85.4527
2022-01-20 15:06:34.509076,84.1636,84.3895,85.4527
2022-01-20 15:06:35.010401,84.52377,84.699,85.92395
2022-01-20 15:06:35.504401,84.21434,84.64825,85.92395
2022-01-20 15:06:36.003152,83.7502,83.7705,86.04176
2022-01-20 15:06:36.508926,84.57575,84.59625,86.04176
2022-01-20 15:06:37.010443,83.7502,83.92525,85.09926
2022-01-20 15:06:37.505469,85.03989,85.318,85.09926
2022-01-20 15:06:38.003943,83.59549,83.8745,86.08135
2022-01-20 15:06:38.509302,84.62773,84.85375,86.08135
2022-01-20 15:06:39.007453,83.85417,84.28675,86.15958
2022-01-20 15:06:39.502035,84.36905,84.3895,86.15958
2022-01-20 15:06:40.010171,84.62773,84.54425,85.09926
2022-01-20 15:06:40.506203,83.80219,84.132,85.09926
2022-01-20 15:06:41.004848,84.47302,84.803,85.64968
2022-01-20 15:06:41.510529,84.21434,84.4935,85.64968
2022-01-20 15:06:42.007086,84.62773,84.59625,85.96354
2022-01-20 15:06:42.502099,83.59549,83.92525,85.96354
2022-01-20 15:06:43.010332,84.36905,84.4415,84.94281
2022-01-20 15:06:43.504768,84.67848,84.751,84.94281
2022-01-20 15:06:44.002465,84.11161,84.28675,85.68833
2022-01-20 15:06:44.509186,84.93716,85.1125,85.68833
2022-01-20 15:06:45.007747,83.39003,83.8225,86.00312
2022-01-20 15:06:45.502394,84.88517,84.90575,86.00312
2022-01-20 15:06:46.010656,84.05963,84.54425,84.98145
2022-01-20 15:06:46.506824,84.62773,84.85375,84.98145
2022-01-20 15:06:47.004158,84.00888,84.184,85.41406
2022-01-20 15:06:47.509083,84.21434,84.28675,85.41406
2022-01-20 15:06:48.006796,84.36905,84.64825,85.37447
2022-01-20 15:06:48.502245,83.90492,84.33875,85.37447
2022-01-20 15:06:49.010925,84.52377,84.803,86.59218
2022-01-20 15:06:49.504252,83.59549,84.08,86.59218
2022-01-20 15:06:50.001889,84.62773,84.751,85.57051
2022-01-20 15:06:50.506024,83.85417,84.23475,85.57051
2022-01-20 15:06:51.002855,84.88517,85.0605,85.4527
2022-01-20 15:06:51.510568,84.26632,84.33875,85.4527
2022-01-20 15:06:52.007691,84.00888,84.33875,86.43479
2022-01-20 15:06:52.502717,84.31831,84.3895,86.43479
2022-01-20 15:06:53.010043,84.05963,84.3895,85.41406
2022-01-20 15:06:53.508026,84.47302,84.751,85.41406
2022-01-20 15:06:54.005826,83.9569,84.4415,85.96354
2022-01-20 15:06:54.501192,84.21434,84.28675,85.96354
2022-01-20 15:06:55.009876,84.42104,84.59625,86.63083
2022-01-20 15:06:55.504266,84.36905,84.803,86.63083
2022-01-20 15:06:56.005172,84.26632,84.4415,86.31697
2022-01-20 15:06:56.509994,83.64747,83.8225,86.31697
2022-01-20 15:06:57.008537,84.47302,84.59625,86.43479
2022-01-20 15:06:57.503438,83.9569,84.4935,86.43479
2022-01-20 15:06:58.001637,84.47302,84.4935,85.53187
2022-01-20 15:06:58.507446,84.21434,84.33875,85.53187
2022-01-20 15:06:59.006647,83.9569,84.3895,86.3952
2022-01-20 15:06:59.508764,84.57575,84.85375,86.3952
2022-01-20 15:07:00.007025,84.21434,84.4935,85.21708
2022-01-20 15:07:00.510728,84.21434,84.28675,85.21708
2022-01-20 15:07:01.009074,83.69946,84.23475,85.96354
2022-01-20 15:07:01.505223,84.1636,84.33875,85.96354
2022-01-20 15:07:02.004452,84.93716,84.95775,85.53187
2022-01-20 15:07:02.507155,83.85417,83.97725,85.53187
2022-01-20 15:07:03.006611,84.57575,84.85375,86.15958
2022-01-20 15:07:03.502338,83.80219,83.92525,86.15958
2022-01-20 15:07:04.010247,84.78245,85.0605,86.23875
2022-01-20 15:07:04.506327,83.9569,84.54425,86.23875
2022-01-20 15:07:05.003878,84.26632,84.28675,85.25666
2022-01-20 15:07:05.509463,84.11161,84.184,85.25666
2022-01-20 15:07:06.008448,84.26632,84.4415,85.4527
2022-01-20 15:07:06.503577,84.83319,85.0605,85.4527
2022-01-20 15:07:07.001902,83.33805,83.8225,85.7675
2022-01-20 15:07:07.506820,84.57575,84.699,85.7675
2022-01-20 15:07:08.005007,83.7502,84.184,86.00312
2022-01-20 15:07:08.501736,84.88517,84.95775,86.00312
2022-01-20 15:07:09.010154,84.05963,84.184,85.88531
2022-01-20 15:07:09.504898,84.21434,84.4935,85.88531
2022-01-20 15:07:10.006230,84.31831,84.64825,85.84572
2022-01-20 15:07:10.502214,84.26632,84.54425,85.84572
2022-01-20 15:07:11.007145,84.52377,84.751,85.4527
2022-01-20 15:07:11.503497,83.85417,84.132,85.4527
2022-01-20 15:07:12.001537,84.47302,84.64825,85.49229
2022-01-20 15:07:12.507236,83.85417,84.08,85.49229
2022-01-20 15:07:13.005244,84.42104,84.3895,85.13885
2022-01-20 15:07:13.510793,84.21434,84.4415,85.13885
2022-01-20 15:07:14.505632,84.31831,84.3895,85.41406
2022-01-20 15:07:15.003114,84.00888,84.33875,86.90604
2022-01-20 15:07:15.508562,84.67848,84.699,86.90604
2022-01-20 15:07:16.009631,83.08061,83.461,86.71
2022-01-20 15:07:16.505739,84.83319,84.90575,86.71
2022-01-20 15:07:17.003420,83.54475,83.461,237.74562
2022-01-20 15:07:17.510249,84.42104,84.85375,237.74562
2022-01-20 15:07:18.008318,84.00888,84.132,218.10958
2022-01-20 15:07:18.503186,84.11161,84.3895,218.10958
2022-01-20 15:07:19.001137,84.1636,84.23475,155.47291
2022-01-20 15:07:19.507872,83.54475,83.97725,155.47291
2022-01-20 15:07:20.006380,84.93716,84.95775,95.23114
2022-01-20 15:07:20.502388,84.00888,84.132,95.23114
2022-01-20 15:07:21.010916,84.57575,84.64825,93.69958
2022-01-20 15:07:21.506539,83.59549,83.71975,93.69958
2022-01-20 15:07:22.004112,84.67848,84.90575,91.30468
2022-01-20 15:07:22.511149,84.05963,84.23475,91.30468
2022-01-20 15:07:23.008847,84.21434,84.85375,87.14166
2022-01-20 15:07:23.504077,84.1636,84.08,87.14166
2022-01-20 15:07:24.002037,84.47302,84.699,86.5526
2022-01-20 15:07:24.507450,84.31831,84.699,86.5526
2022-01-20 15:07:25.009841,84.67848,84.751,86.90604
2022-01-20 15:07:25.504293,83.7502,84.132,86.90604
2022-01-20 15:07:26.003087,84.26632,84.33875,86.67041
2022-01-20 15:07:26.508880,84.36905,84.95775,86.67041
2022-01-20 15:07:27.007152,84.05963,84.184,85.4527
2022-01-20 15:07:27.504176,84.21434,84.4415,85.4527
2022-01-20 15:07:28.001873,83.7502,83.8225,85.41406
2022-01-20 15:07:28.507916,84.88517,85.0605,85.41406
2022-01-20 15:07:29.006621,84.11161,84.33875,85.68833
2022-01-20 15:07:29.502567,84.36905,84.33875,85.68833
2022-01-20 15:07:30.006130,83.90492,84.28675,84.94281
2022-01-20 15:07:30.501891,84.42104,84.4935,84.94281
2022-01-20 15:07:31.009995,84.47302,84.85375,85.4527
2022-01-20 15:07:31.503882,83.7502,83.92525,85.4527
2022-01-20 15:07:32.002332,84.73046,84.803,85.41406
2022-01-20 15:07:32.508193,83.9569,84.33875,85.41406
2022-01-20 15:07:33.006752,84.78245,85.0085,85.37447
2022-01-20 15:07:33.502671,83.54475,83.8225,85.37447
2022-01-20 15:07:34.001886,84.42104,84.54425,86.5526
2022-01-20 15:07:34.507805,83.9569,84.4935,86.5526
2022-01-20 15:07:35.005640,84.1636,84.33875,85.37447
2022-01-20 15:07:35.508224,84.73046,84.699,85.37447
2022-01-20 15:07:36.005035,83.90492,84.08,85.4527
2022-01-20 15:07:36.501765,84.52377,84.64825,85.4527
2022-01-20 15:07:37.010948,84.1636,84.59625,85.68833
2022-01-20 15:07:37.507059,84.47302,84.4415,85.68833
2022-01-20 15:07:38.006186,83.7502,84.33875,85.09926
2022-01-20 15:07:38.502426,84.1636,84.184,85.09926
2022-01-20 15:07:39.011106,84.67848,84.803,85.25666
2022-01-20 15:07:39.506822,84.00888,84.184,85.25666
2022-01-20 15:07:40.004048,84.67848,84.699,85.41406
2022-01-20 15:07:40.509854,83.90492,84.33875,85.41406
2022-01-20 15:07:41.002099,84.67848,84.64825,85.68833
2022-01-20 15:07:41.506821,84.00888,84.59625,85.68833
2022-01-20 15:07:42.006068,84.36905,84.4415,86.31697
2022-01-20 15:07:42.501700,84.11161,84.28675,86.31697
2022-01-20 15:07:43.001250,84.1636,84.4935,85.68833
2022-01-20 15:07:43.506656,84.31831,84.4935,85.68833
2022-01-20 15:07:44.003254,84.00888,84.33875,86.08135
2022-01-20 15:07:44.509038,84.31831,84.28675,86.08135
2022-01-20 15:07:45.011033,83.9569,84.64825,85.68833
2022-01-20 15:07:45.509784,84.57575,84.54425,85.68833
2022-01-20 15:07:46.007799,84.26632,84.54425,85.53187
2022-01-20 15:07:46.502455,84.31831,84.4415,85.53187
2022-01-20 15:07:47.010952,84.26632,84.3895,85.64968
2022-01-20 15:07:47.508382,83.90492,84.132,85.64968
2022-01-20 15:07:48.009106,84.31831,84.33875,85.96354
2022-01-20 15:07:48.503611,84.1636,84.64825,85.96354
2022-01-20 15:07:49.002182,84.21434,84.3895,85.37447
2022-01-20 15:07:49.507474,84.36905,84.64825,85.37447
2022-01-20 15:07:50.006454,84.21434,84.23475,86.15958
2022-01-20 15:07:50.502340,84.31831,84.54425,86.15958
2022-01-20 15:07:51.009152,84.1636,84.54425,85.68833
2022-01-20 15:07:51.503805,84.21434,84.3895,85.68833
2022-01-20 15:07:52.003504,83.85417,84.132,84.94281
2022-01-20 15:07:52.507752,84.26632,84.4935,84.94281
2022-01-20 15:07:53.009661,84.52377,84.95775,86.15958
2022-01-20 15:07:53.506704,84.00888,84.08,86.15958
2022-01-20 15:07:54.003183,84.57575,84.59625,85.68833
2022-01-20 15:07:54.508555,83.69946,83.92525,85.68833
2022-01-20 15:07:55.008174,84.62773,84.85375,84.94281
2022-01-20 15:07:55.505081,84.00888,84.3895,84.94281
2022-01-20 15:07:56.001665,84.1636,84.28675,85.64968
2022-01-20 15:07:56.508374,84.00888,84.54425,85.64968
2022-01-20 15:07:57.008046,84.47302,84.59625,85.6101
2022-01-20 15:07:57.503209,84.88517,84.90575,85.6101
2022-01-20 15:07:58.010528,83.64747,83.7705,85.21708
2022-01-20 15:07:58.506403,84.42104,84.699,85.21708
2022-01-20 15:07:59.004289,83.69946,84.02925,85.6101
2022-01-20 15:07:59.509811,84.78245,84.90575,85.6101
2022-01-20 15:08:00.008029,83.7502,84.3895,85.29625
2022-01-20 15:08:00.505094,84.11161,84.132,85.29625
2022-01-20 15:08:01.004005,84.62773,84.59625,85.49229
2022-01-20 15:08:01.509868,84.26632,84.54425,85.49229
2022-01-20 15:08:02.006800,84.88517,84.95775,85.57051
2022-01-20 15:08:02.501224,83.44078,83.7705,85.57051
2022-01-20 15:08:03.009665,84.42104,84.59625,85.6101
2022-01-20 15:08:03.504657,83.90492,84.4935,85.6101
2022-01-20 15:08:04.002629,84.57575,84.85375,85.4527
2022-01-20 15:08:04.508330,83.9569,84.02925,85.4527
2022-01-20 15:08:05.006651,84.21434,84.4935,85.88531
2022-01-20 15:08:05.501461,84.31831,84.54425,85.88531
2022-01-20 15:08:06.009657,84.42104,84.64825,85.53187
2022-01-20 15:08:06.505069,84.52377,84.59625,85.53187
2022-01-20 15:08:07.002737,83.33805,83.8745,86.08135
2022-01-20 15:08:07.508091,84.47302,84.699,86.08135
2022-01-20 15:08:08.006113,84.26632,84.54425,84.94281
2022-01-20 15:08:08.501220,84.21434,84.23475,84.94281
2022-01-20 15:08:09.009152,84.31831,84.54425,86.67041
2022-01-20 15:08:09.504955,83.90492,84.33875,86.67041
2022-01-20 15:08:10.002773,84.47302,84.3895,85.49229
2022-01-20 15:08:10.502164,84.11161,84.54425,85.49229
2022-01-20 15:08:11.007102,84.47302,84.4935,86.27739
2022-01-20 15:08:11.502156,83.85417,84.184,86.27739
2022-01-20 15:08:12.010610,84.26632,84.3895,85.33489
2022-01-20 15:08:12.506699,84.26632,84.33875,85.33489
2022-01-20 15:08:13.003840,84.31831,84.699,85.6101
2022-01-20 15:08:13.510435,84.1636,84.33875,85.6101
2022-01-20 15:08:14.010516,83.9569,84.3895,85.49229
2022-01-20 15:08:14.506536,84.11161,84.28675,85.49229
2022-01-20 15:08:15.005615,84.31831,84.751,85.49229
2022-01-20 15:08:15.502781,84.21434,84.4415,85.49229
2022-01-20 15:08:16.001445,84.52377,84.54425,85.41406
2022-01-20 15:08:16.507703,83.85417,84.184,85.41406
2022-01-20 15:08:17.005497,84.42104,84.3895,84.98145
2022-01-20 15:08:17.510906,84.47302,84.85375,84.98145
2022-01-20 15:08:18.008142,84.1636,84.23475,85.96354
2022-01-20 15:08:18.504413,83.9569,84.4415,85.96354
2022-01-20 15:08:19.002674,84.1636,84.184,86.3952
2022-01-20 15:08:19.501382,84.57575,84.64825,86.3952
2022-01-20 15:08:20.009362,83.9569,84.4935,84.90322
2022-01-20 15:08:20.505481,84.52377,84.4935,84.90322
2022-01-20 15:08:21.002552,83.59549,83.92525,85.7675
2022-01-20 15:08:21.508534,84.73046,84.699,85.7675
2022-01-20 15:08:22.007461,84.11161,84.803,85.09926
2022-01-20 15:08:22.501405,84.31831,84.4415,85.09926
2022-01-20 15:08:23.001972,84.26632,84.132,85.13885
2022-01-20 15:08:23.508575,84.05963,84.28675,85.13885
2022-01-20 15:08:24.007850,84.62773,84.751,85.17843
2022-01-20 15:08:24.503468,83.69946,84.23475,85.17843
2022-01-20 15:08:25.003221,84.26632,84.23475,85.96354
2022-01-20 15:08:25.508717,83.69946,84.3895,85.96354
2022-01-20 15:08:26.007609,84.67848,84.803,84.62801
2022-01-20 15:08:26.503016,84.67848,84.54425,84.62801
2022-01-20 15:08:27.007340,84.05963,84.132,86.74864
2022-01-20 15:08:27.505966,84.21434,84.23475,86.74864
2022-01-20 15:08:28.003428,83.9569,84.4415,85.6101
2022-01-20 15:08:28.508937,84.73046,84.803,85.6101
2022-01-20 15:08:29.008269,83.33805,83.8745,85.09926
2022-01-20 15:08:29.502908,84.36905,84.4935,85.09926
2022-01-20 15:08:30.004538,84.05963,84.33875,86.27739
2022-01-20 15:08:30.510166,84.67848,84.803,86.27739
2022-01-20 15:08:31.007616,84.36905,84.4415,86.12093
2022-01-20 15:08:31.503697,83.85417,84.184,86.12093
2022-01-20 15:08:32.001983,84.21434,84.28675,85.33489
2022-01-20 15:08:32.508274,84.05963,84.64825,85.33489
2022-01-20 15:08:33.006493,84.36905,84.59625,86.12093
2022-01-20 15:08:33.507011,83.90492,84.132,86.12093
2022-01-20 15:08:34.003622,84.36905,84.4415,85.21708
2022-01-20 15:08:34.507709,84.42104,84.4935,85.21708
2022-01-20 15:08:35.005217,84.31831,84.751,85.92395
2022-01-20 15:08:35.509692,84.21434,84.33875,85.92395
2022-01-20 15:08:36.008770,83.90492,84.4415,85.57051
2022-01-20 15:08:36.505337,84.21434,84.23475,85.57051
2022-01-20 15:08:37.001082,84.21434,84.59625,85.37447
2022-01-20 15:08:37.506401,84.52377,84.59625,85.37447
2022-01-20 15:08:38.004863,84.47302,84.4415,86.5526
2022-01-20 15:08:38.510405,83.85417,84.23475,86.5526
2022-01-20 15:08:39.008501,84.26632,84.3895,85.6101
2022-01-20 15:08:39.502785,84.31831,84.699,85.6101
2022-01-20 15:08:40.002078,84.1636,84.33875,85.21708
2022-01-20 15:08:40.508224,84.00888,84.699,85.21708
2022-01-20 15:08:41.006064,83.90492,83.97725,86.23875
2022-01-20 15:08:41.502867,84.73046,84.699,86.23875
2022-01-20 15:08:42.001223,84.42104,84.803,85.4527
2022-01-20 15:08:42.506489,84.11161,84.184,85.4527
2022-01-20 15:08:43.003407,84.47302,84.751,85.33489
2022-01-20 15:08:43.508409,83.9569,84.132,85.33489
2022-01-20 15:08:44.006774,84.21434,84.59625,85.4527
2022-01-20 15:08:44.502241,83.9569,84.08,85.4527
2022-01-20 15:08:45.001896,84.36905,84.4415,85.09926
2022-01-20 15:08:45.508625,84.1636,84.4415,85.09926
2022-01-20 15:08:46.006783,84.31831,84.4935,85.84572
2022-01-20 15:08:46.501560,84.00888,84.4415,85.84572
2022-01-20 15:08:47.009903,84.57575,84.64825,85.37447
2022-01-20 15:08:47.507001,83.59549,84.23475,85.37447
2022-01-20 15:08:48.006505,84.26632,84.3895,84.98145
2022-01-20 15:08:48.509728,84.47302,84.59625,84.98145
2022-01-20 15:08:49.008731,84.11161,84.33875,86.00312
2022-01-20 15:08:49.504783,84.47302,84.4935,86.00312
2022-01-20 15:08:50.003740,84.00888,84.4415,85.4527
2022-01-20 15:08:50.508396,84.31831,84.4935,85.4527
2022-01-20 15:08:51.008016,83.80219,84.3895,85.33489
2022-01-20 15:08:51.502938,84.57575,84.699,85.33489
2022-01-20 15:08:52.001845,83.80219,83.8745,85.64968
2022-01-20 15:08:52.506408,84.62773,84.95775,85.64968
2022-01-20 15:08:53.005302,84.52377,84.4935,86.04176
2022-01-20 15:08:53.510774,83.69946,83.97725,86.04176
2022-01-20 15:08:54.010677,84.57575,84.4415,84.98145
2022-01-20 15:08:54.505971,83.80219,84.28675,84.98145
2022-01-20 15:08:55.005120,84.73046,84.803,85.6101
2022-01-20 15:08:55.510887,83.90492,84.23475,85.6101
2022-01-20 15:08:56.009951,84.00888,84.28675,85.64968
2022-01-20 15:08:56.505558,84.42104,84.4415,85.64968
2022-01-20 15:08:57.004167,84.36905,84.90575,85.84572
2022-01-20 15:08:57.510213,84.42104,84.184,85.84572
2022-01-20 15:08:58.008266,83.90492,84.23475,86.27739
2022-01-20 15:08:58.506429,84.26632,84.54425,86.27739
2022-01-20 15:08:59.004280,84.11161,84.4415,86.31697
2022-01-20 15:08:59.510737,84.78245,84.699,86.31697
2022-01-20 15:09:00.007865,84.1636,84.08,85.25666
2022-01-20 15:09:00.508623,84.11161,84.4415,85.25666
2022-01-20 15:09:01.008148,84.1636,84.23475,85.29625
2022-01-20 15:09:01.503291,84.26632,84.28675,85.21708
2022-01-20 15:09:02.007446,84.31831,84.4935,85.21708
2022-01-20 15:09:02.509878,84.11161,84.54425,85.21708
2022-01-20 15:09:03.008405,84.05963,84.28675,85.88531
2022-01-20 15:09:03.504649,85.09187,85.0605,85.88531
2022-01-20 15:09:04.001802,83.9569,84.23475,85.6101
2022-01-20 15:09:04.506373,83.90492,84.02925,85.6101
2022-01-20 15:09:05.008039,84.26632,84.90575,86.23875
2022-01-20 15:09:05.502766,84.00888,84.184,86.23875
2022-01-20 15:09:06.001704,84.11161,84.803,85.68833
2022-01-20 15:09:06.510327,84.26632,84.33875,85.68833
2022-01-20 15:09:07.008012,84.21434,84.184,86.15958
2022-01-20 15:09:07.502817,84.62773,84.803,86.15958
2022-01-20 15:09:08.010801,84.26632,84.3895,85.29625
2022-01-20 15:09:08.506894,84.1636,84.54425,85.29625
2022-01-20 15:09:09.004979,84.00888,84.132,85.41406
2022-01-20 15:09:09.510336,84.11161,84.699,85.41406
2022-01-20 15:09:10.011040,84.21434,84.132,85.02104
2022-01-20 15:09:10.505029,84.57575,84.751,85.02104
2022-01-20 15:09:11.001287,83.85417,84.132,85.96354
2022-01-20 15:09:11.506640,84.73046,84.803,85.96354
2022-01-20 15:09:12.006375,84.05963,84.3895,85.17843
2022-01-20 15:09:12.510438,84.36905,84.59625,85.17843
2022-01-20 15:09:13.007148,83.9569,84.4935,85.72791
2022-01-20 15:09:13.502363,84.36905,84.59625,85.72791
2022-01-20 15:09:14.002334,83.80219,83.8745,86.3952
2022-01-20 15:09:14.507913,84.62773,84.59625,86.3952
2022-01-20 15:09:15.005534,84.62773,84.699,85.72791
2022-01-20 15:09:15.508013,83.80219,84.4415,85.72791
2022-01-20 15:09:16.007520,84.57575,84.699,85.41406
2022-01-20 15:09:16.502306,83.59549,84.02925,85.41406
2022-01-20 15:09:17.006535,84.83319,84.95775,85.57051
2022-01-20 15:09:17.501109,84.1636,84.54425,85.57051
2022-01-20 15:09:18.004370,83.9569,84.02925,86.63083
2022-01-20 15:09:18.509210,84.57575,84.3895,86.63083
2022-01-20 15:09:19.009815,84.21434,84.64825,85.37447
2022-01-20 15:09:19.506437,84.52377,84.803,85.37447
2022-01-20 15:09:20.003805,83.9569,84.23475,86.04176
2022-01-20 15:09:20.510876,84.26632,84.28675,86.04176
2022-01-20 15:09:21.010211,83.90492,84.4415,85.80614
2022-01-20 15:09:21.507703,84.57575,84.90575,85.80614
2022-01-20 15:09:22.007813,84.26632,84.184,85.37447
2022-01-20 15:09:22.503370,83.69946,84.132,85.37447
2022-01-20 15:09:23.001042,84.21434,84.4415,85.49229
2022-01-20 15:09:23.508491,84.1636,84.59625,85.49229
2022-01-20 15:09:24.006819,84.78245,84.85375,85.7675
2022-01-20 15:09:24.504591,83.44078,83.92525,85.7675
2022-01-20 15:09:25.002665,84.1636,84.28675,86.08135
2022-01-20 15:09:25.507471,84.42104,84.3895,86.08135
2022-01-20 15:09:26.005539,84.52377,84.803,85.4527
2022-01-20 15:09:26.511297,84.31831,84.4415,85.4527
2022-01-20 15:09:27.003138,83.85417,84.184,85.80614
2022-01-20 15:09:27.509255,84.26632,84.28675,85.80614
2022-01-20 15:09:28.007233,84.67848,85.16325,84.825
2022-01-20 15:09:28.503235,84.31831,84.4415,84.825
2022-01-20 15:09:29.003801,84.21434,84.132,85.72791
2022-01-20 15:09:29.508967,83.85417,84.08,85.72791
2022-01-20 15:09:30.006053,84.57575,84.751,85.17843
2022-01-20 15:09:30.501864,84.21434,84.699,85.17843
2022-01-20 15:09:31.010449,84.42104,84.699,85.72791
2022-01-20 15:09:31.505832,83.49276,83.8225,85.72791
2022-01-20 15:09:32.004632,84.73046,85.0085,85.49229
2022-01-20 15:09:32.509901,84.31831,84.4935,85.49229
2022-01-20 15:09:33.010586,84.31831,84.54425,86.04176
2022-01-20 15:09:33.508520,84.21434,84.23475,86.04176
2022-01-20 15:09:34.006123,83.80219,84.28675,85.80614
2022-01-20 15:09:34.501789,84.57575,84.4415,85.80614
2022-01-20 15:09:35.010730,84.11161,84.4415,85.72791
2022-01-20 15:09:35.501289,84.21434,84.28675,85.72791
2022-01-20 15:09:36.008998,84.31831,84.64825,85.41406
2022-01-20 15:09:36.505980,83.85417,84.132,85.41406
2022-01-20 15:09:37.004499,84.62773,84.59625,86.23875
2022-01-20 15:09:37.509794,84.00888,84.4935,86.23875
2022-01-20 15:09:38.008755,84.47302,84.59625,85.6101
2022-01-20 15:09:38.503566,83.54475,83.8225,85.6101
2022-01-20 15:09:39.002334,84.62773,84.90575,85.64968
2022-01-20 15:09:39.506725,84.05963,84.33875,85.64968
2022-01-20 15:09:40.006274,84.42104,84.64825,85.96354
2022-01-20 15:09:40.503238,84.52377,84.54425,85.96354
2022-01-20 15:09:41.002072,84.00888,84.4935,85.06062
2022-01-20 15:09:41.506778,84.83319,84.95775,85.06062
2022-01-20 15:09:42.006060,83.64747,84.08,85.6101
2022-01-20 15:09:42.503078,84.47302,84.64825,85.6101
2022-01-20 15:09:43.002090,83.69946,84.132,85.80614
2022-01-20 15:09:43.508062,84.52377,84.64825,85.80614
2022-01-20 15:09:44.007121,84.57575,84.4415,85.17843
2022-01-20 15:09:44.502535,84.1636,84.64825,85.17843
2022-01-20 15:09:45.009971,84.1636,84.132,85.64968
2022-01-20 15:09:45.505458,84.1636,84.4415,85.64968
2022-01-20 15:09:46.004615,84.62773,84.54425,85.53187
2022-01-20 15:09:46.511077,83.54475,84.184,85.53187
2022-01-20 15:09:47.010406,84.62773,84.90575,85.92395
2022-01-20 15:09:47.504792,83.9569,83.8225,85.92395
2022-01-20 15:09:48.002605,84.62773,85.0085,85.53187
2022-01-20 15:09:48.508346,84.73046,84.85375,85.53187
2022-01-20 15:09:49.006526,83.80219,84.08,85.80614
2022-01-20 15:09:49.501493,84.36905,84.3895,85.80614
2022-01-20 15:09:50.009786,83.49276,84.02925,85.80614
2022-01-20 15:09:50.504387,84.83319,84.90575,85.80614
2022-01-20 15:09:51.002451,84.05963,84.23475,87.06343
2022-01-20 15:09:51.511110,84.47302,84.803,87.06343
2022-01-20 15:09:52.009248,83.7502,84.08,85.33489
2022-01-20 15:09:52.503937,84.9879,85.37,85.33489
2022-01-20 15:09:53.002842,84.26632,84.33875,86.3952
2022-01-20 15:09:53.511203,83.69946,84.184,86.3952
2022-01-20 15:09:54.009511,84.26632,84.4415,86.15958
2022-01-20 15:09:54.506318,84.00888,83.97725,86.15958
2022-01-20 15:09:55.003572,84.57575,84.64825,85.88531
2022-01-20 15:09:55.508104,84.26632,84.23475,85.88531
2022-01-20 15:09:56.007215,84.00888,84.4415,85.92395
2022-01-20 15:09:56.502602,84.57575,84.699,85.92395
2022-01-20 15:09:57.010057,84.00888,84.4415,85.72791
2022-01-20 15:09:57.506555,84.26632,84.64825,85.72791
2022-01-20 15:09:58.004420,84.00888,84.23475,86.04176
2022-01-20 15:09:58.510142,84.1636,84.4415,86.04176
2022-01-20 15:09:59.008480,84.21434,84.23475,85.80614
2022-01-20 15:09:59.502352,84.1636,84.64825,85.80614
2022-01-20 15:10:00.009818,84.11161,84.184,85.21708
2022-01-20 15:10:00.507166,84.21434,84.54425,85.21708
2022-01-20 15:10:01.007009,84.42104,84.59625,85.21708
2022-01-20 15:10:01.501409,84.00888,84.4935,85.21708
2022-01-20 15:10:02.010002,84.21434,84.4415,85.49229
2022-01-20 15:10:02.505214,84.26632,84.184,85.49229
2022-01-20 15:10:03.004351,83.90492,84.3895,86.00312
2022-01-20 15:10:03.510769,84.67848,84.803,86.00312
2022-01-20 15:10:04.009975,83.90492,84.23475,85.33489
2022-01-20 15:10:04.505147,84.26632,84.4415,85.33489
2022-01-20 15:10:05.003170,84.05963,84.4415,85.6101
2022-01-20 15:10:05.509787,84.36905,84.3895,85.6101
2022-01-20 15:10:06.008643,84.36905,84.184,86.3952
2022-01-20 15:10:06.503628,84.1636,84.59625,86.3952
2022-01-20 15:10:07.002400,84.05963,84.3895,85.49229
2022-01-20 15:10:07.502087,84.31831,84.699,85.49229
2022-01-20 15:10:08.009710,84.21434,84.4935,85.84572
2022-01-20 15:10:08.504846,83.85417,84.23475,85.84572
2022-01-20 15:10:09.005385,84.73046,85.0085,84.94281
2022-01-20 15:10:09.502364,83.9569,83.92525,84.94281
2022-01-20 15:10:10.008988,84.83319,85.21525,86.5526
2022-01-20 15:10:10.507064,83.85417,84.02925,86.5526
2022-01-20 15:10:11.001367,84.21434,84.64825,85.64968
2022-01-20 15:10:11.507381,84.31831,84.3895,85.64968
2022-01-20 15:10:12.008790,83.69946,84.184,85.6101
2022-01-20 15:10:12.503302,84.47302,84.699,85.6101
2022-01-20 15:10:13.006798,84.26632,84.28675,86.08135
2022-01-20 15:10:13.503291,83.80219,84.02925,86.08135
2022-01-20 15:10:14.001834,84.26632,84.33875,128.9651
2022-01-20 15:10:14.502828,84.31831,84.59625,128.9651
2022-01-20 15:10:15.008035,83.80219,83.8225,231.46197
2022-01-20 15:10:15.504042,84.1636,84.33875,231.46197
2022-01-20 15:10:16.002702,84.00888,84.184,205.66104
2022-01-20 15:10:16.507136,84.05963,84.23475,205.66104
2022-01-20 15:10:17.005196,84.88517,85.1125,135.36656
2022-01-20 15:10:17.510270,83.90492,83.8745,135.36656
2022-01-20 15:10:18.008570,84.31831,84.699,90.87208
2022-01-20 15:10:18.504332,83.85417,83.8745,90.87208
2022-01-20 15:10:19.004515,84.52377,84.90575,94.52426
2022-01-20 15:10:19.509308,84.1636,84.23475,94.52426
2022-01-20 15:10:20.006688,83.7502,84.08,89.73354
2022-01-20 15:10:21.005368,84.73046,84.803,87.06343
2022-01-20 15:10:21.501727,84.36905,84.803,87.06343
2022-01-20 15:10:22.009992,84.31831,84.28675,87.41687
2022-01-20 15:10:22.505624,83.80219,84.08,87.41687
2022-01-20 15:10:23.005333,84.31831,84.4415,87.37729
2022-01-20 15:10:23.501496,84.31831,84.751,87.37729
2022-01-20 15:10:24.004200,84.00888,84.23475,86.04176
2022-01-20 15:10:24.509727,84.31831,84.3895,86.04176
2022-01-20 15:10:25.007831,84.11161,84.54425,85.64968
2022-01-20 15:10:25.503237,84.52377,84.751,85.64968
2022-01-20 15:10:26.002653,83.90492,84.184,85.33489
2022-01-20 15:10:26.508273,84.31831,84.4935,85.33489
2022-01-20 15:10:27.007693,83.49276,83.8225,85.37447
2022-01-20 15:10:27.503947,84.47302,84.803,85.37447
2022-01-20 15:10:28.001275,84.73046,84.751,85.64968
2022-01-20 15:10:28.506639,83.90492,84.132,85.64968
2022-01-20 15:10:29.003716,84.36905,84.4415,85.88531
2022-01-20 15:10:29.508909,83.80219,84.08,85.88531
2022-01-20 15:10:30.007331,84.52377,84.85375,85.72791
2022-01-20 15:10:30.502306,84.05963,84.4415,85.72791
2022-01-20 15:10:31.010420,83.80219,83.92525,85.13885
2022-01-20 15:10:31.504833,84.67848,84.59625,85.13885
2022-01-20 15:10:32.004350,84.26632,84.64825,85.72791
2022-01-20 15:10:32.509027,84.52377,84.59625,85.72791
2022-01-20 15:10:33.007965,84.00888,84.33875,85.53187
2022-01-20 15:10:33.502580,84.52377,84.59625,85.53187
2022-01-20 15:10:34.001817,83.64747,84.23475,85.17843
2022-01-20 15:10:34.507281,84.93716,85.16325,85.17843
2022-01-20 15:10:35.006778,84.11161,84.132,85.17843
2022-01-20 15:10:35.503470,84.21434,84.54425,85.17843
2022-01-20 15:10:36.002397,84.36905,84.4415,85.17843
2022-01-20 15:10:36.509259,84.00888,84.33875,85.17843
2022-01-20 15:10:37.005684,84.57575,84.751,84.94281
2022-01-20 15:10:37.508842,83.80219,84.28675,84.94281
2022-01-20 15:10:38.007292,84.11161,84.33875,86.00312
2022-01-20 15:10:38.503127,84.11161,84.28675,86.00312
2022-01-20 15:10:39.010706,84.73046,85.0085,85.72791
2022-01-20 15:10:39.505194,84.26632,84.3895,85.72791
2022-01-20 15:10:40.004678,84.00888,84.3895,85.92395
2022-01-20 15:10:40.501206,84.11161,84.23475,85.92395
2022-01-20 15:10:41.009993,84.26632,84.54425,85.37447
2022-01-20 15:10:41.506029,84.52377,84.803,85.37447
2022-01-20 15:10:42.003104,83.80219,83.97725,85.33489
2022-01-20 15:10:42.509191,84.21434,84.4415,85.33489
2022-01-20 15:10:43.007839,84.42104,84.184,85.25666
2022-01-20 15:10:43.503166,84.42104,84.803,85.25666
2022-01-20 15:10:44.003737,84.52377,84.59625,86.15958
2022-01-20 15:10:44.509703,83.54475,83.8225,86.15958
2022-01-20 15:10:45.007383,84.26632,84.3895,84.825
2022-01-20 15:10:45.504850,84.21434,84.64825,84.825
2022-01-20 15:10:46.002819,84.31831,84.4935,85.49229
2022-01-20 15:10:46.508993,84.26632,84.33875,85.49229
2022-01-20 15:10:47.008551,84.1636,84.33875,85.7675
2022-01-20 15:10:47.504095,84.31831,84.4415,85.7675
2022-01-20 15:10:48.002809,84.31831,84.699,85.41406
2022-01-20 15:10:48.510020,84.78245,84.95775,85.41406
2022-01-20 15:10:49.008883,83.23532,83.71975,85.96354
2022-01-20 15:10:49.503659,84.36905,84.59625,85.96354
2022-01-20 15:10:50.003743,84.57575,84.751,84.74583
2022-01-20 15:10:50.510067,84.21434,84.4935,84.74583
2022-01-20 15:10:51.008185,84.57575,84.64825,86.71
2022-01-20 15:10:51.504194,83.39003,83.66775,86.71
2022-01-20 15:10:52.001284,84.83319,84.90575,85.41406
2022-01-20 15:10:52.507190,84.00888,84.28675,85.41406
2022-01-20 15:10:53.006307,84.00888,84.4415,85.57051
2022-01-20 15:10:53.501414,84.31831,84.28675,85.57051
2022-01-20 15:10:54.009658,84.1636,84.3895,84.70718
2022-01-20 15:10:54.506516,84.88517,85.0085,84.70718
2022-01-20 15:10:55.004381,84.00888,84.33875,86.04176
2022-01-20 15:10:55.510175,84.21434,84.4415,86.04176
2022-01-20 15:10:56.008961,83.64747,83.97725,85.13885
2022-01-20 15:10:56.504958,84.78245,85.1125,85.13885
2022-01-20 15:10:57.002755,83.80219,84.02925,86.23875
2022-01-20 15:10:57.509755,84.31831,84.64825,86.23875
2022-01-20 15:10:58.003398,84.36905,84.3895,85.92395
2022-01-20 15:10:58.509915,83.90492,84.28675,85.92395
2022-01-20 15:10:59.009855,84.83319,84.85375,85.21708
2022-01-20 15:10:59.504541,83.80219,84.02925,85.21708
2022-01-20 15:11:00.002258,84.26632,84.4415,86.08135
2022-01-20 15:11:00.508194,83.90492,84.184,86.08135
2022-01-20 15:11:01.006783,84.47302,84.54425,85.13885
2022-01-20 15:11:02.006158,84.1636,84.64825,85.02104
2022-01-20 15:11:02.501423,84.11161,84.3895,85.02104
2022-01-20 15:11:03.002118,84.1636,84.33875,86.08135
2022-01-20 15:11:03.508173,84.67848,84.90575,86.08135
2022-01-20 15:11:04.006915,83.69946,84.132,85.72791
2022-01-20 15:11:04.501739,84.62773,84.85375,85.72791
2022-01-20 15:11:05.009495,83.9569,83.97725,85.41406
2022-01-20 15:11:05.507519,84.62773,84.95775,85.41406
2022-01-20 15:11:06.006886,84.26632,84.4935,86.04176
2022-01-20 15:11:06.503487,83.80219,84.23475,86.04176
2022-01-20 15:11:07.011155,84.36905,84.59625,85.7675
2022-01-20 15:11:07.509457,83.64747,84.132,85.7675
2022-01-20 15:11:08.008817,84.42104,84.751,85.64968
2022-01-20 15:11:08.503125,84.52377,84.3895,85.64968
2022-01-20 15:11:09.010756,84.31831,84.64825,86.08135
2022-01-20 15:11:09.505824,83.90492,84.08,86.08135
2022-01-20 15:11:10.005650,84.36905,84.4415,85.21708
2022-01-20 15:11:10.506330,84.26632,84.4935,85.21708
2022-01-20 15:11:11.011096,83.90492,84.33875,85.4527
2022-01-20 15:11:11.506680,84.31831,84.4935,85.4527
2022-01-20 15:11:12.008415,84.26632,84.23475,85.13885
2022-01-20 15:11:12.505450,84.42104,84.54425,85.13885
2022-01-20 15:11:13.003472,84.52377,84.751,85.37447
2022-01-20 15:11:13.508987,83.64747,83.97725,85.37447
2022-01-20 15:11:14.008490,84.67848,84.90575,85.4527
2022-01-20 15:11:14.503262,83.90492,84.3895,85.4527
2022-01-20 15:11:15.002792,84.52377,84.803,86.04176
2022-01-20 15:11:15.508364,84.21434,84.23475,86.04176
2022-01-20 15:11:16.008135,83.9569,84.132,84.90322
2022-01-20 15:11:16.505069,84.83319,84.803,84.90322
2022-01-20 15:11:17.002031,84.00888,84.33875,85.37447
2022-01-20 15:11:17.508365,84.21434,84.3895,85.37447
2022-01-20 15:11:18.006293,83.80219,84.08,85.37447
2022-01-20 15:11:19.005435,84.31831,84.33875,86.04176
2022-01-20 15:11:19.510833,84.31831,84.33875,86.04176
2022-01-20 15:11:20.008842,84.31831,84.33875,85.53187
2022-01-20 15:11:20.509498,83.90492,84.33875,85.53187
2022-01-20 15:11:21.006922,84.73046,84.90575,86.08135
2022-01-20 15:11:21.503722,83.59549,83.97725,86.08135
2022-01-20 15:11:22.505513,83.69946,84.08,85.6101
2022-01-20 15:11:23.004597,84.62773,84.85375,86.00312
2022-01-20 15:11:23.509533,84.1636,84.132,86.00312
2022-01-20 15:11:24.009383,84.26632,84.4935,85.06062
2022-01-20 15:11:24.505681,84.11161,84.33875,85.06062
2022-01-20 15:11:25.003227,84.11161,84.3895,86.27739
2022-01-20 15:11:25.509848,84.52377,84.751,86.27739
2022-01-20 15:11:26.007501,83.85417,84.23475,85.6101
2022-01-20 15:11:26.509081,84.52377,84.64825,85.6101
2022-01-20 15:11:27.003632,84.11161,84.08,85.57051
2022-01-20 15:11:27.509847,84.73046,85.0605,85.57051
2022-01-20 15:11:28.007547,84.00888,84.132,85.57051
2022-01-20 15:11:28.504070,84.05963,84.23475,85.57051
2022-01-20 15:11:29.002472,84.73046,85.1125,85.41406
2022-01-20 15:11:29.508199,83.44078,83.97725,85.41406
2022-01-20 15:11:30.006146,84.73046,84.803,84.90322
2022-01-20 15:11:30.510610,84.00888,83.92525,84.90322
2022-01-20 15:11:31.001071,84.21434,84.4935,86.43479
2022-01-20 15:11:31.505377,84.31831,84.59625,86.43479
2022-01-20 15:11:32.004456,84.1636,84.59625,85.49229
2022-01-20 15:11:32.510590,84.1636,84.28675,85.49229
2022-01-20 15:11:33.010168,83.90492,84.3895,85.72791
2022-01-20 15:11:33.505966,84.26632,84.59625,85.72791
2022-01-20 15:11:34.004763,84.05963,84.132,86.71
2022-01-20 15:11:34.509330,84.67848,84.85375,86.71
2022-01-20 15:11:35.007115,84.00888,84.33875,85.53187
2022-01-20 15:11:35.504080,84.1636,84.4935,85.53187
2022-01-20 15:11:36.002556,84.1636,84.4415,85.33489
2022-01-20 15:11:36.508530,84.1636,84.699,85.33489
2022-01-20 15:11:37.006649,84.1636,84.4415,85.92395
2022-01-20 15:11:37.501931,84.11161,84.132,85.92395
2022-01-20 15:11:38.010557,83.7502,83.97725,85.33489
2022-01-20 15:11:38.506469,84.78245,84.90575,85.33489
2022-01-20 15:11:39.005488,84.00888,84.23475,85.72791
2022-01-20 15:11:39.509850,84.42104,84.59625,85.72791
2022-01-20 15:11:40.002333,83.85417,84.02925,85.68833
2022-01-20 15:11:40.508724,84.21434,84.4935,85.68833
2022-01-20 15:11:41.007674,84.31831,84.59625,85.80614
2022-01-20 15:11:41.503958,84.42104,84.4935,85.80614
2022-01-20 15:11:42.002077,84.00888,84.08,85.68833
2022-01-20 15:11:42.507964,84.21434,84.59625,85.68833
2022-01-20 15:11:43.007560,84.52377,84.751,85.37447
2022-01-20 15:11:43.502785,84.00888,84.23475,85.37447
2022-01-20 15:11:44.001823,84.31831,84.54425,85.92395
2022-01-20 15:11:44.508383,83.80219,84.28675,85.92395
2022-01-20 15:11:45.005767,84.36905,84.4935,85.57051
2022-01-20 15:11:45.510970,84.67848,84.803,85.57051
2022-01-20 15:11:46.009176,83.59549,83.8745,85.57051
2022-01-20 15:11:46.504044,84.36905,84.4415,85.57051
2022-01-20 15:11:47.002222,83.64747,83.97725,85.21708
2022-01-20 15:11:47.507997,84.78245,85.21525,85.21708
2022-01-20 15:11:48.005519,83.85417,84.28675,85.41406
2022-01-20 15:11:48.501754,84.36905,84.4415,85.41406
2022-01-20 15:11:49.001779,84.21434,84.08,85.13885
2022-01-20 15:11:49.505673,84.57575,84.803,85.13885
2022-01-20 15:11:50.004630,84.21434,84.64825,85.53187
2022-01-20 15:11:50.510948,84.05963,84.132,85.53187
2022-01-20 15:11:51.010426,84.26632,84.4935,85.25666
2022-01-20 15:11:51.506150,83.59549,84.184,85.25666
2022-01-20 15:11:52.004321,85.29733,85.47275,85.29625
2022-01-20 15:11:52.511137,83.80219,83.66775,85.29625
2022-01-20 15:11:53.010024,84.31831,84.4415,86.43479
2022-01-20 15:11:53.509341,84.1636,84.3895,86.43479
2022-01-20 15:11:54.007424,84.21434,84.59625,85.33489
2022-01-20 15:11:54.503535,84.31831,84.699,85.33489
2022-01-20 15:11:55.002304,83.80219,84.33875,86.19916
2022-01-20 15:11:55.508417,84.26632,84.3895,86.19916
2022-01-20 15:11:56.006981,84.52377,84.54425,85.6101
2022-01-20 15:11:56.502573,84.26632,84.33875,85.6101
2022-01-20 15:11:57.001104,84.57575,84.54425,85.72791
2022-01-20 15:11:57.506621,83.64747,83.92525,85.72791
2022-01-20 15:11:58.007245,84.11161,84.54425,84.86364
2022-01-20 15:11:58.502413,84.00888,84.4415,84.86364
2022-01-20 15:11:59.010612,84.42104,84.59625,85.96354
2022-01-20 15:11:59.507939,84.26632,84.4415,85.96354
2022-01-20 15:12:00.005496,84.26632,84.184,85.72791
2022-01-20 15:12:00.510414,84.42104,84.4935,85.72791
2022-01-20 15:12:01.008665,84.36905,84.64825,85.80614
2022-01-20 15:12:01.504280,84.21434,84.4935,85.80614
2022-01-20 15:12:02.002276,83.9569,84.3895,86.19916
2022-01-20 15:12:02.506117,83.90492,84.23475,86.19916
2022-01-20 15:12:03.004113,84.36905,84.64825,84.94281
2022-01-20 15:12:03.509241,84.05963,84.28675,84.94281
2022-01-20 15:12:04.008081,84.78245,84.803,86.08135
2022-01-20 15:12:04.504093,83.69946,83.8745,86.08135
2022-01-20 15:12:05.002159,84.47302,84.803,85.96354
2022-01-20 15:12:05.508114,84.11161,84.4415,85.96354
2022-01-20 15:12:06.006698,84.47302,84.59625,85.68833
2022-01-20 15:12:06.503297,83.7502,84.02925,85.68833
2022-01-20 15:12:07.002162,84.21434,84.23475,85.49229
2022-01-20 15:12:07.507123,84.78245,84.803,85.49229
2022-01-20 15:12:08.005422,83.9569,84.23475,85.37447
2022-01-20 15:12:08.501216,84.57575,84.95775,85.37447
2022-01-20 15:12:09.009669,83.33805,83.71975,85.7675
2022-01-20 15:12:09.505208,84.9879,85.1125,85.7675
2022-01-20 15:12:10.003212,83.90492,84.33875,85.29625
2022-01-20 15:12:10.508307,84.36905,84.4935,85.29625
2022-01-20 15:12:11.006752,84.26632,84.23475,85.72791
2022-01-20 15:12:11.501824,83.80219,84.02925,85.72791
2022-01-20 15:12:12.009690,84.88517,85.16325,85.06062
2022-01-20 15:12:12.505044,84.11161,84.4415,85.06062
2022-01-20 15:12:13.002403,84.52377,84.803,86.08135
2022-01-20 15:12:13.509079,83.7502,84.08,86.08135
2022-01-20 15:12:14.007242,84.36905,84.54425,85.4527
2022-01-20 15:12:14.501238,84.42104,84.64825,85.4527
2022-01-20 15:12:15.010652,84.11161,84.23475,85.6101
2022-01-20 15:12:15.508262,84.26632,84.54425,85.6101
2022-01-20 15:12:16.007597,83.49276,83.8745,85.33489
2022-01-20 15:12:16.505204,85.09187,85.37,85.33489
2022-01-20 15:12:17.003988,83.44078,83.8225,85.84572
2022-01-20 15:12:17.509783,84.83319,84.95775,85.84572
2022-01-20 15:12:18.007234,83.80219,83.92525,86.31697
2022-01-20 15:12:18.502838,84.57575,84.751,86.31697
2022-01-20 15:12:19.010260,84.1636,84.4415,85.37447
2022-01-20 15:12:19.505314,84.00888,84.23475,85.37447
2022-01-20 15:12:20.005175,84.36905,84.54425,85.64968
2022-01-20 15:12:20.502379,84.1636,84.54425,85.64968
2022-01-20 15:12:21.010474,84.31831,84.54425,86.23875
2022-01-20 15:12:21.508992,84.21434,84.59625,86.23875
2022-01-20 15:12:22.007733,84.00888,84.132,85.29625
2022-01-20 15:12:22.503281,84.42104,84.64825,85.29625
2022-01-20 15:12:23.001886,84.00888,84.33875,85.6101
2022-01-20 15:12:23.507859,84.31831,84.4935,85.6101
2022-01-20 15:12:24.007108,84.00888,84.4415,85.41406
2022-01-20 15:12:24.504627,84.36905,84.59625,85.41406
2022-01-20 15:12:25.003094,84.11161,84.59625,85.53187
2022-01-20 15:12:25.510452,84.36905,84.33875,85.53187
2022-01-20 15:12:26.008152,84.52377,84.4415,85.4527
2022-01-20 15:12:26.503381,83.85417,84.02925,85.4527
2022-01-20 15:12:27.002343,84.21434,84.4935,85.17843
2022-01-20 15:12:27.507258,84.21434,84.4415,85.17843
2022-01-20 15:12:28.007578,84.31831,84.4935,85.72791
2022-01-20 15:12:28.503713,83.9569,84.33875,85.72791
2022-01-20 15:12:29.003556,84.42104,84.4935,86.23875
2022-01-20 15:12:29.509268,84.57575,84.59625,86.23875
2022-01-20 15:12:30.008503,84.31831,84.4935,85.68833
2022-01-20 15:12:30.503396,84.31831,84.64825,85.68833
2022-01-20 15:12:31.003323,83.69946,83.92525,85.6101
2022-01-20 15:12:31.508838,84.57575,84.751,85.6101
2022-01-20 15:12:32.006623,83.54475,84.23475,85.13885
2022-01-20 15:12:32.501023,84.67848,84.751,85.13885
2022-01-20 15:12:33.010141,84.26632,84.28675,86.23875
2022-01-20 15:12:33.507221,83.7502,84.02925,86.23875
2022-01-20 15:12:34.003912,84.83319,85.0605,85.92395
2022-01-20 15:12:34.510216,83.69946,83.92525,85.92395
2022-01-20 15:12:35.008585,84.88517,85.1125,85.84572
2022-01-20 15:12:35.506358,83.33805,83.7705,85.84572
2022-01-20 15:12:36.003110,84.42104,84.64825,85.33489
2022-01-20 15:12:36.507974,84.26632,84.184,85.33489
2022-01-20 15:12:37.007518,84.47302,84.33875,85.13885
2022-01-20 15:12:37.506749,84.42104,84.59625,85.13885
2022-01-20 15:12:38.006810,84.05963,84.33875,85.88531
2022-01-20 15:12:38.502653,84.73046,84.95775,85.88531
2022-01-20 15:12:39.010290,83.64747,84.02925,86.51301
2022-01-20 15:12:39.505151,84.57575,84.699,86.51301
2022-01-20 15:12:40.002575,83.85417,84.08,85.17843
2022-01-20 15:12:40.507564,84.21434,84.28675,85.17843
2022-01-20 15:12:41.006249,84.62773,84.85375,85.84572
2022-01-20 15:12:41.501285,83.9569,84.4935,85.84572
2022-01-20 15:12:42.001520,84.47302,84.64825,85.4527
2022-01-20 15:12:42.506412,83.9569,84.28675,85.4527
2022-01-20 15:12:43.004494,84.62773,84.90575,85.92395
2022-01-20 15:12:43.510740,83.64747,83.97725,85.92395
2022-01-20 15:12:44.008146,84.31831,84.4415,86.15958
2022-01-20 15:12:44.504068,84.31831,84.54425,86.15958
2022-01-20 15:12:45.003537,84.47302,84.90575,84.90322
2022-01-20 15:12:45.509232,84.00888,84.33875,84.90322
2022-01-20 15:12:46.008203,84.00888,84.23475,86.00312
2022-01-20 15:12:46.504105,84.36905,84.3895,86.00312
2022-01-20 15:12:47.001811,83.7502,84.28675,85.88531
2022-01-20 15:12:47.508145,84.62773,84.59625,85.88531
2022-01-20 15:12:48.007427,84.11161,84.132,85.68833
2022-01-20 15:12:48.502750,84.11161,84.4415,85.68833
2022-01-20 15:12:49.001547,84.26632,84.59625,85.92395
2022-01-20 15:12:49.508417,84.31831,84.751,85.92395
2022-01-20 15:12:50.006890,84.26632,84.33875,85.68833
2022-01-20 15:12:50.502344,83.90492,84.4415,85.68833
2022-01-20 15:12:51.002233,84.1636,84.33875,85.33489
2022-01-20 15:12:51.508047,84.47302,84.59625,85.33489
2022-01-20 15:12:52.009200,84.36905,84.59625,85.41406
2022-01-20 15:12:52.503530,84.26632,84.54425,85.41406
2022-01-20 15:12:53.002027,83.9569,84.132,85.49229
2022-01-20 15:12:53.508544,84.47302,84.699,85.49229
2022-01-20 15:12:54.006337,83.9569,84.54425,85.37447
2022-01-20 15:12:54.501452,84.42104,84.3895,85.37447
2022-01-20 15:12:55.010188,84.1636,84.33875,86.04176
2022-01-20 15:12:55.506448,83.9569,84.23475,86.04176
2022-01-20 15:12:56.005229,84.42104,84.59625,85.41406
2022-01-20 15:12:56.507452,83.9569,84.33875,85.41406
2022-01-20 15:12:57.005465,84.47302,84.4415,85.64968
2022-01-20 15:12:57.509471,83.80219,84.33875,85.64968
2022-01-20 15:12:58.008632,84.26632,84.4415,85.68833
2022-01-20 15:12:58.502801,84.26632,84.4935,85.68833
2022-01-20 15:12:59.010308,84.11161,84.23475,85.25666
2022-01-20 15:12:59.506741,84.57575,84.90575,85.25666
2022-01-20 15:13:00.004582,83.69946,84.08,86.23875
2022-01-20 15:13:00.503107,84.67848,84.85375,86.23875
2022-01-20 15:13:01.001812,83.80219,84.33875,85.17843
2022-01-20 15:13:01.506955,84.57575,84.64825,85.17843
2022-01-20 15:13:02.005631,83.9569,84.33875,85.80614
2022-01-20 15:13:02.502717,84.00888,84.184,85.80614
2022-01-20 15:13:03.010565,84.78245,84.95775,85.72791
2022-01-20 15:13:03.506474,83.69946,84.184,85.72791
2022-01-20 15:13:04.003926,84.26632,84.28675,85.33489
2022-01-20 15:13:04.502392,83.69946,84.08,85.33489
2022-01-20 15:13:05.010725,84.47302,84.64825,85.29625
2022-01-20 15:13:05.508617,83.9569,84.4935,85.29625
2022-01-20 15:13:06.010051,84.36905,84.3895,85.53187
2022-01-20 15:13:06.505104,84.11161,84.28675,85.53187
2022-01-20 15:13:07.007370,84.47302,84.803,86.00312
2022-01-20 15:13:07.502484,84.26632,84.4415,86.00312
2022-01-20 15:13:08.010838,84.11161,84.33875,85.57051
2022-01-20 15:13:08.507437,83.9569,83.92525,85.57051
2022-01-20 15:13:09.006813,83.85417,84.4415,86.08135
2022-01-20 15:13:09.503415,84.57575,84.751,86.08135
2022-01-20 15:13:10.001838,84.26632,84.59625,86.31697
2022-01-20 15:13:10.506932,84.1636,84.54425,86.31697
2022-01-20 15:13:11.002538,83.90492,83.8225,85.53187
2022-01-20 15:13:11.508281,83.90492,84.28675,85.53187
2022-01-20 15:13:12.006099,84.78245,84.90575,229.38093
2022-01-20 15:13:12.507082,83.18334,83.7705,229.38093
2022-01-20 15:13:13.004951,84.31831,84.33875,222.23301
2022-01-20 15:13:13.502996,84.00888,84.132,222.23301
2022-01-20 15:13:14.002716,84.93716,85.21525,181.31343
2022-01-20 15:13:14.507338,83.54475,83.7705,181.31343
2022-01-20 15:13:15.006684,84.42104,84.4935,118.5976
2022-01-20 15:13:15.502313,83.59549,83.8225,118.5976
2022-01-20 15:13:16.008789,84.1636,84.751,92.12937
2022-01-20 15:13:16.503666,84.1636,84.23475,92.12937
2022-01-20 15:13:17.011401,84.00888,84.184,94.01437
2022-01-20 15:13:17.506876,84.1636,84.23475,94.01437
2022-01-20 15:13:18.005023,84.67848,84.95775,87.6525
2022-01-20 15:13:18.502746,84.1636,84.4935,87.6525
2022-01-20 15:13:19.010880,84.36905,84.54425,85.92395
2022-01-20 15:13:19.505943,83.85417,84.4935,85.92395
2022-01-20 15:13:20.004668,83.85417,84.08,86.86645
2022-01-20 15:13:20.510033,84.36905,84.59625,86.86645
2022-01-20 15:13:21.008156,83.90492,84.132,85.49229
2022-01-20 15:13:21.503543,84.93716,84.85375,85.49229
2022-01-20 15:13:22.001093,83.64747,83.97725,86.00312
2022-01-20 15:13:22.507773,84.67848,84.85375,86.00312
2022-01-20 15:13:23.001033,83.90492,84.33875,85.33489
2022-01-20 15:13:23.505827,84.31831,84.4415,85.33489
2022-01-20 15:13:24.003242,84.21434,84.54425,85.37447
2022-01-20 15:13:24.510294,83.80219,83.7705,85.37447
2022-01-20 15:13:25.005798,84.88517,85.0085,85.7675
2022-01-20 15:13:25.501319,83.80219,84.08,85.7675
2022-01-20 15:13:26.008818,84.57575,84.803,86.15958
2022-01-20 15:13:26.504726,83.54475,83.8225,86.15958
2022-01-20 15:13:27.004635,84.67848,84.699,85.13885
2022-01-20 15:13:27.501344,84.00888,84.4935,85.13885
2022-01-20 15:13:28.008547,84.1636,84.28675,85.6101
2022-01-20 15:13:28.503972,84.67848,84.64825,85.6101
2022-01-20 15:13:29.001861,83.44078,83.8225,85.4527
2022-01-20 15:13:29.506564,84.93716,85.16325,85.4527
2022-01-20 15:13:30.006434,83.69946,84.02925,85.49229
2022-01-20 15:13:30.501812,84.78245,84.90575,85.49229
2022-01-20 15:13:31.007492,83.49276,83.97725,85.17843
2022-01-20 15:13:31.502786,84.42104,84.54425,85.17843
2022-01-20 15:13:32.001525,84.36905,84.4415,85.41406
2022-01-20 15:13:32.506418,84.42104,84.59625,85.41406
2022-01-20 15:13:33.004559,84.05963,84.28675,85.33489
2022-01-20 15:13:33.510777,83.7502,84.132,85.33489
2022-01-20 15:13:34.010275,84.73046,84.751,86.00312
2022-01-20 15:13:34.505385,84.11161,84.699,86.00312
2022-01-20 15:13:35.004184,84.11161,84.23475,85.02104
2022-01-20 15:13:35.509423,84.26632,84.4935,85.02104
2022-01-20 15:13:36.010533,84.31831,84.4935,86.04176
2022-01-20 15:13:36.508117,84.21434,84.3895,86.04176
2022-01-20 15:13:37.006972,84.11161,84.4935,86.04176
2022-01-20 15:13:37.501405,84.11161,84.33875,86.04176
2022-01-20 15:13:38.009288,83.90492,84.33875,84.825
2022-01-20 15:13:38.504382,84.73046,84.90575,84.825
2022-01-20 15:13:39.002460,84.00888,84.23475,85.33489
2022-01-20 15:13:39.509974,84.21434,84.3895,85.33489
2022-01-20 15:13:40.007386,84.52377,84.751,85.33489
2022-01-20 15:13:40.504082,83.9569,84.33875,85.33489
2022-01-20 15:13:41.002774,84.47302,84.4415,85.25666
2022-01-20 15:13:41.507676,83.90492,84.4415,85.25666
2022-01-20 15:13:42.006339,84.1636,84.23475,86.3952
2022-01-20 15:13:42.511031,84.42104,84.90575,86.3952
2022-01-20 15:13:43.010295,84.1636,84.23475,85.84572
2022-01-20 15:13:43.508124,84.42104,84.4415,85.84572
2022-01-20 15:13:44.007798,84.11161,84.3895,85.57051
2022-01-20 15:13:44.501793,84.36905,84.4935,85.57051
2022-01-20 15:13:45.009642,84.00888,84.3895,85.29625
2022-01-20 15:13:45.505461,84.26632,84.33875,85.29625
2022-01-20 15:13:46.003746,83.9569,84.59625,85.49229
2022-01-20 15:13:46.508754,84.1636,84.3895,85.49229
2022-01-20 15:13:47.007712,84.73046,84.85375,85.72791
2022-01-20 15:13:47.503383,83.59549,83.7705,85.72791
2022-01-20 15:13:48.001268,84.93716,85.0085,85.96354
2022-01-20 15:13:48.505207,83.54475,83.92525,85.96354
2022-01-20 15:13:49.001103,84.67848,84.803,85.88531
2022-01-20 15:13:49.507978,83.69946,84.4415,85.88531
2022-01-20 15:13:50.005968,84.1636,84.184,85.88531
2022-01-20 15:13:50.510821,84.62773,84.85375,85.88531
2022-01-20 15:13:51.008902,84.00888,84.184,85.68833
2022-01-20 15:13:51.504432,84.42104,84.54425,85.68833
2022-01-20 15:13:52.002277,83.9569,84.28675,85.6101
2022-01-20 15:13:52.510660,84.73046,84.699,85.6101
2022-01-20 15:13:53.008357,83.54475,84.132,86.00312
2022-01-20 15:13:53.502851,84.52377,84.85375,86.00312
2022-01-20 15:13:54.002433,84.11161,84.184,85.17843
2022-01-20 15:13:54.507229,84.11161,84.28675,85.17843
2022-01-20 15:13:55.006406,84.52377,84.90575,85.68833
2022-01-20 15:13:55.502745,83.80219,84.28675,85.68833
2022-01-20 15:13:56.010974,84.57575,84.699,86.00312
2022-01-20 15:13:56.505177,83.44078,84.08,86.00312
2022-01-20 15:13:57.002036,84.42104,84.4935,85.02104
2022-01-20 15:13:57.508508,84.21434,84.28675,85.02104
2022-01-20 15:13:58.006495,84.1636,84.28675,85.88531
2022-01-20 15:13:58.503383,84.47302,84.4935,85.88531
2022-01-20 15:13:59.004136,84.21434,84.54425,85.88531
2022-01-20 15:13:59.501528,84.11161,84.184,85.88531
2022-01-20 15:14:00.001529,83.85417,84.4935,85.25666
2022-01-20 15:14:00.505838,84.73046,84.85375,85.25666
2022-01-20 15:14:01.003975,83.80219,84.08,85.57051
2022-01-20 15:14:01.503071,84.57575,84.64825,85.57051
2022-01-20 15:14:02.001532,83.90492,83.97725,85.53187
2022-01-20 15:14:02.507443,84.42104,84.95775,85.53187
2022-01-20 15:14:03.005703,84.26632,84.4415,85.68833
2022-01-20 15:14:03.510674,84.05963,84.4415,85.68833
2022-01-20 15:14:04.007583,83.9569,84.184,85.25666
2022-01-20 15:14:04.503194,84.42104,84.803,85.25666
2022-01-20 15:14:05.003338,84.36905,84.4935,86.00312
2022-01-20 15:14:05.508416,84.21434,84.28675,86.00312
2022-01-20 15:14:06.005571,84.00888,84.3895,85.92395
2022-01-20 15:14:06.501058,84.26632,84.3895,85.92395
2022-01-20 15:14:07.009752,84.42104,84.95775,85.37447
2022-01-20 15:14:07.503959,84.21434,84.3895,85.37447
2022-01-20 15:14:08.001362,83.69946,84.132,86.23875
2022-01-20 15:14:08.506742,84.31831,84.33875,86.23875
2022-01-20 15:14:09.006964,84.42104,84.4935,85.37447
2022-01-20 15:14:09.501526,84.1636,84.3895,85.37447
2022-01-20 15:14:10.009448,84.11161,84.33875,85.6101
2022-01-20 15:14:10.504264,83.80219,84.184,85.6101
2022-01-20 15:14:11.004237,84.36905,84.54425,85.68833
2022-01-20 15:14:11.510901,84.1636,84.90575,85.68833
2022-01-20 15:14:12.008620,84.05963,84.132,85.4527
2022-01-20 15:14:12.501429,84.88517,84.64825,85.4527
2022-01-20 15:14:13.000984,83.7502,83.92525,86.35656
2022-01-20 15:14:13.507665,84.52377,84.803,86.35656
2022-01-20 15:14:14.005966,83.9569,84.184,85.49229
2022-01-20 15:14:14.501254,84.36905,84.4935,85.49229
2022-01-20 15:14:15.002230,83.69946,84.28675,85.72791
2022-01-20 15:14:15.502715,84.42104,84.64825,85.72791
2022-01-20 15:14:16.002319,84.62773,84.64825,85.84572
2022-01-20 15:14:16.508216,84.31831,84.59625,85.84572
2022-01-20 15:14:17.006116,84.31831,84.23475,85.7675
2022-01-20 15:14:17.510492,83.9569,84.3895,85.7675
2022-01-20 15:14:18.009987,84.47302,84.59625,85.37447
2022-01-20 15:14:18.504278,83.80219,84.4935,85.37447
2022-01-20 15:14:19.002024,84.42104,84.54425,85.88531
2022-01-20 15:14:19.507503,84.26632,84.33875,85.88531
2022-01-20 15:14:20.005491,84.31831,84.4415,85.84572
2022-01-20 15:14:20.503020,84.52377,84.64825,85.84572
2022-01-20 15:14:21.001128,84.11161,84.4935,86.08135
2022-01-20 15:14:21.506644,84.26632,84.132,86.08135
2022-01-20 15:14:22.003709,83.80219,84.3895,85.53187
2022-01-20 15:14:22.510062,84.42104,84.4935,85.53187
2022-01-20 15:14:23.007779,84.00888,84.28675,85.49229
2022-01-20 15:14:23.505290,84.57575,84.64825,85.49229
2022-01-20 15:14:24.003152,84.05963,84.02925,85.6101
2022-01-20 15:14:24.509296,84.05963,84.4935,85.6101
2022-01-20 15:14:25.008481,84.62773,84.59625,85.72791
2022-01-20 15:14:25.504269,83.90492,84.3895,85.72791
2022-01-20 15:14:26.000983,84.57575,84.699,85.88531
2022-01-20 15:14:26.506241,83.7502,84.28675,85.88531
2022-01-20 15:14:27.004578,84.67848,84.751,85.29625
2022-01-20 15:14:27.509635,84.21434,84.28675,85.29625
2022-01-20 15:14:28.007945,84.47302,84.699,85.33489
2022-01-20 15:14:28.502181,83.80219,83.8745,85.33489
2022-01-20 15:14:29.001535,84.52377,84.90575,87.10208
2022-01-20 15:14:29.508390,84.31831,84.4415,87.10208
2022-01-20 15:14:30.007406,83.90492,84.54425,86.3952
2022-01-20 15:14:30.502757,84.21434,84.184,86.3952
2022-01-20 15:14:31.006497,84.1636,84.33875,85.88531
2022-01-20 15:14:31.501296,84.57575,85.0085,85.88531
2022-01-20 15:14:32.008699,84.05963,84.08,86.00312
2022-01-20 15:14:32.504819,84.1636,84.59625,86.00312
2022-01-20 15:14:33.002961,84.31831,84.4935,85.72791
2022-01-20 15:14:33.508291,83.9569,84.699,85.72791
2022-01-20 15:14:34.006677,84.62773,84.803,84.78541
2022-01-20 15:14:34.501118,84.36905,84.4935,84.78541
2022-01-20 15:14:35.010042,83.80219,83.8225,85.72791
2022-01-20 15:14:35.506482,84.47302,84.54425,85.72791
2022-01-20 15:14:36.003915,84.1636,84.64825,85.17843
2022-01-20 15:14:36.509967,84.31831,84.33875,85.17843
2022-01-20 15:14:37.007513,84.1636,84.803,85.21708
2022-01-20 15:14:37.502522,83.80219,83.8745,85.21708
2022-01-20 15:14:38.010738,85.14262,85.1125,85.49229
2022-01-20 15:14:38.507189,84.21434,84.3895,85.49229
2022-01-20 15:14:39.005778,84.1636,84.184,85.80614
2022-01-20 15:14:39.502510,83.80219,84.08,85.80614
2022-01-20 15:14:40.001094,84.31831,84.4935,85.29625
2022-01-20 15:14:40.507409,84.05963,84.64825,85.29625
2022-01-20 15:14:41.006067,84.21434,84.4415,85.6101
2022-01-20 15:14:41.501537,84.26632,84.4935,85.6101
2022-01-20 15:14:42.009873,84.1636,84.33875,85.37447
2022-01-20 15:14:42.508508,84.67848,84.699,85.37447
2022-01-20 15:14:43.005992,83.90492,84.28675,86.47437
2022-01-20 15:14:43.501719,84.47302,84.4935,86.47437
2022-01-20 15:14:44.001696,83.9569,84.54425,85.25666
2022-01-20 15:14:44.506848,84.11161,84.33875,85.25666
2022-01-20 15:14:45.005970,84.05963,84.28675,85.96354
2022-01-20 15:14:45.510270,84.52377,84.4415,85.96354
2022-01-20 15:14:46.007389,84.21434,84.28675,85.06062
2022-01-20 15:14:46.502317,84.05963,84.54425,85.06062
2022-01-20 15:14:47.002298,84.21434,84.28675,85.49229
2022-01-20 15:14:47.506932,83.9569,84.4415,85.49229
2022-01-20 15:14:48.005924,84.62773,84.803,85.84572
2022-01-20 15:14:48.502766,83.69946,84.02925,85.84572
2022-01-20 15:14:49.010614,84.47302,84.699,86.04176
2022-01-20 15:14:49.506600,84.52377,84.4935,86.04176
2022-01-20 15:14:50.003948,84.26632,84.54425,85.84572
2022-01-20 15:14:50.509530,84.21434,84.33875,85.84572
2022-01-20 15:14:51.006685,83.9569,84.4415,85.57051
2022-01-20 15:14:51.506496,84.1636,84.3895,85.57051
2022-01-20 15:14:52.004020,84.1636,84.64825,85.80614
2022-01-20 15:14:52.502498,84.42104,84.4415,85.80614
2022-01-20 15:14:53.010805,84.31831,84.184,86.00312
2022-01-20 15:14:53.506685,84.47302,84.85375,86.00312
2022-01-20 15:14:54.004629,84.00888,84.132,85.57051
2022-01-20 15:14:54.509654,84.31831,84.699,85.57051
2022-01-20 15:14:55.007079,84.00888,84.184,85.57051
2022-01-20 15:14:55.504328,83.90492,84.4415,85.57051
2022-01-20 15:14:56.003455,84.36905,84.33875,84.90322
2022-01-20 15:14:56.506737,84.47302,84.3895,84.90322
2022-01-20 15:14:57.005438,84.26632,84.699,85.68833
2022-01-20 15:14:57.501100,84.31831,84.4935,85.68833
2022-01-20 15:14:58.009897,84.21434,84.59625,85.33489
2022-01-20 15:14:58.505735,84.31831,84.4415,85.33489
2022-01-20 15:14:59.004221,84.11161,84.64825,86.04176
2022-01-20 15:14:59.510665,83.7502,83.8225,86.04176
2022-01-20 15:15:00.008238,84.73046,84.85375,85.80614
2022-01-20 15:15:00.504914,84.00888,84.23475,85.80614
2022-01-20 15:15:01.003655,84.47302,84.64825,85.53187
2022-01-20 15:15:01.509057,83.9569,84.59625,85.53187
2022-01-20 15:15:02.007328,84.31831,84.54425,85.53187
2022-01-20 15:15:02.502609,84.21434,84.699,85.53187
2022-01-20 15:15:03.009615,84.26632,84.28675,86.27739
2022-01-20 15:15:03.504440,84.11161,84.23475,86.27739
2022-01-20 15:15:04.002553,84.11161,84.33875,85.96354
2022-01-20 15:15:04.510798,84.78245,84.95775,85.96354
2022-01-20 15:15:05.010115,83.85417,84.184,85.37447
2022-01-20 15:15:05.503174,84.57575,84.4415,85.37447
2022-01-20 15:15:06.009733,83.7502,84.28675,85.96354
2022-01-20 15:15:06.505380,84.67848,84.751,85.96354
2022-01-20 15:15:07.003551,84.1636,84.54425,86.31697
2022-01-20 15:15:07.507346,84.1636,84.33875,86.31697
2022-01-20 15:15:08.004921,84.62773,84.4935,85.17843
2022-01-20 15:15:08.511052,84.00888,84.3895,85.17843
2022-01-20 15:15:09.010404,84.47302,84.59625,86.00312
2022-01-20 15:15:09.505477,83.85417,84.08,86.00312
2022-01-20 15:15:10.003993,84.73046,84.64825,85.21708
2022-01-20 15:15:10.509447,83.80219,84.23475,85.21708
2022-01-20 15:15:11.009354,84.42104,84.64825,85.29625
2022-01-20 15:15:11.504189,84.31831,84.33875,85.29625
2022-01-20 15:15:12.002769,83.90492,84.184,85.92395
2022-01-20 15:15:12.504079,84.88517,84.95775,85.92395
2022-01-20 15:15:13.002412,83.80219,84.23475,85.84572
2022-01-20 15:15:13.511044,84.88517,85.0605,85.84572
2022-01-20 15:15:14.008370,83.69946,84.132,85.37447
2022-01-20 15:15:14.508339,84.42104,84.4935,85.37447
2022-01-20 15:15:15.007827,84.21434,84.23475,86.27739
2022-01-20 15:15:15.502976,84.31831,84.803,86.27739
2022-01-20 15:15:16.002066,84.11161,84.23475,85.41406
2022-01-20 15:15:16.507478,83.9569,84.3895,85.41406
2022-01-20 15:15:17.005682,84.36905,84.4415,86.08135
2022-01-20 15:15:17.501565,84.1636,84.64825,86.08135
2022-01-20 15:15:18.010346,84.47302,84.59625,85.64968
2022-01-20 15:15:18.504543,84.05963,83.97725,85.64968
2022-01-20 15:15:19.003430,84.52377,84.64825,86.15958
2022-01-20 15:15:20.005540,84.00888,84.4935,85.64968
2022-01-20 15:15:20.501266,84.26632,84.3895,85.64968
2022-01-20 15:15:21.009375,83.54475,84.08,85.57051
2022-01-20 15:15:21.504295,84.26632,84.4415,85.57051
2022-01-20 15:15:22.002138,84.26632,84.54425,85.33489
2022-01-20 15:15:22.509388,84.36905,84.4935,85.33489
2022-01-20 15:15:23.008619,84.67848,84.59625,86.04176
2022-01-20 15:15:23.503972,84.1636,84.64825,86.04176
2022-01-20 15:15:24.005721,84.00888,84.23475,85.21708
2022-01-20 15:15:24.501132,84.36905,84.90575,85.21708
2022-01-20 15:15:25.009783,84.1636,84.33875,85.92395
2022-01-20 15:15:25.503616,84.21434,84.3895,85.92395
2022-01-20 15:15:26.002290,84.21434,84.33875,86.19916
2022-01-20 15:15:26.506947,84.31831,84.28675,86.19916
2022-01-20 15:15:27.005211,84.36905,84.95775,85.06062
2022-01-20 15:15:27.502374,84.52377,84.699,85.06062
2022-01-20 15:15:28.011150,83.69946,84.02925,86.04176
2022-01-20 15:15:28.506381,84.47302,84.64825,86.04176
2022-01-20 15:15:29.004372,83.85417,84.28675,85.72791
2022-01-20 15:15:29.510311,84.57575,84.751,85.72791
2022-01-20 15:15:30.007826,84.52377,84.33875,86.00312
2022-01-20 15:15:30.503190,83.69946,84.08,86.00312
2022-01-20 15:15:31.001159,84.88517,85.21525,85.7675
2022-01-20 15:15:31.507502,83.85417,84.33875,85.7675
2022-01-20 15:15:32.007284,84.31831,84.4415,85.37447
2022-01-20 15:15:32.504264,83.80219,84.184,85.37447
2022-01-20 15:15:33.003585,84.52377,84.751,85.25666
2022-01-20 15:15:33.509930,84.52377,84.3895,85.25666
2022-01-20 15:15:34.007764,84.36905,84.85375,85.80614
2022-01-20 15:15:34.503383,83.90492,84.08,85.80614
2022-01-20 15:15:35.001680,83.9569,84.23475,85.80614
2022-01-20 15:15:35.508004,84.73046,84.85375,85.80614
2022-01-20 15:15:36.002485,83.54475,83.8745,85.29625
2022-01-20 15:15:36.511097,84.42104,84.59625,85.29625
2022-01-20 15:15:37.009548,84.00888,83.92525,85.92395
2022-01-20 15:15:37.504382,84.42104,84.85375,85.92395
2022-01-20 15:15:38.000997,84.52377,84.699,85.49229
2022-01-20 15:15:38.505841,84.11161,84.4935,85.49229
2022-01-20 15:15:39.003306,84.36905,84.3895,85.72791
2022-01-20 15:15:39.509227,83.80219,84.33875,85.72791
2022-01-20 15:15:40.008494,84.31831,84.699,85.21708
2022-01-20 15:15:40.504457,83.9569,83.92525,85.21708
2022-01-20 15:15:41.003365,84.47302,84.85375,85.57051
2022-01-20 15:15:41.508699,83.64747,83.8225,85.57051
2022-01-20 15:15:42.008018,84.88517,85.422,85.25666
2022-01-20 15:15:42.503392,84.26632,84.184,85.25666
2022-01-20 15:15:43.505607,84.67848,84.751,86.12093
2022-01-20 15:15:44.003596,84.05963,84.08,85.4527
2022-01-20 15:15:44.508615,84.36905,84.699,85.4527
2022-01-20 15:15:45.008601,84.36905,84.4415,85.53187
2022-01-20 15:15:45.506418,84.36905,84.803,85.53187
2022-01-20 15:15:46.003117,84.11161,83.97725,85.6101
2022-01-20 15:15:46.507329,84.42104,84.90575,85.6101
2022-01-20 15:15:47.005404,84.00888,84.33875,85.68833
2022-01-20 15:15:47.501032,84.52377,84.751,85.68833
2022-01-20 15:15:48.009893,84.36905,84.59625,85.53187
2022-01-20 15:15:48.506867,83.90492,84.08,85.53187
