時間,回転１,回転２,回転３
2022-01-20 13:00:00.008665,40.12128,40.08025,0.0
2022-01-20 13:00:00.503578,39.86384,39.3065,0.0
2022-01-20 13:00:01.009941,40.6374,39.71875,0.0
2022-01-20 13:00:01.504811,40.32797,40.95675,0.0
2022-01-20 13:00:02.006547,40.27599,40.33775,0.0
2022-01-20 13:00:02.503295,39.81185,39.09975,0.0
2022-01-20 13:00:03.002662,40.53467,40.08025,0.0
2022-01-20 13:00:03.509627,40.12128,41.26625,0.0
2022-01-20 13:00:04.009223,39.65714,39.9255,0.0
2022-01-20 13:00:04.503153,39.193,38.945,0.0
2022-01-20 13:00:05.002229,39.03829,39.40925,0.0
2022-01-20 13:00:05.506286,40.37996,40.59525,0.0
2022-01-20 13:00:06.005103,40.6374,39.8735,0.0
2022-01-20 13:00:06.500860,40.58542,39.3065,0.0
2022-01-20 13:00:07.009940,39.96657,40.02825,0.0
2022-01-20 13:00:07.501096,39.3997,40.64725,0.0
2022-01-20 13:00:08.001523,39.65714,39.9255,0.0
2022-01-20 13:00:08.509336,40.01855,40.235,0.0
2022-01-20 13:00:09.007625,40.4307,40.235,0.0
2022-01-20 13:00:09.504027,40.32797,39.71875,0.0
2022-01-20 13:00:10.002718,39.6064,39.09975,0.0
2022-01-20 13:00:10.510273,40.53467,40.4405,0.0
2022-01-20 13:00:11.006762,39.96657,40.08025,0.0
2022-01-20 13:00:11.503466,40.37996,39.616,0.0
2022-01-20 13:00:12.001239,40.48269,40.183,0.0
2022-01-20 13:00:12.508984,40.01855,40.33775,0.0
2022-01-20 13:00:13.007158,40.4307,40.28575,0.0
2022-01-20 13:00:13.503156,39.29697,39.71875,0.0
2022-01-20 13:00:14.002519,39.70912,39.8735,0.0
2022-01-20 13:00:14.507467,39.34772,40.33775,0.0
2022-01-20 13:00:15.005181,40.01855,39.8215,0.0
2022-01-20 13:00:15.509544,40.01855,39.71875,0.0
2022-01-20 13:00:16.007129,40.48269,40.5445,0.0
2022-01-20 13:00:16.502640,40.07053,40.38975,0.0
2022-01-20 13:00:17.002224,39.91582,39.8735,0.0
2022-01-20 13:00:17.507359,39.50243,40.02825,0.0
2022-01-20 13:00:18.005444,40.68938,41.0595,0.0
2022-01-20 13:00:19.004997,39.81185,39.04775,0.0
2022-01-20 13:00:19.505424,40.48269,38.945,0.0
2022-01-20 13:00:20.003460,39.96657,40.854,0.0
2022-01-20 13:00:20.508708,39.65714,40.131,0.0
2022-01-20 13:00:21.004976,39.55441,39.04775,0.0
2022-01-20 13:00:21.510273,39.55441,41.21425,0.0
2022-01-20 13:00:22.008508,38.93556,41.00875,0.0
2022-01-20 13:00:22.504547,40.12128,39.616,0.0
2022-01-20 13:00:23.005571,40.48269,39.15175,0.0
2022-01-20 13:00:23.503960,40.4307,41.00875,0.0
2022-01-20 13:00:24.003674,40.17326,40.4405,0.0
2022-01-20 13:00:24.509239,39.6064,39.2025,0.0
2022-01-20 13:00:25.007280,39.45168,40.08025,0.0
2022-01-20 13:00:25.505801,39.34772,40.75,0.0
2022-01-20 13:00:26.003427,39.91582,40.183,0.0
2022-01-20 13:00:26.501157,39.91582,39.3065,0.0
2022-01-20 13:00:27.010394,40.4307,41.0595,0.0
2022-01-20 13:00:27.505684,39.96657,40.33775,0.0
2022-01-20 13:00:28.003450,40.12128,39.616,0.0
2022-01-20 13:00:28.508902,39.86384,39.35725,0.0
2022-01-20 13:00:29.006666,40.74013,40.4925,0.0
2022-01-20 13:00:29.502319,39.91582,40.131,0.0
2022-01-20 13:00:30.001527,39.65714,39.40925,0.0
2022-01-20 13:00:30.502860,39.45168,39.9255,0.0
2022-01-20 13:00:31.010331,39.14226,40.4925,0.0
2022-01-20 13:00:31.505856,39.34772,40.33775,0.0
2022-01-20 13:00:32.002603,39.65714,39.66675,0.0
2022-01-20 13:00:32.507095,40.22525,40.69925,0.0
2022-01-20 13:00:33.003894,40.37996,40.5445,0.0
2022-01-20 13:00:33.510312,39.96657,39.8215,0.0
2022-01-20 13:00:34.009000,39.96657,39.616,0.0
2022-01-20 13:00:34.502965,39.70912,40.802,0.0
2022-01-20 13:00:35.002269,39.193,40.235,0.0
2022-01-20 13:00:35.507177,39.96657,39.66675,0.0
2022-01-20 13:00:36.005109,39.65714,39.564,0.0
2022-01-20 13:00:36.509550,39.91582,41.1115,0.0
2022-01-20 13:00:37.008402,40.4307,40.33775,0.0
2022-01-20 13:00:37.504977,40.01855,39.04775,0.0
2022-01-20 13:00:38.002604,39.91582,39.8735,0.0
2022-01-20 13:00:38.507435,39.65714,40.69925,0.0
2022-01-20 13:00:39.005022,39.50243,39.66675,0.0
2022-01-20 13:00:39.510705,40.17326,39.09975,0.0
2022-01-20 13:00:40.001965,40.12128,40.4925,0.0
2022-01-20 13:00:40.502815,39.45168,41.1635,0.0
2022-01-20 13:00:41.002971,39.65714,40.38975,0.0
2022-01-20 13:00:41.509799,39.193,39.2025,0.0
2022-01-20 13:00:42.007890,40.48269,40.95675,0.0
2022-01-20 13:00:42.503109,39.96657,40.75,0.0
2022-01-20 13:00:43.002452,40.53467,39.616,0.0
2022-01-20 13:00:43.509140,40.32797,38.945,0.0
2022-01-20 13:00:44.006758,39.76111,40.08025,0.0
2022-01-20 13:00:44.502702,40.48269,40.33775,0.0
2022-01-20 13:00:45.001386,39.70912,39.97625,0.0
2022-01-20 13:00:45.509756,40.37996,40.131,0.0
2022-01-20 13:00:46.007241,39.70912,40.33775,0.0
2022-01-20 13:00:46.502403,39.55441,40.08025,0.0
2022-01-20 13:00:47.010384,39.3997,39.71875,0.0
2022-01-20 13:00:47.504114,39.24499,40.4925,0.0
2022-01-20 13:00:48.005780,40.01855,40.131,0.0
2022-01-20 13:00:48.502130,40.32797,39.40925,0.0
2022-01-20 13:00:49.009626,40.17326,39.46125,0.0
2022-01-20 13:00:49.503073,40.68938,41.00875,0.0
2022-01-20 13:00:50.010958,39.81185,40.5445,0.0
2022-01-20 13:00:50.505910,39.193,39.66675,0.0
2022-01-20 13:00:51.004966,39.03829,39.616,0.0
2022-01-20 13:00:51.509914,39.50243,40.95675,0.0
2022-01-20 13:00:52.007431,40.37996,40.08025,0.0
2022-01-20 13:00:52.503235,39.81185,38.79025,0.0
2022-01-20 13:00:53.002658,40.58542,39.66675,0.0
2022-01-20 13:00:53.509304,40.22525,40.64725,0.0
2022-01-20 13:00:54.006318,39.81185,40.02825,0.0
2022-01-20 13:00:55.004963,40.68938,41.421,0.0
2022-01-20 13:00:55.502774,39.96657,41.26625,0.0
2022-01-20 13:00:56.505676,39.6064,39.04775,0.0
2022-01-20 13:00:57.004520,39.81185,40.95675,0.0
2022-01-20 13:00:57.506714,39.70912,40.4925,0.0
2022-01-20 13:00:58.005626,39.91582,39.15175,0.0
2022-01-20 13:00:58.504463,40.32797,39.8735,0.0
2022-01-20 13:00:59.001621,40.01855,41.0595,0.0
2022-01-20 13:00:59.506854,39.3997,40.183,0.0
2022-01-20 13:01:00.005487,39.55441,40.4925,0.0
2022-01-20 13:01:00.510690,40.48269,40.183,0.0
2022-01-20 13:01:01.008812,40.32797,40.02825,0.0
2022-01-20 13:01:01.503757,40.68938,40.08025,0.0
2022-01-20 13:01:02.003951,39.86384,39.71875,0.0
2022-01-20 13:01:02.510786,40.53467,40.33775,0.0
2022-01-20 13:01:03.009125,39.91582,39.77075,0.0
2022-01-20 13:01:03.504028,40.01855,40.08025,0.0
2022-01-20 13:01:04.003113,39.70912,40.38975,0.0
2022-01-20 13:01:04.508227,39.3997,40.38975,0.0
2022-01-20 13:01:05.007018,39.45168,40.02825,0.0
2022-01-20 13:01:05.503353,39.34772,39.616,0.0
2022-01-20 13:01:06.002303,40.99881,40.64725,0.0
2022-01-20 13:01:06.506961,40.27599,40.235,0.0
2022-01-20 13:01:07.006649,39.91582,39.564,0.0
2022-01-20 13:01:07.501778,39.6064,39.2545,0.0
2022-01-20 13:01:08.010356,39.70912,41.1635,0.0
2022-01-20 13:01:08.508147,39.86384,40.854,0.0
2022-01-20 13:01:09.006774,39.91582,39.66675,0.0
2022-01-20 13:01:09.507135,40.32797,39.2545,0.0
2022-01-20 13:01:10.005115,40.68938,40.75,0.0
2022-01-20 13:01:10.501839,40.07053,40.38975,0.0
2022-01-20 13:01:11.006295,39.96657,39.512,0.0
2022-01-20 13:01:11.502712,39.50243,40.38975,0.0
2022-01-20 13:01:12.001368,40.53467,40.33775,0.0
2022-01-20 13:01:12.507204,39.81185,39.46125,0.0
2022-01-20 13:01:13.005806,39.55441,39.97625,0.0
2022-01-20 13:01:13.501521,39.6064,40.69925,0.0
2022-01-20 13:01:14.009026,38.57415,40.64725,0.0
2022-01-20 13:01:14.504704,40.94682,39.512,0.0
2022-01-20 13:01:15.002905,40.79211,39.8735,0.0
2022-01-20 13:01:15.506954,40.12128,40.5445,0.0
2022-01-20 13:01:16.004201,40.07053,39.9255,0.0
2022-01-20 13:01:16.510809,39.81185,39.77075,0.0
2022-01-20 13:01:17.009756,39.29697,39.77075,0.0
2022-01-20 13:01:17.503903,40.12128,40.802,0.0
2022-01-20 13:01:18.003942,40.32797,40.02825,0.0
2022-01-20 13:01:18.507763,40.12128,39.8215,0.0
2022-01-20 13:01:19.005898,40.4307,40.5445,0.0
2022-01-20 13:01:19.505485,40.37996,39.8735,0.0
2022-01-20 13:01:20.008663,40.37996,39.97625,0.0
2022-01-20 13:01:20.503318,39.6064,39.97625,0.0
2022-01-20 13:01:21.002316,40.53467,40.38975,0.0
2022-01-20 13:01:21.507612,40.22525,39.8735,0.0
2022-01-20 13:01:22.005058,40.27599,39.71875,0.0
2022-01-20 13:01:22.502752,39.86384,39.97625,0.0
2022-01-20 13:01:23.010759,39.55441,40.38975,0.0
2022-01-20 13:01:23.507011,39.70912,39.8735,0.0
2022-01-20 13:01:24.005377,39.09027,39.8215,0.0
2022-01-20 13:01:24.501562,39.6064,39.97625,0.0
2022-01-20 13:01:25.505142,39.81185,39.616,0.0
2022-01-20 13:01:26.002775,39.65714,39.66675,0.0
2022-01-20 13:01:26.506631,40.53467,40.5445,0.0
2022-01-20 13:01:27.004389,39.55441,40.02825,0.0
2022-01-20 13:01:27.509242,40.17326,39.35725,0.0
2022-01-20 13:01:28.007018,39.55441,40.4925,0.0
2022-01-20 13:01:28.501614,40.58542,40.131,0.0
2022-01-20 13:01:29.008779,40.37996,39.8215,0.0
2022-01-20 13:01:29.504549,39.6064,39.09975,0.0
2022-01-20 13:01:30.003931,40.27599,41.26625,0.0
2022-01-20 13:01:30.508703,39.45168,40.38975,0.0
2022-01-20 13:01:31.010609,39.09027,39.2545,0.0
2022-01-20 13:01:31.507448,39.193,39.09975,0.0
2022-01-20 13:01:32.005942,40.07053,41.21425,0.0
2022-01-20 13:01:32.502766,39.91582,40.235,0.0
2022-01-20 13:01:33.001252,40.22525,39.512,0.0
2022-01-20 13:01:33.508866,39.3997,39.66675,0.0
2022-01-20 13:01:34.008771,40.07053,40.90475,0.0
2022-01-20 13:01:34.508368,40.07053,40.38975,0.0
2022-01-20 13:01:35.007392,40.53467,39.40925,0.0
2022-01-20 13:01:35.503255,40.07053,39.2545,0.0
2022-01-20 13:01:36.001629,40.12128,40.33775,0.0
2022-01-20 13:01:36.507998,39.96657,40.131,0.0
2022-01-20 13:01:37.007599,39.70912,39.564,0.0
2022-01-20 13:01:37.506107,40.58542,39.8735,0.0
2022-01-20 13:01:38.004516,40.4307,40.59525,0.0
2022-01-20 13:01:38.503224,40.07053,39.8735,0.0
2022-01-20 13:01:39.002948,40.01855,39.616,0.0
2022-01-20 13:01:39.510433,40.01855,40.854,0.0
2022-01-20 13:01:40.009206,39.3997,40.235,0.0
2022-01-20 13:01:40.504347,39.45168,39.35725,0.0
2022-01-20 13:01:41.002207,39.03829,39.8215,0.0
2022-01-20 13:01:41.509901,40.17326,40.69925,0.0
2022-01-20 13:01:42.008631,39.91582,39.8735,0.0
2022-01-20 13:01:42.504296,39.96657,39.46125,0.0
2022-01-20 13:01:43.002116,39.81185,41.0595,0.0
2022-01-20 13:01:43.509294,40.27599,40.5445,0.0
2022-01-20 13:01:44.006324,39.65714,39.8735,0.0
2022-01-20 13:01:44.511166,39.91582,38.84225,0.0
2022-01-20 13:01:45.009921,40.22525,40.854,0.0
2022-01-20 13:01:45.505256,40.22525,40.90475,0.0
2022-01-20 13:01:46.005024,40.4307,39.46125,0.0
2022-01-20 13:01:46.501717,39.86384,39.8215,0.0
2022-01-20 13:01:47.006724,39.91582,41.1115,0.0
2022-01-20 13:01:47.507281,39.96657,40.08025,0.0
2022-01-20 13:01:48.005854,39.96657,39.35725,0.0
2022-01-20 13:01:48.502770,39.81185,40.183,0.0
2022-01-20 13:01:49.001093,39.96657,40.38975,0.0
2022-01-20 13:01:49.506341,40.01855,39.616,0.0
2022-01-20 13:01:50.006834,39.76111,39.97625,0.0
2022-01-20 13:01:50.503540,39.65714,40.69925,0.0
2022-01-20 13:01:51.003312,39.193,40.4405,0.0
2022-01-20 13:01:51.508481,40.32797,39.46125,0.0
2022-01-20 13:01:52.006418,40.32797,40.33775,0.0
2022-01-20 13:01:52.506657,40.6374,40.5445,0.0
2022-01-20 13:01:53.004448,39.91582,40.08025,0.0
2022-01-20 13:01:53.501463,40.48269,39.3065,0.0
2022-01-20 13:01:54.010258,40.17326,40.59525,0.0
2022-01-20 13:01:54.505654,40.74013,40.4405,0.0
2022-01-20 13:01:55.004441,40.27599,39.66675,0.0
2022-01-20 13:01:55.509313,39.55441,39.8735,0.0
2022-01-20 13:01:56.008698,39.96657,40.69925,0.0
2022-01-20 13:01:56.502823,39.70912,40.59525,0.0
2022-01-20 13:01:57.001815,39.03829,39.71875,0.0
2022-01-20 13:01:57.508405,39.193,39.564,0.0
2022-01-20 13:01:58.009184,40.94682,41.00875,0.0
2022-01-20 13:01:58.505003,40.48269,40.28575,0.0
2022-01-20 13:01:59.001977,40.37996,38.893,0.0
2022-01-20 13:01:59.506897,39.24499,40.854,0.0
2022-01-20 13:02:00.004517,39.55441,40.854,0.0
2022-01-20 13:02:00.504166,39.50243,40.183,0.0
2022-01-20 13:02:01.003358,39.81185,38.73825,0.0
2022-01-20 13:02:01.509834,40.12128,40.235,0.0
2022-01-20 13:02:02.008146,40.68938,40.59525,0.0
2022-01-20 13:02:02.503068,40.12128,40.131,0.0
2022-01-20 13:02:03.002319,39.91582,39.35725,0.0
2022-01-20 13:02:03.508337,39.50243,40.4405,0.0
2022-01-20 13:02:04.006943,39.65714,40.38975,0.0
2022-01-20 13:02:04.503859,40.27599,39.46125,0.0
2022-01-20 13:02:05.003769,39.81185,40.183,0.0
2022-01-20 13:02:05.511125,40.53467,40.59525,0.0
2022-01-20 13:02:06.009810,39.81185,39.564,0.0
2022-01-20 13:02:06.505107,39.6064,38.945,0.0
2022-01-20 13:02:07.004021,39.14226,39.46125,0.0
2022-01-20 13:02:07.501644,38.98755,40.38975,0.0
2022-01-20 13:02:08.010209,40.32797,39.35725,0.0
2022-01-20 13:02:08.506265,40.22525,40.02825,0.0
2022-01-20 13:02:09.003851,40.17326,41.0595,0.0
2022-01-20 13:02:09.510604,39.86384,40.33775,0.0
2022-01-20 13:02:10.008517,39.91582,39.512,0.0
2022-01-20 13:02:10.502510,40.37996,39.2025,0.0
2022-01-20 13:02:11.007215,40.4307,40.69925,0.0
2022-01-20 13:02:11.502521,39.91582,40.33775,0.0
2022-01-20 13:02:12.011039,40.48269,38.945,0.0
2022-01-20 13:02:12.505492,39.50243,39.97625,0.0
2022-01-20 13:02:13.002865,40.58542,40.95675,0.0
2022-01-20 13:02:13.508434,39.76111,39.8735,0.0
2022-01-20 13:02:14.006898,39.86384,39.40925,0.0
2022-01-20 13:02:14.503376,39.70912,40.4405,0.0
2022-01-20 13:02:15.001090,40.17326,40.4405,0.0
2022-01-20 13:02:15.505221,40.4307,39.40925,0.0
2022-01-20 13:02:16.003109,39.96657,39.09975,0.0
2022-01-20 13:02:16.502156,40.27599,41.1635,0.0
2022-01-20 13:02:17.001019,39.6064,40.75,0.0
2022-01-20 13:02:17.506871,39.193,39.40925,0.0
2022-01-20 13:02:18.005391,38.93556,39.40925,0.0
2022-01-20 13:02:18.502889,40.8441,41.421,0.0
2022-01-20 13:02:19.002795,40.27599,39.9255,0.0
2022-01-20 13:02:19.507840,40.07053,38.893,0.0
2022-01-20 13:02:20.006982,40.01855,40.38975,0.0
2022-01-20 13:02:20.502750,40.48269,40.4925,0.0
2022-01-20 13:02:21.010735,40.01855,39.2025,0.0
2022-01-20 13:02:21.506080,39.86384,40.02825,0.0
2022-01-20 13:02:22.004632,39.86384,40.90475,0.0
2022-01-20 13:02:22.510350,39.86384,40.02825,0.0
2022-01-20 13:02:23.010688,39.34772,39.46125,0.0
2022-01-20 13:02:23.503209,39.45168,40.131,0.0
2022-01-20 13:02:24.002311,39.86384,40.5445,0.0
2022-01-20 13:02:24.506906,40.53467,39.512,0.0
2022-01-20 13:02:25.010648,40.32797,39.564,0.0
2022-01-20 13:02:25.505663,39.86384,40.69925,0.0
2022-01-20 13:02:26.004640,40.22525,40.183,0.0
2022-01-20 13:02:26.510700,39.96657,39.77075,0.0
2022-01-20 13:02:27.008435,39.70912,40.08025,0.0
2022-01-20 13:02:27.503606,39.81185,40.59525,0.0
2022-01-20 13:02:28.004625,40.01855,40.183,0.0
2022-01-20 13:02:28.509246,39.96657,39.66675,0.0
2022-01-20 13:02:29.006812,40.27599,39.66675,0.0
2022-01-20 13:02:29.502383,39.96657,40.5445,0.0
2022-01-20 13:02:30.001192,39.34772,40.08025,0.0
2022-01-20 13:02:30.505479,40.48269,39.66675,0.0
2022-01-20 13:02:31.003678,39.81185,40.38975,0.0
2022-01-20 13:02:31.509098,40.27599,40.235,0.0
2022-01-20 13:02:32.009020,39.86384,39.66675,0.0
2022-01-20 13:02:32.504842,39.76111,39.77075,0.0
2022-01-20 13:02:33.004205,39.09027,40.95675,0.0
2022-01-20 13:02:33.510772,39.24499,40.38975,0.0
2022-01-20 13:02:34.008079,39.70912,39.40925,0.0
2022-01-20 13:02:34.502745,39.45168,39.77075,0.0
2022-01-20 13:02:35.009815,40.27599,40.854,0.0
2022-01-20 13:02:35.504031,40.37996,40.33775,0.0
2022-01-20 13:02:36.005552,39.81185,39.40925,0.0
2022-01-20 13:02:36.507704,39.55441,40.802,0.0
2022-01-20 13:02:37.006414,40.32797,40.95675,0.0
2022-01-20 13:02:37.501191,39.96657,40.183,0.0
2022-01-20 13:02:38.010187,40.17326,39.616,0.0
2022-01-20 13:02:38.504434,39.86384,40.08025,0.0
2022-01-20 13:02:39.003392,40.53467,40.59525,0.0
2022-01-20 13:02:39.508860,39.96657,39.46125,0.0
2022-01-20 13:02:40.007489,39.86384,39.9255,0.0
2022-01-20 13:02:40.506891,39.34772,40.38975,0.0
2022-01-20 13:02:41.004339,39.14226,39.66675,0.0
2022-01-20 13:02:41.509465,40.12128,40.08025,0.0
2022-01-20 13:02:42.006954,40.01855,40.4925,0.0
2022-01-20 13:02:42.503129,40.07053,40.131,0.0
2022-01-20 13:02:43.001335,40.12128,39.8215,0.0
2022-01-20 13:02:43.506128,39.29697,39.71875,0.0
2022-01-20 13:02:44.004874,39.09027,40.131,0.0
2022-01-20 13:02:44.511221,40.37996,39.97625,0.0
2022-01-20 13:02:45.010476,40.6374,39.66675,0.0
2022-01-20 13:02:45.503807,40.22525,39.66675,0.0
2022-01-20 13:02:46.003220,40.01855,40.90475,0.0
2022-01-20 13:02:46.509558,40.01855,40.131,0.0
2022-01-20 13:02:47.005626,39.34772,39.66675,0.0
2022-01-20 13:02:47.510531,40.12128,39.97625,0.0
2022-01-20 13:02:48.009265,40.07053,40.59525,0.0
2022-01-20 13:02:48.504942,40.22525,39.97625,0.0
2022-01-20 13:02:49.004972,39.55441,39.35725,0.0
2022-01-20 13:02:49.510775,38.72887,40.33775,0.0
2022-01-20 13:02:50.009139,39.91582,40.28575,0.0
2022-01-20 13:02:50.503446,39.55441,39.77075,0.0
2022-01-20 13:02:51.002224,40.01855,39.564,0.0
2022-01-20 13:02:51.506727,40.07053,41.369,0.0
2022-01-20 13:02:52.005870,39.96657,40.28575,0.0
2022-01-20 13:02:52.502701,39.65714,39.40925,0.0
2022-01-20 13:02:53.001506,39.96657,39.71875,0.0
2022-01-20 13:02:53.507535,39.55441,40.64725,0.0
2022-01-20 13:02:54.006489,40.68938,40.08025,0.0
2022-01-20 13:02:54.503218,40.4307,38.79025,0.0
2022-01-20 13:02:55.002120,39.91582,40.131,0.0
2022-01-20 13:02:55.506994,40.27599,40.95675,0.0
2022-01-20 13:02:56.006513,39.86384,39.66675,0.0
2022-01-20 13:02:56.503692,40.07053,40.33775,0.0
2022-01-20 13:02:57.011093,39.3997,40.28575,0.0
2022-01-20 13:02:57.506537,40.27599,40.59525,0.0
2022-01-20 13:02:58.004583,39.81185,39.77075,0.0
2022-01-20 13:02:58.509758,40.27599,39.71875,0.0
2022-01-20 13:02:59.008320,39.70912,40.75,0.0
2022-01-20 13:02:59.503395,39.70912,40.131,0.0
2022-01-20 13:03:00.001912,40.07053,39.66675,0.0
2022-01-20 13:03:00.506365,39.76111,40.4925,0.0
2022-01-20 13:03:01.003994,39.34772,40.69925,0.0
2022-01-20 13:03:01.510913,39.45168,39.71875,0.0
2022-01-20 13:03:02.008853,40.17326,39.97625,0.0
2022-01-20 13:03:02.502944,39.81185,40.38975,0.0
2022-01-20 13:03:03.003876,40.6374,40.4925,0.0
2022-01-20 13:03:03.509040,40.17326,39.71875,0.0
2022-01-20 13:03:04.007137,40.53467,39.512,0.0
2022-01-20 13:03:04.502456,39.70912,40.95675,0.0
2022-01-20 13:03:05.010203,40.6374,40.69925,0.0
2022-01-20 13:03:05.505713,40.12128,39.66675,0.0
2022-01-20 13:03:06.003923,39.09027,39.77075,0.0
2022-01-20 13:03:06.508014,39.14226,41.0595,0.0
2022-01-20 13:03:07.007643,40.01855,40.131,0.0
2022-01-20 13:03:07.502128,39.76111,39.2545,0.0
2022-01-20 13:03:08.009994,40.48269,40.4925,0.0
2022-01-20 13:03:08.504171,40.58542,41.00875,0.0
2022-01-20 13:03:09.010154,40.12128,39.9255,0.0
2022-01-20 13:03:09.502771,39.34772,39.71875,0.0
2022-01-20 13:03:10.002044,39.3997,40.854,0.0
2022-01-20 13:03:10.504918,39.81185,40.59525,0.0
2022-01-20 13:03:11.001087,39.70912,39.40925,0.0
2022-01-20 13:03:11.505859,40.17326,39.46125,0.0
2022-01-20 13:03:12.002249,40.27599,40.75,0.0
2022-01-20 13:03:12.503615,40.12128,40.02825,0.0
2022-01-20 13:03:13.000701,39.76111,39.15175,0.0
2022-01-20 13:03:13.501449,39.76111,40.131,0.0
2022-01-20 13:03:14.506754,39.76111,39.77075,0.0
2022-01-20 13:03:15.007872,39.6064,39.9255,0.0
2022-01-20 13:03:15.500493,39.86384,40.33775,0.0
2022-01-20 13:03:16.007644,39.76111,39.77075,0.0
2022-01-20 13:03:16.501485,39.24499,39.40925,0.0
2022-01-20 13:03:17.006718,39.6064,39.97625,0.0
2022-01-20 13:03:17.507855,39.81185,40.5445,0.0
2022-01-20 13:03:18.005192,40.12128,40.08025,0.0
2022-01-20 13:03:18.510808,40.22525,39.8735,0.0
2022-01-20 13:03:19.008113,40.27599,40.5445,0.0
2022-01-20 13:03:19.502990,39.50243,40.59525,0.0
2022-01-20 13:03:20.002572,40.12128,39.8735,0.0
2022-01-20 13:03:20.507931,40.12128,39.40925,0.0
2022-01-20 13:03:21.007534,39.96657,40.59525,0.0
2022-01-20 13:03:21.502683,40.48269,40.33775,0.0
2022-01-20 13:03:22.009228,39.65714,39.40925,0.0
2022-01-20 13:03:22.503598,40.12128,38.997,0.0
2022-01-20 13:03:23.002465,39.45168,41.0595,0.0
2022-01-20 13:03:23.509117,39.96657,40.08025,0.0
2022-01-20 13:03:24.008546,39.55441,39.04775,0.0
2022-01-20 13:03:24.503982,40.12128,40.02825,0.0
2022-01-20 13:03:25.002472,39.96657,40.802,0.0
2022-01-20 13:03:25.510456,39.96657,39.8215,0.0
2022-01-20 13:03:26.007902,40.01855,38.945,0.0
2022-01-20 13:03:26.506352,39.6064,39.9255,0.0
2022-01-20 13:03:27.003946,39.14226,40.131,0.0
2022-01-20 13:03:27.508713,40.27599,39.9255,0.0
2022-01-20 13:03:28.006079,40.12128,39.71875,0.0
2022-01-20 13:03:28.501190,40.01855,40.854,0.0
2022-01-20 13:03:29.008524,40.48269,40.235,0.0
2022-01-20 13:03:29.503685,39.86384,39.66675,0.0
2022-01-20 13:03:30.505096,40.01855,41.0595,0.0
2022-01-20 13:03:31.003711,40.8441,40.33775,0.0
2022-01-20 13:03:31.510688,40.17326,39.15175,0.0
2022-01-20 13:03:32.009925,39.76111,39.66675,0.0
2022-01-20 13:03:32.504953,39.29697,40.4405,0.0
2022-01-20 13:03:33.003498,39.65714,39.97625,0.0
2022-01-20 13:03:33.510929,39.6064,40.02825,0.0
2022-01-20 13:03:34.010298,39.6064,40.4925,0.0
2022-01-20 13:03:34.509787,39.70912,40.183,0.0
2022-01-20 13:03:35.007233,40.01855,39.616,0.0
2022-01-20 13:03:35.501933,40.17326,40.131,0.0
2022-01-20 13:03:36.009055,39.34772,40.5445,0.0
2022-01-20 13:03:36.508130,40.68938,39.97625,0.0
2022-01-20 13:03:37.006123,39.91582,39.564,0.0
2022-01-20 13:03:37.510967,40.01855,40.4405,0.0
2022-01-20 13:03:38.002669,39.3997,41.00875,0.0
2022-01-20 13:03:38.509447,39.86384,40.02825,0.0
2022-01-20 13:03:39.008564,40.22525,39.40925,0.0
2022-01-20 13:03:39.503449,39.55441,40.59525,0.0
2022-01-20 13:03:40.003549,40.48269,41.1115,0.0
2022-01-20 13:03:40.504002,39.96657,39.97625,0.0
2022-01-20 13:03:41.005520,39.81185,39.3065,0.0
2022-01-20 13:03:41.510908,39.96657,39.8215,0.0
2022-01-20 13:03:42.009936,39.91582,40.75,0.0
2022-01-20 13:03:42.503041,39.6064,39.71875,0.0
2022-01-20 13:03:43.004712,39.76111,39.8735,0.0
2022-01-20 13:03:43.501837,39.34772,40.95675,0.0
2022-01-20 13:03:44.010746,40.01855,40.235,0.0
2022-01-20 13:03:44.505946,40.22525,39.512,0.0
2022-01-20 13:03:45.004936,40.01855,40.131,0.0
2022-01-20 13:03:45.503287,40.12128,40.4925,0.0
2022-01-20 13:03:46.010721,39.91582,39.46125,0.0
2022-01-20 13:03:46.503806,40.12128,38.997,0.0
2022-01-20 13:03:47.002822,40.01855,40.69925,0.0
2022-01-20 13:03:47.503388,40.48269,40.235,0.0
2022-01-20 13:03:48.010722,39.96657,39.97625,0.0
2022-01-20 13:03:48.506834,39.96657,39.8215,0.0
2022-01-20 13:03:49.005836,39.50243,40.235,0.0
2022-01-20 13:03:49.510744,39.6064,40.183,0.0
2022-01-20 13:03:50.008458,39.3997,39.71875,0.0
2022-01-20 13:03:50.502890,39.193,39.66675,0.0
2022-01-20 13:03:51.001023,40.01855,40.28575,0.0
2022-01-20 13:03:51.506791,40.53467,40.131,0.0
2022-01-20 13:03:52.006104,40.12128,39.8735,0.0
2022-01-20 13:03:52.501472,39.91582,40.75,0.0
2022-01-20 13:03:53.009694,39.70912,40.235,0.0
2022-01-20 13:03:53.505647,39.55441,39.71875,0.0
2022-01-20 13:03:54.003167,39.91582,39.40925,0.0
2022-01-20 13:03:54.509080,40.37996,41.00875,0.0
2022-01-20 13:03:55.008304,40.4307,40.02825,0.0
2022-01-20 13:03:55.504558,40.32797,39.35725,0.0
2022-01-20 13:03:56.002416,39.96657,39.512,0.0
2022-01-20 13:03:56.508058,39.96657,41.1115,0.0
2022-01-20 13:03:57.006821,40.53467,40.4405,0.0
2022-01-20 13:03:57.502379,40.22525,39.09975,0.0
2022-01-20 13:03:58.010781,39.45168,41.0595,0.0
2022-01-20 13:03:58.506715,39.24499,40.75,0.0
2022-01-20 13:03:59.004437,39.96657,39.66675,0.0
2022-01-20 13:03:59.502493,40.01855,39.2545,0.0
2022-01-20 13:04:00.010295,40.17326,40.854,0.0
2022-01-20 13:04:00.505696,40.58542,40.02825,0.0
2022-01-20 13:04:01.004266,39.91582,39.8215,0.0
2022-01-20 13:04:01.509940,39.6064,40.4925,0.0
2022-01-20 13:04:02.007938,39.34772,40.64725,0.0
2022-01-20 13:04:02.503360,40.01855,40.02825,0.0
2022-01-20 13:04:03.505015,40.17326,40.802,0.0
2022-01-20 13:04:04.003379,40.27599,40.08025,0.0
2022-01-20 13:04:04.509825,40.17326,39.8215,0.0
2022-01-20 13:04:05.007416,39.65714,39.71875,0.0
2022-01-20 13:04:05.503414,39.86384,40.75,0.0
2022-01-20 13:04:06.010659,40.12128,40.02825,0.0
2022-01-20 13:04:06.506487,40.37996,39.77075,0.0
2022-01-20 13:04:07.003822,39.55441,40.131,0.0
2022-01-20 13:04:07.510511,39.3997,40.4405,0.0
2022-01-20 13:04:08.009172,40.32797,39.9255,0.0
2022-01-20 13:04:08.504614,39.09027,39.66675,0.0
2022-01-20 13:04:09.002746,40.07053,40.38975,0.0
2022-01-20 13:04:09.507152,39.81185,40.4405,0.0
2022-01-20 13:04:10.006181,39.91582,39.8215,0.0
2022-01-20 13:04:10.502235,40.01855,39.8735,0.0
2022-01-20 13:04:11.006769,39.91582,41.00875,0.0
2022-01-20 13:04:11.501936,40.07053,40.183,0.0
2022-01-20 13:04:12.001248,40.01855,39.40925,0.0
2022-01-20 13:04:12.508456,40.32797,39.40925,0.0
2022-01-20 13:04:13.007336,40.68938,40.802,0.0
2022-01-20 13:04:13.503249,40.37996,40.183,0.0
2022-01-20 13:04:14.003459,39.86384,38.997,0.0
2022-01-20 13:04:14.509959,40.53467,41.1635,0.0
2022-01-20 13:04:15.003675,39.6064,40.854,0.0
2022-01-20 13:04:15.509631,39.76111,39.8735,0.0
2022-01-20 13:04:16.006192,39.45168,39.2025,0.0
2022-01-20 13:04:16.510785,38.57415,40.28575,0.0
2022-01-20 13:04:17.007761,39.91582,40.69925,0.0
2022-01-20 13:04:17.506792,40.79211,39.8215,0.0
2022-01-20 13:04:18.004857,40.17326,39.46125,0.0
2022-01-20 13:04:18.502588,39.76111,41.00875,0.0
2022-01-20 13:04:19.004946,39.76111,40.90475,0.0
2022-01-20 13:04:19.510837,39.6064,39.46125,0.0
2022-01-20 13:04:20.007773,38.98755,39.66675,0.0
2022-01-20 13:04:20.503367,39.81185,40.75,0.0
2022-01-20 13:04:21.001165,40.74013,40.183,0.0
2022-01-20 13:04:21.506792,40.22525,39.35725,0.0
2022-01-20 13:04:22.005702,39.81185,40.28575,0.0
2022-01-20 13:04:22.501238,40.32797,40.33775,0.0
2022-01-20 13:04:23.007547,40.32797,40.235,0.0
2022-01-20 13:04:23.505289,40.37996,39.564,0.0
2022-01-20 13:04:24.004641,40.22525,40.64725,0.0
2022-01-20 13:04:24.510653,39.96657,40.5445,0.0
2022-01-20 13:04:25.007546,40.27599,39.564,0.0
2022-01-20 13:04:25.501666,39.50243,39.616,0.0
2022-01-20 13:04:26.010529,38.83283,40.69925,0.0
2022-01-20 13:04:26.505493,40.53467,40.4925,0.0
2022-01-20 13:04:27.004401,40.17326,39.512,0.0
2022-01-20 13:04:27.509114,39.76111,40.4405,0.0
2022-01-20 13:04:28.008308,39.86384,40.90475,0.0
2022-01-20 13:04:28.502899,40.01855,39.8735,0.0
2022-01-20 13:04:29.001833,39.91582,38.79025,0.0
2022-01-20 13:04:29.507464,39.96657,41.0595,0.0
2022-01-20 13:04:30.006802,40.27599,40.59525,0.0
2022-01-20 13:04:30.502456,40.58542,40.02825,0.0
2022-01-20 13:04:31.010846,40.17326,39.8215,0.0
2022-01-20 13:04:31.505173,39.45168,40.854,0.0
2022-01-20 13:04:32.004715,40.37996,40.4405,0.0
2022-01-20 13:04:32.509678,40.17326,39.35725,0.0
2022-01-20 13:04:33.008717,39.65714,40.08025,0.0
2022-01-20 13:04:33.508037,39.29697,41.1115,0.0
2022-01-20 13:04:34.007028,40.12128,40.5445,0.0
2022-01-20 13:04:34.502241,40.12128,39.3065,0.0
2022-01-20 13:04:35.001007,39.96657,39.77075,0.0
2022-01-20 13:04:35.505968,39.65714,40.854,0.0
2022-01-20 13:04:36.003331,40.12128,39.97625,0.0
2022-01-20 13:04:36.505306,39.193,38.997,0.0
2022-01-20 13:04:37.003399,40.68938,40.59525,0.0
2022-01-20 13:04:37.511169,40.53467,39.9255,0.0
2022-01-20 13:04:38.009208,39.91582,40.02825,0.0
2022-01-20 13:04:38.503888,39.96657,40.131,0.0
2022-01-20 13:04:39.001731,39.81185,40.08025,0.0
2022-01-20 13:04:39.506825,40.4307,39.8215,0.0
2022-01-20 13:04:40.005237,40.22525,40.235,0.0
2022-01-20 13:04:40.508027,40.22525,40.28575,0.0
2022-01-20 13:04:41.007396,39.65714,39.97625,0.0
2022-01-20 13:04:41.505961,39.86384,39.97625,0.0
2022-01-20 13:04:42.007762,39.50243,39.564,0.0
2022-01-20 13:04:42.502761,39.34772,40.75,0.0
2022-01-20 13:04:43.010817,40.17326,40.38975,0.0
2022-01-20 13:04:43.506790,40.48269,39.71875,0.0
2022-01-20 13:04:44.005808,40.01855,39.71875,0.0
2022-01-20 13:04:44.510336,39.45168,41.00875,0.0
2022-01-20 13:04:45.007862,39.91582,40.5445,0.0
2022-01-20 13:04:45.508343,39.34772,39.3065,0.0
2022-01-20 13:04:46.005467,39.96657,40.02825,0.0
2022-01-20 13:04:46.503080,40.48269,40.5445,0.0
2022-01-20 13:04:47.001131,40.53467,39.97625,0.0
2022-01-20 13:04:47.505523,39.86384,39.40925,0.0
2022-01-20 13:04:48.009473,39.81185,40.75,0.0
2022-01-20 13:04:48.505424,39.50243,40.33775,0.0
2022-01-20 13:04:49.004494,40.48269,39.564,0.0
2022-01-20 13:04:49.506848,40.01855,39.66675,0.0
2022-01-20 13:04:50.001766,40.27599,40.64725,0.0
2022-01-20 13:04:50.505368,39.86384,40.08025,0.0
2022-01-20 13:04:51.004195,39.55441,39.3065,0.0
2022-01-20 13:04:51.509951,39.65714,39.66675,0.0
2022-01-20 13:04:52.007344,39.14226,40.64725,0.0
2022-01-20 13:04:52.503461,39.91582,40.235,0.0
2022-01-20 13:04:53.001615,39.3997,39.564,0.0
2022-01-20 13:04:53.506818,40.32797,40.131,0.0
2022-01-20 13:04:54.008488,39.70912,40.4925,0.0
2022-01-20 13:04:54.505736,40.48269,39.8735,0.0
2022-01-20 13:04:55.002673,39.91582,39.71875,0.0
2022-01-20 13:04:55.508875,39.55441,40.38975,0.0
2022-01-20 13:04:56.005619,40.58542,40.183,0.0
2022-01-20 13:04:56.504631,40.4307,39.66675,0.0
2022-01-20 13:04:57.002312,40.01855,40.64725,0.0
2022-01-20 13:04:57.504357,40.27599,40.75,0.0
2022-01-20 13:04:58.002798,40.01855,39.66675,0.0
2022-01-20 13:04:58.503814,39.3997,39.2025,0.0
2022-01-20 13:04:59.002180,39.3997,39.9255,0.0
2022-01-20 13:04:59.509719,38.98755,40.235,0.0
2022-01-20 13:05:00.008520,40.22525,39.71875,0.0
2022-01-20 13:05:00.502031,40.48269,39.512,0.0
2022-01-20 13:05:01.011040,40.01855,40.95675,0.0
2022-01-20 13:05:01.506740,39.86384,40.69925,0.0
2022-01-20 13:05:02.007373,39.91582,39.66675,0.0
2022-01-20 13:05:02.506891,39.3997,39.8215,0.0
2022-01-20 13:05:03.006721,39.55441,40.4925,0.0
2022-01-20 13:05:03.501614,41.30823,39.9255,0.0
2022-01-20 13:05:04.009293,40.89484,39.04775,0.0
2022-01-20 13:05:04.504761,40.17326,40.69925,0.0
2022-01-20 13:05:05.003900,39.76111,40.235,0.0
2022-01-20 13:05:05.508416,39.76111,39.77075,0.0
2022-01-20 13:05:06.006229,39.6064,39.46125,0.0
2022-01-20 13:05:06.510374,40.32797,41.21425,0.0
2022-01-20 13:05:07.001767,39.86384,40.4925,0.0
2022-01-20 13:05:07.507290,40.27599,39.40925,0.0
2022-01-20 13:05:08.006395,39.86384,39.2545,0.0
2022-01-20 13:05:08.501778,39.45168,40.90475,0.0
2022-01-20 13:05:09.009900,39.193,40.38975,0.0
2022-01-20 13:05:09.504438,39.03829,39.3065,0.0
2022-01-20 13:05:10.004615,40.07053,40.02825,0.0
2022-01-20 13:05:10.501156,40.27599,40.75,0.0
2022-01-20 13:05:11.005537,40.07053,40.235,0.0
2022-01-20 13:05:11.502736,39.6064,39.8735,0.0
2022-01-20 13:05:12.004733,39.24499,39.9255,0.0
2022-01-20 13:05:12.510126,39.50243,40.02825,0.0
2022-01-20 13:05:13.007664,40.89484,39.66675,0.0
2022-01-20 13:05:13.507659,40.6374,39.8215,0.0
2022-01-20 13:05:14.006870,40.22525,40.38975,0.0
2022-01-20 13:05:14.503908,39.81185,40.183,0.0
2022-01-20 13:05:15.001940,39.81185,39.9255,0.0
2022-01-20 13:05:15.508273,40.17326,40.235,0.0
2022-01-20 13:05:16.007637,39.65714,40.59525,0.0
2022-01-20 13:05:16.503083,39.81185,40.131,0.0
2022-01-20 13:05:17.001796,39.65714,39.09975,0.0
2022-01-20 13:05:17.507527,39.6064,40.02825,0.0
2022-01-20 13:05:18.007267,39.86384,40.5445,0.0
2022-01-20 13:05:18.502277,40.17326,39.97625,0.0
2022-01-20 13:05:19.004082,39.55441,39.616,0.0
2022-01-20 13:05:19.510761,39.91582,41.1635,0.0
2022-01-20 13:05:20.008881,39.91582,40.69925,0.0
2022-01-20 13:05:20.504370,40.74013,39.564,0.0
2022-01-20 13:05:21.003038,40.22525,39.15175,0.0
2022-01-20 13:05:21.508091,39.96657,41.1635,0.0
2022-01-20 13:05:22.006724,39.45168,40.64725,0.0
2022-01-20 13:05:22.502421,40.17326,39.2025,0.0
2022-01-20 13:05:23.010437,40.12128,40.38975,0.0
2022-01-20 13:05:23.505300,39.81185,40.69925,0.0
2022-01-20 13:05:24.003420,40.32797,39.77075,0.0
2022-01-20 13:05:24.509046,40.12128,38.945,0.0
2022-01-20 13:05:25.008478,39.3997,40.75,0.0
2022-01-20 13:05:25.504483,38.98755,40.38975,0.0
2022-01-20 13:05:26.001060,39.70912,39.66675,0.0
2022-01-20 13:05:26.508273,39.86384,39.512,0.0
2022-01-20 13:05:27.007551,40.74013,40.4405,0.0
2022-01-20 13:05:27.502336,40.4307,40.131,0.0
2022-01-20 13:05:28.010334,40.37996,39.97625,0.0
2022-01-20 13:05:28.505479,40.01855,40.235,0.0
2022-01-20 13:05:29.002504,39.34772,40.183,0.0
2022-01-20 13:05:29.507236,38.98755,40.131,0.0
2022-01-20 13:05:30.006427,40.48269,40.131,0.0
2022-01-20 13:05:30.501692,40.48269,40.38975,0.0
2022-01-20 13:05:31.008970,40.17326,40.02825,0.0
2022-01-20 13:05:31.503848,40.32797,39.77075,0.0
2022-01-20 13:05:32.001554,39.96657,40.131,0.0
2022-01-20 13:05:32.509095,40.01855,40.33775,0.0
2022-01-20 13:05:33.006430,39.86384,39.9255,0.0
2022-01-20 13:05:33.501510,40.37996,39.512,0.0
2022-01-20 13:05:34.002732,40.12128,40.59525,0.0
2022-01-20 13:05:34.509262,40.07053,40.854,0.0
2022-01-20 13:05:35.007418,39.70912,39.616,0.0
2022-01-20 13:05:35.507590,39.09027,39.616,0.0
2022-01-20 13:05:36.005867,39.14226,40.802,0.0
2022-01-20 13:05:36.501232,39.14226,40.38975,0.0
2022-01-20 13:05:37.010385,40.4307,39.2545,0.0
2022-01-20 13:05:37.507108,40.94682,39.8215,0.0
2022-01-20 13:05:38.004237,39.55441,41.1115,0.0
2022-01-20 13:05:38.501641,39.81185,40.131,0.0
2022-01-20 13:05:39.008909,40.22525,39.35725,0.0
2022-01-20 13:05:39.503436,40.07053,40.38975,0.0
2022-01-20 13:05:40.002724,40.53467,40.90475,0.0
2022-01-20 13:05:40.509079,39.91582,40.131,0.0
2022-01-20 13:05:41.007248,40.07053,39.8735,0.0
2022-01-20 13:05:41.502965,40.07053,39.97625,0.0
2022-01-20 13:05:42.010781,39.81185,40.183,0.0
2022-01-20 13:05:42.505290,39.70912,39.9255,0.0
2022-01-20 13:05:43.005956,39.193,39.8735,0.0
2022-01-20 13:05:43.502122,39.45168,40.854,0.0
2022-01-20 13:05:44.010761,39.86384,40.5445,0.0
2022-01-20 13:05:44.505443,40.48269,39.66675,0.0
2022-01-20 13:05:45.003798,39.193,40.235,0.0
2022-01-20 13:05:45.509319,39.45168,40.4925,0.0
2022-01-20 13:05:46.007121,39.24499,39.8735,0.0
2022-01-20 13:05:46.503803,39.91582,39.66675,0.0
2022-01-20 13:05:47.002249,40.27599,40.33775,0.0
2022-01-20 13:05:47.507172,40.22525,40.4925,0.0
2022-01-20 13:05:48.006786,40.01855,39.9255,0.0
2022-01-20 13:05:49.005073,40.27599,40.69925,0.0
2022-01-20 13:05:49.510047,40.68938,40.38975,0.0
2022-01-20 13:05:50.008627,40.12128,39.71875,0.0
2022-01-20 13:05:50.502460,39.86384,39.77075,0.0
2022-01-20 13:05:51.010731,39.50243,40.59525,0.0
2022-01-20 13:05:51.506092,39.81185,39.97625,0.0
2022-01-20 13:05:52.004450,39.6064,39.2545,0.0
2022-01-20 13:05:52.501178,39.81185,40.183,0.0
2022-01-20 13:05:53.002323,40.4307,40.95675,0.0
2022-01-20 13:05:53.504013,39.86384,40.131,0.0
2022-01-20 13:05:54.003102,40.37996,39.66675,0.0
2022-01-20 13:05:54.508279,39.50243,40.5445,0.0
2022-01-20 13:05:55.005978,39.96657,40.95675,0.0
2022-01-20 13:05:55.502778,40.22525,39.8215,0.0
2022-01-20 13:05:56.010174,40.22525,38.73825,0.0
2022-01-20 13:05:56.504330,39.96657,40.235,0.0
2022-01-20 13:05:57.002673,40.01855,40.235,0.0
2022-01-20 13:05:57.507480,40.79211,39.9255,0.0
2022-01-20 13:05:58.007493,40.01855,40.802,0.0
2022-01-20 13:05:58.509288,40.37996,40.854,0.0
2022-01-20 13:05:59.008228,39.91582,40.235,0.0
2022-01-20 13:05:59.503351,40.32797,39.9255,0.0
2022-01-20 13:06:00.002716,39.86384,40.235,0.0
2022-01-20 13:06:00.510626,39.193,40.183,0.0
2022-01-20 13:06:01.004161,39.91582,39.616,0.0
2022-01-20 13:06:01.506855,39.76111,39.66675,0.0
2022-01-20 13:06:02.001976,39.45168,40.95675,0.0
2022-01-20 13:06:02.507504,39.76111,40.59525,0.0
2022-01-20 13:06:03.007354,40.48269,39.35725,0.0
2022-01-20 13:06:03.505909,40.6374,39.77075,0.0
2022-01-20 13:06:04.005106,40.12128,40.5445,0.0
2022-01-20 13:06:04.506756,39.96657,40.08025,0.0
2022-01-20 13:06:05.008251,40.22525,39.2545,0.0
2022-01-20 13:06:05.504478,40.07053,39.66675,0.0
2022-01-20 13:06:06.003621,40.37996,40.69925,0.0
2022-01-20 13:06:06.501191,39.91582,40.02825,0.0
2022-01-20 13:06:07.006321,40.37996,39.8215,0.0
2022-01-20 13:06:07.503974,39.24499,40.64725,0.0
2022-01-20 13:06:08.003491,40.32797,40.59525,0.0
2022-01-20 13:06:08.509271,39.70912,39.8735,0.0
2022-01-20 13:06:09.007427,39.24499,39.35725,0.0
2022-01-20 13:06:09.504781,40.27599,40.75,0.0
2022-01-20 13:06:10.003438,40.37996,40.235,0.0
2022-01-20 13:06:10.508272,40.53467,39.2025,0.0
2022-01-20 13:06:11.004591,40.37996,39.77075,0.0
2022-01-20 13:06:11.509774,39.65714,41.26625,0.0
2022-01-20 13:06:12.007346,39.65714,40.33775,0.0
2022-01-20 13:06:12.501654,39.3997,39.15175,0.0
2022-01-20 13:06:13.001169,39.14226,39.40925,0.0
2022-01-20 13:06:13.507853,40.53467,40.854,0.0
2022-01-20 13:06:14.009929,40.79211,39.77075,0.0
2022-01-20 13:06:14.505521,40.27599,39.2025,0.0
2022-01-20 13:06:15.003843,40.01855,40.28575,0.0
2022-01-20 13:06:15.510810,39.45168,40.33775,0.0
2022-01-20 13:06:16.008006,40.48269,39.8215,0.0
2022-01-20 13:06:16.503019,40.12128,40.131,0.0
2022-01-20 13:06:17.000996,39.6064,40.69925,0.0
2022-01-20 13:06:17.510015,39.50243,40.131,0.0
2022-01-20 13:06:18.006792,39.6064,39.15175,0.0
2022-01-20 13:06:18.502606,39.50243,40.235,0.0
2022-01-20 13:06:19.010563,39.96657,40.69925,0.0
2022-01-20 13:06:19.504819,40.27599,39.8215,0.0
2022-01-20 13:06:20.003440,40.17326,39.616,0.0
2022-01-20 13:06:20.502117,39.91582,40.64725,0.0
2022-01-20 13:06:21.010977,39.50243,40.4405,0.0
2022-01-20 13:06:21.507364,40.01855,39.15175,0.0
2022-01-20 13:06:22.003338,39.81185,40.183,0.0
2022-01-20 13:06:22.508803,39.91582,40.75,0.0
2022-01-20 13:06:23.009078,40.32797,40.02825,0.0
2022-01-20 13:06:23.504873,40.37996,39.04775,0.0
2022-01-20 13:06:24.004271,39.86384,40.5445,0.0
2022-01-20 13:06:24.510418,40.4307,40.69925,0.0
2022-01-20 13:06:25.008371,39.34772,40.08025,0.0
2022-01-20 13:06:25.504186,40.27599,39.15175,0.0
2022-01-20 13:06:26.001456,39.91582,40.75,0.0
2022-01-20 13:06:26.508034,39.03829,40.64725,0.0
2022-01-20 13:06:27.006078,39.86384,40.131,0.0
2022-01-20 13:06:27.503411,39.6064,39.2545,0.0
2022-01-20 13:06:28.002396,39.34772,40.38975,0.0
2022-01-20 13:06:28.510537,39.3997,40.69925,0.0
2022-01-20 13:06:29.007882,40.53467,39.9255,0.0
2022-01-20 13:06:29.507855,39.91582,39.2545,0.0
2022-01-20 13:06:30.005079,40.12128,40.75,0.0
2022-01-20 13:06:30.504291,40.07053,40.4405,0.0
2022-01-20 13:06:31.003365,40.37996,39.71875,0.0
2022-01-20 13:06:31.510154,39.86384,40.64725,0.0
2022-01-20 13:06:32.010453,40.27599,40.4925,0.0
2022-01-20 13:06:32.508159,39.70912,40.08025,0.0
2022-01-20 13:06:33.006753,40.68938,39.8735,0.0
2022-01-20 13:06:33.502223,39.81185,40.59525,0.0
2022-01-20 13:06:34.011150,39.45168,39.616,0.0
2022-01-20 13:06:34.501568,39.91582,39.8735,0.0
2022-01-20 13:06:35.003276,39.86384,40.4405,0.0
2022-01-20 13:06:35.508637,39.09027,40.33775,0.0
2022-01-20 13:06:36.007558,39.55441,39.9255,0.0
2022-01-20 13:06:36.504689,40.37996,40.08025,0.0
2022-01-20 13:06:37.002023,40.01855,40.64725,0.0
2022-01-20 13:06:37.507755,39.70912,40.131,0.0
2022-01-20 13:06:38.006200,39.65714,40.02825,0.0
2022-01-20 13:06:38.502464,39.70912,39.46125,0.0
2022-01-20 13:06:39.010813,39.50243,40.4405,0.0
2022-01-20 13:06:39.506793,40.48269,40.33775,0.0
2022-01-20 13:06:40.004536,40.12128,39.8735,0.0
2022-01-20 13:06:40.502281,40.27599,39.46125,0.0
2022-01-20 13:06:41.001722,40.12128,41.00875,0.0
2022-01-20 13:06:41.508004,39.81185,40.802,0.0
2022-01-20 13:06:42.008252,40.48269,39.40925,0.0
2022-01-20 13:06:42.503898,40.01855,39.512,0.0
2022-01-20 13:06:43.002453,39.70912,40.69925,0.0
2022-01-20 13:06:43.507791,39.6064,40.08025,0.0
2022-01-20 13:06:44.008291,40.22525,39.04775,0.0
2022-01-20 13:06:44.504843,39.81185,40.183,0.0
2022-01-20 13:06:45.002782,39.91582,41.00875,0.0
2022-01-20 13:06:45.501652,39.50243,39.8215,0.0
2022-01-20 13:06:46.003820,39.76111,39.15175,0.0
2022-01-20 13:06:46.508835,40.17326,40.28575,0.0
2022-01-20 13:06:47.002483,39.6064,40.4405,0.0
2022-01-20 13:06:47.508005,40.32797,39.2545,0.0
2022-01-20 13:06:48.007408,40.22525,39.512,0.0
2022-01-20 13:06:48.503333,39.91582,40.75,0.0
2022-01-20 13:06:49.002760,39.86384,40.02825,0.0
2022-01-20 13:06:49.510854,40.4307,39.616,0.0
2022-01-20 13:06:50.505635,39.96657,40.183,0.0
2022-01-20 13:06:51.004071,39.45168,39.616,0.0
2022-01-20 13:06:51.509786,40.12128,39.564,0.0
2022-01-20 13:06:52.007555,40.07053,40.183,0.0
2022-01-20 13:06:52.505123,40.22525,40.02825,0.0
2022-01-20 13:06:53.006179,40.12128,39.71875,0.0
2022-01-20 13:06:53.511111,40.07053,40.02825,0.0
2022-01-20 13:06:54.008425,39.81185,40.4925,0.0
2022-01-20 13:06:54.510984,39.70912,40.131,0.0
2022-01-20 13:06:55.010321,39.81185,39.8735,0.0
2022-01-20 13:06:55.504581,39.29697,40.28575,0.0
2022-01-20 13:06:56.001927,39.76111,40.4405,0.0
2022-01-20 13:06:56.507415,40.07053,39.66675,0.0
2022-01-20 13:06:57.005434,40.4307,39.71875,0.0
2022-01-20 13:06:57.501148,40.27599,40.69925,0.0
2022-01-20 13:06:58.009775,40.07053,40.59525,0.0
2022-01-20 13:06:58.503984,39.65714,39.66675,0.0
2022-01-20 13:06:59.002500,40.58542,39.616,0.0
2022-01-20 13:06:59.508364,40.17326,40.69925,0.0
2022-01-20 13:07:00.007712,39.91582,40.183,0.0
2022-01-20 13:07:00.503952,39.45168,39.15175,0.0
2022-01-20 13:07:01.006281,39.50243,40.59525,0.0
2022-01-20 13:07:01.508007,38.78085,40.33775,0.0
2022-01-20 13:07:02.006126,38.83283,40.08025,0.0
2022-01-20 13:07:02.501151,40.6374,39.8215,0.0
2022-01-20 13:07:03.008654,40.37996,41.473,0.0
2022-01-20 13:07:03.505752,40.22525,40.38975,0.0
2022-01-20 13:07:04.003340,39.193,39.512,0.0
2022-01-20 13:07:04.507996,39.76111,38.997,0.0
2022-01-20 13:07:05.005876,39.193,40.183,0.0
2022-01-20 13:07:05.501337,39.65714,39.97625,0.0
2022-01-20 13:07:06.010308,40.6374,39.35725,0.0
2022-01-20 13:07:06.506058,40.12128,39.616,0.0
2022-01-20 13:07:07.004190,39.81185,41.1115,0.0
2022-01-20 13:07:07.511117,39.24499,40.33775,0.0
2022-01-20 13:07:08.010420,40.27599,39.66675,0.0
2022-01-20 13:07:08.508024,39.76111,39.564,0.0
2022-01-20 13:07:09.005652,40.27599,40.5445,0.0
2022-01-20 13:07:09.502789,39.45168,40.235,0.0
2022-01-20 13:07:10.001127,39.6064,39.3065,0.0
2022-01-20 13:07:10.506260,39.96657,40.131,0.0
2022-01-20 13:07:11.002892,39.70912,40.183,0.0
2022-01-20 13:07:11.509989,39.3997,39.46125,0.0
2022-01-20 13:07:12.007367,40.37996,40.5445,0.0
2022-01-20 13:07:12.503902,39.81185,40.59525,0.0
2022-01-20 13:07:13.001183,40.12128,39.9255,0.0
2022-01-20 13:07:13.507229,40.27599,39.09975,0.0
2022-01-20 13:07:14.005784,40.53467,40.38975,0.0
2022-01-20 13:07:14.501987,39.96657,40.59525,0.0
2022-01-20 13:07:15.009748,39.70912,40.02825,0.0
2022-01-20 13:07:15.505707,40.53467,39.35725,0.0
2022-01-20 13:07:16.003362,40.12128,40.64725,0.0
2022-01-20 13:07:16.509874,40.48269,40.4405,0.0
2022-01-20 13:07:17.008968,39.55441,40.28575,0.0
2022-01-20 13:07:17.505255,40.4307,39.46125,0.0
2022-01-20 13:07:18.007730,39.81185,40.4405,0.0
2022-01-20 13:07:18.503749,38.88358,40.4925,0.0
2022-01-20 13:07:19.007068,39.09027,39.616,0.0
2022-01-20 13:07:19.501545,39.81185,39.97625,0.0
2022-01-20 13:07:20.000986,40.01855,40.854,0.0
2022-01-20 13:07:20.506751,40.4307,40.28575,0.0
2022-01-20 13:07:21.004683,40.07053,39.71875,0.0
2022-01-20 13:07:21.510608,39.50243,40.95675,0.0
2022-01-20 13:07:22.009016,39.3997,40.38975,0.0
2022-01-20 13:07:22.506974,39.3997,39.512,0.0
2022-01-20 13:07:23.002396,40.12128,39.40925,0.0
2022-01-20 13:07:23.504061,40.27599,40.75,0.0
2022-01-20 13:07:24.007798,39.65714,40.183,0.0
2022-01-20 13:07:24.502014,40.27599,39.3065,0.0
2022-01-20 13:07:25.001010,40.4307,40.131,0.0
2022-01-20 13:07:25.510653,40.07053,40.4925,0.0
2022-01-20 13:07:26.009149,40.58542,40.235,0.0
2022-01-20 13:07:26.505431,40.07053,39.97625,0.0
2022-01-20 13:07:27.004276,39.91582,40.4405,0.0
2022-01-20 13:07:27.506858,39.34772,39.97625,0.0
2022-01-20 13:07:28.005051,39.81185,39.9255,0.0
2022-01-20 13:07:28.509722,39.96657,39.97625,0.0
2022-01-20 13:07:29.008229,40.6374,40.5445,0.0
2022-01-20 13:07:29.510529,39.91582,40.183,0.0
2022-01-20 13:07:30.009199,39.81185,39.71875,0.0
2022-01-20 13:07:30.505216,39.91582,39.97625,0.0
2022-01-20 13:07:31.004395,39.193,41.1115,0.0
2022-01-20 13:07:31.502630,39.70912,40.28575,0.0
2022-01-20 13:07:32.001222,40.53467,39.04775,0.0
2022-01-20 13:07:32.505869,40.27599,39.46125,0.0
2022-01-20 13:07:33.004234,39.81185,40.95675,0.0
2022-01-20 13:07:33.510189,39.3997,39.9255,0.0
2022-01-20 13:07:34.001135,39.96657,39.512,0.0
2022-01-20 13:07:34.506441,40.01855,40.4925,0.0
2022-01-20 13:07:35.006487,40.12128,40.33775,0.0
2022-01-20 13:07:35.501835,39.86384,39.8215,0.0
2022-01-20 13:07:36.009651,39.96657,40.235,0.0
2022-01-20 13:07:36.504427,39.3997,40.5445,0.0
2022-01-20 13:07:37.002677,39.70912,39.8215,0.0
2022-01-20 13:07:37.509354,39.09027,39.9255,0.0
2022-01-20 13:07:38.008247,39.96657,40.4405,0.0
2022-01-20 13:07:38.504955,39.6064,40.08025,0.0
2022-01-20 13:07:39.002530,39.65714,39.40925,0.0
2022-01-20 13:07:39.506805,40.48269,39.46125,0.0
2022-01-20 13:07:40.004859,39.96657,40.64725,0.0
2022-01-20 13:07:40.502553,39.45168,40.235,0.0
2022-01-20 13:07:41.009825,39.91582,39.616,0.0
2022-01-20 13:07:41.502486,40.48269,40.183,0.0
2022-01-20 13:07:42.008473,39.86384,40.33775,0.0
2022-01-20 13:07:42.504071,40.37996,40.131,0.0
2022-01-20 13:07:43.002660,39.65714,39.2025,0.0
2022-01-20 13:07:43.507930,39.96657,40.131,0.0
2022-01-20 13:07:44.003986,39.6064,40.64725,0.0
2022-01-20 13:07:44.505110,39.76111,40.131,0.0
2022-01-20 13:07:45.010494,39.91582,39.77075,0.0
2022-01-20 13:07:45.508209,40.27599,40.75,0.0
2022-01-20 13:07:46.006432,40.12128,40.38975,0.0
2022-01-20 13:07:46.503752,39.81185,39.66675,0.0
2022-01-20 13:07:47.001901,39.6064,39.2545,0.0
2022-01-20 13:07:47.508100,39.6064,40.90475,0.0
2022-01-20 13:07:48.001495,40.01855,40.08025,0.0
2022-01-20 13:07:48.511199,39.96657,38.84225,0.0
2022-01-20 13:07:49.008888,40.27599,40.131,0.0
2022-01-20 13:07:49.506493,40.12128,41.1115,0.0
2022-01-20 13:07:50.003481,40.12128,40.4925,0.0
2022-01-20 13:07:50.505907,39.6064,39.15175,0.0
2022-01-20 13:07:51.004754,40.22525,40.235,0.0
2022-01-20 13:07:51.509225,40.32797,40.4925,0.0
2022-01-20 13:07:52.007731,40.07053,40.02825,0.0
2022-01-20 13:07:52.503948,40.12128,39.8735,0.0
2022-01-20 13:07:53.001870,39.86384,41.00875,0.0
2022-01-20 13:07:53.507677,39.50243,39.9255,0.0
2022-01-20 13:07:54.006172,38.83283,39.71875,0.0
2022-01-20 13:07:54.502811,39.91582,40.75,0.0
2022-01-20 13:07:55.010357,39.6064,40.95675,0.0
2022-01-20 13:07:55.506795,40.48269,40.235,0.0
2022-01-20 13:07:56.006239,40.01855,38.945,0.0
2022-01-20 13:07:56.510017,40.17326,39.40925,0.0
2022-01-20 13:07:57.007977,39.91582,40.75,0.0
2022-01-20 13:07:57.503439,39.76111,40.235,0.0
2022-01-20 13:07:58.004810,40.37996,39.40925,0.0
2022-01-20 13:07:58.504876,39.91582,40.4925,0.0
2022-01-20 13:07:59.002429,40.17326,40.95675,0.0
2022-01-20 13:07:59.507419,39.6064,40.4925,0.0
2022-01-20 13:08:00.006527,40.4307,39.616,0.0
2022-01-20 13:08:00.501037,39.70912,40.02825,0.0
2022-01-20 13:08:01.001638,39.55441,40.235,0.0
2022-01-20 13:08:01.505355,39.29697,39.2025,0.0
2022-01-20 13:08:02.002718,40.07053,39.9255,0.0
2022-01-20 13:08:02.501261,40.37996,40.75,0.0
2022-01-20 13:08:03.009845,40.48269,40.183,0.0
2022-01-20 13:08:03.504726,39.81185,39.8735,0.0
2022-01-20 13:08:04.002782,40.37996,40.802,0.0
2022-01-20 13:08:04.509027,39.70912,40.854,0.0
2022-01-20 13:08:05.006585,39.34772,40.08025,0.0
2022-01-20 13:08:05.502530,40.22525,39.616,0.0
2022-01-20 13:08:06.010325,40.32797,40.4405,0.0
2022-01-20 13:08:06.504415,39.86384,40.59525,0.0
2022-01-20 13:08:07.003398,40.37996,39.40925,0.0
2022-01-20 13:08:07.502735,40.58542,39.616,0.0
2022-01-20 13:08:08.001241,39.81185,41.31825,0.0
2022-01-20 13:08:08.506093,40.12128,40.235,0.0
2022-01-20 13:08:09.003451,39.55441,38.945,0.0
2022-01-20 13:08:09.509320,40.68938,39.564,0.0
2022-01-20 13:08:10.007882,39.45168,40.33775,0.0
2022-01-20 13:08:10.510069,38.98755,39.8735,0.0
2022-01-20 13:08:11.007776,39.65714,39.35725,0.0
2022-01-20 13:08:11.503766,40.12128,40.02825,0.0
2022-01-20 13:08:12.002727,40.17326,40.28575,0.0
2022-01-20 13:08:12.508837,40.17326,39.77075,0.0
2022-01-20 13:08:13.005720,40.07053,40.235,0.0
2022-01-20 13:08:13.510606,39.86384,40.4925,0.0
2022-01-20 13:08:14.008165,39.24499,39.77075,0.0
2022-01-20 13:08:14.502541,39.34772,39.66675,0.0
2022-01-20 13:08:15.009952,40.22525,40.235,0.0
2022-01-20 13:08:15.506491,40.89484,39.9255,0.0
2022-01-20 13:08:16.006688,40.58542,39.8215,0.0
2022-01-20 13:08:16.501040,40.48269,40.02825,0.0
2022-01-20 13:08:17.009453,40.17326,40.4405,0.0
2022-01-20 13:08:17.504596,40.07053,40.28575,0.0
2022-01-20 13:08:18.004470,40.6374,40.02825,0.0
2022-01-20 13:08:18.501821,40.22525,39.8215,0.0
2022-01-20 13:08:19.010247,39.45168,40.5445,0.0
2022-01-20 13:08:19.505988,39.65714,40.08025,0.0
2022-01-20 13:08:20.004429,39.29697,39.46125,0.0
2022-01-20 13:08:20.503953,39.91582,39.8735,0.0
2022-01-20 13:08:21.002433,39.09027,40.5445,0.0
2022-01-20 13:08:21.507993,39.91582,40.183,0.0
2022-01-20 13:08:22.008249,39.81185,39.77075,0.0
2022-01-20 13:08:22.504083,40.6374,40.75,0.0
2022-01-20 13:08:23.002545,40.01855,40.64725,0.0
2022-01-20 13:08:23.508109,39.65714,39.8735,0.0
2022-01-20 13:08:24.007538,39.96657,39.2545,0.0
2022-01-20 13:08:24.502321,39.96657,39.8735,0.0
2022-01-20 13:08:25.001368,40.12128,40.02825,0.0
2022-01-20 13:08:25.509126,40.32797,39.564,0.0
2022-01-20 13:08:26.007707,40.48269,40.28575,0.0
2022-01-20 13:08:26.502950,39.55441,40.75,0.0
2022-01-20 13:08:27.002772,39.76111,40.235,0.0
2022-01-20 13:08:27.508615,39.55441,39.71875,0.0
2022-01-20 13:08:28.006307,39.55441,40.131,0.0
2022-01-20 13:08:28.502835,38.83283,40.235,0.0
2022-01-20 13:08:29.001766,39.65714,40.33775,0.0
2022-01-20 13:08:29.509991,40.48269,39.66675,0.0
2022-01-20 13:08:30.007869,40.32797,40.131,0.0
2022-01-20 13:08:30.502865,39.91582,40.235,0.0
2022-01-20 13:08:31.010997,39.6064,39.46125,0.0
2022-01-20 13:08:31.506915,39.81185,40.131,0.0
2022-01-20 13:08:32.001429,40.4307,40.802,0.0
2022-01-20 13:08:32.507868,40.27599,40.235,0.0
2022-01-20 13:08:33.002738,39.76111,39.35725,0.0
2022-01-20 13:08:33.503115,40.17326,40.64725,0.0
2022-01-20 13:08:34.010292,39.6064,40.802,0.0
2022-01-20 13:08:34.503746,40.68938,39.8735,0.0
2022-01-20 13:08:35.005998,40.17326,38.79025,0.0
2022-01-20 13:08:35.507955,40.32797,40.95675,0.0
2022-01-20 13:08:36.009138,40.12128,40.4405,0.0
2022-01-20 13:08:36.507321,39.193,39.564,0.0
2022-01-20 13:08:37.001092,39.34772,39.2025,0.0
2022-01-20 13:08:37.506463,39.91582,40.69925,0.0
2022-01-20 13:08:38.003313,39.65714,40.38975,0.0
2022-01-20 13:08:38.508730,39.6064,39.2025,0.0
2022-01-20 13:08:39.010887,40.58542,40.08025,0.0
2022-01-20 13:08:39.509403,40.32797,40.802,0.0
2022-01-20 13:08:40.004649,39.86384,39.97625,0.0
2022-01-20 13:08:40.510328,39.70912,39.09975,0.0
2022-01-20 13:08:41.003591,40.53467,40.235,0.0
2022-01-20 13:08:41.509746,40.12128,40.33775,0.0
2022-01-20 13:08:42.002007,40.22525,39.8735,0.0
2022-01-20 13:08:42.503523,40.01855,40.131,0.0
2022-01-20 13:08:43.002931,40.58542,41.369,0.0
2022-01-20 13:08:43.510519,39.70912,40.28575,0.0
2022-01-20 13:08:44.005278,39.6064,38.945,0.0
2022-01-20 13:08:44.502121,40.32797,39.09975,0.0
2022-01-20 13:08:45.010359,39.81185,39.3065,0.0
2022-01-20 13:08:46.508206,40.17326,40.33775,0.0
2022-01-20 13:08:47.007354,39.91582,40.33775,0.0
2022-01-20 13:08:47.502445,39.81185,39.71875,0.0
2022-01-20 13:08:48.002259,39.3997,39.35725,0.0
2022-01-20 13:08:48.509525,39.193,40.28575,0.0
2022-01-20 13:08:49.002825,40.48269,40.28575,0.0
2022-01-20 13:08:50.504711,39.91582,40.5445,0.0
2022-01-20 13:08:51.004387,39.70912,39.97625,0.0
2022-01-20 13:08:51.502866,39.65714,39.616,0.0
2022-01-20 13:08:52.002836,40.53467,40.183,0.0
2022-01-20 13:08:52.503415,39.91582,40.38975,0.0
2022-01-20 13:08:53.006301,40.12128,39.46125,0.0
2022-01-20 13:08:53.501763,39.29697,39.616,0.0
2022-01-20 13:08:54.003675,40.07053,40.235,0.0
2022-01-20 13:08:54.508619,39.45168,40.75,0.0
2022-01-20 13:08:55.008533,39.91582,39.8735,0.0
2022-01-20 13:08:55.503916,40.53467,39.8735,0.0
2022-01-20 13:08:56.003052,40.58542,41.1635,0.0
2022-01-20 13:08:56.507009,39.91582,40.28575,0.0
2022-01-20 13:08:57.008110,39.50243,39.15175,0.0
2022-01-20 13:08:57.501268,39.34772,39.46125,0.0
2022-01-20 13:08:58.010226,38.88358,40.854,0.0
2022-01-20 13:08:58.504538,40.12128,39.66675,0.0
2022-01-20 13:08:59.002298,40.68938,38.893,0.0
2022-01-20 13:08:59.505007,40.68938,41.0595,0.0
2022-01-20 13:09:00.002376,40.79211,40.95675,0.0
2022-01-20 13:09:00.505382,39.86384,40.183,0.0
2022-01-20 13:09:01.003660,39.14226,38.893,0.0
2022-01-20 13:09:01.510358,40.37996,40.64725,0.0
2022-01-20 13:09:02.008698,40.07053,40.38975,0.0
2022-01-20 13:09:02.502388,39.96657,39.564,0.0
2022-01-20 13:09:03.009463,39.65714,39.40925,0.0
2022-01-20 13:09:03.503147,39.86384,40.802,0.0
2022-01-20 13:09:04.001245,40.01855,40.33775,0.0
2022-01-20 13:09:04.505520,39.55441,40.02825,0.0
2022-01-20 13:09:05.004408,40.4307,40.75,0.0
2022-01-20 13:09:05.510414,39.45168,40.131,0.0
2022-01-20 13:09:06.008029,40.07053,39.8215,0.0
2022-01-20 13:09:06.507777,39.81185,39.97625,0.0
2022-01-20 13:09:07.002480,39.91582,40.4925,0.0
2022-01-20 13:09:07.505274,40.4307,40.02825,0.0
2022-01-20 13:09:08.003382,40.53467,39.15175,0.0
2022-01-20 13:09:08.507461,39.81185,40.33775,0.0
2022-01-20 13:09:09.005511,40.4307,40.4925,0.0
2022-01-20 13:09:09.508695,40.01855,40.28575,0.0
2022-01-20 13:09:10.006321,39.45168,39.3065,0.0
2022-01-20 13:09:10.509260,39.91582,40.02825,0.0
2022-01-20 13:09:11.003306,39.86384,40.75,0.0
2022-01-20 13:09:11.507971,39.34772,39.8735,0.0
2022-01-20 13:09:12.008678,39.6064,39.77075,0.0
2022-01-20 13:09:12.504568,40.94682,40.183,0.0
2022-01-20 13:09:13.003006,40.27599,40.33775,0.0
2022-01-20 13:09:13.508488,40.27599,39.97625,0.0
2022-01-20 13:09:14.006342,39.24499,39.66675,0.0
2022-01-20 13:09:14.501191,39.76111,40.64725,0.0
2022-01-20 13:09:15.010306,39.96657,39.8735,0.0
2022-01-20 13:09:15.510976,39.86384,39.09975,0.0
2022-01-20 13:09:16.009499,40.53467,39.97625,0.0
2022-01-20 13:09:16.506063,40.12128,40.5445,0.0
2022-01-20 13:09:17.004513,39.6064,39.512,0.0
2022-01-20 13:09:17.511107,39.96657,39.564,0.0
2022-01-20 13:09:18.008518,40.8441,40.64725,0.0
2022-01-20 13:09:18.503484,40.4307,40.02825,0.0
2022-01-20 13:09:19.005126,40.4307,39.66675,0.0
2022-01-20 13:09:19.509891,39.45168,40.183,0.0
2022-01-20 13:09:20.007486,39.76111,40.28575,0.0
2022-01-20 13:09:20.505463,39.193,39.9255,0.0
2022-01-20 13:09:21.002160,39.65714,39.66675,0.0
2022-01-20 13:09:21.507192,40.68938,40.59525,0.0
2022-01-20 13:09:22.005971,40.58542,40.183,0.0
2022-01-20 13:09:22.502529,40.07053,40.02825,0.0
2022-01-20 13:09:23.010525,40.27599,39.9255,0.0
2022-01-20 13:09:23.504619,39.45168,40.28575,0.0
2022-01-20 13:09:24.001825,40.17326,40.235,0.0
2022-01-20 13:09:24.506902,39.70912,39.8735,0.0
2022-01-20 13:09:25.006849,40.17326,39.71875,0.0
2022-01-20 13:09:25.501444,40.22525,40.59525,0.0
2022-01-20 13:09:26.009018,39.65714,40.28575,0.0
2022-01-20 13:09:26.504907,40.37996,39.40925,0.0
2022-01-20 13:09:27.002791,39.65714,39.9255,0.0
2022-01-20 13:09:27.507141,40.99881,40.802,0.0
2022-01-20 13:09:28.005030,40.4307,40.183,0.0
2022-01-20 13:09:28.509675,40.01855,39.3065,0.0
2022-01-20 13:09:29.009173,39.81185,40.131,0.0
2022-01-20 13:09:29.506182,40.01855,41.00875,0.0
2022-01-20 13:09:30.004131,39.70912,40.08025,0.0
2022-01-20 13:09:30.510832,39.03829,39.15175,0.0
2022-01-20 13:09:31.009786,39.96657,41.26625,0.0
2022-01-20 13:09:31.506877,39.45168,40.183,0.0
2022-01-20 13:09:32.009211,40.37996,39.71875,0.0
2022-01-20 13:09:32.505031,40.01855,38.893,0.0
2022-01-20 13:09:33.002903,40.53467,40.802,0.0
2022-01-20 13:09:33.510090,40.4307,40.28575,0.0
2022-01-20 13:09:34.008348,39.86384,39.15175,0.0
2022-01-20 13:09:34.505062,39.91582,40.802,0.0
2022-01-20 13:09:35.004683,39.96657,40.75,0.0
2022-01-20 13:09:35.510552,40.32797,40.131,0.0
2022-01-20 13:09:36.007235,40.07053,39.46125,0.0
2022-01-20 13:09:36.501904,40.01855,40.59525,0.0
2022-01-20 13:09:37.007008,39.29697,40.90475,0.0
2022-01-20 13:09:37.501718,39.09027,39.71875,0.0
2022-01-20 13:09:38.010789,40.07053,39.46125,0.0
2022-01-20 13:09:38.506948,40.74013,40.854,0.0
2022-01-20 13:09:39.008430,40.12128,40.4405,0.0
2022-01-20 13:09:39.505151,39.76111,39.616,0.0
2022-01-20 13:09:40.003662,39.81185,39.8215,0.0
2022-01-20 13:09:40.509239,39.70912,40.64725,0.0
2022-01-20 13:09:41.005610,39.81185,40.5445,0.0
2022-01-20 13:09:41.503705,39.6064,39.40925,0.0
2022-01-20 13:09:42.004578,40.32797,40.131,0.0
2022-01-20 13:09:42.502029,40.32797,40.5445,0.0
2022-01-20 13:09:43.009755,39.81185,39.9255,0.0
2022-01-20 13:09:43.504263,40.32797,39.66675,0.0
2022-01-20 13:09:44.003333,39.91582,40.854,0.0
2022-01-20 13:09:44.508346,40.32797,40.4405,0.0
2022-01-20 13:09:45.005211,40.22525,39.46125,0.0
2022-01-20 13:09:45.501037,39.6064,39.2545,0.0
2022-01-20 13:09:46.007764,40.27599,41.1635,0.0
2022-01-20 13:09:46.503005,39.6064,40.02825,0.0
2022-01-20 13:09:47.003990,39.55441,38.84225,0.0
2022-01-20 13:09:47.510036,39.65714,41.21425,0.0
2022-01-20 13:09:48.008555,39.86384,41.21425,0.0
2022-01-20 13:09:48.504085,39.96657,39.71875,0.0
2022-01-20 13:09:49.001757,40.01855,38.893,0.0
2022-01-20 13:09:49.501247,39.91582,40.4405,0.0
2022-01-20 13:09:50.008741,39.76111,40.59525,0.0
2022-01-20 13:09:50.503510,39.76111,40.02825,0.0
2022-01-20 13:09:51.002803,39.55441,40.08025,0.0
2022-01-20 13:09:51.509799,40.8441,40.802,0.0
2022-01-20 13:09:52.007692,40.01855,40.4405,0.0
2022-01-20 13:09:52.503143,39.86384,39.2545,0.0
2022-01-20 13:09:53.002759,39.86384,40.33775,0.0
2022-01-20 13:09:53.509135,40.32797,40.59525,0.0
2022-01-20 13:09:54.006591,39.96657,39.46125,0.0
2022-01-20 13:09:54.502423,39.6064,39.564,0.0
2022-01-20 13:09:55.003132,39.96657,41.0595,0.0
2022-01-20 13:09:55.505102,40.22525,40.64725,0.0
2022-01-20 13:09:56.004189,39.65714,39.71875,0.0
2022-01-20 13:09:56.508512,39.29697,39.46125,0.0
2022-01-20 13:09:57.004735,40.17326,40.4405,0.0
2022-01-20 13:09:57.504404,39.3997,40.131,0.0
2022-01-20 13:09:58.001875,39.50243,39.512,0.0
2022-01-20 13:09:58.507445,40.01855,39.71875,0.0
2022-01-20 13:09:59.005706,40.17326,40.4925,0.0
2022-01-20 13:09:59.510133,40.32797,40.131,0.0
2022-01-20 13:10:00.009752,40.22525,39.66675,0.0
2022-01-20 13:10:00.506901,39.50243,40.90475,0.0
2022-01-20 13:10:01.005459,40.68938,40.854,0.0
2022-01-20 13:10:02.006210,39.76111,38.6875,0.0
2022-01-20 13:10:02.502017,40.48269,40.854,0.0
2022-01-20 13:10:03.009946,40.01855,40.131,0.0
2022-01-20 13:10:03.506282,39.14226,39.564,0.0
2022-01-20 13:10:04.004635,39.03829,38.997,0.0
2022-01-20 13:10:04.501762,39.91582,41.00875,0.0
2022-01-20 13:10:05.010190,40.37996,41.00875,0.0
2022-01-20 13:10:05.506524,40.01855,39.46125,0.0
2022-01-20 13:10:06.003991,40.12128,38.997,0.0
2022-01-20 13:10:06.501182,39.65714,40.33775,0.0
2022-01-20 13:10:07.009814,39.24499,40.28575,0.0
2022-01-20 13:10:07.505248,40.01855,39.35725,0.0
2022-01-20 13:10:08.001726,40.48269,40.4405,0.0
2022-01-20 13:10:08.508221,39.91582,40.183,0.0
2022-01-20 13:10:09.006809,39.96657,39.8735,0.0
2022-01-20 13:10:09.503219,39.55441,40.90475,0.0
2022-01-20 13:10:10.001693,40.01855,40.4405,0.0
2022-01-20 13:10:10.507430,39.86384,39.8735,0.0
2022-01-20 13:10:11.002383,40.27599,39.15175,0.0
2022-01-20 13:10:11.507818,39.6064,39.9255,0.0
2022-01-20 13:10:12.007326,39.96657,40.69925,0.0
2022-01-20 13:10:12.503385,39.03829,39.9255,0.0
2022-01-20 13:10:13.001743,39.50243,39.616,0.0
2022-01-20 13:10:13.508748,40.74013,41.0595,0.0
2022-01-20 13:10:14.006739,40.6374,40.5445,0.0
2022-01-20 13:10:14.502866,40.27599,40.131,0.0
2022-01-20 13:10:15.010430,39.6064,39.40925,0.0
2022-01-20 13:10:15.506250,39.24499,40.59525,0.0
2022-01-20 13:10:16.004773,40.07053,40.4405,0.0
2022-01-20 13:10:16.509734,39.55441,39.512,0.0
2022-01-20 13:10:17.008137,39.91582,39.564,0.0
2022-01-20 13:10:17.502756,40.94682,40.90475,0.0
2022-01-20 13:10:18.001700,40.22525,40.183,0.0
2022-01-20 13:10:18.506646,40.32797,39.35725,0.0
2022-01-20 13:10:19.004932,39.70912,40.95675,0.0
2022-01-20 13:10:19.511160,40.32797,41.21425,0.0
2022-01-20 13:10:20.010450,40.12128,40.4925,0.0
2022-01-20 13:10:20.506662,39.55441,38.84225,0.0
2022-01-20 13:10:21.004803,39.14226,40.4925,0.0
2022-01-20 13:10:21.510626,39.6064,40.4925,0.0
2022-01-20 13:10:22.008709,39.86384,39.8215,0.0
2022-01-20 13:10:22.505078,39.70912,39.46125,0.0
2022-01-20 13:10:23.006040,40.74013,40.75,0.0
2022-01-20 13:10:23.510585,39.91582,40.28575,0.0
2022-01-20 13:10:24.008377,39.55441,39.77075,0.0
2022-01-20 13:10:24.503203,39.03829,39.9255,0.0
2022-01-20 13:10:25.008478,40.27599,40.4405,0.0
2022-01-20 13:10:25.504249,40.12128,39.8215,0.0
2022-01-20 13:10:26.002712,40.37996,39.77075,0.0
2022-01-20 13:10:26.503158,40.4307,41.00875,0.0
2022-01-20 13:10:27.001537,40.22525,40.08025,0.0
2022-01-20 13:10:27.508115,39.81185,39.46125,0.0
2022-01-20 13:10:28.007032,40.53467,40.33775,0.0
2022-01-20 13:10:28.501879,40.4307,40.59525,0.0
2022-01-20 13:10:29.010168,40.32797,39.97625,0.0
2022-01-20 13:10:29.505277,39.24499,39.77075,0.0
2022-01-20 13:10:30.002825,38.88358,40.28575,0.0
2022-01-20 13:10:30.510115,39.81185,40.33775,0.0
2022-01-20 13:10:31.007259,40.37996,40.02825,0.0
2022-01-20 13:10:31.503982,40.22525,39.77075,0.0
2022-01-20 13:10:32.001195,40.27599,40.4925,0.0
2022-01-20 13:10:32.506200,39.76111,40.4925,0.0
2022-01-20 13:10:33.005137,39.03829,40.02825,0.0
2022-01-20 13:10:33.511122,40.22525,39.71875,0.0
2022-01-20 13:10:34.009442,39.91582,40.75,0.0
2022-01-20 13:10:34.506340,40.01855,40.02825,0.0
2022-01-20 13:10:35.003241,40.12128,39.616,0.0
2022-01-20 13:10:35.507432,40.07053,40.38975,0.0
2022-01-20 13:10:36.005760,40.12128,40.69925,0.0
2022-01-20 13:10:36.503207,39.65714,40.08025,0.0
2022-01-20 13:10:37.001188,40.53467,39.77075,0.0
2022-01-20 13:10:37.507149,39.65714,40.69925,0.0
2022-01-20 13:10:38.006166,40.32797,40.4405,0.0
2022-01-20 13:10:38.510835,39.91582,39.71875,0.0
2022-01-20 13:10:39.009159,39.91582,39.97625,0.0
2022-01-20 13:10:39.503937,39.45168,41.21425,0.0
2022-01-20 13:10:40.003517,39.29697,40.4405,0.0
2022-01-20 13:10:40.509807,39.193,39.46125,0.0
2022-01-20 13:10:41.007845,39.45168,39.09975,0.0
2022-01-20 13:10:41.504452,40.4307,41.1635,0.0
2022-01-20 13:10:42.002570,39.70912,40.5445,0.0
2022-01-20 13:10:42.509478,39.86384,39.512,0.0
2022-01-20 13:10:43.002485,39.3997,40.08025,0.0
2022-01-20 13:10:43.506656,40.6374,40.4925,0.0
2022-01-20 13:10:44.004496,40.01855,39.8215,0.0
2022-01-20 13:10:44.509744,40.22525,39.616,0.0
2022-01-20 13:10:45.006305,40.07053,40.75,0.0
2022-01-20 13:10:45.504677,40.53467,39.9255,0.0
2022-01-20 13:10:46.004359,39.96657,39.66675,0.0
2022-01-20 13:10:46.509001,39.50243,39.8735,0.0
2022-01-20 13:10:47.008180,38.93556,40.90475,0.0
2022-01-20 13:10:47.505282,40.12128,40.69925,0.0
2022-01-20 13:10:48.003322,40.27599,39.77075,0.0
2022-01-20 13:10:48.509488,39.81185,39.9255,0.0
2022-01-20 13:10:49.008169,40.07053,40.90475,0.0
2022-01-20 13:10:49.502825,39.86384,39.97625,0.0
2022-01-20 13:10:50.010606,39.14226,38.79025,0.0
2022-01-20 13:10:50.508124,39.193,40.69925,0.0
2022-01-20 13:10:51.006566,40.48269,40.75,0.0
2022-01-20 13:10:51.504702,40.58542,39.8215,0.0
2022-01-20 13:10:52.001811,40.48269,39.616,0.0
2022-01-20 13:10:52.507935,39.76111,40.5445,0.0
2022-01-20 13:10:53.005139,39.70912,40.95675,0.0
2022-01-20 13:10:53.510020,39.34772,39.616,0.0
2022-01-20 13:10:54.009663,40.58542,38.84225,0.0
2022-01-20 13:10:54.505375,40.37996,40.59525,0.0
2022-01-20 13:10:55.004986,39.50243,40.28575,0.0
2022-01-20 13:10:55.510528,39.96657,39.564,0.0
2022-01-20 13:10:56.004435,39.14226,40.38975,0.0
2022-01-20 13:10:56.510458,39.70912,40.75,0.0
2022-01-20 13:10:57.011230,38.83283,40.33775,0.0
2022-01-20 13:10:57.507229,39.03829,39.40925,0.0
2022-01-20 13:10:58.005394,40.22525,40.64725,0.0
2022-01-20 13:10:58.510123,39.91582,40.28575,0.0
2022-01-20 13:10:59.008252,39.81185,39.8215,0.0
2022-01-20 13:10:59.505103,39.91582,39.2025,0.0
2022-01-20 13:11:00.002430,40.17326,40.69925,0.0
2022-01-20 13:11:00.508157,39.86384,40.5445,0.0
2022-01-20 13:11:01.005641,39.81185,40.02825,0.0
2022-01-20 13:11:01.502303,40.4307,40.08025,0.0
2022-01-20 13:11:02.010638,40.27599,40.235,0.0
2022-01-20 13:11:02.506145,39.55441,40.183,0.0
2022-01-20 13:11:03.004104,40.12128,39.77075,0.0
2022-01-20 13:11:03.510735,39.45168,40.08025,0.0
2022-01-20 13:11:04.009100,40.37996,40.131,0.0
2022-01-20 13:11:04.504358,39.70912,39.71875,0.0
2022-01-20 13:11:05.003004,39.29697,40.183,0.0
2022-01-20 13:11:05.508640,40.12128,41.1115,0.0
2022-01-20 13:11:06.006896,39.65714,40.183,0.0
2022-01-20 13:11:06.502378,39.76111,39.46125,0.0
2022-01-20 13:11:07.010571,39.6064,39.8215,0.0
2022-01-20 13:11:07.507595,39.29697,40.854,0.0
2022-01-20 13:11:08.005904,39.81185,40.235,0.0
2022-01-20 13:11:08.501018,39.96657,39.09975,0.0
2022-01-20 13:11:09.009824,39.6064,39.8735,0.0
2022-01-20 13:11:09.506407,40.58542,41.1115,0.0
2022-01-20 13:11:10.004313,40.48269,40.08025,0.0
2022-01-20 13:11:10.509146,39.96657,39.46125,0.0
2022-01-20 13:11:11.004897,39.50243,40.802,0.0
2022-01-20 13:11:11.509744,40.48269,40.802,0.0
2022-01-20 13:11:12.007595,39.76111,39.46125,0.0
2022-01-20 13:11:12.503769,39.65714,39.512,0.0
2022-01-20 13:11:13.011237,39.09027,40.4405,0.0
2022-01-20 13:11:13.507006,39.34772,40.131,0.0
2022-01-20 13:11:14.005387,40.4307,39.8215,0.0
2022-01-20 13:11:14.501796,40.4307,40.75,0.0
2022-01-20 13:11:15.010519,40.6374,40.4405,0.0
2022-01-20 13:11:15.505160,39.70912,39.66675,0.0
2022-01-20 13:11:16.003367,39.6064,38.997,0.0
2022-01-20 13:11:16.511007,38.88358,40.75,0.0
2022-01-20 13:11:17.010753,39.14226,40.235,0.0
2022-01-20 13:11:17.505520,39.76111,39.40925,0.0
2022-01-20 13:11:18.008907,39.86384,39.616,0.0
2022-01-20 13:11:18.503913,40.12128,40.64725,0.0
2022-01-20 13:11:19.001315,40.22525,40.235,0.0
2022-01-20 13:11:19.506872,39.86384,39.616,0.0
2022-01-20 13:11:20.006691,40.07053,40.38975,0.0
2022-01-20 13:11:20.502000,40.74013,40.235,0.0
2022-01-20 13:11:21.010905,40.4307,39.564,0.0
2022-01-20 13:11:21.502701,39.6064,39.9255,0.0
2022-01-20 13:11:22.001825,39.14226,40.4405,0.0
2022-01-20 13:11:22.503882,39.86384,40.28575,0.0
2022-01-20 13:11:23.002815,39.3997,39.616,0.0
2022-01-20 13:11:23.510312,39.81185,39.8735,0.0
2022-01-20 13:11:24.008357,40.48269,41.0595,0.0
2022-01-20 13:11:24.503347,40.79211,40.5445,0.0
2022-01-20 13:11:25.002719,39.96657,39.564,0.0
2022-01-20 13:11:25.501407,39.55441,39.77075,0.0
2022-01-20 13:11:26.010710,39.29697,40.59525,0.0
2022-01-20 13:11:26.508527,40.22525,40.183,0.0
2022-01-20 13:11:27.006754,40.22525,39.35725,0.0
2022-01-20 13:11:27.502122,39.76111,40.33775,0.0
2022-01-20 13:11:28.010928,40.6374,40.69925,0.0
2022-01-20 13:11:28.506858,40.22525,39.564,0.0
2022-01-20 13:11:29.005423,40.17326,39.8215,0.0
2022-01-20 13:11:29.501231,39.50243,40.69925,0.0
2022-01-20 13:11:30.011137,39.91582,39.8215,0.0
2022-01-20 13:11:30.510230,39.50243,39.3065,0.0
2022-01-20 13:11:31.008210,39.81185,40.4925,0.0
2022-01-20 13:11:31.504187,40.27599,40.4405,0.0
2022-01-20 13:11:32.001327,40.37996,40.38975,0.0
2022-01-20 13:11:32.506456,39.96657,39.616,0.0
2022-01-20 13:11:33.003609,39.65714,40.38975,0.0
2022-01-20 13:11:33.510503,39.29697,40.235,0.0
2022-01-20 13:11:34.008151,39.91582,40.02825,0.0
2022-01-20 13:11:34.504443,40.58542,39.8735,0.0
2022-01-20 13:11:35.002266,40.17326,40.59525,0.0
2022-01-20 13:11:35.507293,40.27599,40.08025,0.0
2022-01-20 13:11:36.004880,39.55441,39.8215,0.0
2022-01-20 13:11:36.510086,40.32797,39.9255,0.0
2022-01-20 13:11:37.007691,40.22525,40.02825,0.0
2022-01-20 13:11:37.502958,40.48269,40.235,0.0
2022-01-20 13:11:38.002192,40.07053,39.71875,0.0
2022-01-20 13:11:38.506470,39.76111,40.235,0.0
2022-01-20 13:11:39.005467,39.65714,40.5445,0.0
2022-01-20 13:11:39.501771,38.98755,39.77075,0.0
2022-01-20 13:11:40.010369,39.29697,39.77075,0.0
2022-01-20 13:11:40.505082,39.86384,40.69925,0.0
2022-01-20 13:11:41.009527,40.17326,40.08025,0.0
2022-01-20 13:11:41.504063,39.91582,39.512,0.0
2022-01-20 13:11:42.002207,39.70912,39.15175,0.0
2022-01-20 13:11:42.508013,39.03829,40.90475,0.0
2022-01-20 13:11:43.006283,40.07053,40.69925,0.0
2022-01-20 13:11:44.005154,40.01855,39.77075,0.0
2022-01-20 13:11:44.500972,40.12128,41.00875,0.0
2022-01-20 13:11:45.009464,39.86384,40.131,0.0
2022-01-20 13:11:45.505166,40.17326,39.15175,0.0
2022-01-20 13:11:46.003304,39.55441,40.5445,0.0
2022-01-20 13:11:46.508557,40.68938,40.4405,0.0
2022-01-20 13:11:47.007358,40.22525,39.8735,0.0
2022-01-20 13:11:47.503979,39.70912,39.512,0.0
2022-01-20 13:11:48.003428,39.3997,40.69925,0.0
2022-01-20 13:11:48.501842,40.07053,40.08025,0.0
2022-01-20 13:11:49.505179,39.91582,40.183,0.0
2022-01-20 13:11:50.002237,39.50243,40.33775,0.0
2022-01-20 13:11:50.507826,39.193,39.616,0.0
2022-01-20 13:11:51.006461,40.37996,39.616,0.0
2022-01-20 13:11:51.503410,40.58542,40.4405,0.0
2022-01-20 13:11:52.001461,40.17326,40.28575,0.0
2022-01-20 13:11:52.505829,40.22525,39.9255,0.0
2022-01-20 13:11:53.003424,39.81185,40.131,0.0
2022-01-20 13:11:53.509262,39.91582,40.38975,0.0
2022-01-20 13:11:54.007061,40.58542,40.131,0.0
2022-01-20 13:11:54.501011,39.65714,39.46125,0.0
2022-01-20 13:11:55.007344,39.86384,40.02825,0.0
2022-01-20 13:11:55.506190,39.55441,40.75,0.0
2022-01-20 13:11:56.004925,39.6064,39.8215,0.0
2022-01-20 13:11:56.509737,39.24499,39.46125,0.0
2022-01-20 13:11:57.003243,39.76111,40.75,0.0
2022-01-20 13:11:57.508620,40.48269,40.64725,0.0
2022-01-20 13:11:58.006649,40.74013,40.4405,0.0
2022-01-20 13:11:58.502791,39.55441,39.2025,0.0
2022-01-20 13:11:59.002394,39.91582,40.64725,0.0
2022-01-20 13:11:59.508845,39.45168,40.59525,0.0
2022-01-20 13:12:00.002711,38.78085,39.66675,0.0
2022-01-20 13:12:00.506403,40.12128,39.35725,0.0
2022-01-20 13:12:01.004606,40.4307,40.802,0.0
2022-01-20 13:12:01.510020,40.37996,40.4925,0.0
2022-01-20 13:12:02.009068,40.32797,39.2545,0.0
2022-01-20 13:12:02.510389,39.96657,40.131,0.0
2022-01-20 13:12:03.008019,39.45168,40.64725,0.0
2022-01-20 13:12:03.505338,40.53467,39.8735,0.0
2022-01-20 13:12:04.004198,40.22525,39.3065,0.0
2022-01-20 13:12:04.508757,39.50243,39.8215,0.0
2022-01-20 13:12:05.006802,39.96657,40.08025,0.0
2022-01-20 13:12:05.502182,39.29697,40.235,0.0
2022-01-20 13:12:06.010558,39.34772,40.131,0.0
2022-01-20 13:12:06.507226,39.34772,40.90475,0.0
2022-01-20 13:12:07.004578,39.91582,39.8735,0.0
2022-01-20 13:12:07.510441,39.86384,39.15175,0.0
2022-01-20 13:12:08.005322,39.91582,39.66675,0.0
2022-01-20 13:12:08.509980,39.193,40.4925,0.0
2022-01-20 13:12:09.011201,40.12128,40.08025,0.0
2022-01-20 13:12:09.508105,40.32797,39.2025,0.0
2022-01-20 13:12:10.005261,40.48269,40.4405,0.0
2022-01-20 13:12:10.510269,40.48269,40.64725,0.0
2022-01-20 13:12:11.002655,40.32797,39.9255,0.0
2022-01-20 13:12:11.509131,39.86384,39.2025,0.0
2022-01-20 13:12:12.009532,39.45168,40.90475,0.0
2022-01-20 13:12:12.503939,40.48269,40.854,0.0
2022-01-20 13:12:13.003762,40.01855,39.616,0.0
2022-01-20 13:12:13.509719,39.76111,39.15175,0.0
2022-01-20 13:12:14.008736,39.55441,40.64725,0.0
2022-01-20 13:12:14.503608,40.37996,40.38975,0.0
2022-01-20 13:12:15.004130,39.6064,39.616,0.0
2022-01-20 13:12:15.509293,39.81185,40.4405,-0.03864
2022-01-20 13:12:16.007191,39.29697,40.854,-0.03864
2022-01-20 13:12:16.504030,40.17326,39.9255,0.0
2022-01-20 13:12:17.004743,39.45168,39.3065,0.0
2022-01-20 13:12:17.510207,39.24499,40.235,0.0
2022-01-20 13:12:18.008723,40.07053,40.131,0.0
2022-01-20 13:12:18.505871,40.58542,39.71875,0.0
2022-01-20 13:12:19.002927,40.07053,39.66675,0.0
2022-01-20 13:12:19.509171,40.12128,41.31825,0.0
2022-01-20 13:12:20.007336,40.27599,40.69925,0.0
2022-01-20 13:12:20.503796,40.22525,39.46125,0.0
2022-01-20 13:12:21.002183,40.17326,38.84225,0.0
2022-01-20 13:12:21.507237,39.45168,40.08025,0.0
2022-01-20 13:12:22.006725,39.81185,40.5445,0.0
2022-01-20 13:12:22.504224,39.55441,39.35725,0.0
2022-01-20 13:12:23.002389,39.50243,40.28575,0.0
2022-01-20 13:12:23.508445,40.4307,40.5445,0.0
2022-01-20 13:12:24.007779,40.53467,39.8735,0.0
2022-01-20 13:12:24.503808,40.07053,40.131,0.0
2022-01-20 13:12:25.003176,39.86384,40.183,0.0
2022-01-20 13:12:25.507888,39.34772,39.66675,0.0
2022-01-20 13:12:26.006089,39.65714,39.512,0.0
2022-01-20 13:12:26.502466,39.09027,40.131,0.0
2022-01-20 13:12:27.004668,39.65714,40.28575,0.0
2022-01-20 13:12:27.503423,40.53467,40.02825,0.0
2022-01-20 13:12:28.002122,40.4307,39.77075,0.0
2022-01-20 13:12:28.508775,40.53467,40.38975,0.0
2022-01-20 13:12:29.006301,40.01855,40.64725,0.0
2022-01-20 13:12:29.502368,40.01855,39.8735,0.0
2022-01-20 13:12:30.009264,40.27599,39.564,0.0
2022-01-20 13:12:30.504568,39.91582,40.28575,0.0
2022-01-20 13:12:31.004062,39.86384,40.5445,0.0
2022-01-20 13:12:31.510408,39.70912,39.564,0.0
2022-01-20 13:12:32.008107,39.34772,39.71875,0.0
2022-01-20 13:12:32.504869,39.193,40.75,0.0
2022-01-20 13:12:33.002032,40.22525,40.183,0.0
2022-01-20 13:12:33.510463,39.86384,39.35725,0.0
2022-01-20 13:12:34.008533,40.22525,40.75,0.0
2022-01-20 13:12:34.504224,39.81185,41.369,0.0
2022-01-20 13:12:35.002464,40.01855,39.71875,0.0
2022-01-20 13:12:35.507713,40.01855,38.53275,0.0
2022-01-20 13:12:36.005193,40.17326,40.28575,0.0
2022-01-20 13:12:36.510494,40.17326,41.21425,0.0
2022-01-20 13:12:37.001344,39.96657,39.8215,0.0
2022-01-20 13:12:37.508514,40.07053,38.79025,0.0
2022-01-20 13:12:38.006818,39.81185,41.26625,0.0
2022-01-20 13:12:38.501229,40.48269,40.69925,0.0
2022-01-20 13:12:39.009112,39.55441,39.40925,0.0
2022-01-20 13:12:39.503400,38.98755,39.46125,0.0
2022-01-20 13:12:40.001267,38.98755,40.38975,0.0
2022-01-20 13:12:40.506949,40.01855,40.131,0.0
2022-01-20 13:12:41.005922,40.12128,39.512,0.0
2022-01-20 13:12:41.502375,39.91582,40.4925,0.0
2022-01-20 13:12:42.010081,39.91582,40.02825,0.0
2022-01-20 13:12:42.506412,40.01855,39.77075,0.0
2022-01-20 13:12:43.004678,39.29697,40.183,0.0
2022-01-20 13:12:43.509845,40.68938,40.5445,0.0
2022-01-20 13:12:44.008082,40.27599,39.8735,0.0
2022-01-20 13:12:44.503881,40.32797,39.40925,0.0
2022-01-20 13:12:45.003086,40.12128,40.28575,0.0
2022-01-20 13:12:45.506864,39.91582,40.854,0.0
2022-01-20 13:12:46.005826,40.12128,39.97625,0.0
2022-01-20 13:12:46.501719,40.22525,39.04775,0.0
2022-01-20 13:12:47.010861,40.4307,40.131,0.0
2022-01-20 13:12:47.505998,39.86384,40.854,0.0
2022-01-20 13:12:48.003611,39.96657,40.02825,0.0
2022-01-20 13:12:48.508196,39.81185,39.66675,0.0
2022-01-20 13:12:49.006498,39.14226,40.59525,0.0
2022-01-20 13:12:49.501812,39.3997,40.183,0.0
2022-01-20 13:12:50.006773,39.86384,39.77075,0.0
2022-01-20 13:12:50.501105,40.01855,39.512,0.0
2022-01-20 13:12:51.007327,40.07053,40.5445,0.0
2022-01-20 13:12:51.503215,39.6064,39.77075,0.0
2022-01-20 13:12:52.011297,39.96657,39.09975,0.0
2022-01-20 13:12:52.507066,39.76111,40.59525,0.0
2022-01-20 13:12:53.005271,40.17326,40.38975,0.0
2022-01-20 13:12:54.004918,40.07053,39.512,0.0
2022-01-20 13:12:54.504119,39.81185,40.5445,0.0
2022-01-20 13:12:55.001996,39.65714,39.97625,0.0
2022-01-20 13:12:55.509107,39.96657,39.66675,0.0
2022-01-20 13:12:56.007912,39.96657,39.8735,0.0
2022-01-20 13:12:56.502682,40.01855,40.38975,0.0
2022-01-20 13:12:57.010792,40.37996,40.28575,0.0
2022-01-20 13:12:57.506695,40.01855,39.9255,0.0
2022-01-20 13:12:58.005240,39.50243,40.64725,0.0
2022-01-20 13:12:59.005746,39.65714,39.71875,0.0
2022-01-20 13:12:59.502945,39.6064,39.15175,0.0
2022-01-20 13:13:00.002194,39.86384,40.5445,0.0
2022-01-20 13:13:00.508222,39.86384,40.28575,0.0
2022-01-20 13:13:01.006765,40.17326,39.616,0.0
2022-01-20 13:13:01.501418,40.32797,39.616,0.0
2022-01-20 13:13:02.008608,40.17326,41.26625,0.0
2022-01-20 13:13:02.505192,39.70912,40.69925,0.0
2022-01-20 13:13:03.003040,40.58542,39.8215,0.0
2022-01-20 13:13:03.509078,40.12128,39.66675,0.0
2022-01-20 13:13:04.007371,40.27599,40.802,0.0
2022-01-20 13:13:04.504318,40.17326,40.08025,0.0
2022-01-20 13:13:05.002733,39.24499,39.15175,0.0
2022-01-20 13:13:05.509389,38.93556,40.08025,0.0
2022-01-20 13:13:06.008033,38.62614,40.90475,0.0
2022-01-20 13:13:06.503632,40.53467,40.02825,0.0
2022-01-20 13:13:07.002672,40.4307,39.97625,0.0
2022-01-20 13:13:07.508880,40.32797,40.854,0.0
2022-01-20 13:13:08.008177,40.07053,40.64725,0.0
2022-01-20 13:13:08.504538,39.55441,39.40925,0.0
2022-01-20 13:13:09.002784,39.50243,39.09975,0.0
2022-01-20 13:13:09.504753,39.55441,40.4925,0.0
2022-01-20 13:13:10.005076,40.27599,40.183,0.0
2022-01-20 13:13:10.510290,40.07053,39.3065,0.0
2022-01-20 13:13:11.006513,39.55441,40.4925,0.0
2022-01-20 13:13:11.502558,39.45168,41.00875,0.0
2022-01-20 13:13:12.010418,40.74013,40.08025,0.0
2022-01-20 13:13:12.505402,40.27599,38.945,0.0
2022-01-20 13:13:13.005454,40.22525,40.38975,0.0
2022-01-20 13:13:13.510752,39.45168,40.33775,0.0
2022-01-20 13:13:14.007784,40.17326,39.71875,0.0
2022-01-20 13:13:14.501350,39.91582,39.512,0.0
2022-01-20 13:13:15.009850,39.65714,40.802,0.0
2022-01-20 13:13:15.506151,39.45168,40.33775,0.0
2022-01-20 13:13:16.004551,39.70912,39.9255,0.0
2022-01-20 13:13:17.005452,39.91582,40.235,0.0
2022-01-20 13:13:17.502534,40.07053,40.02825,0.0
2022-01-20 13:13:18.010386,39.81185,39.512,0.0
2022-01-20 13:13:18.506269,39.55441,40.33775,0.0
2022-01-20 13:13:19.004211,39.45168,40.38975,0.0
2022-01-20 13:13:19.510212,40.74013,39.71875,0.0
2022-01-20 13:13:20.009182,40.6374,39.97625,0.0
2022-01-20 13:13:20.504646,40.22525,41.1115,0.0
2022-01-20 13:13:21.003223,40.12128,40.38975,0.0
2022-01-20 13:13:21.502406,40.17326,39.35725,0.0
2022-01-20 13:13:22.010585,39.55441,39.77075,0.0
2022-01-20 13:13:22.506544,40.22525,40.854,0.0
2022-01-20 13:13:23.004350,39.70912,39.9255,0.0
2022-01-20 13:13:23.502059,40.37996,38.73825,0.0
2022-01-20 13:13:24.010392,39.45168,40.69925,0.0
2022-01-20 13:13:24.506880,39.09027,40.854,0.0
2022-01-20 13:13:25.006327,40.22525,40.4405,0.0
2022-01-20 13:13:25.502037,39.65714,39.3065,0.0
2022-01-20 13:13:26.010858,39.65714,41.00875,0.0
2022-01-20 13:13:26.505699,39.45168,40.38975,0.0
2022-01-20 13:13:27.003261,40.4307,39.66675,0.0
2022-01-20 13:13:27.503395,40.17326,39.04775,0.0
2022-01-20 13:13:28.003642,39.91582,40.95675,0.0
2022-01-20 13:13:28.508479,40.12128,40.235,0.0
2022-01-20 13:13:29.007086,40.37996,39.512,0.0
2022-01-20 13:13:29.501887,40.17326,40.235,0.0
2022-01-20 13:13:30.008854,40.48269,40.38975,0.0
2022-01-20 13:13:30.502836,40.12128,39.77075,0.0
2022-01-20 13:13:31.002289,40.01855,39.3065,0.0
2022-01-20 13:13:31.509072,39.50243,40.90475,0.0
2022-01-20 13:13:32.008264,38.72887,40.38975,0.0
2022-01-20 13:13:32.503679,40.12128,39.564,0.0
2022-01-20 13:13:33.002244,40.07053,39.2025,0.0
2022-01-20 13:13:33.507085,39.96657,40.33775,0.0
2022-01-20 13:13:34.005563,40.17326,40.5445,0.0
2022-01-20 13:13:34.510305,40.37996,39.2025,0.0
2022-01-20 13:13:35.009169,39.65714,39.8215,0.0
2022-01-20 13:13:35.504262,39.55441,40.28575,0.0
2022-01-20 13:13:36.002973,39.3997,40.08025,0.0
2022-01-20 13:13:37.005397,40.27599,40.131,0.0
2022-01-20 13:13:37.505342,39.55441,40.5445,0.0
2022-01-20 13:13:38.003684,40.37996,39.66675,0.0
2022-01-20 13:13:38.510436,40.17326,39.3065,0.0
2022-01-20 13:13:39.009779,40.4307,41.21425,0.0
2022-01-20 13:13:39.503583,39.70912,40.75,0.0
2022-01-20 13:13:40.001184,40.37996,39.564,0.0
2022-01-20 13:13:40.505972,39.96657,39.2025,0.0
2022-01-20 13:13:41.003659,39.65714,41.1115,0.0
2022-01-20 13:13:41.510314,39.50243,40.64725,0.0
2022-01-20 13:13:42.007951,39.09027,39.564,0.0
2022-01-20 13:13:42.504473,39.14226,39.66675,0.0
2022-01-20 13:13:43.003053,40.17326,40.4405,0.0
2022-01-20 13:13:43.508596,40.12128,40.33775,0.0
2022-01-20 13:13:44.006580,40.12128,39.66675,0.0
2022-01-20 13:13:44.511214,39.86384,40.5445,0.0
2022-01-20 13:13:45.007757,39.34772,40.08025,0.0
2022-01-20 13:13:45.506999,40.37996,39.40925,0.0
2022-01-20 13:13:46.004328,39.81185,40.59525,0.0
2022-01-20 13:13:46.509566,39.96657,40.235,0.0
2022-01-20 13:13:47.008642,40.37996,39.8735,0.0
2022-01-20 13:13:47.508074,40.4307,39.04775,0.0
2022-01-20 13:13:48.007497,40.12128,40.33775,0.0
2022-01-20 13:13:48.502479,39.29697,40.59525,0.0
2022-01-20 13:13:49.010568,39.70912,40.131,0.0
2022-01-20 13:13:49.507184,39.29697,39.46125,0.0
2022-01-20 13:13:50.006349,40.07053,40.69925,0.0
2022-01-20 13:13:50.510906,40.32797,40.5445,0.0
2022-01-20 13:13:51.010210,39.96657,39.77075,0.0
2022-01-20 13:13:51.505240,39.6064,39.71875,0.0
2022-01-20 13:13:52.003632,39.34772,40.69925,0.0
2022-01-20 13:13:52.508214,39.81185,40.235,0.0
2022-01-20 13:13:53.005788,40.53467,39.71875,0.0
2022-01-20 13:13:53.501995,40.22525,40.183,0.0
2022-01-20 13:13:54.010396,40.17326,40.90475,0.0
2022-01-20 13:13:54.505693,39.86384,40.28575,0.0
2022-01-20 13:13:55.007577,40.58542,39.2545,0.0
2022-01-20 13:13:55.502822,40.12128,40.75,0.0
2022-01-20 13:13:56.010684,40.22525,40.59525,0.0
2022-01-20 13:13:56.507222,40.22525,39.564,0.0
2022-01-20 13:13:57.005826,39.50243,38.893,0.0
2022-01-20 13:13:57.510875,39.6064,40.59525,0.0
2022-01-20 13:13:58.009249,39.6064,40.38975,0.0
2022-01-20 13:13:58.505556,39.86384,39.71875,0.0
2022-01-20 13:13:59.005089,40.17326,39.66675,0.0
2022-01-20 13:13:59.510195,40.4307,40.802,0.0
2022-01-20 13:14:00.007333,39.76111,40.235,0.0
2022-01-20 13:14:00.502519,40.53467,38.79025,0.0
2022-01-20 13:14:01.010469,39.70912,39.77075,0.0
2022-01-20 13:14:01.505636,39.55441,40.4405,0.0
2022-01-20 13:14:02.006682,39.50243,39.8215,0.0
2022-01-20 13:14:02.502051,39.45168,39.9255,0.0
2022-01-20 13:14:03.005544,40.48269,40.95675,0.0
2022-01-20 13:14:03.501132,40.22525,40.131,0.0
2022-01-20 13:14:04.010221,40.58542,39.9255,0.0
2022-01-20 13:14:04.507387,39.86384,39.616,0.0
2022-01-20 13:14:05.009007,39.70912,40.5445,0.0
2022-01-20 13:14:05.505462,39.86384,40.5445,0.0
2022-01-20 13:14:06.002766,40.01855,39.35725,0.0
2022-01-20 13:14:06.504104,39.91582,39.66675,0.0
2022-01-20 13:14:07.003391,39.91582,40.75,0.0
2022-01-20 13:14:07.506109,39.70912,40.28575,0.0
2022-01-20 13:14:08.004540,40.01855,39.512,0.0
2022-01-20 13:14:09.001634,39.193,40.4925,0.0
2022-01-20 13:14:09.505295,39.6064,39.8215,0.0
2022-01-20 13:14:10.004087,40.17326,39.616,0.0
2022-01-20 13:14:10.509817,39.65714,40.69925,0.0
2022-01-20 13:14:11.005095,40.07053,40.183,0.0
2022-01-20 13:14:11.501124,40.6374,39.35725,0.0
2022-01-20 13:14:12.001368,40.22525,40.95675,0.0
2022-01-20 13:14:12.506602,40.17326,40.95675,0.0
2022-01-20 13:14:13.005752,39.50243,40.4405,0.0
2022-01-20 13:14:13.510842,40.68938,39.04775,0.0
2022-01-20 13:14:14.009994,40.27599,40.235,0.0
2022-01-20 13:14:14.505162,39.45168,41.00875,0.0
2022-01-20 13:14:15.003819,39.76111,39.616,0.0
2022-01-20 13:14:15.505426,39.65714,39.2025,0.0
2022-01-20 13:14:16.003344,39.14226,40.69925,0.0
2022-01-20 13:14:16.507413,39.86384,40.64725,0.0
2022-01-20 13:14:17.004739,40.17326,39.512,0.0
2022-01-20 13:14:17.501746,40.17326,39.2025,0.0
2022-01-20 13:14:18.009551,39.76111,40.28575,0.0
2022-01-20 13:14:18.504248,39.193,40.59525,0.0
2022-01-20 13:14:19.001726,39.76111,39.46125,0.0
2022-01-20 13:14:19.508080,40.07053,40.28575,0.0
2022-01-20 13:14:20.007206,39.96657,40.4405,0.0
2022-01-20 13:14:20.503187,40.27599,39.97625,0.0
2022-01-20 13:14:21.011026,40.22525,39.8215,0.0
2022-01-20 13:14:21.505852,39.70912,40.5445,0.0
2022-01-20 13:14:22.003164,40.22525,40.02825,0.0
2022-01-20 13:14:22.508116,40.48269,39.512,0.0
2022-01-20 13:14:23.009271,39.81185,40.02825,0.0
2022-01-20 13:14:23.504497,39.70912,40.802,0.0
2022-01-20 13:14:24.002398,39.34772,40.02825,0.0
2022-01-20 13:14:24.501770,39.65714,39.8215,0.0
2022-01-20 13:14:25.009733,39.34772,40.5445,0.0
2022-01-20 13:14:25.504518,40.07053,40.59525,0.0
2022-01-20 13:14:26.002778,39.96657,40.131,0.0
2022-01-20 13:14:26.508548,40.27599,39.40925,0.0
2022-01-20 13:14:27.009725,39.6064,40.69925,0.0
2022-01-20 13:14:27.509001,39.45168,40.33775,0.0
2022-01-20 13:14:28.006770,39.86384,39.66675,0.0
2022-01-20 13:14:28.502511,40.27599,39.8215,0.0
2022-01-20 13:14:29.010829,39.91582,41.473,0.0
2022-01-20 13:14:29.507038,39.96657,40.854,0.0
2022-01-20 13:14:30.006476,40.17326,39.15175,0.0
2022-01-20 13:14:30.502196,40.07053,39.15175,0.0
2022-01-20 13:14:31.009060,40.17326,40.95675,0.0
2022-01-20 13:14:31.504789,39.50243,40.28575,0.0
2022-01-20 13:14:32.003305,40.6374,39.04775,0.0
2022-01-20 13:14:32.510103,40.07053,39.77075,0.0
2022-01-20 13:14:33.007138,39.14226,40.64725,0.0
2022-01-20 13:14:33.505904,39.70912,39.8215,0.0
2022-01-20 13:14:34.003299,39.50243,39.66675,0.0
2022-01-20 13:14:34.508959,39.6064,41.1115,0.0
2022-01-20 13:14:35.007149,39.09027,40.08025,0.0
2022-01-20 13:14:35.501870,40.22525,39.3065,0.0
2022-01-20 13:14:36.009782,40.07053,39.8735,0.0
2022-01-20 13:14:36.505991,40.22525,40.38975,0.0
2022-01-20 13:14:37.003891,39.76111,40.33775,0.0
2022-01-20 13:14:37.508532,40.27599,39.71875,0.0
2022-01-20 13:14:38.006245,39.65714,40.38975,0.0
2022-01-20 13:14:38.501253,40.12128,39.77075,0.0
2022-01-20 13:14:39.009556,39.55441,39.8215,0.0
2022-01-20 13:14:39.504124,40.68938,40.131,0.0
2022-01-20 13:14:40.002768,39.91582,40.235,0.0
2022-01-20 13:14:40.509085,39.81185,40.131,0.0
2022-01-20 13:14:41.006313,40.07053,39.564,0.0
2022-01-20 13:14:41.502773,39.81185,40.4405,0.0
2022-01-20 13:14:42.010709,38.88358,40.4925,0.0
2022-01-20 13:14:42.504630,39.65714,40.131,0.0
2022-01-20 13:14:43.004451,40.74013,39.8735,0.0
2022-01-20 13:14:43.510283,39.96657,39.97625,0.0
2022-01-20 13:14:44.009258,38.88358,40.59525,0.0
2022-01-20 13:14:44.505161,39.76111,39.564,0.0
2022-01-20 13:14:45.003734,40.74013,40.08025,0.0
2022-01-20 13:14:45.508344,39.55441,40.28575,0.0
2022-01-20 13:14:46.006084,39.03829,39.71875,0.0
2022-01-20 13:14:46.511042,40.68938,40.4405,0.0
2022-01-20 13:14:47.008315,40.17326,40.131,0.0
2022-01-20 13:14:47.503473,38.93556,40.131,0.0
2022-01-20 13:14:48.011241,39.45168,39.46125,0.0
2022-01-20 13:14:48.507213,40.79211,40.69925,0.0
2022-01-20 13:14:49.006507,39.86384,40.33775,0.0
2022-01-20 13:14:49.501487,38.93556,39.616,0.0
2022-01-20 13:14:50.009683,40.32797,40.08025,0.0
2022-01-20 13:14:50.505432,40.12128,40.4925,0.0
2022-01-20 13:14:51.003159,38.98755,40.02825,0.0
2022-01-20 13:14:51.509292,39.91582,39.71875,0.0
2022-01-20 13:14:52.007590,40.17326,40.4405,0.0
2022-01-20 13:14:52.501951,39.29697,39.616,0.0
2022-01-20 13:14:53.010818,39.09027,40.02825,0.0
2022-01-20 13:14:53.506979,40.89484,40.38975,0.0
2022-01-20 13:14:54.008236,39.81185,39.8215,0.0
2022-01-20 13:14:54.509862,39.09027,40.5445,0.0
2022-01-20 13:14:55.002926,40.32797,39.66675,0.0
2022-01-20 13:14:55.509062,40.17326,40.38975,0.0
2022-01-20 13:14:56.007393,39.55441,40.08025,0.0
2022-01-20 13:14:56.503775,39.193,39.66675,0.0
2022-01-20 13:14:57.003859,40.17326,40.4925,0.0
2022-01-20 13:14:57.509772,39.6064,39.564,0.0
2022-01-20 13:14:58.001905,39.81185,40.69925,0.0
2022-01-20 13:14:58.507377,39.91582,40.183,0.0
2022-01-20 13:14:59.006565,39.86384,39.8735,0.0
2022-01-20 13:14:59.511047,39.81185,40.33775,0.0
2022-01-20 13:15:00.010228,39.91582,39.71875,0.0
2022-01-20 13:15:00.505777,39.50243,40.28575,0.0
2022-01-20 13:15:01.003512,39.29697,39.66675,0.0
2022-01-20 13:15:01.508719,40.12128,40.235,0.0
2022-01-20 13:15:02.007608,39.86384,40.02825,0.0
2022-01-20 13:15:02.502152,38.98755,39.8215,0.0
2022-01-20 13:15:03.010978,40.37996,40.59525,0.0
2022-01-20 13:15:03.506416,39.91582,40.131,0.0
2022-01-20 13:15:04.007616,39.45168,40.08025,0.0
2022-01-20 13:15:04.501893,40.12128,39.8215,0.0
2022-01-20 13:15:05.505822,40.12128,39.9255,0.0
2022-01-20 13:15:06.004412,39.3997,39.8215,0.0
2022-01-20 13:15:06.510467,39.34772,39.97625,0.0
2022-01-20 13:15:07.009088,40.01855,40.38975,0.0
2022-01-20 13:15:07.505169,40.12128,40.38975,0.0
2022-01-20 13:15:08.002800,39.193,40.131,0.0
2022-01-20 13:15:08.507704,40.32797,40.02825,0.0
2022-01-20 13:15:09.007702,39.96657,40.02825,0.0
2022-01-20 13:15:09.501924,39.24499,39.8215,0.0
2022-01-20 13:15:10.002512,40.12128,39.9255,0.0
2022-01-20 13:15:10.508681,39.65714,40.235,0.0
2022-01-20 13:15:11.005031,39.34772,39.8215,0.0
2022-01-20 13:15:11.509012,39.50243,40.02825,0.0
2022-01-20 13:15:12.007244,40.37996,40.4925,0.0
2022-01-20 13:15:12.502744,39.70912,40.183,0.0
2022-01-20 13:15:13.002269,39.6064,40.02825,0.0
2022-01-20 13:15:13.507487,40.17326,39.8735,0.0
2022-01-20 13:15:14.006634,39.86384,39.97625,0.0
2022-01-20 13:15:14.505357,39.76111,39.97625,0.0
2022-01-20 13:15:15.007915,40.07053,40.02825,0.0
2022-01-20 13:15:15.503241,39.76111,40.235,0.0
2022-01-20 13:15:16.010418,39.45168,39.77075,0.0
2022-01-20 13:15:16.505517,39.91582,40.4925,0.0
2022-01-20 13:15:17.002648,40.22525,40.235,0.0
2022-01-20 13:15:17.508096,38.93556,40.33775,0.0
2022-01-20 13:15:18.005458,39.96657,39.40925,0.0
2022-01-20 13:15:18.501788,40.48269,40.28575,0.0
2022-01-20 13:15:19.505303,39.34772,39.3065,0.0
2022-01-20 13:15:20.003688,40.37996,40.64725,0.0
2022-01-20 13:15:20.509743,39.91582,39.8215,34.08645
2022-01-20 13:15:21.006553,38.83283,40.02825,34.08645
2022-01-20 13:15:21.502069,40.8441,40.131,81.21145
2022-01-20 13:15:22.010764,40.48269,40.38975,81.21145
2022-01-20 13:15:22.505760,39.34772,40.4405,88.2802
2022-01-20 13:15:23.003350,39.09027,39.09975,88.2802
2022-01-20 13:15:23.509032,40.27599,40.38975,84.78541
2022-01-20 13:15:24.009124,40.01855,40.28575,84.78541
2022-01-20 13:15:24.505629,38.88358,39.2545,-0.07822
2022-01-20 13:15:25.003095,40.32797,40.59525,-0.07822
2022-01-20 13:15:25.509936,40.07053,40.08025,0.0
2022-01-20 13:15:26.007845,39.24499,40.183,0.0
2022-01-20 13:15:26.509808,39.76111,39.66675,0.0
2022-01-20 13:15:27.007744,40.48269,40.4405,0.0
2022-01-20 13:15:27.502803,39.65714,39.8735,0.0
2022-01-20 13:15:28.010587,38.93556,39.512,0.0
2022-01-20 13:15:28.507154,40.37996,40.131,0.0
2022-01-20 13:15:29.006388,40.01855,39.9255,0.0
2022-01-20 13:15:29.502351,39.24499,40.08025,0.0
2022-01-20 13:15:30.010934,39.91582,39.77075,0.0
2022-01-20 13:15:30.505388,40.01855,40.4405,-0.03864
2022-01-20 13:15:31.005810,39.70912,40.183,-0.03864
2022-01-20 13:15:31.501969,40.01855,39.71875,0.0
2022-01-20 13:15:32.010084,39.81185,40.64725,0.0
2022-01-20 13:15:32.506514,39.81185,39.46125,0.0
2022-01-20 13:15:33.003703,39.50243,39.97625,0.0
2022-01-20 13:15:33.510533,39.96657,40.02825,0.0
2022-01-20 13:15:34.007831,39.45168,40.183,0.0
2022-01-20 13:15:34.502326,39.86384,39.71875,0.0
2022-01-20 13:15:35.010387,39.81185,40.235,0.0
2022-01-20 13:15:35.506329,40.07053,40.38975,0.0
2022-01-20 13:15:36.004392,39.45168,39.77075,0.0
2022-01-20 13:15:36.510795,39.70912,40.28575,0.0
2022-01-20 13:15:37.007994,40.6374,40.08025,0.0
2022-01-20 13:15:37.501244,39.45168,39.8735,0.0
2022-01-20 13:15:38.010867,39.24499,40.02825,0.0
2022-01-20 13:15:38.507018,40.27599,40.131,0.0
2022-01-20 13:15:39.005438,39.91582,40.183,0.0
2022-01-20 13:15:39.510740,39.24499,39.512,0.0
2022-01-20 13:15:40.008610,39.70912,40.4925,0.0
2022-01-20 13:15:40.504650,40.8441,40.4405,0.0
2022-01-20 13:15:41.001711,39.70912,39.77075,0.0
2022-01-20 13:15:41.505901,38.98755,40.4925,0.0
2022-01-20 13:15:42.003944,40.68938,39.8735,0.0
2022-01-20 13:15:42.510971,39.96657,40.4925,0.0
2022-01-20 13:15:43.008838,39.03829,39.564,0.0
2022-01-20 13:15:43.504536,39.81185,40.235,0.0
2022-01-20 13:15:44.002004,40.22525,40.02825,0.0
2022-01-20 13:15:44.507152,39.34772,39.8735,0.0
2022-01-20 13:15:45.004486,38.98755,40.59525,0.0
2022-01-20 13:15:45.501192,40.53467,39.9255,0.0
2022-01-20 13:15:46.009044,39.70912,40.131,0.0
2022-01-20 13:15:46.504976,39.50243,40.28575,0.0
2022-01-20 13:15:47.003739,40.12128,39.97625,0.0
2022-01-20 13:15:47.509423,40.12128,39.97625,0.0
2022-01-20 13:15:48.007292,39.70912,40.02825,0.0
2022-01-20 13:15:48.503086,39.76111,39.8735,0.0
2022-01-20 13:15:49.002382,39.76111,40.08025,0.0
2022-01-20 13:15:49.511164,39.45168,40.28575,0.0
2022-01-20 13:15:50.010286,40.12128,40.183,0.0
2022-01-20 13:15:50.506064,40.01855,40.33775,0.0
2022-01-20 13:15:51.005772,39.34772,39.97625,0.0
2022-01-20 13:15:51.511075,39.91582,40.38975,0.0
2022-01-20 13:15:52.009163,40.22525,39.77075,0.0
2022-01-20 13:15:52.504450,39.24499,39.71875,0.0
2022-01-20 13:15:53.001231,39.50243,39.616,0.0
2022-01-20 13:15:53.510735,40.17326,40.4925,0.0
2022-01-20 13:15:54.008446,39.29697,39.97625,0.0
2022-01-20 13:15:54.504654,39.3997,40.02825,0.0
2022-01-20 13:15:55.002357,40.4307,40.4925,0.0
2022-01-20 13:15:55.510631,40.01855,40.183,0.0
2022-01-20 13:15:56.000980,39.45168,40.08025,0.0
2022-01-20 13:15:56.507078,39.96657,39.66675,0.0
2022-01-20 13:15:57.006828,40.17326,40.08025,0.0
2022-01-20 13:15:57.501627,39.6064,39.71875,0.0
2022-01-20 13:15:58.010266,39.24499,39.512,0.0
2022-01-20 13:15:58.504053,39.50243,40.59525,0.0
2022-01-20 13:15:59.002801,40.4307,40.08025,0.0
2022-01-20 13:15:59.509429,39.65714,40.131,0.0
2022-01-20 13:16:00.008587,39.03829,40.183,0.0
2022-01-20 13:16:00.505219,40.8441,40.131,0.0
2022-01-20 13:16:01.003315,39.81185,40.38975,0.0
2022-01-20 13:16:01.509168,38.93556,39.2025,0.0
2022-01-20 13:16:02.008728,40.01855,40.38975,0.0
2022-01-20 13:16:02.505068,40.07053,39.77075,0.0
2022-01-20 13:16:03.004600,39.14226,39.66675,0.0
2022-01-20 13:16:03.501463,39.70912,40.59525,0.0
2022-01-20 13:16:04.006669,40.48269,40.08025,0.0
2022-01-20 13:16:04.503672,39.3997,40.38975,0.0
2022-01-20 13:16:05.002416,39.96657,39.564,0.0
2022-01-20 13:16:05.508135,40.17326,40.75,0.0
2022-01-20 13:16:06.006651,39.55441,39.66675,0.0
2022-01-20 13:16:06.501916,39.29697,39.564,0.0
2022-01-20 13:16:07.010764,40.22525,40.28575,0.0
2022-01-20 13:16:07.505532,39.81185,39.40925,0.0
2022-01-20 13:16:08.004544,39.193,40.4405,0.0
2022-01-20 13:16:08.505399,40.79211,40.4405,0.0
2022-01-20 13:16:09.003215,40.27599,40.28575,0.0
2022-01-20 13:16:09.508047,38.98755,39.8735,0.0
2022-01-20 13:16:10.006898,39.96657,39.9255,0.0
2022-01-20 13:16:10.501727,40.48269,40.59525,0.0
2022-01-20 13:16:11.006592,39.29697,39.46125,0.0
2022-01-20 13:16:11.511034,38.62614,39.512,0.0
2022-01-20 13:16:12.010579,40.53467,40.4405,0.0
2022-01-20 13:16:12.504333,39.91582,40.02825,0.0
2022-01-20 13:16:13.002150,38.83283,40.28575,0.0
2022-01-20 13:16:13.501829,40.6374,40.28575,0.0
2022-01-20 13:16:14.010597,40.37996,40.4405,0.0
2022-01-20 13:16:14.505868,39.70912,39.616,0.0
2022-01-20 13:16:15.004031,39.45168,40.235,0.0
2022-01-20 13:16:15.509900,39.86384,40.38975,0.0
2022-01-20 13:16:16.007622,40.12128,39.616,0.0
2022-01-20 13:16:16.501742,39.50243,39.8215,0.0
2022-01-20 13:16:17.010680,39.3997,40.33775,0.0
2022-01-20 13:16:17.503984,40.22525,40.28575,0.0
2022-01-20 13:16:18.004270,39.76111,39.8735,0.0
2022-01-20 13:16:18.501437,39.24499,40.4405,0.0
2022-01-20 13:16:19.009466,40.37996,39.77075,0.0
2022-01-20 13:16:19.503829,39.65714,40.235,0.0
2022-01-20 13:16:20.002081,39.14226,40.02825,0.0
2022-01-20 13:16:20.506331,40.12128,39.97625,0.0
2022-01-20 13:16:21.006810,39.86384,40.08025,0.0
2022-01-20 13:16:21.502612,39.55441,39.9255,0.0
2022-01-20 13:16:22.010294,39.70912,40.69925,0.0
2022-01-20 13:16:22.505921,40.4307,39.9255,0.0
2022-01-20 13:16:23.003107,39.91582,40.183,0.0
2022-01-20 13:16:23.509020,39.6064,39.97625,0.0
2022-01-20 13:16:24.007460,40.07053,40.02825,0.0
2022-01-20 13:16:24.501882,39.34772,40.08025,0.0
2022-01-20 13:16:25.010288,39.81185,40.38975,0.0
2022-01-20 13:16:25.505107,40.32797,39.9255,0.0
2022-01-20 13:16:26.003431,39.45168,39.8215,0.0
2022-01-20 13:16:26.507512,39.34772,40.38975,0.0
2022-01-20 13:16:27.007504,40.07053,40.38975,0.0
2022-01-20 13:16:27.503457,40.32797,39.8735,0.0
2022-01-20 13:16:28.001710,39.09027,40.08025,0.0
2022-01-20 13:16:28.508487,39.81185,40.28575,0.0
2022-01-20 13:16:29.007428,40.32797,39.77075,0.0
2022-01-20 13:16:29.501663,39.65714,40.08025,0.0
2022-01-20 13:16:30.009500,39.55441,39.97625,0.0
2022-01-20 13:16:30.504867,40.32797,39.9255,0.0
2022-01-20 13:16:31.002799,39.91582,39.9255,0.0
2022-01-20 13:16:31.509710,39.3997,40.131,0.0
2022-01-20 13:16:32.008601,39.50243,40.235,0.0
2022-01-20 13:16:32.506129,40.22525,40.08025,0.0
2022-01-20 13:16:33.003925,39.81185,39.616,0.0
2022-01-20 13:16:33.508361,38.93556,40.38975,0.0
2022-01-20 13:16:34.006881,40.58542,39.8215,0.0
2022-01-20 13:16:34.503694,39.86384,40.235,0.0
2022-01-20 13:16:35.010777,38.98755,39.8735,0.0
2022-01-20 13:16:35.506616,40.07053,39.8735,0.0
2022-01-20 13:16:36.004474,40.17326,40.28575,0.0
2022-01-20 13:16:36.509192,39.34772,39.616,0.0
2022-01-20 13:16:37.006370,39.91582,40.802,0.0
2022-01-20 13:16:37.510813,39.65714,39.3065,0.0
2022-01-20 13:16:38.007576,39.91582,40.33775,0.0
2022-01-20 13:16:38.504644,39.76111,40.38975,0.0
2022-01-20 13:16:39.003003,39.70912,39.8215,0.0
2022-01-20 13:16:39.510154,39.55441,40.235,0.0
2022-01-20 13:16:40.010905,39.81185,39.564,0.0
2022-01-20 13:16:40.508695,40.27599,40.4925,0.0
2022-01-20 13:16:41.006640,39.45168,39.71875,0.0
2022-01-20 13:16:42.005817,39.91582,40.33775,0.0
2022-01-20 13:16:42.501774,40.27599,39.71875,0.0
2022-01-20 13:16:43.010180,39.29697,40.4405,0.0
2022-01-20 13:16:43.505275,39.70912,40.02825,0.0
2022-01-20 13:16:44.003375,40.68938,40.4925,0.0
2022-01-20 13:16:44.510140,39.45168,39.564,0.0
2022-01-20 13:16:45.007305,39.03829,39.71875,0.0
2022-01-20 13:16:45.503424,40.07053,40.90475,0.0
2022-01-20 13:16:46.001753,39.96657,39.40925,0.0
2022-01-20 13:16:46.507372,38.98755,40.02825,0.0
2022-01-20 13:16:47.008371,40.4307,40.59525,0.0
2022-01-20 13:16:47.503381,40.22525,39.97625,0.0
2022-01-20 13:16:48.002414,39.3997,40.131,0.0
2022-01-20 13:16:48.507998,39.29697,40.131,0.0
2022-01-20 13:16:49.007027,40.68938,40.4925,0.0
2022-01-20 13:16:49.503904,39.86384,39.3065,0.0
2022-01-20 13:16:50.003488,39.14226,40.33775,0.0
2022-01-20 13:16:50.505308,39.3997,40.183,0.0
2022-01-20 13:16:51.003371,40.74013,39.97625,0.0
2022-01-20 13:16:51.510790,39.70912,40.131,0.0
2022-01-20 13:16:52.008068,39.03829,40.38975,0.0
2022-01-20 13:16:52.502770,40.4307,40.183,0.0
2022-01-20 13:16:53.505372,39.193,40.4925,0.0
2022-01-20 13:16:54.008551,39.81185,39.77075,0.0
2022-01-20 13:16:54.503957,40.17326,39.97625,0.0
2022-01-20 13:16:55.004839,39.09027,40.235,0.0
2022-01-20 13:16:55.501184,40.32797,40.28575,0.0
2022-01-20 13:16:56.010345,39.81185,40.02825,0.0
2022-01-20 13:16:56.505854,39.65714,40.183,0.0
2022-01-20 13:16:57.003300,40.07053,40.183,0.0
2022-01-20 13:16:57.508141,40.27599,39.9255,0.0
2022-01-20 13:16:58.007311,39.76111,39.71875,0.0
2022-01-20 13:16:58.502889,39.6064,40.4925,0.0
2022-01-20 13:16:59.010906,39.76111,39.8215,0.0
2022-01-20 13:16:59.506971,39.3997,39.9255,0.0
2022-01-20 13:17:00.005105,39.70912,40.28575,0.0
2022-01-20 13:17:00.509402,40.12128,40.4925,0.0
2022-01-20 13:17:01.008047,39.86384,39.66675,0.0
2022-01-20 13:17:01.507826,39.45168,40.08025,0.0
2022-01-20 13:17:02.005697,39.96657,40.38975,0.0
2022-01-20 13:17:02.501307,40.4307,39.616,0.0
2022-01-20 13:17:03.010810,39.65714,40.02825,0.0
2022-01-20 13:17:03.505787,38.83283,39.97625,0.0
2022-01-20 13:17:04.004204,40.37996,40.4405,0.0
2022-01-20 13:17:04.510001,40.01855,39.77075,0.0
2022-01-20 13:17:05.007975,39.24499,40.38975,0.0
2022-01-20 13:17:05.505620,39.91582,40.08025,0.0
2022-01-20 13:17:06.003330,40.4307,39.9255,0.0
2022-01-20 13:17:06.508784,39.91582,40.02825,0.0
2022-01-20 13:17:07.006373,39.14226,40.08025,0.0
2022-01-20 13:17:07.503415,40.58542,40.02825,0.0
2022-01-20 13:17:08.002136,39.86384,39.71875,0.0
2022-01-20 13:17:08.509194,39.50243,40.33775,0.0
2022-01-20 13:17:09.007392,39.193,40.28575,0.0
2022-01-20 13:17:09.502070,40.68938,40.131,0.0
2022-01-20 13:17:10.010732,39.81185,39.97625,0.0
2022-01-20 13:17:10.510070,39.14226,40.08025,0.0
2022-01-20 13:17:11.004424,40.22525,39.8735,0.0
2022-01-20 13:17:11.509176,39.65714,40.131,0.0
2022-01-20 13:17:12.008686,39.50243,40.08025,0.0
2022-01-20 13:17:12.503829,39.65714,39.46125,0.0
2022-01-20 13:17:13.002782,39.96657,40.69925,0.0
2022-01-20 13:17:13.508406,39.50243,40.183,0.0
2022-01-20 13:17:14.009685,40.07053,40.131,0.0
2022-01-20 13:17:14.509235,39.91582,40.02825,0.0
2022-01-20 13:17:15.007263,39.50243,40.02825,0.0
2022-01-20 13:17:15.510848,40.12128,40.28575,0.0
2022-01-20 13:17:16.009850,40.17326,39.71875,0.0
2022-01-20 13:17:16.502127,39.3997,40.28575,0.0
2022-01-20 13:17:17.009519,39.55441,40.33775,0.0
2022-01-20 13:17:17.505123,40.68938,39.71875,0.0
2022-01-20 13:17:18.005275,39.81185,40.75,0.0
2022-01-20 13:17:18.505396,38.62614,39.8735,0.0
2022-01-20 13:17:19.003698,40.79211,40.183,0.0
2022-01-20 13:17:19.502958,40.22525,39.35725,0.0
2022-01-20 13:17:20.002896,38.98755,40.33775,0.0
2022-01-20 13:17:20.510309,39.45168,40.38975,0.0
2022-01-20 13:17:21.007367,40.17326,39.35725,0.0
2022-01-20 13:17:21.503109,39.50243,40.28575,0.0
2022-01-20 13:17:22.001771,39.09027,40.235,0.0
2022-01-20 13:17:22.508166,40.74013,40.4405,0.0
2022-01-20 13:17:23.006995,39.70912,39.77075,0.0
2022-01-20 13:17:23.502769,39.3997,40.183,0.0
2022-01-20 13:17:24.001240,40.48269,39.8735,0.0
2022-01-20 13:17:24.505948,40.07053,39.71875,0.0
2022-01-20 13:17:25.004393,40.01855,40.235,0.0
2022-01-20 13:17:25.501329,39.50243,39.9255,0.0
2022-01-20 13:17:26.003586,39.24499,40.33775,0.0
2022-01-20 13:17:26.504920,39.65714,39.8215,0.0
2022-01-20 13:17:27.003907,39.76111,40.33775,0.0
2022-01-20 13:17:27.508480,39.65714,40.5445,0.0
2022-01-20 13:17:28.001469,39.86384,39.40925,0.0
2022-01-20 13:17:28.507335,39.96657,40.38975,0.0
2022-01-20 13:17:29.005910,39.86384,39.8735,0.0
2022-01-20 13:17:29.502346,39.86384,39.8215,0.0
2022-01-20 13:17:30.010295,39.45168,40.131,0.0
