時間,回転１,回転２,回転３
2022-01-16 09:00:00.006676,31.25192,31.1555,0.0
2022-01-16 09:00:00.504933,30.9425,30.5365,0.0
2022-01-16 09:00:01.002871,30.47836,30.48575,0.0
2022-01-16 09:00:01.509640,29.60083,31.00075,0.0
2022-01-16 09:00:02.007785,30.47836,30.95,0.0
2022-01-16 09:00:02.504239,31.40663,30.69125,0.0
2022-01-16 09:00:03.001241,30.83853,30.95,0.0
2022-01-16 09:00:03.503154,30.27166,31.10475,0.0
2022-01-16 09:00:04.001858,29.75554,30.898,0.0
2022-01-16 09:00:04.510059,30.99324,31.36225,0.0
2022-01-16 09:00:05.005544,31.25192,30.898,0.0
2022-01-16 09:00:05.501109,30.68382,30.227,0.0
2022-01-16 09:00:06.009928,30.32365,31.41425,0.0
2022-01-16 09:00:06.506235,29.85951,31.05275,0.0
2022-01-16 09:00:07.005223,30.63307,30.69125,0.0
2022-01-16 09:00:07.509674,30.7358,30.38175,0.0
2022-01-16 09:00:08.008245,30.63307,30.846,0.0
2022-01-16 09:00:08.504397,30.21968,31.465,0.0
2022-01-16 09:00:09.003137,30.37439,30.74325,0.0
2022-01-16 09:00:09.507881,30.99324,31.00075,0.0
2022-01-16 09:00:10.005824,30.63307,30.898,0.0
2022-01-16 09:00:10.502406,30.37439,30.95,0.0
2022-01-16 09:00:11.001631,30.11695,30.95,0.0
2022-01-16 09:00:11.506351,30.06497,30.74325,0.0
2022-01-16 09:00:12.004219,30.68382,30.898,0.0
2022-01-16 09:00:12.510834,30.63307,31.05275,0.0
2022-01-16 09:00:13.009056,30.5291,30.5365,0.0
2022-01-16 09:00:13.504688,30.32365,30.95,0.0
2022-01-16 09:00:14.002381,30.58109,31.00075,0.0
2022-01-16 09:00:14.507654,30.9425,30.6405,0.0
2022-01-16 09:00:15.005628,30.83853,31.05275,0.0
2022-01-16 09:00:15.510577,30.7358,31.1555,0.0
2022-01-16 09:00:16.008744,29.80752,30.69125,0.0
2022-01-16 09:00:16.503433,30.5291,31.1555,0.0
2022-01-16 09:00:17.002311,31.14795,31.31025,0.0
2022-01-16 09:00:17.506581,30.9425,30.5365,0.0
2022-01-16 09:00:18.010170,30.9425,30.5885,0.0
2022-01-16 09:00:18.509356,30.16893,31.465,0.0
2022-01-16 09:00:19.008893,29.65281,31.00075,0.0
2022-01-16 09:00:19.502926,30.47836,30.38175,0.0
2022-01-16 09:00:20.001334,31.50936,31.00075,0.0
2022-01-16 09:00:20.506033,30.5291,30.5365,0.0
2022-01-16 09:00:21.004714,30.01422,30.5885,0.0
2022-01-16 09:00:21.501277,30.32365,31.465,0.0
2022-01-16 09:00:22.001302,30.99324,30.95,0.0
2022-01-16 09:00:22.508021,30.9425,30.48575,0.0
2022-01-16 09:00:23.005731,30.11695,31.465,0.0
2022-01-16 09:00:23.510796,29.91025,31.10475,0.0
2022-01-16 09:00:24.007731,30.78778,30.43375,0.0
2022-01-16 09:00:24.503005,31.19994,30.5885,0.0
2022-01-16 09:00:25.001434,30.83853,30.79525,0.0
2022-01-16 09:00:25.506162,30.21968,30.846,0.0
2022-01-16 09:00:26.004269,30.11695,30.846,0.0
2022-01-16 09:00:26.508844,31.14795,30.6405,0.0
2022-01-16 09:00:27.005265,31.04522,30.43375,0.0
2022-01-16 09:00:27.510422,30.68382,31.2595,0.0
2022-01-16 09:00:28.010015,30.21968,30.95,0.0
2022-01-16 09:00:28.504431,29.65281,30.846,0.0
2022-01-16 09:00:29.003826,30.5291,31.05275,0.0
2022-01-16 09:00:29.509119,31.19994,30.898,0.0
2022-01-16 09:00:30.008864,30.99324,30.69125,0.0
2022-01-16 09:00:30.504610,30.01422,31.2595,0.0
2022-01-16 09:00:31.001650,30.63307,31.10475,0.0
2022-01-16 09:00:31.507485,31.40663,30.6405,0.0
2022-01-16 09:00:32.005854,30.99324,30.846,0.0
2022-01-16 09:00:32.509667,30.37439,31.00075,0.0
2022-01-16 09:00:33.007341,29.85951,30.48575,0.0
2022-01-16 09:00:33.503116,30.11695,30.95,0.0
2022-01-16 09:00:34.010615,30.83853,31.2595,0.0
2022-01-16 09:00:34.508564,30.99324,30.5885,0.0
2022-01-16 09:00:35.005618,30.27166,31.1555,0.0
2022-01-16 09:00:35.511113,29.7048,31.2595,0.0
2022-01-16 09:00:36.009780,30.01422,30.79525,0.0
2022-01-16 09:00:36.503016,31.35465,30.898,0.0
2022-01-16 09:00:37.010333,30.89051,31.2595,0.0
2022-01-16 09:00:37.504889,30.58109,30.79525,0.0
2022-01-16 09:00:38.001502,29.60083,30.43375,0.0
2022-01-16 09:00:38.508412,29.85951,30.95,0.0
2022-01-16 09:00:39.007429,31.30267,30.74325,0.0
2022-01-16 09:00:39.501814,31.45738,30.6405,0.0
2022-01-16 09:00:40.009255,30.37439,31.2075,0.0
2022-01-16 09:00:40.503785,29.96224,31.1555,0.0
2022-01-16 09:00:41.010652,29.34339,30.95,0.0
2022-01-16 09:00:41.506550,31.35465,30.846,0.0
2022-01-16 09:00:42.005110,31.04522,30.898,0.0
2022-01-16 09:00:42.501008,30.42637,31.10475,0.0
2022-01-16 09:00:43.007083,29.75554,31.2075,0.0
2022-01-16 09:00:43.501136,30.01422,30.898,0.0
2022-01-16 09:00:44.008051,31.04522,30.38175,0.0
2022-01-16 09:00:44.503018,30.78778,30.79525,0.0
2022-01-16 09:00:45.011004,30.16893,31.00075,0.0
2022-01-16 09:00:45.505701,29.80752,30.79525,0.0
2022-01-16 09:00:46.005062,30.5291,30.79525,0.0
2022-01-16 09:00:46.510319,30.83853,30.846,0.0
2022-01-16 09:00:47.008198,30.5291,31.2075,0.0
2022-01-16 09:00:47.504519,29.65281,31.2075,0.0
2022-01-16 09:00:48.004637,30.89051,30.846,0.0
2022-01-16 09:00:48.511155,31.04522,30.898,0.0
2022-01-16 09:00:49.008085,30.83853,30.69125,0.0
2022-01-16 09:00:49.502456,30.58109,31.31025,0.0
2022-01-16 09:00:50.010876,29.65281,30.898,0.0
2022-01-16 09:00:50.506603,30.7358,30.38175,0.0
2022-01-16 09:00:51.005579,31.09721,30.69125,0.0
2022-01-16 09:00:51.510801,30.9425,31.05275,0.0
2022-01-16 09:00:52.010506,30.11695,31.10475,0.0
2022-01-16 09:00:52.505643,30.06497,30.898,0.0
2022-01-16 09:00:53.003069,30.32365,30.898,0.0
2022-01-16 09:00:53.506806,30.58109,31.2075,0.0
2022-01-16 09:00:54.004384,30.99324,30.95,0.0
2022-01-16 09:00:54.501621,30.5291,30.898,0.0
2022-01-16 09:00:55.011045,30.11695,30.898,0.0
2022-01-16 09:00:55.507328,30.5291,30.5885,0.0
2022-01-16 09:00:56.007995,30.78778,31.2075,0.0
2022-01-16 09:00:56.504114,30.99324,30.79525,0.0
2022-01-16 09:00:57.001148,30.16893,30.48575,0.0
2022-01-16 09:00:57.506262,29.80752,31.10475,0.0
2022-01-16 09:00:58.003551,29.91025,30.95,0.0
2022-01-16 09:00:58.508927,31.09721,30.74325,0.0
2022-01-16 09:00:59.005868,30.89051,31.1555,0.0
2022-01-16 09:00:59.501438,30.27166,31.00075,0.0
2022-01-16 09:01:00.010509,29.7048,30.898,0.0
2022-01-16 09:01:00.507106,30.32365,31.2595,0.0
2022-01-16 09:01:01.004601,31.61209,30.74325,0.0
2022-01-16 09:01:01.509191,31.56135,30.331,0.0
2022-01-16 09:01:02.010412,30.7358,31.569,0.0
2022-01-16 09:01:02.504087,29.80752,31.2075,0.0
2022-01-16 09:01:03.002031,29.08595,30.227,0.0
2022-01-16 09:01:03.506250,30.27166,30.43375,0.0
2022-01-16 09:01:04.005571,30.78778,31.36225,0.0
2022-01-16 09:01:04.510145,30.47836,30.898,0.0
2022-01-16 09:01:05.009221,29.80752,30.79525,0.0
2022-01-16 09:01:05.504604,30.68382,30.95,0.0
2022-01-16 09:01:06.002185,31.35465,30.5885,0.0
2022-01-16 09:01:06.507454,30.58109,31.36225,0.0
2022-01-16 09:01:07.005723,29.96224,31.1555,0.0
2022-01-16 09:01:07.501205,30.5291,30.279,0.0
2022-01-16 09:01:08.504541,30.83853,31.31025,0.0
2022-01-16 09:01:09.003051,30.42637,30.898,0.0
2022-01-16 09:01:09.507278,29.85951,30.5885,0.0
2022-01-16 09:01:10.004437,30.89051,31.05275,0.0
2022-01-16 09:01:10.504498,30.9425,30.79525,0.0
2022-01-16 09:01:11.005360,31.09721,31.1555,0.0
2022-01-16 09:01:11.510750,30.32365,31.10475,0.0
2022-01-16 09:01:12.010451,29.4981,30.69125,0.0
2022-01-16 09:01:12.505499,31.09721,30.5365,0.0
2022-01-16 09:01:13.003330,30.99324,31.31025,0.0
2022-01-16 09:01:13.507738,30.78778,30.74325,0.0
2022-01-16 09:01:14.004342,30.06497,30.6405,0.0
2022-01-16 09:01:14.510978,29.75554,31.2595,0.0
2022-01-16 09:01:15.010115,30.47836,30.74325,0.0
2022-01-16 09:01:15.504998,30.5291,30.6405,0.0
2022-01-16 09:01:16.002697,30.78778,31.517,0.0
2022-01-16 09:01:16.508185,29.91025,31.00075,0.0
2022-01-16 09:01:17.005971,30.42637,30.48575,0.0
2022-01-16 09:01:17.509533,30.9425,31.2595,0.0
2022-01-16 09:01:18.007727,30.68382,30.43375,0.0
2022-01-16 09:01:18.502296,30.5291,30.6405,0.0
2022-01-16 09:01:19.002311,30.06497,31.31025,0.0
2022-01-16 09:01:19.507909,30.5291,30.74325,0.0
2022-01-16 09:01:20.006998,30.9425,30.48575,0.0
2022-01-16 09:01:20.501237,31.09721,31.1555,0.0
2022-01-16 09:01:21.010126,30.68382,30.95,0.0
2022-01-16 09:01:21.501549,29.75554,30.79525,0.0
2022-01-16 09:01:22.001371,30.47836,31.1555,0.0
2022-01-16 09:01:22.506439,31.71606,30.69125,0.0
2022-01-16 09:01:23.004712,31.30267,30.5365,0.0
2022-01-16 09:01:23.510162,30.63307,31.569,0.0
2022-01-16 09:01:24.007508,29.96224,30.898,0.0
2022-01-16 09:01:24.505229,29.39537,30.48575,0.0
2022-01-16 09:01:25.002761,31.30267,30.95,0.0
2022-01-16 09:01:25.506640,31.45738,31.36225,0.0
2022-01-16 09:01:26.005880,30.42637,30.69125,0.0
2022-01-16 09:01:26.502334,29.91025,30.79525,0.0
2022-01-16 09:01:27.010336,29.91025,31.05275,0.0
2022-01-16 09:01:27.505540,31.19994,30.48575,0.0
2022-01-16 09:01:28.003359,30.9425,31.31025,0.0
2022-01-16 09:01:28.508708,30.32365,31.2595,0.0
2022-01-16 09:01:29.008123,30.01422,30.5885,0.0
2022-01-16 09:01:29.508426,30.63307,30.43375,0.0
2022-01-16 09:01:30.007385,30.63307,31.2595,0.0
2022-01-16 09:01:30.502725,30.58109,31.10475,0.0
2022-01-16 09:01:31.001964,30.21968,30.5365,0.0
2022-01-16 09:01:31.507316,30.58109,31.00075,0.0
2022-01-16 09:01:32.005991,30.9425,31.05275,0.0
2022-01-16 09:01:32.502857,30.68382,31.00075,0.0
2022-01-16 09:01:33.011337,30.58109,31.41425,0.0
2022-01-16 09:01:33.508302,30.06497,30.79525,0.0
2022-01-16 09:01:34.006127,30.32365,30.5365,0.0
2022-01-16 09:01:34.501111,31.14795,31.41425,0.0
2022-01-16 09:01:35.010247,30.58109,30.79525,0.0
2022-01-16 09:01:35.506180,30.47836,30.69125,0.0
2022-01-16 09:01:36.004649,29.91025,30.898,0.0
2022-01-16 09:01:36.511102,30.78778,30.69125,0.0
2022-01-16 09:01:37.009850,30.63307,31.1555,0.0
2022-01-16 09:01:37.505099,30.7358,30.846,0.0
2022-01-16 09:01:38.006704,30.89051,30.95,0.0
2022-01-16 09:01:38.511188,30.06497,30.846,0.0
2022-01-16 09:01:39.009888,29.85951,30.898,0.0
2022-01-16 09:01:39.505051,31.14795,31.05275,0.0
2022-01-16 09:01:40.004475,30.78778,30.74325,0.0
2022-01-16 09:01:40.509734,30.06497,30.74325,0.0
2022-01-16 09:01:41.009032,30.01422,31.05275,0.0
2022-01-16 09:01:41.503111,30.5291,30.95,0.0
2022-01-16 09:01:42.001016,30.68382,30.5885,0.0
2022-01-16 09:01:42.507426,30.83853,30.898,0.0
2022-01-16 09:01:43.004999,29.85951,31.10475,0.03864
2022-01-16 09:01:43.510841,29.91025,30.74325,0.03864
2022-01-16 09:01:44.009614,30.37439,31.10475,0.0
2022-01-16 09:01:44.505573,31.14795,30.69125,0.0
2022-01-16 09:01:45.003042,31.04522,30.69125,0.0
2022-01-16 09:01:45.509236,30.47836,31.2595,0.0
2022-01-16 09:01:46.007393,29.75554,31.05275,0.0
2022-01-16 09:01:46.502162,30.58109,30.48575,0.0
2022-01-16 09:01:47.002203,31.56135,30.846,0.0
2022-01-16 09:01:47.507221,31.25192,31.465,0.0
2022-01-16 09:01:48.004270,30.27166,30.79525,0.0
2022-01-16 09:01:48.508157,29.65281,30.38175,0.0
2022-01-16 09:01:49.005479,29.39537,30.898,0.0
2022-01-16 09:01:49.510710,31.61209,31.1555,0.0
2022-01-16 09:01:50.009365,31.04522,30.95,0.0
2022-01-16 09:01:50.505835,30.32365,31.1555,0.0
2022-01-16 09:01:51.002705,29.4981,30.5365,0.0
2022-01-16 09:01:51.502587,30.89051,30.5365,0.0
2022-01-16 09:01:52.001788,30.9425,31.517,0.0
2022-01-16 09:01:52.504779,30.47836,31.10475,0.0
2022-01-16 09:01:53.002339,30.16893,30.279,0.0
2022-01-16 09:01:53.510509,30.5291,30.43375,0.0
2022-01-16 09:01:54.008175,31.19994,31.1555,0.0
2022-01-16 09:01:54.502859,30.89051,30.74325,0.0
2022-01-16 09:01:55.001654,30.42637,31.05275,0.0
2022-01-16 09:01:55.507263,29.75554,30.898,0.0
2022-01-16 09:01:56.006828,30.99324,30.5885,0.0
2022-01-16 09:01:56.503013,30.99324,31.2075,0.0
2022-01-16 09:01:57.001775,30.63307,31.05275,0.0
2022-01-16 09:01:57.505970,30.42637,30.48575,0.0
2022-01-16 09:01:58.004108,29.91025,30.6405,0.0
2022-01-16 09:01:58.508555,30.7358,31.41425,0.0
2022-01-16 09:01:59.006117,30.83853,30.79525,0.0
2022-01-16 09:01:59.501752,30.63307,31.00075,0.0
2022-01-16 09:02:00.008086,30.06497,30.95,-0.03864
2022-01-16 09:02:00.503541,30.11695,30.74325,-0.03864
2022-01-16 09:02:01.010361,30.89051,31.31025,0.0
2022-01-16 09:02:01.505692,31.04522,30.898,0.0
2022-01-16 09:02:02.003865,30.78778,30.6405,0.0
2022-01-16 09:02:02.509274,30.42637,31.05275,0.0
2022-01-16 09:02:03.007558,29.91025,31.00075,0.0
2022-01-16 09:02:03.502354,30.63307,30.5885,0.0
2022-01-16 09:02:04.001281,31.30267,31.00075,0.0
2022-01-16 09:02:04.507246,30.9425,31.10475,0.0
2022-01-16 09:02:05.004646,30.27166,30.846,0.0
2022-01-16 09:02:05.509945,29.60083,30.69125,0.0
2022-01-16 09:02:06.008121,29.13669,31.31025,0.0
2022-01-16 09:02:06.503890,30.89051,30.6405,0.0
2022-01-16 09:02:07.001151,31.04522,31.1555,0.0
2022-01-16 09:02:07.505914,30.27166,31.10475,0.0
2022-01-16 09:02:08.004369,29.91025,30.48575,0.0
2022-01-16 09:02:08.511262,30.83853,30.79525,0.0
2022-01-16 09:02:09.008175,31.71606,31.31025,0.0
2022-01-16 09:02:09.502964,31.09721,30.79525,0.0
2022-01-16 09:02:10.010277,30.63307,30.38175,0.0
2022-01-16 09:02:10.505754,29.75554,31.2595,0.0
2022-01-16 09:02:11.003629,30.16893,31.00075,0.0
2022-01-16 09:02:11.508197,30.5291,30.846,0.0
2022-01-16 09:02:12.006301,30.83853,31.2595,0.0
2022-01-16 09:02:12.510239,29.85951,30.6405,0.0
2022-01-16 09:02:13.008686,30.21968,30.48575,0.0
2022-01-16 09:02:13.504790,31.35465,31.31025,0.0
2022-01-16 09:02:14.004561,31.09721,31.05275,0.0
2022-01-16 09:02:14.509831,30.42637,30.38175,0.0
2022-01-16 09:02:15.006860,29.75554,31.00075,0.0
2022-01-16 09:02:15.502400,30.37439,31.00075,0.0
2022-01-16 09:02:16.001077,31.61209,30.48575,0.0
2022-01-16 09:02:16.506018,31.19994,31.465,0.0
2022-01-16 09:02:17.004549,30.21968,31.10475,0.03864
2022-01-16 09:02:17.502045,29.75554,30.5885,0.03864
2022-01-16 09:02:18.010596,30.47836,31.36225,0.0
2022-01-16 09:02:18.505745,30.83853,30.79525,0.0
2022-01-16 09:02:19.003041,30.9425,30.5885,0.0
2022-01-16 09:02:19.508762,30.32365,30.898,0.0
2022-01-16 09:02:20.005877,30.32365,31.10475,0.0
2022-01-16 09:02:20.510929,31.19994,30.6405,0.0
2022-01-16 09:02:21.008707,30.89051,30.95,0.0
2022-01-16 09:02:21.503451,31.04522,30.95,0.0
2022-01-16 09:02:22.001965,30.11695,30.6405,0.0
2022-01-16 09:02:22.507111,29.55008,31.00075,0.0
2022-01-16 09:02:23.004181,30.27166,31.10475,0.0
2022-01-16 09:02:23.510104,30.83853,31.1555,0.0
2022-01-16 09:02:24.007812,31.09721,31.05275,0.0
2022-01-16 09:02:24.502406,30.58109,30.79525,0.0
2022-01-16 09:02:25.010727,29.85951,30.79525,0.0
2022-01-16 09:02:25.505573,30.78778,30.5365,0.0
2022-01-16 09:02:26.004147,31.35465,31.10475,0.0
2022-01-16 09:02:26.511266,30.83853,30.846,0.0
2022-01-16 09:02:27.009316,29.91025,30.5885,0.0
2022-01-16 09:02:27.504159,29.4981,31.00075,0.0
2022-01-16 09:02:28.011278,30.68382,30.6405,0.0
2022-01-16 09:02:28.505263,31.30267,31.2595,0.0
2022-01-16 09:02:29.002906,30.78778,31.10475,0.0
2022-01-16 09:02:29.509828,29.85951,30.898,0.0
2022-01-16 09:02:30.010245,30.32365,30.79525,0.0
2022-01-16 09:02:30.505736,31.30267,30.95,0.0
2022-01-16 09:02:31.003223,31.19994,30.898,0.0
2022-01-16 09:02:31.508356,30.47836,30.6405,0.0
2022-01-16 09:02:32.006479,30.01422,30.69125,0.0
2022-01-16 09:02:32.502090,30.06497,30.74325,0.0
2022-01-16 09:02:33.011051,31.04522,31.2075,0.0
2022-01-16 09:02:33.506727,31.14795,30.898,0.0
2022-01-16 09:02:34.003821,30.58109,30.74325,0.0
2022-01-16 09:02:34.509391,29.7048,31.05275,0.0
2022-01-16 09:02:35.008103,29.80752,31.00075,0.0
2022-01-16 09:02:35.502839,31.04522,31.36225,0.0
2022-01-16 09:02:36.001039,30.83853,31.10475,0.0
2022-01-16 09:02:36.507380,30.37439,30.38175,0.0
2022-01-16 09:02:37.005623,29.96224,30.5885,0.0
2022-01-16 09:02:37.511453,30.9425,31.31025,0.0
2022-01-16 09:02:38.008101,30.9425,30.79525,0.0
2022-01-16 09:02:38.503488,30.78778,30.43375,0.0
2022-01-16 09:02:39.010831,30.06497,30.898,0.0
2022-01-16 09:02:39.504777,30.11695,31.2595,0.0
2022-01-16 09:02:40.004882,30.99324,30.69125,0.0
2022-01-16 09:02:40.510180,31.14795,31.36225,0.0
2022-01-16 09:02:41.008322,30.42637,30.846,0.0
2022-01-16 09:02:41.502945,30.11695,30.5365,0.0
2022-01-16 09:02:42.001619,30.32365,31.67175,-0.03864
2022-01-16 09:02:42.505690,31.09721,30.69125,-0.03864
2022-01-16 09:02:43.004109,30.7358,30.5365,0.0
2022-01-16 09:02:43.509454,30.7358,30.6405,0.0
2022-01-16 09:02:44.007417,30.06497,30.898,0.0
2022-01-16 09:02:44.503538,30.32365,31.05275,0.0
2022-01-16 09:02:45.001412,31.04522,30.95,0.0
2022-01-16 09:02:45.506493,30.83853,30.95,0.0
2022-01-16 09:02:46.004124,30.58109,31.05275,0.0
2022-01-16 09:02:46.508199,30.16893,31.2075,0.0
2022-01-16 09:02:47.006917,29.96224,30.74325,0.0
2022-01-16 09:02:47.510718,31.04522,30.846,0.0
2022-01-16 09:02:48.008262,31.40663,31.2075,0.0
2022-01-16 09:02:48.502379,30.42637,30.95,0.0
2022-01-16 09:02:49.002711,29.85951,30.38175,0.0
2022-01-16 09:02:49.508093,30.06497,30.846,0.0
2022-01-16 09:02:50.004780,30.83853,30.95,0.0
2022-01-16 09:02:50.508557,31.7668,30.5885,0.0
2022-01-16 09:02:51.005562,30.63307,30.95,0.0
2022-01-16 09:02:51.510631,30.32365,30.95,0.0
2022-01-16 09:02:52.007202,29.2914,30.5365,0.0
2022-01-16 09:02:52.501161,31.14795,31.569,0.0
2022-01-16 09:02:53.001122,31.40663,31.10475,0.0
2022-01-16 09:02:53.507318,30.83853,30.43375,0.0
2022-01-16 09:02:54.004930,30.16893,30.846,0.0
2022-01-16 09:02:54.510824,29.75554,31.569,0.0
2022-01-16 09:02:55.008624,31.04522,30.95,0.0
2022-01-16 09:02:55.502214,30.68382,30.227,0.0
2022-01-16 09:02:56.011022,30.63307,30.69125,0.0
2022-01-16 09:02:56.507324,30.32365,31.2075,0.0
2022-01-16 09:02:57.004925,31.14795,31.05275,0.0
2022-01-16 09:02:57.502527,31.04522,30.79525,0.0
2022-01-16 09:02:58.001382,30.68382,30.846,0.0
2022-01-16 09:02:58.506091,30.21968,30.846,0.0
2022-01-16 09:02:59.009801,30.06497,31.2075,0.0
2022-01-16 09:02:59.505092,31.14795,30.95,0.0
2022-01-16 09:03:00.003198,30.9425,30.95,0.0
2022-01-16 09:03:00.508459,30.42637,30.846,0.0
2022-01-16 09:03:01.006289,29.60083,30.79525,0.0
2022-01-16 09:03:01.501716,30.27166,30.95,0.0
2022-01-16 09:03:02.001589,31.50936,30.846,0.0
2022-01-16 09:03:02.506685,31.09721,30.5885,0.0
2022-01-16 09:03:03.004449,30.7358,31.1555,0.0
2022-01-16 09:03:03.510287,29.85951,30.898,0.0
2022-01-16 09:03:04.008193,30.37439,30.5885,0.0
2022-01-16 09:03:04.502818,31.25192,31.05275,0.0
2022-01-16 09:03:05.001908,31.19994,30.898,0.0
2022-01-16 09:03:05.506928,30.58109,30.898,0.0
2022-01-16 09:03:06.005729,29.75554,30.95,0.0
2022-01-16 09:03:06.510788,30.01422,30.846,0.0
2022-01-16 09:03:07.008651,31.25192,31.1555,0.0
2022-01-16 09:03:07.502929,31.04522,30.846,0.0
2022-01-16 09:03:08.010767,30.63307,30.846,0.0
2022-01-16 09:03:08.506347,30.16893,30.74325,0.0
2022-01-16 09:03:09.003844,30.32365,30.74325,0.0
2022-01-16 09:03:09.509203,31.45738,31.2075,0.0
2022-01-16 09:03:10.007864,31.14795,30.74325,0.0
2022-01-16 09:03:10.503563,30.47836,30.43375,0.0
2022-01-16 09:03:11.001671,30.01422,31.31025,0.0
2022-01-16 09:03:11.506807,29.75554,31.2595,0.0
2022-01-16 09:03:12.006773,31.14795,30.95,0.0
2022-01-16 09:03:12.502235,30.99324,30.74325,0.0
2022-01-16 09:03:13.009834,30.27166,30.95,0.0
2022-01-16 09:03:13.504773,29.60083,31.05275,0.0
2022-01-16 09:03:14.002672,29.34339,31.00075,0.0
2022-01-16 09:03:14.509256,31.81879,30.898,0.0
2022-01-16 09:03:15.009256,30.7358,30.5365,0.0
2022-01-16 09:03:15.504046,30.58109,30.898,0.0
2022-01-16 09:03:16.002461,29.96224,30.95,0.0
2022-01-16 09:03:16.508502,29.34339,30.846,0.0
2022-01-16 09:03:17.005381,30.68382,30.74325,0.0
2022-01-16 09:03:17.502598,30.89051,30.898,0.0
2022-01-16 09:03:18.001263,30.11695,31.10475,0.0
2022-01-16 09:03:18.506475,30.21968,31.1555,0.0
2022-01-16 09:03:19.005354,30.63307,30.79525,0.0
2022-01-16 09:03:19.510906,30.7358,30.898,0.0
2022-01-16 09:03:20.010026,30.5291,31.00075,0.0
2022-01-16 09:03:20.504713,29.96224,30.74325,0.0
2022-01-16 09:03:21.002261,30.58109,31.1555,0.0
2022-01-16 09:03:21.508374,30.68382,30.6405,0.0
2022-01-16 09:03:22.005437,30.58109,30.38175,0.0
2022-01-16 09:03:22.510374,30.37439,31.1555,0.0
2022-01-16 09:03:23.009299,30.37439,31.1555,0.0
2022-01-16 09:03:23.505779,30.7358,30.898,0.0
2022-01-16 09:03:24.003463,30.7358,31.2075,0.0
2022-01-16 09:03:24.509218,30.5291,31.05275,0.0
2022-01-16 09:03:25.006637,30.27166,30.79525,0.0
2022-01-16 09:03:25.502584,30.7358,31.31025,0.0
2022-01-16 09:03:26.010352,31.09721,30.898,0.0
2022-01-16 09:03:26.507108,30.9425,30.79525,0.0
2022-01-16 09:03:27.004761,30.68382,30.74325,0.0
2022-01-16 09:03:27.501005,29.85951,30.898,0.0
2022-01-16 09:03:28.010915,30.06497,30.5365,0.0
2022-01-16 09:03:28.504888,30.99324,30.846,0.0
2022-01-16 09:03:29.001622,31.09721,31.2595,0.0
2022-01-16 09:03:29.506644,30.83853,30.846,0.0
2022-01-16 09:03:30.005172,30.21968,30.74325,0.0
2022-01-16 09:03:30.509418,29.7048,31.36225,0.0
2022-01-16 09:03:31.008267,30.63307,30.79525,0.0
2022-01-16 09:03:31.502950,31.61209,30.846,0.0
2022-01-16 09:03:32.010894,31.04522,31.31025,0.0
2022-01-16 09:03:32.507583,30.06497,30.5365,0.0
2022-01-16 09:03:33.006430,29.60083,30.5885,0.0
2022-01-16 09:03:34.004368,30.9425,30.69125,0.0
2022-01-16 09:03:34.502342,30.7358,30.17625,0.0
2022-01-16 09:03:35.010149,30.32365,31.41425,0.0
2022-01-16 09:03:35.505190,29.55008,31.2595,0.0
2022-01-16 09:03:36.002174,30.06497,31.05275,0.0
2022-01-16 09:03:36.508155,30.9425,31.05275,0.0
2022-01-16 09:03:37.006952,30.83853,30.5365,0.0
2022-01-16 09:03:37.503587,29.60083,30.6405,0.0
2022-01-16 09:03:38.000957,30.21968,31.517,0.0
2022-01-16 09:03:38.505828,31.45738,30.95,0.0
2022-01-16 09:03:39.005802,31.04522,29.9175,0.0
2022-01-16 09:03:39.511052,30.21968,30.74325,0.0
2022-01-16 09:03:40.009526,30.27166,31.41425,0.0
2022-01-16 09:03:40.504226,31.35465,30.69125,0.0
2022-01-16 09:03:41.001380,31.35465,30.38175,0.0
2022-01-16 09:03:41.510251,30.58109,31.10475,0.0
2022-01-16 09:03:42.008233,30.42637,31.05275,0.0
2022-01-16 09:03:42.502521,29.85951,31.00075,0.0
2022-01-16 09:03:43.010870,30.06497,30.95,0.0
2022-01-16 09:03:43.504819,30.78778,30.38175,0.0
2022-01-16 09:03:44.002467,30.5291,30.846,0.0
2022-01-16 09:03:44.502524,30.06497,31.2595,0.0
2022-01-16 09:03:45.002172,30.11695,30.5365,0.0
2022-01-16 09:03:45.507206,30.83853,30.38175,0.0
2022-01-16 09:03:46.006736,30.83853,30.79525,0.0
2022-01-16 09:03:46.501597,30.7358,30.79525,0.0
2022-01-16 09:03:47.001201,29.96224,30.846,0.0
2022-01-16 09:03:47.504975,30.11695,31.31025,0.0
2022-01-16 09:03:48.002654,31.04522,30.95,0.0
2022-01-16 09:03:48.508766,30.7358,30.95,0.0
2022-01-16 09:03:49.005910,30.42637,31.2595,0.0
2022-01-16 09:03:49.510703,30.21968,30.5885,0.0
2022-01-16 09:03:50.008519,30.47836,30.69125,0.0
2022-01-16 09:03:50.504732,30.63307,31.2075,0.0
2022-01-16 09:03:51.002988,31.14795,30.846,0.0
2022-01-16 09:03:51.509029,30.68382,30.48575,0.0
2022-01-16 09:03:52.006778,30.16893,31.05275,0.0
2022-01-16 09:03:52.501607,30.5291,30.74325,0.0
2022-01-16 09:03:53.010881,31.30267,31.00075,0.0
2022-01-16 09:03:53.505603,31.35465,31.2595,0.0
2022-01-16 09:03:54.003995,30.7358,30.69125,0.0
2022-01-16 09:03:55.004698,29.96224,31.41425,0.0
2022-01-16 09:03:55.510732,30.7358,30.5885,0.0
2022-01-16 09:03:56.008868,31.19994,30.279,0.0
2022-01-16 09:03:56.503296,30.32365,31.31025,0.0
2022-01-16 09:03:57.001166,29.85951,31.00075,0.0
2022-01-16 09:03:57.501625,30.27166,30.846,0.0
2022-01-16 09:03:58.009977,31.25192,30.69125,0.0
2022-01-16 09:03:58.505368,31.04522,30.79525,0.0
2022-01-16 09:03:59.003826,30.27166,30.69125,0.0
2022-01-16 09:03:59.501272,29.60083,31.569,0.0
2022-01-16 09:04:00.001643,30.16893,30.79525,0.0
2022-01-16 09:04:00.507508,31.61209,30.38175,0.0
2022-01-16 09:04:01.005975,31.14795,30.95,0.0
2022-01-16 09:04:01.501665,30.42637,31.31025,0.0
2022-01-16 09:04:02.001319,29.80752,30.846,0.0
2022-01-16 09:04:02.507575,30.16893,30.74325,0.0
2022-01-16 09:04:03.005776,31.35465,30.95,0.0
2022-01-16 09:04:03.503440,30.99324,30.95,0.0
2022-01-16 09:04:04.003070,30.42637,30.898,0.0
2022-01-16 09:04:04.509277,30.47836,30.898,0.0
2022-01-16 09:04:05.009058,31.04522,30.6405,0.0
2022-01-16 09:04:05.504772,31.09721,31.10475,0.0
2022-01-16 09:04:06.002854,30.47836,31.10475,0.0
2022-01-16 09:04:06.508818,30.06497,30.898,0.0
2022-01-16 09:04:07.006863,30.7358,30.898,0.0
2022-01-16 09:04:07.503618,30.68382,30.846,0.0
2022-01-16 09:04:08.001449,30.89051,30.898,0.0
2022-01-16 09:04:08.507169,30.27166,30.69125,0.0
2022-01-16 09:04:09.004997,29.85951,31.05275,0.0
2022-01-16 09:04:09.510563,30.37439,31.00075,0.0
2022-01-16 09:04:10.007407,31.14795,30.846,0.0
2022-01-16 09:04:10.503582,30.58109,30.898,0.0
2022-01-16 09:04:11.001784,30.06497,30.6405,0.0
2022-01-16 09:04:11.506648,29.7048,31.00075,0.0
2022-01-16 09:04:12.004622,30.89051,31.05275,0.0
2022-01-16 09:04:12.510712,31.04522,30.74325,0.0
2022-01-16 09:04:13.007869,30.78778,31.05275,0.0
2022-01-16 09:04:13.502123,30.32365,30.6405,0.0
2022-01-16 09:04:14.010504,29.44612,31.31025,0.0
2022-01-16 09:04:14.505493,30.89051,30.95,0.0
2022-01-16 09:04:15.003240,31.50936,30.5885,0.0
2022-01-16 09:04:15.508578,30.99324,31.41425,0.0
2022-01-16 09:04:16.005704,30.63307,30.79525,0.0
2022-01-16 09:04:16.511011,29.91025,30.6405,0.0
2022-01-16 09:04:17.010366,29.91025,31.05275,0.0
2022-01-16 09:04:17.504840,30.58109,30.69125,0.0
2022-01-16 09:04:18.002701,30.83853,30.38175,0.0
2022-01-16 09:04:18.507690,30.27166,31.569,0.0
2022-01-16 09:04:19.004740,29.91025,31.36225,0.0
2022-01-16 09:04:19.509117,30.63307,30.5365,0.0
2022-01-16 09:04:20.006140,31.30267,30.898,0.0
2022-01-16 09:04:20.502345,30.5291,31.1555,0.0
2022-01-16 09:04:21.001746,30.16893,31.10475,0.0
2022-01-16 09:04:21.508067,30.11695,31.00075,0.0
2022-01-16 09:04:22.005467,30.78778,30.846,0.0
2022-01-16 09:04:22.501138,30.9425,30.38175,0.0
2022-01-16 09:04:23.008631,30.7358,31.10475,0.0
2022-01-16 09:04:23.503276,29.96224,31.1555,0.0
2022-01-16 09:04:24.011205,30.68382,30.43375,0.0
2022-01-16 09:04:24.506025,31.45738,30.5885,0.0
2022-01-16 09:04:25.004017,30.9425,31.05275,0.0
2022-01-16 09:04:26.004929,29.91025,30.95,0.0
2022-01-16 09:04:26.509624,29.75554,31.05275,0.0
2022-01-16 09:04:27.007399,30.68382,30.6405,0.0
2022-01-16 09:04:27.501722,31.14795,31.00075,0.0
2022-01-16 09:04:28.009784,30.32365,31.36225,0.0
2022-01-16 09:04:28.503707,29.91025,30.846,0.0
2022-01-16 09:04:29.001314,30.78778,30.6405,0.0
2022-01-16 09:04:29.507899,30.99324,30.69125,0.0
2022-01-16 09:04:30.006104,30.58109,30.95,0.0
2022-01-16 09:04:30.501319,30.37439,30.79525,0.0
2022-01-16 09:04:31.010890,30.16893,30.5885,0.0
2022-01-16 09:04:31.505308,30.89051,31.00075,0.0
2022-01-16 09:04:32.004188,30.89051,30.898,0.0
2022-01-16 09:04:32.507517,30.5291,31.00075,0.0
2022-01-16 09:04:33.005524,30.32365,30.95,0.0
2022-01-16 09:04:33.510883,30.06497,30.74325,0.0
2022-01-16 09:04:34.009183,31.50936,31.2075,0.0
2022-01-16 09:04:34.504646,31.40663,30.95,0.0
2022-01-16 09:04:35.001499,30.89051,30.38175,0.0
2022-01-16 09:04:35.510544,30.21968,31.2595,0.0
2022-01-16 09:04:36.008195,29.65281,31.10475,0.0
2022-01-16 09:04:36.502867,30.99324,30.48575,0.0
2022-01-16 09:04:37.010626,31.50936,31.1555,0.0
2022-01-16 09:04:37.506441,30.99324,30.846,0.0
2022-01-16 09:04:38.004212,30.37439,30.846,0.0
2022-01-16 09:04:38.501769,29.80752,31.31025,0.0
2022-01-16 09:04:39.010381,29.34339,30.898,0.0
2022-01-16 09:04:39.506655,30.42637,30.38175,0.0
2022-01-16 09:04:40.004905,30.99324,31.10475,0.0
2022-01-16 09:04:40.510442,30.32365,31.2075,0.0
2022-01-16 09:04:41.009640,30.11695,30.74325,0.0
2022-01-16 09:04:41.504642,31.04522,30.38175,0.0
2022-01-16 09:04:42.001569,31.19994,31.10475,0.0
2022-01-16 09:04:42.506829,30.47836,31.00075,0.0
2022-01-16 09:04:43.008036,30.16893,30.898,0.0
2022-01-16 09:04:43.502834,30.11695,30.79525,0.0
2022-01-16 09:04:44.010571,31.09721,30.846,0.0
2022-01-16 09:04:44.504912,30.78778,30.95,0.0
2022-01-16 09:04:45.003011,30.32365,31.31025,0.0
2022-01-16 09:04:45.507065,29.80752,30.898,0.0
2022-01-16 09:04:46.004469,30.83853,30.48575,0.0
2022-01-16 09:04:46.510174,31.14795,30.898,0.0
2022-01-16 09:04:47.008693,31.04522,31.1555,0.0
2022-01-16 09:04:47.506722,30.68382,30.95,0.0
2022-01-16 09:04:48.003469,29.55008,30.898,0.0
2022-01-16 09:04:48.507151,30.47836,30.74325,0.0
2022-01-16 09:04:49.005657,30.89051,31.1555,0.0
2022-01-16 09:04:49.501413,30.9425,31.10475,0.0
2022-01-16 09:04:50.010686,30.21968,30.846,0.0
2022-01-16 09:04:50.506488,30.32365,30.74325,0.0
2022-01-16 09:04:51.004940,30.7358,31.05275,0.0
2022-01-16 09:04:51.501545,30.9425,30.79525,0.0
2022-01-16 09:04:52.010589,30.47836,30.898,0.0
2022-01-16 09:04:52.505096,29.96224,31.00075,0.0
2022-01-16 09:04:53.002605,30.47836,30.6405,0.0
2022-01-16 09:04:53.506634,30.99324,31.05275,0.0
2022-01-16 09:04:54.005076,30.37439,30.846,0.0
2022-01-16 09:04:54.501158,30.42637,30.69125,0.0
2022-01-16 09:04:55.008183,29.96224,31.31025,0.0
2022-01-16 09:04:55.503110,30.7358,31.00075,0.0
2022-01-16 09:04:56.001482,30.7358,30.5365,0.0
2022-01-16 09:04:56.508508,30.63307,31.1555,0.0
2022-01-16 09:04:57.008008,30.89051,30.846,0.0
2022-01-16 09:04:57.502903,30.01422,30.74325,0.0
2022-01-16 09:04:58.008399,29.75554,31.1555,0.0
2022-01-16 09:04:58.503252,30.99324,30.6405,0.0
2022-01-16 09:04:59.002340,31.25192,30.846,0.0
2022-01-16 09:04:59.507885,30.7358,31.31025,0.0
2022-01-16 09:05:00.005826,30.27166,30.846,0.0
2022-01-16 09:05:00.502838,29.91025,30.898,0.0
2022-01-16 09:05:01.011192,31.09721,31.05275,0.0
2022-01-16 09:05:01.510551,31.25192,30.5365,0.0
2022-01-16 09:05:02.009640,30.32365,31.2595,0.0
2022-01-16 09:05:02.504912,30.21968,30.846,0.0
2022-01-16 09:05:03.002172,30.21968,30.43375,0.0
2022-01-16 09:05:03.508621,31.30267,31.00075,0.0
2022-01-16 09:05:04.007167,31.30267,31.00075,0.0
2022-01-16 09:05:04.503020,30.32365,30.898,0.0
2022-01-16 09:05:05.010564,29.91025,30.5885,0.0
2022-01-16 09:05:05.506264,30.63307,31.2075,0.0
2022-01-16 09:05:06.003147,31.14795,30.95,0.0
2022-01-16 09:05:06.507579,30.83853,30.95,0.0
2022-01-16 09:05:07.004919,29.96224,31.10475,0.0
2022-01-16 09:05:07.509015,29.75554,30.331,0.0
2022-01-16 09:05:08.001536,30.7358,30.898,0.0
2022-01-16 09:05:08.507832,30.83853,31.465,0.0
2022-01-16 09:05:09.006001,30.21968,30.5365,0.0
2022-01-16 09:05:09.501534,30.5291,31.2595,0.0
2022-01-16 09:05:10.010012,31.14795,30.95,0.0
2022-01-16 09:05:10.503509,30.78778,31.05275,0.0
2022-01-16 09:05:11.001650,30.7358,30.898,0.0
2022-01-16 09:05:11.506303,30.16893,31.10475,0.0
2022-01-16 09:05:12.002966,30.9425,31.1555,0.0
2022-01-16 09:05:12.507836,30.89051,30.79525,0.0
2022-01-16 09:05:13.005224,29.85951,31.569,0.0
2022-01-16 09:05:13.502210,30.89051,30.43375,0.0
2022-01-16 09:05:14.010990,30.83853,30.846,0.0
2022-01-16 09:05:14.505056,29.85951,31.00075,0.0
2022-01-16 09:05:15.003382,31.19994,30.74325,0.0
2022-01-16 09:05:15.507651,30.58109,30.95,0.0
2022-01-16 09:05:16.004804,30.01422,30.846,0.0
2022-01-16 09:05:16.501705,31.50936,31.36225,0.0
2022-01-16 09:05:17.010194,30.99324,31.2595,0.0
2022-01-16 09:05:17.505769,30.89051,32.23875,0.0
2022-01-16 09:05:18.004396,32.90177,32.703,0.0
2022-01-16 09:05:18.509063,32.69508,33.27125,0.0
2022-01-16 09:05:19.006227,34.34617,35.5405,0.0
2022-01-16 09:05:19.501594,36.40818,35.798,0.0
2022-01-16 09:05:20.010151,36.51215,37.759,0.0
2022-01-16 09:05:20.504686,38.78085,37.9645,0.0
2022-01-16 09:05:21.003058,38.78085,40.33775,0.0
2022-01-16 09:05:21.508700,39.81185,39.616,0.0
2022-01-16 09:05:22.006901,40.07053,40.08025,0.0
2022-01-16 09:05:22.504600,39.3997,40.4925,0.0
2022-01-16 09:05:23.001766,39.76111,40.75,0.0
2022-01-16 09:05:23.507872,40.22525,39.616,0.0
2022-01-16 09:05:24.006114,39.86384,40.802,0.0
2022-01-16 09:05:24.501128,39.34772,39.8735,0.0
2022-01-16 09:05:25.009868,39.65714,39.97625,0.0
2022-01-16 09:05:25.505749,40.07053,40.38975,0.0
2022-01-16 09:05:26.004657,39.3997,40.08025,0.0
2022-01-16 09:05:26.509567,39.193,40.59525,0.0
2022-01-16 09:05:27.009332,40.74013,39.3065,0.0
2022-01-16 09:05:27.504986,39.24499,41.369,0.0
2022-01-16 09:05:28.002777,41.97783,42.50425,0.0
2022-01-16 09:05:28.507736,46.36176,46.373,0.0
2022-01-16 09:05:29.005142,47.59946,48.5395,0.0
2022-01-16 09:05:29.510357,51.57,52.615,0.0
2022-01-16 09:05:30.008595,53.89069,53.95575,0.0
2022-01-16 09:05:30.504461,57.03692,59.1145,0.0
2022-01-16 09:05:31.000934,59.82175,59.6295,0.0
2022-01-16 09:05:31.504535,63.38014,64.47875,0.0
2022-01-16 09:05:32.005310,65.64884,66.59325,0.0
2022-01-16 09:05:32.503340,68.48565,67.93525,0.0
2022-01-16 09:05:33.001112,71.47717,74.228,0.0
2022-01-16 09:05:33.507016,74.0553,73.14475,0.0
2022-01-16 09:05:34.005457,77.5617,79.799,0.0
2022-01-16 09:05:34.508732,79.83165,80.366,0.0
2022-01-16 09:05:35.005632,83.80219,84.28675,0.0
2022-01-16 09:05:35.501141,83.7502,85.47275,0.0
2022-01-16 09:05:36.008443,82.30705,82.73925,0.0
2022-01-16 09:05:36.502988,84.36905,85.0605,0.0
2022-01-16 09:05:37.010475,83.33805,85.21525,0.0
2022-01-16 09:05:37.505875,82.30705,82.275,0.0
2022-01-16 09:05:38.003482,83.33805,85.422,0.0
2022-01-16 09:05:38.507356,83.59549,83.97725,0.0
2022-01-16 09:05:39.006801,83.02862,84.54425,0.0
2022-01-16 09:05:39.502147,83.54475,84.33875,0.0
2022-01-16 09:05:40.010880,82.97664,83.8745,0.0
2022-01-16 09:05:40.505082,83.7502,84.4935,0.0
2022-01-16 09:05:41.003392,83.18334,84.699,38.52468
2022-01-16 09:05:41.508666,83.18334,84.28675,38.52468
2022-01-16 09:05:42.006170,83.23532,83.66775,84.19635
2022-01-16 09:05:43.004929,84.05963,84.64825,89.92958
2022-01-16 09:05:43.509768,83.02862,84.90575,89.92958
2022-01-16 09:05:44.007242,83.54475,83.41025,87.6525
2022-01-16 09:05:44.501776,83.08061,84.3895,87.6525
2022-01-16 09:05:45.001175,83.59549,84.4415,88.20197
2022-01-16 09:05:45.508121,83.59549,85.1125,88.20197
2022-01-16 09:05:46.006774,82.9259,84.184,87.77031
2022-01-16 09:05:46.502255,83.54475,83.2035,87.77031
2022-01-16 09:05:47.010448,82.9259,84.85375,87.4951
2022-01-16 09:05:47.506285,83.80219,84.59625,87.4951
2022-01-16 09:05:48.005716,83.33805,84.699,87.69114
2022-01-16 09:05:48.501192,83.39003,83.30625,87.69114
2022-01-16 09:05:49.009754,83.02862,84.4415,88.00593
2022-01-16 09:05:49.505338,83.64747,84.4935,88.00593
2022-01-16 09:05:50.003208,83.44078,84.85375,87.61291
2022-01-16 09:05:50.510602,82.87391,83.8745,87.61291
2022-01-16 09:05:51.009666,83.80219,84.132,87.21989
2022-01-16 09:05:51.506797,82.77118,83.97725,87.21989
2022-01-16 09:05:52.004227,83.85417,85.78225,69.19458
2022-01-16 09:05:52.509341,83.28607,83.513,69.19458
2022-01-16 09:05:53.007585,83.08061,84.132,-0.03864
2022-01-16 09:05:53.503704,83.80219,84.28675,-0.03864
2022-01-16 09:05:54.001165,82.9259,84.64825,0.0
2022-01-16 09:05:54.505528,83.64747,84.95775,0.0
2022-01-16 09:05:55.004966,82.7192,83.461,0.0
2022-01-16 09:05:55.509652,83.80219,84.4415,0.0
2022-01-16 09:05:56.008399,83.7502,84.4935,0.0
2022-01-16 09:05:56.502697,83.23532,84.54425,0.0
2022-01-16 09:05:57.001078,83.33805,84.02925,0.0
2022-01-16 09:05:57.506308,83.18334,84.33875,0.0
2022-01-16 09:05:58.005224,83.13135,84.132,0.0
2022-01-16 09:05:58.510128,83.54475,84.803,0.0
2022-01-16 09:05:59.008147,83.02862,84.33875,0.0
2022-01-16 09:05:59.504493,83.54475,84.4935,0.0
2022-01-16 09:06:00.003054,83.85417,84.4415,0.0
2022-01-16 09:06:00.506177,83.13135,83.97725,0.0
2022-01-16 09:06:01.003583,83.69946,85.0085,0.0
2022-01-16 09:06:01.509791,83.23532,83.71975,0.0
2022-01-16 09:06:02.008089,83.02862,84.95775,0.0
2022-01-16 09:06:02.502607,83.28607,83.565,0.0
2022-01-16 09:06:03.001494,82.87391,84.751,0.0
2022-01-16 09:06:03.507823,84.1636,84.803,0.0
2022-01-16 09:06:04.006543,83.08061,83.61575,0.0
2022-01-16 09:06:04.501608,83.39003,84.64825,0.0
2022-01-16 09:06:05.001179,83.28607,83.461,0.0
2022-01-16 09:06:05.506840,83.64747,85.57675,0.0
2022-01-16 09:06:06.005080,83.64747,83.7705,0.0
2022-01-16 09:06:06.508824,82.66722,84.59625,0.0
2022-01-16 09:06:07.005653,82.9259,83.61575,0.0
2022-01-16 09:06:07.506322,83.54475,84.90575,0.0
2022-01-16 09:06:08.004029,83.80219,84.699,0.0
2022-01-16 09:06:08.508723,83.59549,84.132,0.0
2022-01-16 09:06:09.006999,83.08061,84.02925,0.0
2022-01-16 09:06:09.501988,83.49276,84.28675,0.0
2022-01-16 09:06:10.008452,83.44078,85.0605,0.0
2022-01-16 09:06:10.504080,83.28607,83.97725,0.0
2022-01-16 09:06:11.002851,83.02862,84.54425,0.0
2022-01-16 09:06:11.508827,82.9259,83.41025,0.0
2022-01-16 09:06:12.007206,84.05963,85.422,0.0
2022-01-16 09:06:12.501437,83.69946,84.3895,0.0
2022-01-16 09:06:13.010675,83.02862,83.71975,0.0
2022-01-16 09:06:13.506672,83.85417,84.54425,0.0
2022-01-16 09:06:14.004488,83.18334,83.71975,0.0
2022-01-16 09:06:14.508745,83.18334,85.318,0.0
2022-01-16 09:06:15.005720,83.13135,83.35825,0.0
2022-01-16 09:06:15.509125,82.77118,84.85375,0.0
2022-01-16 09:06:16.007898,83.7502,83.71975,0.0
2022-01-16 09:06:16.503484,83.7502,85.52475,0.0
2022-01-16 09:06:17.002538,83.28607,84.08,0.0
2022-01-16 09:06:17.508610,83.28607,83.8745,0.0
2022-01-16 09:06:18.005783,83.44078,84.64825,0.0
2022-01-16 09:06:18.501125,83.39003,83.7705,0.0
2022-01-16 09:06:19.009799,83.28607,85.318,0.0
2022-01-16 09:06:19.504740,83.02862,83.2035,0.0
2022-01-16 09:06:20.002452,83.54475,85.16325,0.0
2022-01-16 09:06:20.508564,83.7502,84.132,0.0
2022-01-16 09:06:21.006987,83.18334,84.90575,0.0
2022-01-16 09:06:21.504329,84.00888,83.8225,0.0
2022-01-16 09:06:22.001928,82.82193,84.28675,0.0
2022-01-16 09:06:22.506727,83.28607,84.4415,0.0
2022-01-16 09:06:23.005613,83.69946,84.184,0.0
2022-01-16 09:06:23.510918,82.87391,84.54425,0.0
2022-01-16 09:06:24.007268,83.9569,84.08,0.0
2022-01-16 09:06:24.501445,83.33805,84.90575,0.0
2022-01-16 09:06:25.009998,83.13135,84.4935,0.0
2022-01-16 09:06:25.505500,84.1636,84.132,0.0
2022-01-16 09:06:26.004527,82.97664,84.54425,0.0
2022-01-16 09:06:26.507757,83.85417,84.184,0.0
2022-01-16 09:06:27.005681,82.87391,84.54425,0.0
2022-01-16 09:06:27.510615,83.23532,84.08,0.0
2022-01-16 09:06:28.008860,83.80219,84.02925,0.0
2022-01-16 09:06:28.503836,83.23532,84.803,0.0
2022-01-16 09:06:29.003561,83.33805,84.28675,0.0
2022-01-16 09:06:29.508914,83.33805,84.02925,0.0
2022-01-16 09:06:30.007774,83.02862,84.4935,0.0
2022-01-16 09:06:30.503485,84.05963,84.08,0.0
2022-01-16 09:06:31.001168,82.82193,84.90575,0.0
2022-01-16 09:06:31.504970,83.02862,83.97725,0.0
2022-01-16 09:06:32.001856,83.64747,84.4935,0.0
2022-01-16 09:06:32.506826,83.08061,83.7705,0.0
2022-01-16 09:06:33.002871,83.59549,85.1125,0.0
2022-01-16 09:06:33.508031,83.28607,83.8745,0.0
2022-01-16 09:06:34.005012,82.87391,84.4415,0.0
2022-01-16 09:06:34.503286,84.00888,84.28675,0.0
2022-01-16 09:06:35.010871,82.66722,84.33875,0.0
2022-01-16 09:06:35.506871,83.39003,84.95775,0.0
2022-01-16 09:06:36.005036,83.39003,83.61575,0.0
2022-01-16 09:06:36.510702,83.33805,85.16325,0.0
2022-01-16 09:06:37.007613,83.85417,83.41025,0.0
2022-01-16 09:06:37.502360,83.33805,84.803,0.0
2022-01-16 09:06:38.010141,83.18334,83.97725,0.0
2022-01-16 09:06:38.505481,83.23532,85.21525,0.0
2022-01-16 09:06:39.004216,83.44078,83.8745,0.0
2022-01-16 09:06:39.509556,83.13135,84.28675,0.0
2022-01-16 09:06:40.008087,83.44078,84.184,0.0
2022-01-16 09:06:40.502286,83.08061,84.4935,0.0
2022-01-16 09:06:41.010383,83.90492,85.16325,0.0
2022-01-16 09:06:41.504743,83.54475,83.41025,0.0
2022-01-16 09:06:42.001753,83.23532,84.803,0.0
2022-01-16 09:06:42.507853,83.59549,83.8745,0.0
2022-01-16 09:06:43.005861,82.56449,85.37,0.0
2022-01-16 09:06:43.503492,84.11161,84.02925,0.0
2022-01-16 09:06:44.000950,82.97664,83.71975,0.0
2022-01-16 09:06:44.506387,83.44078,84.751,0.0
2022-01-16 09:06:45.005930,83.39003,84.28675,0.0
2022-01-16 09:06:45.501139,83.23532,85.26725,0.0
2022-01-16 09:06:46.008318,83.85417,82.842,0.0
2022-01-16 09:06:46.503218,82.87391,85.1125,0.0
2022-01-16 09:06:47.001966,83.64747,84.02925,0.0
2022-01-16 09:06:47.508635,83.18334,85.26725,0.0
2022-01-16 09:06:48.008054,83.18334,83.7705,0.0
2022-01-16 09:06:48.503216,83.54475,83.71975,0.0
2022-01-16 09:06:49.010277,82.82193,85.21525,0.0
2022-01-16 09:06:49.505572,83.90492,84.08,0.0
2022-01-16 09:06:50.005092,83.59549,84.699,0.0
2022-01-16 09:06:50.510025,83.44078,83.1515,0.0
2022-01-16 09:06:51.008266,83.02862,84.803,0.0
2022-01-16 09:06:51.502852,83.54475,84.64825,0.0
2022-01-16 09:06:52.001962,83.33805,84.699,0.0
2022-01-16 09:06:52.509782,83.9569,83.8225,0.0
2022-01-16 09:06:53.008937,82.35779,84.23475,0.0
2022-01-16 09:06:53.503841,83.69946,84.85375,0.0
2022-01-16 09:06:54.001382,83.23532,84.4415,0.0
2022-01-16 09:06:54.506543,83.49276,84.59625,0.0
2022-01-16 09:06:55.005704,83.80219,83.513,0.0
2022-01-16 09:06:55.502784,82.77118,85.1125,0.0
2022-01-16 09:06:56.010836,83.7502,84.4935,0.0
2022-01-16 09:06:56.506854,83.08061,84.28675,0.0
2022-01-16 09:06:57.005318,83.23532,84.23475,0.0
2022-01-16 09:06:57.501404,83.85417,84.4935,0.0
2022-01-16 09:06:58.009154,82.97664,84.184,0.0
2022-01-16 09:06:58.505076,83.54475,84.751,0.0
2022-01-16 09:06:59.002545,83.13135,84.08,0.0
2022-01-16 09:06:59.507831,83.80219,83.92525,0.0
2022-01-16 09:07:00.005179,83.44078,84.699,0.0
2022-01-16 09:07:00.509640,83.23532,84.08,0.0
2022-01-16 09:07:01.008208,82.97664,85.21525,0.0
2022-01-16 09:07:01.501666,83.7502,83.8745,0.0
2022-01-16 09:07:02.009921,83.44078,84.3895,0.0
2022-01-16 09:07:02.504117,83.54475,83.97725,0.0
2022-01-16 09:07:03.010906,83.18334,85.0605,0.0
2022-01-16 09:07:03.506450,83.08061,83.92525,0.0
2022-01-16 09:07:04.005670,84.26632,84.4415,0.0
2022-01-16 09:07:04.501278,83.08061,83.513,0.0
2022-01-16 09:07:05.011348,83.18334,84.95775,0.0
2022-01-16 09:07:05.507686,83.18334,84.4935,0.0
2022-01-16 09:07:06.005038,83.59549,84.3895,0.0
2022-01-16 09:07:06.509298,83.64747,83.97725,0.0
2022-01-16 09:07:07.008499,83.02862,84.64825,0.0
2022-01-16 09:07:07.503261,83.28607,85.0085,0.0
2022-01-16 09:07:08.001324,83.90492,84.02925,0.0
2022-01-16 09:07:08.506314,83.39003,84.184,0.0
2022-01-16 09:07:09.003877,82.97664,83.461,0.0
2022-01-16 09:07:09.511028,83.44078,85.52475,0.0
2022-01-16 09:07:10.008826,83.08061,83.97725,0.0
2022-01-16 09:07:10.505512,83.7502,84.33875,0.0
2022-01-16 09:07:11.005523,83.23532,84.02925,0.0
2022-01-16 09:07:11.510861,82.9259,84.184,0.0
2022-01-16 09:07:12.009582,83.9569,86.041,0.0
2022-01-16 09:07:12.505039,83.49276,83.1515,0.0
2022-01-16 09:07:13.001129,83.44078,84.23475,0.0
2022-01-16 09:07:13.505139,82.77118,84.33875,0.0
2022-01-16 09:07:14.003514,83.39003,84.90575,0.0
2022-01-16 09:07:14.508579,83.85417,84.803,0.0
2022-01-16 09:07:15.005123,83.28607,83.30625,0.0
2022-01-16 09:07:15.509631,83.49276,84.28675,0.0
2022-01-16 09:07:16.008952,83.23532,84.699,0.0
2022-01-16 09:07:16.504653,83.64747,84.85375,0.0
2022-01-16 09:07:17.001519,83.44078,83.71975,0.0
2022-01-16 09:07:17.505896,83.54475,84.59625,0.0
2022-01-16 09:07:18.004563,82.97664,83.8745,0.0
2022-01-16 09:07:18.510172,83.49276,85.47275,0.0
2022-01-16 09:07:19.010365,83.49276,83.71975,0.0
2022-01-16 09:07:19.506257,83.39003,84.85375,0.0
2022-01-16 09:07:20.005199,83.64747,83.8225,0.0
2022-01-16 09:07:20.509822,83.54475,84.90575,0.0
2022-01-16 09:07:21.008768,83.18334,84.4935,0.0
2022-01-16 09:07:21.503698,83.54475,83.8225,0.0
2022-01-16 09:07:22.001861,83.33805,85.1125,0.0
2022-01-16 09:07:22.508735,83.49276,83.61575,0.0
2022-01-16 09:07:23.005821,83.18334,85.26725,0.0
2022-01-16 09:07:23.503698,83.23532,83.8225,0.0
2022-01-16 09:07:24.003385,83.85417,84.4415,0.0
2022-01-16 09:07:24.508202,83.49276,84.184,0.0
2022-01-16 09:07:25.006204,83.13135,84.02925,0.0
2022-01-16 09:07:25.511347,83.33805,84.751,0.0
2022-01-16 09:07:26.008567,83.02862,83.8745,0.0
2022-01-16 09:07:26.502928,83.59549,85.1125,0.0
2022-01-16 09:07:27.010997,83.28607,83.565,0.0
2022-01-16 09:07:27.506162,83.23532,85.318,0.0
2022-01-16 09:07:28.006313,83.9569,83.71975,0.0
2022-01-16 09:07:28.510734,83.28607,84.85375,0.0
2022-01-16 09:07:29.008141,83.64747,84.02925,0.0
2022-01-16 09:07:29.502226,82.9259,84.132,0.0
2022-01-16 09:07:30.505283,83.69946,83.71975,0.0
2022-01-16 09:07:31.003129,83.02862,84.95775,0.0
2022-01-16 09:07:31.508574,83.59549,83.461,0.0
2022-01-16 09:07:32.006114,83.49276,85.1125,0.0
2022-01-16 09:07:32.501586,83.33805,84.02925,0.0
2022-01-16 09:07:33.002361,83.85417,84.4415,0.0
2022-01-16 09:07:33.508167,83.18334,83.8745,0.0
2022-01-16 09:07:34.003384,82.82193,85.0085,0.0
2022-01-16 09:07:34.507653,82.97664,84.28675,0.0
2022-01-16 09:07:35.004662,83.49276,84.28675,0.0
2022-01-16 09:07:35.511022,83.28607,84.02925,0.0
2022-01-16 09:07:36.008794,83.7502,84.3895,0.0
2022-01-16 09:07:36.504068,83.18334,84.85375,0.0
2022-01-16 09:07:37.001456,83.80219,84.184,0.0
2022-01-16 09:07:37.508005,83.28607,84.02925,0.0
2022-01-16 09:07:38.006718,83.02862,84.54425,0.0
2022-01-16 09:07:38.502149,83.69946,84.59625,0.0
2022-01-16 09:07:39.010556,82.30705,84.4415,0.0
2022-01-16 09:07:39.503385,84.1636,84.23475,0.0
2022-01-16 09:07:40.002480,83.39003,84.02925,0.0
2022-01-16 09:07:40.507656,83.44078,84.64825,0.0
2022-01-16 09:07:41.005780,83.69946,84.64825,0.0
2022-01-16 09:07:41.501454,83.18334,83.8745,0.0
2022-01-16 09:07:42.009606,83.69946,84.59625,0.0
2022-01-16 09:07:42.504206,83.13135,84.3895,0.0
2022-01-16 09:07:43.002212,82.87391,84.59625,0.0
2022-01-16 09:07:43.506309,83.44078,84.28675,0.0
2022-01-16 09:07:44.006142,83.7502,84.4415,0.0
2022-01-16 09:07:44.502740,83.54475,84.02925,0.0
2022-01-16 09:07:45.010726,83.23532,85.47275,0.0
2022-01-16 09:07:45.505578,83.23532,83.513,0.0
2022-01-16 09:07:46.005862,83.59549,84.23475,0.0
2022-01-16 09:07:46.510334,83.33805,84.59625,0.0
2022-01-16 09:07:47.009007,82.40977,84.4415,0.0
2022-01-16 09:07:47.504059,83.7502,84.699,0.0
2022-01-16 09:07:48.002501,83.08061,83.35825,0.0
2022-01-16 09:07:48.507538,84.26632,85.0605,0.0
2022-01-16 09:07:49.005476,83.18334,84.02925,0.0
2022-01-16 09:07:49.510875,82.82193,84.85375,0.0
2022-01-16 09:07:50.009856,83.80219,83.461,0.0
2022-01-16 09:07:50.507479,82.9259,84.803,0.0
2022-01-16 09:07:51.005493,83.7502,84.3895,0.0
2022-01-16 09:07:51.509529,82.9259,85.0085,0.0
2022-01-16 09:07:52.008135,83.49276,84.02925,0.0
2022-01-16 09:07:52.502526,83.54475,83.8225,0.0
2022-01-16 09:07:53.010237,83.44078,85.0085,0.0
2022-01-16 09:07:53.504813,83.80219,83.71975,0.0
2022-01-16 09:07:54.004021,83.28607,85.318,0.0
2022-01-16 09:07:54.508873,82.97664,83.565,0.0
2022-01-16 09:07:55.009136,83.23532,84.751,0.0
2022-01-16 09:07:55.506862,83.44078,84.699,0.0
2022-01-16 09:07:56.004564,83.69946,84.184,0.0
2022-01-16 09:07:56.509761,83.7502,84.64825,0.0
2022-01-16 09:07:57.009016,82.82193,83.2035,0.0
2022-01-16 09:07:57.503776,83.80219,85.26725,0.0
2022-01-16 09:07:58.003537,83.33805,83.61575,0.0
2022-01-16 09:07:58.508193,83.18334,85.47275,0.0
2022-01-16 09:07:59.008949,83.33805,83.61575,0.0
2022-01-16 09:07:59.505512,82.61647,84.90575,0.0
2022-01-16 09:08:00.003643,84.1636,83.97725,0.0
2022-01-16 09:08:00.508175,83.49276,84.699,0.0
2022-01-16 09:08:01.006138,83.49276,84.4935,0.0
2022-01-16 09:08:01.501708,83.49276,83.8745,0.0
2022-01-16 09:08:02.009326,83.18334,84.4415,0.0
2022-01-16 09:08:02.504413,83.49276,84.132,0.0
2022-01-16 09:08:03.003512,82.82193,85.318,0.0
2022-01-16 09:08:03.509833,83.13135,83.30625,0.0
2022-01-16 09:08:04.006585,83.80219,84.85375,0.0
2022-01-16 09:08:04.503167,83.7502,83.8745,0.0
2022-01-16 09:08:05.011040,82.9259,84.95775,0.0
2022-01-16 09:08:05.507215,83.90492,84.4935,0.0
2022-01-16 09:08:06.004293,83.13135,83.41025,0.0
2022-01-16 09:08:06.509610,83.7502,84.803,0.0
2022-01-16 09:08:07.008322,83.13135,84.33875,0.0
2022-01-16 09:08:07.504086,82.46176,85.318,0.0
2022-01-16 09:08:08.011059,83.90492,83.461,0.0
2022-01-16 09:08:08.506276,83.59549,84.33875,0.0
2022-01-16 09:08:09.004073,83.9569,84.54425,0.0
2022-01-16 09:08:09.509791,83.18334,84.85375,0.0
2022-01-16 09:08:10.008711,82.87391,84.4415,0.0
2022-01-16 09:08:10.504086,84.21434,83.1515,0.0
2022-01-16 09:08:11.001837,82.9259,84.90575,0.0
2022-01-16 09:08:11.507307,83.23532,84.59625,0.0
2022-01-16 09:08:12.006804,83.13135,84.85375,0.0
2022-01-16 09:08:12.501084,83.28607,83.66775,0.0
2022-01-16 09:08:13.009147,83.9569,84.132,0.0
2022-01-16 09:08:13.505134,83.49276,84.95775,0.0
2022-01-16 09:08:14.003465,83.08061,84.699,0.0
2022-01-16 09:08:14.509070,83.80219,83.7705,0.0
2022-01-16 09:08:15.006775,82.82193,84.184,0.0
2022-01-16 09:08:15.501611,83.28607,83.8745,0.0
2022-01-16 09:08:16.010347,83.39003,85.7315,0.0
2022-01-16 09:08:16.506414,83.13135,83.61575,0.0
2022-01-16 09:08:17.003457,83.80219,84.184,0.0
2022-01-16 09:08:17.508956,83.28607,84.3895,0.0
2022-01-16 09:08:18.009803,83.49276,84.4415,0.0
2022-01-16 09:08:18.504100,83.54475,84.803,0.0
2022-01-16 09:08:19.002304,82.9259,83.565,0.0
2022-01-16 09:08:19.507525,83.59549,84.64825,0.0
2022-01-16 09:08:20.005123,83.33805,84.4935,0.0
2022-01-16 09:08:20.509724,83.33805,84.85375,0.0
2022-01-16 09:08:21.008278,83.64747,83.8745,0.0
2022-01-16 09:08:21.502322,83.28607,84.3895,0.0
2022-01-16 09:08:22.011102,83.33805,84.02925,0.0
2022-01-16 09:08:22.506392,83.54475,84.4415,0.0
2022-01-16 09:08:23.004637,83.28607,84.699,0.0
2022-01-16 09:08:23.510067,82.97664,83.92525,0.0
2022-01-16 09:08:24.006881,83.54475,84.751,0.0
2022-01-16 09:08:24.502067,83.49276,84.02925,0.0
2022-01-16 09:08:25.009939,83.49276,85.21525,0.0
2022-01-16 09:08:25.506910,83.23532,83.565,0.0
2022-01-16 09:08:26.004825,83.33805,84.803,0.0
2022-01-16 09:08:26.509128,83.59549,83.8225,0.0
2022-01-16 09:08:27.007755,83.28607,84.751,0.0
2022-01-16 09:08:27.510998,83.49276,84.95775,0.0
2022-01-16 09:08:28.009870,83.02862,83.71975,0.0
2022-01-16 09:08:28.503972,83.54475,84.803,0.0
2022-01-16 09:08:29.001489,83.54475,83.41025,0.0
2022-01-16 09:08:29.506487,83.54475,85.52475,0.0
2022-01-16 09:08:30.005065,83.18334,83.8745,0.0
2022-01-16 09:08:30.510981,83.28607,84.59625,0.0
2022-01-16 09:08:31.008090,83.59549,83.66775,0.0
2022-01-16 09:08:31.503538,83.18334,85.0085,0.0
2022-01-16 09:08:32.504920,83.33805,83.8225,0.0
2022-01-16 09:08:33.002708,83.13135,83.97725,0.0
2022-01-16 09:08:33.507415,84.05963,84.33875,0.0
2022-01-16 09:08:34.006043,83.13135,85.1125,0.0
2022-01-16 09:08:34.508746,83.59549,84.08,0.0
2022-01-16 09:08:35.006705,83.02862,84.54425,0.0
2022-01-16 09:08:35.502249,83.28607,83.513,0.0
2022-01-16 09:08:36.010613,83.39003,85.26725,0.0
2022-01-16 09:08:36.505855,83.39003,84.59625,0.0
2022-01-16 09:08:37.006413,83.13135,83.7705,0.0
2022-01-16 09:08:37.501281,84.05963,84.64825,0.0
2022-01-16 09:08:38.010400,83.23532,84.132,0.0
2022-01-16 09:08:38.505224,83.44078,85.21525,0.0
2022-01-16 09:08:39.003344,83.28607,83.8225,0.0
2022-01-16 09:08:39.501125,82.9259,85.0085,0.0
2022-01-16 09:08:40.008512,84.11161,83.61575,0.0
2022-01-16 09:08:40.503060,82.9259,85.422,0.0
2022-01-16 09:08:41.010855,82.9259,84.02925,0.0
2022-01-16 09:08:41.504922,83.59549,83.8745,0.0
2022-01-16 09:08:42.002707,83.44078,84.699,0.0
2022-01-16 09:08:42.507660,84.1636,84.184,0.0
2022-01-16 09:08:43.006152,82.77118,85.26725,0.0
2022-01-16 09:08:43.501102,83.33805,83.461,0.0
2022-01-16 09:08:44.001490,83.33805,85.1125,0.07822
2022-01-16 09:08:44.505551,83.69946,83.97725,0.07822
2022-01-16 09:08:45.003309,83.59549,85.1125,54.90062
2022-01-16 09:08:45.508681,82.87391,83.71975,54.90062
2022-01-16 09:08:46.005125,83.59549,84.4935,89.3801
2022-01-16 09:08:46.508877,83.59549,84.3895,89.3801
2022-01-16 09:08:47.007371,83.64747,84.3895,89.2227
2022-01-16 09:08:47.501743,83.02862,84.132,89.2227
2022-01-16 09:08:48.008883,83.54475,84.23475,87.88812
2022-01-16 09:08:48.505569,83.08061,84.803,87.88812
2022-01-16 09:08:49.003847,83.49276,84.23475,86.59218
2022-01-16 09:08:49.509082,82.97664,84.23475,86.59218
2022-01-16 09:08:50.006766,83.54475,84.3895,87.41687
2022-01-16 09:08:50.501822,83.39003,84.4935,87.41687
2022-01-16 09:08:51.009290,83.08061,84.33875,88.20197
2022-01-16 09:08:51.503291,83.69946,84.08,88.20197
2022-01-16 09:08:52.001513,83.02862,84.23475,87.69114
2022-01-16 09:08:52.507579,83.9569,84.699,87.69114
2022-01-16 09:08:53.006429,82.7192,84.33875,75.90989
2022-01-16 09:08:53.511093,83.33805,84.184,75.90989
2022-01-16 09:08:54.009933,83.44078,84.4935,29.45312
2022-01-16 09:08:54.505743,83.33805,84.02925,29.45312
2022-01-16 09:08:55.006128,83.64747,84.751,0.0
2022-01-16 09:08:55.501462,82.82193,84.02925,0.0
2022-01-16 09:08:56.010640,84.05963,84.751,0.0
2022-01-16 09:08:56.505049,83.28607,83.92525,0.0
2022-01-16 09:08:57.002744,83.28607,85.26725,0.0
2022-01-16 09:08:57.510333,83.39003,83.97725,0.0
2022-01-16 09:08:58.008840,82.87391,84.08,0.0
2022-01-16 09:08:58.505222,80.91463,81.55325,0.0
2022-01-16 09:08:59.002949,77.92311,78.509,0.0
2022-01-16 09:08:59.507859,72.71487,73.40225,0.0
2022-01-16 09:09:00.005178,69.41392,70.462,0.0
2022-01-16 09:09:00.501203,67.55737,67.57375,0.0
2022-01-16 09:09:01.000992,65.54611,64.943,0.0
2022-01-16 09:09:01.506089,62.81327,62.415,0.0
2022-01-16 09:09:02.004766,59.04819,59.52675,0.0
2022-01-16 09:09:02.509804,54.50954,57.05075,0.0
2022-01-16 09:09:03.008208,52.70497,54.26525,0.0
2022-01-16 09:09:03.502740,50.59098,51.42775,0.0
2022-01-16 09:09:04.001867,48.16633,48.282,0.0
2022-01-16 09:09:04.506135,45.3815,45.03225,0.0
2022-01-16 09:09:05.004349,40.12128,41.62775,0.0
2022-01-16 09:09:05.508995,37.69786,38.79025,0.0
2022-01-16 09:09:06.006664,37.18174,36.57175,0.0
2022-01-16 09:09:06.504669,42.02981,43.12325,0.0
2022-01-16 09:09:07.002597,40.48269,41.57575,0.0
2022-01-16 09:09:07.509144,38.162,38.79025,0.0
2022-01-16 09:09:08.006965,40.01855,38.326,0.0
2022-01-16 09:09:08.501667,41.25625,43.226,0.0
2022-01-16 09:09:09.009603,39.24499,40.38975,0.0
2022-01-16 09:09:09.504960,38.62614,37.86175,0.0
2022-01-16 09:09:10.003566,40.79211,40.69925,0.0
2022-01-16 09:09:10.508605,39.45168,41.7305,0.0
2022-01-16 09:09:11.006320,38.41944,39.09975,0.0
2022-01-16 09:09:11.510764,41.04955,38.6875,0.0
2022-01-16 09:09:12.011184,39.91582,42.04,0.0
2022-01-16 09:09:12.504976,38.93556,39.66675,0.0
2022-01-16 09:09:13.002060,40.48269,39.77075,0.0
2022-01-16 09:09:13.506874,40.32797,41.57575,0.0
2022-01-16 09:09:14.004800,39.14226,38.84225,0.0
2022-01-16 09:09:14.510294,40.12128,40.33775,0.0
2022-01-16 09:09:15.009032,39.91582,40.802,0.0
2022-01-16 09:09:15.502429,39.14226,38.42875,0.0
2022-01-16 09:09:16.010695,40.12128,41.369,0.0
2022-01-16 09:09:16.507227,39.65714,40.131,0.0
2022-01-16 09:09:17.004818,40.07053,39.77075,0.0
2022-01-16 09:09:17.509003,39.65714,41.421,0.0
2022-01-16 09:09:18.005950,40.27599,39.3065,0.0
2022-01-16 09:09:18.501168,39.34772,40.95675,0.0
2022-01-16 09:09:19.010449,40.07053,39.512,0.0
2022-01-16 09:09:19.505703,39.81185,40.28575,0.0
2022-01-16 09:09:20.003241,39.76111,40.75,0.0
2022-01-16 09:09:20.508213,39.50243,39.04775,0.0
2022-01-16 09:09:21.005655,39.65714,40.69925,0.0
2022-01-16 09:09:21.510316,40.4307,40.5445,0.0
2022-01-16 09:09:22.007016,39.45168,40.4405,0.0
2022-01-16 09:09:22.507373,39.96657,40.33775,0.0
2022-01-16 09:09:23.006211,40.22525,39.8735,0.0
2022-01-16 09:09:23.511211,39.6064,40.4925,0.0
2022-01-16 09:09:24.009326,39.3997,39.564,0.0
2022-01-16 09:09:24.504207,40.32797,40.38975,0.0
2022-01-16 09:09:25.002151,39.96657,40.4925,0.0
2022-01-16 09:09:25.507492,39.14226,39.77075,0.0
2022-01-16 09:09:26.005044,40.32797,41.00875,0.0
2022-01-16 09:09:26.510193,40.22525,40.08025,0.0
2022-01-16 09:09:27.008744,39.09027,41.1635,0.0
2022-01-16 09:09:27.502811,39.76111,39.46125,0.0
2022-01-16 09:09:28.001229,39.70912,40.28575,0.0
2022-01-16 09:09:28.507485,39.70912,40.4925,0.0
2022-01-16 09:09:29.004387,39.70912,39.40925,0.0
2022-01-16 09:09:29.510660,39.6064,40.802,0.0
2022-01-16 09:09:30.008498,39.96657,39.8735,0.0
2022-01-16 09:09:30.503021,39.55441,40.854,0.0
2022-01-16 09:09:31.001566,40.4307,40.183,0.0
2022-01-16 09:09:31.506157,39.29697,40.235,0.0
2022-01-16 09:09:32.005708,40.12128,40.75,0.0
2022-01-16 09:09:32.501693,39.86384,39.04775,0.0
2022-01-16 09:09:33.011281,39.96657,40.95675,0.0
2022-01-16 09:09:33.505165,39.81185,39.8215,0.0
2022-01-16 09:09:34.005361,39.50243,40.08025,0.0
2022-01-16 09:09:34.508932,40.32797,40.64725,0.0
2022-01-16 09:09:35.006922,39.09027,40.131,0.0
2022-01-16 09:09:35.502422,39.76111,40.5445,0.0
2022-01-16 09:09:36.011075,40.17326,39.564,0.0
2022-01-16 09:09:36.505512,39.86384,41.31825,0.0
2022-01-16 09:09:37.003813,39.24499,39.616,0.0
2022-01-16 09:09:37.509849,40.07053,39.8215,0.0
2022-01-16 09:09:38.008672,39.86384,40.4925,0.0
2022-01-16 09:09:38.505275,39.65714,39.8735,0.0
2022-01-16 09:09:39.004319,39.50243,40.4925,0.0
2022-01-16 09:09:39.509057,40.12128,39.46125,0.0
2022-01-16 09:09:40.008786,40.07053,41.62775,0.0
2022-01-16 09:09:40.504899,39.3997,39.9255,0.0
2022-01-16 09:09:41.002653,39.81185,39.564,0.0
2022-01-16 09:09:41.509040,40.53467,41.369,0.0
2022-01-16 09:09:42.006062,39.6064,39.2545,0.0
2022-01-16 09:09:42.504093,38.93556,40.33775,0.0
2022-01-16 09:09:43.002490,40.53467,40.08025,0.0
2022-01-16 09:09:43.508758,39.76111,40.28575,0.0
2022-01-16 09:09:44.006349,39.193,40.02825,0.0
2022-01-16 09:09:44.501976,39.91582,40.08025,0.0
2022-01-16 09:09:45.010433,40.58542,40.802,0.0
2022-01-16 09:09:45.505480,39.24499,39.97625,0.0
2022-01-16 09:09:46.002876,39.55441,40.4405,0.0
2022-01-16 09:09:46.506847,40.22525,40.02825,0.0
2022-01-16 09:09:47.005577,39.6064,40.131,0.0
2022-01-16 09:09:47.501085,39.91582,40.235,0.0
2022-01-16 09:09:48.009551,39.70912,40.28575,0.0
2022-01-16 09:09:48.505295,39.96657,40.02825,0.0
2022-01-16 09:09:49.002687,39.24499,39.97625,0.0
2022-01-16 09:09:49.509144,40.22525,40.5445,0.0
2022-01-16 09:09:50.008243,40.07053,40.183,0.0
2022-01-16 09:09:50.503386,39.14226,40.28575,0.0
2022-01-16 09:09:51.001642,40.4307,40.235,0.0
2022-01-16 09:09:51.508740,39.86384,40.33775,0.0
2022-01-16 09:09:52.006105,39.55441,40.235,0.0
2022-01-16 09:09:52.510970,39.96657,40.02825,0.0
2022-01-16 09:09:53.009666,39.96657,40.69925,0.0
2022-01-16 09:09:53.504133,39.70912,39.66675,0.0
2022-01-16 09:09:54.002314,39.03829,40.64725,0.0
2022-01-16 09:09:54.508644,40.32797,40.235,0.0
2022-01-16 09:09:55.006964,39.76111,40.235,0.0
2022-01-16 09:09:55.502511,39.55441,40.235,0.0
2022-01-16 09:09:56.002482,39.70912,40.28575,0.0
2022-01-16 09:09:56.507862,39.96657,40.75,0.0
2022-01-16 09:09:57.005090,40.07053,39.512,0.0
2022-01-16 09:09:57.510452,39.14226,40.69925,0.0
2022-01-16 09:09:58.008911,40.4307,39.71875,0.0
2022-01-16 09:09:58.503330,40.07053,40.69925,0.0
2022-01-16 09:09:59.001663,39.24499,40.183,0.0
2022-01-16 09:09:59.506565,39.86384,40.4405,0.0
2022-01-16 09:10:00.004858,40.68938,40.38975,0.0
2022-01-16 09:10:00.503076,39.45168,40.28575,0.0
2022-01-16 09:10:01.001041,39.45168,40.235,0.0
2022-01-16 09:10:01.505929,40.22525,40.02825,0.0
2022-01-16 09:10:02.005194,39.45168,39.8215,0.0
2022-01-16 09:10:02.509763,39.65714,39.97625,0.0
2022-01-16 09:10:03.008046,39.34772,40.4405,0.0
2022-01-16 09:10:03.502563,40.17326,39.9255,0.0
2022-01-16 09:10:04.504728,39.193,40.28575,0.0
2022-01-16 09:10:05.004443,40.27599,40.4405,0.0
2022-01-16 09:10:05.510009,40.07053,40.235,0.0
2022-01-16 09:10:06.008514,39.6064,39.8215,31.33812
2022-01-16 09:10:06.505099,39.91582,40.5445,31.33812
2022-01-16 09:10:07.002457,39.55441,39.3065,81.21145
2022-01-16 09:10:07.507759,39.65714,40.59525,81.21145
2022-01-16 09:10:08.003478,40.01855,40.4405,90.12656
2022-01-16 09:10:08.509617,40.27599,40.131,90.12656
2022-01-16 09:10:09.007999,38.83283,40.69925,88.51583
2022-01-16 09:10:09.502463,40.32797,39.8215,88.51583
2022-01-16 09:10:10.010329,40.17326,40.854,88.20197
2022-01-16 09:10:10.505134,38.78085,39.564,88.20197
2022-01-16 09:10:11.003289,40.32797,40.131,71.90426
2022-01-16 09:10:11.508711,39.81185,40.75,71.90426
2022-01-16 09:10:12.005404,39.34772,38.945,-0.03864
2022-01-16 09:10:12.510206,39.3997,40.95675,-0.03864
2022-01-16 09:10:13.007627,40.79211,40.33775,0.0
2022-01-16 09:10:13.503808,39.86384,40.33775,0.0
2022-01-16 09:10:14.001241,39.34772,40.28575,0.0
2022-01-16 09:10:14.506258,40.32797,39.8735,0.0
2022-01-16 09:10:15.004755,39.86384,41.1115,0.0
2022-01-16 09:10:15.510076,39.65714,39.04775,0.0
2022-01-16 09:10:16.008226,39.193,40.64725,0.0
2022-01-16 09:10:16.502832,40.32797,40.183,0.0
2022-01-16 09:10:17.001115,39.81185,39.97625,0.0
2022-01-16 09:10:17.507232,39.09027,40.90475,0.0
2022-01-16 09:10:18.006406,40.22525,40.02825,0.0
2022-01-16 09:10:18.501450,40.27599,40.75,0.0
2022-01-16 09:10:19.010237,39.50243,39.46125,0.0
2022-01-16 09:10:19.505510,39.86384,40.854,0.0
2022-01-16 09:10:20.003165,39.96657,39.9255,0.0
2022-01-16 09:10:20.507588,39.50243,39.8735,0.0
2022-01-16 09:10:21.004700,39.6064,40.28575,0.0
2022-01-16 09:10:21.511046,39.96657,40.131,0.0
2022-01-16 09:10:22.009123,39.14226,40.59525,0.0
2022-01-16 09:10:22.507164,40.32797,40.02825,0.0
2022-01-16 09:10:23.004916,39.65714,40.95675,0.0
2022-01-16 09:10:23.510298,40.01855,39.8215,0.0
2022-01-16 09:10:24.007440,39.70912,40.02825,0.0
2022-01-16 09:10:24.507779,39.65714,40.69925,0.0
2022-01-16 09:10:25.005380,40.58542,39.35725,0.0
2022-01-16 09:10:25.501049,39.24499,40.4405,0.0
2022-01-16 09:10:26.001611,39.70912,39.8215,0.0
2022-01-16 09:10:26.506428,40.12128,40.95675,0.0
2022-01-16 09:10:27.006335,39.76111,40.08025,0.0
2022-01-16 09:10:27.510208,39.3997,40.4405,0.0
2022-01-16 09:10:28.008640,40.17326,40.4925,0.0
2022-01-16 09:10:28.503430,40.17326,39.512,0.0
2022-01-16 09:10:29.001230,39.24499,40.802,0.0
2022-01-16 09:10:29.506355,39.65714,39.8215,0.0
2022-01-16 09:10:30.005223,40.22525,40.08025,0.0
2022-01-16 09:10:30.501646,39.45168,39.8215,0.0
2022-01-16 09:10:31.010430,39.193,40.4405,0.0
2022-01-16 09:10:31.508347,40.27599,40.64725,0.0
2022-01-16 09:10:32.005800,40.37996,40.131,0.0
2022-01-16 09:10:32.510154,39.24499,40.28575,0.0
2022-01-16 09:10:33.008678,39.76111,40.38975,0.0
2022-01-16 09:10:33.501676,40.8441,40.131,0.0
2022-01-16 09:10:34.010772,39.45168,40.183,0.0
2022-01-16 09:10:34.505726,38.98755,40.235,0.0
2022-01-16 09:10:35.004703,40.68938,40.183,0.0
2022-01-16 09:10:35.511067,39.91582,40.131,0.0
2022-01-16 09:10:36.010207,38.78085,40.69925,0.0
2022-01-16 09:10:36.506285,40.27599,40.08025,0.0
2022-01-16 09:10:37.004437,39.96657,40.235,0.0
2022-01-16 09:10:37.510506,38.98755,39.97625,0.0
2022-01-16 09:10:38.010249,39.91582,40.33775,0.0
2022-01-16 09:10:38.505742,39.55441,39.9255,0.0
2022-01-16 09:10:39.003767,40.07053,40.4925,0.0
2022-01-16 09:10:39.507980,39.6064,40.131,0.0
2022-01-16 09:10:40.007365,40.17326,40.08025,0.0
2022-01-16 09:10:40.502119,39.76111,40.4405,0.0
2022-01-16 09:10:41.010483,39.76111,40.183,0.0
2022-01-16 09:10:41.504746,40.12128,40.28575,0.0
2022-01-16 09:10:42.002056,39.76111,39.8735,0.0
2022-01-16 09:10:42.507430,39.193,40.59525,0.0
2022-01-16 09:10:43.002617,40.07053,40.131,0.0
2022-01-16 09:10:43.507057,40.17326,40.33775,0.0
2022-01-16 09:10:44.005136,39.29697,40.131,0.0
2022-01-16 09:10:44.502850,39.86384,40.131,0.0
2022-01-16 09:10:45.010685,39.96657,40.4925,0.0
2022-01-16 09:10:45.506490,39.50243,39.564,0.0
2022-01-16 09:10:46.004988,39.76111,41.31825,0.0
2022-01-16 09:10:46.510918,39.86384,39.77075,0.0
2022-01-16 09:10:47.008386,40.01855,40.08025,0.0
2022-01-16 09:10:47.503471,39.81185,40.4405,0.0
2022-01-16 09:10:48.001547,39.24499,40.02825,0.0
2022-01-16 09:10:48.506677,40.53467,40.5445,0.0
2022-01-16 09:10:49.005054,39.55441,39.2025,0.0
2022-01-16 09:10:49.510547,39.50243,40.95675,0.0
2022-01-16 09:10:50.010101,39.6064,39.8735,0.0
2022-01-16 09:10:50.504886,40.32797,40.183,0.0
2022-01-16 09:10:51.001626,39.50243,40.802,0.0
2022-01-16 09:10:51.507328,39.3997,39.71875,0.0
2022-01-16 09:10:52.005106,40.8441,41.00875,0.0
2022-01-16 09:10:52.509794,39.55441,39.564,0.0
2022-01-16 09:10:53.007780,38.98755,40.90475,0.0
2022-01-16 09:10:53.503447,40.22525,40.131,0.0
2022-01-16 09:10:54.011144,39.96657,39.2025,0.0
2022-01-16 09:10:54.506370,39.34772,41.57575,0.0
2022-01-16 09:10:55.004994,40.01855,39.3065,0.0
2022-01-16 09:10:55.510820,39.86384,40.69925,0.0
2022-01-16 09:10:56.009759,39.6064,40.33775,0.0
2022-01-16 09:10:56.504826,40.32797,40.08025,0.0
2022-01-16 09:10:57.002063,39.6064,40.5445,0.0
2022-01-16 09:10:57.501969,39.45168,39.564,0.0
2022-01-16 09:10:58.010286,39.96657,41.1635,0.0
2022-01-16 09:10:58.504323,39.96657,39.35725,0.0
2022-01-16 09:10:59.002293,39.45168,40.5445,0.0
2022-01-16 09:10:59.509443,39.6064,40.5445,0.0
2022-01-16 09:11:00.007547,40.53467,39.71875,0.0
2022-01-16 09:11:00.509120,39.91582,40.4405,0.0
2022-01-16 09:11:01.009867,39.03829,40.33775,0.0
2022-01-16 09:11:01.505230,40.8441,40.59525,0.0
2022-01-16 09:11:02.004424,39.91582,39.66675,0.0
2022-01-16 09:11:02.509959,38.93556,40.5445,0.0
2022-01-16 09:11:03.008044,39.65714,40.28575,0.0
2022-01-16 09:11:03.502830,40.12128,39.9255,0.0
2022-01-16 09:11:04.505107,39.50243,40.4405,0.0
2022-01-16 09:11:05.001605,40.48269,40.28575,0.0
2022-01-16 09:11:05.509918,39.45168,39.8735,0.0
2022-01-16 09:11:06.008073,39.91582,40.69925,0.0
2022-01-16 09:11:06.504735,39.55441,40.183,0.0
2022-01-16 09:11:07.002551,40.6374,39.616,0.0
2022-01-16 09:11:07.508955,39.70912,40.75,0.0
2022-01-16 09:11:08.005704,38.93556,39.71875,0.0
2022-01-16 09:11:08.510909,40.12128,40.5445,0.0
2022-01-16 09:11:09.007157,40.07053,39.8215,0.0
2022-01-16 09:11:09.501153,39.29697,40.69925,0.0
2022-01-16 09:11:10.008141,39.81185,40.131,0.0
2022-01-16 09:11:10.503316,40.01855,40.131,0.0
2022-01-16 09:11:11.001569,39.55441,40.4405,0.0
2022-01-16 09:11:11.506660,39.55441,39.8735,0.0
2022-01-16 09:11:12.005118,39.96657,40.235,0.0
2022-01-16 09:11:12.509585,39.50243,40.08025,0.0
2022-01-16 09:11:13.005691,39.65714,40.28575,0.0
2022-01-16 09:11:13.509037,39.91582,39.97625,0.0
2022-01-16 09:11:14.005928,39.70912,40.854,0.0
2022-01-16 09:11:14.502236,40.07053,39.9255,0.0
2022-01-16 09:11:15.010689,39.70912,40.28575,0.0
2022-01-16 09:11:15.508517,40.32797,40.235,0.0
2022-01-16 09:11:16.004899,39.14226,40.33775,0.0
2022-01-16 09:11:16.509148,40.12128,40.183,0.0
2022-01-16 09:11:17.005632,40.22525,39.71875,0.0
2022-01-16 09:11:17.510956,39.193,41.0595,0.0
2022-01-16 09:11:18.008036,39.50243,39.8735,0.0
2022-01-16 09:11:18.503970,40.27599,40.5445,0.0
2022-01-16 09:11:19.001711,39.96657,39.8215,0.0
2022-01-16 09:11:19.506943,38.93556,40.4405,0.0
2022-01-16 09:11:20.003316,40.6374,39.8215,0.0
2022-01-16 09:11:20.508673,39.96657,40.183,0.0
2022-01-16 09:11:21.005887,39.29697,40.38975,0.0
2022-01-16 09:11:21.510575,39.6064,39.8215,0.0
2022-01-16 09:11:22.008108,40.27599,40.854,0.0
2022-01-16 09:11:22.503515,39.65714,40.28575,0.0
2022-01-16 09:11:23.010953,39.09027,40.4925,0.0
2022-01-16 09:11:23.504668,40.48269,39.8215,0.0
2022-01-16 09:11:24.002853,39.96657,40.02825,0.0
2022-01-16 09:11:24.510160,39.3997,40.235,0.0
2022-01-16 09:11:25.008829,39.70912,39.9255,0.0
2022-01-16 09:11:25.503535,40.58542,40.38975,0.0
2022-01-16 09:11:26.010700,39.6064,39.97625,0.0
2022-01-16 09:11:26.505919,39.14226,40.64725,0.0
2022-01-16 09:11:27.005635,40.53467,40.5445,0.0
2022-01-16 09:11:27.501421,39.65714,39.8735,0.0
2022-01-16 09:11:28.010494,39.81185,40.69925,0.0
2022-01-16 09:11:28.506292,40.12128,39.3065,0.0
2022-01-16 09:11:29.005464,39.29697,41.00875,0.0
2022-01-16 09:11:29.509964,40.01855,39.77075,0.0
2022-01-16 09:11:30.008502,39.55441,39.97625,0.0
2022-01-16 09:11:30.504669,39.6064,40.59525,0.0
2022-01-16 09:11:31.002451,39.70912,39.66675,0.0
2022-01-16 09:11:31.508018,39.6064,41.369,0.0
2022-01-16 09:11:32.006460,40.12128,39.40925,0.0
2022-01-16 09:11:32.502163,39.29697,41.1115,0.0
2022-01-16 09:11:33.010960,40.48269,40.02825,0.0
2022-01-16 09:11:33.507454,39.65714,39.2025,0.0
2022-01-16 09:11:34.005994,40.22525,41.31825,0.0
2022-01-16 09:11:34.501154,39.34772,39.616,0.0
2022-01-16 09:11:35.006964,39.91582,40.4405,0.0
2022-01-16 09:11:35.501603,40.6374,40.131,0.0
2022-01-16 09:11:36.010125,39.09027,40.38975,0.0
2022-01-16 09:11:36.504964,39.3997,40.802,0.0
2022-01-16 09:11:37.002486,40.22525,39.3065,0.0
2022-01-16 09:11:37.509008,39.6064,41.1115,0.0
2022-01-16 09:11:38.008738,39.3997,39.9255,0.0
2022-01-16 09:11:38.505868,40.12128,40.08025,0.0
2022-01-16 09:11:39.002501,39.86384,40.4405,0.0
2022-01-16 09:11:39.507270,39.50243,40.131,0.0
2022-01-16 09:11:40.005427,39.91582,40.38975,0.0
2022-01-16 09:11:40.510364,40.07053,39.564,0.0
2022-01-16 09:11:41.008615,39.55441,41.31825,0.0
2022-01-16 09:11:41.502026,39.70912,39.71875,0.0
2022-01-16 09:11:42.010737,40.01855,40.235,0.0
2022-01-16 09:11:42.506251,40.32797,40.28575,0.0
2022-01-16 09:11:43.004682,39.29697,40.131,0.0
2022-01-16 09:11:43.509377,39.86384,40.4405,0.0
2022-01-16 09:11:44.006329,40.01855,39.97625,0.0
2022-01-16 09:11:44.510793,39.3997,40.69925,0.0
2022-01-16 09:11:45.009675,39.91582,39.71875,0.0
2022-01-16 09:11:45.505569,39.96657,40.59525,0.0
2022-01-16 09:11:46.004816,39.65714,40.5445,0.0
2022-01-16 09:11:46.510863,39.3997,39.77075,0.0
2022-01-16 09:11:47.010037,40.48269,40.183,0.0
2022-01-16 09:11:47.504770,39.29697,40.131,0.0
2022-01-16 09:11:48.005589,39.76111,40.38975,0.0
2022-01-16 09:11:48.501248,40.37996,39.8735,0.0
2022-01-16 09:11:49.009619,39.24499,40.59525,0.0
2022-01-16 09:11:49.504886,39.70912,40.131,0.0
2022-01-16 09:11:50.002290,39.81185,40.08025,0.0
2022-01-16 09:11:50.507401,40.53467,40.64725,0.0
2022-01-16 09:11:51.005504,39.45168,40.5445,0.0
2022-01-16 09:11:51.501776,39.09027,39.66675,0.0
2022-01-16 09:11:52.001498,40.58542,40.183,0.0
2022-01-16 09:11:52.505876,39.86384,40.59525,0.0
2022-01-16 09:11:53.005062,38.93556,40.08025,0.0
2022-01-16 09:11:53.509098,40.48269,39.9255,0.0
2022-01-16 09:11:54.008034,40.07053,40.4925,0.0
2022-01-16 09:11:54.503503,39.09027,40.28575,0.0
2022-01-16 09:11:55.001683,40.07053,39.97625,0.0
2022-01-16 09:11:55.505922,40.37996,40.5445,0.0
2022-01-16 09:11:56.005234,39.50243,40.235,0.0
2022-01-16 09:11:56.510820,39.29697,40.02825,0.0
2022-01-16 09:11:57.009192,39.86384,40.38975,0.0
2022-01-16 09:11:57.504335,40.12128,40.183,0.0
2022-01-16 09:11:58.002307,39.65714,40.59525,0.0
2022-01-16 09:11:58.507758,39.50243,39.564,0.0
2022-01-16 09:11:59.005599,40.58542,40.64725,0.0
2022-01-16 09:11:59.501037,39.65714,40.33775,0.0
2022-01-16 09:12:00.008276,39.3997,39.97625,0.0
2022-01-16 09:12:00.503100,40.07053,40.90475,0.0
2022-01-16 09:12:01.011238,40.4307,39.616,0.0
2022-01-16 09:12:01.505351,39.55441,40.64725,0.0
2022-01-16 09:12:02.003580,39.65714,39.97625,0.0
2022-01-16 09:12:02.508357,40.27599,40.33775,0.0
2022-01-16 09:12:03.006390,39.50243,40.131,0.0
2022-01-16 09:12:03.501036,39.96657,39.97625,0.0
2022-01-16 09:12:04.001694,39.65714,40.854,0.0
2022-01-16 09:12:04.507405,39.50243,39.66675,0.0
2022-01-16 09:12:05.005799,39.29697,41.00875,0.0
2022-01-16 09:12:05.509779,40.17326,39.97625,0.0
2022-01-16 09:12:06.008937,39.91582,40.33775,0.0
2022-01-16 09:12:06.503601,39.29697,39.9255,0.0
2022-01-16 09:12:07.001134,40.58542,40.02825,0.0
2022-01-16 09:12:07.506150,39.81185,40.4925,0.0
2022-01-16 09:12:08.004442,39.24499,39.35725,0.0
2022-01-16 09:12:08.502290,40.07053,40.75,0.0
2022-01-16 09:12:09.010888,40.27599,40.4405,0.0
2022-01-16 09:12:09.505693,39.55441,40.5445,0.0
2022-01-16 09:12:10.003784,39.03829,40.4405,0.0
2022-01-16 09:12:10.502881,40.94682,39.616,0.0
2022-01-16 09:12:11.010816,39.70912,40.95675,0.0
2022-01-16 09:12:11.504857,39.14226,39.2545,0.0
2022-01-16 09:12:12.005602,40.32797,40.59525,0.0
2022-01-16 09:12:12.501633,39.86384,40.28575,0.0
2022-01-16 09:12:13.010464,39.34772,39.66675,0.0
2022-01-16 09:12:13.505532,39.34772,40.95675,0.0
2022-01-16 09:12:14.002604,40.37996,39.66675,0.0
2022-01-16 09:12:14.507390,39.3997,41.21425,0.0
2022-01-16 09:12:15.005080,39.91582,39.71875,0.0
2022-01-16 09:12:15.510120,39.91582,40.235,0.0
2022-01-16 09:12:16.009220,40.01855,40.38975,41.19479
2022-01-16 09:12:16.504908,40.22525,39.40925,41.19479
2022-01-16 09:12:17.003614,39.34772,40.854,87.37729
2022-01-16 09:12:17.506629,40.17326,39.77075,87.37729
2022-01-16 09:12:18.004904,39.91582,40.95675,90.44041
2022-01-16 09:12:18.510619,39.193,40.4405,90.44041
2022-01-16 09:12:19.009070,39.65714,40.08025,89.26229
2022-01-16 09:12:19.504149,40.17326,40.802,89.26229
2022-01-16 09:12:20.001075,39.65714,39.15175,87.45551
2022-01-16 09:12:20.506038,39.91582,41.00875,87.45551
2022-01-16 09:12:21.004038,39.81185,39.8215,45.94687
2022-01-16 09:12:21.501189,39.86384,39.71875,45.94687
2022-01-16 09:12:22.009022,39.81185,40.69925,-0.07822
2022-01-16 09:12:22.504222,39.91582,40.08025,-0.07822
2022-01-16 09:12:23.002122,39.03829,40.69925,0.0
2022-01-16 09:12:23.506993,40.22525,39.8215,0.0
2022-01-16 09:12:24.005343,39.65714,41.1115,0.0
2022-01-16 09:12:24.509268,39.76111,40.08025,0.0
2022-01-16 09:12:25.007409,39.6064,39.564,0.0
2022-01-16 09:12:25.503448,40.07053,40.64725,0.0
2022-01-16 09:12:26.004088,40.01855,39.8735,0.0
2022-01-16 09:12:26.510782,39.09027,40.131,0.0
2022-01-16 09:12:27.009706,40.37996,40.33775,-0.03864
2022-01-16 09:12:27.503927,40.17326,41.1115,-0.03864
2022-01-16 09:12:28.002176,39.45168,39.9255,0.0
2022-01-16 09:12:28.508480,39.55441,40.08025,0.0
2022-01-16 09:12:29.005130,40.6374,40.4405,0.0
2022-01-16 09:12:29.501775,39.86384,40.235,0.0
2022-01-16 09:12:30.010621,38.83283,39.512,0.0
2022-01-16 09:12:30.508660,40.4307,40.38975,0.0
2022-01-16 09:12:31.006167,40.01855,40.183,0.0
2022-01-16 09:12:31.503070,38.98755,40.183,0.0
2022-01-16 09:12:32.001695,39.81185,40.38975,0.0
2022-01-16 09:12:32.506654,40.22525,40.5445,0.0
2022-01-16 09:12:33.005113,39.70912,40.131,0.0
2022-01-16 09:12:33.509297,39.29697,39.71875,0.0
2022-01-16 09:12:34.007703,40.53467,40.802,0.0
2022-01-16 09:12:34.504508,39.70912,39.3065,0.0
2022-01-16 09:12:35.002087,39.29697,40.28575,0.0
2022-01-16 09:12:35.506474,40.12128,40.183,0.0
2022-01-16 09:12:36.005993,39.91582,40.33775,0.0
2022-01-16 09:12:36.509831,39.81185,40.59525,0.0
2022-01-16 09:12:37.007746,39.81185,40.28575,0.0
2022-01-16 09:12:37.501215,40.12128,40.854,0.0
2022-01-16 09:12:38.009928,38.93556,39.40925,0.0
2022-01-16 09:12:38.506409,40.17326,40.59525,0.0
2022-01-16 09:12:39.006324,40.17326,40.28575,0.0
2022-01-16 09:12:39.502452,39.24499,39.66675,0.0
2022-01-16 09:12:40.010999,39.50243,40.38975,0.0
2022-01-16 09:12:40.505080,39.96657,40.02825,0.0
2022-01-16 09:12:41.004017,40.01855,40.64725,0.0
2022-01-16 09:12:41.502235,39.29697,39.8735,0.0
2022-01-16 09:12:42.001104,40.27599,40.38975,0.0
2022-01-16 09:12:42.506037,39.96657,40.75,0.0
2022-01-16 09:12:43.004634,39.70912,39.35725,0.0
2022-01-16 09:12:43.508961,39.45168,40.854,0.0
2022-01-16 09:12:44.006532,40.37996,39.9255,0.0
2022-01-16 09:12:44.502869,40.01855,40.4925,0.0
2022-01-16 09:12:45.001545,38.98755,39.77075,0.0
2022-01-16 09:12:45.507220,39.76111,40.33775,0.0
2022-01-16 09:12:46.005016,40.4307,40.5445,0.0
2022-01-16 09:12:46.510489,39.24499,39.564,0.0
2022-01-16 09:12:47.008983,39.193,40.95675,0.0
2022-01-16 09:12:47.504660,40.37996,39.71875,0.0
2022-01-16 09:12:48.001898,39.70912,40.90475,0.0
2022-01-16 09:12:48.503516,39.45168,40.08025,0.0
2022-01-16 09:12:49.002335,40.12128,40.08025,0.0
2022-01-16 09:12:49.509120,40.4307,40.235,0.0
2022-01-16 09:12:50.007394,39.193,39.71875,0.0
2022-01-16 09:12:50.503224,39.86384,40.802,0.0
2022-01-16 09:12:51.002365,39.81185,39.77075,0.0
2022-01-16 09:12:51.510930,40.07053,40.854,0.0
2022-01-16 09:12:52.010409,39.193,39.97625,0.0
2022-01-16 09:12:52.505800,40.01855,40.28575,0.0
2022-01-16 09:12:53.003514,40.12128,40.4925,0.0
2022-01-16 09:12:53.509132,39.14226,39.71875,0.0
2022-01-16 09:12:54.008317,40.58542,40.802,0.0
2022-01-16 09:12:54.503389,39.76111,39.2545,0.0
2022-01-16 09:12:55.001833,39.55441,40.64725,0.0
2022-01-16 09:12:55.506919,39.91582,40.802,0.0
2022-01-16 09:12:56.005666,39.81185,39.46125,0.0
2022-01-16 09:12:56.501092,39.29697,40.75,0.0
2022-01-16 09:12:57.008607,39.96657,39.97625,0.0
2022-01-16 09:12:57.503052,40.17326,40.95675,0.0
2022-01-16 09:12:58.001946,39.45168,39.9255,0.0
2022-01-16 09:12:58.510075,39.76111,39.66675,0.0
2022-01-16 09:12:59.007777,39.86384,40.90475,0.0
2022-01-16 09:12:59.502250,39.81185,39.04775,0.0
2022-01-16 09:13:00.010374,39.65714,40.854,0.0
2022-01-16 09:13:00.505987,39.65714,40.38975,0.0
2022-01-16 09:13:01.005557,40.37996,40.183,0.0
2022-01-16 09:13:01.510811,39.76111,40.38975,0.0
2022-01-16 09:13:02.009325,38.83283,39.9255,0.0
2022-01-16 09:13:02.505164,40.94682,40.95675,0.0
2022-01-16 09:13:03.002654,40.01855,39.564,0.0
2022-01-16 09:13:03.508744,38.93556,40.02825,0.0
2022-01-16 09:13:04.006892,40.27599,40.4405,0.0
2022-01-16 09:13:04.501768,40.32797,39.9255,0.0
2022-01-16 09:13:05.010032,39.03829,40.4925,0.0
2022-01-16 09:13:05.506285,39.76111,40.33775,0.0
2022-01-16 09:13:06.004688,39.91582,40.33775,0.0
2022-01-16 09:13:06.502837,39.24499,40.33775,0.0
2022-01-16 09:13:07.010367,40.17326,40.183,0.0
2022-01-16 09:13:07.505724,39.45168,40.64725,0.0
2022-01-16 09:13:08.004431,40.32797,39.564,-0.03864
2022-01-16 09:13:08.510061,39.70912,40.4405,-0.03864
2022-01-16 09:13:09.008674,39.91582,40.33775,0.0
2022-01-16 09:13:09.502794,39.81185,39.8735,0.0
2022-01-16 09:13:10.010062,39.96657,40.802,0.0
2022-01-16 09:13:10.504798,39.81185,40.131,0.0
2022-01-16 09:13:11.004017,39.86384,40.64725,0.0
2022-01-16 09:13:11.508647,39.70912,39.66675,0.0
2022-01-16 09:13:12.007449,39.34772,40.69925,0.0
2022-01-16 09:13:12.503870,40.58542,40.28575,0.0
2022-01-16 09:13:13.000995,39.70912,39.2545,0.0
2022-01-16 09:13:13.505323,39.03829,41.00875,0.0
2022-01-16 09:13:14.004622,40.48269,40.183,0.0
2022-01-16 09:13:14.508635,39.76111,40.33775,0.0
2022-01-16 09:13:15.005522,38.78085,40.38975,0.0
2022-01-16 09:13:15.502282,40.32797,40.235,0.0
2022-01-16 09:13:16.010085,39.96657,40.4405,0.0
2022-01-16 09:13:16.505125,39.86384,39.3065,0.0
2022-01-16 09:13:17.002186,39.29697,41.26625,0.0
2022-01-16 09:13:17.508069,40.79211,39.71875,0.0
2022-01-16 09:13:18.006457,39.91582,39.8735,0.0
2022-01-16 09:13:18.503791,38.98755,40.69925,0.0
2022-01-16 09:13:19.002155,39.86384,40.38975,0.0
2022-01-16 09:13:19.508180,40.4307,40.5445,0.0
2022-01-16 09:13:20.005627,39.45168,39.66675,0.0
2022-01-16 09:13:20.510220,38.98755,40.75,0.0
2022-01-16 09:13:21.008736,40.94682,39.77075,0.0
2022-01-16 09:13:21.503217,39.70912,40.183,0.0
2022-01-16 09:13:22.001046,38.72887,40.38975,0.0
2022-01-16 09:13:22.506180,40.4307,39.40925,0.0
2022-01-16 09:13:23.005115,40.32797,41.21425,0.0
2022-01-16 09:13:23.510351,39.03829,39.77075,0.0
2022-01-16 09:13:24.009554,39.81185,40.854,0.0
2022-01-16 09:13:24.505366,40.12128,39.8215,0.0
2022-01-16 09:13:25.004250,39.24499,40.4405,0.0
2022-01-16 09:13:25.508730,40.32797,40.5445,0.0
2022-01-16 09:13:26.005828,39.70912,39.3065,0.0
2022-01-16 09:13:26.510267,39.81185,40.90475,0.0
2022-01-16 09:13:27.008214,39.70912,39.66675,0.0
2022-01-16 09:13:27.502782,40.01855,40.64725,0.0
2022-01-16 09:13:28.002826,39.96657,40.28575,0.0
2022-01-16 09:13:28.508192,39.09027,40.5445,0.0
2022-01-16 09:13:29.007243,40.32797,40.183,0.0
2022-01-16 09:13:29.501884,39.91582,39.512,0.0
2022-01-16 09:13:30.001306,39.09027,40.95675,0.0
2022-01-16 09:13:30.505930,40.37996,39.77075,0.0
2022-01-16 09:13:31.004701,39.65714,40.4925,0.0
2022-01-16 09:13:31.501322,39.96657,40.183,0.0
2022-01-16 09:13:32.009183,39.29697,40.38975,0.0
2022-01-16 09:13:32.504950,40.01855,40.4925,0.0
2022-01-16 09:13:33.002713,40.22525,39.3065,0.0
2022-01-16 09:13:33.510220,38.88358,40.90475,0.0
2022-01-16 09:13:34.008340,40.17326,39.71875,0.0
2022-01-16 09:13:34.502739,39.86384,40.4405,0.0
2022-01-16 09:13:35.001705,40.17326,40.33775,0.0
2022-01-16 09:13:35.507625,39.193,40.02825,0.0
2022-01-16 09:13:36.005499,40.53467,40.69925,0.0
2022-01-16 09:13:36.509318,40.22525,39.616,0.0
2022-01-16 09:13:37.007503,38.93556,40.802,0.0
2022-01-16 09:13:37.504095,39.91582,39.9255,0.0
2022-01-16 09:13:38.002327,40.48269,39.97625,0.0
2022-01-16 09:13:38.506993,39.34772,40.59525,0.0
2022-01-16 09:13:39.005753,39.09027,39.66675,0.0
2022-01-16 09:13:39.510052,40.68938,40.854,0.0
2022-01-16 09:13:40.008694,39.86384,39.66675,0.0
2022-01-16 09:13:40.503716,38.83283,40.802,0.0
2022-01-16 09:13:41.001924,39.96657,40.02825,0.0
2022-01-16 09:13:41.508155,40.01855,40.08025,0.0
2022-01-16 09:13:42.006767,39.50243,40.802,0.0
2022-01-16 09:13:42.502301,39.91582,39.512,0.0
2022-01-16 09:13:43.010909,39.76111,40.5445,0.0
2022-01-16 09:13:43.504331,40.01855,40.235,0.0
2022-01-16 09:13:44.002825,39.65714,40.28575,0.0
2022-01-16 09:13:44.506495,40.32797,40.235,0.0
2022-01-16 09:13:45.004087,39.50243,40.08025,0.0
2022-01-16 09:13:45.508244,39.65714,40.59525,0.0
2022-01-16 09:13:46.005104,40.27599,39.9255,0.0
2022-01-16 09:13:46.510651,39.45168,40.183,0.0
2022-01-16 09:13:47.010411,39.50243,40.854,0.0
2022-01-16 09:13:47.506569,40.17326,39.8215,0.0
2022-01-16 09:13:48.006287,40.01855,40.02825,0.0
2022-01-16 09:13:48.510069,38.98755,40.64725,0.0
2022-01-16 09:13:49.008482,40.4307,40.131,0.0
2022-01-16 09:13:49.503397,39.86384,40.235,0.0
2022-01-16 09:13:50.001277,39.24499,39.71875,0.0
2022-01-16 09:13:50.505854,39.91582,41.21425,0.0
2022-01-16 09:13:51.004159,39.96657,39.616,0.0
2022-01-16 09:13:51.501249,39.91582,40.131,0.0
2022-01-16 09:13:52.010756,39.34772,40.59525,0.0
2022-01-16 09:13:52.506266,40.01855,39.66675,0.0
2022-01-16 09:13:53.003869,40.12128,40.64725,0.0
2022-01-16 09:13:53.508035,39.6064,40.183,0.0
2022-01-16 09:13:54.005444,39.34772,40.4925,0.0
2022-01-16 09:13:54.510259,40.32797,39.97625,0.0
2022-01-16 09:13:55.009651,40.12128,39.97625,0.0
2022-01-16 09:13:55.504074,39.03829,41.00875,0.0
2022-01-16 09:13:56.004332,40.17326,39.35725,0.0
2022-01-16 09:13:56.508492,40.32797,40.64725,0.0
2022-01-16 09:13:57.006807,39.09027,39.9255,0.0
2022-01-16 09:13:57.501361,39.81185,40.183,0.0
2022-01-16 09:13:58.010592,39.76111,40.4925,0.0
2022-01-16 09:13:58.504075,39.91582,39.97625,0.0
2022-01-16 09:13:59.011016,39.6064,40.75,0.0
2022-01-16 09:13:59.505363,39.96657,39.15175,0.0
2022-01-16 09:14:00.003650,39.76111,41.369,0.0
2022-01-16 09:14:00.510272,39.45168,40.183,0.0
2022-01-16 09:14:01.008588,40.27599,39.66675,0.0
2022-01-16 09:14:01.502760,39.6064,40.64725,0.0
2022-01-16 09:14:02.001909,39.3997,39.97625,0.0
2022-01-16 09:14:02.505638,39.76111,40.69925,0.0
2022-01-16 09:14:03.003412,40.32797,39.46125,0.0
2022-01-16 09:14:03.507684,39.65714,41.1115,0.0
2022-01-16 09:14:04.005742,39.91582,39.77075,0.0
2022-01-16 09:14:04.501498,40.4307,40.02825,0.0
2022-01-16 09:14:05.009041,39.6064,40.95675,0.0
2022-01-16 09:14:05.503270,39.03829,39.616,0.0
2022-01-16 09:14:06.011166,40.17326,40.75,0.0
2022-01-16 09:14:06.505623,39.86384,39.66675,0.0
2022-01-16 09:14:07.002574,38.93556,40.90475,0.0
2022-01-16 09:14:07.508140,39.81185,39.9255,0.0
2022-01-16 09:14:08.005694,40.53467,39.8735,0.0
2022-01-16 09:14:08.510394,39.3997,40.59525,0.0
2022-01-16 09:14:09.008629,39.50243,39.564,0.0
2022-01-16 09:14:09.502033,40.53467,40.64725,0.0
2022-01-16 09:14:10.010182,39.91582,39.97625,0.0
2022-01-16 09:14:10.504185,39.34772,40.64725,0.0
2022-01-16 09:14:11.001694,39.34772,40.131,0.0
2022-01-16 09:14:11.509007,40.79211,40.08025,0.0
2022-01-16 09:14:12.006402,39.3997,40.4925,0.0
2022-01-16 09:14:12.502198,39.03829,39.46125,0.0
2022-01-16 09:14:13.010893,40.58542,40.75,0.0
2022-01-16 09:14:13.508708,39.65714,39.71875,0.0
2022-01-16 09:14:14.006637,39.55441,40.33775,0.0
2022-01-16 09:14:14.502415,39.86384,40.59525,0.0
2022-01-16 09:14:15.010936,40.17326,40.235,0.0
2022-01-16 09:14:15.506766,39.29697,40.33775,0.0
2022-01-16 09:14:16.004732,39.76111,39.616,0.0
2022-01-16 09:14:16.509149,39.65714,40.802,0.0
2022-01-16 09:14:17.007169,40.07053,39.66675,0.0
2022-01-16 09:14:17.503472,39.91582,40.131,0.0
2022-01-16 09:14:18.001477,39.55441,40.183,0.0
2022-01-16 09:14:18.507068,40.22525,40.235,0.0
2022-01-16 09:14:19.005309,39.65714,40.802,0.0
2022-01-16 09:14:19.509815,39.81185,39.97625,0.0
2022-01-16 09:14:20.008160,40.12128,40.64725,0.0
2022-01-16 09:14:20.509180,38.88358,39.71875,0.0
2022-01-16 09:14:21.006305,39.96657,39.97625,0.0
2022-01-16 09:14:22.005397,39.24499,40.02825,0.0
2022-01-16 09:14:22.503115,39.91582,40.235,0.0
2022-01-16 09:14:23.001361,40.12128,40.08025,0.0
2022-01-16 09:14:23.506467,39.6064,40.802,0.0
2022-01-16 09:14:24.004849,39.3997,40.5445,0.0
2022-01-16 09:14:24.511207,40.22525,39.66675,0.0
2022-01-16 09:14:25.008702,39.70912,40.59525,0.0
2022-01-16 09:14:25.503453,39.96657,39.9255,0.0
2022-01-16 09:14:26.001892,39.09027,40.131,0.0
2022-01-16 09:14:26.508569,40.68938,40.183,0.0
2022-01-16 09:14:27.006824,39.91582,40.183,0.0
2022-01-16 09:14:27.510938,38.83283,40.33775,0.0
2022-01-16 09:14:28.008901,40.37996,40.5445,0.0
2022-01-16 09:14:28.503842,40.12128,40.38975,0.0
2022-01-16 09:14:29.002252,38.98755,40.75,0.0
2022-01-16 09:14:29.507867,39.76111,39.40925,0.0
2022-01-16 09:14:30.006749,40.68938,40.95675,0.0
2022-01-16 09:14:30.511216,39.3997,39.77075,0.0
2022-01-16 09:14:31.010289,39.45168,39.8215,0.0
2022-01-16 09:14:31.504966,40.48269,40.4925,0.0
2022-01-16 09:14:32.002544,39.50243,39.8735,0.0
2022-01-16 09:14:32.506402,39.65714,40.802,0.0
2022-01-16 09:14:33.004475,39.96657,39.8215,0.0
2022-01-16 09:14:33.508840,39.29697,41.0595,0.0
2022-01-16 09:14:34.006767,39.91582,39.97625,0.0
2022-01-16 09:14:34.502244,39.76111,39.46125,0.0
2022-01-16 09:14:35.001311,39.55441,41.1635,0.0
2022-01-16 09:14:35.506676,39.50243,39.35725,0.0
2022-01-16 09:14:36.005160,40.48269,40.4405,0.0
2022-01-16 09:14:36.508113,39.86384,40.28575,0.0
2022-01-16 09:14:37.006458,39.55441,40.183,0.0
2022-01-16 09:14:37.510574,39.91582,40.59525,0.0
2022-01-16 09:14:38.008491,40.01855,39.46125,0.0
2022-01-16 09:14:38.504389,40.12128,41.473,0.0
2022-01-16 09:14:39.002554,38.83283,39.46125,0.0
2022-01-16 09:14:39.507173,40.68938,39.97625,0.0
2022-01-16 09:14:40.005762,39.91582,40.59525,0.0
2022-01-16 09:14:40.510977,38.78085,39.71875,0.0
2022-01-16 09:14:41.009137,40.22525,40.59525,0.0
2022-01-16 09:14:41.504928,40.07053,39.8215,0.0
2022-01-16 09:14:42.003237,39.50243,41.26625,0.0
2022-01-16 09:14:42.508094,39.45168,39.71875,0.0
2022-01-16 09:14:43.006634,40.37996,40.5445,0.0
2022-01-16 09:14:43.510772,39.65714,40.38975,0.0
2022-01-16 09:14:44.008407,39.50243,39.66675,0.0
2022-01-16 09:14:44.501561,39.91582,40.4925,0.0
2022-01-16 09:14:45.009197,40.27599,39.9255,0.0
2022-01-16 09:14:45.504812,39.70912,40.4925,0.0
2022-01-16 09:14:46.002910,39.29697,39.66675,0.0
2022-01-16 09:14:46.508211,40.48269,40.95675,0.0
2022-01-16 09:14:47.005900,40.12128,40.08025,0.0
2022-01-16 09:14:47.501099,39.03829,40.235,0.0
2022-01-16 09:14:48.009642,39.91582,40.38975,0.0
2022-01-16 09:14:48.504883,39.91582,39.71875,0.0
2022-01-16 09:14:49.002975,39.29697,40.38975,0.0
2022-01-16 09:14:49.508609,39.45168,39.8215,0.0
2022-01-16 09:14:50.006221,40.27599,40.69925,0.0
2022-01-16 09:14:50.509990,39.55441,39.8735,0.0
2022-01-16 09:14:51.009645,39.6064,39.8735,0.0
2022-01-16 09:14:51.503642,40.4307,40.95675,0.0
2022-01-16 09:14:52.001825,39.29697,39.77075,0.0
2022-01-16 09:14:52.505688,40.27599,40.4405,0.0
2022-01-16 09:14:53.003288,39.76111,40.131,0.0
2022-01-16 09:14:53.509732,39.91582,40.5445,0.0
2022-01-16 09:14:54.008107,38.93556,40.131,0.0
2022-01-16 09:14:54.503477,40.01855,40.02825,0.0
2022-01-16 09:14:55.010351,40.74013,40.5445,0.0
2022-01-16 09:14:55.504926,39.14226,39.71875,0.0
2022-01-16 09:14:56.002021,39.3997,40.69925,0.0
2022-01-16 09:14:56.507413,40.58542,39.9255,0.0
2022-01-16 09:14:57.006068,39.6064,40.5445,0.0
2022-01-16 09:14:57.510935,39.193,40.131,0.0
2022-01-16 09:14:58.010293,40.68938,40.28575,0.0
2022-01-16 09:14:58.508661,39.91582,40.64725,0.0
2022-01-16 09:14:59.006419,38.93556,39.564,0.0
2022-01-16 09:14:59.500998,40.12128,40.802,0.0
2022-01-16 09:15:00.007880,40.22525,39.8215,0.0
2022-01-16 09:15:00.510880,39.45168,40.69925,0.0
2022-01-16 09:15:01.008824,39.6064,40.131,0.0
2022-01-16 09:15:01.502387,40.01855,40.38975,0.0
2022-01-16 09:15:02.010900,39.96657,40.183,0.0
2022-01-16 09:15:02.506435,39.45168,40.38975,0.0
2022-01-16 09:15:03.004772,39.65714,40.131,0.0
2022-01-16 09:15:03.509764,40.27599,40.08025,0.0
2022-01-16 09:15:04.007832,39.50243,39.66675,0.0
2022-01-16 09:15:04.502843,39.65714,40.33775,0.0
2022-01-16 09:15:05.001691,40.12128,40.38975,0.0
2022-01-16 09:15:05.506335,40.22525,40.08025,0.0
2022-01-16 09:15:06.004403,39.34772,40.4925,0.0
2022-01-16 09:15:06.501223,39.86384,40.235,0.0
2022-01-16 09:15:07.008739,39.55441,40.4405,0.0
2022-01-16 09:15:07.504228,39.81185,39.616,0.0
2022-01-16 09:15:08.002267,39.65714,40.38975,0.0
2022-01-16 09:15:08.508447,39.3997,40.02825,0.0
2022-01-16 09:15:09.006425,40.32797,39.564,0.0
2022-01-16 09:15:09.511053,39.193,40.69925,0.0
2022-01-16 09:15:10.005735,40.48269,40.4405,0.0
2022-01-16 09:15:10.501637,39.70912,40.28575,0.0
2022-01-16 09:15:11.001517,39.65714,40.33775,0.0
2022-01-16 09:15:11.506574,40.22525,40.131,0.0
2022-01-16 09:15:12.004516,39.86384,40.90475,0.0
2022-01-16 09:15:12.508680,39.14226,39.09975,0.0
2022-01-16 09:15:13.005666,40.07053,40.59525,0.0
2022-01-16 09:15:13.501088,40.53467,40.33775,0.0
2022-01-16 09:15:14.009008,39.34772,39.09975,0.0
2022-01-16 09:15:14.503832,39.45168,41.369,0.0
2022-01-16 09:15:15.002249,40.58542,39.8735,0.0
2022-01-16 09:15:15.510431,39.55441,41.00875,0.0
2022-01-16 09:15:16.007683,38.98755,39.8215,0.0
2022-01-16 09:15:16.502344,40.22525,40.4405,0.0
2022-01-16 09:15:17.010840,39.6064,40.75,0.0
2022-01-16 09:15:17.504902,39.29697,38.893,0.0
2022-01-16 09:15:18.002666,40.07053,40.95675,0.0
2022-01-16 09:15:18.508630,40.32797,39.77075,0.0
2022-01-16 09:15:19.007773,39.3997,40.33775,0.0
2022-01-16 09:15:19.503481,40.12128,40.59525,0.0
2022-01-16 09:15:20.001738,40.01855,40.38975,0.0
2022-01-16 09:15:20.507443,40.01855,40.38975,0.0
2022-01-16 09:15:21.004844,39.3997,39.8735,0.0
2022-01-16 09:15:21.509323,39.65714,40.95675,0.0
2022-01-16 09:15:22.007242,40.27599,39.66675,0.0
2022-01-16 09:15:22.502202,39.193,40.02825,0.0
2022-01-16 09:15:23.001156,40.22525,40.235,0.0
2022-01-16 09:15:23.508470,39.86384,40.235,0.0
2022-01-16 09:15:24.008030,39.70912,40.38975,0.0
2022-01-16 09:15:24.501730,39.96657,40.08025,0.0
2022-01-16 09:15:25.009717,39.91582,41.00875,0.0
2022-01-16 09:15:25.505586,39.3997,39.616,0.0
2022-01-16 09:15:26.003427,39.50243,40.235,0.0
2022-01-16 09:15:26.509232,40.32797,40.4925,0.0
2022-01-16 09:15:27.006499,39.45168,39.564,0.0
2022-01-16 09:15:27.502995,39.70912,40.183,0.0
2022-01-16 09:15:28.000459,40.12128,40.08025,0.0
2022-01-16 09:15:28.507722,39.96657,41.0595,0.0
2022-01-16 09:15:29.005172,39.50243,39.616,0.0
2022-01-16 09:15:29.501116,39.6064,40.64725,0.0
2022-01-16 09:15:30.009866,40.32797,40.28575,0.0
2022-01-16 09:15:30.505321,39.91582,39.71875,0.0
2022-01-16 09:15:31.002295,38.98755,40.4925,0.0
2022-01-16 09:15:31.509363,40.27599,39.66675,0.0
2022-01-16 09:15:32.007746,40.17326,40.4405,0.0
2022-01-16 09:15:32.502383,39.50243,39.616,0.0
2022-01-16 09:15:33.010787,39.55441,40.802,0.0
2022-01-16 09:15:33.506801,40.74013,40.183,0.0
2022-01-16 09:15:34.004756,39.6064,40.235,0.0
2022-01-16 09:15:34.509590,38.72887,40.28575,0.0
2022-01-16 09:15:35.008738,40.68938,40.235,0.0
2022-01-16 09:15:35.503031,39.76111,40.02825,0.0
2022-01-16 09:15:36.011129,39.34772,40.28575,0.0
2022-01-16 09:15:36.507050,39.6064,40.183,0.0
2022-01-16 09:15:37.005746,40.94682,40.235,0.0
2022-01-16 09:15:37.503623,39.76111,40.235,0.0
2022-01-16 09:15:38.011030,38.93556,40.4405,0.0
2022-01-16 09:15:38.504200,40.27599,40.183,0.0
2022-01-16 09:15:39.001522,40.22525,40.02825,0.0
2022-01-16 09:15:39.506353,39.14226,40.38975,0.0
2022-01-16 09:15:40.004234,39.91582,40.131,0.0
2022-01-16 09:15:40.510817,40.07053,40.08025,0.0
2022-01-16 09:15:41.009277,39.3997,40.59525,0.0
2022-01-16 09:15:41.505097,40.22525,39.97625,0.0
2022-01-16 09:15:42.004436,39.96657,40.131,0.0
2022-01-16 09:15:42.508115,38.88358,40.28575,0.0
2022-01-16 09:15:43.006137,39.96657,40.33775,0.0
2022-01-16 09:15:43.510720,39.91582,40.28575,0.0
2022-01-16 09:15:44.008723,39.34772,39.9255,0.0
2022-01-16 09:15:44.503225,39.91582,40.4405,0.0
2022-01-16 09:15:45.010978,39.70912,40.33775,0.0
2022-01-16 09:15:45.506211,40.01855,40.33775,0.0
2022-01-16 09:15:46.001615,39.34772,40.131,0.0
2022-01-16 09:15:46.507547,40.22525,40.28575,0.0
2022-01-16 09:15:47.005101,40.17326,40.131,0.0
2022-01-16 09:15:47.509431,39.55441,39.8215,0.0
2022-01-16 09:15:48.004620,39.14226,40.90475,0.0
2022-01-16 09:15:48.509810,40.6374,39.564,0.0
2022-01-16 09:15:49.007703,39.86384,40.75,0.0
2022-01-16 09:15:49.502246,38.88358,40.08025,0.0
2022-01-16 09:15:50.010926,40.32797,40.64725,0.0
2022-01-16 09:15:50.505665,39.45168,40.38975,0.0
2022-01-16 09:15:51.004221,39.76111,39.3065,0.0
2022-01-16 09:15:51.501302,39.70912,41.00875,0.0
2022-01-16 09:15:52.010693,39.96657,39.512,0.0
2022-01-16 09:15:52.506212,40.12128,40.64725,0.0
2022-01-16 09:15:53.004959,39.24499,40.4405,0.0
2022-01-16 09:15:53.509090,40.17326,39.71875,0.0
2022-01-16 09:15:54.007297,40.07053,41.00875,0.0
2022-01-16 09:15:54.502871,39.45168,39.564,0.0
2022-01-16 09:15:55.505008,39.96657,39.616,0.0
2022-01-16 09:15:56.001911,39.91582,39.8215,0.0
2022-01-16 09:15:56.509155,39.3997,41.26625,0.0
2022-01-16 09:15:57.007043,40.37996,39.15175,0.0
2022-01-16 09:15:57.501147,39.76111,40.854,0.0
2022-01-16 09:15:58.009539,39.50243,40.28575,0.0
2022-01-16 09:15:58.504228,40.32797,39.9255,0.0
2022-01-16 09:15:59.001725,39.34772,40.802,0.0
2022-01-16 09:15:59.505694,39.91582,39.71875,0.0
2022-01-16 09:16:00.004797,39.65714,40.95675,0.0
2022-01-16 09:16:00.511029,39.76111,39.09975,0.0
2022-01-16 09:16:01.008543,39.50243,40.802,0.0
2022-01-16 09:16:01.503617,40.32797,40.4405,0.0
2022-01-16 09:16:02.003460,40.07053,39.8735,0.0
2022-01-16 09:16:02.509148,39.34772,40.4925,0.0
2022-01-16 09:16:03.005229,39.91582,40.183,0.0
2022-01-16 09:16:03.509498,39.96657,40.69925,0.0
2022-01-16 09:16:04.006511,39.96657,39.616,0.0
2022-01-16 09:16:04.502966,39.03829,40.802,0.0
2022-01-16 09:16:05.011055,40.4307,40.183,0.0
2022-01-16 09:16:05.506085,40.37996,39.8735,0.0
2022-01-16 09:16:06.004296,39.14226,40.33775,0.0
2022-01-16 09:16:06.508600,39.81185,40.4405,0.0
2022-01-16 09:16:07.005650,40.68938,40.131,0.0
2022-01-16 09:16:07.511172,39.55441,40.131,0.0
2022-01-16 09:16:08.007810,38.83283,40.59525,0.0
2022-01-16 09:16:08.501734,40.22525,39.97625,0.0
2022-01-16 09:16:09.010189,39.91582,39.97625,0.0
2022-01-16 09:16:09.507718,38.72887,40.4925,0.0
2022-01-16 09:16:10.002992,40.01855,39.97625,0.0
2022-01-16 09:16:10.506950,40.27599,40.59525,0.0
2022-01-16 09:16:11.004170,39.45168,39.97625,0.0
2022-01-16 09:16:11.509690,39.96657,40.90475,0.0
2022-01-16 09:16:12.008822,39.96657,39.616,0.0
2022-01-16 09:16:12.503598,40.01855,40.64725,0.0
2022-01-16 09:16:13.011124,39.3997,40.131,0.0
2022-01-16 09:16:13.507187,40.12128,39.9255,0.0
2022-01-16 09:16:14.004391,39.55441,40.33775,0.0
2022-01-16 09:16:14.509157,39.86384,40.235,0.0
2022-01-16 09:16:15.005903,40.01855,40.4405,0.0
2022-01-16 09:16:15.501225,39.65714,39.9255,0.0
2022-01-16 09:16:16.009637,39.70912,40.75,0.0
2022-01-16 09:16:16.504690,39.55441,40.08025,0.0
2022-01-16 09:16:17.002623,40.32797,40.02825,0.0
2022-01-16 09:16:17.508230,39.29697,40.183,0.0
2022-01-16 09:16:18.006422,39.6064,40.38975,0.0
2022-01-16 09:16:18.501223,40.17326,39.9255,0.0
2022-01-16 09:16:19.008710,39.91582,40.28575,0.0
2022-01-16 09:16:19.505843,39.50243,40.5445,0.0
2022-01-16 09:16:20.005908,39.96657,40.33775,0.0
2022-01-16 09:16:20.501683,40.4307,40.4405,0.0
2022-01-16 09:16:21.011136,39.65714,40.02825,0.0
2022-01-16 09:16:21.505692,38.88358,40.4925,0.0
2022-01-16 09:16:22.003178,40.68938,39.71875,0.0
2022-01-16 09:16:22.508325,39.70912,40.38975,0.0
2022-01-16 09:16:23.006297,38.78085,40.02825,0.0
2022-01-16 09:16:23.502096,40.4307,39.8735,0.0
2022-01-16 09:16:24.001612,40.32797,40.75,0.0
2022-01-16 09:16:24.507457,39.24499,40.183,0.0
2022-01-16 09:16:25.005410,39.45168,40.38975,0.0
2022-01-16 09:16:25.510846,40.58542,39.9255,0.0
2022-01-16 09:16:26.009974,39.34772,40.28575,0.0
2022-01-16 09:16:26.504329,39.14226,40.183,0.0
2022-01-16 09:16:27.002011,40.22525,39.8735,0.0
2022-01-16 09:16:27.507810,40.12128,40.4925,0.0
2022-01-16 09:16:28.006538,39.14226,39.8215,0.0
2022-01-16 09:16:28.502238,40.22525,40.69925,0.0
2022-01-16 09:16:29.010938,40.12128,40.4925,0.0
2022-01-16 09:16:29.505675,39.6064,40.02825,0.0
2022-01-16 09:16:30.004288,39.81185,40.4925,0.0
2022-01-16 09:16:30.509994,39.91582,39.2025,0.0
2022-01-16 09:16:31.007033,39.76111,41.26625,0.0
2022-01-16 09:16:31.501420,39.29697,39.71875,0.0
2022-01-16 09:16:32.007450,40.6374,40.08025,0.0
2022-01-16 09:16:32.502824,39.55441,40.4925,0.0
2022-01-16 09:16:33.002851,39.55441,40.08025,0.0
2022-01-16 09:16:33.508879,40.53467,40.854,0.0
2022-01-16 09:16:34.005328,39.55441,39.3065,0.0
2022-01-16 09:16:34.510898,39.55441,41.26625,0.0
2022-01-16 09:16:35.010202,40.01855,39.616,0.0
2022-01-16 09:16:35.505311,39.65714,39.8215,0.0
2022-01-16 09:16:36.004321,39.76111,40.75,0.0
2022-01-16 09:16:36.508937,39.24499,39.71875,0.0
2022-01-16 09:16:37.005859,40.12128,40.802,0.0
2022-01-16 09:16:37.502155,39.70912,39.71875,0.0
2022-01-16 09:16:38.001606,39.81185,41.21425,0.0
2022-01-16 09:16:38.506693,40.01855,40.33775,0.0
2022-01-16 09:16:39.005882,40.01855,39.3065,0.0
2022-01-16 09:16:39.501512,40.07053,41.1115,0.0
2022-01-16 09:16:40.009735,38.98755,39.40925,0.0
2022-01-16 09:16:40.503580,40.99881,40.4925,0.0
2022-01-16 09:16:41.001145,39.91582,40.28575,0.0
2022-01-16 09:16:41.506180,38.57415,40.08025,0.0
2022-01-16 09:16:42.006243,40.22525,40.38975,0.0
2022-01-16 09:16:42.509813,40.12128,39.564,0.0
2022-01-16 09:16:43.008358,39.29697,41.369,0.0
2022-01-16 09:16:43.504844,39.65714,39.35725,0.0
2022-01-16 09:16:44.002927,39.96657,40.5445,0.0
2022-01-16 09:16:44.508647,39.3997,40.183,0.0
2022-01-16 09:16:45.006366,40.01855,39.9255,0.0
2022-01-16 09:16:46.005203,40.22525,40.235,0.0
2022-01-16 09:16:46.501866,39.6064,40.4405,0.0
2022-01-16 09:16:47.010431,39.6064,39.71875,0.0
2022-01-16 09:16:47.504048,40.37996,40.64725,0.0
2022-01-16 09:16:48.002211,39.65714,40.4405,0.0
2022-01-16 09:16:48.507463,39.81185,39.8735,0.0
2022-01-16 09:16:49.005107,40.22525,40.08025,0.0
2022-01-16 09:16:49.509680,38.93556,40.59525,0.0
2022-01-16 09:16:50.008164,40.07053,40.183,0.0
2022-01-16 09:16:50.502851,40.07053,39.97625,0.0
2022-01-16 09:16:51.002950,39.34772,40.5445,0.0
2022-01-16 09:16:51.509004,39.34772,40.131,0.0
2022-01-16 09:16:52.005972,40.27599,40.28575,0.0
2022-01-16 09:16:52.509429,40.07053,40.38975,0.0
2022-01-16 09:16:53.007349,38.78085,40.64725,0.0
2022-01-16 09:16:53.502697,40.68938,39.564,0.0
2022-01-16 09:16:54.001302,39.91582,40.33775,0.0
2022-01-16 09:16:54.506167,39.50243,40.4925,0.0
2022-01-16 09:16:55.003288,39.50243,40.08025,0.0
2022-01-16 09:16:55.509988,40.48269,40.02825,0.0
2022-01-16 09:16:56.008309,39.86384,40.235,0.0
2022-01-16 09:16:56.502568,38.98755,40.4405,0.0
2022-01-16 09:16:57.010448,40.17326,40.235,0.0
2022-01-16 09:16:57.505202,40.12128,40.38975,0.0
2022-01-16 09:16:58.003207,39.3997,39.9255,0.0
2022-01-16 09:16:58.507763,39.50243,40.02825,0.0
2022-01-16 09:16:59.005227,40.48269,40.28575,0.0
2022-01-16 09:16:59.510721,39.3997,40.131,0.0
2022-01-16 09:17:00.009999,39.45168,40.183,0.0
2022-01-16 09:17:00.502699,40.12128,39.97625,0.0
2022-01-16 09:17:01.002099,39.65714,40.802,0.0
2022-01-16 09:17:01.507578,39.70912,40.02825,0.0
2022-01-16 09:17:02.005712,39.76111,40.4405,0.0
2022-01-16 09:17:02.501917,39.86384,40.64725,0.0
2022-01-16 09:17:03.011201,40.01855,39.616,0.0
2022-01-16 09:17:03.507729,39.34772,40.4925,0.0
2022-01-16 09:17:04.005878,40.07053,39.77075,0.0
2022-01-16 09:17:04.502203,39.65714,40.59525,0.0
2022-01-16 09:17:05.010571,39.29697,39.66675,0.0
2022-01-16 09:17:05.508232,40.12128,40.08025,0.0
2022-01-16 09:17:06.005633,39.70912,41.1635,0.0
2022-01-16 09:17:06.509118,39.76111,39.3065,0.0
2022-01-16 09:17:07.007987,39.76111,41.0595,0.0
2022-01-16 09:17:07.502424,40.32797,39.77075,0.0
2022-01-16 09:17:08.505119,39.96657,39.8735,0.0
2022-01-16 09:17:09.003040,40.01855,39.97625,0.0
2022-01-16 09:17:09.507460,39.3997,40.5445,0.0
2022-01-16 09:17:10.004210,39.34772,39.512,0.0
2022-01-16 09:17:10.509935,39.70912,40.95675,0.0
2022-01-16 09:17:11.009029,40.37996,39.9255,0.0
2022-01-16 09:17:11.502643,39.09027,40.854,0.0
2022-01-16 09:17:12.010960,40.32797,40.183,0.0
2022-01-16 09:17:12.505745,40.01855,40.02825,0.0
2022-01-16 09:17:13.004252,39.6064,40.64725,0.0
2022-01-16 09:17:13.509649,39.45168,39.3065,0.0
2022-01-16 09:17:14.007826,40.32797,40.95675,0.0
2022-01-16 09:17:14.501971,40.07053,39.66675,0.0
2022-01-16 09:17:15.000931,38.78085,40.4405,0.0
2022-01-16 09:17:15.505817,40.68938,40.4925,0.0
2022-01-16 09:17:16.004670,40.32797,39.77075,0.0
2022-01-16 09:17:16.501478,38.93556,41.1115,0.0
2022-01-16 09:17:17.001283,39.96657,39.15175,0.0
2022-01-16 09:17:17.507557,39.86384,41.1115,0.0
2022-01-16 09:17:18.005132,39.55441,39.77075,30.16
2022-01-16 09:17:18.509832,38.88358,39.71875,30.16
2022-01-16 09:17:19.007648,40.07053,40.75,71.66864
2022-01-16 09:17:19.502651,39.14226,38.73825,71.66864
2022-01-16 09:17:20.010666,40.37996,41.57575,90.44041
2022-01-16 09:17:20.505086,40.17326,39.3065,90.44041
2022-01-16 09:17:21.003453,39.45168,40.75,87.92676
2022-01-16 09:17:21.509585,40.99881,40.59525,87.92676
