時間,回転１,回転２,回転３
2022-01-16 15:00:00.007828,0.0,0.0,0.0
2022-01-16 15:00:00.504822,0.0,0.0,0.0
2022-01-16 15:00:01.010244,0.0,0.0,0.0
2022-01-16 15:00:01.507082,0.0,0.0,0.0
2022-01-16 15:00:02.005065,0.0,0.0,0.0
2022-01-16 15:00:02.501229,0.0,0.0,0.0
2022-01-16 15:00:03.008883,0.0,0.0,0.0
2022-01-16 15:00:03.503819,0.0,0.0,0.0
2022-01-16 15:00:04.000741,0.0,0.0,0.0
2022-01-16 15:00:04.507504,0.0,0.0,0.0
2022-01-16 15:00:05.005224,0.0,0.0,0.0
2022-01-16 15:00:05.509437,0.0,0.0,0.0
2022-01-16 15:00:06.006581,0.0,0.0,0.0
2022-01-16 15:00:06.511202,0.0,0.0,0.0
2022-01-16 15:00:07.009515,0.0,0.0,0.0
2022-01-16 15:00:07.505248,0.0,0.0,0.0
2022-01-16 15:00:08.003429,0.0,0.0,0.0
2022-01-16 15:00:08.507399,0.0,0.0,0.0
2022-01-16 15:00:09.006675,0.0,0.0,0.0
2022-01-16 15:00:09.501468,0.0,0.0,0.0
2022-01-16 15:00:10.001130,0.0,0.0,0.0
2022-01-16 15:00:10.505002,0.0,0.0,0.0
2022-01-16 15:00:11.002340,0.0,0.0,0.0
2022-01-16 15:00:11.507677,0.0,0.0,0.0
2022-01-16 15:00:12.005171,0.0,0.0,0.0
2022-01-16 15:00:12.510210,0.0,0.0,0.0
2022-01-16 15:00:13.009716,0.0,0.0,0.0
2022-01-16 15:00:13.505986,0.0,0.0,0.0
2022-01-16 15:00:14.004139,0.0,0.0,0.0
2022-01-16 15:00:14.509160,0.0,0.0,0.0
2022-01-16 15:00:15.005340,0.0,0.0,0.0
2022-01-16 15:00:15.509046,0.0,0.0,0.0
2022-01-16 15:00:16.006288,0.0,0.0,0.0
2022-01-16 15:00:16.501852,0.0,0.0,0.0
2022-01-16 15:00:17.505004,0.0,0.0,0.0
2022-01-16 15:00:18.002399,0.0,0.0,0.0
2022-01-16 15:00:18.509160,0.0,0.0,0.0
2022-01-16 15:00:19.007205,0.0,0.0,0.0
2022-01-16 15:00:19.501082,0.0,0.0,0.0
2022-01-16 15:00:20.009494,0.0,0.0,0.0
2022-01-16 15:00:20.504559,0.0,0.0,0.0
2022-01-16 15:00:21.002351,0.0,0.0,0.0
2022-01-16 15:00:21.506320,0.0,0.0,0.0
2022-01-16 15:00:22.004641,0.0,0.0,0.0
2022-01-16 15:00:22.502317,0.0,0.0,0.0
2022-01-16 15:00:23.002553,0.0,0.0,0.0
2022-01-16 15:00:23.507008,0.0,0.0,0.0
2022-01-16 15:00:24.004796,0.0,0.0,0.0
2022-01-16 15:00:24.510765,0.0,0.0,0.0
2022-01-16 15:00:25.008763,0.0,0.0,0.0
2022-01-16 15:00:25.504198,0.0,0.0,0.0
2022-01-16 15:00:26.001395,0.0,0.0,0.0
2022-01-16 15:00:26.507276,0.0,0.0,0.0
2022-01-16 15:00:27.005555,0.0,0.0,0.0
2022-01-16 15:00:27.501709,0.0,0.0,0.0
2022-01-16 15:00:28.010641,0.0,0.0,0.0
2022-01-16 15:00:28.505122,0.0,0.0,0.0
2022-01-16 15:00:29.003007,0.0,0.0,0.0
2022-01-16 15:00:29.507601,0.0,0.0,0.0
2022-01-16 15:00:30.005751,0.0,0.0,0.0
2022-01-16 15:00:30.510878,0.0,0.0,0.0
2022-01-16 15:00:31.009188,0.0,0.0,0.0
2022-01-16 15:00:31.504398,0.0,0.0,0.0
2022-01-16 15:00:32.001910,0.0,0.0,0.0
2022-01-16 15:00:32.505676,0.0,0.0,0.0
2022-01-16 15:00:33.003444,0.0,0.0,0.0
2022-01-16 15:00:33.507050,0.0,0.0,0.0
2022-01-16 15:00:34.004772,0.0,0.0,0.0
2022-01-16 15:00:34.510356,0.0,0.0,0.0
2022-01-16 15:00:35.009165,0.0,0.0,0.0
2022-01-16 15:00:35.506252,0.0,0.0,0.0
2022-01-16 15:00:36.004571,0.0,0.0,0.0
2022-01-16 15:00:36.508741,0.0,0.0,0.0
2022-01-16 15:00:37.005085,0.0,0.0,0.0
2022-01-16 15:00:37.509565,0.0,0.0,0.0
2022-01-16 15:00:38.007440,0.0,0.0,0.0
2022-01-16 15:00:38.501590,0.0,0.0,0.0
2022-01-16 15:00:39.009429,0.0,0.0,0.0
2022-01-16 15:00:39.503705,0.0,0.0,0.0
2022-01-16 15:00:40.002688,0.0,0.0,0.0
2022-01-16 15:00:40.507493,0.0,0.0,0.0
2022-01-16 15:00:41.005041,0.0,0.0,0.0
2022-01-16 15:00:41.509723,0.0,0.0,0.0
2022-01-16 15:00:42.007893,0.0,0.0,0.0
2022-01-16 15:00:43.004246,0.0,0.0,0.0
2022-01-16 15:00:43.508632,0.0,0.0,0.0
2022-01-16 15:00:44.006427,0.0,0.0,0.0
2022-01-16 15:00:44.501647,0.0,0.0,0.0
2022-01-16 15:00:45.010898,0.0,0.0,0.0
2022-01-16 15:00:45.505932,0.0,0.0,0.0
2022-01-16 15:00:46.005040,0.0,0.0,0.0
2022-01-16 15:00:46.508558,0.0,0.0,0.0
2022-01-16 15:00:47.006495,0.0,0.0,0.0
2022-01-16 15:00:47.510185,0.0,0.0,0.0
2022-01-16 15:00:48.008142,0.0,0.0,0.0
2022-01-16 15:00:48.502666,0.0,0.0,0.0
2022-01-16 15:00:49.002262,0.0,0.0,0.0
2022-01-16 15:00:49.508368,0.0,0.0,0.0
2022-01-16 15:00:50.005529,0.0,0.0,0.0
2022-01-16 15:00:50.510140,0.0,0.0,0.0
2022-01-16 15:00:51.009718,0.0,0.0,0.0
2022-01-16 15:00:51.504710,0.0,0.0,0.0
2022-01-16 15:00:52.002860,0.0,0.0,0.0
2022-01-16 15:00:52.508383,0.0,0.0,0.0
2022-01-16 15:00:53.006200,0.0,0.0,0.0
2022-01-16 15:00:53.502146,0.0,0.0,0.0
2022-01-16 15:00:54.010174,0.0,0.0,0.0
2022-01-16 15:00:54.503766,0.0,0.0,0.0
2022-01-16 15:00:55.001580,0.0,0.0,0.0
2022-01-16 15:00:55.507500,0.0,0.0,0.0
2022-01-16 15:00:56.005644,0.0,0.0,0.0
2022-01-16 15:00:56.509737,0.0,0.0,0.0
2022-01-16 15:00:57.008229,0.0,0.0,0.0
2022-01-16 15:00:57.504777,0.0,0.0,0.0
2022-01-16 15:00:58.003447,0.0,0.0,0.0
2022-01-16 15:00:58.508135,0.0,0.0,0.0
2022-01-16 15:00:59.006263,0.0,0.0,0.0
2022-01-16 15:00:59.501088,0.0,0.0,0.0
2022-01-16 15:01:00.009294,0.0,0.0,0.0
2022-01-16 15:01:00.501180,0.0,0.0,0.0
2022-01-16 15:01:01.008800,0.0,0.0,0.0
2022-01-16 15:01:01.504657,0.0,0.0,0.0
2022-01-16 15:01:02.003912,0.0,0.0,0.0
2022-01-16 15:01:02.506496,0.0,0.0,0.0
2022-01-16 15:01:03.005024,0.0,0.0,0.0
2022-01-16 15:01:03.509903,0.0,0.0,0.0
2022-01-16 15:01:04.008203,0.0,0.0,0.0
2022-01-16 15:01:04.503142,0.0,0.0,0.0
2022-01-16 15:01:05.011226,0.0,0.0,0.0
2022-01-16 15:01:05.506876,0.0,0.0,0.0
2022-01-16 15:01:06.004921,0.0,0.0,0.0
2022-01-16 15:01:07.005078,0.0,0.0,0.0
2022-01-16 15:01:07.509208,0.0,0.0,0.0
2022-01-16 15:01:08.008574,0.0,0.0,0.0
2022-01-16 15:01:08.505305,0.0,0.0,0.0
2022-01-16 15:01:09.004028,0.0,0.0,0.0
2022-01-16 15:01:09.508717,0.0,0.0,0.0
2022-01-16 15:01:10.007139,0.0,0.0,0.0
2022-01-16 15:01:10.502157,0.0,0.0,0.0
2022-01-16 15:01:11.010437,0.0,0.0,0.0
2022-01-16 15:01:11.506919,0.0,0.0,0.0
2022-01-16 15:01:12.004712,0.0,0.0,0.0
2022-01-16 15:01:12.509657,0.0,0.0,0.0
2022-01-16 15:01:13.007916,0.0,0.0,0.0
2022-01-16 15:01:13.503493,0.0,0.0,0.0
2022-01-16 15:01:14.001549,0.0,0.0,0.0
2022-01-16 15:01:14.501759,0.0,0.0,0.0
2022-01-16 15:01:15.006905,0.0,0.0,0.0
2022-01-16 15:01:15.505849,0.0,0.0,0.0
2022-01-16 15:01:16.004989,0.0,0.0,0.0
2022-01-16 15:01:16.509541,0.0,0.0,0.0
2022-01-16 15:01:17.008101,0.0,0.0,0.0
2022-01-16 15:01:17.502628,0.0,0.0,0.0
2022-01-16 15:01:18.009731,0.0,0.0,0.0
2022-01-16 15:01:18.504162,0.0,0.0,0.0
2022-01-16 15:01:19.002233,0.0,0.0,0.0
2022-01-16 15:01:19.508824,0.0,0.0,0.0
2022-01-16 15:01:20.006840,0.0,0.0,0.0
2022-01-16 15:01:20.502183,0.0,0.0,0.0
2022-01-16 15:01:21.011067,0.0,0.0,0.0
2022-01-16 15:01:21.506392,0.0,0.0,0.0
2022-01-16 15:01:22.004958,0.0,0.0,0.0
2022-01-16 15:01:22.501859,0.0,0.0,0.0
2022-01-16 15:01:23.010651,0.0,0.0,0.0
2022-01-16 15:01:23.505421,0.0,0.0,0.0
2022-01-16 15:01:24.002306,0.0,0.0,0.0
2022-01-16 15:01:24.506467,0.0,0.0,0.0
2022-01-16 15:01:25.004159,0.0,0.0,0.0
2022-01-16 15:01:25.509058,0.0,0.0,0.0
2022-01-16 15:01:26.006443,0.0,0.0,0.0
2022-01-16 15:01:26.502583,0.0,0.0,0.0
2022-01-16 15:01:27.001418,0.0,0.0,0.0
2022-01-16 15:01:27.507092,0.0,0.0,0.0
2022-01-16 15:01:28.005002,0.0,0.0,0.0
2022-01-16 15:01:28.510498,0.0,0.0,0.0
2022-01-16 15:01:29.009162,0.0,0.0,0.0
2022-01-16 15:01:29.505325,0.0,0.0,0.0
2022-01-16 15:01:30.002335,0.0,0.0,0.0
2022-01-16 15:01:30.507159,0.0,0.0,0.0
2022-01-16 15:01:31.005701,0.0,0.0,0.0
2022-01-16 15:01:31.510270,0.0,0.0,0.0
2022-01-16 15:01:32.009266,0.0,0.0,0.0
2022-01-16 15:01:32.503745,0.0,0.0,0.0
2022-01-16 15:01:33.010403,0.0,0.0,0.0
2022-01-16 15:01:33.507792,0.0,0.0,0.0
2022-01-16 15:01:34.005571,0.0,0.0,0.0
2022-01-16 15:01:34.510321,0.0,0.0,0.0
2022-01-16 15:01:35.008233,0.0,0.0,0.0
2022-01-16 15:01:35.502840,0.0,0.0,0.0
2022-01-16 15:01:36.001600,0.0,0.0,0.0
2022-01-16 15:01:36.506635,0.0,0.0,0.0
2022-01-16 15:01:37.004462,0.0,0.0,0.0
2022-01-16 15:01:37.509799,0.0,0.0,0.0
2022-01-16 15:01:38.008369,0.0,0.0,0.0
2022-01-16 15:01:38.503742,0.0,0.0,0.0
2022-01-16 15:01:39.002328,0.0,0.0,0.0
2022-01-16 15:01:39.508172,0.0,0.0,0.0
2022-01-16 15:01:40.005252,0.0,0.0,0.0
2022-01-16 15:01:40.509742,0.0,0.0,0.0
2022-01-16 15:01:41.006281,0.0,0.0,0.0
2022-01-16 15:01:41.510911,0.0,0.0,0.0
2022-01-16 15:01:42.008114,0.0,0.0,0.0
2022-01-16 15:01:42.504672,0.0,0.0,0.0
2022-01-16 15:01:43.002865,0.0,0.0,0.0
2022-01-16 15:01:43.508422,0.0,0.0,0.0
2022-01-16 15:01:44.006155,0.0,0.0,0.0
2022-01-16 15:01:44.501467,0.0,0.0,0.0
2022-01-16 15:01:45.010446,0.0,0.0,0.0
2022-01-16 15:01:45.505362,0.0,0.0,0.0
2022-01-16 15:01:46.002261,0.0,0.0,0.0
2022-01-16 15:01:46.508910,0.0,0.0,0.0
2022-01-16 15:01:47.008314,0.0,0.0,0.0
2022-01-16 15:01:47.503655,0.0,0.0,0.0
2022-01-16 15:01:48.010370,0.0,0.0,0.0
2022-01-16 15:01:48.504491,0.0,0.0,0.0
2022-01-16 15:01:49.003179,0.0,0.0,0.0
2022-01-16 15:01:49.508686,0.0,0.0,0.0
2022-01-16 15:01:50.006847,0.0,0.0,0.0
2022-01-16 15:01:50.501364,0.0,0.0,0.0
2022-01-16 15:01:51.008564,0.0,0.0,0.0
2022-01-16 15:01:51.504702,0.0,0.0,0.0
2022-01-16 15:01:52.002245,0.0,0.0,0.0
2022-01-16 15:01:52.509078,0.0,0.0,0.0
2022-01-16 15:01:53.007713,0.0,0.0,0.0
2022-01-16 15:01:53.502400,0.0,0.0,0.0
2022-01-16 15:01:54.010842,0.0,0.0,0.0
2022-01-16 15:01:54.505948,0.0,0.0,0.0
2022-01-16 15:01:55.004317,0.0,0.0,0.0
2022-01-16 15:01:55.510382,0.0,0.0,0.0
2022-01-16 15:01:56.008617,0.0,0.0,0.0
2022-01-16 15:01:56.502437,0.0,0.0,0.0
2022-01-16 15:01:57.010221,0.0,0.0,0.0
2022-01-16 15:01:57.504400,0.0,0.0,0.0
2022-01-16 15:01:58.002339,0.0,0.0,0.0
2022-01-16 15:01:58.507258,0.0,0.0,0.0
2022-01-16 15:01:59.004179,0.0,0.0,0.0
2022-01-16 15:01:59.509801,0.0,0.0,0.0
2022-01-16 15:02:00.007060,0.0,0.0,0.0
2022-01-16 15:02:00.503551,0.0,0.0,0.0
2022-01-16 15:02:01.001130,0.0,0.0,0.0
2022-01-16 15:02:01.505611,0.0,0.0,0.0
2022-01-16 15:02:02.004162,0.0,0.0,0.0
2022-01-16 15:02:02.509874,0.0,0.0,0.0
2022-01-16 15:02:03.006978,0.0,0.0,0.0
2022-01-16 15:02:03.502227,0.0,0.0,0.0
2022-01-16 15:02:04.001656,0.0,0.0,0.0
2022-01-16 15:02:04.509001,0.0,0.0,0.0
2022-01-16 15:02:05.006524,0.0,0.0,0.0
2022-01-16 15:02:05.502072,0.0,0.0,0.0
2022-01-16 15:02:06.010544,0.0,0.0,0.0
2022-01-16 15:02:06.504568,0.0,0.0,0.0
2022-01-16 15:02:07.003470,0.0,0.0,0.0
2022-01-16 15:02:07.508016,0.0,0.0,0.0
2022-01-16 15:02:08.006915,0.0,0.0,0.0
2022-01-16 15:02:08.504081,0.0,0.0,0.0
2022-01-16 15:02:09.011244,0.0,0.0,0.0
2022-01-16 15:02:09.506554,0.0,0.0,0.0
2022-01-16 15:02:10.005315,0.0,0.0,0.0
2022-01-16 15:02:10.508656,0.0,0.0,0.0
2022-01-16 15:02:11.005860,0.0,0.0,0.0
2022-01-16 15:02:11.509587,0.0,0.0,0.0
2022-01-16 15:02:12.006346,0.0,0.0,0.0
2022-01-16 15:02:12.501093,0.0,0.0,0.0
2022-01-16 15:02:13.009109,0.0,0.0,0.0
2022-01-16 15:02:13.505594,0.0,0.0,0.0
2022-01-16 15:02:14.003040,0.0,0.0,0.0
2022-01-16 15:02:14.508714,0.0,0.0,0.0
2022-01-16 15:02:15.005313,0.0,0.0,0.0
2022-01-16 15:02:15.509646,0.0,0.0,0.0
2022-01-16 15:02:16.006993,0.0,0.0,0.0
2022-01-16 15:02:17.004591,0.0,0.0,0.0
2022-01-16 15:02:17.505003,0.0,0.0,0.0
2022-01-16 15:02:18.002333,0.0,0.0,0.0
2022-01-16 15:02:18.508465,0.0,0.0,0.0
2022-01-16 15:02:19.006376,0.0,0.0,0.0
2022-01-16 15:02:19.501680,0.0,0.0,0.0
2022-01-16 15:02:20.010021,0.0,0.0,0.0
2022-01-16 15:02:20.503645,0.0,0.0,0.0
2022-01-16 15:02:21.002419,0.0,0.0,0.0
2022-01-16 15:02:21.510309,0.0,0.0,0.0
2022-01-16 15:02:22.008485,0.0,0.0,0.0
2022-01-16 15:02:22.502267,0.0,0.0,0.0
2022-01-16 15:02:23.001254,0.0,0.0,0.0
2022-01-16 15:02:23.508291,0.0,0.0,0.0
2022-01-16 15:02:24.005724,0.0,0.0,0.0
2022-01-16 15:02:24.511246,0.0,0.0,0.0
2022-01-16 15:02:25.010189,0.0,0.0,0.0
2022-01-16 15:02:25.504441,0.0,0.0,0.0
2022-01-16 15:02:26.002327,0.0,0.0,0.0
2022-01-16 15:02:26.506411,0.0,0.0,0.0
2022-01-16 15:02:27.004826,0.0,0.0,0.0
2022-01-16 15:02:27.510390,0.0,0.0,0.0
2022-01-16 15:02:28.007970,0.0,0.0,0.0
2022-01-16 15:02:28.502842,0.0,0.0,0.0
2022-01-16 15:02:29.010314,0.0,0.0,0.0
2022-01-16 15:02:29.505172,0.0,0.0,0.0
2022-01-16 15:02:30.003425,0.0,0.0,0.0
2022-01-16 15:02:30.509752,0.0,0.0,0.0
2022-01-16 15:02:31.008148,0.0,0.0,0.0
2022-01-16 15:02:31.502597,0.0,0.0,0.0
2022-01-16 15:02:32.001093,0.0,0.0,0.0
2022-01-16 15:02:32.504567,0.0,0.0,0.0
2022-01-16 15:02:33.001923,0.0,0.0,0.0
2022-01-16 15:02:33.507483,0.0,0.0,0.0
2022-01-16 15:02:34.005094,0.0,0.0,0.0
2022-01-16 15:02:34.510241,0.0,0.0,0.0
2022-01-16 15:02:35.007585,0.0,0.0,0.0
2022-01-16 15:02:35.501893,0.0,0.0,0.0
2022-01-16 15:02:36.010197,0.0,0.0,0.0
2022-01-16 15:02:36.506248,0.0,0.0,0.0
2022-01-16 15:02:37.003418,0.0,0.0,0.0
2022-01-16 15:02:37.508549,0.0,0.0,0.0
2022-01-16 15:02:38.006172,0.0,0.0,0.0
2022-01-16 15:02:38.510289,0.0,0.0,0.0
2022-01-16 15:02:39.008871,0.0,0.0,0.0
2022-01-16 15:02:39.502837,0.0,0.0,0.0
2022-01-16 15:02:40.001091,0.0,0.0,0.0
2022-01-16 15:02:40.507712,0.0,0.0,0.0
2022-01-16 15:02:41.007084,0.0,0.0,0.0
2022-01-16 15:02:41.501629,0.0,0.0,0.0
2022-01-16 15:02:42.011119,0.0,0.0,0.0
2022-01-16 15:02:42.506333,0.0,0.0,0.0
2022-01-16 15:02:43.003363,0.0,0.0,0.0
2022-01-16 15:02:43.507668,0.0,0.0,0.0
2022-01-16 15:02:44.005373,0.0,0.0,0.0
2022-01-16 15:02:44.506125,0.0,0.0,0.0
2022-01-16 15:02:45.004889,0.0,0.0,0.0
2022-01-16 15:02:45.501944,0.0,0.0,0.0
2022-01-16 15:02:46.010301,0.0,0.0,0.0
2022-01-16 15:02:46.505476,0.0,0.0,0.0
2022-01-16 15:02:47.002003,0.0,0.0,0.0
2022-01-16 15:02:47.508653,0.0,0.0,0.0
2022-01-16 15:02:48.006094,0.0,0.0,0.0
2022-01-16 15:02:48.510942,0.0,0.0,0.0
2022-01-16 15:02:49.008345,0.0,0.0,0.0
2022-01-16 15:02:49.503649,0.0,0.0,0.0
2022-01-16 15:02:50.010626,0.0,0.0,0.0
2022-01-16 15:02:50.505214,0.0,0.0,0.0
2022-01-16 15:02:51.003569,0.0,0.0,0.0
2022-01-16 15:02:51.508429,0.0,0.0,0.0
2022-01-16 15:02:52.005703,0.0,0.0,0.0
2022-01-16 15:02:52.509934,0.0,0.0,0.0
2022-01-16 15:02:53.007269,0.0,0.0,0.0
2022-01-16 15:02:53.503023,0.0,0.0,0.0
2022-01-16 15:02:54.002308,0.0,0.0,0.0
2022-01-16 15:02:54.507340,0.0,0.0,0.0
2022-01-16 15:02:55.005307,0.0,0.0,0.0
2022-01-16 15:02:55.508940,0.0,0.0,0.0
2022-01-16 15:02:56.005696,0.0,0.0,0.0
2022-01-16 15:02:56.510904,0.0,0.0,0.0
2022-01-16 15:02:57.009743,0.0,0.0,0.0
2022-01-16 15:02:57.504380,0.0,0.0,0.0
2022-01-16 15:02:58.002428,0.0,0.0,0.0
2022-01-16 15:02:58.509151,0.0,0.0,0.0
2022-01-16 15:02:59.006974,0.0,0.0,0.0
2022-01-16 15:02:59.510249,0.0,0.0,0.0
2022-01-16 15:03:00.006315,0.0,0.0,0.0
2022-01-16 15:03:00.510711,0.0,0.0,0.0
2022-01-16 15:03:01.007915,0.0,0.0,0.0
2022-01-16 15:03:01.502545,0.0,0.0,0.0
2022-01-16 15:03:02.010435,0.0,0.0,0.0
2022-01-16 15:03:02.508108,0.0,0.0,0.0
2022-01-16 15:03:03.006156,0.0,0.0,0.0
2022-01-16 15:03:03.501243,0.0,0.0,0.0
2022-01-16 15:03:04.010016,0.0,0.0,0.0
2022-01-16 15:03:04.503536,0.0,0.0,0.0
2022-01-16 15:03:05.001176,0.0,0.0,0.0
2022-01-16 15:03:05.508005,0.0,0.0,0.0
2022-01-16 15:03:06.005524,0.0,0.0,0.0
2022-01-16 15:03:06.509360,0.0,0.0,0.0
2022-01-16 15:03:07.008183,0.0,0.0,0.0
2022-01-16 15:03:07.501997,0.0,0.0,0.0
2022-01-16 15:03:08.001102,0.0,0.0,0.0
2022-01-16 15:03:08.507062,0.0,0.0,0.0
2022-01-16 15:03:09.004265,0.0,0.0,0.0
2022-01-16 15:03:09.507849,0.0,0.0,0.0
2022-01-16 15:03:10.004850,0.0,0.0,0.0
2022-01-16 15:03:10.507439,0.0,0.0,0.0
2022-01-16 15:03:11.005792,0.0,0.0,0.0
2022-01-16 15:03:11.503390,0.0,0.0,0.0
2022-01-16 15:03:12.002650,0.0,0.0,0.0
2022-01-16 15:03:12.509429,0.0,0.0,0.0
2022-01-16 15:03:13.008534,0.0,0.0,0.0
2022-01-16 15:03:13.501995,0.0,0.0,0.0
2022-01-16 15:03:14.001428,0.0,0.0,0.0
2022-01-16 15:03:14.508388,0.0,0.0,0.0
2022-01-16 15:03:15.005739,0.0,0.0,0.0
2022-01-16 15:03:15.507767,0.0,0.0,0.0
2022-01-16 15:03:16.005439,0.0,0.0,0.0
2022-01-16 15:03:16.501645,0.0,0.0,0.0
2022-01-16 15:03:17.010877,0.0,0.0,0.0
2022-01-16 15:03:17.505583,0.0,0.0,0.0
2022-01-16 15:03:18.003595,0.0,0.0,0.0
2022-01-16 15:03:18.508152,0.0,0.0,0.0
2022-01-16 15:03:19.006146,0.0,0.0,0.0
2022-01-16 15:03:19.501737,0.0,0.0,0.0
2022-01-16 15:03:20.009844,0.0,0.0,0.0
2022-01-16 15:03:20.504996,0.0,0.0,0.0
2022-01-16 15:03:21.001666,0.0,0.0,0.0
2022-01-16 15:03:21.507169,0.0,0.0,0.0
2022-01-16 15:03:22.005409,0.0,0.0,0.0
2022-01-16 15:03:22.501069,0.0,0.0,0.0
2022-01-16 15:03:23.007836,0.0,0.0,0.0
2022-01-16 15:03:23.502690,0.0,0.0,0.0
2022-01-16 15:03:24.001261,0.0,0.0,0.0
2022-01-16 15:03:24.506488,0.0,0.0,0.0
2022-01-16 15:03:25.003808,0.0,0.0,0.0
2022-01-16 15:03:25.508610,0.0,0.0,0.0
2022-01-16 15:03:26.005057,0.0,0.0,0.0
2022-01-16 15:03:26.510471,0.0,0.0,0.0
2022-01-16 15:03:27.008639,0.0,0.0,0.0
2022-01-16 15:03:27.503292,0.0,0.0,0.0
2022-01-16 15:03:28.001838,0.0,0.0,0.0
2022-01-16 15:03:28.506450,0.0,0.0,0.0
2022-01-16 15:03:29.004624,0.0,0.0,0.0
2022-01-16 15:03:29.509539,0.0,0.0,0.0
2022-01-16 15:03:30.008929,0.0,0.0,0.0
2022-01-16 15:03:30.505739,0.0,0.0,0.0
2022-01-16 15:03:31.002716,0.0,0.0,0.0
2022-01-16 15:03:31.508261,0.0,0.0,0.0
2022-01-16 15:03:32.005463,0.0,0.0,0.0
2022-01-16 15:03:32.510603,0.0,0.0,0.0
2022-01-16 15:03:33.008888,0.0,0.0,0.0
2022-01-16 15:03:33.505267,0.0,0.0,0.0
2022-01-16 15:03:34.003394,0.0,0.0,0.0
2022-01-16 15:03:34.509495,0.0,0.0,0.0
2022-01-16 15:03:35.008232,0.0,0.0,0.0
2022-01-16 15:03:35.504669,0.0,0.0,0.0
2022-01-16 15:03:36.001892,0.0,0.0,0.0
2022-01-16 15:03:36.509620,0.0,0.0,0.0
2022-01-16 15:03:37.009777,0.0,0.0,0.0
2022-01-16 15:03:37.504573,0.0,0.0,0.0
2022-01-16 15:03:38.002526,0.0,0.0,0.0
2022-01-16 15:03:38.506875,0.0,0.0,0.0
2022-01-16 15:03:39.005430,0.0,0.0,0.0
2022-01-16 15:03:39.510820,0.0,0.0,0.0
2022-01-16 15:03:40.009815,0.0,0.0,0.0
2022-01-16 15:03:40.504957,0.0,0.0,0.0
2022-01-16 15:03:41.002898,0.0,0.0,0.0
2022-01-16 15:03:41.507682,0.0,0.0,0.0
2022-01-16 15:03:42.005130,0.0,0.0,0.0
2022-01-16 15:03:42.510226,0.0,0.0,0.0
2022-01-16 15:03:43.009255,0.0,0.0,0.0
2022-01-16 15:03:43.508370,0.0,0.0,0.0
2022-01-16 15:03:44.006908,0.0,0.0,0.0
2022-01-16 15:03:44.501192,0.0,0.0,0.0
2022-01-16 15:03:45.009115,0.0,0.0,0.0
2022-01-16 15:03:45.505753,0.0,0.0,0.0
2022-01-16 15:03:46.003866,0.0,0.0,0.0
2022-01-16 15:03:46.510794,0.0,0.0,0.0
2022-01-16 15:03:47.008379,0.0,0.0,0.0
2022-01-16 15:03:47.501986,0.0,0.0,0.0
2022-01-16 15:03:48.002284,0.0,0.0,0.0
2022-01-16 15:03:48.507500,0.0,0.0,0.0
2022-01-16 15:03:49.003833,0.0,0.0,0.0
2022-01-16 15:03:49.510159,0.0,0.0,0.0
2022-01-16 15:03:50.007484,0.0,0.0,0.0
2022-01-16 15:03:51.004954,0.0,0.0,0.0
2022-01-16 15:03:51.509812,0.0,0.0,0.0
2022-01-16 15:03:52.007776,0.0,0.0,0.0
2022-01-16 15:03:52.503518,0.0,0.0,0.0
2022-01-16 15:03:53.001393,0.0,0.0,0.0
2022-01-16 15:03:53.506518,0.0,0.0,0.0
2022-01-16 15:03:54.004679,0.0,0.0,0.0
2022-01-16 15:03:54.509105,0.0,0.0,0.0
2022-01-16 15:03:55.008521,0.0,0.0,0.0
2022-01-16 15:03:55.504923,0.0,0.0,0.0
2022-01-16 15:03:56.002848,0.0,0.0,0.0
2022-01-16 15:03:56.508775,0.0,0.0,0.0
2022-01-16 15:03:57.005697,0.0,0.0,0.0
2022-01-16 15:03:57.501797,0.0,0.0,0.0
2022-01-16 15:03:58.001247,0.0,0.0,0.0
2022-01-16 15:03:58.504867,0.0,0.0,0.0
2022-01-16 15:03:59.001306,0.0,0.0,0.0
2022-01-16 15:03:59.507026,0.0,0.0,0.0
2022-01-16 15:04:00.005994,0.0,0.0,0.0
2022-01-16 15:04:00.508314,0.0,0.0,0.0
2022-01-16 15:04:01.006352,0.0,0.0,0.0
2022-01-16 15:04:01.504469,0.0,0.0,0.0
2022-01-16 15:04:02.003567,0.0,0.0,0.0
2022-01-16 15:04:02.507426,0.0,0.0,0.0
2022-01-16 15:04:03.005365,0.0,0.0,0.0
2022-01-16 15:04:03.509077,0.0,0.0,0.0
2022-01-16 15:04:04.006084,0.0,0.0,0.0
2022-01-16 15:04:04.510873,0.0,0.0,0.0
2022-01-16 15:04:05.008777,0.0,0.0,0.0
2022-01-16 15:04:05.503745,0.0,0.0,0.0
2022-01-16 15:04:06.003039,0.0,0.0,0.0
2022-01-16 15:04:06.507375,0.0,0.0,0.0
2022-01-16 15:04:07.005019,0.0,0.0,0.0
2022-01-16 15:04:07.509314,0.0,0.0,0.0
2022-01-16 15:04:08.007194,0.0,0.0,0.0
2022-01-16 15:04:08.502912,0.0,0.0,0.0
2022-01-16 15:04:09.010970,0.0,0.0,0.0
2022-01-16 15:04:09.504309,0.0,0.0,0.0
2022-01-16 15:04:10.002569,0.0,0.0,0.0
2022-01-16 15:04:10.509846,0.0,0.0,0.0
2022-01-16 15:04:11.007367,0.0,0.0,0.0
2022-01-16 15:04:11.502580,0.0,0.0,0.0
2022-01-16 15:04:12.001843,0.0,0.0,0.0
2022-01-16 15:04:12.506672,0.0,0.0,0.0
2022-01-16 15:04:13.004687,0.0,0.0,0.0
2022-01-16 15:04:13.508612,0.0,0.0,0.0
2022-01-16 15:04:14.006335,0.0,0.0,0.0
2022-01-16 15:04:14.504241,0.0,0.0,0.0
2022-01-16 15:04:15.001908,0.0,0.0,0.0
2022-01-16 15:04:15.508560,0.0,0.0,0.0
2022-01-16 15:04:16.008605,0.0,0.0,0.0
2022-01-16 15:04:16.503367,0.0,0.0,0.0
2022-01-16 15:04:17.010287,0.0,0.0,0.0
2022-01-16 15:04:17.506135,0.0,0.0,0.0
2022-01-16 15:04:18.005612,0.0,0.0,0.0
2022-01-16 15:04:18.510566,0.0,0.0,0.0
2022-01-16 15:04:19.009619,0.0,0.0,0.0
2022-01-16 15:04:19.504264,0.0,0.0,0.0
2022-01-16 15:04:20.002382,0.0,0.0,0.0
2022-01-16 15:04:20.506959,0.0,0.0,0.0
2022-01-16 15:04:21.005178,0.0,0.0,0.0
2022-01-16 15:04:21.510263,0.0,0.0,0.0
2022-01-16 15:04:22.009243,0.0,0.0,0.0
2022-01-16 15:04:22.504040,0.0,0.0,0.0
2022-01-16 15:04:23.001676,0.0,0.0,0.0
2022-01-16 15:04:23.508019,0.0,0.0,0.0
2022-01-16 15:04:24.006100,0.0,0.0,0.0
2022-01-16 15:04:24.501117,0.0,0.0,0.0
2022-01-16 15:04:25.009478,0.0,0.0,0.0
2022-01-16 15:04:25.504089,0.0,0.0,0.0
2022-01-16 15:04:26.003039,0.0,0.0,0.0
2022-01-16 15:04:26.507471,0.0,0.0,0.0
2022-01-16 15:04:27.004777,0.0,0.0,0.0
2022-01-16 15:04:27.504057,0.0,0.0,0.0
2022-01-16 15:04:28.001314,0.0,0.0,0.0
2022-01-16 15:04:28.506324,0.0,0.0,0.0
2022-01-16 15:04:29.003928,0.0,0.0,0.0
2022-01-16 15:04:29.501956,0.0,0.0,0.0
2022-01-16 15:04:30.505082,0.0,0.0,0.0
2022-01-16 15:04:31.001911,0.0,0.0,0.0
2022-01-16 15:04:31.506228,0.0,0.0,0.0
2022-01-16 15:04:32.004870,0.0,0.0,0.0
2022-01-16 15:04:32.501233,0.0,0.0,0.0
2022-01-16 15:04:33.010047,0.0,0.0,0.0
2022-01-16 15:04:33.505905,0.0,0.0,0.0
2022-01-16 15:04:34.004749,0.0,0.0,0.0
2022-01-16 15:04:34.509114,0.0,0.0,0.0
2022-01-16 15:04:35.005868,0.0,0.0,0.0
2022-01-16 15:04:35.509582,0.0,0.0,0.0
2022-01-16 15:04:36.007529,0.0,0.0,0.0
2022-01-16 15:04:36.510883,0.0,0.0,0.0
2022-01-16 15:04:37.009611,0.0,0.0,0.0
2022-01-16 15:04:37.503511,0.0,0.0,0.0
2022-01-16 15:04:38.002560,0.0,0.0,0.0
2022-01-16 15:04:38.507348,0.0,0.0,0.0
2022-01-16 15:04:39.004878,0.0,0.0,0.0
2022-01-16 15:04:39.509508,0.0,0.0,0.0
2022-01-16 15:04:40.008049,0.0,0.0,0.0
2022-01-16 15:04:40.502847,0.0,0.0,0.0
2022-01-16 15:04:41.011008,0.0,0.0,0.0
2022-01-16 15:04:41.508535,0.0,0.0,0.0
2022-01-16 15:04:42.006492,0.0,0.0,0.0
2022-01-16 15:04:42.501348,0.0,0.0,0.0
2022-01-16 15:04:43.010275,0.0,0.0,0.0
2022-01-16 15:04:43.503994,0.0,0.0,0.0
2022-01-16 15:04:44.002169,0.0,0.0,0.0
2022-01-16 15:04:44.508593,0.0,0.0,0.0
2022-01-16 15:04:45.006416,0.0,0.0,0.0
2022-01-16 15:04:45.502431,0.0,0.0,0.0
2022-01-16 15:04:46.011088,0.0,0.0,0.0
2022-01-16 15:04:46.505226,0.0,0.0,0.0
2022-01-16 15:04:47.002256,0.0,0.0,0.0
2022-01-16 15:04:47.507921,0.0,0.0,0.0
2022-01-16 15:04:48.005923,0.0,0.0,0.0
2022-01-16 15:04:48.501108,0.0,0.0,0.0
2022-01-16 15:04:49.009047,0.0,0.0,0.0
2022-01-16 15:04:49.505017,0.0,0.0,0.0
2022-01-16 15:04:50.002602,0.0,0.0,0.0
2022-01-16 15:04:50.509429,0.0,0.0,0.0
2022-01-16 15:04:51.008747,0.0,0.0,0.0
2022-01-16 15:04:51.502912,0.0,0.0,0.0
2022-01-16 15:04:52.010519,0.0,0.0,0.0
2022-01-16 15:04:52.504686,0.0,0.0,0.0
2022-01-16 15:04:53.001761,0.0,0.0,0.0
2022-01-16 15:04:53.506995,0.0,0.0,0.0
2022-01-16 15:04:54.005955,0.0,0.0,0.0
2022-01-16 15:04:54.502857,0.0,0.0,0.0
2022-01-16 15:04:55.001561,0.0,0.0,0.0
2022-01-16 15:04:55.507212,0.0,0.0,0.0
2022-01-16 15:04:56.005891,0.0,0.0,0.0
2022-01-16 15:04:57.005572,0.0,0.0,0.0
2022-01-16 15:04:57.510335,0.0,0.0,0.0
2022-01-16 15:04:58.006400,0.0,0.0,0.0
2022-01-16 15:04:58.510181,0.0,0.0,0.0
2022-01-16 15:04:59.008814,0.0,0.0,0.0
2022-01-16 15:04:59.506241,0.0,0.0,0.0
2022-01-16 15:05:00.004471,0.0,0.0,0.0
2022-01-16 15:05:00.504514,0.0,0.0,0.0
2022-01-16 15:05:01.001934,0.0,0.0,0.0
2022-01-16 15:05:01.505534,0.0,0.0,0.0
2022-01-16 15:05:02.004048,0.0,0.0,0.0
2022-01-16 15:05:02.508654,0.0,0.0,0.0
2022-01-16 15:05:03.006859,0.0,0.0,0.0
2022-01-16 15:05:03.502825,0.0,0.0,0.0
2022-01-16 15:05:04.001832,0.0,0.0,0.0
2022-01-16 15:05:04.507468,0.0,0.0,0.0
2022-01-16 15:05:05.005533,0.0,0.0,0.0
2022-01-16 15:05:05.501268,0.0,0.0,0.0
2022-01-16 15:05:06.009987,0.0,0.0,0.0
2022-01-16 15:05:06.503909,0.0,0.0,0.0
2022-01-16 15:05:07.001595,0.0,0.0,0.0
2022-01-16 15:05:07.508509,0.0,0.0,0.0
2022-01-16 15:05:08.007304,0.0,0.0,0.0
2022-01-16 15:05:08.501551,0.0,0.0,0.0
2022-01-16 15:05:09.008215,0.0,0.0,0.0
2022-01-16 15:05:09.501574,0.0,0.0,0.0
2022-01-16 15:05:10.010413,0.0,0.0,0.0
2022-01-16 15:05:10.503300,0.0,0.0,0.0
2022-01-16 15:05:11.001795,0.0,0.0,0.0
2022-01-16 15:05:11.507408,0.0,0.0,0.0
2022-01-16 15:05:12.007123,0.0,0.0,0.0
2022-01-16 15:05:12.511136,0.0,0.0,0.0
2022-01-16 15:05:13.009535,0.0,0.0,0.0
2022-01-16 15:05:13.504392,0.0,0.0,0.0
2022-01-16 15:05:14.001753,0.0,0.0,0.0
2022-01-16 15:05:14.506094,0.0,0.0,0.0
2022-01-16 15:05:15.004961,0.0,0.0,0.0
2022-01-16 15:05:15.510581,0.0,0.0,0.0
2022-01-16 15:05:16.008821,0.0,0.0,0.0
2022-01-16 15:05:16.505064,0.0,0.0,0.0
2022-01-16 15:05:17.003595,0.0,0.0,0.0
2022-01-16 15:05:17.508140,0.0,0.0,0.0
2022-01-16 15:05:18.005763,0.0,0.0,0.0
2022-01-16 15:05:18.501041,0.0,0.0,0.0
2022-01-16 15:05:19.009017,0.0,0.0,0.0
2022-01-16 15:05:19.503718,0.0,0.0,0.0
2022-01-16 15:05:20.001444,0.0,0.0,0.0
2022-01-16 15:05:20.509123,0.0,0.0,0.0
2022-01-16 15:05:21.008554,0.0,0.0,0.0
2022-01-16 15:05:21.503003,0.0,0.0,0.0
2022-01-16 15:05:22.001533,0.0,0.0,0.0
2022-01-16 15:05:22.505232,0.0,0.0,0.0
2022-01-16 15:05:23.002865,0.0,0.0,0.0
2022-01-16 15:05:23.507312,0.0,0.0,0.0
2022-01-16 15:05:24.006142,0.0,0.0,0.0
2022-01-16 15:05:24.510654,0.0,0.0,0.0
2022-01-16 15:05:25.007532,0.0,0.0,0.0
2022-01-16 15:05:25.502869,0.0,0.0,0.0
2022-01-16 15:05:26.010182,0.0,0.0,0.0
2022-01-16 15:05:26.505101,0.0,0.0,0.0
2022-01-16 15:05:27.003521,0.0,0.0,0.0
2022-01-16 15:05:27.507922,0.0,0.0,0.0
2022-01-16 15:05:28.005132,0.0,0.0,0.0
2022-01-16 15:05:28.509614,0.0,0.0,0.0
2022-01-16 15:05:29.006706,0.0,0.0,0.0
2022-01-16 15:05:29.501125,0.0,0.0,0.0
2022-01-16 15:05:30.001857,0.0,0.0,0.0
2022-01-16 15:05:30.506942,0.0,0.0,0.0
2022-01-16 15:05:31.006041,0.0,0.0,0.0
2022-01-16 15:05:31.502027,0.0,0.0,0.0
2022-01-16 15:05:32.009595,0.0,0.0,0.0
2022-01-16 15:05:32.503710,0.0,0.0,0.0
2022-01-16 15:05:33.001757,0.0,0.0,0.0
2022-01-16 15:05:33.507412,0.0,0.0,0.0
2022-01-16 15:05:34.005969,0.0,0.0,0.0
2022-01-16 15:05:34.505468,0.0,0.0,0.0
2022-01-16 15:05:35.003401,0.0,0.0,0.0
2022-01-16 15:05:35.507064,0.0,0.0,0.0
2022-01-16 15:05:36.004222,0.0,0.0,0.0
2022-01-16 15:05:36.509233,0.0,0.0,0.0
2022-01-16 15:05:37.005863,0.0,0.0,0.0
2022-01-16 15:05:37.501211,0.0,0.0,0.0
2022-01-16 15:05:38.009198,0.0,0.0,0.0
2022-01-16 15:05:38.504042,0.0,0.0,0.0
2022-01-16 15:05:39.003226,0.0,0.0,0.0
2022-01-16 15:05:39.508975,0.0,0.0,0.0
2022-01-16 15:05:40.006557,0.0,0.0,0.0
2022-01-16 15:05:40.510992,0.0,0.0,0.0
2022-01-16 15:05:41.008461,0.0,0.0,0.0
2022-01-16 15:05:41.505542,0.0,0.0,0.0
2022-01-16 15:05:42.003398,0.0,0.0,0.0
2022-01-16 15:05:42.506740,0.0,0.0,0.0
2022-01-16 15:05:43.006105,0.0,0.0,0.0
2022-01-16 15:05:43.501709,0.0,0.0,0.0
2022-01-16 15:05:44.008984,0.0,0.0,0.0
2022-01-16 15:05:44.503208,0.0,0.0,0.0
2022-01-16 15:05:45.001290,0.0,0.0,0.0
2022-01-16 15:05:45.504878,0.0,0.0,0.0
2022-01-16 15:05:46.002214,0.0,0.0,0.0
2022-01-16 15:05:46.506491,0.0,0.0,0.0
2022-01-16 15:05:47.003053,0.0,0.0,0.0
2022-01-16 15:05:47.509261,0.0,0.0,0.0
2022-01-16 15:05:48.006353,0.0,0.0,0.0
2022-01-16 15:05:48.502166,0.0,0.0,0.0
2022-01-16 15:05:49.001129,0.0,0.0,0.0
2022-01-16 15:05:49.507895,0.0,0.0,0.0
2022-01-16 15:05:50.006224,0.0,0.0,0.0
2022-01-16 15:05:50.511227,0.0,0.0,0.0
2022-01-16 15:05:51.008730,0.0,0.0,0.0
2022-01-16 15:05:51.502714,0.0,0.0,0.0
2022-01-16 15:05:52.003493,0.0,0.0,0.0
2022-01-16 15:05:52.508010,0.0,0.0,0.0
2022-01-16 15:05:53.005688,0.0,0.0,0.0
2022-01-16 15:05:53.509810,0.0,0.0,0.0
2022-01-16 15:05:54.007423,0.0,0.0,0.0
2022-01-16 15:05:54.510658,0.0,0.0,0.0
2022-01-16 15:05:55.008563,0.0,0.0,0.0
2022-01-16 15:05:55.502832,0.0,0.0,0.0
2022-01-16 15:05:56.010679,0.0,0.0,0.0
2022-01-16 15:05:56.507431,0.0,0.0,0.0
2022-01-16 15:05:57.005700,0.0,0.0,0.0
2022-01-16 15:05:57.510696,0.0,0.0,0.0
2022-01-16 15:05:58.009762,0.0,0.0,0.0
2022-01-16 15:05:58.503878,0.0,0.0,0.0
2022-01-16 15:05:59.001289,0.0,0.0,0.0
2022-01-16 15:05:59.506763,0.0,0.0,0.0
2022-01-16 15:06:00.005210,0.0,0.0,0.0
2022-01-16 15:06:00.508959,0.0,0.0,0.0
2022-01-16 15:06:01.007698,0.0,0.0,0.0
2022-01-16 15:06:02.005277,0.0,0.0,0.0
2022-01-16 15:06:02.502384,0.0,0.0,0.0
2022-01-16 15:06:03.011101,0.0,0.0,0.0
2022-01-16 15:06:03.505152,0.0,0.0,0.0
2022-01-16 15:06:04.004452,0.0,0.0,0.0
2022-01-16 15:06:04.510937,0.0,0.0,0.0
2022-01-16 15:06:05.008705,0.0,0.0,0.0
2022-01-16 15:06:05.502766,0.0,0.0,0.0
2022-01-16 15:06:06.505077,0.0,0.0,0.0
2022-01-16 15:06:07.001857,0.0,0.0,0.0
2022-01-16 15:06:07.508352,0.0,0.0,0.0
2022-01-16 15:06:08.005542,0.0,0.0,0.0
2022-01-16 15:06:08.510737,0.0,0.0,0.0
2022-01-16 15:06:09.009868,0.0,0.0,0.0
2022-01-16 15:06:09.505120,0.0,0.0,0.0
2022-01-16 15:06:10.002797,0.0,0.0,0.0
2022-01-16 15:06:10.509450,0.0,0.0,0.0
2022-01-16 15:06:11.006965,0.0,0.0,0.0
2022-01-16 15:06:11.502262,0.0,0.0,0.0
2022-01-16 15:06:12.001773,0.0,0.0,0.0
2022-01-16 15:06:12.506955,0.0,0.0,0.0
2022-01-16 15:06:13.005477,0.0,0.0,0.0
2022-01-16 15:06:13.510154,0.0,0.0,0.0
2022-01-16 15:06:14.007149,0.0,0.0,0.0
2022-01-16 15:06:14.503175,0.0,0.0,0.0
2022-01-16 15:06:15.010204,0.0,0.0,0.0
2022-01-16 15:06:15.504605,0.0,0.0,0.0
2022-01-16 15:06:16.002122,0.0,0.0,0.0
2022-01-16 15:06:16.506781,0.0,0.0,0.0
2022-01-16 15:06:17.003980,0.0,0.0,0.0
2022-01-16 15:06:17.510013,0.0,0.0,0.0
2022-01-16 15:06:18.007770,0.0,0.0,0.0
2022-01-16 15:06:18.502610,0.0,0.0,0.0
2022-01-16 15:06:19.002311,0.0,0.0,0.0
2022-01-16 15:06:19.508691,0.0,0.0,0.0
2022-01-16 15:06:20.005814,0.0,0.0,0.0
2022-01-16 15:06:20.510501,0.0,0.0,0.0
2022-01-16 15:06:21.008567,0.0,0.0,0.0
2022-01-16 15:06:21.501961,0.0,0.0,0.0
2022-01-16 15:06:22.007708,0.0,0.0,0.0
2022-01-16 15:06:22.502791,0.0,0.0,0.0
2022-01-16 15:06:23.010331,0.0,0.0,0.0
2022-01-16 15:06:23.506286,0.0,0.0,0.0
2022-01-16 15:06:24.004711,0.0,0.0,0.0
2022-01-16 15:06:24.501702,0.0,0.0,0.0
2022-01-16 15:06:25.009383,0.0,0.0,0.0
2022-01-16 15:06:25.504648,0.0,0.0,0.0
2022-01-16 15:06:26.001694,0.0,0.0,0.0
2022-01-16 15:06:26.507122,0.0,0.0,0.0
2022-01-16 15:06:27.005911,0.0,0.0,0.0
2022-01-16 15:06:27.501470,0.0,0.0,0.0
2022-01-16 15:06:28.011196,0.0,0.0,0.0
2022-01-16 15:06:28.508058,0.0,0.0,0.0
2022-01-16 15:06:29.005155,0.0,0.0,0.0
2022-01-16 15:06:29.510770,0.0,0.0,0.0
2022-01-16 15:06:30.008001,0.0,0.0,0.0
2022-01-16 15:06:30.502142,0.0,0.0,0.0
2022-01-16 15:06:31.009936,0.0,0.0,0.0
2022-01-16 15:06:31.507454,0.0,0.0,0.0
2022-01-16 15:06:32.006172,0.0,0.0,0.0
2022-01-16 15:06:32.502619,0.0,0.0,0.0
2022-01-16 15:06:33.010721,0.0,0.0,0.0
2022-01-16 15:06:33.506816,0.0,0.0,0.0
2022-01-16 15:06:34.004322,0.0,0.0,0.0
2022-01-16 15:06:34.508977,0.0,0.0,0.0
2022-01-16 15:06:35.004808,0.0,0.0,0.0
2022-01-16 15:06:35.509016,0.0,0.0,0.0
2022-01-16 15:06:36.007235,0.0,0.0,0.0
2022-01-16 15:06:36.501948,0.0,0.0,0.0
2022-01-16 15:06:37.001823,0.0,0.0,0.0
2022-01-16 15:06:37.506468,0.0,0.0,0.0
2022-01-16 15:06:38.005069,0.0,0.0,0.0
2022-01-16 15:06:38.508670,0.0,0.0,0.0
2022-01-16 15:06:39.007245,0.0,0.0,0.0
2022-01-16 15:06:39.502866,0.0,0.0,0.0
2022-01-16 15:06:40.010988,0.0,0.0,0.0
2022-01-16 15:06:40.505609,0.0,0.0,0.0
2022-01-16 15:06:41.003570,0.0,0.0,0.0
2022-01-16 15:06:41.501462,0.0,0.0,0.0
2022-01-16 15:06:42.008915,0.0,0.0,0.0
2022-01-16 15:06:42.502435,0.0,0.0,0.0
2022-01-16 15:06:43.010890,0.0,0.0,0.0
2022-01-16 15:06:43.505712,0.0,0.0,0.0
2022-01-16 15:06:44.002937,0.0,0.0,0.0
2022-01-16 15:06:44.508061,0.0,0.0,0.0
2022-01-16 15:06:45.006125,0.0,0.0,0.0
2022-01-16 15:06:45.502575,0.0,0.0,0.0
2022-01-16 15:06:46.001273,0.0,0.0,0.0
2022-01-16 15:06:46.507426,0.0,0.0,0.0
2022-01-16 15:06:47.005588,0.0,0.0,0.0
2022-01-16 15:06:47.501604,0.0,0.0,0.0
2022-01-16 15:06:48.010949,0.0,0.0,0.0
2022-01-16 15:06:48.506108,0.0,0.0,0.0
2022-01-16 15:06:49.004109,0.0,0.0,0.0
2022-01-16 15:06:49.509685,0.0,0.0,0.0
2022-01-16 15:06:50.007508,0.0,0.0,0.0
2022-01-16 15:06:50.504090,0.0,0.0,0.0
2022-01-16 15:06:51.002271,0.0,0.0,0.0
2022-01-16 15:06:51.507353,0.0,0.0,0.0
2022-01-16 15:06:52.005135,0.0,0.0,0.0
2022-01-16 15:06:52.510043,0.0,0.0,0.0
2022-01-16 15:06:53.009264,0.0,0.0,0.0
2022-01-16 15:06:53.505004,0.0,0.0,0.0
2022-01-16 15:06:54.002339,0.0,0.0,0.0
2022-01-16 15:06:54.506759,0.0,0.0,0.0
2022-01-16 15:06:55.003720,0.0,0.0,0.0
2022-01-16 15:06:55.510282,0.0,0.0,0.0
2022-01-16 15:06:56.008590,0.0,0.0,0.0
2022-01-16 15:06:56.503472,0.0,0.0,0.0
2022-01-16 15:06:57.010269,0.0,0.0,0.0
2022-01-16 15:06:57.505041,0.0,0.0,0.0
2022-01-16 15:06:58.003368,0.0,0.0,0.0
2022-01-16 15:06:58.508801,0.0,0.0,0.0
2022-01-16 15:06:59.005635,0.0,0.0,0.0
2022-01-16 15:06:59.501187,0.0,0.0,0.0
2022-01-16 15:07:00.009353,0.0,0.0,0.0
2022-01-16 15:07:00.505121,0.0,0.0,0.0
2022-01-16 15:07:01.504467,0.0,0.0,0.0
2022-01-16 15:07:02.001288,0.0,0.0,0.0
2022-01-16 15:07:02.505125,0.0,0.0,0.0
2022-01-16 15:07:03.004100,0.0,0.0,0.0
2022-01-16 15:07:03.509105,0.0,0.0,0.0
2022-01-16 15:07:04.006701,0.0,0.0,0.0
2022-01-16 15:07:04.504182,0.0,0.0,0.0
2022-01-16 15:07:05.001160,0.0,0.0,0.0
2022-01-16 15:07:05.506804,0.0,0.0,0.0
2022-01-16 15:07:06.005142,0.0,0.0,0.0
2022-01-16 15:07:06.509020,0.0,0.0,0.0
2022-01-16 15:07:07.007907,0.0,0.0,0.0
2022-01-16 15:07:07.502628,0.0,0.0,0.0
2022-01-16 15:07:08.010061,0.0,0.0,0.0
2022-01-16 15:07:08.505585,0.0,0.0,0.0
2022-01-16 15:07:09.002818,0.0,0.0,0.0
2022-01-16 15:07:09.510829,0.0,0.0,0.0
2022-01-16 15:07:10.008186,0.0,0.0,0.0
2022-01-16 15:07:10.501886,0.0,0.0,0.0
2022-01-16 15:07:11.010249,0.0,0.0,0.0
2022-01-16 15:07:11.505162,0.0,0.0,0.0
2022-01-16 15:07:12.002360,0.0,0.0,0.0
2022-01-16 15:07:12.506401,0.0,0.0,0.0
2022-01-16 15:07:13.005794,0.0,0.0,0.0
2022-01-16 15:07:14.007248,0.0,0.0,0.0
2022-01-16 15:07:14.501832,0.0,0.0,0.0
2022-01-16 15:07:15.010755,0.0,0.0,0.0
2022-01-16 15:07:15.505723,0.0,0.0,0.0
2022-01-16 15:07:16.004510,0.0,0.0,0.0
2022-01-16 15:07:16.508962,0.0,0.0,0.0
2022-01-16 15:07:17.007420,0.0,0.0,0.0
2022-01-16 15:07:17.511073,0.0,0.0,0.0
2022-01-16 15:07:18.009078,0.0,0.0,0.0
2022-01-16 15:07:18.506425,0.0,0.0,0.0
2022-01-16 15:07:19.004701,0.0,0.0,0.0
2022-01-16 15:07:19.509828,0.0,0.0,0.0
2022-01-16 15:07:20.007390,0.0,0.0,0.0
2022-01-16 15:07:20.502177,0.0,0.0,0.0
2022-01-16 15:07:21.010804,0.0,0.0,0.0
2022-01-16 15:07:21.504761,0.0,0.0,0.0
2022-01-16 15:07:22.001900,0.0,0.0,0.0
2022-01-16 15:07:22.506849,0.0,0.0,0.0
2022-01-16 15:07:23.005970,0.0,0.0,0.0
2022-01-16 15:07:24.004918,0.0,0.0,0.0
2022-01-16 15:07:24.510230,0.0,0.0,0.0
2022-01-16 15:07:25.007811,0.0,0.0,0.0
2022-01-16 15:07:25.504213,0.0,0.0,0.0
2022-01-16 15:07:26.001676,0.0,0.0,0.0
2022-01-16 15:07:26.506938,0.0,0.0,0.0
2022-01-16 15:07:27.005279,0.0,0.0,0.0
2022-01-16 15:07:27.511018,0.0,0.0,0.0
2022-01-16 15:07:28.009514,0.0,0.0,0.0
2022-01-16 15:07:28.503914,0.0,0.0,0.0
2022-01-16 15:07:29.003768,0.0,0.0,0.0
2022-01-16 15:07:29.507902,0.0,0.0,0.0
2022-01-16 15:07:30.007159,0.0,0.0,0.0
2022-01-16 15:07:30.502826,0.0,0.0,0.0
2022-01-16 15:07:31.010475,0.0,0.0,0.0
2022-01-16 15:07:31.504207,0.0,0.0,0.0
2022-01-16 15:07:32.001331,0.0,0.0,0.0
2022-01-16 15:07:32.508597,0.0,0.0,0.0
2022-01-16 15:07:33.005551,0.0,0.0,0.0
2022-01-16 15:07:33.509782,0.0,0.0,0.0
2022-01-16 15:07:34.009150,0.0,0.0,0.0
2022-01-16 15:07:34.504215,0.0,0.0,0.0
2022-01-16 15:07:35.001337,0.0,0.0,0.0
2022-01-16 15:07:35.507113,0.0,0.0,0.0
2022-01-16 15:07:36.005644,0.0,0.0,0.0
2022-01-16 15:07:36.502135,0.0,0.0,0.0
2022-01-16 15:07:37.010912,0.0,0.0,0.0
2022-01-16 15:07:37.505223,0.0,0.0,0.0
2022-01-16 15:07:38.003189,0.0,0.0,0.0
2022-01-16 15:07:38.508379,0.0,0.0,0.0
2022-01-16 15:07:39.005680,0.0,0.0,0.0
2022-01-16 15:07:39.510770,0.0,0.0,0.0
2022-01-16 15:07:40.009726,0.0,0.0,0.0
2022-01-16 15:07:40.504453,0.0,0.0,0.0
2022-01-16 15:07:41.001556,0.0,0.0,0.0
2022-01-16 15:07:41.507518,0.0,0.0,0.0
2022-01-16 15:07:42.005516,0.0,0.0,0.0
2022-01-16 15:07:42.501353,0.0,0.0,0.0
2022-01-16 15:07:43.010377,0.0,0.0,0.0
2022-01-16 15:07:43.504522,0.0,0.0,0.0
2022-01-16 15:07:44.002573,0.0,0.0,0.0
2022-01-16 15:07:44.507411,0.0,0.0,0.0
2022-01-16 15:07:45.004572,0.0,0.0,0.0
2022-01-16 15:07:45.501761,0.0,0.0,0.0
2022-01-16 15:07:46.010221,0.0,0.0,0.0
2022-01-16 15:07:46.505656,0.0,0.0,0.0
2022-01-16 15:07:47.004833,0.0,0.0,0.0
2022-01-16 15:07:47.508004,0.0,0.0,0.0
2022-01-16 15:07:48.005388,0.0,0.0,0.0
2022-01-16 15:07:48.510502,0.0,0.0,0.0
2022-01-16 15:07:49.008350,0.0,0.0,0.0
2022-01-16 15:07:49.504447,0.0,0.0,0.0
2022-01-16 15:07:50.003122,0.0,0.0,0.0
2022-01-16 15:07:50.509651,0.0,0.0,0.0
2022-01-16 15:07:51.008038,0.0,0.0,0.0
2022-01-16 15:07:51.503753,0.0,0.0,0.0
2022-01-16 15:07:52.010899,0.0,0.0,0.0
2022-01-16 15:07:52.504461,0.0,0.0,0.0
2022-01-16 15:07:53.001710,0.0,0.0,0.0
2022-01-16 15:07:53.508727,0.0,0.0,0.0
2022-01-16 15:07:54.005955,0.0,0.0,0.0
2022-01-16 15:07:54.502197,0.0,0.0,0.0
2022-01-16 15:07:55.010463,0.0,0.0,0.0
2022-01-16 15:07:55.506004,0.0,0.0,0.0
2022-01-16 15:07:56.005203,0.0,0.0,0.0
2022-01-16 15:07:56.510894,0.0,0.0,0.0
2022-01-16 15:07:57.009567,0.0,0.0,0.0
2022-01-16 15:07:57.504586,0.0,0.0,0.0
2022-01-16 15:07:58.001299,0.0,0.0,0.0
2022-01-16 15:07:58.506670,0.0,0.0,0.0
2022-01-16 15:07:59.005270,0.0,0.0,0.0
2022-01-16 15:07:59.509793,0.0,0.0,0.0
2022-01-16 15:08:00.008764,0.0,0.0,0.0
2022-01-16 15:08:00.502089,0.0,0.0,0.0
2022-01-16 15:08:01.001087,0.0,0.0,0.0
2022-01-16 15:08:01.505058,0.0,0.0,0.0
2022-01-16 15:08:02.003137,0.0,0.0,0.0
2022-01-16 15:08:02.508648,0.0,0.0,0.0
2022-01-16 15:08:03.007433,0.0,0.0,0.0
2022-01-16 15:08:03.502146,0.0,0.0,0.0
2022-01-16 15:08:04.002306,0.0,0.0,0.0
2022-01-16 15:08:04.507130,0.0,0.0,0.0
2022-01-16 15:08:05.004850,0.0,0.0,0.0
2022-01-16 15:08:05.508576,0.0,0.0,0.0
2022-01-16 15:08:06.005866,0.0,0.0,0.0
2022-01-16 15:08:06.509048,0.0,0.0,0.0
2022-01-16 15:08:07.005580,0.0,0.0,0.0
2022-01-16 15:08:07.501923,0.0,0.0,0.0
2022-01-16 15:08:08.010717,0.0,0.0,0.0
2022-01-16 15:08:08.504942,0.0,0.0,0.0
2022-01-16 15:08:09.002149,0.0,0.0,0.0
2022-01-16 15:08:09.508035,0.0,0.0,0.0
2022-01-16 15:08:10.004590,0.0,0.0,0.0
2022-01-16 15:08:10.510223,0.0,0.0,0.0
2022-01-16 15:08:11.009433,0.0,0.0,0.0
2022-01-16 15:08:11.505181,0.0,0.0,0.0
2022-01-16 15:08:12.004187,0.0,0.0,0.0
2022-01-16 15:08:12.509154,0.0,0.0,0.0
2022-01-16 15:08:13.007280,0.0,0.0,0.0
2022-01-16 15:08:13.502617,0.0,0.0,0.0
2022-01-16 15:08:14.011010,0.0,0.0,0.0
2022-01-16 15:08:14.504829,0.0,0.0,0.0
2022-01-16 15:08:15.001988,0.0,0.0,0.0
2022-01-16 15:08:15.506058,0.0,0.0,0.0
2022-01-16 15:08:16.004170,0.0,0.0,0.0
2022-01-16 15:08:16.510787,0.0,0.0,0.0
2022-01-16 15:08:17.008509,0.0,0.0,0.0
2022-01-16 15:08:17.504050,0.0,0.0,0.0
2022-01-16 15:08:18.002242,0.0,0.0,0.0
2022-01-16 15:08:18.507689,0.0,0.0,0.0
2022-01-16 15:08:19.005148,0.0,0.0,0.0
2022-01-16 15:08:19.510248,0.0,0.0,0.0
2022-01-16 15:08:20.007452,0.0,0.0,0.0
2022-01-16 15:08:20.502164,0.0,0.0,0.0
2022-01-16 15:08:21.504740,0.0,0.0,0.0
2022-01-16 15:08:22.003049,0.0,0.0,0.0
2022-01-16 15:08:22.507799,0.0,0.0,0.0
2022-01-16 15:08:23.006366,0.0,0.0,0.0
2022-01-16 15:08:23.511111,0.0,0.0,0.0
2022-01-16 15:08:24.009396,0.0,0.0,0.0
2022-01-16 15:08:24.505528,0.0,0.0,0.0
2022-01-16 15:08:25.005630,0.0,0.0,0.0
2022-01-16 15:08:25.501529,0.0,0.0,0.0
2022-01-16 15:08:26.009319,0.0,0.0,0.0
2022-01-16 15:08:26.506181,0.0,0.0,0.0
2022-01-16 15:08:27.004994,0.0,0.0,0.0
2022-01-16 15:08:27.509665,0.0,0.0,0.0
2022-01-16 15:08:28.008160,0.0,0.0,0.0
2022-01-16 15:08:28.502514,0.0,0.0,0.0
2022-01-16 15:08:29.010967,0.0,0.0,0.0
2022-01-16 15:08:29.506780,0.0,0.0,0.0
2022-01-16 15:08:30.005272,0.0,0.0,0.0
2022-01-16 15:08:30.510957,0.0,0.0,0.0
2022-01-16 15:08:31.009208,0.0,0.0,0.0
2022-01-16 15:08:31.503674,0.0,0.0,0.0
2022-01-16 15:08:32.002486,0.0,0.0,0.0
2022-01-16 15:08:32.508577,0.0,0.0,0.0
2022-01-16 15:08:33.008107,0.0,0.0,0.0
2022-01-16 15:08:33.501472,0.0,0.0,0.0
2022-01-16 15:08:34.009932,0.0,0.0,0.0
2022-01-16 15:08:34.506587,0.0,0.0,0.0
2022-01-16 15:08:35.007365,0.0,0.0,0.0
2022-01-16 15:08:35.502162,0.0,0.0,0.0
2022-01-16 15:08:36.010528,0.0,0.0,0.0
2022-01-16 15:08:36.505196,0.0,0.0,0.0
2022-01-16 15:08:37.002686,0.0,0.0,0.0
2022-01-16 15:08:37.507546,0.0,0.0,0.0
2022-01-16 15:08:38.006699,0.0,0.0,0.0
2022-01-16 15:08:38.502327,0.0,0.0,0.0
2022-01-16 15:08:39.001720,0.0,0.0,0.0
2022-01-16 15:08:39.503282,0.0,0.0,0.0
2022-01-16 15:08:40.010911,0.0,0.0,0.0
2022-01-16 15:08:40.506316,0.0,0.0,0.0
2022-01-16 15:08:41.004667,0.0,0.0,0.0
2022-01-16 15:08:41.509688,0.0,0.0,0.0
2022-01-16 15:08:42.008951,0.0,0.0,0.0
2022-01-16 15:08:42.503204,0.0,0.0,0.0
2022-01-16 15:08:43.001891,0.0,0.0,0.0
2022-01-16 15:08:43.508061,0.0,0.0,0.0
2022-01-16 15:08:44.005620,0.0,0.0,0.0
2022-01-16 15:08:44.501083,0.0,0.0,0.0
2022-01-16 15:08:45.008211,0.0,0.0,0.0
2022-01-16 15:08:45.503174,0.0,0.0,0.0
2022-01-16 15:08:46.002400,0.0,0.0,0.0
2022-01-16 15:08:46.507692,0.0,0.0,0.0
2022-01-16 15:08:47.005190,0.0,0.0,0.0
2022-01-16 15:08:47.510729,0.0,0.0,0.0
2022-01-16 15:08:48.009429,0.0,0.0,0.0
2022-01-16 15:08:48.505811,0.0,0.0,0.0
2022-01-16 15:08:49.004954,0.0,0.0,0.0
2022-01-16 15:08:49.510243,0.0,0.0,0.0
2022-01-16 15:08:50.008952,0.0,0.0,0.0
2022-01-16 15:08:50.503910,0.0,0.0,0.0
2022-01-16 15:08:51.002399,0.0,0.0,0.0
2022-01-16 15:08:51.509070,0.0,0.0,0.0
2022-01-16 15:08:52.006449,0.0,0.0,0.0
2022-01-16 15:08:52.510154,0.0,0.0,0.0
2022-01-16 15:08:53.010082,0.0,0.0,0.0
2022-01-16 15:08:53.510839,0.0,0.0,0.0
2022-01-16 15:08:54.008010,0.0,0.0,0.0
2022-01-16 15:08:54.504804,0.0,0.0,0.0
2022-01-16 15:08:55.001723,0.0,0.0,0.0
2022-01-16 15:08:55.506307,0.0,0.0,0.0
2022-01-16 15:08:56.005465,0.0,0.0,0.0
2022-01-16 15:08:56.502053,0.0,0.0,0.0
2022-01-16 15:08:57.002385,0.0,0.0,0.0
2022-01-16 15:08:57.507578,0.0,0.0,0.0
2022-01-16 15:08:58.004533,0.0,0.0,0.0
2022-01-16 15:08:58.509883,0.0,0.0,0.0
2022-01-16 15:08:59.007052,0.0,0.0,0.0
2022-01-16 15:08:59.501802,0.0,0.0,0.0
2022-01-16 15:09:00.009527,0.0,0.0,0.0
2022-01-16 15:09:00.506628,0.0,0.0,0.0
2022-01-16 15:09:01.005190,0.0,0.0,0.0
2022-01-16 15:09:01.508918,0.0,0.0,0.0
2022-01-16 15:09:02.006586,0.0,0.0,0.0
2022-01-16 15:09:02.501011,0.0,0.0,0.0
2022-01-16 15:09:03.008156,0.0,0.0,0.0
2022-01-16 15:09:03.501723,0.0,0.0,0.0
2022-01-16 15:09:04.001257,0.0,0.0,0.0
2022-01-16 15:09:04.505767,0.0,0.0,0.0
2022-01-16 15:09:05.006085,0.0,0.0,0.0
2022-01-16 15:09:05.502161,0.0,0.0,0.0
2022-01-16 15:09:06.010256,0.0,0.0,0.0
2022-01-16 15:09:06.504450,0.0,0.0,0.0
2022-01-16 15:09:07.001075,0.0,0.0,0.0
2022-01-16 15:09:07.507023,0.0,0.0,0.0
2022-01-16 15:09:08.005445,0.0,0.0,0.0
2022-01-16 15:09:08.510853,0.0,0.0,0.0
2022-01-16 15:09:09.008475,0.0,0.0,0.0
2022-01-16 15:09:09.505540,0.0,0.0,0.0
2022-01-16 15:09:10.003274,0.0,0.0,0.0
2022-01-16 15:09:10.507470,0.0,0.0,0.0
2022-01-16 15:09:11.006389,0.0,0.0,0.0
2022-01-16 15:09:11.501189,0.0,0.0,0.0
2022-01-16 15:09:12.009131,0.0,0.0,0.0
2022-01-16 15:09:12.503784,0.0,0.0,0.0
2022-01-16 15:09:13.001169,0.0,0.0,0.0
2022-01-16 15:09:13.506243,0.0,0.0,0.0
2022-01-16 15:09:14.006189,0.0,0.0,0.0
2022-01-16 15:09:14.501337,0.0,0.0,0.0
2022-01-16 15:09:15.001902,0.0,0.0,0.0
2022-01-16 15:09:15.507667,0.0,0.0,0.0
2022-01-16 15:09:16.009333,0.0,0.0,0.0
2022-01-16 15:09:16.502357,0.0,0.0,0.0
2022-01-16 15:09:17.001718,0.0,0.0,0.0
2022-01-16 15:09:17.507790,0.0,0.0,0.0
2022-01-16 15:09:18.004640,0.0,0.0,0.0
2022-01-16 15:09:18.502161,0.0,0.0,0.0
2022-01-16 15:09:19.010545,0.0,0.0,0.0
2022-01-16 15:09:19.504552,0.0,0.0,0.0
2022-01-16 15:09:20.002337,0.0,0.0,0.0
2022-01-16 15:09:20.508049,0.0,0.0,0.0
2022-01-16 15:09:21.005158,0.0,0.0,0.0
2022-01-16 15:09:21.509016,0.0,0.0,0.0
2022-01-16 15:09:22.009295,0.0,0.0,0.0
2022-01-16 15:09:22.504895,0.0,0.0,0.0
2022-01-16 15:09:23.003773,0.0,0.0,0.0
2022-01-16 15:09:23.509852,0.0,0.0,0.0
2022-01-16 15:09:24.007745,0.0,0.0,0.0
2022-01-16 15:09:24.503038,0.0,0.0,0.0
2022-01-16 15:09:25.010945,0.0,0.0,0.0
2022-01-16 15:09:25.505528,0.0,0.0,0.0
2022-01-16 15:09:26.003127,0.0,0.0,0.0
2022-01-16 15:09:26.509094,0.0,0.0,0.0
2022-01-16 15:09:27.007252,0.0,0.0,0.0
2022-01-16 15:09:27.503381,0.0,0.0,0.0
2022-01-16 15:09:28.001503,0.0,0.0,0.0
2022-01-16 15:09:28.506301,0.0,0.0,0.0
2022-01-16 15:09:29.007849,0.0,0.0,0.0
2022-01-16 15:09:29.504616,0.0,0.0,0.0
2022-01-16 15:09:30.001760,0.0,0.0,0.0
2022-01-16 15:09:30.506895,0.0,0.0,0.0
2022-01-16 15:09:31.004990,0.0,0.0,0.0
2022-01-16 15:09:31.509205,0.0,0.0,0.0
2022-01-16 15:09:32.007773,0.0,0.0,0.0
2022-01-16 15:09:32.502490,0.0,0.0,0.0
2022-01-16 15:09:33.010441,0.0,0.0,0.0
2022-01-16 15:09:33.505415,0.0,0.0,0.0
2022-01-16 15:09:34.003339,0.0,0.0,0.0
2022-01-16 15:09:34.508096,0.0,0.0,0.0
2022-01-16 15:09:35.004685,0.0,0.0,0.0
2022-01-16 15:09:35.510849,0.0,0.0,0.0
2022-01-16 15:09:36.009987,0.0,0.0,0.0
2022-01-16 15:09:36.508244,0.0,0.0,0.0
2022-01-16 15:09:37.006718,0.0,0.0,0.0
2022-01-16 15:09:38.005642,0.0,0.0,0.0
2022-01-16 15:09:38.510220,0.0,0.0,0.0
2022-01-16 15:09:39.008684,0.0,0.0,0.0
2022-01-16 15:09:39.504446,0.0,0.0,0.0
2022-01-16 15:09:40.002500,0.0,0.0,0.0
2022-01-16 15:09:40.508714,0.0,0.0,0.0
2022-01-16 15:09:41.007325,0.05074,0.0,0.0
2022-01-16 15:09:41.511233,0.0,0.0,0.0
2022-01-16 15:09:42.008970,0.0,0.0,0.0
2022-01-16 15:09:42.503542,0.0,0.0,0.0
2022-01-16 15:09:43.001512,0.0,0.0,0.0
2022-01-16 15:09:43.506269,0.0,0.0,0.0
2022-01-16 15:09:44.003327,0.0,0.0,0.0
2022-01-16 15:09:44.506559,0.0,0.0,0.0
2022-01-16 15:09:45.004174,0.0,0.0,0.0
2022-01-16 15:09:45.510367,0.0,0.0,0.0
2022-01-16 15:09:46.008832,0.0,0.0,0.0
2022-01-16 15:09:46.504771,0.0,0.0,0.0
2022-01-16 15:09:47.010887,0.0,0.0,0.0
2022-01-16 15:09:47.505664,0.0,0.0,0.0
2022-01-16 15:09:48.003809,0.0,0.0,0.0
2022-01-16 15:09:48.509904,0.0,0.0,0.0
2022-01-16 15:09:49.008191,0.0,0.0,0.0
2022-01-16 15:09:49.501368,0.0,0.0,0.0
2022-01-16 15:09:50.001275,0.0,0.0,0.0
2022-01-16 15:09:50.506149,0.0,0.0,0.0
2022-01-16 15:09:51.004625,0.0,0.0,0.0
2022-01-16 15:09:51.509871,0.0,0.0,0.0
2022-01-16 15:09:52.008899,0.0,0.0,0.0
2022-01-16 15:09:52.503105,0.0,0.0,0.0
2022-01-16 15:09:53.001213,0.0,0.0,0.0
2022-01-16 15:09:53.505639,0.0,0.0,0.0
2022-01-16 15:09:54.002699,0.0,0.0,0.0
2022-01-16 15:09:54.509086,0.0,0.0,0.0
2022-01-16 15:09:55.007016,0.0,0.0,0.0
2022-01-16 15:09:56.005895,0.0,0.0,0.0
2022-01-16 15:09:56.501286,0.0,0.0,0.0
2022-01-16 15:09:57.001122,0.0,0.0,0.0
2022-01-16 15:09:57.505379,0.0,0.0,0.0
2022-01-16 15:09:58.003540,0.0,0.0,0.0
2022-01-16 15:09:58.509859,0.0,0.0,0.0
2022-01-16 15:09:59.008803,0.0,0.0,0.0
2022-01-16 15:09:59.505868,0.0,0.0,0.0
2022-01-16 15:10:00.009152,0.0,0.0,0.0
2022-01-16 15:10:00.501736,0.0,0.0,0.0
2022-01-16 15:10:01.009599,0.0,0.0,0.0
2022-01-16 15:10:01.504107,0.0,0.0,0.0
2022-01-16 15:10:02.001842,0.0,0.0,0.0
2022-01-16 15:10:02.508061,0.0,0.0,0.0
2022-01-16 15:10:03.006439,0.0,0.0,0.0
2022-01-16 15:10:03.501362,0.0,0.0,0.0
2022-01-16 15:10:04.010474,0.0,0.0,0.0
2022-01-16 15:10:04.506721,0.0,0.0,0.0
2022-01-16 15:10:05.004088,0.0,0.0,0.0
2022-01-16 15:10:05.508282,0.0,0.0,0.0
2022-01-16 15:10:06.005456,0.0,0.0,0.0
2022-01-16 15:10:06.510891,0.0,0.0,0.0
2022-01-16 15:10:07.009264,0.0,0.0,0.0
2022-01-16 15:10:07.507232,0.0,0.0,0.0
2022-01-16 15:10:08.004840,0.0,0.0,0.0
2022-01-16 15:10:08.509091,0.0,0.0,0.0
2022-01-16 15:10:09.007448,0.0,0.0,0.0
2022-01-16 15:10:09.502264,0.0,0.0,0.0
2022-01-16 15:10:10.009761,0.0,0.0,0.0
2022-01-16 15:10:10.505727,0.0,0.0,0.0
2022-01-16 15:10:11.003373,0.0,0.0,0.0
2022-01-16 15:10:11.509145,0.0,0.0,0.0
2022-01-16 15:10:12.006656,0.0,0.0,0.0
2022-01-16 15:10:12.502751,0.0,0.0,0.0
2022-01-16 15:10:13.005562,0.0,0.0,0.0
2022-01-16 15:10:13.509997,0.0,0.0,0.0
2022-01-16 15:10:14.008955,0.0,0.0,0.0
2022-01-16 15:10:14.505056,0.0,0.0,0.0
2022-01-16 15:10:15.003804,0.0,0.0,0.0
2022-01-16 15:10:15.509943,0.0,0.0,0.0
2022-01-16 15:10:16.009106,0.0,0.0,0.0
2022-01-16 15:10:16.506119,0.0,0.0,0.0
2022-01-16 15:10:17.005005,0.0,0.0,0.0
2022-01-16 15:10:17.509231,0.0,0.0,0.0
2022-01-16 15:10:18.007648,0.0,0.0,0.0
2022-01-16 15:10:18.502907,0.0,0.0,0.0
2022-01-16 15:10:19.002436,0.0,0.0,0.0
2022-01-16 15:10:19.509273,0.0,0.0,0.0
2022-01-16 15:10:20.008510,0.0,0.0,0.0
2022-01-16 15:10:20.502266,0.0,0.0,0.0
2022-01-16 15:10:21.009498,0.0,0.0,0.0
2022-01-16 15:10:21.506552,0.0,0.0,0.0
2022-01-16 15:10:22.004190,0.0,0.0,0.0
2022-01-16 15:10:22.510533,0.0,0.0,0.0
2022-01-16 15:10:23.008946,0.0,0.0,0.0
2022-01-16 15:10:23.505346,0.0,0.0,0.0
2022-01-16 15:10:24.003566,0.0,0.0,0.0
2022-01-16 15:10:24.510267,0.0,0.0,0.0
2022-01-16 15:10:25.007876,0.0,0.0,0.0
2022-01-16 15:10:25.503857,0.0,0.0,0.0
2022-01-16 15:10:26.001700,0.0,0.0,0.0
2022-01-16 15:10:26.506419,0.0,0.0,0.0
2022-01-16 15:10:27.004007,0.0,0.0,0.0
2022-01-16 15:10:27.510839,0.0,0.0,0.0
2022-01-16 15:10:28.009769,0.0,0.0,0.0
2022-01-16 15:10:28.505142,0.0,0.0,0.0
2022-01-16 15:10:29.002485,0.0,0.0,0.0
2022-01-16 15:10:29.508627,0.0,0.0,0.0
2022-01-16 15:10:30.007388,0.0,0.0,0.0
2022-01-16 15:10:30.502086,0.0,0.0,0.0
2022-01-16 15:10:31.005555,0.0,0.0,0.0
2022-01-16 15:10:31.509479,0.0,0.0,0.0
2022-01-16 15:10:32.007777,0.0,0.0,0.0
2022-01-16 15:10:32.502163,0.0,0.0,0.0
2022-01-16 15:10:33.504790,0.0,0.0,0.0
2022-01-16 15:10:34.000867,0.0,0.0,0.0
2022-01-16 15:10:34.505029,0.0,0.0,0.0
2022-01-16 15:10:35.002841,0.0,0.0,0.0
2022-01-16 15:10:35.509376,0.0,0.0,0.0
2022-01-16 15:10:36.009016,0.0,0.0,0.0
2022-01-16 15:10:36.504308,0.0,0.0,0.0
2022-01-16 15:10:37.001750,0.0,0.0,0.0
2022-01-16 15:10:37.506078,0.0,0.0,0.0
2022-01-16 15:10:38.004338,0.0,0.0,0.0
2022-01-16 15:10:38.509969,0.0,0.0,0.0
2022-01-16 15:10:39.008418,0.0,0.0,0.0
2022-01-16 15:10:39.503916,0.0,0.0,0.0
2022-01-16 15:10:40.002316,0.0,0.0,0.0
2022-01-16 15:10:40.508186,0.0,0.0,0.0
2022-01-16 15:10:41.006117,0.0,0.0,0.0
2022-01-16 15:10:41.501836,0.0,0.0,0.0
2022-01-16 15:10:42.011080,0.0,0.0,0.0
2022-01-16 15:10:42.506691,0.0,0.0,0.0
2022-01-16 15:10:43.003393,0.0,0.0,0.0
2022-01-16 15:10:43.508958,0.0,0.0,0.0
2022-01-16 15:10:44.006198,0.0,0.0,0.0
2022-01-16 15:10:44.501450,0.0,0.0,0.0
2022-01-16 15:10:45.001722,0.0,0.0,0.0
2022-01-16 15:10:45.508711,0.0,0.0,0.0
2022-01-16 15:10:46.006060,0.0,0.0,0.0
2022-01-16 15:10:46.510642,0.0,0.0,0.0
2022-01-16 15:10:47.010434,0.0,0.0,0.0
2022-01-16 15:10:47.504742,0.0,0.0,0.0
2022-01-16 15:10:48.005769,0.0,0.0,0.0
2022-01-16 15:10:48.501616,0.0,0.0,0.0
2022-01-16 15:10:49.002371,0.0,0.0,0.0
2022-01-16 15:10:49.509050,0.0,0.0,0.0
2022-01-16 15:10:50.007537,0.0,0.0,0.0
2022-01-16 15:10:50.511221,0.0,0.0,0.0
2022-01-16 15:10:51.009114,0.0,0.0,0.0
2022-01-16 15:10:51.503508,0.0,0.0,0.0
2022-01-16 15:10:52.001670,0.0,0.0,0.0
2022-01-16 15:10:52.504765,0.0,0.0,0.0
2022-01-16 15:10:53.001823,0.0,0.0,0.0
2022-01-16 15:10:53.507617,0.0,0.0,0.0
2022-01-16 15:10:54.006926,0.0,0.0,0.0
2022-01-16 15:10:54.510884,0.0,0.0,0.0
2022-01-16 15:10:55.008813,0.0,0.0,0.0
2022-01-16 15:10:55.503115,0.0,0.0,0.0
2022-01-16 15:10:56.001049,0.0,0.0,0.0
2022-01-16 15:10:56.505708,0.0,0.0,0.0
2022-01-16 15:10:57.004915,0.0,0.0,0.0
2022-01-16 15:10:57.510433,0.0,0.0,0.0
2022-01-16 15:10:58.008178,0.0,0.0,0.0
2022-01-16 15:10:58.504191,0.0,0.0,0.0
2022-01-16 15:10:59.001862,0.0,0.0,0.0
2022-01-16 15:10:59.506175,0.0,0.0,0.0
2022-01-16 15:11:00.003657,0.0,0.0,0.0
2022-01-16 15:11:00.507524,0.0,0.0,0.0
2022-01-16 15:11:01.005360,0.0,0.0,0.0
2022-01-16 15:11:01.501801,0.0,0.0,0.0
2022-01-16 15:11:02.009659,0.0,0.0,0.0
2022-01-16 15:11:02.505626,0.0,0.0,0.0
2022-01-16 15:11:03.003913,0.0,0.0,0.0
2022-01-16 15:11:03.509083,0.0,0.0,0.0
2022-01-16 15:11:04.007102,0.0,0.0,0.0
2022-01-16 15:11:04.502236,0.0,0.0,0.0
2022-01-16 15:11:05.010912,0.0,0.0,0.0
2022-01-16 15:11:05.510138,0.0,0.0,0.0
2022-01-16 15:11:06.009442,0.0,0.0,0.0
2022-01-16 15:11:06.505279,0.0,0.0,0.0
2022-01-16 15:11:07.003841,0.0,0.0,0.0
2022-01-16 15:11:07.507850,0.0,0.0,0.0
2022-01-16 15:11:08.005236,0.0,0.0,0.0
2022-01-16 15:11:08.509582,0.0,0.0,0.0
2022-01-16 15:11:09.007119,0.0,0.0,0.0
2022-01-16 15:11:09.502920,0.0,0.0,0.0
2022-01-16 15:11:10.009516,0.0,0.0,0.0
2022-01-16 15:11:10.503825,0.0,0.0,0.0
2022-01-16 15:11:11.001175,0.0,0.0,0.0
2022-01-16 15:11:11.506776,0.0,0.0,0.0
2022-01-16 15:11:12.005789,0.0,0.0,0.0
2022-01-16 15:11:12.501069,0.0,0.0,0.0
2022-01-16 15:11:13.001704,0.0,0.0,0.0
2022-01-16 15:11:13.506743,0.0,0.0,0.0
2022-01-16 15:11:14.003621,0.0,0.0,0.0
2022-01-16 15:11:14.507435,0.0,0.0,0.0
2022-01-16 15:11:15.005634,0.0,0.0,0.0
2022-01-16 15:11:15.504112,0.0,0.0,0.0
2022-01-16 15:11:16.001805,0.0,0.0,0.0
2022-01-16 15:11:16.506940,0.0,0.0,0.0
2022-01-16 15:11:17.004176,0.0,0.0,0.0
2022-01-16 15:11:17.509206,0.0,0.0,0.0
2022-01-16 15:11:18.007142,0.0,0.0,0.0
2022-01-16 15:11:18.501357,0.0,0.0,0.0
2022-01-16 15:11:19.010311,0.0,0.0,0.0
2022-01-16 15:11:19.504654,0.0,0.0,0.0
2022-01-16 15:11:20.004178,0.0,0.0,0.0
2022-01-16 15:11:20.509474,0.0,0.0,0.0
2022-01-16 15:11:21.006919,0.0,0.0,0.0
2022-01-16 15:11:21.501822,0.0,0.0,0.0
2022-01-16 15:11:22.009614,0.0,0.0,0.0
2022-01-16 15:11:22.502356,0.0,0.0,0.0
2022-01-16 15:11:23.001753,0.0,0.0,0.0
2022-01-16 15:11:23.507061,0.0,0.0,0.0
2022-01-16 15:11:24.004896,0.0,0.0,0.0
2022-01-16 15:11:24.504101,0.0,0.0,0.0
2022-01-16 15:11:25.002066,0.0,0.0,0.0
2022-01-16 15:11:25.506194,0.0,0.0,0.0
2022-01-16 15:11:26.004822,0.0,0.0,0.0
2022-01-16 15:11:26.509188,0.0,0.0,0.0
2022-01-16 15:11:27.008308,0.0,0.0,0.0
2022-01-16 15:11:27.506589,0.0,0.0,0.0
2022-01-16 15:11:28.005633,0.0,0.0,0.0
2022-01-16 15:11:28.510128,0.0,0.0,0.0
2022-01-16 15:11:29.009697,0.0,0.0,0.0
2022-01-16 15:11:29.505448,0.0,0.0,0.0
2022-01-16 15:11:30.003678,0.0,0.0,0.0
2022-01-16 15:11:30.507472,0.0,0.0,0.0
2022-01-16 15:11:31.005494,0.0,0.0,0.0
2022-01-16 15:11:31.509849,0.0,0.0,0.0
2022-01-16 15:11:32.007661,0.0,0.0,0.0
2022-01-16 15:11:32.501603,0.0,0.0,0.0
2022-01-16 15:11:33.010685,0.0,0.0,0.0
2022-01-16 15:11:33.507186,0.0,0.0,0.0
2022-01-16 15:11:34.006151,0.0,0.0,0.0
2022-01-16 15:11:34.500959,0.0,0.0,0.0
2022-01-16 15:11:35.009393,0.0,0.0,0.0
2022-01-16 15:11:35.504492,0.0,0.0,0.0
2022-01-16 15:11:36.002146,0.0,0.0,0.0
2022-01-16 15:11:36.506702,0.0,0.0,0.0
2022-01-16 15:11:37.004594,0.0,0.0,0.0
2022-01-16 15:11:37.509178,0.0,0.0,0.0
2022-01-16 15:11:38.010573,0.0,0.0,0.0
2022-01-16 15:11:38.506198,0.0,0.0,0.0
2022-01-16 15:11:39.004776,0.0,0.0,0.0
2022-01-16 15:11:39.510621,0.0,0.0,0.0
2022-01-16 15:11:40.009177,0.0,0.0,0.0
2022-01-16 15:11:40.503186,0.0,0.0,0.0
2022-01-16 15:11:41.011090,0.0,0.0,0.0
2022-01-16 15:11:41.505314,0.0,0.0,0.0
2022-01-16 15:11:42.002935,0.0,0.0,0.0
2022-01-16 15:11:42.510112,0.0,0.0,0.0
2022-01-16 15:11:43.008682,0.0,0.0,0.0
2022-01-16 15:11:43.502307,0.0,0.0,0.0
2022-01-16 15:11:44.010018,0.0,0.0,0.0
2022-01-16 15:11:44.505456,0.0,0.0,0.0
2022-01-16 15:11:45.003207,0.0,0.0,0.0
2022-01-16 15:11:45.510419,0.0,0.0,0.0
2022-01-16 15:11:46.007487,0.0,0.0,0.0
2022-01-16 15:11:46.503540,0.0,0.0,0.0
2022-01-16 15:11:47.002338,0.0,0.0,0.0
2022-01-16 15:11:47.509120,0.0,0.0,0.0
2022-01-16 15:11:48.005774,0.0,0.0,0.0
2022-01-16 15:11:48.511048,0.0,0.0,0.0
2022-01-16 15:11:49.005746,0.0,0.0,0.0
2022-01-16 15:11:49.511128,0.0,0.0,0.0
2022-01-16 15:11:50.009688,0.0,0.0,0.0
2022-01-16 15:11:50.506302,0.0,0.0,0.0
2022-01-16 15:11:51.004735,0.0,0.0,0.0
2022-01-16 15:11:51.502136,0.0,0.0,0.0
2022-01-16 15:11:52.009963,0.0,0.0,0.0
2022-01-16 15:11:52.504257,0.0,0.0,0.0
2022-01-16 15:11:53.001612,0.0,0.0,0.0
2022-01-16 15:11:53.506783,0.0,0.0,0.0
2022-01-16 15:11:54.004392,0.0,0.0,0.0
2022-01-16 15:11:54.509088,0.0,0.0,0.0
2022-01-16 15:11:55.005692,0.0,0.0,0.0
2022-01-16 15:11:55.510791,0.0,0.0,0.0
2022-01-16 15:11:56.010819,0.0,0.0,0.0
2022-01-16 15:11:56.504689,0.0,0.0,0.0
2022-01-16 15:11:57.002411,0.0,0.0,0.0
2022-01-16 15:11:57.507566,0.0,0.0,0.0
2022-01-16 15:11:58.006075,0.0,0.0,0.0
2022-01-16 15:11:58.502024,0.0,0.0,0.0
2022-01-16 15:11:59.001428,0.0,0.0,0.0
2022-01-16 15:11:59.506859,0.0,0.0,0.0
2022-01-16 15:12:00.004794,0.0,0.0,0.0
2022-01-16 15:12:00.508121,0.0,0.0,0.0
2022-01-16 15:12:01.005246,0.0,0.0,0.0
2022-01-16 15:12:01.502009,0.0,0.0,0.0
2022-01-16 15:12:02.010772,0.0,0.0,0.0
2022-01-16 15:12:02.506545,0.0,0.0,0.0
2022-01-16 15:12:03.004527,0.0,0.0,0.0
2022-01-16 15:12:03.510269,0.0,0.0,0.0
2022-01-16 15:12:04.009066,0.0,0.0,0.0
2022-01-16 15:12:04.504742,0.0,0.0,0.0
2022-01-16 15:12:05.002478,0.0,0.0,0.0
2022-01-16 15:12:05.508254,0.0,0.0,0.0
2022-01-16 15:12:06.005091,0.0,0.0,0.0
2022-01-16 15:12:06.509989,0.0,0.0,0.0
2022-01-16 15:12:07.006685,0.0,0.0,0.0
2022-01-16 15:12:07.510966,0.0,0.0,0.0
2022-01-16 15:12:08.008980,0.0,0.0,0.0
2022-01-16 15:12:08.503462,0.0,0.0,0.0
2022-01-16 15:12:09.001611,0.0,0.0,0.0
2022-01-16 15:12:09.506522,0.0,0.0,0.0
2022-01-16 15:12:10.004002,0.0,0.0,0.0
2022-01-16 15:12:10.509582,0.0,0.0,0.0
2022-01-16 15:12:11.008267,0.0,0.0,0.0
2022-01-16 15:12:11.503090,0.0,0.0,0.0
2022-01-16 15:12:12.504922,0.0,0.0,0.0
2022-01-16 15:12:13.002266,0.0,0.0,0.0
2022-01-16 15:12:13.509212,0.0,0.0,0.0
2022-01-16 15:12:14.008779,0.0,0.0,0.0
2022-01-16 15:12:14.504739,0.0,0.0,0.0
2022-01-16 15:12:15.002132,0.0,0.0,0.0
2022-01-16 15:12:15.508172,0.0,0.0,0.0
2022-01-16 15:12:16.005560,0.0,0.0,0.0
2022-01-16 15:12:16.501301,0.0,0.0,0.0
2022-01-16 15:12:17.009101,0.0,0.0,0.0
2022-01-16 15:12:17.504181,0.0,0.0,0.0
2022-01-16 15:12:18.001759,0.0,0.0,0.0
2022-01-16 15:12:18.508003,0.0,0.0,0.0
2022-01-16 15:12:19.004678,0.0,0.0,0.0
2022-01-16 15:12:19.510381,0.0,0.0,0.0
2022-01-16 15:12:20.008679,0.0,0.0,0.0
2022-01-16 15:12:20.502748,0.0,0.0,0.0
2022-01-16 15:12:21.010950,0.0,0.0,0.0
2022-01-16 15:12:21.505520,0.0,0.0,0.0
2022-01-16 15:12:22.004276,0.0,0.0,0.0
2022-01-16 15:12:22.509380,0.0,0.0,0.0
2022-01-16 15:12:23.006856,0.0,0.0,0.0
2022-01-16 15:12:23.502870,0.0,0.0,0.0
2022-01-16 15:12:24.001734,0.0,0.0,0.0
2022-01-16 15:12:24.506720,0.0,0.0,0.0
2022-01-16 15:12:25.006114,0.0,0.0,0.0
2022-01-16 15:12:26.005101,0.0,0.0,0.0
2022-01-16 15:12:26.510415,0.0,0.0,0.0
2022-01-16 15:12:27.007395,0.0,0.0,0.0
2022-01-16 15:12:27.503436,0.0,0.0,0.0
2022-01-16 15:12:28.002085,0.0,0.0,0.0
2022-01-16 15:12:28.505872,0.0,0.0,0.0
2022-01-16 15:12:29.004158,0.0,0.0,0.0
2022-01-16 15:12:29.509152,0.0,0.0,0.0
2022-01-16 15:12:30.006572,0.0,0.0,0.0
2022-01-16 15:12:31.005160,0.0,0.0,0.0
2022-01-16 15:12:31.510722,0.0,0.0,0.0
2022-01-16 15:12:32.008913,0.0,0.0,0.0
2022-01-16 15:12:32.504922,0.0,0.0,0.0
2022-01-16 15:12:33.002757,0.0,0.0,0.0
2022-01-16 15:12:33.506039,0.0,0.0,0.0
2022-01-16 15:12:34.004319,0.0,0.0,0.0
2022-01-16 15:12:34.509151,0.0,0.0,0.0
2022-01-16 15:12:35.007123,0.0,0.0,0.0
2022-01-16 15:12:35.511134,0.0,0.0,0.0
2022-01-16 15:12:36.008980,0.0,0.0,0.0
2022-01-16 15:12:36.503011,0.0,0.0,0.0
2022-01-16 15:12:37.002075,0.0,0.0,0.0
2022-01-16 15:12:37.506302,0.0,0.0,0.0
2022-01-16 15:12:38.006514,0.0,0.0,0.0
2022-01-16 15:12:38.501570,0.0,0.0,0.0
2022-01-16 15:12:39.009224,0.0,0.0,0.0
2022-01-16 15:12:39.504349,0.0,0.0,0.0
2022-01-16 15:12:40.002135,0.0,0.0,0.0
2022-01-16 15:12:40.506947,0.0,0.0,0.0
2022-01-16 15:12:41.005168,0.0,0.0,0.0
2022-01-16 15:12:41.511074,0.0,0.0,0.0
2022-01-16 15:12:42.008733,0.0,0.0,0.0
2022-01-16 15:12:42.503668,0.0,0.0,0.0
2022-01-16 15:12:43.504864,0.0,0.0,0.0
2022-01-16 15:12:44.003778,0.0,0.0,0.0
2022-01-16 15:12:44.508204,0.0,0.0,0.0
2022-01-16 15:12:45.006411,0.0,0.0,0.0
2022-01-16 15:12:45.501694,0.0,0.0,0.0
2022-01-16 15:12:46.010205,0.0,0.0,0.0
2022-01-16 15:12:46.506893,0.0,0.0,0.0
2022-01-16 15:12:47.004808,0.0,0.0,0.0
2022-01-16 15:12:47.510133,0.0,0.0,0.0
2022-01-16 15:12:48.008149,0.0,0.0,0.0
2022-01-16 15:12:48.503006,0.0,0.0,0.0
2022-01-16 15:12:49.001047,0.0,0.0,0.0
2022-01-16 15:12:49.506099,0.0,0.0,0.0
2022-01-16 15:12:50.006775,0.0,0.0,0.0
2022-01-16 15:12:50.511089,0.0,0.0,0.0
2022-01-16 15:12:51.008219,0.0,0.0,0.0
2022-01-16 15:12:51.505130,0.0,0.0,0.0
2022-01-16 15:12:52.004080,0.0,0.0,0.0
2022-01-16 15:12:52.509614,0.0,0.0,0.0
2022-01-16 15:12:53.009000,0.0,0.0,0.0
2022-01-16 15:12:53.503267,0.0,0.0,0.0
2022-01-16 15:12:54.010921,0.0,0.0,0.0
2022-01-16 15:12:54.505174,0.0,0.0,0.0
2022-01-16 15:12:55.004053,0.0,0.0,0.0
2022-01-16 15:12:55.509146,0.0,0.0,0.0
2022-01-16 15:12:56.006525,0.0,0.0,0.0
2022-01-16 15:12:56.501796,0.0,0.0,0.0
2022-01-16 15:12:57.009630,0.0,0.0,0.0
2022-01-16 15:12:57.504509,0.0,0.0,0.0
2022-01-16 15:12:58.001636,0.0,0.0,0.0
2022-01-16 15:12:58.507053,0.0,0.0,0.0
2022-01-16 15:12:59.004472,0.0,0.0,0.0
2022-01-16 15:12:59.509271,0.0,0.0,0.0
2022-01-16 15:13:00.007842,0.0,0.0,0.0
2022-01-16 15:13:00.503338,0.0,0.0,0.0
2022-01-16 15:13:01.001581,0.0,0.0,0.0
2022-01-16 15:13:01.505741,0.0,0.0,0.0
2022-01-16 15:13:02.004417,0.0,0.0,0.0
2022-01-16 15:13:02.508332,0.0,0.0,0.0
2022-01-16 15:13:03.006012,0.0,0.0,0.0
2022-01-16 15:13:03.509914,0.0,0.0,0.0
2022-01-16 15:13:04.008848,0.0,0.0,0.0
2022-01-16 15:13:04.503988,0.0,0.0,0.0
2022-01-16 15:13:05.001139,0.0,0.0,0.0
2022-01-16 15:13:05.506212,0.0,0.0,0.0
2022-01-16 15:13:06.005128,0.0,0.0,0.0
2022-01-16 15:13:06.510466,0.0,0.0,0.0
2022-01-16 15:13:07.008842,0.0,0.0,0.0
2022-01-16 15:13:07.502701,0.0,0.0,0.0
2022-01-16 15:13:08.010922,0.0,0.0,0.0
2022-01-16 15:13:08.506124,0.0,0.0,0.0
2022-01-16 15:13:09.003927,0.0,0.0,0.0
2022-01-16 15:13:09.508412,0.0,0.0,0.0
2022-01-16 15:13:10.005755,0.0,0.0,0.0
2022-01-16 15:13:10.503588,0.0,0.0,0.0
2022-01-16 15:13:11.001818,0.0,0.0,0.0
2022-01-16 15:13:11.505661,0.0,0.0,0.0
2022-01-16 15:13:12.004286,0.0,0.0,0.0
2022-01-16 15:13:12.508644,0.0,0.0,0.0
2022-01-16 15:13:13.008021,0.0,0.0,0.0
2022-01-16 15:13:13.504441,0.0,0.0,0.0
2022-01-16 15:13:14.001752,0.0,0.0,0.0
2022-01-16 15:13:14.505903,0.0,0.0,0.0
2022-01-16 15:13:15.004242,0.0,0.0,0.0
2022-01-16 15:13:15.508305,0.0,0.0,0.0
2022-01-16 15:13:16.007282,0.0,0.0,0.0
2022-01-16 15:13:16.502656,0.0,0.0,0.0
2022-01-16 15:13:17.010742,0.0,0.0,0.0
2022-01-16 15:13:17.507373,0.0,0.0,0.0
2022-01-16 15:13:18.005739,0.0,0.0,0.0
2022-01-16 15:13:18.510879,0.0,0.0,0.0
2022-01-16 15:13:19.010376,0.0,0.0,0.0
2022-01-16 15:13:19.505516,0.0,0.0,0.0
2022-01-16 15:13:20.002566,0.0,0.0,0.0
2022-01-16 15:13:20.506093,0.0,0.0,0.0
2022-01-16 15:13:21.003542,0.0,0.0,0.0
2022-01-16 15:13:21.507765,0.0,0.0,0.0
2022-01-16 15:13:22.008299,0.0,0.0,0.0
2022-01-16 15:13:22.502831,0.0,0.0,0.0
2022-01-16 15:13:23.011102,0.0,0.0,0.0
2022-01-16 15:13:23.505773,0.0,0.0,0.0
2022-01-16 15:13:24.004658,0.0,0.0,0.0
2022-01-16 15:13:24.508658,0.0,0.0,0.0
2022-01-16 15:13:25.006328,0.0,0.0,0.0
2022-01-16 15:13:25.501244,0.0,0.0,0.0
2022-01-16 15:13:26.011088,0.0,0.0,0.0
2022-01-16 15:13:26.507069,0.0,0.0,0.0
2022-01-16 15:13:27.004758,0.0,0.0,0.0
2022-01-16 15:13:27.509870,0.0,0.0,0.0
2022-01-16 15:13:28.008640,0.0,0.0,0.0
2022-01-16 15:13:28.503362,0.0,0.0,0.0
2022-01-16 15:13:29.011295,0.0,0.0,0.0
2022-01-16 15:13:29.505683,0.0,0.0,0.0
2022-01-16 15:13:30.005126,0.0,0.0,0.0
2022-01-16 15:13:30.510819,0.0,0.0,0.0
2022-01-16 15:13:31.008407,0.0,0.0,0.0
2022-01-16 15:13:31.506221,0.0,0.0,0.0
2022-01-16 15:13:32.005112,0.0,0.0,0.0
2022-01-16 15:13:32.510419,0.0,0.0,0.0
2022-01-16 15:13:33.009516,0.0,0.0,0.0
2022-01-16 15:13:33.502899,0.0,0.0,0.0
2022-01-16 15:13:34.001772,0.0,0.0,0.0
2022-01-16 15:13:34.508435,0.0,0.0,0.0
2022-01-16 15:13:35.006419,0.0,0.0,0.0
2022-01-16 15:13:35.510643,0.0,0.0,0.0
2022-01-16 15:13:36.001192,0.0,0.0,0.0
2022-01-16 15:13:36.505249,0.0,0.0,0.0
2022-01-16 15:13:37.004842,0.0,0.0,0.0
2022-01-16 15:13:37.505423,0.0,0.0,0.0
2022-01-16 15:13:38.004381,0.0,0.0,0.0
2022-01-16 15:13:38.510066,0.0,0.0,0.0
2022-01-16 15:13:39.008783,0.0,0.0,0.0
2022-01-16 15:13:39.502142,0.0,0.0,0.0
2022-01-16 15:13:40.003300,0.0,0.0,0.0
2022-01-16 15:13:40.508414,0.0,0.0,0.0
2022-01-16 15:13:41.005830,0.0,0.0,0.0
2022-01-16 15:13:41.511032,0.0,0.0,0.0
2022-01-16 15:13:42.008570,0.0,0.0,0.0
2022-01-16 15:13:42.503559,0.0,0.0,0.0
2022-01-16 15:13:43.001739,0.0,0.0,0.0
2022-01-16 15:13:43.506698,0.0,0.0,0.0
2022-01-16 15:13:44.004660,0.0,0.0,0.0
2022-01-16 15:13:44.501688,0.0,0.0,0.0
2022-01-16 15:13:45.010123,0.0,0.0,0.0
2022-01-16 15:13:45.504520,0.0,0.0,0.0
2022-01-16 15:13:46.001873,0.0,0.0,0.0
2022-01-16 15:13:46.508295,0.0,0.0,0.0
2022-01-16 15:13:47.006032,0.0,0.0,0.0
2022-01-16 15:13:47.501688,0.0,0.0,0.0
2022-01-16 15:13:48.010461,0.0,0.0,0.0
2022-01-16 15:13:48.505567,0.0,0.0,0.0
2022-01-16 15:13:49.004522,0.0,0.0,0.0
2022-01-16 15:13:49.501420,0.0,0.0,0.0
2022-01-16 15:13:50.010304,0.0,0.0,0.0
2022-01-16 15:13:50.505152,0.0,0.0,0.0
2022-01-16 15:13:51.001114,0.0,0.0,0.0
2022-01-16 15:13:51.506295,0.0,0.0,0.0
2022-01-16 15:13:52.004373,0.0,0.0,0.0
2022-01-16 15:13:52.508723,0.0,0.0,0.0
2022-01-16 15:13:53.006391,0.0,0.0,0.0
2022-01-16 15:13:53.502172,0.0,0.0,0.0
2022-01-16 15:13:54.504974,0.0,0.0,0.0
2022-01-16 15:13:55.002933,0.0,0.0,0.0
2022-01-16 15:13:55.507427,0.0,0.0,0.0
2022-01-16 15:13:56.005497,0.0,0.0,0.0
2022-01-16 15:13:56.510349,0.0,0.0,0.0
2022-01-16 15:13:57.008729,0.0,0.0,0.0
2022-01-16 15:13:57.502516,0.0,0.0,0.0
2022-01-16 15:13:58.010936,0.0,0.0,0.0
2022-01-16 15:13:58.505320,0.0,0.0,0.0
2022-01-16 15:13:59.004185,0.0,0.0,0.0
2022-01-16 15:13:59.501166,0.0,0.0,0.0
2022-01-16 15:14:00.008725,0.0,0.0,0.0
2022-01-16 15:14:00.500972,0.0,0.0,0.0
2022-01-16 15:14:01.009836,0.0,0.0,0.0
2022-01-16 15:14:01.506250,0.0,0.0,0.0
2022-01-16 15:14:02.005206,0.0,0.0,0.0
2022-01-16 15:14:02.510974,0.0,0.0,0.0
2022-01-16 15:14:03.008071,0.0,0.0,0.0
2022-01-16 15:14:03.503223,0.0,0.0,0.0
2022-01-16 15:14:04.001650,0.0,0.0,0.0
2022-01-16 15:14:04.506920,0.0,0.0,0.0
2022-01-16 15:14:05.004664,0.0,0.0,0.0
2022-01-16 15:14:05.510868,0.0,0.0,0.0
2022-01-16 15:14:06.009081,0.0,0.0,0.0
2022-01-16 15:14:06.505612,0.0,0.0,0.0
2022-01-16 15:14:07.003162,0.0,0.0,0.0
2022-01-16 15:14:07.508616,0.0,0.0,0.0
2022-01-16 15:14:08.005911,0.0,0.0,0.0
2022-01-16 15:14:08.501023,0.0,0.0,0.0
2022-01-16 15:14:09.009385,0.0,0.0,0.0
2022-01-16 15:14:09.502775,0.0,0.0,0.0
2022-01-16 15:14:10.009320,0.0,0.0,0.0
2022-01-16 15:14:10.502696,0.0,0.0,0.0
2022-01-16 15:14:11.002909,0.0,0.0,0.0
2022-01-16 15:14:11.508981,0.0,0.0,0.0
2022-01-16 15:14:12.006867,0.0,0.0,0.0
2022-01-16 15:14:12.503132,0.0,0.0,0.0
2022-01-16 15:14:13.002856,0.0,0.0,0.0
2022-01-16 15:14:13.508474,0.0,0.0,0.0
2022-01-16 15:14:14.005716,0.0,0.0,0.0
2022-01-16 15:14:14.502403,0.0,0.0,0.0
2022-01-16 15:14:15.001746,0.0,0.0,0.0
2022-01-16 15:14:15.507817,0.0,0.0,0.0
2022-01-16 15:14:16.005619,0.0,0.0,0.0
2022-01-16 15:14:16.511105,0.0,0.0,0.0
2022-01-16 15:14:17.011212,0.0,0.0,0.0
2022-01-16 15:14:17.506304,0.0,0.0,0.0
2022-01-16 15:14:18.004526,0.0,0.0,0.0
2022-01-16 15:14:18.509383,0.0,0.0,0.0
2022-01-16 15:14:19.007110,0.0,0.0,0.0
2022-01-16 15:14:19.501909,0.0,0.0,0.0
2022-01-16 15:14:20.001753,0.0,0.0,0.0
2022-01-16 15:14:20.507628,0.0,0.0,0.0
2022-01-16 15:14:21.003892,0.0,0.0,0.0
2022-01-16 15:14:21.507574,0.0,0.0,0.0
2022-01-16 15:14:22.004758,0.0,0.0,0.0
2022-01-16 15:14:22.509151,0.0,0.0,0.0
2022-01-16 15:14:23.006681,0.0,0.0,0.0
2022-01-16 15:14:23.510799,0.0,0.0,0.0
2022-01-16 15:14:24.008944,0.0,0.0,0.0
2022-01-16 15:14:24.506397,0.0,0.0,0.0
2022-01-16 15:14:25.003314,0.0,0.0,0.0
2022-01-16 15:14:25.508006,0.0,0.0,0.0
2022-01-16 15:14:26.006787,0.0,0.0,0.0
2022-01-16 15:14:26.501806,0.0,0.0,0.0
2022-01-16 15:14:27.010263,0.0,0.0,0.0
2022-01-16 15:14:27.504481,0.0,0.0,0.0
2022-01-16 15:14:28.001737,0.0,0.0,0.0
2022-01-16 15:14:28.507260,0.0,0.0,0.0
2022-01-16 15:14:29.006440,0.0,0.0,0.0
2022-01-16 15:14:29.501582,0.0,0.0,0.0
2022-01-16 15:14:30.010815,0.0,0.0,0.0
2022-01-16 15:14:30.504653,0.0,0.0,0.0
2022-01-16 15:14:31.002417,0.0,0.0,0.0
2022-01-16 15:14:31.507456,0.0,0.0,0.0
2022-01-16 15:14:32.005676,0.0,0.0,0.0
2022-01-16 15:14:32.509151,0.0,0.0,0.0
2022-01-16 15:14:33.005931,0.0,0.0,0.0
2022-01-16 15:14:33.501773,0.0,0.0,0.0
2022-01-16 15:14:34.010877,0.0,0.0,0.0
2022-01-16 15:14:34.505527,0.0,0.0,0.0
2022-01-16 15:14:35.002579,0.0,0.0,0.0
2022-01-16 15:14:35.507838,0.0,0.0,0.0
2022-01-16 15:14:36.006754,0.0,0.0,0.0
2022-01-16 15:14:36.510970,0.0,0.0,0.0
2022-01-16 15:14:37.009047,0.0,0.0,0.0
2022-01-16 15:14:37.504631,0.0,0.0,0.0
2022-01-16 15:14:38.001734,0.0,0.0,0.0
2022-01-16 15:14:38.506752,0.0,0.0,0.0
2022-01-16 15:14:39.003795,0.0,0.0,0.0
2022-01-16 15:14:39.508331,0.0,0.0,0.0
2022-01-16 15:14:40.006358,0.0,0.0,0.0
2022-01-16 15:14:40.501771,0.0,0.0,0.0
2022-01-16 15:14:41.009525,0.0,0.0,0.0
2022-01-16 15:14:41.505058,0.0,0.0,0.0
2022-01-16 15:14:42.004097,0.0,0.0,0.0
2022-01-16 15:14:42.509836,0.0,0.0,0.0
2022-01-16 15:14:43.008424,0.0,0.0,0.0
2022-01-16 15:14:43.502895,0.0,0.0,0.0
2022-01-16 15:14:44.001141,0.0,0.0,0.0
2022-01-16 15:14:44.506382,0.0,0.0,0.0
2022-01-16 15:14:45.004783,0.0,0.0,0.0
2022-01-16 15:14:45.509670,0.0,0.0,0.0
2022-01-16 15:14:46.008644,0.0,0.0,0.0
2022-01-16 15:14:46.504632,0.0,0.0,0.0
2022-01-16 15:14:47.002321,0.0,0.0,0.0
2022-01-16 15:14:47.508072,0.0,0.0,0.0
2022-01-16 15:14:48.007178,0.0,0.0,0.0
2022-01-16 15:14:48.503900,0.0,0.0,0.0
2022-01-16 15:14:49.002001,0.0,0.0,0.0
2022-01-16 15:14:49.508170,0.0,0.0,0.0
2022-01-16 15:14:50.005461,0.0,0.0,0.0
2022-01-16 15:14:50.501209,0.0,0.0,0.0
2022-01-16 15:14:51.009000,0.0,0.0,0.0
2022-01-16 15:14:51.503846,0.0,0.0,0.0
2022-01-16 15:14:52.001102,0.0,0.0,0.0
2022-01-16 15:14:52.505940,0.0,0.0,0.0
2022-01-16 15:14:53.004870,0.0,0.0,0.0
2022-01-16 15:14:53.509122,0.0,0.0,0.0
2022-01-16 15:14:54.005877,0.0,0.0,0.0
2022-01-16 15:14:54.510676,0.0,0.0,0.0
2022-01-16 15:14:55.008845,0.0,0.0,0.0
2022-01-16 15:14:55.505944,0.0,0.0,0.0
2022-01-16 15:14:56.004954,0.0,0.0,0.0
2022-01-16 15:14:56.509763,0.0,0.0,0.0
2022-01-16 15:14:57.008602,0.0,0.0,0.0
2022-01-16 15:14:57.506265,0.0,0.0,0.0
2022-01-16 15:14:58.003111,0.0,0.0,0.0
2022-01-16 15:14:58.507741,0.0,0.0,0.0
2022-01-16 15:14:59.005608,0.0,0.0,0.0
2022-01-16 15:14:59.509668,0.0,0.0,0.0
2022-01-16 15:15:00.008569,0.0,0.0,0.0
2022-01-16 15:15:00.501871,0.0,0.0,0.0
2022-01-16 15:15:01.001143,0.0,0.0,0.0
2022-01-16 15:15:01.506455,0.0,0.0,0.0
2022-01-16 15:15:02.004820,0.0,0.0,0.0
2022-01-16 15:15:02.509349,0.0,0.0,0.0
2022-01-16 15:15:03.007516,0.0,0.0,0.0
2022-01-16 15:15:03.502266,0.0,0.0,0.0
2022-01-16 15:15:04.002681,0.0,0.0,0.0
2022-01-16 15:15:04.508650,0.0,0.0,0.0
2022-01-16 15:15:05.006156,0.0,0.0,0.0
2022-01-16 15:15:05.502381,0.0,0.0,0.0
2022-01-16 15:15:06.001665,0.0,0.0,0.0
2022-01-16 15:15:06.506536,0.0,0.0,0.0
2022-01-16 15:15:07.004733,0.0,0.0,0.0
2022-01-16 15:15:07.509014,0.0,0.0,0.0
2022-01-16 15:15:08.007542,0.0,0.0,0.0
2022-01-16 15:15:08.503451,0.0,0.0,0.0
2022-01-16 15:15:09.011248,0.0,0.0,0.0
2022-01-16 15:15:09.505836,0.0,0.0,0.0
2022-01-16 15:15:10.003404,0.0,0.0,0.0
2022-01-16 15:15:10.507405,0.0,0.0,0.0
2022-01-16 15:15:11.006301,0.0,0.0,0.0
2022-01-16 15:15:11.502452,0.0,0.0,0.0
2022-01-16 15:15:12.010922,0.0,0.0,0.0
2022-01-16 15:15:12.507912,0.0,0.0,0.0
2022-01-16 15:15:13.005599,0.0,0.0,0.0
2022-01-16 15:15:13.509682,0.0,0.0,0.0
2022-01-16 15:15:14.008598,0.0,0.0,0.0
2022-01-16 15:15:14.502464,0.0,0.0,0.0
2022-01-16 15:15:15.011002,0.0,0.0,0.0
2022-01-16 15:15:15.504909,0.0,0.0,0.0
2022-01-16 15:15:16.003219,0.0,0.0,0.0
2022-01-16 15:15:16.508921,0.0,0.0,0.0
2022-01-16 15:15:17.007806,0.0,0.0,0.0
2022-01-16 15:15:17.503363,0.0,0.0,0.0
2022-01-16 15:15:18.001718,0.0,0.0,0.0
2022-01-16 15:15:18.507311,0.0,0.0,0.0
2022-01-16 15:15:19.003287,0.0,0.0,0.0
2022-01-16 15:15:19.506930,0.0,0.0,0.0
2022-01-16 15:15:20.005150,0.0,0.0,0.0
2022-01-16 15:15:20.510089,0.0,0.0,0.0
2022-01-16 15:15:21.008263,0.0,0.0,0.0
2022-01-16 15:15:21.504207,0.0,0.0,0.0
2022-01-16 15:15:22.000829,0.0,0.0,0.0
2022-01-16 15:15:22.503281,0.0,0.0,0.0
2022-01-16 15:15:23.011155,0.0,0.0,0.0
2022-01-16 15:15:23.505491,0.0,0.0,0.0
2022-01-16 15:15:24.001896,0.0,0.0,0.0
2022-01-16 15:15:24.506641,0.0,0.0,0.0
2022-01-16 15:15:25.004216,0.0,0.0,0.0
2022-01-16 15:15:25.509332,0.0,0.0,0.0
2022-01-16 15:15:26.009259,0.0,0.0,0.0
2022-01-16 15:15:26.503390,0.0,0.0,0.0
2022-01-16 15:15:27.010801,0.0,0.0,0.0
2022-01-16 15:15:27.504730,0.0,0.0,0.0
2022-01-16 15:15:28.002342,0.0,0.0,0.0
2022-01-16 15:15:28.506943,0.0,0.0,0.0
2022-01-16 15:15:29.004629,0.0,0.0,0.0
2022-01-16 15:15:29.510309,0.0,0.0,0.0
2022-01-16 15:15:30.008747,0.0,0.0,0.0
2022-01-16 15:15:30.504744,0.0,0.0,0.0
2022-01-16 15:15:31.001874,0.0,0.0,0.0
2022-01-16 15:15:31.507700,0.0,0.0,0.0
2022-01-16 15:15:32.006438,0.0,0.0,0.0
2022-01-16 15:15:32.510901,0.0,0.0,0.0
2022-01-16 15:15:33.008636,0.0,0.0,0.0
2022-01-16 15:15:33.502807,0.0,0.0,0.0
2022-01-16 15:15:34.011044,0.0,0.0,0.0
2022-01-16 15:15:34.505166,0.0,0.0,0.0
2022-01-16 15:15:35.004641,0.0,0.0,0.0
2022-01-16 15:15:35.509718,0.0,0.0,0.0
2022-01-16 15:15:36.008725,0.0,0.0,0.0
2022-01-16 15:15:36.503698,0.0,0.0,0.0
2022-01-16 15:15:37.003415,0.0,0.0,0.0
2022-01-16 15:15:37.509059,0.0,0.0,0.0
2022-01-16 15:15:38.006848,0.0,0.0,0.0
2022-01-16 15:15:38.501502,0.0,0.0,0.0
2022-01-16 15:15:39.011015,0.0,0.0,0.0
2022-01-16 15:15:39.507079,0.0,0.0,0.0
2022-01-16 15:15:40.004725,0.0,0.0,0.0
2022-01-16 15:15:40.508301,0.0,0.0,0.0
2022-01-16 15:15:41.005663,0.0,0.0,0.0
2022-01-16 15:15:41.510644,0.0,0.0,0.0
2022-01-16 15:15:42.009239,0.0,0.0,0.0
2022-01-16 15:15:42.502565,0.0,0.0,0.0
2022-01-16 15:15:43.001399,0.0,0.0,0.0
2022-01-16 15:15:43.506291,0.0,0.0,0.0
2022-01-16 15:15:44.005242,0.0,0.0,0.0
2022-01-16 15:15:44.510911,0.0,0.0,0.0
2022-01-16 15:15:45.009834,0.0,0.0,0.0
2022-01-16 15:15:45.502583,0.0,0.0,0.0
2022-01-16 15:15:46.009760,0.0,0.0,0.0
2022-01-16 15:15:46.505916,0.0,0.0,0.0
2022-01-16 15:15:47.004216,0.0,0.0,0.0
2022-01-16 15:15:47.508990,0.0,0.0,0.0
2022-01-16 15:15:48.007102,0.0,0.0,0.0
2022-01-16 15:15:48.502681,0.0,0.0,0.0
2022-01-16 15:15:49.505307,0.0,0.0,0.0
2022-01-16 15:15:50.004146,0.0,0.0,0.0
2022-01-16 15:15:50.508408,0.0,0.0,0.0
2022-01-16 15:15:51.007561,0.0,0.0,0.0
2022-01-16 15:15:51.501614,0.0,0.0,0.0
2022-01-16 15:15:52.009975,0.0,0.0,0.0
2022-01-16 15:15:52.504950,0.0,0.0,0.0
2022-01-16 15:15:53.002406,0.0,0.0,0.0
2022-01-16 15:15:53.507360,0.0,0.0,0.0
2022-01-16 15:15:54.005559,0.0,0.0,0.0
2022-01-16 15:15:54.510900,0.0,0.0,0.0
2022-01-16 15:15:55.010304,0.0,0.0,0.0
2022-01-16 15:15:55.505124,0.0,0.0,0.0
2022-01-16 15:15:56.002981,0.0,0.0,0.0
2022-01-16 15:15:56.508166,0.0,0.0,0.0
2022-01-16 15:15:57.005339,0.0,0.0,0.0
2022-01-16 15:15:57.509529,0.0,0.0,0.0
2022-01-16 15:15:58.007763,0.0,0.0,0.0
2022-01-16 15:15:58.504170,0.0,0.0,0.0
2022-01-16 15:15:59.002882,0.0,0.0,0.0
2022-01-16 15:15:59.507829,0.0,0.0,0.0
2022-01-16 15:16:00.005836,0.0,0.0,0.0
2022-01-16 15:16:00.510244,0.0,0.0,0.0
2022-01-16 15:16:01.008048,0.0,0.0,0.0
2022-01-16 15:16:01.503205,0.0,0.0,0.0
2022-01-16 15:16:02.002268,0.0,0.0,0.0
2022-01-16 15:16:02.507534,0.0,0.0,0.0
2022-01-16 15:16:03.005616,0.0,0.0,0.0
2022-01-16 15:16:03.501104,0.0,0.0,0.0
2022-01-16 15:16:04.008686,0.0,0.0,0.0
2022-01-16 15:16:04.503397,0.0,0.0,0.0
2022-01-16 15:16:05.001178,0.0,0.0,0.0
2022-01-16 15:16:05.504832,0.0,0.0,0.0
2022-01-16 15:16:06.003679,0.0,0.0,0.0
2022-01-16 15:16:06.509073,0.0,0.0,0.0
2022-01-16 15:16:07.008477,0.0,0.0,0.0
2022-01-16 15:16:07.504730,0.0,0.0,0.0
2022-01-16 15:16:08.001273,0.0,0.0,0.0
2022-01-16 15:16:08.505242,0.0,0.0,0.0
2022-01-16 15:16:09.002004,0.0,0.0,0.0
2022-01-16 15:16:09.507400,0.0,0.0,0.0
2022-01-16 15:16:10.004257,0.0,0.0,0.0
2022-01-16 15:16:10.510269,0.0,0.0,0.0
2022-01-16 15:16:11.009503,0.0,0.0,0.0
2022-01-16 15:16:11.506180,0.0,0.0,0.0
2022-01-16 15:16:12.005143,0.0,0.0,0.0
2022-01-16 15:16:12.511110,0.0,0.0,0.0
2022-01-16 15:16:13.008991,0.0,0.0,0.0
2022-01-16 15:16:13.505022,0.0,0.0,0.0
2022-01-16 15:16:14.001214,0.0,0.0,0.0
2022-01-16 15:16:14.505107,0.0,0.0,0.0
2022-01-16 15:16:15.002774,0.0,0.0,0.0
2022-01-16 15:16:15.508046,0.0,0.0,0.0
2022-01-16 15:16:16.006835,0.0,0.0,0.0
2022-01-16 15:16:16.501579,0.0,0.0,0.0
2022-01-16 15:16:17.010946,0.0,0.0,0.0
2022-01-16 15:16:17.505046,0.0,0.0,0.0
2022-01-16 15:16:18.002082,0.0,0.0,0.0
2022-01-16 15:16:18.507331,0.0,0.0,0.0
2022-01-16 15:16:19.005786,0.0,0.0,0.0
2022-01-16 15:16:19.509701,0.0,0.0,0.0
2022-01-16 15:16:20.009027,0.0,0.0,0.0
2022-01-16 15:16:20.507306,0.0,0.0,0.0
2022-01-16 15:16:21.004499,0.0,0.0,0.0
2022-01-16 15:16:21.510209,0.0,0.0,0.0
2022-01-16 15:16:22.008899,0.0,0.0,0.0
2022-01-16 15:16:22.503642,0.0,0.0,0.0
2022-01-16 15:16:23.001426,0.0,0.0,0.0
2022-01-16 15:16:23.506773,0.0,0.0,0.0
2022-01-16 15:16:24.005756,0.0,0.0,0.0
2022-01-16 15:16:24.501141,0.0,0.0,0.0
2022-01-16 15:16:25.001867,0.0,0.0,0.0
2022-01-16 15:16:25.507909,0.0,0.0,0.0
2022-01-16 15:16:26.005718,0.0,0.0,0.0
2022-01-16 15:16:26.510122,0.0,0.0,0.0
2022-01-16 15:16:27.008248,0.0,0.0,0.0
2022-01-16 15:16:27.503383,0.0,0.0,0.0
2022-01-16 15:16:28.001885,0.0,0.0,0.0
2022-01-16 15:16:28.507361,0.0,0.0,0.0
2022-01-16 15:16:29.004943,0.0,0.0,0.0
2022-01-16 15:16:29.511074,0.0,0.0,0.0
2022-01-16 15:16:30.009136,0.0,0.0,0.0
2022-01-16 15:16:30.502866,0.0,0.0,0.0
2022-01-16 15:16:31.008904,0.0,0.0,0.0
2022-01-16 15:16:31.504444,0.0,0.0,0.0
2022-01-16 15:16:32.001978,0.0,0.0,0.0
2022-01-16 15:16:32.507314,0.0,0.0,0.0
2022-01-16 15:16:33.005338,0.0,0.0,0.0
2022-01-16 15:16:33.511074,0.0,0.0,0.0
2022-01-16 15:16:34.009722,0.0,0.0,0.0
2022-01-16 15:16:34.504196,0.0,0.0,0.0
2022-01-16 15:16:35.002284,0.0,0.0,0.0
2022-01-16 15:16:35.505843,0.0,0.0,0.0
2022-01-16 15:16:36.002592,0.0,0.0,0.0
2022-01-16 15:16:36.508112,0.0,0.0,0.0
2022-01-16 15:16:37.005329,0.0,0.0,0.0
2022-01-16 15:16:37.508821,0.0,0.0,0.0
2022-01-16 15:16:38.006760,0.0,0.0,0.0
2022-01-16 15:16:38.502402,0.0,0.0,0.0
2022-01-16 15:16:39.505283,0.0,0.0,0.0
2022-01-16 15:16:40.003853,0.0,0.0,0.0
2022-01-16 15:16:40.508450,0.0,0.0,0.0
2022-01-16 15:16:41.006584,0.0,0.0,0.0
2022-01-16 15:16:41.501594,0.0,0.0,0.0
2022-01-16 15:16:42.011051,0.0,0.0,0.0
2022-01-16 15:16:42.505146,0.0,0.0,0.0
2022-01-16 15:16:43.003523,0.0,0.0,0.0
2022-01-16 15:16:43.502199,0.0,0.0,0.0
2022-01-16 15:16:44.001691,0.0,0.0,0.0
2022-01-16 15:16:44.508379,0.0,0.0,0.0
2022-01-16 15:16:45.006431,0.0,0.0,0.0
2022-01-16 15:16:46.004612,0.0,0.0,0.0
2022-01-16 15:16:46.510556,0.0,0.0,0.0
2022-01-16 15:16:47.010351,0.0,0.0,0.0
2022-01-16 15:16:47.504460,0.0,0.0,0.0
2022-01-16 15:16:48.002887,0.0,0.0,0.0
2022-01-16 15:16:48.509877,0.0,0.0,0.0
2022-01-16 15:16:49.006874,0.0,0.0,0.0
2022-01-16 15:16:49.501826,0.0,0.0,0.0
2022-01-16 15:16:50.010518,0.0,0.0,0.0
2022-01-16 15:16:50.505133,0.0,0.0,0.0
2022-01-16 15:16:51.002713,0.0,0.0,0.0
2022-01-16 15:16:51.508125,0.0,0.0,0.0
2022-01-16 15:16:52.005608,0.0,0.0,0.0
2022-01-16 15:16:52.510587,0.0,0.0,0.0
2022-01-16 15:16:53.009606,0.0,0.0,0.0
2022-01-16 15:16:53.504364,0.0,0.0,0.0
2022-01-16 15:16:54.002118,0.0,0.0,0.0
2022-01-16 15:16:54.506005,0.0,0.0,0.0
2022-01-16 15:16:55.004281,0.0,0.0,0.0
2022-01-16 15:16:55.508478,0.0,0.0,0.0
2022-01-16 15:16:56.007100,0.0,0.0,0.0
2022-01-16 15:16:56.501318,0.0,0.0,0.0
2022-01-16 15:16:57.010574,0.0,0.0,0.0
2022-01-16 15:16:57.506541,0.0,0.0,0.0
2022-01-16 15:16:58.005189,0.0,0.0,0.0
2022-01-16 15:16:58.501789,0.0,0.0,0.0
2022-01-16 15:16:59.009655,0.0,0.0,0.0
2022-01-16 15:16:59.503999,0.0,0.0,0.0
2022-01-16 15:17:00.002313,0.0,0.0,0.0
2022-01-16 15:17:00.505679,0.0,0.0,0.0
2022-01-16 15:17:01.004622,0.0,0.0,0.0
2022-01-16 15:17:01.509530,0.0,0.0,0.0
2022-01-16 15:17:02.007459,0.0,0.0,0.0
2022-01-16 15:17:02.501122,0.0,0.0,0.0
2022-01-16 15:17:03.010127,0.0,0.0,0.0
2022-01-16 15:17:03.505227,0.0,0.0,0.0
2022-01-16 15:17:04.003564,0.0,0.0,0.0
2022-01-16 15:17:04.508431,0.0,0.0,0.0
2022-01-16 15:17:05.007572,0.0,0.0,0.0
2022-01-16 15:17:05.505649,0.0,0.0,0.0
2022-01-16 15:17:06.002818,0.0,0.0,0.0
2022-01-16 15:17:06.507773,0.0,0.0,0.0
2022-01-16 15:17:07.005517,0.0,0.0,0.0
2022-01-16 15:17:08.004667,0.0,0.0,0.0
2022-01-16 15:17:08.510916,0.0,0.0,0.0
2022-01-16 15:17:09.009958,0.0,0.0,0.0
2022-01-16 15:17:09.505507,0.0,0.0,0.0
2022-01-16 15:17:10.003530,0.0,0.0,0.0
2022-01-16 15:17:10.510127,0.0,0.0,0.0
2022-01-16 15:17:11.009048,0.0,0.0,0.0
2022-01-16 15:17:11.502251,0.0,0.0,0.0
2022-01-16 15:17:12.010959,0.0,0.0,0.0
2022-01-16 15:17:12.505525,0.0,0.0,0.0
2022-01-16 15:17:13.004594,0.0,0.0,0.0
2022-01-16 15:17:13.509316,0.0,0.0,0.0
2022-01-16 15:17:14.002209,0.0,0.0,0.0
2022-01-16 15:17:14.508633,0.0,0.0,0.0
2022-01-16 15:17:15.003412,0.0,0.0,0.0
2022-01-16 15:17:15.508396,0.0,0.0,0.0
2022-01-16 15:17:16.005404,0.0,0.0,0.0
2022-01-16 15:17:16.510200,0.0,0.0,0.0
2022-01-16 15:17:17.008190,0.0,0.0,0.0
2022-01-16 15:17:17.502648,0.0,0.0,0.0
2022-01-16 15:17:18.001178,0.0,0.0,0.0
2022-01-16 15:17:18.506150,0.0,0.0,0.0
2022-01-16 15:17:19.004706,0.0,0.0,0.0
2022-01-16 15:17:19.510432,0.0,0.0,0.0
2022-01-16 15:17:20.010340,0.0,0.0,0.0
2022-01-16 15:17:20.506423,0.0,0.0,0.0
2022-01-16 15:17:21.003558,0.0,0.0,0.0
2022-01-16 15:17:21.508357,0.0,0.0,0.0
2022-01-16 15:17:22.006213,0.0,0.0,0.0
2022-01-16 15:17:22.510793,0.0,0.0,0.0
2022-01-16 15:17:23.009881,0.0,0.0,0.0
2022-01-16 15:17:23.503298,0.0,0.0,0.0
2022-01-16 15:17:24.004899,0.0,0.0,0.0
2022-01-16 15:17:24.509561,0.0,0.0,0.0
2022-01-16 15:17:25.006987,0.0,0.0,0.0
2022-01-16 15:17:25.501143,0.0,0.0,0.0
2022-01-16 15:17:26.008595,0.0,0.0,0.0
2022-01-16 15:17:26.504041,0.0,0.0,0.0
2022-01-16 15:17:27.003120,0.0,0.0,0.0
2022-01-16 15:17:27.507499,0.0,0.0,0.0
2022-01-16 15:17:28.005415,0.0,0.0,0.0
2022-01-16 15:17:28.502198,0.0,0.0,0.0
2022-01-16 15:17:29.010262,0.0,0.0,0.0
2022-01-16 15:17:29.505137,0.0,0.0,0.0
2022-01-16 15:17:30.003261,0.0,0.0,0.0
2022-01-16 15:17:30.507419,0.0,0.0,0.0
2022-01-16 15:17:31.005229,0.0,0.0,0.0
2022-01-16 15:17:31.510627,0.0,0.0,0.0
2022-01-16 15:17:32.010464,0.0,0.0,0.0
2022-01-16 15:17:32.504530,0.0,0.0,0.0
2022-01-16 15:17:33.002285,0.0,0.0,0.0
2022-01-16 15:17:33.509126,0.0,0.0,0.0
2022-01-16 15:17:34.006282,0.0,0.0,0.0
2022-01-16 15:17:34.501152,0.0,0.0,0.0
2022-01-16 15:17:35.010649,0.0,0.0,0.0
2022-01-16 15:17:35.505949,0.0,0.0,0.0
2022-01-16 15:17:36.004993,0.0,0.0,0.0
2022-01-16 15:17:36.509556,0.0,0.0,0.0
2022-01-16 15:17:37.006822,0.0,0.0,0.0
2022-01-16 15:17:37.510511,0.0,0.0,0.0
2022-01-16 15:17:38.009149,0.0,0.0,0.0
2022-01-16 15:17:38.503415,0.0,0.0,0.0
2022-01-16 15:17:39.011106,0.0,0.0,0.0
2022-01-16 15:17:39.506148,0.0,0.0,0.0
2022-01-16 15:17:40.004646,0.0,0.0,0.0
2022-01-16 15:17:40.510299,0.0,0.0,0.0
2022-01-16 15:17:41.008672,0.0,0.0,0.0
2022-01-16 15:17:41.505388,0.0,0.0,0.0
2022-01-16 15:17:42.003284,0.0,0.0,0.0
2022-01-16 15:17:42.508568,0.0,0.0,0.0
2022-01-16 15:17:43.005071,0.0,0.0,0.0
2022-01-16 15:17:43.510033,0.0,0.0,0.0
2022-01-16 15:17:44.009108,0.0,0.0,0.0
2022-01-16 15:17:44.503367,0.0,0.0,0.0
2022-01-16 15:17:45.001141,0.0,0.0,0.0
2022-01-16 15:17:45.505682,0.0,0.0,0.0
2022-01-16 15:17:46.003033,0.0,0.0,0.0
2022-01-16 15:17:46.508011,0.0,0.0,0.0
2022-01-16 15:17:47.006983,0.0,0.0,0.0
2022-01-16 15:17:47.511233,0.0,0.0,0.0
2022-01-16 15:17:48.009625,0.0,0.0,0.0
2022-01-16 15:17:48.504611,0.0,0.0,0.0
2022-01-16 15:17:49.002062,0.0,0.0,0.0
2022-01-16 15:17:49.508812,0.0,0.0,0.0
2022-01-16 15:17:50.006146,0.0,0.0,0.0
2022-01-16 15:17:50.501605,0.0,0.0,0.0
2022-01-16 15:17:51.001949,0.0,0.0,0.0
2022-01-16 15:17:51.508035,0.0,0.0,0.0
2022-01-16 15:17:52.006000,0.0,0.0,0.0
2022-01-16 15:17:52.509987,0.0,0.0,0.0
2022-01-16 15:17:53.008152,0.0,0.0,0.0
2022-01-16 15:17:53.502190,0.0,0.0,0.0
2022-01-16 15:17:54.504312,0.0,0.0,0.0
2022-01-16 15:17:55.002444,0.0,0.0,0.0
2022-01-16 15:17:55.506989,0.0,0.0,0.0
2022-01-16 15:17:56.005726,0.0,0.0,0.0
2022-01-16 15:17:56.502585,0.0,0.0,0.0
2022-01-16 15:17:57.010913,0.0,0.0,0.0
2022-01-16 15:17:57.504586,0.0,0.0,0.0
2022-01-16 15:17:58.010682,0.0,0.0,0.0
2022-01-16 15:17:58.505390,0.0,0.0,0.0
2022-01-16 15:17:59.002371,0.0,0.0,0.0
2022-01-16 15:17:59.509379,0.0,0.0,0.0
2022-01-16 15:18:00.007692,0.0,0.0,0.0
2022-01-16 15:18:00.504625,0.0,0.0,0.0
2022-01-16 15:18:01.003441,0.0,0.0,0.0
2022-01-16 15:18:01.508907,0.0,0.0,0.0
2022-01-16 15:18:02.005967,0.0,0.0,0.0
2022-01-16 15:18:02.501996,0.0,0.0,0.0
2022-01-16 15:18:03.010921,0.0,0.0,0.0
2022-01-16 15:18:03.505861,0.0,0.0,0.0
2022-01-16 15:18:04.003876,0.0,0.0,0.0
2022-01-16 15:18:04.509978,0.0,0.0,0.0
2022-01-16 15:18:05.009029,0.0,0.0,0.0
2022-01-16 15:18:05.503484,0.0,0.0,0.0
2022-01-16 15:18:06.010483,0.0,0.0,0.0
2022-01-16 15:18:06.508024,0.0,0.0,0.0
2022-01-16 15:18:07.005342,0.0,0.0,0.0
2022-01-16 15:18:07.510731,0.0,0.0,0.0
2022-01-16 15:18:08.009976,0.0,0.0,0.0
2022-01-16 15:18:08.505249,0.0,0.0,0.0
2022-01-16 15:18:09.003809,0.0,0.0,0.0
2022-01-16 15:18:09.511103,0.0,0.0,0.0
2022-01-16 15:18:10.008579,0.0,0.0,0.0
2022-01-16 15:18:10.502875,0.0,0.0,0.0
2022-01-16 15:18:11.002060,0.0,0.0,0.0
2022-01-16 15:18:11.506957,0.0,0.0,0.0
2022-01-16 15:18:12.005718,0.0,0.0,0.0
2022-01-16 15:18:12.510956,0.0,0.0,0.0
2022-01-16 15:18:13.010824,0.0,0.0,0.0
2022-01-16 15:18:13.505193,0.0,0.0,0.0
2022-01-16 15:18:14.004313,0.0,0.0,0.0
2022-01-16 15:18:14.510517,0.0,0.0,0.0
2022-01-16 15:18:15.008322,0.0,0.0,0.0
2022-01-16 15:18:15.503072,0.0,0.0,0.0
2022-01-16 15:18:16.001223,0.0,0.0,0.0
2022-01-16 15:18:16.506815,0.0,0.0,0.0
2022-01-16 15:18:17.005275,0.0,0.0,0.0
2022-01-16 15:18:17.502019,0.0,0.0,0.0
2022-01-16 15:18:18.010303,0.0,0.0,0.0
2022-01-16 15:18:18.504436,0.0,0.0,0.0
2022-01-16 15:18:19.002493,0.0,0.0,0.0
2022-01-16 15:18:19.507361,0.0,0.0,0.0
2022-01-16 15:18:20.004996,0.0,0.0,0.0
2022-01-16 15:18:20.510881,0.0,0.0,0.0
2022-01-16 15:18:21.007339,0.0,0.0,0.0
2022-01-16 15:18:21.501166,0.0,0.0,0.0
2022-01-16 15:18:22.010985,0.0,0.0,0.0
2022-01-16 15:18:22.505571,0.0,0.0,0.0
2022-01-16 15:18:23.005311,0.0,0.0,0.0
2022-01-16 15:18:23.501153,0.0,0.0,0.0
2022-01-16 15:18:24.009803,0.0,0.0,0.0
2022-01-16 15:18:24.504766,0.0,0.0,0.0
2022-01-16 15:18:25.004125,0.0,0.0,0.0
2022-01-16 15:18:25.509751,0.0,0.0,0.0
2022-01-16 15:18:26.008402,0.0,0.0,0.0
2022-01-16 15:18:26.506701,0.0,0.0,0.0
2022-01-16 15:18:27.005151,0.0,0.0,0.0
2022-01-16 15:18:27.510178,0.0,0.0,0.0
2022-01-16 15:18:28.008724,0.0,0.0,0.0
2022-01-16 15:18:28.503272,0.0,0.0,0.0
2022-01-16 15:18:29.010802,0.0,0.0,0.0
2022-01-16 15:18:29.506579,0.0,0.0,0.0
2022-01-16 15:18:30.004739,0.0,0.0,0.0
2022-01-16 15:18:30.510100,0.0,0.0,0.0
2022-01-16 15:18:31.009108,0.0,0.0,0.0
2022-01-16 15:18:31.505363,0.0,0.0,0.0
2022-01-16 15:18:32.003326,0.0,0.0,0.0
2022-01-16 15:18:32.508084,0.0,0.0,0.0
2022-01-16 15:18:33.004438,0.0,0.0,0.0
2022-01-16 15:18:33.509606,0.0,0.0,0.0
2022-01-16 15:18:34.009169,0.0,0.0,0.0
2022-01-16 15:18:34.503304,0.0,0.0,0.0
2022-01-16 15:18:35.010774,0.0,0.0,0.0
2022-01-16 15:18:35.508209,0.0,0.0,0.0
2022-01-16 15:18:36.005666,0.0,0.0,0.0
2022-01-16 15:18:36.510236,0.0,0.0,0.0
2022-01-16 15:18:37.009166,0.0,0.0,0.0
2022-01-16 15:18:37.503467,0.0,0.0,0.0
2022-01-16 15:18:38.001307,0.0,0.0,0.0
2022-01-16 15:18:38.505559,0.0,0.0,0.0
2022-01-16 15:18:39.002380,0.0,0.0,0.0
2022-01-16 15:18:39.507572,0.0,0.0,0.0
2022-01-16 15:18:40.006787,0.0,0.0,0.0
2022-01-16 15:18:40.510706,0.0,0.0,0.0
2022-01-16 15:18:41.007712,0.0,0.0,0.0
2022-01-16 15:18:41.501453,0.0,0.0,0.0
2022-01-16 15:18:42.008600,0.0,0.0,0.0
2022-01-16 15:18:42.502099,0.0,0.0,0.0
2022-01-16 15:18:43.010653,0.0,0.0,0.0
2022-01-16 15:18:43.505204,0.0,0.0,0.0
2022-01-16 15:18:44.002824,0.0,0.0,0.0
2022-01-16 15:18:44.501066,0.0,0.0,0.0
2022-01-16 15:18:45.008537,0.0,0.0,0.0
2022-01-16 15:18:45.504536,0.0,0.0,0.0
2022-01-16 15:18:46.002380,0.0,0.0,0.0
2022-01-16 15:18:46.506838,0.0,0.0,0.0
2022-01-16 15:18:47.005390,0.0,0.0,0.0
2022-01-16 15:18:47.509716,0.0,0.0,0.0
2022-01-16 15:18:48.006441,0.0,0.0,0.0
2022-01-16 15:18:48.501282,0.0,0.0,0.0
2022-01-16 15:18:49.010859,0.0,0.0,0.0
2022-01-16 15:18:49.505380,0.0,0.0,0.0
2022-01-16 15:18:50.003671,0.0,0.0,0.0
2022-01-16 15:18:50.507428,0.0,0.0,0.0
2022-01-16 15:18:51.005878,0.0,0.0,0.0
2022-01-16 15:18:51.501925,0.0,0.0,0.0
2022-01-16 15:18:52.003039,0.0,0.0,0.0
2022-01-16 15:18:52.507557,0.0,0.0,0.0
2022-01-16 15:18:53.005817,0.0,0.0,0.0
2022-01-16 15:18:53.502768,0.0,0.0,0.0
2022-01-16 15:18:54.001160,0.0,0.0,0.0
2022-01-16 15:18:54.506432,0.0,0.0,0.0
2022-01-16 15:18:55.005678,0.0,0.0,0.0
2022-01-16 15:18:55.511057,0.0,0.0,0.0
2022-01-16 15:18:56.008922,0.0,0.0,0.0
2022-01-16 15:18:56.503920,0.0,0.0,0.0
2022-01-16 15:18:57.002595,0.0,0.0,0.0
2022-01-16 15:18:57.508776,0.0,0.0,0.0
2022-01-16 15:18:58.007333,0.0,0.0,0.0
2022-01-16 15:18:58.502784,0.0,0.0,0.0
2022-01-16 15:18:59.001755,0.0,0.0,0.0
2022-01-16 15:18:59.506221,0.0,0.0,0.0
2022-01-16 15:19:00.005129,0.0,0.0,0.0
2022-01-16 15:19:00.510710,0.0,0.0,0.0
2022-01-16 15:19:01.009139,0.0,0.0,0.0
2022-01-16 15:19:01.505724,0.0,0.0,0.0
2022-01-16 15:19:02.005625,0.0,0.0,0.0
2022-01-16 15:19:02.509688,0.0,0.0,0.0
2022-01-16 15:19:03.007493,0.0,0.0,0.0
2022-01-16 15:19:03.511233,0.0,0.0,0.0
2022-01-16 15:19:04.008926,0.0,0.0,0.0
2022-01-16 15:19:04.503101,0.0,0.0,0.0
2022-01-16 15:19:05.010906,0.0,0.0,0.0
2022-01-16 15:19:05.506617,0.0,0.0,0.0
2022-01-16 15:19:06.004958,0.0,0.0,0.0
2022-01-16 15:19:06.501769,0.0,0.0,0.0
2022-01-16 15:19:07.010254,0.0,0.0,0.0
2022-01-16 15:19:07.504496,0.0,0.0,0.0
2022-01-16 15:19:08.001728,0.0,0.0,0.0
2022-01-16 15:19:08.507572,0.0,0.0,0.0
2022-01-16 15:19:09.004882,0.0,0.0,0.0
2022-01-16 15:19:09.509706,0.0,0.0,0.0
2022-01-16 15:19:10.006492,0.0,0.0,0.0
2022-01-16 15:19:10.501763,0.0,0.0,0.0
2022-01-16 15:19:11.009576,0.0,0.0,0.0
2022-01-16 15:19:11.505612,0.0,0.0,0.0
2022-01-16 15:19:12.004801,0.0,0.0,0.0
2022-01-16 15:19:12.510416,0.0,0.0,0.0
2022-01-16 15:19:13.007781,0.0,0.0,0.0
2022-01-16 15:19:13.502797,0.0,0.0,0.0
2022-01-16 15:19:14.010309,0.0,0.0,0.0
2022-01-16 15:19:14.505028,0.0,0.0,0.0
2022-01-16 15:19:15.001173,0.0,0.0,0.0
2022-01-16 15:19:15.507653,0.0,0.0,0.0
2022-01-16 15:19:16.006238,0.0,0.0,0.0
2022-01-16 15:19:16.509654,0.0,0.0,0.0
2022-01-16 15:19:17.006429,0.0,0.0,0.0
2022-01-16 15:19:17.502107,0.0,0.0,0.0
2022-01-16 15:19:18.001041,0.0,0.0,0.0
2022-01-16 15:19:18.506943,0.0,0.0,0.0
2022-01-16 15:19:19.004694,0.0,0.0,0.0
2022-01-16 15:19:19.508666,0.0,0.0,0.0
2022-01-16 15:19:20.007024,0.0,0.0,0.0
2022-01-16 15:19:20.501960,0.0,0.0,0.0
2022-01-16 15:19:21.010076,0.0,0.0,0.0
2022-01-16 15:19:21.506367,0.0,0.0,0.0
2022-01-16 15:19:22.004231,0.0,0.0,0.0
2022-01-16 15:19:22.509642,0.0,0.0,0.0
2022-01-16 15:19:23.008126,0.0,0.0,0.0
2022-01-16 15:19:23.504448,0.0,0.0,0.0
2022-01-16 15:19:24.001149,0.0,0.0,0.0
2022-01-16 15:19:24.506270,0.0,0.0,0.0
2022-01-16 15:19:25.004128,0.0,0.0,0.0
2022-01-16 15:19:25.507856,0.0,0.0,0.0
2022-01-16 15:19:26.007774,0.0,0.0,0.0
2022-01-16 15:19:26.503587,0.0,0.0,0.0
2022-01-16 15:19:27.001825,0.0,0.0,0.0
2022-01-16 15:19:27.505843,0.0,0.0,0.0
2022-01-16 15:19:28.003459,0.0,0.0,0.0
2022-01-16 15:19:28.507856,0.0,0.0,0.0
2022-01-16 15:19:29.004635,0.0,0.0,0.0
2022-01-16 15:19:29.501947,0.0,0.0,0.0
2022-01-16 15:19:30.009317,0.0,0.0,0.0
2022-01-16 15:19:30.503488,0.0,0.0,0.0
2022-01-16 15:19:31.001914,0.0,0.0,0.0
2022-01-16 15:19:31.505819,0.0,0.0,0.0
2022-01-16 15:19:32.004191,0.0,0.0,0.0
2022-01-16 15:19:32.508283,0.0,0.0,0.0
2022-01-16 15:19:33.006867,0.0,0.0,0.0
2022-01-16 15:19:33.503643,0.0,0.0,0.0
2022-01-16 15:19:34.003880,0.0,0.0,0.0
2022-01-16 15:19:34.508094,0.0,0.0,0.0
2022-01-16 15:19:35.006323,0.0,0.0,0.0
2022-01-16 15:19:35.501239,0.0,0.0,0.0
2022-01-16 15:19:36.008621,0.0,0.0,0.0
2022-01-16 15:19:36.502773,0.0,0.0,0.0
2022-01-16 15:19:37.001100,0.0,0.0,0.0
2022-01-16 15:19:37.505467,0.0,0.0,0.0
2022-01-16 15:19:38.002871,0.0,0.0,0.0
2022-01-16 15:19:38.508465,0.0,0.0,0.0
2022-01-16 15:19:39.005319,0.0,0.0,0.0
2022-01-16 15:19:39.510200,0.0,0.0,0.0
2022-01-16 15:19:40.007371,0.0,0.0,0.0
2022-01-16 15:19:40.501254,0.0,0.0,0.0
2022-01-16 15:19:41.009678,0.0,0.0,0.0
2022-01-16 15:19:41.505722,0.0,0.0,0.0
2022-01-16 15:19:42.003999,0.0,0.0,0.0
2022-01-16 15:19:42.510327,0.0,0.0,0.0
2022-01-16 15:19:43.007209,0.0,0.0,0.0
2022-01-16 15:19:43.501456,0.0,0.0,0.0
2022-01-16 15:19:44.010009,0.0,0.0,0.0
2022-01-16 15:19:44.503747,0.0,0.0,0.0
2022-01-16 15:19:45.002131,0.0,0.0,0.0
2022-01-16 15:19:45.506131,0.0,0.0,0.0
2022-01-16 15:19:46.004141,0.0,0.0,0.0
2022-01-16 15:19:46.508988,0.0,0.0,0.0
2022-01-16 15:19:47.006640,0.0,0.0,0.0
2022-01-16 15:19:47.502277,0.0,0.0,0.0
2022-01-16 15:19:48.010770,0.0,0.0,0.0
2022-01-16 15:19:48.506236,0.0,0.0,0.0
2022-01-16 15:19:49.004149,0.0,0.0,0.0
2022-01-16 15:19:49.508120,0.0,0.0,0.0
2022-01-16 15:19:50.005643,0.0,0.0,0.0
2022-01-16 15:19:50.508928,0.0,0.0,0.0
2022-01-16 15:19:51.006163,0.0,0.0,0.0
2022-01-16 15:19:51.504627,0.0,0.0,0.0
2022-01-16 15:19:52.002639,0.0,0.0,0.0
2022-01-16 15:19:52.506938,0.0,0.0,0.0
2022-01-16 15:19:53.005305,0.0,0.0,0.0
2022-01-16 15:19:53.502249,0.0,0.0,0.0
2022-01-16 15:19:54.009042,0.0,0.0,0.0
2022-01-16 15:19:54.503542,0.0,0.0,0.0
2022-01-16 15:19:55.002568,0.0,0.0,0.0
2022-01-16 15:19:55.507056,0.0,0.0,0.0
2022-01-16 15:19:56.005308,0.0,0.0,0.0
2022-01-16 15:19:56.502073,0.0,0.0,0.0
2022-01-16 15:19:57.009918,0.0,0.0,0.0
2022-01-16 15:19:57.505054,0.0,0.0,0.0
2022-01-16 15:19:58.002500,0.0,0.0,0.0
2022-01-16 15:19:58.508208,0.0,0.0,0.0
2022-01-16 15:19:59.005804,0.0,0.0,0.0
2022-01-16 15:19:59.511104,0.0,0.0,0.0
2022-01-16 15:20:00.008625,0.0,0.0,0.0
2022-01-16 15:20:00.504745,0.0,0.0,0.0
2022-01-16 15:20:01.001893,0.0,0.0,0.0
2022-01-16 15:20:01.506266,0.0,0.0,0.0
2022-01-16 15:20:02.004774,0.0,0.0,0.0
2022-01-16 15:20:02.510423,0.0,0.0,0.0
2022-01-16 15:20:03.007883,0.0,0.0,0.0
2022-01-16 15:20:03.502879,0.0,0.0,0.0
2022-01-16 15:20:04.001139,0.0,0.0,0.0
2022-01-16 15:20:04.507246,0.0,0.0,0.0
2022-01-16 15:20:05.006128,0.0,0.0,0.0
2022-01-16 15:20:05.510214,0.0,0.0,0.0
2022-01-16 15:20:06.005737,0.0,0.0,0.0
2022-01-16 15:20:06.501086,0.0,0.0,0.0
2022-01-16 15:20:07.009478,0.0,0.0,0.0
2022-01-16 15:20:07.504362,0.0,0.0,0.0
2022-01-16 15:20:08.001726,0.0,0.0,0.0
2022-01-16 15:20:08.506625,0.0,0.0,0.0
2022-01-16 15:20:09.005646,0.0,0.0,0.0
2022-01-16 15:20:09.502119,0.0,0.0,0.0
2022-01-16 15:20:10.010220,0.0,0.0,0.0
2022-01-16 15:20:10.505293,0.0,0.0,0.0
2022-01-16 15:20:11.002307,0.0,0.0,0.0
2022-01-16 15:20:11.509170,0.0,0.0,0.0
2022-01-16 15:20:12.006913,0.0,0.0,0.0
2022-01-16 15:20:12.502064,0.0,0.0,0.0
2022-01-16 15:20:13.009763,0.0,0.0,0.0
2022-01-16 15:20:13.505847,0.0,0.0,0.0
2022-01-16 15:20:14.003786,0.0,0.0,0.0
2022-01-16 15:20:14.509580,0.0,0.0,0.0
2022-01-16 15:20:15.008691,0.0,0.0,0.0
2022-01-16 15:20:15.505068,0.0,0.0,0.0
2022-01-16 15:20:16.004750,0.0,0.0,0.0
2022-01-16 15:20:16.508976,0.0,0.0,0.0
2022-01-16 15:20:17.010955,0.0,0.0,0.0
2022-01-16 15:20:17.505070,0.0,0.0,0.0
2022-01-16 15:20:18.003968,0.0,0.0,0.0
2022-01-16 15:20:18.509118,0.0,0.0,0.0
2022-01-16 15:20:19.007208,0.0,0.0,0.0
2022-01-16 15:20:19.511109,0.0,0.0,0.0
2022-01-16 15:20:20.009281,0.0,0.0,0.0
2022-01-16 15:20:20.503640,0.0,0.0,0.0
2022-01-16 15:20:21.001555,0.0,0.0,0.0
2022-01-16 15:20:21.507030,0.0,0.0,0.0
2022-01-16 15:20:22.004691,0.0,0.0,0.0
2022-01-16 15:20:22.510777,0.0,0.0,0.0
2022-01-16 15:20:23.009935,0.0,0.0,0.0
2022-01-16 15:20:23.504854,0.0,0.0,0.0
2022-01-16 15:20:24.002711,0.0,0.0,0.0
2022-01-16 15:20:24.507479,0.0,0.0,0.0
2022-01-16 15:20:25.005844,0.0,0.0,0.0
2022-01-16 15:20:25.510718,0.0,0.0,0.0
2022-01-16 15:20:26.009166,0.0,0.0,0.0
2022-01-16 15:20:26.504602,0.0,0.0,0.0
2022-01-16 15:20:27.002850,0.0,0.0,0.0
2022-01-16 15:20:27.507874,0.0,0.0,0.0
2022-01-16 15:20:28.005070,0.0,0.0,0.0
2022-01-16 15:20:28.510150,0.0,0.0,0.0
2022-01-16 15:20:29.006844,0.0,0.0,0.0
2022-01-16 15:20:29.501441,0.0,0.0,0.0
2022-01-16 15:20:30.008775,0.0,0.0,0.0
2022-01-16 15:20:30.504109,0.0,0.0,0.0
2022-01-16 15:20:31.001465,0.0,0.0,0.0
2022-01-16 15:20:31.507448,0.0,0.0,0.0
2022-01-16 15:20:32.005224,0.0,0.0,0.0
2022-01-16 15:20:32.509864,0.0,0.0,0.0
2022-01-16 15:20:33.008209,0.0,0.0,0.0
2022-01-16 15:20:33.503436,0.0,0.0,0.0
2022-01-16 15:20:34.010573,0.0,0.0,0.0
2022-01-16 15:20:34.505187,0.0,0.0,0.0
2022-01-16 15:20:35.004485,0.0,0.0,0.0
2022-01-16 15:20:35.501096,0.0,0.0,0.0
2022-01-16 15:20:36.009140,0.0,0.0,0.0
2022-01-16 15:20:36.503091,0.0,0.0,0.0
2022-01-16 15:20:37.001119,0.0,0.0,0.0
2022-01-16 15:20:37.506123,0.0,0.0,0.0
2022-01-16 15:20:38.003736,0.0,0.0,0.0
2022-01-16 15:20:38.509669,0.0,0.0,0.0
2022-01-16 15:20:39.009158,0.0,0.0,0.0
2022-01-16 15:20:39.504078,0.0,0.0,0.0
2022-01-16 15:20:40.001601,0.0,0.0,0.0
2022-01-16 15:20:40.506936,0.0,0.0,0.0
2022-01-16 15:20:41.004121,0.0,0.0,0.0
2022-01-16 15:20:41.508285,0.0,0.0,0.0
2022-01-16 15:20:42.005868,0.0,0.0,0.0
2022-01-16 15:20:42.510703,0.0,0.0,0.0
2022-01-16 15:20:43.008832,0.0,0.0,0.0
2022-01-16 15:20:43.503289,0.0,0.0,0.0
2022-01-16 15:20:44.002775,0.0,0.0,0.0
2022-01-16 15:20:44.510268,0.0,0.0,0.0
2022-01-16 15:20:45.008834,0.0,0.0,0.0
2022-01-16 15:20:45.503304,0.0,0.0,0.0
2022-01-16 15:20:46.001374,0.0,0.0,0.0
2022-01-16 15:20:46.506049,0.0,0.0,0.0
2022-01-16 15:20:47.004394,0.0,0.0,0.0
2022-01-16 15:20:47.508965,0.0,0.0,0.0
2022-01-16 15:20:48.006054,0.0,0.0,0.0
2022-01-16 15:20:48.501091,0.0,0.0,0.0
2022-01-16 15:20:49.009908,0.0,0.0,0.0
2022-01-16 15:20:49.505332,0.0,0.0,0.0
2022-01-16 15:20:50.003860,0.0,0.0,0.0
2022-01-16 15:20:50.504014,0.0,0.0,0.0
2022-01-16 15:20:51.001739,0.0,0.0,0.0
2022-01-16 15:20:51.508588,0.0,0.0,0.0
2022-01-16 15:20:52.007587,0.0,0.0,0.0
2022-01-16 15:20:52.502177,0.0,0.0,0.0
2022-01-16 15:20:53.001081,0.0,0.0,0.0
2022-01-16 15:20:53.509275,0.0,0.0,0.0
2022-01-16 15:20:54.006130,0.0,0.0,0.0
2022-01-16 15:20:54.501583,0.0,0.0,0.0
2022-01-16 15:20:55.009108,0.0,0.0,0.0
2022-01-16 15:20:55.505143,0.0,0.0,0.0
2022-01-16 15:20:56.001745,0.0,0.0,0.0
2022-01-16 15:20:56.505651,0.0,0.0,0.0
2022-01-16 15:20:57.002120,0.0,0.0,0.0
2022-01-16 15:20:57.506628,0.0,0.0,0.0
2022-01-16 15:20:58.006979,0.0,0.0,0.0
2022-01-16 15:20:58.501900,0.0,0.0,0.0
2022-01-16 15:20:59.010259,0.0,0.0,0.0
2022-01-16 15:20:59.503914,0.0,0.0,0.0
2022-01-16 15:21:00.001985,0.0,0.0,0.0
2022-01-16 15:21:00.505037,0.0,0.0,0.0
2022-01-16 15:21:01.002238,0.0,0.0,0.0
2022-01-16 15:21:01.506790,0.0,0.0,0.0
2022-01-16 15:21:02.006225,0.0,0.0,0.0
2022-01-16 15:21:02.509682,0.0,0.0,0.0
2022-01-16 15:21:03.008933,0.0,0.0,0.0
2022-01-16 15:21:03.503006,0.0,0.0,0.0
2022-01-16 15:21:04.010715,0.0,0.0,0.0
2022-01-16 15:21:04.506195,0.0,0.0,0.0
2022-01-16 15:21:05.004578,0.0,0.0,0.0
2022-01-16 15:21:05.509311,0.0,0.0,0.0
2022-01-16 15:21:06.008338,0.0,0.0,0.0
2022-01-16 15:21:06.503673,0.0,0.0,0.0
2022-01-16 15:21:07.001673,0.0,0.0,0.0
2022-01-16 15:21:07.506815,0.0,0.0,0.0
2022-01-16 15:21:08.004941,0.0,0.0,0.0
2022-01-16 15:21:08.510998,0.0,0.0,0.0
2022-01-16 15:21:09.009443,0.0,0.0,0.0
2022-01-16 15:21:09.505134,0.0,0.0,0.0
2022-01-16 15:21:10.002996,0.0,0.0,0.0
2022-01-16 15:21:10.508559,0.0,0.0,0.0
2022-01-16 15:21:11.006218,0.0,0.0,0.0
2022-01-16 15:21:11.502300,0.0,0.0,0.0
2022-01-16 15:21:12.001577,0.0,0.0,0.0
2022-01-16 15:21:12.505441,0.0,0.0,0.0
2022-01-16 15:21:13.004718,0.0,0.0,0.0
2022-01-16 15:21:13.509416,0.0,0.0,0.0
2022-01-16 15:21:14.008594,0.0,0.0,0.0
2022-01-16 15:21:14.502230,0.0,0.0,0.0
2022-01-16 15:21:15.010285,0.0,0.0,0.0
2022-01-16 15:21:15.505996,0.0,0.0,0.0
2022-01-16 15:21:16.005823,0.0,0.0,0.0
2022-01-16 15:21:16.510468,0.0,0.0,0.0
2022-01-16 15:21:17.008631,0.0,0.0,0.0
2022-01-16 15:21:17.502954,0.0,0.0,0.0
2022-01-16 15:21:18.001252,0.0,0.0,0.0
2022-01-16 15:21:18.506307,0.0,0.0,0.0
2022-01-16 15:21:19.004863,0.0,0.0,0.0
2022-01-16 15:21:19.509590,0.0,0.0,0.0
2022-01-16 15:21:20.006884,0.0,0.0,0.0
2022-01-16 15:21:20.503299,0.0,0.0,0.0
2022-01-16 15:21:21.504801,0.0,0.0,0.0
2022-01-16 15:21:22.002805,0.0,0.0,0.0
2022-01-16 15:21:22.508310,0.0,0.0,0.0
2022-01-16 15:21:23.007055,0.0,0.0,0.0
2022-01-16 15:21:23.510528,0.0,0.0,0.0
2022-01-16 15:21:24.008611,0.0,0.0,0.0
2022-01-16 15:21:24.505018,0.0,0.0,0.0
2022-01-16 15:21:25.003062,0.0,0.0,0.0
2022-01-16 15:21:25.506820,0.0,0.0,0.0
2022-01-16 15:21:26.005198,0.0,0.0,0.0
2022-01-16 15:21:26.502697,0.0,0.0,0.0
2022-01-16 15:21:27.001159,0.0,0.0,0.0
2022-01-16 15:21:27.506321,0.0,0.0,0.0
2022-01-16 15:21:28.003448,0.0,0.0,0.0
2022-01-16 15:21:28.506748,0.0,0.0,0.0
2022-01-16 15:21:29.005092,0.0,0.0,0.0
2022-01-16 15:21:29.509611,0.0,0.0,0.0
2022-01-16 15:21:30.007595,0.0,0.0,0.0
2022-01-16 15:21:30.502855,0.0,0.0,0.0
2022-01-16 15:21:31.003354,0.0,0.0,0.0
2022-01-16 15:21:31.507341,0.0,0.0,0.0
2022-01-16 15:21:32.005105,0.0,0.0,0.0
2022-01-16 15:21:32.511070,0.0,0.0,0.0
2022-01-16 15:21:33.007349,0.0,0.0,0.0
2022-01-16 15:21:33.508303,0.0,0.0,0.0
2022-01-16 15:21:34.005629,0.0,0.0,0.0
2022-01-16 15:21:34.510574,0.0,0.0,0.0
