時間,回転１,回転２,回転３
2022-01-16 10:00:00.003599,84.52377,84.803,85.33489
2022-01-16 10:00:00.503086,83.13135,83.8225,85.33489
2022-01-16 10:00:01.010075,84.67848,85.0085,85.4527
2022-01-16 10:00:01.502982,83.7502,84.132,85.4527
2022-01-16 10:00:02.009490,84.1636,84.59625,85.7675
2022-01-16 10:00:02.505968,83.9569,84.23475,85.7675
2022-01-16 10:00:03.006613,83.9569,84.751,86.74864
2022-01-16 10:00:03.500916,84.00888,84.33875,86.74864
2022-01-16 10:00:04.009697,84.1636,84.751,85.80614
2022-01-16 10:00:04.506522,84.31831,84.59625,85.80614
2022-01-16 10:00:05.004906,83.59549,84.08,85.49229
2022-01-16 10:00:05.509319,84.73046,84.85375,85.49229
2022-01-16 10:00:06.007782,84.00888,84.4415,85.57051
2022-01-16 10:00:06.502941,83.9569,84.33875,85.57051
2022-01-16 10:00:07.001437,84.11161,84.64825,85.88531
2022-01-16 10:00:07.507074,83.59549,84.23475,85.88531
2022-01-16 10:00:08.008410,84.42104,84.751,85.33489
2022-01-16 10:00:08.502731,83.59549,84.4935,85.33489
2022-01-16 10:00:09.010198,84.42104,84.4935,85.88531
2022-01-16 10:00:09.505545,84.31831,84.54425,85.88531
2022-01-16 10:00:10.003901,83.85417,84.33875,85.25666
2022-01-16 10:00:10.509029,84.31831,84.699,85.25666
2022-01-16 10:00:11.007665,83.80219,84.3895,86.59218
2022-01-16 10:00:11.504005,84.00888,84.3895,86.59218
2022-01-16 10:00:12.002805,83.80219,84.59625,85.49229
2022-01-16 10:00:12.508539,83.90492,84.3895,85.49229
2022-01-16 10:00:13.006623,84.00888,84.4415,86.27739
2022-01-16 10:00:14.005019,84.21434,84.751,86.23875
2022-01-16 10:00:14.510676,83.7502,84.33875,86.23875
2022-01-16 10:00:15.009148,84.26632,84.59625,86.12093
2022-01-16 10:00:15.503898,83.54475,83.97725,86.12093
2022-01-16 10:00:16.010797,84.21434,84.59625,85.4527
2022-01-16 10:00:16.506547,83.90492,84.4935,85.4527
2022-01-16 10:00:17.005465,84.11161,84.33875,85.72791
2022-01-16 10:00:17.502523,84.52377,84.59625,85.72791
2022-01-16 10:00:18.010368,83.9569,84.4415,85.72791
2022-01-16 10:00:18.504822,84.26632,84.803,85.72791
2022-01-16 10:00:19.001357,83.39003,83.92525,85.49229
2022-01-16 10:00:19.506464,84.52377,84.699,85.49229
2022-01-16 10:00:20.004627,83.69946,84.3895,85.49229
2022-01-16 10:00:20.508643,84.21434,84.54425,85.49229
2022-01-16 10:00:21.005846,84.26632,84.54425,86.31697
2022-01-16 10:00:21.505753,83.90492,84.08,86.31697
2022-01-16 10:00:22.006532,84.67848,85.1125,84.90322
2022-01-16 10:00:22.510982,83.39003,84.08,84.90322
2022-01-16 10:00:23.008828,84.11161,84.59625,87.02385
2022-01-16 10:00:23.508703,83.44078,84.28675,87.02385
2022-01-16 10:00:24.006179,84.26632,84.4935,85.96354
2022-01-16 10:00:24.501128,84.52377,84.64825,85.96354
2022-01-16 10:00:25.505174,83.9569,84.23475,85.4527
2022-01-16 10:00:26.004316,84.00888,84.33875,85.6101
2022-01-16 10:00:26.509219,84.26632,84.59625,85.6101
2022-01-16 10:00:27.008993,83.59549,84.33875,85.53187
2022-01-16 10:00:27.503874,84.36905,84.85375,85.53187
2022-01-16 10:00:28.001878,83.64747,83.97725,85.33489
2022-01-16 10:00:28.506191,84.52377,84.699,85.33489
2022-01-16 10:00:29.005358,84.05963,84.59625,86.59218
2022-01-16 10:00:29.504921,84.1636,84.699,86.59218
2022-01-16 10:00:30.001653,84.31831,84.4935,86.12093
2022-01-16 10:00:30.510708,83.69946,84.3895,86.12093
2022-01-16 10:00:31.009100,84.31831,84.59625,86.43479
2022-01-16 10:00:31.505841,83.7502,84.23475,86.43479
2022-01-16 10:00:32.003799,84.26632,84.59625,86.04176
2022-01-16 10:00:32.508702,84.21434,84.54425,86.04176
2022-01-16 10:00:33.006273,83.9569,84.64825,85.80614
2022-01-16 10:00:33.501914,84.05963,84.3895,85.80614
2022-01-16 10:00:34.010462,83.80219,84.4415,85.29625
2022-01-16 10:00:34.508088,84.42104,84.90575,85.29625
2022-01-16 10:00:35.005572,83.80219,84.4935,85.92395
2022-01-16 10:00:35.502604,84.00888,84.184,85.92395
2022-01-16 10:00:36.010839,84.11161,84.33875,85.53187
2022-01-16 10:00:36.505497,84.05963,84.59625,85.53187
2022-01-16 10:00:37.005058,84.00888,84.4415,86.04176
2022-01-16 10:00:37.509116,83.9569,84.28675,86.04176
2022-01-16 10:00:38.006907,84.05963,84.4415,85.29625
2022-01-16 10:00:39.004433,83.9569,84.23475,86.63083
2022-01-16 10:00:39.509824,84.11161,84.23475,86.63083
2022-01-16 10:00:40.008602,84.00888,84.4415,85.53187
2022-01-16 10:00:40.503617,84.1636,84.59625,85.53187
2022-01-16 10:00:41.002502,83.85417,84.3895,86.08135
2022-01-16 10:00:41.508092,84.26632,84.64825,86.08135
2022-01-16 10:00:42.004770,83.59549,84.33875,86.27739
2022-01-16 10:00:42.509147,84.52377,84.85375,86.27739
2022-01-16 10:00:43.007498,84.21434,84.64825,86.23875
2022-01-16 10:00:43.501617,83.7502,84.184,86.23875
2022-01-16 10:00:44.002148,84.05963,84.4415,85.68833
2022-01-16 10:00:44.510031,83.85417,84.28675,85.68833
2022-01-16 10:00:45.007879,84.31831,84.699,85.25666
2022-01-16 10:00:45.506023,83.80219,84.4935,85.25666
2022-01-16 10:00:46.004846,84.1636,84.4415,85.88531
2022-01-16 10:00:46.510775,84.1636,84.33875,85.88531
2022-01-16 10:00:47.008680,84.21434,84.64825,85.21708
2022-01-16 10:00:47.503690,84.11161,84.4935,85.21708
2022-01-16 10:00:48.001889,83.69946,84.3895,85.72791
2022-01-16 10:00:48.505735,84.11161,84.33875,85.72791
2022-01-16 10:00:49.005666,83.85417,84.4935,85.57051
2022-01-16 10:00:50.004675,83.28607,83.8225,85.41406
2022-01-16 10:00:50.507365,84.47302,84.751,85.41406
2022-01-16 10:00:51.005867,84.1636,84.132,86.12093
2022-01-16 10:00:51.502327,84.1636,84.59625,86.12093
2022-01-16 10:00:52.009583,83.90492,84.4415,85.96354
2022-01-16 10:00:52.503739,83.85417,84.54425,85.96354
2022-01-16 10:00:53.001665,84.05963,84.54425,85.57051
2022-01-16 10:00:53.508433,83.9569,84.59625,85.57051
2022-01-16 10:00:54.007085,84.21434,84.64825,85.53187
2022-01-16 10:00:54.501691,83.90492,84.02925,85.53187
2022-01-16 10:00:55.009098,84.52377,84.95775,85.68833
2022-01-16 10:00:55.505093,83.85417,84.08,85.68833
2022-01-16 10:00:56.003579,83.80219,84.4415,85.57051
2022-01-16 10:00:56.508275,84.1636,84.4415,85.57051
2022-01-16 10:00:57.006298,83.49276,84.28675,86.82781
2022-01-16 10:00:57.501881,84.21434,84.54425,86.82781
2022-01-16 10:00:58.003143,83.9569,84.184,85.84572
2022-01-16 10:00:58.508237,84.42104,84.85375,85.84572
2022-01-16 10:00:59.005169,84.00888,84.184,85.13885
2022-01-16 10:00:59.509799,84.11161,84.699,85.13885
2022-01-16 10:01:00.007362,83.80219,84.02925,85.92395
2022-01-16 10:01:00.501073,84.21434,84.803,85.92395
2022-01-16 10:01:01.009182,83.85417,84.23475,85.6101
2022-01-16 10:01:01.504756,84.05963,84.54425,85.6101
2022-01-16 10:01:02.004426,83.80219,84.132,85.7675
2022-01-16 10:01:02.509736,84.31831,84.54425,85.7675
2022-01-16 10:01:03.008963,84.31831,85.0605,85.7675
2022-01-16 10:01:03.503705,84.00888,84.33875,85.7675
2022-01-16 10:01:04.002078,83.85417,84.59625,85.13885
2022-01-16 10:01:04.507569,83.9569,84.184,85.13885
2022-01-16 10:01:05.006349,83.9569,84.4935,85.41406
2022-01-16 10:01:05.501689,84.1636,84.4935,85.41406
2022-01-16 10:01:06.010023,84.36905,84.4415,86.00312
2022-01-16 10:01:06.506791,83.7502,84.08,86.00312
2022-01-16 10:01:07.005464,84.31831,84.64825,85.80614
2022-01-16 10:01:07.501014,84.21434,84.90575,85.80614
2022-01-16 10:01:08.009009,84.00888,84.23475,86.19916
2022-01-16 10:01:08.504248,83.9569,84.803,86.19916
2022-01-16 10:01:09.002303,83.7502,84.08,85.29625
2022-01-16 10:01:09.507421,84.57575,84.64825,85.29625
2022-01-16 10:01:10.004905,84.00888,84.64825,85.72791
2022-01-16 10:01:10.510669,83.9569,84.28675,85.72791
2022-01-16 10:01:11.009817,84.21434,84.54425,85.49229
2022-01-16 10:01:11.506101,84.00888,84.23475,85.49229
2022-01-16 10:01:12.004239,83.7502,84.4935,85.53187
2022-01-16 10:01:12.510289,84.1636,84.64825,85.53187
2022-01-16 10:01:13.009460,84.11161,84.3895,85.29625
2022-01-16 10:01:13.504851,84.1636,84.4935,85.29625
2022-01-16 10:01:14.002419,84.26632,84.699,86.12093
2022-01-16 10:01:14.507046,83.44078,84.132,86.12093
2022-01-16 10:01:15.005694,84.42104,84.803,84.70718
2022-01-16 10:01:15.504293,83.90492,84.3895,84.70718
2022-01-16 10:01:16.002312,84.00888,84.33875,85.80614
2022-01-16 10:01:16.507032,83.9569,84.184,85.80614
2022-01-16 10:01:17.004020,84.26632,84.59625,85.92395
2022-01-16 10:01:17.508512,83.85417,84.184,85.92395
2022-01-16 10:01:18.005693,84.31831,84.95775,85.4527
2022-01-16 10:01:18.509898,83.90492,84.28675,85.4527
2022-01-16 10:01:19.008681,83.80219,84.3895,86.94562
2022-01-16 10:01:19.504854,84.31831,84.803,86.94562
2022-01-16 10:01:20.002986,83.85417,84.23475,85.64968
2022-01-16 10:01:20.509128,84.1636,84.4935,85.64968
2022-01-16 10:01:21.007605,83.80219,83.92525,85.53187
2022-01-16 10:01:21.501580,83.9569,84.54425,85.53187
2022-01-16 10:01:22.010396,84.05963,84.59625,85.84572
2022-01-16 10:01:22.505127,83.69946,84.28675,85.84572
2022-01-16 10:01:23.001919,84.11161,84.59625,86.31697
2022-01-16 10:01:23.506923,83.80219,84.33875,86.31697
2022-01-16 10:01:24.004581,84.42104,84.85375,85.02104
2022-01-16 10:01:24.509817,84.26632,84.23475,85.02104
2022-01-16 10:01:25.009061,83.85417,84.4935,85.68833
2022-01-16 10:01:25.503462,83.90492,84.3895,85.68833
2022-01-16 10:01:26.001786,84.21434,84.699,85.29625
2022-01-16 10:01:26.508272,83.9569,84.3895,85.29625
2022-01-16 10:01:27.005193,83.7502,84.54425,86.23875
2022-01-16 10:01:27.509280,84.1636,84.4935,86.23875
2022-01-16 10:01:28.008631,84.36905,84.4935,85.7675
2022-01-16 10:01:28.504241,84.00888,84.4415,85.7675
2022-01-16 10:01:29.002377,84.31831,84.803,85.02104
2022-01-16 10:01:29.508096,83.7502,84.23475,85.02104
2022-01-16 10:01:30.005640,83.9569,84.3895,85.7675
2022-01-16 10:01:31.005054,83.69946,84.184,85.49229
2022-01-16 10:01:31.509840,84.26632,84.4415,85.49229
2022-01-16 10:01:32.008056,83.85417,84.33875,84.98145
2022-01-16 10:01:32.503614,84.47302,84.59625,84.98145
2022-01-16 10:01:33.001701,83.9569,84.4935,85.41406
2022-01-16 10:01:33.507773,84.05963,84.4415,85.41406
2022-01-16 10:01:34.006419,83.85417,84.3895,85.4527
2022-01-16 10:01:34.501018,84.11161,84.64825,85.4527
2022-01-16 10:01:35.011006,83.49276,83.92525,85.88531
2022-01-16 10:01:35.505863,84.36905,84.699,85.88531
2022-01-16 10:01:36.004944,84.26632,84.4415,86.19916
2022-01-16 10:01:36.510427,83.59549,84.184,86.19916
2022-01-16 10:01:37.009665,84.21434,84.33875,85.4527
2022-01-16 10:01:37.504648,83.49276,83.8745,85.4527
2022-01-16 10:01:38.004173,84.52377,85.0605,85.49229
2022-01-16 10:01:38.508220,83.7502,84.33875,85.49229
2022-01-16 10:01:39.006107,83.9569,84.33875,85.68833
2022-01-16 10:01:39.510906,84.26632,84.4415,85.68833
2022-01-16 10:01:40.009807,84.31831,84.85375,85.80614
2022-01-16 10:01:40.504282,84.47302,84.85375,85.80614
2022-01-16 10:01:41.002780,83.54475,83.92525,86.04176
2022-01-16 10:01:41.507428,84.11161,84.4935,86.04176
2022-01-16 10:01:42.005187,83.69946,84.28675,85.96354
2022-01-16 10:01:42.501303,84.57575,85.0605,85.96354
2022-01-16 10:01:43.010139,83.85417,84.02925,85.29625
2022-01-16 10:01:43.505740,84.1636,84.59625,85.29625
2022-01-16 10:01:44.004743,84.42104,84.59625,85.57051
2022-01-16 10:01:44.501042,84.1636,84.751,85.57051
2022-01-16 10:01:45.009119,84.36905,84.803,86.00312
2022-01-16 10:01:45.504117,83.02862,83.8745,86.00312
2022-01-16 10:01:46.002016,84.52377,84.85375,85.09926
2022-01-16 10:01:46.508734,83.85417,84.02925,85.09926
2022-01-16 10:01:47.007034,84.1636,84.699,85.80614
2022-01-16 10:01:47.501912,84.05963,84.33875,85.80614
2022-01-16 10:01:48.001555,84.1636,84.54425,85.06062
2022-01-16 10:01:48.507708,84.11161,84.4415,85.06062
2022-01-16 10:01:49.005943,84.1636,84.64825,85.37447
2022-01-16 10:01:49.509227,83.9569,84.4935,85.37447
2022-01-16 10:01:50.008855,82.87391,82.99675,85.53187
2022-01-16 10:01:50.502649,84.42104,84.751,85.53187
2022-01-16 10:01:51.001846,84.42104,84.3895,236.2527
2022-01-16 10:01:51.509617,83.49276,84.02925,236.2527
2022-01-16 10:01:52.008228,84.42104,84.803,216.85322
2022-01-16 10:01:52.504750,83.28607,83.66775,216.85322
2022-01-16 10:01:53.001886,84.57575,84.64825,161.59916
2022-01-16 10:01:53.507587,83.69946,84.184,161.59916
2022-01-16 10:01:54.006810,83.85417,84.23475,101.39697
2022-01-16 10:01:54.501652,84.11161,84.184,101.39697
2022-01-16 10:01:55.010839,84.00888,84.3895,93.18968
2022-01-16 10:01:55.506293,84.05963,84.28675,93.18968
2022-01-16 10:01:56.005466,84.11161,84.4415,90.04739
2022-01-16 10:01:56.510178,83.7502,84.08,90.04739
2022-01-16 10:01:57.008304,84.26632,84.85375,87.69114
2022-01-16 10:01:57.502867,83.80219,84.23475,87.69114
2022-01-16 10:01:58.002348,84.31831,84.64825,86.12093
2022-01-16 10:01:58.507895,84.1636,84.64825,86.12093
2022-01-16 10:01:59.005441,84.1636,84.699,86.00312
2022-01-16 10:02:00.005133,84.31831,84.59625,86.5526
2022-01-16 10:02:00.509127,83.69946,84.3895,86.5526
2022-01-16 10:02:01.006815,84.42104,84.95775,87.10208
2022-01-16 10:02:01.501541,83.64747,84.02925,87.10208
2022-01-16 10:02:02.009759,83.90492,84.08,87.06343
2022-01-16 10:02:02.504578,84.62773,85.0085,87.06343
2022-01-16 10:02:03.001731,83.7502,84.4415,86.04176
2022-01-16 10:02:03.505821,84.00888,84.3895,86.04176
2022-01-16 10:02:04.002968,84.00888,84.33875,85.72791
2022-01-16 10:02:04.510943,84.1636,84.59625,85.72791
2022-01-16 10:02:05.009676,84.11161,84.4415,86.04176
2022-01-16 10:02:05.504313,84.05963,84.54425,86.04176
2022-01-16 10:02:06.003014,84.00888,84.184,85.37447
2022-01-16 10:02:06.507925,84.11161,84.64825,85.37447
2022-01-16 10:02:07.005279,84.1636,84.59625,85.41406
2022-01-16 10:02:07.510748,83.59549,84.08,85.41406
2022-01-16 10:02:08.009387,84.36905,84.85375,85.09926
2022-01-16 10:02:08.505113,83.33805,83.97725,85.09926
2022-01-16 10:02:09.004315,84.83319,84.95775,85.41406
2022-01-16 10:02:09.509867,84.26632,84.54425,85.41406
2022-01-16 10:02:10.007563,83.85417,84.3895,85.92395
2022-01-16 10:02:10.501541,84.05963,84.4935,85.92395
2022-01-16 10:02:11.008794,83.7502,84.08,84.98145
2022-01-16 10:02:12.004615,83.33805,84.08,86.82781
2022-01-16 10:02:12.509120,84.52377,84.95775,86.82781
2022-01-16 10:02:13.005454,83.80219,84.02925,85.7675
2022-01-16 10:02:13.501791,84.93716,85.21525,85.7675
2022-01-16 10:02:14.001351,83.9569,84.23475,85.72791
2022-01-16 10:02:14.507399,83.59549,84.132,85.72791
2022-01-16 10:02:15.004627,84.36905,84.90575,85.25666
2022-01-16 10:02:15.508792,83.39003,84.184,85.25666
2022-01-16 10:02:16.007047,84.36905,84.699,85.68833
2022-01-16 10:02:16.510865,84.11161,84.23475,85.68833
2022-01-16 10:02:17.008400,84.36905,84.803,85.49229
2022-01-16 10:02:17.504096,84.26632,84.54425,85.49229
2022-01-16 10:02:18.003448,83.90492,84.4415,85.41406
2022-01-16 10:02:18.507553,84.00888,84.4935,85.41406
2022-01-16 10:02:19.005548,84.00888,84.4935,85.41406
2022-01-16 10:02:19.501519,84.21434,84.803,85.41406
2022-01-16 10:02:20.010009,83.80219,84.132,85.96354
2022-01-16 10:02:20.505694,84.21434,84.54425,85.96354
2022-01-16 10:02:21.004426,83.9569,84.4415,86.74864
2022-01-16 10:02:21.509907,84.00888,84.59625,86.74864
2022-01-16 10:02:22.008090,83.90492,84.28675,85.25666
2022-01-16 10:02:22.506190,83.85417,84.54425,85.25666
2022-01-16 10:02:23.004590,84.11161,84.751,85.7675
2022-01-16 10:02:23.508767,83.69946,84.28675,85.7675
2022-01-16 10:02:24.007225,84.31831,84.59625,85.84572
2022-01-16 10:02:24.501486,84.42104,84.4415,85.84572
2022-01-16 10:02:25.009017,84.11161,84.64825,85.80614
2022-01-16 10:02:25.503170,83.85417,84.23475,85.80614
2022-01-16 10:02:26.010666,84.21434,84.64825,85.80614
2022-01-16 10:02:26.506538,83.64747,84.23475,85.80614
2022-01-16 10:02:27.005113,83.85417,84.54425,85.41406
2022-01-16 10:02:27.510255,84.1636,84.64825,85.41406
2022-01-16 10:02:28.007765,84.26632,84.4935,86.04176
2022-01-16 10:02:28.503430,84.26632,84.4935,86.04176
2022-01-16 10:02:29.002192,84.00888,84.4935,86.19916
2022-01-16 10:02:29.507313,83.69946,84.23475,86.19916
2022-01-16 10:02:30.005776,84.78245,85.26725,85.64968
2022-01-16 10:02:30.501821,83.49276,84.23475,85.64968
2022-01-16 10:02:31.001097,84.31831,84.59625,86.51301
2022-01-16 10:02:31.508687,84.05963,84.4415,86.51301
2022-01-16 10:02:32.005662,84.05963,84.4415,86.04176
2022-01-16 10:02:32.501032,84.1636,84.54425,86.04176
2022-01-16 10:02:33.008660,83.69946,84.28675,86.43479
2022-01-16 10:02:33.503066,84.57575,84.90575,86.43479
2022-01-16 10:02:34.011029,83.85417,84.4415,85.49229
2022-01-16 10:02:34.505553,84.11161,84.59625,85.49229
2022-01-16 10:02:35.005821,83.90492,84.33875,85.57051
2022-01-16 10:02:35.503070,84.47302,84.699,85.57051
2022-01-16 10:02:36.001944,84.1636,84.4935,85.13885
2022-01-16 10:02:36.507023,83.54475,84.184,85.13885
2022-01-16 10:02:37.005034,84.11161,84.64825,85.92395
2022-01-16 10:02:37.511033,83.90492,84.4415,85.92395
2022-01-16 10:02:38.009668,84.83319,85.0085,86.3952
2022-01-16 10:02:38.504179,83.33805,83.92525,86.3952
2022-01-16 10:02:39.002041,84.21434,84.54425,85.25666
2022-01-16 10:02:39.508292,84.05963,84.184,85.25666
2022-01-16 10:02:40.006763,84.42104,84.85375,85.88531
2022-01-16 10:02:40.502679,83.90492,84.4935,85.88531
2022-01-16 10:02:41.010341,83.80219,84.33875,85.6101
2022-01-16 10:02:41.505301,84.47302,84.85375,85.6101
2022-01-16 10:02:42.002247,83.54475,84.28675,85.57051
2022-01-16 10:02:42.508467,84.42104,84.699,85.57051
2022-01-16 10:02:43.007754,83.80219,84.08,85.33489
2022-01-16 10:02:43.502657,84.21434,84.4935,85.33489
2022-01-16 10:02:44.010946,83.90492,84.4935,85.57051
2022-01-16 10:02:44.507352,84.31831,84.64825,85.57051
2022-01-16 10:02:45.005510,83.85417,84.28675,85.37447
2022-01-16 10:02:45.510241,83.85417,84.4935,85.37447
2022-01-16 10:02:46.007981,84.42104,84.699,86.51301
2022-01-16 10:02:46.502989,84.31831,84.59625,86.51301
2022-01-16 10:02:47.001034,83.9569,84.33875,86.08135
2022-01-16 10:02:47.505566,84.05963,84.4415,86.08135
2022-01-16 10:02:48.003424,83.80219,84.23475,85.37447
2022-01-16 10:02:48.508916,84.47302,84.751,85.37447
2022-01-16 10:02:49.005068,84.05963,84.751,86.19916
2022-01-16 10:02:49.508871,83.85417,84.184,86.19916
2022-01-16 10:02:50.005037,84.1636,84.54425,85.17843
2022-01-16 10:02:50.511238,84.57575,84.803,85.17843
2022-01-16 10:02:51.008893,84.05963,84.33875,85.72791
2022-01-16 10:02:51.503381,83.85417,84.54425,85.72791
2022-01-16 10:02:52.001880,83.9569,84.33875,85.72791
2022-01-16 10:02:52.507539,84.05963,84.59625,85.72791
2022-01-16 10:02:53.005749,84.11161,84.54425,86.12093
2022-01-16 10:02:53.502767,84.00888,84.699,86.12093
2022-01-16 10:02:54.505417,84.52377,84.699,85.88531
2022-01-16 10:02:55.003094,83.64747,84.02925,85.6101
2022-01-16 10:02:55.507105,84.62773,85.1125,85.6101
2022-01-16 10:02:56.005168,83.33805,83.71975,85.49229
2022-01-16 10:02:57.005159,83.54475,84.33875,85.92395
2022-01-16 10:02:57.508814,84.11161,84.4415,85.92395
2022-01-16 10:02:58.006137,84.78245,84.90575,86.23875
2022-01-16 10:02:58.501282,83.7502,84.28675,86.23875
2022-01-16 10:02:59.010452,84.11161,84.59625,86.67041
2022-01-16 10:02:59.503361,83.7502,84.08,86.67041
2022-01-16 10:03:00.001451,84.52377,84.803,85.92395
2022-01-16 10:03:00.507557,83.23532,84.184,85.92395
2022-01-16 10:03:01.006089,84.21434,84.54425,86.04176
2022-01-16 10:03:01.502303,84.1636,84.4415,86.04176
2022-01-16 10:03:02.008965,84.31831,84.59625,85.41406
2022-01-16 10:03:02.505400,84.47302,84.95775,85.41406
2022-01-16 10:03:03.004439,83.69946,84.28675,85.84572
2022-01-16 10:03:03.509337,83.90492,84.23475,85.84572
2022-01-16 10:03:04.006913,83.7502,84.3895,86.08135
2022-01-16 10:03:05.005412,84.00888,84.4935,85.57051
2022-01-16 10:03:05.509318,84.11161,84.28675,85.57051
2022-01-16 10:03:06.007116,84.1636,84.4935,85.49229
2022-01-16 10:03:06.501276,84.00888,84.54425,85.49229
2022-01-16 10:03:07.008214,84.47302,84.95775,85.41406
2022-01-16 10:03:07.504099,83.39003,83.92525,85.41406
2022-01-16 10:03:08.001136,84.26632,84.54425,87.18125
2022-01-16 10:03:08.506781,83.59549,84.33875,87.18125
2022-01-16 10:03:09.005332,84.73046,85.0085,85.33489
2022-01-16 10:03:09.501313,83.9569,84.3895,85.33489
2022-01-16 10:03:10.007188,83.7502,84.08,86.08135
2022-01-16 10:03:10.502396,83.90492,84.28675,86.08135
2022-01-16 10:03:11.010922,84.57575,85.0605,85.41406
2022-01-16 10:03:11.504749,83.7502,84.132,85.41406
2022-01-16 10:03:12.001391,83.85417,84.3895,85.68833
2022-01-16 10:03:12.509124,83.90492,84.08,85.68833
2022-01-16 10:03:13.006764,84.31831,84.59625,85.02104
2022-01-16 10:03:13.505505,84.47302,84.95775,85.02104
2022-01-16 10:03:14.005229,84.00888,84.4415,85.68833
2022-01-16 10:03:14.502153,83.85417,84.184,85.68833
2022-01-16 10:03:15.001150,84.42104,84.803,85.7675
2022-01-16 10:03:15.506589,83.90492,84.64825,85.7675
2022-01-16 10:03:16.005505,83.7502,84.08,86.15958
2022-01-16 10:03:16.501501,84.11161,84.59625,86.15958
2022-01-16 10:03:17.010193,83.7502,84.23475,86.43479
2022-01-16 10:03:17.504850,84.31831,84.699,86.43479
2022-01-16 10:03:18.009192,83.9569,84.3895,85.41406
2022-01-16 10:03:18.503624,84.05963,84.4415,85.41406
2022-01-16 10:03:19.001819,83.7502,84.4935,85.33489
2022-01-16 10:03:19.506837,84.36905,84.751,85.33489
2022-01-16 10:03:20.004257,84.05963,84.4415,86.04176
2022-01-16 10:03:20.510549,83.85417,84.23475,86.04176
2022-01-16 10:03:21.009231,84.47302,85.0085,85.53187
2022-01-16 10:03:21.505265,83.64747,84.08,85.53187
2022-01-16 10:03:22.002088,84.42104,84.54425,86.31697
2022-01-16 10:03:22.506694,84.00888,84.64825,86.31697
2022-01-16 10:03:23.004300,83.85417,84.28675,85.64968
2022-01-16 10:03:23.509418,84.05963,84.699,85.64968
2022-01-16 10:03:24.007538,83.69946,83.8745,85.53187
2022-01-16 10:03:24.501760,84.73046,84.95775,85.53187
2022-01-16 10:03:25.008543,83.54475,84.08,86.47437
2022-01-16 10:03:25.504808,84.42104,84.699,86.47437
2022-01-16 10:03:26.001564,83.49276,83.8745,86.31697
2022-01-16 10:03:26.506868,84.47302,84.803,86.31697
2022-01-16 10:03:27.005633,83.59549,84.4415,85.4527
2022-01-16 10:03:27.510843,84.26632,84.751,85.4527
2022-01-16 10:03:28.008765,84.26632,84.184,85.68833
2022-01-16 10:03:28.503274,84.00888,84.4415,85.68833
2022-01-16 10:03:29.002306,84.57575,84.85375,85.84572
2022-01-16 10:03:29.508149,83.85417,84.3895,85.84572
2022-01-16 10:03:30.005709,84.26632,84.699,85.4527
2022-01-16 10:03:30.509864,83.39003,84.23475,85.4527
2022-01-16 10:03:31.007915,84.31831,84.59625,85.57051
2022-01-16 10:03:31.504111,84.47302,84.85375,85.57051
2022-01-16 10:03:32.001830,84.05963,84.28675,86.15958
2022-01-16 10:03:32.506124,84.11161,84.4415,86.15958
2022-01-16 10:03:33.004134,83.7502,84.28675,85.29625
2022-01-16 10:03:33.508753,84.83319,85.1125,85.29625
2022-01-16 10:03:34.006673,83.39003,84.23475,85.92395
2022-01-16 10:03:34.510745,84.31831,84.803,85.92395
2022-01-16 10:03:35.007524,83.7502,83.92525,84.78541
2022-01-16 10:03:35.505118,84.78245,85.0605,84.78541
2022-01-16 10:03:36.003342,84.05963,84.3895,86.43479
2022-01-16 10:03:36.508630,83.69946,84.3895,86.43479
2022-01-16 10:03:37.006805,83.9569,84.4415,85.57051
2022-01-16 10:03:37.501645,83.9569,84.751,85.57051
2022-01-16 10:03:38.009239,84.21434,84.4415,85.64968
2022-01-16 10:03:38.502288,83.69946,84.28675,85.64968
2022-01-16 10:03:39.010503,84.31831,84.54425,85.4527
2022-01-16 10:03:39.506897,84.52377,84.803,85.4527
2022-01-16 10:03:40.006579,84.26632,84.64825,86.00312
2022-01-16 10:03:40.502896,83.80219,84.132,86.00312
2022-01-16 10:03:41.010768,83.85417,84.33875,85.57051
2022-01-16 10:03:41.505499,84.05963,84.54425,85.57051
2022-01-16 10:03:42.003831,83.90492,84.59625,85.84572
2022-01-16 10:03:42.508921,83.9569,84.28675,85.84572
2022-01-16 10:03:43.007226,84.42104,84.59625,85.49229
2022-01-16 10:03:43.511182,84.05963,84.59625,85.49229
2022-01-16 10:03:44.008485,84.31831,84.54425,86.04176
2022-01-16 10:03:44.505136,83.9569,84.33875,86.04176
2022-01-16 10:03:45.001826,84.11161,84.4935,86.51301
2022-01-16 10:03:45.506300,83.69946,84.4415,86.51301
2022-01-16 10:03:46.005046,84.21434,84.4935,85.25666
2022-01-16 10:03:46.509555,84.26632,84.4935,85.25666
2022-01-16 10:03:47.008696,83.9569,84.4935,85.64968
2022-01-16 10:03:47.503266,84.36905,84.803,85.64968
2022-01-16 10:03:48.001744,83.80219,84.28675,85.80614
2022-01-16 10:03:48.507018,84.36905,84.4935,85.80614
2022-01-16 10:03:49.005856,83.85417,84.4935,85.17843
2022-01-16 10:03:49.510462,83.80219,84.184,85.17843
2022-01-16 10:03:50.009148,84.1636,84.54425,85.53187
2022-01-16 10:03:50.502904,84.05963,84.59625,85.53187
2022-01-16 10:03:51.010540,84.26632,84.4415,85.68833
2022-01-16 10:03:51.506267,83.69946,84.4415,85.68833
2022-01-16 10:03:52.004979,84.42104,84.803,85.72791
2022-01-16 10:03:52.501211,83.7502,84.33875,85.72791
2022-01-16 10:03:53.010228,84.21434,84.64825,86.00312
2022-01-16 10:03:53.506727,83.7502,84.184,86.00312
2022-01-16 10:03:54.004270,84.26632,84.59625,86.27739
2022-01-16 10:03:54.508779,84.21434,84.699,86.27739
2022-01-16 10:03:55.006285,83.90492,84.3895,85.84572
2022-01-16 10:03:55.501722,84.42104,84.59625,85.84572
2022-01-16 10:03:56.001020,83.9569,84.59625,85.96354
2022-01-16 10:03:56.507145,84.21434,84.59625,85.96354
2022-01-16 10:03:57.005165,83.64747,84.184,85.57051
2022-01-16 10:03:57.510656,84.47302,84.803,85.57051
2022-01-16 10:03:58.009132,84.1636,84.28675,85.29625
2022-01-16 10:03:58.503788,84.11161,84.64825,85.29625
2022-01-16 10:03:59.001710,84.00888,84.184,85.41406
2022-01-16 10:03:59.508883,84.00888,84.699,85.41406
2022-01-16 10:04:00.005412,84.73046,85.16325,85.25666
2022-01-16 10:04:00.503083,83.18334,83.8745,85.25666
2022-01-16 10:04:01.010781,84.31831,84.54425,85.88531
2022-01-16 10:04:01.507922,83.9569,84.184,85.88531
2022-01-16 10:04:02.006205,84.36905,84.803,85.6101
2022-01-16 10:04:03.005368,84.00888,84.54425,84.90322
2022-01-16 10:04:03.509914,83.85417,84.08,84.90322
2022-01-16 10:04:04.007717,84.1636,84.85375,86.35656
2022-01-16 10:04:04.501685,84.1636,84.4935,86.35656
2022-01-16 10:04:05.010676,83.59549,83.97725,85.49229
2022-01-16 10:04:05.504570,84.47302,84.803,85.49229
2022-01-16 10:04:06.002470,83.64747,84.02925,86.27739
2022-01-16 10:04:06.509105,84.21434,84.803,86.27739
2022-01-16 10:04:07.007600,83.9569,84.54425,85.6101
2022-01-16 10:04:07.502441,83.69946,84.3895,85.6101
2022-01-16 10:04:08.010233,84.26632,84.54425,85.49229
2022-01-16 10:04:08.504902,84.11161,84.4935,85.49229
2022-01-16 10:04:09.003783,84.52377,84.54425,85.4527
2022-01-16 10:04:09.507796,83.85417,84.132,85.4527
2022-01-16 10:04:10.003299,83.85417,84.33875,85.64968
2022-01-16 10:04:10.508617,84.11161,84.54425,85.64968
2022-01-16 10:04:11.006669,84.26632,84.95775,86.27739
2022-01-16 10:04:11.510189,83.59549,83.8745,86.27739
2022-01-16 10:04:12.007514,84.00888,84.4935,86.12093
2022-01-16 10:04:12.502511,83.49276,83.66775,86.12093
2022-01-16 10:04:13.010524,84.93716,84.751,155.07989
2022-01-16 10:04:13.504984,84.11161,84.4935,155.07989
2022-01-16 10:04:14.002716,83.18334,83.565,238.49114
2022-01-16 10:04:14.508367,84.52377,84.95775,238.49114
2022-01-16 10:04:15.007470,83.7502,84.132,201.77322
2022-01-16 10:04:15.504088,84.11161,84.54425,201.77322
2022-01-16 10:04:16.004059,83.7502,83.97725,129.86801
2022-01-16 10:04:16.508530,84.21434,84.184,129.86801
2022-01-16 10:04:17.005141,83.9569,84.23475,90.91166
2022-01-16 10:04:17.501056,84.00888,84.28675,90.91166
2022-01-16 10:04:18.010183,84.1636,84.54425,96.48843
2022-01-16 10:04:18.505650,83.28607,83.61575,96.48843
2022-01-16 10:04:19.004720,84.1636,84.803,90.08697
2022-01-16 10:04:19.510914,83.80219,84.28675,90.08697
2022-01-16 10:04:20.010078,84.62773,84.803,87.41687
2022-01-16 10:04:20.506725,83.90492,84.4935,87.41687
2022-01-16 10:04:21.004428,83.90492,84.33875,86.59218
2022-01-16 10:04:21.508481,84.00888,84.59625,86.59218
2022-01-16 10:04:22.006951,84.42104,84.803,86.04176
2022-01-16 10:04:22.501759,83.54475,84.4415,86.04176
2022-01-16 10:04:23.009735,84.1636,84.699,86.71
2022-01-16 10:04:23.503427,83.69946,83.92525,86.71
2022-01-16 10:04:24.001645,84.57575,84.85375,85.7675
2022-01-16 10:04:24.506127,84.1636,84.4415,85.7675
2022-01-16 10:04:25.004653,83.90492,84.54425,85.92395
2022-01-16 10:04:25.508994,84.05963,84.4415,85.92395
2022-01-16 10:04:26.006482,84.11161,84.4935,85.68833
2022-01-16 10:04:26.510056,84.05963,84.4415,85.68833
2022-01-16 10:04:27.009521,83.90492,84.64825,85.84572
2022-01-16 10:04:27.504512,84.11161,84.3895,85.84572
2022-01-16 10:04:28.001537,84.11161,84.4415,85.6101
2022-01-16 10:04:28.507534,84.21434,84.95775,85.6101
2022-01-16 10:04:29.005880,84.26632,84.64825,85.88531
2022-01-16 10:04:29.510304,83.90492,84.23475,85.88531
2022-01-16 10:04:30.008896,84.05963,84.4415,85.72791
2022-01-16 10:04:30.503616,83.69946,84.28675,85.72791
2022-01-16 10:04:31.002016,84.73046,85.0605,85.72791
2022-01-16 10:04:31.507713,83.9569,84.23475,85.72791
2022-01-16 10:04:32.005539,83.90492,84.54425,86.00312
2022-01-16 10:04:32.509834,83.90492,84.28675,86.00312
2022-01-16 10:04:33.008711,84.26632,84.85375,85.7675
2022-01-16 10:04:33.502445,84.36905,84.64825,85.7675
2022-01-16 10:04:34.010934,83.64747,84.28675,85.84572
2022-01-16 10:04:34.505818,83.90492,84.132,85.84572
2022-01-16 10:04:35.005080,84.42104,84.751,85.49229
2022-01-16 10:04:35.508087,84.00888,84.59625,85.49229
2022-01-16 10:04:36.005322,84.00888,84.28675,85.6101
2022-01-16 10:04:36.510171,83.90492,84.54425,85.6101
2022-01-16 10:04:37.009751,84.05963,84.28675,86.00312
2022-01-16 10:04:37.503683,84.21434,84.90575,86.00312
2022-01-16 10:04:38.001640,84.21434,84.64825,86.00312
2022-01-16 10:04:38.501034,84.05963,84.28675,86.00312
2022-01-16 10:04:39.010074,84.00888,84.3895,85.29625
2022-01-16 10:04:39.505806,84.47302,84.751,85.29625
2022-01-16 10:04:40.004162,83.7502,84.33875,85.64968
2022-01-16 10:04:40.507862,84.21434,84.54425,85.64968
2022-01-16 10:04:41.006279,83.80219,84.28675,85.92395
2022-01-16 10:04:41.502343,84.05963,84.59625,85.92395
2022-01-16 10:04:42.010892,84.1636,84.64825,85.80614
2022-01-16 10:04:42.506116,84.05963,84.4415,85.80614
2022-01-16 10:04:43.003202,84.26632,84.59625,85.53187
2022-01-16 10:04:43.508212,83.7502,84.3895,85.53187
2022-01-16 10:04:44.005988,84.26632,84.4935,85.33489
2022-01-16 10:04:44.501627,84.05963,84.54425,85.33489
2022-01-16 10:04:45.010888,84.00888,84.4415,85.49229
2022-01-16 10:04:45.507277,83.54475,84.184,85.49229
2022-01-16 10:04:46.006752,84.47302,84.64825,85.6101
2022-01-16 10:04:46.502473,84.31831,84.4935,85.6101
2022-01-16 10:04:47.001530,83.85417,84.3895,85.33489
2022-01-16 10:04:47.505985,84.21434,84.54425,85.33489
2022-01-16 10:04:48.005155,83.49276,84.184,85.4527
2022-01-16 10:04:48.509099,84.42104,84.803,85.4527
2022-01-16 10:04:49.006958,83.9569,84.4935,86.23875
2022-01-16 10:04:49.501526,83.9569,84.33875,86.23875
2022-01-16 10:04:50.009107,84.1636,84.23475,85.13885
2022-01-16 10:04:50.505455,84.36905,84.751,85.13885
2022-01-16 10:04:51.003752,83.90492,84.132,86.31697
2022-01-16 10:04:51.509225,84.11161,84.751,86.31697
2022-01-16 10:04:52.007989,84.1636,84.64825,85.53187
2022-01-16 10:04:52.502850,83.49276,84.23475,85.53187
2022-01-16 10:04:53.001243,84.67848,85.16325,84.98145
2022-01-16 10:04:53.506653,83.80219,84.23475,84.98145
2022-01-16 10:04:54.004780,84.36905,84.803,85.68833
2022-01-16 10:04:54.501268,84.05963,84.3895,85.68833
2022-01-16 10:04:55.009028,83.7502,84.184,85.84572
2022-01-16 10:04:55.505199,84.47302,84.803,85.84572
2022-01-16 10:04:56.003476,83.44078,84.132,85.02104
2022-01-16 10:04:56.508724,84.05963,84.3895,85.02104
2022-01-16 10:04:57.005358,83.80219,84.3895,85.88531
2022-01-16 10:04:57.510088,84.26632,84.751,85.88531
2022-01-16 10:04:58.007308,84.31831,84.59625,86.31697
2022-01-16 10:04:58.501199,84.05963,84.4935,86.31697
2022-01-16 10:04:59.010258,83.90492,84.4935,85.29625
2022-01-16 10:04:59.505955,84.00888,84.3895,85.29625
2022-01-16 10:05:00.005184,84.21434,84.699,86.08135
2022-01-16 10:05:00.510846,83.23532,83.71975,86.08135
2022-01-16 10:05:01.009238,84.42104,84.751,85.80614
2022-01-16 10:05:01.504157,84.1636,84.4935,85.80614
2022-01-16 10:05:02.001741,84.21434,84.699,85.21708
2022-01-16 10:05:02.506711,83.85417,84.33875,85.21708
2022-01-16 10:05:03.006251,84.11161,84.4415,85.84572
2022-01-16 10:05:03.503259,84.00888,84.54425,85.84572
2022-01-16 10:05:04.001712,84.05963,84.751,85.84572
2022-01-16 10:05:04.505725,83.80219,84.28675,85.84572
2022-01-16 10:05:05.003599,84.21434,84.4935,85.64968
2022-01-16 10:05:05.509694,83.9569,84.33875,85.64968
2022-01-16 10:05:06.007401,84.36905,84.90575,85.57051
2022-01-16 10:05:06.502512,83.85417,84.28675,85.57051
2022-01-16 10:05:07.001238,84.26632,84.59625,85.06062
2022-01-16 10:05:07.508067,83.59549,84.184,85.06062
2022-01-16 10:05:08.005703,84.11161,84.751,85.96354
2022-01-16 10:05:08.510508,83.9569,84.4935,85.96354
2022-01-16 10:05:09.009193,84.31831,84.4415,85.57051
2022-01-16 10:05:09.505017,84.1636,84.23475,85.57051
2022-01-16 10:05:10.001499,83.80219,84.23475,85.7675
2022-01-16 10:05:10.505056,84.62773,85.0085,85.7675
2022-01-16 10:05:11.002532,83.80219,84.132,85.68833
2022-01-16 10:05:11.507576,83.90492,84.4935,85.68833
2022-01-16 10:05:12.007030,83.85417,84.28675,85.7675
2022-01-16 10:05:12.502809,84.31831,84.90575,85.7675
2022-01-16 10:05:13.001469,84.1636,84.3895,85.13885
2022-01-16 10:05:13.507549,83.9569,84.33875,85.13885
2022-01-16 10:05:14.005890,84.1636,84.4935,85.72791
2022-01-16 10:05:14.509185,83.90492,84.23475,85.72791
2022-01-16 10:05:15.006583,84.42104,85.0085,85.57051
2022-01-16 10:05:15.501835,83.44078,83.8745,85.57051
2022-01-16 10:05:16.010479,84.42104,84.699,86.67041
2022-01-16 10:05:16.506223,84.00888,84.02925,86.67041
2022-01-16 10:05:17.004414,84.26632,84.85375,85.92395
2022-01-16 10:05:17.501406,84.11161,84.3895,85.92395
2022-01-16 10:05:18.009197,83.85417,84.4935,84.98145
2022-01-16 10:05:18.502805,84.47302,84.95775,84.98145
2022-01-16 10:05:19.010756,83.33805,84.08,85.88531
2022-01-16 10:05:19.504093,84.78245,85.1125,85.88531
2022-01-16 10:05:20.001913,84.00888,84.02925,86.23875
2022-01-16 10:05:20.508147,84.1636,84.4415,86.23875
2022-01-16 10:05:21.007249,83.64747,83.97725,84.94281
2022-01-16 10:05:21.502588,84.05963,84.54425,84.94281
2022-01-16 10:05:22.010978,84.11161,84.699,85.72791
2022-01-16 10:05:22.505812,83.64747,84.4935,85.72791
2022-01-16 10:05:23.004130,84.11161,84.4415,85.7675
2022-01-16 10:05:23.509154,84.21434,84.23475,85.7675
2022-01-16 10:05:24.007016,84.31831,84.751,84.98145
2022-01-16 10:05:24.502333,83.9569,84.23475,84.98145
2022-01-16 10:05:25.010247,83.54475,84.08,85.49229
2022-01-16 10:05:25.505805,84.11161,84.54425,85.49229
2022-01-16 10:05:26.003583,83.64747,84.4415,85.72791
2022-01-16 10:05:26.508241,84.26632,84.699,85.72791
2022-01-16 10:05:27.005822,83.85417,84.184,85.64968
2022-01-16 10:05:27.502261,84.36905,84.54425,85.64968
2022-01-16 10:05:28.001302,84.1636,84.4415,85.57051
2022-01-16 10:05:28.508181,84.11161,84.699,85.57051
2022-01-16 10:05:29.005708,84.00888,84.54425,85.13885
2022-01-16 10:05:29.510945,83.9569,84.28675,85.13885
2022-01-16 10:05:30.009730,84.00888,84.4935,85.41406
2022-01-16 10:05:30.502948,84.05963,84.64825,85.41406
2022-01-16 10:05:31.010907,84.47302,84.59625,86.08135
2022-01-16 10:05:31.505675,83.90492,84.28675,86.08135
2022-01-16 10:05:32.003405,84.05963,84.4935,85.29625
2022-01-16 10:05:32.507749,84.1636,84.751,85.29625
2022-01-16 10:05:33.006767,83.80219,84.4415,85.53187
2022-01-16 10:05:33.511178,84.42104,84.803,85.53187
2022-01-16 10:05:34.009139,83.13135,83.66775,86.27739
2022-01-16 10:05:34.503468,84.42104,84.85375,86.27739
2022-01-16 10:05:35.001415,84.78245,85.1125,85.68833
2022-01-16 10:05:35.507776,83.9569,84.23475,85.68833
2022-01-16 10:05:36.005130,84.00888,84.3895,85.80614
2022-01-16 10:05:36.508837,83.7502,84.28675,85.80614
2022-01-16 10:05:37.006531,84.42104,84.95775,85.29625
2022-01-16 10:05:38.004224,84.42104,84.751,85.92395
2022-01-16 10:05:38.506788,83.80219,84.132,85.92395
2022-01-16 10:05:39.006265,84.42104,84.699,86.04176
2022-01-16 10:05:39.510497,84.36905,84.751,86.04176
2022-01-16 10:05:40.009107,83.90492,84.23475,85.49229
2022-01-16 10:05:40.504654,84.21434,84.59625,85.49229
2022-01-16 10:05:41.001715,83.39003,84.08,85.96354
2022-01-16 10:05:41.507994,84.31831,84.751,85.96354
2022-01-16 10:05:42.005821,84.00888,84.64825,85.92395
2022-01-16 10:05:42.501963,84.47302,84.85375,85.92395
2022-01-16 10:05:43.001241,83.90492,84.132,85.6101
2022-01-16 10:05:43.504424,83.90492,84.3895,85.6101
2022-01-16 10:05:44.002680,84.52377,84.90575,85.84572
2022-01-16 10:05:44.508224,83.80219,84.23475,85.84572
2022-01-16 10:05:45.005637,84.05963,84.64825,85.53187
2022-01-16 10:05:45.510727,83.18334,83.8225,85.53187
2022-01-16 10:05:46.010517,84.67848,85.0605,85.92395
2022-01-16 10:05:46.505325,84.11161,84.23475,85.92395
2022-01-16 10:05:47.003805,84.1636,84.751,86.67041
2022-01-16 10:05:47.509279,84.00888,84.23475,86.67041
2022-01-16 10:05:48.008210,84.05963,84.59625,85.57051
2022-01-16 10:05:48.501828,84.36905,84.751,85.57051
2022-01-16 10:05:49.010435,83.54475,84.4415,85.25666
2022-01-16 10:05:49.504410,84.1636,84.3895,85.25666
2022-01-16 10:05:50.003792,84.05963,84.28675,85.68833
2022-01-16 10:05:50.508700,84.26632,84.59625,85.68833
2022-01-16 10:05:51.007128,84.05963,84.4935,85.41406
2022-01-16 10:05:51.502632,83.90492,84.3895,85.41406
2022-01-16 10:05:52.001514,83.9569,84.28675,84.98145
2022-01-16 10:05:52.507369,83.85417,84.4415,84.98145
2022-01-16 10:05:53.005412,84.42104,84.751,86.43479
2022-01-16 10:05:53.510544,84.00888,84.4415,86.43479
2022-01-16 10:05:54.009635,83.80219,83.8225,85.17843
2022-01-16 10:05:54.505591,84.1636,84.64825,85.17843
2022-01-16 10:05:55.004046,84.21434,84.699,85.64968
2022-01-16 10:05:55.507418,84.42104,84.85375,85.64968
2022-01-16 10:05:56.005111,83.59549,84.33875,85.88531
2022-01-16 10:05:56.509203,84.1636,84.54425,85.88531
2022-01-16 10:05:57.008679,84.05963,84.54425,85.33489
2022-01-16 10:05:57.503761,84.36905,84.751,85.33489
2022-01-16 10:05:58.002627,84.11161,84.33875,86.27739
2022-01-16 10:05:58.506280,84.00888,84.3895,86.27739
2022-01-16 10:05:59.005778,84.26632,84.699,85.41406
2022-01-16 10:05:59.510446,83.9569,84.3895,85.41406
2022-01-16 10:06:00.008242,84.1636,84.4415,85.33489
2022-01-16 10:06:00.501855,83.85417,84.3895,85.33489
2022-01-16 10:06:01.010508,84.11161,84.23475,85.68833
2022-01-16 10:06:01.505376,84.52377,85.0085,85.68833
2022-01-16 10:06:02.003579,83.64747,84.23475,86.35656
2022-01-16 10:06:02.509098,84.42104,84.90575,86.35656
2022-01-16 10:06:03.008037,83.7502,84.02925,85.92395
2022-01-16 10:06:03.505048,84.31831,84.751,85.92395
2022-01-16 10:06:04.002330,83.85417,84.4935,86.12093
2022-01-16 10:06:04.508237,84.42104,84.54425,86.12093
2022-01-16 10:06:05.005743,83.90492,84.08,86.12093
2022-01-16 10:06:05.501120,83.9569,84.64825,86.12093
2022-01-16 10:06:06.010312,84.05963,84.699,85.84572
2022-01-16 10:06:06.505326,83.69946,84.08,85.84572
2022-01-16 10:06:07.001836,84.31831,84.85375,85.80614
2022-01-16 10:06:07.509123,83.39003,84.184,85.80614
2022-01-16 10:06:08.007125,84.52377,84.803,85.6101
2022-01-16 10:06:08.502151,84.21434,84.3895,85.6101
2022-01-16 10:06:09.001714,84.36905,84.803,85.6101
2022-01-16 10:06:09.508455,83.9569,84.3895,85.6101
2022-01-16 10:06:10.006436,83.9569,84.3895,85.72791
2022-01-16 10:06:10.511207,84.1636,84.3895,85.72791
2022-01-16 10:06:11.008946,83.69946,84.33875,85.09926
2022-01-16 10:06:11.504681,84.26632,84.4415,85.09926
2022-01-16 10:06:12.001084,83.90492,84.33875,85.17843
2022-01-16 10:06:12.506698,84.31831,84.751,85.17843
2022-01-16 10:06:13.004776,84.1636,84.4935,85.80614
2022-01-16 10:06:13.509589,83.80219,84.3895,85.80614
2022-01-16 10:06:14.007501,84.21434,84.59625,85.53187
2022-01-16 10:06:14.502660,83.64747,84.23475,85.53187
2022-01-16 10:06:15.001214,84.26632,84.54425,85.80614
2022-01-16 10:06:15.505805,83.85417,84.33875,85.80614
2022-01-16 10:06:16.004306,84.21434,84.751,85.7675
2022-01-16 10:06:16.510099,83.9569,84.33875,85.7675
2022-01-16 10:06:17.008519,84.1636,84.64825,85.6101
2022-01-16 10:06:17.502805,83.85417,84.23475,85.6101
2022-01-16 10:06:18.001125,84.26632,84.85375,85.4527
2022-01-16 10:06:18.506081,83.80219,84.08,85.4527
2022-01-16 10:06:19.004651,83.9569,84.4935,85.68833
2022-01-16 10:06:19.508432,84.05963,84.184,85.68833
2022-01-16 10:06:20.005561,84.26632,84.751,85.53187
2022-01-16 10:06:20.501791,83.69946,84.08,85.53187
2022-01-16 10:06:21.002054,84.42104,84.64825,86.23875
2022-01-16 10:06:21.506307,83.9569,84.4415,86.23875
2022-01-16 10:06:22.005135,83.80219,84.28675,86.15958
2022-01-16 10:06:22.510496,83.54475,84.23475,86.15958
2022-01-16 10:06:23.010366,84.00888,84.33875,85.25666
2022-01-16 10:06:23.504100,84.42104,84.803,85.25666
2022-01-16 10:06:24.001570,83.9569,84.3895,86.04176
2022-01-16 10:06:24.507459,84.1636,84.4415,86.04176
2022-01-16 10:06:25.007432,83.69946,84.08,85.68833
2022-01-16 10:06:25.510811,84.42104,84.803,85.68833
2022-01-16 10:06:26.009131,83.90492,84.751,84.98145
2022-01-16 10:06:26.508212,83.64747,84.02925,84.98145
2022-01-16 10:06:27.006210,84.05963,84.54425,85.57051
2022-01-16 10:06:27.510642,84.00888,84.3895,85.57051
2022-01-16 10:06:28.008305,84.47302,84.95775,86.00312
2022-01-16 10:06:28.503352,83.69946,84.23475,86.00312
2022-01-16 10:06:29.001275,84.26632,84.3895,86.00312
2022-01-16 10:06:29.507287,83.64747,84.184,86.00312
2022-01-16 10:06:30.005666,84.00888,84.4415,85.57051
2022-01-16 10:06:30.501647,83.90492,84.4415,85.57051
2022-01-16 10:06:31.010375,83.9569,84.184,85.49229
2022-01-16 10:06:31.505048,84.57575,84.751,85.49229
2022-01-16 10:06:32.002890,83.69946,84.23475,85.6101
2022-01-16 10:06:32.506958,84.73046,85.26725,85.6101
2022-01-16 10:06:33.005399,83.49276,83.92525,85.7675
2022-01-16 10:06:33.510224,84.57575,84.699,85.7675
2022-01-16 10:06:34.008435,83.28607,84.02925,85.37447
2022-01-16 10:06:34.503621,83.9569,84.28675,85.37447
2022-01-16 10:06:35.001913,84.05963,84.02925,85.4527
2022-01-16 10:06:35.506866,83.44078,83.71975,85.4527
2022-01-16 10:06:36.005122,84.83319,84.85375,236.99916
2022-01-16 10:06:36.501502,83.69946,84.184,236.99916
2022-01-16 10:06:37.504478,83.44078,83.97725,219.56291
2022-01-16 10:06:38.002063,83.90492,84.184,159.55676
2022-01-16 10:06:38.507478,84.42104,84.33875,159.55676
2022-01-16 10:06:39.005465,83.80219,83.97725,99.27635
2022-01-16 10:06:39.501125,84.36905,84.699,99.27635
2022-01-16 10:06:40.008769,83.44078,83.71975,95.8202
2022-01-16 10:06:40.503675,84.62773,84.85375,95.8202
2022-01-16 10:06:41.001837,83.44078,84.02925,90.36218
2022-01-16 10:06:41.506860,84.26632,84.59625,90.36218
2022-01-16 10:06:42.005633,84.31831,84.64825,87.29906
2022-01-16 10:06:42.501615,84.11161,84.4935,87.29906
2022-01-16 10:06:43.001629,84.11161,84.33875,85.96354
2022-01-16 10:06:43.506698,84.00888,84.64825,85.96354
2022-01-16 10:06:44.005278,84.21434,84.64825,86.51301
2022-01-16 10:06:44.501396,84.05963,84.59625,86.51301
2022-01-16 10:06:45.010273,83.7502,83.97725,85.92395
2022-01-16 10:06:45.503382,84.05963,84.699,85.92395
2022-01-16 10:06:46.010919,84.62773,84.803,86.15958
2022-01-16 10:06:46.506616,84.05963,84.33875,86.15958
2022-01-16 10:06:47.006529,83.7502,84.28675,87.06343
2022-01-16 10:06:47.510909,84.1636,84.59625,87.06343
2022-01-16 10:06:48.009157,84.21434,84.803,85.72791
2022-01-16 10:06:48.505255,84.11161,84.64825,85.72791
2022-01-16 10:06:49.005102,83.9569,84.699,86.15958
2022-01-16 10:06:49.510778,83.80219,83.97725,86.15958
2022-01-16 10:06:50.009575,84.67848,85.0085,85.68833
2022-01-16 10:06:50.505600,83.7502,84.4415,85.68833
2022-01-16 10:06:51.004121,83.9569,84.23475,85.92395
2022-01-16 10:06:51.510170,83.80219,84.4935,85.92395
2022-01-16 10:06:52.009431,84.00888,84.28675,85.49229
2022-01-16 10:06:52.503844,83.69946,84.751,85.49229
2022-01-16 10:06:53.001575,84.42104,84.95775,85.6101
2022-01-16 10:06:53.508249,84.00888,84.28675,85.6101
2022-01-16 10:06:54.006777,84.1636,84.4415,85.6101
2022-01-16 10:06:54.501726,84.21434,84.54425,85.6101
2022-01-16 10:06:55.009898,83.85417,84.3895,85.96354
2022-01-16 10:06:55.504761,84.26632,84.64825,85.96354
2022-01-16 10:06:56.002543,83.44078,84.184,85.68833
2022-01-16 10:06:56.507068,83.9569,84.4415,85.68833
2022-01-16 10:06:57.006187,84.57575,85.1125,85.96354
2022-01-16 10:06:57.501239,83.64747,84.02925,85.96354
2022-01-16 10:06:58.001338,84.62773,84.85375,85.29625
2022-01-16 10:06:58.506048,83.59549,83.92525,85.29625
2022-01-16 10:06:59.004091,84.31831,84.751,85.84572
2022-01-16 10:06:59.508552,83.85417,84.54425,85.84572
2022-01-16 10:07:00.006011,84.05963,84.4935,85.88531
2022-01-16 10:07:00.509491,83.69946,84.23475,85.88531
2022-01-16 10:07:01.006986,84.26632,84.54425,85.84572
2022-01-16 10:07:01.501345,84.31831,84.54425,85.84572
2022-01-16 10:07:02.001111,84.05963,84.59625,85.88531
2022-01-16 10:07:02.506783,84.62773,84.699,85.88531
2022-01-16 10:07:03.004022,83.54475,84.02925,85.92395
2022-01-16 10:07:03.508727,84.1636,84.699,85.92395
2022-01-16 10:07:04.006276,83.69946,84.33875,85.02104
2022-01-16 10:07:04.510232,84.47302,84.699,85.02104
2022-01-16 10:07:05.008798,83.9569,84.08,85.7675
2022-01-16 10:07:05.502708,84.11161,84.59625,85.7675
2022-01-16 10:07:06.000967,84.00888,84.23475,85.92395
2022-01-16 10:07:06.507766,84.36905,84.90575,85.92395
2022-01-16 10:07:07.005502,84.05963,84.4935,85.29625
2022-01-16 10:07:07.501667,83.39003,84.184,85.29625
2022-01-16 10:07:08.009704,84.1636,84.64825,85.92395
2022-01-16 10:07:08.504676,84.31831,84.4415,85.92395
2022-01-16 10:07:09.002261,84.36905,84.751,85.57051
2022-01-16 10:07:09.507564,84.11161,84.4415,85.57051
2022-01-16 10:07:10.003840,83.85417,84.4935,85.41406
2022-01-16 10:07:10.508605,84.26632,84.59625,85.41406
2022-01-16 10:07:11.006933,83.69946,84.3895,85.41406
2022-01-16 10:07:11.501608,84.11161,84.4415,85.41406
2022-01-16 10:07:12.010349,84.05963,84.28675,85.68833
2022-01-16 10:07:12.506114,84.21434,84.64825,85.68833
2022-01-16 10:07:13.004354,83.9569,84.28675,85.7675
2022-01-16 10:07:13.508393,84.31831,85.0085,85.7675
2022-01-16 10:07:14.005721,83.69946,84.184,86.86645
2022-01-16 10:07:14.510095,84.21434,84.85375,86.86645
2022-01-16 10:07:15.008974,84.00888,84.184,85.64968
2022-01-16 10:07:15.505484,83.80219,84.28675,85.64968
2022-01-16 10:07:16.003908,84.1636,84.3895,85.06062
2022-01-16 10:07:16.508289,84.1636,84.23475,85.06062
2022-01-16 10:07:17.005904,84.00888,84.699,85.6101
2022-01-16 10:07:17.509867,84.42104,84.90575,85.6101
2022-01-16 10:07:18.009235,83.54475,84.132,85.33489
2022-01-16 10:07:18.504992,84.42104,84.699,85.33489
2022-01-16 10:07:19.001731,83.80219,84.3895,85.37447
2022-01-16 10:07:19.506815,84.26632,84.54425,85.37447
2022-01-16 10:07:20.007263,84.1636,84.4415,85.64968
2022-01-16 10:07:20.502127,83.54475,84.132,85.64968
2022-01-16 10:07:21.001146,84.21434,84.699,85.21708
2022-01-16 10:07:21.504968,84.11161,84.803,85.21708
2022-01-16 10:07:22.001829,83.9569,84.28675,86.00312
2022-01-16 10:07:22.506761,84.05963,84.64825,86.00312
2022-01-16 10:07:23.005779,84.05963,84.33875,85.64968
2022-01-16 10:07:23.501897,84.42104,84.64825,85.64968
2022-01-16 10:07:24.010090,84.00888,84.4935,85.53187
2022-01-16 10:07:24.505168,84.05963,84.54425,85.53187
2022-01-16 10:07:25.003386,83.69946,84.33875,85.68833
2022-01-16 10:07:25.508579,84.42104,84.803,85.68833
2022-01-16 10:07:26.006356,83.49276,84.3895,85.96354
2022-01-16 10:07:26.501148,84.42104,84.85375,85.96354
2022-01-16 10:07:27.008904,84.11161,84.23475,85.53187
2022-01-16 10:07:27.503670,84.05963,84.54425,85.53187
2022-01-16 10:07:28.001284,83.9569,84.4415,86.08135
2022-01-16 10:07:28.505770,83.9569,84.54425,86.08135
2022-01-16 10:07:29.006412,84.1636,84.4935,85.37447
2022-01-16 10:07:29.502255,83.69946,84.33875,85.37447
2022-01-16 10:07:30.010217,84.05963,84.64825,85.21708
2022-01-16 10:07:30.505848,83.85417,84.28675,85.21708
2022-01-16 10:07:31.003444,84.36905,84.59625,85.80614
2022-01-16 10:07:31.509609,84.05963,84.184,85.80614
2022-01-16 10:07:32.006194,84.21434,84.85375,85.53187
2022-01-16 10:07:32.511009,83.85417,84.28675,85.53187
2022-01-16 10:07:33.007807,83.85417,84.33875,86.15958
2022-01-16 10:07:33.503523,84.47302,84.85375,86.15958
2022-01-16 10:07:34.011082,83.7502,84.28675,86.00312
2022-01-16 10:07:34.505490,84.21434,84.59625,86.00312
2022-01-16 10:07:35.002990,84.11161,84.08,85.53187
2022-01-16 10:07:35.507576,84.00888,84.4935,85.53187
2022-01-16 10:07:36.008512,84.00888,84.3895,86.59218
2022-01-16 10:07:36.503306,84.36905,84.90575,86.59218
2022-01-16 10:07:37.001409,83.59549,83.92525,85.88531
2022-01-16 10:07:37.508678,83.9569,84.64825,85.88531
2022-01-16 10:07:38.005277,84.47302,84.751,85.4527
2022-01-16 10:07:38.510742,83.7502,83.8745,85.4527
2022-01-16 10:07:39.008993,84.57575,85.21525,85.57051
2022-01-16 10:07:39.502789,83.85417,84.08,85.57051
2022-01-16 10:07:40.010441,84.26632,84.699,85.53187
2022-01-16 10:07:40.505150,83.85417,84.28675,85.53187
2022-01-16 10:07:41.003347,83.54475,84.4935,85.41406
2022-01-16 10:07:41.508229,84.26632,84.59625,85.41406
2022-01-16 10:07:42.008671,84.21434,84.59625,86.3952
2022-01-16 10:07:42.502904,83.90492,84.4415,86.3952
2022-01-16 10:07:43.001733,84.31831,84.4935,84.94281
2022-01-16 10:07:43.507490,84.26632,84.751,84.94281
2022-01-16 10:07:44.005935,84.00888,84.4415,85.49229
2022-01-16 10:07:44.510279,84.05963,84.64825,85.49229
2022-01-16 10:07:45.009725,83.7502,84.08,85.64968
2022-01-16 10:07:45.505039,84.1636,84.54425,85.64968
2022-01-16 10:07:46.003453,84.05963,84.64825,85.41406
2022-01-16 10:07:46.510769,84.11161,84.3895,85.41406
2022-01-16 10:07:47.008756,83.80219,84.33875,85.53187
2022-01-16 10:07:47.503702,84.26632,84.54425,85.53187
2022-01-16 10:07:48.010870,83.85417,84.59625,86.04176
2022-01-16 10:07:48.505594,84.26632,84.54425,86.04176
2022-01-16 10:07:49.004700,83.7502,84.184,85.33489
2022-01-16 10:07:49.511128,83.9569,84.23475,85.33489
2022-01-16 10:07:50.010290,84.47302,84.90575,85.96354
2022-01-16 10:07:50.504605,83.85417,84.4415,85.96354
2022-01-16 10:07:51.003526,84.05963,84.23475,85.33489
2022-01-16 10:07:51.507929,84.00888,84.4415,85.33489
2022-01-16 10:07:52.005928,84.26632,84.64825,85.29625
2022-01-16 10:07:52.510295,83.7502,84.59625,85.29625
2022-01-16 10:07:53.008710,84.05963,84.33875,85.7675
2022-01-16 10:07:53.504390,84.36905,84.64825,85.7675
2022-01-16 10:07:54.001925,84.05963,84.54425,85.17843
2022-01-16 10:07:54.507512,84.21434,84.85375,85.17843
2022-01-16 10:07:55.006458,83.69946,84.08,85.96354
2022-01-16 10:07:55.504388,84.31831,84.59625,85.96354
2022-01-16 10:07:56.002364,83.85417,84.3895,85.72791
2022-01-16 10:07:56.506693,84.31831,84.803,85.72791
2022-01-16 10:07:57.005271,84.21434,84.4935,85.72791
2022-01-16 10:07:57.510194,83.85417,84.33875,85.72791
2022-01-16 10:07:58.008548,84.1636,84.28675,85.49229
2022-01-16 10:07:58.503743,84.11161,84.699,85.49229
2022-01-16 10:07:59.001726,83.90492,84.54425,85.64968
2022-01-16 10:07:59.506245,83.85417,84.3895,85.64968
2022-01-16 10:08:00.005473,84.21434,84.4935,85.09926
2022-01-16 10:08:00.508584,84.05963,84.3895,85.09926
2022-01-16 10:08:01.006677,84.42104,84.95775,85.92395
2022-01-16 10:08:01.503279,83.69946,84.23475,85.92395
2022-01-16 10:08:02.001692,84.11161,84.59625,85.41406
2022-01-16 10:08:02.507053,84.1636,84.59625,85.41406
2022-01-16 10:08:03.005140,84.05963,84.4415,85.41406
2022-01-16 10:08:03.510300,84.05963,84.54425,85.41406
2022-01-16 10:08:04.008100,83.80219,84.3895,85.64968
2022-01-16 10:08:04.502478,84.36905,84.64825,85.64968
2022-01-16 10:08:05.010947,83.80219,84.02925,85.72791
2022-01-16 10:08:05.507199,83.90492,84.4935,85.72791
2022-01-16 10:08:06.006515,84.21434,84.64825,85.25666
2022-01-16 10:08:06.511089,83.80219,84.23475,85.25666
2022-01-16 10:08:07.008995,84.11161,84.54425,85.92395
2022-01-16 10:08:07.504339,83.7502,84.33875,85.92395
2022-01-16 10:08:08.002185,84.31831,84.699,85.68833
2022-01-16 10:08:08.508561,84.26632,84.33875,85.68833
2022-01-16 10:08:09.006498,84.05963,84.3895,85.80614
2022-01-16 10:08:09.511079,83.90492,84.33875,85.80614
2022-01-16 10:08:10.009386,84.00888,84.4935,85.72791
2022-01-16 10:08:10.505059,84.05963,84.59625,85.72791
2022-01-16 10:08:11.003628,83.69946,84.28675,85.84572
2022-01-16 10:08:11.508404,84.05963,84.54425,85.84572
2022-01-16 10:08:12.005414,84.31831,84.4935,85.33489
2022-01-16 10:08:12.509962,84.26632,84.64825,85.33489
2022-01-16 10:08:13.007543,84.52377,84.803,86.04176
2022-01-16 10:08:13.511190,83.80219,84.23475,86.04176
2022-01-16 10:08:14.009366,84.1636,84.4415,85.17843
2022-01-16 10:08:14.505656,83.9569,84.751,85.17843
2022-01-16 10:08:15.004183,84.21434,84.751,85.68833
2022-01-16 10:08:15.509331,84.36905,84.4415,85.68833
2022-01-16 10:08:16.006776,83.69946,84.02925,85.49229
2022-01-16 10:08:16.501361,84.31831,84.64825,85.49229
2022-01-16 10:08:17.010835,84.05963,84.54425,86.59218
2022-01-16 10:08:17.506350,84.1636,84.4935,86.59218
2022-01-16 10:08:18.004218,83.85417,84.184,85.64968
2022-01-16 10:08:18.509537,84.11161,84.54425,85.64968
2022-01-16 10:08:19.008987,84.00888,84.4935,85.96354
2022-01-16 10:08:19.502629,84.57575,84.699,85.96354
2022-01-16 10:08:20.002391,84.05963,84.184,85.6101
2022-01-16 10:08:20.506917,84.00888,84.4415,85.6101
2022-01-16 10:08:21.005061,84.47302,84.85375,85.53187
2022-01-16 10:08:21.510520,83.59549,84.3895,85.53187
2022-01-16 10:08:22.008243,84.21434,84.699,85.84572
2022-01-16 10:08:22.503459,83.69946,84.3895,85.84572
2022-01-16 10:08:23.001160,84.42104,84.85375,85.64968
2022-01-16 10:08:23.508789,83.85417,83.92525,85.64968
2022-01-16 10:08:24.006791,84.31831,84.699,85.7675
2022-01-16 10:08:24.502344,84.1636,84.4935,85.7675
2022-01-16 10:08:25.001627,84.00888,84.33875,85.7675
2022-01-16 10:08:25.507022,84.05963,84.64825,85.7675
2022-01-16 10:08:26.005169,83.13135,84.02925,85.41406
2022-01-16 10:08:26.509390,84.67848,85.0605,85.41406
2022-01-16 10:08:27.007915,84.21434,84.4415,85.88531
2022-01-16 10:08:27.502904,84.21434,84.699,85.88531
2022-01-16 10:08:28.002328,83.80219,84.08,85.57051
2022-01-16 10:08:28.507783,84.05963,84.4935,85.57051
2022-01-16 10:08:29.005943,84.31831,84.64825,86.19916
2022-01-16 10:08:29.505748,83.64747,84.33875,86.19916
2022-01-16 10:08:30.003599,84.05963,84.4415,85.57051
2022-01-16 10:08:30.508034,84.11161,84.28675,85.57051
2022-01-16 10:08:31.005537,84.31831,84.699,85.64968
2022-01-16 10:08:31.510944,83.69946,84.23475,85.64968
2022-01-16 10:08:32.010870,84.1636,84.751,85.68833
2022-01-16 10:08:32.507318,83.9569,84.54425,85.68833
2022-01-16 10:08:33.005103,83.85417,84.3895,86.04176
2022-01-16 10:08:33.509552,84.42104,84.85375,86.04176
2022-01-16 10:08:34.008587,83.64747,84.184,85.13885
2022-01-16 10:08:34.502679,84.21434,84.4415,85.13885
2022-01-16 10:08:35.010613,84.1636,84.4935,85.96354
2022-01-16 10:08:35.505473,83.80219,84.33875,85.96354
2022-01-16 10:08:36.003117,84.1636,84.59625,85.41406
2022-01-16 10:08:36.508505,83.85417,84.54425,85.41406
2022-01-16 10:08:37.005950,84.05963,84.54425,85.33489
2022-01-16 10:08:37.501700,84.1636,84.59625,85.33489
2022-01-16 10:08:38.009533,84.11161,84.59625,85.96354
2022-01-16 10:08:38.503908,84.11161,84.33875,85.96354
2022-01-16 10:08:39.001919,83.85417,84.23475,85.92395
2022-01-16 10:08:39.507388,84.42104,84.95775,85.92395
2022-01-16 10:08:40.005923,84.00888,84.28675,85.09926
2022-01-16 10:08:40.509947,84.05963,84.64825,85.09926
2022-01-16 10:08:41.008372,83.49276,84.184,85.6101
2022-01-16 10:08:41.503984,84.52377,84.803,85.6101
2022-01-16 10:08:42.002204,84.21434,84.54425,85.13885
2022-01-16 10:08:42.508967,83.80219,84.28675,85.13885
2022-01-16 10:08:43.006054,84.31831,84.803,85.68833
2022-01-16 10:08:43.501077,83.64747,84.23475,85.68833
2022-01-16 10:08:44.009165,84.47302,84.85375,85.88531
2022-01-16 10:08:44.504292,83.44078,83.97725,85.88531
2022-01-16 10:08:45.003188,84.67848,85.0605,85.21708
2022-01-16 10:08:45.509532,84.00888,84.23475,85.21708
2022-01-16 10:08:46.008342,84.00888,84.28675,85.96354
2022-01-16 10:08:46.502770,84.05963,84.4935,85.96354
2022-01-16 10:08:47.001229,83.7502,84.33875,85.25666
2022-01-16 10:08:47.507687,84.42104,84.90575,85.25666
2022-01-16 10:08:48.006426,83.44078,83.97725,85.92395
2022-01-16 10:08:48.501275,84.11161,84.751,85.92395
2022-01-16 10:08:49.009523,84.21434,84.3895,85.57051
2022-01-16 10:08:49.503160,84.31831,84.4415,85.57051
2022-01-16 10:08:50.002711,84.11161,84.3895,85.7675
2022-01-16 10:08:50.508828,83.85417,84.184,85.7675
2022-01-16 10:08:51.006990,84.42104,84.699,85.25666
2022-01-16 10:08:51.501629,83.85417,84.33875,85.25666
2022-01-16 10:08:52.010580,84.47302,85.21525,85.7675
2022-01-16 10:08:52.505730,83.33805,83.97725,85.7675
2022-01-16 10:08:53.003535,84.57575,84.699,85.57051
2022-01-16 10:08:53.510107,84.05963,84.184,85.57051
2022-01-16 10:08:54.008277,84.31831,84.59625,84.98145
2022-01-16 10:08:54.503398,83.85417,84.4415,84.98145
2022-01-16 10:08:55.001711,83.69946,84.08,85.49229
2022-01-16 10:08:55.506969,84.11161,84.4935,85.49229
2022-01-16 10:08:56.004688,83.69946,84.4935,85.25666
2022-01-16 10:08:56.509598,84.47302,84.85375,85.25666
2022-01-16 10:08:57.007263,83.85417,83.8225,86.3952
2022-01-16 10:08:57.501549,83.64747,83.565,86.3952
2022-01-16 10:08:58.009061,84.36905,84.803,158.81125
2022-01-16 10:08:58.504158,84.62773,85.0605,158.81125
2022-01-16 10:08:59.002439,83.13135,83.30625,236.29229
2022-01-16 10:08:59.509685,83.9569,84.4935,236.29229
2022-01-16 10:09:00.008547,84.00888,84.132,202.6375
2022-01-16 10:09:00.501208,84.26632,84.4415,202.6375
2022-01-16 10:09:01.011107,84.1636,84.54425,129.39676
2022-01-16 10:09:01.505821,83.64747,83.97725,129.39676
2022-01-16 10:09:02.003620,84.31831,84.64825,91.61854
2022-01-16 10:09:02.507476,84.11161,84.4935,91.61854
2022-01-16 10:09:03.007412,83.59549,84.132,97.46958
2022-01-16 10:09:03.501424,84.00888,84.3895,97.46958
2022-01-16 10:09:04.010118,83.80219,84.184,89.30187
2022-01-16 10:09:04.506422,84.62773,84.699,89.30187
2022-01-16 10:09:05.005514,84.21434,84.699,87.21989
2022-01-16 10:09:05.509551,84.11161,84.751,87.21989
2022-01-16 10:09:06.007481,83.9569,84.33875,86.78822
2022-01-16 10:09:06.501437,83.85417,84.28675,86.78822
2022-01-16 10:09:07.009365,84.11161,84.3895,85.84572
2022-01-16 10:09:07.506185,83.9569,84.4415,85.84572
2022-01-16 10:09:08.004837,83.85417,84.23475,86.47437
2022-01-16 10:09:08.508353,84.47302,84.64825,86.47437
2022-01-16 10:09:09.006678,83.85417,84.3895,85.92395
2022-01-16 10:09:09.502508,84.36905,84.699,85.92395
2022-01-16 10:09:10.010270,83.64747,84.184,86.67041
2022-01-16 10:09:10.505123,84.57575,84.95775,86.67041
2022-01-16 10:09:11.003235,83.33805,83.92525,85.68833
2022-01-16 10:09:11.508012,84.31831,84.751,85.68833
2022-01-16 10:09:12.007906,83.9569,84.23475,86.00312
2022-01-16 10:09:12.501909,84.26632,84.85375,86.00312
2022-01-16 10:09:13.009878,84.21434,84.751,85.17843
2022-01-16 10:09:13.505109,83.9569,84.3895,85.17843
2022-01-16 10:09:14.003556,84.1636,84.59625,86.00312
2022-01-16 10:09:14.508019,83.85417,84.85375,86.00312
2022-01-16 10:09:15.005999,84.21434,84.4935,86.27739
2022-01-16 10:09:15.510254,83.9569,84.28675,86.27739
2022-01-16 10:09:16.008422,83.85417,84.28675,86.67041
2022-01-16 10:09:16.503732,84.26632,84.699,86.67041
2022-01-16 10:09:17.010985,83.7502,84.33875,86.00312
2022-01-16 10:09:17.506238,84.26632,84.59625,86.00312
2022-01-16 10:09:18.004334,83.69946,84.184,85.68833
2022-01-16 10:09:18.509863,84.73046,85.16325,85.68833
2022-01-16 10:09:19.009693,83.39003,83.8225,85.64968
2022-01-16 10:09:19.504230,84.26632,84.4415,85.64968
2022-01-16 10:09:20.002831,83.9569,84.3895,85.29625
2022-01-16 10:09:20.507506,84.11161,84.59625,85.29625
2022-01-16 10:09:21.007012,84.11161,84.54425,85.49229
2022-01-16 10:09:21.503900,83.7502,84.54425,85.49229
2022-01-16 10:09:22.001695,84.11161,84.33875,86.51301
2022-01-16 10:09:22.506966,84.05963,84.64825,86.51301
2022-01-16 10:09:23.004849,84.52377,84.803,85.92395
2022-01-16 10:09:23.509650,83.85417,84.184,85.92395
2022-01-16 10:09:24.008220,84.11161,84.64825,85.21708
2022-01-16 10:09:24.502734,84.00888,84.4415,85.21708
2022-01-16 10:09:25.504966,84.05963,84.4935,85.49229
2022-01-16 10:09:26.010791,83.64747,84.28675,85.88531
2022-01-16 10:09:26.506738,84.1636,84.4415,85.88531
2022-01-16 10:09:27.005357,84.47302,84.751,85.88531
2022-01-16 10:09:27.501680,83.85417,84.28675,85.88531
2022-01-16 10:09:28.009546,84.1636,84.54425,86.12093
2022-01-16 10:09:28.503544,84.11161,84.699,86.12093
2022-01-16 10:09:29.001096,84.11161,84.33875,85.80614
2022-01-16 10:09:29.505567,83.7502,84.59625,85.80614
2022-01-16 10:09:30.002522,83.80219,84.02925,85.37447
2022-01-16 10:09:30.508007,84.42104,84.751,85.37447
2022-01-16 10:09:31.006096,84.31831,84.59625,86.19916
2022-01-16 10:09:31.510907,83.9569,84.23475,86.19916
2022-01-16 10:09:32.007304,83.90492,84.4415,85.49229
2022-01-16 10:09:32.501895,84.1636,84.59625,85.49229
2022-01-16 10:09:33.008883,83.9569,84.64825,85.29625
2022-01-16 10:09:33.505571,84.1636,84.54425,85.29625
2022-01-16 10:09:34.004192,84.11161,84.59625,85.72791
2022-01-16 10:09:34.509681,83.9569,84.33875,85.72791
2022-01-16 10:09:35.009552,84.67848,84.90575,85.33489
2022-01-16 10:09:35.505319,83.59549,84.02925,85.33489
2022-01-16 10:09:36.006533,84.11161,84.4415,86.15958
2022-01-16 10:09:36.510889,83.7502,84.28675,86.15958
2022-01-16 10:09:37.008089,84.00888,84.3895,85.37447
2022-01-16 10:09:37.503495,84.1636,84.59625,85.37447
2022-01-16 10:09:38.002121,84.21434,84.59625,85.6101
2022-01-16 10:09:38.507424,84.26632,84.33875,85.6101
2022-01-16 10:09:39.006988,84.1636,84.699,85.41406
2022-01-16 10:09:39.501588,84.21434,84.4935,85.41406
2022-01-16 10:09:40.007826,83.49276,83.92525,85.92395
2022-01-16 10:09:40.503783,84.21434,84.59625,85.92395
2022-01-16 10:09:41.001117,83.64747,84.59625,84.94281
2022-01-16 10:09:41.508352,84.21434,84.59625,84.94281
2022-01-16 10:09:42.007303,84.11161,84.33875,85.41406
2022-01-16 10:09:42.502464,83.9569,84.33875,85.41406
2022-01-16 10:09:43.010119,84.42104,84.751,85.57051
2022-01-16 10:09:43.505179,84.05963,84.64825,85.57051
2022-01-16 10:09:44.004902,83.9569,84.08,86.86645
2022-01-16 10:09:44.510703,83.85417,84.54425,86.86645
2022-01-16 10:09:45.008808,84.11161,84.59625,85.4527
2022-01-16 10:09:45.504809,84.21434,84.59625,85.4527
2022-01-16 10:09:46.001883,84.05963,84.4935,85.41406
2022-01-16 10:09:46.506451,84.00888,84.4415,85.41406
2022-01-16 10:09:47.005509,84.11161,84.64825,85.84572
2022-01-16 10:09:47.509828,84.36905,84.54425,85.84572
2022-01-16 10:09:48.007315,83.39003,84.23475,85.33489
2022-01-16 10:09:48.504483,84.26632,84.90575,85.33489
2022-01-16 10:09:49.001096,84.47302,84.64825,85.33489
2022-01-16 10:09:49.506678,83.85417,84.184,85.33489
2022-01-16 10:09:50.004902,84.1636,84.3895,85.4527
2022-01-16 10:09:50.510070,83.85417,84.4415,85.4527
2022-01-16 10:09:51.009058,84.31831,84.3895,85.88531
2022-01-16 10:09:51.504109,84.1636,84.85375,85.88531
2022-01-16 10:09:52.001179,83.64747,84.132,86.04176
2022-01-16 10:09:52.505766,84.26632,84.751,86.04176
2022-01-16 10:09:53.006036,84.00888,84.33875,85.57051
2022-01-16 10:09:53.510934,84.62773,85.0605,85.57051
2022-01-16 10:09:54.008204,83.69946,84.184,86.23875
2022-01-16 10:09:54.503454,84.00888,84.4415,86.23875
2022-01-16 10:09:55.001542,84.1636,84.59625,85.49229
2022-01-16 10:09:55.506245,84.00888,84.4415,85.49229
2022-01-16 10:09:56.003773,84.26632,84.95775,85.80614
2022-01-16 10:09:56.509558,83.59549,83.92525,85.80614
2022-01-16 10:09:57.006369,84.36905,84.59625,84.94281
2022-01-16 10:09:57.506089,83.90492,84.59625,84.94281
2022-01-16 10:09:58.005597,84.67848,85.0605,85.49229
2022-01-16 10:09:58.510522,83.69946,84.184,85.49229
2022-01-16 10:09:59.008642,84.26632,84.59625,86.08135
2022-01-16 10:09:59.503166,83.90492,84.64825,86.08135
2022-01-16 10:10:00.001706,84.31831,84.33875,86.04176
2022-01-16 10:10:00.505202,84.1636,84.3895,86.04176
2022-01-16 10:10:01.004143,83.69946,84.28675,85.37447
2022-01-16 10:10:01.510992,84.21434,84.4935,85.37447
2022-01-16 10:10:02.008780,84.00888,84.4935,86.15958
2022-01-16 10:10:02.508737,84.26632,84.751,86.15958
2022-01-16 10:10:03.006264,83.54475,84.28675,85.21708
2022-01-16 10:10:03.501211,84.31831,84.64825,85.21708
2022-01-16 10:10:04.010653,84.31831,84.4935,86.43479
2022-01-16 10:10:04.506571,84.00888,84.33875,86.43479
2022-01-16 10:10:05.004865,84.57575,84.803,85.49229
2022-01-16 10:10:05.501000,83.28607,83.92525,85.49229
2022-01-16 10:10:06.009416,84.62773,84.95775,85.6101
2022-01-16 10:10:06.503868,83.33805,84.02925,85.6101
2022-01-16 10:10:07.002468,84.42104,84.85375,85.88531
2022-01-16 10:10:07.508283,83.9569,84.3895,85.88531
2022-01-16 10:10:08.005613,84.21434,84.4935,85.6101
2022-01-16 10:10:08.501550,84.1636,84.33875,85.6101
2022-01-16 10:10:09.009907,84.11161,84.64825,85.72791
2022-01-16 10:10:09.508102,84.05963,84.33875,85.72791
2022-01-16 10:10:10.006768,83.7502,84.4935,85.64968
2022-01-16 10:10:11.005273,83.64747,84.28675,86.04176
2022-01-16 10:10:11.509709,84.62773,85.0605,86.04176
2022-01-16 10:10:12.008818,84.21434,84.4935,86.82781
2022-01-16 10:10:12.502903,83.64747,84.184,86.82781
2022-01-16 10:10:13.010767,84.52377,84.64825,86.04176
2022-01-16 10:10:13.505117,83.90492,84.54425,86.04176
2022-01-16 10:10:14.004381,84.11161,84.59625,85.53187
2022-01-16 10:10:14.501423,83.69946,84.4415,85.53187
2022-01-16 10:10:15.010396,84.05963,84.23475,85.37447
2022-01-16 10:10:15.505714,84.42104,84.54425,85.37447
2022-01-16 10:10:16.005254,84.11161,84.699,85.37447
2022-01-16 10:10:16.508766,84.05963,84.54425,85.37447
2022-01-16 10:10:17.005501,83.69946,84.28675,85.13885
2022-01-16 10:10:17.510408,84.00888,84.4935,85.13885
2022-01-16 10:10:18.009804,83.85417,84.54425,85.37447
2022-01-16 10:10:18.510202,84.47302,84.803,85.37447
2022-01-16 10:10:19.009338,83.7502,84.02925,85.53187
2022-01-16 10:10:19.503574,84.36905,84.59625,85.53187
2022-01-16 10:10:20.002252,84.11161,84.4415,85.17843
2022-01-16 10:10:20.508498,84.00888,84.59625,85.17843
2022-01-16 10:10:21.006727,84.00888,84.33875,86.04176
2022-01-16 10:10:22.005215,83.85417,84.4415,86.00312
2022-01-16 10:10:22.510055,84.73046,85.16325,86.00312
2022-01-16 10:10:23.009625,83.85417,84.184,85.37447
2022-01-16 10:10:23.505156,83.9569,84.08,85.37447
2022-01-16 10:10:24.004219,84.31831,84.90575,85.80614
2022-01-16 10:10:24.507389,84.36905,84.751,85.80614
2022-01-16 10:10:25.005420,83.64747,84.184,85.80614
2022-01-16 10:10:25.508008,84.21434,84.803,85.80614
2022-01-16 10:10:26.006088,83.59549,84.132,85.96354
2022-01-16 10:10:26.504169,84.57575,84.90575,85.96354
2022-01-16 10:10:27.001674,84.1636,84.4935,85.72791
2022-01-16 10:10:27.508271,83.64747,84.33875,85.72791
2022-01-16 10:10:28.008014,84.26632,84.54425,85.53187
2022-01-16 10:10:28.502614,83.90492,84.28675,85.53187
2022-01-16 10:10:29.010718,84.47302,84.751,85.53187
2022-01-16 10:10:29.504371,83.59549,84.23475,85.53187
2022-01-16 10:10:30.002625,84.21434,84.699,86.35656
2022-01-16 10:10:30.508214,84.05963,84.184,86.35656
2022-01-16 10:10:31.007617,84.26632,84.751,84.94281
2022-01-16 10:10:31.501881,84.11161,84.4935,84.94281
2022-01-16 10:10:32.008799,83.90492,84.4935,86.04176
2022-01-16 10:10:32.504485,84.26632,84.64825,86.04176
2022-01-16 10:10:33.003414,83.69946,84.23475,86.00312
2022-01-16 10:10:33.509115,84.42104,84.64825,86.00312
2022-01-16 10:10:34.006197,83.90492,83.97725,86.04176
2022-01-16 10:10:34.501441,84.1636,84.64825,86.04176
2022-01-16 10:10:35.009308,84.11161,84.4935,85.49229
2022-01-16 10:10:35.503478,83.69946,84.28675,85.49229
2022-01-16 10:10:36.003303,84.52377,84.64825,85.25666
2022-01-16 10:10:36.508615,83.44078,84.4415,85.25666
2022-01-16 10:10:37.006471,84.42104,84.90575,86.04176
2022-01-16 10:10:37.510839,83.59549,83.71975,86.04176
2022-01-16 10:10:38.009924,84.47302,84.90575,85.49229
2022-01-16 10:10:38.505132,83.90492,84.23475,85.49229
2022-01-16 10:10:39.002504,84.42104,85.0605,85.25666
2022-01-16 10:10:39.507587,83.7502,83.97725,85.25666
2022-01-16 10:10:40.005748,84.21434,84.54425,86.31697
2022-01-16 10:10:40.501800,83.9569,84.28675,86.31697
2022-01-16 10:10:41.009890,84.05963,84.4935,85.53187
2022-01-16 10:10:41.505408,84.05963,84.4415,85.53187
2022-01-16 10:10:42.002994,83.7502,84.02925,85.13885
2022-01-16 10:10:42.509733,84.52377,85.16325,85.13885
2022-01-16 10:10:43.009210,84.11161,84.54425,85.80614
2022-01-16 10:10:43.503994,83.7502,84.28675,85.80614
2022-01-16 10:10:44.011204,84.26632,84.64825,85.33489
2022-01-16 10:10:44.505607,83.69946,84.184,85.33489
2022-01-16 10:10:45.004750,84.47302,84.699,85.41406
2022-01-16 10:10:45.508419,84.00888,84.132,85.41406
2022-01-16 10:10:46.005768,84.05963,84.4415,85.41406
2022-01-16 10:10:46.510938,83.90492,84.28675,85.41406
2022-01-16 10:10:47.010389,84.36905,85.0085,85.7675
2022-01-16 10:10:47.506425,83.7502,84.28675,85.7675
2022-01-16 10:10:48.006689,83.9569,84.54425,85.80614
2022-01-16 10:10:48.510967,84.05963,84.33875,85.80614
2022-01-16 10:10:49.008727,84.47302,84.4935,85.33489
2022-01-16 10:10:49.503852,84.11161,84.4935,85.33489
2022-01-16 10:10:50.002866,83.80219,84.23475,85.57051
2022-01-16 10:10:50.509815,84.05963,84.59625,85.57051
2022-01-16 10:10:51.009165,83.90492,84.3895,85.09926
2022-01-16 10:10:51.504991,83.85417,84.59625,85.09926
2022-01-16 10:10:52.002796,84.26632,84.64825,85.72791
2022-01-16 10:10:52.507870,83.9569,84.184,85.72791
2022-01-16 10:10:53.007038,84.42104,84.90575,86.04176
2022-01-16 10:10:53.501899,84.42104,84.64825,86.04176
2022-01-16 10:10:54.009942,83.54475,84.02925,85.68833
2022-01-16 10:10:54.505710,84.11161,84.64825,85.68833
2022-01-16 10:10:55.004365,84.00888,84.59625,85.25666
2022-01-16 10:10:55.501163,84.36905,84.751,85.25666
2022-01-16 10:10:56.008217,83.85417,84.3895,85.92395
2022-01-16 10:10:56.502077,84.21434,84.699,85.92395
2022-01-16 10:10:57.011071,83.9569,84.23475,85.13885
2022-01-16 10:10:57.507075,84.1636,84.699,85.13885
2022-01-16 10:10:58.005267,84.26632,84.59625,86.86645
2022-01-16 10:10:58.501455,83.54475,83.97725,86.86645
2022-01-16 10:10:59.011065,84.31831,84.751,84.825
2022-01-16 10:10:59.506212,83.90492,84.4415,84.825
2022-01-16 10:11:00.005145,84.05963,84.33875,85.68833
2022-01-16 10:11:00.508314,84.42104,84.4935,85.68833
2022-01-16 10:11:01.006874,83.9569,84.54425,85.29625
2022-01-16 10:11:01.501660,84.26632,84.54425,85.29625
2022-01-16 10:11:02.010326,84.11161,84.59625,85.49229
2022-01-16 10:11:02.504853,84.11161,84.4415,85.49229
2022-01-16 10:11:03.002347,83.69946,84.28675,85.92395
2022-01-16 10:11:03.507894,84.47302,85.1125,85.92395
2022-01-16 10:11:04.008192,83.80219,83.92525,85.84572
2022-01-16 10:11:04.503579,84.47302,84.803,85.84572
2022-01-16 10:11:05.010550,83.64747,84.08,85.06062
2022-01-16 10:11:05.504912,84.1636,84.699,85.06062
2022-01-16 10:11:06.005696,84.36905,84.59625,86.15958
2022-01-16 10:11:06.501390,83.59549,84.3895,86.15958
2022-01-16 10:11:07.011003,84.57575,84.95775,85.72791
2022-01-16 10:11:07.506200,84.00888,84.3895,85.72791
2022-01-16 10:11:08.003659,83.85417,84.33875,85.96354
2022-01-16 10:11:08.510866,84.1636,84.33875,85.96354
2022-01-16 10:11:09.008746,84.11161,84.64825,85.68833
2022-01-16 10:11:09.503654,83.7502,84.132,85.68833
2022-01-16 10:11:10.010315,84.21434,84.59625,85.29625
2022-01-16 10:11:10.504092,83.9569,84.33875,85.29625
2022-01-16 10:11:11.001551,84.31831,84.85375,85.53187
2022-01-16 10:11:11.508886,84.11161,84.59625,85.53187
2022-01-16 10:11:12.006744,84.00888,84.33875,85.49229
2022-01-16 10:11:12.503525,83.85417,84.3895,85.49229
2022-01-16 10:11:13.001124,84.11161,84.59625,85.25666
2022-01-16 10:11:13.507897,84.26632,84.803,85.25666
2022-01-16 10:11:14.006618,83.7502,84.08,85.84572
2022-01-16 10:11:14.502571,83.64747,84.23475,85.84572
2022-01-16 10:11:15.010607,84.36905,84.4935,85.37447
2022-01-16 10:11:15.504980,84.26632,84.4415,85.37447
2022-01-16 10:11:16.003055,83.85417,84.59625,85.68833
2022-01-16 10:11:16.507971,83.69946,84.23475,85.68833
2022-01-16 10:11:17.005841,84.05963,84.3895,86.27739
2022-01-16 10:11:17.501287,84.36905,84.90575,86.27739
2022-01-16 10:11:18.010538,83.80219,84.3895,85.84572
2022-01-16 10:11:18.504950,84.11161,84.4935,85.84572
2022-01-16 10:11:19.002501,84.11161,84.23475,85.57051
2022-01-16 10:11:19.506077,83.9569,84.132,85.57051
2022-01-16 10:11:20.004210,84.00888,84.3895,85.57051
2022-01-16 10:11:20.509285,83.54475,83.8225,85.57051
2022-01-16 10:11:21.007823,83.80219,84.02925,236.52791
2022-01-16 10:11:21.504732,83.85417,84.4935,236.52791
2022-01-16 10:11:22.002565,84.47302,84.751,216.02854
2022-01-16 10:11:22.508968,84.57575,84.59625,216.02854
2022-01-16 10:11:23.008273,83.18334,83.41025,158.26083
2022-01-16 10:11:23.502642,84.31831,84.59625,158.26083
2022-01-16 10:11:24.011030,84.00888,84.3895,98.6477
2022-01-16 10:11:24.506858,83.90492,84.33875,98.6477
2022-01-16 10:11:25.004948,83.64747,84.132,90.12656
2022-01-16 10:11:25.509660,83.7502,84.132,90.12656
2022-01-16 10:11:26.008177,84.21434,84.3895,88.39801
2022-01-16 10:11:26.503420,84.47302,84.59625,88.39801
2022-01-16 10:11:27.001770,84.26632,84.4415,88.39801
2022-01-16 10:11:27.507492,84.00888,84.59625,88.39801
2022-01-16 10:11:28.005489,84.00888,84.54425,86.47437
2022-01-16 10:11:28.501134,83.85417,84.3895,86.47437
2022-01-16 10:11:29.009393,84.52377,84.95775,86.47437
2022-01-16 10:11:29.505765,83.39003,84.02925,86.47437
2022-01-16 10:11:30.006302,84.36905,84.59625,87.06343
2022-01-16 10:11:30.501978,84.21434,84.23475,87.06343
2022-01-16 10:11:31.010324,84.11161,84.54425,85.96354
2022-01-16 10:11:31.505672,84.11161,84.3895,85.96354
2022-01-16 10:11:32.006106,83.90492,84.3895,87.18125
2022-01-16 10:11:32.501644,84.36905,84.90575,87.18125
2022-01-16 10:11:33.011068,83.80219,84.54425,86.00312
2022-01-16 10:11:33.505456,84.62773,84.95775,86.00312
2022-01-16 10:11:34.003337,84.11161,84.3895,86.23875
2022-01-16 10:11:34.508449,84.00888,84.28675,86.23875
2022-01-16 10:11:35.008437,84.00888,84.59625,85.29625
2022-01-16 10:11:35.502951,84.05963,84.4415,85.29625
2022-01-16 10:11:36.010947,83.80219,84.59625,86.04176
2022-01-16 10:11:36.504816,83.7502,84.59625,86.04176
2022-01-16 10:11:37.001693,84.00888,84.3895,86.15958
2022-01-16 10:11:37.507023,84.21434,84.4935,86.15958
2022-01-16 10:11:38.004927,84.67848,85.0085,85.49229
2022-01-16 10:11:38.509665,83.85417,84.28675,85.49229
2022-01-16 10:11:39.006660,84.05963,84.33875,86.47437
2022-01-16 10:11:39.503058,84.05963,84.4935,86.47437
2022-01-16 10:11:40.001741,83.85417,84.64825,86.43479
2022-01-16 10:11:40.506799,84.21434,84.90575,86.43479
2022-01-16 10:11:41.004636,83.64747,84.02925,85.29625
2022-01-16 10:11:41.509511,84.11161,84.59625,85.29625
2022-01-16 10:11:42.008054,84.26632,84.699,86.31697
2022-01-16 10:11:42.502666,84.1636,84.64825,86.31697
2022-01-16 10:11:43.001219,84.1636,84.751,86.08135
2022-01-16 10:11:43.508956,83.64747,84.23475,86.08135
2022-01-16 10:11:44.005434,84.31831,84.751,86.12093
2022-01-16 10:11:44.502601,84.31831,84.85375,86.12093
2022-01-16 10:11:45.010881,83.64747,84.08,86.31697
2022-01-16 10:11:45.506903,84.26632,84.64825,86.31697
2022-01-16 10:11:46.004364,83.85417,84.23475,85.84572
2022-01-16 10:11:46.509396,84.62773,85.0605,85.84572
2022-01-16 10:11:47.006809,83.85417,84.3895,85.37447
2022-01-16 10:11:47.502170,84.11161,84.699,85.37447
2022-01-16 10:11:48.011074,83.85417,84.28675,85.84572
2022-01-16 10:11:48.507254,84.1636,84.59625,85.84572
2022-01-16 10:11:49.004697,84.31831,84.59625,85.96354
2022-01-16 10:11:49.509434,83.59549,84.08,85.96354
2022-01-16 10:11:50.008766,84.36905,84.803,85.21708
2022-01-16 10:11:50.503230,83.69946,84.132,85.21708
2022-01-16 10:11:51.001125,84.47302,85.0085,86.47437
2022-01-16 10:11:51.505819,83.7502,84.3895,86.47437
2022-01-16 10:11:52.004451,84.21434,84.699,85.41406
2022-01-16 10:11:52.509404,83.90492,84.184,85.41406
2022-01-16 10:11:53.005756,84.21434,84.59625,86.67041
2022-01-16 10:11:53.504640,84.42104,84.803,86.67041
2022-01-16 10:11:54.001902,83.69946,84.08,86.00312
2022-01-16 10:11:54.507535,84.42104,84.803,86.00312
2022-01-16 10:11:55.005573,83.39003,84.08,85.6101
2022-01-16 10:11:55.510816,84.73046,85.1125,85.6101
2022-01-16 10:11:56.008739,83.7502,84.08,85.7675
2022-01-16 10:11:56.502450,84.1636,84.59625,85.7675
2022-01-16 10:11:57.001948,84.21434,84.59625,85.64968
2022-01-16 10:11:57.506402,84.00888,84.4415,85.64968
2022-01-16 10:11:58.006617,84.36905,84.59625,85.84572
2022-01-16 10:11:58.501870,83.69946,84.184,85.84572
2022-01-16 10:11:59.010016,84.42104,84.85375,85.92395
2022-01-16 10:11:59.505579,83.9569,84.33875,85.92395
2022-01-16 10:12:00.004195,84.36905,84.4935,85.64968
2022-01-16 10:12:00.507415,84.1636,84.54425,85.64968
2022-01-16 10:12:01.005813,83.9569,84.699,86.23875
2022-01-16 10:12:01.509595,83.9569,84.33875,86.23875
2022-01-16 10:12:02.007693,83.9569,84.59625,85.72791
2022-01-16 10:12:02.502790,84.1636,84.59625,85.72791
2022-01-16 10:12:03.001749,83.69946,84.4415,85.02104
2022-01-16 10:12:03.506361,84.26632,84.54425,85.02104
2022-01-16 10:12:04.006190,84.11161,84.28675,86.31697
2022-01-16 10:12:04.510467,84.31831,84.699,86.31697
2022-01-16 10:12:05.007206,83.90492,84.59625,85.6101
2022-01-16 10:12:05.501853,83.64747,84.184,85.6101
2022-01-16 10:12:06.010422,84.36905,84.699,85.25666
2022-01-16 10:12:06.504918,83.64747,84.4415,85.25666
2022-01-16 10:12:07.003136,84.31831,84.59625,85.64968
2022-01-16 10:12:07.508535,84.31831,84.4935,85.64968
2022-01-16 10:12:08.007456,84.11161,84.33875,85.49229
2022-01-16 10:12:08.501541,84.36905,84.751,85.49229
2022-01-16 10:12:09.008358,83.80219,84.3895,85.68833
2022-01-16 10:12:09.501937,84.00888,84.33875,85.68833
2022-01-16 10:12:10.009794,83.64747,84.3895,86.00312
2022-01-16 10:12:10.505506,84.21434,84.59625,86.00312
2022-01-16 10:12:11.004290,84.00888,84.184,85.7675
2022-01-16 10:12:11.509185,84.31831,84.699,85.7675
2022-01-16 10:12:12.005256,84.26632,84.699,85.49229
2022-01-16 10:12:12.501063,83.69946,84.132,85.49229
2022-01-16 10:12:13.009797,84.47302,84.95775,86.43479
2022-01-16 10:12:13.502800,83.69946,84.23475,86.43479
2022-01-16 10:12:14.011091,84.1636,84.59625,85.37447
2022-01-16 10:12:14.505653,83.90492,84.28675,85.37447
2022-01-16 10:12:15.004586,84.05963,84.4415,86.12093
2022-01-16 10:12:15.507805,84.52377,84.90575,86.12093
2022-01-16 10:12:16.006835,83.80219,84.33875,85.92395
2022-01-16 10:12:16.502723,84.1636,84.4415,85.92395
2022-01-16 10:12:17.002540,83.64747,84.28675,86.31697
2022-01-16 10:12:17.507845,84.52377,85.0085,86.31697
2022-01-16 10:12:18.005523,83.44078,83.92525,85.37447
2022-01-16 10:12:18.510347,84.1636,84.28675,85.37447
2022-01-16 10:12:19.009893,83.90492,84.28675,85.80614
2022-01-16 10:12:19.505943,84.42104,84.85375,85.80614
2022-01-16 10:12:20.005555,84.26632,84.699,85.41406
2022-01-16 10:12:20.510825,83.64747,84.08,85.41406
2022-01-16 10:12:21.010839,84.1636,84.59625,86.98426
2022-01-16 10:12:21.505858,83.80219,84.54425,86.98426
2022-01-16 10:12:22.004074,84.1636,84.33875,85.68833
2022-01-16 10:12:22.508554,84.26632,84.54425,85.68833
2022-01-16 10:12:23.005712,83.9569,84.4935,85.84572
2022-01-16 10:12:23.509846,84.26632,84.85375,85.84572
2022-01-16 10:12:24.008156,84.11161,84.54425,85.33489
2022-01-16 10:12:24.504408,84.1636,84.4935,85.33489
2022-01-16 10:12:25.002584,83.39003,84.08,85.49229
2022-01-16 10:12:25.501497,84.36905,84.751,85.49229
2022-01-16 10:12:26.010056,83.59549,84.02925,85.64968
2022-01-16 10:12:26.504426,84.52377,85.0085,85.64968
2022-01-16 10:12:27.003025,84.11161,84.3895,85.57051
2022-01-16 10:12:27.507606,83.90492,84.3895,85.57051
2022-01-16 10:12:28.006185,84.36905,84.699,85.72791
2022-01-16 10:12:28.501533,83.80219,84.28675,85.72791
2022-01-16 10:12:29.009600,84.21434,84.4935,86.19916
2022-01-16 10:12:29.504440,83.7502,84.33875,86.19916
2022-01-16 10:12:30.003310,84.11161,84.4415,85.6101
2022-01-16 10:12:30.507919,84.42104,84.803,85.6101
2022-01-16 10:12:31.006153,84.11161,84.699,85.53187
2022-01-16 10:12:31.501729,83.9569,84.23475,85.53187
2022-01-16 10:12:32.010022,84.1636,84.64825,85.92395
2022-01-16 10:12:32.504607,84.11161,84.3895,85.92395
2022-01-16 10:12:33.002130,84.11161,84.803,85.88531
2022-01-16 10:12:33.509933,84.11161,84.33875,85.88531
2022-01-16 10:12:34.008787,84.05963,84.33875,85.64968
2022-01-16 10:12:34.505284,83.7502,84.02925,85.64968
2022-01-16 10:12:35.004077,84.52377,85.0605,85.92395
2022-01-16 10:12:35.501666,83.9569,84.4415,85.92395
2022-01-16 10:12:36.001594,84.31831,84.751,85.72791
2022-01-16 10:12:36.506413,83.39003,84.02925,85.72791
2022-01-16 10:12:37.004308,84.26632,84.54425,85.53187
2022-01-16 10:12:37.509975,84.47302,84.85375,85.53187
2022-01-16 10:12:38.008381,84.00888,84.4935,86.3952
2022-01-16 10:12:38.504804,83.85417,84.132,86.3952
2022-01-16 10:12:39.002212,83.90492,84.28675,85.96354
2022-01-16 10:12:39.507517,84.05963,84.4935,85.96354
2022-01-16 10:12:40.005821,84.11161,84.90575,85.88531
2022-01-16 10:12:40.501234,83.80219,84.132,85.88531
2022-01-16 10:12:41.010461,84.36905,84.64825,86.12093
2022-01-16 10:12:41.504622,83.9569,84.33875,86.12093
2022-01-16 10:12:42.002807,84.47302,84.95775,85.17843
2022-01-16 10:12:42.507695,83.90492,84.4415,85.17843
2022-01-16 10:12:43.007457,84.11161,84.4415,85.84572
2022-01-16 10:12:43.501614,83.54475,84.132,85.84572
2022-01-16 10:12:44.010632,84.62773,85.0605,85.17843
2022-01-16 10:12:44.504523,84.00888,84.4415,85.17843
2022-01-16 10:12:45.003857,84.11161,84.3895,85.37447
2022-01-16 10:12:45.509704,84.21434,84.3895,85.37447
2022-01-16 10:12:46.007079,84.1636,84.90575,85.21708
2022-01-16 10:12:46.501050,84.11161,84.4935,85.21708
2022-01-16 10:12:47.011284,84.11161,84.751,85.53187
2022-01-16 10:12:47.507346,83.90492,84.23475,85.53187
2022-01-16 10:12:48.006198,84.05963,84.64825,85.88531
2022-01-16 10:12:48.510979,84.47302,84.803,85.88531
2022-01-16 10:12:49.009121,84.05963,84.23475,86.15958
2022-01-16 10:12:49.502861,84.11161,84.59625,86.15958
2022-01-16 10:12:50.010943,83.80219,84.184,85.53187
2022-01-16 10:12:50.505973,83.9569,84.59625,85.53187
2022-01-16 10:12:51.004502,84.1636,84.699,85.84572
2022-01-16 10:12:51.509004,83.85417,84.59625,85.84572
2022-01-16 10:12:52.008693,84.21434,84.54425,85.49229
2022-01-16 10:12:52.502058,84.31831,84.4935,85.49229
2022-01-16 10:12:53.010544,84.05963,84.54425,85.84572
2022-01-16 10:12:53.504828,84.26632,84.59625,85.84572
2022-01-16 10:12:54.006841,83.85417,84.3895,85.92395
2022-01-16 10:12:54.501101,83.69946,84.08,85.92395
2022-01-16 10:12:55.008192,84.11161,85.0605,86.47437
2022-01-16 10:12:55.502409,83.9569,84.33875,86.47437
2022-01-16 10:12:56.009911,84.21434,84.59625,85.33489
2022-01-16 10:12:56.505936,84.11161,84.4935,85.33489
2022-01-16 10:12:57.003497,84.05963,84.28675,85.84572
2022-01-16 10:12:57.507905,84.47302,85.0085,85.84572
2022-01-16 10:12:58.004502,84.00888,84.3895,86.59218
2022-01-16 10:12:58.509128,83.39003,84.28675,86.59218
2022-01-16 10:12:59.007267,83.90492,84.23475,85.41406
2022-01-16 10:12:59.501107,84.42104,84.699,85.41406
2022-01-16 10:13:00.008569,83.85417,84.132,86.78822
2022-01-16 10:13:00.503011,84.67848,85.0085,86.78822
2022-01-16 10:13:01.001219,83.49276,83.97725,86.04176
2022-01-16 10:13:01.507252,84.42104,84.4935,86.04176
2022-01-16 10:13:02.004625,84.05963,84.751,85.68833
2022-01-16 10:13:02.509970,83.85417,84.33875,85.68833
2022-01-16 10:13:03.007183,84.00888,84.54425,85.72791
2022-01-16 10:13:03.501660,83.9569,84.132,85.72791
2022-01-16 10:13:04.010269,84.57575,84.803,86.08135
2022-01-16 10:13:04.507456,84.1636,84.64825,86.08135
2022-01-16 10:13:05.004850,84.05963,84.4415,85.41406
2022-01-16 10:13:05.509213,83.90492,84.28675,85.41406
2022-01-16 10:13:06.006338,84.26632,84.64825,86.15958
2022-01-16 10:13:06.501145,84.00888,84.751,86.15958
2022-01-16 10:13:07.010087,84.00888,84.33875,85.41406
2022-01-16 10:13:07.504962,84.26632,84.4935,85.41406
2022-01-16 10:13:08.001073,83.7502,84.28675,85.80614
2022-01-16 10:13:08.507306,84.73046,85.1125,85.80614
2022-01-16 10:13:09.005759,84.00888,84.4935,85.80614
2022-01-16 10:13:09.510334,83.80219,84.132,85.80614
2022-01-16 10:13:10.008755,83.90492,84.59625,85.13885
2022-01-16 10:13:10.505151,84.1636,84.4415,85.13885
2022-01-16 10:13:11.003169,84.21434,84.54425,85.49229
2022-01-16 10:13:11.507693,84.31831,84.699,85.49229
2022-01-16 10:13:12.005235,84.05963,84.28675,85.96354
2022-01-16 10:13:12.508564,83.69946,84.184,85.96354
2022-01-16 10:13:13.006788,84.62773,85.0085,85.64968
2022-01-16 10:13:13.503902,83.59549,84.28675,85.64968
2022-01-16 10:13:14.001892,84.42104,84.54425,85.88531
2022-01-16 10:13:14.505489,83.85417,84.28675,85.88531
2022-01-16 10:13:15.003435,84.00888,84.54425,84.90322
2022-01-16 10:13:15.506637,84.00888,84.28675,84.90322
2022-01-16 10:13:16.006030,84.11161,84.751,86.67041
2022-01-16 10:13:16.510604,84.11161,84.28675,86.67041
2022-01-16 10:13:17.008769,83.90492,84.54425,86.04176
2022-01-16 10:13:17.502544,84.26632,84.64825,86.04176
2022-01-16 10:13:18.002301,84.21434,84.54425,86.00312
2022-01-16 10:13:18.506569,84.11161,84.3895,86.00312
2022-01-16 10:13:19.005529,84.1636,84.59625,86.3952
2022-01-16 10:13:19.510880,83.90492,84.54425,86.3952
2022-01-16 10:13:20.008696,84.1636,84.54425,85.80614
2022-01-16 10:13:20.504219,83.80219,84.3895,85.80614
2022-01-16 10:13:21.010964,84.52377,84.90575,85.21708
2022-01-16 10:13:21.505054,83.64747,84.28675,85.21708
2022-01-16 10:13:22.001975,84.42104,84.699,85.68833
2022-01-16 10:13:22.508922,84.26632,84.3895,85.68833
2022-01-16 10:13:23.006340,83.85417,84.4415,85.6101
2022-01-16 10:13:23.510387,84.05963,84.59625,85.6101
2022-01-16 10:13:24.010257,83.90492,84.54425,85.29625
2022-01-16 10:13:24.505213,84.05963,84.3895,85.29625
2022-01-16 10:13:25.004833,83.85417,84.699,86.08135
2022-01-16 10:13:25.510055,83.80219,84.184,86.08135
2022-01-16 10:13:26.008453,84.57575,84.64825,85.80614
2022-01-16 10:13:26.502502,84.05963,84.4415,85.80614
2022-01-16 10:13:27.002415,84.21434,84.64825,84.98145
2022-01-16 10:13:27.507140,83.7502,84.28675,84.98145
2022-01-16 10:13:28.005177,84.00888,84.4935,86.15958
2022-01-16 10:13:28.510872,83.85417,84.4935,86.15958
2022-01-16 10:13:29.010598,84.26632,84.54425,85.57051
2022-01-16 10:13:29.504596,83.9569,84.08,85.57051
2022-01-16 10:13:30.002410,83.85417,84.33875,85.09926
2022-01-16 10:13:30.506805,84.57575,84.85375,85.09926
2022-01-16 10:13:31.004710,83.64747,84.28675,85.49229
2022-01-16 10:13:31.502096,84.36905,84.751,85.49229
2022-01-16 10:13:32.001167,83.54475,84.184,86.23875
2022-01-16 10:13:32.505813,84.31831,84.64825,86.23875
2022-01-16 10:13:33.003602,84.05963,84.33875,85.02104
2022-01-16 10:13:33.508446,84.21434,84.4935,85.02104
2022-01-16 10:13:34.005663,83.85417,84.184,85.72791
2022-01-16 10:13:34.501371,84.36905,84.95775,85.72791
2022-01-16 10:13:35.009790,84.00888,84.4935,85.41406
2022-01-16 10:13:35.505571,83.69946,84.28675,85.41406
2022-01-16 10:13:36.004137,84.26632,84.64825,86.23875
2022-01-16 10:13:36.508516,83.59549,84.02925,86.23875
2022-01-16 10:13:37.006908,84.47302,85.0085,86.12093
2022-01-16 10:13:37.502196,84.21434,84.33875,86.12093
2022-01-16 10:13:38.002438,84.05963,84.64825,85.25666
2022-01-16 10:13:38.504072,84.11161,84.4415,85.25666
2022-01-16 10:13:39.002079,83.80219,84.33875,85.49229
2022-01-16 10:13:39.507616,84.67848,85.1125,85.49229
2022-01-16 10:13:40.007458,83.44078,83.92525,86.08135
2022-01-16 10:13:40.502691,84.26632,84.64825,86.08135
2022-01-16 10:13:41.011262,83.90492,84.02925,84.78541
2022-01-16 10:13:41.506137,84.26632,85.0085,84.78541
2022-01-16 10:13:42.004160,83.69946,83.8745,86.04176
2022-01-16 10:13:42.509205,83.44078,83.61575,86.04176
2022-01-16 10:13:43.009378,84.11161,84.28675,174.00906
2022-01-16 10:13:43.505138,84.1636,84.699,174.00906
2022-01-16 10:13:44.002784,84.21434,84.59625,232.7975
2022-01-16 10:13:44.510799,83.69946,83.71975,232.7975
2022-01-16 10:13:45.007553,84.42104,84.64825,194.11541
2022-01-16 10:13:45.502578,83.9569,84.184,194.11541
2022-01-16 10:13:46.009867,84.26632,84.95775,122.48541
2022-01-16 10:13:46.505143,83.90492,83.97725,122.48541
2022-01-16 10:13:47.003559,83.7502,84.184,90.48
2022-01-16 10:13:47.508950,84.26632,84.4935,90.48
2022-01-16 10:13:48.006260,83.9569,84.33875,96.64489
2022-01-16 10:13:48.501244,84.1636,84.4935,96.64489
2022-01-16 10:13:49.001146,83.9569,83.97725,90.63645
2022-01-16 10:13:49.506814,84.1636,84.59625,90.63645
2022-01-16 10:13:50.006944,84.00888,84.28675,86.47437
2022-01-16 10:13:50.501867,84.26632,84.803,86.47437
2022-01-16 10:13:51.010013,84.21434,84.59625,86.35656
2022-01-16 10:13:51.504978,83.69946,84.184,86.35656
2022-01-16 10:13:52.002721,84.1636,84.54425,85.88531
2022-01-16 10:13:52.509339,84.31831,84.3895,85.88531
2022-01-16 10:13:53.007738,84.05963,84.751,86.67041
2022-01-16 10:13:53.505746,84.1636,84.23475,86.67041
2022-01-16 10:13:54.002936,83.7502,84.33875,86.63083
2022-01-16 10:13:54.508007,84.11161,84.4935,86.63083
2022-01-16 10:13:55.006802,84.31831,84.85375,86.19916
2022-01-16 10:13:55.501638,83.90492,84.184,86.19916
2022-01-16 10:13:56.009097,84.21434,84.4415,85.68833
2022-01-16 10:13:56.504095,83.90492,84.4935,85.68833
2022-01-16 10:13:57.002253,84.00888,84.3895,85.72791
2022-01-16 10:13:57.507917,84.05963,84.59625,85.72791
2022-01-16 10:13:58.007116,84.00888,84.59625,85.41406
2022-01-16 10:13:58.501139,83.49276,84.08,85.41406
2022-01-16 10:13:59.009907,84.36905,84.4935,85.84572
2022-01-16 10:13:59.506382,84.47302,84.699,85.84572
2022-01-16 10:14:00.004668,84.26632,84.64825,85.53187
2022-01-16 10:14:00.506873,83.80219,84.28675,85.53187
2022-01-16 10:14:01.003725,83.85417,84.3895,86.47437
2022-01-16 10:14:01.508960,84.36905,85.0085,86.47437
2022-01-16 10:14:02.005891,83.85417,84.64825,86.08135
2022-01-16 10:14:02.510950,84.21434,84.64825,86.08135
2022-01-16 10:14:03.008766,83.80219,83.8745,85.68833
2022-01-16 10:14:03.503750,84.57575,85.0605,85.68833
2022-01-16 10:14:04.002294,84.11161,84.54425,85.37447
2022-01-16 10:14:04.507911,84.11161,84.64825,85.37447
2022-01-16 10:14:05.005474,83.64747,84.184,85.37447
2022-01-16 10:14:05.501606,83.80219,84.28675,85.37447
2022-01-16 10:14:06.002548,84.26632,84.90575,85.29625
2022-01-16 10:14:06.507843,83.59549,83.92525,85.29625
2022-01-16 10:14:07.006431,84.47302,84.751,85.92395
2022-01-16 10:14:07.501169,84.05963,84.184,85.92395
2022-01-16 10:14:08.010671,83.9569,84.4935,85.37447
2022-01-16 10:14:08.506090,84.31831,84.85375,85.37447
2022-01-16 10:14:09.003449,83.90492,84.4415,86.08135
2022-01-16 10:14:09.505409,83.90492,84.184,86.08135
2022-01-16 10:14:10.001805,83.7502,84.3895,86.71
2022-01-16 10:14:10.508298,84.31831,84.95775,86.71
2022-01-16 10:14:11.006831,83.90492,84.08,86.27739
2022-01-16 10:14:11.505306,84.31831,84.90575,86.27739
2022-01-16 10:14:12.004135,83.64747,83.97725,85.4527
2022-01-16 10:14:12.508407,84.36905,84.699,85.4527
2022-01-16 10:14:13.006488,84.1636,84.64825,86.5526
2022-01-16 10:14:13.511187,83.7502,84.33875,86.5526
2022-01-16 10:14:14.008711,83.90492,84.28675,85.57051
2022-01-16 10:14:14.505176,84.36905,84.4935,85.57051
2022-01-16 10:14:15.004610,84.26632,84.64825,85.4527
2022-01-16 10:14:15.509761,84.05963,84.3895,85.4527
2022-01-16 10:14:16.007422,84.11161,84.699,85.29625
2022-01-16 10:14:16.503705,84.00888,84.23475,85.29625
2022-01-16 10:14:17.001595,83.85417,84.3895,85.21708
2022-01-16 10:14:17.506431,83.90492,84.54425,85.21708
2022-01-16 10:14:18.010903,84.21434,84.3895,86.27739
2022-01-16 10:14:18.507093,84.05963,84.3895,86.27739
2022-01-16 10:14:19.004119,84.21434,84.4415,85.88531
2022-01-16 10:14:19.501150,83.90492,84.3895,85.88531
2022-01-16 10:14:20.008085,84.21434,84.54425,85.7675
2022-01-16 10:14:20.504433,83.90492,84.3895,85.7675
2022-01-16 10:14:21.002940,83.80219,84.33875,86.12093
2022-01-16 10:14:21.507220,84.00888,84.64825,86.12093
2022-01-16 10:14:22.005627,84.1636,84.4415,85.53187
2022-01-16 10:14:23.005555,83.90492,84.4415,86.23875
2022-01-16 10:14:23.510808,83.85417,84.28675,86.23875
2022-01-16 10:14:24.008606,84.42104,84.85375,85.25666
2022-01-16 10:14:24.503649,84.05963,84.4415,85.25666
2022-01-16 10:14:25.003051,83.64747,84.33875,85.7675
2022-01-16 10:14:25.501125,84.21434,84.699,85.7675
2022-01-16 10:14:26.009481,84.57575,84.59625,85.4527
2022-01-16 10:14:26.503390,84.05963,84.4935,85.4527
2022-01-16 10:14:27.002097,84.21434,84.699,86.3952
2022-01-16 10:14:27.508712,83.54475,83.8745,86.3952
2022-01-16 10:14:28.007418,84.62773,85.0605,85.37447
2022-01-16 10:14:28.501139,83.7502,84.4415,85.37447
2022-01-16 10:14:29.009656,84.57575,84.85375,86.00312
2022-01-16 10:14:29.505094,83.80219,83.92525,86.00312
2022-01-16 10:14:30.004721,84.31831,84.699,85.57051
2022-01-16 10:14:30.508666,84.11161,84.64825,85.57051
2022-01-16 10:14:31.006222,84.21434,84.64825,85.53187
2022-01-16 10:14:31.510954,84.11161,84.54425,85.53187
2022-01-16 10:14:32.008107,83.69946,84.3895,85.6101
2022-01-16 10:14:32.504462,84.52377,84.95775,85.6101
2022-01-16 10:14:33.001102,84.1636,84.33875,85.57051
2022-01-16 10:14:33.506498,84.31831,84.803,85.57051
2022-01-16 10:14:34.004866,83.9569,84.33875,85.13885
2022-01-16 10:14:34.501560,84.05963,84.4935,85.13885
2022-01-16 10:14:35.009918,84.21434,84.699,85.72791
2022-01-16 10:14:35.503722,83.49276,84.23475,85.72791
2022-01-16 10:14:36.002301,84.47302,84.95775,85.37447
2022-01-16 10:14:36.508172,84.11161,84.23475,85.37447
2022-01-16 10:14:37.005890,84.26632,84.54425,86.31697
2022-01-16 10:14:37.511150,84.00888,84.4415,86.31697
2022-01-16 10:14:38.008820,84.11161,84.54425,85.84572
2022-01-16 10:14:38.503381,84.00888,84.3895,85.84572
2022-01-16 10:14:39.002996,84.05963,84.64825,86.19916
2022-01-16 10:14:39.507224,84.11161,84.54425,86.19916
2022-01-16 10:14:40.005638,83.90492,84.28675,85.6101
2022-01-16 10:14:40.510827,84.52377,84.64825,85.6101
2022-01-16 10:14:41.009601,84.42104,84.64825,85.7675
2022-01-16 10:14:41.504392,84.00888,84.59625,85.7675
2022-01-16 10:14:42.001927,84.00888,84.3895,85.92395
2022-01-16 10:14:42.507332,84.11161,84.54425,85.92395
2022-01-16 10:14:43.005740,84.05963,84.699,85.72791
2022-01-16 10:14:43.509768,83.90492,84.59625,85.72791
2022-01-16 10:14:44.008522,84.05963,84.3895,86.04176
2022-01-16 10:14:44.503976,84.36905,84.4415,86.04176
2022-01-16 10:14:45.001461,84.05963,84.28675,86.04176
2022-01-16 10:14:45.505940,84.31831,84.90575,86.04176
2022-01-16 10:14:46.004678,83.69946,84.132,86.51301
2022-01-16 10:14:46.508934,84.42104,84.751,86.51301
2022-01-16 10:14:47.007388,83.64747,84.3895,85.53187
2022-01-16 10:14:47.503555,83.9569,84.23475,85.53187
2022-01-16 10:14:48.001037,84.52377,84.85375,84.825
2022-01-16 10:14:48.506314,84.00888,84.33875,84.825
2022-01-16 10:14:49.004597,84.26632,84.4935,86.08135
2022-01-16 10:14:49.509777,83.59549,84.184,86.08135
2022-01-16 10:14:50.008063,84.05963,84.59625,85.64968
2022-01-16 10:14:50.503351,83.64747,84.28675,85.64968
2022-01-16 10:14:51.001086,84.31831,84.59625,85.72791
2022-01-16 10:14:51.504888,83.80219,84.132,85.72791
2022-01-16 10:14:52.003513,84.26632,84.54425,85.7675
2022-01-16 10:14:52.509803,84.52377,84.90575,85.7675
2022-01-16 10:14:53.008584,83.85417,84.28675,86.5526
2022-01-16 10:14:53.503755,84.36905,84.85375,86.5526
2022-01-16 10:14:54.002295,83.33805,83.97725,85.21708
2022-01-16 10:14:54.508421,84.52377,84.95775,85.21708
2022-01-16 10:14:55.006827,83.69946,84.23475,86.08135
2022-01-16 10:14:56.004904,84.00888,84.23475,85.06062
2022-01-16 10:14:56.509686,84.31831,84.90575,85.06062
2022-01-16 10:14:57.007509,84.36905,84.751,86.19916
2022-01-16 10:14:57.501612,83.7502,84.23475,86.19916
2022-01-16 10:14:58.010396,84.62773,84.95775,85.6101
2022-01-16 10:14:58.504741,83.08061,83.66775,85.6101
2022-01-16 10:14:59.003052,84.52377,84.95775,85.6101
2022-01-16 10:14:59.510641,84.11161,84.4415,85.6101
2022-01-16 10:15:00.008495,83.9569,83.97725,85.53187
2022-01-16 10:15:00.501773,84.36905,84.751,85.53187
2022-01-16 10:15:01.001111,83.85417,84.28675,85.29625
2022-01-16 10:15:01.506202,84.31831,84.803,85.29625
2022-01-16 10:15:02.005749,83.59549,84.3895,86.35656
2022-01-16 10:15:02.501388,84.05963,84.28675,86.35656
2022-01-16 10:15:03.010188,84.21434,84.3895,86.00312
2022-01-16 10:15:03.505365,84.42104,85.0085,86.00312
2022-01-16 10:15:04.002915,84.05963,84.3895,85.41406
2022-01-16 10:15:04.507724,83.9569,84.28675,85.41406
2022-01-16 10:15:05.005107,84.1636,84.4935,86.00312
2022-01-16 10:15:05.501241,83.69946,84.4935,86.00312
2022-01-16 10:15:06.009639,84.36905,84.90575,86.31697
2022-01-16 10:15:06.504916,83.80219,84.08,86.31697
2022-01-16 10:15:07.002974,84.26632,84.699,86.90604
2022-01-16 10:15:07.508217,84.31831,84.699,86.90604
2022-01-16 10:15:08.006610,83.9569,84.54425,85.80614
2022-01-16 10:15:08.501025,84.26632,84.64825,85.80614
2022-01-16 10:15:09.008177,83.80219,84.28675,85.4527
2022-01-16 10:15:09.504831,84.21434,84.4935,85.4527
2022-01-16 10:15:10.002450,84.1636,84.699,86.00312
2022-01-16 10:15:10.506784,83.9569,84.184,86.00312
2022-01-16 10:15:11.004383,84.26632,84.54425,86.35656
2022-01-16 10:15:11.507854,84.00888,84.54425,86.35656
2022-01-16 10:15:12.005736,84.26632,84.751,85.6101
2022-01-16 10:15:12.510126,83.85417,84.33875,85.6101
2022-01-16 10:15:13.006764,84.47302,84.85375,85.33489
2022-01-16 10:15:13.504568,83.90492,84.33875,85.33489
2022-01-16 10:15:14.002809,84.21434,84.33875,86.00312
2022-01-16 10:15:14.507799,84.62773,85.0085,86.00312
2022-01-16 10:15:15.006297,83.64747,84.08,86.35656
2022-01-16 10:15:15.510695,84.36905,84.751,86.35656
2022-01-16 10:15:16.008991,83.80219,84.23475,85.6101
2022-01-16 10:15:16.503819,84.42104,84.803,85.6101
2022-01-16 10:15:17.001595,83.90492,84.64825,85.80614
2022-01-16 10:15:17.506460,84.31831,84.4935,85.80614
2022-01-16 10:15:18.006614,84.36905,84.4415,85.84572
2022-01-16 10:15:18.502132,84.00888,84.3895,85.84572
2022-01-16 10:15:19.001602,84.11161,84.699,85.80614
2022-01-16 10:15:19.506366,83.7502,84.132,85.80614
2022-01-16 10:15:20.003458,84.52377,84.85375,85.6101
2022-01-16 10:15:20.507979,83.18334,83.97725,85.6101
2022-01-16 10:15:21.006217,84.52377,84.751,85.33489
2022-01-16 10:15:21.511049,84.1636,84.4415,85.33489
2022-01-16 10:15:22.009485,84.31831,84.751,85.25666
2022-01-16 10:15:22.507378,84.26632,84.751,85.25666
2022-01-16 10:15:23.004818,83.23532,83.8225,85.7675
2022-01-16 10:15:23.501234,84.62773,85.0085,85.7675
2022-01-16 10:15:24.010648,83.85417,84.3895,85.80614
2022-01-16 10:15:24.506765,84.31831,84.54425,85.80614
2022-01-16 10:15:25.005481,83.64747,83.97725,85.37447
2022-01-16 10:15:25.510977,84.21434,84.3895,85.37447
2022-01-16 10:15:26.009144,84.52377,84.90575,86.59218
2022-01-16 10:15:26.504007,83.85417,84.3895,86.59218
2022-01-16 10:15:27.005898,83.9569,84.28675,85.29625
2022-01-16 10:15:27.511055,83.69946,84.28675,85.29625
2022-01-16 10:15:28.008272,84.31831,84.59625,85.41406
2022-01-16 10:15:28.503989,83.80219,84.33875,85.41406
2022-01-16 10:15:29.001495,84.47302,84.64825,85.7675
2022-01-16 10:15:29.507014,83.69946,83.92525,85.7675
2022-01-16 10:15:30.005033,84.36905,84.85375,86.15958
2022-01-16 10:15:30.509817,83.9569,84.4415,86.15958
2022-01-16 10:15:31.007284,83.59549,84.08,86.12093
2022-01-16 10:15:31.502052,84.31831,84.803,86.12093
2022-01-16 10:15:32.504833,84.36905,84.699,85.68833
2022-01-16 10:15:33.002130,84.1636,84.4935,85.84572
2022-01-16 10:15:33.506877,84.11161,84.59625,85.84572
2022-01-16 10:15:34.005274,84.42104,84.64825,85.53187
2022-01-16 10:15:34.510532,84.21434,84.751,85.53187
2022-01-16 10:15:35.008650,83.9569,84.33875,86.15958
2022-01-16 10:15:35.502412,83.7502,84.59625,86.15958
2022-01-16 10:15:36.010835,84.00888,84.33875,85.96354
2022-01-16 10:15:36.509540,84.36905,84.699,85.96354
2022-01-16 10:15:37.009176,84.11161,84.699,85.68833
2022-01-16 10:15:37.504437,84.42104,84.699,85.68833
2022-01-16 10:15:38.002264,83.80219,84.184,85.72791
2022-01-16 10:15:38.506352,84.57575,84.751,85.72791
2022-01-16 10:15:39.004802,83.54475,84.184,85.33489
2022-01-16 10:15:39.509629,84.00888,84.23475,85.33489
2022-01-16 10:15:40.006801,84.21434,84.59625,85.4527
2022-01-16 10:15:40.501190,83.85417,84.23475,85.4527
2022-01-16 10:15:41.010482,84.42104,84.699,85.06062
2022-01-16 10:15:41.505746,83.90492,84.4935,85.06062
2022-01-16 10:15:42.004500,84.31831,84.699,85.57051
2022-01-16 10:15:42.508909,84.1636,84.699,85.57051
2022-01-16 10:15:43.005898,84.1636,84.54425,85.53187
2022-01-16 10:15:43.501081,83.44078,84.23475,85.53187
2022-01-16 10:15:44.009077,84.57575,84.751,85.29625
2022-01-16 10:15:44.504700,84.21434,84.3895,85.29625
2022-01-16 10:15:45.001827,83.85417,84.28675,85.80614
2022-01-16 10:15:45.508043,84.31831,84.803,85.80614
2022-01-16 10:15:46.004600,83.39003,83.97725,85.68833
2022-01-16 10:15:46.509437,84.83319,85.1125,85.68833
2022-01-16 10:15:47.007519,83.64747,84.3895,85.53187
2022-01-16 10:15:47.504068,84.00888,84.4415,85.53187
2022-01-16 10:15:48.001667,84.47302,84.699,84.94281
2022-01-16 10:15:48.506686,83.7502,84.132,84.94281
2022-01-16 10:15:49.003552,84.36905,84.59625,85.68833
2022-01-16 10:15:49.509907,83.7502,84.3895,85.68833
2022-01-16 10:15:50.007382,84.1636,84.4935,86.51301
2022-01-16 10:15:50.501735,83.69946,84.54425,86.51301
2022-01-16 10:15:51.011145,84.36905,84.85375,86.15958
2022-01-16 10:15:51.506054,83.85417,83.97725,86.15958
2022-01-16 10:15:52.002804,84.42104,84.59625,85.37447
