時間,回転１,回転２,回転３
2022-01-16 16:00:00.005000,0.0,0.0,0.0
2022-01-16 16:00:00.501920,0.0,0.0,0.0
2022-01-16 16:00:01.010296,0.0,0.0,0.0
2022-01-16 16:00:01.502668,0.0,0.0,0.0
2022-01-16 16:00:02.001291,0.0,0.0,0.0
2022-01-16 16:00:02.509479,0.0,0.0,0.0
2022-01-16 16:00:03.009411,0.0,0.0,0.0
2022-01-16 16:00:03.504110,0.0,0.0,0.0
2022-01-16 16:00:04.002465,0.0,0.0,0.0
2022-01-16 16:00:04.509589,0.0,0.0,0.0
2022-01-16 16:00:05.006759,0.0,0.0,0.0
2022-01-16 16:00:05.502375,0.0,0.0,0.0
2022-01-16 16:00:06.005948,0.0,0.0,0.0
2022-01-16 16:00:06.501204,0.0,0.0,0.0
2022-01-16 16:00:07.001143,0.0,0.0,0.0
2022-01-16 16:00:07.506439,0.0,0.0,0.0
2022-01-16 16:00:08.008064,0.0,0.0,0.0
2022-01-16 16:00:08.503994,0.0,0.0,0.0
2022-01-16 16:00:09.001411,0.0,0.0,0.0
2022-01-16 16:00:09.507295,0.0,0.0,0.0
2022-01-16 16:00:10.004554,0.0,0.0,0.0
2022-01-16 16:00:10.509181,0.0,0.0,0.0
2022-01-16 16:00:11.006575,0.0,0.0,0.0
2022-01-16 16:00:11.502517,0.0,0.0,0.0
2022-01-16 16:00:12.010615,0.0,0.0,0.0
2022-01-16 16:00:12.505421,0.0,0.0,0.0
2022-01-16 16:00:13.003368,0.0,0.0,0.0
2022-01-16 16:00:13.507766,0.0,0.0,0.0
2022-01-16 16:00:14.006333,0.0,0.0,0.0
2022-01-16 16:00:14.510661,0.0,0.0,0.0
2022-01-16 16:00:15.008584,0.0,0.0,0.0
2022-01-16 16:00:15.504112,0.0,0.0,0.0
2022-01-16 16:00:16.001579,0.0,0.0,0.0
2022-01-16 16:00:16.506427,0.0,0.0,0.0
2022-01-16 16:00:17.005732,0.0,0.0,0.0
2022-01-16 16:00:17.510716,0.0,0.0,0.0
2022-01-16 16:00:18.008383,0.0,0.0,0.0
2022-01-16 16:00:18.502914,0.0,0.0,0.0
2022-01-16 16:00:19.002186,0.0,0.0,0.0
2022-01-16 16:00:19.508239,0.0,0.0,0.0
2022-01-16 16:00:20.006518,0.0,0.0,0.0
2022-01-16 16:00:20.510938,0.0,0.0,0.0
2022-01-16 16:00:21.009238,0.0,0.0,0.0
2022-01-16 16:00:21.503812,0.0,0.0,0.0
2022-01-16 16:00:22.001351,0.0,0.0,0.0
2022-01-16 16:00:22.507432,0.0,0.0,0.0
2022-01-16 16:00:23.004943,0.0,0.0,0.0
2022-01-16 16:00:23.509860,0.0,0.0,0.0
2022-01-16 16:00:24.008549,0.0,0.0,0.0
2022-01-16 16:00:24.504049,0.0,0.0,0.0
2022-01-16 16:00:25.002305,0.0,0.0,0.0
2022-01-16 16:00:25.507340,0.0,0.0,0.0
2022-01-16 16:00:26.005187,0.0,0.0,0.0
2022-01-16 16:00:26.501075,0.0,0.0,0.0
2022-01-16 16:00:27.002253,0.0,0.0,0.0
2022-01-16 16:00:27.505931,0.0,0.0,0.0
2022-01-16 16:00:28.005374,0.0,0.0,0.0
2022-01-16 16:00:28.510844,0.0,0.0,0.0
2022-01-16 16:00:29.006408,0.0,0.0,0.0
2022-01-16 16:00:29.501330,0.0,0.0,0.0
2022-01-16 16:00:30.010620,0.0,0.0,0.0
2022-01-16 16:00:30.505855,0.0,0.0,0.0
2022-01-16 16:00:31.004491,0.0,0.0,0.0
2022-01-16 16:00:31.510451,0.0,0.0,0.0
2022-01-16 16:00:32.007910,0.0,0.0,0.0
2022-01-16 16:00:32.504069,0.0,0.0,0.0
2022-01-16 16:00:33.002056,0.0,0.0,0.0
2022-01-16 16:00:33.507655,0.0,0.0,0.0
2022-01-16 16:00:34.001319,0.0,0.0,0.0
2022-01-16 16:00:34.507859,0.0,0.0,0.0
2022-01-16 16:00:35.006366,0.0,0.0,0.0
2022-01-16 16:00:35.510893,0.0,0.0,0.0
2022-01-16 16:00:36.008659,0.0,0.0,0.0
2022-01-16 16:00:36.502945,0.0,0.0,0.0
2022-01-16 16:00:37.011174,0.0,0.0,0.0
2022-01-16 16:00:37.507914,0.0,0.0,0.0
2022-01-16 16:00:38.005904,0.0,0.0,0.0
2022-01-16 16:00:38.510715,0.0,0.0,0.0
2022-01-16 16:00:39.010891,0.0,0.0,0.0
2022-01-16 16:00:39.504387,0.0,0.0,0.0
2022-01-16 16:00:40.002287,0.0,0.0,0.0
2022-01-16 16:00:40.509062,0.0,0.0,0.0
2022-01-16 16:00:41.008723,0.0,0.0,0.0
2022-01-16 16:00:41.504569,0.0,0.0,0.0
2022-01-16 16:00:42.002147,0.0,0.0,0.0
2022-01-16 16:00:42.507023,0.0,0.0,0.0
2022-01-16 16:00:43.005188,0.0,0.0,0.0
2022-01-16 16:00:43.510946,0.0,0.0,0.0
2022-01-16 16:00:44.008940,0.0,0.0,0.0
2022-01-16 16:00:44.503828,0.0,0.0,0.0
2022-01-16 16:00:45.001168,0.0,0.0,0.0
2022-01-16 16:00:45.505817,0.0,0.0,0.0
2022-01-16 16:00:46.003620,0.0,0.0,0.0
2022-01-16 16:00:46.510923,0.0,0.0,0.0
2022-01-16 16:00:47.008657,0.0,0.0,0.0
2022-01-16 16:00:47.502884,0.0,0.0,0.0
2022-01-16 16:00:48.010442,0.0,0.0,0.0
2022-01-16 16:00:48.505273,0.0,0.0,0.0
2022-01-16 16:00:49.003568,0.0,0.0,0.0
2022-01-16 16:00:49.509194,0.0,0.0,0.0
2022-01-16 16:00:50.006328,0.0,0.0,0.0
2022-01-16 16:00:50.503544,0.0,0.0,0.0
2022-01-16 16:00:51.003226,0.0,0.0,0.0
2022-01-16 16:00:51.508456,0.0,0.0,0.0
2022-01-16 16:00:52.005363,0.0,0.0,0.0
2022-01-16 16:00:52.510453,0.0,0.0,0.0
2022-01-16 16:00:53.009025,0.0,0.0,0.0
2022-01-16 16:00:53.504806,0.0,0.0,0.0
2022-01-16 16:00:54.002871,0.0,0.0,0.0
2022-01-16 16:00:54.508037,0.0,0.0,0.0
2022-01-16 16:00:55.006790,0.0,0.0,0.0
2022-01-16 16:00:55.501207,0.0,0.0,0.0
2022-01-16 16:00:56.009977,0.0,0.0,0.0
2022-01-16 16:00:56.503989,0.0,0.0,0.0
2022-01-16 16:00:57.001346,0.0,0.0,0.0
2022-01-16 16:00:57.506111,0.0,0.0,0.0
2022-01-16 16:00:58.004734,0.0,0.0,0.0
2022-01-16 16:00:58.509477,0.0,0.0,0.0
2022-01-16 16:00:59.006688,0.0,0.0,0.0
2022-01-16 16:00:59.501588,0.0,0.0,0.0
2022-01-16 16:01:00.009106,0.0,0.0,0.0
2022-01-16 16:01:00.506184,0.0,0.0,0.0
2022-01-16 16:01:01.003898,0.0,0.0,0.0
2022-01-16 16:01:01.508617,0.0,0.0,0.0
2022-01-16 16:01:02.006272,0.0,0.0,0.0
2022-01-16 16:01:02.501425,0.0,0.0,0.0
2022-01-16 16:01:03.009003,0.0,0.0,0.0
2022-01-16 16:01:03.505003,0.0,0.0,0.0
2022-01-16 16:01:04.002275,0.0,0.0,0.0
2022-01-16 16:01:04.506775,0.0,0.0,0.0
2022-01-16 16:01:05.004776,0.0,0.0,0.0
2022-01-16 16:01:05.510923,0.0,0.0,0.0
2022-01-16 16:01:06.009855,0.0,0.0,0.0
2022-01-16 16:01:06.503824,0.0,0.0,0.0
2022-01-16 16:01:07.001242,0.0,0.0,0.0
2022-01-16 16:01:07.509254,0.0,0.0,0.0
2022-01-16 16:01:08.008362,0.0,0.0,0.0
2022-01-16 16:01:08.502189,0.0,0.0,0.0
2022-01-16 16:01:09.001055,0.0,0.0,0.0
2022-01-16 16:01:09.505962,0.0,0.0,0.0
2022-01-16 16:01:10.005613,0.0,0.0,0.0
2022-01-16 16:01:10.511102,0.0,0.0,0.0
2022-01-16 16:01:11.008850,0.0,0.0,0.0
2022-01-16 16:01:11.503597,0.0,0.0,0.0
2022-01-16 16:01:12.002788,0.0,0.0,0.0
2022-01-16 16:01:12.506938,0.0,0.0,0.0
2022-01-16 16:01:13.004796,0.0,0.0,0.0
2022-01-16 16:01:13.508991,0.0,0.0,0.0
2022-01-16 16:01:14.005057,0.0,0.0,0.0
2022-01-16 16:01:14.510601,0.0,0.0,0.0
2022-01-16 16:01:15.007588,0.0,0.0,0.0
2022-01-16 16:01:15.501282,0.0,0.0,0.0
2022-01-16 16:01:16.010548,0.0,0.0,0.0
2022-01-16 16:01:16.506812,0.0,0.0,0.0
2022-01-16 16:01:17.005310,0.0,0.0,0.0
2022-01-16 16:01:17.510972,0.0,0.0,0.0
2022-01-16 16:01:18.009247,0.0,0.0,0.0
2022-01-16 16:01:18.503998,0.0,0.0,0.0
2022-01-16 16:01:19.001139,0.0,0.0,0.0
2022-01-16 16:01:19.507407,0.0,0.0,0.0
2022-01-16 16:01:20.004311,0.0,0.0,0.0
2022-01-16 16:01:20.509317,0.0,0.0,0.0
2022-01-16 16:01:21.007710,0.0,0.0,0.0
2022-01-16 16:01:21.501767,0.0,0.0,0.0
2022-01-16 16:01:22.504864,0.0,0.0,0.0
2022-01-16 16:01:23.002282,0.0,0.0,0.0
2022-01-16 16:01:23.508752,0.0,0.0,0.0
2022-01-16 16:01:24.006668,0.0,0.0,0.0
2022-01-16 16:01:24.511143,0.0,0.0,0.0
2022-01-16 16:01:25.009509,0.0,0.0,0.0
2022-01-16 16:01:25.504270,0.0,0.0,0.0
2022-01-16 16:01:26.002148,0.0,0.0,0.0
2022-01-16 16:01:26.507787,0.0,0.0,0.0
2022-01-16 16:01:27.006421,0.0,0.0,0.0
2022-01-16 16:01:27.502792,0.0,0.0,0.0
2022-01-16 16:01:28.010659,0.0,0.0,0.0
2022-01-16 16:01:28.504382,0.0,0.0,0.0
2022-01-16 16:01:29.002264,0.0,0.0,0.0
2022-01-16 16:01:29.506322,0.0,0.0,0.0
2022-01-16 16:01:30.004485,0.0,0.0,0.0
2022-01-16 16:01:30.510798,0.0,0.0,0.0
2022-01-16 16:01:31.009088,0.0,0.0,0.0
2022-01-16 16:01:31.504170,0.0,0.0,0.0
2022-01-16 16:01:32.001862,0.0,0.0,0.0
2022-01-16 16:01:32.506855,0.0,0.0,0.0
2022-01-16 16:01:33.005740,0.0,0.0,0.0
2022-01-16 16:01:33.509754,0.0,0.0,0.0
2022-01-16 16:01:34.007416,0.0,0.0,0.0
2022-01-16 16:01:34.502270,0.0,0.0,0.0
2022-01-16 16:01:35.010303,0.0,0.0,0.0
2022-01-16 16:01:35.505618,0.0,0.0,0.0
2022-01-16 16:01:36.004097,0.0,0.0,0.0
2022-01-16 16:01:36.508523,0.0,0.0,0.0
2022-01-16 16:01:37.006766,0.0,0.0,0.0
2022-01-16 16:01:37.501732,0.0,0.0,0.0
2022-01-16 16:01:38.009874,0.0,0.0,0.0
2022-01-16 16:01:38.504307,0.0,0.0,0.0
2022-01-16 16:01:39.003860,0.0,0.0,0.0
2022-01-16 16:01:39.510245,0.0,0.0,0.0
2022-01-16 16:01:40.008564,0.0,0.0,0.0
2022-01-16 16:01:40.502638,0.0,0.0,0.0
2022-01-16 16:01:41.001940,0.0,0.0,0.0
2022-01-16 16:01:41.507836,0.0,0.0,0.0
2022-01-16 16:01:42.007411,0.0,0.0,0.0
2022-01-16 16:01:42.502171,0.0,0.0,0.0
2022-01-16 16:01:43.009549,0.0,0.0,0.0
2022-01-16 16:01:43.505995,0.0,0.0,0.0
2022-01-16 16:01:44.003316,0.0,0.0,0.0
2022-01-16 16:01:44.509161,0.0,0.0,0.0
2022-01-16 16:01:45.010560,0.0,0.0,0.0
2022-01-16 16:01:45.505769,0.0,0.0,0.0
2022-01-16 16:01:46.004558,0.0,0.0,0.0
2022-01-16 16:01:46.509728,0.0,0.0,0.0
2022-01-16 16:01:47.008807,0.0,0.0,0.0
2022-01-16 16:01:47.502759,0.0,0.0,0.0
2022-01-16 16:01:48.002143,0.0,0.0,0.0
2022-01-16 16:01:48.506272,0.0,0.0,0.0
2022-01-16 16:01:49.003887,0.0,0.0,0.0
2022-01-16 16:01:49.509472,0.0,0.0,0.0
2022-01-16 16:01:50.006292,0.0,0.0,0.0
2022-01-16 16:01:50.502052,0.0,0.0,0.0
2022-01-16 16:01:51.010681,0.0,0.0,0.0
2022-01-16 16:01:51.504710,0.0,0.0,0.0
2022-01-16 16:01:52.001266,0.0,0.0,0.0
2022-01-16 16:01:52.508127,0.0,0.0,0.0
2022-01-16 16:01:53.006235,0.0,0.0,0.0
2022-01-16 16:01:53.510936,0.0,0.0,0.0
2022-01-16 16:01:54.008207,0.0,0.0,0.0
2022-01-16 16:01:54.504638,0.0,0.0,0.0
2022-01-16 16:01:55.001655,0.0,0.0,0.0
2022-01-16 16:01:55.505051,0.0,0.0,0.0
2022-01-16 16:01:56.002658,0.0,0.0,0.0
2022-01-16 16:01:56.508019,0.0,0.0,0.0
2022-01-16 16:01:57.006767,0.0,0.0,0.0
2022-01-16 16:01:57.502943,0.0,0.0,0.0
2022-01-16 16:01:58.011119,0.0,0.0,0.0
2022-01-16 16:01:58.506759,0.0,0.0,0.0
2022-01-16 16:01:59.004852,0.0,0.0,0.0
2022-01-16 16:01:59.510498,0.0,0.0,0.0
2022-01-16 16:02:00.008576,0.0,0.0,0.0
2022-01-16 16:02:00.501712,0.0,0.0,0.0
2022-01-16 16:02:01.010304,0.0,0.0,0.0
2022-01-16 16:02:01.505833,0.0,0.0,0.0
2022-01-16 16:02:02.004800,0.0,0.0,0.0
2022-01-16 16:02:02.508530,0.0,0.0,0.0
2022-01-16 16:02:03.005167,0.0,0.0,0.0
2022-01-16 16:02:03.510776,0.0,0.0,0.0
2022-01-16 16:02:04.008690,0.0,0.0,0.0
2022-01-16 16:02:04.503766,0.0,0.0,0.0
2022-01-16 16:02:05.001585,0.0,0.0,0.0
2022-01-16 16:02:06.005138,0.0,0.0,0.0
2022-01-16 16:02:06.509749,0.0,0.0,0.0
2022-01-16 16:02:07.007756,0.0,0.0,0.0
2022-01-16 16:02:07.502444,0.0,0.0,0.0
2022-01-16 16:02:08.009985,0.0,0.0,0.0
2022-01-16 16:02:08.505246,0.0,0.0,0.0
2022-01-16 16:02:09.002689,0.0,0.0,0.0
2022-01-16 16:02:09.508190,0.0,0.0,0.0
2022-01-16 16:02:10.007336,0.0,0.0,0.0
2022-01-16 16:02:10.502983,0.0,0.0,0.0
2022-01-16 16:02:11.001228,0.0,0.0,0.0
2022-01-16 16:02:11.505483,0.0,0.0,0.0
2022-01-16 16:02:12.002892,0.0,0.0,0.0
2022-01-16 16:02:12.508222,0.0,0.0,0.0
2022-01-16 16:02:13.005610,0.0,0.0,0.0
2022-01-16 16:02:13.510880,0.0,0.0,0.0
2022-01-16 16:02:14.008012,0.0,0.0,0.0
2022-01-16 16:02:14.504280,0.0,0.0,0.0
2022-01-16 16:02:15.002342,0.0,0.0,0.0
2022-01-16 16:02:15.507145,0.0,0.0,0.0
2022-01-16 16:02:16.004042,0.0,0.0,0.0
2022-01-16 16:02:16.509666,0.0,0.0,0.0
2022-01-16 16:02:17.007924,0.0,0.0,0.0
2022-01-16 16:02:17.502249,0.0,0.0,0.0
2022-01-16 16:02:18.010291,0.0,0.0,0.0
2022-01-16 16:02:18.505488,0.0,0.0,0.0
2022-01-16 16:02:19.004613,0.0,0.0,0.0
2022-01-16 16:02:19.509343,0.0,0.0,0.0
2022-01-16 16:02:20.008673,0.0,0.0,0.0
2022-01-16 16:02:20.501175,0.0,0.0,0.0
2022-01-16 16:02:21.008968,0.0,0.0,0.0
2022-01-16 16:02:21.503593,0.0,0.0,0.0
2022-01-16 16:02:22.010981,0.0,0.0,0.0
2022-01-16 16:02:22.505690,0.0,0.0,0.0
2022-01-16 16:02:23.004163,0.0,0.0,0.0
2022-01-16 16:02:23.510663,0.0,0.0,0.0
2022-01-16 16:02:24.009453,0.0,0.0,0.0
2022-01-16 16:02:24.505153,0.0,0.0,0.0
2022-01-16 16:02:25.004092,0.0,0.0,0.0
2022-01-16 16:02:25.509234,0.0,0.0,0.0
2022-01-16 16:02:26.007465,0.0,0.0,0.0
2022-01-16 16:02:26.502054,0.0,0.0,0.0
2022-01-16 16:02:27.010484,0.0,0.0,0.0
2022-01-16 16:02:27.507401,0.0,0.0,0.0
2022-01-16 16:02:28.006458,0.0,0.0,0.0
2022-01-16 16:02:28.501438,0.0,0.0,0.0
2022-01-16 16:02:29.010598,0.0,0.0,0.0
2022-01-16 16:02:29.506258,0.0,0.0,0.0
2022-01-16 16:02:30.005691,0.0,0.0,0.0
2022-01-16 16:02:30.510448,0.0,0.0,0.0
2022-01-16 16:02:31.009099,0.0,0.0,0.0
2022-01-16 16:02:31.504106,0.0,0.0,0.0
2022-01-16 16:02:32.001674,0.0,0.0,0.0
2022-01-16 16:02:32.509091,0.0,0.0,0.0
2022-01-16 16:02:33.006849,0.0,0.0,0.0
2022-01-16 16:02:33.503541,0.0,0.0,0.0
2022-01-16 16:02:34.001183,0.0,0.0,0.0
2022-01-16 16:02:34.506322,0.0,0.0,0.0
2022-01-16 16:02:35.005159,0.0,0.0,0.0
2022-01-16 16:02:35.508617,0.0,0.0,0.0
2022-01-16 16:02:36.007021,0.0,0.0,0.0
2022-01-16 16:02:36.502898,0.0,0.0,0.0
2022-01-16 16:02:37.002733,0.0,0.0,0.0
2022-01-16 16:02:37.507890,0.0,0.0,0.0
2022-01-16 16:02:38.006191,0.0,0.0,0.0
2022-01-16 16:02:38.511026,0.0,0.0,0.0
2022-01-16 16:02:39.009591,0.0,0.0,0.0
2022-01-16 16:02:39.505712,0.0,0.0,0.0
2022-01-16 16:02:40.004874,0.0,0.0,0.0
2022-01-16 16:02:40.509831,0.0,0.0,0.0
2022-01-16 16:02:41.008364,0.0,0.0,0.0
2022-01-16 16:02:41.505651,0.0,0.0,0.0
2022-01-16 16:02:42.004227,0.0,0.0,0.0
2022-01-16 16:02:42.510262,0.0,0.0,0.0
2022-01-16 16:02:43.008183,0.0,0.0,0.0
2022-01-16 16:02:43.502468,0.0,0.0,0.0
2022-01-16 16:02:44.010940,0.0,0.0,0.0
2022-01-16 16:02:44.505551,0.0,0.0,0.0
2022-01-16 16:02:45.004319,0.0,0.0,0.0
2022-01-16 16:02:45.508877,0.0,0.0,0.0
2022-01-16 16:02:46.008585,0.0,0.0,0.0
2022-01-16 16:02:46.503559,0.0,0.0,0.0
2022-01-16 16:02:47.001260,0.0,0.0,0.0
2022-01-16 16:02:47.506357,0.0,0.0,0.0
2022-01-16 16:02:48.004432,0.0,0.0,0.0
2022-01-16 16:02:48.510853,0.0,0.0,0.0
2022-01-16 16:02:49.009007,0.0,0.0,0.0
2022-01-16 16:02:49.504447,0.0,0.0,0.0
2022-01-16 16:02:50.002392,0.0,0.0,0.0
2022-01-16 16:02:50.508363,0.0,0.0,0.0
2022-01-16 16:02:51.005203,0.0,0.0,0.0
2022-01-16 16:02:51.510009,0.0,0.0,0.0
2022-01-16 16:02:52.007595,0.0,0.0,0.0
2022-01-16 16:02:52.501880,0.0,0.0,0.0
2022-01-16 16:02:53.011078,0.0,0.0,0.0
2022-01-16 16:02:53.505752,0.0,0.0,0.0
2022-01-16 16:02:54.005250,0.0,0.0,0.0
2022-01-16 16:02:54.509829,0.0,0.0,0.0
2022-01-16 16:02:55.007712,0.0,0.0,0.0
2022-01-16 16:02:55.503549,0.0,0.0,0.0
2022-01-16 16:02:56.001269,0.0,0.0,0.0
2022-01-16 16:02:56.506448,0.0,0.0,0.0
2022-01-16 16:02:57.004054,0.0,0.0,0.0
2022-01-16 16:02:57.508934,0.0,0.0,0.0
2022-01-16 16:02:58.006334,0.0,0.0,0.0
2022-01-16 16:02:58.501199,0.0,0.0,0.0
2022-01-16 16:02:59.009504,0.0,0.0,0.0
2022-01-16 16:02:59.504375,0.0,0.0,0.0
2022-01-16 16:03:00.003459,0.0,0.0,0.0
2022-01-16 16:03:00.508146,0.0,0.0,0.0
2022-01-16 16:03:01.005716,0.0,0.0,0.0
2022-01-16 16:03:01.502656,0.0,0.0,0.0
2022-01-16 16:03:02.001617,0.0,0.0,0.0
2022-01-16 16:03:02.505520,0.0,0.0,0.0
2022-01-16 16:03:03.003353,0.0,0.0,0.0
2022-01-16 16:03:03.510980,0.0,0.0,0.0
2022-01-16 16:03:04.009199,0.0,0.0,0.0
2022-01-16 16:03:04.503625,0.0,0.0,0.0
2022-01-16 16:03:05.001586,0.0,0.0,0.0
2022-01-16 16:03:05.507147,0.0,0.0,0.0
2022-01-16 16:03:06.005810,0.0,0.0,0.0
2022-01-16 16:03:06.501096,0.0,0.0,0.0
2022-01-16 16:03:07.009573,0.0,0.0,0.0
2022-01-16 16:03:07.504394,0.0,0.0,0.0
2022-01-16 16:03:08.001725,0.0,0.0,0.0
2022-01-16 16:03:08.506857,0.0,0.0,0.0
2022-01-16 16:03:09.008164,0.0,0.0,0.0
2022-01-16 16:03:09.500829,0.0,0.0,0.0
2022-01-16 16:03:10.008568,0.0,0.0,0.0
2022-01-16 16:03:10.502037,0.0,0.0,0.0
2022-01-16 16:03:11.001138,0.0,0.0,0.0
2022-01-16 16:03:11.505999,0.0,0.0,0.0
2022-01-16 16:03:12.003613,0.0,0.0,0.0
2022-01-16 16:03:12.510180,0.0,0.0,0.0
2022-01-16 16:03:13.008485,0.0,0.0,0.0
2022-01-16 16:03:13.504018,0.0,0.0,0.0
2022-01-16 16:03:14.001365,0.0,0.0,0.0
2022-01-16 16:03:14.505245,0.0,0.0,0.0
2022-01-16 16:03:15.003652,0.0,0.0,0.0
2022-01-16 16:03:15.509201,0.0,0.0,0.0
2022-01-16 16:03:16.006663,0.0,0.0,0.0
2022-01-16 16:03:16.501018,0.0,0.0,0.0
2022-01-16 16:03:17.009926,0.0,0.0,0.0
2022-01-16 16:03:17.505090,0.0,0.0,0.0
2022-01-16 16:03:18.001998,0.0,0.0,0.0
2022-01-16 16:03:18.507074,0.0,0.0,0.0
2022-01-16 16:03:19.004798,0.0,0.0,0.0
2022-01-16 16:03:19.510269,0.0,0.0,0.0
2022-01-16 16:03:20.009149,0.0,0.0,0.0
2022-01-16 16:03:20.503448,0.0,0.0,0.0
2022-01-16 16:03:21.001470,0.0,0.0,0.0
2022-01-16 16:03:21.508491,0.0,0.0,0.0
2022-01-16 16:03:22.006314,0.0,0.0,0.0
2022-01-16 16:03:22.501319,0.0,0.0,0.0
2022-01-16 16:03:23.009519,0.0,0.0,0.0
2022-01-16 16:03:23.504663,0.0,0.0,0.0
2022-01-16 16:03:24.002393,0.0,0.0,0.0
2022-01-16 16:03:24.508655,0.0,0.0,0.0
2022-01-16 16:03:25.006730,0.0,0.0,0.0
2022-01-16 16:03:25.502847,0.0,0.0,0.0
2022-01-16 16:03:26.504671,0.0,0.0,0.0
2022-01-16 16:03:27.004865,0.0,0.0,0.0
2022-01-16 16:03:27.501176,0.0,0.0,0.0
2022-01-16 16:03:28.009331,0.0,0.0,0.0
2022-01-16 16:03:28.503927,0.0,0.0,0.0
2022-01-16 16:03:29.001670,0.0,0.0,0.0
2022-01-16 16:03:29.501710,0.0,0.0,0.0
2022-01-16 16:03:30.009768,0.0,0.0,0.0
2022-01-16 16:03:30.506257,0.0,0.0,0.0
2022-01-16 16:03:31.005820,0.0,0.0,0.0
2022-01-16 16:03:31.504445,0.0,0.0,0.0
2022-01-16 16:03:32.002466,0.0,0.0,0.0
2022-01-16 16:03:32.508094,0.0,0.0,0.0
2022-01-16 16:03:33.006262,0.0,0.0,0.0
2022-01-16 16:03:33.501440,0.0,0.0,0.0
2022-01-16 16:03:34.011096,0.0,0.0,0.0
2022-01-16 16:03:34.506604,0.0,0.0,0.0
2022-01-16 16:03:35.004116,0.0,0.0,0.0
2022-01-16 16:03:35.509500,0.0,0.0,0.0
2022-01-16 16:03:36.008791,0.0,0.0,0.0
2022-01-16 16:03:36.505663,0.0,0.0,0.0
2022-01-16 16:03:37.003805,0.0,0.0,0.0
2022-01-16 16:03:37.508030,0.0,0.0,0.0
2022-01-16 16:03:38.010432,0.0,0.0,0.0
2022-01-16 16:03:38.504913,0.0,0.0,0.0
2022-01-16 16:03:39.004642,0.0,0.0,0.0
2022-01-16 16:03:40.005165,0.0,0.0,0.0
2022-01-16 16:03:40.501817,0.0,0.0,0.0
2022-01-16 16:03:41.008952,0.0,0.0,0.0
2022-01-16 16:03:41.507097,0.0,0.0,0.0
2022-01-16 16:03:42.005832,0.0,0.0,0.0
2022-01-16 16:03:42.509939,0.0,0.0,0.0
2022-01-16 16:03:43.009122,0.0,0.0,0.0
2022-01-16 16:03:43.505033,0.0,0.0,0.0
2022-01-16 16:03:44.002144,0.0,0.0,0.0
2022-01-16 16:03:44.509357,0.0,0.0,0.0
2022-01-16 16:03:45.006958,0.0,0.0,0.0
2022-01-16 16:03:45.502388,0.0,0.0,0.0
2022-01-16 16:03:46.001350,0.0,0.0,0.0
2022-01-16 16:03:46.505860,0.0,0.0,0.0
2022-01-16 16:03:47.003482,0.0,0.0,0.0
2022-01-16 16:03:47.508533,0.0,0.0,0.0
2022-01-16 16:03:48.006740,0.0,0.0,0.0
2022-01-16 16:03:48.501779,0.0,0.0,0.0
2022-01-16 16:03:49.010704,0.0,0.0,0.0
2022-01-16 16:03:49.508065,0.0,0.0,0.0
2022-01-16 16:03:50.005873,0.0,0.0,0.0
2022-01-16 16:03:51.004985,0.0,0.0,0.0
2022-01-16 16:03:51.508850,0.0,0.0,0.0
2022-01-16 16:03:52.006423,0.0,0.0,0.0
2022-01-16 16:03:52.501992,0.0,0.0,0.0
2022-01-16 16:03:53.004876,0.0,0.0,0.0
2022-01-16 16:03:53.502800,0.0,0.0,0.0
2022-01-16 16:03:54.004350,0.0,0.0,0.0
2022-01-16 16:03:54.510306,0.0,0.0,0.0
2022-01-16 16:03:55.009122,0.0,0.0,0.0
2022-01-16 16:03:55.504030,0.0,0.0,0.0
2022-01-16 16:03:56.001982,0.0,0.0,0.0
2022-01-16 16:03:56.506911,0.0,0.0,0.0
2022-01-16 16:03:57.004468,0.0,0.0,0.0
2022-01-16 16:03:57.502350,0.0,0.0,0.0
2022-01-16 16:03:58.010425,0.0,0.0,0.0
2022-01-16 16:03:58.506462,0.0,0.0,0.0
2022-01-16 16:03:59.004505,0.0,0.0,0.0
2022-01-16 16:03:59.509179,0.0,0.0,0.0
2022-01-16 16:04:00.006340,0.0,0.0,0.0
2022-01-16 16:04:00.510914,0.0,0.0,0.0
2022-01-16 16:04:01.010487,0.0,0.0,0.0
2022-01-16 16:04:01.505193,0.0,0.0,0.0
2022-01-16 16:04:02.002271,0.0,0.0,0.0
2022-01-16 16:04:02.507298,0.0,0.0,0.0
2022-01-16 16:04:03.005749,0.0,0.0,0.0
2022-01-16 16:04:03.510578,0.0,0.0,0.0
2022-01-16 16:04:04.008320,0.0,0.0,0.0
2022-01-16 16:04:04.501778,0.0,0.0,0.0
2022-01-16 16:04:05.009452,0.0,0.0,0.0
2022-01-16 16:04:05.504842,0.0,0.0,0.0
2022-01-16 16:04:06.002239,0.0,0.0,0.0
2022-01-16 16:04:06.507372,0.0,0.0,0.0
2022-01-16 16:04:07.006577,0.0,0.0,0.0
2022-01-16 16:04:08.005176,0.0,0.0,0.0
2022-01-16 16:04:08.510058,0.0,0.0,0.0
2022-01-16 16:04:09.009098,0.0,0.0,0.0
2022-01-16 16:04:09.502615,0.0,0.0,0.0
2022-01-16 16:04:10.010538,0.0,0.0,0.0
2022-01-16 16:04:10.504949,0.0,0.0,0.0
2022-01-16 16:04:11.002265,0.0,0.0,0.0
2022-01-16 16:04:11.507580,0.0,0.0,0.0
2022-01-16 16:04:12.001104,0.0,0.0,0.0
2022-01-16 16:04:12.506924,0.0,0.0,0.0
2022-01-16 16:04:13.004778,0.0,0.0,0.0
2022-01-16 16:04:13.509981,0.0,0.0,0.0
2022-01-16 16:04:14.009788,0.0,0.0,0.0
2022-01-16 16:04:14.504390,0.0,0.0,0.0
2022-01-16 16:04:15.001760,0.0,0.0,0.0
2022-01-16 16:04:15.507409,0.0,0.0,0.0
2022-01-16 16:04:16.007022,0.0,0.0,0.0
2022-01-16 16:04:16.502284,0.0,0.0,0.0
2022-01-16 16:04:17.011123,0.0,0.0,0.0
2022-01-16 16:04:17.505995,0.0,0.0,0.0
2022-01-16 16:04:18.003218,0.0,0.0,0.0
2022-01-16 16:04:18.509832,0.0,0.0,0.0
2022-01-16 16:04:19.008951,0.0,0.0,0.0
2022-01-16 16:04:19.503546,0.0,0.0,0.0
2022-01-16 16:04:20.001244,0.0,0.0,0.0
2022-01-16 16:04:20.506840,0.0,0.0,0.0
2022-01-16 16:04:21.005527,0.0,0.0,0.0
2022-01-16 16:04:21.510947,0.0,0.0,0.0
2022-01-16 16:04:22.008354,0.0,0.0,0.0
2022-01-16 16:04:22.503680,0.0,0.0,0.0
2022-01-16 16:04:23.010269,0.0,0.0,0.0
2022-01-16 16:04:23.505004,0.0,0.0,0.0
2022-01-16 16:04:24.003345,0.0,0.0,0.0
2022-01-16 16:04:24.508168,0.0,0.0,0.0
2022-01-16 16:04:25.007782,0.0,0.0,0.0
2022-01-16 16:04:25.504381,0.0,0.0,0.0
2022-01-16 16:04:26.002459,0.0,0.0,0.0
2022-01-16 16:04:26.508693,0.0,0.0,0.0
2022-01-16 16:04:27.006939,0.0,0.0,0.0
2022-01-16 16:04:27.503366,0.0,0.0,0.0
2022-01-16 16:04:28.001232,0.0,0.0,0.0
2022-01-16 16:04:28.505144,0.0,0.0,0.0
2022-01-16 16:04:29.002209,0.0,0.0,0.0
2022-01-16 16:04:29.509075,0.0,0.0,0.0
2022-01-16 16:04:30.004783,0.0,0.0,0.0
2022-01-16 16:04:30.508893,0.0,0.0,0.0
2022-01-16 16:04:31.008590,0.0,0.0,0.0
2022-01-16 16:04:31.503718,0.0,0.0,0.0
2022-01-16 16:04:32.001292,0.0,0.0,0.0
2022-01-16 16:04:32.506742,0.0,0.0,0.0
2022-01-16 16:04:33.005909,0.0,0.0,0.0
2022-01-16 16:04:33.510135,0.0,0.0,0.0
2022-01-16 16:04:34.009386,0.0,0.0,0.0
2022-01-16 16:04:34.506196,0.0,0.0,0.0
2022-01-16 16:04:35.002433,0.0,0.0,0.0
2022-01-16 16:04:35.507196,0.0,0.0,0.0
2022-01-16 16:04:36.005156,0.0,0.0,0.0
2022-01-16 16:04:36.509733,0.0,0.0,0.0
2022-01-16 16:04:37.007496,0.0,0.0,0.0
2022-01-16 16:04:37.501150,0.0,0.0,0.0
2022-01-16 16:04:38.009570,0.0,0.0,0.0
2022-01-16 16:04:38.504780,0.0,0.0,0.0
2022-01-16 16:04:39.002158,0.0,0.0,0.0
2022-01-16 16:04:39.507486,0.0,0.0,0.0
2022-01-16 16:04:40.005603,0.0,0.0,0.0
2022-01-16 16:04:40.501197,0.0,0.0,0.0
2022-01-16 16:04:41.010998,0.0,0.0,0.0
2022-01-16 16:04:41.505028,0.0,0.0,0.0
2022-01-16 16:04:42.001810,0.0,0.0,0.0
2022-01-16 16:04:42.508105,0.0,0.0,0.0
2022-01-16 16:04:43.006962,0.0,0.0,0.0
2022-01-16 16:04:43.501154,0.0,0.0,0.0
2022-01-16 16:04:44.008088,0.0,0.0,0.0
2022-01-16 16:04:44.502609,0.0,0.0,0.0
2022-01-16 16:04:45.009646,0.0,0.0,0.0
2022-01-16 16:04:45.505171,0.0,0.0,0.0
2022-01-16 16:04:46.004052,0.0,0.0,0.0
2022-01-16 16:04:46.509132,0.0,0.0,0.0
2022-01-16 16:04:47.006165,0.0,0.0,0.0
2022-01-16 16:04:47.510976,0.0,0.0,0.0
2022-01-16 16:04:48.009881,0.0,0.0,0.0
2022-01-16 16:04:48.505088,0.0,0.0,0.0
2022-01-16 16:04:49.002321,0.0,0.0,0.0
2022-01-16 16:04:49.507029,0.0,0.0,0.0
2022-01-16 16:04:50.005987,0.0,0.0,0.0
2022-01-16 16:04:50.501249,0.0,0.0,0.0
2022-01-16 16:04:51.009117,0.0,0.0,0.0
2022-01-16 16:04:51.502856,0.0,0.0,0.0
2022-01-16 16:04:52.001292,0.0,0.0,0.0
2022-01-16 16:04:52.502983,0.0,0.0,0.0
2022-01-16 16:04:53.010459,0.0,0.0,0.0
2022-01-16 16:04:53.504939,0.0,0.0,0.0
2022-01-16 16:04:54.001975,0.0,0.0,0.0
2022-01-16 16:04:54.508538,0.0,0.0,0.0
2022-01-16 16:04:55.005661,0.0,0.0,0.0
2022-01-16 16:04:55.501744,0.0,0.0,0.0
2022-01-16 16:04:56.010428,0.0,0.0,0.0
2022-01-16 16:04:56.506464,0.0,0.0,0.0
2022-01-16 16:04:57.006605,0.0,0.0,0.0
2022-01-16 16:04:57.501327,0.0,0.0,0.0
2022-01-16 16:04:58.009187,0.0,0.0,0.0
2022-01-16 16:04:58.504752,0.0,0.0,0.0
2022-01-16 16:04:59.002417,0.0,0.0,0.0
2022-01-16 16:04:59.507349,0.0,0.0,0.0
2022-01-16 16:05:00.004571,0.0,0.0,0.0
2022-01-16 16:05:00.509033,0.0,0.0,0.0
2022-01-16 16:05:01.007466,0.0,0.0,0.0
2022-01-16 16:05:01.502928,0.0,0.0,0.0
2022-01-16 16:05:02.002527,0.0,0.0,0.0
2022-01-16 16:05:02.508111,0.0,0.0,0.0
2022-01-16 16:05:03.005018,0.0,0.0,0.0
2022-01-16 16:05:03.509733,0.0,0.0,0.0
2022-01-16 16:05:04.007576,0.0,0.0,0.0
2022-01-16 16:05:04.503411,0.0,0.0,0.0
2022-01-16 16:05:05.002058,0.0,0.0,0.0
2022-01-16 16:05:05.507725,0.0,0.0,0.0
2022-01-16 16:05:06.004337,0.0,0.0,0.0
2022-01-16 16:05:06.508450,0.0,0.0,0.0
2022-01-16 16:05:07.006598,0.0,0.0,0.0
2022-01-16 16:05:08.005016,0.0,0.0,0.0
2022-01-16 16:05:08.508903,0.0,0.0,0.0
2022-01-16 16:05:09.005019,0.0,0.0,0.0
2022-01-16 16:05:09.501182,0.0,0.0,0.0
2022-01-16 16:05:10.008386,0.0,0.0,0.0
2022-01-16 16:05:10.503115,0.0,0.0,0.0
2022-01-16 16:05:11.001192,0.0,0.0,0.0
2022-01-16 16:05:11.506871,0.0,0.0,0.0
2022-01-16 16:05:12.004472,0.0,0.0,0.0
2022-01-16 16:05:12.509005,0.0,0.0,0.0
2022-01-16 16:05:13.006528,0.0,0.0,0.0
2022-01-16 16:05:13.503212,0.0,0.0,0.0
2022-01-16 16:05:14.002222,0.0,0.0,0.0
2022-01-16 16:05:14.506911,0.0,0.0,0.0
2022-01-16 16:05:15.005189,0.0,0.0,0.0
2022-01-16 16:05:15.510851,0.0,0.0,0.0
2022-01-16 16:05:16.006950,0.0,0.0,0.0
2022-01-16 16:05:16.502019,0.0,0.0,0.0
2022-01-16 16:05:17.010990,0.0,0.0,0.0
2022-01-16 16:05:17.506404,0.0,0.0,0.0
2022-01-16 16:05:18.006478,0.0,0.0,0.0
2022-01-16 16:05:18.501404,0.0,0.0,0.0
2022-01-16 16:05:19.008726,0.0,0.0,0.0
2022-01-16 16:05:19.503206,0.0,0.0,0.0
2022-01-16 16:05:20.010242,0.0,0.0,0.0
2022-01-16 16:05:20.504970,0.0,0.0,0.0
2022-01-16 16:05:21.002632,0.0,0.0,0.0
2022-01-16 16:05:21.508005,0.0,0.0,0.0
2022-01-16 16:05:22.005108,0.0,0.0,0.0
2022-01-16 16:05:22.509828,0.0,0.0,0.0
2022-01-16 16:05:23.007897,0.0,0.0,0.0
2022-01-16 16:05:23.502127,0.0,0.0,0.0
2022-01-16 16:05:24.009632,0.0,0.0,0.0
2022-01-16 16:05:24.503909,0.0,0.0,0.0
2022-01-16 16:05:25.003220,0.0,0.0,0.0
2022-01-16 16:05:25.507926,0.0,0.0,0.0
2022-01-16 16:05:26.007055,0.0,0.0,0.0
2022-01-16 16:05:26.502518,0.0,0.0,0.0
2022-01-16 16:05:27.011086,0.0,0.0,0.0
2022-01-16 16:05:27.507301,0.0,0.0,0.0
2022-01-16 16:05:28.006716,0.0,0.0,0.0
2022-01-16 16:05:28.501899,0.0,0.0,0.0
2022-01-16 16:05:29.009306,0.0,0.0,0.0
2022-01-16 16:05:29.505127,0.0,0.0,0.0
2022-01-16 16:05:30.011403,0.0,0.0,0.0
2022-01-16 16:05:30.505915,0.0,0.0,0.0
2022-01-16 16:05:31.002767,0.0,0.0,0.0
2022-01-16 16:05:31.509273,0.0,0.0,0.0
2022-01-16 16:05:32.006388,0.0,0.0,0.0
2022-01-16 16:05:32.501218,0.0,0.0,0.0
2022-01-16 16:05:33.010543,0.0,0.0,0.0
2022-01-16 16:05:33.505593,0.0,0.0,0.0
2022-01-16 16:05:34.002942,0.0,0.0,0.0
2022-01-16 16:05:34.508500,0.0,0.0,0.0
2022-01-16 16:05:35.005924,0.0,0.0,0.0
2022-01-16 16:05:36.004704,0.0,0.0,0.0
2022-01-16 16:05:36.501987,0.0,0.0,0.0
2022-01-16 16:05:37.011130,0.0,0.0,0.0
2022-01-16 16:05:37.506063,0.0,0.0,0.0
2022-01-16 16:05:38.003981,0.0,0.0,0.0
2022-01-16 16:05:38.510457,0.0,0.0,0.0
2022-01-16 16:05:39.008207,0.0,0.0,0.0
2022-01-16 16:05:39.505484,0.0,0.0,0.0
2022-01-16 16:05:40.004140,0.0,0.0,0.0
2022-01-16 16:05:40.510160,0.0,0.0,0.0
2022-01-16 16:05:41.007447,0.0,0.0,0.0
2022-01-16 16:05:41.503109,0.0,0.0,0.0
2022-01-16 16:05:42.001091,0.0,0.0,0.0
2022-01-16 16:05:42.505256,0.0,0.0,0.0
2022-01-16 16:05:43.002538,0.0,0.0,0.0
2022-01-16 16:05:43.507137,0.0,0.0,0.0
2022-01-16 16:05:44.004458,0.0,0.0,0.0
2022-01-16 16:05:44.501443,0.0,0.0,0.0
2022-01-16 16:05:45.008970,0.0,0.0,0.0
2022-01-16 16:05:45.504716,0.0,0.0,0.0
2022-01-16 16:05:46.001999,0.0,0.0,0.0
2022-01-16 16:05:46.507095,0.0,0.0,0.0
2022-01-16 16:05:47.005654,0.0,0.0,0.0
2022-01-16 16:05:47.509463,0.0,0.0,0.0
2022-01-16 16:05:48.007073,0.0,0.0,0.0
2022-01-16 16:05:48.501006,0.0,0.0,0.0
2022-01-16 16:05:49.008986,0.0,0.0,0.0
2022-01-16 16:05:49.505364,0.0,0.0,0.0
2022-01-16 16:05:50.004092,0.0,0.0,0.0
2022-01-16 16:05:50.508233,0.0,0.0,0.0
2022-01-16 16:05:51.005041,0.0,0.0,0.0
2022-01-16 16:05:51.508797,0.0,0.0,0.0
2022-01-16 16:05:52.006787,0.0,0.0,0.0
2022-01-16 16:05:52.502323,0.0,0.0,0.0
2022-01-16 16:05:53.505347,0.0,0.0,0.0
2022-01-16 16:05:54.004101,0.0,0.0,0.0
2022-01-16 16:05:54.508699,0.0,0.0,0.0
2022-01-16 16:05:55.008909,0.0,0.0,0.0
2022-01-16 16:05:55.502766,0.0,0.0,0.0
2022-01-16 16:05:56.010353,0.0,0.0,0.0
2022-01-16 16:05:56.505349,0.0,0.0,0.0
2022-01-16 16:05:57.002603,0.0,0.0,0.0
2022-01-16 16:05:57.506937,0.0,0.0,0.0
2022-01-16 16:05:58.005566,0.0,0.0,0.0
2022-01-16 16:05:58.510273,0.0,0.0,0.0
2022-01-16 16:05:59.008869,0.0,0.0,0.0
2022-01-16 16:05:59.504573,0.0,0.0,0.0
2022-01-16 16:06:00.001050,0.0,0.0,0.0
2022-01-16 16:06:00.504339,0.0,0.0,0.0
2022-01-16 16:06:01.002814,0.0,0.0,0.0
2022-01-16 16:06:01.507821,0.0,0.0,0.0
2022-01-16 16:06:02.005080,0.0,0.0,0.0
2022-01-16 16:06:02.509735,0.0,0.0,0.0
2022-01-16 16:06:03.008869,0.0,0.0,0.0
2022-01-16 16:06:03.502817,0.0,0.0,0.0
2022-01-16 16:06:04.504930,0.0,0.0,0.0
2022-01-16 16:06:05.003321,0.0,0.0,0.0
2022-01-16 16:06:05.508096,0.0,0.0,0.0
2022-01-16 16:06:06.009399,0.0,0.0,0.0
2022-01-16 16:06:06.504484,0.0,0.0,0.0
2022-01-16 16:06:07.001351,0.0,0.0,0.0
2022-01-16 16:06:07.507110,0.0,0.0,0.0
2022-01-16 16:06:08.005061,0.0,0.0,0.0
2022-01-16 16:06:08.501239,0.0,0.0,0.0
2022-01-16 16:06:09.009573,0.0,0.0,0.0
2022-01-16 16:06:09.504577,0.0,0.0,0.0
2022-01-16 16:06:10.000375,0.0,0.0,0.0
2022-01-16 16:06:10.504643,0.0,0.0,0.0
2022-01-16 16:06:11.002628,0.0,0.0,0.0
2022-01-16 16:06:11.508628,0.0,0.0,0.0
2022-01-16 16:06:12.007031,0.0,0.0,0.0
2022-01-16 16:06:12.503025,0.0,0.0,0.0
2022-01-16 16:06:13.011044,0.0,0.0,0.0
2022-01-16 16:06:13.505972,0.0,0.0,0.0
2022-01-16 16:06:14.005072,0.0,0.0,0.0
2022-01-16 16:06:14.509925,0.0,0.0,0.0
2022-01-16 16:06:15.009632,0.0,0.0,0.0
2022-01-16 16:06:15.504278,0.0,0.0,0.0
2022-01-16 16:06:16.002348,0.0,0.0,0.0
2022-01-16 16:06:16.507654,0.0,0.0,0.0
2022-01-16 16:06:17.005326,0.0,0.0,0.0
2022-01-16 16:06:17.502163,0.0,0.0,0.0
2022-01-16 16:06:18.010666,0.0,0.0,0.0
2022-01-16 16:06:18.506160,0.0,0.0,0.0
2022-01-16 16:06:19.005003,0.0,0.0,0.0
2022-01-16 16:06:19.510045,0.0,0.0,0.0
2022-01-16 16:06:20.007911,0.0,0.0,0.0
2022-01-16 16:06:20.502456,0.0,0.0,0.0
2022-01-16 16:06:21.010738,0.0,0.0,0.0
2022-01-16 16:06:21.507840,0.0,0.0,0.0
2022-01-16 16:06:22.005614,0.0,0.0,0.0
2022-01-16 16:06:22.501708,0.0,0.0,0.0
2022-01-16 16:06:23.001085,0.0,0.0,0.0
2022-01-16 16:06:23.505703,0.0,0.0,0.0
2022-01-16 16:06:24.003521,0.0,0.0,0.0
2022-01-16 16:06:24.507531,0.0,0.0,-0.58906
2022-01-16 16:06:25.004850,0.0,0.0,-0.58906
2022-01-16 16:06:25.510763,0.0,0.0,-0.86333
2022-01-16 16:06:26.008772,0.0,0.0,-0.86333
2022-01-16 16:06:26.503268,0.0,0.0,0.0
2022-01-16 16:06:27.010787,0.0,0.0,0.0
2022-01-16 16:06:27.505068,0.0,0.0,0.0
2022-01-16 16:06:28.002412,0.0,0.0,0.0
2022-01-16 16:06:28.507659,0.0,0.0,0.0
2022-01-16 16:06:29.005432,0.0,0.0,0.0
2022-01-16 16:06:29.510926,0.0,0.0,0.0
2022-01-16 16:06:30.008609,0.0,0.0,0.0
2022-01-16 16:06:30.504449,0.0,0.0,0.0
2022-01-16 16:06:31.002159,0.0,0.0,0.0
2022-01-16 16:06:31.507634,0.0,0.0,0.0
2022-01-16 16:06:32.005308,0.0,0.0,0.0
2022-01-16 16:06:32.501461,0.0,0.0,0.0
2022-01-16 16:06:33.010652,0.0,0.0,0.0
2022-01-16 16:06:33.504887,0.0,0.0,0.0
2022-01-16 16:06:34.003029,0.0,0.0,0.0
2022-01-16 16:06:34.507907,0.0,0.0,0.0
2022-01-16 16:06:35.006621,0.0,0.0,0.0
2022-01-16 16:06:36.005102,0.0,0.0,0.0
2022-01-16 16:06:36.501319,0.0,0.0,0.0
2022-01-16 16:06:37.009099,0.0,0.0,0.0
2022-01-16 16:06:37.502913,0.0,0.0,0.0
2022-01-16 16:06:38.002437,0.0,0.0,0.0
2022-01-16 16:06:38.506587,0.0,0.0,0.0
2022-01-16 16:06:39.004143,0.0,0.0,0.0
2022-01-16 16:06:39.510523,0.0,0.0,-0.03864
2022-01-16 16:06:40.008235,0.0,0.0,-0.03864
2022-01-16 16:06:40.503511,0.0,0.0,0.0
2022-01-16 16:06:41.002405,0.0,0.0,0.0
2022-01-16 16:06:41.507463,0.0,0.0,0.0
2022-01-16 16:06:42.006467,0.0,0.0,0.0
2022-01-16 16:06:42.502156,0.0,0.0,0.0
2022-01-16 16:06:43.010450,0.0,0.0,0.0
2022-01-16 16:06:43.505638,0.0,0.0,0.0
2022-01-16 16:06:44.004257,0.0,0.0,0.0
2022-01-16 16:06:45.004996,0.0,0.0,0.0
2022-01-16 16:06:45.510381,0.0,0.0,0.0
2022-01-16 16:06:46.009553,0.0,0.0,0.0
2022-01-16 16:06:46.505092,0.0,0.0,0.0
2022-01-16 16:06:47.002348,0.0,0.0,0.0
2022-01-16 16:06:47.507509,0.0,0.0,0.0
2022-01-16 16:06:48.005145,0.0,0.0,0.0
2022-01-16 16:06:48.510366,0.0,0.0,0.0
2022-01-16 16:06:49.010604,0.0,0.0,0.0
2022-01-16 16:06:49.505707,0.0,0.0,0.0
2022-01-16 16:06:50.004771,0.0,0.0,0.0
2022-01-16 16:06:50.508644,0.0,0.0,-0.03864
2022-01-16 16:06:51.006607,0.0,0.0,-0.03864
2022-01-16 16:06:51.501534,0.0,0.0,0.0
2022-01-16 16:06:52.009188,0.0,0.0,0.0
2022-01-16 16:06:52.503412,0.0,0.0,0.0
2022-01-16 16:06:53.010950,0.0,0.0,0.0
2022-01-16 16:06:53.506450,0.0,0.0,0.0
2022-01-16 16:06:54.004857,0.0,0.0,0.0
2022-01-16 16:06:54.509705,0.0,0.0,0.0
2022-01-16 16:06:55.008441,0.0,0.0,0.0
2022-01-16 16:06:55.503688,0.0,0.0,0.0
2022-01-16 16:06:56.001141,0.0,0.0,0.0
2022-01-16 16:06:56.506235,0.0,0.0,0.0
2022-01-16 16:06:57.002625,0.0,0.0,0.0
2022-01-16 16:06:57.508669,0.0,0.0,0.0
2022-01-16 16:06:58.006275,0.0,0.0,0.0
2022-01-16 16:06:58.503929,0.0,0.0,0.0
2022-01-16 16:06:59.001984,0.0,0.0,0.0
2022-01-16 16:06:59.509024,0.0,0.0,0.0
2022-01-16 16:07:00.005782,0.0,0.0,0.0
2022-01-16 16:07:00.510004,0.0,0.0,0.0
2022-01-16 16:07:01.009135,0.0,0.0,0.0
2022-01-16 16:07:01.502397,0.0,0.0,0.0
2022-01-16 16:07:02.011243,0.0,0.0,0.0
2022-01-16 16:07:02.507199,0.0,0.0,0.0
2022-01-16 16:07:03.005177,0.0,0.0,0.0
2022-01-16 16:07:03.510459,0.0,0.0,0.0
2022-01-16 16:07:04.010405,0.0,0.0,0.0
2022-01-16 16:07:04.504658,0.0,0.0,0.0
2022-01-16 16:07:05.002315,0.0,0.0,0.0
2022-01-16 16:07:05.509742,0.0,0.0,0.0
2022-01-16 16:07:06.010793,0.0,0.0,0.0
2022-01-16 16:07:06.507118,0.0,0.0,0.0
2022-01-16 16:07:07.005821,0.0,0.0,0.0
2022-01-16 16:07:07.510002,0.0,0.0,0.0
2022-01-16 16:07:08.008043,0.0,0.0,0.0
2022-01-16 16:07:08.503379,0.0,0.0,0.0
2022-01-16 16:07:09.011273,0.0,0.0,0.0
2022-01-16 16:07:09.505151,0.0,0.0,0.0
2022-01-16 16:07:10.000464,0.0,0.0,0.0
2022-01-16 16:07:10.501992,0.0,0.0,0.0
2022-01-16 16:07:11.010748,0.0,0.0,0.0
2022-01-16 16:07:11.508141,0.0,0.0,0.0
2022-01-16 16:07:12.006811,0.0,0.0,0.0
2022-01-16 16:07:12.501716,0.0,0.0,0.0
2022-01-16 16:07:13.010953,0.0,0.0,0.0
2022-01-16 16:07:13.505009,0.0,0.0,0.0
2022-01-16 16:07:14.002352,0.0,0.0,0.0
2022-01-16 16:07:14.508032,0.0,0.0,0.0
2022-01-16 16:07:15.005059,0.0,0.0,0.0
2022-01-16 16:07:15.508968,0.0,0.0,0.0
2022-01-16 16:07:16.007344,0.0,0.0,0.0
2022-01-16 16:07:16.502406,0.0,0.0,0.0
2022-01-16 16:07:17.010727,0.0,0.0,0.0
2022-01-16 16:07:17.506618,0.0,0.0,-0.03864
2022-01-16 16:07:18.004158,0.0,0.0,-0.03864
2022-01-16 16:07:18.510069,0.0,0.0,-0.03864
2022-01-16 16:07:19.008716,0.0,0.0,-0.03864
2022-01-16 16:07:19.503097,0.0,0.0,0.0
2022-01-16 16:07:20.001539,0.0,0.0,0.0
2022-01-16 16:07:20.508775,0.0,0.0,0.0
2022-01-16 16:07:21.006075,0.0,0.0,0.0
2022-01-16 16:07:21.502124,0.0,0.0,0.0
2022-01-16 16:07:22.009980,0.0,0.0,0.0
2022-01-16 16:07:22.505102,0.0,0.0,0.0
2022-01-16 16:07:23.002171,0.0,0.0,0.0
2022-01-16 16:07:23.507218,0.0,0.0,0.0
2022-01-16 16:07:24.004493,0.0,0.0,0.0
2022-01-16 16:07:24.509955,0.0,0.0,0.0
2022-01-16 16:07:25.010034,0.0,0.0,0.0
2022-01-16 16:07:25.505236,0.0,0.0,0.0
2022-01-16 16:07:26.004303,0.0,0.0,0.0
2022-01-16 16:07:26.509099,0.0,0.0,0.0
2022-01-16 16:07:27.008133,0.0,0.0,0.0
2022-01-16 16:07:27.502292,0.0,0.0,0.0
2022-01-16 16:07:28.010203,0.0,0.0,0.0
2022-01-16 16:07:28.505205,0.0,0.0,0.0
2022-01-16 16:07:29.002134,0.0,0.0,0.0
2022-01-16 16:07:29.508837,0.0,0.0,0.0
2022-01-16 16:07:30.006078,0.0,0.0,0.0
2022-01-16 16:07:30.501257,0.0,0.0,0.0
2022-01-16 16:07:31.010403,0.0,0.0,0.0
2022-01-16 16:07:31.503919,0.0,0.0,0.0
2022-01-16 16:07:32.001735,0.0,0.0,0.0
2022-01-16 16:07:32.508420,0.0,0.0,0.0
2022-01-16 16:07:33.006370,0.0,0.0,0.0
2022-01-16 16:07:33.501873,0.0,0.0,0.0
2022-01-16 16:07:34.010554,0.0,0.0,0.0
2022-01-16 16:07:34.505590,0.0,0.0,0.0
2022-01-16 16:07:35.004521,0.0,0.0,0.0
2022-01-16 16:07:35.509959,0.0,0.0,0.0
2022-01-16 16:07:36.007294,0.0,0.0,0.0
2022-01-16 16:07:36.501816,0.0,0.0,0.0
2022-01-16 16:07:37.010419,0.0,0.0,0.0
2022-01-16 16:07:37.506924,0.0,0.0,0.0
2022-01-16 16:07:38.006175,0.0,0.0,0.0
2022-01-16 16:07:38.502578,0.0,0.0,0.0
2022-01-16 16:07:39.001852,0.0,0.0,0.0
2022-01-16 16:07:39.507799,0.0,0.0,0.0
2022-01-16 16:07:40.006447,0.0,0.0,0.0
2022-01-16 16:07:40.511042,0.0,0.0,0.0
2022-01-16 16:07:41.009686,0.0,0.0,0.0
2022-01-16 16:07:41.505196,0.0,0.0,0.0
2022-01-16 16:07:42.002652,0.0,0.0,0.0
2022-01-16 16:07:42.508284,0.0,0.0,0.0
2022-01-16 16:07:43.006075,0.0,0.0,0.0
2022-01-16 16:07:43.501649,0.0,0.0,0.0
2022-01-16 16:07:44.011221,0.0,0.0,0.0
2022-01-16 16:07:44.506603,0.0,0.0,0.0
2022-01-16 16:07:45.004176,0.0,0.0,0.0
2022-01-16 16:07:45.509933,0.0,0.0,0.0
2022-01-16 16:07:46.007034,0.0,0.0,0.0
2022-01-16 16:07:46.510937,0.0,0.0,0.0
2022-01-16 16:07:47.009337,0.0,0.0,0.0
2022-01-16 16:07:47.505902,0.0,0.0,0.0
2022-01-16 16:07:48.005858,0.0,0.0,0.0
2022-01-16 16:07:48.501148,0.0,0.0,0.0
2022-01-16 16:07:49.008752,0.0,0.0,0.0
2022-01-16 16:07:49.503264,0.0,0.0,0.0
2022-01-16 16:07:50.009495,0.0,0.0,0.0
2022-01-16 16:07:50.503378,0.0,0.0,0.0
2022-01-16 16:07:51.002479,0.0,0.0,0.0
2022-01-16 16:07:51.509397,0.0,0.0,0.0
2022-01-16 16:07:52.008134,0.0,0.0,0.0
2022-01-16 16:07:52.505093,0.0,0.0,0.0
2022-01-16 16:07:53.006015,0.0,0.0,0.0
2022-01-16 16:07:53.509963,0.0,0.0,0.0
2022-01-16 16:07:54.008647,0.0,0.0,0.0
2022-01-16 16:07:54.502213,0.0,0.0,0.0
2022-01-16 16:07:55.010826,0.0,0.0,0.0
2022-01-16 16:07:55.505564,0.0,0.0,0.0
2022-01-16 16:07:56.002847,0.0,0.0,0.0
2022-01-16 16:07:56.507735,0.0,0.0,0.0
2022-01-16 16:07:57.005596,0.0,0.0,0.0
2022-01-16 16:07:57.501406,0.0,0.0,0.0
2022-01-16 16:07:58.011062,0.0,0.0,0.0
2022-01-16 16:07:58.505231,0.0,0.0,0.0
2022-01-16 16:07:59.003033,0.0,0.0,0.0
2022-01-16 16:07:59.507727,0.0,0.0,0.0
2022-01-16 16:08:00.005342,0.0,0.0,0.0
2022-01-16 16:08:00.507610,0.0,0.0,0.0
2022-01-16 16:08:01.005461,0.0,0.0,0.0
2022-01-16 16:08:01.510173,0.0,0.0,0.0
2022-01-16 16:08:02.008079,0.0,0.0,0.0
2022-01-16 16:08:02.502632,0.0,0.0,0.0
2022-01-16 16:08:03.505325,0.0,0.0,0.0
2022-01-16 16:08:04.002727,0.0,0.0,0.0
2022-01-16 16:08:04.506961,0.0,0.0,0.0
2022-01-16 16:08:05.005017,0.0,0.0,0.0
2022-01-16 16:08:05.508447,0.0,0.0,0.0
2022-01-16 16:08:06.006193,0.0,0.0,0.0
2022-01-16 16:08:06.502929,0.0,0.0,0.0
2022-01-16 16:08:07.001252,0.0,0.0,0.0
2022-01-16 16:08:07.506853,0.0,0.0,-0.03864
2022-01-16 16:08:08.003987,0.0,0.0,-0.03864
2022-01-16 16:08:08.509969,0.0,0.0,0.0
2022-01-16 16:08:09.007011,0.0,0.0,0.0
2022-01-16 16:08:09.502711,0.0,0.0,0.0
2022-01-16 16:08:10.001923,0.0,0.0,0.0
2022-01-16 16:08:10.507173,0.0,0.0,0.0
2022-01-16 16:08:11.006284,0.0,0.0,0.0
2022-01-16 16:08:11.501326,0.0,0.0,0.0
2022-01-16 16:08:12.010390,0.0,0.0,0.0
2022-01-16 16:08:12.503982,0.0,0.0,0.0
2022-01-16 16:08:13.002324,0.0,0.0,0.0
2022-01-16 16:08:13.506902,0.0,0.0,0.0
2022-01-16 16:08:14.005067,0.0,0.0,0.0
2022-01-16 16:08:14.510307,0.0,0.0,0.0
2022-01-16 16:08:15.009007,0.0,0.0,0.0
2022-01-16 16:08:15.505099,0.0,0.0,0.0
2022-01-16 16:08:16.002399,0.0,0.0,0.0
2022-01-16 16:08:16.507400,0.0,0.0,0.0
2022-01-16 16:08:17.005079,0.0,0.0,0.0
2022-01-16 16:08:17.509052,0.0,0.0,0.0
2022-01-16 16:08:18.010972,0.0,0.0,0.0
2022-01-16 16:08:18.506368,0.0,0.0,0.0
2022-01-16 16:08:19.005416,0.0,0.0,0.0
2022-01-16 16:08:19.501816,0.0,0.0,0.0
2022-01-16 16:08:20.011048,0.0,0.0,0.0
2022-01-16 16:08:20.504622,0.0,0.0,0.0
2022-01-16 16:08:21.002172,0.0,0.0,0.0
2022-01-16 16:08:21.507855,0.0,0.0,0.0
2022-01-16 16:08:22.006318,0.0,0.0,0.0
2022-01-16 16:08:22.501639,0.0,0.0,0.0
2022-01-16 16:08:23.010619,0.0,0.0,0.0
2022-01-16 16:08:23.505033,0.0,0.0,0.0
2022-01-16 16:08:24.004746,0.0,0.0,0.0
2022-01-16 16:08:24.510034,0.0,0.0,0.0
2022-01-16 16:08:25.007389,0.0,0.0,0.0
2022-01-16 16:08:25.501758,0.0,0.0,0.0
2022-01-16 16:08:26.010590,0.0,0.0,0.0
2022-01-16 16:08:26.505439,0.0,0.0,0.0
2022-01-16 16:08:27.002957,0.0,0.0,0.0
2022-01-16 16:08:27.507662,0.0,0.0,0.0
2022-01-16 16:08:28.006037,0.0,0.0,0.0
2022-01-16 16:08:28.509908,0.0,0.0,0.0
2022-01-16 16:08:29.004826,0.0,0.0,0.0
2022-01-16 16:08:29.508397,0.0,0.0,0.0
2022-01-16 16:08:30.007337,0.0,0.0,0.0
2022-01-16 16:08:30.503005,0.0,0.0,0.0
2022-01-16 16:08:31.001744,0.0,0.0,0.0
2022-01-16 16:08:31.509789,0.0,0.0,0.0
2022-01-16 16:08:32.010606,0.0,0.0,0.0
2022-01-16 16:08:32.507484,0.0,0.0,0.0
2022-01-16 16:08:33.009823,0.0,0.0,0.0
2022-01-16 16:08:33.507213,0.0,0.0,0.0
2022-01-16 16:08:34.007226,0.0,0.0,0.0
2022-01-16 16:08:34.503207,0.0,0.0,0.0
2022-01-16 16:08:35.001798,0.0,0.0,0.0
2022-01-16 16:08:35.506832,0.0,0.0,0.0
2022-01-16 16:08:36.005384,0.0,0.0,0.0
2022-01-16 16:08:36.509266,0.0,0.0,0.0
2022-01-16 16:08:37.006982,0.0,0.0,0.0
2022-01-16 16:08:37.501200,0.0,0.0,0.0
2022-01-16 16:08:38.009269,0.0,0.0,0.0
2022-01-16 16:08:38.506194,0.0,0.0,0.0
2022-01-16 16:08:39.005063,0.0,0.0,0.0
2022-01-16 16:08:39.510997,0.0,0.0,-0.03864
2022-01-16 16:08:40.009100,0.0,0.0,-0.03864
2022-01-16 16:08:40.504085,0.0,0.0,0.0
2022-01-16 16:08:41.001144,0.0,0.0,0.0
2022-01-16 16:08:41.505584,0.0,0.0,0.0
2022-01-16 16:08:42.004240,0.0,0.0,0.0
2022-01-16 16:08:42.510116,0.0,0.0,0.0
2022-01-16 16:08:43.009458,0.0,0.0,0.0
2022-01-16 16:08:43.505000,0.0,0.0,0.0
2022-01-16 16:08:44.003052,0.0,0.0,0.0
2022-01-16 16:08:44.508339,0.0,0.0,0.0
2022-01-16 16:08:45.008216,0.0,0.0,0.0
2022-01-16 16:08:45.503048,0.0,0.0,0.0
2022-01-16 16:08:46.001659,0.0,0.0,0.0
2022-01-16 16:08:46.506923,0.0,0.0,0.0
2022-01-16 16:08:47.004628,0.0,0.0,0.0
2022-01-16 16:08:47.501809,0.0,0.0,0.0
2022-01-16 16:08:48.010199,0.0,0.0,0.0
2022-01-16 16:08:48.505511,0.0,0.0,0.0
2022-01-16 16:08:49.005455,0.0,0.0,0.0
2022-01-16 16:08:49.510937,0.0,0.0,0.0
2022-01-16 16:08:50.008248,0.0,0.0,0.0
2022-01-16 16:08:50.503273,0.0,0.0,0.0
2022-01-16 16:08:51.504959,0.0,0.0,0.0
2022-01-16 16:08:52.002583,0.0,0.0,0.0
2022-01-16 16:08:52.501173,0.0,0.0,0.0
2022-01-16 16:08:53.008973,0.0,0.0,0.0
2022-01-16 16:08:53.503770,0.0,0.0,0.0
2022-01-16 16:08:54.002310,0.0,0.0,0.0
2022-01-16 16:08:54.506867,0.0,0.0,0.0
2022-01-16 16:08:55.005136,0.0,0.0,0.0
2022-01-16 16:08:55.510957,0.0,0.0,0.0
2022-01-16 16:08:56.009780,0.0,0.0,0.0
2022-01-16 16:08:56.505286,0.0,0.0,0.0
2022-01-16 16:08:57.003786,0.0,0.0,0.0
2022-01-16 16:08:57.507911,0.0,0.0,0.0
2022-01-16 16:08:58.006210,0.0,0.0,0.0
2022-01-16 16:08:58.501530,0.0,0.0,0.0
2022-01-16 16:08:59.009103,0.0,0.0,0.0
2022-01-16 16:08:59.504086,0.0,0.0,0.0
2022-01-16 16:09:00.007672,0.0,0.0,0.0
2022-01-16 16:09:00.508408,0.0,0.0,0.0
2022-01-16 16:09:01.007096,0.0,0.0,0.0
2022-01-16 16:09:01.501784,0.0,0.0,0.0
2022-01-16 16:09:02.009109,0.0,0.0,0.0
2022-01-16 16:09:02.504021,0.0,0.0,0.0
2022-01-16 16:09:03.001836,0.0,0.0,0.0
2022-01-16 16:09:03.506786,0.0,0.0,0.0
2022-01-16 16:09:04.004825,0.0,0.0,0.0
2022-01-16 16:09:04.509062,0.0,0.0,0.0
2022-01-16 16:09:05.008451,0.0,0.0,0.0
2022-01-16 16:09:05.504680,0.0,0.0,0.0
2022-01-16 16:09:06.002815,0.0,0.0,0.0
2022-01-16 16:09:06.507599,0.0,0.0,0.0
2022-01-16 16:09:07.005627,0.0,0.0,0.0
2022-01-16 16:09:07.509545,0.0,0.0,0.0
2022-01-16 16:09:08.008354,0.0,0.0,0.0
2022-01-16 16:09:08.504688,0.0,0.0,0.0
2022-01-16 16:09:09.001301,0.0,0.0,0.0
2022-01-16 16:09:09.508536,0.0,0.0,0.0
2022-01-16 16:09:10.004467,0.0,0.0,0.0
2022-01-16 16:09:10.507634,0.0,0.0,0.0
2022-01-16 16:09:11.006001,0.0,0.0,0.0
2022-01-16 16:09:11.509499,0.0,0.0,0.0
2022-01-16 16:09:12.007617,0.0,0.0,0.0
2022-01-16 16:09:12.501802,0.0,0.0,0.0
2022-01-16 16:09:13.001421,0.0,0.0,0.0
2022-01-16 16:09:13.509403,0.0,0.0,0.0
2022-01-16 16:09:14.007895,0.0,0.0,0.0
2022-01-16 16:09:14.501457,0.0,0.0,0.0
2022-01-16 16:09:15.009230,0.0,0.0,0.0
2022-01-16 16:09:15.502868,0.0,0.0,0.0
2022-01-16 16:09:16.001298,0.0,0.0,0.0
2022-01-16 16:09:16.507383,0.0,0.0,0.0
2022-01-16 16:09:17.005451,0.0,0.0,0.0
2022-01-16 16:09:17.510176,0.0,0.0,0.0
2022-01-16 16:09:18.008732,0.0,0.0,0.0
2022-01-16 16:09:18.506330,0.0,0.0,0.0
2022-01-16 16:09:19.005221,0.0,0.0,0.0
2022-01-16 16:09:19.509718,0.0,0.0,0.0
2022-01-16 16:09:20.006435,0.0,0.0,0.0
2022-01-16 16:09:20.501293,0.0,0.0,0.0
2022-01-16 16:09:21.009486,0.0,0.0,0.0
2022-01-16 16:09:21.503530,0.0,0.0,0.0
2022-01-16 16:09:22.002051,0.0,0.0,0.0
2022-01-16 16:09:22.507882,0.0,0.0,0.0
2022-01-16 16:09:23.004435,0.0,0.0,0.0
2022-01-16 16:09:23.510164,0.0,0.0,0.0
2022-01-16 16:09:24.007622,0.0,0.0,0.0
2022-01-16 16:09:24.502113,0.0,0.0,0.0
2022-01-16 16:09:25.001174,0.0,0.0,0.0
2022-01-16 16:09:25.507689,0.0,0.0,0.0
2022-01-16 16:09:26.006701,0.0,0.0,0.0
2022-01-16 16:09:26.500988,0.0,0.0,0.0
2022-01-16 16:09:27.010370,0.0,0.0,0.0
2022-01-16 16:09:27.505365,0.0,0.0,0.0
2022-01-16 16:09:28.002254,0.0,0.0,0.0
2022-01-16 16:09:28.505862,0.0,0.0,0.0
2022-01-16 16:09:29.003485,0.0,0.0,0.0
2022-01-16 16:09:29.509261,0.0,0.0,0.0
2022-01-16 16:09:30.006777,0.0,0.0,0.0
2022-01-16 16:09:30.502459,0.0,0.0,0.0
2022-01-16 16:09:31.002410,0.0,0.0,0.0
2022-01-16 16:09:31.508400,0.0,0.0,0.0
2022-01-16 16:09:32.005432,0.0,0.0,0.0
2022-01-16 16:09:32.508918,0.0,0.0,0.0
2022-01-16 16:09:33.007527,0.0,0.0,0.0
2022-01-16 16:09:33.501248,0.0,0.0,0.0
2022-01-16 16:09:34.009117,0.0,0.0,0.0
2022-01-16 16:09:34.505642,0.0,0.0,0.0
2022-01-16 16:09:35.005336,0.0,0.0,0.0
2022-01-16 16:09:35.502221,0.0,0.0,0.0
2022-01-16 16:09:36.011036,0.0,0.0,0.0
2022-01-16 16:09:36.505277,0.0,0.0,0.0
2022-01-16 16:09:37.003166,0.0,0.0,0.0
2022-01-16 16:09:37.507224,0.0,0.0,0.0
2022-01-16 16:09:38.005936,0.0,0.0,0.0
2022-01-16 16:09:38.510200,0.0,0.0,0.0
2022-01-16 16:09:39.007740,0.0,0.0,0.0
2022-01-16 16:09:39.502439,0.0,0.0,0.0
2022-01-16 16:09:40.002387,0.0,0.0,0.0
2022-01-16 16:09:40.509485,0.0,0.0,0.0
2022-01-16 16:09:41.008762,0.0,0.0,0.0
2022-01-16 16:09:41.505098,0.0,0.0,0.0
2022-01-16 16:09:42.002607,0.0,0.0,0.0
2022-01-16 16:09:42.507630,0.0,0.0,0.0
2022-01-16 16:09:43.006327,0.0,0.0,0.0
2022-01-16 16:09:43.511029,0.0,0.0,0.0
2022-01-16 16:09:44.009433,0.0,0.0,0.0
2022-01-16 16:09:44.505855,0.0,0.0,0.0
2022-01-16 16:09:45.003873,0.0,0.0,0.0
2022-01-16 16:09:45.507430,0.0,0.0,0.0
2022-01-16 16:09:46.005463,0.0,0.0,0.0
2022-01-16 16:09:46.509759,0.0,0.0,0.0
2022-01-16 16:09:47.007805,0.0,0.0,0.0
2022-01-16 16:09:47.502892,0.0,0.0,0.0
2022-01-16 16:09:48.002237,0.0,0.0,0.0
2022-01-16 16:09:48.508121,0.0,0.0,0.0
2022-01-16 16:09:49.007430,0.0,0.0,0.0
2022-01-16 16:09:49.501420,0.0,0.0,0.0
2022-01-16 16:09:50.010032,0.0,0.0,0.0
2022-01-16 16:09:50.505162,0.0,0.0,0.0
2022-01-16 16:09:51.001936,0.0,0.0,0.0
2022-01-16 16:09:51.507478,0.0,0.0,0.0
2022-01-16 16:09:52.004087,0.0,0.0,0.0
2022-01-16 16:09:52.508777,0.0,0.0,0.0
2022-01-16 16:09:53.006326,0.0,0.0,0.0
2022-01-16 16:09:53.503395,0.0,0.0,0.0
2022-01-16 16:09:54.010582,0.0,0.0,0.0
2022-01-16 16:09:54.505326,0.0,0.0,0.0
2022-01-16 16:09:55.004924,0.0,0.0,0.0
2022-01-16 16:09:55.509278,0.0,0.0,0.0
2022-01-16 16:09:56.009676,0.0,0.0,0.0
2022-01-16 16:09:56.505577,0.0,0.0,0.0
2022-01-16 16:09:57.004702,0.0,0.0,0.0
2022-01-16 16:09:57.510715,0.0,0.0,0.0
2022-01-16 16:09:58.009344,0.0,0.0,0.0
2022-01-16 16:09:58.505745,0.0,0.0,0.0
2022-01-16 16:09:59.003865,0.0,0.0,0.0
2022-01-16 16:09:59.508883,0.0,0.0,0.0
2022-01-16 16:10:00.005891,0.0,0.0,0.0
2022-01-16 16:10:00.510408,0.0,0.0,0.0
2022-01-16 16:10:01.008475,0.0,0.0,0.0
2022-01-16 16:10:01.506646,0.0,0.0,0.0
2022-01-16 16:10:02.005296,0.0,0.0,0.0
2022-01-16 16:10:02.510310,0.0,0.0,0.0
2022-01-16 16:10:03.007884,0.0,0.0,0.0
2022-01-16 16:10:03.501878,0.0,0.0,0.0
2022-01-16 16:10:04.010390,0.0,0.0,0.0
2022-01-16 16:10:04.505056,0.0,0.0,0.0
2022-01-16 16:10:05.002364,0.0,0.0,0.0
2022-01-16 16:10:05.506833,0.0,0.0,0.0
2022-01-16 16:10:06.005706,0.0,0.0,0.0
2022-01-16 16:10:06.511062,0.0,0.0,0.0
2022-01-16 16:10:07.010566,0.0,0.0,0.0
2022-01-16 16:10:07.504666,0.0,0.0,0.0
2022-01-16 16:10:08.001652,0.0,0.0,0.0
2022-01-16 16:10:08.506331,0.0,0.0,0.0
2022-01-16 16:10:09.005282,0.0,0.0,0.0
2022-01-16 16:10:09.501368,0.0,0.0,0.0
2022-01-16 16:10:10.008923,0.0,0.0,0.0
2022-01-16 16:10:10.505523,0.0,0.0,0.0
2022-01-16 16:10:11.004316,0.0,0.0,0.0
2022-01-16 16:10:11.510207,0.0,0.0,0.0
2022-01-16 16:10:12.009670,0.0,0.0,0.0
2022-01-16 16:10:12.505198,0.0,0.0,0.0
2022-01-16 16:10:13.002578,0.0,0.0,0.0
2022-01-16 16:10:13.508157,0.0,0.0,0.0
2022-01-16 16:10:14.005949,0.0,0.0,0.0
2022-01-16 16:10:14.501303,0.0,0.0,0.0
2022-01-16 16:10:15.009318,0.0,0.0,0.0
2022-01-16 16:10:15.503268,0.0,0.0,-0.03864
2022-01-16 16:10:16.002380,0.0,0.0,-0.03864
2022-01-16 16:10:16.507241,0.0,0.0,0.0
2022-01-16 16:10:17.005615,0.0,0.0,0.0
2022-01-16 16:10:17.509950,0.0,0.0,0.0
2022-01-16 16:10:18.008462,0.0,0.0,0.0
2022-01-16 16:10:18.503975,0.0,0.0,0.0
2022-01-16 16:10:19.001128,0.0,0.0,0.0
2022-01-16 16:10:19.508266,0.0,0.0,0.0
2022-01-16 16:10:20.006166,0.0,0.0,0.0
2022-01-16 16:10:20.501136,0.0,0.0,0.0
2022-01-16 16:10:21.009394,0.0,0.0,0.0
2022-01-16 16:10:21.502239,0.0,0.0,0.0
2022-01-16 16:10:22.010931,0.0,0.0,0.0
2022-01-16 16:10:22.506229,0.0,0.0,0.0
2022-01-16 16:10:23.006393,0.0,0.0,0.0
2022-01-16 16:10:24.005054,0.0,0.0,0.0
2022-01-16 16:10:24.510838,0.0,0.0,0.0
2022-01-16 16:10:25.008852,0.0,0.0,0.0
2022-01-16 16:10:25.503304,0.0,0.0,0.0
2022-01-16 16:10:26.001161,0.0,0.0,0.0
2022-01-16 16:10:26.506804,0.0,0.0,0.0
2022-01-16 16:10:27.005430,0.0,0.0,0.0
2022-01-16 16:10:27.510870,0.0,0.0,0.0
2022-01-16 16:10:28.009836,0.0,0.0,0.0
2022-01-16 16:10:28.504880,0.0,0.0,0.0
2022-01-16 16:10:29.004278,0.0,0.0,0.0
2022-01-16 16:10:29.509063,0.0,0.0,0.0
2022-01-16 16:10:30.008001,0.0,0.0,0.0
2022-01-16 16:10:30.502283,0.0,0.0,0.0
2022-01-16 16:10:31.001649,0.0,0.0,0.0
2022-01-16 16:10:31.506766,0.0,0.0,0.0
2022-01-16 16:10:32.004991,0.0,0.0,0.0
2022-01-16 16:10:32.509423,0.0,0.0,0.0
2022-01-16 16:10:33.008228,0.0,0.0,0.0
2022-01-16 16:10:33.502027,0.0,0.0,0.0
2022-01-16 16:10:34.010721,0.0,0.0,0.0
2022-01-16 16:10:34.505519,0.0,0.0,0.0
2022-01-16 16:10:35.007245,0.0,0.0,0.0
2022-01-16 16:10:35.501351,0.0,0.0,0.0
2022-01-16 16:10:36.009993,0.0,0.0,0.0
2022-01-16 16:10:36.505014,0.0,0.0,0.0
2022-01-16 16:10:37.001858,0.0,0.0,0.0
2022-01-16 16:10:37.507349,0.0,0.0,0.0
2022-01-16 16:10:38.005615,0.0,0.0,0.0
2022-01-16 16:10:38.501891,0.0,0.0,0.0
2022-01-16 16:10:39.001856,0.0,0.0,0.0
2022-01-16 16:10:39.507453,0.0,0.0,0.0
2022-01-16 16:10:40.006038,0.0,0.0,0.0
2022-01-16 16:10:40.509983,0.0,0.0,0.0
2022-01-16 16:10:41.008151,0.0,0.0,0.0
2022-01-16 16:10:41.502666,0.0,0.0,0.0
2022-01-16 16:10:42.002055,0.0,0.0,0.0
2022-01-16 16:10:42.508204,0.0,0.0,0.0
2022-01-16 16:10:43.005675,0.0,0.0,0.0
2022-01-16 16:10:43.510377,0.0,0.0,0.0
2022-01-16 16:10:44.009116,0.0,0.0,0.0
2022-01-16 16:10:44.502789,0.0,0.0,0.0
2022-01-16 16:10:45.010998,0.0,0.0,0.0
2022-01-16 16:10:45.506513,0.0,0.0,0.0
2022-01-16 16:10:46.005087,0.0,0.0,0.0
2022-01-16 16:10:46.510316,0.0,0.0,0.0
2022-01-16 16:10:47.008140,0.0,0.0,0.0
2022-01-16 16:10:47.502462,0.0,0.0,0.0
2022-01-16 16:10:48.010815,0.0,0.0,0.0
2022-01-16 16:10:48.504250,0.0,0.0,0.0
2022-01-16 16:10:49.001181,0.0,0.0,0.0
2022-01-16 16:10:49.504706,0.0,0.0,0.0
2022-01-16 16:10:50.001319,0.0,0.0,0.0
2022-01-16 16:10:50.504630,0.0,0.0,0.0
2022-01-16 16:10:51.003917,0.0,0.0,0.0
2022-01-16 16:10:51.510342,0.0,0.0,0.0
2022-01-16 16:10:52.008214,0.0,0.0,0.0
2022-01-16 16:10:52.503448,0.0,0.0,0.0
2022-01-16 16:10:53.001184,0.0,0.0,0.0
2022-01-16 16:10:53.505766,0.0,0.0,0.0
2022-01-16 16:10:54.005024,0.0,0.0,0.0
2022-01-16 16:10:54.510225,0.0,0.0,0.0
2022-01-16 16:10:55.008237,0.0,0.0,0.0
2022-01-16 16:10:55.505663,0.0,0.0,0.0
2022-01-16 16:10:56.003836,0.0,0.0,0.0
2022-01-16 16:10:56.508987,0.0,0.0,0.0
2022-01-16 16:10:57.005140,0.0,0.0,0.0
2022-01-16 16:10:57.510062,0.0,0.0,0.0
2022-01-16 16:10:58.008588,0.0,0.0,0.0
2022-01-16 16:10:58.502391,0.0,0.0,0.0
2022-01-16 16:10:59.001442,0.0,0.0,0.0
2022-01-16 16:10:59.507694,0.0,0.0,0.0
2022-01-16 16:11:00.005847,0.0,0.0,0.0
2022-01-16 16:11:00.510212,0.0,0.0,0.0
2022-01-16 16:11:01.008626,0.0,0.0,0.0
2022-01-16 16:11:01.503533,0.0,0.0,0.0
2022-01-16 16:11:02.001694,0.0,0.0,0.0
2022-01-16 16:11:02.506795,0.0,0.0,0.0
2022-01-16 16:11:03.004392,0.0,0.0,0.0
2022-01-16 16:11:03.509052,0.0,0.0,0.0
2022-01-16 16:11:04.006987,0.0,0.0,0.0
2022-01-16 16:11:04.502224,0.0,0.0,0.0
2022-01-16 16:11:05.010973,0.0,0.0,0.0
2022-01-16 16:11:05.506195,0.0,0.0,0.0
2022-01-16 16:11:06.005157,0.0,0.0,0.0
2022-01-16 16:11:06.510696,0.0,0.0,0.0
2022-01-16 16:11:07.009123,0.0,0.0,0.0
2022-01-16 16:11:07.503531,0.0,0.0,0.0
2022-01-16 16:11:08.001927,0.0,0.0,0.0
2022-01-16 16:11:08.508340,0.0,0.0,0.0
2022-01-16 16:11:09.007736,0.0,0.0,0.0
2022-01-16 16:11:09.501239,0.0,0.0,0.0
2022-01-16 16:11:10.008241,0.0,0.0,0.0
2022-01-16 16:11:10.503925,0.0,0.0,0.0
2022-01-16 16:11:11.001895,0.0,0.0,0.0
2022-01-16 16:11:11.506204,0.0,0.0,0.0
2022-01-16 16:11:12.005059,0.0,0.0,0.0
2022-01-16 16:11:12.509701,0.0,0.0,0.0
2022-01-16 16:11:13.007860,0.0,0.0,0.0
2022-01-16 16:11:13.505014,0.0,0.0,0.0
2022-01-16 16:11:14.002374,0.0,0.0,0.0
2022-01-16 16:11:14.508894,0.0,0.0,0.0
2022-01-16 16:11:15.006440,0.0,0.0,0.0
2022-01-16 16:11:15.501469,0.0,0.0,0.0
2022-01-16 16:11:16.010921,0.0,0.0,0.0
2022-01-16 16:11:16.505717,0.0,0.0,0.0
2022-01-16 16:11:17.003536,0.0,0.0,0.0
2022-01-16 16:11:17.508215,0.0,0.0,0.0
2022-01-16 16:11:18.006025,0.0,0.0,0.0
2022-01-16 16:11:18.501189,0.0,0.0,0.0
2022-01-16 16:11:19.010509,0.0,0.0,0.0
2022-01-16 16:11:19.505804,0.0,0.0,0.0
2022-01-16 16:11:20.004215,0.0,0.0,0.0
2022-01-16 16:11:20.510733,0.0,0.0,0.0
2022-01-16 16:11:21.008580,0.0,0.0,0.0
2022-01-16 16:11:21.504114,0.0,0.0,0.0
2022-01-16 16:11:22.002430,0.0,0.0,0.0
2022-01-16 16:11:22.509851,0.0,0.0,0.0
2022-01-16 16:11:23.009045,0.0,0.0,0.0
2022-01-16 16:11:23.503517,0.0,0.0,0.0
2022-01-16 16:11:24.001395,0.0,0.0,0.0
2022-01-16 16:11:24.505774,0.0,0.0,0.0
2022-01-16 16:11:25.004458,0.0,0.0,0.0
2022-01-16 16:11:25.508746,0.0,0.0,0.0
2022-01-16 16:11:26.006956,0.0,0.0,0.0
2022-01-16 16:11:26.506260,0.0,0.0,0.0
2022-01-16 16:11:27.005954,0.0,0.0,0.0
2022-01-16 16:11:27.510957,0.0,0.0,0.0
2022-01-16 16:11:28.008920,0.0,0.0,0.0
2022-01-16 16:11:28.504179,0.0,0.0,0.0
2022-01-16 16:11:29.001714,0.0,0.0,0.0
2022-01-16 16:11:29.507083,0.0,0.0,0.0
2022-01-16 16:11:30.005381,0.0,0.0,0.0
2022-01-16 16:11:30.508972,0.0,0.0,0.0
2022-01-16 16:11:31.006639,0.0,0.0,0.0
2022-01-16 16:11:31.502037,0.0,0.0,0.0
2022-01-16 16:11:32.001252,0.0,0.0,0.0
2022-01-16 16:11:32.505888,0.0,0.0,0.0
2022-01-16 16:11:33.004592,0.0,0.0,0.0
2022-01-16 16:11:33.509991,0.0,0.0,0.0
2022-01-16 16:11:34.008867,0.0,0.0,0.0
2022-01-16 16:11:34.504041,0.0,0.0,0.0
2022-01-16 16:11:35.001274,0.0,0.0,0.0
2022-01-16 16:11:35.505592,0.0,0.0,0.0
2022-01-16 16:11:36.004937,0.0,0.0,0.0
2022-01-16 16:11:36.508798,0.0,0.0,0.0
2022-01-16 16:11:37.007922,0.0,0.0,0.0
2022-01-16 16:11:37.502482,0.0,0.0,0.0
2022-01-16 16:11:38.010265,0.0,0.0,0.0
2022-01-16 16:11:38.505086,0.0,0.0,0.0
2022-01-16 16:11:39.002328,0.0,0.0,0.0
2022-01-16 16:11:39.507698,0.0,0.0,0.0
2022-01-16 16:11:40.005363,0.0,0.0,0.0
2022-01-16 16:11:40.502013,0.0,0.0,0.0
2022-01-16 16:11:41.010647,0.0,0.0,0.0
2022-01-16 16:11:41.506488,0.0,0.0,0.0
2022-01-16 16:11:42.008786,0.0,0.0,0.0
2022-01-16 16:11:42.504426,0.0,0.0,0.0
2022-01-16 16:11:43.002313,0.0,0.0,0.0
2022-01-16 16:11:43.507462,0.0,0.0,0.0
2022-01-16 16:11:44.005831,0.0,0.0,0.0
2022-01-16 16:11:44.501780,0.0,0.0,0.0
2022-01-16 16:11:45.010056,0.0,0.0,0.0
2022-01-16 16:11:45.505154,0.0,0.0,0.0
2022-01-16 16:11:46.003451,0.0,0.0,0.0
2022-01-16 16:11:46.508307,0.0,0.0,0.0
2022-01-16 16:11:47.007465,0.0,0.0,0.0
2022-01-16 16:11:47.502375,0.0,0.0,0.0
2022-01-16 16:11:48.011063,0.0,0.0,0.0
2022-01-16 16:11:48.505603,0.0,0.0,0.0
2022-01-16 16:11:49.004173,0.0,0.0,0.0
2022-01-16 16:11:49.508225,0.0,0.0,0.0
2022-01-16 16:11:50.006167,0.0,0.0,0.0
2022-01-16 16:11:50.501407,0.0,0.0,0.0
2022-01-16 16:11:51.008109,0.0,0.0,0.0
2022-01-16 16:11:51.503324,0.0,0.0,0.0
2022-01-16 16:11:52.001123,0.0,0.0,0.0
2022-01-16 16:11:52.506778,0.0,0.0,0.0
2022-01-16 16:11:53.005084,0.0,0.0,0.0
2022-01-16 16:11:53.501617,0.0,0.0,0.0
2022-01-16 16:11:54.009662,0.0,0.0,0.0
2022-01-16 16:11:54.506686,0.0,0.0,0.0
2022-01-16 16:11:55.005449,0.0,0.0,0.0
2022-01-16 16:11:55.510626,0.0,0.0,0.0
2022-01-16 16:11:56.008533,0.0,0.0,0.0
2022-01-16 16:11:56.503264,0.0,0.0,0.0
2022-01-16 16:11:57.010799,0.0,0.0,0.0
2022-01-16 16:11:57.505144,0.0,0.0,0.0
2022-01-16 16:11:58.004736,0.0,0.0,0.0
2022-01-16 16:11:58.509179,0.0,0.0,0.0
2022-01-16 16:11:59.009785,0.0,0.0,0.0
2022-01-16 16:11:59.504995,0.0,0.0,0.0
2022-01-16 16:12:00.003552,0.0,0.0,0.0
2022-01-16 16:12:00.506096,0.0,0.0,0.0
2022-01-16 16:12:01.003901,0.0,0.0,0.0
2022-01-16 16:12:01.508300,0.0,0.0,0.0
2022-01-16 16:12:02.005176,0.0,0.0,0.0
2022-01-16 16:12:02.501782,0.0,0.0,0.0
2022-01-16 16:12:03.001066,0.0,0.0,0.0
2022-01-16 16:12:03.506119,0.0,0.0,0.0
2022-01-16 16:12:04.005332,0.0,0.0,0.0
2022-01-16 16:12:04.501113,0.0,0.0,0.0
2022-01-16 16:12:05.008140,0.0,0.0,0.0
2022-01-16 16:12:05.501832,0.0,0.0,0.0
2022-01-16 16:12:06.010720,0.0,0.0,0.0
2022-01-16 16:12:06.505141,0.0,0.0,0.0
2022-01-16 16:12:07.002293,0.0,0.0,0.0
2022-01-16 16:12:07.508466,0.0,0.0,0.0
2022-01-16 16:12:08.007479,0.0,0.0,0.0
2022-01-16 16:12:08.504754,0.0,0.0,0.0
2022-01-16 16:12:09.001176,0.0,0.0,0.0
2022-01-16 16:12:09.505608,0.0,0.0,0.0
2022-01-16 16:12:10.004678,0.0,0.0,0.0
2022-01-16 16:12:10.508557,0.0,0.0,0.0
2022-01-16 16:12:11.005630,0.0,0.0,0.0
2022-01-16 16:12:11.501216,0.0,0.0,0.0
2022-01-16 16:12:12.001191,0.0,0.0,0.0
2022-01-16 16:12:12.505186,0.0,0.0,0.0
2022-01-16 16:12:13.003497,0.0,0.0,0.0
2022-01-16 16:12:13.507311,0.0,0.0,0.0
2022-01-16 16:12:14.005507,0.0,0.0,0.0
2022-01-16 16:12:14.509325,0.0,0.0,0.0
2022-01-16 16:12:15.007137,0.0,0.0,0.0
2022-01-16 16:12:15.501429,0.0,0.0,0.0
2022-01-16 16:12:16.010456,0.0,0.0,0.0
2022-01-16 16:12:16.507485,0.0,0.0,0.0
2022-01-16 16:12:17.005469,0.0,0.0,0.0
2022-01-16 16:12:17.501131,0.0,0.0,0.0
2022-01-16 16:12:18.009772,0.0,0.0,0.0
2022-01-16 16:12:18.506005,0.0,0.0,0.0
2022-01-16 16:12:19.003664,0.0,0.0,0.0
2022-01-16 16:12:19.509499,0.0,0.0,0.0
2022-01-16 16:12:20.007895,0.0,0.0,0.0
2022-01-16 16:12:20.503768,0.0,0.0,0.0
2022-01-16 16:12:21.001873,0.0,0.0,0.0
2022-01-16 16:12:21.507120,0.0,0.0,0.0
2022-01-16 16:12:22.005903,0.0,0.0,0.0
2022-01-16 16:12:22.501240,0.0,0.0,0.0
2022-01-16 16:12:23.009567,0.0,0.0,0.0
2022-01-16 16:12:23.505134,0.0,0.0,0.0
2022-01-16 16:12:24.004771,0.0,0.0,0.0
2022-01-16 16:12:24.511017,0.0,0.0,0.0
2022-01-16 16:12:25.008424,0.0,0.0,0.0
2022-01-16 16:12:25.504402,0.0,0.0,0.0
2022-01-16 16:12:26.001989,0.0,0.0,0.0
2022-01-16 16:12:26.507497,0.0,0.0,0.0
2022-01-16 16:12:27.005573,0.0,0.0,0.0
2022-01-16 16:12:27.501596,0.0,0.0,0.0
2022-01-16 16:12:28.010659,0.0,0.0,0.0
2022-01-16 16:12:28.505098,0.0,0.0,0.0
2022-01-16 16:12:29.002731,0.0,0.0,0.0
2022-01-16 16:12:29.507303,0.0,0.0,0.0
2022-01-16 16:12:30.006818,0.0,0.0,0.0
2022-01-16 16:12:30.502999,0.0,0.0,0.0
2022-01-16 16:12:31.011105,0.0,0.0,0.0
2022-01-16 16:12:31.506123,0.0,0.0,0.0
2022-01-16 16:12:32.002981,0.0,0.0,0.0
2022-01-16 16:12:32.508074,0.0,0.0,0.0
2022-01-16 16:12:33.005091,0.0,0.0,0.0
2022-01-16 16:12:33.508709,0.0,0.0,0.0
2022-01-16 16:12:34.006105,0.0,0.0,0.0
2022-01-16 16:12:34.502492,0.0,0.0,0.0
2022-01-16 16:12:35.010576,0.0,0.0,0.0
2022-01-16 16:12:35.506080,0.0,0.0,0.0
2022-01-16 16:12:36.004618,0.0,0.0,0.0
2022-01-16 16:12:36.509744,0.0,0.0,0.0
2022-01-16 16:12:37.007155,0.0,0.0,0.0
2022-01-16 16:12:37.501788,0.0,0.0,0.0
2022-01-16 16:12:38.009801,0.0,0.0,0.0
2022-01-16 16:12:38.503764,0.0,0.0,0.0
2022-01-16 16:12:39.003113,0.0,0.0,0.0
2022-01-16 16:12:39.508367,0.0,0.0,0.0
2022-01-16 16:12:40.006117,0.0,0.0,0.0
2022-01-16 16:12:40.501591,0.0,0.0,0.0
2022-01-16 16:12:41.010228,0.0,0.0,0.0
2022-01-16 16:12:41.504751,0.0,0.0,0.0
2022-01-16 16:12:42.002855,0.0,0.0,0.0
2022-01-16 16:12:42.508509,0.0,0.0,0.0
2022-01-16 16:12:43.005743,0.0,0.0,0.0
2022-01-16 16:12:43.502695,0.0,0.0,0.0
2022-01-16 16:12:44.010633,0.0,0.0,0.0
2022-01-16 16:12:44.505927,0.0,0.0,0.0
2022-01-16 16:12:45.006828,0.0,0.0,0.0
2022-01-16 16:12:45.503453,0.0,0.0,0.0
2022-01-16 16:12:46.001020,0.0,0.0,0.0
2022-01-16 16:12:46.506382,0.0,0.0,0.0
2022-01-16 16:12:47.006010,0.0,0.0,0.0
2022-01-16 16:12:47.510169,0.0,0.0,0.0
2022-01-16 16:12:48.008710,0.0,0.0,0.0
2022-01-16 16:12:48.503397,0.0,0.0,0.0
2022-01-16 16:12:49.001825,0.0,0.0,0.0
2022-01-16 16:12:49.506413,0.0,0.0,0.0
2022-01-16 16:12:50.005625,0.0,0.0,0.0
2022-01-16 16:12:50.502231,0.0,0.0,0.0
2022-01-16 16:12:51.001168,0.0,0.0,0.0
2022-01-16 16:12:51.506128,0.0,0.0,0.0
2022-01-16 16:12:52.004120,0.0,0.0,0.0
2022-01-16 16:12:52.509156,0.0,0.0,0.0
2022-01-16 16:12:53.007912,0.0,0.0,0.0
2022-01-16 16:12:53.501240,0.0,0.0,0.0
2022-01-16 16:12:54.010802,0.0,0.0,0.0
2022-01-16 16:12:54.505121,0.0,0.0,0.0
2022-01-16 16:12:55.003464,0.0,0.0,0.0
2022-01-16 16:12:55.508934,0.0,0.0,0.0
2022-01-16 16:12:56.006970,0.0,0.0,0.0
2022-01-16 16:12:56.502207,0.0,0.0,0.0
2022-01-16 16:12:57.001268,0.0,0.0,0.0
2022-01-16 16:12:57.505919,0.0,0.0,0.0
2022-01-16 16:12:58.004757,0.0,0.0,0.0
2022-01-16 16:12:58.509557,0.0,0.0,0.0
2022-01-16 16:12:59.008478,0.0,0.0,0.0
2022-01-16 16:12:59.502732,0.0,0.0,0.0
2022-01-16 16:13:00.001404,0.0,0.0,0.0
2022-01-16 16:13:00.504466,0.0,0.0,0.0
2022-01-16 16:13:01.005197,0.0,0.0,0.0
2022-01-16 16:13:01.510096,0.0,0.0,0.0
2022-01-16 16:13:02.010041,0.0,0.0,0.0
2022-01-16 16:13:02.504206,0.0,0.0,0.0
2022-01-16 16:13:03.002648,0.0,0.0,0.0
2022-01-16 16:13:03.507217,0.0,0.0,0.0
2022-01-16 16:13:04.006780,0.0,0.0,0.0
2022-01-16 16:13:05.004963,0.0,0.0,0.0
2022-01-16 16:13:05.501151,0.0,0.0,0.0
2022-01-16 16:13:06.009786,0.0,0.0,0.0
2022-01-16 16:13:06.508114,0.0,0.0,0.0
2022-01-16 16:13:07.005338,0.0,0.0,0.0
2022-01-16 16:13:07.510687,0.0,0.0,0.0
2022-01-16 16:13:08.009246,0.0,0.0,0.0
2022-01-16 16:13:08.504170,0.0,0.0,0.0
2022-01-16 16:13:09.002087,0.0,0.0,0.0
2022-01-16 16:13:09.507244,0.0,0.0,0.0
2022-01-16 16:13:10.004204,0.0,0.0,0.0
2022-01-16 16:13:10.506670,0.0,0.0,0.0
2022-01-16 16:13:11.005309,0.0,0.0,0.0
2022-01-16 16:13:11.510044,0.0,0.0,0.0
2022-01-16 16:13:12.008116,0.0,0.0,0.0
2022-01-16 16:13:12.502479,0.0,0.0,0.0
2022-01-16 16:13:13.009653,0.0,0.0,0.0
2022-01-16 16:13:13.504120,0.0,0.0,0.0
2022-01-16 16:13:14.010703,0.0,0.0,0.0
2022-01-16 16:13:14.506242,0.0,0.0,0.0
2022-01-16 16:13:15.003535,0.0,0.0,0.0
2022-01-16 16:13:15.507361,0.0,0.0,0.0
2022-01-16 16:13:16.004876,0.0,0.0,0.0
2022-01-16 16:13:16.509857,0.0,0.0,0.0
2022-01-16 16:13:17.008595,0.0,0.0,0.0
2022-01-16 16:13:17.503330,0.0,0.0,0.0
2022-01-16 16:13:18.011151,0.0,0.0,0.0
2022-01-16 16:13:18.505944,0.0,0.0,0.0
2022-01-16 16:13:19.007405,0.0,0.0,0.0
2022-01-16 16:13:19.503901,0.0,0.0,0.0
2022-01-16 16:13:20.001486,0.0,0.0,0.0
2022-01-16 16:13:20.506968,0.0,0.0,0.0
2022-01-16 16:13:21.003684,0.0,0.0,0.0
2022-01-16 16:13:21.508548,0.0,0.0,0.0
2022-01-16 16:13:22.007360,0.0,0.0,0.0
2022-01-16 16:13:22.502545,0.0,0.0,0.0
2022-01-16 16:13:23.010489,0.0,0.0,0.0
2022-01-16 16:13:23.506811,0.0,0.0,0.0
2022-01-16 16:13:24.004249,0.0,0.0,0.0
2022-01-16 16:13:24.510338,0.0,0.0,0.0
2022-01-16 16:13:25.008469,0.0,0.0,0.0
2022-01-16 16:13:25.503405,0.0,0.0,0.0
2022-01-16 16:13:26.001710,0.0,0.0,0.0
2022-01-16 16:13:26.505705,0.0,0.0,0.0
2022-01-16 16:13:27.002993,0.0,0.0,0.0
2022-01-16 16:13:27.508996,0.0,0.0,0.0
2022-01-16 16:13:28.007700,0.0,0.0,0.0
2022-01-16 16:13:28.502014,0.0,0.0,0.0
2022-01-16 16:13:29.001125,0.0,0.0,0.0
2022-01-16 16:13:29.507532,0.0,0.0,0.0
2022-01-16 16:13:30.006517,0.0,0.0,0.0
2022-01-16 16:13:30.501642,0.0,0.0,0.0
2022-01-16 16:13:31.010320,0.0,0.0,0.0
2022-01-16 16:13:31.504102,0.0,0.0,0.0
2022-01-16 16:13:32.001794,0.0,0.0,0.0
2022-01-16 16:13:32.509562,0.0,0.0,0.0
2022-01-16 16:13:33.007648,0.0,0.0,0.0
2022-01-16 16:13:33.500988,0.0,0.0,0.0
2022-01-16 16:13:34.008505,0.0,0.0,0.0
2022-01-16 16:13:34.503247,0.0,0.0,0.0
2022-01-16 16:13:35.010330,0.0,0.0,0.0
2022-01-16 16:13:35.505668,0.0,0.0,0.0
2022-01-16 16:13:36.004995,0.0,0.0,0.0
2022-01-16 16:13:36.509461,0.0,0.0,0.0
2022-01-16 16:13:37.009291,0.0,0.0,0.0
2022-01-16 16:13:37.504413,0.0,0.0,0.0
2022-01-16 16:13:38.001945,0.0,0.0,0.0
2022-01-16 16:13:38.501759,0.0,0.0,0.0
2022-01-16 16:13:39.008928,0.0,0.0,0.0
2022-01-16 16:13:39.503882,0.0,0.0,0.0
2022-01-16 16:13:40.002524,0.0,0.0,0.0
2022-01-16 16:13:40.506680,0.0,0.0,0.0
2022-01-16 16:13:41.005788,0.0,0.0,0.0
2022-01-16 16:13:41.509975,0.0,0.0,0.0
2022-01-16 16:13:42.009341,0.0,0.0,0.0
2022-01-16 16:13:42.504012,0.0,0.0,0.0
2022-01-16 16:13:43.001848,0.0,0.0,0.0
2022-01-16 16:13:43.506162,0.0,0.0,0.0
2022-01-16 16:13:44.004209,0.0,0.0,0.0
2022-01-16 16:13:44.502300,0.0,0.0,0.0
2022-01-16 16:13:45.010730,0.0,0.0,0.0
2022-01-16 16:13:45.506093,0.0,0.0,0.0
2022-01-16 16:13:46.003929,0.0,0.0,0.0
2022-01-16 16:13:46.508996,0.0,0.0,0.0
2022-01-16 16:13:47.007484,0.0,0.0,0.0
2022-01-16 16:13:48.004531,0.0,0.0,0.0
2022-01-16 16:13:48.508492,0.0,0.0,0.0
2022-01-16 16:13:49.006790,0.0,0.0,0.0
2022-01-16 16:13:49.504991,0.0,0.0,0.0
2022-01-16 16:13:50.003367,0.0,0.0,0.0
2022-01-16 16:13:50.508650,0.0,0.0,0.0
2022-01-16 16:13:51.007231,0.0,0.0,0.0
2022-01-16 16:13:51.502442,0.0,0.0,0.0
2022-01-16 16:13:52.010999,0.0,0.0,0.0
2022-01-16 16:13:52.504743,0.0,0.0,0.0
2022-01-16 16:13:53.002333,0.0,0.0,0.0
2022-01-16 16:13:53.507383,0.0,0.0,0.0
2022-01-16 16:13:54.006749,0.0,0.0,0.0
2022-01-16 16:13:54.510749,0.0,0.0,0.0
2022-01-16 16:13:55.010067,0.0,0.0,0.0
2022-01-16 16:13:55.504591,0.0,0.0,0.0
2022-01-16 16:13:56.002671,0.0,0.0,0.0
2022-01-16 16:13:56.509853,0.0,0.0,0.0
2022-01-16 16:13:57.006959,0.0,0.0,0.0
2022-01-16 16:13:57.501999,0.0,0.0,0.0
2022-01-16 16:13:58.011250,0.0,0.0,0.0
2022-01-16 16:13:58.507231,0.0,0.0,0.0
2022-01-16 16:13:59.006021,0.0,0.0,0.0
2022-01-16 16:13:59.501852,0.0,0.0,0.0
2022-01-16 16:14:00.002129,0.0,0.0,0.0
2022-01-16 16:14:00.505230,0.0,0.0,0.0
2022-01-16 16:14:01.002766,0.0,0.0,0.0
2022-01-16 16:14:01.506843,0.0,0.0,0.0
2022-01-16 16:14:02.004670,0.0,0.0,0.0
2022-01-16 16:14:02.510113,0.0,0.0,0.0
2022-01-16 16:14:03.008077,0.0,0.0,0.0
2022-01-16 16:14:03.502219,0.0,0.0,0.0
2022-01-16 16:14:04.001508,0.0,0.0,0.0
2022-01-16 16:14:04.505526,0.0,0.0,0.0
2022-01-16 16:14:05.004307,0.0,0.0,0.0
2022-01-16 16:14:05.508995,0.0,0.0,0.0
2022-01-16 16:14:06.005728,0.0,0.0,0.0
2022-01-16 16:14:06.501518,0.0,0.0,0.0
2022-01-16 16:14:07.010357,0.0,0.0,0.0
2022-01-16 16:14:07.505630,0.0,0.0,0.0
2022-01-16 16:14:08.004734,0.0,0.0,0.0
2022-01-16 16:14:08.509427,0.0,0.0,0.0
2022-01-16 16:14:09.009328,0.0,0.0,0.0
2022-01-16 16:14:09.504086,0.0,0.0,0.0
2022-01-16 16:14:10.000646,0.0,0.0,0.0
2022-01-16 16:14:10.505562,0.0,0.0,0.0
2022-01-16 16:14:11.006123,0.0,0.0,0.0
2022-01-16 16:14:11.509902,0.0,0.0,0.0
2022-01-16 16:14:12.008428,0.0,0.0,0.0
2022-01-16 16:14:12.502789,0.0,0.0,0.0
2022-01-16 16:14:13.010285,0.0,0.0,0.0
2022-01-16 16:14:13.504740,0.0,0.0,0.0
2022-01-16 16:14:14.002520,0.0,0.0,0.0
2022-01-16 16:14:14.506253,0.0,0.0,0.0
2022-01-16 16:14:15.004766,0.0,0.0,0.0
2022-01-16 16:14:15.502124,0.0,0.0,0.0
2022-01-16 16:14:16.001236,0.0,0.0,0.0
2022-01-16 16:14:16.506848,0.0,0.0,0.0
2022-01-16 16:14:17.005793,0.0,0.0,0.0
2022-01-16 16:14:17.510858,0.0,0.0,0.0
2022-01-16 16:14:18.009014,0.0,0.0,0.0
2022-01-16 16:14:18.504429,0.0,0.0,0.0
2022-01-16 16:14:19.001700,0.0,0.0,0.0
2022-01-16 16:14:19.508464,0.0,0.0,0.0
2022-01-16 16:14:20.007036,0.0,0.0,0.0
2022-01-16 16:14:20.507475,0.0,0.0,0.0
2022-01-16 16:14:21.006280,0.0,0.0,0.0
2022-01-16 16:14:21.501253,0.0,0.0,0.0
2022-01-16 16:14:22.010901,0.0,0.0,0.0
2022-01-16 16:14:22.505457,0.0,0.0,0.0
2022-01-16 16:14:23.002954,0.0,0.0,0.0
2022-01-16 16:14:23.507244,0.0,0.0,0.0
2022-01-16 16:14:24.005119,0.0,0.0,0.0
2022-01-16 16:14:24.502006,0.0,0.0,0.0
2022-01-16 16:14:25.010388,0.0,0.0,0.0
2022-01-16 16:14:25.504523,0.0,0.0,0.0
2022-01-16 16:14:26.003494,0.0,0.0,0.0
2022-01-16 16:14:26.509051,0.0,0.0,0.0
2022-01-16 16:14:27.007056,0.0,0.0,0.0
2022-01-16 16:14:27.501834,0.0,0.0,0.0
2022-01-16 16:14:28.010685,0.0,0.0,0.0
2022-01-16 16:14:28.505152,0.0,0.0,0.0
2022-01-16 16:14:29.005110,0.0,0.0,0.0
2022-01-16 16:14:29.509867,0.0,0.0,0.0
2022-01-16 16:14:30.008069,0.0,0.0,0.0
2022-01-16 16:14:30.503593,0.0,0.0,0.0
2022-01-16 16:14:31.010168,0.0,0.0,0.0
2022-01-16 16:14:31.505901,0.0,0.0,0.0
2022-01-16 16:14:32.004718,0.0,0.0,0.0
2022-01-16 16:14:32.502051,0.0,0.0,0.0
2022-01-16 16:14:33.010446,0.0,0.0,0.0
2022-01-16 16:14:33.507855,0.0,0.0,0.0
2022-01-16 16:14:34.004826,0.0,0.0,0.0
2022-01-16 16:14:34.510045,0.0,0.0,0.0
2022-01-16 16:14:35.007400,0.0,0.0,0.0
2022-01-16 16:14:35.501676,0.0,0.0,0.0
2022-01-16 16:14:36.001379,0.0,0.0,0.0
2022-01-16 16:14:36.505744,0.0,0.0,0.0
2022-01-16 16:14:37.003036,0.0,0.0,0.0
2022-01-16 16:14:37.508714,0.0,0.0,0.0
2022-01-16 16:14:38.005930,0.0,0.0,0.0
2022-01-16 16:14:38.510718,0.0,0.0,0.0
2022-01-16 16:14:39.005692,0.0,0.0,0.0
2022-01-16 16:14:39.511034,0.0,0.0,0.0
2022-01-16 16:14:40.009070,0.0,0.0,0.0
2022-01-16 16:14:40.504364,0.0,0.0,0.0
2022-01-16 16:14:41.001683,0.0,0.0,0.0
2022-01-16 16:14:41.506635,0.0,0.0,0.0
2022-01-16 16:14:42.005736,0.0,0.0,0.0
2022-01-16 16:14:42.510573,0.0,0.0,0.0
2022-01-16 16:14:43.009121,0.0,0.0,0.0
2022-01-16 16:14:43.504603,0.0,0.0,0.0
2022-01-16 16:14:44.002168,0.0,0.0,0.0
2022-01-16 16:14:44.507343,0.0,0.0,0.0
2022-01-16 16:14:45.005478,0.0,0.0,0.0
2022-01-16 16:14:45.509910,0.0,0.0,0.0
2022-01-16 16:14:46.009272,0.0,0.0,0.0
2022-01-16 16:14:46.507319,0.0,0.0,0.0
2022-01-16 16:14:47.006450,0.0,0.0,0.0
2022-01-16 16:14:47.501789,0.0,0.0,0.0
2022-01-16 16:14:48.001415,0.0,0.0,0.0
2022-01-16 16:14:48.505789,0.0,0.0,0.0
2022-01-16 16:14:49.002305,0.0,0.0,0.0
2022-01-16 16:14:49.508162,0.0,0.0,0.0
2022-01-16 16:14:50.006280,0.0,0.0,0.0
2022-01-16 16:14:50.501553,0.0,0.0,0.0
2022-01-16 16:14:51.010146,0.0,0.0,0.0
2022-01-16 16:14:51.505354,0.0,0.0,0.0
2022-01-16 16:14:52.004099,0.0,0.0,0.0
2022-01-16 16:14:52.501740,0.0,0.0,0.0
2022-01-16 16:14:53.011112,0.0,0.0,0.0
2022-01-16 16:14:53.506501,0.0,0.0,0.0
2022-01-16 16:14:54.006936,0.0,0.0,0.0
2022-01-16 16:14:54.511094,0.0,0.0,0.0
2022-01-16 16:14:55.005424,0.0,0.0,0.0
2022-01-16 16:14:55.503356,0.0,0.0,0.0
2022-01-16 16:14:56.002374,0.0,0.0,0.0
2022-01-16 16:14:56.507528,0.0,0.0,0.0
2022-01-16 16:14:57.006788,0.0,0.0,0.0
2022-01-16 16:14:57.502359,0.0,0.0,0.0
2022-01-16 16:14:58.001229,0.0,0.0,0.0
2022-01-16 16:14:58.507468,0.0,0.0,0.0
2022-01-16 16:14:59.004624,0.0,0.0,0.0
2022-01-16 16:14:59.510295,0.0,0.0,0.0
2022-01-16 16:15:00.007102,0.0,0.0,0.0
2022-01-16 16:15:01.004916,0.0,0.0,0.0
2022-01-16 16:15:01.509776,0.0,0.0,0.0
2022-01-16 16:15:02.009231,0.0,0.0,0.0
2022-01-16 16:15:02.503875,0.0,0.0,0.0
2022-01-16 16:15:03.009767,0.0,0.0,0.0
2022-01-16 16:15:03.504901,0.0,0.0,0.0
2022-01-16 16:15:04.004016,0.0,0.0,0.0
2022-01-16 16:15:04.508672,0.0,0.0,0.0
2022-01-16 16:15:05.006120,0.0,0.0,0.0
2022-01-16 16:15:05.501493,0.0,0.0,0.0
2022-01-16 16:15:06.010290,0.0,0.0,0.0
2022-01-16 16:15:06.507349,0.0,0.0,0.0
2022-01-16 16:15:07.005627,0.0,0.0,0.0
2022-01-16 16:15:07.510489,0.0,0.0,0.0
2022-01-16 16:15:08.008777,0.0,0.0,0.0
2022-01-16 16:15:08.503601,0.0,0.0,0.0
2022-01-16 16:15:09.003570,0.0,0.0,0.0
2022-01-16 16:15:09.508729,0.0,0.0,0.0
2022-01-16 16:15:10.004299,0.0,0.0,0.0
2022-01-16 16:15:10.506885,0.0,0.0,0.0
2022-01-16 16:15:11.005652,0.0,0.0,0.0
2022-01-16 16:15:11.509656,0.0,0.0,0.0
2022-01-16 16:15:12.009145,0.0,0.0,0.0
2022-01-16 16:15:12.504207,0.0,0.0,0.0
2022-01-16 16:15:13.001998,0.0,0.0,0.0
2022-01-16 16:15:13.510423,0.0,0.0,0.0
2022-01-16 16:15:14.007726,0.0,0.0,0.0
2022-01-16 16:15:14.502455,0.0,0.0,0.0
2022-01-16 16:15:15.001379,0.0,0.0,0.0
2022-01-16 16:15:15.507688,0.0,0.0,0.0
2022-01-16 16:15:16.004954,0.0,0.0,0.0
2022-01-16 16:15:16.509712,0.0,0.0,0.0
2022-01-16 16:15:17.007397,0.0,0.0,0.0
2022-01-16 16:15:17.502450,0.0,0.0,0.0
2022-01-16 16:15:18.011062,0.0,0.0,0.0
2022-01-16 16:15:18.506913,0.0,0.0,0.0
2022-01-16 16:15:19.005881,0.0,0.0,0.0
2022-01-16 16:15:19.501132,0.0,0.0,0.0
2022-01-16 16:15:20.010000,0.0,0.0,0.0
2022-01-16 16:15:20.504317,0.0,0.0,0.0
2022-01-16 16:15:21.004007,0.0,0.0,0.0
2022-01-16 16:15:21.508778,0.0,0.0,0.0
2022-01-16 16:15:22.005895,0.0,0.0,0.0
2022-01-16 16:15:22.502378,0.0,0.0,0.0
2022-01-16 16:15:23.009988,0.0,0.0,0.0
2022-01-16 16:15:23.505110,0.0,0.0,0.0
2022-01-16 16:15:24.003475,0.0,0.0,0.0
2022-01-16 16:15:24.508373,0.0,0.0,0.0
2022-01-16 16:15:25.007135,0.0,0.0,0.0
2022-01-16 16:15:25.502233,0.0,0.0,0.0
2022-01-16 16:15:26.010637,0.0,0.0,0.0
2022-01-16 16:15:26.505048,0.0,0.0,0.0
2022-01-16 16:15:27.002469,0.0,0.0,0.0
2022-01-16 16:15:27.508076,0.0,0.0,0.0
2022-01-16 16:15:28.005301,0.0,0.0,0.0
2022-01-16 16:15:28.510144,0.0,0.0,0.0
2022-01-16 16:15:29.008698,0.0,0.0,0.0
2022-01-16 16:15:29.503910,0.0,0.0,0.0
2022-01-16 16:15:30.002340,0.0,0.0,0.0
2022-01-16 16:15:30.508597,0.0,0.0,0.0
2022-01-16 16:15:31.006212,0.0,0.0,0.0
2022-01-16 16:15:31.502285,0.0,0.0,0.0
2022-01-16 16:15:32.001048,0.0,0.0,0.0
2022-01-16 16:15:32.505162,0.0,0.0,0.0
2022-01-16 16:15:33.001655,0.0,0.0,0.0
2022-01-16 16:15:33.506911,0.0,0.0,0.0
2022-01-16 16:15:34.005088,0.0,0.0,0.0
2022-01-16 16:15:34.511107,0.0,0.0,0.0
2022-01-16 16:15:35.009809,0.0,0.0,0.0
2022-01-16 16:15:35.503395,0.0,0.0,0.0
2022-01-16 16:15:36.002188,0.0,0.0,0.0
2022-01-16 16:15:36.508203,0.0,0.0,0.0
2022-01-16 16:15:37.006124,0.0,0.0,0.0
2022-01-16 16:15:38.004695,0.0,0.0,0.0
2022-01-16 16:15:38.509386,0.0,0.0,0.0
2022-01-16 16:15:39.006373,0.0,0.0,0.0
2022-01-16 16:15:39.510940,0.0,0.0,0.0
2022-01-16 16:15:40.008450,0.0,0.0,0.0
2022-01-16 16:15:40.504025,0.0,0.0,0.0
2022-01-16 16:15:41.002338,0.0,0.0,0.0
2022-01-16 16:15:41.507039,0.0,0.0,0.0
2022-01-16 16:15:42.005769,0.0,0.0,0.0
2022-01-16 16:15:42.511183,0.0,0.0,0.0
2022-01-16 16:15:43.009346,0.0,0.0,0.0
2022-01-16 16:15:43.504526,0.0,0.0,0.0
2022-01-16 16:15:44.001966,0.0,0.0,0.0
2022-01-16 16:15:44.507232,0.0,0.0,0.0
2022-01-16 16:15:45.005710,0.0,0.0,0.0
2022-01-16 16:15:45.510008,0.0,0.0,0.0
2022-01-16 16:15:46.009229,0.0,0.0,0.0
2022-01-16 16:15:46.504698,0.0,0.0,0.0
2022-01-16 16:15:47.001739,0.0,0.0,0.0
2022-01-16 16:15:47.506185,0.0,0.0,0.0
2022-01-16 16:15:48.003441,0.0,0.0,0.0
2022-01-16 16:15:48.508996,0.0,0.0,0.0
2022-01-16 16:15:49.006675,0.0,0.0,0.0
2022-01-16 16:15:49.501566,0.0,0.0,0.0
2022-01-16 16:15:50.009678,0.0,0.0,0.0
2022-01-16 16:15:50.505632,0.0,0.0,0.0
2022-01-16 16:15:51.005613,0.0,0.0,0.0
2022-01-16 16:15:51.510621,0.0,0.0,0.0
2022-01-16 16:15:52.007789,0.0,0.0,0.0
2022-01-16 16:15:52.503130,0.0,0.0,0.0
2022-01-16 16:15:53.001536,0.0,0.0,0.0
2022-01-16 16:15:53.506159,0.0,0.0,0.0
2022-01-16 16:15:54.004505,0.0,0.0,0.0
2022-01-16 16:15:54.509236,0.0,0.0,0.0
2022-01-16 16:15:55.007611,0.0,0.0,0.0
2022-01-16 16:15:55.503145,0.0,0.0,0.0
2022-01-16 16:15:56.010939,0.0,0.0,0.0
2022-01-16 16:15:56.507687,0.0,0.0,0.0
2022-01-16 16:15:57.005058,0.0,0.0,0.0
2022-01-16 16:15:57.509683,0.0,0.0,0.0
2022-01-16 16:15:58.006829,0.0,0.0,0.0
2022-01-16 16:15:58.502581,0.0,0.0,0.0
2022-01-16 16:15:59.001875,0.0,0.0,0.0
2022-01-16 16:15:59.508463,0.0,0.0,0.0
2022-01-16 16:16:00.006051,0.0,0.0,0.0
2022-01-16 16:16:00.509155,0.0,0.0,0.0
2022-01-16 16:16:01.006353,0.0,0.0,0.0
2022-01-16 16:16:02.005282,0.0,0.0,0.0
2022-01-16 16:16:02.510897,0.0,0.0,0.0
2022-01-16 16:16:03.009369,0.0,0.0,0.0
2022-01-16 16:16:03.504056,0.0,0.0,0.0
2022-01-16 16:16:04.001985,0.0,0.0,0.0
2022-01-16 16:16:04.506298,0.0,0.0,0.0
2022-01-16 16:16:05.004539,0.0,0.0,0.0
2022-01-16 16:16:05.508516,0.0,0.0,0.0
2022-01-16 16:16:06.006899,0.0,0.0,0.0
2022-01-16 16:16:06.501483,0.0,0.0,0.0
2022-01-16 16:16:07.010551,0.0,0.0,0.0
2022-01-16 16:16:07.505752,0.0,0.0,0.0
2022-01-16 16:16:08.003139,0.0,0.0,0.0
2022-01-16 16:16:08.501897,0.0,0.0,0.0
2022-01-16 16:16:09.010831,0.0,0.0,0.0
2022-01-16 16:16:09.505744,0.0,0.0,0.0
2022-01-16 16:16:10.002490,0.0,0.0,0.0
2022-01-16 16:16:10.501206,0.0,0.0,0.0
2022-01-16 16:16:11.010147,0.0,0.0,0.0
2022-01-16 16:16:11.506316,0.0,0.0,0.0
2022-01-16 16:16:12.004137,0.0,0.0,0.0
2022-01-16 16:16:12.509128,0.0,0.0,0.0
2022-01-16 16:16:13.009187,0.0,0.0,0.0
2022-01-16 16:16:13.504316,0.0,0.0,0.0
2022-01-16 16:16:14.004327,0.0,0.0,0.0
2022-01-16 16:16:14.509933,0.0,0.0,0.0
2022-01-16 16:16:15.006588,0.0,0.0,0.0
2022-01-16 16:16:15.501170,0.0,0.0,0.0
2022-01-16 16:16:16.009670,0.0,0.0,0.0
2022-01-16 16:16:16.503745,0.0,0.0,0.0
2022-01-16 16:16:17.001815,0.0,0.0,0.0
2022-01-16 16:16:17.510129,0.0,0.0,0.0
2022-01-16 16:16:18.008333,0.0,0.0,0.0
2022-01-16 16:16:18.502171,0.0,0.0,0.0
2022-01-16 16:16:19.001721,0.0,0.0,0.0
2022-01-16 16:16:19.506157,0.0,0.0,0.0
2022-01-16 16:16:20.005098,0.0,0.0,0.0
2022-01-16 16:16:20.510578,0.0,0.0,0.0
2022-01-16 16:16:21.009033,0.0,0.0,0.0
2022-01-16 16:16:21.503386,0.0,0.0,0.0
2022-01-16 16:16:22.003335,0.0,0.0,0.0
2022-01-16 16:16:22.507489,0.0,0.0,0.0
2022-01-16 16:16:23.005130,0.0,0.0,0.0
2022-01-16 16:16:23.510935,0.0,0.0,0.0
2022-01-16 16:16:24.008877,0.0,0.0,0.0
2022-01-16 16:16:24.504071,0.0,0.0,0.0
2022-01-16 16:16:25.002464,0.0,0.0,0.0
2022-01-16 16:16:25.507486,0.0,0.0,0.0
2022-01-16 16:16:26.005171,0.0,0.0,0.0
2022-01-16 16:16:26.501839,0.0,0.0,0.0
2022-01-16 16:16:27.011354,0.0,0.0,0.0
2022-01-16 16:16:27.505384,0.0,0.0,0.0
2022-01-16 16:16:28.003917,0.0,0.0,0.0
2022-01-16 16:16:28.510181,0.0,0.0,0.0
2022-01-16 16:16:29.008608,0.0,0.0,0.0
2022-01-16 16:16:29.502245,0.0,0.0,0.0
2022-01-16 16:16:30.001179,0.0,0.0,0.0
2022-01-16 16:16:30.508978,0.0,0.0,0.0
2022-01-16 16:16:31.006495,0.0,0.0,0.0
2022-01-16 16:16:31.501108,0.0,0.0,0.0
2022-01-16 16:16:32.010154,0.0,0.0,0.0
2022-01-16 16:16:32.504807,0.0,0.0,0.0
2022-01-16 16:16:33.001879,0.0,0.0,0.0
2022-01-16 16:16:33.506184,0.0,0.0,0.0
2022-01-16 16:16:34.005140,0.0,0.0,0.0
2022-01-16 16:16:34.510196,0.0,0.0,0.0
2022-01-16 16:16:35.009811,0.0,0.0,0.0
2022-01-16 16:16:35.506538,0.0,0.0,0.0
2022-01-16 16:16:36.004150,0.0,0.0,0.0
2022-01-16 16:16:36.509924,0.0,0.0,0.0
2022-01-16 16:16:37.008716,0.0,0.0,0.0
2022-01-16 16:16:37.503244,0.0,0.0,0.0
2022-01-16 16:16:38.001613,0.0,0.0,0.0
2022-01-16 16:16:38.507922,0.0,0.0,0.0
2022-01-16 16:16:39.009160,0.0,0.0,0.0
2022-01-16 16:16:39.505327,0.0,0.0,0.0
2022-01-16 16:16:40.004504,0.0,0.0,0.0
2022-01-16 16:16:40.509893,0.0,0.0,0.0
2022-01-16 16:16:41.008615,0.0,0.0,0.0
2022-01-16 16:16:41.504541,0.0,0.0,0.0
2022-01-16 16:16:42.001212,0.0,0.0,0.0
2022-01-16 16:16:42.505127,0.0,0.0,0.0
2022-01-16 16:16:43.003512,0.0,0.0,0.0
2022-01-16 16:16:43.508737,0.0,0.0,0.0
2022-01-16 16:16:44.008656,0.0,0.0,0.0
2022-01-16 16:16:44.504058,0.0,0.0,0.0
2022-01-16 16:16:45.001937,0.0,0.0,0.0
2022-01-16 16:16:45.506878,0.0,0.0,0.0
2022-01-16 16:16:46.004600,0.0,0.0,0.0
2022-01-16 16:16:46.509588,0.0,0.0,0.0
2022-01-16 16:16:47.006660,0.0,0.0,0.0
2022-01-16 16:16:47.501873,0.0,0.0,0.0
2022-01-16 16:16:48.001117,0.0,0.0,0.0
2022-01-16 16:16:48.506741,0.0,0.0,0.0
2022-01-16 16:16:49.004895,0.0,0.0,0.0
2022-01-16 16:16:49.510416,0.0,0.0,0.0
2022-01-16 16:16:50.008456,0.0,0.0,0.0
2022-01-16 16:16:50.502402,0.0,0.0,0.0
2022-01-16 16:16:51.002265,0.0,0.0,0.0
2022-01-16 16:16:51.506510,0.0,0.0,0.0
2022-01-16 16:16:52.004822,0.0,0.0,0.0
2022-01-16 16:16:52.509499,0.0,0.0,0.0
2022-01-16 16:16:53.005558,0.0,0.0,0.0
2022-01-16 16:16:53.501475,0.0,0.0,0.0
2022-01-16 16:16:54.009220,0.0,0.0,0.0
2022-01-16 16:16:54.504676,0.0,0.0,0.0
2022-01-16 16:16:55.002496,0.0,0.0,0.0
2022-01-16 16:16:55.506672,0.0,0.0,0.0
2022-01-16 16:16:56.004762,0.0,0.0,0.0
2022-01-16 16:16:56.509711,0.0,0.0,0.0
2022-01-16 16:16:57.007145,0.0,0.0,0.0
2022-01-16 16:16:57.504042,0.0,0.0,0.0
2022-01-16 16:16:58.003396,0.0,0.0,0.0
2022-01-16 16:16:58.507453,0.0,0.0,0.0
2022-01-16 16:16:59.005180,0.0,0.0,0.0
2022-01-16 16:16:59.508723,0.0,0.0,0.0
2022-01-16 16:17:00.008748,0.0,0.0,0.0
2022-01-16 16:17:00.504730,0.0,0.0,0.0
2022-01-16 16:17:01.002871,0.0,0.0,0.0
2022-01-16 16:17:01.508362,0.0,0.0,0.0
2022-01-16 16:17:02.007796,0.0,0.0,0.0
2022-01-16 16:17:02.502205,0.0,0.0,0.0
2022-01-16 16:17:03.001044,0.0,0.0,0.0
2022-01-16 16:17:03.505009,0.0,0.0,0.0
2022-01-16 16:17:04.001664,0.0,0.0,0.0
2022-01-16 16:17:04.506764,0.0,0.0,0.0
2022-01-16 16:17:05.005113,0.0,0.0,0.0
2022-01-16 16:17:05.509498,0.0,0.0,0.0
2022-01-16 16:17:06.008783,0.0,0.0,0.0
2022-01-16 16:17:06.503133,0.0,0.0,0.0
2022-01-16 16:17:07.011137,0.0,0.0,0.0
2022-01-16 16:17:07.505286,0.0,0.0,0.0
2022-01-16 16:17:08.003280,0.0,0.0,0.0
2022-01-16 16:17:08.504620,0.0,0.0,0.0
2022-01-16 16:17:09.002037,0.0,0.0,0.0
2022-01-16 16:17:09.508085,0.0,0.0,0.0
2022-01-16 16:17:10.004546,0.0,0.0,0.0
2022-01-16 16:17:10.508623,0.0,0.0,0.0
2022-01-16 16:17:11.006881,0.0,0.0,0.0
2022-01-16 16:17:11.510899,0.0,0.0,0.0
2022-01-16 16:17:12.009395,0.0,0.0,0.0
2022-01-16 16:17:12.504086,0.0,0.0,0.0
2022-01-16 16:17:13.504692,0.0,0.0,0.0
2022-01-16 16:17:14.001580,0.0,0.0,0.0
2022-01-16 16:17:14.507912,0.0,0.0,0.0
2022-01-16 16:17:15.004908,0.0,0.0,0.0
2022-01-16 16:17:15.509998,0.0,0.0,0.0
2022-01-16 16:17:16.009578,0.0,0.0,0.0
2022-01-16 16:17:16.504145,0.0,0.0,0.0
2022-01-16 16:17:17.001157,0.0,0.0,0.0
2022-01-16 16:17:17.505679,0.0,0.0,0.0
2022-01-16 16:17:18.004076,0.0,0.0,0.0
2022-01-16 16:17:18.508484,0.0,0.0,0.0
2022-01-16 16:17:19.005812,0.0,0.0,0.0
2022-01-16 16:17:19.510090,0.0,0.0,0.0
2022-01-16 16:17:20.008182,0.0,0.0,0.0
2022-01-16 16:17:20.504708,0.0,0.0,0.0
2022-01-16 16:17:21.002339,0.0,0.0,0.0
2022-01-16 16:17:21.509095,0.0,0.0,0.0
2022-01-16 16:17:22.006901,0.0,0.0,0.0
2022-01-16 16:17:22.501941,0.0,0.0,0.0
2022-01-16 16:17:23.002027,0.0,0.0,0.0
2022-01-16 16:17:23.506913,0.0,0.0,0.0
2022-01-16 16:17:24.005326,0.0,0.0,0.0
2022-01-16 16:17:24.510113,0.0,0.0,0.0
2022-01-16 16:17:25.009379,0.0,0.0,0.0
2022-01-16 16:17:25.504464,0.0,0.0,0.0
2022-01-16 16:17:26.001703,0.0,0.0,0.0
2022-01-16 16:17:26.506751,0.0,0.0,0.0
2022-01-16 16:17:27.004748,0.0,0.0,0.0
2022-01-16 16:17:27.509279,0.0,0.0,0.0
2022-01-16 16:17:28.008312,0.0,0.0,0.0
2022-01-16 16:17:28.502322,0.0,0.0,0.0
2022-01-16 16:17:29.010794,0.0,0.0,0.0
2022-01-16 16:17:29.507383,0.0,0.0,0.0
2022-01-16 16:17:30.005755,0.0,0.0,0.0
2022-01-16 16:17:30.510303,0.0,0.0,0.0
2022-01-16 16:17:31.009113,0.0,0.0,0.0
2022-01-16 16:17:31.503386,0.0,0.0,0.0
2022-01-16 16:17:32.001043,0.0,0.0,0.0
2022-01-16 16:17:32.505644,0.0,0.0,0.0
2022-01-16 16:17:33.004579,0.0,0.0,0.0
2022-01-16 16:17:33.509519,0.0,0.0,0.0
2022-01-16 16:17:34.008538,0.0,0.0,0.0
2022-01-16 16:17:34.503243,0.0,0.0,0.0
2022-01-16 16:17:35.001284,0.0,0.0,0.0
2022-01-16 16:17:35.506318,0.0,0.0,0.0
2022-01-16 16:17:36.005171,0.0,0.0,0.0
2022-01-16 16:17:36.510217,0.0,0.0,0.0
2022-01-16 16:17:37.009092,0.0,0.0,0.0
2022-01-16 16:17:37.503367,0.0,0.0,0.0
2022-01-16 16:17:38.003030,0.0,0.0,0.0
2022-01-16 16:17:38.507563,0.0,0.0,0.0
2022-01-16 16:17:39.005307,0.0,0.0,0.0
2022-01-16 16:17:40.004511,0.0,0.0,0.0
2022-01-16 16:17:40.508202,0.0,0.0,0.0
2022-01-16 16:17:41.006184,0.0,0.0,0.0
2022-01-16 16:17:41.510795,0.0,0.0,0.0
2022-01-16 16:17:42.008740,0.0,0.0,0.0
2022-01-16 16:17:42.504342,0.0,0.0,0.0
2022-01-16 16:17:43.002978,0.0,0.0,0.0
2022-01-16 16:17:43.506846,0.0,0.0,0.0
2022-01-16 16:17:44.005126,0.0,0.0,0.0
2022-01-16 16:17:44.511208,0.0,0.0,0.0
2022-01-16 16:17:45.504288,0.0,0.0,0.0
2022-01-16 16:17:46.001662,0.0,0.0,0.0
2022-01-16 16:17:46.506562,0.0,0.0,0.0
2022-01-16 16:17:47.005676,0.0,0.0,0.0
2022-01-16 16:17:47.501569,0.0,0.0,0.0
2022-01-16 16:17:48.009390,0.0,0.0,0.0
2022-01-16 16:17:48.504969,0.0,0.0,0.0
2022-01-16 16:17:49.002287,0.0,0.0,0.0
2022-01-16 16:17:49.507491,0.0,0.0,0.0
2022-01-16 16:17:50.003958,0.0,0.0,0.0
2022-01-16 16:17:50.510242,0.0,0.0,0.0
2022-01-16 16:17:51.007907,0.0,0.0,0.0
2022-01-16 16:17:51.503830,0.0,0.0,0.0
2022-01-16 16:17:52.001013,0.0,0.0,0.0
2022-01-16 16:17:52.507172,0.0,0.0,0.0
2022-01-16 16:17:53.005815,0.0,0.0,0.0
2022-01-16 16:17:53.510684,0.0,0.0,0.0
2022-01-16 16:17:54.008920,0.0,0.0,0.0
2022-01-16 16:17:54.502752,0.0,0.0,0.0
2022-01-16 16:17:55.001055,0.0,0.0,0.0
2022-01-16 16:17:55.505577,0.0,0.0,0.0
2022-01-16 16:17:56.004626,0.0,0.0,0.0
2022-01-16 16:17:56.510470,0.0,0.0,0.0
2022-01-16 16:17:57.009182,0.0,0.0,0.0
2022-01-16 16:17:57.503252,0.0,0.0,0.0
2022-01-16 16:17:58.001053,0.0,0.0,0.0
2022-01-16 16:17:58.504863,0.0,0.0,0.0
2022-01-16 16:17:59.002028,0.0,0.0,0.0
2022-01-16 16:17:59.508438,0.0,0.0,0.0
2022-01-16 16:18:00.006012,0.0,0.0,0.0
2022-01-16 16:18:00.510786,0.0,0.0,0.0
2022-01-16 16:18:01.007731,0.0,0.0,0.0
2022-01-16 16:18:01.501782,0.0,0.0,0.0
2022-01-16 16:18:02.009250,0.0,0.0,0.0
2022-01-16 16:18:02.504244,0.0,0.0,0.0
2022-01-16 16:18:03.002349,0.0,0.0,0.0
2022-01-16 16:18:03.507547,0.0,0.0,0.0
2022-01-16 16:18:04.005557,0.0,0.0,0.0
2022-01-16 16:18:04.501152,0.0,0.0,0.0
2022-01-16 16:18:05.009461,0.0,0.0,0.0
2022-01-16 16:18:05.505282,0.0,0.0,0.0
2022-01-16 16:18:06.002860,0.0,0.0,0.0
2022-01-16 16:18:06.507444,0.0,0.0,0.0
2022-01-16 16:18:07.005297,0.0,0.0,0.0
2022-01-16 16:18:07.510213,0.0,0.0,0.0
2022-01-16 16:18:08.009654,0.0,0.0,0.0
2022-01-16 16:18:08.504569,0.0,0.0,0.0
2022-01-16 16:18:09.001151,0.0,0.0,0.0
2022-01-16 16:18:09.507734,0.0,0.0,0.0
2022-01-16 16:18:10.002598,0.0,0.0,0.0
2022-01-16 16:18:10.505756,0.0,0.0,0.0
2022-01-16 16:18:11.004230,0.0,0.0,0.0
2022-01-16 16:18:11.508828,0.0,0.0,0.0
2022-01-16 16:18:12.006565,0.0,0.0,0.0
2022-01-16 16:18:12.501652,0.0,0.0,0.0
2022-01-16 16:18:13.009371,0.0,0.0,0.0
2022-01-16 16:18:13.502769,0.0,0.0,0.0
2022-01-16 16:18:14.002614,0.0,0.0,0.0
2022-01-16 16:18:14.506937,0.0,0.0,0.0
2022-01-16 16:18:15.004642,0.0,0.0,0.0
2022-01-16 16:18:15.509999,0.0,0.0,0.0
2022-01-16 16:18:16.008996,0.0,0.0,0.0
2022-01-16 16:18:16.502355,0.0,0.0,0.0
2022-01-16 16:18:17.009648,0.0,0.0,0.0
2022-01-16 16:18:17.503405,0.0,0.0,0.0
2022-01-16 16:18:18.504728,0.0,0.0,0.0
2022-01-16 16:18:19.002776,0.0,0.0,0.0
2022-01-16 16:18:19.508371,0.0,0.0,0.0
2022-01-16 16:18:20.006523,0.0,0.0,0.0
2022-01-16 16:18:20.501338,0.0,0.0,0.0
2022-01-16 16:18:21.008727,0.0,0.0,0.0
2022-01-16 16:18:21.503523,0.0,0.0,0.0
2022-01-16 16:18:22.001582,0.0,0.0,0.0
2022-01-16 16:18:22.506200,0.0,0.0,0.0
2022-01-16 16:18:23.004287,0.0,0.0,0.0
2022-01-16 16:18:23.501190,0.0,0.0,0.0
2022-01-16 16:18:24.008771,0.0,0.0,0.0
2022-01-16 16:18:24.506174,0.0,0.0,0.0
2022-01-16 16:18:25.005705,0.0,0.0,0.0
2022-01-16 16:18:25.510185,0.0,0.0,0.0
2022-01-16 16:18:26.009409,0.0,0.0,0.0
2022-01-16 16:18:26.506914,0.0,0.0,0.0
2022-01-16 16:18:27.005069,0.0,0.0,0.0
2022-01-16 16:18:27.500955,0.0,0.0,0.0
2022-01-16 16:18:28.007746,0.0,0.0,0.0
2022-01-16 16:18:28.503920,0.0,0.0,0.0
2022-01-16 16:18:29.001107,0.0,0.0,0.0
2022-01-16 16:18:29.506069,0.0,0.0,0.0
2022-01-16 16:18:30.004187,0.0,0.0,0.0
2022-01-16 16:18:30.510600,0.0,0.0,0.0
2022-01-16 16:18:31.009323,0.0,0.0,0.0
2022-01-16 16:18:31.504761,0.0,0.0,0.0
2022-01-16 16:18:32.002643,0.0,0.0,0.0
2022-01-16 16:18:32.508491,0.0,0.0,0.0
2022-01-16 16:18:33.006039,0.0,0.0,0.0
2022-01-16 16:18:33.501659,0.0,0.0,0.0
2022-01-16 16:18:34.009881,0.0,0.0,0.0
2022-01-16 16:18:34.504893,0.0,0.0,0.0
2022-01-16 16:18:35.002268,0.0,0.0,0.0
2022-01-16 16:18:35.509129,0.0,0.0,0.0
2022-01-16 16:18:36.005646,0.0,0.0,0.0
2022-01-16 16:18:36.510801,0.0,0.0,0.0
2022-01-16 16:18:37.008850,0.0,0.0,0.0
2022-01-16 16:18:37.503116,0.0,0.0,0.0
2022-01-16 16:18:38.002059,0.0,0.0,0.0
2022-01-16 16:18:38.506669,0.0,0.0,0.0
2022-01-16 16:18:39.004603,0.0,0.0,0.0
2022-01-16 16:18:39.509616,0.0,0.0,0.0
2022-01-16 16:18:40.007909,0.0,0.0,0.0
2022-01-16 16:18:40.504205,0.0,0.0,0.0
2022-01-16 16:18:41.009169,0.0,0.0,0.0
2022-01-16 16:18:41.505283,0.0,0.0,0.0
2022-01-16 16:18:42.003306,0.0,0.0,0.0
2022-01-16 16:18:42.507352,0.0,0.0,0.0
2022-01-16 16:18:43.005236,0.0,0.0,0.0
2022-01-16 16:18:43.510900,0.0,0.0,0.0
2022-01-16 16:18:44.008993,0.0,0.0,0.0
2022-01-16 16:18:44.502304,0.0,0.0,0.0
2022-01-16 16:18:45.010390,0.0,0.0,0.0
2022-01-16 16:18:45.505643,0.0,0.0,0.0
2022-01-16 16:18:46.005195,0.0,0.0,0.0
2022-01-16 16:18:46.501922,0.0,0.0,0.0
2022-01-16 16:18:47.010859,0.0,0.0,0.0
2022-01-16 16:18:47.507128,0.0,0.0,0.0
2022-01-16 16:18:48.007357,0.0,0.0,0.0
2022-01-16 16:18:48.503268,0.0,0.0,0.0
2022-01-16 16:18:49.002153,0.0,0.0,0.0
2022-01-16 16:18:49.508204,0.0,0.0,0.0
2022-01-16 16:18:50.006620,0.0,0.0,0.0
2022-01-16 16:18:50.501569,0.0,0.0,0.0
2022-01-16 16:18:51.009729,0.0,0.0,0.0
2022-01-16 16:18:51.504594,0.0,0.0,0.0
2022-01-16 16:18:52.002443,0.0,0.0,0.0
2022-01-16 16:18:52.508814,0.0,0.0,0.0
2022-01-16 16:18:53.006079,0.0,0.0,0.0
2022-01-16 16:18:53.501311,0.0,0.0,0.0
2022-01-16 16:18:54.008704,0.0,0.0,0.0
2022-01-16 16:18:54.504582,0.0,0.0,0.0
2022-01-16 16:18:55.002208,0.0,0.0,0.0
2022-01-16 16:18:55.507338,0.0,0.0,0.0
2022-01-16 16:18:56.007371,0.0,0.0,0.0
2022-01-16 16:18:56.502781,0.0,0.0,0.0
2022-01-16 16:18:57.001056,0.0,0.0,0.0
2022-01-16 16:18:57.505585,0.0,0.0,0.0
2022-01-16 16:18:58.004807,0.0,0.0,0.0
2022-01-16 16:18:58.510776,0.0,0.0,0.0
2022-01-16 16:18:59.010369,0.0,0.0,0.0
2022-01-16 16:18:59.504046,0.0,0.0,0.0
2022-01-16 16:19:00.002084,0.0,0.0,0.0
2022-01-16 16:19:00.506269,0.0,0.0,0.0
2022-01-16 16:19:01.003644,0.0,0.0,0.0
2022-01-16 16:19:01.506786,0.0,0.0,0.0
2022-01-16 16:19:02.004754,0.0,0.0,0.0
2022-01-16 16:19:02.502056,0.0,0.0,0.0
2022-01-16 16:19:03.010153,0.0,0.0,0.0
2022-01-16 16:19:03.504858,0.0,0.0,0.0
2022-01-16 16:19:04.001889,0.0,0.0,0.0
2022-01-16 16:19:04.506222,0.0,0.0,0.0
2022-01-16 16:19:05.004826,0.0,0.0,0.0
2022-01-16 16:19:05.510406,0.0,0.0,0.0
2022-01-16 16:19:06.008696,0.0,0.0,0.0
2022-01-16 16:19:06.504014,0.0,0.0,0.0
2022-01-16 16:19:07.001872,0.0,0.0,0.0
2022-01-16 16:19:07.509635,0.0,0.0,0.0
2022-01-16 16:19:08.008138,0.0,0.0,0.0
2022-01-16 16:19:08.503504,0.0,0.0,0.0
2022-01-16 16:19:09.010503,0.0,0.0,0.0
2022-01-16 16:19:09.505845,0.0,0.0,0.0
2022-01-16 16:19:10.002340,0.0,0.0,0.0
2022-01-16 16:19:10.506654,0.0,0.0,0.0
2022-01-16 16:19:11.005068,0.0,0.0,0.0
2022-01-16 16:19:11.509987,0.0,0.0,0.0
2022-01-16 16:19:12.008441,0.0,0.0,0.0
2022-01-16 16:19:12.504251,0.0,0.0,0.0
2022-01-16 16:19:13.004044,0.0,0.0,0.0
2022-01-16 16:19:13.510760,0.0,0.0,0.0
2022-01-16 16:19:14.009064,0.0,0.0,0.0
2022-01-16 16:19:14.504800,0.0,0.0,0.0
2022-01-16 16:19:15.002820,0.0,0.0,0.0
2022-01-16 16:19:15.508690,0.0,0.0,0.0
2022-01-16 16:19:16.005682,0.0,0.0,0.0
2022-01-16 16:19:16.509542,0.0,0.0,0.0
2022-01-16 16:19:17.008720,0.0,0.0,0.0
2022-01-16 16:19:17.505721,0.0,0.0,0.0
2022-01-16 16:19:18.005043,0.0,0.0,0.0
2022-01-16 16:19:18.509487,0.0,0.0,0.0
2022-01-16 16:19:19.007656,0.0,0.0,0.0
2022-01-16 16:19:19.502702,0.0,0.0,0.0
2022-01-16 16:19:20.010641,0.0,0.0,0.0
2022-01-16 16:19:20.504679,0.0,0.0,0.0
2022-01-16 16:19:21.002251,0.0,0.0,0.0
2022-01-16 16:19:21.507499,0.0,0.0,0.0
2022-01-16 16:19:22.006959,0.0,0.0,0.0
2022-01-16 16:19:22.502419,0.0,0.0,0.0
2022-01-16 16:19:23.010559,0.0,0.0,0.0
2022-01-16 16:19:23.505190,0.0,0.0,0.0
2022-01-16 16:19:24.003078,0.0,0.0,0.0
2022-01-16 16:19:24.508052,0.0,0.0,0.0
2022-01-16 16:19:25.007722,0.0,0.0,0.0
2022-01-16 16:19:25.501772,0.0,0.0,0.0
2022-01-16 16:19:26.010169,0.0,0.0,0.0
2022-01-16 16:19:26.506684,0.0,0.0,0.0
2022-01-16 16:19:27.003875,0.0,0.0,0.0
2022-01-16 16:19:27.509096,0.0,0.0,0.0
2022-01-16 16:19:28.007242,0.0,0.0,0.0
2022-01-16 16:19:28.503590,0.0,0.0,0.0
2022-01-16 16:19:29.011092,0.0,0.0,0.0
2022-01-16 16:19:29.506481,0.0,0.0,0.0
2022-01-16 16:19:30.006396,0.0,0.0,0.0
2022-01-16 16:19:30.501680,0.0,0.0,0.0
2022-01-16 16:19:31.001149,0.0,0.0,0.0
2022-01-16 16:19:31.506400,0.0,0.0,0.0
2022-01-16 16:19:32.003507,0.0,0.0,0.0
2022-01-16 16:19:32.508767,0.0,0.0,0.0
2022-01-16 16:19:33.006123,0.0,0.0,0.0
2022-01-16 16:19:33.510249,0.0,0.0,0.0
2022-01-16 16:19:34.007614,0.0,0.0,0.0
2022-01-16 16:19:34.502840,0.0,0.0,0.0
2022-01-16 16:19:35.001755,0.0,0.0,0.0
2022-01-16 16:19:35.507985,0.05074,0.0,0.0
2022-01-16 16:19:36.005953,0.0,0.0,0.0
2022-01-16 16:19:36.510516,0.0,0.0,0.0
2022-01-16 16:19:37.008358,0.0,0.0,0.0
2022-01-16 16:19:37.503213,0.0,0.0,0.0
2022-01-16 16:19:38.010914,0.0,0.0,0.0
2022-01-16 16:19:38.505961,0.0,0.0,0.0
2022-01-16 16:19:39.004635,0.0,0.0,0.0
2022-01-16 16:19:39.510073,0.0,0.0,0.0
2022-01-16 16:19:40.008013,0.0,0.0,0.0
2022-01-16 16:19:40.503333,0.0,0.0,0.0
2022-01-16 16:19:41.001114,0.0,0.0,0.0
2022-01-16 16:19:41.505496,0.0,0.0,0.0
2022-01-16 16:19:42.004957,0.0,0.0,0.0
2022-01-16 16:19:42.510190,0.0,0.0,0.0
2022-01-16 16:19:43.009577,0.0,0.0,0.0
2022-01-16 16:19:43.505661,0.0,0.0,0.0
2022-01-16 16:19:44.004629,0.0,0.0,0.0
2022-01-16 16:19:44.509141,0.0,0.0,0.0
2022-01-16 16:19:45.006587,0.0,0.0,0.0
2022-01-16 16:19:45.501619,0.0,0.0,0.0
2022-01-16 16:19:46.505771,0.0,0.0,0.0
2022-01-16 16:19:47.004773,0.0,0.0,0.0
2022-01-16 16:19:47.510804,0.0,0.0,0.0
2022-01-16 16:19:48.007677,0.0,0.0,0.0
2022-01-16 16:19:48.504653,0.0,0.0,0.0
2022-01-16 16:19:49.002189,0.0,0.0,0.0
2022-01-16 16:19:49.506608,0.0,0.0,0.0
2022-01-16 16:19:50.005448,0.0,0.0,0.0
2022-01-16 16:19:50.509087,0.0,0.0,0.0
2022-01-16 16:19:51.006860,0.0,0.0,0.0
2022-01-16 16:19:51.502189,0.0,0.0,0.0
2022-01-16 16:19:52.001597,0.0,0.0,0.0
2022-01-16 16:19:52.507266,0.0,0.0,0.0
2022-01-16 16:19:53.006380,0.0,0.0,0.0
2022-01-16 16:19:53.503719,0.0,0.0,0.0
2022-01-16 16:19:54.001459,0.0,0.0,0.0
2022-01-16 16:19:54.507724,0.0,0.0,0.0
2022-01-16 16:19:55.006092,0.0,0.0,0.0
2022-01-16 16:19:55.509448,0.0,0.0,0.0
2022-01-16 16:19:56.007540,0.0,0.0,0.0
2022-01-16 16:19:56.501101,0.0,0.0,0.0
2022-01-16 16:19:57.009585,0.0,0.0,0.0
2022-01-16 16:19:57.505744,0.0,0.0,0.0
2022-01-16 16:19:58.004337,0.0,0.0,0.0
2022-01-16 16:19:58.509712,0.0,0.0,0.0
2022-01-16 16:19:59.006399,0.0,0.0,0.0
2022-01-16 16:19:59.509102,0.0,0.0,0.0
2022-01-16 16:20:00.007309,0.0,0.0,0.0
2022-01-16 16:20:00.502283,0.0,0.0,0.0
2022-01-16 16:20:01.010856,0.0,0.0,0.0
2022-01-16 16:20:01.507450,0.0,0.0,0.0
2022-01-16 16:20:02.006791,0.0,0.0,0.0
2022-01-16 16:20:02.502740,0.0,0.0,0.0
2022-01-16 16:20:03.011196,0.0,0.0,0.0
2022-01-16 16:20:03.504584,0.0,0.0,0.0
2022-01-16 16:20:04.003013,0.0,0.0,0.0
2022-01-16 16:20:04.507708,0.0,0.0,0.0
2022-01-16 16:20:05.004679,0.0,0.0,0.0
2022-01-16 16:20:05.508102,0.0,0.0,0.0
2022-01-16 16:20:06.006569,0.0,0.0,0.0
2022-01-16 16:20:06.503290,0.0,0.0,0.0
2022-01-16 16:20:07.504252,0.0,0.0,0.0
2022-01-16 16:20:08.003595,0.0,0.0,0.0
2022-01-16 16:20:08.509453,0.0,0.0,0.0
2022-01-16 16:20:09.006972,0.0,0.0,0.0
2022-01-16 16:20:09.502308,0.0,0.0,0.0
2022-01-16 16:20:10.010184,0.0,0.0,0.0
2022-01-16 16:20:10.504751,0.0,0.0,0.0
2022-01-16 16:20:11.001908,0.0,0.0,0.0
2022-01-16 16:20:11.509207,0.0,0.0,0.0
2022-01-16 16:20:12.007890,0.0,0.0,0.0
2022-01-16 16:20:12.501678,0.0,0.0,0.0
2022-01-16 16:20:13.001108,0.0,0.0,0.0
2022-01-16 16:20:13.506468,0.0,0.0,0.0
2022-01-16 16:20:14.003583,0.0,0.0,0.0
2022-01-16 16:20:14.508595,0.0,0.0,0.0
2022-01-16 16:20:15.005948,0.0,0.0,0.0
2022-01-16 16:20:15.502436,0.0,0.0,-0.03864
2022-01-16 16:20:16.010781,0.0,0.0,-0.03864
2022-01-16 16:20:16.505071,0.0,0.0,-0.03864
2022-01-16 16:20:17.002302,0.0,0.0,-0.03864
2022-01-16 16:20:17.506947,0.0,0.0,0.0
2022-01-16 16:20:18.003007,0.0,0.0,0.0
2022-01-16 16:20:18.509099,0.0,0.0,0.0
2022-01-16 16:20:19.007120,0.0,0.0,0.0
2022-01-16 16:20:19.501693,0.0,0.0,0.0
2022-01-16 16:20:20.001805,0.0,0.0,0.0
2022-01-16 16:20:20.507031,0.0,0.0,0.0
2022-01-16 16:20:21.005131,0.0,0.0,0.0
2022-01-16 16:20:21.501183,0.0,0.0,0.0
2022-01-16 16:20:22.008599,0.0,0.0,0.0
2022-01-16 16:20:22.503551,0.0,0.0,0.0
2022-01-16 16:20:23.011116,0.0,0.0,0.0
2022-01-16 16:20:23.505510,0.0,0.0,0.0
2022-01-16 16:20:24.003449,0.0,0.0,0.0
2022-01-16 16:20:24.501787,0.0,0.0,0.0
2022-01-16 16:20:25.009629,0.0,0.0,0.0
2022-01-16 16:20:25.504761,0.0,0.0,0.0
2022-01-16 16:20:26.003411,0.0,0.0,0.0
2022-01-16 16:20:26.508008,0.0,0.0,0.0
2022-01-16 16:20:27.006932,0.0,0.0,0.0
2022-01-16 16:20:27.501044,0.0,0.0,0.0
2022-01-16 16:20:28.009053,0.0,0.0,0.0
2022-01-16 16:20:28.504936,0.0,0.0,0.0
2022-01-16 16:20:29.003331,0.0,0.0,0.0
2022-01-16 16:20:29.507982,0.0,0.0,0.0
2022-01-16 16:20:30.006556,0.0,0.0,0.0
2022-01-16 16:20:30.501111,0.0,0.0,0.0
2022-01-16 16:20:31.010864,0.0,0.0,0.0
2022-01-16 16:20:31.505102,0.0,0.0,0.0
2022-01-16 16:20:32.002630,0.0,0.0,0.0
2022-01-16 16:20:32.507451,0.0,0.0,0.0
2022-01-16 16:20:33.005094,0.0,0.0,0.0
2022-01-16 16:20:33.505001,0.0,0.0,0.0
2022-01-16 16:20:34.001385,0.0,0.0,0.0
2022-01-16 16:20:34.501118,0.0,0.0,0.0
2022-01-16 16:20:35.008721,0.0,0.0,0.0
2022-01-16 16:20:35.503427,0.0,0.0,0.0
2022-01-16 16:20:36.004683,0.0,0.0,0.0
2022-01-16 16:20:36.502244,0.0,0.0,0.0
2022-01-16 16:20:37.007674,0.0,0.0,0.0
2022-01-16 16:20:37.501047,0.0,0.0,0.0
2022-01-16 16:20:38.010392,0.0,0.0,0.0
2022-01-16 16:20:38.504551,0.0,0.0,0.0
2022-01-16 16:20:39.002272,0.0,0.0,0.0
2022-01-16 16:20:39.507412,0.0,0.0,0.0
2022-01-16 16:20:40.005475,0.0,0.0,0.0
2022-01-16 16:20:40.509746,0.0,0.0,0.0
2022-01-16 16:20:41.008512,0.0,0.0,0.0
2022-01-16 16:20:41.502530,0.0,0.0,0.0
2022-01-16 16:20:42.001299,0.0,0.0,0.0
2022-01-16 16:20:42.508169,0.0,0.0,0.0
2022-01-16 16:20:43.006432,0.0,0.0,0.0
2022-01-16 16:20:43.502275,0.0,0.0,0.0
2022-01-16 16:20:44.010781,0.0,0.0,0.0
2022-01-16 16:20:44.506485,0.0,0.0,0.0
2022-01-16 16:20:45.005912,0.0,0.0,0.0
2022-01-16 16:20:45.509567,0.0,0.0,0.0
2022-01-16 16:20:46.008633,0.0,0.0,0.0
2022-01-16 16:20:46.504316,0.0,0.0,0.0
2022-01-16 16:20:47.001995,0.0,0.0,0.0
2022-01-16 16:20:47.508537,0.0,0.0,0.0
2022-01-16 16:20:48.006974,0.0,0.0,0.0
2022-01-16 16:20:48.502305,0.0,0.0,0.0
2022-01-16 16:20:49.010461,0.0,0.0,0.0
2022-01-16 16:20:49.505331,0.0,0.0,0.0
2022-01-16 16:20:50.003107,0.0,0.0,0.0
2022-01-16 16:20:50.508588,0.0,0.0,0.0
2022-01-16 16:20:51.007583,0.0,0.0,0.0
2022-01-16 16:20:51.502740,0.0,0.0,0.0
2022-01-16 16:20:52.010129,0.0,0.0,0.0
2022-01-16 16:20:52.506539,0.0,0.0,0.0
2022-01-16 16:20:53.004748,0.0,0.0,0.0
2022-01-16 16:20:53.510068,0.0,0.0,-0.03864
2022-01-16 16:20:54.010813,0.0,0.0,-0.03864
2022-01-16 16:20:54.505127,0.0,0.0,0.0
2022-01-16 16:20:55.003036,0.0,0.0,0.0
2022-01-16 16:20:55.508292,0.0,0.0,0.0
2022-01-16 16:20:56.007526,0.0,0.0,0.0
2022-01-16 16:20:56.502409,0.0,0.0,0.0
2022-01-16 16:20:57.010173,0.0,0.0,0.0
2022-01-16 16:20:57.504052,0.0,0.0,0.0
2022-01-16 16:20:58.002923,0.0,0.0,0.0
2022-01-16 16:20:58.508184,0.0,0.0,0.0
2022-01-16 16:20:59.005647,0.0,0.0,0.0
2022-01-16 16:20:59.510825,0.0,0.0,0.0
2022-01-16 16:21:00.008118,0.0,0.0,0.0
2022-01-16 16:21:00.501776,0.0,0.0,0.0
2022-01-16 16:21:01.010393,0.0,0.0,0.0
2022-01-16 16:21:01.504363,0.0,0.0,0.0
2022-01-16 16:21:02.002610,0.0,0.0,0.0
2022-01-16 16:21:02.508036,0.0,0.0,0.0
2022-01-16 16:21:03.005285,0.0,0.0,0.0
2022-01-16 16:21:03.510750,0.0,0.0,0.0
2022-01-16 16:21:04.008215,0.0,0.0,0.0
2022-01-16 16:21:04.506244,0.0,0.0,0.0
2022-01-16 16:21:05.004515,0.0,0.0,0.0
2022-01-16 16:21:05.510438,0.0,0.0,0.0
2022-01-16 16:21:06.009312,0.0,0.0,0.0
2022-01-16 16:21:06.503533,0.0,0.0,0.0
2022-01-16 16:21:07.010864,0.0,0.0,0.0
2022-01-16 16:21:07.506276,0.0,0.0,0.0
2022-01-16 16:21:08.004354,0.0,0.0,0.0
2022-01-16 16:21:08.509530,0.0,0.0,0.0
2022-01-16 16:21:09.007518,0.0,0.0,0.0
2022-01-16 16:21:09.501906,0.0,0.0,0.0
2022-01-16 16:21:10.010314,0.0,0.0,0.0
2022-01-16 16:21:10.505358,0.0,0.0,0.0
2022-01-16 16:21:11.003317,0.0,0.0,0.0
2022-01-16 16:21:11.506761,0.0,0.0,0.0
2022-01-16 16:21:12.004993,0.0,0.0,0.0
2022-01-16 16:21:12.510435,0.0,0.0,0.0
2022-01-16 16:21:13.008729,0.0,0.0,0.0
2022-01-16 16:21:13.505627,0.0,0.0,0.0
2022-01-16 16:21:14.004246,0.0,0.0,0.0
2022-01-16 16:21:14.509795,0.0,0.0,0.0
2022-01-16 16:21:15.007837,0.0,0.0,0.0
2022-01-16 16:21:15.502503,0.0,0.0,0.0
2022-01-16 16:21:16.001456,0.0,0.0,0.0
2022-01-16 16:21:16.509721,0.0,0.0,0.0
2022-01-16 16:21:17.008016,0.0,0.0,0.0
2022-01-16 16:21:17.505875,0.0,0.0,0.0
2022-01-16 16:21:18.005008,0.0,0.0,0.0
2022-01-16 16:21:18.510238,0.0,0.0,0.0
2022-01-16 16:21:19.008194,0.0,0.0,0.0
2022-01-16 16:21:19.502843,0.0,0.0,0.0
2022-01-16 16:21:20.001543,0.0,0.0,0.0
2022-01-16 16:21:20.506458,0.0,0.0,0.0
2022-01-16 16:21:21.005518,0.0,0.0,0.0
2022-01-16 16:21:21.511214,0.0,0.0,0.0
2022-01-16 16:21:22.010794,0.0,0.0,0.0
2022-01-16 16:21:22.506344,0.0,0.0,0.0
2022-01-16 16:21:23.004184,0.0,0.0,0.0
2022-01-16 16:21:23.511278,0.0,0.0,0.03864
2022-01-16 16:21:24.009960,0.0,0.0,0.03864
2022-01-16 16:21:24.504337,0.0,0.0,0.0
2022-01-16 16:21:25.001803,0.0,0.0,0.0
2022-01-16 16:21:25.508423,0.0,0.0,0.0
2022-01-16 16:21:26.006377,0.0,0.0,0.0
2022-01-16 16:21:26.503457,0.0,0.0,0.0
2022-01-16 16:21:27.002308,0.0,0.0,0.0
2022-01-16 16:21:27.507647,0.0,0.0,0.0
2022-01-16 16:21:28.006977,0.0,0.0,0.0
2022-01-16 16:21:28.502094,0.0,0.0,0.0
2022-01-16 16:21:29.001849,0.0,0.0,0.0
2022-01-16 16:21:29.506207,0.0,0.0,0.0
2022-01-16 16:21:30.006644,0.0,0.0,0.0
2022-01-16 16:21:30.502517,0.0,0.0,0.0
2022-01-16 16:21:31.001438,0.0,0.0,0.0
2022-01-16 16:21:31.507124,0.0,0.0,0.0
2022-01-16 16:21:32.004239,0.0,0.0,0.0
2022-01-16 16:21:32.510900,0.0,0.0,-0.03864
