時間,回転１,回転２,回転３
2022-01-16 20:00:00.011549,0.0,0.0,0.0
2022-01-16 20:00:00.510493,0.0,0.0,0.0
2022-01-16 20:00:01.008105,0.0,0.0,0.0
2022-01-16 20:00:01.504116,0.0,0.0,0.0
2022-01-16 20:00:02.508391,0.0,0.0,0.0
2022-01-16 20:00:03.010465,0.0,0.0,0.0
2022-01-16 20:00:03.504750,0.0,0.0,0.0
2022-01-16 20:00:04.002573,0.0,0.0,0.0
2022-01-16 20:00:04.509560,0.0,0.0,0.0
2022-01-16 20:00:05.009225,0.0,0.0,0.0
2022-01-16 20:00:05.510073,0.0,0.0,0.0
2022-01-16 20:00:06.007475,0.0,0.0,0.0
2022-01-16 20:00:06.501956,0.0,0.0,0.0
2022-01-16 20:00:07.011212,0.0,0.0,0.0
2022-01-16 20:00:07.505582,0.0,0.0,0.0
2022-01-16 20:00:08.003992,0.0,0.0,0.0
2022-01-16 20:00:08.507890,0.0,0.0,0.0
2022-01-16 20:00:09.007392,0.0,0.0,0.0
2022-01-16 20:00:09.501608,0.0,0.0,0.0
2022-01-16 20:00:10.009915,0.0,0.0,0.0
2022-01-16 20:00:10.506401,0.0,0.0,0.0
2022-01-16 20:00:11.003310,0.0,0.0,0.0
2022-01-16 20:00:11.508304,0.0,0.0,0.0
2022-01-16 20:00:12.005328,0.0,0.0,0.0
2022-01-16 20:00:12.508765,0.0,0.0,0.0
2022-01-16 20:00:13.006050,0.0,0.0,0.0
2022-01-16 20:00:13.501988,0.0,0.0,0.0
2022-01-16 20:00:14.001107,0.0,0.0,0.0
2022-01-16 20:00:14.504954,0.0,0.0,0.0
2022-01-16 20:00:15.002697,0.0,0.0,0.0
2022-01-16 20:00:15.507081,0.0,0.0,0.0
2022-01-16 20:00:16.005793,0.0,0.0,0.0
2022-01-16 20:00:16.510454,0.0,0.0,0.0
2022-01-16 20:00:17.008639,0.0,0.0,0.0
2022-01-16 20:00:17.504437,0.0,0.0,0.0
2022-01-16 20:00:18.001371,0.0,0.0,0.0
2022-01-16 20:00:18.507409,0.0,0.0,0.0
2022-01-16 20:00:19.004770,0.0,0.0,0.0
2022-01-16 20:00:20.004899,0.0,0.0,0.0
2022-01-16 20:00:20.510814,0.0,0.0,0.0
2022-01-16 20:00:21.009524,0.0,0.0,0.0
2022-01-16 20:00:21.504092,0.0,0.0,0.0
2022-01-16 20:00:22.003618,0.0,0.0,0.0
2022-01-16 20:00:22.509158,0.0,0.0,0.0
2022-01-16 20:00:23.007456,0.0,0.0,0.0
2022-01-16 20:00:23.501603,0.0,0.0,0.0
2022-01-16 20:00:24.010917,0.0,0.0,0.0
2022-01-16 20:00:24.505034,0.0,0.0,0.0
2022-01-16 20:00:25.002156,0.0,0.0,0.0
2022-01-16 20:00:25.507537,0.0,0.0,0.0
2022-01-16 20:00:26.005562,0.0,0.0,0.0
2022-01-16 20:00:26.503210,0.0,0.0,0.0
2022-01-16 20:00:27.001187,0.0,0.0,0.0
2022-01-16 20:00:27.503508,0.0,0.0,0.0
2022-01-16 20:00:28.011082,0.0,0.0,0.0
2022-01-16 20:00:28.506938,0.0,0.0,0.0
2022-01-16 20:00:29.006155,0.0,0.0,0.0
2022-01-16 20:00:29.504183,0.0,0.0,0.0
2022-01-16 20:00:30.002931,0.0,0.0,0.0
2022-01-16 20:00:30.508102,0.0,0.0,0.0
2022-01-16 20:00:31.005826,0.0,0.0,0.0
2022-01-16 20:00:31.510404,0.0,0.0,0.0
2022-01-16 20:00:32.008213,0.0,0.0,0.0
2022-01-16 20:00:32.501462,0.0,0.0,0.0
2022-01-16 20:00:33.010836,0.0,0.0,0.0
2022-01-16 20:00:33.506575,0.0,0.0,0.0
2022-01-16 20:00:34.005094,0.0,0.0,0.0
2022-01-16 20:00:34.509895,0.0,0.0,0.0
2022-01-16 20:00:35.003759,0.0,0.0,0.0
2022-01-16 20:00:35.510177,0.0,0.0,0.0
2022-01-16 20:00:36.008084,0.0,0.0,0.0
2022-01-16 20:00:36.502981,0.0,0.0,0.0
2022-01-16 20:00:37.010802,0.0,0.0,0.0
2022-01-16 20:00:37.505919,0.0,0.0,0.0
2022-01-16 20:00:38.004619,0.0,0.0,0.0
2022-01-16 20:00:38.508658,0.0,0.0,0.0
2022-01-16 20:00:39.006925,0.0,0.0,0.0
2022-01-16 20:00:39.504027,0.0,0.0,0.0
2022-01-16 20:00:40.001671,0.0,0.0,0.0
2022-01-16 20:00:40.507534,0.0,0.0,0.0
2022-01-16 20:00:41.004784,0.0,0.0,0.0
2022-01-16 20:00:41.509155,0.0,0.0,0.0
2022-01-16 20:00:42.007554,0.0,0.0,0.0
2022-01-16 20:00:42.504816,0.0,0.0,0.0
2022-01-16 20:00:43.002714,0.0,0.0,0.0
2022-01-16 20:00:43.509319,0.0,0.0,0.0
2022-01-16 20:00:44.007752,0.0,0.0,0.0
2022-01-16 20:00:44.505147,0.0,0.0,0.0
2022-01-16 20:00:45.001772,0.0,0.0,0.0
2022-01-16 20:00:45.506534,0.0,0.0,0.0
2022-01-16 20:00:46.004783,0.0,0.0,0.0
2022-01-16 20:00:46.510770,0.0,0.0,0.0
2022-01-16 20:00:47.008042,0.0,0.0,0.0
2022-01-16 20:00:47.501675,0.0,0.0,0.0
2022-01-16 20:00:48.010121,0.0,0.0,0.0
2022-01-16 20:00:48.506006,0.0,0.0,0.0
2022-01-16 20:00:49.004820,0.0,0.0,0.0
2022-01-16 20:00:49.508942,0.0,0.0,0.0
2022-01-16 20:00:50.006777,0.0,0.0,0.0
2022-01-16 20:00:50.501096,0.0,0.0,0.0
2022-01-16 20:00:51.007580,0.0,0.0,0.0
2022-01-16 20:00:51.501822,0.0,0.0,0.0
2022-01-16 20:00:52.011005,0.0,0.0,0.0
2022-01-16 20:00:52.504628,0.0,0.0,0.0
2022-01-16 20:00:53.002193,0.0,0.0,0.0
2022-01-16 20:00:53.508491,0.0,0.0,0.0
2022-01-16 20:00:54.005625,0.0,0.0,0.0
2022-01-16 20:00:54.509582,0.0,0.0,0.0
2022-01-16 20:00:55.007623,0.0,0.0,0.0
2022-01-16 20:00:55.502063,0.0,0.0,0.0
2022-01-16 20:00:56.001833,0.0,0.0,0.0
2022-01-16 20:00:56.505857,0.0,0.0,0.0
2022-01-16 20:00:57.004297,0.0,0.0,0.0
2022-01-16 20:00:57.501844,0.0,0.0,0.0
2022-01-16 20:00:58.008620,0.0,0.0,0.0
2022-01-16 20:00:58.504711,0.0,0.0,0.0
2022-01-16 20:00:59.002504,0.0,0.0,0.0
2022-01-16 20:00:59.507428,0.0,0.0,0.0
2022-01-16 20:01:00.004533,0.0,0.0,0.0
2022-01-16 20:01:00.509440,0.0,0.0,0.0
2022-01-16 20:01:01.008114,0.0,0.0,0.0
2022-01-16 20:01:01.504503,0.0,0.0,0.0
2022-01-16 20:01:02.001380,0.0,0.0,0.0
2022-01-16 20:01:02.506237,0.0,0.0,0.0
2022-01-16 20:01:03.005113,0.0,0.0,0.0
2022-01-16 20:01:03.509658,0.0,0.0,0.0
2022-01-16 20:01:04.009724,0.0,0.0,0.0
2022-01-16 20:01:04.505866,0.0,0.0,0.0
2022-01-16 20:01:05.003583,0.0,0.0,0.0
2022-01-16 20:01:05.508732,0.0,0.0,0.0
2022-01-16 20:01:06.008033,0.0,0.0,0.0
2022-01-16 20:01:06.503408,0.0,0.0,0.0
2022-01-16 20:01:07.001282,0.0,0.0,0.0
2022-01-16 20:01:07.505160,0.0,0.0,0.0
2022-01-16 20:01:08.003267,0.0,0.0,0.0
2022-01-16 20:01:08.507845,0.0,0.0,0.0
2022-01-16 20:01:09.005614,0.0,0.0,0.0
2022-01-16 20:01:09.501384,0.0,0.0,0.0
2022-01-16 20:01:10.008273,0.0,0.0,0.0
2022-01-16 20:01:10.503556,0.0,0.0,0.0
2022-01-16 20:01:11.504644,0.0,0.0,0.0
2022-01-16 20:01:12.002831,0.0,0.0,0.0
2022-01-16 20:01:12.507433,0.0,0.0,0.0
2022-01-16 20:01:13.009676,0.0,0.0,0.0
2022-01-16 20:01:13.505301,0.0,0.0,0.0
2022-01-16 20:01:14.004655,0.0,0.0,0.0
2022-01-16 20:01:14.508809,0.0,0.0,0.0
2022-01-16 20:01:15.007325,0.0,0.0,0.0
2022-01-16 20:01:15.502655,0.0,0.0,0.0
2022-01-16 20:01:16.010427,0.0,0.0,0.0
2022-01-16 20:01:16.505807,0.0,0.0,0.0
2022-01-16 20:01:17.004358,0.0,0.0,0.0
2022-01-16 20:01:17.509656,0.0,0.0,0.0
2022-01-16 20:01:18.007451,0.0,0.0,0.0
2022-01-16 20:01:18.501523,0.0,0.0,0.0
2022-01-16 20:01:19.008811,0.0,0.0,0.0
2022-01-16 20:01:19.502868,0.0,0.0,0.0
2022-01-16 20:01:20.504738,0.0,0.0,0.0
2022-01-16 20:01:21.002278,0.0,0.0,0.0
2022-01-16 20:01:21.508055,0.0,0.0,0.0
2022-01-16 20:01:22.005349,0.0,0.0,0.0
2022-01-16 20:01:22.501693,0.0,0.0,0.0
2022-01-16 20:01:23.010740,0.0,0.0,0.0
2022-01-16 20:01:23.505137,0.0,0.0,0.0
2022-01-16 20:01:24.002042,0.0,0.0,0.0
2022-01-16 20:01:24.506295,0.0,0.0,0.0
2022-01-16 20:01:25.005790,0.0,0.0,0.0
2022-01-16 20:01:25.510265,0.0,0.0,0.0
2022-01-16 20:01:26.009093,0.0,0.0,0.0
2022-01-16 20:01:26.504469,0.0,0.0,0.0
2022-01-16 20:01:27.002014,0.0,0.0,0.0
2022-01-16 20:01:27.507821,0.0,0.0,0.0
2022-01-16 20:01:28.004587,0.0,0.0,0.0
2022-01-16 20:01:28.509624,0.0,0.0,0.0
2022-01-16 20:01:29.007361,0.0,0.0,0.0
2022-01-16 20:01:29.504349,0.0,0.0,0.0
2022-01-16 20:01:30.004177,0.0,0.0,0.0
2022-01-16 20:01:30.509246,0.0,0.0,0.0
2022-01-16 20:01:31.008282,0.0,0.0,0.0
2022-01-16 20:01:31.502263,0.0,0.0,0.0
2022-01-16 20:01:32.009133,0.0,0.0,0.0
2022-01-16 20:01:32.504514,0.0,0.0,0.0
2022-01-16 20:01:33.005580,0.0,0.0,0.0
2022-01-16 20:01:33.509820,0.0,0.0,0.0
2022-01-16 20:01:34.009227,0.0,0.0,0.0
2022-01-16 20:01:34.504944,0.0,0.0,0.0
2022-01-16 20:01:35.003547,0.0,0.0,0.0
2022-01-16 20:01:35.509131,0.0,0.0,0.0
2022-01-16 20:01:36.001157,0.0,0.0,0.0
2022-01-16 20:01:36.505227,0.0,0.0,0.0
2022-01-16 20:01:37.003443,0.0,0.0,0.0
2022-01-16 20:01:37.507425,0.0,0.0,0.0
2022-01-16 20:01:38.005920,0.0,0.0,0.0
2022-01-16 20:01:38.502195,0.0,0.0,0.0
2022-01-16 20:01:39.010151,0.0,0.0,0.0
2022-01-16 20:01:39.505027,0.0,0.0,0.0
2022-01-16 20:01:40.002310,0.0,0.0,0.0
2022-01-16 20:01:40.507392,0.0,0.0,0.0
2022-01-16 20:01:41.005731,0.0,0.0,0.0
2022-01-16 20:01:41.510210,0.0,0.0,0.0
2022-01-16 20:01:42.008852,0.0,0.0,0.0
2022-01-16 20:01:42.503109,0.0,0.0,0.0
2022-01-16 20:01:43.002829,0.0,0.0,0.0
2022-01-16 20:01:43.507297,0.0,0.0,0.0
2022-01-16 20:01:44.004293,0.0,0.0,0.0
2022-01-16 20:01:44.508361,0.0,0.0,0.0
2022-01-16 20:01:45.006026,0.0,0.0,0.0
2022-01-16 20:01:45.511058,0.0,0.0,0.0
2022-01-16 20:01:46.009329,0.0,0.0,0.0
2022-01-16 20:01:46.505091,0.0,0.0,0.0
2022-01-16 20:01:47.003458,0.0,0.0,0.0
2022-01-16 20:01:47.509742,0.0,0.0,0.0
2022-01-16 20:01:48.007714,0.0,0.0,0.0
2022-01-16 20:01:48.502785,0.0,0.0,0.0
2022-01-16 20:01:49.010752,0.0,0.0,0.0
2022-01-16 20:01:49.506298,0.0,0.0,0.0
2022-01-16 20:01:50.003916,0.0,0.0,0.0
2022-01-16 20:01:50.509049,0.0,0.0,0.0
2022-01-16 20:01:51.007102,0.0,0.0,0.0
2022-01-16 20:01:51.503013,0.0,0.0,0.0
2022-01-16 20:01:52.001826,0.0,0.0,0.0
2022-01-16 20:01:52.508886,0.0,0.0,0.0
2022-01-16 20:01:53.006295,0.0,0.0,0.0
2022-01-16 20:01:53.510693,0.0,0.0,0.0
2022-01-16 20:01:54.009119,0.0,0.0,0.0
2022-01-16 20:01:54.503811,0.0,0.0,0.0
2022-01-16 20:01:55.002335,0.0,0.0,0.0
2022-01-16 20:01:55.509622,0.0,0.0,0.0
2022-01-16 20:01:56.008579,0.0,0.0,0.0
2022-01-16 20:01:56.503555,0.0,0.0,0.0
2022-01-16 20:01:57.001459,0.0,0.0,0.0
2022-01-16 20:01:57.505645,0.0,0.0,0.0
2022-01-16 20:01:58.003920,0.0,0.0,0.0
2022-01-16 20:01:58.509150,0.0,0.0,0.0
2022-01-16 20:01:59.006880,0.0,0.0,0.0
2022-01-16 20:01:59.502776,0.0,0.0,0.0
2022-01-16 20:02:00.001692,0.0,0.0,0.0
2022-01-16 20:02:00.508155,0.0,0.0,0.0
2022-01-16 20:02:01.004754,0.0,0.0,0.0
2022-01-16 20:02:01.509102,0.0,0.0,0.0
2022-01-16 20:02:02.006434,0.0,0.0,0.0
2022-01-16 20:02:02.510618,0.0,0.0,0.0
2022-01-16 20:02:03.010214,0.0,0.0,0.0
2022-01-16 20:02:03.505252,0.0,0.0,0.0
2022-01-16 20:02:04.003875,0.0,0.0,0.0
2022-01-16 20:02:04.501269,0.0,0.0,0.0
2022-01-16 20:02:05.010791,0.0,0.0,0.0
2022-01-16 20:02:05.506501,0.0,0.0,0.0
2022-01-16 20:02:06.005120,0.0,0.0,0.0
2022-01-16 20:02:07.004705,0.0,0.0,0.0
2022-01-16 20:02:07.511104,0.0,0.0,0.0
2022-01-16 20:02:08.009744,0.0,0.0,0.0
2022-01-16 20:02:08.505182,0.0,0.0,0.0
2022-01-16 20:02:09.005778,0.0,0.0,0.0
2022-01-16 20:02:09.510140,0.0,0.0,0.0
2022-01-16 20:02:10.008324,0.0,0.0,0.0
2022-01-16 20:02:10.505256,0.0,0.0,0.0
2022-01-16 20:02:11.003017,0.0,0.0,0.0
2022-01-16 20:02:11.509515,0.0,0.0,0.0
2022-01-16 20:02:12.006836,0.0,0.0,0.0
2022-01-16 20:02:12.501397,0.0,0.0,0.0
2022-01-16 20:02:13.001679,0.0,0.0,0.0
2022-01-16 20:02:13.509165,0.0,0.0,0.0
2022-01-16 20:02:14.006998,0.0,0.0,0.0
2022-01-16 20:02:14.501652,0.0,0.0,0.0
2022-01-16 20:02:15.010465,0.0,0.0,0.0
2022-01-16 20:02:15.505060,0.0,0.0,0.0
2022-01-16 20:02:16.002930,0.0,0.0,0.0
2022-01-16 20:02:16.508554,0.0,0.0,0.0
2022-01-16 20:02:17.007245,0.0,0.0,0.0
2022-01-16 20:02:17.503499,0.0,0.0,0.0
2022-01-16 20:02:18.002417,0.0,0.0,0.0
2022-01-16 20:02:18.508944,0.0,0.0,0.0
2022-01-16 20:02:19.006708,0.0,0.0,0.0
2022-01-16 20:02:19.502509,0.0,0.0,0.0
2022-01-16 20:02:20.009180,0.0,0.0,0.0
2022-01-16 20:02:20.505169,0.0,0.0,0.0
2022-01-16 20:02:21.002614,0.0,0.0,0.0
2022-01-16 20:02:21.507247,0.0,0.0,0.0
2022-01-16 20:02:22.004517,0.0,0.0,0.0
2022-01-16 20:02:22.509904,0.0,0.0,0.0
2022-01-16 20:02:23.007599,0.0,0.0,0.0
2022-01-16 20:02:23.501840,0.0,0.0,0.0
2022-01-16 20:02:24.010287,0.0,0.0,0.0
2022-01-16 20:02:24.504861,0.0,0.0,0.0
2022-01-16 20:02:25.001396,0.0,0.0,0.0
2022-01-16 20:02:25.506397,0.0,0.0,0.0
2022-01-16 20:02:26.003895,0.0,0.0,0.0
2022-01-16 20:02:26.509778,0.0,0.0,0.0
2022-01-16 20:02:27.009346,0.0,0.0,0.0
2022-01-16 20:02:27.503583,0.0,0.0,0.0
2022-01-16 20:02:28.002474,0.0,0.0,0.0
2022-01-16 20:02:28.508623,0.0,0.0,0.0
2022-01-16 20:02:29.004987,0.0,0.0,0.0
2022-01-16 20:02:29.510997,0.0,0.0,0.0
2022-01-16 20:02:30.008313,0.0,0.0,0.0
2022-01-16 20:02:30.503190,0.0,0.0,0.0
2022-01-16 20:02:31.000922,0.0,0.0,0.0
2022-01-16 20:02:31.508165,0.0,0.0,0.0
2022-01-16 20:02:32.005446,0.0,0.0,0.0
2022-01-16 20:02:32.510891,0.0,0.0,0.0
2022-01-16 20:02:33.009152,0.0,0.0,0.0
2022-01-16 20:02:33.502735,0.0,0.0,0.0
2022-01-16 20:02:34.001886,0.0,0.0,0.0
2022-01-16 20:02:34.506767,0.0,0.0,0.0
2022-01-16 20:02:35.004448,0.0,0.0,0.0
2022-01-16 20:02:35.508878,0.0,0.0,0.0
2022-01-16 20:02:36.008645,0.0,0.0,0.0
2022-01-16 20:02:36.503108,0.0,0.0,0.0
2022-01-16 20:02:37.010954,0.0,0.0,0.0
2022-01-16 20:02:37.505498,0.0,0.0,0.0
2022-01-16 20:02:38.003992,0.0,0.0,0.0
2022-01-16 20:02:38.510182,0.0,0.0,0.0
2022-01-16 20:02:39.008501,0.0,0.0,0.0
2022-01-16 20:02:39.502454,0.0,0.0,0.0
2022-01-16 20:02:40.001917,0.0,0.0,0.0
2022-01-16 20:02:40.508180,0.0,0.0,0.0
2022-01-16 20:02:41.007660,0.0,0.0,0.0
2022-01-16 20:02:41.503414,0.0,0.0,0.0
2022-01-16 20:02:42.010978,0.0,0.0,0.0
2022-01-16 20:02:42.501017,0.0,0.0,0.0
2022-01-16 20:02:43.009567,0.0,0.0,0.0
2022-01-16 20:02:43.503744,0.0,0.0,0.0
2022-01-16 20:02:44.011030,0.0,0.0,0.0
2022-01-16 20:02:44.506193,0.0,0.0,0.0
2022-01-16 20:02:45.004107,0.0,0.0,0.0
2022-01-16 20:02:45.508740,0.0,0.0,0.0
2022-01-16 20:02:46.005488,0.0,0.0,0.0
2022-01-16 20:02:46.509131,0.0,0.0,0.0
2022-01-16 20:02:47.006684,0.0,0.0,0.0
2022-01-16 20:02:47.502096,0.0,0.0,0.0
2022-01-16 20:02:48.011222,0.0,0.0,0.0
2022-01-16 20:02:48.506284,0.0,0.0,0.0
2022-01-16 20:02:49.005765,0.0,0.0,0.0
2022-01-16 20:02:49.501801,0.0,0.0,0.0
2022-01-16 20:02:50.001571,0.0,0.0,0.0
2022-01-16 20:02:50.505563,0.0,0.0,0.0
2022-01-16 20:02:51.005186,0.0,0.0,0.0
2022-01-16 20:02:51.502329,0.0,0.0,0.0
2022-01-16 20:02:52.001019,0.0,0.0,0.0
2022-01-16 20:02:52.505839,0.0,0.0,0.0
2022-01-16 20:02:53.002548,0.0,0.0,0.0
2022-01-16 20:02:53.508757,0.0,0.0,0.0
2022-01-16 20:02:54.006705,0.0,0.0,0.0
2022-01-16 20:02:54.501713,0.0,0.0,0.0
2022-01-16 20:02:55.009054,0.0,0.0,0.0
2022-01-16 20:02:55.503320,0.0,0.0,0.0
2022-01-16 20:02:56.001003,0.0,0.0,0.0
2022-01-16 20:02:56.505151,0.0,0.0,0.0
2022-01-16 20:02:57.002862,0.0,0.0,0.0
2022-01-16 20:02:57.507929,0.0,0.0,0.0
2022-01-16 20:02:58.005136,0.0,0.0,0.0
2022-01-16 20:02:58.501723,0.0,0.0,0.0
2022-01-16 20:02:59.009794,0.0,0.0,0.0
2022-01-16 20:02:59.504040,0.0,0.0,0.0
2022-01-16 20:03:00.001702,0.0,0.0,0.0
2022-01-16 20:03:00.507142,0.0,0.0,0.0
2022-01-16 20:03:01.004635,0.0,0.0,0.0
2022-01-16 20:03:01.509223,0.0,0.0,0.0
2022-01-16 20:03:02.008978,0.0,0.0,0.0
2022-01-16 20:03:02.504085,0.0,0.0,0.0
2022-01-16 20:03:03.001819,0.0,0.0,0.0
2022-01-16 20:03:03.506290,0.0,0.0,0.0
2022-01-16 20:03:04.004137,0.0,0.0,0.0
2022-01-16 20:03:04.508887,0.0,0.0,0.0
2022-01-16 20:03:05.006276,0.0,0.0,0.0
2022-01-16 20:03:05.501106,0.0,0.0,0.0
2022-01-16 20:03:06.009966,0.0,0.0,0.0
2022-01-16 20:03:06.507495,0.0,0.0,0.0
2022-01-16 20:03:07.005120,0.0,0.0,0.0
2022-01-16 20:03:07.509437,0.0,0.0,0.0
2022-01-16 20:03:08.007912,0.0,0.0,0.0
2022-01-16 20:03:08.502585,0.0,0.0,0.0
2022-01-16 20:03:09.001122,0.0,0.0,0.0
2022-01-16 20:03:09.504780,0.0,0.0,0.0
2022-01-16 20:03:10.009114,0.0,0.0,0.0
2022-01-16 20:03:10.505125,0.0,0.0,0.0
2022-01-16 20:03:11.003835,0.0,0.0,0.0
2022-01-16 20:03:11.510059,0.0,0.0,0.0
2022-01-16 20:03:12.009612,0.0,0.0,0.0
2022-01-16 20:03:12.505222,0.0,0.0,0.0
2022-01-16 20:03:13.002396,0.0,0.0,0.0
2022-01-16 20:03:13.508997,0.0,0.0,0.0
2022-01-16 20:03:14.006713,0.0,0.0,0.0
2022-01-16 20:03:14.502487,0.0,0.0,0.0
2022-01-16 20:03:15.504657,0.0,0.0,0.0
2022-01-16 20:03:16.001912,0.0,0.0,0.0
2022-01-16 20:03:16.508625,0.0,0.0,0.0
2022-01-16 20:03:17.006840,0.0,0.0,0.0
2022-01-16 20:03:18.005238,0.0,0.0,0.0
2022-01-16 20:03:18.510021,0.0,0.0,0.0
2022-01-16 20:03:19.009086,0.0,0.0,0.0
2022-01-16 20:03:19.502970,0.0,0.0,0.0
2022-01-16 20:03:20.001211,0.0,0.0,0.0
2022-01-16 20:03:20.506607,0.0,0.0,0.0
2022-01-16 20:03:21.004750,0.0,0.0,0.0
2022-01-16 20:03:21.510674,0.0,0.0,0.0
2022-01-16 20:03:22.008731,0.0,0.0,0.0
2022-01-16 20:03:22.503928,0.0,0.0,0.0
2022-01-16 20:03:23.002606,0.0,0.0,0.0
2022-01-16 20:03:23.508557,0.0,0.0,0.0
2022-01-16 20:03:24.006165,0.0,0.0,0.0
2022-01-16 20:03:24.510132,0.0,0.0,0.0
2022-01-16 20:03:25.009584,0.0,0.0,0.0
2022-01-16 20:03:25.504469,0.0,0.0,0.0
2022-01-16 20:03:26.001004,0.0,0.0,0.0
2022-01-16 20:03:26.505553,0.0,0.0,0.0
2022-01-16 20:03:27.003867,0.0,0.0,0.0
2022-01-16 20:03:28.005301,0.0,0.0,0.0
2022-01-16 20:03:28.511018,0.0,0.0,0.0
2022-01-16 20:03:29.009189,0.0,0.0,0.0
2022-01-16 20:03:29.503475,0.0,0.0,0.0
2022-01-16 20:03:30.001842,0.0,0.0,0.0
2022-01-16 20:03:30.507270,0.0,0.0,0.0
2022-01-16 20:03:31.005255,0.0,0.0,0.0
2022-01-16 20:03:31.510709,0.0,0.0,0.0
2022-01-16 20:03:32.009426,0.0,0.0,0.0
2022-01-16 20:03:32.507336,0.0,0.0,0.0
2022-01-16 20:03:33.004639,0.0,0.0,0.0
2022-01-16 20:03:33.509393,0.0,0.0,0.0
2022-01-16 20:03:34.009664,0.0,0.0,0.0
2022-01-16 20:03:34.504718,0.0,0.0,0.0
2022-01-16 20:03:35.004666,0.0,0.0,0.0
2022-01-16 20:03:35.509576,0.0,0.0,0.0
2022-01-16 20:03:36.001051,0.0,0.0,0.0
2022-01-16 20:03:36.504133,0.0,0.0,0.0
2022-01-16 20:03:37.005719,0.0,0.0,0.0
2022-01-16 20:03:37.503501,0.0,0.0,0.0
2022-01-16 20:03:38.505451,0.0,0.0,0.0
2022-01-16 20:03:39.002700,0.0,0.0,0.0
2022-01-16 20:03:39.508102,0.0,0.0,0.0
2022-01-16 20:03:40.005653,0.0,0.0,0.0
2022-01-16 20:03:40.510509,0.0,0.0,0.0
2022-01-16 20:03:41.008762,0.0,0.0,0.0
2022-01-16 20:03:41.505322,0.0,0.0,0.0
2022-01-16 20:03:42.006587,0.0,0.0,0.0
2022-01-16 20:03:42.502214,0.0,0.0,0.0
2022-01-16 20:03:43.010808,0.0,0.0,0.0
2022-01-16 20:03:43.505104,0.0,0.0,0.0
2022-01-16 20:03:44.002147,0.0,0.0,0.0
2022-01-16 20:03:44.506275,0.0,0.0,0.0
2022-01-16 20:03:45.004522,0.0,0.0,0.0
2022-01-16 20:03:45.509182,0.0,0.0,0.0
2022-01-16 20:03:46.006945,0.0,0.0,0.0
2022-01-16 20:03:46.502778,0.0,0.0,0.0
2022-01-16 20:03:47.001421,0.0,0.0,0.0
2022-01-16 20:03:47.506158,0.0,0.0,0.0
2022-01-16 20:03:48.003575,0.0,0.0,0.0
2022-01-16 20:03:48.509058,0.0,0.0,0.0
2022-01-16 20:03:49.006487,0.0,0.0,0.0
2022-01-16 20:03:49.511120,0.0,0.0,0.0
2022-01-16 20:03:50.008832,0.0,0.0,0.0
2022-01-16 20:03:50.503611,0.0,0.0,0.0
2022-01-16 20:03:51.001294,0.0,0.0,0.0
2022-01-16 20:03:51.506258,0.0,0.0,0.0
2022-01-16 20:03:52.004388,0.0,0.0,0.0
2022-01-16 20:03:52.508180,0.0,0.0,0.0
2022-01-16 20:03:53.005241,0.0,0.0,0.0
2022-01-16 20:03:53.510260,0.0,0.0,0.0
2022-01-16 20:03:54.008598,0.0,0.0,0.0
2022-01-16 20:03:54.502998,0.0,0.0,0.0
2022-01-16 20:03:55.010953,0.0,0.0,0.0
2022-01-16 20:03:55.508037,0.0,0.0,0.0
2022-01-16 20:03:56.005768,0.0,0.0,0.0
2022-01-16 20:03:56.510040,0.0,0.0,0.0
2022-01-16 20:03:57.001048,0.0,0.0,0.0
2022-01-16 20:03:57.508386,0.0,0.0,0.0
2022-01-16 20:03:58.006157,0.0,0.0,0.0
2022-01-16 20:03:58.501194,0.0,0.0,0.0
2022-01-16 20:03:59.008534,0.0,0.0,0.0
2022-01-16 20:03:59.503079,0.0,0.0,0.0
2022-01-16 20:04:00.005037,0.0,0.0,0.0
2022-01-16 20:04:00.510536,0.0,0.0,0.0
2022-01-16 20:04:01.008280,0.0,0.0,0.0
2022-01-16 20:04:01.505603,0.0,0.0,0.0
2022-01-16 20:04:02.003338,0.0,0.0,0.0
2022-01-16 20:04:02.501237,0.0,0.0,0.0
2022-01-16 20:04:03.010131,0.0,0.0,0.0
2022-01-16 20:04:03.505369,0.0,0.0,0.0
2022-01-16 20:04:04.005712,0.0,0.0,0.0
2022-01-16 20:04:04.501174,0.0,0.0,0.0
2022-01-16 20:04:05.011238,0.0,0.0,0.0
2022-01-16 20:04:05.506085,0.0,0.0,0.0
2022-01-16 20:04:06.004421,0.0,0.0,0.0
2022-01-16 20:04:06.508823,0.0,0.0,0.0
2022-01-16 20:04:07.006506,0.0,0.0,0.0
2022-01-16 20:04:07.502007,0.0,0.0,0.0
2022-01-16 20:04:08.002821,0.0,0.0,0.0
2022-01-16 20:04:08.510983,0.0,0.0,0.0
2022-01-16 20:04:09.010258,0.0,0.0,0.0
2022-01-16 20:04:09.504665,0.0,0.0,0.0
2022-01-16 20:04:10.001003,0.0,0.0,0.0
2022-01-16 20:04:10.510825,0.0,0.0,0.0
2022-01-16 20:04:11.009734,0.0,0.0,0.0
2022-01-16 20:04:11.504087,0.0,0.0,0.0
2022-01-16 20:04:12.002237,0.0,0.0,0.0
2022-01-16 20:04:12.506591,0.0,0.0,0.0
2022-01-16 20:04:13.005735,0.0,0.0,0.0
2022-01-16 20:04:13.501883,0.0,0.0,0.0
2022-01-16 20:04:14.001104,0.0,0.0,0.0
2022-01-16 20:04:14.506414,0.0,0.0,0.0
2022-01-16 20:04:15.005123,0.0,0.0,0.0
2022-01-16 20:04:15.509985,0.0,0.0,0.0
2022-01-16 20:04:16.007505,0.0,0.0,0.0
2022-01-16 20:04:16.504458,0.0,0.0,0.0
2022-01-16 20:04:17.003320,0.0,0.0,0.0
2022-01-16 20:04:17.501756,0.0,0.0,0.0
2022-01-16 20:04:18.004335,0.0,0.0,0.0
2022-01-16 20:04:18.509756,0.0,0.0,0.0
2022-01-16 20:04:19.007478,0.0,0.0,0.0
2022-01-16 20:04:19.501631,0.0,0.0,0.0
2022-01-16 20:04:20.009124,0.0,0.0,0.0
2022-01-16 20:04:20.504766,0.0,0.0,0.0
2022-01-16 20:04:21.001732,0.0,0.0,0.0
2022-01-16 20:04:21.507247,0.0,0.0,0.0
2022-01-16 20:04:22.006204,0.0,0.0,0.0
2022-01-16 20:04:22.501842,0.0,0.0,0.0
2022-01-16 20:04:23.010586,0.0,0.0,0.0
2022-01-16 20:04:23.506854,0.0,0.0,0.0
2022-01-16 20:04:24.005845,0.0,0.0,0.0
2022-01-16 20:04:24.509705,0.0,0.0,0.0
2022-01-16 20:04:25.008696,0.0,0.0,0.0
2022-01-16 20:04:25.504932,0.0,0.0,0.0
2022-01-16 20:04:26.002383,0.0,0.0,0.0
2022-01-16 20:04:26.509047,0.0,0.0,0.0
2022-01-16 20:04:27.006728,0.0,0.0,0.0
2022-01-16 20:04:27.510756,0.0,0.0,0.0
2022-01-16 20:04:28.008626,0.0,0.0,0.0
2022-01-16 20:04:28.502515,0.0,0.0,0.0
2022-01-16 20:04:29.001143,0.0,0.0,0.0
2022-01-16 20:04:29.505743,0.0,0.0,0.0
2022-01-16 20:04:30.005335,0.0,0.0,0.0
2022-01-16 20:04:30.509895,0.0,0.0,0.0
2022-01-16 20:04:31.008936,0.0,0.0,0.0
2022-01-16 20:04:31.505778,0.0,0.0,0.0
2022-01-16 20:04:32.003493,0.0,0.0,0.0
2022-01-16 20:04:32.508144,0.0,0.0,0.0
2022-01-16 20:04:33.005919,0.0,0.0,0.0
2022-01-16 20:04:33.502343,0.0,0.0,0.0
2022-01-16 20:04:34.001819,0.0,0.0,0.0
2022-01-16 20:04:34.506877,0.0,0.0,0.0
2022-01-16 20:04:35.005412,0.0,0.0,0.0
2022-01-16 20:04:35.501368,0.0,0.0,0.0
2022-01-16 20:04:36.001143,0.0,0.0,0.0
2022-01-16 20:04:36.505083,0.0,0.0,0.0
2022-01-16 20:04:37.005193,0.0,0.0,0.0
2022-01-16 20:04:37.509629,0.0,0.0,0.0
2022-01-16 20:04:38.008977,0.0,0.0,0.0
2022-01-16 20:04:38.503889,0.0,0.0,0.0
2022-01-16 20:04:39.001964,0.0,0.0,0.0
2022-01-16 20:04:39.507866,0.0,0.0,0.0
2022-01-16 20:04:40.007494,0.0,0.0,0.0
2022-01-16 20:04:40.502502,0.0,0.0,0.0
2022-01-16 20:04:41.010256,0.0,0.0,0.0
2022-01-16 20:04:41.503983,0.0,0.0,0.0
2022-01-16 20:04:42.001944,0.0,0.0,0.0
2022-01-16 20:04:42.507437,0.0,0.0,0.0
2022-01-16 20:04:43.006234,0.0,0.0,0.0
2022-01-16 20:04:43.511074,0.0,0.0,0.0
2022-01-16 20:04:44.009033,0.0,0.0,0.0
2022-01-16 20:04:44.504678,0.0,0.0,0.0
2022-01-16 20:04:45.003414,0.0,0.0,0.0
2022-01-16 20:04:45.508531,0.0,0.0,0.0
2022-01-16 20:04:46.005110,0.0,0.0,0.0
2022-01-16 20:04:46.508630,0.0,0.0,0.0
2022-01-16 20:04:47.005631,0.0,0.0,0.0
2022-01-16 20:04:47.509578,0.0,0.0,0.0
2022-01-16 20:04:48.006804,0.0,0.0,0.0
2022-01-16 20:04:48.503089,0.0,0.0,0.0
2022-01-16 20:04:49.002123,0.0,0.0,0.0
2022-01-16 20:04:49.506344,0.0,0.0,0.0
2022-01-16 20:04:50.003909,0.0,0.0,0.0
2022-01-16 20:04:50.509049,0.0,0.0,0.0
2022-01-16 20:04:51.006590,0.0,0.0,0.0
2022-01-16 20:04:51.510504,0.0,0.0,0.0
2022-01-16 20:04:52.008301,0.0,0.0,0.0
2022-01-16 20:04:52.501837,0.0,0.0,0.0
2022-01-16 20:04:53.001671,0.0,0.0,0.0
2022-01-16 20:04:53.509756,0.0,0.0,0.0
2022-01-16 20:04:54.008815,0.0,0.0,0.0
2022-01-16 20:04:54.502989,0.0,0.0,0.0
2022-01-16 20:04:55.010913,0.0,0.0,0.0
2022-01-16 20:04:55.505117,0.0,0.0,0.0
2022-01-16 20:04:56.002455,0.0,0.0,0.0
2022-01-16 20:04:56.507884,0.0,0.0,0.0
2022-01-16 20:04:57.005976,0.0,0.0,0.0
2022-01-16 20:04:57.502636,0.0,0.0,0.0
2022-01-16 20:04:58.000998,0.0,0.0,0.0
2022-01-16 20:04:58.505148,0.0,0.0,0.0
2022-01-16 20:04:59.004481,0.0,0.0,0.0
2022-01-16 20:04:59.509526,0.0,0.0,0.0
2022-01-16 20:05:00.007182,0.0,0.0,0.0
2022-01-16 20:05:00.511078,0.0,0.0,0.0
2022-01-16 20:05:01.008150,0.0,0.0,0.0
2022-01-16 20:05:01.504454,0.0,0.0,0.0
2022-01-16 20:05:02.002440,0.0,0.0,0.0
2022-01-16 20:05:02.508420,0.0,0.0,0.0
2022-01-16 20:05:03.007096,0.0,0.0,0.0
2022-01-16 20:05:03.501353,0.0,0.0,0.0
2022-01-16 20:05:04.001112,0.0,0.0,0.0
2022-01-16 20:05:04.505925,0.0,0.0,0.0
2022-01-16 20:05:05.004932,0.0,0.0,0.0
2022-01-16 20:05:05.509788,0.0,0.0,0.0
2022-01-16 20:05:06.009768,0.0,0.0,0.0
2022-01-16 20:05:06.505017,0.0,0.0,0.0
2022-01-16 20:05:07.002141,0.0,0.0,0.0
2022-01-16 20:05:07.509025,0.0,0.0,0.0
2022-01-16 20:05:08.007275,0.0,0.0,0.0
2022-01-16 20:05:08.502705,0.0,0.0,0.0
2022-01-16 20:05:09.010775,0.0,0.0,0.0
2022-01-16 20:05:09.505952,0.0,0.0,0.0
2022-01-16 20:05:10.002734,0.0,0.0,0.0
2022-01-16 20:05:10.508591,0.0,0.0,0.0
2022-01-16 20:05:11.006114,0.0,0.0,0.0
2022-01-16 20:05:11.510847,0.0,0.0,0.0
2022-01-16 20:05:12.009650,0.0,0.0,0.0
2022-01-16 20:05:12.504139,0.0,0.0,0.0
2022-01-16 20:05:13.001263,0.0,0.0,0.0
2022-01-16 20:05:13.504846,0.0,0.0,0.0
2022-01-16 20:05:14.002548,0.0,0.0,0.0
2022-01-16 20:05:14.507916,0.0,0.0,0.0
2022-01-16 20:05:15.006795,0.0,0.0,0.0
2022-01-16 20:05:15.501126,0.0,0.0,0.0
2022-01-16 20:05:16.009697,0.0,0.0,0.0
2022-01-16 20:05:16.503639,0.0,0.0,0.0
2022-01-16 20:05:17.001479,0.0,0.0,0.0
2022-01-16 20:05:17.507078,0.0,0.0,0.0
2022-01-16 20:05:18.005063,0.0,0.0,0.0
2022-01-16 20:05:18.501585,0.0,0.0,0.0
2022-01-16 20:05:19.010422,0.0,0.0,0.0
2022-01-16 20:05:19.506578,0.0,0.0,0.0
2022-01-16 20:05:20.005268,0.0,0.0,0.0
2022-01-16 20:05:20.508791,0.0,0.0,0.0
2022-01-16 20:05:21.007321,0.0,0.0,0.0
2022-01-16 20:05:21.503566,0.0,0.0,0.0
2022-01-16 20:05:22.002155,0.0,0.0,0.0
2022-01-16 20:05:22.507476,0.0,0.0,0.0
2022-01-16 20:05:23.007004,0.0,0.0,0.0
2022-01-16 20:05:23.501829,0.0,0.0,0.0
2022-01-16 20:05:24.010887,0.0,0.0,0.0
2022-01-16 20:05:24.505146,0.0,0.0,0.0
2022-01-16 20:05:25.002789,0.0,0.0,0.0
2022-01-16 20:05:25.508077,0.0,0.0,0.0
2022-01-16 20:05:26.006197,0.0,0.0,0.0
2022-01-16 20:05:26.510745,0.0,0.0,0.0
2022-01-16 20:05:27.010418,0.0,0.0,0.0
2022-01-16 20:05:27.504147,0.0,0.0,0.0
2022-01-16 20:05:28.001662,0.0,0.0,0.0
2022-01-16 20:05:28.508897,0.0,0.0,0.0
2022-01-16 20:05:29.006993,0.0,0.0,0.0
2022-01-16 20:05:29.502234,0.0,0.0,0.0
2022-01-16 20:05:30.010622,0.0,0.0,0.0
2022-01-16 20:05:30.503445,0.0,0.0,0.0
2022-01-16 20:05:31.001631,0.0,0.0,0.0
2022-01-16 20:05:31.507672,0.0,0.0,0.0
2022-01-16 20:05:32.007432,0.0,0.0,0.0
2022-01-16 20:05:32.501820,0.0,0.0,0.0
2022-01-16 20:05:33.001036,0.0,0.0,0.0
2022-01-16 20:05:33.507072,0.0,0.0,0.0
2022-01-16 20:05:34.005091,0.0,0.0,0.0
2022-01-16 20:05:34.510732,0.0,0.0,0.0
2022-01-16 20:05:35.009205,0.0,0.0,0.0
2022-01-16 20:05:35.503503,0.0,0.0,0.0
2022-01-16 20:05:36.002041,0.0,0.0,0.0
2022-01-16 20:05:36.508087,0.0,0.0,0.0
2022-01-16 20:05:37.005529,0.0,0.0,0.0
2022-01-16 20:05:37.503359,0.0,0.0,0.0
2022-01-16 20:05:38.505024,0.0,0.0,0.0
2022-01-16 20:05:39.002945,0.0,0.0,0.0
2022-01-16 20:05:39.508647,0.0,0.0,0.0
2022-01-16 20:05:40.007407,0.0,0.0,0.0
2022-01-16 20:05:40.502348,0.0,0.0,0.0
2022-01-16 20:05:41.011131,0.0,0.0,0.0
2022-01-16 20:05:41.505761,0.0,0.0,0.0
2022-01-16 20:05:42.005514,0.0,0.0,0.0
2022-01-16 20:05:42.502645,0.0,0.0,0.0
2022-01-16 20:05:43.001688,0.0,0.0,0.0
2022-01-16 20:05:43.506363,0.0,0.0,0.0
2022-01-16 20:05:44.004249,0.0,0.0,0.0
2022-01-16 20:05:44.509101,0.0,0.0,0.0
2022-01-16 20:05:45.008171,0.0,0.0,0.0
2022-01-16 20:05:45.503332,0.0,0.0,0.0
2022-01-16 20:05:46.002186,0.0,0.0,0.0
2022-01-16 20:05:46.507832,0.0,0.0,0.0
2022-01-16 20:05:47.008704,0.0,0.0,0.0
2022-01-16 20:05:47.503294,0.0,0.0,0.0
2022-01-16 20:05:48.001105,0.0,0.0,0.0
2022-01-16 20:05:48.504965,0.0,0.0,0.0
2022-01-16 20:05:49.001674,0.0,0.0,0.0
2022-01-16 20:05:49.506329,0.0,0.0,0.0
2022-01-16 20:05:50.004003,0.0,0.0,0.0
2022-01-16 20:05:50.508301,0.0,0.0,0.0
2022-01-16 20:05:51.005800,0.0,0.0,0.0
2022-01-16 20:05:51.502833,0.0,0.0,0.0
2022-01-16 20:05:52.001316,0.0,0.0,0.0
2022-01-16 20:05:52.506318,0.0,0.0,0.0
2022-01-16 20:05:53.003764,0.0,0.0,0.0
2022-01-16 20:05:53.508949,0.0,0.0,0.0
2022-01-16 20:05:54.008141,0.0,0.0,0.0
2022-01-16 20:05:54.503276,0.0,0.0,0.0
2022-01-16 20:05:55.001091,0.0,0.0,0.0
2022-01-16 20:05:55.506897,0.0,0.0,0.0
2022-01-16 20:05:56.006029,0.0,0.0,0.0
2022-01-16 20:05:56.511091,0.0,0.0,0.0
2022-01-16 20:05:57.010258,0.0,0.0,0.0
2022-01-16 20:05:57.506519,0.0,0.0,0.0
2022-01-16 20:05:58.003311,0.0,0.0,0.0
2022-01-16 20:05:58.509497,0.0,0.0,0.0
2022-01-16 20:05:59.008725,0.0,0.0,0.0
2022-01-16 20:05:59.502419,0.0,0.0,0.0
2022-01-16 20:06:00.010448,0.0,0.0,0.0
2022-01-16 20:06:00.503314,0.0,0.0,0.0
2022-01-16 20:06:01.002440,0.0,0.0,0.0
2022-01-16 20:06:01.508100,0.0,0.0,0.0
2022-01-16 20:06:02.006714,0.0,0.0,0.0
2022-01-16 20:06:02.503364,0.0,0.0,0.0
2022-01-16 20:06:03.001919,0.0,0.0,0.0
2022-01-16 20:06:03.508612,0.0,0.0,0.0
2022-01-16 20:06:04.008062,0.0,0.0,0.0
2022-01-16 20:06:04.505322,0.0,0.0,0.0
2022-01-16 20:06:05.002963,0.0,0.0,0.0
2022-01-16 20:06:05.509087,0.0,0.0,0.0
2022-01-16 20:06:06.005869,0.0,0.0,0.0
2022-01-16 20:06:06.501941,0.0,0.0,0.0
2022-01-16 20:06:07.010391,0.0,0.0,0.0
2022-01-16 20:06:07.506641,0.0,0.0,0.0
2022-01-16 20:06:08.004885,0.0,0.0,0.0
2022-01-16 20:06:08.510274,0.0,0.0,0.0
2022-01-16 20:06:09.009455,0.0,0.0,0.0
2022-01-16 20:06:09.506294,0.0,0.0,0.0
2022-01-16 20:06:10.003606,0.0,0.0,0.0
2022-01-16 20:06:10.508638,0.0,0.0,0.0
2022-01-16 20:06:11.007109,0.0,0.0,0.0
2022-01-16 20:06:11.502342,0.0,0.0,0.0
2022-01-16 20:06:12.010373,0.0,0.0,0.0
2022-01-16 20:06:12.506940,0.0,0.0,0.0
2022-01-16 20:06:13.005029,0.0,0.0,0.0
2022-01-16 20:06:13.509969,0.0,0.0,0.0
2022-01-16 20:06:14.008257,0.0,0.0,0.0
2022-01-16 20:06:14.502931,0.0,0.0,0.0
2022-01-16 20:06:15.001087,0.0,0.0,0.0
2022-01-16 20:06:15.505857,0.0,0.0,0.0
2022-01-16 20:06:16.004737,0.0,0.0,0.0
2022-01-16 20:06:16.509033,0.0,0.0,0.0
2022-01-16 20:06:17.006750,0.0,0.0,0.0
2022-01-16 20:06:17.502042,0.0,0.0,0.0
2022-01-16 20:06:18.002235,0.0,0.0,0.0
2022-01-16 20:06:18.508553,0.0,0.0,0.0
2022-01-16 20:06:19.005359,0.0,0.0,0.0
2022-01-16 20:06:19.511007,0.0,0.0,0.0
2022-01-16 20:06:20.007314,0.0,0.0,0.0
2022-01-16 20:06:20.501434,0.0,0.0,0.0
2022-01-16 20:06:21.009946,0.0,0.0,0.0
2022-01-16 20:06:21.509648,0.0,0.0,0.0
2022-01-16 20:06:22.008817,0.0,0.0,0.0
2022-01-16 20:06:22.507828,0.0,0.0,0.0
2022-01-16 20:06:23.007375,0.0,0.0,0.0
2022-01-16 20:06:23.509828,0.0,0.0,0.0
2022-01-16 20:06:24.001536,0.0,0.0,0.0
2022-01-16 20:06:24.504831,0.0,0.0,0.0
2022-01-16 20:06:25.005922,0.0,0.0,0.0
2022-01-16 20:06:25.503928,0.0,0.0,0.0
2022-01-16 20:06:26.005202,0.0,0.0,0.0
2022-01-16 20:06:26.501854,0.0,0.0,0.0
2022-01-16 20:06:27.010666,0.0,0.0,0.0
2022-01-16 20:06:27.508689,0.0,0.0,0.0
2022-01-16 20:06:28.005946,0.0,0.0,0.0
2022-01-16 20:06:28.509873,0.0,0.0,0.0
2022-01-16 20:06:29.007715,0.0,0.0,0.0
2022-01-16 20:06:29.502784,0.0,0.0,0.0
2022-01-16 20:06:30.010947,0.0,0.0,0.0
2022-01-16 20:06:30.504875,0.0,0.0,0.0
2022-01-16 20:06:31.001521,0.0,0.0,0.0
2022-01-16 20:06:31.507649,0.0,0.0,0.0
2022-01-16 20:06:32.005443,0.0,0.0,0.0
2022-01-16 20:06:32.510173,0.0,0.0,0.0
2022-01-16 20:06:33.009257,0.0,0.0,0.0
2022-01-16 20:06:33.504422,0.0,0.0,0.0
2022-01-16 20:06:34.002415,0.0,0.0,0.0
2022-01-16 20:06:34.507323,0.0,0.0,0.0
2022-01-16 20:06:35.005512,0.0,0.0,0.0
2022-01-16 20:06:35.511117,0.0,0.0,0.0
2022-01-16 20:06:36.010365,0.0,0.0,0.0
2022-01-16 20:06:36.506259,0.0,0.0,0.0
2022-01-16 20:06:37.004269,0.0,0.0,0.0
2022-01-16 20:06:37.509644,0.0,0.0,0.0
2022-01-16 20:06:38.008257,0.0,0.0,0.0
2022-01-16 20:06:38.502767,0.0,0.0,0.0
2022-01-16 20:06:39.010970,0.0,0.0,0.0
2022-01-16 20:06:39.505960,0.0,0.0,0.0
2022-01-16 20:06:40.005278,0.0,0.0,0.0
2022-01-16 20:06:40.503001,0.0,0.0,0.0
2022-01-16 20:06:41.010709,0.0,0.0,0.0
2022-01-16 20:06:41.505189,0.0,0.0,0.0
2022-01-16 20:06:42.003322,0.0,0.0,0.0
2022-01-16 20:06:42.509055,0.0,0.0,0.0
2022-01-16 20:06:43.006395,0.0,0.0,0.0
2022-01-16 20:06:43.502055,0.0,0.0,0.0
2022-01-16 20:06:44.009596,0.0,0.0,0.0
2022-01-16 20:06:44.504210,0.0,0.0,0.0
2022-01-16 20:06:45.002766,0.0,0.0,0.0
2022-01-16 20:06:45.508591,0.0,0.0,0.0
2022-01-16 20:06:46.006066,0.0,0.0,0.0
2022-01-16 20:06:46.502916,0.0,0.0,0.0
2022-01-16 20:06:47.011175,0.0,0.0,0.0
2022-01-16 20:06:47.505014,0.0,0.0,0.0
2022-01-16 20:06:48.003367,0.0,0.0,0.0
2022-01-16 20:06:48.508886,0.0,0.0,0.0
2022-01-16 20:06:49.006377,0.0,0.0,0.0
2022-01-16 20:06:49.503349,0.0,0.0,0.0
2022-01-16 20:06:50.002930,0.0,0.0,0.0
2022-01-16 20:06:50.509136,0.0,0.0,0.0
2022-01-16 20:06:51.006901,0.0,0.0,0.0
2022-01-16 20:06:51.508938,0.0,0.0,0.0
2022-01-16 20:06:52.006212,0.0,0.0,0.0
2022-01-16 20:06:52.501401,0.0,0.0,0.0
2022-01-16 20:06:53.010080,0.0,0.0,0.0
2022-01-16 20:06:53.505740,0.0,0.0,0.0
2022-01-16 20:06:54.005202,0.0,0.0,0.0
2022-01-16 20:06:54.503065,0.0,0.0,0.0
2022-01-16 20:06:55.001553,0.0,0.0,0.0
2022-01-16 20:06:55.505574,0.0,0.0,0.0
2022-01-16 20:06:56.003439,0.0,0.0,0.0
2022-01-16 20:06:56.507477,0.0,0.0,0.0
2022-01-16 20:06:57.005584,0.0,0.0,0.0
2022-01-16 20:06:57.501538,0.0,0.0,0.0
2022-01-16 20:06:58.001575,0.0,0.0,0.0
2022-01-16 20:06:58.508781,0.0,0.0,0.0
2022-01-16 20:06:59.006357,0.0,0.0,0.0
2022-01-16 20:06:59.511101,0.0,0.0,0.0
2022-01-16 20:07:00.008908,0.0,0.0,0.0
2022-01-16 20:07:00.502274,0.0,0.0,0.0
2022-01-16 20:07:01.001088,0.0,0.0,0.0
2022-01-16 20:07:01.505663,0.0,0.0,0.0
2022-01-16 20:07:02.003003,0.0,0.0,0.0
2022-01-16 20:07:02.510472,0.0,0.0,0.0
2022-01-16 20:07:03.009416,0.0,0.0,0.0
2022-01-16 20:07:03.503743,0.0,0.0,0.0
2022-01-16 20:07:04.001119,0.0,0.0,0.0
2022-01-16 20:07:04.506223,0.0,0.0,0.0
2022-01-16 20:07:05.004101,0.0,0.0,0.0
2022-01-16 20:07:05.508606,0.0,0.0,0.0
2022-01-16 20:07:06.007464,0.0,0.0,0.0
2022-01-16 20:07:06.502139,0.0,0.0,0.0
2022-01-16 20:07:07.002517,0.0,0.0,0.0
2022-01-16 20:07:07.507906,0.0,0.0,0.0
2022-01-16 20:07:08.005768,0.0,0.0,0.0
2022-01-16 20:07:08.510128,0.0,0.0,0.0
2022-01-16 20:07:09.001620,0.0,0.0,0.0
2022-01-16 20:07:09.507145,0.0,0.0,0.0
2022-01-16 20:07:10.004511,0.0,0.0,0.0
2022-01-16 20:07:10.509921,0.0,0.0,0.0
2022-01-16 20:07:11.008229,0.0,0.0,0.0
2022-01-16 20:07:11.504667,0.0,0.0,0.0
2022-01-16 20:07:12.001641,0.0,0.0,0.0
2022-01-16 20:07:12.506945,0.0,0.0,0.0
2022-01-16 20:07:13.004955,0.0,0.0,0.0
2022-01-16 20:07:13.509709,0.0,0.0,0.0
2022-01-16 20:07:14.007014,0.0,0.0,0.0
2022-01-16 20:07:14.501540,0.0,0.0,0.0
2022-01-16 20:07:15.009399,0.0,0.0,0.0
2022-01-16 20:07:15.503732,0.0,0.0,0.0
2022-01-16 20:07:16.001877,0.0,0.0,0.0
2022-01-16 20:07:16.507543,0.0,0.0,0.0
2022-01-16 20:07:17.004228,0.0,0.0,0.0
2022-01-16 20:07:17.508779,0.0,0.0,0.0
2022-01-16 20:07:18.006675,0.0,0.0,0.0
2022-01-16 20:07:18.511187,0.0,0.0,0.0
2022-01-16 20:07:19.009334,0.0,0.0,0.0
2022-01-16 20:07:19.510161,0.0,0.0,0.0
2022-01-16 20:07:20.008247,0.0,0.0,0.0
2022-01-16 20:07:20.505667,0.0,0.0,0.0
2022-01-16 20:07:21.003313,0.0,0.0,0.0
2022-01-16 20:07:21.507507,0.0,0.0,0.0
2022-01-16 20:07:22.005828,0.0,0.0,0.0
2022-01-16 20:07:22.510931,0.0,0.0,0.0
2022-01-16 20:07:23.008292,0.0,0.0,0.0
2022-01-16 20:07:23.502815,0.0,0.0,0.0
2022-01-16 20:07:24.010758,0.0,0.0,0.0
2022-01-16 20:07:24.506641,0.0,0.0,0.0
2022-01-16 20:07:25.005351,0.0,0.0,0.0
2022-01-16 20:07:25.511166,0.0,0.0,0.0
2022-01-16 20:07:26.009407,0.0,0.0,0.0
2022-01-16 20:07:26.504399,0.0,0.0,0.0
2022-01-16 20:07:27.001946,0.0,0.0,0.0
2022-01-16 20:07:27.508848,0.0,0.0,0.0
2022-01-16 20:07:28.005722,0.0,0.0,0.0
2022-01-16 20:07:28.501103,0.0,0.0,0.0
2022-01-16 20:07:29.009039,0.0,0.0,0.0
2022-01-16 20:07:29.504894,0.0,0.0,0.0
2022-01-16 20:07:30.002018,0.0,0.0,0.0
2022-01-16 20:07:30.506217,0.0,0.0,0.0
2022-01-16 20:07:31.004874,0.0,0.0,0.0
2022-01-16 20:07:31.510979,0.0,0.0,0.0
2022-01-16 20:07:32.009595,0.0,0.0,0.0
2022-01-16 20:07:32.505156,0.0,0.0,0.0
2022-01-16 20:07:33.003466,0.0,0.0,0.0
2022-01-16 20:07:33.510861,0.0,0.0,0.0
2022-01-16 20:07:34.009372,0.0,0.0,0.0
2022-01-16 20:07:34.504067,0.0,0.0,0.0
2022-01-16 20:07:35.002432,0.0,0.0,0.0
2022-01-16 20:07:35.507242,0.0,0.0,0.0
2022-01-16 20:07:36.008831,0.0,0.0,0.0
2022-01-16 20:07:36.502343,0.0,0.0,0.0
2022-01-16 20:07:37.010268,0.0,0.0,0.0
2022-01-16 20:07:37.504942,0.0,0.0,0.0
2022-01-16 20:07:38.004364,0.0,0.0,0.0
2022-01-16 20:07:38.508713,0.0,0.0,0.0
2022-01-16 20:07:39.005672,0.0,0.0,0.0
2022-01-16 20:07:39.502500,0.0,0.0,0.0
2022-01-16 20:07:40.010480,0.0,0.0,0.0
2022-01-16 20:07:40.504885,0.0,0.0,0.0
2022-01-16 20:07:41.001848,0.0,0.0,0.0
2022-01-16 20:07:41.506137,0.0,0.0,0.0
2022-01-16 20:07:42.003726,0.0,0.0,0.0
2022-01-16 20:07:42.509670,0.0,0.0,0.0
2022-01-16 20:07:43.007405,0.0,0.0,0.0
2022-01-16 20:07:43.502592,0.0,0.0,0.0
2022-01-16 20:07:44.010999,0.0,0.0,0.0
2022-01-16 20:07:44.504959,0.0,0.0,0.0
2022-01-16 20:07:45.002447,0.0,0.0,0.0
2022-01-16 20:07:45.508986,0.0,0.0,0.0
2022-01-16 20:07:46.005488,0.0,0.0,0.0
2022-01-16 20:07:46.501943,0.0,0.0,0.0
2022-01-16 20:07:47.010002,0.0,0.0,0.0
2022-01-16 20:07:47.505890,0.0,0.0,0.0
2022-01-16 20:07:48.004858,0.0,0.0,0.0
2022-01-16 20:07:48.501278,0.0,0.0,0.0
2022-01-16 20:07:49.011059,0.0,0.0,0.0
2022-01-16 20:07:49.507365,0.0,0.0,0.0
2022-01-16 20:07:50.004880,0.0,0.0,0.0
2022-01-16 20:07:50.510052,0.0,0.0,0.0
2022-01-16 20:07:51.008436,0.0,0.0,0.0
2022-01-16 20:07:51.503762,0.0,0.0,0.0
2022-01-16 20:07:52.002176,0.0,0.0,0.0
2022-01-16 20:07:52.506984,0.0,0.0,0.0
2022-01-16 20:07:53.004450,0.0,0.0,0.0
2022-01-16 20:07:53.509126,0.0,0.0,0.0
2022-01-16 20:07:54.009088,0.0,0.0,0.0
2022-01-16 20:07:54.503136,0.0,0.0,0.0
2022-01-16 20:07:55.001058,0.0,0.0,0.0
2022-01-16 20:07:55.508128,0.0,0.0,0.0
2022-01-16 20:07:56.005651,0.0,0.0,0.0
2022-01-16 20:07:56.501301,0.0,0.0,0.0
2022-01-16 20:07:57.009502,0.0,0.0,0.0
2022-01-16 20:07:57.505025,0.0,0.0,0.0
2022-01-16 20:07:58.003457,0.0,0.0,0.0
2022-01-16 20:07:58.507485,0.0,0.0,0.0
2022-01-16 20:07:59.005072,0.0,0.0,0.0
2022-01-16 20:07:59.509496,0.0,0.0,0.0
2022-01-16 20:08:00.007838,0.0,0.0,0.0
2022-01-16 20:08:00.502240,0.0,0.0,0.0
2022-01-16 20:08:01.001663,0.0,0.0,0.0
2022-01-16 20:08:01.507478,0.0,0.0,0.0
2022-01-16 20:08:02.006475,0.0,0.0,0.0
2022-01-16 20:08:02.501601,0.0,0.0,0.0
2022-01-16 20:08:03.504900,0.0,0.0,0.0
2022-01-16 20:08:04.002471,0.0,0.0,0.0
2022-01-16 20:08:04.509421,0.0,0.0,0.0
2022-01-16 20:08:05.008801,0.0,0.0,0.0
2022-01-16 20:08:05.502996,0.0,0.0,0.0
2022-01-16 20:08:06.003397,0.0,0.0,0.0
2022-01-16 20:08:06.508244,0.0,0.0,0.0
2022-01-16 20:08:07.005041,0.0,0.0,0.0
2022-01-16 20:08:07.509372,0.0,0.0,0.0
2022-01-16 20:08:08.007571,0.0,0.0,0.0
2022-01-16 20:08:08.502738,0.0,0.0,0.0
2022-01-16 20:08:09.002658,0.0,0.0,0.0
2022-01-16 20:08:09.507919,0.0,0.0,0.0
2022-01-16 20:08:10.006186,0.0,0.0,0.0
2022-01-16 20:08:10.510038,0.0,0.0,0.0
2022-01-16 20:08:11.008341,0.0,0.0,0.0
2022-01-16 20:08:11.503005,0.0,0.0,0.0
2022-01-16 20:08:12.010913,0.0,0.0,0.0
2022-01-16 20:08:12.505755,0.0,0.0,0.0
2022-01-16 20:08:13.006189,0.0,0.0,0.0
2022-01-16 20:08:13.502267,0.0,0.0,0.0
2022-01-16 20:08:14.009651,0.0,0.0,0.0
2022-01-16 20:08:14.504515,0.0,0.0,0.0
2022-01-16 20:08:15.003551,0.0,0.0,0.0
2022-01-16 20:08:15.508812,0.0,0.0,0.0
2022-01-16 20:08:16.006517,0.0,0.0,0.0
2022-01-16 20:08:16.502047,0.0,0.0,0.0
2022-01-16 20:08:17.010780,0.0,0.0,0.0
2022-01-16 20:08:17.506621,0.0,0.0,0.0
2022-01-16 20:08:18.004092,0.0,0.0,0.0
2022-01-16 20:08:18.510911,0.0,0.0,0.0
2022-01-16 20:08:19.009696,0.0,0.0,0.0
2022-01-16 20:08:19.504893,0.0,0.0,0.0
2022-01-16 20:08:20.001513,0.0,0.0,0.0
2022-01-16 20:08:20.506421,0.0,0.0,0.0
2022-01-16 20:08:21.005790,0.0,0.0,0.0
2022-01-16 20:08:21.510375,0.0,0.0,0.0
2022-01-16 20:08:22.008161,0.0,0.0,0.0
2022-01-16 20:08:22.502883,0.0,0.0,0.0
2022-01-16 20:08:23.001322,0.0,0.0,0.0
2022-01-16 20:08:23.506425,0.0,0.0,0.0
2022-01-16 20:08:24.005117,0.0,0.0,0.0
2022-01-16 20:08:24.510937,0.0,0.0,0.0
2022-01-16 20:08:25.009590,0.0,0.0,0.0
2022-01-16 20:08:25.503792,0.0,0.0,0.0
2022-01-16 20:08:26.002049,0.0,0.0,0.0
2022-01-16 20:08:26.506019,0.0,0.0,0.0
2022-01-16 20:08:27.004128,0.0,0.0,0.0
2022-01-16 20:08:27.511036,0.0,0.0,0.0
2022-01-16 20:08:28.009220,0.0,0.0,0.0
2022-01-16 20:08:28.503448,0.0,0.0,0.0
2022-01-16 20:08:29.011041,0.0,0.0,0.0
2022-01-16 20:08:29.505089,0.0,0.0,0.0
2022-01-16 20:08:30.003524,0.0,0.0,0.0
2022-01-16 20:08:30.508991,0.0,0.0,0.0
2022-01-16 20:08:31.006691,0.0,0.0,0.0
2022-01-16 20:08:31.503376,0.0,0.0,0.0
2022-01-16 20:08:32.001525,0.0,0.0,0.0
2022-01-16 20:08:32.509090,0.0,0.0,0.0
2022-01-16 20:08:33.006406,0.0,0.0,0.0
2022-01-16 20:08:33.511137,0.0,0.0,0.0
2022-01-16 20:08:34.010348,0.0,0.0,0.0
2022-01-16 20:08:34.506091,0.0,0.0,0.0
2022-01-16 20:08:35.004273,0.0,0.0,0.0
2022-01-16 20:08:35.509711,0.0,0.0,0.0
2022-01-16 20:08:36.008917,0.0,0.0,0.0
2022-01-16 20:08:36.503803,0.0,0.0,0.0
2022-01-16 20:08:37.001429,0.0,0.0,0.0
2022-01-16 20:08:37.506587,0.0,0.0,0.0
2022-01-16 20:08:38.002910,0.0,0.0,0.0
2022-01-16 20:08:38.507215,0.0,0.0,0.0
2022-01-16 20:08:39.004796,0.0,0.0,0.0
2022-01-16 20:08:39.508533,0.0,0.0,0.0
2022-01-16 20:08:40.008245,0.0,0.0,0.0
2022-01-16 20:08:40.504843,0.0,0.0,0.0
2022-01-16 20:08:41.002707,0.0,0.0,0.0
2022-01-16 20:08:41.507321,0.0,0.0,0.0
2022-01-16 20:08:42.005173,0.0,0.0,0.0
2022-01-16 20:08:42.510264,0.0,0.0,0.0
2022-01-16 20:08:43.008429,0.0,0.0,0.0
2022-01-16 20:08:43.504157,0.0,0.0,0.0
2022-01-16 20:08:44.001909,0.0,0.0,0.0
2022-01-16 20:08:44.507627,0.0,0.0,0.0
2022-01-16 20:08:45.006137,0.0,0.0,0.0
2022-01-16 20:08:45.501491,0.0,0.0,0.0
2022-01-16 20:08:46.009776,0.0,0.0,0.0
2022-01-16 20:08:46.504357,0.0,0.0,0.0
2022-01-16 20:08:47.002921,0.0,0.0,0.0
2022-01-16 20:08:47.508671,0.0,0.0,0.0
2022-01-16 20:08:48.007450,0.0,0.0,0.0
2022-01-16 20:08:48.502243,0.0,0.0,0.0
2022-01-16 20:08:49.001825,0.0,0.0,0.0
2022-01-16 20:08:49.507880,0.0,0.0,0.0
2022-01-16 20:08:50.005629,0.0,0.0,0.0
2022-01-16 20:08:50.501604,0.0,0.0,0.0
2022-01-16 20:08:51.009241,0.0,0.0,0.0
2022-01-16 20:08:51.503842,0.0,0.0,0.0
2022-01-16 20:08:52.003101,0.0,0.0,0.0
2022-01-16 20:08:52.506314,0.0,0.0,0.0
2022-01-16 20:08:53.009622,0.0,0.0,0.0
2022-01-16 20:08:53.501800,0.0,0.0,0.0
2022-01-16 20:08:54.005750,0.0,0.0,0.0
2022-01-16 20:08:54.507914,0.0,0.0,0.0
2022-01-16 20:08:55.001648,0.0,0.0,0.0
2022-01-16 20:08:56.004759,0.0,0.0,0.0
2022-01-16 20:08:56.508832,0.0,0.0,0.0
2022-01-16 20:08:57.007156,0.0,0.0,0.0
2022-01-16 20:08:57.502305,0.0,0.0,0.0
2022-01-16 20:08:58.010575,0.0,0.0,0.0
2022-01-16 20:08:58.505267,0.0,0.0,0.0
2022-01-16 20:08:59.004679,0.0,0.0,0.0
2022-01-16 20:08:59.510037,0.0,0.0,0.0
2022-01-16 20:09:00.006528,0.0,0.0,0.0
2022-01-16 20:09:00.508788,0.0,0.0,0.0
2022-01-16 20:09:01.006562,0.0,0.0,0.0
2022-01-16 20:09:01.511190,0.0,0.0,0.0
2022-01-16 20:09:02.009334,0.0,0.0,0.0
2022-01-16 20:09:02.505174,0.0,0.0,0.0
2022-01-16 20:09:03.003504,0.0,0.0,0.0
2022-01-16 20:09:03.507601,0.0,0.0,0.0
2022-01-16 20:09:04.006081,0.0,0.0,0.0
2022-01-16 20:09:04.510847,0.0,0.0,0.0
2022-01-16 20:09:05.008667,0.0,0.0,0.0
2022-01-16 20:09:05.503620,0.0,0.0,0.0
2022-01-16 20:09:06.001884,0.0,0.0,0.0
2022-01-16 20:09:06.507290,0.0,0.0,0.0
2022-01-16 20:09:07.006067,0.0,0.0,0.0
2022-01-16 20:09:07.501880,0.0,0.0,0.0
2022-01-16 20:09:08.001355,0.0,0.0,0.0
2022-01-16 20:09:08.505311,0.0,0.0,0.0
2022-01-16 20:09:09.002867,0.0,0.0,0.0
2022-01-16 20:09:09.508542,0.0,0.0,0.0
2022-01-16 20:09:10.004630,0.0,0.0,0.0
2022-01-16 20:09:10.504688,0.0,0.0,0.0
2022-01-16 20:09:11.010886,0.0,0.0,0.0
2022-01-16 20:09:11.506192,0.0,0.0,0.0
2022-01-16 20:09:12.005193,0.0,0.0,0.0
2022-01-16 20:09:12.501197,0.0,0.0,0.0
2022-01-16 20:09:13.010262,0.0,0.0,0.0
2022-01-16 20:09:13.505185,0.0,0.0,0.0
2022-01-16 20:09:14.003434,0.0,0.0,0.0
2022-01-16 20:09:14.509901,0.0,0.0,0.0
2022-01-16 20:09:15.008255,0.0,0.0,0.0
2022-01-16 20:09:15.504308,0.0,0.0,0.0
2022-01-16 20:09:16.002506,0.0,0.0,0.0
2022-01-16 20:09:16.509233,0.0,0.0,0.0
2022-01-16 20:09:17.008489,0.0,0.0,0.0
2022-01-16 20:09:17.503454,0.0,0.0,0.0
2022-01-16 20:09:18.001828,0.0,0.0,0.0
2022-01-16 20:09:18.506224,0.0,0.0,0.0
2022-01-16 20:09:19.004312,0.0,0.0,0.0
2022-01-16 20:09:19.508855,0.0,0.0,0.0
2022-01-16 20:09:20.006954,0.0,0.0,0.0
2022-01-16 20:09:20.510640,0.0,0.0,0.0
2022-01-16 20:09:21.009788,0.0,0.0,0.0
2022-01-16 20:09:21.505615,0.0,0.0,0.0
2022-01-16 20:09:22.004400,0.0,0.0,0.0
2022-01-16 20:09:22.509287,0.0,0.0,0.0
2022-01-16 20:09:23.008703,0.0,0.0,0.0
2022-01-16 20:09:23.503243,0.0,0.0,0.0
2022-01-16 20:09:24.001210,0.0,0.0,0.0
2022-01-16 20:09:24.507255,0.0,0.0,0.0
2022-01-16 20:09:25.004737,0.0,0.0,0.0
2022-01-16 20:09:25.501555,0.0,0.0,0.0
2022-01-16 20:09:26.009679,0.0,0.0,0.0
2022-01-16 20:09:26.504622,0.0,0.0,0.0
2022-01-16 20:09:27.002320,0.0,0.0,0.0
2022-01-16 20:09:27.507929,0.0,0.0,0.0
2022-01-16 20:09:28.004531,0.0,0.0,0.0
2022-01-16 20:09:28.508931,0.0,0.0,0.0
2022-01-16 20:09:29.006510,0.0,0.0,0.0
2022-01-16 20:09:29.503045,0.0,0.0,0.0
2022-01-16 20:09:30.010477,0.0,0.0,0.0
2022-01-16 20:09:30.505876,0.0,0.0,0.0
2022-01-16 20:09:31.003912,0.0,0.0,0.0
2022-01-16 20:09:31.508482,0.0,0.0,0.0
2022-01-16 20:09:32.005920,0.0,0.0,0.0
2022-01-16 20:09:33.004987,0.0,0.0,0.0
2022-01-16 20:09:33.509663,0.0,0.0,0.0
2022-01-16 20:09:34.007658,0.0,0.0,0.0
2022-01-16 20:09:34.502136,0.0,0.0,0.0
2022-01-16 20:09:35.010138,0.0,0.0,0.0
2022-01-16 20:09:35.506012,0.0,0.0,0.0
2022-01-16 20:09:36.003633,0.0,0.0,0.0
2022-01-16 20:09:36.508308,0.0,0.0,0.0
2022-01-16 20:09:37.005536,0.0,0.0,0.0
2022-01-16 20:09:37.511262,0.0,0.0,0.0
2022-01-16 20:09:38.009039,0.0,0.0,0.0
2022-01-16 20:09:38.504567,0.0,0.0,0.0
2022-01-16 20:09:39.002962,0.0,0.0,0.0
2022-01-16 20:09:39.508066,0.0,0.0,0.0
2022-01-16 20:09:40.005154,0.0,0.0,0.0
2022-01-16 20:09:40.510834,0.0,0.0,0.0
2022-01-16 20:09:41.007540,0.0,0.0,0.0
2022-01-16 20:09:41.502306,0.0,0.0,0.0
2022-01-16 20:09:42.010546,0.0,0.0,0.0
2022-01-16 20:09:42.507994,0.0,0.0,0.0
2022-01-16 20:09:43.006347,0.0,0.0,0.0
2022-01-16 20:09:43.503669,0.0,0.0,0.0
2022-01-16 20:09:44.504273,0.0,0.0,0.0
2022-01-16 20:09:45.003214,0.0,0.0,0.0
2022-01-16 20:09:45.508051,0.0,0.0,0.0
2022-01-16 20:09:46.005620,0.0,0.0,0.0
2022-01-16 20:09:46.511032,0.0,0.0,0.0
2022-01-16 20:09:47.008609,0.0,0.0,0.0
2022-01-16 20:09:47.503537,0.0,0.0,0.0
2022-01-16 20:09:48.010353,0.0,0.0,0.0
2022-01-16 20:09:48.507105,0.0,0.0,0.0
2022-01-16 20:09:49.005641,0.0,0.0,0.0
2022-01-16 20:09:49.510523,0.0,0.0,0.0
2022-01-16 20:09:50.009379,0.0,0.0,0.0
2022-01-16 20:09:50.504352,0.0,0.0,0.0
2022-01-16 20:09:51.002367,0.0,0.0,0.0
2022-01-16 20:09:51.508350,0.0,0.0,0.0
2022-01-16 20:09:52.006433,0.0,0.0,0.0
2022-01-16 20:09:52.501049,0.0,0.0,0.0
2022-01-16 20:09:53.008314,0.0,0.0,0.0
2022-01-16 20:09:53.502758,0.0,0.0,0.0
2022-01-16 20:09:54.002551,0.0,0.0,0.0
2022-01-16 20:09:54.508149,0.0,0.0,0.0
2022-01-16 20:09:55.006207,0.0,0.0,0.0
2022-01-16 20:09:55.510578,0.0,0.0,0.0
2022-01-16 20:09:56.009677,0.0,0.0,0.0
2022-01-16 20:09:56.504764,0.0,0.0,0.0
2022-01-16 20:09:57.008170,0.0,0.0,0.0
2022-01-16 20:09:57.505304,0.0,0.0,0.0
2022-01-16 20:09:58.002849,0.0,0.0,0.0
2022-01-16 20:09:58.507889,0.0,0.0,0.0
2022-01-16 20:09:59.005852,0.0,0.0,0.0
2022-01-16 20:09:59.510366,0.0,0.0,0.0
2022-01-16 20:10:00.009096,0.0,0.0,0.0
2022-01-16 20:10:00.501222,0.0,0.0,0.0
2022-01-16 20:10:01.010023,0.0,0.0,0.0
2022-01-16 20:10:01.504796,0.0,0.0,0.0
2022-01-16 20:10:02.002885,0.0,0.0,0.0
2022-01-16 20:10:02.507730,0.0,0.0,0.0
2022-01-16 20:10:03.006214,0.0,0.0,0.0
2022-01-16 20:10:03.502151,0.0,0.0,0.0
2022-01-16 20:10:04.010119,0.0,0.0,0.0
2022-01-16 20:10:04.504005,0.0,0.0,0.0
2022-01-16 20:10:05.010992,0.0,0.0,0.0
2022-01-16 20:10:05.508961,0.0,0.0,0.0
2022-01-16 20:10:06.005723,0.0,0.0,0.0
2022-01-16 20:10:06.508575,0.0,0.0,0.0
2022-01-16 20:10:07.006875,0.0,0.0,0.0
2022-01-16 20:10:07.501207,0.0,0.0,0.0
2022-01-16 20:10:08.009414,0.0,0.0,0.0
2022-01-16 20:10:08.504637,0.0,0.0,0.0
2022-01-16 20:10:09.002792,0.0,0.0,0.0
2022-01-16 20:10:09.508517,0.0,0.0,0.0
2022-01-16 20:10:10.005593,0.0,0.0,0.0
2022-01-16 20:10:10.501262,0.0,0.0,0.0
2022-01-16 20:10:11.009227,0.0,0.0,0.0
2022-01-16 20:10:11.503267,0.0,0.0,0.0
2022-01-16 20:10:12.001780,0.0,0.0,0.0
2022-01-16 20:10:12.507311,0.0,0.0,0.0
2022-01-16 20:10:13.004655,0.0,0.0,0.0
2022-01-16 20:10:13.509568,0.0,0.0,0.0
2022-01-16 20:10:14.008069,0.0,0.0,0.0
2022-01-16 20:10:14.505284,0.0,0.0,0.0
2022-01-16 20:10:15.004555,0.0,0.0,0.0
2022-01-16 20:10:15.509505,0.0,0.0,0.0
2022-01-16 20:10:16.007454,0.0,0.0,0.0
2022-01-16 20:10:16.502594,0.0,0.0,0.0
2022-01-16 20:10:17.009526,0.0,0.0,0.0
2022-01-16 20:10:17.504291,0.0,0.0,0.0
2022-01-16 20:10:18.005993,0.0,0.0,0.0
2022-01-16 20:10:18.501138,0.0,0.0,0.0
2022-01-16 20:10:19.002213,0.0,0.0,0.0
2022-01-16 20:10:19.507922,0.0,0.0,0.0
2022-01-16 20:10:20.005891,0.0,0.0,0.0
2022-01-16 20:10:20.501722,0.0,0.0,0.0
2022-01-16 20:10:21.010074,0.0,0.0,0.0
2022-01-16 20:10:21.504288,0.0,0.0,0.0
2022-01-16 20:10:22.001223,0.0,0.0,0.0
2022-01-16 20:10:22.506436,0.0,0.0,0.0
2022-01-16 20:10:23.005095,0.0,0.0,0.0
2022-01-16 20:10:23.501103,0.0,0.0,0.0
2022-01-16 20:10:24.009805,0.0,0.0,0.0
2022-01-16 20:10:24.503814,0.0,0.0,0.0
2022-01-16 20:10:25.003694,0.0,0.0,0.0
2022-01-16 20:10:25.507981,0.0,0.0,0.0
2022-01-16 20:10:26.005480,0.0,0.0,0.0
2022-01-16 20:10:26.511115,0.0,0.0,0.0
2022-01-16 20:10:27.008869,0.0,0.0,0.0
2022-01-16 20:10:27.502393,0.0,0.0,0.0
2022-01-16 20:10:28.009124,0.0,0.0,0.0
2022-01-16 20:10:28.505246,0.0,0.0,0.0
2022-01-16 20:10:29.002254,0.0,0.0,0.0
2022-01-16 20:10:29.509787,0.0,0.0,0.0
2022-01-16 20:10:30.007051,0.0,0.0,0.0
2022-01-16 20:10:30.500909,0.0,0.0,0.0
2022-01-16 20:10:31.008829,0.0,0.0,0.0
2022-01-16 20:10:31.503256,0.0,0.0,0.0
2022-01-16 20:10:32.010543,0.0,0.0,0.0
2022-01-16 20:10:32.506040,0.0,0.0,0.0
2022-01-16 20:10:33.003648,0.0,0.0,0.0
2022-01-16 20:10:33.510155,0.0,0.0,0.0
2022-01-16 20:10:34.007413,0.0,0.0,0.0
2022-01-16 20:10:34.502419,0.0,0.0,0.0
2022-01-16 20:10:35.010540,0.0,0.0,0.0
2022-01-16 20:10:35.506412,0.0,0.0,0.0
2022-01-16 20:10:36.003910,0.0,0.0,0.0
2022-01-16 20:10:36.508586,0.0,0.0,0.0
2022-01-16 20:10:37.005083,0.0,0.0,0.0
2022-01-16 20:10:37.510370,0.0,0.0,0.0
2022-01-16 20:10:38.008234,0.0,0.0,0.0
2022-01-16 20:10:38.502731,0.0,0.0,0.0
2022-01-16 20:10:39.001177,0.0,0.0,0.0
2022-01-16 20:10:39.507097,0.0,0.0,0.0
2022-01-16 20:10:40.004743,0.0,0.0,0.0
2022-01-16 20:10:40.501257,0.0,0.0,0.0
2022-01-16 20:10:41.009073,0.0,0.0,0.0
2022-01-16 20:10:41.503290,0.0,0.0,0.0
2022-01-16 20:10:42.002523,0.0,0.0,0.0
2022-01-16 20:10:42.507337,0.0,0.0,0.0
2022-01-16 20:10:43.005220,0.0,0.0,0.0
2022-01-16 20:10:43.509908,0.0,0.0,0.0
2022-01-16 20:10:44.008206,0.0,0.0,0.0
2022-01-16 20:10:44.504411,0.0,0.0,0.0
2022-01-16 20:10:45.002594,0.0,0.0,0.0
2022-01-16 20:10:45.507520,0.0,0.0,0.0
2022-01-16 20:10:46.005705,0.0,0.0,0.0
2022-01-16 20:10:46.501672,0.0,0.0,0.0
2022-01-16 20:10:47.010550,0.0,0.0,0.0
2022-01-16 20:10:47.503835,0.0,0.0,0.0
2022-01-16 20:10:48.011060,0.0,0.0,0.0
2022-01-16 20:10:48.504910,0.0,0.0,0.0
2022-01-16 20:10:49.002715,0.0,0.0,0.0
2022-01-16 20:10:49.508043,0.0,0.0,0.0
2022-01-16 20:10:50.005324,0.0,0.0,0.0
2022-01-16 20:10:50.510754,0.0,0.0,0.0
2022-01-16 20:10:51.001080,0.0,0.0,0.0
2022-01-16 20:10:51.506169,0.0,0.0,0.0
2022-01-16 20:10:52.004523,0.0,0.0,0.0
2022-01-16 20:10:52.509096,0.0,0.0,0.0
2022-01-16 20:10:53.006906,0.0,0.0,0.0
2022-01-16 20:10:53.502620,0.0,0.0,0.0
2022-01-16 20:10:54.011079,0.0,0.0,0.0
2022-01-16 20:10:54.505613,0.0,0.0,0.0
2022-01-16 20:10:55.005335,0.0,0.0,0.0
2022-01-16 20:10:55.502508,0.0,0.0,0.0
2022-01-16 20:10:56.010648,0.0,0.0,0.0
2022-01-16 20:10:56.505256,0.0,0.0,0.0
2022-01-16 20:10:57.003556,0.0,0.0,0.0
2022-01-16 20:10:57.509234,0.0,0.0,0.0
2022-01-16 20:10:58.008404,0.0,0.0,0.0
2022-01-16 20:10:58.502424,0.0,0.0,0.0
2022-01-16 20:10:59.010713,0.0,0.0,0.0
2022-01-16 20:10:59.506376,0.0,0.0,0.0
2022-01-16 20:11:00.006188,0.0,0.0,0.0
2022-01-16 20:11:00.509454,0.0,0.0,0.0
2022-01-16 20:11:01.008667,0.0,0.0,0.0
2022-01-16 20:11:01.504036,0.0,0.0,0.0
2022-01-16 20:11:02.000996,0.0,0.0,0.0
2022-01-16 20:11:02.507071,0.0,0.0,0.0
2022-01-16 20:11:03.005567,0.0,0.0,0.0
2022-01-16 20:11:03.508403,0.0,0.0,0.0
2022-01-16 20:11:04.007075,0.0,0.0,0.0
2022-01-16 20:11:04.501128,0.0,0.0,0.0
2022-01-16 20:11:05.008905,0.0,0.0,0.0
2022-01-16 20:11:05.502226,0.0,0.0,0.0
2022-01-16 20:11:06.009779,0.0,0.0,0.0
2022-01-16 20:11:06.505216,0.0,0.0,0.0
2022-01-16 20:11:07.002819,0.0,0.0,0.0
2022-01-16 20:11:07.507142,0.0,0.0,0.0
2022-01-16 20:11:08.005584,0.0,0.0,0.0
2022-01-16 20:11:08.510654,0.0,0.0,0.0
2022-01-16 20:11:09.008623,0.0,0.0,0.0
2022-01-16 20:11:09.502336,0.0,0.0,0.0
2022-01-16 20:11:10.008641,0.0,0.0,0.0
2022-01-16 20:11:10.502340,0.0,0.0,0.0
2022-01-16 20:11:11.001539,0.0,0.0,0.0
2022-01-16 20:11:11.507060,0.0,0.0,0.0
2022-01-16 20:11:12.007250,0.0,0.0,0.0
2022-01-16 20:11:12.503900,0.0,0.0,0.0
2022-01-16 20:11:13.001587,0.0,0.0,0.0
2022-01-16 20:11:13.507208,0.0,0.0,0.0
2022-01-16 20:11:14.004516,0.0,0.0,0.0
2022-01-16 20:11:14.509583,0.0,0.0,0.0
2022-01-16 20:11:15.008115,0.0,0.0,0.0
2022-01-16 20:11:15.503434,0.0,0.0,0.0
2022-01-16 20:11:16.001752,0.0,0.0,0.0
2022-01-16 20:11:16.506960,0.0,0.0,0.0
2022-01-16 20:11:17.006227,0.0,0.0,0.0
2022-01-16 20:11:17.501248,0.0,0.0,0.0
2022-01-16 20:11:18.009717,0.0,0.0,0.0
2022-01-16 20:11:18.504575,0.0,0.0,0.0
2022-01-16 20:11:19.002419,0.0,0.0,0.0
2022-01-16 20:11:19.508164,0.0,0.0,0.0
2022-01-16 20:11:20.008033,0.0,0.0,0.0
2022-01-16 20:11:20.502939,0.0,0.0,0.0
2022-01-16 20:11:21.011171,0.0,0.0,0.0
2022-01-16 20:11:21.508066,0.0,0.0,0.0
2022-01-16 20:11:22.006583,0.0,0.0,0.0
2022-01-16 20:11:22.503449,0.0,0.0,0.0
2022-01-16 20:11:23.000994,0.0,0.0,0.0
2022-01-16 20:11:23.506313,0.0,0.0,0.0
2022-01-16 20:11:24.004393,0.0,0.0,0.0
2022-01-16 20:11:24.509734,0.0,0.0,0.0
2022-01-16 20:11:25.007449,0.0,0.0,0.0
2022-01-16 20:11:25.501586,0.0,0.0,0.0
2022-01-16 20:11:26.010983,0.0,0.0,0.0
2022-01-16 20:11:26.505152,0.0,0.0,0.0
2022-01-16 20:11:27.004565,0.0,0.0,0.0
2022-01-16 20:11:27.510916,0.0,0.0,0.0
2022-01-16 20:11:28.008731,0.0,0.0,0.0
2022-01-16 20:11:28.503825,0.0,0.0,0.0
2022-01-16 20:11:29.010948,0.0,0.0,0.0
2022-01-16 20:11:29.505840,0.0,0.0,0.0
2022-01-16 20:11:30.004065,0.0,0.0,0.0
2022-01-16 20:11:30.501476,0.0,0.0,0.0
2022-01-16 20:11:31.010220,0.0,0.0,0.0
2022-01-16 20:11:31.505610,0.0,0.0,0.0
2022-01-16 20:11:32.004381,0.0,0.0,0.0
2022-01-16 20:11:32.509302,0.0,0.0,0.0
2022-01-16 20:11:33.007380,0.0,0.0,0.0
2022-01-16 20:11:33.501023,0.0,0.0,0.0
2022-01-16 20:11:34.009269,0.0,0.0,0.0
2022-01-16 20:11:34.506312,0.0,0.0,0.0
2022-01-16 20:11:35.005669,0.0,0.0,0.0
2022-01-16 20:11:35.501000,0.0,0.0,0.0
2022-01-16 20:11:36.008749,0.0,0.0,0.0
2022-01-16 20:11:36.503684,0.0,0.0,0.0
2022-01-16 20:11:37.001149,0.0,0.0,0.0
2022-01-16 20:11:37.507395,0.0,0.0,0.0
2022-01-16 20:11:38.005652,0.0,0.0,0.0
2022-01-16 20:11:38.509739,0.0,0.0,0.0
2022-01-16 20:11:39.010799,0.0,0.0,0.0
2022-01-16 20:11:39.505693,0.0,0.0,0.0
2022-01-16 20:11:40.002870,0.0,0.0,0.0
2022-01-16 20:11:40.507843,0.0,0.0,0.0
2022-01-16 20:11:41.005298,0.0,0.0,0.0
2022-01-16 20:11:41.510571,0.0,0.0,0.0
2022-01-16 20:11:42.007576,0.0,0.0,0.0
2022-01-16 20:11:42.501657,0.0,0.0,0.0
2022-01-16 20:11:43.010388,0.0,0.0,0.0
2022-01-16 20:11:43.507859,0.0,0.0,0.0
2022-01-16 20:11:44.005748,0.0,0.0,0.0
2022-01-16 20:11:44.505547,0.0,0.0,0.0
2022-01-16 20:11:45.004509,0.0,0.0,0.0
2022-01-16 20:11:45.509014,0.0,0.0,0.0
2022-01-16 20:11:46.006263,0.0,0.0,0.0
2022-01-16 20:11:46.510490,0.0,0.0,0.0
2022-01-16 20:11:47.009236,0.0,0.0,0.0
2022-01-16 20:11:47.504200,0.0,0.0,0.0
2022-01-16 20:11:48.003830,0.0,0.0,0.0
2022-01-16 20:11:48.508839,0.0,0.0,0.0
2022-01-16 20:11:49.006561,0.0,0.0,0.0
2022-01-16 20:11:49.501337,0.0,0.0,0.0
2022-01-16 20:11:50.009622,0.0,0.0,0.0
2022-01-16 20:11:50.503345,0.0,0.0,0.0
2022-01-16 20:11:51.011030,0.0,0.0,0.0
2022-01-16 20:11:51.505072,0.0,0.0,0.0
2022-01-16 20:11:52.003058,0.0,0.0,0.0
2022-01-16 20:11:52.509756,0.0,0.0,0.0
2022-01-16 20:11:53.007066,0.0,0.0,0.0
2022-01-16 20:11:53.501289,0.0,0.0,0.0
2022-01-16 20:11:54.008657,0.0,0.0,0.0
2022-01-16 20:11:54.503392,0.0,0.0,0.0
2022-01-16 20:11:55.001796,0.0,0.0,0.0
2022-01-16 20:11:55.507797,0.0,0.0,0.0
2022-01-16 20:11:56.005263,0.0,0.0,0.0
2022-01-16 20:11:56.509320,0.0,0.0,0.0
2022-01-16 20:11:57.009584,0.0,0.0,0.0
2022-01-16 20:11:57.502660,0.0,0.0,0.0
2022-01-16 20:11:58.010867,0.0,0.0,0.0
2022-01-16 20:11:58.504459,0.0,0.0,0.0
2022-01-16 20:11:59.002315,0.0,0.0,0.0
2022-01-16 20:11:59.506728,0.0,0.0,0.0
2022-01-16 20:12:00.005163,0.0,0.0,0.0
2022-01-16 20:12:00.506459,0.0,0.0,0.0
2022-01-16 20:12:01.005411,0.0,0.0,0.0
2022-01-16 20:12:01.501326,0.0,0.0,0.0
2022-01-16 20:12:02.010407,0.0,0.0,0.0
2022-01-16 20:12:02.505160,0.0,0.0,0.0
2022-01-16 20:12:03.004580,0.0,0.0,0.0
2022-01-16 20:12:03.510109,0.0,0.0,0.0
2022-01-16 20:12:04.009863,0.0,0.0,0.0
2022-01-16 20:12:04.504565,0.0,0.0,0.0
2022-01-16 20:12:05.002825,0.0,0.0,0.0
2022-01-16 20:12:05.509853,0.0,0.0,0.0
2022-01-16 20:12:06.007907,0.0,0.0,0.0
2022-01-16 20:12:06.503903,0.0,0.0,0.0
2022-01-16 20:12:07.002407,0.0,0.0,0.0
2022-01-16 20:12:07.507844,0.0,0.0,0.0
2022-01-16 20:12:08.003754,0.0,0.0,0.0
2022-01-16 20:12:08.508720,0.0,0.0,0.0
2022-01-16 20:12:09.005808,0.0,0.0,0.0
2022-01-16 20:12:09.508825,0.0,0.0,0.0
2022-01-16 20:12:10.006208,0.0,0.0,0.0
2022-01-16 20:12:10.504061,0.0,0.0,0.0
2022-01-16 20:12:11.002924,0.0,0.0,0.0
2022-01-16 20:12:11.507110,0.0,0.0,0.0
2022-01-16 20:12:12.005494,0.0,0.0,0.0
2022-01-16 20:12:12.509989,0.0,0.0,0.0
2022-01-16 20:12:13.008525,0.0,0.0,0.0
2022-01-16 20:12:13.502282,0.0,0.0,0.0
2022-01-16 20:12:14.010262,0.0,0.0,0.0
2022-01-16 20:12:14.504115,0.0,0.0,0.0
2022-01-16 20:12:15.001452,0.0,0.0,0.0
2022-01-16 20:12:15.506430,0.0,0.0,0.0
2022-01-16 20:12:16.005533,0.0,0.0,0.0
2022-01-16 20:12:16.502263,0.0,0.0,0.0
2022-01-16 20:12:17.001103,0.0,0.0,0.0
2022-01-16 20:12:17.505772,0.0,0.0,0.0
2022-01-16 20:12:18.002930,0.0,0.0,0.0
2022-01-16 20:12:18.507069,0.0,0.0,0.0
2022-01-16 20:12:19.007296,0.0,0.0,0.0
2022-01-16 20:12:19.501084,0.0,0.0,0.0
2022-01-16 20:12:20.008143,0.0,0.0,0.0
2022-01-16 20:12:20.502429,0.0,0.0,0.0
2022-01-16 20:12:21.001189,0.0,0.0,0.0
2022-01-16 20:12:21.505643,0.0,0.0,0.0
2022-01-16 20:12:22.002250,0.0,0.0,0.0
2022-01-16 20:12:22.506831,0.0,0.0,0.0
2022-01-16 20:12:23.004155,0.0,0.0,0.0
2022-01-16 20:12:23.510939,0.0,0.0,0.0
2022-01-16 20:12:24.008279,0.0,0.0,0.0
2022-01-16 20:12:24.505148,0.0,0.0,0.0
2022-01-16 20:12:25.002926,0.0,0.0,0.0
2022-01-16 20:12:25.509016,0.0,0.0,0.0
2022-01-16 20:12:26.006443,0.0,0.0,0.0
2022-01-16 20:12:26.502374,0.0,0.0,0.0
2022-01-16 20:12:27.010615,0.0,0.0,0.0
2022-01-16 20:12:27.505239,0.0,0.0,0.0
2022-01-16 20:12:28.005270,0.0,0.0,0.0
2022-01-16 20:12:28.509374,0.0,0.0,0.0
2022-01-16 20:12:29.006968,0.0,0.0,0.0
2022-01-16 20:12:29.501185,0.0,0.0,0.0
2022-01-16 20:12:30.010867,0.0,0.0,0.0
2022-01-16 20:12:30.505539,0.0,0.0,0.0
2022-01-16 20:12:31.002300,0.0,0.0,0.0
2022-01-16 20:12:31.508240,0.0,0.0,0.0
2022-01-16 20:12:32.005589,0.0,0.0,0.0
2022-01-16 20:12:32.504323,0.0,0.0,0.0
2022-01-16 20:12:33.002825,0.0,0.0,0.0
2022-01-16 20:12:33.506883,0.0,0.0,0.0
2022-01-16 20:12:34.004119,0.0,0.0,0.0
2022-01-16 20:12:34.509861,0.0,0.0,0.0
2022-01-16 20:12:35.008012,0.0,0.0,0.0
2022-01-16 20:12:35.502987,0.0,0.0,0.0
2022-01-16 20:12:36.010504,0.0,0.0,0.0
2022-01-16 20:12:36.506172,0.0,0.0,0.0
2022-01-16 20:12:37.005489,0.0,0.0,0.0
2022-01-16 20:12:37.510999,0.0,0.0,0.0
2022-01-16 20:12:38.008899,0.0,0.0,0.0
2022-01-16 20:12:38.503826,0.0,0.0,0.0
2022-01-16 20:12:39.002405,0.0,0.0,0.0
2022-01-16 20:12:39.508157,0.0,0.0,0.0
2022-01-16 20:12:40.005667,0.0,0.0,0.0
2022-01-16 20:12:40.510873,0.0,0.0,0.0
2022-01-16 20:12:41.008263,0.0,0.0,0.0
2022-01-16 20:12:41.505141,0.0,0.0,0.0
2022-01-16 20:12:42.003370,0.0,0.0,0.0
2022-01-16 20:12:42.508975,0.0,0.0,0.0
2022-01-16 20:12:43.006354,0.0,0.0,0.0
2022-01-16 20:12:43.511026,0.0,0.0,0.0
2022-01-16 20:12:44.008589,0.0,0.0,0.0
2022-01-16 20:12:44.503110,0.0,0.0,0.0
2022-01-16 20:12:45.001464,0.0,0.0,0.0
2022-01-16 20:12:45.506331,0.0,0.0,0.0
2022-01-16 20:12:46.005619,0.0,0.0,0.0
2022-01-16 20:12:46.501786,0.0,0.0,0.0
2022-01-16 20:12:47.002787,0.0,0.0,0.0
2022-01-16 20:12:47.506748,0.0,0.0,0.0
2022-01-16 20:12:48.005013,0.0,0.0,0.0
2022-01-16 20:12:48.508474,0.0,0.0,0.0
2022-01-16 20:12:49.007512,0.0,0.0,0.0
2022-01-16 20:12:49.510927,0.0,0.0,0.0
2022-01-16 20:12:50.009188,0.0,0.0,0.0
2022-01-16 20:12:50.506027,0.0,0.0,0.0
2022-01-16 20:12:51.004244,0.0,0.0,0.0
2022-01-16 20:12:51.509786,0.0,0.0,0.0
2022-01-16 20:12:52.006756,0.0,0.0,0.0
2022-01-16 20:12:52.501245,0.0,0.0,0.0
2022-01-16 20:12:53.010377,0.0,0.0,0.0
2022-01-16 20:12:53.505626,0.0,0.0,0.0
2022-01-16 20:12:54.003068,0.0,0.0,0.0
2022-01-16 20:12:54.508626,0.0,0.0,0.0
2022-01-16 20:12:55.007495,0.0,0.0,0.0
2022-01-16 20:12:55.509789,0.0,0.0,0.0
2022-01-16 20:12:56.007573,0.0,0.0,0.0
2022-01-16 20:12:56.502770,0.0,0.0,0.0
2022-01-16 20:12:57.010494,0.0,0.0,0.0
2022-01-16 20:12:57.504915,0.0,0.0,0.0
2022-01-16 20:12:58.001904,0.0,0.0,0.0
2022-01-16 20:12:58.510680,0.0,0.0,0.0
2022-01-16 20:12:59.009883,0.0,0.0,0.0
2022-01-16 20:12:59.505249,0.0,0.0,0.0
2022-01-16 20:13:00.004420,0.0,0.0,0.0
2022-01-16 20:13:00.506220,0.0,0.0,0.0
2022-01-16 20:13:01.004933,0.0,0.0,0.0
2022-01-16 20:13:01.509104,0.0,0.0,0.0
2022-01-16 20:13:02.006838,0.0,0.0,0.0
2022-01-16 20:13:02.501895,0.0,0.0,0.0
2022-01-16 20:13:03.010447,0.0,0.0,0.0
2022-01-16 20:13:03.507699,0.0,0.0,0.0
2022-01-16 20:13:04.006400,0.0,0.0,0.0
2022-01-16 20:13:04.500945,0.0,0.0,0.0
2022-01-16 20:13:05.008658,0.0,0.0,0.0
2022-01-16 20:13:05.504287,0.0,0.0,0.0
2022-01-16 20:13:06.002582,0.0,0.0,0.0
2022-01-16 20:13:06.508550,0.0,0.0,0.0
2022-01-16 20:13:07.005635,0.0,0.0,0.0
2022-01-16 20:13:07.503225,0.0,0.0,0.0
2022-01-16 20:13:08.001003,0.0,0.0,0.0
2022-01-16 20:13:08.505905,0.0,0.0,0.0
2022-01-16 20:13:09.004110,0.0,0.0,0.0
2022-01-16 20:13:09.509187,0.0,0.0,0.0
2022-01-16 20:13:10.007693,0.0,0.0,0.0
2022-01-16 20:13:10.502470,0.0,0.0,0.0
2022-01-16 20:13:11.010943,0.0,0.0,0.0
2022-01-16 20:13:11.505693,0.0,0.0,0.0
2022-01-16 20:13:12.003823,0.0,0.0,0.0
2022-01-16 20:13:12.509018,0.0,0.0,0.0
2022-01-16 20:13:13.006174,0.0,0.0,0.0
2022-01-16 20:13:13.502690,0.0,0.0,0.0
2022-01-16 20:13:14.002017,0.0,0.0,0.0
2022-01-16 20:13:14.506913,0.0,0.0,0.0
2022-01-16 20:13:15.005159,0.0,0.0,0.0
2022-01-16 20:13:15.509131,0.0,0.0,0.0
2022-01-16 20:13:16.007669,0.0,0.0,0.0
2022-01-16 20:13:16.504784,0.0,0.0,0.0
2022-01-16 20:13:17.002378,0.0,0.0,0.0
2022-01-16 20:13:17.508332,0.0,0.0,0.0
2022-01-16 20:13:18.006857,0.0,0.0,0.0
2022-01-16 20:13:18.501303,0.0,0.0,0.0
2022-01-16 20:13:19.009803,0.0,0.0,0.0
2022-01-16 20:13:19.503523,0.0,0.0,0.0
2022-01-16 20:13:20.011402,0.0,0.0,0.0
2022-01-16 20:13:20.506317,0.0,0.0,0.0
2022-01-16 20:13:21.004944,0.0,0.0,0.0
2022-01-16 20:13:21.509571,0.0,0.0,0.0
2022-01-16 20:13:22.009095,0.0,0.0,0.0
2022-01-16 20:13:22.502984,0.0,0.0,0.0
2022-01-16 20:13:23.010652,0.0,0.0,0.0
2022-01-16 20:13:23.506348,0.0,0.0,0.0
2022-01-16 20:13:24.004017,0.0,0.0,0.0
2022-01-16 20:13:24.509191,0.0,0.0,0.0
2022-01-16 20:13:25.005938,0.0,0.0,0.0
2022-01-16 20:13:25.502583,0.0,0.0,0.0
2022-01-16 20:13:26.001336,0.0,0.0,0.0
2022-01-16 20:13:26.506336,0.0,0.0,0.0
2022-01-16 20:13:27.005713,0.0,0.0,0.0
2022-01-16 20:13:27.510081,0.0,0.0,0.0
2022-01-16 20:13:28.010273,0.0,0.0,0.0
2022-01-16 20:13:28.502059,0.0,0.0,0.0
2022-01-16 20:13:29.002716,0.0,0.0,0.0
2022-01-16 20:13:29.508146,0.0,0.0,0.0
2022-01-16 20:13:30.005798,0.0,0.0,0.0
2022-01-16 20:13:30.510507,0.0,0.0,0.0
2022-01-16 20:13:31.008667,0.0,0.0,0.0
2022-01-16 20:13:31.503511,0.0,0.0,0.0
2022-01-16 20:13:32.009243,0.0,0.0,0.0
2022-01-16 20:13:32.505773,0.0,0.0,0.0
2022-01-16 20:13:33.004311,0.0,0.0,0.0
2022-01-16 20:13:33.509577,0.0,0.0,0.0
2022-01-16 20:13:34.006866,0.0,0.0,0.0
2022-01-16 20:13:34.502387,0.0,0.0,0.0
2022-01-16 20:13:35.009816,0.0,0.0,0.0
2022-01-16 20:13:35.502835,0.0,0.0,0.0
2022-01-16 20:13:36.003082,0.0,0.0,0.0
2022-01-16 20:13:36.504152,0.0,0.0,0.0
2022-01-16 20:13:37.002254,0.0,0.0,0.0
2022-01-16 20:13:37.507202,0.0,0.0,0.0
2022-01-16 20:13:38.005463,0.0,0.0,0.0
2022-01-16 20:13:38.509643,0.0,0.0,0.0
2022-01-16 20:13:39.007637,0.0,0.0,0.0
2022-01-16 20:13:39.503909,0.0,0.0,0.0
2022-01-16 20:13:40.002557,0.0,0.0,0.0
2022-01-16 20:13:40.510063,0.0,0.0,0.0
2022-01-16 20:13:41.007990,0.0,0.0,0.0
2022-01-16 20:13:41.501877,0.0,0.0,0.0
2022-01-16 20:13:42.009152,0.0,0.0,0.0
2022-01-16 20:13:42.503651,0.0,0.0,0.0
2022-01-16 20:13:43.001252,0.0,0.0,0.0
2022-01-16 20:13:43.507922,0.0,0.0,0.0
2022-01-16 20:13:44.006437,0.0,0.0,0.0
2022-01-16 20:13:44.501216,0.0,0.0,0.0
2022-01-16 20:13:45.009266,0.0,0.0,0.0
2022-01-16 20:13:45.503014,0.0,0.0,0.0
2022-01-16 20:13:46.002571,0.0,0.0,0.0
2022-01-16 20:13:46.508801,0.0,0.0,0.0
2022-01-16 20:13:47.007139,0.0,0.0,0.0
2022-01-16 20:13:47.502337,0.0,0.0,0.0
2022-01-16 20:13:48.001157,0.0,0.0,0.0
2022-01-16 20:13:48.507081,0.0,0.0,0.0
2022-01-16 20:13:49.004753,0.0,0.0,0.0
2022-01-16 20:13:49.511055,0.0,0.0,0.0
2022-01-16 20:13:50.009074,0.0,0.0,0.0
2022-01-16 20:13:50.504511,0.0,0.0,0.0
2022-01-16 20:13:51.002824,0.0,0.0,0.0
2022-01-16 20:13:51.507320,0.0,0.0,0.0
2022-01-16 20:13:52.001829,0.0,0.0,0.0
2022-01-16 20:13:52.509639,0.0,0.0,0.0
2022-01-16 20:13:53.007452,0.0,0.0,0.0
2022-01-16 20:13:53.501742,0.0,0.0,0.0
2022-01-16 20:13:54.010940,0.0,0.0,0.0
2022-01-16 20:13:54.505216,0.0,0.0,0.0
2022-01-16 20:13:55.002672,0.0,0.0,0.0
2022-01-16 20:13:55.508521,0.0,0.0,0.0
2022-01-16 20:13:56.005939,0.0,0.0,0.0
2022-01-16 20:13:56.501817,0.0,0.0,0.0
2022-01-16 20:13:57.009804,0.0,0.0,0.0
2022-01-16 20:13:57.504163,0.0,0.0,0.0
2022-01-16 20:13:58.001655,0.0,0.0,0.0
2022-01-16 20:13:58.506281,0.0,0.0,0.0
2022-01-16 20:13:59.005235,0.0,0.0,0.0
2022-01-16 20:13:59.510268,0.0,0.0,0.0
2022-01-16 20:14:00.007843,0.0,0.0,0.0
2022-01-16 20:14:00.501256,0.0,0.0,0.0
2022-01-16 20:14:01.010843,0.0,0.0,0.0
2022-01-16 20:14:01.506473,0.0,0.0,0.0
2022-01-16 20:14:02.005252,0.0,0.0,0.0
2022-01-16 20:14:02.510303,0.0,0.0,0.0
2022-01-16 20:14:03.009313,0.0,0.0,0.0
2022-01-16 20:14:03.503898,0.0,0.0,0.0
2022-01-16 20:14:04.002254,0.0,0.0,0.0
2022-01-16 20:14:04.506509,0.0,0.0,0.0
2022-01-16 20:14:05.004324,0.0,0.0,0.0
2022-01-16 20:14:05.509124,0.0,0.0,0.0
2022-01-16 20:14:06.008596,0.0,0.0,0.0
2022-01-16 20:14:06.503832,0.0,0.0,0.0
2022-01-16 20:14:07.003672,0.0,0.0,0.0
2022-01-16 20:14:07.508801,0.0,0.0,0.0
2022-01-16 20:14:08.006217,0.0,0.0,0.0
2022-01-16 20:14:08.500839,0.0,0.0,0.0
2022-01-16 20:14:09.009001,0.0,0.0,0.0
2022-01-16 20:14:09.504135,0.0,0.0,0.0
2022-01-16 20:14:10.002456,0.0,0.0,0.0
2022-01-16 20:14:10.508903,0.0,0.0,0.0
2022-01-16 20:14:11.008385,0.0,0.0,0.0
2022-01-16 20:14:11.502833,0.0,0.0,0.0
2022-01-16 20:14:12.002232,0.0,0.0,0.0
2022-01-16 20:14:12.507151,0.0,0.0,0.0
2022-01-16 20:14:13.004658,0.0,0.0,0.0
2022-01-16 20:14:13.510679,0.0,0.0,0.0
2022-01-16 20:14:14.009131,0.0,0.0,0.0
2022-01-16 20:14:14.504198,0.0,0.0,0.0
2022-01-16 20:14:15.003170,0.0,0.0,0.0
2022-01-16 20:14:15.507758,0.0,0.0,0.0
2022-01-16 20:14:16.008916,0.0,0.0,0.0
2022-01-16 20:14:16.503464,0.0,0.0,0.0
2022-01-16 20:14:17.000987,0.0,0.0,0.0
2022-01-16 20:14:17.506665,0.0,0.0,0.0
2022-01-16 20:14:18.003795,0.0,0.0,0.0
2022-01-16 20:14:18.510189,0.0,0.0,0.0
2022-01-16 20:14:19.007469,0.0,0.0,0.0
2022-01-16 20:14:19.504148,0.0,0.0,0.0
2022-01-16 20:14:20.002220,0.0,0.0,0.0
2022-01-16 20:14:20.507289,0.0,0.0,0.0
2022-01-16 20:14:21.004788,0.0,0.0,0.0
2022-01-16 20:14:21.509243,0.0,0.0,0.0
2022-01-16 20:14:22.006929,0.0,0.0,0.0
2022-01-16 20:14:22.502431,0.0,0.0,0.0
2022-01-16 20:14:23.000988,0.0,0.0,0.0
2022-01-16 20:14:23.506260,0.0,0.0,0.0
2022-01-16 20:14:24.006254,0.0,0.0,0.0
2022-01-16 20:14:24.509950,0.0,0.0,0.0
2022-01-16 20:14:25.007395,0.0,0.0,0.0
2022-01-16 20:14:25.502336,0.0,0.0,0.0
2022-01-16 20:14:26.010537,0.0,0.0,0.0
2022-01-16 20:14:26.505242,0.0,0.0,0.0
2022-01-16 20:14:27.003375,0.0,0.0,0.0
2022-01-16 20:14:27.507628,0.0,0.0,0.0
2022-01-16 20:14:28.005357,0.0,0.0,0.0
2022-01-16 20:14:29.005167,0.0,0.0,0.0
2022-01-16 20:14:29.510486,0.0,0.0,0.0
2022-01-16 20:14:30.009737,0.0,0.0,0.0
2022-01-16 20:14:30.504925,0.0,0.0,0.0
2022-01-16 20:14:31.002018,0.0,0.0,0.0
2022-01-16 20:14:31.508073,0.0,0.0,0.0
2022-01-16 20:14:32.006237,0.0,0.0,0.0
2022-01-16 20:14:32.510843,0.0,0.0,0.0
2022-01-16 20:14:33.009858,0.0,0.0,0.0
2022-01-16 20:14:33.505085,0.0,0.0,0.0
2022-01-16 20:14:34.002971,0.0,0.0,0.0
2022-01-16 20:14:34.509020,0.0,0.0,0.0
2022-01-16 20:14:35.007082,0.0,0.0,0.0
2022-01-16 20:14:35.511167,0.0,0.0,0.0
2022-01-16 20:14:36.009030,0.0,0.0,0.0
2022-01-16 20:14:36.503461,0.0,0.0,0.0
2022-01-16 20:14:37.001356,0.0,0.0,0.0
2022-01-16 20:14:37.507632,0.0,0.0,0.0
2022-01-16 20:14:38.006953,0.0,0.0,0.0
2022-01-16 20:14:38.501876,0.0,0.0,0.0
2022-01-16 20:14:39.001826,0.0,0.0,0.0
2022-01-16 20:14:39.506678,0.0,0.0,0.0
2022-01-16 20:14:40.005048,0.0,0.0,0.0
2022-01-16 20:14:40.510827,0.0,0.0,0.0
2022-01-16 20:14:41.008801,0.0,0.0,0.0
2022-01-16 20:14:41.505260,0.0,0.0,0.0
2022-01-16 20:14:42.005765,0.0,0.0,0.0
2022-01-16 20:14:42.509845,0.0,0.0,0.0
2022-01-16 20:14:43.005609,0.0,0.0,0.0
2022-01-16 20:14:43.509804,0.0,0.0,0.0
2022-01-16 20:14:44.008106,0.0,0.0,0.0
2022-01-16 20:14:44.503446,0.0,0.0,0.0
2022-01-16 20:14:45.011049,0.0,0.0,0.0
2022-01-16 20:14:45.505163,0.0,0.0,0.0
2022-01-16 20:14:46.003842,0.0,0.0,0.0
2022-01-16 20:14:46.508932,0.0,0.0,0.0
2022-01-16 20:14:47.006304,0.0,0.0,0.0
2022-01-16 20:14:47.510105,0.0,0.0,0.0
2022-01-16 20:14:48.008960,0.0,0.0,0.0
2022-01-16 20:14:48.503646,0.0,0.0,0.0
2022-01-16 20:14:49.505136,0.0,0.0,0.0
2022-01-16 20:14:50.004033,0.0,0.0,0.0
2022-01-16 20:14:50.510075,0.0,0.0,0.0
2022-01-16 20:14:51.008043,0.0,0.0,0.0
2022-01-16 20:14:51.504197,0.0,0.0,0.0
2022-01-16 20:14:52.001893,0.0,0.0,0.0
2022-01-16 20:14:52.506262,0.0,0.0,0.0
2022-01-16 20:14:53.004276,0.0,0.0,0.0
2022-01-16 20:14:53.508676,0.0,0.0,0.0
2022-01-16 20:14:54.007110,0.0,0.0,0.0
2022-01-16 20:14:54.503082,0.0,0.0,0.0
2022-01-16 20:14:55.001528,0.0,0.0,0.0
2022-01-16 20:14:55.508786,0.0,0.0,0.0
2022-01-16 20:14:56.008143,0.0,0.0,0.0
2022-01-16 20:14:56.502951,0.0,0.0,0.0
2022-01-16 20:14:57.011046,0.0,0.0,0.0
2022-01-16 20:14:57.504843,0.0,0.0,0.0
2022-01-16 20:14:58.001391,0.0,0.0,0.0
2022-01-16 20:14:58.507013,0.0,0.0,0.0
2022-01-16 20:14:59.006072,0.0,0.0,0.0
2022-01-16 20:14:59.502198,0.0,0.0,0.0
2022-01-16 20:15:00.010082,0.0,0.0,0.0
2022-01-16 20:15:00.508903,0.0,0.0,0.0
2022-01-16 20:15:01.006768,0.0,0.0,0.0
2022-01-16 20:15:01.502444,0.0,0.0,0.0
2022-01-16 20:15:02.010040,0.0,0.0,0.0
2022-01-16 20:15:02.504689,0.0,0.0,0.0
2022-01-16 20:15:03.003055,0.0,0.0,0.0
2022-01-16 20:15:03.505443,0.0,0.0,0.0
2022-01-16 20:15:04.003988,0.0,0.0,0.0
2022-01-16 20:15:04.510516,0.0,0.0,0.0
2022-01-16 20:15:05.009761,0.0,0.0,0.0
2022-01-16 20:15:05.505084,0.0,0.0,0.0
2022-01-16 20:15:06.002914,0.0,0.0,0.0
2022-01-16 20:15:06.506867,0.0,0.0,0.0
2022-01-16 20:15:07.004670,0.0,0.0,0.0
2022-01-16 20:15:07.508779,0.0,0.0,0.0
2022-01-16 20:15:08.006404,0.0,0.0,0.0
2022-01-16 20:15:08.501563,0.0,0.0,0.0
2022-01-16 20:15:09.001527,0.0,0.0,0.0
2022-01-16 20:15:09.507749,0.0,0.0,0.0
2022-01-16 20:15:10.005636,0.0,0.0,0.0
2022-01-16 20:15:10.510700,0.0,0.0,0.0
2022-01-16 20:15:11.007913,0.0,0.0,0.0
2022-01-16 20:15:11.502108,0.0,0.0,0.0
2022-01-16 20:15:12.010699,0.0,0.0,0.0
2022-01-16 20:15:12.505394,0.0,0.0,0.0
2022-01-16 20:15:13.004255,0.0,0.0,0.0
2022-01-16 20:15:13.510712,0.0,0.0,0.0
2022-01-16 20:15:14.009820,0.0,0.0,0.0
2022-01-16 20:15:14.505506,0.0,0.0,0.0
2022-01-16 20:15:15.003088,0.0,0.0,0.0
2022-01-16 20:15:15.508023,0.0,0.0,0.0
2022-01-16 20:15:16.005881,0.0,0.0,0.0
2022-01-16 20:15:16.508848,0.0,0.0,0.0
2022-01-16 20:15:17.006873,0.0,0.0,0.0
2022-01-16 20:15:17.503146,0.0,0.0,0.0
2022-01-16 20:15:18.001491,0.0,0.0,0.0
2022-01-16 20:15:18.505378,0.0,0.0,0.0
2022-01-16 20:15:19.004263,0.0,0.0,0.0
2022-01-16 20:15:19.509255,0.0,0.0,0.0
2022-01-16 20:15:20.007369,0.0,0.0,0.0
2022-01-16 20:15:20.502325,0.0,0.0,0.0
2022-01-16 20:15:21.011036,0.0,0.0,0.0
2022-01-16 20:15:21.505522,0.0,0.0,0.0
2022-01-16 20:15:22.005089,0.0,0.0,0.0
2022-01-16 20:15:22.509681,0.0,0.0,0.0
2022-01-16 20:15:23.008929,0.0,0.0,0.0
2022-01-16 20:15:23.503145,0.0,0.0,0.0
2022-01-16 20:15:24.002293,0.0,0.0,0.0
2022-01-16 20:15:24.508433,0.0,0.0,0.0
2022-01-16 20:15:25.007295,0.0,0.0,0.0
2022-01-16 20:15:25.503376,0.0,0.0,0.0
2022-01-16 20:15:26.001820,0.0,0.0,0.0
2022-01-16 20:15:26.507333,0.0,0.0,0.0
2022-01-16 20:15:27.005823,0.0,0.0,0.0
2022-01-16 20:15:27.510141,0.0,0.0,0.0
2022-01-16 20:15:28.009334,0.0,0.0,0.0
2022-01-16 20:15:28.504035,0.0,0.0,0.0
2022-01-16 20:15:29.002324,0.0,0.0,0.0
2022-01-16 20:15:29.506280,0.0,0.0,0.0
2022-01-16 20:15:30.005620,0.0,0.0,0.0
2022-01-16 20:15:30.503300,0.0,0.0,0.0
2022-01-16 20:15:31.001377,0.0,0.0,0.0
2022-01-16 20:15:31.511192,0.0,0.0,0.0
2022-01-16 20:15:32.009274,0.0,0.0,0.0
2022-01-16 20:15:32.503824,0.0,0.0,0.0
2022-01-16 20:15:33.001433,0.0,0.0,0.0
2022-01-16 20:15:33.508557,0.0,0.0,0.0
2022-01-16 20:15:34.006729,0.0,0.0,0.0
2022-01-16 20:15:34.501583,0.0,0.0,0.0
2022-01-16 20:15:35.009319,0.0,0.0,0.0
2022-01-16 20:15:35.505929,0.0,0.0,0.0
2022-01-16 20:15:36.004775,0.0,0.0,0.0
2022-01-16 20:15:36.511312,0.0,0.0,0.0
2022-01-16 20:15:37.009786,0.0,0.0,0.0
2022-01-16 20:15:37.504667,0.0,0.0,0.0
2022-01-16 20:15:38.002863,0.0,0.0,0.0
2022-01-16 20:15:38.507397,0.0,0.0,0.0
2022-01-16 20:15:39.005463,0.0,0.0,0.0
2022-01-16 20:15:39.510062,0.0,0.0,0.0
2022-01-16 20:15:40.008731,0.0,0.0,0.0
2022-01-16 20:15:40.502834,0.0,0.0,0.0
2022-01-16 20:15:41.504850,0.0,0.0,0.0
2022-01-16 20:15:42.002684,0.0,0.0,0.0
2022-01-16 20:15:42.506574,0.0,0.0,0.0
2022-01-16 20:15:43.004690,0.0,0.0,0.0
2022-01-16 20:15:43.509005,0.0,0.0,0.0
2022-01-16 20:15:44.006846,0.0,0.0,0.0
2022-01-16 20:15:44.508298,0.0,0.0,0.0
2022-01-16 20:15:45.005540,0.0,0.0,0.0
2022-01-16 20:15:45.501775,0.0,0.0,0.0
2022-01-16 20:15:46.001153,0.0,0.0,0.0
2022-01-16 20:15:46.504083,0.0,0.0,0.0
2022-01-16 20:15:47.003502,0.0,0.0,0.0
2022-01-16 20:15:47.507434,0.0,0.0,0.0
2022-01-16 20:15:48.005581,0.0,0.0,0.0
2022-01-16 20:15:48.510356,0.0,0.0,0.0
2022-01-16 20:15:49.009079,0.0,0.0,0.0
2022-01-16 20:15:49.504300,0.0,0.0,0.0
2022-01-16 20:15:50.003554,0.0,0.0,0.0
2022-01-16 20:15:50.509022,0.0,0.0,0.0
2022-01-16 20:15:51.007019,0.0,0.0,0.0
2022-01-16 20:15:51.501003,0.0,0.0,0.0
2022-01-16 20:15:52.008467,0.0,0.0,0.0
2022-01-16 20:15:52.503048,0.0,0.0,0.0
2022-01-16 20:15:53.001560,0.0,0.0,0.0
2022-01-16 20:15:53.501790,0.0,0.0,0.0
2022-01-16 20:15:54.009649,0.0,0.0,0.0
2022-01-16 20:15:54.504733,0.0,0.0,0.0
2022-01-16 20:15:55.001984,0.0,0.0,0.0
2022-01-16 20:15:55.507121,0.0,0.0,0.0
2022-01-16 20:15:56.004909,0.0,0.0,0.0
2022-01-16 20:15:56.508132,0.0,0.0,0.0
2022-01-16 20:15:57.004444,0.0,0.0,0.0
2022-01-16 20:15:57.501681,0.0,0.0,0.0
2022-01-16 20:15:58.009568,0.0,0.0,0.0
2022-01-16 20:15:58.505767,0.0,0.0,0.0
2022-01-16 20:15:59.004204,0.0,0.0,0.0
2022-01-16 20:15:59.509028,0.0,0.0,0.0
2022-01-16 20:16:00.006125,0.0,0.0,0.0
2022-01-16 20:16:00.503002,0.0,0.0,0.0
2022-01-16 20:16:01.001243,0.0,0.0,0.0
2022-01-16 20:16:01.506844,0.0,0.0,0.0
2022-01-16 20:16:02.004811,0.0,0.0,0.0
2022-01-16 20:16:02.501732,0.0,0.0,0.0
2022-01-16 20:16:03.010576,0.0,0.0,0.0
2022-01-16 20:16:03.505101,0.0,0.0,0.0
2022-01-16 20:16:04.002321,0.0,0.0,0.0
2022-01-16 20:16:04.506670,0.0,0.0,0.0
2022-01-16 20:16:05.004635,0.0,0.0,0.0
2022-01-16 20:16:05.509530,0.0,0.0,0.0
2022-01-16 20:16:06.006791,0.0,0.0,0.0
2022-01-16 20:16:06.502600,0.0,0.0,0.0
2022-01-16 20:16:07.001243,0.0,0.0,0.0
2022-01-16 20:16:07.506683,0.0,0.0,0.0
2022-01-16 20:16:08.005160,0.0,0.0,0.0
2022-01-16 20:16:08.501332,0.0,0.0,0.0
2022-01-16 20:16:09.010615,0.0,0.0,0.0
2022-01-16 20:16:09.506477,0.0,0.0,0.0
2022-01-16 20:16:10.003456,0.0,0.0,0.0
2022-01-16 20:16:10.508024,0.0,0.0,0.0
2022-01-16 20:16:11.006229,0.0,0.0,0.0
2022-01-16 20:16:11.502232,0.0,0.0,0.0
2022-01-16 20:16:12.010045,0.0,0.0,0.0
2022-01-16 20:16:12.505810,0.0,0.0,0.0
2022-01-16 20:16:13.004000,0.0,0.0,0.0
2022-01-16 20:16:13.508113,0.0,0.0,0.0
2022-01-16 20:16:14.006558,0.0,0.0,0.0
2022-01-16 20:16:14.501398,0.0,0.0,0.0
2022-01-16 20:16:15.010940,0.0,0.0,0.0
2022-01-16 20:16:15.508108,0.0,0.0,0.0
2022-01-16 20:16:16.005348,0.0,0.0,0.0
2022-01-16 20:16:16.511082,0.0,0.0,0.0
2022-01-16 20:16:17.008881,0.0,0.0,0.0
2022-01-16 20:16:17.502229,0.0,0.0,0.0
2022-01-16 20:16:18.003234,0.0,0.0,0.0
2022-01-16 20:16:18.507729,0.0,0.0,0.0
2022-01-16 20:16:19.005755,0.0,0.0,0.0
2022-01-16 20:16:19.501617,0.0,0.0,0.0
2022-01-16 20:16:20.001171,0.0,0.0,0.0
2022-01-16 20:16:20.506875,0.0,0.0,0.0
2022-01-16 20:16:21.003526,0.0,0.0,0.0
2022-01-16 20:16:21.508628,0.0,0.0,0.0
2022-01-16 20:16:22.006330,0.0,0.0,0.0
2022-01-16 20:16:22.501189,0.0,0.0,0.0
2022-01-16 20:16:23.010737,0.0,0.0,0.0
2022-01-16 20:16:23.505670,0.0,0.0,0.0
2022-01-16 20:16:24.004756,0.0,0.0,0.0
2022-01-16 20:16:24.510554,0.0,0.0,0.0
2022-01-16 20:16:25.008592,0.0,0.0,0.0
2022-01-16 20:16:25.503829,0.0,0.0,0.0
2022-01-16 20:16:26.001784,0.0,0.0,0.0
2022-01-16 20:16:26.507410,0.0,0.0,0.0
2022-01-16 20:16:27.005729,0.0,0.0,0.0
2022-01-16 20:16:27.511099,0.0,0.0,0.0
2022-01-16 20:16:28.009130,0.0,0.0,0.0
2022-01-16 20:16:28.505329,0.0,0.0,0.0
2022-01-16 20:16:29.002076,0.0,0.0,0.0
2022-01-16 20:16:29.507374,0.0,0.0,0.0
2022-01-16 20:16:30.005128,0.0,0.0,0.0
2022-01-16 20:16:30.509639,0.0,0.0,0.0
2022-01-16 20:16:31.007863,0.0,0.0,0.0
2022-01-16 20:16:31.502972,0.0,0.0,0.0
2022-01-16 20:16:32.010704,0.0,0.0,0.0
2022-01-16 20:16:32.505948,0.0,0.0,0.0
2022-01-16 20:16:33.006071,0.0,0.0,0.0
2022-01-16 20:16:33.501156,0.0,0.0,0.0
2022-01-16 20:16:34.009084,0.0,0.0,0.0
2022-01-16 20:16:34.503259,0.0,0.0,0.0
2022-01-16 20:16:35.001142,0.0,0.0,0.0
2022-01-16 20:16:35.506421,0.0,0.0,0.0
2022-01-16 20:16:36.005628,0.0,0.0,0.0
2022-01-16 20:16:36.510113,0.0,0.0,0.0
2022-01-16 20:16:37.008009,0.0,0.0,0.0
2022-01-16 20:16:37.505894,0.0,0.0,0.0
2022-01-16 20:16:38.004738,0.0,0.0,0.0
2022-01-16 20:16:38.508804,0.0,0.0,0.0
2022-01-16 20:16:39.005510,0.0,0.0,0.0
2022-01-16 20:16:39.501697,0.0,0.0,0.0
2022-01-16 20:16:40.010829,0.0,0.0,0.0
2022-01-16 20:16:40.505551,0.0,0.0,0.0
2022-01-16 20:16:41.002482,0.0,0.0,0.0
2022-01-16 20:16:41.507460,0.0,0.0,0.0
2022-01-16 20:16:42.006787,0.0,0.0,0.0
2022-01-16 20:16:42.511169,0.0,0.0,0.0
2022-01-16 20:16:43.008576,0.0,0.0,0.0
2022-01-16 20:16:43.503082,0.0,0.0,0.0
2022-01-16 20:16:44.010980,0.0,0.0,0.0
2022-01-16 20:16:44.504493,0.0,0.0,0.0
2022-01-16 20:16:45.002312,0.0,0.0,0.0
2022-01-16 20:16:45.507349,0.0,0.0,0.0
2022-01-16 20:16:46.003882,0.0,0.0,0.0
2022-01-16 20:16:46.509922,0.0,0.0,0.0
2022-01-16 20:16:47.008092,0.0,0.0,0.0
2022-01-16 20:16:47.502829,0.0,0.0,0.0
2022-01-16 20:16:48.010571,0.0,0.0,0.0
2022-01-16 20:16:48.505139,0.0,0.0,0.0
2022-01-16 20:16:49.001147,0.0,0.0,0.0
2022-01-16 20:16:49.505333,0.0,0.0,0.0
2022-01-16 20:16:50.003212,0.0,0.0,0.0
2022-01-16 20:16:50.511085,0.0,0.0,0.0
2022-01-16 20:16:51.010370,0.0,0.0,0.0
2022-01-16 20:16:51.504790,0.0,0.0,0.0
2022-01-16 20:16:52.002942,0.0,0.0,0.0
2022-01-16 20:16:52.507313,0.0,0.0,0.0
2022-01-16 20:16:53.004656,0.0,0.0,0.0
2022-01-16 20:16:53.509051,0.0,0.0,0.0
2022-01-16 20:16:54.009474,0.0,0.0,0.0
2022-01-16 20:16:54.503904,0.0,0.0,0.0
2022-01-16 20:16:55.002084,0.0,0.0,0.0
2022-01-16 20:16:55.507482,0.0,0.0,0.0
2022-01-16 20:16:56.005289,0.0,0.0,0.0
2022-01-16 20:16:56.501502,0.0,0.0,0.0
2022-01-16 20:16:57.010658,0.0,0.0,0.0
2022-01-16 20:16:57.505106,0.0,0.0,0.0
2022-01-16 20:16:58.004250,0.0,0.0,0.0
2022-01-16 20:16:58.509292,0.0,0.0,0.0
2022-01-16 20:16:59.008096,0.0,0.0,0.0
2022-01-16 20:16:59.502091,0.0,0.0,0.0
2022-01-16 20:17:00.003400,0.0,0.0,0.0
2022-01-16 20:17:00.506206,0.0,0.0,0.0
2022-01-16 20:17:01.005327,0.0,0.0,0.0
2022-01-16 20:17:01.501059,0.0,0.0,0.0
2022-01-16 20:17:02.009844,0.0,0.0,0.0
2022-01-16 20:17:02.505503,0.0,0.0,0.0
2022-01-16 20:17:03.002578,0.0,0.0,0.0
2022-01-16 20:17:03.508162,0.0,0.0,0.0
2022-01-16 20:17:04.005937,0.0,0.0,0.0
2022-01-16 20:17:05.004748,0.0,0.0,0.0
2022-01-16 20:17:05.509694,0.0,0.0,0.0
2022-01-16 20:17:06.008300,0.0,0.0,0.0
2022-01-16 20:17:06.502820,0.0,0.0,0.0
2022-01-16 20:17:07.010988,0.0,0.0,0.0
2022-01-16 20:17:07.505663,0.0,0.0,0.0
2022-01-16 20:17:08.002635,0.0,0.0,0.0
2022-01-16 20:17:08.509578,0.0,0.0,0.0
2022-01-16 20:17:09.004902,0.0,0.0,0.0
2022-01-16 20:17:09.510152,0.0,0.0,0.0
2022-01-16 20:17:10.006891,0.0,0.0,0.0
2022-01-16 20:17:10.511224,0.0,0.0,0.0
2022-01-16 20:17:11.008949,0.0,0.0,0.0
2022-01-16 20:17:11.501874,0.0,0.0,0.0
2022-01-16 20:17:12.009093,0.0,0.0,0.0
2022-01-16 20:17:12.503546,0.0,0.0,0.0
2022-01-16 20:17:13.003509,0.0,0.0,0.0
2022-01-16 20:17:13.508168,0.0,0.0,0.0
2022-01-16 20:17:14.005779,0.0,0.0,0.0
2022-01-16 20:17:14.510146,0.0,0.0,0.0
2022-01-16 20:17:15.008549,0.0,0.0,0.0
2022-01-16 20:17:15.504382,0.0,0.0,0.0
2022-01-16 20:17:16.001601,0.0,0.0,0.0
2022-01-16 20:17:16.507131,0.0,0.0,0.0
2022-01-16 20:17:17.005839,0.0,0.0,0.0
2022-01-16 20:17:17.502515,0.0,0.0,0.0
2022-01-16 20:17:18.002166,0.0,0.0,0.0
2022-01-16 20:17:18.506808,0.0,0.0,0.0
2022-01-16 20:17:19.006531,0.0,0.0,0.0
2022-01-16 20:17:19.502272,0.0,0.0,0.0
2022-01-16 20:17:20.505082,0.0,0.0,0.0
2022-01-16 20:17:21.001949,0.0,0.0,0.0
2022-01-16 20:17:21.505232,0.0,0.0,0.0
2022-01-16 20:17:22.003546,0.0,0.0,0.0
2022-01-16 20:17:22.509207,0.0,0.0,0.0
2022-01-16 20:17:23.008666,0.0,0.0,0.0
2022-01-16 20:17:23.504556,0.0,0.0,0.0
2022-01-16 20:17:24.003543,0.0,0.0,0.0
2022-01-16 20:17:24.507649,0.0,0.0,0.0
2022-01-16 20:17:25.005500,0.0,0.0,0.0
2022-01-16 20:17:25.511026,0.0,0.0,0.0
2022-01-16 20:17:26.009659,0.0,0.0,0.0
2022-01-16 20:17:26.504286,0.0,0.0,0.0
2022-01-16 20:17:27.003271,0.0,0.0,0.0
2022-01-16 20:17:27.507496,0.0,0.0,0.0
2022-01-16 20:17:28.005980,0.0,0.0,0.0
2022-01-16 20:17:28.510218,0.0,0.0,0.0
2022-01-16 20:17:29.009390,0.0,0.0,0.0
2022-01-16 20:17:29.504244,0.0,0.0,0.0
2022-01-16 20:17:30.010972,0.0,0.0,0.0
2022-01-16 20:17:30.505549,0.0,0.0,0.0
2022-01-16 20:17:31.003035,0.0,0.0,0.0
2022-01-16 20:17:31.510231,0.0,0.0,0.0
2022-01-16 20:17:32.001027,0.0,0.0,0.0
2022-01-16 20:17:32.506934,0.0,0.0,0.0
2022-01-16 20:17:33.004555,0.0,0.0,0.0
2022-01-16 20:17:33.509486,0.0,0.0,0.0
2022-01-16 20:17:34.007978,0.0,0.0,0.0
2022-01-16 20:17:34.502241,0.0,0.0,0.0
2022-01-16 20:17:35.001113,0.0,0.0,0.0
2022-01-16 20:17:35.508121,0.0,0.0,0.0
2022-01-16 20:17:36.005434,0.0,0.0,0.0
2022-01-16 20:17:36.510057,0.0,0.0,0.0
2022-01-16 20:17:37.007453,0.0,0.0,0.0
2022-01-16 20:17:37.501602,0.0,0.0,0.0
2022-01-16 20:17:38.009408,0.0,0.0,0.0
2022-01-16 20:17:38.504527,0.0,0.0,0.0
2022-01-16 20:17:39.010891,0.0,0.0,0.0
2022-01-16 20:17:39.506922,0.0,0.0,0.0
2022-01-16 20:17:40.005517,0.0,0.0,0.0
2022-01-16 20:17:40.503672,0.0,0.0,0.0
2022-01-16 20:17:41.001704,0.0,0.0,0.0
2022-01-16 20:17:41.507212,0.0,0.0,0.0
2022-01-16 20:17:42.005617,0.0,0.0,0.0
2022-01-16 20:17:42.510866,0.0,0.0,0.0
2022-01-16 20:17:43.009137,0.0,0.0,0.0
2022-01-16 20:17:43.503595,0.0,0.0,0.0
2022-01-16 20:17:44.002085,0.0,0.0,0.0
2022-01-16 20:17:44.507337,0.0,0.0,0.0
2022-01-16 20:17:45.008263,0.0,0.0,0.0
2022-01-16 20:17:45.505346,0.0,0.0,0.0
2022-01-16 20:17:46.004610,0.0,0.0,0.0
2022-01-16 20:17:46.508613,0.0,0.0,0.0
2022-01-16 20:17:47.006375,0.0,0.0,0.0
2022-01-16 20:17:47.501282,0.0,0.0,0.0
2022-01-16 20:17:48.001395,0.0,0.0,0.0
2022-01-16 20:17:48.504952,0.0,0.0,0.0
2022-01-16 20:17:49.001966,0.0,0.0,0.0
2022-01-16 20:17:49.508061,0.0,0.0,0.0
2022-01-16 20:17:50.005999,0.0,0.0,0.0
2022-01-16 20:17:50.510789,0.0,0.0,0.0
2022-01-16 20:17:51.008968,0.0,0.0,0.0
2022-01-16 20:17:51.506326,0.0,0.0,0.0
2022-01-16 20:17:52.005922,0.0,0.0,0.0
2022-01-16 20:17:52.510871,0.0,0.0,0.0
2022-01-16 20:17:53.009909,0.0,0.0,0.0
2022-01-16 20:17:53.505158,0.0,0.0,0.0
2022-01-16 20:17:54.005166,0.0,0.0,0.0
2022-01-16 20:17:54.501255,0.0,0.0,0.0
2022-01-16 20:17:55.010242,0.0,0.0,0.0
2022-01-16 20:17:55.505033,0.0,0.0,0.0
2022-01-16 20:17:56.003407,0.0,0.0,0.0
2022-01-16 20:17:56.508126,0.0,0.0,0.0
2022-01-16 20:17:57.006861,0.0,0.0,0.0
2022-01-16 20:17:57.510741,0.0,0.0,0.0
2022-01-16 20:17:58.008256,0.0,0.0,0.0
2022-01-16 20:17:58.505440,0.0,0.0,0.0
2022-01-16 20:17:59.004023,0.0,0.0,0.0
2022-01-16 20:17:59.508799,0.0,0.0,0.0
2022-01-16 20:18:00.006536,0.0,0.0,0.0
2022-01-16 20:18:00.510282,0.0,0.0,0.0
2022-01-16 20:18:01.009530,0.0,0.0,0.0
2022-01-16 20:18:01.504378,0.0,0.0,0.0
2022-01-16 20:18:02.002221,0.0,0.0,0.0
2022-01-16 20:18:02.509105,0.0,0.0,0.0
2022-01-16 20:18:03.006102,0.0,0.0,0.0
2022-01-16 20:18:03.501307,0.0,0.0,0.0
2022-01-16 20:18:04.009476,0.0,0.0,0.0
2022-01-16 20:18:04.504214,0.0,0.0,0.0
2022-01-16 20:18:05.001724,0.0,0.0,0.0
2022-01-16 20:18:05.507899,0.0,0.0,0.0
2022-01-16 20:18:06.005537,0.0,0.0,0.0
2022-01-16 20:18:06.509257,0.0,0.0,0.0
2022-01-16 20:18:07.007335,0.0,0.0,0.0
2022-01-16 20:18:07.503110,0.0,0.0,0.0
2022-01-16 20:18:08.001863,0.0,0.0,0.0
2022-01-16 20:18:08.507495,0.0,0.0,0.0
2022-01-16 20:18:09.005822,0.0,0.0,0.0
2022-01-16 20:18:09.501184,0.0,0.0,0.0
2022-01-16 20:18:10.008523,0.0,0.0,0.0
2022-01-16 20:18:10.504134,0.0,0.0,0.0
2022-01-16 20:18:11.001610,0.0,0.0,0.0
2022-01-16 20:18:11.508121,0.0,0.0,0.0
2022-01-16 20:18:12.005476,0.0,0.0,0.0
2022-01-16 20:18:12.510381,0.0,0.0,0.0
2022-01-16 20:18:13.006835,0.0,0.0,0.0
2022-01-16 20:18:13.502268,0.0,0.0,0.0
2022-01-16 20:18:14.001145,0.0,0.0,0.0
2022-01-16 20:18:14.506066,0.0,0.0,0.0
2022-01-16 20:18:15.004158,0.0,0.0,0.0
2022-01-16 20:18:15.510553,0.0,0.0,0.0
2022-01-16 20:18:16.010163,0.0,0.0,0.0
2022-01-16 20:18:16.505113,0.0,0.0,0.0
2022-01-16 20:18:17.003474,0.0,0.0,0.0
2022-01-16 20:18:17.508726,0.0,0.0,0.0
2022-01-16 20:18:18.006524,0.0,0.0,0.0
2022-01-16 20:18:18.501647,0.0,0.0,0.0
2022-01-16 20:18:19.504867,0.0,0.0,0.0
2022-01-16 20:18:20.002368,0.0,0.0,0.0
2022-01-16 20:18:20.508040,0.0,0.0,0.0
2022-01-16 20:18:21.005422,0.0,0.0,0.0
2022-01-16 20:18:21.509630,0.0,0.0,0.0
2022-01-16 20:18:22.007716,0.0,0.0,0.0
2022-01-16 20:18:22.502846,0.0,0.0,0.0
2022-01-16 20:18:23.001567,0.0,0.0,0.0
2022-01-16 20:18:23.508622,0.0,0.0,0.0
2022-01-16 20:18:24.007025,0.0,0.0,0.0
2022-01-16 20:18:24.502451,0.0,0.0,0.0
2022-01-16 20:18:25.011184,0.0,0.0,0.0
2022-01-16 20:18:25.507989,0.0,0.0,0.0
2022-01-16 20:18:26.005608,0.0,0.0,0.0
2022-01-16 20:18:26.501205,0.0,0.0,0.0
2022-01-16 20:18:27.002156,0.0,0.0,0.0
2022-01-16 20:18:27.507495,0.0,0.0,0.0
2022-01-16 20:18:28.005996,0.0,0.0,0.0
2022-01-16 20:18:28.510900,0.0,0.0,0.0
2022-01-16 20:18:29.008981,0.0,0.0,0.0
2022-01-16 20:18:29.505645,0.0,0.0,0.0
2022-01-16 20:18:30.003547,0.0,0.0,0.0
2022-01-16 20:18:30.508329,0.0,0.0,0.0
2022-01-16 20:18:31.005541,0.0,0.0,0.0
2022-01-16 20:18:31.511037,0.0,0.0,0.0
2022-01-16 20:18:32.008706,0.0,0.0,0.0
2022-01-16 20:18:32.504165,0.0,0.0,0.0
2022-01-16 20:18:33.001153,0.0,0.0,0.0
2022-01-16 20:18:33.505615,0.0,0.0,0.0
2022-01-16 20:18:34.004700,0.0,0.0,0.0
2022-01-16 20:18:34.501832,0.0,0.0,0.0
2022-01-16 20:18:35.011075,0.0,0.0,0.0
2022-01-16 20:18:35.506208,0.0,0.0,0.0
2022-01-16 20:18:36.005214,0.0,0.0,0.0
2022-01-16 20:18:36.501143,0.0,0.0,0.0
2022-01-16 20:18:37.009103,0.0,0.0,0.0
2022-01-16 20:18:37.504314,0.0,0.0,0.0
2022-01-16 20:18:38.001186,0.0,0.0,0.0
2022-01-16 20:18:38.508214,0.0,0.0,0.0
2022-01-16 20:18:39.005762,0.0,0.0,0.0
2022-01-16 20:18:39.501482,0.0,0.0,0.0
2022-01-16 20:18:40.009133,0.0,0.0,0.0
2022-01-16 20:18:40.505602,0.0,0.0,0.0
2022-01-16 20:18:41.004855,0.0,0.0,0.0
2022-01-16 20:18:41.510726,0.0,0.0,0.0
2022-01-16 20:18:42.010798,0.0,0.0,0.0
2022-01-16 20:18:42.505158,0.0,0.0,0.0
2022-01-16 20:18:43.005596,0.0,0.0,0.0
2022-01-16 20:18:43.509796,0.0,0.0,0.0
2022-01-16 20:18:44.008602,0.0,0.0,0.0
2022-01-16 20:18:44.504085,0.0,0.0,0.0
2022-01-16 20:18:45.001421,0.0,0.0,0.0
2022-01-16 20:18:45.506157,0.0,0.0,0.0
2022-01-16 20:18:46.005262,0.0,0.0,0.0
2022-01-16 20:18:46.501117,0.0,0.0,0.0
2022-01-16 20:18:47.010182,0.0,0.0,0.0
2022-01-16 20:18:47.507207,0.0,0.0,0.0
2022-01-16 20:18:48.007391,0.0,0.0,0.0
2022-01-16 20:18:48.501679,0.0,0.0,0.0
2022-01-16 20:18:49.010853,0.0,0.0,0.0
2022-01-16 20:18:49.506493,0.0,0.0,0.0
2022-01-16 20:18:50.004061,0.0,0.0,0.0
2022-01-16 20:18:50.509629,0.0,0.0,0.0
2022-01-16 20:18:51.007538,0.0,0.0,0.0
2022-01-16 20:18:51.501944,0.0,0.0,0.0
2022-01-16 20:18:52.001049,0.0,0.0,0.0
2022-01-16 20:18:52.505620,0.0,0.0,0.0
2022-01-16 20:18:53.004740,0.0,0.0,0.0
2022-01-16 20:18:53.509112,0.0,0.0,0.0
2022-01-16 20:18:54.007577,0.0,0.0,0.0
2022-01-16 20:18:54.502980,0.0,0.0,0.0
2022-01-16 20:18:55.001519,0.0,0.0,0.0
2022-01-16 20:18:55.506143,0.0,0.0,0.0
2022-01-16 20:18:56.003817,0.0,0.0,0.0
2022-01-16 20:18:56.509685,0.0,0.0,0.0
2022-01-16 20:18:57.007437,0.0,0.0,0.0
2022-01-16 20:18:57.502213,0.0,0.0,0.0
2022-01-16 20:18:58.010742,0.0,0.0,0.0
2022-01-16 20:18:58.505396,0.0,0.0,0.0
2022-01-16 20:18:59.003579,0.0,0.0,0.0
2022-01-16 20:18:59.510248,0.0,0.0,0.0
2022-01-16 20:19:00.008624,0.0,0.0,0.0
2022-01-16 20:19:00.503061,0.0,0.0,0.0
2022-01-16 20:19:01.001864,0.0,0.0,0.0
2022-01-16 20:19:01.506311,0.0,0.0,0.0
2022-01-16 20:19:02.004670,0.0,0.0,0.0
2022-01-16 20:19:02.509582,0.0,0.0,0.0
2022-01-16 20:19:03.008237,0.0,0.0,0.0
2022-01-16 20:19:03.501218,0.0,0.0,0.0
2022-01-16 20:19:04.008750,0.0,0.0,0.0
2022-01-16 20:19:04.503114,0.0,0.0,0.0
2022-01-16 20:19:05.001782,0.0,0.0,0.0
2022-01-16 20:19:05.507368,0.0,0.0,0.0
2022-01-16 20:19:06.006742,0.0,0.0,0.0
2022-01-16 20:19:06.511075,0.0,0.0,0.0
2022-01-16 20:19:07.008105,0.0,0.0,0.0
2022-01-16 20:19:07.503216,0.0,0.0,0.0
2022-01-16 20:19:08.010414,0.0,0.0,0.0
2022-01-16 20:19:08.506113,0.0,0.0,0.0
2022-01-16 20:19:09.004489,0.0,0.0,0.0
2022-01-16 20:19:09.510752,0.0,0.0,0.0
2022-01-16 20:19:10.008298,0.0,0.0,0.0
2022-01-16 20:19:10.503052,0.0,0.0,0.0
2022-01-16 20:19:11.001361,0.0,0.0,0.0
2022-01-16 20:19:11.505993,0.0,0.0,0.0
2022-01-16 20:19:12.004182,0.0,0.0,0.0
2022-01-16 20:19:12.509096,0.0,0.0,0.0
2022-01-16 20:19:13.008442,0.0,0.0,0.0
2022-01-16 20:19:13.502290,0.0,0.0,0.0
2022-01-16 20:19:14.001631,0.0,0.0,0.0
2022-01-16 20:19:14.505836,0.0,0.0,0.0
2022-01-16 20:19:15.004989,0.0,0.0,0.0
2022-01-16 20:19:15.509145,0.0,0.0,0.0
2022-01-16 20:19:16.008217,0.0,0.0,0.0
2022-01-16 20:19:16.503318,0.0,0.0,0.0
2022-01-16 20:19:17.001119,0.0,0.0,0.0
2022-01-16 20:19:17.505527,0.0,0.0,0.0
2022-01-16 20:19:18.003664,0.0,0.0,0.0
2022-01-16 20:19:18.510618,0.0,0.0,0.0
2022-01-16 20:19:19.009744,0.0,0.0,0.0
2022-01-16 20:19:19.503413,0.0,0.0,0.0
2022-01-16 20:19:20.011022,0.0,0.0,0.0
2022-01-16 20:19:20.506545,0.0,0.0,0.0
2022-01-16 20:19:21.004520,0.0,0.0,0.0
2022-01-16 20:19:21.510169,0.0,0.0,0.0
2022-01-16 20:19:22.010765,0.0,0.0,0.0
2022-01-16 20:19:22.505307,0.0,0.0,0.0
2022-01-16 20:19:23.005738,0.0,0.0,0.0
2022-01-16 20:19:23.511206,0.0,0.0,0.0
2022-01-16 20:19:24.010090,0.0,0.0,0.0
2022-01-16 20:19:24.504375,0.0,0.0,0.0
2022-01-16 20:19:25.003135,0.0,0.0,0.0
2022-01-16 20:19:25.508024,0.0,0.0,0.0
2022-01-16 20:19:26.005400,0.0,0.0,0.0
2022-01-16 20:19:26.501726,0.0,0.0,0.0
2022-01-16 20:19:27.009473,0.0,0.0,0.0
2022-01-16 20:19:27.506447,0.0,0.0,0.0
2022-01-16 20:19:28.004578,0.0,0.0,0.0
2022-01-16 20:19:28.509434,0.0,0.0,0.0
2022-01-16 20:19:29.002576,0.0,0.0,0.0
2022-01-16 20:19:29.507501,0.0,0.0,0.0
2022-01-16 20:19:30.005198,0.0,0.0,0.0
2022-01-16 20:19:30.509840,0.0,0.0,0.0
2022-01-16 20:19:31.010842,0.0,0.0,0.0
2022-01-16 20:19:31.505379,0.0,0.0,0.0
2022-01-16 20:19:32.004225,0.0,0.0,0.0
2022-01-16 20:19:32.509690,0.0,0.0,0.0
2022-01-16 20:19:33.007504,0.0,0.0,0.0
2022-01-16 20:19:33.502728,0.0,0.0,0.0
2022-01-16 20:19:34.010236,0.0,0.0,0.0
2022-01-16 20:19:34.505459,0.0,0.0,0.0
2022-01-16 20:19:35.004382,0.0,0.0,0.0
2022-01-16 20:19:35.501853,0.0,0.0,0.0
2022-01-16 20:19:36.010849,0.0,0.0,0.0
2022-01-16 20:19:36.506720,0.0,0.0,0.0
2022-01-16 20:19:37.005260,0.0,0.0,0.0
2022-01-16 20:19:37.510159,0.0,0.0,0.0
2022-01-16 20:19:38.005647,0.0,0.0,0.0
2022-01-16 20:19:38.510496,0.0,0.0,0.0
2022-01-16 20:19:39.008294,0.0,0.0,0.0
2022-01-16 20:19:39.503423,0.0,0.0,0.0
2022-01-16 20:19:40.010952,0.0,0.0,0.0
2022-01-16 20:19:40.505335,0.0,0.0,0.0
2022-01-16 20:19:41.004895,0.0,0.0,0.0
2022-01-16 20:19:41.511002,0.0,0.0,0.0
2022-01-16 20:19:42.009279,0.0,0.0,0.0
2022-01-16 20:19:42.502381,0.0,0.0,0.0
2022-01-16 20:19:43.010060,0.0,0.0,0.0
2022-01-16 20:19:43.505596,0.0,0.0,0.0
2022-01-16 20:19:44.003403,0.0,0.0,0.0
2022-01-16 20:19:44.508668,0.0,0.0,0.0
2022-01-16 20:19:45.007391,0.0,0.0,0.0
2022-01-16 20:19:45.502305,0.0,0.0,0.0
2022-01-16 20:19:46.010452,0.0,0.0,0.0
2022-01-16 20:19:46.505058,0.0,0.0,0.0
2022-01-16 20:19:47.004414,0.0,0.0,0.0
2022-01-16 20:19:47.510744,0.0,0.0,0.0
2022-01-16 20:19:48.007658,0.0,0.0,0.0
2022-01-16 20:19:48.502970,0.0,0.0,0.0
2022-01-16 20:19:49.001213,0.0,0.0,0.0
2022-01-16 20:19:49.505463,0.0,0.0,0.0
2022-01-16 20:19:50.006115,0.0,0.0,0.0
2022-01-16 20:19:50.510992,0.0,0.0,0.0
2022-01-16 20:19:51.008097,0.0,0.0,0.0
2022-01-16 20:19:51.502949,0.0,0.0,0.0
2022-01-16 20:19:52.011148,0.0,0.0,0.0
2022-01-16 20:19:52.505317,0.0,0.0,0.0
2022-01-16 20:19:53.004264,0.0,0.0,0.0
2022-01-16 20:19:53.509611,0.0,0.0,0.0
2022-01-16 20:19:54.008264,0.0,0.0,0.0
2022-01-16 20:19:54.504031,0.0,0.0,0.0
2022-01-16 20:19:55.001139,0.0,0.0,0.0
2022-01-16 20:19:55.505690,0.0,0.0,0.0
2022-01-16 20:19:56.003555,0.0,0.0,0.0
2022-01-16 20:19:56.506137,0.0,0.0,0.0
2022-01-16 20:19:57.004060,0.0,0.0,0.0
2022-01-16 20:19:57.509189,0.0,0.0,0.0
2022-01-16 20:19:58.006286,0.0,0.0,0.0
2022-01-16 20:19:58.501689,0.0,0.0,0.0
2022-01-16 20:19:59.001194,0.0,0.0,0.0
2022-01-16 20:19:59.506164,0.0,0.0,0.0
2022-01-16 20:20:00.005044,0.0,0.0,0.0
2022-01-16 20:20:00.506827,0.0,0.0,0.0
2022-01-16 20:20:01.004881,0.0,0.0,0.0
2022-01-16 20:20:01.509324,0.0,0.0,0.0
2022-01-16 20:20:02.007807,0.0,0.0,0.0
2022-01-16 20:20:02.502492,0.0,0.0,0.0
2022-01-16 20:20:03.010263,0.0,0.0,0.0
2022-01-16 20:20:03.505011,0.0,0.0,0.0
2022-01-16 20:20:04.002624,0.0,0.0,0.0
2022-01-16 20:20:04.507453,0.0,0.0,0.0
2022-01-16 20:20:05.005585,0.0,0.0,0.0
2022-01-16 20:20:05.510274,0.0,0.0,0.0
2022-01-16 20:20:06.009013,0.0,0.0,0.0
2022-01-16 20:20:06.503430,0.0,0.0,0.0
2022-01-16 20:20:07.003555,0.0,0.0,0.0
2022-01-16 20:20:07.509046,0.0,0.0,0.0
2022-01-16 20:20:08.007595,0.0,0.0,0.0
2022-01-16 20:20:08.501128,0.0,0.0,0.0
2022-01-16 20:20:09.009071,0.0,0.0,0.0
2022-01-16 20:20:09.503840,0.0,0.0,0.0
2022-01-16 20:20:10.505116,0.0,0.0,0.0
2022-01-16 20:20:11.002458,0.0,0.0,0.0
2022-01-16 20:20:11.508011,0.0,0.0,0.0
2022-01-16 20:20:12.007396,0.0,0.0,0.0
2022-01-16 20:20:12.505169,0.0,0.0,0.0
2022-01-16 20:20:13.001788,0.0,0.0,0.0
2022-01-16 20:20:13.508279,0.0,0.0,0.0
2022-01-16 20:20:14.005659,0.0,0.0,0.0
2022-01-16 20:20:14.510953,0.0,0.0,0.0
2022-01-16 20:20:15.008703,0.0,0.0,0.0
2022-01-16 20:20:15.501642,0.0,0.0,0.0
2022-01-16 20:20:16.009696,0.0,0.0,0.0
2022-01-16 20:20:16.504604,0.0,0.0,0.0
2022-01-16 20:20:17.003650,0.0,0.0,0.0
2022-01-16 20:20:17.509137,0.0,0.0,0.0
2022-01-16 20:20:18.007484,0.0,0.0,0.0
2022-01-16 20:20:18.501465,0.0,0.0,0.0
2022-01-16 20:20:19.011007,0.0,0.0,0.0
2022-01-16 20:20:19.505934,0.0,0.0,0.0
2022-01-16 20:20:20.003388,0.0,0.0,0.0
2022-01-16 20:20:20.508198,0.0,0.0,0.0
2022-01-16 20:20:21.008106,0.0,0.0,0.0
2022-01-16 20:20:21.504987,0.0,0.0,0.0
2022-01-16 20:20:22.001695,0.0,0.0,0.0
2022-01-16 20:20:22.510759,0.0,0.0,0.0
2022-01-16 20:20:23.008276,0.0,0.0,0.0
2022-01-16 20:20:23.505071,0.0,0.0,0.0
2022-01-16 20:20:24.002817,0.0,0.0,0.0
2022-01-16 20:20:24.507032,0.0,0.0,0.0
2022-01-16 20:20:25.004292,0.0,0.0,0.0
2022-01-16 20:20:25.501745,0.0,0.0,0.0
2022-01-16 20:20:26.010168,0.0,0.0,0.0
2022-01-16 20:20:26.504705,0.0,0.0,0.0
2022-01-16 20:20:27.002301,0.0,0.0,0.0
2022-01-16 20:20:27.505034,0.0,0.0,0.0
2022-01-16 20:20:28.005269,0.0,0.0,0.0
2022-01-16 20:20:28.509387,0.0,0.0,0.0
2022-01-16 20:20:29.007031,0.0,0.0,0.0
2022-01-16 20:20:29.502918,0.0,0.0,0.0
2022-01-16 20:20:30.010775,0.0,0.0,0.0
2022-01-16 20:20:30.505061,0.0,0.0,0.0
2022-01-16 20:20:31.002522,0.0,0.0,0.0
2022-01-16 20:20:31.508321,0.0,0.0,0.0
2022-01-16 20:20:32.005570,0.0,0.0,0.0
2022-01-16 20:20:32.501482,0.0,0.0,0.0
2022-01-16 20:20:33.010404,0.0,0.0,0.0
2022-01-16 20:20:33.505121,0.0,0.0,0.0
2022-01-16 20:20:34.009155,0.0,0.0,0.0
2022-01-16 20:20:34.505491,0.0,0.0,0.0
2022-01-16 20:20:35.004028,0.0,0.0,0.0
2022-01-16 20:20:35.509228,0.0,0.0,0.0
2022-01-16 20:20:36.005787,0.0,0.0,0.0
2022-01-16 20:20:36.510974,0.0,0.0,0.0
2022-01-16 20:20:37.008885,0.0,0.0,0.0
2022-01-16 20:20:37.505101,0.0,0.0,0.0
2022-01-16 20:20:38.004775,0.0,0.0,0.0
2022-01-16 20:20:39.004802,0.0,0.0,0.0
2022-01-16 20:20:39.510880,0.0,0.0,0.0
2022-01-16 20:20:40.009858,0.0,0.0,0.0
2022-01-16 20:20:40.505747,0.0,0.0,0.0
2022-01-16 20:20:41.003668,0.0,0.0,0.0
2022-01-16 20:20:41.508008,0.0,0.0,0.0
2022-01-16 20:20:42.005447,0.0,0.0,0.0
2022-01-16 20:20:42.509949,0.0,0.0,0.0
2022-01-16 20:20:43.008822,0.0,0.0,0.0
2022-01-16 20:20:43.504202,0.0,0.0,0.0
2022-01-16 20:20:44.001822,0.0,0.0,0.0
2022-01-16 20:20:44.507853,0.0,0.0,0.0
2022-01-16 20:20:45.006055,0.0,0.0,0.0
2022-01-16 20:20:45.511212,0.0,0.0,0.0
2022-01-16 20:20:46.005037,0.0,0.0,0.0
2022-01-16 20:20:46.509223,0.0,0.0,0.0
2022-01-16 20:20:47.006448,0.0,0.0,0.0
2022-01-16 20:20:47.504193,0.0,0.0,0.0
2022-01-16 20:20:48.003124,0.0,0.0,0.0
2022-01-16 20:20:48.508670,0.0,0.0,0.0
2022-01-16 20:20:49.005516,0.0,0.0,0.0
2022-01-16 20:20:49.511071,0.0,0.0,0.0
2022-01-16 20:20:50.008502,0.0,0.0,0.0
2022-01-16 20:20:50.502492,0.0,0.0,0.0
2022-01-16 20:20:51.010263,0.0,0.0,0.0
2022-01-16 20:20:51.509050,0.0,0.0,0.0
2022-01-16 20:20:52.007343,0.0,0.0,0.0
2022-01-16 20:20:52.504010,0.0,0.0,0.0
2022-01-16 20:20:53.002139,0.0,0.0,0.0
2022-01-16 20:20:53.507017,0.0,0.0,0.0
2022-01-16 20:20:54.005511,0.0,0.0,0.0
2022-01-16 20:20:54.509224,0.0,0.0,0.0
2022-01-16 20:20:55.008765,0.0,0.0,0.0
2022-01-16 20:20:55.505851,0.0,0.0,0.0
2022-01-16 20:20:56.004653,0.0,0.0,0.0
2022-01-16 20:20:56.510747,0.0,0.0,0.0
2022-01-16 20:20:57.010780,0.0,0.0,0.0
2022-01-16 20:20:57.505445,0.0,0.0,0.0
2022-01-16 20:20:58.003489,0.0,0.0,0.0
2022-01-16 20:20:58.507561,0.0,0.0,0.0
2022-01-16 20:20:59.004355,0.0,0.0,0.0
2022-01-16 20:20:59.511096,0.0,0.0,0.0
2022-01-16 20:21:00.008542,0.0,0.0,0.0
2022-01-16 20:21:00.502045,0.0,0.0,0.0
2022-01-16 20:21:01.001104,0.0,0.0,0.0
2022-01-16 20:21:01.507402,0.0,0.0,0.0
2022-01-16 20:21:02.005557,0.0,0.0,0.0
2022-01-16 20:21:02.501893,0.0,0.0,0.0
2022-01-16 20:21:03.010548,0.0,0.0,0.0
2022-01-16 20:21:03.505515,0.0,0.0,0.0
2022-01-16 20:21:04.002385,0.0,0.0,0.0
2022-01-16 20:21:04.508101,0.0,0.0,0.0
2022-01-16 20:21:05.006150,0.0,0.0,0.0
2022-01-16 20:21:05.501715,0.0,0.0,0.0
2022-01-16 20:21:06.001156,0.0,0.0,0.0
2022-01-16 20:21:06.510235,0.0,0.0,0.0
2022-01-16 20:21:07.008466,0.0,0.0,0.0
2022-01-16 20:21:07.505113,0.0,0.0,0.0
2022-01-16 20:21:08.005953,0.0,0.0,0.0
2022-01-16 20:21:08.501805,0.0,0.0,0.0
2022-01-16 20:21:09.009948,0.0,0.0,0.0
2022-01-16 20:21:09.504640,0.0,0.0,0.0
2022-01-16 20:21:10.004079,0.0,0.0,0.0
2022-01-16 20:21:10.508252,0.0,0.0,0.0
2022-01-16 20:21:11.006352,0.0,0.0,0.0
2022-01-16 20:21:11.501180,0.0,0.0,0.0
2022-01-16 20:21:12.010797,0.0,0.0,0.0
2022-01-16 20:21:12.506804,0.0,0.0,0.0
2022-01-16 20:21:13.006246,0.0,0.0,0.0
2022-01-16 20:21:13.501384,0.0,0.0,0.0
2022-01-16 20:21:14.009208,0.0,0.0,0.0
2022-01-16 20:21:14.505222,0.0,0.0,0.0
2022-01-16 20:21:15.004148,0.0,0.0,0.0
2022-01-16 20:21:15.509158,0.0,0.0,0.0
2022-01-16 20:21:16.006611,0.0,0.0,0.0
2022-01-16 20:21:16.501029,0.0,0.0,0.0
2022-01-16 20:21:17.009005,0.0,0.0,0.0
2022-01-16 20:21:17.503878,0.0,0.0,0.0
2022-01-16 20:21:18.007245,0.0,0.0,0.0
2022-01-16 20:21:18.502244,0.0,0.0,0.0
2022-01-16 20:21:19.010906,0.0,0.0,0.0
2022-01-16 20:21:19.508718,0.0,0.0,0.0
2022-01-16 20:21:20.006860,0.0,0.0,0.0
2022-01-16 20:21:20.502231,0.0,0.0,0.0
2022-01-16 20:21:21.010936,0.0,0.0,0.0
2022-01-16 20:21:21.504633,0.0,0.0,0.0
2022-01-16 20:21:22.002778,0.0,0.0,0.0
2022-01-16 20:21:22.508472,0.0,0.0,0.0
2022-01-16 20:21:23.006075,0.0,0.0,0.0
2022-01-16 20:21:23.501745,0.0,0.0,0.0
2022-01-16 20:21:24.008993,0.0,0.0,0.0
2022-01-16 20:21:24.502573,0.0,0.0,0.0
2022-01-16 20:21:25.011044,0.0,0.0,0.0
2022-01-16 20:21:25.505121,0.0,0.0,0.0
2022-01-16 20:21:26.003362,0.0,0.0,0.0
2022-01-16 20:21:26.507483,0.0,0.0,0.0
2022-01-16 20:21:27.004325,0.0,0.0,0.0
2022-01-16 20:21:27.509104,0.0,0.0,0.0
2022-01-16 20:21:28.005591,0.0,0.0,0.0
2022-01-16 20:21:28.511060,0.0,0.0,0.0
2022-01-16 20:21:29.009548,0.0,0.0,0.0
2022-01-16 20:21:29.506160,0.0,0.0,0.0
2022-01-16 20:21:30.003915,0.0,0.0,0.0
2022-01-16 20:21:30.509201,0.0,0.0,0.0
2022-01-16 20:21:31.007332,0.0,0.0,0.0
2022-01-16 20:21:31.501274,0.0,0.0,0.0
2022-01-16 20:21:32.008256,0.0,0.0,0.0
