時間,回転１,回転２,回転３
2022-01-16 13:00:00.010812,40.32797,40.33775,3.6126
2022-01-16 13:00:00.507464,40.68938,39.8735,3.6126
2022-01-16 13:00:01.007010,40.12128,40.33775,3.6126
2022-01-16 13:00:01.510006,40.58542,40.59525,3.6126
2022-01-16 13:00:02.008371,40.53467,40.38975,3.53437
2022-01-16 13:00:02.505526,40.22525,41.26625,3.53437
2022-01-16 13:00:03.004962,40.48269,40.90475,3.84822
2022-01-16 13:00:03.509253,39.86384,39.66675,3.84822
2022-01-16 13:00:04.006794,40.32797,39.35725,4.00562
2022-01-16 13:00:04.503537,39.96657,40.69925,4.00562
2022-01-16 13:00:05.008274,40.12128,40.64725,3.29875
2022-01-16 13:00:05.502923,39.45168,39.8735,3.29875
2022-01-16 13:00:06.001544,40.32797,40.802,3.33739
2022-01-16 13:00:06.506886,39.70912,40.64725,3.33739
2022-01-16 13:00:07.004725,40.12128,40.4405,3.21958
2022-01-16 13:00:07.508824,40.12128,39.616,3.21958
2022-01-16 13:00:08.006340,40.27599,40.4925,3.57301
2022-01-16 13:00:08.510164,40.01855,40.4405,3.57301
2022-01-16 13:00:09.009596,40.74013,39.8215,4.12343
2022-01-16 13:00:09.505169,40.6374,40.02825,4.12343
2022-01-16 13:00:10.001643,40.01855,41.00875,3.96604
2022-01-16 13:00:10.505749,39.91582,40.59525,3.96604
2022-01-16 13:00:11.004099,39.76111,40.08025,3.37697
2022-01-16 13:00:11.509256,40.8441,40.4405,3.37697
2022-01-16 13:00:12.007714,40.27599,40.95675,3.41656
2022-01-16 13:00:12.501904,40.12128,40.33775,3.41656
2022-01-16 13:00:13.010385,39.45168,39.40925,3.84822
2022-01-16 13:00:13.504821,39.50243,40.854,3.84822
2022-01-16 13:00:14.003249,40.27599,41.1115,3.57301
2022-01-16 13:00:14.509293,40.4307,39.9255,3.57301
2022-01-16 13:00:15.008673,40.32797,39.616,4.16208
2022-01-16 13:00:15.501908,40.32797,41.473,4.16208
2022-01-16 13:00:16.009658,39.09027,40.69925,3.29875
2022-01-16 13:00:16.504106,39.45168,40.08025,3.29875
2022-01-16 13:00:17.001596,40.01855,38.945,3.10176
2022-01-16 13:00:17.505814,40.4307,40.854,3.10176
2022-01-16 13:00:18.004670,40.99881,40.38975,2.8275
2022-01-16 13:00:18.504303,40.17326,39.66675,2.8275
2022-01-16 13:00:19.001773,40.6374,40.854,3.73041
2022-01-16 13:00:19.506448,40.48269,40.59525,3.73041
2022-01-16 13:00:20.004984,40.79211,40.183,3.84822
2022-01-16 13:00:20.508293,40.12128,40.5445,3.84822
2022-01-16 13:00:21.006346,39.86384,41.0595,3.69083
2022-01-16 13:00:21.510919,39.50243,40.131,3.69083
2022-01-16 13:00:22.010309,38.83283,39.71875,3.49479
2022-01-16 13:00:22.507281,40.32797,40.33775,3.49479
2022-01-16 13:00:23.004934,40.68938,40.75,3.49479
2022-01-16 13:00:23.511120,39.86384,40.08025,3.49479
2022-01-16 13:00:24.010682,39.86384,39.512,3.57301
2022-01-16 13:00:24.506184,40.07053,40.802,3.57301
2022-01-16 13:00:25.005069,39.65714,40.802,4.00562
2022-01-16 13:00:25.509731,40.6374,40.4925,4.00562
2022-01-16 13:00:26.007318,40.32797,39.9255,3.29875
2022-01-16 13:00:26.501988,40.32797,41.00875,3.29875
2022-01-16 13:00:27.002347,40.17326,40.5445,3.29875
2022-01-16 13:00:27.508168,39.91582,39.9255,3.29875
2022-01-16 13:00:28.005716,40.79211,40.08025,3.02354
2022-01-16 13:00:28.510753,40.01855,40.95675,3.02354
2022-01-16 13:00:29.008450,39.86384,40.4925,3.14135
2022-01-16 13:00:29.503098,39.70912,39.97625,3.14135
2022-01-16 13:00:30.003654,40.58542,40.854,3.80864
2022-01-16 13:00:30.508751,39.76111,41.26625,3.80864
2022-01-16 13:00:31.007144,40.37996,40.08025,3.88781
2022-01-16 13:00:31.504296,39.91582,40.183,3.88781
2022-01-16 13:00:32.001785,39.81185,40.75,3.49479
2022-01-16 13:00:32.506715,39.81185,40.4925,3.49479
2022-01-16 13:00:33.005410,39.24499,39.616,3.88781
2022-01-16 13:00:33.501178,40.22525,40.235,3.88781
2022-01-16 13:00:34.010154,40.53467,41.00875,3.77
2022-01-16 13:00:34.505732,39.91582,40.235,3.77
2022-01-16 13:00:35.003456,40.01855,39.9255,3.49479
2022-01-16 13:00:35.508705,40.6374,40.95675,3.49479
2022-01-16 13:00:36.006798,40.22525,40.802,4.04426
2022-01-16 13:00:36.501626,40.12128,40.33775,4.04426
2022-01-16 13:00:37.000957,40.17326,39.66675,3.29875
2022-01-16 13:00:37.506296,40.07053,39.9255,3.29875
2022-01-16 13:00:38.004083,39.91582,40.33775,3.25916
2022-01-16 13:00:38.508600,39.14226,39.97625,3.25916
2022-01-16 13:00:39.006881,39.45168,40.4405,2.90572
2022-01-16 13:00:39.503740,40.48269,40.90475,2.90572
2022-01-16 13:00:40.004647,40.22525,40.64725,3.80864
2022-01-16 13:00:40.508572,40.22525,39.71875,3.80864
2022-01-16 13:00:41.005680,39.91582,40.33775,3.41656
2022-01-16 13:00:41.501260,39.45168,40.4405,3.41656
2022-01-16 13:00:42.010461,40.4307,39.77075,3.65218
2022-01-16 13:00:42.506795,40.6374,39.564,3.65218
2022-01-16 13:00:43.004758,40.99881,41.0595,3.53437
2022-01-16 13:00:43.509699,40.32797,40.854,3.53437
2022-01-16 13:00:44.009304,40.07053,39.97625,3.49479
2022-01-16 13:00:44.506141,39.96657,39.9255,3.49479
2022-01-16 13:00:45.006195,40.58542,41.1115,3.92645
2022-01-16 13:00:45.511213,40.07053,40.59525,3.92645
2022-01-16 13:00:46.008622,40.32797,39.564,4.12343
2022-01-16 13:00:46.502919,39.96657,39.8735,4.12343
2022-01-16 13:00:47.001529,40.32797,40.4405,3.41656
2022-01-16 13:00:47.506740,39.96657,40.4405,3.41656
2022-01-16 13:00:48.007190,40.22525,39.3065,3.4552
2022-01-16 13:00:48.506421,40.17326,41.0595,3.4552
2022-01-16 13:00:49.008650,39.65714,40.69925,3.10176
2022-01-16 13:00:49.501270,40.4307,40.131,3.10176
2022-01-16 13:00:50.008909,39.65714,39.77075,3.29875
2022-01-16 13:00:50.504312,39.96657,40.183,3.29875
2022-01-16 13:00:51.010208,40.07053,40.235,3.73041
2022-01-16 13:00:51.510848,39.81185,39.9255,3.73041
2022-01-16 13:00:52.001889,40.58542,40.131,4.04426
2022-01-16 13:00:52.501622,40.48269,40.802,4.04426
2022-01-16 13:00:53.004693,40.79211,40.235,3.29875
2022-01-16 13:00:53.510649,39.96657,40.4405,3.29875
2022-01-16 13:00:54.009812,40.4307,40.4925,3.65218
2022-01-16 13:00:54.504319,40.37996,39.9255,3.65218
2022-01-16 13:00:55.001724,39.91582,40.131,3.92645
2022-01-16 13:00:55.506642,39.76111,40.08025,3.92645
2022-01-16 13:00:56.004697,39.96657,40.235,3.33739
2022-01-16 13:00:56.509845,40.32797,40.02825,3.33739
2022-01-16 13:00:57.006839,40.37996,40.4405,4.27989
2022-01-16 13:00:57.511322,40.12128,40.4925,4.27989
2022-01-16 13:00:58.010463,39.70912,40.4405,3.25916
2022-01-16 13:00:58.507209,39.65714,40.183,3.25916
2022-01-16 13:00:59.005975,39.55441,39.77075,3.02354
2022-01-16 13:00:59.501345,39.81185,40.5445,3.02354
2022-01-16 13:01:00.010620,40.01855,40.64725,3.06312
2022-01-16 13:01:00.506157,40.4307,39.97625,3.06312
2022-01-16 13:01:01.004638,40.58542,39.97625,3.84822
2022-01-16 13:01:01.510277,40.89484,41.26625,3.84822
2022-01-16 13:01:02.008881,40.01855,41.21425,3.29875
2022-01-16 13:01:02.506281,39.76111,40.02825,3.29875
2022-01-16 13:01:03.004663,39.81185,39.35725,3.77
2022-01-16 13:01:03.508835,39.86384,40.69925,3.77
2022-01-16 13:01:04.007029,39.193,40.4925,3.37697
2022-01-16 13:01:04.502413,39.29697,39.8735,3.37697
2022-01-16 13:01:05.001304,39.65714,40.5445,3.53437
2022-01-16 13:01:05.505956,39.96657,40.4405,3.53437
2022-01-16 13:01:06.005173,40.74013,39.71875,3.92645
2022-01-16 13:01:06.509120,40.22525,40.4925,3.92645
2022-01-16 13:01:07.008285,40.12128,41.00875,3.92645
2022-01-16 13:01:07.501730,39.81185,40.33775,3.92645
2022-01-16 13:01:08.011065,39.34772,39.71875,3.57301
2022-01-16 13:01:08.505934,39.55441,40.33775,3.57301
2022-01-16 13:01:09.003569,40.6374,41.00875,3.33739
2022-01-16 13:01:09.508463,40.48269,40.08025,3.33739
2022-01-16 13:01:10.004601,40.27599,39.66675,2.98395
2022-01-16 13:01:10.508652,40.53467,40.38975,2.98395
2022-01-16 13:01:11.007764,40.01855,40.4925,3.25916
2022-01-16 13:01:11.504160,40.32797,40.183,3.25916
2022-01-16 13:01:12.002323,39.81185,40.02825,3.73041
2022-01-16 13:01:12.508613,40.58542,40.5445,3.73041
2022-01-16 13:01:13.006696,39.86384,40.33775,3.57301
2022-01-16 13:01:13.501188,39.81185,39.66675,3.57301
2022-01-16 13:01:14.010190,39.45168,40.4925,3.53437
2022-01-16 13:01:14.505107,40.12128,40.75,3.53437
2022-01-16 13:01:15.003112,39.70912,40.235,3.80864
2022-01-16 13:01:15.507807,40.22525,39.35725,3.80864
2022-01-16 13:01:16.007492,40.6374,41.1115,3.53437
2022-01-16 13:01:16.501863,40.53467,41.0595,3.53437
2022-01-16 13:01:17.010504,39.76111,40.28575,3.6126
2022-01-16 13:01:17.507757,39.6064,39.616,3.6126
2022-01-16 13:01:18.006484,40.6374,40.4925,4.43729
2022-01-16 13:01:18.501126,40.22525,40.64725,4.43729
2022-01-16 13:01:19.009904,40.74013,40.08025,3.10176
2022-01-16 13:01:19.504932,39.86384,40.131,3.10176
2022-01-16 13:01:20.003365,40.74013,40.90475,3.25916
2022-01-16 13:01:20.501647,40.22525,40.02825,3.25916
2022-01-16 13:01:21.009807,39.34772,39.564,3.14135
2022-01-16 13:01:21.506692,39.96657,40.854,3.14135
2022-01-16 13:01:22.007845,39.14226,40.4925,4.00562
2022-01-16 13:01:22.501346,40.4307,39.97625,4.00562
2022-01-16 13:01:23.010575,40.22525,40.131,3.6126
2022-01-16 13:01:23.505632,40.53467,41.1635,3.6126
2022-01-16 13:01:24.003219,39.70912,40.802,3.69083
2022-01-16 13:01:24.511109,39.86384,39.564,3.69083
2022-01-16 13:01:25.008752,39.3997,39.46125,3.6126
2022-01-16 13:01:25.503680,41.10154,40.95675,3.6126
2022-01-16 13:01:26.001121,40.68938,40.4925,3.25916
2022-01-16 13:01:26.507506,40.4307,39.66675,3.25916
2022-01-16 13:01:27.006725,40.01855,41.00875,3.77
2022-01-16 13:01:27.502929,39.86384,40.75,3.77
2022-01-16 13:01:28.001221,40.79211,40.183,3.80864
2022-01-16 13:01:28.506667,40.37996,39.616,3.80864
2022-01-16 13:01:29.003905,40.6374,40.4925,3.25916
2022-01-16 13:01:29.509058,39.86384,40.69925,3.25916
2022-01-16 13:01:30.006906,39.86384,40.183,3.4552
2022-01-16 13:01:30.501619,39.34772,40.131,3.4552
2022-01-16 13:01:31.010962,40.12128,40.64725,3.57301
2022-01-16 13:01:31.507466,39.96657,40.59525,3.57301
2022-01-16 13:01:32.005612,40.48269,39.97625,-0.11781
2022-01-16 13:01:32.502778,40.17326,40.235,-0.11781
2022-01-16 13:01:33.001717,40.27599,40.854,0.0
2022-01-16 13:01:33.510255,40.01855,40.235,0.0
2022-01-16 13:01:34.008317,39.3997,39.564,-0.03864
2022-01-16 13:01:34.502834,40.68938,40.75,-0.03864
2022-01-16 13:01:35.010366,40.37996,40.75,0.0
2022-01-16 13:01:35.504895,39.76111,40.131,0.0
2022-01-16 13:01:36.002334,39.70912,39.35725,0.0
2022-01-16 13:01:36.509259,40.79211,41.52375,0.0
2022-01-16 13:01:37.007127,40.22525,40.5445,0.0
2022-01-16 13:01:37.502026,40.6374,39.616,0.0
2022-01-16 13:01:38.001899,40.12128,39.46125,0.0
2022-01-16 13:01:38.507851,40.6374,40.38975,0.0
2022-01-16 13:01:39.006094,39.86384,40.64725,0.0
2022-01-16 13:01:39.501063,40.68938,39.35725,0.0
2022-01-16 13:01:40.008239,40.58542,40.802,0.0
2022-01-16 13:01:40.503416,39.81185,40.802,0.0
2022-01-16 13:01:41.001704,40.53467,40.183,0.0
2022-01-16 13:01:41.506387,39.55441,40.131,0.0
2022-01-16 13:01:42.004510,39.3997,40.5445,0.0
2022-01-16 13:01:42.501177,39.34772,40.08025,0.0
2022-01-16 13:01:43.010847,40.37996,39.71875,0.0
2022-01-16 13:01:43.507284,40.27599,41.00875,0.0
2022-01-16 13:01:44.004935,40.22525,40.38975,0.0
2022-01-16 13:01:44.501149,40.27599,39.97625,0.0
2022-01-16 13:01:45.009698,39.91582,39.8735,0.0
2022-01-16 13:01:45.503599,40.17326,40.5445,0.0
2022-01-16 13:01:46.001544,40.99881,40.38975,0.0
2022-01-16 13:01:46.506881,40.17326,40.08025,0.0
2022-01-16 13:01:47.005138,39.29697,39.8215,0.0
2022-01-16 13:01:47.501410,39.81185,40.802,0.0
2022-01-16 13:01:48.010270,39.34772,40.4925,0.0
2022-01-16 13:01:48.505351,40.01855,39.8215,0.0
2022-01-16 13:01:49.003047,40.74013,40.28575,0.0
2022-01-16 13:01:49.508683,40.53467,41.00875,0.0
2022-01-16 13:01:50.007039,40.4307,40.08025,0.0
2022-01-16 13:01:50.501125,39.91582,39.46125,0.0
2022-01-16 13:01:51.009379,39.55441,40.64725,0.0
2022-01-16 13:01:51.504992,39.96657,40.69925,0.0
2022-01-16 13:01:52.002162,40.01855,39.8735,0.0
2022-01-16 13:01:52.506504,40.12128,39.564,0.0
2022-01-16 13:01:53.004233,40.94682,41.83325,0.0
2022-01-16 13:01:53.509692,40.17326,40.95675,0.0
2022-01-16 13:01:54.007388,40.01855,40.131,0.0
2022-01-16 13:01:55.005826,40.79211,40.4925,0.0
2022-01-16 13:01:55.502355,40.12128,40.38975,0.0
2022-01-16 13:01:56.010857,40.37996,39.616,-0.07822
2022-01-16 13:01:56.508750,40.12128,39.9255,-0.07822
2022-01-16 13:01:57.005336,40.27599,40.802,0.0
2022-01-16 13:01:57.505905,39.81185,40.59525,0.0
2022-01-16 13:01:58.004067,39.65714,40.38975,0.0
2022-01-16 13:01:58.507998,39.65714,40.4925,0.0
2022-01-16 13:01:59.005130,39.81185,40.235,0.0
2022-01-16 13:01:59.510403,40.17326,39.97625,0.0
2022-01-16 13:02:00.008717,40.07053,40.28575,0.0
2022-01-16 13:02:00.502764,40.53467,40.4405,0.0
2022-01-16 13:02:01.001230,40.37996,40.08025,0.0
2022-01-16 13:02:01.505779,40.27599,40.183,0.0
2022-01-16 13:02:02.005633,40.4307,41.0595,0.0
2022-01-16 13:02:03.005102,39.81185,39.9255,0.0
2022-01-16 13:02:03.510718,40.22525,39.40925,0.0
2022-01-16 13:02:04.008731,40.07053,40.90475,0.0
2022-01-16 13:02:04.505312,39.96657,40.28575,0.0
2022-01-16 13:02:05.004457,39.65714,39.616,0.0
2022-01-16 13:02:05.510007,39.29697,39.97625,0.0
2022-01-16 13:02:06.009534,40.37996,40.802,0.0
2022-01-16 13:02:06.504280,40.17326,40.75,0.0
2022-01-16 13:02:07.002829,40.32797,39.71875,0.0
2022-01-16 13:02:07.507894,39.76111,40.5445,0.0
2022-01-16 13:02:08.004671,39.96657,40.854,0.0
2022-01-16 13:02:08.508984,39.70912,40.131,0.0
2022-01-16 13:02:09.006139,39.86384,39.564,0.0
2022-01-16 13:02:09.501593,40.37996,40.69925,0.0
2022-01-16 13:02:10.010115,40.58542,40.90475,0.0
2022-01-16 13:02:10.505696,39.96657,39.97625,0.0
2022-01-16 13:02:11.006253,40.07053,39.35725,0.0
2022-01-16 13:02:11.501583,41.15352,41.1635,0.0
2022-01-16 13:02:12.008796,40.4307,40.75,0.0
2022-01-16 13:02:12.502692,39.81185,39.9255,0.0
2022-01-16 13:02:13.010405,39.45168,38.945,0.0
2022-01-16 13:02:13.504175,39.70912,40.38975,0.0
2022-01-16 13:02:14.002700,39.34772,40.38975,0.15645
2022-01-16 13:02:14.508930,39.81185,40.131,0.15645
2022-01-16 13:02:15.006688,40.4307,40.854,4.00562
2022-01-16 13:02:15.501038,40.4307,40.4925,4.00562
2022-01-16 13:02:16.009272,40.01855,40.235,3.92645
2022-01-16 13:02:16.502983,39.70912,40.5445,3.92645
2022-01-16 13:02:17.010298,39.50243,40.5445,4.47687
2022-01-16 13:02:17.504069,40.74013,40.02825,4.47687
2022-01-16 13:02:18.001825,39.96657,40.08025,4.04426
2022-01-16 13:02:18.508991,39.45168,40.38975,4.04426
2022-01-16 13:02:19.007301,40.74013,40.38975,4.16208
2022-01-16 13:02:19.501193,40.27599,40.131,4.16208
2022-01-16 13:02:20.009007,40.58542,40.131,3.73041
2022-01-16 13:02:20.505295,39.91582,40.59525,3.73041
2022-01-16 13:02:21.002876,40.8441,40.69925,-0.19604
2022-01-16 13:02:21.507593,40.32797,40.183,-0.19604
2022-01-16 13:02:22.005594,40.07053,39.616,-0.03864
2022-01-16 13:02:22.510401,39.65714,40.69925,-0.03864
2022-01-16 13:02:23.504797,39.70912,39.71875,0.0
2022-01-16 13:02:24.001738,39.14226,40.183,0.0
2022-01-16 13:02:24.508587,40.17326,40.95675,0.0
2022-01-16 13:02:25.007046,39.55441,40.235,0.0
2022-01-16 13:02:25.511238,40.68938,39.77075,0.0
2022-01-16 13:02:26.009177,40.48269,41.473,0.0
2022-01-16 13:02:26.506275,40.58542,40.64725,0.0
2022-01-16 13:02:27.004798,40.27599,40.38975,0.0
2022-01-16 13:02:27.510416,40.27599,39.77075,0.0
2022-01-16 13:02:28.010560,40.32797,41.00875,0.0
2022-01-16 13:02:28.505384,40.07053,40.75,0.0
2022-01-16 13:02:29.003573,40.37996,39.71875,0.0
2022-01-16 13:02:29.508481,39.81185,39.35725,0.0
2022-01-16 13:02:30.005873,40.4307,41.1635,-0.03864
2022-01-16 13:02:30.510470,39.91582,40.4925,-0.03864
2022-01-16 13:02:31.009033,39.29697,39.512,-0.03864
2022-01-16 13:02:31.503788,39.03829,40.802,-0.03864
2022-01-16 13:02:32.002525,40.07053,40.59525,-0.03864
2022-01-16 13:02:32.509204,40.53467,39.77075,-0.03864
2022-01-16 13:02:33.005669,40.37996,39.97625,0.0
2022-01-16 13:02:33.509015,40.07053,40.64725,0.0
2022-01-16 13:02:34.005808,39.65714,40.02825,0.0
2022-01-16 13:02:34.510244,39.34772,40.131,0.0
2022-01-16 13:02:35.008192,39.91582,40.69925,0.0
2022-01-16 13:02:35.502975,40.68938,40.69925,0.0
2022-01-16 13:02:36.002385,40.01855,40.4405,0.0
2022-01-16 13:02:36.506994,40.07053,39.66675,0.0
2022-01-16 13:02:37.008044,39.81185,40.64725,0.0
2022-01-16 13:02:37.502941,40.6374,40.28575,0.0
2022-01-16 13:02:38.001084,40.79211,39.77075,-0.03864
2022-01-16 13:02:38.505317,40.79211,39.616,-0.03864
2022-01-16 13:02:39.003640,39.86384,41.369,0.0
2022-01-16 13:02:39.507243,40.17326,40.75,0.0
2022-01-16 13:02:40.006926,39.55441,39.66675,0.0
2022-01-16 13:02:40.501472,39.70912,39.8735,0.0
2022-01-16 13:02:41.009528,39.3997,41.0595,0.0
2022-01-16 13:02:41.503704,39.76111,40.28575,0.0
2022-01-16 13:02:42.001367,39.86384,39.3065,0.0
2022-01-16 13:02:42.506732,39.6064,40.64725,0.0
2022-01-16 13:02:43.003984,40.37996,40.69925,0.0
2022-01-16 13:02:43.507195,39.96657,40.02825,0.0
2022-01-16 13:02:44.005318,40.68938,39.77075,0.0
2022-01-16 13:02:44.510450,39.91582,41.52375,0.0
2022-01-16 13:02:45.008557,40.74013,40.90475,0.0
2022-01-16 13:02:45.505090,39.91582,40.28575,0.0
2022-01-16 13:02:46.003278,40.37996,39.71875,-0.03864
2022-01-16 13:02:46.508034,40.12128,40.75,-0.03864
2022-01-16 13:02:47.006007,40.48269,40.38975,0.0
2022-01-16 13:02:47.501291,40.07053,39.8735,0.0
2022-01-16 13:02:48.010072,39.81185,40.5445,0.0
2022-01-16 13:02:48.503823,39.86384,40.802,0.0
2022-01-16 13:02:49.001511,40.53467,40.4405,0.0
2022-01-16 13:02:49.506966,40.07053,40.131,0.0
2022-01-16 13:02:50.006746,39.3997,40.4925,0.0
2022-01-16 13:02:50.511104,40.37996,40.131,0.0
2022-01-16 13:02:51.009585,39.34772,39.8215,0.0
2022-01-16 13:02:51.504734,39.09027,40.235,0.0
2022-01-16 13:02:52.001856,40.79211,40.5445,0.0
2022-01-16 13:02:52.507929,41.04955,39.97625,0.0
2022-01-16 13:02:53.005830,40.32797,40.38975,0.0
2022-01-16 13:02:53.510957,40.12128,40.90475,0.0
2022-01-16 13:02:54.008397,39.34772,40.4405,0.0
2022-01-16 13:02:54.505512,40.6374,40.02825,0.0
2022-01-16 13:02:55.003635,40.01855,39.77075,0.0
2022-01-16 13:02:55.508870,39.86384,40.69925,0.0
2022-01-16 13:02:56.006143,40.48269,40.4405,0.0
2022-01-16 13:02:56.501461,40.12128,39.616,0.0
2022-01-16 13:02:57.011207,39.65714,39.8735,0.0
2022-01-16 13:02:57.504630,39.65714,41.52375,0.0
2022-01-16 13:02:58.001914,40.6374,40.5445,0.0
2022-01-16 13:02:58.507529,40.07053,39.512,0.0
2022-01-16 13:02:59.006066,40.07053,39.97625,0.0
2022-01-16 13:02:59.501044,39.86384,40.95675,0.0
2022-01-16 13:03:00.010515,40.17326,40.33775,0.0
2022-01-16 13:03:00.506887,40.17326,39.8215,0.0
2022-01-16 13:03:01.004367,39.76111,39.8215,0.0
2022-01-16 13:03:01.510538,40.99881,40.59525,0.0
2022-01-16 13:03:02.007471,39.91582,40.33775,0.0
2022-01-16 13:03:02.503746,40.27599,40.59525,0.0
2022-01-16 13:03:03.001693,39.91582,40.854,0.0
2022-01-16 13:03:03.506673,40.94682,40.38975,0.0
2022-01-16 13:03:04.004240,40.32797,40.28575,0.0
2022-01-16 13:03:04.510043,39.70912,40.33775,0.0
2022-01-16 13:03:05.007410,40.27599,40.4925,0.0
2022-01-16 13:03:05.503572,40.22525,39.97625,0.0
2022-01-16 13:03:06.002187,39.3997,39.97625,0.0
2022-01-16 13:03:06.507329,39.65714,40.854,0.0
2022-01-16 13:03:07.006100,39.55441,40.33775,0.0
2022-01-16 13:03:07.510025,39.6064,40.28575,0.0
2022-01-16 13:03:08.008526,40.07053,40.28575,0.0
2022-01-16 13:03:08.504124,39.65714,40.235,0.0
2022-01-16 13:03:09.001780,40.68938,40.33775,0.0
2022-01-16 13:03:09.507375,40.22525,39.97625,0.0
2022-01-16 13:03:10.005057,40.01855,40.131,0.0
2022-01-16 13:03:10.510293,39.65714,40.59525,0.0
2022-01-16 13:03:11.010106,40.48269,40.235,0.0
2022-01-16 13:03:11.506687,40.4307,40.08025,0.0
2022-01-16 13:03:12.005455,40.6374,40.90475,0.0
2022-01-16 13:03:12.511062,40.32797,40.69925,0.0
2022-01-16 13:03:13.009773,39.86384,39.8215,0.0
2022-01-16 13:03:13.505106,39.86384,39.616,0.0
2022-01-16 13:03:14.002642,40.07053,40.95675,0.0
2022-01-16 13:03:14.506416,39.91582,40.38975,0.0
2022-01-16 13:03:15.004769,39.45168,39.66675,0.0
2022-01-16 13:03:15.510281,40.22525,40.33775,0.0
2022-01-16 13:03:16.009093,39.50243,41.21425,0.0
2022-01-16 13:03:16.503233,40.53467,40.183,0.0
2022-01-16 13:03:17.011058,39.70912,39.77075,0.0
2022-01-16 13:03:17.506718,40.48269,41.21425,0.0
2022-01-16 13:03:18.005569,40.32797,40.69925,0.0
2022-01-16 13:03:19.005011,40.07053,40.08025,0.0
2022-01-16 13:03:19.504059,39.96657,40.75,0.0
2022-01-16 13:03:20.001889,40.8441,40.183,0.31385
2022-01-16 13:03:20.508545,40.17326,39.2545,0.31385
2022-01-16 13:03:21.005563,40.74013,40.75,-0.03864
2022-01-16 13:03:21.501809,40.17326,40.802,-0.03864
2022-01-16 13:03:22.011223,40.68938,40.131,0.0
2022-01-16 13:03:22.506149,39.86384,39.66675,0.0
2022-01-16 13:03:23.004790,39.34772,40.75,0.0
2022-01-16 13:03:23.508154,39.14226,40.59525,0.0
2022-01-16 13:03:24.007078,39.55441,39.8215,0.0
2022-01-16 13:03:24.500982,40.58542,39.564,0.0
2022-01-16 13:03:25.009150,40.4307,40.59525,0.0
2022-01-16 13:03:25.503900,40.12128,40.4925,0.0
2022-01-16 13:03:26.011330,39.91582,40.02825,0.0
2022-01-16 13:03:26.507372,39.81185,40.183,0.0
2022-01-16 13:03:27.008851,39.96657,40.90475,0.0
2022-01-16 13:03:27.502488,40.58542,40.33775,0.0
2022-01-16 13:03:28.010417,40.22525,40.131,0.0
2022-01-16 13:03:28.507619,40.4307,40.69925,0.0
2022-01-16 13:03:29.006215,39.76111,40.59525,0.0
2022-01-16 13:03:29.503797,40.68938,39.616,0.0
2022-01-16 13:03:30.003276,40.22525,39.35725,0.0
2022-01-16 13:03:30.508640,40.32797,41.1115,0.0
2022-01-16 13:03:31.006687,40.58542,40.4925,0.0
2022-01-16 13:03:31.501308,40.22525,40.131,0.0
2022-01-16 13:03:32.009574,39.86384,40.08025,0.0
2022-01-16 13:03:32.505559,39.70912,41.21425,0.0
2022-01-16 13:03:33.003293,40.12128,40.4925,0.0
2022-01-16 13:03:33.507633,39.09027,39.564,0.0
2022-01-16 13:03:34.007884,39.65714,38.997,0.0
2022-01-16 13:03:34.505654,39.65714,40.33775,0.0
2022-01-16 13:03:35.001719,40.17326,40.5445,0.0
2022-01-16 13:03:35.507328,40.6374,39.71875,0.0
2022-01-16 13:03:36.010735,40.12128,40.75,0.0
2022-01-16 13:03:36.510012,40.12128,40.5445,0.0
2022-01-16 13:03:37.009858,39.86384,39.77075,0.0
2022-01-16 13:03:37.504705,40.58542,40.4925,0.0
2022-01-16 13:03:38.001162,40.07053,40.4925,0.0
2022-01-16 13:03:38.509195,40.68938,39.97625,0.0
2022-01-16 13:03:39.007544,39.86384,39.564,0.0
2022-01-16 13:03:39.501286,40.17326,40.90475,0.0
2022-01-16 13:03:40.009744,39.3997,40.69925,0.0
2022-01-16 13:03:40.506279,39.65714,40.131,0.0
2022-01-16 13:03:41.004915,39.14226,40.33775,0.0
2022-01-16 13:03:41.509454,39.76111,40.4925,0.0
2022-01-16 13:03:42.008076,40.37996,40.33775,0.0
2022-01-16 13:03:42.502759,40.53467,40.08025,0.0
2022-01-16 13:03:43.001801,39.96657,40.08025,0.0
2022-01-16 13:03:43.505596,39.34772,40.28575,0.0
2022-01-16 13:03:44.003499,40.12128,40.5445,0.0
2022-01-16 13:03:44.510567,40.07053,40.183,0.0
2022-01-16 13:03:45.009734,40.12128,40.75,0.0
2022-01-16 13:03:45.502809,40.48269,40.75,0.0
2022-01-16 13:03:46.010409,40.6374,40.131,0.0
2022-01-16 13:03:46.506354,39.86384,39.71875,0.0
2022-01-16 13:03:47.004830,40.32797,40.802,0.0
2022-01-16 13:03:47.510607,39.76111,40.59525,0.0
2022-01-16 13:03:48.009403,41.10154,39.66675,0.0
2022-01-16 13:03:48.503634,40.17326,39.8215,0.0
2022-01-16 13:03:49.001809,39.34772,41.31825,0.0
2022-01-16 13:03:49.507317,40.07053,40.75,0.0
2022-01-16 13:03:50.005911,39.193,39.66675,0.0
2022-01-16 13:03:50.501194,40.79211,39.8735,0.0
2022-01-16 13:03:51.010006,40.53467,41.00875,0.0
2022-01-16 13:03:51.507379,40.22525,40.28575,0.0
2022-01-16 13:03:52.006310,39.86384,39.35725,0.0
2022-01-16 13:03:52.502021,39.81185,39.77075,0.0
2022-01-16 13:03:53.009133,40.37996,40.69925,0.0
2022-01-16 13:03:53.505316,40.4307,40.28575,0.0
2022-01-16 13:03:54.003450,40.37996,40.64725,0.0
2022-01-16 13:03:54.508133,40.4307,40.802,0.0
2022-01-16 13:03:55.006664,40.58542,40.28575,0.0
2022-01-16 13:03:55.503342,40.37996,39.616,0.0
2022-01-16 13:03:56.001709,39.96657,40.5445,0.0
2022-01-16 13:03:56.505901,40.17326,40.5445,0.0
2022-01-16 13:03:57.002972,40.07053,40.08025,0.0
2022-01-16 13:03:57.507442,39.70912,39.8735,0.0
2022-01-16 13:03:58.005574,40.17326,41.1115,0.0
2022-01-16 13:03:58.509896,39.50243,40.4925,0.0
2022-01-16 13:03:59.007179,40.32797,40.02825,0.0
2022-01-16 13:03:59.501623,40.07053,39.9255,0.0
2022-01-16 13:04:00.009882,39.96657,40.802,0.0
2022-01-16 13:04:00.504836,39.6064,40.4405,0.0
2022-01-16 13:04:01.001539,40.22525,39.40925,0.0
2022-01-16 13:04:01.506347,39.91582,40.235,0.0
2022-01-16 13:04:02.004173,39.70912,41.00875,0.0
2022-01-16 13:04:02.508769,40.58542,40.38975,0.0
2022-01-16 13:04:03.007364,40.8441,39.9255,0.0
2022-01-16 13:04:03.501477,40.12128,41.0595,0.0
2022-01-16 13:04:04.010317,39.81185,40.4925,0.0
2022-01-16 13:04:04.508176,40.6374,39.71875,0.0
2022-01-16 13:04:05.006871,40.22525,39.616,0.0
2022-01-16 13:04:05.502197,40.12128,40.802,0.0
2022-01-16 13:04:06.009707,39.76111,40.64725,0.0
2022-01-16 13:04:06.504582,39.3997,39.35725,0.0
2022-01-16 13:04:07.002350,40.27599,40.802,0.0
2022-01-16 13:04:07.507399,40.94682,40.95675,0.0
2022-01-16 13:04:08.004646,40.37996,40.235,0.0
2022-01-16 13:04:08.509861,40.07053,39.77075,0.0
2022-01-16 13:04:09.008661,39.65714,40.90475,0.0
2022-01-16 13:04:09.504609,39.29697,40.69925,0.0
2022-01-16 13:04:10.000431,40.01855,39.97625,0.0
2022-01-16 13:04:10.504715,40.32797,39.66675,0.0
2022-01-16 13:04:11.001973,40.01855,41.0595,0.0
2022-01-16 13:04:11.507652,40.6374,40.59525,0.0
2022-01-16 13:04:12.005540,40.4307,39.9255,0.0
2022-01-16 13:04:12.510690,39.96657,39.8215,0.0
2022-01-16 13:04:13.008762,40.79211,40.5445,0.0
2022-01-16 13:04:13.503356,40.53467,40.235,0.0
2022-01-16 13:04:14.505035,39.86384,40.08025,0.0
2022-01-16 13:04:15.004335,39.55441,40.4925,0.0
2022-01-16 13:04:15.509147,40.17326,39.9255,0.0
2022-01-16 13:04:16.006640,39.86384,40.02825,0.0
2022-01-16 13:04:16.502738,40.07053,40.69925,0.0
2022-01-16 13:04:17.010412,39.86384,40.4405,0.0
2022-01-16 13:04:17.505553,40.32797,40.08025,0.0
2022-01-16 13:04:18.004710,40.32797,40.02825,0.0
2022-01-16 13:04:18.501645,40.12128,41.1115,0.0
2022-01-16 13:04:19.009163,40.07053,40.5445,0.0
2022-01-16 13:04:19.506558,40.07053,39.71875,0.0
2022-01-16 13:04:20.004462,40.22525,40.90475,0.0
2022-01-16 13:04:20.510443,40.32797,40.75,0.0
2022-01-16 13:04:21.010672,40.8441,39.97625,0.0
2022-01-16 13:04:21.505626,40.4307,39.66675,0.0
2022-01-16 13:04:22.003808,40.32797,41.369,0.0
2022-01-16 13:04:22.508783,39.81185,40.64725,0.0
2022-01-16 13:04:23.006663,40.17326,39.97625,0.0
2022-01-16 13:04:23.502614,39.34772,40.131,0.0
2022-01-16 13:04:24.001822,40.27599,41.369,0.0
2022-01-16 13:04:24.507173,40.32797,40.4925,0.0
2022-01-16 13:04:25.005596,39.91582,39.564,0.0
2022-01-16 13:04:25.510397,40.4307,39.66675,0.0
2022-01-16 13:04:26.008350,40.07053,40.90475,0.0
2022-01-16 13:04:26.502323,39.81185,40.235,0.0
2022-01-16 13:04:27.010934,39.14226,39.616,0.0
2022-01-16 13:04:27.505297,40.74013,40.802,0.0
2022-01-16 13:04:28.004726,40.27599,40.4405,0.0
2022-01-16 13:04:28.501665,40.6374,39.9255,0.0
2022-01-16 13:04:29.009277,40.12128,40.235,0.0
2022-01-16 13:04:29.504638,40.17326,40.5445,0.0
2022-01-16 13:04:30.001297,40.48269,40.131,0.0
2022-01-16 13:04:30.505915,40.37996,40.28575,0.0
2022-01-16 13:04:31.004311,40.4307,40.4405,0.0
2022-01-16 13:04:31.509224,40.01855,40.28575,0.0
2022-01-16 13:04:32.008256,39.91582,40.02825,0.0
2022-01-16 13:04:32.503543,39.29697,40.64725,0.0
2022-01-16 13:04:33.001827,39.09027,40.38975,0.0
2022-01-16 13:04:33.508949,40.17326,40.38975,0.0
2022-01-16 13:04:34.006418,40.74013,39.8735,0.0
2022-01-16 13:04:34.501558,40.32797,40.235,0.0
2022-01-16 13:04:35.010863,40.4307,40.95675,0.0
2022-01-16 13:04:35.505004,40.17326,40.4925,0.0
2022-01-16 13:04:36.002374,39.96657,39.564,0.0
2022-01-16 13:04:36.504634,39.45168,40.59525,0.0
2022-01-16 13:04:37.001675,41.20427,41.369,0.0
2022-01-16 13:04:37.508520,40.89484,40.4925,0.0
2022-01-16 13:04:38.005290,40.53467,40.131,0.0
2022-01-16 13:04:38.509936,39.3997,40.235,0.0
2022-01-16 13:04:39.008585,39.6064,40.183,0.0
2022-01-16 13:04:39.504954,40.27599,39.8215,0.0
2022-01-16 13:04:40.002241,40.37996,40.75,0.0
2022-01-16 13:04:40.506768,39.96657,40.59525,0.0
2022-01-16 13:04:41.004804,40.22525,40.131,0.0
2022-01-16 13:04:41.509522,40.53467,39.97625,0.0
2022-01-16 13:04:42.008277,39.96657,41.0595,0.0
2022-01-16 13:04:42.502542,39.91582,40.59525,0.0
2022-01-16 13:04:43.001709,40.07053,39.97625,0.0
2022-01-16 13:04:43.507924,39.70912,39.9255,0.0
2022-01-16 13:04:44.005125,39.6064,40.854,0.0
2022-01-16 13:04:44.510040,40.8441,40.59525,0.0
2022-01-16 13:04:45.008784,40.48269,39.8215,0.0
2022-01-16 13:04:45.505064,40.6374,40.75,0.0
2022-01-16 13:04:46.006950,40.12128,40.4925,0.0
2022-01-16 13:04:46.510958,39.6064,40.183,0.0
2022-01-16 13:04:47.008648,40.53467,39.8735,0.0
2022-01-16 13:04:47.503115,40.37996,40.75,0.0
2022-01-16 13:04:48.001415,39.86384,40.4925,0.0
2022-01-16 13:04:48.508792,40.53467,40.02825,0.0
2022-01-16 13:04:49.008112,40.07053,40.131,0.0
2022-01-16 13:04:49.503601,39.55441,41.26625,0.0
2022-01-16 13:04:50.001412,39.24499,40.69925,0.0
2022-01-16 13:04:50.508217,40.17326,39.8735,0.0
2022-01-16 13:04:51.004627,40.6374,39.616,0.0
2022-01-16 13:04:51.508683,40.01855,41.26625,0.0
2022-01-16 13:04:52.005713,39.81185,40.5445,0.03864
2022-01-16 13:04:52.501309,39.55441,39.40925,0.03864
2022-01-16 13:04:53.009317,40.12128,40.75,0.0
2022-01-16 13:04:53.505578,40.8441,41.21425,0.0
2022-01-16 13:04:54.003910,40.58542,40.4925,0.0
2022-01-16 13:04:54.508236,40.79211,39.8215,0.0
2022-01-16 13:04:55.006437,40.37996,40.64725,0.0
2022-01-16 13:04:55.503329,40.32797,40.59525,0.0
2022-01-16 13:04:56.010686,40.4307,39.97625,0.0
2022-01-16 13:04:56.505294,40.22525,39.77075,0.0
2022-01-16 13:04:57.003583,39.96657,40.64725,0.0
2022-01-16 13:04:57.508502,39.6064,40.4925,0.0
2022-01-16 13:04:58.005776,40.07053,39.9255,0.0
2022-01-16 13:04:58.510874,39.14226,41.31825,0.0
2022-01-16 13:04:59.008338,39.70912,41.473,0.0
2022-01-16 13:04:59.506309,40.12128,40.28575,0.0
2022-01-16 13:05:00.004494,40.22525,38.893,0.0
2022-01-16 13:05:00.510049,40.32797,40.235,0.0
2022-01-16 13:05:01.008944,39.81185,40.4925,0.0
2022-01-16 13:05:01.504388,39.55441,39.77075,0.0
2022-01-16 13:05:02.001898,39.6064,40.08025,0.0
2022-01-16 13:05:02.508089,40.58542,41.1635,0.0
2022-01-16 13:05:03.005943,40.07053,40.4405,0.0
2022-01-16 13:05:03.501112,40.74013,40.4925,0.0
2022-01-16 13:05:04.010431,40.01855,40.33775,0.0
2022-01-16 13:05:04.505596,40.48269,40.183,0.0
2022-01-16 13:05:05.004751,39.86384,40.131,0.0
2022-01-16 13:05:05.510548,40.8441,39.8215,0.0
2022-01-16 13:05:06.009515,40.12128,40.4925,0.0
2022-01-16 13:05:06.504033,40.07053,40.59525,0.0
2022-01-16 13:05:07.001729,39.81185,40.02825,0.0
2022-01-16 13:05:07.507885,39.76111,40.33775,0.0
2022-01-16 13:05:08.006105,39.81185,40.90475,0.0
2022-01-16 13:05:08.501120,40.22525,40.38975,0.0
2022-01-16 13:05:09.009532,39.91582,39.71875,0.0
2022-01-16 13:05:09.502864,39.76111,39.9255,0.0
2022-01-16 13:05:10.001225,39.193,40.802,0.0
2022-01-16 13:05:10.504602,39.86384,40.75,0.0
2022-01-16 13:05:11.002851,40.8441,39.40925,0.0
2022-01-16 13:05:11.509731,40.32797,41.00875,0.0
2022-01-16 13:05:12.009245,39.86384,41.0595,0.0
2022-01-16 13:05:12.505052,40.22525,40.131,0.0
2022-01-16 13:05:13.001697,40.89484,39.8215,0.0
2022-01-16 13:05:13.506933,40.53467,40.802,0.0
2022-01-16 13:05:14.006387,40.6374,40.75,0.0
2022-01-16 13:05:14.511096,39.76111,39.77075,0.0
2022-01-16 13:05:15.010535,39.81185,39.66675,0.0
2022-01-16 13:05:15.506735,39.193,40.69925,0.0
2022-01-16 13:05:16.006207,39.24499,40.33775,0.03864
2022-01-16 13:05:16.505255,41.04955,39.8215,0.03864
2022-01-16 13:05:17.004373,40.68938,40.5445,0.0
2022-01-16 13:05:17.510751,40.37996,40.64725,0.0
2022-01-16 13:05:18.010020,40.27599,39.9255,0.0
2022-01-16 13:05:18.504741,39.81185,39.97625,0.0
2022-01-16 13:05:19.002786,39.55441,40.95675,0.0
2022-01-16 13:05:19.507504,40.01855,40.131,0.0
2022-01-16 13:05:20.005576,40.48269,39.97625,0.0
2022-01-16 13:05:20.511084,40.74013,40.235,0.0
2022-01-16 13:05:21.010788,40.07053,40.4925,0.0
2022-01-16 13:05:21.505471,39.6064,40.33775,0.0
2022-01-16 13:05:22.003477,40.8441,40.235,0.0
2022-01-16 13:05:22.508027,40.27599,40.33775,0.0
2022-01-16 13:05:23.006357,40.68938,40.64725,0.0
2022-01-16 13:05:23.501692,39.86384,40.02825,0.0
2022-01-16 13:05:24.009630,40.58542,39.77075,0.0
2022-01-16 13:05:24.504064,39.96657,41.00875,0.0
2022-01-16 13:05:25.001117,40.07053,40.4405,0.0
2022-01-16 13:05:25.505082,39.03829,39.512,0.0
2022-01-16 13:05:26.004145,39.3997,40.235,0.0
2022-01-16 13:05:26.508711,39.70912,41.1115,0.0
2022-01-16 13:05:27.005683,40.22525,40.235,0.0
2022-01-16 13:05:27.511031,40.58542,39.3065,0.0
2022-01-16 13:05:28.008658,40.12128,41.1115,0.0
2022-01-16 13:05:28.502834,39.55441,41.0595,0.0
2022-01-16 13:05:29.010964,39.76111,40.4925,0.0
2022-01-16 13:05:29.506201,40.27599,39.2545,0.0
2022-01-16 13:05:30.006463,40.12128,40.08025,0.0
2022-01-16 13:05:30.511210,40.37996,41.00875,0.0
2022-01-16 13:05:31.010340,40.12128,40.02825,0.0
2022-01-16 13:05:31.505159,40.74013,39.8735,0.0
2022-01-16 13:05:32.002745,40.12128,40.854,0.0
2022-01-16 13:05:32.508166,39.55441,40.235,0.0
2022-01-16 13:05:33.005649,40.12128,39.97625,0.0
2022-01-16 13:05:34.004398,40.6374,40.28575,0.0
2022-01-16 13:05:34.510779,39.81185,39.77075,0.0
2022-01-16 13:05:35.010704,40.32797,40.235,0.0
2022-01-16 13:05:35.506208,39.76111,40.90475,0.0
2022-01-16 13:05:36.005012,40.01855,40.33775,0.03864
2022-01-16 13:05:36.510397,40.32797,39.9255,0.03864
2022-01-16 13:05:37.008618,40.37996,40.69925,0.0
2022-01-16 13:05:37.503772,40.37996,40.59525,0.0
2022-01-16 13:05:38.004752,40.01855,39.8735,0.0
2022-01-16 13:05:38.509477,40.22525,39.71875,0.0
2022-01-16 13:05:39.008060,40.07053,40.131,0.0
2022-01-16 13:05:39.502827,40.37996,41.0595,0.0
2022-01-16 13:05:40.010637,40.07053,40.5445,0.0
2022-01-16 13:05:40.506076,40.37996,39.77075,0.0
2022-01-16 13:05:41.004603,39.96657,41.0595,0.0
2022-01-16 13:05:41.503120,39.6064,40.59525,0.0
2022-01-16 13:05:42.001395,39.09027,40.28575,0.0
2022-01-16 13:05:42.510689,39.76111,39.512,0.0
2022-01-16 13:05:43.007347,40.4307,40.95675,0.0
2022-01-16 13:05:43.501264,40.01855,40.4405,0.0
2022-01-16 13:05:44.002594,40.01855,39.15175,0.0
2022-01-16 13:05:44.506945,39.91582,40.69925,0.0
2022-01-16 13:05:45.009634,39.81185,41.1635,0.0
2022-01-16 13:05:45.509375,40.37996,40.28575,0.0
2022-01-16 13:05:46.001989,40.6374,39.616,0.0
2022-01-16 13:05:46.501449,39.81185,41.473,0.0
2022-01-16 13:05:47.009727,40.01855,41.473,0.0
2022-01-16 13:05:47.505039,39.65714,39.71875,0.0
2022-01-16 13:05:48.001984,40.79211,38.893,0.0
2022-01-16 13:05:48.507308,40.58542,40.5445,0.0
2022-01-16 13:05:49.007025,40.37996,40.4925,0.0
2022-01-16 13:05:49.502215,40.32797,40.08025,0.0
2022-01-16 13:05:50.001112,39.76111,41.0595,0.0
2022-01-16 13:05:50.506028,39.81185,40.854,0.0
2022-01-16 13:05:51.004076,39.70912,39.97625,0.0
2022-01-16 13:05:51.510178,40.01855,40.08025,0.0
2022-01-16 13:05:52.006926,39.65714,40.131,0.0
2022-01-16 13:05:52.501111,39.45168,40.33775,0.0
2022-01-16 13:05:53.009789,39.14226,39.66675,0.0
2022-01-16 13:05:53.505788,40.32797,40.183,0.0
2022-01-16 13:05:54.003515,40.74013,40.95675,0.0
2022-01-16 13:05:54.509029,40.27599,40.69925,0.0
2022-01-16 13:05:55.006797,40.32797,39.8215,0.0
2022-01-16 13:05:55.502867,40.53467,39.97625,0.0
2022-01-16 13:05:56.010937,40.58542,40.75,0.0
2022-01-16 13:05:56.504757,40.79211,40.28575,0.0
2022-01-16 13:05:57.001486,40.01855,39.564,0.0
2022-01-16 13:05:57.507306,40.48269,40.235,0.0
2022-01-16 13:05:58.006361,39.50243,40.75,0.0
2022-01-16 13:05:58.510912,38.67812,40.183,0.0
2022-01-16 13:05:59.009131,40.17326,40.08025,0.0
2022-01-16 13:05:59.505193,40.68938,41.21425,0.0
2022-01-16 13:06:00.003081,40.22525,40.64725,0.0
2022-01-16 13:06:00.506762,40.01855,39.512,0.0
2022-01-16 13:06:01.005092,40.27599,39.71875,0.0
2022-01-16 13:06:01.501111,39.76111,40.75,0.0
2022-01-16 13:06:02.008778,39.81185,40.235,0.0
2022-01-16 13:06:02.503355,39.34772,38.84225,0.0
2022-01-16 13:06:03.001952,41.04955,41.0595,0.0
2022-01-16 13:06:03.505848,40.32797,41.1115,0.0
2022-01-16 13:06:04.004293,40.48269,40.4405,0.0
2022-01-16 13:06:04.508967,40.74013,39.77075,0.0
2022-01-16 13:06:05.008154,39.91582,41.00875,0.0
2022-01-16 13:06:05.503004,40.27599,41.31825,0.0
2022-01-16 13:06:06.002663,39.65714,40.02825,0.0
2022-01-16 13:06:06.509120,40.89484,39.46125,0.0
2022-01-16 13:06:07.008661,40.27599,40.5445,0.0
2022-01-16 13:06:07.503405,39.24499,40.64725,0.0
2022-01-16 13:06:08.001648,39.96657,40.33775,0.0
2022-01-16 13:06:08.505720,39.29697,40.64725,0.0
2022-01-16 13:06:09.003389,40.22525,40.28575,0.0
2022-01-16 13:06:09.509861,40.12128,39.97625,0.0
2022-01-16 13:06:10.005670,40.17326,39.97625,0.0
2022-01-16 13:06:10.502273,40.27599,40.802,0.0
2022-01-16 13:06:11.009192,39.6064,40.28575,0.0
2022-01-16 13:06:11.504616,40.12128,39.8735,0.0
2022-01-16 13:06:12.002719,40.4307,40.38975,0.0
2022-01-16 13:06:12.508131,40.8441,41.00875,0.0
2022-01-16 13:06:13.006161,40.68938,40.4405,0.0
2022-01-16 13:06:13.501090,39.65714,39.9255,0.0
2022-01-16 13:06:14.009876,40.58542,40.802,0.0
2022-01-16 13:06:14.504256,40.22525,40.802,0.0
2022-01-16 13:06:15.003773,40.68938,39.8215,0.0
2022-01-16 13:06:15.509089,40.12128,40.08025,0.0
2022-01-16 13:06:16.006716,39.55441,41.26625,0.0
2022-01-16 13:06:16.505170,39.91582,40.64725,0.0
2022-01-16 13:06:17.002532,39.76111,39.71875,0.0
2022-01-16 13:06:17.508076,40.32797,40.33775,0.0
2022-01-16 13:06:18.005656,39.50243,40.95675,0.0
2022-01-16 13:06:18.510030,39.76111,40.64725,0.0
2022-01-16 13:06:19.007765,39.03829,39.46125,0.0
2022-01-16 13:06:19.504943,40.89484,39.71875,0.0
2022-01-16 13:06:20.003037,40.4307,41.31825,0.0
2022-01-16 13:06:20.507798,39.86384,40.4405,0.0
2022-01-16 13:06:21.005140,40.58542,39.71875,0.0
2022-01-16 13:06:21.509954,39.91582,39.40925,0.0
2022-01-16 13:06:22.007820,40.17326,40.183,0.0
2022-01-16 13:06:22.501652,40.12128,40.802,0.0
2022-01-16 13:06:23.010238,40.74013,40.235,0.0
2022-01-16 13:06:23.506021,40.01855,40.28575,0.0
2022-01-16 13:06:24.003829,39.91582,40.28575,0.0
2022-01-16 13:06:24.507667,39.86384,40.28575,0.0
2022-01-16 13:06:25.005905,39.55441,40.69925,0.0
2022-01-16 13:06:25.501052,39.193,40.235,0.0
2022-01-16 13:06:26.009403,39.91582,39.9255,0.0
2022-01-16 13:06:26.505019,40.58542,40.02825,0.0
2022-01-16 13:06:27.002368,40.27599,40.59525,0.0
2022-01-16 13:06:27.507074,40.01855,40.4925,0.0
2022-01-16 13:06:28.006668,40.01855,39.9255,0.0
2022-01-16 13:06:28.502135,39.96657,40.38975,0.0
2022-01-16 13:06:29.010974,40.27599,41.00875,0.0
2022-01-16 13:06:29.503899,40.32797,40.5445,0.0
2022-01-16 13:06:30.010936,40.12128,39.46125,0.0
2022-01-16 13:06:30.504810,40.4307,39.97625,0.0
2022-01-16 13:06:31.002571,40.58542,41.1115,0.0
2022-01-16 13:06:31.507293,40.27599,40.38975,0.0
2022-01-16 13:06:32.005241,40.48269,39.71875,0.0
2022-01-16 13:06:32.502347,40.68938,40.64725,0.0
2022-01-16 13:06:33.001957,39.96657,40.854,0.0
2022-01-16 13:06:33.506822,40.12128,40.08025,0.0
2022-01-16 13:06:34.005460,39.45168,39.3065,0.0
2022-01-16 13:06:34.510136,40.22525,41.21425,0.0
2022-01-16 13:06:35.008065,39.09027,40.64725,0.0
2022-01-16 13:06:35.503010,39.91582,39.616,0.0
2022-01-16 13:06:36.001261,40.22525,39.40925,0.0
2022-01-16 13:06:36.508350,40.07053,41.31825,0.0
2022-01-16 13:06:37.009494,39.96657,40.64725,0.0
2022-01-16 13:06:37.504076,40.79211,39.8215,0.0
2022-01-16 13:06:38.001749,40.22525,40.4925,0.0
2022-01-16 13:06:38.506076,40.17326,40.4405,0.0
2022-01-16 13:06:39.004924,39.86384,39.8735,0.0
2022-01-16 13:06:39.510677,40.48269,39.97625,0.0
2022-01-16 13:06:40.009223,40.27599,40.95675,0.0
2022-01-16 13:06:40.504649,40.01855,40.28575,0.0
2022-01-16 13:06:41.003449,40.17326,39.8215,0.0
2022-01-16 13:06:41.509608,40.37996,40.235,0.0
2022-01-16 13:06:42.008223,39.76111,40.4405,0.0
2022-01-16 13:06:42.502989,39.45168,40.235,0.0
2022-01-16 13:06:43.010456,40.32797,40.131,0.0
2022-01-16 13:06:43.504662,40.01855,40.5445,0.0
2022-01-16 13:06:44.001993,39.91582,40.4405,0.0
2022-01-16 13:06:44.505688,39.86384,40.08025,0.0
2022-01-16 13:06:45.003835,39.50243,40.183,0.0
2022-01-16 13:06:45.510611,39.86384,40.5445,0.0
2022-01-16 13:06:46.009265,40.4307,40.4405,0.0
2022-01-16 13:06:46.503541,40.32797,40.02825,0.0
2022-01-16 13:06:47.001883,40.89484,40.28575,0.0
2022-01-16 13:06:47.506894,40.17326,40.69925,0.0
2022-01-16 13:06:48.005551,40.07053,40.08025,0.0
2022-01-16 13:06:48.510650,39.45168,39.77075,0.0
2022-01-16 13:06:49.008543,40.89484,40.95675,0.0
2022-01-16 13:06:49.502950,40.27599,40.854,0.0
2022-01-16 13:06:50.003367,40.07053,40.38975,0.0
2022-01-16 13:06:50.507762,39.70912,39.71875,0.0
2022-01-16 13:06:51.005128,39.45168,40.90475,0.0
2022-01-16 13:06:51.508781,39.70912,40.95675,0.0
2022-01-16 13:06:52.006222,40.12128,39.71875,0.0
2022-01-16 13:06:52.510063,40.53467,39.46125,0.0
2022-01-16 13:06:53.008758,40.07053,40.5445,0.0
2022-01-16 13:06:53.502696,39.96657,40.28575,0.0
2022-01-16 13:06:54.010327,39.50243,39.77075,0.0
2022-01-16 13:06:54.507190,39.76111,41.1635,0.0
2022-01-16 13:06:55.006306,39.50243,40.802,0.0
2022-01-16 13:06:55.502477,40.99881,39.8215,0.0
2022-01-16 13:06:56.001155,40.12128,39.66675,0.0
2022-01-16 13:06:56.505799,40.4307,40.802,0.0
2022-01-16 13:06:57.002711,40.01855,40.33775,0.0
2022-01-16 13:06:57.508909,39.6064,40.08025,0.0
2022-01-16 13:06:58.006950,40.58542,40.28575,0.0
2022-01-16 13:06:58.501131,39.91582,41.1115,0.0
2022-01-16 13:06:59.010884,40.01855,40.38975,0.0
2022-01-16 13:06:59.505697,40.07053,39.97625,0.0
2022-01-16 13:07:00.004229,40.32797,40.64725,0.0
2022-01-16 13:07:00.509242,39.29697,40.59525,0.0
2022-01-16 13:07:01.008064,40.12128,39.97625,0.0
2022-01-16 13:07:01.504005,39.81185,39.8735,0.0
2022-01-16 13:07:02.002311,39.96657,41.0595,0.0
2022-01-16 13:07:02.508759,40.27599,40.75,0.0
2022-01-16 13:07:03.005793,40.01855,39.8215,0.0
2022-01-16 13:07:03.501047,40.01855,40.28575,0.0
2022-01-16 13:07:04.009406,40.32797,40.95675,0.0
2022-01-16 13:07:04.506173,40.32797,40.33775,0.0
2022-01-16 13:07:05.004130,40.17326,39.35725,0.0
2022-01-16 13:07:05.507921,40.6374,40.95675,0.0
2022-01-16 13:07:06.006361,40.27599,41.00875,0.0
2022-01-16 13:07:06.502415,40.07053,40.02825,0.0
2022-01-16 13:07:07.001261,39.50243,39.512,0.0
2022-01-16 13:07:07.507546,40.01855,41.369,0.0
2022-01-16 13:07:08.005393,38.93556,41.31825,0.0
2022-01-16 13:07:08.510501,40.17326,40.5445,0.0
2022-01-16 13:07:09.009117,40.74013,39.512,0.0
2022-01-16 13:07:09.503205,40.68938,39.564,0.0
2022-01-16 13:07:10.009862,39.76111,40.38975,0.0
2022-01-16 13:07:10.504586,39.50243,40.235,0.0
2022-01-16 13:07:11.003427,39.91582,40.59525,0.0
2022-01-16 13:07:11.510242,39.50243,40.4925,0.0
2022-01-16 13:07:12.009629,40.48269,39.8735,0.0
2022-01-16 13:07:12.510376,40.01855,40.69925,0.0
2022-01-16 13:07:13.008086,40.48269,40.854,0.0
2022-01-16 13:07:13.501997,39.86384,40.4925,0.0
2022-01-16 13:07:14.010214,40.74013,39.564,0.0
2022-01-16 13:07:14.504387,40.58542,40.08025,0.0
2022-01-16 13:07:15.002689,40.32797,40.5445,0.0
2022-01-16 13:07:15.507819,40.12128,40.33775,0.0
2022-01-16 13:07:16.007156,39.193,39.9255,0.0
2022-01-16 13:07:16.501652,39.76111,40.802,0.0
2022-01-16 13:07:17.010227,39.193,40.235,0.0
2022-01-16 13:07:17.506157,40.07053,40.38975,0.0
2022-01-16 13:07:18.003549,40.01855,40.28575,0.0
2022-01-16 13:07:18.508147,40.8441,40.33775,0.0
2022-01-16 13:07:19.005641,40.22525,40.131,0.0
2022-01-16 13:07:19.510543,39.81185,39.8735,0.0
2022-01-16 13:07:20.010193,39.6064,40.64725,0.0
2022-01-16 13:07:20.506866,40.32797,40.802,0.0
2022-01-16 13:07:21.004534,40.01855,40.28575,0.0
2022-01-16 13:07:21.510375,40.07053,39.71875,0.0
2022-01-16 13:07:22.008590,40.17326,40.802,0.0
2022-01-16 13:07:22.502855,40.17326,41.0595,0.0
2022-01-16 13:07:23.011190,40.37996,40.28575,0.0
2022-01-16 13:07:23.505448,40.48269,39.512,0.0
2022-01-16 13:07:24.004506,40.32797,40.802,0.0
2022-01-16 13:07:24.508678,39.50243,40.95675,0.0
2022-01-16 13:07:25.007650,39.96657,40.131,0.0
2022-01-16 13:07:25.502847,39.65714,39.512,0.0
2022-01-16 13:07:26.001685,40.32797,41.26625,0.0
2022-01-16 13:07:26.507271,39.81185,40.802,0.0
2022-01-16 13:07:27.003682,39.81185,40.5445,0.0
2022-01-16 13:07:27.508761,40.07053,40.183,0.0
2022-01-16 13:07:28.006374,39.81185,40.4405,0.0
2022-01-16 13:07:28.510223,40.01855,39.97625,0.0
2022-01-16 13:07:29.009367,39.70912,40.33775,0.0
2022-01-16 13:07:29.504367,40.53467,40.802,0.0
2022-01-16 13:07:30.002604,39.91582,40.183,0.0
2022-01-16 13:07:30.507065,40.8441,39.97625,0.0
2022-01-16 13:07:31.005786,40.12128,40.183,0.0
2022-01-16 13:07:31.501806,40.89484,40.95675,0.0
2022-01-16 13:07:32.009183,40.48269,40.59525,0.0
2022-01-16 13:07:32.503101,40.32797,39.66675,0.0
2022-01-16 13:07:33.010897,39.91582,40.02825,0.0
2022-01-16 13:07:33.505996,40.22525,40.75,0.0
2022-01-16 13:07:34.005647,39.50243,40.28575,0.0
2022-01-16 13:07:34.510244,38.88358,39.71875,0.0
2022-01-16 13:07:35.008717,39.81185,40.4405,0.0
2022-01-16 13:07:35.510160,40.6374,40.95675,0.0
2022-01-16 13:07:36.009044,39.81185,40.235,0.0
2022-01-16 13:07:36.504623,39.86384,40.235,0.0
2022-01-16 13:07:37.001918,39.55441,41.00875,0.0
2022-01-16 13:07:37.506392,39.96657,40.4405,0.0
2022-01-16 13:07:38.004726,40.22525,39.40925,0.0
2022-01-16 13:07:38.510995,40.58542,40.33775,0.0
2022-01-16 13:07:39.010995,40.79211,40.64725,0.0
2022-01-16 13:07:39.506452,40.4307,40.5445,0.0
2022-01-16 13:07:40.004052,39.91582,39.15175,0.0
2022-01-16 13:07:40.508591,40.27599,41.0595,0.0
2022-01-16 13:07:41.006219,40.32797,40.4925,0.0
2022-01-16 13:07:41.501842,40.32797,40.08025,0.0
2022-01-16 13:07:42.010000,40.48269,39.97625,0.0
2022-01-16 13:07:42.504388,40.27599,41.21425,0.0
2022-01-16 13:07:43.002380,39.50243,40.69925,0.0
2022-01-16 13:07:43.509041,40.07053,39.40925,0.0
2022-01-16 13:07:44.006146,38.98755,39.15175,0.0
2022-01-16 13:07:44.502418,39.96657,40.08025,0.0
2022-01-16 13:07:45.001135,39.76111,40.5445,0.0
2022-01-16 13:07:45.507075,40.01855,40.33775,0.0
2022-01-16 13:07:46.005547,40.12128,40.802,0.0
2022-01-16 13:07:46.501070,40.53467,40.59525,0.0
2022-01-16 13:07:47.008709,39.91582,40.08025,0.0
2022-01-16 13:07:47.502583,39.91582,39.8735,0.0
2022-01-16 13:07:48.001568,40.68938,40.183,0.0
2022-01-16 13:07:48.510165,40.07053,40.28575,0.0
2022-01-16 13:07:49.008774,40.01855,40.08025,0.0
2022-01-16 13:07:49.502983,39.3997,40.28575,0.0
2022-01-16 13:07:50.009945,40.4307,40.854,0.0
2022-01-16 13:07:50.505813,40.12128,40.4405,0.0
2022-01-16 13:07:51.005613,39.24499,39.9255,0.0
2022-01-16 13:07:51.509807,40.32797,40.4925,0.0
2022-01-16 13:07:52.010586,40.68938,40.69925,0.0
2022-01-16 13:07:52.506115,40.37996,39.9255,0.0
2022-01-16 13:07:53.005070,40.22525,39.71875,0.0
2022-01-16 13:07:53.510658,39.81185,40.802,0.0
2022-01-16 13:07:54.008607,39.76111,40.69925,0.0
2022-01-16 13:07:54.502810,39.14226,39.9255,0.0
2022-01-16 13:07:55.001252,40.58542,40.38975,0.0
2022-01-16 13:07:55.506902,40.79211,41.21425,0.0
2022-01-16 13:07:56.004932,40.07053,40.802,0.0
2022-01-16 13:07:56.509713,40.22525,39.71875,0.0
2022-01-16 13:07:57.008041,39.96657,39.564,0.0
2022-01-16 13:07:57.504865,40.22525,40.64725,0.0
2022-01-16 13:07:58.003523,40.22525,40.02825,0.0
2022-01-16 13:07:58.508820,39.65714,39.77075,0.0
2022-01-16 13:07:59.006081,40.12128,41.7305,0.0
2022-01-16 13:07:59.510268,39.65714,41.6785,0.0
2022-01-16 13:08:00.008635,39.29697,39.97625,0.0
2022-01-16 13:08:00.504795,39.55441,38.84225,0.0
2022-01-16 13:08:01.002237,40.27599,40.75,0.0
2022-01-16 13:08:01.508030,40.07053,40.28575,0.0
2022-01-16 13:08:02.004313,40.27599,39.564,0.0
2022-01-16 13:08:02.509567,39.50243,40.4925,0.0
2022-01-16 13:08:03.008028,40.32797,40.64725,0.0
2022-01-16 13:08:03.501885,40.22525,40.08025,0.0
2022-01-16 13:08:04.009850,40.27599,40.69925,0.0
2022-01-16 13:08:04.506237,40.6374,40.69925,0.0
2022-01-16 13:08:05.004810,39.96657,40.28575,0.0
2022-01-16 13:08:05.501168,40.17326,39.66675,0.0
2022-01-16 13:08:06.010317,39.86384,39.97625,0.0
2022-01-16 13:08:06.505543,40.48269,40.33775,0.0
2022-01-16 13:08:07.003066,39.81185,40.131,0.0
2022-01-16 13:08:07.508741,40.32797,39.9255,0.0
2022-01-16 13:08:08.007557,39.86384,40.90475,0.0
2022-01-16 13:08:08.501130,40.4307,40.59525,0.0
2022-01-16 13:08:09.010466,40.01855,40.28575,0.0
2022-01-16 13:08:09.505082,39.65714,39.77075,0.0
2022-01-16 13:08:10.001837,39.45168,40.90475,0.0
2022-01-16 13:08:10.507262,40.48269,40.5445,0.0
2022-01-16 13:08:11.005794,39.50243,39.71875,0.0
2022-01-16 13:08:11.510630,39.14226,39.8735,0.0
2022-01-16 13:08:12.008754,40.22525,41.00875,0.0
2022-01-16 13:08:12.502127,40.68938,40.59525,0.0
2022-01-16 13:08:13.010360,40.01855,39.97625,0.0
2022-01-16 13:08:13.506193,39.91582,40.64725,0.0
2022-01-16 13:08:14.005105,40.07053,41.1635,0.0
2022-01-16 13:08:14.509490,39.81185,40.33775,0.0
2022-01-16 13:08:15.008786,40.68938,39.09975,0.0
2022-01-16 13:08:15.503550,39.76111,40.235,0.0
2022-01-16 13:08:16.001334,40.68938,40.75,0.0
2022-01-16 13:08:16.506360,39.91582,40.183,0.0
2022-01-16 13:08:17.006838,38.93556,39.2545,0.0
2022-01-16 13:08:17.503012,40.07053,40.4405,0.0
2022-01-16 13:08:18.002447,40.37996,40.59525,0.0
2022-01-16 13:08:18.509255,40.37996,40.235,0.0
2022-01-16 13:08:19.006404,40.4307,40.38975,0.0
2022-01-16 13:08:19.502569,40.22525,40.59525,0.0
2022-01-16 13:08:20.010018,40.12128,40.131,0.0
2022-01-16 13:08:20.506621,40.01855,40.33775,0.0
2022-01-16 13:08:21.004755,40.27599,40.38975,0.0
2022-01-16 13:08:21.509635,40.94682,40.02825,0.0
2022-01-16 13:08:22.007438,40.6374,40.131,0.0
2022-01-16 13:08:22.501690,39.65714,40.183,0.0
2022-01-16 13:08:23.002364,40.6374,40.854,0.0
2022-01-16 13:08:23.509127,40.37996,40.28575,0.0
2022-01-16 13:08:24.006648,40.74013,39.8215,0.0
2022-01-16 13:08:24.501605,40.22525,40.38975,0.0
2022-01-16 13:08:25.001138,40.32797,40.802,0.0
2022-01-16 13:08:25.505923,39.81185,40.08025,0.0
2022-01-16 13:08:26.003605,39.81185,39.512,0.0
2022-01-16 13:08:26.509331,38.98755,40.64725,0.0
2022-01-16 13:08:27.007594,40.12128,40.69925,0.0
2022-01-16 13:08:27.504020,40.48269,39.8215,0.0
2022-01-16 13:08:28.002197,40.12128,39.97625,0.0
2022-01-16 13:08:28.506640,40.07053,41.00875,0.0
2022-01-16 13:08:29.006351,40.37996,40.59525,0.0
2022-01-16 13:08:29.501238,39.81185,39.35725,0.0
2022-01-16 13:08:30.010672,40.58542,40.59525,0.0
2022-01-16 13:08:30.506331,40.37996,40.75,0.0
2022-01-16 13:08:31.004292,39.81185,40.08025,0.0
2022-01-16 13:08:31.501636,40.6374,39.66675,0.0
2022-01-16 13:08:32.010588,40.32797,40.854,0.0
2022-01-16 13:08:32.504918,40.48269,40.33775,0.0
2022-01-16 13:08:33.002858,40.27599,39.77075,0.0
2022-01-16 13:08:33.508741,40.58542,39.9255,0.0
2022-01-16 13:08:34.006867,40.17326,41.52375,0.0
2022-01-16 13:08:34.510531,39.76111,40.95675,0.0
2022-01-16 13:08:35.008628,40.01855,39.3065,0.0
2022-01-16 13:08:35.503111,40.27599,39.512,0.0
2022-01-16 13:08:36.001208,40.17326,40.59525,0.0
2022-01-16 13:08:36.506192,39.55441,40.854,0.0
2022-01-16 13:08:37.005291,39.193,39.8735,0.0
2022-01-16 13:08:37.509165,39.45168,40.33775,0.0
2022-01-16 13:08:38.008119,40.79211,40.90475,0.0
2022-01-16 13:08:38.503423,40.58542,40.28575,0.0
2022-01-16 13:08:39.505304,40.12128,40.4405,0.0
2022-01-16 13:08:40.003440,40.53467,40.235,0.0
2022-01-16 13:08:40.507994,39.96657,39.9255,0.0
2022-01-16 13:08:41.005912,40.27599,40.64725,0.0
2022-01-16 13:08:41.509065,40.37996,40.802,0.0
2022-01-16 13:08:42.005625,39.96657,40.235,0.0
2022-01-16 13:08:42.510644,39.45168,40.02825,0.0
2022-01-16 13:08:43.008708,39.3997,40.5445,0.0
2022-01-16 13:08:43.504891,39.96657,40.75,0.0
2022-01-16 13:08:44.002360,39.65714,39.8735,0.0
2022-01-16 13:08:44.508200,40.27599,39.8215,0.0
2022-01-16 13:08:45.006278,40.37996,40.64725,0.0
2022-01-16 13:08:45.501497,40.4307,41.00875,0.0
2022-01-16 13:08:46.010793,39.91582,40.183,0.0
2022-01-16 13:08:46.506506,39.86384,40.33775,0.0
2022-01-16 13:08:47.004557,39.55441,40.802,0.0
2022-01-16 13:08:47.509225,40.48269,40.64725,0.0
2022-01-16 13:08:48.007660,39.91582,39.8215,0.0
2022-01-16 13:08:48.503982,40.22525,39.71875,0.0
2022-01-16 13:08:49.001481,40.68938,40.08025,0.0
2022-01-16 13:08:49.507554,39.96657,40.08025,0.0
2022-01-16 13:08:50.006279,40.17326,40.02825,0.0
2022-01-16 13:08:50.502820,40.68938,41.26625,0.0
2022-01-16 13:08:51.001097,40.74013,40.75,0.0
2022-01-16 13:08:51.508946,40.74013,39.8215,0.0
2022-01-16 13:08:52.007092,40.07053,39.97625,0.0
2022-01-16 13:08:52.501518,39.55441,40.38975,0.0
2022-01-16 13:08:53.010751,39.91582,40.183,0.0
2022-01-16 13:08:53.505788,39.55441,39.77075,0.0
2022-01-16 13:08:54.005247,40.12128,40.69925,0.0
2022-01-16 13:08:54.502889,40.01855,40.4925,0.0
2022-01-16 13:08:55.011033,40.01855,40.235,0.0
2022-01-16 13:08:55.507355,40.32797,40.75,0.0
2022-01-16 13:08:56.005886,39.91582,40.59525,0.0
2022-01-16 13:08:56.510793,40.37996,40.5445,0.0
2022-01-16 13:08:57.009053,39.65714,39.8735,0.0
2022-01-16 13:08:57.503079,40.99881,40.183,0.0
2022-01-16 13:08:58.001117,39.96657,40.59525,0.0
2022-01-16 13:08:58.504884,40.74013,40.08025,0.0
2022-01-16 13:08:59.004530,40.12128,39.77075,0.0
2022-01-16 13:08:59.509157,39.70912,41.00875,0.0
2022-01-16 13:09:00.006515,39.81185,41.473,0.0
2022-01-16 13:09:00.511151,39.29697,40.5445,0.0
2022-01-16 13:09:01.009061,39.55441,40.08025,0.0
2022-01-16 13:09:01.503571,39.50243,40.38975,0.0
2022-01-16 13:09:02.001481,40.8441,40.5445,0.0
2022-01-16 13:09:02.506575,40.48269,39.8215,0.0
2022-01-16 13:09:03.004131,40.12128,40.131,0.0
2022-01-16 13:09:03.508840,39.34772,41.21425,0.0
2022-01-16 13:09:04.006164,40.17326,40.33775,0.0
2022-01-16 13:09:04.501590,39.96657,39.97625,0.0
2022-01-16 13:09:05.008710,40.22525,40.59525,0.0
2022-01-16 13:09:05.504327,40.6374,40.64725,0.0
2022-01-16 13:09:06.001760,40.53467,40.33775,0.0
2022-01-16 13:09:06.506337,39.96657,39.77075,0.0
2022-01-16 13:09:07.004713,39.50243,40.95675,0.0
2022-01-16 13:09:07.509352,40.58542,40.4925,0.0
2022-01-16 13:09:08.007442,39.86384,39.66675,0.0
2022-01-16 13:09:08.501201,39.86384,40.28575,0.0
2022-01-16 13:09:09.001182,39.81185,40.59525,0.0
2022-01-16 13:09:09.506558,39.65714,39.97625,0.0
2022-01-16 13:09:10.003042,39.50243,40.08025,0.0
2022-01-16 13:09:10.507580,40.27599,40.4925,0.0
2022-01-16 13:09:11.005922,40.8441,40.59525,0.0
2022-01-16 13:09:11.502081,40.37996,40.02825,0.0
2022-01-16 13:09:12.010594,39.81185,40.38975,0.0
2022-01-16 13:09:12.506257,39.193,40.802,0.0
2022-01-16 13:09:13.005194,40.22525,40.4405,0.0
2022-01-16 13:09:13.509782,40.22525,39.8735,0.0
2022-01-16 13:09:14.009227,40.89484,40.183,0.0
2022-01-16 13:09:14.503889,40.07053,40.69925,0.0
2022-01-16 13:09:15.001572,40.6374,40.235,0.0
2022-01-16 13:09:15.506691,40.32797,39.77075,0.0
2022-01-16 13:09:16.004183,40.4307,40.59525,0.0
2022-01-16 13:09:16.510355,39.96657,41.0595,0.0
2022-01-16 13:09:17.007409,40.74013,40.131,0.0
2022-01-16 13:09:17.501389,40.17326,39.40925,0.0
2022-01-16 13:09:18.001359,39.3997,40.802,0.0
2022-01-16 13:09:18.506307,40.12128,40.59525,0.0
2022-01-16 13:09:19.003603,39.6064,39.9255,0.0
2022-01-16 13:09:19.508018,40.53467,39.8215,0.0
2022-01-16 13:09:20.005870,39.65714,41.421,0.0
2022-01-16 13:09:20.510834,40.17326,40.69925,0.0
2022-01-16 13:09:21.010247,40.22525,39.9255,0.0
2022-01-16 13:09:21.504799,40.37996,39.9255,0.0
2022-01-16 13:09:22.002180,40.37996,41.0595,0.0
2022-01-16 13:09:22.507580,40.32797,40.4405,0.0
2022-01-16 13:09:23.006235,39.76111,39.97625,0.0
2022-01-16 13:09:23.501227,40.07053,39.512,0.0
2022-01-16 13:09:24.008841,40.89484,40.802,0.0
2022-01-16 13:09:24.502626,40.22525,40.33775,0.0
2022-01-16 13:09:25.002097,40.01855,40.235,0.0
2022-01-16 13:09:25.510023,39.34772,40.69925,0.0
2022-01-16 13:09:26.007917,39.81185,40.28575,0.0
2022-01-16 13:09:26.502743,39.3997,39.77075,0.0
2022-01-16 13:09:27.001618,40.32797,40.69925,0.0
2022-01-16 13:09:27.505975,40.12128,40.4925,0.0
2022-01-16 13:09:28.004320,40.17326,40.235,0.0
2022-01-16 13:09:28.507350,40.22525,39.66675,0.0
2022-01-16 13:09:29.005415,39.96657,40.95675,0.0
2022-01-16 13:09:29.509269,39.34772,40.5445,0.0
2022-01-16 13:09:30.008412,39.91582,39.97625,0.0
2022-01-16 13:09:30.503994,39.29697,39.8735,0.0
2022-01-16 13:09:31.001143,40.6374,40.5445,0.0
2022-01-16 13:09:31.507203,40.94682,40.75,0.0
2022-01-16 13:09:32.005713,40.22525,40.08025,0.0
2022-01-16 13:09:32.510326,39.91582,39.97625,0.0
2022-01-16 13:09:33.008473,39.76111,40.802,0.0
2022-01-16 13:09:33.502120,40.79211,40.235,0.0
2022-01-16 13:09:34.001772,40.53467,40.08025,0.0
2022-01-16 13:09:34.508852,40.07053,40.69925,0.0
2022-01-16 13:09:35.007728,39.6064,40.69925,0.0
2022-01-16 13:09:35.501467,40.12128,40.131,0.0
2022-01-16 13:09:36.010206,39.70912,39.8215,0.0
2022-01-16 13:09:36.504442,39.81185,41.26625,0.0
2022-01-16 13:09:37.001563,40.99881,40.69925,0.0
2022-01-16 13:09:37.506748,40.4307,39.8735,0.0
2022-01-16 13:09:38.005286,39.86384,40.08025,0.0
2022-01-16 13:09:38.510363,39.76111,41.52375,0.0
2022-01-16 13:09:39.009512,40.17326,40.802,0.0
2022-01-16 13:09:39.504493,39.45168,39.46125,0.0
2022-01-16 13:09:40.001935,41.10154,39.512,0.0
2022-01-16 13:09:40.506960,40.53467,40.90475,0.0
2022-01-16 13:09:41.004273,40.4307,40.5445,0.0
2022-01-16 13:09:41.509131,40.07053,39.9255,0.0
2022-01-16 13:09:42.008051,39.50243,40.802,0.0
2022-01-16 13:09:42.502187,40.48269,40.183,0.0
2022-01-16 13:09:43.001619,39.96657,39.616,0.0
2022-01-16 13:09:43.508497,39.76111,40.59525,0.0
2022-01-16 13:09:44.005621,39.96657,40.64725,0.0
2022-01-16 13:09:44.510082,40.4307,39.97625,0.0
2022-01-16 13:09:45.009377,40.07053,39.8735,0.0
2022-01-16 13:09:45.504046,40.53467,40.90475,0.0
2022-01-16 13:09:46.002360,39.65714,40.854,0.0
2022-01-16 13:09:46.508452,39.86384,40.08025,0.0
2022-01-16 13:09:47.005956,39.6064,39.71875,0.0
2022-01-16 13:09:47.502301,39.65714,40.802,0.0
2022-01-16 13:09:48.010217,41.15352,40.69925,0.0
2022-01-16 13:09:48.504981,40.74013,39.71875,0.0
2022-01-16 13:09:49.002509,40.22525,39.8215,0.0
2022-01-16 13:09:49.508216,39.96657,40.69925,0.0
2022-01-16 13:09:50.006361,39.91582,40.4405,0.0
2022-01-16 13:09:50.510452,40.01855,39.66675,0.0
2022-01-16 13:09:51.008387,40.53467,41.26625,0.0
2022-01-16 13:09:51.504128,39.81185,40.90475,0.0
2022-01-16 13:09:52.003391,40.01855,40.02825,0.0
2022-01-16 13:09:52.509114,39.81185,39.564,0.0
2022-01-16 13:09:53.006425,39.29697,40.69925,0.0
2022-01-16 13:09:53.501129,40.58542,40.854,0.0
2022-01-16 13:09:54.009809,40.6374,39.97625,0.0
2022-01-16 13:09:54.503522,40.01855,39.71875,0.0
2022-01-16 13:09:55.002239,39.50243,41.31825,0.0
2022-01-16 13:09:55.505506,40.37996,40.59525,0.0
2022-01-16 13:09:56.004603,39.55441,39.616,0.0
2022-01-16 13:09:56.501371,39.86384,39.9255,0.0
2022-01-16 13:09:57.008890,40.27599,40.235,0.0
2022-01-16 13:09:57.504550,40.74013,40.235,0.0
2022-01-16 13:09:58.001597,40.68938,39.9255,0.0
2022-01-16 13:09:58.508852,40.22525,40.5445,0.0
2022-01-16 13:09:59.007338,39.91582,40.33775,0.0
2022-01-16 13:09:59.501521,40.12128,40.131,0.0
2022-01-16 13:10:00.009231,40.27599,41.1115,0.0
2022-01-16 13:10:00.504689,40.58542,40.64725,0.0
2022-01-16 13:10:01.002109,40.01855,40.08025,0.0
2022-01-16 13:10:01.508130,40.32797,39.564,0.0
2022-01-16 13:10:02.005531,39.6064,40.5445,0.0
2022-01-16 13:10:02.510402,38.88358,40.235,0.0
2022-01-16 13:10:03.008156,40.22525,39.97625,0.0
2022-01-16 13:10:03.501945,39.96657,40.08025,0.0
2022-01-16 13:10:04.010260,40.4307,41.0595,0.0
2022-01-16 13:10:04.508032,39.65714,40.802,0.0
2022-01-16 13:10:05.006941,40.6374,39.8215,0.0
2022-01-16 13:10:05.503664,40.48269,39.66675,0.0
2022-01-16 13:10:06.001562,40.4307,40.90475,0.0
2022-01-16 13:10:06.508682,40.17326,40.4405,0.0
2022-01-16 13:10:07.006326,40.01855,39.35725,0.0
2022-01-16 13:10:07.501188,40.27599,40.02825,0.0
2022-01-16 13:10:08.009698,40.37996,41.26625,0.0
2022-01-16 13:10:08.504695,40.32797,40.38975,0.0
2022-01-16 13:10:09.002913,39.50243,39.40925,0.0
2022-01-16 13:10:09.506861,39.45168,41.21425,0.0
2022-01-16 13:10:10.003992,39.55441,41.21425,0.0
2022-01-16 13:10:10.509408,40.8441,40.08025,0.0
2022-01-16 13:10:11.008123,40.32797,38.945,0.0
2022-01-16 13:10:11.502729,40.32797,40.4925,0.0
2022-01-16 13:10:12.001103,39.86384,41.0595,0.0
2022-01-16 13:10:12.508546,39.91582,39.8735,0.0
2022-01-16 13:10:13.007400,39.6064,39.3065,0.0
2022-01-16 13:10:13.504070,39.81185,40.69925,0.0
2022-01-16 13:10:14.002973,40.74013,40.33775,0.0
2022-01-16 13:10:14.508757,40.17326,39.97625,0.0
2022-01-16 13:10:15.005558,39.96657,40.5445,0.0
2022-01-16 13:10:15.510653,40.22525,40.33775,0.0
2022-01-16 13:10:16.008962,40.17326,39.9255,0.0
2022-01-16 13:10:16.504226,40.12128,40.4925,0.0
2022-01-16 13:10:17.001164,40.07053,40.5445,0.0
2022-01-16 13:10:17.506479,39.55441,39.9255,0.0
2022-01-16 13:10:18.006558,39.96657,40.08025,0.0
2022-01-16 13:10:18.503551,39.03829,40.4405,0.0
2022-01-16 13:10:19.011301,39.50243,40.802,0.0
2022-01-16 13:10:19.505340,40.74013,40.33775,0.0
2022-01-16 13:10:20.004251,40.01855,40.02825,0.0
2022-01-16 13:10:20.501684,40.32797,40.235,0.0
2022-01-16 13:10:21.010374,39.86384,40.5445,0.0
2022-01-16 13:10:21.505564,40.17326,40.183,0.0
2022-01-16 13:10:22.003477,39.14226,39.9255,0.0
2022-01-16 13:10:22.510305,40.22525,41.1115,0.0
2022-01-16 13:10:23.009433,40.48269,40.69925,0.0
2022-01-16 13:10:23.504145,40.89484,39.8215,0.0
2022-01-16 13:10:24.002025,40.68938,39.71875,0.0
2022-01-16 13:10:24.506760,39.91582,40.75,0.0
2022-01-16 13:10:25.004619,39.76111,40.4405,0.0
2022-01-16 13:10:25.509527,40.68938,39.40925,0.0
2022-01-16 13:10:26.008340,40.12128,40.38975,0.0
2022-01-16 13:10:26.503162,40.01855,40.802,0.0
2022-01-16 13:10:27.001644,39.81185,39.8215,0.0
2022-01-16 13:10:27.507927,40.32797,39.9255,0.0
2022-01-16 13:10:28.005512,39.65714,41.31825,0.0
2022-01-16 13:10:28.510281,38.93556,40.802,0.0
2022-01-16 13:10:29.009199,40.07053,39.77075,0.0
2022-01-16 13:10:29.503437,39.91582,39.564,0.0
2022-01-16 13:10:30.009821,40.22525,40.854,0.0
2022-01-16 13:10:30.505568,40.4307,40.33775,0.0
2022-01-16 13:10:31.004049,40.37996,39.77075,0.0
2022-01-16 13:10:31.501736,40.22525,39.97625,0.0
2022-01-16 13:10:32.010680,40.94682,41.00875,0.0
2022-01-16 13:10:32.504637,40.68938,40.4405,0.0
2022-01-16 13:10:33.002347,40.32797,39.8215,0.0
2022-01-16 13:10:33.507423,41.15352,40.75,0.0
2022-01-16 13:10:34.005715,40.22525,40.4925,0.0
2022-01-16 13:10:34.503369,40.6374,39.8215,0.0
2022-01-16 13:10:35.002430,40.17326,39.8215,0.0
2022-01-16 13:10:35.507372,39.76111,40.59525,0.0
2022-01-16 13:10:36.006297,39.6064,40.235,0.0
2022-01-16 13:10:37.005218,40.22525,41.0595,0.0
2022-01-16 13:10:37.510220,39.81185,40.64725,0.0
2022-01-16 13:10:38.008320,40.17326,39.97625,0.0
2022-01-16 13:10:38.502902,40.12128,39.8215,0.0
2022-01-16 13:10:39.010999,39.96657,41.0595,0.0
2022-01-16 13:10:39.506905,39.91582,40.33775,0.0
2022-01-16 13:10:40.005342,40.94682,39.512,0.0
2022-01-16 13:10:40.501523,40.37996,39.66675,0.0
2022-01-16 13:10:41.010151,40.48269,41.473,0.0
2022-01-16 13:10:41.503704,39.91582,40.802,0.0
2022-01-16 13:10:42.001637,40.4307,39.66675,0.0
2022-01-16 13:10:42.506764,40.48269,39.8215,0.0
2022-01-16 13:10:43.005148,40.4307,40.95675,0.0
2022-01-16 13:10:43.501194,39.86384,40.64725,0.0
2022-01-16 13:10:44.008904,40.17326,39.8215,0.0
2022-01-16 13:10:44.502974,39.29697,39.66675,0.0
2022-01-16 13:10:45.002337,39.50243,40.131,0.0
2022-01-16 13:10:45.507485,40.12128,40.131,0.0
2022-01-16 13:10:46.005847,40.12128,40.802,0.0
2022-01-16 13:10:46.510527,40.32797,40.95675,0.0
2022-01-16 13:10:47.009185,39.6064,40.38975,0.0
2022-01-16 13:10:47.504085,40.32797,40.02825,0.0
2022-01-16 13:10:48.002852,39.91582,40.90475,0.0
2022-01-16 13:10:48.502155,40.32797,40.64725,0.0
2022-01-16 13:10:49.010056,40.17326,39.97625,0.0
2022-01-16 13:10:49.505582,40.6374,39.2025,0.0
2022-01-16 13:10:50.002683,40.27599,40.4925,0.0
2022-01-16 13:10:50.507667,39.91582,40.802,0.0
2022-01-16 13:10:51.006397,40.58542,40.38975,0.0
2022-01-16 13:10:51.510882,39.81185,40.33775,0.0
2022-01-16 13:10:52.010470,40.17326,40.38975,0.0
2022-01-16 13:10:52.504608,39.96657,40.28575,0.0
2022-01-16 13:10:53.001939,40.01855,39.71875,0.0
2022-01-16 13:10:53.506690,40.32797,40.131,0.0
2022-01-16 13:10:54.005600,40.37996,40.4405,0.0
2022-01-16 13:10:54.510220,39.70912,40.08025,0.0
2022-01-16 13:10:55.008965,40.58542,40.183,0.0
2022-01-16 13:10:55.504790,39.91582,41.1635,0.0
2022-01-16 13:10:56.002735,38.83283,40.75,0.0
2022-01-16 13:10:56.507859,40.27599,39.8735,0.0
2022-01-16 13:10:57.006105,40.79211,39.8735,0.0
2022-01-16 13:10:57.501673,40.32797,41.0595,0.0
2022-01-16 13:10:58.010329,39.86384,40.5445,0.0
2022-01-16 13:10:58.508301,40.32797,39.35725,0.0
2022-01-16 13:10:59.006104,40.12128,40.08025,0.0
2022-01-16 13:10:59.501677,40.12128,40.95675,0.0
2022-01-16 13:11:00.009685,39.76111,40.802,0.0
2022-01-16 13:11:00.502535,40.74013,39.8735,0.0
2022-01-16 13:11:01.001520,40.4307,39.8215,0.0
2022-01-16 13:11:01.508281,39.81185,40.183,0.0
2022-01-16 13:11:02.005741,39.45168,40.08025,0.0
2022-01-16 13:11:02.502147,39.55441,39.8215,0.0
2022-01-16 13:11:03.009892,40.8441,40.59525,0.0
2022-01-16 13:11:03.503472,40.53467,40.08025,0.0
2022-01-16 13:11:04.001690,40.58542,39.8735,0.0
2022-01-16 13:11:04.507612,40.01855,41.1635,0.0
2022-01-16 13:11:05.004911,39.45168,40.69925,0.0
2022-01-16 13:11:06.004315,40.37996,39.2025,0.0
2022-01-16 13:11:06.508915,41.20427,40.02825,0.0
2022-01-16 13:11:07.006214,40.48269,40.95675,0.0
2022-01-16 13:11:07.504226,40.32797,40.28575,0.0
2022-01-16 13:11:08.002787,40.48269,39.77075,0.0
2022-01-16 13:11:08.508111,40.07053,40.235,0.0
2022-01-16 13:11:09.006239,40.22525,41.00875,0.0
2022-01-16 13:11:10.004158,39.96657,40.02825,0.0
2022-01-16 13:11:10.509397,40.32797,40.802,0.0
2022-01-16 13:11:11.006856,39.65714,40.28575,0.0
2022-01-16 13:11:11.501734,39.34772,39.77075,0.0
2022-01-16 13:11:12.010616,40.01855,40.4925,0.0
2022-01-16 13:11:12.505053,39.96657,40.802,0.0
2022-01-16 13:11:13.001334,40.01855,40.131,0.0
2022-01-16 13:11:13.506421,40.6374,39.8215,0.0
2022-01-16 13:11:14.004467,40.53467,41.369,0.0
2022-01-16 13:11:14.510251,39.65714,40.802,0.0
2022-01-16 13:11:15.009508,40.12128,39.616,0.0
2022-01-16 13:11:15.504726,40.07053,39.40925,0.0
2022-01-16 13:11:16.002923,40.37996,40.4405,0.0
2022-01-16 13:11:16.509882,40.12128,40.28575,0.0
2022-01-16 13:11:17.009604,40.37996,39.71875,0.0
2022-01-16 13:11:17.505221,39.76111,40.75,0.0
2022-01-16 13:11:18.002602,40.22525,40.59525,0.0
2022-01-16 13:11:18.509322,39.193,39.77075,0.0
2022-01-16 13:11:19.006279,40.4307,40.28575,0.0
2022-01-16 13:11:19.510793,40.01855,40.75,0.0
2022-01-16 13:11:20.000707,39.76111,40.64725,0.0
2022-01-16 13:11:20.504972,40.58542,39.66675,0.0
2022-01-16 13:11:21.002631,39.96657,40.4405,0.0
2022-01-16 13:11:21.509593,39.76111,41.1115,0.0
2022-01-16 13:11:22.009802,39.29697,40.33775,0.0
2022-01-16 13:11:22.504573,40.53467,40.131,0.0
2022-01-16 13:11:23.002211,40.22525,39.66675,0.0
2022-01-16 13:11:23.507031,40.48269,41.0595,0.0
2022-01-16 13:11:24.004770,39.81185,40.4925,0.0
2022-01-16 13:11:24.509811,40.68938,39.9255,0.0
2022-01-16 13:11:25.007984,40.37996,39.71875,0.0
2022-01-16 13:11:25.502710,40.4307,40.854,0.0
2022-01-16 13:11:26.504926,40.68938,39.8735,0.0
2022-01-16 13:11:27.002684,40.01855,40.64725,22.65864
2022-01-16 13:11:27.508734,39.76111,40.4405,22.65864
2022-01-16 13:11:28.005544,39.6064,39.8215,63.46135
2022-01-16 13:11:28.510937,39.03829,40.75,63.46135
2022-01-16 13:11:29.008768,40.8441,40.69925,90.87208
2022-01-16 13:11:29.504145,40.6374,40.08025,90.87208
2022-01-16 13:11:30.002150,40.8441,39.9255,88.94843
2022-01-16 13:11:30.508207,40.12128,41.1115,88.94843
2022-01-16 13:11:31.005095,39.50243,40.75,89.18406
2022-01-16 13:11:31.510047,39.29697,39.616,89.18406
2022-01-16 13:11:32.008195,40.58542,39.46125,50.10895
2022-01-16 13:11:32.501686,40.48269,41.1635,50.10895
2022-01-16 13:11:33.009700,40.01855,40.90475,-0.07822
2022-01-16 13:11:33.502830,40.53467,39.46125,-0.07822
2022-01-16 13:11:34.011100,40.48269,39.564,0.0
2022-01-16 13:11:34.504514,39.91582,41.473,0.0
2022-01-16 13:11:35.001882,39.96657,40.5445,0.0
2022-01-16 13:11:35.505911,40.68938,40.08025,0.0
2022-01-16 13:11:36.005283,40.32797,39.66675,0.0
2022-01-16 13:11:37.004691,39.55441,40.4405,0.0
2022-01-16 13:11:37.509019,40.27599,40.5445,0.0
2022-01-16 13:11:38.007277,39.65714,40.4925,0.0
2022-01-16 13:11:38.502960,39.65714,40.5445,0.0
2022-01-16 13:11:39.001173,39.3997,40.08025,0.0
2022-01-16 13:11:39.507645,39.96657,40.802,0.0
2022-01-16 13:11:40.005228,40.32797,40.4405,0.0
2022-01-16 13:11:40.510230,40.53467,40.08025,0.0
2022-01-16 13:11:41.009102,40.32797,40.131,0.0
2022-01-16 13:11:41.504943,39.81185,40.4925,0.0
2022-01-16 13:11:42.002992,40.53467,40.38975,0.0
2022-01-16 13:11:42.508113,40.22525,39.97625,0.0
2022-01-16 13:11:43.006925,40.8441,40.4925,0.0
2022-01-16 13:11:43.501442,40.32797,40.802,0.0
2022-01-16 13:11:44.010800,39.91582,40.38975,0.0
2022-01-16 13:11:44.505596,39.81185,39.66675,0.0
2022-01-16 13:11:45.004322,39.55441,40.4405,0.0
2022-01-16 13:11:45.501650,39.81185,40.802,0.0
2022-01-16 13:11:46.010995,39.55441,40.131,0.0
2022-01-16 13:11:46.507181,41.04955,39.8215,0.0
2022-01-16 13:11:47.005123,40.32797,41.31825,0.0
2022-01-16 13:11:47.510201,40.27599,40.90475,0.0
2022-01-16 13:11:48.009189,39.3997,40.131,0.0
2022-01-16 13:11:48.503221,40.37996,39.616,0.0
2022-01-16 13:11:49.010600,40.32797,41.0595,0.0
2022-01-16 13:11:49.506826,40.07053,40.69925,0.0
2022-01-16 13:11:50.006162,40.6374,39.616,0.0
2022-01-16 13:11:50.510800,40.53467,39.97625,0.0
2022-01-16 13:11:51.008637,40.17326,40.802,0.0
2022-01-16 13:11:51.503237,40.37996,40.235,0.0
2022-01-16 13:11:52.002513,40.32797,39.9255,0.0
2022-01-16 13:11:52.506793,39.96657,41.1115,0.0
2022-01-16 13:11:53.004644,39.76111,40.4405,0.0
2022-01-16 13:11:53.508759,39.45168,39.71875,0.0
2022-01-16 13:11:54.005496,39.91582,39.8735,0.0
2022-01-16 13:11:54.502051,39.03829,40.90475,0.0
2022-01-16 13:11:55.010395,40.4307,40.33775,0.0
2022-01-16 13:11:55.504814,40.27599,39.97625,0.0
2022-01-16 13:11:56.001586,40.27599,40.802,0.0
2022-01-16 13:11:56.506460,40.01855,40.59525,0.0
2022-01-16 13:11:57.005352,39.6064,40.33775,0.0
2022-01-16 13:11:57.511098,40.68938,39.512,0.0
2022-01-16 13:11:58.009259,40.22525,40.38975,0.0
2022-01-16 13:11:58.504252,40.48269,40.69925,0.0
2022-01-16 13:11:59.003615,39.96657,40.02825,0.0
2022-01-16 13:11:59.507813,40.68938,39.97625,0.0
2022-01-16 13:12:00.005564,39.76111,41.421,0.0
2022-01-16 13:12:00.501148,39.86384,40.802,0.0
2022-01-16 13:12:01.009133,39.86384,40.131,0.0
2022-01-16 13:12:01.504325,40.48269,39.9255,0.0
2022-01-16 13:12:02.002427,39.86384,41.21425,0.0
2022-01-16 13:12:02.509249,40.01855,40.4925,0.0
2022-01-16 13:12:03.006457,40.12128,39.616,0.0
2022-01-16 13:12:03.510733,39.81185,39.564,0.0
2022-01-16 13:12:04.009585,40.01855,40.64725,0.0
2022-01-16 13:12:04.504608,39.65714,40.75,0.0
2022-01-16 13:12:05.002888,39.81185,39.512,0.0
2022-01-16 13:12:05.509211,39.09027,41.0595,0.0
2022-01-16 13:12:06.006129,39.70912,40.59525,0.0
2022-01-16 13:12:06.501616,40.58542,39.9255,0.0
2022-01-16 13:12:07.009552,40.6374,40.131,0.0
2022-01-16 13:12:07.506948,40.27599,40.90475,0.0
2022-01-16 13:12:08.005088,40.17326,40.235,0.0
2022-01-16 13:12:08.510103,40.32797,39.8735,0.0
2022-01-16 13:12:09.008172,40.6374,41.1115,0.0
2022-01-16 13:12:09.501860,39.50243,41.21425,0.0
2022-01-16 13:12:10.008920,39.96657,39.8735,0.0
2022-01-16 13:12:10.504441,39.65714,39.512,0.0
2022-01-16 13:12:11.001868,39.50243,40.131,0.0
2022-01-16 13:12:11.507390,39.65714,40.4925,0.0
2022-01-16 13:12:12.006180,40.6374,39.9255,0.0
2022-01-16 13:12:12.511104,40.37996,40.235,0.0
2022-01-16 13:12:13.008610,40.07053,40.69925,0.0
2022-01-16 13:12:13.502389,40.01855,40.4405,0.0
2022-01-16 13:12:14.001649,39.3997,40.64725,0.0
2022-01-16 13:12:14.506735,40.48269,40.59525,0.0
2022-01-16 13:12:15.004671,40.48269,40.33775,0.0
2022-01-16 13:12:15.509717,40.32797,40.02825,0.0
2022-01-16 13:12:16.007489,40.17326,39.8735,0.0
2022-01-16 13:12:16.502634,40.12128,40.802,0.0
2022-01-16 13:12:17.001418,40.22525,40.5445,0.0
2022-01-16 13:12:17.506563,40.32797,39.8215,0.0
2022-01-16 13:12:18.005752,40.6374,40.235,0.0
2022-01-16 13:12:18.511127,39.91582,41.1635,0.0
2022-01-16 13:12:19.009943,39.96657,40.5445,0.0
2022-01-16 13:12:19.503580,39.29697,39.77075,0.0
2022-01-16 13:12:20.001365,40.17326,39.97625,0.0
2022-01-16 13:12:20.508270,40.01855,40.59525,0.0
2022-01-16 13:12:21.005893,40.32797,40.183,0.0
2022-01-16 13:12:21.501629,40.53467,39.40925,0.0
2022-01-16 13:12:22.009407,40.01855,41.21425,0.0
2022-01-16 13:12:22.503540,39.86384,41.369,0.0
2022-01-16 13:12:23.001629,39.3997,39.8735,0.0
2022-01-16 13:12:23.505263,40.89484,38.997,0.0
2022-01-16 13:12:24.002611,40.17326,40.854,0.0
2022-01-16 13:12:24.508078,40.27599,40.59525,0.0
2022-01-16 13:12:25.006292,39.91582,39.616,0.0
2022-01-16 13:12:25.503491,40.4307,39.616,0.0
2022-01-16 13:12:26.001416,40.4307,40.38975,0.0
2022-01-16 13:12:26.506387,40.6374,40.28575,0.0
2022-01-16 13:12:27.005738,39.96657,39.97625,0.0
2022-01-16 13:12:27.501178,40.27599,40.854,0.0
2022-01-16 13:12:28.009879,39.65714,40.4405,0.0
2022-01-16 13:12:28.504114,39.81185,40.131,0.0
2022-01-16 13:12:29.002703,40.27599,40.28575,0.0
2022-01-16 13:12:29.508342,40.27599,40.38975,0.0
2022-01-16 13:12:30.005701,40.68938,40.131,0.0
2022-01-16 13:12:30.510476,39.91582,40.33775,0.0
2022-01-16 13:12:31.008789,40.01855,40.28575,0.0
2022-01-16 13:12:31.503454,39.24499,40.28575,0.0
2022-01-16 13:12:32.001510,40.4307,40.183,0.0
2022-01-16 13:12:32.508033,40.4307,40.183,0.0
2022-01-16 13:12:33.005959,40.27599,40.802,0.0
2022-01-16 13:12:33.501124,40.37996,40.4925,0.0
2022-01-16 13:12:34.010340,40.22525,39.77075,0.0
2022-01-16 13:12:34.504918,39.76111,39.66675,0.0
2022-01-16 13:12:35.003844,40.12128,41.1635,0.0
2022-01-16 13:12:35.508989,40.17326,40.75,0.0
2022-01-16 13:12:36.005842,39.76111,39.66675,0.0
2022-01-16 13:12:36.510056,40.01855,39.77075,0.0
2022-01-16 13:12:37.009112,39.34772,41.0595,0.0
2022-01-16 13:12:37.503365,39.14226,40.4925,0.0
2022-01-16 13:12:38.001202,38.88358,39.616,0.0
2022-01-16 13:12:38.508521,40.53467,41.1635,0.0
2022-01-16 13:12:39.006900,40.4307,40.64725,0.0
2022-01-16 13:12:39.502489,40.12128,40.33775,0.0
2022-01-16 13:12:40.011152,39.6064,39.512,0.0
2022-01-16 13:12:40.504439,40.27599,40.802,0.0
2022-01-16 13:12:41.002845,39.76111,40.4925,0.0
2022-01-16 13:12:41.509097,40.17326,39.512,0.0
2022-01-16 13:12:42.006821,40.79211,40.33775,0.0
2022-01-16 13:12:42.503708,40.07053,41.1115,0.0
2022-01-16 13:12:43.004230,39.96657,40.131,0.0
2022-01-16 13:12:43.510396,39.70912,39.9255,0.0
2022-01-16 13:12:44.007849,40.79211,40.5445,0.0
2022-01-16 13:12:44.504077,40.22525,40.33775,0.0
2022-01-16 13:12:45.001786,40.37996,39.97625,0.0
2022-01-16 13:12:45.507744,39.91582,40.02825,0.0
2022-01-16 13:12:46.005596,40.22525,40.802,0.0
2022-01-16 13:12:46.511094,39.76111,40.28575,0.0
2022-01-16 13:12:47.009175,40.22525,40.08025,0.0
2022-01-16 13:12:47.504876,40.12128,40.802,0.0
2022-01-16 13:12:48.001696,39.34772,40.64725,0.0
2022-01-16 13:12:48.509006,40.4307,39.9255,0.0
2022-01-16 13:12:49.007436,40.17326,39.66675,0.0
2022-01-16 13:12:49.502415,40.68938,40.802,0.0
2022-01-16 13:12:50.001625,40.53467,40.64725,0.0
2022-01-16 13:12:50.507369,40.68938,39.616,0.0
2022-01-16 13:12:51.004205,39.91582,40.33775,0.0
2022-01-16 13:12:51.501121,40.74013,41.26625,0.0
2022-01-16 13:12:52.008411,40.27599,40.90475,0.0
2022-01-16 13:12:52.502235,39.96657,39.66675,0.0
2022-01-16 13:12:53.001074,39.91582,39.46125,0.0
2022-01-16 13:12:53.507615,39.45168,41.00875,0.0
2022-01-16 13:12:54.005804,39.24499,39.97625,0.0
2022-01-16 13:12:54.501983,38.88358,39.40925,0.0
2022-01-16 13:12:55.010280,40.07053,40.854,0.0
2022-01-16 13:12:55.504904,40.58542,41.1635,0.0
2022-01-16 13:12:56.002885,40.22525,40.38975,0.0
2022-01-16 13:12:56.508490,39.50243,40.02825,0.0
2022-01-16 13:12:57.005682,39.76111,40.69925,0.0
2022-01-16 13:12:57.501230,39.29697,40.802,0.0
2022-01-16 13:12:58.009764,40.53467,39.66675,0.0
2022-01-16 13:12:58.504589,40.58542,39.616,0.0
2022-01-16 13:12:59.001677,40.32797,40.59525,0.0
2022-01-16 13:12:59.507555,39.91582,40.183,0.0
2022-01-16 13:13:00.006666,39.91582,40.28575,0.0
2022-01-16 13:13:00.510349,40.94682,41.52375,0.0
2022-01-16 13:13:01.008113,40.17326,40.28575,0.0
2022-01-16 13:13:01.502219,40.12128,39.71875,0.0
2022-01-16 13:13:02.010950,39.65714,39.616,0.0
2022-01-16 13:13:02.507539,39.76111,40.59525,0.0
2022-01-16 13:13:03.005734,39.65714,40.28575,0.0
2022-01-16 13:13:03.501813,40.27599,39.71875,0.0
2022-01-16 13:13:04.002613,40.53467,40.183,0.0
2022-01-16 13:13:04.507694,40.07053,40.90475,0.0
2022-01-16 13:13:05.005933,39.70912,40.59525,0.0
2022-01-16 13:13:05.510309,39.55441,40.08025,0.0
2022-01-16 13:13:06.008572,39.45168,40.4405,0.0
2022-01-16 13:13:06.503763,39.6064,40.59525,0.0
2022-01-16 13:13:07.002469,40.01855,40.33775,0.0
2022-01-16 13:13:07.507520,39.86384,39.564,0.0
2022-01-16 13:13:08.005627,40.8441,40.4925,0.0
2022-01-16 13:13:08.501551,40.4307,40.69925,0.0
2022-01-16 13:13:09.009836,40.6374,40.08025,0.0
2022-01-16 13:13:09.505024,39.81185,40.183,0.0
2022-01-16 13:13:10.003533,40.37996,41.21425,0.0
2022-01-16 13:13:10.509173,39.91582,40.28575,0.0
2022-01-16 13:13:11.006627,39.6064,39.564,0.0
2022-01-16 13:13:11.501736,39.96657,39.8735,0.0
2022-01-16 13:13:12.010264,39.91582,41.1115,0.0
2022-01-16 13:13:12.505121,40.01855,39.9255,0.0
2022-01-16 13:13:13.004676,39.45168,39.8215,0.0
2022-01-16 13:13:13.510121,40.07053,41.421,0.0
2022-01-16 13:13:14.007592,39.91582,40.64725,0.0
2022-01-16 13:13:14.502993,39.34772,39.8215,0.0
2022-01-16 13:13:15.010891,39.86384,40.4405,0.0
2022-01-16 13:13:15.505183,40.53467,40.90475,0.0
2022-01-16 13:13:16.004139,40.07053,39.8735,0.0
2022-01-16 13:13:16.508558,40.4307,39.512,0.0
2022-01-16 13:13:17.005364,40.6374,40.854,0.0
2022-01-16 13:13:17.502778,39.91582,40.69925,0.0
2022-01-16 13:13:18.010375,40.01855,39.71875,0.0
2022-01-16 13:13:18.507971,39.86384,39.66675,0.0
2022-01-16 13:13:19.004690,40.6374,41.00875,0.0
2022-01-16 13:13:19.508949,40.07053,40.69925,0.0
2022-01-16 13:13:20.006010,39.76111,39.564,0.0
2022-01-16 13:13:20.510617,39.24499,40.4405,0.0
2022-01-16 13:13:21.009040,39.6064,41.0595,0.0
2022-01-16 13:13:21.505117,40.27599,40.235,0.0
2022-01-16 13:13:22.002056,40.37996,39.564,0.0
2022-01-16 13:13:22.507849,40.07053,39.8735,0.0
2022-01-16 13:13:23.006769,40.07053,40.59525,0.0
2022-01-16 13:13:23.503195,39.50243,40.38975,0.0
2022-01-16 13:13:24.010193,39.91582,39.9255,0.0
2022-01-16 13:13:24.506342,40.94682,41.26625,0.0
2022-01-16 13:13:25.005308,40.48269,40.235,0.0
2022-01-16 13:13:25.510178,40.17326,39.512,0.0
2022-01-16 13:13:26.007757,39.50243,40.235,0.0
2022-01-16 13:13:26.504685,40.79211,41.1115,0.0
2022-01-16 13:13:27.002396,40.37996,41.1115,0.0
2022-01-16 13:13:27.506956,40.37996,39.46125,0.0
2022-01-16 13:13:28.004178,39.81185,39.09975,0.0
2022-01-16 13:13:28.508369,40.58542,40.75,0.0
2022-01-16 13:13:29.005203,39.86384,40.183,0.0
2022-01-16 13:13:29.510357,40.12128,39.46125,0.0
2022-01-16 13:13:30.008442,39.55441,40.95675,0.0
2022-01-16 13:13:30.503367,39.193,41.0595,0.0
2022-01-16 13:13:31.011128,39.96657,40.183,0.0
2022-01-16 13:13:31.505941,40.12128,39.564,0.0
2022-01-16 13:13:32.003516,40.6374,40.28575,0.0
2022-01-16 13:13:32.508257,40.27599,40.33775,0.0
2022-01-16 13:13:33.006066,39.65714,40.59525,0.0
2022-01-16 13:13:33.510179,40.32797,40.4925,0.0
2022-01-16 13:13:34.007288,40.22525,40.28575,0.0
2022-01-16 13:13:34.503338,40.17326,40.235,0.0
2022-01-16 13:13:35.003244,40.6374,40.64725,0.0
2022-01-16 13:13:35.509300,40.53467,40.28575,0.0
2022-01-16 13:13:36.007318,40.27599,39.9255,0.0
2022-01-16 13:13:36.501853,39.91582,39.66675,0.0
2022-01-16 13:13:37.011129,39.14226,40.131,0.0
2022-01-16 13:13:37.506304,40.53467,40.90475,0.0
2022-01-16 13:13:38.003612,39.96657,40.4925,0.0
2022-01-16 13:13:38.507335,40.48269,40.131,0.0
2022-01-16 13:13:39.006296,39.76111,40.69925,0.0
2022-01-16 13:13:39.504761,40.79211,40.854,0.0
2022-01-16 13:13:40.002624,40.12128,40.38975,0.0
2022-01-16 13:13:40.508278,39.14226,39.66675,0.0
2022-01-16 13:13:41.006832,40.74013,40.4405,0.0
2022-01-16 13:13:41.501904,40.74013,40.59525,0.0
2022-01-16 13:13:42.011024,40.22525,39.97625,0.0
2022-01-16 13:13:42.506679,40.01855,40.33775,0.0
2022-01-16 13:13:43.003721,40.12128,41.1635,0.0
2022-01-16 13:13:43.509156,39.91582,40.4405,0.0
2022-01-16 13:13:44.007660,40.58542,39.564,0.0
2022-01-16 13:13:44.502991,40.07053,40.02825,0.0
2022-01-16 13:13:45.001580,40.99881,41.21425,0.0
2022-01-16 13:13:45.508819,40.27599,40.183,0.0
2022-01-16 13:13:46.007615,39.3997,39.40925,0.0
2022-01-16 13:13:46.502846,39.3997,39.97625,0.0
2022-01-16 13:13:47.011113,38.78085,41.473,0.0
2022-01-16 13:13:47.505597,40.74013,40.33775,0.0
2022-01-16 13:13:48.004425,41.04955,39.66675,0.0
2022-01-16 13:13:48.510526,40.74013,40.802,0.0
2022-01-16 13:13:49.008599,39.96657,40.69925,0.0
2022-01-16 13:13:49.502332,39.70912,40.02825,0.0
2022-01-16 13:13:50.010810,40.17326,40.183,0.0
2022-01-16 13:13:50.505916,40.27599,40.183,0.0
2022-01-16 13:13:51.004212,40.8441,40.02825,0.0
2022-01-16 13:13:51.509022,40.79211,40.5445,0.0
2022-01-16 13:13:52.005896,39.86384,40.75,0.0
2022-01-16 13:13:52.511022,40.58542,40.235,0.0
2022-01-16 13:13:53.010489,40.07053,39.9255,0.0
2022-01-16 13:13:53.505434,39.55441,40.5445,0.0
2022-01-16 13:13:54.003749,40.94682,40.4925,0.0
2022-01-16 13:13:54.507828,39.96657,40.59525,0.0
2022-01-16 13:13:55.005354,40.48269,39.71875,0.0
2022-01-16 13:13:55.510472,39.70912,40.02825,0.0
2022-01-16 13:13:56.008257,40.22525,40.90475,0.0
2022-01-16 13:13:56.502788,39.55441,40.75,0.0
2022-01-16 13:13:57.009849,39.50243,39.71875,0.0
2022-01-16 13:13:57.507363,38.88358,40.4925,0.0
2022-01-16 13:13:58.005970,40.27599,40.802,0.0
2022-01-16 13:13:58.501632,40.79211,40.235,0.0
2022-01-16 13:13:59.009119,40.22525,39.8215,0.0
2022-01-16 13:13:59.504260,39.86384,40.95675,0.0
2022-01-16 13:14:00.001969,40.53467,40.5445,0.0
2022-01-16 13:14:00.506752,40.01855,39.46125,0.0
2022-01-16 13:14:01.005789,39.81185,40.5445,0.0
2022-01-16 13:14:01.510831,40.89484,41.00875,0.0
2022-01-16 13:14:02.008924,40.37996,40.235,0.0
2022-01-16 13:14:02.503035,39.65714,39.564,0.0
2022-01-16 13:14:03.001527,39.3997,39.97625,0.0
2022-01-16 13:14:03.505858,39.50243,40.854,0.0
2022-01-16 13:14:04.003033,39.76111,40.28575,0.0
2022-01-16 13:14:04.507888,39.96657,39.564,0.0
2022-01-16 13:14:05.006680,40.79211,41.369,0.0
2022-01-16 13:14:05.501368,40.27599,40.4925,0.0
2022-01-16 13:14:06.001131,40.07053,40.4405,0.0
2022-01-16 13:14:06.509078,39.55441,39.97625,0.0
2022-01-16 13:14:07.006400,39.86384,40.802,0.0
2022-01-16 13:14:07.511088,40.12128,40.38975,0.0
2022-01-16 13:14:08.008660,40.17326,39.9255,0.0
2022-01-16 13:14:08.503276,40.4307,40.4925,0.0
2022-01-16 13:14:09.010490,40.27599,40.854,0.0
2022-01-16 13:14:09.505220,39.96657,39.8735,0.0
2022-01-16 13:14:10.001387,40.6374,39.8735,0.0
2022-01-16 13:14:10.507537,40.48269,40.90475,0.0
2022-01-16 13:14:11.004740,40.8441,40.4925,0.0
2022-01-16 13:14:11.509537,39.81185,39.616,0.0
2022-01-16 13:14:12.007089,39.55441,40.235,0.0
2022-01-16 13:14:12.510952,39.91582,40.95675,0.0
2022-01-16 13:14:13.008908,40.07053,40.235,0.0
2022-01-16 13:14:13.503898,39.55441,39.77075,0.0
2022-01-16 13:14:14.001683,39.193,40.33775,0.0
2022-01-16 13:14:14.507720,40.22525,40.59525,0.0
2022-01-16 13:14:15.006100,40.68938,40.183,0.0
2022-01-16 13:14:15.510677,40.17326,39.616,0.0
2022-01-16 13:14:16.008317,39.81185,40.5445,0.0
2022-01-16 13:14:16.503213,40.32797,40.854,0.0
2022-01-16 13:14:17.011223,40.07053,39.8735,0.0
2022-01-16 13:14:17.506323,40.6374,40.131,0.0
2022-01-16 13:14:18.004639,40.48269,41.473,0.0
2022-01-16 13:14:18.508967,39.96657,41.1115,0.0
2022-01-16 13:14:19.006626,40.22525,39.616,0.0
2022-01-16 13:14:19.501856,39.70912,38.997,0.0
2022-01-16 13:14:20.001126,40.27599,40.64725,0.0
2022-01-16 13:14:20.506585,39.55441,40.4405,0.0
2022-01-16 13:14:21.005600,40.07053,39.71875,0.0
2022-01-16 13:14:21.501674,39.55441,40.4405,0.0
2022-01-16 13:14:22.010758,40.4307,40.4925,0.0
2022-01-16 13:14:22.504611,39.81185,39.8215,0.0
2022-01-16 13:14:23.005426,39.6064,40.33775,0.0
2022-01-16 13:14:23.503081,39.3997,40.69925,0.0
2022-01-16 13:14:24.001792,40.12128,40.4405,0.0
2022-01-16 13:14:24.506163,40.37996,39.8215,0.0
2022-01-16 13:14:25.004792,40.32797,40.38975,0.0
2022-01-16 13:14:25.507225,40.27599,40.38975,0.0
2022-01-16 13:14:26.006010,39.70912,39.97625,0.0
2022-01-16 13:14:26.501500,40.12128,40.28575,0.0
2022-01-16 13:14:27.011237,40.12128,40.38975,0.0
2022-01-16 13:14:27.505729,40.94682,40.235,0.0
2022-01-16 13:14:28.007174,39.91582,40.02825,0.0
2022-01-16 13:14:28.501572,39.50243,40.183,0.0
2022-01-16 13:14:29.010316,39.6064,40.64725,0.0
2022-01-16 13:14:29.508316,39.24499,40.33775,0.0
2022-01-16 13:14:30.006587,39.70912,39.8215,0.0
2022-01-16 13:14:31.005085,40.68938,40.854,0.0
2022-01-16 13:14:31.510298,40.37996,40.131,0.0
2022-01-16 13:14:32.008884,40.32797,39.8735,0.0
2022-01-16 13:14:32.504875,39.55441,40.75,0.0
2022-01-16 13:14:33.003433,39.65714,41.0595,0.0
2022-01-16 13:14:33.507867,39.91582,40.08025,0.0
2022-01-16 13:14:34.005832,40.79211,39.616,0.0
2022-01-16 13:14:34.501201,41.10154,40.28575,0.0
2022-01-16 13:14:35.009476,40.6374,40.75,0.0
2022-01-16 13:14:35.501828,40.32797,40.28575,0.0
2022-01-16 13:14:36.005688,39.86384,40.08025,0.0
2022-01-16 13:14:36.511001,40.37996,40.64725,0.0
2022-01-16 13:14:37.009796,40.53467,40.235,0.0
2022-01-16 13:14:37.505672,39.86384,39.8215,0.0
2022-01-16 13:14:38.002993,39.65714,41.1635,0.0
2022-01-16 13:14:38.508041,40.37996,40.4405,0.0
2022-01-16 13:14:39.006381,39.91582,39.77075,0.0
2022-01-16 13:14:39.503251,39.81185,39.616,0.0
2022-01-16 13:14:40.002633,39.76111,40.90475,0.0
2022-01-16 13:14:40.507383,40.32797,40.5445,0.0
2022-01-16 13:14:41.005080,40.01855,39.71875,0.0
2022-01-16 13:14:41.501194,39.96657,39.09975,0.0
2022-01-16 13:14:42.009045,40.17326,41.1115,0.0
2022-01-16 13:14:42.503297,40.32797,40.75,0.0
2022-01-16 13:14:43.010588,40.12128,40.02825,0.0
2022-01-16 13:14:43.505808,40.4307,39.71875,0.0
2022-01-16 13:14:44.003106,40.48269,40.183,0.0
2022-01-16 13:14:44.509567,39.91582,40.28575,0.0
2022-01-16 13:14:45.008734,40.27599,40.02825,0.0
2022-01-16 13:14:45.503835,39.65714,40.38975,0.0
2022-01-16 13:14:46.003165,39.96657,40.69925,0.0
2022-01-16 13:14:46.507318,39.193,39.8735,0.0
2022-01-16 13:14:47.004090,40.01855,40.33775,0.0
2022-01-16 13:14:47.508995,39.6064,41.0595,0.0
2022-01-16 13:14:48.006854,40.68938,40.235,0.0
2022-01-16 13:14:48.502990,40.32797,39.77075,0.0
2022-01-16 13:14:49.010723,40.12128,40.75,0.0
2022-01-16 13:14:49.507415,39.70912,40.5445,0.0
2022-01-16 13:14:50.005092,39.65714,39.8215,0.0
2022-01-16 13:14:50.502320,40.12128,39.71875,0.0
2022-01-16 13:14:51.010697,39.96657,41.1635,0.0
2022-01-16 13:14:51.505002,40.53467,40.64725,0.0
2022-01-16 13:14:52.002731,40.07053,39.8735,0.0
2022-01-16 13:14:52.507018,40.58542,40.802,0.0
2022-01-16 13:14:53.003504,40.22525,40.75,0.0
2022-01-16 13:14:53.508633,40.17326,40.183,0.0
2022-01-16 13:14:54.007493,40.48269,39.564,0.0
2022-01-16 13:14:54.501821,40.12128,40.59525,0.0
2022-01-16 13:14:55.002477,39.50243,40.854,0.0
2022-01-16 13:14:55.508146,39.81185,39.8215,0.0
2022-01-16 13:14:56.006096,39.3997,40.02825,0.0
2022-01-16 13:14:56.509917,39.65714,41.369,0.0
2022-01-16 13:14:57.008651,40.32797,41.26625,0.0
2022-01-16 13:14:57.504239,39.91582,39.66675,0.0
2022-01-16 13:14:58.002808,39.96657,39.512,0.0
2022-01-16 13:14:58.507708,39.3997,40.33775,0.0
2022-01-16 13:14:59.005280,40.4307,40.69925,0.0
2022-01-16 13:14:59.511101,40.32797,40.131,0.0
2022-01-16 13:15:00.007685,40.17326,39.8215,0.0
2022-01-16 13:15:00.504196,40.53467,40.95675,0.0
2022-01-16 13:15:01.010753,40.07053,40.59525,0.0
2022-01-16 13:15:01.505221,39.91582,39.97625,0.0
2022-01-16 13:15:02.002582,39.81185,40.183,0.0
2022-01-16 13:15:02.507781,40.8441,40.4925,0.0
2022-01-16 13:15:03.005895,40.07053,39.8735,0.0
2022-01-16 13:15:03.510167,40.37996,39.8215,0.0
2022-01-16 13:15:04.009153,39.81185,40.95675,0.0
2022-01-16 13:15:04.505296,40.6374,40.4405,0.0
2022-01-16 13:15:05.004023,40.07053,39.564,0.0
2022-01-16 13:15:05.509746,40.22525,41.21425,0.0
2022-01-16 13:15:06.008316,39.65714,41.21425,0.0
2022-01-16 13:15:06.502438,39.96657,40.854,0.0
2022-01-16 13:15:07.010654,39.76111,39.564,0.0
2022-01-16 13:15:07.505660,40.17326,39.97625,0.0
2022-01-16 13:15:08.002820,40.48269,40.69925,0.0
2022-01-16 13:15:08.508647,40.58542,39.8735,0.0
2022-01-16 13:15:09.004798,40.17326,39.564,0.0
2022-01-16 13:15:09.510906,40.17326,40.95675,0.0
2022-01-16 13:15:10.009861,40.89484,40.75,0.0
2022-01-16 13:15:10.504441,40.27599,39.66675,0.0
2022-01-16 13:15:11.001378,40.32797,40.5445,0.0
2022-01-16 13:15:11.506411,40.07053,40.802,0.0
2022-01-16 13:15:12.005016,39.86384,39.9255,0.0
2022-01-16 13:15:12.509276,39.14226,39.2025,0.0
2022-01-16 13:15:13.006878,40.58542,40.64725,0.0
2022-01-16 13:15:13.504735,40.58542,40.5445,0.0
2022-01-16 13:15:14.003981,40.07053,40.131,0.0
2022-01-16 13:15:14.509233,39.91582,40.28575,0.0
2022-01-16 13:15:15.006945,39.50243,40.5445,0.0
2022-01-16 13:15:15.501197,40.17326,40.183,0.0
2022-01-16 13:15:16.010187,39.91582,39.9255,0.0
2022-01-16 13:15:16.504017,40.01855,40.08025,0.0
2022-01-16 13:15:17.001784,40.07053,40.38975,0.0
2022-01-16 13:15:17.508895,40.32797,40.08025,0.0
2022-01-16 13:15:18.006715,40.12128,40.183,0.0
2022-01-16 13:15:18.501798,40.74013,40.33775,0.0
2022-01-16 13:15:19.011094,40.6374,40.59525,0.0
2022-01-16 13:15:19.505109,40.27599,40.28575,0.0
2022-01-16 13:15:20.003548,40.12128,40.08025,0.0
2022-01-16 13:15:20.506753,39.29697,40.90475,0.0
2022-01-16 13:15:21.005803,40.22525,40.33775,0.0
2022-01-16 13:15:21.501708,39.34772,39.564,0.0
2022-01-16 13:15:22.001809,39.3997,39.77075,0.0
2022-01-16 13:15:22.508099,40.6374,40.854,0.0
2022-01-16 13:15:23.004981,41.10154,40.235,0.0
2022-01-16 13:15:23.510051,40.32797,39.35725,0.0
2022-01-16 13:15:24.007665,39.91582,41.369,0.0
2022-01-16 13:15:24.502162,39.86384,41.369,0.0
2022-01-16 13:15:25.001414,39.70912,40.4925,0.0
2022-01-16 13:15:25.506639,39.34772,39.564,0.0
2022-01-16 13:15:26.005198,39.81185,40.33775,0.0
2022-01-16 13:15:26.503003,40.94682,40.64725,0.0
2022-01-16 13:15:27.002443,40.22525,39.8735,0.0
2022-01-16 13:15:27.506858,40.37996,40.183,0.0
2022-01-16 13:15:28.005076,39.3997,40.59525,0.0
2022-01-16 13:15:28.510100,40.53467,40.131,0.0
2022-01-16 13:15:29.009383,40.37996,40.33775,0.0
2022-01-16 13:15:29.505709,39.91582,40.64725,0.0
2022-01-16 13:15:30.005017,39.65714,40.131,0.0
2022-01-16 13:15:30.509399,40.37996,39.9255,0.0
2022-01-16 13:15:31.008932,39.65714,40.64725,0.0
2022-01-16 13:15:31.506227,39.65714,40.59525,0.0
2022-01-16 13:15:32.004363,40.58542,40.235,0.0
2022-01-16 13:15:32.510869,39.3997,39.66675,0.0
2022-01-16 13:15:33.009345,39.76111,40.5445,0.0
2022-01-16 13:15:33.504102,39.91582,40.95675,0.0
2022-01-16 13:15:34.002392,40.58542,40.33775,0.0
2022-01-16 13:15:34.507403,40.17326,39.3065,0.0
2022-01-16 13:15:35.006401,40.53467,40.95675,0.0
2022-01-16 13:15:35.503109,39.65714,40.69925,0.0
2022-01-16 13:15:36.504716,40.68938,38.997,0.0
2022-01-16 13:15:37.002542,39.91582,40.5445,0.0
2022-01-16 13:15:37.507493,40.4307,40.95675,0.0
2022-01-16 13:15:38.005569,39.76111,39.8735,0.0
2022-01-16 13:15:38.510913,39.34772,40.28575,0.0
2022-01-16 13:15:39.009613,38.88358,40.854,0.0
2022-01-16 13:15:39.505021,40.8441,40.33775,0.0
2022-01-16 13:15:40.002990,40.37996,39.616,0.0
2022-01-16 13:15:40.508606,40.27599,40.4925,0.0
2022-01-16 13:15:41.006359,39.70912,40.64725,0.0
2022-01-16 13:15:41.510607,40.37996,39.77075,0.0
2022-01-16 13:15:42.008789,39.91582,39.8215,0.0
2022-01-16 13:15:42.503266,40.53467,41.26625,0.0
2022-01-16 13:15:43.001531,40.37996,40.5445,0.0
2022-01-16 13:15:43.505474,39.96657,39.9255,0.0
2022-01-16 13:15:44.005382,40.22525,39.8215,0.0
2022-01-16 13:15:44.501183,39.45168,41.1115,0.0
2022-01-16 13:15:45.010488,41.15352,40.131,0.0
2022-01-16 13:15:45.505874,40.4307,39.3065,0.0
2022-01-16 13:15:46.004030,40.58542,40.183,0.0
2022-01-16 13:15:46.509547,39.91582,40.4925,0.0
2022-01-16 13:15:47.006902,40.32797,40.183,0.0
2022-01-16 13:15:47.502597,39.29697,40.38975,0.0
2022-01-16 13:15:48.001023,39.96657,40.90475,0.0
2022-01-16 13:15:48.505589,39.45168,40.4405,0.0
2022-01-16 13:15:49.004631,39.55441,39.66675,0.0
2022-01-16 13:15:49.510535,40.37996,39.77075,0.0
2022-01-16 13:15:50.008693,40.07053,40.28575,0.0
2022-01-16 13:15:50.502024,40.22525,40.235,0.0
2022-01-16 13:15:51.010210,40.12128,39.8215,0.0
2022-01-16 13:15:51.503506,40.4307,40.33775,0.0
2022-01-16 13:15:52.001124,40.01855,40.95675,0.0
2022-01-16 13:15:52.505373,40.58542,40.235,0.0
2022-01-16 13:15:53.002951,39.86384,39.8735,0.0
2022-01-16 13:15:53.509802,40.6374,40.854,0.0
2022-01-16 13:15:54.009870,39.91582,40.59525,0.0
2022-01-16 13:15:54.505097,40.58542,40.08025,0.0
2022-01-16 13:15:55.002324,40.4307,39.3065,0.0
2022-01-16 13:15:55.506122,39.45168,40.38975,0.0
2022-01-16 13:15:56.004868,40.17326,40.5445,0.0
2022-01-16 13:15:56.510280,39.91582,39.77075,0.0
2022-01-16 13:15:57.008472,40.32797,41.31825,0.0
2022-01-16 13:15:57.503806,39.86384,41.369,0.0
2022-01-16 13:15:58.001888,40.4307,40.38975,0.0
2022-01-16 13:15:58.509244,39.55441,39.35725,0.0
2022-01-16 13:15:59.008163,39.24499,39.15175,0.0
2022-01-16 13:15:59.502589,39.29697,41.0595,0.0
2022-01-16 13:16:00.010584,40.4307,39.9255,0.0
2022-01-16 13:16:00.503891,40.53467,39.77075,0.0
2022-01-16 13:16:01.001969,39.6064,40.802,0.0
2022-01-16 13:16:01.508494,40.79211,40.854,0.0
2022-01-16 13:16:02.006292,40.58542,40.08025,0.0
2022-01-16 13:16:02.501194,40.32797,39.77075,0.0
2022-01-16 13:16:03.009435,40.32797,40.33775,0.0
2022-01-16 13:16:03.504765,40.12128,40.59525,0.0
2022-01-16 13:16:04.002470,39.45168,39.9255,0.0
2022-01-16 13:16:04.507019,39.70912,40.38975,0.0
2022-01-16 13:16:05.005074,39.03829,40.33775,0.0
2022-01-16 13:16:05.509401,40.27599,40.5445,0.0
2022-01-16 13:16:06.008239,40.6374,40.64725,0.0
2022-01-16 13:16:06.503748,40.27599,40.5445,0.0
2022-01-16 13:16:07.002153,39.96657,40.4405,0.0
2022-01-16 13:16:07.506533,40.27599,39.9255,0.0
2022-01-16 13:16:08.004821,39.70912,40.33775,0.0
2022-01-16 13:16:08.508408,39.24499,40.64725,0.0
2022-01-16 13:16:09.006747,41.15352,40.02825,0.0
2022-01-16 13:16:09.502085,41.10154,39.77075,0.0
2022-01-16 13:16:10.010350,40.58542,41.1115,0.0
2022-01-16 13:16:10.505831,40.17326,40.64725,0.0
2022-01-16 13:16:11.005023,40.01855,40.08025,0.0
2022-01-16 13:16:11.509435,39.86384,39.9255,0.0
2022-01-16 13:16:12.008313,40.6374,41.1115,0.0
2022-01-16 13:16:12.501770,40.01855,40.28575,0.0
2022-01-16 13:16:13.009488,40.68938,39.2025,0.0
2022-01-16 13:16:13.504333,39.86384,40.64725,0.0
2022-01-16 13:16:14.001822,39.34772,41.1115,0.0
2022-01-16 13:16:14.507375,40.01855,40.131,0.0
2022-01-16 13:16:15.005139,40.12128,39.35725,0.0
2022-01-16 13:16:15.501480,39.76111,40.802,0.0
2022-01-16 13:16:16.008885,39.3997,40.90475,0.0
2022-01-16 13:16:16.503512,40.8441,40.28575,0.0
2022-01-16 13:16:17.001254,40.17326,39.46125,0.0
2022-01-16 13:16:17.506314,40.17326,41.31825,0.0
2022-01-16 13:16:18.004083,39.76111,41.26625,0.0
2022-01-16 13:16:18.509366,40.79211,39.77075,0.0
2022-01-16 13:16:19.007610,40.27599,39.35725,0.0
2022-01-16 13:16:19.502150,40.79211,40.38975,0.0
2022-01-16 13:16:20.001122,40.32797,40.90475,0.0
2022-01-16 13:16:20.505423,40.89484,40.02825,0.0
2022-01-16 13:16:21.004458,39.86384,40.28575,0.0
2022-01-16 13:16:21.509222,39.3997,40.64725,0.0
2022-01-16 13:16:22.008457,39.70912,40.02825,0.0
2022-01-16 13:16:22.502232,39.55441,40.08025,0.0
2022-01-16 13:16:23.010393,39.96657,40.69925,0.0
2022-01-16 13:16:23.504886,40.48269,40.235,0.0
2022-01-16 13:16:24.002857,40.6374,39.77075,0.0
2022-01-16 13:16:24.509152,40.27599,40.59525,0.0
2022-01-16 13:16:25.008013,39.65714,40.854,0.0
2022-01-16 13:16:25.504002,39.14226,40.38975,0.0
2022-01-16 13:16:26.001367,40.22525,39.512,0.0
2022-01-16 13:16:26.506939,40.58542,40.95675,0.0
2022-01-16 13:16:27.004215,40.74013,40.90475,0.0
2022-01-16 13:16:27.509003,40.27599,40.131,0.0
2022-01-16 13:16:28.006456,39.91582,39.40925,0.0
2022-01-16 13:16:28.508610,40.6374,40.4925,0.0
2022-01-16 13:16:29.007115,39.81185,40.59525,0.0
2022-01-16 13:16:29.501761,40.37996,39.8735,0.0
2022-01-16 13:16:30.011217,39.65714,40.235,0.0
2022-01-16 13:16:30.506983,40.01855,40.854,0.0
2022-01-16 13:16:31.005005,40.12128,40.4925,0.0
2022-01-16 13:16:31.509912,39.6064,39.512,0.0
2022-01-16 13:16:32.008571,39.81185,41.1115,0.0
2022-01-16 13:16:32.503233,40.4307,40.33775,0.0
2022-01-16 13:16:33.002890,40.32797,40.02825,0.0
2022-01-16 13:16:33.509714,40.07053,39.8215,0.0
2022-01-16 13:16:34.008038,39.50243,41.421,0.0
2022-01-16 13:16:34.503178,40.4307,40.802,0.0
2022-01-16 13:16:35.001596,40.12128,40.131,0.0
2022-01-16 13:16:35.507899,39.3997,40.854,0.0
2022-01-16 13:16:36.006772,40.17326,40.854,0.0
2022-01-16 13:16:36.511278,40.37996,40.75,0.0
2022-01-16 13:16:37.008746,40.6374,39.512,0.0
2022-01-16 13:16:37.503322,40.07053,38.945,0.0
2022-01-16 13:16:38.003482,39.65714,40.75,0.0
2022-01-16 13:16:38.509069,40.27599,40.235,0.0
2022-01-16 13:16:39.006216,39.70912,39.616,0.0
2022-01-16 13:16:39.501159,40.01855,40.38975,0.0
2022-01-16 13:16:40.010561,40.17326,40.75,0.0
2022-01-16 13:16:40.505093,40.17326,40.08025,0.0
2022-01-16 13:16:41.002851,40.12128,39.8735,0.0
2022-01-16 13:16:41.509441,40.22525,40.69925,0.0
2022-01-16 13:16:42.007225,39.70912,40.4405,0.0
2022-01-16 13:16:42.503104,40.79211,39.8215,0.0
2022-01-16 13:16:43.002270,40.27599,40.38975,0.0
2022-01-16 13:16:43.506581,40.17326,40.90475,0.0
2022-01-16 13:16:44.005634,40.01855,40.33775,0.0
2022-01-16 13:16:44.510689,40.12128,39.9255,0.0
2022-01-16 13:16:45.008346,40.37996,41.00875,0.0
2022-01-16 13:16:45.502509,40.4307,40.69925,0.0
2022-01-16 13:16:46.001319,40.07053,40.183,0.0
2022-01-16 13:16:46.506306,39.76111,39.97625,0.0
2022-01-16 13:16:47.006272,39.86384,40.4925,0.0
2022-01-16 13:16:47.501259,39.70912,40.75,0.0
2022-01-16 13:16:48.009968,40.32797,39.616,0.0
2022-01-16 13:16:48.505066,40.27599,40.33775,0.0
2022-01-16 13:16:49.001862,40.48269,40.95675,0.0
2022-01-16 13:16:49.507309,40.4307,40.183,0.0
2022-01-16 13:16:50.004083,40.4307,39.512,0.0
2022-01-16 13:16:50.509770,39.91582,40.59525,0.0
2022-01-16 13:16:51.007457,39.76111,40.69925,0.0
2022-01-16 13:16:51.502963,39.55441,39.9255,0.0
2022-01-16 13:16:52.002797,39.45168,39.9255,0.0
2022-01-16 13:16:52.507574,40.22525,41.1115,0.0
2022-01-16 13:16:53.005738,40.4307,40.4925,0.0
2022-01-16 13:16:53.510189,40.32797,39.616,0.0
2022-01-16 13:16:54.007473,40.07053,40.75,0.0
2022-01-16 13:16:54.510900,40.07053,40.75,0.0
2022-01-16 13:16:55.008945,40.17326,40.02825,0.0
2022-01-16 13:16:55.505491,40.6374,39.71875,0.0
2022-01-16 13:16:56.004290,40.22525,40.854,0.0
2022-01-16 13:16:56.503515,40.27599,40.90475,0.0
2022-01-16 13:16:57.002323,39.70912,40.08025,0.0
2022-01-16 13:16:57.506493,39.50243,40.33775,0.0
2022-01-16 13:16:58.003408,39.3997,40.5445,0.0
2022-01-16 13:16:58.508010,39.24499,40.4405,0.0
2022-01-16 13:16:59.005210,40.32797,39.66675,0.0
2022-01-16 13:16:59.509998,40.4307,40.38975,0.0
2022-01-16 13:17:00.008468,40.12128,40.854,0.0
2022-01-16 13:17:00.501126,39.91582,40.183,0.0
2022-01-16 13:17:01.008754,40.58542,39.9255,0.0
2022-01-16 13:17:01.502681,40.48269,40.90475,0.0
2022-01-16 13:17:02.002076,40.27599,41.0595,0.0
2022-01-16 13:17:02.508828,39.96657,39.8215,0.0
2022-01-16 13:17:03.005448,40.68938,39.35725,0.0
2022-01-16 13:17:03.509569,40.07053,41.00875,0.0
2022-01-16 13:17:04.006780,39.50243,40.69925,0.0
2022-01-16 13:17:04.502184,40.22525,39.97625,0.0
2022-01-16 13:17:05.001188,39.65714,39.2545,0.0
2022-01-16 13:17:05.506368,39.55441,40.4405,0.0
2022-01-16 13:17:06.004464,39.65714,40.802,0.0
2022-01-16 13:17:06.508414,40.6374,39.564,0.0
2022-01-16 13:17:07.006471,39.96657,40.4925,0.0
2022-01-16 13:17:07.501481,40.07053,40.4925,0.0
2022-01-16 13:17:08.008607,39.29697,39.97625,0.0
2022-01-16 13:17:08.502194,40.27599,40.235,0.0
2022-01-16 13:17:09.001205,40.12128,40.4405,0.0
2022-01-16 13:17:09.508409,40.27599,40.183,0.0
2022-01-16 13:17:10.005633,40.89484,39.97625,0.0
2022-01-16 13:17:10.501689,40.07053,41.0595,0.0
2022-01-16 13:17:11.009927,40.07053,40.59525,0.0
2022-01-16 13:17:11.505468,40.17326,39.8735,0.0
2022-01-16 13:17:12.003777,40.8441,39.564,0.0
2022-01-16 13:17:12.509179,40.53467,40.4925,0.0
2022-01-16 13:17:13.009017,40.12128,40.69925,0.0
2022-01-16 13:17:13.503849,39.86384,40.38975,0.0
2022-01-16 13:17:14.002868,39.50243,39.8215,0.0
2022-01-16 13:17:14.507045,39.14226,40.90475,0.0
2022-01-16 13:17:15.005593,39.86384,40.69925,0.0
2022-01-16 13:17:15.510749,40.89484,39.97625,0.0
2022-01-16 13:17:16.008582,40.17326,40.131,0.0
