時間,回転１,回転２,回転３
2022-01-14 17:00:00.006394,0.0,0.0,0.0
2022-01-14 17:00:00.509784,0.0,0.0,0.0
2022-01-14 17:00:01.007210,0.0,0.0,0.0
2022-01-14 17:00:01.502713,0.0,0.0,0.0
2022-01-14 17:00:02.002946,0.0,0.0,0.0
2022-01-14 17:00:02.501926,0.0,0.0,0.0
2022-01-14 17:00:03.001361,0.0,0.0,0.0
2022-01-14 17:00:03.504711,0.0,0.0,0.0
2022-01-14 17:00:04.004239,0.0,0.0,0.0
2022-01-14 17:00:04.510343,0.0,0.0,0.0
2022-01-14 17:00:05.006125,0.0,0.0,0.0
2022-01-14 17:00:05.502287,0.0,0.0,0.0
2022-01-14 17:00:06.009379,0.0,0.0,0.0
2022-01-14 17:00:06.504083,0.0,0.0,0.0
2022-01-14 17:00:07.001299,0.0,0.0,0.0
2022-01-14 17:00:07.507328,0.0,0.0,0.0
2022-01-14 17:00:08.006057,0.0,0.0,0.0
2022-01-14 17:00:08.511262,0.0,0.0,0.0
2022-01-14 17:00:09.008850,0.0,0.0,0.0
2022-01-14 17:00:09.504136,0.0,0.0,0.0
2022-01-14 17:00:10.007339,0.0,0.0,0.0
2022-01-14 17:00:10.511109,0.0,0.0,0.0
2022-01-14 17:00:11.010321,0.0,0.0,0.0
2022-01-14 17:00:11.506910,0.0,0.0,0.0
2022-01-14 17:00:12.003873,0.0,0.0,0.0
2022-01-14 17:00:12.509334,0.0,0.0,0.0
2022-01-14 17:00:13.008806,0.0,0.0,0.0
2022-01-14 17:00:13.505496,0.0,0.0,0.0
2022-01-14 17:00:14.003642,0.0,0.0,0.0
2022-01-14 17:00:14.509057,0.0,0.0,0.0
2022-01-14 17:00:15.007720,0.0,0.0,0.0
2022-01-14 17:00:15.502840,0.0,0.0,0.0
2022-01-14 17:00:16.003050,0.0,0.0,0.0
2022-01-14 17:00:16.508358,0.0,0.0,0.0
2022-01-14 17:00:17.005652,0.0,0.0,0.0
2022-01-14 17:00:17.510917,0.0,0.0,0.0
2022-01-14 17:00:18.009284,0.0,0.0,0.0
2022-01-14 17:00:18.508188,0.0,0.0,0.0
2022-01-14 17:00:19.006216,0.0,0.0,0.0
2022-01-14 17:00:19.509961,0.0,0.0,0.0
2022-01-14 17:00:20.008791,0.0,0.0,0.0
2022-01-14 17:00:20.505643,0.0,0.0,0.0
2022-01-14 17:00:21.003687,0.0,0.0,0.0
2022-01-14 17:00:21.509409,0.0,0.0,0.0
2022-01-14 17:00:22.008650,0.0,0.0,0.0
2022-01-14 17:00:22.504302,0.0,0.0,0.0
2022-01-14 17:00:23.001893,0.0,0.0,0.0
2022-01-14 17:00:23.506109,0.0,0.0,0.0
2022-01-14 17:00:24.004370,0.0,0.0,0.0
2022-01-14 17:00:24.509383,0.0,0.0,0.0
2022-01-14 17:00:25.009365,0.0,0.0,0.0
2022-01-14 17:00:25.505846,0.0,0.0,0.0
2022-01-14 17:00:26.003479,0.0,0.0,0.0
2022-01-14 17:00:26.508294,0.0,0.0,0.0
2022-01-14 17:00:27.005875,0.0,0.0,0.0
2022-01-14 17:00:28.005297,0.0,0.0,0.0
2022-01-14 17:00:28.504708,0.0,0.0,0.0
2022-01-14 17:00:29.002742,0.0,0.0,0.0
2022-01-14 17:00:29.509147,0.0,0.0,0.0
2022-01-14 17:00:30.009050,0.0,0.0,0.0
2022-01-14 17:00:30.504097,0.0,0.0,0.0
2022-01-14 17:00:31.002130,0.0,0.0,0.0
2022-01-14 17:00:31.505271,0.0,0.0,0.0
2022-01-14 17:00:32.003657,0.0,0.0,0.0
2022-01-14 17:00:32.509522,0.0,0.0,0.0
2022-01-14 17:00:33.008840,0.0,0.0,0.0
2022-01-14 17:00:33.503468,0.0,0.0,0.0
2022-01-14 17:00:34.006798,0.0,0.0,0.0
2022-01-14 17:00:34.502930,0.0,0.0,0.0
2022-01-14 17:00:35.001187,0.0,0.0,0.0
2022-01-14 17:00:35.507116,0.0,0.0,0.0
2022-01-14 17:00:36.005139,0.0,0.0,0.0
2022-01-14 17:00:36.510857,0.0,0.0,0.0
2022-01-14 17:00:37.010299,0.0,0.0,0.0
2022-01-14 17:00:37.505028,0.0,0.0,0.0
2022-01-14 17:00:38.002108,0.0,0.0,0.0
2022-01-14 17:00:38.508708,0.0,0.0,0.0
2022-01-14 17:00:39.006444,0.0,0.0,0.0
2022-01-14 17:00:39.502371,0.0,0.0,0.0
2022-01-14 17:00:40.002135,0.0,0.0,0.0
2022-01-14 17:00:40.507926,0.0,0.0,0.0
2022-01-14 17:00:41.005801,0.0,0.0,0.0
2022-01-14 17:00:41.509761,0.0,0.0,0.0
2022-01-14 17:00:42.008874,0.0,0.0,0.0
2022-01-14 17:00:42.504750,0.0,0.0,0.0
2022-01-14 17:00:43.004224,0.0,0.0,0.0
2022-01-14 17:00:43.509529,0.0,0.0,0.0
2022-01-14 17:00:44.006545,0.0,0.0,0.0
2022-01-14 17:00:44.502504,0.0,0.0,0.0
2022-01-14 17:00:45.010900,0.0,0.0,0.0
2022-01-14 17:00:45.505162,0.0,0.0,0.0
2022-01-14 17:00:46.005030,0.0,0.0,0.0
2022-01-14 17:00:46.509616,0.0,0.0,0.0
2022-01-14 17:00:47.005798,0.0,0.0,0.0
2022-01-14 17:00:47.502494,0.0,0.0,0.0
2022-01-14 17:00:48.010472,0.0,0.0,0.0
2022-01-14 17:00:48.504104,0.0,0.0,0.0
2022-01-14 17:00:49.002840,0.0,0.0,0.0
2022-01-14 17:00:49.504926,0.0,0.0,0.0
2022-01-14 17:00:50.002830,0.0,0.0,0.0
2022-01-14 17:00:50.508852,0.0,0.0,0.0
2022-01-14 17:00:51.003645,0.0,0.0,0.0
2022-01-14 17:00:51.503429,0.0,0.0,0.0
2022-01-14 17:00:52.007604,0.0,0.0,0.0
2022-01-14 17:00:52.503829,0.0,0.0,0.0
2022-01-14 17:00:53.003076,0.0,0.0,0.0
2022-01-14 17:00:53.509805,0.0,0.0,0.0
2022-01-14 17:00:54.008989,0.0,0.0,0.0
2022-01-14 17:00:54.503173,0.0,0.0,0.0
2022-01-14 17:00:55.001180,0.0,0.0,0.0
2022-01-14 17:00:55.506310,0.0,0.0,0.0
2022-01-14 17:00:56.004472,0.0,0.0,0.0
2022-01-14 17:00:56.505650,0.0,0.0,0.0
2022-01-14 17:00:57.004979,0.0,0.0,0.0
2022-01-14 17:00:57.510804,0.0,0.0,0.0
2022-01-14 17:00:58.001514,0.0,0.0,0.0
2022-01-14 17:00:58.507112,0.0,0.0,-0.03864
2022-01-14 17:00:59.005628,0.0,0.0,-0.03864
2022-01-14 17:00:59.501812,0.0,0.0,0.0
2022-01-14 17:01:00.009662,0.0,0.0,0.0
2022-01-14 17:01:00.506666,0.0,0.0,0.0
2022-01-14 17:01:01.004126,0.0,0.0,0.0
2022-01-14 17:01:01.508662,0.0,0.0,0.0
2022-01-14 17:01:02.005818,0.0,0.0,0.0
2022-01-14 17:01:02.510786,0.0,0.0,0.0
2022-01-14 17:01:03.007530,0.0,0.0,0.0
2022-01-14 17:01:03.507592,0.0,0.0,0.0
2022-01-14 17:01:04.007408,0.0,0.0,0.0
2022-01-14 17:01:04.504561,0.0,0.0,0.0
2022-01-14 17:01:05.003136,0.0,0.0,0.0
2022-01-14 17:01:05.507859,0.0,0.0,0.0
2022-01-14 17:01:06.006110,0.0,0.0,0.0
2022-01-14 17:01:06.501106,0.0,0.0,0.0
2022-01-14 17:01:07.008855,0.0,0.0,0.0
2022-01-14 17:01:07.503474,0.0,0.0,0.0
2022-01-14 17:01:08.003683,0.0,0.0,0.0
2022-01-14 17:01:08.508722,0.0,0.0,0.0
2022-01-14 17:01:09.005782,0.0,0.0,0.0
2022-01-14 17:01:09.510765,0.0,0.0,0.0
2022-01-14 17:01:10.006641,0.0,0.0,0.0
2022-01-14 17:01:10.511135,0.0,0.0,0.0
2022-01-14 17:01:11.008093,0.0,0.0,0.0
2022-01-14 17:01:11.502243,0.0,0.0,0.0
2022-01-14 17:01:12.001744,0.0,0.0,0.0
2022-01-14 17:01:12.507645,0.0,0.0,0.0
2022-01-14 17:01:13.005067,0.0,0.0,0.0
2022-01-14 17:01:13.510686,0.0,0.0,0.0
2022-01-14 17:01:14.011065,0.0,0.0,0.0
2022-01-14 17:01:14.504730,0.0,0.0,0.0
2022-01-14 17:01:15.002546,0.0,0.0,0.0
2022-01-14 17:01:15.503060,0.0,0.0,0.0
2022-01-14 17:01:16.001693,0.0,0.0,0.0
2022-01-14 17:01:16.506128,0.0,0.0,0.0
2022-01-14 17:01:17.005326,0.0,0.0,0.0
2022-01-14 17:01:17.509605,0.0,0.0,0.0
2022-01-14 17:01:18.007529,0.0,0.0,0.0
2022-01-14 17:01:18.504006,0.0,0.0,0.0
2022-01-14 17:01:19.003549,0.0,0.0,0.0
2022-01-14 17:01:19.509164,0.0,0.0,0.0
2022-01-14 17:01:20.007071,0.0,0.0,0.0
2022-01-14 17:01:20.501153,0.0,0.0,0.0
2022-01-14 17:01:21.008975,0.0,0.0,0.0
2022-01-14 17:01:21.503851,0.0,0.0,0.0
2022-01-14 17:01:22.002106,0.0,0.0,0.0
2022-01-14 17:01:22.507094,0.0,0.0,0.0
2022-01-14 17:01:23.006220,0.0,0.0,0.0
2022-01-14 17:01:23.509976,0.0,0.0,0.0
2022-01-14 17:01:24.009075,0.0,0.0,0.0
2022-01-14 17:01:24.504361,0.0,0.0,0.0
2022-01-14 17:01:25.003125,0.0,0.0,0.0
2022-01-14 17:01:25.508477,0.0,0.0,0.0
2022-01-14 17:01:26.005377,0.0,0.0,0.0
2022-01-14 17:01:26.511059,0.0,0.0,0.0
2022-01-14 17:01:27.008832,0.0,0.0,0.0
2022-01-14 17:01:27.503803,0.0,0.0,0.0
2022-01-14 17:01:28.002137,0.0,0.0,0.0
2022-01-14 17:01:28.507484,0.0,0.0,0.0
2022-01-14 17:01:29.004672,0.0,0.0,0.0
2022-01-14 17:01:29.509245,0.0,0.0,0.0
2022-01-14 17:01:30.008750,0.0,0.0,0.0
2022-01-14 17:01:30.504485,0.0,0.0,0.0
2022-01-14 17:01:31.001570,0.0,0.0,0.0
2022-01-14 17:01:31.508332,0.0,0.0,0.0
2022-01-14 17:01:32.005520,0.0,0.0,0.0
2022-01-14 17:01:32.501201,0.0,0.0,0.0
2022-01-14 17:01:33.009344,0.0,0.0,0.0
2022-01-14 17:01:33.505838,0.0,0.0,0.0
2022-01-14 17:01:34.004308,0.0,0.0,0.0
2022-01-14 17:01:34.509148,0.0,0.0,0.0
2022-01-14 17:01:35.008433,0.0,0.0,0.0
2022-01-14 17:01:35.502069,0.0,0.0,0.0
2022-01-14 17:01:36.002547,0.0,0.0,0.0
2022-01-14 17:01:36.508878,0.0,0.0,0.0
2022-01-14 17:01:37.006911,0.0,0.0,0.0
2022-01-14 17:01:37.503918,0.0,0.0,0.0
2022-01-14 17:01:38.002080,0.0,0.0,0.0
2022-01-14 17:01:38.508678,0.0,0.0,0.0
2022-01-14 17:01:39.005780,0.0,0.0,0.0
2022-01-14 17:01:39.509724,0.0,0.0,0.0
2022-01-14 17:01:40.010128,0.0,0.0,0.0
2022-01-14 17:01:40.507033,0.0,0.0,0.0
2022-01-14 17:01:41.005014,0.0,0.0,0.0
2022-01-14 17:01:41.509263,0.0,0.0,0.0
2022-01-14 17:01:42.008129,0.0,0.0,0.0
2022-01-14 17:01:42.501206,0.0,0.0,0.0
2022-01-14 17:01:43.008719,0.0,0.0,0.0
2022-01-14 17:01:43.502758,0.0,0.0,0.0
2022-01-14 17:01:44.010899,0.0,0.0,0.0
2022-01-14 17:01:44.506408,0.0,0.0,0.0
2022-01-14 17:01:45.009021,0.0,0.0,0.0
2022-01-14 17:01:45.506959,0.0,0.0,0.0
2022-01-14 17:01:46.005856,0.0,0.0,0.0
2022-01-14 17:01:46.509805,0.0,0.0,0.0
2022-01-14 17:01:47.008720,0.0,0.0,0.0
2022-01-14 17:01:47.503211,0.0,0.0,0.0
2022-01-14 17:01:48.001423,0.0,0.0,0.0
2022-01-14 17:01:48.506654,0.0,0.0,0.0
2022-01-14 17:01:49.004969,0.0,0.0,0.0
2022-01-14 17:01:49.502930,0.0,0.0,0.0
2022-01-14 17:01:50.001251,0.0,0.0,0.0
2022-01-14 17:01:50.502071,0.0,0.0,0.0
2022-01-14 17:01:51.010831,0.0,0.0,0.0
2022-01-14 17:01:51.505980,0.0,0.0,0.0
2022-01-14 17:01:52.004114,0.0,0.0,0.0
2022-01-14 17:01:52.508807,0.0,0.0,0.0
2022-01-14 17:01:53.005179,0.0,0.0,0.0
2022-01-14 17:01:53.509968,0.0,0.0,0.0
2022-01-14 17:01:54.008752,0.0,0.0,0.0
2022-01-14 17:01:54.502913,0.0,0.0,0.0
2022-01-14 17:01:55.002002,0.0,0.0,0.0
2022-01-14 17:01:55.506745,0.0,0.0,0.0
2022-01-14 17:01:56.004851,0.0,0.0,0.0
2022-01-14 17:01:56.501264,0.0,0.0,0.0
2022-01-14 17:01:57.010845,0.0,0.0,0.0
2022-01-14 17:01:57.506061,0.0,0.0,0.0
2022-01-14 17:01:58.005667,0.0,0.0,0.0
2022-01-14 17:01:58.502306,0.0,0.0,0.0
2022-01-14 17:01:59.009663,0.0,0.0,0.0
2022-01-14 17:01:59.504680,0.0,0.0,0.0
2022-01-14 17:02:00.001905,0.0,0.0,0.0
2022-01-14 17:02:00.508741,0.0,0.0,0.0
2022-01-14 17:02:01.007619,0.0,0.0,0.0
2022-01-14 17:02:01.501524,0.0,0.0,0.0
2022-01-14 17:02:02.010570,0.0,0.0,0.0
2022-01-14 17:02:02.506766,0.0,0.0,0.0
2022-01-14 17:02:03.003842,0.0,0.0,0.0
2022-01-14 17:02:03.508385,0.0,0.0,0.0
2022-01-14 17:02:04.005786,0.0,0.0,0.0
2022-01-14 17:02:04.510774,0.0,0.0,0.0
2022-01-14 17:02:05.009318,0.0,0.0,0.0
2022-01-14 17:02:05.504706,0.0,0.0,0.0
2022-01-14 17:02:06.002083,0.0,0.0,0.0
2022-01-14 17:02:06.507474,0.0,0.0,0.0
2022-01-14 17:02:07.003662,0.0,0.0,0.0
2022-01-14 17:02:07.509772,0.0,0.0,0.0
2022-01-14 17:02:08.008516,0.0,0.0,0.0
2022-01-14 17:02:08.504771,0.0,0.0,0.0
2022-01-14 17:02:09.001451,0.0,0.0,0.0
2022-01-14 17:02:09.507620,0.0,0.0,0.0
2022-01-14 17:02:10.003562,0.0,0.0,0.0
2022-01-14 17:02:10.508985,0.0,0.0,0.0
2022-01-14 17:02:11.007892,0.0,0.0,0.0
2022-01-14 17:02:11.502601,0.0,0.0,0.0
2022-01-14 17:02:12.010423,0.0,0.0,0.0
2022-01-14 17:02:12.505408,0.0,0.0,0.0
2022-01-14 17:02:13.002954,0.0,0.0,0.0
2022-01-14 17:02:13.507343,0.0,0.0,0.0
2022-01-14 17:02:14.005855,0.0,0.0,0.0
2022-01-14 17:02:14.502214,0.0,0.0,0.0
2022-01-14 17:02:15.010793,0.0,0.0,0.0
2022-01-14 17:02:15.508247,0.0,0.0,0.0
2022-01-14 17:02:16.006077,0.0,0.0,0.0
2022-01-14 17:02:16.501605,0.0,0.0,0.0
2022-01-14 17:02:17.009158,0.0,0.0,0.0
2022-01-14 17:02:17.504365,0.0,0.0,0.0
2022-01-14 17:02:18.002306,0.0,0.0,0.0
2022-01-14 17:02:18.508181,0.0,0.0,0.0
2022-01-14 17:02:19.005795,0.0,0.0,0.0
2022-01-14 17:02:19.509250,0.0,0.0,0.0
2022-01-14 17:02:20.008732,0.0,0.0,0.0
2022-01-14 17:02:20.504669,0.0,0.0,0.0
2022-01-14 17:02:21.002169,0.0,0.0,0.0
2022-01-14 17:02:21.505131,0.0,0.0,0.0
2022-01-14 17:02:22.003284,0.0,0.0,0.0
2022-01-14 17:02:22.511006,0.0,0.0,0.0
2022-01-14 17:02:23.009715,0.0,0.0,0.0
2022-01-14 17:02:23.504232,0.0,0.0,0.0
2022-01-14 17:02:24.001770,0.0,0.0,0.0
2022-01-14 17:02:24.507754,0.0,0.0,0.0
2022-01-14 17:02:25.005101,0.0,0.0,0.0
2022-01-14 17:02:25.509630,0.0,0.0,0.0
2022-01-14 17:02:26.008813,0.0,0.0,0.0
2022-01-14 17:02:26.503325,0.0,0.0,0.0
2022-01-14 17:02:27.001253,0.0,0.0,0.0
2022-01-14 17:02:27.510738,0.0,0.0,0.0
2022-01-14 17:02:28.009256,0.0,0.0,0.0
2022-01-14 17:02:28.502851,0.0,0.0,0.0
2022-01-14 17:02:29.002092,0.0,0.0,0.0
2022-01-14 17:02:29.508140,0.0,0.0,0.0
2022-01-14 17:02:30.005899,0.0,0.0,0.0
2022-01-14 17:02:30.501212,0.0,0.0,0.0
2022-01-14 17:02:31.010600,0.0,0.0,0.0
2022-01-14 17:02:31.504921,0.0,0.0,0.0
2022-01-14 17:02:32.001502,0.0,0.0,0.0
2022-01-14 17:02:32.506659,0.0,0.0,0.0
2022-01-14 17:02:33.006165,0.0,0.0,0.0
2022-01-14 17:02:33.504357,0.0,0.0,0.0
2022-01-14 17:02:34.002258,0.0,0.0,0.0
2022-01-14 17:02:34.509293,0.0,0.0,0.0
2022-01-14 17:02:35.011196,0.0,0.0,0.0
2022-01-14 17:02:35.505902,0.0,0.0,0.0
2022-01-14 17:02:36.004843,0.0,0.0,0.0
2022-01-14 17:02:36.509824,0.0,0.0,0.0
2022-01-14 17:02:37.007341,0.0,0.0,0.0
2022-01-14 17:02:38.004519,0.0,0.0,0.0
2022-01-14 17:02:38.510672,0.0,0.0,0.0
2022-01-14 17:02:39.009351,0.0,0.0,0.0
2022-01-14 17:02:39.504279,0.0,0.0,0.0
2022-01-14 17:02:40.001638,0.0,0.0,0.0
2022-01-14 17:02:40.509465,0.0,0.0,0.0
2022-01-14 17:02:41.007350,0.0,0.0,0.0
2022-01-14 17:02:41.501952,0.0,0.0,0.0
2022-01-14 17:02:42.009767,0.0,0.0,0.0
2022-01-14 17:02:42.504939,0.0,0.0,0.0
2022-01-14 17:02:43.003118,0.0,0.0,0.0
2022-01-14 17:02:43.509433,0.0,0.0,0.0
2022-01-14 17:02:44.009651,0.0,0.0,0.0
2022-01-14 17:02:44.504719,0.0,0.0,0.0
2022-01-14 17:02:45.002245,0.0,0.0,0.0
2022-01-14 17:02:45.506495,0.0,0.0,0.0
2022-01-14 17:02:46.004536,0.0,0.0,0.0
2022-01-14 17:02:46.509784,0.0,0.0,0.0
2022-01-14 17:02:47.009253,0.0,0.0,0.0
2022-01-14 17:02:47.504616,0.0,0.0,0.0
2022-01-14 17:02:48.001645,0.0,0.0,0.0
2022-01-14 17:02:48.507026,0.0,0.0,0.0
2022-01-14 17:02:49.006032,0.0,0.0,0.0
2022-01-14 17:02:49.501521,0.0,0.0,0.0
2022-01-14 17:02:50.010406,0.0,0.0,0.0
2022-01-14 17:02:50.506338,0.0,0.0,0.0
2022-01-14 17:02:51.004713,0.0,0.0,0.0
2022-01-14 17:02:51.510282,0.0,0.0,0.0
2022-01-14 17:02:52.009136,0.0,0.0,0.0
2022-01-14 17:02:52.504941,0.0,0.0,0.0
2022-01-14 17:02:53.005213,0.0,0.0,0.0
2022-01-14 17:02:53.509716,0.0,0.0,0.0
2022-01-14 17:02:54.008221,0.0,0.0,0.0
2022-01-14 17:02:54.503276,0.0,0.0,0.0
2022-01-14 17:02:55.001848,0.0,0.0,0.0
2022-01-14 17:02:55.509374,0.0,0.0,0.0
2022-01-14 17:02:56.007688,0.0,0.0,0.0
2022-01-14 17:02:56.501166,0.0,0.0,0.0
2022-01-14 17:02:57.008470,0.0,0.0,0.0
2022-01-14 17:02:57.502629,0.0,0.0,0.0
2022-01-14 17:02:58.010867,0.0,0.0,0.0
2022-01-14 17:02:58.505998,0.0,0.0,0.0
2022-01-14 17:02:59.003175,0.0,0.0,0.0
2022-01-14 17:02:59.508798,0.0,0.0,0.0
2022-01-14 17:03:00.006734,0.0,0.0,0.0
2022-01-14 17:03:00.504094,0.0,0.0,0.0
2022-01-14 17:03:01.001903,0.0,0.0,0.0
2022-01-14 17:03:01.507836,0.0,0.0,0.0
2022-01-14 17:03:02.006305,0.0,0.0,0.0
2022-01-14 17:03:02.501562,0.0,0.0,0.0
2022-01-14 17:03:03.009085,0.0,0.0,0.0
2022-01-14 17:03:03.503450,0.0,0.0,0.0
2022-01-14 17:03:04.002985,0.0,0.0,0.0
2022-01-14 17:03:04.509117,0.0,0.0,0.0
2022-01-14 17:03:05.008088,0.0,0.0,0.0
2022-01-14 17:03:05.502653,0.0,0.0,0.0
2022-01-14 17:03:06.010188,0.0,0.0,0.0
2022-01-14 17:03:06.504615,0.0,0.0,0.0
2022-01-14 17:03:07.002162,0.0,0.0,0.0
2022-01-14 17:03:07.509494,0.0,0.0,0.0
2022-01-14 17:03:08.009190,0.0,0.0,0.0
2022-01-14 17:03:08.505496,0.0,0.0,0.0
2022-01-14 17:03:09.001723,0.0,0.0,0.0
2022-01-14 17:03:09.507273,0.0,0.0,0.0
2022-01-14 17:03:10.002745,0.0,0.0,0.0
2022-01-14 17:03:10.505041,0.0,0.0,0.0
2022-01-14 17:03:11.001848,0.0,0.0,0.0
2022-01-14 17:03:11.507998,0.0,0.0,0.0
2022-01-14 17:03:12.006246,0.0,0.0,0.0
2022-01-14 17:03:13.004783,0.0,0.0,0.0
2022-01-14 17:03:13.502448,0.0,0.0,0.0
2022-01-14 17:03:14.010853,0.0,0.0,0.0
2022-01-14 17:03:14.504027,0.0,0.0,0.0
2022-01-14 17:03:15.002458,0.0,0.0,0.0
2022-01-14 17:03:15.508825,0.0,0.0,0.0
2022-01-14 17:03:16.007012,0.0,0.0,0.0
2022-01-14 17:03:16.510877,0.0,0.0,0.0
2022-01-14 17:03:17.009575,0.0,0.0,0.0
2022-01-14 17:03:17.504935,0.0,0.0,0.0
2022-01-14 17:03:18.003042,0.0,0.0,0.0
2022-01-14 17:03:18.508565,0.0,0.0,0.0
2022-01-14 17:03:19.008276,0.0,0.0,0.0
2022-01-14 17:03:19.502897,0.0,0.0,0.0
2022-01-14 17:03:20.001550,0.0,0.0,0.0
2022-01-14 17:03:20.507241,0.0,0.0,0.0
2022-01-14 17:03:21.005728,0.0,0.0,0.0
2022-01-14 17:03:21.501170,0.0,0.0,0.0
2022-01-14 17:03:22.009748,0.0,0.0,0.0
2022-01-14 17:03:22.507142,0.0,0.0,0.0
2022-01-14 17:03:23.004797,0.0,0.0,0.0
2022-01-14 17:03:23.510190,0.0,0.0,0.0
2022-01-14 17:03:24.008336,0.0,0.0,0.0
2022-01-14 17:03:24.502218,0.0,0.0,0.0
2022-01-14 17:03:25.001349,0.0,0.0,0.0
2022-01-14 17:03:25.508115,0.0,0.0,0.0
2022-01-14 17:03:26.006242,0.0,0.0,0.0
2022-01-14 17:03:26.502781,0.0,0.0,0.0
2022-01-14 17:03:27.001759,0.0,0.0,0.0
2022-01-14 17:03:27.506054,0.0,0.0,0.0
2022-01-14 17:03:28.004297,0.0,0.0,0.0
2022-01-14 17:03:28.508448,0.0,0.0,0.0
2022-01-14 17:03:29.004931,0.0,0.0,0.0
2022-01-14 17:03:29.508893,0.0,0.0,0.0
2022-01-14 17:03:30.003036,0.0,0.0,0.0
2022-01-14 17:03:30.506791,0.0,0.0,0.0
2022-01-14 17:03:31.006714,0.0,0.0,0.0
2022-01-14 17:03:31.503415,0.0,0.0,0.0
2022-01-14 17:03:32.001051,0.05074,0.0,0.0
2022-01-14 17:03:32.506781,0.05074,0.0,0.0
2022-01-14 17:03:33.004503,0.05074,0.0,0.0
2022-01-14 17:03:33.505967,0.0,0.0,0.0
2022-01-14 17:03:34.003236,0.05074,0.0,0.0
2022-01-14 17:03:34.509812,-0.05074,0.0,0.0
2022-01-14 17:03:35.010162,0.0,0.0,0.0
2022-01-14 17:03:35.506818,0.0,0.0,0.0
2022-01-14 17:03:36.016677,-0.05074,0.0,0.0
2022-01-14 17:03:36.509290,0.0,0.0,0.0
2022-01-14 17:03:37.006112,0.0,0.0,0.0
2022-01-14 17:03:37.503237,0.05074,0.0,0.0
2022-01-14 17:03:38.001158,0.0,0.0,0.0
2022-01-14 17:03:38.506100,0.0,0.0,0.0
2022-01-14 17:03:39.003423,0.0,0.0,0.0
2022-01-14 17:03:39.510905,0.05074,0.0,0.0
2022-01-14 17:03:40.009318,0.0,0.0,0.0
2022-01-14 17:03:40.504449,0.05074,0.0,0.0
2022-01-14 17:03:41.001632,0.0,0.0,0.0
2022-01-14 17:03:41.508144,0.0,0.0,0.0
2022-01-14 17:03:42.004873,0.05074,0.0,0.0
2022-01-14 17:03:42.510533,0.0,0.0,0.0
2022-01-14 17:03:43.008794,-0.05074,0.0,0.0
2022-01-14 17:03:43.506183,0.0,0.0,0.0
2022-01-14 17:03:44.006980,0.0,0.0,0.0
2022-01-14 17:03:44.501151,0.0,0.0,0.0
2022-01-14 17:03:45.008684,0.0,0.0,0.0
2022-01-14 17:03:45.507452,0.0,0.0,0.0
2022-01-14 17:03:46.005942,0.0,0.0,0.0
2022-01-14 17:03:46.503314,0.0,0.0,0.0
2022-01-14 17:03:47.001009,0.0,0.0,0.0
2022-01-14 17:03:47.510453,0.0,0.0,0.0
2022-01-14 17:03:48.008285,0.0,0.0,0.0
2022-01-14 17:03:48.504222,0.0,0.0,0.0
2022-01-14 17:03:49.002681,0.0,0.0,0.0
2022-01-14 17:03:49.509320,0.0,0.0,0.0
2022-01-14 17:03:50.007321,0.0,0.0,0.0
2022-01-14 17:03:50.502888,0.0,0.0,0.0
2022-01-14 17:03:51.001314,0.0,0.0,0.0
2022-01-14 17:03:51.507991,0.0,0.0,0.0
2022-01-14 17:03:52.005272,0.0,0.0,0.0
2022-01-14 17:03:52.502507,0.0,0.0,0.0
2022-01-14 17:03:53.010340,0.0,0.0,0.0
2022-01-14 17:03:53.506227,0.0,0.0,0.0
2022-01-14 17:03:54.004102,0.05074,0.0,0.0
2022-01-14 17:03:54.508981,0.0,0.0,0.0
2022-01-14 17:03:55.002709,0.0,0.0,0.0
2022-01-14 17:03:55.507876,0.05074,0.0,0.0
2022-01-14 17:03:56.006925,-0.05074,0.0,0.0
2022-01-14 17:03:56.502144,0.0,0.0,0.0
2022-01-14 17:03:57.009881,0.0,0.0,0.0
2022-01-14 17:03:57.504755,0.0,0.0,0.0
2022-01-14 17:03:58.002803,0.0,0.0,0.0
2022-01-14 17:03:58.507814,0.05074,0.0,0.0
2022-01-14 17:03:59.005713,0.0,0.0,0.0
2022-01-14 17:03:59.510448,0.0,0.0,0.0
2022-01-14 17:04:00.007920,0.0,0.0,0.0
2022-01-14 17:04:00.510711,0.0,0.0,0.0
2022-01-14 17:04:01.007419,0.0,0.0,0.0
2022-01-14 17:04:01.502405,0.0,0.0,0.0
2022-01-14 17:04:02.010266,0.0,0.0,0.0
2022-01-14 17:04:02.506155,0.0,0.0,0.0
2022-01-14 17:04:03.004849,0.05074,0.0,0.0
2022-01-14 17:04:03.509754,0.05074,0.0,0.0
2022-01-14 17:04:04.008739,-0.05074,0.0,0.0
2022-01-14 17:04:04.506343,0.0,0.0,0.0
2022-01-14 17:04:05.004696,-0.05074,0.0,0.0
2022-01-14 17:04:05.509653,0.0,0.0,0.0
2022-01-14 17:04:06.008737,0.0,0.0,0.0
2022-01-14 17:04:06.503081,-0.05074,0.0,0.0
2022-01-14 17:04:07.010956,0.0,0.0,0.0
2022-01-14 17:04:07.505152,0.05074,0.0,0.0
2022-01-14 17:04:08.004164,0.0,0.0,0.0
2022-01-14 17:04:08.510606,-0.05074,0.0,0.0
2022-01-14 17:04:09.009785,0.0,0.0,0.0
2022-01-14 17:04:09.504374,0.0,0.0,0.0
2022-01-14 17:04:10.000957,0.0,0.0,0.0
2022-01-14 17:04:10.501360,0.0,0.0,0.0
2022-01-14 17:04:11.010393,0.0,0.0,0.0
2022-01-14 17:04:11.504436,0.0,0.0,0.0
2022-01-14 17:04:12.003542,0.05074,0.0,0.0
2022-01-14 17:04:12.509152,0.0,0.0,0.0
2022-01-14 17:04:13.006728,0.0,0.0,0.0
2022-01-14 17:04:13.503915,0.05074,0.0,0.0
2022-01-14 17:04:14.001333,0.0,0.0,0.0
2022-01-14 17:04:14.508466,-0.05074,0.0,0.0
2022-01-14 17:04:15.006004,0.0,0.0,0.0
2022-01-14 17:04:15.501121,-0.05074,0.0,0.0
2022-01-14 17:04:16.009116,0.0,0.0,0.0
2022-01-14 17:04:16.505464,0.0,0.0,0.0
2022-01-14 17:04:17.003501,0.0,0.0,0.0
2022-01-14 17:04:17.509117,0.0,0.0,0.0
2022-01-14 17:04:18.008108,0.0,0.0,0.0
2022-01-14 17:04:18.504776,0.0,0.0,0.0
2022-01-14 17:04:19.004169,0.0,0.0,0.0
2022-01-14 17:04:19.510064,0.0,0.0,-0.03864
2022-01-14 17:04:20.010460,0.0,0.0,-0.03864
2022-01-14 17:04:20.505702,0.0,0.0,0.0
2022-01-14 17:04:21.004712,0.0,0.0,0.0
2022-01-14 17:04:21.501302,0.0,0.0,0.0
2022-01-14 17:04:22.002067,0.0,0.0,0.0
2022-01-14 17:04:22.508933,0.05074,0.0,0.0
2022-01-14 17:04:23.006297,-0.05074,0.0,0.0
2022-01-14 17:04:24.005044,0.0,0.0,0.0
2022-01-14 17:04:24.510358,-0.05074,0.0,0.0
2022-01-14 17:04:25.009457,0.0,0.0,0.0
2022-01-14 17:04:25.504849,0.05074,0.0,0.0
2022-01-14 17:04:26.009606,-0.05074,0.0,0.0
2022-01-14 17:04:26.505540,0.0,0.0,0.0
2022-01-14 17:04:27.005361,0.05074,0.0,0.0
2022-01-14 17:04:27.510334,0.05074,0.0,0.0
2022-01-14 17:04:28.007371,0.0,0.0,0.0
2022-01-14 17:04:28.501943,0.0,0.0,0.0
2022-01-14 17:04:29.009968,-0.05074,0.0,0.0
2022-01-14 17:04:29.506274,0.0,0.0,0.0
2022-01-14 17:04:30.004900,0.05074,0.0,0.0
2022-01-14 17:04:30.509525,0.05074,0.0,0.0
2022-01-14 17:04:31.010595,0.0,0.0,0.0
2022-01-14 17:04:31.504644,0.05074,0.0,0.0
2022-01-14 17:04:32.003407,-0.05074,0.0,0.0
2022-01-14 17:04:32.510914,-0.05074,0.0,0.0
2022-01-14 17:04:33.008668,0.05074,0.0,0.0
2022-01-14 17:04:33.504463,-0.05074,0.0,0.0
2022-01-14 17:04:34.001846,0.0,0.0,0.0
2022-01-14 17:04:34.507019,0.05074,0.0,0.0
2022-01-14 17:04:35.004692,-0.05074,0.0,0.0
2022-01-14 17:04:35.508721,0.05074,0.0,0.0
2022-01-14 17:04:36.005628,0.05074,0.0,0.0
2022-01-14 17:04:36.501097,-0.05074,0.0,0.0
2022-01-14 17:04:37.009377,-0.05074,0.0,0.0
2022-01-14 17:04:37.505022,0.0,0.0,0.0
2022-01-14 17:04:38.001843,-0.05074,0.0,0.0
2022-01-14 17:04:38.507927,-0.05074,0.0,0.0
2022-01-14 17:04:39.005674,0.0,0.0,0.0
2022-01-14 17:04:39.509095,0.0,0.0,0.0
2022-01-14 17:04:40.008577,0.05074,0.0,0.0
2022-01-14 17:04:40.504656,0.05074,0.0,0.0
2022-01-14 17:04:41.002754,-0.05074,0.0,0.0
2022-01-14 17:04:41.508594,-0.05074,0.0,0.0
2022-01-14 17:04:42.006855,0.0,0.0,0.0
2022-01-14 17:04:42.503031,-0.05074,0.0,0.0
2022-01-14 17:04:43.010341,-0.05074,0.0,0.0
2022-01-14 17:04:43.507963,0.0,0.0,0.0
2022-01-14 17:04:44.005285,-0.05074,0.0,0.0
2022-01-14 17:04:44.509375,-0.05074,0.0,0.0
2022-01-14 17:04:45.008356,0.0,0.0,0.0
2022-01-14 17:04:45.506826,-0.05074,0.0,0.0
2022-01-14 17:04:46.005416,0.05074,0.0,0.0
2022-01-14 17:04:46.510938,0.0,0.0,0.0
2022-01-14 17:04:47.007645,0.0,0.0,0.0
2022-01-14 17:04:47.502266,0.0,0.0,0.0
2022-01-14 17:04:48.010554,0.0,0.0,0.0
2022-01-14 17:04:48.506450,0.0,0.0,0.0
2022-01-14 17:04:49.003245,0.0,0.0,0.0
2022-01-14 17:04:49.508404,0.0,0.0,0.0
2022-01-14 17:04:50.007236,0.0,0.0,0.0
2022-01-14 17:04:50.502096,0.0,0.0,0.0
2022-01-14 17:04:51.002194,0.0,0.0,0.0
2022-01-14 17:04:51.508172,0.0,0.0,0.0
2022-01-14 17:04:52.006892,0.0,0.0,0.0
2022-01-14 17:04:52.501947,0.0,0.0,0.0
2022-01-14 17:04:53.009866,0.0,0.0,0.0
2022-01-14 17:04:53.503659,0.0,0.0,0.0
2022-01-14 17:04:54.002008,0.0,0.0,0.0
2022-01-14 17:04:54.509222,0.0,0.0,0.0
2022-01-14 17:04:55.007216,0.0,0.0,0.0
2022-01-14 17:04:55.501262,0.0,0.0,0.0
2022-01-14 17:04:56.008936,0.0,0.0,0.0
2022-01-14 17:04:56.503062,0.0,0.0,0.0
2022-01-14 17:04:57.009897,0.0,0.0,0.0
2022-01-14 17:04:57.503983,0.0,0.0,0.0
2022-01-14 17:04:58.002011,0.0,0.0,0.0
2022-01-14 17:04:58.508578,0.0,0.0,0.0
2022-01-14 17:04:59.007408,0.0,0.0,0.0
2022-01-14 17:04:59.502742,0.0,0.0,0.0
2022-01-14 17:05:00.010431,0.0,0.0,0.0
2022-01-14 17:05:00.504343,0.0,0.0,0.0
2022-01-14 17:05:01.001168,0.0,0.0,0.0
2022-01-14 17:05:01.507320,0.0,0.0,0.0
2022-01-14 17:05:02.006955,0.0,0.0,0.0
2022-01-14 17:05:02.503369,0.0,0.0,0.0
2022-01-14 17:05:03.001086,0.0,0.0,0.0
2022-01-14 17:05:03.505563,0.0,0.0,0.0
2022-01-14 17:05:04.004986,0.0,0.0,0.0
2022-01-14 17:05:04.509646,0.0,0.0,0.0
2022-01-14 17:05:05.009482,0.0,0.0,0.0
2022-01-14 17:05:05.504641,0.0,0.0,0.0
2022-01-14 17:05:06.002409,0.0,0.0,0.0
2022-01-14 17:05:06.507274,0.0,0.0,0.0
2022-01-14 17:05:07.005758,0.0,0.0,0.0
2022-01-14 17:05:07.502274,0.0,0.0,0.0
2022-01-14 17:05:08.001187,0.0,0.0,0.0
2022-01-14 17:05:08.505770,0.0,0.0,0.0
2022-01-14 17:05:09.004258,0.0,0.0,0.0
2022-01-14 17:05:09.509783,0.0,0.0,0.0
2022-01-14 17:05:10.007140,0.05074,0.0,0.0
2022-01-14 17:05:10.510315,0.0,0.0,0.0
2022-01-14 17:05:11.007886,0.0,0.0,0.0
2022-01-14 17:05:11.505129,0.0,0.0,0.0
2022-01-14 17:05:12.005579,0.0,0.0,0.0
2022-01-14 17:05:12.509871,0.0,0.0,0.0
2022-01-14 17:05:13.008760,0.0,0.0,0.0
2022-01-14 17:05:13.504079,-0.05074,0.0,0.0
2022-01-14 17:05:14.002628,0.0,0.0,0.0
2022-01-14 17:05:14.506923,0.0,0.0,0.0
2022-01-14 17:05:15.004964,0.0,0.0,0.0
2022-01-14 17:05:15.509955,-0.05074,0.0,0.0
2022-01-14 17:05:16.010064,0.0,0.0,0.0
2022-01-14 17:05:16.505057,0.0,0.0,0.0
2022-01-14 17:05:17.002788,0.0,0.0,0.0
2022-01-14 17:05:17.508955,0.0,0.0,0.0
2022-01-14 17:05:18.006930,-0.05074,0.0,0.0
2022-01-14 17:05:18.502212,0.0,0.0,0.0
2022-01-14 17:05:19.010470,0.0,0.0,0.0
2022-01-14 17:05:19.504971,0.0,0.0,0.0
2022-01-14 17:05:20.003826,0.0,0.0,0.0
2022-01-14 17:05:20.510691,0.0,0.0,0.0
2022-01-14 17:05:21.009175,0.0,0.0,0.0
2022-01-14 17:05:21.503188,0.0,0.0,0.0
2022-01-14 17:05:22.001330,0.0,0.0,0.0
2022-01-14 17:05:22.506269,0.0,0.0,0.0
2022-01-14 17:05:23.003668,0.0,0.0,0.0
2022-01-14 17:05:23.509256,0.0,0.0,0.0
2022-01-14 17:05:24.009376,0.0,0.0,0.0
2022-01-14 17:05:24.503693,0.0,0.0,0.0
2022-01-14 17:05:25.003054,0.0,0.0,0.0
2022-01-14 17:05:25.507470,0.0,0.0,0.0
2022-01-14 17:05:26.005543,0.0,0.0,0.0
2022-01-14 17:05:26.509834,0.0,0.0,0.0
2022-01-14 17:05:27.009077,0.0,0.0,0.0
2022-01-14 17:05:27.508633,0.0,0.0,0.0
2022-01-14 17:05:28.006260,0.0,0.0,0.0
2022-01-14 17:05:28.502020,0.0,0.0,0.0
2022-01-14 17:05:29.010757,0.0,0.0,0.0
2022-01-14 17:05:29.507729,0.0,0.0,0.0
2022-01-14 17:05:30.006659,0.0,0.0,0.0
2022-01-14 17:05:30.501694,0.0,0.0,0.0
2022-01-14 17:05:31.010404,0.0,0.0,0.0
2022-01-14 17:05:31.506034,0.0,0.0,0.0
2022-01-14 17:05:32.003658,0.0,0.0,0.0
2022-01-14 17:05:32.507544,0.0,0.0,0.0
2022-01-14 17:05:33.006408,0.0,0.0,0.0
2022-01-14 17:05:33.501801,0.0,0.0,0.0
2022-01-14 17:05:34.002475,0.0,0.0,0.0
2022-01-14 17:05:34.509211,0.0,0.0,0.0
2022-01-14 17:05:35.007533,0.0,0.0,0.0
2022-01-14 17:05:35.501296,0.05074,0.0,0.0
2022-01-14 17:05:36.009725,0.0,0.0,0.0
2022-01-14 17:05:36.504239,0.0,0.0,0.0
2022-01-14 17:05:37.002706,0.0,0.0,0.0
2022-01-14 17:05:37.507324,0.0,0.0,0.0
2022-01-14 17:05:38.005346,0.0,0.0,0.0
2022-01-14 17:05:38.502007,0.0,0.0,0.0
2022-01-14 17:05:39.010387,0.0,0.0,0.0
2022-01-14 17:05:39.505712,0.0,0.0,0.0
2022-01-14 17:05:40.002865,0.0,0.0,0.0
2022-01-14 17:05:40.508744,0.0,0.0,0.0
2022-01-14 17:05:41.005660,0.0,0.0,0.0
2022-01-14 17:05:41.510636,0.0,0.0,0.0
2022-01-14 17:05:42.007686,0.0,0.0,0.0
2022-01-14 17:05:42.501664,0.0,0.0,0.0
2022-01-14 17:05:43.010033,0.0,0.0,0.0
2022-01-14 17:05:43.506817,0.0,0.0,0.0
2022-01-14 17:05:44.005304,0.0,0.0,0.0
2022-01-14 17:05:44.510428,0.0,0.0,0.0
2022-01-14 17:05:45.009307,0.05074,0.0,0.0
2022-01-14 17:05:45.504470,0.0,0.0,0.0
2022-01-14 17:05:46.005562,0.0,0.0,0.0
2022-01-14 17:05:46.511341,0.0,0.0,0.0
2022-01-14 17:05:47.009574,0.0,0.0,0.0
2022-01-14 17:05:47.505137,-0.05074,0.0,0.0
2022-01-14 17:05:48.003332,0.0,0.0,0.0
2022-01-14 17:05:48.508494,0.05074,0.0,0.0
2022-01-14 17:05:49.006367,-0.05074,0.0,0.0
2022-01-14 17:05:49.511332,-0.05074,0.0,0.0
2022-01-14 17:05:50.008508,0.05074,0.0,0.0
2022-01-14 17:05:50.504415,0.0,0.0,0.0
2022-01-14 17:05:51.001754,0.0,0.0,0.0
2022-01-14 17:05:51.508773,0.0,0.0,0.0
2022-01-14 17:05:52.006798,-0.05074,0.0,0.0
2022-01-14 17:05:52.501651,0.0,0.0,0.0
2022-01-14 17:05:53.009311,0.05074,0.0,0.0
2022-01-14 17:05:53.505228,-0.05074,0.0,0.0
2022-01-14 17:05:54.003385,0.0,0.0,0.0
2022-01-14 17:05:54.509624,0.0,0.0,0.0
2022-01-14 17:05:55.007729,0.0,0.0,0.0
2022-01-14 17:05:55.502693,0.0,0.0,0.0
2022-01-14 17:05:56.002006,0.0,0.0,0.0
2022-01-14 17:05:56.506366,0.0,0.0,0.0
2022-01-14 17:05:57.003850,0.0,0.0,0.0
2022-01-14 17:05:57.508751,0.0,0.0,0.0
2022-01-14 17:05:58.005863,0.0,0.0,0.0
2022-01-14 17:05:58.501509,0.0,0.0,0.0
2022-01-14 17:05:59.010839,0.0,0.0,0.0
2022-01-14 17:05:59.505877,0.0,0.0,0.0
2022-01-14 17:06:00.004941,0.0,0.0,0.0
2022-01-14 17:06:00.501259,0.0,0.0,0.0
2022-01-14 17:06:01.010220,-0.05074,0.0,0.0
2022-01-14 17:06:01.505149,0.0,0.0,0.0
2022-01-14 17:06:02.002305,0.0,0.0,0.0
2022-01-14 17:06:02.507722,0.0,0.0,0.0
2022-01-14 17:06:03.005294,0.0,0.0,0.0
2022-01-14 17:06:03.501302,0.0,0.0,0.0
2022-01-14 17:06:04.010286,0.0,0.0,0.0
2022-01-14 17:06:04.505157,0.0,0.0,0.0
2022-01-14 17:06:05.002337,0.0,0.0,0.0
2022-01-14 17:06:05.506644,0.0,0.0,0.0
2022-01-14 17:06:06.005187,0.0,0.0,0.0
2022-01-14 17:06:06.510831,0.0,0.0,0.0
2022-01-14 17:06:07.008564,0.0,0.0,0.0
2022-01-14 17:06:07.503662,0.0,0.0,0.0
2022-01-14 17:06:08.001507,0.0,0.0,0.0
2022-01-14 17:06:08.507557,-0.05074,0.0,0.0
2022-01-14 17:06:09.005126,0.0,0.0,0.0
2022-01-14 17:06:09.509745,0.0,0.0,0.0
2022-01-14 17:06:10.008810,-0.05074,0.0,0.0
2022-01-14 17:06:10.503188,0.0,0.0,0.0
2022-01-14 17:06:11.001830,0.0,0.0,0.0
2022-01-14 17:06:11.507598,0.0,0.0,0.0
2022-01-14 17:06:12.005585,0.0,0.0,0.0
2022-01-14 17:06:12.510801,0.0,0.0,0.0
2022-01-14 17:06:13.009408,0.0,0.0,0.0
2022-01-14 17:06:13.503978,-0.05074,0.0,0.0
2022-01-14 17:06:14.001204,0.0,0.0,0.0
2022-01-14 17:06:14.508093,-0.05074,0.0,0.0
2022-01-14 17:06:15.006989,0.0,0.0,0.0
2022-01-14 17:06:15.502415,0.05074,0.0,0.0
2022-01-14 17:06:16.011156,-0.05074,0.0,0.0
2022-01-14 17:06:16.507626,0.0,0.0,0.0
2022-01-14 17:06:17.005269,0.0,0.0,0.0
2022-01-14 17:06:17.510822,0.0,0.0,0.0
2022-01-14 17:06:18.008352,0.0,0.0,0.0
2022-01-14 17:06:18.503646,0.05074,0.0,0.0
2022-01-14 17:06:19.010853,0.0,0.0,0.0
2022-01-14 17:06:19.505322,0.0,0.0,0.0
2022-01-14 17:06:20.004446,0.05074,0.0,0.0
2022-01-14 17:06:20.508978,-0.05074,0.0,0.0
2022-01-14 17:06:21.006847,0.05074,0.0,0.0
2022-01-14 17:06:21.502882,0.0,0.0,0.0
2022-01-14 17:06:22.010737,0.05074,0.0,0.0
2022-01-14 17:06:22.509806,0.05074,0.0,0.0
2022-01-14 17:06:23.009063,0.0,0.0,0.0
2022-01-14 17:06:23.503606,0.0,0.0,0.0
2022-01-14 17:06:24.002269,0.0,0.0,0.0
2022-01-14 17:06:24.508310,0.0,0.0,0.0
2022-01-14 17:06:25.005391,0.0,0.0,0.0
2022-01-14 17:06:25.501165,0.05074,0.0,0.0
2022-01-14 17:06:26.010844,0.0,0.0,0.0
2022-01-14 17:06:26.504798,0.0,0.0,0.0
2022-01-14 17:06:27.001705,0.0,0.0,0.0
2022-01-14 17:06:27.506824,0.0,0.0,0.0
2022-01-14 17:06:28.004778,0.0,0.0,0.0
2022-01-14 17:06:28.510181,0.0,0.0,0.0
2022-01-14 17:06:29.008162,0.0,0.0,0.0
2022-01-14 17:06:29.502745,0.0,0.0,0.0
2022-01-14 17:06:30.010542,0.0,0.0,0.0
2022-01-14 17:06:30.510511,0.0,0.0,0.0
2022-01-14 17:06:31.008745,0.0,0.0,0.0
2022-01-14 17:06:31.503502,0.0,0.0,0.0
2022-01-14 17:06:32.002123,0.0,0.0,0.0
2022-01-14 17:06:32.507504,0.0,0.0,0.0
2022-01-14 17:06:33.004740,0.0,0.0,0.0
2022-01-14 17:06:33.509048,0.0,0.0,0.0
2022-01-14 17:06:34.006599,0.0,0.0,0.0
2022-01-14 17:06:34.502744,0.0,0.0,0.0
2022-01-14 17:06:35.002194,0.0,0.0,0.0
2022-01-14 17:06:35.506742,0.0,0.0,0.0
2022-01-14 17:06:36.006485,0.0,0.0,0.0
2022-01-14 17:06:36.502615,0.0,0.0,0.0
2022-01-14 17:06:37.010931,0.0,0.0,0.0
2022-01-14 17:06:37.504935,0.0,0.0,0.0
2022-01-14 17:06:38.003874,0.0,0.0,0.0
2022-01-14 17:06:38.508684,0.0,0.0,0.0
2022-01-14 17:06:39.006954,0.0,0.0,0.0
2022-01-14 17:06:39.505967,0.0,0.0,0.0
2022-01-14 17:06:40.005267,0.0,0.0,0.0
2022-01-14 17:06:40.510529,0.0,0.0,0.0
2022-01-14 17:06:41.008779,0.0,0.0,0.0
2022-01-14 17:06:41.505582,0.0,0.0,0.0
2022-01-14 17:06:42.003916,0.0,0.0,0.0
2022-01-14 17:06:42.508485,0.0,0.0,0.0
2022-01-14 17:06:43.006884,-0.05074,0.0,0.0
2022-01-14 17:06:43.501520,0.0,0.0,0.0
2022-01-14 17:06:44.010000,0.0,0.0,0.0
2022-01-14 17:06:44.506422,0.0,0.0,0.0
2022-01-14 17:06:45.004384,0.05074,0.0,0.0
2022-01-14 17:06:45.509773,0.0,0.0,0.0
2022-01-14 17:06:46.007522,-0.05074,0.0,0.0
2022-01-14 17:06:46.502829,0.0,0.0,0.0
2022-01-14 17:06:47.010377,0.05074,0.0,0.0
2022-01-14 17:06:47.506221,0.0,0.0,0.0
2022-01-14 17:06:48.003705,0.0,0.0,0.0
2022-01-14 17:06:48.509007,-0.05074,0.0,0.0
2022-01-14 17:06:49.006690,0.0,0.0,0.0
2022-01-14 17:06:49.502096,0.0,0.0,0.0
2022-01-14 17:06:50.001078,0.0,0.0,0.0
2022-01-14 17:06:50.507087,0.0,0.0,0.0
2022-01-14 17:06:51.004683,0.0,0.0,0.0
2022-01-14 17:06:51.510928,0.05074,0.0,0.0
2022-01-14 17:06:52.008929,0.0,0.0,0.0
2022-01-14 17:06:52.504062,0.05074,0.0,0.0
2022-01-14 17:06:53.003355,0.0,0.0,0.0
2022-01-14 17:06:53.507538,-0.05074,0.0,0.0
2022-01-14 17:06:54.004653,0.05074,0.0,0.0
2022-01-14 17:06:54.510276,0.0,0.0,0.0
2022-01-14 17:06:55.007669,0.0,0.0,0.0
2022-01-14 17:06:55.501678,0.05074,0.0,0.0
2022-01-14 17:06:56.008847,-0.05074,0.0,0.0
2022-01-14 17:06:56.503341,0.0,0.0,0.0
2022-01-14 17:06:57.010652,0.0,0.0,0.0
2022-01-14 17:06:57.509013,-0.05074,0.0,0.0
2022-01-14 17:06:58.008486,0.0,0.0,0.0
2022-01-14 17:06:58.503313,0.05074,0.0,0.0
2022-01-14 17:06:59.004032,-0.05074,0.0,0.0
2022-01-14 17:06:59.507375,0.0,0.0,0.0
2022-01-14 17:07:00.005391,0.0,0.0,0.0
2022-01-14 17:07:00.502733,-0.05074,0.0,0.0
2022-01-14 17:07:01.001130,0.0,0.0,0.0
2022-01-14 17:07:01.507300,0.05074,0.0,0.0
2022-01-14 17:07:02.004884,0.0,0.0,0.0
2022-01-14 17:07:02.501318,0.0,0.0,0.0
2022-01-14 17:07:03.009827,0.0,0.0,0.0
2022-01-14 17:07:03.503608,-0.05074,0.0,0.0
2022-01-14 17:07:04.001310,0.0,0.0,0.0
2022-01-14 17:07:04.506231,0.0,0.0,0.0
2022-01-14 17:07:05.004321,0.0,0.0,0.0
2022-01-14 17:07:05.501874,0.0,0.0,0.0
2022-01-14 17:07:06.009931,0.0,0.0,0.0
2022-01-14 17:07:06.505129,0.0,0.0,0.0
2022-01-14 17:07:07.001981,0.0,0.0,0.0
2022-01-14 17:07:07.506558,0.0,0.0,0.0
2022-01-14 17:07:08.006231,-0.05074,0.0,0.0
2022-01-14 17:07:08.501240,0.0,0.0,0.0
2022-01-14 17:07:09.010391,0.05074,0.0,0.0
2022-01-14 17:07:09.505347,0.0,0.0,0.0
2022-01-14 17:07:10.004641,0.0,0.0,0.0
2022-01-14 17:07:10.509114,0.05074,0.0,0.0
2022-01-14 17:07:11.008129,-0.05074,0.0,0.0
2022-01-14 17:07:11.503460,0.0,0.0,0.0
2022-01-14 17:07:12.003346,0.05074,0.0,0.0
2022-01-14 17:07:12.509346,-0.05074,0.0,0.0
2022-01-14 17:07:13.007109,0.0,0.0,0.0
2022-01-14 17:07:13.503052,0.0,0.0,0.0
2022-01-14 17:07:14.004066,-0.05074,0.0,0.0
2022-01-14 17:07:14.510423,-0.05074,0.0,0.0
2022-01-14 17:07:15.009029,0.05074,0.0,0.0
2022-01-14 17:07:15.503458,-0.05074,0.0,0.0
2022-01-14 17:07:16.002733,0.0,0.0,0.0
2022-01-14 17:07:16.506583,0.05074,0.0,0.0
2022-01-14 17:07:17.004702,-0.05074,0.0,0.0
2022-01-14 17:07:17.502254,0.0,0.0,0.0
2022-01-14 17:07:18.010036,0.05074,0.0,0.0
2022-01-14 17:07:18.508723,-0.05074,0.0,0.0
2022-01-14 17:07:19.006826,0.0,0.0,0.0
2022-01-14 17:07:19.501628,0.05074,0.0,0.0
2022-01-14 17:07:20.010733,0.05074,0.0,0.0
2022-01-14 17:07:20.505656,0.0,0.0,0.0
2022-01-14 17:07:21.005693,0.05074,0.0,0.0
2022-01-14 17:07:21.510133,-0.05074,0.0,0.0
2022-01-14 17:07:22.009155,0.0,0.0,0.0
2022-01-14 17:07:22.503091,0.05074,0.0,0.0
2022-01-14 17:07:23.002052,-0.05074,0.0,0.0
2022-01-14 17:07:23.508123,0.0,0.0,0.0
2022-01-14 17:07:24.006445,0.05074,0.0,0.0
2022-01-14 17:07:24.501387,-0.05074,0.0,0.0
2022-01-14 17:07:25.009321,0.0,0.0,0.0
2022-01-14 17:07:25.503920,0.05074,0.0,0.0
2022-01-14 17:07:26.001894,-0.05074,0.0,0.0
2022-01-14 17:07:26.507394,0.05074,0.0,0.0
2022-01-14 17:07:27.004855,0.05074,0.0,0.0
2022-01-14 17:07:27.501668,-0.05074,0.0,0.0
2022-01-14 17:07:28.001483,0.0,0.0,0.0
2022-01-14 17:07:28.507248,0.05074,0.0,0.0
2022-01-14 17:07:29.004650,-0.05074,0.0,0.0
2022-01-14 17:07:29.509731,0.05074,0.0,0.0
2022-01-14 17:07:30.007065,0.05074,0.0,0.0
2022-01-14 17:07:30.501624,-0.05074,0.0,0.0
2022-01-14 17:07:31.010455,0.05074,0.0,0.0
2022-01-14 17:07:31.506037,0.0,0.0,0.0
2022-01-14 17:07:32.003494,-0.05074,0.0,0.0
2022-01-14 17:07:32.509090,0.05074,0.0,0.0
2022-01-14 17:07:33.007034,0.0,0.0,0.0
2022-01-14 17:07:33.502089,-0.05074,0.0,0.0
2022-01-14 17:07:34.011025,0.0,0.0,0.0
2022-01-14 17:07:34.507053,0.05074,0.0,0.0
2022-01-14 17:07:35.004392,-0.05074,0.0,0.0
2022-01-14 17:07:35.509804,0.0,0.0,0.0
2022-01-14 17:07:36.007447,0.0,0.0,0.0
2022-01-14 17:07:36.502318,-0.05074,0.0,0.0
2022-01-14 17:07:37.010901,0.05074,0.0,0.0
2022-01-14 17:07:37.505486,-0.05074,0.0,0.0
2022-01-14 17:07:38.005230,0.0,0.0,0.0
2022-01-14 17:07:38.509604,0.0,0.0,0.0
2022-01-14 17:07:39.008884,0.0,0.0,0.0
2022-01-14 17:07:39.510521,0.0,0.0,0.0
2022-01-14 17:07:40.010169,0.0,0.0,0.0
2022-01-14 17:07:40.505114,0.0,0.0,0.0
2022-01-14 17:07:41.003164,0.0,0.0,0.0
2022-01-14 17:07:41.508149,0.0,0.0,0.0
2022-01-14 17:07:42.005571,0.0,0.0,0.0
2022-01-14 17:07:42.501556,-0.05074,0.0,0.0
2022-01-14 17:07:43.010168,0.0,0.0,0.0
2022-01-14 17:07:43.505063,0.0,0.0,0.0
2022-01-14 17:07:44.003168,0.0,0.0,0.0
2022-01-14 17:07:44.508072,0.0,0.0,0.0
2022-01-14 17:07:45.006975,-0.05074,0.0,0.0
2022-01-14 17:07:45.502460,0.0,0.0,-0.03864
2022-01-14 17:07:46.002255,0.0,0.0,-0.03864
2022-01-14 17:07:46.507034,0.05074,0.0,0.0
2022-01-14 17:07:47.005718,-0.05074,0.0,0.0
2022-01-14 17:07:47.510405,0.0,0.0,0.0
2022-01-14 17:07:48.008869,0.05074,0.0,0.0
2022-01-14 17:07:48.503481,-0.05074,0.0,0.0
2022-01-14 17:07:49.001264,0.0,0.0,0.0
2022-01-14 17:07:49.509097,0.0,0.0,0.0
2022-01-14 17:07:50.007642,-0.05074,0.0,0.0
2022-01-14 17:07:50.502965,0.0,0.0,0.0
2022-01-14 17:07:51.001627,0.0,0.0,0.0
2022-01-14 17:07:51.505949,-0.05074,0.0,0.0
2022-01-14 17:07:52.004631,0.0,0.0,0.0
2022-01-14 17:07:52.509856,0.0,0.0,0.0
2022-01-14 17:07:53.008790,-0.05074,0.0,0.0
2022-01-14 17:07:53.503504,0.05074,0.0,0.0
2022-01-14 17:07:54.001975,0.0,0.0,0.0
2022-01-14 17:07:54.508944,0.0,0.0,0.0
2022-01-14 17:07:55.006016,0.05074,0.0,0.0
2022-01-14 17:07:55.511046,0.0,0.0,0.0
2022-01-14 17:07:56.008539,-0.05074,0.0,0.0
2022-01-14 17:07:56.503293,0.05074,0.0,0.0
2022-01-14 17:07:57.003035,0.05074,0.0,0.0
2022-01-14 17:07:57.509781,-0.05074,0.0,0.0
2022-01-14 17:07:58.008776,0.05074,0.0,0.0
2022-01-14 17:07:58.503611,0.0,0.0,0.0
2022-01-14 17:07:59.001736,0.0,0.0,0.0
2022-01-14 17:07:59.508744,0.05074,0.0,0.0
2022-01-14 17:08:00.008986,0.0,0.0,0.0
2022-01-14 17:08:00.508541,0.0,0.0,0.0
2022-01-14 17:08:01.003396,0.0,0.0,0.0
2022-01-14 17:08:01.508054,0.0,0.0,0.0
2022-01-14 17:08:02.006353,0.0,0.0,0.0
2022-01-14 17:08:02.503416,0.0,0.0,0.0
2022-01-14 17:08:03.002086,-0.05074,0.0,0.0
2022-01-14 17:08:03.509368,0.0,0.0,0.0
2022-01-14 17:08:04.009148,0.05074,0.0,0.0
2022-01-14 17:08:04.504678,-0.05074,0.0,0.0
2022-01-14 17:08:05.003009,0.0,0.0,0.0
2022-01-14 17:08:05.508722,-0.05074,0.0,0.0
2022-01-14 17:08:06.005876,-0.05074,0.0,0.0
2022-01-14 17:08:06.501326,0.0,0.0,0.0
2022-01-14 17:08:07.009090,0.0,0.0,0.0
2022-01-14 17:08:07.504780,0.0,0.0,0.0
2022-01-14 17:08:08.002264,0.0,0.0,0.0
2022-01-14 17:08:08.507658,0.0,0.0,0.0
2022-01-14 17:08:09.005579,0.05074,0.0,0.0
2022-01-14 17:08:09.510719,-0.05074,0.0,0.0
2022-01-14 17:08:10.009989,0.05074,0.0,0.0
2022-01-14 17:08:10.505064,-0.05074,0.0,0.0
2022-01-14 17:08:11.002267,0.0,0.0,0.0
2022-01-14 17:08:11.509248,0.0,0.0,0.0
2022-01-14 17:08:12.010045,-0.05074,0.0,0.0
2022-01-14 17:08:12.506384,0.0,0.0,0.0
2022-01-14 17:08:13.002593,0.0,0.0,0.0
2022-01-14 17:08:13.507276,0.0,0.0,0.0
2022-01-14 17:08:14.006672,-0.05074,0.0,0.0
2022-01-14 17:08:14.502492,0.0,0.0,0.0
2022-01-14 17:08:15.002106,0.0,0.0,0.0
2022-01-14 17:08:15.503437,-0.05074,0.0,0.0
2022-01-14 17:08:16.001172,0.05074,0.0,0.0
2022-01-14 17:08:16.508586,0.0,0.0,0.0
2022-01-14 17:08:17.007101,0.0,0.0,0.0
2022-01-14 17:08:17.501712,0.05074,0.0,0.0
2022-01-14 17:08:18.001947,0.0,0.0,0.0
2022-01-14 17:08:18.509264,-0.05074,0.0,0.0
2022-01-14 17:08:19.007888,0.05074,0.0,0.0
2022-01-14 17:08:19.504571,0.0,0.0,0.0
2022-01-14 17:08:20.004066,-0.05074,0.0,0.0
2022-01-14 17:08:20.508594,0.05074,0.0,0.0
2022-01-14 17:08:21.005870,0.0,0.0,0.0
2022-01-14 17:08:21.501742,-0.05074,0.0,0.0
2022-01-14 17:08:22.002446,0.05074,0.0,0.0
2022-01-14 17:08:22.507734,0.0,0.0,0.0
2022-01-14 17:08:23.005231,-0.05074,0.0,0.0
2022-01-14 17:08:23.509496,0.05074,0.0,0.0
2022-01-14 17:08:24.007056,0.0,0.0,0.0
2022-01-14 17:08:24.503837,-0.05074,0.0,0.0
2022-01-14 17:08:25.003088,0.05074,0.0,0.0
2022-01-14 17:08:25.507694,0.0,0.0,0.0
2022-01-14 17:08:26.007318,-0.05074,0.0,0.0
2022-01-14 17:08:26.502456,0.05074,0.0,0.0
2022-01-14 17:08:27.001568,0.0,0.0,0.0
2022-01-14 17:08:27.505711,0.0,0.0,0.0
2022-01-14 17:08:28.003799,0.05074,0.0,0.0
2022-01-14 17:08:28.509724,0.0,0.0,0.0
2022-01-14 17:08:29.008296,-0.05074,0.0,0.0
2022-01-14 17:08:29.501325,0.05074,0.0,0.0
2022-01-14 17:08:30.009431,-0.05074,0.0,0.0
2022-01-14 17:08:30.505755,-0.05074,0.0,0.0
2022-01-14 17:08:31.003655,0.05074,0.0,0.0
2022-01-14 17:08:31.510436,-0.05074,0.0,0.0
2022-01-14 17:08:32.010647,0.0,0.0,0.0
2022-01-14 17:08:32.505631,0.05074,0.0,0.0
2022-01-14 17:08:33.003809,0.0,0.0,0.0
2022-01-14 17:08:33.508879,0.0,0.0,0.0
2022-01-14 17:08:34.005259,0.05074,0.0,0.0
2022-01-14 17:08:34.509913,-0.05074,0.0,0.0
2022-01-14 17:08:35.008725,-0.05074,0.0,0.0
2022-01-14 17:08:35.506363,0.05074,0.0,0.0
2022-01-14 17:08:36.005607,0.0,0.0,0.0
2022-01-14 17:08:36.511169,-0.05074,0.0,0.0
2022-01-14 17:08:37.010273,0.05074,0.0,0.0
2022-01-14 17:08:37.506872,-0.05074,0.0,0.0
2022-01-14 17:08:38.005625,-0.05074,0.0,0.0
2022-01-14 17:08:39.005169,0.0,0.0,0.0
2022-01-14 17:08:39.502371,0.05074,0.0,0.0
2022-01-14 17:08:40.001030,0.05074,0.0,0.0
2022-01-14 17:08:40.507031,0.0,0.0,0.0
2022-01-14 17:08:41.004836,0.0,0.0,0.0
2022-01-14 17:08:41.509559,0.0,0.0,0.0
2022-01-14 17:08:42.007366,0.0,0.0,0.0
2022-01-14 17:08:42.501785,0.0,0.0,0.0
2022-01-14 17:08:43.011108,-0.05074,0.0,0.0
2022-01-14 17:08:43.507338,-0.05074,0.0,0.0
2022-01-14 17:08:44.005118,0.0,0.0,0.0
2022-01-14 17:08:44.501199,0.0,0.0,0.0
2022-01-14 17:08:45.010397,-0.05074,0.0,0.0
2022-01-14 17:08:45.505057,-0.05074,0.0,0.0
2022-01-14 17:08:46.002879,0.05074,0.0,0.0
2022-01-14 17:08:46.507032,-0.05074,0.0,0.0
2022-01-14 17:08:47.005702,0.0,0.0,0.0
2022-01-14 17:08:47.509771,0.05074,0.0,0.0
2022-01-14 17:08:48.008348,0.0,0.0,0.0
2022-01-14 17:08:48.504040,0.0,0.0,0.0
2022-01-14 17:08:49.002170,0.0,0.0,0.0
2022-01-14 17:08:49.507472,-0.05074,0.0,0.0
2022-01-14 17:08:50.005808,0.0,0.0,0.0
2022-01-14 17:08:50.501916,0.05074,0.0,0.0
2022-01-14 17:08:51.001117,0.0,0.0,0.0
2022-01-14 17:08:51.505700,-0.05074,0.0,0.0
2022-01-14 17:08:52.001889,0.05074,0.0,0.0
2022-01-14 17:08:52.505623,-0.05074,0.0,0.0
2022-01-14 17:08:53.003516,-0.05074,0.0,0.0
2022-01-14 17:08:53.509956,0.05074,0.0,0.0
2022-01-14 17:08:54.007715,-0.05074,0.0,0.0
2022-01-14 17:08:54.501833,0.05074,0.0,0.0
2022-01-14 17:08:55.011118,0.0,0.0,0.0
2022-01-14 17:08:55.506538,-0.05074,0.0,0.0
2022-01-14 17:08:56.005756,0.0,0.0,0.0
2022-01-14 17:08:56.501416,0.0,0.0,0.0
2022-01-14 17:08:57.010175,-0.05074,0.0,0.0
2022-01-14 17:08:57.505964,0.05074,0.0,0.0
2022-01-14 17:08:58.007105,0.05074,0.0,0.0
2022-01-14 17:08:58.502990,-0.05074,0.0,0.0
2022-01-14 17:08:59.001194,0.05074,0.0,0.0
2022-01-14 17:08:59.506917,0.05074,0.0,0.0
2022-01-14 17:09:00.002098,-0.05074,0.0,0.0
2022-01-14 17:09:01.503278,-0.05074,0.0,0.0
2022-01-14 17:09:02.010901,0.05074,0.0,0.0
2022-01-14 17:09:02.507498,0.0,0.0,0.0
2022-01-14 17:09:03.005772,-0.05074,0.0,0.0
2022-01-14 17:09:03.511166,0.05074,0.0,0.0
2022-01-14 17:09:04.009773,0.0,0.0,0.0
2022-01-14 17:09:04.506523,-0.05074,0.0,0.0
2022-01-14 17:09:05.007085,0.05074,0.0,0.0
2022-01-14 17:09:05.502968,0.0,0.0,0.0
2022-01-14 17:09:06.010398,0.0,0.0,0.0
2022-01-14 17:09:06.506795,0.0,0.0,0.0
2022-01-14 17:09:07.004851,0.0,0.0,0.0
2022-01-14 17:09:07.508350,-0.05074,0.0,0.0
2022-01-14 17:09:08.006485,0.0,0.0,0.0
2022-01-14 17:09:08.503129,0.0,0.0,0.0
2022-01-14 17:09:09.001034,-0.05074,0.0,0.0
2022-01-14 17:09:09.506538,0.05074,0.0,0.0
2022-01-14 17:09:10.005805,0.0,0.0,0.0
2022-01-14 17:09:10.501164,0.0,0.0,0.0
2022-01-14 17:09:11.008249,0.0,0.0,0.0
2022-01-14 17:09:11.502704,0.0,0.0,0.0
2022-01-14 17:09:12.001132,0.0,0.0,0.0
2022-01-14 17:09:12.506673,0.0,0.0,0.0
2022-01-14 17:09:13.005379,0.0,0.0,0.0
2022-01-14 17:09:13.502252,0.0,0.0,0.0
2022-01-14 17:09:14.001503,0.0,0.0,0.0
2022-01-14 17:09:14.506893,0.0,0.0,0.0
2022-01-14 17:09:15.005237,0.0,0.0,0.0
2022-01-14 17:09:15.510170,0.0,0.0,0.0
2022-01-14 17:09:16.008447,0.0,0.0,0.0
2022-01-14 17:09:16.506595,0.0,0.0,0.0
2022-01-14 17:09:17.004147,0.0,0.0,0.0
2022-01-14 17:09:17.509628,0.0,0.0,0.0
2022-01-14 17:09:18.009050,0.0,0.0,0.0
2022-01-14 17:09:18.505492,0.0,0.0,0.0
2022-01-14 17:09:19.003286,0.0,0.0,0.0
2022-01-14 17:09:19.508689,0.0,0.0,0.0
2022-01-14 17:09:20.005354,0.0,0.0,0.0
2022-01-14 17:09:20.509074,0.0,0.0,0.0
2022-01-14 17:09:21.007974,0.0,0.0,0.0
2022-01-14 17:09:21.504766,0.0,0.0,0.0
2022-01-14 17:09:22.002465,0.0,0.0,0.0
2022-01-14 17:09:22.507526,0.0,0.0,0.0
2022-01-14 17:09:23.006370,0.0,0.0,0.0
2022-01-14 17:09:23.511179,0.0,0.0,0.0
2022-01-14 17:09:24.009837,0.0,0.0,0.0
2022-01-14 17:09:24.504620,0.0,0.0,0.0
2022-01-14 17:09:25.002146,0.0,0.0,0.0
2022-01-14 17:09:25.508973,-0.05074,0.0,0.0
2022-01-14 17:09:26.007584,0.0,0.0,0.0
2022-01-14 17:09:26.505183,0.0,0.0,0.0
2022-01-14 17:09:27.003419,0.0,0.0,0.0
2022-01-14 17:09:27.508800,0.0,0.0,0.0
2022-01-14 17:09:28.006626,0.0,0.0,0.0
2022-01-14 17:09:28.501134,0.0,0.0,0.0
2022-01-14 17:09:29.010304,0.05074,0.0,0.0
2022-01-14 17:09:29.505174,0.0,0.0,0.0
2022-01-14 17:09:30.004193,-0.05074,0.0,0.0
2022-01-14 17:09:30.502253,0.05074,0.0,0.0
2022-01-14 17:09:31.010763,0.0,0.0,0.0
2022-01-14 17:09:31.506254,-0.05074,0.0,0.0
2022-01-14 17:09:32.004862,0.05074,0.0,0.0
2022-01-14 17:09:32.510592,0.0,0.0,0.0
2022-01-14 17:09:33.008776,0.0,0.0,0.0
2022-01-14 17:09:33.503258,0.05074,0.0,0.0
2022-01-14 17:09:34.002249,0.0,0.0,0.0
2022-01-14 17:09:34.508526,-0.05074,0.0,0.0
2022-01-14 17:09:35.005760,0.05074,0.0,0.0
2022-01-14 17:09:35.509185,0.0,0.0,0.0
2022-01-14 17:09:36.006588,-0.05074,0.0,0.0
2022-01-14 17:09:36.502947,0.05074,0.0,0.0
2022-01-14 17:09:37.009994,0.0,0.0,0.0
2022-01-14 17:09:37.505569,0.0,0.0,0.0
2022-01-14 17:09:38.002033,0.05074,0.0,0.0
2022-01-14 17:09:38.508748,0.0,0.0,0.0
2022-01-14 17:09:39.008832,-0.05074,0.0,0.0
2022-01-14 17:09:39.502381,0.0,0.0,0.0
2022-01-14 17:09:40.010317,0.0,0.0,0.0
2022-01-14 17:09:40.505667,0.0,0.0,0.0
2022-01-14 17:09:41.004315,0.05074,0.0,0.0
2022-01-14 17:09:41.509317,0.0,0.0,0.0
2022-01-14 17:09:42.005776,0.0,0.0,0.0
2022-01-14 17:09:42.510324,0.0,0.0,0.0
2022-01-14 17:09:43.008795,0.0,0.0,0.0
2022-01-14 17:09:43.505925,0.0,0.0,0.0
2022-01-14 17:09:44.004700,0.0,0.0,0.0
2022-01-14 17:09:44.510738,0.0,0.0,0.0
2022-01-14 17:09:45.008862,0.0,0.0,0.0
2022-01-14 17:09:45.505110,0.0,0.0,0.0
2022-01-14 17:09:46.002300,0.0,0.0,0.0
2022-01-14 17:09:46.508600,0.0,0.0,0.0
2022-01-14 17:09:47.006410,0.0,0.0,0.0
2022-01-14 17:09:47.504092,0.0,0.0,0.0
2022-01-14 17:09:48.002114,-0.05074,0.0,0.0
2022-01-14 17:09:48.508038,0.0,0.0,0.0
2022-01-14 17:09:49.004623,0.0,0.0,0.0
2022-01-14 17:09:49.510197,-0.05074,0.0,0.0
2022-01-14 17:09:50.007511,0.05074,0.0,0.0
2022-01-14 17:09:50.503400,0.0,0.0,0.0
2022-01-14 17:09:51.001161,-0.05074,0.0,0.0
2022-01-14 17:09:51.507511,0.05074,0.0,0.0
2022-01-14 17:09:52.007029,0.0,0.0,0.0
2022-01-14 17:09:52.503037,0.0,0.0,0.0
2022-01-14 17:09:53.001266,0.0,0.0,0.0
2022-01-14 17:09:53.506097,0.0,0.0,0.0
2022-01-14 17:09:54.005172,0.0,0.0,0.0
2022-01-14 17:09:54.509196,0.05074,0.0,0.0
2022-01-14 17:09:55.007534,0.0,0.0,0.0
2022-01-14 17:09:55.501773,0.0,0.0,0.0
2022-01-14 17:09:56.010690,0.05074,0.0,0.0
2022-01-14 17:09:56.507423,0.0,0.0,0.0
2022-01-14 17:09:57.005015,-0.05074,0.0,0.0
2022-01-14 17:09:57.508724,0.05074,0.0,0.0
2022-01-14 17:09:58.005575,0.0,0.0,0.0
2022-01-14 17:09:58.501186,-0.05074,0.0,0.0
2022-01-14 17:09:59.008334,0.05074,0.0,0.0
2022-01-14 17:09:59.503220,0.0,0.0,0.0
2022-01-14 17:10:00.001688,-0.05074,0.0,0.0
2022-01-14 17:10:00.507389,0.05074,0.0,0.0
2022-01-14 17:10:01.005836,0.0,0.0,0.0
2022-01-14 17:10:01.510863,-0.05074,0.0,0.0
2022-01-14 17:10:02.009404,0.05074,0.0,0.0
2022-01-14 17:10:02.505829,0.0,0.0,0.0
2022-01-14 17:10:03.004888,-0.05074,0.0,0.0
2022-01-14 17:10:03.509665,0.05074,0.0,0.0
2022-01-14 17:10:04.009064,0.0,0.0,0.0
2022-01-14 17:10:04.505381,-0.05074,0.0,0.0
2022-01-14 17:10:05.004011,0.0,0.0,0.0
2022-01-14 17:10:05.509098,0.0,0.0,0.0
2022-01-14 17:10:06.006567,0.0,0.0,0.0
2022-01-14 17:10:06.501524,0.05074,0.0,0.0
2022-01-14 17:10:07.009746,0.0,0.0,0.0
2022-01-14 17:10:07.504274,0.0,0.0,0.0
2022-01-14 17:10:08.001652,0.0,0.0,0.0
2022-01-14 17:10:08.507283,-0.05074,0.0,0.0
2022-01-14 17:10:09.004942,0.05074,0.0,0.0
2022-01-14 17:10:10.003717,0.0,0.0,0.0
2022-01-14 17:10:10.509272,0.0,0.0,0.0
2022-01-14 17:10:11.007266,0.0,0.0,0.0
2022-01-14 17:10:11.502071,0.0,0.0,0.0
2022-01-14 17:10:12.011035,0.0,0.0,0.0
2022-01-14 17:10:12.506349,0.0,0.0,0.0
2022-01-14 17:10:13.004009,0.0,0.0,0.0
2022-01-14 17:10:13.510745,0.0,0.0,0.0
2022-01-14 17:10:14.010948,0.0,0.0,0.0
2022-01-14 17:10:14.506336,0.0,0.0,0.0
2022-01-14 17:10:15.005088,0.0,0.0,0.0
2022-01-14 17:10:15.509137,0.0,0.0,0.0
2022-01-14 17:10:16.006995,0.0,0.0,0.0
2022-01-14 17:10:16.501735,0.0,0.0,0.0
2022-01-14 17:10:17.009317,0.0,0.0,0.0
2022-01-14 17:10:17.503999,0.0,0.0,0.0
2022-01-14 17:10:18.010558,0.0,0.0,0.0
2022-01-14 17:10:18.506510,0.0,0.0,0.0
2022-01-14 17:10:19.005794,0.0,0.0,0.0
2022-01-14 17:10:19.510523,0.0,0.0,0.0
2022-01-14 17:10:20.008224,0.0,0.0,0.0
2022-01-14 17:10:20.502391,0.0,0.0,0.0
2022-01-14 17:10:21.001456,0.0,0.0,0.0
2022-01-14 17:10:21.506943,0.0,0.0,0.0
2022-01-14 17:10:22.005583,0.0,0.0,0.0
2022-01-14 17:10:22.510811,0.0,0.0,0.0
2022-01-14 17:10:23.009541,0.0,0.0,0.0
2022-01-14 17:10:23.504788,0.0,0.0,0.0
2022-01-14 17:10:24.002816,0.0,0.0,0.0
2022-01-14 17:10:24.507450,0.0,0.0,0.0
2022-01-14 17:10:25.006211,0.0,0.0,0.0
2022-01-14 17:10:25.510957,0.0,0.0,0.0
2022-01-14 17:10:26.009665,0.0,0.0,0.0
2022-01-14 17:10:26.506915,0.0,0.0,0.0
2022-01-14 17:10:27.005363,0.0,0.0,0.0
2022-01-14 17:10:27.501730,0.0,0.0,0.0
2022-01-14 17:10:28.010862,0.0,0.0,0.0
2022-01-14 17:10:28.505153,0.0,0.0,0.0
2022-01-14 17:10:29.002692,0.0,0.0,0.0
2022-01-14 17:10:29.509150,0.0,0.0,0.0
2022-01-14 17:10:30.007420,0.0,0.0,0.0
2022-01-14 17:10:30.503497,0.0,0.0,0.0
2022-01-14 17:10:31.504162,0.0,0.0,0.0
2022-01-14 17:10:32.002077,0.0,0.0,0.0
2022-01-14 17:10:32.509695,0.0,0.0,0.0
2022-01-14 17:10:33.008750,0.0,0.0,0.0
2022-01-14 17:10:33.504728,0.0,0.0,0.0
2022-01-14 17:10:34.002913,0.0,0.0,0.0
2022-01-14 17:10:34.509281,0.0,0.0,0.0
2022-01-14 17:10:35.008749,0.0,0.0,0.0
2022-01-14 17:10:35.503264,0.0,0.0,0.0
2022-01-14 17:10:36.001334,0.0,0.0,0.0
2022-01-14 17:10:36.505549,0.0,0.0,0.0
2022-01-14 17:10:37.004524,0.0,0.0,0.0
2022-01-14 17:10:37.508904,0.0,0.0,0.0
2022-01-14 17:10:38.007113,0.0,0.0,0.0
2022-01-14 17:10:38.502975,0.0,0.0,0.0
2022-01-14 17:10:39.010235,0.0,0.0,0.0
2022-01-14 17:10:39.504290,0.0,0.0,0.0
2022-01-14 17:10:40.001274,0.0,0.0,0.0
2022-01-14 17:10:40.506267,0.0,0.0,0.0
2022-01-14 17:10:41.004085,0.0,0.0,0.0
2022-01-14 17:10:41.510189,0.0,0.0,0.0
2022-01-14 17:10:42.007337,0.0,0.0,0.0
2022-01-14 17:10:42.501627,0.0,0.0,0.0
2022-01-14 17:10:43.010452,0.0,0.0,0.0
2022-01-14 17:10:43.507344,0.0,0.0,0.0
2022-01-14 17:10:44.005589,0.0,0.0,0.0
2022-01-14 17:10:45.004837,0.0,0.0,0.0
2022-01-14 17:10:45.510303,0.0,0.0,0.0
2022-01-14 17:10:46.009758,0.0,0.0,0.0
2022-01-14 17:10:46.505551,0.0,0.0,0.0
2022-01-14 17:10:47.004385,0.0,0.0,0.0
2022-01-14 17:10:47.509702,0.0,0.0,0.0
2022-01-14 17:10:48.008453,0.0,0.0,0.0
2022-01-14 17:10:48.504731,0.0,0.0,0.0
2022-01-14 17:10:49.002382,0.0,0.0,0.0
2022-01-14 17:10:49.507588,0.0,0.0,0.0
2022-01-14 17:10:50.005638,0.0,0.0,0.0
2022-01-14 17:10:50.503429,0.0,0.0,0.0
2022-01-14 17:10:51.001399,0.0,0.0,0.0
2022-01-14 17:10:51.505265,0.0,0.0,0.0
2022-01-14 17:10:52.003698,0.0,0.0,0.0
2022-01-14 17:10:52.510748,0.0,0.0,0.0
2022-01-14 17:10:53.009222,0.0,0.0,0.0
2022-01-14 17:10:53.504655,0.0,0.0,0.0
2022-01-14 17:10:54.002430,0.0,0.0,0.0
2022-01-14 17:10:54.506727,0.0,0.0,0.0
2022-01-14 17:10:55.006922,0.0,0.0,0.0
2022-01-14 17:10:55.504911,0.0,0.0,0.0
2022-01-14 17:10:56.003276,0.0,0.0,0.0
2022-01-14 17:10:56.511338,0.0,0.0,0.0
2022-01-14 17:10:57.008855,0.0,0.0,0.0
2022-01-14 17:10:57.504649,0.0,0.0,0.0
2022-01-14 17:10:58.004441,0.0,0.0,0.0
2022-01-14 17:10:58.509845,0.0,0.0,0.0
2022-01-14 17:10:59.007129,0.0,0.0,0.0
2022-01-14 17:10:59.503128,0.0,0.0,0.0
2022-01-14 17:11:00.010320,0.0,0.0,0.0
2022-01-14 17:11:00.507400,0.0,0.0,0.0
2022-01-14 17:11:01.006290,0.0,0.0,0.0
2022-01-14 17:11:01.502293,0.0,0.0,0.0
2022-01-14 17:11:02.001514,0.0,0.0,0.0
2022-01-14 17:11:02.506110,0.0,0.0,0.0
2022-01-14 17:11:03.002933,0.0,0.0,0.0
2022-01-14 17:11:03.510224,0.0,0.0,0.0
2022-01-14 17:11:04.008236,0.0,0.0,0.0
2022-01-14 17:11:04.504702,0.0,0.0,0.0
2022-01-14 17:11:05.002214,0.0,0.0,0.0
2022-01-14 17:11:05.507927,0.0,0.0,0.0
2022-01-14 17:11:06.004977,0.0,0.0,0.0
2022-01-14 17:11:06.509200,0.0,0.0,0.0
2022-01-14 17:11:07.008096,-0.05074,0.0,0.0
2022-01-14 17:11:07.505012,0.0,0.0,0.0
2022-01-14 17:11:08.003184,0.0,0.0,0.0
2022-01-14 17:11:08.510665,0.0,0.0,0.0
2022-01-14 17:11:09.008594,0.05074,0.0,0.0
2022-01-14 17:11:09.504480,0.0,0.0,0.0
2022-01-14 17:11:10.002169,-0.05074,0.0,0.0
2022-01-14 17:11:10.508576,0.0,0.0,0.0
2022-01-14 17:11:11.005736,0.0,0.0,0.0
2022-01-14 17:11:11.510776,0.0,0.0,0.0
2022-01-14 17:11:12.010558,0.0,0.0,0.0
2022-01-14 17:11:12.504802,0.0,0.0,0.0
2022-01-14 17:11:13.002999,0.0,0.0,0.0
2022-01-14 17:11:13.508930,0.0,0.0,0.0
2022-01-14 17:11:14.007566,0.0,0.0,0.0
2022-01-14 17:11:14.502853,0.0,0.0,0.0
2022-01-14 17:11:15.010233,0.0,0.0,0.0
2022-01-14 17:11:15.505066,0.0,0.0,0.0
2022-01-14 17:11:16.003916,0.0,0.0,0.0
2022-01-14 17:11:16.509956,0.0,0.0,0.0
2022-01-14 17:11:17.008882,0.0,0.0,0.0
2022-01-14 17:11:17.504928,0.0,0.0,0.0
2022-01-14 17:11:18.001759,0.0,0.0,0.0
2022-01-14 17:11:18.508160,0.0,0.0,0.0
2022-01-14 17:11:19.006497,0.0,0.0,0.0
2022-01-14 17:11:19.501148,0.0,0.0,0.0
2022-01-14 17:11:20.008975,0.0,0.0,0.0
2022-01-14 17:11:20.505042,0.0,0.0,0.0
2022-01-14 17:11:21.003379,0.0,0.0,0.0
2022-01-14 17:11:21.510635,0.0,0.0,0.0
2022-01-14 17:11:22.009079,0.0,0.0,0.0
2022-01-14 17:11:22.503495,0.0,0.0,0.0
2022-01-14 17:11:23.010848,0.0,0.0,0.0
2022-01-14 17:11:23.505408,0.0,0.0,0.0
2022-01-14 17:11:24.003893,0.0,0.0,0.0
2022-01-14 17:11:24.508845,0.0,0.0,0.0
2022-01-14 17:11:25.005715,0.0,0.0,0.0
2022-01-14 17:11:26.004930,0.0,0.0,0.0
2022-01-14 17:11:26.510645,0.0,0.0,0.0
2022-01-14 17:11:27.009329,0.0,0.0,0.0
2022-01-14 17:11:27.504902,0.0,0.0,0.0
2022-01-14 17:11:28.007746,0.0,0.0,0.0
2022-01-14 17:11:28.501273,0.0,0.0,0.0
2022-01-14 17:11:29.010350,0.0,0.0,0.0
2022-01-14 17:11:29.506178,0.0,0.0,0.0
2022-01-14 17:11:30.004158,0.0,0.0,0.0
2022-01-14 17:11:30.511006,0.0,0.0,0.0
2022-01-14 17:11:31.009116,0.0,0.0,0.0
2022-01-14 17:11:31.504303,0.0,0.0,0.0
2022-01-14 17:11:32.001831,0.0,0.0,0.0
2022-01-14 17:11:32.507169,0.0,0.0,0.0
2022-01-14 17:11:33.004750,0.0,0.0,0.0
2022-01-14 17:11:33.511141,0.0,0.0,0.0
2022-01-14 17:11:34.009511,0.0,0.0,0.0
2022-01-14 17:11:34.505072,0.0,0.0,0.0
2022-01-14 17:11:35.004695,0.0,0.0,0.0
2022-01-14 17:11:35.510964,0.0,0.0,0.0
2022-01-14 17:11:36.009282,0.0,0.0,0.0
2022-01-14 17:11:36.503983,0.0,0.0,0.0
2022-01-14 17:11:37.001941,0.0,0.0,0.0
2022-01-14 17:11:37.505676,0.0,0.0,0.0
2022-01-14 17:11:38.004152,0.0,0.0,0.0
2022-01-14 17:11:38.509532,0.0,0.0,0.0
2022-01-14 17:11:39.008824,0.0,0.0,0.0
2022-01-14 17:11:39.503568,0.0,0.0,0.0
2022-01-14 17:11:40.011136,0.0,0.0,0.0
2022-01-14 17:11:40.505939,0.0,0.0,0.0
2022-01-14 17:11:41.004154,0.0,0.0,0.0
2022-01-14 17:11:41.509709,0.0,0.0,0.0
2022-01-14 17:11:42.007482,0.0,0.0,0.0
2022-01-14 17:11:42.502958,0.0,0.0,0.0
2022-01-14 17:11:43.001834,0.0,0.0,0.0
2022-01-14 17:11:43.505541,0.0,0.0,0.0
2022-01-14 17:11:44.004957,0.0,0.0,0.0
2022-01-14 17:11:44.501455,0.0,0.0,0.0
2022-01-14 17:11:45.009716,0.0,0.0,0.0
2022-01-14 17:11:45.503885,0.0,0.0,0.0
2022-01-14 17:11:46.001415,0.0,0.0,0.0
2022-01-14 17:11:46.507303,0.0,0.0,0.0
2022-01-14 17:11:47.006582,0.0,0.0,0.0
2022-01-14 17:11:47.510630,0.0,0.0,0.0
2022-01-14 17:11:48.007488,0.0,0.0,0.0
2022-01-14 17:11:48.502304,0.0,0.0,0.0
2022-01-14 17:11:49.010802,0.0,0.0,0.0
2022-01-14 17:11:49.507390,0.0,0.0,0.0
2022-01-14 17:11:50.005911,0.0,0.0,0.0
2022-01-14 17:11:50.511116,0.0,0.0,0.0
2022-01-14 17:11:51.009578,0.0,0.0,0.0
2022-01-14 17:11:51.507190,0.0,0.0,0.0
2022-01-14 17:11:52.004010,0.0,0.0,0.0
2022-01-14 17:11:52.510031,0.0,0.0,0.0
2022-01-14 17:11:53.009139,0.0,0.0,0.0
2022-01-14 17:11:53.505635,0.0,0.0,0.0
2022-01-14 17:11:54.004514,0.0,0.0,0.0
2022-01-14 17:11:54.509488,0.0,0.0,0.0
2022-01-14 17:11:55.008345,0.0,0.0,0.0
2022-01-14 17:11:55.504477,0.0,0.0,0.0
2022-01-14 17:11:56.002391,0.0,0.0,0.0
2022-01-14 17:11:56.506830,0.0,0.0,0.0
2022-01-14 17:11:57.004058,0.0,0.0,0.0
2022-01-14 17:11:57.509783,0.0,0.0,0.0
2022-01-14 17:11:58.008539,0.0,0.0,0.0
2022-01-14 17:11:58.503872,0.0,0.0,0.0
2022-01-14 17:11:59.002094,0.0,0.0,0.0
2022-01-14 17:11:59.508713,0.0,0.0,0.0
2022-01-14 17:12:00.006523,0.0,0.0,0.0
2022-01-14 17:12:00.503700,0.0,0.0,0.0
2022-01-14 17:12:01.001603,0.0,0.0,0.0
2022-01-14 17:12:01.506940,0.0,0.0,0.0
2022-01-14 17:12:02.005598,0.0,0.0,0.0
2022-01-14 17:12:02.510156,0.0,0.0,0.0
2022-01-14 17:12:03.007822,0.0,0.0,0.0
2022-01-14 17:12:03.503423,0.0,0.0,0.0
2022-01-14 17:12:04.002032,0.0,0.0,0.0
2022-01-14 17:12:04.506944,0.0,0.0,0.0
2022-01-14 17:12:05.005732,0.0,0.0,0.0
2022-01-14 17:12:05.510932,0.0,0.0,0.0
2022-01-14 17:12:06.009008,0.0,0.0,0.0
2022-01-14 17:12:06.506436,0.0,0.0,0.0
2022-01-14 17:12:07.004032,0.0,0.0,0.0
2022-01-14 17:12:07.510463,0.0,0.0,0.0
2022-01-14 17:12:08.008849,0.0,0.0,0.0
2022-01-14 17:12:08.503423,0.0,0.0,0.0
2022-01-14 17:12:09.002572,0.0,0.0,0.0
2022-01-14 17:12:09.507744,0.0,0.0,0.0
2022-01-14 17:12:10.005131,0.0,0.0,0.0
2022-01-14 17:12:10.501156,0.0,0.0,0.0
2022-01-14 17:12:11.010727,0.0,0.0,0.0
2022-01-14 17:12:11.505929,0.0,0.0,0.0
2022-01-14 17:12:12.004180,0.0,0.0,0.0
2022-01-14 17:12:12.509988,0.0,0.0,0.0
2022-01-14 17:12:13.009425,0.0,0.0,0.0
2022-01-14 17:12:13.503848,0.0,0.0,0.0
2022-01-14 17:12:14.001387,0.0,0.0,0.0
2022-01-14 17:12:14.506192,0.0,0.0,0.0
2022-01-14 17:12:15.004792,0.0,0.0,0.0
2022-01-14 17:12:15.510287,0.0,0.0,0.0
2022-01-14 17:12:16.009100,0.0,0.0,0.0
2022-01-14 17:12:16.506790,0.0,0.0,0.0
2022-01-14 17:12:17.006986,0.0,0.0,0.0
2022-01-14 17:12:17.501227,0.0,0.0,0.0
2022-01-14 17:12:18.008914,0.0,0.0,0.0
2022-01-14 17:12:18.503916,0.0,0.0,0.0
2022-01-14 17:12:19.001641,0.0,0.0,0.0
2022-01-14 17:12:19.506027,0.0,0.0,0.0
2022-01-14 17:12:20.004816,0.0,0.0,0.0
2022-01-14 17:12:20.509736,0.0,0.0,0.0
2022-01-14 17:12:21.008429,0.0,0.0,0.0
2022-01-14 17:12:21.501755,0.0,0.0,0.0
2022-01-14 17:12:22.001696,0.0,0.0,0.0
2022-01-14 17:12:22.506929,0.0,0.0,0.0
2022-01-14 17:12:23.004048,0.0,0.0,0.0
2022-01-14 17:12:23.507895,0.0,0.0,0.0
2022-01-14 17:12:24.005237,0.0,0.0,0.0
2022-01-14 17:12:24.504329,0.0,0.0,0.0
2022-01-14 17:12:25.010324,0.0,0.0,0.0
2022-01-14 17:12:25.504097,0.0,0.0,0.0
2022-01-14 17:12:26.001904,0.0,0.0,0.0
2022-01-14 17:12:26.506607,0.0,0.0,0.0
2022-01-14 17:12:27.004736,0.0,0.0,0.0
2022-01-14 17:12:27.509031,0.0,0.0,0.0
2022-01-14 17:12:28.005146,0.0,0.0,0.0
2022-01-14 17:12:28.510820,0.0,0.0,0.0
2022-01-14 17:12:29.009861,0.0,0.0,0.0
2022-01-14 17:12:29.506047,0.0,0.0,0.0
2022-01-14 17:12:30.003815,0.0,0.0,0.0
2022-01-14 17:12:30.508692,0.0,0.0,0.0
2022-01-14 17:12:31.008440,0.0,0.0,0.0
2022-01-14 17:12:31.503191,0.0,0.0,0.0
2022-01-14 17:12:32.010421,0.0,0.0,0.0
2022-01-14 17:12:32.505067,0.0,0.0,0.0
2022-01-14 17:12:33.001569,0.0,0.0,0.0
2022-01-14 17:12:33.508122,0.0,0.0,0.0
2022-01-14 17:12:34.006320,0.0,0.0,0.0
2022-01-14 17:12:35.005148,0.0,0.0,0.0
2022-01-14 17:12:35.509187,0.0,0.0,0.0
2022-01-14 17:12:36.007149,0.0,0.0,0.0
2022-01-14 17:12:36.501208,0.0,0.0,0.0
2022-01-14 17:12:37.010608,0.0,0.0,0.0
2022-01-14 17:12:37.504462,0.0,0.0,0.0
2022-01-14 17:12:38.001561,0.0,0.0,0.0
2022-01-14 17:12:38.510581,0.0,0.0,0.0
2022-01-14 17:12:39.007524,0.0,0.0,0.0
2022-01-14 17:12:39.501584,0.0,0.0,0.0
2022-01-14 17:12:40.008533,0.0,0.0,0.0
2022-01-14 17:12:40.502617,0.0,0.0,0.0
2022-01-14 17:12:41.001227,0.0,0.0,0.0
2022-01-14 17:12:41.505506,0.0,0.0,0.0
2022-01-14 17:12:42.004491,0.0,0.0,0.0
2022-01-14 17:12:42.501964,0.0,0.0,0.0
2022-01-14 17:12:43.010186,0.0,0.0,0.0
2022-01-14 17:12:43.504197,0.0,0.0,0.0
2022-01-14 17:12:44.001292,0.0,0.0,0.0
2022-01-14 17:12:44.506939,0.0,0.0,0.0
2022-01-14 17:12:45.005162,0.0,0.0,0.0
2022-01-14 17:12:45.509966,0.0,0.0,0.0
2022-01-14 17:12:46.008220,0.0,0.0,0.0
2022-01-14 17:12:46.502547,0.0,0.0,0.0
2022-01-14 17:12:47.002592,0.0,0.0,0.0
2022-01-14 17:12:47.507716,0.0,0.0,0.0
2022-01-14 17:12:48.005732,0.0,0.0,0.0
2022-01-14 17:12:48.510756,0.0,0.0,0.0
2022-01-14 17:12:49.007473,0.0,0.0,0.0
2022-01-14 17:12:49.501441,0.0,0.0,0.0
2022-01-14 17:12:50.008704,0.0,0.0,0.0
2022-01-14 17:12:50.504309,0.0,0.0,0.0
2022-01-14 17:12:51.003751,0.0,0.0,0.0
2022-01-14 17:12:51.510024,0.0,0.0,0.0
2022-01-14 17:12:52.008894,0.0,0.0,0.0
2022-01-14 17:12:52.504663,0.0,0.0,0.0
2022-01-14 17:12:53.002085,0.0,0.0,0.0
2022-01-14 17:12:53.510130,0.0,0.0,0.0
2022-01-14 17:12:54.008788,0.0,0.0,0.0
2022-01-14 17:12:54.503443,0.0,0.0,0.0
2022-01-14 17:12:55.001348,0.0,0.0,0.0
2022-01-14 17:12:55.506654,0.0,0.0,0.0
2022-01-14 17:12:56.005747,0.0,0.0,0.0
2022-01-14 17:12:56.501716,0.0,0.0,0.0
2022-01-14 17:12:57.010721,0.0,0.0,0.0
2022-01-14 17:12:57.506361,0.0,0.0,0.0
2022-01-14 17:12:58.004889,0.0,0.0,0.0
2022-01-14 17:12:58.503350,0.0,0.0,0.0
2022-01-14 17:12:59.001118,0.0,0.0,0.0
2022-01-14 17:12:59.508140,0.0,0.0,0.0
2022-01-14 17:13:00.006617,0.0,0.0,0.0
2022-01-14 17:13:00.502930,0.0,0.0,0.0
2022-01-14 17:13:01.010970,0.0,0.0,0.0
2022-01-14 17:13:01.506049,0.0,0.0,0.0
2022-01-14 17:13:02.005222,0.0,0.0,0.0
2022-01-14 17:13:02.509623,0.0,0.0,0.0
2022-01-14 17:13:03.008169,0.0,0.0,0.0
2022-01-14 17:13:03.502659,0.0,0.0,0.0
2022-01-14 17:13:04.002982,0.0,0.0,0.0
2022-01-14 17:13:04.508729,0.0,0.0,0.0
2022-01-14 17:13:05.009376,0.0,0.0,0.0
2022-01-14 17:13:05.504748,0.0,0.0,0.0
2022-01-14 17:13:06.011230,0.0,0.0,0.0
2022-01-14 17:13:06.507436,0.0,0.0,0.0
2022-01-14 17:13:07.005057,0.0,0.0,0.0
2022-01-14 17:13:07.509253,0.0,0.0,0.0
2022-01-14 17:13:08.007024,0.0,0.0,0.0
2022-01-14 17:13:08.501636,0.0,0.0,0.0
2022-01-14 17:13:09.504995,0.0,0.0,0.0
2022-01-14 17:13:10.001617,0.0,0.0,0.0
2022-01-14 17:13:10.507557,0.0,0.0,0.0
2022-01-14 17:13:11.005625,0.0,0.0,0.0
2022-01-14 17:13:11.509899,0.0,0.0,0.0
2022-01-14 17:13:12.008991,0.0,0.0,0.0
2022-01-14 17:13:12.503988,0.0,0.0,0.0
2022-01-14 17:13:13.001310,0.0,0.0,0.0
2022-01-14 17:13:13.507605,0.0,0.0,0.0
2022-01-14 17:13:14.005744,0.0,0.0,0.0
2022-01-14 17:13:14.502659,0.0,0.0,0.0
2022-01-14 17:13:15.010674,0.0,0.0,0.0
2022-01-14 17:13:15.506022,0.0,0.0,0.0
2022-01-14 17:13:16.003761,0.0,0.0,0.0
2022-01-14 17:13:16.508718,0.0,0.0,0.0
2022-01-14 17:13:17.005761,0.0,0.0,0.0
2022-01-14 17:13:18.005038,0.0,0.0,0.0
2022-01-14 17:13:18.510247,0.0,0.0,0.0
2022-01-14 17:13:19.008766,0.0,0.0,0.0
2022-01-14 17:13:19.505548,0.0,0.0,0.0
2022-01-14 17:13:20.003249,0.0,0.0,0.0
2022-01-14 17:13:20.509547,0.0,0.0,0.0
2022-01-14 17:13:21.006395,0.0,0.0,0.0
2022-01-14 17:13:21.504665,0.0,0.0,0.0
2022-01-14 17:13:22.003017,0.0,0.0,0.0
2022-01-14 17:13:22.508845,0.0,0.0,0.0
2022-01-14 17:13:23.006681,0.0,0.0,0.0
2022-01-14 17:13:23.502248,0.0,0.0,0.0
2022-01-14 17:13:24.011240,0.0,0.0,0.0
2022-01-14 17:13:24.505438,0.0,0.0,0.0
2022-01-14 17:13:25.001715,0.0,0.0,0.0
2022-01-14 17:13:25.506860,0.0,0.0,0.0
2022-01-14 17:13:26.005801,0.0,0.0,0.0
2022-01-14 17:13:26.510892,0.0,0.0,0.0
2022-01-14 17:13:27.009908,0.0,0.0,0.0
2022-01-14 17:13:27.504368,0.0,0.0,0.0
2022-01-14 17:13:28.003130,0.0,0.0,0.0
2022-01-14 17:13:28.508898,0.0,0.0,0.0
2022-01-14 17:13:29.005739,0.0,0.0,0.0
2022-01-14 17:13:29.510883,0.0,0.0,0.0
2022-01-14 17:13:30.009706,0.0,0.0,0.0
2022-01-14 17:13:30.504141,0.0,0.0,0.0
2022-01-14 17:13:31.002337,0.0,0.0,0.0
2022-01-14 17:13:31.507355,0.0,0.0,0.0
2022-01-14 17:13:32.005807,0.0,0.0,0.0
2022-01-14 17:13:32.504062,0.0,0.0,0.0
2022-01-14 17:13:33.003227,0.0,0.0,0.0
2022-01-14 17:13:33.508876,0.0,0.0,0.0
2022-01-14 17:13:34.007250,0.0,0.0,0.0
2022-01-14 17:13:34.503343,0.0,0.0,0.0
2022-01-14 17:13:35.002311,0.0,0.0,0.0
2022-01-14 17:13:35.507819,0.0,0.0,0.0
2022-01-14 17:13:36.006264,0.0,0.0,0.0
2022-01-14 17:13:36.502328,0.0,0.0,0.0
2022-01-14 17:13:37.001768,0.0,0.0,0.0
2022-01-14 17:13:37.508443,0.0,0.0,0.0
2022-01-14 17:13:38.006176,0.0,0.0,0.0
2022-01-14 17:13:39.004503,0.0,0.0,0.0
2022-01-14 17:13:39.509387,0.0,0.0,0.0
2022-01-14 17:13:40.007097,0.0,0.0,0.0
2022-01-14 17:13:40.501989,0.0,0.0,0.0
2022-01-14 17:13:41.001119,0.0,0.0,0.0
2022-01-14 17:13:41.507545,0.0,0.0,0.0
2022-01-14 17:13:42.006400,0.0,0.0,0.0
2022-01-14 17:13:42.503233,0.0,0.0,0.0
2022-01-14 17:13:43.002298,0.0,0.0,0.0
2022-01-14 17:13:43.507527,0.0,0.0,0.0
2022-01-14 17:13:44.005049,0.0,0.0,0.0
2022-01-14 17:13:44.510427,0.0,0.0,0.0
2022-01-14 17:13:45.008789,0.0,0.0,0.0
2022-01-14 17:13:45.503872,0.0,0.0,0.0
2022-01-14 17:13:46.002372,0.0,0.0,0.0
2022-01-14 17:13:46.510961,0.0,0.0,0.0
2022-01-14 17:13:47.009167,0.0,0.0,0.0
2022-01-14 17:13:47.503787,0.0,0.0,0.0
2022-01-14 17:13:48.002270,0.0,0.0,0.0
2022-01-14 17:13:48.507013,0.0,0.0,0.0
2022-01-14 17:13:49.003816,0.0,0.0,0.0
2022-01-14 17:13:49.509771,0.0,0.0,0.0
2022-01-14 17:13:50.007648,0.0,0.0,0.0
2022-01-14 17:13:50.503601,0.0,0.0,0.0
2022-01-14 17:13:51.002341,0.0,0.0,0.0
2022-01-14 17:13:51.504687,0.0,0.0,0.0
2022-01-14 17:13:52.002374,0.0,0.0,0.0
2022-01-14 17:13:52.507250,0.0,0.0,0.0
2022-01-14 17:13:53.005788,0.0,0.0,0.0
2022-01-14 17:13:53.510740,0.0,0.0,0.0
2022-01-14 17:13:54.010706,0.0,0.0,0.0
2022-01-14 17:13:54.505124,0.0,0.0,0.0
2022-01-14 17:13:55.002492,0.0,0.0,0.0
2022-01-14 17:13:55.508747,0.0,0.0,0.0
2022-01-14 17:13:56.007123,0.0,0.0,0.0
2022-01-14 17:13:56.502016,0.0,0.0,0.0
2022-01-14 17:13:57.009886,0.0,0.0,0.0
2022-01-14 17:13:57.504662,0.0,0.0,0.0
2022-01-14 17:13:58.004332,0.0,0.0,0.0
2022-01-14 17:13:58.509730,0.0,0.0,0.0
2022-01-14 17:13:59.007473,0.0,0.0,0.0
2022-01-14 17:13:59.503038,0.0,0.0,0.0
2022-01-14 17:14:00.002187,0.0,0.0,0.0
2022-01-14 17:14:00.506819,0.0,0.0,0.0
2022-01-14 17:14:01.005751,0.0,0.0,0.0
2022-01-14 17:14:01.511001,0.0,0.0,0.0
2022-01-14 17:14:02.008832,0.0,0.0,0.0
2022-01-14 17:14:02.505800,0.0,0.0,0.0
2022-01-14 17:14:03.002937,0.0,0.0,0.0
2022-01-14 17:14:03.509772,0.0,0.0,0.0
2022-01-14 17:14:04.008727,0.0,0.0,0.0
2022-01-14 17:14:04.504649,0.0,0.0,0.0
2022-01-14 17:14:05.002242,0.0,0.0,0.0
2022-01-14 17:14:05.507853,0.0,0.0,0.0
2022-01-14 17:14:06.007185,0.0,0.0,0.0
2022-01-14 17:14:06.501376,0.0,0.0,0.0
2022-01-14 17:14:07.011071,0.0,0.0,0.0
2022-01-14 17:14:07.506042,0.0,0.0,0.0
2022-01-14 17:14:08.006336,0.0,0.0,0.0
2022-01-14 17:14:08.502304,0.0,0.0,0.0
2022-01-14 17:14:09.505152,0.0,0.0,0.0
2022-01-14 17:14:10.002033,0.0,0.0,0.0
2022-01-14 17:14:10.507453,0.0,0.0,0.0
2022-01-14 17:14:11.004982,0.0,0.0,0.0
2022-01-14 17:14:11.510487,0.0,0.0,0.0
2022-01-14 17:14:12.006691,0.0,0.0,0.0
2022-01-14 17:14:12.510930,0.0,0.0,0.0
2022-01-14 17:14:13.008273,0.0,0.0,0.0
2022-01-14 17:14:13.505409,0.0,0.0,0.0
2022-01-14 17:14:14.004322,0.0,0.0,0.0
2022-01-14 17:14:14.509136,0.0,0.0,0.0
2022-01-14 17:14:15.007401,0.0,0.0,0.0
2022-01-14 17:14:15.505169,0.0,0.0,0.0
2022-01-14 17:14:16.002918,0.0,0.0,0.0
2022-01-14 17:14:16.506362,0.0,0.0,0.0
2022-01-14 17:14:17.003377,0.0,0.0,0.0
2022-01-14 17:14:17.509670,0.0,0.0,0.0
2022-01-14 17:14:18.007604,0.0,0.0,0.0
2022-01-14 17:14:19.004724,0.0,0.0,0.0
2022-01-14 17:14:19.510317,0.0,0.0,0.0
2022-01-14 17:14:20.008591,0.0,0.0,0.0
2022-01-14 17:14:20.502977,0.0,0.0,0.0
2022-01-14 17:14:21.001495,0.0,0.0,0.0
2022-01-14 17:14:21.506557,0.0,0.0,0.0
2022-01-14 17:14:22.005162,0.0,0.0,0.0
2022-01-14 17:14:22.501042,0.0,0.0,0.0
2022-01-14 17:14:23.010339,0.0,0.0,0.0
2022-01-14 17:14:23.507404,0.0,0.0,0.0
2022-01-14 17:14:24.004743,0.0,0.0,0.0
2022-01-14 17:14:24.501215,0.0,0.0,0.0
2022-01-14 17:14:25.009093,0.0,0.0,0.0
2022-01-14 17:14:25.503580,0.0,0.0,0.0
2022-01-14 17:14:26.001950,0.0,0.0,0.0
2022-01-14 17:14:26.508914,0.0,0.0,0.0
2022-01-14 17:14:27.007884,0.0,0.0,0.0
2022-01-14 17:14:27.502122,0.0,0.0,0.0
2022-01-14 17:14:28.010478,0.0,0.0,0.0
2022-01-14 17:14:28.503985,0.0,0.0,0.0
2022-01-14 17:14:29.002198,0.0,0.0,0.0
2022-01-14 17:14:29.507478,0.0,0.0,0.0
2022-01-14 17:14:30.005336,0.0,0.0,0.0
2022-01-14 17:14:30.508957,0.0,0.0,0.0
2022-01-14 17:14:31.007205,0.0,0.0,0.0
2022-01-14 17:14:31.503677,0.0,0.0,0.0
2022-01-14 17:14:32.001117,0.0,0.0,0.0
2022-01-14 17:14:32.508247,0.0,0.0,0.0
2022-01-14 17:14:33.005775,0.0,0.0,0.0
2022-01-14 17:14:33.501701,0.0,0.0,0.0
2022-01-14 17:14:34.010249,0.0,0.0,0.0
2022-01-14 17:14:34.505890,0.0,0.0,0.0
2022-01-14 17:14:35.004068,0.0,0.0,0.0
2022-01-14 17:14:35.503420,0.0,0.0,0.0
2022-01-14 17:14:36.001156,0.0,0.0,0.0
2022-01-14 17:14:36.506668,0.0,0.0,0.0
2022-01-14 17:14:37.003711,0.0,0.0,0.0
2022-01-14 17:14:37.508841,0.0,0.0,0.0
2022-01-14 17:14:38.005765,0.0,0.0,0.0
2022-01-14 17:14:38.502179,0.0,0.0,0.0
2022-01-14 17:14:39.010441,0.0,0.0,0.0
2022-01-14 17:14:39.505165,0.0,0.0,0.0
2022-01-14 17:14:40.004843,0.0,0.0,0.0
2022-01-14 17:14:40.509013,0.0,0.0,0.0
2022-01-14 17:14:41.008096,0.0,0.0,0.0
2022-01-14 17:14:41.502899,0.0,0.0,0.0
2022-01-14 17:14:42.010439,0.0,0.0,0.0
2022-01-14 17:14:42.505667,0.0,0.0,0.0
2022-01-14 17:14:43.005239,0.0,0.0,0.0
2022-01-14 17:14:43.509765,0.0,0.0,0.0
2022-01-14 17:14:44.008446,0.0,0.0,0.0
2022-01-14 17:14:44.505949,0.0,0.0,0.0
2022-01-14 17:14:45.003571,0.0,0.0,0.0
2022-01-14 17:14:45.508086,0.0,0.0,0.0
2022-01-14 17:14:46.006264,0.0,0.0,0.0
2022-01-14 17:14:46.510915,0.0,0.0,0.0
2022-01-14 17:14:47.010641,0.0,0.0,0.0
2022-01-14 17:14:47.506399,0.0,0.0,0.0
2022-01-14 17:14:48.005370,0.0,0.0,0.0
2022-01-14 17:14:48.510994,0.0,0.0,0.0
2022-01-14 17:14:49.010971,0.0,0.0,0.0
2022-01-14 17:14:49.505260,0.0,0.0,0.0
2022-01-14 17:14:50.003620,0.0,0.0,0.0
2022-01-14 17:14:50.509164,0.0,0.0,0.0
2022-01-14 17:14:51.006125,0.0,0.0,0.0
2022-01-14 17:14:51.510669,0.0,0.0,0.0
2022-01-14 17:14:52.009586,0.0,0.0,0.0
2022-01-14 17:14:52.504007,0.0,0.0,0.0
2022-01-14 17:14:53.001261,0.0,0.0,0.0
2022-01-14 17:14:53.506945,0.0,0.0,0.0
2022-01-14 17:14:54.004319,0.0,0.0,0.0
2022-01-14 17:14:54.510233,0.0,0.0,0.0
2022-01-14 17:14:55.007846,0.0,0.0,0.0
2022-01-14 17:14:55.501682,0.0,0.0,0.0
2022-01-14 17:14:56.009340,0.0,0.0,0.0
2022-01-14 17:14:56.509186,0.0,0.0,0.0
2022-01-14 17:14:57.006484,0.0,0.0,0.0
2022-01-14 17:14:57.502085,0.0,0.0,0.0
2022-01-14 17:14:58.010195,0.0,0.0,0.0
2022-01-14 17:14:58.505699,0.0,0.0,0.0
2022-01-14 17:14:59.004144,0.0,0.0,0.0
2022-01-14 17:14:59.510511,0.0,0.0,0.0
2022-01-14 17:15:00.503833,0.0,0.0,0.0
2022-01-14 17:15:01.504738,0.0,0.0,0.0
2022-01-14 17:15:02.001448,0.0,0.0,0.0
2022-01-14 17:15:02.505883,0.0,0.0,0.0
2022-01-14 17:15:03.011035,0.0,0.0,0.0
2022-01-14 17:15:03.501821,0.0,0.0,0.0
2022-01-14 17:15:04.001231,0.0,0.0,0.0
2022-01-14 17:15:04.501547,0.0,0.0,0.0
2022-01-14 17:15:05.009360,0.0,0.0,0.0
2022-01-14 17:15:05.503473,0.0,0.0,0.0
2022-01-14 17:15:06.001992,0.0,0.0,0.0
2022-01-14 17:15:06.505652,0.0,0.0,0.0
2022-01-14 17:15:07.009791,0.0,0.0,0.0
2022-01-14 17:15:07.502856,0.0,0.0,0.0
2022-01-14 17:15:08.002818,0.0,0.0,0.0
2022-01-14 17:15:08.507728,0.0,0.0,0.0
2022-01-14 17:15:09.005947,0.0,0.0,0.0
2022-01-14 17:15:09.510299,0.0,0.0,0.0
2022-01-14 17:15:10.009424,0.0,0.0,0.0
2022-01-14 17:15:10.504670,0.0,0.0,0.0
2022-01-14 17:15:11.002243,0.0,0.0,0.0
2022-01-14 17:15:11.507449,0.0,0.0,0.0
2022-01-14 17:15:12.004273,0.0,0.0,0.0
2022-01-14 17:15:12.511221,0.0,0.0,0.0
2022-01-14 17:15:13.009485,0.0,0.0,0.0
2022-01-14 17:15:13.505481,0.0,0.0,0.0
2022-01-14 17:15:14.001924,0.0,0.0,0.0
2022-01-14 17:15:14.507208,0.0,0.0,0.0
2022-01-14 17:15:15.005374,0.0,0.0,0.0
2022-01-14 17:15:15.509495,0.0,0.0,0.0
2022-01-14 17:15:16.006649,0.0,0.0,0.0
2022-01-14 17:15:16.503013,0.0,0.0,0.0
2022-01-14 17:15:17.002605,0.0,0.0,0.0
2022-01-14 17:15:17.507339,0.0,0.0,0.0
2022-01-14 17:15:18.004665,0.0,0.0,0.0
2022-01-14 17:15:18.508590,0.0,0.0,0.0
2022-01-14 17:15:19.006254,0.0,0.0,0.0
2022-01-14 17:15:19.501591,0.0,0.0,0.0
2022-01-14 17:15:20.001362,0.0,0.0,0.0
2022-01-14 17:15:20.506937,0.0,0.0,0.0
2022-01-14 17:15:21.005213,0.0,0.0,0.0
2022-01-14 17:15:21.510324,0.0,0.0,0.0
2022-01-14 17:15:22.008664,0.0,0.0,0.0
2022-01-14 17:15:22.502712,0.0,0.0,0.0
2022-01-14 17:15:23.010347,0.0,0.0,0.0
2022-01-14 17:15:23.505245,0.0,0.0,0.0
2022-01-14 17:15:24.003560,0.0,0.0,0.0
2022-01-14 17:15:24.508692,0.0,0.0,0.0
2022-01-14 17:15:25.007491,0.0,0.0,0.0
2022-01-14 17:15:25.502300,0.0,0.0,0.0
2022-01-14 17:15:26.001137,0.0,0.0,0.0
2022-01-14 17:15:26.505911,0.0,0.0,0.0
2022-01-14 17:15:27.005381,0.0,0.0,0.0
2022-01-14 17:15:27.510184,0.0,0.0,0.0
2022-01-14 17:15:28.008079,0.0,0.0,0.0
2022-01-14 17:15:28.504493,0.0,0.0,0.0
2022-01-14 17:15:29.001777,0.0,0.0,0.0
2022-01-14 17:15:29.506108,0.0,0.0,0.0
2022-01-14 17:15:30.006402,0.0,0.0,0.0
2022-01-14 17:15:30.511078,0.0,0.0,0.0
2022-01-14 17:15:31.008286,0.0,0.0,0.0
2022-01-14 17:15:31.504839,0.0,0.0,0.0
2022-01-14 17:15:32.001841,0.0,0.0,0.0
2022-01-14 17:15:32.506833,0.0,0.0,0.0
2022-01-14 17:15:33.004913,0.0,0.0,0.0
2022-01-14 17:15:33.501442,0.0,0.0,0.0
2022-01-14 17:15:34.010931,0.0,0.0,0.0
2022-01-14 17:15:34.505905,0.0,0.0,0.0
2022-01-14 17:15:35.004887,0.0,0.0,0.0
2022-01-14 17:15:35.510249,0.0,0.0,0.0
2022-01-14 17:15:36.009654,0.0,0.0,0.0
2022-01-14 17:15:36.504755,0.0,0.0,0.0
2022-01-14 17:15:37.002744,0.0,0.0,0.0
2022-01-14 17:15:37.509651,0.0,0.0,0.0
2022-01-14 17:15:38.008832,0.0,0.0,0.0
2022-01-14 17:15:38.503312,0.0,0.0,0.0
2022-01-14 17:15:39.008247,0.0,0.0,0.0
2022-01-14 17:15:39.502134,0.0,0.0,0.0
2022-01-14 17:15:40.001900,0.0,0.0,0.0
2022-01-14 17:15:40.506580,0.0,0.0,0.0
2022-01-14 17:15:41.004645,0.0,0.0,0.0
2022-01-14 17:15:41.508015,0.0,0.0,0.0
2022-01-14 17:15:42.005533,0.0,0.0,0.0
2022-01-14 17:15:42.510834,0.0,0.0,0.0
2022-01-14 17:15:43.009101,0.0,0.0,0.0
2022-01-14 17:15:43.503531,0.0,0.0,0.0
2022-01-14 17:15:44.011131,0.0,0.0,0.0
2022-01-14 17:15:44.506996,0.0,0.0,0.0
2022-01-14 17:15:45.004573,0.0,0.0,0.0
2022-01-14 17:15:45.510277,0.0,0.0,0.0
2022-01-14 17:15:46.009197,0.0,0.0,0.0
2022-01-14 17:15:46.503758,0.0,0.0,0.0
2022-01-14 17:15:47.002118,0.0,0.0,0.0
2022-01-14 17:15:47.506556,0.0,0.0,0.0
2022-01-14 17:15:48.004406,0.0,0.0,0.0
2022-01-14 17:15:48.511057,0.0,0.0,0.0
2022-01-14 17:15:49.008822,0.0,0.0,0.0
2022-01-14 17:15:49.503775,0.0,0.0,0.0
2022-01-14 17:15:50.001744,0.0,0.0,0.0
2022-01-14 17:15:50.507415,0.0,0.0,0.0
2022-01-14 17:15:51.004583,0.0,0.0,0.0
2022-01-14 17:15:51.509677,0.0,0.0,0.0
2022-01-14 17:15:52.006839,0.0,0.0,0.0
2022-01-14 17:15:52.501468,0.0,0.0,0.0
2022-01-14 17:15:53.504517,0.0,0.0,0.0
2022-01-14 17:15:54.003503,0.0,0.0,0.0
2022-01-14 17:15:54.507203,0.0,0.0,0.0
2022-01-14 17:15:55.005604,0.0,0.0,0.0
2022-01-14 17:15:55.510724,0.0,0.0,0.0
2022-01-14 17:15:56.009444,0.0,0.0,0.0
2022-01-14 17:15:56.504203,0.0,0.0,0.0
2022-01-14 17:15:57.001224,0.0,0.0,0.0
2022-01-14 17:15:57.505246,0.0,0.0,0.0
2022-01-14 17:15:58.003785,0.0,0.0,0.0
2022-01-14 17:15:58.510930,0.0,0.0,0.0
2022-01-14 17:15:59.009679,0.0,0.0,0.0
2022-01-14 17:15:59.502251,0.0,0.0,0.0
2022-01-14 17:16:00.009837,0.0,0.0,0.0
2022-01-14 17:16:00.503500,0.0,0.0,0.0
2022-01-14 17:16:01.001262,0.0,0.0,0.0
2022-01-14 17:16:01.506307,0.0,0.0,0.0
2022-01-14 17:16:02.005995,0.0,0.0,0.0
2022-01-14 17:16:02.502544,0.0,0.0,0.0
2022-01-14 17:16:03.011212,0.0,0.0,0.0
2022-01-14 17:16:03.504703,0.0,0.0,0.0
2022-01-14 17:16:04.002689,0.0,0.0,0.0
2022-01-14 17:16:04.508720,0.0,0.0,0.0
2022-01-14 17:16:05.005408,0.0,0.0,0.0
2022-01-14 17:16:05.509840,0.0,0.0,0.0
2022-01-14 17:16:06.009356,0.0,0.0,0.0
2022-01-14 17:16:06.505864,0.0,0.0,0.0
2022-01-14 17:16:07.005787,0.0,0.0,0.0
2022-01-14 17:16:07.510484,0.0,0.0,0.0
2022-01-14 17:16:08.009483,0.0,0.0,0.0
2022-01-14 17:16:08.502352,0.0,0.0,0.0
2022-01-14 17:16:09.001105,0.0,0.0,0.0
2022-01-14 17:16:09.505484,0.0,0.0,0.0
2022-01-14 17:16:10.003459,0.0,0.0,0.0
2022-01-14 17:16:10.508421,0.0,0.0,0.0
2022-01-14 17:16:11.008056,0.0,0.0,0.0
2022-01-14 17:16:11.503319,0.0,0.0,0.0
2022-01-14 17:16:12.011071,0.0,0.0,0.0
2022-01-14 17:16:12.505126,0.0,0.0,0.0
2022-01-14 17:16:13.003170,0.0,0.0,0.0
2022-01-14 17:16:13.507540,0.0,0.0,0.0
2022-01-14 17:16:14.009223,0.0,0.0,0.0
2022-01-14 17:16:14.504244,0.0,0.0,0.0
2022-01-14 17:16:15.001842,0.0,0.0,0.0
2022-01-14 17:16:15.508444,0.0,0.0,0.0
2022-01-14 17:16:16.007351,0.0,0.0,0.0
2022-01-14 17:16:16.510997,0.0,0.0,0.0
2022-01-14 17:16:17.007220,0.0,0.0,0.0
2022-01-14 17:16:17.501598,0.0,0.0,0.0
2022-01-14 17:16:18.008664,0.0,0.0,0.0
2022-01-14 17:16:18.502905,0.0,0.0,0.0
2022-01-14 17:16:19.011075,0.0,0.0,0.0
2022-01-14 17:16:19.506577,0.0,0.0,0.0
2022-01-14 17:16:20.005564,0.0,0.0,0.0
2022-01-14 17:16:20.510407,0.0,0.0,0.0
2022-01-14 17:16:21.008185,0.0,0.0,0.0
2022-01-14 17:16:21.504276,0.0,0.0,0.0
2022-01-14 17:16:22.002164,0.0,0.0,0.0
2022-01-14 17:16:22.505283,0.0,0.0,0.0
2022-01-14 17:16:23.004365,0.0,0.0,0.0
2022-01-14 17:16:23.509245,0.0,0.0,0.0
2022-01-14 17:16:24.008976,0.0,0.0,0.0
2022-01-14 17:16:24.502904,0.0,0.0,0.0
2022-01-14 17:16:25.010624,0.0,0.0,0.0
2022-01-14 17:16:25.506413,0.0,0.0,0.0
2022-01-14 17:16:26.004816,0.0,0.0,0.0
2022-01-14 17:16:26.510411,0.0,0.0,0.0
2022-01-14 17:16:27.008665,0.0,0.0,0.0
2022-01-14 17:16:27.504936,0.0,0.0,0.0
2022-01-14 17:16:28.002124,0.0,0.0,0.0
2022-01-14 17:16:28.510034,0.0,0.0,0.0
2022-01-14 17:16:29.009763,0.0,0.0,0.0
2022-01-14 17:16:29.504054,0.0,0.0,0.0
2022-01-14 17:16:30.001579,0.0,0.0,0.0
2022-01-14 17:16:30.506629,0.0,0.0,0.0
2022-01-14 17:16:31.004271,0.0,0.0,0.0
2022-01-14 17:16:31.509537,0.0,0.0,0.0
2022-01-14 17:16:32.009374,0.0,0.0,0.0
2022-01-14 17:16:32.504691,0.0,0.0,0.0
2022-01-14 17:16:33.005456,0.0,0.0,0.0
2022-01-14 17:16:33.510214,0.0,0.0,0.0
2022-01-14 17:16:34.009153,0.0,0.0,0.0
2022-01-14 17:16:34.502882,0.0,0.0,0.0
2022-01-14 17:16:35.009676,0.0,0.0,0.0
2022-01-14 17:16:35.506048,0.0,0.0,0.0
2022-01-14 17:16:36.005436,0.0,0.0,0.0
2022-01-14 17:16:36.511087,0.0,0.0,0.0
2022-01-14 17:16:37.009295,0.0,0.0,0.0
2022-01-14 17:16:37.505389,0.0,0.0,0.0
2022-01-14 17:16:38.002802,0.0,0.0,0.0
2022-01-14 17:16:38.509043,0.0,0.0,0.0
2022-01-14 17:16:39.006868,0.0,0.0,0.0
2022-01-14 17:16:39.501633,0.0,0.0,0.0
2022-01-14 17:16:40.504394,0.0,0.0,0.0
2022-01-14 17:16:41.001526,0.0,0.0,0.0
2022-01-14 17:16:41.506220,0.0,0.0,0.0
2022-01-14 17:16:42.003857,0.0,0.0,0.0
2022-01-14 17:16:42.501118,0.0,0.0,0.0
2022-01-14 17:16:43.008121,0.0,0.0,0.0
2022-01-14 17:16:43.502281,0.0,0.0,0.0
2022-01-14 17:16:44.010363,0.0,0.0,0.0
2022-01-14 17:16:44.504433,0.0,0.0,0.0
2022-01-14 17:16:45.002712,0.0,0.0,0.0
2022-01-14 17:16:45.506670,0.0,0.0,0.0
2022-01-14 17:16:46.005075,0.0,0.0,0.0
2022-01-14 17:16:46.508734,0.0,0.0,0.0
2022-01-14 17:16:47.007294,0.0,0.0,0.0
2022-01-14 17:16:47.502976,0.0,0.0,0.0
2022-01-14 17:16:48.001364,0.0,0.0,0.0
2022-01-14 17:16:48.507734,0.0,0.0,0.0
2022-01-14 17:16:49.004826,0.0,0.0,0.0
2022-01-14 17:16:49.509738,0.0,0.0,0.0
2022-01-14 17:16:50.008946,0.0,0.0,0.0
2022-01-14 17:16:50.502746,0.0,0.0,0.0
2022-01-14 17:16:51.011039,0.0,0.0,0.0
2022-01-14 17:16:51.507482,0.0,0.0,0.0
2022-01-14 17:16:52.005481,0.0,0.0,0.0
2022-01-14 17:16:52.510579,0.0,0.0,0.0
2022-01-14 17:16:53.007360,0.0,0.0,0.0
2022-01-14 17:16:53.502322,0.0,0.0,0.0
2022-01-14 17:16:54.001715,0.0,0.0,0.0
2022-01-14 17:16:54.506824,0.0,0.0,0.0
2022-01-14 17:16:55.004325,0.0,0.0,0.0
2022-01-14 17:16:55.509167,0.0,0.0,0.0
2022-01-14 17:16:56.010192,0.0,0.0,0.0
2022-01-14 17:16:56.505185,0.0,0.0,0.0
2022-01-14 17:16:57.002902,0.0,0.0,0.0
2022-01-14 17:16:57.510345,0.0,0.0,0.0
2022-01-14 17:16:58.007787,0.0,0.0,0.0
2022-01-14 17:16:58.501624,0.0,0.0,0.0
2022-01-14 17:16:59.009501,0.0,0.0,0.0
2022-01-14 17:16:59.504109,0.0,0.0,0.0
2022-01-14 17:17:00.002050,0.0,0.0,0.0
2022-01-14 17:17:00.509220,0.0,0.0,0.0
2022-01-14 17:17:01.007901,0.0,0.0,0.0
2022-01-14 17:17:01.502535,0.0,0.0,0.0
2022-01-14 17:17:02.011112,0.0,0.0,0.0
2022-01-14 17:17:02.506850,0.0,0.0,0.0
2022-01-14 17:17:03.006012,0.0,0.0,0.0
2022-01-14 17:17:03.510557,0.0,0.0,0.0
2022-01-14 17:17:04.008689,0.0,0.0,0.0
2022-01-14 17:17:04.504474,0.0,0.0,0.0
2022-01-14 17:17:05.002495,0.0,0.0,0.0
2022-01-14 17:17:05.507720,0.0,0.0,0.0
2022-01-14 17:17:06.005293,0.0,0.0,0.0
2022-01-14 17:17:06.509125,0.0,0.0,0.0
2022-01-14 17:17:07.009173,0.0,0.0,0.0
2022-01-14 17:17:07.503811,0.0,0.0,0.0
2022-01-14 17:17:08.001749,0.0,0.0,0.0
2022-01-14 17:17:08.506972,0.0,0.0,0.0
2022-01-14 17:17:09.004116,0.0,0.0,0.0
2022-01-14 17:17:09.509103,0.0,0.0,0.0
2022-01-14 17:17:10.006299,0.0,0.0,0.0
2022-01-14 17:17:10.501199,0.0,0.0,0.0
2022-01-14 17:17:11.009819,0.0,0.0,0.0
2022-01-14 17:17:11.504926,0.0,0.0,0.0
2022-01-14 17:17:12.003300,0.0,0.0,0.0
2022-01-14 17:17:12.508513,0.0,0.0,0.0
2022-01-14 17:17:13.005127,0.0,0.0,0.0
2022-01-14 17:17:13.511108,0.0,0.0,0.0
2022-01-14 17:17:14.003451,0.0,0.0,0.0
2022-01-14 17:17:14.508188,0.0,0.0,0.0
2022-01-14 17:17:15.006833,0.0,0.0,0.0
2022-01-14 17:17:15.509583,0.0,0.0,0.0
2022-01-14 17:17:16.008152,0.0,0.0,0.0
2022-01-14 17:17:16.502329,0.0,0.0,0.0
2022-01-14 17:17:17.011156,0.0,0.0,0.0
2022-01-14 17:17:17.507459,0.0,0.0,0.0
2022-01-14 17:17:18.005836,0.0,0.0,0.0
2022-01-14 17:17:18.502980,0.0,0.0,0.0
2022-01-14 17:17:19.010514,0.0,0.0,0.0
2022-01-14 17:17:19.506400,0.0,0.0,0.0
2022-01-14 17:17:20.004106,0.0,0.0,0.0
2022-01-14 17:17:20.507492,0.0,0.0,0.0
2022-01-14 17:17:21.005047,0.0,0.0,0.0
2022-01-14 17:17:21.509300,0.0,0.0,0.0
2022-01-14 17:17:22.009308,0.0,0.0,0.0
2022-01-14 17:17:22.502927,0.0,0.0,0.0
2022-01-14 17:17:23.504303,0.0,0.0,0.0
2022-01-14 17:17:24.001979,0.0,0.0,0.0
2022-01-14 17:17:24.507289,0.0,0.0,0.0
2022-01-14 17:17:25.005899,0.0,0.0,0.0
2022-01-14 17:17:25.501137,0.0,0.0,0.0
2022-01-14 17:17:26.010524,0.0,0.0,0.0
2022-01-14 17:17:26.504269,0.0,0.0,0.0
2022-01-14 17:17:27.002847,0.0,0.0,0.0
2022-01-14 17:17:27.506690,0.0,0.0,0.0
2022-01-14 17:17:28.005094,0.0,0.0,0.0
2022-01-14 17:17:28.509499,0.0,0.0,0.0
2022-01-14 17:17:29.008732,0.0,0.0,0.0
2022-01-14 17:17:29.503443,0.0,0.0,0.0
2022-01-14 17:17:30.001502,0.0,0.0,0.0
2022-01-14 17:17:30.505116,0.0,0.0,0.0
2022-01-14 17:17:31.003134,0.0,0.0,0.0
2022-01-14 17:17:31.509919,0.0,0.0,0.0
2022-01-14 17:17:32.008278,0.0,0.0,0.0
2022-01-14 17:17:32.502286,0.0,0.0,0.0
2022-01-14 17:17:33.010077,0.0,0.0,0.0
2022-01-14 17:17:33.504793,0.0,0.0,0.0
2022-01-14 17:17:34.003104,0.0,0.0,0.0
2022-01-14 17:17:34.508062,0.0,0.0,0.0
2022-01-14 17:17:35.006461,0.0,0.0,0.0
2022-01-14 17:17:35.511201,0.0,0.0,0.0
2022-01-14 17:17:36.010969,0.0,0.0,0.0
2022-01-14 17:17:36.506236,0.0,0.0,0.0
2022-01-14 17:17:37.003552,0.0,0.0,0.0
2022-01-14 17:17:37.507814,0.0,0.0,0.0
2022-01-14 17:17:38.005613,0.0,0.0,0.0
2022-01-14 17:17:38.510770,0.0,0.0,0.0
2022-01-14 17:17:39.008812,0.0,0.0,0.0
2022-01-14 17:17:39.503714,0.0,0.0,0.0
2022-01-14 17:17:40.005140,0.0,0.0,0.0
2022-01-14 17:17:40.509708,0.0,0.0,0.0
2022-01-14 17:17:41.008089,0.0,0.0,0.0
2022-01-14 17:17:41.502734,0.0,0.0,0.0
2022-01-14 17:17:42.010654,0.0,0.0,0.0
2022-01-14 17:17:42.505582,0.0,0.0,0.0
2022-01-14 17:17:43.003145,0.0,0.0,0.0
2022-01-14 17:17:43.508358,0.0,0.0,0.0
2022-01-14 17:17:44.006742,0.0,0.0,0.0
2022-01-14 17:17:44.503539,0.0,0.0,0.0
2022-01-14 17:17:45.001666,0.0,0.0,0.0
2022-01-14 17:17:45.506844,0.0,0.0,0.0
2022-01-14 17:17:46.005230,0.0,0.0,0.0
2022-01-14 17:17:46.509339,0.0,0.0,0.0
2022-01-14 17:17:47.006820,0.0,0.0,0.0
2022-01-14 17:17:47.501254,0.0,0.0,0.0
2022-01-14 17:17:48.009141,0.0,0.0,0.0
2022-01-14 17:17:48.502790,0.0,0.0,0.0
2022-01-14 17:17:49.001897,0.0,0.0,0.0
2022-01-14 17:17:49.506989,0.0,0.0,0.0
2022-01-14 17:17:50.004737,0.0,0.0,0.0
2022-01-14 17:17:50.510121,0.0,0.0,0.0
2022-01-14 17:17:51.008222,0.0,0.0,0.0
2022-01-14 17:17:51.504144,0.0,0.0,0.0
2022-01-14 17:17:52.001157,0.0,0.0,0.0
2022-01-14 17:17:52.505610,0.0,0.0,0.0
2022-01-14 17:17:53.003181,0.0,0.0,0.0
2022-01-14 17:17:53.510345,0.0,0.0,0.0
2022-01-14 17:17:54.009072,0.0,0.0,0.0
2022-01-14 17:17:54.503310,0.0,0.0,0.0
2022-01-14 17:17:55.011113,0.0,0.0,0.0
2022-01-14 17:17:55.506950,0.0,0.0,0.0
2022-01-14 17:17:56.004068,0.0,0.0,0.0
2022-01-14 17:17:56.509077,0.0,0.0,0.0
2022-01-14 17:17:57.007760,0.0,0.0,0.0
2022-01-14 17:17:57.503666,0.0,0.0,0.0
2022-01-14 17:17:58.002487,0.0,0.0,0.0
2022-01-14 17:17:58.508124,0.0,0.0,0.0
2022-01-14 17:17:59.005650,0.0,0.0,0.0
2022-01-14 17:17:59.509657,0.0,0.0,0.0
2022-01-14 17:18:00.007686,0.0,0.0,0.0
2022-01-14 17:18:00.501553,0.0,0.0,0.0
2022-01-14 17:18:01.010724,0.0,0.0,0.0
2022-01-14 17:18:01.505244,0.0,0.0,0.0
2022-01-14 17:18:02.005159,0.0,0.0,0.0
2022-01-14 17:18:02.511099,0.0,0.0,0.0
2022-01-14 17:18:03.009828,0.0,0.0,0.0
2022-01-14 17:18:03.505138,0.0,0.0,0.0
2022-01-14 17:18:04.002536,0.0,0.0,0.0
2022-01-14 17:18:04.508326,0.0,0.0,0.0
2022-01-14 17:18:05.006301,0.0,0.0,0.0
2022-01-14 17:18:05.510782,0.0,0.0,0.0
2022-01-14 17:18:06.008752,0.0,0.0,0.0
2022-01-14 17:18:06.503340,0.0,0.0,0.0
2022-01-14 17:18:07.001516,0.0,0.0,0.0
2022-01-14 17:18:07.505630,0.0,0.0,0.0
2022-01-14 17:18:08.004468,0.0,0.0,0.0
2022-01-14 17:18:08.509094,0.0,0.0,0.0
2022-01-14 17:18:09.006689,0.0,0.0,0.0
2022-01-14 17:18:09.501537,0.0,0.0,0.0
2022-01-14 17:18:10.009073,0.0,0.0,0.0
2022-01-14 17:18:10.505067,0.0,0.0,0.0
2022-01-14 17:18:11.003469,0.0,0.0,0.0
2022-01-14 17:18:11.507555,0.0,0.0,0.0
2022-01-14 17:18:12.005177,0.0,0.0,0.0
2022-01-14 17:18:12.510401,0.0,0.0,0.0
2022-01-14 17:18:13.008781,0.0,0.0,0.0
2022-01-14 17:18:13.502861,0.0,0.0,0.0
2022-01-14 17:18:14.010944,0.0,0.0,0.0
2022-01-14 17:18:14.506491,0.0,0.0,0.0
2022-01-14 17:18:15.005242,0.0,0.0,0.0
2022-01-14 17:18:15.502042,0.0,0.0,0.0
2022-01-14 17:18:16.001269,0.0,0.0,0.0
2022-01-14 17:18:16.503870,0.0,0.0,0.0
2022-01-14 17:18:17.001239,0.0,0.0,0.0
2022-01-14 17:18:17.508008,0.0,0.0,0.0
2022-01-14 17:18:18.004743,0.0,0.0,0.0
2022-01-14 17:18:18.509591,0.0,0.0,0.0
2022-01-14 17:18:19.008701,0.0,0.0,0.0
2022-01-14 17:18:19.504451,0.0,0.0,0.0
2022-01-14 17:18:20.004056,0.0,0.0,0.0
2022-01-14 17:18:20.508619,0.0,0.0,0.0
2022-01-14 17:18:21.006656,0.0,0.0,0.0
2022-01-14 17:18:21.503214,0.0,0.0,0.0
2022-01-14 17:18:22.001718,0.0,0.0,0.0
2022-01-14 17:18:22.507320,0.0,0.0,0.0
2022-01-14 17:18:23.005348,0.0,0.0,0.0
2022-01-14 17:18:23.511207,0.0,0.0,0.0
2022-01-14 17:18:24.009704,0.0,0.0,0.0
2022-01-14 17:18:24.506467,0.0,0.0,0.0
2022-01-14 17:18:25.005849,0.0,0.0,0.0
2022-01-14 17:18:25.511137,0.0,0.0,0.0
2022-01-14 17:18:26.009262,0.0,0.0,0.0
2022-01-14 17:18:26.505966,0.0,0.0,0.0
2022-01-14 17:18:27.003485,0.0,0.0,0.0
2022-01-14 17:18:27.508245,0.0,0.0,0.0
2022-01-14 17:18:28.004925,0.0,0.0,0.0
2022-01-14 17:18:28.510977,0.0,0.0,0.0
2022-01-14 17:18:29.009241,0.0,0.0,0.0
2022-01-14 17:18:29.504429,0.0,0.0,0.0
2022-01-14 17:18:30.002231,0.0,0.0,0.0
2022-01-14 17:18:30.507312,0.0,0.0,0.0
2022-01-14 17:18:31.004633,0.0,0.0,0.0
2022-01-14 17:18:31.509982,0.0,0.0,0.0
2022-01-14 17:18:32.007393,0.0,0.0,0.0
2022-01-14 17:18:32.502678,0.0,0.0,0.0
2022-01-14 17:18:33.010143,0.0,0.0,0.0
2022-01-14 17:18:33.505141,0.0,0.0,0.0
2022-01-14 17:18:34.002386,0.0,0.0,0.0
2022-01-14 17:18:34.508343,0.0,0.0,0.0
2022-01-14 17:18:35.006951,0.0,0.0,0.0
2022-01-14 17:18:35.501924,0.0,0.0,0.0
2022-01-14 17:18:36.010361,0.0,0.0,0.0
2022-01-14 17:18:36.506495,0.0,0.0,0.0
2022-01-14 17:18:37.003679,0.0,0.0,0.0
2022-01-14 17:18:37.509668,0.0,0.0,0.0
2022-01-14 17:18:38.007143,0.0,0.0,0.0
2022-01-14 17:18:38.501572,0.0,0.0,0.0
2022-01-14 17:18:39.011060,0.0,0.0,0.0
2022-01-14 17:18:39.506814,0.0,0.0,0.0
2022-01-14 17:18:40.006207,0.0,0.0,0.0
2022-01-14 17:18:40.511136,0.0,0.0,0.0
2022-01-14 17:18:41.007554,0.0,0.0,0.0
2022-01-14 17:18:41.501794,0.0,0.0,0.0
2022-01-14 17:18:42.010888,0.0,0.0,0.0
2022-01-14 17:18:42.505726,0.0,0.0,0.0
2022-01-14 17:18:43.005468,0.0,0.0,0.0
2022-01-14 17:18:43.502409,0.0,0.0,0.0
2022-01-14 17:18:44.010599,0.0,0.0,0.0
2022-01-14 17:18:44.504939,0.0,0.0,0.0
2022-01-14 17:18:45.002385,0.0,0.0,0.0
2022-01-14 17:18:45.507820,0.0,0.0,0.0
2022-01-14 17:18:46.004771,0.0,0.0,0.0
2022-01-14 17:18:46.510573,0.0,0.0,0.0
2022-01-14 17:18:47.008221,0.0,0.0,0.0
2022-01-14 17:18:47.503351,0.0,0.0,0.0
2022-01-14 17:18:48.002573,0.0,0.0,0.0
2022-01-14 17:18:48.507266,0.0,0.0,0.0
2022-01-14 17:18:49.006271,0.0,0.0,0.0
2022-01-14 17:18:49.501656,0.0,0.0,0.0
2022-01-14 17:18:50.009578,0.0,0.0,0.0
2022-01-14 17:18:50.503841,0.0,0.0,0.0
2022-01-14 17:18:51.003782,0.0,0.0,0.0
2022-01-14 17:18:51.510008,0.0,0.0,0.0
2022-01-14 17:18:52.010001,0.0,0.0,0.0
2022-01-14 17:18:52.505557,0.0,0.0,0.0
2022-01-14 17:18:53.003283,0.0,0.0,0.0
2022-01-14 17:18:53.508764,0.0,0.0,0.0
2022-01-14 17:18:54.006485,0.0,0.0,0.0
2022-01-14 17:18:54.501115,0.0,0.0,0.0
2022-01-14 17:18:55.008832,0.0,0.0,0.0
2022-01-14 17:18:55.503479,0.0,0.0,0.0
2022-01-14 17:18:56.002711,0.0,0.0,0.0
2022-01-14 17:18:56.508104,0.0,0.0,0.0
2022-01-14 17:18:57.004802,0.0,0.0,0.0
2022-01-14 17:18:57.510762,0.0,0.0,0.0
2022-01-14 17:18:58.008563,0.0,0.0,0.0
2022-01-14 17:18:58.502717,0.0,0.0,0.0
2022-01-14 17:18:59.001554,0.0,0.0,0.0
2022-01-14 17:18:59.506865,0.0,0.0,0.0
2022-01-14 17:19:00.005108,0.0,0.0,0.0
2022-01-14 17:19:00.509394,0.0,0.0,0.0
2022-01-14 17:19:01.007814,0.0,0.0,0.0
2022-01-14 17:19:01.501776,0.0,0.0,0.0
2022-01-14 17:19:02.010161,0.0,0.0,0.0
2022-01-14 17:19:02.504652,0.0,0.0,0.0
2022-01-14 17:19:03.001865,0.0,0.0,0.0
2022-01-14 17:19:03.505779,0.0,0.0,0.0
2022-01-14 17:19:04.006315,0.0,0.0,0.0
2022-01-14 17:19:04.502362,0.0,0.0,0.0
2022-01-14 17:19:05.010773,0.0,0.0,0.0
2022-01-14 17:19:05.508013,0.0,0.0,0.0
2022-01-14 17:19:06.005709,0.0,0.0,0.0
2022-01-14 17:19:06.509896,0.0,0.0,0.0
2022-01-14 17:19:07.008122,0.0,0.0,0.0
2022-01-14 17:19:07.504318,0.0,0.0,0.0
2022-01-14 17:19:08.002660,0.0,0.0,0.0
2022-01-14 17:19:08.508659,0.0,0.0,0.0
2022-01-14 17:19:09.005841,0.0,0.0,0.0
2022-01-14 17:19:09.511129,0.0,0.0,0.0
2022-01-14 17:19:10.009389,0.0,0.0,0.0
2022-01-14 17:19:10.503623,0.0,0.0,0.0
2022-01-14 17:19:11.001429,0.0,0.0,0.0
2022-01-14 17:19:11.506452,0.0,0.0,0.0
2022-01-14 17:19:12.003435,0.0,0.0,0.0
2022-01-14 17:19:12.508714,0.0,0.0,0.0
2022-01-14 17:19:13.009399,0.0,0.0,0.0
2022-01-14 17:19:13.502986,0.0,0.0,0.0
2022-01-14 17:19:14.009814,0.0,0.0,0.0
2022-01-14 17:19:14.504458,0.0,0.0,0.0
2022-01-14 17:19:15.003119,0.0,0.0,0.0
2022-01-14 17:19:15.508228,0.0,0.0,0.0
2022-01-14 17:19:16.006031,0.0,0.0,0.0
2022-01-14 17:19:16.501743,0.0,0.0,0.0
2022-01-14 17:19:17.010558,0.0,0.0,0.0
2022-01-14 17:19:17.505128,0.0,0.0,0.0
2022-01-14 17:19:18.001458,0.0,0.0,0.0
2022-01-14 17:19:18.508933,0.0,0.0,0.0
2022-01-14 17:19:19.006106,0.0,0.0,0.0
2022-01-14 17:19:19.501897,0.0,0.0,0.0
2022-01-14 17:19:20.011277,0.0,0.0,0.0
2022-01-14 17:19:20.506116,0.0,0.0,0.0
2022-01-14 17:19:21.004025,0.0,0.0,0.0
2022-01-14 17:19:21.504269,0.0,0.0,0.0
2022-01-14 17:19:22.002174,0.0,0.0,0.0
2022-01-14 17:19:22.508062,0.0,0.0,0.0
2022-01-14 17:19:23.005782,0.0,0.0,0.0
2022-01-14 17:19:23.501777,0.0,0.0,0.0
2022-01-14 17:19:24.009971,0.0,0.0,0.0
2022-01-14 17:19:24.504774,0.0,0.0,0.0
2022-01-14 17:19:25.003587,0.0,0.0,0.0
2022-01-14 17:19:25.510289,0.0,0.0,0.0
2022-01-14 17:19:26.008693,0.0,0.0,0.0
2022-01-14 17:19:26.506371,0.0,0.0,0.0
2022-01-14 17:19:27.006662,0.0,0.0,0.0
2022-01-14 17:19:27.503179,0.0,0.0,0.0
2022-01-14 17:19:28.010831,0.0,0.0,0.0
2022-01-14 17:19:28.505829,0.0,0.0,0.0
2022-01-14 17:19:29.003480,0.0,0.0,0.0
2022-01-14 17:19:29.508698,0.0,0.0,0.0
2022-01-14 17:19:30.006509,0.0,0.0,0.0
2022-01-14 17:19:30.510977,0.0,0.0,0.0
2022-01-14 17:19:31.008862,0.0,0.0,0.0
2022-01-14 17:19:31.507425,0.0,0.0,0.0
2022-01-14 17:19:32.004706,0.0,0.0,0.0
2022-01-14 17:19:32.510335,0.0,0.0,0.0
2022-01-14 17:19:33.009424,0.0,0.0,0.0
2022-01-14 17:19:33.503748,0.0,0.0,0.0
2022-01-14 17:19:34.002378,0.0,0.0,0.0
2022-01-14 17:19:34.505431,0.0,0.0,0.0
2022-01-14 17:19:35.004097,0.0,0.0,0.0
2022-01-14 17:19:35.510329,0.0,0.0,0.0
2022-01-14 17:19:36.009360,0.0,0.0,0.0
2022-01-14 17:19:36.503487,0.0,0.0,0.0
2022-01-14 17:19:37.010824,0.0,0.0,0.0
2022-01-14 17:19:37.505705,0.0,0.0,0.0
2022-01-14 17:19:38.003442,0.0,0.0,0.0
2022-01-14 17:19:38.508985,0.0,0.0,0.0
2022-01-14 17:19:39.006417,0.0,0.0,0.0
2022-01-14 17:19:39.510682,0.0,0.0,0.0
2022-01-14 17:19:40.009610,0.0,0.0,0.0
2022-01-14 17:19:40.505215,0.0,0.0,0.0
2022-01-14 17:19:41.003451,0.0,0.0,0.0
2022-01-14 17:19:41.508650,0.0,0.0,0.0
2022-01-14 17:19:42.005657,0.0,0.0,0.0
2022-01-14 17:19:42.501260,0.0,0.0,0.0
2022-01-14 17:19:43.010650,0.0,0.0,0.0
2022-01-14 17:19:43.504617,0.0,0.0,0.0
2022-01-14 17:19:44.001496,0.0,0.0,0.0
2022-01-14 17:19:44.507164,0.0,0.0,0.0
2022-01-14 17:19:45.005227,0.0,0.0,0.0
2022-01-14 17:19:45.511045,0.0,0.0,0.0
2022-01-14 17:19:46.008857,0.0,0.0,0.0
2022-01-14 17:19:46.505722,0.0,0.0,0.0
2022-01-14 17:19:47.003457,0.0,0.0,0.0
2022-01-14 17:19:47.507369,0.0,0.0,0.0
2022-01-14 17:19:48.004647,0.0,0.0,0.0
2022-01-14 17:19:48.509546,0.0,0.0,0.0
2022-01-14 17:19:49.006967,0.0,0.0,0.0
2022-01-14 17:19:49.503173,0.0,0.0,0.0
2022-01-14 17:19:50.010805,0.0,0.0,0.0
2022-01-14 17:19:50.505578,0.0,0.0,0.0
2022-01-14 17:19:51.004422,0.0,0.0,0.0
2022-01-14 17:19:51.510539,0.0,0.0,0.0
2022-01-14 17:19:52.008394,0.0,0.0,0.0
2022-01-14 17:19:52.502285,0.0,0.0,0.0
2022-01-14 17:19:53.010290,0.0,0.0,0.0
2022-01-14 17:19:53.504745,0.0,0.0,0.0
2022-01-14 17:19:54.002887,0.0,0.0,0.0
2022-01-14 17:19:54.507034,0.0,0.0,0.0
2022-01-14 17:19:55.004655,0.0,0.0,0.0
2022-01-14 17:19:55.510398,0.0,0.0,0.0
2022-01-14 17:19:56.008256,0.0,0.0,0.0
2022-01-14 17:19:56.503063,0.0,0.0,0.0
2022-01-14 17:19:57.010853,0.0,0.0,0.0
2022-01-14 17:19:57.506551,0.0,0.0,0.0
2022-01-14 17:19:58.005658,0.0,0.0,0.0
2022-01-14 17:19:58.504041,0.0,0.0,0.0
2022-01-14 17:19:59.002997,0.0,0.0,0.0
2022-01-14 17:19:59.508363,0.0,0.0,0.0
2022-01-14 17:20:00.006247,0.0,0.0,0.0
2022-01-14 17:20:00.508566,0.0,0.0,0.0
2022-01-14 17:20:01.006255,0.0,0.0,0.0
2022-01-14 17:20:01.501139,0.0,0.0,0.0
2022-01-14 17:20:02.010409,0.0,0.0,0.0
2022-01-14 17:20:02.508588,0.0,0.0,0.0
2022-01-14 17:20:03.006079,0.0,0.0,0.0
2022-01-14 17:20:03.501589,0.0,0.0,0.0
2022-01-14 17:20:04.010838,0.0,0.0,0.0
2022-01-14 17:20:04.505731,0.0,0.0,0.0
2022-01-14 17:20:05.005627,0.0,0.0,0.0
2022-01-14 17:20:05.509564,0.0,0.0,0.0
2022-01-14 17:20:06.007256,0.0,0.0,0.0
2022-01-14 17:20:06.504043,0.0,0.0,0.0
2022-01-14 17:20:07.002291,0.0,0.0,0.0
2022-01-14 17:20:07.508229,0.0,0.0,0.0
2022-01-14 17:20:08.006558,0.0,0.0,0.0
2022-01-14 17:20:08.510247,0.0,0.0,0.0
2022-01-14 17:20:09.008717,0.0,0.0,0.0
2022-01-14 17:20:09.502264,0.0,0.0,0.0
2022-01-14 17:20:10.010782,0.0,0.0,0.0
2022-01-14 17:20:10.504655,0.0,0.0,0.0
2022-01-14 17:20:11.004688,0.0,0.0,0.0
2022-01-14 17:20:11.509601,0.0,0.0,0.0
2022-01-14 17:20:12.009363,0.0,0.0,0.0
2022-01-14 17:20:12.501828,0.0,0.0,0.0
2022-01-14 17:20:13.010200,0.0,0.0,0.0
2022-01-14 17:20:13.506426,0.0,0.0,0.0
2022-01-14 17:20:14.004050,0.0,0.0,0.0
2022-01-14 17:20:14.510350,0.0,0.0,0.0
2022-01-14 17:20:15.007792,0.0,0.0,0.0
2022-01-14 17:20:15.501101,0.0,0.0,0.0
2022-01-14 17:20:16.009907,0.0,0.0,0.0
2022-01-14 17:20:16.504708,0.0,0.0,0.0
2022-01-14 17:20:17.003263,0.0,0.0,0.0
2022-01-14 17:20:17.508261,0.0,0.0,0.0
2022-01-14 17:20:18.005941,0.0,0.0,0.0
2022-01-14 17:20:18.509583,0.0,0.0,0.0
2022-01-14 17:20:19.007855,0.0,0.0,0.0
2022-01-14 17:20:19.503710,0.0,0.0,0.0
2022-01-14 17:20:20.003707,0.0,0.0,0.0
2022-01-14 17:20:20.508252,0.0,0.0,0.0
2022-01-14 17:20:21.008193,0.0,0.0,0.0
2022-01-14 17:20:21.502419,0.0,0.0,0.0
2022-01-14 17:20:22.011030,0.0,0.0,0.0
2022-01-14 17:20:22.506555,0.0,0.0,0.0
2022-01-14 17:20:23.005115,0.0,0.0,0.0
2022-01-14 17:20:23.510123,0.0,0.0,0.0
2022-01-14 17:20:24.009336,0.0,0.0,0.0
2022-01-14 17:20:24.506358,0.0,0.0,0.0
2022-01-14 17:20:25.005331,0.0,0.0,0.0
2022-01-14 17:20:25.511099,0.0,0.0,0.0
2022-01-14 17:20:26.008465,0.0,0.0,0.0
2022-01-14 17:20:26.502823,0.0,0.0,0.0
2022-01-14 17:20:27.010972,0.0,0.0,0.0
2022-01-14 17:20:27.505563,0.0,0.0,0.0
2022-01-14 17:20:28.004284,0.0,0.0,0.0
2022-01-14 17:20:28.501579,0.0,0.0,0.0
2022-01-14 17:20:29.001893,0.0,0.0,0.0
2022-01-14 17:20:29.507132,0.0,0.0,0.0
2022-01-14 17:20:30.005338,0.0,0.0,0.0
2022-01-14 17:20:30.509369,0.0,0.0,0.0
2022-01-14 17:20:31.008027,0.0,0.0,0.0
2022-01-14 17:20:31.503523,0.0,0.0,0.0
2022-01-14 17:20:32.003055,0.0,0.0,0.0
2022-01-14 17:20:32.508000,0.0,0.0,0.0
2022-01-14 17:20:33.008532,0.0,0.0,0.0
2022-01-14 17:20:33.505172,0.0,0.0,0.0
2022-01-14 17:20:34.004594,0.0,0.0,0.0
2022-01-14 17:20:34.502243,0.0,0.0,0.0
2022-01-14 17:20:35.001299,0.0,0.0,0.0
2022-01-14 17:20:35.506201,0.0,0.0,0.0
2022-01-14 17:20:36.004321,0.0,0.0,0.0
2022-01-14 17:20:36.509405,0.0,0.0,0.0
2022-01-14 17:20:37.007033,0.0,0.0,0.0
2022-01-14 17:20:37.504524,0.0,0.0,0.0
2022-01-14 17:20:38.001414,0.0,0.0,0.0
2022-01-14 17:20:38.507571,0.0,0.0,0.0
2022-01-14 17:20:39.006974,0.0,0.0,0.0
2022-01-14 17:20:39.501570,0.0,0.0,0.0
2022-01-14 17:20:40.010693,0.0,0.0,0.0
2022-01-14 17:20:40.505503,0.0,0.0,0.0
2022-01-14 17:20:41.002941,0.0,0.0,0.0
2022-01-14 17:20:41.508754,0.0,0.0,0.0
2022-01-14 17:20:42.007680,0.0,0.0,0.0
2022-01-14 17:20:42.503976,0.0,0.0,0.0
2022-01-14 17:20:43.001590,0.0,0.0,0.0
2022-01-14 17:20:43.507085,0.0,0.0,0.0
2022-01-14 17:20:44.004139,0.0,0.0,0.0
2022-01-14 17:20:44.501788,0.0,0.0,0.0
2022-01-14 17:20:45.008616,0.0,0.0,0.0
2022-01-14 17:20:45.502461,0.0,0.0,0.0
2022-01-14 17:20:46.001236,0.0,0.0,0.0
2022-01-14 17:20:46.507806,0.0,0.0,0.0
2022-01-14 17:20:47.004796,0.0,0.0,0.0
2022-01-14 17:20:47.508669,0.0,0.0,0.0
2022-01-14 17:20:48.008863,0.0,0.0,0.0
2022-01-14 17:20:48.503216,0.0,0.0,0.0
2022-01-14 17:20:49.010030,0.0,0.0,0.0
2022-01-14 17:20:49.509002,0.0,0.0,0.0
2022-01-14 17:20:50.008310,0.0,0.0,0.0
2022-01-14 17:20:50.502912,0.0,0.0,0.0
2022-01-14 17:20:51.002883,0.0,0.0,0.0
2022-01-14 17:20:51.509615,0.0,0.0,0.0
2022-01-14 17:20:52.007427,0.0,0.0,0.0
2022-01-14 17:20:52.501489,0.0,0.0,0.0
2022-01-14 17:20:53.009968,0.0,0.0,0.0
2022-01-14 17:20:53.504325,0.0,0.0,0.0
2022-01-14 17:20:54.001739,0.0,0.0,0.0
2022-01-14 17:20:54.506238,0.0,0.0,0.0
2022-01-14 17:20:55.005304,0.0,0.0,0.0
2022-01-14 17:20:55.502188,0.0,0.0,0.0
2022-01-14 17:20:56.001267,0.0,0.0,0.0
2022-01-14 17:20:56.505080,0.0,0.0,0.0
2022-01-14 17:20:57.003103,0.0,0.0,0.0
2022-01-14 17:20:57.508168,0.0,0.0,0.0
2022-01-14 17:20:58.005618,0.0,0.0,0.0
2022-01-14 17:20:58.511127,0.0,0.0,0.0
2022-01-14 17:20:59.004683,0.0,0.0,0.0
2022-01-14 17:20:59.501094,0.0,0.0,0.0
2022-01-14 17:21:00.008586,0.0,0.0,0.0
2022-01-14 17:21:00.511253,0.0,0.0,0.0
2022-01-14 17:21:01.008599,0.0,0.0,0.0
2022-01-14 17:21:01.502060,0.0,0.0,0.0
2022-01-14 17:21:02.010185,0.0,0.0,0.0
2022-01-14 17:21:02.504137,0.0,0.0,0.0
2022-01-14 17:21:03.001423,0.0,0.0,0.0
2022-01-14 17:21:03.510960,0.0,0.0,0.0
2022-01-14 17:21:04.009603,0.0,0.0,0.0
2022-01-14 17:21:04.504147,0.0,0.0,0.0
2022-01-14 17:21:05.010597,0.0,0.0,0.0
2022-01-14 17:21:05.505911,0.0,0.0,0.0
2022-01-14 17:21:06.005183,0.0,0.0,0.0
2022-01-14 17:21:06.510050,0.0,0.0,0.0
2022-01-14 17:21:07.008679,0.0,0.0,0.0
2022-01-14 17:21:07.504051,0.0,0.0,0.0
2022-01-14 17:21:08.002458,0.0,0.0,0.0
2022-01-14 17:21:08.507029,0.0,0.0,0.0
2022-01-14 17:21:09.005692,0.0,0.0,0.0
2022-01-14 17:21:09.510176,0.0,0.0,0.0
2022-01-14 17:21:10.007163,0.0,0.0,0.0
2022-01-14 17:21:10.502170,0.0,0.0,0.0
2022-01-14 17:21:11.003390,0.0,0.0,0.0
2022-01-14 17:21:11.509475,0.0,0.0,0.0
2022-01-14 17:21:12.008789,0.0,0.0,0.0
2022-01-14 17:21:12.504833,0.0,0.0,0.0
2022-01-14 17:21:13.002165,0.0,0.0,0.0
2022-01-14 17:21:13.508088,0.0,0.0,0.0
2022-01-14 17:21:14.005621,0.0,0.0,0.0
2022-01-14 17:21:14.510518,0.0,0.0,0.0
2022-01-14 17:21:15.009702,0.0,0.0,0.0
2022-01-14 17:21:15.503431,0.0,0.0,0.0
