時間,回転１,回転２,回転３
2022-01-14 16:00:00.005420,0.0,0.0,0.0
2022-01-14 16:00:00.502487,0.0,0.0,0.0
2022-01-14 16:00:01.009943,0.0,0.0,0.0
2022-01-14 16:00:01.507909,0.0,0.0,0.0
2022-01-14 16:00:02.005812,0.0,0.0,0.0
2022-01-14 16:00:02.500776,0.0,0.0,0.0
2022-01-14 16:00:03.009607,0.0,0.0,0.0
2022-01-14 16:00:03.501500,0.0,0.0,0.0
2022-01-14 16:00:04.009882,0.0,0.0,0.0
2022-01-14 16:00:04.507772,0.0,0.0,0.0
2022-01-14 16:00:05.005919,0.0,0.0,0.0
2022-01-14 16:00:05.510063,0.0,0.0,0.0
2022-01-14 16:00:06.008781,0.0,0.0,0.0
2022-01-14 16:00:06.502256,0.0,0.0,0.0
2022-01-14 16:00:07.010745,0.0,0.0,0.0
2022-01-14 16:00:07.504061,0.0,0.0,0.0
2022-01-14 16:00:08.004971,0.0,0.0,0.0
2022-01-14 16:00:08.510077,0.0,0.0,0.0
2022-01-14 16:00:09.009124,0.0,0.0,0.0
2022-01-14 16:00:09.503798,0.0,0.0,0.0
2022-01-14 16:00:10.001292,0.0,0.0,0.0
2022-01-14 16:00:10.506033,0.0,0.0,0.0
2022-01-14 16:00:11.003432,0.0,0.0,0.0
2022-01-14 16:00:11.506413,0.0,0.0,0.0
2022-01-14 16:00:12.005603,0.0,0.0,0.0
2022-01-14 16:00:12.509813,0.0,0.0,0.0
2022-01-14 16:00:13.007488,0.0,0.0,0.0
2022-01-14 16:00:13.503837,0.0,0.0,0.0
2022-01-14 16:00:14.010401,0.0,0.0,0.0
2022-01-14 16:00:14.505176,0.0,0.0,0.0
2022-01-14 16:00:15.002070,0.0,0.0,0.0
2022-01-14 16:00:15.505648,0.0,0.0,0.0
2022-01-14 16:00:16.002116,0.0,0.0,0.0
2022-01-14 16:00:16.506704,0.0,0.0,0.0
2022-01-14 16:00:17.004738,0.0,0.0,0.0
2022-01-14 16:00:17.511200,0.0,0.0,0.0
2022-01-14 16:00:18.008679,0.0,0.0,0.0
2022-01-14 16:00:18.502414,0.0,0.0,0.0
2022-01-14 16:00:19.010245,0.0,0.0,0.0
2022-01-14 16:00:19.504296,0.0,0.0,0.0
2022-01-14 16:00:20.001923,0.0,0.0,0.0
2022-01-14 16:00:20.506641,0.0,0.0,0.0
2022-01-14 16:00:21.003894,0.0,0.0,0.0
2022-01-14 16:00:21.508823,0.0,0.0,0.0
2022-01-14 16:00:22.006673,0.0,0.0,0.0
2022-01-14 16:00:22.501275,0.0,0.0,0.0
2022-01-14 16:00:23.003096,0.0,0.0,0.0
2022-01-14 16:00:23.507301,0.0,0.0,0.0
2022-01-14 16:00:24.006200,0.0,0.0,0.0
2022-01-14 16:00:24.501568,0.0,0.0,0.0
2022-01-14 16:00:25.009144,0.0,0.0,0.0
2022-01-14 16:00:25.504060,0.0,0.0,0.0
2022-01-14 16:00:26.004072,0.0,0.0,0.0
2022-01-14 16:00:26.510343,0.0,0.0,0.0
2022-01-14 16:00:27.008770,0.0,0.0,0.0
2022-01-14 16:00:27.502575,0.0,0.0,0.0
2022-01-14 16:00:28.010937,0.0,0.0,0.0
2022-01-14 16:00:28.509103,0.0,0.0,0.0
2022-01-14 16:00:29.007098,0.0,0.0,0.0
2022-01-14 16:00:29.502339,0.0,0.0,0.0
2022-01-14 16:00:30.010096,0.0,0.0,0.0
2022-01-14 16:00:30.505869,0.0,0.0,0.0
2022-01-14 16:00:31.003884,0.0,0.0,0.0
2022-01-14 16:00:31.510128,0.0,0.0,0.0
2022-01-14 16:00:32.008717,0.0,0.0,0.0
2022-01-14 16:00:32.503071,0.0,0.0,0.0
2022-01-14 16:00:33.001773,0.0,0.0,0.0
2022-01-14 16:00:33.508264,0.0,0.0,0.0
2022-01-14 16:00:34.006026,0.0,0.0,0.0
2022-01-14 16:00:34.502985,0.0,0.0,0.0
2022-01-14 16:00:35.010303,0.0,0.0,0.0
2022-01-14 16:00:35.504740,0.0,0.0,0.0
2022-01-14 16:00:36.003390,0.0,0.0,0.0
2022-01-14 16:00:36.509025,0.0,0.0,0.0
2022-01-14 16:00:37.005945,0.0,0.0,0.0
2022-01-14 16:00:37.510227,0.0,0.0,0.0
2022-01-14 16:00:38.009866,0.0,0.0,0.0
2022-01-14 16:00:38.503767,0.0,0.0,0.0
2022-01-14 16:00:39.003828,0.0,0.0,0.0
2022-01-14 16:00:39.509409,0.0,0.0,0.0
2022-01-14 16:00:40.007822,0.0,0.0,0.0
2022-01-14 16:00:40.506853,0.0,0.0,0.0
2022-01-14 16:00:41.004565,0.0,0.0,0.0
2022-01-14 16:00:41.510218,0.0,0.0,0.0
2022-01-14 16:00:42.007424,0.0,0.0,0.0
2022-01-14 16:00:42.501802,0.0,0.0,0.0
2022-01-14 16:00:43.009823,0.0,0.0,0.0
2022-01-14 16:00:43.501118,0.0,0.0,0.0
2022-01-14 16:00:44.010074,0.0,0.0,0.0
2022-01-14 16:00:44.505876,0.0,0.0,0.0
2022-01-14 16:00:45.002377,0.0,0.0,0.0
2022-01-14 16:00:45.507131,0.0,0.0,0.0
2022-01-14 16:00:46.004794,0.0,0.0,0.0
2022-01-14 16:00:46.501348,0.0,0.0,0.0
2022-01-14 16:00:47.009900,0.0,0.0,0.0
2022-01-14 16:00:47.503971,0.0,0.0,0.0
2022-01-14 16:00:48.008138,0.0,0.0,0.0
2022-01-14 16:00:48.502005,0.0,0.0,0.0
2022-01-14 16:00:49.011306,0.0,0.0,0.0
2022-01-14 16:00:49.506706,0.0,0.0,0.0
2022-01-14 16:00:50.004191,0.0,0.0,0.0
2022-01-14 16:00:50.509826,0.0,0.0,0.0
2022-01-14 16:00:51.007722,0.0,0.0,0.0
2022-01-14 16:00:51.502125,0.0,0.0,0.0
2022-01-14 16:00:52.002797,0.0,0.0,0.0
2022-01-14 16:00:52.507483,0.0,0.0,0.0
2022-01-14 16:00:53.007678,0.0,0.0,0.0
2022-01-14 16:00:53.503323,0.0,0.0,0.0
2022-01-14 16:00:54.011320,0.0,0.0,0.0
2022-01-14 16:00:54.506937,0.0,0.0,0.0
2022-01-14 16:00:55.004247,0.0,0.0,0.0
2022-01-14 16:00:55.506641,0.0,0.0,0.0
2022-01-14 16:00:56.008872,0.0,0.0,0.0
2022-01-14 16:00:56.504098,0.0,0.0,0.0
2022-01-14 16:00:57.003277,0.0,0.0,0.0
2022-01-14 16:00:57.508629,0.0,0.0,0.0
2022-01-14 16:00:58.006881,0.0,0.0,0.0
2022-01-14 16:00:58.503557,0.0,0.0,0.0
2022-01-14 16:00:59.001744,0.0,0.0,0.0
2022-01-14 16:00:59.506588,0.0,0.0,0.0
2022-01-14 16:01:00.004965,0.0,0.0,0.0
2022-01-14 16:01:00.502741,0.0,0.0,0.0
2022-01-14 16:01:01.010356,0.0,0.0,0.0
2022-01-14 16:01:01.505350,0.0,0.0,0.0
2022-01-14 16:01:02.004731,0.0,0.0,0.0
2022-01-14 16:01:02.509713,0.0,0.0,0.0
2022-01-14 16:01:03.006192,0.0,0.0,0.0
2022-01-14 16:01:03.502266,0.0,0.0,0.0
2022-01-14 16:01:04.011312,0.0,0.0,0.0
2022-01-14 16:01:04.505027,0.0,0.0,0.0
2022-01-14 16:01:05.003736,0.0,0.0,0.0
2022-01-14 16:01:05.509691,0.0,0.0,0.0
2022-01-14 16:01:06.007989,0.0,0.0,0.0
2022-01-14 16:01:06.501786,0.0,0.0,0.0
2022-01-14 16:01:07.001186,0.0,0.0,0.0
2022-01-14 16:01:07.504970,0.0,0.0,0.0
2022-01-14 16:01:08.008423,0.0,0.0,0.0
2022-01-14 16:01:08.503173,0.0,0.0,0.0
2022-01-14 16:01:09.001553,0.0,0.0,0.0
2022-01-14 16:01:09.510266,0.0,0.0,0.0
2022-01-14 16:01:10.007376,0.0,0.0,0.0
2022-01-14 16:01:10.501770,0.0,0.0,0.0
2022-01-14 16:01:11.009964,0.0,0.0,0.0
2022-01-14 16:01:11.504577,0.0,0.0,0.0
2022-01-14 16:01:12.010282,0.0,0.0,0.0
2022-01-14 16:01:12.504610,0.0,0.0,0.0
2022-01-14 16:01:13.002881,0.0,0.0,0.0
2022-01-14 16:01:13.508075,0.0,0.0,0.0
2022-01-14 16:01:14.007582,0.0,0.0,0.0
2022-01-14 16:01:14.502572,0.0,0.0,0.0
2022-01-14 16:01:15.010936,0.0,0.0,0.0
2022-01-14 16:01:15.505097,0.0,0.0,0.0
2022-01-14 16:01:16.006461,0.0,0.0,0.0
2022-01-14 16:01:16.501494,0.0,0.0,0.0
2022-01-14 16:01:17.010014,0.0,0.0,0.0
2022-01-14 16:01:17.505688,0.0,0.0,0.0
2022-01-14 16:01:18.004047,0.0,0.0,0.0
2022-01-14 16:01:18.509584,0.0,0.0,0.0
2022-01-14 16:01:19.006514,0.0,0.0,0.0
2022-01-14 16:01:19.501527,0.0,0.0,0.0
2022-01-14 16:01:20.009791,0.0,0.0,0.0
2022-01-14 16:01:20.504169,0.0,0.0,0.0
2022-01-14 16:01:21.011157,0.0,0.0,0.0
2022-01-14 16:01:21.505835,0.0,0.0,0.0
2022-01-14 16:01:22.004187,0.0,0.0,0.0
2022-01-14 16:01:22.509492,0.0,0.0,0.0
2022-01-14 16:01:23.008199,0.0,0.0,0.0
2022-01-14 16:01:23.504250,0.0,0.0,0.0
2022-01-14 16:01:24.001545,0.0,0.0,0.0
2022-01-14 16:01:24.506853,0.0,0.0,0.0
2022-01-14 16:01:25.005600,0.0,0.0,0.0
2022-01-14 16:01:25.509635,0.0,0.0,0.0
2022-01-14 16:01:26.008478,0.0,0.0,0.0
2022-01-14 16:01:26.503571,0.0,0.0,0.0
2022-01-14 16:01:27.002011,0.0,0.0,0.0
2022-01-14 16:01:27.509169,0.0,0.0,0.0
2022-01-14 16:01:28.008310,0.0,0.0,0.0
2022-01-14 16:01:28.504486,0.0,0.0,0.0
2022-01-14 16:01:29.001254,0.0,0.0,0.0
2022-01-14 16:01:29.505809,0.0,0.0,0.0
2022-01-14 16:01:30.004656,0.0,0.0,0.0
2022-01-14 16:01:30.510981,0.0,0.0,0.0
2022-01-14 16:01:31.009384,0.0,0.0,0.0
2022-01-14 16:01:31.505539,0.0,0.0,0.0
2022-01-14 16:01:32.003194,0.0,0.0,0.0
2022-01-14 16:01:32.511004,0.0,0.0,0.0
2022-01-14 16:01:33.010414,0.0,0.0,0.0
2022-01-14 16:01:33.504694,0.0,0.0,0.0
2022-01-14 16:01:34.003060,0.0,0.0,0.0
2022-01-14 16:01:34.507440,0.0,0.0,0.0
2022-01-14 16:01:35.005221,0.0,0.0,0.0
2022-01-14 16:01:35.510978,0.0,0.0,0.0
2022-01-14 16:01:36.010491,0.0,0.0,0.0
2022-01-14 16:01:36.505351,0.0,0.0,0.0
2022-01-14 16:01:37.004064,0.0,0.0,0.0
2022-01-14 16:01:37.510175,0.0,0.0,0.0
2022-01-14 16:01:38.008195,0.0,0.0,0.0
2022-01-14 16:01:38.502572,0.0,0.0,0.0
2022-01-14 16:01:39.011046,0.0,0.0,0.0
2022-01-14 16:01:39.508407,0.0,0.0,0.0
2022-01-14 16:01:40.006411,0.0,0.0,0.0
2022-01-14 16:01:40.501774,0.0,0.0,0.0
2022-01-14 16:01:41.010828,0.0,0.0,0.0
2022-01-14 16:01:41.505409,0.0,0.0,0.0
2022-01-14 16:01:42.003735,0.0,0.0,0.0
2022-01-14 16:01:42.509548,0.0,0.0,0.0
2022-01-14 16:01:43.006291,0.0,0.0,0.0
2022-01-14 16:01:43.510907,0.0,0.0,0.0
2022-01-14 16:01:44.008889,0.0,0.0,0.0
2022-01-14 16:01:44.503226,0.0,0.0,0.0
2022-01-14 16:01:45.002353,0.0,0.0,0.0
2022-01-14 16:01:45.508110,0.0,0.0,0.0
2022-01-14 16:01:46.006104,0.0,0.0,0.0
2022-01-14 16:01:46.503874,0.0,0.0,0.0
2022-01-14 16:01:47.002536,0.0,0.0,0.0
2022-01-14 16:01:47.507929,0.0,0.0,0.0
2022-01-14 16:01:48.005875,0.0,0.0,0.0
2022-01-14 16:01:48.503369,0.0,0.0,0.0
2022-01-14 16:01:49.001453,0.0,0.0,0.0
2022-01-14 16:01:49.509834,0.0,0.0,0.0
2022-01-14 16:01:50.007645,0.0,0.0,0.0
2022-01-14 16:01:50.505585,0.0,0.0,0.0
2022-01-14 16:01:51.004197,0.0,0.0,0.0
2022-01-14 16:01:51.508016,0.0,0.0,0.0
2022-01-14 16:01:52.005108,0.0,0.0,0.0
2022-01-14 16:01:52.501021,0.0,0.0,0.0
2022-01-14 16:01:53.009193,0.0,0.0,0.0
2022-01-14 16:01:53.503481,0.0,0.0,0.0
2022-01-14 16:01:54.001848,0.0,0.0,0.0
2022-01-14 16:01:54.508007,0.0,0.0,0.0
2022-01-14 16:01:55.005152,0.0,0.0,0.0
2022-01-14 16:01:55.510868,0.0,0.0,0.0
2022-01-14 16:01:56.010506,0.0,0.0,0.0
2022-01-14 16:01:56.505184,0.0,0.0,0.0
2022-01-14 16:01:57.003161,0.0,0.0,0.0
2022-01-14 16:01:57.508579,0.0,0.0,0.0
2022-01-14 16:01:58.006953,0.0,0.0,0.0
2022-01-14 16:01:58.505074,0.0,0.0,0.0
2022-01-14 16:01:59.001113,0.0,0.0,0.0
2022-01-14 16:01:59.506517,0.0,0.0,0.0
2022-01-14 16:02:00.004953,0.0,0.0,0.0
2022-01-14 16:02:00.509789,0.0,0.0,0.0
2022-01-14 16:02:01.008370,0.0,0.0,0.0
2022-01-14 16:02:01.503544,0.0,0.0,0.0
2022-01-14 16:02:02.001442,0.0,0.0,0.0
2022-01-14 16:02:02.508799,0.0,0.0,0.0
2022-01-14 16:02:03.006220,0.0,0.0,0.0
2022-01-14 16:02:03.508474,0.0,0.0,0.0
2022-01-14 16:02:04.006141,0.0,0.0,0.0
2022-01-14 16:02:04.507153,0.0,0.0,0.0
2022-01-14 16:02:05.001181,0.0,0.0,0.0
2022-01-14 16:02:05.504531,0.0,0.0,0.0
2022-01-14 16:02:06.010475,0.0,0.0,0.0
2022-01-14 16:02:06.505579,0.0,0.0,0.0
2022-01-14 16:02:07.005193,0.0,0.0,0.0
2022-01-14 16:02:07.509740,0.0,0.0,0.0
2022-01-14 16:02:08.006905,0.0,0.0,0.0
2022-01-14 16:02:08.501814,0.0,0.0,0.0
2022-01-14 16:02:09.010085,0.0,0.0,0.0
2022-01-14 16:02:09.507147,0.0,0.0,0.0
2022-01-14 16:02:10.005233,0.0,0.0,0.0
2022-01-14 16:02:10.510209,0.0,0.0,0.0
2022-01-14 16:02:11.009324,0.0,0.0,0.0
2022-01-14 16:02:11.503857,0.0,0.0,0.0
2022-01-14 16:02:12.001518,0.0,0.0,0.0
2022-01-14 16:02:12.506276,0.0,0.0,0.0
2022-01-14 16:02:13.004545,0.0,0.0,0.0
2022-01-14 16:02:13.509547,0.0,0.0,0.0
2022-01-14 16:02:14.007504,0.0,0.0,0.0
2022-01-14 16:02:14.501327,0.0,0.0,0.0
2022-01-14 16:02:15.009100,0.0,0.0,0.0
2022-01-14 16:02:15.503552,0.0,0.0,0.0
2022-01-14 16:02:16.001049,0.0,0.0,0.0
2022-01-14 16:02:16.505965,0.0,0.0,0.0
2022-01-14 16:02:17.004030,0.0,0.0,0.0
2022-01-14 16:02:17.507338,0.0,0.0,0.0
2022-01-14 16:02:18.004507,0.0,0.0,0.0
2022-01-14 16:02:18.510112,0.0,0.0,0.0
2022-01-14 16:02:19.010233,0.0,0.0,0.0
2022-01-14 16:02:19.504653,0.0,0.0,0.0
2022-01-14 16:02:20.003885,0.0,0.0,0.0
2022-01-14 16:02:20.510428,0.0,0.0,0.0
2022-01-14 16:02:21.008871,0.0,0.0,0.0
2022-01-14 16:02:21.504136,0.0,0.0,0.0
2022-01-14 16:02:22.002890,0.0,0.0,0.0
2022-01-14 16:02:22.507371,0.0,0.0,0.0
2022-01-14 16:02:23.003258,0.0,0.0,0.0
2022-01-14 16:02:23.504805,0.0,0.0,0.0
2022-01-14 16:02:24.001715,0.0,0.0,0.0
2022-01-14 16:02:24.507689,0.0,0.0,0.0
2022-01-14 16:02:25.005070,0.0,0.0,0.0
2022-01-14 16:02:25.510372,0.0,0.0,0.0
2022-01-14 16:02:26.010427,0.0,0.0,0.0
2022-01-14 16:02:26.506532,0.0,0.0,-0.03864
2022-01-14 16:02:27.004436,0.0,0.0,-0.03864
2022-01-14 16:02:27.509241,0.0,0.0,0.0
2022-01-14 16:02:28.006704,0.0,0.0,0.0
2022-01-14 16:02:28.509154,0.0,0.0,0.0
2022-01-14 16:02:29.006008,0.0,0.0,0.0
2022-01-14 16:02:29.507258,0.0,0.0,0.0
2022-01-14 16:02:30.005349,0.0,0.0,0.0
2022-01-14 16:02:30.503607,0.0,0.0,0.0
2022-01-14 16:02:31.011079,0.0,0.0,0.0
2022-01-14 16:02:31.506252,0.0,0.0,0.0
2022-01-14 16:02:32.004241,0.0,0.0,0.0
2022-01-14 16:02:32.510047,0.0,0.0,0.0
2022-01-14 16:02:33.007537,0.0,0.0,0.0
2022-01-14 16:02:34.004241,0.0,0.0,0.0
2022-01-14 16:02:34.501383,0.0,0.0,0.0
2022-01-14 16:02:35.007528,0.0,0.0,0.0
2022-01-14 16:02:36.005088,0.0,0.0,0.0
2022-01-14 16:02:36.509309,0.0,0.0,0.0
2022-01-14 16:02:37.007008,0.0,0.0,0.0
2022-01-14 16:02:37.501097,0.0,0.0,0.0
2022-01-14 16:02:38.008936,0.0,0.0,0.0
2022-01-14 16:02:38.505133,0.0,0.0,0.0
2022-01-14 16:02:39.002653,0.0,0.0,0.0
2022-01-14 16:02:39.506786,0.0,0.0,-0.03864
2022-01-14 16:02:40.003900,0.0,0.0,-0.03864
2022-01-14 16:02:40.509273,0.0,0.0,0.0
2022-01-14 16:02:41.007827,0.0,0.0,0.0
2022-01-14 16:02:41.503496,0.0,0.0,0.0
2022-01-14 16:02:42.001603,0.0,0.0,0.0
2022-01-14 16:02:42.506295,0.0,0.0,0.0
2022-01-14 16:02:43.004021,0.0,0.0,0.0
2022-01-14 16:02:43.509068,0.0,0.0,0.0
2022-01-14 16:02:44.005163,0.0,0.0,0.0
2022-01-14 16:02:44.509258,0.0,0.0,0.0
2022-01-14 16:02:45.006705,0.0,0.0,0.0
2022-01-14 16:02:45.510243,0.0,0.0,0.0
2022-01-14 16:02:46.007902,0.0,0.0,0.0
2022-01-14 16:02:46.503765,0.0,0.0,0.0
2022-01-14 16:02:47.001747,0.0,0.0,0.0
2022-01-14 16:02:47.507743,0.0,0.0,0.0
2022-01-14 16:02:48.006637,0.0,0.0,0.0
2022-01-14 16:02:48.508511,0.0,0.0,0.0
2022-01-14 16:02:49.004217,0.0,0.0,0.0
2022-01-14 16:02:49.508860,0.0,0.0,0.0
2022-01-14 16:02:50.005024,0.0,0.0,0.0
2022-01-14 16:02:50.510872,0.0,0.0,0.0
2022-01-14 16:02:51.009330,0.0,0.0,0.0
2022-01-14 16:02:51.504531,0.0,0.0,0.0
2022-01-14 16:02:52.003334,0.0,0.0,0.0
2022-01-14 16:02:52.509192,0.0,0.0,0.0
2022-01-14 16:02:53.008208,0.0,0.0,0.0
2022-01-14 16:02:53.503387,0.0,0.0,0.0
2022-01-14 16:02:54.010934,0.0,0.0,0.0
2022-01-14 16:02:54.503916,0.0,0.0,0.0
2022-01-14 16:02:55.002038,0.0,0.0,0.0
2022-01-14 16:02:55.507133,0.0,0.0,0.0
2022-01-14 16:02:56.007312,0.0,0.0,0.0
2022-01-14 16:02:56.503998,0.0,0.0,0.0
2022-01-14 16:02:57.002727,0.0,0.0,0.0
2022-01-14 16:02:57.504714,0.0,0.0,0.0
2022-01-14 16:02:58.002214,0.0,0.0,0.0
2022-01-14 16:02:58.505711,0.0,0.0,0.0
2022-01-14 16:02:59.003251,0.0,0.0,0.0
2022-01-14 16:02:59.508109,0.0,0.0,0.0
2022-01-14 16:03:00.005322,0.0,0.0,0.0
2022-01-14 16:03:00.511120,0.0,0.0,0.0
2022-01-14 16:03:01.008558,0.0,0.0,0.0
2022-01-14 16:03:01.503233,0.0,0.0,0.0
2022-01-14 16:03:02.001732,0.0,0.0,0.0
2022-01-14 16:03:02.506896,0.0,0.0,0.0
2022-01-14 16:03:03.005594,0.0,0.0,0.0
2022-01-14 16:03:03.501585,0.0,0.0,0.0
2022-01-14 16:03:04.008779,0.0,0.0,0.0
2022-01-14 16:03:04.505202,0.0,0.0,0.0
2022-01-14 16:03:05.001526,0.0,0.0,0.0
2022-01-14 16:03:05.507859,0.0,0.0,0.0
2022-01-14 16:03:06.002654,0.0,0.0,0.0
2022-01-14 16:03:06.507977,0.0,0.0,0.0
2022-01-14 16:03:07.005365,0.0,0.0,0.0
2022-01-14 16:03:07.510873,0.0,0.0,0.0
2022-01-14 16:03:08.008033,0.0,0.0,0.0
2022-01-14 16:03:08.503612,0.0,0.0,0.0
2022-01-14 16:03:09.001536,0.0,0.0,0.0
2022-01-14 16:03:09.505984,0.0,0.0,0.0
2022-01-14 16:03:10.003246,0.0,0.0,0.0
2022-01-14 16:03:10.508360,0.0,0.0,0.0
2022-01-14 16:03:11.009369,0.0,0.0,0.0
2022-01-14 16:03:11.503258,0.0,0.0,0.0
2022-01-14 16:03:12.001880,0.0,0.0,0.0
2022-01-14 16:03:12.505058,0.0,0.0,0.0
2022-01-14 16:03:13.002904,0.0,0.0,0.0
2022-01-14 16:03:13.509171,0.0,0.0,0.0
2022-01-14 16:03:14.006205,0.0,0.0,0.0
2022-01-14 16:03:15.005757,0.0,0.0,0.0
2022-01-14 16:03:15.510255,0.0,0.0,0.0
2022-01-14 16:03:16.007728,0.0,0.0,0.0
2022-01-14 16:03:16.501864,0.0,0.0,0.0
2022-01-14 16:03:17.008671,0.0,0.0,0.0
2022-01-14 16:03:17.502883,0.0,0.0,0.0
2022-01-14 16:03:18.007637,0.0,0.0,0.0
2022-01-14 16:03:18.501546,0.0,0.0,0.0
2022-01-14 16:03:19.007610,0.0,0.0,0.0
2022-01-14 16:03:19.509800,0.0,0.0,0.0
2022-01-14 16:03:20.008524,0.0,0.0,0.0
2022-01-14 16:03:20.502507,0.0,0.0,0.0
2022-01-14 16:03:21.001034,0.0,0.0,0.0
2022-01-14 16:03:21.505889,0.0,0.0,0.0
2022-01-14 16:03:22.004448,0.0,0.0,0.0
2022-01-14 16:03:22.510498,0.0,0.0,0.0
2022-01-14 16:03:23.008567,0.0,0.0,0.0
2022-01-14 16:03:23.503541,0.0,0.0,0.0
2022-01-14 16:03:24.002497,0.0,0.0,0.0
2022-01-14 16:03:24.506582,0.0,0.0,0.0
2022-01-14 16:03:25.004585,0.0,0.0,0.0
2022-01-14 16:03:25.501702,0.0,0.0,0.0
2022-01-14 16:03:26.011047,0.0,0.0,0.0
2022-01-14 16:03:26.504835,0.0,0.0,0.0
2022-01-14 16:03:27.001621,0.0,0.0,0.0
2022-01-14 16:03:27.505680,0.0,0.0,0.0
2022-01-14 16:03:28.004708,0.0,0.0,0.0
2022-01-14 16:03:28.501715,0.0,0.0,0.0
2022-01-14 16:03:29.010252,0.0,0.0,0.0
2022-01-14 16:03:29.504323,0.0,0.0,0.0
2022-01-14 16:03:30.002775,0.0,0.0,0.0
2022-01-14 16:03:30.506849,0.0,0.0,0.0
2022-01-14 16:03:31.006044,0.0,0.0,0.0
2022-01-14 16:03:31.502004,0.0,0.0,0.0
2022-01-14 16:03:32.005130,0.0,0.0,0.0
2022-01-14 16:03:32.501580,0.0,0.0,-0.03864
2022-01-14 16:03:33.008539,0.0,0.0,-0.03864
2022-01-14 16:03:33.501424,0.0,0.0,0.0
2022-01-14 16:03:34.009568,0.0,0.0,0.0
2022-01-14 16:03:34.506441,0.0,0.0,0.0
2022-01-14 16:03:35.001293,0.0,0.0,0.0
2022-01-14 16:03:35.506438,0.0,0.0,0.0
2022-01-14 16:03:36.006555,0.0,0.0,0.0
2022-01-14 16:03:36.501903,0.0,0.0,0.0
2022-01-14 16:03:37.008714,0.0,0.0,0.0
2022-01-14 16:03:37.504470,0.0,0.0,0.0
2022-01-14 16:03:38.008276,0.0,0.0,0.0
2022-01-14 16:03:38.504276,0.0,0.0,0.0
2022-01-14 16:03:39.002209,0.0,0.0,0.0
2022-01-14 16:03:39.505000,0.0,0.0,0.0
2022-01-14 16:03:40.002452,0.0,0.0,0.0
2022-01-14 16:03:40.501269,0.0,0.0,0.0
2022-01-14 16:03:41.008007,0.0,0.0,0.0
2022-01-14 16:03:41.501953,0.0,0.0,0.0
2022-01-14 16:03:42.010586,0.0,0.0,0.0
2022-01-14 16:03:42.503880,0.0,0.0,0.0
2022-01-14 16:03:43.001359,0.0,0.0,0.0
2022-01-14 16:03:43.506335,0.0,0.0,0.0
2022-01-14 16:03:44.007791,0.0,0.0,0.0
2022-01-14 16:03:44.507107,0.0,0.0,0.0
2022-01-14 16:03:45.006383,0.0,0.0,0.0
2022-01-14 16:03:45.509538,0.0,0.0,0.0
2022-01-14 16:03:46.006640,0.0,0.0,0.0
2022-01-14 16:03:46.501518,0.0,0.0,0.0
2022-01-14 16:03:47.504528,0.0,0.0,0.0
2022-01-14 16:03:48.002960,0.0,0.0,0.0
2022-01-14 16:03:48.506787,0.0,0.0,0.0
2022-01-14 16:03:49.005173,0.0,0.0,0.0
2022-01-14 16:03:49.510174,0.0,0.0,0.0
2022-01-14 16:03:50.009661,0.0,0.0,0.0
2022-01-14 16:03:50.508229,0.0,0.0,0.0
2022-01-14 16:03:51.006140,0.0,0.0,0.0
2022-01-14 16:03:51.502261,0.0,0.0,0.0
2022-01-14 16:03:52.003242,0.0,0.0,0.0
2022-01-14 16:03:52.508561,0.0,0.0,0.0
2022-01-14 16:03:53.008043,0.0,0.0,0.0
2022-01-14 16:03:53.502692,0.0,0.0,0.0
2022-01-14 16:03:54.010039,0.0,0.0,0.0
2022-01-14 16:03:54.505262,0.0,0.0,0.0
2022-01-14 16:03:55.004736,0.0,0.0,0.0
2022-01-14 16:03:55.504233,0.0,0.0,0.0
2022-01-14 16:03:56.001744,0.0,0.0,0.0
2022-01-14 16:03:56.506555,0.0,0.0,0.0
2022-01-14 16:03:57.004265,0.0,0.0,0.0
2022-01-14 16:03:57.507755,0.0,0.0,0.0
2022-01-14 16:03:58.006727,0.0,0.0,0.0
2022-01-14 16:03:58.502801,0.0,0.0,0.0
2022-01-14 16:03:59.001785,0.0,0.0,0.0
2022-01-14 16:03:59.508899,0.0,0.0,0.0
2022-01-14 16:04:00.006336,0.0,0.0,0.0
2022-01-14 16:04:00.511128,0.0,0.0,0.0
2022-01-14 16:04:01.009148,0.0,0.0,0.0
2022-01-14 16:04:01.507822,0.0,0.0,0.0
2022-01-14 16:04:02.009443,0.0,0.0,0.0
2022-01-14 16:04:02.504325,0.0,0.0,0.0
2022-01-14 16:04:03.002825,0.0,0.0,0.0
2022-01-14 16:04:03.507500,0.0,0.0,0.0
2022-01-14 16:04:04.005212,0.0,0.0,0.0
2022-01-14 16:04:04.508640,0.0,0.0,0.0
2022-01-14 16:04:05.008765,0.0,0.0,0.0
2022-01-14 16:04:05.504824,0.0,0.0,0.0
2022-01-14 16:04:06.002258,0.0,0.0,0.0
2022-01-14 16:04:06.506379,0.0,0.0,0.0
2022-01-14 16:04:07.005264,0.0,0.0,0.0
2022-01-14 16:04:07.501371,0.0,0.0,0.0
2022-01-14 16:04:08.009266,0.0,0.0,0.0
2022-01-14 16:04:08.503295,0.0,0.0,-0.03864
2022-01-14 16:04:09.001751,0.0,0.0,-0.03864
2022-01-14 16:04:09.505594,0.0,0.0,0.0
2022-01-14 16:04:10.001599,0.0,0.0,0.0
2022-01-14 16:04:10.507503,0.0,0.0,0.0
2022-01-14 16:04:11.004511,0.0,0.0,0.0
2022-01-14 16:04:11.509118,0.0,0.0,0.0
2022-01-14 16:04:12.007422,0.0,0.0,0.0
2022-01-14 16:04:12.511111,0.0,0.0,0.0
2022-01-14 16:04:13.007874,0.0,0.0,0.0
2022-01-14 16:04:13.502490,0.0,0.0,0.0
2022-01-14 16:04:14.010942,0.0,0.0,0.0
2022-01-14 16:04:14.506312,0.0,0.0,0.0
2022-01-14 16:04:15.005790,0.0,0.0,0.0
2022-01-14 16:04:15.507830,0.0,0.0,0.0
2022-01-14 16:04:16.004451,0.0,0.0,0.0
2022-01-14 16:04:16.510788,0.0,0.0,0.0
2022-01-14 16:04:17.008808,0.0,0.0,0.0
2022-01-14 16:04:17.505083,0.0,0.0,0.0
2022-01-14 16:04:18.002438,0.0,0.0,0.0
2022-01-14 16:04:18.506247,0.0,0.0,0.0
2022-01-14 16:04:19.004698,0.0,0.0,0.0
2022-01-14 16:04:19.509974,0.0,0.0,0.0
2022-01-14 16:04:20.006718,0.0,0.0,0.0
2022-01-14 16:04:20.505128,0.0,0.0,0.0
2022-01-14 16:04:21.003770,0.0,0.0,0.0
2022-01-14 16:04:21.508967,0.0,0.0,0.0
2022-01-14 16:04:22.005545,0.0,0.0,0.0
2022-01-14 16:04:22.504208,0.0,0.0,0.0
2022-01-14 16:04:23.001239,0.0,0.0,0.0
2022-01-14 16:04:23.505582,0.0,0.0,0.0
2022-01-14 16:04:24.003759,0.0,0.0,0.0
2022-01-14 16:04:24.506878,0.0,0.0,0.0
2022-01-14 16:04:25.005061,0.0,0.0,0.0
2022-01-14 16:04:25.501663,0.0,0.0,0.0
2022-01-14 16:04:26.009561,0.0,0.0,0.0
2022-01-14 16:04:26.504622,0.0,0.0,0.0
2022-01-14 16:04:27.002054,0.0,0.0,0.0
2022-01-14 16:04:27.505194,0.0,0.0,0.0
2022-01-14 16:04:28.001452,0.0,0.0,0.0
2022-01-14 16:04:28.506790,0.0,0.0,0.0
2022-01-14 16:04:29.005557,0.0,0.0,0.0
2022-01-14 16:04:29.510992,0.0,0.0,0.0
2022-01-14 16:04:30.009804,0.0,0.0,0.0
2022-01-14 16:04:30.503291,0.0,0.0,0.0
2022-01-14 16:04:31.001395,0.0,0.0,0.0
2022-01-14 16:04:31.504427,0.0,0.0,0.0
2022-01-14 16:04:32.001663,0.0,0.0,0.0
2022-01-14 16:04:32.507925,0.0,0.0,0.0
2022-01-14 16:04:33.007510,0.0,0.0,0.0
2022-01-14 16:04:33.510991,0.0,0.0,0.0
2022-01-14 16:04:34.009281,0.0,0.0,0.0
2022-01-14 16:04:34.506129,0.0,0.0,0.0
2022-01-14 16:04:35.002670,0.0,0.0,0.0
2022-01-14 16:04:35.510816,0.0,0.0,0.0
2022-01-14 16:04:36.008268,0.0,0.0,0.0
2022-01-14 16:04:36.502012,0.0,0.0,0.0
2022-01-14 16:04:37.008925,0.0,0.0,0.0
2022-01-14 16:04:37.503213,0.0,0.0,0.0
2022-01-14 16:04:38.010680,0.0,0.0,0.0
2022-01-14 16:04:38.508303,0.0,0.0,0.0
2022-01-14 16:04:39.007195,0.0,0.0,0.0
2022-01-14 16:04:39.510031,0.0,0.0,0.0
2022-01-14 16:04:40.009744,0.0,0.0,0.0
2022-01-14 16:04:40.504293,0.0,0.0,0.0
2022-01-14 16:04:41.010181,0.0,0.0,0.0
2022-01-14 16:04:41.505103,0.0,0.0,0.0
2022-01-14 16:04:42.004379,0.0,0.0,0.0
2022-01-14 16:04:42.509859,0.0,0.0,0.0
2022-01-14 16:04:43.009218,0.0,0.0,0.0
2022-01-14 16:04:43.503217,0.0,0.0,0.0
2022-01-14 16:04:44.010751,0.0,0.0,0.0
2022-01-14 16:04:44.505084,0.0,0.0,0.0
2022-01-14 16:04:45.002961,0.0,0.0,0.0
2022-01-14 16:04:45.506729,0.0,0.0,0.0
2022-01-14 16:04:46.003474,0.0,0.0,0.0
2022-01-14 16:04:46.506999,0.0,0.0,0.0
2022-01-14 16:04:47.006236,0.0,0.0,0.0
2022-01-14 16:04:47.502259,0.0,0.0,0.0
2022-01-14 16:04:48.009954,0.0,0.0,0.0
2022-01-14 16:04:48.501274,0.0,0.0,0.0
2022-01-14 16:04:49.010118,0.0,0.0,0.0
2022-01-14 16:04:49.505458,0.0,0.0,0.0
2022-01-14 16:04:50.002311,0.0,0.0,0.0
2022-01-14 16:04:50.505554,0.0,0.0,0.0
2022-01-14 16:04:51.004722,0.0,0.0,0.0
2022-01-14 16:04:51.501192,0.0,0.0,0.0
2022-01-14 16:04:52.010130,0.0,0.0,0.0
2022-01-14 16:04:52.507551,0.0,0.0,0.0
2022-01-14 16:04:53.001162,0.0,0.0,0.0
2022-01-14 16:04:53.506773,0.0,0.0,0.0
2022-01-14 16:04:54.005307,0.0,0.0,0.0
2022-01-14 16:04:54.509565,0.0,0.0,0.0
2022-01-14 16:04:55.006029,0.0,0.0,0.0
2022-01-14 16:04:55.511190,0.0,0.0,0.0
2022-01-14 16:04:56.009902,0.0,0.0,0.0
2022-01-14 16:04:56.505651,0.0,0.0,0.0
2022-01-14 16:04:57.004980,0.0,0.0,0.0
2022-01-14 16:04:57.510913,0.0,0.0,0.0
2022-01-14 16:04:58.008620,0.0,0.0,0.0
2022-01-14 16:04:58.503340,0.0,0.0,0.0
2022-01-14 16:04:59.010462,0.0,0.0,0.0
2022-01-14 16:04:59.505912,0.0,0.0,0.0
2022-01-14 16:05:00.005008,0.0,0.0,0.0
2022-01-14 16:05:00.503385,0.0,0.0,0.0
2022-01-14 16:05:01.001675,0.0,0.0,0.0
2022-01-14 16:05:01.505579,0.0,0.0,0.0
2022-01-14 16:05:02.002018,0.0,0.0,0.0
2022-01-14 16:05:02.506698,0.0,0.0,0.0
2022-01-14 16:05:03.005863,0.0,0.0,0.0
2022-01-14 16:05:03.510896,0.0,0.0,0.0
2022-01-14 16:05:04.008072,0.0,0.0,0.0
2022-01-14 16:05:04.502996,0.0,0.0,0.0
2022-01-14 16:05:05.001137,0.0,0.0,0.0
2022-01-14 16:05:05.505513,0.0,0.0,0.0
2022-01-14 16:05:06.003030,0.0,0.0,0.0
2022-01-14 16:05:06.505631,0.0,0.0,0.0
2022-01-14 16:05:07.002722,0.0,0.0,0.0
2022-01-14 16:05:07.507532,0.0,0.0,0.0
2022-01-14 16:05:08.004762,0.0,0.0,0.0
2022-01-14 16:05:08.509056,0.0,0.0,0.0
2022-01-14 16:05:09.006435,0.0,0.0,0.0
2022-01-14 16:05:09.501731,0.0,0.0,0.0
2022-01-14 16:05:10.008607,0.0,0.0,0.0
2022-01-14 16:05:10.503507,0.0,0.0,0.0
2022-01-14 16:05:11.002128,0.0,0.0,0.0
2022-01-14 16:05:11.506246,0.0,0.0,0.0
2022-01-14 16:05:12.004164,0.0,0.0,0.0
2022-01-14 16:05:12.508663,0.0,0.0,0.0
2022-01-14 16:05:13.005108,0.0,0.0,0.0
2022-01-14 16:05:13.510294,0.0,0.0,0.0
2022-01-14 16:05:14.009282,0.0,0.0,0.0
2022-01-14 16:05:14.503789,0.0,0.0,0.0
2022-01-14 16:05:15.004575,0.0,0.0,0.0
2022-01-14 16:05:15.506216,0.0,0.0,0.0
2022-01-14 16:05:16.003404,0.0,0.0,0.0
2022-01-14 16:05:16.508668,0.0,0.0,0.0
2022-01-14 16:05:17.005185,0.0,0.0,0.0
2022-01-14 16:05:17.501990,0.0,0.0,0.0
2022-01-14 16:05:18.009293,0.0,0.0,0.0
2022-01-14 16:05:18.503375,0.0,0.0,0.0
2022-01-14 16:05:19.001628,0.0,0.0,0.0
2022-01-14 16:05:19.507246,0.0,0.0,0.0
2022-01-14 16:05:20.005435,0.0,0.0,0.0
2022-01-14 16:05:20.511036,0.0,0.0,0.0
2022-01-14 16:05:21.009541,0.0,0.0,0.0
2022-01-14 16:05:21.504688,0.0,0.0,0.0
2022-01-14 16:05:22.002780,0.0,0.0,0.0
2022-01-14 16:05:22.507457,0.0,0.0,0.0
2022-01-14 16:05:23.005625,0.0,0.0,0.0
2022-01-14 16:05:23.510201,0.0,0.0,0.0
2022-01-14 16:05:24.007725,0.0,0.0,0.0
2022-01-14 16:05:25.004817,0.0,0.0,0.0
2022-01-14 16:05:25.510515,0.0,0.0,0.0
2022-01-14 16:05:26.009099,0.0,0.0,0.0
2022-01-14 16:05:26.505002,0.0,0.0,0.03864
2022-01-14 16:05:27.002553,0.0,0.0,0.03864
2022-01-14 16:05:27.506998,0.0,0.0,0.0
2022-01-14 16:05:28.005732,0.0,0.0,0.0
2022-01-14 16:05:28.510925,0.0,0.0,0.0
2022-01-14 16:05:29.008141,0.0,0.0,0.0
2022-01-14 16:05:29.503206,0.0,0.0,0.0
2022-01-14 16:05:30.010147,0.0,0.0,0.0
2022-01-14 16:05:30.501726,0.0,0.0,0.0
2022-01-14 16:05:31.010352,0.0,0.0,0.0
2022-01-14 16:05:31.504766,0.0,0.0,0.0
2022-01-14 16:05:32.002313,0.0,0.0,0.0
2022-01-14 16:05:32.507488,0.0,0.0,0.0
2022-01-14 16:05:33.005050,0.0,0.0,0.0
2022-01-14 16:05:33.506465,0.0,0.0,0.0
2022-01-14 16:05:34.003990,0.0,0.0,0.0
2022-01-14 16:05:34.507859,0.0,0.0,0.0
2022-01-14 16:05:35.004579,0.0,0.0,0.0
2022-01-14 16:05:35.507564,0.0,0.0,0.0
2022-01-14 16:05:36.005666,0.0,0.0,0.0
2022-01-14 16:05:36.509140,0.0,0.0,0.0
2022-01-14 16:05:37.006108,0.0,0.0,0.0
2022-01-14 16:05:37.510140,0.0,0.0,0.0
2022-01-14 16:05:38.008672,0.0,0.0,0.0
2022-01-14 16:05:38.502697,0.0,0.0,0.0
2022-01-14 16:05:39.009875,0.0,0.0,0.0
2022-01-14 16:05:39.505088,0.0,0.0,0.0
2022-01-14 16:05:40.004537,0.0,0.0,0.0
2022-01-14 16:05:40.509214,0.0,0.0,0.0
2022-01-14 16:05:41.005291,0.0,0.0,0.0
2022-01-14 16:05:41.510757,0.0,0.0,0.0
2022-01-14 16:05:42.009390,0.0,0.0,0.0
2022-01-14 16:05:42.503467,0.0,0.0,-0.03864
2022-01-14 16:05:43.001420,0.0,0.0,-0.03864
2022-01-14 16:05:43.510400,0.0,0.0,0.0
2022-01-14 16:05:44.009468,0.0,0.0,0.0
2022-01-14 16:05:44.503904,0.0,0.0,0.0
2022-01-14 16:05:45.010450,0.0,0.0,0.0
2022-01-14 16:05:45.503501,0.0,0.0,0.0
2022-01-14 16:05:46.010959,0.0,0.0,0.0
2022-01-14 16:05:46.505909,0.0,0.0,0.0
2022-01-14 16:05:47.002804,0.0,0.0,0.0
2022-01-14 16:05:47.507025,0.0,0.0,0.0
2022-01-14 16:05:48.007551,0.0,0.0,0.0
2022-01-14 16:05:48.502296,0.0,0.0,0.0
2022-01-14 16:05:49.009846,0.0,0.0,0.0
2022-01-14 16:05:49.503360,0.0,0.0,0.0
2022-01-14 16:05:50.001287,0.0,0.0,0.0
2022-01-14 16:05:50.505445,0.0,0.0,0.0
2022-01-14 16:05:51.004935,0.0,0.0,0.0
2022-01-14 16:05:51.508661,0.0,0.0,0.0
2022-01-14 16:05:52.006918,0.0,0.0,0.0
2022-01-14 16:05:52.502490,0.0,0.0,0.0
2022-01-14 16:05:53.001940,0.0,0.0,0.0
2022-01-14 16:05:53.508348,0.0,0.0,0.0
2022-01-14 16:05:54.007571,0.0,0.0,0.0
2022-01-14 16:05:54.501136,0.0,0.0,0.0
2022-01-14 16:05:55.009827,0.0,0.0,0.0
2022-01-14 16:05:55.504714,0.0,0.0,0.0
2022-01-14 16:05:56.002945,0.0,0.0,0.0
2022-01-14 16:05:56.507339,0.0,0.0,0.0
2022-01-14 16:05:57.004737,0.0,0.0,0.0
2022-01-14 16:05:57.510164,0.0,0.0,0.0
2022-01-14 16:05:58.009354,0.0,0.0,0.0
2022-01-14 16:05:58.503478,0.0,0.0,0.0
2022-01-14 16:05:59.001947,0.0,0.0,0.0
2022-01-14 16:05:59.506281,0.0,0.0,0.0
2022-01-14 16:06:00.003858,0.0,0.0,0.0
2022-01-14 16:06:00.501962,0.0,0.0,0.0
2022-01-14 16:06:01.009407,0.0,0.0,0.0
2022-01-14 16:06:01.506259,0.0,0.0,0.0
2022-01-14 16:06:02.003754,0.0,0.0,0.0
2022-01-14 16:06:02.508563,0.0,0.0,0.0
2022-01-14 16:06:03.005898,0.0,0.0,0.0
2022-01-14 16:06:03.506201,0.0,0.0,0.0
2022-01-14 16:06:04.005048,0.0,0.0,0.0
2022-01-14 16:06:04.510735,0.0,0.0,0.0
2022-01-14 16:06:05.009319,0.0,0.0,0.0
2022-01-14 16:06:05.502801,0.0,0.0,0.0
2022-01-14 16:06:06.001907,0.0,0.0,0.0
2022-01-14 16:06:06.504655,0.0,0.0,0.0
2022-01-14 16:06:07.003123,0.0,0.0,0.0
2022-01-14 16:06:07.508730,0.0,0.0,0.0
2022-01-14 16:06:08.005089,0.0,0.0,0.0
2022-01-14 16:06:08.510304,0.0,0.0,0.0
2022-01-14 16:06:09.007651,0.0,0.0,0.0
2022-01-14 16:06:09.502239,0.0,0.0,0.0
2022-01-14 16:06:10.008512,0.0,0.0,0.0
2022-01-14 16:06:10.503567,0.0,0.0,0.0
2022-01-14 16:06:11.000952,0.0,0.0,0.0
2022-01-14 16:06:11.504460,0.0,0.0,0.0
2022-01-14 16:06:12.006529,0.0,0.0,0.0
2022-01-14 16:06:12.509162,0.0,0.0,0.0
2022-01-14 16:06:13.005734,0.0,0.0,0.0
2022-01-14 16:06:13.501137,0.0,0.0,0.0
2022-01-14 16:06:14.009513,0.0,0.0,0.0
2022-01-14 16:06:14.505926,0.0,0.0,0.0
2022-01-14 16:06:15.005175,0.0,0.0,0.0
2022-01-14 16:06:15.509030,0.0,0.0,0.0
2022-01-14 16:06:16.005729,0.0,0.0,0.0
2022-01-14 16:06:16.501430,0.0,0.0,0.0
2022-01-14 16:06:17.010543,0.0,0.0,0.0
2022-01-14 16:06:17.506417,0.0,0.0,0.0
2022-01-14 16:06:18.004344,0.0,0.0,0.0
2022-01-14 16:06:18.508673,0.0,0.0,0.0
2022-01-14 16:06:19.006641,0.0,0.0,0.0
2022-01-14 16:06:19.502144,0.0,0.0,0.0
2022-01-14 16:06:20.009634,0.0,0.0,0.0
2022-01-14 16:06:20.506433,0.0,0.0,0.0
2022-01-14 16:06:21.004298,0.0,0.0,0.0
2022-01-14 16:06:21.508741,0.0,0.0,0.0
2022-01-14 16:06:22.005471,0.0,0.0,0.0
2022-01-14 16:06:22.510084,0.0,0.0,0.0
2022-01-14 16:06:23.008369,0.0,0.0,0.0
2022-01-14 16:06:23.505168,0.0,0.0,0.0
2022-01-14 16:06:24.003777,0.0,0.0,0.0
2022-01-14 16:06:24.510254,0.0,0.0,0.0
2022-01-14 16:06:25.008971,0.0,0.0,0.0
2022-01-14 16:06:25.504101,0.0,0.0,0.03864
2022-01-14 16:06:26.001146,0.0,0.0,0.03864
2022-01-14 16:06:26.506186,0.0,0.0,0.0
2022-01-14 16:06:27.005853,0.0,0.0,0.0
2022-01-14 16:06:27.507927,0.0,0.0,0.0
2022-01-14 16:06:28.006179,0.0,0.0,0.0
2022-01-14 16:06:28.502497,0.0,0.0,0.0
2022-01-14 16:06:29.009712,0.0,0.0,0.0
2022-01-14 16:06:29.504657,0.0,0.0,-0.03864
2022-01-14 16:06:30.002136,0.0,0.0,-0.03864
2022-01-14 16:06:30.505923,0.0,0.0,0.03864
2022-01-14 16:06:31.003565,0.0,0.0,0.03864
2022-01-14 16:06:31.507474,0.0,0.0,0.03864
2022-01-14 16:06:32.004641,0.0,0.0,0.03864
2022-01-14 16:06:32.510243,0.0,0.0,0.0
2022-01-14 16:06:33.008493,0.0,0.0,0.0
2022-01-14 16:06:33.507887,0.0,0.0,0.0
2022-01-14 16:06:34.004977,0.0,0.0,0.0
2022-01-14 16:06:34.509816,0.0,0.0,0.0
2022-01-14 16:06:35.008653,0.0,0.0,0.0
2022-01-14 16:06:35.504004,0.0,0.0,0.0
2022-01-14 16:06:36.001969,0.0,0.0,0.0
2022-01-14 16:06:36.505201,0.0,0.0,-0.03864
2022-01-14 16:06:37.004255,0.0,0.0,-0.03864
2022-01-14 16:06:37.508369,0.0,0.0,0.0
2022-01-14 16:06:38.005944,0.0,0.0,0.0
2022-01-14 16:06:38.509705,0.0,0.0,-0.03864
2022-01-14 16:06:39.006877,0.0,0.0,-0.03864
2022-01-14 16:06:39.510991,0.0,0.0,0.0
2022-01-14 16:06:40.004849,0.0,0.0,0.0
2022-01-14 16:06:40.509979,0.0,0.0,0.07822
2022-01-14 16:06:41.007685,0.0,0.0,0.07822
2022-01-14 16:06:41.504509,0.0,0.0,0.0
2022-01-14 16:06:42.002249,0.0,0.0,0.0
2022-01-14 16:06:42.505495,0.0,0.0,0.0
2022-01-14 16:06:43.003419,0.0,0.0,0.0
2022-01-14 16:06:43.508877,0.0,0.0,0.0
2022-01-14 16:06:44.007457,0.0,0.0,0.0
2022-01-14 16:06:44.501063,0.0,0.0,0.0
2022-01-14 16:06:45.009243,0.0,0.0,0.0
2022-01-14 16:06:45.502917,0.0,0.0,0.0
2022-01-14 16:06:46.001996,0.0,0.0,0.0
2022-01-14 16:06:46.505251,0.0,0.0,0.0
2022-01-14 16:06:47.005342,0.0,0.0,0.0
2022-01-14 16:06:47.509491,0.0,0.0,0.0
2022-01-14 16:06:48.007913,0.0,0.0,0.0
2022-01-14 16:06:48.501271,0.0,0.0,0.0
2022-01-14 16:06:49.008230,0.0,0.0,0.0
2022-01-14 16:06:49.502787,0.0,0.0,0.0
2022-01-14 16:06:50.001905,0.0,0.0,0.0
2022-01-14 16:06:50.509425,0.0,0.0,0.0
2022-01-14 16:06:51.007869,0.0,0.0,0.0
2022-01-14 16:06:51.502305,0.0,0.0,0.0
2022-01-14 16:06:52.010496,0.0,0.0,0.0
2022-01-14 16:06:52.503857,0.0,0.0,0.0
2022-01-14 16:06:53.001959,0.0,0.0,0.0
2022-01-14 16:06:53.505980,0.0,0.0,0.0
2022-01-14 16:06:54.003483,0.0,0.0,0.0
2022-01-14 16:06:54.507464,0.0,0.0,0.0
2022-01-14 16:06:55.006572,0.0,0.0,0.0
2022-01-14 16:06:55.501126,0.0,0.0,0.0
2022-01-14 16:06:56.009099,0.0,0.0,0.0
2022-01-14 16:06:56.503258,0.0,0.0,0.0
2022-01-14 16:06:57.002014,0.0,0.0,0.0
2022-01-14 16:06:57.505080,0.0,0.0,0.0
2022-01-14 16:06:58.001592,0.0,0.0,0.0
2022-01-14 16:06:58.506512,0.0,0.0,0.0
2022-01-14 16:06:59.005145,0.0,0.0,0.0
2022-01-14 16:06:59.509999,0.0,0.0,0.0
2022-01-14 16:07:00.008498,0.0,0.0,0.0
2022-01-14 16:07:00.502917,0.0,0.0,0.0
2022-01-14 16:07:01.010643,0.0,0.0,0.0
2022-01-14 16:07:01.506254,0.0,0.0,0.0
2022-01-14 16:07:02.005133,0.0,0.0,0.0
2022-01-14 16:07:02.510372,0.0,0.0,0.0
2022-01-14 16:07:03.009020,0.0,0.0,0.0
2022-01-14 16:07:03.503663,0.0,0.0,0.0
2022-01-14 16:07:04.001582,0.0,0.0,0.0
2022-01-14 16:07:04.504725,0.0,0.0,0.0
2022-01-14 16:07:05.002448,0.0,0.0,0.0
2022-01-14 16:07:05.507222,0.0,0.0,0.0
2022-01-14 16:07:06.004599,0.0,0.0,0.0
2022-01-14 16:07:06.509741,0.0,0.0,0.0
2022-01-14 16:07:07.007811,0.0,0.0,0.0
2022-01-14 16:07:07.504003,0.0,0.0,0.0
2022-01-14 16:07:08.002975,0.0,0.0,0.0
2022-01-14 16:07:08.507369,0.0,0.0,0.0
2022-01-14 16:07:09.009224,0.0,0.0,0.0
2022-01-14 16:07:09.503006,0.0,0.0,0.0
2022-01-14 16:07:10.010232,0.0,0.0,0.0
2022-01-14 16:07:10.505542,0.0,0.0,0.0
2022-01-14 16:07:11.003519,0.0,0.0,0.0
2022-01-14 16:07:11.506687,0.0,0.0,0.0
2022-01-14 16:07:12.004964,0.0,0.0,0.0
2022-01-14 16:07:12.510171,0.0,0.0,0.0
2022-01-14 16:07:13.006605,0.0,0.0,0.0
2022-01-14 16:07:13.501784,0.0,0.0,0.0
2022-01-14 16:07:14.009898,0.0,0.0,0.0
2022-01-14 16:07:14.503611,0.0,0.0,0.0
2022-01-14 16:07:15.001276,0.0,0.0,0.0
2022-01-14 16:07:15.505271,0.0,0.0,0.0
2022-01-14 16:07:16.003805,0.0,0.0,0.0
2022-01-14 16:07:16.509003,0.0,0.0,0.0
2022-01-14 16:07:17.006130,0.0,0.0,0.0
2022-01-14 16:07:17.510213,0.0,0.0,0.0
2022-01-14 16:07:18.009960,0.0,0.0,0.0
2022-01-14 16:07:18.501879,0.0,0.0,0.0
2022-01-14 16:07:19.009586,0.0,0.0,0.0
2022-01-14 16:07:19.503782,0.0,0.0,0.0
2022-01-14 16:07:20.001180,0.0,0.0,0.0
2022-01-14 16:07:20.506773,0.0,0.0,0.0
2022-01-14 16:07:21.004399,0.0,0.0,0.0
2022-01-14 16:07:21.508124,0.0,0.0,0.0
2022-01-14 16:07:22.005774,0.0,0.0,0.0
2022-01-14 16:07:22.502375,0.0,0.0,0.0
2022-01-14 16:07:23.504913,0.0,0.0,0.0
2022-01-14 16:07:24.001990,0.0,0.0,0.0
2022-01-14 16:07:24.505663,0.0,0.0,0.0
2022-01-14 16:07:25.003503,0.0,0.0,0.0
2022-01-14 16:07:25.507485,0.0,0.0,0.0
2022-01-14 16:07:26.004264,0.0,0.0,0.0
2022-01-14 16:07:26.509354,0.0,0.0,0.0
2022-01-14 16:07:27.008297,0.0,0.0,0.0
2022-01-14 16:07:27.501743,0.0,0.0,0.0
2022-01-14 16:07:28.009110,0.0,0.0,0.0
2022-01-14 16:07:28.505079,0.0,0.0,0.0
2022-01-14 16:07:29.006111,0.0,0.0,0.0
2022-01-14 16:07:30.005292,0.0,0.0,0.0
2022-01-14 16:07:30.509509,0.0,0.0,0.0
2022-01-14 16:07:31.006485,0.0,0.0,0.0
2022-01-14 16:07:31.501044,0.0,0.0,0.0
2022-01-14 16:07:32.008900,0.0,0.0,0.0
2022-01-14 16:07:32.504216,0.0,0.0,-0.03864
2022-01-14 16:07:33.002089,0.0,0.0,-0.03864
2022-01-14 16:07:33.506973,0.0,0.0,0.0
2022-01-14 16:07:34.004166,0.0,0.0,0.0
2022-01-14 16:07:34.509884,0.0,0.0,0.0
2022-01-14 16:07:35.006639,0.0,0.0,0.0
2022-01-14 16:07:35.502221,0.0,0.0,0.0
2022-01-14 16:07:36.009974,0.0,0.0,0.0
2022-01-14 16:07:36.503059,0.0,0.0,0.0
2022-01-14 16:07:37.002352,0.0,0.0,0.0
2022-01-14 16:07:37.506406,0.0,0.0,0.0
2022-01-14 16:07:38.005150,0.0,0.0,0.0
2022-01-14 16:07:38.509758,0.0,0.0,0.0
2022-01-14 16:07:39.008120,0.0,0.0,0.0
2022-01-14 16:07:39.501862,0.0,0.0,0.0
2022-01-14 16:07:40.011021,0.0,0.0,0.0
2022-01-14 16:07:40.505225,0.0,0.0,0.0
2022-01-14 16:07:41.003363,0.0,0.0,0.0
2022-01-14 16:07:41.508694,0.0,0.0,0.0
2022-01-14 16:07:42.006262,0.0,0.0,0.0
2022-01-14 16:07:42.509177,0.0,0.0,0.0
2022-01-14 16:07:43.006211,0.0,0.0,0.0
2022-01-14 16:07:43.509613,0.0,0.0,0.0
2022-01-14 16:07:44.007596,0.0,0.0,0.0
2022-01-14 16:07:44.502913,0.0,0.0,0.0
2022-01-14 16:07:45.010227,0.0,0.0,0.0
2022-01-14 16:07:45.503127,0.0,0.0,0.0
2022-01-14 16:07:46.002690,0.0,0.0,0.0
2022-01-14 16:07:46.509279,0.0,0.0,0.0
2022-01-14 16:07:47.006603,0.0,0.0,0.0
2022-01-14 16:07:47.501028,0.0,0.0,0.0
2022-01-14 16:07:48.009308,0.0,0.0,0.0
2022-01-14 16:07:48.501850,0.0,0.0,0.0
2022-01-14 16:07:49.010468,0.0,0.0,0.0
2022-01-14 16:07:49.504984,0.0,0.0,0.0
2022-01-14 16:07:50.002340,0.0,0.0,0.0
2022-01-14 16:07:50.508690,0.0,0.0,0.0
2022-01-14 16:07:51.007186,0.0,0.0,0.0
2022-01-14 16:07:51.510580,0.0,0.0,0.0
2022-01-14 16:07:52.009267,0.0,0.0,0.0
2022-01-14 16:07:52.506918,0.0,0.0,0.0
2022-01-14 16:07:53.004721,0.0,0.0,0.0
2022-01-14 16:07:53.509699,0.0,0.0,0.0
2022-01-14 16:07:54.008226,0.0,0.0,0.0
2022-01-14 16:07:54.510440,0.0,0.0,0.0
2022-01-14 16:07:55.009557,0.0,0.0,0.0
2022-01-14 16:07:55.503226,0.0,0.0,0.0
2022-01-14 16:07:56.001213,0.0,0.0,0.0
2022-01-14 16:07:56.505289,0.0,0.0,0.0
2022-01-14 16:07:57.004812,0.0,0.0,0.0
2022-01-14 16:07:57.508110,0.0,0.0,0.0
2022-01-14 16:07:58.006031,0.0,0.0,0.0
2022-01-14 16:07:58.511148,0.0,0.0,0.0
2022-01-14 16:07:59.009363,0.0,0.0,0.0
2022-01-14 16:07:59.504771,0.0,0.0,0.0
2022-01-14 16:08:00.004556,0.0,0.0,0.0
2022-01-14 16:08:00.508276,0.0,0.0,0.0
2022-01-14 16:08:01.005116,0.0,0.0,0.0
2022-01-14 16:08:01.509746,0.0,0.0,0.0
2022-01-14 16:08:02.008489,0.0,0.0,0.0
2022-01-14 16:08:02.503478,0.0,0.0,0.0
2022-01-14 16:08:03.001746,0.0,0.0,0.0
2022-01-14 16:08:03.507525,0.0,0.0,0.0
2022-01-14 16:08:04.006160,0.0,0.0,0.0
2022-01-14 16:08:04.511092,0.0,0.0,0.0
2022-01-14 16:08:05.009409,0.0,0.0,0.0
2022-01-14 16:08:05.505604,0.0,0.0,0.0
2022-01-14 16:08:06.005570,0.0,0.0,0.0
2022-01-14 16:08:06.508012,0.0,0.0,0.0
2022-01-14 16:08:07.006970,0.0,0.0,0.0
2022-01-14 16:08:07.501365,0.0,0.0,0.0
2022-01-14 16:08:08.001196,0.0,0.0,0.0
2022-01-14 16:08:08.506342,0.0,0.0,0.0
2022-01-14 16:08:09.005871,0.0,0.0,0.0
2022-01-14 16:08:09.509586,0.0,0.0,0.0
2022-01-14 16:08:10.005533,0.0,0.0,0.0
2022-01-14 16:08:10.509059,0.0,0.0,0.0
2022-01-14 16:08:11.007289,0.0,0.0,0.0
2022-01-14 16:08:11.502550,0.0,0.0,0.0
2022-01-14 16:08:12.001664,0.0,0.0,0.0
2022-01-14 16:08:12.507209,0.0,0.0,0.0
2022-01-14 16:08:13.004277,0.0,0.0,0.0
2022-01-14 16:08:13.509388,0.0,0.0,0.0
2022-01-14 16:08:14.007235,0.0,0.0,0.0
2022-01-14 16:08:14.501800,0.0,0.0,0.0
2022-01-14 16:08:15.008648,0.0,0.0,0.0
2022-01-14 16:08:15.503100,0.0,0.0,0.0
2022-01-14 16:08:16.010230,0.0,0.0,0.0
2022-01-14 16:08:16.506328,0.0,0.0,0.0
2022-01-14 16:08:17.004064,0.0,0.0,0.0
2022-01-14 16:08:17.508518,0.0,0.0,0.0
2022-01-14 16:08:18.007163,0.0,0.0,0.0
2022-01-14 16:08:18.501292,0.0,0.0,0.0
2022-01-14 16:08:19.010346,0.0,0.0,0.0
2022-01-14 16:08:19.505829,0.0,0.0,0.0
2022-01-14 16:08:20.003986,0.0,0.0,0.0
2022-01-14 16:08:21.004816,0.0,0.0,0.0
2022-01-14 16:08:21.509782,0.0,0.0,0.0
2022-01-14 16:08:22.008089,0.0,0.0,0.0
2022-01-14 16:08:22.510685,0.0,0.0,0.0
2022-01-14 16:08:23.010632,0.0,0.0,0.0
2022-01-14 16:08:23.504478,0.0,0.0,0.0
2022-01-14 16:08:24.002284,0.0,0.0,0.0
2022-01-14 16:08:24.505280,0.0,0.0,0.0
2022-01-14 16:08:25.003590,0.0,0.0,0.0
2022-01-14 16:08:25.509159,0.0,0.0,0.0
2022-01-14 16:08:26.006120,0.0,0.0,0.0
2022-01-14 16:08:26.501603,0.0,0.0,0.0
2022-01-14 16:08:27.009516,0.0,0.0,0.0
2022-01-14 16:08:27.502131,0.0,0.0,0.0
2022-01-14 16:08:28.009391,0.0,0.0,0.0
2022-01-14 16:08:28.503322,0.0,0.0,0.0
2022-01-14 16:08:29.001496,0.0,0.0,0.0
2022-01-14 16:08:29.508826,0.0,0.0,0.0
2022-01-14 16:08:30.006596,0.0,0.0,0.0
2022-01-14 16:08:30.502358,0.0,0.0,0.0
2022-01-14 16:08:31.001947,0.0,0.0,0.0
2022-01-14 16:08:31.507116,0.0,0.0,0.0
2022-01-14 16:08:32.004706,0.0,0.0,0.0
2022-01-14 16:08:32.505412,0.0,0.0,0.0
2022-01-14 16:08:33.004163,0.0,0.0,0.0
2022-01-14 16:08:33.509294,0.0,0.0,0.0
2022-01-14 16:08:34.006672,0.0,0.0,0.0
2022-01-14 16:08:34.502714,0.0,0.0,0.0
2022-01-14 16:08:35.010793,0.0,0.0,0.0
2022-01-14 16:08:35.505101,0.0,0.0,0.0
2022-01-14 16:08:36.004684,0.0,0.0,0.0
2022-01-14 16:08:36.509914,0.0,0.0,0.0
2022-01-14 16:08:37.007293,0.0,0.0,0.0
2022-01-14 16:08:37.501732,0.0,0.0,0.0
2022-01-14 16:08:38.009427,0.0,0.0,0.0
2022-01-14 16:08:38.503694,0.0,0.0,0.0
2022-01-14 16:08:39.002313,0.0,0.0,0.0
2022-01-14 16:08:39.504699,0.0,0.0,0.0
2022-01-14 16:08:40.001219,0.0,0.0,0.0
2022-01-14 16:08:40.506566,0.0,0.0,0.0
2022-01-14 16:08:41.002610,0.0,0.0,0.0
2022-01-14 16:08:41.507745,0.0,0.0,0.0
2022-01-14 16:08:42.005795,0.0,0.0,0.0
2022-01-14 16:08:42.510318,0.0,0.0,0.0
2022-01-14 16:08:43.008357,0.0,0.0,0.0
2022-01-14 16:08:43.504303,0.0,0.0,0.0
2022-01-14 16:08:44.001191,0.0,0.0,0.0
2022-01-14 16:08:44.506388,0.0,0.0,0.0
2022-01-14 16:08:45.005303,0.0,0.0,0.0
2022-01-14 16:08:45.509485,0.0,0.0,0.0
2022-01-14 16:08:46.007489,0.0,0.0,0.0
2022-01-14 16:08:46.502383,0.0,0.0,0.0
2022-01-14 16:08:47.009902,0.0,0.0,0.0
2022-01-14 16:08:47.506730,0.0,0.0,0.0
2022-01-14 16:08:48.005826,0.0,0.0,0.0
2022-01-14 16:08:48.509565,0.0,0.0,0.0
2022-01-14 16:08:49.008180,0.0,0.0,0.0
2022-01-14 16:08:49.502857,0.0,0.0,0.0
2022-01-14 16:08:50.010361,0.0,0.0,0.0
2022-01-14 16:08:50.506638,0.0,0.0,0.0
2022-01-14 16:08:51.006309,0.0,0.0,0.0
2022-01-14 16:08:51.510748,0.0,0.0,0.0
2022-01-14 16:08:52.007721,0.0,0.0,0.0
2022-01-14 16:08:52.505768,0.0,0.0,0.0
2022-01-14 16:08:53.003510,0.0,0.0,0.0
2022-01-14 16:08:53.509484,0.0,0.0,0.0
2022-01-14 16:08:54.008232,0.0,0.0,0.0
2022-01-14 16:08:54.501415,0.0,0.0,0.0
2022-01-14 16:08:55.001178,0.0,0.0,0.0
2022-01-14 16:08:55.505253,0.0,0.0,0.0
2022-01-14 16:08:56.003172,0.0,0.0,0.0
2022-01-14 16:08:56.508638,0.0,0.0,0.0
2022-01-14 16:08:57.006909,0.0,0.0,0.0
2022-01-14 16:08:57.510350,0.0,0.0,0.0
2022-01-14 16:08:58.008762,0.0,0.0,0.0
2022-01-14 16:08:58.503226,0.0,0.0,0.0
2022-01-14 16:08:59.001065,0.0,0.0,0.0
2022-01-14 16:08:59.506706,0.0,0.0,0.0
2022-01-14 16:09:00.005618,0.0,0.0,0.0
2022-01-14 16:09:00.510480,0.0,0.0,0.0
2022-01-14 16:09:01.008905,0.0,0.0,0.0
2022-01-14 16:09:01.505020,0.0,0.0,0.0
2022-01-14 16:09:02.001916,0.0,0.0,0.0
2022-01-14 16:09:02.506310,0.0,0.0,0.0
2022-01-14 16:09:03.005133,0.0,0.0,0.0
2022-01-14 16:09:03.509270,0.0,0.0,0.0
2022-01-14 16:09:04.007269,0.0,0.0,0.0
2022-01-14 16:09:04.502360,0.0,0.0,0.0
2022-01-14 16:09:05.009474,0.0,0.0,0.0
2022-01-14 16:09:05.507334,0.0,0.0,0.0
2022-01-14 16:09:06.005481,0.0,0.0,0.0
2022-01-14 16:09:06.503046,0.0,0.0,0.0
2022-01-14 16:09:07.010953,0.0,0.0,0.0
2022-01-14 16:09:07.504576,0.0,0.0,0.0
2022-01-14 16:09:08.003401,0.0,0.0,0.0
2022-01-14 16:09:08.507992,0.0,0.0,0.0
2022-01-14 16:09:09.006078,0.0,0.0,0.0
2022-01-14 16:09:09.501321,0.0,0.0,0.0
2022-01-14 16:09:10.008082,0.0,0.0,0.0
2022-01-14 16:09:10.502581,0.0,0.0,0.0
2022-01-14 16:09:11.009516,0.0,0.0,0.0
2022-01-14 16:09:11.503195,0.0,0.0,0.0
2022-01-14 16:09:12.001030,0.0,0.0,0.0
2022-01-14 16:09:12.505085,0.0,0.0,0.0
2022-01-14 16:09:13.003622,0.0,0.0,0.0
2022-01-14 16:09:13.507821,0.0,0.0,0.0
2022-01-14 16:09:14.006207,0.0,0.0,0.0
2022-01-14 16:09:14.501203,0.0,0.0,0.0
2022-01-14 16:09:15.009494,0.0,0.0,0.0
2022-01-14 16:09:15.504380,0.0,0.0,0.0
2022-01-14 16:09:16.010586,0.0,0.0,0.0
2022-01-14 16:09:16.505579,0.0,0.0,0.0
2022-01-14 16:09:17.003774,0.0,0.0,0.0
2022-01-14 16:09:17.507109,0.0,0.0,0.0
2022-01-14 16:09:18.004967,0.0,0.0,0.0
2022-01-14 16:09:18.510968,0.0,0.0,0.0
2022-01-14 16:09:19.010563,0.0,0.0,0.0
2022-01-14 16:09:19.504927,0.0,0.0,0.0
2022-01-14 16:09:20.001689,0.0,0.0,0.0
2022-01-14 16:09:20.508669,0.0,0.0,0.0
2022-01-14 16:09:21.005808,0.0,0.0,0.0
2022-01-14 16:09:22.005154,0.0,0.0,0.0
2022-01-14 16:09:22.509695,0.0,0.0,0.0
2022-01-14 16:09:23.007318,0.0,0.0,0.0
2022-01-14 16:09:23.504720,0.0,0.0,0.0
2022-01-14 16:09:24.001592,0.0,0.0,0.0
2022-01-14 16:09:24.505546,0.0,0.0,0.0
2022-01-14 16:09:25.004199,0.0,0.0,0.0
2022-01-14 16:09:25.507840,0.0,0.0,0.0
2022-01-14 16:09:26.004645,0.0,0.0,0.0
2022-01-14 16:09:26.503995,0.0,0.0,0.0
2022-01-14 16:09:27.002370,0.0,0.0,0.0
2022-01-14 16:09:27.506421,0.0,0.0,0.0
2022-01-14 16:09:28.005948,0.0,0.0,0.0
2022-01-14 16:09:28.510807,0.0,0.0,0.0
2022-01-14 16:09:29.010972,0.0,0.0,0.0
2022-01-14 16:09:29.505577,0.0,0.0,0.0
2022-01-14 16:09:30.004016,0.0,0.0,0.0
2022-01-14 16:09:30.509022,0.0,0.0,0.0
2022-01-14 16:09:31.006215,0.0,0.0,0.0
2022-01-14 16:09:31.501384,0.0,0.0,0.0
2022-01-14 16:09:32.009117,0.0,0.0,0.0
2022-01-14 16:09:32.504975,0.0,0.0,0.0
2022-01-14 16:09:33.003266,0.0,0.0,0.0
2022-01-14 16:09:33.507541,0.0,0.0,0.0
2022-01-14 16:09:34.005002,0.0,0.0,0.0
2022-01-14 16:09:34.501684,0.0,0.0,0.0
2022-01-14 16:09:35.008721,0.0,0.0,0.0
2022-01-14 16:09:35.501638,0.0,0.0,0.0
2022-01-14 16:09:36.008607,0.0,0.0,0.0
2022-01-14 16:09:36.503983,0.0,0.0,0.0
2022-01-14 16:09:37.002912,0.0,0.0,0.0
2022-01-14 16:09:37.506164,0.0,0.0,0.0
2022-01-14 16:09:38.003366,0.0,0.0,0.0
2022-01-14 16:09:38.507335,0.0,0.0,0.0
2022-01-14 16:09:39.005538,0.0,0.0,0.0
2022-01-14 16:09:39.509283,0.0,0.0,0.0
2022-01-14 16:09:40.006778,0.0,0.0,0.0
2022-01-14 16:09:40.502661,0.0,0.0,0.0
2022-01-14 16:09:41.011039,0.0,0.0,0.0
2022-01-14 16:09:41.504002,0.0,0.0,0.0
2022-01-14 16:09:42.001132,0.0,0.0,0.0
2022-01-14 16:09:42.505659,0.0,0.0,0.0
2022-01-14 16:09:43.002456,0.0,0.0,0.0
2022-01-14 16:09:43.509227,0.0,0.0,0.0
2022-01-14 16:09:44.008559,0.0,0.0,0.0
2022-01-14 16:09:44.502913,0.0,0.0,0.0
2022-01-14 16:09:45.001247,0.0,0.0,0.0
2022-01-14 16:09:45.504988,0.0,0.0,0.0
2022-01-14 16:09:46.001970,0.0,0.0,0.0
2022-01-14 16:09:46.506288,0.0,0.0,0.0
2022-01-14 16:09:47.004152,0.0,0.0,0.0
2022-01-14 16:09:47.510587,0.0,0.0,0.0
2022-01-14 16:09:48.007648,0.0,0.0,0.0
2022-01-14 16:09:48.502127,0.0,0.0,0.0
2022-01-14 16:09:49.001164,0.0,0.0,0.0
2022-01-14 16:09:49.508297,0.0,0.0,0.0
2022-01-14 16:09:50.006341,0.0,0.0,0.0
2022-01-14 16:09:50.510691,0.0,0.0,0.0
2022-01-14 16:09:51.007168,0.0,0.0,0.0
2022-01-14 16:09:51.510570,0.0,0.0,0.0
2022-01-14 16:09:52.010835,0.0,0.0,0.0
2022-01-14 16:09:52.505174,0.0,0.0,0.0
2022-01-14 16:09:53.002476,0.0,0.0,0.0
2022-01-14 16:09:53.507562,0.0,0.0,0.0
2022-01-14 16:09:54.007076,0.0,0.0,0.0
2022-01-14 16:09:55.004436,0.0,0.0,0.0
2022-01-14 16:09:55.510313,0.0,0.0,0.0
2022-01-14 16:09:56.008665,0.0,0.0,0.0
2022-01-14 16:09:56.502076,0.0,0.0,0.0
2022-01-14 16:09:57.010019,0.0,0.0,0.0
2022-01-14 16:09:57.503031,0.0,0.0,0.0
2022-01-14 16:09:58.001816,0.0,0.0,0.0
2022-01-14 16:09:58.507982,0.0,0.0,0.0
2022-01-14 16:09:59.007970,0.0,0.0,0.0
2022-01-14 16:09:59.506150,0.0,0.0,0.0
2022-01-14 16:10:00.005938,0.0,0.0,0.0
2022-01-14 16:10:00.501462,0.0,0.0,0.0
2022-01-14 16:10:01.010768,0.0,0.0,0.0
2022-01-14 16:10:01.507362,0.0,0.0,0.0
2022-01-14 16:10:02.006239,0.0,0.0,0.0
2022-01-14 16:10:02.501951,0.0,0.0,0.0
2022-01-14 16:10:03.001086,0.0,0.0,0.0
2022-01-14 16:10:03.504220,0.0,0.0,0.0
2022-01-14 16:10:04.003409,0.0,0.0,0.0
2022-01-14 16:10:04.507693,0.0,0.0,0.0
2022-01-14 16:10:05.005395,0.0,0.0,0.0
2022-01-14 16:10:05.510829,0.0,0.0,0.0
2022-01-14 16:10:06.009324,0.0,0.0,0.0
2022-01-14 16:10:06.504228,0.0,0.0,0.0
2022-01-14 16:10:07.001826,0.0,0.0,0.0
2022-01-14 16:10:07.508292,0.0,0.0,0.0
2022-01-14 16:10:08.006564,0.0,0.0,0.0
2022-01-14 16:10:08.510600,0.0,0.0,0.0
2022-01-14 16:10:09.008747,0.0,0.0,0.0
2022-01-14 16:10:09.502752,0.0,0.0,0.0
2022-01-14 16:10:10.009745,0.0,0.0,0.0
2022-01-14 16:10:10.502842,0.0,0.0,0.0
2022-01-14 16:10:11.001262,0.0,0.0,0.0
2022-01-14 16:10:11.505072,0.0,0.0,0.0
2022-01-14 16:10:12.005249,0.0,0.0,0.0
2022-01-14 16:10:12.508839,0.0,0.0,0.0
2022-01-14 16:10:13.009566,0.0,0.0,0.0
2022-01-14 16:10:13.504363,0.0,0.0,0.0
2022-01-14 16:10:14.002342,0.0,0.0,0.0
2022-01-14 16:10:14.507555,0.0,0.0,0.0
2022-01-14 16:10:15.005306,0.0,0.0,0.0
2022-01-14 16:10:15.509144,0.0,0.0,0.0
2022-01-14 16:10:16.005778,0.0,0.0,0.0
2022-01-14 16:10:16.502390,0.0,0.0,0.0
2022-01-14 16:10:17.011211,0.0,0.0,0.0
2022-01-14 16:10:17.501460,0.0,0.0,0.0
2022-01-14 16:10:18.009180,0.0,0.0,0.0
2022-01-14 16:10:18.503367,0.0,0.0,0.0
2022-01-14 16:10:19.010331,0.0,0.0,0.0
2022-01-14 16:10:19.504791,0.0,0.0,0.0
2022-01-14 16:10:20.001888,0.0,0.0,0.0
2022-01-14 16:10:20.507361,0.0,0.0,0.0
2022-01-14 16:10:21.005679,0.0,0.0,0.0
2022-01-14 16:10:21.508014,0.0,0.0,0.0
2022-01-14 16:10:22.005911,0.0,0.0,0.0
2022-01-14 16:10:22.510249,0.0,0.0,0.0
2022-01-14 16:10:23.008461,0.0,0.0,0.0
2022-01-14 16:10:23.501936,0.0,0.0,0.0
2022-01-14 16:10:24.008575,0.0,0.0,0.0
2022-01-14 16:10:24.501223,0.0,0.0,0.0
2022-01-14 16:10:25.008673,0.0,0.0,0.0
2022-01-14 16:10:25.502808,0.0,0.0,0.0
2022-01-14 16:10:26.002051,0.0,0.0,0.0
2022-01-14 16:10:26.507328,0.0,0.0,0.0
2022-01-14 16:10:27.005246,0.0,0.0,0.0
2022-01-14 16:10:27.511115,0.0,0.0,0.0
2022-01-14 16:10:28.008941,0.0,0.0,0.0
2022-01-14 16:10:28.502098,0.0,0.0,0.0
2022-01-14 16:10:29.002424,0.0,0.0,0.0
2022-01-14 16:10:29.506443,0.0,0.0,0.0
2022-01-14 16:10:30.005599,0.0,0.0,0.0
2022-01-14 16:10:30.505079,0.0,0.0,0.0
2022-01-14 16:10:31.002365,0.0,0.0,0.0
2022-01-14 16:10:31.509637,0.0,0.0,0.0
2022-01-14 16:10:32.007031,0.0,0.0,0.0
2022-01-14 16:10:32.501593,0.0,0.0,0.0
2022-01-14 16:10:33.008881,0.0,0.0,0.0
2022-01-14 16:10:33.501857,0.0,0.0,0.0
2022-01-14 16:10:34.010581,0.0,0.0,0.0
2022-01-14 16:10:34.505297,0.0,0.0,0.0
2022-01-14 16:10:35.005445,0.0,0.0,0.0
2022-01-14 16:10:35.509950,0.0,0.0,0.0
2022-01-14 16:10:36.005878,0.0,0.0,0.0
2022-01-14 16:10:36.510475,0.0,0.0,0.0
2022-01-14 16:10:37.008370,0.0,0.0,0.0
2022-01-14 16:10:37.502623,0.0,0.0,0.0
2022-01-14 16:10:38.002561,0.0,0.0,0.0
2022-01-14 16:10:38.508593,0.0,0.0,0.0
2022-01-14 16:10:39.008027,0.0,0.0,0.0
2022-01-14 16:10:39.502392,0.0,0.0,0.0
2022-01-14 16:10:40.001729,0.0,0.0,0.0
2022-01-14 16:10:40.505711,0.0,0.0,0.0
2022-01-14 16:10:41.005279,0.0,0.0,0.0
2022-01-14 16:10:41.510307,0.0,0.0,0.0
2022-01-14 16:10:42.008137,0.0,0.0,0.0
2022-01-14 16:10:42.502846,0.0,0.0,0.0
2022-01-14 16:10:43.011050,0.0,0.0,0.0
2022-01-14 16:10:43.507614,0.0,0.0,0.0
2022-01-14 16:10:44.005291,0.0,0.0,0.0
2022-01-14 16:10:44.501111,0.0,0.0,0.0
2022-01-14 16:10:45.008639,0.0,0.0,0.0
2022-01-14 16:10:45.502176,0.0,0.0,0.0
2022-01-14 16:10:46.010486,0.0,0.0,0.0
2022-01-14 16:10:46.505715,0.0,0.0,0.0
2022-01-14 16:10:47.004641,0.0,0.0,0.0
2022-01-14 16:10:47.509022,0.0,0.0,0.0
2022-01-14 16:10:48.006022,0.0,0.0,0.0
2022-01-14 16:10:48.510895,0.0,0.0,0.0
2022-01-14 16:10:49.008568,0.0,0.0,0.0
2022-01-14 16:10:49.503845,0.0,0.0,0.0
2022-01-14 16:10:50.003446,0.0,0.0,0.0
2022-01-14 16:10:50.510386,0.0,0.0,0.0
2022-01-14 16:10:51.009594,0.0,0.0,0.0
2022-01-14 16:10:51.502831,0.0,0.0,0.0
2022-01-14 16:10:52.011069,0.0,0.0,0.0
2022-01-14 16:10:52.505242,0.0,0.0,0.0
2022-01-14 16:10:53.002936,0.0,0.0,0.0
2022-01-14 16:10:53.510534,0.0,0.0,0.0
2022-01-14 16:10:54.007634,0.0,0.0,0.0
2022-01-14 16:10:54.501240,0.0,0.0,0.0
2022-01-14 16:10:55.008847,0.0,0.0,0.0
2022-01-14 16:10:55.502649,0.0,0.0,0.0
2022-01-14 16:10:56.011267,0.0,0.0,0.0
2022-01-14 16:10:56.506385,0.0,0.0,0.0
2022-01-14 16:10:57.003928,0.0,0.0,0.0
2022-01-14 16:10:57.510234,0.0,0.0,0.0
2022-01-14 16:10:58.007818,0.0,0.0,0.0
2022-01-14 16:10:58.503839,0.0,0.0,0.0
2022-01-14 16:10:59.002160,0.0,0.0,0.0
2022-01-14 16:10:59.508032,0.0,0.0,0.0
2022-01-14 16:11:00.005836,0.0,0.0,0.0
2022-01-14 16:11:00.502385,0.0,0.0,0.0
2022-01-14 16:11:01.010973,0.0,0.0,0.0
2022-01-14 16:11:01.507629,0.0,0.0,0.0
2022-01-14 16:11:02.004935,0.0,0.0,0.0
2022-01-14 16:11:02.509039,0.0,0.0,0.0
2022-01-14 16:11:03.007988,0.0,0.0,0.0
2022-01-14 16:11:03.510950,0.0,0.0,0.0
2022-01-14 16:11:04.008862,0.0,0.0,0.0
2022-01-14 16:11:04.505722,0.0,0.0,0.0
2022-01-14 16:11:05.003499,0.0,0.0,0.0
2022-01-14 16:11:05.509046,0.0,0.0,0.0
2022-01-14 16:11:06.007677,0.0,0.0,0.0
2022-01-14 16:11:06.502821,0.0,0.0,0.0
2022-01-14 16:11:07.009416,0.0,0.0,0.0
2022-01-14 16:11:07.502632,0.0,0.0,0.0
2022-01-14 16:11:08.010306,0.0,0.0,0.0
2022-01-14 16:11:08.505220,0.0,0.0,0.0
2022-01-14 16:11:09.001513,0.0,0.0,0.0
2022-01-14 16:11:09.505331,0.0,0.0,0.0
2022-01-14 16:11:10.003658,0.0,0.0,0.0
2022-01-14 16:11:10.507670,0.0,0.0,0.0
2022-01-14 16:11:11.005941,0.0,0.0,0.0
2022-01-14 16:11:11.510905,0.0,0.0,0.0
2022-01-14 16:11:12.007148,0.0,0.0,0.0
2022-01-14 16:11:12.510556,0.0,0.0,0.0
2022-01-14 16:11:13.008902,0.0,0.0,0.0
2022-01-14 16:11:13.503997,0.0,0.0,0.0
2022-01-14 16:11:14.001635,0.0,0.0,0.0
2022-01-14 16:11:14.507459,0.0,0.0,0.0
2022-01-14 16:11:15.005682,0.0,0.0,0.0
2022-01-14 16:11:15.509515,0.0,0.0,0.0
2022-01-14 16:11:16.008142,0.0,0.0,0.0
2022-01-14 16:11:16.501625,0.0,0.0,0.0
2022-01-14 16:11:17.001710,0.0,0.0,0.0
2022-01-14 16:11:17.505643,0.0,0.0,0.0
2022-01-14 16:11:18.002898,0.0,0.0,0.0
2022-01-14 16:11:18.506112,0.0,0.0,0.0
2022-01-14 16:11:19.004119,0.0,0.0,0.0
2022-01-14 16:11:19.509030,0.0,0.0,0.0
2022-01-14 16:11:20.005781,0.0,0.0,0.0
2022-01-14 16:11:20.501119,0.0,0.0,0.0
2022-01-14 16:11:21.010387,0.0,0.0,0.0
2022-01-14 16:11:21.502384,0.0,0.0,0.0
2022-01-14 16:11:22.002320,0.0,0.0,0.0
2022-01-14 16:11:22.507486,0.0,0.0,0.0
2022-01-14 16:11:23.006571,0.0,0.0,0.0
2022-01-14 16:11:23.503313,0.0,0.0,0.0
2022-01-14 16:11:24.010972,0.0,0.0,0.0
2022-01-14 16:11:24.505328,0.0,0.0,0.0
2022-01-14 16:11:25.003371,0.0,0.0,0.0
2022-01-14 16:11:25.501081,0.0,0.0,0.0
2022-01-14 16:11:26.009660,0.0,0.0,0.0
2022-01-14 16:11:26.503883,0.0,0.0,0.0
2022-01-14 16:11:27.001583,0.0,0.0,0.0
2022-01-14 16:11:27.508413,0.0,0.0,0.0
2022-01-14 16:11:28.005789,0.0,0.0,0.0
2022-01-14 16:11:28.509631,0.0,0.0,0.0
2022-01-14 16:11:29.008682,0.0,0.0,0.0
2022-01-14 16:11:29.503230,0.0,0.0,0.0
2022-01-14 16:11:30.001218,0.0,0.0,0.0
2022-01-14 16:11:30.503509,0.0,0.0,0.0
2022-01-14 16:11:31.002340,0.0,0.0,0.0
2022-01-14 16:11:31.507053,0.0,0.0,0.0
2022-01-14 16:11:32.005007,0.0,0.0,0.0
2022-01-14 16:11:32.509115,0.0,0.0,0.0
2022-01-14 16:11:33.007199,0.0,0.0,0.0
2022-01-14 16:11:33.511117,0.0,0.0,0.0
2022-01-14 16:11:34.008111,0.0,0.0,0.0
2022-01-14 16:11:34.503418,0.0,0.0,0.0
2022-01-14 16:11:35.010662,0.0,0.0,0.0
2022-01-14 16:11:35.505728,0.0,0.0,0.0
2022-01-14 16:11:36.004060,0.0,0.0,0.0
2022-01-14 16:11:36.508921,0.0,0.0,0.0
2022-01-14 16:11:37.005921,0.0,0.0,0.0
2022-01-14 16:11:37.510642,0.0,0.0,0.0
2022-01-14 16:11:38.007994,0.0,0.0,0.0
2022-01-14 16:11:38.504171,0.0,0.0,0.0
2022-01-14 16:11:39.001723,0.0,0.0,0.0
2022-01-14 16:11:39.505271,0.0,0.0,0.0
2022-01-14 16:11:40.001890,0.0,0.0,0.0
2022-01-14 16:11:40.505768,0.0,0.0,0.0
2022-01-14 16:11:41.005111,0.0,0.0,0.0
2022-01-14 16:11:41.510670,0.0,0.0,0.0
2022-01-14 16:11:42.009585,0.0,0.0,0.0
2022-01-14 16:11:42.503460,0.0,0.0,0.0
2022-01-14 16:11:43.001148,0.0,0.0,0.0
2022-01-14 16:11:43.506853,0.0,0.0,0.0
2022-01-14 16:11:44.004571,0.0,0.0,0.0
2022-01-14 16:11:44.501149,0.0,0.0,0.0
2022-01-14 16:11:45.008944,0.0,0.0,0.0
2022-01-14 16:11:45.505778,0.0,0.0,0.0
2022-01-14 16:11:46.004422,0.0,0.0,0.0
2022-01-14 16:11:46.509846,0.0,0.0,0.0
2022-01-14 16:11:47.007163,0.0,0.0,0.0
2022-01-14 16:11:47.501961,0.0,0.0,0.0
2022-01-14 16:11:48.001646,0.0,0.0,0.0
2022-01-14 16:11:48.505932,0.0,0.0,0.0
2022-01-14 16:11:49.005110,0.0,0.0,0.0
2022-01-14 16:11:49.508703,0.0,0.0,0.0
2022-01-14 16:11:50.006102,0.0,0.0,0.0
2022-01-14 16:11:50.502112,0.0,0.0,0.0
2022-01-14 16:11:51.001178,0.0,0.0,0.0
2022-01-14 16:11:51.503406,0.0,0.0,0.0
2022-01-14 16:11:52.001859,0.0,0.0,0.0
2022-01-14 16:11:52.507880,0.0,0.0,0.0
2022-01-14 16:11:53.005085,0.0,0.0,0.0
2022-01-14 16:11:54.005466,0.0,0.0,0.0
2022-01-14 16:11:54.510581,0.0,0.0,0.0
2022-01-14 16:11:55.009361,0.0,0.0,0.0
2022-01-14 16:11:55.505826,0.0,0.0,0.0
2022-01-14 16:11:56.002346,0.0,0.0,0.0
2022-01-14 16:11:56.507005,0.0,0.0,0.0
2022-01-14 16:11:57.005229,0.0,0.0,0.0
2022-01-14 16:11:57.509986,0.0,0.0,0.0
2022-01-14 16:11:58.008266,0.0,0.0,0.0
2022-01-14 16:11:58.503457,0.0,0.0,0.0
2022-01-14 16:11:59.010898,0.0,0.0,0.0
2022-01-14 16:11:59.506101,0.0,0.0,0.0
2022-01-14 16:12:00.005942,0.0,0.0,0.0
2022-01-14 16:12:00.503356,0.0,0.0,0.0
2022-01-14 16:12:01.011040,0.0,0.0,0.0
2022-01-14 16:12:01.505108,0.0,0.0,0.0
2022-01-14 16:12:02.005789,0.0,0.0,0.0
2022-01-14 16:12:02.501095,0.0,0.0,0.0
2022-01-14 16:12:03.008480,0.0,0.0,0.0
2022-01-14 16:12:03.504529,0.0,0.0,0.0
2022-01-14 16:12:04.002707,0.0,0.0,0.0
2022-01-14 16:12:04.508746,0.0,0.0,0.0
2022-01-14 16:12:05.009044,0.0,0.0,0.0
2022-01-14 16:12:05.503396,0.0,0.0,0.0
2022-01-14 16:12:06.009294,0.0,0.0,0.0
2022-01-14 16:12:06.502575,0.0,0.0,0.0
2022-01-14 16:12:07.001621,0.0,0.0,0.0
2022-01-14 16:12:07.506454,0.0,0.0,0.0
2022-01-14 16:12:08.004903,0.0,0.0,0.0
2022-01-14 16:12:08.510067,0.0,0.0,0.0
2022-01-14 16:12:09.007584,0.0,0.0,0.0
2022-01-14 16:12:10.004593,0.0,0.0,0.0
2022-01-14 16:12:10.509788,0.0,0.0,0.0
2022-01-14 16:12:11.007157,0.0,0.0,0.0
2022-01-14 16:12:11.501988,0.0,0.0,0.0
2022-01-14 16:12:12.010015,0.0,0.0,0.0
2022-01-14 16:12:12.503832,0.0,0.0,0.0
2022-01-14 16:12:13.001038,0.0,0.0,0.0
2022-01-14 16:12:13.505169,0.0,0.0,0.0
2022-01-14 16:12:14.003821,0.0,0.0,0.0
2022-01-14 16:12:14.508832,0.0,0.0,0.0
2022-01-14 16:12:15.007818,0.0,0.0,0.0
2022-01-14 16:12:15.510525,0.0,0.0,0.0
2022-01-14 16:12:16.008875,0.0,0.0,0.0
2022-01-14 16:12:16.503651,0.0,0.0,0.0
2022-01-14 16:12:17.011082,0.0,0.0,0.0
2022-01-14 16:12:17.506210,0.0,0.0,0.0
2022-01-14 16:12:18.003781,0.0,0.0,0.0
2022-01-14 16:12:18.507574,0.0,0.0,0.0
2022-01-14 16:12:19.007136,0.0,0.0,0.0
2022-01-14 16:12:19.502818,0.0,0.0,0.0
2022-01-14 16:12:20.001367,0.0,0.0,0.0
2022-01-14 16:12:20.507393,0.0,0.0,0.0
2022-01-14 16:12:21.006665,0.0,0.0,0.0
2022-01-14 16:12:21.510652,0.0,0.0,0.0
2022-01-14 16:12:22.006323,0.0,0.0,0.0
2022-01-14 16:12:22.501165,0.0,0.0,0.0
2022-01-14 16:12:23.008255,0.0,0.0,0.0
2022-01-14 16:12:23.503106,0.0,0.0,0.0
2022-01-14 16:12:24.010907,0.0,0.0,0.0
2022-01-14 16:12:24.504291,0.0,0.0,0.0
2022-01-14 16:12:25.002374,0.0,0.0,0.0
2022-01-14 16:12:25.507224,0.0,0.0,0.0
2022-01-14 16:12:26.006598,0.0,0.0,0.0
2022-01-14 16:12:26.502885,0.0,0.0,0.0
2022-01-14 16:12:27.010702,0.0,0.0,0.0
2022-01-14 16:12:27.504601,0.0,0.0,0.0
2022-01-14 16:12:28.002907,0.0,0.0,0.0
2022-01-14 16:12:28.506744,0.0,0.0,0.0
2022-01-14 16:12:29.006872,0.0,0.0,0.0
2022-01-14 16:12:29.500953,0.0,0.0,0.0
2022-01-14 16:12:30.008342,0.0,0.0,0.0
2022-01-14 16:12:30.503699,0.0,0.0,0.0
2022-01-14 16:12:31.001137,0.0,0.0,0.0
2022-01-14 16:12:31.504309,0.0,0.0,0.0
2022-01-14 16:12:32.001672,0.0,0.0,0.0
2022-01-14 16:12:32.505163,0.0,0.0,0.0
2022-01-14 16:12:33.002154,0.0,0.0,0.0
2022-01-14 16:12:33.505731,0.0,0.0,0.0
2022-01-14 16:12:34.004366,0.0,0.0,0.0
2022-01-14 16:12:34.508181,0.0,0.0,0.0
2022-01-14 16:12:35.007072,0.0,0.0,0.0
2022-01-14 16:12:35.503006,0.0,0.0,0.0
2022-01-14 16:12:36.010409,0.0,0.0,0.0
2022-01-14 16:12:36.503678,0.0,0.0,0.0
2022-01-14 16:12:37.010791,0.0,0.0,0.0
2022-01-14 16:12:37.507631,0.0,0.0,0.0
2022-01-14 16:12:38.004757,0.0,0.0,0.0
2022-01-14 16:12:38.509125,0.0,0.0,0.0
2022-01-14 16:12:39.007171,0.0,0.0,0.0
2022-01-14 16:12:39.505019,0.0,0.0,0.0
2022-01-14 16:12:40.002296,0.0,0.0,0.0
2022-01-14 16:12:40.508811,0.0,0.0,0.0
2022-01-14 16:12:41.008804,0.0,0.0,0.0
2022-01-14 16:12:41.503332,0.0,0.0,0.0
2022-01-14 16:12:42.001191,0.0,0.0,0.0
2022-01-14 16:12:42.503725,0.0,0.0,0.0
2022-01-14 16:12:43.011181,0.0,0.0,0.0
2022-01-14 16:12:43.505903,0.0,0.0,0.0
2022-01-14 16:12:44.004773,0.0,0.0,0.0
2022-01-14 16:12:44.510657,0.0,0.0,0.0
2022-01-14 16:12:45.008278,0.0,0.0,0.0
2022-01-14 16:12:45.501225,0.0,0.0,0.0
2022-01-14 16:12:46.009785,0.0,0.0,0.0
2022-01-14 16:12:46.504282,0.0,0.0,0.0
2022-01-14 16:12:47.010983,0.0,0.0,0.0
2022-01-14 16:12:47.507120,0.0,0.0,0.0
2022-01-14 16:12:48.004825,0.0,0.0,0.0
2022-01-14 16:12:48.510972,0.0,0.0,0.0
2022-01-14 16:12:49.008771,0.0,0.0,0.0
2022-01-14 16:12:49.503584,0.0,0.0,0.0
2022-01-14 16:12:50.010921,0.0,0.0,0.0
2022-01-14 16:12:50.504825,0.0,0.0,0.0
2022-01-14 16:12:51.003045,0.0,0.0,0.0
2022-01-14 16:12:51.510467,0.0,0.0,0.0
2022-01-14 16:12:52.009811,0.0,0.0,0.0
2022-01-14 16:12:52.506317,0.0,0.0,0.0
2022-01-14 16:12:53.004453,0.0,0.0,0.0
2022-01-14 16:12:53.501676,0.0,0.0,0.0
2022-01-14 16:12:54.009159,0.0,0.0,0.0
2022-01-14 16:12:54.502484,0.0,0.0,0.0
2022-01-14 16:12:55.010787,0.0,0.0,0.0
2022-01-14 16:12:55.504473,0.0,0.0,0.0
2022-01-14 16:12:56.001648,0.0,0.0,0.0
2022-01-14 16:12:56.507903,0.0,0.0,0.0
2022-01-14 16:12:57.007177,0.0,0.0,0.0
2022-01-14 16:12:57.502077,0.0,0.0,0.0
2022-01-14 16:12:58.010816,0.0,0.0,0.0
2022-01-14 16:12:58.504305,0.0,0.0,0.0
2022-01-14 16:12:59.001591,0.0,0.0,0.0
2022-01-14 16:12:59.509905,0.0,0.0,0.0
2022-01-14 16:13:00.006965,0.0,0.0,0.0
2022-01-14 16:13:00.501636,0.0,0.0,0.0
2022-01-14 16:13:01.010494,0.0,0.0,0.0
2022-01-14 16:13:01.503051,0.0,0.0,0.0
2022-01-14 16:13:02.001877,0.0,0.0,0.0
2022-01-14 16:13:02.507432,0.0,0.0,0.0
2022-01-14 16:13:03.008151,0.0,0.0,0.0
2022-01-14 16:13:03.503495,0.0,0.0,0.0
2022-01-14 16:13:04.504789,0.0,0.0,0.0
2022-01-14 16:13:05.001368,0.0,0.0,0.0
2022-01-14 16:13:05.506221,0.0,0.0,0.0
2022-01-14 16:13:06.007815,0.0,0.0,0.0
2022-01-14 16:13:06.502440,0.0,0.0,0.0
2022-01-14 16:13:07.010956,0.0,0.0,0.0
2022-01-14 16:13:07.508770,0.0,0.0,0.0
2022-01-14 16:13:08.005801,0.0,0.0,0.0
2022-01-14 16:13:08.510519,0.0,0.0,0.0
2022-01-14 16:13:09.007533,0.0,0.0,0.0
2022-01-14 16:13:09.509841,0.0,0.0,0.0
2022-01-14 16:13:10.006068,0.0,0.0,0.0
2022-01-14 16:13:10.503436,0.0,0.0,0.0
2022-01-14 16:13:11.001143,0.0,0.0,0.0
2022-01-14 16:13:11.507722,0.0,0.0,0.0
2022-01-14 16:13:12.006176,0.0,0.0,0.0
2022-01-14 16:13:12.510285,0.0,0.0,0.0
2022-01-14 16:13:13.006835,0.0,0.0,0.0
2022-01-14 16:13:13.501189,0.0,0.0,0.0
2022-01-14 16:13:14.001433,0.0,0.0,0.0
2022-01-14 16:13:14.506249,0.0,0.0,0.0
2022-01-14 16:13:15.006783,0.0,0.0,0.0
2022-01-14 16:13:15.509695,0.0,0.0,0.0
2022-01-14 16:13:16.008084,0.0,0.0,0.0
2022-01-14 16:13:16.502876,0.0,0.0,0.0
2022-01-14 16:13:17.001136,0.0,0.0,0.0
2022-01-14 16:13:17.507329,0.0,0.0,0.0
2022-01-14 16:13:18.006545,0.0,0.0,0.0
2022-01-14 16:13:18.510115,0.0,0.0,0.0
2022-01-14 16:13:19.008213,0.0,0.0,0.0
2022-01-14 16:13:19.504094,0.0,0.0,0.0
2022-01-14 16:13:20.001137,0.0,0.0,0.0
2022-01-14 16:13:20.506192,0.0,0.0,0.0
2022-01-14 16:13:21.004839,0.0,0.0,0.0
2022-01-14 16:13:21.507704,0.0,0.0,0.0
2022-01-14 16:13:22.006235,0.0,0.0,0.0
2022-01-14 16:13:22.501718,0.0,0.0,0.0
2022-01-14 16:13:23.009672,0.0,0.0,0.0
2022-01-14 16:13:23.506225,0.0,0.0,0.0
2022-01-14 16:13:24.006006,0.0,0.0,0.0
2022-01-14 16:13:24.508230,0.0,0.0,0.0
2022-01-14 16:13:25.005888,0.0,0.0,0.0
2022-01-14 16:13:25.504475,0.0,0.0,0.0
2022-01-14 16:13:26.007668,0.0,0.0,0.0
2022-01-14 16:13:26.502702,0.0,0.0,0.0
2022-01-14 16:13:27.004690,0.0,0.0,0.0
2022-01-14 16:13:27.508131,0.0,0.0,0.0
2022-01-14 16:13:28.005030,0.0,0.0,0.0
2022-01-14 16:13:29.004981,0.0,0.0,0.0
2022-01-14 16:13:29.510426,0.0,0.0,0.0
2022-01-14 16:13:30.009120,0.0,0.0,0.0
2022-01-14 16:13:30.502462,0.0,0.0,0.0
2022-01-14 16:13:31.002762,0.0,0.0,0.0
2022-01-14 16:13:31.509156,0.0,0.0,0.0
2022-01-14 16:13:32.006857,0.0,0.0,0.0
2022-01-14 16:13:32.510173,0.0,0.0,0.0
2022-01-14 16:13:33.008414,0.0,0.0,0.0
2022-01-14 16:13:33.503359,0.0,0.0,0.0
2022-01-14 16:13:34.002273,0.0,0.0,0.0
2022-01-14 16:13:34.507894,0.0,0.0,0.0
2022-01-14 16:13:35.006248,0.0,0.0,0.0
2022-01-14 16:13:35.501279,0.0,0.0,0.0
2022-01-14 16:13:36.008287,0.0,0.0,0.0
2022-01-14 16:13:36.502523,0.0,0.0,0.0
2022-01-14 16:13:37.010960,0.0,0.0,0.0
2022-01-14 16:13:37.504871,0.0,0.0,0.0
2022-01-14 16:13:38.000701,0.0,0.0,0.0
2022-01-14 16:13:38.504995,0.0,0.0,0.0
2022-01-14 16:13:39.004296,0.0,0.0,0.0
2022-01-14 16:13:39.509988,0.0,0.0,0.0
2022-01-14 16:13:40.008786,0.0,0.0,0.0
2022-01-14 16:13:40.503596,0.0,0.0,0.0
2022-01-14 16:13:41.010866,0.0,0.0,0.0
2022-01-14 16:13:41.504696,0.0,0.0,0.0
2022-01-14 16:13:42.003757,0.0,0.0,0.0
2022-01-14 16:13:42.502057,0.0,0.0,0.0
2022-01-14 16:13:43.010938,0.0,0.0,0.0
2022-01-14 16:13:43.508063,0.0,0.0,0.0
2022-01-14 16:13:44.005181,0.0,0.0,0.0
2022-01-14 16:13:44.510159,0.0,0.0,0.0
2022-01-14 16:13:45.008518,0.0,0.0,0.0
2022-01-14 16:13:45.502089,0.0,0.0,0.0
2022-01-14 16:13:46.001373,0.0,0.0,0.0
2022-01-14 16:13:46.505574,0.0,0.0,0.0
2022-01-14 16:13:47.004232,0.0,0.0,0.0
2022-01-14 16:13:47.501164,0.0,0.0,0.0
2022-01-14 16:13:48.009930,0.0,0.0,0.0
2022-01-14 16:13:48.504900,0.0,0.0,0.0
2022-01-14 16:13:49.002995,0.0,0.0,0.0
2022-01-14 16:13:49.508019,0.0,0.0,0.0
2022-01-14 16:13:50.007481,0.0,0.0,0.0
2022-01-14 16:13:50.502707,0.0,0.0,0.0
2022-01-14 16:13:51.002405,0.0,0.0,0.0
2022-01-14 16:13:51.511104,0.0,0.0,0.0
2022-01-14 16:13:52.009716,0.0,0.0,0.0
2022-01-14 16:13:52.505614,0.0,0.0,0.0
2022-01-14 16:13:53.003005,0.0,0.0,0.0
2022-01-14 16:13:53.508556,0.0,0.0,0.0
2022-01-14 16:13:54.007178,0.0,0.0,0.0
2022-01-14 16:13:54.508651,0.0,0.0,0.0
2022-01-14 16:13:55.006526,0.0,0.0,0.0
2022-01-14 16:13:55.502444,0.0,0.0,0.0
2022-01-14 16:13:56.010195,0.0,0.0,0.0
2022-01-14 16:13:56.504926,0.0,0.0,0.0
2022-01-14 16:13:57.001824,0.0,0.0,0.0
2022-01-14 16:13:57.505974,0.0,0.0,0.0
2022-01-14 16:13:58.003439,0.0,0.0,0.0
2022-01-14 16:13:58.509498,0.0,0.0,0.0
2022-01-14 16:13:59.006259,0.0,0.0,0.0
2022-01-14 16:13:59.501142,0.0,0.0,0.0
2022-01-14 16:14:00.008854,0.0,0.0,0.0
2022-01-14 16:14:00.503924,0.0,0.0,0.0
2022-01-14 16:14:01.001262,0.0,0.0,0.0
2022-01-14 16:14:01.506382,0.0,0.0,0.0
2022-01-14 16:14:02.003729,0.0,0.0,0.0
2022-01-14 16:14:02.503602,0.0,0.0,0.0
2022-01-14 16:14:03.001931,0.0,0.0,0.0
2022-01-14 16:14:03.504742,0.0,0.0,0.0
2022-01-14 16:14:04.001920,0.0,0.0,0.0
2022-01-14 16:14:04.508499,0.0,0.0,0.0
2022-01-14 16:14:05.007914,0.0,0.0,0.0
2022-01-14 16:14:05.502552,0.0,0.0,0.0
2022-01-14 16:14:06.009665,0.0,0.0,0.0
2022-01-14 16:14:06.502568,0.0,0.0,0.0
2022-01-14 16:14:07.002073,0.0,0.0,0.0
2022-01-14 16:14:07.506410,0.0,0.0,0.0
2022-01-14 16:14:08.003556,0.0,0.0,0.0
2022-01-14 16:14:08.508900,0.0,0.0,0.0
2022-01-14 16:14:09.007627,0.0,0.0,0.0
2022-01-14 16:14:09.510736,0.0,0.0,0.0
2022-01-14 16:14:10.007519,0.0,0.0,0.0
2022-01-14 16:14:10.501075,0.0,0.0,0.0
2022-01-14 16:14:11.008577,0.0,0.0,0.0
2022-01-14 16:14:11.502183,0.0,0.0,0.0
2022-01-14 16:14:12.010339,0.0,0.0,0.0
2022-01-14 16:14:12.505444,0.0,0.0,0.0
2022-01-14 16:14:13.003721,0.0,0.0,0.0
2022-01-14 16:14:13.510501,0.0,0.0,0.0
2022-01-14 16:14:14.007494,0.0,0.0,0.0
2022-01-14 16:14:14.510977,0.0,0.0,0.0
2022-01-14 16:14:15.008318,0.0,0.0,0.0
2022-01-14 16:14:15.501768,0.0,0.0,0.0
2022-01-14 16:14:16.009403,0.0,0.0,0.0
2022-01-14 16:14:16.503756,0.0,0.0,0.0
2022-01-14 16:14:17.001189,0.0,0.0,0.0
2022-01-14 16:14:17.507423,0.0,0.0,0.0
2022-01-14 16:14:18.006308,0.0,0.0,0.0
2022-01-14 16:14:18.501571,0.0,0.0,0.0
2022-01-14 16:14:19.010113,0.0,0.0,0.0
2022-01-14 16:14:19.504727,0.0,0.0,0.0
2022-01-14 16:14:20.001345,0.0,0.0,0.0
2022-01-14 16:14:20.505620,0.0,0.0,0.0
2022-01-14 16:14:21.004250,0.0,0.0,0.0
2022-01-14 16:14:21.508099,0.0,0.0,0.0
2022-01-14 16:14:22.005757,0.0,0.0,0.0
2022-01-14 16:14:22.501324,0.0,0.0,0.0
2022-01-14 16:14:23.010322,0.0,0.0,0.0
2022-01-14 16:14:23.505613,0.0,0.0,0.0
2022-01-14 16:14:24.003576,0.0,0.0,0.0
2022-01-14 16:14:24.508596,0.0,0.0,0.0
2022-01-14 16:14:25.006914,0.0,0.0,0.0
2022-01-14 16:14:25.501557,0.0,0.0,0.0
2022-01-14 16:14:27.009939,0.0,0.0,0.0
2022-01-14 16:14:27.502393,0.0,0.0,0.0
2022-01-14 16:14:28.001850,0.0,0.0,0.0
2022-01-14 16:14:28.506444,0.0,0.0,0.0
2022-01-14 16:14:29.004404,0.0,0.0,0.0
2022-01-14 16:14:29.509338,0.0,0.0,0.0
2022-01-14 16:14:30.007602,0.0,0.0,0.0
2022-01-14 16:14:30.501982,0.0,0.0,0.0
2022-01-14 16:14:31.002659,0.0,0.0,0.0
2022-01-14 16:14:31.508029,0.0,0.0,0.0
2022-01-14 16:14:32.004506,0.0,0.0,0.0
2022-01-14 16:14:32.508175,0.0,0.0,0.0
2022-01-14 16:14:33.006399,0.0,0.0,0.0
2022-01-14 16:14:33.508337,0.0,0.0,0.0
2022-01-14 16:14:34.005723,0.0,0.0,0.0
2022-01-14 16:14:34.511108,0.0,0.0,0.0
2022-01-14 16:14:35.008669,0.0,0.0,0.0
2022-01-14 16:14:35.504917,0.0,0.0,0.0
2022-01-14 16:14:36.003143,0.0,0.0,0.0
2022-01-14 16:14:36.507467,0.0,0.0,0.0
2022-01-14 16:14:37.005016,0.0,0.0,0.0
2022-01-14 16:14:37.508708,0.0,0.0,0.0
2022-01-14 16:14:38.005707,0.0,0.0,0.0
2022-01-14 16:14:38.507446,0.0,0.0,0.0
2022-01-14 16:14:39.006433,0.0,0.0,0.0
2022-01-14 16:14:39.510981,0.0,0.0,0.0
2022-01-14 16:14:40.007515,0.0,0.0,0.0
2022-01-14 16:14:40.502967,0.0,0.0,0.0
2022-01-14 16:14:41.010822,0.0,0.0,0.0
2022-01-14 16:14:41.505186,0.0,0.0,0.0
2022-01-14 16:14:42.004240,0.0,0.0,0.0
2022-01-14 16:14:42.509072,0.0,0.0,0.0
2022-01-14 16:14:43.008273,0.0,0.0,0.0
2022-01-14 16:14:43.502516,0.0,0.0,0.0
2022-01-14 16:14:44.010396,0.0,0.0,0.0
2022-01-14 16:14:44.506874,0.0,0.0,0.0
2022-01-14 16:14:45.006640,0.0,0.0,0.0
2022-01-14 16:14:45.508231,0.0,0.0,0.0
2022-01-14 16:14:46.005706,0.0,0.0,0.0
2022-01-14 16:14:46.501205,0.0,0.0,0.0
2022-01-14 16:14:47.009765,0.0,0.0,0.0
2022-01-14 16:14:47.504636,0.0,0.0,0.0
2022-01-14 16:14:48.002886,0.0,0.0,0.0
2022-01-14 16:14:48.506409,0.0,0.0,0.0
2022-01-14 16:14:49.005860,0.0,0.0,0.0
2022-01-14 16:14:49.501101,0.0,0.0,0.0
2022-01-14 16:14:50.008727,0.0,0.0,0.0
2022-01-14 16:14:50.503457,0.0,0.0,0.0
2022-01-14 16:14:51.001266,0.0,0.0,0.0
2022-01-14 16:14:51.505455,0.0,0.0,0.0
2022-01-14 16:14:52.005065,0.0,0.0,0.0
2022-01-14 16:14:52.509703,0.0,0.0,0.0
2022-01-14 16:14:53.008050,0.0,0.0,0.0
2022-01-14 16:14:53.501891,0.0,0.0,0.0
2022-01-14 16:14:54.001046,0.0,0.0,0.0
2022-01-14 16:14:54.504842,0.0,0.0,0.0
2022-01-14 16:14:55.002421,0.0,0.0,0.0
2022-01-14 16:14:55.506368,0.0,0.0,0.0
2022-01-14 16:14:56.005679,0.0,0.0,0.0
2022-01-14 16:14:56.508755,0.0,0.0,0.0
2022-01-14 16:14:57.008683,0.0,0.0,0.0
2022-01-14 16:14:57.501929,0.0,0.0,0.0
2022-01-14 16:14:58.010356,0.0,0.0,0.0
2022-01-14 16:14:58.505217,0.0,0.0,0.0
2022-01-14 16:14:59.003055,0.0,0.0,0.0
2022-01-14 16:14:59.507173,0.0,0.0,0.0
2022-01-14 16:15:00.004924,0.0,0.0,0.0
2022-01-14 16:15:00.502201,0.0,0.0,0.0
2022-01-14 16:15:01.001165,0.0,0.0,0.0
2022-01-14 16:15:01.506904,0.0,0.0,0.0
2022-01-14 16:15:02.005929,0.0,0.0,0.0
2022-01-14 16:15:02.501730,0.0,0.0,0.0
2022-01-14 16:15:03.010133,0.0,0.0,0.0
2022-01-14 16:15:03.504779,0.0,0.0,0.0
2022-01-14 16:15:04.002257,0.0,0.0,0.0
2022-01-14 16:15:04.506741,0.0,0.0,0.0
2022-01-14 16:15:05.005499,0.0,0.0,0.0
2022-01-14 16:15:05.509691,0.0,0.0,0.0
2022-01-14 16:15:06.008595,0.0,0.0,0.0
2022-01-14 16:15:06.502642,0.0,0.0,0.0
2022-01-14 16:15:07.010389,0.0,0.0,0.0
2022-01-14 16:15:07.505099,0.0,0.0,0.0
2022-01-14 16:15:08.004235,0.0,0.0,0.0
2022-01-14 16:15:08.510264,0.0,0.0,0.0
2022-01-14 16:15:09.009227,0.0,0.0,0.0
2022-01-14 16:15:09.503334,0.0,0.0,0.0
2022-01-14 16:15:10.010729,0.0,0.0,0.0
2022-01-14 16:15:10.505059,0.0,0.0,0.0
2022-01-14 16:15:11.002763,0.0,0.0,0.0
2022-01-14 16:15:11.506544,0.0,0.0,0.0
2022-01-14 16:15:12.004917,0.0,0.0,0.0
2022-01-14 16:15:12.508230,0.0,0.0,0.0
2022-01-14 16:15:13.007151,0.0,0.0,0.0
2022-01-14 16:15:13.501575,0.0,0.0,0.0
2022-01-14 16:15:14.010172,0.0,0.0,0.0
2022-01-14 16:15:14.503646,0.0,0.0,0.0
2022-01-14 16:15:15.001574,0.0,0.0,0.0
2022-01-14 16:15:15.506163,0.0,0.0,0.0
2022-01-14 16:15:16.004656,0.0,0.0,0.0
2022-01-14 16:15:16.509937,0.0,0.0,0.0
2022-01-14 16:15:17.007995,0.0,0.0,0.0
2022-01-14 16:15:17.503552,0.0,0.0,0.0
2022-01-14 16:15:18.001832,0.0,0.0,0.0
2022-01-14 16:15:18.505676,0.0,0.0,0.0
2022-01-14 16:15:19.002618,0.0,0.0,0.0
2022-01-14 16:15:19.508961,0.0,0.0,0.0
2022-01-14 16:15:20.006255,0.0,0.0,0.0
2022-01-14 16:15:20.511078,0.0,0.0,0.0
2022-01-14 16:15:21.008152,0.0,0.0,0.0
2022-01-14 16:15:21.501647,0.0,0.0,0.0
2022-01-14 16:15:22.009853,0.0,0.0,0.0
2022-01-14 16:15:22.504241,0.0,0.0,0.0
2022-01-14 16:15:23.001081,0.0,0.0,0.0
2022-01-14 16:15:23.506313,0.0,0.0,0.0
2022-01-14 16:15:24.007302,0.0,0.0,0.0
2022-01-14 16:15:24.501349,0.0,0.0,0.0
2022-01-14 16:15:25.009701,0.0,0.0,0.0
2022-01-14 16:15:25.504685,0.0,0.0,0.0
2022-01-14 16:15:26.002666,0.0,0.0,0.0
2022-01-14 16:15:26.506434,0.0,0.0,0.0
2022-01-14 16:15:27.005658,0.0,0.0,0.0
2022-01-14 16:15:27.509867,0.0,0.0,0.0
2022-01-14 16:15:28.009118,0.0,0.0,0.0
2022-01-14 16:15:28.507406,0.0,0.0,0.0
2022-01-14 16:15:29.005121,0.0,0.0,0.0
2022-01-14 16:15:29.509961,0.0,0.0,0.0
2022-01-14 16:15:30.008544,0.0,0.0,0.0
2022-01-14 16:15:30.501099,0.0,0.0,0.0
2022-01-14 16:15:31.009633,0.0,0.0,0.0
2022-01-14 16:15:31.504302,0.0,0.0,0.0
2022-01-14 16:15:32.001175,0.0,0.0,0.0
2022-01-14 16:15:32.506094,0.0,0.0,0.0
2022-01-14 16:15:33.004021,0.0,0.0,0.0
2022-01-14 16:15:33.507811,0.0,0.0,0.0
2022-01-14 16:15:34.004308,0.0,0.0,0.0
2022-01-14 16:15:34.507667,0.0,0.0,0.0
2022-01-14 16:15:35.004833,0.0,0.0,0.0
2022-01-14 16:15:35.509862,0.0,0.0,0.0
2022-01-14 16:15:36.007723,0.0,0.0,0.0
2022-01-14 16:15:36.510483,0.0,0.0,0.0
2022-01-14 16:15:37.009503,0.0,0.0,0.0
2022-01-14 16:15:37.503485,0.0,0.0,0.0
2022-01-14 16:15:38.002704,0.0,0.0,0.0
2022-01-14 16:15:38.507480,0.0,0.0,0.0
2022-01-14 16:15:39.005881,0.0,0.0,0.0
2022-01-14 16:15:39.509892,0.0,0.0,0.0
2022-01-14 16:15:40.001072,0.0,0.0,0.0
2022-01-14 16:15:40.506769,0.0,0.0,0.0
2022-01-14 16:15:41.003377,0.0,0.0,0.0
2022-01-14 16:15:41.508759,0.0,0.0,0.0
2022-01-14 16:15:42.006168,0.0,0.0,0.0
2022-01-14 16:15:42.509918,0.0,0.0,0.0
2022-01-14 16:15:43.008488,0.0,0.0,0.0
2022-01-14 16:15:43.502170,0.0,0.0,0.0
2022-01-14 16:15:44.003769,0.0,0.0,0.0
2022-01-14 16:15:44.510462,0.0,0.0,0.0
2022-01-14 16:15:45.009404,0.0,0.0,0.0
2022-01-14 16:15:45.503651,0.0,0.0,0.0
2022-01-14 16:15:46.001814,0.0,0.0,0.0
2022-01-14 16:15:46.505736,0.0,0.0,0.0
2022-01-14 16:15:47.006273,0.0,0.0,0.0
2022-01-14 16:15:47.501530,0.0,0.0,0.0
2022-01-14 16:15:48.008929,0.0,0.0,0.0
2022-01-14 16:15:48.503149,0.0,0.0,0.0
2022-01-14 16:15:49.001878,0.0,0.0,0.0
2022-01-14 16:15:49.505491,0.0,0.0,0.0
2022-01-14 16:15:50.002891,0.0,0.0,0.0
2022-01-14 16:15:50.509081,0.0,0.0,0.0
2022-01-14 16:15:51.005898,0.0,0.0,0.0
2022-01-14 16:15:51.509705,0.0,0.0,0.0
2022-01-14 16:15:52.006762,0.0,0.0,0.0
2022-01-14 16:15:52.501167,0.0,0.0,0.0
2022-01-14 16:15:53.009652,0.0,0.0,0.0
2022-01-14 16:15:53.504868,0.0,0.0,0.0
2022-01-14 16:15:54.002414,0.0,0.0,0.0
2022-01-14 16:15:54.509284,0.0,0.0,0.0
2022-01-14 16:15:55.007841,0.0,0.0,0.0
2022-01-14 16:15:55.506266,0.0,0.0,0.0
2022-01-14 16:15:56.004185,0.0,0.0,0.0
2022-01-14 16:15:56.501814,0.0,0.0,0.0
2022-01-14 16:15:57.010452,0.0,0.0,0.0
2022-01-14 16:15:57.504511,0.0,0.0,0.0
2022-01-14 16:15:58.001817,0.0,0.0,0.0
2022-01-14 16:15:58.506939,0.0,0.0,0.0
2022-01-14 16:15:59.007432,0.0,0.0,0.0
2022-01-14 16:15:59.502871,0.0,0.0,0.0
2022-01-14 16:16:00.002617,0.0,0.0,0.0
2022-01-14 16:16:00.510248,0.0,0.0,0.0
2022-01-14 16:16:01.007092,0.0,0.0,0.0
2022-01-14 16:16:01.501293,0.0,0.0,0.0
2022-01-14 16:16:02.010144,0.0,0.0,0.0
2022-01-14 16:16:02.503437,0.0,0.0,0.0
2022-01-14 16:16:03.001637,0.0,0.0,0.0
2022-01-14 16:16:03.504928,0.0,0.0,0.0
2022-01-14 16:16:04.001801,0.0,0.0,0.0
2022-01-14 16:16:04.507019,0.0,0.0,0.0
2022-01-14 16:16:05.005080,0.0,0.0,0.0
2022-01-14 16:16:05.502561,0.0,0.0,0.0
2022-01-14 16:16:06.009290,0.0,0.0,0.0
2022-01-14 16:16:06.503665,0.0,0.0,0.0
2022-01-14 16:16:07.001518,0.0,0.0,0.0
2022-01-14 16:16:07.506781,0.0,0.0,0.0
2022-01-14 16:16:08.005876,0.0,0.0,0.0
2022-01-14 16:16:08.510957,0.0,0.0,0.0
2022-01-14 16:16:09.008465,0.0,0.0,0.0
2022-01-14 16:16:09.501028,0.0,0.0,0.0
2022-01-14 16:16:10.007396,0.0,0.0,0.0
2022-01-14 16:16:10.501572,0.0,0.0,0.0
2022-01-14 16:16:11.009449,0.0,0.0,0.0
2022-01-14 16:16:11.506034,0.0,0.0,0.0
2022-01-14 16:16:12.003512,0.0,0.0,0.0
2022-01-14 16:16:12.507239,0.0,0.0,0.0
2022-01-14 16:16:13.004919,0.0,0.0,0.0
2022-01-14 16:16:13.509028,0.0,0.0,0.0
2022-01-14 16:16:14.004759,0.0,0.0,0.0
2022-01-14 16:16:14.508583,0.0,0.0,0.0
2022-01-14 16:16:15.006319,0.0,0.0,0.0
2022-01-14 16:16:15.510601,0.0,0.0,0.0
2022-01-14 16:16:16.007826,0.0,0.0,0.0
2022-01-14 16:16:16.504982,0.0,0.0,0.0
2022-01-14 16:16:17.009121,0.0,0.0,0.0
2022-01-14 16:16:17.504200,0.0,0.0,0.0
2022-01-14 16:16:18.001838,0.0,0.0,0.0
2022-01-14 16:16:18.505156,0.0,0.0,0.0
2022-01-14 16:16:19.001138,0.0,0.0,0.0
2022-01-14 16:16:19.507338,0.0,0.0,0.0
2022-01-14 16:16:20.005908,0.0,0.0,0.0
2022-01-14 16:16:20.502186,0.0,0.0,0.0
2022-01-14 16:16:21.001722,0.0,0.0,0.0
2022-01-14 16:16:21.504206,0.0,0.0,0.0
2022-01-14 16:16:22.002625,0.0,0.0,0.0
2022-01-14 16:16:22.506963,0.0,0.0,0.0
2022-01-14 16:16:23.004966,0.0,0.0,0.0
2022-01-14 16:16:23.502338,0.0,0.0,0.0
2022-01-14 16:16:24.504912,0.0,0.0,0.0
2022-01-14 16:16:25.002934,0.0,0.0,0.0
2022-01-14 16:16:25.510214,0.0,0.0,0.0
2022-01-14 16:16:26.008645,0.0,0.0,0.0
2022-01-14 16:16:26.503439,0.0,0.0,0.0
2022-01-14 16:16:27.009968,0.0,0.0,0.0
2022-01-14 16:16:27.502986,0.0,0.0,-0.03864
2022-01-14 16:16:28.001542,0.0,0.0,-0.03864
2022-01-14 16:16:28.505169,0.0,0.0,0.0
2022-01-14 16:16:29.002186,0.0,0.0,0.0
2022-01-14 16:16:29.506154,0.0,0.0,0.0
2022-01-14 16:16:30.005059,0.0,0.0,0.0
2022-01-14 16:16:30.508278,0.0,0.0,0.0
2022-01-14 16:16:31.005145,0.0,0.0,0.0
2022-01-14 16:16:31.501833,0.0,0.0,0.0
2022-01-14 16:16:32.010450,0.0,0.0,0.0
2022-01-14 16:16:32.504096,0.0,0.0,0.0
2022-01-14 16:16:33.001705,0.0,0.0,0.0
2022-01-14 16:16:33.505540,0.0,0.0,0.0
2022-01-14 16:16:34.002880,0.0,0.0,0.0
2022-01-14 16:16:34.509077,0.0,0.0,0.0
2022-01-14 16:16:35.007609,0.0,0.0,0.0
2022-01-14 16:16:35.510716,0.0,0.0,0.0
2022-01-14 16:16:36.009231,0.0,0.0,0.0
2022-01-14 16:16:36.502285,0.0,0.0,0.0
2022-01-14 16:16:37.011195,0.0,0.0,0.0
2022-01-14 16:16:37.505512,0.0,0.0,0.0
2022-01-14 16:16:38.004759,0.0,0.0,0.0
2022-01-14 16:16:38.508890,0.0,0.0,0.0
2022-01-14 16:16:39.007189,0.0,0.0,0.0
2022-01-14 16:16:39.511143,0.0,0.0,0.0
2022-01-14 16:16:40.008998,0.0,0.0,0.0
2022-01-14 16:16:40.501158,0.0,0.0,0.0
2022-01-14 16:16:41.009888,0.0,0.0,0.0
2022-01-14 16:16:41.504182,0.0,0.0,0.0
2022-01-14 16:16:42.005555,0.0,0.0,0.0
2022-01-14 16:16:42.508209,0.0,0.0,0.0
2022-01-14 16:16:43.006672,0.0,0.0,0.0
2022-01-14 16:16:43.502547,0.0,0.0,0.0
2022-01-14 16:16:44.010557,0.0,0.0,0.0
2022-01-14 16:16:44.504258,0.0,0.0,0.0
2022-01-14 16:16:45.006079,0.0,0.0,0.0
2022-01-14 16:16:45.509898,0.0,0.0,0.0
2022-01-14 16:16:46.007092,0.0,0.0,0.0
2022-01-14 16:16:46.510079,0.0,0.0,0.0
2022-01-14 16:16:47.008320,0.0,0.0,0.0
2022-01-14 16:16:47.503579,0.0,0.0,0.0
2022-01-14 16:16:48.002640,0.0,0.0,0.0
2022-01-14 16:16:48.505793,0.0,0.0,0.0
2022-01-14 16:16:49.003309,0.0,0.0,0.0
2022-01-14 16:16:49.510604,0.0,0.0,0.0
2022-01-14 16:16:50.007926,0.0,0.0,0.0
2022-01-14 16:16:50.501751,0.0,0.0,0.0
2022-01-14 16:16:51.001752,0.0,0.0,0.0
2022-01-14 16:16:51.507104,0.0,0.0,0.0
2022-01-14 16:16:52.004746,0.0,0.0,0.0
2022-01-14 16:16:52.509104,0.0,0.0,0.0
2022-01-14 16:16:53.005432,0.0,0.0,0.0
2022-01-14 16:16:53.510021,0.0,0.0,0.0
2022-01-14 16:16:54.008481,0.0,0.0,0.0
2022-01-14 16:16:54.511085,0.0,0.0,0.0
2022-01-14 16:16:55.008847,0.0,0.0,0.0
2022-01-14 16:16:55.501898,0.0,0.0,0.0
2022-01-14 16:16:56.010159,0.0,0.0,0.0
2022-01-14 16:16:56.506402,0.0,0.0,0.0
2022-01-14 16:16:57.004696,0.0,0.0,0.0
2022-01-14 16:16:57.510932,0.0,0.0,0.0
2022-01-14 16:16:58.009010,0.0,0.0,0.0
2022-01-14 16:16:58.506234,0.0,0.0,0.0
2022-01-14 16:16:59.005199,0.0,0.0,0.0
2022-01-14 16:16:59.510627,0.0,0.0,0.0
2022-01-14 16:17:00.007914,0.0,0.0,0.0
2022-01-14 16:17:00.504128,0.0,0.0,0.0
2022-01-14 16:17:01.003302,0.0,0.0,0.0
2022-01-14 16:17:01.502417,0.0,0.0,0.0
2022-01-14 16:17:02.002182,0.0,0.0,0.0
2022-01-14 16:17:02.509889,0.0,0.0,0.0
2022-01-14 16:17:03.007194,0.0,0.0,0.0
2022-01-14 16:17:03.506744,0.0,0.0,0.0
2022-01-14 16:17:04.004725,0.0,0.0,0.0
2022-01-14 16:17:04.509079,0.0,0.0,0.0
2022-01-14 16:17:05.005852,0.0,0.0,0.0
2022-01-14 16:17:05.503006,0.0,0.0,0.0
2022-01-14 16:17:06.009281,0.0,0.0,0.0
2022-01-14 16:17:06.505830,0.0,0.0,0.0
2022-01-14 16:17:07.002909,0.0,0.0,0.0
2022-01-14 16:17:07.503007,0.0,0.0,0.0
2022-01-14 16:17:08.010237,0.0,0.0,0.0
2022-01-14 16:17:08.505073,0.0,0.0,0.0
2022-01-14 16:17:09.001928,0.0,0.0,0.0
2022-01-14 16:17:09.508632,0.0,0.0,0.0
2022-01-14 16:17:10.006158,0.0,0.0,0.0
2022-01-14 16:17:10.504604,0.0,0.0,0.0
2022-01-14 16:17:11.002348,0.0,0.0,0.0
2022-01-14 16:17:11.506384,0.0,0.0,0.0
2022-01-14 16:17:12.004866,0.0,0.0,0.0
2022-01-14 16:17:12.508398,0.0,0.0,0.0
2022-01-14 16:17:13.005637,0.0,0.0,0.0
2022-01-14 16:17:13.501045,0.0,0.0,0.0
2022-01-14 16:17:14.010141,0.0,0.0,0.0
2022-01-14 16:17:14.504972,0.0,0.0,0.0
2022-01-14 16:17:15.001895,0.0,0.0,0.0
2022-01-14 16:17:15.507336,0.0,0.0,0.0
2022-01-14 16:17:16.006684,0.0,0.0,0.0
2022-01-14 16:17:16.510988,0.0,0.0,0.0
2022-01-14 16:17:17.008560,0.0,0.0,0.0
2022-01-14 16:17:17.503018,0.0,0.0,0.0
2022-01-14 16:17:18.001443,0.0,0.0,0.0
2022-01-14 16:17:18.504982,0.0,0.0,0.0
2022-01-14 16:17:19.001722,0.0,0.0,0.0
2022-01-14 16:17:19.507647,0.0,0.0,0.0
2022-01-14 16:17:20.004318,0.0,0.0,0.0
2022-01-14 16:17:20.509310,0.0,0.0,0.0
2022-01-14 16:17:21.007607,0.0,0.0,0.0
2022-01-14 16:17:21.502968,0.0,0.0,0.0
2022-01-14 16:17:22.008641,0.0,0.0,0.0
2022-01-14 16:17:22.505336,0.0,0.0,0.0
2022-01-14 16:17:23.004360,0.0,0.0,0.0
2022-01-14 16:17:23.509174,0.0,0.0,0.0
2022-01-14 16:17:24.008099,0.0,0.0,0.0
2022-01-14 16:17:24.501674,0.0,0.0,0.0
2022-01-14 16:17:25.001451,0.0,0.0,0.0
2022-01-14 16:17:25.507604,0.0,0.0,0.0
2022-01-14 16:17:26.004984,0.0,0.0,0.0
2022-01-14 16:17:26.502239,0.0,0.0,0.0
2022-01-14 16:17:27.010149,0.0,0.0,0.0
2022-01-14 16:17:27.503880,0.0,0.0,0.0
2022-01-14 16:17:28.001788,0.0,0.0,0.0
2022-01-14 16:17:28.507514,0.0,0.0,0.0
2022-01-14 16:17:29.006529,0.0,0.0,0.0
2022-01-14 16:17:29.503221,0.0,0.0,0.0
2022-01-14 16:17:30.001857,0.0,0.0,0.0
2022-01-14 16:17:30.510420,0.0,0.0,0.0
2022-01-14 16:17:31.003797,0.0,0.0,0.0
2022-01-14 16:17:31.501330,0.0,0.0,0.0
2022-01-14 16:17:32.010967,0.0,0.0,0.0
2022-01-14 16:17:32.505165,0.0,0.0,0.0
2022-01-14 16:17:33.002940,0.0,0.0,0.0
2022-01-14 16:17:33.506156,0.0,0.0,0.0
2022-01-14 16:17:34.003533,0.0,0.0,0.0
2022-01-14 16:17:34.508060,0.0,0.0,0.0
2022-01-14 16:17:35.005283,0.0,0.0,0.0
2022-01-14 16:17:35.511103,0.0,0.0,0.0
2022-01-14 16:17:36.008356,0.0,0.0,0.0
2022-01-14 16:17:36.501181,0.0,0.0,0.0
2022-01-14 16:17:37.008523,0.0,0.0,0.0
2022-01-14 16:17:37.503527,0.0,0.0,0.0
2022-01-14 16:17:38.001200,0.0,0.0,0.0
2022-01-14 16:17:38.506387,0.0,0.0,0.0
2022-01-14 16:17:39.004789,0.0,0.0,0.0
2022-01-14 16:17:39.508193,0.0,0.0,0.0
2022-01-14 16:17:40.006202,0.0,0.0,0.0
2022-01-14 16:17:40.510787,0.0,0.0,0.0
2022-01-14 16:17:41.008971,0.0,0.0,0.0
2022-01-14 16:17:41.502467,0.0,0.0,0.0
2022-01-14 16:17:42.001525,0.0,0.0,0.0
2022-01-14 16:17:42.504128,0.0,0.0,0.0
2022-01-14 16:17:43.001530,0.0,0.0,0.0
2022-01-14 16:17:43.506619,0.0,0.0,0.0
2022-01-14 16:17:44.005141,0.0,0.0,0.0
2022-01-14 16:17:44.510345,0.0,0.0,0.0
2022-01-14 16:17:45.006238,0.0,0.0,0.0
2022-01-14 16:17:45.509740,0.0,0.0,0.0
2022-01-14 16:17:46.008327,0.0,0.0,0.0
2022-01-14 16:17:46.503870,0.0,0.0,0.0
2022-01-14 16:17:47.002364,0.0,0.0,0.0
2022-01-14 16:17:47.506759,0.0,0.0,0.0
2022-01-14 16:17:48.004430,0.0,0.0,0.0
2022-01-14 16:17:48.508630,0.0,0.0,0.0
2022-01-14 16:17:49.005228,0.0,0.0,0.0
2022-01-14 16:17:49.501951,0.0,0.0,0.0
2022-01-14 16:17:50.010243,0.0,0.0,0.0
2022-01-14 16:17:50.505732,0.0,0.0,0.0
2022-01-14 16:17:51.002997,0.0,0.0,0.0
2022-01-14 16:17:51.507679,0.0,0.0,0.0
2022-01-14 16:17:52.004748,0.0,0.0,0.0
2022-01-14 16:17:52.504873,0.0,0.0,0.0
2022-01-14 16:17:53.002728,0.0,0.0,0.0
2022-01-14 16:17:53.509424,0.0,0.0,0.0
2022-01-14 16:17:54.007996,0.0,0.0,0.0
2022-01-14 16:17:54.501514,0.0,0.0,0.0
2022-01-14 16:17:55.004576,0.0,0.0,0.0
2022-01-14 16:17:55.501449,0.0,0.0,0.0
2022-01-14 16:17:56.009645,0.0,0.0,0.0
2022-01-14 16:17:56.503835,0.0,0.0,0.0
2022-01-14 16:17:57.001920,0.0,0.0,0.0
2022-01-14 16:17:57.506728,0.0,0.0,0.0
2022-01-14 16:17:58.004120,0.0,0.0,0.0
2022-01-14 16:17:58.509963,0.0,0.0,0.0
2022-01-14 16:17:59.008070,0.0,0.0,0.0
2022-01-14 16:17:59.502798,0.0,0.0,0.0
2022-01-14 16:18:00.010099,0.0,0.0,0.0
2022-01-14 16:18:00.505536,0.0,0.0,0.0
2022-01-14 16:18:01.002964,0.0,0.0,0.0
2022-01-14 16:18:01.507638,0.0,0.0,0.0
2022-01-14 16:18:02.007662,0.0,0.0,0.0
2022-01-14 16:18:02.501530,0.0,0.0,0.0
2022-01-14 16:18:03.009598,0.0,0.0,0.0
2022-01-14 16:18:03.503474,0.0,0.0,0.0
2022-01-14 16:18:04.001972,0.0,0.0,0.0
2022-01-14 16:18:04.506604,0.0,0.0,0.0
2022-01-14 16:18:05.003718,0.0,0.0,0.0
2022-01-14 16:18:05.508762,0.0,0.0,0.0
2022-01-14 16:18:06.007470,0.0,0.0,0.0
2022-01-14 16:18:06.510886,0.0,0.0,0.0
2022-01-14 16:18:07.009764,0.0,0.0,0.0
2022-01-14 16:18:07.505218,0.0,0.0,0.0
2022-01-14 16:18:08.002680,0.0,0.0,0.0
2022-01-14 16:18:08.506827,0.0,0.0,0.0
2022-01-14 16:18:09.007714,0.0,0.0,0.0
2022-01-14 16:18:10.003829,0.0,0.0,0.0
2022-01-14 16:18:10.508570,0.0,0.0,0.0
2022-01-14 16:18:11.007416,0.0,0.0,0.0
2022-01-14 16:18:11.503088,0.0,0.0,0.0
2022-01-14 16:18:12.001070,0.0,0.0,0.0
2022-01-14 16:18:12.506179,0.0,0.0,0.0
2022-01-14 16:18:13.003779,0.0,0.0,0.0
2022-01-14 16:18:13.509102,0.0,0.0,0.0
2022-01-14 16:18:14.005708,0.0,0.0,0.0
2022-01-14 16:18:14.509664,0.0,0.0,0.0
2022-01-14 16:18:15.006713,0.0,0.0,0.0
2022-01-14 16:18:15.503523,0.0,0.0,0.0
2022-01-14 16:18:16.001208,0.0,0.0,0.0
2022-01-14 16:18:16.509275,0.0,0.0,0.0
2022-01-14 16:18:17.008582,0.0,0.0,0.0
2022-01-14 16:18:17.502550,0.0,0.0,0.0
2022-01-14 16:18:18.001024,0.0,0.0,0.0
2022-01-14 16:18:18.504622,0.0,0.0,0.0
2022-01-14 16:18:19.002110,0.0,0.0,0.0
2022-01-14 16:18:19.506343,0.0,0.0,0.0
2022-01-14 16:18:20.003778,0.0,0.0,0.0
2022-01-14 16:18:20.508454,0.0,0.0,0.0
2022-01-14 16:18:21.001753,0.0,0.0,0.0
2022-01-14 16:18:21.507855,0.0,0.0,0.0
2022-01-14 16:18:22.005527,0.0,0.0,0.0
2022-01-14 16:18:22.510634,0.0,0.0,0.0
2022-01-14 16:18:23.009075,0.0,0.0,0.0
2022-01-14 16:18:23.502333,0.0,0.0,0.0
2022-01-14 16:18:24.010523,0.0,0.0,0.0
2022-01-14 16:18:24.503880,0.0,0.0,0.0
2022-01-14 16:18:25.002229,0.0,0.0,0.0
2022-01-14 16:18:25.509000,0.0,0.0,0.0
2022-01-14 16:18:26.007039,0.0,0.0,0.0
2022-01-14 16:18:26.505665,0.0,0.0,0.0
2022-01-14 16:18:27.004164,0.0,0.0,0.0
2022-01-14 16:18:27.508610,0.0,0.0,0.0
2022-01-14 16:18:28.006220,0.0,0.0,0.0
2022-01-14 16:18:28.502949,0.0,0.0,0.0
2022-01-14 16:18:29.010744,0.0,0.0,0.0
2022-01-14 16:18:29.505743,0.0,0.0,0.0
2022-01-14 16:18:30.005455,0.0,0.0,0.0
2022-01-14 16:18:30.510641,0.0,0.0,0.0
2022-01-14 16:18:31.008755,0.0,0.0,0.0
2022-01-14 16:18:31.502399,0.0,0.0,0.0
2022-01-14 16:18:32.010872,0.0,0.0,0.0
2022-01-14 16:18:32.504846,0.0,0.0,0.0
2022-01-14 16:18:33.003365,0.0,0.0,0.0
2022-01-14 16:18:33.507582,0.0,0.0,0.0
2022-01-14 16:18:34.005280,0.0,0.0,0.0
2022-01-14 16:18:34.503694,0.0,0.0,0.0
2022-01-14 16:18:35.001228,0.0,0.0,0.0
2022-01-14 16:18:35.505437,0.0,0.0,0.0
2022-01-14 16:18:36.002965,0.0,0.0,0.0
2022-01-14 16:18:36.507527,0.0,0.0,0.0
2022-01-14 16:18:37.005650,0.0,0.0,0.0
2022-01-14 16:18:37.510103,0.0,0.0,0.0
2022-01-14 16:18:38.008033,0.0,0.0,0.0
2022-01-14 16:18:38.502802,0.0,0.0,0.0
2022-01-14 16:18:39.002412,0.0,0.0,0.0
2022-01-14 16:18:39.506441,0.0,0.0,0.0
2022-01-14 16:18:40.006111,0.0,0.0,0.0
2022-01-14 16:18:40.503072,0.0,0.0,0.0
2022-01-14 16:18:41.001697,0.0,0.0,0.0
2022-01-14 16:18:41.505050,0.0,0.0,0.0
2022-01-14 16:18:42.004757,0.0,0.0,0.0
2022-01-14 16:18:42.507647,0.0,0.0,0.0
2022-01-14 16:18:43.005171,0.0,0.0,0.0
2022-01-14 16:18:43.508720,0.0,0.0,0.0
2022-01-14 16:18:44.007336,0.0,0.0,0.0
2022-01-14 16:18:44.504689,0.0,0.0,0.0
2022-01-14 16:18:45.001781,0.0,0.0,0.0
2022-01-14 16:18:45.505634,0.0,0.0,0.0
2022-01-14 16:18:46.003049,0.0,0.0,0.0
2022-01-14 16:18:46.507726,0.0,0.0,0.0
2022-01-14 16:18:47.006172,0.0,0.0,0.0
2022-01-14 16:18:47.501756,0.0,0.0,0.0
2022-01-14 16:18:48.008925,0.0,0.0,0.0
2022-01-14 16:18:48.505679,0.0,0.0,0.0
2022-01-14 16:18:49.004785,0.0,0.0,0.0
2022-01-14 16:18:49.510605,0.0,0.0,0.0
2022-01-14 16:18:50.009732,0.0,0.0,0.0
2022-01-14 16:18:50.504713,0.0,0.0,0.0
2022-01-14 16:18:51.002059,0.0,0.0,0.0
2022-01-14 16:18:51.505498,0.0,0.0,0.0
2022-01-14 16:18:52.003587,0.0,0.0,0.0
2022-01-14 16:18:52.508315,0.0,0.0,0.0
2022-01-14 16:18:53.006192,0.0,0.0,0.0
2022-01-14 16:18:53.510323,0.0,0.0,0.0
2022-01-14 16:18:54.008082,0.0,0.0,0.0
2022-01-14 16:18:54.501813,0.0,0.0,0.0
2022-01-14 16:18:55.010761,0.0,0.0,0.0
2022-01-14 16:18:55.505746,0.0,0.0,0.0
2022-01-14 16:18:56.005871,0.0,0.0,0.0
2022-01-14 16:18:56.501583,0.0,0.0,0.0
2022-01-14 16:18:57.009022,0.0,0.0,0.0
2022-01-14 16:18:57.505064,0.0,0.0,0.0
2022-01-14 16:18:58.005212,0.0,0.0,0.0
2022-01-14 16:18:58.510631,0.0,0.0,0.0
2022-01-14 16:18:59.008245,0.0,0.0,0.0
2022-01-14 16:18:59.503122,0.0,0.0,0.0
2022-01-14 16:19:00.009777,0.0,0.0,0.0
2022-01-14 16:19:00.504864,0.0,0.0,0.0
2022-01-14 16:19:01.002607,0.0,0.0,0.0
2022-01-14 16:19:01.509837,0.0,0.0,0.0
2022-01-14 16:19:02.008552,0.0,0.0,0.0
2022-01-14 16:19:02.502318,0.0,0.0,0.0
2022-01-14 16:19:03.009516,0.0,0.0,0.0
2022-01-14 16:19:03.503556,0.0,0.0,0.0
2022-01-14 16:19:04.010570,0.0,0.0,0.0
2022-01-14 16:19:04.504721,0.0,0.0,0.0
2022-01-14 16:19:05.002996,0.0,0.0,0.0
2022-01-14 16:19:05.508331,0.0,0.0,0.0
2022-01-14 16:19:06.008490,0.0,0.0,0.0
2022-01-14 16:19:06.510990,0.0,0.0,0.0
2022-01-14 16:19:07.007987,0.0,0.0,0.0
2022-01-14 16:19:07.502690,0.0,0.0,0.0
2022-01-14 16:19:08.001463,0.0,0.0,0.0
2022-01-14 16:19:08.505819,0.0,0.0,0.0
2022-01-14 16:19:09.005184,0.0,0.0,0.0
2022-01-14 16:19:09.509882,0.0,0.0,0.0
2022-01-14 16:19:10.007870,0.0,0.0,0.0
2022-01-14 16:19:10.504806,0.0,0.0,0.0
2022-01-14 16:19:11.002846,0.0,0.0,0.0
2022-01-14 16:19:11.507312,0.0,0.0,0.0
2022-01-14 16:19:12.004946,0.0,0.0,0.0
2022-01-14 16:19:12.509893,0.0,0.0,0.0
2022-01-14 16:19:13.008170,0.0,0.0,0.0
2022-01-14 16:19:13.502996,0.0,0.0,0.0
2022-01-14 16:19:14.009686,0.0,0.0,0.0
2022-01-14 16:19:14.504771,0.0,0.0,0.0
2022-01-14 16:19:15.004711,0.0,0.0,0.0
2022-01-14 16:19:15.510217,0.0,0.0,0.0
2022-01-14 16:19:16.008296,0.0,0.0,0.0
2022-01-14 16:19:16.502492,0.0,0.0,0.0
2022-01-14 16:19:17.001079,0.0,0.0,0.0
2022-01-14 16:19:17.507356,0.0,0.0,0.0
2022-01-14 16:19:18.004821,0.0,0.0,0.0
2022-01-14 16:19:18.508554,0.0,0.0,0.0
2022-01-14 16:19:19.005703,0.0,0.0,0.0
2022-01-14 16:19:19.501925,0.0,0.0,0.0
2022-01-14 16:19:20.008801,0.0,0.0,0.0
2022-01-14 16:19:20.503786,0.0,0.0,0.0
2022-01-14 16:19:21.001088,0.0,0.0,0.0
2022-01-14 16:19:21.503583,0.0,0.0,0.0
2022-01-14 16:19:22.001826,0.0,0.0,0.0
2022-01-14 16:19:22.508129,0.0,0.0,0.0
2022-01-14 16:19:23.005957,0.0,0.0,0.0
2022-01-14 16:19:23.510116,0.0,0.0,0.0
2022-01-14 16:19:24.009591,0.0,0.0,0.0
2022-01-14 16:19:24.503878,0.0,0.0,0.0
2022-01-14 16:19:25.009839,0.0,0.0,0.0
2022-01-14 16:19:25.505665,0.0,0.0,0.0
2022-01-14 16:19:26.002188,0.0,0.0,0.0
2022-01-14 16:19:26.507654,0.0,0.0,0.0
2022-01-14 16:19:27.005718,0.0,0.0,0.0
2022-01-14 16:19:27.510129,0.0,0.0,0.0
2022-01-14 16:19:28.007400,0.0,0.0,0.0
2022-01-14 16:19:28.504885,0.0,0.0,0.0
2022-01-14 16:19:29.001909,0.0,0.0,0.0
2022-01-14 16:19:29.505749,0.0,0.0,0.0
2022-01-14 16:19:30.004200,0.0,0.0,0.0
2022-01-14 16:19:30.507406,0.0,0.0,0.0
2022-01-14 16:19:31.004856,0.0,0.0,0.0
2022-01-14 16:19:31.509784,0.0,0.0,0.0
2022-01-14 16:19:32.008265,0.0,0.0,0.0
2022-01-14 16:19:32.504019,0.0,0.0,0.0
2022-01-14 16:19:33.003185,0.0,0.0,0.0
2022-01-14 16:19:33.509180,0.0,0.0,0.0
2022-01-14 16:19:34.006530,0.0,0.0,0.0
2022-01-14 16:19:34.501402,0.0,0.0,0.0
2022-01-14 16:19:35.010100,0.0,0.0,0.0
2022-01-14 16:19:35.504399,0.0,0.0,0.0
2022-01-14 16:19:36.001597,0.0,0.0,0.0
2022-01-14 16:19:36.504261,0.0,0.0,0.0
2022-01-14 16:19:37.003506,0.0,0.0,0.0
2022-01-14 16:19:37.508249,0.0,0.0,0.0
2022-01-14 16:19:38.006492,0.0,0.0,0.0
2022-01-14 16:19:38.510091,0.0,0.0,0.0
2022-01-14 16:19:39.003713,0.0,0.0,0.0
2022-01-14 16:19:39.506915,0.0,0.0,0.0
2022-01-14 16:19:40.004609,0.0,0.0,0.0
2022-01-14 16:19:40.508841,0.0,0.0,0.0
2022-01-14 16:19:41.005769,0.0,0.0,0.0
2022-01-14 16:19:41.502861,0.0,0.0,0.0
2022-01-14 16:19:42.000999,0.0,0.0,0.0
2022-01-14 16:19:42.505115,0.0,0.0,0.0
2022-01-14 16:19:43.002707,0.0,0.0,0.0
2022-01-14 16:19:43.509863,0.0,0.0,0.0
2022-01-14 16:19:44.007798,0.0,0.0,0.0
2022-01-14 16:19:44.507545,0.0,0.0,0.0
2022-01-14 16:19:45.006380,0.0,0.0,0.0
2022-01-14 16:19:45.508709,0.0,0.0,0.0
2022-01-14 16:19:46.006574,0.0,0.0,0.0
2022-01-14 16:19:46.502532,0.0,0.0,0.0
2022-01-14 16:19:47.010741,0.0,0.0,0.0
2022-01-14 16:19:47.504335,0.0,0.0,0.0
2022-01-14 16:19:48.002424,0.0,0.0,0.0
2022-01-14 16:19:48.507675,0.0,0.0,0.0
2022-01-14 16:19:49.004439,0.0,0.0,0.0
2022-01-14 16:19:49.501285,0.0,0.0,0.0
2022-01-14 16:19:50.009650,0.0,0.0,0.0
2022-01-14 16:19:50.504880,0.0,0.0,0.0
2022-01-14 16:19:51.002453,0.0,0.0,0.0
2022-01-14 16:19:51.508093,0.0,0.0,0.0
2022-01-14 16:19:52.005684,0.0,0.0,0.0
2022-01-14 16:19:52.502010,0.0,0.0,0.0
2022-01-14 16:19:53.009123,0.0,0.0,0.0
2022-01-14 16:19:53.505643,0.0,0.0,0.0
2022-01-14 16:19:54.003858,0.0,0.0,0.0
2022-01-14 16:19:54.506971,0.0,0.0,0.0
2022-01-14 16:19:55.006042,0.0,0.0,0.0
2022-01-14 16:19:55.502004,0.0,0.0,0.0
2022-01-14 16:19:56.008819,0.0,0.0,0.0
2022-01-14 16:19:56.503175,0.0,0.0,0.0
2022-01-14 16:19:57.005927,0.0,0.0,0.0
2022-01-14 16:19:57.510379,0.0,0.0,0.0
2022-01-14 16:19:58.006916,0.0,0.0,0.0
2022-01-14 16:19:58.502058,0.0,0.0,0.0
2022-01-14 16:19:59.009737,0.0,0.0,0.0
2022-01-14 16:19:59.509103,0.0,0.0,0.0
2022-01-14 16:20:00.006475,0.0,0.0,0.0
2022-01-14 16:20:00.509848,0.0,0.0,0.0
2022-01-14 16:20:01.007104,0.0,0.0,0.0
2022-01-14 16:20:01.510684,0.0,0.0,0.0
2022-01-14 16:20:02.009165,0.0,0.0,0.0
2022-01-14 16:20:02.505152,0.0,0.0,0.0
2022-01-14 16:20:03.003611,0.0,0.0,0.0
2022-01-14 16:20:03.510066,0.0,0.0,0.0
2022-01-14 16:20:04.007330,0.0,0.0,0.0
2022-01-14 16:20:04.501825,0.0,0.0,0.0
2022-01-14 16:20:05.010127,0.0,0.0,0.0
2022-01-14 16:20:05.504764,0.0,0.0,0.0
2022-01-14 16:20:06.002501,0.0,0.0,0.0
2022-01-14 16:20:06.507279,0.0,0.0,0.0
2022-01-14 16:20:07.003741,0.0,0.0,0.0
2022-01-14 16:20:07.509683,0.0,0.0,0.0
2022-01-14 16:20:08.006923,0.0,0.0,0.0
2022-01-14 16:20:08.501248,0.0,0.0,0.0
2022-01-14 16:20:09.010074,0.0,0.0,0.0
2022-01-14 16:20:09.503300,0.0,0.0,0.0
2022-01-14 16:20:10.003284,0.0,0.0,0.0
2022-01-14 16:20:10.507906,0.0,0.0,0.0
2022-01-14 16:20:11.004689,0.0,0.0,0.0
2022-01-14 16:20:11.509525,0.0,0.0,0.0
2022-01-14 16:20:12.009381,0.0,0.0,0.0
2022-01-14 16:20:12.502277,0.0,0.0,0.0
2022-01-14 16:20:13.003287,0.0,0.0,0.0
2022-01-14 16:20:13.508173,0.0,0.0,0.0
2022-01-14 16:20:14.006110,0.0,0.0,0.0
2022-01-14 16:20:14.510026,0.0,0.0,0.0
2022-01-14 16:20:15.008112,0.0,0.0,0.0
2022-01-14 16:20:15.502232,0.0,0.0,0.0
2022-01-14 16:20:16.001077,0.0,0.0,0.0
2022-01-14 16:20:16.507971,0.0,0.0,0.0
2022-01-14 16:20:17.005259,0.0,0.0,0.0
2022-01-14 16:20:17.510994,0.0,0.0,0.0
2022-01-14 16:20:18.009084,0.0,0.0,0.0
2022-01-14 16:20:18.502642,0.0,0.0,0.0
2022-01-14 16:20:19.001376,0.0,0.0,0.0
2022-01-14 16:20:19.505423,0.0,0.0,0.0
2022-01-14 16:20:20.004128,0.0,0.0,0.0
2022-01-14 16:20:20.509752,0.0,0.0,0.0
2022-01-14 16:20:21.008940,0.0,0.0,0.0
2022-01-14 16:20:21.501965,0.0,0.0,0.0
2022-01-14 16:20:22.009820,0.0,0.0,0.0
2022-01-14 16:20:22.505148,0.0,0.0,0.0
2022-01-14 16:20:23.002319,0.0,0.0,0.0
2022-01-14 16:20:23.507137,0.0,0.0,0.0
2022-01-14 16:20:24.005071,0.0,0.0,0.0
2022-01-14 16:20:24.507569,0.0,0.0,0.0
2022-01-14 16:20:25.006006,0.0,0.0,0.0
2022-01-14 16:20:25.502499,0.0,0.0,0.0
2022-01-14 16:20:26.001376,0.0,0.0,0.0
2022-01-14 16:20:26.508716,0.0,0.0,0.0
2022-01-14 16:20:27.005526,0.0,0.0,0.0
2022-01-14 16:20:27.501862,0.0,0.0,0.0
2022-01-14 16:20:28.010869,0.0,0.0,0.0
2022-01-14 16:20:28.505984,0.0,0.0,0.0
2022-01-14 16:20:29.003586,0.0,0.0,0.0
2022-01-14 16:20:29.509740,0.0,0.0,0.0
2022-01-14 16:20:30.005815,0.0,0.0,0.0
2022-01-14 16:20:30.510105,0.0,0.0,0.0
2022-01-14 16:20:31.006710,0.0,0.0,0.0
2022-01-14 16:20:31.501341,0.0,0.0,0.0
2022-01-14 16:20:32.009832,0.0,0.0,0.0
2022-01-14 16:20:32.504287,0.0,0.0,0.0
2022-01-14 16:20:33.001791,0.0,0.0,0.0
2022-01-14 16:20:33.506877,0.0,0.0,0.0
2022-01-14 16:20:34.006556,0.0,0.0,0.0
2022-01-14 16:20:34.503015,0.0,0.0,0.0
2022-01-14 16:20:35.001269,0.0,0.0,0.0
2022-01-14 16:20:35.509126,0.0,0.0,0.0
2022-01-14 16:20:36.005757,0.0,0.0,0.0
2022-01-14 16:20:36.508026,0.0,0.0,0.0
2022-01-14 16:20:37.005246,0.0,0.0,0.0
2022-01-14 16:20:37.510378,0.0,0.0,0.0
2022-01-14 16:20:38.007214,0.0,0.0,0.0
2022-01-14 16:20:38.503028,0.0,0.0,0.0
2022-01-14 16:20:39.001155,0.0,0.0,0.0
2022-01-14 16:20:39.505480,0.0,0.0,0.0
2022-01-14 16:20:40.002034,0.0,0.0,0.0
2022-01-14 16:20:40.507740,0.0,0.0,0.0
2022-01-14 16:20:41.005342,0.0,0.0,0.0
2022-01-14 16:20:41.510085,0.0,0.0,0.0
2022-01-14 16:20:42.007645,0.0,0.0,0.0
2022-01-14 16:20:42.509215,0.0,0.0,0.0
2022-01-14 16:20:43.007523,0.0,0.0,0.0
2022-01-14 16:20:43.502420,0.0,0.0,0.0
2022-01-14 16:20:44.001317,0.0,0.0,0.0
2022-01-14 16:20:44.505823,0.0,0.0,0.0
2022-01-14 16:20:45.003899,0.0,0.0,0.0
2022-01-14 16:20:45.509676,0.0,0.0,0.0
2022-01-14 16:20:46.008457,0.0,0.0,0.0
2022-01-14 16:20:46.501820,0.0,0.0,0.0
2022-01-14 16:20:47.009347,0.0,0.0,0.0
2022-01-14 16:20:47.504842,0.0,0.0,0.0
2022-01-14 16:20:48.002363,0.0,0.0,0.0
2022-01-14 16:20:48.505152,0.0,0.0,0.0
2022-01-14 16:20:49.001900,0.0,0.0,0.0
2022-01-14 16:20:49.506486,0.0,0.0,0.0
2022-01-14 16:20:50.004529,0.0,0.0,0.0
2022-01-14 16:20:50.509215,0.0,0.0,0.0
2022-01-14 16:20:51.005986,0.0,0.0,0.0
2022-01-14 16:20:51.501048,0.0,0.0,0.0
2022-01-14 16:20:52.008539,0.0,0.0,0.0
2022-01-14 16:20:52.506892,0.0,0.0,0.0
2022-01-14 16:20:53.005914,0.0,0.0,0.0
2022-01-14 16:20:53.509388,0.0,0.0,0.0
2022-01-14 16:20:54.008110,0.0,0.0,0.0
2022-01-14 16:20:54.501159,0.0,0.0,0.0
2022-01-14 16:20:55.008790,0.0,0.0,0.0
2022-01-14 16:20:55.503721,0.0,0.0,0.0
2022-01-14 16:20:56.002043,0.0,0.0,0.0
2022-01-14 16:20:56.510350,0.0,0.0,0.0
2022-01-14 16:20:57.009366,0.0,0.0,0.0
2022-01-14 16:20:57.503544,0.0,0.0,0.0
2022-01-14 16:20:58.010326,0.0,0.0,0.0
2022-01-14 16:20:58.502826,0.0,0.0,0.0
2022-01-14 16:20:59.009835,0.0,0.0,0.0
2022-01-14 16:20:59.503575,0.0,0.0,0.0
2022-01-14 16:21:00.009853,0.0,0.0,0.0
2022-01-14 16:21:00.503606,0.0,0.0,0.0
2022-01-14 16:21:01.001070,0.0,0.0,0.0
2022-01-14 16:21:01.507000,0.0,0.0,0.0
2022-01-14 16:21:02.004052,0.0,0.0,0.0
2022-01-14 16:21:02.508918,0.0,0.0,0.03864
2022-01-14 16:21:03.005586,0.0,0.0,0.03864
2022-01-14 16:21:03.507625,0.0,0.0,0.0
2022-01-14 16:21:04.005025,0.0,0.0,0.0
2022-01-14 16:21:04.509875,0.0,0.0,0.0
2022-01-14 16:21:05.007908,0.0,0.0,0.0
2022-01-14 16:21:05.503346,0.0,0.0,0.0
2022-01-14 16:21:06.002251,0.0,0.0,0.0
2022-01-14 16:21:06.504966,0.0,0.0,0.0
2022-01-14 16:21:07.001671,0.0,0.0,0.0
2022-01-14 16:21:07.506418,0.0,0.0,0.0
2022-01-14 16:21:08.002568,0.0,0.0,0.0
2022-01-14 16:21:08.508217,0.0,0.0,0.0
2022-01-14 16:21:09.007163,0.0,0.0,0.0
2022-01-14 16:21:09.501130,0.0,0.0,0.0
2022-01-14 16:21:10.010934,0.0,0.0,0.0
2022-01-14 16:21:10.504500,0.0,0.0,0.0
2022-01-14 16:21:11.001385,0.0,0.0,0.0
2022-01-14 16:21:11.505651,0.0,0.0,0.0
2022-01-14 16:21:12.002809,0.0,0.0,0.0
2022-01-14 16:21:12.508673,0.0,0.0,0.0
2022-01-14 16:21:13.005727,0.0,0.0,0.0
2022-01-14 16:21:13.509947,0.0,0.0,0.0
2022-01-14 16:21:14.008501,0.0,0.0,0.0
2022-01-14 16:21:14.503079,0.0,0.0,0.0
2022-01-14 16:21:15.002301,0.0,0.0,0.0
2022-01-14 16:21:15.507046,0.0,0.0,0.0
2022-01-14 16:21:16.005682,0.0,0.0,0.0
2022-01-14 16:21:16.501805,0.0,0.0,0.0
2022-01-14 16:21:17.010495,0.0,0.0,0.0
2022-01-14 16:21:17.502114,0.0,0.0,0.0
2022-01-14 16:21:18.009509,0.0,0.0,0.0
2022-01-14 16:21:18.503659,0.0,0.0,0.0
2022-01-14 16:21:19.001394,0.0,0.0,0.0
2022-01-14 16:21:19.507248,0.0,0.0,0.0
2022-01-14 16:21:20.005169,0.0,0.0,0.0
2022-01-14 16:21:20.510427,0.0,0.0,0.0
2022-01-14 16:21:21.008025,0.0,0.0,0.0
2022-01-14 16:21:21.501425,0.0,0.0,0.0
2022-01-14 16:21:22.009428,0.0,0.0,0.0
2022-01-14 16:21:22.505781,0.0,0.0,0.0
2022-01-14 16:21:23.004583,0.0,0.0,0.0
2022-01-14 16:21:23.501647,0.0,0.0,0.0
2022-01-14 16:21:24.009315,0.0,0.0,0.0
2022-01-14 16:21:24.502922,0.0,0.0,0.0
2022-01-14 16:21:25.010760,0.0,0.0,0.0
2022-01-14 16:21:25.505193,0.0,0.0,0.0
2022-01-14 16:21:26.001158,0.0,0.0,0.0
2022-01-14 16:21:26.506169,0.0,0.0,0.0
2022-01-14 16:21:27.004348,0.0,0.0,0.0
2022-01-14 16:21:27.501128,0.0,0.0,0.0
2022-01-14 16:21:28.009752,0.0,0.0,0.0
