時間,回転１,回転２,回転３
2022-01-14 05:00:00.005759,0.0,0.0,0.0
2022-01-14 05:00:00.502426,0.0,0.0,0.0
2022-01-14 05:00:01.009609,0.0,0.0,0.0
2022-01-14 05:00:01.509315,0.0,0.0,0.0
2022-01-14 05:00:02.006679,0.0,0.0,0.0
2022-01-14 05:00:02.509624,0.0,0.0,0.0
2022-01-14 05:00:03.008401,0.0,0.0,0.0
2022-01-14 05:00:03.501939,0.0,0.0,0.0
2022-01-14 05:00:04.009934,0.0,0.0,0.0
2022-01-14 05:00:04.503600,0.0,0.0,0.0
2022-01-14 05:00:05.003280,0.0,0.0,0.0
2022-01-14 05:00:05.508116,0.0,0.0,0.0
2022-01-14 05:00:06.005158,0.0,0.0,0.0
2022-01-14 05:00:06.509795,0.0,0.0,0.0
2022-01-14 05:00:07.008651,0.0,0.0,0.0
2022-01-14 05:00:07.503919,0.0,0.0,0.0
2022-01-14 05:00:08.002476,0.0,0.0,0.0
2022-01-14 05:00:08.507933,0.0,0.0,0.0
2022-01-14 05:00:09.006229,0.0,0.0,0.0
2022-01-14 05:00:09.510608,0.0,0.0,0.0
2022-01-14 05:00:10.008879,0.0,0.0,0.0
2022-01-14 05:00:10.502915,0.0,0.0,0.0
2022-01-14 05:00:11.001399,0.0,0.0,0.0
2022-01-14 05:00:11.507504,0.0,0.0,0.0
2022-01-14 05:00:12.005968,0.0,0.0,0.0
2022-01-14 05:00:12.510362,0.0,0.0,0.0
2022-01-14 05:00:13.009012,0.0,0.0,0.0
2022-01-14 05:00:13.503488,0.0,0.0,0.0
2022-01-14 05:00:14.002969,0.0,0.0,0.0
2022-01-14 05:00:14.508651,0.0,0.0,0.0
2022-01-14 05:00:15.006810,0.0,0.0,0.0
2022-01-14 05:00:15.502332,0.0,0.0,0.0
2022-01-14 05:00:16.009901,0.0,0.0,0.0
2022-01-14 05:00:16.505038,0.0,0.0,0.0
2022-01-14 05:00:17.002888,0.0,0.0,0.0
2022-01-14 05:00:17.507271,0.0,0.0,0.0
2022-01-14 05:00:18.005113,0.0,0.0,0.0
2022-01-14 05:00:18.501387,0.0,0.0,0.0
2022-01-14 05:00:19.004785,0.0,0.0,0.0
2022-01-14 05:00:19.509678,0.0,0.0,0.0
2022-01-14 05:00:20.009599,0.0,0.0,0.0
2022-01-14 05:00:20.503440,0.0,0.0,0.0
2022-01-14 05:00:21.002128,0.0,0.0,0.0
2022-01-14 05:00:21.509219,0.0,0.0,0.0
2022-01-14 05:00:22.007363,0.0,0.0,0.0
2022-01-14 05:00:22.502596,0.0,0.0,0.0
2022-01-14 05:00:23.002130,0.0,0.0,0.0
2022-01-14 05:00:23.507764,0.0,0.0,0.0
2022-01-14 05:00:24.005558,0.0,0.0,0.0
2022-01-14 05:00:24.501196,0.0,0.0,0.0
2022-01-14 05:00:25.009680,0.0,0.0,0.0
2022-01-14 05:00:25.505151,0.0,0.0,0.0
2022-01-14 05:00:26.001422,0.0,0.0,0.0
2022-01-14 05:00:26.507234,0.0,0.0,0.0
2022-01-14 05:00:27.005893,0.0,0.0,0.0
2022-01-14 05:00:27.502445,0.0,0.0,0.0
2022-01-14 05:00:28.003111,0.0,0.0,0.0
2022-01-14 05:00:28.508199,0.0,0.0,0.0
2022-01-14 05:00:29.006909,0.0,0.0,0.0
2022-01-14 05:00:30.005224,0.0,0.0,0.0
2022-01-14 05:00:30.509821,0.0,0.0,0.0
2022-01-14 05:00:31.010371,0.0,0.0,0.0
2022-01-14 05:00:31.504515,0.0,0.0,0.0
2022-01-14 05:00:32.002896,0.0,0.0,0.0
2022-01-14 05:00:32.509973,0.0,0.0,0.0
2022-01-14 05:00:33.007537,0.0,0.0,0.0
2022-01-14 05:00:33.503558,0.0,0.0,0.0
2022-01-14 05:00:34.505821,0.0,0.0,0.0
2022-01-14 05:00:35.004578,0.0,0.0,0.0
2022-01-14 05:00:35.510030,0.0,0.0,0.0
2022-01-14 05:00:36.007177,0.0,0.0,0.0
2022-01-14 05:00:36.504732,0.0,0.0,0.0
2022-01-14 05:00:37.003211,0.0,0.0,0.0
2022-01-14 05:00:37.509100,0.0,0.0,0.0
2022-01-14 05:00:38.007108,0.0,0.0,0.0
2022-01-14 05:00:38.502200,0.0,0.0,0.0
2022-01-14 05:00:39.010610,0.0,0.0,0.0
2022-01-14 05:00:39.505539,0.0,0.0,0.0
2022-01-14 05:00:40.003355,0.0,0.0,0.0
2022-01-14 05:00:40.509732,0.0,0.0,0.0
2022-01-14 05:00:41.009968,0.0,0.0,0.0
2022-01-14 05:00:41.505063,0.0,0.0,0.0
2022-01-14 05:00:42.002889,0.0,0.0,0.0
2022-01-14 05:00:42.508068,0.0,0.0,0.0
2022-01-14 05:00:43.006211,0.0,0.0,0.0
2022-01-14 05:00:43.502549,0.0,0.0,0.0
2022-01-14 05:00:44.010918,0.0,0.0,0.0
2022-01-14 05:00:44.505329,0.0,0.0,0.0
2022-01-14 05:00:45.002801,0.0,0.0,0.0
2022-01-14 05:00:45.510149,0.0,0.0,0.0
2022-01-14 05:00:46.008316,0.0,0.0,0.0
2022-01-14 05:00:46.503414,0.0,0.0,0.0
2022-01-14 05:00:47.001134,0.0,0.0,0.0
2022-01-14 05:00:47.506095,0.0,0.0,0.0
2022-01-14 05:00:48.004318,0.0,0.0,0.0
2022-01-14 05:00:48.509379,0.0,0.0,0.0
2022-01-14 05:00:49.006135,0.0,0.0,0.0
2022-01-14 05:00:49.503810,0.0,0.0,0.0
2022-01-14 05:00:50.003055,0.0,0.0,0.0
2022-01-14 05:00:50.506142,0.0,0.0,0.0
2022-01-14 05:00:51.005724,0.0,0.0,0.0
2022-01-14 05:00:51.501760,0.0,0.0,0.0
2022-01-14 05:00:52.010012,0.0,0.0,0.0
2022-01-14 05:00:52.503407,0.0,0.0,0.0
2022-01-14 05:00:53.001637,0.0,0.0,0.0
2022-01-14 05:00:53.508537,0.0,0.0,0.0
2022-01-14 05:00:54.006222,0.0,0.0,0.0
2022-01-14 05:00:54.502200,0.0,0.0,0.0
2022-01-14 05:00:55.001557,0.0,0.0,0.0
2022-01-14 05:00:55.507259,0.0,0.0,0.0
2022-01-14 05:00:56.005342,0.0,0.0,0.0
2022-01-14 05:00:56.509051,0.0,0.0,0.0
2022-01-14 05:00:57.006413,0.0,0.0,0.0
2022-01-14 05:00:57.501823,0.0,0.0,0.0
2022-01-14 05:00:58.009225,0.0,0.0,0.0
2022-01-14 05:00:58.502247,0.0,0.0,0.0
2022-01-14 05:00:59.001639,0.0,0.0,0.0
2022-01-14 05:00:59.506597,0.0,0.0,0.0
2022-01-14 05:01:00.005287,0.0,0.0,0.0
2022-01-14 05:01:00.510814,0.0,0.0,0.0
2022-01-14 05:01:01.010033,0.0,0.0,0.0
2022-01-14 05:01:01.505080,0.0,0.0,0.0
2022-01-14 05:01:02.003109,0.0,0.0,0.0
2022-01-14 05:01:02.501087,0.0,0.0,0.0
2022-01-14 05:01:03.009658,0.0,0.0,0.0
2022-01-14 05:01:03.505155,0.0,0.0,0.0
2022-01-14 05:01:04.003496,0.0,0.0,0.0
2022-01-14 05:01:04.502850,0.0,0.0,0.0
2022-01-14 05:01:05.001559,0.0,0.0,0.0
2022-01-14 05:01:05.506490,0.0,0.0,0.0
2022-01-14 05:01:06.006128,0.0,0.0,0.0
2022-01-14 05:01:06.510183,0.0,0.0,0.0
2022-01-14 05:01:07.008653,0.0,0.0,0.0
2022-01-14 05:01:07.505345,0.0,0.0,0.0
2022-01-14 05:01:08.002708,0.0,0.0,0.0
2022-01-14 05:01:08.508687,0.0,0.0,0.0
2022-01-14 05:01:09.007029,0.0,0.0,0.0
2022-01-14 05:01:09.501264,0.0,0.0,0.0
2022-01-14 05:01:10.009603,0.0,0.0,0.0
2022-01-14 05:01:10.511013,0.0,0.0,0.0
2022-01-14 05:01:11.009626,0.0,0.0,0.0
2022-01-14 05:01:11.506518,0.0,0.0,0.0
2022-01-14 05:01:12.003207,0.0,0.0,0.0
2022-01-14 05:01:12.508612,0.0,0.0,0.0
2022-01-14 05:01:13.006982,0.0,0.0,0.0
2022-01-14 05:01:13.511091,0.0,0.0,0.0
2022-01-14 05:01:14.008942,0.0,0.0,0.0
2022-01-14 05:01:14.504047,0.0,0.0,0.0
2022-01-14 05:01:15.005903,0.0,0.0,0.0
2022-01-14 05:01:15.502790,0.0,0.0,0.0
2022-01-14 05:01:16.002930,0.0,0.0,0.0
2022-01-14 05:01:16.509474,0.0,0.0,0.0
2022-01-14 05:01:17.007485,0.0,0.0,0.0
2022-01-14 05:01:17.501942,0.0,0.0,0.0
2022-01-14 05:01:18.009538,0.0,0.0,0.0
2022-01-14 05:01:18.504055,0.0,0.0,0.0
2022-01-14 05:01:19.002234,0.0,0.0,0.0
2022-01-14 05:01:19.507309,0.0,0.0,0.0
2022-01-14 05:01:20.006317,0.0,0.0,0.0
2022-01-14 05:01:20.502934,0.0,0.0,0.0
2022-01-14 05:01:21.003021,0.0,0.0,0.0
2022-01-14 05:01:21.506759,0.0,0.0,0.0
2022-01-14 05:01:22.005952,0.0,0.0,0.0
2022-01-14 05:01:22.509557,0.0,0.0,0.0
2022-01-14 05:01:23.007909,0.0,0.0,0.0
2022-01-14 05:01:23.502245,0.0,0.0,0.0
2022-01-14 05:01:24.011200,0.0,0.0,0.0
2022-01-14 05:01:24.506355,0.0,0.0,0.0
2022-01-14 05:01:25.005840,0.0,0.0,0.0
2022-01-14 05:01:25.501677,0.0,0.0,0.0
2022-01-14 05:01:26.010952,0.0,0.0,0.0
2022-01-14 05:01:26.508474,0.0,0.0,0.0
2022-01-14 05:01:27.008174,0.0,0.0,0.0
2022-01-14 05:01:27.504822,0.0,0.0,0.0
2022-01-14 05:01:28.003937,0.0,0.0,0.0
2022-01-14 05:01:28.501169,0.0,0.0,0.0
2022-01-14 05:01:29.001297,0.0,0.0,0.0
2022-01-14 05:01:29.506203,0.0,0.0,0.0
2022-01-14 05:01:30.005116,0.0,0.0,0.0
2022-01-14 05:01:31.005550,0.0,0.0,0.0
2022-01-14 05:01:31.510092,0.0,0.0,0.0
2022-01-14 05:01:32.008551,0.0,0.0,0.0
2022-01-14 05:01:32.504592,0.0,0.0,0.0
2022-01-14 05:01:33.003751,0.0,0.0,0.0
2022-01-14 05:01:33.508665,0.0,0.0,0.0
2022-01-14 05:01:34.010709,0.0,0.0,0.0
2022-01-14 05:01:34.505573,0.0,0.0,0.0
2022-01-14 05:01:35.004811,0.0,0.0,0.0
2022-01-14 05:01:35.509611,0.0,0.0,0.0
2022-01-14 05:01:36.008605,0.0,0.0,0.0
2022-01-14 05:01:36.501545,0.0,0.0,0.0
2022-01-14 05:01:37.009503,0.0,0.0,0.0
2022-01-14 05:01:37.504609,0.0,0.0,0.0
2022-01-14 05:01:38.002153,0.0,0.0,0.0
2022-01-14 05:01:38.508067,0.0,0.0,0.0
2022-01-14 05:01:39.004993,0.0,0.0,0.0
2022-01-14 05:01:39.510247,0.0,0.0,0.0
2022-01-14 05:01:40.008130,0.0,0.0,0.0
2022-01-14 05:01:40.503601,0.0,0.0,0.0
2022-01-14 05:01:41.001352,0.0,0.0,0.0
2022-01-14 05:01:41.508820,0.0,0.0,0.0
2022-01-14 05:01:42.007250,0.0,0.0,0.0
2022-01-14 05:01:42.502107,0.0,0.0,0.0
2022-01-14 05:01:43.010338,0.0,0.0,0.0
2022-01-14 05:01:43.507130,0.0,0.0,0.0
2022-01-14 05:01:44.005796,0.0,0.0,0.0
2022-01-14 05:01:44.511189,0.0,0.0,0.0
2022-01-14 05:01:45.009923,0.0,0.0,0.0
2022-01-14 05:01:45.502458,0.0,0.0,0.0
2022-01-14 05:01:46.001207,0.0,0.0,0.0
2022-01-14 05:01:46.506142,0.0,0.0,0.0
2022-01-14 05:01:47.004344,0.0,0.0,0.0
2022-01-14 05:01:47.510203,0.0,0.0,0.0
2022-01-14 05:01:48.009603,0.0,0.0,0.0
2022-01-14 05:01:48.509475,0.0,0.0,0.0
2022-01-14 05:01:49.007755,0.0,0.0,0.0
2022-01-14 05:01:49.501579,0.0,0.0,0.0
2022-01-14 05:01:50.009610,0.0,0.0,0.0
2022-01-14 05:01:50.505797,0.0,0.0,0.0
2022-01-14 05:01:51.005766,0.0,0.0,0.0
2022-01-14 05:01:51.510148,0.0,0.0,0.0
2022-01-14 05:01:52.007867,0.0,0.0,0.0
2022-01-14 05:01:52.504025,0.0,0.0,0.0
2022-01-14 05:01:53.001184,0.0,0.0,0.0
2022-01-14 05:01:53.506067,0.0,0.0,0.0
2022-01-14 05:01:54.004061,0.0,0.0,0.0
2022-01-14 05:01:54.508600,0.0,0.0,0.0
2022-01-14 05:01:55.006568,0.0,0.0,0.0
2022-01-14 05:01:56.005296,0.0,0.0,0.0
2022-01-14 05:01:56.501487,0.0,0.0,0.0
2022-01-14 05:01:57.009485,0.0,0.0,0.0
2022-01-14 05:01:57.505766,0.0,0.0,0.0
2022-01-14 05:01:58.003802,0.0,0.0,0.0
2022-01-14 05:01:58.509287,0.0,0.0,0.0
2022-01-14 05:01:59.006818,0.0,0.0,0.0
2022-01-14 05:01:59.511213,0.0,0.0,0.0
2022-01-14 05:02:00.008800,0.0,0.0,0.0
2022-01-14 05:02:00.503656,0.0,0.0,0.0
2022-01-14 05:02:01.002718,0.0,0.0,0.0
2022-01-14 05:02:01.504275,0.0,0.0,0.0
2022-01-14 05:02:02.001274,0.0,0.0,0.0
2022-01-14 05:02:02.507123,0.0,0.0,0.0
2022-01-14 05:02:03.005394,0.0,0.0,0.0
2022-01-14 05:02:03.511029,0.0,0.0,0.0
2022-01-14 05:02:04.009891,0.0,0.0,0.0
2022-01-14 05:02:04.506776,0.0,0.0,0.0
2022-01-14 05:02:05.004509,0.0,0.0,0.0
2022-01-14 05:02:05.501148,0.0,0.0,0.0
2022-01-14 05:02:06.008818,0.0,0.0,0.0
2022-01-14 05:02:06.505080,0.0,0.0,0.0
2022-01-14 05:02:07.002543,0.0,0.0,0.0
2022-01-14 05:02:07.507817,0.0,0.0,0.0
2022-01-14 05:02:08.005252,0.0,0.0,0.0
2022-01-14 05:02:08.501145,0.0,0.0,0.0
2022-01-14 05:02:09.009542,0.0,0.0,0.0
2022-01-14 05:02:09.504250,0.0,0.0,0.0
2022-01-14 05:02:10.004051,0.0,0.0,0.0
2022-01-14 05:02:10.507812,0.0,0.0,0.0
2022-01-14 05:02:11.005088,0.0,0.0,0.0
2022-01-14 05:02:11.501511,0.0,0.0,0.0
2022-01-14 05:02:12.009686,0.0,0.0,0.0
2022-01-14 05:02:12.504530,0.0,0.0,0.0
2022-01-14 05:02:13.001207,0.0,0.0,0.0
2022-01-14 05:02:13.505122,0.0,0.0,0.0
2022-01-14 05:02:14.004907,0.0,0.0,0.0
2022-01-14 05:02:14.510703,0.0,0.0,0.0
2022-01-14 05:02:15.008418,0.0,0.0,0.0
2022-01-14 05:02:15.502750,0.0,0.0,0.0
2022-01-14 05:02:16.010529,0.0,0.0,0.0
2022-01-14 05:02:16.505048,0.0,0.0,0.0
2022-01-14 05:02:17.004329,0.0,0.0,0.0
2022-01-14 05:02:17.507083,0.0,0.0,0.0
2022-01-14 05:02:18.005029,0.0,0.0,0.0
2022-01-14 05:02:18.502346,0.0,0.0,0.0
2022-01-14 05:02:19.009709,0.0,0.0,0.0
2022-01-14 05:02:19.503620,0.0,0.0,0.0
2022-01-14 05:02:20.001885,0.0,0.0,0.0
2022-01-14 05:02:20.509352,0.0,0.0,0.0
2022-01-14 05:02:21.006498,0.0,0.0,0.0
2022-01-14 05:02:21.501154,0.0,0.0,0.0
2022-01-14 05:02:22.008688,0.0,0.0,0.0
2022-01-14 05:02:22.502731,0.0,0.0,0.0
2022-01-14 05:02:23.011103,0.0,0.0,0.0
2022-01-14 05:02:23.507896,0.0,0.0,0.0
2022-01-14 05:02:24.005222,0.0,0.0,0.0
2022-01-14 05:02:24.510602,0.0,0.0,0.0
2022-01-14 05:02:25.009609,0.0,0.0,0.0
2022-01-14 05:02:25.502201,0.0,0.0,0.0
2022-01-14 05:02:26.001359,0.0,0.0,0.0
2022-01-14 05:02:26.506964,0.0,0.0,0.0
2022-01-14 05:02:27.006118,0.0,0.0,0.0
2022-01-14 05:02:27.501107,0.0,0.0,0.0
2022-01-14 05:02:28.010266,0.0,0.0,0.0
2022-01-14 05:02:28.506079,0.0,0.0,0.0
2022-01-14 05:02:29.003982,0.0,0.0,0.0
2022-01-14 05:02:29.508349,0.0,0.0,0.0
2022-01-14 05:02:30.007203,0.0,0.0,0.0
2022-01-14 05:02:30.502684,0.0,0.0,0.0
2022-01-14 05:02:31.002845,0.0,0.0,0.0
2022-01-14 05:02:31.506962,0.0,0.0,0.0
2022-01-14 05:02:32.005583,0.0,0.0,0.0
2022-01-14 05:02:32.501263,0.0,0.0,0.0
2022-01-14 05:02:33.009315,0.0,0.0,0.0
2022-01-14 05:02:33.503792,0.0,0.0,0.0
2022-01-14 05:02:34.505978,0.0,0.0,0.0
2022-01-14 05:02:35.003451,0.0,0.0,0.0
2022-01-14 05:02:35.507929,0.0,0.0,0.0
2022-01-14 05:02:36.007041,0.0,0.0,0.0
2022-01-14 05:02:36.503356,0.0,0.0,0.0
2022-01-14 05:02:37.001302,0.0,0.0,0.0
2022-01-14 05:02:37.505586,0.0,0.0,0.0
2022-01-14 05:02:38.003469,0.0,0.0,0.0
2022-01-14 05:02:38.508303,0.0,0.0,0.0
2022-01-14 05:02:39.005738,0.0,0.0,0.0
2022-01-14 05:02:40.005165,0.0,0.0,0.0
2022-01-14 05:02:40.509622,0.0,0.0,0.0
2022-01-14 05:02:41.006871,0.0,0.0,0.0
2022-01-14 05:02:41.501964,0.0,0.0,0.0
2022-01-14 05:02:42.001152,0.0,0.0,0.0
2022-01-14 05:02:42.506738,0.0,0.0,0.0
2022-01-14 05:02:43.006315,0.0,0.0,0.0
2022-01-14 05:02:43.501707,0.0,0.0,0.0
2022-01-14 05:02:44.010754,0.0,0.0,0.0
2022-01-14 05:02:44.506316,0.0,0.0,0.0
2022-01-14 05:02:45.002578,0.0,0.0,0.0
2022-01-14 05:02:45.507547,0.0,0.0,0.0
2022-01-14 05:02:46.006048,0.0,0.0,0.0
2022-01-14 05:02:46.510839,0.0,0.0,0.0
2022-01-14 05:02:47.008596,0.0,0.0,0.0
2022-01-14 05:02:47.502986,0.0,0.0,0.0
2022-01-14 05:02:48.001231,0.0,0.0,0.0
2022-01-14 05:02:48.506262,0.0,0.0,0.0
2022-01-14 05:02:49.003640,0.0,0.0,0.0
2022-01-14 05:02:49.509367,0.0,0.0,0.0
2022-01-14 05:02:50.008356,0.0,0.0,0.0
2022-01-14 05:02:50.505051,0.0,0.0,0.0
2022-01-14 05:02:51.004671,0.0,0.0,0.0
2022-01-14 05:02:51.510907,0.0,0.0,0.0
2022-01-14 05:02:52.008444,0.0,0.0,0.0
2022-01-14 05:02:52.503200,0.0,0.0,0.0
2022-01-14 05:02:53.001657,0.0,0.0,0.0
2022-01-14 05:02:53.507148,0.0,0.0,0.0
2022-01-14 05:02:54.007903,0.0,0.0,0.0
2022-01-14 05:02:54.506171,0.0,0.0,0.0
2022-01-14 05:02:55.006069,0.0,0.0,0.0
2022-01-14 05:02:55.501115,0.0,0.0,0.0
2022-01-14 05:02:56.008501,0.0,0.0,0.0
2022-01-14 05:02:56.502503,0.0,0.0,0.0
2022-01-14 05:02:57.001694,0.0,0.0,0.0
2022-01-14 05:02:57.507558,0.0,0.0,0.0
2022-01-14 05:02:58.004663,0.0,0.0,0.0
2022-01-14 05:02:58.510234,0.0,0.0,0.0
2022-01-14 05:02:59.010155,0.0,0.0,0.0
2022-01-14 05:02:59.506621,0.0,0.0,0.0
2022-01-14 05:03:00.005038,0.0,0.0,0.0
2022-01-14 05:03:00.510768,0.0,0.0,0.0
2022-01-14 05:03:01.010470,0.0,0.0,0.0
2022-01-14 05:03:01.504097,0.0,0.0,0.0
2022-01-14 05:03:02.001781,0.0,0.0,0.0
2022-01-14 05:03:02.509677,0.0,0.0,0.0
2022-01-14 05:03:03.009983,0.0,0.0,0.0
2022-01-14 05:03:03.505681,0.0,0.0,0.0
2022-01-14 05:03:04.003528,0.0,0.0,0.0
2022-01-14 05:03:04.509556,0.0,0.0,0.0
2022-01-14 05:03:05.007478,0.0,0.0,0.0
2022-01-14 05:03:05.502804,0.0,0.0,0.0
2022-01-14 05:03:06.002636,0.0,0.0,0.0
2022-01-14 05:03:06.508759,0.0,0.0,0.0
2022-01-14 05:03:07.007116,0.0,0.0,0.0
2022-01-14 05:03:07.501762,0.0,0.0,0.0
2022-01-14 05:03:08.010821,0.0,0.0,0.0
2022-01-14 05:03:08.506532,0.0,0.0,0.0
2022-01-14 05:03:09.005300,0.0,0.0,0.0
2022-01-14 05:03:09.509842,0.0,0.0,0.0
2022-01-14 05:03:10.009193,0.0,0.0,0.0
2022-01-14 05:03:10.503947,0.0,0.0,0.0
2022-01-14 05:03:11.001124,0.0,0.0,0.0
2022-01-14 05:03:11.508554,0.0,0.0,0.0
2022-01-14 05:03:12.006371,0.0,0.0,0.0
2022-01-14 05:03:12.502224,0.0,0.0,0.0
2022-01-14 05:03:13.010103,0.0,0.0,0.0
2022-01-14 05:03:13.504170,0.0,0.0,0.0
2022-01-14 05:03:14.002387,0.0,0.0,0.0
2022-01-14 05:03:14.507675,0.0,0.0,0.0
2022-01-14 05:03:15.004888,0.0,0.0,0.0
2022-01-14 05:03:15.508602,0.0,0.0,0.0
2022-01-14 05:03:16.007923,0.0,0.0,0.0
2022-01-14 05:03:16.502141,0.0,0.0,0.0
2022-01-14 05:03:17.009402,0.0,0.0,0.0
2022-01-14 05:03:17.504226,0.0,0.0,0.0
2022-01-14 05:03:18.001680,0.0,0.0,0.0
2022-01-14 05:03:18.506768,0.0,0.0,0.0
2022-01-14 05:03:19.005626,0.0,0.0,0.0
2022-01-14 05:03:20.005450,0.0,0.0,0.0
2022-01-14 05:03:20.501385,0.0,0.0,0.0
2022-01-14 05:03:21.010785,0.0,0.0,0.0
2022-01-14 05:03:21.506095,0.0,0.0,0.0
2022-01-14 05:03:22.005193,0.0,0.0,0.0
2022-01-14 05:03:22.510199,0.0,0.0,0.0
2022-01-14 05:03:23.008039,0.0,0.0,0.0
2022-01-14 05:03:23.503929,0.0,0.0,0.0
2022-01-14 05:03:24.505649,0.0,0.0,0.0
2022-01-14 05:03:25.005533,0.0,0.0,0.0
2022-01-14 05:03:25.502263,0.0,0.0,0.0
2022-01-14 05:03:26.003254,0.0,0.0,0.0
2022-01-14 05:03:26.509157,0.0,0.0,0.0
2022-01-14 05:03:27.009087,0.0,0.0,0.0
2022-01-14 05:03:27.502416,0.0,0.0,0.0
2022-01-14 05:03:28.001872,0.0,0.0,0.0
2022-01-14 05:03:28.507065,0.0,0.0,0.0
2022-01-14 05:03:29.006064,0.0,0.0,0.0
2022-01-14 05:03:29.501571,0.0,0.0,0.0
2022-01-14 05:03:30.010117,0.0,0.0,0.0
2022-01-14 05:03:30.507617,0.0,0.0,0.0
2022-01-14 05:03:31.005208,0.0,0.0,0.0
2022-01-14 05:03:31.509756,0.0,0.0,0.0
2022-01-14 05:03:32.006810,0.0,0.0,0.0
2022-01-14 05:03:32.502749,0.0,0.0,0.0
2022-01-14 05:03:33.002175,0.0,0.0,0.0
2022-01-14 05:03:33.508585,0.0,0.0,0.0
2022-01-14 05:03:34.006671,0.0,0.0,0.0
2022-01-14 05:03:34.501970,0.0,0.0,0.0
2022-01-14 05:03:35.009339,0.0,0.0,0.0
2022-01-14 05:03:35.502775,0.0,0.0,0.0
2022-01-14 05:03:36.002288,0.0,0.0,0.0
2022-01-14 05:03:36.508635,0.0,0.0,0.0
2022-01-14 05:03:37.006392,0.0,0.0,0.0
2022-01-14 05:03:37.501167,0.0,0.0,0.0
2022-01-14 05:03:38.008629,0.0,0.0,0.0
2022-01-14 05:03:38.504610,0.0,0.0,0.0
2022-01-14 05:03:39.003639,0.0,0.0,0.0
2022-01-14 05:03:39.509131,0.0,0.0,0.0
2022-01-14 05:03:40.006770,0.0,0.0,0.0
2022-01-14 05:03:40.501679,0.0,0.0,0.0
2022-01-14 05:03:41.008851,0.0,0.0,0.0
2022-01-14 05:03:41.505217,0.0,0.0,0.0
2022-01-14 05:03:42.003115,0.0,0.0,0.0
2022-01-14 05:03:42.509394,0.0,0.0,0.0
2022-01-14 05:03:43.009350,0.0,0.0,0.0
2022-01-14 05:03:43.507561,0.0,0.0,0.0
2022-01-14 05:03:44.005522,0.0,0.0,0.0
2022-01-14 05:03:44.501571,0.0,0.0,0.0
2022-01-14 05:03:45.009382,0.0,0.0,0.0
2022-01-14 05:03:45.505003,0.0,0.0,0.0
2022-01-14 05:03:46.003344,0.0,0.0,0.0
2022-01-14 05:03:46.509215,0.0,0.0,0.0
2022-01-14 05:03:47.007384,0.0,0.0,0.0
2022-01-14 05:03:47.503942,0.0,0.0,0.0
2022-01-14 05:03:48.001557,0.0,0.0,0.0
2022-01-14 05:03:48.506005,0.0,0.0,0.0
2022-01-14 05:03:49.003677,0.0,0.0,0.0
2022-01-14 05:03:49.508588,0.0,0.0,0.0
2022-01-14 05:03:50.006928,0.0,0.0,0.0
2022-01-14 05:03:50.502604,0.0,0.0,0.0
2022-01-14 05:03:51.002429,0.0,0.0,0.0
2022-01-14 05:03:51.507375,0.0,0.0,0.0
2022-01-14 05:03:52.004697,0.0,0.0,0.0
2022-01-14 05:03:52.501474,0.0,0.0,0.0
2022-01-14 05:03:53.010114,0.0,0.0,0.0
2022-01-14 05:03:53.508497,0.0,0.0,0.0
2022-01-14 05:03:54.007319,0.0,0.0,0.0
2022-01-14 05:03:54.501530,0.0,0.0,0.0
2022-01-14 05:03:55.003793,0.0,0.0,0.0
2022-01-14 05:03:55.509568,0.0,0.0,0.0
2022-01-14 05:03:56.009511,0.0,0.0,0.0
2022-01-14 05:03:56.505785,0.0,0.0,0.0
2022-01-14 05:03:57.004241,0.0,0.0,0.0
2022-01-14 05:03:57.510707,0.0,0.0,0.0
2022-01-14 05:03:58.008803,0.0,0.0,0.0
2022-01-14 05:03:58.502760,0.0,0.0,0.0
2022-01-14 05:03:59.505133,0.0,0.0,0.0
2022-01-14 05:04:00.003109,0.0,0.0,0.0
2022-01-14 05:04:00.507714,0.0,0.0,0.0
2022-01-14 05:04:01.007501,0.0,0.0,0.0
2022-01-14 05:04:01.503281,0.0,0.0,0.0
2022-01-14 05:04:02.001202,0.0,0.0,0.0
2022-01-14 05:04:02.506347,0.0,0.0,0.0
2022-01-14 05:04:03.006124,0.0,0.0,0.0
2022-01-14 05:04:03.503807,0.0,0.0,0.0
2022-01-14 05:04:04.002603,0.0,0.0,0.0
2022-01-14 05:04:04.507516,0.0,0.0,0.0
2022-01-14 05:04:05.005952,0.0,0.0,0.0
2022-01-14 05:04:05.502639,0.0,0.0,0.0
2022-01-14 05:04:06.001310,0.0,0.0,0.0
2022-01-14 05:04:06.505565,0.0,0.0,0.0
2022-01-14 05:04:07.004331,0.0,0.0,0.0
2022-01-14 05:04:07.509018,0.0,0.0,0.0
2022-01-14 05:04:08.007565,0.0,0.0,0.0
2022-01-14 05:04:08.502782,0.0,0.0,0.0
2022-01-14 05:04:09.004908,0.0,0.0,0.0
2022-01-14 05:04:09.509031,0.0,0.0,0.0
2022-01-14 05:04:10.007326,0.0,0.0,0.0
2022-01-14 05:04:10.502853,0.0,0.0,0.0
2022-01-14 05:04:11.001537,0.0,0.0,0.0
2022-01-14 05:04:11.507885,0.0,0.0,0.0
2022-01-14 05:04:12.006402,0.0,0.0,0.0
2022-01-14 05:04:12.502130,0.0,0.0,0.0
2022-01-14 05:04:13.011038,0.0,0.0,0.0
2022-01-14 05:04:13.506264,0.0,0.0,0.0
2022-01-14 05:04:14.003910,0.0,0.0,0.0
2022-01-14 05:04:14.502023,0.0,0.0,0.0
2022-01-14 05:04:15.010793,0.0,0.0,0.0
2022-01-14 05:04:15.504564,0.0,0.0,0.0
2022-01-14 05:04:16.002469,0.0,0.0,0.0
2022-01-14 05:04:16.508479,0.0,0.0,0.0
2022-01-14 05:04:17.006623,0.0,0.0,0.0
2022-01-14 05:04:17.502352,0.0,0.0,0.0
2022-01-14 05:04:18.010758,0.0,0.0,0.0
2022-01-14 05:04:18.505514,0.0,0.0,0.0
2022-01-14 05:04:19.005201,0.0,0.0,0.0
2022-01-14 05:04:19.509745,0.0,0.0,0.0
2022-01-14 05:04:20.007579,0.0,0.0,0.0
2022-01-14 05:04:20.502502,0.0,0.0,0.0
2022-01-14 05:04:21.001512,0.0,0.0,0.0
2022-01-14 05:04:21.506598,0.0,0.0,0.0
2022-01-14 05:04:22.005260,0.0,0.0,0.0
2022-01-14 05:04:22.509961,0.0,0.0,0.0
2022-01-14 05:04:23.008106,0.0,0.0,0.0
2022-01-14 05:04:23.507058,0.0,0.0,0.0
2022-01-14 05:04:24.006043,0.0,0.0,0.0
2022-01-14 05:04:24.501313,0.0,0.0,0.0
2022-01-14 05:04:25.010155,0.0,0.0,0.0
2022-01-14 05:04:25.505600,0.0,0.0,0.0
2022-01-14 05:04:26.003881,0.0,0.0,0.0
2022-01-14 05:04:26.510112,0.0,0.0,0.0
2022-01-14 05:04:27.008750,0.0,0.0,0.0
2022-01-14 05:04:27.503495,0.0,0.0,0.0
2022-01-14 05:04:28.003239,0.0,0.0,0.0
2022-01-14 05:04:28.509626,0.0,0.0,0.0
2022-01-14 05:04:29.007418,0.0,0.0,0.0
2022-01-14 05:04:29.502939,0.0,0.0,0.0
2022-01-14 05:04:30.010575,0.0,0.0,0.0
2022-01-14 05:04:30.505438,0.0,0.0,0.0
2022-01-14 05:04:31.002825,0.0,0.0,0.0
2022-01-14 05:04:31.507828,0.0,0.0,0.0
2022-01-14 05:04:32.006096,0.0,0.0,0.0
2022-01-14 05:04:32.501579,0.0,0.0,0.0
2022-01-14 05:04:33.011092,0.0,0.0,0.0
2022-01-14 05:04:33.507031,0.0,0.0,0.0
2022-01-14 05:04:34.005091,0.0,0.0,0.0
2022-01-14 05:04:34.502415,0.0,0.0,0.0
2022-01-14 05:04:35.009759,0.0,0.0,0.0
2022-01-14 05:04:35.503948,0.0,0.0,0.0
2022-01-14 05:04:36.002139,0.0,0.0,0.0
2022-01-14 05:04:36.507325,0.0,0.0,0.0
2022-01-14 05:04:37.006464,0.0,0.0,0.0
2022-01-14 05:04:37.501310,0.0,0.0,0.0
2022-01-14 05:04:38.010081,0.0,0.0,0.0
2022-01-14 05:04:38.505310,0.0,0.0,0.0
2022-01-14 05:04:39.003240,0.0,0.0,0.0
2022-01-14 05:04:39.509498,0.0,0.0,0.0
2022-01-14 05:04:40.006730,0.0,0.0,0.0
2022-01-14 05:04:40.501642,0.0,0.0,0.0
2022-01-14 05:04:41.010169,0.0,0.0,0.0
2022-01-14 05:04:41.508225,0.0,0.0,0.0
2022-01-14 05:04:42.006420,0.0,0.0,0.0
2022-01-14 05:04:42.503745,0.0,0.0,0.0
2022-01-14 05:04:43.001624,0.0,0.0,0.0
2022-01-14 05:04:43.507561,0.0,0.0,0.0
2022-01-14 05:04:44.004638,0.0,0.0,0.0
2022-01-14 05:04:44.509956,0.0,0.0,0.0
2022-01-14 05:04:45.008450,0.0,0.0,0.0
2022-01-14 05:04:45.503253,0.0,0.0,0.0
2022-01-14 05:04:46.002374,0.0,0.0,0.0
2022-01-14 05:04:46.506644,0.0,0.0,0.0
2022-01-14 05:04:47.005035,0.0,0.0,0.0
2022-01-14 05:04:47.511073,0.0,0.0,0.0
2022-01-14 05:04:48.002753,0.0,0.0,0.0
2022-01-14 05:04:48.508352,0.0,0.0,0.0
2022-01-14 05:04:49.003068,0.0,0.0,0.0
2022-01-14 05:04:49.508895,0.0,0.0,0.0
2022-01-14 05:04:50.008480,0.0,0.0,0.0
2022-01-14 05:04:50.505547,0.0,0.0,0.0
2022-01-14 05:04:51.003252,0.0,0.0,0.0
2022-01-14 05:04:51.509169,0.0,0.0,0.0
2022-01-14 05:04:52.007223,0.0,0.0,0.0
2022-01-14 05:04:52.502849,0.0,0.0,0.0
2022-01-14 05:04:53.002134,0.0,0.0,0.0
2022-01-14 05:04:53.507068,0.0,0.0,0.0
2022-01-14 05:04:54.005426,0.0,0.0,0.0
2022-01-14 05:04:54.501824,0.0,0.0,0.0
2022-01-14 05:04:55.010008,0.0,0.0,0.0
2022-01-14 05:04:55.504978,0.0,0.0,0.0
2022-01-14 05:04:56.002666,0.0,0.0,0.0
2022-01-14 05:04:56.508556,0.0,0.0,0.0
2022-01-14 05:04:57.006535,0.0,0.0,0.0
2022-01-14 05:04:57.501359,0.0,0.0,0.0
2022-01-14 05:04:58.008358,0.0,0.0,0.0
2022-01-14 05:04:58.502976,0.0,0.0,0.0
2022-01-14 05:04:59.002153,0.0,0.0,0.0
2022-01-14 05:04:59.507587,0.0,0.0,0.0
2022-01-14 05:05:00.004137,0.0,0.0,0.0
2022-01-14 05:05:00.508629,0.0,0.0,0.0
2022-01-14 05:05:01.008480,0.0,0.0,0.0
2022-01-14 05:05:01.503766,0.0,0.0,0.0
2022-01-14 05:05:02.001628,0.0,0.0,0.0
2022-01-14 05:05:02.507130,0.0,0.0,0.0
2022-01-14 05:05:03.007790,0.0,0.0,0.0
2022-01-14 05:05:03.503271,0.0,0.0,0.0
2022-01-14 05:05:04.001345,0.0,0.0,0.0
2022-01-14 05:05:04.506322,0.0,0.0,0.0
2022-01-14 05:05:05.005218,0.0,0.0,0.0
2022-01-14 05:05:05.510108,0.0,0.0,0.0
2022-01-14 05:05:06.007996,0.0,0.0,0.0
2022-01-14 05:05:06.504738,0.0,0.0,0.0
2022-01-14 05:05:07.002846,0.0,0.0,0.0
2022-01-14 05:05:07.509858,0.0,0.0,0.0
2022-01-14 05:05:08.009942,0.0,0.0,0.0
2022-01-14 05:05:08.504323,0.0,0.0,0.0
2022-01-14 05:05:09.001137,0.0,0.0,0.0
2022-01-14 05:05:09.506127,0.0,0.0,0.0
2022-01-14 05:05:10.005025,0.0,0.0,0.0
2022-01-14 05:05:10.509896,0.0,0.0,0.0
2022-01-14 05:05:11.008273,0.0,0.0,0.0
2022-01-14 05:05:11.503953,0.0,0.0,0.0
2022-01-14 05:05:12.002935,0.0,0.0,0.0
2022-01-14 05:05:12.508533,0.0,0.0,0.0
2022-01-14 05:05:13.006068,0.0,0.0,0.0
2022-01-14 05:05:13.510977,0.0,0.0,0.0
2022-01-14 05:05:14.009057,0.0,0.0,0.0
2022-01-14 05:05:14.502872,0.0,0.0,0.0
2022-01-14 05:05:15.002584,0.0,0.0,0.0
2022-01-14 05:05:15.507541,0.0,0.0,0.0
2022-01-14 05:05:16.005950,0.0,0.0,0.0
2022-01-14 05:05:16.504882,0.0,0.0,0.0
2022-01-14 05:05:17.001253,0.0,0.0,0.0
2022-01-14 05:05:17.507234,0.0,0.0,0.0
2022-01-14 05:05:18.005664,0.0,0.0,0.0
2022-01-14 05:05:18.501677,0.0,0.0,0.0
2022-01-14 05:05:19.009949,0.0,0.0,0.0
2022-01-14 05:05:19.505573,0.0,0.0,0.0
2022-01-14 05:05:20.003688,0.0,0.0,0.0
2022-01-14 05:05:20.508306,0.0,0.0,0.0
2022-01-14 05:05:21.009139,0.0,0.0,0.0
2022-01-14 05:05:21.505901,0.0,0.0,0.0
2022-01-14 05:05:22.004524,0.0,0.0,0.0
2022-01-14 05:05:22.508821,0.0,0.0,0.0
2022-01-14 05:05:23.001012,0.0,0.0,0.0
2022-01-14 05:05:23.505414,0.0,0.0,0.0
2022-01-14 05:05:24.002206,0.0,0.0,0.0
2022-01-14 05:05:24.508518,0.0,0.0,0.0
2022-01-14 05:05:25.006907,0.0,0.0,0.0
2022-01-14 05:05:25.502562,0.0,0.0,0.0
2022-01-14 05:05:26.002136,0.0,0.0,0.0
2022-01-14 05:05:26.507043,0.0,0.0,0.0
2022-01-14 05:05:27.005132,0.0,0.0,0.0
2022-01-14 05:05:27.501681,0.0,0.0,0.0
2022-01-14 05:05:28.009796,0.0,0.0,0.0
2022-01-14 05:05:28.503981,0.0,0.0,0.0
2022-01-14 05:05:29.001544,0.0,0.0,0.0
2022-01-14 05:05:29.507906,0.0,0.0,0.0
2022-01-14 05:05:30.005142,0.0,0.0,0.0
2022-01-14 05:05:30.501153,0.0,0.0,0.0
2022-01-14 05:05:31.009643,0.0,0.0,0.0
2022-01-14 05:05:31.504725,0.0,0.0,0.0
2022-01-14 05:05:32.002084,0.0,0.0,0.0
2022-01-14 05:05:32.507379,0.0,0.0,0.0
2022-01-14 05:05:33.005507,0.0,0.0,0.0
2022-01-14 05:05:33.501170,0.0,0.0,0.0
2022-01-14 05:05:34.009285,0.0,0.0,0.0
2022-01-14 05:05:34.505084,0.0,0.0,0.0
2022-01-14 05:05:35.003301,0.0,0.0,0.0
2022-01-14 05:05:35.509514,0.0,0.0,0.0
2022-01-14 05:05:36.006862,0.0,0.0,0.0
2022-01-14 05:05:36.501930,0.0,0.0,0.0
2022-01-14 05:05:37.010557,0.0,0.0,0.0
2022-01-14 05:05:37.504427,0.0,0.0,0.0
2022-01-14 05:05:38.001825,0.0,0.0,0.0
2022-01-14 05:05:38.506753,0.0,0.0,0.0
2022-01-14 05:05:39.008353,0.0,0.0,0.0
2022-01-14 05:05:39.503177,0.0,0.0,0.0
2022-01-14 05:05:40.001225,0.0,0.0,0.0
2022-01-14 05:05:40.506335,0.0,0.0,0.0
2022-01-14 05:05:41.004606,0.0,0.0,0.0
2022-01-14 05:05:41.509911,0.0,0.0,0.0
2022-01-14 05:05:42.008580,0.0,0.0,0.0
2022-01-14 05:05:42.503951,0.0,0.0,0.0
2022-01-14 05:05:43.003036,0.0,0.0,0.0
2022-01-14 05:05:43.510775,0.0,0.0,0.0
2022-01-14 05:05:44.009277,0.0,0.0,0.0
2022-01-14 05:05:44.503469,0.0,0.0,0.0
2022-01-14 05:05:45.001916,0.0,0.0,0.0
2022-01-14 05:05:45.507562,0.0,0.0,0.0
2022-01-14 05:05:46.005973,0.0,0.0,0.0
2022-01-14 05:05:46.501241,0.0,0.0,0.0
2022-01-14 05:05:47.010123,0.0,0.0,0.0
2022-01-14 05:05:47.504920,0.0,0.0,0.0
2022-01-14 05:05:48.004482,0.0,0.0,0.0
2022-01-14 05:05:48.509526,0.0,0.0,0.0
2022-01-14 05:05:49.006811,0.0,0.0,0.0
2022-01-14 05:05:49.502512,0.0,0.0,0.0
2022-01-14 05:05:50.009827,0.0,0.0,0.0
2022-01-14 05:05:50.506110,0.0,0.0,0.0
2022-01-14 05:05:51.007065,0.0,0.0,0.0
2022-01-14 05:05:51.501546,0.0,0.0,0.0
2022-01-14 05:05:52.009170,0.0,0.0,0.0
2022-01-14 05:05:52.505898,0.0,0.0,0.0
2022-01-14 05:05:53.003187,0.0,0.0,0.0
2022-01-14 05:05:53.509284,0.0,0.0,0.0
2022-01-14 05:05:54.007375,0.0,0.0,0.0
2022-01-14 05:05:54.503366,0.0,0.0,0.0
2022-01-14 05:05:55.001149,0.0,0.0,0.0
2022-01-14 05:05:55.506752,0.0,0.0,0.0
2022-01-14 05:05:56.004115,0.0,0.0,0.0
2022-01-14 05:05:56.510705,0.0,0.0,0.0
2022-01-14 05:05:57.008694,0.0,0.0,0.0
2022-01-14 05:05:57.503833,0.0,0.0,0.0
2022-01-14 05:05:58.002174,0.0,0.0,0.0
2022-01-14 05:05:58.506461,0.0,0.0,0.0
2022-01-14 05:05:59.004554,0.0,0.0,0.0
2022-01-14 05:05:59.510893,0.0,0.0,0.0
2022-01-14 05:06:00.009306,0.0,0.0,0.0
2022-01-14 05:06:00.505592,0.0,0.0,0.0
2022-01-14 05:06:01.003527,0.0,0.0,0.0
2022-01-14 05:06:01.509353,0.0,0.0,0.0
2022-01-14 05:06:02.007904,0.0,0.0,0.0
2022-01-14 05:06:02.502856,0.0,0.0,0.0
2022-01-14 05:06:03.011221,0.0,0.0,0.0
2022-01-14 05:06:03.506655,0.0,0.0,0.0
2022-01-14 05:06:04.004864,0.0,0.0,0.0
2022-01-14 05:06:04.509773,0.0,0.0,0.0
2022-01-14 05:06:05.008837,0.0,0.0,0.0
2022-01-14 05:06:05.505222,0.0,0.0,0.0
2022-01-14 05:06:06.003307,0.0,0.0,0.0
2022-01-14 05:06:06.507919,0.0,0.0,0.0
2022-01-14 05:06:07.005086,0.0,0.0,0.0
2022-01-14 05:06:07.509801,0.0,0.0,0.0
2022-01-14 05:06:08.008734,0.0,0.0,0.0
2022-01-14 05:06:08.501952,0.0,0.0,0.0
2022-01-14 05:06:09.002187,0.0,0.0,0.0
2022-01-14 05:06:09.501917,0.0,0.0,0.0
2022-01-14 05:06:10.010107,0.0,0.0,0.0
2022-01-14 05:06:10.504968,0.0,0.0,0.0
2022-01-14 05:06:11.003910,0.0,0.0,0.0
2022-01-14 05:06:11.508862,0.0,0.0,0.0
2022-01-14 05:06:12.006917,0.0,0.0,0.0
2022-01-14 05:06:12.501308,0.0,0.0,0.0
2022-01-14 05:06:13.009072,0.0,0.0,0.0
2022-01-14 05:06:13.504905,0.0,0.0,0.0
2022-01-14 05:06:14.004341,0.0,0.0,0.0
2022-01-14 05:06:14.509200,0.0,0.0,0.0
2022-01-14 05:06:15.007376,0.0,0.0,0.0
2022-01-14 05:06:15.502666,0.0,0.0,0.0
2022-01-14 05:06:16.001249,0.0,0.0,0.0
2022-01-14 05:06:16.505610,0.0,0.0,0.0
2022-01-14 05:06:17.002729,0.0,0.0,0.0
2022-01-14 05:06:17.507147,0.0,0.0,0.0
2022-01-14 05:06:18.005486,0.0,0.0,0.0
2022-01-14 05:06:18.501576,0.0,0.0,0.0
2022-01-14 05:06:19.010949,0.0,0.0,0.0
2022-01-14 05:06:19.504833,0.0,0.0,0.0
2022-01-14 05:06:20.002791,0.0,0.0,0.0
2022-01-14 05:06:20.507688,0.0,0.0,0.0
2022-01-14 05:06:21.005245,0.0,0.0,0.0
2022-01-14 05:06:21.509904,0.0,0.0,0.0
2022-01-14 05:06:22.009249,0.0,0.0,0.0
2022-01-14 05:06:22.505595,0.0,0.0,0.0
2022-01-14 05:06:23.003929,0.0,0.0,0.0
2022-01-14 05:06:23.507312,0.0,0.0,0.0
2022-01-14 05:06:24.004628,0.0,0.0,0.0
2022-01-14 05:06:24.510286,0.0,0.0,0.0
2022-01-14 05:06:25.001579,0.0,0.0,0.0
2022-01-14 05:06:25.505591,0.0,0.0,0.0
2022-01-14 05:06:26.003822,0.0,0.0,0.0
2022-01-14 05:06:26.509301,0.0,0.0,0.0
2022-01-14 05:06:27.007029,0.0,0.0,0.0
2022-01-14 05:06:27.503468,0.0,0.0,0.0
2022-01-14 05:06:28.002936,0.0,0.0,0.0
2022-01-14 05:06:28.507905,0.0,0.0,0.0
2022-01-14 05:06:29.005966,0.0,0.0,0.0
2022-01-14 05:06:29.510808,0.0,0.0,0.0
2022-01-14 05:06:30.008661,0.0,0.0,0.0
2022-01-14 05:06:30.503962,0.0,0.0,0.0
2022-01-14 05:06:31.001326,0.0,0.0,0.0
2022-01-14 05:06:31.505552,0.0,0.0,0.0
2022-01-14 05:06:32.004268,0.0,0.0,0.0
2022-01-14 05:06:32.510320,0.0,0.0,0.0
2022-01-14 05:06:33.008644,0.0,0.0,0.0
2022-01-14 05:06:33.502751,0.0,0.0,0.0
2022-01-14 05:06:34.002452,0.0,0.0,0.0
2022-01-14 05:06:34.509316,0.0,0.0,0.0
2022-01-14 05:06:35.008029,0.0,0.0,0.0
2022-01-14 05:06:35.502716,0.0,0.0,0.0
2022-01-14 05:06:36.009800,0.0,0.0,0.0
2022-01-14 05:06:36.505556,0.0,0.0,0.0
2022-01-14 05:06:37.003198,0.0,0.0,0.0
2022-01-14 05:06:37.509185,0.0,0.0,0.0
2022-01-14 05:06:38.008477,0.0,0.0,0.0
2022-01-14 05:06:38.503854,0.0,0.0,0.0
2022-01-14 05:06:39.002785,0.0,0.0,0.0
2022-01-14 05:06:39.508137,0.0,0.0,0.0
2022-01-14 05:06:40.006774,0.0,0.0,0.0
2022-01-14 05:06:40.502801,0.0,0.0,0.0
2022-01-14 05:06:41.003994,0.0,0.0,0.0
2022-01-14 05:06:41.509171,0.0,0.0,0.0
2022-01-14 05:06:42.007488,0.0,0.0,0.0
2022-01-14 05:06:42.502412,0.0,0.0,0.0
2022-01-14 05:06:43.010659,0.0,0.0,0.0
2022-01-14 05:06:43.505760,0.0,0.0,0.0
2022-01-14 05:06:44.002875,0.0,0.0,0.0
2022-01-14 05:06:44.507761,0.0,0.0,0.0
2022-01-14 05:06:45.005765,0.0,0.0,0.0
2022-01-14 05:06:45.501582,0.0,0.0,0.0
2022-01-14 05:06:46.008537,0.0,0.0,0.0
2022-01-14 05:06:46.502139,0.0,0.0,0.0
2022-01-14 05:06:47.001290,0.0,0.0,0.0
2022-01-14 05:06:47.501273,0.0,0.0,0.0
2022-01-14 05:06:48.008686,0.0,0.0,0.0
2022-01-14 05:06:48.503664,0.0,0.0,0.0
2022-01-14 05:06:49.003054,0.0,0.0,0.0
2022-01-14 05:06:49.507641,0.0,0.0,0.0
2022-01-14 05:06:50.006038,0.0,0.0,0.0
2022-01-14 05:06:50.502470,0.0,0.0,0.0
2022-01-14 05:06:51.002663,0.0,0.0,0.0
2022-01-14 05:06:51.507674,0.0,0.0,0.0
2022-01-14 05:06:52.005188,0.0,0.0,0.0
2022-01-14 05:06:52.510150,0.0,0.0,0.0
2022-01-14 05:06:53.007859,0.0,0.0,0.0
2022-01-14 05:06:53.504465,0.0,0.0,0.0
2022-01-14 05:06:54.002606,0.0,0.0,0.0
2022-01-14 05:06:54.509060,0.0,0.0,0.0
2022-01-14 05:06:55.006227,0.0,0.0,0.0
2022-01-14 05:06:55.510451,0.0,0.0,0.0
2022-01-14 05:06:56.008667,0.0,0.0,0.0
2022-01-14 05:06:56.504349,0.0,0.0,0.0
2022-01-14 05:06:57.003212,0.0,0.0,0.0
2022-01-14 05:06:57.508346,0.0,0.0,0.0
2022-01-14 05:06:58.005905,0.0,0.0,0.0
2022-01-14 05:06:58.501389,0.0,0.0,0.0
2022-01-14 05:06:59.009311,0.0,0.0,0.0
2022-01-14 05:06:59.504823,0.0,0.0,0.0
2022-01-14 05:07:00.002468,0.0,0.0,0.0
2022-01-14 05:07:00.504657,0.0,0.0,0.0
2022-01-14 05:07:01.001545,0.0,0.0,0.0
2022-01-14 05:07:01.506998,0.0,0.0,0.0
2022-01-14 05:07:02.005689,0.0,0.0,0.0
2022-01-14 05:07:02.502205,0.0,0.0,0.0
2022-01-14 05:07:03.001854,0.0,0.0,0.0
2022-01-14 05:07:03.506991,0.0,0.0,0.0
2022-01-14 05:07:04.006132,0.0,0.0,0.0
2022-01-14 05:07:04.501143,0.0,0.0,0.0
2022-01-14 05:07:05.007818,0.0,0.0,0.0
2022-01-14 05:07:05.503043,0.0,0.0,0.0
2022-01-14 05:07:06.001339,0.0,0.0,0.0
2022-01-14 05:07:06.507818,0.0,0.0,0.0
2022-01-14 05:07:07.006647,0.0,0.0,0.0
2022-01-14 05:07:07.504209,0.0,0.0,0.0
2022-01-14 05:07:08.002974,0.0,0.0,0.0
2022-01-14 05:07:08.508160,0.0,0.0,0.0
2022-01-14 05:07:09.004891,0.0,0.0,0.0
2022-01-14 05:07:09.511039,0.0,0.0,0.0
2022-01-14 05:07:10.008135,0.0,0.0,0.0
2022-01-14 05:07:10.501882,0.0,0.0,0.0
2022-01-14 05:07:11.010398,0.0,0.0,0.0
2022-01-14 05:07:11.505565,0.0,0.0,0.0
2022-01-14 05:07:12.005354,0.0,0.0,0.0
2022-01-14 05:07:12.510173,0.0,0.0,0.0
2022-01-14 05:07:13.009596,0.0,0.0,0.0
2022-01-14 05:07:13.503407,0.0,0.0,0.0
2022-01-14 05:07:14.001734,0.0,0.0,0.0
2022-01-14 05:07:14.506562,0.0,0.0,0.0
2022-01-14 05:07:15.004756,0.0,0.0,0.0
2022-01-14 05:07:15.509479,0.0,0.0,0.0
2022-01-14 05:07:16.006107,0.0,0.0,0.0
2022-01-14 05:07:16.503274,0.0,0.0,0.0
2022-01-14 05:07:17.002151,0.0,0.0,0.0
2022-01-14 05:07:17.507825,0.0,0.0,0.0
2022-01-14 05:07:18.005363,0.0,0.0,0.0
2022-01-14 05:07:18.501332,0.0,0.0,0.0
2022-01-14 05:07:19.009685,0.0,0.0,0.0
2022-01-14 05:07:19.502159,0.0,0.0,0.0
2022-01-14 05:07:20.010998,0.0,0.0,0.0
2022-01-14 05:07:20.507053,0.0,0.0,0.0
2022-01-14 05:07:21.005545,0.0,0.0,0.0
2022-01-14 05:07:21.510157,0.0,0.0,0.0
2022-01-14 05:07:22.008926,0.0,0.0,0.0
2022-01-14 05:07:22.505245,0.0,0.0,0.0
2022-01-14 05:07:23.002329,0.0,0.0,0.0
2022-01-14 05:07:23.507833,0.0,0.0,0.0
2022-01-14 05:07:24.005533,0.0,0.0,0.0
2022-01-14 05:07:24.503734,0.0,0.0,0.0
2022-01-14 05:07:25.002717,0.0,0.0,0.0
2022-01-14 05:07:25.507347,0.0,0.0,0.0
2022-01-14 05:07:26.006557,0.0,0.0,0.0
2022-01-14 05:07:26.501427,0.0,0.0,0.0
2022-01-14 05:07:27.010286,0.0,0.0,0.0
2022-01-14 05:07:27.505054,0.0,0.0,0.0
2022-01-14 05:07:28.002170,0.0,0.0,0.0
2022-01-14 05:07:28.507198,0.0,0.0,0.0
2022-01-14 05:07:29.005552,0.0,0.0,0.0
2022-01-14 05:07:29.501984,0.0,0.0,0.0
2022-01-14 05:07:30.010045,0.0,0.0,0.0
2022-01-14 05:07:30.504729,0.0,0.0,0.0
2022-01-14 05:07:31.002902,0.0,0.0,0.0
2022-01-14 05:07:31.507962,0.0,0.0,0.0
2022-01-14 05:07:32.006044,0.0,0.0,0.0
2022-01-14 05:07:32.501581,0.0,0.0,0.0
2022-01-14 05:07:33.010894,0.0,0.0,0.0
2022-01-14 05:07:33.507442,0.0,0.0,0.0
2022-01-14 05:07:34.006919,0.0,0.0,0.0
2022-01-14 05:07:34.502212,0.0,0.0,0.0
2022-01-14 05:07:35.001214,0.0,0.0,0.0
2022-01-14 05:07:35.506488,0.0,0.0,0.0
2022-01-14 05:07:36.003632,0.0,0.0,0.0
2022-01-14 05:07:36.508188,0.0,0.0,0.0
2022-01-14 05:07:37.006263,0.0,0.0,0.0
2022-01-14 05:07:37.501658,0.0,0.0,0.0
2022-01-14 05:07:38.001283,0.0,0.0,0.0
2022-01-14 05:07:38.505941,0.0,0.0,0.0
2022-01-14 05:07:39.004022,0.0,0.0,0.0
2022-01-14 05:07:39.510007,0.0,0.0,0.0
2022-01-14 05:07:40.008530,0.0,0.0,0.0
2022-01-14 05:07:40.503541,0.0,0.0,0.0
2022-01-14 05:07:41.001455,0.0,0.0,0.0
2022-01-14 05:07:41.507000,0.0,0.0,0.0
2022-01-14 05:07:42.005384,0.0,0.0,0.0
2022-01-14 05:07:42.503846,0.0,0.0,0.0
2022-01-14 05:07:43.002234,0.0,0.0,0.0
2022-01-14 05:07:43.506529,0.0,0.0,0.0
2022-01-14 05:07:44.004950,0.0,0.0,0.0
2022-01-14 05:07:44.510334,0.0,0.0,0.0
2022-01-14 05:07:45.008651,0.0,0.0,0.0
2022-01-14 05:07:45.503923,0.0,0.0,0.0
2022-01-14 05:07:46.002690,0.0,0.0,0.0
2022-01-14 05:07:46.509898,0.0,0.0,0.0
2022-01-14 05:07:47.007273,0.0,0.0,0.0
2022-01-14 05:07:47.502146,0.0,0.0,0.0
2022-01-14 05:07:48.001480,0.0,0.0,0.0
2022-01-14 05:07:48.506764,0.0,0.0,0.0
2022-01-14 05:07:49.005147,0.0,0.0,0.0
2022-01-14 05:07:49.510043,0.0,0.0,0.0
2022-01-14 05:07:50.007428,0.0,0.0,0.0
2022-01-14 05:07:50.501775,0.0,0.0,0.0
2022-01-14 05:07:51.002202,0.0,0.0,0.0
2022-01-14 05:07:51.506812,0.0,0.0,0.0
2022-01-14 05:07:52.003259,0.0,0.0,0.0
2022-01-14 05:07:52.508756,0.0,0.0,0.0
2022-01-14 05:07:53.006243,0.0,0.0,0.0
2022-01-14 05:07:53.509043,0.0,0.0,0.0
2022-01-14 05:07:54.007809,0.0,0.0,0.0
2022-01-14 05:07:54.502816,0.0,0.0,0.0
2022-01-14 05:07:55.002606,0.0,0.0,0.0
2022-01-14 05:07:55.509348,0.0,0.0,0.0
2022-01-14 05:07:56.008649,0.0,0.0,0.0
2022-01-14 05:07:56.503378,0.0,0.0,0.0
2022-01-14 05:07:57.001201,0.0,0.0,0.0
2022-01-14 05:07:57.508422,0.0,0.0,0.0
2022-01-14 05:07:58.006350,0.0,0.0,0.0
2022-01-14 05:07:58.501597,0.0,0.0,0.0
2022-01-14 05:07:59.010072,0.0,0.0,0.0
2022-01-14 05:07:59.503712,0.0,0.0,0.0
2022-01-14 05:08:00.003408,0.0,0.0,0.0
2022-01-14 05:08:00.508085,0.0,0.0,0.0
2022-01-14 05:08:01.006741,0.0,0.0,0.0
2022-01-14 05:08:01.511175,0.0,0.0,0.0
2022-01-14 05:08:02.009314,0.0,0.0,0.0
2022-01-14 05:08:02.505156,0.0,0.0,0.0
2022-01-14 05:08:03.002829,0.0,0.0,0.0
2022-01-14 05:08:03.507750,0.0,0.0,0.0
2022-01-14 05:08:04.006525,0.0,0.0,0.0
2022-01-14 05:08:04.502505,0.0,0.0,0.0
2022-01-14 05:08:05.010933,0.0,0.0,0.0
2022-01-14 05:08:05.504678,0.0,0.0,0.0
2022-01-14 05:08:06.002345,0.0,0.0,0.0
2022-01-14 05:08:06.505947,0.0,0.0,0.0
2022-01-14 05:08:07.003608,0.0,0.0,0.0
2022-01-14 05:08:07.510625,0.0,0.0,0.0
2022-01-14 05:08:08.008810,0.0,0.0,0.0
2022-01-14 05:08:08.505102,0.0,0.0,0.0
2022-01-14 05:08:09.002163,0.0,0.0,0.0
2022-01-14 05:08:09.507553,0.0,0.0,0.0
2022-01-14 05:08:10.005917,0.0,0.0,0.0
2022-01-14 05:08:10.510627,0.0,0.0,0.0
2022-01-14 05:08:11.008017,0.0,0.0,0.0
2022-01-14 05:08:11.502603,0.0,0.0,0.0
2022-01-14 05:08:12.002062,0.0,0.0,0.0
2022-01-14 05:08:12.506901,0.0,0.0,0.0
2022-01-14 05:08:13.006216,0.0,0.0,0.0
2022-01-14 05:08:13.502893,0.0,0.0,0.0
2022-01-14 05:08:14.001132,0.0,0.0,0.0
2022-01-14 05:08:14.505408,0.0,0.0,0.0
2022-01-14 05:08:15.002581,0.0,0.0,0.0
2022-01-14 05:08:15.508482,0.0,0.0,0.0
2022-01-14 05:08:16.005236,0.0,0.0,0.0
2022-01-14 05:08:16.509931,0.0,0.0,0.0
2022-01-14 05:08:17.007686,0.0,0.0,0.0
2022-01-14 05:08:17.504250,0.0,0.0,0.0
2022-01-14 05:08:18.002576,0.0,0.0,0.0
2022-01-14 05:08:18.506197,0.0,0.0,0.0
2022-01-14 05:08:19.003949,0.0,0.0,0.0
2022-01-14 05:08:19.508889,0.0,0.0,0.0
2022-01-14 05:08:20.007149,0.0,0.0,0.0
2022-01-14 05:08:20.502071,0.0,0.0,0.0
2022-01-14 05:08:21.010592,0.0,0.0,0.0
2022-01-14 05:08:21.505447,0.0,0.0,0.0
2022-01-14 05:08:22.004503,0.0,0.0,0.0
2022-01-14 05:08:22.501378,0.0,0.0,0.0
2022-01-14 05:08:23.009822,0.0,0.0,0.0
2022-01-14 05:08:23.505423,0.0,0.0,0.0
2022-01-14 05:08:24.008249,0.0,0.0,0.0
2022-01-14 05:08:24.503935,0.0,0.0,0.0
2022-01-14 05:08:25.002514,0.0,0.0,0.0
2022-01-14 05:08:25.508436,0.0,0.0,0.0
2022-01-14 05:08:26.006794,0.0,0.0,0.0
2022-01-14 05:08:26.503014,0.0,0.0,0.0
2022-01-14 05:08:27.001904,0.0,0.0,0.0
2022-01-14 05:08:27.508453,0.0,0.0,0.0
2022-01-14 05:08:28.006452,0.0,0.0,0.0
2022-01-14 05:08:28.502218,0.0,0.0,0.0
2022-01-14 05:08:29.010849,0.0,0.0,0.0
2022-01-14 05:08:29.505037,0.0,0.0,0.0
2022-01-14 05:08:30.003562,0.0,0.0,0.0
2022-01-14 05:08:30.508854,0.0,0.0,0.0
2022-01-14 05:08:31.009475,0.0,0.0,0.0
2022-01-14 05:08:31.505458,0.0,0.0,0.0
2022-01-14 05:08:32.003389,0.0,0.0,0.0
2022-01-14 05:08:32.508961,0.0,0.0,0.0
2022-01-14 05:08:33.007847,0.0,0.0,0.0
2022-01-14 05:08:33.503476,0.0,0.0,0.0
2022-01-14 05:08:34.002260,0.0,0.0,0.0
2022-01-14 05:08:34.508272,0.0,0.0,0.0
2022-01-14 05:08:35.006478,0.0,0.0,0.0
2022-01-14 05:08:35.503850,0.0,0.0,0.0
2022-01-14 05:08:36.001613,0.0,0.0,0.0
2022-01-14 05:08:36.506929,0.0,0.0,0.0
2022-01-14 05:08:37.005109,0.0,0.0,0.0
2022-01-14 05:08:38.005078,0.0,0.0,0.0
2022-01-14 05:08:38.510440,0.0,0.0,0.0
2022-01-14 05:08:39.009181,0.0,0.0,0.0
2022-01-14 05:08:39.504215,0.0,0.0,0.0
2022-01-14 05:08:40.002649,0.0,0.0,0.0
2022-01-14 05:08:40.510054,0.0,0.0,0.0
2022-01-14 05:08:41.009102,0.0,0.0,0.0
2022-01-14 05:08:41.503179,0.0,0.0,0.0
2022-01-14 05:08:42.011158,0.0,0.0,0.0
2022-01-14 05:08:42.506058,0.0,0.0,0.0
2022-01-14 05:08:43.005852,0.0,0.0,0.0
2022-01-14 05:08:43.511169,0.0,0.0,0.0
2022-01-14 05:08:44.009464,0.0,0.0,0.0
2022-01-14 05:08:44.507689,0.0,0.0,0.0
2022-01-14 05:08:45.006058,0.0,0.0,0.0
2022-01-14 05:08:45.511021,0.0,0.0,0.0
2022-01-14 05:08:46.009063,0.0,0.0,0.0
2022-01-14 05:08:46.503802,0.0,0.0,0.0
2022-01-14 05:08:47.001591,0.0,0.0,0.0
2022-01-14 05:08:47.506536,0.0,0.0,0.0
2022-01-14 05:08:48.004710,0.0,0.0,0.0
2022-01-14 05:08:48.510263,0.0,0.0,0.0
2022-01-14 05:08:49.008477,0.0,0.0,0.0
2022-01-14 05:08:49.504269,0.0,0.0,0.0
2022-01-14 05:08:50.003783,0.0,0.0,0.0
2022-01-14 05:08:50.508202,0.0,0.0,0.0
2022-01-14 05:08:51.007982,0.0,0.0,0.0
2022-01-14 05:08:51.501295,0.0,0.0,0.0
2022-01-14 05:08:52.009619,0.0,0.0,0.0
2022-01-14 05:08:52.504595,0.0,0.0,0.0
2022-01-14 05:08:53.002035,0.0,0.0,0.0
2022-01-14 05:08:53.508082,0.0,0.0,0.0
2022-01-14 05:08:54.005867,0.0,0.0,0.0
2022-01-14 05:08:54.504020,0.0,0.0,0.0
2022-01-14 05:08:55.001149,0.0,0.0,0.0
2022-01-14 05:08:55.506513,0.0,0.0,0.0
2022-01-14 05:08:56.005109,0.0,0.0,0.0
2022-01-14 05:08:56.510404,0.0,0.0,0.0
2022-01-14 05:08:57.008905,0.0,0.0,0.0
2022-01-14 05:08:57.504604,0.0,0.0,0.0
2022-01-14 05:08:58.002724,0.0,0.0,0.0
2022-01-14 05:08:58.510015,0.0,0.0,0.0
2022-01-14 05:08:59.010092,0.0,0.0,0.0
2022-01-14 05:08:59.504502,0.0,0.0,0.0
2022-01-14 05:09:00.002466,0.0,0.0,0.0
2022-01-14 05:09:00.506852,0.0,0.0,0.0
2022-01-14 05:09:01.007915,0.0,0.0,0.0
2022-01-14 05:09:01.502885,0.0,0.0,0.0
2022-01-14 05:09:02.001355,0.0,0.0,0.0
2022-01-14 05:09:02.509086,0.0,0.0,0.0
2022-01-14 05:09:03.007989,0.0,0.0,0.0
2022-01-14 05:09:03.502717,0.0,0.0,0.0
2022-01-14 05:09:04.001566,0.0,0.0,0.0
2022-01-14 05:09:04.507530,0.0,0.0,0.0
2022-01-14 05:09:05.005091,0.0,0.0,0.0
2022-01-14 05:09:05.502118,0.0,0.0,0.0
2022-01-14 05:09:06.011139,0.0,0.0,0.0
2022-01-14 05:09:06.507194,0.0,0.0,0.0
2022-01-14 05:09:07.006679,0.0,0.0,0.0
2022-01-14 05:09:07.502658,0.0,0.0,0.0
2022-01-14 05:09:08.001738,0.0,0.0,0.0
2022-01-14 05:09:08.507581,0.0,0.0,0.0
2022-01-14 05:09:09.005560,0.0,0.0,0.0
2022-01-14 05:09:09.509825,0.0,0.0,0.0
2022-01-14 05:09:10.006737,0.0,0.0,0.0
2022-01-14 05:09:10.501201,0.0,0.0,0.0
2022-01-14 05:09:11.010012,0.0,0.0,0.0
2022-01-14 05:09:11.506802,0.0,0.0,0.0
2022-01-14 05:09:12.004552,0.0,0.0,0.0
2022-01-14 05:09:12.510379,0.0,0.0,0.0
2022-01-14 05:09:13.009537,0.0,0.0,0.0
2022-01-14 05:09:13.501313,0.0,0.0,0.0
2022-01-14 05:09:14.004923,0.0,0.0,0.0
2022-01-14 05:09:14.511299,0.0,0.0,0.0
2022-01-14 05:09:15.009148,0.0,0.0,0.0
2022-01-14 05:09:15.503641,0.0,0.0,0.0
2022-01-14 05:09:16.002078,0.0,0.0,0.0
2022-01-14 05:09:16.507120,0.0,0.0,0.0
2022-01-14 05:09:17.004309,0.0,0.0,0.0
2022-01-14 05:09:17.510403,0.0,0.0,0.0
2022-01-14 05:09:18.009394,0.0,0.0,0.0
2022-01-14 05:09:18.504359,0.0,0.0,0.0
2022-01-14 05:09:19.001554,0.0,0.0,0.0
2022-01-14 05:09:19.506483,0.0,0.0,0.0
2022-01-14 05:09:20.005594,0.0,0.0,0.0
2022-01-14 05:09:20.502659,0.0,0.0,0.0
2022-01-14 05:09:21.010683,0.0,0.0,0.0
2022-01-14 05:09:21.505189,0.0,0.0,0.0
2022-01-14 05:09:22.002456,0.0,0.0,0.0
2022-01-14 05:09:22.507915,0.0,0.0,0.0
2022-01-14 05:09:23.006183,0.0,0.0,0.0
2022-01-14 05:09:23.501163,0.0,0.0,0.0
2022-01-14 05:09:24.008267,0.0,0.0,0.0
2022-01-14 05:09:24.505320,0.0,0.0,0.0
2022-01-14 05:09:25.002806,0.0,0.0,0.0
2022-01-14 05:09:25.508541,0.0,0.0,0.0
2022-01-14 05:09:26.006172,0.0,0.0,0.0
2022-01-14 05:09:26.501530,0.0,0.0,0.0
2022-01-14 05:09:27.009342,0.0,0.0,0.0
2022-01-14 05:09:27.504332,0.0,0.0,0.0
2022-01-14 05:09:28.001592,0.0,0.0,0.0
2022-01-14 05:09:28.506026,0.0,0.0,0.0
2022-01-14 05:09:29.003889,0.0,0.0,0.0
2022-01-14 05:09:29.510504,0.0,0.0,0.0
2022-01-14 05:09:30.010082,0.0,0.0,0.0
2022-01-14 05:09:30.505106,0.0,0.0,0.0
2022-01-14 05:09:31.002216,0.0,0.0,0.0
2022-01-14 05:09:31.506242,0.0,0.0,0.0
2022-01-14 05:09:32.004589,0.0,0.0,0.0
2022-01-14 05:09:32.510362,0.0,0.0,0.0
2022-01-14 05:09:33.009034,0.0,0.0,0.0
2022-01-14 05:09:33.505607,0.0,0.0,0.0
2022-01-14 05:09:34.003224,0.0,0.0,0.0
2022-01-14 05:09:34.507944,0.0,0.0,0.0
2022-01-14 05:09:35.006370,0.0,0.0,0.0
2022-01-14 05:09:35.511094,0.0,0.0,0.0
2022-01-14 05:09:36.009323,0.0,0.0,0.0
2022-01-14 05:09:36.505371,0.0,0.0,0.0
2022-01-14 05:09:37.002877,0.0,0.0,0.0
2022-01-14 05:09:37.504329,0.0,0.0,0.0
2022-01-14 05:09:38.003125,0.0,0.0,0.0
2022-01-14 05:09:38.505104,0.0,0.0,0.0
2022-01-14 05:09:39.003170,0.0,0.0,0.0
2022-01-14 05:09:39.507191,0.0,0.0,0.0
2022-01-14 05:09:40.007000,0.0,0.0,0.0
2022-01-14 05:09:40.503444,0.0,0.0,0.0
2022-01-14 05:09:41.011204,0.0,0.0,0.0
2022-01-14 05:09:41.506319,0.0,0.0,0.0
2022-01-14 05:09:42.004820,0.0,0.0,0.0
2022-01-14 05:09:42.510034,0.0,0.0,0.0
2022-01-14 05:09:43.009634,0.0,0.0,0.0
2022-01-14 05:09:43.506104,0.0,0.0,0.0
2022-01-14 05:09:44.005926,0.0,0.0,0.0
2022-01-14 05:09:44.501466,0.0,0.0,0.0
2022-01-14 05:09:45.010167,0.0,0.0,0.0
2022-01-14 05:09:45.505561,0.0,0.0,0.0
2022-01-14 05:09:46.001750,0.0,0.0,0.0
2022-01-14 05:09:46.507819,0.0,0.0,0.0
2022-01-14 05:09:47.007411,0.0,0.0,0.0
2022-01-14 05:09:47.501508,0.0,0.0,0.0
2022-01-14 05:09:48.010863,0.0,0.0,0.0
2022-01-14 05:09:48.506181,0.0,0.0,0.0
2022-01-14 05:09:49.004422,0.0,0.0,0.0
2022-01-14 05:09:49.510237,0.0,0.0,0.0
2022-01-14 05:09:50.007419,0.0,0.0,0.0
2022-01-14 05:09:50.502802,0.0,0.0,0.0
2022-01-14 05:09:51.001596,0.0,0.0,0.0
2022-01-14 05:09:51.508563,0.0,0.0,0.0
2022-01-14 05:09:52.006611,0.0,0.0,0.0
2022-01-14 05:09:52.502256,0.0,0.0,0.0
2022-01-14 05:09:53.010499,0.0,0.0,0.0
2022-01-14 05:09:53.506445,0.0,0.0,0.0
2022-01-14 05:09:54.005193,0.0,0.0,0.0
2022-01-14 05:09:54.510049,0.0,0.0,0.0
2022-01-14 05:09:55.007896,0.0,0.0,0.0
2022-01-14 05:09:55.502280,0.0,0.0,0.0
2022-01-14 05:09:56.002631,0.0,0.0,0.0
2022-01-14 05:09:56.508447,0.0,0.0,0.0
2022-01-14 05:09:57.006604,0.0,0.0,0.0
2022-01-14 05:09:57.502533,0.0,0.0,0.0
2022-01-14 05:09:58.001575,0.0,0.0,0.0
2022-01-14 05:09:58.507607,0.0,0.0,0.0
2022-01-14 05:09:59.005976,0.0,0.0,0.0
2022-01-14 05:09:59.501161,0.0,0.0,0.0
2022-01-14 05:10:00.008846,0.0,0.0,0.0
2022-01-14 05:10:00.503018,0.0,0.0,0.0
2022-01-14 05:10:01.002885,0.0,0.0,0.0
2022-01-14 05:10:01.506966,0.0,0.0,0.0
2022-01-14 05:10:02.004524,0.0,0.0,0.0
2022-01-14 05:10:02.510146,0.0,0.0,0.0
2022-01-14 05:10:03.001546,0.0,0.0,0.0
2022-01-14 05:10:03.508071,0.0,0.0,0.0
2022-01-14 05:10:04.005586,0.0,0.0,0.0
2022-01-14 05:10:04.502607,0.0,0.0,0.0
2022-01-14 05:10:05.010995,0.0,0.0,0.0
2022-01-14 05:10:05.504353,0.0,0.0,0.0
2022-01-14 05:10:06.001465,0.0,0.0,0.0
2022-01-14 05:10:06.506963,0.0,0.0,0.0
2022-01-14 05:10:07.004964,0.0,0.0,0.0
2022-01-14 05:10:07.509045,0.0,0.0,0.0
2022-01-14 05:10:08.005541,0.0,0.0,0.0
2022-01-14 05:10:08.501563,0.0,0.0,0.0
2022-01-14 05:10:09.010116,0.0,0.0,0.0
2022-01-14 05:10:09.504402,0.0,0.0,0.0
2022-01-14 05:10:10.000826,0.0,0.0,0.0
2022-01-14 05:10:10.505517,0.0,0.0,0.0
2022-01-14 05:10:11.003147,0.0,0.0,0.0
2022-01-14 05:10:11.508546,0.0,0.0,0.0
2022-01-14 05:10:12.006517,0.0,0.0,0.0
2022-01-14 05:10:12.501679,0.0,0.0,0.0
2022-01-14 05:10:13.001117,0.0,0.0,0.0
2022-01-14 05:10:13.508134,0.0,0.0,0.0
2022-01-14 05:10:14.005826,0.0,0.0,0.0
2022-01-14 05:10:14.501614,0.0,0.0,0.0
2022-01-14 05:10:15.001996,0.0,0.0,0.0
2022-01-14 05:10:15.507509,0.0,0.0,0.0
2022-01-14 05:10:16.006221,0.0,0.0,0.0
2022-01-14 05:10:16.510096,0.0,0.0,0.0
2022-01-14 05:10:17.008699,0.0,0.0,0.0
2022-01-14 05:10:17.507714,0.0,0.0,0.0
2022-01-14 05:10:18.005574,0.0,0.0,0.0
2022-01-14 05:10:18.509973,0.0,0.0,0.0
2022-01-14 05:10:19.008575,0.0,0.0,0.0
2022-01-14 05:10:19.503356,0.0,0.0,0.0
2022-01-14 05:10:20.001638,0.0,0.0,0.0
2022-01-14 05:10:20.507577,0.0,0.0,0.0
2022-01-14 05:10:21.005560,0.0,0.0,0.0
2022-01-14 05:10:21.510047,0.0,0.0,0.0
2022-01-14 05:10:22.001912,0.0,0.0,0.0
2022-01-14 05:10:22.508260,0.0,0.0,0.0
2022-01-14 05:10:23.005982,0.0,0.0,0.0
2022-01-14 05:10:23.510156,0.0,0.0,0.0
2022-01-14 05:10:24.009046,0.0,0.0,0.0
2022-01-14 05:10:24.505080,0.0,0.0,0.0
2022-01-14 05:10:25.003744,0.0,0.0,0.0
2022-01-14 05:10:25.508674,0.0,0.0,0.0
2022-01-14 05:10:26.006787,0.0,0.0,0.0
2022-01-14 05:10:26.503933,0.0,0.0,0.0
2022-01-14 05:10:27.002832,0.0,0.0,0.0
2022-01-14 05:10:27.507467,0.0,0.0,0.0
2022-01-14 05:10:28.005314,0.0,0.0,0.0
2022-01-14 05:10:28.510909,0.0,0.0,0.0
2022-01-14 05:10:29.008714,0.0,0.0,0.0
2022-01-14 05:10:29.504328,0.0,0.0,0.0
2022-01-14 05:10:30.002260,0.0,0.0,0.0
2022-01-14 05:10:30.503912,0.0,0.0,0.0
2022-01-14 05:10:31.003059,0.0,0.0,0.0
2022-01-14 05:10:31.509719,0.0,0.0,0.0
2022-01-14 05:10:32.008650,0.0,0.0,0.0
2022-01-14 05:10:32.504839,0.0,0.0,0.0
2022-01-14 05:10:33.003008,0.0,0.0,0.0
2022-01-14 05:10:33.509467,0.0,0.0,0.0
2022-01-14 05:10:34.007859,0.0,0.0,0.0
2022-01-14 05:10:34.502744,0.0,0.0,0.0
2022-01-14 05:10:35.001636,0.0,0.0,0.0
2022-01-14 05:10:35.508832,0.0,0.0,0.0
2022-01-14 05:10:36.008506,0.0,0.0,0.0
2022-01-14 05:10:36.505047,0.0,0.0,0.0
2022-01-14 05:10:37.003227,0.0,0.0,0.0
2022-01-14 05:10:37.508570,0.0,0.0,0.0
2022-01-14 05:10:38.002794,0.0,0.0,0.0
2022-01-14 05:10:38.502952,0.0,0.0,0.0
2022-01-14 05:10:39.004877,0.0,0.0,0.0
2022-01-14 05:10:39.506946,0.0,0.0,0.0
2022-01-14 05:10:40.007468,0.0,0.0,0.0
2022-01-14 05:10:40.501622,0.0,0.0,0.0
2022-01-14 05:10:41.011027,0.0,0.0,0.0
2022-01-14 05:10:41.505201,0.0,0.0,0.0
2022-01-14 05:10:42.002767,0.0,0.0,0.0
2022-01-14 05:10:42.507118,0.0,0.0,0.0
2022-01-14 05:10:43.005991,0.0,0.0,0.0
2022-01-14 05:10:43.501593,0.0,0.0,0.0
2022-01-14 05:10:44.010054,0.0,0.0,0.0
2022-01-14 05:10:44.507169,0.0,0.0,0.0
2022-01-14 05:10:45.006059,0.0,0.0,0.0
2022-01-14 05:10:45.502551,0.0,0.0,0.0
2022-01-14 05:10:46.011051,0.0,0.0,0.0
2022-01-14 05:10:46.506192,0.0,0.0,0.0
2022-01-14 05:10:47.003895,0.0,0.0,0.0
2022-01-14 05:10:47.509598,0.0,0.0,0.0
2022-01-14 05:10:48.006619,0.0,0.0,0.0
2022-01-14 05:10:48.502926,0.0,0.0,0.0
2022-01-14 05:10:49.002784,0.0,0.0,0.0
2022-01-14 05:10:49.508553,0.0,0.0,0.0
2022-01-14 05:10:50.006834,0.0,0.0,0.0
2022-01-14 05:10:50.502657,0.0,0.0,0.0
2022-01-14 05:10:51.010686,0.0,0.0,0.0
2022-01-14 05:10:51.507877,0.0,0.0,0.0
2022-01-14 05:10:52.005594,0.0,0.0,0.0
2022-01-14 05:10:52.509877,0.0,0.0,0.0
2022-01-14 05:10:53.008704,0.0,0.0,0.0
2022-01-14 05:10:53.504895,0.0,0.0,0.0
2022-01-14 05:10:54.003794,0.0,0.0,0.0
2022-01-14 05:10:54.508658,0.0,0.0,0.0
2022-01-14 05:10:55.006814,0.0,0.0,0.0
2022-01-14 05:10:55.501923,0.0,0.0,0.0
2022-01-14 05:10:56.009700,0.0,0.0,0.0
2022-01-14 05:10:56.504101,0.0,0.0,0.0
2022-01-14 05:10:57.001100,0.0,0.0,0.0
2022-01-14 05:10:57.506810,0.0,0.0,0.0
2022-01-14 05:10:58.006121,0.0,0.0,0.0
2022-01-14 05:10:58.501127,0.0,0.0,0.0
2022-01-14 05:10:59.010227,0.0,0.0,0.0
2022-01-14 05:10:59.505753,0.0,0.0,0.0
2022-01-14 05:11:00.005448,0.0,0.0,0.0
2022-01-14 05:11:00.510748,0.0,0.0,0.0
2022-01-14 05:11:01.008641,0.0,0.0,0.0
2022-01-14 05:11:01.505054,0.0,0.0,0.0
2022-01-14 05:11:02.004559,0.0,0.0,0.0
2022-01-14 05:11:02.510014,0.0,0.0,0.0
2022-01-14 05:11:03.008068,0.0,0.0,0.0
2022-01-14 05:11:03.504054,0.0,0.0,0.0
2022-01-14 05:11:04.002677,0.0,0.0,0.0
2022-01-14 05:11:04.507929,0.0,0.0,0.0
2022-01-14 05:11:05.006480,0.0,0.0,0.0
2022-01-14 05:11:05.501082,0.0,0.0,0.0
2022-01-14 05:11:06.009703,0.0,0.0,0.0
2022-01-14 05:11:06.506109,0.0,0.0,0.0
2022-01-14 05:11:07.005836,0.0,0.0,0.0
2022-01-14 05:11:07.510616,0.0,0.0,0.0
2022-01-14 05:11:08.009949,0.0,0.0,0.0
2022-01-14 05:11:08.503293,0.0,0.0,0.0
2022-01-14 05:11:09.002422,0.0,0.0,0.0
2022-01-14 05:11:09.509735,0.0,0.0,0.0
2022-01-14 05:11:10.007461,0.0,0.0,0.0
2022-01-14 05:11:10.504978,0.0,0.0,0.0
2022-01-14 05:11:11.002067,0.0,0.0,0.0
2022-01-14 05:11:11.507227,0.0,0.0,0.0
2022-01-14 05:11:12.005536,0.0,0.0,0.0
2022-01-14 05:11:12.511168,0.0,0.0,0.0
2022-01-14 05:11:13.009893,0.0,0.0,0.0
2022-01-14 05:11:13.505078,0.0,0.0,0.0
2022-01-14 05:11:14.002622,0.0,0.0,0.0
2022-01-14 05:11:14.508276,0.0,0.0,0.0
2022-01-14 05:11:15.006232,0.0,0.0,0.0
2022-01-14 05:11:15.501506,0.0,0.0,0.0
2022-01-14 05:11:16.008527,0.0,0.0,0.0
2022-01-14 05:11:16.502502,0.0,0.0,0.0
2022-01-14 05:11:17.001860,0.0,0.0,0.0
2022-01-14 05:11:17.506108,0.0,0.0,0.0
2022-01-14 05:11:18.004025,0.0,0.0,0.0
2022-01-14 05:11:18.510132,0.0,0.0,0.0
2022-01-14 05:11:19.009487,0.0,0.0,0.0
2022-01-14 05:11:19.507924,0.0,0.0,0.0
2022-01-14 05:11:20.005659,0.0,0.0,0.0
2022-01-14 05:11:20.501828,0.0,0.0,0.0
2022-01-14 05:11:21.001548,0.0,0.0,0.0
2022-01-14 05:11:21.506759,0.0,0.0,0.0
2022-01-14 05:11:22.004536,0.0,0.0,0.0
2022-01-14 05:11:22.510068,0.0,0.0,0.0
2022-01-14 05:11:23.008697,0.0,0.0,0.0
2022-01-14 05:11:23.504148,0.0,0.0,0.0
2022-01-14 05:11:24.003258,0.0,0.0,0.0
2022-01-14 05:11:24.509521,0.0,0.0,0.0
2022-01-14 05:11:25.007478,0.0,0.0,0.0
2022-01-14 05:11:25.502351,0.0,0.0,0.0
2022-01-14 05:11:26.504785,0.0,0.0,0.0
2022-01-14 05:11:27.003280,0.0,0.0,0.0
2022-01-14 05:11:27.508271,0.0,0.0,0.0
2022-01-14 05:11:28.006811,0.0,0.0,0.0
2022-01-14 05:11:28.502123,0.0,0.0,0.0
2022-01-14 05:11:29.001168,0.0,0.0,0.0
2022-01-14 05:11:29.506998,0.0,0.0,0.0
2022-01-14 05:11:30.004516,0.0,0.0,0.0
2022-01-14 05:11:30.508461,0.0,0.0,0.0
2022-01-14 05:11:31.005930,0.0,0.0,0.0
2022-01-14 05:11:31.509602,0.0,0.0,0.0
2022-01-14 05:11:32.006773,0.0,0.0,0.0
2022-01-14 05:11:32.501190,0.0,0.0,0.0
2022-01-14 05:11:33.010807,0.0,0.0,0.0
2022-01-14 05:11:33.506044,0.0,0.0,0.0
2022-01-14 05:11:34.002827,0.0,0.0,0.0
2022-01-14 05:11:34.507043,0.0,0.0,0.0
2022-01-14 05:11:35.006576,0.0,0.0,0.0
2022-01-14 05:11:35.511163,0.0,0.0,0.0
2022-01-14 05:11:36.011068,0.0,0.0,0.0
2022-01-14 05:11:36.505526,0.0,0.0,0.0
2022-01-14 05:11:37.005144,0.0,0.0,0.0
2022-01-14 05:11:37.510427,0.0,0.0,0.0
2022-01-14 05:11:38.010072,0.0,0.0,0.0
2022-01-14 05:11:38.504966,0.0,0.0,0.0
2022-01-14 05:11:39.002967,0.0,0.0,0.0
2022-01-14 05:11:39.508012,0.0,0.0,0.0
2022-01-14 05:11:40.006825,0.0,0.0,0.0
2022-01-14 05:11:40.502105,0.0,0.0,0.0
2022-01-14 05:11:41.009873,0.0,0.0,0.0
2022-01-14 05:11:41.505468,0.0,0.0,0.0
2022-01-14 05:11:42.003726,0.0,0.0,0.0
2022-01-14 05:11:42.509210,0.0,0.0,0.0
2022-01-14 05:11:43.006178,0.0,0.0,0.0
2022-01-14 05:11:43.510899,0.0,0.0,0.0
2022-01-14 05:11:44.010733,0.0,0.0,0.0
2022-01-14 05:11:44.505561,0.0,0.0,0.0
2022-01-14 05:11:45.004525,0.0,0.0,0.0
2022-01-14 05:11:45.509240,0.0,0.0,0.0
2022-01-14 05:11:46.007289,0.0,0.0,0.0
2022-01-14 05:11:47.005185,0.0,0.0,0.0
2022-01-14 05:11:47.502813,0.0,0.0,0.0
2022-01-14 05:11:48.010557,0.0,0.0,0.0
2022-01-14 05:11:48.504298,0.0,0.0,0.0
2022-01-14 05:11:49.001554,0.0,0.0,0.0
2022-01-14 05:11:49.507854,0.0,0.0,0.0
2022-01-14 05:11:50.006305,0.0,0.0,0.0
2022-01-14 05:11:50.501831,0.0,0.0,0.0
2022-01-14 05:11:51.010735,0.0,0.0,0.0
2022-01-14 05:11:51.507313,0.0,0.0,0.0
2022-01-14 05:11:52.006299,0.0,0.0,0.0
2022-01-14 05:11:52.510697,0.0,0.0,0.0
2022-01-14 05:11:53.007832,0.0,0.0,0.0
2022-01-14 05:11:53.503689,0.0,0.0,0.0
2022-01-14 05:11:54.001464,0.0,0.0,0.0
2022-01-14 05:11:54.507318,0.0,0.0,0.0
2022-01-14 05:11:55.006064,0.0,0.0,0.0
2022-01-14 05:11:55.501178,0.0,0.0,0.0
2022-01-14 05:11:56.009117,0.0,0.0,0.0
2022-01-14 05:11:56.503075,0.0,0.0,0.0
2022-01-14 05:11:57.003709,0.0,0.0,0.0
2022-01-14 05:11:57.508489,0.0,0.0,0.0
2022-01-14 05:11:58.005589,0.0,0.0,0.0
2022-01-14 05:11:58.510325,0.0,0.0,0.0
2022-01-14 05:11:59.009329,0.0,0.0,0.0
2022-01-14 05:11:59.503468,0.0,0.0,0.0
2022-01-14 05:12:00.001969,0.0,0.0,0.0
2022-01-14 05:12:00.506425,0.0,0.0,0.0
2022-01-14 05:12:01.004103,0.0,0.0,0.0
2022-01-14 05:12:01.510028,0.0,0.0,0.0
2022-01-14 05:12:02.009020,0.0,0.0,0.0
2022-01-14 05:12:02.502840,0.0,0.0,0.0
2022-01-14 05:12:03.011155,0.0,0.0,0.0
2022-01-14 05:12:03.505048,0.0,0.0,0.0
2022-01-14 05:12:04.005271,0.0,0.0,0.0
2022-01-14 05:12:04.501694,0.0,0.0,0.0
2022-01-14 05:12:05.011184,0.0,0.0,0.0
2022-01-14 05:12:05.505480,0.0,0.0,0.0
2022-01-14 05:12:06.002742,0.0,0.0,0.0
2022-01-14 05:12:06.509346,0.0,0.0,0.0
2022-01-14 05:12:07.005690,0.0,0.0,0.0
2022-01-14 05:12:07.501156,0.0,0.0,0.0
2022-01-14 05:12:08.008611,0.0,0.0,0.0
2022-01-14 05:12:08.503751,0.0,0.0,0.0
2022-01-14 05:12:09.001154,0.0,0.0,0.0
2022-01-14 05:12:09.506364,0.0,0.0,0.0
2022-01-14 05:12:10.003962,0.0,0.0,0.0
2022-01-14 05:12:10.509037,0.0,0.0,0.0
2022-01-14 05:12:11.007270,0.0,0.0,0.0
2022-01-14 05:12:11.502886,0.0,0.0,0.0
2022-01-14 05:12:12.001753,0.0,0.0,0.0
2022-01-14 05:12:12.506536,0.0,0.0,0.0
2022-01-14 05:12:13.004040,0.0,0.0,0.0
2022-01-14 05:12:13.508563,0.0,0.0,0.0
2022-01-14 05:12:14.006758,0.0,0.0,0.0
2022-01-14 05:12:14.503284,0.0,0.0,0.0
2022-01-14 05:12:15.001681,0.0,0.0,0.0
2022-01-14 05:12:15.506872,0.0,0.0,0.0
2022-01-14 05:12:16.004494,0.0,0.0,0.0
2022-01-14 05:12:16.509609,0.0,0.0,0.0
2022-01-14 05:12:17.008598,0.0,0.0,0.0
2022-01-14 05:12:17.505536,0.0,0.0,0.0
2022-01-14 05:12:18.003745,0.0,0.0,0.0
2022-01-14 05:12:18.510091,0.0,0.0,0.0
2022-01-14 05:12:19.008638,0.0,0.0,0.0
2022-01-14 05:12:19.505521,0.0,0.0,0.0
2022-01-14 05:12:20.002938,0.0,0.0,0.0
2022-01-14 05:12:20.507538,0.0,0.0,0.0
2022-01-14 05:12:21.006796,0.0,0.0,0.0
2022-01-14 05:12:21.502301,0.0,0.0,0.0
2022-01-14 05:12:22.002772,0.0,0.0,0.0
2022-01-14 05:12:22.506758,0.0,0.0,0.0
2022-01-14 05:12:23.004476,0.0,0.0,0.0
2022-01-14 05:12:23.508476,0.0,0.0,0.0
2022-01-14 05:12:24.005803,0.0,0.0,0.0
2022-01-14 05:12:24.501144,0.0,0.0,0.0
2022-01-14 05:12:25.009268,0.0,0.0,0.0
2022-01-14 05:12:25.503569,0.0,0.0,0.0
2022-01-14 05:12:26.001846,0.0,0.0,0.0
2022-01-14 05:12:26.507924,0.0,0.0,0.0
2022-01-14 05:12:27.005630,0.0,0.0,0.0
2022-01-14 05:12:27.510782,0.0,0.0,0.0
2022-01-14 05:12:28.009126,0.0,0.0,0.0
2022-01-14 05:12:28.502724,0.0,0.0,0.0
2022-01-14 05:12:29.001536,0.0,0.0,0.0
2022-01-14 05:12:29.506145,0.0,0.0,0.0
2022-01-14 05:12:30.003877,0.0,0.0,0.0
2022-01-14 05:12:30.507851,0.0,0.0,0.0
2022-01-14 05:12:31.006452,0.0,0.0,0.0
2022-01-14 05:12:31.501824,0.0,0.0,0.0
2022-01-14 05:12:32.010029,0.0,0.0,0.0
2022-01-14 05:12:32.505500,0.0,0.0,0.0
2022-01-14 05:12:33.003681,0.0,0.0,0.0
2022-01-14 05:12:33.508187,0.0,0.0,0.0
2022-01-14 05:12:34.004611,0.0,0.0,0.0
2022-01-14 05:12:34.509765,0.0,0.0,0.0
2022-01-14 05:12:35.008046,0.0,0.0,0.0
2022-01-14 05:12:35.505141,0.0,0.0,0.0
2022-01-14 05:12:36.003072,0.0,0.0,0.0
2022-01-14 05:12:36.508622,0.0,0.0,0.0
2022-01-14 05:12:37.007067,0.0,0.0,0.0
2022-01-14 05:12:37.503714,0.0,0.0,0.0
2022-01-14 05:12:38.011214,0.0,0.0,0.0
2022-01-14 05:12:38.507080,0.0,0.0,0.0
2022-01-14 05:12:39.005342,0.0,0.0,0.0
2022-01-14 05:12:39.510370,0.0,0.0,0.0
2022-01-14 05:12:40.009898,0.0,0.0,0.0
2022-01-14 05:12:40.503484,0.0,0.0,0.0
2022-01-14 05:12:41.003446,0.0,0.0,0.0
2022-01-14 05:12:41.508537,0.0,0.0,0.0
2022-01-14 05:12:42.005589,0.0,0.0,0.0
2022-01-14 05:12:42.509939,0.0,0.0,0.0
2022-01-14 05:12:43.008623,0.0,0.0,0.0
2022-01-14 05:12:43.502479,0.0,0.0,0.0
2022-01-14 05:12:44.505231,0.0,0.0,0.0
2022-01-14 05:12:45.003434,0.0,0.0,0.0
2022-01-14 05:12:45.509560,0.0,0.0,0.0
2022-01-14 05:12:46.007711,0.0,0.0,0.0
2022-01-14 05:12:46.502416,0.0,0.0,0.0
2022-01-14 05:12:47.001562,0.0,0.0,0.0
2022-01-14 05:12:47.508145,0.0,0.0,0.0
2022-01-14 05:12:48.005790,0.0,0.0,0.0
2022-01-14 05:12:48.501138,0.0,0.0,0.0
2022-01-14 05:12:49.008807,0.0,0.0,0.0
2022-01-14 05:12:49.504641,0.0,0.0,0.0
2022-01-14 05:12:50.003951,0.0,0.0,0.0
2022-01-14 05:12:50.508522,0.0,0.0,0.0
2022-01-14 05:12:51.006949,0.0,0.0,0.0
2022-01-14 05:12:51.501375,0.0,0.0,0.0
2022-01-14 05:12:52.008932,0.0,0.0,0.0
2022-01-14 05:12:52.504839,0.0,0.0,0.0
2022-01-14 05:12:53.003619,0.0,0.0,0.0
2022-01-14 05:12:53.509660,0.0,0.0,0.0
2022-01-14 05:12:54.007370,0.0,0.0,0.0
2022-01-14 05:12:54.503568,0.0,0.0,0.0
2022-01-14 05:12:55.002159,0.0,0.0,0.0
2022-01-14 05:12:55.507289,0.0,0.0,0.0
2022-01-14 05:12:56.006155,0.0,0.0,0.0
2022-01-14 05:12:56.501413,0.0,0.0,0.0
2022-01-14 05:12:57.008596,0.0,0.0,0.0
2022-01-14 05:12:57.504008,0.0,0.0,0.0
2022-01-14 05:12:58.001841,0.0,0.0,0.0
2022-01-14 05:12:58.507531,0.0,0.0,0.0
2022-01-14 05:12:59.007406,0.0,0.0,0.0
2022-01-14 05:12:59.503874,0.0,0.0,0.0
2022-01-14 05:13:00.001722,0.0,0.0,0.0
2022-01-14 05:13:00.508125,0.0,0.0,0.0
2022-01-14 05:13:01.005986,0.0,0.0,0.0
2022-01-14 05:13:01.503296,0.0,0.0,0.0
2022-01-14 05:13:02.010639,0.0,0.0,0.0
2022-01-14 05:13:02.506463,0.0,0.0,0.0
2022-01-14 05:13:03.004926,0.0,0.0,0.0
2022-01-14 05:13:03.510120,0.0,0.0,0.0
2022-01-14 05:13:04.008086,0.0,0.0,0.0
2022-01-14 05:13:04.502070,0.0,0.0,0.0
2022-01-14 05:13:05.001074,0.0,0.0,0.0
2022-01-14 05:13:05.507821,0.0,0.0,0.0
2022-01-14 05:13:06.005969,0.0,0.0,0.0
2022-01-14 05:13:06.510952,0.0,0.0,0.0
2022-01-14 05:13:07.008601,0.0,0.0,0.0
2022-01-14 05:13:07.506203,0.0,0.0,0.0
2022-01-14 05:13:08.005057,0.0,0.0,0.0
2022-01-14 05:13:08.511102,0.0,0.0,0.0
2022-01-14 05:13:09.008886,0.0,0.0,0.0
2022-01-14 05:13:09.504446,0.0,0.0,0.0
2022-01-14 05:13:10.001449,0.0,0.0,0.0
2022-01-14 05:13:10.505546,0.0,0.0,0.0
2022-01-14 05:13:11.004676,0.0,0.0,0.0
2022-01-14 05:13:12.004794,0.0,0.0,0.0
2022-01-14 05:13:12.501936,0.0,0.0,0.0
2022-01-14 05:13:13.010605,0.0,0.0,0.0
2022-01-14 05:13:13.506139,0.0,0.0,0.0
2022-01-14 05:13:14.003981,0.0,0.0,0.0
2022-01-14 05:13:14.511074,0.0,0.0,0.0
2022-01-14 05:13:15.001236,0.0,0.0,0.0
2022-01-14 05:13:15.506596,0.0,0.0,0.0
2022-01-14 05:13:16.004635,0.0,0.0,0.0
2022-01-14 05:13:16.501295,0.0,0.0,0.0
2022-01-14 05:13:17.009382,0.0,0.0,0.0
2022-01-14 05:13:17.505455,0.0,0.0,0.0
2022-01-14 05:13:18.002724,0.0,0.0,0.0
2022-01-14 05:13:18.507291,0.0,0.0,0.0
2022-01-14 05:13:19.005883,0.0,0.0,0.0
2022-01-14 05:13:19.510812,0.0,0.0,0.0
2022-01-14 05:13:20.009465,0.0,0.0,0.0
2022-01-14 05:13:20.504417,0.0,0.0,0.0
2022-01-14 05:13:21.002952,0.0,0.0,0.0
2022-01-14 05:13:21.507963,0.0,0.0,0.0
2022-01-14 05:13:22.005812,0.0,0.0,0.0
2022-01-14 05:13:22.505388,0.0,0.0,0.0
2022-01-14 05:13:23.003904,0.0,0.0,0.0
2022-01-14 05:13:23.509883,0.0,0.0,0.0
2022-01-14 05:13:24.006779,0.0,0.0,0.0
2022-01-14 05:13:24.501584,0.0,0.0,0.0
2022-01-14 05:13:25.009735,0.0,0.0,0.0
2022-01-14 05:13:25.506248,0.0,0.0,0.0
2022-01-14 05:13:26.003146,0.0,0.0,0.0
2022-01-14 05:13:26.509780,0.0,0.0,0.0
2022-01-14 05:13:27.008064,0.0,0.0,0.0
2022-01-14 05:13:27.503340,0.0,0.0,0.0
2022-01-14 05:13:28.001262,0.0,0.0,0.0
2022-01-14 05:13:28.508543,0.0,0.0,0.0
2022-01-14 05:13:29.006097,0.0,0.0,0.0
2022-01-14 05:13:29.502225,0.0,0.0,0.0
2022-01-14 05:13:30.001614,0.0,0.0,0.0
2022-01-14 05:13:30.508350,0.0,0.0,0.0
2022-01-14 05:13:31.007076,0.0,0.0,0.0
2022-01-14 05:13:31.501858,0.0,0.0,0.0
2022-01-14 05:13:32.002432,0.0,0.0,0.0
2022-01-14 05:13:32.508595,0.0,0.0,0.0
2022-01-14 05:13:33.008471,0.0,0.0,0.0
2022-01-14 05:13:33.503937,0.0,0.0,0.0
2022-01-14 05:13:34.001267,0.0,0.0,0.0
2022-01-14 05:13:34.508356,0.0,0.0,0.0
2022-01-14 05:13:35.006564,0.0,0.0,0.0
2022-01-14 05:13:35.510998,0.0,0.0,0.0
2022-01-14 05:13:36.009129,0.0,0.0,0.0
2022-01-14 05:13:36.504761,0.0,0.0,0.0
2022-01-14 05:13:37.002362,0.0,0.0,0.0
2022-01-14 05:13:37.507060,0.0,0.0,0.0
2022-01-14 05:13:38.004671,0.0,0.0,0.0
2022-01-14 05:13:38.510837,0.0,0.0,0.0
2022-01-14 05:13:39.505036,0.0,0.0,0.0
2022-01-14 05:13:40.002549,0.0,0.0,0.0
2022-01-14 05:13:40.509405,0.0,0.0,0.0
2022-01-14 05:13:41.008238,0.0,0.0,0.0
2022-01-14 05:13:41.502845,0.0,0.0,0.0
2022-01-14 05:13:42.002188,0.0,0.0,0.0
2022-01-14 05:13:42.506866,0.0,0.0,0.0
2022-01-14 05:13:43.005568,0.0,0.0,0.0
2022-01-14 05:13:43.501387,0.0,0.0,0.0
2022-01-14 05:13:44.010788,0.0,0.0,0.0
2022-01-14 05:13:44.506104,0.0,0.0,0.0
2022-01-14 05:13:45.004644,0.0,0.0,0.0
2022-01-14 05:13:45.509364,0.0,0.0,0.0
2022-01-14 05:13:46.008060,0.0,0.0,0.0
2022-01-14 05:13:46.502163,0.0,0.0,0.0
2022-01-14 05:13:47.002353,0.0,0.0,0.0
2022-01-14 05:13:47.506709,0.0,0.0,0.0
2022-01-14 05:13:48.005008,0.0,0.0,0.0
2022-01-14 05:13:48.501528,0.0,0.0,0.0
2022-01-14 05:13:49.010314,0.0,0.0,0.0
2022-01-14 05:13:49.505719,0.0,0.0,0.0
2022-01-14 05:13:50.005420,0.0,0.0,0.0
2022-01-14 05:13:50.501177,0.0,0.0,0.0
2022-01-14 05:13:51.009156,0.0,0.0,0.0
2022-01-14 05:13:51.506357,0.0,0.0,0.0
2022-01-14 05:13:52.005311,0.0,0.0,0.0
2022-01-14 05:13:52.501105,0.0,0.0,0.0
2022-01-14 05:13:53.010089,0.0,0.0,0.0
2022-01-14 05:13:53.504288,0.0,0.0,0.0
2022-01-14 05:13:54.003561,0.0,0.0,0.0
2022-01-14 05:13:54.509518,0.0,0.0,0.0
2022-01-14 05:13:55.008416,0.0,0.0,0.0
2022-01-14 05:13:55.503452,0.0,0.0,0.0
2022-01-14 05:13:56.011146,0.0,0.0,0.0
2022-01-14 05:13:56.506048,0.0,0.0,0.0
2022-01-14 05:13:57.002991,0.0,0.0,0.0
2022-01-14 05:13:57.509161,0.0,0.0,0.0
2022-01-14 05:13:58.005311,0.0,0.0,0.0
2022-01-14 05:13:58.510967,0.0,0.0,0.0
2022-01-14 05:13:59.009393,0.0,0.0,0.0
2022-01-14 05:13:59.504255,0.0,0.0,0.0
2022-01-14 05:14:00.005111,0.0,0.0,0.0
2022-01-14 05:14:00.510727,0.0,0.0,0.0
2022-01-14 05:14:01.003349,0.0,0.0,0.0
2022-01-14 05:14:01.508166,0.0,0.0,0.0
2022-01-14 05:14:02.003603,0.0,0.0,0.0
2022-01-14 05:14:02.507859,0.0,0.0,0.0
2022-01-14 05:14:03.006498,0.0,0.0,0.0
2022-01-14 05:14:03.502988,0.0,0.0,0.0
2022-01-14 05:14:04.001577,0.0,0.0,0.0
2022-01-14 05:14:04.507449,0.0,0.0,0.0
2022-01-14 05:14:05.005565,0.0,0.0,0.0
2022-01-14 05:14:05.504465,0.0,0.0,0.0
2022-01-14 05:14:06.002929,0.0,0.0,0.0
2022-01-14 05:14:06.509666,0.0,0.0,0.0
2022-01-14 05:14:07.007603,0.0,0.0,0.0
2022-01-14 05:14:07.502258,0.0,0.0,0.0
2022-01-14 05:14:08.009869,0.0,0.0,0.0
2022-01-14 05:14:08.503843,0.0,0.0,0.0
2022-01-14 05:14:09.002372,0.0,0.0,0.0
2022-01-14 05:14:09.507899,0.0,0.0,0.0
2022-01-14 05:14:10.005971,0.0,0.0,0.0
2022-01-14 05:14:11.005364,0.0,0.0,0.0
2022-01-14 05:14:11.510375,0.0,0.0,0.0
2022-01-14 05:14:12.008795,0.0,0.0,0.0
2022-01-14 05:14:12.502774,0.0,0.0,0.0
2022-01-14 05:14:13.002156,0.0,0.0,0.0
2022-01-14 05:14:13.507934,0.0,0.0,0.0
2022-01-14 05:14:14.004985,0.0,0.0,0.0
2022-01-14 05:14:14.510161,0.0,0.0,0.0
2022-01-14 05:14:15.010886,0.0,0.0,0.0
2022-01-14 05:14:15.505713,0.0,0.0,0.0
2022-01-14 05:14:16.003267,0.0,0.0,0.0
2022-01-14 05:14:16.510165,0.0,0.0,0.0
2022-01-14 05:14:17.008327,0.0,0.0,0.0
2022-01-14 05:14:17.503422,0.0,0.0,0.0
2022-01-14 05:14:18.001344,0.0,0.0,0.0
2022-01-14 05:14:18.510012,0.0,0.0,0.0
2022-01-14 05:14:19.008347,0.0,0.0,0.0
2022-01-14 05:14:19.505364,0.0,0.0,0.0
2022-01-14 05:14:20.001300,0.0,0.0,0.0
2022-01-14 05:14:20.506190,0.0,0.0,0.0
2022-01-14 05:14:21.003898,0.0,0.0,0.0
2022-01-14 05:14:21.507811,0.0,0.0,0.0
2022-01-14 05:14:22.005502,0.0,0.0,0.0
2022-01-14 05:14:22.510788,0.0,0.0,0.0
2022-01-14 05:14:23.008626,0.0,0.0,0.0
2022-01-14 05:14:23.504520,0.0,0.0,0.0
2022-01-14 05:14:24.003544,0.0,0.0,0.0
2022-01-14 05:14:24.509573,0.0,0.0,0.0
2022-01-14 05:14:25.005164,0.0,0.0,0.0
2022-01-14 05:14:25.502680,0.0,0.0,0.0
2022-01-14 05:14:26.003422,0.0,0.0,0.0
2022-01-14 05:14:26.501792,0.0,0.0,0.0
2022-01-14 05:14:27.006721,0.0,0.0,0.0
2022-01-14 05:14:27.501544,0.0,0.0,0.0
2022-01-14 05:14:28.009408,0.0,0.0,0.0
2022-01-14 05:14:28.505774,0.0,0.0,0.0
2022-01-14 05:14:29.003613,0.0,0.0,0.0
2022-01-14 05:14:29.509779,0.0,0.0,0.0
2022-01-14 05:14:30.006174,0.0,0.0,0.0
2022-01-14 05:14:30.510709,0.0,0.0,0.0
2022-01-14 05:14:31.010504,0.0,0.0,0.0
2022-01-14 05:14:31.505482,0.0,0.0,0.0
2022-01-14 05:14:32.002196,0.0,0.0,0.0
2022-01-14 05:14:32.506221,0.0,0.0,0.0
2022-01-14 05:14:33.001317,0.0,0.0,0.0
2022-01-14 05:14:33.509021,0.0,0.0,0.0
2022-01-14 05:14:34.007327,0.0,0.0,0.0
2022-01-14 05:14:34.504118,0.0,0.0,0.0
2022-01-14 05:14:35.001265,0.0,0.0,0.0
2022-01-14 05:14:35.505386,0.0,0.0,0.0
2022-01-14 05:14:36.002569,0.0,0.0,0.0
2022-01-14 05:14:36.507560,0.0,0.0,0.0
2022-01-14 05:14:37.006293,0.0,0.0,0.0
2022-01-14 05:14:37.502787,0.0,0.0,0.0
2022-01-14 05:14:38.001299,0.0,0.0,0.0
2022-01-14 05:14:38.506311,0.0,0.0,0.0
2022-01-14 05:14:39.005147,0.0,0.0,0.0
2022-01-14 05:14:39.510635,0.0,0.0,0.0
2022-01-14 05:14:40.008275,0.0,0.0,0.0
2022-01-14 05:14:40.503881,0.0,0.0,0.0
2022-01-14 05:14:41.002426,0.0,0.0,0.0
2022-01-14 05:14:41.507198,0.0,0.0,0.0
2022-01-14 05:14:42.005966,0.0,0.0,0.0
2022-01-14 05:14:42.511231,0.0,0.0,0.0
2022-01-14 05:14:43.009073,0.0,0.0,0.0
2022-01-14 05:14:43.502916,0.0,0.0,0.0
2022-01-14 05:14:44.002631,0.0,0.0,0.0
2022-01-14 05:14:44.508247,0.0,0.0,0.0
2022-01-14 05:14:45.008687,0.0,0.0,0.0
2022-01-14 05:14:45.503936,0.0,0.0,0.0
2022-01-14 05:14:46.001541,0.0,0.0,0.0
2022-01-14 05:14:46.509538,0.0,0.0,0.0
2022-01-14 05:14:47.008735,0.0,0.0,0.0
2022-01-14 05:14:47.504613,0.0,0.0,0.0
2022-01-14 05:14:48.003567,0.0,0.0,0.0
2022-01-14 05:14:48.508912,0.0,0.0,0.0
2022-01-14 05:14:49.006837,0.0,0.0,0.0
2022-01-14 05:14:49.502666,0.0,0.0,0.0
2022-01-14 05:14:50.001296,0.0,0.0,0.0
2022-01-14 05:14:50.505098,0.0,0.0,0.0
2022-01-14 05:14:51.003199,0.0,0.0,0.0
2022-01-14 05:14:51.508713,0.0,0.0,0.0
2022-01-14 05:14:52.006415,0.0,0.0,0.0
2022-01-14 05:14:52.511055,0.0,0.0,0.0
2022-01-14 05:14:53.008779,0.0,0.0,0.0
2022-01-14 05:14:53.504059,0.0,0.0,0.0
2022-01-14 05:14:54.001593,0.0,0.0,0.0
2022-01-14 05:14:54.506673,0.0,0.0,0.0
2022-01-14 05:14:55.005121,0.0,0.0,0.0
2022-01-14 05:14:55.501817,0.0,0.0,0.0
2022-01-14 05:14:56.009298,0.0,0.0,0.0
2022-01-14 05:14:56.505602,0.0,0.0,0.0
2022-01-14 05:14:57.003685,0.0,0.0,0.0
2022-01-14 05:14:57.507854,0.0,0.0,0.0
2022-01-14 05:14:58.006917,0.0,0.0,0.0
2022-01-14 05:14:58.510790,0.0,0.0,0.0
2022-01-14 05:14:59.009102,0.0,0.0,0.0
2022-01-14 05:14:59.505648,0.0,0.0,0.0
2022-01-14 05:15:00.004750,0.0,0.0,0.0
2022-01-14 05:15:00.501154,0.0,0.0,0.0
2022-01-14 05:15:01.009155,0.0,0.0,0.0
2022-01-14 05:15:01.504909,0.0,0.0,0.0
2022-01-14 05:15:02.002930,0.0,0.0,0.0
2022-01-14 05:15:02.508615,0.0,0.0,0.0
2022-01-14 05:15:03.006100,0.0,0.0,0.0
2022-01-14 05:15:04.005057,0.0,0.0,0.0
2022-01-14 05:15:04.510712,0.0,0.0,0.0
2022-01-14 05:15:05.008928,0.0,0.0,0.0
2022-01-14 05:15:05.503794,0.0,0.0,0.0
2022-01-14 05:15:06.001511,0.0,0.0,0.0
2022-01-14 05:15:06.505956,0.0,0.0,0.0
2022-01-14 05:15:07.003124,0.0,0.0,0.0
2022-01-14 05:15:07.509019,0.0,0.0,0.0
2022-01-14 05:15:08.007536,0.0,0.0,0.0
2022-01-14 05:15:08.505188,0.0,0.0,0.0
2022-01-14 05:15:09.003365,0.0,0.0,0.0
2022-01-14 05:15:09.508512,0.0,0.0,0.0
2022-01-14 05:15:10.005012,0.0,0.0,0.0
2022-01-14 05:15:10.510860,0.0,0.0,0.0
2022-01-14 05:15:11.009058,0.0,0.0,0.0
2022-01-14 05:15:11.505280,0.0,0.0,0.0
2022-01-14 05:15:12.003288,0.0,0.0,0.0
2022-01-14 05:15:12.507828,0.0,0.0,0.0
2022-01-14 05:15:13.008605,0.0,0.0,0.0
2022-01-14 05:15:13.503501,0.0,0.0,0.0
2022-01-14 05:15:14.010914,0.0,0.0,0.0
2022-01-14 05:15:14.506382,0.0,0.0,0.0
2022-01-14 05:15:15.005626,0.0,0.0,0.0
2022-01-14 05:15:15.507866,0.0,0.0,0.0
2022-01-14 05:15:16.003897,0.0,0.0,0.0
2022-01-14 05:15:16.509067,0.0,0.0,0.0
2022-01-14 05:15:17.007267,0.0,0.0,0.0
2022-01-14 05:15:17.503891,0.0,0.0,0.0
2022-01-14 05:15:18.002065,0.0,0.0,0.0
2022-01-14 05:15:18.507151,0.0,0.0,0.0
2022-01-14 05:15:19.005705,0.0,0.0,0.0
2022-01-14 05:15:19.510121,0.0,0.0,0.0
2022-01-14 05:15:20.009026,0.0,0.0,0.0
2022-01-14 05:15:20.503862,0.0,0.0,0.0
2022-01-14 05:15:21.002675,0.0,0.0,0.0
2022-01-14 05:15:21.507552,0.0,0.0,0.0
2022-01-14 05:15:22.007282,0.0,0.0,0.0
2022-01-14 05:15:22.511266,0.0,0.0,0.0
2022-01-14 05:15:23.010139,0.0,0.0,0.0
2022-01-14 05:15:23.505029,0.0,0.0,0.0
2022-01-14 05:15:24.003458,0.0,0.0,0.0
2022-01-14 05:15:24.508908,0.0,0.0,0.0
2022-01-14 05:15:25.006653,0.0,0.0,0.0
2022-01-14 05:15:25.510887,0.0,0.0,0.0
2022-01-14 05:15:26.009051,0.0,0.0,0.0
2022-01-14 05:15:26.505867,0.0,0.0,0.0
2022-01-14 05:15:27.004263,0.0,0.0,0.0
2022-01-14 05:15:27.509360,0.0,0.0,0.0
2022-01-14 05:15:28.008064,0.0,0.0,0.0
2022-01-14 05:15:28.503464,0.0,0.0,0.0
2022-01-14 05:15:29.001350,0.0,0.0,0.0
2022-01-14 05:15:29.506278,0.0,0.0,0.0
2022-01-14 05:15:30.005502,0.0,0.0,0.0
2022-01-14 05:15:30.501590,0.0,0.0,0.0
2022-01-14 05:15:31.010896,0.0,0.0,0.0
2022-01-14 05:15:31.506171,0.0,0.0,0.0
2022-01-14 05:15:32.004624,0.0,0.0,0.0
2022-01-14 05:15:32.510483,0.0,0.0,0.0
2022-01-14 05:15:33.008973,0.0,0.0,0.0
2022-01-14 05:15:33.502833,0.0,0.0,0.0
2022-01-14 05:15:34.001690,0.0,0.0,0.0
2022-01-14 05:15:34.506447,0.0,0.0,0.0
2022-01-14 05:15:35.004622,0.0,0.0,0.0
2022-01-14 05:15:35.501127,0.0,0.0,0.0
2022-01-14 05:15:36.009269,0.0,0.0,0.0
2022-01-14 05:15:36.505263,0.0,0.0,0.0
2022-01-14 05:15:37.002919,0.0,0.0,0.0
2022-01-14 05:15:37.509225,0.0,0.0,0.0
2022-01-14 05:15:38.002815,0.0,0.0,0.0
2022-01-14 05:15:38.507538,0.0,0.0,0.0
2022-01-14 05:15:39.005196,0.0,0.0,0.0
2022-01-14 05:15:39.510966,0.0,0.0,0.0
2022-01-14 05:15:40.001105,0.0,0.0,0.0
2022-01-14 05:15:40.505210,0.0,0.0,0.0
2022-01-14 05:15:41.003267,0.0,0.0,0.0
2022-01-14 05:15:41.508815,0.0,0.0,0.0
2022-01-14 05:15:42.006815,0.0,0.0,0.0
2022-01-14 05:15:42.503376,0.0,0.0,0.0
2022-01-14 05:15:43.004569,0.0,0.0,0.0
2022-01-14 05:15:43.508597,0.0,0.0,0.0
2022-01-14 05:15:44.005099,0.0,0.0,0.0
2022-01-14 05:15:45.005634,0.0,0.0,0.0
2022-01-14 05:15:45.510315,0.0,0.0,0.0
2022-01-14 05:15:46.007845,0.0,0.0,0.0
2022-01-14 05:15:46.503090,0.0,0.0,0.0
2022-01-14 05:15:47.001280,0.0,0.0,0.0
2022-01-14 05:15:47.507232,0.0,0.0,0.0
2022-01-14 05:15:48.006173,0.0,0.0,0.0
2022-01-14 05:15:48.501113,0.0,0.0,0.0
2022-01-14 05:15:49.010119,0.0,0.0,0.0
2022-01-14 05:15:49.506156,0.0,0.0,0.0
2022-01-14 05:15:50.003256,0.0,0.0,0.0
2022-01-14 05:15:50.509218,0.0,0.0,0.0
2022-01-14 05:15:51.007220,0.0,0.0,0.0
2022-01-14 05:15:51.501567,0.0,0.0,0.0
2022-01-14 05:15:52.009772,0.0,0.0,0.0
2022-01-14 05:15:52.503286,0.0,0.0,0.0
2022-01-14 05:15:53.505427,0.0,0.0,0.0
2022-01-14 05:15:54.002841,0.0,0.0,0.0
2022-01-14 05:15:54.509938,0.0,0.0,0.0
2022-01-14 05:15:55.007342,0.0,0.0,0.0
2022-01-14 05:15:55.502763,0.0,0.0,0.0
2022-01-14 05:15:56.001157,0.0,0.0,0.0
2022-01-14 05:15:56.505499,0.0,0.0,0.0
2022-01-14 05:15:57.001808,0.0,0.0,0.0
2022-01-14 05:15:57.506275,0.0,0.0,0.0
2022-01-14 05:15:58.003834,0.0,0.0,0.0
2022-01-14 05:15:58.508740,0.0,0.0,0.0
2022-01-14 05:15:59.008186,0.0,0.0,0.0
2022-01-14 05:15:59.502700,0.0,0.0,0.0
2022-01-14 05:16:00.009766,0.0,0.0,0.0
2022-01-14 05:16:00.503698,0.0,0.0,0.0
2022-01-14 05:16:01.002014,0.0,0.0,0.0
2022-01-14 05:16:01.507068,0.0,0.0,0.0
2022-01-14 05:16:02.005935,0.0,0.0,0.0
2022-01-14 05:16:02.501703,0.0,0.0,0.0
2022-01-14 05:16:03.001119,0.0,0.0,0.0
2022-01-14 05:16:03.505707,0.0,0.0,0.0
2022-01-14 05:16:04.005346,0.0,0.0,0.0
2022-01-14 05:16:04.509065,0.0,0.0,0.0
2022-01-14 05:16:05.007467,0.0,0.0,0.0
2022-01-14 05:16:05.501390,0.0,0.0,0.0
2022-01-14 05:16:06.009250,0.0,0.0,0.0
2022-01-14 05:16:06.504403,0.0,0.0,0.0
2022-01-14 05:16:07.004122,0.0,0.0,0.0
2022-01-14 05:16:07.509983,0.0,0.0,0.0
2022-01-14 05:16:08.008557,0.0,0.0,0.0
2022-01-14 05:16:08.502282,0.0,0.0,0.0
2022-01-14 05:16:09.001281,0.0,0.0,0.0
2022-01-14 05:16:09.506929,0.0,0.0,0.0
2022-01-14 05:16:10.004855,0.0,0.0,0.0
2022-01-14 05:16:10.509636,0.0,0.0,0.0
2022-01-14 05:16:11.006453,0.0,0.0,0.0
2022-01-14 05:16:11.502292,0.0,0.0,0.0
2022-01-14 05:16:12.001829,0.0,0.0,0.0
2022-01-14 05:16:13.005442,0.0,0.0,0.0
2022-01-14 05:16:13.501532,0.0,0.0,0.0
2022-01-14 05:16:14.009111,0.0,0.0,0.0
2022-01-14 05:16:14.505239,0.0,0.0,0.0
2022-01-14 05:16:15.002687,0.0,0.0,0.0
2022-01-14 05:16:15.506937,0.0,0.0,0.0
2022-01-14 05:16:16.005130,0.0,0.0,0.0
2022-01-14 05:16:16.510724,0.0,0.0,0.0
2022-01-14 05:16:17.010947,0.0,0.0,0.0
2022-01-14 05:16:17.510096,0.0,0.0,0.0
2022-01-14 05:16:18.004239,0.0,0.0,0.0
2022-01-14 05:16:18.509058,0.0,0.0,0.0
2022-01-14 05:16:19.007076,0.0,0.0,0.0
2022-01-14 05:16:19.510856,0.0,0.0,0.0
2022-01-14 05:16:20.010123,0.0,0.0,0.0
2022-01-14 05:16:20.505596,0.0,0.0,0.0
2022-01-14 05:16:21.004107,0.0,0.0,0.0
2022-01-14 05:16:21.511159,0.0,0.0,0.0
2022-01-14 05:16:22.009511,0.0,0.0,0.0
2022-01-14 05:16:22.504808,0.0,0.0,0.0
2022-01-14 05:16:23.003767,0.0,0.0,0.0
2022-01-14 05:16:23.508759,0.0,0.0,0.0
2022-01-14 05:16:24.007335,0.0,0.0,0.0
2022-01-14 05:16:24.501550,0.0,0.0,0.0
2022-01-14 05:16:25.009855,0.0,0.0,0.0
2022-01-14 05:16:25.501425,0.0,0.0,0.0
2022-01-14 05:16:26.009773,0.0,0.0,0.0
2022-01-14 05:16:26.505723,0.0,0.0,0.0
2022-01-14 05:16:27.004566,0.0,0.0,0.0
2022-01-14 05:16:27.509725,0.0,0.0,0.0
2022-01-14 05:16:28.008596,0.0,0.0,0.0
2022-01-14 05:16:28.503771,0.0,0.0,0.0
2022-01-14 05:16:29.001673,0.0,0.0,0.0
2022-01-14 05:16:29.507739,0.0,0.0,0.0
2022-01-14 05:16:30.005781,0.0,0.0,0.0
2022-01-14 05:16:30.504300,0.0,0.0,0.0
2022-01-14 05:16:31.001940,0.0,0.0,0.0
2022-01-14 05:16:31.506689,0.0,0.0,0.0
2022-01-14 05:16:32.006727,0.0,0.0,0.0
2022-01-14 05:16:32.502159,0.0,0.0,0.0
2022-01-14 05:16:33.010999,0.0,0.0,0.0
2022-01-14 05:16:33.506485,0.0,0.0,0.0
2022-01-14 05:16:34.005112,0.0,0.0,0.0
2022-01-14 05:16:34.501889,0.0,0.0,0.0
2022-01-14 05:16:35.010375,0.0,0.0,0.0
2022-01-14 05:16:35.506738,0.0,0.0,0.0
2022-01-14 05:16:36.005935,0.0,0.0,0.0
2022-01-14 05:16:36.509942,0.0,0.0,0.0
2022-01-14 05:16:37.008686,0.0,0.0,0.0
2022-01-14 05:16:37.503125,0.0,0.0,0.0
2022-01-14 05:16:38.010373,0.0,0.0,0.0
2022-01-14 05:16:38.507252,0.0,0.0,0.0
2022-01-14 05:16:39.006853,0.0,0.0,0.0
2022-01-14 05:16:39.505316,0.0,0.0,0.0
2022-01-14 05:16:40.001882,0.0,0.0,0.0
2022-01-14 05:16:40.506548,0.0,0.0,0.0
2022-01-14 05:16:41.006159,0.0,0.0,0.0
2022-01-14 05:16:41.502012,0.0,0.0,0.0
2022-01-14 05:16:42.010742,0.0,0.0,0.0
2022-01-14 05:16:42.505399,0.0,0.0,0.0
2022-01-14 05:16:43.003336,0.0,0.0,0.0
2022-01-14 05:16:43.502964,0.0,0.0,0.0
2022-01-14 05:16:44.001649,0.0,0.0,0.0
2022-01-14 05:16:44.507484,0.0,0.0,0.0
2022-01-14 05:16:45.005377,0.0,0.0,0.0
2022-01-14 05:16:45.501503,0.0,0.0,0.0
2022-01-14 05:16:46.008540,0.0,0.0,0.0
2022-01-14 05:16:46.501295,0.0,0.0,0.0
2022-01-14 05:16:47.006660,0.0,0.0,0.0
2022-01-14 05:16:47.507359,0.0,0.0,0.0
2022-01-14 05:16:48.005441,0.0,0.0,0.0
2022-01-14 05:16:48.501592,0.0,0.0,0.0
2022-01-14 05:16:49.009714,0.0,0.0,0.0
2022-01-14 05:16:49.503873,0.0,0.0,0.0
2022-01-14 05:16:50.010928,0.0,0.0,0.0
2022-01-14 05:16:50.504837,0.0,0.0,0.0
2022-01-14 05:16:51.002824,0.0,0.0,0.0
2022-01-14 05:16:51.509013,0.0,0.0,0.0
2022-01-14 05:16:52.005787,0.0,0.0,0.0
2022-01-14 05:16:52.502445,0.0,0.0,0.0
2022-01-14 05:16:53.002860,0.0,0.0,0.0
2022-01-14 05:16:53.508276,0.0,0.0,0.0
2022-01-14 05:16:54.006386,0.0,0.0,0.0
2022-01-14 05:16:54.511250,0.0,0.0,0.0
2022-01-14 05:16:55.008894,0.0,0.0,0.0
2022-01-14 05:16:55.502839,0.0,0.0,0.0
2022-01-14 05:16:56.504883,0.0,0.0,0.0
2022-01-14 05:16:57.002988,0.0,0.0,0.0
2022-01-14 05:16:57.509567,0.0,0.0,0.0
2022-01-14 05:16:58.008823,0.0,0.0,0.0
2022-01-14 05:16:58.504534,0.0,0.0,0.0
2022-01-14 05:16:59.002097,0.0,0.0,0.0
2022-01-14 05:16:59.507558,0.0,0.0,0.0
2022-01-14 05:17:00.004922,0.0,0.0,0.0
2022-01-14 05:17:00.509944,0.0,0.0,0.0
2022-01-14 05:17:01.009026,0.0,0.0,0.0
2022-01-14 05:17:01.503605,0.0,0.0,0.0
2022-01-14 05:17:02.002824,0.0,0.0,0.0
2022-01-14 05:17:02.507012,0.0,0.0,0.0
2022-01-14 05:17:03.005330,0.0,0.0,0.0
2022-01-14 05:17:03.509956,0.0,0.0,0.0
2022-01-14 05:17:04.007299,0.0,0.0,0.0
2022-01-14 05:17:04.502743,0.0,0.0,0.0
2022-01-14 05:17:05.002808,0.0,0.0,0.0
2022-01-14 05:17:05.510132,0.0,0.0,0.0
2022-01-14 05:17:06.008068,0.0,0.0,0.0
2022-01-14 05:17:06.502642,0.0,0.0,0.0
2022-01-14 05:17:07.010466,0.0,0.0,0.0
2022-01-14 05:17:07.504988,0.0,0.0,0.0
2022-01-14 05:17:08.002107,0.0,0.0,0.0
2022-01-14 05:17:08.507751,0.0,0.0,0.0
2022-01-14 05:17:09.004941,0.0,0.0,0.0
2022-01-14 05:17:09.510128,0.0,0.0,0.0
2022-01-14 05:17:10.007336,0.0,0.0,0.0
2022-01-14 05:17:10.502167,0.0,0.0,0.0
2022-01-14 05:17:11.010971,0.0,0.0,0.0
2022-01-14 05:17:11.505822,0.0,0.0,0.0
2022-01-14 05:17:12.003479,0.0,0.0,0.0
2022-01-14 05:17:12.508868,0.0,0.0,0.0
2022-01-14 05:17:13.007031,0.0,0.0,0.0
2022-01-14 05:17:13.509570,0.0,0.0,0.0
2022-01-14 05:17:14.010088,0.0,0.0,0.0
2022-01-14 05:17:14.503726,0.0,0.0,0.0
2022-01-14 05:17:15.001566,0.0,0.0,0.0
2022-01-14 05:17:15.511211,0.0,0.0,0.0
2022-01-14 05:17:16.005227,0.0,0.0,0.0
2022-01-14 05:17:16.509449,0.0,0.0,0.0
2022-01-14 05:17:17.001389,0.0,0.0,0.0
2022-01-14 05:17:17.507694,0.0,0.0,0.0
2022-01-14 05:17:18.003826,0.0,0.0,0.0
2022-01-14 05:17:18.510063,0.0,0.0,0.0
2022-01-14 05:17:19.009528,0.0,0.0,0.0
2022-01-14 05:17:19.505404,0.0,0.0,0.0
2022-01-14 05:17:20.003077,0.0,0.0,0.0
2022-01-14 05:17:20.501674,0.0,0.0,0.0
2022-01-14 05:17:21.010396,0.0,0.0,0.0
2022-01-14 05:17:21.504519,0.0,0.0,0.0
2022-01-14 05:17:22.002189,0.0,0.0,0.0
2022-01-14 05:17:22.508675,0.0,0.0,0.0
2022-01-14 05:17:23.005630,0.0,0.0,0.0
2022-01-14 05:17:23.510557,0.0,0.0,0.0
2022-01-14 05:17:24.006722,0.0,0.0,0.0
2022-01-14 05:17:24.502162,0.0,0.0,0.0
2022-01-14 05:17:25.505477,0.0,0.0,0.0
2022-01-14 05:17:26.005064,0.0,0.0,0.0
2022-01-14 05:17:26.510166,0.0,0.0,0.0
2022-01-14 05:17:27.007958,0.0,0.0,0.0
2022-01-14 05:17:27.503624,0.0,0.0,0.0
2022-01-14 05:17:28.003547,0.0,0.0,0.0
2022-01-14 05:17:28.509908,0.0,0.0,0.0
2022-01-14 05:17:29.007769,0.0,0.0,0.0
2022-01-14 05:17:29.502901,0.0,0.0,0.0
2022-01-14 05:17:30.505088,0.0,0.0,0.0
2022-01-14 05:17:31.003458,0.0,0.0,0.0
2022-01-14 05:17:31.510027,0.0,0.0,0.0
2022-01-14 05:17:32.008473,0.0,0.0,0.0
2022-01-14 05:17:32.503686,0.0,0.0,0.0
2022-01-14 05:17:33.004344,0.0,0.0,0.0
2022-01-14 05:17:33.509419,0.0,0.0,0.0
2022-01-14 05:17:34.006407,0.0,0.0,0.0
2022-01-14 05:17:34.501716,0.0,0.0,0.0
2022-01-14 05:17:35.004605,0.0,0.0,0.0
2022-01-14 05:17:35.509616,0.0,0.0,0.0
2022-01-14 05:17:36.008765,0.0,0.0,0.0
2022-01-14 05:17:36.503513,0.0,0.0,0.0
2022-01-14 05:17:37.001819,0.0,0.0,0.0
2022-01-14 05:17:37.509061,0.0,0.0,0.0
2022-01-14 05:17:38.006738,0.0,0.0,0.0
2022-01-14 05:17:38.501957,0.0,0.0,0.0
2022-01-14 05:17:39.010510,0.0,0.0,0.0
2022-01-14 05:17:39.505711,0.0,0.0,0.0
2022-01-14 05:17:40.002577,0.0,0.0,0.0
2022-01-14 05:17:40.508696,0.0,0.0,0.0
2022-01-14 05:17:41.006751,0.0,0.0,0.0
2022-01-14 05:17:41.503334,0.0,0.0,0.0
2022-01-14 05:17:42.004176,0.0,0.0,0.0
2022-01-14 05:17:43.005841,0.0,0.0,0.0
2022-01-14 05:17:43.508548,0.0,0.0,0.0
2022-01-14 05:17:44.006147,0.0,0.0,0.0
2022-01-14 05:17:44.510314,0.0,0.0,0.0
2022-01-14 05:17:45.008692,0.0,0.0,0.0
2022-01-14 05:17:45.502056,0.0,0.0,0.0
2022-01-14 05:17:46.000992,0.0,0.0,0.0
2022-01-14 05:17:46.507463,0.0,0.0,0.0
2022-01-14 05:17:47.005643,0.0,0.0,0.0
2022-01-14 05:17:47.509841,0.0,0.0,0.0
2022-01-14 05:17:48.008755,0.0,0.0,0.0
2022-01-14 05:17:48.503973,0.0,0.0,0.0
2022-01-14 05:17:49.001100,0.0,0.0,0.0
2022-01-14 05:17:49.507211,0.0,0.0,0.0
2022-01-14 05:17:50.005652,0.0,0.0,0.0
2022-01-14 05:17:50.501324,0.0,0.0,0.0
2022-01-14 05:17:51.010372,0.0,0.0,0.0
2022-01-14 05:17:51.505959,0.0,0.0,0.0
2022-01-14 05:17:52.003937,0.0,0.0,0.0
2022-01-14 05:17:52.509526,0.0,0.0,0.0
2022-01-14 05:17:53.007304,0.0,0.0,0.0
2022-01-14 05:17:53.504604,0.0,0.0,0.0
2022-01-14 05:17:54.003560,0.0,0.0,0.0
2022-01-14 05:17:54.507068,0.0,0.0,0.0
2022-01-14 05:17:55.006023,0.0,0.0,0.0
2022-01-14 05:17:55.502136,0.0,0.0,0.0
2022-01-14 05:17:56.010641,0.0,0.0,0.0
2022-01-14 05:17:56.505971,0.0,0.0,0.0
2022-01-14 05:17:57.004454,0.0,0.0,0.0
2022-01-14 05:17:57.509887,0.0,0.0,0.0
2022-01-14 05:17:58.008624,0.0,0.0,0.0
2022-01-14 05:17:58.502491,0.0,0.0,0.0
2022-01-14 05:17:59.001202,0.0,0.0,0.0
2022-01-14 05:17:59.508183,0.0,0.0,0.0
2022-01-14 05:18:00.005796,0.0,0.0,0.0
2022-01-14 05:18:00.509952,0.0,0.0,0.0
2022-01-14 05:18:01.007429,0.0,0.0,0.0
2022-01-14 05:18:01.502347,0.0,0.0,0.0
2022-01-14 05:18:02.002264,0.0,0.0,0.0
2022-01-14 05:18:02.508235,0.0,0.0,0.0
2022-01-14 05:18:03.009647,0.0,0.0,0.0
2022-01-14 05:18:03.507000,0.0,0.0,0.0
2022-01-14 05:18:04.005981,0.0,0.0,0.0
2022-01-14 05:18:04.502068,0.0,0.0,0.0
2022-01-14 05:18:05.010356,0.0,0.0,0.0
2022-01-14 05:18:05.503997,0.0,0.0,0.0
2022-01-14 05:18:06.001623,0.0,0.0,0.0
2022-01-14 05:18:06.508621,0.0,0.0,0.0
2022-01-14 05:18:07.007123,0.0,0.0,0.0
2022-01-14 05:18:07.503367,0.0,0.0,0.0
2022-01-14 05:18:08.002280,0.0,0.0,0.0
2022-01-14 05:18:08.509130,0.0,0.0,0.0
2022-01-14 05:18:09.006461,0.0,0.0,0.0
2022-01-14 05:18:09.502303,0.0,0.0,0.0
2022-01-14 05:18:10.010257,0.0,0.0,0.0
2022-01-14 05:18:10.505183,0.0,0.0,0.0
2022-01-14 05:18:11.003490,0.0,0.0,0.0
2022-01-14 05:18:11.508615,0.0,0.0,0.0
2022-01-14 05:18:12.008989,0.0,0.0,0.0
2022-01-14 05:18:12.505435,0.0,0.0,0.0
2022-01-14 05:18:13.005495,0.0,0.0,0.0
2022-01-14 05:18:13.510817,0.0,0.0,0.0
2022-01-14 05:18:14.010141,0.0,0.0,0.0
2022-01-14 05:18:14.505873,0.0,0.0,0.0
2022-01-14 05:18:15.003646,0.0,0.0,0.0
2022-01-14 05:18:15.509185,0.0,0.0,0.0
2022-01-14 05:18:16.007458,0.0,0.0,0.0
2022-01-14 05:18:16.504211,0.0,0.0,0.0
2022-01-14 05:18:17.002213,0.0,0.0,0.0
2022-01-14 05:18:17.507859,0.0,0.0,0.0
2022-01-14 05:18:18.005555,0.0,0.0,0.0
2022-01-14 05:18:18.510636,0.0,0.0,0.0
2022-01-14 05:18:19.008800,0.0,0.0,0.0
2022-01-14 05:18:19.504441,0.0,0.0,0.0
2022-01-14 05:18:20.001513,0.0,0.0,0.0
2022-01-14 05:18:20.507028,0.0,0.0,0.0
2022-01-14 05:18:21.005932,0.0,0.0,0.0
2022-01-14 05:18:21.503346,0.0,0.0,0.0
2022-01-14 05:18:22.011054,0.0,0.0,0.0
2022-01-14 05:18:22.507307,0.0,0.0,0.0
2022-01-14 05:18:23.005821,0.0,0.0,0.0
2022-01-14 05:18:23.504357,0.0,0.0,0.0
2022-01-14 05:18:24.003013,0.0,0.0,0.0
2022-01-14 05:18:24.509359,0.0,0.0,0.0
2022-01-14 05:18:25.007187,0.0,0.0,0.0
2022-01-14 05:18:25.504966,0.0,0.0,0.0
2022-01-14 05:18:26.002327,0.0,0.0,0.0
2022-01-14 05:18:26.509582,0.0,0.0,0.0
2022-01-14 05:18:27.007366,0.0,0.0,0.0
2022-01-14 05:18:27.501496,0.0,0.0,0.0
2022-01-14 05:18:28.001919,0.0,0.0,0.0
2022-01-14 05:18:28.507449,0.0,0.0,0.0
2022-01-14 05:18:29.005139,0.0,0.0,0.0
2022-01-14 05:18:29.510844,0.0,0.0,0.0
2022-01-14 05:18:30.010912,0.0,0.0,0.0
2022-01-14 05:18:30.507013,0.0,0.0,0.0
2022-01-14 05:18:31.006994,0.0,0.0,0.0
2022-01-14 05:18:31.502260,0.0,0.0,0.0
2022-01-14 05:18:32.010041,0.0,0.0,0.0
2022-01-14 05:18:32.505309,0.0,0.0,0.0
2022-01-14 05:18:33.002839,0.0,0.0,0.0
2022-01-14 05:18:33.503027,0.0,0.0,0.0
2022-01-14 05:18:34.001533,0.0,0.0,0.0
2022-01-14 05:18:34.505589,0.0,0.0,0.0
2022-01-14 05:18:35.007279,0.0,0.0,0.0
2022-01-14 05:18:35.502450,0.0,0.0,0.0
2022-01-14 05:18:36.010569,0.0,0.0,0.0
2022-01-14 05:18:36.505332,0.0,0.0,0.0
2022-01-14 05:18:37.003611,0.0,0.0,0.0
2022-01-14 05:18:37.509189,0.0,0.0,0.0
2022-01-14 05:18:38.006456,0.0,0.0,0.0
2022-01-14 05:18:38.502497,0.0,0.0,0.0
2022-01-14 05:18:39.001455,0.0,0.0,0.0
2022-01-14 05:18:39.507875,0.0,0.0,0.0
2022-01-14 05:18:40.005383,0.0,0.0,0.0
2022-01-14 05:18:40.510609,0.0,0.0,0.0
2022-01-14 05:18:41.008679,0.0,0.0,0.0
2022-01-14 05:18:41.503583,0.0,0.0,0.0
2022-01-14 05:18:42.003204,0.0,0.0,0.0
2022-01-14 05:18:42.507859,0.0,0.0,0.0
2022-01-14 05:18:43.006345,0.0,0.0,0.0
2022-01-14 05:18:43.501714,0.0,0.0,0.0
2022-01-14 05:18:44.001867,0.0,0.0,0.0
2022-01-14 05:18:44.507370,0.0,0.0,0.0
2022-01-14 05:18:45.004469,0.0,0.0,0.0
2022-01-14 05:18:45.510442,0.0,0.0,0.0
2022-01-14 05:18:46.008507,0.0,0.0,0.0
2022-01-14 05:18:46.502636,0.0,0.0,0.0
2022-01-14 05:18:47.010965,0.0,0.0,0.0
2022-01-14 05:18:47.505991,0.0,0.0,0.0
2022-01-14 05:18:48.003519,0.0,0.0,0.0
2022-01-14 05:18:48.501808,0.0,0.0,0.0
2022-01-14 05:18:49.010106,0.0,0.0,0.0
2022-01-14 05:18:49.505719,0.0,0.0,0.0
2022-01-14 05:18:50.004793,0.0,0.0,0.0
2022-01-14 05:18:50.510210,0.0,0.0,0.0
2022-01-14 05:18:51.008471,0.0,0.0,0.0
2022-01-14 05:18:51.503690,0.0,0.0,0.0
2022-01-14 05:18:52.007592,0.0,0.0,0.0
2022-01-14 05:18:52.508421,0.0,0.0,0.0
2022-01-14 05:18:53.007044,0.0,0.0,0.0
2022-01-14 05:18:53.503868,0.0,0.0,0.0
2022-01-14 05:18:54.002052,0.0,0.0,0.0
2022-01-14 05:18:54.507106,0.0,0.0,0.0
2022-01-14 05:18:55.006280,0.0,0.0,0.0
2022-01-14 05:18:55.501357,0.0,0.0,0.0
2022-01-14 05:18:56.009715,0.0,0.0,0.0
2022-01-14 05:18:56.505698,0.0,0.0,0.0
2022-01-14 05:18:57.004969,0.0,0.0,0.0
2022-01-14 05:18:57.501047,0.0,0.0,0.0
2022-01-14 05:18:58.008504,0.0,0.0,0.0
2022-01-14 05:18:58.503701,0.0,0.0,0.0
2022-01-14 05:18:59.001563,0.0,0.0,0.0
2022-01-14 05:18:59.505554,0.0,0.0,0.0
2022-01-14 05:19:00.004391,0.0,0.0,0.0
2022-01-14 05:19:00.508711,0.0,0.0,0.0
2022-01-14 05:19:01.007064,0.0,0.0,0.0
2022-01-14 05:19:01.506131,0.0,0.0,0.0
2022-01-14 05:19:02.008523,0.0,0.0,0.0
2022-01-14 05:19:02.510320,0.0,0.0,0.0
2022-01-14 05:19:03.004532,0.0,0.0,0.0
2022-01-14 05:19:03.509032,0.0,0.0,0.0
2022-01-14 05:19:04.005661,0.0,0.0,0.0
2022-01-14 05:19:04.510522,0.0,0.0,0.0
2022-01-14 05:19:05.009050,0.0,0.0,0.0
2022-01-14 05:19:05.503617,0.0,0.0,0.0
2022-01-14 05:19:06.003942,0.0,0.0,0.0
2022-01-14 05:19:06.509491,0.0,0.0,0.0
2022-01-14 05:19:07.007864,0.0,0.0,0.0
2022-01-14 05:19:07.503324,0.0,0.0,0.0
2022-01-14 05:19:08.002297,0.0,0.0,0.0
2022-01-14 05:19:08.507907,0.0,0.0,0.0
2022-01-14 05:19:09.006406,0.0,0.0,0.0
2022-01-14 05:19:09.501566,0.0,0.0,0.0
2022-01-14 05:19:10.001673,0.0,0.0,0.0
2022-01-14 05:19:10.509423,0.0,0.0,0.0
2022-01-14 05:19:11.007804,0.0,0.0,0.0
2022-01-14 05:19:11.502586,0.0,0.0,0.0
2022-01-14 05:19:12.001358,0.0,0.0,0.0
2022-01-14 05:19:12.506186,0.0,0.0,0.0
2022-01-14 05:19:13.002687,0.0,0.0,0.0
2022-01-14 05:19:13.509962,0.0,0.0,0.0
2022-01-14 05:19:14.008315,0.0,0.0,0.0
2022-01-14 05:19:14.503794,0.0,0.0,0.0
2022-01-14 05:19:15.002039,0.0,0.0,0.0
2022-01-14 05:19:15.506896,0.0,0.0,0.0
2022-01-14 05:19:16.007812,0.0,0.0,0.0
2022-01-14 05:19:16.510504,0.0,0.0,0.0
2022-01-14 05:19:17.007784,0.0,0.0,0.0
2022-01-14 05:19:17.503303,0.0,0.0,0.0
2022-01-14 05:19:18.003028,0.0,0.0,0.0
2022-01-14 05:19:18.508209,0.0,0.0,0.0
2022-01-14 05:19:19.007016,0.0,0.0,0.0
2022-01-14 05:19:19.503476,0.0,0.0,0.0
2022-01-14 05:19:20.001104,0.0,0.0,0.0
2022-01-14 05:19:20.506432,0.0,0.0,0.0
2022-01-14 05:19:21.005787,0.0,0.0,0.0
2022-01-14 05:19:21.510901,0.0,0.0,0.0
2022-01-14 05:19:22.008410,0.0,0.0,0.0
2022-01-14 05:19:22.503687,0.0,0.0,0.0
2022-01-14 05:19:23.001695,0.0,0.0,0.0
2022-01-14 05:19:23.508759,0.0,0.0,0.0
2022-01-14 05:19:24.006238,0.0,0.0,0.0
2022-01-14 05:19:24.501154,0.0,0.0,0.0
2022-01-14 05:19:25.008151,0.0,0.0,0.0
2022-01-14 05:19:25.503724,0.0,0.0,0.0
2022-01-14 05:19:26.002563,0.0,0.0,0.0
2022-01-14 05:19:26.509466,0.0,0.0,0.0
2022-01-14 05:19:27.007068,0.0,0.0,0.0
2022-01-14 05:19:27.504155,0.0,0.0,0.0
2022-01-14 05:19:28.003841,0.0,0.0,0.0
2022-01-14 05:19:28.510733,0.0,0.0,0.0
2022-01-14 05:19:29.001462,0.0,0.0,0.0
2022-01-14 05:19:29.506234,0.0,0.0,0.0
2022-01-14 05:19:30.004475,0.0,0.0,0.0
2022-01-14 05:19:30.509266,0.0,0.0,0.0
2022-01-14 05:19:31.006792,0.0,0.0,0.0
2022-01-14 05:19:31.501424,0.0,0.0,0.0
2022-01-14 05:19:32.008603,0.0,0.0,0.0
2022-01-14 05:19:32.504986,0.0,0.0,0.0
2022-01-14 05:19:33.002997,0.0,0.0,0.0
2022-01-14 05:19:33.510104,0.0,0.0,0.0
2022-01-14 05:19:34.008975,0.0,0.0,0.0
2022-01-14 05:19:34.503877,0.0,0.0,0.0
2022-01-14 05:19:35.002216,0.0,0.0,0.0
2022-01-14 05:19:35.507675,0.0,0.0,0.0
2022-01-14 05:19:36.004803,0.0,0.0,0.0
2022-01-14 05:19:36.511218,0.0,0.0,0.0
2022-01-14 05:19:37.009872,0.0,0.0,0.0
2022-01-14 05:19:37.508155,0.0,0.0,0.0
2022-01-14 05:19:38.006138,0.0,0.0,0.0
2022-01-14 05:19:38.502069,0.0,0.0,0.0
2022-01-14 05:19:39.002736,0.0,0.0,0.0
2022-01-14 05:19:39.508777,0.0,0.0,0.0
2022-01-14 05:19:40.005605,0.0,0.0,0.0
2022-01-14 05:19:40.501152,0.0,0.0,0.0
2022-01-14 05:19:41.001590,0.0,0.0,0.0
2022-01-14 05:19:41.506932,0.0,0.0,0.0
2022-01-14 05:19:42.007026,0.0,0.0,0.0
2022-01-14 05:19:42.510748,0.0,0.0,0.0
2022-01-14 05:19:43.008552,0.0,0.0,0.0
2022-01-14 05:19:43.504808,0.0,0.0,0.0
2022-01-14 05:19:44.002699,0.0,0.0,0.0
2022-01-14 05:19:44.510161,0.0,0.0,0.0
2022-01-14 05:19:45.008285,0.0,0.0,0.0
2022-01-14 05:19:45.504203,0.0,0.0,0.0
2022-01-14 05:19:46.001761,0.0,0.0,0.0
2022-01-14 05:19:46.507381,0.0,0.0,0.0
2022-01-14 05:19:47.005111,0.0,0.0,0.0
2022-01-14 05:19:47.511131,0.0,0.0,0.0
2022-01-14 05:19:48.009203,0.0,0.0,0.0
2022-01-14 05:19:48.503879,0.0,0.0,0.0
2022-01-14 05:19:49.001771,0.0,0.0,0.0
2022-01-14 05:19:49.507877,0.0,0.0,0.0
2022-01-14 05:19:50.005444,0.0,0.0,0.0
2022-01-14 05:19:50.510761,0.0,0.0,0.0
2022-01-14 05:19:51.009489,0.0,0.0,0.0
2022-01-14 05:19:51.505738,0.0,0.0,0.0
2022-01-14 05:19:52.005906,0.0,0.0,0.0
2022-01-14 05:19:52.501367,0.0,0.0,0.0
2022-01-14 05:19:53.008587,0.0,0.0,0.0
2022-01-14 05:19:53.502736,0.0,0.0,0.0
2022-01-14 05:19:54.010820,0.0,0.0,0.0
2022-01-14 05:19:54.507628,0.0,0.0,0.0
2022-01-14 05:19:55.005779,0.0,0.0,0.0
2022-01-14 05:19:55.502462,0.0,0.0,0.0
2022-01-14 05:19:56.001204,0.0,0.0,0.0
2022-01-14 05:19:56.507132,0.0,0.0,0.0
2022-01-14 05:19:57.006293,0.0,0.0,0.0
2022-01-14 05:19:57.502158,0.0,0.0,0.0
2022-01-14 05:19:58.001448,0.0,0.0,0.0
2022-01-14 05:19:58.506386,0.0,0.0,0.0
2022-01-14 05:19:59.005203,0.0,0.0,0.0
2022-01-14 05:19:59.510072,0.0,0.0,0.0
2022-01-14 05:20:00.009123,0.0,0.0,0.0
2022-01-14 05:20:00.506132,0.0,0.0,0.0
2022-01-14 05:20:01.003519,0.0,0.0,0.0
2022-01-14 05:20:01.509110,0.0,0.0,0.0
2022-01-14 05:20:02.007113,0.0,0.0,0.0
2022-01-14 05:20:02.502411,0.0,0.0,0.0
2022-01-14 05:20:03.001189,0.0,0.0,0.0
2022-01-14 05:20:03.507537,0.0,0.0,0.0
2022-01-14 05:20:04.005105,0.0,0.0,0.0
2022-01-14 05:20:04.510897,0.0,0.0,0.0
2022-01-14 05:20:05.010224,0.0,0.0,0.0
2022-01-14 05:20:05.506102,0.0,0.0,0.0
2022-01-14 05:20:06.009279,0.0,0.0,0.0
2022-01-14 05:20:06.503658,0.0,0.0,0.0
2022-01-14 05:20:07.002709,0.0,0.0,0.0
2022-01-14 05:20:07.508727,0.0,0.0,0.0
2022-01-14 05:20:08.007164,0.0,0.0,0.0
2022-01-14 05:20:08.505102,0.0,0.0,0.0
2022-01-14 05:20:09.003741,0.0,0.0,0.0
2022-01-14 05:20:09.508627,0.0,0.0,0.0
2022-01-14 05:20:10.005597,0.0,0.0,0.0
2022-01-14 05:20:10.501271,0.0,0.0,0.0
2022-01-14 05:20:11.505637,0.0,0.0,0.0
2022-01-14 05:20:12.003338,0.0,0.0,0.0
2022-01-14 05:20:12.508262,0.0,0.0,0.0
2022-01-14 05:20:13.005626,0.0,0.0,0.0
2022-01-14 05:20:14.004294,0.0,0.0,0.0
2022-01-14 05:20:14.506077,0.0,0.0,0.0
2022-01-14 05:20:15.001349,0.0,0.0,0.0
2022-01-14 05:20:15.510775,0.0,0.0,0.0
2022-01-14 05:20:16.002115,0.0,0.0,0.0
2022-01-14 05:20:16.503662,0.0,0.0,0.0
2022-01-14 05:20:17.001496,0.0,0.0,0.0
2022-01-14 05:20:17.505673,0.0,0.0,0.0
2022-01-14 05:20:18.005102,0.0,0.0,0.0
2022-01-14 05:20:18.503675,0.0,0.0,0.0
2022-01-14 05:20:19.002132,0.0,0.0,0.0
2022-01-14 05:20:19.506886,0.0,0.0,0.0
2022-01-14 05:20:20.005545,0.0,0.0,0.0
2022-01-14 05:20:20.509536,0.0,0.0,0.0
2022-01-14 05:20:21.008317,0.0,0.0,0.0
2022-01-14 05:20:21.505054,0.0,0.0,0.0
2022-01-14 05:20:22.005891,0.0,0.0,0.0
2022-01-14 05:20:22.501745,0.0,0.0,0.0
2022-01-14 05:20:23.002894,0.0,0.0,0.0
2022-01-14 05:20:23.507898,0.0,0.0,0.0
2022-01-14 05:20:24.006258,0.0,0.0,0.0
2022-01-14 05:20:24.502185,0.0,0.0,0.0
2022-01-14 05:20:25.010174,0.0,0.0,0.0
2022-01-14 05:20:25.505008,0.0,0.0,0.0
2022-01-14 05:20:26.002652,0.0,0.0,0.0
2022-01-14 05:20:26.509109,0.0,0.0,0.0
2022-01-14 05:20:27.006488,0.0,0.0,0.0
2022-01-14 05:20:27.503890,0.0,0.0,0.0
2022-01-14 05:20:28.001937,0.0,0.0,0.0
2022-01-14 05:20:28.506253,0.0,0.0,0.0
2022-01-14 05:20:29.004440,0.0,0.0,0.0
2022-01-14 05:20:29.509085,0.0,0.0,0.0
2022-01-14 05:20:30.007806,0.0,0.0,0.0
2022-01-14 05:20:30.502741,0.0,0.0,0.0
2022-01-14 05:20:31.010735,0.0,0.0,0.0
2022-01-14 05:20:31.506429,0.0,0.0,0.0
2022-01-14 05:20:32.006547,0.0,0.0,0.0
2022-01-14 05:20:32.501355,0.0,0.0,0.0
2022-01-14 05:20:33.010001,0.0,0.0,0.0
2022-01-14 05:20:33.506807,0.0,0.0,0.0
2022-01-14 05:20:34.005716,0.0,0.0,0.0
2022-01-14 05:20:34.501261,0.0,0.0,0.0
2022-01-14 05:20:35.008825,0.0,0.0,0.0
2022-01-14 05:20:35.503770,0.0,0.0,0.0
2022-01-14 05:20:36.001374,0.0,0.0,0.0
2022-01-14 05:20:36.506972,0.0,0.0,0.0
2022-01-14 05:20:37.006510,0.0,0.0,0.0
2022-01-14 05:20:37.502338,0.0,0.0,0.0
2022-01-14 05:20:38.001262,0.0,0.0,0.0
2022-01-14 05:20:38.506224,0.0,0.0,0.0
2022-01-14 05:20:39.004287,0.0,0.0,0.0
2022-01-14 05:20:39.510047,0.0,0.0,0.0
2022-01-14 05:20:40.007494,0.0,0.0,0.0
2022-01-14 05:20:40.502747,0.0,0.0,0.0
2022-01-14 05:20:41.002156,0.0,0.0,0.0
2022-01-14 05:20:41.507840,0.0,0.0,0.0
2022-01-14 05:20:42.006002,0.0,0.0,0.0
2022-01-14 05:20:42.502186,0.0,0.0,0.0
2022-01-14 05:20:43.002152,0.0,0.0,0.0
2022-01-14 05:20:43.506953,0.0,0.0,0.0
2022-01-14 05:20:44.005134,0.0,0.0,0.0
2022-01-14 05:20:44.510922,0.0,0.0,0.0
2022-01-14 05:20:45.008144,0.0,0.0,0.0
2022-01-14 05:20:45.503207,0.0,0.0,0.0
2022-01-14 05:20:46.505496,0.0,0.0,0.0
2022-01-14 05:20:47.004399,0.0,0.0,0.0
2022-01-14 05:20:47.510767,0.0,0.0,0.0
2022-01-14 05:20:48.009616,0.0,0.0,0.0
2022-01-14 05:20:48.506177,0.0,0.0,0.0
2022-01-14 05:20:49.003691,0.0,0.0,0.0
2022-01-14 05:20:49.508475,0.0,0.0,0.0
2022-01-14 05:20:50.007313,0.0,0.0,0.0
2022-01-14 05:20:50.505234,0.0,0.0,0.0
2022-01-14 05:20:51.002211,0.0,0.0,0.0
2022-01-14 05:20:51.507104,0.0,0.0,0.0
2022-01-14 05:20:52.005654,0.0,0.0,0.0
2022-01-14 05:20:52.501168,0.0,0.0,0.0
2022-01-14 05:20:53.009457,0.0,0.0,0.0
2022-01-14 05:20:53.504042,0.0,0.0,0.0
2022-01-14 05:20:54.001599,0.0,0.0,0.0
2022-01-14 05:20:54.507349,0.0,0.0,0.0
2022-01-14 05:20:55.008721,0.0,0.0,0.0
2022-01-14 05:20:55.503660,0.0,0.0,0.0
2022-01-14 05:20:56.002682,0.0,0.0,0.0
2022-01-14 05:20:56.507892,0.0,0.0,0.0
2022-01-14 05:20:57.005525,0.0,0.0,0.0
2022-01-14 05:20:57.509640,0.0,0.0,0.0
2022-01-14 05:20:58.006656,0.0,0.0,0.0
2022-01-14 05:20:58.503835,0.0,0.0,0.0
2022-01-14 05:20:59.002253,0.0,0.0,0.0
2022-01-14 05:20:59.506833,0.0,0.0,0.0
2022-01-14 05:21:00.005092,0.0,0.0,0.0
2022-01-14 05:21:00.506806,0.0,0.0,0.0
2022-01-14 05:21:01.006461,0.0,0.0,0.0
2022-01-14 05:21:01.504849,0.0,0.0,0.0
2022-01-14 05:21:02.001772,0.0,0.0,0.0
2022-01-14 05:21:02.508765,0.0,0.0,0.0
2022-01-14 05:21:03.010265,0.0,0.0,0.0
2022-01-14 05:21:03.506802,0.0,0.0,0.0
2022-01-14 05:21:04.004969,0.0,0.0,0.0
2022-01-14 05:21:04.509202,0.0,0.0,0.0
2022-01-14 05:21:05.007097,0.0,0.0,0.0
2022-01-14 05:21:05.502030,0.0,0.0,0.0
2022-01-14 05:21:06.009029,0.0,0.0,0.0
2022-01-14 05:21:06.503467,0.0,0.0,0.0
2022-01-14 05:21:07.001841,0.0,0.0,0.0
2022-01-14 05:21:07.510229,0.0,0.0,0.0
2022-01-14 05:21:08.009130,0.0,0.0,0.0
2022-01-14 05:21:08.505241,0.0,0.0,0.0
2022-01-14 05:21:09.004263,0.0,0.0,0.0
2022-01-14 05:21:09.510611,0.0,0.0,0.0
2022-01-14 05:21:10.009185,0.0,0.0,0.0
2022-01-14 05:21:10.502562,0.0,0.0,0.0
2022-01-14 05:21:11.011003,0.0,0.0,0.0
2022-01-14 05:21:11.505166,0.0,0.0,0.0
2022-01-14 05:21:12.002745,0.0,0.0,0.0
2022-01-14 05:21:12.507951,0.0,0.0,0.0
2022-01-14 05:21:13.005311,0.0,0.0,0.0
2022-01-14 05:21:13.509751,0.0,0.0,0.0
2022-01-14 05:21:14.008557,0.0,0.0,0.0
2022-01-14 05:21:14.505014,0.0,0.0,0.0
2022-01-14 05:21:15.001250,0.0,0.0,0.0
2022-01-14 05:21:15.507250,0.0,0.0,0.0
2022-01-14 05:21:16.006664,0.0,0.0,0.0
2022-01-14 05:21:16.502435,0.0,0.0,0.0
2022-01-14 05:21:17.010537,0.0,0.0,0.0
2022-01-14 05:21:17.507488,0.0,0.0,0.0
2022-01-14 05:21:18.005500,0.0,0.0,0.0
2022-01-14 05:21:18.510500,0.0,0.0,0.0
2022-01-14 05:21:19.010385,0.0,0.0,0.0
2022-01-14 05:21:19.503189,0.0,0.0,0.0
2022-01-14 05:21:20.010276,0.0,0.0,0.0
2022-01-14 05:21:20.504428,0.0,0.0,0.0
2022-01-14 05:21:21.003058,0.0,0.0,0.0
2022-01-14 05:21:21.507061,0.0,0.0,0.0
2022-01-14 05:21:22.006232,0.0,0.0,0.0
2022-01-14 05:21:22.502819,0.0,0.0,0.0
2022-01-14 05:21:23.010342,0.0,0.0,0.0
2022-01-14 05:21:23.506197,0.0,0.0,0.0
2022-01-14 05:21:24.005496,0.0,0.0,0.0
2022-01-14 05:21:24.501590,0.0,0.0,0.0
2022-01-14 05:21:25.010233,0.0,0.0,0.0
2022-01-14 05:21:25.508666,0.0,0.0,0.0
2022-01-14 05:21:26.006508,0.0,0.0,0.0
2022-01-14 05:21:26.502573,0.0,0.0,0.0
2022-01-14 05:21:27.010825,0.0,0.0,0.0
2022-01-14 05:21:27.505892,0.0,0.0,0.0
2022-01-14 05:21:28.005359,0.0,0.0,0.0
2022-01-14 05:21:28.510037,0.0,0.0,0.0
2022-01-14 05:21:29.006660,0.0,0.0,0.0
2022-01-14 05:21:29.502751,0.0,0.0,0.0
2022-01-14 05:21:30.002548,0.0,0.0,0.0
2022-01-14 05:21:30.501580,0.0,0.0,0.0
2022-01-14 05:21:31.001312,0.0,0.0,0.0
2022-01-14 05:21:31.501153,0.0,0.0,0.0
2022-01-14 05:21:32.007937,0.0,0.0,0.0
2022-01-14 05:21:32.505394,0.0,0.0,0.0
2022-01-14 05:21:33.002738,0.0,0.0,0.0
2022-01-14 05:21:33.508324,0.0,0.0,0.0
2022-01-14 05:21:34.006904,0.0,0.0,0.0
2022-01-14 05:21:34.501585,0.0,0.0,0.0
