時間,回転１,回転２,回転３
2022-01-18 19:00:00.007061,0.0,0.0,0.0
2022-01-18 19:00:00.510249,0.0,0.0,0.0
2022-01-18 19:00:01.008428,0.0,0.0,0.0
2022-01-18 19:00:01.503643,0.0,0.0,0.0
2022-01-18 19:00:02.003018,0.0,0.0,0.0
2022-01-18 19:00:02.501714,0.0,0.0,0.0
2022-01-18 19:00:03.001899,0.0,0.0,0.0
2022-01-18 19:00:03.508783,0.0,0.0,0.0
2022-01-18 19:00:04.006953,0.0,0.0,0.0
2022-01-18 19:00:04.502864,0.0,0.0,0.0
2022-01-18 19:00:05.010421,0.0,0.0,0.0
2022-01-18 19:00:05.505184,0.0,0.0,0.0
2022-01-18 19:00:06.002498,0.0,0.0,0.0
2022-01-18 19:00:06.507479,0.0,0.0,0.0
2022-01-18 19:00:07.006749,0.0,0.0,0.0
2022-01-18 19:00:07.502759,0.0,0.0,0.0
2022-01-18 19:00:08.001546,0.0,0.0,0.0
2022-01-18 19:00:08.507235,0.0,0.0,0.0
2022-01-18 19:00:09.005413,0.0,0.0,0.0
2022-01-18 19:00:09.501211,0.0,0.0,0.0
2022-01-18 19:00:10.008526,0.0,0.0,0.0
2022-01-18 19:00:10.502375,0.0,0.0,0.0
2022-01-18 19:00:11.010400,0.0,0.0,0.0
2022-01-18 19:00:11.504885,0.0,0.0,0.0
2022-01-18 19:00:12.002406,0.0,0.0,0.0
2022-01-18 19:00:12.508494,0.0,0.0,0.0
2022-01-18 19:00:13.007573,0.0,0.0,0.0
2022-01-18 19:00:13.506338,0.0,0.0,0.0
2022-01-18 19:00:14.008823,0.0,0.0,0.0
2022-01-18 19:00:14.503866,0.0,0.0,0.0
2022-01-18 19:00:15.001760,0.0,0.0,0.0
2022-01-18 19:00:15.508195,0.0,0.0,0.0
2022-01-18 19:00:16.005853,0.0,0.0,0.0
2022-01-18 19:00:16.511096,0.0,0.0,0.0
2022-01-18 19:00:17.009762,0.0,0.0,0.0
2022-01-18 19:00:17.503914,0.0,0.0,0.0
2022-01-18 19:00:18.002283,0.0,0.0,0.0
2022-01-18 19:00:18.506421,0.0,0.0,0.0
2022-01-18 19:00:19.003970,0.0,0.0,0.0
2022-01-18 19:00:19.509947,0.0,0.0,0.0
2022-01-18 19:00:20.007316,0.0,0.0,0.0
2022-01-18 19:00:20.509792,0.0,0.0,0.0
2022-01-18 19:00:21.007733,0.0,0.0,0.0
2022-01-18 19:00:21.504262,0.0,0.0,0.0
2022-01-18 19:00:22.002593,0.0,0.0,0.0
2022-01-18 19:00:22.508209,0.0,0.0,0.0
2022-01-18 19:00:23.005341,0.0,0.0,0.0
2022-01-18 19:00:23.509769,0.0,0.0,0.0
2022-01-18 19:00:24.007698,0.0,0.0,0.0
2022-01-18 19:00:24.502264,0.0,0.0,0.0
2022-01-18 19:00:25.010776,0.0,0.0,0.0
2022-01-18 19:00:25.508472,0.0,0.0,0.0
2022-01-18 19:00:26.006356,0.0,0.0,0.0
2022-01-18 19:00:26.501450,0.0,0.0,0.0
2022-01-18 19:00:27.010484,0.0,0.0,0.0
2022-01-18 19:00:27.506190,0.0,0.0,0.0
2022-01-18 19:00:28.003372,0.0,0.0,0.0
2022-01-18 19:00:28.508478,0.0,0.0,0.0
2022-01-18 19:00:29.005740,0.0,0.0,0.0
2022-01-18 19:00:29.501183,0.0,0.0,0.0
2022-01-18 19:00:30.010254,0.0,0.0,0.0
2022-01-18 19:00:30.505724,0.0,0.0,0.0
2022-01-18 19:00:31.004279,0.0,0.0,0.0
2022-01-18 19:00:31.509882,0.0,0.0,0.0
2022-01-18 19:00:32.007861,0.0,0.0,0.0
2022-01-18 19:00:32.502262,0.0,0.0,0.0
2022-01-18 19:00:33.002094,0.0,0.0,0.0
2022-01-18 19:00:33.506401,0.0,0.0,0.0
2022-01-18 19:00:34.003715,0.0,0.0,0.0
2022-01-18 19:00:34.509746,0.0,0.0,0.0
2022-01-18 19:00:35.004463,0.0,0.0,0.0
2022-01-18 19:00:35.508633,0.0,0.0,0.0
2022-01-18 19:00:36.002445,0.0,0.0,0.0
2022-01-18 19:00:36.503029,0.0,0.0,0.0
2022-01-18 19:00:37.003552,0.0,0.0,0.0
2022-01-18 19:00:37.507867,0.0,0.0,0.0
2022-01-18 19:00:38.005227,0.0,0.0,0.0
2022-01-18 19:00:38.509142,0.0,0.0,0.0
2022-01-18 19:00:39.006335,0.0,0.0,0.0
2022-01-18 19:00:39.503135,0.0,0.0,0.0
2022-01-18 19:00:40.001278,0.0,0.0,0.0
2022-01-18 19:00:40.506698,0.0,0.0,0.0
2022-01-18 19:00:41.003617,0.0,0.0,0.0
2022-01-18 19:00:41.509230,0.0,0.0,0.0
2022-01-18 19:00:42.007479,0.0,0.0,0.0
2022-01-18 19:00:42.501393,0.0,0.0,0.0
2022-01-18 19:00:43.001625,0.0,0.0,0.0
2022-01-18 19:00:43.508499,0.0,0.0,0.0
2022-01-18 19:00:44.006855,0.0,0.0,0.0
2022-01-18 19:00:44.510893,0.0,0.0,0.0
2022-01-18 19:00:45.008341,0.0,0.0,0.0
2022-01-18 19:00:45.502228,0.0,0.0,0.0
2022-01-18 19:00:46.010647,0.0,0.0,0.0
2022-01-18 19:00:46.504892,0.0,0.0,0.0
2022-01-18 19:00:47.002880,0.0,0.0,0.0
2022-01-18 19:00:47.507964,0.0,0.0,0.0
2022-01-18 19:00:48.005954,0.0,0.0,0.0
2022-01-18 19:00:48.502247,0.0,0.0,0.0
2022-01-18 19:00:49.001392,0.0,0.0,0.0
2022-01-18 19:00:49.508657,0.0,0.0,0.0
2022-01-18 19:00:50.007370,0.0,0.0,0.0
2022-01-18 19:00:50.501928,0.0,0.0,0.0
2022-01-18 19:00:51.009522,0.0,0.0,0.0
2022-01-18 19:00:51.505066,0.0,0.0,0.0
2022-01-18 19:00:52.002787,0.0,0.0,0.0
2022-01-18 19:00:52.510255,0.0,0.0,0.0
2022-01-18 19:00:53.008549,0.0,0.0,0.0
2022-01-18 19:00:53.501789,0.0,0.0,0.0
2022-01-18 19:00:54.009438,0.0,0.0,0.0
2022-01-18 19:00:54.503466,0.0,0.0,0.0
2022-01-18 19:00:55.002721,0.0,0.0,0.0
2022-01-18 19:00:55.507220,0.0,0.0,0.0
2022-01-18 19:00:56.005384,0.0,0.0,0.0
2022-01-18 19:00:56.509081,0.0,0.0,0.0
2022-01-18 19:00:57.009001,0.0,0.0,0.0
2022-01-18 19:00:57.504273,0.0,0.0,0.0
2022-01-18 19:00:58.002290,0.0,0.0,0.0
2022-01-18 19:00:58.506418,0.0,0.0,0.0
2022-01-18 19:00:59.004465,0.0,0.0,0.0
2022-01-18 19:00:59.509663,0.0,0.0,0.0
2022-01-18 19:01:00.007300,0.0,0.0,0.0
2022-01-18 19:01:00.505941,0.0,0.0,0.0
2022-01-18 19:01:01.005019,0.0,0.0,0.0
2022-01-18 19:01:01.507402,0.0,0.0,0.0
2022-01-18 19:01:02.005305,0.0,0.0,0.0
2022-01-18 19:01:02.509743,0.0,0.0,0.0
2022-01-18 19:01:03.007973,0.0,0.0,0.0
2022-01-18 19:01:03.502503,0.0,0.0,0.0
2022-01-18 19:01:04.010557,0.0,0.0,0.0
2022-01-18 19:01:04.504627,0.0,0.0,0.0
2022-01-18 19:01:05.002048,0.0,0.0,0.0
2022-01-18 19:01:05.508616,0.0,0.0,0.0
2022-01-18 19:01:06.006608,0.0,0.0,0.0
2022-01-18 19:01:06.509769,0.0,0.0,0.0
2022-01-18 19:01:07.007136,0.0,0.0,0.0
2022-01-18 19:01:07.501895,0.0,0.0,0.0
2022-01-18 19:01:08.010984,0.0,0.0,0.0
2022-01-18 19:01:08.506291,0.0,0.0,0.0
2022-01-18 19:01:09.004105,0.0,0.0,0.0
2022-01-18 19:01:09.509336,0.0,0.0,0.0
2022-01-18 19:01:10.007515,0.0,0.0,0.0
2022-01-18 19:01:10.500621,0.0,0.0,0.0
2022-01-18 19:01:11.005391,0.0,0.0,0.0
2022-01-18 19:01:11.501797,0.0,0.0,0.0
2022-01-18 19:01:12.010646,0.0,0.0,0.0
2022-01-18 19:01:12.507157,0.0,0.0,0.0
2022-01-18 19:01:13.005618,0.0,0.0,0.0
2022-01-18 19:01:13.501563,0.0,0.0,0.0
2022-01-18 19:01:14.010834,0.0,0.0,0.0
2022-01-18 19:01:14.508677,0.0,0.0,0.0
2022-01-18 19:01:15.007043,0.0,0.0,0.0
2022-01-18 19:01:15.510592,0.0,0.0,0.0
2022-01-18 19:01:16.008120,0.0,0.0,0.0
2022-01-18 19:01:16.504230,0.0,0.0,0.0
2022-01-18 19:01:17.001992,0.0,0.0,0.0
2022-01-18 19:01:17.505756,0.0,0.0,0.0
2022-01-18 19:01:18.002011,0.0,0.0,0.0
2022-01-18 19:01:18.506675,0.0,0.0,0.0
2022-01-18 19:01:19.004097,0.0,0.0,0.0
2022-01-18 19:01:19.509265,0.0,0.0,0.0
2022-01-18 19:01:20.007767,0.0,0.0,0.0
2022-01-18 19:01:20.503941,0.0,0.0,0.0
2022-01-18 19:01:21.002493,0.0,0.0,0.0
2022-01-18 19:01:21.506076,0.0,0.0,0.0
2022-01-18 19:01:22.003540,0.0,0.0,0.0
2022-01-18 19:01:22.508370,0.0,0.0,0.0
2022-01-18 19:01:23.006269,0.0,0.0,0.0
2022-01-18 19:01:23.502219,0.0,0.0,0.0
2022-01-18 19:01:24.010606,0.0,0.0,0.0
2022-01-18 19:01:24.506763,0.0,0.0,0.0
2022-01-18 19:01:25.002805,0.0,0.0,0.0
2022-01-18 19:01:25.507834,0.0,0.0,0.0
2022-01-18 19:01:26.005226,0.0,0.0,0.0
2022-01-18 19:01:26.510388,0.0,0.0,0.0
2022-01-18 19:01:27.007535,0.0,0.0,0.0
2022-01-18 19:01:27.503389,0.0,0.0,0.0
2022-01-18 19:01:28.011021,0.0,0.0,0.0
2022-01-18 19:01:28.504035,0.0,0.0,0.0
2022-01-18 19:01:29.002412,0.0,0.0,0.0
2022-01-18 19:01:29.507948,0.0,0.0,0.0
2022-01-18 19:01:30.005861,0.0,0.0,0.0
2022-01-18 19:01:30.510711,0.0,0.0,0.0
2022-01-18 19:01:31.008394,0.0,0.0,0.0
2022-01-18 19:01:31.503054,0.0,0.0,0.0
2022-01-18 19:01:32.001255,0.0,0.0,0.0
2022-01-18 19:01:32.508601,0.0,0.0,0.0
2022-01-18 19:01:33.005207,0.0,0.0,0.0
2022-01-18 19:01:33.501015,0.0,0.0,0.0
2022-01-18 19:01:34.009923,0.0,0.0,0.0
2022-01-18 19:01:34.505944,0.0,0.0,0.0
2022-01-18 19:01:35.003084,0.0,0.0,0.0
2022-01-18 19:01:35.507396,0.0,0.0,0.0
2022-01-18 19:01:36.005857,0.0,0.0,0.0
2022-01-18 19:01:36.501423,0.0,0.0,0.0
2022-01-18 19:01:37.010041,0.0,0.0,0.0
2022-01-18 19:01:37.504339,0.0,0.0,0.0
2022-01-18 19:01:38.003365,0.0,0.0,0.0
2022-01-18 19:01:38.508848,0.0,0.0,0.0
2022-01-18 19:01:39.006367,0.0,0.0,0.0
2022-01-18 19:01:39.501696,0.0,0.0,0.0
2022-01-18 19:01:40.003852,0.0,0.0,0.0
2022-01-18 19:01:40.508591,0.0,0.0,0.0
2022-01-18 19:01:41.006390,0.0,0.0,0.0
2022-01-18 19:01:41.502747,0.0,0.0,0.0
2022-01-18 19:01:42.010325,0.0,0.0,0.0
2022-01-18 19:01:42.504568,0.0,0.0,0.0
2022-01-18 19:01:43.003360,0.0,0.0,0.0
2022-01-18 19:01:43.507634,0.0,0.0,0.0
2022-01-18 19:01:44.006002,0.0,0.0,0.0
2022-01-18 19:01:44.509988,0.0,0.0,0.0
2022-01-18 19:01:45.006803,0.0,0.0,0.0
2022-01-18 19:01:45.502892,0.0,0.0,0.0
2022-01-18 19:01:46.010549,0.0,0.0,0.0
2022-01-18 19:01:46.505409,0.0,0.0,0.0
2022-01-18 19:01:47.002220,0.0,0.0,0.0
2022-01-18 19:01:47.506935,0.0,0.0,0.0
2022-01-18 19:01:48.004906,0.0,0.0,0.0
2022-01-18 19:01:48.509213,0.0,0.0,0.0
2022-01-18 19:01:49.006998,0.0,0.0,0.0
2022-01-18 19:01:49.503255,0.0,0.0,0.0
2022-01-18 19:01:50.003219,0.0,0.0,0.0
2022-01-18 19:01:50.510326,0.0,0.0,0.0
2022-01-18 19:01:51.008915,0.0,0.0,0.0
2022-01-18 19:01:51.502388,0.0,0.0,0.0
2022-01-18 19:01:52.010484,0.0,0.0,0.0
2022-01-18 19:01:52.505622,0.0,0.0,0.0
2022-01-18 19:01:53.003816,0.0,0.0,0.0
2022-01-18 19:01:53.510768,0.0,0.0,0.0
2022-01-18 19:01:54.007814,0.0,0.0,0.0
2022-01-18 19:01:54.506777,0.0,0.0,0.0
2022-01-18 19:01:55.005739,0.0,0.0,0.0
2022-01-18 19:01:55.510514,0.0,0.0,0.0
2022-01-18 19:01:56.006828,0.0,0.0,0.0
2022-01-18 19:01:56.510971,0.0,0.0,0.0
2022-01-18 19:01:57.009897,0.0,0.0,0.0
2022-01-18 19:01:57.506147,0.0,0.0,0.0
2022-01-18 19:01:58.003207,0.0,0.0,0.0
2022-01-18 19:01:58.508476,0.0,0.0,0.0
2022-01-18 19:01:59.006816,0.0,0.0,0.0
2022-01-18 19:01:59.510646,0.0,0.0,0.0
2022-01-18 19:02:00.007371,0.0,0.0,0.0
2022-01-18 19:02:00.511021,0.0,0.0,0.0
2022-01-18 19:02:01.008646,0.0,0.0,0.0
2022-01-18 19:02:01.504071,0.0,0.0,0.0
2022-01-18 19:02:02.002521,0.0,0.0,0.0
2022-01-18 19:02:02.508477,0.0,0.0,0.0
2022-01-18 19:02:03.006803,0.0,0.0,0.0
2022-01-18 19:02:03.502351,0.0,0.0,0.0
2022-01-18 19:02:04.010557,0.0,0.0,0.0
2022-01-18 19:02:04.506005,0.0,0.0,0.0
2022-01-18 19:02:05.003567,0.0,0.0,0.0
2022-01-18 19:02:05.507946,0.0,0.0,0.0
2022-01-18 19:02:06.006500,0.0,0.0,0.0
2022-01-18 19:02:06.501173,0.0,0.0,0.0
2022-01-18 19:02:07.009547,0.0,0.0,0.0
2022-01-18 19:02:07.506745,0.0,0.0,0.0
2022-01-18 19:02:08.003575,0.0,0.0,0.0
2022-01-18 19:02:08.510809,0.0,0.0,0.0
2022-01-18 19:02:09.008207,0.0,0.0,0.0
2022-01-18 19:02:09.504009,0.0,0.0,0.0
2022-01-18 19:02:10.002642,0.0,0.0,0.0
2022-01-18 19:02:10.506685,0.0,0.0,0.0
2022-01-18 19:02:11.002534,0.0,0.0,0.0
2022-01-18 19:02:11.508294,0.0,0.0,0.0
2022-01-18 19:02:12.006231,0.0,0.0,0.0
2022-01-18 19:02:12.501898,0.0,0.0,0.0
2022-01-18 19:02:13.010200,0.0,0.0,0.0
2022-01-18 19:02:13.504944,0.0,0.0,0.0
2022-01-18 19:02:14.006592,0.0,0.0,0.0
2022-01-18 19:02:14.510338,0.0,0.0,0.0
2022-01-18 19:02:15.007589,0.0,0.0,0.0
2022-01-18 19:02:15.502761,0.0,0.0,0.0
2022-01-18 19:02:16.010287,0.0,0.0,0.0
2022-01-18 19:02:16.505339,0.0,0.0,0.0
2022-01-18 19:02:17.003867,0.0,0.0,0.0
2022-01-18 19:02:17.509618,0.0,0.0,0.0
2022-01-18 19:02:18.007161,0.0,0.0,0.0
2022-01-18 19:02:18.510796,0.0,0.0,0.0
2022-01-18 19:02:19.008623,0.0,0.0,0.0
2022-01-18 19:02:19.502418,0.0,0.0,0.0
2022-01-18 19:02:20.009835,0.0,0.0,0.0
2022-01-18 19:02:20.505169,0.0,0.0,0.0
2022-01-18 19:02:21.004107,0.0,0.0,0.0
2022-01-18 19:02:21.508126,0.0,0.0,0.0
2022-01-18 19:02:22.006945,0.0,0.0,0.0
2022-01-18 19:02:22.510887,0.0,0.0,0.0
2022-01-18 19:02:23.008071,0.0,0.0,0.0
2022-01-18 19:02:23.503269,0.0,0.0,0.0
2022-01-18 19:02:24.002843,0.0,0.0,0.0
2022-01-18 19:02:24.507918,0.0,0.0,0.0
2022-01-18 19:02:25.006786,0.0,0.0,0.0
2022-01-18 19:02:25.502306,0.0,0.0,0.0
2022-01-18 19:02:26.010989,0.0,0.0,0.0
2022-01-18 19:02:26.505675,0.0,0.0,0.0
2022-01-18 19:02:27.002467,0.0,0.0,0.0
2022-01-18 19:02:27.505527,0.0,0.0,0.0
2022-01-18 19:02:28.004288,0.0,0.0,0.0
2022-01-18 19:02:28.510568,0.0,0.0,0.0
2022-01-18 19:02:29.007094,0.0,0.0,0.0
2022-01-18 19:02:29.501454,0.0,0.0,0.0
2022-01-18 19:02:30.009916,0.0,0.0,0.0
2022-01-18 19:02:30.504969,0.0,0.0,0.0
2022-01-18 19:02:31.002476,0.0,0.0,0.0
2022-01-18 19:02:31.506742,0.0,0.0,0.0
2022-01-18 19:02:32.003810,0.0,0.0,0.0
2022-01-18 19:02:32.508607,0.0,0.0,0.0
2022-01-18 19:02:33.005563,0.0,0.0,0.0
2022-01-18 19:02:33.509962,0.0,0.0,0.0
2022-01-18 19:02:34.007090,0.0,0.0,0.0
2022-01-18 19:02:34.503964,0.0,0.0,0.0
2022-01-18 19:02:35.000948,0.0,0.0,0.0
2022-01-18 19:02:35.505956,0.0,0.0,0.0
2022-01-18 19:02:36.003196,0.0,0.0,0.0
2022-01-18 19:02:36.506726,0.0,0.0,0.0
2022-01-18 19:02:37.005125,0.0,0.0,0.0
2022-01-18 19:02:37.508561,0.0,0.0,0.0
2022-01-18 19:02:38.006673,0.0,0.0,0.0
2022-01-18 19:02:38.501834,0.0,0.0,0.0
2022-01-18 19:02:39.008848,0.0,0.0,0.0
2022-01-18 19:02:39.505508,0.0,0.0,0.0
2022-01-18 19:02:40.002898,0.0,0.0,0.0
2022-01-18 19:02:40.508455,0.0,0.0,0.0
2022-01-18 19:02:41.006207,0.0,0.0,0.0
2022-01-18 19:02:41.501553,0.0,0.0,0.0
2022-01-18 19:02:42.009447,0.0,0.0,0.0
2022-01-18 19:02:42.503389,0.0,0.0,0.0
2022-01-18 19:02:43.001163,0.0,0.0,0.0
2022-01-18 19:02:43.505794,0.0,0.0,0.0
2022-01-18 19:02:44.004690,0.0,0.0,0.0
2022-01-18 19:02:44.508944,0.0,0.0,0.0
2022-01-18 19:02:45.005894,0.0,0.0,0.0
2022-01-18 19:02:45.509843,0.0,0.0,0.0
2022-01-18 19:02:46.007604,0.0,0.0,0.0
2022-01-18 19:02:46.502707,0.0,0.0,0.0
2022-01-18 19:02:47.010553,0.0,0.0,0.0
2022-01-18 19:02:47.505297,0.0,0.0,0.0
2022-01-18 19:02:48.003614,0.0,0.0,0.0
2022-01-18 19:02:48.507939,0.0,0.0,0.0
2022-01-18 19:02:49.004998,0.0,0.0,0.0
2022-01-18 19:02:49.510566,0.0,0.0,0.0
2022-01-18 19:02:50.007737,0.0,0.0,0.0
2022-01-18 19:02:50.502974,0.0,0.0,0.0
2022-01-18 19:02:51.001528,0.0,0.0,0.0
2022-01-18 19:02:51.505439,0.0,0.0,0.0
2022-01-18 19:02:52.002588,0.0,0.0,0.0
2022-01-18 19:02:52.508197,0.0,0.0,0.0
2022-01-18 19:02:53.006308,0.0,0.0,0.0
2022-01-18 19:02:53.510248,0.0,0.0,0.0
2022-01-18 19:02:54.000723,0.0,0.0,0.0
2022-01-18 19:02:54.504971,0.0,0.0,0.0
2022-01-18 19:02:55.003186,0.0,0.0,0.0
2022-01-18 19:02:55.508932,0.0,0.0,0.0
2022-01-18 19:02:56.006560,0.0,0.0,0.0
2022-01-18 19:02:56.501032,0.0,0.0,0.0
2022-01-18 19:02:57.010846,0.0,0.0,0.0
2022-01-18 19:02:57.506312,0.0,0.0,0.0
2022-01-18 19:02:58.004308,0.0,0.0,0.0
2022-01-18 19:02:58.509026,0.0,0.0,0.0
2022-01-18 19:02:59.006655,0.0,0.0,0.0
2022-01-18 19:02:59.501203,0.0,0.0,0.0
2022-01-18 19:03:00.008339,0.0,0.0,0.0
2022-01-18 19:03:00.501507,0.0,0.0,0.0
2022-01-18 19:03:01.010759,0.0,0.0,0.0
2022-01-18 19:03:01.505107,0.0,0.0,0.0
2022-01-18 19:03:02.002087,0.0,0.0,0.0
2022-01-18 19:03:02.506470,0.0,0.0,0.0
2022-01-18 19:03:03.003235,0.0,0.0,0.0
2022-01-18 19:03:03.508157,0.0,0.0,0.0
2022-01-18 19:03:04.005730,0.0,0.0,0.0
2022-01-18 19:03:04.510755,0.0,0.0,0.0
2022-01-18 19:03:05.008269,0.0,0.0,0.0
2022-01-18 19:03:05.505121,0.0,0.0,0.0
2022-01-18 19:03:06.003131,0.0,0.0,0.0
2022-01-18 19:03:06.506850,0.0,0.0,0.0
2022-01-18 19:03:07.005162,0.0,0.0,0.0
2022-01-18 19:03:07.510641,0.0,0.0,0.0
2022-01-18 19:03:08.011063,0.0,0.0,0.0
2022-01-18 19:03:08.505630,0.0,0.0,0.0
2022-01-18 19:03:09.003177,0.0,0.0,0.0
2022-01-18 19:03:09.507508,0.0,0.0,0.0
2022-01-18 19:03:10.006696,0.0,0.0,0.0
2022-01-18 19:03:10.501375,0.0,0.0,0.0
2022-01-18 19:03:11.005014,0.0,0.0,0.0
2022-01-18 19:03:11.510441,0.0,0.0,0.0
2022-01-18 19:03:12.006846,0.0,0.0,0.0
2022-01-18 19:03:12.501559,0.0,0.0,0.0
2022-01-18 19:03:13.009152,0.0,0.0,0.0
2022-01-18 19:03:13.503682,0.0,0.0,0.0
2022-01-18 19:03:14.001096,0.0,0.0,0.0
2022-01-18 19:03:14.508167,0.0,0.0,0.0
2022-01-18 19:03:15.005498,0.0,0.0,0.0
2022-01-18 19:03:15.501787,0.0,0.0,0.0
2022-01-18 19:03:16.010673,0.0,0.0,0.0
2022-01-18 19:03:16.505181,0.0,0.0,0.0
2022-01-18 19:03:17.003141,0.0,0.0,0.0
2022-01-18 19:03:17.510366,0.0,0.0,0.0
2022-01-18 19:03:18.009074,0.0,0.0,0.0
2022-01-18 19:03:18.502903,0.0,0.0,0.0
2022-01-18 19:03:19.003858,0.0,0.0,0.0
2022-01-18 19:03:19.509008,0.0,0.0,0.0
2022-01-18 19:03:20.006840,0.0,0.0,0.0
2022-01-18 19:03:20.508291,0.0,0.0,0.0
2022-01-18 19:03:21.006644,0.0,0.0,0.0
2022-01-18 19:03:21.510497,0.0,0.0,0.0
2022-01-18 19:03:22.008037,0.0,0.0,0.0
2022-01-18 19:03:22.502101,0.0,0.0,0.0
2022-01-18 19:03:23.009170,0.0,0.0,0.0
2022-01-18 19:03:23.504546,0.0,0.0,0.0
2022-01-18 19:03:24.001003,0.0,0.0,0.0
2022-01-18 19:03:24.506404,0.0,0.0,0.0
2022-01-18 19:03:25.003765,0.0,0.0,0.0
2022-01-18 19:03:25.508829,0.0,0.0,0.0
2022-01-18 19:03:26.006391,0.0,0.0,0.0
2022-01-18 19:03:26.501508,0.0,0.0,0.0
2022-01-18 19:03:27.009681,0.0,0.0,0.0
2022-01-18 19:03:27.506824,0.0,0.0,0.0
2022-01-18 19:03:28.003287,0.0,0.0,0.0
2022-01-18 19:03:28.502874,0.0,0.0,0.0
2022-01-18 19:03:29.505107,0.0,0.0,0.0
2022-01-18 19:03:30.003278,0.0,0.0,0.0
2022-01-18 19:03:30.507413,0.0,0.0,0.0
2022-01-18 19:03:31.006793,0.0,0.0,0.0
2022-01-18 19:03:31.501750,0.0,0.0,0.0
2022-01-18 19:03:32.010516,0.0,0.0,0.0
2022-01-18 19:03:32.506721,0.0,0.0,0.0
2022-01-18 19:03:33.007337,0.0,0.0,0.0
2022-01-18 19:03:33.502888,0.0,0.0,0.0
2022-01-18 19:03:34.002668,0.0,0.0,0.0
2022-01-18 19:03:34.508126,0.0,0.0,0.0
2022-01-18 19:03:35.007374,0.0,0.0,0.0
2022-01-18 19:03:35.502497,0.0,0.0,0.0
2022-01-18 19:03:36.009780,0.0,0.0,0.0
2022-01-18 19:03:36.503344,0.0,0.0,0.0
2022-01-18 19:03:37.002906,0.0,0.0,0.0
2022-01-18 19:03:37.509424,0.0,0.0,0.0
2022-01-18 19:03:38.006310,0.0,0.0,0.0
2022-01-18 19:03:39.004573,0.0,0.0,0.0
2022-01-18 19:03:40.004729,0.0,0.0,0.0
2022-01-18 19:03:40.503860,0.0,0.0,0.0
2022-01-18 19:03:41.001302,0.0,0.0,0.0
2022-01-18 19:03:41.507396,0.0,0.0,0.0
2022-01-18 19:03:42.005042,0.0,0.0,0.0
2022-01-18 19:03:42.501723,0.0,0.0,0.0
2022-01-18 19:03:43.009502,0.0,0.0,0.0
2022-01-18 19:03:43.503885,0.0,0.0,0.0
2022-01-18 19:03:44.001521,0.0,0.0,0.0
2022-01-18 19:03:44.507219,0.0,0.0,0.0
2022-01-18 19:03:45.003628,0.0,0.0,0.0
2022-01-18 19:03:45.508194,0.0,0.0,0.0
2022-01-18 19:03:46.007040,0.0,0.0,0.0
2022-01-18 19:03:46.502331,0.0,0.0,0.0
2022-01-18 19:03:47.002059,0.0,0.0,0.0
2022-01-18 19:03:47.506857,0.0,0.0,0.0
2022-01-18 19:03:48.005776,0.0,0.0,0.0
2022-01-18 19:03:48.501628,0.0,0.0,0.0
2022-01-18 19:03:49.010333,0.0,0.0,0.0
2022-01-18 19:03:49.504881,0.0,0.0,0.0
2022-01-18 19:03:50.002795,0.0,0.0,0.0
2022-01-18 19:03:50.507765,0.0,0.0,0.0
2022-01-18 19:03:51.006267,0.0,0.0,0.0
2022-01-18 19:03:51.508067,0.0,0.0,0.0
2022-01-18 19:03:52.007022,0.0,0.0,0.0
2022-01-18 19:03:52.502263,0.0,0.0,0.0
2022-01-18 19:03:53.009530,0.0,0.0,0.0
2022-01-18 19:03:53.503856,0.0,0.0,0.0
2022-01-18 19:03:54.002550,0.0,0.0,0.0
2022-01-18 19:03:54.507392,0.0,0.0,0.0
2022-01-18 19:03:55.003592,0.0,0.0,0.0
2022-01-18 19:03:55.509263,0.0,0.0,0.0
2022-01-18 19:03:56.006343,0.0,0.0,0.0
2022-01-18 19:03:56.502358,0.0,0.0,0.0
2022-01-18 19:03:57.011003,0.0,0.0,0.0
2022-01-18 19:03:57.505058,0.0,0.0,0.0
2022-01-18 19:03:58.002479,0.0,0.0,0.0
2022-01-18 19:03:58.508257,0.0,0.0,0.0
2022-01-18 19:03:59.006798,0.0,0.0,0.0
2022-01-18 19:03:59.501157,0.0,0.0,0.0
2022-01-18 19:04:00.009654,0.0,0.0,0.0
2022-01-18 19:04:00.507088,0.0,0.0,0.0
2022-01-18 19:04:01.005896,0.0,0.0,0.0
2022-01-18 19:04:01.510797,0.0,0.0,0.0
2022-01-18 19:04:02.009697,0.0,0.0,0.0
2022-01-18 19:04:02.504969,0.0,0.0,0.0
2022-01-18 19:04:03.002061,0.0,0.0,0.0
2022-01-18 19:04:03.506724,0.0,0.0,0.0
2022-01-18 19:04:04.004478,0.0,0.0,0.0
2022-01-18 19:04:04.502720,0.0,0.0,0.0
2022-01-18 19:04:05.009201,0.0,0.0,0.0
2022-01-18 19:04:05.503974,0.0,0.0,0.0
2022-01-18 19:04:06.009960,0.0,0.0,0.0
2022-01-18 19:04:06.505134,0.0,0.0,0.0
2022-01-18 19:04:07.001813,0.0,0.0,0.0
2022-01-18 19:04:07.504760,0.0,0.0,0.0
2022-01-18 19:04:08.001865,0.0,0.0,0.0
2022-01-18 19:04:08.507221,0.0,0.0,0.0
2022-01-18 19:04:09.007590,0.0,0.0,0.0
2022-01-18 19:04:10.005013,0.0,0.0,0.0
2022-01-18 19:04:10.508472,0.0,0.0,0.0
2022-01-18 19:04:11.006687,0.0,0.0,0.0
2022-01-18 19:04:11.501109,0.0,0.0,0.0
2022-01-18 19:04:12.008733,0.0,0.0,0.0
2022-01-18 19:04:12.503471,0.0,0.0,0.0
2022-01-18 19:04:13.002574,0.0,0.0,0.0
2022-01-18 19:04:13.508120,0.0,0.0,0.0
2022-01-18 19:04:14.005475,0.0,0.0,0.0
2022-01-18 19:04:14.511070,0.0,0.0,0.0
2022-01-18 19:04:15.010546,0.0,0.0,0.0
2022-01-18 19:04:15.505783,0.0,0.0,0.0
2022-01-18 19:04:16.002964,0.0,0.0,0.0
2022-01-18 19:04:16.510796,0.0,0.0,0.0
2022-01-18 19:04:17.007688,0.0,0.0,0.0
2022-01-18 19:04:17.502229,0.0,0.0,0.0
2022-01-18 19:04:18.009456,0.0,0.0,0.0
2022-01-18 19:04:18.506726,0.0,0.0,0.0
2022-01-18 19:04:19.002810,0.0,0.0,0.0
2022-01-18 19:04:19.506920,0.0,0.0,0.0
2022-01-18 19:04:20.003901,0.0,0.0,0.0
2022-01-18 19:04:20.510357,0.0,0.0,0.0
2022-01-18 19:04:21.006883,0.0,0.0,0.0
2022-01-18 19:04:21.501951,0.0,0.0,0.0
2022-01-18 19:04:22.009054,0.0,0.0,0.0
2022-01-18 19:04:22.504306,0.0,0.0,0.0
2022-01-18 19:04:23.004404,0.0,0.0,0.0
2022-01-18 19:04:23.510356,0.0,0.0,0.0
2022-01-18 19:04:24.008454,0.0,0.0,0.0
2022-01-18 19:04:24.502204,0.0,0.0,0.0
2022-01-18 19:04:25.010206,0.0,0.0,0.0
2022-01-18 19:04:25.504279,0.0,0.0,0.0
2022-01-18 19:04:26.001507,0.0,0.0,0.0
2022-01-18 19:04:26.506191,0.0,0.0,0.0
2022-01-18 19:04:27.003238,0.0,0.0,0.0
2022-01-18 19:04:27.508872,0.0,0.0,0.0
2022-01-18 19:04:28.005710,0.0,0.0,0.0
2022-01-18 19:04:28.509846,0.0,0.0,0.0
2022-01-18 19:04:29.006140,0.0,0.0,0.0
2022-01-18 19:04:29.510316,0.0,0.0,0.0
2022-01-18 19:04:30.008312,0.0,0.0,0.0
2022-01-18 19:04:30.502674,0.0,0.0,0.0
2022-01-18 19:04:31.010568,0.0,0.0,0.0
2022-01-18 19:04:31.505838,0.0,0.0,0.0
2022-01-18 19:04:32.004049,0.0,0.0,0.0
2022-01-18 19:04:32.509136,0.0,0.0,0.0
2022-01-18 19:04:33.005814,0.0,0.0,0.0
2022-01-18 19:04:33.501130,0.0,0.0,0.0
2022-01-18 19:04:34.008983,0.0,0.0,0.0
2022-01-18 19:04:34.503213,0.0,0.0,0.0
2022-01-18 19:04:35.003023,0.0,0.0,0.0
2022-01-18 19:04:35.508441,0.0,0.0,0.0
2022-01-18 19:04:36.005795,0.0,0.0,0.0
2022-01-18 19:04:36.501890,0.0,0.0,0.0
2022-01-18 19:04:37.010215,0.0,0.0,0.0
2022-01-18 19:04:37.504198,0.0,0.0,0.0
2022-01-18 19:04:38.505184,0.0,0.0,0.0
2022-01-18 19:04:39.002277,0.0,0.0,0.0
2022-01-18 19:04:39.506758,0.0,0.0,0.0
2022-01-18 19:04:40.005719,0.0,0.0,0.0
2022-01-18 19:04:40.501303,0.0,0.0,0.0
2022-01-18 19:04:41.008994,0.0,0.0,0.0
2022-01-18 19:04:41.506872,0.0,0.0,0.0
2022-01-18 19:04:42.004053,0.0,0.0,0.0
2022-01-18 19:04:42.509983,0.0,0.0,0.0
2022-01-18 19:04:43.007006,0.0,0.0,0.0
2022-01-18 19:04:43.502564,0.0,0.0,0.0
2022-01-18 19:04:44.010202,0.0,0.0,0.0
2022-01-18 19:04:44.504859,0.0,0.0,0.0
2022-01-18 19:04:45.002095,0.0,0.0,0.0
2022-01-18 19:04:45.506106,0.0,0.0,0.0
2022-01-18 19:04:46.006927,0.0,0.0,0.0
2022-01-18 19:04:46.501076,0.0,0.0,0.0
2022-01-18 19:04:47.010046,0.0,0.0,0.0
2022-01-18 19:04:47.504052,0.0,0.0,0.0
2022-01-18 19:04:48.010730,0.0,0.0,0.0
2022-01-18 19:04:48.504466,0.0,0.0,0.0
2022-01-18 19:04:49.001529,0.0,0.0,0.0
2022-01-18 19:04:49.505377,0.0,0.0,0.0
2022-01-18 19:04:50.003797,0.0,0.0,0.0
2022-01-18 19:04:50.509073,0.0,0.0,0.0
2022-01-18 19:04:51.007089,0.0,0.0,0.0
2022-01-18 19:04:51.502637,0.0,0.0,0.0
2022-01-18 19:04:52.010557,0.0,0.0,0.0
2022-01-18 19:04:52.505060,0.0,0.0,0.0
2022-01-18 19:04:53.002821,0.0,0.0,0.0
2022-01-18 19:04:53.507953,0.0,0.0,0.0
2022-01-18 19:04:54.006747,0.0,0.0,0.0
2022-01-18 19:04:54.510283,0.0,0.0,0.0
2022-01-18 19:04:55.008243,0.0,0.0,0.0
2022-01-18 19:04:55.503608,0.0,0.0,0.0
2022-01-18 19:04:56.001795,0.0,0.0,0.0
2022-01-18 19:04:56.506256,0.0,0.0,0.0
2022-01-18 19:04:57.003439,0.0,0.0,0.0
2022-01-18 19:04:57.508698,0.0,0.0,0.0
2022-01-18 19:04:58.004499,0.0,0.0,0.0
2022-01-18 19:04:58.508657,0.0,0.0,0.0
2022-01-18 19:04:59.006260,0.0,0.0,0.0
2022-01-18 19:04:59.503574,0.0,0.0,0.0
2022-01-18 19:05:00.011001,0.0,0.0,0.0
2022-01-18 19:05:00.507247,0.0,0.0,0.0
2022-01-18 19:05:01.005091,0.0,0.0,0.0
2022-01-18 19:05:01.510346,0.0,0.0,0.0
2022-01-18 19:05:02.007752,0.0,0.0,0.0
2022-01-18 19:05:02.504181,0.0,0.0,0.0
2022-01-18 19:05:03.002485,0.0,0.0,0.0
2022-01-18 19:05:03.508629,0.0,0.0,0.0
2022-01-18 19:05:04.006464,0.0,0.0,0.0
2022-01-18 19:05:04.510869,0.0,0.0,0.0
2022-01-18 19:05:05.009245,0.0,0.0,0.0
2022-01-18 19:05:05.504083,0.0,0.0,0.0
2022-01-18 19:05:06.001218,0.0,0.0,0.0
2022-01-18 19:05:06.506307,0.0,0.0,0.0
2022-01-18 19:05:07.004274,0.0,0.0,0.0
2022-01-18 19:05:07.509320,0.0,0.0,0.0
2022-01-18 19:05:08.006701,0.0,0.0,0.0
2022-01-18 19:05:08.504565,0.0,0.0,0.0
2022-01-18 19:05:09.002261,0.0,0.0,0.0
2022-01-18 19:05:09.506773,0.0,0.0,0.0
2022-01-18 19:05:10.006130,0.0,0.0,0.0
2022-01-18 19:05:10.502422,0.0,0.0,0.0
2022-01-18 19:05:11.007878,0.0,0.0,0.0
2022-01-18 19:05:11.502740,0.0,0.0,0.0
2022-01-18 19:05:12.010430,0.0,0.0,0.0
2022-01-18 19:05:12.507419,0.0,0.0,0.0
2022-01-18 19:05:13.005126,0.0,0.0,0.0
2022-01-18 19:05:13.508987,0.0,0.0,0.0
2022-01-18 19:05:14.006131,0.0,0.0,0.0
2022-01-18 19:05:14.501133,0.0,0.0,0.0
2022-01-18 19:05:15.008548,0.0,0.0,0.0
2022-01-18 19:05:15.503868,0.0,0.0,0.0
2022-01-18 19:05:16.001959,0.0,0.0,0.0
2022-01-18 19:05:16.507444,0.0,0.0,0.0
2022-01-18 19:05:17.006900,0.0,0.0,0.0
2022-01-18 19:05:17.501192,0.0,0.0,0.0
2022-01-18 19:05:18.008780,0.0,0.0,0.0
2022-01-18 19:05:18.502451,0.0,0.0,0.0
2022-01-18 19:05:19.009494,0.0,0.0,0.0
2022-01-18 19:05:19.504903,0.0,0.0,0.0
2022-01-18 19:05:20.002253,0.0,0.0,0.0
2022-01-18 19:05:20.508103,0.0,0.0,0.0
2022-01-18 19:05:21.006154,0.0,0.0,0.0
2022-01-18 19:05:21.501072,0.0,0.0,0.0
2022-01-18 19:05:22.009058,0.0,0.0,0.0
2022-01-18 19:05:22.503911,0.0,0.0,0.0
2022-01-18 19:05:23.002258,0.0,0.0,0.0
2022-01-18 19:05:23.506801,0.0,0.0,0.0
2022-01-18 19:05:24.003947,0.0,0.0,0.0
2022-01-18 19:05:24.509237,0.0,0.0,0.0
2022-01-18 19:05:25.006488,0.0,0.0,0.0
2022-01-18 19:05:25.501235,0.0,0.0,0.0
2022-01-18 19:05:26.011284,0.0,0.0,0.0
2022-01-18 19:05:26.506759,0.0,0.0,0.0
2022-01-18 19:05:27.004660,0.0,0.0,0.0
2022-01-18 19:05:27.509552,0.0,0.0,0.0
2022-01-18 19:05:28.007802,0.0,0.0,0.0
2022-01-18 19:05:28.503276,0.0,0.0,0.0
2022-01-18 19:05:29.001493,0.0,0.0,0.0
2022-01-18 19:05:29.506539,0.0,0.0,0.0
2022-01-18 19:05:30.004683,0.0,0.0,0.0
2022-01-18 19:05:30.501860,0.0,0.0,0.0
2022-01-18 19:05:31.006973,0.0,0.0,0.0
2022-01-18 19:05:31.501084,0.0,0.0,0.0
2022-01-18 19:05:32.009136,0.0,0.0,0.0
2022-01-18 19:05:32.505568,0.0,0.0,0.0
2022-01-18 19:05:33.003625,0.0,0.0,0.0
2022-01-18 19:05:33.505960,0.0,0.0,0.0
2022-01-18 19:05:34.004728,0.0,0.0,0.0
2022-01-18 19:05:34.510396,0.0,0.0,0.0
2022-01-18 19:05:35.009338,0.0,0.0,0.0
2022-01-18 19:05:35.504131,0.0,0.0,0.0
2022-01-18 19:05:36.002553,0.0,0.0,0.0
2022-01-18 19:05:36.506661,0.0,0.0,0.0
2022-01-18 19:05:37.003288,0.0,0.0,0.0
2022-01-18 19:05:37.508071,0.0,0.0,0.0
2022-01-18 19:05:38.007405,0.0,0.0,0.0
2022-01-18 19:05:38.502897,0.0,0.0,0.0
2022-01-18 19:05:39.001615,0.0,0.0,0.0
2022-01-18 19:05:39.507543,0.0,0.0,0.0
2022-01-18 19:05:40.004768,0.0,0.0,0.0
2022-01-18 19:05:40.509257,0.0,0.0,0.0
2022-01-18 19:05:41.007475,0.0,0.0,0.0
2022-01-18 19:05:41.504019,0.0,0.0,0.0
2022-01-18 19:05:42.001884,0.0,0.0,0.0
2022-01-18 19:05:42.506438,0.0,0.0,0.0
2022-01-18 19:05:43.003994,0.0,0.0,0.0
2022-01-18 19:05:43.509534,0.0,0.0,0.0
2022-01-18 19:05:44.008500,0.0,0.0,0.0
2022-01-18 19:05:44.502770,0.0,0.0,0.0
2022-01-18 19:05:45.010886,0.0,0.0,0.0
2022-01-18 19:05:45.505117,0.0,0.0,0.0
2022-01-18 19:05:46.002433,0.0,0.0,0.0
2022-01-18 19:05:46.507833,0.0,0.0,0.0
2022-01-18 19:05:47.005306,0.0,0.0,0.0
2022-01-18 19:05:47.510830,0.0,0.0,0.0
2022-01-18 19:05:48.010034,0.0,0.0,0.0
2022-01-18 19:05:48.503243,0.0,0.0,0.0
2022-01-18 19:05:49.010721,0.0,0.0,0.0
2022-01-18 19:05:49.507634,0.0,0.0,0.0
2022-01-18 19:05:50.005362,0.0,0.0,0.0
2022-01-18 19:05:50.501787,0.0,0.0,0.0
2022-01-18 19:05:51.010587,0.0,0.0,0.0
2022-01-18 19:05:51.504365,0.0,0.0,0.0
2022-01-18 19:05:52.002028,0.0,0.0,0.0
2022-01-18 19:05:52.510707,0.0,0.0,0.0
2022-01-18 19:05:53.008835,0.0,0.0,0.0
2022-01-18 19:05:53.503798,0.0,0.0,0.0
2022-01-18 19:05:54.001119,0.0,0.0,0.0
2022-01-18 19:05:54.506058,0.0,0.0,0.0
2022-01-18 19:05:55.002813,0.0,0.0,0.0
2022-01-18 19:05:55.507495,0.0,0.0,0.0
2022-01-18 19:05:56.005052,0.0,0.0,0.0
2022-01-18 19:05:56.509015,0.0,0.0,0.0
2022-01-18 19:05:57.009360,0.0,0.0,0.0
2022-01-18 19:05:57.504052,0.0,0.0,0.0
2022-01-18 19:05:58.003749,0.0,0.0,0.0
2022-01-18 19:05:58.509353,0.0,0.0,0.0
2022-01-18 19:05:59.007573,0.0,0.0,0.0
2022-01-18 19:05:59.503002,0.0,0.0,0.0
2022-01-18 19:06:00.011173,0.0,0.0,0.0
2022-01-18 19:06:00.507334,0.0,0.0,0.0
2022-01-18 19:06:01.005338,0.0,0.0,0.0
2022-01-18 19:06:01.510728,0.0,0.0,0.0
2022-01-18 19:06:02.008607,0.0,0.0,0.0
2022-01-18 19:06:02.503386,0.0,0.0,0.0
2022-01-18 19:06:03.002198,0.0,0.0,0.0
2022-01-18 19:06:03.505633,0.0,0.0,0.0
2022-01-18 19:06:04.003114,0.0,0.0,0.0
2022-01-18 19:06:04.506297,0.0,0.0,0.0
2022-01-18 19:06:05.004169,0.0,0.0,0.0
2022-01-18 19:06:05.510374,0.0,0.0,0.0
2022-01-18 19:06:06.007061,0.0,0.0,0.0
2022-01-18 19:06:06.501048,0.0,0.0,0.0
2022-01-18 19:06:07.009471,0.0,0.0,0.0
2022-01-18 19:06:07.503996,0.0,0.0,0.0
2022-01-18 19:06:08.001801,0.0,0.0,0.0
2022-01-18 19:06:08.507731,0.0,0.0,0.0
2022-01-18 19:06:09.006334,0.0,0.0,0.0
2022-01-18 19:06:09.502594,0.0,0.0,0.0
2022-01-18 19:06:10.001765,0.0,0.0,0.0
2022-01-18 19:06:10.506699,0.0,0.0,0.0
2022-01-18 19:06:11.004325,0.0,0.0,0.0
2022-01-18 19:06:11.509937,0.0,0.0,0.0
2022-01-18 19:06:12.007468,0.0,0.0,0.0
2022-01-18 19:06:12.501445,0.0,0.0,0.0
2022-01-18 19:06:13.009842,0.0,0.0,0.0
2022-01-18 19:06:13.504599,0.0,0.0,0.0
2022-01-18 19:06:14.001807,0.0,0.0,0.0
2022-01-18 19:06:14.509331,0.0,0.0,0.0
2022-01-18 19:06:15.007821,0.0,0.0,0.0
2022-01-18 19:06:15.501786,0.0,0.0,0.0
2022-01-18 19:06:16.010486,0.0,0.0,0.0
2022-01-18 19:06:16.505108,0.0,0.0,0.0
2022-01-18 19:06:17.003059,0.0,0.0,0.0
2022-01-18 19:06:17.508094,0.0,0.0,0.0
2022-01-18 19:06:18.009372,0.0,0.0,0.0
2022-01-18 19:06:18.504839,0.0,0.0,0.0
2022-01-18 19:06:19.002249,0.0,0.0,0.0
2022-01-18 19:06:19.507992,0.0,0.0,0.0
2022-01-18 19:06:20.005764,0.0,0.0,0.0
2022-01-18 19:06:20.510822,0.0,0.0,0.0
2022-01-18 19:06:21.007719,0.0,0.0,0.0
2022-01-18 19:06:21.502267,0.0,0.0,0.0
2022-01-18 19:06:22.010680,0.0,0.0,0.0
2022-01-18 19:06:22.507104,0.0,0.0,0.0
2022-01-18 19:06:23.005540,0.0,0.0,0.0
2022-01-18 19:06:23.502567,0.0,0.0,0.0
2022-01-18 19:06:24.009516,0.0,0.0,0.0
2022-01-18 19:06:24.504209,0.0,0.0,0.0
2022-01-18 19:06:25.010464,0.0,0.0,0.0
2022-01-18 19:06:25.507412,0.0,0.0,0.0
2022-01-18 19:06:26.006262,0.0,0.0,0.0
2022-01-18 19:06:26.500798,0.0,0.0,0.0
2022-01-18 19:06:27.007545,0.0,0.0,0.0
2022-01-18 19:06:27.502527,0.0,0.0,0.0
2022-01-18 19:06:28.009456,0.0,0.0,0.0
2022-01-18 19:06:28.505526,0.0,0.0,0.0
2022-01-18 19:06:29.003294,0.0,0.0,0.0
2022-01-18 19:06:29.508443,0.0,0.0,0.0
2022-01-18 19:06:30.004673,0.0,0.0,0.0
2022-01-18 19:06:30.509404,0.0,0.0,0.0
2022-01-18 19:06:31.007397,0.0,0.0,0.0
2022-01-18 19:06:31.504139,0.0,0.0,0.0
2022-01-18 19:06:32.001966,0.0,0.0,0.0
2022-01-18 19:06:32.508548,0.0,0.0,0.0
2022-01-18 19:06:33.004904,0.0,0.0,0.0
2022-01-18 19:06:33.509869,0.0,0.0,0.0
2022-01-18 19:06:34.007193,0.0,0.0,0.0
2022-01-18 19:06:34.502707,0.0,0.0,0.0
2022-01-18 19:06:35.011096,0.0,0.0,0.0
2022-01-18 19:06:35.507367,0.0,0.0,0.0
2022-01-18 19:06:36.007297,0.0,0.0,0.0
2022-01-18 19:06:36.502767,0.0,0.0,0.0
2022-01-18 19:06:37.001262,0.0,0.0,0.0
2022-01-18 19:06:37.506910,0.0,0.0,0.0
2022-01-18 19:06:38.004285,0.0,0.0,0.0
2022-01-18 19:06:38.509033,0.0,0.0,0.0
2022-01-18 19:06:39.006773,0.0,0.0,0.0
2022-01-18 19:06:39.510560,0.0,0.0,0.0
2022-01-18 19:06:40.007901,0.0,0.0,0.0
2022-01-18 19:06:40.504059,0.0,0.0,0.0
2022-01-18 19:06:41.003520,0.0,0.0,0.0
2022-01-18 19:06:41.509313,0.0,0.0,0.0
2022-01-18 19:06:42.006811,0.0,0.0,0.0
2022-01-18 19:06:42.510991,0.0,0.0,0.0
2022-01-18 19:06:43.008928,0.0,0.0,0.0
2022-01-18 19:06:43.503799,0.0,0.0,0.0
2022-01-18 19:06:44.002444,0.0,0.0,0.0
2022-01-18 19:06:44.508314,0.0,0.0,0.0
2022-01-18 19:06:45.005797,0.0,0.0,0.0
2022-01-18 19:06:45.501763,0.0,0.0,0.0
2022-01-18 19:06:46.009676,0.0,0.0,0.0
2022-01-18 19:06:46.504173,0.0,0.0,0.0
2022-01-18 19:06:47.002962,0.0,0.0,0.0
2022-01-18 19:06:47.507329,0.0,0.0,0.0
2022-01-18 19:06:48.005227,0.0,0.0,0.0
2022-01-18 19:06:48.509091,0.0,0.0,0.0
2022-01-18 19:06:49.007340,0.0,0.0,0.0
2022-01-18 19:06:49.503840,0.0,0.0,0.0
2022-01-18 19:06:50.005972,0.0,0.0,0.0
2022-01-18 19:06:50.510732,0.0,0.0,0.0
2022-01-18 19:06:51.008359,0.0,0.0,0.0
2022-01-18 19:06:51.503420,0.0,0.0,0.0
2022-01-18 19:06:52.001797,0.0,0.0,0.0
2022-01-18 19:06:52.507709,0.0,0.0,0.0
2022-01-18 19:06:53.006911,0.0,0.0,0.0
2022-01-18 19:06:53.502819,0.0,0.0,0.0
2022-01-18 19:06:54.000723,0.0,0.0,0.0
2022-01-18 19:06:54.505138,0.0,0.0,0.0
2022-01-18 19:06:55.003191,0.0,0.0,0.0
2022-01-18 19:06:55.508376,0.0,0.0,0.0
2022-01-18 19:06:56.006869,0.0,0.0,0.0
2022-01-18 19:06:56.501953,0.0,0.0,0.0
2022-01-18 19:06:57.008555,0.0,0.0,0.0
2022-01-18 19:06:57.504480,0.0,0.0,0.0
2022-01-18 19:06:58.009327,0.0,0.0,0.0
2022-01-18 19:06:58.505270,0.0,0.0,0.0
2022-01-18 19:06:59.004380,0.0,0.0,0.0
2022-01-18 19:06:59.509852,0.0,0.0,0.0
2022-01-18 19:07:00.007360,0.0,0.0,0.0
2022-01-18 19:07:00.510287,0.0,0.0,0.0
2022-01-18 19:07:01.007769,0.0,0.0,0.0
2022-01-18 19:07:01.502082,0.0,0.0,0.0
2022-01-18 19:07:02.009303,0.0,0.0,0.0
2022-01-18 19:07:02.506165,0.0,0.0,0.0
2022-01-18 19:07:03.003488,0.0,0.0,0.0
2022-01-18 19:07:03.510830,0.0,0.0,0.0
2022-01-18 19:07:04.008607,0.0,0.0,0.0
2022-01-18 19:07:04.504461,0.0,0.0,0.0
2022-01-18 19:07:05.002802,0.0,0.0,0.0
2022-01-18 19:07:05.507418,0.0,0.0,0.0
2022-01-18 19:07:06.004262,0.0,0.0,0.0
2022-01-18 19:07:06.508957,0.0,0.0,0.0
2022-01-18 19:07:07.007490,0.0,0.0,0.0
2022-01-18 19:07:07.502798,0.0,0.0,0.0
2022-01-18 19:07:08.010360,0.0,0.0,0.0
2022-01-18 19:07:08.504261,0.0,0.0,0.0
2022-01-18 19:07:09.010588,0.0,0.0,0.0
2022-01-18 19:07:09.505158,0.0,0.0,0.0
2022-01-18 19:07:10.003198,0.0,0.0,0.0
2022-01-18 19:07:10.506692,0.0,0.0,0.0
2022-01-18 19:07:11.005450,0.0,0.0,0.0
2022-01-18 19:07:11.503269,0.0,0.0,0.0
2022-01-18 19:07:12.002802,0.0,0.0,0.0
2022-01-18 19:07:12.507659,0.0,0.0,0.0
2022-01-18 19:07:13.005454,0.0,0.0,0.0
2022-01-18 19:07:13.510273,0.0,0.0,0.0
2022-01-18 19:07:14.008041,0.0,0.0,0.0
2022-01-18 19:07:14.502651,0.0,0.0,0.0
2022-01-18 19:07:15.011215,0.0,0.0,0.0
2022-01-18 19:07:15.505689,0.0,0.0,0.0
2022-01-18 19:07:16.004978,0.0,0.0,0.0
2022-01-18 19:07:16.501781,0.0,0.0,0.0
2022-01-18 19:07:17.009888,0.0,0.0,0.0
2022-01-18 19:07:17.504996,0.0,0.0,0.0
2022-01-18 19:07:18.002095,0.0,0.0,0.0
2022-01-18 19:07:18.506306,0.0,0.0,0.0
2022-01-18 19:07:19.003690,0.0,0.0,0.0
2022-01-18 19:07:19.509091,0.0,0.0,0.0
2022-01-18 19:07:20.006634,0.0,0.0,0.0
2022-01-18 19:07:20.502473,0.0,0.0,0.0
2022-01-18 19:07:21.010581,0.0,0.0,0.0
2022-01-18 19:07:21.506793,0.0,0.0,0.0
2022-01-18 19:07:22.004904,0.0,0.0,0.0
2022-01-18 19:07:22.509808,0.0,0.0,0.0
2022-01-18 19:07:23.007787,0.0,0.0,0.0
2022-01-18 19:07:23.502272,0.0,0.0,0.0
2022-01-18 19:07:24.009371,0.0,0.0,0.0
2022-01-18 19:07:24.503394,0.0,0.0,0.0
2022-01-18 19:07:25.002764,0.0,0.0,0.0
2022-01-18 19:07:25.509122,0.0,0.0,0.0
2022-01-18 19:07:26.006612,0.0,0.0,0.0
2022-01-18 19:07:27.005125,0.0,0.0,0.0
2022-01-18 19:07:27.510321,0.0,0.0,0.0
2022-01-18 19:07:28.006836,0.0,0.0,0.0
2022-01-18 19:07:28.502194,0.0,0.0,0.0
2022-01-18 19:07:29.009050,0.0,0.0,0.0
2022-01-18 19:07:29.503963,0.0,0.0,0.0
2022-01-18 19:07:30.003418,0.0,0.0,0.0
2022-01-18 19:07:30.507829,0.0,0.0,0.0
2022-01-18 19:07:31.004998,0.0,0.0,0.0
2022-01-18 19:07:31.508085,0.0,0.0,0.0
2022-01-18 19:07:32.006789,0.0,0.0,0.0
2022-01-18 19:07:32.501309,0.0,0.0,0.0
2022-01-18 19:07:33.009719,0.0,0.0,0.0
2022-01-18 19:07:33.504490,0.0,0.0,0.0
2022-01-18 19:07:34.003339,0.0,0.0,0.0
2022-01-18 19:07:34.509848,0.0,0.0,0.0
2022-01-18 19:07:35.008422,0.0,0.0,0.0
2022-01-18 19:07:35.505068,0.0,0.0,0.0
2022-01-18 19:07:36.002753,0.0,0.0,0.0
2022-01-18 19:07:36.506044,0.0,0.0,0.0
2022-01-18 19:07:37.002618,0.0,0.0,0.0
2022-01-18 19:07:37.507903,0.0,0.0,0.0
2022-01-18 19:07:38.004724,0.0,0.0,0.0
2022-01-18 19:07:38.508516,0.0,0.0,0.0
2022-01-18 19:07:39.007993,0.0,0.0,0.0
2022-01-18 19:07:39.502109,0.0,0.0,0.0
2022-01-18 19:07:40.009454,0.0,0.0,0.0
2022-01-18 19:07:40.504140,0.0,0.0,0.0
2022-01-18 19:07:41.002134,0.0,0.0,0.0
2022-01-18 19:07:41.506352,0.0,0.0,0.0
2022-01-18 19:07:42.003773,0.0,0.0,0.0
2022-01-18 19:07:42.506502,0.0,0.0,0.0
2022-01-18 19:07:43.002608,0.0,0.0,0.0
2022-01-18 19:07:43.509270,0.0,0.0,0.0
2022-01-18 19:07:44.006435,0.0,0.0,0.0
2022-01-18 19:07:44.509316,0.0,0.0,0.0
2022-01-18 19:07:45.006109,0.0,0.0,0.0
2022-01-18 19:07:45.510803,0.0,0.0,0.0
2022-01-18 19:07:46.007960,0.0,0.0,0.0
2022-01-18 19:07:46.502480,0.0,0.0,0.0
2022-01-18 19:07:47.009888,0.0,0.0,0.0
2022-01-18 19:07:47.505478,0.0,0.0,0.0
2022-01-18 19:07:48.005471,0.0,0.0,0.0
2022-01-18 19:07:48.509380,0.0,0.0,0.0
2022-01-18 19:07:49.007564,0.0,0.0,0.0
2022-01-18 19:07:49.501785,0.0,0.0,0.0
2022-01-18 19:07:50.010669,0.0,0.0,0.0
2022-01-18 19:07:50.504985,0.0,0.0,0.0
2022-01-18 19:07:51.002831,0.0,0.0,0.0
2022-01-18 19:07:51.506344,0.0,0.0,0.0
2022-01-18 19:07:52.003037,0.0,0.0,0.0
2022-01-18 19:07:52.501976,0.0,0.0,0.0
2022-01-18 19:07:53.010326,0.0,0.0,0.0
2022-01-18 19:07:53.504596,0.0,0.0,0.0
2022-01-18 19:07:54.002418,0.0,0.0,0.0
2022-01-18 19:07:54.505562,0.0,0.0,0.0
2022-01-18 19:07:55.002875,0.0,0.0,0.0
2022-01-18 19:07:55.508143,0.0,0.0,0.0
2022-01-18 19:07:56.007244,0.0,0.0,0.0
2022-01-18 19:07:56.502959,0.0,0.0,0.0
2022-01-18 19:07:57.001094,0.0,0.0,0.0
2022-01-18 19:07:57.506053,0.0,0.0,0.0
2022-01-18 19:07:58.003156,0.0,0.0,0.0
2022-01-18 19:07:58.508521,0.0,0.0,0.0
2022-01-18 19:07:59.005799,0.0,0.0,0.0
2022-01-18 19:07:59.502598,0.0,0.0,0.0
2022-01-18 19:08:00.011455,0.0,0.0,0.0
2022-01-18 19:08:00.506119,0.0,0.0,0.0
2022-01-18 19:08:01.003493,0.0,0.0,0.0
2022-01-18 19:08:01.508242,0.0,0.0,0.0
2022-01-18 19:08:02.006645,0.0,0.0,0.0
2022-01-18 19:08:02.510328,0.0,0.0,0.0
2022-01-18 19:08:03.008543,0.0,0.0,0.0
2022-01-18 19:08:03.502765,0.0,0.0,0.0
2022-01-18 19:08:04.001149,0.0,0.0,0.0
2022-01-18 19:08:04.505128,0.0,0.0,0.0
2022-01-18 19:08:05.003322,0.0,0.0,0.0
2022-01-18 19:08:05.509751,0.0,0.0,0.0
2022-01-18 19:08:06.008580,0.0,0.0,0.0
2022-01-18 19:08:06.503369,0.0,0.0,0.0
2022-01-18 19:08:07.011006,0.0,0.0,0.0
2022-01-18 19:08:07.507028,0.0,0.0,0.0
2022-01-18 19:08:08.005118,0.0,0.0,0.0
2022-01-18 19:08:08.510707,0.0,0.0,0.0
2022-01-18 19:08:09.007571,0.0,0.0,0.0
2022-01-18 19:08:09.503936,0.0,0.0,0.0
2022-01-18 19:08:10.001798,0.0,0.0,0.0
2022-01-18 19:08:10.506603,0.0,0.0,0.0
2022-01-18 19:08:11.003715,0.0,0.0,0.0
2022-01-18 19:08:11.509546,0.0,0.0,0.0
2022-01-18 19:08:12.008173,0.0,0.0,0.0
2022-01-18 19:08:12.501676,0.0,0.0,0.0
2022-01-18 19:08:13.011197,0.0,0.0,0.0
2022-01-18 19:08:13.506504,0.0,0.0,0.0
2022-01-18 19:08:14.004933,0.0,0.0,0.0
2022-01-18 19:08:14.510125,0.0,0.0,0.0
2022-01-18 19:08:15.006611,0.0,0.0,0.0
2022-01-18 19:08:15.510781,0.0,0.0,0.0
2022-01-18 19:08:16.008189,0.0,0.0,0.0
2022-01-18 19:08:16.502557,0.0,0.0,0.0
2022-01-18 19:08:17.001871,0.0,0.0,0.0
2022-01-18 19:08:17.506053,0.0,0.0,0.0
2022-01-18 19:08:18.002404,0.0,0.0,0.0
2022-01-18 19:08:18.509748,0.0,0.0,0.0
2022-01-18 19:08:19.007378,0.0,0.0,0.0
2022-01-18 19:08:19.503425,0.0,0.0,0.0
2022-01-18 19:08:20.001142,0.0,0.0,0.0
2022-01-18 19:08:20.505819,0.0,0.0,0.0
2022-01-18 19:08:21.002465,0.0,0.0,0.0
2022-01-18 19:08:21.506220,0.0,0.0,0.0
2022-01-18 19:08:22.003675,0.0,0.0,0.0
2022-01-18 19:08:22.509432,0.0,0.0,0.0
2022-01-18 19:08:23.008301,0.0,0.0,0.0
2022-01-18 19:08:23.502760,0.0,0.0,0.0
2022-01-18 19:08:24.011041,0.0,0.0,0.0
2022-01-18 19:08:24.504878,0.0,0.0,0.0
2022-01-18 19:08:25.002821,0.0,0.0,0.0
2022-01-18 19:08:25.507720,0.0,0.0,0.0
2022-01-18 19:08:26.006602,0.0,0.0,0.0
2022-01-18 19:08:26.510708,0.0,0.0,0.0
2022-01-18 19:08:27.007141,0.0,0.0,0.0
2022-01-18 19:08:27.502284,0.0,0.0,0.0
2022-01-18 19:08:28.010304,0.0,0.0,0.0
2022-01-18 19:08:28.505065,0.0,0.0,0.0
2022-01-18 19:08:29.003128,0.0,0.0,0.0
2022-01-18 19:08:29.507275,0.0,0.0,0.0
2022-01-18 19:08:30.006042,0.0,0.0,0.0
2022-01-18 19:08:30.511080,0.0,0.0,0.0
2022-01-18 19:08:31.009167,0.0,0.0,0.0
2022-01-18 19:08:31.506855,0.0,0.0,0.0
2022-01-18 19:08:32.004301,0.0,0.0,0.0
2022-01-18 19:08:32.508810,0.0,0.0,0.0
2022-01-18 19:08:33.005033,0.0,0.0,0.0
2022-01-18 19:08:33.509995,0.0,0.0,0.0
2022-01-18 19:08:34.007251,0.0,0.0,0.0
2022-01-18 19:08:34.511029,0.0,0.0,0.0
2022-01-18 19:08:35.008412,0.0,0.0,0.0
2022-01-18 19:08:35.502715,0.0,0.0,0.0
2022-01-18 19:08:36.010953,0.0,0.0,0.0
2022-01-18 19:08:36.507890,0.0,0.0,0.0
2022-01-18 19:08:37.006404,0.0,0.0,0.0
2022-01-18 19:08:37.501551,0.0,0.0,0.0
2022-01-18 19:08:38.009890,0.0,0.0,0.0
2022-01-18 19:08:38.504325,0.0,0.0,0.0
2022-01-18 19:08:39.002491,0.0,0.0,0.0
2022-01-18 19:08:39.507249,0.0,0.0,0.0
2022-01-18 19:08:40.005533,0.0,0.0,0.0
2022-01-18 19:08:40.501676,0.0,0.0,0.0
2022-01-18 19:08:41.009616,0.0,0.0,0.0
2022-01-18 19:08:41.504562,0.0,0.0,0.0
2022-01-18 19:08:42.002059,0.0,0.0,0.0
2022-01-18 19:08:42.506297,0.0,0.0,0.0
2022-01-18 19:08:43.005090,0.0,0.0,0.0
2022-01-18 19:08:43.508956,0.0,0.0,0.0
2022-01-18 19:08:44.005956,0.0,0.0,0.0
2022-01-18 19:08:44.502710,0.0,0.0,0.0
2022-01-18 19:08:45.003056,0.0,0.0,0.0
2022-01-18 19:08:45.506867,0.0,0.0,0.0
2022-01-18 19:08:46.005726,0.0,0.0,0.0
2022-01-18 19:08:46.501122,0.0,0.0,0.0
2022-01-18 19:08:47.009682,0.0,0.0,0.0
2022-01-18 19:08:47.506784,0.0,0.0,0.0
2022-01-18 19:08:48.003909,0.0,0.0,0.0
2022-01-18 19:08:48.506495,0.0,0.0,0.0
2022-01-18 19:08:49.004101,0.0,0.0,0.0
2022-01-18 19:08:49.509884,0.0,0.0,0.0
2022-01-18 19:08:50.009331,0.0,0.0,0.0
2022-01-18 19:08:50.504312,0.0,0.0,0.0
2022-01-18 19:08:51.002658,0.0,0.0,0.0
2022-01-18 19:08:51.508255,0.0,0.0,0.0
2022-01-18 19:08:52.005166,0.0,0.0,0.0
2022-01-18 19:08:52.509975,0.0,0.0,0.0
2022-01-18 19:08:53.007101,0.0,0.0,0.0
2022-01-18 19:08:53.501710,0.0,0.0,0.0
2022-01-18 19:08:54.001791,0.0,0.0,0.0
2022-01-18 19:08:54.505081,0.0,0.0,0.0
2022-01-18 19:08:55.004544,0.0,0.0,0.0
2022-01-18 19:08:55.508875,0.0,0.0,0.0
2022-01-18 19:08:56.007791,0.0,0.0,0.0
2022-01-18 19:08:56.502709,0.0,0.0,0.0
2022-01-18 19:08:57.000719,0.0,0.0,0.0
2022-01-18 19:08:57.503544,0.0,0.0,0.0
2022-01-18 19:08:58.000994,0.0,0.0,0.0
2022-01-18 19:08:58.507982,0.0,0.0,0.0
2022-01-18 19:08:59.006420,0.0,0.0,0.0
2022-01-18 19:08:59.501727,0.0,0.0,0.0
2022-01-18 19:09:00.010089,0.0,0.0,0.0
2022-01-18 19:09:00.504423,0.0,0.0,0.0
2022-01-18 19:09:01.002860,0.0,0.0,0.0
2022-01-18 19:09:01.509710,0.0,0.0,0.0
2022-01-18 19:09:02.007853,0.0,0.0,0.0
2022-01-18 19:09:02.502421,0.0,0.0,0.0
2022-01-18 19:09:03.010071,0.0,0.0,0.0
2022-01-18 19:09:03.504564,0.0,0.0,0.0
2022-01-18 19:09:04.001685,0.0,0.0,0.0
2022-01-18 19:09:04.508635,0.0,0.0,0.0
2022-01-18 19:09:05.006885,0.0,0.0,0.0
2022-01-18 19:09:05.502225,0.0,0.0,0.0
2022-01-18 19:09:06.009039,0.0,0.0,0.0
2022-01-18 19:09:06.503965,0.0,0.0,0.0
2022-01-18 19:09:07.001187,0.0,0.0,0.0
2022-01-18 19:09:07.505946,0.0,0.0,0.0
2022-01-18 19:09:08.003277,0.0,0.0,0.0
2022-01-18 19:09:08.508445,0.0,0.0,0.0
2022-01-18 19:09:09.006415,0.0,0.0,0.0
2022-01-18 19:09:09.510792,0.0,0.0,0.0
2022-01-18 19:09:10.009350,0.0,0.0,0.0
2022-01-18 19:09:10.502411,0.0,0.0,0.0
2022-01-18 19:09:11.011267,0.0,0.0,0.0
2022-01-18 19:09:11.506514,0.0,0.0,0.0
2022-01-18 19:09:12.005901,0.0,0.0,0.0
2022-01-18 19:09:12.510084,0.0,0.0,0.0
2022-01-18 19:09:13.007977,0.0,0.0,0.0
2022-01-18 19:09:13.503703,0.0,0.0,0.0
2022-01-18 19:09:14.001825,0.0,0.0,0.0
2022-01-18 19:09:14.506569,0.0,0.0,0.0
2022-01-18 19:09:15.004120,0.0,0.0,0.0
2022-01-18 19:09:15.510527,0.0,0.0,0.0
2022-01-18 19:09:16.010861,0.0,0.0,0.0
2022-01-18 19:09:16.504384,0.0,0.0,0.0
2022-01-18 19:09:17.003041,0.0,0.0,0.0
2022-01-18 19:09:17.508915,0.0,0.0,0.0
2022-01-18 19:09:18.005852,0.0,0.0,0.0
2022-01-18 19:09:18.509040,0.0,0.0,0.0
2022-01-18 19:09:19.005426,0.0,0.0,0.0
2022-01-18 19:09:19.501065,0.0,0.0,0.0
2022-01-18 19:09:20.010280,0.0,0.0,0.0
2022-01-18 19:09:20.505846,0.0,0.0,0.0
2022-01-18 19:09:21.002536,0.0,0.0,0.0
2022-01-18 19:09:21.506908,0.0,0.0,0.0
2022-01-18 19:09:22.004605,0.0,0.0,0.0
2022-01-18 19:09:22.509128,0.0,0.0,0.0
2022-01-18 19:09:23.006929,0.0,0.0,0.0
2022-01-18 19:09:23.501524,0.0,0.0,0.0
2022-01-18 19:09:24.009533,0.0,0.0,0.0
2022-01-18 19:09:24.504144,0.0,0.0,0.0
2022-01-18 19:09:25.002829,0.0,0.0,0.0
2022-01-18 19:09:25.508502,0.0,0.0,0.0
2022-01-18 19:09:26.006910,0.0,0.0,0.0
2022-01-18 19:09:26.504172,0.0,0.0,0.0
2022-01-18 19:09:27.001685,0.0,0.0,0.0
2022-01-18 19:09:27.505511,0.0,0.0,0.0
2022-01-18 19:09:28.002542,0.0,0.0,0.0
2022-01-18 19:09:28.509539,0.0,0.0,0.0
2022-01-18 19:09:29.007934,0.0,0.0,0.0
2022-01-18 19:09:29.502813,0.0,0.0,0.0
2022-01-18 19:09:30.001514,0.0,0.0,0.0
2022-01-18 19:09:30.505206,0.0,0.0,0.0
2022-01-18 19:09:31.003957,0.0,0.0,0.0
2022-01-18 19:09:31.509127,0.0,0.0,0.0
2022-01-18 19:09:32.005917,0.0,0.0,0.0
2022-01-18 19:09:32.510315,0.0,0.0,0.0
2022-01-18 19:09:33.008904,0.0,0.0,0.0
2022-01-18 19:09:33.503386,0.0,0.0,0.0
2022-01-18 19:09:34.001160,0.0,0.0,0.0
2022-01-18 19:09:34.505842,0.0,0.0,0.0
2022-01-18 19:09:35.003167,0.0,0.0,0.0
2022-01-18 19:09:35.509440,0.0,0.0,0.0
2022-01-18 19:09:36.006971,0.0,0.0,0.0
2022-01-18 19:09:36.509448,0.0,0.0,0.0
2022-01-18 19:09:37.007086,0.0,0.0,0.0
2022-01-18 19:09:37.502574,0.0,0.0,0.0
2022-01-18 19:09:38.010778,0.0,0.0,0.0
2022-01-18 19:09:38.506970,0.0,0.0,0.0
2022-01-18 19:09:39.004454,0.0,0.0,0.0
2022-01-18 19:09:39.510440,0.0,0.0,0.0
2022-01-18 19:09:40.007334,0.0,0.0,0.0
2022-01-18 19:09:40.511221,0.0,0.0,0.0
2022-01-18 19:09:41.008742,0.0,0.0,0.0
2022-01-18 19:09:41.504154,0.0,0.0,0.0
2022-01-18 19:09:42.002499,0.0,0.0,0.0
2022-01-18 19:09:42.506514,0.0,0.0,0.0
2022-01-18 19:09:43.003467,0.0,0.0,0.0
2022-01-18 19:09:43.508555,0.0,0.0,0.0
2022-01-18 19:09:44.005283,0.0,0.0,0.0
2022-01-18 19:09:44.508919,0.0,0.0,0.0
2022-01-18 19:09:45.005665,0.0,0.0,0.0
2022-01-18 19:09:45.509156,0.0,0.0,0.0
2022-01-18 19:09:46.006259,0.0,0.0,0.0
2022-01-18 19:09:46.503943,0.0,0.0,0.0
2022-01-18 19:09:47.002604,0.0,0.0,0.0
2022-01-18 19:09:47.509165,0.0,0.0,0.0
2022-01-18 19:09:48.006778,0.0,0.0,0.0
2022-01-18 19:09:48.501477,0.0,0.0,0.0
2022-01-18 19:09:49.010630,0.0,0.0,0.0
2022-01-18 19:09:49.504408,0.0,0.0,0.0
2022-01-18 19:09:50.002342,0.0,0.0,0.0
2022-01-18 19:09:50.507981,0.0,0.0,0.0
2022-01-18 19:09:51.007087,0.0,0.0,0.0
2022-01-18 19:09:51.509821,0.0,0.0,0.0
2022-01-18 19:09:52.007203,0.0,0.0,0.0
2022-01-18 19:09:52.510667,0.0,0.0,0.0
2022-01-18 19:09:53.006488,0.0,0.0,0.0
2022-01-18 19:09:53.510741,0.0,0.0,0.0
2022-01-18 19:09:54.007800,0.0,0.0,0.0
2022-01-18 19:09:54.503061,0.0,0.0,0.0
2022-01-18 19:09:55.001737,0.0,0.0,0.0
2022-01-18 19:09:55.507578,0.0,0.0,0.0
2022-01-18 19:09:56.004138,0.0,0.0,0.0
2022-01-18 19:09:56.507976,0.0,0.0,0.0
2022-01-18 19:09:57.005337,0.0,0.0,0.0
2022-01-18 19:09:57.509496,0.0,0.0,0.0
2022-01-18 19:09:58.006651,0.0,0.0,0.0
2022-01-18 19:09:58.511016,0.0,0.0,0.0
2022-01-18 19:09:59.007998,0.0,0.0,0.0
2022-01-18 19:09:59.503847,0.0,0.0,0.0
2022-01-18 19:10:00.002585,0.0,0.0,0.0
2022-01-18 19:10:00.507887,0.0,0.0,0.0
2022-01-18 19:10:01.006940,0.0,0.0,0.0
2022-01-18 19:10:01.502200,0.0,0.0,0.0
2022-01-18 19:10:02.504495,0.0,0.0,0.0
2022-01-18 19:10:03.003033,0.0,0.0,0.0
2022-01-18 19:10:03.509280,0.0,0.0,0.0
2022-01-18 19:10:04.008454,0.0,0.0,0.0
2022-01-18 19:10:04.503946,0.0,0.0,0.0
2022-01-18 19:10:05.001695,0.0,0.0,0.0
2022-01-18 19:10:05.506773,0.0,0.0,0.0
2022-01-18 19:10:06.004348,0.0,0.0,0.0
2022-01-18 19:10:06.508077,0.0,0.0,0.0
2022-01-18 19:10:07.005337,0.0,0.0,0.0
2022-01-18 19:10:07.510773,0.0,0.0,0.0
2022-01-18 19:10:08.006923,0.0,0.0,0.0
2022-01-18 19:10:08.504651,0.0,0.0,0.0
2022-01-18 19:10:09.001962,0.0,0.0,0.0
2022-01-18 19:10:09.506721,0.0,0.0,0.0
2022-01-18 19:10:10.005789,0.0,0.0,0.0
2022-01-18 19:10:10.509666,0.0,0.0,0.0
2022-01-18 19:10:11.007130,0.0,0.0,0.0
2022-01-18 19:10:11.501863,0.0,0.0,0.0
2022-01-18 19:10:12.011015,0.0,0.0,0.0
2022-01-18 19:10:12.506979,0.0,0.0,0.0
2022-01-18 19:10:13.005096,0.0,0.0,0.0
2022-01-18 19:10:13.501078,0.0,0.0,0.0
2022-01-18 19:10:14.009469,0.0,0.0,0.0
2022-01-18 19:10:14.504300,0.0,0.0,0.0
2022-01-18 19:10:15.000956,0.0,0.0,0.0
2022-01-18 19:10:15.503332,0.0,0.0,0.0
2022-01-18 19:10:16.003511,0.0,0.0,0.0
2022-01-18 19:10:16.509174,0.0,0.0,0.0
2022-01-18 19:10:17.006781,0.0,0.0,0.0
2022-01-18 19:10:17.501756,0.0,0.0,0.0
2022-01-18 19:10:18.000906,0.0,0.0,0.0
2022-01-18 19:10:18.506506,0.0,0.0,0.0
2022-01-18 19:10:19.002733,0.0,0.0,0.0
2022-01-18 19:10:19.509093,0.0,0.0,0.0
2022-01-18 19:10:20.007074,0.0,0.0,0.0
2022-01-18 19:10:21.004879,0.0,0.0,0.0
2022-01-18 19:10:21.509447,0.0,0.0,0.0
2022-01-18 19:10:22.007205,0.0,0.0,0.0
2022-01-18 19:10:22.502512,0.0,0.0,0.0
2022-01-18 19:10:23.010549,0.0,0.0,0.0
2022-01-18 19:10:23.504548,0.0,0.0,0.0
2022-01-18 19:10:24.003348,0.0,0.0,0.0
2022-01-18 19:10:24.508688,0.0,0.0,0.0
2022-01-18 19:10:25.005682,0.0,0.0,0.0
2022-01-18 19:10:25.502760,0.0,0.0,0.0
2022-01-18 19:10:26.008013,0.0,0.0,0.0
2022-01-18 19:10:26.508623,0.0,0.0,0.0
2022-01-18 19:10:27.006433,0.0,0.0,0.0
2022-01-18 19:10:27.504586,0.0,0.0,0.0
2022-01-18 19:10:28.007301,0.0,0.0,0.0
2022-01-18 19:10:28.501478,0.0,0.0,0.0
2022-01-18 19:10:29.010827,0.0,0.0,0.0
2022-01-18 19:10:29.510757,0.0,0.0,0.0
2022-01-18 19:10:30.007823,0.0,0.0,0.0
2022-01-18 19:10:30.501193,0.0,0.0,0.0
2022-01-18 19:10:31.008173,0.0,0.0,0.0
2022-01-18 19:10:31.504064,0.0,0.0,0.0
2022-01-18 19:10:32.002156,0.0,0.0,0.0
2022-01-18 19:10:32.506335,0.0,0.0,0.0
2022-01-18 19:10:33.003562,0.0,0.0,0.0
2022-01-18 19:10:33.506766,0.0,0.0,0.0
2022-01-18 19:10:34.004240,0.0,0.0,0.0
2022-01-18 19:10:34.506356,0.0,0.0,0.0
2022-01-18 19:10:35.003310,0.0,0.0,0.0
2022-01-18 19:10:35.506932,0.0,0.0,0.0
2022-01-18 19:10:36.003366,0.0,0.0,0.0
2022-01-18 19:10:36.505735,0.0,0.0,0.0
2022-01-18 19:10:37.002777,0.0,0.0,0.0
2022-01-18 19:10:37.509664,0.0,0.0,0.0
2022-01-18 19:10:38.009830,0.0,0.0,0.0
2022-01-18 19:10:38.503800,0.0,0.0,0.0
2022-01-18 19:10:39.001501,0.0,0.0,0.0
2022-01-18 19:10:39.506880,0.0,0.0,0.0
2022-01-18 19:10:40.005915,0.0,0.0,0.0
2022-01-18 19:10:40.500959,0.0,0.0,0.0
2022-01-18 19:10:41.010946,0.0,0.0,0.0
2022-01-18 19:10:41.506341,0.0,0.0,0.0
2022-01-18 19:10:42.003514,0.0,0.0,0.0
2022-01-18 19:10:42.508408,0.0,0.0,0.0
2022-01-18 19:10:43.001638,0.0,0.0,0.0
2022-01-18 19:10:43.508999,0.0,0.0,0.0
2022-01-18 19:10:44.007057,0.0,0.0,0.0
2022-01-18 19:10:45.004469,0.0,0.0,0.0
2022-01-18 19:10:45.509211,0.0,0.0,0.0
2022-01-18 19:10:46.009022,0.0,0.0,0.0
2022-01-18 19:10:46.503886,0.0,0.0,0.0
2022-01-18 19:10:47.000983,0.0,0.0,0.0
2022-01-18 19:10:47.503577,0.0,0.0,0.0
2022-01-18 19:10:48.003051,0.0,0.0,0.0
2022-01-18 19:10:48.507257,0.0,0.0,0.0
2022-01-18 19:10:49.006726,0.0,0.0,0.0
2022-01-18 19:10:49.508920,0.0,0.0,0.0
2022-01-18 19:10:50.001645,0.0,0.0,0.0
2022-01-18 19:10:50.508763,0.0,0.0,0.0
2022-01-18 19:10:51.006232,0.0,0.0,0.0
2022-01-18 19:10:51.510708,0.0,0.0,0.0
2022-01-18 19:10:52.008977,0.0,0.0,0.0
2022-01-18 19:10:52.507187,0.0,0.0,0.0
2022-01-18 19:10:53.006287,0.0,0.0,0.0
2022-01-18 19:10:53.501911,0.0,0.0,0.0
2022-01-18 19:10:54.009891,0.0,0.0,0.0
2022-01-18 19:10:54.505810,0.0,0.0,0.0
2022-01-18 19:10:55.006230,0.0,0.0,0.0
2022-01-18 19:10:55.501448,0.0,0.0,0.0
2022-01-18 19:10:56.008678,0.0,0.0,0.0
2022-01-18 19:10:56.504236,0.0,0.0,0.0
2022-01-18 19:10:57.010287,0.0,0.0,0.0
2022-01-18 19:10:57.506253,0.0,0.0,0.0
2022-01-18 19:10:58.004793,0.0,0.0,0.0
2022-01-18 19:10:58.510726,0.0,0.0,0.0
2022-01-18 19:10:59.008183,0.0,0.0,0.0
2022-01-18 19:10:59.506347,0.0,0.0,0.0
2022-01-18 19:11:00.005279,0.0,0.0,0.0
2022-01-18 19:11:00.502576,0.0,0.0,0.0
2022-01-18 19:11:01.010104,0.0,0.0,0.0
2022-01-18 19:11:01.503241,0.0,0.0,0.0
2022-01-18 19:11:02.010566,0.0,0.0,0.0
2022-01-18 19:11:02.504643,0.0,0.0,0.0
2022-01-18 19:11:03.003462,0.0,0.0,0.0
2022-01-18 19:11:03.506189,0.0,0.0,0.0
2022-01-18 19:11:04.004117,0.0,0.0,0.0
2022-01-18 19:11:04.511194,0.0,0.0,0.0
2022-01-18 19:11:05.009123,0.0,0.0,0.0
2022-01-18 19:11:05.503822,0.0,0.0,0.0
2022-01-18 19:11:06.003453,0.0,0.0,0.0
2022-01-18 19:11:06.506925,0.0,0.0,0.0
2022-01-18 19:11:07.007735,0.0,0.0,0.0
2022-01-18 19:11:07.502319,0.0,0.0,0.0
2022-01-18 19:11:08.010772,0.0,0.0,0.0
2022-01-18 19:11:08.505086,0.0,0.0,0.0
2022-01-18 19:11:09.003609,0.0,0.0,0.0
2022-01-18 19:11:09.508523,0.0,0.0,0.0
2022-01-18 19:11:10.006683,0.0,0.0,0.0
2022-01-18 19:11:10.500659,0.0,0.0,0.0
2022-01-18 19:11:11.005287,0.0,0.0,0.0
2022-01-18 19:11:11.510553,0.0,0.0,0.0
2022-01-18 19:11:12.006826,0.0,0.0,0.0
2022-01-18 19:11:12.504264,0.0,0.0,0.0
2022-01-18 19:11:13.003491,0.0,0.0,0.0
2022-01-18 19:11:13.507803,0.0,0.0,0.0
2022-01-18 19:11:14.005174,0.0,0.0,0.0
2022-01-18 19:11:14.509970,0.0,0.0,0.0
2022-01-18 19:11:15.006338,0.0,0.0,0.0
2022-01-18 19:11:15.502271,0.0,0.0,0.0
2022-01-18 19:11:16.010051,0.0,0.0,0.0
2022-01-18 19:11:16.505387,0.0,0.0,0.0
2022-01-18 19:11:17.003931,0.0,0.0,0.0
2022-01-18 19:11:17.510537,0.0,0.0,0.0
2022-01-18 19:11:18.006893,0.0,0.0,0.0
2022-01-18 19:11:18.510461,0.0,0.0,0.0
2022-01-18 19:11:19.008020,0.0,0.0,0.0
2022-01-18 19:11:19.502010,0.0,0.0,0.0
2022-01-18 19:11:20.009054,0.0,0.0,0.0
2022-01-18 19:11:20.502865,0.0,0.0,0.0
2022-01-18 19:11:21.001375,0.0,0.0,0.0
2022-01-18 19:11:21.506384,0.0,0.0,0.0
2022-01-18 19:11:22.005177,0.0,0.0,0.0
2022-01-18 19:11:22.511152,0.0,0.0,0.0
2022-01-18 19:11:23.009313,0.0,0.0,0.0
2022-01-18 19:11:23.503662,0.0,0.0,0.0
2022-01-18 19:11:24.001375,0.0,0.0,0.0
2022-01-18 19:11:24.504873,0.0,0.0,0.0
2022-01-18 19:11:25.003376,0.0,0.0,0.0
2022-01-18 19:11:25.509737,0.0,0.0,0.0
2022-01-18 19:11:26.009343,0.0,0.0,0.0
2022-01-18 19:11:26.503989,0.0,0.0,0.0
2022-01-18 19:11:27.000598,0.0,0.0,0.0
2022-01-18 19:11:27.503552,0.0,0.0,0.0
2022-01-18 19:11:28.001887,0.0,0.0,0.0
2022-01-18 19:11:28.507446,0.0,0.0,0.0
2022-01-18 19:11:29.005039,0.0,0.0,0.0
2022-01-18 19:11:29.510315,0.0,0.0,0.0
2022-01-18 19:11:30.007384,0.0,0.0,0.0
2022-01-18 19:11:30.503320,0.0,0.0,0.0
2022-01-18 19:11:31.505010,0.0,0.0,0.0
2022-01-18 19:11:32.002520,0.0,0.0,0.0
2022-01-18 19:11:32.508051,0.0,0.0,0.0
2022-01-18 19:11:33.005036,0.0,0.0,0.0
2022-01-18 19:11:33.510394,0.0,0.0,0.0
2022-01-18 19:11:34.008000,0.0,0.0,0.0
2022-01-18 19:11:34.504123,0.0,0.0,0.0
2022-01-18 19:11:35.001421,0.0,0.0,0.0
2022-01-18 19:11:35.509818,0.0,0.0,0.0
2022-01-18 19:11:36.007611,0.0,0.0,0.0
2022-01-18 19:11:36.510003,0.0,0.0,0.0
2022-01-18 19:11:37.007416,0.0,0.0,0.0
2022-01-18 19:11:37.503042,0.0,0.0,0.0
2022-01-18 19:11:38.010230,0.0,0.0,0.0
2022-01-18 19:11:38.505755,0.0,0.0,0.0
2022-01-18 19:11:39.003815,0.0,0.0,0.0
2022-01-18 19:11:39.507604,0.0,0.0,0.0
2022-01-18 19:11:40.006496,0.0,0.0,0.0
2022-01-18 19:11:40.503676,0.0,0.0,0.0
2022-01-18 19:11:41.504625,0.0,0.0,0.0
2022-01-18 19:11:42.002191,0.0,0.0,0.0
2022-01-18 19:11:42.506214,0.0,0.0,0.0
2022-01-18 19:11:43.004454,0.0,0.0,0.0
2022-01-18 19:11:43.509189,0.0,0.0,0.0
2022-01-18 19:11:44.006373,0.0,0.0,0.0
2022-01-18 19:11:44.510886,0.0,0.0,0.0
2022-01-18 19:11:45.008434,0.0,0.0,0.0
2022-01-18 19:11:45.504737,0.0,0.0,0.0
2022-01-18 19:11:46.001886,0.0,0.0,0.0
2022-01-18 19:11:46.506599,0.0,0.0,0.0
2022-01-18 19:11:47.004384,0.0,0.0,0.0
2022-01-18 19:11:47.510504,0.0,0.0,0.0
2022-01-18 19:11:48.008402,0.0,0.0,0.0
2022-01-18 19:11:48.504519,0.0,0.0,0.0
2022-01-18 19:11:49.001104,0.0,0.0,0.0
2022-01-18 19:11:49.507496,0.0,0.0,0.0
2022-01-18 19:11:50.005083,0.0,0.0,0.0
2022-01-18 19:11:50.510366,0.0,0.0,0.0
2022-01-18 19:11:51.008809,0.0,0.0,0.0
2022-01-18 19:11:51.503400,0.0,0.0,0.0
2022-01-18 19:11:52.002398,0.0,0.0,0.0
2022-01-18 19:11:52.507087,0.0,0.0,0.0
2022-01-18 19:11:53.006302,0.0,0.0,0.0
2022-01-18 19:11:53.501085,0.0,0.0,0.0
2022-01-18 19:11:54.009136,0.0,0.0,0.0
2022-01-18 19:11:54.504645,0.0,0.0,0.0
2022-01-18 19:11:55.001734,0.0,0.0,0.0
2022-01-18 19:11:55.508497,0.0,0.0,0.0
2022-01-18 19:11:56.006618,0.0,0.0,0.0
2022-01-18 19:11:56.501088,0.0,0.0,0.0
2022-01-18 19:11:57.008794,0.0,0.0,0.0
2022-01-18 19:11:57.502032,0.0,0.0,0.0
2022-01-18 19:11:58.009778,0.0,0.0,0.0
2022-01-18 19:11:58.506856,0.0,0.0,0.0
2022-01-18 19:11:59.005142,0.0,0.0,0.0
2022-01-18 19:11:59.510498,0.0,0.0,0.0
2022-01-18 19:12:00.004630,0.0,0.0,0.0
2022-01-18 19:12:00.510557,0.0,0.0,0.0
2022-01-18 19:12:01.008719,0.0,0.0,0.0
2022-01-18 19:12:01.503980,0.0,0.0,0.0
2022-01-18 19:12:02.003142,0.0,0.0,0.0
2022-01-18 19:12:02.510332,0.0,0.0,0.0
2022-01-18 19:12:03.010027,0.0,0.0,0.0
2022-01-18 19:12:03.504831,0.0,0.0,0.0
2022-01-18 19:12:04.001774,0.0,0.0,0.0
2022-01-18 19:12:04.507039,0.0,0.0,0.0
2022-01-18 19:12:05.005184,0.0,0.0,0.0
2022-01-18 19:12:05.501140,0.0,0.0,0.0
2022-01-18 19:12:06.009659,0.0,0.0,0.0
2022-01-18 19:12:06.505023,0.0,0.0,0.0
2022-01-18 19:12:07.003310,0.0,0.0,0.0
2022-01-18 19:12:07.508583,0.0,0.0,0.0
2022-01-18 19:12:08.005411,0.0,0.0,0.0
2022-01-18 19:12:08.509897,0.0,0.0,0.0
2022-01-18 19:12:09.007649,0.0,0.0,0.0
2022-01-18 19:12:09.501695,0.0,0.0,0.0
2022-01-18 19:12:10.009310,0.0,0.0,0.0
2022-01-18 19:12:10.503691,0.0,0.0,0.0
2022-01-18 19:12:11.008586,0.0,0.0,0.0
2022-01-18 19:12:11.506041,0.0,0.0,0.0
2022-01-18 19:12:12.002396,0.0,0.0,0.0
2022-01-18 19:12:12.505521,0.0,0.0,0.0
2022-01-18 19:12:13.003864,0.0,0.0,0.0
2022-01-18 19:12:13.509272,0.0,0.0,0.0
2022-01-18 19:12:14.007091,0.0,0.0,0.0
2022-01-18 19:12:14.502174,0.0,0.0,0.0
2022-01-18 19:12:15.010798,0.0,0.0,0.0
2022-01-18 19:12:15.505557,0.0,0.0,0.0
2022-01-18 19:12:16.003376,0.0,0.0,0.0
2022-01-18 19:12:16.508475,0.0,0.0,0.0
2022-01-18 19:12:17.006366,0.0,0.0,0.0
2022-01-18 19:12:17.502378,0.0,0.0,0.0
2022-01-18 19:12:18.010661,0.0,0.0,0.0
2022-01-18 19:12:18.503541,0.0,0.0,0.0
2022-01-18 19:12:19.002429,0.0,0.0,0.0
2022-01-18 19:12:19.507461,0.0,0.0,0.0
2022-01-18 19:12:20.007159,0.0,0.0,0.0
2022-01-18 19:12:20.503426,0.0,0.0,0.0
2022-01-18 19:12:21.002894,0.0,0.0,0.0
2022-01-18 19:12:21.506787,0.0,0.0,0.0
2022-01-18 19:12:22.005068,0.0,0.0,0.0
2022-01-18 19:12:22.501363,0.0,0.0,0.0
2022-01-18 19:12:23.009219,0.0,0.0,0.0
2022-01-18 19:12:23.502753,0.0,0.0,0.0
2022-01-18 19:12:24.002107,0.0,0.0,0.0
2022-01-18 19:12:24.507225,0.0,0.0,0.0
2022-01-18 19:12:25.005181,0.0,0.0,0.0
2022-01-18 19:12:25.501352,0.0,0.0,0.0
2022-01-18 19:12:26.010447,0.0,0.0,0.0
2022-01-18 19:12:26.504467,0.0,0.0,0.0
2022-01-18 19:12:27.002806,0.0,0.0,0.0
2022-01-18 19:12:27.506683,0.0,0.0,0.0
2022-01-18 19:12:28.004148,0.0,0.0,0.0
2022-01-18 19:12:28.509569,0.0,0.0,0.0
2022-01-18 19:12:29.006632,0.0,0.0,0.0
2022-01-18 19:12:29.502382,0.0,0.0,0.0
2022-01-18 19:12:30.010942,0.0,0.0,0.0
2022-01-18 19:12:30.504738,0.0,0.0,0.0
2022-01-18 19:12:31.002456,0.0,0.0,0.0
2022-01-18 19:12:31.505318,0.0,0.0,0.0
2022-01-18 19:12:32.004030,0.0,0.0,0.0
2022-01-18 19:12:32.508652,0.0,0.0,0.0
2022-01-18 19:12:33.006377,0.0,0.0,0.0
2022-01-18 19:12:33.511031,0.0,0.0,0.0
2022-01-18 19:12:34.007857,0.0,0.0,0.0
2022-01-18 19:12:34.504063,0.0,0.0,0.0
2022-01-18 19:12:35.002679,0.0,0.0,0.0
2022-01-18 19:12:35.508516,0.0,0.0,0.0
2022-01-18 19:12:36.005864,0.0,0.0,0.0
2022-01-18 19:12:36.501162,0.0,0.0,0.0
2022-01-18 19:12:37.009318,0.0,0.0,0.0
2022-01-18 19:12:37.504476,0.0,0.0,0.0
2022-01-18 19:12:38.002557,0.0,0.0,0.0
2022-01-18 19:12:38.507950,0.0,0.0,0.0
2022-01-18 19:12:39.005407,0.0,0.0,0.0
2022-01-18 19:12:39.508055,0.0,0.0,0.0
2022-01-18 19:12:40.004936,0.0,0.0,0.0
2022-01-18 19:12:40.509751,0.0,0.0,0.0
2022-01-18 19:12:41.007071,0.0,0.0,0.0
2022-01-18 19:12:41.501209,0.0,0.0,0.0
2022-01-18 19:12:42.009916,0.0,0.0,0.0
2022-01-18 19:12:42.504981,0.0,0.0,0.0
2022-01-18 19:12:43.004276,0.0,0.0,0.0
2022-01-18 19:12:43.509563,0.0,0.0,0.0
2022-01-18 19:12:44.007104,0.0,0.0,0.0
2022-01-18 19:12:44.501525,0.0,0.0,0.0
2022-01-18 19:12:45.010270,0.0,0.0,0.0
2022-01-18 19:12:45.504420,0.0,0.0,0.0
2022-01-18 19:12:46.003321,0.0,0.0,0.0
2022-01-18 19:12:46.507392,0.0,0.0,0.0
2022-01-18 19:12:47.006464,0.0,0.0,0.0
2022-01-18 19:12:47.501302,0.0,0.0,0.0
2022-01-18 19:12:48.010564,0.0,0.0,0.0
2022-01-18 19:12:48.503705,0.0,0.0,0.0
2022-01-18 19:12:49.002285,0.0,0.0,0.0
2022-01-18 19:12:49.507199,0.0,0.0,0.0
2022-01-18 19:12:50.006317,0.0,0.0,0.0
2022-01-18 19:12:50.501465,0.0,0.0,0.0
2022-01-18 19:12:51.010978,0.0,0.0,0.0
2022-01-18 19:12:51.504687,0.0,0.0,0.0
2022-01-18 19:12:52.003928,0.0,0.0,0.0
2022-01-18 19:12:52.501205,0.0,0.0,0.0
2022-01-18 19:12:53.007051,0.0,0.0,0.0
2022-01-18 19:12:53.502028,0.0,0.0,0.0
2022-01-18 19:12:54.009742,0.0,0.0,0.0
2022-01-18 19:12:54.505414,0.0,0.0,0.0
2022-01-18 19:12:55.003298,0.0,0.0,0.0
2022-01-18 19:12:55.507799,0.0,0.0,0.0
2022-01-18 19:12:56.007379,0.0,0.0,0.0
2022-01-18 19:12:56.505571,0.0,0.0,0.0
2022-01-18 19:12:57.003471,0.0,0.0,0.0
2022-01-18 19:12:57.507351,0.0,0.0,0.0
2022-01-18 19:12:58.006047,0.0,0.0,0.0
2022-01-18 19:12:58.509984,0.0,0.0,0.0
2022-01-18 19:12:59.007926,0.0,0.0,0.0
2022-01-18 19:12:59.502739,0.0,0.0,0.0
2022-01-18 19:13:00.002673,0.0,0.0,0.0
2022-01-18 19:13:00.509872,0.0,0.0,0.0
2022-01-18 19:13:01.007204,0.0,0.0,0.0
2022-01-18 19:13:01.502663,0.0,0.0,0.0
2022-01-18 19:13:02.009827,0.0,0.0,0.0
2022-01-18 19:13:02.504096,0.0,0.0,0.0
2022-01-18 19:13:03.002576,0.0,0.0,0.0
2022-01-18 19:13:03.506529,0.0,0.0,0.0
2022-01-18 19:13:04.003842,0.0,0.0,0.0
2022-01-18 19:13:04.509527,0.0,0.0,0.0
2022-01-18 19:13:05.008056,0.0,0.0,0.0
2022-01-18 19:13:05.502742,0.0,0.0,0.0
2022-01-18 19:13:06.001787,0.0,0.0,0.0
2022-01-18 19:13:06.506958,0.0,0.0,0.0
2022-01-18 19:13:07.004680,0.0,0.0,0.0
2022-01-18 19:13:07.510555,0.0,0.0,0.0
2022-01-18 19:13:08.008428,0.0,0.0,0.0
2022-01-18 19:13:08.505354,0.0,0.0,0.0
2022-01-18 19:13:09.004113,0.0,0.0,0.0
2022-01-18 19:13:09.510502,0.0,0.0,0.0
2022-01-18 19:13:10.008695,0.0,0.0,0.0
2022-01-18 19:13:10.503256,0.0,0.0,0.0
2022-01-18 19:13:11.010928,0.0,0.0,0.0
2022-01-18 19:13:11.504881,0.0,0.0,0.0
2022-01-18 19:13:12.003822,0.0,0.0,0.0
2022-01-18 19:13:12.507982,0.0,0.0,0.0
2022-01-18 19:13:13.006092,0.0,0.0,0.0
2022-01-18 19:13:13.502888,0.0,0.0,0.0
2022-01-18 19:13:14.010808,0.0,0.0,0.0
2022-01-18 19:13:14.503983,0.0,0.0,0.0
2022-01-18 19:13:15.003163,0.0,0.0,0.0
2022-01-18 19:13:15.506411,0.0,0.0,0.0
2022-01-18 19:13:16.002825,0.0,0.0,0.0
2022-01-18 19:13:16.507337,0.0,0.0,0.0
2022-01-18 19:13:17.004806,0.0,0.0,0.0
2022-01-18 19:13:17.509831,0.0,0.0,0.0
2022-01-18 19:13:18.009517,0.0,0.0,0.0
2022-01-18 19:13:18.505687,0.0,0.0,0.0
2022-01-18 19:13:19.003513,0.0,0.0,0.0
2022-01-18 19:13:19.508986,0.0,0.0,0.0
2022-01-18 19:13:20.006341,0.0,0.0,0.0
2022-01-18 19:13:20.501109,0.0,0.0,0.0
2022-01-18 19:13:21.010037,0.0,0.0,0.0
2022-01-18 19:13:21.504120,0.0,0.0,0.0
2022-01-18 19:13:22.002948,0.0,0.0,0.0
2022-01-18 19:13:23.005949,0.0,0.0,0.0
2022-01-18 19:13:23.503492,0.0,0.0,0.0
2022-01-18 19:13:24.002277,0.0,0.0,0.0
2022-01-18 19:13:24.506659,0.0,0.0,0.0
2022-01-18 19:13:25.004864,0.0,0.0,0.0
2022-01-18 19:13:25.510204,0.0,0.0,0.0
2022-01-18 19:13:26.007995,0.0,0.0,0.0
2022-01-18 19:13:26.502717,0.0,0.0,0.0
2022-01-18 19:13:27.001451,0.0,0.0,0.0
2022-01-18 19:13:27.506982,0.0,0.0,0.0
2022-01-18 19:13:28.004916,0.0,0.0,0.0
2022-01-18 19:13:28.510488,0.0,0.0,0.0
2022-01-18 19:13:29.007053,0.0,0.0,0.0
2022-01-18 19:13:29.501815,0.0,0.0,0.0
2022-01-18 19:13:30.010026,0.0,0.0,0.0
2022-01-18 19:13:30.504708,0.0,0.0,0.0
2022-01-18 19:13:31.003251,0.0,0.0,0.0
2022-01-18 19:13:31.509426,0.0,0.0,0.0
2022-01-18 19:13:32.008007,0.0,0.0,0.0
2022-01-18 19:13:32.501440,0.0,0.0,0.0
2022-01-18 19:13:33.009960,0.0,0.0,0.0
2022-01-18 19:13:33.503419,0.0,0.0,0.0
2022-01-18 19:13:34.002507,0.0,0.0,0.0
2022-01-18 19:13:34.508486,0.0,0.0,0.0
2022-01-18 19:13:35.006694,0.0,0.0,0.0
2022-01-18 19:13:35.501289,0.0,0.0,0.0
2022-01-18 19:13:36.009856,0.0,0.0,0.0
2022-01-18 19:13:36.506384,0.0,0.0,0.0
2022-01-18 19:13:37.003835,0.0,0.0,0.0
2022-01-18 19:13:37.509003,0.0,0.0,0.0
2022-01-18 19:13:38.006618,0.0,0.0,0.0
2022-01-18 19:13:38.501436,0.0,0.0,0.0
2022-01-18 19:13:39.010890,0.0,0.0,0.0
2022-01-18 19:13:39.505249,0.0,0.0,0.0
2022-01-18 19:13:40.003242,0.0,0.0,0.0
2022-01-18 19:13:40.509808,0.0,0.0,0.0
2022-01-18 19:13:41.006358,0.0,0.0,0.0
2022-01-18 19:13:42.005697,0.0,0.0,0.0
2022-01-18 19:13:42.509879,0.0,0.0,0.0
2022-01-18 19:13:43.008171,0.0,0.0,0.0
2022-01-18 19:13:43.503022,0.0,0.0,0.0
2022-01-18 19:13:44.010674,0.0,0.0,0.0
2022-01-18 19:13:44.505068,0.0,0.0,0.0
2022-01-18 19:13:45.003002,0.0,0.0,0.0
2022-01-18 19:13:45.510433,0.0,0.0,0.0
2022-01-18 19:13:46.008023,0.0,0.0,0.0
2022-01-18 19:13:46.502815,0.0,0.0,0.0
2022-01-18 19:13:47.010101,0.0,0.0,0.0
2022-01-18 19:13:47.506394,0.0,0.0,0.0
2022-01-18 19:13:48.005762,0.0,0.0,0.0
2022-01-18 19:13:48.510244,0.0,0.0,0.0
2022-01-18 19:13:49.006877,0.0,0.0,0.0
2022-01-18 19:13:49.501516,0.0,0.0,0.0
2022-01-18 19:13:50.001303,0.0,0.0,0.0
2022-01-18 19:13:50.505086,0.0,0.0,0.0
2022-01-18 19:13:51.002478,0.0,0.0,0.0
2022-01-18 19:13:51.506557,0.0,0.0,0.0
2022-01-18 19:13:52.003622,0.0,0.0,0.0
2022-01-18 19:13:52.508297,0.0,0.0,0.0
2022-01-18 19:13:53.005823,0.0,0.0,0.0
2022-01-18 19:13:53.511101,0.0,0.0,0.0
2022-01-18 19:13:54.007824,0.0,0.0,0.0
2022-01-18 19:13:54.503279,0.0,0.0,0.0
2022-01-18 19:13:55.010638,0.0,0.0,0.0
2022-01-18 19:13:55.504655,0.0,0.0,0.0
2022-01-18 19:13:56.002822,0.0,0.0,0.0
2022-01-18 19:13:56.508344,0.0,0.0,0.0
2022-01-18 19:13:57.006018,0.0,0.0,0.0
2022-01-18 19:13:57.501368,0.0,0.0,0.0
2022-01-18 19:13:58.008727,0.0,0.0,0.0
2022-01-18 19:13:58.502851,0.0,0.0,0.0
2022-01-18 19:13:59.001383,0.0,0.0,0.0
2022-01-18 19:13:59.506689,0.0,0.0,0.0
2022-01-18 19:14:00.004826,0.0,0.0,0.0
2022-01-18 19:14:00.508242,0.0,0.0,0.0
2022-01-18 19:14:01.006831,0.0,0.0,0.0
2022-01-18 19:14:01.501129,0.0,0.0,0.0
2022-01-18 19:14:02.009105,0.0,0.0,0.0
2022-01-18 19:14:02.503351,0.0,0.0,0.0
2022-01-18 19:14:03.003367,0.0,0.0,0.0
2022-01-18 19:14:03.507859,0.0,0.0,0.0
2022-01-18 19:14:04.007289,0.0,0.0,0.0
2022-01-18 19:14:04.502665,0.0,0.0,0.0
2022-01-18 19:14:05.002311,0.0,0.0,0.0
2022-01-18 19:14:05.508401,0.0,0.0,0.0
2022-01-18 19:14:06.004610,0.0,0.0,0.0
2022-01-18 19:14:06.509223,0.0,0.0,0.0
2022-01-18 19:14:07.008243,0.0,0.0,0.0
2022-01-18 19:14:07.503631,0.0,0.0,0.0
2022-01-18 19:14:08.002046,0.0,0.0,0.0
2022-01-18 19:14:08.506305,0.0,0.0,0.0
2022-01-18 19:14:09.003673,0.0,0.0,0.0
2022-01-18 19:14:09.507984,0.0,0.0,0.0
2022-01-18 19:14:10.006395,0.0,0.0,0.0
2022-01-18 19:14:10.510381,0.0,0.0,0.0
2022-01-18 19:14:11.010050,0.0,0.0,0.0
2022-01-18 19:14:11.504725,0.0,0.0,0.0
2022-01-18 19:14:12.008612,0.0,0.0,0.0
2022-01-18 19:14:12.503401,0.0,0.0,0.0
2022-01-18 19:14:13.002179,0.0,0.0,0.0
2022-01-18 19:14:13.506631,0.0,0.0,0.0
2022-01-18 19:14:14.003127,0.0,0.0,0.0
2022-01-18 19:14:14.508948,0.0,0.0,0.0
2022-01-18 19:14:15.006752,0.0,0.0,0.0
2022-01-18 19:14:15.510819,0.0,0.0,0.0
2022-01-18 19:14:16.008904,0.0,0.0,0.0
2022-01-18 19:14:16.505743,0.0,0.0,0.0
2022-01-18 19:14:17.003830,0.0,0.0,0.0
2022-01-18 19:14:17.507787,0.0,0.0,0.0
2022-01-18 19:14:18.004417,0.0,0.0,0.0
2022-01-18 19:14:18.509404,0.0,0.0,0.0
2022-01-18 19:14:19.008105,0.0,0.0,0.0
2022-01-18 19:14:19.502998,0.0,0.0,0.0
2022-01-18 19:14:20.001162,0.0,0.0,0.0
2022-01-18 19:14:20.507914,0.0,0.0,0.0
2022-01-18 19:14:21.006966,0.0,0.0,0.0
2022-01-18 19:14:21.510858,0.0,0.0,0.0
2022-01-18 19:14:22.008988,0.0,0.0,0.0
2022-01-18 19:14:22.503267,0.0,0.0,0.0
2022-01-18 19:14:23.010557,0.0,0.0,0.0
2022-01-18 19:14:23.504262,0.0,0.0,0.0
2022-01-18 19:14:24.002182,0.0,0.0,0.0
2022-01-18 19:14:24.506307,0.0,0.0,0.0
2022-01-18 19:14:25.003858,0.0,0.0,0.0
2022-01-18 19:14:25.501777,0.0,0.0,0.0
2022-01-18 19:14:26.009298,0.0,0.0,0.0
2022-01-18 19:14:26.503728,0.0,0.0,0.0
2022-01-18 19:14:27.002092,0.0,0.0,0.0
2022-01-18 19:14:27.506465,0.0,0.0,0.0
2022-01-18 19:14:28.003261,0.0,0.0,0.0
2022-01-18 19:14:28.507893,0.0,0.0,0.0
2022-01-18 19:14:29.005795,0.0,0.0,0.0
2022-01-18 19:14:29.509867,0.0,0.0,0.0
2022-01-18 19:14:30.008963,0.0,0.0,0.0
2022-01-18 19:14:30.502646,0.0,0.0,0.0
2022-01-18 19:14:31.010453,0.0,0.0,0.0
2022-01-18 19:14:31.504045,0.0,0.0,0.0
2022-01-18 19:14:32.002079,0.0,0.0,0.0
2022-01-18 19:14:32.505727,0.0,0.0,0.0
2022-01-18 19:14:33.003105,0.0,0.0,0.0
2022-01-18 19:14:33.508348,0.0,0.0,0.0
2022-01-18 19:14:34.005537,0.0,0.0,0.0
2022-01-18 19:14:34.502645,0.0,0.0,0.0
2022-01-18 19:14:35.010421,0.0,0.0,0.0
2022-01-18 19:14:35.505177,0.0,0.0,0.0
2022-01-18 19:14:36.003233,0.0,0.0,0.0
2022-01-18 19:14:36.507235,0.0,0.0,0.0
2022-01-18 19:14:37.002877,0.0,0.0,0.0
2022-01-18 19:14:37.506804,0.0,0.0,0.0
2022-01-18 19:14:38.005017,0.0,0.0,0.0
2022-01-18 19:14:38.510636,0.0,0.0,0.0
2022-01-18 19:14:39.008738,0.0,0.0,0.0
2022-01-18 19:14:39.503592,0.0,0.0,0.0
2022-01-18 19:14:40.001271,0.0,0.0,0.0
2022-01-18 19:14:40.507294,0.0,0.0,0.0
2022-01-18 19:14:41.006304,0.0,0.0,0.0
2022-01-18 19:14:42.003980,0.0,0.0,0.0
2022-01-18 19:14:42.507776,0.0,0.0,0.0
2022-01-18 19:14:43.006350,0.0,0.0,0.0
2022-01-18 19:14:43.502827,0.0,0.0,0.0
2022-01-18 19:14:44.010491,0.0,0.0,0.0
2022-01-18 19:14:44.507611,0.0,0.0,0.0
2022-01-18 19:14:45.006201,0.0,0.0,0.0
2022-01-18 19:14:45.501182,0.0,0.0,0.0
2022-01-18 19:14:46.009121,0.0,0.0,0.0
2022-01-18 19:14:46.504071,0.0,0.0,0.0
2022-01-18 19:14:47.002195,0.0,0.0,0.0
2022-01-18 19:14:47.507617,0.0,0.0,0.0
2022-01-18 19:14:48.006502,0.0,0.0,0.0
2022-01-18 19:14:48.510799,0.0,0.0,0.0
2022-01-18 19:14:49.010584,0.0,0.0,0.0
2022-01-18 19:14:49.505518,0.0,0.0,0.0
2022-01-18 19:14:50.003964,0.0,0.0,0.0
2022-01-18 19:14:50.507797,0.0,0.0,0.0
2022-01-18 19:14:51.005022,0.0,0.0,0.0
2022-01-18 19:14:51.509482,0.0,0.0,0.0
2022-01-18 19:14:52.007562,0.0,0.0,0.0
2022-01-18 19:14:52.501990,0.0,0.0,0.0
2022-01-18 19:14:53.009049,0.0,0.0,0.0
2022-01-18 19:14:53.506962,0.0,0.0,0.0
2022-01-18 19:14:54.005237,0.0,0.0,0.0
2022-01-18 19:14:54.508996,0.0,0.0,0.0
2022-01-18 19:14:55.006645,0.0,0.0,0.0
2022-01-18 19:14:55.510573,0.0,0.0,0.0
2022-01-18 19:14:56.007450,0.0,0.0,0.0
2022-01-18 19:14:56.501010,0.0,0.0,0.0
2022-01-18 19:14:57.009310,0.0,0.0,0.0
2022-01-18 19:14:57.503120,0.0,0.0,0.0
2022-01-18 19:14:58.011052,0.0,0.0,0.0
2022-01-18 19:14:58.505494,0.0,0.0,0.0
2022-01-18 19:14:59.003343,0.0,0.0,0.0
2022-01-18 19:14:59.508763,0.0,0.0,0.0
2022-01-18 19:15:00.004945,0.0,0.0,0.0
2022-01-18 19:15:00.511384,0.0,0.0,0.0
2022-01-18 19:15:01.009214,0.0,0.0,0.0
2022-01-18 19:15:01.505818,0.0,0.0,0.0
2022-01-18 19:15:02.004413,0.0,0.0,0.0
2022-01-18 19:15:02.509445,0.0,0.0,0.0
2022-01-18 19:15:03.006780,0.0,0.0,0.0
2022-01-18 19:15:03.510982,0.0,0.0,0.0
2022-01-18 19:15:04.009551,0.0,0.0,0.0
2022-01-18 19:15:04.504029,0.0,0.0,0.0
2022-01-18 19:15:05.011078,0.0,0.0,0.0
2022-01-18 19:15:05.505653,0.0,0.0,0.0
2022-01-18 19:15:06.004144,0.0,0.0,0.0
2022-01-18 19:15:06.509571,0.0,0.0,0.0
2022-01-18 19:15:07.005783,0.0,0.0,0.0
2022-01-18 19:15:07.510901,0.0,0.0,0.0
2022-01-18 19:15:08.009042,0.0,0.0,0.0
2022-01-18 19:15:08.503586,0.0,0.0,0.0
2022-01-18 19:15:09.001737,0.0,0.0,0.0
2022-01-18 19:15:09.506029,0.0,0.0,0.0
2022-01-18 19:15:10.003949,0.0,0.0,0.0
2022-01-18 19:15:10.501182,0.0,0.0,0.0
2022-01-18 19:15:11.008944,0.0,0.0,0.0
2022-01-18 19:15:11.502409,0.0,0.0,0.0
2022-01-18 19:15:12.011253,0.0,0.0,0.0
2022-01-18 19:15:12.506250,0.0,0.0,0.0
2022-01-18 19:15:13.004181,0.0,0.0,0.0
2022-01-18 19:15:13.510167,0.0,0.0,0.0
2022-01-18 19:15:14.007905,0.0,0.0,0.0
2022-01-18 19:15:14.502749,0.0,0.0,0.0
2022-01-18 19:15:15.001789,0.0,0.0,0.0
2022-01-18 19:15:15.505007,0.0,0.0,0.0
2022-01-18 19:15:16.003204,0.0,0.0,0.0
2022-01-18 19:15:16.508524,0.0,0.0,0.0
2022-01-18 19:15:17.006696,0.0,0.0,0.0
2022-01-18 19:15:17.510878,0.0,0.0,0.0
2022-01-18 19:15:18.010149,0.0,0.0,0.0
2022-01-18 19:15:18.505356,0.0,0.0,0.0
2022-01-18 19:15:19.003358,0.0,0.0,0.0
2022-01-18 19:15:19.509815,0.0,0.0,0.0
2022-01-18 19:15:20.007986,0.0,0.0,0.0
2022-01-18 19:15:20.501647,0.0,0.0,0.0
2022-01-18 19:15:21.008063,0.0,0.0,0.0
2022-01-18 19:15:21.502507,0.0,0.0,0.0
2022-01-18 19:15:22.009467,0.0,0.0,0.0
2022-01-18 19:15:22.504745,0.0,0.0,0.0
2022-01-18 19:15:23.003262,0.0,0.0,0.0
2022-01-18 19:15:23.508507,0.0,0.0,0.0
2022-01-18 19:15:24.007128,0.0,0.0,0.0
2022-01-18 19:15:24.505864,0.0,0.0,0.0
2022-01-18 19:15:25.002874,0.0,0.0,0.0
2022-01-18 19:15:25.508069,0.0,0.0,0.0
2022-01-18 19:15:26.006047,0.0,0.0,0.0
2022-01-18 19:15:26.511024,0.0,0.0,0.0
2022-01-18 19:15:27.008337,0.0,0.0,0.0
2022-01-18 19:15:27.502204,0.0,0.0,0.0
2022-01-18 19:15:28.010268,0.0,0.0,0.0
2022-01-18 19:15:28.505191,0.0,0.0,0.0
2022-01-18 19:15:29.002676,0.0,0.0,0.0
2022-01-18 19:15:29.506518,0.0,0.0,0.0
2022-01-18 19:15:30.003775,0.0,0.0,0.0
2022-01-18 19:15:30.507868,0.0,0.0,0.0
2022-01-18 19:15:31.007298,0.0,0.0,0.0
2022-01-18 19:15:31.501351,0.0,0.0,0.0
2022-01-18 19:15:32.008381,0.0,0.0,0.0
2022-01-18 19:15:32.502857,0.0,0.0,0.0
2022-01-18 19:15:33.001840,0.0,0.0,0.0
2022-01-18 19:15:33.505831,0.0,0.0,0.0
2022-01-18 19:15:34.003254,0.0,0.0,0.0
2022-01-18 19:15:34.507899,0.0,0.0,0.0
2022-01-18 19:15:35.005823,0.0,0.0,0.0
2022-01-18 19:15:35.502953,0.0,0.0,0.0
2022-01-18 19:15:36.002236,0.0,0.0,0.0
2022-01-18 19:15:36.505844,0.0,0.0,0.0
2022-01-18 19:15:37.004135,0.0,0.0,0.0
2022-01-18 19:15:37.502256,0.0,0.0,0.0
2022-01-18 19:15:38.008985,0.0,0.0,0.0
2022-01-18 19:15:38.502079,0.0,0.0,0.0
2022-01-18 19:15:39.009274,0.0,0.0,0.0
2022-01-18 19:15:39.503401,0.0,0.0,0.0
2022-01-18 19:15:40.001939,0.0,0.0,0.0
2022-01-18 19:15:40.506913,0.0,0.0,0.0
2022-01-18 19:15:41.003884,0.0,0.0,0.0
2022-01-18 19:15:41.510911,0.0,0.0,0.0
2022-01-18 19:15:42.010029,0.0,0.0,0.0
2022-01-18 19:15:42.506131,0.0,0.0,0.0
2022-01-18 19:15:43.002791,0.0,0.0,0.0
2022-01-18 19:15:43.506782,0.0,0.0,0.0
2022-01-18 19:15:44.004651,0.0,0.0,0.0
2022-01-18 19:15:44.509138,0.0,0.0,0.0
2022-01-18 19:15:45.007092,0.0,0.0,0.0
2022-01-18 19:15:45.502495,0.0,0.0,0.0
2022-01-18 19:15:46.010965,0.0,0.0,0.0
2022-01-18 19:15:46.506417,0.0,0.0,0.0
2022-01-18 19:15:47.003736,0.0,0.0,0.0
2022-01-18 19:15:47.510822,0.0,0.0,0.0
2022-01-18 19:15:48.009818,0.0,0.0,0.0
2022-01-18 19:15:48.506301,0.0,0.0,0.0
2022-01-18 19:15:49.004721,0.0,0.0,0.0
2022-01-18 19:15:49.509809,0.0,0.0,0.0
2022-01-18 19:15:50.007130,0.0,0.0,0.0
2022-01-18 19:15:50.504617,0.0,0.0,0.0
2022-01-18 19:15:51.001608,0.0,0.0,0.0
2022-01-18 19:15:51.505818,0.0,0.0,0.0
2022-01-18 19:15:52.002393,0.0,0.0,0.0
2022-01-18 19:15:52.507072,0.0,0.0,0.0
2022-01-18 19:15:53.004374,0.0,0.0,0.0
2022-01-18 19:15:53.510804,0.0,0.0,0.0
2022-01-18 19:15:54.007956,0.0,0.0,0.0
2022-01-18 19:15:54.501911,0.0,0.0,0.0
2022-01-18 19:15:55.001313,0.0,0.0,0.0
2022-01-18 19:15:55.505827,0.0,0.0,0.0
2022-01-18 19:15:56.003273,0.0,0.0,0.0
2022-01-18 19:15:56.508036,0.0,0.0,0.0
2022-01-18 19:15:57.008622,0.0,0.0,0.0
2022-01-18 19:15:57.502837,0.0,0.0,0.0
2022-01-18 19:15:58.010065,0.0,0.0,0.0
2022-01-18 19:15:58.505005,0.0,0.0,0.0
2022-01-18 19:15:59.002393,0.0,0.0,0.0
2022-01-18 19:15:59.509073,0.0,0.0,0.0
2022-01-18 19:16:00.008117,0.0,0.0,0.0
2022-01-18 19:16:00.504313,0.0,0.0,0.0
2022-01-18 19:16:01.003289,0.0,0.0,0.0
2022-01-18 19:16:01.509770,0.0,0.0,0.0
2022-01-18 19:16:02.007374,0.0,0.0,0.0
2022-01-18 19:16:02.510811,0.0,0.0,0.0
2022-01-18 19:16:03.010095,0.0,0.0,0.0
2022-01-18 19:16:03.505293,0.0,0.0,0.0
2022-01-18 19:16:04.002142,0.0,0.0,0.0
2022-01-18 19:16:04.507119,0.0,0.0,0.0
2022-01-18 19:16:05.005075,0.0,0.0,0.0
2022-01-18 19:16:05.501424,0.0,0.0,0.0
2022-01-18 19:16:06.010723,0.0,0.0,0.0
2022-01-18 19:16:06.505349,0.0,0.0,0.0
2022-01-18 19:16:07.003405,0.0,0.0,0.0
2022-01-18 19:16:07.509363,0.0,0.0,0.0
2022-01-18 19:16:08.008664,0.0,0.0,0.0
2022-01-18 19:16:08.502142,0.0,0.0,0.0
2022-01-18 19:16:09.010067,0.0,0.0,0.0
2022-01-18 19:16:09.505842,0.0,0.0,0.0
2022-01-18 19:16:10.005105,0.0,0.0,0.0
2022-01-18 19:16:10.508665,0.0,0.0,0.0
2022-01-18 19:16:11.005697,0.0,0.0,0.0
2022-01-18 19:16:11.501831,0.0,0.0,0.0
2022-01-18 19:16:12.009737,0.0,0.0,0.0
2022-01-18 19:16:12.506526,0.0,0.0,0.0
2022-01-18 19:16:13.003700,0.0,0.0,0.0
2022-01-18 19:16:13.508008,0.0,0.0,0.0
2022-01-18 19:16:14.006294,0.0,0.0,0.0
2022-01-18 19:16:14.500808,0.0,0.0,0.0
2022-01-18 19:16:15.009355,0.0,0.0,0.0
2022-01-18 19:16:15.503722,0.0,0.0,0.0
2022-01-18 19:16:16.002784,0.0,0.0,0.0
2022-01-18 19:16:16.507978,0.0,0.0,0.0
2022-01-18 19:16:17.006377,0.0,0.0,0.0
2022-01-18 19:16:17.504264,0.0,0.0,0.0
2022-01-18 19:16:18.002268,0.0,0.0,0.0
2022-01-18 19:16:18.506233,0.0,0.0,0.0
2022-01-18 19:16:19.003985,0.0,0.0,0.0
2022-01-18 19:16:19.508682,0.0,0.0,0.0
2022-01-18 19:16:20.008386,0.0,0.0,0.0
2022-01-18 19:16:20.502866,0.0,0.0,0.0
2022-01-18 19:16:21.001651,0.0,0.0,0.0
2022-01-18 19:16:21.507360,0.0,0.0,0.0
2022-01-18 19:16:22.004491,0.0,0.0,0.0
2022-01-18 19:16:22.509227,0.0,0.0,0.0
2022-01-18 19:16:23.007364,0.0,0.0,0.0
2022-01-18 19:16:23.501928,0.0,0.0,0.0
2022-01-18 19:16:24.002103,0.0,0.0,0.0
2022-01-18 19:16:24.506718,0.0,0.0,0.0
2022-01-18 19:16:25.004078,0.0,0.0,0.0
2022-01-18 19:16:25.509011,0.0,0.0,0.0
2022-01-18 19:16:26.009810,0.0,0.0,0.0
2022-01-18 19:16:26.503506,0.0,0.0,0.0
2022-01-18 19:16:27.001150,0.0,0.0,0.0
2022-01-18 19:16:27.505737,0.0,0.0,0.0
2022-01-18 19:16:28.003093,0.0,0.0,0.0
2022-01-18 19:16:28.509061,0.0,0.0,0.0
2022-01-18 19:16:29.006285,0.0,0.0,0.0
2022-01-18 19:16:29.510841,0.0,0.0,0.0
2022-01-18 19:16:30.008076,0.0,0.0,0.0
2022-01-18 19:16:30.502927,0.0,0.0,0.0
2022-01-18 19:16:31.010727,0.0,0.0,0.0
2022-01-18 19:16:31.505457,0.0,0.0,0.0
2022-01-18 19:16:32.002741,0.0,0.0,0.0
2022-01-18 19:16:32.507390,0.0,0.0,0.0
2022-01-18 19:16:33.004566,0.0,0.0,0.0
2022-01-18 19:16:33.509945,0.0,0.0,0.0
2022-01-18 19:16:34.007848,0.0,0.0,0.0
2022-01-18 19:16:34.502790,0.0,0.0,0.0
2022-01-18 19:16:35.002305,0.0,0.0,0.0
2022-01-18 19:16:35.507370,0.0,0.0,0.0
2022-01-18 19:16:36.005870,0.0,0.0,0.0
2022-01-18 19:16:36.501094,0.0,0.0,0.0
2022-01-18 19:16:37.009234,0.0,0.0,0.0
2022-01-18 19:16:37.503214,0.0,0.0,0.0
2022-01-18 19:16:38.011126,0.0,0.0,0.0
2022-01-18 19:16:38.504652,0.0,0.0,0.0
2022-01-18 19:16:39.002779,0.0,0.0,0.0
2022-01-18 19:16:39.510265,0.0,0.0,0.0
2022-01-18 19:16:40.006639,0.0,0.0,0.0
2022-01-18 19:16:40.501652,0.0,0.0,0.0
2022-01-18 19:16:41.010789,0.0,0.0,0.0
2022-01-18 19:16:41.506770,0.0,0.0,0.0
2022-01-18 19:16:42.004742,0.0,0.0,0.0
2022-01-18 19:16:42.509757,0.0,0.0,0.0
2022-01-18 19:16:43.006304,0.0,0.0,0.0
2022-01-18 19:16:43.501889,0.0,0.0,0.0
2022-01-18 19:16:44.010272,0.0,0.0,0.0
2022-01-18 19:16:44.506653,0.0,0.0,0.0
2022-01-18 19:16:45.003449,0.0,0.0,0.0
2022-01-18 19:16:45.508895,0.0,0.0,0.0
2022-01-18 19:16:46.006719,0.0,0.0,0.0
2022-01-18 19:16:46.502470,0.0,0.0,0.0
2022-01-18 19:16:47.009388,0.0,0.0,0.0
2022-01-18 19:16:47.502762,0.0,0.0,0.0
2022-01-18 19:16:48.009882,0.0,0.0,0.0
2022-01-18 19:16:48.505330,0.0,0.0,0.0
2022-01-18 19:16:49.003304,0.0,0.0,0.0
2022-01-18 19:16:49.509549,0.0,0.0,0.0
2022-01-18 19:16:50.006840,0.0,0.0,0.0
2022-01-18 19:16:50.501492,0.0,0.0,0.0
2022-01-18 19:16:51.008500,0.0,0.0,0.0
2022-01-18 19:16:51.503148,0.0,0.0,0.0
2022-01-18 19:16:52.010792,0.0,0.0,0.0
2022-01-18 19:16:52.507196,0.0,0.0,0.0
2022-01-18 19:16:53.004992,0.0,0.0,0.0
2022-01-18 19:16:53.511070,0.0,0.0,0.0
2022-01-18 19:16:54.007500,0.0,0.0,0.0
2022-01-18 19:16:54.502877,0.0,0.0,0.0
2022-01-18 19:16:55.010103,0.0,0.0,0.0
2022-01-18 19:16:55.505236,0.0,0.0,0.0
2022-01-18 19:16:56.001781,0.0,0.0,0.0
2022-01-18 19:16:56.506750,0.0,0.0,0.0
2022-01-18 19:16:57.006042,0.0,0.0,0.0
2022-01-18 19:16:57.510865,0.0,0.0,0.0
2022-01-18 19:16:58.008624,0.0,0.0,0.0
2022-01-18 19:16:58.501837,0.0,0.0,0.0
2022-01-18 19:16:59.009428,0.0,0.0,0.0
2022-01-18 19:16:59.503886,0.0,0.0,0.0
2022-01-18 19:17:00.003360,0.0,0.0,0.0
2022-01-18 19:17:00.510659,0.0,0.0,0.0
2022-01-18 19:17:01.002605,0.0,0.0,0.0
2022-01-18 19:17:01.509179,0.0,0.0,0.0
2022-01-18 19:17:02.006195,0.0,0.0,0.0
2022-01-18 19:17:02.502051,0.0,0.0,0.0
2022-01-18 19:17:03.009456,0.0,0.0,0.0
2022-01-18 19:17:03.503430,0.0,0.0,0.0
2022-01-18 19:17:04.001325,0.0,0.0,0.0
2022-01-18 19:17:04.507509,0.0,0.0,0.0
2022-01-18 19:17:05.005143,0.0,0.0,0.0
2022-01-18 19:17:05.501628,0.0,0.0,0.0
2022-01-18 19:17:06.010003,0.0,0.0,0.0
2022-01-18 19:17:06.503563,0.0,0.0,0.0
2022-01-18 19:17:07.010792,0.0,0.0,0.0
2022-01-18 19:17:07.504815,0.0,0.0,0.0
2022-01-18 19:17:08.004646,0.0,0.0,0.0
2022-01-18 19:17:09.004557,0.0,0.0,0.0
2022-01-18 19:17:09.509456,0.0,0.0,0.0
2022-01-18 19:17:10.006783,0.0,0.0,0.0
2022-01-18 19:17:10.502983,0.0,0.0,0.0
2022-01-18 19:17:11.010303,0.0,0.0,0.0
2022-01-18 19:17:11.504473,0.0,0.0,0.0
2022-01-18 19:17:12.010900,0.0,0.0,0.0
2022-01-18 19:17:12.505551,0.0,0.0,0.0
2022-01-18 19:17:13.002343,0.0,0.0,0.0
2022-01-18 19:17:13.507426,0.0,0.0,0.0
2022-01-18 19:17:14.005693,0.0,0.0,0.0
2022-01-18 19:17:14.502862,0.0,0.0,0.0
2022-01-18 19:17:15.001006,0.0,0.0,0.0
2022-01-18 19:17:15.503891,0.0,0.0,0.0
2022-01-18 19:17:16.505290,0.0,0.0,0.0
2022-01-18 19:17:17.004342,0.0,0.0,0.0
2022-01-18 19:17:17.510849,0.0,0.0,0.0
2022-01-18 19:17:18.008076,0.0,0.0,0.0
2022-01-18 19:17:18.505356,0.0,0.0,0.0
2022-01-18 19:17:19.002490,0.0,0.0,0.0
2022-01-18 19:17:19.507888,0.0,0.0,0.0
2022-01-18 19:17:20.005672,0.0,0.0,0.0
2022-01-18 19:17:20.510199,0.0,0.0,0.0
2022-01-18 19:17:21.008135,0.0,0.0,0.0
2022-01-18 19:17:21.502642,0.0,0.0,0.0
2022-01-18 19:17:22.001958,0.0,0.0,0.0
2022-01-18 19:17:22.507138,0.0,0.0,0.0
2022-01-18 19:17:23.002279,0.0,0.0,0.0
2022-01-18 19:17:23.507695,0.0,0.0,0.0
2022-01-18 19:17:24.005828,0.0,0.0,0.0
2022-01-18 19:17:24.510397,0.0,0.0,0.0
2022-01-18 19:17:25.008152,0.0,0.0,0.0
2022-01-18 19:17:25.503622,0.0,0.0,0.0
2022-01-18 19:17:26.011144,0.0,0.0,0.0
2022-01-18 19:17:26.504929,0.0,0.0,0.0
2022-01-18 19:17:27.002409,0.0,0.0,0.0
2022-01-18 19:17:27.506138,0.0,0.0,0.0
2022-01-18 19:17:28.003416,0.0,0.0,0.0
2022-01-18 19:17:28.510395,0.0,0.0,0.0
2022-01-18 19:17:29.008147,0.0,0.0,0.0
2022-01-18 19:17:29.502531,0.0,0.0,0.0
2022-01-18 19:17:30.011013,0.0,0.0,0.0
2022-01-18 19:17:30.504946,0.0,0.0,0.0
2022-01-18 19:17:31.002138,0.0,0.0,0.0
2022-01-18 19:17:31.507596,0.0,0.0,0.0
2022-01-18 19:17:32.006550,0.0,0.0,0.0
2022-01-18 19:17:32.501474,0.0,0.0,0.0
2022-01-18 19:17:33.001189,0.0,0.0,0.0
2022-01-18 19:17:33.505486,0.0,0.0,0.0
2022-01-18 19:17:34.003420,0.0,0.0,0.0
2022-01-18 19:17:34.509020,0.0,0.0,0.0
2022-01-18 19:17:35.006118,0.0,0.0,0.0
2022-01-18 19:17:35.510369,0.0,0.0,0.0
2022-01-18 19:17:36.009735,0.0,0.0,0.0
2022-01-18 19:17:36.506007,0.0,0.0,0.0
2022-01-18 19:17:37.003598,0.0,0.0,0.0
2022-01-18 19:17:37.509081,0.0,0.0,0.0
2022-01-18 19:17:38.006871,0.0,0.0,0.0
2022-01-18 19:17:38.502716,0.0,0.0,0.0
2022-01-18 19:17:39.010036,0.0,0.0,0.0
2022-01-18 19:17:39.503260,0.0,0.0,0.0
2022-01-18 19:17:40.010833,0.0,0.0,0.0
2022-01-18 19:17:40.504980,0.0,0.0,0.0
2022-01-18 19:17:41.002910,0.0,0.0,0.0
2022-01-18 19:17:41.510328,0.0,0.0,0.0
2022-01-18 19:17:42.009176,0.0,0.0,0.0
2022-01-18 19:17:42.503770,0.0,0.0,0.0
2022-01-18 19:17:43.001305,0.0,0.0,0.0
2022-01-18 19:17:43.505908,0.0,0.0,0.0
2022-01-18 19:17:44.003906,0.0,0.0,0.0
2022-01-18 19:17:44.507954,0.0,0.0,0.0
2022-01-18 19:17:45.005497,0.0,0.0,0.0
2022-01-18 19:17:45.509105,0.0,0.0,0.0
2022-01-18 19:17:46.008429,0.0,0.0,0.0
2022-01-18 19:17:46.503630,0.0,0.0,0.0
2022-01-18 19:17:47.010860,0.0,0.0,0.0
2022-01-18 19:17:47.505897,0.0,0.0,0.0
2022-01-18 19:17:48.004720,0.0,0.0,0.0
2022-01-18 19:17:48.505021,0.0,0.0,0.0
2022-01-18 19:17:49.001540,0.0,0.0,0.0
2022-01-18 19:17:49.505963,0.0,0.0,0.0
2022-01-18 19:17:50.002445,0.0,0.0,0.0
2022-01-18 19:17:50.508522,0.0,0.0,0.0
2022-01-18 19:17:51.007080,0.0,0.0,0.0
2022-01-18 19:17:51.503140,0.0,0.0,0.0
2022-01-18 19:17:52.001413,0.0,0.0,0.0
2022-01-18 19:17:52.506782,0.0,0.0,0.0
2022-01-18 19:17:53.002789,0.0,0.0,0.0
2022-01-18 19:17:53.508548,0.0,0.0,0.0
2022-01-18 19:17:54.006632,0.0,0.0,0.0
2022-01-18 19:17:54.504933,0.0,0.0,0.0
2022-01-18 19:17:55.002470,0.0,0.0,0.0
2022-01-18 19:17:55.507124,0.0,0.0,0.0
2022-01-18 19:17:56.005814,0.0,0.0,0.0
2022-01-18 19:17:56.501057,0.0,0.0,0.0
2022-01-18 19:17:57.008977,0.0,0.0,0.0
2022-01-18 19:17:57.504208,0.0,0.0,0.0
2022-01-18 19:17:58.002337,0.0,0.0,0.0
2022-01-18 19:17:58.509151,0.0,0.0,0.0
2022-01-18 19:17:59.007307,0.0,0.0,0.0
2022-01-18 19:17:59.504477,0.0,0.0,0.0
2022-01-18 19:18:00.002944,0.0,0.0,0.0
2022-01-18 19:18:00.507490,0.0,0.0,0.0
2022-01-18 19:18:01.005815,0.0,0.0,0.0
2022-01-18 19:18:01.510477,0.0,0.0,0.0
2022-01-18 19:18:02.007392,0.0,0.0,0.0
2022-01-18 19:18:02.502923,0.0,0.0,0.0
2022-01-18 19:18:03.001731,0.0,0.0,0.0
2022-01-18 19:18:03.507064,0.0,0.0,0.0
2022-01-18 19:18:04.006296,0.0,0.0,0.0
2022-01-18 19:18:04.501875,0.0,0.0,0.0
2022-01-18 19:18:05.010350,0.0,0.0,0.0
2022-01-18 19:18:05.504719,0.0,0.0,0.0
2022-01-18 19:18:06.002592,0.0,0.0,0.0
2022-01-18 19:18:06.506795,0.0,0.0,0.0
2022-01-18 19:18:07.004111,0.0,0.0,0.0
2022-01-18 19:18:07.509536,0.0,0.0,0.0
2022-01-18 19:18:08.007550,0.0,0.0,0.0
2022-01-18 19:18:08.502934,0.0,0.0,0.0
2022-01-18 19:18:09.000763,0.0,0.0,0.0
2022-01-18 19:18:09.503465,0.0,0.0,0.0
2022-01-18 19:18:10.002234,0.0,0.0,0.0
2022-01-18 19:18:10.507169,0.0,0.0,0.0
2022-01-18 19:18:11.002854,0.0,0.0,0.0
2022-01-18 19:18:11.508386,0.0,0.0,0.0
2022-01-18 19:18:12.005442,0.0,0.0,0.0
2022-01-18 19:18:12.503358,0.0,0.0,0.0
2022-01-18 19:18:13.002018,0.0,0.0,0.0
2022-01-18 19:18:13.506976,0.0,0.0,0.0
2022-01-18 19:18:14.004457,0.0,0.0,0.0
2022-01-18 19:18:14.508896,0.0,0.0,0.0
2022-01-18 19:18:15.006224,0.0,0.0,0.0
2022-01-18 19:18:15.510279,0.0,0.0,0.0
2022-01-18 19:18:16.009968,0.0,0.0,0.0
2022-01-18 19:18:16.505647,0.0,0.0,0.0
2022-01-18 19:18:17.004059,0.0,0.0,0.0
2022-01-18 19:18:17.509232,0.0,0.0,0.0
2022-01-18 19:18:18.007215,0.0,0.0,0.0
2022-01-18 19:18:18.502452,0.0,0.0,0.0
2022-01-18 19:18:19.010105,0.0,0.0,0.0
2022-01-18 19:18:19.505177,0.0,0.0,0.0
2022-01-18 19:18:20.004157,0.0,0.0,0.0
2022-01-18 19:18:20.509791,0.0,0.0,0.0
2022-01-18 19:18:21.007307,0.0,0.0,0.0
2022-01-18 19:18:21.502700,0.0,0.0,0.0
2022-01-18 19:18:22.010699,0.0,0.0,0.0
2022-01-18 19:18:22.504539,0.0,0.0,0.0
2022-01-18 19:18:23.003862,0.0,0.0,0.0
2022-01-18 19:18:23.509399,0.0,0.0,0.0
2022-01-18 19:18:24.007888,0.0,0.0,0.0
2022-01-18 19:18:24.502249,0.0,0.0,0.0
2022-01-18 19:18:25.010103,0.0,0.0,0.0
2022-01-18 19:18:25.506743,0.0,0.0,0.0
2022-01-18 19:18:26.004415,0.0,0.0,0.0
2022-01-18 19:18:26.510676,0.0,0.0,0.0
2022-01-18 19:18:27.007481,0.0,0.0,0.0
2022-01-18 19:18:27.510418,0.0,0.0,0.0
2022-01-18 19:18:28.007902,0.0,0.0,0.0
2022-01-18 19:18:28.502792,0.0,0.0,0.0
2022-01-18 19:18:29.011112,0.0,0.0,0.0
2022-01-18 19:18:29.506750,0.0,0.0,0.0
2022-01-18 19:18:30.004187,0.0,0.0,0.0
2022-01-18 19:18:30.505735,0.0,0.0,0.0
2022-01-18 19:18:31.004934,0.0,0.0,0.0
2022-01-18 19:18:31.509111,0.0,0.0,0.0
2022-01-18 19:18:32.006478,0.0,0.0,0.0
2022-01-18 19:18:32.510910,0.0,0.0,0.0
2022-01-18 19:18:33.008049,0.0,0.0,0.0
2022-01-18 19:18:33.503559,0.0,0.0,0.0
2022-01-18 19:18:34.002550,0.0,0.0,0.0
2022-01-18 19:18:34.507374,0.0,0.0,0.0
2022-01-18 19:18:35.003366,0.0,0.0,0.0
2022-01-18 19:18:35.509552,0.0,0.0,0.0
2022-01-18 19:18:36.002625,0.0,0.0,0.0
2022-01-18 19:18:36.506728,0.0,0.0,0.0
2022-01-18 19:18:37.003930,0.0,0.0,0.0
2022-01-18 19:18:37.509737,0.0,0.0,0.0
2022-01-18 19:18:38.008541,0.0,0.0,0.0
2022-01-18 19:18:38.504345,0.0,0.0,0.0
2022-01-18 19:18:39.002576,0.0,0.0,0.0
2022-01-18 19:18:39.508446,0.0,0.0,0.0
2022-01-18 19:18:40.006409,0.0,0.0,0.0
2022-01-18 19:18:40.510450,0.0,0.0,0.0
2022-01-18 19:18:41.007155,0.0,0.0,0.0
2022-01-18 19:18:41.502352,0.0,0.0,0.0
2022-01-18 19:18:42.000895,0.0,0.0,0.0
2022-01-18 19:18:42.506512,0.0,0.0,0.0
2022-01-18 19:18:43.003410,0.0,0.0,0.0
2022-01-18 19:18:43.509521,0.0,0.0,0.0
2022-01-18 19:18:44.007733,0.0,0.0,0.0
2022-01-18 19:18:44.504746,0.0,0.0,0.0
2022-01-18 19:18:45.002273,0.0,0.0,0.0
2022-01-18 19:18:45.506269,0.0,0.0,0.0
2022-01-18 19:18:46.003838,0.0,0.0,0.0
2022-01-18 19:18:46.510019,0.0,0.0,0.0
2022-01-18 19:18:47.007710,0.0,0.0,0.0
2022-01-18 19:18:47.502579,0.0,0.0,0.0
2022-01-18 19:18:48.008630,0.0,0.0,0.0
2022-01-18 19:18:48.506097,0.0,0.0,0.0
2022-01-18 19:18:49.002710,0.0,0.0,0.0
2022-01-18 19:18:49.506843,0.0,0.0,0.0
2022-01-18 19:18:50.006066,0.0,0.0,0.0
2022-01-18 19:18:50.511077,0.0,0.0,0.0
2022-01-18 19:18:51.010636,0.0,0.0,0.0
2022-01-18 19:18:51.504312,0.0,0.0,0.0
2022-01-18 19:18:52.002932,0.0,0.0,0.0
2022-01-18 19:18:52.507856,0.0,0.0,0.0
2022-01-18 19:18:53.006993,0.0,0.0,0.0
2022-01-18 19:18:53.503773,0.0,0.0,0.0
2022-01-18 19:18:54.002336,0.0,0.0,0.0
2022-01-18 19:18:54.506615,0.0,0.0,0.0
2022-01-18 19:18:55.007016,0.0,0.0,0.0
2022-01-18 19:18:55.502769,0.0,0.0,0.0
2022-01-18 19:18:56.009354,0.0,0.0,0.0
2022-01-18 19:18:56.504401,0.0,0.0,0.0
2022-01-18 19:18:57.002249,0.0,0.0,0.0
2022-01-18 19:18:57.507142,0.0,0.0,0.0
2022-01-18 19:18:58.006608,0.0,0.0,0.0
2022-01-18 19:18:58.501438,0.0,0.0,0.0
2022-01-18 19:18:59.008500,0.0,0.0,0.0
2022-01-18 19:18:59.502856,0.0,0.0,0.0
2022-01-18 19:19:00.010137,0.0,0.0,0.0
2022-01-18 19:19:00.506511,0.0,0.0,0.0
2022-01-18 19:19:01.003565,0.0,0.0,0.0
2022-01-18 19:19:01.509901,0.0,0.0,0.0
2022-01-18 19:19:02.008014,0.0,0.0,0.0
2022-01-18 19:19:02.503323,0.0,0.0,0.0
2022-01-18 19:19:03.010040,0.0,0.0,0.0
2022-01-18 19:19:03.504013,0.0,0.0,0.0
2022-01-18 19:19:04.002623,0.0,0.0,0.0
2022-01-18 19:19:04.508247,0.0,0.0,0.0
2022-01-18 19:19:05.005922,0.0,0.0,0.0
2022-01-18 19:19:05.501048,0.0,0.0,0.0
2022-01-18 19:19:06.010881,0.0,0.0,0.0
2022-01-18 19:19:06.506748,0.0,0.0,0.0
2022-01-18 19:19:07.003782,0.0,0.0,0.0
2022-01-18 19:19:07.509556,0.0,0.0,0.0
2022-01-18 19:19:08.006671,0.0,0.0,0.0
2022-01-18 19:19:08.502281,0.0,0.0,0.0
2022-01-18 19:19:09.010603,0.0,0.0,0.0
2022-01-18 19:19:09.504153,0.0,0.0,0.0
2022-01-18 19:19:10.002196,0.0,0.0,0.0
2022-01-18 19:19:10.507594,0.0,0.0,0.0
2022-01-18 19:19:11.001720,0.0,0.0,0.0
2022-01-18 19:19:11.506102,0.0,0.0,0.0
2022-01-18 19:19:12.004368,0.0,0.0,0.0
2022-01-18 19:19:12.508625,0.0,0.0,0.0
2022-01-18 19:19:13.006228,0.0,0.0,0.0
2022-01-18 19:19:13.510208,0.0,0.0,0.0
2022-01-18 19:19:14.007905,0.0,0.0,0.0
2022-01-18 19:19:14.504728,0.0,0.0,0.0
2022-01-18 19:19:15.002988,0.0,0.0,0.0
2022-01-18 19:19:15.508072,0.0,0.0,0.0
2022-01-18 19:19:16.005266,0.0,0.0,0.0
2022-01-18 19:19:16.509803,0.0,0.0,0.0
2022-01-18 19:19:17.007938,0.0,0.0,0.0
2022-01-18 19:19:17.501980,0.0,0.0,0.0
2022-01-18 19:19:18.009771,0.0,0.0,0.0
2022-01-18 19:19:18.503961,0.0,0.0,0.0
2022-01-18 19:19:19.002363,0.0,0.0,0.0
2022-01-18 19:19:19.508986,0.0,0.0,0.0
2022-01-18 19:19:20.006407,0.0,0.0,0.0
2022-01-18 19:19:20.501353,0.0,0.0,0.0
2022-01-18 19:19:21.009367,0.0,0.0,0.0
2022-01-18 19:19:21.505065,0.0,0.0,0.0
2022-01-18 19:19:22.003791,0.0,0.0,0.0
2022-01-18 19:19:22.507495,0.0,0.0,0.0
2022-01-18 19:19:23.003990,0.0,0.0,0.0
2022-01-18 19:19:23.510781,0.0,0.0,0.0
2022-01-18 19:19:24.009435,0.0,0.0,0.0
2022-01-18 19:19:24.505115,0.0,0.0,0.0
2022-01-18 19:19:25.002958,0.0,0.0,0.0
2022-01-18 19:19:25.506796,0.0,0.0,0.0
2022-01-18 19:19:26.004023,0.0,0.0,0.0
2022-01-18 19:19:26.508891,0.0,0.0,0.0
2022-01-18 19:19:27.007335,0.0,0.0,0.0
2022-01-18 19:19:27.509960,0.0,0.0,0.0
2022-01-18 19:19:28.007735,0.0,0.0,0.0
2022-01-18 19:19:28.504461,0.0,0.0,0.0
2022-01-18 19:19:29.001215,0.0,0.0,0.0
2022-01-18 19:19:29.505854,0.0,0.0,0.0
2022-01-18 19:19:30.002385,0.0,0.0,0.0
2022-01-18 19:19:30.505805,0.0,0.0,0.0
2022-01-18 19:19:31.002670,0.0,0.0,0.0
2022-01-18 19:19:31.507713,0.0,0.0,0.0
2022-01-18 19:19:32.005709,0.0,0.0,0.0
2022-01-18 19:19:32.501677,0.0,0.0,0.0
2022-01-18 19:19:33.010346,0.0,0.0,0.0
2022-01-18 19:19:33.506491,0.0,0.0,0.0
2022-01-18 19:19:34.002668,0.0,0.0,0.0
2022-01-18 19:19:34.508415,0.0,0.0,0.0
2022-01-18 19:19:35.007084,0.0,0.0,0.0
2022-01-18 19:19:35.511042,0.0,0.0,0.0
2022-01-18 19:19:36.007229,0.0,0.0,0.0
2022-01-18 19:19:36.510934,0.0,0.0,0.0
2022-01-18 19:19:37.011018,0.0,0.0,0.0
2022-01-18 19:19:37.507432,0.0,0.0,0.0
2022-01-18 19:19:38.006377,0.0,0.0,0.0
2022-01-18 19:19:38.510953,0.0,0.0,0.0
2022-01-18 19:19:39.010203,0.0,0.0,0.0
2022-01-18 19:19:39.505721,0.0,0.0,0.0
2022-01-18 19:19:40.003965,0.0,0.0,0.0
2022-01-18 19:19:40.509762,0.0,0.0,0.0
2022-01-18 19:19:41.007543,0.0,0.0,0.0
2022-01-18 19:19:41.502225,0.0,0.0,0.0
2022-01-18 19:19:42.010370,0.0,0.0,0.0
2022-01-18 19:19:42.506086,0.0,0.0,0.0
2022-01-18 19:19:43.003897,0.0,0.0,0.0
2022-01-18 19:19:43.510731,0.0,0.0,0.0
2022-01-18 19:19:44.008618,0.0,0.0,0.0
2022-01-18 19:19:44.504349,0.0,0.0,0.0
2022-01-18 19:19:45.002688,0.0,0.0,0.0
2022-01-18 19:19:45.506362,0.0,0.0,0.0
2022-01-18 19:19:46.002374,0.0,0.0,0.0
2022-01-18 19:19:46.508242,0.0,0.0,0.0
2022-01-18 19:19:47.005875,0.0,0.0,0.0
2022-01-18 19:19:47.510981,0.0,0.0,0.0
2022-01-18 19:19:48.010226,0.0,0.0,0.0
2022-01-18 19:19:48.504060,0.0,0.0,0.0
2022-01-18 19:19:49.002647,0.0,0.0,0.0
2022-01-18 19:19:49.507743,0.0,0.0,0.0
2022-01-18 19:19:50.008401,0.0,0.0,0.0
2022-01-18 19:19:50.503128,0.0,0.0,0.0
2022-01-18 19:19:51.002622,0.0,0.0,0.0
2022-01-18 19:19:51.507461,0.0,0.0,0.0
2022-01-18 19:19:52.004144,0.0,0.0,0.0
2022-01-18 19:19:52.508692,0.0,0.0,0.0
2022-01-18 19:19:53.006835,0.0,0.0,0.0
2022-01-18 19:19:53.501846,0.0,0.0,0.0
2022-01-18 19:19:54.009188,0.0,0.0,0.0
2022-01-18 19:19:54.503392,0.0,0.0,0.0
2022-01-18 19:19:55.001777,0.0,0.0,0.0
2022-01-18 19:19:55.508035,0.0,0.0,0.0
2022-01-18 19:19:56.006723,0.0,0.0,0.0
2022-01-18 19:19:56.501722,0.0,0.0,0.0
2022-01-18 19:19:57.009269,0.0,0.0,0.0
2022-01-18 19:19:57.503206,0.0,0.0,0.0
2022-01-18 19:19:58.002519,0.0,0.0,0.0
2022-01-18 19:19:58.507444,0.0,0.0,0.0
2022-01-18 19:19:59.005894,0.0,0.0,0.0
2022-01-18 19:19:59.510849,0.0,0.0,0.0
2022-01-18 19:20:00.008851,0.0,0.0,0.0
2022-01-18 19:20:00.505407,0.0,0.0,0.0
2022-01-18 19:20:01.003422,0.0,0.0,0.0
2022-01-18 19:20:01.508357,0.0,0.0,0.0
2022-01-18 19:20:02.007087,0.0,0.0,0.0
2022-01-18 19:20:02.502746,0.0,0.0,0.0
2022-01-18 19:20:03.004270,0.0,0.0,0.0
2022-01-18 19:20:03.510504,0.0,0.0,0.0
2022-01-18 19:20:04.008263,0.0,0.0,0.0
2022-01-18 19:20:04.503476,0.0,0.0,0.0
2022-01-18 19:20:05.002094,0.0,0.0,0.0
2022-01-18 19:20:05.507935,0.0,0.0,0.0
2022-01-18 19:20:06.006253,0.0,0.0,0.0
2022-01-18 19:20:06.501405,0.0,0.0,0.0
2022-01-18 19:20:07.008419,0.0,0.0,0.0
2022-01-18 19:20:07.502792,0.0,0.0,0.0
2022-01-18 19:20:08.010616,0.0,0.0,0.0
2022-01-18 19:20:08.507433,0.0,0.0,0.0
2022-01-18 19:20:09.005194,0.0,0.0,0.0
2022-01-18 19:20:09.509765,0.0,0.0,0.0
2022-01-18 19:20:10.009103,0.0,0.0,0.0
2022-01-18 19:20:10.503033,0.0,0.0,0.0
2022-01-18 19:20:11.002141,0.0,0.0,0.0
2022-01-18 19:20:11.506594,0.0,0.0,0.0
2022-01-18 19:20:12.002951,0.0,0.0,0.0
2022-01-18 19:20:12.508069,0.0,0.0,0.0
2022-01-18 19:20:13.006926,0.0,0.0,0.0
2022-01-18 19:20:13.501668,0.0,0.0,0.0
2022-01-18 19:20:14.009894,0.0,0.0,0.0
2022-01-18 19:20:14.504466,0.0,0.0,0.0
2022-01-18 19:20:15.010778,0.0,0.0,0.0
2022-01-18 19:20:15.505530,0.0,0.0,0.0
2022-01-18 19:20:16.002833,0.0,0.0,0.0
2022-01-18 19:20:16.507920,0.0,0.0,0.0
2022-01-18 19:20:17.006977,0.0,0.0,0.0
2022-01-18 19:20:17.503979,0.0,0.0,0.0
2022-01-18 19:20:18.001911,0.0,0.0,0.0
2022-01-18 19:20:18.506774,0.0,0.0,0.0
2022-01-18 19:20:19.006582,0.0,0.0,0.0
2022-01-18 19:20:19.501415,0.0,0.0,0.0
2022-01-18 19:20:20.009746,0.0,0.0,0.0
2022-01-18 19:20:20.505186,0.0,0.0,0.0
2022-01-18 19:20:21.001698,0.0,0.0,0.0
2022-01-18 19:20:21.506815,0.0,0.0,0.0
2022-01-18 19:20:22.005218,0.0,0.0,0.0
2022-01-18 19:20:22.510429,0.0,0.0,0.0
2022-01-18 19:20:23.008100,0.0,0.0,0.0
2022-01-18 19:20:23.503255,0.0,0.0,0.0
2022-01-18 19:20:24.011211,0.0,0.0,0.0
2022-01-18 19:20:24.505694,0.0,0.0,0.0
2022-01-18 19:20:25.002492,0.0,0.0,0.0
2022-01-18 19:20:25.506944,0.0,0.0,0.0
2022-01-18 19:20:26.005551,0.0,0.0,0.0
2022-01-18 19:20:26.503624,0.0,0.0,0.0
2022-01-18 19:20:27.002570,0.0,0.0,0.0
2022-01-18 19:20:27.506739,0.0,0.0,0.0
2022-01-18 19:20:28.003984,0.0,0.0,0.0
2022-01-18 19:20:28.509123,0.0,0.0,0.0
2022-01-18 19:20:29.005540,0.0,0.0,0.0
2022-01-18 19:20:29.501723,0.0,0.0,0.0
2022-01-18 19:20:30.009468,0.0,0.0,0.0
2022-01-18 19:20:30.504207,0.0,0.0,0.0
2022-01-18 19:20:31.002906,0.0,0.0,0.0
2022-01-18 19:20:31.508955,0.0,0.0,0.0
2022-01-18 19:20:32.008021,0.0,0.0,0.0
2022-01-18 19:20:32.502665,0.0,0.0,0.0
2022-01-18 19:20:33.001063,0.0,0.0,0.0
2022-01-18 19:20:33.505411,0.0,0.0,0.0
2022-01-18 19:20:34.002993,0.0,0.0,0.0
2022-01-18 19:20:34.507108,0.0,0.0,0.0
2022-01-18 19:20:35.003748,0.0,0.0,0.0
2022-01-18 19:20:35.509945,0.0,0.0,0.0
2022-01-18 19:20:36.006373,0.0,0.0,0.0
2022-01-18 19:20:36.510458,0.0,0.0,0.0
2022-01-18 19:20:37.009046,0.0,0.0,0.0
2022-01-18 19:20:37.503304,0.0,0.0,0.0
2022-01-18 19:20:38.010158,0.0,0.0,0.0
2022-01-18 19:20:38.504552,0.0,0.0,0.0
2022-01-18 19:20:39.001913,0.0,0.0,0.0
2022-01-18 19:20:39.505428,0.0,0.0,0.0
2022-01-18 19:20:40.003511,0.0,0.0,0.0
2022-01-18 19:20:40.509866,0.0,0.0,0.0
2022-01-18 19:20:41.010293,0.0,0.0,0.0
2022-01-18 19:20:41.505094,0.0,0.0,0.0
2022-01-18 19:20:42.002435,0.0,0.0,0.0
2022-01-18 19:20:42.506283,0.0,0.0,0.0
2022-01-18 19:20:43.003441,0.0,0.0,0.0
2022-01-18 19:20:43.508599,0.0,0.0,0.0
2022-01-18 19:20:44.006760,0.0,0.0,0.0
2022-01-18 19:20:44.503870,0.0,0.0,0.0
2022-01-18 19:20:45.000954,0.0,0.0,0.0
2022-01-18 19:20:45.503445,0.0,0.0,0.0
2022-01-18 19:20:46.001905,0.0,0.0,0.0
2022-01-18 19:20:46.506626,0.0,0.0,0.0
2022-01-18 19:20:47.003430,0.0,0.0,0.0
2022-01-18 19:20:47.509099,0.0,0.0,0.0
2022-01-18 19:20:48.006762,0.0,0.0,0.0
2022-01-18 19:20:48.503623,0.0,0.0,0.0
2022-01-18 19:20:49.000927,0.0,0.0,0.0
2022-01-18 19:20:49.507005,0.0,0.0,0.0
2022-01-18 19:20:50.006007,0.0,0.0,0.0
2022-01-18 19:20:50.509996,0.0,0.0,0.0
2022-01-18 19:20:51.008294,0.0,0.0,0.0
2022-01-18 19:20:51.501517,0.0,0.0,0.0
2022-01-18 19:20:52.008271,0.0,0.0,0.0
2022-01-18 19:20:52.503430,0.0,0.0,0.0
2022-01-18 19:20:53.001394,0.0,0.0,0.0
2022-01-18 19:20:53.508131,0.0,0.0,0.0
2022-01-18 19:20:54.005676,0.0,0.0,0.0
2022-01-18 19:20:54.510710,0.0,0.0,0.0
2022-01-18 19:20:55.010133,0.0,0.0,0.0
2022-01-18 19:20:55.505702,0.0,0.0,0.0
2022-01-18 19:20:56.003555,0.0,0.0,0.0
2022-01-18 19:20:56.509007,0.0,0.0,0.0
2022-01-18 19:20:57.007238,0.0,0.0,0.0
2022-01-18 19:20:57.503451,0.0,0.0,0.0
2022-01-18 19:20:58.002822,0.0,0.0,0.0
2022-01-18 19:20:58.507289,0.0,0.0,0.0
2022-01-18 19:20:59.004582,0.0,0.0,0.0
2022-01-18 19:20:59.508973,0.0,0.0,0.0
2022-01-18 19:21:00.005936,0.0,0.0,0.0
2022-01-18 19:21:00.509333,0.0,0.0,0.0
2022-01-18 19:21:01.008526,0.0,0.0,0.0
2022-01-18 19:21:01.503256,0.0,0.0,0.0
2022-01-18 19:21:02.002808,0.0,0.0,0.0
2022-01-18 19:21:02.507094,0.0,0.0,0.0
2022-01-18 19:21:03.005167,0.0,0.0,0.0
2022-01-18 19:21:03.510733,0.0,0.0,0.0
2022-01-18 19:21:04.010193,0.0,0.0,0.0
2022-01-18 19:21:04.505155,0.0,0.0,0.0
2022-01-18 19:21:05.002420,0.0,0.0,0.0
2022-01-18 19:21:05.507694,0.0,0.0,0.0
2022-01-18 19:21:06.006554,0.0,0.0,0.0
2022-01-18 19:21:06.503716,0.0,0.0,0.0
2022-01-18 19:21:07.001794,0.0,0.0,0.0
2022-01-18 19:21:07.507617,0.0,0.0,0.0
2022-01-18 19:21:08.006770,0.0,0.0,0.0
2022-01-18 19:21:08.503963,0.0,0.0,0.0
2022-01-18 19:21:09.001091,0.0,0.0,0.0
2022-01-18 19:21:09.503556,0.0,0.0,0.0
2022-01-18 19:21:10.002330,0.0,0.0,0.0
2022-01-18 19:21:10.508196,0.0,0.0,0.0
2022-01-18 19:21:11.007745,0.0,0.0,0.0
2022-01-18 19:21:11.502438,0.0,0.0,0.0
2022-01-18 19:21:12.009798,0.0,0.0,0.0
2022-01-18 19:21:12.504085,0.0,0.0,0.0
2022-01-18 19:21:13.002200,0.0,0.0,0.0
2022-01-18 19:21:13.507295,0.0,0.0,0.0
2022-01-18 19:21:14.006777,0.0,0.0,0.0
2022-01-18 19:21:14.511069,0.0,0.0,0.0
2022-01-18 19:21:15.008203,0.0,0.0,0.0
2022-01-18 19:21:15.503908,0.0,0.0,0.0
2022-01-18 19:21:16.001805,0.0,0.0,0.0
2022-01-18 19:21:16.505058,0.0,0.0,0.0
2022-01-18 19:21:17.003634,0.0,0.0,0.0
2022-01-18 19:21:17.508670,0.0,0.0,0.0
2022-01-18 19:21:18.006275,0.0,0.0,0.0
2022-01-18 19:21:18.510620,0.0,0.0,0.0
2022-01-18 19:21:19.007970,0.0,0.0,0.0
2022-01-18 19:21:19.504063,0.0,0.0,0.0
2022-01-18 19:21:20.011036,0.0,0.0,0.0
2022-01-18 19:21:20.505941,0.0,0.0,0.0
2022-01-18 19:21:21.003552,0.0,0.0,0.0
2022-01-18 19:21:21.506446,0.0,0.0,0.0
2022-01-18 19:21:22.004492,0.0,0.0,0.0
2022-01-18 19:21:22.510391,0.0,0.0,0.0
2022-01-18 19:21:23.008192,0.0,0.0,0.0
2022-01-18 19:21:23.508609,0.0,0.0,0.0
2022-01-18 19:21:24.006268,0.0,0.0,0.0
2022-01-18 19:21:24.501699,0.0,0.0,0.0
2022-01-18 19:21:25.009940,0.0,0.0,0.0
2022-01-18 19:21:25.504619,0.0,0.0,0.0
2022-01-18 19:21:26.002781,0.0,0.0,0.0
2022-01-18 19:21:26.507920,0.0,0.0,0.0
2022-01-18 19:21:27.006858,0.0,0.0,0.0
2022-01-18 19:21:28.003968,0.0,0.0,0.0
2022-01-18 19:21:28.509216,0.0,0.0,0.0
2022-01-18 19:21:29.007138,0.0,0.0,0.0
2022-01-18 19:21:29.500941,0.0,0.0,0.0
