時間,回転１,回転２,回転３
2022-01-13 21:00:00.003405,0.0,0.0,0.0
2022-01-13 21:00:00.507230,0.0,0.0,0.0
2022-01-13 21:00:01.005459,0.0,0.0,0.0
2022-01-13 21:00:01.501872,0.0,0.0,0.0
2022-01-13 21:00:02.001676,0.0,0.0,0.0
2022-01-13 21:00:02.501117,0.0,0.0,0.0
2022-01-13 21:00:03.005547,0.0,0.0,0.0
2022-01-13 21:00:03.510816,0.0,0.0,0.0
2022-01-13 21:00:04.006888,0.0,0.0,0.0
2022-01-13 21:00:04.501625,0.0,0.0,0.0
2022-01-13 21:00:05.010365,0.0,0.0,0.0
2022-01-13 21:00:05.506476,0.0,0.0,0.0
2022-01-13 21:00:06.005580,0.0,0.0,0.0
2022-01-13 21:00:06.502300,0.0,0.0,0.0
2022-01-13 21:00:07.001647,0.0,0.0,0.0
2022-01-13 21:00:07.506902,0.0,0.0,0.0
2022-01-13 21:00:08.005985,0.0,0.0,0.0
2022-01-13 21:00:08.501585,0.0,0.0,0.0
2022-01-13 21:00:09.009056,0.0,0.0,0.0
2022-01-13 21:00:09.502115,0.0,0.0,0.0
2022-01-13 21:00:10.009696,0.0,0.0,0.0
2022-01-13 21:00:10.510200,0.0,0.0,0.0
2022-01-13 21:00:11.008940,0.0,0.0,0.0
2022-01-13 21:00:11.503389,0.0,0.0,0.0
2022-01-13 21:00:12.010822,0.0,0.0,0.0
2022-01-13 21:00:12.505420,0.0,0.0,0.0
2022-01-13 21:00:13.002973,0.0,0.0,0.0
2022-01-13 21:00:13.507629,0.0,0.0,0.0
2022-01-13 21:00:14.005179,0.0,0.0,0.0
2022-01-13 21:00:14.509470,0.0,0.0,0.0
2022-01-13 21:00:15.006917,0.0,0.0,0.0
2022-01-13 21:00:15.503689,0.0,0.0,0.0
2022-01-13 21:00:16.002413,0.0,0.0,0.0
2022-01-13 21:00:16.507984,0.0,0.0,0.0
2022-01-13 21:00:17.006267,0.0,0.0,0.0
2022-01-13 21:00:17.509562,0.0,0.0,0.0
2022-01-13 21:00:18.007561,0.0,0.0,0.0
2022-01-13 21:00:18.504166,0.0,0.0,0.0
2022-01-13 21:00:19.002246,0.0,0.0,0.0
2022-01-13 21:00:19.507335,0.0,0.0,0.0
2022-01-13 21:00:20.005985,0.0,0.0,0.0
2022-01-13 21:00:20.510479,0.0,0.0,0.0
2022-01-13 21:00:21.008547,0.0,0.0,0.0
2022-01-13 21:00:21.503494,0.0,0.0,0.0
2022-01-13 21:00:22.001584,0.0,0.0,0.0
2022-01-13 21:00:22.507497,0.0,0.0,0.0
2022-01-13 21:00:23.006276,0.0,0.0,0.0
2022-01-13 21:00:23.501764,0.0,0.0,0.0
2022-01-13 21:00:24.010842,0.0,0.0,0.0
2022-01-13 21:00:24.508072,0.0,0.0,0.0
2022-01-13 21:00:25.005580,0.0,0.0,0.0
2022-01-13 21:00:25.510714,0.0,0.0,0.0
2022-01-13 21:00:26.008518,0.0,0.0,0.0
2022-01-13 21:00:26.503952,0.0,0.0,0.0
2022-01-13 21:00:27.001379,0.0,0.0,0.0
2022-01-13 21:00:27.507018,0.0,0.0,0.0
2022-01-13 21:00:28.004318,0.0,0.0,0.0
2022-01-13 21:00:28.509017,0.0,0.0,0.0
2022-01-13 21:00:29.007701,0.0,0.0,0.0
2022-01-13 21:00:29.502281,0.0,0.0,0.0
2022-01-13 21:00:30.010875,0.0,0.0,0.0
2022-01-13 21:00:30.505693,0.0,0.0,0.0
2022-01-13 21:00:31.004730,0.0,0.0,0.0
2022-01-13 21:00:31.509708,0.0,0.0,0.0
2022-01-13 21:00:32.006861,0.0,0.0,0.0
2022-01-13 21:00:32.502051,0.0,0.0,0.0
2022-01-13 21:00:33.009418,0.0,0.0,0.0
2022-01-13 21:00:33.507537,0.0,0.0,0.0
2022-01-13 21:00:34.005463,0.0,0.0,0.0
2022-01-13 21:00:34.509745,0.0,0.0,0.0
2022-01-13 21:00:35.008302,0.0,0.0,0.0
2022-01-13 21:00:35.502253,0.0,0.0,0.0
2022-01-13 21:00:36.001937,0.0,0.0,0.0
2022-01-13 21:00:36.508294,0.0,0.0,0.0
2022-01-13 21:00:37.006152,0.0,0.0,0.0
2022-01-13 21:00:37.501698,0.0,0.0,0.0
2022-01-13 21:00:38.010279,0.0,0.0,0.0
2022-01-13 21:00:38.504870,0.0,0.0,0.0
2022-01-13 21:00:39.001678,0.0,0.0,0.0
2022-01-13 21:00:39.507408,0.0,0.0,0.0
2022-01-13 21:00:40.005476,0.0,0.0,0.0
2022-01-13 21:00:40.510945,0.0,0.0,0.0
2022-01-13 21:00:41.009852,0.0,0.0,0.0
2022-01-13 21:00:41.505607,0.0,0.0,0.0
2022-01-13 21:00:42.003635,0.0,0.0,0.0
2022-01-13 21:00:42.510732,0.0,0.0,0.0
2022-01-13 21:00:43.009435,0.0,0.0,0.0
2022-01-13 21:00:43.505025,0.0,0.0,0.0
2022-01-13 21:00:44.005102,0.0,0.0,0.0
2022-01-13 21:00:44.510305,0.0,0.0,0.0
2022-01-13 21:00:45.008049,0.0,0.0,0.0
2022-01-13 21:00:45.503001,0.0,0.0,0.0
2022-01-13 21:00:46.001568,0.0,0.0,0.0
2022-01-13 21:00:46.506155,0.0,0.0,0.0
2022-01-13 21:00:47.005583,0.0,0.0,0.0
2022-01-13 21:00:47.510045,0.0,0.0,0.0
2022-01-13 21:00:48.007875,0.0,0.0,0.0
2022-01-13 21:00:48.503410,0.0,0.0,0.0
2022-01-13 21:00:49.001469,0.0,0.0,0.0
2022-01-13 21:00:49.506509,0.0,0.0,0.0
2022-01-13 21:00:50.005832,0.0,0.0,0.0
2022-01-13 21:00:50.510333,0.0,0.0,0.0
2022-01-13 21:00:51.007060,0.0,0.0,0.0
2022-01-13 21:00:51.502695,0.0,0.0,0.0
2022-01-13 21:00:52.010995,0.0,0.0,0.0
2022-01-13 21:00:52.505852,0.0,0.0,0.0
2022-01-13 21:00:53.007488,0.0,0.0,0.0
2022-01-13 21:00:53.502652,0.0,0.0,0.0
2022-01-13 21:00:54.001652,0.0,0.0,0.0
2022-01-13 21:00:54.506246,0.0,0.0,0.0
2022-01-13 21:00:55.004849,0.0,0.0,0.0
2022-01-13 21:00:55.502459,0.0,0.0,0.0
2022-01-13 21:00:56.011165,0.0,0.0,0.0
2022-01-13 21:00:56.505918,0.0,0.0,0.0
2022-01-13 21:00:57.003164,0.0,0.0,0.0
2022-01-13 21:00:57.509567,0.0,0.0,0.0
2022-01-13 21:00:58.008614,0.0,0.0,0.0
2022-01-13 21:00:58.503522,0.0,0.0,0.0
2022-01-13 21:00:59.001579,0.0,0.0,0.0
2022-01-13 21:00:59.505713,0.0,0.0,0.0
2022-01-13 21:01:00.004766,0.0,0.0,0.0
2022-01-13 21:01:00.502066,0.0,0.0,0.0
2022-01-13 21:01:01.003803,0.0,0.0,0.0
2022-01-13 21:01:01.509995,0.0,0.0,0.0
2022-01-13 21:01:02.008055,0.0,0.0,0.0
2022-01-13 21:01:02.501734,0.0,0.0,0.0
2022-01-13 21:01:03.011015,0.0,0.0,0.0
2022-01-13 21:01:03.506396,0.0,0.0,0.0
2022-01-13 21:01:04.006763,0.0,0.0,0.0
2022-01-13 21:01:04.510500,0.0,0.0,0.0
2022-01-13 21:01:05.008344,0.0,0.0,0.0
2022-01-13 21:01:05.503298,0.0,0.0,0.0
2022-01-13 21:01:06.001563,0.0,0.0,0.0
2022-01-13 21:01:06.507168,0.0,0.0,0.0
2022-01-13 21:01:07.006215,0.0,0.0,0.0
2022-01-13 21:01:07.501210,0.0,0.0,0.0
2022-01-13 21:01:08.008585,0.0,0.0,0.0
2022-01-13 21:01:08.503544,0.0,0.0,0.0
2022-01-13 21:01:09.001737,0.0,0.0,0.0
2022-01-13 21:01:09.507272,0.0,0.0,0.0
2022-01-13 21:01:10.004151,0.0,0.0,0.0
2022-01-13 21:01:10.509820,0.0,0.0,0.0
2022-01-13 21:01:11.009415,0.0,0.0,0.0
2022-01-13 21:01:11.505302,0.0,0.0,0.0
2022-01-13 21:01:12.001985,0.0,0.0,0.0
2022-01-13 21:01:12.510254,0.0,0.0,0.0
2022-01-13 21:01:13.010118,0.0,0.0,0.0
2022-01-13 21:01:13.505608,0.0,0.0,0.0
2022-01-13 21:01:14.004176,0.0,0.0,0.0
2022-01-13 21:01:14.509626,0.0,0.0,0.0
2022-01-13 21:01:15.006319,0.0,0.0,0.0
2022-01-13 21:01:15.501374,0.0,0.0,0.0
2022-01-13 21:01:16.008739,0.0,0.0,0.0
2022-01-13 21:01:16.503251,0.0,0.0,0.0
2022-01-13 21:01:17.505702,0.0,0.0,0.0
2022-01-13 21:01:18.005111,0.0,0.0,0.0
2022-01-13 21:01:18.510046,0.0,0.0,0.0
2022-01-13 21:01:19.008905,0.0,0.0,0.0
2022-01-13 21:01:19.504694,0.0,0.0,0.0
2022-01-13 21:01:20.002188,0.0,0.0,0.0
2022-01-13 21:01:20.506974,0.0,0.0,0.0
2022-01-13 21:01:21.004776,0.0,0.0,0.0
2022-01-13 21:01:21.501233,0.0,0.0,0.0
2022-01-13 21:01:22.009332,0.0,0.0,0.0
2022-01-13 21:01:22.506628,0.0,0.0,0.0
2022-01-13 21:01:23.004588,0.0,0.0,0.0
2022-01-13 21:01:23.509834,0.0,0.0,0.0
2022-01-13 21:01:24.007756,0.0,0.0,0.0
2022-01-13 21:01:24.502360,0.0,0.0,0.0
2022-01-13 21:01:25.001461,0.0,0.0,0.0
2022-01-13 21:01:25.507817,0.0,0.0,0.0
2022-01-13 21:01:26.006790,0.0,0.0,0.0
2022-01-13 21:01:26.502120,0.0,0.0,0.0
2022-01-13 21:01:27.001508,0.0,0.0,0.0
2022-01-13 21:01:27.508208,0.0,0.0,0.0
2022-01-13 21:01:28.006770,0.0,0.0,0.0
2022-01-13 21:01:28.501490,0.0,0.0,0.0
2022-01-13 21:01:29.009755,0.0,0.0,0.0
2022-01-13 21:01:29.506023,0.0,0.0,0.0
2022-01-13 21:01:30.005544,0.0,0.0,0.0
2022-01-13 21:01:30.510089,0.0,0.0,0.0
2022-01-13 21:01:31.010143,0.0,0.0,0.0
2022-01-13 21:01:31.506771,0.0,0.0,0.0
2022-01-13 21:01:32.006446,0.0,0.0,0.0
2022-01-13 21:01:32.502131,0.0,0.0,0.0
2022-01-13 21:01:33.010454,0.0,0.0,0.0
2022-01-13 21:01:33.504697,0.0,0.0,0.0
2022-01-13 21:01:34.004514,0.0,0.0,0.0
2022-01-13 21:01:34.508703,0.0,0.0,0.0
2022-01-13 21:01:35.006571,0.0,0.0,0.0
2022-01-13 21:01:35.502713,0.0,0.0,0.0
2022-01-13 21:01:36.505559,0.0,0.0,0.0
2022-01-13 21:01:37.003922,0.0,0.0,0.0
2022-01-13 21:01:37.510526,0.0,0.0,0.0
2022-01-13 21:01:38.008358,0.0,0.0,0.0
2022-01-13 21:01:38.506152,0.0,0.0,0.0
2022-01-13 21:01:39.005115,0.0,0.0,0.0
2022-01-13 21:01:39.511265,0.0,0.0,0.0
2022-01-13 21:01:40.008188,0.0,0.0,0.0
2022-01-13 21:01:40.504201,0.0,0.0,0.0
2022-01-13 21:01:41.002645,0.0,0.0,0.0
2022-01-13 21:01:41.508609,0.0,0.0,0.0
2022-01-13 21:01:42.007185,0.0,0.0,0.0
2022-01-13 21:01:42.502174,0.0,0.0,0.0
2022-01-13 21:01:43.002319,0.0,0.0,0.0
2022-01-13 21:01:43.506284,0.0,0.0,0.0
2022-01-13 21:01:44.003357,0.0,0.0,0.0
2022-01-13 21:01:44.508534,0.0,0.0,0.0
2022-01-13 21:01:45.006972,0.0,0.0,0.0
2022-01-13 21:01:45.502888,0.0,0.0,0.0
2022-01-13 21:01:46.011143,0.0,0.0,0.0
2022-01-13 21:01:46.505461,0.0,0.0,0.0
2022-01-13 21:01:47.003441,0.0,0.0,0.0
2022-01-13 21:01:47.508349,0.0,0.0,0.0
2022-01-13 21:01:48.005926,0.0,0.0,0.0
2022-01-13 21:01:48.509166,0.0,0.0,0.0
2022-01-13 21:01:49.006038,0.0,0.0,0.0
2022-01-13 21:01:49.502251,0.0,0.0,0.0
2022-01-13 21:01:50.001499,0.0,0.0,0.0
2022-01-13 21:01:50.507098,0.0,0.0,0.0
2022-01-13 21:01:51.005265,0.0,0.0,0.0
2022-01-13 21:01:51.509579,0.0,0.0,0.0
2022-01-13 21:01:52.006680,0.0,0.0,0.0
2022-01-13 21:01:52.502603,0.0,0.0,0.0
2022-01-13 21:01:53.001523,0.0,0.0,0.0
2022-01-13 21:01:53.505903,0.0,0.0,0.0
2022-01-13 21:01:54.004431,0.0,0.0,0.0
2022-01-13 21:01:54.501083,0.0,0.0,0.0
2022-01-13 21:01:55.009290,0.0,0.0,0.0
2022-01-13 21:01:55.503494,0.0,0.0,0.0
2022-01-13 21:01:56.002399,0.0,0.0,0.0
2022-01-13 21:01:56.508776,0.0,0.0,0.0
2022-01-13 21:01:57.006943,0.0,0.0,0.0
2022-01-13 21:01:57.502600,0.0,0.0,0.0
2022-01-13 21:01:58.001610,0.0,0.0,0.0
2022-01-13 21:01:58.508469,0.0,0.0,0.0
2022-01-13 21:01:59.007339,0.0,0.0,0.0
2022-01-13 21:01:59.501540,0.0,0.0,0.0
2022-01-13 21:02:00.009730,0.0,0.0,0.0
2022-01-13 21:02:00.502235,0.0,0.0,0.0
2022-01-13 21:02:01.010976,0.0,0.0,0.0
2022-01-13 21:02:01.505704,0.0,0.0,0.0
2022-01-13 21:02:02.004449,0.0,0.0,0.0
2022-01-13 21:02:02.510917,0.0,0.0,0.0
2022-01-13 21:02:03.008389,0.0,0.0,0.0
2022-01-13 21:02:03.503667,0.0,0.0,0.0
2022-01-13 21:02:04.002130,0.0,0.0,0.0
2022-01-13 21:02:04.506055,0.0,0.0,0.0
2022-01-13 21:02:05.004479,0.0,0.0,0.0
2022-01-13 21:02:05.509866,0.0,0.0,0.0
2022-01-13 21:02:06.007118,0.0,0.0,0.0
2022-01-13 21:02:06.502320,0.0,0.0,0.0
2022-01-13 21:02:07.010421,0.0,0.0,0.0
2022-01-13 21:02:07.506080,0.0,0.0,0.0
2022-01-13 21:02:08.004771,0.0,0.0,0.0
2022-01-13 21:02:08.510592,0.0,0.0,0.0
2022-01-13 21:02:09.009496,0.0,0.0,0.0
2022-01-13 21:02:09.504439,0.0,0.0,0.0
2022-01-13 21:02:10.001507,0.0,0.0,0.0
2022-01-13 21:02:10.504062,0.0,0.0,0.0
2022-01-13 21:02:11.001185,0.0,0.0,0.0
2022-01-13 21:02:11.505597,0.0,0.0,0.0
2022-01-13 21:02:12.003023,0.0,0.0,0.0
2022-01-13 21:02:12.507981,0.0,0.0,0.0
2022-01-13 21:02:13.006337,0.0,0.0,0.0
2022-01-13 21:02:13.510036,0.0,0.0,0.0
2022-01-13 21:02:14.009909,0.0,0.0,0.0
2022-01-13 21:02:14.504582,0.0,0.0,0.0
2022-01-13 21:02:15.002649,0.0,0.0,0.0
2022-01-13 21:02:15.506172,0.0,0.0,0.0
2022-01-13 21:02:16.005526,0.0,0.0,0.0
2022-01-13 21:02:16.502545,0.0,0.0,0.0
2022-01-13 21:02:17.010978,0.0,0.0,0.0
2022-01-13 21:02:17.506151,0.0,0.0,0.0
2022-01-13 21:02:18.003215,0.0,0.0,0.0
2022-01-13 21:02:18.507102,0.0,0.0,0.0
2022-01-13 21:02:19.004515,0.0,0.0,0.0
2022-01-13 21:02:19.508833,0.0,0.0,0.0
2022-01-13 21:02:20.004898,0.0,0.0,0.0
2022-01-13 21:02:20.511062,0.0,0.0,0.0
2022-01-13 21:02:21.010672,0.0,0.0,0.0
2022-01-13 21:02:21.506963,0.0,0.0,0.0
2022-01-13 21:02:22.004319,0.0,0.0,0.0
2022-01-13 21:02:22.509749,0.0,0.0,0.0
2022-01-13 21:02:23.009179,0.0,0.0,0.0
2022-01-13 21:02:23.502694,0.0,0.0,0.0
2022-01-13 21:02:24.002225,0.0,0.0,0.0
2022-01-13 21:02:24.507082,0.0,0.0,0.0
2022-01-13 21:02:25.007328,0.0,0.0,0.0
2022-01-13 21:02:25.501161,0.0,0.0,0.0
2022-01-13 21:02:26.009539,0.0,0.0,0.0
2022-01-13 21:02:26.505044,0.0,0.0,0.0
2022-01-13 21:02:27.002006,0.0,0.0,0.0
2022-01-13 21:02:27.506032,0.0,0.0,0.0
2022-01-13 21:02:28.005472,0.0,0.0,0.0
2022-01-13 21:02:28.510747,0.0,0.0,0.0
2022-01-13 21:02:29.009308,0.0,0.0,0.0
2022-01-13 21:02:29.504805,0.0,0.0,0.0
2022-01-13 21:02:30.003963,0.0,0.0,0.0
2022-01-13 21:02:30.508423,0.0,0.0,0.0
2022-01-13 21:02:31.006877,0.0,0.0,0.0
2022-01-13 21:02:31.505018,0.0,0.0,0.0
2022-01-13 21:02:32.002082,0.0,0.0,0.0
2022-01-13 21:02:32.508222,0.0,0.0,0.0
2022-01-13 21:02:33.007334,0.0,0.0,0.0
2022-01-13 21:02:33.502914,0.0,0.0,0.0
2022-01-13 21:02:34.010661,0.0,0.0,0.0
2022-01-13 21:02:34.507389,0.0,0.0,0.0
2022-01-13 21:02:35.006814,0.0,0.0,0.0
2022-01-13 21:02:35.501871,0.0,0.0,0.0
2022-01-13 21:02:36.010792,0.0,0.0,0.0
2022-01-13 21:02:36.505180,0.0,0.0,0.0
2022-01-13 21:02:37.004108,0.0,0.0,0.0
2022-01-13 21:02:37.509611,0.0,0.0,0.0
2022-01-13 21:02:38.007895,0.0,0.0,0.0
2022-01-13 21:02:38.504919,0.0,0.0,0.0
2022-01-13 21:02:39.002568,0.0,0.0,0.0
2022-01-13 21:02:39.508416,0.0,0.0,0.0
2022-01-13 21:02:40.006233,0.0,0.0,0.0
2022-01-13 21:02:40.501542,0.0,0.0,0.0
2022-01-13 21:02:41.010539,0.0,0.0,0.0
2022-01-13 21:02:41.505663,0.0,0.0,0.0
2022-01-13 21:02:42.005687,0.0,0.0,0.0
2022-01-13 21:02:42.501954,0.0,0.0,0.0
2022-01-13 21:02:43.002748,0.0,0.0,0.0
2022-01-13 21:02:43.508235,0.0,0.0,0.0
2022-01-13 21:02:44.005665,0.0,0.0,0.0
2022-01-13 21:02:44.509428,0.0,0.0,0.0
2022-01-13 21:02:45.007512,0.0,0.0,0.0
2022-01-13 21:02:45.502790,0.0,0.0,0.0
2022-01-13 21:02:46.010889,0.0,0.0,0.0
2022-01-13 21:02:46.508239,0.0,0.0,0.0
2022-01-13 21:02:47.007266,0.0,0.0,0.0
2022-01-13 21:02:47.501453,0.0,0.0,0.0
2022-01-13 21:02:48.009439,0.0,0.0,0.0
2022-01-13 21:02:48.503945,0.0,0.0,0.0
2022-01-13 21:02:49.002706,0.0,0.0,0.0
2022-01-13 21:02:49.509284,0.0,0.0,0.0
2022-01-13 21:02:50.007054,0.0,0.0,0.0
2022-01-13 21:02:50.502752,0.0,0.0,0.0
2022-01-13 21:02:51.004330,0.0,0.0,0.0
2022-01-13 21:02:51.510305,0.0,0.0,0.0
2022-01-13 21:02:52.009411,0.0,0.0,0.0
2022-01-13 21:02:52.504466,0.0,0.0,0.0
2022-01-13 21:02:53.002510,0.0,0.0,0.0
2022-01-13 21:02:53.506615,0.0,0.0,0.0
2022-01-13 21:02:54.005552,0.0,0.0,0.0
2022-01-13 21:02:54.501411,0.0,0.0,0.0
2022-01-13 21:02:55.002208,0.0,0.0,0.0
2022-01-13 21:02:55.508957,0.0,0.0,0.0
2022-01-13 21:02:56.007046,0.0,0.0,0.0
2022-01-13 21:02:56.501216,0.0,0.0,0.0
2022-01-13 21:02:57.008309,0.0,0.0,0.0
2022-01-13 21:02:57.505595,0.0,0.0,0.0
2022-01-13 21:02:58.004526,0.0,0.0,0.0
2022-01-13 21:02:58.510186,0.0,0.0,0.0
2022-01-13 21:02:59.009076,0.0,0.0,0.0
2022-01-13 21:02:59.504181,0.0,0.0,0.0
2022-01-13 21:03:00.002550,0.0,0.0,0.0
2022-01-13 21:03:00.507073,0.0,0.0,0.0
2022-01-13 21:03:01.006623,0.0,0.0,0.0
2022-01-13 21:03:01.511208,0.0,0.0,0.0
2022-01-13 21:03:02.009609,0.0,0.0,0.0
2022-01-13 21:03:02.505767,0.0,0.0,0.0
2022-01-13 21:03:03.005642,0.0,0.0,0.0
2022-01-13 21:03:03.510230,0.0,0.0,0.0
2022-01-13 21:03:04.011083,0.0,0.0,0.0
2022-01-13 21:03:04.506231,0.0,0.0,0.0
2022-01-13 21:03:05.006304,0.0,0.0,0.0
2022-01-13 21:03:05.509916,0.0,0.0,0.0
2022-01-13 21:03:06.008519,0.0,0.0,0.0
2022-01-13 21:03:06.502666,0.0,0.0,0.0
2022-01-13 21:03:07.010998,0.0,0.0,0.0
2022-01-13 21:03:07.506068,0.0,0.0,0.0
2022-01-13 21:03:08.005382,0.0,0.0,0.0
2022-01-13 21:03:08.501891,0.0,0.0,0.0
2022-01-13 21:03:09.001447,0.0,0.0,0.0
2022-01-13 21:03:09.506263,0.0,0.0,0.0
2022-01-13 21:03:10.001869,0.0,0.0,0.0
2022-01-13 21:03:10.507698,0.0,0.0,0.0
2022-01-13 21:03:11.005115,0.0,0.0,0.0
2022-01-13 21:03:11.509911,0.0,0.0,0.0
2022-01-13 21:03:12.009946,0.0,0.0,0.0
2022-01-13 21:03:12.504069,0.0,0.0,0.0
2022-01-13 21:03:13.002518,0.0,0.0,0.0
2022-01-13 21:03:13.507781,0.0,0.0,0.0
2022-01-13 21:03:14.006825,0.0,0.0,0.0
2022-01-13 21:03:14.502964,0.0,0.0,0.0
2022-01-13 21:03:15.010674,0.0,0.0,0.0
2022-01-13 21:03:15.505357,0.0,0.0,0.0
2022-01-13 21:03:16.002015,0.0,0.0,0.0
2022-01-13 21:03:16.510851,0.0,0.0,0.0
2022-01-13 21:03:17.006336,0.0,0.0,0.0
2022-01-13 21:03:17.511205,0.0,0.0,0.0
2022-01-13 21:03:18.009216,0.0,0.0,0.0
2022-01-13 21:03:18.504589,0.0,0.0,0.0
2022-01-13 21:03:19.002107,0.0,0.0,0.0
2022-01-13 21:03:19.506696,0.0,0.0,0.0
2022-01-13 21:03:20.008051,0.0,0.0,0.0
2022-01-13 21:03:20.503889,0.0,0.0,0.0
2022-01-13 21:03:21.001710,0.0,0.0,0.0
2022-01-13 21:03:21.508263,0.0,0.0,0.0
2022-01-13 21:03:22.005634,0.0,0.0,0.0
2022-01-13 21:03:22.509649,0.0,0.0,0.0
2022-01-13 21:03:23.007307,0.0,0.0,0.0
2022-01-13 21:03:23.501519,0.0,0.0,0.0
2022-01-13 21:03:24.009706,0.0,0.0,0.0
2022-01-13 21:03:24.505991,0.0,0.0,0.0
2022-01-13 21:03:25.001892,0.0,0.0,0.0
2022-01-13 21:03:25.509696,0.0,0.0,0.0
2022-01-13 21:03:26.007288,0.0,0.0,0.0
2022-01-13 21:03:26.502707,0.0,0.0,0.0
2022-01-13 21:03:27.001473,0.0,0.0,0.0
2022-01-13 21:03:27.505728,0.0,0.0,0.0
2022-01-13 21:03:28.003868,0.0,0.0,0.0
2022-01-13 21:03:28.510561,0.0,0.0,0.0
2022-01-13 21:03:29.010032,0.0,0.0,0.0
2022-01-13 21:03:29.506044,0.0,0.0,0.0
2022-01-13 21:03:30.003835,0.0,0.0,0.0
2022-01-13 21:03:30.510370,0.0,0.0,0.0
2022-01-13 21:03:31.010036,0.0,0.0,0.0
2022-01-13 21:03:31.505970,0.0,0.0,0.0
2022-01-13 21:03:32.005970,0.0,0.0,0.0
2022-01-13 21:03:32.501413,0.0,0.0,0.0
2022-01-13 21:03:33.010411,0.0,0.0,0.0
2022-01-13 21:03:33.507285,0.0,0.0,0.0
2022-01-13 21:03:34.007138,0.0,0.0,0.0
2022-01-13 21:03:34.502634,0.0,0.0,0.0
2022-01-13 21:03:35.001397,0.0,0.0,0.0
2022-01-13 21:03:35.506522,0.0,0.0,0.0
2022-01-13 21:03:36.003732,0.0,0.0,0.0
2022-01-13 21:03:36.508676,0.0,0.0,0.0
2022-01-13 21:03:37.006786,0.0,0.0,0.0
2022-01-13 21:03:37.501730,0.0,0.0,0.0
2022-01-13 21:03:38.009861,0.0,0.0,0.0
2022-01-13 21:03:38.507582,0.0,0.0,0.0
2022-01-13 21:03:39.001160,0.0,0.0,0.0
2022-01-13 21:03:39.506411,0.0,0.0,0.0
2022-01-13 21:03:40.004894,0.0,0.0,0.0
2022-01-13 21:03:40.510075,0.0,0.0,0.0
2022-01-13 21:03:41.008564,0.0,0.0,0.0
2022-01-13 21:03:41.503823,0.0,0.0,0.0
2022-01-13 21:03:42.002651,0.0,0.0,0.0
2022-01-13 21:03:42.510765,0.0,0.0,0.0
2022-01-13 21:03:43.009700,0.0,0.0,0.0
2022-01-13 21:03:43.507072,0.0,0.0,0.0
2022-01-13 21:03:44.004359,0.0,0.0,0.0
2022-01-13 21:03:44.509147,0.0,0.0,0.0
2022-01-13 21:03:45.008478,0.0,0.0,0.0
2022-01-13 21:03:45.505325,0.0,0.0,0.0
2022-01-13 21:03:46.002999,0.0,0.0,0.0
2022-01-13 21:03:46.507732,0.0,0.0,0.0
2022-01-13 21:03:47.005879,0.0,0.0,0.0
2022-01-13 21:03:47.503525,0.0,0.0,0.0
2022-01-13 21:03:48.001920,0.0,0.0,0.0
2022-01-13 21:03:48.505974,0.0,0.0,0.0
2022-01-13 21:03:49.003648,0.0,0.0,0.0
2022-01-13 21:03:49.509544,0.0,0.0,0.0
2022-01-13 21:03:50.007638,0.0,0.0,0.0
2022-01-13 21:03:50.506804,0.0,0.0,0.0
2022-01-13 21:03:51.005747,0.0,0.0,0.0
2022-01-13 21:03:52.005589,0.0,0.0,0.0
2022-01-13 21:03:52.501740,0.0,0.0,0.0
2022-01-13 21:03:53.010748,0.0,0.0,0.0
2022-01-13 21:03:53.505291,0.0,0.0,0.0
2022-01-13 21:03:54.001547,0.0,0.0,0.0
2022-01-13 21:03:54.505763,0.0,0.0,0.0
2022-01-13 21:03:55.004629,0.0,0.0,0.0
2022-01-13 21:03:55.510112,0.0,0.0,0.0
2022-01-13 21:03:56.009221,0.0,0.0,0.0
2022-01-13 21:03:56.504822,0.0,0.0,0.0
2022-01-13 21:03:57.003757,0.0,0.0,0.0
2022-01-13 21:03:57.503054,0.0,0.0,0.0
2022-01-13 21:03:58.001106,0.0,0.0,0.0
2022-01-13 21:03:58.506609,0.0,0.0,0.0
2022-01-13 21:03:59.004864,0.0,0.0,0.0
2022-01-13 21:03:59.509555,0.0,0.0,0.0
2022-01-13 21:04:00.006752,0.0,0.0,0.0
2022-01-13 21:04:00.510887,0.0,0.0,0.0
2022-01-13 21:04:01.010140,0.0,0.0,0.0
2022-01-13 21:04:01.505548,0.0,0.0,0.0
2022-01-13 21:04:02.003902,0.0,0.0,0.0
2022-01-13 21:04:02.509516,0.0,0.0,0.0
2022-01-13 21:04:03.008503,0.0,0.0,0.0
2022-01-13 21:04:03.503154,0.0,0.0,0.0
2022-01-13 21:04:04.001573,0.0,0.0,0.0
2022-01-13 21:04:04.507049,0.0,0.0,0.0
2022-01-13 21:04:05.006194,0.0,0.0,0.0
2022-01-13 21:04:05.503340,0.0,0.0,0.0
2022-01-13 21:04:06.001466,0.0,0.0,0.0
2022-01-13 21:04:06.506618,0.0,0.0,0.0
2022-01-13 21:04:07.004519,0.0,0.0,0.0
2022-01-13 21:04:07.509676,0.0,0.0,0.0
2022-01-13 21:04:08.008101,0.0,0.0,0.0
2022-01-13 21:04:08.503042,0.0,0.0,0.0
2022-01-13 21:04:09.011009,0.0,0.0,0.0
2022-01-13 21:04:09.505610,0.0,0.0,0.0
2022-01-13 21:04:10.002808,0.0,0.0,0.0
2022-01-13 21:04:10.506794,0.0,0.0,0.0
2022-01-13 21:04:11.005505,0.0,0.0,0.0
2022-01-13 21:04:11.510644,0.0,0.0,0.0
2022-01-13 21:04:12.008974,0.0,0.0,0.0
2022-01-13 21:04:12.503887,0.0,0.0,0.0
2022-01-13 21:04:13.001502,0.0,0.0,0.0
2022-01-13 21:04:13.507362,0.0,0.0,0.0
2022-01-13 21:04:14.004925,0.0,0.0,0.0
2022-01-13 21:04:14.509533,0.0,0.0,0.0
2022-01-13 21:04:15.006240,0.0,0.0,0.0
2022-01-13 21:04:15.501801,0.0,0.0,0.0
2022-01-13 21:04:16.009971,0.0,0.0,0.0
2022-01-13 21:04:16.505139,0.0,0.0,0.0
2022-01-13 21:04:17.003831,0.0,0.0,0.0
2022-01-13 21:04:17.510097,0.0,0.0,0.0
2022-01-13 21:04:18.009501,0.0,0.0,0.0
2022-01-13 21:04:18.503993,0.0,0.0,0.0
2022-01-13 21:04:19.002098,0.0,0.0,0.0
2022-01-13 21:04:19.508992,0.0,0.0,0.0
2022-01-13 21:04:20.006990,0.0,0.0,0.0
2022-01-13 21:04:20.502926,0.0,0.0,0.0
2022-01-13 21:04:21.010895,0.0,0.0,0.0
2022-01-13 21:04:21.505937,0.0,0.0,0.0
2022-01-13 21:04:22.003337,0.0,0.0,0.0
2022-01-13 21:04:22.508912,0.0,0.0,0.0
2022-01-13 21:04:23.006280,0.0,0.0,0.0
2022-01-13 21:04:23.501994,0.0,0.0,0.0
2022-01-13 21:04:24.002601,0.0,0.0,0.0
2022-01-13 21:04:24.507893,0.0,0.0,0.0
2022-01-13 21:04:25.007026,0.0,0.0,0.0
2022-01-13 21:04:25.502779,0.0,0.0,0.0
2022-01-13 21:04:26.001820,0.0,0.0,0.0
2022-01-13 21:04:26.507266,0.0,0.0,0.0
2022-01-13 21:04:27.005489,0.0,0.0,0.0
2022-01-13 21:04:28.005749,0.0,0.0,0.0
2022-01-13 21:04:28.501529,0.0,0.0,0.0
2022-01-13 21:04:29.010345,0.0,0.0,0.0
2022-01-13 21:04:29.504978,0.0,0.0,0.0
2022-01-13 21:04:30.002621,0.0,0.0,0.0
2022-01-13 21:04:30.507322,0.0,0.0,0.0
2022-01-13 21:04:31.006416,0.0,0.0,0.0
2022-01-13 21:04:31.501405,0.0,0.0,0.0
2022-01-13 21:04:32.008808,0.0,0.0,0.0
2022-01-13 21:04:32.503084,0.0,0.0,0.0
2022-01-13 21:04:33.002251,0.0,0.0,0.0
2022-01-13 21:04:33.509506,0.0,0.0,0.0
2022-01-13 21:04:34.007264,0.0,0.0,0.0
2022-01-13 21:04:34.501914,0.0,0.0,0.0
2022-01-13 21:04:35.001390,0.0,0.0,0.0
2022-01-13 21:04:35.506855,0.0,0.0,0.0
2022-01-13 21:04:36.005094,0.0,0.0,0.0
2022-01-13 21:04:36.510543,0.0,0.0,0.0
2022-01-13 21:04:37.010130,0.0,0.0,0.0
2022-01-13 21:04:37.505658,0.0,0.0,0.0
2022-01-13 21:04:38.005807,0.0,0.0,0.0
2022-01-13 21:04:38.502658,0.0,0.0,0.0
2022-01-13 21:04:39.002752,0.0,0.0,0.0
2022-01-13 21:04:39.509309,0.0,0.0,0.0
2022-01-13 21:04:40.010245,0.0,0.0,0.0
2022-01-13 21:04:40.505596,0.0,0.0,0.0
2022-01-13 21:04:41.004068,0.0,0.0,0.0
2022-01-13 21:04:41.508549,0.0,0.0,0.0
2022-01-13 21:04:42.006433,0.0,0.0,0.0
2022-01-13 21:04:42.502331,0.0,0.0,0.0
2022-01-13 21:04:43.010802,0.0,0.0,0.0
2022-01-13 21:04:43.507492,0.0,0.0,0.0
2022-01-13 21:04:44.005281,0.0,0.0,0.0
2022-01-13 21:04:44.511024,0.0,0.0,0.0
2022-01-13 21:04:45.009188,0.0,0.0,0.0
2022-01-13 21:04:45.504070,0.0,0.0,0.0
2022-01-13 21:04:46.002101,0.0,0.0,0.0
2022-01-13 21:04:46.509952,0.0,0.0,0.0
2022-01-13 21:04:47.010205,0.0,0.0,0.0
2022-01-13 21:04:47.506761,0.0,0.0,0.0
2022-01-13 21:04:48.006067,0.0,0.0,0.0
2022-01-13 21:04:48.501906,0.0,0.0,0.0
2022-01-13 21:04:49.009855,0.0,0.0,0.0
2022-01-13 21:04:49.506217,0.0,0.0,0.0
2022-01-13 21:04:50.004148,0.0,0.0,0.0
2022-01-13 21:04:50.510734,0.0,0.0,0.0
2022-01-13 21:04:51.009995,0.0,0.0,0.0
2022-01-13 21:04:51.505797,0.0,0.0,0.0
2022-01-13 21:04:52.005405,0.0,0.0,0.0
2022-01-13 21:04:52.510151,0.0,0.0,0.0
2022-01-13 21:04:53.010093,0.0,0.0,0.0
2022-01-13 21:04:53.509145,0.0,0.0,0.0
2022-01-13 21:04:54.005692,0.0,0.0,0.0
2022-01-13 21:04:54.501597,0.0,0.0,0.0
2022-01-13 21:04:55.010043,0.0,0.0,0.0
2022-01-13 21:04:55.507563,0.0,0.0,0.0
2022-01-13 21:04:56.004201,0.0,0.0,0.0
2022-01-13 21:04:56.508564,0.0,0.0,0.0
2022-01-13 21:04:57.005616,0.0,0.0,0.0
2022-01-13 21:04:57.501297,0.0,0.0,0.0
2022-01-13 21:04:58.009838,0.0,0.0,0.0
2022-01-13 21:04:58.505152,0.0,0.0,0.0
2022-01-13 21:04:59.002664,0.0,0.0,0.0
2022-01-13 21:04:59.508970,0.0,0.0,0.0
2022-01-13 21:05:00.008261,0.0,0.0,0.0
2022-01-13 21:05:00.501532,0.0,0.0,0.0
2022-01-13 21:05:01.009843,0.0,0.0,0.0
2022-01-13 21:05:01.506005,0.0,0.0,0.0
2022-01-13 21:05:02.003666,0.0,0.0,0.0
2022-01-13 21:05:02.509580,0.0,0.0,0.0
2022-01-13 21:05:03.008065,0.0,0.0,0.0
2022-01-13 21:05:03.504566,0.0,0.0,0.0
2022-01-13 21:05:04.002063,0.0,0.0,0.0
2022-01-13 21:05:04.507155,0.0,0.0,0.0
2022-01-13 21:05:05.005543,0.0,0.0,0.0
2022-01-13 21:05:05.501475,0.0,0.0,0.0
2022-01-13 21:05:06.009663,0.0,0.0,0.0
2022-01-13 21:05:06.503733,0.0,0.0,0.0
2022-01-13 21:05:07.001141,0.0,0.0,0.0
2022-01-13 21:05:07.506102,0.0,0.0,0.0
2022-01-13 21:05:08.004485,0.0,0.0,0.0
2022-01-13 21:05:08.510392,0.0,0.0,0.0
2022-01-13 21:05:09.008395,0.0,0.0,0.0
2022-01-13 21:05:09.502774,0.0,0.0,0.0
2022-01-13 21:05:10.001103,0.0,0.0,0.0
2022-01-13 21:05:10.505501,0.0,0.0,0.0
2022-01-13 21:05:11.003166,0.0,0.0,0.0
2022-01-13 21:05:11.509080,0.0,0.0,0.0
2022-01-13 21:05:12.006405,0.0,0.0,0.0
2022-01-13 21:05:12.501179,0.0,0.0,0.0
2022-01-13 21:05:13.010059,0.0,0.0,0.0
2022-01-13 21:05:13.505779,0.0,0.0,0.0
2022-01-13 21:05:14.004769,0.0,0.0,0.0
2022-01-13 21:05:14.510195,0.0,0.0,0.0
2022-01-13 21:05:15.008158,0.0,0.0,0.0
2022-01-13 21:05:15.504631,0.0,0.0,0.0
2022-01-13 21:05:16.003070,0.0,0.0,0.0
2022-01-13 21:05:16.508059,0.0,0.0,0.0
2022-01-13 21:05:17.006478,0.0,0.0,0.0
2022-01-13 21:05:17.503261,0.0,0.0,0.0
2022-01-13 21:05:18.001651,0.0,0.0,0.0
2022-01-13 21:05:18.507363,0.0,0.0,0.0
2022-01-13 21:05:19.005279,0.0,0.0,0.0
2022-01-13 21:05:19.511042,0.0,0.0,0.0
2022-01-13 21:05:20.009077,0.0,0.0,0.0
2022-01-13 21:05:20.504683,0.0,0.0,0.0
2022-01-13 21:05:21.003680,0.0,0.0,0.0
2022-01-13 21:05:21.510685,0.0,0.0,0.0
2022-01-13 21:05:22.010273,0.0,0.0,0.0
2022-01-13 21:05:22.504564,0.0,0.0,0.0
2022-01-13 21:05:23.003221,0.0,0.0,0.0
2022-01-13 21:05:23.508724,0.0,0.0,0.0
2022-01-13 21:05:24.006948,0.0,0.0,0.0
2022-01-13 21:05:24.501274,0.0,0.0,0.0
2022-01-13 21:05:25.009214,0.0,0.0,0.0
2022-01-13 21:05:25.507008,0.0,0.0,0.0
2022-01-13 21:05:26.007369,0.0,0.0,0.0
2022-01-13 21:05:26.501604,0.0,0.0,0.0
2022-01-13 21:05:27.009840,0.0,0.0,0.0
2022-01-13 21:05:27.505622,0.0,0.0,0.0
2022-01-13 21:05:28.005668,0.0,0.0,0.0
2022-01-13 21:05:28.502034,0.0,0.0,0.0
2022-01-13 21:05:29.011031,0.0,0.0,0.0
2022-01-13 21:05:29.506197,0.0,0.0,0.0
2022-01-13 21:05:30.003697,0.0,0.0,0.0
2022-01-13 21:05:30.510081,0.0,0.0,0.0
2022-01-13 21:05:31.007599,0.0,0.0,0.0
2022-01-13 21:05:31.503689,0.0,0.0,0.0
2022-01-13 21:05:32.002621,0.0,0.0,0.0
2022-01-13 21:05:32.509283,0.0,0.0,0.0
2022-01-13 21:05:33.008100,0.0,0.0,0.0
2022-01-13 21:05:33.504629,0.0,0.0,0.0
2022-01-13 21:05:34.002286,0.0,0.0,0.0
2022-01-13 21:05:34.508526,0.0,0.0,0.0
2022-01-13 21:05:35.006535,0.0,0.0,0.0
2022-01-13 21:05:35.501899,0.0,0.0,0.0
2022-01-13 21:05:36.002130,0.0,0.0,0.0
2022-01-13 21:05:36.507303,0.0,0.0,0.0
2022-01-13 21:05:37.006130,0.0,0.0,0.0
2022-01-13 21:05:37.501617,0.0,0.0,0.0
2022-01-13 21:05:38.011010,0.0,0.0,0.0
2022-01-13 21:05:38.506066,0.0,0.0,0.0
2022-01-13 21:05:39.005871,0.0,0.0,0.0
2022-01-13 21:05:39.510925,0.0,0.0,0.0
2022-01-13 21:05:40.009067,0.0,0.0,0.0
2022-01-13 21:05:40.505080,0.0,0.0,0.0
2022-01-13 21:05:41.002360,0.0,0.0,0.0
2022-01-13 21:05:41.506666,0.0,0.0,0.0
2022-01-13 21:05:42.005271,0.0,0.0,0.0
2022-01-13 21:05:42.502457,0.0,0.0,0.0
2022-01-13 21:05:43.001448,0.0,0.0,0.0
2022-01-13 21:05:43.508627,0.0,0.0,0.0
2022-01-13 21:05:44.006772,0.0,0.0,0.0
2022-01-13 21:05:44.501760,0.0,0.0,0.0
2022-01-13 21:05:45.010311,0.0,0.0,0.0
2022-01-13 21:05:45.504750,0.0,0.0,0.0
2022-01-13 21:05:46.002852,0.0,0.0,0.0
2022-01-13 21:05:46.507715,0.0,0.0,0.0
2022-01-13 21:05:47.005838,0.0,0.0,0.0
2022-01-13 21:05:47.502168,0.0,0.0,0.0
2022-01-13 21:05:48.002572,0.0,0.0,0.0
2022-01-13 21:05:48.507101,0.0,0.0,0.0
2022-01-13 21:05:49.006134,0.0,0.0,0.0
2022-01-13 21:05:49.502000,0.0,0.0,0.0
2022-01-13 21:05:50.009731,0.0,0.0,0.0
2022-01-13 21:05:50.505081,0.0,0.0,0.0
2022-01-13 21:05:51.004303,0.0,0.0,0.0
2022-01-13 21:05:51.509775,0.0,0.0,0.0
2022-01-13 21:05:52.008496,0.0,0.0,0.0
2022-01-13 21:05:52.504488,0.0,0.0,0.0
2022-01-13 21:05:53.002926,0.0,0.0,0.0
2022-01-13 21:05:53.510063,0.0,0.0,0.0
2022-01-13 21:05:54.007987,0.0,0.0,0.0
2022-01-13 21:05:54.503170,0.0,0.0,0.0
2022-01-13 21:05:55.010860,0.0,0.0,0.0
2022-01-13 21:05:55.505224,0.0,0.0,0.0
2022-01-13 21:05:56.002444,0.0,0.0,0.0
2022-01-13 21:05:56.510361,0.0,0.0,0.0
2022-01-13 21:05:57.009603,0.0,0.0,0.0
2022-01-13 21:05:57.505146,0.0,0.0,0.0
2022-01-13 21:05:58.002751,0.0,0.0,0.0
2022-01-13 21:05:58.506975,0.0,0.0,0.0
2022-01-13 21:05:59.005791,0.0,0.0,0.0
2022-01-13 21:05:59.509844,0.0,0.0,0.0
2022-01-13 21:06:00.006411,0.0,0.0,0.0
2022-01-13 21:06:00.502374,0.0,0.0,0.0
2022-01-13 21:06:01.002117,0.0,0.0,0.0
2022-01-13 21:06:01.507429,0.0,0.0,0.0
2022-01-13 21:06:02.006135,0.0,0.0,0.0
2022-01-13 21:06:02.501659,0.0,0.0,0.0
2022-01-13 21:06:03.010306,0.0,0.0,0.0
2022-01-13 21:06:03.504984,0.0,0.0,0.0
2022-01-13 21:06:04.001964,0.0,0.0,0.0
2022-01-13 21:06:04.508060,0.0,0.0,0.0
2022-01-13 21:06:05.005488,0.0,0.0,0.0
2022-01-13 21:06:05.502985,0.0,0.0,0.0
2022-01-13 21:06:06.010825,0.0,0.0,0.0
2022-01-13 21:06:06.506224,0.0,0.0,0.0
2022-01-13 21:06:07.004880,0.0,0.0,0.0
2022-01-13 21:06:07.509334,0.0,0.0,0.0
2022-01-13 21:06:08.005659,0.0,0.0,0.0
2022-01-13 21:06:08.510897,0.0,0.0,0.0
2022-01-13 21:06:09.008823,0.0,0.0,0.0
2022-01-13 21:06:09.503466,0.0,0.0,0.0
2022-01-13 21:06:10.003478,0.0,0.0,0.0
2022-01-13 21:06:10.509350,0.0,0.0,0.0
2022-01-13 21:06:11.006993,0.0,0.0,0.0
2022-01-13 21:06:11.501596,0.0,0.0,0.0
2022-01-13 21:06:12.009232,0.0,0.0,0.0
2022-01-13 21:06:12.504334,0.0,0.0,0.0
2022-01-13 21:06:13.001886,0.0,0.0,0.0
2022-01-13 21:06:13.507318,0.0,0.0,0.0
2022-01-13 21:06:14.007167,0.0,0.0,0.0
2022-01-13 21:06:14.503646,0.0,0.0,0.0
2022-01-13 21:06:15.001318,0.0,0.0,0.0
2022-01-13 21:06:15.506352,0.0,0.0,0.0
2022-01-13 21:06:16.005764,0.0,0.0,0.0
2022-01-13 21:06:16.510249,0.0,0.0,0.0
2022-01-13 21:06:17.008707,0.0,0.0,0.0
2022-01-13 21:06:17.503449,0.0,0.0,0.0
2022-01-13 21:06:18.002872,0.0,0.0,0.0
2022-01-13 21:06:18.509836,0.0,0.0,0.0
2022-01-13 21:06:19.009040,0.0,0.0,0.0
2022-01-13 21:06:19.505055,0.0,0.0,0.0
2022-01-13 21:06:20.003193,0.0,0.0,0.0
2022-01-13 21:06:20.510030,0.0,0.0,0.0
2022-01-13 21:06:21.009381,0.0,0.0,0.0
2022-01-13 21:06:21.503756,0.0,0.0,0.0
2022-01-13 21:06:22.001544,0.0,0.0,0.0
2022-01-13 21:06:22.505953,0.0,0.0,0.0
2022-01-13 21:06:23.003831,0.0,0.0,0.0
2022-01-13 21:06:23.510119,0.0,0.0,0.0
2022-01-13 21:06:24.006860,0.0,0.0,0.0
2022-01-13 21:06:24.502584,0.0,0.0,0.0
2022-01-13 21:06:25.010280,0.0,0.0,0.0
2022-01-13 21:06:25.505036,0.0,0.0,0.0
2022-01-13 21:06:26.002543,0.0,0.0,0.0
2022-01-13 21:06:26.508284,0.0,0.0,0.0
2022-01-13 21:06:27.007856,0.0,0.0,0.0
2022-01-13 21:06:27.504454,0.0,0.0,0.0
2022-01-13 21:06:28.003388,0.0,0.0,0.0
2022-01-13 21:06:28.507281,0.0,0.0,0.0
2022-01-13 21:06:29.005220,0.0,0.0,0.0
2022-01-13 21:06:29.510538,0.0,0.0,0.0
2022-01-13 21:06:30.009127,0.0,0.0,0.0
2022-01-13 21:06:30.503892,0.0,0.0,0.0
2022-01-13 21:06:31.001128,0.0,0.0,0.0
2022-01-13 21:06:31.506289,0.0,0.0,0.0
2022-01-13 21:06:32.004166,0.0,0.0,0.0
2022-01-13 21:06:32.510792,0.0,0.0,0.0
2022-01-13 21:06:33.008870,0.0,0.0,0.0
2022-01-13 21:06:33.503820,0.0,0.0,0.0
2022-01-13 21:06:34.001721,0.0,0.0,0.0
2022-01-13 21:06:34.506655,0.0,0.0,0.0
2022-01-13 21:06:35.005816,0.0,0.0,0.0
2022-01-13 21:06:35.510902,0.0,0.0,0.0
2022-01-13 21:06:36.010499,0.0,0.0,0.0
2022-01-13 21:06:36.505605,0.0,0.0,0.0
2022-01-13 21:06:37.006670,0.0,0.0,0.0
2022-01-13 21:06:37.502781,0.0,0.0,0.0
2022-01-13 21:06:38.001025,0.0,0.0,0.0
2022-01-13 21:06:38.506134,0.0,0.0,0.0
2022-01-13 21:06:39.004267,0.0,0.0,0.0
2022-01-13 21:06:39.510514,0.0,0.0,0.0
2022-01-13 21:06:40.008482,0.0,0.0,0.0
2022-01-13 21:06:40.502898,0.0,0.0,0.0
2022-01-13 21:06:41.011141,0.0,0.0,0.0
2022-01-13 21:06:41.506872,0.0,0.0,0.0
2022-01-13 21:06:42.005537,0.0,0.0,0.0
2022-01-13 21:06:42.509140,0.0,0.0,0.0
2022-01-13 21:06:43.010647,0.0,0.0,0.0
2022-01-13 21:06:43.505769,0.0,0.0,0.0
2022-01-13 21:06:44.004634,0.0,0.0,0.0
2022-01-13 21:06:44.508975,0.0,0.0,0.0
2022-01-13 21:06:45.007704,0.0,0.0,0.0
2022-01-13 21:06:45.504669,0.0,0.0,0.0
2022-01-13 21:06:46.003057,0.0,0.0,0.0
2022-01-13 21:06:46.509807,0.0,0.0,0.0
2022-01-13 21:06:47.007875,0.0,0.0,0.0
2022-01-13 21:06:47.502695,0.0,0.0,0.0
2022-01-13 21:06:48.002448,0.0,0.0,0.0
2022-01-13 21:06:48.507541,0.0,0.0,0.0
2022-01-13 21:06:49.005198,0.0,0.0,0.0
2022-01-13 21:06:49.510309,0.0,0.0,0.0
2022-01-13 21:06:50.007564,0.0,0.0,0.0
2022-01-13 21:06:50.503862,0.0,0.0,0.0
2022-01-13 21:06:51.002644,0.0,0.0,0.0
2022-01-13 21:06:51.507697,0.0,0.0,0.0
2022-01-13 21:06:52.005884,0.0,0.0,0.0
2022-01-13 21:06:52.511187,0.0,0.0,0.0
2022-01-13 21:06:53.008708,0.0,0.0,0.0
2022-01-13 21:06:53.502794,0.0,0.0,0.0
2022-01-13 21:06:54.002244,0.0,0.0,0.0
2022-01-13 21:06:54.507849,0.0,0.0,0.0
2022-01-13 21:06:55.007308,0.0,0.0,0.0
2022-01-13 21:06:55.501834,0.0,0.0,0.0
2022-01-13 21:06:56.010237,0.0,0.0,0.0
2022-01-13 21:06:56.505437,0.0,0.0,0.0
2022-01-13 21:06:57.003408,0.0,0.0,0.0
2022-01-13 21:06:57.507011,0.0,0.0,0.0
2022-01-13 21:06:58.004555,0.0,0.0,0.0
2022-01-13 21:06:58.509119,0.0,0.0,0.0
2022-01-13 21:06:59.007133,0.0,0.0,0.0
2022-01-13 21:06:59.504890,0.0,0.0,0.0
2022-01-13 21:07:00.003422,0.0,0.0,0.0
2022-01-13 21:07:00.511010,0.0,0.0,0.0
2022-01-13 21:07:01.010409,0.0,0.0,0.0
2022-01-13 21:07:01.505729,0.0,0.0,0.0
2022-01-13 21:07:02.004242,0.0,0.0,0.0
2022-01-13 21:07:02.508196,0.0,0.0,0.0
2022-01-13 21:07:03.007092,0.0,0.0,0.0
2022-01-13 21:07:03.502674,0.0,0.0,0.0
2022-01-13 21:07:04.009505,0.0,0.0,0.0
2022-01-13 21:07:04.504087,0.0,0.0,0.0
2022-01-13 21:07:05.001565,0.0,0.0,0.0
2022-01-13 21:07:05.506896,0.0,0.0,0.0
2022-01-13 21:07:06.004854,0.0,0.0,0.0
2022-01-13 21:07:06.501228,0.0,0.0,0.0
2022-01-13 21:07:07.008197,0.0,0.0,0.0
2022-01-13 21:07:07.505558,0.0,0.0,0.0
2022-01-13 21:07:08.002566,0.0,0.0,0.0
2022-01-13 21:07:08.508894,0.0,0.0,0.0
2022-01-13 21:07:09.006124,0.0,0.0,0.0
2022-01-13 21:07:09.501497,0.0,0.0,0.0
2022-01-13 21:07:10.009395,0.0,0.0,0.0
2022-01-13 21:07:10.504614,0.0,0.0,0.0
2022-01-13 21:07:11.002177,0.0,0.0,0.0
2022-01-13 21:07:11.507458,0.0,0.0,0.0
2022-01-13 21:07:12.007405,0.0,0.0,0.0
2022-01-13 21:07:12.503636,0.0,0.0,0.0
2022-01-13 21:07:13.001704,0.0,0.0,0.0
2022-01-13 21:07:13.504796,0.0,0.0,0.0
2022-01-13 21:07:14.001666,0.0,0.0,0.0
2022-01-13 21:07:14.507146,0.0,0.0,0.0
2022-01-13 21:07:15.010683,0.0,0.0,0.0
2022-01-13 21:07:15.506204,0.0,0.0,0.0
2022-01-13 21:07:16.005560,0.0,0.0,0.0
2022-01-13 21:07:16.510540,0.0,0.0,0.0
2022-01-13 21:07:17.011116,0.0,0.0,0.0
2022-01-13 21:07:17.507317,0.0,0.0,0.0
2022-01-13 21:07:18.006642,0.0,0.0,0.0
2022-01-13 21:07:18.501663,0.0,0.0,0.0
2022-01-13 21:07:19.008560,0.0,0.0,0.0
2022-01-13 21:07:19.503964,0.0,0.0,0.0
2022-01-13 21:07:20.002181,0.0,0.0,0.0
2022-01-13 21:07:20.509387,0.0,0.0,0.0
2022-01-13 21:07:21.007212,0.0,0.0,0.0
2022-01-13 21:07:21.502838,0.0,0.0,0.0
2022-01-13 21:07:22.001630,0.0,0.0,0.0
2022-01-13 21:07:22.507516,0.0,0.0,0.0
2022-01-13 21:07:23.005977,0.0,0.0,0.0
2022-01-13 21:07:23.510982,0.0,0.0,0.0
2022-01-13 21:07:24.009532,0.0,0.0,0.0
2022-01-13 21:07:24.504321,0.0,0.0,0.0
2022-01-13 21:07:25.004101,0.0,0.0,0.0
2022-01-13 21:07:25.508313,0.0,0.0,0.0
2022-01-13 21:07:26.006443,0.0,0.0,0.0
2022-01-13 21:07:26.511132,0.0,0.0,0.0
2022-01-13 21:07:27.008713,0.0,0.0,0.0
2022-01-13 21:07:27.505162,0.0,0.0,0.0
2022-01-13 21:07:28.002670,0.0,0.0,0.0
2022-01-13 21:07:28.507174,0.0,0.0,0.0
2022-01-13 21:07:29.006007,0.0,0.0,0.0
2022-01-13 21:07:29.501766,0.0,0.0,0.0
2022-01-13 21:07:30.010745,0.0,0.0,0.0
2022-01-13 21:07:30.501405,0.0,0.0,0.0
2022-01-13 21:07:31.010003,0.0,0.0,0.0
2022-01-13 21:07:31.505027,0.0,0.0,0.0
2022-01-13 21:07:32.002852,0.0,0.0,0.0
2022-01-13 21:07:32.508170,0.0,0.0,0.0
2022-01-13 21:07:33.005485,0.0,0.0,0.0
2022-01-13 21:07:33.501454,0.0,0.0,0.0
2022-01-13 21:07:34.002756,0.0,0.0,0.0
2022-01-13 21:07:34.508328,0.0,0.0,0.0
2022-01-13 21:07:35.005643,0.0,0.0,0.0
2022-01-13 21:07:35.510351,0.0,0.0,0.0
2022-01-13 21:07:36.007844,0.0,0.0,0.0
2022-01-13 21:07:36.504307,0.0,0.0,0.0
2022-01-13 21:07:37.001963,0.0,0.0,0.0
2022-01-13 21:07:37.506923,0.0,0.0,0.0
2022-01-13 21:07:38.006220,0.0,0.0,0.0
2022-01-13 21:07:38.502756,0.0,0.0,0.0
2022-01-13 21:07:39.001783,0.0,0.0,0.0
2022-01-13 21:07:39.507668,0.0,0.0,0.0
2022-01-13 21:07:40.005197,0.0,0.0,0.0
2022-01-13 21:07:40.501157,0.0,0.0,0.0
2022-01-13 21:07:41.009192,0.0,0.0,0.0
2022-01-13 21:07:41.504144,0.0,0.0,0.0
2022-01-13 21:07:42.001510,0.0,0.0,0.0
2022-01-13 21:07:42.506264,0.0,0.0,0.0
2022-01-13 21:07:43.005193,0.0,0.0,0.0
2022-01-13 21:07:43.509983,0.0,0.0,0.0
2022-01-13 21:07:44.007862,0.0,0.0,0.0
2022-01-13 21:07:44.502767,0.0,0.0,0.0
2022-01-13 21:07:45.011111,0.0,0.0,0.0
2022-01-13 21:07:45.506262,0.0,0.0,0.0
2022-01-13 21:07:46.005629,0.0,0.0,0.0
2022-01-13 21:07:47.005758,0.0,0.0,0.0
2022-01-13 21:07:47.501684,0.0,0.0,0.0
2022-01-13 21:07:48.010530,0.0,0.0,0.0
2022-01-13 21:07:48.505028,0.0,0.0,0.0
2022-01-13 21:07:49.003696,0.0,0.0,0.0
2022-01-13 21:07:49.508616,0.0,0.0,0.0
2022-01-13 21:07:50.006569,0.0,0.0,0.0
2022-01-13 21:07:50.501645,0.0,0.0,0.0
2022-01-13 21:07:51.009599,0.0,0.0,0.0
2022-01-13 21:07:51.502997,0.0,0.0,0.0
2022-01-13 21:07:52.010986,0.0,0.0,0.0
2022-01-13 21:07:52.508585,0.0,0.0,0.0
2022-01-13 21:07:53.008531,0.0,0.0,0.0
2022-01-13 21:07:53.504340,0.0,0.0,0.0
2022-01-13 21:07:54.003071,0.0,0.0,0.0
2022-01-13 21:07:54.507303,0.0,0.0,0.0
2022-01-13 21:07:55.005048,0.0,0.0,0.0
2022-01-13 21:07:55.509896,0.0,0.0,0.0
2022-01-13 21:07:56.007854,0.0,0.0,0.0
2022-01-13 21:07:56.503747,0.0,0.0,0.0
2022-01-13 21:07:57.001458,0.0,0.0,0.0
2022-01-13 21:07:57.507942,0.0,0.0,0.0
2022-01-13 21:07:58.005351,0.0,0.0,0.0
2022-01-13 21:07:59.005322,0.0,0.0,0.0
2022-01-13 21:07:59.509533,0.0,0.0,0.0
2022-01-13 21:08:00.006274,0.0,0.0,0.0
2022-01-13 21:08:00.510676,0.0,0.0,0.0
2022-01-13 21:08:01.009477,0.0,0.0,0.0
2022-01-13 21:08:01.505124,0.0,0.0,0.0
2022-01-13 21:08:02.003395,0.0,0.0,0.0
2022-01-13 21:08:02.508332,0.0,0.0,0.0
2022-01-13 21:08:03.006867,0.0,0.0,0.0
2022-01-13 21:08:03.501326,0.0,0.0,0.0
2022-01-13 21:08:04.009847,0.0,0.0,0.0
2022-01-13 21:08:04.504846,0.0,0.0,0.0
2022-01-13 21:08:05.002826,0.0,0.0,0.0
2022-01-13 21:08:05.509438,0.0,0.0,0.0
2022-01-13 21:08:06.005544,0.0,0.0,0.0
2022-01-13 21:08:06.502194,0.0,0.0,0.0
2022-01-13 21:08:07.010309,0.0,0.0,0.0
2022-01-13 21:08:07.504683,0.0,0.0,0.0
2022-01-13 21:08:08.002316,0.0,0.0,0.0
2022-01-13 21:08:08.507893,0.0,0.0,0.0
2022-01-13 21:08:09.005554,0.0,0.0,0.0
2022-01-13 21:08:09.510998,0.0,0.0,0.0
2022-01-13 21:08:10.009553,0.0,0.0,0.0
2022-01-13 21:08:10.503181,0.0,0.0,0.0
2022-01-13 21:08:11.004114,0.0,0.0,0.0
2022-01-13 21:08:11.510092,0.0,0.0,0.0
2022-01-13 21:08:12.008724,0.0,0.0,0.0
2022-01-13 21:08:12.505115,0.0,0.0,0.0
2022-01-13 21:08:13.002175,0.0,0.0,0.0
2022-01-13 21:08:13.505575,0.0,0.0,0.0
2022-01-13 21:08:14.004596,0.0,0.0,0.0
2022-01-13 21:08:14.510803,0.0,0.0,0.0
2022-01-13 21:08:15.010109,0.0,0.0,0.0
2022-01-13 21:08:15.507043,0.0,0.0,0.0
2022-01-13 21:08:16.005574,0.0,0.0,0.0
2022-01-13 21:08:16.501617,0.0,0.0,0.0
2022-01-13 21:08:17.505579,0.0,0.0,0.0
2022-01-13 21:08:18.004341,0.0,0.0,0.0
2022-01-13 21:08:18.509082,0.0,0.0,0.0
2022-01-13 21:08:19.006278,0.0,0.0,0.0
2022-01-13 21:08:19.510935,0.0,0.0,0.0
2022-01-13 21:08:20.010138,0.0,0.0,0.0
2022-01-13 21:08:20.506604,0.0,0.0,0.0
2022-01-13 21:08:21.004855,0.0,0.0,0.0
2022-01-13 21:08:21.501569,0.0,0.0,0.0
2022-01-13 21:08:22.010155,0.0,0.0,0.0
2022-01-13 21:08:22.506134,0.0,0.0,0.0
2022-01-13 21:08:23.004848,0.0,0.0,0.0
2022-01-13 21:08:24.005478,0.0,0.0,0.0
2022-01-13 21:08:24.510834,0.0,0.0,0.0
2022-01-13 21:08:25.010678,0.0,0.0,0.0
2022-01-13 21:08:25.505608,0.0,0.0,0.0
2022-01-13 21:08:26.003245,0.0,0.0,0.0
2022-01-13 21:08:26.508543,0.0,0.0,0.0
2022-01-13 21:08:27.006083,0.0,0.0,0.0
2022-01-13 21:08:27.511003,0.0,0.0,0.0
2022-01-13 21:08:28.008454,0.0,0.0,0.0
2022-01-13 21:08:28.504246,0.0,0.0,0.0
2022-01-13 21:08:29.002010,0.0,0.0,0.0
2022-01-13 21:08:29.510077,0.0,0.0,0.0
2022-01-13 21:08:30.007831,0.0,0.0,0.0
2022-01-13 21:08:30.502985,0.0,0.0,0.0
2022-01-13 21:08:31.009773,0.0,0.0,0.0
2022-01-13 21:08:31.506100,0.0,0.0,0.0
2022-01-13 21:08:32.003733,0.0,0.0,0.0
2022-01-13 21:08:32.510368,0.0,0.0,0.0
2022-01-13 21:08:33.010077,0.0,0.0,0.0
2022-01-13 21:08:33.503653,0.0,0.0,0.0
2022-01-13 21:08:34.003680,0.0,0.0,0.0
2022-01-13 21:08:34.509425,0.0,0.0,0.0
2022-01-13 21:08:35.007391,0.0,0.0,0.0
2022-01-13 21:08:35.502199,0.0,0.0,0.0
2022-01-13 21:08:36.001017,0.0,0.0,0.0
2022-01-13 21:08:36.505611,0.0,0.0,0.0
2022-01-13 21:08:37.005350,0.0,0.0,0.0
2022-01-13 21:08:37.509474,0.0,0.0,0.0
2022-01-13 21:08:38.007437,0.0,0.0,0.0
2022-01-13 21:08:38.503941,0.0,0.0,0.0
2022-01-13 21:08:39.002393,0.0,0.0,0.0
2022-01-13 21:08:39.506975,0.0,0.0,0.0
2022-01-13 21:08:40.004321,0.0,0.0,0.0
2022-01-13 21:08:40.509164,0.0,0.0,0.0
2022-01-13 21:08:41.006606,0.0,0.0,0.0
2022-01-13 21:08:41.501911,0.0,0.0,0.0
2022-01-13 21:08:42.010544,0.0,0.0,0.0
2022-01-13 21:08:42.506120,0.0,0.0,0.0
2022-01-13 21:08:43.005193,0.0,0.0,0.0
2022-01-13 21:08:43.501198,0.0,0.0,0.0
2022-01-13 21:08:44.001980,0.0,0.0,0.0
2022-01-13 21:08:44.507546,0.0,0.0,0.0
2022-01-13 21:08:45.007115,0.0,0.0,0.0
2022-01-13 21:08:45.501680,0.0,0.0,0.0
2022-01-13 21:08:46.009930,0.0,0.0,0.0
2022-01-13 21:08:46.504926,0.0,0.0,0.0
2022-01-13 21:08:47.004054,0.0,0.0,0.0
2022-01-13 21:08:47.511047,0.0,0.0,0.0
2022-01-13 21:08:48.009501,0.0,0.0,0.0
2022-01-13 21:08:48.504951,0.0,0.0,0.0
2022-01-13 21:08:49.002747,0.0,0.0,0.0
2022-01-13 21:08:49.508144,0.0,0.0,0.0
2022-01-13 21:08:50.006196,0.0,0.0,0.0
2022-01-13 21:08:50.511082,0.0,0.0,0.0
2022-01-13 21:08:51.010165,0.0,0.0,0.0
2022-01-13 21:08:51.505313,0.0,0.0,0.0
2022-01-13 21:08:52.005471,0.0,0.0,0.0
2022-01-13 21:08:52.510773,0.0,0.0,0.0
2022-01-13 21:08:53.008532,0.0,0.0,0.0
2022-01-13 21:08:53.503363,0.0,0.0,0.0
2022-01-13 21:08:54.002708,0.0,0.0,0.0
2022-01-13 21:08:54.508486,0.0,0.0,0.0
2022-01-13 21:08:55.006937,0.0,0.0,0.0
2022-01-13 21:08:55.511274,0.0,0.0,0.0
2022-01-13 21:08:56.008949,0.0,0.0,0.0
2022-01-13 21:08:56.505519,0.0,0.0,0.0
2022-01-13 21:08:57.002989,0.0,0.0,0.0
2022-01-13 21:08:57.506824,0.0,0.0,0.0
2022-01-13 21:08:58.004219,0.0,0.0,0.0
2022-01-13 21:08:58.508649,0.0,0.0,0.0
2022-01-13 21:08:59.005472,0.0,0.0,0.0
2022-01-13 21:08:59.510712,0.0,0.0,0.0
2022-01-13 21:09:00.008659,0.0,0.0,0.0
2022-01-13 21:09:00.504101,0.0,0.0,0.0
2022-01-13 21:09:01.002299,0.0,0.0,0.0
2022-01-13 21:09:01.506746,0.0,0.0,0.0
2022-01-13 21:09:02.004698,0.0,0.0,0.0
2022-01-13 21:09:02.510248,0.0,0.0,0.0
2022-01-13 21:09:03.008156,0.0,0.0,0.0
2022-01-13 21:09:03.502069,0.0,0.0,0.0
2022-01-13 21:09:04.001360,0.0,0.0,0.0
2022-01-13 21:09:04.507046,0.0,0.0,0.0
2022-01-13 21:09:05.006667,0.0,0.0,0.0
2022-01-13 21:09:05.501760,0.0,0.0,0.0
2022-01-13 21:09:06.009562,0.0,0.0,0.0
2022-01-13 21:09:06.504523,0.0,0.0,0.0
2022-01-13 21:09:07.003290,0.0,0.0,0.0
2022-01-13 21:09:07.507865,0.0,0.0,0.0
2022-01-13 21:09:08.006190,0.0,0.0,0.0
2022-01-13 21:09:08.510758,0.0,0.0,0.0
2022-01-13 21:09:09.010195,0.0,0.0,0.0
2022-01-13 21:09:09.506165,0.0,0.0,0.0
2022-01-13 21:09:10.003134,0.0,0.0,0.0
2022-01-13 21:09:10.508203,0.0,0.0,0.0
2022-01-13 21:09:11.007013,0.0,0.0,0.0
2022-01-13 21:09:11.502546,0.0,0.0,0.0
2022-01-13 21:09:12.010930,0.0,0.0,0.0
2022-01-13 21:09:12.506310,0.0,0.0,0.0
2022-01-13 21:09:13.003891,0.0,0.0,0.0
2022-01-13 21:09:13.501333,0.0,0.0,0.0
2022-01-13 21:09:14.009812,0.0,0.0,0.0
2022-01-13 21:09:14.504974,0.0,0.0,0.0
2022-01-13 21:09:15.004728,0.0,0.0,0.0
2022-01-13 21:09:15.508858,0.0,0.0,0.0
2022-01-13 21:09:16.006466,0.0,0.0,0.0
2022-01-13 21:09:16.501274,0.0,0.0,0.0
2022-01-13 21:09:17.010785,0.0,0.0,0.0
2022-01-13 21:09:17.505861,0.0,0.0,0.0
2022-01-13 21:09:18.005172,0.0,0.0,0.0
2022-01-13 21:09:18.509869,0.0,0.0,0.0
2022-01-13 21:09:19.008759,0.0,0.0,0.0
2022-01-13 21:09:19.502736,0.0,0.0,0.0
2022-01-13 21:09:20.001574,0.0,0.0,0.0
2022-01-13 21:09:20.506881,0.0,0.0,0.0
2022-01-13 21:09:21.004125,0.0,0.0,0.0
2022-01-13 21:09:21.509176,0.0,0.0,0.0
2022-01-13 21:09:22.006677,0.0,0.0,0.0
2022-01-13 21:09:22.504139,0.0,0.0,0.0
2022-01-13 21:09:23.002150,0.0,0.0,0.0
2022-01-13 21:09:23.510015,0.0,0.0,0.0
2022-01-13 21:09:24.006710,0.0,0.0,0.0
2022-01-13 21:09:24.503350,0.0,0.0,0.0
2022-01-13 21:09:25.001553,0.0,0.0,0.0
2022-01-13 21:09:25.507673,0.0,0.0,0.0
2022-01-13 21:09:26.005677,0.0,0.0,0.0
2022-01-13 21:09:26.511235,0.0,0.0,0.0
2022-01-13 21:09:27.010145,0.0,0.0,0.0
2022-01-13 21:09:27.505509,0.0,0.0,0.0
2022-01-13 21:09:28.004482,0.0,0.0,0.0
2022-01-13 21:09:28.508723,0.0,0.0,0.0
2022-01-13 21:09:29.007004,0.0,0.0,0.0
2022-01-13 21:09:29.505658,0.0,0.0,0.0
2022-01-13 21:09:30.003626,0.0,0.0,0.0
2022-01-13 21:09:30.508630,0.0,0.0,0.0
2022-01-13 21:09:31.007024,0.0,0.0,0.0
2022-01-13 21:09:31.503549,0.0,0.0,0.0
2022-01-13 21:09:32.002324,0.0,0.0,0.0
2022-01-13 21:09:32.505527,0.0,0.0,0.0
2022-01-13 21:09:33.003059,0.0,0.0,0.0
2022-01-13 21:09:33.507670,0.0,0.0,0.0
2022-01-13 21:09:34.004173,0.0,0.0,0.0
2022-01-13 21:09:34.508667,0.0,0.0,0.0
2022-01-13 21:09:35.006686,0.0,0.0,0.0
2022-01-13 21:09:35.501709,0.0,0.0,0.0
2022-01-13 21:09:36.002027,0.0,0.0,0.0
2022-01-13 21:09:36.508747,0.0,0.0,0.0
2022-01-13 21:09:37.006563,0.0,0.0,0.0
2022-01-13 21:09:37.502354,0.0,0.0,0.0
2022-01-13 21:09:38.010948,0.0,0.0,0.0
2022-01-13 21:09:38.506238,0.0,0.0,0.0
2022-01-13 21:09:39.004641,0.0,0.0,0.0
2022-01-13 21:09:39.510377,0.0,0.0,0.0
2022-01-13 21:09:40.008131,0.0,0.0,0.0
2022-01-13 21:09:40.504507,0.0,0.0,0.0
2022-01-13 21:09:41.002832,0.0,0.0,0.0
2022-01-13 21:09:41.508165,0.0,0.0,0.0
2022-01-13 21:09:42.006786,0.0,0.0,0.0
2022-01-13 21:09:42.501591,0.0,0.0,0.0
2022-01-13 21:09:43.009069,0.0,0.0,0.0
2022-01-13 21:09:43.504262,0.0,0.0,0.0
2022-01-13 21:09:44.001907,0.0,0.0,0.0
2022-01-13 21:09:44.507895,0.0,0.0,0.0
2022-01-13 21:09:45.006690,0.0,0.0,0.0
2022-01-13 21:09:45.501427,0.0,0.0,0.0
2022-01-13 21:09:46.008625,0.0,0.0,0.0
2022-01-13 21:09:46.503458,0.0,0.0,0.0
2022-01-13 21:09:47.001542,0.0,0.0,0.0
2022-01-13 21:09:47.506082,0.0,0.0,0.0
2022-01-13 21:09:48.003687,0.0,0.0,0.0
2022-01-13 21:09:48.509502,0.0,0.0,0.0
2022-01-13 21:09:49.007889,0.0,0.0,0.0
2022-01-13 21:09:49.503097,0.0,0.0,0.0
2022-01-13 21:09:50.001144,0.0,0.0,0.0
2022-01-13 21:09:50.506206,0.0,0.0,0.0
2022-01-13 21:09:51.005814,0.0,0.0,0.0
2022-01-13 21:09:51.511311,0.0,0.0,0.0
2022-01-13 21:09:52.008505,0.0,0.0,0.0
2022-01-13 21:09:52.503070,0.0,0.0,0.0
2022-01-13 21:09:53.002084,0.0,0.0,0.0
2022-01-13 21:09:53.507005,0.0,0.0,0.0
2022-01-13 21:09:54.006175,0.0,0.0,0.0
2022-01-13 21:09:54.510704,0.0,0.0,0.0
2022-01-13 21:09:55.007932,0.0,0.0,0.0
2022-01-13 21:09:55.502357,0.0,0.0,0.0
2022-01-13 21:09:56.002100,0.0,0.0,0.0
2022-01-13 21:09:56.507524,0.0,0.0,0.0
2022-01-13 21:09:57.005915,0.0,0.0,0.0
2022-01-13 21:09:57.503240,0.0,0.0,0.0
2022-01-13 21:09:58.002125,0.0,0.0,0.0
2022-01-13 21:09:58.509014,0.0,0.0,0.0
2022-01-13 21:09:59.006548,0.0,0.0,0.0
2022-01-13 21:09:59.501676,0.0,0.0,0.0
2022-01-13 21:10:00.004887,0.0,0.0,0.0
2022-01-13 21:10:00.502351,0.0,0.0,0.0
2022-01-13 21:10:01.010065,0.0,0.0,0.0
2022-01-13 21:10:01.505435,0.0,0.0,0.0
2022-01-13 21:10:02.003194,0.0,0.0,0.0
2022-01-13 21:10:02.501155,0.0,0.0,0.0
2022-01-13 21:10:03.010035,0.0,0.0,0.0
2022-01-13 21:10:03.506014,0.0,0.0,0.0
2022-01-13 21:10:04.005196,0.0,0.0,0.0
2022-01-13 21:10:04.509612,0.0,0.0,0.0
2022-01-13 21:10:05.006936,0.0,0.0,0.0
2022-01-13 21:10:05.502994,0.0,0.0,0.0
2022-01-13 21:10:06.001408,0.0,0.0,0.0
2022-01-13 21:10:06.510364,0.0,0.0,0.0
2022-01-13 21:10:07.009562,0.0,0.0,0.0
2022-01-13 21:10:07.505878,0.0,0.0,0.0
2022-01-13 21:10:08.003942,0.0,0.0,0.0
2022-01-13 21:10:08.510388,0.0,0.0,0.0
2022-01-13 21:10:09.009741,0.0,0.0,0.0
2022-01-13 21:10:09.504959,0.0,0.0,0.0
2022-01-13 21:10:10.002096,0.0,0.0,0.0
2022-01-13 21:10:10.507818,0.0,0.0,0.0
2022-01-13 21:10:11.007190,0.0,0.0,0.0
2022-01-13 21:10:11.502757,0.0,0.0,0.0
2022-01-13 21:10:12.001390,0.0,0.0,0.0
2022-01-13 21:10:12.507311,0.0,0.0,0.0
2022-01-13 21:10:13.005956,0.0,0.0,0.0
2022-01-13 21:10:13.502097,0.0,0.0,0.0
2022-01-13 21:10:14.003121,0.0,0.0,0.0
2022-01-13 21:10:14.507335,0.0,0.0,0.0
2022-01-13 21:10:15.006220,0.0,0.0,0.0
2022-01-13 21:10:15.503585,0.0,0.0,0.0
2022-01-13 21:10:16.002965,0.0,0.0,0.0
2022-01-13 21:10:16.508577,0.0,0.0,0.0
2022-01-13 21:10:17.006953,0.0,0.0,0.0
2022-01-13 21:10:17.502716,0.0,0.0,0.0
2022-01-13 21:10:18.001582,0.0,0.0,0.0
2022-01-13 21:10:18.506855,0.0,0.0,0.0
2022-01-13 21:10:19.005175,0.0,0.0,0.0
2022-01-13 21:10:19.501673,0.0,0.0,0.0
2022-01-13 21:10:20.009502,0.0,0.0,0.0
2022-01-13 21:10:20.506026,0.0,0.0,0.0
2022-01-13 21:10:21.004799,0.0,0.0,0.0
2022-01-13 21:10:21.505444,0.0,0.0,0.0
2022-01-13 21:10:22.004182,0.0,0.0,0.0
2022-01-13 21:10:22.502019,0.0,0.0,0.0
2022-01-13 21:10:23.002075,0.0,0.0,0.0
2022-01-13 21:10:23.507982,0.0,0.0,0.0
2022-01-13 21:10:24.007655,0.0,0.0,0.0
2022-01-13 21:10:24.504115,0.0,0.0,0.0
2022-01-13 21:10:25.002583,0.0,0.0,0.0
2022-01-13 21:10:25.507167,0.0,0.0,0.0
2022-01-13 21:10:26.005195,0.0,0.0,0.0
2022-01-13 21:10:26.502184,0.0,0.0,0.0
2022-01-13 21:10:27.001431,0.0,0.0,0.0
2022-01-13 21:10:27.506588,0.0,0.0,0.0
2022-01-13 21:10:28.006305,0.0,0.0,0.0
2022-01-13 21:10:28.511059,0.0,0.0,0.0
2022-01-13 21:10:29.001601,0.0,0.0,0.0
2022-01-13 21:10:29.506611,0.0,0.0,0.0
2022-01-13 21:10:30.005301,0.0,0.0,0.0
2022-01-13 21:10:30.501285,0.0,0.0,0.0
2022-01-13 21:10:31.008702,0.0,0.0,0.0
2022-01-13 21:10:31.502524,0.0,0.0,0.0
2022-01-13 21:10:32.001704,0.0,0.0,0.0
2022-01-13 21:10:32.507141,0.0,0.0,0.0
2022-01-13 21:10:33.006201,0.0,0.0,0.0
2022-01-13 21:10:33.503355,0.0,0.0,0.0
2022-01-13 21:10:34.011088,0.0,0.0,0.0
2022-01-13 21:10:34.507686,0.0,0.0,0.0
2022-01-13 21:10:35.005858,0.0,0.0,0.0
2022-01-13 21:10:35.510863,0.0,0.0,0.0
2022-01-13 21:10:36.009027,0.0,0.0,0.0
2022-01-13 21:10:36.504780,0.0,0.0,0.0
2022-01-13 21:10:37.002165,0.0,0.0,0.0
2022-01-13 21:10:37.508016,0.0,0.0,0.0
2022-01-13 21:10:38.007186,0.0,0.0,0.0
2022-01-13 21:10:38.502252,0.0,0.0,0.0
2022-01-13 21:10:39.010928,0.0,0.0,0.0
2022-01-13 21:10:39.506552,0.0,0.0,0.0
2022-01-13 21:10:40.005213,0.0,0.0,0.0
2022-01-13 21:10:40.509472,0.0,0.0,0.0
2022-01-13 21:10:41.006791,0.0,0.0,0.0
2022-01-13 21:10:41.501983,0.0,0.0,0.0
2022-01-13 21:10:42.009866,0.0,0.0,0.0
2022-01-13 21:10:42.507946,0.0,0.0,0.0
2022-01-13 21:10:43.006228,0.0,0.0,0.0
2022-01-13 21:10:43.510936,0.0,0.0,0.0
2022-01-13 21:10:44.008665,0.0,0.0,0.0
2022-01-13 21:10:44.502941,0.0,0.0,0.0
2022-01-13 21:10:45.001318,0.0,0.0,0.0
2022-01-13 21:10:45.505812,0.0,0.0,0.0
2022-01-13 21:10:46.003890,0.0,0.0,0.0
2022-01-13 21:10:46.509140,0.0,0.0,0.0
2022-01-13 21:10:47.008626,0.0,0.0,0.0
2022-01-13 21:10:47.503983,0.0,0.0,0.0
2022-01-13 21:10:48.002199,0.0,0.0,0.0
2022-01-13 21:10:48.506822,0.0,0.0,0.0
2022-01-13 21:10:49.005052,0.0,0.0,0.0
2022-01-13 21:10:49.509890,0.0,0.0,0.0
2022-01-13 21:10:50.007955,0.0,0.0,0.0
2022-01-13 21:10:50.503237,0.0,0.0,0.0
2022-01-13 21:10:51.001142,0.0,0.0,0.0
2022-01-13 21:10:51.508834,0.0,0.0,0.0
2022-01-13 21:10:52.003187,0.0,0.0,0.0
2022-01-13 21:10:52.508606,0.0,0.0,0.0
2022-01-13 21:10:53.005987,0.0,0.0,0.0
2022-01-13 21:10:53.511036,0.0,0.0,0.0
2022-01-13 21:10:54.008505,0.0,0.0,0.0
2022-01-13 21:10:54.504326,0.0,0.0,0.0
2022-01-13 21:10:55.003242,0.0,0.0,0.0
2022-01-13 21:10:55.510455,0.0,0.0,0.0
2022-01-13 21:10:56.008994,0.0,0.0,0.0
2022-01-13 21:10:56.505050,0.0,0.0,0.0
2022-01-13 21:10:57.002859,0.0,0.0,0.0
2022-01-13 21:10:57.508588,0.0,0.0,0.0
2022-01-13 21:10:58.007003,0.0,0.0,0.0
2022-01-13 21:10:58.501539,0.0,0.0,0.0
2022-01-13 21:10:59.010186,0.0,0.0,0.0
2022-01-13 21:10:59.506445,0.0,0.0,0.0
2022-01-13 21:11:00.005304,0.0,0.0,0.0
2022-01-13 21:11:00.501339,0.0,0.0,0.0
2022-01-13 21:11:01.010417,0.0,0.0,0.0
2022-01-13 21:11:01.505955,0.0,0.0,0.0
2022-01-13 21:11:02.004548,0.0,0.0,0.0
2022-01-13 21:11:02.509489,0.0,0.0,0.0
2022-01-13 21:11:03.006958,0.0,0.0,0.0
2022-01-13 21:11:03.503184,0.0,0.0,0.0
2022-01-13 21:11:04.001439,0.0,0.0,0.0
2022-01-13 21:11:04.506489,0.0,0.0,0.0
2022-01-13 21:11:05.004517,0.0,0.0,0.0
2022-01-13 21:11:05.510367,0.0,0.0,0.0
2022-01-13 21:11:06.007136,0.0,0.0,0.0
2022-01-13 21:11:06.501668,0.0,0.0,0.0
2022-01-13 21:11:07.011099,0.0,0.0,0.0
2022-01-13 21:11:07.506315,0.0,0.0,0.0
2022-01-13 21:11:08.005032,0.0,0.0,0.0
2022-01-13 21:11:08.502102,0.0,0.0,0.0
2022-01-13 21:11:09.001575,0.0,0.0,0.0
2022-01-13 21:11:09.507369,0.0,0.0,0.0
2022-01-13 21:11:10.004525,0.0,0.0,0.0
2022-01-13 21:11:10.508267,0.0,0.0,0.0
2022-01-13 21:11:11.009652,0.0,0.0,0.0
2022-01-13 21:11:11.504232,0.0,0.0,0.0
2022-01-13 21:11:12.001969,0.0,0.0,0.0
2022-01-13 21:11:12.507043,0.0,0.0,0.0
2022-01-13 21:11:13.006186,0.0,0.0,0.0
2022-01-13 21:11:13.510063,0.0,0.0,0.0
2022-01-13 21:11:14.007596,0.0,0.0,0.0
2022-01-13 21:11:14.502622,0.0,0.0,0.0
2022-01-13 21:11:15.001517,0.0,0.0,0.0
2022-01-13 21:11:15.507109,0.0,0.0,0.0
2022-01-13 21:11:16.004260,0.0,0.0,0.0
2022-01-13 21:11:16.509088,0.0,0.0,0.0
2022-01-13 21:11:17.007396,0.0,0.0,0.0
2022-01-13 21:11:17.503418,0.0,0.0,0.0
2022-01-13 21:11:18.001754,0.0,0.0,0.0
2022-01-13 21:11:18.505953,0.0,0.0,0.0
2022-01-13 21:11:19.003182,0.0,0.0,0.0
2022-01-13 21:11:19.508415,0.0,0.0,0.0
2022-01-13 21:11:20.004523,0.0,0.0,0.0
2022-01-13 21:11:20.511001,0.0,0.0,0.0
2022-01-13 21:11:21.009392,0.0,0.0,0.0
2022-01-13 21:11:21.506746,0.0,0.0,0.0
2022-01-13 21:11:22.005753,0.0,0.0,0.0
2022-01-13 21:11:22.501471,0.0,0.0,0.0
2022-01-13 21:11:23.003747,0.0,0.0,0.0
2022-01-13 21:11:23.509965,0.0,0.0,0.0
2022-01-13 21:11:24.007092,0.0,0.0,0.0
2022-01-13 21:11:24.503708,0.0,0.0,0.0
2022-01-13 21:11:25.002689,0.0,0.0,0.0
2022-01-13 21:11:25.509045,0.0,0.0,0.0
2022-01-13 21:11:26.007197,0.0,0.0,0.0
2022-01-13 21:11:26.502474,0.0,0.0,0.0
2022-01-13 21:11:27.010177,0.0,0.0,0.0
2022-01-13 21:11:27.507263,0.0,0.0,0.0
2022-01-13 21:11:28.005100,0.0,0.0,0.0
2022-01-13 21:11:28.510363,0.0,0.0,0.0
2022-01-13 21:11:29.009235,0.0,0.0,0.0
2022-01-13 21:11:29.503804,0.0,0.0,0.0
2022-01-13 21:11:30.002687,0.0,0.0,0.0
2022-01-13 21:11:30.509599,0.0,0.0,0.0
2022-01-13 21:11:31.006932,0.0,0.0,0.0
2022-01-13 21:11:31.502838,0.0,0.0,0.0
2022-01-13 21:11:32.002969,0.0,0.0,0.0
2022-01-13 21:11:32.507974,0.0,0.0,0.0
2022-01-13 21:11:33.006520,0.0,0.0,0.0
2022-01-13 21:11:33.511205,0.0,0.0,0.0
2022-01-13 21:11:34.010501,0.0,0.0,0.0
2022-01-13 21:11:34.505601,0.0,0.0,0.0
2022-01-13 21:11:35.003638,0.0,0.0,0.0
2022-01-13 21:11:35.509717,0.0,0.0,0.0
2022-01-13 21:11:36.007307,0.0,0.0,0.0
2022-01-13 21:11:36.504514,0.0,0.0,0.0
2022-01-13 21:11:37.002908,0.0,0.0,0.0
2022-01-13 21:11:37.510134,0.0,0.0,0.0
2022-01-13 21:11:38.008635,0.0,0.0,0.0
2022-01-13 21:11:38.504023,0.0,0.0,0.0
2022-01-13 21:11:39.001769,0.0,0.0,0.0
2022-01-13 21:11:39.506829,0.0,0.0,0.0
2022-01-13 21:11:40.003829,0.0,0.0,0.0
2022-01-13 21:11:40.509433,0.0,0.0,0.0
2022-01-13 21:11:41.008716,0.0,0.0,0.0
2022-01-13 21:11:41.503153,0.0,0.0,0.0
2022-01-13 21:11:42.001282,0.0,0.0,0.0
2022-01-13 21:11:42.507311,0.0,0.0,0.0
2022-01-13 21:11:43.006406,0.0,0.0,0.0
2022-01-13 21:11:43.502256,0.0,0.0,0.0
2022-01-13 21:11:44.009200,0.0,0.0,0.0
2022-01-13 21:11:44.503837,0.0,0.0,0.0
2022-01-13 21:11:45.002807,0.0,0.0,0.0
2022-01-13 21:11:45.510674,0.0,0.0,0.0
2022-01-13 21:11:46.008007,0.0,0.0,0.0
2022-01-13 21:11:46.502890,0.0,0.0,0.0
2022-01-13 21:11:47.001341,0.0,0.0,0.0
2022-01-13 21:11:47.506649,0.0,0.0,0.0
2022-01-13 21:11:48.005093,0.0,0.0,0.0
2022-01-13 21:11:48.501160,0.0,0.0,0.0
2022-01-13 21:11:49.008710,0.0,0.0,0.0
2022-01-13 21:11:49.504121,0.0,0.0,0.0
2022-01-13 21:11:50.002672,0.0,0.0,0.0
2022-01-13 21:11:50.508440,0.0,0.0,0.0
2022-01-13 21:11:51.005790,0.0,0.0,0.0
2022-01-13 21:11:51.501190,0.0,0.0,0.0
2022-01-13 21:11:52.008626,0.0,0.0,0.0
2022-01-13 21:11:52.505080,0.0,0.0,0.0
2022-01-13 21:11:53.004245,0.0,0.0,0.0
2022-01-13 21:11:53.509599,0.0,0.0,0.0
2022-01-13 21:11:54.007900,0.0,0.0,0.0
2022-01-13 21:11:54.505837,0.0,0.0,0.0
2022-01-13 21:11:55.004272,0.0,0.0,0.0
2022-01-13 21:11:55.510324,0.0,0.0,0.0
2022-01-13 21:11:56.008040,0.0,0.0,0.0
2022-01-13 21:11:56.502721,0.0,0.0,0.0
2022-01-13 21:11:57.011164,0.0,0.0,0.0
2022-01-13 21:11:57.505397,0.0,0.0,0.0
2022-01-13 21:11:58.003698,0.0,0.0,0.0
2022-01-13 21:11:58.510219,0.0,0.0,0.0
2022-01-13 21:11:59.008848,0.0,0.0,0.0
2022-01-13 21:11:59.504349,0.0,0.0,0.0
2022-01-13 21:12:00.002202,0.0,0.0,0.0
2022-01-13 21:12:00.505271,0.0,0.0,0.0
2022-01-13 21:12:01.002948,0.0,0.0,0.0
2022-01-13 21:12:01.508705,0.0,0.0,0.0
2022-01-13 21:12:02.006314,0.0,0.0,0.0
2022-01-13 21:12:02.502797,0.0,0.0,0.0
2022-01-13 21:12:03.001616,0.0,0.0,0.0
2022-01-13 21:12:03.509601,0.0,0.0,0.0
2022-01-13 21:12:04.008004,0.0,0.0,0.0
2022-01-13 21:12:04.503470,0.0,0.0,0.0
2022-01-13 21:12:05.001148,0.0,0.0,0.0
2022-01-13 21:12:05.506288,0.0,0.0,0.0
2022-01-13 21:12:06.005097,0.0,0.0,0.0
2022-01-13 21:12:06.509550,0.0,0.0,0.0
2022-01-13 21:12:07.009794,0.0,0.0,0.0
2022-01-13 21:12:07.503602,0.0,0.0,0.0
2022-01-13 21:12:08.001319,0.0,0.0,0.0
2022-01-13 21:12:08.505640,0.0,0.0,0.0
2022-01-13 21:12:09.003561,0.0,0.0,0.0
2022-01-13 21:12:09.508481,0.0,0.0,0.0
2022-01-13 21:12:10.005825,0.0,0.0,0.0
2022-01-13 21:12:10.509822,0.0,0.0,0.0
2022-01-13 21:12:11.008536,0.0,0.0,0.0
2022-01-13 21:12:11.507409,0.0,0.0,0.0
2022-01-13 21:12:12.006144,0.0,0.0,0.0
2022-01-13 21:12:12.501599,0.0,0.0,0.0
2022-01-13 21:12:13.009357,0.0,0.0,0.0
2022-01-13 21:12:13.505826,0.0,0.0,0.0
2022-01-13 21:12:14.003872,0.0,0.0,0.0
2022-01-13 21:12:14.509128,0.0,0.0,0.0
2022-01-13 21:12:15.006144,0.0,0.0,0.0
2022-01-13 21:12:15.502754,0.0,0.0,0.0
2022-01-13 21:12:16.001671,0.0,0.0,0.0
2022-01-13 21:12:16.506929,0.0,0.0,0.0
2022-01-13 21:12:17.006021,0.0,0.0,0.0
2022-01-13 21:12:17.510918,0.0,0.0,0.0
2022-01-13 21:12:18.008554,0.0,0.0,0.0
2022-01-13 21:12:18.502874,0.0,0.0,0.0
2022-01-13 21:12:19.010929,0.0,0.0,0.0
2022-01-13 21:12:19.505643,0.0,0.0,0.0
2022-01-13 21:12:20.006006,0.0,0.0,0.0
2022-01-13 21:12:20.510818,0.0,0.0,0.0
2022-01-13 21:12:21.007412,0.0,0.0,0.0
2022-01-13 21:12:21.501313,0.0,0.0,0.0
2022-01-13 21:12:22.008837,0.0,0.0,0.0
2022-01-13 21:12:22.503475,0.0,0.0,0.0
2022-01-13 21:12:23.001098,0.0,0.0,0.0
2022-01-13 21:12:23.508549,0.0,0.0,0.0
2022-01-13 21:12:24.006423,0.0,0.0,0.0
2022-01-13 21:12:24.504889,0.0,0.0,0.0
2022-01-13 21:12:25.003139,0.0,0.0,0.0
2022-01-13 21:12:25.508643,0.0,0.0,0.0
2022-01-13 21:12:26.008672,0.0,0.0,0.0
2022-01-13 21:12:26.503071,0.0,0.0,0.0
2022-01-13 21:12:27.505535,0.0,0.0,0.0
2022-01-13 21:12:28.001926,0.0,0.0,0.0
2022-01-13 21:12:28.506529,0.0,0.0,0.0
2022-01-13 21:12:29.005234,0.0,0.0,0.0
2022-01-13 21:12:29.501839,0.0,0.0,0.0
2022-01-13 21:12:30.009107,0.0,0.0,0.0
2022-01-13 21:12:30.502662,0.0,0.0,0.0
2022-01-13 21:12:31.001366,0.0,0.0,0.0
2022-01-13 21:12:31.506232,0.0,0.0,0.0
2022-01-13 21:12:32.005976,0.0,0.0,0.0
2022-01-13 21:12:32.501367,0.0,0.0,0.0
2022-01-13 21:12:33.010040,0.0,0.0,0.0
2022-01-13 21:12:33.506994,0.0,0.0,0.0
2022-01-13 21:12:34.007165,0.0,0.0,0.0
2022-01-13 21:12:34.502860,0.0,0.0,0.0
2022-01-13 21:12:35.010816,0.0,0.0,0.0
2022-01-13 21:12:35.505917,0.0,0.0,0.0
2022-01-13 21:12:36.005156,0.0,0.0,0.0
2022-01-13 21:12:36.510967,0.0,0.0,0.0
2022-01-13 21:12:37.008792,0.0,0.0,0.0
2022-01-13 21:12:37.504243,0.0,0.0,0.0
2022-01-13 21:12:38.002238,0.0,0.0,0.0
2022-01-13 21:12:38.509146,0.0,0.0,0.0
2022-01-13 21:12:39.008925,0.0,0.0,0.0
2022-01-13 21:12:39.502833,0.0,0.0,0.0
2022-01-13 21:12:40.010008,0.0,0.0,0.0
2022-01-13 21:12:40.505852,0.0,0.0,0.0
2022-01-13 21:12:41.003516,0.0,0.0,0.0
2022-01-13 21:12:41.508078,0.0,0.0,0.0
2022-01-13 21:12:42.005614,0.0,0.0,0.0
2022-01-13 21:12:42.510650,0.0,0.0,0.0
2022-01-13 21:12:43.010459,0.0,0.0,0.0
2022-01-13 21:12:43.504011,0.0,0.0,0.0
2022-01-13 21:12:44.001907,0.0,0.0,0.0
2022-01-13 21:12:44.507944,0.0,0.0,0.0
2022-01-13 21:12:45.006696,0.0,0.0,0.0
2022-01-13 21:12:45.502741,0.0,0.0,0.0
2022-01-13 21:12:46.001142,0.0,0.0,0.0
2022-01-13 21:12:46.507714,0.0,0.0,0.0
2022-01-13 21:12:47.006878,0.0,0.0,0.0
2022-01-13 21:12:47.504596,0.0,0.0,0.0
2022-01-13 21:12:48.001662,0.0,0.0,0.0
2022-01-13 21:12:48.508914,0.0,0.0,0.0
2022-01-13 21:12:49.005558,0.0,0.0,0.0
2022-01-13 21:12:49.509996,0.0,0.0,0.0
2022-01-13 21:12:50.006318,0.0,0.0,0.0
2022-01-13 21:12:50.510376,0.0,0.0,0.0
2022-01-13 21:12:51.006898,0.0,0.0,0.0
2022-01-13 21:12:51.502158,0.0,0.0,0.0
2022-01-13 21:12:52.002537,0.0,0.0,0.0
2022-01-13 21:12:52.510138,0.0,0.0,0.0
2022-01-13 21:12:53.009200,0.0,0.0,0.0
2022-01-13 21:12:53.503244,0.0,0.0,0.0
2022-01-13 21:12:54.002143,0.0,0.0,0.0
2022-01-13 21:12:54.507431,0.0,0.0,0.0
2022-01-13 21:12:55.004525,0.0,0.0,0.0
2022-01-13 21:12:56.005182,0.0,0.0,0.0
2022-01-13 21:12:56.501032,0.0,0.0,0.0
2022-01-13 21:12:57.010321,0.0,0.0,0.0
2022-01-13 21:12:57.506044,0.0,0.0,0.0
2022-01-13 21:12:58.005598,0.0,0.0,0.0
2022-01-13 21:12:58.501187,0.0,0.0,0.0
2022-01-13 21:12:59.009218,0.0,0.0,0.0
2022-01-13 21:12:59.504508,0.0,0.0,0.0
2022-01-13 21:13:00.002002,0.0,0.0,0.0
2022-01-13 21:13:00.508864,0.0,0.0,0.0
2022-01-13 21:13:01.006793,0.0,0.0,0.0
2022-01-13 21:13:02.005748,0.0,0.0,0.0
2022-01-13 21:13:03.005806,0.0,0.0,0.0
2022-01-13 21:13:03.501311,0.0,0.0,0.0
2022-01-13 21:13:04.008666,0.0,0.0,0.0
2022-01-13 21:13:04.504414,0.0,0.0,0.0
2022-01-13 21:13:05.002661,0.0,0.0,0.0
2022-01-13 21:13:05.507989,0.0,0.0,0.0
2022-01-13 21:13:06.005725,0.0,0.0,0.0
2022-01-13 21:13:06.501983,0.0,0.0,0.0
2022-01-13 21:13:07.009997,0.0,0.0,0.0
2022-01-13 21:13:07.505020,0.0,0.0,0.0
2022-01-13 21:13:08.002833,0.0,0.0,0.0
2022-01-13 21:13:08.509392,0.0,0.0,0.0
2022-01-13 21:13:09.007380,0.0,0.0,0.0
2022-01-13 21:13:09.502709,0.0,0.0,0.0
2022-01-13 21:13:10.009782,0.0,0.0,0.0
2022-01-13 21:13:10.505574,0.0,0.0,0.0
2022-01-13 21:13:11.002303,0.0,0.0,0.0
2022-01-13 21:13:11.508036,0.0,0.0,0.0
2022-01-13 21:13:12.007225,0.0,0.0,0.0
2022-01-13 21:13:12.510673,0.0,0.0,0.0
2022-01-13 21:13:13.009922,0.0,0.0,0.0
2022-01-13 21:13:13.504233,0.0,0.0,0.0
2022-01-13 21:13:14.002733,0.0,0.0,0.0
2022-01-13 21:13:14.509499,0.0,0.0,0.0
2022-01-13 21:13:15.009473,0.0,0.0,0.0
2022-01-13 21:13:15.503284,0.0,0.0,0.0
2022-01-13 21:13:16.011222,0.0,0.0,0.0
2022-01-13 21:13:16.506917,0.0,0.0,0.0
2022-01-13 21:13:17.006899,0.0,0.0,0.0
2022-01-13 21:13:17.501905,0.0,0.0,0.0
2022-01-13 21:13:18.009534,0.0,0.0,0.0
2022-01-13 21:13:18.503642,0.0,0.0,0.0
2022-01-13 21:13:19.002356,0.0,0.0,0.0
2022-01-13 21:13:19.509169,0.0,0.0,0.0
2022-01-13 21:13:20.006668,0.0,0.0,0.0
2022-01-13 21:13:20.501270,0.0,0.0,0.0
2022-01-13 21:13:21.009271,0.0,0.0,0.0
2022-01-13 21:13:21.505139,0.0,0.0,0.0
2022-01-13 21:13:22.002270,0.0,0.0,0.0
2022-01-13 21:13:22.507265,0.0,0.0,0.0
2022-01-13 21:13:23.005823,0.0,0.0,0.0
2022-01-13 21:13:23.510315,0.0,0.0,0.0
2022-01-13 21:13:24.009870,0.0,0.0,0.0
2022-01-13 21:13:24.505574,0.0,0.0,0.0
2022-01-13 21:13:25.003620,0.0,0.0,0.0
2022-01-13 21:13:25.508669,0.0,0.0,0.0
2022-01-13 21:13:26.007008,0.0,0.0,0.0
2022-01-13 21:13:26.501997,0.0,0.0,0.0
2022-01-13 21:13:27.001341,0.0,0.0,0.0
2022-01-13 21:13:27.506919,0.0,0.0,0.0
2022-01-13 21:13:28.005509,0.0,0.0,0.0
2022-01-13 21:13:28.503875,0.0,0.0,0.0
2022-01-13 21:13:29.001407,0.0,0.0,0.0
2022-01-13 21:13:29.507288,0.0,0.0,0.0
2022-01-13 21:13:30.006070,0.0,0.0,0.0
2022-01-13 21:13:30.510998,0.0,0.0,0.0
2022-01-13 21:13:31.010263,0.0,0.0,0.0
2022-01-13 21:13:31.505901,0.0,0.0,0.0
2022-01-13 21:13:32.003833,0.0,0.0,0.0
2022-01-13 21:13:32.508746,0.0,0.0,0.0
2022-01-13 21:13:33.008932,0.0,0.0,0.0
2022-01-13 21:13:33.504261,0.0,0.0,0.0
2022-01-13 21:13:34.001505,0.0,0.0,0.0
2022-01-13 21:13:34.505036,0.0,0.0,0.0
2022-01-13 21:13:35.002879,0.0,0.0,0.0
2022-01-13 21:13:35.507088,0.0,0.0,0.0
2022-01-13 21:13:36.006891,0.0,0.0,0.0
2022-01-13 21:13:36.502232,0.0,0.0,0.0
2022-01-13 21:13:37.001536,0.0,0.0,0.0
2022-01-13 21:13:37.508120,0.0,0.0,0.0
2022-01-13 21:13:38.007813,0.0,0.0,0.0
2022-01-13 21:13:38.502432,0.0,0.0,0.0
2022-01-13 21:13:39.010808,0.0,0.0,0.0
2022-01-13 21:13:39.506048,0.0,0.0,0.0
2022-01-13 21:13:40.003951,0.0,0.0,0.0
2022-01-13 21:13:40.508001,0.0,0.0,0.0
2022-01-13 21:13:41.005142,0.0,0.0,0.0
2022-01-13 21:13:41.509581,0.0,0.0,0.0
2022-01-13 21:13:42.009492,0.0,0.0,0.0
2022-01-13 21:13:42.505161,0.0,0.0,0.0
2022-01-13 21:13:43.002782,0.0,0.0,0.0
2022-01-13 21:13:43.507283,0.0,0.0,0.0
2022-01-13 21:13:44.006138,0.0,0.0,0.0
2022-01-13 21:13:44.510784,0.0,0.0,0.0
2022-01-13 21:13:45.008884,0.0,0.0,0.0
2022-01-13 21:13:45.503653,0.0,0.0,0.0
2022-01-13 21:13:46.002123,0.0,0.0,0.0
2022-01-13 21:13:46.508285,0.0,0.0,0.0
2022-01-13 21:13:47.006457,0.0,0.0,0.0
2022-01-13 21:13:47.502278,0.0,0.0,0.0
2022-01-13 21:13:48.001401,0.0,0.0,0.0
2022-01-13 21:13:48.506854,0.0,0.0,0.0
2022-01-13 21:13:49.005641,0.0,0.0,0.0
2022-01-13 21:13:49.510952,0.0,0.0,0.0
2022-01-13 21:13:50.010302,0.0,0.0,0.0
2022-01-13 21:13:50.507041,0.0,0.0,0.0
2022-01-13 21:13:51.006083,0.0,0.0,0.0
2022-01-13 21:13:51.511003,0.0,0.0,0.0
2022-01-13 21:13:52.002764,0.0,0.0,0.0
2022-01-13 21:13:52.509071,0.0,0.0,0.0
2022-01-13 21:13:53.006769,0.0,0.0,0.0
2022-01-13 21:13:53.510731,0.0,0.0,0.0
2022-01-13 21:13:54.008989,0.0,0.0,0.0
2022-01-13 21:13:54.503121,0.0,0.0,0.0
2022-01-13 21:13:55.002266,0.0,0.0,0.0
2022-01-13 21:13:55.507990,0.0,0.0,0.0
2022-01-13 21:13:56.005598,0.0,0.0,0.0
2022-01-13 21:13:56.509671,0.0,0.0,0.0
2022-01-13 21:13:57.007991,0.0,0.0,0.0
2022-01-13 21:13:57.502728,0.0,0.0,0.0
2022-01-13 21:13:58.000995,0.0,0.0,0.0
2022-01-13 21:13:58.505384,0.0,0.0,0.0
2022-01-13 21:13:59.002958,0.0,0.0,0.0
2022-01-13 21:13:59.510388,0.0,0.0,0.0
2022-01-13 21:14:00.007197,0.0,0.0,0.0
2022-01-13 21:14:00.502871,0.0,0.0,0.0
2022-01-13 21:14:01.001274,0.0,0.0,0.0
2022-01-13 21:14:01.506105,0.0,0.0,0.0
2022-01-13 21:14:02.005480,0.0,0.0,0.0
2022-01-13 21:14:03.005212,0.0,0.0,0.0
2022-01-13 21:14:04.005481,0.0,0.0,0.0
2022-01-13 21:14:04.501489,0.0,0.0,0.0
2022-01-13 21:14:05.010590,0.0,0.0,0.0
2022-01-13 21:14:05.506181,0.0,0.0,0.0
2022-01-13 21:14:06.003384,0.0,0.0,0.0
2022-01-13 21:14:06.509100,0.0,0.0,0.0
2022-01-13 21:14:07.007193,0.0,0.0,0.0
2022-01-13 21:14:07.502486,0.0,0.0,0.0
2022-01-13 21:14:08.010690,0.0,0.0,0.0
2022-01-13 21:14:08.507991,0.0,0.0,0.0
2022-01-13 21:14:09.006141,0.0,0.0,0.0
2022-01-13 21:14:09.502164,0.0,0.0,0.0
2022-01-13 21:14:10.009955,0.0,0.0,0.0
2022-01-13 21:14:10.505257,0.0,0.0,0.0
2022-01-13 21:14:11.002765,0.0,0.0,0.0
2022-01-13 21:14:11.508572,0.0,0.0,0.0
2022-01-13 21:14:12.006856,0.0,0.0,0.0
2022-01-13 21:14:12.502233,0.0,0.0,0.0
2022-01-13 21:14:13.009796,0.0,0.0,0.0
2022-01-13 21:14:13.505869,0.0,0.0,0.0
2022-01-13 21:14:14.003441,0.0,0.0,0.0
2022-01-13 21:14:14.509360,0.0,0.0,0.0
2022-01-13 21:14:15.007738,0.0,0.0,0.0
2022-01-13 21:14:15.502175,0.0,0.0,0.0
2022-01-13 21:14:16.001098,0.0,0.0,0.0
2022-01-13 21:14:16.505543,0.0,0.0,0.0
2022-01-13 21:14:17.003632,0.0,0.0,0.0
2022-01-13 21:14:17.511144,0.0,0.0,0.0
2022-01-13 21:14:18.008515,0.0,0.0,0.0
2022-01-13 21:14:18.504462,0.0,0.0,0.0
2022-01-13 21:14:19.002775,0.0,0.0,0.0
2022-01-13 21:14:19.507269,0.0,0.0,0.0
2022-01-13 21:14:20.004345,0.0,0.0,0.0
2022-01-13 21:14:20.508276,0.0,0.0,0.0
2022-01-13 21:14:21.005875,0.0,0.0,0.0
2022-01-13 21:14:21.510833,0.0,0.0,0.0
2022-01-13 21:14:22.008082,0.0,0.0,0.0
2022-01-13 21:14:22.504646,0.0,0.0,0.0
2022-01-13 21:14:23.003863,0.0,0.0,0.0
2022-01-13 21:14:23.509638,0.0,0.0,0.0
2022-01-13 21:14:24.009148,0.0,0.0,0.0
2022-01-13 21:14:24.503698,0.0,0.0,0.0
2022-01-13 21:14:25.002187,0.0,0.0,0.0
2022-01-13 21:14:25.507488,0.0,0.0,0.0
2022-01-13 21:14:26.006196,0.0,0.0,0.0
2022-01-13 21:14:26.503028,0.0,0.0,0.0
2022-01-13 21:14:27.002523,0.0,0.0,0.0
2022-01-13 21:14:27.507897,0.0,0.0,0.0
2022-01-13 21:14:28.005988,0.0,0.0,0.0
2022-01-13 21:14:28.511226,0.0,0.0,0.0
2022-01-13 21:14:29.009618,0.0,0.0,0.0
2022-01-13 21:14:29.504353,0.0,0.0,0.0
2022-01-13 21:14:30.008134,0.0,0.0,0.0
2022-01-13 21:14:30.504413,0.0,0.0,0.0
2022-01-13 21:14:31.003716,0.0,0.0,0.0
2022-01-13 21:14:31.509648,0.0,0.0,0.0
2022-01-13 21:14:32.007249,0.0,0.0,0.0
2022-01-13 21:14:32.502714,0.0,0.0,0.0
2022-01-13 21:14:33.010882,0.0,0.0,0.0
2022-01-13 21:14:33.505870,0.0,0.0,0.0
2022-01-13 21:14:34.002667,0.0,0.0,0.0
2022-01-13 21:14:34.509404,0.0,0.0,0.0
2022-01-13 21:14:35.007484,0.0,0.0,0.0
2022-01-13 21:14:35.503455,0.0,0.0,0.0
2022-01-13 21:14:36.001459,0.0,0.0,0.0
2022-01-13 21:14:36.506221,0.0,0.0,0.0
2022-01-13 21:14:37.003756,0.0,0.0,0.0
2022-01-13 21:14:37.509557,0.0,0.0,0.0
2022-01-13 21:14:38.006900,0.0,0.0,0.0
2022-01-13 21:14:38.502699,0.0,0.0,0.0
2022-01-13 21:14:39.010658,0.0,0.0,0.0
2022-01-13 21:14:39.505916,0.0,0.0,0.0
2022-01-13 21:14:40.004872,0.0,0.0,0.0
2022-01-13 21:14:40.501182,0.0,0.0,0.0
2022-01-13 21:14:41.008826,0.0,0.0,0.0
2022-01-13 21:14:41.504584,0.0,0.0,0.0
2022-01-13 21:14:42.002452,0.0,0.0,0.0
2022-01-13 21:14:42.507269,0.0,0.0,0.0
2022-01-13 21:14:43.005473,0.0,0.0,0.0
2022-01-13 21:14:43.510391,0.0,0.0,0.0
2022-01-13 21:14:44.008623,0.0,0.0,0.0
2022-01-13 21:14:44.506564,0.0,0.0,0.0
2022-01-13 21:14:45.004061,0.0,0.0,0.0
2022-01-13 21:14:45.507620,0.0,0.0,0.0
2022-01-13 21:14:46.005613,0.0,0.0,0.0
2022-01-13 21:14:46.509251,0.0,0.0,0.0
2022-01-13 21:14:47.007818,0.0,0.0,0.0
2022-01-13 21:14:47.502904,0.0,0.0,0.0
2022-01-13 21:14:48.505339,0.0,0.0,0.0
2022-01-13 21:14:49.006091,0.0,0.0,0.0
2022-01-13 21:14:49.502780,0.0,0.0,0.0
2022-01-13 21:14:50.010887,0.0,0.0,0.0
2022-01-13 21:14:50.507274,0.0,0.0,0.0
2022-01-13 21:14:51.005198,0.0,0.0,0.0
2022-01-13 21:14:51.501146,0.0,0.0,0.0
2022-01-13 21:14:52.010026,0.0,0.0,0.0
2022-01-13 21:14:52.504703,0.0,0.0,0.0
2022-01-13 21:14:53.002999,0.0,0.0,0.0
2022-01-13 21:14:53.510987,0.0,0.0,0.0
2022-01-13 21:14:54.010259,0.0,0.0,0.0
2022-01-13 21:14:54.504249,0.0,0.0,0.0
2022-01-13 21:14:55.003128,0.0,0.0,0.0
2022-01-13 21:14:55.509079,0.0,0.0,0.0
2022-01-13 21:14:56.006127,0.0,0.0,0.0
2022-01-13 21:14:56.502829,0.0,0.0,0.0
2022-01-13 21:14:57.010040,0.0,0.0,0.0
2022-01-13 21:14:57.504993,0.0,0.0,0.0
2022-01-13 21:14:58.005254,0.0,0.0,0.0
2022-01-13 21:14:58.510549,0.0,0.0,0.0
2022-01-13 21:14:59.009812,0.0,0.0,0.0
2022-01-13 21:14:59.505633,0.0,0.0,0.0
2022-01-13 21:15:00.003159,0.0,0.0,0.0
2022-01-13 21:15:00.508504,0.0,0.0,0.0
2022-01-13 21:15:01.007068,0.0,0.0,0.0
2022-01-13 21:15:01.502365,0.0,0.0,0.0
2022-01-13 21:15:02.001191,0.0,0.0,0.0
2022-01-13 21:15:02.507671,0.0,0.0,0.0
2022-01-13 21:15:03.007538,0.0,0.0,0.0
2022-01-13 21:15:03.504199,0.0,0.0,0.0
2022-01-13 21:15:04.002626,0.0,0.0,0.0
2022-01-13 21:15:04.508500,0.0,0.0,0.0
2022-01-13 21:15:05.007178,0.0,0.0,0.0
2022-01-13 21:15:05.502148,0.0,0.0,0.0
2022-01-13 21:15:06.010398,0.0,0.0,0.0
2022-01-13 21:15:06.504593,0.0,0.0,0.0
2022-01-13 21:15:07.002844,0.0,0.0,0.0
2022-01-13 21:15:07.510086,0.0,0.0,0.0
2022-01-13 21:15:08.007726,0.0,0.0,0.0
2022-01-13 21:15:08.502651,0.0,0.0,0.0
2022-01-13 21:15:09.001214,0.0,0.0,0.0
2022-01-13 21:15:09.506184,0.0,0.0,0.0
2022-01-13 21:15:10.005624,0.0,0.0,0.0
2022-01-13 21:15:10.508984,0.0,0.0,0.0
2022-01-13 21:15:11.007402,0.0,0.0,0.0
2022-01-13 21:15:11.502397,0.0,0.0,0.0
2022-01-13 21:15:12.001291,0.0,0.0,0.0
2022-01-13 21:15:12.505558,0.0,0.0,0.0
2022-01-13 21:15:13.002850,0.0,0.0,0.0
2022-01-13 21:15:13.509315,0.0,0.0,0.0
2022-01-13 21:15:14.007367,0.0,0.0,0.0
2022-01-13 21:15:14.501598,0.0,0.0,0.0
2022-01-13 21:15:15.008768,0.0,0.0,0.0
2022-01-13 21:15:15.503753,0.0,0.0,0.0
2022-01-13 21:15:16.011368,0.0,0.0,0.0
2022-01-13 21:15:16.508352,0.0,0.0,0.0
2022-01-13 21:15:17.006919,0.0,0.0,0.0
2022-01-13 21:15:18.005979,0.0,0.0,0.0
2022-01-13 21:15:18.510703,0.0,0.0,0.0
2022-01-13 21:15:19.009007,0.0,0.0,0.0
2022-01-13 21:15:19.504487,0.0,0.0,0.0
2022-01-13 21:15:20.003758,0.0,0.0,0.0
2022-01-13 21:15:20.508994,0.0,0.0,0.0
2022-01-13 21:15:21.008779,0.0,0.0,0.0
2022-01-13 21:15:21.505016,0.0,0.0,0.0
2022-01-13 21:15:22.003183,0.0,0.0,0.0
2022-01-13 21:15:22.509075,0.0,0.0,0.0
2022-01-13 21:15:23.006934,0.0,0.0,0.0
2022-01-13 21:15:23.501697,0.0,0.0,0.0
2022-01-13 21:15:24.505572,0.0,0.0,0.0
2022-01-13 21:15:25.003888,0.0,0.0,0.0
2022-01-13 21:15:25.510036,0.0,0.0,0.0
2022-01-13 21:15:26.009808,0.0,0.0,0.0
2022-01-13 21:15:26.507336,0.0,0.0,0.0
2022-01-13 21:15:27.005115,0.0,0.0,0.0
2022-01-13 21:15:27.510351,0.0,0.0,0.0
2022-01-13 21:15:28.008812,0.0,0.0,0.0
2022-01-13 21:15:28.503140,0.0,0.0,0.0
2022-01-13 21:15:29.001526,0.0,0.0,0.0
2022-01-13 21:15:29.507056,0.0,0.0,0.0
2022-01-13 21:15:30.004874,0.0,0.0,0.0
2022-01-13 21:15:30.510895,0.0,0.0,0.0
2022-01-13 21:15:31.009066,0.0,0.0,0.0
2022-01-13 21:15:31.503462,0.0,0.0,0.0
2022-01-13 21:15:32.001438,0.0,0.0,0.0
2022-01-13 21:15:32.508587,0.0,0.0,0.0
2022-01-13 21:15:33.006333,0.0,0.0,0.0
2022-01-13 21:15:34.005672,0.0,0.0,0.0
2022-01-13 21:15:34.501657,0.0,0.0,0.0
2022-01-13 21:15:35.009754,0.0,0.0,0.0
2022-01-13 21:15:35.507476,0.0,0.0,0.0
2022-01-13 21:15:36.005753,0.0,0.0,0.0
2022-01-13 21:15:36.511101,0.0,0.0,0.0
2022-01-13 21:15:37.008256,0.0,0.0,0.0
2022-01-13 21:15:37.503414,0.0,0.0,0.0
2022-01-13 21:15:38.010929,0.0,0.0,0.0
2022-01-13 21:15:38.507331,0.0,0.0,0.0
2022-01-13 21:15:39.005399,0.0,0.0,0.0
2022-01-13 21:15:39.510321,0.0,0.0,0.0
2022-01-13 21:15:40.009985,0.0,0.0,0.0
2022-01-13 21:15:40.505177,0.0,0.0,0.0
2022-01-13 21:15:41.003087,0.0,0.0,0.0
2022-01-13 21:15:41.508538,0.0,0.0,0.0
2022-01-13 21:15:42.006543,0.0,0.0,0.0
2022-01-13 21:15:42.501941,0.0,0.0,0.0
2022-01-13 21:15:43.001077,0.0,0.0,0.0
2022-01-13 21:15:43.506749,0.0,0.0,0.0
2022-01-13 21:15:44.006212,0.0,0.0,0.0
2022-01-13 21:15:44.502083,0.0,0.0,0.0
2022-01-13 21:15:45.010956,0.0,0.0,0.0
2022-01-13 21:15:45.511005,0.0,0.0,0.0
2022-01-13 21:15:46.008449,0.0,0.0,0.0
2022-01-13 21:15:46.503473,0.0,0.0,0.0
2022-01-13 21:15:47.001514,0.0,0.0,0.0
2022-01-13 21:15:47.507309,0.0,0.0,0.0
2022-01-13 21:15:48.004639,0.0,0.0,0.0
2022-01-13 21:15:48.510333,0.0,0.0,0.0
2022-01-13 21:15:49.505067,0.0,0.0,0.0
2022-01-13 21:15:50.002694,0.0,0.0,0.0
2022-01-13 21:15:50.507806,0.0,0.0,0.0
2022-01-13 21:15:51.005610,0.0,0.0,0.0
2022-01-13 21:15:51.501168,0.0,0.0,0.0
2022-01-13 21:15:52.008663,0.0,0.0,0.0
2022-01-13 21:15:52.504604,0.0,0.0,0.0
2022-01-13 21:15:53.002916,0.0,0.0,0.0
2022-01-13 21:15:53.509221,0.0,0.0,0.0
2022-01-13 21:15:54.007086,0.0,0.0,0.0
2022-01-13 21:15:54.502830,0.0,0.0,0.0
2022-01-13 21:15:55.011198,0.0,0.0,0.0
2022-01-13 21:15:55.507085,0.0,0.0,0.0
2022-01-13 21:15:56.003722,0.0,0.0,0.0
2022-01-13 21:15:56.508160,0.0,0.0,0.0
2022-01-13 21:15:57.006200,0.0,0.0,0.0
2022-01-13 21:15:57.501610,0.0,0.0,0.0
2022-01-13 21:15:58.010224,0.0,0.0,0.0
2022-01-13 21:15:58.510146,0.0,0.0,0.0
2022-01-13 21:15:59.008683,0.0,0.0,0.0
2022-01-13 21:15:59.503849,0.0,0.0,0.0
2022-01-13 21:16:00.001908,0.0,0.0,0.0
2022-01-13 21:16:00.505543,0.0,0.0,0.0
2022-01-13 21:16:01.004788,0.0,0.0,0.0
2022-01-13 21:16:01.510259,0.0,0.0,0.0
2022-01-13 21:16:02.008943,0.0,0.0,0.0
2022-01-13 21:16:02.506099,0.0,0.0,0.0
2022-01-13 21:16:03.003437,0.0,0.0,0.0
2022-01-13 21:16:03.508435,0.0,0.0,0.0
2022-01-13 21:16:04.005750,0.0,0.0,0.0
2022-01-13 21:16:04.510068,0.0,0.0,0.0
2022-01-13 21:16:05.008932,0.0,0.0,0.0
2022-01-13 21:16:05.503654,0.0,0.0,0.0
2022-01-13 21:16:06.001362,0.0,0.0,0.0
2022-01-13 21:16:06.506266,0.0,0.0,0.0
2022-01-13 21:16:07.004498,0.0,0.0,0.0
2022-01-13 21:16:07.510040,0.0,0.0,0.0
2022-01-13 21:16:08.008664,0.0,0.0,0.0
2022-01-13 21:16:08.502824,0.0,0.0,0.0
2022-01-13 21:16:09.001718,0.0,0.0,0.0
2022-01-13 21:16:09.506366,0.0,0.0,0.0
2022-01-13 21:16:10.003561,0.0,0.0,0.0
2022-01-13 21:16:10.508620,0.0,0.0,0.0
2022-01-13 21:16:11.007482,0.0,0.0,0.0
2022-01-13 21:16:11.503980,0.0,0.0,0.0
2022-01-13 21:16:12.002822,0.0,0.0,0.0
2022-01-13 21:16:12.507943,0.0,0.0,0.0
2022-01-13 21:16:13.004318,0.0,0.0,0.0
2022-01-13 21:16:13.509892,0.0,0.0,0.0
2022-01-13 21:16:14.010559,0.0,0.0,0.0
2022-01-13 21:16:14.504657,0.0,0.0,0.0
2022-01-13 21:16:15.002731,0.0,0.0,0.0
2022-01-13 21:16:15.509151,0.0,0.0,0.0
2022-01-13 21:16:16.006908,0.0,0.0,0.0
2022-01-13 21:16:16.503884,0.0,0.0,0.0
2022-01-13 21:16:17.001613,0.0,0.0,0.0
2022-01-13 21:16:17.506675,0.0,0.0,0.0
2022-01-13 21:16:18.004190,0.0,0.0,0.0
2022-01-13 21:16:18.510374,0.0,0.0,0.0
2022-01-13 21:16:19.008093,0.0,0.0,0.0
2022-01-13 21:16:19.505683,0.0,0.0,0.0
2022-01-13 21:16:20.003767,0.0,0.0,0.0
2022-01-13 21:16:20.509806,0.0,0.0,0.0
2022-01-13 21:16:21.007181,0.0,0.0,0.0
2022-01-13 21:16:21.502872,0.0,0.0,0.0
2022-01-13 21:16:22.011037,0.0,0.0,0.0
2022-01-13 21:16:22.507391,0.0,0.0,0.0
2022-01-13 21:16:23.005101,0.0,0.0,0.0
2022-01-13 21:16:23.509594,0.0,0.0,0.0
2022-01-13 21:16:24.007315,0.0,0.0,0.0
2022-01-13 21:16:24.511144,0.0,0.0,0.0
2022-01-13 21:16:25.008909,0.0,0.0,0.0
2022-01-13 21:16:25.505579,0.0,0.0,0.0
2022-01-13 21:16:26.004256,0.0,0.0,0.0
2022-01-13 21:16:26.509959,0.0,0.0,0.0
2022-01-13 21:16:27.006712,0.0,0.0,0.0
2022-01-13 21:16:27.502104,0.0,0.0,0.0
2022-01-13 21:16:28.009100,0.0,0.0,0.0
2022-01-13 21:16:28.502838,0.0,0.0,0.0
2022-01-13 21:16:29.010103,0.0,0.0,0.0
2022-01-13 21:16:29.506850,0.0,0.0,0.0
2022-01-13 21:16:30.005247,0.0,0.0,0.0
2022-01-13 21:16:30.510998,0.0,0.0,0.0
2022-01-13 21:16:31.008203,0.0,0.0,0.0
2022-01-13 21:16:31.503512,0.0,0.0,0.0
2022-01-13 21:16:32.002857,0.0,0.0,0.0
2022-01-13 21:16:32.509149,0.0,0.0,0.0
2022-01-13 21:16:33.006487,0.0,0.0,0.0
2022-01-13 21:16:34.004958,0.0,0.0,0.0
2022-01-13 21:16:34.511116,0.0,0.0,0.0
2022-01-13 21:16:35.008534,0.0,0.0,0.0
2022-01-13 21:16:35.504650,0.0,0.0,0.0
2022-01-13 21:16:36.002973,0.0,0.0,0.0
2022-01-13 21:16:36.508543,0.0,0.0,0.0
2022-01-13 21:16:37.008669,0.0,0.0,0.0
2022-01-13 21:16:37.503089,0.0,0.0,0.0
2022-01-13 21:16:38.011243,0.0,0.0,0.0
2022-01-13 21:16:38.505582,0.0,0.0,0.0
2022-01-13 21:16:39.005095,0.0,0.0,0.0
2022-01-13 21:16:39.509335,0.0,0.0,0.0
2022-01-13 21:16:40.008601,0.0,0.0,0.0
2022-01-13 21:16:40.503772,0.0,0.0,0.0
2022-01-13 21:16:41.004698,0.0,0.0,0.0
2022-01-13 21:16:41.510034,0.0,0.0,0.0
2022-01-13 21:16:42.008547,0.0,0.0,0.0
2022-01-13 21:16:42.504726,0.0,0.0,0.0
2022-01-13 21:16:43.004315,0.0,0.0,0.0
2022-01-13 21:16:43.501583,0.0,0.0,0.0
2022-01-13 21:16:44.010225,0.0,0.0,0.0
2022-01-13 21:16:44.504632,0.0,0.0,0.0
2022-01-13 21:16:45.002163,0.0,0.0,0.0
2022-01-13 21:16:45.507849,0.0,0.0,0.0
2022-01-13 21:16:46.005048,0.0,0.0,0.0
2022-01-13 21:16:46.509212,0.0,0.0,0.0
2022-01-13 21:16:47.008204,0.0,0.0,0.0
2022-01-13 21:16:47.502894,0.0,0.0,0.0
2022-01-13 21:16:48.001938,0.0,0.0,0.0
2022-01-13 21:16:48.507578,0.0,0.0,0.0
2022-01-13 21:16:49.005892,0.0,0.0,0.0
2022-01-13 21:16:49.511189,0.0,0.0,0.0
2022-01-13 21:16:50.009528,0.0,0.0,0.0
2022-01-13 21:16:50.503953,0.0,0.0,0.0
2022-01-13 21:16:51.001944,0.0,0.0,0.0
2022-01-13 21:16:51.507066,0.0,0.0,0.0
2022-01-13 21:16:52.005489,0.0,0.0,0.0
2022-01-13 21:16:52.502254,0.0,0.0,0.0
2022-01-13 21:16:53.001668,0.0,0.0,0.0
2022-01-13 21:16:53.507180,0.0,0.0,0.0
2022-01-13 21:16:54.006410,0.0,0.0,0.0
2022-01-13 21:16:54.510986,0.0,0.0,0.0
2022-01-13 21:16:55.010617,0.0,0.0,0.0
2022-01-13 21:16:55.505997,0.0,0.0,0.0
2022-01-13 21:16:56.003850,0.0,0.0,0.0
2022-01-13 21:16:56.509290,0.0,0.0,0.0
2022-01-13 21:16:57.008634,0.0,0.0,0.0
2022-01-13 21:16:57.502024,0.0,0.0,0.0
2022-01-13 21:16:58.002743,0.0,0.0,0.0
2022-01-13 21:16:58.507910,0.0,0.0,0.0
2022-01-13 21:16:59.005922,0.0,0.0,0.0
2022-01-13 21:16:59.501777,0.0,0.0,0.0
2022-01-13 21:17:00.009124,0.0,0.0,0.0
2022-01-13 21:17:00.504499,0.0,0.0,0.0
2022-01-13 21:17:01.002620,0.0,0.0,0.0
2022-01-13 21:17:01.506593,0.0,0.0,0.0
2022-01-13 21:17:02.005187,0.0,0.0,0.0
2022-01-13 21:17:02.501615,0.0,0.0,0.0
2022-01-13 21:17:03.011068,0.0,0.0,0.0
2022-01-13 21:17:03.505750,0.0,0.0,0.0
2022-01-13 21:17:04.006193,0.0,0.0,0.0
2022-01-13 21:17:04.502695,0.0,0.0,0.0
2022-01-13 21:17:05.009716,0.0,0.0,0.0
2022-01-13 21:17:05.506453,0.0,0.0,0.0
2022-01-13 21:17:06.004829,0.0,0.0,0.0
2022-01-13 21:17:06.510110,0.0,0.0,0.0
2022-01-13 21:17:07.008499,0.0,0.0,0.0
2022-01-13 21:17:07.503515,0.0,0.0,0.0
2022-01-13 21:17:08.001102,0.0,0.0,0.0
2022-01-13 21:17:08.505726,0.0,0.0,0.0
2022-01-13 21:17:09.004730,0.0,0.0,0.0
2022-01-13 21:17:09.510285,0.0,0.0,0.0
2022-01-13 21:17:10.008171,0.0,0.0,0.0
2022-01-13 21:17:10.502739,0.0,0.0,0.0
2022-01-13 21:17:11.010149,0.0,0.0,0.0
2022-01-13 21:17:11.505485,0.0,0.0,0.0
2022-01-13 21:17:12.003455,0.0,0.0,0.0
2022-01-13 21:17:12.508693,0.0,0.0,0.0
2022-01-13 21:17:13.005984,0.0,0.0,0.0
2022-01-13 21:17:13.508986,0.0,0.0,0.0
2022-01-13 21:17:14.007056,0.0,0.0,0.0
2022-01-13 21:17:14.503846,0.0,0.0,0.0
2022-01-13 21:17:15.002227,0.0,0.0,0.0
2022-01-13 21:17:15.506141,0.0,0.0,0.0
2022-01-13 21:17:16.004113,0.0,0.0,0.0
2022-01-13 21:17:16.509239,0.0,0.0,0.0
2022-01-13 21:17:17.005844,0.0,0.0,0.0
2022-01-13 21:17:17.511030,0.0,0.0,0.0
2022-01-13 21:17:18.009991,0.0,0.0,0.0
2022-01-13 21:17:18.504714,0.0,0.0,0.0
2022-01-13 21:17:19.002730,0.0,0.0,0.0
2022-01-13 21:17:19.508468,0.0,0.0,0.0
2022-01-13 21:17:20.007727,0.0,0.0,0.0
2022-01-13 21:17:20.501455,0.0,0.0,0.0
2022-01-13 21:17:21.009596,0.0,0.0,0.0
2022-01-13 21:17:21.504427,0.0,0.0,0.0
2022-01-13 21:17:22.505976,0.0,0.0,0.0
2022-01-13 21:17:23.003385,0.0,0.0,0.0
2022-01-13 21:17:23.509402,0.0,0.0,0.0
2022-01-13 21:17:24.006863,0.0,0.0,0.0
2022-01-13 21:17:24.501746,0.0,0.0,0.0
2022-01-13 21:17:25.008664,0.0,0.0,0.0
2022-01-13 21:17:25.502923,0.0,0.0,0.0
2022-01-13 21:17:26.001313,0.0,0.0,0.0
2022-01-13 21:17:26.506166,0.0,0.0,0.0
2022-01-13 21:17:27.003956,0.0,0.0,0.0
2022-01-13 21:17:27.508512,0.0,0.0,0.0
2022-01-13 21:17:28.007444,0.0,0.0,0.0
2022-01-13 21:17:28.503397,0.0,0.0,0.0
2022-01-13 21:17:29.002616,0.0,0.0,0.0
2022-01-13 21:17:29.509017,0.0,0.0,0.0
2022-01-13 21:17:30.006896,0.0,0.0,0.0
2022-01-13 21:17:30.502103,0.0,0.0,0.0
2022-01-13 21:17:31.010116,0.0,0.0,0.0
2022-01-13 21:17:31.505599,0.0,0.0,0.0
2022-01-13 21:17:32.003916,0.0,0.0,0.0
2022-01-13 21:17:32.510852,0.0,0.0,0.0
2022-01-13 21:17:33.008505,0.0,0.0,0.0
2022-01-13 21:17:33.502570,0.0,0.0,0.0
2022-01-13 21:17:34.009838,0.0,0.0,0.0
2022-01-13 21:17:34.502067,0.0,0.0,0.0
2022-01-13 21:17:35.010226,0.0,0.0,0.0
2022-01-13 21:17:35.504633,0.0,0.0,0.0
2022-01-13 21:17:36.002356,0.0,0.0,0.0
2022-01-13 21:17:36.509407,0.0,0.0,0.0
2022-01-13 21:17:37.008030,0.0,0.0,0.0
2022-01-13 21:17:37.504007,0.0,0.0,0.0
2022-01-13 21:17:38.001765,0.0,0.0,0.0
2022-01-13 21:17:38.509035,0.0,0.0,0.0
2022-01-13 21:17:39.007025,0.0,0.0,0.0
2022-01-13 21:17:39.502513,0.0,0.0,0.0
2022-01-13 21:17:40.001093,0.0,0.0,0.0
2022-01-13 21:17:40.506005,0.0,0.0,0.0
2022-01-13 21:17:41.006547,0.0,0.0,0.0
2022-01-13 21:17:41.502588,0.0,0.0,0.0
2022-01-13 21:17:42.011350,0.0,0.0,0.0
2022-01-13 21:17:42.505203,0.0,0.0,0.0
2022-01-13 21:17:43.002269,0.0,0.0,0.0
2022-01-13 21:17:43.507860,0.0,0.0,0.0
2022-01-13 21:17:44.005656,0.0,0.0,0.0
2022-01-13 21:17:44.501767,0.0,0.0,0.0
2022-01-13 21:17:45.008956,0.0,0.0,0.0
2022-01-13 21:17:45.507345,0.0,0.0,0.0
2022-01-13 21:17:46.005480,0.0,0.0,0.0
2022-01-13 21:17:46.501244,0.0,0.0,0.0
2022-01-13 21:17:47.008724,0.0,0.0,0.0
2022-01-13 21:17:47.505444,0.0,0.0,0.0
2022-01-13 21:17:48.003176,0.0,0.0,0.0
2022-01-13 21:17:48.507696,0.0,0.0,0.0
2022-01-13 21:17:49.005050,0.0,0.0,0.0
2022-01-13 21:17:49.502899,0.0,0.0,0.0
2022-01-13 21:17:50.002023,0.0,0.0,0.0
2022-01-13 21:17:50.506384,0.0,0.0,0.0
2022-01-13 21:17:51.006137,0.0,0.0,0.0
2022-01-13 21:17:51.502245,0.0,0.0,0.0
2022-01-13 21:17:52.009379,0.0,0.0,0.0
2022-01-13 21:17:52.503759,0.0,0.0,0.0
2022-01-13 21:17:53.002442,0.0,0.0,0.0
2022-01-13 21:17:53.509072,0.0,0.0,0.0
2022-01-13 21:17:54.008230,0.0,0.0,0.0
2022-01-13 21:17:54.504539,0.0,0.0,0.0
2022-01-13 21:17:55.003580,0.0,0.0,0.0
2022-01-13 21:17:55.509861,0.0,0.0,0.0
2022-01-13 21:17:56.008911,0.0,0.0,0.0
2022-01-13 21:17:56.504328,0.0,0.0,0.0
2022-01-13 21:17:57.002175,0.0,0.0,0.0
2022-01-13 21:17:57.506857,0.0,0.0,0.0
2022-01-13 21:17:58.005147,0.0,0.0,0.0
2022-01-13 21:17:58.510152,0.0,0.0,0.0
2022-01-13 21:17:59.007988,0.0,0.0,0.0
2022-01-13 21:17:59.502773,0.0,0.0,0.0
2022-01-13 21:18:00.010289,0.0,0.0,0.0
2022-01-13 21:18:00.502705,0.0,0.0,0.0
2022-01-13 21:18:01.001252,0.0,0.0,0.0
2022-01-13 21:18:01.506429,0.0,0.0,0.0
2022-01-13 21:18:02.005455,0.0,0.0,0.0
2022-01-13 21:18:02.510969,0.0,0.0,0.0
2022-01-13 21:18:03.009873,0.0,0.0,0.0
2022-01-13 21:18:03.505999,0.0,0.0,0.0
2022-01-13 21:18:04.003174,0.0,0.0,0.0
2022-01-13 21:18:04.509136,0.0,0.0,0.0
2022-01-13 21:18:05.007882,0.0,0.0,0.0
2022-01-13 21:18:05.502936,0.0,0.0,0.0
2022-01-13 21:18:06.001514,0.0,0.0,0.0
2022-01-13 21:18:06.508082,0.0,0.0,0.0
2022-01-13 21:18:07.005969,0.0,0.0,0.0
2022-01-13 21:18:07.501212,0.0,0.0,0.0
2022-01-13 21:18:08.009655,0.0,0.0,0.0
2022-01-13 21:18:08.509671,0.0,0.0,0.0
2022-01-13 21:18:09.008623,0.0,0.0,0.0
2022-01-13 21:18:09.504042,0.0,0.0,0.0
2022-01-13 21:18:10.010955,0.0,0.0,0.0
2022-01-13 21:18:10.506184,0.0,0.0,0.0
2022-01-13 21:18:11.004546,0.0,0.0,0.0
2022-01-13 21:18:11.502306,0.0,0.0,0.0
2022-01-13 21:18:12.010302,0.0,0.0,0.0
2022-01-13 21:18:12.505460,0.0,0.0,0.0
2022-01-13 21:18:13.003076,0.0,0.0,0.0
2022-01-13 21:18:13.508836,0.0,0.0,0.0
2022-01-13 21:18:14.006886,0.0,0.0,0.0
2022-01-13 21:18:14.511127,0.0,0.0,0.0
2022-01-13 21:18:15.009082,0.0,0.0,0.0
2022-01-13 21:18:15.506092,0.0,0.0,0.0
2022-01-13 21:18:16.004638,0.0,0.0,0.0
2022-01-13 21:18:16.510580,0.0,0.0,0.0
2022-01-13 21:18:17.009745,0.0,0.0,0.0
2022-01-13 21:18:17.503909,0.0,0.0,0.0
2022-01-13 21:18:18.003451,0.0,0.0,0.0
2022-01-13 21:18:18.510027,0.0,0.0,0.0
2022-01-13 21:18:19.007558,0.0,0.0,0.0
2022-01-13 21:18:19.501649,0.0,0.0,0.0
2022-01-13 21:18:20.009206,0.0,0.0,0.0
2022-01-13 21:18:20.502103,0.0,0.0,0.0
2022-01-13 21:18:21.001426,0.0,0.0,0.0
2022-01-13 21:18:21.506042,0.0,0.0,0.0
2022-01-13 21:18:22.003875,0.0,0.0,0.0
2022-01-13 21:18:22.510342,0.0,0.0,0.0
2022-01-13 21:18:23.007567,0.0,0.0,0.0
2022-01-13 21:18:23.502636,0.0,0.0,0.0
2022-01-13 21:18:24.010511,0.0,0.0,0.0
2022-01-13 21:18:24.505981,0.0,0.0,0.0
2022-01-13 21:18:25.003808,0.0,0.0,0.0
2022-01-13 21:18:25.501573,0.0,0.0,0.0
2022-01-13 21:18:26.011147,0.0,0.0,0.0
2022-01-13 21:18:26.505265,0.0,0.0,0.0
2022-01-13 21:18:27.002792,0.0,0.0,0.0
2022-01-13 21:18:27.506253,0.0,0.0,0.0
2022-01-13 21:18:28.003885,0.0,0.0,0.0
2022-01-13 21:18:28.507969,0.0,0.0,0.0
2022-01-13 21:18:29.006378,0.0,0.0,0.0
2022-01-13 21:18:29.501565,0.0,0.0,0.0
2022-01-13 21:18:30.010509,0.0,0.0,0.0
2022-01-13 21:18:30.506102,0.0,0.0,0.0
2022-01-13 21:18:31.005586,0.0,0.0,0.0
2022-01-13 21:18:31.510670,0.0,0.0,0.0
2022-01-13 21:18:32.007388,0.0,0.0,0.0
2022-01-13 21:18:32.501528,0.0,0.0,0.0
2022-01-13 21:18:33.010605,0.0,0.0,0.0
2022-01-13 21:18:33.506180,0.0,0.0,0.0
2022-01-13 21:18:34.003008,0.0,0.0,0.0
2022-01-13 21:18:34.509347,0.0,0.0,0.0
2022-01-13 21:18:35.010054,0.0,0.0,0.0
2022-01-13 21:18:35.504118,0.0,0.0,0.0
2022-01-13 21:18:36.002069,0.0,0.0,0.0
2022-01-13 21:18:36.507164,0.0,0.0,0.0
2022-01-13 21:18:37.005734,0.0,0.0,0.0
2022-01-13 21:18:37.501130,0.0,0.0,0.0
2022-01-13 21:18:38.009691,0.0,0.0,0.0
2022-01-13 21:18:38.506856,0.0,0.0,0.0
2022-01-13 21:18:39.004838,0.0,0.0,0.0
2022-01-13 21:18:39.510142,0.0,0.0,0.0
2022-01-13 21:18:40.009532,0.0,0.0,0.0
2022-01-13 21:18:40.503894,0.0,0.0,0.0
2022-01-13 21:18:41.002805,0.0,0.0,0.0
2022-01-13 21:18:41.509362,0.0,0.0,0.0
2022-01-13 21:18:42.005762,0.0,0.0,0.0
2022-01-13 21:18:42.510936,0.0,0.0,0.0
2022-01-13 21:18:43.009529,0.0,0.0,0.0
2022-01-13 21:18:43.507057,0.0,0.0,0.0
2022-01-13 21:18:44.005922,0.0,0.0,0.0
2022-01-13 21:18:44.501556,0.0,0.0,0.0
2022-01-13 21:18:45.009038,0.0,0.0,0.0
2022-01-13 21:18:45.503442,0.0,0.0,0.0
2022-01-13 21:18:46.001932,0.0,0.0,0.0
2022-01-13 21:18:46.507145,0.0,0.0,0.0
2022-01-13 21:18:47.006213,0.0,0.0,0.0
2022-01-13 21:18:47.502805,0.0,0.0,0.0
2022-01-13 21:18:48.001330,0.0,0.0,0.0
2022-01-13 21:18:48.507557,0.0,0.0,0.0
2022-01-13 21:18:49.005427,0.0,0.0,0.0
2022-01-13 21:18:49.509809,0.0,0.0,0.0
2022-01-13 21:18:50.007595,0.0,0.0,0.0
2022-01-13 21:18:50.504162,0.0,0.0,0.0
2022-01-13 21:18:51.002233,0.0,0.0,0.0
2022-01-13 21:18:51.507726,0.0,0.0,0.0
2022-01-13 21:18:52.008501,0.0,0.0,0.0
2022-01-13 21:18:52.502773,0.0,0.0,0.0
2022-01-13 21:18:53.001368,0.0,0.0,0.0
2022-01-13 21:18:53.506146,0.0,0.0,0.0
2022-01-13 21:18:54.003622,0.0,0.0,0.0
2022-01-13 21:18:54.508971,0.0,0.0,0.0
2022-01-13 21:18:55.006160,0.0,0.0,0.0
2022-01-13 21:18:55.502476,0.0,0.0,0.0
2022-01-13 21:18:56.001527,0.0,0.0,0.0
2022-01-13 21:18:56.509583,0.0,0.0,0.0
2022-01-13 21:18:57.009357,0.0,0.0,0.0
2022-01-13 21:18:57.504194,0.0,0.0,0.0
2022-01-13 21:18:58.002321,0.0,0.0,0.0
2022-01-13 21:18:58.506654,0.0,0.0,0.0
2022-01-13 21:18:59.005294,0.0,0.0,0.0
2022-01-13 21:18:59.510527,0.0,0.0,0.0
2022-01-13 21:19:00.009166,0.0,0.0,0.0
2022-01-13 21:19:00.505092,0.0,0.0,0.0
2022-01-13 21:19:01.003989,0.0,0.0,0.0
2022-01-13 21:19:01.509514,0.0,0.0,0.0
2022-01-13 21:19:02.006422,0.0,0.0,0.0
2022-01-13 21:19:02.511042,0.0,0.0,0.0
2022-01-13 21:19:03.009984,0.0,0.0,0.0
2022-01-13 21:19:03.505204,0.0,0.0,0.0
2022-01-13 21:19:04.002070,0.0,0.0,0.0
2022-01-13 21:19:04.506545,0.0,0.0,0.0
2022-01-13 21:19:05.007129,0.0,0.0,0.0
2022-01-13 21:19:05.502100,0.0,0.0,0.0
2022-01-13 21:19:06.010109,0.0,0.0,0.0
2022-01-13 21:19:06.507408,0.0,0.0,0.0
2022-01-13 21:19:07.006379,0.0,0.0,0.0
2022-01-13 21:19:07.502479,0.0,0.0,0.0
2022-01-13 21:19:08.011060,0.0,0.0,0.0
2022-01-13 21:19:08.505538,0.0,0.0,0.0
2022-01-13 21:19:09.003714,0.0,0.0,0.0
2022-01-13 21:19:09.509825,0.0,0.0,0.0
2022-01-13 21:19:10.007876,0.0,0.0,0.0
2022-01-13 21:19:10.502016,0.0,0.0,0.0
2022-01-13 21:19:11.002554,0.0,0.0,0.0
2022-01-13 21:19:11.508723,0.0,0.0,0.0
2022-01-13 21:19:12.005547,0.0,0.0,0.0
2022-01-13 21:19:12.510594,0.0,0.0,0.0
2022-01-13 21:19:13.009936,0.0,0.0,0.0
2022-01-13 21:19:13.505117,0.0,0.0,0.0
2022-01-13 21:19:14.004412,0.0,0.0,0.0
2022-01-13 21:19:14.510849,0.0,0.0,0.0
2022-01-13 21:19:15.009164,0.0,0.0,0.0
2022-01-13 21:19:15.502890,0.0,0.0,0.0
2022-01-13 21:19:16.001451,0.0,0.0,0.0
2022-01-13 21:19:16.506159,0.0,0.0,0.0
2022-01-13 21:19:17.004621,0.0,0.0,0.0
2022-01-13 21:19:17.509154,0.0,0.0,0.0
2022-01-13 21:19:18.005513,0.0,0.0,0.0
2022-01-13 21:19:18.502479,0.0,0.0,0.0
2022-01-13 21:19:19.001635,0.0,0.0,0.0
2022-01-13 21:19:19.506690,0.0,0.0,0.0
2022-01-13 21:19:20.004506,0.0,0.0,0.0
2022-01-13 21:19:20.509338,0.0,0.0,0.0
2022-01-13 21:19:21.006746,0.0,0.0,0.0
2022-01-13 21:19:21.501230,0.0,0.0,0.0
2022-01-13 21:19:22.008263,0.0,0.0,0.0
2022-01-13 21:19:22.503164,0.0,0.0,0.0
2022-01-13 21:19:23.002683,0.0,0.0,0.0
2022-01-13 21:19:23.507808,0.0,0.0,0.0
2022-01-13 21:19:24.005409,0.0,0.0,0.0
2022-01-13 21:19:25.005235,0.0,0.0,0.0
2022-01-13 21:19:25.510383,0.0,0.0,0.0
2022-01-13 21:19:26.009078,0.0,0.0,0.0
2022-01-13 21:19:26.503399,0.0,0.0,0.0
2022-01-13 21:19:27.001654,0.0,0.0,0.0
2022-01-13 21:19:27.510315,0.0,0.0,0.0
2022-01-13 21:19:28.010949,0.0,0.0,0.0
2022-01-13 21:19:28.506429,0.0,0.0,0.0
2022-01-13 21:19:29.004848,0.0,0.0,0.0
2022-01-13 21:19:30.005142,0.0,0.0,0.0
2022-01-13 21:19:30.509081,0.0,0.0,0.0
2022-01-13 21:19:31.005628,0.0,0.0,0.0
2022-01-13 21:19:32.005550,0.0,0.0,0.0
2022-01-13 21:19:32.503246,0.0,0.0,0.0
2022-01-13 21:19:33.001500,0.0,0.0,0.0
2022-01-13 21:19:33.506912,0.0,0.0,0.0
2022-01-13 21:19:34.005217,0.0,0.0,0.0
2022-01-13 21:19:34.509644,0.0,0.0,0.0
2022-01-13 21:19:35.007299,0.0,0.0,0.0
2022-01-13 21:19:35.503006,0.0,0.0,0.0
2022-01-13 21:19:36.001560,0.0,0.0,0.0
2022-01-13 21:19:36.505455,0.0,0.0,0.0
2022-01-13 21:19:37.003950,0.0,0.0,0.0
2022-01-13 21:19:37.509932,0.0,0.0,0.0
2022-01-13 21:19:38.008684,0.0,0.0,0.0
2022-01-13 21:19:38.504285,0.0,0.0,0.0
2022-01-13 21:19:39.003377,0.0,0.0,0.0
2022-01-13 21:19:39.510190,0.0,0.0,0.0
2022-01-13 21:19:40.008249,0.0,0.0,0.0
2022-01-13 21:19:40.502790,0.0,0.0,0.0
2022-01-13 21:19:41.001769,0.0,0.0,0.0
2022-01-13 21:19:41.508959,0.0,0.0,0.0
2022-01-13 21:19:42.007220,0.0,0.0,0.0
2022-01-13 21:19:42.502547,0.0,0.0,0.0
2022-01-13 21:19:43.002097,0.0,0.0,0.0
2022-01-13 21:19:43.507773,0.0,0.0,0.0
2022-01-13 21:19:44.006753,0.0,0.0,0.0
2022-01-13 21:19:44.502802,0.0,0.0,0.0
2022-01-13 21:19:45.505579,0.0,0.0,0.0
2022-01-13 21:19:46.003372,0.0,0.0,0.0
2022-01-13 21:19:46.510215,0.0,0.0,0.0
2022-01-13 21:19:47.009590,0.0,0.0,0.0
2022-01-13 21:19:47.503288,0.0,0.0,0.0
2022-01-13 21:19:48.505485,0.0,0.0,0.0
2022-01-13 21:19:49.002770,0.0,0.0,0.0
2022-01-13 21:19:49.507888,0.0,0.0,0.0
2022-01-13 21:19:50.006378,0.0,0.0,0.0
2022-01-13 21:19:50.501576,0.0,0.0,0.0
2022-01-13 21:19:51.009741,0.0,0.0,0.0
2022-01-13 21:19:51.504925,0.0,0.0,0.0
2022-01-13 21:19:52.002544,0.0,0.0,0.0
2022-01-13 21:19:52.509476,0.0,0.0,0.0
2022-01-13 21:19:53.009224,0.0,0.0,0.0
2022-01-13 21:19:53.504215,0.0,0.0,0.0
2022-01-13 21:19:54.002213,0.0,0.0,0.0
2022-01-13 21:19:54.507512,0.0,0.0,0.0
2022-01-13 21:19:55.006042,0.0,0.0,0.0
2022-01-13 21:19:55.510843,0.0,0.0,0.0
2022-01-13 21:19:56.009666,0.0,0.0,0.0
2022-01-13 21:19:56.507661,0.0,0.0,0.0
2022-01-13 21:19:57.005928,0.0,0.0,0.0
2022-01-13 21:19:57.501059,0.0,0.0,0.0
2022-01-13 21:19:58.010761,0.0,0.0,0.0
2022-01-13 21:19:58.504247,0.0,0.0,0.0
2022-01-13 21:19:59.002113,0.0,0.0,0.0
2022-01-13 21:19:59.506049,0.0,0.0,0.0
2022-01-13 21:20:00.004227,0.0,0.0,0.0
2022-01-13 21:20:00.508847,0.0,0.0,0.0
2022-01-13 21:20:01.008208,0.0,0.0,0.0
2022-01-13 21:20:01.502648,0.0,0.0,0.0
2022-01-13 21:20:02.001137,0.0,0.0,0.0
2022-01-13 21:20:02.505849,0.0,0.0,0.0
2022-01-13 21:20:03.003679,0.0,0.0,0.0
2022-01-13 21:20:03.509276,0.0,0.0,0.0
2022-01-13 21:20:04.007438,0.0,0.0,0.0
2022-01-13 21:20:04.502996,0.0,0.0,0.0
2022-01-13 21:20:05.010818,0.0,0.0,0.0
2022-01-13 21:20:05.504934,0.0,0.0,0.0
2022-01-13 21:20:06.002187,0.0,0.0,0.0
2022-01-13 21:20:06.507842,0.0,0.0,0.0
2022-01-13 21:20:07.006762,0.0,0.0,0.0
2022-01-13 21:20:07.502478,0.0,0.0,0.0
2022-01-13 21:20:08.010267,0.0,0.0,0.0
2022-01-13 21:20:08.504881,0.0,0.0,0.0
2022-01-13 21:20:09.003851,0.0,0.0,0.0
2022-01-13 21:20:09.510102,0.0,0.0,0.0
2022-01-13 21:20:10.008221,0.0,0.0,0.0
2022-01-13 21:20:10.503321,0.0,0.0,0.0
2022-01-13 21:20:11.002647,0.0,0.0,0.0
2022-01-13 21:20:11.506222,0.0,0.0,0.0
2022-01-13 21:20:12.004075,0.0,0.0,0.0
2022-01-13 21:20:12.508427,0.0,0.0,0.0
2022-01-13 21:20:13.006263,0.0,0.0,0.0
2022-01-13 21:20:13.502836,0.0,0.0,0.0
2022-01-13 21:20:14.505054,0.0,0.0,0.0
2022-01-13 21:20:15.002644,0.0,0.0,0.0
2022-01-13 21:20:15.509003,0.0,0.0,0.0
2022-01-13 21:20:16.005839,0.0,0.0,0.0
2022-01-13 21:20:16.510562,0.0,0.0,0.0
2022-01-13 21:20:17.008615,0.0,0.0,0.0
2022-01-13 21:20:17.506201,0.0,0.0,0.0
2022-01-13 21:20:18.004401,0.0,0.0,0.0
2022-01-13 21:20:18.501453,0.0,0.0,0.0
2022-01-13 21:20:19.008733,0.0,0.0,0.0
2022-01-13 21:20:19.502329,0.0,0.0,0.0
2022-01-13 21:20:20.011221,0.0,0.0,0.0
2022-01-13 21:20:20.506537,0.0,0.0,0.0
2022-01-13 21:20:21.003767,0.0,0.0,0.0
2022-01-13 21:20:21.509422,0.0,0.0,0.0
2022-01-13 21:20:22.006876,0.0,0.0,0.0
2022-01-13 21:20:22.510993,0.0,0.0,0.0
2022-01-13 21:20:23.009556,0.0,0.0,0.0
2022-01-13 21:20:23.502013,0.0,0.0,0.0
2022-01-13 21:20:24.505771,0.0,0.0,0.0
2022-01-13 21:20:25.003287,0.0,0.0,0.0
2022-01-13 21:20:25.508476,0.0,0.0,0.0
2022-01-13 21:20:26.006606,0.0,0.0,0.0
2022-01-13 21:20:26.502419,0.0,0.0,0.0
2022-01-13 21:20:27.010782,0.0,0.0,0.0
2022-01-13 21:20:27.506036,0.0,0.0,0.0
2022-01-13 21:20:28.006528,0.0,0.0,0.0
2022-01-13 21:20:28.511059,0.0,0.0,0.0
2022-01-13 21:20:29.010393,0.0,0.0,0.0
2022-01-13 21:20:29.505225,0.0,0.0,0.0
2022-01-13 21:20:30.003837,0.0,0.0,0.0
2022-01-13 21:20:30.508537,0.0,0.0,0.0
2022-01-13 21:20:31.007241,0.0,0.0,0.0
2022-01-13 21:20:31.502167,0.0,0.0,0.0
2022-01-13 21:20:32.009710,0.0,0.0,0.0
2022-01-13 21:20:32.507026,0.0,0.0,0.0
2022-01-13 21:20:33.006194,0.0,0.0,0.0
2022-01-13 21:20:33.510437,0.0,0.0,0.0
2022-01-13 21:20:34.011057,0.0,0.0,0.0
2022-01-13 21:20:34.506596,0.0,0.0,0.0
2022-01-13 21:20:35.005203,0.0,0.0,0.0
2022-01-13 21:20:35.501154,0.0,0.0,0.0
2022-01-13 21:20:36.008844,0.0,0.0,0.0
2022-01-13 21:20:36.502965,0.0,0.0,0.0
2022-01-13 21:20:37.003819,0.0,0.0,0.0
2022-01-13 21:20:37.509778,0.0,0.0,0.0
2022-01-13 21:20:38.008064,0.0,0.0,0.0
2022-01-13 21:20:38.502833,0.0,0.0,0.0
2022-01-13 21:20:39.003529,0.0,0.0,0.0
2022-01-13 21:20:39.509175,0.0,0.0,0.0
2022-01-13 21:20:40.006822,0.0,0.0,0.0
2022-01-13 21:20:40.502722,0.0,0.0,0.0
2022-01-13 21:20:41.005717,0.0,0.0,0.0
2022-01-13 21:20:41.503180,0.0,0.0,0.0
2022-01-13 21:20:42.003131,0.0,0.0,0.0
2022-01-13 21:20:42.508775,0.0,0.0,0.0
2022-01-13 21:20:43.007818,0.0,0.0,0.0
2022-01-13 21:20:43.503221,0.0,0.0,0.0
2022-01-13 21:20:44.002441,0.0,0.0,0.0
2022-01-13 21:20:44.507074,0.0,0.0,0.0
2022-01-13 21:20:45.005172,0.0,0.0,0.0
2022-01-13 21:20:45.501119,0.0,0.0,0.0
2022-01-13 21:20:46.009044,0.0,0.0,0.0
2022-01-13 21:20:46.503749,0.0,0.0,0.0
2022-01-13 21:20:47.001437,0.0,0.0,0.0
2022-01-13 21:20:47.508355,0.0,0.0,0.0
2022-01-13 21:20:48.007063,0.0,0.0,0.0
2022-01-13 21:20:48.502202,0.0,0.0,0.0
2022-01-13 21:20:49.001051,0.0,0.0,0.0
2022-01-13 21:20:49.505930,0.0,0.0,0.0
2022-01-13 21:20:50.006668,0.0,0.0,0.0
2022-01-13 21:20:50.502257,0.0,0.0,0.0
2022-01-13 21:20:51.010032,0.0,0.0,0.0
2022-01-13 21:20:51.505577,0.0,0.0,0.0
2022-01-13 21:20:52.002770,0.0,0.0,0.0
2022-01-13 21:20:52.509245,0.0,0.0,0.0
2022-01-13 21:20:53.007216,0.0,0.0,0.0
2022-01-13 21:20:53.501807,0.0,0.0,0.0
2022-01-13 21:20:54.010995,0.0,0.0,0.0
2022-01-13 21:20:54.507398,0.0,0.0,0.0
2022-01-13 21:20:55.006613,0.0,0.0,0.0
2022-01-13 21:20:55.501520,0.0,0.0,0.0
2022-01-13 21:20:56.009748,0.0,0.0,0.0
2022-01-13 21:20:56.506282,0.0,0.0,0.0
2022-01-13 21:20:57.005173,0.0,0.0,0.0
2022-01-13 21:20:57.509594,0.0,0.0,0.0
2022-01-13 21:20:58.007252,0.0,0.0,0.0
2022-01-13 21:20:58.502613,0.0,0.0,0.0
2022-01-13 21:20:59.002175,0.0,0.0,0.0
2022-01-13 21:20:59.508403,0.0,0.0,0.0
2022-01-13 21:21:00.007727,0.0,0.0,0.0
2022-01-13 21:21:00.509654,0.0,0.0,0.0
2022-01-13 21:21:01.007266,0.0,0.0,0.0
2022-01-13 21:21:01.501073,0.0,0.0,0.0
2022-01-13 21:21:02.009464,0.0,0.0,0.0
2022-01-13 21:21:02.504111,0.0,0.0,0.0
2022-01-13 21:21:03.003622,0.0,0.0,0.0
2022-01-13 21:21:03.510015,0.0,0.0,0.0
2022-01-13 21:21:04.008428,0.0,0.0,0.0
2022-01-13 21:21:04.504259,0.0,0.0,0.0
2022-01-13 21:21:05.002930,0.0,0.0,0.0
2022-01-13 21:21:05.508837,0.0,0.0,0.0
2022-01-13 21:21:06.005863,0.0,0.0,0.0
2022-01-13 21:21:06.501344,0.0,0.0,0.0
2022-01-13 21:21:07.009875,0.0,0.0,0.0
2022-01-13 21:21:07.506966,0.0,0.0,0.0
2022-01-13 21:21:08.004466,0.0,0.0,0.0
2022-01-13 21:21:08.509589,0.0,0.0,0.0
2022-01-13 21:21:09.007483,0.0,0.0,0.0
2022-01-13 21:21:09.502406,0.0,0.0,0.0
2022-01-13 21:21:10.009933,0.0,0.0,0.0
2022-01-13 21:21:10.504643,0.0,0.0,0.0
2022-01-13 21:21:11.003860,0.0,0.0,0.0
2022-01-13 21:21:11.508841,0.0,0.0,0.0
2022-01-13 21:21:12.009092,0.0,0.0,0.0
2022-01-13 21:21:12.504413,0.0,0.0,0.0
2022-01-13 21:21:13.001722,0.0,0.0,0.0
2022-01-13 21:21:13.507987,0.0,0.0,0.0
2022-01-13 21:21:14.005705,0.0,0.0,0.0
2022-01-13 21:21:14.509993,0.0,0.0,0.0
2022-01-13 21:21:15.008101,0.0,0.0,0.0
2022-01-13 21:21:15.502156,0.0,0.0,0.0
2022-01-13 21:21:16.010142,0.0,0.0,0.0
2022-01-13 21:21:16.506069,0.0,0.0,0.0
2022-01-13 21:21:17.004460,0.0,0.0,0.0
2022-01-13 21:21:17.509534,0.0,0.0,0.0
2022-01-13 21:21:18.006595,0.0,0.0,0.0
2022-01-13 21:21:18.501871,0.0,0.0,0.0
2022-01-13 21:21:19.010103,0.0,0.0,0.0
2022-01-13 21:21:19.504749,0.0,0.0,0.0
2022-01-13 21:21:20.003240,0.0,0.0,0.0
2022-01-13 21:21:20.508300,0.0,0.0,0.0
2022-01-13 21:21:21.005491,0.0,0.0,0.0
2022-01-13 21:21:21.510363,0.0,0.0,0.0
2022-01-13 21:21:22.007376,0.0,0.0,0.0
2022-01-13 21:21:22.503111,0.0,0.0,0.0
2022-01-13 21:21:23.002362,0.0,0.0,0.0
2022-01-13 21:21:23.507419,0.0,0.0,0.0
2022-01-13 21:21:24.005771,0.0,0.0,0.0
2022-01-13 21:21:24.501738,0.0,0.0,0.0
2022-01-13 21:21:25.003675,0.0,0.0,0.0
2022-01-13 21:21:25.507931,0.0,0.0,0.0
2022-01-13 21:21:26.006100,0.0,0.0,0.0
2022-01-13 21:21:26.503679,0.0,0.0,0.0
2022-01-13 21:21:27.001249,0.0,0.0,0.0
2022-01-13 21:21:27.506526,0.0,0.0,0.0
2022-01-13 21:21:28.005009,0.0,0.0,0.0
2022-01-13 21:21:28.501302,0.0,0.0,0.0
2022-01-13 21:21:29.009296,0.0,0.0,0.0
2022-01-13 21:21:29.505595,0.0,0.0,0.0
2022-01-13 21:21:30.003443,0.0,0.0,0.0
2022-01-13 21:21:30.510010,0.0,0.0,0.0
2022-01-13 21:21:31.009844,0.0,0.0,0.0
2022-01-13 21:21:31.504252,0.0,0.0,0.0
2022-01-13 21:21:32.001462,0.0,0.0,0.0
2022-01-13 21:21:32.508213,0.0,0.0,0.0
2022-01-13 21:21:33.006097,0.0,0.0,0.0
2022-01-13 21:21:33.511221,0.0,0.0,0.0
2022-01-13 21:21:34.001407,0.0,0.0,0.0
2022-01-13 21:21:34.506082,0.0,0.0,0.0
2022-01-13 21:21:35.004055,0.0,0.0,0.0
