時間,回転１,回転２,回転３
2022-01-13 22:00:00.010021,0.0,0.0,0.0
2022-01-13 22:00:00.505092,0.0,0.0,0.0
2022-01-13 22:00:01.002975,0.0,0.0,0.0
2022-01-13 22:00:01.507228,0.0,0.0,0.0
2022-01-13 22:00:02.008189,0.0,0.0,0.0
2022-01-13 22:00:02.503722,0.0,0.0,0.0
2022-01-13 22:00:03.006353,0.0,0.0,0.0
2022-01-13 22:00:03.501200,0.0,0.0,0.0
2022-01-13 22:00:04.010637,0.0,0.0,0.0
2022-01-13 22:00:04.507201,0.0,0.0,0.0
2022-01-13 22:00:05.006022,0.0,0.0,0.0
2022-01-13 22:00:05.501234,0.0,0.0,0.0
2022-01-13 22:00:06.010623,0.0,0.0,0.0
2022-01-13 22:00:06.505753,0.0,0.0,0.0
2022-01-13 22:00:07.003371,0.0,0.0,0.0
2022-01-13 22:00:07.509173,0.0,0.0,0.0
2022-01-13 22:00:08.007872,0.0,0.0,0.0
2022-01-13 22:00:08.506407,0.0,0.0,0.0
2022-01-13 22:00:09.006172,0.0,0.0,0.0
2022-01-13 22:00:09.501762,0.0,0.0,0.0
2022-01-13 22:00:10.504962,0.0,0.0,0.0
2022-01-13 22:00:11.003794,0.0,0.0,0.0
2022-01-13 22:00:11.510850,0.0,0.0,0.0
2022-01-13 22:00:12.010050,0.0,0.0,0.0
2022-01-13 22:00:12.505873,0.0,0.0,0.0
2022-01-13 22:00:13.006060,0.0,0.0,0.0
2022-01-13 22:00:13.502939,0.0,0.0,0.0
2022-01-13 22:00:14.001200,0.0,0.0,0.0
2022-01-13 22:00:14.507288,0.0,0.0,0.0
2022-01-13 22:00:15.005329,0.0,0.0,0.0
2022-01-13 22:00:15.501407,0.0,0.0,0.0
2022-01-13 22:00:16.009902,0.0,0.0,0.0
2022-01-13 22:00:16.504542,0.0,0.0,0.0
2022-01-13 22:00:17.002775,0.0,0.0,0.0
2022-01-13 22:00:17.509654,0.0,0.0,0.0
2022-01-13 22:00:18.006864,0.0,0.0,0.0
2022-01-13 22:00:18.503073,0.0,0.0,0.0
2022-01-13 22:00:19.010925,0.0,0.0,0.0
2022-01-13 22:00:19.505725,0.0,0.0,0.0
2022-01-13 22:00:20.002277,0.0,0.0,0.0
2022-01-13 22:00:20.507659,0.0,0.0,0.0
2022-01-13 22:00:21.007638,0.0,0.0,0.0
2022-01-13 22:00:21.503740,0.0,0.0,0.0
2022-01-13 22:00:22.002004,0.0,0.0,0.0
2022-01-13 22:00:22.507938,0.0,0.0,0.0
2022-01-13 22:00:23.006342,0.0,0.0,0.0
2022-01-13 22:00:23.510935,0.0,0.0,0.0
2022-01-13 22:00:24.007184,0.0,0.0,0.0
2022-01-13 22:00:24.502445,0.0,0.0,0.0
2022-01-13 22:00:25.011044,0.0,0.0,0.0
2022-01-13 22:00:25.505585,0.0,0.0,0.0
2022-01-13 22:00:26.002849,0.0,0.0,0.0
2022-01-13 22:00:26.510882,0.0,0.0,0.0
2022-01-13 22:00:27.009251,0.0,0.0,0.0
2022-01-13 22:00:27.504613,0.0,0.0,0.0
2022-01-13 22:00:28.002157,0.0,0.0,0.0
2022-01-13 22:00:28.506436,0.0,0.0,0.0
2022-01-13 22:00:29.005542,0.0,0.0,0.0
2022-01-13 22:00:29.510576,0.0,0.0,0.0
2022-01-13 22:00:30.009313,0.0,0.0,0.0
2022-01-13 22:00:30.505165,0.0,0.0,0.0
2022-01-13 22:00:31.003952,0.0,0.0,0.0
2022-01-13 22:00:31.509903,0.0,0.0,0.0
2022-01-13 22:00:32.007951,0.0,0.0,0.0
2022-01-13 22:00:32.503054,0.0,0.0,0.0
2022-01-13 22:00:33.002835,0.0,0.0,0.0
2022-01-13 22:00:33.508658,0.0,0.0,0.0
2022-01-13 22:00:34.006294,0.0,0.0,0.0
2022-01-13 22:00:34.504524,0.0,0.0,0.0
2022-01-13 22:00:35.002312,0.0,0.0,0.0
2022-01-13 22:00:35.508055,0.0,0.0,0.0
2022-01-13 22:00:36.006305,0.0,0.0,0.0
2022-01-13 22:00:36.501832,0.0,0.0,0.0
2022-01-13 22:00:37.010001,0.0,0.0,0.0
2022-01-13 22:00:37.505287,0.0,0.0,0.0
2022-01-13 22:00:38.003720,0.0,0.0,0.0
2022-01-13 22:00:38.507843,0.0,0.0,0.0
2022-01-13 22:00:39.006979,0.0,0.0,0.0
2022-01-13 22:00:39.503451,0.0,0.0,0.0
2022-01-13 22:00:40.001128,0.0,0.0,0.0
2022-01-13 22:00:40.505810,0.0,0.0,0.0
2022-01-13 22:00:41.005163,0.0,0.0,0.0
2022-01-13 22:00:41.501085,0.0,0.0,0.0
2022-01-13 22:00:42.009863,0.0,0.0,0.0
2022-01-13 22:00:42.505198,0.0,0.0,0.0
2022-01-13 22:00:43.002325,0.0,0.0,0.0
2022-01-13 22:00:43.509525,0.0,0.0,0.0
2022-01-13 22:00:44.009589,0.0,0.0,0.0
2022-01-13 22:00:44.504079,0.0,0.0,0.0
2022-01-13 22:00:45.001811,0.0,0.0,0.0
2022-01-13 22:00:45.507575,0.0,0.0,0.0
2022-01-13 22:00:46.005730,0.0,0.0,0.0
2022-01-13 22:00:46.502032,0.0,0.0,0.0
2022-01-13 22:00:47.505366,0.0,0.0,0.0
2022-01-13 22:00:48.005025,0.0,0.0,0.0
2022-01-13 22:00:48.507845,0.0,0.0,0.0
2022-01-13 22:00:49.006900,0.0,0.0,0.0
2022-01-13 22:00:49.505152,0.0,0.0,0.0
2022-01-13 22:00:50.002018,0.0,0.0,0.0
2022-01-13 22:00:50.507037,0.0,0.0,0.0
2022-01-13 22:00:51.000534,0.0,0.0,0.0
2022-01-13 22:00:51.502459,0.0,0.0,0.0
2022-01-13 22:00:52.007647,0.0,0.0,0.0
2022-01-13 22:00:52.504330,0.0,0.0,0.0
2022-01-13 22:00:53.004917,0.0,0.0,0.0
2022-01-13 22:00:53.501342,0.0,0.0,0.0
2022-01-13 22:00:54.009738,0.0,0.0,0.0
2022-01-13 22:00:54.503165,0.0,0.0,0.0
2022-01-13 22:00:55.002013,0.0,0.0,0.0
2022-01-13 22:00:55.508284,0.0,0.0,0.0
2022-01-13 22:00:56.006631,0.0,0.0,0.0
2022-01-13 22:00:56.503551,0.0,0.0,0.0
2022-01-13 22:00:57.002230,0.0,0.0,0.0
2022-01-13 22:00:57.507629,0.0,0.0,0.0
2022-01-13 22:00:58.005442,0.0,0.0,0.0
2022-01-13 22:00:58.510696,0.0,0.0,0.0
2022-01-13 22:00:59.011034,0.0,0.0,0.0
2022-01-13 22:00:59.505065,0.0,0.0,0.0
2022-01-13 22:01:00.002687,0.0,0.0,0.0
2022-01-13 22:01:00.509189,0.0,0.0,0.0
2022-01-13 22:01:01.007679,0.0,0.0,0.0
2022-01-13 22:01:01.502668,0.0,0.0,0.0
2022-01-13 22:01:02.003090,0.0,0.0,0.0
2022-01-13 22:01:02.510016,0.0,0.0,0.0
2022-01-13 22:01:03.007447,0.0,0.0,0.0
2022-01-13 22:01:03.511223,0.0,0.0,0.0
2022-01-13 22:01:04.008330,0.0,0.0,0.0
2022-01-13 22:01:04.502842,0.0,0.0,0.0
2022-01-13 22:01:05.003533,0.0,0.0,0.0
2022-01-13 22:01:05.510201,0.0,0.0,0.0
2022-01-13 22:01:06.009126,0.0,0.0,0.0
2022-01-13 22:01:06.502897,0.0,0.0,0.0
2022-01-13 22:01:07.001679,0.0,0.0,0.0
2022-01-13 22:01:07.505241,0.0,0.0,0.0
2022-01-13 22:01:08.003390,0.0,0.0,0.0
2022-01-13 22:01:08.508423,0.0,0.0,0.0
2022-01-13 22:01:09.006554,0.0,0.0,0.0
2022-01-13 22:01:09.502159,0.0,0.0,0.0
2022-01-13 22:01:10.001656,0.0,0.0,0.0
2022-01-13 22:01:10.507243,0.0,0.0,0.0
2022-01-13 22:01:11.005800,0.0,0.0,0.0
2022-01-13 22:01:11.509964,0.0,0.0,0.0
2022-01-13 22:01:12.008243,0.0,0.0,0.0
2022-01-13 22:01:12.506955,0.0,0.0,0.0
2022-01-13 22:01:13.005773,0.0,0.0,0.0
2022-01-13 22:01:13.509832,0.0,0.0,0.0
2022-01-13 22:01:14.008545,0.0,0.0,0.0
2022-01-13 22:01:14.504307,0.0,0.0,0.0
2022-01-13 22:01:15.003306,0.0,0.0,0.0
2022-01-13 22:01:15.509567,0.0,0.0,0.0
2022-01-13 22:01:16.007919,0.0,0.0,0.0
2022-01-13 22:01:16.503363,0.0,0.0,0.0
2022-01-13 22:01:17.003090,0.0,0.0,0.0
2022-01-13 22:01:17.507808,0.0,0.0,0.0
2022-01-13 22:01:18.006293,0.0,0.0,0.0
2022-01-13 22:01:18.502836,0.0,0.0,0.0
2022-01-13 22:01:19.001972,0.0,0.0,0.0
2022-01-13 22:01:19.507640,0.0,0.0,0.0
2022-01-13 22:01:20.005787,0.0,0.0,0.0
2022-01-13 22:01:20.511132,0.0,0.0,0.0
2022-01-13 22:01:21.008594,0.0,0.0,0.0
2022-01-13 22:01:21.504469,0.0,0.0,0.0
2022-01-13 22:01:22.001463,0.0,0.0,0.0
2022-01-13 22:01:22.507436,0.0,0.0,0.0
2022-01-13 22:01:23.005277,0.0,0.0,0.0
2022-01-13 22:01:23.501767,0.0,0.0,0.0
2022-01-13 22:01:24.011004,0.0,0.0,0.0
2022-01-13 22:01:24.505859,0.0,0.0,0.0
2022-01-13 22:01:25.005229,0.0,0.0,0.0
2022-01-13 22:01:25.510030,0.0,0.0,0.0
2022-01-13 22:01:26.009193,0.0,0.0,0.0
2022-01-13 22:01:26.505765,0.0,0.0,0.0
2022-01-13 22:01:27.003484,0.0,0.0,0.0
2022-01-13 22:01:27.510416,0.0,0.0,0.0
2022-01-13 22:01:28.008894,0.0,0.0,0.0
2022-01-13 22:01:28.504480,0.0,0.0,0.0
2022-01-13 22:01:29.002198,0.0,0.0,0.0
2022-01-13 22:01:29.508720,0.0,0.0,0.0
2022-01-13 22:01:30.006964,0.0,0.0,0.0
2022-01-13 22:01:30.503443,0.0,0.0,0.0
2022-01-13 22:01:31.001584,0.0,0.0,0.0
2022-01-13 22:01:31.507885,0.0,0.0,0.0
2022-01-13 22:01:32.007343,0.0,0.0,0.0
2022-01-13 22:01:32.503044,0.0,0.0,0.0
2022-01-13 22:01:33.001752,0.0,0.0,0.0
2022-01-13 22:01:33.507390,0.0,0.0,0.0
2022-01-13 22:01:34.005437,0.0,0.0,0.0
2022-01-13 22:01:34.511366,0.0,0.0,0.0
2022-01-13 22:01:35.008486,0.0,0.0,0.0
2022-01-13 22:01:35.502885,0.0,0.0,0.0
2022-01-13 22:01:36.001621,0.0,0.0,0.0
2022-01-13 22:01:36.506299,0.0,0.0,0.0
2022-01-13 22:01:37.006960,0.0,0.0,0.0
2022-01-13 22:01:37.501976,0.0,0.0,0.0
2022-01-13 22:01:38.009644,0.0,0.0,0.0
2022-01-13 22:01:38.504531,0.0,0.0,0.0
2022-01-13 22:01:39.001921,0.0,0.0,0.0
2022-01-13 22:01:39.505444,0.0,0.0,0.0
2022-01-13 22:01:40.004415,0.0,0.0,0.0
2022-01-13 22:01:40.510728,0.0,0.0,0.0
2022-01-13 22:01:41.009958,0.0,0.0,0.0
2022-01-13 22:01:41.508878,0.0,0.0,0.0
2022-01-13 22:01:42.007131,0.0,0.0,0.0
2022-01-13 22:01:42.502184,0.0,0.0,0.0
2022-01-13 22:01:43.009518,0.0,0.0,0.0
2022-01-13 22:01:43.505360,0.0,0.0,0.0
2022-01-13 22:01:44.002747,0.0,0.0,0.0
2022-01-13 22:01:44.509025,0.0,0.0,0.0
2022-01-13 22:01:45.006872,0.0,0.0,0.0
2022-01-13 22:01:45.510886,0.0,0.0,0.0
2022-01-13 22:01:46.009560,0.0,0.0,0.0
2022-01-13 22:01:46.504231,0.0,0.0,0.0
2022-01-13 22:01:47.003542,0.0,0.0,0.0
2022-01-13 22:01:47.510391,0.0,0.0,0.0
2022-01-13 22:01:48.009008,0.0,0.0,0.0
2022-01-13 22:01:48.502529,0.0,0.0,0.0
2022-01-13 22:01:49.003121,0.0,0.0,0.0
2022-01-13 22:01:49.506924,0.0,0.0,0.0
2022-01-13 22:01:50.005084,0.0,0.0,0.0
2022-01-13 22:01:50.509539,0.0,0.0,0.0
2022-01-13 22:01:51.005999,0.0,0.0,0.0
2022-01-13 22:01:51.502003,0.0,0.0,0.0
2022-01-13 22:01:52.010690,0.0,0.0,0.0
2022-01-13 22:01:52.506144,0.0,0.0,0.0
2022-01-13 22:01:53.003681,0.0,0.0,0.0
2022-01-13 22:01:53.508711,0.0,0.0,0.0
2022-01-13 22:01:54.004857,0.0,0.0,0.0
2022-01-13 22:01:54.509687,0.0,0.0,0.0
2022-01-13 22:01:55.008175,0.0,0.0,0.0
2022-01-13 22:01:55.505667,0.0,0.0,0.0
2022-01-13 22:01:56.003296,0.0,0.0,0.0
2022-01-13 22:01:56.508966,0.0,0.0,0.0
2022-01-13 22:01:57.006080,0.0,0.0,0.0
2022-01-13 22:01:57.501150,0.0,0.0,0.0
2022-01-13 22:01:58.008356,0.0,0.0,0.0
2022-01-13 22:01:58.503187,0.0,0.0,0.0
2022-01-13 22:01:59.001625,0.0,0.0,0.0
2022-01-13 22:01:59.507006,0.0,0.0,0.0
2022-01-13 22:02:00.005210,0.0,0.0,0.0
2022-01-13 22:02:00.510801,0.0,0.0,0.0
2022-01-13 22:02:01.008163,0.0,0.0,0.0
2022-01-13 22:02:01.501594,0.0,0.0,0.0
2022-01-13 22:02:02.009716,0.0,0.0,0.0
2022-01-13 22:02:02.504591,0.0,0.0,0.0
2022-01-13 22:02:03.002768,0.0,0.0,0.0
2022-01-13 22:02:03.507587,0.0,0.0,0.0
2022-01-13 22:02:04.006826,0.0,0.0,0.0
2022-01-13 22:02:04.501990,0.0,0.0,0.0
2022-01-13 22:02:05.001284,0.0,0.0,0.0
2022-01-13 22:02:05.507175,0.0,0.0,0.0
2022-01-13 22:02:06.005771,0.0,0.0,0.0
2022-01-13 22:02:06.502931,0.0,0.0,0.0
2022-01-13 22:02:07.002468,0.0,0.0,0.0
2022-01-13 22:02:07.507315,0.0,0.0,0.0
2022-01-13 22:02:08.006574,0.0,0.0,0.0
2022-01-13 22:02:08.504159,0.0,0.0,0.0
2022-01-13 22:02:09.002074,0.0,0.0,0.0
2022-01-13 22:02:09.505919,0.0,0.0,0.0
2022-01-13 22:02:10.005567,0.0,0.0,0.0
2022-01-13 22:02:10.511028,0.0,0.0,0.0
2022-01-13 22:02:11.010331,0.0,0.0,0.0
2022-01-13 22:02:11.505274,0.0,0.0,0.0
2022-01-13 22:02:12.003299,0.0,0.0,0.0
2022-01-13 22:02:12.509340,0.0,0.0,0.0
2022-01-13 22:02:13.006382,0.0,0.0,0.0
2022-01-13 22:02:13.510406,0.0,0.0,0.0
2022-01-13 22:02:14.008922,0.0,0.0,0.0
2022-01-13 22:02:14.502827,0.0,0.0,0.0
2022-01-13 22:02:15.011225,0.0,0.0,0.0
2022-01-13 22:02:15.506759,0.0,0.0,0.0
2022-01-13 22:02:16.003679,0.0,0.0,0.0
2022-01-13 22:02:16.509103,0.0,0.0,0.0
2022-01-13 22:02:17.008673,0.0,0.0,0.0
2022-01-13 22:02:17.503855,0.0,0.0,0.0
2022-01-13 22:02:18.003746,0.0,0.0,0.0
2022-01-13 22:02:18.508330,0.0,0.0,0.0
2022-01-13 22:02:19.007885,0.0,0.0,0.0
2022-01-13 22:02:19.503267,0.0,0.0,0.0
2022-01-13 22:02:20.001791,0.0,0.0,0.0
2022-01-13 22:02:20.505866,0.0,0.0,0.0
2022-01-13 22:02:21.005071,0.0,0.0,0.0
2022-01-13 22:02:21.510766,0.0,0.0,0.0
2022-01-13 22:02:22.009066,0.0,0.0,0.0
2022-01-13 22:02:22.504664,0.0,0.0,0.0
2022-01-13 22:02:23.002744,0.0,0.0,0.0
2022-01-13 22:02:23.508000,0.0,0.0,0.0
2022-01-13 22:02:24.006201,0.0,0.0,0.0
2022-01-13 22:02:24.501087,0.0,0.0,0.0
2022-01-13 22:02:25.011062,0.0,0.0,0.0
2022-01-13 22:02:25.507111,0.0,0.0,0.0
2022-01-13 22:02:26.007071,0.0,0.0,0.0
2022-01-13 22:02:26.502054,0.0,0.0,0.0
2022-01-13 22:02:27.009753,0.0,0.0,0.0
2022-01-13 22:02:27.505005,0.0,0.0,0.0
2022-01-13 22:02:28.002496,0.0,0.0,0.0
2022-01-13 22:02:28.507110,0.0,0.0,0.0
2022-01-13 22:02:29.006108,0.0,0.0,0.0
2022-01-13 22:02:30.005221,0.0,0.0,0.0
2022-01-13 22:02:30.510754,0.0,0.0,0.0
2022-01-13 22:02:31.009150,0.0,0.0,0.0
2022-01-13 22:02:31.504797,0.0,0.0,0.0
2022-01-13 22:02:32.003104,0.0,0.0,0.0
2022-01-13 22:02:32.507863,0.0,0.0,0.0
2022-01-13 22:02:33.008008,0.0,0.0,0.0
2022-01-13 22:02:33.502362,0.0,0.0,0.0
2022-01-13 22:02:34.008894,0.0,0.0,0.0
2022-01-13 22:02:34.508251,0.0,0.0,0.0
2022-01-13 22:02:35.009073,0.0,0.0,0.0
2022-01-13 22:02:35.506246,0.0,0.0,0.0
2022-01-13 22:02:36.005161,0.0,0.0,0.0
2022-01-13 22:02:36.510025,0.0,0.0,0.0
2022-01-13 22:02:37.008728,0.0,0.0,0.0
2022-01-13 22:02:37.502995,0.0,0.0,0.0
2022-01-13 22:02:38.011194,0.0,0.0,0.0
2022-01-13 22:02:38.507236,0.0,0.0,0.0
2022-01-13 22:02:39.005615,0.0,0.0,0.0
2022-01-13 22:02:39.501594,0.0,0.0,0.0
2022-01-13 22:02:40.002029,0.0,0.0,0.0
2022-01-13 22:02:40.507079,0.0,0.0,0.0
2022-01-13 22:02:41.005701,0.0,0.0,0.0
2022-01-13 22:02:41.501050,0.0,0.0,0.0
2022-01-13 22:02:42.009898,0.0,0.0,0.0
2022-01-13 22:02:42.504650,0.0,0.0,0.0
2022-01-13 22:02:43.002846,0.0,0.0,0.0
2022-01-13 22:02:43.507160,0.0,0.0,0.0
2022-01-13 22:02:44.004544,0.0,0.0,0.0
2022-01-13 22:02:44.501144,0.0,0.0,0.0
2022-01-13 22:02:45.008688,0.0,0.0,0.0
2022-01-13 22:02:45.505094,0.0,0.0,0.0
2022-01-13 22:02:46.002341,0.0,0.0,0.0
2022-01-13 22:02:46.507138,0.0,0.0,0.0
2022-01-13 22:02:47.005076,0.0,0.0,0.0
2022-01-13 22:02:47.509658,0.0,0.0,0.0
2022-01-13 22:02:48.007484,0.0,0.0,0.0
2022-01-13 22:02:48.502752,0.0,0.0,0.0
2022-01-13 22:02:49.001587,0.0,0.0,0.0
2022-01-13 22:02:49.506883,0.0,0.0,0.0
2022-01-13 22:02:50.005057,0.0,0.0,0.0
2022-01-13 22:02:50.510737,0.0,0.0,0.0
2022-01-13 22:02:51.008529,0.0,0.0,0.0
2022-01-13 22:02:51.503802,0.0,0.0,0.0
2022-01-13 22:02:52.002427,0.0,0.0,0.0
2022-01-13 22:02:52.506373,0.0,0.0,0.0
2022-01-13 22:02:53.005349,0.0,0.0,0.0
2022-01-13 22:02:53.502003,0.0,0.0,0.0
2022-01-13 22:02:54.009928,0.0,0.0,0.0
2022-01-13 22:02:54.504716,0.0,0.0,0.0
2022-01-13 22:02:55.001745,0.0,0.0,0.0
2022-01-13 22:02:55.508617,0.0,0.0,0.0
2022-01-13 22:02:56.005034,0.0,0.0,0.0
2022-01-13 22:02:56.510041,0.0,0.0,0.0
2022-01-13 22:02:57.010015,0.0,0.0,0.0
2022-01-13 22:02:57.505034,0.0,0.0,0.0
2022-01-13 22:02:58.003946,0.0,0.0,0.0
2022-01-13 22:02:58.508499,0.0,0.0,0.0
2022-01-13 22:02:59.006636,0.0,0.0,0.0
2022-01-13 22:02:59.502408,0.0,0.0,0.0
2022-01-13 22:03:00.010761,0.0,0.0,0.0
2022-01-13 22:03:00.505684,0.0,0.0,0.0
2022-01-13 22:03:01.003686,0.0,0.0,0.0
2022-01-13 22:03:01.502500,0.0,0.0,0.0
2022-01-13 22:03:02.001309,0.0,0.0,0.0
2022-01-13 22:03:02.506840,0.0,0.0,0.0
2022-01-13 22:03:03.003911,0.0,0.0,0.0
2022-01-13 22:03:03.507782,0.0,0.0,0.0
2022-01-13 22:03:04.006937,0.0,0.0,0.0
2022-01-13 22:03:04.502546,0.0,0.0,0.0
2022-01-13 22:03:05.011031,0.0,0.0,0.0
2022-01-13 22:03:05.506027,0.0,0.0,0.0
2022-01-13 22:03:06.005362,0.0,0.0,0.0
2022-01-13 22:03:06.510148,0.0,0.0,0.0
2022-01-13 22:03:07.008603,0.0,0.0,0.0
2022-01-13 22:03:07.503947,0.0,0.0,0.0
2022-01-13 22:03:08.002789,0.0,0.0,0.0
2022-01-13 22:03:08.509555,0.0,0.0,0.0
2022-01-13 22:03:09.007238,0.0,0.0,0.0
2022-01-13 22:03:09.503617,0.0,0.0,0.0
2022-01-13 22:03:10.010332,0.0,0.0,0.0
2022-01-13 22:03:10.506999,0.0,0.0,0.0
2022-01-13 22:03:11.004631,0.0,0.0,0.0
2022-01-13 22:03:11.508740,0.0,0.0,0.0
2022-01-13 22:03:12.007486,0.0,0.0,0.0
2022-01-13 22:03:12.502285,0.0,0.0,0.0
2022-01-13 22:03:13.010152,0.0,0.0,0.0
2022-01-13 22:03:13.504439,0.0,0.0,0.0
2022-01-13 22:03:14.002808,0.0,0.0,0.0
2022-01-13 22:03:14.506945,0.0,0.0,0.0
2022-01-13 22:03:15.006506,0.0,0.0,0.0
2022-01-13 22:03:15.511046,0.0,0.0,0.0
2022-01-13 22:03:16.009865,0.0,0.0,0.0
2022-01-13 22:03:16.505776,0.0,0.0,0.0
2022-01-13 22:03:17.003568,0.0,0.0,0.0
2022-01-13 22:03:17.507176,0.0,0.0,0.0
2022-01-13 22:03:18.006100,0.0,0.0,0.0
2022-01-13 22:03:18.503314,0.0,0.0,0.0
2022-01-13 22:03:19.002018,0.0,0.0,0.0
2022-01-13 22:03:19.509280,0.0,0.0,0.0
2022-01-13 22:03:20.007270,0.0,0.0,0.0
2022-01-13 22:03:20.511043,0.0,0.0,0.0
2022-01-13 22:03:21.009836,0.0,0.0,0.0
2022-01-13 22:03:21.505146,0.0,0.0,0.0
2022-01-13 22:03:22.002127,0.0,0.0,0.0
2022-01-13 22:03:22.508664,0.0,0.0,0.0
2022-01-13 22:03:23.006686,0.0,0.0,0.0
2022-01-13 22:03:23.501641,0.0,0.0,0.0
2022-01-13 22:03:24.001215,0.0,0.0,0.0
2022-01-13 22:03:24.508685,0.0,0.0,0.0
2022-01-13 22:03:25.009589,0.0,0.0,0.0
2022-01-13 22:03:25.503550,0.0,0.0,0.0
2022-01-13 22:03:26.004537,0.0,0.0,0.0
2022-01-13 22:03:27.005326,0.0,0.0,0.0
2022-01-13 22:03:27.510075,0.0,0.0,0.0
2022-01-13 22:03:28.008186,0.0,0.0,0.0
2022-01-13 22:03:28.506130,0.0,0.0,0.0
2022-01-13 22:03:29.004818,0.0,0.0,0.0
2022-01-13 22:03:29.509774,0.0,0.0,0.0
2022-01-13 22:03:30.007421,0.0,0.0,0.0
2022-01-13 22:03:30.502568,0.0,0.0,0.0
2022-01-13 22:03:31.001448,0.0,0.0,0.0
2022-01-13 22:03:31.507114,0.0,0.0,0.0
2022-01-13 22:03:32.003903,0.0,0.0,0.0
2022-01-13 22:03:32.510291,0.0,0.0,0.0
2022-01-13 22:03:33.010107,0.0,0.0,0.0
2022-01-13 22:03:33.506576,0.0,0.0,0.0
2022-01-13 22:03:34.004124,0.0,0.0,0.0
2022-01-13 22:03:34.510217,0.0,0.0,0.0
2022-01-13 22:03:35.008575,0.0,0.0,0.0
2022-01-13 22:03:35.502358,0.0,0.0,0.0
2022-01-13 22:03:36.001292,0.0,0.0,0.0
2022-01-13 22:03:36.507440,0.0,0.0,0.0
2022-01-13 22:03:37.005500,0.0,0.0,0.0
2022-01-13 22:03:37.502395,0.0,0.0,0.0
2022-01-13 22:03:38.001153,0.0,0.0,0.0
2022-01-13 22:03:38.506054,0.0,0.0,0.0
2022-01-13 22:03:39.004191,0.0,0.0,0.0
2022-01-13 22:03:39.509528,0.0,0.0,0.0
2022-01-13 22:03:40.010346,0.0,0.0,0.0
2022-01-13 22:03:40.504097,0.0,0.0,0.0
2022-01-13 22:03:41.002881,0.0,0.0,0.0
2022-01-13 22:03:41.509173,0.0,0.0,0.0
2022-01-13 22:03:42.008442,0.0,0.0,0.0
2022-01-13 22:03:42.502713,0.0,0.0,0.0
2022-01-13 22:03:43.010007,0.0,0.0,0.0
2022-01-13 22:03:43.504235,0.0,0.0,0.0
2022-01-13 22:03:44.003266,0.0,0.0,0.0
2022-01-13 22:03:44.508836,0.0,0.0,0.0
2022-01-13 22:03:45.006891,0.0,0.0,0.0
2022-01-13 22:03:45.503340,0.0,0.0,0.0
2022-01-13 22:03:46.001090,0.0,0.0,0.0
2022-01-13 22:03:46.506505,0.0,0.0,0.0
2022-01-13 22:03:47.004871,0.0,0.0,0.0
2022-01-13 22:03:47.508749,0.0,0.0,0.0
2022-01-13 22:03:48.006566,0.0,0.0,0.0
2022-01-13 22:03:48.502052,0.0,0.0,0.0
2022-01-13 22:03:49.010792,0.0,0.0,0.0
2022-01-13 22:03:49.505055,0.0,0.0,0.0
2022-01-13 22:03:50.003706,0.0,0.0,0.0
2022-01-13 22:03:50.509691,0.0,0.0,0.0
2022-01-13 22:03:51.009855,0.0,0.0,0.0
2022-01-13 22:03:51.504794,0.0,0.0,0.0
2022-01-13 22:03:52.002698,0.0,0.0,0.0
2022-01-13 22:03:52.507792,0.0,0.0,0.0
2022-01-13 22:03:53.004603,0.0,0.0,0.0
2022-01-13 22:03:53.509531,0.0,0.0,0.0
2022-01-13 22:03:54.007531,0.0,0.0,0.0
2022-01-13 22:03:54.502195,0.0,0.0,0.0
2022-01-13 22:03:55.004833,0.0,0.0,0.0
2022-01-13 22:03:55.501353,0.0,0.0,0.0
2022-01-13 22:03:56.009639,0.0,0.0,0.0
2022-01-13 22:03:56.504628,0.0,0.0,0.0
2022-01-13 22:03:57.006137,0.0,0.0,0.0
2022-01-13 22:03:57.501727,0.0,0.0,0.0
2022-01-13 22:03:58.010171,0.0,0.0,0.0
2022-01-13 22:03:58.503909,0.0,0.0,0.0
2022-01-13 22:03:59.002959,0.0,0.0,0.0
2022-01-13 22:03:59.507769,0.0,0.0,0.0
2022-01-13 22:04:00.006002,0.0,0.0,0.0
2022-01-13 22:04:00.508647,0.0,0.0,0.0
2022-01-13 22:04:01.007386,0.0,0.0,0.0
2022-01-13 22:04:01.502729,0.0,0.0,0.0
2022-01-13 22:04:02.002361,0.0,0.0,0.0
2022-01-13 22:04:02.501423,0.0,0.0,0.0
2022-01-13 22:04:03.004012,0.0,0.0,0.0
2022-01-13 22:04:03.510963,0.0,0.0,0.0
2022-01-13 22:04:04.010926,0.0,0.0,0.0
2022-01-13 22:04:04.506156,0.0,0.0,0.0
2022-01-13 22:04:05.007466,0.0,0.0,0.0
2022-01-13 22:04:05.502110,0.0,0.0,0.0
2022-01-13 22:04:06.010005,0.0,0.0,0.0
2022-01-13 22:04:06.505419,0.0,0.0,0.0
2022-01-13 22:04:07.002979,0.0,0.0,0.0
2022-01-13 22:04:07.509102,0.0,0.0,0.0
2022-01-13 22:04:08.008537,0.0,0.0,0.0
2022-01-13 22:04:08.505671,0.0,0.0,0.0
2022-01-13 22:04:09.003446,0.0,0.0,0.0
2022-01-13 22:04:09.509532,0.0,0.0,0.0
2022-01-13 22:04:10.005655,0.0,0.0,0.0
2022-01-13 22:04:10.501086,0.0,0.0,0.0
2022-01-13 22:04:11.009864,0.0,0.0,0.0
2022-01-13 22:04:11.505231,0.0,0.0,0.0
2022-01-13 22:04:12.004296,0.0,0.0,0.0
2022-01-13 22:04:13.005280,0.0,0.0,0.0
2022-01-13 22:04:13.502976,0.0,0.0,0.0
2022-01-13 22:04:14.011095,0.0,0.0,0.0
2022-01-13 22:04:14.506097,0.0,0.0,0.0
2022-01-13 22:04:15.003055,0.0,0.0,0.0
2022-01-13 22:04:15.507423,0.0,0.0,0.0
2022-01-13 22:04:16.006231,0.0,0.0,0.0
2022-01-13 22:04:16.511078,0.0,0.0,0.0
2022-01-13 22:04:17.010381,0.0,0.0,0.0
2022-01-13 22:04:17.507061,0.0,0.0,0.0
2022-01-13 22:04:18.006087,0.0,0.0,0.0
2022-01-13 22:04:18.510628,0.0,0.0,0.0
2022-01-13 22:04:19.007967,0.0,0.0,0.0
2022-01-13 22:04:19.502913,0.0,0.0,0.0
2022-01-13 22:04:20.004067,0.0,0.0,0.0
2022-01-13 22:04:20.509926,0.0,0.0,0.0
2022-01-13 22:04:21.007782,0.0,0.0,0.0
2022-01-13 22:04:21.502915,0.0,0.0,0.0
2022-01-13 22:04:22.001396,0.0,0.0,0.0
2022-01-13 22:04:22.505584,0.0,0.0,0.0
2022-01-13 22:04:23.003410,0.0,0.0,0.0
2022-01-13 22:04:23.508718,0.0,0.0,0.0
2022-01-13 22:04:24.007032,0.0,0.0,0.0
2022-01-13 22:04:24.510433,0.0,0.0,0.0
2022-01-13 22:04:25.010095,0.0,0.0,0.0
2022-01-13 22:04:25.507224,0.0,0.0,0.0
2022-01-13 22:04:26.005623,0.0,0.0,0.0
2022-01-13 22:04:26.505740,0.0,0.0,0.0
2022-01-13 22:04:27.002611,0.0,0.0,0.0
2022-01-13 22:04:27.508555,0.0,0.0,0.0
2022-01-13 22:04:28.005108,0.0,0.0,0.0
2022-01-13 22:04:28.510486,0.0,0.0,0.0
2022-01-13 22:04:29.009018,0.0,0.0,0.0
2022-01-13 22:04:29.504721,0.0,0.0,0.0
2022-01-13 22:04:30.002681,0.0,0.0,0.0
2022-01-13 22:04:30.507226,0.0,0.0,0.0
2022-01-13 22:04:31.006783,0.0,0.0,0.0
2022-01-13 22:04:31.501538,0.0,0.0,0.0
2022-01-13 22:04:32.010220,0.0,0.0,0.0
2022-01-13 22:04:32.505394,0.0,0.0,0.0
2022-01-13 22:04:33.004339,0.0,0.0,0.0
2022-01-13 22:04:33.509718,0.0,0.0,0.0
2022-01-13 22:04:34.008463,0.0,0.0,0.0
2022-01-13 22:04:34.503441,0.0,0.0,0.0
2022-01-13 22:04:35.002244,0.0,0.0,0.0
2022-01-13 22:04:35.509803,0.0,0.0,0.0
2022-01-13 22:04:36.007672,0.0,0.0,0.0
2022-01-13 22:04:36.502524,0.0,0.0,0.0
2022-01-13 22:04:37.010859,0.0,0.0,0.0
2022-01-13 22:04:37.509456,0.0,0.0,0.0
2022-01-13 22:04:38.007765,0.0,0.0,0.0
2022-01-13 22:04:38.502329,0.0,0.0,0.0
2022-01-13 22:04:39.009301,0.0,0.0,0.0
2022-01-13 22:04:39.504508,0.0,0.0,0.0
2022-01-13 22:04:40.004012,0.0,0.0,0.0
2022-01-13 22:04:40.509581,0.0,0.0,0.0
2022-01-13 22:04:41.006198,0.0,0.0,0.0
2022-01-13 22:04:41.502300,0.0,0.0,0.0
2022-01-13 22:04:42.011072,0.0,0.0,0.0
2022-01-13 22:04:42.505319,0.0,0.0,0.0
2022-01-13 22:04:43.003100,0.0,0.0,0.0
2022-01-13 22:04:43.509553,0.0,0.0,0.0
2022-01-13 22:04:44.007390,0.0,0.0,0.0
2022-01-13 22:04:44.503690,0.0,0.0,0.0
2022-01-13 22:04:45.001807,0.0,0.0,0.0
2022-01-13 22:04:45.507265,0.0,0.0,0.0
2022-01-13 22:04:46.005435,0.0,0.0,0.0
2022-01-13 22:04:46.510102,0.0,0.0,0.0
2022-01-13 22:04:47.008429,0.0,0.0,0.0
2022-01-13 22:04:47.501901,0.0,0.0,0.0
2022-01-13 22:04:48.002918,0.0,0.0,0.0
2022-01-13 22:04:48.508566,0.0,0.0,0.0
2022-01-13 22:04:49.007336,0.0,0.0,0.0
2022-01-13 22:04:49.502842,0.0,0.0,0.0
2022-01-13 22:04:50.001168,0.0,0.0,0.0
2022-01-13 22:04:50.505492,0.0,0.0,0.0
2022-01-13 22:04:51.002630,0.0,0.0,0.0
2022-01-13 22:04:51.508674,0.0,0.0,0.0
2022-01-13 22:04:52.008432,0.0,0.0,0.0
2022-01-13 22:04:52.502565,0.0,0.0,0.0
2022-01-13 22:04:53.010831,0.0,0.0,0.0
2022-01-13 22:04:53.507652,0.0,0.0,0.0
2022-01-13 22:04:54.005635,0.0,0.0,0.0
2022-01-13 22:04:54.510566,0.0,0.0,0.0
2022-01-13 22:04:55.008693,0.0,0.0,0.0
2022-01-13 22:04:55.504296,0.0,0.0,0.0
2022-01-13 22:04:56.003505,0.0,0.0,0.0
2022-01-13 22:04:56.509101,0.0,0.0,0.0
2022-01-13 22:04:57.008071,0.0,0.0,0.0
2022-01-13 22:04:57.504900,0.0,0.0,0.0
2022-01-13 22:04:58.004117,0.0,0.0,0.0
2022-01-13 22:04:58.510278,0.0,0.0,0.0
2022-01-13 22:04:59.008741,0.0,0.0,0.0
2022-01-13 22:04:59.504988,0.0,0.0,0.0
2022-01-13 22:05:00.003541,0.0,0.0,0.0
2022-01-13 22:05:00.507232,0.0,0.0,0.0
2022-01-13 22:05:01.005905,0.0,0.0,0.0
2022-01-13 22:05:01.502323,0.0,0.0,0.0
2022-01-13 22:05:02.010131,0.0,0.0,0.0
2022-01-13 22:05:02.505136,0.0,0.0,0.0
2022-01-13 22:05:03.003985,0.0,0.0,0.0
2022-01-13 22:05:03.507661,0.0,0.0,0.0
2022-01-13 22:05:04.006652,0.0,0.0,0.0
2022-01-13 22:05:04.501830,0.0,0.0,0.0
2022-01-13 22:05:05.002095,0.0,0.0,0.0
2022-01-13 22:05:05.507095,0.0,0.0,0.0
2022-01-13 22:05:06.005577,0.0,0.0,0.0
2022-01-13 22:05:06.502589,0.0,0.0,0.0
2022-01-13 22:05:07.002563,0.0,0.0,0.0
2022-01-13 22:05:07.510167,0.0,0.0,0.0
2022-01-13 22:05:08.009543,0.0,0.0,0.0
2022-01-13 22:05:08.506083,0.0,0.0,0.0
2022-01-13 22:05:09.003706,0.0,0.0,0.0
2022-01-13 22:05:09.505545,0.0,0.0,0.0
2022-01-13 22:05:10.006489,0.0,0.0,0.0
2022-01-13 22:05:10.504304,0.0,0.0,0.0
2022-01-13 22:05:11.002527,0.0,0.0,0.0
2022-01-13 22:05:11.502502,0.0,0.0,0.0
2022-01-13 22:05:12.011102,0.0,0.0,0.0
2022-01-13 22:05:12.505840,0.0,0.0,0.0
2022-01-13 22:05:13.005445,0.0,0.0,0.0
2022-01-13 22:05:13.510657,0.0,0.0,0.0
2022-01-13 22:05:14.009237,0.0,0.0,0.0
2022-01-13 22:05:14.503990,0.0,0.0,0.0
2022-01-13 22:05:15.003350,0.0,0.0,0.0
2022-01-13 22:05:15.507825,0.0,0.0,0.0
2022-01-13 22:05:16.005800,0.0,0.0,0.0
2022-01-13 22:05:16.509238,0.0,0.0,0.0
2022-01-13 22:05:17.007400,0.0,0.0,0.0
2022-01-13 22:05:17.503075,0.0,0.0,0.0
2022-01-13 22:05:18.010951,0.0,0.0,0.0
2022-01-13 22:05:18.506696,0.0,0.0,0.0
2022-01-13 22:05:19.005430,0.0,0.0,0.0
2022-01-13 22:05:19.503167,0.0,0.0,0.0
2022-01-13 22:05:20.001489,0.0,0.0,0.0
2022-01-13 22:05:20.505200,0.0,0.0,0.0
2022-01-13 22:05:21.002953,0.0,0.0,0.0
2022-01-13 22:05:21.507614,0.0,0.0,0.0
2022-01-13 22:05:22.005227,0.0,0.0,0.0
2022-01-13 22:05:22.509766,0.0,0.0,0.0
2022-01-13 22:05:23.009509,0.0,0.0,0.0
2022-01-13 22:05:23.508780,0.0,0.0,0.0
2022-01-13 22:05:24.007082,0.0,0.0,0.0
2022-01-13 22:05:24.502163,0.0,0.0,0.0
2022-01-13 22:05:25.009782,0.0,0.0,0.0
2022-01-13 22:05:25.504356,0.0,0.0,0.0
2022-01-13 22:05:26.002460,0.0,0.0,0.0
2022-01-13 22:05:26.509172,0.0,0.0,0.0
2022-01-13 22:05:27.006798,0.0,0.0,0.0
2022-01-13 22:05:27.504091,0.0,0.0,0.0
2022-01-13 22:05:28.004951,0.0,0.0,0.0
2022-01-13 22:05:28.510342,0.0,0.0,0.0
2022-01-13 22:05:29.008941,0.0,0.0,0.0
2022-01-13 22:05:29.503917,0.0,0.0,0.0
2022-01-13 22:05:30.003124,0.0,0.0,0.0
2022-01-13 22:05:30.508703,0.0,0.0,0.0
2022-01-13 22:05:31.007145,0.0,0.0,0.0
2022-01-13 22:05:31.501714,0.0,0.0,0.0
2022-01-13 22:05:32.009409,0.0,0.0,0.0
2022-01-13 22:05:32.505139,0.0,0.0,0.0
2022-01-13 22:05:33.003711,0.0,0.0,0.0
2022-01-13 22:05:33.509563,0.0,0.0,0.0
2022-01-13 22:05:34.007169,0.0,0.0,0.0
2022-01-13 22:05:34.501797,0.0,0.0,0.0
2022-01-13 22:05:35.010001,0.0,0.0,0.0
2022-01-13 22:05:35.505073,0.0,0.0,0.0
2022-01-13 22:05:36.003808,0.0,0.0,0.0
2022-01-13 22:05:36.511053,0.0,0.0,0.0
2022-01-13 22:05:37.010598,0.0,0.0,0.0
2022-01-13 22:05:37.505263,0.0,0.0,0.0
2022-01-13 22:05:38.004512,0.0,0.0,0.0
2022-01-13 22:05:38.510752,0.0,0.0,0.0
2022-01-13 22:05:39.009322,0.0,0.0,0.0
2022-01-13 22:05:39.503068,0.0,0.0,0.0
2022-01-13 22:05:40.010908,0.0,0.0,0.0
2022-01-13 22:05:40.507659,0.0,0.0,0.0
2022-01-13 22:05:41.006813,0.0,0.0,0.0
2022-01-13 22:05:41.504405,0.0,0.0,0.0
2022-01-13 22:05:42.002718,0.0,0.0,0.0
2022-01-13 22:05:42.508080,0.0,0.0,0.0
2022-01-13 22:05:43.006491,0.0,0.0,0.0
2022-01-13 22:05:43.510610,0.0,0.0,0.0
2022-01-13 22:05:44.008663,0.0,0.0,0.0
2022-01-13 22:05:44.503459,0.0,0.0,0.0
2022-01-13 22:05:45.002105,0.0,0.0,0.0
2022-01-13 22:05:45.504627,0.0,0.0,0.0
2022-01-13 22:05:46.001959,0.0,0.0,0.0
2022-01-13 22:05:46.508837,0.0,0.0,0.0
2022-01-13 22:05:47.005557,0.0,0.0,0.0
2022-01-13 22:05:47.509567,0.0,0.0,0.0
2022-01-13 22:05:48.007309,0.0,0.0,0.0
2022-01-13 22:05:48.503017,0.0,0.0,0.0
2022-01-13 22:05:49.001241,0.0,0.0,0.0
2022-01-13 22:05:49.506623,0.0,0.0,0.0
2022-01-13 22:05:50.004102,0.0,0.0,0.0
2022-01-13 22:05:50.508456,0.0,0.0,0.0
2022-01-13 22:05:51.005666,0.0,0.0,0.0
2022-01-13 22:05:51.504629,0.0,0.0,0.0
2022-01-13 22:05:52.005690,0.0,0.0,0.0
2022-01-13 22:05:52.501287,0.0,0.0,0.0
2022-01-13 22:05:53.009930,0.0,0.0,0.0
2022-01-13 22:05:53.506997,0.0,0.0,0.0
2022-01-13 22:05:54.005590,0.0,0.0,0.0
2022-01-13 22:05:54.510085,0.0,0.0,0.0
2022-01-13 22:05:55.009888,0.0,0.0,0.0
2022-01-13 22:05:55.507302,0.0,0.0,0.0
2022-01-13 22:05:56.005425,0.0,0.0,0.0
2022-01-13 22:05:56.501561,0.0,0.0,0.0
2022-01-13 22:05:57.002152,0.0,0.0,0.0
2022-01-13 22:05:57.506325,0.0,0.0,0.0
2022-01-13 22:05:58.004438,0.0,0.0,0.0
2022-01-13 22:05:58.509603,0.0,0.0,0.0
2022-01-13 22:05:59.009205,0.0,0.0,0.0
2022-01-13 22:05:59.504625,0.0,0.0,0.0
2022-01-13 22:06:00.002502,0.0,0.0,0.0
2022-01-13 22:06:00.507227,0.0,0.0,0.0
2022-01-13 22:06:01.006589,0.0,0.0,0.0
2022-01-13 22:06:01.501258,0.0,0.0,0.0
2022-01-13 22:06:02.009983,0.0,0.0,0.0
2022-01-13 22:06:02.506000,0.0,0.0,0.0
2022-01-13 22:06:03.004716,0.0,0.0,0.0
2022-01-13 22:06:03.509595,0.0,0.0,0.0
2022-01-13 22:06:04.009851,0.0,0.0,0.0
2022-01-13 22:06:04.506434,0.0,0.0,0.0
2022-01-13 22:06:05.005065,0.0,0.0,0.0
2022-01-13 22:06:05.509646,0.0,0.0,0.0
2022-01-13 22:06:06.008848,0.0,0.0,0.0
2022-01-13 22:06:06.503847,0.0,0.0,0.0
2022-01-13 22:06:07.001420,0.0,0.0,0.0
2022-01-13 22:06:07.506063,0.0,0.0,0.0
2022-01-13 22:06:08.005016,0.0,0.0,0.0
2022-01-13 22:06:08.509693,0.0,0.0,0.0
2022-01-13 22:06:09.007866,0.0,0.0,0.0
2022-01-13 22:06:09.505076,0.0,0.0,0.0
2022-01-13 22:06:10.005179,0.0,0.0,0.0
2022-01-13 22:06:10.501198,0.0,0.0,0.0
2022-01-13 22:06:11.009914,0.0,0.0,0.0
2022-01-13 22:06:11.504284,0.0,0.0,0.0
2022-01-13 22:06:12.505272,0.0,0.0,0.0
2022-01-13 22:06:13.003800,0.0,0.0,0.0
2022-01-13 22:06:13.509053,0.0,0.0,0.0
2022-01-13 22:06:14.009872,0.0,0.0,0.0
2022-01-13 22:06:14.507000,0.0,0.0,0.0
2022-01-13 22:06:15.005402,0.0,0.0,0.0
2022-01-13 22:06:15.509367,0.0,0.0,0.0
2022-01-13 22:06:16.006656,0.0,0.0,0.0
2022-01-13 22:06:17.005152,0.0,0.0,0.0
2022-01-13 22:06:17.510673,0.0,0.0,0.0
2022-01-13 22:06:18.009666,0.0,0.0,0.0
2022-01-13 22:06:18.507501,0.0,0.0,0.0
2022-01-13 22:06:19.005918,0.0,0.0,0.0
2022-01-13 22:06:19.501274,0.0,0.0,0.0
2022-01-13 22:06:20.010682,0.0,0.0,0.0
2022-01-13 22:06:20.506532,0.0,0.0,0.0
2022-01-13 22:06:21.005943,0.0,0.0,0.0
2022-01-13 22:06:21.510186,0.0,0.0,0.0
2022-01-13 22:06:22.008194,0.0,0.0,0.0
2022-01-13 22:06:22.504589,0.0,0.0,0.0
2022-01-13 22:06:23.002844,0.0,0.0,0.0
2022-01-13 22:06:23.509110,0.0,0.0,0.0
2022-01-13 22:06:24.008322,0.0,0.0,0.0
2022-01-13 22:06:24.503931,0.0,0.0,0.0
2022-01-13 22:06:25.002236,0.0,0.0,0.0
2022-01-13 22:06:25.507206,0.0,0.0,0.0
2022-01-13 22:06:26.005185,0.0,0.0,0.0
2022-01-13 22:06:26.510911,0.0,0.0,0.0
2022-01-13 22:06:27.008694,0.0,0.0,0.0
2022-01-13 22:06:27.505337,0.0,0.0,0.0
2022-01-13 22:06:28.003621,0.0,0.0,0.0
2022-01-13 22:06:28.510069,0.0,0.0,0.0
2022-01-13 22:06:29.008166,0.0,0.0,0.0
2022-01-13 22:06:29.502074,0.0,0.0,0.0
2022-01-13 22:06:30.010790,0.0,0.0,0.0
2022-01-13 22:06:30.506961,0.0,0.0,0.0
2022-01-13 22:06:31.005764,0.0,0.0,0.0
2022-01-13 22:06:31.502334,0.0,0.0,0.0
2022-01-13 22:06:32.010570,0.0,0.0,0.0
2022-01-13 22:06:32.506911,0.0,0.0,0.0
2022-01-13 22:06:33.004764,0.0,0.0,0.0
2022-01-13 22:06:33.508782,0.0,0.0,0.0
2022-01-13 22:06:34.006592,0.0,0.0,0.0
2022-01-13 22:06:34.502982,0.0,0.0,0.0
2022-01-13 22:06:35.001087,0.0,0.0,0.0
2022-01-13 22:06:35.505746,0.0,0.0,0.0
2022-01-13 22:06:36.003435,0.0,0.0,0.0
2022-01-13 22:06:36.509042,0.0,0.0,0.0
2022-01-13 22:06:37.007002,0.0,0.0,0.0
2022-01-13 22:06:37.502594,0.0,0.0,0.0
2022-01-13 22:06:38.010088,0.0,0.0,0.0
2022-01-13 22:06:38.504759,0.0,0.0,0.0
2022-01-13 22:06:39.002585,0.0,0.0,0.0
2022-01-13 22:06:39.507102,0.0,0.0,0.0
2022-01-13 22:06:40.005213,0.0,0.0,0.0
2022-01-13 22:06:40.509681,0.0,0.0,0.0
2022-01-13 22:06:41.008699,0.0,0.0,0.0
2022-01-13 22:06:41.503899,0.0,0.0,0.0
2022-01-13 22:06:42.002654,0.0,0.0,0.0
2022-01-13 22:06:42.506842,0.0,0.0,0.0
2022-01-13 22:06:43.004474,0.0,0.0,0.0
2022-01-13 22:06:43.510311,0.0,0.0,0.0
2022-01-13 22:06:44.008318,0.0,0.0,0.0
2022-01-13 22:06:44.501545,0.0,0.0,0.0
2022-01-13 22:06:45.011261,0.0,0.0,0.0
2022-01-13 22:06:45.507490,0.0,0.0,0.0
2022-01-13 22:06:46.004703,0.0,0.0,0.0
2022-01-13 22:06:46.511061,0.0,0.0,0.0
2022-01-13 22:06:47.009610,0.0,0.0,0.0
2022-01-13 22:06:47.505114,0.0,0.0,0.0
2022-01-13 22:06:48.002849,0.0,0.0,0.0
2022-01-13 22:06:48.508501,0.0,0.0,0.0
2022-01-13 22:06:49.006116,0.0,0.0,0.0
2022-01-13 22:06:50.005196,0.0,0.0,0.0
2022-01-13 22:06:50.504334,0.0,0.0,0.0
2022-01-13 22:06:51.001212,0.0,0.0,0.0
2022-01-13 22:06:51.507129,0.0,0.0,0.0
2022-01-13 22:06:52.005029,0.0,0.0,0.0
2022-01-13 22:06:52.509630,0.0,0.0,0.0
2022-01-13 22:06:53.009484,0.0,0.0,0.0
2022-01-13 22:06:53.504939,0.0,0.0,0.0
2022-01-13 22:06:54.001945,0.0,0.0,0.0
2022-01-13 22:06:54.508523,0.0,0.0,0.0
2022-01-13 22:06:55.006649,0.0,0.0,0.0
2022-01-13 22:06:55.501514,0.0,0.0,0.0
2022-01-13 22:06:56.010742,0.0,0.0,0.0
2022-01-13 22:06:56.506190,0.0,0.0,0.0
2022-01-13 22:06:57.005424,0.0,0.0,0.0
2022-01-13 22:06:57.511123,0.0,0.0,0.0
2022-01-13 22:06:58.008067,0.0,0.0,0.0
2022-01-13 22:06:58.501788,0.0,0.0,0.0
2022-01-13 22:06:59.505716,0.0,0.0,0.0
2022-01-13 22:07:00.004033,0.0,0.0,0.0
2022-01-13 22:07:00.508274,0.0,0.0,0.0
2022-01-13 22:07:01.006570,0.0,0.0,0.0
2022-01-13 22:07:01.502015,0.0,0.0,0.0
2022-01-13 22:07:02.001362,0.0,0.0,0.0
2022-01-13 22:07:02.507877,0.0,0.0,0.0
2022-01-13 22:07:03.005541,0.0,0.0,0.0
2022-01-13 22:07:03.502253,0.0,0.0,0.0
2022-01-13 22:07:04.011032,0.0,0.0,0.0
2022-01-13 22:07:04.507852,0.0,0.0,0.0
2022-01-13 22:07:05.005208,0.0,0.0,0.0
2022-01-13 22:07:05.511226,0.0,0.0,0.0
2022-01-13 22:07:06.009099,0.0,0.0,0.0
2022-01-13 22:07:06.505027,0.0,0.0,0.0
2022-01-13 22:07:07.003284,0.0,0.0,0.0
2022-01-13 22:07:07.509170,0.0,0.0,0.0
2022-01-13 22:07:08.007455,0.0,0.0,0.0
2022-01-13 22:07:08.502608,0.0,0.0,0.0
2022-01-13 22:07:09.001820,0.0,0.0,0.0
2022-01-13 22:07:09.507927,0.0,0.0,0.0
2022-01-13 22:07:10.005566,0.0,0.0,0.0
2022-01-13 22:07:10.501254,0.0,0.0,0.0
2022-01-13 22:07:11.009124,0.0,0.0,0.0
2022-01-13 22:07:11.504683,0.0,0.0,0.0
2022-01-13 22:07:12.002741,0.0,0.0,0.0
2022-01-13 22:07:12.510550,0.0,0.0,0.0
2022-01-13 22:07:13.008810,0.0,0.0,0.0
2022-01-13 22:07:13.503559,0.0,0.0,0.0
2022-01-13 22:07:14.001266,0.0,0.0,0.0
2022-01-13 22:07:14.505680,0.0,0.0,0.0
2022-01-13 22:07:15.003866,0.0,0.0,0.0
2022-01-13 22:07:15.508313,0.0,0.0,0.0
2022-01-13 22:07:16.005607,0.0,0.0,0.0
2022-01-13 22:07:16.510481,0.0,0.0,0.0
2022-01-13 22:07:17.010563,0.0,0.0,0.0
2022-01-13 22:07:17.506314,0.0,0.0,0.0
2022-01-13 22:07:18.003506,0.0,0.0,0.0
2022-01-13 22:07:18.509334,0.0,0.0,0.0
2022-01-13 22:07:19.006160,0.0,0.0,0.0
2022-01-13 22:07:19.509806,0.0,0.0,0.0
2022-01-13 22:07:20.008513,0.0,0.0,0.0
2022-01-13 22:07:20.502882,0.0,0.0,0.0
2022-01-13 22:07:21.002349,0.0,0.0,0.0
2022-01-13 22:07:21.508507,0.0,0.0,0.0
2022-01-13 22:07:22.007288,0.0,0.0,0.0
2022-01-13 22:07:22.501711,0.0,0.0,0.0
2022-01-13 22:07:23.001202,0.0,0.0,0.0
2022-01-13 22:07:23.506875,0.0,0.0,0.0
2022-01-13 22:07:24.006068,0.0,0.0,0.0
2022-01-13 22:07:24.501762,0.0,0.0,0.0
2022-01-13 22:07:25.010377,0.0,0.0,0.0
2022-01-13 22:07:25.505310,0.0,0.0,0.0
2022-01-13 22:07:26.005057,0.0,0.0,0.0
2022-01-13 22:07:26.509596,0.0,0.0,0.0
2022-01-13 22:07:27.008787,0.0,0.0,0.0
2022-01-13 22:07:27.504058,0.0,0.0,0.0
2022-01-13 22:07:28.002445,0.0,0.0,0.0
2022-01-13 22:07:28.506892,0.0,0.0,0.0
2022-01-13 22:07:29.006093,0.0,0.0,0.0
2022-01-13 22:07:29.510718,0.0,0.0,0.0
2022-01-13 22:07:30.008360,0.0,0.0,0.0
2022-01-13 22:07:30.505437,0.0,0.0,0.0
2022-01-13 22:07:31.002907,0.0,0.0,0.0
2022-01-13 22:07:31.507959,0.0,0.0,0.0
2022-01-13 22:07:32.005417,0.0,0.0,0.0
2022-01-13 22:07:32.510794,0.0,0.0,0.0
2022-01-13 22:07:33.008297,0.0,0.0,0.0
2022-01-13 22:07:33.501584,0.0,0.0,0.0
2022-01-13 22:07:34.010576,0.0,0.0,0.0
2022-01-13 22:07:34.505490,0.0,0.0,0.0
2022-01-13 22:07:35.003330,0.0,0.0,0.0
2022-01-13 22:07:35.508332,0.0,0.0,0.0
2022-01-13 22:07:36.005121,0.0,0.0,0.0
2022-01-13 22:07:36.510137,0.0,0.0,0.0
2022-01-13 22:07:37.008516,0.0,0.0,0.0
2022-01-13 22:07:37.503816,0.0,0.0,0.0
2022-01-13 22:07:38.001083,0.0,0.0,0.0
2022-01-13 22:07:38.505626,0.0,0.0,0.0
2022-01-13 22:07:39.003166,0.0,0.0,0.0
2022-01-13 22:07:39.509479,0.0,0.0,0.0
2022-01-13 22:07:40.006204,0.0,0.0,0.0
2022-01-13 22:07:40.502837,0.0,0.0,0.0
2022-01-13 22:07:41.002147,0.0,0.0,0.0
2022-01-13 22:07:41.506937,0.0,0.0,0.0
2022-01-13 22:07:42.007354,0.0,0.0,0.0
2022-01-13 22:07:42.502874,0.0,0.0,0.0
2022-01-13 22:07:43.001419,0.0,0.0,0.0
2022-01-13 22:07:43.508430,0.0,0.0,0.0
2022-01-13 22:07:44.006782,0.0,0.0,0.0
2022-01-13 22:07:44.503745,0.0,0.0,0.0
2022-01-13 22:07:45.002108,0.0,0.0,0.0
2022-01-13 22:07:45.506229,0.0,0.0,0.0
2022-01-13 22:07:46.004435,0.0,0.0,0.0
2022-01-13 22:07:46.509480,0.0,0.0,0.0
2022-01-13 22:07:47.009439,0.0,0.0,0.0
2022-01-13 22:07:47.503044,0.0,0.0,0.0
2022-01-13 22:07:48.002807,0.0,0.0,0.0
2022-01-13 22:07:48.509202,0.0,0.0,0.0
2022-01-13 22:07:49.006628,0.0,0.0,0.0
2022-01-13 22:07:49.502326,0.0,0.0,0.0
2022-01-13 22:07:50.010172,0.0,0.0,0.0
2022-01-13 22:07:50.505497,0.0,0.0,0.0
2022-01-13 22:07:51.003639,0.0,0.0,0.0
2022-01-13 22:07:51.507099,0.0,0.0,0.0
2022-01-13 22:07:52.006009,0.0,0.0,0.0
2022-01-13 22:07:52.503689,0.0,0.0,0.0
2022-01-13 22:07:53.002858,0.0,0.0,0.0
2022-01-13 22:07:53.507027,0.0,0.0,0.0
2022-01-13 22:07:54.008815,0.0,0.0,0.0
2022-01-13 22:07:54.503258,0.0,0.0,0.0
2022-01-13 22:07:55.001435,0.0,0.0,0.0
2022-01-13 22:07:55.506640,0.0,0.0,0.0
2022-01-13 22:07:56.004939,0.0,0.0,0.0
2022-01-13 22:07:56.510809,0.0,0.0,0.0
2022-01-13 22:07:57.001322,0.0,0.0,0.0
2022-01-13 22:07:57.507658,0.0,0.0,0.0
2022-01-13 22:07:58.005673,0.0,0.0,0.0
2022-01-13 22:07:58.510064,0.0,0.0,0.0
2022-01-13 22:07:59.008055,0.0,0.0,0.0
2022-01-13 22:07:59.502372,0.0,0.0,0.0
2022-01-13 22:08:00.002327,0.0,0.0,0.0
2022-01-13 22:08:00.508855,0.0,0.0,0.0
2022-01-13 22:08:01.007227,0.0,0.0,0.0
2022-01-13 22:08:01.503147,0.0,0.0,0.0
2022-01-13 22:08:02.001438,0.0,0.0,0.0
2022-01-13 22:08:02.507013,0.0,0.0,0.0
2022-01-13 22:08:03.006217,0.0,0.0,0.0
2022-01-13 22:08:03.501529,0.0,0.0,0.0
2022-01-13 22:08:04.010098,0.0,0.0,0.0
2022-01-13 22:08:04.505538,0.0,0.0,0.0
2022-01-13 22:08:05.004077,0.0,0.0,0.0
2022-01-13 22:08:05.501583,0.0,0.0,0.0
2022-01-13 22:08:06.003844,0.0,0.0,0.0
2022-01-13 22:08:06.508319,0.0,0.0,0.0
2022-01-13 22:08:07.006031,0.0,0.0,0.0
2022-01-13 22:08:07.501927,0.0,0.0,0.0
2022-01-13 22:08:08.009958,0.0,0.0,0.0
2022-01-13 22:08:08.505329,0.0,0.0,0.0
2022-01-13 22:08:09.006280,0.0,0.0,0.0
2022-01-13 22:08:09.502246,0.0,0.0,0.0
2022-01-13 22:08:10.009781,0.0,0.0,0.0
2022-01-13 22:08:10.504825,0.0,0.0,0.0
2022-01-13 22:08:11.002426,0.0,0.0,0.0
2022-01-13 22:08:11.506112,0.0,0.0,0.0
2022-01-13 22:08:12.003922,0.0,0.0,0.0
2022-01-13 22:08:12.509203,0.0,0.0,0.0
2022-01-13 22:08:13.006130,0.0,0.0,0.0
2022-01-13 22:08:13.501516,0.0,0.0,0.0
2022-01-13 22:08:14.505860,0.0,0.0,0.0
2022-01-13 22:08:15.003829,0.0,0.0,0.0
2022-01-13 22:08:15.509056,0.0,0.0,0.0
2022-01-13 22:08:16.006809,0.0,0.0,0.0
2022-01-13 22:08:16.510532,0.0,0.0,0.0
2022-01-13 22:08:17.002627,0.0,0.0,0.0
2022-01-13 22:08:17.506254,0.0,0.0,0.0
2022-01-13 22:08:18.006328,0.0,0.0,0.0
2022-01-13 22:08:18.501690,0.0,0.0,0.0
2022-01-13 22:08:19.011059,0.0,0.0,0.0
2022-01-13 22:08:19.506544,0.0,0.0,0.0
2022-01-13 22:08:20.003626,0.0,0.0,0.0
2022-01-13 22:08:20.509098,0.0,0.0,0.0
2022-01-13 22:08:21.006918,0.0,0.0,0.0
2022-01-13 22:08:21.503363,0.0,0.0,0.0
2022-01-13 22:08:22.011070,0.0,0.0,0.0
2022-01-13 22:08:22.505471,0.0,0.0,0.0
2022-01-13 22:08:23.003466,0.0,0.0,0.0
2022-01-13 22:08:23.509537,0.0,0.0,0.0
2022-01-13 22:08:24.006790,0.0,0.0,0.0
2022-01-13 22:08:24.502780,0.0,0.0,0.0
2022-01-13 22:08:25.002736,0.0,0.0,0.0
2022-01-13 22:08:25.508568,0.0,0.0,0.0
2022-01-13 22:08:26.006054,0.0,0.0,0.0
2022-01-13 22:08:26.510202,0.0,0.0,0.0
2022-01-13 22:08:27.009395,0.0,0.0,0.0
2022-01-13 22:08:27.504574,0.0,0.0,0.0
2022-01-13 22:08:28.002745,0.0,0.0,0.0
2022-01-13 22:08:28.507491,0.0,0.0,0.0
2022-01-13 22:08:29.006459,0.0,0.0,0.0
2022-01-13 22:08:29.501441,0.0,0.0,0.0
2022-01-13 22:08:30.009125,0.0,0.0,0.0
2022-01-13 22:08:30.504927,0.0,0.0,0.0
2022-01-13 22:08:31.002386,0.0,0.0,0.0
2022-01-13 22:08:31.505801,0.0,0.0,0.0
2022-01-13 22:08:32.007185,0.0,0.0,0.0
2022-01-13 22:08:32.503889,0.0,0.0,0.0
2022-01-13 22:08:33.003628,0.0,0.0,0.0
2022-01-13 22:08:33.509101,0.0,0.0,0.0
2022-01-13 22:08:34.006212,0.0,0.0,0.0
2022-01-13 22:08:34.510977,0.0,0.0,0.0
2022-01-13 22:08:35.007670,0.0,0.0,0.0
2022-01-13 22:08:35.501770,0.0,0.0,0.0
2022-01-13 22:08:36.001233,0.0,0.0,0.0
2022-01-13 22:08:36.508227,0.0,0.0,0.0
2022-01-13 22:08:37.006256,0.0,0.0,0.0
2022-01-13 22:08:37.501319,0.0,0.0,0.0
2022-01-13 22:08:38.009176,0.0,0.0,0.0
2022-01-13 22:08:38.504899,0.0,0.0,0.0
2022-01-13 22:08:39.003703,0.0,0.0,0.0
2022-01-13 22:08:39.509109,0.0,0.0,0.0
2022-01-13 22:08:40.007082,0.0,0.0,0.0
2022-01-13 22:08:40.503801,0.0,0.0,0.0
2022-01-13 22:08:41.004302,0.0,0.0,0.0
2022-01-13 22:08:41.510251,0.0,0.0,0.0
2022-01-13 22:08:42.008089,0.0,0.0,0.0
2022-01-13 22:08:42.504580,0.0,0.0,0.0
2022-01-13 22:08:43.001558,0.0,0.0,0.0
2022-01-13 22:08:43.506420,0.0,0.0,0.0
2022-01-13 22:08:44.004111,0.0,0.0,0.0
2022-01-13 22:08:44.509009,0.0,0.0,0.0
2022-01-13 22:08:45.006364,0.0,0.0,0.0
2022-01-13 22:08:45.502226,0.0,0.0,0.0
2022-01-13 22:08:46.009440,0.0,0.0,0.0
2022-01-13 22:08:46.505225,0.0,0.0,0.0
2022-01-13 22:08:47.002665,0.0,0.0,0.0
2022-01-13 22:08:47.507749,0.0,0.0,0.0
2022-01-13 22:08:48.005348,0.0,0.0,0.0
2022-01-13 22:08:48.501769,0.0,0.0,0.0
2022-01-13 22:08:49.006976,0.0,0.0,0.0
2022-01-13 22:08:49.501436,0.0,0.0,0.0
2022-01-13 22:08:50.010130,0.0,0.0,0.0
2022-01-13 22:08:50.505729,0.0,0.0,0.0
2022-01-13 22:08:51.004683,0.0,0.0,0.0
2022-01-13 22:08:51.510332,0.0,0.0,0.0
2022-01-13 22:08:52.008626,0.0,0.0,0.0
2022-01-13 22:08:52.503145,0.0,0.0,0.0
2022-01-13 22:08:53.003061,0.0,0.0,0.0
2022-01-13 22:08:53.508832,0.0,0.0,0.0
2022-01-13 22:08:54.005615,0.0,0.0,0.0
2022-01-13 22:08:54.501433,0.0,0.0,0.0
2022-01-13 22:08:55.009570,0.0,0.0,0.0
2022-01-13 22:08:55.503469,0.0,0.0,0.0
2022-01-13 22:08:56.001704,0.0,0.0,0.0
2022-01-13 22:08:56.507691,0.0,0.0,0.0
2022-01-13 22:08:57.006050,0.0,0.0,0.0
2022-01-13 22:08:57.502217,0.0,0.0,0.0
2022-01-13 22:08:58.010672,0.0,0.0,0.0
2022-01-13 22:08:58.507151,0.0,0.0,0.0
2022-01-13 22:08:59.006329,0.0,0.0,0.0
2022-01-13 22:08:59.511169,0.0,0.0,0.0
2022-01-13 22:09:00.009398,0.0,0.0,0.0
2022-01-13 22:09:00.501836,0.0,0.0,0.0
2022-01-13 22:09:01.009900,0.0,0.0,0.0
2022-01-13 22:09:01.504240,0.0,0.0,0.0
2022-01-13 22:09:02.001789,0.0,0.0,0.0
2022-01-13 22:09:02.507546,0.0,0.0,0.0
2022-01-13 22:09:03.006457,0.0,0.0,0.0
2022-01-13 22:09:03.502483,0.0,0.0,0.0
2022-01-13 22:09:04.010770,0.0,0.0,0.0
2022-01-13 22:09:04.505463,0.0,0.0,0.0
2022-01-13 22:09:05.003750,0.0,0.0,0.0
2022-01-13 22:09:05.508887,0.0,0.0,0.0
2022-01-13 22:09:06.007375,0.0,0.0,0.0
2022-01-13 22:09:06.502257,0.0,0.0,0.0
2022-01-13 22:09:07.010252,0.0,0.0,0.0
2022-01-13 22:09:07.507776,0.0,0.0,0.0
2022-01-13 22:09:08.005524,0.0,0.0,0.0
2022-01-13 22:09:08.501313,0.0,0.0,0.0
2022-01-13 22:09:09.001311,0.0,0.0,0.0
2022-01-13 22:09:09.506474,0.0,0.0,0.0
2022-01-13 22:09:10.004450,0.0,0.0,0.0
2022-01-13 22:09:10.509246,0.0,0.0,0.0
2022-01-13 22:09:11.007220,0.0,0.0,0.0
2022-01-13 22:09:11.501667,0.0,0.0,0.0
2022-01-13 22:09:12.010030,0.0,0.0,0.0
2022-01-13 22:09:12.505033,0.0,0.0,0.0
2022-01-13 22:09:13.003734,0.0,0.0,0.0
2022-01-13 22:09:13.507361,0.0,0.0,0.0
2022-01-13 22:09:14.006385,0.0,0.0,0.0
2022-01-13 22:09:14.510672,0.0,0.0,0.0
2022-01-13 22:09:15.009136,0.0,0.0,0.0
2022-01-13 22:09:15.503297,0.0,0.0,0.0
2022-01-13 22:09:16.010224,0.0,0.0,0.0
2022-01-13 22:09:16.506729,0.0,0.0,0.0
2022-01-13 22:09:17.005594,0.0,0.0,0.0
2022-01-13 22:09:17.509895,0.0,0.0,0.0
2022-01-13 22:09:18.008050,0.0,0.0,0.0
2022-01-13 22:09:18.508876,0.0,0.0,0.0
2022-01-13 22:09:19.007858,0.0,0.0,0.0
2022-01-13 22:09:19.503101,0.0,0.0,0.0
2022-01-13 22:09:20.504977,0.0,0.0,0.0
2022-01-13 22:09:21.005087,0.0,0.0,0.0
2022-01-13 22:09:21.510354,0.0,0.0,0.0
2022-01-13 22:09:22.011189,0.0,0.0,0.0
2022-01-13 22:09:22.506221,0.0,0.0,0.0
2022-01-13 22:09:23.003831,0.0,0.0,0.0
2022-01-13 22:09:23.507230,0.0,0.0,0.0
2022-01-13 22:09:24.005187,0.0,0.0,0.0
2022-01-13 22:09:24.509503,0.0,0.0,0.0
2022-01-13 22:09:25.006980,0.0,0.0,0.0
2022-01-13 22:09:25.502118,0.0,0.0,0.0
2022-01-13 22:09:26.505660,0.0,0.0,0.0
2022-01-13 22:09:27.005140,0.0,0.0,0.0
2022-01-13 22:09:27.509530,0.0,0.0,0.0
2022-01-13 22:09:28.006949,0.0,0.0,0.0
2022-01-13 22:09:28.503072,0.0,0.0,0.0
2022-01-13 22:09:29.002729,0.0,0.0,0.0
2022-01-13 22:09:29.506833,0.0,0.0,0.0
2022-01-13 22:09:30.004909,0.0,0.0,0.0
2022-01-13 22:09:30.509572,0.0,0.0,0.0
2022-01-13 22:09:31.007810,0.0,0.0,0.0
2022-01-13 22:09:31.504452,0.0,0.0,0.0
2022-01-13 22:09:32.002645,0.0,0.0,0.0
2022-01-13 22:09:32.507831,0.0,0.0,0.0
2022-01-13 22:09:33.007199,0.0,0.0,0.0
2022-01-13 22:09:33.501604,0.0,0.0,0.0
2022-01-13 22:09:34.009890,0.0,0.0,0.0
2022-01-13 22:09:34.504299,0.0,0.0,0.0
2022-01-13 22:09:35.002653,0.0,0.0,0.0
2022-01-13 22:09:35.507074,0.0,0.0,0.0
2022-01-13 22:09:36.007094,0.0,0.0,0.0
2022-01-13 22:09:36.502454,0.0,0.0,0.0
2022-01-13 22:09:37.001313,0.0,0.0,0.0
2022-01-13 22:09:37.506280,0.0,0.0,0.0
2022-01-13 22:09:38.004562,0.0,0.0,0.0
2022-01-13 22:09:38.509936,0.0,0.0,0.0
2022-01-13 22:09:39.008880,0.0,0.0,0.0
2022-01-13 22:09:39.504291,0.0,0.0,0.0
2022-01-13 22:09:40.002750,0.0,0.0,0.0
2022-01-13 22:09:40.510280,0.0,0.0,0.0
2022-01-13 22:09:41.007893,0.0,0.0,0.0
2022-01-13 22:09:41.504416,0.0,0.0,0.0
2022-01-13 22:09:42.001956,0.0,0.0,0.0
2022-01-13 22:09:42.506512,0.0,0.0,0.0
2022-01-13 22:09:43.004317,0.0,0.0,0.0
2022-01-13 22:09:43.510535,0.0,0.0,0.0
2022-01-13 22:09:44.009169,0.0,0.0,0.0
2022-01-13 22:09:44.502866,0.0,0.0,0.0
2022-01-13 22:09:45.002906,0.0,0.0,0.0
2022-01-13 22:09:45.508797,0.0,0.0,0.0
2022-01-13 22:09:46.006214,0.0,0.0,0.0
2022-01-13 22:09:46.501589,0.0,0.0,0.0
2022-01-13 22:09:47.010647,0.0,0.0,0.0
2022-01-13 22:09:47.506920,0.0,0.0,0.0
2022-01-13 22:09:48.006029,0.0,0.0,0.0
2022-01-13 22:09:48.511064,0.0,0.0,0.0
2022-01-13 22:09:49.010143,0.0,0.0,0.0
2022-01-13 22:09:49.505621,0.0,0.0,0.0
2022-01-13 22:09:50.004209,0.0,0.0,0.0
2022-01-13 22:09:50.509516,0.0,0.0,0.0
2022-01-13 22:09:51.006148,0.0,0.0,0.0
2022-01-13 22:09:51.501845,0.0,0.0,0.0
2022-01-13 22:09:52.010218,0.0,0.0,0.0
2022-01-13 22:09:52.505116,0.0,0.0,0.0
2022-01-13 22:09:53.002662,0.0,0.0,0.0
2022-01-13 22:09:53.509872,0.0,0.0,0.0
2022-01-13 22:09:54.009437,0.0,0.0,0.0
2022-01-13 22:09:54.504402,0.0,0.0,0.0
2022-01-13 22:09:55.002903,0.0,0.0,0.0
2022-01-13 22:09:55.507958,0.0,0.0,0.0
2022-01-13 22:09:56.006742,0.0,0.0,0.0
2022-01-13 22:09:56.511235,0.0,0.0,0.0
2022-01-13 22:09:57.009497,0.0,0.0,0.0
2022-01-13 22:09:57.504349,0.0,0.0,0.0
2022-01-13 22:09:58.003384,0.0,0.0,0.0
2022-01-13 22:09:58.511232,0.0,0.0,0.0
2022-01-13 22:09:59.009026,0.0,0.0,0.0
2022-01-13 22:09:59.505180,0.0,0.0,0.0
2022-01-13 22:10:00.004232,0.0,0.0,0.0
2022-01-13 22:10:00.507242,0.0,0.0,0.0
2022-01-13 22:10:01.005041,0.0,0.0,0.0
2022-01-13 22:10:01.509404,0.0,0.0,0.0
2022-01-13 22:10:02.005606,0.0,0.0,0.0
2022-01-13 22:10:02.511174,0.0,0.0,0.0
2022-01-13 22:10:03.008733,0.0,0.0,0.0
2022-01-13 22:10:03.503510,0.0,0.0,0.0
2022-01-13 22:10:04.011032,0.0,0.0,0.0
2022-01-13 22:10:04.506166,0.0,0.0,0.0
2022-01-13 22:10:05.004229,0.0,0.0,0.0
2022-01-13 22:10:05.502037,0.0,0.0,0.0
2022-01-13 22:10:06.001394,0.0,0.0,0.0
2022-01-13 22:10:06.508880,0.0,0.0,0.0
2022-01-13 22:10:07.006323,0.0,0.0,0.0
2022-01-13 22:10:07.501580,0.0,0.0,0.0
2022-01-13 22:10:08.001199,0.0,0.0,0.0
2022-01-13 22:10:08.507403,0.0,0.0,0.0
2022-01-13 22:10:09.005031,0.0,0.0,0.0
2022-01-13 22:10:09.501076,0.0,0.0,0.0
2022-01-13 22:10:10.009699,0.0,0.0,0.0
2022-01-13 22:10:10.504586,0.0,0.0,0.0
2022-01-13 22:10:11.004407,0.0,0.0,0.0
2022-01-13 22:10:11.509618,0.0,0.0,0.0
2022-01-13 22:10:12.009101,0.0,0.0,0.0
2022-01-13 22:10:12.503649,0.0,0.0,0.0
2022-01-13 22:10:13.006189,0.0,0.0,0.0
2022-01-13 22:10:13.503215,0.0,0.0,0.0
2022-01-13 22:10:14.008079,0.0,0.0,0.0
2022-01-13 22:10:14.510406,0.0,0.0,0.0
2022-01-13 22:10:15.008579,0.0,0.0,0.0
2022-01-13 22:10:15.506501,0.0,0.0,0.0
2022-01-13 22:10:16.003732,0.0,0.0,0.0
2022-01-13 22:10:16.510567,0.0,0.0,0.0
2022-01-13 22:10:17.008522,0.0,0.0,0.0
2022-01-13 22:10:17.504138,0.0,0.0,0.0
2022-01-13 22:10:18.002187,0.0,0.0,0.0
2022-01-13 22:10:18.507003,0.0,0.0,0.0
2022-01-13 22:10:19.006288,0.0,0.0,0.0
2022-01-13 22:10:19.502092,0.0,0.0,0.0
2022-01-13 22:10:20.002379,0.0,0.0,0.0
2022-01-13 22:10:20.507210,0.0,0.0,0.0
2022-01-13 22:10:21.006609,0.0,0.0,0.0
2022-01-13 22:10:21.511161,0.0,0.0,0.0
2022-01-13 22:10:22.010904,0.0,0.0,0.0
2022-01-13 22:10:22.506126,0.0,0.0,0.0
2022-01-13 22:10:23.005244,0.0,0.0,0.0
2022-01-13 22:10:23.510596,0.0,0.0,0.0
2022-01-13 22:10:24.009407,0.0,0.0,0.0
2022-01-13 22:10:24.504915,0.0,0.0,0.0
2022-01-13 22:10:25.002323,0.0,0.0,0.0
2022-01-13 22:10:25.508158,0.0,0.0,0.0
2022-01-13 22:10:26.006221,0.0,0.0,0.0
2022-01-13 22:10:26.502642,0.0,0.0,0.0
2022-01-13 22:10:27.001153,0.0,0.0,0.0
2022-01-13 22:10:27.506995,0.0,0.0,0.0
2022-01-13 22:10:28.004802,0.0,0.0,0.0
2022-01-13 22:10:28.510471,0.0,0.0,0.0
2022-01-13 22:10:29.008700,0.0,0.0,0.0
2022-01-13 22:10:29.504724,0.0,0.0,0.0
2022-01-13 22:10:30.004303,0.0,0.0,0.0
2022-01-13 22:10:30.509772,0.0,0.0,0.0
2022-01-13 22:10:31.008604,0.0,0.0,0.0
2022-01-13 22:10:31.504655,0.0,0.0,0.0
2022-01-13 22:10:32.001817,0.0,0.0,0.0
2022-01-13 22:10:32.507253,0.0,0.0,0.0
2022-01-13 22:10:33.006971,0.0,0.0,0.0
2022-01-13 22:10:33.501831,0.0,0.0,0.0
2022-01-13 22:10:34.001620,0.0,0.0,0.0
2022-01-13 22:10:34.507460,0.0,0.0,0.0
2022-01-13 22:10:35.005072,0.0,0.0,0.0
2022-01-13 22:10:35.510090,0.0,0.0,0.0
2022-01-13 22:10:36.008540,0.0,0.0,0.0
2022-01-13 22:10:36.504933,0.0,0.0,0.0
2022-01-13 22:10:37.003131,0.0,0.0,0.0
2022-01-13 22:10:37.501947,0.0,0.0,0.0
2022-01-13 22:10:38.010105,0.0,0.0,0.0
2022-01-13 22:10:38.507777,0.0,0.0,0.0
2022-01-13 22:10:39.007259,0.0,0.0,0.0
2022-01-13 22:10:39.501888,0.0,0.0,0.0
2022-01-13 22:10:40.001278,0.0,0.0,0.0
2022-01-13 22:10:40.506489,0.0,0.0,0.0
2022-01-13 22:10:41.005104,0.0,0.0,0.0
2022-01-13 22:10:41.510311,0.0,0.0,0.0
2022-01-13 22:10:42.009957,0.0,0.0,0.0
2022-01-13 22:10:42.504465,0.0,0.0,0.0
2022-01-13 22:10:43.002393,0.0,0.0,0.0
2022-01-13 22:10:43.509527,0.0,0.0,0.0
2022-01-13 22:10:44.006479,0.0,0.0,0.0
2022-01-13 22:10:44.501624,0.0,0.0,0.0
2022-01-13 22:10:45.010258,0.0,0.0,0.0
2022-01-13 22:10:45.505661,0.0,0.0,0.0
2022-01-13 22:10:46.003477,0.0,0.0,0.0
2022-01-13 22:10:46.501298,0.0,0.0,0.0
2022-01-13 22:10:47.008505,0.0,0.0,0.0
2022-01-13 22:10:47.505026,0.0,0.0,0.0
2022-01-13 22:10:48.003258,0.0,0.0,0.0
2022-01-13 22:10:48.508596,0.0,0.0,0.0
2022-01-13 22:10:49.006308,0.0,0.0,0.0
2022-01-13 22:10:49.502075,0.0,0.0,0.0
2022-01-13 22:10:50.011255,0.0,0.0,0.0
2022-01-13 22:10:50.507882,0.0,0.0,0.0
2022-01-13 22:10:51.007194,0.0,0.0,0.0
2022-01-13 22:10:51.502254,0.0,0.0,0.0
2022-01-13 22:10:52.010051,0.0,0.0,0.0
2022-01-13 22:10:52.505145,0.0,0.0,0.0
2022-01-13 22:10:53.002931,0.0,0.0,0.0
2022-01-13 22:10:53.508641,0.0,0.0,0.0
2022-01-13 22:10:54.007111,0.0,0.0,0.0
2022-01-13 22:10:54.503173,0.0,0.0,0.0
2022-01-13 22:10:55.001638,0.0,0.0,0.0
2022-01-13 22:10:55.508651,0.0,0.0,0.0
2022-01-13 22:10:56.006630,0.0,0.0,0.0
2022-01-13 22:10:56.502719,0.0,0.0,0.0
2022-01-13 22:10:57.010699,0.0,0.0,0.0
2022-01-13 22:10:57.507475,0.0,0.0,0.0
2022-01-13 22:10:58.005406,0.0,0.0,0.0
2022-01-13 22:10:58.506690,0.0,0.0,0.0
2022-01-13 22:10:59.006535,0.0,0.0,0.0
2022-01-13 22:10:59.510720,0.0,0.0,0.0
2022-01-13 22:11:00.008741,0.0,0.0,0.0
2022-01-13 22:11:00.502674,0.0,0.0,0.0
2022-01-13 22:11:01.011134,0.0,0.0,0.0
2022-01-13 22:11:01.507756,0.0,0.0,0.0
2022-01-13 22:11:02.006928,0.0,0.0,0.0
2022-01-13 22:11:02.502349,0.0,0.0,0.0
2022-01-13 22:11:03.001124,0.0,0.0,0.0
2022-01-13 22:11:03.505933,0.0,0.0,0.0
2022-01-13 22:11:04.006831,0.0,0.0,0.0
2022-01-13 22:11:04.502095,0.0,0.0,0.0
2022-01-13 22:11:05.011108,0.0,0.0,0.0
2022-01-13 22:11:05.506184,0.0,0.0,0.0
2022-01-13 22:11:06.005449,0.0,0.0,0.0
2022-01-13 22:11:06.510191,0.0,0.0,0.0
2022-01-13 22:11:07.008520,0.0,0.0,0.0
2022-01-13 22:11:07.503369,0.0,0.0,0.0
2022-01-13 22:11:08.010733,0.0,0.0,0.0
2022-01-13 22:11:08.507486,0.0,0.0,0.0
2022-01-13 22:11:09.005670,0.0,0.0,0.0
2022-01-13 22:11:09.510732,0.0,0.0,0.0
2022-01-13 22:11:10.007093,0.0,0.0,0.0
2022-01-13 22:11:10.511231,0.0,0.0,0.0
2022-01-13 22:11:11.009077,0.0,0.0,0.0
2022-01-13 22:11:11.503970,0.0,0.0,0.0
2022-01-13 22:11:12.001528,0.0,0.0,0.0
2022-01-13 22:11:12.506605,0.0,0.0,0.0
2022-01-13 22:11:13.006494,0.0,0.0,0.0
2022-01-13 22:11:13.510698,0.0,0.0,0.0
2022-01-13 22:11:14.008410,0.0,0.0,0.0
2022-01-13 22:11:14.503315,0.0,0.0,0.0
2022-01-13 22:11:15.001136,0.0,0.0,0.0
2022-01-13 22:11:15.507625,0.0,0.0,0.0
2022-01-13 22:11:16.004641,0.0,0.0,0.0
2022-01-13 22:11:16.509079,0.0,0.0,0.0
2022-01-13 22:11:17.006398,0.0,0.0,0.0
2022-01-13 22:11:17.502101,0.0,0.0,0.0
2022-01-13 22:11:18.010994,0.0,0.0,0.0
2022-01-13 22:11:18.505371,0.0,0.0,0.0
2022-01-13 22:11:19.002255,0.0,0.0,0.0
2022-01-13 22:11:19.506262,0.0,0.0,0.0
2022-01-13 22:11:20.004720,0.0,0.0,0.0
2022-01-13 22:11:20.508934,0.0,0.0,0.0
2022-01-13 22:11:21.007140,0.0,0.0,0.0
2022-01-13 22:11:21.503122,0.0,0.0,0.0
2022-01-13 22:11:22.004144,0.0,0.0,0.0
2022-01-13 22:11:22.510728,0.0,0.0,0.0
2022-01-13 22:11:23.008251,0.0,0.0,0.0
2022-01-13 22:11:23.502636,0.0,0.0,0.0
2022-01-13 22:11:24.011193,0.0,0.0,0.0
2022-01-13 22:11:24.506804,0.0,0.0,0.0
2022-01-13 22:11:25.005096,0.0,0.0,0.0
2022-01-13 22:11:25.510117,0.0,0.0,0.0
2022-01-13 22:11:26.008571,0.0,0.0,0.0
2022-01-13 22:11:26.505228,0.0,0.0,0.0
2022-01-13 22:11:27.003765,0.0,0.0,0.0
2022-01-13 22:11:27.508330,0.0,0.0,0.0
2022-01-13 22:11:28.006387,0.0,0.0,0.0
2022-01-13 22:11:28.502157,0.0,0.0,0.0
2022-01-13 22:11:29.001726,0.0,0.0,0.0
2022-01-13 22:11:29.507165,0.0,0.0,0.0
2022-01-13 22:11:30.005092,0.0,0.0,0.0
2022-01-13 22:11:30.501485,0.0,0.0,0.0
2022-01-13 22:11:31.009571,0.0,0.0,0.0
2022-01-13 22:11:31.501562,0.0,0.0,0.0
2022-01-13 22:11:32.010056,0.0,0.0,0.0
2022-01-13 22:11:32.505603,0.0,0.0,0.0
2022-01-13 22:11:33.002851,0.0,0.0,0.0
2022-01-13 22:11:33.507535,0.0,0.0,0.0
2022-01-13 22:11:34.005782,0.0,0.0,0.0
2022-01-13 22:11:34.506570,0.0,0.0,0.0
2022-01-13 22:11:35.006156,0.0,0.0,0.0
2022-01-13 22:11:35.501845,0.0,0.0,0.0
2022-01-13 22:11:36.010300,0.0,0.0,0.0
2022-01-13 22:11:36.505470,0.0,0.0,0.0
2022-01-13 22:11:37.003469,0.0,0.0,0.0
2022-01-13 22:11:37.508983,0.0,0.0,0.0
2022-01-13 22:11:38.006888,0.0,0.0,0.0
2022-01-13 22:11:38.501318,0.0,0.0,0.0
2022-01-13 22:11:39.009427,0.0,0.0,0.0
2022-01-13 22:11:39.504961,0.0,0.0,0.0
2022-01-13 22:11:40.002252,0.0,0.0,0.0
2022-01-13 22:11:40.507371,0.0,0.0,0.0
2022-01-13 22:11:41.005260,0.0,0.0,0.0
2022-01-13 22:11:41.510188,0.0,0.0,0.0
2022-01-13 22:11:42.009418,0.0,0.0,0.0
2022-01-13 22:11:42.504837,0.0,0.0,0.0
2022-01-13 22:11:43.002692,0.0,0.0,0.0
2022-01-13 22:11:43.508560,0.0,0.0,0.0
2022-01-13 22:11:44.007551,0.0,0.0,0.0
2022-01-13 22:11:44.503042,0.0,0.0,0.0
2022-01-13 22:11:45.002110,0.0,0.0,0.0
2022-01-13 22:11:45.508625,0.0,0.0,0.0
2022-01-13 22:11:46.006027,0.0,0.0,0.0
2022-01-13 22:11:46.510894,0.0,0.0,0.0
2022-01-13 22:11:47.009017,0.0,0.0,0.0
2022-01-13 22:11:47.503887,0.0,0.0,0.0
2022-01-13 22:11:48.003106,0.0,0.0,0.0
2022-01-13 22:11:48.508057,0.0,0.0,0.0
2022-01-13 22:11:49.006791,0.0,0.0,0.0
2022-01-13 22:11:49.501328,0.0,0.0,0.0
2022-01-13 22:11:50.009574,0.0,0.0,0.0
2022-01-13 22:11:50.506373,0.0,0.0,0.0
2022-01-13 22:11:51.006224,0.0,0.0,0.0
2022-01-13 22:11:51.503583,0.0,0.0,0.0
2022-01-13 22:11:52.001675,0.0,0.0,0.0
2022-01-13 22:11:52.508822,0.0,0.0,0.0
2022-01-13 22:11:53.007029,0.0,0.0,0.0
2022-01-13 22:11:53.510239,0.0,0.0,0.0
2022-01-13 22:11:54.007830,0.0,0.0,0.0
2022-01-13 22:11:54.502699,0.0,0.0,0.0
2022-01-13 22:11:55.010394,0.0,0.0,0.0
2022-01-13 22:11:55.503662,0.0,0.0,0.0
2022-01-13 22:11:56.002016,0.0,0.0,0.0
2022-01-13 22:11:56.505829,0.0,0.0,0.0
2022-01-13 22:11:57.004598,0.0,0.0,0.0
2022-01-13 22:11:57.510732,0.0,0.0,0.0
2022-01-13 22:11:58.007553,0.0,0.0,0.0
2022-01-13 22:11:58.501604,0.0,0.0,0.0
2022-01-13 22:11:59.010772,0.0,0.0,0.0
2022-01-13 22:11:59.505249,0.0,0.0,0.0
2022-01-13 22:12:00.002781,0.0,0.0,0.0
2022-01-13 22:12:00.504867,0.0,0.0,0.0
2022-01-13 22:12:01.004628,0.0,0.0,0.0
2022-01-13 22:12:01.508947,0.0,0.0,0.0
2022-01-13 22:12:02.005815,0.0,0.0,0.0
2022-01-13 22:12:03.005520,0.0,0.0,0.0
2022-01-13 22:12:03.510224,0.0,0.0,0.0
2022-01-13 22:12:04.008224,0.0,0.0,0.0
2022-01-13 22:12:04.504870,0.0,0.0,0.0
2022-01-13 22:12:05.002139,0.0,0.0,0.0
2022-01-13 22:12:05.507574,0.0,0.0,0.0
2022-01-13 22:12:06.005697,0.0,0.0,0.0
2022-01-13 22:12:06.510594,0.0,0.0,0.0
2022-01-13 22:12:07.008710,0.0,0.0,0.0
2022-01-13 22:12:07.503569,0.0,0.0,0.0
2022-01-13 22:12:08.002055,0.0,0.0,0.0
2022-01-13 22:12:08.508769,0.0,0.0,0.0
2022-01-13 22:12:09.006269,0.0,0.0,0.0
2022-01-13 22:12:09.501240,0.0,0.0,0.0
2022-01-13 22:12:10.009350,0.0,0.0,0.0
2022-01-13 22:12:10.506273,0.0,0.0,0.0
2022-01-13 22:12:11.003672,0.0,0.0,0.0
2022-01-13 22:12:11.508276,0.0,0.0,0.0
2022-01-13 22:12:12.006284,0.0,0.0,0.0
2022-01-13 22:12:12.510814,0.0,0.0,0.0
2022-01-13 22:12:13.007818,0.0,0.0,0.0
2022-01-13 22:12:13.502355,0.0,0.0,0.0
2022-01-13 22:12:14.009940,0.0,0.0,0.0
2022-01-13 22:12:14.506076,0.0,0.0,0.0
2022-01-13 22:12:15.004015,0.0,0.0,0.0
2022-01-13 22:12:15.509200,0.0,0.0,0.0
2022-01-13 22:12:16.007338,0.0,0.0,0.0
2022-01-13 22:12:16.502676,0.0,0.0,0.0
2022-01-13 22:12:17.001216,0.0,0.0,0.0
2022-01-13 22:12:17.507943,0.0,0.0,0.0
2022-01-13 22:12:18.007060,0.0,0.0,0.0
2022-01-13 22:12:18.502862,0.0,0.0,0.0
2022-01-13 22:12:19.003760,0.0,0.0,0.0
2022-01-13 22:12:19.510740,0.0,0.0,0.0
2022-01-13 22:12:20.008503,0.0,0.0,0.0
2022-01-13 22:12:20.503562,0.0,0.0,0.0
2022-01-13 22:12:21.001433,0.0,0.0,0.0
2022-01-13 22:12:21.507826,0.0,0.0,0.0
2022-01-13 22:12:22.006375,0.0,0.0,0.0
2022-01-13 22:12:22.501605,0.0,0.0,0.0
2022-01-13 22:12:23.001642,0.0,0.0,0.0
2022-01-13 22:12:23.508838,0.0,0.0,0.0
2022-01-13 22:12:24.006405,0.0,0.0,0.0
2022-01-13 22:12:24.510933,0.0,0.0,0.0
2022-01-13 22:12:25.009839,0.0,0.0,0.0
2022-01-13 22:12:25.510710,0.0,0.0,0.0
2022-01-13 22:12:26.008630,0.0,0.0,0.0
2022-01-13 22:12:26.503817,0.0,0.0,0.0
2022-01-13 22:12:27.001162,0.0,0.0,0.0
2022-01-13 22:12:27.508595,0.0,0.0,0.0
2022-01-13 22:12:28.005960,0.0,0.0,0.0
2022-01-13 22:12:29.005505,0.0,0.0,0.0
2022-01-13 22:12:29.508848,0.0,0.0,0.0
2022-01-13 22:12:30.007621,0.0,0.0,0.0
2022-01-13 22:12:30.501743,0.0,0.0,0.0
2022-01-13 22:12:31.010515,0.0,0.0,0.0
2022-01-13 22:12:31.505934,0.0,0.0,0.0
2022-01-13 22:12:32.005177,0.0,0.0,0.0
2022-01-13 22:12:32.502218,0.0,0.0,0.0
2022-01-13 22:12:33.010069,0.0,0.0,0.0
2022-01-13 22:12:33.505627,0.0,0.0,0.0
2022-01-13 22:12:34.003224,0.0,0.0,0.0
2022-01-13 22:12:34.508350,0.0,0.0,0.0
2022-01-13 22:12:35.006528,0.0,0.0,0.0
2022-01-13 22:12:35.501997,0.0,0.0,0.0
2022-01-13 22:12:36.001508,0.0,0.0,0.0
2022-01-13 22:12:36.508207,0.0,0.0,0.0
2022-01-13 22:12:37.007264,0.0,0.0,0.0
2022-01-13 22:12:37.503294,0.0,0.0,0.0
2022-01-13 22:12:38.011221,0.0,0.0,0.0
2022-01-13 22:12:38.506266,0.0,0.0,0.0
2022-01-13 22:12:39.003726,0.0,0.0,0.0
2022-01-13 22:12:39.509134,0.0,0.0,0.0
2022-01-13 22:12:40.006668,0.0,0.0,0.0
2022-01-13 22:12:40.501071,0.0,0.0,0.0
2022-01-13 22:12:41.009598,0.0,0.0,0.0
2022-01-13 22:12:41.504829,0.0,0.0,0.0
2022-01-13 22:12:42.003291,0.0,0.0,0.0
2022-01-13 22:12:42.508690,0.0,0.0,0.0
2022-01-13 22:12:43.005274,0.0,0.0,0.0
2022-01-13 22:12:43.510060,0.0,0.0,0.0
2022-01-13 22:12:44.008953,0.0,0.0,0.0
2022-01-13 22:12:44.504275,0.0,0.0,0.0
2022-01-13 22:12:45.003139,0.0,0.0,0.0
2022-01-13 22:12:45.508446,0.0,0.0,0.0
2022-01-13 22:12:46.007351,0.0,0.0,0.0
2022-01-13 22:12:46.502447,0.0,0.0,0.0
2022-01-13 22:12:47.001547,0.0,0.0,0.0
2022-01-13 22:12:47.506688,0.0,0.0,0.0
2022-01-13 22:12:48.005405,0.0,0.0,0.0
2022-01-13 22:12:48.511090,0.0,0.0,0.0
2022-01-13 22:12:49.009212,0.0,0.0,0.0
2022-01-13 22:12:49.503498,0.0,0.0,0.0
2022-01-13 22:12:50.001381,0.0,0.0,0.0
2022-01-13 22:12:50.508447,0.0,0.0,0.0
2022-01-13 22:12:51.004225,0.0,0.0,0.0
2022-01-13 22:12:51.509642,0.0,0.0,0.0
2022-01-13 22:12:52.007758,0.0,0.0,0.0
2022-01-13 22:12:52.503582,0.0,0.0,0.0
2022-01-13 22:12:53.002532,0.0,0.0,0.0
2022-01-13 22:12:53.508604,0.0,0.0,0.0
2022-01-13 22:12:54.006199,0.0,0.0,0.0
2022-01-13 22:12:54.510713,0.0,0.0,0.0
2022-01-13 22:12:55.010277,0.0,0.0,0.0
2022-01-13 22:12:55.505462,0.0,0.0,0.0
2022-01-13 22:12:56.004285,0.0,0.0,0.0
2022-01-13 22:12:56.509081,0.0,0.0,0.0
2022-01-13 22:12:57.006961,0.0,0.0,0.0
2022-01-13 22:12:57.510754,0.0,0.0,0.0
2022-01-13 22:12:58.505534,0.0,0.0,0.0
2022-01-13 22:12:59.005456,0.0,0.0,0.0
2022-01-13 22:12:59.511159,0.0,0.0,0.0
2022-01-13 22:13:00.008133,0.0,0.0,0.0
2022-01-13 22:13:00.505985,0.0,0.0,0.0
2022-01-13 22:13:01.003453,0.0,0.0,0.0
2022-01-13 22:13:01.509574,0.0,0.0,0.0
2022-01-13 22:13:02.008065,0.0,0.0,0.0
2022-01-13 22:13:02.502091,0.0,0.0,0.0
2022-01-13 22:13:03.010402,0.0,0.0,0.0
2022-01-13 22:13:03.505324,0.0,0.0,0.0
2022-01-13 22:13:04.003260,0.0,0.0,0.0
2022-01-13 22:13:04.508926,0.0,0.0,0.0
2022-01-13 22:13:05.006981,0.0,0.0,0.0
2022-01-13 22:13:05.503097,0.0,0.0,0.0
2022-01-13 22:13:06.002048,0.0,0.0,0.0
2022-01-13 22:13:06.508987,0.0,0.0,0.0
2022-01-13 22:13:07.007481,0.0,0.0,0.0
2022-01-13 22:13:07.502038,0.0,0.0,0.0
2022-01-13 22:13:08.009634,0.0,0.0,0.0
2022-01-13 22:13:08.505927,0.0,0.0,0.0
2022-01-13 22:13:09.005084,0.0,0.0,0.0
2022-01-13 22:13:09.503119,0.0,0.0,0.0
2022-01-13 22:13:10.000783,0.0,0.0,0.0
2022-01-13 22:13:10.505960,0.0,0.0,0.0
2022-01-13 22:13:11.003988,0.0,0.0,0.0
2022-01-13 22:13:11.508584,0.0,0.0,0.0
2022-01-13 22:13:12.006506,0.0,0.0,0.0
2022-01-13 22:13:12.502439,0.0,0.0,0.0
2022-01-13 22:13:13.011108,0.0,0.0,0.0
2022-01-13 22:13:13.509215,0.0,0.0,0.0
2022-01-13 22:13:14.006734,0.0,0.0,0.0
2022-01-13 22:13:14.501740,0.0,0.0,0.0
2022-01-13 22:13:15.010153,0.0,0.0,0.0
2022-01-13 22:13:15.505109,0.0,0.0,0.0
2022-01-13 22:13:16.002032,0.0,0.0,0.0
2022-01-13 22:13:16.504907,0.0,0.0,0.0
2022-01-13 22:13:17.003846,0.0,0.0,0.0
2022-01-13 22:13:17.509939,0.0,0.0,0.0
2022-01-13 22:13:18.007632,0.0,0.0,0.0
2022-01-13 22:13:18.503695,0.0,0.0,0.0
2022-01-13 22:13:19.003563,0.0,0.0,0.0
2022-01-13 22:13:19.509225,0.0,0.0,0.0
2022-01-13 22:13:20.007883,0.0,0.0,0.0
2022-01-13 22:13:20.502605,0.0,0.0,0.0
2022-01-13 22:13:21.003150,0.0,0.0,0.0
2022-01-13 22:13:21.509161,0.0,0.0,0.0
2022-01-13 22:13:22.006242,0.0,0.0,0.0
2022-01-13 22:13:22.501681,0.0,0.0,0.0
2022-01-13 22:13:23.010481,0.0,0.0,0.0
2022-01-13 22:13:23.506114,0.0,0.0,0.0
2022-01-13 22:13:24.005108,0.0,0.0,0.0
2022-01-13 22:13:24.509727,0.0,0.0,0.0
2022-01-13 22:13:25.009099,0.0,0.0,0.0
2022-01-13 22:13:25.503375,0.0,0.0,0.0
2022-01-13 22:13:26.001526,0.0,0.0,0.0
2022-01-13 22:13:26.506042,0.0,0.0,0.0
2022-01-13 22:13:27.002915,0.0,0.0,0.0
2022-01-13 22:13:27.508617,0.0,0.0,0.0
2022-01-13 22:13:28.005570,0.0,0.0,0.0
2022-01-13 22:13:28.509914,0.0,0.0,0.0
2022-01-13 22:13:29.009107,0.0,0.0,0.0
2022-01-13 22:13:29.504199,0.0,0.0,0.0
2022-01-13 22:13:30.002344,0.0,0.0,0.0
2022-01-13 22:13:30.508395,0.0,0.0,0.0
2022-01-13 22:13:31.007369,0.0,0.0,0.0
2022-01-13 22:13:31.502351,0.0,0.0,0.0
2022-01-13 22:13:32.002395,0.0,0.0,0.0
2022-01-13 22:13:32.506741,0.0,0.0,0.0
2022-01-13 22:13:33.004609,0.0,0.0,0.0
2022-01-13 22:13:33.509282,0.0,0.0,0.0
2022-01-13 22:13:34.006569,0.0,0.0,0.0
2022-01-13 22:13:34.511101,0.0,0.0,0.0
2022-01-13 22:13:35.009402,0.0,0.0,0.0
2022-01-13 22:13:35.504902,0.0,0.0,0.0
2022-01-13 22:13:36.002542,0.0,0.0,0.0
2022-01-13 22:13:36.507785,0.0,0.0,0.0
2022-01-13 22:13:37.005065,0.0,0.0,0.0
2022-01-13 22:13:37.510345,0.0,0.0,0.0
2022-01-13 22:13:38.009468,0.0,0.0,0.0
2022-01-13 22:13:38.503474,0.0,0.0,0.0
2022-01-13 22:13:39.001305,0.0,0.0,0.0
2022-01-13 22:13:39.505701,0.0,0.0,0.0
2022-01-13 22:13:40.003967,0.0,0.0,0.0
2022-01-13 22:13:40.510273,0.0,0.0,0.0
2022-01-13 22:13:41.010850,0.0,0.0,0.0
2022-01-13 22:13:41.505941,0.0,0.0,0.0
2022-01-13 22:13:42.003917,0.0,0.0,0.0
2022-01-13 22:13:42.501637,0.0,0.0,0.0
2022-01-13 22:13:43.010198,0.0,0.0,0.0
2022-01-13 22:13:43.504716,0.0,0.0,0.0
2022-01-13 22:13:44.002171,0.0,0.0,0.0
2022-01-13 22:13:44.507037,0.0,0.0,0.0
2022-01-13 22:13:45.007222,0.0,0.0,0.0
2022-01-13 22:13:45.504288,0.0,0.0,0.0
2022-01-13 22:13:46.010891,0.0,0.0,0.0
2022-01-13 22:13:46.505763,0.0,0.0,0.0
2022-01-13 22:13:47.003217,0.0,0.0,0.0
2022-01-13 22:13:47.509288,0.0,0.0,0.0
2022-01-13 22:13:48.006394,0.0,0.0,0.0
2022-01-13 22:13:48.502182,0.0,0.0,0.0
2022-01-13 22:13:49.001046,0.0,0.0,0.0
2022-01-13 22:13:49.506253,0.0,0.0,0.0
2022-01-13 22:13:50.006265,0.0,0.0,0.0
2022-01-13 22:13:50.502277,0.0,0.0,0.0
2022-01-13 22:13:51.010345,0.0,0.0,0.0
2022-01-13 22:13:51.505559,0.0,0.0,0.0
2022-01-13 22:13:52.004578,0.0,0.0,0.0
2022-01-13 22:13:52.509198,0.0,0.0,0.0
2022-01-13 22:13:53.006630,0.0,0.0,0.0
2022-01-13 22:13:53.510748,0.0,0.0,0.0
2022-01-13 22:13:54.009640,0.0,0.0,0.0
2022-01-13 22:13:54.507937,0.0,0.0,0.0
2022-01-13 22:13:55.006896,0.0,0.0,0.0
2022-01-13 22:13:55.502196,0.0,0.0,0.0
2022-01-13 22:13:56.009787,0.0,0.0,0.0
2022-01-13 22:13:56.505721,0.0,0.0,0.0
2022-01-13 22:13:57.003636,0.0,0.0,0.0
2022-01-13 22:13:57.508204,0.0,0.0,0.0
2022-01-13 22:13:58.005548,0.0,0.0,0.0
2022-01-13 22:13:58.510386,0.0,0.0,0.0
2022-01-13 22:13:59.008888,0.0,0.0,0.0
2022-01-13 22:13:59.504423,0.0,0.0,0.0
2022-01-13 22:14:00.503925,0.0,0.0,0.0
2022-01-13 22:14:01.002544,0.0,0.0,0.0
2022-01-13 22:14:01.507128,0.0,0.0,0.0
2022-01-13 22:14:02.006260,0.0,0.0,0.0
2022-01-13 22:14:02.511115,0.0,0.0,0.0
2022-01-13 22:14:03.010265,0.0,0.0,0.0
2022-01-13 22:14:03.504249,0.0,0.0,0.0
2022-01-13 22:14:04.001679,0.0,0.0,0.0
2022-01-13 22:14:04.508683,0.0,0.0,0.0
2022-01-13 22:14:05.006578,0.0,0.0,0.0
2022-01-13 22:14:05.501688,0.0,0.0,0.0
2022-01-13 22:14:06.009505,0.0,0.0,0.0
2022-01-13 22:14:06.503304,0.0,0.0,0.0
2022-01-13 22:14:07.001177,0.0,0.0,0.0
2022-01-13 22:14:07.505528,0.0,0.0,0.0
2022-01-13 22:14:08.003301,0.0,0.0,0.0
2022-01-13 22:14:08.508133,0.0,0.0,0.0
2022-01-13 22:14:09.007163,0.0,0.0,0.0
2022-01-13 22:14:09.502447,0.0,0.0,0.0
2022-01-13 22:14:10.010903,0.0,0.0,0.0
2022-01-13 22:14:10.504633,0.0,0.0,0.0
2022-01-13 22:14:11.004003,0.0,0.0,0.0
2022-01-13 22:14:11.510151,0.0,0.0,0.0
2022-01-13 22:14:12.008286,0.0,0.0,0.0
2022-01-13 22:14:12.502177,0.0,0.0,0.0
2022-01-13 22:14:13.011056,0.0,0.0,0.0
2022-01-13 22:14:13.507813,0.0,0.0,0.0
2022-01-13 22:14:14.006491,0.0,0.0,0.0
2022-01-13 22:14:14.503507,0.0,0.0,0.0
2022-01-13 22:14:15.001560,0.0,0.0,0.0
2022-01-13 22:14:15.506967,0.0,0.0,0.0
2022-01-13 22:14:16.005883,0.0,0.0,0.0
2022-01-13 22:14:16.509742,0.0,0.0,0.0
2022-01-13 22:14:17.006505,0.0,0.0,0.0
2022-01-13 22:14:17.504109,0.0,0.0,0.0
2022-01-13 22:14:18.010744,0.0,0.0,0.0
2022-01-13 22:14:18.505073,0.0,0.0,0.0
2022-01-13 22:14:19.006011,0.0,0.0,0.0
2022-01-13 22:14:19.511032,0.0,0.0,0.0
2022-01-13 22:14:20.009954,0.0,0.0,0.0
2022-01-13 22:14:20.506334,0.0,0.0,0.0
2022-01-13 22:14:21.007111,0.0,0.0,0.0
2022-01-13 22:14:21.501629,0.0,0.0,0.0
2022-01-13 22:14:22.009707,0.0,0.0,0.0
2022-01-13 22:14:22.503709,0.0,0.0,0.0
2022-01-13 22:14:23.010970,0.0,0.0,0.0
2022-01-13 22:14:23.506096,0.0,0.0,0.0
2022-01-13 22:14:24.005927,0.0,0.0,0.0
2022-01-13 22:14:24.510331,0.0,0.0,0.0
2022-01-13 22:14:25.009344,0.0,0.0,0.0
2022-01-13 22:14:25.505131,0.0,0.0,0.0
2022-01-13 22:14:26.003316,0.0,0.0,0.0
2022-01-13 22:14:26.510709,0.0,0.0,0.0
2022-01-13 22:14:27.009420,0.0,0.0,0.0
2022-01-13 22:14:27.504442,0.0,0.0,0.0
2022-01-13 22:14:28.002943,0.0,0.0,0.0
2022-01-13 22:14:28.508972,0.0,0.0,0.0
2022-01-13 22:14:29.009297,0.0,0.0,0.0
2022-01-13 22:14:29.505240,0.0,0.0,0.0
2022-01-13 22:14:30.002699,0.0,0.0,0.0
2022-01-13 22:14:30.506533,0.0,0.0,0.0
2022-01-13 22:14:31.006758,0.0,0.0,0.0
2022-01-13 22:14:31.502505,0.0,0.0,0.0
2022-01-13 22:14:32.010590,0.0,0.0,0.0
2022-01-13 22:14:32.504726,0.0,0.0,0.0
2022-01-13 22:14:33.002972,0.0,0.0,0.0
2022-01-13 22:14:33.506951,0.0,0.0,0.0
2022-01-13 22:14:34.004072,0.0,0.0,0.0
2022-01-13 22:14:34.511101,0.0,0.0,0.0
2022-01-13 22:14:35.009240,0.0,0.0,0.0
2022-01-13 22:14:35.504251,0.0,0.0,0.0
2022-01-13 22:14:36.002261,0.0,0.0,0.0
2022-01-13 22:14:36.507174,0.0,0.0,0.0
2022-01-13 22:14:37.005104,0.0,0.0,0.0
2022-01-13 22:14:37.509862,0.0,0.0,0.0
2022-01-13 22:14:38.007768,0.0,0.0,0.0
2022-01-13 22:14:38.505611,0.0,0.0,0.0
2022-01-13 22:14:39.002545,0.0,0.0,0.0
2022-01-13 22:14:39.507839,0.0,0.0,0.0
2022-01-13 22:14:40.007294,0.0,0.0,0.0
2022-01-13 22:14:40.502229,0.0,0.0,0.0
2022-01-13 22:14:41.009688,0.0,0.0,0.0
2022-01-13 22:14:41.504338,0.0,0.0,0.0
2022-01-13 22:14:42.003161,0.0,0.0,0.0
2022-01-13 22:14:42.507992,0.0,0.0,0.0
2022-01-13 22:14:43.006369,0.0,0.0,0.0
2022-01-13 22:14:43.502090,0.0,0.0,0.0
2022-01-13 22:14:44.010123,0.0,0.0,0.0
2022-01-13 22:14:44.509023,0.0,0.0,0.0
2022-01-13 22:14:45.006364,0.0,0.0,0.0
2022-01-13 22:14:45.503630,0.0,0.0,0.0
2022-01-13 22:14:46.001913,0.0,0.0,0.0
2022-01-13 22:14:46.507309,0.0,0.0,0.0
2022-01-13 22:14:47.005524,0.0,0.0,0.0
2022-01-13 22:14:47.509143,0.0,0.0,0.0
2022-01-13 22:14:48.006612,0.0,0.0,0.0
2022-01-13 22:14:48.502704,0.0,0.0,0.0
2022-01-13 22:14:49.001956,0.0,0.0,0.0
2022-01-13 22:14:49.506990,0.0,0.0,0.0
2022-01-13 22:14:50.005751,0.0,0.0,0.0
2022-01-13 22:14:50.501252,0.0,0.0,0.0
2022-01-13 22:14:51.008513,0.0,0.0,0.0
2022-01-13 22:14:51.505329,0.0,0.0,0.0
2022-01-13 22:14:52.003688,0.0,0.0,0.0
2022-01-13 22:14:52.509078,0.0,0.0,0.0
2022-01-13 22:14:53.007192,0.0,0.0,0.0
2022-01-13 22:14:53.501782,0.0,0.0,0.0
2022-01-13 22:14:54.001372,0.0,0.0,0.0
2022-01-13 22:14:54.505209,0.0,0.0,0.0
2022-01-13 22:14:55.003767,0.0,0.0,0.0
2022-01-13 22:14:55.509137,0.0,0.0,0.0
2022-01-13 22:14:56.008292,0.0,0.0,0.0
2022-01-13 22:14:56.503058,0.0,0.0,0.0
2022-01-13 22:14:57.001573,0.0,0.0,0.0
2022-01-13 22:14:57.507436,0.0,0.0,0.0
2022-01-13 22:14:58.006180,0.0,0.0,0.0
2022-01-13 22:14:58.503006,0.0,0.0,0.0
2022-01-13 22:14:59.010334,0.0,0.0,0.0
2022-01-13 22:14:59.506834,0.0,0.0,0.0
2022-01-13 22:15:00.004643,0.0,0.0,0.0
2022-01-13 22:15:00.509630,0.0,0.0,0.0
2022-01-13 22:15:01.008030,0.0,0.0,0.0
2022-01-13 22:15:01.502299,0.0,0.0,0.0
2022-01-13 22:15:02.009560,0.0,0.0,0.0
2022-01-13 22:15:02.504997,0.0,0.0,0.0
2022-01-13 22:15:03.002258,0.0,0.0,0.0
2022-01-13 22:15:03.506896,0.0,0.0,0.0
2022-01-13 22:15:04.004423,0.0,0.0,0.0
2022-01-13 22:15:04.510090,0.0,0.0,0.0
2022-01-13 22:15:05.008881,0.0,0.0,0.0
2022-01-13 22:15:05.507220,0.0,0.0,0.0
2022-01-13 22:15:06.005655,0.0,0.0,0.0
2022-01-13 22:15:06.511027,0.0,0.0,0.0
2022-01-13 22:15:07.008786,0.0,0.0,0.0
2022-01-13 22:15:07.503627,0.0,0.0,0.0
2022-01-13 22:15:08.001366,0.0,0.0,0.0
2022-01-13 22:15:08.507317,0.0,0.0,0.0
2022-01-13 22:15:09.005198,0.0,0.0,0.0
2022-01-13 22:15:09.510807,0.0,0.0,0.0
2022-01-13 22:15:10.008390,0.0,0.0,0.0
2022-01-13 22:15:10.503875,0.0,0.0,0.0
2022-01-13 22:15:11.002337,0.0,0.0,0.0
2022-01-13 22:15:11.507890,0.0,0.0,0.0
2022-01-13 22:15:12.006368,0.0,0.0,0.0
2022-01-13 22:15:12.501967,0.0,0.0,0.0
2022-01-13 22:15:13.010892,0.0,0.0,0.0
2022-01-13 22:15:13.505716,0.0,0.0,0.0
2022-01-13 22:15:14.003021,0.0,0.0,0.0
2022-01-13 22:15:14.509541,0.0,0.0,0.0
2022-01-13 22:15:15.007092,0.0,0.0,0.0
2022-01-13 22:15:15.501348,0.0,0.0,0.0
2022-01-13 22:15:16.009536,0.0,0.0,0.0
2022-01-13 22:15:16.504220,0.0,0.0,0.0
2022-01-13 22:15:17.001510,0.0,0.0,0.0
2022-01-13 22:15:17.505603,0.0,0.0,0.0
2022-01-13 22:15:18.003265,0.0,0.0,0.0
2022-01-13 22:15:18.508305,0.0,0.0,0.0
2022-01-13 22:15:19.007817,0.0,0.0,0.0
2022-01-13 22:15:19.501938,0.0,0.0,0.0
2022-01-13 22:15:20.010018,0.0,0.0,0.0
2022-01-13 22:15:20.505704,0.0,0.0,0.0
2022-01-13 22:15:21.003910,0.0,0.0,0.0
2022-01-13 22:15:21.510762,0.0,0.0,0.0
2022-01-13 22:15:22.010489,0.0,0.0,0.0
2022-01-13 22:15:22.504253,0.0,0.0,0.0
2022-01-13 22:15:23.001114,0.0,0.0,0.0
2022-01-13 22:15:23.507056,0.0,0.0,0.0
2022-01-13 22:15:24.004673,0.0,0.0,0.0
2022-01-13 22:15:24.510757,0.0,0.0,0.0
2022-01-13 22:15:25.009624,0.0,0.0,0.0
2022-01-13 22:15:25.504055,0.0,0.0,0.0
2022-01-13 22:15:26.002033,0.0,0.0,0.0
2022-01-13 22:15:26.507150,0.0,0.0,0.0
2022-01-13 22:15:27.006111,0.0,0.0,0.0
2022-01-13 22:15:27.502795,0.0,0.0,0.0
2022-01-13 22:15:28.001926,0.0,0.0,0.0
2022-01-13 22:15:28.507980,0.0,0.0,0.0
2022-01-13 22:15:29.005788,0.0,0.0,0.0
2022-01-13 22:15:29.510922,0.0,0.0,0.0
2022-01-13 22:15:30.009096,0.0,0.0,0.0
2022-01-13 22:15:30.505515,0.0,0.0,0.0
2022-01-13 22:15:31.003419,0.0,0.0,0.0
2022-01-13 22:15:31.509115,0.0,0.0,0.0
2022-01-13 22:15:32.005560,0.0,0.0,0.0
2022-01-13 22:15:32.502100,0.0,0.0,0.0
2022-01-13 22:15:33.504884,0.0,0.0,0.0
2022-01-13 22:15:34.002746,0.0,0.0,0.0
2022-01-13 22:15:34.507282,0.0,0.0,0.0
2022-01-13 22:15:35.004906,0.0,0.0,0.0
2022-01-13 22:15:35.510880,0.0,0.0,0.0
2022-01-13 22:15:36.006920,0.0,0.0,0.0
2022-01-13 22:15:36.501484,0.0,0.0,0.0
2022-01-13 22:15:37.008718,0.0,0.0,0.0
2022-01-13 22:15:37.503895,0.0,0.0,0.0
2022-01-13 22:15:38.002196,0.0,0.0,0.0
2022-01-13 22:15:38.507814,0.0,0.0,0.0
2022-01-13 22:15:39.005755,0.0,0.0,0.0
2022-01-13 22:15:39.502136,0.0,0.0,0.0
2022-01-13 22:15:40.504332,0.0,0.0,0.0
2022-01-13 22:15:41.002624,0.0,0.0,0.0
2022-01-13 22:15:41.509129,0.0,0.0,0.0
2022-01-13 22:15:42.006511,0.0,0.0,0.0
2022-01-13 22:15:42.503035,0.0,0.0,0.0
2022-01-13 22:15:43.002247,0.0,0.0,0.0
2022-01-13 22:15:43.507099,0.0,0.0,0.0
2022-01-13 22:15:44.005343,0.0,0.0,0.0
2022-01-13 22:15:44.510476,0.0,0.0,0.0
2022-01-13 22:15:45.009012,0.0,0.0,0.0
2022-01-13 22:15:45.503165,0.0,0.0,0.0
2022-01-13 22:15:46.001947,0.0,0.0,0.0
2022-01-13 22:15:46.507516,0.0,0.0,0.0
2022-01-13 22:15:47.006552,0.0,0.0,0.0
2022-01-13 22:15:47.501581,0.0,0.0,0.0
2022-01-13 22:15:48.009372,0.0,0.0,0.0
2022-01-13 22:15:48.503899,0.0,0.0,0.0
2022-01-13 22:15:49.002515,0.0,0.0,0.0
2022-01-13 22:15:49.508539,0.0,0.0,0.0
2022-01-13 22:15:50.007521,0.0,0.0,0.0
2022-01-13 22:15:50.503412,0.0,0.0,0.0
2022-01-13 22:15:51.001659,0.0,0.0,0.0
2022-01-13 22:15:51.510616,0.0,0.0,0.0
2022-01-13 22:15:52.008008,0.0,0.0,0.0
2022-01-13 22:15:52.501534,0.0,0.0,0.0
2022-01-13 22:15:53.009595,0.0,0.0,0.0
2022-01-13 22:15:53.504503,0.0,0.0,0.0
2022-01-13 22:15:54.003040,0.0,0.0,0.0
2022-01-13 22:15:54.507774,0.0,0.0,0.0
2022-01-13 22:15:55.007723,0.0,0.0,0.0
2022-01-13 22:15:55.508340,0.0,0.0,0.0
2022-01-13 22:15:56.006395,0.0,0.0,0.0
2022-01-13 22:15:56.505054,0.0,0.0,0.0
2022-01-13 22:15:57.004114,0.0,0.0,0.0
2022-01-13 22:15:57.508649,0.0,0.0,0.0
2022-01-13 22:15:58.006103,0.0,0.0,0.0
2022-01-13 22:15:58.501148,0.0,0.0,0.0
2022-01-13 22:15:59.009945,0.0,0.0,0.0
2022-01-13 22:15:59.503565,0.0,0.0,0.0
2022-01-13 22:16:00.001851,0.0,0.0,0.0
2022-01-13 22:16:00.510960,0.0,0.0,0.0
2022-01-13 22:16:01.009212,0.0,0.0,0.0
2022-01-13 22:16:01.505053,0.0,0.0,0.0
2022-01-13 22:16:02.002854,0.0,0.0,0.0
2022-01-13 22:16:02.508796,0.0,0.0,0.0
2022-01-13 22:16:03.002756,0.0,0.0,0.0
2022-01-13 22:16:03.508451,0.0,0.0,0.0
2022-01-13 22:16:04.006165,0.0,0.0,0.0
2022-01-13 22:16:04.503734,0.0,0.0,0.0
2022-01-13 22:16:05.001446,0.0,0.0,0.0
2022-01-13 22:16:05.505274,0.0,0.0,0.0
2022-01-13 22:16:06.003436,0.0,0.0,0.0
2022-01-13 22:16:06.508515,0.0,0.0,0.0
2022-01-13 22:16:07.006931,0.0,0.0,0.0
2022-01-13 22:16:07.502997,0.0,0.0,0.0
2022-01-13 22:16:08.002036,0.0,0.0,0.0
2022-01-13 22:16:08.509468,0.0,0.0,0.0
2022-01-13 22:16:09.009119,0.0,0.0,0.0
2022-01-13 22:16:09.502777,0.0,0.0,0.0
2022-01-13 22:16:10.000868,0.0,0.0,0.0
2022-01-13 22:16:10.510870,0.0,0.0,0.0
2022-01-13 22:16:11.009016,0.0,0.0,0.0
2022-01-13 22:16:11.503913,0.0,0.0,0.0
2022-01-13 22:16:12.001587,0.0,0.0,0.0
2022-01-13 22:16:12.507087,0.0,0.0,0.0
2022-01-13 22:16:13.006703,0.0,0.0,0.0
2022-01-13 22:16:13.503385,0.0,0.0,0.0
2022-01-13 22:16:14.002231,0.0,0.0,0.0
2022-01-13 22:16:14.508176,0.0,0.0,0.0
2022-01-13 22:16:15.005868,0.0,0.0,0.0
2022-01-13 22:16:15.510897,0.0,0.0,0.0
2022-01-13 22:16:16.008994,0.0,0.0,0.0
2022-01-13 22:16:16.505028,0.0,0.0,0.0
2022-01-13 22:16:17.003695,0.0,0.0,0.0
2022-01-13 22:16:17.509235,0.0,0.0,0.0
2022-01-13 22:16:18.007156,0.0,0.0,0.0
2022-01-13 22:16:18.502215,0.0,0.0,0.0
2022-01-13 22:16:19.010715,0.0,0.0,0.0
2022-01-13 22:16:19.505588,0.0,0.0,0.0
2022-01-13 22:16:20.004593,0.0,0.0,0.0
2022-01-13 22:16:21.005824,0.0,0.0,0.0
2022-01-13 22:16:21.501112,0.0,0.0,0.0
2022-01-13 22:16:22.009977,0.0,0.0,0.0
2022-01-13 22:16:22.507015,0.0,0.0,0.0
2022-01-13 22:16:23.007633,0.0,0.0,0.0
2022-01-13 22:16:23.502429,0.0,0.0,0.0
2022-01-13 22:16:24.001272,0.0,0.0,0.0
2022-01-13 22:16:24.506957,0.0,0.0,0.0
2022-01-13 22:16:25.006613,0.0,0.0,0.0
2022-01-13 22:16:25.501404,0.0,0.0,0.0
2022-01-13 22:16:26.009313,0.0,0.0,0.0
2022-01-13 22:16:26.504888,0.0,0.0,0.0
2022-01-13 22:16:27.004477,0.0,0.0,0.0
2022-01-13 22:16:27.509706,0.0,0.0,0.0
2022-01-13 22:16:28.007488,0.0,0.0,0.0
2022-01-13 22:16:28.503315,0.0,0.0,0.0
2022-01-13 22:16:29.002479,0.0,0.0,0.0
2022-01-13 22:16:29.508437,0.0,0.0,0.0
2022-01-13 22:16:30.006795,0.0,0.0,0.0
2022-01-13 22:16:30.501233,0.0,0.0,0.0
2022-01-13 22:16:31.505708,0.0,0.0,0.0
2022-01-13 22:16:32.003944,0.0,0.0,0.0
2022-01-13 22:16:32.509173,0.0,0.0,0.0
2022-01-13 22:16:33.008002,0.0,0.0,0.0
2022-01-13 22:16:33.503880,0.0,0.0,0.0
2022-01-13 22:16:34.001664,0.0,0.0,0.0
2022-01-13 22:16:34.508523,0.0,0.0,0.0
2022-01-13 22:16:35.006276,0.0,0.0,0.0
2022-01-13 22:16:35.510734,0.0,0.0,0.0
2022-01-13 22:16:36.008567,0.0,0.0,0.0
2022-01-13 22:16:36.502761,0.0,0.0,0.0
2022-01-13 22:16:37.002207,0.0,0.0,0.0
2022-01-13 22:16:37.508641,0.0,0.0,0.0
2022-01-13 22:16:38.006390,0.0,0.0,0.0
2022-01-13 22:16:38.501902,0.0,0.0,0.0
2022-01-13 22:16:39.002795,0.0,0.0,0.0
2022-01-13 22:16:39.508720,0.0,0.0,0.0
2022-01-13 22:16:40.005580,0.0,0.0,0.0
2022-01-13 22:16:40.509770,0.0,0.0,0.0
2022-01-13 22:16:41.008188,0.0,0.0,0.0
2022-01-13 22:16:41.503551,0.0,0.0,0.0
2022-01-13 22:16:42.001964,0.0,0.0,0.0
2022-01-13 22:16:42.509377,0.0,0.0,0.0
2022-01-13 22:16:43.007956,0.0,0.0,0.0
2022-01-13 22:16:43.502281,0.0,0.0,0.0
2022-01-13 22:16:44.002087,0.0,0.0,0.0
2022-01-13 22:16:44.507244,0.0,0.0,0.0
2022-01-13 22:16:45.007852,0.0,0.0,0.0
2022-01-13 22:16:45.503724,0.0,0.0,0.0
2022-01-13 22:16:46.504888,0.0,0.0,0.0
2022-01-13 22:16:47.003165,0.0,0.0,0.0
2022-01-13 22:16:47.510360,0.0,0.0,0.0
2022-01-13 22:16:48.007919,0.0,0.0,0.0
2022-01-13 22:16:48.503844,0.0,0.0,0.0
2022-01-13 22:16:49.001585,0.0,0.0,0.0
2022-01-13 22:16:49.507001,0.0,0.0,0.0
2022-01-13 22:16:50.005806,0.0,0.0,0.0
2022-01-13 22:16:50.510946,0.0,0.0,0.0
2022-01-13 22:16:51.009965,0.0,0.0,0.0
2022-01-13 22:16:51.504519,0.0,0.0,0.0
2022-01-13 22:16:52.002608,0.0,0.0,0.0
2022-01-13 22:16:52.505499,0.0,0.0,0.0
2022-01-13 22:16:53.002737,0.0,0.0,0.0
2022-01-13 22:16:53.507957,0.0,0.0,0.0
2022-01-13 22:16:54.006156,0.0,0.0,0.0
2022-01-13 22:16:54.510129,0.0,0.0,0.0
2022-01-13 22:16:55.008178,0.0,0.0,0.0
2022-01-13 22:16:55.502131,0.0,0.0,0.0
2022-01-13 22:16:56.008645,0.0,0.0,0.0
2022-01-13 22:16:56.505668,0.0,0.0,0.0
2022-01-13 22:16:57.004554,0.0,0.0,0.0
2022-01-13 22:16:57.508769,0.0,0.0,0.0
2022-01-13 22:16:58.006033,0.0,0.0,0.0
2022-01-13 22:16:58.509243,0.0,0.0,0.0
2022-01-13 22:16:59.006029,0.0,0.0,0.0
2022-01-13 22:16:59.501677,0.0,0.0,0.0
2022-01-13 22:17:00.009340,0.0,0.0,0.0
2022-01-13 22:17:00.506907,0.0,0.0,0.0
2022-01-13 22:17:01.006131,0.0,0.0,0.0
2022-01-13 22:17:01.510296,0.0,0.0,0.0
2022-01-13 22:17:02.008693,0.0,0.0,0.0
2022-01-13 22:17:02.510144,0.0,0.0,0.0
2022-01-13 22:17:03.008524,0.0,0.0,0.0
2022-01-13 22:17:03.503240,0.0,0.0,0.0
2022-01-13 22:17:04.001508,0.0,0.0,0.0
2022-01-13 22:17:04.507436,0.0,0.0,0.0
2022-01-13 22:17:05.006792,0.0,0.0,0.0
2022-01-13 22:17:05.502100,0.0,0.0,0.0
2022-01-13 22:17:06.001355,0.0,0.0,0.0
2022-01-13 22:17:06.504985,0.0,0.0,0.0
2022-01-13 22:17:07.001584,0.0,0.0,0.0
2022-01-13 22:17:07.508339,0.0,0.0,0.0
2022-01-13 22:17:08.006154,0.0,0.0,0.0
2022-01-13 22:17:08.509840,0.0,0.0,0.0
2022-01-13 22:17:09.009572,0.0,0.0,0.0
2022-01-13 22:17:09.505014,0.0,0.0,0.0
2022-01-13 22:17:10.010050,0.0,0.0,0.0
2022-01-13 22:17:10.502065,0.0,0.0,0.0
2022-01-13 22:17:11.001628,0.0,0.0,0.0
2022-01-13 22:17:11.509580,0.0,0.0,0.0
2022-01-13 22:17:12.002504,0.0,0.0,0.0
2022-01-13 22:17:12.507366,0.0,0.0,0.0
2022-01-13 22:17:13.007676,0.0,0.0,0.0
2022-01-13 22:17:13.502225,0.0,0.0,0.0
2022-01-13 22:17:14.002444,0.0,0.0,0.0
2022-01-13 22:17:14.507879,0.0,0.0,0.0
2022-01-13 22:17:15.005421,0.0,0.0,0.0
2022-01-13 22:17:15.501162,0.0,0.0,0.0
2022-01-13 22:17:16.009572,0.0,0.0,0.0
2022-01-13 22:17:16.505367,0.0,0.0,0.0
2022-01-13 22:17:17.002840,0.0,0.0,0.0
2022-01-13 22:17:17.508946,0.0,0.0,0.0
2022-01-13 22:17:18.007876,0.0,0.0,0.0
2022-01-13 22:17:18.501377,0.0,0.0,0.0
2022-01-13 22:17:19.009428,0.0,0.0,0.0
2022-01-13 22:17:19.504411,0.0,0.0,0.0
2022-01-13 22:17:20.002339,0.0,0.0,0.0
2022-01-13 22:17:20.508241,0.0,0.0,0.0
2022-01-13 22:17:21.007148,0.0,0.0,0.0
2022-01-13 22:17:21.502488,0.0,0.0,0.0
2022-01-13 22:17:22.010281,0.0,0.0,0.0
2022-01-13 22:17:22.505315,0.0,0.0,0.0
2022-01-13 22:17:23.003206,0.0,0.0,0.0
2022-01-13 22:17:23.510145,0.0,0.0,0.0
2022-01-13 22:17:24.008009,0.0,0.0,0.0
2022-01-13 22:17:24.503537,0.0,0.0,0.0
2022-01-13 22:17:25.001345,0.0,0.0,0.0
2022-01-13 22:17:25.507450,0.0,0.0,0.0
2022-01-13 22:17:26.006040,0.0,0.0,0.0
2022-01-13 22:17:26.503410,0.0,0.0,0.0
2022-01-13 22:17:27.001370,0.0,0.0,0.0
2022-01-13 22:17:27.506346,0.0,0.0,0.0
2022-01-13 22:17:28.005461,0.0,0.0,0.0
2022-01-13 22:17:28.509473,0.0,0.0,0.0
2022-01-13 22:17:29.007606,0.0,0.0,0.0
2022-01-13 22:17:29.501695,0.0,0.0,0.0
2022-01-13 22:17:30.009067,0.0,0.0,0.0
2022-01-13 22:17:30.504031,0.0,0.0,0.0
2022-01-13 22:17:31.004746,0.0,0.0,0.0
2022-01-13 22:17:31.510197,0.0,0.0,0.0
2022-01-13 22:17:32.008137,0.0,0.0,0.0
2022-01-13 22:17:32.510984,0.0,0.0,0.0
2022-01-13 22:17:33.009846,0.0,0.0,0.0
2022-01-13 22:17:33.505790,0.0,0.0,0.0
2022-01-13 22:17:34.005476,0.0,0.0,0.0
2022-01-13 22:17:34.502388,0.0,0.0,0.0
2022-01-13 22:17:35.001559,0.0,0.0,0.0
2022-01-13 22:17:35.508634,0.0,0.0,0.0
2022-01-13 22:17:36.007194,0.0,0.0,0.0
2022-01-13 22:17:36.501075,0.0,0.0,0.0
2022-01-13 22:17:37.010269,0.0,0.0,0.0
2022-01-13 22:17:37.505310,0.0,0.0,0.0
2022-01-13 22:17:38.002002,0.0,0.0,0.0
2022-01-13 22:17:38.506847,0.0,0.0,0.0
2022-01-13 22:17:39.005239,0.0,0.0,0.0
2022-01-13 22:17:39.501513,0.0,0.0,0.0
2022-01-13 22:17:40.009795,0.0,0.0,0.0
2022-01-13 22:17:40.504011,0.0,0.0,0.0
2022-01-13 22:17:41.002105,0.0,0.0,0.0
2022-01-13 22:17:41.507759,0.0,0.0,0.0
2022-01-13 22:17:42.005750,0.0,0.0,0.0
2022-01-13 22:17:42.501127,0.0,0.0,0.0
2022-01-13 22:17:43.009349,0.0,0.0,0.0
2022-01-13 22:17:43.503729,0.0,0.0,0.0
2022-01-13 22:17:44.004233,0.0,0.0,0.0
2022-01-13 22:17:44.509335,0.0,0.0,0.0
2022-01-13 22:17:45.009012,0.0,0.0,0.0
2022-01-13 22:17:45.503950,0.0,0.0,0.0
2022-01-13 22:17:46.002602,0.0,0.0,0.0
2022-01-13 22:17:46.507786,0.0,0.0,0.0
2022-01-13 22:17:47.007378,0.0,0.0,0.0
2022-01-13 22:17:47.503401,0.0,0.0,0.0
2022-01-13 22:17:48.001797,0.0,0.0,0.0
2022-01-13 22:17:48.508516,0.0,0.0,0.0
2022-01-13 22:17:49.006654,0.0,0.0,0.0
2022-01-13 22:17:49.503268,0.0,0.0,0.0
2022-01-13 22:17:50.002574,0.0,0.0,0.0
2022-01-13 22:17:50.506557,0.0,0.0,0.0
2022-01-13 22:17:51.005530,0.0,0.0,0.0
2022-01-13 22:17:51.501425,0.0,0.0,0.0
2022-01-13 22:17:52.009384,0.0,0.0,0.0
2022-01-13 22:17:52.503907,0.0,0.0,0.0
2022-01-13 22:17:53.002335,0.0,0.0,0.0
2022-01-13 22:17:53.506622,0.0,0.0,0.0
2022-01-13 22:17:54.005689,0.0,0.0,0.0
2022-01-13 22:17:54.510055,0.0,0.0,0.0
2022-01-13 22:17:55.007348,0.0,0.0,0.0
2022-01-13 22:17:55.502148,0.0,0.0,0.0
2022-01-13 22:17:56.010820,0.0,0.0,0.0
2022-01-13 22:17:56.505696,0.0,0.0,0.0
2022-01-13 22:17:57.003591,0.0,0.0,0.0
2022-01-13 22:17:57.501615,0.0,0.0,0.0
2022-01-13 22:17:58.009089,0.0,0.0,0.0
2022-01-13 22:17:58.506500,0.0,0.0,0.0
2022-01-13 22:17:59.005200,0.0,0.0,0.0
2022-01-13 22:17:59.510092,0.0,0.0,0.0
2022-01-13 22:18:00.008240,0.0,0.0,0.0
2022-01-13 22:18:00.503401,0.0,0.0,0.0
2022-01-13 22:18:01.001712,0.0,0.0,0.0
2022-01-13 22:18:01.508494,0.0,0.0,0.0
2022-01-13 22:18:02.007671,0.0,0.0,0.0
2022-01-13 22:18:02.501641,0.0,0.0,0.0
2022-01-13 22:18:03.002825,0.0,0.0,0.0
2022-01-13 22:18:03.507283,0.0,0.0,0.0
2022-01-13 22:18:04.005984,0.0,0.0,0.0
2022-01-13 22:18:05.005026,0.0,0.0,0.0
2022-01-13 22:18:05.509353,0.0,0.0,0.0
2022-01-13 22:18:06.008602,0.0,0.0,0.0
2022-01-13 22:18:06.503547,0.0,0.0,0.0
2022-01-13 22:18:07.001663,0.0,0.0,0.0
2022-01-13 22:18:07.507159,0.0,0.0,0.0
2022-01-13 22:18:08.005347,0.0,0.0,0.0
2022-01-13 22:18:08.501184,0.0,0.0,0.0
2022-01-13 22:18:09.008413,0.0,0.0,0.0
2022-01-13 22:18:09.503821,0.0,0.0,0.0
2022-01-13 22:18:10.001687,0.0,0.0,0.0
2022-01-13 22:18:10.509089,0.0,0.0,0.0
2022-01-13 22:18:11.007684,0.0,0.0,0.0
2022-01-13 22:18:11.502568,0.0,0.0,0.0
2022-01-13 22:18:12.010641,0.0,0.0,0.0
2022-01-13 22:18:12.507245,0.0,0.0,0.0
2022-01-13 22:18:13.006222,0.0,0.0,0.0
2022-01-13 22:18:13.509877,0.0,0.0,0.0
2022-01-13 22:18:14.007530,0.0,0.0,0.0
2022-01-13 22:18:14.502002,0.0,0.0,0.0
2022-01-13 22:18:15.008918,0.0,0.0,0.0
2022-01-13 22:18:15.504874,0.0,0.0,0.0
2022-01-13 22:18:16.002964,0.0,0.0,0.0
2022-01-13 22:18:16.508661,0.0,0.0,0.0
2022-01-13 22:18:17.007346,0.0,0.0,0.0
2022-01-13 22:18:17.501486,0.0,0.0,0.0
2022-01-13 22:18:18.001514,0.0,0.0,0.0
2022-01-13 22:18:18.505790,0.0,0.0,0.0
2022-01-13 22:18:19.003540,0.0,0.0,0.0
2022-01-13 22:18:19.509537,0.0,0.0,0.0
2022-01-13 22:18:20.008356,0.0,0.0,0.0
2022-01-13 22:18:20.503899,0.0,0.0,0.0
2022-01-13 22:18:21.003094,0.0,0.0,0.0
2022-01-13 22:18:21.507834,0.0,0.0,0.0
2022-01-13 22:18:22.005609,0.0,0.0,0.0
2022-01-13 22:18:22.509831,0.0,0.0,0.0
2022-01-13 22:18:23.008643,0.0,0.0,0.0
2022-01-13 22:18:23.503528,0.0,0.0,0.0
2022-01-13 22:18:24.002108,0.0,0.0,0.0
2022-01-13 22:18:24.508154,0.0,0.0,0.0
2022-01-13 22:18:25.007239,0.0,0.0,0.0
2022-01-13 22:18:25.503375,0.0,0.0,0.0
2022-01-13 22:18:26.001104,0.0,0.0,0.0
2022-01-13 22:18:26.506764,0.0,0.0,0.0
2022-01-13 22:18:27.005548,0.0,0.0,0.0
2022-01-13 22:18:27.510339,0.0,0.0,0.0
2022-01-13 22:18:28.008548,0.0,0.0,0.0
2022-01-13 22:18:28.503952,0.0,0.0,0.0
2022-01-13 22:18:29.002684,0.0,0.0,0.0
2022-01-13 22:18:29.508611,0.0,0.0,0.0
2022-01-13 22:18:30.008874,0.0,0.0,0.0
2022-01-13 22:18:30.504212,0.0,0.0,0.0
2022-01-13 22:18:31.004247,0.0,0.0,0.0
2022-01-13 22:18:31.509646,0.0,0.0,0.0
2022-01-13 22:18:32.007672,0.0,0.0,0.0
2022-01-13 22:18:32.502049,0.0,0.0,0.0
2022-01-13 22:18:33.002301,0.0,0.0,0.0
2022-01-13 22:18:33.505787,0.0,0.0,0.0
2022-01-13 22:18:34.004196,0.0,0.0,0.0
2022-01-13 22:18:34.508581,0.0,0.0,0.0
2022-01-13 22:18:35.006838,0.0,0.0,0.0
2022-01-13 22:18:35.502576,0.0,0.0,0.0
2022-01-13 22:18:36.002980,0.0,0.0,0.0
2022-01-13 22:18:36.507767,0.0,0.0,0.0
2022-01-13 22:18:37.006095,0.0,0.0,0.0
2022-01-13 22:18:37.502981,0.0,0.0,0.0
2022-01-13 22:18:38.011203,0.0,0.0,0.0
2022-01-13 22:18:38.509869,0.0,0.0,0.0
2022-01-13 22:18:39.008976,0.0,0.0,0.0
2022-01-13 22:18:39.506987,0.0,0.0,0.0
2022-01-13 22:18:40.004597,0.0,0.0,0.0
2022-01-13 22:18:40.501117,0.0,0.0,0.0
2022-01-13 22:18:41.009074,0.0,0.0,0.0
2022-01-13 22:18:41.502644,0.0,0.0,0.0
2022-01-13 22:18:42.010690,0.0,0.0,0.0
2022-01-13 22:18:42.505508,0.0,0.0,0.0
2022-01-13 22:18:43.003115,0.0,0.0,0.0
2022-01-13 22:18:43.507745,0.0,0.0,0.0
2022-01-13 22:18:44.006330,0.0,0.0,0.0
2022-01-13 22:18:45.006041,0.0,0.0,0.0
2022-01-13 22:18:45.503243,0.0,0.0,0.0
2022-01-13 22:18:46.001631,0.0,0.0,0.0
2022-01-13 22:18:46.508560,0.0,0.0,0.0
2022-01-13 22:18:47.006114,0.0,0.0,0.0
2022-01-13 22:18:47.510088,0.0,0.0,0.0
2022-01-13 22:18:48.009162,0.0,0.0,0.0
2022-01-13 22:18:48.503101,0.0,0.0,0.0
2022-01-13 22:18:49.010038,0.0,0.0,0.0
2022-01-13 22:18:49.503880,0.0,0.0,0.0
2022-01-13 22:18:50.002415,0.0,0.0,0.0
2022-01-13 22:18:50.509036,0.0,0.0,0.0
2022-01-13 22:18:51.007784,0.0,0.0,0.0
2022-01-13 22:18:51.505322,0.0,0.0,0.0
2022-01-13 22:18:52.002417,0.0,0.0,0.0
2022-01-13 22:18:52.508615,0.0,0.0,0.0
2022-01-13 22:18:53.007437,0.0,0.0,0.0
2022-01-13 22:18:53.502299,0.0,0.0,0.0
2022-01-13 22:18:54.010394,0.0,0.0,0.0
2022-01-13 22:18:54.504673,0.0,0.0,0.0
2022-01-13 22:18:55.003198,0.0,0.0,0.0
2022-01-13 22:18:55.510702,0.0,0.0,0.0
2022-01-13 22:18:56.009666,0.0,0.0,0.0
2022-01-13 22:18:56.504353,0.0,0.0,0.0
2022-01-13 22:18:57.003192,0.0,0.0,0.0
2022-01-13 22:18:57.509132,0.0,0.0,0.0
2022-01-13 22:18:58.006521,0.0,0.0,0.0
2022-01-13 22:18:58.502453,0.0,0.0,0.0
2022-01-13 22:18:59.002052,0.0,0.0,0.0
2022-01-13 22:18:59.508518,0.0,0.0,0.0
2022-01-13 22:19:00.006717,0.0,0.0,0.0
2022-01-13 22:19:00.501463,0.0,0.0,0.0
2022-01-13 22:19:01.009269,0.0,0.0,0.0
2022-01-13 22:19:01.505373,0.0,0.0,0.0
2022-01-13 22:19:02.003574,0.0,0.0,0.0
2022-01-13 22:19:02.508800,0.0,0.0,0.0
2022-01-13 22:19:03.006176,0.0,0.0,0.0
2022-01-13 22:19:03.501608,0.0,0.0,0.0
2022-01-13 22:19:04.001429,0.0,0.0,0.0
2022-01-13 22:19:04.505757,0.0,0.0,0.0
2022-01-13 22:19:05.004353,0.0,0.0,0.0
2022-01-13 22:19:05.501454,0.0,0.0,0.0
2022-01-13 22:19:06.009158,0.0,0.0,0.0
2022-01-13 22:19:06.502977,0.0,0.0,0.0
2022-01-13 22:19:07.001189,0.0,0.0,0.0
2022-01-13 22:19:07.506688,0.0,0.0,0.0
2022-01-13 22:19:08.005131,0.0,0.0,0.0
2022-01-13 22:19:08.511172,0.0,0.0,0.0
2022-01-13 22:19:09.009346,0.0,0.0,0.0
2022-01-13 22:19:09.508519,0.0,0.0,0.0
2022-01-13 22:19:10.007224,0.0,0.0,0.0
2022-01-13 22:19:10.501655,0.0,0.0,0.0
2022-01-13 22:19:11.010686,0.0,0.0,0.0
2022-01-13 22:19:11.505559,0.0,0.0,0.0
2022-01-13 22:19:12.003967,0.0,0.0,0.0
2022-01-13 22:19:12.510100,0.0,0.0,0.0
2022-01-13 22:19:13.007889,0.0,0.0,0.0
2022-01-13 22:19:13.501631,0.0,0.0,0.0
2022-01-13 22:19:14.010052,0.0,0.0,0.0
2022-01-13 22:19:14.505172,0.0,0.0,0.0
2022-01-13 22:19:15.001723,0.0,0.0,0.0
2022-01-13 22:19:15.507034,0.0,0.0,0.0
2022-01-13 22:19:16.007252,0.0,0.0,0.0
2022-01-13 22:19:16.501537,0.0,0.0,0.0
2022-01-13 22:19:17.010728,0.0,0.0,0.0
2022-01-13 22:19:17.506202,0.0,0.0,0.0
2022-01-13 22:19:18.003528,0.0,0.0,0.0
2022-01-13 22:19:18.508587,0.0,0.0,0.0
2022-01-13 22:19:19.005846,0.0,0.0,0.0
2022-01-13 22:19:19.510800,0.0,0.0,0.0
2022-01-13 22:19:20.009127,0.0,0.0,0.0
2022-01-13 22:19:20.504944,0.0,0.0,0.0
2022-01-13 22:19:21.003556,0.0,0.0,0.0
2022-01-13 22:19:21.509538,0.0,0.0,0.0
2022-01-13 22:19:22.007124,0.0,0.0,0.0
2022-01-13 22:19:22.502681,0.0,0.0,0.0
2022-01-13 22:19:23.011160,0.0,0.0,0.0
2022-01-13 22:19:23.506007,0.0,0.0,0.0
2022-01-13 22:19:24.003298,0.0,0.0,0.0
2022-01-13 22:19:24.507645,0.0,0.0,0.0
2022-01-13 22:19:25.007159,0.0,0.0,0.0
2022-01-13 22:19:25.501154,0.0,0.0,0.0
2022-01-13 22:19:26.010827,0.0,0.0,0.0
2022-01-13 22:19:26.506367,0.0,0.0,0.0
2022-01-13 22:19:27.004054,0.0,0.0,0.0
2022-01-13 22:19:27.508935,0.0,0.0,0.0
2022-01-13 22:19:28.006676,0.0,0.0,0.0
2022-01-13 22:19:28.501121,0.0,0.0,0.0
2022-01-13 22:19:29.010049,0.0,0.0,0.0
2022-01-13 22:19:29.504351,0.0,0.0,0.0
2022-01-13 22:19:30.002915,0.0,0.0,0.0
2022-01-13 22:19:30.508200,0.0,0.0,0.0
2022-01-13 22:19:31.005347,0.0,0.0,0.0
2022-01-13 22:19:31.501959,0.0,0.0,0.0
2022-01-13 22:19:32.010366,0.0,0.0,0.0
2022-01-13 22:19:32.505948,0.0,0.0,0.0
2022-01-13 22:19:33.004080,0.0,0.0,0.0
2022-01-13 22:19:33.509596,0.0,0.0,0.0
2022-01-13 22:19:34.007332,0.0,0.0,0.0
2022-01-13 22:19:34.502623,0.0,0.0,0.0
2022-01-13 22:19:35.010651,0.0,0.0,0.0
2022-01-13 22:19:35.505113,0.0,0.0,0.0
2022-01-13 22:19:36.002711,0.0,0.0,0.0
2022-01-13 22:19:36.508530,0.0,0.0,0.0
2022-01-13 22:19:37.006350,0.0,0.0,0.0
2022-01-13 22:19:37.502208,0.0,0.0,0.0
2022-01-13 22:19:38.011026,0.0,0.0,0.0
2022-01-13 22:19:38.506533,0.0,0.0,0.0
2022-01-13 22:19:39.005257,0.0,0.0,0.0
2022-01-13 22:19:39.510741,0.0,0.0,0.0
2022-01-13 22:19:40.009197,0.0,0.0,0.0
2022-01-13 22:19:40.501146,0.0,0.0,0.0
2022-01-13 22:19:41.002031,0.0,0.0,0.0
2022-01-13 22:19:41.508587,0.0,0.0,0.0
2022-01-13 22:19:42.007119,0.0,0.0,0.0
2022-01-13 22:19:42.502470,0.0,0.0,0.0
2022-01-13 22:19:43.001117,0.0,0.0,0.0
2022-01-13 22:19:43.507976,0.0,0.0,0.0
2022-01-13 22:19:44.005209,0.0,0.0,0.0
2022-01-13 22:19:44.510607,0.0,0.0,0.0
2022-01-13 22:19:45.008762,0.0,0.0,0.0
2022-01-13 22:19:45.503847,0.0,0.0,0.0
2022-01-13 22:19:46.001294,0.0,0.0,0.0
2022-01-13 22:19:46.505387,0.0,0.0,0.0
2022-01-13 22:19:47.002720,0.0,0.0,0.0
2022-01-13 22:19:47.508294,0.0,0.0,0.0
2022-01-13 22:19:48.005554,0.0,0.0,0.0
2022-01-13 22:19:48.511147,0.0,0.0,0.0
2022-01-13 22:19:49.008505,0.0,0.0,0.0
2022-01-13 22:19:49.503714,0.0,0.0,0.0
2022-01-13 22:19:50.001578,0.0,0.0,0.0
2022-01-13 22:19:50.506420,0.0,0.0,0.0
2022-01-13 22:19:51.009544,0.0,0.0,0.0
2022-01-13 22:19:51.503082,0.0,0.0,0.0
2022-01-13 22:19:52.001557,0.0,0.0,0.0
2022-01-13 22:19:52.506943,0.0,0.0,0.0
2022-01-13 22:19:53.006290,0.0,0.0,0.0
2022-01-13 22:19:53.501530,0.0,0.0,0.0
2022-01-13 22:19:54.010940,0.0,0.0,0.0
2022-01-13 22:19:54.505511,0.0,0.0,0.0
2022-01-13 22:19:55.003635,0.0,0.0,0.0
2022-01-13 22:19:55.508792,0.0,0.0,0.0
2022-01-13 22:19:56.007371,0.0,0.0,0.0
2022-01-13 22:19:56.501620,0.0,0.0,0.0
2022-01-13 22:19:57.009787,0.0,0.0,0.0
2022-01-13 22:19:57.505105,0.0,0.0,0.0
2022-01-13 22:19:58.003238,0.0,0.0,0.0
2022-01-13 22:19:58.509130,0.0,0.0,0.0
2022-01-13 22:19:59.006890,0.0,0.0,0.0
2022-01-13 22:19:59.501523,0.0,0.0,0.0
2022-01-13 22:20:00.010549,0.0,0.0,0.0
2022-01-13 22:20:00.504460,0.0,0.0,0.0
2022-01-13 22:20:01.002823,0.0,0.0,0.0
2022-01-13 22:20:01.510897,0.0,0.0,0.0
2022-01-13 22:20:02.008676,0.0,0.0,0.0
2022-01-13 22:20:02.502683,0.0,0.0,0.0
2022-01-13 22:20:03.001501,0.0,0.0,0.0
2022-01-13 22:20:03.505612,0.0,0.0,0.0
2022-01-13 22:20:04.004061,0.0,0.0,0.0
2022-01-13 22:20:04.509539,0.0,0.0,0.0
2022-01-13 22:20:05.009512,0.0,0.0,0.0
2022-01-13 22:20:05.505316,0.0,0.0,0.0
2022-01-13 22:20:06.003049,0.0,0.0,0.0
2022-01-13 22:20:06.507812,0.0,0.0,0.0
2022-01-13 22:20:07.005672,0.0,0.0,0.0
2022-01-13 22:20:07.510139,0.0,0.0,0.0
2022-01-13 22:20:08.009259,0.0,0.0,0.0
2022-01-13 22:20:08.505825,0.0,0.0,0.0
2022-01-13 22:20:09.003832,0.0,0.0,0.0
2022-01-13 22:20:09.508490,0.0,0.0,0.0
2022-01-13 22:20:10.006085,0.0,0.0,0.0
2022-01-13 22:20:10.503025,0.0,0.0,0.0
2022-01-13 22:20:11.009844,0.0,0.0,0.0
2022-01-13 22:20:11.505283,0.0,0.0,0.0
2022-01-13 22:20:12.003544,0.0,0.0,0.0
2022-01-13 22:20:12.508410,0.0,0.0,0.0
2022-01-13 22:20:13.006246,0.0,0.0,0.0
2022-01-13 22:20:13.502149,0.0,0.0,0.0
2022-01-13 22:20:14.009346,0.0,0.0,0.0
2022-01-13 22:20:14.505524,0.0,0.0,0.0
2022-01-13 22:20:15.003005,0.0,0.0,0.0
2022-01-13 22:20:15.508596,0.0,0.0,0.0
2022-01-13 22:20:16.007252,0.0,0.0,0.0
2022-01-13 22:20:16.502332,0.0,0.0,0.0
2022-01-13 22:20:17.001461,0.0,0.0,0.0
2022-01-13 22:20:17.506531,0.0,0.0,0.0
2022-01-13 22:20:18.004312,0.0,0.0,0.0
2022-01-13 22:20:18.510693,0.0,0.0,0.0
2022-01-13 22:20:19.010067,0.0,0.0,0.0
2022-01-13 22:20:19.505472,0.0,0.0,0.0
2022-01-13 22:20:20.004560,0.0,0.0,0.0
2022-01-13 22:20:20.509181,0.0,0.0,0.0
2022-01-13 22:20:21.008144,0.0,0.0,0.0
2022-01-13 22:20:21.502860,0.0,0.0,0.0
2022-01-13 22:20:22.002221,0.0,0.0,0.0
2022-01-13 22:20:22.508267,0.0,0.0,0.0
2022-01-13 22:20:23.006884,0.0,0.0,0.0
2022-01-13 22:20:23.504465,0.0,0.0,0.0
2022-01-13 22:20:24.003424,0.0,0.0,0.0
2022-01-13 22:20:24.508318,0.0,0.0,0.0
2022-01-13 22:20:25.007147,0.0,0.0,0.0
2022-01-13 22:20:25.503402,0.0,0.0,0.0
2022-01-13 22:20:26.001976,0.0,0.0,0.0
2022-01-13 22:20:26.507241,0.0,0.0,0.0
2022-01-13 22:20:27.005610,0.0,0.0,0.0
2022-01-13 22:20:27.501400,0.0,0.0,0.0
2022-01-13 22:20:28.002738,0.0,0.0,0.0
2022-01-13 22:20:28.508463,0.0,0.0,0.0
2022-01-13 22:20:29.006742,0.0,0.0,0.0
2022-01-13 22:20:29.502169,0.0,0.0,0.0
2022-01-13 22:20:30.011075,0.0,0.0,0.0
2022-01-13 22:20:30.505497,0.0,0.0,0.0
2022-01-13 22:20:31.004528,0.0,0.0,0.0
2022-01-13 22:20:31.509464,0.0,0.0,0.0
2022-01-13 22:20:32.008786,0.0,0.0,0.0
2022-01-13 22:20:32.502126,0.0,0.0,0.0
2022-01-13 22:20:33.007844,0.0,0.0,0.0
2022-01-13 22:20:33.500990,0.0,0.0,0.0
2022-01-13 22:20:34.009136,0.0,0.0,0.0
2022-01-13 22:20:34.504914,0.0,0.0,0.0
2022-01-13 22:20:35.003112,0.0,0.0,0.0
2022-01-13 22:20:35.508804,0.0,0.0,0.0
2022-01-13 22:20:36.006840,0.0,0.0,0.0
2022-01-13 22:20:36.501877,0.0,0.0,0.0
2022-01-13 22:20:37.001017,0.0,0.0,0.0
2022-01-13 22:20:37.508589,0.0,0.0,0.0
2022-01-13 22:20:38.006052,0.0,0.0,0.0
2022-01-13 22:20:38.511057,0.0,0.0,0.0
2022-01-13 22:20:39.008752,0.0,0.0,0.0
2022-01-13 22:20:39.502643,0.0,0.0,0.0
2022-01-13 22:20:40.002028,0.0,0.0,0.0
2022-01-13 22:20:40.507478,0.0,0.0,0.0
2022-01-13 22:20:41.006851,0.0,0.0,0.0
2022-01-13 22:20:41.503474,0.0,0.0,0.0
2022-01-13 22:20:42.003456,0.0,0.0,0.0
2022-01-13 22:20:42.507682,0.0,0.0,0.0
2022-01-13 22:20:43.005743,0.0,0.0,0.0
2022-01-13 22:20:43.510024,0.0,0.0,0.0
2022-01-13 22:20:44.007595,0.0,0.0,0.0
2022-01-13 22:20:44.501906,0.0,0.0,0.0
2022-01-13 22:20:45.010977,0.0,0.0,0.0
2022-01-13 22:20:45.504539,0.0,0.0,0.0
2022-01-13 22:20:46.002609,0.0,0.0,0.0
2022-01-13 22:20:46.509613,0.0,0.0,0.0
2022-01-13 22:20:47.006961,0.0,0.0,0.0
2022-01-13 22:20:47.502142,0.0,0.0,0.0
2022-01-13 22:20:48.010422,0.0,0.0,0.0
2022-01-13 22:20:48.505002,0.0,0.0,0.0
2022-01-13 22:20:49.002917,0.0,0.0,0.0
2022-01-13 22:20:49.508827,0.0,0.0,0.0
2022-01-13 22:20:50.005768,0.0,0.0,0.0
2022-01-13 22:20:50.503475,0.0,0.0,0.0
2022-01-13 22:20:51.002313,0.0,0.0,0.0
2022-01-13 22:20:51.505824,0.0,0.0,0.0
2022-01-13 22:20:52.002181,0.0,0.0,0.0
2022-01-13 22:20:52.507711,0.0,0.0,0.0
2022-01-13 22:20:53.006463,0.0,0.0,0.0
2022-01-13 22:20:53.501548,0.0,0.0,0.0
2022-01-13 22:20:54.009742,0.0,0.0,0.0
2022-01-13 22:20:54.503615,0.0,0.0,0.0
2022-01-13 22:20:55.002301,0.0,0.0,0.0
2022-01-13 22:20:55.508997,0.0,0.0,0.0
2022-01-13 22:20:56.006836,0.0,0.0,0.0
2022-01-13 22:20:57.005307,0.0,0.0,0.0
2022-01-13 22:20:57.510081,0.0,0.0,0.0
2022-01-13 22:20:58.006754,0.0,0.0,0.0
2022-01-13 22:20:58.503173,0.0,0.0,0.0
2022-01-13 22:20:59.001137,0.0,0.0,0.0
2022-01-13 22:20:59.507616,0.0,0.0,0.0
2022-01-13 22:21:00.006827,0.0,0.0,0.0
2022-01-13 22:21:00.509620,0.0,0.0,0.0
2022-01-13 22:21:01.007311,0.0,0.0,0.0
2022-01-13 22:21:01.501540,0.0,0.0,0.0
2022-01-13 22:21:02.008575,0.0,0.0,0.0
2022-01-13 22:21:02.502682,0.0,0.0,0.0
2022-01-13 22:21:03.009834,0.0,0.0,0.0
2022-01-13 22:21:03.507466,0.0,0.0,0.0
2022-01-13 22:21:04.006027,0.0,0.0,0.0
2022-01-13 22:21:04.501311,0.0,0.0,0.0
2022-01-13 22:21:05.009585,0.0,0.0,0.0
2022-01-13 22:21:05.503862,0.0,0.0,0.0
2022-01-13 22:21:06.002871,0.0,0.0,0.0
2022-01-13 22:21:06.507126,0.0,0.0,0.0
2022-01-13 22:21:07.005659,0.0,0.0,0.0
2022-01-13 22:21:07.510321,0.0,0.0,0.0
2022-01-13 22:21:08.008600,0.0,0.0,0.0
2022-01-13 22:21:08.506006,0.0,0.0,0.0
2022-01-13 22:21:09.002959,0.0,0.0,0.0
2022-01-13 22:21:09.508718,0.0,0.0,0.0
2022-01-13 22:21:10.005461,0.0,0.0,0.0
2022-01-13 22:21:10.501273,0.0,0.0,0.0
2022-01-13 22:21:11.009418,0.0,0.0,0.0
2022-01-13 22:21:11.505640,0.0,0.0,0.0
2022-01-13 22:21:12.003402,0.0,0.0,0.0
2022-01-13 22:21:12.509189,0.0,0.0,0.0
2022-01-13 22:21:13.009160,0.0,0.0,0.0
2022-01-13 22:21:13.503724,0.0,0.0,0.0
2022-01-13 22:21:14.001917,0.0,0.0,0.0
2022-01-13 22:21:14.508582,0.0,0.0,0.0
2022-01-13 22:21:15.006237,0.0,0.0,0.0
2022-01-13 22:21:15.501483,0.0,0.0,0.0
2022-01-13 22:21:16.008904,0.0,0.0,0.0
2022-01-13 22:21:16.502756,0.0,0.0,0.0
2022-01-13 22:21:17.002217,0.0,0.0,0.0
2022-01-13 22:21:17.509186,0.0,0.0,0.0
2022-01-13 22:21:18.006623,0.0,0.0,0.0
2022-01-13 22:21:18.501989,0.0,0.0,0.0
2022-01-13 22:21:19.001170,0.0,0.0,0.0
2022-01-13 22:21:19.507036,0.0,0.0,0.0
2022-01-13 22:21:20.006001,0.0,0.0,0.0
2022-01-13 22:21:20.510512,0.0,0.0,0.0
2022-01-13 22:21:21.007420,0.0,0.0,0.0
2022-01-13 22:21:21.506060,0.0,0.0,0.0
2022-01-13 22:21:22.003503,0.0,0.0,0.0
2022-01-13 22:21:22.508730,0.0,0.0,0.0
2022-01-13 22:21:23.007080,0.0,0.0,0.0
2022-01-13 22:21:23.510786,0.0,0.0,0.0
2022-01-13 22:21:24.009084,0.0,0.0,0.0
2022-01-13 22:21:24.503581,0.0,0.0,0.0
2022-01-13 22:21:25.003151,0.0,0.0,0.0
2022-01-13 22:21:25.507579,0.0,0.0,0.0
2022-01-13 22:21:26.005812,0.0,0.0,0.0
2022-01-13 22:21:26.502953,0.0,0.0,0.0
2022-01-13 22:21:27.002413,0.0,0.0,0.0
2022-01-13 22:21:27.506709,0.0,0.0,0.0
2022-01-13 22:21:28.006468,0.0,0.0,0.0
2022-01-13 22:21:28.502345,0.0,0.0,0.0
2022-01-13 22:21:29.011143,0.0,0.0,0.0
2022-01-13 22:21:29.505617,0.0,0.0,0.0
2022-01-13 22:21:30.005173,0.0,0.0,0.0
2022-01-13 22:21:30.510029,0.0,0.0,0.0
2022-01-13 22:21:31.001277,0.0,0.0,0.0
2022-01-13 22:21:31.506053,0.0,0.0,0.0
2022-01-13 22:21:32.005148,0.0,0.0,0.0
2022-01-13 22:21:32.509377,0.0,0.0,0.0
2022-01-13 22:21:33.007182,0.0,0.0,0.0
