時間,回転１,回転２,回転３
2022-01-13 13:00:00.007201,84.47302,84.64825,85.29625
2022-01-13 13:00:00.502516,83.85417,84.33875,85.29625
2022-01-13 13:00:01.002522,84.21434,84.4935,85.84572
2022-01-13 13:00:01.507510,84.1636,84.803,85.84572
2022-01-13 13:00:02.008278,84.00888,84.23475,86.15958
2022-01-13 13:00:02.501384,84.88517,85.0605,86.15958
2022-01-13 13:00:03.009598,83.59549,84.132,85.88531
2022-01-13 13:00:03.506424,84.31831,84.3895,85.88531
2022-01-13 13:00:04.003439,83.7502,84.54425,85.02104
2022-01-13 13:00:04.509521,84.47302,84.803,85.02104
2022-01-13 13:00:05.005552,83.69946,84.33875,86.35656
2022-01-13 13:00:05.509863,84.57575,84.95775,86.35656
2022-01-13 13:00:06.006446,84.21434,84.4935,85.4527
2022-01-13 13:00:06.509680,84.31831,84.95775,85.4527
2022-01-13 13:00:07.007767,84.42104,84.4935,85.96354
2022-01-13 13:00:07.502189,83.80219,84.3895,85.96354
2022-01-13 13:00:08.009786,84.42104,84.751,85.57051
2022-01-13 13:00:08.505124,83.7502,84.54425,85.57051
2022-01-13 13:00:09.003944,84.36905,84.64825,86.12093
2022-01-13 13:00:09.501654,84.1636,84.54425,86.12093
2022-01-13 13:00:10.007908,83.9569,84.184,85.17843
2022-01-13 13:00:10.503426,84.52377,84.54425,85.17843
2022-01-13 13:00:11.007229,83.90492,84.54425,85.57051
2022-01-13 13:00:11.511341,84.26632,84.54425,85.57051
2022-01-13 13:00:12.009120,83.64747,84.33875,85.17843
2022-01-13 13:00:12.504608,84.05963,84.3895,85.17843
2022-01-13 13:00:13.003426,83.80219,84.33875,85.41406
2022-01-13 13:00:13.507899,84.93716,85.37,85.41406
2022-01-13 13:00:14.005095,84.26632,84.28675,87.18125
2022-01-13 13:00:14.509503,83.90492,84.28675,87.18125
2022-01-13 13:00:15.008332,84.31831,84.54425,85.84572
2022-01-13 13:00:15.503444,84.1636,84.751,85.84572
2022-01-13 13:00:16.010301,84.05963,84.132,85.72791
2022-01-13 13:00:16.507486,83.59549,84.28675,85.72791
2022-01-13 13:00:17.003382,84.1636,84.33875,85.4527
2022-01-13 13:00:17.508691,84.62773,84.751,85.4527
2022-01-13 13:00:18.006670,84.26632,84.803,85.17843
2022-01-13 13:00:18.502716,83.9569,84.02925,85.17843
2022-01-13 13:00:19.010778,84.1636,84.803,86.08135
2022-01-13 13:00:19.509125,83.9569,84.02925,86.08135
2022-01-13 13:00:20.006887,84.00888,84.64825,85.37447
2022-01-13 13:00:20.511042,84.21434,84.54425,85.37447
2022-01-13 13:00:21.010172,84.00888,84.08,85.6101
2022-01-13 13:00:21.505339,84.36905,84.64825,85.6101
2022-01-13 13:00:22.002363,84.26632,84.751,85.41406
2022-01-13 13:00:22.508673,83.64747,84.33875,85.41406
2022-01-13 13:00:23.006846,84.88517,84.95775,85.96354
2022-01-13 13:00:23.501260,83.54475,83.92525,85.96354
2022-01-13 13:00:24.010169,84.31831,84.59625,86.19916
2022-01-13 13:00:24.505561,84.62773,84.90575,86.19916
2022-01-13 13:00:25.002160,84.1636,84.3895,85.53187
2022-01-13 13:00:25.501067,84.05963,84.132,85.53187
2022-01-13 13:00:26.009165,84.00888,84.54425,84.825
2022-01-13 13:00:26.503343,84.31831,84.64825,84.825
2022-01-13 13:00:27.002007,83.85417,84.3895,86.00312
2022-01-13 13:00:27.506446,84.26632,84.54425,86.00312
2022-01-13 13:00:28.004946,83.59549,84.02925,85.96354
2022-01-13 13:00:28.509279,84.47302,84.751,85.96354
2022-01-13 13:00:29.006345,84.47302,84.54425,85.13885
2022-01-13 13:00:29.511238,83.80219,84.33875,85.13885
2022-01-13 13:00:30.010985,84.67848,84.699,86.08135
2022-01-13 13:00:30.505382,83.44078,83.8745,86.08135
2022-01-13 13:00:31.002528,84.78245,85.1125,85.49229
2022-01-13 13:00:31.509155,83.80219,84.3895,85.49229
2022-01-13 13:00:32.006261,84.11161,84.4935,85.41406
2022-01-13 13:00:32.509537,83.59549,84.02925,85.41406
2022-01-13 13:00:33.006818,83.9569,84.64825,85.96354
2022-01-13 13:00:33.502640,84.47302,84.699,85.96354
2022-01-13 13:00:34.001567,84.1636,84.54425,85.33489
2022-01-13 13:00:34.507795,84.05963,84.28675,85.33489
2022-01-13 13:00:35.005167,83.39003,84.02925,85.25666
2022-01-13 13:00:35.509632,84.9879,85.21525,85.25666
2022-01-13 13:00:36.006500,84.21434,84.28675,85.53187
2022-01-13 13:00:36.510038,83.59549,84.184,85.53187
2022-01-13 13:00:37.006653,83.90492,84.23475,85.64968
2022-01-13 13:00:37.501177,84.1636,84.64825,85.64968
2022-01-13 13:00:38.009058,84.73046,84.95775,84.94281
2022-01-13 13:00:38.505030,83.7502,84.28675,84.94281
2022-01-13 13:00:39.002634,84.31831,84.59625,86.00312
2022-01-13 13:00:39.507977,84.31831,84.4935,86.00312
2022-01-13 13:00:40.005107,84.21434,84.699,84.78541
2022-01-13 13:00:40.510871,84.21434,84.33875,84.78541
2022-01-13 13:00:41.009624,84.00888,84.64825,86.15958
2022-01-13 13:00:41.503882,84.05963,84.23475,86.15958
2022-01-13 13:00:42.001659,84.1636,84.699,85.68833
2022-01-13 13:00:42.507236,84.31831,84.59625,85.68833
2022-01-13 13:00:43.004846,83.9569,84.08,85.57051
2022-01-13 13:00:43.509616,84.1636,84.751,85.57051
2022-01-13 13:00:44.009588,83.85417,83.97725,85.64968
2022-01-13 13:00:44.504271,84.57575,85.1125,85.64968
2022-01-13 13:00:45.003695,84.31831,84.4935,85.49229
2022-01-13 13:00:45.507820,83.90492,84.33875,85.49229
2022-01-13 13:00:46.005162,84.31831,84.54425,85.68833
2022-01-13 13:00:46.510345,84.62773,84.699,85.68833
2022-01-13 13:00:47.009781,84.26632,84.751,85.96354
2022-01-13 13:00:47.505216,84.42104,84.4415,85.96354
2022-01-13 13:00:48.003138,84.05963,84.59625,85.37447
2022-01-13 13:00:48.507802,84.05963,84.23475,85.37447
2022-01-13 13:00:49.005314,84.31831,84.803,85.37447
2022-01-13 13:00:49.510393,84.26632,84.59625,85.37447
2022-01-13 13:00:50.008096,83.90492,84.28675,86.15958
2022-01-13 13:00:50.502500,84.00888,84.23475,85.41406
2022-01-13 13:00:52.003554,84.31831,84.4415,86.23875
2022-01-13 13:00:52.509655,83.54475,84.184,86.23875
2022-01-13 13:00:53.006975,84.52377,84.751,85.84572
2022-01-13 13:00:54.004527,84.47302,84.699,85.17843
2022-01-13 13:00:54.510839,84.52377,84.4935,85.17843
2022-01-13 13:00:55.009855,83.90492,84.54425,85.6101
2022-01-13 13:00:55.505667,84.52377,84.699,85.6101
2022-01-13 13:00:56.004998,83.85417,84.23475,85.92395
2022-01-13 13:00:56.509797,84.1636,84.4415,85.92395
2022-01-13 13:00:57.009931,83.69946,84.33875,85.09926
2022-01-13 13:00:57.504073,84.26632,84.54425,85.09926
2022-01-13 13:00:58.002650,84.31831,84.33875,85.64968
2022-01-13 13:00:58.506656,84.31831,84.85375,85.64968
2022-01-13 13:00:59.006071,84.05963,84.33875,86.08135
2022-01-13 13:00:59.503550,84.21434,84.699,86.08135
2022-01-13 13:01:00.009353,84.57575,84.751,86.00312
2022-01-13 13:01:00.504099,83.59549,84.132,86.00312
2022-01-13 13:01:01.001516,84.31831,84.699,86.71
2022-01-13 13:01:01.506495,83.80219,84.02925,86.71
2022-01-13 13:01:02.005583,84.42104,84.803,85.09926
2022-01-13 13:01:02.501279,84.42104,84.59625,85.09926
2022-01-13 13:01:03.006725,83.85417,84.28675,85.92395
2022-01-13 13:01:03.501677,84.36905,84.4415,85.92395
2022-01-13 13:01:04.010897,84.31831,84.699,85.53187
2022-01-13 13:01:04.505312,84.05963,84.28675,85.53187
2022-01-13 13:01:05.002466,84.26632,84.54425,85.53187
2022-01-13 13:01:05.501107,83.90492,84.3895,85.53187
2022-01-13 13:01:06.007193,83.90492,84.08,85.41406
2022-01-13 13:01:06.503497,84.31831,84.751,85.41406
2022-01-13 13:01:07.001673,84.00888,84.184,85.57051
2022-01-13 13:01:07.506983,83.59549,84.23475,85.57051
2022-01-13 13:01:08.006700,84.11161,84.4415,85.06062
2022-01-13 13:01:08.501570,83.85417,84.23475,85.06062
2022-01-13 13:01:09.008934,83.90492,84.4415,85.37447
2022-01-13 13:01:09.502138,84.52377,84.751,85.37447
2022-01-13 13:01:10.010405,83.64747,84.02925,86.19916
2022-01-13 13:01:10.503996,84.42104,84.699,86.19916
2022-01-13 13:01:11.002428,84.21434,84.699,85.80614
2022-01-13 13:01:11.506377,84.21434,84.4935,85.80614
2022-01-13 13:01:12.004218,83.7502,84.28675,86.08135
2022-01-13 13:01:12.501429,84.11161,84.4935,86.08135
2022-01-13 13:01:13.009002,84.36905,84.64825,85.7675
2022-01-13 13:01:13.504808,84.05963,84.4415,85.7675
2022-01-13 13:01:14.001506,83.80219,84.08,85.49229
2022-01-13 13:01:14.504931,83.64747,84.02925,85.49229
2022-01-13 13:01:15.004975,84.67848,85.0605,86.19916
2022-01-13 13:01:15.510600,84.11161,84.3895,86.19916
2022-01-13 13:01:16.009077,84.21434,84.59625,85.6101
2022-01-13 13:01:16.504683,84.47302,84.3895,85.6101
2022-01-13 13:01:17.002304,83.80219,84.23475,85.80614
2022-01-13 13:01:17.506278,84.88517,85.21525,85.80614
2022-01-13 13:01:18.005116,83.39003,83.8745,85.92395
2022-01-13 13:01:18.502242,84.42104,84.59625,85.92395
2022-01-13 13:01:19.001129,83.80219,84.3895,85.25666
2022-01-13 13:01:19.506808,84.42104,85.0085,85.25666
2022-01-13 13:01:20.005557,84.36905,84.4935,86.3952
2022-01-13 13:01:20.502108,84.26632,84.4935,86.3952
2022-01-13 13:01:21.010744,84.00888,84.3895,85.88531
2022-01-13 13:01:21.508079,84.05963,84.4935,85.88531
2022-01-13 13:01:22.004487,84.52377,85.0085,85.64968
2022-01-13 13:01:22.501241,83.54475,83.97725,85.64968
2022-01-13 13:01:23.009760,84.67848,85.0605,86.3952
2022-01-13 13:01:23.505085,83.59549,84.184,86.3952
2022-01-13 13:01:24.003270,84.57575,84.803,85.88531
2022-01-13 13:01:24.508754,84.73046,84.90575,85.88531
2022-01-13 13:01:25.008473,83.69946,84.23475,85.7675
2022-01-13 13:01:25.503552,84.36905,84.54425,85.7675
2022-01-13 13:01:26.002785,83.7502,84.184,85.4527
2022-01-13 13:01:26.507894,84.26632,84.85375,85.4527
2022-01-13 13:01:27.006401,83.9569,84.33875,86.08135
2022-01-13 13:01:27.501908,84.21434,84.64825,86.08135
2022-01-13 13:01:28.010758,84.11161,84.59625,86.27739
2022-01-13 13:01:28.504467,84.31831,84.699,86.27739
2022-01-13 13:01:29.002290,84.1636,84.64825,85.68833
2022-01-13 13:01:29.504900,83.90492,84.23475,85.68833
2022-01-13 13:01:30.003021,84.31831,84.64825,84.94281
2022-01-13 13:01:30.510270,83.44078,83.8745,84.94281
2022-01-13 13:01:31.007342,84.78245,85.26725,85.17843
2022-01-13 13:01:31.502786,84.21434,84.08,85.17843
2022-01-13 13:01:32.011357,83.80219,84.08,86.04176
2022-01-13 13:01:32.506536,84.11161,84.3895,86.04176
2022-01-13 13:01:33.004745,84.26632,84.699,85.88531
2022-01-13 13:01:33.510823,84.31831,84.803,85.88531
2022-01-13 13:01:34.008835,83.59549,84.23475,85.68833
2022-01-13 13:01:34.502530,84.11161,84.3895,85.68833
2022-01-13 13:01:35.010312,84.31831,84.4415,84.94281
2022-01-13 13:01:35.503409,84.47302,84.803,84.94281
2022-01-13 13:01:36.001748,84.26632,84.4415,85.72791
2022-01-13 13:01:36.507950,83.54475,83.513,85.72791
2022-01-13 13:01:37.006596,83.9569,84.184,144.59458
2022-01-13 13:01:37.502713,84.83319,85.1125,144.59458
2022-01-13 13:01:38.001306,83.85417,84.23475,229.77301
2022-01-13 13:01:38.506570,84.11161,84.33875,229.77301
2022-01-13 13:01:39.005472,84.05963,84.08,201.26239
2022-01-13 13:01:39.510190,84.1636,84.33875,201.26239
2022-01-13 13:01:40.007954,83.7502,84.28675,127.59093
2022-01-13 13:01:40.504628,84.26632,84.28675,127.59093
2022-01-13 13:01:41.001480,83.59549,83.7705,89.02666
2022-01-13 13:01:41.507120,84.21434,84.54425,89.02666
2022-01-13 13:01:42.003686,84.52377,84.90575,95.07468
2022-01-13 13:01:42.507798,83.69946,83.8745,95.07468
2022-01-13 13:01:43.004245,84.36905,84.4415,88.71281
2022-01-13 13:01:43.510298,83.9569,84.33875,88.71281
2022-01-13 13:01:44.008061,84.42104,84.90575,86.59218
2022-01-13 13:01:44.503275,84.1636,84.59625,86.59218
2022-01-13 13:01:45.001194,84.47302,84.803,86.63083
2022-01-13 13:01:45.504540,83.90492,84.28675,86.63083
2022-01-13 13:01:46.001827,84.31831,84.699,86.47437
2022-01-13 13:01:46.507414,84.52377,84.64825,86.47437
2022-01-13 13:01:47.006300,84.00888,84.28675,85.68833
2022-01-13 13:01:47.510072,84.21434,84.59625,85.68833
2022-01-13 13:01:48.007771,83.49276,83.92525,86.63083
2022-01-13 13:01:48.501589,84.78245,85.16325,86.63083
2022-01-13 13:01:49.505625,84.88517,85.1125,86.63083
2022-01-13 13:01:50.005042,83.80219,83.8745,85.92395
2022-01-13 13:01:50.509850,84.36905,84.90575,85.92395
2022-01-13 13:01:51.003909,84.31831,84.54425,85.7675
2022-01-13 13:01:51.508445,84.00888,84.184,85.7675
2022-01-13 13:01:52.006656,84.26632,84.64825,85.80614
2022-01-13 13:01:52.502073,83.90492,84.4935,85.80614
2022-01-13 13:01:53.001455,84.47302,84.64825,85.6101
2022-01-13 13:01:53.507339,84.21434,84.4415,85.6101
2022-01-13 13:01:54.004043,84.52377,84.90575,86.19916
2022-01-13 13:01:54.501323,83.9569,84.28675,86.19916
2022-01-13 13:01:55.008878,84.00888,84.3895,85.4527
2022-01-13 13:01:55.504425,84.42104,84.803,85.4527
2022-01-13 13:01:56.002768,83.7502,84.28675,85.6101
2022-01-13 13:01:56.506932,84.47302,84.90575,85.6101
2022-01-13 13:01:57.004621,83.90492,83.97725,86.15958
2022-01-13 13:01:57.510237,84.62773,84.90575,86.15958
2022-01-13 13:01:58.006738,84.26632,84.4935,86.31697
2022-01-13 13:01:58.502711,84.1636,84.54425,86.31697
2022-01-13 13:01:59.002905,83.9569,84.33875,85.41406
2022-01-13 13:01:59.507732,83.9569,84.59625,85.41406
2022-01-13 13:02:00.005431,84.42104,84.803,85.68833
2022-01-13 13:02:00.509381,84.26632,84.3895,85.68833
2022-01-13 13:02:01.006443,84.1636,84.3895,85.6101
2022-01-13 13:02:01.502228,84.1636,84.4415,85.6101
2022-01-13 13:02:02.001022,84.26632,84.64825,86.5526
2022-01-13 13:02:02.503541,84.47302,84.803,86.5526
2022-01-13 13:02:03.001231,83.90492,84.33875,85.57051
2022-01-13 13:02:03.505849,84.26632,84.751,85.57051
2022-01-13 13:02:04.002930,84.00888,84.54425,86.31697
2022-01-13 13:02:04.506079,84.31831,84.54425,86.31697
2022-01-13 13:02:05.003899,84.93716,84.90575,85.72791
2022-01-13 13:02:05.508994,83.85417,84.28675,85.72791
2022-01-13 13:02:06.005464,84.42104,84.803,86.23875
2022-01-13 13:02:06.509802,83.9569,84.28675,86.23875
2022-01-13 13:02:07.006962,84.21434,84.54425,85.21708
2022-01-13 13:02:07.506627,83.7502,84.28675,85.21708
2022-01-13 13:02:08.003946,84.31831,84.54425,85.96354
2022-01-13 13:02:08.508308,84.26632,84.59625,85.96354
2022-01-13 13:02:09.005842,84.31831,84.699,85.64968
2022-01-13 13:02:09.501543,84.1636,84.699,85.64968
2022-01-13 13:02:10.008886,83.9569,84.23475,85.72791
2022-01-13 13:02:10.502664,84.62773,84.95775,85.72791
2022-01-13 13:02:11.009717,84.31831,84.64825,86.00312
2022-01-13 13:02:11.505355,84.21434,84.54425,86.00312
2022-01-13 13:02:12.002195,84.05963,84.23475,85.21708
2022-01-13 13:02:12.506583,84.26632,84.64825,85.21708
2022-01-13 13:02:13.004844,84.42104,84.85375,85.96354
2022-01-13 13:02:13.502527,83.80219,84.184,85.96354
2022-01-13 13:02:14.001877,84.57575,85.0085,86.19916
2022-01-13 13:02:14.508639,83.69946,84.33875,86.19916
2022-01-13 13:02:15.006655,84.67848,85.0605,85.29625
2022-01-13 13:02:15.503984,83.9569,84.132,85.29625
2022-01-13 13:02:16.001524,84.57575,84.803,86.63083
2022-01-13 13:02:16.507003,84.05963,84.3895,86.63083
2022-01-13 13:02:17.004065,84.21434,84.803,85.84572
2022-01-13 13:02:17.504561,84.31831,84.751,85.84572
2022-01-13 13:02:18.002238,83.7502,84.28675,85.29625
2022-01-13 13:02:18.504351,84.62773,84.751,85.29625
2022-01-13 13:02:19.001390,83.7502,84.28675,85.72791
2022-01-13 13:02:19.507714,84.1636,84.54425,85.72791
2022-01-13 13:02:20.007946,84.21434,84.33875,85.6101
2022-01-13 13:02:20.501990,84.21434,84.54425,85.6101
2022-01-13 13:02:21.009835,84.11161,84.4935,85.13885
2022-01-13 13:02:21.503613,83.90492,84.3895,85.13885
2022-01-13 13:02:22.505585,84.1636,84.4935,85.7675
2022-01-13 13:02:23.003825,84.31831,84.59625,85.25666
2022-01-13 13:02:23.507265,84.1636,84.4415,85.25666
2022-01-13 13:02:24.005193,84.11161,84.3895,85.80614
2022-01-13 13:02:24.510010,84.21434,84.751,85.80614
2022-01-13 13:02:25.008059,84.26632,84.59625,86.00312
2022-01-13 13:02:25.502538,84.05963,84.23475,86.00312
2022-01-13 13:02:26.011092,84.11161,84.803,85.6101
2022-01-13 13:02:26.506224,84.31831,84.54425,85.6101
2022-01-13 13:02:27.003334,84.42104,84.3895,86.00312
2022-01-13 13:02:27.509474,83.85417,84.33875,86.00312
2022-01-13 13:02:28.007222,84.31831,84.751,85.33489
2022-01-13 13:02:28.503083,84.05963,84.4415,85.33489
2022-01-13 13:02:29.010657,84.1636,84.3895,85.88531
2022-01-13 13:02:29.505260,84.47302,84.699,85.88531
2022-01-13 13:02:30.003240,84.31831,84.4935,86.08135
2022-01-13 13:02:30.508228,84.57575,84.751,86.08135
2022-01-13 13:02:31.005572,84.11161,84.33875,86.35656
2022-01-13 13:02:31.503583,84.36905,84.803,86.35656
2022-01-13 13:02:32.505119,84.57575,84.803,86.08135
2022-01-13 13:02:33.002827,83.80219,84.4935,86.04176
2022-01-13 13:02:33.506733,84.26632,84.4415,86.04176
2022-01-13 13:02:34.004597,84.21434,84.4415,86.43479
2022-01-13 13:02:34.503199,84.21434,84.184,86.43479
2022-01-13 13:02:35.002045,84.47302,84.95775,85.4527
2022-01-13 13:02:35.509042,83.90492,84.3895,85.4527
2022-01-13 13:02:36.006026,84.42104,84.64825,86.23875
2022-01-13 13:02:36.501605,83.44078,83.8225,86.23875
2022-01-13 13:02:37.000776,84.67848,85.1125,84.825
2022-01-13 13:02:37.507463,84.1636,84.54425,84.825
2022-01-13 13:02:38.003827,84.05963,84.02925,86.08135
2022-01-13 13:02:38.510826,84.26632,84.699,86.08135
2022-01-13 13:02:39.007903,84.1636,84.54425,85.37447
2022-01-13 13:02:39.501970,84.36905,84.90575,85.37447
2022-01-13 13:02:40.009594,83.80219,84.23475,85.21708
2022-01-13 13:02:40.504346,84.31831,84.59625,85.21708
2022-01-13 13:02:41.002212,83.7502,84.28675,86.00312
2022-01-13 13:02:41.507776,84.42104,84.751,86.00312
2022-01-13 13:02:42.006432,84.21434,84.54425,86.12093
2022-01-13 13:02:42.510984,83.85417,84.33875,86.12093
2022-01-13 13:02:43.010914,84.57575,84.751,85.25666
2022-01-13 13:02:43.504054,83.80219,84.33875,85.25666
2022-01-13 13:02:44.002169,84.52377,84.85375,86.15958
2022-01-13 13:02:44.507055,83.64747,84.132,86.15958
2022-01-13 13:02:45.005114,84.47302,84.59625,85.64968
2022-01-13 13:02:45.509303,83.9569,84.02925,85.64968
2022-01-13 13:02:46.006849,84.31831,84.751,85.80614
2022-01-13 13:02:46.502313,84.52377,84.85375,85.80614
2022-01-13 13:02:47.009651,83.9569,84.184,85.29625
2022-01-13 13:02:47.505108,84.11161,84.3895,85.29625
2022-01-13 13:02:48.003016,83.7502,84.4415,85.68833
2022-01-13 13:02:48.508321,84.21434,84.4415,85.68833
2022-01-13 13:02:49.006904,84.52377,84.751,85.29625
2022-01-13 13:02:49.504664,84.11161,84.4415,85.29625
2022-01-13 13:02:50.002016,84.31831,84.59625,86.00312
2022-01-13 13:02:50.507225,84.05963,84.4935,86.00312
2022-01-13 13:02:51.004461,84.1636,84.4935,85.21708
2022-01-13 13:02:51.508276,83.85417,84.699,85.21708
2022-01-13 13:02:52.006363,84.21434,84.3895,85.7675
2022-01-13 13:02:52.501520,84.11161,84.3895,85.7675
2022-01-13 13:02:53.008548,84.26632,84.59625,85.84572
2022-01-13 13:02:53.504694,84.31831,84.751,85.84572
2022-01-13 13:02:54.003949,84.11161,84.23475,85.80614
2022-01-13 13:02:54.509710,84.31831,84.59625,85.80614
2022-01-13 13:02:55.008877,83.90492,84.4935,85.41406
2022-01-13 13:02:55.503526,84.57575,84.751,85.41406
2022-01-13 13:02:56.002838,84.11161,84.4415,85.33489
2022-01-13 13:02:56.506202,83.90492,84.132,85.33489
2022-01-13 13:02:57.003874,84.52377,84.90575,86.71
2022-01-13 13:02:57.509167,83.90492,84.23475,86.71
2022-01-13 13:02:58.008348,84.42104,84.4935,85.92395
2022-01-13 13:02:58.507811,83.64747,84.184,85.92395
2022-01-13 13:02:59.005568,84.26632,84.4415,86.12093
2022-01-13 13:02:59.510234,84.11161,84.59625,86.12093
2022-01-13 13:03:00.007649,84.26632,84.4415,85.33489
2022-01-13 13:03:00.501557,84.52377,84.64825,85.33489
2022-01-13 13:03:01.009577,83.64747,84.132,85.72791
2022-01-13 13:03:01.504515,84.67848,84.95775,85.72791
2022-01-13 13:03:02.001358,83.7502,84.23475,86.71
2022-01-13 13:03:02.506615,84.42104,84.59625,86.71
2022-01-13 13:03:03.005038,84.21434,84.3895,84.90322
2022-01-13 13:03:03.506707,84.47302,84.59625,84.90322
2022-01-13 13:03:04.003656,84.52377,84.90575,85.84572
2022-01-13 13:03:04.505561,83.85417,84.28675,85.84572
2022-01-13 13:03:05.003263,84.31831,84.64825,85.29625
2022-01-13 13:03:05.509244,83.80219,84.3895,85.29625
2022-01-13 13:03:06.005031,84.52377,84.803,85.57051
2022-01-13 13:03:06.510321,83.69946,84.4415,85.57051
2022-01-13 13:03:07.009872,84.1636,84.23475,85.64968
2022-01-13 13:03:07.506131,83.9569,84.08,85.64968
2022-01-13 13:03:08.003232,84.52377,84.85375,85.96354
2022-01-13 13:03:08.508779,84.05963,84.4935,85.96354
2022-01-13 13:03:09.006781,83.85417,84.3895,86.35656
2022-01-13 13:03:09.501692,84.31831,84.59625,86.35656
2022-01-13 13:03:10.010699,83.64747,84.23475,85.41406
2022-01-13 13:03:10.506202,84.52377,84.85375,85.41406
2022-01-13 13:03:11.003697,84.31831,84.64825,85.25666
2022-01-13 13:03:11.510238,83.9569,84.08,85.25666
2022-01-13 13:03:12.004214,84.21434,84.3895,85.57051
2022-01-13 13:03:12.509453,84.05963,84.54425,85.57051
2022-01-13 13:03:13.006766,83.90492,84.08,85.57051
2022-01-13 13:03:13.501740,84.26632,84.751,85.57051
2022-01-13 13:03:14.009513,84.11161,84.4415,85.6101
2022-01-13 13:03:14.505091,84.11161,84.64825,85.6101
2022-01-13 13:03:15.003318,84.21434,84.54425,86.00312
2022-01-13 13:03:15.507852,84.21434,84.4415,86.00312
2022-01-13 13:03:16.006001,84.26632,84.64825,86.47437
2022-01-13 13:03:16.510618,84.05963,84.33875,86.47437
2022-01-13 13:03:17.009180,83.59549,84.23475,85.68833
2022-01-13 13:03:17.505551,84.11161,84.3895,85.68833
2022-01-13 13:03:18.003708,84.11161,84.751,86.63083
2022-01-13 13:03:18.508648,84.26632,84.4935,86.63083
2022-01-13 13:03:19.007819,84.31831,84.59625,85.41406
2022-01-13 13:03:19.503523,83.80219,84.132,85.41406
2022-01-13 13:03:20.002541,84.62773,84.85375,86.08135
2022-01-13 13:03:20.507781,84.05963,84.4935,86.08135
2022-01-13 13:03:21.005107,84.1636,84.4415,86.19916
2022-01-13 13:03:21.507940,83.64747,84.4935,86.19916
2022-01-13 13:03:22.006629,84.42104,84.59625,85.49229
2022-01-13 13:03:22.501713,84.36905,84.54425,85.49229
2022-01-13 13:03:23.001376,84.05963,84.4935,85.49229
2022-01-13 13:03:23.505100,84.21434,84.59625,85.49229
2022-01-13 13:03:24.001539,83.80219,84.184,85.80614
2022-01-13 13:03:24.509496,84.67848,84.85375,85.80614
2022-01-13 13:03:25.007641,83.44078,84.184,85.29625
2022-01-13 13:03:25.503372,84.31831,84.751,85.29625
2022-01-13 13:03:26.002625,84.31831,84.54425,85.7675
2022-01-13 13:03:26.507100,84.00888,84.28675,85.7675
2022-01-13 13:03:27.005322,84.57575,84.803,85.25666
2022-01-13 13:03:27.510565,83.69946,84.184,85.25666
2022-01-13 13:03:28.008184,84.57575,84.95775,86.59218
2022-01-13 13:03:28.502924,83.59549,84.33875,86.59218
2022-01-13 13:03:29.001995,84.21434,84.4935,85.53187
2022-01-13 13:03:29.509567,84.11161,84.33875,85.53187
2022-01-13 13:03:30.007848,84.42104,84.85375,85.64968
2022-01-13 13:03:30.502530,84.05963,84.28675,85.64968
2022-01-13 13:03:31.010096,84.21434,84.803,85.84572
2022-01-13 13:03:31.505601,84.42104,84.54425,85.84572
2022-01-13 13:03:32.002797,83.49276,84.132,85.6101
2022-01-13 13:03:32.507281,84.78245,85.0085,85.6101
2022-01-13 13:03:33.005180,83.69946,84.184,85.4527
2022-01-13 13:03:34.005051,84.21434,84.3895,85.6101
2022-01-13 13:03:34.511049,84.26632,84.803,85.6101
2022-01-13 13:03:35.008455,84.1636,84.33875,85.80614
2022-01-13 13:03:35.504056,84.21434,84.85375,85.80614
2022-01-13 13:03:36.011376,84.00888,84.132,84.98145
2022-01-13 13:03:36.506647,84.00888,84.4935,84.98145
2022-01-13 13:03:37.005324,84.52377,84.751,86.43479
2022-01-13 13:03:37.510766,83.9569,84.02925,86.43479
2022-01-13 13:03:38.009440,84.31831,84.64825,86.15958
2022-01-13 13:03:38.505445,83.90492,84.23475,86.15958
2022-01-13 13:03:39.003799,84.36905,85.0085,85.88531
2022-01-13 13:03:39.508974,84.05963,84.23475,85.88531
2022-01-13 13:03:40.007836,83.7502,84.28675,86.31697
2022-01-13 13:03:40.503630,84.73046,84.699,86.31697
2022-01-13 13:03:41.001186,84.26632,84.3895,85.7675
2022-01-13 13:03:41.505307,84.05963,84.4415,85.7675
2022-01-13 13:03:42.001503,83.9569,84.23475,85.7675
2022-01-13 13:03:42.505079,84.26632,84.699,85.7675
2022-01-13 13:03:43.001953,84.05963,84.3895,85.33489
2022-01-13 13:03:43.507274,84.21434,85.21525,85.33489
2022-01-13 13:03:44.005720,83.85417,84.08,85.68833
2022-01-13 13:03:44.501084,84.62773,84.751,85.68833
2022-01-13 13:03:45.010150,84.36905,84.64825,85.49229
2022-01-13 13:03:45.505555,84.11161,84.28675,85.49229
2022-01-13 13:03:46.004248,84.00888,84.64825,85.96354
2022-01-13 13:03:46.505265,84.05963,84.23475,85.96354
2022-01-13 13:03:47.002855,83.90492,84.59625,85.72791
2022-01-13 13:03:47.507747,84.21434,84.4935,85.72791
2022-01-13 13:03:48.006250,84.05963,84.33875,85.96354
2022-01-13 13:03:48.502865,84.31831,84.59625,85.96354
2022-01-13 13:03:49.008754,84.36905,84.4415,86.15958
2022-01-13 13:03:49.506600,83.90492,84.3895,86.15958
2022-01-13 13:03:50.003866,84.42104,84.64825,86.00312
2022-01-13 13:03:50.508112,83.7502,84.3895,86.00312
2022-01-13 13:03:51.006028,84.26632,84.4415,85.84572
2022-01-13 13:03:51.501605,84.36905,84.4415,85.84572
2022-01-13 13:03:52.008578,84.26632,84.4935,85.25666
2022-01-13 13:03:52.504238,84.42104,84.699,85.25666
2022-01-13 13:03:53.502357,84.05963,84.184,85.29625
2022-01-13 13:03:54.009773,84.11161,84.64825,86.27739
2022-01-13 13:03:54.501840,84.1636,84.4935,86.27739
2022-01-13 13:03:55.005960,83.9569,84.28675,85.84572
2022-01-13 13:03:55.504666,84.36905,84.54425,85.84572
2022-01-13 13:03:56.010680,84.1636,84.132,86.31697
2022-01-13 13:03:56.506623,83.85417,84.3895,86.31697
2022-01-13 13:03:57.001593,84.62773,84.803,85.80614
2022-01-13 13:03:57.507204,84.21434,84.64825,85.80614
2022-01-13 13:03:58.002555,84.00888,84.23475,85.37447
2022-01-13 13:03:58.505743,83.59549,84.184,85.37447
2022-01-13 13:03:59.004829,83.9569,84.23475,86.00312
2022-01-13 13:03:59.509553,84.52377,84.59625,86.00312
2022-01-13 13:04:00.006238,84.26632,84.59625,236.88135
2022-01-13 13:04:00.505399,83.39003,83.513,236.88135
2022-01-13 13:04:01.007005,84.52377,85.16325,218.77781
2022-01-13 13:04:01.509531,84.42104,84.54425,218.77781
2022-01-13 13:04:02.003898,83.49276,83.97725,150.76041
2022-01-13 13:04:02.509035,84.26632,84.132,150.76041
2022-01-13 13:04:03.005755,83.59549,83.71975,100.61187
2022-01-13 13:04:03.501603,84.88517,85.318,100.61187
2022-01-13 13:04:04.008149,84.00888,84.28675,93.34614
2022-01-13 13:04:04.509682,83.49276,84.02925,93.34614
2022-01-13 13:04:05.006042,84.26632,84.33875,89.30187
2022-01-13 13:04:05.510486,84.00888,84.64825,89.30187
2022-01-13 13:04:06.008269,84.26632,84.54425,88.55541
2022-01-13 13:04:06.501666,84.42104,84.699,88.55541
2022-01-13 13:04:07.010747,84.05963,84.28675,85.92395
2022-01-13 13:04:07.505464,84.1636,84.33875,85.92395
2022-01-13 13:04:08.001212,84.36905,85.0085,86.31697
2022-01-13 13:04:08.509933,83.64747,84.28675,86.31697
2022-01-13 13:04:09.004214,84.36905,84.95775,85.6101
2022-01-13 13:04:09.504906,84.05963,84.132,85.6101
2022-01-13 13:04:10.001309,84.31831,84.699,86.90604
2022-01-13 13:04:10.502455,84.1636,84.64825,86.90604
2022-01-13 13:04:11.003777,84.26632,84.28675,86.23875
2022-01-13 13:04:11.506330,84.21434,84.699,86.23875
2022-01-13 13:04:12.007097,84.78245,85.16325,86.27739
2022-01-13 13:04:12.509180,83.80219,84.4935,86.27739
2022-01-13 13:04:13.002412,84.26632,84.4935,86.15958
2022-01-13 13:04:13.504690,84.52377,84.4415,86.15958
2022-01-13 13:04:14.008550,84.21434,84.64825,86.00312
2022-01-13 13:04:14.504205,84.67848,84.751,86.00312
2022-01-13 13:04:15.010306,83.69946,84.3895,85.33489
2022-01-13 13:04:15.504757,84.26632,84.33875,85.33489
2022-01-13 13:04:16.003815,84.21434,84.751,85.88531
2022-01-13 13:04:16.505443,84.21434,84.4415,85.88531
2022-01-13 13:04:17.010181,83.54475,84.28675,85.7675
2022-01-13 13:04:17.510582,84.52377,84.699,85.7675
2022-01-13 13:04:18.001748,84.67848,84.64825,85.96354
2022-01-13 13:04:18.506581,83.7502,84.132,85.96354
2022-01-13 13:04:19.007372,84.57575,84.85375,85.80614
2022-01-13 13:04:19.510783,83.54475,84.132,85.80614
2022-01-13 13:04:20.008603,84.93716,85.16325,86.27739
2022-01-13 13:04:20.503901,83.59549,84.184,86.27739
2022-01-13 13:04:21.010688,84.00888,84.28675,85.84572
2022-01-13 13:04:21.506222,84.78245,84.85375,85.84572
2022-01-13 13:04:22.004739,84.11161,84.4935,86.23875
2022-01-13 13:04:22.501243,84.31831,84.4415,86.23875
2022-01-13 13:04:23.001204,83.69946,84.3895,85.02104
2022-01-13 13:04:23.503865,84.31831,84.59625,85.02104
2022-01-13 13:04:24.010446,83.85417,84.54425,86.27739
2022-01-13 13:04:24.503435,84.31831,84.803,86.27739
2022-01-13 13:04:25.008650,84.00888,84.184,85.33489
2022-01-13 13:04:25.511092,84.62773,84.85375,85.33489
2022-01-13 13:04:26.006928,84.11161,84.184,86.27739
2022-01-13 13:04:26.504354,84.21434,84.751,86.27739
2022-01-13 13:04:27.009317,84.47302,84.59625,85.64968
2022-01-13 13:04:27.502353,83.80219,84.23475,85.64968
2022-01-13 13:04:28.011131,84.31831,84.64825,85.41406
2022-01-13 13:04:28.507035,84.1636,84.4935,85.41406
2022-01-13 13:04:29.004734,84.21434,84.4935,85.06062
2022-01-13 13:04:29.508491,84.47302,84.3895,85.06062
2022-01-13 13:04:30.006462,84.05963,84.751,86.43479
2022-01-13 13:04:30.501806,84.1636,84.3895,86.43479
2022-01-13 13:04:31.002490,84.21434,84.59625,85.41406
2022-01-13 13:04:31.507252,84.11161,84.184,85.41406
2022-01-13 13:04:32.002443,83.69946,84.184,86.04176
2022-01-13 13:04:32.501952,84.57575,84.751,86.04176
2022-01-13 13:04:33.008948,84.11161,84.23475,86.82781
2022-01-13 13:04:33.503693,84.26632,84.54425,86.82781
2022-01-13 13:04:34.002201,83.9569,84.54425,85.57051
2022-01-13 13:04:34.505889,84.42104,84.85375,85.57051
2022-01-13 13:04:35.003396,84.00888,84.28675,86.15958
2022-01-13 13:04:35.501484,83.7502,84.184,86.15958
2022-01-13 13:04:36.005718,84.36905,84.751,86.12093
2022-01-13 13:04:36.502032,84.31831,84.4415,86.12093
2022-01-13 13:04:37.007225,83.90492,84.59625,85.17843
2022-01-13 13:04:37.502190,84.36905,84.699,85.17843
2022-01-13 13:04:38.008888,84.11161,84.4935,86.23875
2022-01-13 13:04:38.501904,84.52377,84.90575,86.23875
2022-01-13 13:04:39.004550,83.54475,84.132,86.04176
2022-01-13 13:04:39.508123,84.21434,84.4935,86.04176
2022-01-13 13:04:40.003284,84.26632,84.23475,86.51301
2022-01-13 13:04:40.505107,84.26632,84.85375,86.51301
2022-01-13 13:04:41.008710,84.36905,84.64825,85.84572
2022-01-13 13:04:41.510746,83.69946,84.23475,85.84572
2022-01-13 13:04:42.006746,84.62773,84.699,85.37447
2022-01-13 13:04:42.508449,83.90492,84.4935,85.37447
2022-01-13 13:04:43.004037,84.47302,84.90575,85.96354
2022-01-13 13:04:43.504830,84.11161,84.184,85.96354
2022-01-13 13:04:44.009770,84.11161,84.64825,86.08135
2022-01-13 13:04:44.505524,84.52377,84.699,86.08135
2022-01-13 13:04:45.002551,84.00888,84.59625,86.00312
2022-01-13 13:04:45.508711,84.47302,84.4935,86.00312
2022-01-13 13:04:46.005009,83.85417,84.23475,86.00312
2022-01-13 13:04:46.503915,84.1636,84.4415,86.00312
2022-01-13 13:04:47.007402,84.42104,84.54425,85.49229
2022-01-13 13:04:47.504035,84.26632,84.699,85.49229
2022-01-13 13:04:48.002105,83.85417,84.08,85.49229
2022-01-13 13:04:48.508304,84.11161,84.54425,85.49229
2022-01-13 13:04:49.005517,84.21434,84.4415,86.19916
2022-01-13 13:04:49.509539,83.69946,84.23475,86.19916
2022-01-13 13:04:50.006936,84.36905,84.699,86.00312
2022-01-13 13:04:50.500933,83.39003,83.8225,86.00312
2022-01-13 13:04:51.008357,84.88517,85.1125,86.59218
2022-01-13 13:04:51.500789,84.1636,84.132,86.59218
2022-01-13 13:04:52.007413,84.11161,84.85375,86.51301
2022-01-13 13:04:52.508194,84.21434,84.33875,86.51301
2022-01-13 13:04:53.008679,84.36905,84.803,85.88531
2022-01-13 13:04:53.502038,84.1636,84.54425,85.88531
2022-01-13 13:04:54.006647,83.85417,84.3895,85.7675
2022-01-13 13:04:54.508591,84.21434,84.54425,85.7675
2022-01-13 13:04:55.004604,84.42104,84.3895,85.53187
2022-01-13 13:04:55.508250,84.42104,84.803,85.53187
2022-01-13 13:04:56.005985,83.90492,84.132,86.04176
2022-01-13 13:04:56.509939,84.42104,84.85375,86.04176
2022-01-13 13:04:57.007421,84.21434,84.699,85.33489
2022-01-13 13:04:57.510653,83.54475,84.02925,85.33489
2022-01-13 13:04:58.004859,84.42104,84.751,86.43479
2022-01-13 13:04:58.506298,84.05963,84.08,86.43479
2022-01-13 13:04:59.007766,84.42104,84.90575,85.53187
2022-01-13 13:04:59.501473,84.00888,84.08,85.53187
2022-01-13 13:05:00.008523,83.85417,84.28675,86.43479
2022-01-13 13:05:00.503848,84.36905,84.4935,86.43479
2022-01-13 13:05:01.009287,84.21434,84.85375,86.63083
2022-01-13 13:05:01.507003,83.80219,84.28675,86.63083
2022-01-13 13:05:02.009350,84.36905,84.33875,85.33489
2022-01-13 13:05:02.503184,84.21434,84.4935,85.33489
2022-01-13 13:05:03.002447,84.31831,84.4415,85.57051
2022-01-13 13:05:03.505288,84.21434,84.699,85.57051
2022-01-13 13:05:04.006132,84.11161,84.4415,85.72791
2022-01-13 13:05:04.507992,83.90492,84.3895,85.72791
2022-01-13 13:05:05.002510,84.57575,84.90575,85.68833
2022-01-13 13:05:05.506105,84.47302,84.59625,85.68833
2022-01-13 13:05:06.001178,83.9569,84.4415,85.96354
2022-01-13 13:05:06.509735,84.52377,84.54425,85.96354
2022-01-13 13:05:07.001587,83.80219,84.28675,86.00312
2022-01-13 13:05:07.506129,84.88517,85.0085,86.00312
2022-01-13 13:05:08.004788,83.69946,84.28675,86.19916
2022-01-13 13:05:08.505646,84.05963,84.33875,86.19916
2022-01-13 13:05:09.002729,84.11161,84.28675,85.4527
2022-01-13 13:05:09.507284,84.21434,84.699,85.4527
2022-01-13 13:05:10.002445,84.26632,84.4415,86.47437
2022-01-13 13:05:10.502082,84.00888,84.54425,86.47437
2022-01-13 13:05:11.004871,83.9569,84.23475,85.6101
2022-01-13 13:05:11.507895,84.31831,84.699,85.6101
2022-01-13 13:05:12.003735,84.42104,84.699,85.6101
2022-01-13 13:05:12.507503,83.33805,83.92525,85.6101
2022-01-13 13:05:13.002517,84.52377,84.803,85.53187
2022-01-13 13:05:13.508083,84.31831,84.4415,85.53187
2022-01-13 13:05:14.004130,84.00888,84.3895,85.64968
2022-01-13 13:05:14.501450,84.26632,84.54425,85.64968
2022-01-13 13:05:15.008352,83.85417,84.3895,85.96354
2022-01-13 13:05:15.503119,84.52377,84.59625,85.96354
2022-01-13 13:05:16.010465,83.85417,84.64825,85.64968
2022-01-13 13:05:16.503121,84.42104,84.90575,85.64968
2022-01-13 13:05:17.008685,84.05963,84.28675,85.92395
2022-01-13 13:05:17.501287,84.42104,84.85375,85.92395
2022-01-13 13:05:18.010042,83.90492,84.33875,86.47437
2022-01-13 13:05:18.502800,83.9569,84.33875,86.47437
2022-01-13 13:05:19.009060,84.36905,84.64825,84.94281
2022-01-13 13:05:19.504276,83.90492,84.4935,84.94281
2022-01-13 13:05:20.009455,84.36905,84.699,86.94562
2022-01-13 13:05:20.505985,84.21434,84.4935,86.94562
2022-01-13 13:05:21.003907,84.42104,84.803,85.41406
2022-01-13 13:05:21.507686,84.05963,84.3895,85.41406
2022-01-13 13:05:22.005937,84.11161,84.64825,86.43479
2022-01-13 13:05:22.504468,84.26632,84.4415,86.43479
2022-01-13 13:05:23.008135,83.9569,84.184,85.7675
2022-01-13 13:05:23.509570,84.26632,84.751,85.7675
2022-01-13 13:05:24.004108,84.21434,84.4415,85.92395
2022-01-13 13:05:24.507269,84.00888,84.28675,85.92395
2022-01-13 13:05:25.000820,84.31831,84.4415,85.06062
2022-01-13 13:05:25.500716,84.21434,84.699,85.06062
2022-01-13 13:05:26.003950,84.31831,84.85375,86.27739
2022-01-13 13:05:26.503985,84.05963,84.28675,86.27739
2022-01-13 13:05:27.000878,84.11161,84.3895,85.68833
2022-01-13 13:05:27.505035,84.1636,84.4415,85.68833
2022-01-13 13:05:28.001882,84.36905,84.54425,85.68833
2022-01-13 13:05:28.505878,84.52377,84.59625,85.68833
2022-01-13 13:05:29.010444,83.69946,84.08,87.02385
2022-01-13 13:05:29.506118,84.36905,84.59625,87.02385
2022-01-13 13:05:30.005113,84.05963,84.3895,86.23875
2022-01-13 13:05:30.502337,84.31831,84.803,86.23875
2022-01-13 13:05:31.010866,83.69946,84.23475,85.88531
2022-01-13 13:05:31.503910,84.36905,84.59625,85.88531
2022-01-13 13:05:32.008237,84.42104,84.3895,85.57051
2022-01-13 13:05:32.503531,83.7502,84.132,85.57051
2022-01-13 13:05:33.009366,84.11161,84.4415,85.29625
2022-01-13 13:05:33.506658,84.00888,84.28675,85.29625
2022-01-13 13:05:34.008720,84.42104,84.90575,85.41406
2022-01-13 13:05:34.503749,83.80219,83.92525,85.41406
2022-01-13 13:05:35.002788,84.21434,84.64825,85.29625
2022-01-13 13:05:35.505528,84.52377,84.3895,85.29625
2022-01-13 13:05:36.001591,84.31831,84.751,85.96354
2022-01-13 13:05:36.508226,84.31831,84.64825,85.96354
2022-01-13 13:05:37.002846,83.49276,83.8745,85.64968
2022-01-13 13:05:37.506050,84.47302,84.85375,85.64968
2022-01-13 13:05:38.002088,83.59549,84.08,86.31697
2022-01-13 13:05:38.503282,84.57575,85.0605,86.31697
2022-01-13 13:05:39.003301,83.9569,83.97725,85.29625
2022-01-13 13:05:39.509085,84.36905,84.54425,85.29625
2022-01-13 13:05:40.003371,84.31831,84.54425,85.53187
2022-01-13 13:05:40.506411,84.1636,84.59625,85.53187
2022-01-13 13:05:41.004102,84.05963,84.3895,85.29625
2022-01-13 13:05:41.508801,83.85417,84.28675,85.29625
2022-01-13 13:05:42.003959,84.42104,84.85375,85.49229
2022-01-13 13:05:42.506786,84.31831,84.4415,85.49229
2022-01-13 13:05:43.002964,84.21434,84.4415,86.5526
2022-01-13 13:05:43.508600,84.26632,84.3895,86.5526
2022-01-13 13:05:44.005900,84.31831,84.699,85.49229
2022-01-13 13:05:44.510041,84.42104,84.699,85.49229
2022-01-13 13:05:45.007762,83.59549,84.132,86.15958
2022-01-13 13:05:45.502172,84.42104,84.64825,86.15958
2022-01-13 13:05:46.010493,83.80219,84.28675,85.64968
2022-01-13 13:05:46.511123,84.42104,84.59625,85.64968
2022-01-13 13:05:47.008984,84.62773,84.54425,85.06062
2022-01-13 13:05:47.505167,83.9569,84.3895,85.06062
2022-01-13 13:05:48.003492,84.1636,84.4935,86.51301
2022-01-13 13:05:48.509186,84.36905,84.54425,86.51301
2022-01-13 13:05:49.007274,83.9569,84.33875,85.68833
2022-01-13 13:05:49.509429,83.80219,84.4415,85.68833
2022-01-13 13:05:50.009801,84.21434,84.64825,86.00312
2022-01-13 13:05:51.001713,84.1636,84.3895,85.4527
2022-01-13 13:05:51.504635,84.11161,84.54425,85.4527
2022-01-13 13:05:52.010795,84.05963,84.3895,86.15958
2022-01-13 13:05:52.506109,84.36905,84.699,86.15958
2022-01-13 13:05:53.004707,83.9569,84.4415,85.13885
2022-01-13 13:05:53.511007,84.11161,84.28675,85.13885
2022-01-13 13:05:54.010840,84.36905,84.59625,86.15958
2022-01-13 13:05:54.503841,83.80219,84.184,86.15958
2022-01-13 13:05:55.001590,84.42104,84.699,85.29625
2022-01-13 13:05:55.505907,83.90492,84.28675,85.29625
2022-01-13 13:05:56.003330,84.47302,84.95775,85.80614
2022-01-13 13:05:56.506218,83.59549,84.23475,85.80614
2022-01-13 13:05:57.009318,84.52377,84.751,86.23875
2022-01-13 13:05:57.507700,84.11161,84.28675,86.23875
2022-01-13 13:05:58.004301,84.21434,84.59625,85.72791
2022-01-13 13:05:59.005188,83.64747,84.184,85.68833
2022-01-13 13:05:59.510684,84.57575,84.85375,85.68833
2022-01-13 13:06:00.006905,83.64747,84.132,85.72791
2022-01-13 13:06:00.501749,84.83319,85.0605,85.72791
2022-01-13 13:06:01.008791,84.21434,84.4935,86.23875
2022-01-13 13:06:01.501746,83.85417,84.02925,86.23875
2022-01-13 13:06:02.009877,84.47302,84.64825,85.80614
2022-01-13 13:06:02.506199,83.9569,84.4415,85.80614
2022-01-13 13:06:03.003132,84.57575,84.95775,85.6101
2022-01-13 13:06:03.507621,83.54475,83.92525,85.6101
2022-01-13 13:06:04.007163,84.42104,84.803,85.88531
2022-01-13 13:06:04.501655,83.80219,84.132,85.88531
2022-01-13 13:06:05.010433,84.67848,84.90575,85.96354
2022-01-13 13:06:05.506651,83.9569,84.08,85.96354
2022-01-13 13:06:06.003580,84.05963,84.33875,85.84572
2022-01-13 13:06:06.508980,84.26632,84.85375,85.84572
2022-01-13 13:06:07.008812,84.11161,84.3895,85.41406
2022-01-13 13:06:07.503288,84.1636,84.4935,85.41406
2022-01-13 13:06:08.010706,83.80219,84.33875,85.4527
2022-01-13 13:06:08.505320,84.36905,84.4935,85.4527
2022-01-13 13:06:09.003802,84.47302,84.4935,85.80614
2022-01-13 13:06:09.509845,84.1636,84.59625,85.80614
2022-01-13 13:06:10.005866,83.85417,84.23475,86.19916
2022-01-13 13:06:10.509403,84.05963,84.3895,86.19916
2022-01-13 13:06:11.006714,84.21434,84.64825,85.49229
2022-01-13 13:06:11.503669,84.21434,84.751,85.49229
2022-01-13 13:06:12.003090,84.1636,84.4935,85.84572
2022-01-13 13:06:12.509376,84.26632,84.33875,85.84572
2022-01-13 13:06:13.008033,84.1636,84.4935,85.88531
2022-01-13 13:06:13.501484,84.57575,84.95775,85.88531
2022-01-13 13:06:14.009836,83.85417,84.33875,86.04176
2022-01-13 13:06:14.503704,83.9569,84.4935,86.04176
2022-01-13 13:06:15.001781,83.7502,84.28675,84.94281
2022-01-13 13:06:15.506390,84.26632,84.59625,84.94281
2022-01-13 13:06:16.005216,84.36905,84.699,86.15958
2022-01-13 13:06:16.507046,84.21434,84.59625,86.15958
2022-01-13 13:06:17.001721,84.21434,84.4415,86.19916
2022-01-13 13:06:17.505913,84.42104,84.803,86.19916
2022-01-13 13:06:18.005440,84.21434,84.54425,85.6101
2022-01-13 13:06:18.510387,83.54475,84.02925,85.6101
2022-01-13 13:06:19.005815,84.26632,84.85375,85.88531
2022-01-13 13:06:19.509990,84.11161,84.4415,85.88531
2022-01-13 13:06:20.006800,84.26632,84.28675,85.7675
2022-01-13 13:06:20.509780,84.67848,85.1125,85.7675
2022-01-13 13:06:21.007978,83.49276,83.8745,85.64968
2022-01-13 13:06:21.501059,84.21434,84.33875,85.64968
2022-01-13 13:06:22.008810,83.33805,83.71975,182.02031
2022-01-13 13:06:22.503718,84.57575,84.699,182.02031
2022-01-13 13:06:23.009378,83.9569,84.23475,235.15375
2022-01-13 13:06:23.504797,84.1636,84.4415,235.15375
2022-01-13 13:06:24.003291,84.26632,84.23475,191.1701
2022-01-13 13:06:24.508451,83.80219,84.08,191.1701
2022-01-13 13:06:25.006795,84.62773,85.1125,122.01416
2022-01-13 13:06:25.503198,83.69946,84.132,122.01416
2022-01-13 13:06:26.005139,84.42104,84.54425,90.71562
2022-01-13 13:06:26.509357,83.23532,83.61575,90.71562
2022-01-13 13:06:27.004683,84.78245,84.751,94.48562
2022-01-13 13:06:27.510197,84.26632,84.23475,94.48562
2022-01-13 13:06:28.006932,83.80219,84.132,87.61291
2022-01-13 13:06:28.502170,84.57575,84.90575,87.61291
2022-01-13 13:06:29.008444,83.80219,84.08,86.12093
2022-01-13 13:06:29.503877,84.67848,84.803,86.12093
2022-01-13 13:06:30.008773,83.69946,84.33875,85.72791
2022-01-13 13:06:30.511122,84.31831,84.4415,85.72791
2022-01-13 13:06:31.005916,84.05963,84.23475,87.57333
2022-01-13 13:06:31.501574,84.42104,84.699,87.57333
2022-01-13 13:06:32.008040,84.26632,84.751,86.08135
2022-01-13 13:06:32.509665,83.90492,84.4415,86.08135
2022-01-13 13:06:33.010180,84.36905,84.54425,86.63083
2022-01-13 13:06:33.504872,83.80219,84.23475,86.63083
2022-01-13 13:06:34.002873,84.93716,85.37,85.84572
2022-01-13 13:06:34.504582,83.80219,83.97725,85.84572
2022-01-13 13:06:35.002960,84.11161,84.3895,85.72791
2022-01-13 13:06:35.504951,84.47302,84.803,85.72791
2022-01-13 13:06:36.001498,84.36905,84.95775,85.72791
2022-01-13 13:06:36.503798,84.05963,84.33875,85.72791
2022-01-13 13:06:37.010445,83.90492,84.4415,85.49229
2022-01-13 13:06:37.505461,84.11161,84.33875,85.49229
2022-01-13 13:06:38.003783,84.57575,84.699,86.59218
2022-01-13 13:06:38.508680,84.05963,84.23475,86.59218
2022-01-13 13:06:39.005193,84.31831,84.699,86.12093
2022-01-13 13:06:39.505609,84.00888,84.33875,86.12093
2022-01-13 13:06:40.003225,84.26632,84.54425,84.94281
2022-01-13 13:06:40.505576,83.90492,84.4415,84.94281
2022-01-13 13:06:41.004101,84.47302,84.59625,87.06343
2022-01-13 13:06:41.501132,83.9569,84.4935,87.06343
2022-01-13 13:06:42.008417,84.52377,84.54425,86.00312
2022-01-13 13:06:42.506676,84.36905,84.54425,86.00312
2022-01-13 13:06:43.001364,83.9569,84.3895,86.63083
2022-01-13 13:06:43.505271,84.21434,84.59625,86.63083
2022-01-13 13:06:44.008103,84.31831,84.64825,86.08135
2022-01-13 13:06:44.509110,84.11161,84.3895,86.08135
2022-01-13 13:06:45.006123,83.9569,84.699,85.4527
2022-01-13 13:06:45.507529,84.00888,84.132,85.4527
2022-01-13 13:06:46.010387,84.62773,84.95775,85.88531
2022-01-13 13:06:46.510029,84.05963,84.4415,85.88531
2022-01-13 13:06:47.002938,84.26632,84.54425,85.84572
2022-01-13 13:06:47.508751,83.9569,84.28675,85.84572
2022-01-13 13:06:48.008444,84.47302,84.751,85.41406
2022-01-13 13:06:48.502217,83.90492,84.4935,85.41406
2022-01-13 13:06:49.002926,84.21434,84.4935,85.68833
2022-01-13 13:06:49.507878,84.1636,84.33875,85.68833
2022-01-13 13:06:50.006149,84.42104,84.85375,85.21708
2022-01-13 13:06:50.503179,84.21434,84.54425,85.21708
2022-01-13 13:06:51.010324,83.80219,84.08,86.04176
2022-01-13 13:06:51.506055,84.57575,84.751,86.04176
2022-01-13 13:06:52.001737,83.80219,84.4415,85.72791
2022-01-13 13:06:52.505711,84.36905,84.64825,85.72791
2022-01-13 13:06:53.001788,84.11161,84.3895,85.7675
2022-01-13 13:06:53.503446,84.26632,84.4935,85.7675
2022-01-13 13:06:54.007791,84.42104,84.59625,85.21708
2022-01-13 13:06:54.504191,84.05963,84.33875,85.21708
2022-01-13 13:06:55.001664,84.05963,84.33875,86.19916
2022-01-13 13:06:55.505264,83.9569,84.59625,86.19916
2022-01-13 13:06:56.002966,84.36905,84.64825,85.06062
2022-01-13 13:06:56.508157,84.26632,84.59625,85.06062
2022-01-13 13:06:57.006253,83.9569,84.33875,85.80614
2022-01-13 13:06:57.507530,84.26632,84.4415,85.80614
2022-01-13 13:06:58.009237,84.26632,84.64825,85.41406
2022-01-13 13:06:58.509559,84.42104,84.64825,85.41406
2022-01-13 13:06:59.008425,83.80219,84.28675,86.86645
2022-01-13 13:06:59.502616,84.31831,84.4935,86.86645
2022-01-13 13:07:00.006126,84.1636,84.699,85.17843
2022-01-13 13:07:00.506596,84.36905,84.4415,85.17843
2022-01-13 13:07:01.005106,84.21434,84.3895,86.00312
2022-01-13 13:07:01.507272,84.00888,84.28675,86.00312
2022-01-13 13:07:02.009665,84.26632,84.4415,85.57051
2022-01-13 13:07:02.505731,84.52377,85.1125,85.57051
2022-01-13 13:07:03.007978,83.7502,83.97725,85.84572
2022-01-13 13:07:03.500844,84.1636,84.699,85.84572
2022-01-13 13:07:04.005814,84.52377,84.64825,86.31697
2022-01-13 13:07:04.510111,84.42104,84.59625,86.31697
2022-01-13 13:07:05.008635,83.9569,84.23475,85.7675
2022-01-13 13:07:05.502045,84.11161,84.4935,85.7675
2022-01-13 13:07:06.004672,83.90492,84.4935,85.6101
2022-01-13 13:07:06.501620,84.57575,84.803,85.6101
2022-01-13 13:07:07.004337,83.90492,84.54425,85.7675
2022-01-13 13:07:07.506503,84.00888,84.08,85.7675
2022-01-13 13:07:08.001260,84.62773,84.90575,84.6676
2022-01-13 13:07:08.509032,83.85417,84.132,84.6676
2022-01-13 13:07:09.005470,84.83319,85.0605,87.53468
2022-01-13 13:07:09.507567,83.59549,84.02925,87.53468
2022-01-13 13:07:10.002746,84.11161,84.33875,85.53187
2022-01-13 13:07:10.505836,84.00888,84.803,85.53187
2022-01-13 13:07:11.002796,84.1636,84.4935,86.15958
2022-01-13 13:07:11.508700,84.67848,84.95775,86.15958
2022-01-13 13:07:12.006119,84.00888,84.4415,85.80614
2022-01-13 13:07:12.510968,84.11161,84.3895,85.80614
2022-01-13 13:07:13.008998,84.11161,84.59625,85.4527
2022-01-13 13:07:13.509878,84.52377,84.751,85.4527
2022-01-13 13:07:14.007767,83.44078,83.8745,85.64968
2022-01-13 13:07:14.505421,84.62773,84.803,85.64968
2022-01-13 13:07:15.001956,84.21434,84.59625,86.04176
2022-01-13 13:07:15.504909,84.05963,84.23475,86.04176
2022-01-13 13:07:16.003690,84.73046,85.0085,85.17843
2022-01-13 13:07:16.502501,83.44078,84.08,85.17843
2022-01-13 13:07:17.006699,84.57575,84.803,85.64968
2022-01-13 13:07:17.510750,83.7502,84.33875,85.64968
2022-01-13 13:07:18.008923,84.57575,84.54425,85.37447
2022-01-13 13:07:18.500961,84.11161,84.4935,85.37447
2022-01-13 13:07:19.005555,84.36905,84.699,85.21708
2022-01-13 13:07:19.509830,84.31831,84.54425,85.21708
2022-01-13 13:07:20.008458,83.85417,84.23475,86.19916
2022-01-13 13:07:20.503665,84.42104,84.751,86.19916
2022-01-13 13:07:21.002212,83.59549,84.02925,85.53187
2022-01-13 13:07:21.506010,84.42104,84.54425,85.53187
2022-01-13 13:07:22.003592,83.9569,84.64825,86.5526
2022-01-13 13:07:22.508260,84.78245,85.0085,86.5526
2022-01-13 13:07:23.004631,84.31831,84.4935,85.92395
2022-01-13 13:07:23.509697,83.90492,84.3895,85.92395
2022-01-13 13:07:24.007279,84.36905,84.4935,85.84572
2022-01-13 13:07:24.501024,84.1636,84.95775,85.84572
2022-01-13 13:07:25.008059,84.05963,84.33875,86.27739
2022-01-13 13:07:25.501925,83.80219,84.54425,86.27739
2022-01-13 13:07:26.505011,84.57575,84.699,85.84572
2022-01-13 13:07:27.002523,84.57575,85.0605,85.68833
2022-01-13 13:07:27.506354,84.1636,84.23475,85.68833
2022-01-13 13:07:28.004644,83.90492,84.23475,86.08135
2022-01-13 13:07:28.509484,84.47302,84.3895,86.08135
2022-01-13 13:07:29.006252,83.7502,84.64825,85.53187
2022-01-13 13:07:29.511172,84.36905,84.64825,85.53187
2022-01-13 13:07:30.009113,84.21434,84.3895,86.19916
2022-01-13 13:07:30.503577,84.00888,84.28675,86.19916
2022-01-13 13:07:31.002692,84.42104,84.751,86.04176
2022-01-13 13:07:31.506599,84.05963,84.4935,86.04176
2022-01-13 13:07:32.004020,84.36905,84.4935,85.96354
2022-01-13 13:07:32.507890,83.69946,84.3895,85.96354
2022-01-13 13:07:33.006792,84.36905,84.59625,85.21708
2022-01-13 13:07:33.511178,84.47302,84.751,85.21708
2022-01-13 13:07:34.009460,83.64747,84.28675,86.31697
2022-01-13 13:07:34.504965,84.26632,84.59625,86.31697
2022-01-13 13:07:35.001858,84.11161,84.4415,85.57051
2022-01-13 13:07:35.507987,84.52377,84.699,85.57051
2022-01-13 13:07:36.005207,83.90492,84.699,85.92395
2022-01-13 13:07:36.501363,84.21434,84.64825,85.92395
2022-01-13 13:07:37.009744,83.64747,84.08,86.19916
2022-01-13 13:07:37.507130,84.57575,84.751,86.19916
2022-01-13 13:07:38.005237,84.42104,84.4935,85.68833
2022-01-13 13:07:38.509578,83.59549,84.184,85.68833
2022-01-13 13:07:39.007071,84.57575,84.751,85.84572
2022-01-13 13:07:39.502093,83.7502,84.23475,85.84572
2022-01-13 13:07:40.010975,84.73046,85.0085,85.33489
2022-01-13 13:07:40.506810,83.44078,84.08,85.33489
2022-01-13 13:07:41.005151,84.26632,84.4415,85.49229
2022-01-13 13:07:41.509234,84.36905,84.3895,85.49229
2022-01-13 13:07:42.005547,84.1636,84.59625,85.21708
2022-01-13 13:07:42.509733,84.26632,84.4935,85.21708
2022-01-13 13:07:43.007947,83.85417,84.3895,85.4527
2022-01-13 13:07:43.502138,84.31831,84.59625,85.4527
2022-01-13 13:07:44.011251,83.80219,84.3895,85.88531
2022-01-13 13:07:44.505599,84.52377,84.64825,85.88531
2022-01-13 13:07:45.002599,84.1636,84.28675,86.12093
2022-01-13 13:07:45.506348,84.05963,84.64825,86.12093
2022-01-13 13:07:46.002939,84.11161,84.28675,86.19916
2022-01-13 13:07:46.508239,83.85417,84.4935,86.19916
2022-01-13 13:07:47.005781,84.57575,84.803,85.64968
2022-01-13 13:07:48.004959,84.31831,84.33875,86.3952
2022-01-13 13:07:48.508643,84.21434,84.28675,86.3952
2022-01-13 13:07:49.006844,84.26632,84.803,85.37447
2022-01-13 13:07:49.502793,83.90492,84.184,85.37447
2022-01-13 13:07:50.010693,84.36905,84.95775,85.33489
2022-01-13 13:07:50.507853,83.7502,83.8225,85.33489
2022-01-13 13:07:51.005614,84.11161,84.90575,86.31697
2022-01-13 13:07:51.510686,84.31831,84.3895,86.31697
2022-01-13 13:07:52.008342,83.9569,84.28675,85.57051
2022-01-13 13:07:52.503762,84.42104,84.803,85.57051
2022-01-13 13:07:53.003016,84.00888,84.184,86.04176
2022-01-13 13:07:53.510172,84.21434,84.85375,86.04176
2022-01-13 13:07:54.008436,84.26632,84.64825,86.15958
2022-01-13 13:07:54.504023,83.90492,84.64825,86.15958
2022-01-13 13:07:55.002342,84.36905,84.3895,87.02385
2022-01-13 13:07:55.506885,84.36905,84.64825,87.02385
2022-01-13 13:07:56.004798,84.05963,84.4415,86.00312
2022-01-13 13:07:56.511081,84.26632,84.54425,86.00312
2022-01-13 13:07:57.008312,84.1636,84.64825,86.12093
2022-01-13 13:07:57.505610,83.85417,84.132,86.12093
2022-01-13 13:07:58.005059,84.78245,85.47275,85.33489
2022-01-13 13:07:58.510028,83.85417,84.23475,85.33489
2022-01-13 13:07:59.007800,84.1636,84.4935,85.88531
2022-01-13 13:07:59.502774,84.31831,84.54425,85.88531
2022-01-13 13:08:00.009978,84.57575,84.64825,85.6101
2022-01-13 13:08:00.507190,83.7502,84.23475,85.6101
2022-01-13 13:08:01.005115,84.21434,84.4935,85.09926
2022-01-13 13:08:01.503381,83.7502,84.33875,85.09926
2022-01-13 13:08:02.010612,84.47302,84.699,86.3952
2022-01-13 13:08:02.505358,84.05963,84.54425,86.3952
2022-01-13 13:08:03.004594,83.85417,84.184,85.72791
2022-01-13 13:08:03.508482,84.78245,84.803,85.72791
2022-01-13 13:08:04.006768,83.80219,84.28675,85.49229
2022-01-13 13:08:04.510025,84.42104,84.33875,85.49229
2022-01-13 13:08:05.007344,83.85417,84.28675,85.6101
2022-01-13 13:08:05.503325,84.26632,84.3895,85.6101
2022-01-13 13:08:06.010421,83.69946,84.28675,86.15958
2022-01-13 13:08:06.505861,84.31831,84.64825,86.15958
2022-01-13 13:08:07.004275,84.05963,84.23475,85.80614
2022-01-13 13:08:07.509660,84.42104,84.699,85.80614
2022-01-13 13:08:08.008138,84.21434,84.4415,85.64968
2022-01-13 13:08:08.501552,84.1636,84.751,85.64968
2022-01-13 13:08:09.008268,84.42104,84.64825,85.96354
2022-01-13 13:08:09.502152,84.00888,84.28675,85.96354
2022-01-13 13:08:10.009924,84.42104,84.85375,85.53187
2022-01-13 13:08:10.505262,84.26632,84.3895,85.53187
2022-01-13 13:08:11.003430,84.05963,84.4935,85.64968
2022-01-13 13:08:11.508949,84.47302,84.64825,85.64968
2022-01-13 13:08:12.004544,83.7502,84.4415,85.4527
2022-01-13 13:08:12.507845,84.36905,84.4935,85.4527
2022-01-13 13:08:13.003135,84.26632,84.85375,85.4527
2022-01-13 13:08:13.506115,84.26632,84.59625,85.4527
2022-01-13 13:08:14.009296,83.90492,84.23475,86.23875
2022-01-13 13:08:14.504023,84.47302,84.803,86.23875
2022-01-13 13:08:15.001674,84.1636,84.184,85.88531
2022-01-13 13:08:15.508419,84.21434,84.803,85.88531
2022-01-13 13:08:16.009529,84.00888,84.28675,86.00312
2022-01-13 13:08:16.503010,84.05963,84.59625,86.00312
2022-01-13 13:08:17.008149,84.21434,84.4415,85.68833
2022-01-13 13:08:17.509398,84.1636,84.54425,85.68833
2022-01-13 13:08:18.003547,84.42104,84.699,85.25666
2022-01-13 13:08:18.508659,84.42104,84.3895,85.25666
2022-01-13 13:08:19.003567,84.00888,84.59625,85.88531
2022-01-13 13:08:19.502884,84.1636,84.33875,85.88531
2022-01-13 13:08:20.009590,84.31831,84.751,85.88531
2022-01-13 13:08:20.503802,83.80219,84.132,85.88531
2022-01-13 13:08:21.011211,83.9569,84.54425,86.15958
2022-01-13 13:08:21.505685,84.21434,84.33875,86.15958
2022-01-13 13:08:22.002419,84.57575,84.85375,85.53187
2022-01-13 13:08:22.504687,84.00888,84.64825,85.53187
2022-01-13 13:08:23.003347,84.11161,84.4415,86.19916
2022-01-13 13:08:23.508598,83.85417,84.28675,86.19916
2022-01-13 13:08:24.005147,84.47302,84.751,85.57051
2022-01-13 13:08:24.509145,83.85417,84.4415,85.57051
2022-01-13 13:08:25.008633,84.11161,84.3895,86.47437
2022-01-13 13:08:25.502055,84.36905,84.3895,86.47437
2022-01-13 13:08:26.011225,84.11161,84.4415,85.33489
2022-01-13 13:08:26.504691,84.52377,85.0605,85.33489
2022-01-13 13:08:27.002177,83.59549,84.23475,85.64968
2022-01-13 13:08:27.509599,84.21434,84.33875,85.64968
2022-01-13 13:08:28.008837,84.00888,84.28675,85.72791
2022-01-13 13:08:28.501964,84.31831,84.59625,85.72791
2022-01-13 13:08:29.002301,84.31831,84.4415,85.92395
2022-01-13 13:08:29.503257,83.9569,84.28675,85.92395
2022-01-13 13:08:30.008868,84.00888,84.28675,85.09926
2022-01-13 13:08:30.502528,84.00888,84.64825,85.09926
2022-01-13 13:08:31.001624,84.62773,84.90575,86.00312
2022-01-13 13:08:31.509881,83.44078,84.132,86.00312
2022-01-13 13:08:32.005669,84.52377,84.85375,85.02104
2022-01-13 13:08:32.508003,83.7502,83.8225,85.02104
2022-01-13 13:08:33.007367,84.78245,85.16325,85.64968
2022-01-13 13:08:33.510648,84.52377,84.4415,85.64968
2022-01-13 13:08:34.002766,83.59549,84.28675,85.41406
2022-01-13 13:08:34.509383,84.47302,84.59625,85.41406
2022-01-13 13:08:35.008307,84.05963,84.54425,85.57051
2022-01-13 13:08:35.501995,84.52377,84.751,85.57051
2022-01-13 13:08:36.003004,83.80219,84.132,85.92395
2022-01-13 13:08:36.503206,84.05963,84.3895,85.92395
2022-01-13 13:08:37.009223,84.36905,84.4415,85.7675
2022-01-13 13:08:37.503905,84.52377,84.95775,85.7675
2022-01-13 13:08:38.002030,84.42104,84.4935,85.49229
2022-01-13 13:08:38.507915,83.64747,84.132,85.49229
2022-01-13 13:08:39.004600,84.52377,84.85375,86.35656
2022-01-13 13:08:39.504127,83.7502,84.28675,86.35656
2022-01-13 13:08:40.010355,84.67848,84.95775,85.33489
2022-01-13 13:08:40.503821,84.11161,84.23475,85.33489
2022-01-13 13:08:41.000798,84.21434,84.803,86.00312
2022-01-13 13:08:41.503438,84.1636,84.33875,86.00312
2022-01-13 13:08:42.010903,84.21434,84.699,86.59218
2022-01-13 13:08:42.507600,84.36905,84.59625,86.59218
2022-01-13 13:08:43.005908,84.11161,84.54425,86.04176
2022-01-13 13:08:43.505329,83.59549,83.92525,86.04176
2022-01-13 13:08:44.002214,83.90492,83.92525,86.43479
2022-01-13 13:08:44.501135,84.78245,85.0605,86.43479
2022-01-13 13:08:45.007744,83.54475,83.8745,234.21125
2022-01-13 13:08:45.501584,84.05963,84.33875,234.21125
2022-01-13 13:08:46.009047,84.05963,84.28675,218.5026
2022-01-13 13:08:46.503938,84.05963,84.4935,218.5026
2022-01-13 13:08:47.000973,84.21434,84.54425,151.54551
2022-01-13 13:08:47.507315,83.69946,83.8225,151.54551
2022-01-13 13:08:48.005495,83.80219,84.132,94.99551
2022-01-13 13:08:48.504977,84.36905,84.54425,94.99551
2022-01-13 13:08:49.009997,84.26632,84.59625,93.22833
2022-01-13 13:08:49.504471,84.11161,84.33875,93.22833
2022-01-13 13:08:50.001548,83.54475,83.8225,88.90885
2022-01-13 13:08:50.506617,84.26632,84.59625,88.90885
2022-01-13 13:08:51.004410,84.88517,85.1125,88.00593
2022-01-13 13:08:51.511224,83.7502,84.33875,88.00593
2022-01-13 13:08:52.009954,83.9569,84.184,86.08135
2022-01-13 13:08:52.505522,83.80219,84.33875,86.08135
2022-01-13 13:08:53.001524,84.36905,84.699,85.96354
2022-01-13 13:08:53.504987,84.21434,84.699,85.96354
2022-01-13 13:08:54.003475,84.21434,84.4935,85.92395
2022-01-13 13:08:54.508528,83.90492,84.08,85.92395
2022-01-13 13:08:55.004673,84.47302,84.85375,86.94562
2022-01-13 13:08:55.502295,84.78245,84.751,86.94562
2022-01-13 13:08:56.009951,83.39003,83.92525,86.3952
2022-01-13 13:08:56.504112,84.83319,85.0605,86.3952
2022-01-13 13:08:57.008959,83.49276,84.08,85.80614
2022-01-13 13:08:57.503408,84.83319,85.16325,85.80614
2022-01-13 13:08:58.001818,83.80219,84.23475,86.3952
2022-01-13 13:08:58.505120,84.36905,84.803,86.3952
2022-01-13 13:08:59.008225,84.31831,84.23475,85.72791
2022-01-13 13:08:59.503795,84.57575,85.1125,85.72791
2022-01-13 13:09:00.009282,84.31831,84.4935,86.23875
2022-01-13 13:09:00.507079,83.7502,84.184,86.23875
2022-01-13 13:09:01.009840,84.42104,84.699,85.96354
2022-01-13 13:09:01.509728,83.59549,84.184,85.96354
2022-01-13 13:09:02.005045,84.62773,85.0605,85.80614
2022-01-13 13:09:02.508002,84.31831,84.33875,85.80614
2022-01-13 13:09:03.005561,84.1636,84.64825,85.92395
2022-01-13 13:09:03.507727,84.05963,84.184,85.92395
2022-01-13 13:09:04.004744,84.00888,84.59625,85.84572
2022-01-13 13:09:04.508539,84.67848,84.803,85.84572
2022-01-13 13:09:05.006639,83.49276,84.184,85.6101
2022-01-13 13:09:05.508433,84.26632,84.803,85.6101
2022-01-13 13:09:06.005538,84.11161,84.28675,85.49229
2022-01-13 13:09:06.506259,84.78245,85.16325,85.49229
2022-01-13 13:09:07.001578,83.90492,84.184,86.23875
2022-01-13 13:09:07.505135,84.05963,84.751,86.23875
2022-01-13 13:09:08.010311,83.85417,84.23475,85.37447
2022-01-13 13:09:08.505223,84.00888,84.4415,85.37447
2022-01-13 13:09:09.003766,84.47302,84.751,85.84572
2022-01-13 13:09:09.507686,83.9569,84.184,85.84572
2022-01-13 13:09:10.010633,84.36905,84.699,85.7675
2022-01-13 13:09:10.505798,84.42104,84.4935,85.7675
2022-01-13 13:09:11.003883,84.00888,84.59625,86.00312
2022-01-13 13:09:11.509014,84.11161,84.4935,86.00312
2022-01-13 13:09:12.004766,83.9569,84.54425,85.7675
2022-01-13 13:09:12.505071,83.9569,84.4415,85.7675
2022-01-13 13:09:13.001156,84.11161,84.33875,85.41406
2022-01-13 13:09:14.003642,84.21434,84.23475,85.57051
2022-01-13 13:09:14.505384,84.1636,84.4935,85.57051
2022-01-13 13:09:15.002671,84.36905,84.699,85.57051
2022-01-13 13:09:15.501965,84.00888,84.33875,85.57051
2022-01-13 13:09:16.006484,84.21434,84.699,84.90322
2022-01-13 13:09:16.510206,83.59549,84.08,84.90322
2022-01-13 13:09:17.003957,84.62773,84.803,86.47437
2022-01-13 13:09:17.509036,84.36905,84.59625,86.47437
2022-01-13 13:09:18.006024,84.11161,84.64825,86.19916
2022-01-13 13:09:18.508703,84.26632,84.4935,86.19916
2022-01-13 13:09:19.007992,83.9569,84.4935,85.72791
2022-01-13 13:09:19.502872,84.57575,84.751,85.72791
2022-01-13 13:09:20.009240,83.69946,84.28675,85.88531
2022-01-13 13:09:20.505753,84.11161,84.4415,85.88531
2022-01-13 13:09:21.009884,84.05963,84.33875,85.7675
2022-01-13 13:09:21.502359,84.1636,84.4935,85.7675
2022-01-13 13:09:22.010184,84.52377,84.90575,84.70718
2022-01-13 13:09:22.506843,83.80219,84.184,84.70718
2022-01-13 13:09:23.004198,84.57575,84.751,86.31697
2022-01-13 13:09:23.506767,83.59549,84.184,86.31697
2022-01-13 13:09:24.003475,84.73046,85.16325,85.41406
2022-01-13 13:09:24.506743,84.1636,84.28675,85.41406
2022-01-13 13:09:25.001398,84.05963,84.28675,85.6101
2022-01-13 13:09:25.504258,84.21434,84.4935,85.6101
2022-01-13 13:09:26.010073,84.21434,84.4935,86.04176
2022-01-13 13:09:26.510773,84.21434,84.3895,86.04176
2022-01-13 13:09:27.004485,83.85417,84.28675,85.53187
2022-01-13 13:09:27.506346,84.42104,84.90575,85.53187
2022-01-13 13:09:28.003264,83.7502,84.184,85.33489
2022-01-13 13:09:28.507303,84.78245,85.1125,85.33489
2022-01-13 13:09:29.006530,84.11161,84.23475,86.04176
2022-01-13 13:09:29.501820,83.90492,84.184,86.04176
2022-01-13 13:09:30.006536,84.05963,84.4415,85.29625
2022-01-13 13:09:30.511138,84.26632,84.4935,85.29625
2022-01-13 13:09:31.008695,84.31831,84.751,85.57051
2022-01-13 13:09:31.504356,83.80219,84.28675,85.57051
2022-01-13 13:09:32.002986,84.26632,84.4415,85.72791
2022-01-13 13:09:32.504631,84.1636,84.4415,85.72791
2022-01-13 13:09:33.009958,84.26632,84.85375,86.12093
2022-01-13 13:09:33.508456,84.1636,84.3895,86.12093
2022-01-13 13:09:34.005326,83.90492,84.184,85.96354
2022-01-13 13:09:34.505975,84.21434,84.59625,85.96354
2022-01-13 13:09:35.004575,84.11161,84.699,86.35656
2022-01-13 13:09:35.504618,84.42104,84.59625,86.35656
2022-01-13 13:09:36.005324,84.21434,84.132,85.64968
2022-01-13 13:09:36.508528,84.26632,84.59625,85.64968
2022-01-13 13:09:37.002065,84.11161,84.64825,86.71
2022-01-13 13:09:37.502966,84.11161,84.3895,86.71
2022-01-13 13:09:38.008862,84.1636,84.64825,86.12093
2022-01-13 13:09:38.504548,84.11161,84.54425,86.12093
2022-01-13 13:09:39.003124,84.1636,84.59625,86.35656
2022-01-13 13:09:39.504073,84.62773,84.64825,86.35656
2022-01-13 13:09:40.002139,84.05963,84.23475,85.49229
2022-01-13 13:09:40.506654,84.11161,84.4935,85.49229
2022-01-13 13:09:41.006501,83.9569,84.02925,85.7675
2022-01-13 13:09:41.510061,84.52377,84.95775,85.7675
2022-01-13 13:09:42.007483,83.64747,84.28675,86.00312
2022-01-13 13:09:42.503008,84.36905,84.64825,86.00312
2022-01-13 13:09:43.001207,84.26632,84.33875,85.33489
2022-01-13 13:09:43.503648,84.1636,84.4935,85.33489
2022-01-13 13:09:44.009294,84.67848,84.90575,84.94281
2022-01-13 13:09:44.510566,83.9569,84.4935,84.94281
2022-01-13 13:09:45.005011,84.31831,84.699,86.08135
2022-01-13 13:09:45.503721,83.54475,84.08,86.08135
2022-01-13 13:09:46.009353,84.47302,84.95775,85.72791
2022-01-13 13:09:46.503670,84.31831,84.33875,85.72791
2022-01-13 13:09:47.008807,84.05963,84.3895,85.7675
2022-01-13 13:09:47.509633,84.26632,84.54425,85.7675
2022-01-13 13:09:48.005133,84.11161,84.64825,85.88531
2022-01-13 13:09:48.507894,84.47302,85.1125,85.88531
2022-01-13 13:09:49.001537,83.64747,84.184,86.15958
2022-01-13 13:09:49.506206,84.11161,84.4415,86.15958
2022-01-13 13:09:50.004901,83.80219,84.08,84.98145
2022-01-13 13:09:50.501400,84.78245,84.95775,84.98145
2022-01-13 13:09:51.007555,84.42104,84.54425,85.84572
2022-01-13 13:09:51.501628,83.7502,84.132,85.84572
2022-01-13 13:09:52.007838,84.1636,84.54425,85.53187
2022-01-13 13:09:52.505356,83.9569,84.4935,85.53187
2022-01-13 13:09:53.001603,84.67848,85.1125,85.80614
2022-01-13 13:09:53.503120,83.69946,84.08,85.80614
2022-01-13 13:09:54.003564,84.42104,84.699,85.72791
2022-01-13 13:09:54.505723,84.1636,84.23475,85.72791
2022-01-13 13:09:55.008312,84.36905,84.803,85.57051
2022-01-13 13:09:55.509017,84.52377,84.751,85.57051
2022-01-13 13:09:56.005975,83.69946,83.92525,85.96354
2022-01-13 13:09:56.506481,84.11161,84.3895,85.96354
2022-01-13 13:09:57.010134,83.90492,84.4935,85.57051
2022-01-13 13:09:57.510070,84.00888,84.184,85.57051
2022-01-13 13:09:58.007864,84.67848,84.95775,85.68833
2022-01-13 13:09:58.506027,83.9569,84.33875,85.68833
2022-01-13 13:09:59.002863,84.00888,84.4415,86.74864
2022-01-13 13:09:59.504556,84.42104,84.85375,86.74864
2022-01-13 13:10:00.001354,84.1636,84.4935,85.72791
2022-01-13 13:10:00.503062,83.7502,84.02925,85.72791
2022-01-13 13:10:01.011205,84.26632,84.699,85.4527
2022-01-13 13:10:01.504753,84.1636,84.4935,85.4527
2022-01-13 13:10:02.010574,84.1636,84.3895,85.64968
2022-01-13 13:10:02.505331,84.1636,84.64825,85.64968
2022-01-13 13:10:03.002689,83.90492,84.28675,85.80614
2022-01-13 13:10:03.506579,84.42104,84.85375,85.80614
2022-01-13 13:10:04.001402,83.85417,84.3895,85.53187
2022-01-13 13:10:04.505210,84.42104,84.64825,85.53187
2022-01-13 13:10:05.001902,84.26632,84.59625,86.19916
2022-01-13 13:10:05.505110,84.00888,84.184,86.19916
2022-01-13 13:10:06.000573,84.42104,84.64825,85.84572
2022-01-13 13:10:06.508856,84.26632,84.699,85.84572
2022-01-13 13:10:07.005512,84.26632,84.64825,86.35656
2022-01-13 13:10:07.509792,83.59549,84.02925,86.35656
2022-01-13 13:10:08.003898,84.52377,84.699,85.49229
2022-01-13 13:10:08.509904,84.31831,84.4415,85.49229
2022-01-13 13:10:09.006141,84.26632,84.54425,85.84572
2022-01-13 13:10:09.507799,84.21434,84.4935,85.84572
2022-01-13 13:10:10.003403,83.54475,83.8745,85.41406
2022-01-13 13:10:10.509441,85.09187,85.52475,85.41406
2022-01-13 13:10:11.005990,83.7502,84.02925,86.3952
2022-01-13 13:10:11.509106,84.21434,84.54425,86.3952
2022-01-13 13:10:12.004256,83.64747,84.08,85.25666
2022-01-13 13:10:12.507875,84.67848,84.751,85.25666
2022-01-13 13:10:13.004646,84.36905,84.751,85.92395
2022-01-13 13:10:13.507753,83.9569,84.28675,85.92395
2022-01-13 13:10:14.005350,84.31831,84.64825,85.68833
2022-01-13 13:10:14.506167,83.90492,84.3895,85.68833
2022-01-13 13:10:15.001068,84.78245,85.0605,85.57051
2022-01-13 13:10:15.504055,83.54475,84.08,85.57051
2022-01-13 13:10:16.010439,84.62773,84.90575,86.51301
2022-01-13 13:10:16.509596,84.05963,84.02925,86.51301
2022-01-13 13:10:17.002005,84.05963,84.33875,85.53187
2022-01-13 13:10:17.503623,84.52377,85.21525,85.53187
2022-01-13 13:10:18.008122,83.64747,84.08,85.25666
2022-01-13 13:10:18.501486,84.47302,84.803,85.25666
2022-01-13 13:10:19.004957,83.49276,84.132,85.72791
2022-01-13 13:10:19.507343,84.73046,84.95775,85.72791
2022-01-13 13:10:20.009645,84.57575,84.59625,86.08135
2022-01-13 13:10:20.509615,84.05963,84.23475,86.08135
2022-01-13 13:10:21.005419,83.85417,84.33875,85.29625
2022-01-13 13:10:21.509826,84.21434,84.64825,85.29625
2022-01-13 13:10:22.002155,84.21434,84.54425,85.96354
2022-01-13 13:10:22.505745,83.69946,84.23475,85.96354
2022-01-13 13:10:23.005203,84.47302,84.54425,85.68833
2022-01-13 13:10:23.505406,84.11161,84.33875,85.68833
2022-01-13 13:10:24.009331,84.57575,84.699,85.53187
2022-01-13 13:10:24.510983,84.31831,84.59625,85.53187
2022-01-13 13:10:25.008683,84.05963,84.3895,86.3952
2022-01-13 13:10:25.509235,84.11161,84.4935,86.3952
2022-01-13 13:10:26.006856,84.1636,84.54425,85.25666
2022-01-13 13:10:26.502728,84.05963,84.4415,85.25666
2022-01-13 13:10:27.001385,84.26632,84.59625,85.64968
2022-01-13 13:10:27.505326,84.26632,84.3895,85.64968
2022-01-13 13:10:28.005043,84.47302,84.64825,85.88531
2022-01-13 13:10:28.502176,84.05963,84.4935,85.88531
2022-01-13 13:10:29.009228,84.52377,84.803,86.51301
2022-01-13 13:10:29.504324,83.85417,84.28675,86.51301
2022-01-13 13:10:30.001520,84.1636,84.59625,85.53187
2022-01-13 13:10:30.506349,84.05963,84.64825,85.53187
2022-01-13 13:10:31.004491,84.42104,84.59625,85.80614
2022-01-13 13:10:31.508961,84.21434,84.4935,85.80614
2022-01-13 13:10:32.006722,84.05963,84.699,86.12093
2022-01-13 13:10:32.501882,84.47302,84.95775,86.12093
2022-01-13 13:10:33.001459,83.9569,84.28675,85.80614
2022-01-13 13:10:33.505578,84.52377,84.751,85.80614
2022-01-13 13:10:34.004575,83.7502,84.3895,85.68833
2022-01-13 13:10:34.509673,84.62773,84.751,85.68833
2022-01-13 13:10:35.007473,84.21434,84.59625,85.7675
2022-01-13 13:10:35.501819,84.1636,84.4935,85.7675
2022-01-13 13:10:36.009851,84.31831,84.803,85.88531
2022-01-13 13:10:36.506170,83.9569,84.3895,85.88531
2022-01-13 13:10:37.002169,84.67848,84.803,85.88531
2022-01-13 13:10:37.508051,83.49276,84.23475,85.88531
2022-01-13 13:10:38.006626,84.42104,84.64825,85.80614
2022-01-13 13:10:38.502237,84.26632,84.4415,85.80614
2022-01-13 13:10:39.002131,84.21434,84.64825,85.57051
2022-01-13 13:10:39.508139,84.1636,84.54425,85.57051
2022-01-13 13:10:40.006025,84.11161,84.4415,85.29625
2022-01-13 13:10:41.005127,83.28607,83.8745,86.08135
2022-01-13 13:10:41.509433,84.62773,84.699,86.08135
2022-01-13 13:10:42.010175,83.80219,84.23475,86.51301
2022-01-13 13:10:42.505020,84.00888,84.3895,86.51301
2022-01-13 13:10:43.001159,84.11161,84.54425,85.37447
2022-01-13 13:10:43.506160,84.21434,84.59625,85.37447
2022-01-13 13:10:44.004314,84.26632,84.4415,86.3952
2022-01-13 13:10:44.506494,84.26632,84.90575,86.3952
2022-01-13 13:10:45.003271,83.7502,83.92525,85.7675
2022-01-13 13:10:45.508068,84.26632,84.699,85.7675
2022-01-13 13:10:46.005190,84.36905,84.54425,85.33489
2022-01-13 13:10:46.502086,84.05963,84.3895,85.33489
2022-01-13 13:10:47.010571,83.85417,84.23475,85.53187
2022-01-13 13:10:47.504914,84.1636,84.54425,85.53187
2022-01-13 13:10:48.011298,84.00888,84.54425,85.6101
2022-01-13 13:10:48.505440,84.36905,84.4935,85.6101
2022-01-13 13:10:49.002876,83.80219,84.23475,85.6101
2022-01-13 13:10:49.509447,84.47302,84.64825,85.6101
2022-01-13 13:10:50.008726,84.26632,84.699,86.3952
2022-01-13 13:10:50.505491,84.31831,84.803,86.3952
2022-01-13 13:10:51.003800,83.90492,84.02925,85.53187
2022-01-13 13:10:51.510219,84.42104,84.803,85.53187
2022-01-13 13:10:52.008342,83.90492,84.02925,85.41406
2022-01-13 13:10:52.503007,84.36905,85.16325,85.41406
2022-01-13 13:10:53.010558,84.00888,84.08,85.88531
2022-01-13 13:10:53.506404,84.47302,84.64825,85.88531
2022-01-13 13:10:54.003415,84.05963,84.4935,85.06062
2022-01-13 13:10:54.510733,84.05963,84.3895,85.06062
2022-01-13 13:10:55.007240,83.9569,84.4415,85.4527
2022-01-13 13:10:55.502688,84.26632,84.4935,85.4527
2022-01-13 13:10:56.010501,83.49276,84.23475,85.37447
2022-01-13 13:10:56.502746,84.57575,84.803,85.37447
2022-01-13 13:10:57.010167,84.52377,84.803,85.68833
2022-01-13 13:10:57.505208,84.00888,84.132,85.68833
2022-01-13 13:10:58.002874,84.26632,84.3895,86.04176
2022-01-13 13:10:58.507450,83.90492,84.28675,86.04176
2022-01-13 13:10:59.006155,84.42104,84.751,85.53187
2022-01-13 13:10:59.510462,83.7502,84.59625,85.53187
2022-01-13 13:11:00.008100,84.21434,84.28675,85.84572
2022-01-13 13:11:00.502797,84.47302,84.803,85.84572
2022-01-13 13:11:01.010873,84.1636,84.33875,85.92395
2022-01-13 13:11:01.508295,84.21434,84.54425,85.92395
2022-01-13 13:11:02.006393,84.1636,84.4415,86.74864
2022-01-13 13:11:02.504193,84.26632,84.64825,86.74864
2022-01-13 13:11:03.010821,83.44078,84.08,85.64968
2022-01-13 13:11:03.506084,84.36905,84.803,85.64968
2022-01-13 13:11:04.005358,84.1636,84.54425,85.64968
2022-01-13 13:11:05.006046,84.36905,84.54425,85.13885
2022-01-13 13:11:05.510601,83.80219,84.23475,85.13885
2022-01-13 13:11:06.008487,84.52377,84.59625,85.13885
2022-01-13 13:11:06.503168,83.28607,83.66775,85.13885
2022-01-13 13:11:07.001302,84.1636,84.23475,235.70322
2022-01-13 13:11:07.506505,83.64747,84.184,235.70322
2022-01-13 13:11:08.003533,84.67848,84.751,224.55062
2022-01-13 13:11:08.510298,84.26632,84.3895,224.55062
2022-01-13 13:11:09.008036,84.11161,84.33875,179.50666
2022-01-13 13:11:09.502679,83.80219,83.97725,179.50666
2022-01-13 13:11:10.010878,84.11161,84.4935,112.66739
2022-01-13 13:11:10.506278,84.62773,84.803,112.66739
2022-01-13 13:11:11.004597,83.44078,84.02925,90.48
2022-01-13 13:11:11.508526,84.1636,84.132,90.48
2022-01-13 13:11:12.009126,84.1636,84.184,90.36218
2022-01-13 13:11:12.505111,84.42104,84.85375,90.36218
2022-01-13 13:11:13.002563,84.1636,84.4415,87.3377
2022-01-13 13:11:13.505209,83.9569,84.59625,87.3377
2022-01-13 13:11:14.002392,84.05963,84.23475,86.08135
2022-01-13 13:11:14.508607,84.73046,85.0605,86.08135
2022-01-13 13:11:15.007297,84.42104,84.751,87.10208
2022-01-13 13:11:15.502389,84.62773,84.751,87.10208
2022-01-13 13:11:16.010808,83.69946,84.02925,86.04176
2022-01-13 13:11:16.505900,84.1636,84.54425,86.04176
2022-01-13 13:11:17.003428,84.36905,84.95775,86.23875
2022-01-13 13:11:17.509771,84.31831,84.28675,86.23875
2022-01-13 13:11:18.008130,83.80219,84.59625,85.88531
2022-01-13 13:11:18.502677,83.9569,84.184,85.88531
2022-01-13 13:11:19.001118,84.52377,85.0085,87.25947
2022-01-13 13:11:19.506179,84.11161,84.3895,87.25947
2022-01-13 13:11:20.004456,84.47302,84.803,87.10208
2022-01-13 13:11:20.501121,83.59549,84.132,87.10208
2022-01-13 13:11:21.505552,84.11161,84.751,85.53187
2022-01-13 13:11:22.002768,84.11161,84.28675,85.68833
2022-01-13 13:11:22.510096,84.1636,84.59625,85.68833
2022-01-13 13:11:23.008753,84.26632,84.3895,85.29625
2022-01-13 13:11:23.504008,84.36905,84.699,85.29625
2022-01-13 13:11:24.002499,83.9569,84.4415,85.53187
2022-01-13 13:11:24.507738,84.52377,84.64825,85.53187
2022-01-13 13:11:25.005575,83.90492,84.3895,85.25666
2022-01-13 13:11:25.510691,84.57575,84.699,85.25666
2022-01-13 13:11:26.009169,83.90492,84.54425,85.96354
2022-01-13 13:11:26.505206,84.52377,84.59625,85.96354
2022-01-13 13:11:27.003896,84.31831,84.4935,85.53187
2022-01-13 13:11:27.501564,83.90492,84.33875,85.53187
2022-01-13 13:11:28.009423,84.78245,84.90575,86.23875
2022-01-13 13:11:28.505265,83.80219,84.23475,86.23875
2022-01-13 13:11:29.002374,84.47302,84.751,85.6101
2022-01-13 13:11:29.509227,83.59549,84.28675,85.6101
2022-01-13 13:11:30.007578,84.21434,84.3895,85.25666
2022-01-13 13:11:30.502679,84.62773,84.699,85.25666
2022-01-13 13:11:31.010850,84.21434,84.54425,85.57051
2022-01-13 13:11:31.507808,84.05963,84.23475,85.57051
2022-01-13 13:11:32.005175,83.85417,84.28675,85.53187
2022-01-13 13:11:32.510021,84.26632,84.4415,85.53187
2022-01-13 13:11:33.008500,83.80219,84.699,85.33489
2022-01-13 13:11:33.504346,84.31831,84.64825,85.33489
2022-01-13 13:11:34.001616,84.05963,84.184,85.53187
2022-01-13 13:11:34.509112,84.52377,84.95775,85.53187
2022-01-13 13:11:35.005413,84.36905,84.3895,86.00312
2022-01-13 13:11:35.501987,84.00888,84.4415,86.00312
2022-01-13 13:11:36.505047,83.44078,84.3895,85.68833
2022-01-13 13:11:37.002459,84.52377,84.803,85.88531
2022-01-13 13:11:37.507683,84.52377,84.803,85.88531
2022-01-13 13:11:38.005151,83.85417,84.184,86.04176
2022-01-13 13:11:38.510283,84.36905,84.59625,86.04176
2022-01-13 13:11:39.006620,84.31831,84.751,85.21708
2022-01-13 13:11:39.502806,84.1636,84.33875,85.21708
2022-01-13 13:11:40.010108,84.31831,85.0085,85.88531
2022-01-13 13:11:40.505074,83.7502,83.97725,85.88531
2022-01-13 13:11:41.003209,84.26632,84.3895,85.4527
2022-01-13 13:11:41.508520,84.47302,84.64825,85.4527
2022-01-13 13:11:42.006642,84.26632,84.4415,85.21708
2022-01-13 13:11:42.501114,83.80219,84.28675,85.21708
2022-01-13 13:11:43.010119,84.47302,84.64825,85.88531
2022-01-13 13:11:43.505632,84.05963,84.751,85.88531
2022-01-13 13:11:44.002553,84.31831,84.54425,85.92395
2022-01-13 13:11:44.507679,84.05963,84.4935,85.92395
2022-01-13 13:11:45.006958,84.11161,84.28675,85.37447
2022-01-13 13:11:45.503858,84.47302,84.3895,85.37447
2022-01-13 13:11:46.011204,84.05963,84.59625,85.72791
2022-01-13 13:11:46.504646,83.90492,84.184,85.72791
2022-01-13 13:11:47.002380,84.26632,84.64825,86.23875
2022-01-13 13:11:47.506853,84.21434,84.64825,86.23875
2022-01-13 13:11:48.004895,84.00888,84.59625,85.92395
2022-01-13 13:11:48.509775,84.26632,84.3895,85.92395
2022-01-13 13:11:49.008772,84.31831,84.54425,85.49229
2022-01-13 13:11:49.503827,84.05963,84.4415,85.49229
2022-01-13 13:11:50.001688,84.47302,84.751,85.88531
2022-01-13 13:11:50.506753,83.59549,84.28675,85.88531
2022-01-13 13:11:51.003758,84.78245,84.90575,85.33489
2022-01-13 13:11:51.509413,83.85417,84.28675,85.33489
2022-01-13 13:11:52.007123,84.26632,84.59625,85.84572
2022-01-13 13:11:52.502343,84.42104,84.4935,85.84572
2022-01-13 13:11:53.010959,84.11161,84.4935,85.41406
2022-01-13 13:11:53.504303,84.1636,84.33875,85.41406
2022-01-13 13:11:54.001982,84.05963,84.751,86.82781
2022-01-13 13:11:54.501875,84.21434,84.4415,86.82781
2022-01-13 13:11:55.009830,84.00888,84.4935,85.88531
2022-01-13 13:11:55.507125,84.52377,84.64825,85.88531
2022-01-13 13:11:56.002632,84.00888,84.02925,85.96354
2022-01-13 13:11:56.504255,84.67848,85.21525,85.96354
2022-01-13 13:11:57.001528,84.00888,84.33875,86.51301
2022-01-13 13:11:57.507744,83.90492,84.4935,86.51301
2022-01-13 13:11:58.005491,84.31831,84.4935,85.29625
2022-01-13 13:11:58.508353,83.69946,84.4415,85.29625
2022-01-13 13:11:59.006830,84.47302,84.64825,85.68833
2022-01-13 13:11:59.508318,84.26632,84.33875,85.68833
2022-01-13 13:12:00.005583,84.42104,84.699,85.64968
2022-01-13 13:12:00.508613,84.11161,84.33875,85.64968
2022-01-13 13:12:01.003464,84.11161,84.803,85.53187
2022-01-13 13:12:01.506911,84.1636,84.33875,85.53187
2022-01-13 13:12:02.006119,84.1636,84.59625,85.7675
2022-01-13 13:12:02.501442,83.90492,84.23475,85.7675
2022-01-13 13:12:03.009752,84.1636,84.699,86.08135
2022-01-13 13:12:03.505252,84.52377,84.699,86.08135
2022-01-13 13:12:04.001113,84.26632,84.54425,85.49229
2022-01-13 13:12:04.502215,84.21434,84.751,85.49229
2022-01-13 13:12:05.005074,83.9569,84.132,86.59218
2022-01-13 13:12:05.504298,84.11161,84.699,86.59218
2022-01-13 13:12:06.003309,84.21434,84.3895,86.04176
2022-01-13 13:12:06.504566,84.00888,84.4935,86.04176
2022-01-13 13:12:07.009970,84.11161,84.3895,85.96354
2022-01-13 13:12:07.505891,84.52377,84.4935,85.96354
2022-01-13 13:12:08.001596,84.11161,84.64825,86.00312
2022-01-13 13:12:08.506567,84.11161,84.184,86.00312
2022-01-13 13:12:09.006780,84.11161,84.699,85.64968
2022-01-13 13:12:09.510951,84.21434,84.4415,85.64968
2022-01-13 13:12:10.006621,84.00888,84.59625,85.33489
2022-01-13 13:12:10.502122,84.21434,84.4935,85.33489
2022-01-13 13:12:11.001191,84.26632,84.3895,86.19916
2022-01-13 13:12:11.504646,83.90492,84.23475,86.19916
2022-01-13 13:12:12.006028,84.67848,84.90575,85.7675
2022-01-13 13:12:12.505739,83.85417,84.28675,85.7675
2022-01-13 13:12:13.001711,84.31831,84.4935,85.49229
2022-01-13 13:12:13.503423,83.59549,84.28675,85.49229
2022-01-13 13:12:14.008775,84.36905,84.64825,85.53187
2022-01-13 13:12:14.508466,84.36905,84.751,85.53187
2022-01-13 13:12:15.003857,84.11161,84.4415,86.08135
2022-01-13 13:12:15.507926,84.52377,84.4935,86.08135
2022-01-13 13:12:16.001892,83.9569,84.4415,86.43479
2022-01-13 13:12:16.503366,84.42104,84.803,86.43479
2022-01-13 13:12:17.004915,84.05963,84.64825,85.88531
2022-01-13 13:12:17.509192,83.80219,84.184,85.88531
2022-01-13 13:12:18.006852,84.26632,84.28675,85.49229
2022-01-13 13:12:18.501675,84.21434,84.59625,85.49229
2022-01-13 13:12:19.001433,84.31831,84.54425,85.68833
2022-01-13 13:12:19.507150,84.05963,84.64825,85.68833
2022-01-13 13:12:20.005533,84.21434,84.4415,85.25666
2022-01-13 13:12:20.503333,83.9569,84.3895,85.25666
2022-01-13 13:12:21.001662,84.52377,84.95775,85.25666
2022-01-13 13:12:21.509117,83.64747,83.97725,85.25666
2022-01-13 13:12:22.006204,84.47302,84.699,85.72791
2022-01-13 13:12:22.510784,84.05963,84.28675,85.72791
2022-01-13 13:12:23.010144,84.1636,84.95775,85.6101
2022-01-13 13:12:23.507232,84.31831,84.4935,85.6101
2022-01-13 13:12:24.008442,84.00888,84.54425,86.15958
2022-01-13 13:12:24.501355,84.26632,84.54425,86.15958
2022-01-13 13:12:25.007761,84.05963,84.64825,85.88531
2022-01-13 13:12:25.504340,84.26632,84.59625,85.88531
2022-01-13 13:12:26.006471,84.47302,84.3895,85.17843
2022-01-13 13:12:26.510339,84.26632,84.803,85.17843
2022-01-13 13:12:27.007917,83.85417,84.184,85.88531
2022-01-13 13:12:27.504493,84.21434,84.64825,85.88531
2022-01-13 13:12:28.002815,84.11161,84.33875,85.80614
2022-01-13 13:12:28.507582,84.11161,84.699,85.80614
2022-01-13 13:12:29.005857,84.26632,84.4935,85.6101
2022-01-13 13:12:29.511535,84.11161,84.23475,85.6101
2022-01-13 13:12:30.007020,84.42104,85.0605,85.41406
2022-01-13 13:12:30.509298,84.36905,84.59625,85.41406
2022-01-13 13:12:31.007963,84.1636,84.64825,86.3952
2022-01-13 13:12:31.502004,84.21434,84.28675,86.3952
2022-01-13 13:12:32.002485,83.9569,84.4415,85.37447
2022-01-13 13:12:32.503313,84.47302,84.699,85.37447
2022-01-13 13:12:33.010195,84.47302,84.4415,86.63083
2022-01-13 13:12:33.505378,83.85417,84.3895,86.63083
2022-01-13 13:12:34.002213,84.21434,84.64825,85.49229
2022-01-13 13:12:34.508279,84.1636,84.699,85.49229
2022-01-13 13:12:35.006274,84.31831,84.803,85.84572
2022-01-13 13:12:35.510438,84.11161,84.59625,85.84572
2022-01-13 13:12:36.007850,83.85417,84.184,85.7675
2022-01-13 13:12:36.503295,84.62773,84.64825,85.7675
2022-01-13 13:12:37.002093,84.11161,84.54425,86.00312
2022-01-13 13:12:37.506991,84.57575,84.699,86.00312
2022-01-13 13:12:38.004735,83.54475,83.97725,85.21708
2022-01-13 13:12:38.510224,84.47302,84.64825,85.21708
2022-01-13 13:12:39.006421,84.00888,84.4935,85.64968
2022-01-13 13:12:39.510814,84.21434,84.64825,85.64968
2022-01-13 13:12:40.007920,84.11161,84.33875,85.4527
2022-01-13 13:12:40.502766,83.9569,84.3895,85.4527
2022-01-13 13:12:41.002218,84.47302,84.699,85.53187
2022-01-13 13:12:41.506080,84.31831,84.85375,85.53187
2022-01-13 13:12:42.001544,83.9569,84.184,85.49229
2022-01-13 13:12:42.504215,83.80219,83.97725,85.49229
2022-01-13 13:12:43.008946,84.47302,84.85375,85.96354
2022-01-13 13:12:43.504704,83.90492,84.184,85.96354
2022-01-13 13:12:44.001585,84.21434,84.59625,86.78822
2022-01-13 13:12:44.503840,84.21434,84.33875,86.78822
2022-01-13 13:12:45.002643,84.1636,84.751,85.68833
2022-01-13 13:12:45.510069,84.52377,84.59625,85.68833
2022-01-13 13:12:46.001052,83.59549,84.28675,85.37447
2022-01-13 13:12:46.503855,84.31831,84.59625,85.37447
2022-01-13 13:12:47.001553,83.85417,84.3895,85.72791
2022-01-13 13:12:47.505243,84.52377,85.0085,85.72791
2022-01-13 13:12:48.010799,84.21434,84.23475,85.64968
2022-01-13 13:12:48.509232,84.26632,84.699,85.64968
2022-01-13 13:12:49.004484,84.36905,84.4935,85.33489
2022-01-13 13:12:49.508254,84.05963,84.4415,85.33489
2022-01-13 13:12:50.010980,84.31831,84.751,85.80614
2022-01-13 13:12:50.504924,83.85417,84.3895,85.80614
2022-01-13 13:12:51.009085,84.57575,85.0085,85.29625
2022-01-13 13:12:51.507119,83.9569,84.132,85.29625
2022-01-13 13:12:52.003589,84.21434,84.751,86.08135
2022-01-13 13:12:52.503480,84.1636,84.23475,86.08135
2022-01-13 13:12:53.010944,84.47302,84.803,85.88531
2022-01-13 13:12:53.506140,84.11161,84.4935,85.88531
2022-01-13 13:12:54.003298,83.9569,84.54425,85.02104
2022-01-13 13:12:54.502266,84.11161,84.54425,85.02104
2022-01-13 13:12:55.004971,84.42104,84.54425,86.15958
2022-01-13 13:12:55.509570,84.36905,84.803,86.15958
2022-01-13 13:12:56.007188,84.36905,84.33875,85.72791
2022-01-13 13:12:56.510047,83.90492,84.33875,85.72791
2022-01-13 13:12:57.005799,84.57575,84.85375,85.06062
2022-01-13 13:12:57.510382,84.1636,84.4935,85.06062
2022-01-13 13:12:58.008067,84.11161,84.54425,86.04176
2022-01-13 13:12:58.501963,83.90492,84.4415,86.04176
2022-01-13 13:12:59.010735,84.1636,84.4415,86.5526
2022-01-13 13:12:59.506768,84.47302,84.64825,86.5526
2022-01-13 13:13:00.003636,83.9569,84.33875,85.49229
2022-01-13 13:13:00.508288,84.31831,84.4415,85.49229
2022-01-13 13:13:01.004161,84.1636,84.4935,86.67041
2022-01-13 13:13:01.509412,84.26632,84.59625,86.67041
2022-01-13 13:13:02.007844,84.21434,84.59625,85.02104
2022-01-13 13:13:02.511127,83.90492,84.3895,85.02104
2022-01-13 13:13:03.007602,84.36905,84.4415,86.19916
2022-01-13 13:13:03.506225,84.00888,84.4415,86.19916
2022-01-13 13:13:04.002652,84.26632,84.64825,85.7675
2022-01-13 13:13:04.503634,83.90492,84.08,85.7675
2022-01-13 13:13:05.002496,84.52377,84.95775,85.33489
2022-01-13 13:13:05.509144,83.7502,84.02925,85.33489
2022-01-13 13:13:06.006703,84.52377,84.90575,85.6101
2022-01-13 13:13:06.501230,84.31831,84.132,85.6101
2022-01-13 13:13:07.007734,83.9569,84.54425,86.5526
2022-01-13 13:13:07.502301,84.42104,84.751,86.5526
2022-01-13 13:13:08.010822,83.69946,84.184,85.21708
2022-01-13 13:13:08.505306,84.47302,84.54425,85.21708
2022-01-13 13:13:09.004616,83.44078,83.92525,86.67041
2022-01-13 13:13:09.510467,84.78245,85.16325,86.67041
2022-01-13 13:13:10.006791,84.11161,84.132,86.00312
2022-01-13 13:13:10.509106,84.26632,84.59625,86.00312
2022-01-13 13:13:11.009210,84.31831,84.4415,86.47437
2022-01-13 13:13:11.510372,83.90492,84.4415,86.47437
2022-01-13 13:13:12.008085,84.52377,84.751,85.92395
2022-01-13 13:13:12.501210,83.7502,84.184,85.92395
2022-01-13 13:13:13.008345,84.47302,84.95775,85.68833
2022-01-13 13:13:13.503708,84.42104,84.3895,85.68833
2022-01-13 13:13:14.010809,84.52377,84.95775,85.72791
2022-01-13 13:13:14.501207,84.05963,84.28675,85.72791
2022-01-13 13:13:15.003114,83.90492,84.33875,86.00312
2022-01-13 13:13:15.510130,84.31831,84.54425,86.00312
2022-01-13 13:13:16.004762,83.9569,84.4415,85.41406
2022-01-13 13:13:16.506847,84.42104,84.85375,85.41406
2022-01-13 13:13:17.001347,83.80219,84.08,85.92395
2022-01-13 13:13:17.506635,84.67848,84.751,85.92395
2022-01-13 13:13:18.004642,84.36905,84.59625,86.82781
2022-01-13 13:13:18.501538,84.26632,84.90575,86.82781
2022-01-13 13:13:19.009579,84.00888,84.28675,85.37447
2022-01-13 13:13:19.503890,83.85417,84.184,85.37447
2022-01-13 13:13:20.001333,84.1636,84.59625,85.88531
2022-01-13 13:13:20.504506,84.05963,84.4415,85.88531
2022-01-13 13:13:21.002509,83.9569,84.3895,86.51301
2022-01-13 13:13:21.501587,84.21434,84.184,86.51301
2022-01-13 13:13:22.009522,84.36905,84.54425,85.6101
2022-01-13 13:13:22.504892,84.26632,84.803,85.6101
2022-01-13 13:13:23.003017,84.05963,84.4415,85.72791
2022-01-13 13:13:23.505592,84.21434,84.59625,85.72791
2022-01-13 13:13:24.005089,83.64747,84.28675,85.57051
2022-01-13 13:13:24.509544,84.47302,84.699,85.57051
2022-01-13 13:13:25.006203,84.31831,84.4415,85.57051
2022-01-13 13:13:25.511122,84.11161,84.3895,85.57051
2022-01-13 13:13:26.009825,84.31831,84.59625,86.12093
2022-01-13 13:13:26.503877,84.26632,84.64825,86.12093
2022-01-13 13:13:27.009005,84.00888,84.54425,85.57051
2022-01-13 13:13:27.505164,83.90492,84.54425,85.57051
2022-01-13 13:13:28.000959,84.21434,84.59625,85.33489
2022-01-13 13:13:28.505043,84.21434,84.132,85.33489
2022-01-13 13:13:29.003878,83.49276,83.61575,88.39801
2022-01-13 13:13:29.509455,84.57575,84.85375,88.39801
2022-01-13 13:13:30.005922,84.11161,84.28675,230.20562
2022-01-13 13:13:30.503808,84.31831,84.59625,230.20562
2022-01-13 13:13:31.002345,83.90492,84.28675,217.32447
2022-01-13 13:13:31.509027,83.85417,84.28675,217.32447
2022-01-13 13:13:32.005555,84.21434,84.28675,139.13656
2022-01-13 13:13:32.509624,84.1636,84.3895,139.13656
2022-01-13 13:13:33.007552,84.05963,84.08,90.00875
2022-01-13 13:13:33.502962,83.9569,84.28675,90.00875
2022-01-13 13:13:34.002010,84.52377,84.90575,93.26791
2022-01-13 13:13:34.508551,83.9569,84.33875,93.26791
2022-01-13 13:13:35.007560,84.31831,84.54425,88.08416
2022-01-13 13:13:35.503111,83.49276,83.8225,88.08416
2022-01-13 13:13:36.010711,84.83319,85.1125,87.41687
2022-01-13 13:13:36.506650,84.26632,84.4415,87.41687
2022-01-13 13:13:37.004753,84.1636,84.64825,86.35656
2022-01-13 13:13:37.509366,84.00888,84.33875,86.35656
2022-01-13 13:13:38.005948,83.9569,84.33875,86.59218
2022-01-13 13:13:38.505145,84.73046,85.21525,86.59218
2022-01-13 13:13:39.002532,83.7502,84.33875,86.3952
2022-01-13 13:13:39.511134,84.1636,84.28675,86.3952
2022-01-13 13:13:40.007952,84.21434,84.33875,86.51301
2022-01-13 13:13:40.502515,84.31831,84.699,86.51301
2022-01-13 13:13:41.011206,84.21434,84.54425,86.3952
2022-01-13 13:13:41.507869,84.26632,84.699,86.3952
2022-01-13 13:13:42.009119,84.26632,84.803,85.92395
2022-01-13 13:13:42.502311,83.85417,84.54425,85.92395
2022-01-13 13:13:43.009684,84.83319,85.16325,85.72791
2022-01-13 13:13:43.504733,84.11161,84.28675,85.72791
2022-01-13 13:13:44.009459,84.26632,84.4415,85.41406
2022-01-13 13:13:44.506461,83.80219,84.28675,85.41406
2022-01-13 13:13:45.004209,84.26632,84.59625,86.59218
2022-01-13 13:13:45.503016,84.21434,84.699,86.59218
2022-01-13 13:13:46.007723,84.36905,84.54425,85.80614
2022-01-13 13:13:46.501468,84.26632,84.4935,85.80614
2022-01-13 13:13:47.009007,84.62773,84.699,85.06062
2022-01-13 13:13:47.501845,84.11161,84.4415,85.06062
2022-01-13 13:13:48.007106,84.31831,84.59625,86.47437
2022-01-13 13:13:48.507926,84.11161,84.3895,86.47437
2022-01-13 13:13:49.002572,84.05963,84.59625,85.4527
2022-01-13 13:13:49.504876,83.9569,84.59625,85.4527
2022-01-13 13:13:50.008845,84.26632,84.4935,85.21708
2022-01-13 13:13:50.501032,84.57575,84.699,85.21708
2022-01-13 13:13:51.005784,84.57575,84.90575,85.6101
2022-01-13 13:13:51.502989,84.05963,84.28675,85.6101
2022-01-13 13:13:52.006944,83.85417,84.4415,86.51301
2022-01-13 13:13:52.502640,84.42104,84.90575,86.51301
2022-01-13 13:13:53.010089,83.90492,84.33875,85.92395
2022-01-13 13:13:53.508948,84.00888,84.4415,85.92395
2022-01-13 13:13:54.003409,84.36905,84.699,85.72791
2022-01-13 13:13:54.506679,84.00888,84.28675,85.72791
2022-01-13 13:13:55.002034,84.83319,84.95775,85.49229
2022-01-13 13:13:55.506258,83.85417,84.33875,85.49229
2022-01-13 13:13:56.009557,84.31831,84.699,86.12093
2022-01-13 13:13:56.505145,83.80219,84.54425,86.12093
2022-01-13 13:13:57.009474,84.36905,84.803,86.82781
2022-01-13 13:13:57.502827,84.05963,84.33875,86.82781
2022-01-13 13:13:58.009785,84.26632,84.4415,85.7675
2022-01-13 13:13:58.503922,84.47302,84.59625,85.7675
2022-01-13 13:13:59.000961,84.00888,84.184,86.15958
2022-01-13 13:13:59.509216,84.47302,85.1125,86.15958
2022-01-13 13:14:00.006252,83.69946,84.02925,86.31697
2022-01-13 13:14:00.505128,84.52377,84.751,86.31697
2022-01-13 13:14:01.002623,83.69946,84.33875,85.06062
2022-01-13 13:14:01.505530,84.42104,84.699,85.06062
2022-01-13 13:14:02.001313,84.52377,84.59625,85.68833
2022-01-13 13:14:02.510140,83.80219,84.184,85.68833
2022-01-13 13:14:03.004648,84.31831,84.699,85.80614
2022-01-13 13:14:03.502263,84.26632,84.85375,85.80614
2022-01-13 13:14:04.007726,84.21434,84.4415,86.31697
2022-01-13 13:14:04.502708,83.69946,84.33875,86.31697
2022-01-13 13:14:05.002113,84.57575,84.90575,86.00312
2022-01-13 13:14:05.506323,84.21434,84.4415,86.00312
2022-01-13 13:14:06.003858,84.36905,84.59625,85.96354
2022-01-13 13:14:06.507791,84.42104,84.90575,85.96354
2022-01-13 13:14:07.002158,83.7502,84.02925,85.4527
2022-01-13 13:14:07.504636,84.78245,85.1125,85.4527
2022-01-13 13:14:08.008960,83.59549,84.184,85.84572
2022-01-13 13:14:08.500426,84.1636,84.4415,85.84572
2022-01-13 13:14:09.009271,84.26632,84.59625,84.825
2022-01-13 13:14:09.501456,84.31831,84.803,84.825
2022-01-13 13:14:10.004864,84.1636,84.4935,85.64968
2022-01-13 13:14:10.509503,84.1636,84.59625,85.64968
2022-01-13 13:14:11.009134,84.05963,84.3895,86.43479
2022-01-13 13:14:11.502827,84.31831,84.90575,86.43479
2022-01-13 13:14:12.002767,84.05963,84.54425,85.96354
2022-01-13 13:14:12.504349,84.00888,84.33875,85.96354
2022-01-13 13:14:13.005110,84.42104,84.3895,86.71
2022-01-13 13:14:13.508278,84.1636,84.54425,86.71
2022-01-13 13:14:14.004623,83.7502,84.132,86.12093
2022-01-13 13:14:14.506480,84.57575,84.85375,86.12093
2022-01-13 13:14:15.010441,83.90492,84.184,85.25666
2022-01-13 13:14:15.509313,84.42104,84.803,85.25666
2022-01-13 13:14:16.008223,84.05963,84.699,85.53187
2022-01-13 13:14:16.509180,84.05963,84.132,85.53187
2022-01-13 13:14:17.008876,84.57575,84.751,86.15958
2022-01-13 13:14:17.502880,83.90492,84.23475,86.15958
2022-01-13 13:14:18.007439,84.26632,84.751,86.00312
2022-01-13 13:14:18.509929,83.80219,84.08,86.00312
2022-01-13 13:14:19.003790,84.26632,84.4935,85.4527
2022-01-13 13:14:19.507006,83.80219,84.28675,85.4527
2022-01-13 13:14:20.005730,84.52377,84.803,86.12093
2022-01-13 13:14:20.501864,84.21434,84.4415,86.12093
2022-01-13 13:14:21.010741,83.85417,84.184,86.19916
2022-01-13 13:14:21.507273,84.62773,85.0085,86.19916
2022-01-13 13:14:22.005135,83.90492,84.23475,86.43479
2022-01-13 13:14:22.501213,84.57575,84.95775,86.43479
2022-01-13 13:14:23.009787,83.28607,83.7705,85.4527
2022-01-13 13:14:23.505069,84.67848,84.95775,85.4527
2022-01-13 13:14:24.003381,84.67848,84.699,85.29625
2022-01-13 13:14:24.508940,83.90492,84.28675,85.29625
2022-01-13 13:14:25.007271,84.31831,84.90575,86.98426
2022-01-13 13:14:25.505153,83.64747,84.02925,86.98426
2022-01-13 13:14:26.002696,84.73046,84.85375,85.72791
2022-01-13 13:14:26.506110,83.54475,84.08,85.72791
2022-01-13 13:14:27.002980,84.47302,84.4935,86.27739
2022-01-13 13:14:27.504120,84.11161,84.28675,86.27739
2022-01-13 13:14:28.002160,84.78245,84.751,86.27739
2022-01-13 13:14:28.506507,84.21434,84.59625,86.27739
2022-01-13 13:14:29.004138,83.7502,84.184,85.88531
2022-01-13 13:14:29.508525,84.62773,85.1125,85.88531
2022-01-13 13:14:30.007031,83.59549,84.132,86.12093
2022-01-13 13:14:30.510214,84.57575,84.699,86.12093
2022-01-13 13:14:31.007957,84.00888,84.28675,86.00312
2022-01-13 13:14:31.502264,84.52377,84.85375,86.00312
2022-01-13 13:14:32.010766,84.31831,84.64825,86.04176
2022-01-13 13:14:32.504196,83.80219,84.33875,86.04176
2022-01-13 13:14:33.002280,84.42104,84.699,85.29625
2022-01-13 13:14:33.506713,83.90492,84.3895,85.29625
2022-01-13 13:14:34.003505,84.42104,84.699,85.88531
2022-01-13 13:14:34.508263,83.85417,84.28675,85.88531
2022-01-13 13:14:35.005174,84.05963,84.33875,85.29625
2022-01-13 13:14:35.501910,84.31831,84.699,85.29625
2022-01-13 13:14:36.010604,84.36905,84.85375,86.12093
2022-01-13 13:14:36.505592,84.21434,84.3895,86.12093
2022-01-13 13:14:37.003315,83.90492,84.3895,85.53187
2022-01-13 13:14:37.510236,84.31831,84.699,85.53187
2022-01-13 13:14:38.009323,83.69946,84.184,85.57051
2022-01-13 13:14:38.504254,83.90492,84.33875,85.57051
2022-01-13 13:14:39.001637,84.36905,84.64825,87.45551
2022-01-13 13:14:39.507054,83.9569,84.4415,87.45551
2022-01-13 13:14:40.007347,84.42104,84.699,85.41406
2022-01-13 13:14:40.501795,84.31831,84.90575,85.41406
2022-01-13 13:14:41.001611,84.05963,84.132,86.63083
2022-01-13 13:14:41.507356,84.05963,84.699,86.63083
2022-01-13 13:14:42.004604,84.11161,84.4935,86.19916
2022-01-13 13:14:42.510792,84.47302,84.803,86.19916
2022-01-13 13:14:43.008697,84.00888,84.59625,85.57051
2022-01-13 13:14:43.503346,84.05963,84.4415,85.57051
2022-01-13 13:14:44.001649,84.26632,84.4935,86.3952
2022-01-13 13:14:44.510161,84.73046,85.0605,86.3952
2022-01-13 13:14:45.011100,83.44078,84.08,85.88531
2022-01-13 13:14:45.506013,84.47302,84.751,85.88531
2022-01-13 13:14:46.004957,84.00888,84.33875,85.72791
2022-01-13 13:14:46.505840,84.42104,84.64825,85.72791
2022-01-13 13:14:47.002826,84.42104,84.64825,85.72791
2022-01-13 13:14:47.508349,83.44078,84.02925,85.72791
2022-01-13 13:14:48.006685,84.88517,84.95775,85.72791
2022-01-13 13:14:48.501475,84.00888,84.54425,85.72791
2022-01-13 13:14:49.001213,84.1636,84.3895,86.04176
2022-01-13 13:14:49.505147,84.05963,84.54425,86.04176
2022-01-13 13:14:50.003162,84.36905,84.4935,85.64968
2022-01-13 13:14:50.507904,84.1636,84.4415,85.64968
2022-01-13 13:14:51.005376,84.1636,84.64825,85.68833
2022-01-13 13:14:51.510665,84.21434,84.33875,85.68833
2022-01-13 13:14:52.010887,83.90492,84.3895,86.00312
2022-01-13 13:14:52.505382,84.47302,84.751,86.00312
2022-01-13 13:14:53.003157,83.69946,84.23475,86.51301
2022-01-13 13:14:53.508019,84.42104,84.64825,86.51301
2022-01-13 13:14:54.006484,84.31831,84.699,85.84572
2022-01-13 13:14:54.510931,83.7502,84.132,85.84572
2022-01-13 13:14:55.008662,84.47302,84.59625,85.37447
2022-01-13 13:14:55.503377,83.90492,84.4415,85.37447
2022-01-13 13:14:56.010877,84.36905,84.803,85.84572
2022-01-13 13:14:56.506153,83.7502,84.54425,85.84572
2022-01-13 13:14:57.003895,84.47302,84.751,85.49229
2022-01-13 13:14:57.509408,84.1636,84.184,85.49229
2022-01-13 13:14:58.006487,84.47302,84.803,86.31697
2022-01-13 13:14:58.509802,83.90492,84.4415,86.31697
2022-01-13 13:14:59.008676,84.47302,84.803,85.84572
2022-01-13 13:14:59.504736,84.11161,84.184,85.84572
2022-01-13 13:15:00.002347,83.59549,84.33875,86.63083
2022-01-13 13:15:00.509786,84.31831,84.54425,86.63083
2022-01-13 13:15:01.007813,84.52377,84.751,86.78822
2022-01-13 13:15:01.504639,83.7502,83.97725,86.78822
2022-01-13 13:15:02.002486,84.42104,84.59625,86.27739
2022-01-13 13:15:02.506133,83.9569,84.54425,86.27739
2022-01-13 13:15:03.005697,84.36905,84.699,85.92395
2022-01-13 13:15:03.510952,84.11161,84.751,85.92395
2022-01-13 13:15:04.010711,83.7502,83.7705,85.96354
2022-01-13 13:15:04.504721,84.42104,84.751,85.96354
2022-01-13 13:15:05.003290,84.36905,84.64825,85.37447
2022-01-13 13:15:05.510973,84.05963,84.3895,85.37447
2022-01-13 13:15:06.008324,84.21434,84.751,86.08135
2022-01-13 13:15:06.503902,84.00888,84.28675,86.08135
2022-01-13 13:15:07.001506,84.36905,84.85375,85.25666
2022-01-13 13:15:07.506268,83.85417,84.23475,85.25666
2022-01-13 13:15:08.005332,84.31831,84.59625,85.13885
2022-01-13 13:15:08.510940,84.21434,84.3895,85.13885
2022-01-13 13:15:09.008714,84.52377,84.85375,86.3952
2022-01-13 13:15:09.504027,83.54475,84.08,86.3952
2022-01-13 13:15:10.002207,84.52377,84.64825,85.29625
2022-01-13 13:15:10.506941,83.54475,84.02925,85.29625
2022-01-13 13:15:11.004509,84.31831,84.59625,84.90322
2022-01-13 13:15:11.510055,84.1636,84.85375,84.90322
2022-01-13 13:15:12.007305,83.90492,84.08,86.23875
2022-01-13 13:15:12.503069,84.88517,84.90575,86.23875
2022-01-13 13:15:13.002392,83.90492,84.3895,86.31697
2022-01-13 13:15:13.507184,84.47302,84.699,86.31697
2022-01-13 13:15:14.008300,83.59549,84.08,85.64968
2022-01-13 13:15:14.503626,84.42104,84.59625,85.64968
2022-01-13 13:15:15.004949,83.90492,84.4935,85.72791
2022-01-13 13:15:15.511341,84.47302,84.59625,85.72791
2022-01-13 13:15:16.001211,84.36905,84.33875,85.72791
2022-01-13 13:15:16.507061,84.00888,84.4415,85.72791
2022-01-13 13:15:17.003830,84.52377,84.59625,85.33489
2022-01-13 13:15:17.509319,84.1636,84.699,85.33489
2022-01-13 13:15:18.006080,84.31831,84.3895,86.35656
2022-01-13 13:15:19.005166,84.42104,84.699,85.37447
2022-01-13 13:15:19.501472,84.36905,84.33875,85.37447
2022-01-13 13:15:20.010365,84.05963,84.3895,85.84572
2022-01-13 13:15:20.508132,84.05963,84.59625,85.84572
2022-01-13 13:15:21.005832,84.05963,84.54425,85.84572
2022-01-13 13:15:21.502106,84.47302,84.4415,85.84572
2022-01-13 13:15:22.010751,83.90492,84.59625,85.7675
2022-01-13 13:15:22.506138,84.26632,84.59625,85.7675
2022-01-13 13:15:23.004792,84.00888,84.132,85.37447
2022-01-13 13:15:23.508165,84.52377,84.85375,85.37447
2022-01-13 13:15:24.008354,84.31831,84.4415,85.37447
2022-01-13 13:15:24.503416,83.69946,84.28675,85.37447
2022-01-13 13:15:25.001462,84.47302,84.4935,85.92395
2022-01-13 13:15:25.506656,83.80219,84.54425,85.92395
2022-01-13 13:15:26.004152,84.31831,84.3895,85.84572
2022-01-13 13:15:26.510338,84.1636,84.4935,85.84572
2022-01-13 13:15:27.008145,84.05963,84.28675,85.53187
2022-01-13 13:15:27.503240,84.42104,84.4935,85.53187
2022-01-13 13:15:28.002902,83.90492,84.3895,86.04176
2022-01-13 13:15:28.511257,84.1636,84.184,86.04176
2022-01-13 13:15:29.009305,84.42104,85.0085,85.84572
2022-01-13 13:15:29.503925,84.21434,84.54425,85.84572
2022-01-13 13:15:30.011055,84.31831,84.64825,86.63083
2022-01-13 13:15:30.507059,84.05963,84.184,86.63083
2022-01-13 13:15:31.006075,84.42104,84.64825,84.825
2022-01-13 13:15:31.510612,83.90492,84.64825,84.825
2022-01-13 13:15:32.009022,84.47302,84.64825,86.04176
2022-01-13 13:15:32.504753,83.59549,84.28675,86.04176
2022-01-13 13:15:33.002636,84.67848,85.0085,85.13885
2022-01-13 13:15:33.507289,83.69946,84.3895,85.13885
2022-01-13 13:15:34.005351,84.31831,84.3895,85.72791
2022-01-13 13:15:34.511186,84.36905,84.4935,85.72791
2022-01-13 13:15:35.007970,83.85417,84.33875,86.04176
2022-01-13 13:15:35.502201,84.42104,84.751,86.04176
2022-01-13 13:15:36.010032,84.11161,84.751,85.57051
2022-01-13 13:15:36.502601,84.05963,84.28675,85.57051
2022-01-13 13:15:37.007278,84.21434,84.85375,85.64968
2022-01-13 13:15:37.502149,84.26632,84.803,85.64968
2022-01-13 13:15:38.010051,84.52377,84.4935,86.19916
2022-01-13 13:15:38.504489,83.90492,84.184,86.19916
2022-01-13 13:15:39.002861,84.36905,84.59625,85.02104
2022-01-13 13:15:39.507319,83.85417,84.33875,85.02104
2022-01-13 13:15:40.005151,84.62773,84.85375,86.23875
2022-01-13 13:15:40.507474,83.13135,83.92525,86.23875
2022-01-13 13:15:41.005665,84.57575,84.699,85.33489
2022-01-13 13:15:41.502804,84.11161,84.28675,85.33489
2022-01-13 13:15:42.002700,84.62773,85.0085,85.68833
2022-01-13 13:15:42.507054,84.21434,84.54425,85.68833
2022-01-13 13:15:43.005792,83.7502,84.23475,85.80614
2022-01-13 13:15:43.510539,84.05963,84.33875,85.80614
2022-01-13 13:15:44.006742,84.21434,84.751,85.84572
2022-01-13 13:15:44.510014,84.26632,84.751,85.84572
2022-01-13 13:15:45.008415,83.80219,84.02925,85.92395
2022-01-13 13:15:45.503486,84.52377,84.699,85.92395
2022-01-13 13:15:46.002836,84.11161,84.33875,86.86645
2022-01-13 13:15:46.508821,84.31831,84.95775,86.86645
2022-01-13 13:15:47.004540,84.21434,84.3895,86.12093
2022-01-13 13:15:47.510469,83.49276,84.132,86.12093
2022-01-13 13:15:48.006757,84.52377,84.59625,86.19916
2022-01-13 13:15:48.501812,84.05963,84.3895,86.19916
2022-01-13 13:15:49.008544,84.31831,84.699,86.51301
2022-01-13 13:15:49.504971,84.47302,84.4935,86.51301
2022-01-13 13:15:50.003011,84.05963,84.64825,85.96354
2022-01-13 13:15:50.508415,84.1636,84.23475,85.96354
2022-01-13 13:15:51.004104,83.85417,84.4415,85.21708
2022-01-13 13:15:51.506172,83.69946,83.97725,85.21708
2022-01-13 13:15:52.009180,84.00888,84.23475,237.15656
