時間,回転１,回転２,回転３
2022-01-17 16:00:00.004856,84.1636,84.02925,239.2376
2022-01-17 16:00:00.505099,84.26632,84.803,239.2376
2022-01-17 16:00:01.002447,83.7502,84.02925,214.22176
2022-01-17 16:00:01.504664,84.57575,84.90575,214.22176
2022-01-17 16:00:02.002006,83.44078,83.8225,163.64156
2022-01-17 16:00:02.504218,84.26632,84.699,163.64156
2022-01-17 16:00:03.003044,84.31831,84.4935,97.98041
2022-01-17 16:00:03.507647,84.26632,84.23475,97.98041
2022-01-17 16:00:04.004627,84.1636,84.54425,89.61572
2022-01-17 16:00:04.510412,84.00888,84.3895,89.61572
2022-01-17 16:00:05.004523,83.9569,84.28675,92.91447
2022-01-17 16:00:05.509693,84.36905,84.64825,92.91447
2022-01-17 16:00:06.009838,84.11161,84.751,87.6525
2022-01-17 16:00:06.505155,84.05963,84.4935,87.6525
2022-01-17 16:00:07.004317,84.47302,84.54425,86.78822
2022-01-17 16:00:07.509425,84.21434,84.64825,86.78822
2022-01-17 16:00:08.007909,84.62773,84.85375,86.23875
2022-01-17 16:00:08.504670,83.7502,84.132,86.23875
2022-01-17 16:00:09.002400,84.21434,84.64825,85.7675
2022-01-17 16:00:09.504843,83.69946,84.23475,85.7675
2022-01-17 16:00:10.001575,84.36905,84.751,86.74864
2022-01-17 16:00:10.507215,84.11161,84.4935,86.74864
2022-01-17 16:00:11.005697,84.05963,84.4935,86.15958
2022-01-17 16:00:11.504999,84.26632,84.4415,86.15958
2022-01-17 16:00:12.004161,84.31831,84.85375,87.14166
2022-01-17 16:00:12.501085,84.73046,85.0085,87.14166
2022-01-17 16:00:13.008915,83.54475,84.02925,86.35656
2022-01-17 16:00:13.509053,84.21434,84.64825,86.35656
2022-01-17 16:00:14.007047,83.90492,84.33875,85.41406
2022-01-17 16:00:14.502641,84.42104,85.0605,85.4527
2022-01-17 16:00:15.002115,84.31831,84.59625,85.4527
2022-01-17 16:00:15.507998,83.7502,84.28675,85.4527
2022-01-17 16:00:16.006205,84.31831,84.59625,85.64968
2022-01-17 16:00:16.505658,84.36905,84.90575,85.64968
2022-01-17 16:00:17.004787,84.47302,84.95775,85.64968
2022-01-17 16:00:17.509152,83.49276,83.92525,85.64968
2022-01-17 16:00:18.006628,84.36905,84.85375,85.33489
2022-01-17 16:00:18.510860,84.21434,84.23475,85.33489
2022-01-17 16:00:19.010192,84.42104,84.95775,85.33489
2022-01-17 16:00:19.505663,84.05963,84.08,85.33489
2022-01-17 16:00:20.005209,84.05963,84.54425,86.12093
2022-01-17 16:00:20.501740,84.42104,84.699,86.12093
2022-01-17 16:00:21.009838,83.7502,84.4415,85.80614
2022-01-17 16:00:21.506471,84.21434,84.803,85.80614
2022-01-17 16:00:22.004134,84.1636,84.184,86.27739
2022-01-17 16:00:22.509674,84.1636,84.64825,86.27739
2022-01-17 16:00:23.008719,84.42104,84.4935,85.57051
2022-01-17 16:00:23.504113,84.26632,84.64825,85.57051
2022-01-17 16:00:24.001236,83.9569,84.4935,86.04176
2022-01-17 16:00:24.507326,83.85417,84.4935,86.04176
2022-01-17 16:00:25.006611,83.85417,84.3895,85.88531
2022-01-17 16:00:25.501239,84.1636,84.4935,85.88531
2022-01-17 16:00:26.009724,84.26632,84.699,85.25666
2022-01-17 16:00:26.504942,84.36905,84.4935,85.25666
2022-01-17 16:00:27.004402,83.90492,84.4415,85.72791
2022-01-17 16:00:27.511014,84.57575,84.90575,85.41406
2022-01-17 16:00:28.005227,83.69946,84.184,85.41406
2022-01-17 16:00:28.501749,84.21434,84.699,85.41406
2022-01-17 16:00:29.001704,83.9569,84.4415,85.84572
2022-01-17 16:00:29.509070,84.31831,84.699,85.84572
2022-01-17 16:00:30.008379,84.36905,84.54425,86.04176
2022-01-17 16:00:30.502829,84.11161,84.59625,86.04176
2022-01-17 16:00:31.001844,84.26632,84.64825,85.29625
2022-01-17 16:00:31.508097,83.90492,84.4415,85.29625
2022-01-17 16:00:32.009252,84.31831,84.85375,85.72791
2022-01-17 16:00:32.504249,84.21434,84.4935,85.72791
2022-01-17 16:00:33.002376,84.36905,84.64825,85.68833
2022-01-17 16:00:33.508625,84.26632,84.33875,85.68833
2022-01-17 16:00:34.010308,83.85417,84.4415,86.12093
2022-01-17 16:00:34.505786,84.52377,84.85375,86.12093
2022-01-17 16:00:35.005360,83.59549,84.02925,85.49229
2022-01-17 16:00:35.503281,84.42104,84.85375,85.49229
2022-01-17 16:00:36.010979,83.44078,83.97725,85.96354
2022-01-17 16:00:36.505789,84.83319,85.21525,85.96354
2022-01-17 16:00:37.005303,84.47302,84.3895,85.37447
2022-01-17 16:00:37.502883,83.90492,84.4415,85.37447
2022-01-17 16:00:38.010193,83.85417,84.28675,86.59218
2022-01-17 16:00:38.506219,84.21434,84.54425,86.59218
2022-01-17 16:00:39.005818,84.42104,84.95775,84.98145
2022-01-17 16:00:39.510575,83.59549,84.02925,84.98145
2022-01-17 16:00:40.008934,84.31831,84.803,86.19916
2022-01-17 16:00:40.502988,84.00888,83.97725,86.19916
2022-01-17 16:00:41.001208,84.67848,85.1125,86.59218
2022-01-17 16:00:41.505607,84.05963,84.4935,86.59218
2022-01-17 16:00:42.004409,83.7502,84.184,85.33489
2022-01-17 16:00:42.502199,84.26632,84.54425,85.33489
2022-01-17 16:00:43.002673,83.7502,84.33875,85.29625
2022-01-17 16:00:43.509301,84.57575,84.90575,85.29625
2022-01-17 16:00:44.006752,83.80219,83.8745,85.49229
2022-01-17 16:00:44.502218,84.67848,85.0605,85.49229
2022-01-17 16:00:45.011008,84.05963,84.184,85.49229
2022-01-17 16:00:45.509972,84.1636,84.64825,85.49229
2022-01-17 16:00:46.003928,84.31831,84.803,85.84572
2022-01-17 16:00:46.509053,83.59549,84.08,85.84572
2022-01-17 16:00:47.009239,84.36905,84.90575,85.41406
2022-01-17 16:00:47.505741,83.90492,84.184,85.41406
2022-01-17 16:00:48.004061,84.67848,84.90575,85.7675
2022-01-17 16:00:48.502790,84.11161,84.33875,85.7675
2022-01-17 16:00:49.010977,84.00888,84.23475,86.3952
2022-01-17 16:00:49.506438,84.36905,84.64825,86.3952
2022-01-17 16:00:50.005671,84.1636,84.4415,86.08135
2022-01-17 16:00:50.501958,84.26632,84.751,86.08135
2022-01-17 16:00:51.010205,84.00888,84.3895,85.21708
2022-01-17 16:00:51.501121,84.21434,84.59625,85.21708
2022-01-17 16:00:52.008639,84.36905,84.54425,85.72791
2022-01-17 16:00:52.504031,84.1636,84.28675,85.72791
2022-01-17 16:00:53.001970,84.21434,84.59625,85.49229
2022-01-17 16:00:53.506331,83.9569,84.184,85.49229
2022-01-17 16:00:54.005662,84.52377,85.1125,85.17843
2022-01-17 16:00:54.502225,83.64747,84.132,85.17843
2022-01-17 16:00:55.010470,84.31831,84.59625,86.08135
2022-01-17 16:00:55.506620,84.21434,84.4935,86.08135
2022-01-17 16:00:56.006736,84.1636,84.54425,85.33489
2022-01-17 16:00:56.501599,84.05963,84.4415,85.33489
2022-01-17 16:00:57.010015,84.26632,84.4935,86.31697
2022-01-17 16:00:57.505055,84.1636,84.699,86.31697
2022-01-17 16:00:58.001473,83.64747,84.184,86.47437
2022-01-17 16:00:58.507386,84.31831,84.59625,86.47437
2022-01-17 16:00:59.005390,84.1636,84.28675,84.825
2022-01-17 16:00:59.511195,84.42104,84.85375,84.825
2022-01-17 16:01:00.009248,84.31831,84.59625,85.92395
2022-01-17 16:01:00.505901,84.00888,84.33875,85.92395
2022-01-17 16:01:01.004417,84.52377,85.1125,85.29625
2022-01-17 16:01:01.510898,83.7502,84.23475,85.29625
2022-01-17 16:01:02.009876,84.47302,84.85375,85.09926
2022-01-17 16:01:02.505112,83.90492,83.97725,85.09926
2022-01-17 16:01:03.003048,84.62773,84.90575,85.29625
2022-01-17 16:01:03.508366,84.00888,84.184,85.29625
2022-01-17 16:01:04.008208,84.05963,84.4935,85.7675
2022-01-17 16:01:04.504512,84.11161,84.64825,85.7675
2022-01-17 16:01:05.003485,83.90492,84.4935,84.98145
2022-01-17 16:01:05.508988,84.57575,84.95775,84.98145
2022-01-17 16:01:06.007146,83.85417,84.184,87.6525
2022-01-17 16:01:06.503376,84.57575,84.803,87.6525
2022-01-17 16:01:07.011230,83.90492,84.28675,85.4527
2022-01-17 16:01:07.506216,84.05963,84.54425,85.4527
2022-01-17 16:01:08.004988,84.31831,84.54425,86.3952
2022-01-17 16:01:08.502292,83.64747,84.184,86.3952
2022-01-17 16:01:09.002086,84.42104,84.85375,86.19916
2022-01-17 16:01:09.508377,84.00888,84.33875,86.19916
2022-01-17 16:01:10.008039,84.67848,84.85375,85.68833
2022-01-17 16:01:10.509912,84.36905,84.4415,85.68833
2022-01-17 16:01:11.007090,83.7502,84.23475,85.96354
2022-01-17 16:01:11.510528,84.05963,84.64825,85.96354
2022-01-17 16:01:12.009482,84.26632,84.85375,85.72791
2022-01-17 16:01:12.505399,84.31831,84.64825,85.72791
2022-01-17 16:01:13.003214,83.59549,84.02925,86.04176
2022-01-17 16:01:13.506478,84.21434,84.4415,86.04176
2022-01-17 16:01:14.005281,84.52377,84.85375,85.84572
2022-01-17 16:01:14.510890,84.00888,84.3895,85.84572
2022-01-17 16:01:15.008987,84.05963,84.64825,85.7675
2022-01-17 16:01:15.505797,83.80219,84.08,85.7675
2022-01-17 16:01:16.005059,84.26632,84.751,86.04176
2022-01-17 16:01:16.510535,84.11161,84.699,86.04176
2022-01-17 16:01:17.009275,84.1636,84.23475,85.84572
2022-01-17 16:01:17.503723,84.26632,84.4415,85.84572
2022-01-17 16:01:18.004314,84.36905,84.64825,86.23875
2022-01-17 16:01:18.510621,84.36905,85.0085,86.23875
2022-01-17 16:01:19.008876,83.69946,84.08,85.57051
2022-01-17 16:01:19.504375,84.26632,84.803,85.57051
2022-01-17 16:01:20.004148,83.80219,84.3895,85.68833
2022-01-17 16:01:20.508310,84.36905,84.699,85.68833
2022-01-17 16:01:21.005448,84.57575,84.803,85.33489
2022-01-17 16:01:21.511031,84.1636,84.3895,85.33489
2022-01-17 16:01:22.009669,84.42104,84.751,85.68833
2022-01-17 16:01:22.506399,84.00888,84.54425,85.68833
2022-01-17 16:01:23.006388,84.21434,84.64825,85.49229
2022-01-17 16:01:23.501712,84.05963,84.4935,85.49229
2022-01-17 16:01:24.010360,83.9569,84.4935,85.13885
2022-01-17 16:01:24.506981,84.11161,84.28675,85.13885
2022-01-17 16:01:25.004481,84.73046,85.0085,86.23875
2022-01-17 16:01:25.501107,83.9569,84.33875,86.23875
2022-01-17 16:01:26.008447,84.21434,84.4415,86.15958
2022-01-17 16:01:26.503668,84.36905,84.803,86.15958
2022-01-17 16:01:27.002259,83.59549,84.02925,85.33489
2022-01-17 16:01:27.508925,84.62773,85.0605,85.33489
2022-01-17 16:01:28.007068,83.54475,84.02925,86.04176
2022-01-17 16:01:28.502191,84.26632,84.3895,86.04176
2022-01-17 16:01:29.011117,84.1636,84.4415,85.25666
2022-01-17 16:01:29.506929,84.1636,84.4935,85.25666
2022-01-17 16:01:30.005722,84.36905,84.803,85.29625
2022-01-17 16:01:30.502927,84.11161,84.33875,85.29625
2022-01-17 16:01:31.010855,84.26632,84.64825,86.27739
2022-01-17 16:01:31.504663,83.59549,84.28675,86.27739
2022-01-17 16:01:32.004303,84.67848,85.0085,85.64968
2022-01-17 16:01:32.510331,84.36905,84.4935,85.64968
2022-01-17 16:01:33.007988,83.90492,84.28675,85.09926
2022-01-17 16:01:33.504749,84.21434,84.803,85.09926
2022-01-17 16:01:34.002591,83.90492,84.33875,85.7675
2022-01-17 16:01:34.506974,84.78245,85.21525,85.7675
2022-01-17 16:01:35.004900,83.64747,84.28675,85.4527
2022-01-17 16:01:35.509558,84.00888,84.23475,85.4527
2022-01-17 16:01:36.008703,84.26632,84.59625,86.19916
2022-01-17 16:01:36.506485,84.31831,84.64825,86.19916
2022-01-17 16:01:37.004910,84.36905,84.699,86.31697
2022-01-17 16:01:37.510612,83.69946,84.08,86.31697
2022-01-17 16:01:38.009269,84.26632,84.64825,85.21708
2022-01-17 16:01:38.502962,84.21434,84.803,85.21708
2022-01-17 16:01:39.010801,84.1636,84.54425,85.21708
2022-01-17 16:01:39.507244,83.85417,84.08,85.21708
2022-01-17 16:01:40.005763,84.21434,84.23475,85.92395
2022-01-17 16:01:40.502136,84.52377,85.0605,85.92395
2022-01-17 16:01:41.002172,84.05963,84.4935,85.68833
2022-01-17 16:01:41.501456,84.62773,84.95775,85.68833
2022-01-17 16:01:42.008923,83.59549,84.132,85.6101
2022-01-17 16:01:42.503911,84.21434,84.64825,85.6101
2022-01-17 16:01:43.002352,84.47302,84.90575,85.25666
2022-01-17 16:01:43.508853,84.00888,84.08,85.25666
2022-01-17 16:01:44.009087,84.31831,84.751,85.96354
2022-01-17 16:01:44.501289,83.90492,84.33875,85.96354
2022-01-17 16:01:45.010307,84.36905,84.699,86.08135
2022-01-17 16:01:45.507843,84.11161,84.4935,86.08135
2022-01-17 16:01:46.006984,84.26632,84.64825,85.92395
2022-01-17 16:01:46.501756,83.85417,84.28675,85.92395
2022-01-17 16:01:47.009259,84.47302,84.64825,85.68833
2022-01-17 16:01:47.505535,84.42104,84.751,85.68833
2022-01-17 16:01:48.003340,83.9569,84.4415,85.72791
2022-01-17 16:01:48.507990,84.26632,84.59625,85.72791
2022-01-17 16:01:49.005764,83.54475,83.92525,86.15958
2022-01-17 16:01:49.503035,84.67848,85.0085,86.15958
2022-01-17 16:01:50.002398,83.59549,84.08,85.41406
2022-01-17 16:01:50.509029,84.57575,84.85375,85.41406
2022-01-17 16:01:51.007280,84.42104,84.699,86.27739
2022-01-17 16:01:51.502530,84.1636,84.59625,86.27739
2022-01-17 16:01:52.001152,84.21434,84.59625,85.13885
2022-01-17 16:01:52.505816,84.11161,84.4415,85.13885
2022-01-17 16:01:53.004245,84.42104,84.64825,86.12093
2022-01-17 16:01:53.509098,83.64747,84.28675,86.12093
2022-01-17 16:01:54.006849,84.67848,84.85375,85.6101
2022-01-17 16:01:54.502871,84.26632,84.54425,85.6101
2022-01-17 16:01:55.002582,84.21434,84.4935,85.02104
2022-01-17 16:01:55.508731,84.36905,84.751,85.02104
2022-01-17 16:01:56.006950,83.64747,84.132,86.27739
2022-01-17 16:01:56.501978,84.62773,84.803,86.27739
2022-01-17 16:01:57.002933,83.44078,84.132,85.92395
2022-01-17 16:01:57.509781,84.42104,84.54425,85.92395
2022-01-17 16:01:58.008603,84.00888,84.3895,86.51301
2022-01-17 16:01:58.503290,84.47302,84.699,86.51301
2022-01-17 16:01:59.002378,84.42104,84.751,85.64968
2022-01-17 16:01:59.510534,83.85417,84.33875,85.64968
2022-01-17 16:02:00.007386,84.00888,84.28675,85.84572
2022-01-17 16:02:00.501687,84.00888,84.699,85.84572
2022-01-17 16:02:01.010473,84.1636,84.33875,84.5102
2022-01-17 16:02:01.507331,84.21434,84.699,84.5102
2022-01-17 16:02:02.005588,84.26632,84.28675,85.96354
2022-01-17 16:02:02.510413,84.21434,84.4935,85.96354
2022-01-17 16:02:03.007587,84.42104,84.699,84.94281
2022-01-17 16:02:03.503896,84.36905,84.64825,84.94281
2022-01-17 16:02:04.002450,83.64747,84.132,85.88531
2022-01-17 16:02:04.506880,84.11161,84.4935,85.88531
2022-01-17 16:02:05.005463,83.90492,84.4935,85.49229
2022-01-17 16:02:05.511396,84.47302,84.64825,85.49229
2022-01-17 16:02:06.008574,84.52377,84.85375,86.19916
2022-01-17 16:02:06.501760,83.85417,84.184,86.19916
2022-01-17 16:02:07.008927,84.31831,84.64825,85.33489
2022-01-17 16:02:07.504124,84.21434,84.803,85.33489
2022-01-17 16:02:08.002087,84.05963,84.3895,86.35656
2022-01-17 16:02:08.506080,83.90492,84.4935,86.35656
2022-01-17 16:02:09.003813,84.26632,84.59625,85.29625
2022-01-17 16:02:09.508993,84.47302,84.64825,85.29625
2022-01-17 16:02:10.006447,84.21434,84.4415,85.4527
2022-01-17 16:02:10.502436,84.11161,84.4935,85.4527
2022-01-17 16:02:11.001194,83.9569,84.4935,85.29625
2022-01-17 16:02:11.507574,84.62773,84.803,85.29625
2022-01-17 16:02:12.004368,83.44078,84.132,86.5526
2022-01-17 16:02:12.502237,84.62773,84.90575,86.5526
2022-01-17 16:02:13.001667,84.05963,84.33875,86.15958
2022-01-17 16:02:13.507628,84.1636,84.4935,86.15958
2022-01-17 16:02:14.005223,84.57575,84.85375,85.6101
2022-01-17 16:02:14.501246,83.59549,84.184,85.6101
2022-01-17 16:02:15.009197,84.21434,84.54425,87.06343
2022-01-17 16:02:15.504816,83.69946,84.4415,87.06343
2022-01-17 16:02:16.003227,84.31831,84.64825,86.43479
2022-01-17 16:02:16.502139,83.9569,84.28675,86.43479
2022-01-17 16:02:17.001223,84.36905,84.59625,85.25666
2022-01-17 16:02:17.508189,83.9569,84.184,85.25666
2022-01-17 16:02:18.005710,84.26632,84.85375,85.13885
2022-01-17 16:02:18.501296,84.31831,84.4415,85.13885
2022-01-17 16:02:19.009819,83.54475,84.184,85.53187
2022-01-17 16:02:19.504776,84.42104,84.803,85.53187
2022-01-17 16:02:20.004000,83.85417,84.4415,85.64968
2022-01-17 16:02:20.511007,84.36905,84.4935,85.64968
2022-01-17 16:02:21.505287,83.59549,83.97725,85.57051
2022-01-17 16:02:22.002873,84.93716,84.90575,154.09875
2022-01-17 16:02:22.508058,83.7502,84.23475,154.09875
2022-01-17 16:02:23.005825,84.00888,84.184,239.94447
2022-01-17 16:02:23.504676,83.9569,84.4935,239.94447
2022-01-17 16:02:24.003025,84.57575,84.699,201.81281
2022-01-17 16:02:24.509050,83.80219,83.92525,201.81281
2022-01-17 16:02:25.007819,84.42104,84.90575,127.00187
2022-01-17 16:02:25.502725,83.59549,83.66775,127.00187
2022-01-17 16:02:26.003416,84.31831,84.59625,92.67885
2022-01-17 16:02:26.507281,84.11161,84.184,91.57895
2022-01-17 16:02:27.009999,83.28607,84.08,91.57895
2022-01-17 16:02:27.505156,84.88517,84.90575,91.57895
2022-01-17 16:02:28.003472,83.90492,84.02925,88.98708
2022-01-17 16:02:28.509660,84.52377,84.90575,88.98708
2022-01-17 16:02:29.008152,83.90492,84.3895,86.74864
2022-01-17 16:02:29.503478,84.47302,84.803,86.74864
2022-01-17 16:02:30.002226,84.00888,84.33875,86.5526
2022-01-17 16:02:30.509806,83.9569,84.85375,86.5526
2022-01-17 16:02:31.008081,84.00888,84.4415,86.47437
2022-01-17 16:02:31.503327,84.62773,84.803,86.47437
2022-01-17 16:02:32.004845,84.36905,84.751,85.92395
2022-01-17 16:02:32.509524,84.26632,84.54425,85.92395
2022-01-17 16:02:33.008076,83.85417,84.33875,85.64968
2022-01-17 16:02:33.502133,83.9569,84.23475,85.64968
2022-01-17 16:02:34.010497,84.31831,85.16325,86.04176
2022-01-17 16:02:34.507708,84.11161,84.54425,86.04176
2022-01-17 16:02:35.005637,84.11161,84.28675,85.96354
2022-01-17 16:02:35.501125,84.26632,84.4935,85.96354
2022-01-17 16:02:36.008707,84.42104,84.85375,85.6101
2022-01-17 16:02:36.505148,84.11161,84.751,85.6101
2022-01-17 16:02:37.003019,84.21434,84.3895,86.04176
2022-01-17 16:02:37.508237,83.90492,84.54425,86.04176
2022-01-17 16:02:38.006447,84.11161,84.54425,85.80614
2022-01-17 16:02:38.502433,84.42104,84.90575,85.80614
2022-01-17 16:02:39.002097,84.11161,84.23475,86.19916
2022-01-17 16:02:39.509028,84.42104,84.4415,86.19916
2022-01-17 16:02:40.007823,84.00888,84.54425,85.41406
2022-01-17 16:02:40.503051,84.36905,84.54425,85.41406
2022-01-17 16:02:41.001443,83.69946,84.3895,85.7675
2022-01-17 16:02:41.506712,84.31831,84.59625,85.7675
2022-01-17 16:02:42.005433,83.80219,84.3895,85.25666
2022-01-17 16:02:42.510466,84.52377,84.751,85.25666
2022-01-17 16:02:43.008543,84.26632,84.3895,85.49229
2022-01-17 16:02:43.504146,84.00888,84.4415,85.49229
2022-01-17 16:02:44.002457,84.21434,84.4415,85.92395
2022-01-17 16:02:44.508190,83.85417,84.4935,85.92395
2022-01-17 16:02:45.005116,84.31831,84.64825,85.25666
2022-01-17 16:02:45.510488,83.80219,84.4935,85.25666
2022-01-17 16:02:46.009940,84.21434,84.23475,86.04176
2022-01-17 16:02:46.504783,84.42104,84.54425,86.04176
2022-01-17 16:02:47.002978,84.36905,84.95775,86.04176
2022-01-17 16:02:47.507540,84.00888,84.33875,86.04176
2022-01-17 16:02:48.009368,84.21434,84.803,85.6101
2022-01-17 16:02:48.507907,84.00888,84.184,85.6101
2022-01-17 16:02:49.005148,84.1636,84.90575,85.72791
2022-01-17 16:02:49.501239,84.52377,84.85375,85.72791
2022-01-17 16:02:50.001604,84.1636,84.33875,86.3952
2022-01-17 16:02:50.508321,83.80219,84.23475,86.3952
2022-01-17 16:02:51.005112,84.42104,84.751,85.53187
2022-01-17 16:02:51.511175,84.05963,84.803,85.53187
2022-01-17 16:02:52.009834,84.26632,84.59625,86.08135
2022-01-17 16:02:52.508041,83.9569,84.751,86.08135
2022-01-17 16:02:53.006746,83.9569,84.132,85.80614
2022-01-17 16:02:53.502296,84.26632,84.4935,85.80614
2022-01-17 16:02:54.002141,84.11161,84.59625,85.88531
2022-01-17 16:02:54.508169,84.11161,84.23475,85.88531
2022-01-17 16:02:55.006284,84.26632,84.85375,85.96354
2022-01-17 16:02:55.504238,83.7502,84.132,85.96354
2022-01-17 16:02:56.003476,84.31831,84.95775,84.86364
2022-01-17 16:02:56.508414,84.1636,84.4415,84.86364
2022-01-17 16:02:57.006779,84.52377,84.95775,86.3952
2022-01-17 16:02:57.503872,83.85417,84.184,86.3952
2022-01-17 16:02:58.001898,84.11161,84.184,85.68833
2022-01-17 16:02:58.503491,83.9569,84.699,85.68833
2022-01-17 16:02:59.002462,84.73046,84.90575,85.7675
2022-01-17 16:02:59.508045,83.59549,84.184,85.7675
2022-01-17 16:03:00.006986,84.36905,84.4935,86.19916
2022-01-17 16:03:00.501178,84.11161,84.64825,86.19916
2022-01-17 16:03:01.010203,84.36905,84.699,85.41406
2022-01-17 16:03:01.506040,84.26632,84.54425,85.41406
2022-01-17 16:03:02.005680,83.80219,84.4935,85.53187
2022-01-17 16:03:02.501296,84.26632,84.54425,85.53187
2022-01-17 16:03:03.008968,84.26632,85.0085,85.29625
2022-01-17 16:03:03.502605,84.21434,84.4415,85.29625
2022-01-17 16:03:04.010830,83.69946,84.23475,85.6101
2022-01-17 16:03:04.506381,84.31831,84.64825,85.6101
2022-01-17 16:03:05.004605,84.52377,84.64825,86.63083
2022-01-17 16:03:05.509542,84.00888,84.3895,86.63083
2022-01-17 16:03:06.008283,84.31831,84.64825,85.80614
2022-01-17 16:03:06.502177,83.64747,84.28675,85.80614
2022-01-17 16:03:07.001758,84.47302,84.699,86.00312
2022-01-17 16:03:07.507513,83.59549,84.33875,86.00312
2022-01-17 16:03:08.005492,84.57575,84.85375,86.08135
2022-01-17 16:03:08.511228,83.9569,83.97725,86.08135
2022-01-17 16:03:09.008769,84.31831,84.751,86.15958
2022-01-17 16:03:09.503410,84.36905,84.699,86.15958
2022-01-17 16:03:10.010966,84.00888,84.59625,85.88531
2022-01-17 16:03:10.505534,84.1636,84.54425,85.88531
2022-01-17 16:03:11.003838,83.69946,84.3895,85.37447
2022-01-17 16:03:11.510131,84.47302,84.85375,85.37447
2022-01-17 16:03:12.009204,84.05963,84.23475,86.19916
2022-01-17 16:03:12.507462,84.42104,84.64825,85.37447
2022-01-17 16:03:13.005201,83.9569,84.132,85.37447
2022-01-17 16:03:13.509340,84.26632,85.0085,85.68833
2022-01-17 16:03:14.010588,83.9569,84.184,85.68833
2022-01-17 16:03:14.507386,83.64747,84.23475,85.68833
2022-01-17 16:03:15.005778,84.26632,84.803,85.7675
2022-01-17 16:03:15.501282,84.05963,84.4415,85.7675
2022-01-17 16:03:16.010808,84.31831,84.699,85.33489
2022-01-17 16:03:16.507284,84.31831,84.33875,85.33489
2022-01-17 16:03:17.005698,84.1636,84.803,86.67041
2022-01-17 16:03:17.510031,84.31831,84.54425,86.67041
2022-01-17 16:03:18.009343,83.9569,84.54425,85.37447
2022-01-17 16:03:18.504271,83.85417,84.33875,85.37447
2022-01-17 16:03:19.004685,84.1636,84.54425,86.3952
2022-01-17 16:03:19.509263,84.36905,84.59625,86.3952
2022-01-17 16:03:20.006919,83.90492,83.97725,85.64968
2022-01-17 16:03:20.504264,84.36905,85.0085,86.3952
2022-01-17 16:03:21.008740,84.31831,84.54425,86.3952
2022-01-17 16:03:21.503202,84.21434,84.64825,86.3952
2022-01-17 16:03:22.002372,84.1636,84.54425,85.41406
2022-01-17 16:03:22.507694,83.7502,84.33875,85.41406
2022-01-17 16:03:23.005524,84.42104,84.59625,86.63083
2022-01-17 16:03:23.504638,84.57575,84.64825,86.63083
2022-01-17 16:03:24.002920,83.59549,84.23475,85.41406
2022-01-17 16:03:24.509172,84.31831,84.64825,85.41406
2022-01-17 16:03:25.007743,84.1636,84.4415,85.84572
2022-01-17 16:03:25.504804,84.62773,84.85375,85.84572
2022-01-17 16:03:26.002888,83.80219,84.4935,85.7675
2022-01-17 16:03:26.507044,84.05963,84.4935,85.7675
2022-01-17 16:03:27.005728,84.1636,84.23475,85.72791
2022-01-17 16:03:27.502178,84.21434,84.751,85.72791
2022-01-17 16:03:28.002052,84.21434,84.4935,85.6101
2022-01-17 16:03:28.509041,83.9569,84.4935,85.6101
2022-01-17 16:03:29.007193,84.57575,84.751,85.84572
2022-01-17 16:03:29.511171,83.64747,84.184,85.84572
2022-01-17 16:03:30.009148,84.67848,85.0085,85.64968
2022-01-17 16:03:30.506525,83.9569,83.92525,85.64968
2022-01-17 16:03:31.005601,84.26632,84.803,85.84572
2022-01-17 16:03:31.501218,84.1636,84.3895,85.84572
2022-01-17 16:03:32.010391,83.90492,84.4935,85.09926
2022-01-17 16:03:32.508063,84.52377,84.64825,85.09926
2022-01-17 16:03:33.005651,83.7502,84.23475,86.15958
2022-01-17 16:03:33.510879,84.52377,84.95775,86.15958
2022-01-17 16:03:34.009672,83.90492,84.02925,85.6101
2022-01-17 16:03:34.504163,84.31831,84.64825,85.6101
2022-01-17 16:03:35.002386,83.7502,83.8225,85.7675
2022-01-17 16:03:35.509211,84.31831,84.90575,85.7675
2022-01-17 16:03:36.007081,84.26632,84.54425,85.17843
2022-01-17 16:03:36.501747,83.64747,84.08,85.17843
2022-01-17 16:03:37.001151,84.31831,84.751,86.23875
2022-01-17 16:03:37.508487,83.85417,84.28675,86.23875
2022-01-17 16:03:38.006835,84.88517,85.26725,85.06062
2022-01-17 16:03:38.501607,84.05963,84.02925,85.06062
2022-01-17 16:03:39.010989,84.21434,84.803,86.00312
2022-01-17 16:03:39.506482,83.80219,83.97725,86.00312
2022-01-17 16:03:40.005795,84.31831,84.85375,85.4527
2022-01-17 16:03:40.502229,83.9569,84.28675,85.4527
2022-01-17 16:03:41.010501,83.85417,84.184,85.41406
2022-01-17 16:03:41.506406,84.31831,84.85375,85.41406
2022-01-17 16:03:42.006908,84.1636,84.184,85.80614
2022-01-17 16:03:42.501157,84.67848,85.21525,85.80614
2022-01-17 16:03:43.001093,83.7502,83.97725,86.19916
2022-01-17 16:03:43.506471,84.42104,84.803,86.19916
2022-01-17 16:03:44.004978,84.00888,84.4415,85.09926
2022-01-17 16:03:44.511103,83.7502,84.33875,85.09926
2022-01-17 16:03:45.009392,84.31831,84.751,85.92395
2022-01-17 16:03:45.503073,84.11161,84.02925,85.92395
2022-01-17 16:03:46.002282,84.31831,84.85375,85.53187
2022-01-17 16:03:46.509815,84.42104,84.54425,85.53187
2022-01-17 16:03:47.008209,84.21434,84.803,86.19916
2022-01-17 16:03:47.506822,83.9569,84.132,86.19916
2022-01-17 16:03:48.006555,83.90492,84.3895,86.04176
2022-01-17 16:03:48.505715,84.11161,84.59625,86.04176
2022-01-17 16:03:49.003894,84.31831,84.64825,85.6101
2022-01-17 16:03:49.509126,84.11161,84.54425,85.6101
2022-01-17 16:03:50.001420,84.21434,84.33875,85.64968
2022-01-17 16:03:50.507454,84.1636,84.54425,85.64968
2022-01-17 16:03:51.006690,84.26632,84.751,86.67041
2022-01-17 16:03:51.502406,83.69946,84.28675,86.67041
2022-01-17 16:03:52.011279,84.11161,84.4935,85.41406
2022-01-17 16:03:52.506843,84.11161,84.4415,85.41406
2022-01-17 16:03:53.003379,84.26632,84.64825,85.72791
2022-01-17 16:03:53.509655,84.31831,84.4935,85.72791
2022-01-17 16:03:54.008773,84.1636,84.751,86.78822
2022-01-17 16:03:54.504066,84.47302,84.54425,86.78822
2022-01-17 16:03:55.003564,83.9569,84.23475,85.84572
2022-01-17 16:03:55.503843,84.11161,84.4935,85.84572
2022-01-17 16:03:56.001616,83.64747,84.08,85.4527
2022-01-17 16:03:56.506825,84.62773,85.0085,85.4527
2022-01-17 16:03:57.005741,84.1636,84.184,86.27739
2022-01-17 16:03:57.501582,84.05963,84.59625,86.27739
2022-01-17 16:03:58.011032,84.36905,84.95775,85.37447
2022-01-17 16:03:58.506272,84.1636,84.4935,85.37447
2022-01-17 16:03:59.005984,84.21434,84.4935,85.68833
2022-01-17 16:03:59.504514,83.54475,83.8745,85.68833
2022-01-17 16:04:00.003159,84.57575,85.16325,85.02104
2022-01-17 16:04:00.509228,84.26632,84.54425,85.02104
2022-01-17 16:04:01.006776,84.00888,84.54425,85.68833
2022-01-17 16:04:01.501671,83.90492,84.184,85.68833
2022-01-17 16:04:02.010919,84.1636,84.699,86.04176
2022-01-17 16:04:02.505492,84.26632,84.803,86.04176
2022-01-17 16:04:03.009729,83.90492,84.33875,86.08135
2022-01-17 16:04:03.505758,84.31831,84.699,86.08135
2022-01-17 16:04:04.004361,84.05963,84.08,86.15958
2022-01-17 16:04:04.510496,84.36905,85.0085,86.15958
2022-01-17 16:04:05.011009,83.90492,84.28675,85.41406
2022-01-17 16:04:05.505884,84.00888,84.28675,85.41406
2022-01-17 16:04:06.004336,84.05963,84.4415,86.43479
2022-01-17 16:04:06.508768,84.11161,84.64825,86.43479
2022-01-17 16:04:07.007033,84.47302,84.90575,85.33489
2022-01-17 16:04:07.511000,84.26632,84.33875,85.33489
2022-01-17 16:04:08.010644,84.26632,84.54425,85.64968
2022-01-17 16:04:08.505292,84.11161,84.4415,85.64968
2022-01-17 16:04:09.003756,84.26632,84.803,85.49229
2022-01-17 16:04:09.510333,84.11161,84.4415,85.49229
2022-01-17 16:04:10.006287,83.80219,84.33875,85.88531
2022-01-17 16:04:10.509360,83.9569,84.4415,85.88531
2022-01-17 16:04:11.006998,84.36905,84.64825,85.80614
2022-01-17 16:04:11.501228,84.1636,84.4935,85.80614
2022-01-17 16:04:12.010097,84.1636,84.4415,86.08135
2022-01-17 16:04:12.506586,83.90492,84.23475,86.08135
2022-01-17 16:04:13.005870,84.21434,84.64825,85.68833
2022-01-17 16:04:13.502585,84.11161,84.54425,85.68833
2022-01-17 16:04:14.001660,84.1636,84.803,86.27739
2022-01-17 16:04:14.506729,84.36905,84.751,86.27739
2022-01-17 16:04:15.005443,84.1636,84.3895,85.49229
2022-01-17 16:04:15.504246,84.47302,84.699,85.49229
2022-01-17 16:04:16.002249,83.59549,84.184,85.64968
2022-01-17 16:04:16.508596,84.36905,84.699,85.29625
2022-01-17 16:04:17.007483,84.00888,84.3895,85.29625
2022-01-17 16:04:17.503350,84.1636,84.751,85.29625
2022-01-17 16:04:18.002266,83.64747,84.132,86.15958
2022-01-17 16:04:18.507257,84.57575,84.85375,86.15958
2022-01-17 16:04:19.006873,84.47302,84.3895,86.71
2022-01-17 16:04:19.502687,84.00888,84.4935,86.71
2022-01-17 16:04:20.004649,84.31831,84.59625,85.64968
2022-01-17 16:04:20.501834,84.00888,84.28675,85.64968
2022-01-17 16:04:21.010646,84.47302,85.0605,85.49229
2022-01-17 16:04:21.504493,83.44078,83.92525,85.49229
2022-01-17 16:04:22.002244,84.26632,84.699,86.31697
2022-01-17 16:04:22.508287,84.36905,84.33875,86.31697
2022-01-17 16:04:23.006939,84.36905,84.751,85.13885
2022-01-17 16:04:23.505512,84.36905,84.59625,85.13885
2022-01-17 16:04:24.004872,83.7502,84.02925,85.84572
2022-01-17 16:04:24.510957,84.78245,85.1125,85.84572
2022-01-17 16:04:25.009967,83.69946,84.28675,85.64968
2022-01-17 16:04:25.505881,84.52377,85.0085,85.64968
2022-01-17 16:04:26.009622,83.69946,83.66775,85.96354
2022-01-17 16:04:26.506147,84.73046,85.21525,85.96354
2022-01-17 16:04:27.004315,84.05963,84.3895,85.4527
2022-01-17 16:04:27.510314,84.26632,84.751,85.4527
2022-01-17 16:04:28.009341,84.26632,84.751,85.72791
2022-01-17 16:04:28.506825,83.7502,84.28675,85.72791
2022-01-17 16:04:29.005589,84.57575,85.0085,85.57051
2022-01-17 16:04:29.501138,83.80219,84.02925,85.57051
2022-01-17 16:04:30.009168,84.26632,84.59625,86.19916
2022-01-17 16:04:30.506225,84.21434,84.33875,86.19916
2022-01-17 16:04:31.005555,83.9569,84.4935,84.98145
2022-01-17 16:04:31.509972,84.57575,84.751,84.98145
2022-01-17 16:04:32.007353,83.80219,84.3895,86.98426
2022-01-17 16:04:32.503007,84.21434,84.59625,86.98426
2022-01-17 16:04:33.001711,83.69946,84.132,85.57051
2022-01-17 16:04:33.505778,84.26632,84.59625,85.57051
2022-01-17 16:04:34.004565,84.47302,84.59625,86.08135
2022-01-17 16:04:34.509846,84.26632,84.4935,86.08135
2022-01-17 16:04:35.009646,84.11161,84.4935,85.4527
2022-01-17 16:04:35.505956,83.9569,84.33875,85.4527
2022-01-17 16:04:36.004863,84.42104,84.90575,86.12093
2022-01-17 16:04:36.510124,83.85417,84.33875,86.12093
2022-01-17 16:04:37.008913,84.05963,84.3895,84.94281
2022-01-17 16:04:37.505871,84.67848,85.16325,84.94281
2022-01-17 16:04:38.003474,83.80219,84.132,85.88531
2022-01-17 16:04:38.507589,84.47302,84.85375,85.88531
2022-01-17 16:04:39.006574,84.11161,84.4415,85.21708
2022-01-17 16:04:39.502338,84.11161,84.64825,85.21708
2022-01-17 16:04:40.001162,83.9569,84.59625,85.7675
2022-01-17 16:04:40.507887,84.05963,84.4415,85.7675
2022-01-17 16:04:41.006638,84.26632,84.28675,86.74864
2022-01-17 16:04:41.503176,84.26632,84.803,86.74864
2022-01-17 16:04:42.505406,83.7502,84.02925,85.88531
2022-01-17 16:04:43.003132,84.73046,85.0605,85.29625
2022-01-17 16:04:43.508843,83.23532,83.61575,85.29625
2022-01-17 16:04:44.006335,84.42104,84.64825,86.12093
2022-01-17 16:04:44.504642,83.9569,84.132,86.12093
2022-01-17 16:04:45.002553,83.7502,83.66775,233.22916
2022-01-17 16:04:45.507526,84.67848,84.85375,233.22916
2022-01-17 16:04:46.004967,83.59549,83.8745,215.08604
2022-01-17 16:04:46.509695,84.36905,84.85375,215.08604
2022-01-17 16:04:47.008192,83.49276,83.97725,152.3702
2022-01-17 16:04:47.504388,84.21434,84.4415,152.3702
2022-01-17 16:04:48.002570,84.31831,84.4935,92.16801
2022-01-17 16:04:48.508562,84.00888,84.28675,92.16801
2022-01-17 16:04:49.007463,84.1636,84.132,93.85697
2022-01-17 16:04:49.502250,83.80219,84.28675,93.85697
2022-01-17 16:04:50.002206,84.31831,84.803,89.96916
2022-01-17 16:04:50.507861,83.59549,83.97725,89.96916
2022-01-17 16:04:51.007093,84.93716,85.37,88.16239
2022-01-17 16:04:51.502780,83.18334,83.66775,88.16239
2022-01-17 16:04:52.010572,84.73046,85.0605,86.51301
2022-01-17 16:04:52.506186,84.21434,84.4415,86.51301
2022-01-17 16:04:53.005677,84.11161,84.4415,85.72791
2022-01-17 16:04:53.501545,84.05963,84.54425,85.72791
2022-01-17 16:04:54.009994,84.00888,84.54425,86.15958
2022-01-17 16:04:54.504477,84.42104,84.699,86.15958
2022-01-17 16:04:55.003360,83.80219,84.184,86.35656
2022-01-17 16:04:55.509531,84.42104,84.699,86.35656
2022-01-17 16:04:56.007351,84.05963,84.23475,86.15958
2022-01-17 16:04:56.503468,84.57575,84.803,86.00312
2022-01-17 16:04:57.007396,84.05963,84.59625,86.00312
2022-01-17 16:04:57.502946,84.05963,84.59625,86.00312
2022-01-17 16:04:58.001486,84.78245,85.318,86.47437
2022-01-17 16:04:58.506485,83.7502,84.28675,86.47437
2022-01-17 16:04:59.007152,84.52377,84.751,85.57051
2022-01-17 16:04:59.502961,84.1636,84.33875,85.57051
2022-01-17 16:05:00.009977,84.21434,84.54425,86.08135
2022-01-17 16:05:00.501266,84.52377,85.0085,86.08135
2022-01-17 16:05:01.001167,83.90492,84.23475,86.67041
2022-01-17 16:05:01.508264,84.05963,84.54425,86.67041
2022-01-17 16:05:02.006413,84.36905,84.95775,85.29625
2022-01-17 16:05:02.510242,83.80219,84.132,85.29625
2022-01-17 16:05:03.009435,84.21434,84.59625,86.27739
2022-01-17 16:05:03.502954,84.47302,84.699,86.27739
2022-01-17 16:05:04.002043,84.21434,84.64825,85.7675
2022-01-17 16:05:04.508293,84.31831,84.803,85.7675
2022-01-17 16:05:05.006910,84.00888,84.3895,85.92395
2022-01-17 16:05:05.505829,84.05963,84.28675,85.92395
2022-01-17 16:05:06.005576,84.26632,84.751,85.96354
2022-01-17 16:05:06.502154,84.05963,84.59625,85.96354
2022-01-17 16:05:07.002200,84.05963,84.28675,85.7675
2022-01-17 16:05:07.507408,84.57575,84.85375,85.7675
2022-01-17 16:05:08.009875,84.05963,84.3895,86.04176
2022-01-17 16:05:08.507295,84.47302,84.95775,85.92395
2022-01-17 16:05:09.002482,84.00888,84.3895,85.92395
2022-01-17 16:05:09.508235,83.9569,84.33875,85.92395
2022-01-17 16:05:10.005690,83.90492,84.23475,86.5526
2022-01-17 16:05:10.509935,84.26632,84.4935,86.5526
2022-01-17 16:05:11.009235,84.31831,84.64825,85.41406
2022-01-17 16:05:11.505695,84.00888,84.64825,85.41406
2022-01-17 16:05:12.004177,84.05963,84.3895,85.41406
2022-01-17 16:05:12.508965,84.11161,84.4935,85.41406
2022-01-17 16:05:13.006922,84.67848,85.0085,85.92395
2022-01-17 16:05:13.501224,83.49276,84.28675,85.92395
2022-01-17 16:05:14.009124,84.31831,84.751,86.04176
2022-01-17 16:05:14.503557,84.31831,84.3895,86.04176
2022-01-17 16:05:15.002274,84.21434,84.85375,85.49229
2022-01-17 16:05:15.508356,84.26632,84.64825,85.49229
2022-01-17 16:05:16.006387,83.9569,84.3895,85.25666
2022-01-17 16:05:16.502667,84.57575,84.95775,85.25666
2022-01-17 16:05:17.001856,83.69946,84.28675,86.31697
2022-01-17 16:05:17.506437,84.52377,84.699,86.31697
2022-01-17 16:05:18.005433,84.05963,84.4415,85.72791
2022-01-17 16:05:18.509491,84.26632,84.699,85.72791
2022-01-17 16:05:19.007549,84.11161,84.54425,85.68833
2022-01-17 16:05:19.502480,83.69946,84.184,85.68833
2022-01-17 16:05:20.001958,84.57575,84.803,85.68833
2022-01-17 16:05:20.508970,83.80219,84.54425,85.68833
2022-01-17 16:05:21.007059,84.47302,84.54425,85.21708
2022-01-17 16:05:21.502910,84.00888,84.28675,85.21708
2022-01-17 16:05:22.001498,84.36905,84.54425,85.64968
2022-01-17 16:05:22.507028,84.26632,84.751,85.64968
2022-01-17 16:05:23.005767,83.64747,84.08,85.80614
2022-01-17 16:05:23.501251,84.36905,84.699,85.80614
2022-01-17 16:05:24.010576,84.05963,84.699,85.29625
2022-01-17 16:05:24.507345,84.1636,84.3895,85.29625
2022-01-17 16:05:25.006393,84.47302,84.85375,86.15958
2022-01-17 16:05:25.502708,84.05963,83.97725,86.15958
2022-01-17 16:05:26.001537,84.26632,84.64825,85.4527
2022-01-17 16:05:26.506943,83.90492,84.4415,85.4527
2022-01-17 16:05:27.004953,84.1636,84.64825,85.21708
2022-01-17 16:05:27.502485,84.00888,84.4415,85.21708
2022-01-17 16:05:28.001366,84.31831,84.803,85.96354
2022-01-17 16:05:28.505531,83.9569,84.54425,85.96354
2022-01-17 16:05:29.003383,84.42104,84.699,85.72791
2022-01-17 16:05:29.510224,84.36905,84.699,85.72791
2022-01-17 16:05:30.008793,84.11161,84.3895,85.80614
2022-01-17 16:05:30.503221,83.90492,84.4415,85.80614
2022-01-17 16:05:31.001434,84.11161,84.64825,85.6101
2022-01-17 16:05:31.508524,84.36905,84.699,85.6101
2022-01-17 16:05:32.006741,83.90492,84.33875,85.41406
2022-01-17 16:05:32.501510,83.90492,84.132,85.41406
2022-01-17 16:05:33.010895,84.78245,85.1125,85.92395
2022-01-17 16:05:33.504811,84.00888,84.28675,85.92395
2022-01-17 16:05:34.003872,84.1636,84.4935,86.3952
2022-01-17 16:05:34.508124,83.85417,84.33875,86.3952
2022-01-17 16:05:35.006499,84.05963,84.3895,85.25666
2022-01-17 16:05:35.508169,83.7502,84.4935,85.25666
2022-01-17 16:05:36.008863,84.42104,84.54425,85.68833
2022-01-17 16:05:36.505743,84.11161,84.28675,85.68833
2022-01-17 16:05:37.001681,84.42104,84.85375,85.7675
2022-01-17 16:05:37.508032,84.21434,84.54425,85.7675
2022-01-17 16:05:38.004231,83.7502,84.132,85.80614
2022-01-17 16:05:38.510896,84.62773,84.90575,85.80614
2022-01-17 16:05:39.010131,83.69946,84.33875,85.64968
2022-01-17 16:05:39.505439,84.00888,84.4415,85.64968
2022-01-17 16:05:40.004713,84.31831,84.64825,85.4527
2022-01-17 16:05:40.510234,84.21434,84.54425,85.4527
2022-01-17 16:05:41.008627,84.67848,84.803,85.4527
2022-01-17 16:05:41.502762,83.85417,84.33875,85.4527
2022-01-17 16:05:42.002816,84.05963,84.4935,86.15958
2022-01-17 16:05:42.508020,83.90492,84.33875,86.15958
2022-01-17 16:05:43.007509,84.05963,84.54425,85.49229
2022-01-17 16:05:44.005894,84.47302,84.699,85.41406
2022-01-17 16:05:44.501860,84.26632,84.4415,85.41406
2022-01-17 16:05:45.009958,84.1636,84.699,85.68833
2022-01-17 16:05:45.507457,84.52377,84.751,85.68833
2022-01-17 16:05:46.005189,83.59549,84.132,85.72791
2022-01-17 16:05:46.510203,84.36905,84.4935,85.72791
2022-01-17 16:05:47.009788,83.80219,84.54425,85.80614
2022-01-17 16:05:47.504319,84.05963,84.3895,85.80614
2022-01-17 16:05:48.003384,84.67848,84.95775,85.92395
2022-01-17 16:05:48.508306,83.90492,84.23475,85.92395
2022-01-17 16:05:49.010010,84.21434,84.4935,85.49229
2022-01-17 16:05:49.505787,84.52377,85.0605,85.49229
2022-01-17 16:05:50.002625,84.05963,84.08,85.41406
2022-01-17 16:05:50.506325,83.80219,84.54425,85.41406
2022-01-17 16:05:51.004571,84.1636,84.3895,85.6101
2022-01-17 16:05:51.510379,84.42104,84.59625,85.6101
2022-01-17 16:05:52.009582,83.9569,84.3895,84.86364
2022-01-17 16:05:52.507493,84.42104,84.751,84.86364
2022-01-17 16:05:53.005091,83.85417,84.28675,85.68833
2022-01-17 16:05:53.503228,84.42104,84.699,85.68833
2022-01-17 16:05:54.001134,83.80219,84.54425,85.80614
2022-01-17 16:05:54.505870,84.42104,84.64825,85.80614
2022-01-17 16:05:55.003659,84.26632,84.3895,86.35656
2022-01-17 16:05:55.510918,83.9569,84.33875,86.35656
2022-01-17 16:05:56.009688,84.36905,84.64825,85.64968
2022-01-17 16:05:56.506354,83.90492,84.54425,85.64968
2022-01-17 16:05:57.005014,84.31831,84.699,85.53187
2022-01-17 16:05:57.509690,83.90492,84.64825,85.53187
2022-01-17 16:05:58.008365,84.1636,84.4935,85.4527
2022-01-17 16:05:58.503471,84.47302,84.64825,85.4527
2022-01-17 16:05:59.002766,84.21434,84.33875,85.09926
2022-01-17 16:05:59.507413,84.36905,84.64825,85.09926
2022-01-17 16:06:00.006499,83.54475,84.28675,86.31697
2022-01-17 16:06:00.502649,84.47302,84.64825,86.31697
2022-01-17 16:06:01.011251,83.64747,84.33875,86.19916
2022-01-17 16:06:01.508215,84.73046,85.21525,86.19916
2022-01-17 16:06:02.006768,83.80219,84.33875,86.51301
2022-01-17 16:06:02.501741,84.31831,84.3895,86.51301
2022-01-17 16:06:03.008744,84.47302,84.54425,85.4527
2022-01-17 16:06:03.502903,83.80219,84.4935,85.4527
2022-01-17 16:06:04.002335,84.31831,84.59625,85.88531
2022-01-17 16:06:04.507641,83.54475,84.23475,85.88531
2022-01-17 16:06:05.007520,84.47302,84.803,85.41406
2022-01-17 16:06:05.502003,84.31831,84.803,85.41406
2022-01-17 16:06:06.002416,84.21434,84.3895,85.80614
2022-01-17 16:06:06.508616,84.26632,84.33875,85.80614
2022-01-17 16:06:07.008836,84.1636,84.699,85.7675
2022-01-17 16:06:07.504313,84.21434,84.4415,85.7675
2022-01-17 16:06:08.002827,84.11161,84.803,85.96354
2022-01-17 16:06:08.509003,84.21434,84.54425,85.96354
2022-01-17 16:06:09.005056,83.54475,84.28675,85.72791
2022-01-17 16:06:09.501431,84.73046,84.803,85.72791
2022-01-17 16:06:10.010485,84.47302,84.699,85.7675
2022-01-17 16:06:10.506871,84.1636,84.751,85.7675
2022-01-17 16:06:11.004457,84.11161,84.33875,85.7675
2022-01-17 16:06:11.509135,83.90492,84.3895,85.7675
2022-01-17 16:06:12.006557,84.31831,84.54425,85.13885
2022-01-17 16:06:12.502704,83.80219,84.64825,85.13885
2022-01-17 16:06:13.010668,84.21434,84.54425,86.51301
2022-01-17 16:06:13.507229,84.05963,84.184,86.51301
2022-01-17 16:06:14.006899,84.47302,84.803,85.7675
2022-01-17 16:06:14.501852,84.1636,84.54425,85.7675
2022-01-17 16:06:15.011151,84.1636,84.751,85.64968
2022-01-17 16:06:15.505037,83.90492,84.08,85.64968
2022-01-17 16:06:16.009006,83.9569,84.699,85.72791
2022-01-17 16:06:16.503753,84.26632,84.3895,85.72791
2022-01-17 16:06:17.002832,84.26632,84.59625,85.7675
2022-01-17 16:06:17.507225,84.21434,84.699,85.7675
2022-01-17 16:06:18.005605,84.31831,84.699,85.72791
2022-01-17 16:06:18.503011,83.80219,84.33875,85.72791
2022-01-17 16:06:19.002142,84.73046,85.0605,85.96354
2022-01-17 16:06:19.507347,83.90492,84.59625,85.96354
2022-01-17 16:06:20.008631,83.90492,84.54425,85.72791
2022-01-17 16:06:20.506848,84.11161,84.4935,85.72791
2022-01-17 16:06:21.004887,84.05963,84.4415,86.82781
2022-01-17 16:06:21.510870,84.42104,84.59625,86.82781
2022-01-17 16:06:22.008995,84.21434,84.85375,86.04176
2022-01-17 16:06:22.504415,84.11161,84.4415,86.04176
2022-01-17 16:06:23.009966,83.90492,84.4935,85.96354
2022-01-17 16:06:23.505127,84.57575,84.751,85.96354
2022-01-17 16:06:24.004661,83.80219,84.59625,85.96354
2022-01-17 16:06:24.509673,84.31831,84.751,85.96354
2022-01-17 16:06:25.008068,84.26632,84.28675,85.57051
2022-01-17 16:06:25.503999,84.26632,84.803,85.57051
2022-01-17 16:06:26.002001,84.47302,84.59625,85.17843
2022-01-17 16:06:26.507601,83.7502,84.4415,85.17843
2022-01-17 16:06:27.004774,84.26632,84.4415,85.80614
2022-01-17 16:06:27.505069,83.7502,84.23475,85.57051
2022-01-17 16:06:28.002566,84.52377,84.803,85.57051
2022-01-17 16:06:28.501892,84.11161,84.28675,85.57051
2022-01-17 16:06:29.001611,84.31831,84.803,86.47437
2022-01-17 16:06:29.507004,83.90492,84.08,86.47437
2022-01-17 16:06:30.005858,84.31831,84.90575,86.12093
2022-01-17 16:06:30.501714,84.11161,84.59625,86.12093
2022-01-17 16:06:31.010769,83.54475,84.23475,85.02104
2022-01-17 16:06:31.505198,84.78245,84.90575,85.02104
2022-01-17 16:06:32.004650,83.85417,83.8225,85.53187
2022-01-17 16:06:32.504205,84.42104,84.85375,85.53187
2022-01-17 16:06:33.001744,84.00888,84.4415,85.53187
2022-01-17 16:06:33.507415,84.05963,84.751,85.53187
2022-01-17 16:06:34.005452,84.1636,84.33875,85.68833
2022-01-17 16:06:34.502000,84.05963,84.751,85.68833
2022-01-17 16:06:35.001287,84.26632,84.59625,85.92395
2022-01-17 16:06:35.507754,84.21434,84.28675,85.92395
2022-01-17 16:06:36.005972,84.26632,84.54425,85.84572
2022-01-17 16:06:36.503585,83.9569,84.02925,85.84572
2022-01-17 16:06:37.002093,84.26632,85.0085,85.09926
2022-01-17 16:06:37.511256,83.9569,84.23475,85.09926
2022-01-17 16:06:38.009248,84.00888,84.54425,85.88531
2022-01-17 16:06:38.504906,84.21434,84.3895,85.88531
2022-01-17 16:06:39.002561,84.26632,84.699,86.04176
2022-01-17 16:06:39.509002,84.36905,84.4935,86.04176
2022-01-17 16:06:40.002384,84.11161,83.92525,85.29625
2022-01-17 16:06:40.506962,84.26632,84.95775,85.29625
2022-01-17 16:06:41.007485,84.11161,84.184,85.84572
2022-01-17 16:06:41.503822,84.05963,84.4935,85.84572
2022-01-17 16:06:42.001478,84.00888,84.33875,85.4527
2022-01-17 16:06:42.506718,84.1636,84.64825,85.4527
2022-01-17 16:06:43.005446,84.21434,84.4935,86.08135
2022-01-17 16:06:43.509182,84.62773,84.4935,86.08135
2022-01-17 16:06:44.007739,84.00888,84.59625,85.7675
2022-01-17 16:06:44.502352,84.21434,84.59625,85.7675
2022-01-17 16:06:45.003775,84.1636,84.64825,85.37447
2022-01-17 16:06:45.501151,84.1636,84.28675,85.37447
2022-01-17 16:06:46.010628,83.90492,84.54425,85.57051
2022-01-17 16:06:46.505507,84.26632,84.64825,85.57051
2022-01-17 16:06:47.004511,84.52377,84.54425,85.7675
2022-01-17 16:06:47.509155,83.7502,84.23475,85.7675
2022-01-17 16:06:48.006747,84.57575,84.85375,85.49229
2022-01-17 16:06:48.502535,83.9569,84.64825,85.49229
2022-01-17 16:06:49.003429,84.11161,84.33875,86.47437
2022-01-17 16:06:49.509533,83.80219,84.3895,86.47437
2022-01-17 16:06:50.009194,84.31831,84.64825,85.84572
2022-01-17 16:06:50.504964,84.1636,84.23475,85.84572
2022-01-17 16:06:51.003067,84.26632,84.90575,85.92395
2022-01-17 16:06:51.507473,84.11161,84.33875,85.92395
2022-01-17 16:06:52.005773,84.31831,84.803,85.68833
2022-01-17 16:06:52.510092,84.11161,84.184,85.68833
2022-01-17 16:06:53.008738,83.90492,84.59625,85.4527
2022-01-17 16:06:53.503796,84.36905,84.803,85.4527
2022-01-17 16:06:54.003581,84.21434,84.28675,85.41406
2022-01-17 16:06:54.510849,84.47302,84.699,85.41406
2022-01-17 16:06:55.009084,84.11161,84.33875,85.4527
2022-01-17 16:06:55.502463,84.1636,84.751,85.4527
2022-01-17 16:06:56.006114,84.47302,84.59625,85.68833
2022-01-17 16:06:56.506756,83.85417,84.28675,85.68833
2022-01-17 16:06:57.004739,84.21434,84.751,85.6101
2022-01-17 16:06:57.510657,83.90492,84.23475,85.6101
2022-01-17 16:06:58.009799,84.42104,84.85375,85.33489
2022-01-17 16:06:58.504859,84.1636,84.33875,85.33489
2022-01-17 16:06:59.004184,84.31831,84.90575,85.41406
2022-01-17 16:06:59.510836,84.31831,84.4935,85.41406
2022-01-17 16:07:00.008419,84.05963,84.4935,85.92395
2022-01-17 16:07:00.503409,84.1636,84.4935,85.92395
2022-01-17 16:07:01.002084,84.05963,84.54425,85.84572
2022-01-17 16:07:01.509798,84.1636,84.4935,85.84572
2022-01-17 16:07:02.008564,83.90492,84.02925,86.00312
2022-01-17 16:07:02.504618,84.36905,85.0085,86.00312
2022-01-17 16:07:03.003641,84.31831,84.54425,84.90322
2022-01-17 16:07:03.508243,84.36905,84.85375,84.90322
2022-01-17 16:07:04.006887,84.05963,84.33875,86.04176
2022-01-17 16:07:04.501739,83.59549,84.23475,86.04176
2022-01-17 16:07:05.001736,84.36905,84.751,85.33489
2022-01-17 16:07:05.507352,84.31831,84.4415,85.33489
2022-01-17 16:07:06.005254,83.54475,84.02925,86.27739
2022-01-17 16:07:07.004795,84.78245,85.0605,235.4676
2022-01-17 16:07:07.502305,83.69946,84.184,235.4676
2022-01-17 16:07:08.010282,83.9569,84.4415,227.7702
2022-01-17 16:07:08.506478,83.9569,84.23475,227.7702
2022-01-17 16:07:09.004181,83.90492,83.92525,180.0175
2022-01-17 16:07:09.510096,84.47302,84.85375,180.0175
2022-01-17 16:07:10.007465,84.11161,84.28675,108.70135
2022-01-17 16:07:10.502433,83.69946,84.02925,108.70135
2022-01-17 16:07:11.001928,84.1636,84.23475,89.18406
2022-01-17 16:07:11.507193,84.36905,84.90575,89.18406
2022-01-17 16:07:12.005087,83.59549,83.8745,95.93801
2022-01-17 16:07:12.510112,84.57575,84.64825,95.93801
2022-01-17 16:07:13.010975,83.69946,84.184,87.6525
2022-01-17 16:07:13.510055,84.83319,84.95775,87.6525
2022-01-17 16:07:14.009111,83.7502,84.23475,86.74864
2022-01-17 16:07:14.504303,84.52377,84.95775,86.74864
2022-01-17 16:07:15.003639,83.59549,84.02925,86.71
2022-01-17 16:07:15.509403,84.42104,84.90575,86.71
2022-01-17 16:07:16.008243,84.05963,84.3895,86.78822
2022-01-17 16:07:16.505238,84.52377,84.751,86.78822
2022-01-17 16:07:17.003859,84.26632,84.54425,85.96354
2022-01-17 16:07:17.509916,83.9569,84.54425,85.88531
2022-01-17 16:07:18.003273,84.36905,84.59625,85.88531
2022-01-17 16:07:18.510373,83.90492,84.4415,85.88531
2022-01-17 16:07:19.009648,84.62773,85.16325,87.69114
2022-01-17 16:07:19.503035,83.69946,84.3895,87.69114
2022-01-17 16:07:20.002375,84.52377,84.95775,86.04176
2022-01-17 16:07:20.508020,84.26632,84.28675,86.04176
2022-01-17 16:07:21.006655,84.57575,84.95775,85.33489
2022-01-17 16:07:21.501774,84.1636,84.64825,85.64968
2022-01-17 16:07:22.009932,83.59549,84.132,85.64968
2022-01-17 16:07:22.506183,84.21434,84.64825,85.64968
2022-01-17 16:07:23.004308,83.7502,84.184,86.08135
2022-01-17 16:07:23.509560,84.62773,85.26725,86.08135
2022-01-17 16:07:24.007132,84.11161,84.23475,85.7675
2022-01-17 16:07:24.502540,83.9569,84.28675,85.7675
2022-01-17 16:07:25.504853,84.26632,84.699,85.7675
2022-01-17 16:07:26.003554,84.11161,84.4415,85.96354
2022-01-17 16:07:26.510271,83.54475,83.97725,85.96354
2022-01-17 16:07:27.009808,84.57575,84.90575,86.15958
2022-01-17 16:07:27.506149,84.21434,84.23475,86.15958
2022-01-17 16:07:28.004263,84.36905,84.85375,86.04176
2022-01-17 16:07:28.502345,84.11161,84.28675,86.04176
2022-01-17 16:07:29.002253,84.11161,84.699,85.21708
2022-01-17 16:07:29.508674,84.31831,84.699,85.21708
2022-01-17 16:07:30.005593,83.85417,84.3895,85.53187
2022-01-17 16:07:30.502216,84.1636,84.699,85.53187
2022-01-17 16:07:31.009840,84.1636,84.23475,85.72791
2022-01-17 16:07:31.507911,84.31831,84.699,85.72791
2022-01-17 16:07:32.007310,84.31831,84.54425,85.21708
2022-01-17 16:07:32.502471,83.85417,84.3895,85.21708
2022-01-17 16:07:33.001139,84.52377,84.803,85.80614
2022-01-17 16:07:33.505752,83.69946,84.184,85.80614
2022-01-17 16:07:34.005541,84.42104,84.90575,85.92395
2022-01-17 16:07:34.501291,84.1636,84.751,85.92395
2022-01-17 16:07:35.001878,84.11161,84.54425,85.6101
2022-01-17 16:07:35.508672,84.31831,84.33875,85.6101
2022-01-17 16:07:36.005729,84.00888,84.59625,85.7675
2022-01-17 16:07:36.509991,84.88517,85.0085,85.7675
2022-01-17 16:07:37.007518,83.7502,84.184,86.08135
2022-01-17 16:07:37.502225,84.31831,84.751,86.08135
2022-01-17 16:07:38.001197,83.7502,84.132,85.25666
2022-01-17 16:07:38.506191,84.52377,84.95775,85.25666
2022-01-17 16:07:39.004758,84.42104,84.54425,85.57051
2022-01-17 16:07:39.511266,84.11161,84.64825,85.57051
2022-01-17 16:07:40.010379,84.26632,84.59625,85.80614
2022-01-17 16:07:40.504629,84.21434,84.4415,85.80614
2022-01-17 16:07:41.003143,84.31831,84.59625,85.13885
2022-01-17 16:07:41.508623,83.7502,84.28675,85.13885
2022-01-17 16:07:42.005438,84.36905,84.751,86.15958
2022-01-17 16:07:42.511023,84.00888,83.97725,86.15958
2022-01-17 16:07:43.008921,84.36905,84.85375,85.41406
2022-01-17 16:07:43.507603,84.36905,84.803,85.41406
2022-01-17 16:07:44.006891,84.05963,84.54425,85.96354
2022-01-17 16:07:44.504360,84.52377,84.95775,85.96354
2022-01-17 16:07:45.001123,83.44078,83.97725,86.15958
2022-01-17 16:07:45.505571,84.88517,85.318,86.15958
2022-01-17 16:07:46.004427,83.7502,83.92525,85.64968
2022-01-17 16:07:46.508571,84.1636,84.803,85.64968
2022-01-17 16:07:47.007540,83.9569,84.184,86.27739
2022-01-17 16:07:47.501348,84.31831,84.64825,86.27739
2022-01-17 16:07:48.010624,84.36905,84.85375,85.25666
2022-01-17 16:07:48.507359,83.44078,84.02925,85.25666
2022-01-17 16:07:49.009609,84.36905,84.85375,85.64968
2022-01-17 16:07:49.504726,84.26632,84.28675,85.64968
2022-01-17 16:07:50.003562,84.62773,84.90575,86.00312
2022-01-17 16:07:50.509100,83.9569,84.02925,86.00312
2022-01-17 16:07:51.009859,84.1636,84.54425,85.02104
2022-01-17 16:07:51.503574,84.05963,84.23475,85.02104
2022-01-17 16:07:52.001137,84.11161,84.64825,86.3952
2022-01-17 16:07:52.507440,84.31831,85.0085,86.3952
2022-01-17 16:07:53.010519,83.7502,83.97725,85.7675
2022-01-17 16:07:53.505583,84.73046,84.95775,85.7675
2022-01-17 16:07:54.003500,84.00888,84.08,85.68833
2022-01-17 16:07:54.508364,84.31831,84.54425,85.68833
2022-01-17 16:07:55.008453,84.36905,84.803,85.96354
2022-01-17 16:07:55.503872,83.69946,84.132,85.96354
2022-01-17 16:07:56.002341,84.21434,84.751,85.88531
2022-01-17 16:07:56.508279,84.05963,84.54425,85.88531
2022-01-17 16:07:57.005775,84.05963,84.33875,85.68833
2022-01-17 16:07:57.504962,84.57575,84.751,85.68833
2022-01-17 16:07:58.004442,84.05963,84.4415,85.84572
2022-01-17 16:07:58.506765,83.9569,84.3895,85.84572
2022-01-17 16:07:59.005631,84.31831,84.85375,85.29625
2022-01-17 16:07:59.502264,83.85417,84.54425,85.29625
2022-01-17 16:08:00.010049,83.69946,84.3895,85.21708
2022-01-17 16:08:00.507866,84.62773,84.85375,85.21708
2022-01-17 16:08:01.005466,84.62773,84.64825,85.84572
2022-01-17 16:08:01.502118,83.80219,84.23475,85.84572
2022-01-17 16:08:02.010718,84.47302,84.751,85.92395
2022-01-17 16:08:02.505073,83.85417,84.23475,85.92395
2022-01-17 16:08:03.001943,84.36905,84.90575,85.6101
2022-01-17 16:08:03.505760,83.7502,84.4415,85.6101
2022-01-17 16:08:04.004650,84.26632,84.54425,85.92395
2022-01-17 16:08:04.508685,84.47302,84.64825,85.92395
2022-01-17 16:08:05.005695,84.36905,84.54425,86.35656
2022-01-17 16:08:05.502504,84.05963,84.4415,86.35656
2022-01-17 16:08:06.011165,84.21434,84.54425,85.13885
2022-01-17 16:08:06.508001,84.05963,84.64825,85.13885
2022-01-17 16:08:07.004734,83.7502,84.28675,85.7675
2022-01-17 16:08:07.503847,84.26632,84.64825,85.7675
2022-01-17 16:08:08.002261,83.85417,84.02925,86.08135
2022-01-17 16:08:08.508676,84.52377,84.85375,86.08135
2022-01-17 16:08:09.008239,84.1636,84.54425,85.6101
2022-01-17 16:08:09.502815,83.85417,84.23475,85.6101
2022-01-17 16:08:10.000592,84.73046,85.16325,85.96354
2022-01-17 16:08:10.509372,83.54475,84.02925,85.96354
2022-01-17 16:08:11.007366,84.42104,84.90575,84.94281
2022-01-17 16:08:11.505605,83.90492,84.33875,84.94281
2022-01-17 16:08:12.002816,84.42104,84.751,86.15958
2022-01-17 16:08:12.508108,84.00888,84.23475,86.15958
2022-01-17 16:08:13.006024,84.42104,84.803,86.19916
2022-01-17 16:08:13.502338,83.90492,84.3895,86.19916
2022-01-17 16:08:14.001725,84.26632,84.54425,85.06062
2022-01-17 16:08:14.502096,84.52377,84.90575,85.06062
2022-01-17 16:08:15.001165,83.39003,83.7705,85.37447
2022-01-17 16:08:15.505924,84.73046,85.0605,85.37447
2022-01-17 16:08:16.003874,84.05963,84.23475,85.21708
2022-01-17 16:08:16.510359,84.42104,84.699,85.21708
2022-01-17 16:08:17.008223,84.1636,84.64825,85.96354
2022-01-17 16:08:17.504682,83.54475,83.97725,85.96354
2022-01-17 16:08:18.001917,84.47302,84.90575,86.15958
2022-01-17 16:08:18.507740,84.00888,84.28675,86.15958
2022-01-17 16:08:19.007843,84.11161,84.4415,85.25666
2022-01-17 16:08:19.504573,84.21434,84.4415,85.25666
2022-01-17 16:08:20.002851,83.9569,84.3895,86.12093
2022-01-17 16:08:20.508028,84.36905,84.803,86.12093
2022-01-17 16:08:21.006313,84.21434,84.64825,86.04176
2022-01-17 16:08:21.501954,84.11161,84.4935,86.04176
2022-01-17 16:08:22.010452,83.90492,84.4935,85.92395
2022-01-17 16:08:22.505283,84.26632,84.3895,85.92395
2022-01-17 16:08:23.005803,84.42104,84.699,85.88531
2022-01-17 16:08:23.501909,84.00888,84.59625,85.88531
2022-01-17 16:08:24.002839,84.1636,84.54425,86.59218
2022-01-17 16:08:24.507676,84.00888,84.4415,86.59218
2022-01-17 16:08:25.010806,84.36905,84.85375,85.72791
2022-01-17 16:08:25.507361,84.11161,84.4935,85.72791
2022-01-17 16:08:26.005817,84.00888,84.33875,85.7675
2022-01-17 16:08:26.501768,84.42104,84.59625,85.7675
2022-01-17 16:08:27.001336,84.26632,84.3895,85.41406
2022-01-17 16:08:27.506379,84.47302,84.803,85.41406
2022-01-17 16:08:28.006170,83.64747,84.08,85.21708
2022-01-17 16:08:28.503221,84.31831,84.751,85.21708
2022-01-17 16:08:29.001662,84.00888,84.28675,85.96354
2022-01-17 16:08:29.507791,84.42104,84.85375,85.96354
2022-01-17 16:08:30.005806,84.11161,84.54425,85.41406
2022-01-17 16:08:30.502628,84.21434,84.28675,85.41406
2022-01-17 16:08:31.001253,84.52377,84.699,85.80614
2022-01-17 16:08:31.507259,84.00888,84.4935,85.80614
2022-01-17 16:08:32.005082,84.62773,85.0605,85.92395
2022-01-17 16:08:32.510207,83.33805,83.7705,85.92395
2022-01-17 16:08:33.009127,84.62773,85.1125,85.13885
2022-01-17 16:08:33.503273,83.59549,84.184,85.13885
2022-01-17 16:08:34.001839,84.52377,84.85375,84.94281
2022-01-17 16:08:34.508684,84.42104,84.59625,84.94281
2022-01-17 16:08:35.007521,83.9569,84.184,85.53187
2022-01-17 16:08:35.506175,84.31831,84.751,85.53187
2022-01-17 16:08:36.006984,84.11161,84.59625,85.37447
2022-01-17 16:08:36.502808,84.31831,84.699,85.37447
2022-01-17 16:08:37.010894,83.64747,84.23475,85.57051
2022-01-17 16:08:37.505367,84.31831,84.54425,85.57051
2022-01-17 16:08:38.005805,84.26632,84.4415,86.08135
2022-01-17 16:08:38.503165,84.47302,84.90575,86.08135
2022-01-17 16:08:39.003460,84.1636,84.59625,86.19916
2022-01-17 16:08:39.509253,83.7502,84.23475,86.19916
2022-01-17 16:08:40.005868,84.62773,84.95775,85.96354
2022-01-17 16:08:40.502398,83.44078,84.132,85.96354
2022-01-17 16:08:41.002362,84.78245,84.95775,85.6101
2022-01-17 16:08:41.507124,83.90492,84.132,85.6101
2022-01-17 16:08:42.005587,83.9569,84.184,85.4527
2022-01-17 16:08:42.510402,84.31831,84.64825,85.4527
2022-01-17 16:08:43.008398,84.00888,84.3895,85.84572
2022-01-17 16:08:43.505563,84.21434,84.64825,85.84572
2022-01-17 16:08:44.003051,83.90492,84.54425,85.72791
2022-01-17 16:08:44.508490,83.90492,83.92525,85.72791
2022-01-17 16:08:45.004843,84.57575,84.803,85.17843
2022-01-17 16:08:45.509746,84.36905,84.4415,85.17843
2022-01-17 16:08:46.009684,84.1636,84.699,85.80614
2022-01-17 16:08:46.506235,84.00888,84.3895,85.80614
2022-01-17 16:08:47.004701,84.42104,84.751,85.25666
2022-01-17 16:08:47.501780,84.21434,84.64825,85.25666
2022-01-17 16:08:48.001129,84.11161,84.3895,85.57051
2022-01-17 16:08:48.507327,83.80219,84.184,85.57051
2022-01-17 16:08:49.005106,84.00888,84.184,86.00312
2022-01-17 16:08:49.501943,84.67848,85.0605,86.00312
2022-01-17 16:08:50.010623,83.90492,84.4415,85.7675
2022-01-17 16:08:50.505587,84.36905,84.64825,85.7675
2022-01-17 16:08:51.004060,83.90492,84.184,86.19916
2022-01-17 16:08:51.509395,84.52377,84.85375,86.19916
2022-01-17 16:08:52.001257,84.00888,84.54425,86.27739
2022-01-17 16:08:52.508860,84.00888,84.23475,86.27739
2022-01-17 16:08:53.006128,84.05963,84.54425,85.21708
2022-01-17 16:08:53.501645,84.1636,84.59625,85.21708
2022-01-17 16:08:54.009699,84.36905,84.90575,85.37447
2022-01-17 16:08:54.504502,83.85417,84.23475,85.37447
2022-01-17 16:08:55.002376,84.73046,85.0085,85.80614
2022-01-17 16:08:55.507674,83.39003,83.92525,85.80614
2022-01-17 16:08:56.005991,84.52377,84.59625,85.4527
2022-01-17 16:08:56.503474,84.62773,84.85375,85.4527
2022-01-17 16:08:57.011147,83.54475,84.08,85.57051
2022-01-17 16:08:57.505026,84.52377,84.90575,85.57051
2022-01-17 16:08:58.003214,83.7502,84.132,85.92395
2022-01-17 16:08:58.508605,84.67848,85.0085,85.92395
2022-01-17 16:08:59.006923,83.69946,84.33875,85.80614
2022-01-17 16:09:00.004656,84.1636,84.3895,85.96354
2022-01-17 16:09:00.508344,84.57575,84.95775,85.96354
2022-01-17 16:09:01.007895,84.21434,84.64825,85.53187
2022-01-17 16:09:01.503194,83.80219,84.28675,85.53187
2022-01-17 16:09:02.001400,84.47302,84.751,85.53187
2022-01-17 16:09:02.507686,83.64747,84.3895,85.53187
2022-01-17 16:09:03.005519,84.67848,84.85375,85.72791
2022-01-17 16:09:03.511312,83.9569,84.3895,85.72791
2022-01-17 16:09:04.009652,84.42104,84.751,85.64968
2022-01-17 16:09:04.504349,84.31831,84.54425,85.64968
2022-01-17 16:09:05.002828,83.69946,84.132,85.29625
2022-01-17 16:09:05.510149,84.26632,84.54425,85.29625
2022-01-17 16:09:06.008623,83.9569,84.59625,85.33489
2022-01-17 16:09:06.503995,84.1636,84.4935,85.33489
2022-01-17 16:09:07.002014,83.80219,84.3895,85.49229
2022-01-17 16:09:07.507514,84.73046,84.699,85.49229
2022-01-17 16:09:08.006182,84.21434,84.4935,86.08135
2022-01-17 16:09:09.005230,83.7502,84.132,85.88531
2022-01-17 16:09:09.510113,84.1636,84.699,85.88531
2022-01-17 16:09:10.007864,84.36905,84.751,85.88531
2022-01-17 16:09:10.505211,83.49276,84.28675,85.88531
2022-01-17 16:09:11.004357,84.31831,84.54425,85.7675
2022-01-17 16:09:11.509372,84.21434,84.4415,85.7675
2022-01-17 16:09:12.006469,84.57575,84.751,85.29625
2022-01-17 16:09:12.511071,83.9569,84.33875,85.29625
2022-01-17 16:09:13.009470,83.85417,84.4415,86.00312
2022-01-17 16:09:13.503603,84.1636,84.54425,86.00312
2022-01-17 16:09:14.001155,84.05963,84.699,85.29625
2022-01-17 16:09:14.507378,84.36905,84.64825,85.29625
2022-01-17 16:09:15.006432,84.31831,84.64825,85.84572
2022-01-17 16:09:15.502766,84.00888,84.23475,85.84572
2022-01-17 16:09:16.002522,84.42104,84.85375,85.33489
2022-01-17 16:09:16.507408,83.85417,84.4415,85.33489
2022-01-17 16:09:17.005095,84.31831,84.59625,86.43479
2022-01-17 16:09:17.502953,83.64747,84.3895,86.43479
2022-01-17 16:09:18.006200,84.26632,84.4415,85.25666
2022-01-17 16:09:18.509952,84.05963,84.23475,85.25666
2022-01-17 16:09:19.009387,84.1636,84.3895,85.68833
2022-01-17 16:09:19.504045,84.26632,84.54425,85.68833
2022-01-17 16:09:20.001819,83.9569,84.54425,85.49229
2022-01-17 16:09:20.506318,84.36905,84.64825,85.49229
2022-01-17 16:09:21.004329,83.80219,84.54425,85.57051
2022-01-17 16:09:21.510672,84.1636,84.3895,85.57051
2022-01-17 16:09:22.009972,84.31831,84.699,86.08135
2022-01-17 16:09:22.504944,84.42104,84.54425,86.08135
2022-01-17 16:09:23.002589,84.42104,84.59625,85.53187
2022-01-17 16:09:23.511006,83.59549,84.08,85.53187
2022-01-17 16:09:24.009478,84.31831,84.64825,84.94281
2022-01-17 16:09:24.504915,84.1636,84.699,84.94281
2022-01-17 16:09:25.002605,84.52377,84.85375,85.7675
2022-01-17 16:09:25.507421,83.69946,84.23475,85.7675
2022-01-17 16:09:26.006967,84.31831,84.4415,85.6101
2022-01-17 16:09:26.501061,84.26632,84.28675,85.6101
2022-01-17 16:09:27.002485,84.36905,84.90575,85.57051
2022-01-17 16:09:27.508313,84.1636,84.23475,85.57051
2022-01-17 16:09:28.009099,83.49276,83.92525,86.08135
2022-01-17 16:09:28.505985,84.00888,83.7705,86.08135
2022-01-17 16:09:29.005742,83.80219,84.4935,88.16239
2022-01-17 16:09:29.510791,84.67848,84.803,88.16239
2022-01-17 16:09:30.009141,83.69946,83.71975,228.04541
2022-01-17 16:09:30.504118,84.11161,84.4415,228.04541
2022-01-17 16:09:31.002546,83.90492,84.08,212.92583
2022-01-17 16:09:31.506731,84.36905,84.803,212.92583
2022-01-17 16:09:32.005074,84.11161,84.02925,134.97354
2022-01-17 16:09:32.502836,83.59549,84.28675,134.97354
2022-01-17 16:09:33.010663,84.67848,84.803,92.01156
2022-01-17 16:09:33.505705,83.69946,83.8745,92.01156
2022-01-17 16:09:34.004099,84.36905,84.64825,94.40645
2022-01-17 16:09:34.508687,83.7502,84.02925,94.40645
2022-01-17 16:09:35.006632,84.05963,84.54425,91.22551
2022-01-17 16:09:35.501759,84.47302,84.54425,91.22551
2022-01-17 16:09:36.011137,83.9569,84.85375,86.94562
2022-01-17 16:09:36.506326,84.1636,84.33875,86.94562
2022-01-17 16:09:37.004668,84.05963,84.3895,86.00312
2022-01-17 16:09:37.509720,84.42104,84.751,86.00312
2022-01-17 16:09:38.008616,83.90492,84.23475,86.35656
2022-01-17 16:09:38.502257,84.26632,84.699,86.35656
2022-01-17 16:09:39.002470,83.90492,84.23475,86.08135
2022-01-17 16:09:39.507911,84.21434,84.90575,86.08135
2022-01-17 16:09:40.007562,83.9569,84.33875,86.04176
2022-01-17 16:09:40.501667,84.31831,84.64825,86.04176
2022-01-17 16:09:41.010028,84.57575,84.59625,86.3952
2022-01-17 16:09:41.505805,84.26632,84.59625,86.3952
2022-01-17 16:09:42.003314,83.9569,84.4935,86.19916
2022-01-17 16:09:42.507902,84.42104,84.59625,86.19916
2022-01-17 16:09:43.005254,84.05963,84.64825,85.84572
2022-01-17 16:09:43.510971,84.1636,84.64825,85.84572
2022-01-17 16:09:44.008981,83.80219,84.33875,86.43479
2022-01-17 16:09:44.504768,84.31831,84.4935,86.43479
2022-01-17 16:09:45.003379,84.73046,85.0085,86.27739
2022-01-17 16:09:45.508365,84.1636,84.699,86.27739
2022-01-17 16:09:46.006857,84.11161,84.28675,85.80614
2022-01-17 16:09:46.501818,84.00888,84.64825,85.80614
2022-01-17 16:09:47.010397,84.26632,84.803,85.6101
2022-01-17 16:09:47.504218,84.05963,84.751,85.6101
2022-01-17 16:09:48.004287,83.9569,84.02925,86.23875
2022-01-17 16:09:48.509625,84.26632,84.4935,86.23875
2022-01-17 16:09:49.007227,84.36905,84.85375,85.64968
2022-01-17 16:09:49.501740,84.36905,84.699,85.64968
2022-01-17 16:09:50.011060,83.85417,84.4415,86.3952
2022-01-17 16:09:50.506717,84.11161,84.33875,86.3952
2022-01-17 16:09:51.005408,83.7502,84.54425,86.35656
2022-01-17 16:09:51.501215,84.62773,84.803,86.35656
2022-01-17 16:09:52.009534,84.52377,84.4935,85.68833
2022-01-17 16:09:52.504970,83.90492,84.4415,85.68833
2022-01-17 16:09:53.002849,84.47302,84.699,87.18125
2022-01-17 16:09:53.507042,84.26632,84.90575,87.18125
2022-01-17 16:09:54.005273,84.1636,84.54425,85.37447
2022-01-17 16:09:54.500910,83.7502,84.59625,85.37447
2022-01-17 16:09:55.009244,84.00888,84.33875,85.92395
2022-01-17 16:09:55.504414,84.31831,84.54425,85.92395
2022-01-17 16:09:56.004326,84.67848,85.0085,86.74864
2022-01-17 16:09:56.509876,84.05963,84.3895,86.74864
2022-01-17 16:09:57.008317,83.85417,84.4415,86.12093
2022-01-17 16:09:57.504057,84.36905,84.54425,86.12093
2022-01-17 16:09:58.001909,84.05963,84.803,85.37447
2022-01-17 16:09:58.506894,84.21434,84.4935,85.37447
2022-01-17 16:09:59.006564,84.00888,84.28675,85.68833
2022-01-17 16:09:59.502754,84.21434,84.64825,85.68833
2022-01-17 16:10:00.002255,84.42104,84.4935,85.13885
2022-01-17 16:10:00.504760,84.11161,84.85375,85.13885
2022-01-17 16:10:01.001149,84.52377,84.751,85.6101
2022-01-17 16:10:01.507329,84.00888,84.54425,85.6101
2022-01-17 16:10:02.006824,84.31831,84.64825,85.29625
2022-01-17 16:10:02.501296,84.00888,84.54425,85.29625
2022-01-17 16:10:03.009979,84.52377,84.85375,86.15958
2022-01-17 16:10:03.506388,84.1636,84.23475,86.15958
2022-01-17 16:10:04.003700,83.90492,84.4415,86.23875
2022-01-17 16:10:04.507067,84.11161,84.3895,86.23875
2022-01-17 16:10:05.005257,84.26632,84.803,85.7675
2022-01-17 16:10:05.510849,84.57575,84.54425,85.7675
2022-01-17 16:10:06.008776,84.05963,84.54425,85.64968
2022-01-17 16:10:06.502777,83.90492,84.184,85.64968
2022-01-17 16:10:07.011220,84.73046,84.751,85.4527
2022-01-17 16:10:07.506399,84.11161,84.699,85.4527
2022-01-17 16:10:08.004687,84.31831,84.54425,85.68833
2022-01-17 16:10:08.509526,83.85417,84.3895,85.68833
2022-01-17 16:10:09.008775,84.42104,84.59625,85.7675
2022-01-17 16:10:09.502778,83.90492,84.3895,85.7675
2022-01-17 16:10:10.001695,84.47302,84.90575,85.88531
2022-01-17 16:10:10.507876,84.11161,84.132,85.88531
2022-01-17 16:10:11.006406,84.05963,84.54425,85.7675
2022-01-17 16:10:11.501293,84.62773,85.1125,85.7675
2022-01-17 16:10:12.001489,83.9569,84.54425,86.12093
2022-01-17 16:10:12.506121,84.42104,84.59625,86.12093
2022-01-17 16:10:13.005703,83.80219,84.3895,86.5526
2022-01-17 16:10:13.510646,84.67848,84.95775,86.5526
2022-01-17 16:10:14.008932,84.26632,84.28675,85.4527
2022-01-17 16:10:14.504493,83.85417,84.3895,85.4527
2022-01-17 16:10:15.004694,84.31831,84.54425,85.84572
2022-01-17 16:10:15.510131,83.7502,84.54425,85.84572
2022-01-17 16:10:16.008288,84.62773,84.90575,85.33489
2022-01-17 16:10:16.506133,83.80219,84.3895,85.33489
2022-01-17 16:10:17.004065,84.31831,84.699,85.49229
2022-01-17 16:10:17.509104,84.00888,84.23475,85.49229
2022-01-17 16:10:18.007444,84.67848,84.85375,85.6101
2022-01-17 16:10:18.501793,83.9569,84.132,85.6101
2022-01-17 16:10:19.010763,83.90492,84.64825,85.88531
2022-01-17 16:10:19.507741,84.05963,84.54425,85.88531
2022-01-17 16:10:20.005748,83.9569,84.59625,85.41406
2022-01-17 16:10:20.510935,84.47302,84.803,85.41406
2022-01-17 16:10:21.001756,83.85417,84.33875,87.14166
2022-01-17 16:10:21.508249,84.47302,84.699,87.14166
2022-01-17 16:10:22.006257,83.7502,83.8225,84.825
2022-01-17 16:10:22.511162,84.83319,85.47275,84.825
2022-01-17 16:10:23.009243,83.9569,84.02925,85.29625
2022-01-17 16:10:23.505736,83.80219,84.28675,85.29625
2022-01-17 16:10:24.005065,84.21434,84.699,86.15958
2022-01-17 16:10:24.509790,83.80219,84.28675,86.15958
2022-01-17 16:10:25.009081,84.57575,84.90575,85.57051
2022-01-17 16:10:25.505092,84.21434,84.4415,85.57051
2022-01-17 16:10:26.002898,84.05963,84.64825,85.33489
2022-01-17 16:10:26.507756,84.42104,84.85375,85.33489
2022-01-17 16:10:27.006241,84.11161,84.4415,85.68833
2022-01-17 16:10:27.510931,84.1636,84.4935,85.68833
2022-01-17 16:10:28.008223,83.64747,84.3895,85.37447
2022-01-17 16:10:28.502220,84.36905,84.803,85.37447
2022-01-17 16:10:29.001202,84.1636,84.184,86.51301
2022-01-17 16:10:29.507779,84.11161,84.64825,86.51301
2022-01-17 16:10:30.008818,84.1636,84.4415,85.72791
2022-01-17 16:10:30.504711,84.26632,84.803,85.84572
2022-01-17 16:10:31.008992,84.00888,84.4415,85.84572
2022-01-17 16:10:31.503920,83.80219,84.3895,85.84572
2022-01-17 16:10:32.002261,84.42104,84.751,86.08135
2022-01-17 16:10:32.508288,84.1636,84.23475,86.08135
2022-01-17 16:10:33.005167,84.26632,84.803,85.41406
2022-01-17 16:10:33.510815,84.1636,84.4415,85.41406
2022-01-17 16:10:34.009764,84.00888,84.3895,85.06062
2022-01-17 16:10:34.505657,84.1636,84.54425,85.06062
2022-01-17 16:10:35.004023,83.54475,84.23475,85.7675
2022-01-17 16:10:35.508704,84.26632,84.64825,85.7675
2022-01-17 16:10:36.006982,84.1636,84.28675,85.06062
2022-01-17 16:10:36.502457,84.42104,84.751,85.06062
2022-01-17 16:10:37.010239,84.1636,84.4415,86.5526
2022-01-17 16:10:37.505347,83.90492,84.59625,86.5526
2022-01-17 16:10:38.003819,84.42104,84.59625,86.27739
2022-01-17 16:10:38.501793,83.7502,84.28675,86.27739
2022-01-17 16:10:39.010273,84.1636,84.54425,84.94281
2022-01-17 16:10:39.505137,83.9569,84.08,84.94281
2022-01-17 16:10:40.004959,84.47302,84.95775,86.78822
2022-01-17 16:10:40.502051,84.00888,84.28675,86.78822
2022-01-17 16:10:41.010602,84.52377,85.0085,85.68833
2022-01-17 16:10:41.504800,83.9569,84.23475,85.68833
2022-01-17 16:10:42.002177,84.11161,84.54425,85.49229
2022-01-17 16:10:42.509897,84.26632,84.751,85.49229
2022-01-17 16:10:43.009817,84.1636,84.54425,85.72791
2022-01-17 16:10:43.505024,84.1636,84.4935,85.72791
2022-01-17 16:10:44.002215,83.85417,83.97725,85.4527
2022-01-17 16:10:44.506787,84.57575,85.26725,85.4527
2022-01-17 16:10:45.004842,83.90492,84.132,85.49229
2022-01-17 16:10:45.501237,84.00888,84.4935,85.49229
2022-01-17 16:10:46.006892,84.31831,84.54425,85.6101
2022-01-17 16:10:46.509094,83.59549,84.132,85.6101
2022-01-17 16:10:47.005832,85.09187,85.52475,85.80614
2022-01-17 16:10:47.502245,83.90492,83.8745,85.80614
2022-01-17 16:10:48.004808,84.1636,84.803,85.84572
2022-01-17 16:10:48.506418,84.1636,84.3895,85.84572
2022-01-17 16:10:49.009586,84.52377,85.26725,86.08135
2022-01-17 16:10:49.503042,83.9569,84.3895,86.08135
2022-01-17 16:10:50.011152,83.69946,84.184,85.33489
2022-01-17 16:10:50.507065,84.21434,84.699,85.33489
2022-01-17 16:10:51.001473,84.73046,84.90575,85.37447
2022-01-17 16:10:51.506321,84.00888,84.4935,85.37447
2022-01-17 16:10:52.005668,84.1636,84.4935,87.06343
2022-01-17 16:10:52.501188,83.9569,84.59625,87.06343
2022-01-17 16:10:53.005970,84.21434,84.54425,85.33489
2022-01-17 16:10:53.505266,84.26632,84.85375,85.33489
2022-01-17 16:10:54.004946,84.05963,84.4415,85.68833
2022-01-17 16:10:54.502220,84.26632,84.28675,85.68833
2022-01-17 16:10:55.001734,84.31831,84.85375,85.41406
2022-01-17 16:10:55.507434,84.26632,84.4415,85.41406
2022-01-17 16:10:56.005730,83.9569,84.59625,85.41406
2022-01-17 16:10:56.501527,84.31831,84.54425,85.41406
2022-01-17 16:10:57.010383,84.11161,84.54425,86.12093
2022-01-17 16:10:57.504672,84.1636,84.64825,86.12093
2022-01-17 16:10:58.002776,84.31831,84.751,86.15958
2022-01-17 16:10:58.509237,84.1636,84.3895,86.15958
2022-01-17 16:10:59.008665,84.31831,84.33875,86.15958
2022-01-17 16:10:59.502646,83.80219,84.3895,86.15958
2022-01-17 16:11:00.003609,84.26632,84.4935,85.4527
2022-01-17 16:11:00.509568,83.85417,84.28675,85.4527
2022-01-17 16:11:01.007435,84.05963,84.4415,85.53187
2022-01-17 16:11:01.501961,83.90492,84.4415,85.53187
2022-01-17 16:11:02.010136,84.36905,84.803,85.37447
2022-01-17 16:11:02.503683,84.36905,84.4415,85.37447
2022-01-17 16:11:03.003652,84.1636,84.699,86.27739
2022-01-17 16:11:03.509164,84.31831,84.699,86.27739
2022-01-17 16:11:04.008309,83.7502,84.132,85.7675
2022-01-17 16:11:04.503828,84.47302,84.95775,85.7675
2022-01-17 16:11:05.004423,83.44078,83.97725,85.72791
2022-01-17 16:11:05.509611,84.52377,85.0605,85.72791
2022-01-17 16:11:06.008535,84.26632,84.3895,86.00312
2022-01-17 16:11:06.503975,84.21434,84.54425,86.00312
2022-01-17 16:11:07.004871,84.42104,84.90575,85.33489
2022-01-17 16:11:07.510147,84.42104,84.751,85.33489
2022-01-17 16:11:08.010292,83.80219,84.184,86.59218
2022-01-17 16:11:08.504620,83.80219,84.184,86.59218
2022-01-17 16:11:09.002211,84.73046,85.26725,85.4527
2022-01-17 16:11:09.508998,83.90492,83.97725,85.4527
2022-01-17 16:11:10.006242,84.31831,84.751,85.4527
2022-01-17 16:11:11.005161,84.26632,84.751,86.31697
2022-01-17 16:11:11.510195,84.47302,84.85375,86.31697
2022-01-17 16:11:12.009019,83.59549,84.184,85.68833
2022-01-17 16:11:12.504157,84.1636,84.64825,85.68833
2022-01-17 16:11:13.001655,84.21434,84.33875,85.33489
2022-01-17 16:11:13.506526,84.57575,84.803,85.33489
2022-01-17 16:11:14.005525,84.36905,84.4935,85.84572
2022-01-17 16:11:14.504728,83.64747,83.97725,85.84572
2022-01-17 16:11:15.003379,84.11161,84.4935,86.08135
2022-01-17 16:11:15.508872,84.21434,84.751,86.08135
2022-01-17 16:11:16.007785,84.11161,84.699,85.7675
2022-01-17 16:11:16.501659,84.05963,84.33875,85.7675
2022-01-17 16:11:17.009581,84.05963,84.3895,86.43479
2022-01-17 16:11:17.504425,84.1636,84.3895,86.43479
2022-01-17 16:11:18.002403,84.31831,84.90575,85.84572
2022-01-17 16:11:18.507317,84.42104,84.751,85.84572
2022-01-17 16:11:19.007509,83.80219,84.3895,86.71
2022-01-17 16:11:19.502454,84.11161,84.54425,86.71
2022-01-17 16:11:20.001170,84.11161,84.59625,85.41406
2022-01-17 16:11:20.508816,84.21434,84.64825,85.41406
2022-01-17 16:11:21.007439,84.62773,84.751,86.12093
2022-01-17 16:11:21.501910,83.64747,84.184,86.12093
2022-01-17 16:11:22.001643,84.42104,84.95775,85.37447
2022-01-17 16:11:22.506437,84.05963,84.4935,85.37447
2022-01-17 16:11:23.004459,84.1636,84.699,85.96354
2022-01-17 16:11:23.510123,83.90492,84.28675,85.96354
2022-01-17 16:11:24.009223,84.47302,84.751,85.72791
2022-01-17 16:11:24.505553,84.21434,84.23475,85.72791
2022-01-17 16:11:25.006182,83.9569,84.4415,86.71
2022-01-17 16:11:25.509325,84.21434,84.59625,86.71
2022-01-17 16:11:26.008731,83.85417,84.28675,85.53187
2022-01-17 16:11:26.505160,84.42104,84.95775,85.53187
2022-01-17 16:11:27.003812,83.44078,83.92525,86.43479
2022-01-17 16:11:27.510124,84.93716,85.1125,86.43479
2022-01-17 16:11:28.008998,84.26632,84.33875,85.6101
2022-01-17 16:11:28.504257,84.21434,84.59625,85.6101
2022-01-17 16:11:29.002374,84.1636,84.59625,85.4527
2022-01-17 16:11:29.508423,83.85417,84.28675,85.4527
2022-01-17 16:11:30.006208,84.31831,85.0085,85.6101
2022-01-17 16:11:30.502906,83.54475,84.08,85.6101
2022-01-17 16:11:31.001084,84.47302,85.0085,85.57051
2022-01-17 16:11:31.505157,84.1636,84.184,85.57051
2022-01-17 16:11:32.003249,84.62773,84.90575,86.31697
2022-01-17 16:11:32.509942,83.90492,84.23475,86.31697
2022-01-17 16:11:33.007766,83.9569,84.3895,85.37447
2022-01-17 16:11:33.503192,84.57575,84.95775,85.37447
2022-01-17 16:11:34.010617,83.69946,84.23475,85.84572
2022-01-17 16:11:34.506023,84.47302,85.0085,85.84572
2022-01-17 16:11:35.002347,83.80219,84.08,85.6101
2022-01-17 16:11:35.507789,84.73046,85.1125,85.6101
2022-01-17 16:11:36.007425,84.05963,84.3895,86.51301
2022-01-17 16:11:36.502049,84.11161,84.4935,86.51301
2022-01-17 16:11:37.010573,83.90492,84.28675,86.15958
2022-01-17 16:11:37.506356,83.9569,84.23475,86.15958
2022-01-17 16:11:38.005757,84.21434,84.64825,85.02104
2022-01-17 16:11:39.005014,84.00888,84.28675,85.37447
2022-01-17 16:11:39.511006,84.1636,84.33875,85.37447
2022-01-17 16:11:40.009062,84.36905,84.751,85.49229
2022-01-17 16:11:40.503832,84.11161,84.4415,85.49229
2022-01-17 16:11:41.002519,84.11161,84.64825,85.80614
2022-01-17 16:11:41.508156,84.05963,84.54425,85.80614
2022-01-17 16:11:42.005716,83.64747,84.132,85.57051
2022-01-17 16:11:42.510330,84.47302,84.803,85.57051
2022-01-17 16:11:43.008914,84.42104,84.54425,85.80614
2022-01-17 16:11:43.504251,83.7502,84.184,85.80614
2022-01-17 16:11:44.002675,84.36905,84.803,85.88531
2022-01-17 16:11:44.507989,84.05963,84.4935,85.88531
2022-01-17 16:11:45.006370,84.26632,84.751,85.88531
2022-01-17 16:11:45.501310,83.69946,84.28675,85.88531
2022-01-17 16:11:46.001764,84.1636,84.54425,86.23875
2022-01-17 16:11:46.508025,84.47302,84.4935,86.23875
2022-01-17 16:11:47.006235,84.11161,84.4415,85.6101
2022-01-17 16:11:47.501246,84.1636,84.59625,85.6101
2022-01-17 16:11:48.009802,83.90492,84.3895,85.29625
2022-01-17 16:11:48.504308,84.57575,85.0085,85.29625
2022-01-17 16:11:49.002382,83.85417,84.3895,86.3952
2022-01-17 16:11:49.506603,84.36905,84.64825,86.3952
2022-01-17 16:11:50.004996,84.00888,84.23475,85.72791
2022-01-17 16:11:50.501702,84.36905,84.59625,85.72791
2022-01-17 16:11:51.009839,83.9569,84.184,85.6101
2022-01-17 16:11:51.505303,83.64747,83.8745,85.6101
2022-01-17 16:11:52.005131,84.47302,84.85375,233.26875
2022-01-17 16:11:52.509176,83.44078,83.8745,233.26875
2022-01-17 16:11:53.008790,84.62773,84.90575,216.02854
2022-01-17 16:11:53.506107,83.54475,83.71975,216.02854
2022-01-17 16:11:54.003767,84.11161,84.28675,168.23625
2022-01-17 16:11:54.510207,84.78245,84.751,168.23625
2022-01-17 16:11:55.001265,83.59549,83.97725,100.72968
2022-01-17 16:11:55.506820,84.21434,84.59625,100.72968
2022-01-17 16:11:56.004185,83.59549,83.92525,94.21041
2022-01-17 16:11:56.509500,84.42104,84.85375,94.21041
2022-01-17 16:11:57.009366,83.7502,84.02925,94.52426
2022-01-17 16:11:57.504719,84.26632,84.54425,94.52426
2022-01-17 16:11:58.001472,84.42104,84.4935,87.6525
2022-01-17 16:11:58.506797,84.11161,84.54425,87.6525
2022-01-17 16:11:59.005664,84.36905,85.0085,86.67041
2022-01-17 16:11:59.501927,83.49276,84.132,86.67041
2022-01-17 16:12:00.001505,84.52377,85.0085,86.12093
2022-01-17 16:12:00.506903,83.59549,84.184,86.12093
2022-01-17 16:12:01.006139,84.67848,84.95775,86.59218
2022-01-17 16:12:01.502069,84.21434,84.33875,86.59218
2022-01-17 16:12:02.010911,84.31831,84.59625,85.64968
2022-01-17 16:12:02.506330,83.90492,84.4935,85.64968
2022-01-17 16:12:03.004633,84.1636,84.59625,86.90604
2022-01-17 16:12:03.501141,84.21434,84.64825,86.90604
2022-01-17 16:12:04.010117,83.85417,84.4935,86.31697
2022-01-17 16:12:04.504351,84.52377,84.751,86.31697
2022-01-17 16:12:05.001360,84.11161,84.3895,86.15958
2022-01-17 16:12:05.506655,84.42104,84.85375,86.15958
2022-01-17 16:12:06.005590,84.00888,84.33875,85.41406
2022-01-17 16:12:06.501105,84.05963,84.64825,85.41406
2022-01-17 16:12:07.008067,84.36905,84.803,85.68833
2022-01-17 16:12:07.505086,83.85417,84.4415,85.68833
2022-01-17 16:12:08.002290,84.21434,84.4415,85.4527
2022-01-17 16:12:08.508148,84.52377,84.803,85.4527
2022-01-17 16:12:09.006289,84.42104,84.699,85.6101
2022-01-17 16:12:09.503355,84.36905,84.751,85.6101
2022-01-17 16:12:10.010777,83.9569,84.3895,85.96354
2022-01-17 16:12:10.505078,84.21434,84.699,85.96354
2022-01-17 16:12:11.002968,84.21434,84.699,86.78822
2022-01-17 16:12:11.508389,84.05963,84.59625,86.78822
2022-01-17 16:12:12.006487,83.7502,84.23475,86.78822
2022-01-17 16:12:12.503512,84.62773,84.751,86.78822
2022-01-17 16:12:13.000937,84.1636,84.751,86.43479
2022-01-17 16:12:13.506836,84.21434,84.59625,86.43479
2022-01-17 16:12:14.005701,84.42104,84.699,86.12093
2022-01-17 16:12:14.501254,83.85417,84.23475,86.12093
2022-01-17 16:12:15.010172,84.31831,84.751,85.53187
2022-01-17 16:12:15.509466,84.11161,84.699,85.53187
2022-01-17 16:12:16.008832,84.1636,84.3895,85.6101
2022-01-17 16:12:16.503210,84.62773,84.95775,85.6101
2022-01-17 16:12:17.001350,83.9569,84.4415,85.53187
2022-01-17 16:12:17.506487,84.57575,85.0085,85.53187
2022-01-17 16:12:18.004910,84.11161,84.33875,85.80614
2022-01-17 16:12:18.502028,84.36905,84.803,85.80614
2022-01-17 16:12:19.001920,83.59549,84.132,85.84572
2022-01-17 16:12:19.509419,84.52377,85.0085,85.84572
2022-01-17 16:12:20.007196,84.05963,84.33875,85.84572
2022-01-17 16:12:20.501884,84.21434,84.699,85.84572
2022-01-17 16:12:21.010879,84.11161,84.4935,86.31697
2022-01-17 16:12:21.506042,84.05963,84.33875,86.31697
2022-01-17 16:12:22.007459,84.52377,85.0085,85.53187
2022-01-17 16:12:22.502720,83.49276,84.184,85.53187
2022-01-17 16:12:23.003052,84.21434,84.33875,86.71
2022-01-17 16:12:23.509918,84.11161,84.3895,86.71
2022-01-17 16:12:24.007928,84.21434,84.64825,85.6101
2022-01-17 16:12:24.503700,84.42104,84.699,85.6101
2022-01-17 16:12:25.001746,83.85417,83.97725,85.64968
2022-01-17 16:12:25.507608,84.1636,84.59625,85.64968
2022-01-17 16:12:26.006330,84.05963,84.699,85.37447
2022-01-17 16:12:26.502464,84.11161,84.4415,85.37447
2022-01-17 16:12:27.001622,84.26632,84.59625,85.64968
2022-01-17 16:12:27.508779,84.47302,84.64825,85.64968
2022-01-17 16:12:28.007495,84.11161,84.4935,85.17843
2022-01-17 16:12:28.505815,84.05963,84.54425,85.17843
2022-01-17 16:12:29.004096,84.21434,84.4415,87.06343
2022-01-17 16:12:29.510116,83.9569,84.59625,87.06343
2022-01-17 16:12:30.008916,84.21434,84.4415,85.41406
2022-01-17 16:12:30.502824,83.85417,84.28675,85.41406
2022-01-17 16:12:31.504800,84.36905,84.90575,85.96354
2022-01-17 16:12:32.001538,84.00888,84.4935,86.94562
2022-01-17 16:12:32.509659,83.9569,84.184,86.94562
2022-01-17 16:12:33.005373,84.11161,84.64825,85.17843
2022-01-17 16:12:33.510169,84.05963,84.4935,85.17843
2022-01-17 16:12:34.007208,84.1636,84.54425,85.6101
2022-01-17 16:12:34.501126,83.90492,84.08,85.6101
2022-01-17 16:12:35.009041,84.57575,84.85375,86.04176
2022-01-17 16:12:35.503768,84.11161,84.64825,86.04176
2022-01-17 16:12:36.004913,84.42104,84.751,85.37447
2022-01-17 16:12:36.510806,83.69946,84.184,85.37447
2022-01-17 16:12:37.010989,84.47302,84.699,85.6101
2022-01-17 16:12:37.506530,83.59549,84.3895,85.6101
2022-01-17 16:12:38.005627,84.57575,84.59625,85.84572
2022-01-17 16:12:38.510288,84.57575,84.85375,85.84572
2022-01-17 16:12:39.009221,83.54475,84.132,86.71
2022-01-17 16:12:39.502940,84.26632,84.751,86.71
2022-01-17 16:12:40.001986,84.21434,84.803,85.37447
2022-01-17 16:12:40.506664,84.21434,84.4415,85.37447
2022-01-17 16:12:41.007391,83.85417,84.4415,85.68833
2022-01-17 16:12:41.507244,83.80219,84.02925,85.68833
2022-01-17 16:12:42.007091,84.73046,84.85375,85.25666
2022-01-17 16:12:42.503114,84.42104,84.85375,85.25666
2022-01-17 16:12:43.002433,84.26632,84.59625,86.63083
2022-01-17 16:12:43.509280,83.85417,84.28675,86.63083
2022-01-17 16:12:44.003991,84.57575,85.1125,86.04176
2022-01-17 16:12:44.509334,83.64747,84.33875,86.04176
2022-01-17 16:12:45.008137,84.52377,84.751,85.57051
2022-01-17 16:12:45.504826,83.85417,84.08,85.57051
2022-01-17 16:12:46.003436,84.62773,84.90575,86.08135
2022-01-17 16:12:46.509022,84.26632,84.54425,86.08135
2022-01-17 16:12:47.006493,83.69946,84.28675,85.57051
2022-01-17 16:12:47.504142,84.67848,84.95775,85.57051
2022-01-17 16:12:48.001941,83.7502,84.33875,86.51301
2022-01-17 16:12:48.506793,84.1636,84.54425,86.51301
2022-01-17 16:12:49.006243,83.9569,84.3895,86.08135
2022-01-17 16:12:49.502391,84.31831,84.54425,86.08135
2022-01-17 16:12:50.001752,84.52377,84.64825,85.13885
2022-01-17 16:12:50.501176,84.11161,84.59625,85.13885
2022-01-17 16:12:51.001470,83.90492,84.132,86.3952
2022-01-17 16:12:51.507413,84.05963,84.699,86.3952
2022-01-17 16:12:52.006470,84.42104,84.699,85.68833
2022-01-17 16:12:52.501898,83.90492,84.751,85.68833
2022-01-17 16:12:53.505198,84.47302,84.90575,85.37447
2022-01-17 16:12:54.002893,84.21434,84.4935,85.7675
2022-01-17 16:12:54.508239,84.05963,84.3895,85.7675
2022-01-17 16:12:55.006853,83.9569,84.4415,86.27739
2022-01-17 16:12:55.504203,84.11161,84.184,86.27739
2022-01-17 16:12:56.004349,83.90492,84.751,85.25666
2022-01-17 16:12:56.501178,84.1636,84.54425,85.25666
2022-01-17 16:12:57.010170,84.36905,84.54425,86.67041
2022-01-17 16:12:57.504933,84.21434,84.54425,86.67041
2022-01-17 16:12:58.003399,84.1636,84.54425,85.13885
2022-01-17 16:12:58.508598,84.36905,84.751,85.13885
2022-01-17 16:12:59.006941,84.1636,84.4415,86.31697
2022-01-17 16:12:59.501703,83.85417,84.751,86.31697
2022-01-17 16:13:00.010595,84.36905,84.59625,86.67041
2022-01-17 16:13:00.506888,84.36905,84.64825,86.67041
2022-01-17 16:13:01.005005,83.85417,84.184,85.68833
2022-01-17 16:13:01.510354,84.62773,84.85375,85.68833
2022-01-17 16:13:02.008599,83.64747,84.184,85.53187
2022-01-17 16:13:02.504624,84.62773,84.751,85.53187
2022-01-17 16:13:03.001841,84.11161,84.699,85.6101
2022-01-17 16:13:03.508365,83.90492,84.28675,85.6101
2022-01-17 16:13:04.006768,84.31831,84.59625,85.64968
2022-01-17 16:13:04.503462,84.1636,84.33875,85.64968
2022-01-17 16:13:05.002290,84.36905,84.59625,85.72791
2022-01-17 16:13:05.508605,83.69946,84.23475,85.72791
2022-01-17 16:13:06.005746,84.36905,84.64825,86.15958
2022-01-17 16:13:06.502351,83.85417,84.4935,86.15958
2022-01-17 16:13:07.002754,84.42104,84.751,86.74864
2022-01-17 16:13:07.506996,84.05963,84.64825,86.74864
2022-01-17 16:13:08.005655,84.26632,84.33875,86.19916
2022-01-17 16:13:08.503558,84.62773,84.90575,86.19916
2022-01-17 16:13:09.003141,83.80219,84.33875,86.31697
2022-01-17 16:13:09.509162,84.52377,84.699,86.31697
2022-01-17 16:13:10.007521,83.54475,84.23475,85.53187
2022-01-17 16:13:10.502536,84.73046,85.16325,85.53187
2022-01-17 16:13:11.011228,83.59549,84.02925,86.23875
2022-01-17 16:13:11.506942,84.26632,84.59625,86.23875
2022-01-17 16:13:12.006034,84.42104,84.4415,85.02104
2022-01-17 16:13:12.501319,84.00888,84.699,85.02104
2022-01-17 16:13:13.001627,84.05963,84.4935,85.53187
2022-01-17 16:13:13.506235,83.85417,84.3895,85.53187
2022-01-17 16:13:14.003787,84.47302,84.64825,85.96354
2022-01-17 16:13:14.508686,83.69946,84.33875,85.96354
2022-01-17 16:13:15.006345,84.57575,84.59625,85.4527
2022-01-17 16:13:15.502002,84.05963,84.132,85.4527
2022-01-17 16:13:16.001518,84.26632,84.699,86.63083
2022-01-17 16:13:16.507384,84.11161,84.28675,86.63083
2022-01-17 16:13:17.006086,84.1636,84.803,85.92395
2022-01-17 16:13:17.503448,84.05963,84.23475,85.92395
2022-01-17 16:13:18.011093,83.90492,84.59625,85.53187
2022-01-17 16:13:18.507064,84.52377,84.54425,85.53187
2022-01-17 16:13:19.005131,84.11161,84.28675,86.12093
2022-01-17 16:13:19.509784,84.78245,85.21525,86.12093
2022-01-17 16:13:20.006710,83.85417,84.08,85.80614
2022-01-17 16:13:20.501138,84.05963,84.59625,85.80614
2022-01-17 16:13:21.010275,84.31831,84.59625,85.41406
2022-01-17 16:13:21.505308,83.69946,84.59625,85.41406
2022-01-17 16:13:22.005539,84.36905,84.64825,85.29625
2022-01-17 16:13:22.501447,83.85417,83.97725,85.29625
2022-01-17 16:13:23.010101,84.78245,84.90575,85.68833
2022-01-17 16:13:23.505611,84.26632,84.4935,85.68833
2022-01-17 16:13:24.003726,83.85417,84.4415,84.98145
2022-01-17 16:13:24.509331,84.11161,84.23475,84.98145
2022-01-17 16:13:25.008543,83.85417,84.54425,86.74864
2022-01-17 16:13:25.505212,84.36905,84.699,86.74864
2022-01-17 16:13:26.004450,84.00888,84.4415,85.17843
2022-01-17 16:13:26.501433,84.11161,84.59625,85.17843
2022-01-17 16:13:27.011046,84.47302,84.4415,86.63083
2022-01-17 16:13:27.505866,84.05963,84.4935,86.63083
2022-01-17 16:13:28.005089,84.31831,84.4415,86.51301
2022-01-17 16:13:28.510361,84.00888,84.64825,86.51301
2022-01-17 16:13:29.008080,84.26632,84.59625,86.23875
2022-01-17 16:13:29.503438,84.05963,84.4415,86.23875
2022-01-17 16:13:30.001739,83.90492,84.08,85.6101
2022-01-17 16:13:30.507026,84.47302,84.59625,85.6101
2022-01-17 16:13:31.005411,84.26632,84.803,85.7675
2022-01-17 16:13:31.501225,84.1636,84.08,85.7675
2022-01-17 16:13:32.009827,83.90492,84.4935,85.68833
2022-01-17 16:13:32.507853,84.21434,84.64825,85.68833
2022-01-17 16:13:33.005766,83.80219,84.4415,86.12093
2022-01-17 16:13:33.502911,84.42104,84.751,86.12093
2022-01-17 16:13:34.001328,84.26632,84.33875,85.4527
2022-01-17 16:13:34.506753,84.1636,84.699,85.4527
2022-01-17 16:13:35.005381,84.36905,84.699,86.51301
2022-01-17 16:13:35.502912,84.21434,84.85375,86.51301
2022-01-17 16:13:36.010290,84.21434,84.3895,86.04176
2022-01-17 16:13:36.505851,83.90492,84.54425,86.04176
2022-01-17 16:13:37.005000,84.11161,84.59625,86.04176
2022-01-17 16:13:37.510849,84.21434,84.4935,86.04176
2022-01-17 16:13:38.008889,84.21434,84.54425,85.6101
2022-01-17 16:13:38.503744,84.11161,84.3895,85.6101
2022-01-17 16:13:39.001452,84.26632,84.751,85.88531
2022-01-17 16:13:39.507282,84.31831,84.54425,85.88531
2022-01-17 16:13:40.006876,83.9569,84.699,84.825
2022-01-17 16:13:40.502589,84.26632,84.4935,84.825
2022-01-17 16:13:41.001452,83.80219,84.08,85.64968
2022-01-17 16:13:41.508424,84.67848,85.0605,85.64968
2022-01-17 16:13:42.005784,83.85417,83.97725,85.64968
2022-01-17 16:13:42.501073,84.05963,84.803,85.64968
2022-01-17 16:13:43.009491,84.1636,84.4415,86.51301
2022-01-17 16:13:43.504067,84.26632,84.699,86.51301
2022-01-17 16:13:44.001695,84.42104,84.64825,86.47437
2022-01-17 16:13:44.509744,83.90492,84.33875,86.47437
2022-01-17 16:13:45.007656,84.47302,84.59625,85.96354
2022-01-17 16:13:45.503555,84.05963,84.28675,85.96354
2022-01-17 16:13:46.001350,84.47302,85.16325,85.09926
2022-01-17 16:13:46.507293,84.11161,84.54425,85.09926
2022-01-17 16:13:47.005219,83.9569,84.59625,86.71
2022-01-17 16:13:47.501166,84.21434,84.4935,86.71
2022-01-17 16:13:48.009146,84.05963,84.751,85.72791
2022-01-17 16:13:48.504833,84.21434,84.64825,85.72791
2022-01-17 16:13:49.002779,84.47302,84.54425,86.08135
2022-01-17 16:13:49.509304,84.1636,84.751,86.08135
2022-01-17 16:13:50.009014,83.90492,84.3895,85.92395
2022-01-17 16:13:50.504106,84.00888,84.59625,85.92395
2022-01-17 16:13:51.003014,84.1636,84.4415,86.23875
2022-01-17 16:13:51.508229,84.11161,84.59625,86.23875
2022-01-17 16:13:52.006413,84.11161,84.4415,84.98145
2022-01-17 16:13:52.502242,84.52377,84.4935,84.98145
2022-01-17 16:13:53.505653,84.36905,84.803,85.96354
2022-01-17 16:13:54.005756,84.21434,84.85375,85.41406
2022-01-17 16:13:54.501166,83.7502,83.92525,85.41406
2022-01-17 16:13:55.505229,84.00888,84.3895,87.14166
2022-01-17 16:13:56.010503,84.57575,84.4415,85.68833
2022-01-17 16:13:56.505475,84.00888,84.4415,85.68833
2022-01-17 16:13:57.003101,84.26632,84.4935,86.04176
2022-01-17 16:13:57.509955,84.00888,84.751,86.04176
2022-01-17 16:13:58.010020,84.11161,84.54425,85.57051
2022-01-17 16:13:58.505331,83.69946,84.28675,85.57051
2022-01-17 16:13:59.004570,84.26632,84.751,85.33489
2022-01-17 16:13:59.510840,84.21434,84.33875,85.33489
2022-01-17 16:14:00.008679,84.47302,84.85375,85.57051
2022-01-17 16:14:00.503524,84.36905,84.54425,85.57051
2022-01-17 16:14:01.001208,83.9569,84.64825,85.88531
2022-01-17 16:14:01.507137,84.26632,84.4415,85.88531
2022-01-17 16:14:02.004781,84.05963,84.699,85.68833
2022-01-17 16:14:02.510006,84.26632,84.64825,85.68833
2022-01-17 16:14:03.010210,83.9569,84.28675,86.23875
2022-01-17 16:14:03.505619,84.36905,84.59625,86.23875
2022-01-17 16:14:04.004719,84.11161,84.132,85.57051
2022-01-17 16:14:04.502906,84.36905,85.0085,85.57051
2022-01-17 16:14:05.003647,84.21434,84.184,86.94562
2022-01-17 16:14:05.509051,83.80219,84.23475,86.94562
2022-01-17 16:14:06.004447,84.42104,84.803,85.6101
2022-01-17 16:14:06.501156,83.59549,84.02925,85.6101
2022-01-17 16:14:07.010049,84.57575,84.90575,85.96354
2022-01-17 16:14:07.501782,84.1636,84.28675,85.96354
2022-01-17 16:14:08.006411,84.11161,84.64825,85.25666
2022-01-17 16:14:08.501931,84.1636,84.4935,85.25666
2022-01-17 16:14:09.010463,84.21434,84.54425,85.57051
2022-01-17 16:14:09.505145,84.26632,84.59625,85.57051
2022-01-17 16:14:10.002567,83.9569,84.4935,85.80614
2022-01-17 16:14:10.507265,84.11161,84.4935,85.80614
2022-01-17 16:14:11.005304,84.1636,84.28675,86.04176
2022-01-17 16:14:11.505689,84.26632,84.751,86.04176
2022-01-17 16:14:12.003809,84.11161,84.4935,85.80614
2022-01-17 16:14:12.511067,84.1636,84.699,85.88531
2022-01-17 16:14:13.006077,84.11161,84.3895,85.88531
2022-01-17 16:14:13.508449,83.18334,83.565,85.88531
2022-01-17 16:14:14.006828,84.31831,84.64825,129.39676
2022-01-17 16:14:14.503155,84.42104,84.4415,129.39676
2022-01-17 16:14:15.001583,83.54475,84.02925,235.70322
2022-01-17 16:14:15.508143,84.36905,84.3895,235.70322
2022-01-17 16:14:16.006738,84.00888,84.23475,200.31989
2022-01-17 16:14:16.502324,84.26632,84.54425,200.31989
2022-01-17 16:14:17.005561,84.1636,84.64825,123.70312
2022-01-17 16:14:17.511133,83.7502,83.92525,123.70312
2022-01-17 16:14:18.010387,84.31831,84.54425,90.67604
2022-01-17 16:14:18.505899,84.11161,84.54425,90.67604
2022-01-17 16:14:19.005055,84.21434,84.33875,94.56385
2022-01-17 16:14:19.510221,83.90492,84.3895,94.56385
2022-01-17 16:14:20.008199,84.00888,84.184,89.34051
2022-01-17 16:14:20.502521,84.47302,84.95775,89.34051
2022-01-17 16:14:21.001269,83.85417,84.4415,86.98426
2022-01-17 16:14:21.508251,84.26632,84.751,86.98426
2022-01-17 16:14:22.005769,84.1636,84.59625,85.92395
2022-01-17 16:14:22.509661,84.52377,84.751,85.92395
2022-01-17 16:14:23.008214,83.85417,84.4935,86.98426
2022-01-17 16:14:23.503521,84.57575,84.95775,86.98426
2022-01-17 16:14:24.003651,83.80219,84.23475,86.47437
2022-01-17 16:14:24.509109,84.26632,84.803,86.47437
2022-01-17 16:14:25.008273,84.26632,84.59625,86.23875
2022-01-17 16:14:25.503005,84.31831,84.699,86.23875
2022-01-17 16:14:26.004324,84.1636,84.3895,87.41687
2022-01-17 16:14:26.507814,84.26632,84.803,87.41687
2022-01-17 16:14:27.005543,84.21434,84.4935,85.06062
2022-01-17 16:14:27.501879,84.05963,84.699,85.06062
2022-01-17 16:14:28.011249,84.21434,84.699,86.63083
2022-01-17 16:14:28.506015,83.18334,83.8225,86.63083
2022-01-17 16:14:29.004510,84.83319,85.318,85.80614
2022-01-17 16:14:29.510116,84.31831,84.33875,85.80614
2022-01-17 16:14:30.008291,84.1636,84.59625,85.49229
2022-01-17 16:14:30.502756,84.36905,84.803,85.49229
2022-01-17 16:14:31.001257,83.7502,84.184,86.94562
2022-01-17 16:14:31.506358,84.42104,84.699,86.94562
2022-01-17 16:14:32.005766,83.7502,84.3895,85.68833
2022-01-17 16:14:32.503636,84.42104,84.95775,85.68833
2022-01-17 16:14:33.001362,84.1636,84.184,86.00312
2022-01-17 16:14:33.507639,84.47302,84.803,86.00312
2022-01-17 16:14:34.005673,84.21434,84.4415,85.13885
2022-01-17 16:14:34.502725,84.21434,84.803,85.13885
2022-01-17 16:14:35.001800,84.1636,84.751,85.49229
2022-01-17 16:14:35.507339,83.54475,83.97725,85.49229
2022-01-17 16:14:36.005590,84.62773,85.0085,85.53187
2022-01-17 16:14:36.501536,84.1636,84.3895,85.53187
2022-01-17 16:14:37.002372,84.78245,85.16325,86.00312
2022-01-17 16:14:37.505355,83.90492,84.02925,86.00312
2022-01-17 16:14:38.006244,84.11161,84.699,85.57051
2022-01-17 16:14:38.501683,84.36905,84.803,85.57051
2022-01-17 16:14:39.010499,83.90492,84.4415,86.12093
2022-01-17 16:14:39.506038,84.00888,84.54425,86.12093
2022-01-17 16:14:40.005116,84.26632,84.4415,86.47437
2022-01-17 16:14:40.511052,84.31831,84.54425,86.47437
2022-01-17 16:14:41.010813,84.47302,84.4415,85.13885
2022-01-17 16:14:41.505656,84.00888,84.751,85.13885
2022-01-17 16:14:42.002898,84.00888,84.28675,85.92395
2022-01-17 16:14:42.507376,83.90492,84.08,85.92395
2022-01-17 16:14:43.005683,84.36905,84.90575,85.17843
2022-01-17 16:14:43.502400,83.85417,84.23475,85.17843
2022-01-17 16:14:44.001395,84.42104,84.85375,85.53187
2022-01-17 16:14:44.506921,84.21434,84.132,85.53187
2022-01-17 16:14:45.005126,84.05963,84.54425,85.64968
2022-01-17 16:14:45.501444,84.52377,85.0085,85.64968
2022-01-17 16:14:46.008846,83.9569,84.28675,85.25666
2022-01-17 16:14:46.502652,84.21434,84.54425,85.25666
2022-01-17 16:14:47.003849,83.7502,84.28675,87.06343
2022-01-17 16:14:47.509662,84.57575,85.1125,87.06343
2022-01-17 16:14:48.007115,84.42104,84.3895,86.04176
2022-01-17 16:14:48.501341,84.1636,84.64825,86.04176
2022-01-17 16:14:49.009330,84.26632,84.699,86.51301
2022-01-17 16:14:49.504291,84.21434,84.59625,86.51301
2022-01-17 16:14:50.003363,84.21434,84.59625,84.94281
2022-01-17 16:14:50.507697,83.7502,84.33875,84.94281
2022-01-17 16:14:51.005724,84.67848,85.16325,85.7675
2022-01-17 16:14:51.510957,84.00888,83.7705,85.7675
2022-01-17 16:14:52.009334,84.11161,84.54425,85.7675
2022-01-17 16:14:52.503872,84.26632,84.59625,85.7675
2022-01-17 16:14:53.003013,84.11161,84.59625,85.7675
2022-01-17 16:14:53.509429,84.62773,84.90575,85.7675
2022-01-17 16:14:54.008081,83.44078,83.8225,85.64968
2022-01-17 16:14:54.504346,84.73046,85.16325,85.64968
2022-01-17 16:14:55.003982,83.9569,84.132,85.25666
2022-01-17 16:14:55.509086,84.26632,84.751,85.25666
2022-01-17 16:14:56.007031,84.00888,84.23475,85.88531
2022-01-17 16:14:56.501067,84.00888,84.3895,85.88531
2022-01-17 16:14:57.001230,84.21434,84.59625,85.92395
2022-01-17 16:14:57.506138,83.85417,84.4935,85.92395
2022-01-17 16:14:58.005645,84.26632,84.64825,85.53187
2022-01-17 16:14:58.511244,84.21434,84.54425,85.53187
2022-01-17 16:14:59.001176,84.42104,84.699,86.47437
2022-01-17 16:14:59.507272,84.00888,84.28675,86.47437
2022-01-17 16:15:00.004523,84.11161,84.4935,85.6101
2022-01-17 16:15:00.509320,84.42104,84.59625,85.6101
2022-01-17 16:15:01.008205,83.9569,84.33875,85.49229
2022-01-17 16:15:01.502809,84.47302,84.95775,85.49229
2022-01-17 16:15:02.011059,83.85417,84.28675,85.49229
2022-01-17 16:15:02.506391,84.57575,84.751,85.49229
2022-01-17 16:15:03.005168,84.26632,84.33875,85.68833
2022-01-17 16:15:03.501624,84.05963,84.699,85.68833
2022-01-17 16:15:04.010422,84.1636,84.54425,85.33489
2022-01-17 16:15:04.505309,84.26632,84.64825,85.33489
2022-01-17 16:15:05.002691,84.21434,84.4935,85.53187
2022-01-17 16:15:05.508130,83.90492,84.4935,85.53187
2022-01-17 16:15:06.008925,84.31831,84.59625,85.57051
2022-01-17 16:15:06.504586,84.1636,84.33875,85.57051
2022-01-17 16:15:07.002552,84.05963,84.4935,86.43479
2022-01-17 16:15:07.509847,84.00888,84.4415,86.43479
2022-01-17 16:15:08.007616,84.11161,84.54425,86.59218
2022-01-17 16:15:08.503230,84.26632,84.85375,86.59218
2022-01-17 16:15:09.001982,83.49276,84.08,85.84572
2022-01-17 16:15:09.508121,84.67848,84.85375,85.84572
2022-01-17 16:15:10.005491,84.36905,84.59625,85.41406
2022-01-17 16:15:10.510765,83.85417,84.02925,85.41406
2022-01-17 16:15:11.008892,84.57575,84.803,85.72791
2022-01-17 16:15:11.505075,83.44078,83.97725,85.72791
2022-01-17 16:15:12.004860,84.31831,84.90575,85.72791
2022-01-17 16:15:12.507866,83.59549,84.23475,85.72791
2022-01-17 16:15:13.006435,84.21434,84.54425,85.4527
2022-01-17 16:15:13.502790,84.26632,84.3895,85.4527
2022-01-17 16:15:14.010923,84.42104,84.54425,85.29625
2022-01-17 16:15:14.506468,84.11161,84.33875,85.29625
2022-01-17 16:15:15.004765,84.11161,84.4415,86.71
2022-01-17 16:15:15.509811,84.42104,85.0085,86.71
2022-01-17 16:15:16.007482,83.44078,84.08,85.6101
2022-01-17 16:15:16.500496,84.47302,84.90575,85.6101
2022-01-17 16:15:17.004145,83.80219,84.132,85.88531
2022-01-17 16:15:17.509037,84.47302,84.751,85.88531
2022-01-17 16:15:18.008149,84.47302,84.699,85.53187
2022-01-17 16:15:18.503466,83.90492,84.23475,85.53187
2022-01-17 16:15:19.011176,84.52377,84.95775,85.88531
2022-01-17 16:15:19.507357,83.69946,84.08,85.88531
2022-01-17 16:15:20.007051,84.31831,84.803,85.7675
2022-01-17 16:15:20.503409,84.11161,84.3895,85.7675
2022-01-17 16:15:21.002373,84.31831,84.4415,85.37447
2022-01-17 16:15:21.508962,83.85417,84.184,85.37447
2022-01-17 16:15:22.005849,84.11161,84.59625,85.92395
2022-01-17 16:15:22.510478,84.05963,84.4935,85.92395
2022-01-17 16:15:23.009034,84.11161,84.28675,85.6101
2022-01-17 16:15:23.503201,84.1636,84.59625,85.6101
2022-01-17 16:15:24.010900,83.64747,84.28675,85.72791
2022-01-17 16:15:24.510162,84.36905,84.59625,85.72791
2022-01-17 16:15:25.010497,84.42104,84.4935,86.23875
2022-01-17 16:15:25.505395,83.7502,84.08,86.23875
2022-01-17 16:15:26.002825,84.42104,84.751,85.53187
2022-01-17 16:15:26.509374,84.05963,84.54425,85.53187
2022-01-17 16:15:27.006632,84.26632,84.4935,85.92395
2022-01-17 16:15:27.501797,84.11161,84.699,85.92395
2022-01-17 16:15:28.010130,83.9569,84.3895,85.49229
2022-01-17 16:15:28.504906,84.21434,84.3895,85.49229
2022-01-17 16:15:29.002249,84.31831,84.699,85.6101
2022-01-17 16:15:29.509130,84.11161,84.699,85.6101
2022-01-17 16:15:30.007834,84.1636,84.4415,85.53187
2022-01-17 16:15:30.503719,84.26632,84.699,85.53187
2022-01-17 16:15:31.001365,83.59549,84.08,85.64968
2022-01-17 16:15:31.504848,84.73046,84.85375,85.64968
2022-01-17 16:15:32.003054,84.11161,84.3895,84.86364
2022-01-17 16:15:32.510780,84.00888,84.33875,84.86364
2022-01-17 16:15:33.010508,84.26632,84.4935,86.67041
2022-01-17 16:15:33.504457,83.90492,84.28675,86.67041
2022-01-17 16:15:34.004777,84.88517,85.318,85.72791
2022-01-17 16:15:34.510107,83.64747,83.97725,85.72791
2022-01-17 16:15:35.008636,84.31831,84.699,85.72791
2022-01-17 16:15:35.504320,84.36905,84.699,85.72791
2022-01-17 16:15:36.001247,84.31831,84.3895,85.88531
2022-01-17 16:15:36.505768,84.1636,84.699,85.88531
2022-01-17 16:15:37.005754,83.54475,83.92525,85.53187
2022-01-17 16:15:37.501437,84.47302,84.95775,85.53187
2022-01-17 16:15:38.011080,83.85417,84.132,85.17843
2022-01-17 16:15:38.506773,84.73046,85.21525,85.17843
2022-01-17 16:15:39.006832,83.64747,84.23475,85.96354
2022-01-17 16:15:39.511009,84.36905,84.59625,85.96354
2022-01-17 16:15:40.008364,84.67848,84.751,85.96354
2022-01-17 16:15:40.503061,84.11161,84.4935,85.96354
2022-01-17 16:15:41.003055,84.57575,85.0605,85.88531
2022-01-17 16:15:41.502206,83.7502,84.132,85.88531
2022-01-17 16:15:42.504471,83.7502,84.23475,85.6101
2022-01-17 16:15:43.001107,84.47302,84.90575,86.86645
2022-01-17 16:15:43.505522,84.1636,84.3895,86.86645
2022-01-17 16:15:44.004100,83.90492,84.28675,86.3952
2022-01-17 16:15:44.501181,84.11161,84.59625,86.3952
2022-01-17 16:15:45.009245,84.31831,84.699,85.96354
2022-01-17 16:15:45.505345,84.1636,84.54425,85.96354
2022-01-17 16:15:46.005494,83.69946,84.3895,86.19916
2022-01-17 16:15:46.510123,84.57575,84.59625,86.19916
2022-01-17 16:15:47.007393,84.26632,84.4935,85.72791
2022-01-17 16:15:47.502373,84.31831,84.59625,85.72791
2022-01-17 16:15:48.009729,84.1636,84.54425,85.68833
2022-01-17 16:15:48.504306,83.80219,84.28675,85.68833
2022-01-17 16:15:49.004130,84.57575,84.90575,85.06062
2022-01-17 16:15:49.510114,83.69946,84.4935,85.06062
2022-01-17 16:15:50.008111,84.36905,84.54425,85.84572
2022-01-17 16:15:50.503616,84.05963,84.3895,85.84572
