時間,回転１,回転２,回転３
2022-01-17 13:00:00.007446,84.11161,84.28675,162.81687
2022-01-17 13:00:00.505763,84.36905,84.4415,107.09156
2022-01-17 13:00:01.005062,83.80219,84.132,107.09156
2022-01-17 13:00:01.501397,84.88517,85.26725,98.13781
2022-01-17 13:00:02.009432,82.87391,83.2555,98.13781
2022-01-17 13:00:02.509450,84.73046,84.90575,89.92958
2022-01-17 13:00:03.008903,83.54475,84.08,89.92958
2022-01-17 13:00:03.505863,84.93716,85.26725,88.00593
2022-01-17 13:00:04.008651,83.90492,83.97725,88.00593
2022-01-17 13:00:04.506550,84.31831,84.803,86.23875
2022-01-17 13:00:05.004873,84.21434,84.64825,86.23875
2022-01-17 13:00:05.503114,84.11161,84.699,85.84572
2022-01-17 13:00:06.009995,84.52377,85.0605,85.84572
2022-01-17 13:00:06.508222,83.54475,84.02925,86.12093
2022-01-17 13:00:07.010728,84.42104,84.803,86.12093
2022-01-17 13:00:07.507255,84.11161,84.4935,86.23875
2022-01-17 13:00:08.005371,84.78245,85.0085,86.23875
2022-01-17 13:00:08.501621,83.85417,84.132,86.90604
2022-01-17 13:00:09.005744,84.00888,84.4935,86.90604
2022-01-17 13:00:09.501683,84.42104,84.803,85.96354
2022-01-17 13:00:10.009725,83.90492,84.33875,85.96354
2022-01-17 13:00:10.505204,84.47302,84.85375,85.6101
2022-01-17 13:00:11.003533,83.80219,84.23475,85.6101
2022-01-17 13:00:11.508512,84.47302,84.90575,85.92395
2022-01-17 13:00:12.003659,84.26632,84.699,85.92395
2022-01-17 13:00:12.509812,84.26632,84.59625,85.41406
2022-01-17 13:00:13.003784,84.05963,84.4415,85.41406
2022-01-17 13:00:13.509844,84.11161,84.59625,85.7675
2022-01-17 13:00:14.004360,84.36905,84.85375,85.7675
2022-01-17 13:00:14.501601,83.85417,84.33875,85.17843
2022-01-17 13:00:15.004638,84.21434,84.54425,85.17843
2022-01-17 13:00:15.500795,84.42104,84.699,85.88531
2022-01-17 13:00:16.006270,84.05963,84.4415,85.88531
2022-01-17 13:00:16.504308,84.31831,84.85375,85.84572
2022-01-17 13:00:17.001888,84.31831,84.64825,85.84572
2022-01-17 13:00:17.509549,83.9569,84.28675,86.59218
2022-01-17 13:00:18.003323,83.9569,84.59625,86.59218
2022-01-17 13:00:18.503549,84.42104,84.699,85.92395
2022-01-17 13:00:19.002987,84.05963,84.23475,85.92395
2022-01-17 13:00:19.509028,84.05963,84.699,85.80614
2022-01-17 13:00:20.007301,84.1636,84.54425,85.80614
2022-01-17 13:00:20.501783,83.9569,84.4415,86.23875
2022-01-17 13:00:21.002425,84.57575,84.803,86.23875
2022-01-17 13:00:21.502268,83.9569,84.59625,85.88531
2022-01-17 13:00:22.001698,84.31831,84.4935,85.88531
2022-01-17 13:00:22.509281,84.1636,84.28675,85.41406
2022-01-17 13:00:23.005997,84.31831,84.54425,85.41406
2022-01-17 13:00:23.501703,84.52377,85.1125,85.68833
2022-01-17 13:00:24.008407,83.7502,84.132,85.68833
2022-01-17 13:00:24.502965,84.42104,84.803,85.7675
2022-01-17 13:00:25.004115,83.69946,84.184,85.7675
2022-01-17 13:00:25.509668,84.42104,84.59625,85.13885
2022-01-17 13:00:26.009992,84.36905,84.699,85.13885
2022-01-17 13:00:26.503794,83.90492,84.23475,86.31697
2022-01-17 13:00:27.001774,84.21434,84.699,86.31697
2022-01-17 13:00:27.508543,83.80219,84.23475,85.53187
2022-01-17 13:00:28.010689,85.03989,85.318,85.53187
2022-01-17 13:00:28.510148,83.7502,84.33875,85.72791
2022-01-17 13:00:29.009504,84.00888,84.3895,85.72791
2022-01-17 13:00:29.505099,83.9569,84.23475,85.68833
2022-01-17 13:00:30.004787,84.47302,84.64825,85.68833
2022-01-17 13:00:30.505073,84.42104,84.90575,85.84572
2022-01-17 13:00:31.004374,83.85417,84.23475,85.84572
2022-01-17 13:00:31.509137,84.36905,84.64825,85.33489
2022-01-17 13:00:32.007599,84.36905,84.803,85.33489
2022-01-17 13:00:32.511040,84.67848,85.0605,86.12093
2022-01-17 13:00:33.010499,83.64747,84.132,86.12093
2022-01-17 13:00:33.506284,84.1636,84.4935,85.7675
2022-01-17 13:00:34.008986,84.36905,84.699,85.7675
2022-01-17 13:00:34.507833,84.26632,84.85375,85.72791
2022-01-17 13:00:35.010819,83.90492,84.23475,85.72791
2022-01-17 13:00:35.509066,83.90492,84.33875,85.64968
2022-01-17 13:00:36.003481,84.36905,84.699,85.64968
2022-01-17 13:00:36.503803,83.9569,84.54425,85.64968
2022-01-17 13:00:37.004262,84.42104,84.64825,85.64968
2022-01-17 13:00:37.505120,84.1636,84.4415,86.43479
2022-01-17 13:00:38.002028,84.11161,84.4415,86.43479
2022-01-17 13:00:38.507346,84.21434,84.54425,85.80614
2022-01-17 13:00:39.001936,84.21434,84.64825,85.80614
2022-01-17 13:00:39.508026,84.11161,84.4935,85.33489
2022-01-17 13:00:40.005773,83.9569,84.59625,85.33489
2022-01-17 13:00:40.504954,84.11161,84.184,85.33489
2022-01-17 13:00:41.006387,84.73046,84.95775,85.33489
2022-01-17 13:00:41.507588,84.11161,84.59625,86.04176
2022-01-17 13:00:42.006040,84.21434,84.59625,86.04176
2022-01-17 13:00:42.501965,83.9569,84.33875,85.92395
2022-01-17 13:00:43.001148,84.1636,84.54425,85.92395
2022-01-17 13:00:43.507734,83.9569,84.64825,85.7675
2022-01-17 13:00:44.006333,84.11161,84.28675,85.7675
2022-01-17 13:00:44.508316,84.47302,84.751,85.68833
2022-01-17 13:00:45.006273,84.00888,84.184,85.68833
2022-01-17 13:00:45.504637,84.26632,84.64825,86.71
2022-01-17 13:00:46.005243,83.85417,84.23475,86.71
2022-01-17 13:00:46.506182,84.52377,85.0085,85.84572
2022-01-17 13:00:47.004200,83.64747,84.132,85.84572
2022-01-17 13:00:47.509945,84.26632,84.59625,84.86364
2022-01-17 13:00:48.009107,84.62773,84.95775,84.86364
2022-01-17 13:00:48.509716,84.05963,84.28675,85.92395
2022-01-17 13:00:49.007478,84.73046,84.95775,85.92395
2022-01-17 13:00:49.501532,83.69946,83.97725,85.64968
2022-01-17 13:00:50.009058,84.47302,84.699,85.64968
2022-01-17 13:00:50.504246,83.90492,84.59625,85.64968
2022-01-17 13:00:51.002994,84.47302,84.699,85.64968
2022-01-17 13:00:51.509253,83.7502,84.184,85.64968
2022-01-17 13:00:52.009102,84.57575,84.699,85.64968
2022-01-17 13:00:52.509717,84.78245,84.95775,85.6101
2022-01-17 13:00:53.009362,83.90492,84.184,85.6101
2022-01-17 13:00:53.503582,84.26632,84.803,85.80614
2022-01-17 13:00:54.002529,83.59549,83.92525,85.80614
2022-01-17 13:00:54.502056,84.78245,85.0085,86.00312
2022-01-17 13:00:55.001741,83.44078,84.33875,86.00312
2022-01-17 13:00:55.508570,84.1636,84.4415,85.4527
2022-01-17 13:00:56.005817,84.57575,84.59625,85.4527
2022-01-17 13:00:56.501556,84.05963,84.4935,85.7675
2022-01-17 13:00:57.004207,84.47302,84.90575,85.7675
2022-01-17 13:00:57.504937,83.69946,84.184,86.67041
2022-01-17 13:00:58.005030,84.36905,84.59625,86.67041
2022-01-17 13:00:58.502946,83.85417,84.4935,85.4527
2022-01-17 13:00:59.002403,84.62773,84.803,85.4527
2022-01-17 13:00:59.510336,84.00888,84.23475,85.13885
2022-01-17 13:01:00.003052,84.31831,84.64825,85.13885
2022-01-17 13:01:00.502645,84.31831,84.699,85.72791
2022-01-17 13:01:01.005172,83.80219,84.4935,85.72791
2022-01-17 13:01:01.501089,84.78245,84.85375,85.37447
2022-01-17 13:01:02.001229,83.64747,84.33875,85.37447
2022-01-17 13:01:02.507875,84.26632,84.699,86.08135
2022-01-17 13:01:03.001601,84.36905,84.699,86.08135
2022-01-17 13:01:03.509956,84.26632,84.3895,85.57051
2022-01-17 13:01:04.009376,84.05963,84.4415,85.57051
2022-01-17 13:01:04.507976,83.90492,84.4935,86.31697
2022-01-17 13:01:05.007586,84.21434,84.33875,86.31697
2022-01-17 13:01:05.502959,83.9569,84.59625,85.41406
2022-01-17 13:01:06.011181,84.21434,84.4415,85.41406
2022-01-17 13:01:06.507227,84.05963,84.4935,85.53187
2022-01-17 13:01:07.005701,84.26632,84.4935,85.53187
2022-01-17 13:01:07.506064,84.57575,84.90575,84.98145
2022-01-17 13:01:08.004308,83.7502,84.08,84.98145
2022-01-17 13:01:08.509647,84.42104,84.59625,86.15958
2022-01-17 13:01:09.009287,83.54475,84.02925,86.15958
2022-01-17 13:01:09.505189,84.73046,84.85375,85.6101
2022-01-17 13:01:10.003548,83.90492,84.4415,85.6101
2022-01-17 13:01:10.505184,84.11161,84.33875,85.49229
2022-01-17 13:01:11.003057,84.47302,84.751,85.49229
2022-01-17 13:01:11.501048,84.05963,84.64825,85.57051
2022-01-17 13:01:12.010165,84.36905,84.751,85.57051
2022-01-17 13:01:12.505517,84.1636,84.54425,85.80614
2022-01-17 13:01:13.005598,84.26632,84.54425,85.80614
2022-01-17 13:01:13.501429,83.9569,84.64825,85.84572
2022-01-17 13:01:14.004927,84.57575,84.699,85.84572
2022-01-17 13:01:14.501082,84.1636,84.3895,85.72791
2022-01-17 13:01:15.001365,84.05963,84.59625,85.72791
2022-01-17 13:01:15.506319,84.26632,84.699,85.41406
2022-01-17 13:01:16.008463,83.59549,83.97725,85.41406
2022-01-17 13:01:16.504086,84.57575,84.803,85.49229
2022-01-17 13:01:17.001680,83.69946,84.4415,85.49229
2022-01-17 13:01:17.507355,84.52377,84.803,85.25666
2022-01-17 13:01:18.010953,84.31831,84.3895,85.25666
2022-01-17 13:01:18.505111,84.21434,84.54425,86.04176
2022-01-17 13:01:19.006343,84.31831,84.54425,86.04176
2022-01-17 13:01:19.502098,83.80219,84.3895,85.7675
2022-01-17 13:01:20.004530,84.1636,84.28675,85.7675
2022-01-17 13:01:20.502250,83.80219,84.64825,85.96354
2022-01-17 13:01:21.001070,84.52377,84.803,85.96354
2022-01-17 13:01:21.510744,84.05963,84.28675,85.06062
2022-01-17 13:01:22.009589,84.36905,84.54425,85.06062
2022-01-17 13:01:22.505095,84.1636,84.54425,86.12093
2022-01-17 13:01:23.004312,83.9569,84.4935,86.12093
2022-01-17 13:01:23.510125,84.47302,84.64825,85.29625
2022-01-17 13:01:24.008523,83.33805,84.02925,85.29625
2022-01-17 13:01:24.502929,84.36905,84.803,85.7675
2022-01-17 13:01:25.005259,84.00888,84.33875,85.7675
2022-01-17 13:01:25.501254,84.78245,85.0085,85.68833
2022-01-17 13:01:26.005338,84.11161,84.08,85.68833
2022-01-17 13:01:26.509464,84.05963,84.54425,85.64968
2022-01-17 13:01:27.009902,83.9569,84.33875,85.64968
2022-01-17 13:01:27.505546,84.47302,85.16325,85.06062
2022-01-17 13:01:28.004839,84.05963,84.28675,85.06062
2022-01-17 13:01:28.507741,83.7502,84.33875,85.96354
2022-01-17 13:01:29.009090,84.42104,84.59625,85.96354
2022-01-17 13:01:29.510586,84.31831,84.59625,85.17843
2022-01-17 13:01:30.002548,84.47302,84.85375,85.17843
2022-01-17 13:01:30.508726,83.85417,84.08,86.27739
2022-01-17 13:01:31.006824,83.54475,84.28675,86.27739
2022-01-17 13:01:31.501619,84.31831,84.64825,85.21708
2022-01-17 13:01:32.001159,84.11161,84.85375,85.21708
2022-01-17 13:01:32.507549,84.26632,84.3895,85.7675
2022-01-17 13:01:33.007211,84.26632,84.4935,85.7675
2022-01-17 13:01:33.504930,83.80219,84.184,85.17843
2022-01-17 13:01:34.004138,84.73046,84.90575,85.17843
2022-01-17 13:01:34.509053,84.00888,84.64825,85.57051
2022-01-17 13:01:35.008722,83.59549,83.8225,85.57051
2022-01-17 13:01:35.502889,84.1636,84.90575,85.17843
2022-01-17 13:01:36.003175,83.85417,84.184,85.17843
2022-01-17 13:01:36.508760,84.42104,84.699,85.6101
2022-01-17 13:01:37.006353,84.1636,84.4935,85.6101
2022-01-17 13:01:37.501806,83.7502,84.132,85.33489
2022-01-17 13:01:38.006881,84.42104,84.803,85.33489
2022-01-17 13:01:38.502837,84.31831,84.699,85.09926
2022-01-17 13:01:39.002556,83.80219,84.4415,85.09926
2022-01-17 13:01:39.508698,84.1636,84.4415,85.80614
2022-01-17 13:01:40.007402,84.26632,84.4935,85.80614
2022-01-17 13:01:40.503003,84.11161,84.54425,85.06062
2022-01-17 13:01:41.001053,84.42104,84.699,85.06062
2022-01-17 13:01:41.508679,83.90492,84.59625,86.35656
2022-01-17 13:01:42.008649,84.36905,84.59625,86.35656
2022-01-17 13:01:42.504705,84.11161,84.64825,85.64968
2022-01-17 13:01:43.002378,84.36905,84.54425,85.64968
2022-01-17 13:01:43.506723,84.1636,84.4935,85.64968
2022-01-17 13:01:44.004876,84.11161,84.4415,85.64968
2022-01-17 13:01:44.508982,83.80219,84.132,85.41406
2022-01-17 13:01:45.006367,84.31831,84.90575,85.41406
2022-01-17 13:01:45.501641,84.21434,84.54425,85.68833
2022-01-17 13:01:46.002831,83.90492,84.59625,85.68833
2022-01-17 13:01:46.501782,84.31831,84.59625,85.29625
2022-01-17 13:01:47.002883,83.80219,84.33875,85.29625
2022-01-17 13:01:47.502561,84.57575,85.0085,85.6101
2022-01-17 13:01:48.010667,84.36905,84.4935,85.6101
2022-01-17 13:01:48.509801,83.7502,84.4415,85.37447
2022-01-17 13:01:49.001112,84.21434,84.54425,85.37447
2022-01-17 13:01:49.507540,84.31831,84.85375,85.64968
2022-01-17 13:01:50.005788,84.42104,84.54425,85.64968
2022-01-17 13:01:50.510309,84.00888,84.751,86.98426
2022-01-17 13:01:51.008811,84.21434,84.54425,86.98426
2022-01-17 13:01:51.503403,84.31831,84.28675,85.4527
2022-01-17 13:01:52.004545,84.21434,84.85375,85.4527
2022-01-17 13:01:52.509815,84.00888,84.54425,85.68833
2022-01-17 13:01:53.007771,83.90492,84.4415,85.68833
2022-01-17 13:01:53.503007,84.1636,84.33875,85.29625
2022-01-17 13:01:54.002981,83.85417,84.59625,85.29625
2022-01-17 13:01:54.508038,84.62773,84.751,85.49229
2022-01-17 13:01:55.008873,84.11161,84.28675,85.49229
2022-01-17 13:01:55.503345,83.85417,84.23475,85.37447
2022-01-17 13:01:56.009832,84.36905,84.699,85.37447
2022-01-17 13:01:56.506275,84.21434,84.95775,85.92395
2022-01-17 13:01:57.005232,84.11161,84.23475,85.92395
2022-01-17 13:01:57.502916,83.90492,84.54425,84.90322
2022-01-17 13:01:58.004980,83.7502,84.08,84.90322
2022-01-17 13:01:58.509892,84.88517,85.1125,85.92395
2022-01-17 13:01:59.008037,84.05963,84.23475,85.92395
2022-01-17 13:01:59.504451,84.00888,84.33875,85.72791
2022-01-17 13:02:00.004865,84.1636,84.751,85.72791
2022-01-17 13:02:00.504320,84.11161,84.4935,85.49229
2022-01-17 13:02:01.002503,84.11161,84.64825,85.49229
2022-01-17 13:02:01.510257,84.11161,84.699,85.92395
2022-01-17 13:02:02.008643,84.1636,84.4415,85.92395
2022-01-17 13:02:02.509674,84.26632,84.59625,86.35656
2022-01-17 13:02:03.009255,84.31831,84.3895,86.35656
2022-01-17 13:02:03.507584,84.31831,84.95775,85.33489
2022-01-17 13:02:04.005176,84.11161,84.33875,85.33489
2022-01-17 13:02:04.501058,83.90492,84.3895,85.64968
2022-01-17 13:02:05.006469,84.11161,84.4935,85.64968
2022-01-17 13:02:05.507440,84.05963,84.54425,85.57051
2022-01-17 13:02:06.006231,84.36905,84.803,85.57051
2022-01-17 13:02:06.503373,84.26632,84.4415,85.37447
2022-01-17 13:02:07.001020,84.11161,84.64825,85.37447
2022-01-17 13:02:07.510190,84.42104,84.64825,85.92395
2022-01-17 13:02:08.008177,83.90492,84.28675,85.92395
2022-01-17 13:02:08.504302,84.11161,84.59625,85.37447
2022-01-17 13:02:09.001163,83.54475,84.184,85.37447
2022-01-17 13:02:09.508213,84.57575,84.803,85.92395
2022-01-17 13:02:10.006326,84.21434,84.28675,85.92395
2022-01-17 13:02:10.500985,84.05963,84.803,85.68833
2022-01-17 13:02:11.004233,84.42104,84.64825,85.68833
2022-01-17 13:02:11.508611,84.05963,84.54425,85.57051
2022-01-17 13:02:12.001957,84.42104,84.59625,85.57051
2022-01-17 13:02:12.507718,83.64747,84.33875,85.88531
2022-01-17 13:02:13.004833,84.31831,84.64825,85.88531
2022-01-17 13:02:13.510875,84.11161,84.28675,85.25666
2022-01-17 13:02:14.006804,84.1636,84.751,85.25666
2022-01-17 13:02:14.502992,84.11161,84.4415,85.49229
2022-01-17 13:02:15.001556,84.11161,84.59625,85.49229
2022-01-17 13:02:15.509253,84.1636,84.4415,85.64968
2022-01-17 13:02:16.005705,83.90492,84.54425,85.64968
2022-01-17 13:02:16.505985,84.42104,84.699,86.59218
2022-01-17 13:02:17.005777,84.42104,84.54425,86.59218
2022-01-17 13:02:17.502660,84.00888,84.4415,85.57051
2022-01-17 13:02:18.011132,84.00888,84.28675,85.57051
2022-01-17 13:02:18.507029,83.85417,84.3895,85.7675
2022-01-17 13:02:19.007270,83.90492,84.02925,85.7675
2022-01-17 13:02:19.508118,84.00888,84.4415,184.80822
2022-01-17 13:02:20.004801,83.9569,84.132,184.80822
2022-01-17 13:02:20.510737,84.00888,84.132,236.68531
2022-01-17 13:02:21.004248,84.36905,84.699,236.68531
2022-01-17 13:02:21.510685,83.7502,83.8225,194.19364
2022-01-17 13:02:22.009053,84.11161,84.54425,194.19364
2022-01-17 13:02:22.506345,83.9569,84.33875,124.91989
2022-01-17 13:02:23.007092,84.52377,84.95775,124.91989
2022-01-17 13:02:23.507541,84.00888,84.184,90.44041
2022-01-17 13:02:24.008063,83.9569,84.28675,90.44041
2022-01-17 13:02:24.507188,83.90492,84.132,95.38854
2022-01-17 13:02:25.006125,84.47302,84.64825,95.38854
2022-01-17 13:02:25.502658,83.85417,84.28675,87.92676
2022-01-17 13:02:26.001513,84.36905,84.64825,87.92676
2022-01-17 13:02:26.507179,84.05963,84.59625,86.31697
2022-01-17 13:02:27.006608,84.36905,84.85375,86.31697
2022-01-17 13:02:27.511033,84.11161,84.59625,87.37729
2022-01-17 13:02:28.010959,84.31831,84.699,87.37729
2022-01-17 13:02:28.502394,84.26632,84.28675,86.08135
2022-01-17 13:02:29.002066,84.05963,84.699,86.08135
2022-01-17 13:02:29.509106,84.36905,84.699,86.35656
2022-01-17 13:02:30.006019,84.05963,84.4935,86.35656
2022-01-17 13:02:30.510512,83.90492,84.33875,86.74864
2022-01-17 13:02:31.009068,83.80219,84.184,86.74864
2022-01-17 13:02:31.504895,84.57575,85.0605,86.71
2022-01-17 13:02:32.001816,84.26632,84.28675,86.71
2022-01-17 13:02:32.508915,84.31831,84.90575,85.7675
2022-01-17 13:02:33.009964,83.85417,84.132,85.7675
2022-01-17 13:02:33.510875,84.11161,84.751,85.41406
2022-01-17 13:02:34.005403,84.36905,84.751,85.41406
2022-01-17 13:02:34.506173,83.54475,84.132,86.47437
2022-01-17 13:02:35.008699,84.52377,84.95775,86.47437
2022-01-17 13:02:35.503777,84.05963,84.23475,85.96354
2022-01-17 13:02:36.001257,84.42104,84.95775,85.96354
2022-01-17 13:02:36.507068,84.21434,84.28675,85.33489
2022-01-17 13:02:37.001330,84.11161,84.751,85.33489
2022-01-17 13:02:37.507503,84.26632,84.59625,85.96354
2022-01-17 13:02:38.006313,83.80219,84.28675,85.96354
2022-01-17 13:02:38.502061,84.52377,84.95775,85.92395
2022-01-17 13:02:39.002568,84.1636,84.4415,85.92395
2022-01-17 13:02:39.508150,84.42104,84.85375,85.64968
2022-01-17 13:02:40.006420,84.11161,84.28675,85.64968
2022-01-17 13:02:40.503394,84.21434,84.751,85.57051
2022-01-17 13:02:41.002940,84.31831,84.4935,85.57051
2022-01-17 13:02:41.505125,83.64747,84.23475,85.72791
2022-01-17 13:02:42.004290,84.05963,84.54425,85.72791
2022-01-17 13:02:42.504238,83.85417,84.28675,85.53187
2022-01-17 13:02:43.002627,84.73046,85.1125,85.53187
2022-01-17 13:02:43.502714,84.36905,84.4415,86.00312
2022-01-17 13:02:44.001138,83.80219,84.28675,86.00312
2022-01-17 13:02:44.508510,84.52377,84.751,85.88531
2022-01-17 13:02:45.005732,84.26632,84.699,85.88531
2022-01-17 13:02:45.509515,84.1636,84.4935,86.23875
2022-01-17 13:02:46.010434,83.7502,84.3895,86.23875
2022-01-17 13:02:46.504816,84.36905,84.699,85.80614
2022-01-17 13:02:47.002410,84.42104,84.59625,85.80614
2022-01-17 13:02:47.505310,84.42104,84.95775,85.7675
2022-01-17 13:02:48.002372,84.11161,84.54425,85.7675
2022-01-17 13:02:48.506843,84.05963,84.28675,85.02104
2022-01-17 13:02:49.010644,84.11161,84.3895,85.02104
2022-01-17 13:02:49.505641,84.05963,84.85375,85.29625
2022-01-17 13:02:50.001705,84.31831,84.85375,85.29625
2022-01-17 13:02:50.509512,84.21434,84.184,85.72791
2022-01-17 13:02:51.007076,84.05963,84.54425,85.72791
2022-01-17 13:02:51.503812,84.47302,84.699,85.49229
2022-01-17 13:02:52.001168,84.1636,84.803,85.49229
2022-01-17 13:02:52.506746,84.1636,84.4415,85.72791
2022-01-17 13:02:53.006747,83.7502,84.23475,85.72791
2022-01-17 13:02:53.509123,84.00888,84.64825,86.19916
2022-01-17 13:02:54.004897,84.42104,84.64825,86.19916
2022-01-17 13:02:54.501547,84.26632,84.59625,86.15958
2022-01-17 13:02:55.003475,83.7502,83.97725,86.15958
2022-01-17 13:02:55.509035,84.31831,84.699,85.84572
2022-01-17 13:02:56.008238,84.31831,84.699,85.84572
2022-01-17 13:02:56.509826,83.64747,84.28675,85.7675
2022-01-17 13:02:57.008805,84.57575,85.0085,85.7675
2022-01-17 13:02:57.505904,83.80219,84.02925,85.68833
2022-01-17 13:02:58.005648,84.47302,84.90575,85.68833
2022-01-17 13:02:58.503418,84.1636,84.33875,85.88531
2022-01-17 13:02:59.002204,84.31831,84.699,85.88531
2022-01-17 13:02:59.503043,84.11161,84.33875,85.68833
2022-01-17 13:03:00.002439,83.90492,84.4415,85.68833
2022-01-17 13:03:00.508736,84.67848,85.318,85.92395
2022-01-17 13:03:01.008162,83.85417,84.23475,85.92395
2022-01-17 13:03:01.503346,84.42104,84.699,85.41406
2022-01-17 13:03:02.001953,83.9569,84.132,85.41406
2022-01-17 13:03:02.508584,84.21434,84.699,86.23875
2022-01-17 13:03:03.007496,84.47302,84.95775,86.23875
2022-01-17 13:03:03.505826,83.90492,84.28675,86.08135
2022-01-17 13:03:04.006192,84.1636,84.59625,86.08135
2022-01-17 13:03:04.510945,83.7502,84.4415,85.06062
2022-01-17 13:03:05.002845,84.93716,85.0605,85.06062
2022-01-17 13:03:05.511006,84.21434,84.28675,86.23875
2022-01-17 13:03:06.002050,83.9569,84.59625,86.23875
2022-01-17 13:03:06.506818,83.9569,84.28675,86.5526
2022-01-17 13:03:07.009487,84.36905,84.699,86.5526
2022-01-17 13:03:07.501327,84.36905,84.85375,85.68833
2022-01-17 13:03:08.004232,83.90492,84.54425,85.68833
2022-01-17 13:03:08.502830,84.26632,84.54425,86.15958
2022-01-17 13:03:09.003000,84.1636,84.28675,86.15958
2022-01-17 13:03:09.503924,84.62773,84.90575,85.92395
2022-01-17 13:03:10.011074,83.90492,84.3895,85.92395
2022-01-17 13:03:10.508662,84.05963,84.3895,85.92395
2022-01-17 13:03:11.006707,83.9569,84.54425,85.92395
2022-01-17 13:03:11.502395,83.9569,84.4935,85.92395
2022-01-17 13:03:12.003192,84.36905,84.699,85.92395
2022-01-17 13:03:12.501770,84.57575,84.64825,85.37447
2022-01-17 13:03:13.010310,84.11161,84.3895,85.37447
2022-01-17 13:03:13.506008,83.9569,84.28675,86.74864
2022-01-17 13:03:14.003917,84.21434,84.59625,86.74864
2022-01-17 13:03:14.509461,84.42104,84.751,85.80614
2022-01-17 13:03:15.006713,83.59549,84.02925,85.80614
2022-01-17 13:03:15.508218,84.21434,84.751,85.37447
2022-01-17 13:03:16.007248,84.26632,84.4935,85.37447
2022-01-17 13:03:16.504002,84.36905,84.803,85.29625
2022-01-17 13:03:17.004526,84.21434,84.4935,85.29625
2022-01-17 13:03:17.501225,84.05963,84.4415,86.00312
2022-01-17 13:03:18.001737,84.11161,84.59625,86.00312
2022-01-17 13:03:18.508114,84.26632,84.803,85.37447
2022-01-17 13:03:19.002229,84.31831,84.64825,85.37447
2022-01-17 13:03:19.508784,83.7502,84.08,86.47437
2022-01-17 13:03:20.004421,84.42104,84.803,86.47437
2022-01-17 13:03:20.510207,84.42104,84.699,85.37447
2022-01-17 13:03:21.008893,84.1636,84.59625,85.37447
2022-01-17 13:03:21.509666,84.31831,84.64825,86.59218
2022-01-17 13:03:22.003389,83.7502,84.33875,86.59218
2022-01-17 13:03:22.501444,84.42104,85.0085,85.72791
2022-01-17 13:03:23.009636,83.64747,84.132,85.72791
2022-01-17 13:03:23.506918,84.57575,84.85375,85.92395
2022-01-17 13:03:24.005778,84.21434,84.28675,85.92395
2022-01-17 13:03:24.506297,84.05963,84.3895,85.84572
2022-01-17 13:03:25.005832,84.47302,84.751,85.84572
2022-01-17 13:03:25.501678,83.9569,84.28675,85.80614
2022-01-17 13:03:26.005215,84.31831,84.803,85.80614
2022-01-17 13:03:26.501259,83.54475,84.184,85.37447
2022-01-17 13:03:27.002078,84.52377,84.803,85.37447
2022-01-17 13:03:27.508187,84.21434,84.28675,85.29625
2022-01-17 13:03:28.005110,84.42104,84.751,85.29625
2022-01-17 13:03:28.502803,84.21434,84.59625,85.7675
2022-01-17 13:03:29.001635,83.90492,84.33875,85.7675
2022-01-17 13:03:29.506793,84.52377,84.803,85.25666
2022-01-17 13:03:30.006171,83.80219,84.33875,85.25666
2022-01-17 13:03:30.507825,84.11161,84.54425,86.3952
2022-01-17 13:03:31.007002,84.21434,84.54425,86.3952
2022-01-17 13:03:31.502344,84.11161,84.59625,85.80614
2022-01-17 13:03:32.007752,84.05963,84.4415,85.80614
2022-01-17 13:03:32.506459,84.1636,84.4415,85.41406
2022-01-17 13:03:33.005837,84.1636,84.64825,85.41406
2022-01-17 13:03:33.504468,83.9569,84.4415,86.27739
2022-01-17 13:03:34.002623,84.36905,84.699,86.27739
2022-01-17 13:03:34.507295,84.11161,84.33875,85.49229
2022-01-17 13:03:35.007437,84.31831,84.59625,85.49229
2022-01-17 13:03:35.504169,84.05963,84.54425,85.21708
2022-01-17 13:03:36.003035,84.05963,84.4935,85.21708
2022-01-17 13:03:36.508096,84.26632,84.64825,85.6101
2022-01-17 13:03:37.007182,84.21434,84.699,85.6101
2022-01-17 13:03:37.501672,84.00888,84.4415,86.23875
2022-01-17 13:03:38.002313,84.21434,84.4935,86.23875
2022-01-17 13:03:38.506291,84.36905,84.4415,85.06062
2022-01-17 13:03:39.007043,84.62773,84.751,85.06062
2022-01-17 13:03:39.505292,83.64747,84.08,86.19916
2022-01-17 13:03:40.004748,84.42104,84.85375,86.19916
2022-01-17 13:03:40.511061,84.05963,84.4415,85.64968
2022-01-17 13:03:41.009553,84.47302,85.0085,85.64968
2022-01-17 13:03:41.511016,83.59549,84.132,86.23875
2022-01-17 13:03:42.003145,84.31831,84.28675,86.23875
2022-01-17 13:03:42.501928,84.57575,84.803,85.53187
2022-01-17 13:03:43.001318,83.80219,84.184,85.53187
2022-01-17 13:03:43.502213,84.36905,84.803,85.64968
2022-01-17 13:03:44.009264,83.7502,84.132,85.64968
2022-01-17 13:03:44.507211,84.67848,85.0605,85.72791
2022-01-17 13:03:45.001080,83.69946,84.28675,85.72791
2022-01-17 13:03:45.501745,84.31831,84.4415,85.41406
2022-01-17 13:03:46.001221,84.00888,84.184,85.41406
2022-01-17 13:03:46.508695,84.36905,84.751,85.64968
2022-01-17 13:03:47.006740,84.36905,84.95775,85.64968
2022-01-17 13:03:47.501854,83.49276,83.92525,85.92395
2022-01-17 13:03:48.001918,84.78245,85.0085,85.92395
2022-01-17 13:03:48.504263,83.64747,84.132,85.68833
2022-01-17 13:03:49.002069,84.67848,85.1125,85.68833
2022-01-17 13:03:49.508924,84.11161,84.4935,86.47437
2022-01-17 13:03:50.006313,83.85417,84.02925,86.47437
2022-01-17 13:03:50.502187,84.31831,84.85375,86.27739
2022-01-17 13:03:51.002459,83.80219,84.3895,86.27739
2022-01-17 13:03:51.505753,84.52377,84.90575,86.31697
2022-01-17 13:03:52.001988,83.44078,83.92525,86.31697
2022-01-17 13:03:52.505718,84.36905,84.54425,85.25666
2022-01-17 13:03:53.004237,83.85417,83.97725,85.25666
2022-01-17 13:03:53.509689,84.78245,85.16325,85.84572
2022-01-17 13:03:54.010492,83.85417,84.33875,85.84572
2022-01-17 13:03:54.508302,84.21434,84.4935,85.41406
2022-01-17 13:03:55.006292,84.11161,84.3895,85.41406
2022-01-17 13:03:55.502340,84.47302,84.85375,85.33489
2022-01-17 13:03:56.005126,84.47302,84.95775,85.33489
2022-01-17 13:03:56.504485,83.54475,83.97725,86.08135
2022-01-17 13:03:57.005114,84.26632,84.4415,86.08135
2022-01-17 13:03:57.508600,84.47302,85.0085,84.78541
2022-01-17 13:03:58.006820,84.00888,84.59625,84.78541
2022-01-17 13:03:58.502471,84.47302,84.85375,85.88531
2022-01-17 13:03:59.002311,83.90492,84.184,85.88531
2022-01-17 13:03:59.506906,84.05963,84.4935,85.92395
2022-01-17 13:04:00.005565,83.90492,84.54425,85.92395
2022-01-17 13:04:00.506625,84.31831,84.54425,85.06062
2022-01-17 13:04:01.010829,84.21434,84.4415,85.06062
2022-01-17 13:04:01.509097,84.26632,84.699,86.19916
2022-01-17 13:04:02.009836,84.11161,84.54425,86.19916
2022-01-17 13:04:02.506744,83.9569,84.3895,85.6101
2022-01-17 13:04:03.004726,84.36905,84.751,85.6101
2022-01-17 13:04:03.502263,83.59549,84.28675,85.57051
2022-01-17 13:04:04.003361,84.11161,84.4935,85.57051
2022-01-17 13:04:04.509717,84.31831,84.54425,85.29625
2022-01-17 13:04:05.007550,84.36905,84.699,85.29625
2022-01-17 13:04:05.505615,84.26632,84.59625,85.80614
2022-01-17 13:04:06.008396,83.69946,84.08,85.80614
2022-01-17 13:04:06.504899,84.26632,84.54425,85.25666
2022-01-17 13:04:07.005241,83.9569,84.59625,85.25666
2022-01-17 13:04:07.510267,84.21434,84.4415,86.00312
2022-01-17 13:04:08.504565,84.11161,84.59625,85.33489
2022-01-17 13:04:09.006883,84.57575,85.0605,85.33489
2022-01-17 13:04:09.509059,83.69946,84.184,85.64968
2022-01-17 13:04:10.006250,84.73046,85.0085,85.64968
2022-01-17 13:04:10.501306,83.33805,83.92525,86.19916
2022-01-17 13:04:11.002683,84.78245,85.1125,86.19916
2022-01-17 13:04:11.509262,83.80219,84.28675,86.35656
2022-01-17 13:04:12.008785,84.11161,84.54425,86.35656
2022-01-17 13:04:12.505185,84.21434,84.59625,85.41406
2022-01-17 13:04:13.004202,83.80219,84.28675,85.41406
2022-01-17 13:04:13.510409,84.47302,84.90575,85.41406
2022-01-17 13:04:14.009251,84.11161,84.803,85.41406
2022-01-17 13:04:14.510009,84.11161,84.23475,85.68833
2022-01-17 13:04:15.011142,83.9569,84.33875,85.68833
2022-01-17 13:04:15.505842,84.52377,84.751,85.29625
2022-01-17 13:04:16.002861,84.36905,84.751,85.29625
2022-01-17 13:04:16.508435,84.00888,84.4415,85.53187
2022-01-17 13:04:17.002860,83.9569,84.33875,85.53187
2022-01-17 13:04:17.505003,83.85417,84.4415,86.04176
2022-01-17 13:04:18.010060,84.78245,85.16325,86.04176
2022-01-17 13:04:18.510427,83.59549,84.184,86.43479
2022-01-17 13:04:19.007580,84.62773,84.64825,86.43479
2022-01-17 13:04:19.502268,83.85417,84.02925,86.04176
2022-01-17 13:04:20.010845,84.26632,84.64825,86.04176
2022-01-17 13:04:20.508742,83.9569,84.3895,85.37447
2022-01-17 13:04:21.006757,84.00888,84.54425,85.37447
2022-01-17 13:04:21.502367,84.00888,84.23475,85.72791
2022-01-17 13:04:22.002053,84.11161,84.85375,85.72791
2022-01-17 13:04:22.508048,84.11161,84.184,86.47437
2022-01-17 13:04:23.008895,84.62773,84.85375,86.47437
2022-01-17 13:04:23.504132,84.31831,84.64825,84.98145
2022-01-17 13:04:24.002680,83.80219,84.28675,84.98145
2022-01-17 13:04:24.507822,84.21434,84.699,85.68833
2022-01-17 13:04:25.005800,84.31831,84.803,85.68833
2022-01-17 13:04:25.509817,84.1636,84.64825,85.80614
2022-01-17 13:04:26.008252,84.00888,84.4415,85.80614
2022-01-17 13:04:26.506846,84.42104,84.803,85.7675
2022-01-17 13:04:27.005944,84.11161,84.4935,85.7675
2022-01-17 13:04:27.509637,84.47302,84.751,85.88531
2022-01-17 13:04:28.006784,83.90492,84.54425,85.88531
2022-01-17 13:04:28.503390,83.90492,84.132,85.33489
2022-01-17 13:04:29.002395,84.11161,84.803,85.33489
2022-01-17 13:04:29.502093,84.00888,84.23475,85.7675
2022-01-17 13:04:30.002219,84.62773,85.16325,85.7675
2022-01-17 13:04:30.507756,83.85417,84.08,85.72791
2022-01-17 13:04:31.010348,84.36905,84.85375,85.72791
2022-01-17 13:04:31.508543,83.9569,84.54425,85.37447
2022-01-17 13:04:32.010463,84.21434,84.33875,85.37447
2022-01-17 13:04:32.505324,84.00888,84.54425,85.29625
2022-01-17 13:04:33.004678,83.9569,84.184,85.29625
2022-01-17 13:04:33.510525,83.9569,84.54425,86.51301
2022-01-17 13:04:34.009501,84.31831,84.64825,86.51301
2022-01-17 13:04:34.503365,84.83319,85.0085,85.41406
2022-01-17 13:04:35.003775,83.59549,83.97725,85.41406
2022-01-17 13:04:35.509817,84.57575,85.0085,85.84572
2022-01-17 13:04:36.007910,83.85417,84.28675,85.84572
2022-01-17 13:04:36.502853,84.31831,84.4935,85.49229
2022-01-17 13:04:37.504206,83.85417,84.132,85.49229
2022-01-17 13:04:38.004163,84.62773,84.803,85.49229
2022-01-17 13:04:38.506391,84.21434,84.699,86.5526
2022-01-17 13:04:39.004709,84.00888,84.3895,86.5526
2022-01-17 13:04:39.510711,84.1636,84.4935,85.02104
2022-01-17 13:04:40.009551,84.31831,84.699,85.02104
2022-01-17 13:04:40.506996,84.00888,84.699,85.4527
2022-01-17 13:04:41.005182,84.05963,84.184,85.4527
2022-01-17 13:04:41.510899,83.39003,83.565,86.31697
2022-01-17 13:04:42.008890,84.83319,84.85375,86.31697
2022-01-17 13:04:42.505073,84.31831,84.54425,236.92093
2022-01-17 13:04:43.010441,83.44078,83.8225,236.92093
2022-01-17 13:04:43.505116,84.83319,84.751,217.59968
2022-01-17 13:04:44.003480,83.44078,84.132,217.59968
2022-01-17 13:04:44.508991,84.31831,84.699,151.78114
2022-01-17 13:04:45.009703,84.00888,84.132,151.78114
2022-01-17 13:04:45.506116,83.85417,83.92525,99.27635
2022-01-17 13:04:46.005857,84.1636,84.3895,99.27635
2022-01-17 13:04:46.501371,83.9569,84.4415,95.9776
2022-01-17 13:04:47.010971,83.7502,84.08,95.9776
2022-01-17 13:04:47.502648,83.85417,84.4415,89.10489
2022-01-17 13:04:48.001194,84.31831,84.54425,89.10489
2022-01-17 13:04:48.509446,84.31831,84.751,88.67322
2022-01-17 13:04:49.009090,84.11161,84.3895,88.67322
2022-01-17 13:04:49.507536,84.47302,84.699,86.12093
2022-01-17 13:04:50.005802,83.90492,84.4415,86.12093
2022-01-17 13:04:50.505515,84.11161,84.33875,85.72791
2022-01-17 13:04:51.004001,83.9569,84.803,85.72791
2022-01-17 13:04:51.510689,84.00888,84.3895,86.27739
2022-01-17 13:04:52.010197,84.42104,85.0085,86.27739
2022-01-17 13:04:52.503694,84.00888,84.184,86.74864
2022-01-17 13:04:53.002599,84.57575,84.751,86.74864
2022-01-17 13:04:53.503289,83.90492,84.3895,86.04176
2022-01-17 13:04:54.004186,84.05963,84.33875,86.04176
2022-01-17 13:04:54.508977,84.31831,84.751,86.15958
2022-01-17 13:04:55.006523,84.00888,84.4935,86.15958
2022-01-17 13:04:55.502161,83.9569,84.85375,86.27739
2022-01-17 13:04:56.010835,84.31831,84.4415,86.27739
2022-01-17 13:04:56.506519,84.62773,84.699,85.25666
2022-01-17 13:04:57.006409,83.80219,84.4935,85.25666
2022-01-17 13:04:57.502052,84.52377,84.85375,85.37447
2022-01-17 13:04:58.008169,83.59549,84.23475,85.37447
2022-01-17 13:04:58.503561,84.57575,84.803,85.57051
2022-01-17 13:04:59.002132,83.90492,84.751,85.57051
2022-01-17 13:04:59.509980,84.11161,84.33875,85.33489
2022-01-17 13:05:00.009971,84.78245,84.95775,85.33489
2022-01-17 13:05:00.511295,83.9569,84.28675,85.88531
2022-01-17 13:05:01.001595,84.62773,84.803,85.88531
2022-01-17 13:05:01.507312,83.69946,84.132,85.57051
2022-01-17 13:05:02.004097,84.42104,84.85375,85.57051
2022-01-17 13:05:02.509338,83.69946,84.3895,86.23875
2022-01-17 13:05:03.008326,84.31831,84.54425,86.23875
2022-01-17 13:05:03.504116,84.42104,84.699,86.27739
2022-01-17 13:05:04.005141,84.26632,84.54425,86.27739
2022-01-17 13:05:05.004395,83.59549,84.132,86.12093
2022-01-17 13:05:05.509184,84.57575,84.751,85.64968
2022-01-17 13:05:06.007440,83.64747,84.33875,85.64968
2022-01-17 13:05:06.505880,84.36905,84.64825,86.23875
2022-01-17 13:05:07.010368,84.00888,84.54425,86.23875
2022-01-17 13:05:07.507283,84.11161,84.4935,85.37447
2022-01-17 13:05:08.009153,84.42104,84.64825,85.37447
2022-01-17 13:05:08.507856,84.05963,84.59625,85.57051
2022-01-17 13:05:09.006814,84.47302,84.751,85.57051
2022-01-17 13:05:09.501878,83.80219,84.3895,85.25666
2022-01-17 13:05:10.009565,84.36905,84.54425,85.25666
2022-01-17 13:05:10.509296,83.80219,84.28675,85.68833
2022-01-17 13:05:11.009957,84.52377,84.95775,85.68833
2022-01-17 13:05:11.505057,84.21434,84.33875,85.4527
2022-01-17 13:05:12.003087,84.00888,84.4415,85.4527
2022-01-17 13:05:12.506721,84.26632,84.4415,85.7675
2022-01-17 13:05:13.005547,84.21434,84.803,85.7675
2022-01-17 13:05:13.504798,84.36905,84.751,85.25666
2022-01-17 13:05:14.003592,83.44078,83.97725,85.25666
2022-01-17 13:05:14.503402,84.47302,84.699,85.6101
2022-01-17 13:05:15.002457,84.36905,84.4415,85.6101
2022-01-17 13:05:15.510858,84.31831,84.90575,85.49229
2022-01-17 13:05:16.008796,84.1636,84.4415,85.49229
2022-01-17 13:05:16.511123,83.9569,84.3895,85.88531
2022-01-17 13:05:17.002906,84.26632,84.4415,85.88531
2022-01-17 13:05:17.508610,84.26632,85.0605,85.25666
2022-01-17 13:05:18.008806,83.9569,84.4935,85.25666
2022-01-17 13:05:18.511332,84.21434,84.33875,85.4527
2022-01-17 13:05:19.001624,84.31831,84.64825,85.4527
2022-01-17 13:05:19.506570,84.31831,84.54425,86.23875
2022-01-17 13:05:20.004737,83.90492,84.59625,86.23875
2022-01-17 13:05:20.506102,84.47302,84.64825,85.41406
2022-01-17 13:05:21.005835,83.80219,84.3895,85.41406
2022-01-17 13:05:21.504156,84.42104,84.59625,85.33489
2022-01-17 13:05:22.001638,84.11161,84.54425,85.33489
2022-01-17 13:05:22.501865,83.9569,84.33875,85.7675
2022-01-17 13:05:23.004911,84.36905,84.59625,85.7675
2022-01-17 13:05:23.506302,83.90492,84.59625,86.00312
2022-01-17 13:05:24.006515,84.52377,84.751,86.00312
2022-01-17 13:05:24.501609,83.9569,84.4935,85.92395
2022-01-17 13:05:25.001689,84.11161,84.54425,85.92395
2022-01-17 13:05:25.510445,84.31831,84.54425,85.68833
2022-01-17 13:05:26.009547,84.1636,84.28675,85.68833
2022-01-17 13:05:26.506341,84.1636,84.59625,85.29625
2022-01-17 13:05:27.004576,83.85417,84.33875,85.41406
2022-01-17 13:05:28.502757,84.52377,84.90575,85.80614
2022-01-17 13:05:29.001150,83.7502,84.33875,85.80614
2022-01-17 13:05:29.509634,84.62773,84.803,86.19916
2022-01-17 13:05:30.010827,84.36905,84.28675,86.19916
2022-01-17 13:05:30.506114,83.80219,84.4935,85.4527
2022-01-17 13:05:31.010270,84.1636,84.64825,85.4527
2022-01-17 13:05:31.508233,84.36905,84.85375,86.00312
2022-01-17 13:05:32.008907,84.11161,84.3895,86.00312
2022-01-17 13:05:32.501982,83.80219,84.4415,85.29625
2022-01-17 13:05:33.001212,84.36905,84.64825,85.29625
2022-01-17 13:05:33.506175,84.21434,84.08,85.49229
2022-01-17 13:05:34.007420,84.57575,85.1125,85.49229
2022-01-17 13:05:34.509817,83.7502,84.132,85.4527
2022-01-17 13:05:35.010430,84.05963,84.54425,85.4527
2022-01-17 13:05:35.505270,84.47302,84.751,85.80614
2022-01-17 13:05:36.002804,83.69946,84.59625,85.80614
2022-01-17 13:05:36.508956,84.52377,84.751,86.51301
2022-01-17 13:05:37.004852,84.36905,84.3895,86.51301
2022-01-17 13:05:37.509410,84.57575,85.1125,84.825
2022-01-17 13:05:38.006961,84.11161,84.54425,84.825
2022-01-17 13:05:38.502411,84.00888,84.699,86.15958
2022-01-17 13:05:39.001258,84.1636,84.33875,86.15958
2022-01-17 13:05:39.506856,84.00888,84.59625,85.64968
2022-01-17 13:05:40.006438,84.36905,84.85375,85.64968
2022-01-17 13:05:40.504371,84.31831,84.33875,86.15958
2022-01-17 13:05:41.001744,84.26632,84.59625,86.15958
2022-01-17 13:05:41.509483,84.05963,84.33875,84.70718
2022-01-17 13:05:42.008318,84.21434,84.90575,84.70718
2022-01-17 13:05:42.506793,84.31831,84.54425,85.88531
2022-01-17 13:05:43.005333,83.59549,84.184,85.88531
2022-01-17 13:05:43.509861,84.31831,84.4935,85.49229
2022-01-17 13:05:44.002531,84.52377,84.85375,85.49229
2022-01-17 13:05:44.502967,83.85417,84.33875,85.68833
2022-01-17 13:05:45.001026,84.36905,84.699,85.68833
2022-01-17 13:05:45.505646,84.1636,84.803,85.41406
2022-01-17 13:05:46.006219,84.11161,84.3895,85.41406
2022-01-17 13:05:46.502098,84.05963,84.54425,85.37447
2022-01-17 13:05:47.001842,84.05963,84.54425,85.37447
2022-01-17 13:05:47.504686,84.05963,84.4415,86.04176
2022-01-17 13:05:48.003578,84.1636,84.699,86.04176
2022-01-17 13:05:48.507366,84.1636,84.54425,85.4527
2022-01-17 13:05:49.004792,83.85417,84.4935,85.4527
2022-01-17 13:05:49.509745,84.62773,84.95775,85.37447
2022-01-17 13:05:50.006067,84.36905,84.90575,85.37447
2022-01-17 13:05:50.501800,84.00888,84.28675,86.43479
2022-01-17 13:05:51.010952,83.85417,84.4935,86.43479
2022-01-17 13:05:51.508839,84.31831,84.699,85.96354
2022-01-17 13:05:52.007229,84.52377,84.699,85.96354
2022-01-17 13:05:52.502572,83.80219,84.4935,85.6101
2022-01-17 13:05:53.005909,84.31831,84.4415,85.6101
2022-01-17 13:05:53.502404,83.9569,84.59625,85.4527
2022-01-17 13:05:54.001058,84.36905,84.751,85.4527
2022-01-17 13:05:54.510457,83.9569,84.4935,85.57051
2022-01-17 13:05:55.009356,84.36905,84.803,85.57051
2022-01-17 13:05:56.004899,84.36905,84.85375,85.29625
2022-01-17 13:05:56.501160,84.1636,84.33875,85.92395
2022-01-17 13:05:57.010838,84.26632,84.803,85.92395
2022-01-17 13:05:57.509767,84.11161,84.4935,85.88531
2022-01-17 13:05:58.001340,83.80219,84.3895,85.88531
2022-01-17 13:05:58.508555,84.62773,84.85375,86.04176
2022-01-17 13:05:59.006685,84.1636,84.33875,86.04176
2022-01-17 13:05:59.510853,84.42104,85.0085,86.31697
2022-01-17 13:06:00.009758,83.90492,84.132,86.31697
2022-01-17 13:06:00.501275,84.31831,84.85375,85.4527
2022-01-17 13:06:01.001105,84.42104,84.64825,85.4527
2022-01-17 13:06:01.509190,83.59549,83.97725,86.12093
2022-01-17 13:06:02.007444,84.57575,84.95775,86.12093
2022-01-17 13:06:02.504787,84.11161,84.4415,85.84572
2022-01-17 13:06:03.004054,84.21434,84.751,85.84572
2022-01-17 13:06:03.509130,84.05963,84.23475,86.08135
2022-01-17 13:06:04.002167,84.21434,84.85375,86.08135
2022-01-17 13:06:04.502341,84.31831,84.751,86.27739
2022-01-17 13:06:05.001507,84.05963,84.54425,86.27739
2022-01-17 13:06:05.509783,84.1636,84.4415,85.17843
2022-01-17 13:06:06.008092,84.1636,84.59625,85.17843
2022-01-17 13:06:06.501857,84.42104,84.751,86.71
2022-01-17 13:06:07.010689,84.31831,84.4935,86.71
2022-01-17 13:06:07.505789,83.90492,84.54425,85.64968
2022-01-17 13:06:08.005564,84.31831,84.803,85.64968
2022-01-17 13:06:08.504910,83.90492,84.4415,86.04176
2022-01-17 13:06:09.002918,84.1636,84.64825,86.04176
2022-01-17 13:06:09.508968,83.7502,84.23475,85.53187
2022-01-17 13:06:10.008260,84.52377,84.85375,85.53187
2022-01-17 13:06:10.503353,84.47302,84.4935,85.53187
2022-01-17 13:06:11.005341,83.90492,84.33875,85.53187
2022-01-17 13:06:11.510377,84.1636,84.4415,85.80614
2022-01-17 13:06:12.008929,84.21434,84.699,85.80614
2022-01-17 13:06:12.508866,84.00888,84.4415,85.84572
2022-01-17 13:06:13.008030,83.85417,84.59625,85.84572
2022-01-17 13:06:13.503475,84.05963,84.3895,85.88531
2022-01-17 13:06:14.002456,84.52377,84.4935,85.88531
2022-01-17 13:06:14.502634,84.47302,84.699,85.4527
2022-01-17 13:06:15.003576,84.47302,84.95775,85.4527
2022-01-17 13:06:15.510782,83.54475,84.08,85.96354
2022-01-17 13:06:16.009171,84.31831,84.64825,85.96354
2022-01-17 13:06:16.502845,83.69946,84.33875,85.64968
2022-01-17 13:06:17.010964,84.67848,85.318,85.64968
2022-01-17 13:06:17.506051,84.11161,84.184,85.6101
2022-01-17 13:06:18.003060,84.00888,84.4415,85.6101
2022-01-17 13:06:18.509151,84.05963,84.28675,85.96354
2022-01-17 13:06:19.007009,84.36905,84.90575,85.96354
2022-01-17 13:06:19.503199,84.1636,84.64825,86.43479
2022-01-17 13:06:20.001598,83.33805,84.02925,86.43479
2022-01-17 13:06:20.507542,84.42104,85.0085,85.72791
2022-01-17 13:06:21.007909,84.05963,84.3895,85.72791
2022-01-17 13:06:21.510812,84.67848,84.95775,85.49229
2022-01-17 13:06:22.002025,83.9569,84.4415,85.49229
2022-01-17 13:06:22.506558,83.9569,84.4415,85.33489
2022-01-17 13:06:23.005605,84.52377,84.751,85.33489
2022-01-17 13:06:23.504248,83.80219,84.23475,85.49229
2022-01-17 13:06:24.003797,84.26632,84.90575,85.49229
2022-01-17 13:06:24.501504,83.90492,84.33875,85.7675
2022-01-17 13:06:25.005860,84.57575,84.90575,85.7675
2022-01-17 13:06:25.502370,84.42104,84.33875,85.68833
2022-01-17 13:06:26.001195,83.9569,84.699,85.68833
2022-01-17 13:06:26.507545,84.21434,84.64825,85.57051
2022-01-17 13:06:27.006891,84.1636,84.4415,85.57051
2022-01-17 13:06:27.502349,84.26632,84.64825,85.96354
2022-01-17 13:06:28.002409,83.69946,84.3895,85.96354
2022-01-17 13:06:28.508676,84.52377,84.95775,85.68833
2022-01-17 13:06:29.005879,84.05963,84.28675,85.68833
2022-01-17 13:06:29.504694,84.1636,84.54425,86.00312
2022-01-17 13:06:30.010385,84.31831,84.4935,86.00312
2022-01-17 13:06:30.506167,84.11161,84.54425,85.41406
2022-01-17 13:06:31.005693,84.26632,84.59625,85.41406
2022-01-17 13:06:32.005078,84.1636,84.4935,85.96354
2022-01-17 13:06:32.510462,84.31831,84.28675,85.7675
2022-01-17 13:06:33.009824,84.21434,84.751,85.7675
2022-01-17 13:06:33.506291,84.11161,84.59625,85.57051
2022-01-17 13:06:34.005753,83.85417,84.23475,85.57051
2022-01-17 13:06:34.501721,84.47302,84.85375,86.27739
2022-01-17 13:06:35.001765,83.69946,84.33875,86.27739
2022-01-17 13:06:35.502331,84.67848,85.0605,85.64968
2022-01-17 13:06:36.003030,83.9569,84.08,85.64968
2022-01-17 13:06:36.510674,84.00888,84.23475,86.94562
2022-01-17 13:06:37.010342,84.1636,84.59625,86.94562
2022-01-17 13:06:37.510343,83.9569,84.4935,85.41406
2022-01-17 13:06:38.008493,84.36905,84.803,85.41406
2022-01-17 13:06:39.005765,84.21434,84.64825,85.57051
2022-01-17 13:06:39.502275,84.52377,84.699,86.15958
2022-01-17 13:06:40.001352,84.1636,84.751,86.15958
2022-01-17 13:06:40.509722,84.1636,84.23475,85.68833
2022-01-17 13:06:41.010328,84.11161,84.4415,85.68833
2022-01-17 13:06:41.504746,84.31831,85.0085,85.37447
2022-01-17 13:06:42.008759,83.54475,83.8745,85.37447
2022-01-17 13:06:42.507818,84.52377,84.90575,85.21708
2022-01-17 13:06:43.006952,83.64747,83.97725,85.21708
2022-01-17 13:06:43.510763,84.88517,85.1125,85.64968
2022-01-17 13:06:44.008769,84.26632,84.4935,85.64968
2022-01-17 13:06:44.502766,83.90492,84.28675,85.92395
2022-01-17 13:06:45.003776,84.47302,84.803,85.92395
2022-01-17 13:06:45.510037,84.05963,84.59625,85.64968
2022-01-17 13:06:46.009906,84.31831,84.90575,85.64968
2022-01-17 13:06:46.505445,83.54475,84.132,86.00312
2022-01-17 13:06:47.010387,84.57575,84.90575,86.00312
2022-01-17 13:06:47.508065,84.26632,84.28675,86.12093
2022-01-17 13:06:48.008680,84.26632,84.803,86.12093
2022-01-17 13:06:48.509349,83.90492,84.23475,84.94281
2022-01-17 13:06:49.009042,83.64747,84.28675,84.94281
2022-01-17 13:06:49.510038,84.52377,84.95775,85.37447
2022-01-17 13:06:50.009228,83.54475,84.08,85.37447
2022-01-17 13:06:50.508718,84.57575,84.90575,85.53187
2022-01-17 13:06:51.006589,84.52377,84.59625,85.53187
2022-01-17 13:06:51.503241,84.00888,84.3895,85.6101
2022-01-17 13:06:52.001401,84.47302,84.64825,85.6101
2022-01-17 13:06:52.509770,83.80219,84.33875,87.02385
2022-01-17 13:06:53.001119,84.11161,84.699,87.02385
2022-01-17 13:06:53.507256,83.7502,84.54425,85.64968
2022-01-17 13:06:54.007532,84.52377,84.803,85.64968
2022-01-17 13:06:54.501262,84.1636,84.3895,85.96354
2022-01-17 13:06:55.009498,84.83319,84.95775,85.96354
2022-01-17 13:06:55.506648,83.80219,84.184,86.31697
2022-01-17 13:06:56.006307,84.31831,84.90575,86.31697
2022-01-17 13:06:56.504888,84.00888,84.4415,86.15958
2022-01-17 13:06:57.003330,83.49276,84.184,86.15958
2022-01-17 13:06:57.509331,84.36905,84.803,85.53187
2022-01-17 13:06:58.008498,84.36905,84.751,85.53187
2022-01-17 13:06:58.505045,84.26632,84.3895,86.08135
2022-01-17 13:06:59.004265,84.26632,84.54425,86.08135
2022-01-17 13:06:59.509332,83.90492,84.28675,86.08135
2022-01-17 13:07:00.009342,84.73046,85.21525,86.08135
2022-01-17 13:07:00.504954,83.7502,84.184,85.57051
2022-01-17 13:07:01.001965,84.31831,84.59625,85.57051
2022-01-17 13:07:01.508951,83.90492,84.23475,86.00312
2022-01-17 13:07:02.010240,84.26632,84.64825,86.00312
2022-01-17 13:07:02.509728,84.42104,84.64825,85.96354
2022-01-17 13:07:03.008821,83.80219,84.23475,85.96354
2022-01-17 13:07:03.504026,84.00888,84.33875,85.7675
2022-01-17 13:07:04.004305,83.54475,83.8225,85.7675
2022-01-17 13:07:05.005541,83.18334,83.513,236.52791
2022-01-17 13:07:05.502443,84.47302,84.59625,221.3301
2022-01-17 13:07:06.002940,84.1636,84.33875,221.3301
2022-01-17 13:07:06.508253,83.69946,83.97725,176.40395
2022-01-17 13:07:07.008230,84.52377,85.0085,176.40395
2022-01-17 13:07:07.503020,83.54475,83.8745,114.78801
2022-01-17 13:07:08.003221,84.47302,84.803,114.78801
2022-01-17 13:07:08.510653,83.64747,84.28675,96.44885
2022-01-17 13:07:09.007793,83.7502,83.92525,96.44885
2022-01-17 13:07:09.508178,84.42104,84.4415,94.25
2022-01-17 13:07:10.004194,84.26632,84.54425,94.25
2022-01-17 13:07:10.507449,84.26632,84.699,86.86645
2022-01-17 13:07:11.010866,83.90492,84.23475,86.86645
2022-01-17 13:07:11.509266,84.67848,84.85375,86.47437
2022-01-17 13:07:12.008447,83.64747,84.132,86.47437
2022-01-17 13:07:12.505675,84.9879,85.318,86.12093
2022-01-17 13:07:13.005760,83.80219,84.02925,86.12093
2022-01-17 13:07:13.501627,84.26632,84.54425,86.5526
2022-01-17 13:07:14.011034,84.26632,84.59625,86.5526
2022-01-17 13:07:14.506613,84.31831,84.699,86.23875
2022-01-17 13:07:15.005020,84.47302,84.751,86.23875
2022-01-17 13:07:15.503407,83.59549,84.08,86.19916
2022-01-17 13:07:16.003097,84.26632,84.59625,86.19916
2022-01-17 13:07:16.508448,84.52377,84.803,85.41406
2022-01-17 13:07:17.008680,84.26632,84.4935,85.41406
2022-01-17 13:07:17.505085,84.00888,84.4415,86.59218
2022-01-17 13:07:18.011153,84.05963,84.54425,86.59218
2022-01-17 13:07:18.503856,84.31831,84.751,85.6101
2022-01-17 13:07:19.005175,84.05963,84.64825,85.6101
2022-01-17 13:07:19.501768,84.11161,84.64825,85.7675
2022-01-17 13:07:20.011166,83.54475,84.08,85.7675
2022-01-17 13:07:20.508742,84.93716,85.21525,85.33489
2022-01-17 13:07:21.007999,84.42104,84.699,85.33489
2022-01-17 13:07:21.504175,83.85417,84.33875,85.53187
2022-01-17 13:07:22.003547,84.36905,85.0085,85.53187
2022-01-17 13:07:22.507497,83.85417,84.132,85.57051
2022-01-17 13:07:23.006966,84.47302,84.85375,85.57051
2022-01-17 13:07:23.501722,83.9569,84.4415,86.00312
2022-01-17 13:07:24.505212,84.73046,84.90575,85.49229
2022-01-17 13:07:25.003317,84.21434,84.64825,85.49229
2022-01-17 13:07:25.501916,84.1636,84.4935,85.7675
2022-01-17 13:07:26.010703,84.05963,84.4415,85.7675
2022-01-17 13:07:26.504627,83.9569,84.59625,85.84572
2022-01-17 13:07:27.003282,83.90492,84.4935,85.84572
2022-01-17 13:07:27.510245,84.21434,84.4415,85.84572
2022-01-17 13:07:28.010677,84.31831,84.54425,85.84572
2022-01-17 13:07:28.505468,84.31831,84.59625,85.7675
2022-01-17 13:07:29.005110,84.47302,84.803,85.7675
2022-01-17 13:07:29.501806,84.00888,84.28675,86.90604
2022-01-17 13:07:30.003849,84.36905,84.803,86.90604
2022-01-17 13:07:30.510738,83.80219,84.4415,85.4527
2022-01-17 13:07:31.010683,84.21434,84.54425,85.4527
2022-01-17 13:07:31.507253,84.36905,84.4935,86.04176
2022-01-17 13:07:32.010249,84.31831,84.54425,86.04176
2022-01-17 13:07:32.506302,84.42104,84.85375,86.08135
2022-01-17 13:07:33.005361,84.26632,84.699,86.08135
2022-01-17 13:07:33.501749,84.05963,84.33875,86.04176
2022-01-17 13:07:34.009912,83.90492,84.54425,86.04176
2022-01-17 13:07:34.507881,84.52377,84.90575,85.88531
2022-01-17 13:07:35.005676,83.85417,84.28675,85.88531
2022-01-17 13:07:35.501440,84.11161,84.33875,85.4527
2022-01-17 13:07:36.006899,84.31831,84.54425,85.4527
2022-01-17 13:07:36.504075,84.05963,84.4935,85.6101
2022-01-17 13:07:37.002231,84.73046,85.1125,85.6101
2022-01-17 13:07:37.508601,83.54475,84.02925,86.23875
2022-01-17 13:07:38.005789,84.26632,84.54425,86.23875
2022-01-17 13:07:38.510030,83.9569,84.33875,85.06062
2022-01-17 13:07:39.009838,84.47302,84.803,85.06062
2022-01-17 13:07:39.503974,84.36905,84.803,86.43479
2022-01-17 13:07:40.002253,83.85417,84.28675,86.43479
2022-01-17 13:07:40.509594,84.36905,84.64825,85.92395
2022-01-17 13:07:41.006565,84.36905,84.85375,85.92395
2022-01-17 13:07:41.510704,84.42104,84.699,85.84572
2022-01-17 13:07:42.004085,83.54475,84.132,85.84572
2022-01-17 13:07:42.503501,84.42104,84.4935,86.08135
2022-01-17 13:07:43.003616,84.42104,84.751,86.08135
2022-01-17 13:07:43.509553,84.11161,84.59625,85.84572
2022-01-17 13:07:44.001862,84.47302,84.90575,85.84572
2022-01-17 13:07:44.510302,83.64747,84.184,85.88531
2022-01-17 13:07:45.010299,84.73046,84.751,85.88531
2022-01-17 13:07:45.507079,84.00888,84.699,85.72791
2022-01-17 13:07:46.007543,83.80219,83.92525,85.72791
2022-01-17 13:07:46.503243,84.57575,84.90575,85.33489
2022-01-17 13:07:47.002531,83.9569,84.23475,85.33489
2022-01-17 13:07:47.508316,84.57575,84.95775,85.68833
2022-01-17 13:07:48.001023,83.7502,84.28675,85.68833
2022-01-17 13:07:48.510618,84.1636,84.59625,85.88531
2022-01-17 13:07:49.009069,83.90492,84.54425,85.88531
2022-01-17 13:07:49.506924,84.26632,84.33875,85.4527
2022-01-17 13:07:50.005142,84.36905,84.85375,85.4527
2022-01-17 13:07:50.501993,84.1636,84.59625,85.4527
2022-01-17 13:07:51.001491,84.21434,84.59625,85.4527
2022-01-17 13:07:51.509566,83.69946,84.08,85.6101
2022-01-17 13:07:52.009027,84.62773,84.85375,85.6101
2022-01-17 13:07:52.503558,83.80219,84.33875,86.08135
2022-01-17 13:07:53.004316,84.1636,84.64825,86.08135
2022-01-17 13:07:53.501172,84.26632,84.59625,85.49229
2022-01-17 13:07:54.010221,84.11161,84.4415,85.49229
2022-01-17 13:07:54.507155,84.42104,84.803,86.00312
2022-01-17 13:07:55.007321,83.69946,84.02925,86.00312
2022-01-17 13:07:55.502471,84.36905,84.59625,86.19916
2022-01-17 13:07:56.007202,83.85417,84.33875,86.19916
2022-01-17 13:07:56.502090,84.36905,84.64825,85.29625
2022-01-17 13:07:57.001567,83.9569,84.59625,85.29625
2022-01-17 13:07:57.508867,84.47302,84.699,86.43479
2022-01-17 13:07:58.009634,84.42104,84.59625,86.43479
2022-01-17 13:07:58.505393,83.85417,84.184,85.96354
2022-01-17 13:07:59.005475,84.52377,84.95775,85.96354
2022-01-17 13:07:59.502263,83.7502,84.33875,86.19916
2022-01-17 13:08:00.002836,84.62773,85.0605,86.19916
2022-01-17 13:08:00.506876,83.33805,84.08,86.23875
2022-01-17 13:08:01.004110,84.78245,84.90575,86.23875
2022-01-17 13:08:01.507034,84.42104,84.64825,85.49229
2022-01-17 13:08:02.006349,84.1636,84.64825,85.49229
2022-01-17 13:08:03.004467,83.90492,84.28675,85.68833
2022-01-17 13:08:03.503474,84.36905,84.803,85.37447
2022-01-17 13:08:04.001723,83.7502,84.64825,85.37447
2022-01-17 13:08:04.501190,84.05963,84.3895,86.00312
2022-01-17 13:08:05.001684,84.36905,84.59625,86.00312
2022-01-17 13:08:05.507191,84.47302,84.803,85.57051
2022-01-17 13:08:06.008344,84.36905,84.699,85.57051
2022-01-17 13:08:06.503813,83.59549,84.08,85.68833
2022-01-17 13:08:07.002626,84.57575,84.85375,85.68833
2022-01-17 13:08:07.509033,83.49276,84.33875,86.43479
2022-01-17 13:08:08.008538,84.47302,84.751,86.43479
2022-01-17 13:08:08.503273,84.1636,84.3895,86.27739
2022-01-17 13:08:09.008286,84.26632,84.54425,86.27739
2022-01-17 13:08:09.504085,84.36905,84.699,86.04176
2022-01-17 13:08:10.001399,84.26632,84.751,86.04176
2022-01-17 13:08:10.505007,84.05963,84.33875,86.35656
2022-01-17 13:08:11.005110,84.00888,84.751,86.35656
2022-01-17 13:08:11.511108,84.1636,84.3895,86.08135
2022-01-17 13:08:12.010714,84.31831,84.59625,86.08135
2022-01-17 13:08:12.508016,84.1636,84.33875,85.09926
2022-01-17 13:08:13.011044,84.05963,84.4415,85.09926
2022-01-17 13:08:13.505428,84.1636,84.59625,85.09926
2022-01-17 13:08:14.005353,84.26632,84.4935,85.09926
2022-01-17 13:08:14.506198,84.21434,84.803,85.29625
2022-01-17 13:08:15.009287,84.11161,84.54425,85.29625
2022-01-17 13:08:15.504901,83.90492,84.33875,86.04176
2022-01-17 13:08:16.002504,84.31831,84.4935,86.04176
2022-01-17 13:08:16.502174,84.78245,84.90575,86.04176
2022-01-17 13:08:17.002277,83.69946,84.23475,86.04176
2022-01-17 13:08:17.501554,84.57575,84.803,85.72791
2022-01-17 13:08:18.009706,83.9569,84.4935,85.72791
2022-01-17 13:08:18.510846,84.42104,84.751,85.64968
2022-01-17 13:08:19.009972,83.7502,84.33875,85.64968
2022-01-17 13:08:19.505023,84.26632,84.4935,85.92395
2022-01-17 13:08:20.003352,84.52377,84.699,85.92395
2022-01-17 13:08:20.509165,84.36905,84.803,85.53187
2022-01-17 13:08:21.009286,84.05963,84.4415,85.53187
2022-01-17 13:08:21.506871,83.85417,84.28675,85.84572
2022-01-17 13:08:22.006097,84.62773,84.90575,85.84572
2022-01-17 13:08:22.502308,83.90492,84.4935,85.72791
2022-01-17 13:08:23.001607,84.36905,84.4415,85.72791
2022-01-17 13:08:23.508765,84.31831,84.4415,85.92395
2022-01-17 13:08:24.008460,84.00888,84.64825,85.92395
2022-01-17 13:08:24.503819,84.52377,84.751,85.53187
2022-01-17 13:08:25.007760,83.54475,84.132,85.53187
2022-01-17 13:08:25.502642,84.52377,84.59625,86.19916
2022-01-17 13:08:26.004268,83.7502,84.54425,86.19916
2022-01-17 13:08:26.508912,84.47302,84.59625,85.72791
2022-01-17 13:08:27.007630,84.1636,84.4415,85.72791
2022-01-17 13:08:27.503154,84.42104,84.699,85.84572
2022-01-17 13:08:28.003039,83.9569,84.28675,85.84572
2022-01-17 13:08:28.510855,84.00888,84.59625,86.23875
2022-01-17 13:08:29.008667,84.21434,84.33875,86.23875
2022-01-17 13:08:29.502195,84.00888,84.699,85.68833
2022-01-17 13:08:30.006845,84.42104,84.699,85.68833
2022-01-17 13:08:30.505432,83.90492,84.3895,86.27739
2022-01-17 13:08:31.006182,84.31831,84.699,86.27739
2022-01-17 13:08:31.501328,84.26632,84.54425,85.29625
2022-01-17 13:08:32.001755,84.42104,84.90575,85.29625
2022-01-17 13:08:32.508235,83.80219,84.02925,86.19916
2022-01-17 13:08:33.007770,84.11161,84.64825,86.19916
2022-01-17 13:08:33.501693,84.1636,84.54425,85.72791
2022-01-17 13:08:34.008978,84.1636,84.64825,85.72791
2022-01-17 13:08:34.503617,84.36905,84.64825,85.29625
2022-01-17 13:08:35.002120,83.90492,84.132,85.29625
2022-01-17 13:08:35.511111,84.31831,84.751,86.08135
2022-01-17 13:08:36.003371,84.00888,84.33875,86.08135
2022-01-17 13:08:36.502534,84.73046,85.26725,85.68833
2022-01-17 13:08:37.010929,83.90492,84.184,85.68833
2022-01-17 13:08:37.506011,83.85417,84.54425,85.80614
2022-01-17 13:08:38.004171,84.42104,84.59625,85.80614
2022-01-17 13:08:38.508263,84.42104,84.4935,85.80614
2022-01-17 13:08:39.005445,84.21434,84.699,85.80614
2022-01-17 13:08:39.502947,84.05963,84.28675,86.12093
2022-01-17 13:08:40.011250,84.00888,84.64825,86.12093
2022-01-17 13:08:40.505760,84.21434,84.59625,85.09926
2022-01-17 13:08:41.004328,84.26632,85.0085,85.09926
2022-01-17 13:08:41.505140,83.80219,84.08,85.68833
2022-01-17 13:08:42.003769,84.67848,84.59625,85.68833
2022-01-17 13:08:42.502597,84.1636,84.4935,85.33489
2022-01-17 13:08:43.009546,84.73046,84.85375,85.33489
2022-01-17 13:08:43.505059,83.64747,84.132,85.09926
2022-01-17 13:08:44.011134,84.05963,84.54425,85.09926
2022-01-17 13:08:44.506607,83.7502,84.4415,85.92395
2022-01-17 13:08:45.008717,84.47302,84.699,85.92395
2022-01-17 13:08:45.503523,84.26632,84.59625,85.53187
2022-01-17 13:08:46.001074,84.21434,84.4935,85.53187
2022-01-17 13:08:46.506374,84.42104,84.54425,85.6101
2022-01-17 13:08:47.004386,84.05963,84.699,85.6101
2022-01-17 13:08:47.510256,84.36905,84.59625,85.53187
2022-01-17 13:08:48.009754,83.59549,84.184,85.53187
2022-01-17 13:08:48.506235,84.11161,84.4415,85.33489
2022-01-17 13:08:49.006922,84.47302,84.699,85.33489
2022-01-17 13:08:49.501738,84.11161,84.28675,85.84572
2022-01-17 13:08:50.008131,84.57575,84.751,85.84572
2022-01-17 13:08:50.504234,83.9569,84.59625,85.41406
2022-01-17 13:08:51.002208,84.1636,84.4935,85.41406
2022-01-17 13:08:52.004860,84.31831,84.64825,85.80614
2022-01-17 13:08:52.502646,83.85417,84.184,85.80614
2022-01-17 13:08:53.001182,84.26632,84.54425,85.80614
2022-01-17 13:08:53.503046,84.26632,84.23475,86.00312
2022-01-17 13:08:54.001319,84.42104,85.0085,86.00312
2022-01-17 13:08:54.508584,83.90492,84.23475,86.15958
2022-01-17 13:08:55.006732,84.11161,84.751,86.15958
2022-01-17 13:08:55.503142,84.31831,84.4415,85.68833
2022-01-17 13:08:56.006385,83.80219,84.33875,85.68833
2022-01-17 13:08:56.501162,84.73046,85.0085,85.57051
2022-01-17 13:08:57.008852,84.31831,84.28675,85.57051
2022-01-17 13:08:57.505649,84.21434,84.751,85.29625
2022-01-17 13:08:58.005290,84.11161,84.3895,85.29625
2022-01-17 13:08:58.510884,84.47302,84.85375,85.80614
2022-01-17 13:08:59.001927,84.00888,84.33875,85.80614
2022-01-17 13:08:59.508731,83.9569,84.4935,85.37447
2022-01-17 13:09:00.009168,84.21434,84.3895,85.37447
2022-01-17 13:09:00.508766,84.31831,84.3895,85.37447
2022-01-17 13:09:01.010061,84.52377,85.16325,85.37447
2022-01-17 13:09:01.509392,84.42104,84.699,85.88531
2022-01-17 13:09:02.002084,83.64747,84.23475,85.88531
2022-01-17 13:09:02.508555,84.36905,84.4415,85.33489
2022-01-17 13:09:03.010642,83.90492,84.54425,85.33489
2022-01-17 13:09:03.505440,84.31831,84.59625,86.27739
2022-01-17 13:09:04.008740,84.21434,84.28675,86.27739
2022-01-17 13:09:04.505520,83.80219,84.33875,85.37447
2022-01-17 13:09:05.004552,84.31831,84.64825,85.37447
2022-01-17 13:09:05.509704,84.36905,84.95775,86.04176
2022-01-17 13:09:06.009011,84.1636,84.33875,86.04176
2022-01-17 13:09:06.505662,83.7502,84.33875,85.68833
2022-01-17 13:09:07.005289,84.36905,84.751,85.68833
2022-01-17 13:09:07.511147,84.73046,84.803,86.23875
2022-01-17 13:09:08.010115,83.9569,84.33875,86.23875
2022-01-17 13:09:08.505974,84.11161,84.4415,85.49229
2022-01-17 13:09:09.004366,83.69946,84.3895,85.49229
2022-01-17 13:09:09.503191,84.73046,84.803,85.72791
2022-01-17 13:09:10.002424,83.59549,84.28675,85.72791
2022-01-17 13:09:10.503027,84.31831,84.64825,85.64968
2022-01-17 13:09:11.003434,83.9569,84.33875,85.64968
2022-01-17 13:09:11.508496,84.47302,84.699,85.88531
2022-01-17 13:09:12.011089,84.83319,84.803,85.88531
2022-01-17 13:09:12.507777,83.85417,84.4415,86.23875
2022-01-17 13:09:13.007066,84.21434,84.64825,86.23875
2022-01-17 13:09:13.503036,84.00888,84.3895,86.19916
2022-01-17 13:09:14.009587,84.21434,84.699,86.19916
2022-01-17 13:09:14.504865,83.80219,84.33875,84.94281
2022-01-17 13:09:15.003500,84.31831,84.699,84.94281
2022-01-17 13:09:15.504656,84.31831,84.4935,85.80614
2022-01-17 13:09:16.004840,84.36905,84.64825,85.80614
2022-01-17 13:09:16.503235,84.31831,84.4415,85.64968
2022-01-17 13:09:17.001220,83.9569,84.4935,85.64968
2022-01-17 13:09:17.507536,84.36905,84.751,85.68833
2022-01-17 13:09:18.006600,83.59549,84.184,85.68833
2022-01-17 13:09:18.501987,84.78245,84.95775,85.13885
2022-01-17 13:09:19.001514,83.69946,84.23475,85.13885
2022-01-17 13:09:19.508239,84.42104,85.0605,86.23875
2022-01-17 13:09:20.001039,84.05963,84.28675,86.23875
2022-01-17 13:09:20.511091,84.1636,84.59625,86.31697
2022-01-17 13:09:21.001695,84.31831,84.64825,86.31697
2022-01-17 13:09:21.509025,83.64747,84.33875,86.08135
2022-01-17 13:09:22.006197,84.57575,85.0605,86.08135
2022-01-17 13:09:22.502808,83.9569,84.132,85.72791
2022-01-17 13:09:23.504345,83.90492,84.184,85.49229
2022-01-17 13:09:24.001635,84.00888,84.4935,85.49229
2022-01-17 13:09:24.508072,84.1636,84.33875,85.72791
2022-01-17 13:09:25.007888,83.80219,84.3895,85.72791
2022-01-17 13:09:25.505920,84.11161,84.4935,86.08135
2022-01-17 13:09:26.007441,83.85417,83.8745,86.08135
2022-01-17 13:09:26.502809,83.9569,84.3895,129.78979
2022-01-17 13:09:27.011059,84.52377,84.33875,129.78979
2022-01-17 13:09:27.506917,84.26632,84.751,232.44406
2022-01-17 13:09:28.003872,83.90492,84.23475,232.44406
2022-01-17 13:09:28.502842,83.85417,84.08,202.08708
2022-01-17 13:09:29.010637,83.90492,84.23475,202.08708
2022-01-17 13:09:29.506098,84.26632,84.4415,133.28458
2022-01-17 13:09:30.009792,84.26632,84.54425,133.28458
2022-01-17 13:09:30.504817,83.85417,84.02925,89.45833
2022-01-17 13:09:31.011175,84.05963,84.33875,89.45833
2022-01-17 13:09:31.507287,84.05963,84.3895,97.35176
2022-01-17 13:09:32.006825,84.47302,84.85375,97.35176
2022-01-17 13:09:32.502035,84.00888,83.92525,89.49791
2022-01-17 13:09:33.002867,84.00888,84.54425,89.49791
2022-01-17 13:09:33.508189,84.42104,84.85375,87.02385
2022-01-17 13:09:34.004336,84.42104,84.4935,87.02385
2022-01-17 13:09:34.504879,83.90492,84.54425,86.5526
2022-01-17 13:09:35.010209,84.47302,84.803,86.5526
2022-01-17 13:09:35.506053,83.90492,84.33875,86.08135
2022-01-17 13:09:36.007574,84.52377,84.85375,86.08135
2022-01-17 13:09:36.509247,83.7502,84.184,86.00312
2022-01-17 13:09:37.006984,84.47302,84.90575,86.00312
2022-01-17 13:09:37.503485,84.57575,84.4415,86.59218
2022-01-17 13:09:38.005678,84.31831,84.803,86.59218
2022-01-17 13:09:38.502324,84.31831,84.751,86.27739
2022-01-17 13:09:39.002274,83.7502,84.33875,86.27739
2022-01-17 13:09:39.509108,84.05963,84.3895,86.15958
2022-01-17 13:09:40.009813,84.1636,84.54425,86.15958
2022-01-17 13:09:40.507251,84.31831,84.699,86.12093
2022-01-17 13:09:41.006287,84.26632,84.54425,86.12093
2022-01-17 13:09:41.501526,84.31831,84.699,85.6101
2022-01-17 13:09:42.001186,84.00888,84.23475,85.6101
2022-01-17 13:09:42.506864,84.47302,85.0605,85.72791
2022-01-17 13:09:43.005750,84.1636,84.4935,85.72791
2022-01-17 13:09:43.505095,83.59549,84.08,85.4527
2022-01-17 13:09:44.002618,84.52377,85.0605,85.4527
2022-01-17 13:09:44.508083,84.05963,84.23475,85.57051
2022-01-17 13:09:45.006359,84.78245,85.0605,85.57051
2022-01-17 13:09:45.501783,83.90492,84.132,85.84572
2022-01-17 13:09:46.001181,84.00888,84.64825,85.84572
2022-01-17 13:09:46.506483,84.26632,84.64825,86.47437
2022-01-17 13:09:47.006829,84.00888,84.54425,86.47437
2022-01-17 13:09:47.504750,84.52377,84.803,85.53187
2022-01-17 13:09:48.008653,83.90492,84.23475,85.53187
2022-01-17 13:09:48.502440,84.52377,84.803,85.72791
2022-01-17 13:09:49.010908,84.05963,84.132,85.72791
2022-01-17 13:09:49.502167,84.47302,85.0085,85.96354
2022-01-17 13:09:50.009144,83.90492,84.3895,85.96354
2022-01-17 13:09:50.503100,84.00888,84.4415,86.15958
2022-01-17 13:09:51.004461,84.11161,84.59625,86.15958
2022-01-17 13:09:51.510233,83.9569,84.4935,85.7675
2022-01-17 13:09:52.001690,84.73046,85.1125,85.7675
2022-01-17 13:09:52.502980,84.1636,84.132,85.33489
2022-01-17 13:09:53.004708,84.21434,84.59625,85.33489
2022-01-17 13:09:53.504283,84.52377,84.699,85.53187
2022-01-17 13:09:54.005447,84.11161,84.3895,85.53187
2022-01-17 13:09:54.504190,83.85417,84.33875,86.19916
2022-01-17 13:09:55.003387,83.85417,84.3895,86.19916
2022-01-17 13:09:55.507374,84.52377,84.85375,84.98145
2022-01-17 13:09:56.005786,84.26632,84.4415,84.98145
2022-01-17 13:09:56.502698,84.42104,84.85375,85.64968
2022-01-17 13:09:57.002211,84.05963,84.184,85.64968
2022-01-17 13:09:57.506696,84.1636,84.54425,85.64968
2022-01-17 13:09:58.008470,84.36905,84.699,85.64968
2022-01-17 13:09:58.504694,83.85417,84.59625,86.23875
2022-01-17 13:09:59.003112,84.11161,84.59625,86.23875
2022-01-17 13:09:59.501110,84.26632,84.184,85.57051
2022-01-17 13:10:00.009196,84.26632,84.699,85.57051
2022-01-17 13:10:00.506307,84.47302,85.1125,85.49229
2022-01-17 13:10:01.005061,83.9569,84.3895,85.49229
2022-01-17 13:10:01.510729,84.26632,84.54425,85.57051
2022-01-17 13:10:02.009887,83.49276,84.132,85.57051
2022-01-17 13:10:02.506371,84.26632,84.90575,85.6101
2022-01-17 13:10:03.009020,84.36905,84.54425,85.6101
2022-01-17 13:10:03.508982,83.7502,84.08,85.68833
2022-01-17 13:10:04.004578,84.21434,84.54425,85.68833
2022-01-17 13:10:04.510625,84.05963,84.4935,85.17843
2022-01-17 13:10:05.011267,84.42104,84.90575,85.17843
2022-01-17 13:10:05.507223,83.90492,84.3895,86.12093
2022-01-17 13:10:06.006493,83.90492,84.3895,86.12093
2022-01-17 13:10:06.508778,83.9569,84.184,86.00312
2022-01-17 13:10:07.004224,84.67848,85.1125,86.00312
2022-01-17 13:10:07.510492,84.31831,84.4415,86.78822
2022-01-17 13:10:08.009007,84.1636,84.54425,86.78822
2022-01-17 13:10:08.501896,83.9569,84.3895,85.7675
2022-01-17 13:10:09.002212,84.26632,84.699,85.7675
2022-01-17 13:10:09.507513,84.42104,84.90575,85.29625
2022-01-17 13:10:10.007338,83.69946,84.08,85.29625
2022-01-17 13:10:10.504553,84.57575,84.751,85.80614
2022-01-17 13:10:11.004114,84.11161,84.28675,85.80614
2022-01-17 13:10:11.506579,84.31831,84.803,85.41406
2022-01-17 13:10:12.005913,84.05963,84.4415,85.41406
2022-01-17 13:10:12.510111,84.05963,84.64825,86.31697
2022-01-17 13:10:13.009728,84.31831,84.751,86.31697
2022-01-17 13:10:13.506382,84.00888,84.54425,85.6101
2022-01-17 13:10:14.009574,84.83319,85.16325,85.6101
2022-01-17 13:10:14.504313,83.85417,83.92525,85.84572
2022-01-17 13:10:15.005172,84.31831,84.803,85.84572
2022-01-17 13:10:15.501833,84.00888,84.4415,85.57051
2022-01-17 13:10:16.011147,84.05963,84.54425,85.57051
2022-01-17 13:10:16.506614,84.42104,84.803,86.47437
2022-01-17 13:10:17.005656,83.64747,84.3895,86.47437
2022-01-17 13:10:17.501530,84.1636,84.54425,85.4527
2022-01-17 13:10:18.008304,84.78245,84.85375,85.4527
2022-01-17 13:10:18.506229,84.31831,84.54425,85.88531
2022-01-17 13:10:19.005910,84.05963,84.4935,85.88531
2022-01-17 13:10:19.505822,83.90492,84.3895,85.53187
2022-01-17 13:10:20.004329,84.31831,84.751,85.53187
2022-01-17 13:10:20.501083,83.9569,84.64825,85.53187
2022-01-17 13:10:21.505084,84.21434,84.3895,86.04176
2022-01-17 13:10:22.002586,84.11161,84.33875,86.04176
2022-01-17 13:10:22.506909,84.31831,84.64825,86.12093
2022-01-17 13:10:23.006864,84.05963,84.54425,86.12093
2022-01-17 13:10:23.503982,84.47302,85.0085,85.53187
2022-01-17 13:10:24.003967,83.28607,83.66775,85.53187
2022-01-17 13:10:24.510372,84.42104,84.751,85.92395
2022-01-17 13:10:25.010171,84.1636,84.54425,85.92395
2022-01-17 13:10:25.505474,84.21434,84.4935,85.84572
2022-01-17 13:10:26.003526,84.36905,84.54425,85.84572
2022-01-17 13:10:26.510463,83.64747,84.02925,85.53187
2022-01-17 13:10:27.009110,84.31831,84.85375,85.53187
2022-01-17 13:10:27.504562,84.21434,84.751,85.68833
2022-01-17 13:10:28.004544,83.85417,84.132,85.68833
2022-01-17 13:10:28.509152,84.11161,84.3895,86.27739
2022-01-17 13:10:29.007797,84.57575,84.85375,86.27739
2022-01-17 13:10:29.503002,84.36905,84.4935,85.25666
2022-01-17 13:10:30.003378,83.90492,84.3895,85.25666
2022-01-17 13:10:30.508559,84.52377,84.95775,86.04176
2022-01-17 13:10:31.004180,83.9569,84.28675,86.04176
2022-01-17 13:10:31.510713,84.47302,84.90575,86.04176
2022-01-17 13:10:32.504472,84.36905,84.699,85.6101
2022-01-17 13:10:33.010322,84.11161,84.33875,85.6101
2022-01-17 13:10:33.504709,84.26632,84.3895,85.64968
2022-01-17 13:10:34.002242,84.11161,84.54425,85.64968
2022-01-17 13:10:34.508212,84.26632,84.59625,86.12093
2022-01-17 13:10:35.008371,84.05963,84.4935,86.12093
2022-01-17 13:10:35.507123,83.85417,84.28675,86.63083
2022-01-17 13:10:36.005373,84.42104,84.803,86.63083
2022-01-17 13:10:36.501808,84.1636,84.28675,85.88531
2022-01-17 13:10:37.001868,84.31831,84.4935,85.88531
2022-01-17 13:10:37.509382,83.90492,84.33875,85.57051
2022-01-17 13:10:38.008664,84.21434,84.64825,85.57051
2022-01-17 13:10:38.504253,84.67848,84.803,85.96354
2022-01-17 13:10:39.001114,83.39003,83.97725,85.96354
2022-01-17 13:10:39.507993,84.31831,84.751,85.37447
2022-01-17 13:10:40.007475,84.36905,84.59625,85.37447
2022-01-17 13:10:40.502244,84.11161,84.3895,86.35656
2022-01-17 13:10:41.002426,84.1636,84.54425,86.35656
2022-01-17 13:10:41.508665,83.85417,84.33875,85.88531
2022-01-17 13:10:42.003202,84.36905,84.803,85.88531
2022-01-17 13:10:42.507592,84.05963,84.54425,86.19916
2022-01-17 13:10:43.007158,84.21434,84.4935,86.19916
2022-01-17 13:10:43.505466,84.1636,84.3895,85.41406
2022-01-17 13:10:44.004482,84.1636,84.4415,85.41406
2022-01-17 13:10:44.508446,84.36905,84.59625,85.7675
2022-01-17 13:10:45.003714,83.85417,84.23475,85.7675
2022-01-17 13:10:45.501952,84.47302,84.85375,85.72791
2022-01-17 13:10:46.009777,83.85417,84.33875,85.72791
2022-01-17 13:10:46.510908,84.47302,84.803,86.82781
2022-01-17 13:10:47.010824,84.1636,84.4935,86.82781
2022-01-17 13:10:47.502766,84.36905,84.54425,86.12093
2022-01-17 13:10:48.001151,84.42104,84.699,86.12093
2022-01-17 13:10:48.507460,83.54475,83.92525,86.12093
2022-01-17 13:10:49.005599,84.83319,85.16325,86.12093
2022-01-17 13:10:49.505203,83.80219,84.02925,85.72791
2022-01-17 13:10:50.005318,84.21434,84.803,85.72791
2022-01-17 13:10:50.502726,83.9569,84.4415,85.80614
2022-01-17 13:10:51.009861,84.26632,84.4415,85.80614
2022-01-17 13:10:51.506205,84.42104,84.59625,85.06062
2022-01-17 13:10:52.005880,84.05963,84.59625,85.06062
2022-01-17 13:10:52.511208,84.1636,84.59625,85.68833
2022-01-17 13:10:53.009672,83.69946,84.132,85.68833
2022-01-17 13:10:53.504599,84.62773,85.0605,85.53187
2022-01-17 13:10:54.007116,83.33805,84.132,85.53187
2022-01-17 13:10:54.501707,84.62773,84.803,85.80614
2022-01-17 13:10:55.001511,84.31831,84.33875,85.80614
2022-01-17 13:10:55.507843,84.31831,84.803,85.68833
2022-01-17 13:10:56.006173,84.21434,84.751,85.68833
2022-01-17 13:10:56.506201,83.7502,84.28675,85.64968
2022-01-17 13:10:57.005185,84.57575,84.85375,85.64968
2022-01-17 13:10:57.510214,83.64747,84.33875,85.29625
2022-01-17 13:10:58.009512,84.47302,84.85375,85.29625
2022-01-17 13:10:58.506139,84.36905,84.3895,85.25666
2022-01-17 13:10:59.005574,84.11161,84.33875,85.25666
2022-01-17 13:10:59.504455,84.05963,84.4935,85.6101
2022-01-17 13:11:00.003635,84.11161,84.59625,85.6101
2022-01-17 13:11:00.510068,84.26632,84.54425,85.7675
2022-01-17 13:11:01.009832,83.64747,84.23475,85.7675
2022-01-17 13:11:01.505332,84.36905,84.699,85.29625
2022-01-17 13:11:02.006270,83.85417,84.184,85.29625
2022-01-17 13:11:02.502213,84.78245,85.0085,87.06343
2022-01-17 13:11:03.011027,83.90492,84.23475,87.06343
2022-01-17 13:11:03.510292,83.85417,84.3895,85.88531
2022-01-17 13:11:04.010425,84.21434,84.4935,85.88531
2022-01-17 13:11:04.507280,84.31831,84.95775,85.57051
2022-01-17 13:11:05.004157,84.00888,84.23475,85.57051
2022-01-17 13:11:05.505129,84.00888,84.4415,85.68833
2022-01-17 13:11:06.004175,84.11161,84.132,85.68833
2022-01-17 13:11:06.511088,84.62773,85.0605,85.72791
2022-01-17 13:11:07.001741,84.11161,84.64825,85.72791
2022-01-17 13:11:07.506835,84.31831,84.59625,86.12093
2022-01-17 13:11:08.010651,83.90492,84.3895,86.12093
2022-01-17 13:11:08.502763,84.42104,84.85375,86.23875
2022-01-17 13:11:09.003359,83.80219,84.4935,86.23875
2022-01-17 13:11:09.508820,84.57575,84.699,86.63083
2022-01-17 13:11:10.007329,84.00888,84.3895,86.63083
2022-01-17 13:11:10.505669,83.90492,84.33875,85.7675
2022-01-17 13:11:11.005222,84.62773,85.0085,85.7675
2022-01-17 13:11:11.510106,83.85417,84.28675,85.41406
2022-01-17 13:11:12.010261,84.47302,84.751,85.41406
2022-01-17 13:11:12.504579,83.85417,84.4935,85.80614
2022-01-17 13:11:13.008300,83.80219,84.184,85.80614
2022-01-17 13:11:13.504856,84.78245,85.1125,85.6101
2022-01-17 13:11:14.005201,84.21434,84.3895,85.6101
2022-01-17 13:11:14.501906,84.00888,84.4415,86.27739
2022-01-17 13:11:15.001727,84.05963,84.3895,86.27739
2022-01-17 13:11:15.508617,84.42104,84.699,85.72791
2022-01-17 13:11:16.005918,84.00888,84.4935,85.72791
2022-01-17 13:11:16.510419,84.47302,84.803,85.57051
2022-01-17 13:11:17.009560,83.7502,84.23475,85.57051
2022-01-17 13:11:17.504746,84.31831,84.64825,85.68833
2022-01-17 13:11:18.003405,84.47302,84.85375,85.68833
2022-01-17 13:11:18.501872,83.90492,84.28675,85.57051
2022-01-17 13:11:19.001638,84.1636,84.3895,85.57051
2022-01-17 13:11:19.510202,83.59549,84.08,85.64968
2022-01-17 13:11:20.010552,84.36905,84.90575,85.64968
2022-01-17 13:11:20.505538,84.05963,84.4935,85.7675
2022-01-17 13:11:21.007218,84.21434,84.54425,85.7675
2022-01-17 13:11:21.503181,84.05963,84.3895,86.94562
2022-01-17 13:11:22.009019,84.26632,84.64825,86.94562
2022-01-17 13:11:22.504397,84.21434,84.54425,85.6101
2022-01-17 13:11:23.010974,84.31831,84.803,85.6101
2022-01-17 13:11:23.506652,83.9569,84.08,86.27739
2022-01-17 13:11:24.008060,83.80219,84.3895,86.27739
2022-01-17 13:11:24.505391,84.57575,84.751,85.21708
2022-01-17 13:11:25.006156,84.36905,84.64825,85.21708
2022-01-17 13:11:25.502876,83.54475,84.02925,86.00312
2022-01-17 13:11:26.001510,84.31831,84.59625,86.00312
2022-01-17 13:11:26.509436,83.9569,84.3895,85.25666
2022-01-17 13:11:27.008661,84.47302,84.803,85.25666
2022-01-17 13:11:27.504653,83.9569,84.59625,85.53187
2022-01-17 13:11:28.005917,84.26632,84.3895,85.53187
2022-01-17 13:11:28.501852,84.31831,84.33875,85.49229
2022-01-17 13:11:29.008389,84.47302,85.0085,85.49229
2022-01-17 13:11:29.509735,83.90492,84.23475,86.27739
2022-01-17 13:11:30.008607,84.21434,84.699,86.27739
2022-01-17 13:11:30.505602,83.85417,84.184,85.7675
2022-01-17 13:11:31.005027,84.26632,84.90575,85.7675
2022-01-17 13:11:31.505650,84.11161,84.28675,85.6101
2022-01-17 13:11:32.001538,84.52377,84.699,85.6101
2022-01-17 13:11:32.509089,84.00888,84.33875,85.41406
2022-01-17 13:11:33.006115,84.36905,84.751,85.41406
2022-01-17 13:11:33.501672,83.85417,84.54425,86.04176
2022-01-17 13:11:34.010231,84.52377,84.64825,86.04176
2022-01-17 13:11:34.505514,83.85417,84.4935,85.29625
2022-01-17 13:11:35.004242,84.11161,84.3895,85.29625
2022-01-17 13:11:35.501332,84.67848,84.85375,85.29625
2022-01-17 13:11:36.010629,84.05963,84.33875,85.29625
2022-01-17 13:11:36.505885,84.57575,85.0085,85.6101
2022-01-17 13:11:37.003839,83.64747,84.08,85.6101
2022-01-17 13:11:37.508869,84.26632,84.54425,85.68833
2022-01-17 13:11:38.010655,84.00888,84.699,85.68833
2022-01-17 13:11:38.506855,84.36905,84.54425,85.84572
2022-01-17 13:11:39.005609,84.36905,84.54425,85.84572
2022-01-17 13:11:39.501747,83.9569,84.23475,85.06062
2022-01-17 13:11:40.004223,84.47302,84.85375,85.06062
2022-01-17 13:11:40.509764,84.05963,84.64825,85.84572
2022-01-17 13:11:41.010454,84.31831,84.4415,85.84572
2022-01-17 13:11:41.507925,83.64747,84.3895,85.68833
2022-01-17 13:11:42.005994,84.1636,84.4935,85.68833
2022-01-17 13:11:42.502953,84.1636,84.59625,85.84572
2022-01-17 13:11:43.003442,84.47302,84.4935,85.84572
2022-01-17 13:11:43.509779,84.52377,84.699,86.31697
2022-01-17 13:11:44.005820,83.69946,84.23475,86.31697
2022-01-17 13:11:44.510996,84.62773,84.699,85.37447
2022-01-17 13:11:45.010190,83.85417,84.3895,85.37447
2022-01-17 13:11:45.508880,84.05963,84.64825,85.88531
2022-01-17 13:11:46.001148,83.80219,84.4935,85.88531
2022-01-17 13:11:46.507322,84.31831,84.4935,86.51301
2022-01-17 13:11:47.005516,84.21434,84.3895,86.51301
2022-01-17 13:11:47.501992,84.42104,84.699,85.53187
2022-01-17 13:11:48.009717,83.90492,84.08,85.53187
2022-01-17 13:11:48.504042,83.49276,83.7705,85.72791
2022-01-17 13:11:49.003840,84.67848,84.64825,85.72791
2022-01-17 13:11:49.501994,84.00888,84.751,235.625
2022-01-17 13:11:50.002800,83.69946,83.66775,235.625
2022-01-17 13:11:50.511084,84.47302,84.699,214.61479
2022-01-17 13:11:51.009161,83.7502,84.132,214.61479
2022-01-17 13:11:51.505528,84.31831,84.4935,160.225
2022-01-17 13:11:52.006750,83.9569,84.4415,160.225
2022-01-17 13:11:52.502648,83.69946,83.71975,105.36301
2022-01-17 13:11:53.004652,84.21434,84.90575,105.36301
2022-01-17 13:11:53.509744,84.05963,84.28675,93.03229
2022-01-17 13:11:54.008351,84.21434,84.3895,93.03229
2022-01-17 13:11:54.502845,83.90492,84.02925,88.16239
2022-01-17 13:11:55.003635,83.85417,84.33875,88.16239
2022-01-17 13:11:55.509881,84.57575,84.95775,87.73072
2022-01-17 13:11:56.007504,84.1636,84.33875,87.73072
2022-01-17 13:11:56.504642,83.7502,84.699,86.19916
2022-01-17 13:11:57.003565,84.26632,84.59625,86.19916
2022-01-17 13:11:57.509143,84.11161,84.64825,86.23875
2022-01-17 13:11:58.006999,84.11161,84.23475,86.23875
2022-01-17 13:11:58.505740,84.57575,84.85375,86.35656
2022-01-17 13:11:59.005853,83.80219,84.28675,86.35656
2022-01-17 13:11:59.502023,84.31831,84.64825,86.47437
2022-01-17 13:12:00.001969,84.36905,84.85375,86.47437
2022-01-17 13:12:00.507211,84.26632,84.4415,86.19916
2022-01-17 13:12:01.005137,84.26632,84.803,86.19916
2022-01-17 13:12:01.508076,84.05963,84.33875,85.6101
2022-01-17 13:12:02.006354,84.47302,84.85375,85.6101
2022-01-17 13:12:02.502558,84.00888,84.4935,86.04176
2022-01-17 13:12:03.002638,84.47302,84.64825,86.04176
2022-01-17 13:12:03.508252,83.9569,84.4415,85.4527
2022-01-17 13:12:04.008593,84.42104,84.803,85.4527
2022-01-17 13:12:04.503365,83.90492,84.64825,85.17843
2022-01-17 13:12:05.504873,84.42104,84.54425,85.92395
2022-01-17 13:12:06.004715,83.80219,84.4415,85.92395
2022-01-17 13:12:06.502807,84.36905,84.699,85.57051
2022-01-17 13:12:07.001876,83.90492,84.3895,85.57051
2022-01-17 13:12:07.509120,84.31831,84.699,85.92395
2022-01-17 13:12:08.007609,84.11161,84.751,85.92395
2022-01-17 13:12:08.504362,84.21434,84.699,86.3952
2022-01-17 13:12:09.001822,84.31831,84.33875,86.3952
2022-01-17 13:12:09.506460,84.36905,84.699,85.33489
2022-01-17 13:12:10.004675,84.1636,84.64825,85.33489
2022-01-17 13:12:10.510456,83.85417,84.54425,86.27739
2022-01-17 13:12:11.008589,84.62773,84.95775,86.27739
2022-01-17 13:12:11.506578,83.59549,84.28675,85.92395
2022-01-17 13:12:12.009897,84.67848,84.85375,85.92395
2022-01-17 13:12:12.507444,84.11161,84.23475,85.68833
2022-01-17 13:12:13.005186,84.31831,84.803,85.68833
2022-01-17 13:12:13.503240,84.67848,84.751,85.72791
2022-01-17 13:12:14.001867,83.85417,84.59625,85.72791
2022-01-17 13:12:14.506553,84.21434,84.3895,86.27739
2022-01-17 13:12:15.005790,83.80219,84.4415,86.27739
2022-01-17 13:12:15.501190,84.57575,84.803,86.00312
2022-01-17 13:12:16.001472,84.1636,84.184,86.00312
2022-01-17 13:12:16.501097,84.26632,84.54425,86.5526
2022-01-17 13:12:17.011129,84.42104,84.64825,86.5526
2022-01-17 13:12:17.501470,84.26632,84.85375,86.27739
2022-01-17 13:12:18.010738,84.1636,84.3895,86.27739
2022-01-17 13:12:18.510785,83.85417,84.54425,85.17843
2022-01-17 13:12:19.001151,84.05963,84.33875,85.17843
2022-01-17 13:12:19.505167,84.05963,84.4935,86.15958
2022-01-17 13:12:20.005570,84.57575,84.751,86.15958
2022-01-17 13:12:20.510306,84.21434,84.28675,85.64968
2022-01-17 13:12:21.010690,84.05963,84.699,85.64968
2022-01-17 13:12:21.504842,84.31831,84.64825,85.57051
2022-01-17 13:12:22.006471,84.1636,84.751,85.57051
2022-01-17 13:12:22.508232,84.36905,84.59625,85.84572
2022-01-17 13:12:23.005102,83.80219,84.4415,85.84572
2022-01-17 13:12:23.501329,84.21434,84.4935,86.3952
2022-01-17 13:12:24.009651,84.36905,84.4935,86.3952
2022-01-17 13:12:24.505106,84.31831,84.90575,86.3952
2022-01-17 13:12:25.010647,84.26632,84.54425,86.3952
2022-01-17 13:12:25.507414,84.00888,84.54425,85.7675
2022-01-17 13:12:26.005318,84.11161,84.33875,85.7675
2022-01-17 13:12:26.504097,84.31831,85.16325,85.4527
2022-01-17 13:12:27.001865,83.90492,84.184,85.4527
2022-01-17 13:12:27.507828,84.31831,84.3895,87.06343
2022-01-17 13:12:28.008759,84.00888,84.59625,87.06343
2022-01-17 13:12:28.503078,84.47302,84.699,85.72791
2022-01-17 13:12:29.002256,84.05963,84.803,85.72791
2022-01-17 13:12:29.506238,84.31831,84.33875,85.57051
2022-01-17 13:12:30.006190,84.1636,84.59625,85.57051
2022-01-17 13:12:30.510920,84.21434,84.699,85.4527
2022-01-17 13:12:31.009818,84.31831,84.33875,85.4527
2022-01-17 13:12:31.504417,84.11161,84.64825,85.21708
2022-01-17 13:12:32.001838,84.11161,84.33875,85.21708
2022-01-17 13:12:32.507822,84.05963,84.699,85.64968
2022-01-17 13:12:33.005481,84.1636,84.4935,85.64968
2022-01-17 13:12:33.501571,84.11161,84.751,85.72791
2022-01-17 13:12:34.009251,84.52377,84.751,85.72791
2022-01-17 13:12:34.506696,84.00888,84.28675,85.68833
2022-01-17 13:12:35.006328,84.11161,84.4935,85.68833
2022-01-17 13:12:35.506752,84.31831,84.4935,86.15958
2022-01-17 13:12:36.004925,84.11161,84.751,86.15958
2022-01-17 13:12:36.502552,84.1636,84.54425,86.23875
2022-01-17 13:12:37.004077,83.64747,84.4935,86.23875
2022-01-17 13:12:37.510459,84.62773,84.803,85.37447
2022-01-17 13:12:38.009776,84.00888,84.4415,85.37447
2022-01-17 13:12:38.505635,84.36905,84.751,85.49229
2022-01-17 13:12:39.004380,84.05963,84.28675,85.49229
2022-01-17 13:12:39.509540,84.1636,84.90575,86.08135
2022-01-17 13:12:40.002627,84.11161,84.4935,86.08135
2022-01-17 13:12:40.509308,84.11161,84.54425,85.6101
2022-01-17 13:12:41.009693,83.9569,84.3895,85.6101
2022-01-17 13:12:41.506831,84.05963,84.54425,85.7675
2022-01-17 13:12:42.006168,84.52377,84.699,85.7675
2022-01-17 13:12:42.501117,84.36905,84.4935,86.71
2022-01-17 13:12:43.009439,84.21434,84.699,86.71
2022-01-17 13:12:43.507584,83.9569,84.184,85.06062
2022-01-17 13:12:44.010209,84.26632,84.85375,85.06062
2022-01-17 13:12:44.507696,84.1636,84.59625,86.71
2022-01-17 13:12:45.005847,84.05963,84.751,86.71
2022-01-17 13:12:45.503438,84.21434,84.33875,85.57051
2022-01-17 13:12:46.001483,83.85417,84.23475,85.57051
2022-01-17 13:12:46.508239,84.52377,85.1125,84.86364
2022-01-17 13:12:47.006986,83.90492,84.33875,84.86364
2022-01-17 13:12:47.501959,84.1636,84.64825,85.80614
2022-01-17 13:12:48.006727,83.64747,83.92525,85.80614
2022-01-17 13:12:48.502158,84.26632,85.0085,85.37447
2022-01-17 13:12:49.005150,84.52377,84.803,85.37447
2022-01-17 13:12:49.506848,84.42104,84.54425,85.7675
2022-01-17 13:12:50.006953,84.00888,84.4415,85.7675
2022-01-17 13:12:50.502371,84.42104,84.751,86.23875
2022-01-17 13:12:51.007473,84.21434,84.751,86.23875
2022-01-17 13:12:51.506586,84.26632,84.4415,86.19916
2022-01-17 13:12:52.004205,83.80219,84.59625,86.19916
2022-01-17 13:12:52.503652,84.00888,84.4415,85.4527
2022-01-17 13:12:53.009159,84.57575,84.751,85.4527
2022-01-17 13:12:53.505639,84.26632,84.803,85.88531
2022-01-17 13:12:54.008026,84.31831,84.4415,85.88531
2022-01-17 13:12:54.503220,84.1636,84.59625,85.68833
2022-01-17 13:12:55.004466,84.26632,84.54425,85.68833
2022-01-17 13:12:55.509634,83.9569,84.33875,86.3952
2022-01-17 13:12:56.008111,84.1636,84.59625,86.3952
2022-01-17 13:12:56.502573,83.85417,84.08,86.12093
2022-01-17 13:12:57.003384,84.05963,84.54425,86.12093
2022-01-17 13:12:57.509148,84.52377,84.90575,85.21708
2022-01-17 13:12:58.003156,83.90492,84.54425,85.21708
2022-01-17 13:12:58.507039,84.62773,84.803,85.64968
2022-01-17 13:12:59.004443,83.80219,84.3895,85.64968
2022-01-17 13:12:59.503036,84.31831,84.751,85.92395
2022-01-17 13:13:00.001631,83.80219,84.184,85.92395
2022-01-17 13:13:00.507153,84.47302,84.90575,86.35656
2022-01-17 13:13:01.006742,84.11161,84.08,86.35656
2022-01-17 13:13:01.501924,84.36905,84.90575,85.84572
2022-01-17 13:13:02.001725,84.11161,84.3895,85.84572
2022-01-17 13:13:02.509459,83.90492,84.3895,85.57051
2022-01-17 13:13:03.008101,84.88517,85.0085,85.57051
2022-01-17 13:13:03.503429,83.54475,84.184,85.72791
2022-01-17 13:13:04.001914,84.26632,84.751,85.72791
2022-01-17 13:13:04.509741,84.26632,84.4935,86.04176
2022-01-17 13:13:05.001050,84.26632,84.59625,86.04176
2022-01-17 13:13:05.505756,84.31831,84.54425,85.57051
2022-01-17 13:13:06.005635,83.9569,84.54425,85.57051
2022-01-17 13:13:06.510459,84.00888,84.4415,86.35656
2022-01-17 13:13:07.010031,84.05963,84.751,86.35656
2022-01-17 13:13:07.505162,84.36905,84.803,85.49229
2022-01-17 13:13:08.006984,84.05963,84.184,85.49229
2022-01-17 13:13:08.503590,84.21434,84.803,85.33489
2022-01-17 13:13:09.010905,83.85417,84.132,85.33489
2022-01-17 13:13:09.509738,84.36905,84.85375,85.96354
2022-01-17 13:13:10.011139,84.11161,84.33875,85.96354
2022-01-17 13:13:10.506297,83.80219,84.33875,85.4527
2022-01-17 13:13:11.005166,84.52377,84.90575,85.4527
2022-01-17 13:13:11.509154,84.21434,84.3895,85.4527
2022-01-17 13:13:12.006149,84.1636,84.59625,85.4527
2022-01-17 13:13:12.504586,84.21434,84.4415,86.19916
2022-01-17 13:13:13.002653,84.31831,84.699,86.19916
2022-01-17 13:13:13.505588,84.11161,84.4935,85.49229
2022-01-17 13:13:14.006060,84.21434,84.699,85.49229
2022-01-17 13:13:14.503266,83.90492,84.28675,85.37447
2022-01-17 13:13:15.001237,84.1636,84.751,85.37447
2022-01-17 13:13:15.506437,84.42104,84.85375,85.29625
2022-01-17 13:13:16.006537,84.21434,84.184,85.29625
2022-01-17 13:13:16.502608,83.69946,84.28675,85.4527
2022-01-17 13:13:17.001130,84.42104,84.90575,85.4527
2022-01-17 13:13:17.508622,83.90492,84.28675,85.4527
2022-01-17 13:13:18.009384,84.67848,84.95775,85.4527
2022-01-17 13:13:18.504924,83.69946,84.23475,85.80614
2022-01-17 13:13:19.005554,84.47302,84.90575,85.80614
2022-01-17 13:13:19.501090,84.78245,84.90575,85.53187
2022-01-17 13:13:20.010234,83.85417,84.33875,85.53187
2022-01-17 13:13:20.505138,84.36905,84.751,85.64968
2022-01-17 13:13:21.004380,83.85417,84.184,85.64968
2022-01-17 13:13:21.505512,84.31831,84.85375,85.92395
2022-01-17 13:13:22.008600,83.7502,84.184,85.92395
2022-01-17 13:13:22.510843,84.36905,84.64825,85.88531
2022-01-17 13:13:23.008883,84.31831,84.4415,85.88531
2022-01-17 13:13:23.503293,84.31831,84.751,86.04176
2022-01-17 13:13:24.001379,84.52377,84.95775,86.04176
2022-01-17 13:13:24.506278,83.85417,84.3895,86.63083
2022-01-17 13:13:25.006281,84.67848,84.95775,86.63083
2022-01-17 13:13:25.505182,83.33805,83.8225,85.68833
2022-01-17 13:13:26.007226,84.67848,85.26725,85.68833
2022-01-17 13:13:26.502917,84.00888,84.132,85.4527
2022-01-17 13:13:27.010229,84.00888,84.33875,85.4527
2022-01-17 13:13:27.503629,84.47302,84.64825,85.49229
2022-01-17 13:13:28.003545,84.05963,84.59625,85.49229
2022-01-17 13:13:28.506972,84.47302,84.803,85.57051
2022-01-17 13:13:29.008151,83.44078,84.23475,85.57051
2022-01-17 13:13:29.505311,84.21434,84.3895,86.23875
2022-01-17 13:13:30.004342,84.21434,84.4415,86.23875
2022-01-17 13:13:30.510756,84.42104,84.90575,85.29625
2022-01-17 13:13:31.009026,84.05963,84.33875,85.29625
2022-01-17 13:13:31.508715,84.36905,84.59625,86.15958
2022-01-17 13:13:32.007694,84.00888,84.3895,86.15958
2022-01-17 13:13:32.505257,83.9569,84.4935,85.68833
2022-01-17 13:13:33.009029,84.36905,84.95775,85.68833
2022-01-17 13:13:33.506143,83.90492,84.184,85.41406
2022-01-17 13:13:34.004874,84.62773,85.0085,85.41406
2022-01-17 13:13:34.502187,84.00888,84.28675,85.80614
2022-01-17 13:13:35.001796,84.1636,84.64825,85.80614
2022-01-17 13:13:35.508268,84.36905,84.751,86.23875
2022-01-17 13:13:36.002016,84.1636,84.33875,86.23875
2022-01-17 13:13:36.509836,84.11161,84.59625,85.37447
2022-01-17 13:13:37.009130,83.85417,84.28675,85.37447
2022-01-17 13:13:37.504411,84.42104,84.64825,85.09926
2022-01-17 13:13:38.003553,84.1636,84.28675,85.09926
2022-01-17 13:13:38.509398,84.21434,84.90575,85.80614
2022-01-17 13:13:39.007305,84.00888,84.23475,85.80614
2022-01-17 13:13:39.502246,84.42104,84.85375,85.64968
2022-01-17 13:13:40.005048,84.36905,84.803,85.64968
2022-01-17 13:13:40.502859,83.69946,84.184,86.23875
2022-01-17 13:13:41.003860,84.21434,84.4935,86.23875
2022-01-17 13:13:41.508481,84.26632,84.33875,85.33489
2022-01-17 13:13:42.005852,83.90492,84.4415,85.33489
2022-01-17 13:13:42.501168,84.42104,84.4935,85.64968
2022-01-17 13:13:43.009308,83.69946,84.23475,85.64968
2022-01-17 13:13:43.506004,84.67848,85.1125,86.23875
2022-01-17 13:13:44.004611,83.7502,84.3895,86.23875
2022-01-17 13:13:44.503560,84.47302,84.803,86.00312
2022-01-17 13:13:45.010745,84.62773,84.64825,86.00312
2022-01-17 13:13:45.507844,83.7502,84.132,85.29625
2022-01-17 13:13:46.006862,84.42104,84.90575,85.29625
2022-01-17 13:13:46.504233,83.9569,84.4415,86.15958
2022-01-17 13:13:47.002421,84.42104,84.803,86.15958
2022-01-17 13:13:47.503157,83.59549,84.33875,85.92395
2022-01-17 13:13:48.008561,84.42104,84.85375,85.92395
2022-01-17 13:13:48.508736,84.36905,84.59625,86.35656
2022-01-17 13:13:49.006310,84.36905,84.751,86.35656
2022-01-17 13:13:49.509987,84.1636,84.4935,85.7675
2022-01-17 13:13:50.011049,83.80219,84.02925,85.7675
2022-01-17 13:13:50.506438,84.62773,85.318,86.27739
2022-01-17 13:13:51.005132,83.7502,84.33875,86.27739
2022-01-17 13:13:51.502579,84.31831,84.64825,86.63083
2022-01-17 13:13:52.001092,84.00888,84.28675,86.63083
2022-01-17 13:13:52.508877,84.42104,84.803,85.13885
2022-01-17 13:13:53.011245,84.1636,84.54425,85.13885
2022-01-17 13:13:53.507082,83.9569,84.3895,85.29625
2022-01-17 13:13:54.005700,84.11161,84.4415,85.29625
2022-01-17 13:13:54.503480,84.11161,84.64825,86.12093
2022-01-17 13:13:55.001410,84.47302,84.90575,86.12093
2022-01-17 13:13:55.503524,83.39003,83.8225,85.72791
2022-01-17 13:13:56.001684,84.9879,85.26725,85.72791
2022-01-17 13:13:56.507440,83.9569,84.08,85.49229
2022-01-17 13:13:57.008615,84.05963,84.54425,85.49229
2022-01-17 13:13:57.504737,84.26632,84.85375,86.04176
2022-01-17 13:13:58.001985,83.80219,84.28675,86.04176
2022-01-17 13:13:58.507494,84.57575,85.0085,85.6101
2022-01-17 13:13:59.006721,83.80219,84.33875,85.6101
2022-01-17 13:13:59.505639,84.1636,84.4415,86.15958
2022-01-17 13:14:00.004634,84.52377,84.699,86.15958
2022-01-17 13:14:00.504872,84.21434,84.54425,85.88531
2022-01-17 13:14:01.007241,83.80219,84.184,85.88531
2022-01-17 13:14:01.504132,84.31831,84.751,85.06062
2022-01-17 13:14:02.003006,84.36905,84.803,85.06062
2022-01-17 13:14:02.507402,83.59549,84.132,86.15958
2022-01-17 13:14:03.007488,84.57575,84.85375,86.15958
2022-01-17 13:14:03.503243,84.05963,84.23475,86.04176
2022-01-17 13:14:04.004075,84.42104,84.64825,86.04176
2022-01-17 13:14:04.509845,84.36905,84.699,85.6101
2022-01-17 13:14:05.002859,84.36905,84.751,85.6101
2022-01-17 13:14:05.507354,84.52377,84.85375,85.84572
2022-01-17 13:14:06.007252,83.54475,84.28675,85.84572
2022-01-17 13:14:06.506032,84.26632,84.59625,86.31697
2022-01-17 13:14:07.005676,84.52377,84.803,86.31697
2022-01-17 13:14:07.502446,83.9569,84.23475,85.64968
2022-01-17 13:14:08.005063,84.21434,84.4935,85.64968
2022-01-17 13:14:08.506427,83.80219,84.28675,86.35656
2022-01-17 13:14:09.005821,84.62773,85.0605,86.35656
2022-01-17 13:14:09.507186,83.90492,84.33875,85.64968
2022-01-17 13:14:10.004974,84.00888,84.3895,85.64968
2022-01-17 13:14:10.509447,83.7502,84.132,85.80614
2022-01-17 13:14:11.009530,84.11161,84.184,85.80614
2022-01-17 13:14:11.503391,84.31831,84.4935,221.1727
2022-01-17 13:14:12.007532,83.69946,83.92525,221.1727
2022-01-17 13:14:12.506146,84.21434,84.751,230.7551
2022-01-17 13:14:13.011068,84.1636,84.4415,230.7551
2022-01-17 13:14:13.509348,84.1636,84.3895,184.5726
2022-01-17 13:14:14.009259,83.54475,84.184,184.5726
2022-01-17 13:14:14.504471,84.36905,84.4415,118.20458
2022-01-17 13:14:15.002251,84.31831,84.3895,118.20458
2022-01-17 13:14:15.507342,83.9569,84.3895,92.56104
2022-01-17 13:14:16.008511,84.00888,84.33875,92.56104
2022-01-17 13:14:16.506669,84.11161,84.33875,95.50635
2022-01-17 13:14:17.006091,84.42104,84.699,95.50635
2022-01-17 13:14:17.504262,83.54475,84.132,90.71562
2022-01-17 13:14:18.004689,84.52377,84.85375,90.71562
2022-01-17 13:14:18.506687,84.1636,84.28675,85.84572
2022-01-17 13:14:19.005714,84.52377,84.751,85.84572
2022-01-17 13:14:19.501205,84.21434,84.4415,86.63083
2022-01-17 13:14:20.011064,83.85417,84.23475,86.63083
2022-01-17 13:14:20.501714,84.62773,84.751,86.15958
2022-01-17 13:14:21.004152,83.44078,83.8745,86.15958
2022-01-17 13:14:21.501170,84.57575,84.95775,86.12093
2022-01-17 13:14:22.505394,84.1636,84.4935,86.71
2022-01-17 13:14:23.005804,83.59549,84.184,86.71
2022-01-17 13:14:23.508731,84.52377,85.0605,85.96354
2022-01-17 13:14:24.008955,84.00888,84.4935,85.96354
2022-01-17 13:14:24.507371,84.11161,84.751,86.59218
2022-01-17 13:14:25.005610,84.26632,84.64825,86.59218
2022-01-17 13:14:25.510902,84.42104,84.4415,86.31697
2022-01-17 13:14:26.001985,84.21434,84.803,86.31697
2022-01-17 13:14:26.502008,83.80219,84.08,85.13885
2022-01-17 13:14:27.010526,83.90492,84.4415,85.13885
2022-01-17 13:14:27.507245,84.31831,84.699,85.6101
2022-01-17 13:14:28.007159,83.7502,84.3895,85.6101
2022-01-17 13:14:28.503837,84.1636,84.4935,85.88531
2022-01-17 13:14:29.002332,84.00888,84.28675,85.88531
2022-01-17 13:14:29.509992,84.78245,84.95775,85.7675
2022-01-17 13:14:30.010498,84.26632,84.59625,85.7675
2022-01-17 13:14:30.506537,83.85417,84.3895,86.51301
2022-01-17 13:14:31.002019,84.26632,84.699,86.51301
2022-01-17 13:14:31.507683,84.05963,84.54425,86.63083
2022-01-17 13:14:32.003341,84.1636,84.59625,86.63083
2022-01-17 13:14:32.509543,83.9569,84.4415,85.33489
2022-01-17 13:14:33.009349,84.31831,84.23475,85.33489
2022-01-17 13:14:33.508131,84.62773,84.95775,86.47437
2022-01-17 13:14:34.006220,83.85417,84.23475,86.47437
2022-01-17 13:14:35.005218,83.64747,84.132,85.33489
2022-01-17 13:14:35.508959,84.73046,85.0085,86.67041
2022-01-17 13:14:36.010051,83.64747,84.23475,86.67041
2022-01-17 13:14:36.510930,84.31831,84.4935,86.27739
2022-01-17 13:14:37.000981,84.73046,84.95775,86.27739
2022-01-17 13:14:37.508756,83.85417,84.184,86.12093
2022-01-17 13:14:38.005790,84.67848,84.95775,86.12093
2022-01-17 13:14:38.502405,83.80219,84.184,85.53187
2022-01-17 13:14:39.002772,84.47302,84.95775,85.53187
2022-01-17 13:14:39.509992,83.59549,84.08,85.92395
2022-01-17 13:14:40.505346,84.42104,84.59625,84.825
2022-01-17 13:14:41.004272,84.05963,84.3895,84.825
2022-01-17 13:14:41.509648,84.47302,84.90575,85.92395
2022-01-17 13:14:42.009776,83.9569,84.23475,85.92395
2022-01-17 13:14:42.505159,84.47302,84.803,85.92395
2022-01-17 13:14:43.004773,83.7502,84.4935,85.92395
2022-01-17 13:14:43.505843,84.26632,84.64825,87.53468
2022-01-17 13:14:44.006340,84.26632,84.64825,87.53468
2022-01-17 13:14:44.511007,84.26632,84.64825,85.72791
2022-01-17 13:14:45.010887,84.52377,84.803,85.72791
2022-01-17 13:14:45.508651,84.11161,84.4415,86.08135
2022-01-17 13:14:46.008989,84.67848,85.0085,86.08135
2022-01-17 13:14:46.503364,83.69946,84.28675,85.53187
2022-01-17 13:14:47.002502,84.05963,84.4415,85.53187
2022-01-17 13:14:47.509515,84.00888,84.3895,85.72791
2022-01-17 13:14:48.002685,84.42104,84.803,85.72791
2022-01-17 13:14:48.510442,84.11161,84.4935,85.4527
2022-01-17 13:14:49.008208,83.9569,84.23475,85.4527
2022-01-17 13:14:49.501527,84.36905,84.54425,85.37447
2022-01-17 13:14:50.010975,84.36905,84.90575,85.37447
2022-01-17 13:14:50.507142,84.26632,84.64825,86.3952
2022-01-17 13:14:51.003919,83.54475,84.08,86.3952
2022-01-17 13:14:51.509785,84.42104,84.59625,85.53187
2022-01-17 13:14:52.008088,84.57575,84.85375,85.53187
2022-01-17 13:14:52.505075,83.90492,84.4415,85.4527
2022-01-17 13:14:53.003889,84.62773,84.751,85.4527
2022-01-17 13:14:53.510325,83.7502,84.132,86.5526
2022-01-17 13:14:54.009057,84.67848,84.90575,86.5526
2022-01-17 13:14:54.506388,84.00888,84.803,85.49229
2022-01-17 13:14:55.005293,83.9569,84.3895,85.49229
2022-01-17 13:14:55.503504,84.52377,84.751,86.12093
2022-01-17 13:14:56.010644,84.00888,84.3895,86.12093
2022-01-17 13:14:56.505663,84.21434,84.699,86.00312
2022-01-17 13:14:57.005739,84.05963,84.59625,86.00312
2022-01-17 13:14:57.504719,84.62773,84.803,85.80614
2022-01-17 13:14:58.003867,83.69946,84.33875,85.80614
2022-01-17 13:14:58.506214,84.52377,84.85375,85.53187
2022-01-17 13:14:59.004783,84.26632,84.59625,85.53187
2022-01-17 13:14:59.501809,83.90492,84.132,86.08135
2022-01-17 13:15:00.002200,84.62773,84.85375,86.08135
2022-01-17 13:15:00.501775,83.80219,84.33875,84.78541
2022-01-17 13:15:01.010899,84.67848,84.751,84.78541
2022-01-17 13:15:01.505606,83.64747,84.33875,86.35656
2022-01-17 13:15:02.006807,84.47302,84.699,86.35656
2022-01-17 13:15:02.504138,84.57575,84.64825,85.21708
2022-01-17 13:15:03.002490,84.11161,84.3895,85.21708
2022-01-17 13:15:03.510824,84.21434,84.85375,86.71
2022-01-17 13:15:04.004797,83.69946,84.184,86.71
2022-01-17 13:15:04.511016,84.52377,84.751,85.84572
2022-01-17 13:15:05.009606,83.69946,84.23475,85.84572
2022-01-17 13:15:05.506786,84.36905,84.803,86.04176
2022-01-17 13:15:06.005818,84.21434,84.64825,86.04176
2022-01-17 13:15:06.510618,84.67848,84.90575,85.57051
2022-01-17 13:15:07.002283,84.26632,84.3895,85.57051
2022-01-17 13:15:07.510327,83.59549,84.28675,86.00312
2022-01-17 13:15:08.001222,84.47302,84.85375,86.00312
2022-01-17 13:15:08.511121,83.9569,84.54425,85.37447
2022-01-17 13:15:09.001166,84.42104,84.803,85.37447
2022-01-17 13:15:09.505619,83.7502,84.28675,86.04176
2022-01-17 13:15:10.005069,84.52377,84.85375,86.04176
2022-01-17 13:15:10.510441,84.26632,84.4935,85.37447
2022-01-17 13:15:11.008003,84.42104,84.95775,85.37447
2022-01-17 13:15:11.510284,83.69946,83.97725,86.82781
2022-01-17 13:15:12.009879,84.00888,84.3895,86.82781
2022-01-17 13:15:12.509661,84.36905,84.699,85.92395
2022-01-17 13:15:13.009072,83.69946,84.54425,85.92395
2022-01-17 13:15:13.505040,84.52377,84.54425,86.00312
2022-01-17 13:15:14.003462,83.69946,84.33875,86.00312
2022-01-17 13:15:14.508747,84.47302,84.90575,85.7675
2022-01-17 13:15:15.006251,84.26632,84.59625,85.7675
2022-01-17 13:15:15.502130,83.90492,84.3895,87.10208
2022-01-17 13:15:16.010813,84.42104,84.59625,87.10208
2022-01-17 13:15:16.505414,83.64747,84.3895,85.64968
2022-01-17 13:15:17.006418,84.42104,84.64825,85.64968
2022-01-17 13:15:17.506464,84.26632,84.23475,85.21708
2022-01-17 13:15:18.007417,84.31831,84.64825,85.21708
2022-01-17 13:15:18.503923,84.26632,84.699,85.7675
2022-01-17 13:15:19.001631,84.26632,84.699,85.7675
2022-01-17 13:15:19.508840,84.05963,84.4935,85.41406
2022-01-17 13:15:20.007372,84.00888,84.90575,85.41406
2022-01-17 13:15:20.502878,84.1636,84.3895,86.78822
2022-01-17 13:15:21.006171,84.47302,84.803,86.78822
2022-01-17 13:15:21.511126,84.00888,84.23475,86.04176
2022-01-17 13:15:22.003502,84.31831,84.59625,86.04176
2022-01-17 13:15:22.507095,84.11161,84.59625,84.94281
2022-01-17 13:15:23.005704,84.47302,84.699,84.94281
2022-01-17 13:15:23.503342,84.00888,84.751,86.47437
2022-01-17 13:15:24.006996,84.26632,84.699,86.47437
2022-01-17 13:15:24.502425,83.7502,84.59625,85.41406
2022-01-17 13:15:25.010770,84.42104,84.64825,85.41406
2022-01-17 13:15:25.506939,84.26632,84.64825,85.4527
2022-01-17 13:15:26.005694,84.11161,84.54425,85.4527
2022-01-17 13:15:26.502157,84.47302,84.85375,85.29625
2022-01-17 13:15:27.001576,84.21434,84.64825,85.29625
2022-01-17 13:15:27.506115,84.26632,84.54425,85.84572
2022-01-17 13:15:28.006365,83.7502,84.33875,85.84572
2022-01-17 13:15:28.501961,84.11161,84.4415,85.21708
2022-01-17 13:15:29.009011,84.31831,84.59625,85.21708
2022-01-17 13:15:29.505953,83.9569,84.4415,85.88531
2022-01-17 13:15:30.009444,84.11161,84.33875,85.88531
2022-01-17 13:15:30.506616,84.21434,84.751,85.02104
2022-01-17 13:15:31.010241,84.52377,84.751,85.02104
2022-01-17 13:15:31.506515,84.00888,84.4935,86.35656
2022-01-17 13:15:32.005150,84.00888,84.23475,86.35656
2022-01-17 13:15:32.501404,83.80219,84.132,86.31697
2022-01-17 13:15:33.009526,84.21434,84.803,86.31697
2022-01-17 13:15:33.508793,84.11161,84.3895,85.84572
2022-01-17 13:15:34.007676,84.05963,84.59625,85.84572
2022-01-17 13:15:34.502260,84.31831,84.3895,85.41406
2022-01-17 13:15:35.010946,83.85417,84.54425,85.41406
2022-01-17 13:15:35.501611,84.67848,84.90575,86.12093
2022-01-17 13:15:36.007163,84.36905,84.3895,86.12093
2022-01-17 13:15:36.502136,84.26632,84.699,85.57051
2022-01-17 13:15:37.004809,83.85417,84.28675,85.57051
2022-01-17 13:15:37.502017,84.26632,84.85375,86.23875
2022-01-17 13:15:38.003315,84.11161,84.28675,86.23875
2022-01-17 13:15:38.502832,83.80219,84.803,85.41406
2022-01-17 13:15:39.003987,84.47302,84.64825,85.41406
2022-01-17 13:15:39.502965,84.31831,84.54425,86.94562
2022-01-17 13:15:40.005045,84.21434,84.54425,86.94562
2022-01-17 13:15:40.510457,84.47302,84.64825,86.35656
2022-01-17 13:15:41.010987,83.80219,84.54425,86.35656
2022-01-17 13:15:41.508598,84.1636,84.28675,86.15958
2022-01-17 13:15:42.008956,84.00888,84.751,86.15958
2022-01-17 13:15:42.504582,84.05963,84.184,85.53187
2022-01-17 13:15:43.002072,84.1636,84.85375,85.53187
2022-01-17 13:15:43.508789,84.26632,84.4415,86.00312
2022-01-17 13:15:44.006450,84.21434,84.4415,86.00312
2022-01-17 13:15:44.504274,83.9569,84.54425,85.72791
2022-01-17 13:15:45.009014,84.31831,84.4935,85.72791
2022-01-17 13:15:45.505358,84.26632,84.95775,85.6101
2022-01-17 13:15:46.005492,83.9569,84.184,85.6101
2022-01-17 13:15:46.504361,84.11161,84.751,86.08135
2022-01-17 13:15:47.002443,84.36905,84.54425,86.08135
2022-01-17 13:15:47.508631,84.52377,84.751,85.88531
2022-01-17 13:15:48.005505,84.00888,84.64825,85.88531
2022-01-17 13:15:48.511108,84.00888,84.28675,88.00593
2022-01-17 13:15:49.002874,84.05963,84.54425,88.00593
2022-01-17 13:15:49.510108,84.26632,84.64825,85.92395
2022-01-17 13:15:50.008534,84.00888,84.751,85.92395
2022-01-17 13:15:50.503083,84.00888,84.23475,85.6101
2022-01-17 13:15:51.002321,84.52377,84.64825,85.6101
2022-01-17 13:15:51.504273,84.21434,84.59625,85.68833
2022-01-17 13:15:52.001743,84.62773,84.85375,85.68833
2022-01-17 13:15:52.507856,83.39003,84.08,85.80614
2022-01-17 13:15:53.006099,84.47302,84.59625,85.80614
