時間,回転１,回転２,回転３
2022-01-18 10:00:00.005987,84.36905,84.751,85.68833
2022-01-18 10:00:00.509488,83.90492,84.4935,85.68833
2022-01-18 10:00:01.005898,83.85417,84.3895,86.71
2022-01-18 10:00:01.504360,83.85417,84.4415,86.71
2022-01-18 10:00:02.003202,83.9569,84.4415,86.5526
2022-01-18 10:00:02.509598,83.9569,84.64825,86.5526
2022-01-18 10:00:03.007720,84.05963,84.23475,85.37447
2022-01-18 10:00:03.504824,84.05963,84.3895,85.37447
2022-01-18 10:00:04.006811,84.11161,84.803,86.31697
2022-01-18 10:00:04.505063,84.26632,84.54425,86.31697
2022-01-18 10:00:05.002563,83.69946,84.23475,85.88531
2022-01-18 10:00:05.502581,83.7502,84.33875,85.88531
2022-01-18 10:00:06.003216,83.85417,84.64825,85.7675
2022-01-18 10:00:06.508351,83.80219,84.08,85.7675
2022-01-18 10:00:07.005768,84.47302,84.90575,85.49229
2022-01-18 10:00:07.501208,84.11161,84.4935,85.49229
2022-01-18 10:00:08.009816,83.85417,84.23475,86.27739
2022-01-18 10:00:08.504575,84.21434,84.803,86.27739
2022-01-18 10:00:09.003924,84.11161,84.59625,85.4527
2022-01-18 10:00:09.509290,83.49276,84.28675,85.4527
2022-01-18 10:00:10.007849,83.9569,84.33875,86.67041
2022-01-18 10:00:10.502712,83.9569,84.64825,86.67041
2022-01-18 10:00:11.010835,83.90492,84.4935,85.37447
2022-01-18 10:00:11.506683,84.36905,84.85375,85.37447
2022-01-18 10:00:12.005144,83.64747,84.23475,85.96354
2022-01-18 10:00:12.510658,84.31831,84.59625,85.96354
2022-01-18 10:00:13.008415,83.49276,84.33875,85.88531
2022-01-18 10:00:13.506565,84.36905,84.85375,85.88531
2022-01-18 10:00:14.003637,83.64747,84.08,86.04176
2022-01-18 10:00:14.508738,83.9569,84.4415,86.04176
2022-01-18 10:00:15.007906,84.36905,84.90575,85.41406
2022-01-18 10:00:15.504251,83.49276,84.132,85.41406
2022-01-18 10:00:16.001537,84.36905,84.803,85.6101
2022-01-18 10:00:16.508566,83.59549,84.184,85.6101
2022-01-18 10:00:17.006783,84.31831,84.4415,85.64968
2022-01-18 10:00:17.504357,83.85417,84.699,85.64968
2022-01-18 10:00:18.004007,83.69946,83.97725,85.84572
2022-01-18 10:00:18.509285,84.42104,84.64825,85.84572
2022-01-18 10:00:19.009542,83.44078,83.92525,85.7675
2022-01-18 10:00:19.503630,84.26632,85.0085,85.7675
2022-01-18 10:00:20.002349,83.59549,84.23475,86.59218
2022-01-18 10:00:20.507800,84.31831,84.64825,86.59218
2022-01-18 10:00:21.006293,83.90492,84.64825,85.92395
2022-01-18 10:00:21.501755,83.90492,84.28675,85.92395
2022-01-18 10:00:22.011078,84.00888,84.59625,85.80614
2022-01-18 10:00:22.507576,83.69946,84.23475,85.80614
2022-01-18 10:00:23.005656,84.26632,84.751,85.80614
2022-01-18 10:00:23.502090,83.49276,84.02925,85.80614
2022-01-18 10:00:24.010883,84.26632,84.59625,86.23875
2022-01-18 10:00:24.507015,83.90492,84.64825,86.23875
2022-01-18 10:00:25.007992,84.26632,84.4415,85.06062
2022-01-18 10:00:25.503526,83.80219,84.4415,85.06062
2022-01-18 10:00:26.000738,84.11161,84.59625,86.08135
2022-01-18 10:00:26.509046,83.69946,84.23475,86.08135
2022-01-18 10:00:27.006768,84.11161,84.751,86.3952
2022-01-18 10:00:27.501753,84.11161,84.33875,86.3952
2022-01-18 10:00:28.001578,83.49276,84.28675,85.06062
2022-01-18 10:00:28.507491,84.21434,84.64825,85.06062
2022-01-18 10:00:29.006036,83.85417,84.184,86.63083
2022-01-18 10:00:29.501189,84.05963,84.3895,86.63083
2022-01-18 10:00:30.009147,84.00888,84.59625,86.12093
2022-01-18 10:00:30.505150,83.69946,84.4415,86.12093
2022-01-18 10:00:31.006808,84.00888,84.54425,85.4527
2022-01-18 10:00:31.501151,83.90492,84.4935,85.4527
2022-01-18 10:00:32.008420,84.31831,84.59625,85.72791
2022-01-18 10:00:32.504250,83.54475,84.54425,85.72791
2022-01-18 10:00:33.002624,84.00888,84.33875,85.72791
2022-01-18 10:00:33.510483,84.26632,84.699,85.72791
2022-01-18 10:00:34.009423,84.1636,84.64825,85.29625
2022-01-18 10:00:34.503885,83.80219,84.33875,85.29625
2022-01-18 10:00:35.004411,83.64747,84.33875,85.72791
2022-01-18 10:00:35.509952,84.21434,84.59625,85.72791
2022-01-18 10:00:36.009718,83.54475,84.54425,85.72791
2022-01-18 10:00:36.504901,84.26632,84.59625,85.72791
2022-01-18 10:00:37.002921,84.11161,84.33875,85.33489
2022-01-18 10:00:37.507211,83.9569,84.3895,85.33489
2022-01-18 10:00:38.006197,84.26632,84.751,86.35656
2022-01-18 10:00:38.511032,83.69946,84.23475,86.35656
2022-01-18 10:00:39.008315,83.90492,84.4415,85.68833
2022-01-18 10:00:39.506390,83.54475,84.4935,85.68833
2022-01-18 10:00:40.004900,83.9569,84.3895,85.57051
2022-01-18 10:00:40.510919,84.26632,84.54425,85.57051
2022-01-18 10:00:41.008756,84.1636,84.3895,85.53187
2022-01-18 10:00:41.503989,84.47302,84.699,85.53187
2022-01-18 10:00:42.001903,83.39003,84.08,86.15958
2022-01-18 10:00:42.510758,84.1636,84.59625,86.15958
2022-01-18 10:00:43.009369,83.54475,84.3895,85.09926
2022-01-18 10:00:43.504433,84.1636,84.54425,85.09926
2022-01-18 10:00:44.003854,83.64747,84.23475,85.57051
2022-01-18 10:00:44.509330,84.05963,84.3895,85.57051
2022-01-18 10:00:45.007472,84.11161,84.4415,85.92395
2022-01-18 10:00:45.501485,84.11161,84.699,85.92395
2022-01-18 10:00:46.010424,83.9569,84.4415,86.5526
2022-01-18 10:00:46.506747,83.80219,84.64825,86.5526
2022-01-18 10:00:47.004781,83.90492,84.3895,85.80614
2022-01-18 10:00:47.509728,83.9569,84.64825,85.80614
2022-01-18 10:00:48.007838,84.21434,84.54425,85.92395
2022-01-18 10:00:48.504537,83.9569,84.23475,85.92395
2022-01-18 10:00:49.001798,84.05963,84.59625,86.63083
2022-01-18 10:00:49.507277,83.90492,84.3895,86.63083
2022-01-18 10:00:50.005599,83.7502,84.4415,85.6101
2022-01-18 10:00:50.511222,84.21434,84.90575,85.6101
2022-01-18 10:00:51.009925,83.23532,83.97725,85.6101
2022-01-18 10:00:51.506273,84.26632,84.59625,85.6101
2022-01-18 10:00:52.005571,84.00888,84.184,85.92395
2022-01-18 10:00:52.504121,84.36905,84.90575,85.92395
2022-01-18 10:00:53.002330,83.69946,84.02925,85.53187
2022-01-18 10:00:53.506950,83.85417,84.4935,85.53187
2022-01-18 10:00:54.005258,84.36905,84.90575,86.08135
2022-01-18 10:00:54.510924,83.69946,84.64825,86.08135
2022-01-18 10:00:55.009234,83.85417,84.3895,86.04176
2022-01-18 10:00:55.504063,83.9569,84.184,85.25666
2022-01-18 10:00:56.010734,84.1636,84.4935,85.25666
2022-01-18 10:00:56.506215,84.31831,84.803,85.25666
2022-01-18 10:00:57.004662,83.85417,84.59625,86.67041
2022-01-18 10:00:57.509155,83.69946,84.132,86.67041
2022-01-18 10:00:58.011121,84.47302,84.90575,85.7675
2022-01-18 10:00:58.505571,84.00888,84.23475,85.7675
2022-01-18 10:00:59.002958,83.7502,84.4415,85.09926
2022-01-18 10:00:59.508038,83.9569,84.59625,85.09926
2022-01-18 10:01:00.005927,84.00888,84.23475,86.15958
2022-01-18 10:01:00.510877,83.90492,84.4935,86.15958
2022-01-18 10:01:01.009740,84.11161,84.4935,86.00312
2022-01-18 10:01:01.503401,83.69946,84.4415,86.00312
2022-01-18 10:01:02.000824,84.05963,84.3895,84.90322
2022-01-18 10:01:02.505164,83.85417,84.4935,84.90322
2022-01-18 10:01:03.003252,84.05963,84.4415,85.4527
2022-01-18 10:01:03.508746,84.05963,84.54425,85.4527
2022-01-18 10:01:04.006895,83.85417,84.4935,86.12093
2022-01-18 10:01:04.502224,83.7502,84.184,86.12093
2022-01-18 10:01:05.002623,84.05963,84.699,85.33489
2022-01-18 10:01:05.508783,83.9569,84.4415,85.33489
2022-01-18 10:01:06.007647,83.80219,84.59625,86.3952
2022-01-18 10:01:06.503210,84.00888,84.54425,86.3952
2022-01-18 10:01:07.001273,84.1636,84.4415,85.7675
2022-01-18 10:01:07.507659,83.9569,84.4415,85.7675
2022-01-18 10:01:08.005180,84.21434,84.59625,85.84572
2022-01-18 10:01:08.509359,83.54475,84.3895,85.84572
2022-01-18 10:01:09.008687,84.31831,84.4935,85.96354
2022-01-18 10:01:09.511060,83.54475,84.132,85.96354
2022-01-18 10:01:10.007756,84.1636,84.699,85.4527
2022-01-18 10:01:10.510158,84.21434,84.54425,85.4527
2022-01-18 10:01:11.008918,83.80219,84.28675,85.41406
2022-01-18 10:01:11.503800,83.7502,84.02925,85.41406
2022-01-18 10:01:12.002709,84.11161,84.64825,86.27739
2022-01-18 10:01:12.507793,83.9569,84.3895,86.27739
2022-01-18 10:01:13.005458,83.85417,84.54425,85.06062
2022-01-18 10:01:13.510592,83.7502,84.184,85.06062
2022-01-18 10:01:14.010469,83.69946,84.28675,85.80614
2022-01-18 10:01:14.508496,84.47302,84.751,85.80614
2022-01-18 10:01:15.005747,84.21434,84.64825,85.17843
2022-01-18 10:01:15.510959,83.49276,84.184,85.17843
2022-01-18 10:01:16.008348,84.42104,84.803,86.71
2022-01-18 10:01:16.502951,83.85417,84.4415,86.71
2022-01-18 10:01:17.002464,84.31831,84.64825,85.84572
2022-01-18 10:01:17.507466,83.33805,84.23475,85.84572
2022-01-18 10:01:18.005345,83.9569,84.28675,85.84572
2022-01-18 10:01:18.501160,84.57575,84.54425,85.84572
2022-01-18 10:01:19.009160,83.80219,84.54425,85.13885
2022-01-18 10:01:19.504267,83.80219,84.3895,85.13885
2022-01-18 10:01:20.002532,84.11161,84.699,86.04176
2022-01-18 10:01:20.508260,83.59549,84.02925,86.04176
2022-01-18 10:01:21.006435,84.11161,84.90575,85.29625
2022-01-18 10:01:21.510563,83.85417,84.28675,85.29625
2022-01-18 10:01:22.008195,83.85417,84.132,85.72791
2022-01-18 10:01:22.503182,84.42104,84.90575,85.72791
2022-01-18 10:01:23.001164,83.85417,84.08,85.6101
2022-01-18 10:01:23.509004,83.69946,84.3895,85.6101
2022-01-18 10:01:24.006776,83.7502,84.28675,85.6101
2022-01-18 10:01:24.501784,84.00888,84.803,85.6101
2022-01-18 10:01:25.001695,84.00888,84.3895,85.88531
2022-01-18 10:01:25.507357,83.90492,84.3895,85.88531
2022-01-18 10:01:26.005768,84.1636,84.64825,85.68833
2022-01-18 10:01:26.502299,84.21434,84.64825,85.68833
2022-01-18 10:01:27.010636,84.21434,84.699,84.90322
2022-01-18 10:01:27.509954,83.80219,84.184,84.90322
2022-01-18 10:01:28.009557,83.80219,84.3895,86.47437
2022-01-18 10:01:28.505337,84.00888,84.751,86.47437
2022-01-18 10:01:29.003400,83.54475,84.08,85.68833
2022-01-18 10:01:29.508142,84.1636,84.59625,85.68833
2022-01-18 10:01:30.007695,83.85417,84.4415,86.12093
2022-01-18 10:01:30.501971,83.9569,84.64825,86.12093
2022-01-18 10:01:31.010828,83.9569,84.4415,85.37447
2022-01-18 10:01:31.506063,83.80219,84.28675,85.37447
2022-01-18 10:01:32.006366,84.36905,84.699,86.86645
2022-01-18 10:01:32.503276,83.54475,84.132,86.86645
2022-01-18 10:01:33.011168,83.9569,84.54425,85.4527
2022-01-18 10:01:33.506884,84.21434,84.59625,85.4527
2022-01-18 10:01:34.011135,83.7502,84.33875,85.88531
2022-01-18 10:01:34.508772,84.26632,84.64825,85.88531
2022-01-18 10:01:35.007183,83.9569,84.4415,85.09926
2022-01-18 10:01:35.501019,84.1636,84.90575,85.09926
2022-01-18 10:01:36.008750,83.33805,83.97725,85.92395
2022-01-18 10:01:36.506899,84.11161,84.64825,85.92395
2022-01-18 10:01:37.006423,83.90492,84.3895,85.88531
2022-01-18 10:01:37.502475,84.26632,84.95775,85.88531
2022-01-18 10:01:38.001264,83.9569,84.23475,86.08135
2022-01-18 10:01:38.505157,83.85417,84.23475,86.08135
2022-01-18 10:01:39.002723,84.36905,84.751,85.6101
2022-01-18 10:01:39.509442,83.80219,84.4415,85.6101
2022-01-18 10:01:40.010813,84.11161,84.64825,86.08135
2022-01-18 10:01:40.506610,83.54475,84.33875,86.08135
2022-01-18 10:01:41.005729,84.31831,84.803,85.33489
2022-01-18 10:01:41.504632,84.11161,84.4935,85.33489
2022-01-18 10:01:42.002695,83.90492,84.4935,86.27739
2022-01-18 10:01:42.508659,83.9569,84.28675,86.27739
2022-01-18 10:01:43.005718,84.31831,84.699,85.29625
2022-01-18 10:01:44.005478,83.44078,84.23475,86.86645
2022-01-18 10:01:44.501347,84.11161,84.699,86.86645
2022-01-18 10:01:45.006131,83.9569,84.33875,85.41406
2022-01-18 10:01:45.510697,84.31831,84.751,85.41406
2022-01-18 10:01:46.009702,83.59549,84.184,85.88531
2022-01-18 10:01:46.509805,84.05963,84.4935,85.88531
2022-01-18 10:01:47.008574,84.1636,84.59625,85.33489
2022-01-18 10:01:47.503240,83.64747,84.23475,85.33489
2022-01-18 10:01:48.002182,84.11161,84.64825,85.88531
2022-01-18 10:01:48.507595,83.9569,84.33875,85.88531
2022-01-18 10:01:49.005697,84.05963,84.59625,85.09926
2022-01-18 10:01:49.510055,83.85417,84.28675,85.09926
2022-01-18 10:01:50.008476,84.36905,84.803,85.29625
2022-01-18 10:01:50.504677,83.80219,84.3895,85.29625
2022-01-18 10:01:51.001763,83.7502,84.33875,85.7675
2022-01-18 10:01:51.507348,83.85417,84.4415,85.7675
2022-01-18 10:01:52.005669,84.31831,84.59625,85.06062
2022-01-18 10:01:52.509372,83.80219,84.132,85.06062
2022-01-18 10:01:53.008344,83.90492,84.33875,86.59218
2022-01-18 10:01:53.503091,83.7502,84.33875,86.59218
2022-01-18 10:01:54.002419,84.31831,85.0085,85.96354
2022-01-18 10:01:54.507374,83.49276,84.08,85.96354
2022-01-18 10:01:55.006769,83.9569,84.4935,85.57051
2022-01-18 10:01:55.511264,83.85417,84.54425,85.57051
2022-01-18 10:01:56.009775,84.31831,84.64825,85.37447
2022-01-18 10:01:56.503612,84.47302,84.59625,85.37447
2022-01-18 10:01:57.001881,83.23532,83.8745,85.33489
2022-01-18 10:01:57.510626,84.11161,84.59625,85.33489
2022-01-18 10:01:58.010387,84.26632,84.699,85.6101
2022-01-18 10:01:58.504653,83.90492,84.699,85.6101
2022-01-18 10:01:59.002677,83.69946,84.3895,85.57051
2022-01-18 10:01:59.509182,83.9569,84.4415,85.57051
2022-01-18 10:02:00.007836,84.47302,84.751,86.08135
2022-01-18 10:02:00.503886,83.69946,84.23475,86.08135
2022-01-18 10:02:01.001610,84.26632,84.90575,85.4527
2022-01-18 10:02:01.506460,83.33805,83.7705,85.4527
2022-01-18 10:02:02.006670,84.1636,84.64825,86.08135
2022-01-18 10:02:02.501454,83.69946,84.33875,86.08135
2022-01-18 10:02:03.010571,84.00888,84.4415,85.7675
2022-01-18 10:02:03.507253,84.31831,84.59625,85.7675
2022-01-18 10:02:04.007622,83.90492,84.3895,86.31697
2022-01-18 10:02:04.503687,84.00888,84.33875,86.31697
2022-01-18 10:02:05.001616,83.85417,84.4935,85.80614
2022-01-18 10:02:05.509208,84.21434,84.85375,85.80614
2022-01-18 10:02:06.007041,83.33805,83.71975,86.04176
2022-01-18 10:02:06.503251,83.85417,84.23475,86.04176
2022-01-18 10:02:07.006450,83.85417,84.184,174.00906
2022-01-18 10:02:07.504728,83.80219,84.132,174.00906
2022-01-18 10:02:08.003550,84.42104,84.751,229.10572
2022-01-18 10:02:08.509115,83.28607,83.66775,229.10572
2022-01-18 10:02:09.007349,84.05963,84.3895,187.4001
2022-01-18 10:02:09.502208,83.33805,83.7705,187.4001
2022-01-18 10:02:10.011019,84.47302,85.0085,104.69572
2022-01-18 10:02:10.506420,83.23532,83.92525,104.69572
2022-01-18 10:02:11.004863,83.80219,84.02925,90.83343
2022-01-18 10:02:11.510023,83.9569,84.08,90.83343
2022-01-18 10:02:12.009301,84.31831,84.699,99.27635
2022-01-18 10:02:12.506298,83.9569,84.28675,99.27635
2022-01-18 10:02:13.002533,83.39003,83.7705,88.86926
2022-01-18 10:02:13.507149,84.31831,84.85375,88.86926
2022-01-18 10:02:14.005299,83.44078,84.23475,86.27739
2022-01-18 10:02:14.501638,84.67848,85.318,86.27739
2022-01-18 10:02:15.009827,83.33805,83.97725,86.5526
2022-01-18 10:02:15.504591,83.90492,84.02925,86.5526
2022-01-18 10:02:16.011006,84.1636,84.64825,86.78822
2022-01-18 10:02:16.510272,84.42104,84.751,86.78822
2022-01-18 10:02:17.001129,83.80219,84.4935,86.04176
2022-01-18 10:02:17.506701,83.33805,83.8225,86.04176
2022-01-18 10:02:18.005323,84.21434,84.59625,86.86645
2022-01-18 10:02:18.501276,84.26632,84.803,86.86645
2022-01-18 10:02:19.010122,83.85417,84.28675,86.08135
2022-01-18 10:02:19.504787,84.00888,84.4415,86.08135
2022-01-18 10:02:20.002710,83.90492,84.3895,87.3377
2022-01-18 10:02:20.509926,84.47302,84.85375,87.3377
2022-01-18 10:02:21.008158,84.1636,84.803,85.72791
2022-01-18 10:02:21.503666,83.64747,84.08,85.72791
2022-01-18 10:02:22.003364,83.7502,84.3895,86.00312
2022-01-18 10:02:22.507792,83.9569,84.28675,86.00312
2022-01-18 10:02:23.006415,84.21434,84.59625,86.04176
2022-01-18 10:02:23.501390,83.80219,84.4415,86.04176
2022-01-18 10:02:24.010347,84.05963,84.803,85.72791
2022-01-18 10:02:24.504909,83.80219,84.28675,85.72791
2022-01-18 10:02:25.002537,84.21434,84.59625,85.72791
2022-01-18 10:02:25.511077,83.80219,84.59625,85.72791
2022-01-18 10:02:26.010862,83.9569,84.28675,85.6101
2022-01-18 10:02:26.505700,84.11161,84.4935,85.6101
2022-01-18 10:02:27.007591,83.85417,84.4415,85.41406
2022-01-18 10:02:27.502841,84.42104,85.0605,85.41406
2022-01-18 10:02:28.001465,83.64747,84.33875,85.49229
2022-01-18 10:02:28.507811,84.42104,84.90575,85.49229
2022-01-18 10:02:29.006413,83.64747,84.28675,86.27739
2022-01-18 10:02:29.503850,84.1636,84.59625,86.27739
2022-01-18 10:02:30.002528,84.21434,84.64825,86.67041
2022-01-18 10:02:30.507672,83.7502,84.08,86.67041
2022-01-18 10:02:31.006630,84.36905,85.0605,85.41406
2022-01-18 10:02:31.501718,83.49276,84.02925,85.41406
2022-01-18 10:02:32.010466,84.1636,84.699,85.88531
2022-01-18 10:02:32.505613,83.64747,84.28675,85.88531
2022-01-18 10:02:33.005939,84.31831,84.751,85.21708
2022-01-18 10:02:33.502028,83.49276,84.02925,85.21708
2022-01-18 10:02:34.002871,84.00888,84.4415,85.84572
2022-01-18 10:02:34.509522,84.26632,84.803,85.84572
2022-01-18 10:02:35.009277,83.80219,84.54425,86.51301
2022-01-18 10:02:35.509748,84.1636,84.59625,86.51301
2022-01-18 10:02:36.008660,83.59549,84.02925,85.57051
2022-01-18 10:02:36.508699,84.83319,85.0085,85.57051
2022-01-18 10:02:37.007515,83.44078,84.132,86.15958
2022-01-18 10:02:37.501493,84.26632,84.751,86.15958
2022-01-18 10:02:38.009043,83.80219,84.08,86.47437
2022-01-18 10:02:38.507527,83.90492,84.4935,86.47437
2022-01-18 10:02:39.004980,84.11161,84.90575,84.90322
2022-01-18 10:02:39.510552,83.49276,84.08,84.90322
2022-01-18 10:02:40.011010,84.1636,84.4935,85.96354
2022-01-18 10:02:40.505149,83.7502,84.4935,85.96354
2022-01-18 10:02:41.002629,84.31831,84.59625,85.4527
2022-01-18 10:02:41.508605,83.90492,84.4415,85.4527
2022-01-18 10:02:42.006867,83.80219,84.54425,85.49229
2022-01-18 10:02:42.501548,84.11161,84.59625,85.49229
2022-01-18 10:02:43.001246,83.64747,84.28675,85.49229
2022-01-18 10:02:43.507391,84.21434,84.751,85.49229
2022-01-18 10:02:44.005451,83.39003,84.28675,86.00312
2022-01-18 10:02:44.510287,84.21434,84.54425,86.00312
2022-01-18 10:02:45.009089,83.80219,84.28675,85.21708
2022-01-18 10:02:45.502689,84.62773,84.90575,85.21708
2022-01-18 10:02:46.001077,83.85417,84.3895,86.23875
2022-01-18 10:02:46.504801,83.90492,84.4415,86.23875
2022-01-18 10:02:47.002306,83.85417,84.23475,85.33489
2022-01-18 10:02:47.508178,84.21434,84.803,85.33489
2022-01-18 10:02:48.006496,83.85417,84.28675,86.27739
2022-01-18 10:02:48.501168,83.80219,84.4935,86.27739
2022-01-18 10:02:49.009244,84.21434,84.3895,85.4527
2022-01-18 10:02:49.505087,84.26632,84.64825,85.4527
2022-01-18 10:02:50.003179,84.26632,84.54425,86.00312
2022-01-18 10:02:50.508605,83.85417,84.23475,86.00312
2022-01-18 10:02:51.006869,83.80219,84.4415,85.80614
2022-01-18 10:02:51.503754,84.42104,84.85375,85.80614
2022-01-18 10:02:52.002151,83.69946,84.3895,86.31697
2022-01-18 10:02:52.507450,83.9569,84.3895,86.31697
2022-01-18 10:02:53.005474,84.1636,84.59625,85.53187
2022-01-18 10:02:53.510847,84.05963,84.64825,85.53187
2022-01-18 10:02:54.010134,84.1636,84.699,85.80614
2022-01-18 10:02:54.504183,83.85417,84.28675,85.80614
2022-01-18 10:02:55.006109,83.85417,84.3895,85.88531
2022-01-18 10:02:55.501091,83.54475,84.4935,85.88531
2022-01-18 10:02:56.009974,84.11161,84.54425,85.80614
2022-01-18 10:02:56.505463,84.05963,84.4935,85.80614
2022-01-18 10:02:57.005163,83.9569,84.33875,86.31697
2022-01-18 10:02:57.504191,84.26632,84.751,86.31697
2022-01-18 10:02:58.003487,83.9569,84.4935,86.67041
2022-01-18 10:02:58.509080,84.21434,84.4415,86.67041
2022-01-18 10:02:59.008679,83.44078,84.23475,85.49229
2022-01-18 10:02:59.502944,84.21434,84.4415,85.49229
2022-01-18 10:03:00.002043,83.90492,84.4415,85.96354
2022-01-18 10:03:00.509081,83.90492,84.28675,85.96354
2022-01-18 10:03:01.007419,84.47302,84.699,85.29625
2022-01-18 10:03:01.501914,83.7502,84.33875,85.29625
2022-01-18 10:03:02.001464,84.36905,84.751,85.92395
2022-01-18 10:03:02.507098,83.54475,84.02925,85.92395
2022-01-18 10:03:03.006191,84.1636,84.54425,86.51301
2022-01-18 10:03:03.502560,83.69946,84.4415,86.51301
2022-01-18 10:03:04.001306,84.00888,84.4935,85.53187
2022-01-18 10:03:04.506943,84.00888,84.33875,85.53187
2022-01-18 10:03:05.005759,84.00888,84.54425,86.78822
2022-01-18 10:03:05.501174,83.90492,84.132,86.78822
2022-01-18 10:03:06.010628,83.90492,84.4415,86.08135
2022-01-18 10:03:06.507674,84.11161,84.4415,86.08135
2022-01-18 10:03:07.006045,83.90492,84.751,85.57051
2022-01-18 10:03:07.510936,83.9569,84.3895,85.57051
2022-01-18 10:03:08.007658,84.05963,84.3895,86.23875
2022-01-18 10:03:08.502416,83.9569,84.4935,86.23875
2022-01-18 10:03:09.001084,83.80219,84.3895,86.04176
2022-01-18 10:03:09.507827,84.05963,84.64825,86.04176
2022-01-18 10:03:10.004446,84.21434,84.33875,85.7675
2022-01-18 10:03:10.510457,83.59549,84.4935,85.7675
2022-01-18 10:03:11.010521,83.90492,84.23475,85.80614
2022-01-18 10:03:11.504998,84.1636,84.4935,85.80614
2022-01-18 10:03:12.003326,84.36905,84.85375,85.64968
2022-01-18 10:03:12.507391,83.49276,83.97725,85.64968
2022-01-18 10:03:13.005223,84.05963,84.803,85.64968
2022-01-18 10:03:13.501410,83.7502,84.02925,85.64968
2022-01-18 10:03:14.001601,84.42104,85.318,86.19916
2022-01-18 10:03:14.507416,84.11161,84.4935,86.19916
2022-01-18 10:03:15.007195,83.44078,83.97725,85.49229
2022-01-18 10:03:15.502206,84.1636,84.3895,85.49229
2022-01-18 10:03:16.001218,84.21434,84.64825,85.84572
2022-01-18 10:03:16.506810,84.00888,84.699,85.84572
2022-01-18 10:03:17.006301,83.64747,83.97725,86.08135
2022-01-18 10:03:17.510856,83.90492,84.54425,86.08135
2022-01-18 10:03:18.009807,84.26632,84.85375,86.27739
2022-01-18 10:03:18.504987,84.26632,85.0085,86.27739
2022-01-18 10:03:19.003108,83.54475,83.92525,85.68833
2022-01-18 10:03:19.509544,84.21434,84.4415,85.68833
2022-01-18 10:03:20.009596,83.69946,84.28675,85.41406
2022-01-18 10:03:20.504632,84.26632,84.59625,85.41406
2022-01-18 10:03:21.001855,83.9569,84.54425,85.49229
2022-01-18 10:03:21.507815,83.90492,84.33875,85.49229
2022-01-18 10:03:22.007156,83.7502,84.54425,86.5526
2022-01-18 10:03:22.503994,83.9569,84.3895,86.5526
2022-01-18 10:03:23.004014,84.21434,84.64825,85.4527
2022-01-18 10:03:23.510818,83.69946,84.33875,85.4527
2022-01-18 10:03:24.009115,84.21434,84.64825,86.74864
2022-01-18 10:03:24.504735,83.49276,84.132,86.74864
2022-01-18 10:03:25.003051,84.31831,84.699,86.19916
2022-01-18 10:03:25.508199,83.9569,84.803,86.19916
2022-01-18 10:03:26.006339,83.54475,83.8225,86.35656
2022-01-18 10:03:26.502027,84.42104,84.64825,86.35656
2022-01-18 10:03:27.001289,83.85417,84.3895,85.72791
2022-01-18 10:03:27.509999,84.05963,84.33875,85.72791
2022-01-18 10:03:28.009054,83.80219,84.54425,85.92395
2022-01-18 10:03:28.506683,83.64747,84.184,85.92395
2022-01-18 10:03:29.004063,83.90492,84.64825,85.06062
2022-01-18 10:03:29.509778,84.26632,84.54425,85.06062
2022-01-18 10:03:30.008080,83.85417,84.3895,85.57051
2022-01-18 10:03:30.505752,84.00888,84.3895,85.57051
2022-01-18 10:03:31.003892,84.52377,84.59625,86.43479
2022-01-18 10:03:31.510478,83.80219,84.4935,86.43479
2022-01-18 10:03:32.010137,84.26632,84.699,85.33489
2022-01-18 10:03:32.504936,83.69946,84.54425,85.33489
2022-01-18 10:03:33.004059,83.9569,84.4935,86.35656
2022-01-18 10:03:33.510860,83.64747,84.28675,86.35656
2022-01-18 10:03:34.009150,84.11161,84.54425,86.08135
2022-01-18 10:03:34.504547,84.36905,84.59625,86.08135
2022-01-18 10:03:35.001903,84.11161,84.699,85.41406
2022-01-18 10:03:35.507849,83.64747,84.02925,85.41406
2022-01-18 10:03:36.005746,84.21434,84.95775,85.88531
2022-01-18 10:03:36.510880,84.11161,84.4935,85.88531
2022-01-18 10:03:37.001048,83.44078,84.33875,86.04176
2022-01-18 10:03:37.507046,83.9569,84.28675,86.04176
2022-01-18 10:03:38.006106,84.11161,84.3895,85.84572
2022-01-18 10:03:38.501600,84.31831,84.85375,85.84572
2022-01-18 10:03:39.010338,84.1636,84.4935,86.08135
2022-01-18 10:03:39.507306,83.49276,84.132,86.08135
2022-01-18 10:03:40.005690,84.1636,84.3895,85.4527
2022-01-18 10:03:40.510303,83.85417,84.751,85.4527
2022-01-18 10:03:41.010064,84.05963,84.4415,85.02104
2022-01-18 10:03:41.506513,83.69946,84.132,85.02104
2022-01-18 10:03:42.004148,83.9569,84.28675,86.35656
2022-01-18 10:03:42.509754,84.42104,84.751,86.35656
2022-01-18 10:03:43.008540,84.1636,84.95775,85.02104
2022-01-18 10:03:43.503923,84.05963,84.4935,85.02104
2022-01-18 10:03:44.001227,83.59549,84.33875,86.43479
2022-01-18 10:03:44.505852,83.69946,84.08,86.43479
2022-01-18 10:03:45.004540,84.36905,85.0085,86.86645
2022-01-18 10:03:45.509280,84.05963,84.33875,86.86645
2022-01-18 10:03:46.009851,84.11161,84.3895,85.21708
2022-01-18 10:03:46.505651,83.49276,84.184,85.21708
2022-01-18 10:03:47.008952,84.26632,84.751,86.27739
2022-01-18 10:03:47.503266,84.21434,84.59625,86.27739
2022-01-18 10:03:48.001799,83.69946,84.23475,86.59218
2022-01-18 10:03:48.506914,83.59549,84.4415,86.59218
2022-01-18 10:03:49.003354,83.85417,84.28675,85.53187
2022-01-18 10:03:49.505915,84.52377,84.699,85.53187
2022-01-18 10:03:50.004922,83.80219,84.3895,86.23875
2022-01-18 10:03:50.510124,83.90492,84.3895,86.23875
2022-01-18 10:03:51.008137,83.9569,84.4415,85.57051
2022-01-18 10:03:51.503043,84.21434,84.64825,85.57051
2022-01-18 10:03:52.001188,83.49276,84.23475,86.27739
2022-01-18 10:03:52.506954,83.90492,84.4415,86.27739
2022-01-18 10:03:53.004954,83.90492,84.28675,85.96354
2022-01-18 10:03:53.509884,83.9569,84.4935,85.96354
2022-01-18 10:03:54.007972,84.1636,84.59625,85.7675
2022-01-18 10:03:54.503113,83.90492,84.4415,85.7675
2022-01-18 10:03:55.003166,84.36905,84.751,85.33489
2022-01-18 10:03:55.508447,83.59549,84.184,85.33489
2022-01-18 10:03:56.006413,84.11161,84.64825,85.64968
2022-01-18 10:03:56.511300,83.9569,84.184,85.64968
2022-01-18 10:03:57.009214,84.05963,84.699,85.57051
2022-01-18 10:03:57.504360,84.05963,84.4415,85.57051
2022-01-18 10:03:58.002714,83.80219,84.3895,85.84572
2022-01-18 10:03:58.508099,84.21434,84.4935,85.84572
2022-01-18 10:03:59.007334,83.90492,84.54425,86.35656
2022-01-18 10:03:59.503798,84.26632,84.803,86.35656
2022-01-18 10:04:00.001048,83.49276,83.8745,85.49229
2022-01-18 10:04:00.506232,84.42104,84.803,85.49229
2022-01-18 10:04:01.004347,84.00888,84.28675,85.80614
2022-01-18 10:04:01.510126,83.80219,84.4415,85.80614
2022-01-18 10:04:02.009503,84.11161,84.54425,86.12093
2022-01-18 10:04:02.504643,83.64747,84.33875,86.12093
2022-01-18 10:04:03.004674,84.52377,85.0605,85.41406
2022-01-18 10:04:03.508437,83.59549,84.33875,85.41406
2022-01-18 10:04:04.005876,84.1636,84.64825,86.31697
2022-01-18 10:04:04.501296,84.05963,84.33875,86.31697
2022-01-18 10:04:05.010648,84.21434,84.95775,85.49229
2022-01-18 10:04:05.505865,84.05963,84.28675,85.49229
2022-01-18 10:04:06.004064,83.9569,84.54425,85.4527
2022-01-18 10:04:06.509123,83.7502,84.23475,85.4527
2022-01-18 10:04:07.008607,83.85417,84.54425,85.49229
2022-01-18 10:04:07.503699,84.11161,84.54425,85.49229
2022-01-18 10:04:08.002207,84.26632,84.33875,85.68833
2022-01-18 10:04:08.505665,83.90492,84.4935,85.68833
2022-01-18 10:04:09.003473,83.9569,84.4935,85.06062
2022-01-18 10:04:09.508274,83.9569,84.4935,85.06062
2022-01-18 10:04:10.005653,84.21434,84.59625,86.23875
2022-01-18 10:04:10.511111,83.39003,83.97725,86.23875
2022-01-18 10:04:11.008743,84.21434,84.64825,85.7675
2022-01-18 10:04:11.505866,84.00888,84.3895,85.7675
2022-01-18 10:04:12.007295,84.1636,84.64825,85.68833
2022-01-18 10:04:12.502052,83.9569,84.23475,85.68833
2022-01-18 10:04:13.009944,83.7502,84.28675,86.31697
2022-01-18 10:04:13.504523,83.69946,84.33875,86.31697
2022-01-18 10:04:14.002177,83.9569,84.54425,85.6101
2022-01-18 10:04:14.507200,84.11161,84.54425,85.6101
2022-01-18 10:04:15.005756,83.64747,84.08,85.57051
2022-01-18 10:04:15.510353,84.26632,84.751,85.57051
2022-01-18 10:04:16.010595,84.21434,84.59625,85.88531
2022-01-18 10:04:16.507441,83.90492,84.4415,85.88531
2022-01-18 10:04:17.006470,83.7502,84.28675,86.12093
2022-01-18 10:04:17.502268,83.54475,84.132,86.12093
2022-01-18 10:04:18.008345,84.42104,84.90575,85.88531
2022-01-18 10:04:18.502877,83.39003,84.02925,85.88531
2022-01-18 10:04:19.001863,84.31831,84.85375,85.64968
2022-01-18 10:04:19.506867,83.9569,84.28675,85.64968
2022-01-18 10:04:20.005339,84.26632,84.803,86.12093
2022-01-18 10:04:20.502398,84.00888,84.28675,86.12093
2022-01-18 10:04:21.002359,83.69946,84.08,86.78822
2022-01-18 10:04:21.508078,83.9569,84.54425,86.78822
2022-01-18 10:04:22.006412,83.54475,84.33875,86.15958
2022-01-18 10:04:22.502317,84.42104,85.0085,86.15958
2022-01-18 10:04:23.001600,83.69946,84.184,85.68833
2022-01-18 10:04:23.507655,84.36905,84.699,85.68833
2022-01-18 10:04:24.005157,84.21434,84.751,85.57051
2022-01-18 10:04:24.509542,83.64747,84.08,85.57051
2022-01-18 10:04:25.008177,84.57575,84.90575,85.33489
2022-01-18 10:04:25.505585,83.59549,84.02925,85.33489
2022-01-18 10:04:26.004948,84.21434,84.803,85.80614
2022-01-18 10:04:26.509817,83.59549,84.23475,85.80614
2022-01-18 10:04:27.008297,84.26632,84.90575,85.72791
2022-01-18 10:04:27.503369,84.05963,84.184,85.72791
2022-01-18 10:04:28.001051,83.85417,84.4935,85.02104
2022-01-18 10:04:28.507026,83.80219,84.08,85.02104
2022-01-18 10:04:29.007466,83.49276,83.8745,86.04176
2022-01-18 10:04:29.501727,84.88517,85.21525,86.04176
2022-01-18 10:04:30.010912,82.66722,83.2555,238.37333
2022-01-18 10:04:30.508293,84.57575,84.751,238.37333
2022-01-18 10:04:31.006295,83.44078,83.565,215.91072
2022-01-18 10:04:31.502041,84.31831,84.85375,215.91072
2022-01-18 10:04:32.001014,83.80219,84.23475,152.33156
2022-01-18 10:04:32.506819,83.69946,84.132,152.33156
2022-01-18 10:04:33.007234,84.05963,84.3895,93.54312
2022-01-18 10:04:33.502803,83.39003,84.132,93.54312
2022-01-18 10:04:34.001056,84.36905,84.85375,94.01437
2022-01-18 10:04:34.506524,83.59549,83.71975,94.01437
2022-01-18 10:04:35.004450,83.9569,84.184,90.12656
2022-01-18 10:04:35.508480,83.9569,84.28675,90.12656
2022-01-18 10:04:36.006808,84.31831,84.95775,88.86926
2022-01-18 10:04:36.510870,84.05963,84.59625,88.86926
2022-01-18 10:04:37.009508,83.49276,84.02925,86.51301
2022-01-18 10:04:37.504083,83.90492,84.3895,86.51301
2022-01-18 10:04:38.002285,84.00888,84.59625,86.5526
2022-01-18 10:04:38.508043,84.36905,84.751,86.5526
2022-01-18 10:04:39.006535,84.00888,84.33875,86.98426
2022-01-18 10:04:39.501794,83.90492,84.3895,86.98426
2022-01-18 10:04:40.010060,83.7502,84.3895,86.35656
2022-01-18 10:04:40.504751,84.36905,85.16325,86.35656
2022-01-18 10:04:41.003036,83.90492,84.28675,86.59218
2022-01-18 10:04:41.509675,83.80219,84.54425,86.59218
2022-01-18 10:04:42.011009,84.05963,84.4935,85.72791
2022-01-18 10:04:42.506453,84.21434,84.699,85.72791
2022-01-18 10:04:43.006174,83.85417,84.3895,86.47437
2022-01-18 10:04:43.502518,84.1636,84.64825,86.47437
2022-01-18 10:04:44.001267,83.59549,84.08,86.12093
2022-01-18 10:04:44.507446,84.31831,85.0085,86.12093
2022-01-18 10:04:45.005442,83.59549,84.3895,86.5526
2022-01-18 10:04:45.502142,84.52377,84.699,86.5526
2022-01-18 10:04:46.010332,83.54475,83.92525,86.51301
2022-01-18 10:04:46.505203,84.00888,84.28675,86.51301
2022-01-18 10:04:47.005174,84.11161,84.95775,85.09926
2022-01-18 10:04:47.510773,83.69946,84.132,85.09926
2022-01-18 10:04:48.010488,84.26632,84.85375,86.86645
2022-01-18 10:04:48.507104,83.49276,84.23475,86.86645
2022-01-18 10:04:49.005144,84.47302,84.95775,85.7675
2022-01-18 10:04:49.510515,84.36905,84.64825,85.7675
2022-01-18 10:04:50.009064,83.90492,84.184,85.80614
2022-01-18 10:04:50.503542,83.85417,84.28675,85.80614
2022-01-18 10:04:51.002168,83.7502,84.23475,85.64968
2022-01-18 10:04:51.508583,84.31831,84.95775,85.64968
2022-01-18 10:04:52.006394,83.44078,84.08,86.19916
2022-01-18 10:04:52.505000,84.36905,84.90575,86.19916
2022-01-18 10:04:53.002327,83.85417,84.3895,86.08135
2022-01-18 10:04:53.508511,84.52377,84.751,86.08135
2022-01-18 10:04:54.006556,83.85417,84.132,86.31697
2022-01-18 10:04:54.502896,84.21434,84.751,86.31697
2022-01-18 10:04:55.010485,83.69946,84.28675,85.92395
2022-01-18 10:04:55.505013,83.90492,84.4935,85.92395
2022-01-18 10:04:56.002648,84.26632,84.64825,87.02385
2022-01-18 10:04:56.509516,83.64747,84.33875,87.02385
2022-01-18 10:04:57.008741,84.47302,84.90575,86.12093
2022-01-18 10:04:57.504085,83.7502,83.97725,86.12093
2022-01-18 10:04:58.505099,83.90492,84.54425,85.68833
2022-01-18 10:04:59.002861,84.11161,84.699,85.53187
2022-01-18 10:04:59.508362,83.90492,84.33875,85.53187
2022-01-18 10:05:00.005741,83.54475,84.184,85.49229
2022-01-18 10:05:00.509016,84.57575,85.16325,85.49229
2022-01-18 10:05:01.008263,83.85417,84.184,85.29625
2022-01-18 10:05:01.506429,83.90492,84.132,85.29625
2022-01-18 10:05:02.005185,83.80219,84.23475,85.25666
2022-01-18 10:05:02.510924,84.11161,84.699,85.25666
2022-01-18 10:05:03.010090,83.9569,84.64825,85.37447
2022-01-18 10:05:03.506833,83.69946,84.28675,85.37447
2022-01-18 10:05:04.006647,84.00888,84.4415,86.3952
2022-01-18 10:05:04.501364,83.85417,84.4935,86.3952
2022-01-18 10:05:05.008922,84.26632,84.751,86.27739
2022-01-18 10:05:05.505849,83.90492,84.23475,86.27739
2022-01-18 10:05:06.003672,84.00888,84.64825,86.12093
2022-01-18 10:05:06.508522,83.80219,84.33875,86.12093
2022-01-18 10:05:07.005901,83.90492,84.54425,85.29625
2022-01-18 10:05:07.501179,84.1636,84.59625,85.29625
2022-01-18 10:05:08.009091,83.85417,84.54425,86.19916
2022-01-18 10:05:08.504085,84.00888,84.184,86.19916
2022-01-18 10:05:09.009606,84.1636,84.59625,85.80614
2022-01-18 10:05:09.504552,84.00888,84.54425,85.80614
2022-01-18 10:05:10.002716,84.11161,84.3895,85.49229
2022-01-18 10:05:10.510206,82.97664,83.2035,85.49229
2022-01-18 10:05:11.010487,84.47302,84.803,118.28375
2022-01-18 10:05:11.505933,83.69946,84.4415,118.28375
2022-01-18 10:05:12.004896,83.49276,83.71975,236.37051
2022-01-18 10:05:12.510716,84.47302,84.64825,236.37051
2022-01-18 10:05:13.008797,83.54475,84.08,201.45937
2022-01-18 10:05:13.504351,84.21434,84.803,201.45937
2022-01-18 10:05:14.001227,83.39003,83.7705,118.20458
2022-01-18 10:05:14.508639,84.57575,84.64825,118.20458
2022-01-18 10:05:15.006792,83.02862,83.565,92.83625
2022-01-18 10:05:15.511118,84.47302,84.59625,92.83625
2022-01-18 10:05:16.009718,83.9569,84.184,96.64489
2022-01-18 10:05:16.506305,83.7502,84.08,96.64489
2022-01-18 10:05:17.007163,84.42104,85.0085,89.10489
2022-01-18 10:05:17.502836,83.69946,84.33875,89.10489
2022-01-18 10:05:18.001049,84.00888,84.64825,86.98426
2022-01-18 10:05:18.507641,83.90492,84.59625,86.98426
2022-01-18 10:05:19.007565,84.36905,84.64825,86.04176
2022-01-18 10:05:19.502107,83.64747,84.184,86.04176
2022-01-18 10:05:20.006004,84.11161,84.54425,86.86645
2022-01-18 10:05:20.507103,84.00888,84.3895,86.86645
2022-01-18 10:05:21.004931,84.00888,84.4415,86.31697
2022-01-18 10:05:21.510032,83.9569,84.4935,86.31697
2022-01-18 10:05:22.007473,83.69946,84.4415,86.86645
2022-01-18 10:05:22.503295,84.31831,84.751,86.86645
2022-01-18 10:05:23.001165,83.69946,84.33875,86.51301
2022-01-18 10:05:23.506245,84.1636,84.4935,86.51301
2022-01-18 10:05:24.004615,83.80219,84.4415,86.51301
2022-01-18 10:05:24.510923,84.11161,84.699,86.51301
2022-01-18 10:05:25.009159,84.00888,84.33875,85.6101
2022-01-18 10:05:25.506285,83.85417,84.3895,85.6101
2022-01-18 10:05:26.002948,83.85417,84.33875,85.68833
2022-01-18 10:05:26.506890,83.90492,84.64825,85.68833
2022-01-18 10:05:27.004325,84.1636,84.64825,85.7675
2022-01-18 10:05:27.508187,83.85417,84.33875,85.7675
2022-01-18 10:05:28.008242,84.05963,84.699,85.49229
2022-01-18 10:05:28.502363,83.85417,84.3895,85.49229
2022-01-18 10:05:29.001208,83.7502,84.33875,86.5526
2022-01-18 10:05:29.505983,84.1636,84.33875,86.5526
2022-01-18 10:05:30.004102,83.85417,84.4415,85.41406
2022-01-18 10:05:30.508332,84.05963,84.3895,85.41406
2022-01-18 10:05:31.005890,84.05963,84.4935,85.57051
2022-01-18 10:05:31.501880,84.00888,84.59625,85.57051
2022-01-18 10:05:32.001574,84.1636,84.54425,85.80614
2022-01-18 10:05:32.508973,83.7502,84.28675,85.80614
2022-01-18 10:05:33.006044,84.31831,84.699,85.7675
2022-01-18 10:05:33.501935,83.69946,84.4935,85.7675
2022-01-18 10:05:34.009819,83.85417,84.02925,85.68833
2022-01-18 10:05:34.504637,84.1636,84.751,85.68833
2022-01-18 10:05:35.002926,83.9569,84.28675,85.25666
2022-01-18 10:05:35.509088,84.21434,84.64825,85.25666
2022-01-18 10:05:36.007081,83.90492,84.699,86.04176
2022-01-18 10:05:36.504554,83.90492,84.28675,86.04176
2022-01-18 10:05:37.002425,84.11161,84.54425,85.96354
2022-01-18 10:05:37.507645,83.9569,84.4935,85.96354
2022-01-18 10:05:38.004881,83.80219,84.85375,85.88531
2022-01-18 10:05:38.501095,83.90492,84.28675,85.88531
2022-01-18 10:05:39.008869,84.47302,84.64825,85.33489
2022-01-18 10:05:39.503731,83.59549,84.184,85.33489
2022-01-18 10:05:40.002661,84.31831,84.90575,85.25666
2022-01-18 10:05:40.508552,83.64747,84.28675,85.25666
2022-01-18 10:05:41.006707,84.11161,84.33875,86.59218
2022-01-18 10:05:41.502042,83.80219,84.64825,86.59218
2022-01-18 10:05:42.009754,83.7502,84.23475,86.47437
2022-01-18 10:05:42.504725,84.47302,84.90575,86.47437
2022-01-18 10:05:43.002202,83.85417,84.23475,85.41406
2022-01-18 10:05:43.508364,84.42104,84.751,85.41406
2022-01-18 10:05:44.006545,83.69946,84.28675,85.64968
2022-01-18 10:05:44.501475,84.26632,84.699,85.64968
2022-01-18 10:05:45.011176,83.23532,84.08,86.04176
2022-01-18 10:05:45.507725,84.21434,84.4415,86.04176
2022-01-18 10:05:46.005991,83.64747,84.08,85.4527
2022-01-18 10:05:46.501917,84.36905,84.699,85.4527
2022-01-18 10:05:47.010777,84.31831,84.751,85.6101
2022-01-18 10:05:47.505738,83.64747,84.23475,85.6101
2022-01-18 10:05:48.004603,84.31831,84.64825,86.04176
2022-01-18 10:05:48.509992,83.64747,84.4935,86.04176
2022-01-18 10:05:49.009057,83.90492,84.4415,86.19916
2022-01-18 10:05:49.504842,83.80219,84.54425,86.19916
2022-01-18 10:05:50.003232,83.85417,84.184,86.94562
2022-01-18 10:05:50.508260,84.1636,84.4415,86.94562
2022-01-18 10:05:51.004729,84.00888,84.751,84.98145
2022-01-18 10:05:51.502475,84.36905,84.751,84.98145
2022-01-18 10:05:52.010454,83.54475,84.08,85.6101
2022-01-18 10:05:52.506338,84.57575,84.90575,85.6101
2022-01-18 10:05:53.008759,83.28607,84.08,85.80614
2022-01-18 10:05:53.504330,84.26632,84.699,85.80614
2022-01-18 10:05:54.003760,84.26632,84.59625,85.57051
2022-01-18 10:05:54.511030,83.90492,84.33875,85.57051
2022-01-18 10:05:55.009531,84.21434,84.4935,85.64968
2022-01-18 10:05:55.506661,84.00888,84.64825,85.64968
2022-01-18 10:05:56.006363,84.00888,84.4415,84.825
2022-01-18 10:05:56.504942,83.9569,84.90575,84.825
2022-01-18 10:05:57.001540,83.69946,84.132,85.7675
2022-01-18 10:05:57.506668,84.1636,84.4935,85.7675
2022-01-18 10:05:58.006690,83.9569,84.64825,86.15958
2022-01-18 10:05:58.502297,83.90492,84.4415,86.15958
2022-01-18 10:05:59.004152,84.1636,84.59625,84.86364
2022-01-18 10:05:59.501577,83.90492,83.97725,84.86364
2022-01-18 10:06:00.001693,83.90492,84.803,85.88531
2022-01-18 10:06:00.507279,84.21434,84.751,85.88531
2022-01-18 10:06:01.003915,83.85417,84.28675,85.72791
2022-01-18 10:06:01.509797,83.80219,84.33875,85.72791
2022-01-18 10:06:02.008684,84.52377,84.85375,85.41406
2022-01-18 10:06:02.503796,83.9569,84.64825,85.41406
2022-01-18 10:06:03.001760,84.36905,84.699,86.27739
2022-01-18 10:06:03.509715,83.80219,84.4415,86.27739
2022-01-18 10:06:04.009759,84.26632,84.751,85.57051
2022-01-18 10:06:04.505208,83.80219,84.3895,85.57051
2022-01-18 10:06:05.005690,83.85417,84.3895,85.53187
2022-01-18 10:06:05.501558,84.00888,84.3895,85.53187
2022-01-18 10:06:06.010480,83.80219,84.4415,85.4527
2022-01-18 10:06:06.505742,84.1636,84.751,85.4527
2022-01-18 10:06:07.004670,84.00888,84.699,85.4527
2022-01-18 10:06:07.503829,84.21434,84.699,85.4527
2022-01-18 10:06:08.002920,83.9569,84.4415,86.15958
2022-01-18 10:06:08.509163,83.64747,83.97725,86.15958
2022-01-18 10:06:09.006590,84.26632,84.64825,86.27739
2022-01-18 10:06:09.503857,83.59549,84.23475,86.27739
2022-01-18 10:06:10.002375,84.42104,84.699,85.80614
2022-01-18 10:06:10.509114,83.49276,84.02925,85.80614
2022-01-18 10:06:11.007859,84.73046,85.26725,85.96354
2022-01-18 10:06:11.504014,83.23532,84.08,85.96354
2022-01-18 10:06:12.004824,84.42104,84.699,85.84572
2022-01-18 10:06:12.510136,84.05963,84.33875,85.84572
2022-01-18 10:06:13.010405,83.80219,84.28675,85.64968
2022-01-18 10:06:13.506093,84.21434,84.699,85.64968
2022-01-18 10:06:14.004367,83.80219,84.54425,85.21708
2022-01-18 10:06:14.509754,84.21434,84.4415,85.21708
2022-01-18 10:06:15.008156,83.64747,84.28675,85.17843
2022-01-18 10:06:15.504693,84.21434,84.59625,85.17843
2022-01-18 10:06:16.003541,83.9569,84.28675,86.08135
2022-01-18 10:06:16.510966,84.05963,84.699,86.08135
2022-01-18 10:06:17.007773,84.05963,84.4935,85.49229
2022-01-18 10:06:17.502965,83.59549,84.28675,85.49229
2022-01-18 10:06:18.001886,84.21434,84.803,85.88531
2022-01-18 10:06:18.508718,83.85417,84.4935,85.88531
2022-01-18 10:06:19.006363,84.52377,84.751,85.37447
2022-01-18 10:06:19.503007,83.33805,83.7705,85.37447
2022-01-18 10:06:20.001124,84.42104,84.85375,85.53187
2022-01-18 10:06:20.507214,84.21434,84.28675,85.53187
2022-01-18 10:06:21.004957,84.11161,84.85375,86.19916
2022-01-18 10:06:21.501642,83.54475,84.184,86.19916
2022-01-18 10:06:22.010874,84.11161,84.751,85.25666
2022-01-18 10:06:22.506411,83.9569,84.33875,85.25666
2022-01-18 10:06:23.006021,83.69946,84.4415,86.12093
2022-01-18 10:06:23.502042,84.52377,84.751,86.12093
2022-01-18 10:06:24.001225,83.69946,83.8225,85.25666
2022-01-18 10:06:24.506231,84.57575,85.21525,85.25666
2022-01-18 10:06:25.005073,83.85417,84.23475,85.80614
2022-01-18 10:06:25.503645,83.7502,84.4935,85.80614
2022-01-18 10:06:26.001475,84.1636,84.59625,85.84572
2022-01-18 10:06:26.507031,83.59549,84.3895,85.84572
2022-01-18 10:06:27.004754,84.1636,84.699,84.78541
2022-01-18 10:06:27.510301,84.31831,84.699,84.78541
2022-01-18 10:06:28.008621,84.00888,84.54425,85.7675
2022-01-18 10:06:28.503268,84.31831,84.4415,85.7675
2022-01-18 10:06:29.005693,83.80219,84.699,86.00312
2022-01-18 10:06:29.502105,83.9569,84.23475,86.00312
2022-01-18 10:06:30.001528,83.90492,84.4935,85.6101
2022-01-18 10:06:30.506119,83.9569,84.3895,85.6101
2022-01-18 10:06:31.004672,83.90492,84.184,85.53187
2022-01-18 10:06:31.509487,84.21434,84.803,85.53187
2022-01-18 10:06:32.006934,83.85417,84.23475,85.53187
2022-01-18 10:06:32.502308,83.9569,84.4935,85.53187
2022-01-18 10:06:33.008220,84.05963,84.28675,85.7675
2022-01-18 10:06:33.503351,83.64747,84.33875,85.7675
2022-01-18 10:06:34.001230,84.11161,84.4415,86.08135
2022-01-18 10:06:34.508173,83.85417,84.28675,86.08135
2022-01-18 10:06:35.005121,83.80219,84.23475,85.49229
2022-01-18 10:06:35.510255,84.42104,84.64825,85.49229
2022-01-18 10:06:36.008704,83.7502,84.54425,85.68833
2022-01-18 10:06:36.503920,83.9569,84.33875,85.68833
2022-01-18 10:06:37.002361,84.00888,84.59625,86.98426
2022-01-18 10:06:37.508749,84.11161,84.699,86.98426
2022-01-18 10:06:38.006624,83.33805,84.02925,85.33489
2022-01-18 10:06:38.503281,84.26632,84.64825,85.33489
2022-01-18 10:06:39.002103,84.00888,84.184,85.49229
2022-01-18 10:06:39.507441,83.9569,84.85375,85.49229
2022-01-18 10:06:40.006989,84.05963,84.4415,85.64968
2022-01-18 10:06:40.502666,83.85417,84.28675,85.64968
2022-01-18 10:06:41.002768,84.67848,84.85375,86.27739
2022-01-18 10:06:41.508794,83.39003,84.132,86.27739
2022-01-18 10:06:42.006204,84.05963,84.751,85.4527
2022-01-18 10:06:42.506577,83.7502,83.92525,85.4527
2022-01-18 10:06:43.006551,84.47302,85.0085,85.4527
2022-01-18 10:06:43.501764,83.80219,84.23475,85.4527
2022-01-18 10:06:44.001022,84.1636,84.85375,85.49229
2022-01-18 10:06:44.505766,83.9569,84.33875,85.49229
2022-01-18 10:06:45.004171,84.00888,84.4415,85.7675
2022-01-18 10:06:45.501274,84.1636,84.4935,85.7675
2022-01-18 10:06:46.001402,83.69946,84.28675,85.57051
2022-01-18 10:06:46.504947,84.31831,84.90575,85.57051
2022-01-18 10:06:47.003354,83.7502,84.33875,85.33489
2022-01-18 10:06:47.509627,84.00888,84.54425,85.33489
2022-01-18 10:06:48.008265,84.31831,84.54425,86.43479
2022-01-18 10:06:48.503506,83.90492,84.4415,86.43479
2022-01-18 10:06:49.001746,84.00888,84.59625,85.53187
2022-01-18 10:06:49.505944,83.64747,84.184,85.53187
2022-01-18 10:06:50.005033,84.26632,84.803,85.53187
2022-01-18 10:06:50.501590,83.80219,84.08,85.53187
2022-01-18 10:06:51.009835,84.05963,84.751,86.00312
2022-01-18 10:06:51.506326,83.85417,84.28675,86.00312
2022-01-18 10:06:52.006349,84.26632,84.803,85.06062
2022-01-18 10:06:52.501324,84.11161,84.64825,85.06062
2022-01-18 10:06:53.002839,83.69946,84.28675,86.00312
2022-01-18 10:06:53.508116,84.05963,84.59625,86.00312
2022-01-18 10:06:54.006354,84.21434,84.54425,85.49229
2022-01-18 10:06:54.504750,83.9569,84.3895,85.49229
2022-01-18 10:06:55.002916,83.80219,84.132,85.25666
2022-01-18 10:06:55.507766,84.11161,84.751,85.25666
2022-01-18 10:06:56.008993,84.05963,84.59625,85.92395
2022-01-18 10:06:56.501743,83.69946,84.28675,85.92395
2022-01-18 10:06:57.002235,84.1636,84.699,85.92395
2022-01-18 10:06:57.508794,84.1636,84.59625,85.92395
2022-01-18 10:06:58.008465,83.9569,84.4415,85.33489
2022-01-18 10:06:58.503998,84.05963,84.3895,85.33489
2022-01-18 10:06:59.010616,83.69946,84.08,85.37447
2022-01-18 10:06:59.505551,83.9569,84.54425,85.37447
2022-01-18 10:07:00.003414,83.90492,84.59625,85.6101
2022-01-18 10:07:00.510791,83.90492,84.4935,85.6101
2022-01-18 10:07:01.009345,83.80219,84.23475,85.96354
2022-01-18 10:07:01.508275,84.36905,84.751,85.96354
2022-01-18 10:07:02.006890,84.26632,84.64825,85.7675
2022-01-18 10:07:02.502776,83.54475,84.08,85.7675
2022-01-18 10:07:03.001981,84.05963,84.4415,85.88531
2022-01-18 10:07:03.507284,83.90492,84.3895,85.88531
2022-01-18 10:07:04.005912,84.00888,84.64825,85.49229
2022-01-18 10:07:04.501288,83.64747,84.4415,85.49229
2022-01-18 10:07:05.010659,84.21434,84.59625,86.74864
2022-01-18 10:07:05.504764,84.31831,84.33875,86.74864
2022-01-18 10:07:06.005098,84.05963,84.699,85.53187
2022-01-18 10:07:06.507572,83.9569,84.54425,85.53187
2022-01-18 10:07:07.006368,83.44078,83.97725,85.21708
2022-01-18 10:07:07.510563,84.21434,84.751,85.21708
2022-01-18 10:07:08.008699,83.85417,84.54425,85.53187
2022-01-18 10:07:08.505196,84.31831,85.0085,85.53187
2022-01-18 10:07:09.004748,83.85417,84.02925,85.7675
2022-01-18 10:07:09.509922,84.1636,84.54425,85.7675
2022-01-18 10:07:10.008148,84.21434,84.4415,85.64968
2022-01-18 10:07:10.505114,83.85417,84.28675,85.64968
2022-01-18 10:07:11.004127,84.1636,84.751,85.57051
2022-01-18 10:07:11.509634,83.39003,84.132,85.57051
2022-01-18 10:07:12.008231,84.42104,84.90575,85.53187
2022-01-18 10:07:12.502948,83.90492,84.28675,85.53187
2022-01-18 10:07:13.010739,84.26632,84.803,86.23875
2022-01-18 10:07:13.505908,83.90492,84.3895,86.23875
2022-01-18 10:07:14.004508,84.11161,84.4935,85.64968
2022-01-18 10:07:14.510349,84.1636,84.54425,85.64968
2022-01-18 10:07:15.008071,83.59549,84.23475,85.37447
2022-01-18 10:07:15.504047,83.90492,84.699,85.37447
2022-01-18 10:07:16.003096,83.85417,84.33875,85.68833
2022-01-18 10:07:16.507881,84.31831,84.64825,85.68833
2022-01-18 10:07:17.004849,84.00888,84.4935,85.68833
2022-01-18 10:07:17.509373,84.05963,84.4935,85.68833
2022-01-18 10:07:18.009385,84.05963,84.4415,85.21708
2022-01-18 10:07:18.505659,84.00888,84.4415,85.21708
2022-01-18 10:07:19.004109,83.80219,84.28675,86.08135
2022-01-18 10:07:19.508346,83.69946,84.23475,86.08135
2022-01-18 10:07:20.007903,83.90492,84.4415,85.53187
2022-01-18 10:07:20.503204,84.31831,84.699,85.53187
2022-01-18 10:07:21.001422,83.64747,84.184,85.96354
2022-01-18 10:07:21.507347,84.05963,84.4415,85.96354
2022-01-18 10:07:22.008060,84.21434,84.64825,85.96354
2022-01-18 10:07:22.502596,83.85417,84.54425,85.96354
2022-01-18 10:07:23.010865,83.59549,84.184,85.68833
2022-01-18 10:07:23.506500,84.11161,84.4415,85.68833
2022-01-18 10:07:24.004359,83.9569,84.4415,85.88531
2022-01-18 10:07:24.501200,84.11161,84.699,85.88531
2022-01-18 10:07:25.009748,84.00888,84.4935,85.7675
2022-01-18 10:07:25.504700,83.54475,83.97725,85.7675
2022-01-18 10:07:26.002082,84.36905,85.0085,85.29625
2022-01-18 10:07:26.507054,83.7502,84.54425,85.29625
2022-01-18 10:07:27.004624,83.90492,84.33875,85.80614
2022-01-18 10:07:27.509653,84.05963,84.4935,85.80614
2022-01-18 10:07:28.008814,84.05963,84.3895,85.88531
2022-01-18 10:07:28.505301,84.11161,84.4415,85.88531
2022-01-18 10:07:29.003728,83.7502,84.33875,85.37447
2022-01-18 10:07:29.509228,84.21434,84.699,85.37447
2022-01-18 10:07:30.007496,83.54475,83.97725,85.7675
2022-01-18 10:07:30.507094,84.47302,84.85375,85.7675
2022-01-18 10:07:31.005757,83.69946,84.23475,85.37447
2022-01-18 10:07:32.009255,84.36905,84.699,85.92395
2022-01-18 10:07:32.505733,83.23532,83.565,85.92395
2022-01-18 10:07:33.003983,84.05963,84.4415,85.41406
2022-01-18 10:07:33.510739,84.00888,84.33875,85.41406
2022-01-18 10:07:34.008668,83.90492,84.132,237.82385
2022-01-18 10:07:34.503082,83.80219,84.28675,237.82385
2022-01-18 10:07:35.001227,83.9569,84.33875,217.63833
2022-01-18 10:07:35.506593,84.00888,84.132,217.63833
2022-01-18 10:07:36.008741,83.90492,84.08,157.31833
2022-01-18 10:07:36.508197,84.11161,84.3895,157.31833
2022-01-18 10:07:37.007334,82.82193,83.41025,92.75708
2022-01-18 10:07:38.501527,84.88517,85.0085,92.75708
2022-01-18 10:07:39.005069,83.9569,84.08,90.79385
2022-01-18 10:07:39.508727,84.00888,84.28675,90.79385
2022-01-18 10:07:40.007244,84.05963,84.59625,88.83062
2022-01-18 10:07:40.501780,83.54475,84.184,88.83062
2022-01-18 10:07:41.001508,84.21434,84.90575,85.96354
2022-01-18 10:07:41.507504,83.7502,84.3895,85.96354
2022-01-18 10:07:42.005296,83.80219,84.184,86.27739
2022-01-18 10:07:42.510586,84.00888,84.64825,86.27739
2022-01-18 10:07:43.010083,84.31831,84.4935,86.04176
2022-01-18 10:07:43.507073,84.00888,84.4415,86.04176
2022-01-18 10:07:44.005128,83.69946,84.28675,85.7675
2022-01-18 10:07:44.501768,83.69946,84.33875,85.7675
2022-01-18 10:07:45.010667,83.85417,84.4415,86.94562
2022-01-18 10:07:45.507168,84.11161,84.699,86.94562
2022-01-18 10:07:46.005737,83.49276,84.184,86.67041
2022-01-18 10:07:46.501811,84.36905,84.751,86.67041
2022-01-18 10:07:47.001638,83.69946,84.23475,86.04176
2022-01-18 10:07:47.508551,84.26632,84.59625,86.04176
2022-01-18 10:07:48.009307,83.9569,84.699,85.25666
2022-01-18 10:07:48.504780,83.85417,84.33875,85.25666
2022-01-18 10:07:49.002815,84.05963,84.54425,85.84572
2022-01-18 10:07:49.507499,83.59549,84.4935,85.84572
2022-01-18 10:07:50.006588,83.9569,84.28675,85.6101
2022-01-18 10:07:50.501880,84.1636,84.64825,85.6101
2022-01-18 10:07:51.010431,83.9569,84.33875,85.64968
2022-01-18 10:07:51.508100,84.26632,84.90575,85.64968
2022-01-18 10:07:52.006176,83.7502,84.3895,85.88531
2022-01-18 10:07:52.502352,84.21434,84.59625,85.88531
2022-01-18 10:07:53.002031,83.23532,83.92525,85.68833
2022-01-18 10:07:53.507401,84.42104,85.0085,85.68833
2022-01-18 10:07:54.005339,83.80219,84.23475,85.41406
2022-01-18 10:07:54.509753,83.85417,84.184,85.41406
2022-01-18 10:07:55.007478,84.31831,84.90575,85.53187
2022-01-18 10:07:55.504934,83.85417,84.33875,85.53187
2022-01-18 10:07:56.003773,84.21434,84.64825,85.84572
2022-01-18 10:07:56.510644,83.54475,84.02925,85.84572
2022-01-18 10:07:57.009163,84.21434,84.64825,85.7675
2022-01-18 10:07:57.504669,84.00888,84.64825,85.7675
2022-01-18 10:07:58.003428,83.80219,84.33875,85.49229
2022-01-18 10:07:58.508030,84.26632,84.751,85.49229
2022-01-18 10:07:59.005819,83.85417,84.4935,85.02104
2022-01-18 10:07:59.501772,84.62773,84.90575,85.02104
2022-01-18 10:08:00.010232,83.49276,83.92525,86.31697
2022-01-18 10:08:00.503389,84.11161,84.59625,86.31697
2022-01-18 10:08:01.002141,83.59549,84.28675,85.25666
2022-01-18 10:08:01.508157,84.47302,84.803,85.25666
2022-01-18 10:08:02.005455,84.26632,84.85375,86.04176
2022-01-18 10:08:02.503294,83.33805,83.8745,86.04176
2022-01-18 10:08:03.001625,84.78245,85.16325,85.53187
2022-01-18 10:08:03.507729,83.80219,84.23475,85.53187
2022-01-18 10:08:04.005108,83.9569,84.4415,85.13885
2022-01-18 10:08:04.511014,83.54475,84.33875,85.13885
2022-01-18 10:08:05.001557,83.9569,84.33875,85.33489
2022-01-18 10:08:05.506940,84.11161,84.54425,85.33489
2022-01-18 10:08:06.005959,84.11161,84.803,86.19916
2022-01-18 10:08:06.501458,83.64747,84.184,86.19916
2022-01-18 10:08:07.010563,84.00888,84.4935,85.21708
2022-01-18 10:08:07.506249,84.42104,84.64825,85.21708
2022-01-18 10:08:08.007363,83.7502,84.54425,86.00312
2022-01-18 10:08:08.503472,84.21434,84.699,86.00312
2022-01-18 10:08:09.001720,83.7502,84.33875,85.53187
2022-01-18 10:08:09.507614,84.1636,84.699,85.53187
2022-01-18 10:08:10.005777,84.11161,84.4935,85.72791
2022-01-18 10:08:10.509748,83.90492,84.54425,85.72791
2022-01-18 10:08:11.009821,84.00888,84.4935,86.31697
2022-01-18 10:08:11.505088,83.49276,84.08,86.31697
2022-01-18 10:08:12.004736,84.67848,84.95775,85.68833
2022-01-18 10:08:12.509783,83.7502,84.3895,85.68833
2022-01-18 10:08:13.009044,84.05963,84.64825,86.04176
2022-01-18 10:08:13.504323,83.80219,84.184,86.04176
2022-01-18 10:08:14.002812,84.36905,84.751,86.00312
2022-01-18 10:08:14.509138,84.05963,84.59625,86.00312
2022-01-18 10:08:15.008702,83.54475,84.184,85.92395
2022-01-18 10:08:15.504797,84.31831,84.54425,85.92395
2022-01-18 10:08:16.003536,83.64747,84.4415,86.15958
2022-01-18 10:08:16.509085,84.21434,84.64825,86.15958
2022-01-18 10:08:17.007096,84.36905,84.699,85.84572
2022-01-18 10:08:17.501760,83.59549,84.132,85.84572
2022-01-18 10:08:18.010684,84.42104,84.95775,85.17843
2022-01-18 10:08:18.505343,83.59549,84.132,85.17843
2022-01-18 10:08:19.003716,84.36905,84.751,85.72791
2022-01-18 10:08:19.508046,83.64747,84.3895,85.72791
2022-01-18 10:08:20.006565,84.31831,84.64825,85.68833
2022-01-18 10:08:20.504057,83.9569,84.3895,85.68833
2022-01-18 10:08:21.003117,83.80219,84.184,85.84572
2022-01-18 10:08:21.508658,84.52377,84.95775,85.84572
2022-01-18 10:08:22.007778,83.69946,84.3895,85.7675
2022-01-18 10:08:22.503878,84.11161,84.54425,85.7675
2022-01-18 10:08:23.002028,83.59549,84.23475,85.7675
2022-01-18 10:08:23.507529,84.36905,84.59625,85.7675
2022-01-18 10:08:24.006374,84.00888,84.4935,85.37447
2022-01-18 10:08:24.502049,83.90492,84.54425,85.37447
2022-01-18 10:08:25.010515,84.00888,84.3895,85.72791
2022-01-18 10:08:25.505787,83.85417,84.3895,85.72791
2022-01-18 10:08:26.003531,84.1636,84.699,85.88531
2022-01-18 10:08:26.510178,83.69946,84.3895,85.88531
2022-01-18 10:08:27.009541,84.00888,84.3895,85.53187
2022-01-18 10:08:27.504481,84.05963,84.64825,85.53187
2022-01-18 10:08:28.001821,84.26632,84.3895,87.02385
2022-01-18 10:08:28.507291,84.05963,84.33875,87.02385
2022-01-18 10:08:29.008543,83.7502,84.59625,85.49229
2022-01-18 10:08:29.503843,83.80219,84.184,85.49229
2022-01-18 10:08:30.011042,84.11161,84.59625,86.74864
2022-01-18 10:08:30.507381,84.36905,84.751,86.74864
2022-01-18 10:08:31.006276,83.44078,84.33875,86.19916
2022-01-18 10:08:31.501335,84.31831,84.699,86.19916
2022-01-18 10:08:32.010732,84.05963,84.132,85.80614
2022-01-18 10:08:32.507229,84.36905,84.90575,85.80614
2022-01-18 10:08:33.005155,83.90492,84.184,85.33489
2022-01-18 10:08:33.508456,83.54475,84.23475,85.33489
2022-01-18 10:08:34.007475,84.36905,84.4415,85.80614
2022-01-18 10:08:34.502433,83.39003,84.28675,85.80614
2022-01-18 10:08:35.001901,84.36905,84.95775,84.94281
2022-01-18 10:08:35.506368,83.80219,84.23475,84.94281
2022-01-18 10:08:36.004962,84.00888,84.33875,86.67041
2022-01-18 10:08:36.509727,84.26632,84.699,86.67041
2022-01-18 10:08:37.008512,84.47302,85.0605,85.41406
2022-01-18 10:08:37.503742,83.59549,84.02925,85.41406
2022-01-18 10:08:38.003479,83.69946,84.699,85.4527
2022-01-18 10:08:38.510229,84.05963,84.59625,85.4527
2022-01-18 10:08:39.009533,83.90492,84.4415,86.00312
2022-01-18 10:08:39.510786,84.31831,84.64825,86.00312
2022-01-18 10:08:40.009836,84.11161,84.3895,86.47437
2022-01-18 10:08:40.505402,83.7502,84.4415,86.47437
2022-01-18 10:08:41.004284,84.36905,84.803,85.37447
2022-01-18 10:08:41.509567,83.59549,84.33875,85.37447
2022-01-18 10:08:42.008121,83.9569,84.3895,86.31697
2022-01-18 10:08:42.505682,83.7502,84.4935,86.31697
2022-01-18 10:08:43.005858,84.00888,84.33875,85.29625
2022-01-18 10:08:43.511033,84.36905,84.3895,85.29625
2022-01-18 10:08:44.009007,83.90492,84.4415,85.57051
2022-01-18 10:08:44.502714,83.90492,84.184,85.57051
2022-01-18 10:08:45.001244,84.36905,85.0605,85.64968
2022-01-18 10:08:45.508741,83.64747,83.97725,85.64968
2022-01-18 10:08:46.008093,84.11161,84.90575,85.25666
2022-01-18 10:08:46.506755,83.85417,84.3895,85.25666
2022-01-18 10:08:47.006346,84.31831,84.751,85.88531
2022-01-18 10:08:47.502834,84.00888,84.3895,85.88531
2022-01-18 10:08:48.010977,84.1636,84.4935,86.12093
2022-01-18 10:08:48.506042,83.7502,84.3895,86.12093
2022-01-18 10:08:49.004675,84.26632,84.64825,85.72791
2022-01-18 10:08:49.510997,83.85417,84.4935,85.72791
2022-01-18 10:08:50.009352,83.90492,84.3895,85.57051
2022-01-18 10:08:50.503644,84.1636,84.54425,85.57051
2022-01-18 10:08:51.002162,84.11161,84.751,85.21708
2022-01-18 10:08:51.507894,83.85417,84.28675,85.21708
2022-01-18 10:08:52.006567,84.11161,84.803,85.33489
2022-01-18 10:08:52.511143,84.05963,84.64825,85.33489
2022-01-18 10:08:53.009470,83.9569,84.699,85.80614
2022-01-18 10:08:53.503973,84.11161,84.54425,85.80614
2022-01-18 10:08:54.003006,83.59549,83.8745,85.7675
2022-01-18 10:08:54.510091,84.26632,84.699,85.7675
2022-01-18 10:08:55.008829,83.90492,84.23475,85.29625
2022-01-18 10:08:55.504574,83.7502,84.59625,85.29625
2022-01-18 10:08:56.004361,84.00888,84.54425,86.15958
2022-01-18 10:08:56.509073,83.9569,84.64825,86.15958
2022-01-18 10:08:57.006804,84.52377,84.85375,85.21708
2022-01-18 10:08:57.501924,83.90492,84.4935,85.21708
2022-01-18 10:08:58.011268,83.80219,84.3895,85.80614
2022-01-18 10:08:58.505674,83.9569,84.08,85.80614
2022-01-18 10:08:59.004013,84.1636,84.85375,85.33489
2022-01-18 10:08:59.509488,83.90492,84.4935,85.33489
2022-01-18 10:09:00.009251,83.7502,84.33875,85.4527
2022-01-18 10:09:00.503659,84.11161,84.3895,85.4527
2022-01-18 10:09:01.006426,84.00888,84.699,86.08135
2022-01-18 10:09:01.501529,84.31831,84.54425,86.08135
2022-01-18 10:09:02.009218,83.80219,84.02925,86.08135
2022-01-18 10:09:02.504468,83.80219,84.59625,86.08135
2022-01-18 10:09:03.001825,84.11161,84.54425,85.17843
2022-01-18 10:09:03.507121,84.26632,84.95775,85.17843
2022-01-18 10:09:04.004919,83.44078,83.61575,86.15958
2022-01-18 10:09:04.510619,83.85417,84.64825,86.15958
2022-01-18 10:09:05.009943,84.1636,84.699,85.29625
2022-01-18 10:09:05.503893,84.36905,84.4415,85.29625
2022-01-18 10:09:06.001712,84.1636,84.59625,86.00312
2022-01-18 10:09:06.507336,83.69946,84.23475,86.00312
2022-01-18 10:09:07.006958,84.05963,84.90575,85.53187
2022-01-18 10:09:07.501078,84.00888,84.4935,85.53187
2022-01-18 10:09:08.010751,84.11161,84.85375,86.08135
2022-01-18 10:09:08.506717,83.64747,84.132,86.08135
2022-01-18 10:09:09.004788,84.21434,84.64825,85.53187
2022-01-18 10:09:09.501259,83.85417,84.28675,85.53187
2022-01-18 10:09:10.010542,84.42104,84.751,86.00312
2022-01-18 10:09:10.506356,83.85417,84.54425,86.00312
2022-01-18 10:09:11.005113,84.00888,84.54425,85.6101
2022-01-18 10:09:11.510930,83.80219,84.3895,85.6101
2022-01-18 10:09:12.009756,84.00888,84.54425,85.06062
2022-01-18 10:09:12.506274,84.1636,84.699,85.06062
2022-01-18 10:09:13.004729,83.7502,84.08,86.3952
2022-01-18 10:09:13.502883,84.57575,84.64825,86.3952
2022-01-18 10:09:14.005536,83.7502,84.4935,85.68833
2022-01-18 10:09:14.503238,83.85417,84.33875,85.68833
2022-01-18 10:09:15.001874,84.00888,84.4935,86.5526
2022-01-18 10:09:15.506145,83.85417,84.33875,86.5526
2022-01-18 10:09:16.008277,84.11161,84.751,85.6101
2022-01-18 10:09:16.503665,83.90492,84.33875,85.6101
2022-01-18 10:09:17.001618,84.57575,84.751,86.19916
2022-01-18 10:09:17.507328,83.80219,84.33875,86.19916
2022-01-18 10:09:18.005650,84.42104,84.699,85.88531
2022-01-18 10:09:18.502641,83.44078,83.97725,85.88531
2022-01-18 10:09:19.010926,84.31831,84.90575,85.68833
2022-01-18 10:09:19.505717,83.18334,84.02925,85.68833
2022-01-18 10:09:20.004897,84.21434,84.803,85.92395
2022-01-18 10:09:20.509757,84.11161,84.33875,85.92395
2022-01-18 10:09:21.009112,84.21434,84.85375,85.29625
2022-01-18 10:09:21.505583,84.73046,85.0605,85.29625
2022-01-18 10:09:22.003128,83.59549,84.23475,86.90604
2022-01-18 10:09:22.508582,83.85417,84.28675,86.90604
2022-01-18 10:09:23.008173,83.80219,84.4415,85.33489
2022-01-18 10:09:23.503809,84.21434,84.699,85.33489
2022-01-18 10:09:24.001832,83.85417,84.3895,86.08135
2022-01-18 10:09:24.507498,83.85417,84.4415,86.08135
2022-01-18 10:09:25.005550,84.21434,84.33875,85.37447
2022-01-18 10:09:25.510928,84.11161,84.64825,85.37447
2022-01-18 10:09:26.008013,84.42104,84.751,85.84572
2022-01-18 10:09:26.502931,83.44078,84.08,85.84572
2022-01-18 10:09:27.505128,83.69946,84.184,86.00312
2022-01-18 10:09:28.007475,84.42104,84.95775,84.78541
2022-01-18 10:09:28.502159,84.11161,84.23475,84.78541
2022-01-18 10:09:29.010647,83.9569,84.59625,87.02385
2022-01-18 10:09:29.506762,84.05963,84.33875,87.02385
2022-01-18 10:09:30.003562,83.90492,84.4935,86.08135
2022-01-18 10:09:30.510413,84.57575,84.95775,86.08135
2022-01-18 10:09:31.009591,83.44078,84.132,85.88531
2022-01-18 10:09:31.505511,84.26632,84.85375,85.88531
2022-01-18 10:09:32.004205,84.00888,84.3895,85.68833
2022-01-18 10:09:32.503004,84.52377,85.0085,85.68833
2022-01-18 10:09:33.001553,83.90492,84.4415,85.80614
2022-01-18 10:09:33.506301,83.59549,84.132,85.80614
2022-01-18 10:09:34.004658,84.21434,84.699,85.7675
2022-01-18 10:09:34.509427,84.11161,84.803,85.7675
2022-01-18 10:09:35.008707,83.85417,84.4935,85.88531
2022-01-18 10:09:35.504930,83.9569,84.33875,85.88531
2022-01-18 10:09:36.003645,83.64747,84.28675,85.72791
2022-01-18 10:09:36.510226,84.52377,84.85375,85.72791
2022-01-18 10:09:37.009831,83.85417,84.4935,85.37447
2022-01-18 10:09:37.506045,83.90492,84.28675,85.37447
2022-01-18 10:09:38.004902,83.59549,83.92525,85.41406
2022-01-18 10:09:38.509940,84.42104,84.803,85.41406
2022-01-18 10:09:39.008897,83.69946,84.184,85.4527
2022-01-18 10:09:39.504170,84.11161,84.64825,85.4527
2022-01-18 10:09:40.001393,84.1636,84.699,85.88531
2022-01-18 10:09:40.504057,83.85417,84.28675,85.88531
2022-01-18 10:09:41.002090,84.36905,84.803,86.35656
2022-01-18 10:09:41.509347,83.90492,84.33875,86.35656
2022-01-18 10:09:42.007855,84.11161,84.699,85.53187
2022-01-18 10:09:42.503426,83.85417,84.59625,85.53187
2022-01-18 10:09:43.010555,83.9569,84.3895,86.47437
2022-01-18 10:09:43.505727,84.52377,84.59625,86.47437
2022-01-18 10:09:44.006387,83.49276,84.23475,85.13885
2022-01-18 10:09:44.501649,84.11161,84.64825,85.13885
2022-01-18 10:09:45.011036,83.54475,83.92525,86.3952
2022-01-18 10:09:45.507477,84.67848,85.21525,86.3952
2022-01-18 10:09:46.006665,83.64747,84.33875,85.37447
2022-01-18 10:09:46.502701,84.21434,84.85375,85.37447
2022-01-18 10:09:47.003415,84.11161,84.3895,85.6101
2022-01-18 10:09:47.509638,84.00888,84.3895,85.6101
2022-01-18 10:09:48.006807,84.26632,84.64825,85.29625
2022-01-18 10:09:48.501575,83.69946,84.184,85.29625
2022-01-18 10:09:49.009480,84.26632,84.803,85.84572
2022-01-18 10:09:49.505286,83.39003,84.132,85.84572
2022-01-18 10:09:50.003834,84.11161,84.85375,85.17843
2022-01-18 10:09:50.510259,84.05963,84.28675,85.17843
2022-01-18 10:09:51.009591,84.36905,84.803,85.7675
2022-01-18 10:09:51.504689,83.85417,84.184,85.7675
2022-01-18 10:09:52.003098,84.11161,84.54425,85.72791
2022-01-18 10:09:52.507589,84.26632,84.803,85.72791
2022-01-18 10:09:53.008706,83.39003,83.92525,85.06062
2022-01-18 10:09:53.504690,84.52377,85.1125,85.06062
2022-01-18 10:09:54.002979,83.39003,83.7705,86.43479
2022-01-18 10:09:54.509439,84.57575,85.0085,86.43479
2022-01-18 10:09:55.008888,84.1636,84.3895,86.51301
2022-01-18 10:09:55.503224,82.9259,83.2035,86.51301
2022-01-18 10:09:56.001573,84.62773,84.85375,138.11489
2022-01-18 10:09:56.507226,83.59549,84.08,138.11489
2022-01-18 10:09:57.006382,84.47302,84.803,231.10854
2022-01-18 10:09:57.501999,83.28607,83.8745,231.10854
2022-01-18 10:09:58.010435,84.00888,84.23475,199.6526
2022-01-18 10:09:58.506301,83.9569,84.02925,199.6526
2022-01-18 10:09:59.005142,84.47302,84.95775,116.47697
2022-01-18 10:09:59.511068,83.59549,83.97725,116.47697
2022-01-18 10:10:00.010612,83.64747,83.97725,91.57895
2022-01-18 10:10:00.504222,84.21434,84.803,91.57895
2022-01-18 10:10:01.002539,83.59549,84.184,94.36781
2022-01-18 10:10:01.508829,84.47302,84.64825,94.36781
2022-01-18 10:10:02.006201,83.54475,83.71975,90.63645
2022-01-18 10:10:02.510394,84.26632,84.751,90.63645
2022-01-18 10:10:03.010349,84.1636,84.751,86.98426
2022-01-18 10:10:03.506483,84.00888,84.4415,86.98426
2022-01-18 10:10:04.006158,83.9569,84.64825,85.92395
2022-01-18 10:10:04.502447,83.7502,84.59625,85.92395
2022-01-18 10:10:05.010890,83.85417,84.4415,86.3952
2022-01-18 10:10:05.506718,84.05963,84.3895,86.3952
2022-01-18 10:10:06.005423,84.05963,84.3895,86.43479
2022-01-18 10:10:06.510865,83.9569,84.33875,86.43479
2022-01-18 10:10:07.010435,83.9569,84.4935,86.27739
2022-01-18 10:10:07.507118,84.11161,84.4935,86.27739
2022-01-18 10:10:08.004694,84.00888,84.59625,87.06343
2022-01-18 10:10:08.509797,84.00888,84.64825,87.06343
2022-01-18 10:10:09.007002,83.80219,84.28675,85.49229
2022-01-18 10:10:09.512053,84.11161,84.64825,85.49229
2022-01-18 10:10:10.007473,84.21434,84.64825,86.23875
2022-01-18 10:10:10.501687,83.80219,84.33875,86.23875
2022-01-18 10:10:11.010884,84.26632,84.85375,86.35656
2022-01-18 10:10:11.506521,84.00888,84.3895,86.35656
2022-01-18 10:10:12.005754,84.26632,84.699,85.53187
2022-01-18 10:10:12.502294,83.85417,84.33875,85.53187
2022-01-18 10:10:13.010122,83.85417,84.3895,86.08135
2022-01-18 10:10:13.506383,84.11161,84.64825,86.08135
2022-01-18 10:10:14.004864,83.69946,84.28675,85.68833
2022-01-18 10:10:14.509179,83.9569,84.4415,85.68833
2022-01-18 10:10:15.008533,84.05963,84.4935,85.06062
2022-01-18 10:10:15.504230,84.26632,84.95775,85.06062
2022-01-18 10:10:16.002317,83.44078,83.97725,85.49229
2022-01-18 10:10:16.508467,84.52377,84.803,85.49229
2022-01-18 10:10:17.005805,83.85417,84.23475,85.64968
2022-01-18 10:10:17.502309,83.90492,84.3895,85.64968
2022-01-18 10:10:18.010706,83.90492,84.54425,85.29625
2022-01-18 10:10:18.505084,83.85417,84.184,85.29625
2022-01-18 10:10:19.002714,84.57575,85.1125,85.64968
2022-01-18 10:10:19.507779,83.54475,84.23475,85.64968
2022-01-18 10:10:20.005080,84.31831,84.751,85.7675
2022-01-18 10:10:20.501317,83.69946,84.132,85.7675
2022-01-18 10:10:21.011060,84.52377,85.0085,86.19916
2022-01-18 10:10:21.505818,83.9569,84.33875,86.19916
2022-01-18 10:10:22.003527,83.69946,84.23475,85.88531
2022-01-18 10:10:22.507641,84.26632,84.59625,85.88531
2022-01-18 10:10:23.005366,83.85417,84.4935,85.7675
2022-01-18 10:10:23.510806,84.57575,85.0085,85.7675
2022-01-18 10:10:24.009123,83.59549,83.97725,85.64968
2022-01-18 10:10:24.504062,84.05963,84.3895,85.64968
2022-01-18 10:10:25.001632,84.1636,84.4935,86.04176
2022-01-18 10:10:25.508501,83.9569,84.54425,86.04176
2022-01-18 10:10:26.006784,84.1636,84.59625,85.57051
2022-01-18 10:10:26.502524,83.64747,84.184,85.57051
2022-01-18 10:10:27.010571,84.00888,84.3895,85.4527
2022-01-18 10:10:27.506224,84.00888,84.64825,85.4527
2022-01-18 10:10:28.002861,84.21434,84.28675,85.88531
2022-01-18 10:10:28.510105,84.00888,84.23475,85.88531
2022-01-18 10:10:29.009626,84.00888,84.33875,86.04176
2022-01-18 10:10:29.506346,83.80219,84.4415,86.04176
2022-01-18 10:10:30.004904,84.21434,84.803,85.92395
2022-01-18 10:10:30.508286,84.11161,84.4415,85.92395
2022-01-18 10:10:31.007308,83.49276,84.184,85.84572
2022-01-18 10:10:31.502811,84.31831,84.699,85.84572
2022-01-18 10:10:32.002298,84.1636,84.54425,85.64968
2022-01-18 10:10:32.508169,84.31831,84.751,85.64968
2022-01-18 10:10:33.006871,83.7502,84.33875,85.92395
2022-01-18 10:10:33.503829,83.80219,84.4935,85.92395
2022-01-18 10:10:34.004808,84.36905,85.0605,85.4527
2022-01-18 10:10:34.509344,83.85417,84.54425,85.4527
2022-01-18 10:10:35.009201,83.90492,84.28675,85.49229
2022-01-18 10:10:35.504651,83.9569,84.3895,85.49229
2022-01-18 10:10:36.002403,83.9569,84.28675,86.63083
2022-01-18 10:10:36.509037,84.52377,85.0605,86.63083
2022-01-18 10:10:37.006274,83.85417,84.54425,85.96354
2022-01-18 10:10:37.510710,83.90492,84.33875,85.96354
2022-01-18 10:10:38.008631,83.85417,84.54425,85.72791
2022-01-18 10:10:38.504604,84.21434,84.54425,85.72791
2022-01-18 10:10:39.011120,83.69946,84.23475,86.04176
2022-01-18 10:10:39.507728,84.26632,84.59625,86.04176
2022-01-18 10:10:40.006904,84.21434,84.699,85.21708
2022-01-18 10:10:40.501495,83.90492,84.33875,85.21708
2022-01-18 10:10:41.010390,84.31831,84.85375,85.57051
2022-01-18 10:10:41.505336,83.7502,84.23475,85.57051
2022-01-18 10:10:42.003127,84.21434,84.59625,85.49229
2022-01-18 10:10:42.508327,83.39003,84.08,85.49229
2022-01-18 10:10:43.007397,84.57575,84.803,85.21708
2022-01-18 10:10:43.502110,84.00888,84.59625,85.21708
2022-01-18 10:10:44.004659,84.00888,84.4935,85.57051
2022-01-18 10:10:44.510225,84.00888,84.4415,85.57051
2022-01-18 10:10:45.009928,83.7502,84.132,86.04176
2022-01-18 10:10:45.504627,84.52377,84.95775,86.04176
2022-01-18 10:10:46.001443,83.59549,84.4935,85.72791
2022-01-18 10:10:46.506777,83.9569,84.184,85.72791
2022-01-18 10:10:47.003770,83.90492,84.3895,86.15958
2022-01-18 10:10:47.508858,84.26632,84.90575,86.15958
2022-01-18 10:10:48.007553,84.05963,84.59625,85.6101
2022-01-18 10:10:48.503520,83.59549,83.97725,85.6101
2022-01-18 10:10:49.001836,84.42104,84.751,86.08135
2022-01-18 10:10:49.506963,83.59549,84.23475,86.08135
2022-01-18 10:10:50.005533,84.1636,84.64825,85.64968
2022-01-18 10:10:50.510868,84.26632,84.803,85.64968
2022-01-18 10:10:51.009091,83.7502,84.08,85.80614
2022-01-18 10:10:51.504494,84.00888,84.4935,85.80614
2022-01-18 10:10:52.002665,84.1636,84.751,85.33489
2022-01-18 10:10:52.510085,84.11161,84.4935,85.33489
2022-01-18 10:10:53.005556,84.11161,84.64825,86.5526
2022-01-18 10:10:53.511133,83.7502,84.184,86.5526
2022-01-18 10:10:54.009366,83.69946,84.54425,85.49229
2022-01-18 10:10:54.503074,84.47302,85.0605,85.49229
2022-01-18 10:10:55.504859,83.90492,84.23475,85.96354
2022-01-18 10:10:56.003136,84.00888,84.3895,86.00312
2022-01-18 10:10:56.509159,84.1636,84.85375,86.00312
2022-01-18 10:10:57.008827,84.31831,84.4935,85.57051
2022-01-18 10:10:57.504678,83.64747,84.33875,85.57051
2022-01-18 10:10:58.001643,84.00888,84.28675,85.68833
2022-01-18 10:10:58.505100,84.36905,84.85375,85.68833
2022-01-18 10:10:59.003117,83.9569,84.33875,85.72791
2022-01-18 10:10:59.507371,83.9569,84.3895,85.72791
2022-01-18 10:11:00.005059,84.05963,84.54425,86.08135
2022-01-18 10:11:01.004863,83.7502,84.4935,85.84572
2022-01-18 10:11:01.510908,84.05963,84.4415,85.84572
2022-01-18 10:11:02.001327,83.9569,84.54425,85.17843
2022-01-18 10:11:02.506038,84.00888,84.3895,85.17843
2022-01-18 10:11:03.003479,84.1636,84.699,85.6101
2022-01-18 10:11:03.507735,83.44078,84.08,85.6101
2022-01-18 10:11:04.005184,84.36905,84.90575,86.90604
2022-01-18 10:11:04.501090,83.64747,84.3895,86.90604
2022-01-18 10:11:05.008622,84.00888,84.4935,85.64968
2022-01-18 10:11:05.503916,84.57575,84.95775,85.64968
2022-01-18 10:11:06.001110,83.9569,84.33875,86.47437
2022-01-18 10:11:06.508201,84.11161,84.59625,86.47437
2022-01-18 10:11:07.006521,83.64747,84.33875,85.6101
2022-01-18 10:11:07.501472,84.21434,84.64825,85.6101
2022-01-18 10:11:08.010771,83.7502,84.28675,85.33489
2022-01-18 10:11:08.505753,84.00888,84.33875,85.33489
2022-01-18 10:11:09.004687,83.69946,84.3895,86.15958
2022-01-18 10:11:09.510904,84.42104,84.54425,86.15958
2022-01-18 10:11:10.007173,84.42104,84.54425,85.84572
2022-01-18 10:11:10.501728,83.85417,84.3895,85.84572
2022-01-18 10:11:11.001465,84.31831,84.64825,85.53187
2022-01-18 10:11:11.506214,83.64747,84.184,85.53187
2022-01-18 10:11:12.005833,84.42104,84.803,85.29625
2022-01-18 10:11:12.501658,83.85417,84.4935,85.29625
2022-01-18 10:11:13.010362,84.00888,84.23475,85.84572
2022-01-18 10:11:13.506229,84.36905,84.33875,85.84572
2022-01-18 10:11:14.004888,84.00888,84.59625,85.57051
2022-01-18 10:11:14.510283,84.11161,84.64825,85.57051
2022-01-18 10:11:15.007675,84.26632,84.64825,86.47437
2022-01-18 10:11:15.504547,83.59549,84.02925,86.47437
2022-01-18 10:11:16.002245,83.59549,84.4935,85.06062
2022-01-18 10:11:16.507386,84.21434,84.64825,85.06062
2022-01-18 10:11:17.006289,84.47302,84.699,85.49229
2022-01-18 10:11:17.511223,83.80219,84.132,85.49229
2022-01-18 10:11:18.009733,84.05963,84.28675,85.4527
2022-01-18 10:11:18.503819,83.69946,84.33875,85.4527
2022-01-18 10:11:19.002014,84.1636,84.59625,85.37447
2022-01-18 10:11:19.509016,83.59549,84.3895,85.37447
2022-01-18 10:11:20.006699,84.11161,84.4935,85.72791
2022-01-18 10:11:20.510924,83.90492,84.28675,85.72791
2022-01-18 10:11:21.007752,84.31831,84.751,86.04176
2022-01-18 10:11:21.502659,84.1636,84.4415,86.04176
2022-01-18 10:11:22.001685,83.80219,84.33875,85.25666
2022-01-18 10:11:22.508112,84.05963,84.23475,85.25666
2022-01-18 10:11:23.006908,83.85417,84.803,86.71
2022-01-18 10:11:23.502026,83.80219,84.33875,86.71
2022-01-18 10:11:24.010803,83.9569,84.64825,86.27739
2022-01-18 10:11:24.506393,83.85417,84.08,86.27739
2022-01-18 10:11:25.004728,84.31831,84.64825,86.08135
2022-01-18 10:11:25.510652,83.59549,84.08,86.08135
2022-01-18 10:11:26.009162,84.67848,84.803,85.72791
2022-01-18 10:11:26.504260,83.64747,84.33875,85.72791
2022-01-18 10:11:27.001669,84.11161,84.699,85.84572
2022-01-18 10:11:27.506942,83.64747,84.4935,85.84572
2022-01-18 10:11:28.005822,83.85417,84.23475,85.92395
2022-01-18 10:11:28.503298,84.52377,84.64825,85.92395
2022-01-18 10:11:29.001753,83.59549,84.184,85.53187
2022-01-18 10:11:29.506073,84.73046,84.95775,85.53187
2022-01-18 10:11:30.005825,83.7502,84.33875,85.64968
2022-01-18 10:11:30.509974,84.36905,84.54425,85.64968
2022-01-18 10:11:31.008385,83.59549,84.4935,85.09926
2022-01-18 10:11:31.503027,84.00888,84.3895,85.09926
2022-01-18 10:11:32.002084,84.26632,84.64825,85.57051
2022-01-18 10:11:32.508692,83.90492,84.28675,85.57051
2022-01-18 10:11:33.007081,83.9569,84.33875,85.72791
2022-01-18 10:11:33.502116,83.90492,84.59625,85.72791
2022-01-18 10:11:34.011064,84.47302,84.90575,85.57051
2022-01-18 10:11:34.506107,83.54475,84.3895,85.57051
2022-01-18 10:11:35.004361,84.31831,84.64825,85.64968
2022-01-18 10:11:35.511038,83.64747,84.28675,85.64968
2022-01-18 10:11:36.001240,83.9569,84.4935,85.4527
2022-01-18 10:11:36.506680,84.47302,84.59625,85.4527
2022-01-18 10:11:37.005421,83.54475,84.33875,85.80614
2022-01-18 10:11:38.006206,83.85417,84.4935,85.72791
2022-01-18 10:11:38.506435,84.36905,84.699,85.72791
2022-01-18 10:11:39.005217,83.39003,84.02925,85.09926
2022-01-18 10:11:39.501166,84.47302,84.95775,85.09926
2022-01-18 10:11:40.010340,83.85417,83.97725,85.7675
2022-01-18 10:11:40.505165,84.26632,84.751,85.7675
2022-01-18 10:11:41.004494,84.1636,84.4415,85.53187
2022-01-18 10:11:41.509336,84.00888,84.59625,85.53187
2022-01-18 10:11:42.009028,84.05963,84.33875,85.4527
2022-01-18 10:11:42.506742,83.64747,84.33875,85.4527
2022-01-18 10:11:43.004697,84.26632,84.803,86.78822
2022-01-18 10:11:43.509681,84.00888,84.184,86.78822
2022-01-18 10:11:44.007246,84.00888,84.59625,85.68833
2022-01-18 10:11:44.502235,83.69946,84.23475,85.68833
2022-01-18 10:11:45.002011,84.00888,84.803,85.6101
2022-01-18 10:11:45.506176,84.31831,84.85375,85.6101
2022-01-18 10:11:46.004746,83.69946,84.33875,86.08135
2022-01-18 10:11:46.501777,84.1636,84.54425,86.08135
2022-01-18 10:11:47.002362,84.00888,84.33875,85.41406
2022-01-18 10:11:47.508807,84.36905,85.0085,85.41406
2022-01-18 10:11:48.007164,83.9569,84.28675,85.49229
2022-01-18 10:11:48.503093,83.64747,84.23475,85.49229
2022-01-18 10:11:49.004773,84.11161,84.54425,85.64968
2022-01-18 10:11:49.510361,83.69946,84.4415,85.64968
2022-01-18 10:11:50.007769,84.21434,84.64825,85.68833
2022-01-18 10:11:50.503759,84.05963,84.3895,85.68833
2022-01-18 10:11:51.005241,83.9569,84.3895,85.92395
2022-01-18 10:11:51.510426,84.1636,84.33875,85.92395
2022-01-18 10:11:52.008908,84.11161,85.0605,85.25666
2022-01-18 10:11:52.506330,83.64747,84.08,85.25666
2022-01-18 10:11:53.005076,84.11161,84.59625,85.96354
2022-01-18 10:11:53.501885,83.7502,84.28675,85.96354
2022-01-18 10:11:54.002330,84.26632,84.751,86.63083
2022-01-18 10:11:54.507019,83.9569,84.4935,86.63083
2022-01-18 10:11:55.006126,84.26632,84.4935,86.12093
2022-01-18 10:11:55.501604,83.80219,84.4415,86.12093
2022-01-18 10:11:56.010959,84.26632,84.803,85.88531
2022-01-18 10:11:56.505189,83.90492,84.4935,85.88531
2022-01-18 10:11:57.003359,84.11161,84.28675,85.37447
2022-01-18 10:11:57.509044,83.44078,84.08,85.37447
2022-01-18 10:11:58.006902,84.36905,84.85375,85.96354
2022-01-18 10:11:58.501125,84.21434,84.4415,85.96354
2022-01-18 10:11:59.011005,84.1636,84.64825,85.49229
2022-01-18 10:11:59.507013,84.00888,84.28675,85.49229
2022-01-18 10:12:00.007717,83.90492,84.54425,85.57051
2022-01-18 10:12:00.506175,84.1636,84.751,85.57051
2022-01-18 10:12:01.004566,83.39003,84.02925,85.53187
2022-01-18 10:12:01.501356,84.21434,84.59625,85.53187
2022-01-18 10:12:02.011352,83.90492,84.08,86.00312
2022-01-18 10:12:02.506449,84.1636,84.803,86.00312
2022-01-18 10:12:03.003676,84.21434,84.4415,85.7675
2022-01-18 10:12:03.508560,84.05963,84.54425,85.7675
2022-01-18 10:12:04.009128,84.11161,84.4935,85.17843
2022-01-18 10:12:04.504804,83.44078,84.02925,85.17843
2022-01-18 10:12:05.001947,84.26632,84.85375,85.41406
2022-01-18 10:12:05.509111,83.80219,84.3895,85.41406
2022-01-18 10:12:06.006743,84.47302,84.95775,85.92395
2022-01-18 10:12:06.502221,83.69946,83.7705,85.92395
2022-01-18 10:12:07.010900,84.31831,84.95775,85.13885
2022-01-18 10:12:07.505012,84.31831,84.59625,85.13885
2022-01-18 10:12:08.003306,83.85417,84.33875,85.88531
2022-01-18 10:12:08.508004,84.11161,84.59625,85.88531
2022-01-18 10:12:09.004793,83.13135,83.71975,85.49229
2022-01-18 10:12:09.509476,84.57575,85.1125,85.49229
2022-01-18 10:12:10.007721,83.9569,84.28675,85.53187
2022-01-18 10:12:10.503276,84.26632,84.751,85.53187
2022-01-18 10:12:11.002171,83.7502,83.97725,86.78822
2022-01-18 10:12:11.507803,84.52377,85.0605,86.78822
2022-01-18 10:12:12.004722,83.85417,84.23475,86.19916
2022-01-18 10:12:12.508718,83.80219,84.54425,86.19916
2022-01-18 10:12:13.006387,83.7502,84.4415,85.21708
2022-01-18 10:12:13.511165,84.11161,84.23475,85.21708
2022-01-18 10:12:14.010534,84.05963,84.64825,85.72791
2022-01-18 10:12:14.506569,84.05963,84.3895,85.72791
2022-01-18 10:12:15.006161,84.31831,84.90575,85.57051
2022-01-18 10:12:15.502697,83.90492,84.132,85.57051
2022-01-18 10:12:16.001981,83.85417,84.3895,86.23875
2022-01-18 10:12:16.507911,84.21434,84.803,86.23875
2022-01-18 10:12:17.006786,84.00888,84.132,85.41406
2022-01-18 10:12:17.501518,83.69946,84.132,85.41406
2022-01-18 10:12:18.002145,83.02862,83.2555,85.33489
2022-01-18 10:12:18.506986,85.24658,85.47275,85.33489
2022-01-18 10:12:19.004973,83.23532,83.513,231.73718
2022-01-18 10:12:19.511051,84.00888,84.4415,231.73718
2022-01-18 10:12:20.009125,84.05963,84.184,216.81364
2022-01-18 10:12:20.505328,83.7502,84.28675,216.81364
2022-01-18 10:12:21.002718,84.26632,84.699,153.58791
2022-01-18 10:12:21.506948,83.69946,83.66775,153.58791
2022-01-18 10:12:22.004604,84.1636,84.59625,93.66093
2022-01-18 10:12:22.510989,83.69946,84.132,93.66093
2022-01-18 10:12:23.009734,84.26632,84.59625,98.33385
2022-01-18 10:12:23.505606,83.80219,84.132,98.33385
2022-01-18 10:12:24.003573,83.9569,84.23475,91.1077
2022-01-18 10:12:24.508773,83.9569,84.4935,91.1077
2022-01-18 10:12:25.005914,84.26632,84.751,88.2802
2022-01-18 10:12:25.510931,83.80219,84.3895,88.2802
2022-01-18 10:12:26.009848,84.36905,84.699,85.6101
2022-01-18 10:12:26.504672,83.59549,84.23475,85.6101
2022-01-18 10:12:27.003062,84.00888,84.54425,87.06343
2022-01-18 10:12:27.508098,83.69946,84.28675,87.06343
2022-01-18 10:12:28.006787,84.21434,84.59625,86.43479
2022-01-18 10:12:28.503429,83.9569,84.4415,86.43479
2022-01-18 10:12:29.001723,83.90492,84.4415,86.82781
2022-01-18 10:12:29.507340,83.90492,84.3895,86.82781
2022-01-18 10:12:30.005919,84.00888,84.4415,86.63083
2022-01-18 10:12:30.510433,84.47302,84.85375,86.63083
2022-01-18 10:12:31.008203,83.28607,83.8745,86.63083
2022-01-18 10:12:31.503105,84.57575,85.26725,86.63083
2022-01-18 10:12:32.002836,84.11161,84.3895,85.84572
2022-01-18 10:12:32.508563,84.26632,84.699,85.84572
2022-01-18 10:12:33.008021,84.05963,84.59625,86.31697
2022-01-18 10:12:33.505809,83.85417,84.4935,86.31697
2022-01-18 10:12:34.003773,84.1636,84.699,86.08135
2022-01-18 10:12:34.508722,83.85417,84.184,86.08135
2022-01-18 10:12:35.006454,84.36905,84.85375,86.3952
2022-01-18 10:12:35.511203,83.59549,84.28675,86.3952
2022-01-18 10:12:36.009802,84.21434,84.59625,85.49229
2022-01-18 10:12:36.506214,84.00888,84.184,85.49229
2022-01-18 10:12:37.004464,84.05963,84.699,86.94562
2022-01-18 10:12:37.510343,83.7502,84.28675,86.94562
2022-01-18 10:12:38.009863,83.80219,84.3895,85.88531
2022-01-18 10:12:38.504741,84.00888,84.699,85.88531
2022-01-18 10:12:39.002621,83.59549,84.4415,86.82781
2022-01-18 10:12:39.508741,84.36905,84.85375,86.82781
2022-01-18 10:12:40.006259,83.7502,83.8745,85.53187
2022-01-18 10:12:40.511124,84.26632,84.751,85.53187
2022-01-18 10:12:41.009402,84.1636,84.54425,86.23875
2022-01-18 10:12:41.507402,84.00888,84.3895,86.23875
2022-01-18 10:12:42.005785,83.80219,84.3895,86.08135
2022-01-18 10:12:42.502324,84.05963,84.803,86.08135
2022-01-18 10:12:43.001352,83.9569,84.54425,85.25666
2022-01-18 10:12:43.507916,84.26632,84.4935,85.25666
2022-01-18 10:12:44.005811,84.1636,84.54425,85.96354
2022-01-18 10:12:44.503427,84.21434,84.59625,85.96354
2022-01-18 10:12:45.002116,83.9569,84.64825,85.21708
2022-01-18 10:12:45.507756,83.90492,84.4415,85.21708
2022-01-18 10:12:46.006054,83.69946,84.23475,86.23875
2022-01-18 10:12:46.501848,84.21434,84.803,86.23875
2022-01-18 10:12:47.010468,83.7502,84.23475,86.43479
2022-01-18 10:12:47.504934,84.00888,84.4935,86.43479
2022-01-18 10:12:48.004204,84.21434,84.4935,85.41406
2022-01-18 10:12:48.508821,84.31831,84.85375,85.41406
2022-01-18 10:12:49.007440,83.7502,84.3895,86.19916
2022-01-18 10:12:49.502711,83.90492,84.4935,86.19916
2022-01-18 10:12:50.001933,83.9569,84.33875,85.4527
2022-01-18 10:12:50.507137,84.05963,84.3895,85.4527
2022-01-18 10:12:51.005866,83.69946,83.97725,85.4527
2022-01-18 10:12:51.510009,84.73046,85.0085,85.4527
2022-01-18 10:12:52.008771,83.80219,84.28675,85.57051
2022-01-18 10:12:52.502748,84.05963,84.4935,85.57051
2022-01-18 10:12:53.010775,83.90492,84.4935,85.88531
2022-01-18 10:12:53.506310,84.31831,85.0605,85.88531
2022-01-18 10:12:54.005274,83.39003,84.132,86.15958
2022-01-18 10:12:54.502665,84.21434,84.54425,86.15958
2022-01-18 10:12:55.010910,84.1636,84.4935,86.12093
2022-01-18 10:12:55.502413,84.05963,84.54425,86.12093
2022-01-18 10:12:56.001600,84.36905,85.0605,85.41406
2022-01-18 10:12:56.508423,83.54475,84.08,85.41406
2022-01-18 10:12:57.006815,84.47302,84.85375,86.47437
2022-01-18 10:12:57.502343,83.49276,84.23475,86.47437
2022-01-18 10:12:58.010532,84.1636,84.699,86.19916
2022-01-18 10:12:58.505476,84.11161,84.59625,86.19916
2022-01-18 10:12:59.006468,83.85417,84.184,85.6101
2022-01-18 10:12:59.502679,84.47302,84.803,85.6101
2022-01-18 10:13:00.009783,83.80219,84.33875,85.53187
2022-01-18 10:13:00.505522,84.1636,84.751,85.53187
2022-01-18 10:13:01.004062,83.9569,84.3895,85.49229
2022-01-18 10:13:01.509283,84.47302,84.803,85.49229
2022-01-18 10:13:02.008606,83.64747,84.08,85.6101
2022-01-18 10:13:02.506626,84.1636,84.699,85.6101
2022-01-18 10:13:03.004935,84.05963,84.54425,86.3952
2022-01-18 10:13:03.501681,83.69946,84.08,86.3952
2022-01-18 10:13:04.009839,84.31831,84.95775,86.08135
2022-01-18 10:13:04.505812,83.54475,84.02925,86.08135
2022-01-18 10:13:05.005500,84.47302,84.803,85.92395
2022-01-18 10:13:05.502174,83.85417,84.33875,85.92395
2022-01-18 10:13:06.010618,84.26632,84.59625,86.94562
2022-01-18 10:13:06.508356,83.64747,83.97725,86.94562
2022-01-18 10:13:07.006607,84.21434,84.803,85.92395
2022-01-18 10:13:07.503102,83.85417,84.54425,85.92395
2022-01-18 10:13:08.010288,84.05963,84.4415,85.37447
2022-01-18 10:13:08.505017,83.9569,84.4415,85.37447
2022-01-18 10:13:09.003712,84.11161,84.59625,85.41406
2022-01-18 10:13:09.509798,84.21434,84.85375,85.41406
2022-01-18 10:13:10.004067,83.9569,84.33875,86.27739
2022-01-18 10:13:10.509413,83.80219,84.28675,86.27739
2022-01-18 10:13:11.007093,84.1636,84.699,85.64968
2022-01-18 10:13:11.504243,84.11161,84.4935,85.64968
2022-01-18 10:13:12.002697,84.31831,84.751,85.84572
2022-01-18 10:13:12.501355,83.44078,84.02925,85.84572
2022-01-18 10:13:13.010514,84.05963,84.3895,85.4527
2022-01-18 10:13:13.505637,84.31831,84.64825,85.4527
2022-01-18 10:13:14.003318,84.05963,84.4935,86.43479
2022-01-18 10:13:14.508062,83.9569,84.64825,86.43479
2022-01-18 10:13:15.006196,84.00888,84.3895,86.12093
2022-01-18 10:13:15.504652,84.05963,84.3895,86.12093
2022-01-18 10:13:16.002815,84.05963,84.751,85.02104
2022-01-18 10:13:16.510566,84.21434,84.751,85.02104
2022-01-18 10:13:17.009156,83.7502,84.08,86.5526
2022-01-18 10:13:17.504850,84.1636,84.23475,86.5526
2022-01-18 10:13:18.004745,84.21434,84.90575,85.7675
2022-01-18 10:13:18.509873,83.54475,84.33875,85.7675
2022-01-18 10:13:19.007828,84.62773,84.95775,85.84572
2022-01-18 10:13:19.502786,83.54475,83.92525,85.84572
2022-01-18 10:13:20.010512,84.42104,84.751,85.4527
2022-01-18 10:13:20.507039,83.90492,84.54425,85.4527
2022-01-18 10:13:21.005416,84.1636,84.4415,86.23875
2022-01-18 10:13:21.508661,84.52377,84.54425,86.23875
2022-01-18 10:13:22.006984,83.90492,84.3895,85.4527
2022-01-18 10:13:22.501065,84.26632,84.803,85.4527
2022-01-18 10:13:23.009643,83.80219,84.28675,85.96354
2022-01-18 10:13:23.503703,84.31831,84.54425,85.96354
2022-01-18 10:13:24.003856,83.64747,84.33875,85.53187
2022-01-18 10:13:24.501132,84.1636,84.59625,85.53187
2022-01-18 10:13:25.002386,84.11161,84.4415,86.12093
2022-01-18 10:13:25.509631,84.26632,84.85375,86.12093
2022-01-18 10:13:26.008969,84.47302,84.85375,85.7675
2022-01-18 10:13:26.504869,83.28607,83.7705,85.7675
2022-01-18 10:13:27.004100,84.47302,84.95775,85.7675
2022-01-18 10:13:27.508870,83.39003,84.184,85.7675
2022-01-18 10:13:28.006819,84.31831,84.59625,85.96354
2022-01-18 10:13:28.501893,83.85417,84.184,85.96354
2022-01-18 10:13:29.505137,84.21434,84.85375,85.88531
2022-01-18 10:13:30.004673,83.9569,84.33875,85.29625
2022-01-18 10:13:30.501261,84.21434,84.64825,85.29625
2022-01-18 10:13:31.011218,83.44078,84.28675,85.72791
2022-01-18 10:13:31.505776,84.31831,84.751,85.72791
2022-01-18 10:13:32.004799,83.80219,84.33875,85.49229
2022-01-18 10:13:32.502993,84.26632,84.751,85.49229
2022-01-18 10:13:33.010872,83.90492,84.4415,86.19916
2022-01-18 10:13:33.508301,84.1636,84.59625,86.19916
2022-01-18 10:13:34.007030,84.31831,84.59625,86.59218
2022-01-18 10:13:34.504829,83.64747,84.3895,86.59218
2022-01-18 10:13:35.003007,84.36905,84.699,86.35656
2022-01-18 10:13:35.509089,83.59549,84.184,86.35656
2022-01-18 10:13:36.006206,83.9569,84.28675,85.88531
2022-01-18 10:13:36.501366,84.47302,84.95775,85.88531
2022-01-18 10:13:37.010370,83.7502,84.33875,85.4527
2022-01-18 10:13:37.506835,84.05963,84.28675,85.4527
2022-01-18 10:13:38.004400,84.1636,84.54425,86.00312
2022-01-18 10:13:38.510281,83.85417,84.33875,86.00312
2022-01-18 10:13:39.010675,83.9569,84.64825,85.49229
2022-01-18 10:13:39.505804,84.00888,84.28675,85.49229
2022-01-18 10:13:40.002933,84.00888,84.4415,86.3952
2022-01-18 10:13:40.508634,84.11161,84.803,86.3952
2022-01-18 10:13:41.006926,84.05963,84.4415,85.41406
2022-01-18 10:13:41.502117,83.64747,84.132,85.41406
2022-01-18 10:13:42.001317,84.1636,84.3895,86.5526
2022-01-18 10:13:42.508343,83.7502,84.59625,86.5526
2022-01-18 10:13:43.006266,83.9569,84.28675,86.19916
2022-01-18 10:13:43.503070,84.26632,84.699,86.19916
2022-01-18 10:13:44.001178,83.9569,84.4935,85.25666
2022-01-18 10:13:44.505762,84.47302,84.90575,85.25666
2022-01-18 10:13:45.004452,83.7502,84.4935,85.49229
2022-01-18 10:13:46.004933,84.00888,84.59625,85.80614
2022-01-18 10:13:46.501845,84.05963,84.64825,85.80614
2022-01-18 10:13:47.002353,83.7502,84.3895,85.41406
2022-01-18 10:13:47.502820,84.05963,84.28675,85.41406
2022-01-18 10:13:48.002591,84.1636,84.54425,85.21708
2022-01-18 10:13:48.510549,83.85417,84.3895,85.21708
2022-01-18 10:13:49.009662,84.47302,84.90575,85.53187
2022-01-18 10:13:49.505698,83.39003,83.97725,85.53187
2022-01-18 10:13:50.005734,84.67848,84.95775,85.37447
2022-01-18 10:13:50.501324,83.80219,84.3895,85.37447
2022-01-18 10:13:51.010807,84.00888,84.4415,86.63083
2022-01-18 10:13:51.505594,84.11161,84.3895,86.63083
2022-01-18 10:13:52.003551,83.90492,84.3895,85.57051
2022-01-18 10:13:52.509370,84.26632,84.54425,85.57051
2022-01-18 10:13:53.009003,83.80219,84.3895,85.6101
2022-01-18 10:13:53.503512,84.21434,84.699,85.6101
2022-01-18 10:13:54.002360,83.49276,84.28675,85.96354
2022-01-18 10:13:54.507512,84.36905,84.54425,85.96354
2022-01-18 10:13:55.005560,84.36905,84.54425,85.68833
2022-01-18 10:13:55.501168,84.00888,84.3895,85.68833
2022-01-18 10:13:56.008020,83.7502,84.184,85.33489
2022-01-18 10:13:56.504435,83.7502,84.184,85.33489
2022-01-18 10:13:57.001650,84.31831,84.54425,85.64968
2022-01-18 10:13:57.508533,83.39003,84.3895,85.64968
2022-01-18 10:13:58.006731,84.1636,84.54425,85.53187
2022-01-18 10:13:58.502367,83.85417,84.23475,85.53187
2022-01-18 10:13:59.010392,84.47302,84.85375,85.41406
2022-01-18 10:13:59.505708,84.00888,84.33875,85.41406
2022-01-18 10:14:00.006092,83.90492,84.54425,85.49229
2022-01-18 10:14:00.508599,83.59549,84.02925,85.49229
2022-01-18 10:14:01.006658,84.1636,84.90575,86.51301
2022-01-18 10:14:01.505687,84.00888,84.4415,86.51301
2022-01-18 10:14:02.005253,83.9569,84.28675,85.7675
2022-01-18 10:14:02.506920,84.31831,84.64825,85.7675
2022-01-18 10:14:03.004903,84.05963,84.33875,86.63083
2022-01-18 10:14:03.509561,84.00888,84.59625,86.63083
2022-01-18 10:14:04.008069,84.00888,84.4415,85.13885
2022-01-18 10:14:04.504458,83.9569,84.85375,85.13885
2022-01-18 10:14:05.002143,84.00888,84.3895,85.09926
2022-01-18 10:14:05.508765,83.9569,84.64825,85.09926
2022-01-18 10:14:06.006620,84.00888,84.28675,85.17843
2022-01-18 10:14:06.500961,84.21434,84.28675,85.17843
2022-01-18 10:14:07.010070,84.1636,84.751,85.72791
2022-01-18 10:14:07.504787,83.90492,84.132,85.72791
2022-01-18 10:14:08.004153,83.85417,84.3895,86.00312
2022-01-18 10:14:08.509347,84.21434,84.699,86.00312
2022-01-18 10:14:09.009227,83.85417,84.59625,85.17843
2022-01-18 10:14:09.506215,84.05963,84.3895,85.17843
2022-01-18 10:14:10.003749,84.1636,84.33875,86.51301
2022-01-18 10:14:10.509691,84.11161,84.59625,86.51301
2022-01-18 10:14:11.007510,84.21434,84.54425,86.27739
2022-01-18 10:14:11.503265,83.85417,84.4935,86.27739
2022-01-18 10:14:12.001662,83.85417,84.132,86.12093
2022-01-18 10:14:12.506873,83.69946,84.4415,86.12093
2022-01-18 10:14:13.004233,84.05963,84.4415,85.4527
2022-01-18 10:14:13.509552,84.42104,84.803,85.4527
2022-01-18 10:14:14.008635,83.54475,84.132,85.53187
2022-01-18 10:14:14.504221,84.42104,84.54425,85.53187
2022-01-18 10:14:15.003453,84.05963,84.64825,85.13885
2022-01-18 10:14:15.507573,84.42104,84.59625,85.13885
2022-01-18 10:14:16.005076,83.7502,84.54425,85.33489
2022-01-18 10:14:16.501710,83.9569,84.23475,85.33489
2022-01-18 10:14:17.010421,84.00888,84.28675,86.27739
2022-01-18 10:14:17.505557,84.21434,84.751,86.27739
2022-01-18 10:14:18.004597,84.11161,84.64825,85.4527
2022-01-18 10:14:18.509297,83.80219,84.4935,85.4527
2022-01-18 10:14:19.008147,84.05963,84.33875,86.51301
2022-01-18 10:14:19.502698,84.36905,84.95775,86.51301
2022-01-18 10:14:20.010525,83.9569,84.4935,85.7675
2022-01-18 10:14:20.508603,83.44078,84.23475,85.7675
2022-01-18 10:14:21.007117,84.00888,84.28675,86.31697
2022-01-18 10:14:21.501885,84.31831,84.28675,86.31697
2022-01-18 10:14:22.010218,83.90492,84.64825,86.43479
2022-01-18 10:14:22.505919,83.80219,84.02925,86.43479
2022-01-18 10:14:23.004698,84.21434,84.751,85.41406
2022-01-18 10:14:23.502964,84.05963,84.33875,85.41406
2022-01-18 10:14:24.505257,83.9569,84.3895,86.51301
2022-01-18 10:14:25.003009,83.90492,84.132,85.72791
2022-01-18 10:14:25.510731,84.26632,84.751,85.72791
2022-01-18 10:14:26.009551,83.90492,84.132,85.29625
2022-01-18 10:14:26.504716,84.11161,84.803,85.29625
2022-01-18 10:14:27.002652,83.80219,84.28675,86.08135
2022-01-18 10:14:27.507659,83.85417,84.54425,86.08135
2022-01-18 10:14:28.005708,84.1636,84.4415,85.37447
2022-01-18 10:14:28.511237,84.05963,84.33875,85.37447
2022-01-18 10:14:29.009367,84.26632,84.751,86.04176
2022-01-18 10:14:29.505074,83.69946,84.184,86.04176
2022-01-18 10:14:30.007488,84.00888,84.751,86.31697
2022-01-18 10:14:30.504170,84.00888,84.33875,86.31697
2022-01-18 10:14:31.001230,83.90492,84.4415,85.33489
2022-01-18 10:14:31.507119,84.1636,84.59625,85.33489
2022-01-18 10:14:32.005121,84.05963,84.33875,85.53187
2022-01-18 10:14:32.511122,83.85417,84.28675,85.53187
2022-01-18 10:14:33.010911,84.42104,84.64825,85.92395
2022-01-18 10:14:33.506365,83.9569,84.699,85.92395
2022-01-18 10:14:34.006903,84.11161,84.699,86.08135
2022-01-18 10:14:34.502761,83.90492,84.54425,86.08135
2022-01-18 10:14:35.001748,84.00888,84.28675,85.64968
2022-01-18 10:14:35.506034,84.1636,84.803,85.64968
2022-01-18 10:14:36.004476,84.00888,84.33875,86.08135
2022-01-18 10:14:36.510672,84.57575,84.59625,86.08135
2022-01-18 10:14:37.009626,83.49276,84.33875,85.29625
2022-01-18 10:14:37.505349,84.1636,84.4415,85.29625
2022-01-18 10:14:38.004522,84.00888,84.751,86.35656
2022-01-18 10:14:38.502991,84.05963,84.4415,86.35656
2022-01-18 10:14:39.002147,83.7502,84.33875,85.49229
2022-01-18 10:14:39.509401,84.05963,84.33875,85.49229
2022-01-18 10:14:40.009845,84.26632,84.23475,85.6101
2022-01-18 10:14:40.504955,83.49276,83.92525,85.6101
2022-01-18 10:14:41.003170,84.11161,84.4415,142.59176
2022-01-18 10:14:41.508277,83.54475,83.8225,142.59176
2022-01-18 10:14:42.006222,84.1636,84.54425,230.00864
2022-01-18 10:14:42.501638,83.54475,84.28675,230.00864
2022-01-18 10:14:43.001732,83.54475,83.7705,201.26239
2022-01-18 10:14:43.509724,84.52377,84.4415,201.26239
2022-01-18 10:14:44.008425,83.80219,84.184,116.83041
2022-01-18 10:14:44.504839,84.73046,84.95775,116.83041
2022-01-18 10:14:45.002135,83.18334,83.8225,93.42531
2022-01-18 10:14:45.507144,84.11161,84.28675,93.42531
2022-01-18 10:14:46.006011,83.69946,84.02925,95.85979
2022-01-18 10:14:46.509642,84.36905,84.90575,95.85979
2022-01-18 10:14:47.007790,83.59549,83.92525,89.5375
2022-01-18 10:14:47.505755,84.36905,84.85375,89.5375
2022-01-18 10:14:48.004597,84.00888,84.23475,86.27739
2022-01-18 10:14:48.510564,84.42104,85.1125,86.27739
2022-01-18 10:14:49.010355,83.80219,84.23475,87.02385
2022-01-18 10:14:49.506018,83.80219,84.4935,87.02385
2022-01-18 10:14:50.003370,84.11161,84.59625,86.78822
2022-01-18 10:14:50.508944,83.90492,84.3895,86.78822
2022-01-18 10:14:51.006395,84.00888,84.4415,86.04176
2022-01-18 10:14:51.501698,83.90492,84.28675,86.04176
2022-01-18 10:14:52.010744,84.00888,84.699,86.74864
2022-01-18 10:14:52.506629,84.05963,84.3895,86.74864
2022-01-18 10:14:53.005872,84.26632,84.803,86.5526
2022-01-18 10:14:53.501214,83.90492,84.4935,86.5526
2022-01-18 10:14:54.010861,83.59549,84.33875,86.98426
2022-01-18 10:14:54.506832,84.36905,84.85375,86.98426
2022-01-18 10:14:55.005945,84.31831,84.4935,86.04176
2022-01-18 10:14:55.509897,83.80219,84.59625,86.04176
2022-01-18 10:14:56.003446,84.00888,84.28675,85.25666
2022-01-18 10:14:56.509697,84.21434,84.54425,85.25666
2022-01-18 10:14:57.009434,84.42104,85.0085,86.23875
2022-01-18 10:14:57.505322,83.54475,84.28675,86.23875
2022-01-18 10:14:58.004153,83.85417,84.3895,85.92395
2022-01-18 10:14:58.510383,84.26632,84.4415,85.92395
2022-01-18 10:14:59.008766,84.05963,84.59625,85.84572
2022-01-18 10:14:59.501447,84.26632,84.699,85.84572
2022-01-18 10:15:00.503286,84.00888,84.33875,86.12093
2022-01-18 10:15:01.001724,84.21434,84.85375,85.7675
2022-01-18 10:15:01.506523,83.69946,84.23475,85.7675
2022-01-18 10:15:02.005735,83.80219,84.08,85.53187
2022-01-18 10:15:02.510918,83.85417,84.59625,85.53187
2022-01-18 10:15:03.009452,84.36905,84.699,86.3952
2022-01-18 10:15:03.503895,83.80219,84.4415,86.3952
2022-01-18 10:15:04.002911,84.36905,84.803,85.96354
2022-01-18 10:15:04.506943,83.80219,84.33875,85.96354
2022-01-18 10:15:05.006083,84.26632,84.64825,86.00312
2022-01-18 10:15:05.501076,83.7502,84.3895,86.00312
2022-01-18 10:15:06.010199,84.00888,84.59625,86.74864
2022-01-18 10:15:06.507374,84.36905,84.59625,86.74864
2022-01-18 10:15:07.005665,83.90492,84.59625,85.41406
2022-01-18 10:15:07.501723,83.9569,84.28675,85.41406
2022-01-18 10:15:08.010023,84.05963,84.4415,85.41406
2022-01-18 10:15:08.506369,84.36905,84.699,85.41406
2022-01-18 10:15:09.004111,83.85417,84.3895,85.72791
2022-01-18 10:15:09.509576,84.11161,84.64825,85.72791
2022-01-18 10:15:10.006176,84.21434,84.3895,85.41406
2022-01-18 10:15:10.501449,84.21434,84.64825,85.41406
2022-01-18 10:15:11.001281,84.1636,84.54425,85.4527
2022-01-18 10:15:11.507446,83.39003,83.97725,85.4527
2022-01-18 10:15:12.005622,84.47302,84.90575,85.57051
2022-01-18 10:15:12.502750,83.49276,83.97725,85.57051
2022-01-18 10:15:13.002070,84.73046,85.26725,85.49229
2022-01-18 10:15:13.510907,83.80219,84.08,85.49229
2022-01-18 10:15:14.008912,84.11161,84.54425,86.3952
2022-01-18 10:15:14.503900,84.11161,84.28675,86.3952
2022-01-18 10:15:15.001509,84.11161,84.803,86.43479
2022-01-18 10:15:15.508790,83.9569,84.4415,86.43479
2022-01-18 10:15:16.006687,83.44078,84.02925,85.41406
2022-01-18 10:15:16.502395,84.62773,85.0605,85.41406
2022-01-18 10:15:17.505037,84.78245,85.52475,85.7675
2022-01-18 10:15:18.003349,83.39003,83.61575,86.15958
2022-01-18 10:15:18.509170,83.7502,84.23475,86.15958
2022-01-18 10:15:19.006602,84.11161,84.803,85.6101
2022-01-18 10:15:19.502395,84.11161,84.59625,85.6101
2022-01-18 10:15:20.001845,83.9569,84.54425,85.29625
2022-01-18 10:15:20.509079,83.54475,84.184,85.29625
2022-01-18 10:15:21.008124,84.26632,84.751,85.37447
2022-01-18 10:15:21.505767,84.52377,84.699,85.37447
2022-01-18 10:15:22.003707,83.80219,84.33875,87.06343
2022-01-18 10:15:22.508735,83.85417,84.33875,87.06343
2022-01-18 10:15:23.007676,83.7502,84.132,85.84572
2022-01-18 10:15:23.506455,84.21434,84.751,85.84572
2022-01-18 10:15:24.005046,83.64747,84.23475,85.06062
2022-01-18 10:15:24.510359,84.31831,84.751,85.06062
2022-01-18 10:15:25.010089,84.11161,84.28675,86.15958
2022-01-18 10:15:25.506574,84.36905,84.85375,86.15958
2022-01-18 10:15:26.008108,83.80219,84.132,86.23875
2022-01-18 10:15:26.503496,83.9569,84.4935,86.23875
2022-01-18 10:15:27.004817,84.05963,84.64825,85.4527
2022-01-18 10:15:27.509755,83.85417,84.54425,85.4527
2022-01-18 10:15:28.009754,83.9569,84.54425,86.35656
2022-01-18 10:15:28.505227,84.36905,84.54425,86.35656
2022-01-18 10:15:29.004749,84.05963,84.4935,85.64968
2022-01-18 10:15:29.501656,83.9569,84.28675,85.64968
2022-01-18 10:15:30.009637,84.05963,84.3895,85.17843
2022-01-18 10:15:30.506122,83.9569,84.4935,85.17843
2022-01-18 10:15:31.008221,83.7502,84.28675,86.71
2022-01-18 10:15:31.506305,84.21434,84.90575,86.71
2022-01-18 10:15:32.006322,83.54475,83.8225,85.37447
2022-01-18 10:15:32.501169,84.52377,84.803,85.37447
2022-01-18 10:15:33.009286,84.11161,84.4415,86.31697
2022-01-18 10:15:33.504795,84.00888,84.59625,86.31697
2022-01-18 10:15:34.007258,84.26632,84.64825,86.12093
2022-01-18 10:15:34.502678,83.49276,84.02925,86.12093
2022-01-18 10:15:35.010766,84.62773,85.16325,85.37447
2022-01-18 10:15:35.506326,83.33805,84.08,85.37447
2022-01-18 10:15:36.004350,84.26632,84.90575,85.64968
2022-01-18 10:15:36.509117,84.00888,84.184,85.64968
2022-01-18 10:15:37.006366,84.00888,84.4935,85.80614
2022-01-18 10:15:37.511230,84.31831,84.803,85.80614
2022-01-18 10:15:38.009660,83.90492,84.59625,85.37447
2022-01-18 10:15:38.504955,83.90492,84.4415,85.37447
2022-01-18 10:15:39.002882,83.54475,84.184,85.53187
2022-01-18 10:15:39.509630,84.47302,84.95775,85.53187
2022-01-18 10:15:40.008312,83.85417,84.28675,85.37447
2022-01-18 10:15:40.502827,84.1636,84.54425,85.37447
2022-01-18 10:15:41.001170,83.80219,84.08,86.23875
2022-01-18 10:15:41.506439,84.05963,84.3895,86.23875
2022-01-18 10:15:42.005197,84.67848,85.37,85.4527
2022-01-18 10:15:42.509677,83.08061,83.71975,85.4527
2022-01-18 10:15:43.008538,84.26632,84.59625,86.15958
2022-01-18 10:15:43.505009,83.90492,84.184,86.15958
2022-01-18 10:15:44.002321,84.62773,85.0085,85.53187
2022-01-18 10:15:44.508982,83.90492,84.28675,85.53187
2022-01-18 10:15:45.007603,83.90492,84.3895,85.80614
2022-01-18 10:15:45.503516,84.1636,84.699,85.80614
2022-01-18 10:15:46.011101,84.11161,84.59625,86.12093
2022-01-18 10:15:46.504737,84.05963,84.4415,86.12093
2022-01-18 10:15:47.002944,83.85417,84.3895,86.08135
2022-01-18 10:15:47.507873,84.31831,84.699,86.08135
2022-01-18 10:15:48.005887,83.90492,84.23475,85.41406
2022-01-18 10:15:48.502697,84.47302,84.85375,85.41406
2022-01-18 10:15:49.001230,83.85417,84.4935,85.33489
2022-01-18 10:15:49.505852,83.9569,84.64825,85.33489
2022-01-18 10:15:50.003326,84.21434,84.54425,85.72791
2022-01-18 10:15:50.509906,83.85417,84.3895,85.72791
