時間,回転１,回転２,回転３
2022-01-15 19:00:00.010467,0.0,0.0,0.0
2022-01-15 19:00:00.505781,0.0,0.0,0.0
2022-01-15 19:00:01.002511,0.0,0.0,0.0
2022-01-15 19:00:01.506426,0.0,0.0,0.0
2022-01-15 19:00:02.004604,0.0,0.0,0.0
2022-01-15 19:00:03.008287,0.0,0.0,0.0
2022-01-15 19:00:03.501897,0.0,0.0,0.0
2022-01-15 19:00:04.002955,0.0,0.0,0.0
2022-01-15 19:00:04.508880,0.0,0.0,0.0
2022-01-15 19:00:05.010393,0.0,0.0,0.0
2022-01-15 19:00:05.505566,0.0,0.0,0.0
2022-01-15 19:00:06.002427,0.0,0.0,0.0
2022-01-15 19:00:06.508070,0.0,0.0,0.0
2022-01-15 19:00:07.005990,0.0,0.0,0.0
2022-01-15 19:00:07.511073,0.0,0.0,0.0
2022-01-15 19:00:08.010081,0.0,0.0,0.0
2022-01-15 19:00:08.503705,0.0,0.0,0.0
2022-01-15 19:00:09.001114,0.0,0.0,0.0
2022-01-15 19:00:09.507179,0.0,0.0,0.0
2022-01-15 19:00:10.007855,0.0,0.0,0.0
2022-01-15 19:00:10.504724,0.0,0.0,0.0
2022-01-15 19:00:11.003008,0.0,0.0,0.0
2022-01-15 19:00:11.508499,0.0,0.0,0.0
2022-01-15 19:00:12.006101,0.0,0.0,0.0
2022-01-15 19:00:12.501758,0.0,0.0,0.0
2022-01-15 19:00:13.009860,0.0,0.0,0.0
2022-01-15 19:00:13.505920,0.0,0.0,0.0
2022-01-15 19:00:14.005623,0.0,0.0,0.0
2022-01-15 19:00:14.510773,0.0,0.0,0.0
2022-01-15 19:00:15.009734,0.0,0.0,0.0
2022-01-15 19:00:15.504940,0.0,0.0,0.0
2022-01-15 19:00:16.001839,0.0,0.0,0.0
2022-01-15 19:00:16.507807,0.0,0.0,0.0
2022-01-15 19:00:17.005489,0.0,0.0,0.0
2022-01-15 19:00:17.511398,0.0,0.0,0.0
2022-01-15 19:00:18.009656,0.0,0.0,0.0
2022-01-15 19:00:18.505287,0.0,0.0,0.0
2022-01-15 19:00:19.004467,0.0,0.0,0.0
2022-01-15 19:00:19.510237,0.0,0.0,0.0
2022-01-15 19:00:20.007893,0.0,0.0,0.0
2022-01-15 19:00:20.503615,0.0,0.0,0.0
2022-01-15 19:00:21.001820,0.0,0.0,0.0
2022-01-15 19:00:21.507586,0.0,0.0,0.0
2022-01-15 19:00:22.006288,0.0,0.0,0.0
2022-01-15 19:00:22.511173,0.0,0.0,0.0
2022-01-15 19:00:23.009768,0.0,0.0,0.0
2022-01-15 19:00:23.505308,0.0,0.0,0.0
2022-01-15 19:00:24.004108,0.0,0.0,0.0
2022-01-15 19:00:24.509760,0.0,0.0,0.0
2022-01-15 19:00:25.009887,0.0,0.0,0.0
2022-01-15 19:00:25.505145,0.0,0.0,0.0
2022-01-15 19:00:26.004183,0.0,0.0,0.0
2022-01-15 19:00:26.510432,0.0,0.0,0.0
2022-01-15 19:00:27.009274,0.0,0.0,0.0
2022-01-15 19:00:27.507001,0.0,0.0,0.0
2022-01-15 19:00:28.008133,0.0,0.0,0.0
2022-01-15 19:00:28.504398,0.0,0.0,0.0
2022-01-15 19:00:29.003360,0.0,0.0,0.0
2022-01-15 19:00:29.508419,0.0,0.0,0.0
2022-01-15 19:00:30.005564,0.0,0.0,0.0
2022-01-15 19:00:30.501510,0.0,0.0,0.0
2022-01-15 19:00:31.010968,0.0,0.0,0.0
2022-01-15 19:00:31.506111,0.0,0.0,0.0
2022-01-15 19:00:32.004203,0.0,0.0,0.0
2022-01-15 19:00:32.508559,0.0,0.0,0.0
2022-01-15 19:00:33.006373,0.0,0.0,0.0
2022-01-15 19:00:33.502598,0.0,0.0,0.0
2022-01-15 19:00:34.010498,0.0,0.0,0.0
2022-01-15 19:00:34.504712,0.0,0.0,0.0
2022-01-15 19:00:35.002370,0.0,0.0,0.0
2022-01-15 19:00:35.508063,0.0,0.0,0.0
2022-01-15 19:00:36.005894,0.0,0.0,0.0
2022-01-15 19:00:36.501395,0.0,0.0,0.0
2022-01-15 19:00:37.010229,0.0,0.0,0.0
2022-01-15 19:00:37.505518,0.0,0.0,0.0
2022-01-15 19:00:38.002518,0.0,0.0,0.0
2022-01-15 19:00:38.507474,0.0,0.0,0.0
2022-01-15 19:00:39.005493,0.0,0.0,0.0
2022-01-15 19:00:39.501555,0.0,0.0,0.0
2022-01-15 19:00:40.010499,0.0,0.0,0.0
2022-01-15 19:00:40.508337,0.0,0.0,0.0
2022-01-15 19:00:41.005649,0.0,0.0,0.0
2022-01-15 19:00:41.510291,0.0,0.0,0.0
2022-01-15 19:00:42.007747,0.0,0.0,0.0
2022-01-15 19:00:42.502947,0.0,0.0,0.0
2022-01-15 19:00:43.011068,0.0,0.0,0.0
2022-01-15 19:00:43.506207,0.0,0.0,0.0
2022-01-15 19:00:44.006767,0.0,0.0,0.0
2022-01-15 19:00:44.501774,0.0,0.0,0.0
2022-01-15 19:00:45.011210,0.0,0.0,0.0
2022-01-15 19:00:45.506718,0.0,0.0,0.0
2022-01-15 19:00:46.004207,0.0,0.0,0.0
2022-01-15 19:00:46.509515,0.0,0.0,0.0
2022-01-15 19:00:47.007883,0.0,0.0,0.0
2022-01-15 19:00:47.504481,0.0,0.0,0.0
2022-01-15 19:00:48.001655,0.0,0.0,0.0
2022-01-15 19:00:48.506983,0.0,0.0,0.0
2022-01-15 19:00:49.006919,0.0,0.0,0.0
2022-01-15 19:00:49.501602,0.0,0.0,0.0
2022-01-15 19:00:50.001019,0.0,0.0,0.0
2022-01-15 19:00:50.506231,0.0,0.0,0.0
2022-01-15 19:00:51.005682,0.0,0.0,0.0
2022-01-15 19:00:51.501254,0.0,0.0,0.0
2022-01-15 19:00:52.010904,0.0,0.0,0.0
2022-01-15 19:00:52.505711,0.0,0.0,0.0
2022-01-15 19:00:53.004695,0.0,0.0,0.0
2022-01-15 19:00:53.509102,0.0,0.0,0.0
2022-01-15 19:00:54.008254,0.0,0.0,0.0
2022-01-15 19:00:54.505580,0.0,0.0,0.0
2022-01-15 19:00:55.004046,0.0,0.0,0.0
2022-01-15 19:00:56.004638,0.0,0.0,0.0
2022-01-15 19:00:56.501183,0.0,0.0,0.0
2022-01-15 19:00:57.009002,0.0,0.0,0.0
2022-01-15 19:00:57.503853,0.0,0.0,0.0
2022-01-15 19:00:58.001905,0.0,0.0,0.0
2022-01-15 19:00:58.508023,0.0,0.0,0.0
2022-01-15 19:00:59.005698,0.0,0.0,0.0
2022-01-15 19:00:59.510819,0.0,0.0,0.0
2022-01-15 19:01:00.007748,0.0,0.0,0.0
2022-01-15 19:01:00.509638,0.0,0.0,0.0
2022-01-15 19:01:01.009241,0.0,0.0,0.0
2022-01-15 19:01:01.504850,0.0,0.0,0.0
2022-01-15 19:01:02.002600,0.0,0.0,0.0
2022-01-15 19:01:02.508135,0.0,0.0,0.0
2022-01-15 19:01:03.005280,0.0,0.0,0.0
2022-01-15 19:01:03.509969,0.0,0.0,0.0
2022-01-15 19:01:04.007876,0.0,0.0,0.0
2022-01-15 19:01:04.509962,0.0,0.0,0.0
2022-01-15 19:01:05.009232,0.0,0.0,0.0
2022-01-15 19:01:05.506256,0.0,0.0,0.0
2022-01-15 19:01:06.003929,0.0,0.0,0.0
2022-01-15 19:01:06.508118,0.0,0.0,0.0
2022-01-15 19:01:07.006659,0.0,0.0,0.0
2022-01-15 19:01:07.502711,0.0,0.0,0.0
2022-01-15 19:01:08.010538,0.0,0.0,0.0
2022-01-15 19:01:08.506202,0.0,0.0,0.0
2022-01-15 19:01:09.003891,0.0,0.0,0.0
2022-01-15 19:01:09.509020,0.0,0.0,0.0
2022-01-15 19:01:10.006470,0.0,0.0,0.0
2022-01-15 19:01:10.501657,0.0,0.0,0.0
2022-01-15 19:01:11.009835,0.0,0.0,0.0
2022-01-15 19:01:11.504132,0.0,0.0,0.0
2022-01-15 19:01:12.001931,0.0,0.0,0.0
2022-01-15 19:01:12.507145,0.0,0.0,0.0
2022-01-15 19:01:13.004788,0.0,0.0,0.0
2022-01-15 19:01:13.510556,0.0,0.0,0.0
2022-01-15 19:01:14.009757,0.0,0.0,0.0
2022-01-15 19:01:14.506137,0.0,0.0,0.0
2022-01-15 19:01:15.005828,0.0,0.0,0.0
2022-01-15 19:01:15.501105,0.0,0.0,0.0
2022-01-15 19:01:16.010589,0.0,0.0,0.0
2022-01-15 19:01:16.506460,0.0,0.0,0.0
2022-01-15 19:01:17.004602,0.0,0.0,0.0
2022-01-15 19:01:17.509846,0.0,0.0,0.0
2022-01-15 19:01:18.009079,0.0,0.0,0.0
2022-01-15 19:01:18.503435,0.0,0.0,0.0
2022-01-15 19:01:19.011185,0.0,0.0,0.0
2022-01-15 19:01:19.506607,0.0,0.0,0.0
2022-01-15 19:01:20.004519,0.0,0.0,0.0
2022-01-15 19:01:20.510531,0.0,0.0,0.0
2022-01-15 19:01:21.008477,0.0,0.0,0.0
2022-01-15 19:01:21.504743,0.0,0.0,0.0
2022-01-15 19:01:22.001671,0.0,0.0,0.0
2022-01-15 19:01:22.506370,0.0,0.0,0.0
2022-01-15 19:01:23.004609,0.0,0.0,0.0
2022-01-15 19:01:23.510436,0.0,0.0,0.0
2022-01-15 19:01:24.008985,0.0,0.0,0.0
2022-01-15 19:01:24.505208,0.0,0.0,0.0
2022-01-15 19:01:25.002251,0.0,0.0,0.0
2022-01-15 19:01:25.506542,0.0,0.0,0.0
2022-01-15 19:01:26.004687,0.0,0.0,0.0
2022-01-15 19:01:26.509003,0.0,0.0,0.0
2022-01-15 19:01:27.005770,0.0,0.0,0.0
2022-01-15 19:01:27.511098,0.0,0.0,0.0
2022-01-15 19:01:28.008014,0.0,0.0,0.0
2022-01-15 19:01:28.504730,0.0,0.0,0.0
2022-01-15 19:01:29.002357,0.0,0.0,0.0
2022-01-15 19:01:29.509112,0.0,0.0,0.0
2022-01-15 19:01:30.007184,0.0,0.0,0.0
2022-01-15 19:01:30.502968,0.0,0.0,0.0
2022-01-15 19:01:31.001351,0.0,0.0,0.0
2022-01-15 19:01:31.501057,0.0,0.0,0.0
2022-01-15 19:01:32.009853,0.0,0.0,0.0
2022-01-15 19:01:32.504484,0.0,0.0,0.0
2022-01-15 19:01:33.002536,0.0,0.0,0.0
2022-01-15 19:01:33.507893,0.0,0.0,0.0
2022-01-15 19:01:34.005576,0.0,0.0,0.0
2022-01-15 19:01:34.509402,0.0,0.0,0.0
2022-01-15 19:01:35.010515,0.0,0.0,0.0
2022-01-15 19:01:35.505285,0.0,0.0,0.0
2022-01-15 19:01:36.003372,0.0,0.0,0.0
2022-01-15 19:01:36.509070,0.0,0.0,0.0
2022-01-15 19:01:37.006450,0.0,0.0,0.0
2022-01-15 19:01:37.501444,0.0,0.0,0.0
2022-01-15 19:01:38.008257,0.0,0.0,0.0
2022-01-15 19:01:38.504802,0.0,0.0,0.0
2022-01-15 19:01:39.002329,0.0,0.0,0.0
2022-01-15 19:01:39.504716,0.0,0.0,0.0
2022-01-15 19:01:40.001668,0.0,0.0,0.0
2022-01-15 19:01:40.507782,0.0,0.0,0.0
2022-01-15 19:01:41.006258,0.0,0.0,0.0
2022-01-15 19:01:41.510966,0.0,0.0,0.0
2022-01-15 19:01:42.007971,0.0,0.0,0.0
2022-01-15 19:01:42.503687,0.0,0.0,0.0
2022-01-15 19:01:43.001601,0.0,0.0,0.0
2022-01-15 19:01:43.508149,0.0,0.0,0.0
2022-01-15 19:01:44.005423,0.0,0.0,0.0
2022-01-15 19:01:44.509977,0.0,0.0,0.0
2022-01-15 19:01:45.010329,0.0,0.0,0.0
2022-01-15 19:01:45.505238,0.0,0.0,0.0
2022-01-15 19:01:46.003797,0.0,0.0,0.0
2022-01-15 19:01:46.509619,0.0,0.0,0.0
2022-01-15 19:01:47.007461,0.0,0.0,0.0
2022-01-15 19:01:47.503805,0.0,0.0,0.0
2022-01-15 19:01:48.010741,0.0,0.0,0.0
2022-01-15 19:01:48.505644,0.0,0.0,0.0
2022-01-15 19:01:49.004906,0.0,0.0,0.0
2022-01-15 19:01:49.502819,0.0,0.0,0.0
2022-01-15 19:01:50.000971,0.0,0.0,0.0
2022-01-15 19:01:50.505877,0.0,0.0,0.0
2022-01-15 19:01:51.003892,0.0,0.0,0.0
2022-01-15 19:01:51.508064,0.0,0.0,0.0
2022-01-15 19:01:52.005531,0.0,0.0,0.0
2022-01-15 19:01:52.501600,0.0,0.0,0.0
2022-01-15 19:01:53.001148,0.0,0.0,0.0
2022-01-15 19:01:53.507471,0.0,0.0,0.0
2022-01-15 19:01:54.005738,0.0,0.0,0.0
2022-01-15 19:01:54.510909,0.0,0.0,0.0
2022-01-15 19:01:55.009998,0.0,0.0,0.0
2022-01-15 19:01:55.505021,0.0,0.0,0.0
2022-01-15 19:01:56.002218,0.0,0.0,0.0
2022-01-15 19:01:56.510736,0.0,0.0,0.0
2022-01-15 19:01:57.009287,0.0,0.0,0.0
2022-01-15 19:01:57.502894,0.0,0.0,0.0
2022-01-15 19:01:58.001223,0.0,0.0,0.0
2022-01-15 19:01:58.505762,0.0,0.0,0.0
2022-01-15 19:01:59.003524,0.0,0.0,0.0
2022-01-15 19:01:59.507683,0.0,0.0,0.0
2022-01-15 19:02:00.005436,0.0,0.0,0.0
2022-01-15 19:02:00.509041,0.0,0.0,0.0
2022-01-15 19:02:01.006260,0.0,0.0,0.0
2022-01-15 19:02:01.501107,0.0,0.0,0.0
2022-01-15 19:02:02.009553,0.0,0.0,0.0
2022-01-15 19:02:02.505033,0.0,0.0,0.0
2022-01-15 19:02:03.004204,0.0,0.0,0.0
2022-01-15 19:02:03.509817,0.0,0.0,0.0
2022-01-15 19:02:04.009141,0.0,0.0,0.0
2022-01-15 19:02:04.504760,0.0,0.0,0.0
2022-01-15 19:02:05.003650,0.0,0.0,0.0
2022-01-15 19:02:05.507850,0.0,0.0,0.0
2022-01-15 19:02:06.005923,0.0,0.0,0.0
2022-01-15 19:02:06.501367,0.0,0.0,0.0
2022-01-15 19:02:07.010820,0.0,0.0,0.0
2022-01-15 19:02:07.505556,0.0,0.0,0.0
2022-01-15 19:02:08.003572,0.0,0.0,0.0
2022-01-15 19:02:08.508118,0.0,0.0,0.0
2022-01-15 19:02:09.006175,0.0,0.0,0.0
2022-01-15 19:02:09.502205,0.0,0.0,0.0
2022-01-15 19:02:10.010796,0.0,0.0,0.0
2022-01-15 19:02:10.506204,0.0,0.0,0.0
2022-01-15 19:02:11.004493,0.0,0.0,0.0
2022-01-15 19:02:11.510082,0.0,0.0,0.0
2022-01-15 19:02:12.007357,0.0,0.0,0.0
2022-01-15 19:02:12.501913,0.0,0.0,0.0
2022-01-15 19:02:13.001160,0.0,0.0,0.0
2022-01-15 19:02:13.507899,0.0,0.0,0.0
2022-01-15 19:02:14.005236,0.0,0.0,0.0
2022-01-15 19:02:14.509087,0.0,0.0,0.0
2022-01-15 19:02:15.006960,0.0,0.0,0.0
2022-01-15 19:02:15.502376,0.0,0.0,0.0
2022-01-15 19:02:16.001733,0.0,0.0,0.0
2022-01-15 19:02:16.510879,0.0,0.0,0.0
2022-01-15 19:02:17.008341,0.0,0.0,0.0
2022-01-15 19:02:17.502262,0.0,0.0,0.0
2022-01-15 19:02:18.001257,0.0,0.0,0.0
2022-01-15 19:02:18.506906,0.0,0.0,0.0
2022-01-15 19:02:19.005395,0.0,0.0,0.0
2022-01-15 19:02:19.509780,0.0,0.0,0.0
2022-01-15 19:02:20.002139,0.0,0.0,0.0
2022-01-15 19:02:20.508502,0.0,0.0,0.0
2022-01-15 19:02:21.005744,0.0,0.0,0.0
2022-01-15 19:02:21.509060,0.0,0.0,0.0
2022-01-15 19:02:22.006571,0.0,0.0,0.0
2022-01-15 19:02:22.501901,0.0,0.0,0.0
2022-01-15 19:02:23.001168,0.0,0.0,0.0
2022-01-15 19:02:23.506733,0.0,0.0,0.0
2022-01-15 19:02:24.004175,0.0,0.0,0.0
2022-01-15 19:02:24.509575,0.0,0.0,0.0
2022-01-15 19:02:25.008315,0.0,0.0,0.0
2022-01-15 19:02:25.502634,0.0,0.0,0.0
2022-01-15 19:02:26.010421,0.0,0.0,0.0
2022-01-15 19:02:26.505151,0.0,0.0,0.0
2022-01-15 19:02:27.004624,0.0,0.0,0.0
2022-01-15 19:02:27.509467,0.0,0.0,0.0
2022-01-15 19:02:28.007696,0.0,0.0,0.0
2022-01-15 19:02:28.501659,0.0,0.0,0.0
2022-01-15 19:02:29.008671,0.0,0.0,0.0
2022-01-15 19:02:29.504876,0.0,0.0,0.0
2022-01-15 19:02:30.003811,0.0,0.0,0.0
2022-01-15 19:02:30.510196,0.0,0.0,0.0
2022-01-15 19:02:31.007350,0.0,0.0,0.0
2022-01-15 19:02:31.501758,0.0,0.0,0.0
2022-01-15 19:02:32.011169,0.0,0.0,0.0
2022-01-15 19:02:32.506041,0.0,0.0,0.0
2022-01-15 19:02:33.006739,0.0,0.0,0.0
2022-01-15 19:02:33.503820,0.0,0.0,0.0
2022-01-15 19:02:34.002931,0.0,0.0,0.0
2022-01-15 19:02:34.508420,0.0,0.0,0.0
2022-01-15 19:02:35.006644,0.0,0.0,0.0
2022-01-15 19:02:35.510792,0.0,0.0,0.0
2022-01-15 19:02:36.011076,0.0,0.0,0.0
2022-01-15 19:02:36.506722,0.0,0.0,0.0
2022-01-15 19:02:37.006567,0.0,0.0,0.0
2022-01-15 19:02:37.510841,0.0,0.0,0.0
2022-01-15 19:02:38.008704,0.0,0.0,0.0
2022-01-15 19:02:38.503251,0.0,0.0,0.0
2022-01-15 19:02:39.001695,0.0,0.0,0.0
2022-01-15 19:02:39.507069,0.0,0.0,0.0
2022-01-15 19:02:40.005004,0.0,0.0,0.0
2022-01-15 19:02:40.510337,0.0,0.0,0.0
2022-01-15 19:02:41.007033,0.0,0.0,0.0
2022-01-15 19:02:41.501856,0.0,0.0,0.0
2022-01-15 19:02:42.010974,0.0,0.0,0.0
2022-01-15 19:02:42.505233,0.0,0.0,0.0
2022-01-15 19:02:43.003350,0.0,0.0,0.0
2022-01-15 19:02:43.508994,0.0,0.0,0.0
2022-01-15 19:02:44.007429,0.0,0.0,0.0
2022-01-15 19:02:44.501978,0.0,0.0,0.0
2022-01-15 19:02:45.011212,0.0,0.0,0.0
2022-01-15 19:02:45.505609,0.0,0.0,0.0
2022-01-15 19:02:46.002454,0.0,0.0,0.0
2022-01-15 19:02:46.507993,0.0,0.0,0.0
2022-01-15 19:02:47.005769,0.0,0.0,0.0
2022-01-15 19:02:47.505087,0.0,0.0,0.0
2022-01-15 19:02:48.003483,0.0,0.0,0.0
2022-01-15 19:02:48.508734,0.0,0.0,0.0
2022-01-15 19:02:49.007645,0.0,0.0,0.0
2022-01-15 19:02:49.503308,0.0,0.0,0.0
2022-01-15 19:02:50.010828,0.0,0.0,0.0
2022-01-15 19:02:50.507114,0.0,0.0,0.0
2022-01-15 19:02:51.006485,0.0,0.0,0.0
2022-01-15 19:02:51.501204,0.0,0.0,0.0
2022-01-15 19:02:52.008779,0.0,0.0,0.0
2022-01-15 19:02:52.503488,0.0,0.0,0.0
2022-01-15 19:02:53.001301,0.0,0.0,0.0
2022-01-15 19:02:53.507365,0.0,0.0,0.0
2022-01-15 19:02:54.005473,0.0,0.0,0.0
2022-01-15 19:02:54.509287,0.0,0.0,0.0
2022-01-15 19:02:55.008344,0.0,0.0,0.0
2022-01-15 19:02:55.505072,0.0,0.0,0.0
2022-01-15 19:02:56.003221,0.0,0.0,0.0
2022-01-15 19:02:56.509124,0.0,0.0,0.0
2022-01-15 19:02:57.006919,0.0,0.0,0.0
2022-01-15 19:02:57.501780,0.0,0.0,0.0
2022-01-15 19:02:58.011067,0.0,0.0,0.0
2022-01-15 19:02:58.506574,0.0,0.0,0.0
2022-01-15 19:02:59.006080,0.0,0.0,0.0
2022-01-15 19:02:59.501177,0.0,0.0,0.0
2022-01-15 19:03:00.009767,0.0,0.0,0.0
2022-01-15 19:03:00.507240,0.0,0.0,0.0
2022-01-15 19:03:01.005557,0.0,0.0,0.0
2022-01-15 19:03:01.509611,0.0,0.0,0.0
2022-01-15 19:03:02.008547,0.0,0.0,0.0
2022-01-15 19:03:02.502720,0.0,0.0,0.0
2022-01-15 19:03:03.001676,0.0,0.0,0.0
2022-01-15 19:03:03.509927,0.0,0.0,0.0
2022-01-15 19:03:04.007613,0.0,0.0,0.0
2022-01-15 19:03:04.502894,0.0,0.0,0.0
2022-01-15 19:03:05.001237,0.0,0.0,0.0
2022-01-15 19:03:05.505839,0.0,0.0,0.0
2022-01-15 19:03:06.004659,0.0,0.0,0.0
2022-01-15 19:03:06.509884,0.0,0.0,0.0
2022-01-15 19:03:07.010185,0.0,0.0,0.0
2022-01-15 19:03:07.505018,0.0,0.0,0.0
2022-01-15 19:03:08.002187,0.0,0.0,0.0
2022-01-15 19:03:08.502325,0.0,0.0,0.0
2022-01-15 19:03:09.010181,0.0,0.0,0.0
2022-01-15 19:03:09.506096,0.0,0.0,0.0
2022-01-15 19:03:10.002689,0.0,0.0,0.0
2022-01-15 19:03:10.509022,0.0,0.0,0.0
2022-01-15 19:03:11.006663,0.0,0.0,0.0
2022-01-15 19:03:11.501098,0.0,0.0,0.0
2022-01-15 19:03:12.009619,0.0,0.0,0.0
2022-01-15 19:03:12.506314,0.0,0.0,0.0
2022-01-15 19:03:13.004810,0.0,0.0,0.0
2022-01-15 19:03:13.509455,0.0,0.0,0.0
2022-01-15 19:03:14.009603,0.0,0.0,0.0
2022-01-15 19:03:14.504354,0.0,0.0,0.0
2022-01-15 19:03:15.002268,0.0,0.0,0.0
2022-01-15 19:03:15.506856,0.0,0.0,0.0
2022-01-15 19:03:16.005459,0.0,0.0,0.0
2022-01-15 19:03:16.503076,0.0,0.0,0.0
2022-01-15 19:03:17.002247,0.0,0.0,0.0
2022-01-15 19:03:17.507756,0.0,0.0,0.0
2022-01-15 19:03:18.005812,0.0,0.0,0.0
2022-01-15 19:03:18.501857,0.0,0.0,0.0
2022-01-15 19:03:19.010605,0.0,0.0,0.0
2022-01-15 19:03:19.505471,0.0,0.0,0.0
2022-01-15 19:03:20.004317,0.0,0.0,0.0
2022-01-15 19:03:20.503624,0.0,0.0,0.0
2022-01-15 19:03:21.001663,0.0,0.0,0.0
2022-01-15 19:03:21.507819,0.0,0.0,0.0
2022-01-15 19:03:22.006447,0.0,0.0,0.0
2022-01-15 19:03:22.511065,0.0,0.0,0.0
2022-01-15 19:03:23.008260,0.0,0.0,0.0
2022-01-15 19:03:23.503455,0.0,0.0,0.0
2022-01-15 19:03:24.001456,0.0,0.0,0.0
2022-01-15 19:03:24.506558,0.0,0.0,0.0
2022-01-15 19:03:25.004751,0.0,0.0,0.0
2022-01-15 19:03:25.509545,0.0,0.0,0.0
2022-01-15 19:03:26.008342,0.0,0.0,0.0
2022-01-15 19:03:26.503537,0.0,0.0,0.0
2022-01-15 19:03:27.001083,0.0,0.0,0.0
2022-01-15 19:03:27.508870,0.0,0.0,0.0
2022-01-15 19:03:28.006978,0.0,0.0,0.0
2022-01-15 19:03:28.502707,0.0,0.0,0.0
2022-01-15 19:03:29.002434,0.0,0.0,0.0
2022-01-15 19:03:29.501135,0.0,0.0,0.0
2022-01-15 19:03:30.008078,0.0,0.0,0.0
2022-01-15 19:03:30.501958,0.0,0.0,0.0
2022-01-15 19:03:31.002342,0.0,0.0,0.0
2022-01-15 19:03:31.508730,0.0,0.0,0.0
2022-01-15 19:03:32.007849,0.0,0.0,0.0
2022-01-15 19:03:32.502960,0.0,0.0,0.0
2022-01-15 19:03:33.010530,0.0,0.0,0.0
2022-01-15 19:03:33.505412,0.0,0.0,0.0
2022-01-15 19:03:34.005813,0.0,0.0,0.0
2022-01-15 19:03:34.502120,0.0,0.0,0.0
2022-01-15 19:03:35.010036,0.0,0.0,0.0
2022-01-15 19:03:35.507067,0.0,0.0,0.0
2022-01-15 19:03:36.004589,0.0,0.0,0.0
2022-01-15 19:03:36.510137,0.0,0.0,0.0
2022-01-15 19:03:37.008636,0.0,0.0,0.0
2022-01-15 19:03:37.505242,0.0,0.0,0.0
2022-01-15 19:03:38.003962,0.0,0.0,0.0
2022-01-15 19:03:38.510898,0.0,0.0,0.0
2022-01-15 19:03:39.008317,0.0,0.0,0.0
2022-01-15 19:03:39.503416,0.0,0.0,0.0
2022-01-15 19:03:40.001196,0.0,0.0,0.0
2022-01-15 19:03:40.506871,0.0,0.0,0.0
2022-01-15 19:03:41.005787,0.0,0.0,0.0
2022-01-15 19:03:41.510209,0.0,0.0,0.0
2022-01-15 19:03:42.008989,0.0,0.0,0.0
2022-01-15 19:03:42.503062,0.0,0.0,0.0
2022-01-15 19:03:43.011060,0.0,0.0,0.0
2022-01-15 19:03:43.506357,0.0,0.0,0.0
2022-01-15 19:03:44.004469,0.0,0.0,0.0
2022-01-15 19:03:44.501342,0.0,0.0,0.0
2022-01-15 19:03:45.009827,0.0,0.0,0.0
2022-01-15 19:03:45.504737,0.0,0.0,0.0
2022-01-15 19:03:46.005320,0.0,0.0,0.0
2022-01-15 19:03:46.509692,0.0,0.0,0.0
2022-01-15 19:03:47.008518,0.0,0.0,0.0
2022-01-15 19:03:47.504558,0.0,0.0,0.0
2022-01-15 19:03:48.003561,0.0,0.0,0.0
2022-01-15 19:03:48.508327,0.0,0.0,0.0
2022-01-15 19:03:49.005700,0.0,0.0,0.0
2022-01-15 19:03:50.004660,0.0,0.0,0.0
2022-01-15 19:03:50.509743,0.0,0.0,0.0
2022-01-15 19:03:51.008396,0.0,0.0,0.0
2022-01-15 19:03:51.505518,0.0,0.0,0.0
2022-01-15 19:03:52.002294,0.0,0.0,0.0
2022-01-15 19:03:52.507398,0.0,0.0,0.0
2022-01-15 19:03:53.005499,0.0,0.0,0.0
2022-01-15 19:03:53.502403,0.0,0.0,0.0
2022-01-15 19:03:54.001745,0.0,0.0,0.0
2022-01-15 19:03:54.507429,0.0,0.0,0.0
2022-01-15 19:03:55.009058,0.0,0.0,0.0
2022-01-15 19:03:55.503563,0.0,0.0,0.0
2022-01-15 19:03:56.003028,0.0,0.0,0.0
2022-01-15 19:03:56.508015,0.0,0.0,0.0
2022-01-15 19:03:57.005762,0.0,0.0,0.0
2022-01-15 19:03:57.501644,0.0,0.0,0.0
2022-01-15 19:03:58.010929,0.0,0.0,0.0
2022-01-15 19:03:58.505866,0.0,0.0,0.0
2022-01-15 19:03:59.004650,0.0,0.0,0.0
2022-01-15 19:03:59.501137,0.0,0.0,0.0
2022-01-15 19:04:00.009670,0.0,0.0,0.0
2022-01-15 19:04:00.504070,0.0,0.0,0.0
2022-01-15 19:04:01.001576,0.0,0.0,0.0
2022-01-15 19:04:01.507311,0.0,0.0,0.0
2022-01-15 19:04:02.007431,0.0,0.0,0.0
2022-01-15 19:04:02.502644,0.0,0.0,0.0
2022-01-15 19:04:03.010936,0.0,0.0,0.0
2022-01-15 19:04:03.505831,0.0,0.0,0.0
2022-01-15 19:04:04.005356,0.0,0.0,0.0
2022-01-15 19:04:04.510234,0.0,0.0,0.0
2022-01-15 19:04:05.010028,0.0,0.0,0.0
2022-01-15 19:04:05.505208,0.0,0.0,0.0
2022-01-15 19:04:06.002528,0.0,0.0,0.0
2022-01-15 19:04:06.507142,0.0,0.0,0.0
2022-01-15 19:04:07.005518,0.0,0.0,0.0
2022-01-15 19:04:07.510568,0.0,0.0,0.0
2022-01-15 19:04:08.008151,0.0,0.0,0.0
2022-01-15 19:04:08.502080,0.0,0.0,0.0
2022-01-15 19:04:09.001287,0.0,0.0,0.0
2022-01-15 19:04:09.506920,0.0,0.0,0.0
2022-01-15 19:04:10.004110,0.0,0.0,0.0
2022-01-15 19:04:10.508943,0.0,0.0,0.0
2022-01-15 19:04:11.005045,0.0,0.0,0.0
2022-01-15 19:04:11.501069,0.0,0.0,0.0
2022-01-15 19:04:12.010060,0.0,0.0,0.0
2022-01-15 19:04:12.505183,0.0,0.0,0.0
2022-01-15 19:04:13.003731,0.0,0.0,0.0
2022-01-15 19:04:13.509656,0.0,0.0,0.0
2022-01-15 19:04:14.008135,0.0,0.0,0.0
2022-01-15 19:04:14.502378,0.0,0.0,0.0
2022-01-15 19:04:15.002712,0.0,0.0,0.0
2022-01-15 19:04:15.508296,0.0,0.0,0.0
2022-01-15 19:04:16.005618,0.0,0.0,0.0
2022-01-15 19:04:16.508951,0.0,0.0,0.0
2022-01-15 19:04:17.007404,0.0,0.0,0.0
2022-01-15 19:04:17.501513,0.0,0.0,0.0
2022-01-15 19:04:18.008725,0.0,0.0,0.0
2022-01-15 19:04:18.506357,0.0,0.0,0.0
2022-01-15 19:04:19.005149,0.0,0.0,0.0
2022-01-15 19:04:19.510558,0.0,0.0,0.0
2022-01-15 19:04:20.009485,0.0,0.0,0.0
2022-01-15 19:04:20.507432,0.0,0.0,0.0
2022-01-15 19:04:21.005412,0.0,0.0,0.0
2022-01-15 19:04:21.502243,0.0,0.0,0.0
2022-01-15 19:04:22.010311,0.0,0.0,0.0
2022-01-15 19:04:22.504731,0.0,0.0,0.0
2022-01-15 19:04:23.001259,0.0,0.0,0.0
2022-01-15 19:04:23.507050,0.0,0.0,0.0
2022-01-15 19:04:24.005315,0.0,0.0,0.0
2022-01-15 19:04:24.510303,0.0,0.0,0.0
2022-01-15 19:04:25.008755,0.0,0.0,0.0
2022-01-15 19:04:25.503164,0.0,0.0,0.0
2022-01-15 19:04:26.002134,0.0,0.0,0.0
2022-01-15 19:04:26.507446,0.0,0.0,0.0
2022-01-15 19:04:27.005648,0.0,0.0,0.0
2022-01-15 19:04:27.510356,0.0,0.0,0.0
2022-01-15 19:04:28.009238,0.0,0.0,0.0
2022-01-15 19:04:28.506233,0.0,0.0,0.0
2022-01-15 19:04:29.005212,0.0,0.0,0.0
2022-01-15 19:04:29.510144,0.0,0.0,0.0
2022-01-15 19:04:30.008678,0.0,0.0,0.0
2022-01-15 19:04:30.503746,0.0,0.0,0.0
2022-01-15 19:04:31.001518,0.0,0.0,0.0
2022-01-15 19:04:31.507069,0.0,0.0,0.0
2022-01-15 19:04:32.006379,0.0,0.0,0.0
2022-01-15 19:04:32.510416,0.0,0.0,0.0
2022-01-15 19:04:33.008918,0.0,0.0,0.0
2022-01-15 19:04:33.502898,0.0,0.0,0.0
2022-01-15 19:04:34.010592,0.0,0.0,0.0
2022-01-15 19:04:34.506078,0.0,0.0,0.0
2022-01-15 19:04:35.001811,0.0,0.0,0.0
2022-01-15 19:04:35.509596,0.0,0.0,0.0
2022-01-15 19:04:36.007000,0.0,0.0,0.0
2022-01-15 19:04:36.501638,0.0,0.0,0.0
2022-01-15 19:04:37.010899,0.0,0.0,0.0
2022-01-15 19:04:37.505639,0.0,0.0,0.0
2022-01-15 19:04:38.005897,0.0,0.0,0.0
2022-01-15 19:04:38.502959,0.0,0.0,0.0
2022-01-15 19:04:39.001660,0.0,0.0,0.0
2022-01-15 19:04:39.507581,0.0,0.0,0.0
2022-01-15 19:04:40.001598,0.0,0.0,0.0
2022-01-15 19:04:40.506457,0.0,0.0,0.0
2022-01-15 19:04:41.003492,0.0,0.0,0.0
2022-01-15 19:04:41.509132,0.0,0.0,0.0
2022-01-15 19:04:42.006799,0.0,0.0,0.0
2022-01-15 19:04:42.501645,0.0,0.0,0.0
2022-01-15 19:04:43.009921,0.0,0.0,0.0
2022-01-15 19:04:43.503512,0.0,0.0,0.0
2022-01-15 19:04:44.002415,0.0,0.0,0.0
2022-01-15 19:04:44.507226,0.0,0.0,0.0
2022-01-15 19:04:45.004804,0.0,0.0,0.0
2022-01-15 19:04:45.500997,0.0,0.0,0.0
2022-01-15 19:04:46.009769,0.0,0.0,0.0
2022-01-15 19:04:46.504371,0.0,0.0,0.0
2022-01-15 19:04:47.001739,0.0,0.0,0.0
2022-01-15 19:04:47.506773,0.0,0.0,0.0
2022-01-15 19:04:48.004916,0.0,0.0,0.0
2022-01-15 19:04:48.511036,0.0,0.0,0.0
2022-01-15 19:04:49.007887,0.0,0.0,0.0
2022-01-15 19:04:49.503134,0.0,0.0,0.0
2022-01-15 19:04:50.001173,0.0,0.0,0.0
2022-01-15 19:04:50.506253,0.0,0.0,0.0
2022-01-15 19:04:51.005843,0.0,0.0,0.0
2022-01-15 19:04:51.510967,0.0,0.0,0.0
2022-01-15 19:04:52.008926,0.0,0.0,0.0
2022-01-15 19:04:52.505364,0.0,0.0,0.0
2022-01-15 19:04:53.003608,0.0,0.0,0.0
2022-01-15 19:04:53.508898,0.0,0.0,0.0
2022-01-15 19:04:54.006237,0.0,0.0,0.0
2022-01-15 19:04:54.502353,0.0,0.0,0.0
2022-01-15 19:04:55.010660,0.0,0.0,0.0
2022-01-15 19:04:55.506393,0.0,0.0,0.0
2022-01-15 19:04:56.006110,0.0,0.0,0.0
2022-01-15 19:04:56.511152,0.0,0.0,0.0
2022-01-15 19:04:57.008971,0.0,0.0,0.0
2022-01-15 19:04:57.503628,0.0,0.0,0.0
2022-01-15 19:04:58.001157,0.0,0.0,0.0
2022-01-15 19:04:58.505693,0.0,0.0,0.0
2022-01-15 19:04:59.002846,0.0,0.0,0.0
2022-01-15 19:04:59.508748,0.0,0.0,0.0
2022-01-15 19:05:00.003208,0.0,0.0,0.0
2022-01-15 19:05:00.509776,0.0,0.0,0.0
2022-01-15 19:05:01.008815,0.0,0.0,0.0
2022-01-15 19:05:01.504655,0.0,0.0,0.0
2022-01-15 19:05:02.004355,0.0,0.0,0.0
2022-01-15 19:05:02.501240,0.0,0.0,0.0
2022-01-15 19:05:03.008664,0.0,0.0,0.0
2022-01-15 19:05:03.503298,0.0,0.0,0.0
2022-01-15 19:05:04.001698,0.0,0.0,0.0
2022-01-15 19:05:04.505581,0.0,0.0,0.0
2022-01-15 19:05:05.005650,0.0,0.0,0.0
2022-01-15 19:05:05.501218,0.0,0.0,0.0
2022-01-15 19:05:06.008738,0.0,0.0,0.0
2022-01-15 19:05:06.504908,0.0,0.0,0.0
2022-01-15 19:05:07.003521,0.0,0.0,0.0
2022-01-15 19:05:07.508532,0.0,0.0,0.0
2022-01-15 19:05:08.007096,0.0,0.0,0.0
2022-01-15 19:05:08.504267,0.0,0.0,0.0
2022-01-15 19:05:09.001143,0.0,0.0,0.0
2022-01-15 19:05:09.503698,0.0,0.0,0.0
2022-01-15 19:05:10.001742,0.0,0.0,0.0
2022-01-15 19:05:10.504849,0.0,0.0,0.0
2022-01-15 19:05:11.002026,0.0,0.0,0.0
2022-01-15 19:05:11.507760,0.0,0.0,0.0
2022-01-15 19:05:12.006398,0.0,0.0,0.0
2022-01-15 19:05:12.501572,0.0,0.0,0.0
2022-01-15 19:05:13.010204,0.0,0.0,0.0
2022-01-15 19:05:13.506755,0.0,0.0,0.0
2022-01-15 19:05:14.005532,0.0,0.0,0.0
2022-01-15 19:05:14.501209,0.0,0.0,0.0
2022-01-15 19:05:15.010867,0.0,0.0,0.0
2022-01-15 19:05:15.505378,0.0,0.0,0.0
2022-01-15 19:05:16.003280,0.0,0.0,0.0
2022-01-15 19:05:16.509113,0.0,0.0,0.0
2022-01-15 19:05:17.006761,0.0,0.0,0.0
2022-01-15 19:05:17.503039,0.0,0.0,0.0
2022-01-15 19:05:18.001259,0.0,0.0,0.0
2022-01-15 19:05:18.507708,0.0,0.0,0.0
2022-01-15 19:05:19.004160,0.0,0.0,0.0
2022-01-15 19:05:19.509183,0.0,0.0,0.0
2022-01-15 19:05:20.007610,0.0,0.0,0.0
2022-01-15 19:05:21.004872,0.0,0.0,0.0
2022-01-15 19:05:21.510185,0.0,0.0,0.0
2022-01-15 19:05:22.008130,0.0,0.0,0.0
2022-01-15 19:05:22.502961,0.0,0.0,0.0
2022-01-15 19:05:23.505021,0.0,0.0,0.0
2022-01-15 19:05:24.003287,0.0,0.0,0.0
2022-01-15 19:05:24.509688,0.0,0.0,0.0
2022-01-15 19:05:25.009691,0.0,0.0,0.0
2022-01-15 19:05:25.505192,0.0,0.0,0.0
2022-01-15 19:05:26.003840,0.0,0.0,0.0
2022-01-15 19:05:26.507640,0.0,0.0,0.0
2022-01-15 19:05:27.005681,0.0,0.0,0.0
2022-01-15 19:05:27.502294,0.0,0.0,0.0
2022-01-15 19:05:28.001443,0.0,0.0,0.0
2022-01-15 19:05:28.506375,0.05074,0.0,0.0
2022-01-15 19:05:29.003701,0.0,0.0,0.0
2022-01-15 19:05:29.508941,0.0,0.0,0.0
2022-01-15 19:05:30.005038,0.0,0.0,0.0
2022-01-15 19:05:30.501304,0.0,0.0,0.0
2022-01-15 19:05:31.002717,0.0,0.0,0.0
2022-01-15 19:05:31.508428,0.0,0.0,0.0
2022-01-15 19:05:32.005859,0.0,0.0,0.0
2022-01-15 19:05:32.509817,0.0,0.0,0.0
2022-01-15 19:05:33.008179,0.0,0.0,0.0
2022-01-15 19:05:33.502980,0.0,0.0,0.0
2022-01-15 19:05:34.010151,0.0,0.0,0.0
2022-01-15 19:05:34.505460,0.0,0.0,0.0
2022-01-15 19:05:35.004286,0.0,0.0,0.0
2022-01-15 19:05:35.510215,0.0,0.0,0.0
2022-01-15 19:05:36.008818,0.0,0.0,0.0
2022-01-15 19:05:36.503427,0.0,0.0,0.0
2022-01-15 19:05:37.002226,0.0,0.0,0.0
2022-01-15 19:05:37.507644,0.0,0.0,0.0
2022-01-15 19:05:38.005604,0.0,0.0,0.0
2022-01-15 19:05:38.510811,0.0,0.0,0.0
2022-01-15 19:05:39.008312,0.0,0.0,0.0
2022-01-15 19:05:39.503111,0.0,0.0,0.0
2022-01-15 19:05:40.504525,0.0,0.0,0.0
2022-01-15 19:05:41.001156,0.0,0.0,0.0
2022-01-15 19:05:41.509551,0.0,0.0,0.0
2022-01-15 19:05:42.007436,0.0,0.0,0.0
2022-01-15 19:05:42.501622,0.0,0.0,0.0
2022-01-15 19:05:43.010365,0.0,0.0,0.0
2022-01-15 19:05:43.505135,0.0,0.0,0.0
2022-01-15 19:05:44.004380,0.0,0.0,0.0
2022-01-15 19:05:44.510179,0.0,0.0,0.0
2022-01-15 19:05:45.008932,0.0,0.0,0.0
2022-01-15 19:05:45.502933,0.0,0.0,0.0
2022-01-15 19:05:46.504606,0.0,0.0,0.0
2022-01-15 19:05:47.002326,0.0,0.0,0.0
2022-01-15 19:05:47.510110,0.0,0.0,0.0
2022-01-15 19:05:48.010701,0.0,0.0,0.0
2022-01-15 19:05:48.504898,0.0,0.0,0.0
2022-01-15 19:05:49.003548,0.0,0.0,0.0
2022-01-15 19:05:49.509616,0.0,0.0,0.0
2022-01-15 19:05:50.008422,0.0,0.0,0.0
2022-01-15 19:05:50.504193,0.0,0.0,0.0
2022-01-15 19:05:51.001685,0.0,0.0,0.0
2022-01-15 19:05:51.508905,0.0,0.0,0.0
2022-01-15 19:05:52.006520,0.0,0.0,0.0
2022-01-15 19:05:52.504204,0.0,0.0,0.0
2022-01-15 19:05:53.002237,0.0,0.0,0.0
2022-01-15 19:05:53.508047,0.0,0.0,0.0
2022-01-15 19:05:54.006331,0.0,0.0,0.0
2022-01-15 19:05:54.510509,0.0,0.0,0.0
2022-01-15 19:05:55.009880,0.0,0.0,0.0
2022-01-15 19:05:55.506128,0.0,0.0,0.0
2022-01-15 19:05:56.005438,0.0,0.0,0.0
2022-01-15 19:05:56.510898,0.0,0.0,0.0
2022-01-15 19:05:57.008294,0.0,0.0,0.0
2022-01-15 19:05:57.504071,0.0,0.0,0.0
2022-01-15 19:05:58.001679,0.0,0.0,0.0
2022-01-15 19:05:58.507858,0.0,0.0,0.0
2022-01-15 19:05:59.006560,0.0,0.0,0.0
2022-01-15 19:05:59.510867,0.0,0.0,0.0
2022-01-15 19:06:00.008698,0.0,0.0,0.0
2022-01-15 19:06:00.501189,0.0,0.0,0.0
2022-01-15 19:06:01.008999,0.0,0.0,0.0
2022-01-15 19:06:01.504797,0.0,0.0,0.0
2022-01-15 19:06:02.003539,0.0,0.0,0.0
2022-01-15 19:06:02.508476,0.0,0.0,0.0
2022-01-15 19:06:03.006193,0.0,0.0,0.0
2022-01-15 19:06:03.501218,0.0,0.0,0.0
2022-01-15 19:06:04.001479,0.0,0.0,0.0
2022-01-15 19:06:04.507462,0.0,0.0,0.0
2022-01-15 19:06:05.006320,0.0,0.0,0.0
2022-01-15 19:06:05.502816,0.0,0.0,0.0
2022-01-15 19:06:06.002875,0.0,0.0,0.0
2022-01-15 19:06:06.507670,0.0,0.0,0.0
2022-01-15 19:06:07.006090,0.0,0.0,0.0
2022-01-15 19:06:07.511168,0.0,0.0,0.0
2022-01-15 19:06:08.010112,0.0,0.0,0.0
2022-01-15 19:06:08.505788,0.0,0.0,0.0
2022-01-15 19:06:09.007675,0.0,0.0,0.0
2022-01-15 19:06:09.502642,0.0,0.0,0.0
2022-01-15 19:06:10.009624,0.0,0.0,0.0
2022-01-15 19:06:10.504741,0.0,0.0,0.0
2022-01-15 19:06:11.002132,0.0,0.0,0.0
2022-01-15 19:06:11.508001,0.0,0.0,0.0
2022-01-15 19:06:12.007005,0.0,0.0,0.0
2022-01-15 19:06:12.501795,0.0,0.0,0.0
2022-01-15 19:06:13.010481,0.0,0.0,0.0
2022-01-15 19:06:13.505525,0.0,0.0,0.0
2022-01-15 19:06:14.004579,0.0,0.0,0.0
2022-01-15 19:06:14.507832,0.0,0.0,0.0
2022-01-15 19:06:15.006945,0.0,0.0,0.0
2022-01-15 19:06:15.503269,0.0,0.0,0.0
2022-01-15 19:06:16.010542,0.0,0.0,0.0
2022-01-15 19:06:16.506967,0.0,0.0,0.0
2022-01-15 19:06:17.004824,0.0,0.0,0.0
2022-01-15 19:06:17.509366,0.0,0.0,0.0
2022-01-15 19:06:18.009153,0.0,0.0,0.0
2022-01-15 19:06:18.504566,0.0,0.0,0.0
2022-01-15 19:06:19.002891,0.0,0.0,0.0
2022-01-15 19:06:19.508618,0.0,0.0,0.0
2022-01-15 19:06:20.006181,0.0,0.0,0.0
2022-01-15 19:06:20.501557,0.0,0.0,0.0
2022-01-15 19:06:21.008864,0.0,0.0,0.0
2022-01-15 19:06:21.504646,0.0,0.0,0.0
2022-01-15 19:06:22.002959,0.0,0.0,0.0
2022-01-15 19:06:22.501270,0.0,0.0,0.0
2022-01-15 19:06:23.010010,0.0,0.0,0.0
2022-01-15 19:06:23.505709,0.0,0.0,0.0
2022-01-15 19:06:24.003511,0.0,0.0,0.0
2022-01-15 19:06:24.508512,0.0,0.0,0.0
2022-01-15 19:06:25.006871,0.0,0.0,0.0
2022-01-15 19:06:25.502759,0.0,0.0,0.0
2022-01-15 19:06:26.010321,0.0,0.0,0.0
2022-01-15 19:06:26.506717,0.0,0.0,0.0
2022-01-15 19:06:27.004691,0.0,0.0,0.0
2022-01-15 19:06:27.509218,0.0,0.0,0.0
2022-01-15 19:06:28.006055,0.0,0.0,0.0
2022-01-15 19:06:28.502547,0.0,0.0,0.0
2022-01-15 19:06:29.001013,0.0,0.0,0.0
2022-01-15 19:06:29.509824,0.0,0.0,0.0
2022-01-15 19:06:30.008384,0.0,0.0,0.0
2022-01-15 19:06:30.504507,0.0,0.0,0.0
2022-01-15 19:06:31.001611,0.0,0.0,0.0
2022-01-15 19:06:31.506814,0.0,0.0,0.0
2022-01-15 19:06:32.003926,0.0,0.0,0.0
2022-01-15 19:06:32.509113,0.0,0.0,0.0
2022-01-15 19:06:33.009037,0.0,0.0,0.0
2022-01-15 19:06:33.504601,0.0,0.0,0.0
2022-01-15 19:06:34.001948,0.0,0.0,0.0
2022-01-15 19:06:34.507452,0.0,0.0,0.0
2022-01-15 19:06:35.004648,0.0,0.0,0.0
2022-01-15 19:06:35.510157,0.0,0.0,0.0
2022-01-15 19:06:36.008238,0.0,0.0,0.0
2022-01-15 19:06:36.502420,0.0,0.0,0.0
2022-01-15 19:06:37.001594,0.0,0.0,0.0
2022-01-15 19:06:37.508002,0.0,0.0,0.0
2022-01-15 19:06:38.005667,0.0,0.0,0.0
2022-01-15 19:06:38.510001,0.0,0.0,0.0
2022-01-15 19:06:39.008538,0.0,0.0,0.0
2022-01-15 19:06:39.505253,0.0,0.0,0.0
2022-01-15 19:06:40.003013,0.0,0.0,0.0
2022-01-15 19:06:40.509435,0.0,0.0,0.0
2022-01-15 19:06:41.007513,0.0,0.0,0.0
2022-01-15 19:06:41.502260,0.0,0.0,0.0
2022-01-15 19:06:42.009198,0.0,0.0,0.0
2022-01-15 19:06:42.504572,0.0,0.0,0.0
2022-01-15 19:06:43.003420,0.0,0.0,0.0
2022-01-15 19:06:43.510477,0.0,0.0,0.0
2022-01-15 19:06:44.008834,0.0,0.0,0.0
2022-01-15 19:06:44.504562,0.0,0.0,0.0
2022-01-15 19:06:45.003474,0.0,0.0,0.0
2022-01-15 19:06:45.507409,0.0,0.0,0.0
2022-01-15 19:06:46.006967,0.0,0.0,0.0
2022-01-15 19:06:46.504237,0.0,0.0,0.0
2022-01-15 19:06:47.002020,0.0,0.0,0.0
2022-01-15 19:06:47.508848,0.0,0.0,0.0
2022-01-15 19:06:48.006794,0.0,0.0,0.0
2022-01-15 19:06:48.502914,0.0,0.0,0.0
2022-01-15 19:06:49.010382,0.0,0.0,0.0
2022-01-15 19:06:49.506152,0.0,0.0,0.0
2022-01-15 19:06:50.004626,0.0,0.0,0.0
2022-01-15 19:06:50.510816,0.0,0.0,0.0
2022-01-15 19:06:51.009593,0.0,0.0,0.0
2022-01-15 19:06:51.505723,0.0,0.0,0.0
2022-01-15 19:06:52.003999,0.0,0.0,0.0
2022-01-15 19:06:52.501023,0.0,0.0,0.0
2022-01-15 19:06:53.008383,0.0,0.0,0.0
2022-01-15 19:06:53.503526,0.0,0.0,0.0
2022-01-15 19:06:54.001723,0.0,0.0,0.0
2022-01-15 19:06:54.506617,0.0,0.0,0.0
2022-01-15 19:06:55.004199,0.0,0.0,0.0
2022-01-15 19:06:55.511193,0.0,0.0,0.0
2022-01-15 19:06:56.009144,0.0,0.0,0.0
2022-01-15 19:06:56.505462,0.0,0.0,0.0
2022-01-15 19:06:57.001621,0.0,0.0,0.0
2022-01-15 19:06:57.506886,0.0,0.0,0.0
2022-01-15 19:06:58.004368,0.0,0.0,0.0
2022-01-15 19:06:58.508780,0.0,0.0,0.0
2022-01-15 19:06:59.006990,0.0,0.0,0.0
2022-01-15 19:06:59.501455,0.0,0.0,0.0
2022-01-15 19:07:00.010661,0.0,0.0,0.0
2022-01-15 19:07:00.504544,0.0,0.0,0.0
2022-01-15 19:07:01.002542,0.0,0.0,0.0
2022-01-15 19:07:01.508097,0.0,0.0,0.0
2022-01-15 19:07:02.005481,0.0,0.0,0.0
2022-01-15 19:07:02.510324,0.0,0.0,0.0
2022-01-15 19:07:03.010828,0.0,0.0,0.0
2022-01-15 19:07:03.505409,0.0,0.0,0.0
2022-01-15 19:07:04.003471,0.0,0.0,0.0
2022-01-15 19:07:04.508253,0.0,0.0,0.0
2022-01-15 19:07:05.005686,0.0,0.0,0.0
2022-01-15 19:07:05.510469,0.0,0.0,0.0
2022-01-15 19:07:06.009025,0.0,0.0,0.0
2022-01-15 19:07:06.505780,0.0,0.0,0.0
2022-01-15 19:07:07.004014,0.0,0.0,0.0
2022-01-15 19:07:07.510353,0.0,0.0,0.0
2022-01-15 19:07:08.008316,0.0,0.0,0.0
2022-01-15 19:07:08.503386,0.0,0.0,0.0
2022-01-15 19:07:09.010837,0.0,0.0,0.0
2022-01-15 19:07:09.507160,0.0,0.0,0.0
2022-01-15 19:07:10.005911,0.0,0.0,0.0
2022-01-15 19:07:10.501756,0.0,0.0,0.0
2022-01-15 19:07:11.010187,0.0,0.0,0.0
2022-01-15 19:07:11.508828,0.0,0.0,0.0
2022-01-15 19:07:12.006116,0.0,0.0,0.0
2022-01-15 19:07:12.501755,0.0,0.0,0.0
2022-01-15 19:07:13.009886,0.0,0.0,0.0
2022-01-15 19:07:13.506405,0.0,0.0,0.0
2022-01-15 19:07:14.004817,0.0,0.0,0.0
2022-01-15 19:07:14.509005,0.0,0.0,0.0
2022-01-15 19:07:15.007224,0.0,0.0,0.0
2022-01-15 19:07:15.501081,0.0,0.0,0.0
2022-01-15 19:07:16.009315,0.0,0.0,0.0
2022-01-15 19:07:16.506174,0.0,0.0,0.0
2022-01-15 19:07:17.004006,0.0,0.0,0.0
2022-01-15 19:07:17.507743,0.0,0.0,0.0
2022-01-15 19:07:18.004959,0.0,0.0,0.0
2022-01-15 19:07:18.510569,0.0,0.0,0.0
2022-01-15 19:07:19.008908,0.0,0.0,0.0
2022-01-15 19:07:19.503347,0.0,0.0,0.0
2022-01-15 19:07:20.002765,0.0,0.0,0.0
2022-01-15 19:07:20.510214,0.0,0.0,0.0
2022-01-15 19:07:21.008731,0.0,0.0,0.0
2022-01-15 19:07:21.503724,0.0,0.0,0.0
2022-01-15 19:07:22.001791,0.0,0.0,0.0
2022-01-15 19:07:22.506754,0.0,0.0,0.0
2022-01-15 19:07:23.004923,0.0,0.0,0.0
2022-01-15 19:07:23.510577,0.0,0.0,0.0
2022-01-15 19:07:24.007381,0.0,0.0,0.0
2022-01-15 19:07:24.510932,0.0,0.0,0.0
2022-01-15 19:07:25.008281,0.0,0.0,0.0
2022-01-15 19:07:25.503015,0.0,0.0,0.0
2022-01-15 19:07:26.010903,0.0,0.0,0.0
2022-01-15 19:07:26.505200,0.0,0.0,0.0
2022-01-15 19:07:27.002787,0.0,0.0,0.0
2022-01-15 19:07:27.508014,0.0,0.0,0.0
2022-01-15 19:07:28.004553,0.0,0.0,0.0
2022-01-15 19:07:28.510067,0.0,0.0,0.0
2022-01-15 19:07:29.008196,0.0,0.0,0.0
2022-01-15 19:07:29.501275,0.0,0.0,0.0
2022-01-15 19:07:30.009160,0.0,0.0,0.0
2022-01-15 19:07:30.503808,0.0,0.0,0.0
2022-01-15 19:07:31.003799,0.0,0.0,0.0
2022-01-15 19:07:31.508582,0.0,0.0,0.0
2022-01-15 19:07:32.006661,0.0,0.0,0.0
2022-01-15 19:07:32.502781,0.0,0.0,0.0
2022-01-15 19:07:33.001760,0.0,0.0,0.0
2022-01-15 19:07:33.507411,0.0,0.0,0.0
2022-01-15 19:07:34.006967,0.0,0.0,0.0
2022-01-15 19:07:34.501211,0.0,0.0,0.0
2022-01-15 19:07:35.008536,0.0,0.0,0.0
2022-01-15 19:07:35.503009,0.0,0.0,0.0
2022-01-15 19:07:36.010213,0.0,0.0,0.0
2022-01-15 19:07:36.503895,0.0,0.0,0.0
2022-01-15 19:07:37.003548,0.0,0.0,0.0
2022-01-15 19:07:37.509174,0.0,0.0,0.0
2022-01-15 19:07:38.005302,0.0,0.0,0.0
2022-01-15 19:07:38.510046,0.0,0.0,0.0
2022-01-15 19:07:39.008825,0.0,0.0,0.0
2022-01-15 19:07:39.503917,0.0,0.0,0.0
2022-01-15 19:07:40.001220,0.0,0.0,0.0
2022-01-15 19:07:40.507295,0.0,0.0,0.0
2022-01-15 19:07:41.004725,0.0,0.0,0.0
2022-01-15 19:07:41.509664,0.0,0.0,0.0
2022-01-15 19:07:42.008555,0.0,0.0,0.0
2022-01-15 19:07:42.502696,0.0,0.0,0.0
2022-01-15 19:07:43.009937,0.0,0.0,0.0
2022-01-15 19:07:43.504408,0.0,0.0,0.0
2022-01-15 19:07:44.003426,0.0,0.0,0.0
2022-01-15 19:07:44.508147,0.0,0.0,0.0
2022-01-15 19:07:45.005508,0.0,0.0,0.0
2022-01-15 19:07:45.509742,0.0,0.0,0.0
2022-01-15 19:07:46.008084,0.0,0.0,0.0
2022-01-15 19:07:46.502187,0.0,0.0,0.0
2022-01-15 19:07:47.001360,0.0,0.0,0.0
2022-01-15 19:07:47.509610,0.0,0.0,0.0
2022-01-15 19:07:48.007436,0.0,0.0,0.0
2022-01-15 19:07:48.502407,0.0,0.0,0.0
2022-01-15 19:07:49.505128,0.0,0.0,0.0
2022-01-15 19:07:50.001991,0.0,0.0,0.0
2022-01-15 19:07:50.508153,0.0,0.0,0.0
2022-01-15 19:07:51.006568,0.0,0.0,0.0
2022-01-15 19:07:51.503248,0.0,0.0,0.0
2022-01-15 19:07:52.001293,0.0,0.0,0.0
2022-01-15 19:07:52.506218,0.0,0.0,0.0
2022-01-15 19:07:53.004647,0.0,0.0,0.0
2022-01-15 19:07:53.510679,0.0,0.0,0.0
2022-01-15 19:07:54.007813,0.0,0.0,0.0
2022-01-15 19:07:54.502805,0.0,0.0,0.0
2022-01-15 19:07:55.003448,0.0,0.0,0.0
2022-01-15 19:07:55.507460,0.0,0.0,0.0
2022-01-15 19:07:56.006061,0.0,0.0,0.0
2022-01-15 19:07:56.501450,0.0,0.0,0.0
2022-01-15 19:07:57.009350,0.0,0.0,0.0
2022-01-15 19:07:57.505080,0.0,0.0,0.0
2022-01-15 19:07:58.002774,0.0,0.0,0.0
2022-01-15 19:07:58.510196,0.0,0.0,0.0
2022-01-15 19:07:59.008279,0.0,0.0,0.0
2022-01-15 19:07:59.503046,0.0,0.0,0.0
2022-01-15 19:08:00.010449,0.0,0.0,0.0
2022-01-15 19:08:00.503343,0.0,0.0,0.0
2022-01-15 19:08:01.001760,0.0,0.0,0.0
2022-01-15 19:08:01.508513,0.0,0.0,0.0
2022-01-15 19:08:02.007037,0.0,0.0,0.0
2022-01-15 19:08:02.502546,0.0,0.0,0.0
2022-01-15 19:08:03.011224,0.0,0.0,0.0
2022-01-15 19:08:03.505709,0.0,0.0,0.0
2022-01-15 19:08:04.004381,0.0,0.0,0.0
2022-01-15 19:08:04.510279,0.0,0.0,0.0
2022-01-15 19:08:05.009098,0.0,0.0,0.0
2022-01-15 19:08:05.503635,0.0,0.0,0.0
2022-01-15 19:08:06.002180,0.0,0.0,0.0
2022-01-15 19:08:06.507926,0.0,0.0,0.0
2022-01-15 19:08:07.005486,0.0,0.0,0.0
2022-01-15 19:08:07.510210,0.0,0.0,0.0
2022-01-15 19:08:08.008172,0.0,0.0,0.0
2022-01-15 19:08:08.504614,0.0,0.0,0.0
2022-01-15 19:08:09.002892,0.0,0.0,0.0
2022-01-15 19:08:09.508796,0.0,0.0,0.0
2022-01-15 19:08:10.005392,0.0,0.0,0.0
2022-01-15 19:08:10.509936,0.0,0.0,0.0
2022-01-15 19:08:11.008584,0.0,0.0,0.0
2022-01-15 19:08:11.503328,0.0,0.0,0.0
2022-01-15 19:08:12.002715,0.0,0.0,0.0
2022-01-15 19:08:12.507824,0.0,0.0,0.0
2022-01-15 19:08:13.006314,0.0,0.0,0.0
2022-01-15 19:08:13.502587,0.0,0.0,0.0
2022-01-15 19:08:14.010212,0.0,0.0,0.0
2022-01-15 19:08:14.503793,0.0,0.0,0.0
2022-01-15 19:08:15.002273,0.0,0.0,0.0
2022-01-15 19:08:15.509777,0.0,0.0,0.0
2022-01-15 19:08:16.007349,0.0,0.0,0.0
2022-01-15 19:08:16.503179,0.0,0.0,0.0
2022-01-15 19:08:17.001234,0.0,0.0,0.0
2022-01-15 19:08:17.501890,0.0,0.0,0.0
2022-01-15 19:08:18.505126,0.0,0.0,0.0
2022-01-15 19:08:19.002122,0.0,0.0,0.0
2022-01-15 19:08:19.508630,0.0,0.0,0.0
2022-01-15 19:08:20.006505,0.0,0.0,0.0
2022-01-15 19:08:20.509803,0.0,0.0,0.0
2022-01-15 19:08:21.009153,0.0,0.0,0.0
2022-01-15 19:08:21.503590,0.0,0.0,0.0
2022-01-15 19:08:22.001489,0.0,0.0,0.0
2022-01-15 19:08:22.508178,0.0,0.0,0.0
2022-01-15 19:08:23.006292,0.0,0.0,0.0
2022-01-15 19:08:23.501888,0.0,0.0,0.0
2022-01-15 19:08:24.010257,0.0,0.0,0.0
2022-01-15 19:08:24.505086,0.0,0.0,0.0
2022-01-15 19:08:25.002620,0.0,0.0,0.0
2022-01-15 19:08:25.507611,0.0,0.0,0.0
2022-01-15 19:08:26.005088,0.0,0.0,0.0
2022-01-15 19:08:26.510029,0.0,0.0,0.0
2022-01-15 19:08:27.006812,0.0,0.0,0.0
2022-01-15 19:08:27.501202,0.0,0.0,0.0
2022-01-15 19:08:28.009908,0.0,0.0,0.0
2022-01-15 19:08:28.504760,0.0,0.0,0.0
2022-01-15 19:08:29.001796,0.0,0.0,0.0
2022-01-15 19:08:29.509762,0.0,0.0,0.0
2022-01-15 19:08:30.007456,0.0,0.0,0.0
2022-01-15 19:08:30.502177,0.0,0.0,0.0
2022-01-15 19:08:31.010291,0.0,0.0,0.0
2022-01-15 19:08:31.504430,0.0,0.0,0.0
2022-01-15 19:08:32.001685,0.0,0.0,0.0
2022-01-15 19:08:32.508975,0.0,0.0,0.0
2022-01-15 19:08:33.007236,0.0,0.0,0.0
2022-01-15 19:08:33.501781,0.0,0.0,0.0
2022-01-15 19:08:34.009801,0.0,0.0,0.0
2022-01-15 19:08:34.505238,0.0,0.0,0.0
2022-01-15 19:08:35.002495,0.0,0.0,0.0
2022-01-15 19:08:35.508765,0.0,0.0,0.0
2022-01-15 19:08:36.009447,0.0,0.0,0.0
2022-01-15 19:08:36.506924,0.0,0.0,0.0
2022-01-15 19:08:37.005024,0.0,0.0,0.0
2022-01-15 19:08:37.510485,0.0,0.0,0.0
2022-01-15 19:08:38.008799,0.0,0.0,0.0
2022-01-15 19:08:38.504192,0.0,0.0,0.0
2022-01-15 19:08:39.002577,0.0,0.0,0.0
2022-01-15 19:08:39.508193,0.0,0.0,0.0
2022-01-15 19:08:40.006889,0.0,0.0,0.0
2022-01-15 19:08:40.503283,0.0,0.0,0.0
2022-01-15 19:08:41.005601,0.0,0.0,0.0
2022-01-15 19:08:41.511048,0.0,0.0,0.0
2022-01-15 19:08:42.007926,0.0,0.0,0.0
2022-01-15 19:08:42.504179,0.0,0.0,0.0
2022-01-15 19:08:43.002757,0.0,0.0,0.0
2022-01-15 19:08:43.509105,0.0,0.0,0.0
2022-01-15 19:08:44.006930,0.0,0.0,0.0
2022-01-15 19:08:44.501470,0.0,0.0,0.0
2022-01-15 19:08:45.001917,0.0,0.0,0.0
2022-01-15 19:08:45.507765,0.0,0.0,0.0
2022-01-15 19:08:46.005154,0.0,0.0,0.0
2022-01-15 19:08:46.510323,0.0,0.0,0.0
2022-01-15 19:08:47.008647,0.0,0.0,0.0
2022-01-15 19:08:47.505900,0.0,0.0,0.0
2022-01-15 19:08:48.003478,0.0,0.0,0.0
2022-01-15 19:08:48.507354,0.0,0.0,0.0
2022-01-15 19:08:49.005880,0.0,0.0,0.0
2022-01-15 19:08:49.501570,0.0,0.0,0.0
2022-01-15 19:08:50.009970,0.0,0.0,0.0
2022-01-15 19:08:50.507094,0.0,0.0,0.0
2022-01-15 19:08:51.005531,0.0,0.0,0.0
2022-01-15 19:08:52.005791,0.0,0.0,0.0
2022-01-15 19:08:52.510246,0.0,0.0,0.0
2022-01-15 19:08:53.009100,0.0,0.0,0.0
2022-01-15 19:08:53.504950,0.0,0.0,0.0
2022-01-15 19:08:54.003211,0.0,0.0,0.0
2022-01-15 19:08:54.507697,0.0,0.0,0.0
2022-01-15 19:08:55.005945,0.0,0.0,0.0
2022-01-15 19:08:55.502419,0.0,0.0,0.0
2022-01-15 19:08:56.505229,0.0,0.0,0.0
2022-01-15 19:08:57.003213,0.0,0.0,0.0
2022-01-15 19:08:57.509248,0.0,0.0,0.0
2022-01-15 19:08:58.009619,0.0,0.0,0.0
2022-01-15 19:08:58.503885,0.0,0.0,0.0
2022-01-15 19:08:59.002536,0.0,0.0,0.0
2022-01-15 19:08:59.508586,0.0,0.0,0.0
2022-01-15 19:09:00.009156,0.0,0.0,0.0
2022-01-15 19:09:00.504211,0.0,0.0,0.0
2022-01-15 19:09:01.003076,0.0,0.0,0.0
2022-01-15 19:09:01.508602,0.0,0.0,0.0
2022-01-15 19:09:02.006287,0.0,0.0,0.0
2022-01-15 19:09:02.501212,0.0,0.0,0.0
2022-01-15 19:09:03.504828,0.0,0.0,0.0
2022-01-15 19:09:04.004722,0.0,0.0,0.0
2022-01-15 19:09:04.509773,0.0,0.0,0.0
2022-01-15 19:09:05.007855,0.0,0.0,0.0
2022-01-15 19:09:05.503482,0.0,0.0,0.0
2022-01-15 19:09:06.001101,0.0,0.0,0.0
2022-01-15 19:09:06.507361,0.0,0.0,0.0
2022-01-15 19:09:07.005829,0.0,0.0,0.0
2022-01-15 19:09:07.510443,0.0,0.0,0.0
2022-01-15 19:09:08.008196,0.0,0.0,0.0
2022-01-15 19:09:08.505831,0.0,0.0,0.0
2022-01-15 19:09:09.003306,0.0,0.0,0.0
2022-01-15 19:09:09.509101,0.0,0.0,0.0
2022-01-15 19:09:10.007567,0.0,0.0,0.0
2022-01-15 19:09:10.500941,0.0,0.0,0.0
2022-01-15 19:09:11.009302,0.0,0.0,0.0
2022-01-15 19:09:11.504359,0.0,0.0,0.0
2022-01-15 19:09:12.003840,0.0,0.0,0.0
2022-01-15 19:09:12.507329,0.0,0.0,0.0
2022-01-15 19:09:13.005343,0.0,0.0,0.0
2022-01-15 19:09:13.510817,0.0,0.0,0.0
2022-01-15 19:09:14.009032,0.0,0.0,0.0
2022-01-15 19:09:14.502877,0.0,0.0,0.0
2022-01-15 19:09:15.001306,0.0,0.0,0.0
2022-01-15 19:09:15.506108,0.0,0.0,0.0
2022-01-15 19:09:16.004761,0.0,0.0,0.0
2022-01-15 19:09:16.509457,0.0,0.0,0.0
2022-01-15 19:09:17.007458,0.0,0.0,0.0
2022-01-15 19:09:17.501512,0.0,0.0,0.0
2022-01-15 19:09:18.008694,0.0,0.0,0.0
2022-01-15 19:09:18.505828,0.0,0.0,0.0
2022-01-15 19:09:19.004242,0.0,0.0,0.0
2022-01-15 19:09:19.509112,0.0,0.0,0.0
2022-01-15 19:09:20.007757,0.0,0.0,0.0
2022-01-15 19:09:20.502371,0.0,0.0,0.0
2022-01-15 19:09:21.002280,0.0,0.0,0.0
2022-01-15 19:09:21.508301,0.0,0.0,0.0
2022-01-15 19:09:22.009104,0.0,0.0,0.0
2022-01-15 19:09:22.503875,0.0,0.0,0.0
2022-01-15 19:09:23.001508,0.0,0.0,0.0
2022-01-15 19:09:23.506266,0.0,0.0,0.0
2022-01-15 19:09:24.005748,0.0,0.0,0.0
2022-01-15 19:09:24.511174,0.0,0.0,0.0
2022-01-15 19:09:25.008893,0.0,0.0,0.0
2022-01-15 19:09:25.505659,0.0,0.0,0.0
2022-01-15 19:09:26.004476,0.0,0.0,0.0
2022-01-15 19:09:26.510430,0.0,0.0,0.0
2022-01-15 19:09:27.009132,0.0,0.0,0.0
2022-01-15 19:09:27.505144,0.0,0.0,0.0
2022-01-15 19:09:28.002461,0.0,0.0,0.0
2022-01-15 19:09:28.508704,0.0,0.0,0.0
2022-01-15 19:09:29.007683,0.0,0.0,0.0
2022-01-15 19:09:29.501865,0.0,0.0,0.0
2022-01-15 19:09:30.010778,0.0,0.0,0.0
2022-01-15 19:09:30.505527,0.0,0.0,0.0
2022-01-15 19:09:31.002965,0.0,0.0,0.0
2022-01-15 19:09:31.507147,0.0,0.0,0.0
2022-01-15 19:09:32.005249,0.0,0.0,0.0
2022-01-15 19:09:32.501648,0.0,0.0,0.0
2022-01-15 19:09:33.009449,0.0,0.0,0.0
2022-01-15 19:09:33.505785,0.0,0.0,0.0
2022-01-15 19:09:34.004618,0.0,0.0,0.0
2022-01-15 19:09:34.509651,0.0,0.0,0.0
2022-01-15 19:09:35.008762,0.0,0.0,0.0
2022-01-15 19:09:35.505702,0.0,0.0,0.0
2022-01-15 19:09:36.003536,0.0,0.0,0.0
2022-01-15 19:09:36.504667,0.0,0.0,0.0
2022-01-15 19:09:37.001889,0.0,0.0,0.0
2022-01-15 19:09:37.506563,0.0,0.0,0.0
2022-01-15 19:09:38.005212,0.0,0.0,0.0
2022-01-15 19:09:38.510225,0.0,0.0,0.0
2022-01-15 19:09:39.009950,0.0,0.0,0.0
2022-01-15 19:09:39.503582,0.0,0.0,0.0
2022-01-15 19:09:40.002401,0.0,0.0,0.0
2022-01-15 19:09:40.506784,0.0,0.0,0.0
2022-01-15 19:09:41.006300,0.0,0.0,0.0
2022-01-15 19:09:41.501916,0.0,0.0,0.0
2022-01-15 19:09:42.011128,0.0,0.0,0.0
2022-01-15 19:09:42.508753,0.0,0.0,0.0
2022-01-15 19:09:43.007036,0.0,0.0,0.0
2022-01-15 19:09:43.501523,0.0,0.0,0.0
2022-01-15 19:09:44.009504,0.0,0.0,0.0
2022-01-15 19:09:44.503601,0.0,0.0,0.0
2022-01-15 19:09:45.002473,0.0,0.0,0.0
2022-01-15 19:09:45.509767,0.0,0.0,0.0
2022-01-15 19:09:46.006975,0.0,0.0,0.0
2022-01-15 19:09:46.502605,0.0,0.0,0.0
2022-01-15 19:09:47.001125,0.0,0.0,0.0
2022-01-15 19:09:47.506294,0.0,0.0,0.0
2022-01-15 19:09:48.004659,0.0,0.0,0.0
2022-01-15 19:09:48.509591,0.0,0.0,0.0
2022-01-15 19:09:49.009668,0.0,0.0,0.0
2022-01-15 19:09:49.504659,0.0,0.0,0.0
2022-01-15 19:09:50.003371,0.0,0.0,0.0
2022-01-15 19:09:50.509262,0.0,0.0,0.0
2022-01-15 19:09:51.006321,0.0,0.0,0.0
2022-01-15 19:09:51.502459,0.0,0.0,0.0
2022-01-15 19:09:52.010228,0.0,0.0,0.0
2022-01-15 19:09:52.506905,0.0,0.0,0.0
2022-01-15 19:09:53.005899,0.0,0.0,0.0
2022-01-15 19:09:53.501405,0.0,0.0,0.0
2022-01-15 19:09:54.009945,0.0,0.0,0.0
2022-01-15 19:09:54.506026,0.0,0.0,0.0
2022-01-15 19:09:55.004199,0.0,0.0,0.0
2022-01-15 19:09:55.508467,0.0,0.0,0.0
2022-01-15 19:09:56.007576,0.0,0.0,0.0
2022-01-15 19:09:56.501787,0.0,0.0,0.0
2022-01-15 19:09:57.009224,0.0,0.0,0.0
2022-01-15 19:09:57.504715,0.0,0.0,0.0
2022-01-15 19:09:58.002406,0.0,0.0,0.0
2022-01-15 19:09:58.506877,0.0,0.0,0.0
2022-01-15 19:09:59.004120,0.0,0.0,0.0
2022-01-15 19:09:59.510582,0.0,0.0,0.0
2022-01-15 19:10:00.008734,0.0,0.0,0.0
2022-01-15 19:10:00.501558,0.0,0.0,0.0
2022-01-15 19:10:01.009023,0.0,0.0,0.0
2022-01-15 19:10:01.503625,0.0,0.0,0.0
2022-01-15 19:10:02.002432,0.0,0.0,0.0
2022-01-15 19:10:02.509808,0.0,0.0,0.0
2022-01-15 19:10:03.008874,0.0,0.0,0.0
2022-01-15 19:10:03.504691,0.0,0.0,0.0
2022-01-15 19:10:04.002378,0.0,0.0,0.0
2022-01-15 19:10:04.507253,0.0,0.0,0.0
2022-01-15 19:10:05.006189,0.0,0.0,0.0
2022-01-15 19:10:05.510122,0.0,0.0,0.0
2022-01-15 19:10:06.009029,0.0,0.0,0.0
2022-01-15 19:10:06.504481,0.0,0.0,0.0
2022-01-15 19:10:07.002776,0.0,0.0,0.0
2022-01-15 19:10:07.508554,0.0,0.0,0.0
2022-01-15 19:10:08.006687,0.0,0.0,0.0
2022-01-15 19:10:08.501159,0.0,0.0,0.0
2022-01-15 19:10:09.008698,0.0,0.0,0.0
2022-01-15 19:10:09.504695,0.0,0.0,0.0
2022-01-15 19:10:10.001358,0.0,0.0,0.0
2022-01-15 19:10:10.505585,0.0,0.0,0.0
2022-01-15 19:10:11.002580,0.0,0.0,0.0
2022-01-15 19:10:11.508562,0.0,0.0,0.0
2022-01-15 19:10:12.005904,0.0,0.0,0.0
2022-01-15 19:10:12.511011,0.0,0.0,0.0
2022-01-15 19:10:13.001461,0.0,0.0,0.0
2022-01-15 19:10:13.505104,0.0,0.0,0.0
2022-01-15 19:10:14.002233,0.0,0.0,0.0
2022-01-15 19:10:14.506281,0.0,0.0,0.0
2022-01-15 19:10:15.003778,0.0,0.0,0.0
2022-01-15 19:10:15.509504,0.0,0.0,0.0
2022-01-15 19:10:16.007666,0.0,0.0,0.0
2022-01-15 19:10:16.504818,0.0,0.0,0.0
2022-01-15 19:10:17.002295,0.0,0.0,0.0
2022-01-15 19:10:17.508134,0.0,0.0,0.0
2022-01-15 19:10:18.006661,0.0,0.0,0.0
2022-01-15 19:10:18.502071,0.0,0.0,0.0
2022-01-15 19:10:19.010818,0.0,0.0,0.0
2022-01-15 19:10:19.507010,0.0,0.0,0.0
2022-01-15 19:10:20.004223,0.0,0.0,0.0
2022-01-15 19:10:20.509732,0.0,0.0,0.0
2022-01-15 19:10:21.007730,0.0,0.0,0.0
2022-01-15 19:10:21.502364,0.0,0.0,0.0
2022-01-15 19:10:22.010342,0.0,0.0,0.0
2022-01-15 19:10:22.505612,0.0,0.0,0.0
2022-01-15 19:10:23.005010,0.0,0.0,0.0
2022-01-15 19:10:23.510084,0.0,0.0,0.0
2022-01-15 19:10:24.007208,0.0,0.0,0.0
2022-01-15 19:10:24.503380,0.0,0.0,0.0
2022-01-15 19:10:25.001086,0.0,0.0,0.0
2022-01-15 19:10:25.508332,0.0,0.0,0.0
2022-01-15 19:10:26.005676,0.0,0.0,0.0
2022-01-15 19:10:26.501252,0.0,0.0,0.0
2022-01-15 19:10:27.008571,0.0,0.0,0.0
2022-01-15 19:10:27.503212,0.0,0.0,0.0
2022-01-15 19:10:28.001791,0.0,0.0,0.0
2022-01-15 19:10:28.507870,0.0,0.0,0.0
2022-01-15 19:10:29.005760,0.0,0.0,0.0
2022-01-15 19:10:29.510993,0.0,0.0,0.0
2022-01-15 19:10:30.001400,0.0,0.0,0.0
2022-01-15 19:10:30.505729,0.0,0.0,0.0
2022-01-15 19:10:31.002355,0.0,0.0,0.0
2022-01-15 19:10:31.511077,0.0,0.0,0.0
2022-01-15 19:10:32.008137,0.0,0.0,0.0
2022-01-15 19:10:32.503630,0.0,0.0,0.0
2022-01-15 19:10:33.003026,0.0,0.0,0.0
2022-01-15 19:10:33.506310,0.0,0.0,0.0
2022-01-15 19:10:34.005127,0.0,0.0,0.0
2022-01-15 19:10:34.510297,0.0,0.0,0.0
2022-01-15 19:10:35.010513,0.0,0.0,0.0
2022-01-15 19:10:35.504998,0.0,0.0,0.0
2022-01-15 19:10:36.003260,0.0,0.0,0.0
2022-01-15 19:10:36.502847,0.0,0.0,0.0
2022-01-15 19:10:37.002836,0.0,0.0,0.0
2022-01-15 19:10:37.508179,0.0,0.0,0.0
2022-01-15 19:10:38.006286,0.0,0.0,0.0
2022-01-15 19:10:38.501774,0.0,0.0,0.0
2022-01-15 19:10:39.010815,0.0,0.0,0.0
2022-01-15 19:10:39.506917,0.0,0.0,0.0
2022-01-15 19:10:40.006411,0.0,0.0,0.0
2022-01-15 19:10:40.501286,0.0,0.0,0.0
2022-01-15 19:10:41.011009,0.0,0.0,0.0
2022-01-15 19:10:41.507189,0.0,0.0,0.0
2022-01-15 19:10:42.004149,0.0,0.0,0.0
2022-01-15 19:10:42.510329,0.0,0.0,0.0
2022-01-15 19:10:43.007467,0.0,0.0,0.0
2022-01-15 19:10:43.504763,0.0,0.0,0.0
2022-01-15 19:10:44.004113,0.0,0.0,0.0
2022-01-15 19:10:44.509253,0.0,0.0,0.0
2022-01-15 19:10:45.008632,0.0,0.0,0.0
2022-01-15 19:10:45.505014,0.0,0.0,0.0
2022-01-15 19:10:46.002431,0.0,0.0,0.0
2022-01-15 19:10:46.508521,0.0,0.0,0.0
2022-01-15 19:10:47.007253,0.0,0.0,0.0
2022-01-15 19:10:47.502692,0.0,0.0,0.0
2022-01-15 19:10:48.002072,0.0,0.0,0.0
2022-01-15 19:10:48.506624,0.0,0.0,0.0
2022-01-15 19:10:49.004626,0.0,0.0,0.0
2022-01-15 19:10:49.509415,0.0,0.0,0.0
2022-01-15 19:10:50.009572,0.0,0.0,0.0
2022-01-15 19:10:50.504743,0.0,0.0,0.0
2022-01-15 19:10:51.002309,0.0,0.0,0.0
2022-01-15 19:10:51.507357,0.0,0.0,0.0
2022-01-15 19:10:52.004711,0.0,0.0,0.0
2022-01-15 19:10:52.508990,0.0,0.0,0.0
2022-01-15 19:10:53.008671,0.0,0.0,0.0
2022-01-15 19:10:53.505171,0.0,0.0,0.0
2022-01-15 19:10:54.003303,0.0,0.0,0.0
2022-01-15 19:10:54.507929,0.0,0.0,0.0
2022-01-15 19:10:55.005061,0.0,0.0,0.0
2022-01-15 19:10:55.511114,0.0,0.0,0.0
2022-01-15 19:10:56.009806,0.0,0.0,0.0
2022-01-15 19:10:56.505047,0.0,0.0,0.0
2022-01-15 19:10:57.004329,0.0,0.0,0.0
2022-01-15 19:10:57.510397,0.0,0.0,0.0
2022-01-15 19:10:58.007869,0.0,0.0,0.0
2022-01-15 19:10:58.503201,0.0,0.0,0.0
2022-01-15 19:10:59.011063,0.0,0.0,0.0
2022-01-15 19:10:59.507100,0.0,0.0,0.0
2022-01-15 19:11:00.004901,0.0,0.0,0.0
2022-01-15 19:11:00.508463,0.0,0.0,0.0
2022-01-15 19:11:01.006543,0.0,0.0,0.0
2022-01-15 19:11:01.502168,0.0,0.0,0.0
2022-01-15 19:11:02.001536,0.0,0.0,0.0
2022-01-15 19:11:02.506728,0.0,0.0,0.0
2022-01-15 19:11:03.005272,0.0,0.0,0.0
2022-01-15 19:11:03.509813,0.0,0.0,0.0
2022-01-15 19:11:04.008708,0.0,0.0,0.0
2022-01-15 19:11:04.503548,0.0,0.0,0.0
2022-01-15 19:11:05.011107,0.0,0.0,0.0
2022-01-15 19:11:05.506076,0.0,0.0,0.0
2022-01-15 19:11:06.004527,0.0,0.0,0.0
2022-01-15 19:11:06.502277,0.0,0.0,0.0
2022-01-15 19:11:07.002691,0.0,0.0,0.0
2022-01-15 19:11:07.507362,0.0,0.0,0.0
2022-01-15 19:11:08.005199,0.0,0.0,0.0
2022-01-15 19:11:08.509536,0.0,0.0,0.0
2022-01-15 19:11:09.007180,0.0,0.0,0.0
2022-01-15 19:11:09.503409,0.0,0.0,0.0
2022-01-15 19:11:10.001620,0.0,0.0,0.0
2022-01-15 19:11:10.506026,0.0,0.0,0.0
2022-01-15 19:11:11.004554,0.0,0.0,0.0
2022-01-15 19:11:11.509685,0.0,0.0,0.0
2022-01-15 19:11:12.007857,0.0,0.0,0.0
2022-01-15 19:11:12.501580,0.0,0.0,0.0
2022-01-15 19:11:13.009740,0.0,0.0,0.0
2022-01-15 19:11:13.503927,0.0,0.0,0.0
2022-01-15 19:11:14.001229,0.0,0.0,0.0
2022-01-15 19:11:14.505221,0.0,0.0,0.0
2022-01-15 19:11:15.003101,0.0,0.0,0.0
2022-01-15 19:11:15.508594,0.0,0.0,0.0
2022-01-15 19:11:16.004881,0.0,0.0,0.0
2022-01-15 19:11:16.510176,0.0,0.0,0.0
2022-01-15 19:11:17.007489,0.0,0.0,0.0
2022-01-15 19:11:17.503020,0.0,0.0,0.0
2022-01-15 19:11:18.002244,0.0,0.0,0.0
2022-01-15 19:11:18.508032,0.0,0.0,0.0
2022-01-15 19:11:19.005625,0.0,0.0,0.0
2022-01-15 19:11:19.510121,0.0,0.0,0.0
2022-01-15 19:11:20.007677,0.0,0.0,0.0
2022-01-15 19:11:20.503799,0.0,0.0,0.0
2022-01-15 19:11:21.002322,0.0,0.0,0.0
2022-01-15 19:11:21.507328,0.0,0.0,0.0
2022-01-15 19:11:22.004571,0.0,0.0,0.0
2022-01-15 19:11:22.509582,0.0,0.0,0.0
2022-01-15 19:11:23.008141,0.0,0.0,0.0
2022-01-15 19:11:23.501209,0.0,0.0,0.0
2022-01-15 19:11:24.001098,0.0,0.0,0.0
2022-01-15 19:11:24.506183,0.0,0.0,0.0
2022-01-15 19:11:25.005349,0.0,0.0,0.0
2022-01-15 19:11:25.509640,0.0,0.0,0.0
2022-01-15 19:11:26.008293,0.0,0.0,0.0
2022-01-15 19:11:26.502612,0.0,0.0,0.0
2022-01-15 19:11:27.011214,0.0,0.0,0.0
2022-01-15 19:11:27.508266,0.0,0.0,0.0
2022-01-15 19:11:28.006094,0.0,0.0,0.0
2022-01-15 19:11:28.501640,0.0,0.0,0.0
2022-01-15 19:11:29.010393,0.0,0.0,0.0
2022-01-15 19:11:29.507346,0.0,0.0,0.0
2022-01-15 19:11:30.006603,0.0,0.0,0.0
2022-01-15 19:11:30.501994,0.0,0.0,0.0
2022-01-15 19:11:31.001972,0.0,0.0,0.0
2022-01-15 19:11:31.507002,0.0,0.0,0.0
2022-01-15 19:11:32.005272,0.0,0.0,0.0
2022-01-15 19:11:32.510289,0.0,0.0,0.0
2022-01-15 19:11:33.008163,0.0,0.0,0.0
2022-01-15 19:11:33.511171,0.0,0.0,0.0
2022-01-15 19:11:34.007803,0.0,0.0,0.0
2022-01-15 19:11:34.502817,0.0,0.0,0.0
2022-01-15 19:11:35.002318,0.0,0.0,0.0
2022-01-15 19:11:35.508612,0.0,0.0,0.0
2022-01-15 19:11:36.006106,0.0,0.0,0.0
2022-01-15 19:11:36.501772,0.0,0.0,0.0
2022-01-15 19:11:37.009769,0.0,0.0,0.0
2022-01-15 19:11:37.506368,0.0,0.0,0.0
2022-01-15 19:11:38.004103,0.0,0.0,0.0
2022-01-15 19:11:38.509119,0.0,0.0,0.0
2022-01-15 19:11:39.007192,0.0,0.0,0.0
2022-01-15 19:11:39.509915,0.0,0.0,0.0
2022-01-15 19:11:40.008649,0.0,0.0,0.0
2022-01-15 19:11:40.502875,0.0,0.0,0.0
2022-01-15 19:11:41.002538,0.0,0.0,0.0
2022-01-15 19:11:41.509051,0.0,0.0,0.0
2022-01-15 19:11:42.006857,0.0,0.0,0.0
2022-01-15 19:11:42.502110,0.0,0.0,0.0
2022-01-15 19:11:43.010953,0.0,0.0,0.0
2022-01-15 19:11:43.506576,0.0,0.0,0.0
2022-01-15 19:11:44.004614,0.0,0.0,0.0
2022-01-15 19:11:44.502817,0.0,0.0,0.0
2022-01-15 19:11:45.001696,0.0,0.0,0.0
2022-01-15 19:11:45.508076,0.0,0.0,0.0
2022-01-15 19:11:46.005241,0.0,0.0,0.0
2022-01-15 19:11:46.501714,0.0,0.0,0.0
2022-01-15 19:11:47.010305,0.0,0.0,0.0
2022-01-15 19:11:47.505113,0.0,0.0,0.0
2022-01-15 19:11:48.003629,0.0,0.0,0.0
2022-01-15 19:11:48.507591,0.0,0.0,0.0
2022-01-15 19:11:49.005110,0.0,0.0,0.0
2022-01-15 19:11:49.501937,0.0,0.0,0.0
2022-01-15 19:11:50.009854,0.0,0.0,0.0
2022-01-15 19:11:50.504756,0.0,0.0,0.0
2022-01-15 19:11:51.002395,0.0,0.0,0.0
2022-01-15 19:11:51.507575,0.0,0.0,0.0
2022-01-15 19:11:52.005936,0.0,0.0,0.0
2022-01-15 19:11:52.510986,0.0,0.0,0.0
2022-01-15 19:11:53.009368,0.0,0.0,0.0
2022-01-15 19:11:53.503409,0.0,0.0,0.0
2022-01-15 19:11:54.001219,0.0,0.0,0.0
2022-01-15 19:11:54.505211,0.0,0.0,0.0
2022-01-15 19:11:55.003007,0.0,0.0,0.0
2022-01-15 19:11:55.508289,0.0,0.0,0.0
2022-01-15 19:11:56.004543,0.0,0.0,0.0
2022-01-15 19:11:56.510349,0.0,0.0,0.0
2022-01-15 19:11:57.009353,0.0,0.0,0.0
2022-01-15 19:11:57.505033,0.0,0.0,0.0
2022-01-15 19:11:58.003886,0.0,0.0,0.0
2022-01-15 19:11:58.501674,0.0,0.0,0.0
2022-01-15 19:11:59.011059,0.0,0.0,0.0
2022-01-15 19:11:59.506132,0.0,0.0,0.0
2022-01-15 19:12:00.005070,0.0,0.0,0.0
2022-01-15 19:12:00.508742,0.0,0.0,0.0
2022-01-15 19:12:01.007586,0.0,0.0,0.0
2022-01-15 19:12:01.501489,0.0,0.0,0.0
2022-01-15 19:12:02.009577,0.0,0.0,0.0
2022-01-15 19:12:02.503764,0.0,0.0,0.0
2022-01-15 19:12:03.010464,0.0,0.0,0.0
2022-01-15 19:12:03.505186,0.0,0.0,0.0
2022-01-15 19:12:04.004380,0.0,0.0,0.0
2022-01-15 19:12:04.510728,0.0,0.0,0.0
2022-01-15 19:12:05.008967,0.0,0.0,0.0
2022-01-15 19:12:05.503238,0.0,0.0,0.0
2022-01-15 19:12:06.504812,0.0,0.0,0.0
2022-01-15 19:12:07.001765,0.0,0.0,0.0
2022-01-15 19:12:07.506204,0.0,0.0,0.0
2022-01-15 19:12:08.005179,0.0,0.0,0.0
2022-01-15 19:12:08.501143,0.0,0.0,0.0
2022-01-15 19:12:09.009979,0.0,0.0,0.0
2022-01-15 19:12:09.504561,0.0,0.0,0.0
2022-01-15 19:12:10.010227,0.0,0.0,0.0
2022-01-15 19:12:10.506199,0.0,0.0,0.0
2022-01-15 19:12:11.002658,0.0,0.0,0.0
2022-01-15 19:12:11.508930,0.0,0.0,0.0
2022-01-15 19:12:12.006574,0.0,0.0,0.0
2022-01-15 19:12:12.510957,0.0,0.0,0.0
2022-01-15 19:12:13.009879,0.0,0.0,0.0
2022-01-15 19:12:13.503251,0.0,0.0,0.0
2022-01-15 19:12:14.001597,0.0,0.0,0.0
2022-01-15 19:12:14.506648,0.0,0.0,0.0
2022-01-15 19:12:15.005899,0.0,0.0,0.0
2022-01-15 19:12:16.005065,0.0,0.0,0.0
2022-01-15 19:12:16.501076,0.0,0.0,0.0
2022-01-15 19:12:17.007258,0.0,0.0,0.0
2022-01-15 19:12:17.501464,0.0,0.0,0.0
2022-01-15 19:12:18.009508,0.0,0.0,0.0
2022-01-15 19:12:18.507412,0.0,0.0,0.0
2022-01-15 19:12:19.005499,0.0,0.0,0.0
2022-01-15 19:12:19.509167,0.0,0.0,0.0
2022-01-15 19:12:20.005778,0.0,0.0,0.0
2022-01-15 19:12:20.510152,0.0,0.0,0.0
2022-01-15 19:12:21.008380,0.0,0.0,0.0
2022-01-15 19:12:21.502920,0.0,0.0,0.0
2022-01-15 19:12:22.001435,0.0,0.0,0.0
2022-01-15 19:12:22.506600,0.0,0.0,0.0
2022-01-15 19:12:23.004889,0.0,0.0,0.0
2022-01-15 19:12:23.509968,0.0,0.0,0.0
2022-01-15 19:12:24.006616,0.0,0.0,0.0
2022-01-15 19:12:24.501368,0.0,0.0,0.0
2022-01-15 19:12:25.010612,0.0,0.0,0.0
2022-01-15 19:12:25.503507,0.0,0.0,0.0
2022-01-15 19:12:26.001156,0.0,0.0,0.0
2022-01-15 19:12:26.508383,0.0,0.0,0.0
2022-01-15 19:12:27.004740,0.0,0.0,0.0
2022-01-15 19:12:27.510248,0.0,0.0,0.0
2022-01-15 19:12:28.009013,0.0,0.0,0.0
2022-01-15 19:12:28.505134,0.0,0.0,0.0
2022-01-15 19:12:29.002798,0.0,0.0,0.0
2022-01-15 19:12:29.508828,0.0,0.0,0.0
2022-01-15 19:12:30.007262,0.0,0.0,0.0
2022-01-15 19:12:30.503206,0.0,0.0,0.0
2022-01-15 19:12:31.009850,0.0,0.0,0.0
2022-01-15 19:12:31.504250,0.0,0.0,0.0
2022-01-15 19:12:32.004180,0.0,0.0,0.0
2022-01-15 19:12:32.501192,0.0,0.0,0.0
2022-01-15 19:12:33.008887,0.0,0.0,0.0
2022-01-15 19:12:33.503371,0.0,0.0,0.0
2022-01-15 19:12:34.011239,0.0,0.0,0.0
2022-01-15 19:12:34.507107,0.0,0.0,0.0
2022-01-15 19:12:35.005810,0.0,0.0,0.0
2022-01-15 19:12:35.510570,0.0,0.0,0.0
2022-01-15 19:12:36.009794,0.0,0.0,0.0
2022-01-15 19:12:36.505727,0.0,0.0,0.0
2022-01-15 19:12:37.004605,0.0,0.0,0.0
2022-01-15 19:12:37.509409,0.0,0.0,0.0
2022-01-15 19:12:38.005965,0.0,0.0,0.0
2022-01-15 19:12:38.509994,0.0,0.0,0.0
2022-01-15 19:12:39.007442,0.0,0.0,0.0
2022-01-15 19:12:39.504826,0.0,0.0,0.0
2022-01-15 19:12:40.002477,0.0,0.0,0.0
2022-01-15 19:12:40.508898,0.0,0.0,0.0
2022-01-15 19:12:41.006835,0.0,0.0,0.0
2022-01-15 19:12:41.501108,0.0,0.0,0.0
2022-01-15 19:12:42.008420,0.0,0.0,0.0
2022-01-15 19:12:42.503645,0.0,0.0,0.0
2022-01-15 19:12:43.001126,0.0,0.0,0.0
2022-01-15 19:12:43.506920,0.0,0.0,0.0
2022-01-15 19:12:44.004293,0.0,0.0,0.0
2022-01-15 19:12:44.508806,0.0,0.0,0.0
2022-01-15 19:12:45.003608,0.0,0.0,0.0
2022-01-15 19:12:45.508831,0.0,0.0,0.0
2022-01-15 19:12:46.005870,0.0,0.0,0.0
2022-01-15 19:12:46.510000,0.0,0.0,0.0
2022-01-15 19:12:47.007270,0.0,0.0,0.0
2022-01-15 19:12:47.501703,0.0,0.0,0.0
2022-01-15 19:12:48.001365,0.0,0.0,0.0
2022-01-15 19:12:48.507340,0.0,0.0,0.0
2022-01-15 19:12:49.005451,0.0,0.0,0.0
2022-01-15 19:12:49.510211,0.0,0.0,0.0
2022-01-15 19:12:50.007301,0.0,0.0,0.0
2022-01-15 19:12:50.503727,0.0,0.0,0.0
2022-01-15 19:12:51.011072,0.0,0.0,0.0
2022-01-15 19:12:51.507847,0.0,0.0,0.0
2022-01-15 19:12:52.004648,0.0,0.0,0.0
2022-01-15 19:12:52.509357,0.0,0.0,0.0
2022-01-15 19:12:53.007281,0.0,0.0,0.0
2022-01-15 19:12:53.504035,0.0,0.0,0.0
2022-01-15 19:12:54.003245,0.0,0.0,0.0
2022-01-15 19:12:54.509737,0.0,0.0,0.0
2022-01-15 19:12:55.006324,0.0,0.0,0.0
2022-01-15 19:12:55.503302,0.0,0.0,0.0
2022-01-15 19:12:56.002353,0.0,0.0,0.0
2022-01-15 19:12:56.507320,0.0,0.0,0.0
2022-01-15 19:12:57.006292,0.0,0.0,0.0
2022-01-15 19:12:57.503730,0.0,0.0,0.0
2022-01-15 19:12:58.002231,0.0,0.0,0.0
2022-01-15 19:12:58.506810,0.0,0.0,0.0
2022-01-15 19:12:59.003756,0.0,0.0,0.0
2022-01-15 19:12:59.509426,0.0,0.0,0.0
2022-01-15 19:13:00.006083,0.0,0.0,0.0
2022-01-15 19:13:00.509754,0.0,0.0,0.0
2022-01-15 19:13:01.007209,0.0,0.0,0.0
2022-01-15 19:13:01.503018,0.0,0.0,0.0
2022-01-15 19:13:02.010909,0.0,0.0,0.0
2022-01-15 19:13:02.506456,0.0,0.0,0.0
2022-01-15 19:13:03.005708,0.0,0.0,0.0
2022-01-15 19:13:03.501190,0.0,0.0,0.0
2022-01-15 19:13:04.504921,0.0,0.0,0.0
2022-01-15 19:13:05.001545,0.0,0.0,0.0
2022-01-15 19:13:05.507663,0.0,0.0,0.0
2022-01-15 19:13:06.003430,0.0,0.0,0.0
2022-01-15 19:13:06.508109,0.0,0.0,0.0
2022-01-15 19:13:07.005848,0.0,0.0,0.0
2022-01-15 19:13:07.510984,0.0,0.0,0.0
2022-01-15 19:13:08.009910,0.0,0.0,0.0
2022-01-15 19:13:08.504117,0.0,0.0,0.0
2022-01-15 19:13:09.001153,0.0,0.0,0.0
2022-01-15 19:13:09.506185,0.0,0.0,0.0
2022-01-15 19:13:10.003127,0.0,0.0,0.0
2022-01-15 19:13:10.508337,0.0,0.0,0.0
2022-01-15 19:13:11.005843,0.0,0.0,0.0
2022-01-15 19:13:11.501200,0.0,0.0,0.0
2022-01-15 19:13:12.010157,0.0,0.0,0.0
2022-01-15 19:13:12.505683,0.0,0.0,0.0
2022-01-15 19:13:13.003551,0.0,0.0,0.0
2022-01-15 19:13:13.507631,0.0,0.0,0.0
2022-01-15 19:13:14.005306,0.0,0.0,0.0
2022-01-15 19:13:14.503401,0.0,0.0,0.0
2022-01-15 19:13:15.001738,0.0,0.0,0.0
2022-01-15 19:13:15.507776,0.0,0.0,0.0
2022-01-15 19:13:16.004717,0.0,0.0,0.0
2022-01-15 19:13:16.509497,0.0,0.0,0.0
2022-01-15 19:13:17.007698,0.0,0.0,0.0
2022-01-15 19:13:17.500970,0.0,0.0,0.0
2022-01-15 19:13:18.009037,0.0,0.0,0.0
2022-01-15 19:13:18.503658,0.0,0.0,0.0
2022-01-15 19:13:19.001215,0.0,0.0,0.0
2022-01-15 19:13:19.507504,0.0,0.0,0.0
2022-01-15 19:13:20.005630,0.0,0.0,0.0
2022-01-15 19:13:20.510761,0.0,0.0,0.0
2022-01-15 19:13:21.008902,0.0,0.0,0.0
2022-01-15 19:13:21.504054,0.0,0.0,0.0
2022-01-15 19:13:22.001902,0.0,0.0,0.0
2022-01-15 19:13:22.506282,0.0,0.0,0.0
2022-01-15 19:13:23.005678,0.0,0.0,0.0
2022-01-15 19:13:24.004919,0.0,0.0,0.0
2022-01-15 19:13:24.501086,0.0,0.0,0.0
2022-01-15 19:13:25.008653,0.0,0.0,0.0
2022-01-15 19:13:25.502698,0.0,0.0,0.0
2022-01-15 19:13:26.011345,0.0,0.0,0.0
2022-01-15 19:13:26.505068,0.0,0.0,0.0
2022-01-15 19:13:27.003701,0.0,0.0,0.0
2022-01-15 19:13:27.509126,0.0,0.0,0.0
2022-01-15 19:13:28.006920,0.0,0.0,0.0
2022-01-15 19:13:28.503844,0.0,0.0,0.0
2022-01-15 19:13:29.001837,0.0,0.0,0.0
2022-01-15 19:13:29.507333,0.0,0.0,0.0
2022-01-15 19:13:30.005103,0.0,0.0,0.0
2022-01-15 19:13:30.510368,0.0,0.0,0.0
2022-01-15 19:13:31.009224,0.0,0.0,0.0
2022-01-15 19:13:31.504176,0.0,0.0,0.0
2022-01-15 19:13:32.003877,0.0,0.0,0.0
2022-01-15 19:13:32.510686,0.0,0.0,0.0
2022-01-15 19:13:33.008626,0.0,0.0,0.0
2022-01-15 19:13:33.502997,0.0,0.0,0.0
2022-01-15 19:13:34.001086,0.0,0.0,0.0
2022-01-15 19:13:34.507069,0.0,0.0,0.0
2022-01-15 19:13:35.005183,0.0,0.0,0.0
2022-01-15 19:13:35.510227,0.0,0.0,0.0
2022-01-15 19:13:36.009003,0.0,0.0,0.0
2022-01-15 19:13:36.505779,0.0,0.0,0.0
2022-01-15 19:13:37.002857,0.0,0.0,0.0
2022-01-15 19:13:37.507788,0.0,0.0,0.0
2022-01-15 19:13:38.005229,0.0,0.0,0.0
2022-01-15 19:13:38.501008,0.0,0.0,0.0
2022-01-15 19:13:39.008332,0.0,0.0,0.0
2022-01-15 19:13:39.503889,0.0,0.0,0.0
2022-01-15 19:13:40.002413,0.0,0.0,0.0
2022-01-15 19:13:40.508143,0.0,0.0,0.0
2022-01-15 19:13:41.006198,0.0,0.0,0.0
2022-01-15 19:13:41.510261,0.0,0.0,0.0
2022-01-15 19:13:42.007622,0.0,0.0,0.0
2022-01-15 19:13:42.505152,0.0,0.0,0.0
2022-01-15 19:13:43.003584,0.0,0.0,0.0
2022-01-15 19:13:43.508720,0.0,0.0,0.0
2022-01-15 19:13:44.006378,0.0,0.0,0.0
2022-01-15 19:13:44.501138,0.0,0.0,0.0
2022-01-15 19:13:45.009906,0.0,0.0,0.0
2022-01-15 19:13:45.505929,0.0,0.0,0.0
2022-01-15 19:13:46.004169,0.0,0.0,0.0
2022-01-15 19:13:46.509105,0.0,0.0,0.0
2022-01-15 19:13:47.006228,0.0,0.0,0.0
2022-01-15 19:13:47.511210,0.0,0.0,0.0
2022-01-15 19:13:48.008596,0.0,0.0,0.0
2022-01-15 19:13:48.503090,0.0,0.0,0.0
2022-01-15 19:13:49.002461,0.0,0.0,0.0
2022-01-15 19:13:49.508126,0.0,0.0,0.0
2022-01-15 19:13:50.006905,0.0,0.0,0.0
2022-01-15 19:13:50.502284,0.0,0.0,0.0
2022-01-15 19:13:51.001138,0.0,0.0,0.0
2022-01-15 19:13:51.507133,0.0,0.0,0.0
2022-01-15 19:13:52.005301,0.0,0.0,0.0
2022-01-15 19:13:52.510474,0.0,0.0,0.0
2022-01-15 19:13:53.008567,0.0,0.0,0.0
2022-01-15 19:13:53.503762,0.0,0.0,0.0
2022-01-15 19:13:54.001114,0.0,0.0,0.0
2022-01-15 19:13:54.506452,0.0,0.0,0.0
2022-01-15 19:13:55.005361,0.0,0.0,0.0
2022-01-15 19:13:55.510734,0.0,0.0,0.0
2022-01-15 19:13:56.008728,0.0,0.0,0.0
2022-01-15 19:13:56.505548,0.0,0.0,0.0
2022-01-15 19:13:57.003496,0.0,0.0,0.0
2022-01-15 19:13:57.509284,0.0,0.0,0.0
2022-01-15 19:13:58.008870,0.0,0.0,0.0
2022-01-15 19:13:58.503041,0.0,0.0,0.0
2022-01-15 19:13:59.010988,0.0,0.0,0.0
2022-01-15 19:13:59.507078,0.0,0.0,0.0
2022-01-15 19:14:00.005191,0.0,0.0,0.0
2022-01-15 19:14:00.509717,0.0,0.0,0.0
2022-01-15 19:14:01.008332,0.0,0.0,0.0
2022-01-15 19:14:01.503014,0.0,0.0,0.0
2022-01-15 19:14:02.001270,0.0,0.0,0.0
2022-01-15 19:14:02.507907,0.0,0.0,0.0
2022-01-15 19:14:03.005564,0.0,0.0,0.0
2022-01-15 19:14:03.500999,0.0,0.0,0.0
2022-01-15 19:14:04.009296,0.0,0.0,0.0
2022-01-15 19:14:04.502965,0.0,0.0,0.0
2022-01-15 19:14:05.001429,0.0,0.0,0.0
2022-01-15 19:14:05.506135,0.0,0.0,0.0
2022-01-15 19:14:06.005141,0.0,0.0,0.0
2022-01-15 19:14:06.510733,0.0,0.0,0.0
2022-01-15 19:14:07.007899,0.0,0.0,0.0
2022-01-15 19:14:07.502781,0.0,0.0,0.0
2022-01-15 19:14:08.010950,0.0,0.0,0.0
2022-01-15 19:14:08.507208,0.0,0.0,0.0
2022-01-15 19:14:09.005846,0.0,0.0,0.0
2022-01-15 19:14:09.503539,0.0,0.0,0.0
2022-01-15 19:14:10.000999,0.0,0.0,0.0
2022-01-15 19:14:10.506648,0.0,0.0,0.0
2022-01-15 19:14:11.004085,0.0,0.0,0.0
2022-01-15 19:14:11.508445,0.0,0.0,0.0
2022-01-15 19:14:12.006336,0.0,0.0,0.0
2022-01-15 19:14:12.501281,0.0,0.0,0.0
2022-01-15 19:14:13.010194,0.0,0.0,0.0
2022-01-15 19:14:13.505057,0.0,0.0,0.0
2022-01-15 19:14:14.002842,0.0,0.0,0.0
2022-01-15 19:14:14.509063,0.0,0.0,0.0
2022-01-15 19:14:15.006310,0.0,0.0,0.0
2022-01-15 19:14:15.501022,0.0,0.0,0.0
2022-01-15 19:14:16.009190,0.0,0.0,0.0
2022-01-15 19:14:16.505791,0.0,0.0,0.0
2022-01-15 19:14:17.002521,0.0,0.0,0.0
2022-01-15 19:14:17.506210,0.0,0.0,0.0
2022-01-15 19:14:18.003768,0.0,0.0,0.0
2022-01-15 19:14:18.510522,0.0,0.0,0.0
2022-01-15 19:14:19.010294,0.0,0.0,0.0
2022-01-15 19:14:19.505440,0.0,0.0,0.0
2022-01-15 19:14:20.004458,0.0,0.0,0.0
2022-01-15 19:14:20.510773,0.0,0.0,0.0
2022-01-15 19:14:21.008157,0.0,0.0,0.0
2022-01-15 19:14:21.503535,0.0,0.0,0.0
2022-01-15 19:14:22.001404,0.0,0.0,0.0
2022-01-15 19:14:22.506102,0.0,0.0,0.0
2022-01-15 19:14:23.004250,0.0,0.0,0.0
2022-01-15 19:14:23.509740,0.0,0.0,0.0
2022-01-15 19:14:24.007899,0.0,0.0,0.0
2022-01-15 19:14:24.502724,0.0,0.0,0.0
2022-01-15 19:14:25.001366,0.0,0.0,0.0
2022-01-15 19:14:25.507827,0.0,0.0,0.0
2022-01-15 19:14:26.006397,0.0,0.0,0.0
2022-01-15 19:14:26.501557,0.0,0.0,0.0
2022-01-15 19:14:27.009079,0.0,0.0,0.0
2022-01-15 19:14:27.503096,0.0,0.0,0.0
2022-01-15 19:14:28.505729,0.0,0.0,0.0
2022-01-15 19:14:29.003367,0.0,0.0,0.0
2022-01-15 19:14:29.508574,0.0,0.0,0.0
2022-01-15 19:14:30.005765,0.0,0.0,0.0
2022-01-15 19:14:30.502373,0.0,0.0,0.0
2022-01-15 19:14:31.009848,0.0,0.0,0.0
2022-01-15 19:14:31.503785,0.0,0.0,0.0
2022-01-15 19:14:32.001888,0.0,0.0,0.0
2022-01-15 19:14:32.506803,0.0,0.0,0.0
2022-01-15 19:14:33.005021,0.0,0.0,0.0
2022-01-15 19:14:33.509693,0.0,0.0,0.0
2022-01-15 19:14:34.007417,0.0,0.0,0.0
2022-01-15 19:14:34.501701,0.0,0.0,0.0
2022-01-15 19:14:35.009156,0.0,0.0,0.0
2022-01-15 19:14:35.502858,0.0,0.0,0.0
2022-01-15 19:14:36.010885,0.0,0.0,0.0
2022-01-15 19:14:36.506287,0.0,0.0,0.0
2022-01-15 19:14:37.004416,0.0,0.0,0.0
2022-01-15 19:14:37.508418,0.0,0.0,0.0
2022-01-15 19:14:38.005693,0.0,0.0,0.0
2022-01-15 19:14:38.510944,0.0,0.0,0.0
2022-01-15 19:14:39.008498,0.0,0.0,0.0
2022-01-15 19:14:39.501512,0.0,0.0,0.0
2022-01-15 19:14:40.010574,0.0,0.0,0.0
2022-01-15 19:14:40.508312,0.0,0.0,0.0
2022-01-15 19:14:41.008267,0.0,0.0,0.0
2022-01-15 19:14:41.504404,0.0,0.0,0.0
2022-01-15 19:14:42.002491,0.0,0.0,0.0
2022-01-15 19:14:42.508307,0.0,0.0,0.0
2022-01-15 19:14:43.008479,0.0,0.0,0.0
2022-01-15 19:14:43.504324,0.0,0.0,0.0
2022-01-15 19:14:44.003150,0.0,0.0,0.0
2022-01-15 19:14:44.510273,0.0,0.0,0.0
2022-01-15 19:14:45.007929,0.0,0.0,0.0
2022-01-15 19:14:45.502721,0.0,0.0,0.0
2022-01-15 19:14:46.001584,0.0,0.0,0.0
2022-01-15 19:14:46.505353,0.0,0.0,0.0
2022-01-15 19:14:47.003913,0.0,0.0,0.0
2022-01-15 19:14:47.509854,0.0,0.0,0.0
2022-01-15 19:14:48.009389,0.0,0.0,0.0
2022-01-15 19:14:48.506098,0.0,0.0,0.0
2022-01-15 19:14:49.010877,0.0,0.0,0.0
2022-01-15 19:14:49.505070,0.0,0.0,0.0
2022-01-15 19:14:50.001104,0.0,0.0,0.0
2022-01-15 19:14:50.505059,0.0,0.0,0.0
2022-01-15 19:14:51.004442,0.0,0.0,0.0
2022-01-15 19:14:51.509858,0.0,0.0,0.0
2022-01-15 19:14:52.007280,0.0,0.0,0.0
2022-01-15 19:14:52.501628,0.0,0.0,0.0
2022-01-15 19:14:53.010056,0.0,0.0,0.0
2022-01-15 19:14:53.506860,0.0,0.0,0.0
2022-01-15 19:14:54.005037,0.0,0.0,0.0
2022-01-15 19:14:54.510877,0.0,0.0,0.0
2022-01-15 19:14:55.009012,0.0,0.0,0.0
2022-01-15 19:14:55.503375,0.0,0.0,0.0
2022-01-15 19:14:56.504946,0.0,0.0,0.0
2022-01-15 19:14:57.002619,0.0,0.0,0.0
2022-01-15 19:14:57.506917,0.0,0.0,0.0
2022-01-15 19:14:58.004663,0.0,0.0,0.0
2022-01-15 19:14:58.509053,0.0,0.0,0.0
2022-01-15 19:14:59.007015,0.0,0.0,0.0
2022-01-15 19:14:59.501024,0.0,0.0,0.0
2022-01-15 19:15:00.009126,0.0,0.0,0.0
2022-01-15 19:15:00.504156,0.0,0.0,0.0
2022-01-15 19:15:01.002521,0.0,0.0,0.0
2022-01-15 19:15:01.510246,0.0,0.0,0.0
2022-01-15 19:15:02.009113,0.0,0.0,0.0
2022-01-15 19:15:02.503370,0.0,0.0,0.0
2022-01-15 19:15:03.010549,0.0,0.0,0.0
2022-01-15 19:15:03.505700,0.0,0.0,0.0
2022-01-15 19:15:04.004252,0.0,0.0,0.0
2022-01-15 19:15:05.005649,0.0,0.0,0.0
2022-01-15 19:15:05.510945,0.0,0.0,0.0
2022-01-15 19:15:06.009266,0.0,0.0,0.0
2022-01-15 19:15:06.503227,0.0,0.0,0.0
2022-01-15 19:15:07.001126,0.0,0.0,0.0
2022-01-15 19:15:07.506588,0.0,0.0,0.0
2022-01-15 19:15:08.004163,0.0,0.0,0.0
2022-01-15 19:15:08.509714,0.0,0.0,0.0
2022-01-15 19:15:09.006297,0.0,0.0,0.0
2022-01-15 19:15:09.510401,0.0,0.0,0.0
2022-01-15 19:15:10.007253,0.0,0.0,0.0
2022-01-15 19:15:11.005163,0.0,0.0,0.0
2022-01-15 19:15:11.510777,0.0,0.0,0.0
2022-01-15 19:15:12.009701,0.0,0.0,0.0
2022-01-15 19:15:12.505236,0.0,0.0,0.0
2022-01-15 19:15:13.004075,0.0,0.0,0.0
2022-01-15 19:15:13.508801,0.0,0.0,0.0
2022-01-15 19:15:14.005826,0.0,0.0,0.0
2022-01-15 19:15:14.510207,0.0,0.0,0.0
2022-01-15 19:15:15.008829,0.0,0.0,0.0
2022-01-15 19:15:15.505181,0.0,0.0,0.0
2022-01-15 19:15:16.002689,0.0,0.0,0.0
2022-01-15 19:15:16.508921,0.0,0.0,0.0
2022-01-15 19:15:17.007710,0.0,0.0,0.0
2022-01-15 19:15:17.503236,0.0,0.0,0.0
2022-01-15 19:15:18.002349,0.0,0.0,0.0
2022-01-15 19:15:18.508554,0.0,0.0,0.0
2022-01-15 19:15:19.006811,0.0,0.0,0.0
2022-01-15 19:15:19.501703,0.0,0.0,0.0
2022-01-15 19:15:20.009732,0.0,0.0,0.0
2022-01-15 19:15:20.505319,0.0,0.0,0.0
2022-01-15 19:15:21.002962,0.0,0.0,0.0
2022-01-15 19:15:21.508546,0.0,0.0,0.0
2022-01-15 19:15:22.006939,0.0,0.0,0.0
2022-01-15 19:15:22.503875,0.0,0.0,0.0
2022-01-15 19:15:23.001983,0.0,0.0,0.0
2022-01-15 19:15:23.509149,0.0,0.0,0.0
2022-01-15 19:15:24.007480,0.0,0.0,0.0
2022-01-15 19:15:24.502002,0.0,0.0,0.0
2022-01-15 19:15:25.001528,0.0,0.0,0.0
2022-01-15 19:15:25.507553,0.0,0.0,0.0
2022-01-15 19:15:26.007498,0.0,0.0,0.0
2022-01-15 19:15:26.501713,0.0,0.0,0.0
2022-01-15 19:15:27.009425,0.0,0.0,0.0
2022-01-15 19:15:27.505773,0.0,0.0,0.0
2022-01-15 19:15:28.004908,0.0,0.0,0.0
2022-01-15 19:15:28.501038,0.0,0.0,0.0
2022-01-15 19:15:29.008158,0.0,0.0,0.0
2022-01-15 19:15:29.505298,0.0,0.0,0.0
2022-01-15 19:15:30.003664,0.0,0.0,0.0
2022-01-15 19:15:30.507874,0.0,0.0,0.0
2022-01-15 19:15:31.006162,0.0,0.0,0.0
2022-01-15 19:15:31.511114,0.0,0.0,0.0
2022-01-15 19:15:32.009360,0.0,0.0,0.0
2022-01-15 19:15:32.507599,0.0,0.0,0.0
2022-01-15 19:15:33.005374,0.0,0.0,0.0
2022-01-15 19:15:33.505658,0.0,0.0,0.0
2022-01-15 19:15:34.004829,0.0,0.0,0.0
2022-01-15 19:15:34.510921,0.0,0.0,0.0
2022-01-15 19:15:35.008745,0.0,0.0,0.0
2022-01-15 19:15:35.503361,0.0,0.0,0.0
2022-01-15 19:15:36.004791,0.0,0.0,0.0
2022-01-15 19:15:36.509374,0.0,0.0,0.0
2022-01-15 19:15:37.007526,0.0,0.0,0.0
2022-01-15 19:15:37.502257,0.0,0.0,0.0
2022-01-15 19:15:38.010355,0.0,0.0,0.0
2022-01-15 19:15:38.506783,0.0,0.0,0.0
2022-01-15 19:15:39.006263,0.0,0.0,0.0
2022-01-15 19:15:39.503125,0.0,0.0,0.0
2022-01-15 19:15:40.011252,0.0,0.0,0.0
2022-01-15 19:15:40.506188,0.0,0.0,0.0
2022-01-15 19:15:41.005503,0.0,0.0,0.0
2022-01-15 19:15:41.510350,0.0,0.0,0.0
2022-01-15 19:15:42.010203,0.0,0.0,0.0
2022-01-15 19:15:42.504672,0.0,0.0,0.0
2022-01-15 19:15:43.001666,0.0,0.0,0.0
2022-01-15 19:15:43.506171,0.0,0.0,0.0
2022-01-15 19:15:44.004184,0.0,0.0,0.0
2022-01-15 19:15:44.509476,0.0,0.0,0.0
2022-01-15 19:15:45.008902,0.0,0.0,0.0
2022-01-15 19:15:45.506302,0.0,0.0,0.0
2022-01-15 19:15:46.004957,0.0,0.0,0.0
2022-01-15 19:15:46.501744,0.0,0.0,0.0
2022-01-15 19:15:47.001855,0.0,0.0,0.0
2022-01-15 19:15:47.506277,0.0,0.0,0.0
2022-01-15 19:15:48.005486,0.0,0.0,0.0
2022-01-15 19:15:48.502208,0.0,0.0,0.0
2022-01-15 19:15:49.001313,0.0,0.0,0.0
2022-01-15 19:15:49.506836,0.0,0.0,0.0
2022-01-15 19:15:50.005709,0.0,0.0,0.0
2022-01-15 19:15:50.511031,0.0,0.0,0.0
2022-01-15 19:15:51.008243,0.0,0.0,0.0
2022-01-15 19:15:51.503186,0.0,0.0,0.0
2022-01-15 19:15:52.001904,0.0,0.0,0.0
2022-01-15 19:15:52.507263,0.0,0.0,0.0
2022-01-15 19:15:53.005162,0.0,0.0,0.0
2022-01-15 19:15:53.501462,0.0,0.0,0.0
2022-01-15 19:15:54.010602,0.0,0.0,0.0
2022-01-15 19:15:54.503679,0.0,0.0,0.0
2022-01-15 19:15:55.001650,0.0,0.0,0.0
2022-01-15 19:15:55.507048,0.0,0.0,0.0
2022-01-15 19:15:56.005284,0.0,0.0,0.0
2022-01-15 19:15:56.509912,0.0,0.0,0.0
2022-01-15 19:15:57.007370,0.0,0.0,0.0
2022-01-15 19:15:57.501544,0.0,0.0,0.0
2022-01-15 19:15:58.009908,0.0,0.0,0.0
2022-01-15 19:15:58.504097,0.0,0.0,0.0
2022-01-15 19:15:59.001493,0.0,0.0,0.0
2022-01-15 19:15:59.506209,0.0,0.0,0.0
2022-01-15 19:16:00.006803,0.0,0.0,0.0
2022-01-15 19:16:00.510908,0.0,0.0,0.0
2022-01-15 19:16:01.009506,0.0,0.0,0.0
2022-01-15 19:16:01.504237,0.0,0.0,0.0
2022-01-15 19:16:02.002127,0.0,0.0,0.0
2022-01-15 19:16:02.507839,0.0,0.0,0.0
2022-01-15 19:16:03.008148,0.0,0.0,0.0
2022-01-15 19:16:03.503516,0.0,0.0,0.0
2022-01-15 19:16:04.011087,0.0,0.0,0.0
2022-01-15 19:16:04.505155,0.0,0.0,0.0
2022-01-15 19:16:05.003760,0.0,0.0,0.0
2022-01-15 19:16:05.510057,0.0,0.0,0.0
2022-01-15 19:16:06.008953,0.0,0.0,0.0
2022-01-15 19:16:06.502805,0.0,0.0,0.0
2022-01-15 19:16:07.001070,0.0,0.0,0.0
2022-01-15 19:16:07.507697,0.0,0.0,0.0
2022-01-15 19:16:08.005126,0.0,0.0,0.0
2022-01-15 19:16:08.509723,0.0,0.0,0.0
2022-01-15 19:16:09.008262,0.0,0.0,0.0
2022-01-15 19:16:09.502953,0.0,0.0,0.0
2022-01-15 19:16:10.010039,0.0,0.0,0.0
2022-01-15 19:16:10.505075,0.0,0.0,0.0
2022-01-15 19:16:11.004299,0.0,0.0,0.0
2022-01-15 19:16:11.509692,0.0,0.0,0.0
2022-01-15 19:16:12.006589,0.0,0.0,0.0
2022-01-15 19:16:12.501836,0.0,0.0,0.0
2022-01-15 19:16:13.010319,0.0,0.0,0.0
2022-01-15 19:16:13.506193,0.0,0.0,0.0
2022-01-15 19:16:14.004400,0.0,0.0,0.0
2022-01-15 19:16:14.501042,0.0,0.0,0.0
2022-01-15 19:16:15.008710,0.0,0.0,0.0
2022-01-15 19:16:15.502970,0.0,0.0,0.0
2022-01-15 19:16:16.010630,0.0,0.0,0.0
2022-01-15 19:16:16.506501,0.0,0.0,0.0
2022-01-15 19:16:17.005175,0.0,0.0,0.0
2022-01-15 19:16:17.510320,0.0,0.0,0.0
2022-01-15 19:16:18.010289,0.0,0.0,0.0
2022-01-15 19:16:18.506488,0.0,0.0,0.0
2022-01-15 19:16:19.004644,0.0,0.0,0.0
2022-01-15 19:16:19.510585,0.0,0.0,0.0
2022-01-15 19:16:20.010383,0.0,0.0,0.0
2022-01-15 19:16:20.503390,0.0,0.0,0.0
2022-01-15 19:16:21.002217,0.0,0.0,0.0
2022-01-15 19:16:21.509022,0.0,0.0,0.0
2022-01-15 19:16:22.006736,0.0,0.0,0.0
2022-01-15 19:16:22.502484,0.0,0.0,0.0
2022-01-15 19:16:23.001301,0.0,0.0,0.0
2022-01-15 19:16:23.507403,0.0,0.0,0.0
2022-01-15 19:16:24.006366,0.0,0.0,0.0
2022-01-15 19:16:24.503530,0.0,0.0,0.0
2022-01-15 19:16:25.001139,0.0,0.0,0.0
2022-01-15 19:16:25.506466,0.0,0.0,0.0
2022-01-15 19:16:26.006039,0.0,0.0,0.0
2022-01-15 19:16:26.510222,0.0,0.0,0.0
2022-01-15 19:16:27.009846,0.0,0.0,0.0
2022-01-15 19:16:27.508152,0.0,0.0,0.0
2022-01-15 19:16:28.007444,0.0,0.0,0.0
2022-01-15 19:16:28.502350,0.0,0.0,0.0
2022-01-15 19:16:29.505586,0.0,0.0,0.0
2022-01-15 19:16:30.003058,0.0,0.0,0.0
2022-01-15 19:16:30.509185,0.0,0.0,0.0
2022-01-15 19:16:31.007471,0.0,0.0,0.0
2022-01-15 19:16:31.502488,0.0,0.0,0.0
2022-01-15 19:16:32.001308,0.0,0.0,0.0
2022-01-15 19:16:32.505402,0.0,0.0,0.0
2022-01-15 19:16:33.002617,0.0,0.0,0.0
2022-01-15 19:16:33.509010,0.0,0.0,0.0
2022-01-15 19:16:34.007498,0.0,0.0,0.0
2022-01-15 19:16:34.502461,0.0,0.0,0.0
2022-01-15 19:16:35.010630,0.0,0.0,0.0
2022-01-15 19:16:35.506026,0.0,0.0,0.0
2022-01-15 19:16:36.004157,0.0,0.0,0.0
2022-01-15 19:16:36.509242,0.0,0.0,0.0
2022-01-15 19:16:37.008204,0.0,0.0,0.0
2022-01-15 19:16:37.502126,0.0,0.0,0.0
2022-01-15 19:16:38.010052,0.0,0.0,0.0
2022-01-15 19:16:38.506088,0.0,0.0,0.0
2022-01-15 19:16:39.005008,0.0,0.0,0.0
2022-01-15 19:16:39.509119,0.0,0.0,0.0
2022-01-15 19:16:40.005261,0.0,0.0,0.0
2022-01-15 19:16:40.510732,0.0,0.0,0.0
2022-01-15 19:16:41.009539,0.0,0.0,0.0
2022-01-15 19:16:41.505269,0.0,0.0,0.0
2022-01-15 19:16:42.003342,0.0,0.0,0.0
2022-01-15 19:16:42.509824,0.0,0.0,0.0
2022-01-15 19:16:43.008345,0.0,0.0,0.0
2022-01-15 19:16:43.503509,0.0,0.0,0.0
2022-01-15 19:16:44.001300,0.0,0.0,0.0
2022-01-15 19:16:44.506725,0.0,0.0,0.0
2022-01-15 19:16:45.004675,0.0,0.0,0.0
2022-01-15 19:16:45.510661,0.0,0.0,0.0
2022-01-15 19:16:46.009204,0.0,0.0,0.0
2022-01-15 19:16:46.503461,0.0,0.0,0.0
2022-01-15 19:16:47.002296,0.0,0.0,0.0
2022-01-15 19:16:47.507720,0.0,0.0,0.0
2022-01-15 19:16:48.006105,0.0,0.0,0.0
2022-01-15 19:16:48.501518,0.0,0.0,0.0
2022-01-15 19:16:49.010115,0.0,0.0,0.0
2022-01-15 19:16:49.504461,0.0,0.0,0.0
2022-01-15 19:16:50.001813,0.0,0.0,0.0
2022-01-15 19:16:50.506045,0.0,0.0,0.0
2022-01-15 19:16:51.004608,0.0,0.0,0.0
2022-01-15 19:16:51.510382,0.0,0.0,0.0
2022-01-15 19:16:52.008780,0.0,0.0,0.0
2022-01-15 19:16:52.505190,0.0,0.0,0.0
2022-01-15 19:16:53.003030,0.0,0.0,0.0
2022-01-15 19:16:53.509170,0.0,0.0,0.0
2022-01-15 19:16:54.006586,0.0,0.0,0.0
2022-01-15 19:16:54.510571,0.0,0.0,0.0
2022-01-15 19:16:55.009768,0.0,0.0,0.0
2022-01-15 19:16:55.504095,0.0,0.0,0.0
2022-01-15 19:16:56.001209,0.0,0.0,0.0
2022-01-15 19:16:56.504684,0.0,0.0,0.0
2022-01-15 19:16:57.001533,0.0,0.0,0.0
2022-01-15 19:16:57.505533,0.0,0.0,0.0
2022-01-15 19:16:58.004026,0.0,0.0,0.0
2022-01-15 19:16:58.508271,0.0,0.0,0.0
2022-01-15 19:16:59.006322,0.0,0.0,0.0
2022-01-15 19:16:59.503239,0.0,0.0,0.0
2022-01-15 19:17:00.002934,0.0,0.0,0.0
2022-01-15 19:17:00.505000,0.0,0.0,0.0
2022-01-15 19:17:01.001318,0.0,0.0,0.0
2022-01-15 19:17:01.506437,0.0,0.0,0.0
2022-01-15 19:17:02.004426,0.0,0.0,0.0
2022-01-15 19:17:02.501501,0.0,0.0,0.0
2022-01-15 19:17:03.010839,0.0,0.0,0.0
2022-01-15 19:17:03.507002,0.0,0.0,0.0
2022-01-15 19:17:04.005093,0.0,0.0,0.0
2022-01-15 19:17:04.510286,0.0,0.0,0.0
2022-01-15 19:17:05.008983,0.0,0.0,0.0
2022-01-15 19:17:05.505765,0.0,0.0,0.0
2022-01-15 19:17:06.004377,0.0,0.0,0.0
2022-01-15 19:17:06.510281,0.0,0.0,0.0
2022-01-15 19:17:07.008091,0.0,0.0,0.0
2022-01-15 19:17:07.502415,0.0,0.0,0.0
2022-01-15 19:17:08.010733,0.0,0.0,0.0
2022-01-15 19:17:08.504620,0.0,0.0,0.0
2022-01-15 19:17:09.001622,0.0,0.0,0.0
2022-01-15 19:17:09.508297,0.0,0.0,0.0
2022-01-15 19:17:10.007084,0.0,0.0,0.0
2022-01-15 19:17:10.501421,0.0,0.0,0.0
2022-01-15 19:17:11.009165,0.0,0.0,0.0
2022-01-15 19:17:11.504214,0.0,0.0,0.0
2022-01-15 19:17:12.002930,0.0,0.0,0.0
2022-01-15 19:17:12.509054,0.0,0.0,0.0
2022-01-15 19:17:13.006346,0.0,0.0,0.0
2022-01-15 19:17:13.510895,0.0,0.0,0.0
2022-01-15 19:17:14.009791,0.0,0.0,0.0
2022-01-15 19:17:14.505732,0.0,0.0,0.0
2022-01-15 19:17:15.003920,0.0,0.0,0.0
2022-01-15 19:17:15.508055,0.0,0.0,0.0
2022-01-15 19:17:16.006165,0.0,0.0,0.0
2022-01-15 19:17:16.509102,0.0,0.0,0.0
2022-01-15 19:17:17.006944,0.0,0.0,0.0
2022-01-15 19:17:17.501722,0.0,0.0,0.0
2022-01-15 19:17:18.010532,0.0,0.0,0.0
2022-01-15 19:17:18.505510,0.0,0.0,0.0
2022-01-15 19:17:19.003782,0.0,0.0,0.0
2022-01-15 19:17:19.509141,0.0,0.0,0.0
2022-01-15 19:17:20.010290,0.0,0.0,0.0
2022-01-15 19:17:20.504909,0.0,0.0,0.0
2022-01-15 19:17:21.002834,0.0,0.0,0.0
2022-01-15 19:17:21.507052,0.0,0.0,0.0
2022-01-15 19:17:22.006360,0.0,0.0,0.0
2022-01-15 19:17:22.501477,0.0,0.0,0.0
2022-01-15 19:17:23.010291,0.0,0.0,0.0
2022-01-15 19:17:23.505610,0.0,0.0,0.0
2022-01-15 19:17:24.006804,0.0,0.0,0.0
2022-01-15 19:17:24.510569,0.0,0.0,0.0
2022-01-15 19:17:25.009190,0.0,0.0,0.0
2022-01-15 19:17:25.505198,0.0,0.0,0.0
2022-01-15 19:17:26.003684,0.0,0.0,0.0
2022-01-15 19:17:26.509579,0.0,0.0,0.0
2022-01-15 19:17:27.008762,0.0,0.0,0.0
2022-01-15 19:17:27.502995,0.0,0.0,0.0
2022-01-15 19:17:28.001664,0.0,0.0,0.0
2022-01-15 19:17:28.506052,0.0,0.0,0.0
2022-01-15 19:17:29.006136,0.0,0.0,0.0
2022-01-15 19:17:29.503492,0.0,0.0,0.0
2022-01-15 19:17:30.011121,0.0,0.0,0.0
2022-01-15 19:17:30.505509,0.0,0.0,0.0
2022-01-15 19:17:31.004071,0.0,0.0,0.0
2022-01-15 19:17:31.510077,0.0,0.0,0.0
2022-01-15 19:17:32.008294,0.0,0.0,0.0
2022-01-15 19:17:32.504331,0.0,0.0,0.0
2022-01-15 19:17:33.002932,0.0,0.0,0.0
2022-01-15 19:17:33.508852,0.0,0.0,0.0
2022-01-15 19:17:34.005125,0.0,0.0,0.0
2022-01-15 19:17:34.509769,0.0,0.0,0.0
2022-01-15 19:17:35.008914,0.0,0.0,0.0
2022-01-15 19:17:35.503757,0.0,0.0,0.0
2022-01-15 19:17:36.002233,0.0,0.0,0.0
2022-01-15 19:17:36.508965,0.0,0.0,0.0
2022-01-15 19:17:37.005196,0.0,0.0,0.0
2022-01-15 19:17:37.510302,0.0,0.0,0.0
2022-01-15 19:17:38.009671,0.0,0.0,0.0
2022-01-15 19:17:38.503247,0.0,0.0,0.0
2022-01-15 19:17:39.010797,0.0,0.0,0.0
2022-01-15 19:17:39.505258,0.0,0.0,0.0
2022-01-15 19:17:40.004463,0.0,0.0,0.0
2022-01-15 19:17:40.509820,0.0,0.0,0.0
2022-01-15 19:17:41.008655,0.0,0.0,0.0
2022-01-15 19:17:41.502316,0.0,0.0,0.0
2022-01-15 19:17:42.009831,0.0,0.0,0.0
2022-01-15 19:17:42.503474,0.0,0.0,0.0
2022-01-15 19:17:43.010913,0.0,0.0,0.0
2022-01-15 19:17:43.509661,0.0,0.0,0.0
2022-01-15 19:17:44.007693,0.0,0.0,0.0
2022-01-15 19:17:44.502352,0.0,0.0,0.0
2022-01-15 19:17:45.001570,0.0,0.0,0.0
2022-01-15 19:17:45.506769,0.0,0.0,0.0
2022-01-15 19:17:46.003853,0.0,0.0,0.0
2022-01-15 19:17:46.509823,0.0,0.0,0.0
2022-01-15 19:17:47.008912,0.0,0.0,0.0
2022-01-15 19:17:47.504326,0.0,0.0,0.0
2022-01-15 19:17:48.001378,0.0,0.0,0.0
2022-01-15 19:17:48.506699,0.0,0.0,0.0
2022-01-15 19:17:49.004884,0.0,0.0,0.0
2022-01-15 19:17:49.510218,0.0,0.0,0.0
2022-01-15 19:17:50.007321,0.0,0.0,0.0
2022-01-15 19:17:50.503716,0.0,0.0,0.0
2022-01-15 19:17:51.001194,0.0,0.0,0.0
2022-01-15 19:17:51.505208,0.0,0.0,0.0
2022-01-15 19:17:52.001772,0.0,0.0,0.0
2022-01-15 19:17:52.508281,0.0,0.0,0.0
2022-01-15 19:17:53.007731,0.0,0.0,0.0
2022-01-15 19:17:53.503373,0.0,0.0,0.0
2022-01-15 19:17:54.002508,0.0,0.0,0.0
2022-01-15 19:17:54.507847,0.0,0.0,0.0
2022-01-15 19:17:55.005783,0.0,0.0,0.0
2022-01-15 19:17:55.510727,0.0,0.0,0.0
2022-01-15 19:17:56.009296,0.0,0.0,0.0
2022-01-15 19:17:56.503186,0.0,0.0,0.0
2022-01-15 19:17:57.009880,0.0,0.0,0.0
2022-01-15 19:17:57.506892,0.0,0.0,0.0
2022-01-15 19:17:58.005135,0.0,0.0,0.0
2022-01-15 19:17:58.509208,0.0,0.0,0.0
2022-01-15 19:17:59.007864,0.0,0.0,0.0
2022-01-15 19:17:59.502642,0.0,0.0,0.0
2022-01-15 19:18:00.010530,0.0,0.0,0.0
2022-01-15 19:18:00.504572,0.0,0.0,0.0
2022-01-15 19:18:01.001451,0.0,0.0,0.0
2022-01-15 19:18:01.507614,0.0,0.0,0.0
2022-01-15 19:18:02.004849,0.0,0.0,0.0
2022-01-15 19:18:02.510230,0.0,0.0,0.0
2022-01-15 19:18:03.008720,0.0,0.0,0.0
2022-01-15 19:18:03.504997,0.0,0.0,0.0
2022-01-15 19:18:04.002213,0.0,0.0,0.0
2022-01-15 19:18:04.507700,0.0,0.0,0.0
2022-01-15 19:18:05.005572,0.0,0.0,0.0
2022-01-15 19:18:05.501102,0.0,0.0,0.0
2022-01-15 19:18:06.009312,0.0,0.0,0.0
2022-01-15 19:18:06.502843,0.0,0.0,0.0
2022-01-15 19:18:07.010843,0.0,0.0,0.0
2022-01-15 19:18:07.505517,0.0,0.0,0.0
2022-01-15 19:18:08.004516,0.0,0.0,0.0
2022-01-15 19:18:08.509138,0.0,0.0,0.0
2022-01-15 19:18:09.006843,0.0,0.0,0.0
2022-01-15 19:18:09.501799,0.0,0.0,0.0
2022-01-15 19:18:10.010699,0.0,0.0,0.0
2022-01-15 19:18:10.505671,0.0,0.0,0.0
2022-01-15 19:18:11.004202,0.0,0.0,0.0
2022-01-15 19:18:11.508798,0.0,0.0,0.0
2022-01-15 19:18:12.006523,0.0,0.0,0.0
2022-01-15 19:18:12.501804,0.0,0.0,0.0
2022-01-15 19:18:13.001171,0.0,0.0,0.0
2022-01-15 19:18:13.507193,0.0,0.0,0.0
2022-01-15 19:18:14.004857,0.0,0.0,0.0
2022-01-15 19:18:14.509858,0.0,0.0,0.0
2022-01-15 19:18:15.008460,0.0,0.0,0.0
2022-01-15 19:18:15.503840,0.0,0.0,0.0
2022-01-15 19:18:16.001968,0.0,0.0,0.0
2022-01-15 19:18:16.506578,0.0,0.0,0.0
2022-01-15 19:18:17.004069,0.0,0.0,0.0
2022-01-15 19:18:17.501099,0.0,0.0,0.0
2022-01-15 19:18:18.007210,0.0,0.0,0.0
2022-01-15 19:18:18.502586,0.0,0.0,0.0
2022-01-15 19:18:19.001421,0.0,0.0,0.0
2022-01-15 19:18:19.506169,0.0,0.0,0.0
2022-01-15 19:18:20.004738,0.0,0.0,0.0
2022-01-15 19:18:20.509645,0.0,0.0,0.0
2022-01-15 19:18:21.007545,0.0,0.0,0.0
2022-01-15 19:18:21.502926,0.0,0.0,0.0
2022-01-15 19:18:22.001563,0.0,0.0,0.0
2022-01-15 19:18:22.506038,0.0,0.0,0.0
2022-01-15 19:18:23.003319,0.0,0.0,0.0
2022-01-15 19:18:23.510164,0.0,0.0,0.0
2022-01-15 19:18:24.009387,0.0,0.0,0.0
2022-01-15 19:18:24.506688,0.0,0.0,0.0
2022-01-15 19:18:25.004684,0.0,0.0,0.0
2022-01-15 19:18:25.509117,0.0,0.0,0.0
2022-01-15 19:18:26.006507,0.0,0.0,0.0
2022-01-15 19:18:26.501178,0.0,0.0,0.0
2022-01-15 19:18:27.009974,0.0,0.0,0.0
2022-01-15 19:18:27.505570,0.0,0.0,0.0
2022-01-15 19:18:28.005375,0.0,0.0,0.0
2022-01-15 19:18:28.509692,0.0,0.0,0.0
2022-01-15 19:18:29.007742,0.0,0.0,0.0
2022-01-15 19:18:29.502426,0.0,0.0,0.0
2022-01-15 19:18:30.504825,0.0,0.0,0.0
2022-01-15 19:18:31.005719,0.0,0.0,0.0
2022-01-15 19:18:31.502696,0.0,0.0,0.0
2022-01-15 19:18:32.001719,0.0,0.0,0.0
2022-01-15 19:18:32.507239,0.0,0.0,0.0
2022-01-15 19:18:33.004937,0.0,0.0,0.0
2022-01-15 19:18:33.509780,0.0,0.0,0.0
2022-01-15 19:18:34.006483,0.0,0.0,0.0
2022-01-15 19:18:35.005630,0.0,0.0,0.0
2022-01-15 19:18:35.502162,0.0,0.0,0.0
2022-01-15 19:18:36.009210,0.0,0.0,0.0
2022-01-15 19:18:36.504191,0.0,0.0,0.0
2022-01-15 19:18:37.002648,0.0,0.0,0.0
2022-01-15 19:18:37.508898,0.0,0.0,0.0
2022-01-15 19:18:38.008232,0.0,0.0,0.0
2022-01-15 19:18:38.505203,0.0,0.0,0.0
2022-01-15 19:18:39.003286,0.0,0.0,0.0
2022-01-15 19:18:39.508144,0.0,0.0,0.0
2022-01-15 19:18:40.006870,0.0,0.0,0.0
2022-01-15 19:18:40.501114,0.0,0.0,0.0
2022-01-15 19:18:41.008818,0.0,0.0,0.0
2022-01-15 19:18:41.503390,0.0,0.0,0.0
2022-01-15 19:18:42.001370,0.0,0.0,0.0
2022-01-15 19:18:42.506696,0.0,0.0,0.0
2022-01-15 19:18:43.004228,0.0,0.0,0.0
2022-01-15 19:18:43.509358,0.0,0.0,0.0
2022-01-15 19:18:44.007067,0.0,0.0,0.0
2022-01-15 19:18:44.502386,0.0,0.0,0.0
2022-01-15 19:18:45.001216,0.0,0.0,0.0
2022-01-15 19:18:45.509040,0.0,0.0,0.0
2022-01-15 19:18:46.007551,0.0,0.0,0.0
2022-01-15 19:18:46.501681,0.0,0.0,0.0
2022-01-15 19:18:47.009379,0.0,0.0,0.0
2022-01-15 19:18:47.504258,0.0,0.0,0.0
2022-01-15 19:18:48.002800,0.0,0.0,0.0
2022-01-15 19:18:48.508422,0.0,0.0,0.0
2022-01-15 19:18:49.006865,0.0,0.0,0.0
2022-01-15 19:18:49.501023,0.0,0.0,0.0
2022-01-15 19:18:50.007760,0.0,0.0,0.0
2022-01-15 19:18:50.501526,0.0,0.0,0.0
2022-01-15 19:18:51.008635,0.0,0.0,0.0
2022-01-15 19:18:51.502935,0.0,0.0,0.0
2022-01-15 19:18:52.010244,0.0,0.0,0.0
2022-01-15 19:18:52.505759,0.0,0.0,0.0
2022-01-15 19:18:53.004174,0.0,0.0,0.0
2022-01-15 19:18:53.511182,0.0,0.0,0.0
2022-01-15 19:18:54.008633,0.0,0.0,0.0
2022-01-15 19:18:54.503177,0.0,0.0,0.0
2022-01-15 19:18:55.001641,0.0,0.0,0.0
2022-01-15 19:18:55.506191,0.0,0.0,0.0
2022-01-15 19:18:56.004720,0.0,0.0,0.0
2022-01-15 19:18:56.501128,0.0,0.0,0.0
2022-01-15 19:18:57.010136,0.0,0.0,0.0
2022-01-15 19:18:57.505096,0.0,0.0,0.0
2022-01-15 19:18:58.001759,0.0,0.0,0.0
2022-01-15 19:18:58.505152,0.0,0.0,0.0
2022-01-15 19:18:59.003376,0.0,0.0,0.0
2022-01-15 19:18:59.508633,0.0,0.0,0.0
2022-01-15 19:19:00.005673,0.0,0.0,0.0
2022-01-15 19:19:00.510376,0.0,0.0,0.0
2022-01-15 19:19:01.008019,0.0,0.0,0.0
2022-01-15 19:19:01.504596,0.0,0.0,0.0
2022-01-15 19:19:02.001559,0.0,0.0,0.0
2022-01-15 19:19:02.504291,0.0,0.0,0.0
2022-01-15 19:19:03.001482,0.0,0.0,0.0
2022-01-15 19:19:03.508096,0.0,0.0,0.0
2022-01-15 19:19:04.004162,0.0,0.0,0.0
2022-01-15 19:19:04.508194,0.0,0.0,0.0
2022-01-15 19:19:05.005815,0.0,0.0,0.0
2022-01-15 19:19:05.504146,0.0,0.0,0.0
2022-01-15 19:19:06.001930,0.0,0.0,0.0
2022-01-15 19:19:06.505882,0.0,0.0,0.0
2022-01-15 19:19:07.003589,0.0,0.0,0.0
2022-01-15 19:19:07.509356,0.0,0.0,0.0
2022-01-15 19:19:08.006339,0.0,0.0,0.0
2022-01-15 19:19:08.510984,0.0,0.0,0.0
2022-01-15 19:19:09.009562,0.0,0.0,0.0
2022-01-15 19:19:09.506255,0.0,0.0,0.0
2022-01-15 19:19:10.002925,0.0,0.0,0.0
2022-01-15 19:19:10.506806,0.0,0.0,0.0
2022-01-15 19:19:11.005362,0.0,0.0,0.0
2022-01-15 19:19:11.501833,0.0,0.0,0.0
2022-01-15 19:19:12.001114,0.0,0.0,0.0
2022-01-15 19:19:12.509114,0.0,0.0,0.0
2022-01-15 19:19:13.006349,0.0,0.0,0.0
2022-01-15 19:19:13.501778,0.0,0.0,0.0
2022-01-15 19:19:14.010842,0.0,0.0,0.0
2022-01-15 19:19:14.504933,0.0,0.0,0.0
2022-01-15 19:19:15.001653,0.0,0.0,0.0
2022-01-15 19:19:15.506070,0.0,0.0,0.0
2022-01-15 19:19:16.005190,0.0,0.0,0.0
2022-01-15 19:19:16.510422,0.0,0.0,0.0
2022-01-15 19:19:17.009218,0.0,0.0,0.0
2022-01-15 19:19:17.506109,0.0,0.0,0.0
2022-01-15 19:19:18.004758,0.0,0.0,0.0
2022-01-15 19:19:18.510174,0.0,0.0,0.0
2022-01-15 19:19:19.007562,0.0,0.0,0.0
2022-01-15 19:19:19.502782,0.0,0.0,0.0
2022-01-15 19:19:20.001047,0.0,0.0,0.0
2022-01-15 19:19:20.506015,0.0,0.0,0.0
2022-01-15 19:19:21.005822,0.0,0.0,0.0
2022-01-15 19:19:21.510835,0.0,0.0,0.0
2022-01-15 19:19:22.010653,0.0,0.0,0.0
2022-01-15 19:19:22.505641,0.0,0.0,0.0
2022-01-15 19:19:23.004062,0.0,0.0,0.0
2022-01-15 19:19:23.508991,0.0,0.0,0.0
2022-01-15 19:19:24.006863,0.0,0.0,0.0
2022-01-15 19:19:24.502147,0.0,0.0,0.0
2022-01-15 19:19:25.001326,0.0,0.0,0.0
2022-01-15 19:19:25.505571,0.0,0.0,0.0
2022-01-15 19:19:26.002369,0.0,0.0,0.0
2022-01-15 19:19:26.507107,0.0,0.0,0.0
2022-01-15 19:19:27.006755,0.0,0.0,0.0
2022-01-15 19:19:27.502124,0.0,0.0,0.0
2022-01-15 19:19:28.505313,0.0,0.0,0.0
2022-01-15 19:19:29.003614,0.0,0.0,0.0
2022-01-15 19:19:29.506197,0.0,0.0,0.0
2022-01-15 19:19:30.004740,0.0,0.0,0.0
2022-01-15 19:19:30.509787,0.0,0.0,0.0
2022-01-15 19:19:31.008086,0.0,0.0,0.0
2022-01-15 19:19:31.501740,0.0,0.0,0.0
2022-01-15 19:19:32.010026,0.0,0.0,0.0
2022-01-15 19:19:32.504996,0.0,0.0,0.0
2022-01-15 19:19:33.003751,0.0,0.0,0.0
2022-01-15 19:19:33.505904,0.0,0.0,0.0
2022-01-15 19:19:34.005142,0.0,0.0,0.0
2022-01-15 19:19:34.510443,0.0,0.0,0.0
2022-01-15 19:19:35.008193,0.0,0.0,0.0
2022-01-15 19:19:35.503217,0.0,0.0,0.0
2022-01-15 19:19:36.002312,0.0,0.0,0.0
2022-01-15 19:19:36.508116,0.0,0.0,0.0
2022-01-15 19:19:37.005684,0.0,0.0,0.0
2022-01-15 19:19:37.505446,0.0,0.0,0.0
2022-01-15 19:19:38.004166,0.0,0.0,0.0
2022-01-15 19:19:38.508053,0.0,0.0,0.0
2022-01-15 19:19:39.006344,0.0,0.0,0.0
2022-01-15 19:19:39.510909,0.0,0.0,0.0
2022-01-15 19:19:40.009931,0.0,0.0,0.0
2022-01-15 19:19:40.505227,0.0,0.0,0.0
2022-01-15 19:19:41.003594,0.0,0.0,0.0
2022-01-15 19:19:41.507985,0.0,0.0,0.0
2022-01-15 19:19:42.006842,0.0,0.0,0.0
2022-01-15 19:19:42.502480,0.0,0.0,0.0
2022-01-15 19:19:43.010495,0.0,0.0,0.0
2022-01-15 19:19:43.507069,0.0,0.0,0.0
2022-01-15 19:19:44.004821,0.0,0.0,0.0
2022-01-15 19:19:44.509278,0.0,0.0,0.0
2022-01-15 19:19:45.008219,0.0,0.0,0.0
2022-01-15 19:19:45.502512,0.0,0.0,0.0
2022-01-15 19:19:46.010349,0.0,0.0,0.0
2022-01-15 19:19:46.502650,0.0,0.0,0.0
2022-01-15 19:19:47.011239,0.0,0.0,0.0
2022-01-15 19:19:47.505380,0.0,0.0,0.0
2022-01-15 19:19:48.004345,0.0,0.0,0.0
2022-01-15 19:19:48.508873,0.0,0.0,0.0
2022-01-15 19:19:49.005153,0.0,0.0,0.0
2022-01-15 19:19:49.509231,0.0,0.0,0.0
2022-01-15 19:19:50.006532,0.0,0.0,0.0
2022-01-15 19:19:50.509954,0.0,0.0,0.0
2022-01-15 19:19:51.008241,0.0,0.0,0.0
2022-01-15 19:19:51.501999,0.0,0.0,0.0
2022-01-15 19:19:52.010301,0.0,0.0,0.0
2022-01-15 19:19:52.504300,0.0,0.0,0.0
2022-01-15 19:19:53.001447,0.0,0.0,0.0
2022-01-15 19:19:53.505873,0.0,0.0,0.0
2022-01-15 19:19:54.003639,0.0,0.0,0.0
2022-01-15 19:19:54.508149,0.0,0.0,0.0
2022-01-15 19:19:55.007771,0.0,0.0,0.0
2022-01-15 19:19:55.502967,0.0,0.0,0.0
2022-01-15 19:19:56.010235,0.0,0.0,0.0
2022-01-15 19:19:56.503552,0.0,0.0,0.0
2022-01-15 19:19:57.001070,0.0,0.0,0.0
2022-01-15 19:19:57.505654,0.0,0.0,0.0
2022-01-15 19:19:58.004105,0.0,0.0,0.0
2022-01-15 19:19:58.508984,0.0,0.0,0.0
2022-01-15 19:19:59.006135,0.0,0.0,0.0
2022-01-15 19:19:59.511200,0.0,0.0,0.0
2022-01-15 19:20:00.008572,0.0,0.0,0.0
2022-01-15 19:20:00.503619,0.0,0.0,0.0
2022-01-15 19:20:01.010730,0.0,0.0,0.0
2022-01-15 19:20:01.504056,0.0,0.0,0.0
2022-01-15 19:20:02.001521,0.0,0.0,0.0
2022-01-15 19:20:02.505154,0.0,0.0,0.0
2022-01-15 19:20:03.002846,0.0,0.0,0.0
2022-01-15 19:20:03.506786,0.0,0.0,0.0
2022-01-15 19:20:04.005377,0.0,0.0,0.0
2022-01-15 19:20:04.511039,0.0,0.0,0.0
2022-01-15 19:20:05.009055,0.0,0.0,0.0
2022-01-15 19:20:05.503200,0.0,0.0,0.0
2022-01-15 19:20:06.010526,0.0,0.0,0.0
2022-01-15 19:20:06.503190,0.0,0.0,0.0
2022-01-15 19:20:07.001642,0.0,0.0,0.0
2022-01-15 19:20:07.504643,0.0,0.0,0.0
2022-01-15 19:20:08.001933,0.0,0.0,0.0
2022-01-15 19:20:08.508117,0.0,0.0,0.0
2022-01-15 19:20:09.005465,0.0,0.0,0.0
2022-01-15 19:20:09.509901,0.0,0.0,0.0
2022-01-15 19:20:10.008314,0.0,0.0,0.0
2022-01-15 19:20:10.501599,0.0,0.0,0.0
2022-01-15 19:20:11.010658,0.0,0.0,0.0
2022-01-15 19:20:11.505690,0.0,0.0,0.0
2022-01-15 19:20:12.003502,0.0,0.0,0.0
2022-01-15 19:20:12.507514,0.0,0.0,0.0
2022-01-15 19:20:13.004151,0.0,0.0,0.0
2022-01-15 19:20:13.508480,0.0,0.0,0.0
2022-01-15 19:20:14.006732,0.0,0.0,0.0
2022-01-15 19:20:14.502774,0.0,0.0,0.0
2022-01-15 19:20:15.001350,0.0,0.0,0.0
2022-01-15 19:20:15.505700,0.0,0.0,0.0
2022-01-15 19:20:16.004845,0.0,0.0,0.0
2022-01-15 19:20:16.509648,0.0,0.0,0.0
2022-01-15 19:20:17.007486,0.0,0.0,0.0
2022-01-15 19:20:17.510046,0.0,0.0,0.0
2022-01-15 19:20:18.008595,0.0,0.0,0.0
2022-01-15 19:20:18.503109,0.0,0.0,0.0
2022-01-15 19:20:19.001086,0.0,0.0,0.0
2022-01-15 19:20:19.504352,0.0,0.0,0.0
2022-01-15 19:20:20.001809,0.0,0.0,0.0
2022-01-15 19:20:20.507463,0.0,0.0,0.0
2022-01-15 19:20:21.005301,0.0,0.0,0.0
2022-01-15 19:20:21.502240,0.0,0.0,0.0
2022-01-15 19:20:22.010457,0.0,0.0,0.0
2022-01-15 19:20:22.503996,0.0,0.0,0.0
2022-01-15 19:20:23.001737,0.0,0.0,0.0
2022-01-15 19:20:23.506065,0.0,0.0,0.0
2022-01-15 19:20:24.005564,0.0,0.0,0.0
2022-01-15 19:20:24.508401,0.0,0.0,0.0
2022-01-15 19:20:25.005035,0.0,0.0,0.0
2022-01-15 19:20:25.509132,0.0,0.0,0.0
2022-01-15 19:20:26.005511,0.0,0.0,0.0
2022-01-15 19:20:26.509043,0.0,0.0,0.0
2022-01-15 19:20:27.007290,0.0,0.0,0.0
2022-01-15 19:20:27.501163,0.0,0.0,0.0
2022-01-15 19:20:28.010315,0.0,0.0,0.0
2022-01-15 19:20:28.505591,0.0,0.0,0.0
2022-01-15 19:20:29.004526,0.0,0.0,0.0
2022-01-15 19:20:29.507623,0.0,0.0,0.0
2022-01-15 19:20:30.005656,0.0,0.0,0.0
2022-01-15 19:20:30.509367,0.0,0.0,0.0
2022-01-15 19:20:31.006867,0.0,0.0,0.0
2022-01-15 19:20:31.501232,0.0,0.0,0.0
2022-01-15 19:20:32.009144,0.0,0.0,0.0
2022-01-15 19:20:32.503386,0.0,0.0,0.0
2022-01-15 19:20:33.002215,0.0,0.0,0.0
2022-01-15 19:20:33.505555,0.0,0.0,0.0
2022-01-15 19:20:34.002339,0.0,0.0,0.0
2022-01-15 19:20:34.506409,0.0,0.0,0.0
2022-01-15 19:20:35.005489,0.0,0.0,0.0
2022-01-15 19:20:35.502089,0.0,0.0,0.0
2022-01-15 19:20:36.009736,0.0,0.0,0.0
2022-01-15 19:20:36.503406,0.0,0.0,0.0
2022-01-15 19:20:37.000923,0.0,0.0,0.0
2022-01-15 19:20:37.506358,0.0,0.0,0.0
2022-01-15 19:20:38.005661,0.0,0.0,0.0
2022-01-15 19:20:38.510055,0.0,0.0,0.0
2022-01-15 19:20:39.008213,0.0,0.0,0.0
2022-01-15 19:20:39.501673,0.0,0.0,0.0
2022-01-15 19:20:40.009162,0.0,0.0,0.0
2022-01-15 19:20:40.502388,0.0,0.0,0.0
2022-01-15 19:20:41.009874,0.0,0.0,0.0
2022-01-15 19:20:41.503170,0.0,0.0,0.0
2022-01-15 19:20:42.002222,0.0,0.0,0.0
2022-01-15 19:20:42.508910,0.0,0.0,0.0
2022-01-15 19:20:43.007438,0.0,0.0,0.0
2022-01-15 19:20:43.502815,0.0,0.0,0.0
2022-01-15 19:20:44.001774,0.0,0.0,0.0
2022-01-15 19:20:44.506019,0.0,0.0,0.0
2022-01-15 19:20:45.004839,0.0,0.0,0.0
2022-01-15 19:20:45.507863,0.0,0.0,0.0
2022-01-15 19:20:46.006063,0.0,0.0,0.0
2022-01-15 19:20:46.510422,0.0,0.0,0.0
2022-01-15 19:20:47.008127,0.0,0.0,0.0
2022-01-15 19:20:47.502625,0.0,0.0,0.0
2022-01-15 19:20:48.001772,0.0,0.0,0.0
2022-01-15 19:20:48.504587,0.0,0.0,0.0
2022-01-15 19:20:49.001136,0.0,0.0,0.0
2022-01-15 19:20:49.507455,0.0,0.0,0.0
2022-01-15 19:20:50.005399,0.0,0.0,0.0
2022-01-15 19:20:50.508676,0.0,0.0,0.0
2022-01-15 19:20:51.007026,0.0,0.0,0.0
2022-01-15 19:20:51.501197,0.0,0.0,0.0
2022-01-15 19:20:52.011048,0.0,0.0,0.0
2022-01-15 19:20:52.504451,0.0,0.0,0.0
2022-01-15 19:20:53.004031,0.0,0.0,0.0
2022-01-15 19:20:53.507264,0.0,0.0,0.0
2022-01-15 19:20:54.005371,0.0,0.0,0.0
2022-01-15 19:20:54.509643,0.0,0.0,0.0
2022-01-15 19:20:55.007734,0.0,0.0,0.0
2022-01-15 19:20:55.510733,0.0,0.0,0.0
2022-01-15 19:20:56.008371,0.0,0.0,0.0
2022-01-15 19:20:56.501274,0.0,0.0,0.0
2022-01-15 19:20:57.009456,0.0,0.0,0.0
2022-01-15 19:20:57.502265,0.0,0.0,0.0
2022-01-15 19:20:58.001480,0.0,0.0,0.0
2022-01-15 19:20:58.506138,0.0,0.0,0.0
2022-01-15 19:20:59.003780,0.0,0.0,0.0
2022-01-15 19:20:59.508538,0.0,0.0,0.0
2022-01-15 19:21:00.007642,0.0,0.0,0.0
2022-01-15 19:21:00.503338,0.0,0.0,0.0
2022-01-15 19:21:01.001187,0.0,0.0,0.0
2022-01-15 19:21:01.506707,0.0,0.0,0.0
2022-01-15 19:21:02.005471,0.0,0.0,0.0
2022-01-15 19:21:02.509818,0.0,0.0,0.0
2022-01-15 19:21:03.008210,0.0,0.0,0.0
2022-01-15 19:21:03.503417,0.0,0.0,0.0
2022-01-15 19:21:04.000820,0.0,0.0,0.0
2022-01-15 19:21:04.505164,0.0,0.0,0.0
2022-01-15 19:21:05.003693,0.0,0.0,0.0
2022-01-15 19:21:05.506377,0.0,0.0,0.0
2022-01-15 19:21:06.004595,0.0,0.0,0.0
2022-01-15 19:21:06.509219,0.0,0.0,0.0
2022-01-15 19:21:07.007238,0.0,0.0,0.0
2022-01-15 19:21:07.510464,0.0,0.0,0.0
2022-01-15 19:21:08.008172,0.0,0.0,0.0
2022-01-15 19:21:08.502393,0.0,0.0,0.0
2022-01-15 19:21:09.010654,0.0,0.0,0.0
2022-01-15 19:21:09.507468,0.0,0.0,0.0
2022-01-15 19:21:10.004977,0.0,0.0,0.0
2022-01-15 19:21:10.509220,0.0,0.0,0.0
2022-01-15 19:21:11.005955,0.0,0.0,0.0
2022-01-15 19:21:11.508450,0.0,0.0,0.0
2022-01-15 19:21:12.007239,0.0,0.0,0.0
2022-01-15 19:21:12.501441,0.0,0.0,0.0
2022-01-15 19:21:13.011006,0.0,0.0,0.0
2022-01-15 19:21:13.504138,0.0,0.0,0.0
2022-01-15 19:21:14.001936,0.0,0.0,0.0
2022-01-15 19:21:14.505512,0.0,0.0,0.0
2022-01-15 19:21:15.004255,0.0,0.0,0.0
2022-01-15 19:21:15.508103,0.0,0.0,0.0
2022-01-15 19:21:16.006110,0.0,0.0,0.0
2022-01-15 19:21:16.501484,0.0,0.0,0.0
2022-01-15 19:21:17.009092,0.0,0.0,0.0
2022-01-15 19:21:17.502867,0.0,0.0,0.0
2022-01-15 19:21:18.000813,0.0,0.0,0.0
2022-01-15 19:21:18.505162,0.0,0.0,0.0
2022-01-15 19:21:19.002786,0.0,0.0,0.0
2022-01-15 19:21:19.507144,0.0,0.0,0.0
2022-01-15 19:21:20.004744,0.0,0.0,0.0
2022-01-15 19:21:20.507745,0.0,0.0,0.0
2022-01-15 19:21:21.006201,0.0,0.0,0.0
2022-01-15 19:21:21.510958,0.0,0.0,0.0
2022-01-15 19:21:22.007642,0.0,0.0,0.0
2022-01-15 19:21:22.510591,0.0,0.0,0.0
2022-01-15 19:21:23.007606,0.0,0.0,0.0
2022-01-15 19:21:23.503470,0.0,0.0,0.0
2022-01-15 19:21:24.001418,0.0,0.0,0.0
2022-01-15 19:21:24.506069,0.0,0.0,0.0
2022-01-15 19:21:25.005579,0.0,0.0,0.0
2022-01-15 19:21:25.509685,0.0,0.0,0.0
2022-01-15 19:21:26.008701,0.0,0.0,0.0
2022-01-15 19:21:26.502144,0.0,0.0,0.0
2022-01-15 19:21:27.001148,0.0,0.0,0.0
2022-01-15 19:21:27.505570,0.0,0.0,0.0
2022-01-15 19:21:28.003114,0.0,0.0,0.0
2022-01-15 19:21:28.505711,0.0,0.0,0.0
2022-01-15 19:21:29.002871,0.0,0.0,0.0
2022-01-15 19:21:29.506459,0.0,0.0,0.0
2022-01-15 19:21:30.004903,0.0,0.0,0.0
2022-01-15 19:21:30.509727,0.0,0.0,0.0
2022-01-15 19:21:31.007358,0.0,0.0,0.0
2022-01-15 19:21:31.511050,0.0,0.0,0.0
2022-01-15 19:21:32.008349,0.0,0.0,0.0
2022-01-15 19:21:32.502343,0.0,0.0,0.0
2022-01-15 19:21:33.009886,0.0,0.0,0.0
