時間,回転１,回転２,回転３
2022-01-15 08:00:02.010080,33.0045,33.6835,-0.07822
2022-01-15 08:00:02.506863,33.15922,33.7355,-0.03864
2022-01-15 08:00:03.008691,32.95376,33.78625,-0.03864
2022-01-15 08:00:03.506176,33.05649,33.7355,0.0
2022-01-15 08:00:04.005131,33.98476,33.322,0.0
2022-01-15 08:00:04.503822,33.72732,33.21925,0.0
2022-01-15 08:00:05.001938,33.26318,33.374,0.0
2022-01-15 08:00:05.509103,32.84979,33.322,-0.03864
2022-01-15 08:00:06.007519,32.79905,33.47675,-0.03864
2022-01-15 08:00:06.503724,33.2112,33.52875,0.0
2022-01-15 08:00:07.001635,33.31393,33.426,0.0
2022-01-15 08:00:07.506994,32.95376,33.78625,0.0
2022-01-15 08:00:08.005929,31.92152,33.78625,0.0
2022-01-15 08:00:08.501191,33.26318,33.6835,0.0
2022-01-15 08:00:09.009020,33.67534,33.78625,0.0
2022-01-15 08:00:09.504290,33.36591,33.27125,-0.03864
2022-01-15 08:00:10.001797,32.90177,33.322,-0.03864
2022-01-15 08:00:10.508866,32.64433,33.941,0.0
2022-01-15 08:00:11.006677,34.13947,33.21925,0.0
2022-01-15 08:00:11.502029,33.98476,32.85775,0.0
2022-01-15 08:00:12.002024,33.10847,33.6315,0.0
2022-01-15 08:00:12.507376,32.23094,33.941,0.0
2022-01-15 08:00:13.005831,32.12821,33.6835,0.0
2022-01-15 08:00:13.510451,33.52062,33.52875,-0.03864
2022-01-15 08:00:14.008047,33.77807,33.58075,-0.03864
2022-01-15 08:00:14.502790,32.90177,33.78625,0.0
2022-01-15 08:00:15.002635,32.74706,33.83825,0.0
2022-01-15 08:00:15.507881,33.88203,33.1165,0.0
2022-01-15 08:00:16.006075,33.62335,33.16725,0.0
2022-01-15 08:00:16.501128,32.95376,33.7355,0.0
2022-01-15 08:00:17.009402,32.95376,33.58075,0.0
2022-01-15 08:00:17.503954,33.2112,33.16725,-0.03864
2022-01-15 08:00:18.008732,33.36591,33.52875,-0.03864
2022-01-15 08:00:18.504078,33.2112,34.045,-0.03864
2022-01-15 08:00:19.001730,32.59235,33.89025,-0.03864
2022-01-15 08:00:19.507567,33.52062,33.52875,0.0
2022-01-15 08:00:20.006705,33.4179,33.322,0.0
2022-01-15 08:00:20.502795,33.26318,33.6835,0.0
2022-01-15 08:00:21.002332,33.0045,33.83825,0.0
2022-01-15 08:00:21.507846,32.95376,33.27125,0.0
2022-01-15 08:00:22.006203,33.4179,32.90975,0.0
2022-01-15 08:00:22.502296,33.46864,33.6835,-0.03864
2022-01-15 08:00:23.001571,33.2112,33.6315,-0.03864
2022-01-15 08:00:23.508372,32.33491,33.47675,0.0
2022-01-15 08:00:24.005675,33.15922,33.7355,0.0
2022-01-15 08:00:24.510427,33.52062,33.7355,0.0
2022-01-15 08:00:25.008949,33.4179,33.6835,0.0
2022-01-15 08:00:25.504225,32.74706,33.374,0.0
2022-01-15 08:00:26.001455,32.84979,33.322,0.0
2022-01-15 08:00:26.507138,33.67534,33.83825,0.0
2022-01-15 08:00:27.004245,33.57261,33.374,0.0
2022-01-15 08:00:27.509774,33.26318,33.322,0.0
2022-01-15 08:00:28.008808,32.12821,33.6835,0.0
2022-01-15 08:00:28.505746,32.90177,33.47675,0.0
2022-01-15 08:00:29.005654,34.2422,33.47675,0.0
2022-01-15 08:00:30.006169,32.95376,33.58075,0.0
2022-01-15 08:00:30.501138,32.23094,33.83825,0.0
2022-01-15 08:00:31.009920,33.72732,33.6315,0.0
2022-01-15 08:00:31.504882,34.19146,33.0645,0.0
2022-01-15 08:00:32.001595,33.62335,33.78625,0.0
2022-01-15 08:00:32.508595,32.84979,33.89025,0.0
2022-01-15 08:00:33.006974,32.69508,33.16725,0.0
2022-01-15 08:00:33.502346,33.83005,32.90975,0.0
2022-01-15 08:00:34.010596,33.83005,33.78625,0.0
2022-01-15 08:00:34.506956,33.15922,33.6315,0.0
2022-01-15 08:00:35.005672,32.64433,33.426,0.0
2022-01-15 08:00:35.511167,32.74706,33.58075,0.0
2022-01-15 08:00:36.010336,33.98476,33.6315,0.0
2022-01-15 08:00:36.507405,33.15922,33.83825,0.0
2022-01-15 08:00:37.006087,32.64433,33.52875,0.0
2022-01-15 08:00:37.503706,32.79905,33.16725,0.0
2022-01-15 08:00:38.002443,33.52062,33.7355,0.0
2022-01-15 08:00:38.508609,33.4179,33.6315,0.0
2022-01-15 08:00:39.006332,32.84979,33.52875,0.0
2022-01-15 08:00:39.501399,32.90177,33.47675,0.0
2022-01-15 08:00:40.001631,33.77807,33.27125,0.0
2022-01-15 08:00:40.508206,33.46864,33.78625,0.0
2022-01-15 08:00:41.006475,33.10847,33.7355,0.0
2022-01-15 08:00:41.502324,32.54037,33.47675,0.0
2022-01-15 08:00:42.008545,33.26318,33.6315,0.0
2022-01-15 08:00:42.504386,33.31393,33.426,0.0
2022-01-15 08:00:43.001897,33.26318,33.21925,0.0
2022-01-15 08:00:43.508080,32.79905,33.941,0.0
2022-01-15 08:00:44.005615,33.15922,33.6315,0.0
2022-01-15 08:00:44.501889,33.4179,33.16725,0.0
2022-01-15 08:00:45.010395,33.67534,33.7355,0.0
2022-01-15 08:00:45.505008,32.84979,33.21925,0.0
2022-01-15 08:00:46.002874,32.64433,33.52875,0.0
2022-01-15 08:00:46.508025,32.84979,33.83825,0.0
2022-01-15 08:00:47.005465,33.10847,33.322,0.0
2022-01-15 08:00:47.510588,33.46864,33.47675,0.0
2022-01-15 08:00:48.009070,32.48962,34.045,0.0
2022-01-15 08:00:48.504165,33.0045,33.52875,0.0
2022-01-15 08:00:49.002829,33.4179,33.16725,0.0
2022-01-15 08:00:49.507900,33.36591,33.993,0.0
2022-01-15 08:00:50.007517,32.95376,33.47675,0.0
2022-01-15 08:00:50.511226,32.28292,33.27125,0.0
2022-01-15 08:00:51.007710,32.90177,33.27125,0.0
2022-01-15 08:00:51.503048,34.50088,33.1165,0.0
2022-01-15 08:00:52.001235,33.46864,34.09575,0.0
2022-01-15 08:00:52.507010,32.59235,33.941,0.0
2022-01-15 08:00:53.005246,32.28292,33.21925,0.0
2022-01-15 08:00:53.501031,32.59235,33.322,0.0
2022-01-15 08:00:54.001789,33.26318,33.993,0.0
2022-01-15 08:00:54.506907,32.95376,33.78625,0.0
2022-01-15 08:00:55.004586,33.05649,33.374,0.0
2022-01-15 08:00:55.509080,33.52062,32.90975,0.0
2022-01-15 08:00:56.007482,34.03675,33.322,0.0
2022-01-15 08:00:56.502502,33.36591,33.58075,0.0
2022-01-15 08:00:57.001900,33.0045,33.322,0.0
2022-01-15 08:00:57.506255,32.95376,33.374,0.0
2022-01-15 08:00:58.005772,33.2112,33.7355,0.0
2022-01-15 08:00:58.502927,33.83005,33.83825,0.0
2022-01-15 08:00:59.001948,32.69508,33.78625,0.0
2022-01-15 08:00:59.506903,32.33491,33.374,0.0
2022-01-15 08:01:00.005616,33.88203,33.6835,0.0
2022-01-15 08:01:00.503416,33.77807,33.89025,0.0
2022-01-15 08:01:01.001432,33.4179,33.52875,0.0
2022-01-15 08:01:01.505579,32.64433,33.322,0.0
2022-01-15 08:01:02.004972,32.90177,33.27125,0.0
2022-01-15 08:01:02.509484,33.4179,33.52875,0.0
2022-01-15 08:01:03.007056,34.39692,33.6835,0.0
2022-01-15 08:01:03.502649,33.15922,33.374,0.0
2022-01-15 08:01:04.001852,32.28292,33.58075,0.0
2022-01-15 08:01:04.507484,32.43764,33.83825,-0.03864
2022-01-15 08:01:05.005280,33.10847,33.374,-0.03864
2022-01-15 08:01:05.509952,33.46864,33.6315,-0.03864
2022-01-15 08:01:06.007640,33.10847,33.58075,-0.03864
2022-01-15 08:01:06.502147,32.69508,33.58075,-0.03864
2022-01-15 08:01:07.010289,33.15922,33.426,-0.03864
2022-01-15 08:01:07.505630,33.77807,33.21925,-0.03864
2022-01-15 08:01:08.003418,32.84979,33.47675,-0.03864
2022-01-15 08:01:08.509413,32.95376,33.6315,-0.11781
2022-01-15 08:01:09.008285,33.62335,33.58075,-0.11781
2022-01-15 08:01:09.503203,33.88203,33.52875,-0.03864
2022-01-15 08:01:10.011008,33.10847,34.045,-0.03864
2022-01-15 08:01:10.506126,32.43764,33.6835,-0.03864
2022-01-15 08:01:11.004403,32.90177,33.322,-0.03864
2022-01-15 08:01:11.508050,33.46864,33.374,-0.03864
2022-01-15 08:01:12.006390,34.13947,33.7355,-0.03864
2022-01-15 08:01:12.502981,33.36591,33.78625,-0.03864
2022-01-15 08:01:13.504702,31.66407,32.90975,0.0
2022-01-15 08:01:14.003387,34.2422,33.941,0.0
2022-01-15 08:01:14.507303,33.67534,33.78625,0.0
2022-01-15 08:01:15.005371,33.52062,33.374,0.0
2022-01-15 08:01:15.509737,32.48962,33.6315,-0.03864
2022-01-15 08:01:16.008112,33.31393,33.374,-0.03864
2022-01-15 08:01:16.504667,33.26318,33.89025,0.0
2022-01-15 08:01:17.001768,32.95376,33.78625,0.0
2022-01-15 08:01:17.508918,32.43764,32.96175,-0.03864
2022-01-15 08:01:18.006631,34.03675,33.47675,-0.03864
2022-01-15 08:01:18.501506,33.15922,34.09575,0.0
2022-01-15 08:01:19.001402,32.69508,33.47675,0.0
2022-01-15 08:01:19.506500,33.15922,32.755,0.0
2022-01-15 08:01:20.008082,33.4179,33.6835,0.0
2022-01-15 08:01:20.503481,33.57261,34.09575,0.0
2022-01-15 08:01:21.001240,33.15922,33.6835,0.0
2022-01-15 08:01:21.505712,32.54037,33.16725,0.0
2022-01-15 08:01:22.003534,33.0045,33.6835,0.0
2022-01-15 08:01:22.508358,33.77807,33.6835,0.0
2022-01-15 08:01:23.005792,33.15922,33.426,0.0
2022-01-15 08:01:23.502724,32.64433,33.52875,0.0
2022-01-15 08:01:24.011010,33.2112,33.6315,0.0
2022-01-15 08:01:24.506817,33.26318,33.16725,0.0
2022-01-15 08:01:25.004982,33.26318,33.58075,0.0
2022-01-15 08:01:25.508978,33.46864,33.89025,0.0
2022-01-15 08:01:26.006605,32.74706,33.47675,0.0
2022-01-15 08:01:26.502761,33.2112,33.52875,0.0
2022-01-15 08:01:27.003195,33.31393,33.7355,0.0
2022-01-15 08:01:27.507646,33.57261,33.374,0.0
2022-01-15 08:01:28.005420,33.36591,33.78625,0.0
2022-01-15 08:01:28.510611,32.54037,33.78625,-0.03864
2022-01-15 08:01:29.009523,32.95376,32.703,-0.03864
2022-01-15 08:01:29.503500,33.72732,33.941,0.0
2022-01-15 08:01:30.001278,33.62335,34.09575,0.0
2022-01-15 08:01:30.508099,32.90177,33.21925,0.0
2022-01-15 08:01:31.005739,32.23094,33.27125,0.0
2022-01-15 08:01:31.501315,33.36591,33.426,0.0
2022-01-15 08:01:32.007902,34.19146,33.89025,0.0
2022-01-15 08:01:32.502708,33.26318,33.58075,0.0
2022-01-15 08:01:33.001206,32.07623,32.96175,0.0
2022-01-15 08:01:33.504867,31.9735,33.47675,0.0
2022-01-15 08:01:34.003749,34.60361,33.941,0.0
2022-01-15 08:01:34.509261,33.36591,33.27125,0.0
2022-01-15 08:01:35.008929,33.57261,33.21925,0.0
2022-01-15 08:01:35.505057,32.28292,33.6315,0.0
2022-01-15 08:01:36.002867,31.87077,33.47675,0.0
2022-01-15 08:01:36.510296,33.83005,34.14775,0.0
2022-01-15 08:01:37.009268,33.4179,33.47675,0.0
2022-01-15 08:01:37.506765,32.79905,32.96175,0.0
2022-01-15 08:01:38.005420,32.33491,33.78625,0.0
2022-01-15 08:01:38.501125,33.46864,33.78625,0.0
2022-01-15 08:01:39.001207,33.36591,33.322,0.0
2022-01-15 08:01:39.505399,32.59235,33.426,0.0
2022-01-15 08:01:40.003400,33.52062,33.7355,0.0
2022-01-15 08:01:40.509154,33.2112,33.374,0.0
2022-01-15 08:01:41.007092,33.31393,33.89025,0.0
2022-01-15 08:01:41.502429,32.90177,33.47675,0.0
2022-01-15 08:01:42.011016,33.77807,33.322,0.0
2022-01-15 08:01:42.506310,33.98476,33.89025,0.0
2022-01-15 08:01:43.003811,33.26318,33.426,0.0
2022-01-15 08:01:43.507329,32.95376,33.21925,0.0
2022-01-15 08:01:44.005840,32.33491,33.83825,0.0
2022-01-15 08:01:44.502182,33.0045,33.426,0.03864
2022-01-15 08:01:45.011001,33.4179,33.47675,0.03864
2022-01-15 08:01:45.505491,33.4179,33.6315,-0.03864
2022-01-15 08:01:46.005066,33.2112,33.426,-0.03864
2022-01-15 08:01:46.510227,32.74706,33.426,0.0
2022-01-15 08:01:47.007880,33.2112,33.426,0.0
2022-01-15 08:01:47.502347,33.72732,33.6835,0.0
2022-01-15 08:01:48.001240,33.31393,33.7355,0.0
2022-01-15 08:01:48.506103,32.59235,33.47675,0.0
2022-01-15 08:01:49.004324,33.15922,33.27125,0.0
2022-01-15 08:01:49.509225,33.88203,33.6315,0.0
2022-01-15 08:01:50.009021,34.03675,33.941,0.0
2022-01-15 08:01:50.504221,33.15922,33.426,0.0
2022-01-15 08:01:51.010941,32.43764,33.374,0.0
2022-01-15 08:01:51.508532,31.7668,33.83825,0.0
2022-01-15 08:01:52.006080,33.2112,33.78625,0.0
2022-01-15 08:01:52.510905,33.46864,33.52875,0.0
2022-01-15 08:01:53.008504,32.84979,33.426,0.0
2022-01-15 08:01:53.502857,33.0045,33.27125,0.0
2022-01-15 08:01:54.002523,33.57261,33.993,0.0
2022-01-15 08:01:54.508560,33.26318,33.6315,0.0
2022-01-15 08:01:55.007801,32.95376,33.0645,0.0
2022-01-15 08:01:55.504062,32.84979,33.374,0.0
2022-01-15 08:01:56.001534,33.4179,34.045,0.0
2022-01-15 08:01:56.506928,34.08749,33.58075,0.0
2022-01-15 08:01:57.005059,33.36591,33.21925,0.0
2022-01-15 08:01:57.509351,32.69508,33.374,0.0
2022-01-15 08:01:58.008195,32.1802,33.7355,0.0
2022-01-15 08:01:58.505808,33.57261,33.89025,0.0
2022-01-15 08:01:59.004597,33.2112,33.426,0.0
2022-01-15 08:01:59.509868,33.26318,33.322,0.0
2022-01-15 08:02:00.006968,32.90177,33.7355,0.0
2022-01-15 08:02:00.511009,32.74706,33.58075,0.0
2022-01-15 08:02:01.010982,33.4179,33.47675,0.0
2022-01-15 08:02:01.507447,33.05649,33.52875,0.0
2022-01-15 08:02:02.006922,33.15922,33.83825,0.0
2022-01-15 08:02:02.501647,33.26318,33.6315,0.0
2022-01-15 08:02:03.010956,33.0045,33.47675,0.0
2022-01-15 08:02:03.506815,33.4179,33.322,0.0
2022-01-15 08:02:04.006522,33.10847,33.6315,0.0
2022-01-15 08:02:04.502463,33.10847,33.7355,0.0
2022-01-15 08:02:05.001842,33.31393,33.27125,0.0
2022-01-15 08:02:05.506771,33.36591,33.7355,0.0
2022-01-15 08:02:06.005852,33.05649,33.47675,0.0
2022-01-15 08:02:06.510259,33.2112,33.27125,0.0
2022-01-15 08:02:07.009096,32.74706,33.83825,0.0
2022-01-15 08:02:07.502738,33.26318,33.6835,0.0
2022-01-15 08:02:08.001236,33.46864,33.21925,0.0
2022-01-15 08:02:08.508099,32.79905,33.7355,0.0
2022-01-15 08:02:09.007127,32.84979,33.0645,0.0
2022-01-15 08:02:09.501118,33.46864,33.426,0.0
2022-01-15 08:02:10.007577,33.93278,34.3025,0.0
2022-01-15 08:02:10.501284,33.31393,33.322,0.0
2022-01-15 08:02:11.010291,32.48962,32.85775,0.0
2022-01-15 08:02:11.508238,31.87077,33.83825,-0.03864
2022-01-15 08:02:12.006687,33.93278,33.83825,-0.03864
2022-01-15 08:02:12.508834,32.90177,33.27125,-0.03864
2022-01-15 08:02:13.004754,32.59235,33.426,-0.03864
2022-01-15 08:02:13.510465,32.12821,33.47675,-0.03864
2022-01-15 08:02:14.009286,32.43764,33.89025,-0.03864
2022-01-15 08:02:14.506432,34.13947,33.47675,-0.03864
2022-01-15 08:02:15.004613,33.4179,33.1165,-0.03864
2022-01-15 08:02:15.510394,32.69508,33.83825,-0.03864
2022-01-15 08:02:16.008661,32.1802,33.78625,-0.03864
2022-01-15 08:02:16.502532,33.83005,33.52875,-0.19604
2022-01-15 08:02:17.010557,33.2112,33.322,-0.19604
2022-01-15 08:02:17.505677,32.38565,33.374,-0.03864
2022-01-15 08:02:18.003364,32.64433,33.89025,-0.03864
2022-01-15 08:02:18.510479,33.46864,33.52875,0.0
2022-01-15 08:02:19.009634,33.4179,33.16725,0.0
2022-01-15 08:02:19.505264,32.69508,33.58075,-0.03864
2022-01-15 08:02:20.004498,33.4179,33.6315,-0.03864
2022-01-15 08:02:20.508759,33.57261,33.322,0.0
2022-01-15 08:02:21.008328,33.4179,33.941,0.0
2022-01-15 08:02:21.502907,32.90177,33.6315,-0.03864
2022-01-15 08:02:22.002185,32.38565,33.47675,-0.03864
2022-01-15 08:02:22.509846,33.31393,33.7355,-0.03864
2022-01-15 08:02:23.008093,33.72732,33.426,-0.03864
2022-01-15 08:02:23.504835,33.52062,33.426,0.0
2022-01-15 08:02:24.002912,32.59235,33.6835,0.0
2022-01-15 08:02:24.507448,32.43764,33.16725,-0.03864
2022-01-15 08:02:25.006900,33.31393,33.426,-0.03864
2022-01-15 08:02:25.503069,33.46864,33.89025,0.0
2022-01-15 08:02:26.001796,32.84979,33.21925,0.0
2022-01-15 08:02:26.508337,32.54037,33.27125,0.0
2022-01-15 08:02:27.005258,33.46864,34.2505,0.0
2022-01-15 08:02:27.508550,33.62335,33.78625,0.0
2022-01-15 08:02:28.006928,33.62335,33.322,0.0
2022-01-15 08:02:28.501058,32.79905,33.27125,0.0
2022-01-15 08:02:29.009244,32.54037,33.47675,0.0
2022-01-15 08:02:29.503847,32.54037,33.78625,0.0
2022-01-15 08:02:30.002373,33.83005,33.47675,0.0
2022-01-15 08:02:30.507797,33.52062,33.322,-0.03864
2022-01-15 08:02:31.005146,32.38565,33.374,-0.03864
2022-01-15 08:02:31.510156,32.23094,33.83825,0.0
2022-01-15 08:02:32.008113,33.83005,33.83825,0.0
2022-01-15 08:02:32.504780,33.46864,33.7355,0.0
2022-01-15 08:02:33.002774,32.79905,33.58075,0.0
2022-01-15 08:02:33.506985,32.48962,33.6315,0.0
2022-01-15 08:02:34.005647,32.38565,33.6835,0.0
2022-01-15 08:02:34.510331,34.08749,33.27125,0.0
2022-01-15 08:02:35.009575,33.52062,33.1165,0.0
2022-01-15 08:02:35.503434,32.59235,33.83825,0.0
2022-01-15 08:02:36.004796,32.64433,33.7355,0.0
2022-01-15 08:02:36.511082,33.36591,33.322,0.0
2022-01-15 08:02:37.008659,33.72732,33.16725,0.0
2022-01-15 08:02:37.504256,33.05649,33.83825,0.0
2022-01-15 08:02:38.010669,32.54037,33.89025,0.0
2022-01-15 08:02:38.504520,32.79905,33.78625,0.0
2022-01-15 08:02:39.001462,33.2112,33.426,0.0
2022-01-15 08:02:39.507269,33.10847,33.27125,0.0
2022-01-15 08:02:40.005194,33.57261,33.78625,0.0
2022-01-15 08:02:40.511085,33.72732,33.52875,0.0
2022-01-15 08:02:41.008887,33.10847,33.21925,0.0
2022-01-15 08:02:41.504108,33.2112,33.58075,0.0
2022-01-15 08:02:42.002514,32.69508,33.7355,0.0
2022-01-15 08:02:42.508206,33.36591,33.374,0.0
2022-01-15 08:02:43.006945,33.26318,33.83825,0.0
2022-01-15 08:02:43.504225,33.15922,33.78625,0.0
2022-01-15 08:02:44.003000,32.43764,33.47675,0.0
2022-01-15 08:02:44.507562,33.05649,33.89025,0.0
2022-01-15 08:02:45.005790,33.77807,33.47675,0.0
2022-01-15 08:02:45.501500,33.10847,33.16725,0.0
2022-01-15 08:02:46.010935,33.0045,33.6835,0.0
2022-01-15 08:02:46.510163,32.59235,33.322,0.0
2022-01-15 08:02:47.009251,33.62335,33.374,0.0
2022-01-15 08:02:47.504010,33.77807,33.78625,0.0
2022-01-15 08:02:48.001776,33.67534,33.52875,0.0
2022-01-15 08:02:48.507252,33.0045,33.426,0.0
2022-01-15 08:02:49.003637,32.84979,33.7355,0.0
2022-01-15 08:02:49.509006,32.54037,33.6835,0.0
2022-01-15 08:02:50.009237,33.67534,33.941,0.0
2022-01-15 08:02:50.505236,33.62335,33.322,0.0
2022-01-15 08:02:51.002989,32.69508,32.96175,0.0
2022-01-15 08:02:51.507289,32.28292,33.89025,0.0
2022-01-15 08:02:52.005086,33.2112,33.6835,0.0
2022-01-15 08:02:52.508971,33.57261,33.0125,0.0
2022-01-15 08:02:53.006954,33.2112,33.52875,0.0
2022-01-15 08:02:53.501660,32.84979,33.78625,-0.03864
2022-01-15 08:02:54.010836,33.52062,33.6835,-0.03864
2022-01-15 08:02:54.507054,34.2422,33.6835,0.0
2022-01-15 08:02:55.006974,33.52062,33.322,0.0
2022-01-15 08:02:55.511040,32.48962,33.89025,0.0
2022-01-15 08:02:56.009193,32.1802,33.941,0.0
2022-01-15 08:02:56.504711,34.03675,33.47675,0.0
2022-01-15 08:02:57.002513,34.08749,32.90975,0.0
2022-01-15 08:02:57.508485,33.26318,33.6315,0.0
2022-01-15 08:02:58.006253,32.43764,33.78625,0.0
2022-01-15 08:02:58.501271,32.79905,33.322,0.0
2022-01-15 08:02:59.010198,33.72732,33.374,0.0
2022-01-15 08:02:59.507130,33.36591,33.6315,0.0
2022-01-15 08:03:00.005161,32.74706,33.993,0.0
2022-01-15 08:03:00.502100,32.90177,33.58075,0.0
2022-01-15 08:03:01.001848,33.15922,33.21925,0.0
2022-01-15 08:03:01.506313,33.36591,33.83825,0.0
2022-01-15 08:03:02.003247,32.59235,33.52875,0.0
2022-01-15 08:03:02.508122,32.90177,33.426,0.0
2022-01-15 08:03:03.007432,33.57261,33.58075,0.0
2022-01-15 08:03:03.501353,33.10847,33.322,0.0
2022-01-15 08:03:04.009406,33.0045,33.78625,0.0
2022-01-15 08:03:04.504634,33.2112,33.426,0.0
2022-01-15 08:03:05.002388,33.36591,33.374,0.0
2022-01-15 08:03:05.509219,33.31393,33.941,0.0
2022-01-15 08:03:06.006298,33.52062,33.6835,0.0
2022-01-15 08:03:06.503213,32.84979,33.27125,0.0
2022-01-15 08:03:07.010848,33.15922,33.89025,0.0
2022-01-15 08:03:07.508767,33.31393,33.6835,0.0
2022-01-15 08:03:08.007482,33.57261,33.27125,0.0
2022-01-15 08:03:08.501646,33.05649,33.58075,0.0
2022-01-15 08:03:09.009753,32.74706,33.52875,0.0
2022-01-15 08:03:09.505741,32.79905,33.52875,0.0
2022-01-15 08:03:10.004765,33.77807,33.52875,0.0
2022-01-15 08:03:10.509748,33.77807,33.322,0.0
2022-01-15 08:03:11.009572,32.95376,33.47675,0.0
2022-01-15 08:03:11.506661,32.54037,34.14775,0.0
2022-01-15 08:03:12.004767,33.2112,33.58075,0.0
2022-01-15 08:03:12.509378,34.29419,33.322,0.0
2022-01-15 08:03:13.009458,33.31393,33.7355,0.0
2022-01-15 08:03:13.505632,33.57261,33.78625,0.0
2022-01-15 08:03:14.004396,32.43764,33.6315,0.0
2022-01-15 08:03:14.510702,33.67534,33.426,0.0
2022-01-15 08:03:15.009582,33.52062,33.21925,0.0
2022-01-15 08:03:15.505456,32.79905,33.7355,0.0
2022-01-15 08:03:16.005116,32.79905,33.47675,0.0
2022-01-15 08:03:16.509959,33.62335,33.16725,0.0
2022-01-15 08:03:17.007722,34.08749,33.78625,0.0
2022-01-15 08:03:17.503410,33.2112,33.6315,0.0
2022-01-15 08:03:18.002243,32.59235,33.58075,0.0
2022-01-15 08:03:18.508244,32.59235,33.6835,0.0
2022-01-15 08:03:19.007275,33.52062,33.52875,0.0
2022-01-15 08:03:19.501848,33.57261,33.374,0.0
2022-01-15 08:03:20.011221,32.69508,33.78625,0.0
2022-01-15 08:03:20.507544,33.31393,33.322,0.0
2022-01-15 08:03:21.005153,33.77807,33.27125,0.0
2022-01-15 08:03:21.511100,33.62335,33.58075,0.0
2022-01-15 08:03:22.009617,32.95376,33.52875,0.0
2022-01-15 08:03:22.505715,32.64433,33.58075,0.0
2022-01-15 08:03:23.003755,33.52062,33.6835,0.0
2022-01-15 08:03:23.508588,33.57261,33.78625,-0.03864
2022-01-15 08:03:24.007067,33.52062,33.374,-0.03864
2022-01-15 08:03:24.503819,32.38565,34.045,-0.03864
2022-01-15 08:03:25.001639,32.54037,33.941,-0.03864
2022-01-15 08:03:25.509188,33.15922,32.90975,0.0
2022-01-15 08:03:26.008433,33.67534,33.16725,0.0
2022-01-15 08:03:26.505099,32.74706,33.426,0.0
2022-01-15 08:03:27.003285,32.69508,33.47675,0.0
2022-01-15 08:03:27.508355,33.67534,33.7355,0.15645
2022-01-15 08:03:28.005523,34.34617,33.6315,0.15645
2022-01-15 08:03:28.510479,33.46864,33.322,-0.03864
2022-01-15 08:03:29.009667,32.90177,33.89025,-0.03864
2022-01-15 08:03:29.503594,32.69508,33.7355,-0.03864
2022-01-15 08:03:30.002699,34.2422,33.322,-0.03864
2022-01-15 08:03:30.508432,34.34617,33.47675,-0.03864
2022-01-15 08:03:31.006137,33.26318,33.58075,-0.03864
2022-01-15 08:03:31.502303,32.54037,33.52875,-0.03864
2022-01-15 08:03:32.011229,32.12821,33.322,-0.03864
2022-01-15 08:03:32.506507,33.26318,33.21925,-0.07822
2022-01-15 08:03:33.006835,33.4179,33.52875,-0.07822
2022-01-15 08:03:33.502782,32.59235,34.19975,-0.03864
2022-01-15 08:03:34.009703,33.4179,33.6315,-0.03864
2022-01-15 08:03:34.504771,33.98476,33.426,-0.03864
2022-01-15 08:03:35.003095,33.98476,33.58075,-0.03864
2022-01-15 08:03:35.507523,33.05649,33.83825,-0.03864
2022-01-15 08:03:36.007662,32.69508,33.83825,-0.03864
2022-01-15 08:03:36.502143,33.52062,33.21925,-0.03864
2022-01-15 08:03:37.011151,33.77807,32.807,-0.03864
2022-01-15 08:03:37.507210,33.15922,33.83825,0.0
2022-01-15 08:03:38.005983,32.43764,33.47675,0.0
2022-01-15 08:03:38.501125,32.64433,33.21925,-0.03864
2022-01-15 08:03:39.009654,33.46864,33.6315,-0.03864
2022-01-15 08:03:39.504693,33.52062,34.09575,0.0
2022-01-15 08:03:40.001816,33.2112,33.83825,0.0
2022-01-15 08:03:40.507123,32.84979,33.58075,-0.03864
2022-01-15 08:03:41.005068,33.57261,33.21925,-0.03864
2022-01-15 08:03:41.510874,33.36591,33.78625,0.0
2022-01-15 08:03:42.009106,33.10847,33.6835,0.0
2022-01-15 08:03:42.503150,32.84979,33.21925,0.0
2022-01-15 08:03:43.011147,33.31393,33.27125,0.0
2022-01-15 08:03:43.505458,33.57261,33.322,-0.03864
2022-01-15 08:03:44.003587,33.67534,33.58075,-0.03864
2022-01-15 08:03:44.510602,32.95376,33.6835,0.0
2022-01-15 08:03:45.011105,33.4179,33.7355,0.0
2022-01-15 08:03:45.505431,33.67534,33.941,0.0
2022-01-15 08:03:46.004984,33.2112,33.6835,0.0
2022-01-15 08:03:46.510918,33.15922,33.1165,-0.03864
2022-01-15 08:03:47.011216,32.54037,33.6835,-0.03864
2022-01-15 08:03:47.506258,32.43764,33.78625,0.0
2022-01-15 08:03:48.005161,34.13947,33.21925,0.0
2022-01-15 08:03:48.510907,33.62335,33.0645,0.0
2022-01-15 08:03:49.008796,32.74706,33.78625,0.0
2022-01-15 08:03:49.504296,32.54037,33.47675,0.0
2022-01-15 08:03:50.001961,33.46864,33.426,0.0
2022-01-15 08:03:50.506649,33.93278,33.941,-0.03864
2022-01-15 08:03:51.005947,33.52062,33.58075,-0.03864
2022-01-15 08:03:51.510811,32.95376,34.045,0.0
2022-01-15 08:03:52.008894,32.28292,33.7355,0.0
2022-01-15 08:03:52.503629,33.0045,33.0645,0.0
2022-01-15 08:03:53.002284,33.57261,33.6315,0.0
2022-01-15 08:03:53.510472,32.74706,33.993,0.0
2022-01-15 08:03:54.009906,32.79905,33.58075,0.0
2022-01-15 08:03:54.503928,33.4179,32.807,0.0
2022-01-15 08:03:55.002905,34.03675,33.6315,0.0
2022-01-15 08:03:55.507793,33.31393,34.40525,0.0
2022-01-15 08:03:56.006533,32.43764,33.993,0.0
2022-01-15 08:03:56.501573,32.02548,33.0645,0.0
2022-01-15 08:03:57.008501,33.36591,33.52875,0.0
2022-01-15 08:03:57.502834,33.52062,33.89025,0.0
2022-01-15 08:03:58.001103,32.54037,33.426,0.0
2022-01-15 08:03:58.505416,33.10847,33.1165,0.0
2022-01-15 08:03:59.003912,33.93278,33.6315,0.0
2022-01-15 08:03:59.511123,33.88203,33.6315,0.0
2022-01-15 08:04:00.008610,32.74706,33.47675,0.0
2022-01-15 08:04:00.510746,32.74706,33.374,0.0
2022-01-15 08:04:01.009339,33.62335,33.47675,0.0
2022-01-15 08:04:01.504846,33.46864,33.89025,0.0
2022-01-15 08:04:02.001800,33.4179,33.426,0.0
2022-01-15 08:04:02.506359,32.79905,33.78625,0.0
2022-01-15 08:04:03.005201,32.95376,33.426,0.0
2022-01-15 08:04:03.510950,33.52062,33.58075,0.0
2022-01-15 08:04:04.008865,33.36591,33.426,0.0
2022-01-15 08:04:04.503881,32.69508,33.7355,0.0
2022-01-15 08:04:05.010971,33.62335,33.6835,0.0
2022-01-15 08:04:05.505047,32.84979,33.52875,0.0
2022-01-15 08:04:06.003478,33.83005,33.426,0.0
2022-01-15 08:04:06.508091,33.4179,33.47675,0.0
2022-01-15 08:04:07.005593,33.0045,33.78625,0.0
2022-01-15 08:04:07.502296,32.43764,33.7355,0.0
2022-01-15 08:04:08.009958,33.2112,33.374,0.0
2022-01-15 08:04:08.506344,33.52062,33.52875,0.0
2022-01-15 08:04:09.005720,32.90177,33.941,0.0
2022-01-15 08:04:09.511138,32.74706,33.58075,0.0
2022-01-15 08:04:10.008973,33.0045,33.16725,0.0
2022-01-15 08:04:10.504206,33.62335,33.7355,0.0
2022-01-15 08:04:11.003110,33.31393,33.6315,0.0
2022-01-15 08:04:11.508358,32.48962,33.426,0.0
2022-01-15 08:04:12.005492,32.38565,33.374,0.0
2022-01-15 08:04:12.502106,33.46864,33.6835,0.0
2022-01-15 08:04:13.009541,33.77807,33.52875,0.0
2022-01-15 08:04:13.504576,33.0045,33.89025,0.0
2022-01-15 08:04:14.002882,32.90177,33.426,0.0
2022-01-15 08:04:14.508522,32.38565,33.0645,0.0
2022-01-15 08:04:15.006697,33.10847,33.993,0.0
2022-01-15 08:04:15.510306,33.36591,33.7355,0.0
2022-01-15 08:04:16.010096,32.69508,33.322,0.0
2022-01-15 08:04:16.506963,32.59235,33.58075,0.0
2022-01-15 08:04:17.004448,33.67534,33.6315,0.0
2022-01-15 08:04:17.508250,33.36591,33.47675,0.0
2022-01-15 08:04:18.006279,32.84979,33.6835,0.0
2022-01-15 08:04:18.501425,32.84979,33.322,0.0
2022-01-15 08:04:19.009892,33.36591,33.83825,0.0
2022-01-15 08:04:19.505940,33.52062,33.58075,0.0
2022-01-15 08:04:20.003429,32.95376,33.426,0.0
2022-01-15 08:04:20.508195,32.74706,33.6835,0.0
2022-01-15 08:04:21.007206,33.15922,33.7355,0.0
2022-01-15 08:04:21.502385,33.88203,33.47675,0.0
2022-01-15 08:04:22.001037,33.62335,33.941,0.0
2022-01-15 08:04:22.506088,32.74706,33.52875,0.0
2022-01-15 08:04:23.004221,32.69508,32.96175,0.0
2022-01-15 08:04:23.510730,33.52062,33.7355,0.0
2022-01-15 08:04:24.008109,33.4179,33.6315,0.0
2022-01-15 08:04:24.503318,33.46864,33.58075,0.0
2022-01-15 08:04:25.001594,32.79905,33.6835,0.0
2022-01-15 08:04:25.509233,32.54037,33.52875,0.0
2022-01-15 08:04:26.007061,33.88203,33.47675,0.0
2022-01-15 08:04:26.503722,33.57261,33.89025,0.0
2022-01-15 08:04:27.001272,32.74706,33.6835,0.0
2022-01-15 08:04:27.506265,32.59235,33.47675,0.0
2022-01-15 08:04:28.005179,32.84979,33.47675,0.0
2022-01-15 08:04:28.509775,33.77807,33.0125,0.0
2022-01-15 08:04:29.008699,33.31393,34.09575,0.0
2022-01-15 08:04:29.504820,32.48962,33.83825,0.0
2022-01-15 08:04:30.004743,32.54037,33.0645,0.0
2022-01-15 08:04:30.510598,33.77807,33.6315,0.0
2022-01-15 08:04:31.008582,33.93278,33.941,0.0
2022-01-15 08:04:31.504092,32.95376,33.52875,0.0
2022-01-15 08:04:32.001754,32.43764,33.47675,0.0
2022-01-15 08:04:32.507540,32.07623,33.426,0.0
2022-01-15 08:04:33.005110,33.36591,33.6835,0.0
2022-01-15 08:04:33.510433,33.31393,33.941,0.0
2022-01-15 08:04:34.009622,32.90177,33.0645,0.0
2022-01-15 08:04:34.501793,32.59235,33.0125,0.0
2022-01-15 08:04:35.001204,33.52062,34.09575,0.0
2022-01-15 08:04:35.505766,33.4179,33.83825,0.0
2022-01-15 08:04:36.005509,32.64433,33.16725,0.0
2022-01-15 08:04:36.501653,33.52062,33.374,0.0
2022-01-15 08:04:37.009582,34.2422,33.993,0.0
2022-01-15 08:04:37.503825,33.72732,33.83825,0.0
2022-01-15 08:04:38.002965,32.84979,33.426,0.0
2022-01-15 08:04:38.509877,32.59235,33.1165,0.0
2022-01-15 08:04:39.007850,33.15922,33.6315,0.0
2022-01-15 08:04:39.503610,33.57261,33.47675,0.0
2022-01-15 08:04:40.002148,33.26318,33.47675,0.0
2022-01-15 08:04:40.507077,32.48962,33.374,0.0
2022-01-15 08:04:41.004976,33.31393,33.6315,0.0
2022-01-15 08:04:41.509011,33.4179,33.941,0.0
2022-01-15 08:04:42.006143,33.4179,33.374,0.0
2022-01-15 08:04:42.510218,32.69508,33.52875,0.0
2022-01-15 08:04:43.008638,32.48962,33.6315,0.0
2022-01-15 08:04:43.502379,33.57261,33.6315,0.0
2022-01-15 08:04:44.505271,33.4179,33.52875,0.0
2022-01-15 08:04:45.004520,32.43764,33.6835,0.0
2022-01-15 08:04:45.511026,32.59235,33.374,0.0
2022-01-15 08:04:46.009369,33.72732,33.58075,0.0
2022-01-15 08:04:46.502939,33.67534,33.6315,0.0
2022-01-15 08:04:47.002207,32.79905,33.6835,0.0
2022-01-15 08:04:47.507641,32.74706,33.7355,0.0
2022-01-15 08:04:48.006193,33.31393,33.21925,0.0
2022-01-15 08:04:48.510935,33.72732,33.58075,0.0
2022-01-15 08:04:49.008922,33.36591,33.993,0.0
2022-01-15 08:04:49.503463,32.38565,33.374,0.0
2022-01-15 08:04:50.002274,33.2112,33.0125,0.0
2022-01-15 08:04:50.507840,34.13947,33.58075,0.0
2022-01-15 08:04:51.006461,34.08749,33.993,0.0
2022-01-15 08:04:51.501487,33.26318,33.426,0.0
2022-01-15 08:04:52.011084,32.43764,33.374,0.0
2022-01-15 08:04:52.506795,33.2112,33.78625,0.0
2022-01-15 08:04:53.004657,34.60361,33.6315,0.0
2022-01-15 08:04:53.510780,33.46864,33.47675,0.0
2022-01-15 08:04:54.008448,32.79905,33.47675,0.0
2022-01-15 08:04:54.502804,32.1802,33.322,0.0
2022-01-15 08:04:55.001211,31.9735,33.7355,0.0
2022-01-15 08:04:55.505267,34.19146,33.6835,0.0
2022-01-15 08:04:56.003066,33.26318,33.21925,0.0
2022-01-15 08:04:56.510020,32.79905,33.374,0.0
2022-01-15 08:04:57.008966,32.38565,34.09575,0.0
2022-01-15 08:04:57.504378,33.46864,33.6315,0.0
2022-01-15 08:04:58.001665,33.15922,33.426,0.0
2022-01-15 08:04:58.506156,32.69508,33.58075,0.0
2022-01-15 08:04:59.005508,32.69508,33.52875,0.0
2022-01-15 08:04:59.511019,33.26318,33.6835,0.0
2022-01-15 08:05:00.008533,33.4179,33.47675,0.0
2022-01-15 08:05:00.509283,32.59235,33.374,0.0
2022-01-15 08:05:01.006273,32.48962,33.6315,0.0
2022-01-15 08:05:01.501718,33.72732,33.27125,0.0
2022-01-15 08:05:02.008724,33.57261,33.7355,0.0
2022-01-15 08:05:02.503546,33.0045,33.941,0.0
2022-01-15 08:05:03.001688,33.15922,33.47675,0.0
2022-01-15 08:05:03.507014,33.26318,33.6835,0.0
2022-01-15 08:05:04.005386,33.36591,33.426,0.0
2022-01-15 08:05:04.501194,33.31393,33.47675,0.0
2022-01-15 08:05:05.001114,32.38565,33.6315,0.0
2022-01-15 08:05:05.507581,33.36591,33.426,0.0
2022-01-15 08:05:06.006222,33.57261,33.21925,0.0
2022-01-15 08:05:06.501306,33.36591,34.045,0.0
2022-01-15 08:05:07.010304,32.90177,33.6315,0.0
2022-01-15 08:05:07.506730,32.79905,33.1165,0.0
2022-01-15 08:05:08.005370,33.62335,34.19975,0.0
2022-01-15 08:05:09.003477,33.52062,33.83825,0.0
2022-01-15 08:05:09.501499,32.90177,33.941,0.0
2022-01-15 08:05:10.009970,32.95376,33.16725,0.0
2022-01-15 08:05:10.504349,33.05649,33.322,0.0
2022-01-15 08:05:11.001776,33.77807,34.045,0.0
2022-01-15 08:05:11.508282,33.31393,33.426,0.0
2022-01-15 08:05:12.007585,32.33491,32.65225,0.0
2022-01-15 08:05:12.503141,32.54037,33.7355,0.0
2022-01-15 08:05:13.001839,33.36591,34.19975,0.0
2022-01-15 08:05:13.509268,33.57261,33.47675,0.0
2022-01-15 08:05:14.008958,32.59235,33.322,0.0
2022-01-15 08:05:14.503225,32.74706,33.78625,0.0
2022-01-15 08:05:15.001568,33.67534,33.6315,0.0
2022-01-15 08:05:15.506793,34.03675,33.322,0.0
2022-01-15 08:05:16.005144,33.31393,33.322,0.0
2022-01-15 08:05:16.510202,32.59235,33.47675,0.0
2022-01-15 08:05:17.008202,33.15922,33.6315,0.0
2022-01-15 08:05:17.502774,33.77807,33.6315,0.0
2022-01-15 08:05:18.003295,33.57261,33.58075,0.0
2022-01-15 08:05:18.509387,32.59235,33.21925,0.0
2022-01-15 08:05:19.008832,32.95376,33.993,0.0
2022-01-15 08:05:19.505938,33.67534,33.993,0.0
2022-01-15 08:05:20.004814,33.83005,33.426,0.0
2022-01-15 08:05:20.509884,33.0045,32.85775,0.0
2022-01-15 08:05:21.009099,33.05649,33.6835,0.0
2022-01-15 08:05:21.506273,33.72732,33.89025,0.0
2022-01-15 08:05:22.005281,33.67534,33.27125,0.0
2022-01-15 08:05:22.502633,33.15922,33.27125,0.0
2022-01-15 08:05:23.001940,32.33491,33.6835,0.0
2022-01-15 08:05:23.508352,32.59235,33.7355,0.0
2022-01-15 08:05:24.009467,33.10847,33.47675,0.0
2022-01-15 08:05:24.505704,33.62335,33.58075,0.0
2022-01-15 08:05:25.005473,32.79905,34.14775,0.0
2022-01-15 08:05:25.510956,32.59235,33.27125,0.0
2022-01-15 08:05:26.009912,33.2112,33.374,0.0
2022-01-15 08:05:26.506099,33.83005,33.83825,0.0
2022-01-15 08:05:27.004263,33.15922,33.322,0.0
2022-01-15 08:05:27.508874,32.84979,33.426,0.0
2022-01-15 08:05:28.007451,32.48962,33.58075,0.0
2022-01-15 08:05:28.501079,33.72732,33.78625,0.0
2022-01-15 08:05:29.010218,33.88203,33.78625,0.0
2022-01-15 08:05:29.506075,33.26318,33.47675,0.0
2022-01-15 08:05:30.004161,32.43764,33.0125,0.0
2022-01-15 08:05:30.509141,32.90177,34.045,0.0
2022-01-15 08:05:31.010019,33.88203,33.941,0.0
2022-01-15 08:05:31.505463,33.62335,33.322,0.0
2022-01-15 08:05:32.004592,32.54037,33.1165,0.0
2022-01-15 08:05:32.509058,32.23094,33.83825,0.0
2022-01-15 08:05:33.006390,33.57261,33.7355,0.0
2022-01-15 08:05:33.503162,34.2422,33.322,0.0
2022-01-15 08:05:34.001152,33.26318,33.47675,0.0
2022-01-15 08:05:34.506742,32.69508,33.58075,0.0
2022-01-15 08:05:35.007350,31.9735,33.7355,0.0
2022-01-15 08:05:35.504599,33.31393,33.6835,0.0
2022-01-15 08:05:36.004795,33.72732,33.27125,0.0
2022-01-15 08:05:36.509721,33.10847,33.6315,0.0
2022-01-15 08:05:37.009737,32.90177,33.993,0.0
2022-01-15 08:05:37.505055,33.46864,33.6315,0.0
2022-01-15 08:05:38.001755,33.36591,32.96175,0.0
2022-01-15 08:05:38.509241,32.69508,33.52875,0.0
2022-01-15 08:05:39.009469,32.74706,33.89025,0.0
2022-01-15 08:05:39.504685,33.36591,33.6315,0.0
2022-01-15 08:05:40.002885,33.36591,33.27125,0.0
2022-01-15 08:05:40.510593,32.90177,33.58075,0.0
2022-01-15 08:05:41.008299,32.54037,33.6315,0.0
2022-01-15 08:05:41.504812,33.93278,33.58075,0.0
2022-01-15 08:05:42.002183,33.67534,33.6315,0.0
2022-01-15 08:05:42.506245,33.26318,33.6315,0.0
2022-01-15 08:05:43.005317,32.48962,33.47675,0.0
2022-01-15 08:05:43.509723,32.64433,33.27125,0.0
2022-01-15 08:05:44.006847,33.26318,33.83825,0.0
2022-01-15 08:05:44.503216,33.77807,33.58075,0.0
2022-01-15 08:05:45.002831,33.0045,33.322,0.0
2022-01-15 08:05:45.508765,32.59235,33.6835,0.0
2022-01-15 08:05:46.007057,33.4179,33.374,0.0
2022-01-15 08:05:46.503042,33.88203,33.426,0.0
2022-01-15 08:05:47.001830,33.31393,33.993,0.0
2022-01-15 08:05:47.508166,32.59235,33.322,0.0
2022-01-15 08:05:48.007374,33.15922,33.58075,0.0
2022-01-15 08:05:48.503424,33.52062,33.941,0.0
2022-01-15 08:05:49.001139,34.19146,33.52875,0.0
2022-01-15 08:05:49.508958,33.26318,32.807,0.0
2022-01-15 08:05:50.007218,32.43764,33.6315,0.0
2022-01-15 08:05:50.501820,32.43764,33.89025,0.0
2022-01-15 08:05:51.010112,33.52062,33.374,0.0
2022-01-15 08:05:51.502697,33.4179,33.21925,0.0
2022-01-15 08:05:52.010393,32.48962,33.58075,0.0
2022-01-15 08:05:52.508134,32.38565,33.83825,0.0
2022-01-15 08:05:53.006481,33.93278,33.7355,0.0
2022-01-15 08:05:53.504500,34.2422,33.426,0.0
2022-01-15 08:05:54.002388,33.36591,33.7355,0.0
2022-01-15 08:05:54.508381,32.12821,33.426,0.0
2022-01-15 08:05:55.005585,31.81879,33.7355,0.0
2022-01-15 08:05:55.501582,34.03675,33.52875,0.0
2022-01-15 08:05:56.010177,34.03675,33.0645,0.0
2022-01-15 08:05:56.506489,33.05649,33.7355,0.0
2022-01-15 08:05:57.003635,32.38565,33.58075,0.0
2022-01-15 08:05:57.508679,32.43764,33.374,0.0
2022-01-15 08:05:58.007567,33.0045,33.6315,0.0
2022-01-15 08:05:58.502225,33.05649,33.941,0.0
2022-01-15 08:05:59.001392,32.84979,33.52875,0.0
2022-01-15 08:05:59.506161,33.2112,34.09575,0.0
2022-01-15 08:06:00.004645,33.46864,33.47675,0.0
2022-01-15 08:06:00.510726,33.4179,33.0125,0.0
2022-01-15 08:06:01.008788,32.59235,33.78625,0.0
2022-01-15 08:06:01.504997,32.74706,33.27125,0.0
2022-01-15 08:06:02.002440,33.67534,33.322,0.0
2022-01-15 08:06:02.506416,33.2112,33.7355,0.0
2022-01-15 08:06:03.005939,32.48962,33.322,0.0
2022-01-15 08:06:03.510952,32.95376,33.374,0.0
2022-01-15 08:06:04.009871,33.52062,33.7355,0.0
2022-01-15 08:06:04.504964,33.52062,33.58075,0.0
2022-01-15 08:06:05.003674,33.26318,33.941,0.0
2022-01-15 08:06:05.509096,32.69508,33.374,0.0
2022-01-15 08:06:06.009572,33.4179,33.47675,0.0
2022-01-15 08:06:06.505542,33.67534,33.941,0.0
2022-01-15 08:06:07.004748,33.46864,33.322,0.0
2022-01-15 08:06:07.509691,32.84979,32.90975,0.0
2022-01-15 08:06:08.007559,33.05649,33.6315,0.0
2022-01-15 08:06:08.503149,33.0045,33.83825,0.0
2022-01-15 08:06:09.010991,33.62335,33.322,0.0
2022-01-15 08:06:09.505344,33.15922,33.78625,0.0
2022-01-15 08:06:10.002277,32.48962,33.7355,0.0
2022-01-15 08:06:10.510203,33.36591,33.78625,0.0
2022-01-15 08:06:11.009156,33.77807,33.6835,0.0
2022-01-15 08:06:11.504559,33.26318,33.426,0.0
2022-01-15 08:06:12.002276,32.64433,33.0125,0.0
2022-01-15 08:06:12.507512,32.54037,34.045,0.0
2022-01-15 08:06:13.006016,34.03675,33.58075,0.0
2022-01-15 08:06:13.501348,33.88203,32.85775,0.0
2022-01-15 08:06:14.009690,33.05649,33.0125,0.0
2022-01-15 08:06:14.505280,32.23094,34.14775,0.0
2022-01-15 08:06:15.003163,32.69508,33.941,0.0
2022-01-15 08:06:15.509619,34.55163,33.322,0.0
2022-01-15 08:06:16.008439,33.88203,33.47675,0.0
2022-01-15 08:06:16.504978,33.05649,33.941,0.0
2022-01-15 08:06:17.003592,32.48962,33.7355,0.0
2022-01-15 08:06:17.508067,31.87077,33.374,0.0
2022-01-15 08:06:18.005843,33.57261,33.374,0.0
2022-01-15 08:06:18.510348,33.57261,33.374,0.0
2022-01-15 08:06:19.009167,32.84979,33.7355,0.0
2022-01-15 08:06:19.504795,32.54037,33.426,0.0
2022-01-15 08:06:20.002224,33.62335,33.21925,0.0
2022-01-15 08:06:20.506968,33.26318,34.045,0.0
2022-01-15 08:06:21.006025,32.79905,33.6835,0.0
2022-01-15 08:06:22.005397,33.0045,33.426,0.0
2022-01-15 08:06:22.501432,33.46864,33.6835,0.0
2022-01-15 08:06:23.011378,32.79905,33.6315,0.0
2022-01-15 08:06:23.505605,32.84979,33.322,0.0
2022-01-15 08:06:24.004449,33.62335,33.426,0.0
2022-01-15 08:06:24.508856,33.31393,33.58075,0.0
2022-01-15 08:06:25.006733,33.10847,33.426,0.0
2022-01-15 08:06:25.502239,32.64433,33.426,0.0
2022-01-15 08:06:26.010272,33.36591,34.045,0.0
2022-01-15 08:06:26.505817,33.15922,33.52875,0.0
2022-01-15 08:06:27.003685,33.46864,33.6315,0.0
2022-01-15 08:06:27.508992,33.0045,33.374,0.0
2022-01-15 08:06:28.008961,33.46864,33.374,0.0
2022-01-15 08:06:28.504407,33.36591,34.14775,0.0
2022-01-15 08:06:29.002181,33.2112,33.47675,0.0
2022-01-15 08:06:29.508112,33.10847,32.85775,0.0
2022-01-15 08:06:30.005743,32.74706,33.78625,0.0
2022-01-15 08:06:30.510034,33.10847,33.941,0.0
2022-01-15 08:06:31.009212,33.72732,33.27125,0.0
2022-01-15 08:06:31.504625,33.57261,33.52875,0.0
2022-01-15 08:06:32.002425,33.10847,33.6315,0.0
2022-01-15 08:06:32.507579,32.33491,33.89025,0.0
2022-01-15 08:06:33.006866,33.10847,33.78625,0.0
2022-01-15 08:06:33.503412,33.57261,33.16725,0.0
2022-01-15 08:06:34.001956,33.52062,33.52875,0.0
2022-01-15 08:06:34.506064,32.54037,33.993,0.0
2022-01-15 08:06:35.004172,32.28292,33.21925,0.0
2022-01-15 08:06:35.509622,33.4179,33.0125,0.0
2022-01-15 08:06:36.008867,34.19146,33.52875,0.0
2022-01-15 08:06:36.501718,33.36591,33.6315,0.0
2022-01-15 08:06:37.010785,32.43764,33.7355,0.0
2022-01-15 08:06:37.508506,31.92152,33.7355,0.0
2022-01-15 08:06:38.008157,33.83005,33.27125,0.0
2022-01-15 08:06:38.503521,33.52062,33.89025,0.0
2022-01-15 08:06:39.001109,32.79905,33.58075,0.0
2022-01-15 08:06:39.505930,33.10847,33.374,0.0
2022-01-15 08:06:40.005233,33.52062,33.58075,0.0
2022-01-15 08:06:40.511071,33.31393,33.6315,0.0
2022-01-15 08:06:41.008669,32.90177,33.426,0.0
2022-01-15 08:06:41.502975,32.64433,33.6315,0.0
2022-01-15 08:06:42.001851,33.77807,33.1165,0.0
2022-01-15 08:06:42.506025,33.57261,33.6315,0.0
2022-01-15 08:06:43.004643,32.64433,33.7355,0.0
2022-01-15 08:06:43.510154,32.64433,33.47675,0.0
2022-01-15 08:06:44.009096,33.88203,34.045,0.0
2022-01-15 08:06:44.503424,33.52062,33.47675,0.0
2022-01-15 08:06:45.001475,33.52062,32.96175,0.0
2022-01-15 08:06:45.506391,32.69508,34.09575,0.0
2022-01-15 08:06:46.003693,32.84979,33.83825,0.0
2022-01-15 08:06:46.510310,33.62335,33.27125,0.0
2022-01-15 08:06:47.009117,33.67534,33.0645,0.0
2022-01-15 08:06:47.503517,32.95376,33.27125,0.0
2022-01-15 08:06:48.001152,32.59235,33.58075,0.0
2022-01-15 08:06:48.505712,32.43764,33.7355,0.0
2022-01-15 08:06:49.004590,33.67534,33.52875,0.0
2022-01-15 08:06:49.510758,33.88203,33.47675,0.0
2022-01-15 08:06:50.008928,33.10847,33.89025,0.0
2022-01-15 08:06:50.504666,32.64433,33.58075,0.0
2022-01-15 08:06:51.003793,33.72732,33.426,0.0
2022-01-15 08:06:51.509435,33.93278,33.7355,0.0
2022-01-15 08:06:52.007440,33.10847,33.21925,0.0
2022-01-15 08:06:52.501489,32.90177,33.89025,0.0
2022-01-15 08:06:53.010942,32.12821,33.426,0.0
2022-01-15 08:06:53.504765,34.03675,32.85775,0.0
2022-01-15 08:06:54.002514,33.72732,33.993,0.0
2022-01-15 08:06:54.508030,32.95376,34.045,0.0
2022-01-15 08:06:55.006078,32.59235,33.322,0.0
2022-01-15 08:06:55.502711,33.0045,33.27125,0.0
2022-01-15 08:06:56.001888,34.03675,33.52875,0.0
2022-01-15 08:06:56.507667,33.36591,34.09575,0.0
2022-01-15 08:06:57.005952,32.74706,33.52875,0.0
2022-01-15 08:06:57.509800,32.12821,33.322,0.0
2022-01-15 08:06:58.007665,33.46864,33.374,0.0
2022-01-15 08:06:58.503043,33.83005,33.6315,0.0
2022-01-15 08:06:59.001121,32.74706,33.27125,0.0
2022-01-15 08:06:59.508408,33.10847,33.7355,0.0
2022-01-15 08:07:00.006270,33.10847,33.6835,0.0
2022-01-15 08:07:00.503430,33.15922,33.6835,0.0
2022-01-15 08:07:01.001169,33.05649,33.6315,0.0
2022-01-15 08:07:01.507335,33.10847,33.6315,0.0
2022-01-15 08:07:02.005627,33.46864,33.52875,0.0
2022-01-15 08:07:02.510981,33.4179,33.78625,0.0
2022-01-15 08:07:03.008807,33.36591,33.52875,0.0
2022-01-15 08:07:03.505447,32.33491,33.322,0.0
2022-01-15 08:07:04.004856,32.59235,33.47675,0.0
2022-01-15 08:07:04.509597,33.72732,33.6835,0.0
2022-01-15 08:07:05.006971,33.2112,33.374,0.0
2022-01-15 08:07:05.501783,32.74706,33.58075,0.0
2022-01-15 08:07:06.010463,33.15922,33.993,0.0
2022-01-15 08:07:06.505891,34.03675,33.52875,0.0
2022-01-15 08:07:07.004785,33.83005,33.52875,0.0
2022-01-15 08:07:07.510435,33.31393,33.6315,0.0
2022-01-15 08:07:08.009052,32.28292,33.52875,0.0
2022-01-15 08:07:08.506268,32.95376,33.83825,0.0
2022-01-15 08:07:09.004493,33.31393,33.374,0.0
2022-01-15 08:07:09.510258,33.98476,33.0125,0.0
2022-01-15 08:07:10.008301,33.15922,33.83825,0.0
2022-01-15 08:07:10.503492,32.38565,33.89025,0.0
2022-01-15 08:07:11.001690,32.33491,33.322,0.0
2022-01-15 08:07:11.504846,33.31393,33.52875,0.0
2022-01-15 08:07:12.002841,33.77807,34.045,0.0
2022-01-15 08:07:12.509364,32.69508,33.78625,0.0
2022-01-15 08:07:13.007068,32.48962,33.374,0.0
2022-01-15 08:07:13.502993,33.36591,33.322,0.0
2022-01-15 08:07:14.006211,34.08749,33.52875,0.0
2022-01-15 08:07:15.004763,32.59235,33.322,0.0
2022-01-15 08:07:15.509346,32.48962,32.96175,0.0
2022-01-15 08:07:16.007431,33.26318,33.78625,0.0
2022-01-15 08:07:16.502275,33.05649,33.941,0.0
2022-01-15 08:07:17.003099,32.54037,33.6315,0.0
2022-01-15 08:07:17.508096,32.74706,33.58075,0.0
2022-01-15 08:07:18.005727,33.4179,33.47675,0.0
2022-01-15 08:07:18.510865,33.72732,33.78625,0.0
2022-01-15 08:07:19.008772,33.0045,33.6315,0.0
2022-01-15 08:07:19.504951,32.48962,33.1165,0.0
2022-01-15 08:07:20.002599,33.0045,33.6315,0.0
2022-01-15 08:07:20.509367,33.46864,33.6315,0.0
2022-01-15 08:07:21.007322,33.52062,33.374,0.0
2022-01-15 08:07:21.505821,32.23094,33.58075,0.0
2022-01-15 08:07:22.004219,33.15922,33.6315,0.0
2022-01-15 08:07:22.510517,33.62335,33.58075,0.0
2022-01-15 08:07:23.008944,33.0045,33.83825,0.0
2022-01-15 08:07:23.503601,33.10847,33.52875,0.0
2022-01-15 08:07:24.002993,33.05649,33.58075,0.0
2022-01-15 08:07:24.507892,33.2112,33.58075,0.0
2022-01-15 08:07:25.007885,33.52062,33.21925,0.0
2022-01-15 08:07:25.503289,33.2112,33.6835,0.0
2022-01-15 08:07:26.003321,33.31393,33.78625,0.0
2022-01-15 08:07:26.507747,33.2112,33.1165,0.0
2022-01-15 08:07:27.005492,33.0045,33.52875,0.0
2022-01-15 08:07:27.510350,33.36591,33.83825,0.0
2022-01-15 08:07:28.008391,32.84979,33.6315,0.0
2022-01-15 08:07:28.504106,32.69508,33.6315,0.0
2022-01-15 08:07:29.002471,33.36591,33.52875,0.0
2022-01-15 08:07:29.506516,33.67534,33.16725,0.0
2022-01-15 08:07:30.005834,33.0045,34.045,0.0
2022-01-15 08:07:30.511245,33.05649,33.6835,0.0
2022-01-15 08:07:31.008720,32.74706,33.0125,0.0
2022-01-15 08:07:31.504944,33.57261,33.6315,0.0
2022-01-15 08:07:32.001053,33.72732,33.83825,0.0
2022-01-15 08:07:32.504564,32.90177,33.52875,0.0
2022-01-15 08:07:33.002696,32.74706,33.52875,0.0
2022-01-15 08:07:33.507501,33.05649,33.47675,0.0
2022-01-15 08:07:34.006051,33.72732,33.89025,0.0
2022-01-15 08:07:34.502284,32.79905,33.7355,0.0
2022-01-15 08:07:35.010498,32.69508,33.0645,0.0
2022-01-15 08:07:35.509362,32.43764,33.426,0.0
2022-01-15 08:07:36.007231,33.52062,33.89025,0.0
2022-01-15 08:07:36.503315,33.67534,33.52875,0.0
2022-01-15 08:07:37.001183,32.79905,33.426,0.0
2022-01-15 08:07:37.505701,32.12821,33.58075,0.0
2022-01-15 08:07:38.003872,33.31393,33.47675,0.0
2022-01-15 08:07:38.509766,33.88203,33.78625,0.0
2022-01-15 08:07:39.008381,33.26318,33.58075,0.0
2022-01-15 08:07:39.502947,32.43764,33.374,0.0
2022-01-15 08:07:40.002305,32.59235,33.6835,0.0
2022-01-15 08:07:40.509773,33.83005,33.426,0.0
2022-01-15 08:07:41.008732,33.62335,33.52875,0.0
2022-01-15 08:07:41.504788,32.33491,33.6835,0.0
2022-01-15 08:07:42.003922,33.2112,33.47675,0.0
2022-01-15 08:07:42.508161,33.83005,33.47675,0.0
2022-01-15 08:07:43.008753,33.72732,33.78625,0.0
2022-01-15 08:07:43.502781,33.10847,33.58075,0.0
2022-01-15 08:07:44.010869,32.79905,33.58075,0.0
2022-01-15 08:07:44.507718,33.2112,33.6315,0.0
2022-01-15 08:07:45.005352,33.36591,33.21925,0.0
2022-01-15 08:07:45.508888,33.2112,33.78625,0.0
2022-01-15 08:07:46.008084,32.90177,33.7355,0.0
2022-01-15 08:07:46.502970,33.2112,33.322,0.0
2022-01-15 08:07:47.010918,33.57261,33.47675,0.0
2022-01-15 08:07:47.505818,33.31393,33.7355,0.0
2022-01-15 08:07:48.004420,32.64433,33.58075,0.0
2022-01-15 08:07:48.508528,32.84979,33.7355,0.0
2022-01-15 08:07:49.008840,33.31393,33.426,0.0
2022-01-15 08:07:49.502787,33.88203,33.47675,0.0
2022-01-15 08:07:50.001748,33.31393,33.993,0.0
2022-01-15 08:07:50.507458,32.48962,33.58075,0.0
2022-01-15 08:07:51.005849,32.59235,32.96175,0.0
2022-01-15 08:07:51.511143,33.93278,33.52875,0.0
2022-01-15 08:07:52.009648,33.88203,33.993,0.0
2022-01-15 08:07:52.504665,33.15922,33.47675,0.0
2022-01-15 08:07:53.002196,32.59235,33.1165,0.0
2022-01-15 08:07:53.510692,32.90177,33.78625,0.0
2022-01-15 08:07:54.007665,33.67534,33.6835,0.0
2022-01-15 08:07:54.501159,33.77807,33.6315,0.0
2022-01-15 08:07:55.009991,32.69508,33.47675,0.0
2022-01-15 08:07:55.504908,32.95376,33.21925,0.0
2022-01-15 08:07:56.004388,33.83005,33.7355,0.0
2022-01-15 08:07:56.508800,33.52062,33.83825,0.0
2022-01-15 08:07:57.005828,33.10847,33.322,0.0
2022-01-15 08:07:57.502620,33.05649,33.0125,0.0
2022-01-15 08:07:58.011085,33.36591,34.14775,0.0
2022-01-15 08:07:58.506439,33.88203,33.58075,0.0
2022-01-15 08:07:59.005887,32.95376,33.58075,0.0
2022-01-15 08:07:59.510315,32.28292,33.27125,0.0
2022-01-15 08:08:00.008226,33.0045,33.7355,0.0
2022-01-15 08:08:00.505330,33.52062,33.78625,0.0
2022-01-15 08:08:01.002869,33.72732,33.47675,0.0
2022-01-15 08:08:01.501597,32.64433,33.47675,0.0
2022-01-15 08:08:02.009689,33.10847,33.6315,0.0
2022-01-15 08:08:02.506853,33.46864,33.426,0.0
2022-01-15 08:08:03.006172,33.98476,33.52875,0.0
2022-01-15 08:08:03.501110,33.10847,33.7355,0.0
2022-01-15 08:08:04.009191,32.69508,33.58075,0.0
2022-01-15 08:08:04.504558,32.43764,33.6835,0.0
2022-01-15 08:08:05.003237,33.15922,33.322,0.0
2022-01-15 08:08:05.502650,33.72732,33.374,0.0
2022-01-15 08:08:06.010560,32.69508,33.941,0.0
2022-01-15 08:08:06.506709,32.90177,33.6315,0.0
2022-01-15 08:08:07.004472,33.57261,33.0125,0.0
2022-01-15 08:08:07.509120,33.57261,33.941,0.0
2022-01-15 08:08:08.007579,32.69508,33.6315,0.0
2022-01-15 08:08:08.501670,32.38565,33.16725,0.0
2022-01-15 08:08:09.010750,32.43764,33.7355,0.0
2022-01-15 08:08:09.506229,34.50088,33.47675,0.0
2022-01-15 08:08:10.005764,33.62335,33.6315,0.0
2022-01-15 08:08:10.501317,32.74706,33.6835,0.0
2022-01-15 08:08:11.009690,32.48962,33.1165,0.0
2022-01-15 08:08:11.503783,33.72732,33.52875,0.0
2022-01-15 08:08:12.002025,34.2422,34.45725,0.0
2022-01-15 08:08:12.506550,33.67534,33.6835,0.0
2022-01-15 08:08:13.005516,32.12821,32.85775,0.0
2022-01-15 08:08:13.510457,31.87077,33.0645,0.0
2022-01-15 08:08:14.008121,32.95376,34.045,0.0
2022-01-15 08:08:14.504671,33.77807,33.89025,0.0
2022-01-15 08:08:15.010841,33.31393,32.85775,0.0
2022-01-15 08:08:15.504946,32.59235,33.1165,0.0
2022-01-15 08:08:16.003334,33.10847,34.19975,0.0
2022-01-15 08:08:16.509568,34.2422,33.47675,0.0
2022-01-15 08:08:17.006911,33.4179,33.16725,0.0
2022-01-15 08:08:17.502962,32.84979,33.6835,0.0
2022-01-15 08:08:18.001096,32.28292,33.58075,0.0
2022-01-15 08:08:18.506604,33.15922,33.89025,0.0
2022-01-15 08:08:19.006602,33.26318,33.16725,0.0
2022-01-15 08:08:19.501535,32.54037,33.6835,0.0
2022-01-15 08:08:20.010204,33.0045,33.6315,0.0
2022-01-15 08:08:20.505146,33.98476,33.426,0.0
2022-01-15 08:08:21.003647,33.77807,33.47675,0.0
2022-01-15 08:08:21.508932,33.26318,33.374,0.0
2022-01-15 08:08:22.007062,32.64433,33.58075,0.0
2022-01-15 08:08:22.502940,33.36591,33.0645,0.0
2022-01-15 08:08:23.001339,33.26318,34.045,0.0
2022-01-15 08:08:23.508148,33.15922,33.89025,0.0
2022-01-15 08:08:24.006197,32.95376,33.374,0.0
2022-01-15 08:08:24.501182,32.54037,33.7355,0.0
2022-01-15 08:08:25.010045,32.79905,33.52875,0.0
2022-01-15 08:08:25.507562,33.77807,33.47675,0.0
2022-01-15 08:08:26.004663,33.15922,33.83825,0.0
2022-01-15 08:08:26.510481,33.15922,33.27125,0.0
2022-01-15 08:08:27.007394,33.46864,33.27125,0.0
2022-01-15 08:08:27.502423,33.62335,33.993,0.0
2022-01-15 08:08:28.003006,33.15922,33.47675,0.0
2022-01-15 08:08:28.508953,32.64433,33.16725,0.0
2022-01-15 08:08:29.005774,32.90177,34.045,0.0
2022-01-15 08:08:29.510915,33.26318,33.83825,0.0
2022-01-15 08:08:30.008925,33.26318,33.6835,0.0
2022-01-15 08:08:30.503468,32.84979,33.27125,0.0
2022-01-15 08:08:31.001364,33.2112,33.322,0.0
2022-01-15 08:08:31.506811,33.46864,33.78625,0.0
2022-01-15 08:08:32.005038,33.77807,33.6315,0.0
2022-01-15 08:08:32.502399,33.26318,33.322,0.0
2022-01-15 08:08:33.001325,32.12821,33.322,0.0
2022-01-15 08:08:33.506473,33.0045,33.7355,0.0
2022-01-15 08:08:34.004128,33.72732,33.89025,0.0
2022-01-15 08:08:34.509304,33.98476,33.83825,0.0
2022-01-15 08:08:35.007375,33.05649,33.7355,0.0
2022-01-15 08:08:35.502204,32.43764,33.47675,0.0
2022-01-15 08:08:36.010995,31.7668,33.6315,0.0
2022-01-15 08:08:36.508203,34.29419,33.6315,0.0
2022-01-15 08:08:37.005754,33.57261,33.16725,0.0
2022-01-15 08:08:37.508661,32.84979,33.6835,0.0
2022-01-15 08:08:38.006023,32.54037,33.6315,0.0
2022-01-15 08:08:38.509894,32.95376,33.47675,0.0
2022-01-15 08:08:39.007417,33.36591,33.426,0.0
2022-01-15 08:08:39.501935,33.05649,33.78625,0.0
2022-01-15 08:08:40.002282,32.23094,33.83825,0.0
2022-01-15 08:08:40.507783,32.90177,33.83825,0.0
2022-01-15 08:08:41.005041,33.4179,33.426,0.0
2022-01-15 08:08:41.501670,33.2112,33.322,0.0
2022-01-15 08:08:42.008683,32.12821,33.6835,0.0
2022-01-15 08:08:42.502348,32.79905,33.322,0.0
2022-01-15 08:08:43.002354,33.46864,33.58075,0.0
2022-01-15 08:08:43.507560,33.4179,33.6315,0.0
2022-01-15 08:08:44.005571,32.74706,33.426,0.0
2022-01-15 08:08:44.510875,32.38565,33.374,0.0
2022-01-15 08:08:45.008832,33.83005,33.993,0.0
2022-01-15 08:08:45.504864,33.26318,33.83825,0.0
2022-01-15 08:08:46.004787,33.05649,33.6315,0.0
2022-01-15 08:08:46.509939,32.79905,33.58075,0.0
2022-01-15 08:08:47.009337,32.90177,33.0645,0.0
2022-01-15 08:08:47.507234,34.08749,33.7355,0.0
2022-01-15 08:08:48.004798,33.4179,33.83825,0.0
2022-01-15 08:08:48.510741,33.15922,33.0125,0.0
2022-01-15 08:08:49.009454,32.90177,33.374,0.0
2022-01-15 08:08:49.504222,33.26318,34.14775,0.0
2022-01-15 08:08:50.003679,33.83005,33.426,0.0
2022-01-15 08:08:50.508726,32.95376,33.0645,0.0
2022-01-15 08:08:51.007471,32.43764,33.6835,0.0
2022-01-15 08:08:51.502366,32.28292,33.993,0.0
2022-01-15 08:08:52.001190,33.62335,34.14775,0.0
2022-01-15 08:08:52.507033,33.77807,33.27125,0.0
2022-01-15 08:08:53.005453,32.84979,32.96175,0.0
2022-01-15 08:08:53.509506,32.84979,33.78625,0.0
2022-01-15 08:08:54.007467,33.52062,33.941,0.0
2022-01-15 08:08:54.504304,34.08749,33.16725,0.0
2022-01-15 08:08:55.002073,33.26318,33.1165,0.0
2022-01-15 08:08:55.506197,32.74706,33.89025,-0.03864
2022-01-15 08:08:56.004959,33.05649,33.89025,-0.03864
2022-01-15 08:08:56.509770,33.83005,33.6315,-0.39208
2022-01-15 08:08:57.008101,33.31393,33.322,-0.39208
2022-01-15 08:08:57.503062,32.48962,33.941,-0.03864
2022-01-15 08:08:58.010766,32.69508,33.6315,-0.03864
2022-01-15 08:08:58.507466,33.10847,33.6315,-0.03864
2022-01-15 08:08:59.006598,33.57261,33.21925,-0.03864
2022-01-15 08:08:59.502701,32.74706,33.374,-0.03864
2022-01-15 08:09:00.001758,32.84979,33.6835,-0.03864
2022-01-15 08:09:00.506795,33.62335,33.52875,-0.03864
2022-01-15 08:09:01.005184,33.46864,33.374,-0.03864
2022-01-15 08:09:01.509799,33.05649,33.47675,-0.03864
2022-01-15 08:09:02.007649,32.1802,34.14775,-0.03864
2022-01-15 08:09:02.502929,33.36591,33.21925,-0.03864
2022-01-15 08:09:03.002568,33.31393,33.6835,-0.03864
2022-01-15 08:09:03.507837,33.46864,33.993,-0.03864
2022-01-15 08:09:04.005496,32.74706,33.322,-0.03864
2022-01-15 08:09:04.501433,33.15922,33.21925,-0.03864
2022-01-15 08:09:05.010496,33.98476,33.941,-0.03864
2022-01-15 08:09:05.507429,33.36591,33.58075,0.0
2022-01-15 08:09:06.007524,33.31393,33.58075,0.0
2022-01-15 08:09:06.501145,32.95376,33.6315,0.03864
2022-01-15 08:09:07.010730,33.36591,33.27125,0.03864
2022-01-15 08:09:07.506177,33.57261,34.19975,-0.03864
2022-01-15 08:09:08.004299,33.46864,33.6315,-0.03864
2022-01-15 08:09:08.510118,32.64433,33.0645,-0.03864
2022-01-15 08:09:09.007275,33.05649,33.78625,-0.03864
2022-01-15 08:09:09.502306,32.69508,33.83825,0.0
2022-01-15 08:09:10.001555,33.52062,33.21925,0.0
2022-01-15 08:09:10.508403,33.36591,33.374,0.0
2022-01-15 08:09:11.006163,32.54037,33.58075,0.0
2022-01-15 08:09:11.503007,33.26318,33.6835,0.0
2022-01-15 08:09:12.002177,34.39692,33.52875,0.0
2022-01-15 08:09:12.507756,34.2422,33.21925,0.0
2022-01-15 08:09:13.005260,33.2112,33.52875,0.0
2022-01-15 08:09:13.510654,32.54037,33.941,0.0
2022-01-15 08:09:14.008421,33.05649,33.6835,0.0
2022-01-15 08:09:14.503000,34.4489,33.322,0.0
2022-01-15 08:09:15.001693,33.88203,33.58075,0.0
2022-01-15 08:09:15.507894,32.69508,33.58075,0.0
2022-01-15 08:09:16.006304,32.12821,33.7355,0.0
2022-01-15 08:09:16.502892,33.4179,33.47675,0.0
2022-01-15 08:09:17.001237,33.62335,33.27125,0.0
2022-01-15 08:09:17.506760,33.26318,33.7355,0.0
2022-01-15 08:09:18.004611,32.79905,33.426,0.0
2022-01-15 08:09:18.509809,33.46864,33.6315,0.0
2022-01-15 08:09:19.008502,33.67534,33.83825,0.0
2022-01-15 08:09:19.504573,33.26318,33.52875,0.0
2022-01-15 08:09:20.010388,32.38565,33.47675,0.0
2022-01-15 08:09:20.507565,32.79905,33.78625,0.0
2022-01-15 08:09:21.004888,33.83005,33.6315,0.0
2022-01-15 08:09:21.510329,33.36591,33.426,0.0
2022-01-15 08:09:22.008368,32.28292,33.47675,0.0
2022-01-15 08:09:22.502944,32.90177,33.374,0.0
2022-01-15 08:09:23.001184,34.13947,33.6315,0.0
2022-01-15 08:09:23.505592,33.62335,33.374,0.0
2022-01-15 08:09:24.004498,32.79905,33.374,0.0
2022-01-15 08:09:24.509125,32.54037,33.7355,0.0
2022-01-15 08:09:25.006068,33.2112,33.78625,0.0
2022-01-15 08:09:25.502946,33.05649,33.6835,-0.03864
2022-01-15 08:09:26.001566,33.62335,33.374,-0.03864
2022-01-15 08:09:26.506771,32.59235,33.7355,-0.03864
2022-01-15 08:09:27.007121,33.05649,33.6835,-0.03864
2022-01-15 08:09:27.501918,33.46864,33.52875,-0.03864
2022-01-15 08:09:28.010658,33.62335,33.322,-0.03864
2022-01-15 08:09:28.506262,32.79905,33.21925,-0.03864
2022-01-15 08:09:29.005153,33.26318,33.47675,-0.03864
2022-01-15 08:09:29.501343,33.72732,33.941,-0.03864
2022-01-15 08:09:30.009232,33.46864,33.426,-0.03864
2022-01-15 08:09:30.504135,33.2112,33.374,-0.03864
2022-01-15 08:09:31.002882,32.38565,33.941,-0.03864
2022-01-15 08:09:31.508998,32.64433,33.7355,-0.03864
2022-01-15 08:09:32.006278,33.36591,33.6315,-0.03864
2022-01-15 08:09:32.501709,33.57261,33.426,-0.03864
2022-01-15 08:09:33.505023,33.0045,33.7355,-0.03864
2022-01-15 08:09:34.002450,33.52062,33.426,-0.03864
2022-01-15 08:09:34.508540,33.72732,33.0645,0.0
2022-01-15 08:09:35.007101,33.52062,33.52875,0.0
2022-01-15 08:09:35.501102,32.59235,34.045,0.0
2022-01-15 08:09:36.009756,32.1802,33.6835,0.0
2022-01-15 08:09:36.504316,33.2112,33.6315,0.0
2022-01-15 08:09:37.001976,33.67534,33.47675,0.0
2022-01-15 08:09:37.508285,33.31393,33.52875,0.0
2022-01-15 08:09:38.010679,32.23094,34.09575,0.0
2022-01-15 08:09:38.505767,32.43764,33.322,0.0
2022-01-15 08:09:39.004715,34.2422,33.0645,0.0
2022-01-15 08:09:39.508579,33.31393,33.6315,0.0
2022-01-15 08:09:40.005472,32.59235,33.6315,0.0
2022-01-15 08:09:40.510955,33.31393,33.16725,-0.03864
2022-01-15 08:09:41.009123,33.83005,33.89025,-0.03864
2022-01-15 08:09:41.503609,33.31393,33.89025,0.0
2022-01-15 08:09:42.001527,32.95376,33.47675,0.0
2022-01-15 08:09:42.506216,33.2112,33.83825,0.0
2022-01-15 08:09:43.005716,33.57261,33.52875,0.0
2022-01-15 08:09:43.503917,33.4179,33.7355,0.0
2022-01-15 08:09:44.003483,33.26318,33.6315,0.0
2022-01-15 08:09:44.508754,32.79905,33.1165,0.0
2022-01-15 08:09:45.005443,33.52062,33.7355,0.0
2022-01-15 08:09:45.502063,33.62335,33.52875,0.0
2022-01-15 08:09:46.010420,33.52062,33.1165,0.0
2022-01-15 08:09:46.504548,32.95376,33.78625,0.0
2022-01-15 08:09:47.001896,32.84979,34.09575,0.0
2022-01-15 08:09:47.507167,33.31393,33.6835,0.0
2022-01-15 08:09:48.008094,33.05649,33.6315,0.0
2022-01-15 08:09:48.502358,32.90177,33.1165,0.0
2022-01-15 08:09:49.002442,32.84979,33.89025,0.0
2022-01-15 08:09:49.508499,33.52062,34.045,0.0
2022-01-15 08:09:50.006008,33.93278,33.27125,0.0
2022-01-15 08:09:50.501542,33.46864,32.807,0.0
2022-01-15 08:09:51.001590,32.74706,33.7355,0.0
2022-01-15 08:09:51.507381,32.64433,33.6835,0.0
2022-01-15 08:09:52.007435,33.93278,33.426,0.0
2022-01-15 08:09:52.502249,33.93278,33.6315,0.0
2022-01-15 08:09:53.002942,33.4179,33.6315,0.0
2022-01-15 08:09:53.507357,32.43764,33.941,0.0
2022-01-15 08:09:54.005539,32.33491,33.58075,0.0
2022-01-15 08:09:54.502193,33.15922,33.0125,0.0
2022-01-15 08:09:55.010126,34.13947,33.6315,0.0
2022-01-15 08:09:55.505130,33.4179,33.83825,0.0
2022-01-15 08:09:56.002723,32.69508,33.47675,0.0
2022-01-15 08:09:56.509601,33.10847,33.1165,0.0
2022-01-15 08:09:57.008583,34.03675,33.322,0.0
2022-01-15 08:09:57.503143,33.26318,34.19975,0.0
2022-01-15 08:09:58.010978,32.90177,33.78625,0.0
2022-01-15 08:09:58.506312,32.48962,33.27125,-0.03864
2022-01-15 08:09:59.006028,33.10847,33.6835,-0.03864
2022-01-15 08:09:59.510851,33.52062,33.7355,-0.03864
2022-01-15 08:10:00.002054,32.54037,33.52875,-0.03864
2022-01-15 08:10:00.509769,32.64433,33.58075,-0.03864
2022-01-15 08:10:01.009093,33.31393,33.58075,-0.03864
2022-01-15 08:10:01.504249,33.77807,33.374,-0.03864
2022-01-15 08:10:02.002066,32.84979,33.374,-0.03864
2022-01-15 08:10:02.507813,32.74706,33.78625,-0.07822
2022-01-15 08:10:03.006810,33.57261,33.52875,-0.07822
2022-01-15 08:10:03.501362,33.57261,33.78625,-0.07822
2022-01-15 08:10:04.009012,33.31393,33.58075,-0.07822
2022-01-15 08:10:04.503922,32.38565,33.47675,-0.07822
2022-01-15 08:10:05.002632,32.90177,33.6315,-0.07822
2022-01-15 08:10:05.507503,33.36591,33.78625,-0.03864
2022-01-15 08:10:06.005113,33.57261,33.16725,-0.03864
2022-01-15 08:10:06.510446,32.79905,33.58075,-0.11781
2022-01-15 08:10:07.009478,32.79905,33.993,-0.11781
2022-01-15 08:10:07.505107,33.31393,33.374,0.0
2022-01-15 08:10:08.004098,33.83005,33.16725,0.0
2022-01-15 08:10:08.501463,33.2112,33.6835,0.0
2022-01-15 08:10:09.010710,32.69508,33.6315,0.0
2022-01-15 08:10:09.505873,32.64433,33.58075,0.0
2022-01-15 08:10:10.003761,33.10847,33.426,0.0
2022-01-15 08:10:10.509551,33.57261,33.27125,0.0
2022-01-15 08:10:11.008356,33.0045,33.941,0.0
2022-01-15 08:10:11.503136,32.48962,33.58075,0.0
2022-01-15 08:10:12.002377,33.31393,33.16725,0.0
2022-01-15 08:10:12.507582,34.03675,33.52875,0.0
2022-01-15 08:10:13.006222,33.4179,33.941,0.0
2022-01-15 08:10:13.503130,32.59235,33.426,0.0
2022-01-15 08:10:14.010499,32.43764,33.16725,0.0
2022-01-15 08:10:14.505492,33.10847,33.78625,0.0
2022-01-15 08:10:15.004245,34.2422,33.426,0.0
2022-01-15 08:10:15.509329,33.4179,33.7355,0.0
2022-01-15 08:10:16.006779,32.69508,33.426,0.0
2022-01-15 08:10:16.501211,31.7668,33.1165,0.0
2022-01-15 08:10:17.008908,33.4179,33.78625,0.0
2022-01-15 08:10:17.505612,33.57261,33.52875,0.0
2022-01-15 08:10:18.003010,32.84979,33.6315,0.0
2022-01-15 08:10:18.506215,33.36591,33.6315,0.0
2022-01-15 08:10:19.004681,33.52062,33.21925,0.0
2022-01-15 08:10:19.509009,33.2112,33.6835,0.0
2022-01-15 08:10:20.006084,33.05649,33.47675,0.0
2022-01-15 08:10:20.501325,33.05649,33.374,0.03864
2022-01-15 08:10:21.009887,33.62335,33.78625,0.03864
2022-01-15 08:10:21.505283,33.67534,33.426,0.0
2022-01-15 08:10:22.007336,33.15922,33.16725,0.0
2022-01-15 08:10:22.501220,32.59235,33.83825,0.0
2022-01-15 08:10:23.009932,33.26318,33.52875,0.0
2022-01-15 08:10:23.503466,34.08749,33.426,0.0
2022-01-15 08:10:24.505076,33.05649,33.322,0.0
2022-01-15 08:10:25.003312,32.79905,33.52875,0.0
2022-01-15 08:10:25.509014,33.72732,33.7355,0.0
2022-01-15 08:10:26.007344,33.4179,33.21925,0.0
2022-01-15 08:10:26.510560,32.95376,33.7355,0.0
2022-01-15 08:10:27.011244,32.59235,33.941,0.0
2022-01-15 08:10:27.505835,33.31393,33.322,0.0
2022-01-15 08:10:28.004372,34.08749,33.322,0.0
2022-01-15 08:10:28.509036,33.52062,33.83825,0.0
2022-01-15 08:10:29.006451,32.90177,33.6835,0.0
2022-01-15 08:10:29.502889,32.43764,33.58075,0.0
2022-01-15 08:10:30.001157,33.4179,33.47675,0.0
2022-01-15 08:10:30.505809,34.08749,32.85775,0.0
2022-01-15 08:10:31.002884,33.36591,34.3545,0.0
2022-01-15 08:10:31.510928,33.15922,34.09575,0.0
2022-01-15 08:10:32.008756,32.43764,33.322,0.0
2022-01-15 08:10:32.503428,33.36591,32.807,0.0
2022-01-15 08:10:33.010951,34.03675,34.14775,0.0
2022-01-15 08:10:33.507521,33.0045,33.941,0.0
2022-01-15 08:10:34.005872,32.59235,33.27125,0.0
2022-01-15 08:10:34.510576,32.38565,32.96175,0.0
2022-01-15 08:10:35.008899,33.57261,33.993,0.0
2022-01-15 08:10:35.504744,33.36591,33.83825,0.0
2022-01-15 08:10:36.004158,32.64433,33.16725,0.0
2022-01-15 08:10:36.508921,32.33491,33.0125,0.0
2022-01-15 08:10:37.008681,33.72732,33.993,0.0
2022-01-15 08:10:37.504784,33.46864,34.09575,0.0
2022-01-15 08:10:38.002704,32.64433,33.52875,0.0
2022-01-15 08:10:38.507833,32.59235,32.96175,0.0
2022-01-15 08:10:39.005161,33.26318,33.941,0.0
2022-01-15 08:10:39.510641,33.67534,34.045,0.0
2022-01-15 08:10:40.010857,33.15922,33.27125,0.0
2022-01-15 08:10:40.506335,32.79905,33.1165,0.0
2022-01-15 08:10:41.004878,33.10847,33.78625,0.0
2022-01-15 08:10:41.510262,33.57261,33.322,0.0
2022-01-15 08:10:42.008552,33.36591,33.374,0.0
2022-01-15 08:10:42.502954,32.59235,33.6835,0.0
2022-01-15 08:10:43.001578,32.79905,33.58075,0.0
2022-01-15 08:10:43.506271,33.36591,33.6315,0.0
2022-01-15 08:10:44.004721,33.52062,33.47675,0.0
2022-01-15 08:10:44.501815,32.84979,33.7355,0.0
2022-01-15 08:10:45.010506,32.84979,33.6835,0.0
2022-01-15 08:10:45.505498,33.31393,33.47675,0.0
2022-01-15 08:10:46.003152,33.57261,33.27125,0.0
2022-01-15 08:10:46.508938,33.67534,33.58075,0.0
2022-01-15 08:10:47.009011,32.43764,33.941,0.0
2022-01-15 08:10:47.503791,33.67534,33.21925,0.0
2022-01-15 08:10:48.001309,33.77807,33.322,0.0
2022-01-15 08:10:48.507182,33.36591,33.7355,0.0
2022-01-15 08:10:49.006338,33.26318,33.941,0.0
2022-01-15 08:10:49.501107,33.15922,33.52875,0.0
2022-01-15 08:10:50.009192,33.26318,33.374,0.0
2022-01-15 08:10:50.507611,33.31393,33.426,0.0
2022-01-15 08:10:51.006297,33.10847,33.83825,0.0
2022-01-15 08:10:51.510661,32.90177,33.47675,0.0
2022-01-15 08:10:52.010613,32.84979,33.1165,0.0
2022-01-15 08:10:52.504502,33.62335,33.52875,0.0
2022-01-15 08:10:53.003904,33.83005,33.78625,0.0
2022-01-15 08:10:53.508331,33.31393,33.58075,0.0
2022-01-15 08:10:54.006850,32.28292,33.27125,0.0
2022-01-15 08:10:54.502093,32.90177,33.6835,0.0
2022-01-15 08:10:55.009622,33.88203,33.6315,0.0
2022-01-15 08:10:55.505267,33.36591,33.52875,0.0
2022-01-15 08:10:56.003633,32.69508,33.58075,0.0
2022-01-15 08:10:56.509110,31.92152,33.374,0.0
2022-01-15 08:10:57.006509,34.50088,33.6315,0.0
2022-01-15 08:10:57.504677,34.2422,33.7355,0.0
2022-01-15 08:10:58.003103,33.31393,33.374,0.0
2022-01-15 08:10:58.509717,32.69508,33.58075,0.0
2022-01-15 08:10:59.007299,32.1802,33.83825,0.0
2022-01-15 08:10:59.502707,33.88203,33.426,0.0
2022-01-15 08:11:00.009947,33.26318,33.78625,0.0
2022-01-15 08:11:00.506556,32.48962,33.21925,0.0
2022-01-15 08:11:01.005660,32.59235,33.52875,0.0
2022-01-15 08:11:01.503338,33.36591,33.6315,0.0
2022-01-15 08:11:02.002119,33.46864,33.47675,0.0
2022-01-15 08:11:02.508135,32.43764,33.6835,0.0
2022-01-15 08:11:03.005757,32.59235,33.58075,0.0
2022-01-15 08:11:03.502137,33.46864,33.16725,0.0
2022-01-15 08:11:04.002297,33.4179,33.78625,0.0
2022-01-15 08:11:04.508062,32.74706,34.14775,0.0
2022-01-15 08:11:05.005992,32.84979,33.322,0.0
2022-01-15 08:11:05.501499,33.67534,33.21925,0.0
2022-01-15 08:11:06.009725,33.46864,33.6315,0.0
2022-01-15 08:11:06.506565,33.26318,33.6315,0.0
2022-01-15 08:11:07.005262,32.48962,33.6835,0.0
2022-01-15 08:11:07.509563,32.28292,33.52875,0.0
2022-01-15 08:11:08.008872,33.2112,33.1165,0.0
2022-01-15 08:11:08.503929,33.52062,33.941,0.0
2022-01-15 08:11:09.002171,33.31393,33.89025,0.0
2022-01-15 08:11:09.508502,32.43764,33.16725,0.0
2022-01-15 08:11:10.005086,32.64433,33.7355,0.0
2022-01-15 08:11:10.510301,33.36591,33.89025,0.0
2022-01-15 08:11:11.008367,33.72732,33.7355,0.0
2022-01-15 08:11:11.504125,32.90177,33.52875,0.0
2022-01-15 08:11:12.002581,32.90177,33.16725,0.0
2022-01-15 08:11:12.508633,32.84979,33.7355,0.0
2022-01-15 08:11:13.005890,33.77807,33.78625,0.0
2022-01-15 08:11:13.501147,32.90177,33.27125,0.0
2022-01-15 08:11:14.010096,32.84979,33.374,0.0
2022-01-15 08:11:14.505229,33.26318,33.52875,0.0
2022-01-15 08:11:15.003286,33.83005,33.89025,0.0
2022-01-15 08:11:15.508696,33.4179,34.045,0.0
2022-01-15 08:11:16.006267,32.64433,33.47675,0.0
2022-01-15 08:11:16.511080,32.79905,33.374,0.0
2022-01-15 08:11:17.008764,33.83005,33.89025,0.0
2022-01-15 08:11:17.503772,33.98476,33.1165,0.0
2022-01-15 08:11:18.001476,33.2112,33.322,0.0
2022-01-15 08:11:18.508596,32.48962,33.58075,0.0
2022-01-15 08:11:19.005631,32.79905,33.47675,0.0
2022-01-15 08:11:19.510686,33.93278,33.47675,0.0
2022-01-15 08:11:20.008753,33.88203,33.993,0.0
2022-01-15 08:11:20.502943,32.79905,33.322,0.0
2022-01-15 08:11:21.001746,33.05649,33.7355,0.0
2022-01-15 08:11:21.506669,33.46864,33.89025,0.0
2022-01-15 08:11:22.004413,33.46864,33.27125,0.0
2022-01-15 08:11:22.509938,33.15922,33.16725,0.0
2022-01-15 08:11:23.007514,32.79905,33.6315,0.0
2022-01-15 08:11:23.502300,33.05649,33.426,0.0
2022-01-15 08:11:24.001104,33.26318,33.52875,0.0
2022-01-15 08:11:24.507560,33.05649,33.7355,0.0
2022-01-15 08:11:25.005705,32.79905,33.6315,0.0
2022-01-15 08:11:25.510648,33.72732,33.374,0.0
2022-01-15 08:11:26.010002,33.26318,33.21925,0.0
2022-01-15 08:11:26.505716,33.36591,33.78625,0.0
2022-01-15 08:11:27.003058,32.43764,33.941,0.0
2022-01-15 08:11:27.508248,32.43764,33.374,0.0
2022-01-15 08:11:28.006237,33.4179,33.0645,0.0
2022-01-15 08:11:28.501070,33.72732,33.941,0.0
2022-01-15 08:11:29.008720,33.0045,33.6315,0.0
2022-01-15 08:11:29.504684,32.43764,33.322,0.0
2022-01-15 08:11:30.001583,32.69508,33.374,0.0
2022-01-15 08:11:30.505818,33.67534,33.89025,0.0
2022-01-15 08:11:31.004512,33.52062,33.83825,0.0
2022-01-15 08:11:31.508434,33.36591,33.374,0.0
2022-01-15 08:11:32.006198,32.48962,33.21925,0.0
2022-01-15 08:11:32.502588,32.54037,33.941,0.0
2022-01-15 08:11:33.010820,33.93278,33.993,0.0
2022-01-15 08:11:33.506964,33.26318,33.52875,0.0
2022-01-15 08:11:34.005813,32.74706,32.90975,0.0
2022-01-15 08:11:34.510896,32.59235,33.58075,0.0
2022-01-15 08:11:35.004580,33.10847,33.993,0.0
2022-01-15 08:11:35.509053,33.72732,33.374,0.0
2022-01-15 08:11:36.006104,33.05649,33.374,0.0
2022-01-15 08:11:36.511146,32.43764,33.52875,0.0
2022-01-15 08:11:37.010324,32.07623,33.7355,0.0
2022-01-15 08:11:37.504527,33.31393,33.47675,0.0
2022-01-15 08:11:38.002075,33.36591,33.52875,0.0
2022-01-15 08:11:38.507468,32.95376,33.83825,0.0
2022-01-15 08:11:39.005666,32.79905,33.58075,0.0
2022-01-15 08:11:39.501274,33.57261,33.374,0.0
2022-01-15 08:11:40.009841,33.4179,33.52875,0.0
2022-01-15 08:11:40.505006,32.84979,33.58075,0.0
2022-01-15 08:11:41.002808,32.90177,33.89025,0.0
2022-01-15 08:11:41.510011,34.03675,33.47675,0.0
2022-01-15 08:11:42.008664,33.72732,33.47675,0.0
2022-01-15 08:11:42.504345,32.95376,33.58075,0.0
2022-01-15 08:11:43.002205,33.0045,33.47675,0.0
2022-01-15 08:11:43.506982,33.26318,33.52875,0.0
2022-01-15 08:11:44.004759,33.4179,33.78625,0.0
2022-01-15 08:11:44.508414,33.05649,33.89025,0.0
2022-01-15 08:11:45.005792,32.69508,33.16725,0.0
2022-01-15 08:11:45.509835,33.4179,33.27125,0.0
2022-01-15 08:11:46.008743,33.4179,33.83825,0.0
2022-01-15 08:11:46.503278,33.05649,33.7355,0.0
2022-01-15 08:11:47.002117,32.54037,33.27125,0.0
2022-01-15 08:11:47.506806,32.95376,33.52875,0.0
2022-01-15 08:11:48.006470,33.52062,33.1165,0.0
2022-01-15 08:11:48.501684,33.26318,33.83825,0.0
2022-01-15 08:11:49.504946,32.54037,33.27125,0.0
2022-01-15 08:11:50.003179,33.0045,33.6315,0.0
2022-01-15 08:11:50.507176,33.52062,34.09575,0.0
2022-01-15 08:11:51.007111,33.72732,33.374,0.0
2022-01-15 08:11:51.501226,32.74706,33.16725,0.0
2022-01-15 08:11:52.009421,32.74706,33.426,0.0
2022-01-15 08:11:52.504738,33.57261,33.52875,47.16364
2022-01-15 08:11:53.003139,33.88203,33.6315,47.16364
2022-01-15 08:11:53.509162,33.77807,33.27125,88.31979
2022-01-15 08:11:54.007588,32.74706,33.374,88.31979
2022-01-15 08:11:54.502171,33.31393,33.993,89.45833
2022-01-15 08:11:55.011207,33.2112,33.58075,89.45833
2022-01-15 08:11:55.505318,34.03675,33.52875,87.41687
2022-01-15 08:11:56.004462,32.84979,33.78625,87.41687
2022-01-15 08:11:56.509641,32.48962,33.426,88.08416
2022-01-15 08:11:57.008164,32.64433,33.6835,88.08416
2022-01-15 08:11:57.502485,33.57261,33.47675,87.37729
2022-01-15 08:11:58.010961,33.31393,33.21925,87.37729
2022-01-15 08:11:58.506943,32.59235,33.58075,53.05426
2022-01-15 08:11:59.005303,32.90177,33.58075,53.05426
2022-01-15 08:11:59.502558,33.46864,33.374,-0.15645
2022-01-15 08:12:00.010411,34.50088,33.941,-0.15645
2022-01-15 08:12:00.505213,33.4179,33.89025,0.0
2022-01-15 08:12:01.002684,32.59235,33.322,0.0
2022-01-15 08:12:01.507288,32.90177,34.14775,0.0
2022-01-15 08:12:02.005611,33.93278,33.78625,0.0
2022-01-15 08:12:02.510097,33.36591,33.0645,0.0
2022-01-15 08:12:03.007056,32.54037,33.47675,0.0
2022-01-15 08:12:03.505248,32.48962,33.374,0.0
2022-01-15 08:12:04.004663,33.46864,33.52875,0.0
2022-01-15 08:12:04.510811,33.52062,33.78625,0.0
2022-01-15 08:12:05.007965,33.10847,33.374,0.0
2022-01-15 08:12:05.503354,33.0045,33.426,0.0
2022-01-15 08:12:06.001430,33.52062,34.045,0.0
2022-01-15 08:12:06.506864,33.67534,33.7355,0.0
2022-01-15 08:12:07.005065,32.90177,33.7355,0.0
2022-01-15 08:12:07.510343,32.74706,33.426,0.0
2022-01-15 08:12:08.009945,33.0045,33.21925,0.0
2022-01-15 08:12:08.505072,33.57261,34.09575,0.0
2022-01-15 08:12:09.001780,33.36591,33.6315,0.0
2022-01-15 08:12:09.507420,32.74706,32.90975,0.0
2022-01-15 08:12:10.004539,32.54037,33.6835,0.0
2022-01-15 08:12:10.509797,33.77807,33.78625,0.0
2022-01-15 08:12:11.008810,33.72732,33.6315,0.0
2022-01-15 08:12:11.503595,33.05649,33.426,0.0
2022-01-15 08:12:12.001539,32.59235,33.89025,0.0
2022-01-15 08:12:12.508973,32.48962,33.89025,0.0
2022-01-15 08:12:13.007124,33.4179,33.83825,0.0
2022-01-15 08:12:13.501989,33.98476,33.27125,0.0
2022-01-15 08:12:14.010398,33.05649,33.0125,0.0
2022-01-15 08:12:14.504310,32.90177,33.993,0.0
2022-01-15 08:12:15.003178,32.69508,33.6315,0.0
2022-01-15 08:12:15.508080,32.90177,33.426,0.0
2022-01-15 08:12:16.007403,33.15922,33.0645,0.0
2022-01-15 08:12:16.505305,33.05649,34.045,6.2827
2022-01-15 08:12:17.005375,33.4179,33.89025,6.2827
2022-01-15 08:12:17.502453,33.46864,33.58075,55.99958
2022-01-15 08:12:18.010920,33.31393,33.322,55.99958
2022-01-15 08:12:18.506029,32.48962,33.78625,91.2651
2022-01-15 08:12:19.004652,32.64433,33.426,91.2651
2022-01-15 08:12:19.509326,33.93278,33.47675,88.79104
2022-01-15 08:12:20.006295,33.67534,33.374,88.79104
2022-01-15 08:12:20.501607,32.69508,33.58075,88.90885
2022-01-15 08:12:21.009166,32.54037,33.58075,88.90885
2022-01-15 08:12:21.504072,33.88203,33.21925,87.25947
2022-01-15 08:12:22.002362,33.67534,33.83825,87.25947
2022-01-15 08:12:22.507981,33.26318,33.89025,87.25947
2022-01-15 08:12:23.007218,32.84979,33.58075,87.25947
2022-01-15 08:12:23.501245,32.54037,33.52875,87.37729
2022-01-15 08:12:24.010972,33.67534,33.52875,87.37729
2022-01-15 08:12:24.504773,33.77807,33.6835,86.98426
2022-01-15 08:12:25.002390,33.10847,33.58075,86.98426
2022-01-15 08:12:25.508126,32.79905,33.0125,87.45551
2022-01-15 08:12:26.006873,32.64433,33.58075,87.45551
2022-01-15 08:12:26.501436,33.57261,33.7355,87.84854
2022-01-15 08:12:27.008553,33.31393,33.322,87.84854
2022-01-15 08:12:27.503606,32.38565,33.374,87.80895
2022-01-15 08:12:28.001503,32.43764,33.941,87.80895
2022-01-15 08:12:28.506813,32.90177,33.7355,86.86645
2022-01-15 08:12:29.003663,33.93278,33.6835,86.86645
2022-01-15 08:12:29.508784,33.10847,33.27125,88.47718
2022-01-15 08:12:30.006183,32.28292,33.27125,88.47718
2022-01-15 08:12:30.502579,32.69508,34.3025,87.84854
2022-01-15 08:12:31.011224,33.77807,33.58075,87.84854
2022-01-15 08:12:31.506312,33.36591,32.807,87.73072
2022-01-15 08:12:32.005447,32.69508,33.47675,87.73072
2022-01-15 08:12:32.510995,32.64433,34.3545,86.94562
2022-01-15 08:12:33.008874,34.70634,33.47675,86.94562
2022-01-15 08:12:33.503491,34.39692,33.0645,87.53468
2022-01-15 08:12:34.001844,33.36591,33.78625,87.53468
2022-01-15 08:12:34.507035,32.79905,33.993,87.84854
2022-01-15 08:12:35.005772,32.02548,33.6315,87.84854
2022-01-15 08:12:35.501302,33.2112,33.27125,87.3377
2022-01-15 08:12:36.009068,33.46864,33.52875,87.3377
2022-01-15 08:12:36.504412,32.69508,33.58075,87.18125
2022-01-15 08:12:37.002329,33.67534,33.374,87.18125
2022-01-15 08:12:37.508573,33.93278,33.6835,87.37729
2022-01-15 08:12:38.007444,33.57261,33.322,87.37729
2022-01-15 08:12:38.503100,32.84979,33.52875,87.37729
2022-01-15 08:12:39.001772,33.05649,33.89025,87.37729
2022-01-15 08:12:39.508330,33.26318,33.6835,74.92875
2022-01-15 08:12:40.005616,33.83005,33.374,74.92875
2022-01-15 08:12:40.511226,33.2112,33.83825,25.64354
2022-01-15 08:12:41.008769,33.0045,33.322,25.64354
2022-01-15 08:12:41.504499,33.10847,33.78625,-0.03864
2022-01-15 08:12:42.002081,33.67534,33.83825,-0.03864
2022-01-15 08:12:42.506683,33.72732,33.16725,0.0
2022-01-15 08:12:43.004644,32.95376,33.6315,0.0
2022-01-15 08:12:43.502656,33.10847,33.58075,0.0
2022-01-15 08:12:44.002457,33.83005,33.426,0.0
2022-01-15 08:12:44.507329,34.03675,33.7355,0.0
2022-01-15 08:12:45.005294,33.15922,33.58075,0.0
2022-01-15 08:12:45.501164,32.74706,33.27125,0.0
2022-01-15 08:12:46.009241,33.10847,34.3025,0.0
2022-01-15 08:12:46.505852,33.4179,33.58075,-0.07822
2022-01-15 08:12:47.003748,33.26318,33.1165,-0.07822
2022-01-15 08:12:47.509556,32.64433,33.6835,0.0
2022-01-15 08:12:48.009732,33.4179,33.993,0.0
2022-01-15 08:12:48.506849,33.52062,33.426,0.0
2022-01-15 08:12:49.005095,33.26318,32.90975,0.0
2022-01-15 08:12:50.004891,33.26318,33.89025,0.0
2022-01-15 08:12:50.509301,33.4179,33.78625,0.0
2022-01-15 08:12:51.007574,33.52062,33.47675,0.0
2022-01-15 08:12:51.503802,33.57261,33.58075,0.0
2022-01-15 08:12:52.003401,32.59235,33.58075,0.0
2022-01-15 08:12:52.509342,33.57261,33.7355,0.0
2022-01-15 08:12:53.009561,33.77807,33.6835,0.0
2022-01-15 08:12:53.504557,33.57261,33.58075,0.0
2022-01-15 08:12:54.001767,33.05649,33.322,0.0
2022-01-15 08:12:54.507858,33.10847,33.78625,0.0
2022-01-15 08:12:55.004735,32.64433,33.426,0.0
2022-01-15 08:12:55.509281,33.57261,33.0645,0.0
2022-01-15 08:12:56.008105,33.46864,33.993,0.0
2022-01-15 08:12:56.502951,33.26318,33.6315,0.0
2022-01-15 08:12:57.010822,32.95376,33.52875,0.0
2022-01-15 08:12:57.506872,34.13947,33.7355,0.0
2022-01-15 08:12:58.005285,34.13947,33.58075,0.0
2022-01-15 08:12:58.510030,33.36591,33.83825,0.0
2022-01-15 08:12:59.009708,32.69508,33.7355,0.0
2022-01-15 08:12:59.507225,32.1802,33.426,0.0
2022-01-15 08:13:00.006071,33.15922,33.426,0.0
2022-01-15 08:13:00.510915,33.4179,33.47675,0.0
2022-01-15 08:13:01.008603,32.59235,33.21925,0.0
2022-01-15 08:13:01.504328,32.95376,33.83825,0.0
2022-01-15 08:13:02.002558,33.10847,33.426,0.0
2022-01-15 08:13:02.508105,33.93278,33.58075,0.0
2022-01-15 08:13:03.006147,33.05649,33.7355,0.0
2022-01-15 08:13:03.510667,32.59235,33.78625,0.0
2022-01-15 08:13:04.010462,33.4179,33.6835,0.0
2022-01-15 08:13:04.504982,34.03675,33.6835,0.0
2022-01-15 08:13:05.002270,33.15922,33.322,0.0
2022-01-15 08:13:05.510264,32.69508,33.0645,0.0
2022-01-15 08:13:06.008911,32.33491,33.7355,0.0
2022-01-15 08:13:06.502334,33.46864,33.47675,0.0
2022-01-15 08:13:07.001795,33.31393,33.16725,0.0
2022-01-15 08:13:07.506859,33.15922,33.6315,0.0
2022-01-15 08:13:08.005311,32.95376,34.045,0.0
2022-01-15 08:13:08.509921,33.15922,33.58075,0.0
2022-01-15 08:13:09.007363,33.52062,33.374,0.0
2022-01-15 08:13:09.511177,33.0045,33.6315,0.0
2022-01-15 08:13:10.008166,32.69508,33.58075,0.0
2022-01-15 08:13:10.503024,32.79905,34.09575,0.0
2022-01-15 08:13:11.010964,33.98476,33.21925,0.0
2022-01-15 08:13:11.506619,33.83005,32.85775,0.0
2022-01-15 08:13:12.005578,32.95376,33.83825,0.0
2022-01-15 08:13:12.510333,32.69508,34.14775,0.0
2022-01-15 08:13:13.009502,33.52062,33.322,0.0
2022-01-15 08:13:13.503379,34.50088,33.322,0.0
2022-01-15 08:13:14.001524,33.31393,34.045,0.0
2022-01-15 08:13:14.507418,32.69508,33.7355,0.0
2022-01-15 08:13:15.006449,32.07623,33.52875,0.0
2022-01-15 08:13:15.501828,33.88203,33.322,0.0
2022-01-15 08:13:16.010427,33.88203,33.52875,0.0
2022-01-15 08:13:16.505590,33.26318,33.78625,0.0
2022-01-15 08:13:17.003387,32.74706,33.322,0.0
2022-01-15 08:13:17.508866,33.15922,33.0125,0.0
2022-01-15 08:13:18.005768,33.93278,33.83825,0.0
2022-01-15 08:13:18.502301,33.31393,33.58075,0.0
2022-01-15 08:13:19.001378,33.52062,33.6315,0.0
2022-01-15 08:13:19.508952,32.54037,33.6835,0.0
2022-01-15 08:13:20.007704,33.77807,33.374,0.0
2022-01-15 08:13:20.502899,33.88203,33.83825,0.0
2022-01-15 08:13:21.001751,32.95376,33.426,0.0
2022-01-15 08:13:21.508470,32.33491,33.322,0.0
2022-01-15 08:13:22.006637,33.15922,33.78625,0.0
2022-01-15 08:13:22.501126,33.62335,33.374,0.0
2022-01-15 08:13:23.010256,33.05649,33.1165,0.0
2022-01-15 08:13:23.505960,32.84979,33.89025,0.0
2022-01-15 08:13:24.006317,33.67534,33.83825,0.0
2022-01-15 08:13:24.501127,33.62335,33.6835,0.0
2022-01-15 08:13:25.010917,33.4179,33.6315,0.0
2022-01-15 08:13:25.506236,32.74706,33.322,0.0
2022-01-15 08:13:26.004157,32.33491,33.83825,0.0
2022-01-15 08:13:26.508928,33.4179,33.6835,0.0
2022-01-15 08:13:27.006906,33.62335,32.96175,0.0
2022-01-15 08:13:27.502014,33.0045,33.78625,0.0
2022-01-15 08:13:28.010474,32.79905,33.89025,0.0
2022-01-15 08:13:28.504361,33.26318,33.426,0.0
2022-01-15 08:13:29.001359,33.88203,33.1165,0.0
2022-01-15 08:13:29.506007,33.67534,33.89025,0.0
2022-01-15 08:13:30.004928,32.95376,33.941,0.0
2022-01-15 08:13:30.509847,33.36591,33.426,0.0
2022-01-15 08:13:31.008953,33.52062,33.27125,0.0
2022-01-15 08:13:31.503616,33.62335,33.322,0.0
2022-01-15 08:13:32.001534,33.2112,33.89025,0.0
2022-01-15 08:13:32.507478,32.64433,33.6835,0.0
2022-01-15 08:13:33.004729,32.84979,33.0125,0.0
2022-01-15 08:13:33.509818,33.88203,33.6835,0.0
2022-01-15 08:13:34.006649,33.98476,33.58075,0.0
2022-01-15 08:13:34.502107,32.74706,33.6315,0.0
2022-01-15 08:13:35.010959,32.12821,33.78625,0.0
2022-01-15 08:13:35.505051,32.33491,33.322,0.0
2022-01-15 08:13:36.001970,33.72732,33.83825,0.0
2022-01-15 08:13:36.507404,33.62335,33.426,0.0
2022-01-15 08:13:37.007671,33.05649,33.374,0.0
2022-01-15 08:13:37.502595,32.33491,33.58075,0.0
2022-01-15 08:13:38.001794,33.36591,33.6315,0.0
2022-01-15 08:13:38.506114,33.62335,33.16725,0.0
2022-01-15 08:13:39.004645,32.79905,33.941,0.0
2022-01-15 08:13:39.509623,33.36591,33.52875,0.0
2022-01-15 08:13:40.008606,33.46864,33.374,0.0
2022-01-15 08:13:40.503689,33.57261,33.89025,0.0
2022-01-15 08:13:41.001280,33.05649,33.27125,0.0
2022-01-15 08:13:41.509248,33.0045,33.7355,0.0
2022-01-15 08:13:42.007402,33.2112,33.6835,0.0
2022-01-15 08:13:42.503252,33.31393,33.27125,0.0
2022-01-15 08:13:43.001213,33.26318,33.426,0.0
2022-01-15 08:13:43.506593,32.23094,33.941,0.0
2022-01-15 08:13:44.005486,32.84979,33.374,0.0
2022-01-15 08:13:45.005239,33.93278,33.78625,0.0
2022-01-15 08:13:45.509911,32.95376,33.47675,0.0
2022-01-15 08:13:46.007203,32.90177,33.89025,0.0
2022-01-15 08:13:46.503817,33.83005,33.58075,0.0
2022-01-15 08:13:47.001607,33.98476,33.0645,0.0
2022-01-15 08:13:47.505718,33.15922,33.7355,0.0
2022-01-15 08:13:48.003418,32.43764,33.89025,0.0
2022-01-15 08:13:48.508610,32.64433,33.374,0.0
2022-01-15 08:13:49.006473,33.77807,33.27125,0.0
2022-01-15 08:13:49.502627,33.83005,33.7355,0.0
2022-01-15 08:13:50.505123,32.64433,33.58075,0.0
2022-01-15 08:13:51.001713,32.79905,33.322,0.0
2022-01-15 08:13:51.508892,33.52062,33.7355,0.0
2022-01-15 08:13:52.008124,33.67534,33.78625,0.0
2022-01-15 08:13:52.502606,32.59235,33.52875,0.0
2022-01-15 08:13:53.010928,32.43764,33.322,0.0
2022-01-15 08:13:53.505450,33.88203,33.322,0.0
2022-01-15 08:13:54.003513,34.03675,33.993,0.0
2022-01-15 08:13:54.507929,32.84979,33.78625,0.0
2022-01-15 08:13:55.005807,32.69508,33.374,0.0
2022-01-15 08:13:55.501440,32.59235,33.6315,0.0
2022-01-15 08:13:56.010480,33.83005,33.6315,0.0
2022-01-15 08:13:56.504781,33.62335,33.6315,0.0
2022-01-15 08:13:57.002115,32.79905,33.58075,0.0
2022-01-15 08:13:57.506947,32.48962,33.322,0.0
2022-01-15 08:13:58.004635,33.26318,33.941,0.0
2022-01-15 08:13:58.509097,33.67534,33.374,0.0
2022-01-15 08:13:59.006930,32.90177,33.27125,0.0
2022-01-15 08:13:59.503034,32.95376,33.7355,0.0
2022-01-15 08:14:00.001840,32.79905,33.58075,0.0
2022-01-15 08:14:00.511089,33.52062,33.58075,0.0
2022-01-15 08:14:01.008773,32.84979,33.7355,0.0
2022-01-15 08:14:01.504185,32.79905,33.374,0.0
2022-01-15 08:14:02.001475,32.74706,33.6315,0.0
2022-01-15 08:14:02.507462,33.26318,33.89025,0.0
2022-01-15 08:14:03.005370,33.26318,33.16725,0.0
2022-01-15 08:14:03.502440,32.90177,33.83825,0.0
2022-01-15 08:14:04.001523,33.0045,33.83825,0.0
2022-01-15 08:14:04.508613,33.62335,33.0645,0.0
2022-01-15 08:14:05.005895,33.52062,33.47675,0.0
2022-01-15 08:14:05.502076,33.0045,34.09575,0.0
2022-01-15 08:14:06.010835,32.84979,33.6315,0.0
2022-01-15 08:14:06.506310,33.05649,33.374,0.0
2022-01-15 08:14:07.004672,33.77807,33.374,0.0
2022-01-15 08:14:07.509284,33.31393,33.374,0.0
2022-01-15 08:14:08.007243,32.43764,34.2505,0.0
2022-01-15 08:14:08.503673,32.43764,33.52875,0.0
2022-01-15 08:14:09.001497,33.77807,33.0125,0.0
2022-01-15 08:14:09.507111,33.77807,33.83825,0.0
2022-01-15 08:14:10.005815,33.46864,33.89025,0.0
2022-01-15 08:14:10.502089,32.64433,33.426,0.0
2022-01-15 08:14:11.011138,32.33491,33.374,0.0
2022-01-15 08:14:11.507005,34.13947,33.58075,0.0
2022-01-15 08:14:12.005740,33.67534,33.78625,0.0
2022-01-15 08:14:12.510911,32.74706,33.7355,0.0
2022-01-15 08:14:13.008985,32.02548,33.0125,0.0
2022-01-15 08:14:13.505988,32.95376,33.58075,0.0
2022-01-15 08:14:14.004587,33.72732,34.09575,0.0
2022-01-15 08:14:14.507987,33.10847,33.6315,0.0
2022-01-15 08:14:15.006235,32.59235,33.0645,0.0
2022-01-15 08:14:15.501965,32.84979,33.27125,0.0
2022-01-15 08:14:16.011236,34.2422,34.19975,0.0
2022-01-15 08:14:16.506032,33.67534,33.58075,0.0
2022-01-15 08:14:17.004140,32.38565,33.322,0.0
2022-01-15 08:14:17.511002,32.43764,33.6835,0.0
2022-01-15 08:14:18.009576,32.90177,33.6835,0.0
2022-01-15 08:14:18.503782,33.93278,33.6835,0.0
2022-01-15 08:14:19.003305,33.05649,33.52875,0.0
2022-01-15 08:14:19.509003,32.64433,33.89025,0.0
2022-01-15 08:14:20.005636,32.84979,33.52875,0.0
2022-01-15 08:14:20.510006,33.36591,33.58075,0.0
2022-01-15 08:14:21.007210,33.36591,33.7355,0.0
2022-01-15 08:14:21.501323,32.90177,33.47675,0.0
2022-01-15 08:14:22.009228,33.05649,33.58075,0.0
2022-01-15 08:14:22.505057,33.31393,33.58075,0.0
2022-01-15 08:14:23.002660,33.57261,33.374,0.0
2022-01-15 08:14:23.508269,32.95376,33.89025,0.0
2022-01-15 08:14:24.007060,33.0045,33.6315,0.0
2022-01-15 08:14:24.501521,33.46864,32.90975,0.0
2022-01-15 08:14:25.010737,33.26318,34.09575,0.0
2022-01-15 08:14:25.506032,32.84979,34.045,0.0
2022-01-15 08:14:26.003886,32.74706,33.374,0.0
2022-01-15 08:14:26.502160,33.46864,33.426,0.0
2022-01-15 08:14:27.011446,33.62335,33.58075,0.0
2022-01-15 08:14:27.505610,33.36591,33.6315,0.0
2022-01-15 08:14:28.005136,32.54037,33.78625,0.0
2022-01-15 08:14:28.510917,33.15922,33.21925,0.0
2022-01-15 08:14:29.008459,33.15922,33.426,0.0
2022-01-15 08:14:29.503505,33.4179,33.83825,0.0
2022-01-15 08:14:30.001360,32.90177,33.52875,0.0
2022-01-15 08:14:30.508834,33.05649,33.47675,0.0
2022-01-15 08:14:31.008256,32.43764,33.89025,0.0
2022-01-15 08:14:31.504123,33.77807,33.6315,0.0
2022-01-15 08:14:32.001717,33.52062,33.78625,0.0
2022-01-15 08:14:32.506651,32.90177,33.374,0.0
2022-01-15 08:14:33.005183,32.90177,33.21925,0.0
2022-01-15 08:14:33.501757,33.31393,33.78625,0.0
2022-01-15 08:14:34.009999,33.88203,33.58075,0.0
2022-01-15 08:14:34.504482,33.15922,33.47675,0.0
2022-01-15 08:14:35.004327,32.54037,33.426,0.0
2022-01-15 08:14:35.508276,31.87077,33.6315,0.0
2022-01-15 08:14:36.008017,32.79905,33.7355,0.0
2022-01-15 08:14:36.504318,34.08749,33.993,0.0
2022-01-15 08:14:37.001134,33.05649,33.6315,0.0
2022-01-15 08:14:37.505857,32.59235,33.426,0.0
2022-01-15 08:14:38.004346,33.05649,33.47675,0.0
2022-01-15 08:14:38.509242,34.39692,33.47675,0.0
2022-01-15 08:14:39.008296,33.52062,33.426,0.0
2022-01-15 08:14:39.506725,32.84979,33.6835,0.0
2022-01-15 08:14:40.005061,32.12821,33.322,0.0
2022-01-15 08:14:40.501099,33.83005,33.52875,0.0
2022-01-15 08:14:41.009759,33.72732,33.6315,0.0
2022-01-15 08:14:41.504903,32.90177,33.6315,0.0
2022-01-15 08:14:42.002714,32.90177,33.89025,0.0
2022-01-15 08:14:42.507098,33.67534,33.6835,0.0
2022-01-15 08:14:43.005672,33.62335,33.47675,0.0
2022-01-15 08:14:43.502697,32.90177,33.58075,0.0
2022-01-15 08:14:44.001159,32.59235,33.52875,0.0
2022-01-15 08:14:44.505982,32.84979,33.16725,0.0
2022-01-15 08:14:45.004995,33.98476,33.58075,0.0
2022-01-15 08:14:45.510840,33.4179,33.83825,0.0
2022-01-15 08:14:46.009974,32.33491,33.21925,0.0
2022-01-15 08:14:46.506064,32.64433,33.426,0.0
2022-01-15 08:14:47.004720,33.72732,33.993,0.0
2022-01-15 08:14:47.502971,33.72732,33.83825,0.0
2022-01-15 08:14:48.002489,33.15922,33.78625,0.0
2022-01-15 08:14:48.509525,32.69508,33.52875,0.0
2022-01-15 08:14:49.008411,33.62335,32.85775,0.0
2022-01-15 08:14:49.503507,33.83005,33.89025,0.0
2022-01-15 08:14:50.002634,33.4179,33.83825,0.0
2022-01-15 08:14:50.507219,32.43764,32.85775,0.0
2022-01-15 08:14:51.004773,32.95376,32.703,0.0
2022-01-15 08:14:51.501038,33.36591,34.40525,0.0
2022-01-15 08:14:52.008924,33.83005,33.89025,0.0
2022-01-15 08:14:52.505077,32.95376,33.27125,0.0
2022-01-15 08:14:53.001555,33.0045,33.426,0.0
2022-01-15 08:14:53.508665,33.2112,34.2505,0.0
2022-01-15 08:14:54.006320,34.4489,33.78625,0.0
2022-01-15 08:14:54.501527,33.77807,33.1165,0.0
2022-01-15 08:14:55.010221,33.10847,32.90975,0.0
2022-01-15 08:14:55.505479,32.38565,33.52875,0.0
2022-01-15 08:14:56.004282,32.79905,33.426,0.0
2022-01-15 08:14:56.509927,33.57261,33.6835,0.0
2022-01-15 08:14:57.001415,33.0045,33.21925,0.0
2022-01-15 08:14:57.507612,32.84979,33.7355,0.0
2022-01-15 08:14:58.006296,33.26318,33.89025,0.0
2022-01-15 08:14:59.004725,33.2112,33.374,0.0
2022-01-15 08:14:59.510537,32.64433,34.045,0.0
2022-01-15 08:15:00.010704,33.31393,33.47675,0.0
2022-01-15 08:15:00.505050,34.08749,33.0645,0.0
2022-01-15 08:15:01.003275,33.67534,33.78625,0.0
2022-01-15 08:15:01.501281,33.46864,33.52875,0.0
2022-01-15 08:15:02.010834,32.95376,33.27125,0.0
2022-01-15 08:15:02.506074,32.84979,33.78625,0.0
2022-01-15 08:15:03.004607,33.52062,33.52875,0.0
2022-01-15 08:15:03.510385,32.90177,33.322,0.0
2022-01-15 08:15:04.009120,32.79905,33.993,0.0
2022-01-15 08:15:04.502924,33.10847,33.322,0.0
2022-01-15 08:15:05.001628,33.26318,33.78625,0.0
2022-01-15 08:15:05.507012,33.46864,34.045,0.0
2022-01-15 08:15:06.004770,32.59235,33.322,0.0
2022-01-15 08:15:06.510259,32.79905,32.90975,0.0
2022-01-15 08:15:07.011001,33.57261,33.89025,0.0
2022-01-15 08:15:07.505695,33.36591,33.7355,0.0
2022-01-15 08:15:08.004714,32.90177,33.27125,0.0
2022-01-15 08:15:08.510177,32.95376,33.322,0.0
2022-01-15 08:15:09.008557,33.52062,33.426,0.0
2022-01-15 08:15:09.502968,33.77807,34.2505,0.0
2022-01-15 08:15:10.010688,33.31393,33.52875,0.0
2022-01-15 08:15:10.508293,32.64433,33.27125,0.0
2022-01-15 08:15:11.006589,33.46864,33.7355,0.0
2022-01-15 08:15:11.502949,33.46864,33.6835,0.0
2022-01-15 08:15:12.002451,33.72732,33.426,0.0
2022-01-15 08:15:12.507391,33.10847,33.426,0.0
2022-01-15 08:15:13.005099,32.74706,33.426,0.0
2022-01-15 08:15:13.510077,32.33491,33.89025,0.0
2022-01-15 08:15:14.008470,33.77807,33.52875,0.0
2022-01-15 08:15:14.504434,33.67534,33.16725,0.0
2022-01-15 08:15:15.004141,33.15922,33.7355,0.0
2022-01-15 08:15:15.510516,32.23094,33.78625,0.0
2022-01-15 08:15:16.010192,32.33491,33.58075,0.0
2022-01-15 08:15:16.504033,33.67534,33.6315,0.0
2022-01-15 08:15:17.001554,33.36591,33.7355,0.0
2022-01-15 08:15:17.507187,32.69508,33.426,0.0
2022-01-15 08:15:18.004489,32.1802,33.6315,0.0
2022-01-15 08:15:18.509714,34.50088,33.6315,0.0
2022-01-15 08:15:19.008909,33.72732,33.21925,0.0
2022-01-15 08:15:19.505888,32.79905,33.6835,0.0
2022-01-15 08:15:20.004983,32.38565,33.21925,0.0
2022-01-15 08:15:20.509111,32.84979,33.7355,0.0
2022-01-15 08:15:21.008172,33.67534,33.941,0.0
2022-01-15 08:15:21.503127,32.90177,33.374,0.0
2022-01-15 08:15:22.001819,32.1802,33.426,0.0
2022-01-15 08:15:22.504868,33.4179,33.6835,0.0
2022-01-15 08:15:23.001792,34.03675,33.7355,0.0
2022-01-15 08:15:23.506512,33.26318,33.47675,0.0
2022-01-15 08:15:24.006125,33.05649,33.374,0.0
2022-01-15 08:15:24.510481,32.84979,33.322,0.0
2022-01-15 08:15:25.010102,33.62335,33.7355,0.0
2022-01-15 08:15:25.503624,33.52062,33.58075,0.0
2022-01-15 08:15:26.001656,32.64433,33.47675,0.0
2022-01-15 08:15:26.506623,33.10847,33.6315,0.0
2022-01-15 08:15:27.004662,33.83005,33.89025,0.0
2022-01-15 08:15:27.510449,33.67534,33.6835,0.0
2022-01-15 08:15:28.010002,33.15922,33.21925,0.0
2022-01-15 08:15:28.507047,32.43764,33.6315,0.0
2022-01-15 08:15:29.005102,32.43764,33.6835,0.0
2022-01-15 08:15:29.509756,33.57261,33.6315,0.0
2022-01-15 08:15:30.008787,33.93278,33.322,0.0
2022-01-15 08:15:30.503874,33.31393,33.1165,0.0
2022-01-15 08:15:31.001626,32.43764,33.47675,0.0
2022-01-15 08:15:31.506710,32.69508,34.09575,0.0
2022-01-15 08:15:32.004645,34.2422,33.52875,0.0
2022-01-15 08:15:32.509102,33.46864,33.27125,0.0
2022-01-15 08:15:33.008307,33.15922,33.78625,0.0
2022-01-15 08:15:33.502241,33.31393,33.52875,0.0
2022-01-15 08:15:34.001903,33.05649,33.6835,0.0
2022-01-15 08:15:34.507494,32.90177,33.21925,0.0
2022-01-15 08:15:35.006950,32.95376,33.374,0.0
2022-01-15 08:15:35.501106,32.69508,33.6315,0.0
2022-01-15 08:15:36.008247,33.57261,33.374,0.0
2022-01-15 08:15:36.503969,33.57261,33.322,0.0
2022-01-15 08:15:37.001189,33.36591,33.7355,0.0
2022-01-15 08:15:37.509143,32.48962,33.89025,0.0
2022-01-15 08:15:38.007072,33.2112,33.52875,0.0
2022-01-15 08:15:38.501839,33.77807,34.045,0.0
2022-01-15 08:15:39.010681,34.03675,33.47675,0.0
2022-01-15 08:15:39.503805,33.0045,33.52875,0.0
2022-01-15 08:15:40.001367,32.38565,33.78625,0.0
2022-01-15 08:15:40.507529,32.74706,33.27125,0.0
2022-01-15 08:15:41.004924,34.29419,33.16725,0.0
2022-01-15 08:15:41.510058,33.26318,33.7355,0.0
2022-01-15 08:15:42.004410,32.84979,33.0645,0.0
2022-01-15 08:15:42.509780,33.4179,33.374,0.0
2022-01-15 08:15:43.009347,33.57261,34.14775,0.0
2022-01-15 08:15:43.504681,33.0045,33.6315,0.0
2022-01-15 08:15:44.001217,32.90177,33.58075,0.0
2022-01-15 08:15:44.507302,32.79905,33.52875,0.0
2022-01-15 08:15:45.005853,33.10847,33.47675,0.0
2022-01-15 08:15:45.501831,33.57261,33.941,0.0
2022-01-15 08:15:46.009179,32.74706,33.27125,0.0
2022-01-15 08:15:46.506612,33.0045,32.85775,0.0
2022-01-15 08:15:47.006864,33.36591,33.993,0.0
2022-01-15 08:15:47.501237,33.4179,33.7355,0.0
2022-01-15 08:15:48.008906,33.31393,32.96175,0.0
2022-01-15 08:15:48.505075,32.64433,33.58075,0.0
2022-01-15 08:15:49.003433,32.95376,33.993,0.0
2022-01-15 08:15:49.509382,33.77807,33.7355,0.0
2022-01-15 08:15:50.007818,33.52062,33.426,0.0
2022-01-15 08:15:50.507412,33.2112,33.16725,0.0
2022-01-15 08:15:51.005870,32.95376,33.7355,0.0
2022-01-15 08:15:51.510754,33.26318,33.993,0.0
2022-01-15 08:15:52.008793,34.19146,33.374,0.0
2022-01-15 08:15:52.504785,33.46864,33.0125,0.0
2022-01-15 08:15:53.002525,32.84979,33.47675,0.0
2022-01-15 08:15:53.508068,32.84979,33.89025,0.0
2022-01-15 08:15:54.005653,32.74706,33.58075,0.0
2022-01-15 08:15:54.501227,33.36591,33.52875,0.0
2022-01-15 08:15:55.009466,33.36591,33.78625,0.0
2022-01-15 08:15:55.504483,32.84979,33.89025,0.0
2022-01-15 08:15:56.001930,33.0045,33.52875,0.0
2022-01-15 08:15:56.508101,33.77807,33.322,0.0
2022-01-15 08:15:57.005816,33.72732,33.6835,0.0
2022-01-15 08:15:57.502056,32.84979,33.426,0.0
2022-01-15 08:15:58.010480,32.48962,33.426,0.0
2022-01-15 08:15:58.504851,33.62335,33.52875,0.0
2022-01-15 08:15:59.003386,33.62335,33.21925,0.0
2022-01-15 08:15:59.510741,33.10847,34.14775,0.0
2022-01-15 08:16:00.009699,32.48962,33.52875,0.0
2022-01-15 08:16:00.506363,32.90177,33.426,0.0
2022-01-15 08:16:01.005254,34.19146,33.83825,0.0
2022-01-15 08:16:01.510213,33.52062,33.52875,0.0
2022-01-15 08:16:02.008839,32.69508,33.322,0.0
2022-01-15 08:16:02.504985,32.02548,33.83825,0.0
2022-01-15 08:16:03.002629,33.57261,33.6315,0.0
2022-01-15 08:16:03.510213,33.88203,33.1165,0.0
2022-01-15 08:16:04.009346,32.79905,33.6835,0.0
2022-01-15 08:16:04.504452,33.15922,33.47675,0.0
2022-01-15 08:16:05.001569,33.83005,33.7355,0.0
2022-01-15 08:16:05.508236,33.72732,33.78625,0.0
2022-01-15 08:16:06.006220,32.95376,33.27125,0.0
2022-01-15 08:16:06.511054,32.59235,33.426,0.0
2022-01-15 08:16:07.008983,33.52062,33.941,0.0
2022-01-15 08:16:07.505854,33.52062,33.47675,0.0
2022-01-15 08:16:08.004778,33.2112,33.16725,0.0
2022-01-15 08:16:08.510761,32.54037,33.6835,0.0
2022-01-15 08:16:09.008463,32.90177,33.6315,0.0
2022-01-15 08:16:09.502620,33.52062,33.426,0.0
2022-01-15 08:16:10.000712,33.4179,33.374,0.0
2022-01-15 08:16:10.508132,32.95376,33.58075,0.0
2022-01-15 08:16:11.006243,32.84979,33.6835,0.0
2022-01-15 08:16:11.502745,33.46864,33.89025,0.0
2022-01-15 08:16:12.001658,33.52062,33.47675,0.0
2022-01-15 08:16:12.508311,33.77807,33.16725,0.0
2022-01-15 08:16:13.005152,33.0045,33.941,0.0
2022-01-15 08:16:13.510994,33.05649,33.52875,0.0
2022-01-15 08:16:14.009254,32.84979,33.374,0.0
2022-01-15 08:16:14.504198,33.67534,33.6835,0.0
2022-01-15 08:16:15.002497,32.59235,33.58075,0.0
2022-01-15 08:16:15.506793,33.36591,33.374,0.0
2022-01-15 08:16:16.004188,33.26318,33.6315,0.0
2022-01-15 08:16:16.501466,33.93278,33.52875,0.0
2022-01-15 08:16:17.010274,33.26318,33.47675,0.0
2022-01-15 08:16:17.505863,32.69508,33.78625,0.0
2022-01-15 08:16:18.004930,32.23094,33.52875,0.0
2022-01-15 08:16:18.509772,33.77807,33.426,0.0
2022-01-15 08:16:19.008780,34.03675,33.83825,0.0
2022-01-15 08:16:19.504068,33.36591,33.426,0.0
2022-01-15 08:16:20.002350,32.43764,33.83825,0.0
2022-01-15 08:16:20.508542,32.02548,33.6835,0.0
2022-01-15 08:16:21.007476,33.62335,33.21925,0.0
2022-01-15 08:16:21.503598,33.46864,33.52875,0.0
2022-01-15 08:16:22.001664,32.84979,33.52875,0.0
2022-01-15 08:16:22.507354,32.33491,33.6315,0.0
2022-01-15 08:16:23.005228,32.64433,33.941,0.0
2022-01-15 08:16:23.510357,33.67534,33.322,0.0
2022-01-15 08:16:24.008909,33.26318,33.374,0.0
2022-01-15 08:16:24.505031,33.36591,33.993,0.0
2022-01-15 08:16:25.001381,33.26318,33.6835,0.0
2022-01-15 08:16:25.508904,33.46864,33.52875,0.0
2022-01-15 08:16:26.006874,33.2112,33.374,0.0
2022-01-15 08:16:26.500961,32.54037,33.1165,0.0
2022-01-15 08:16:27.008481,32.54037,33.941,0.0
2022-01-15 08:16:27.505616,33.15922,33.6315,0.0
2022-01-15 08:16:28.004331,33.72732,33.1165,0.0
2022-01-15 08:16:28.509648,32.95376,33.83825,0.0
2022-01-15 08:16:29.008924,32.64433,33.993,0.0
2022-01-15 08:16:29.508976,33.67534,33.374,0.0
2022-01-15 08:16:30.008280,33.88203,33.47675,0.0
2022-01-15 08:16:30.504889,33.31393,33.83825,0.0
2022-01-15 08:16:31.002621,32.38565,33.58075,0.0
2022-01-15 08:16:31.508181,32.54037,33.6835,0.0
2022-01-15 08:16:32.006459,33.4179,33.21925,0.0
2022-01-15 08:16:32.503429,34.03675,33.0125,0.0
2022-01-15 08:16:33.002558,33.31393,34.045,0.0
2022-01-15 08:16:33.507225,32.54037,33.6835,0.0
2022-01-15 08:16:34.006162,32.1802,33.47675,0.0
2022-01-15 08:16:34.503295,33.52062,33.16725,0.0
2022-01-15 08:16:35.504924,33.05649,33.6835,0.0
2022-01-15 08:16:36.004121,32.59235,33.52875,0.0
2022-01-15 08:16:36.510995,32.54037,33.21925,0.0
2022-01-15 08:16:37.009397,33.57261,33.941,0.0
2022-01-15 08:16:37.505334,33.31393,33.322,0.0
2022-01-15 08:16:38.004430,33.10847,33.58075,0.0
2022-01-15 08:16:38.509295,32.64433,33.58075,0.0
2022-01-15 08:16:39.008165,33.2112,33.52875,0.0
2022-01-15 08:16:39.505693,33.31393,33.58075,0.0
2022-01-15 08:16:40.003651,32.1802,33.6835,0.0
2022-01-15 08:16:40.507755,32.38565,33.58075,0.0
2022-01-15 08:16:41.005983,33.52062,33.83825,0.0
2022-01-15 08:16:41.501145,33.77807,33.6835,0.0
2022-01-15 08:16:42.008765,32.95376,33.0645,0.0
2022-01-15 08:16:42.503577,32.54037,33.7355,0.0
2022-01-15 08:16:43.001103,34.03675,33.78625,0.0
2022-01-15 08:16:43.506185,33.83005,33.21925,0.0
2022-01-15 08:16:44.006183,33.36591,33.27125,0.0
2022-01-15 08:16:44.501123,32.64433,33.941,0.0
2022-01-15 08:16:45.009222,32.59235,33.6835,0.0
2022-01-15 08:16:45.504061,33.67534,33.426,0.0
2022-01-15 08:16:46.001682,33.36591,33.47675,0.0
2022-01-15 08:16:46.506242,32.90177,33.58075,0.0
2022-01-15 08:16:47.004939,32.69508,33.83825,0.0
2022-01-15 08:16:47.510391,33.46864,33.58075,0.0
2022-01-15 08:16:48.009192,33.46864,33.1165,0.0
2022-01-15 08:16:48.506322,33.26318,33.6835,0.0
2022-01-15 08:16:49.004103,32.69508,33.993,0.0
2022-01-15 08:16:49.510279,32.90177,33.52875,0.0
2022-01-15 08:16:50.009291,33.88203,33.27125,0.0
2022-01-15 08:16:50.503019,33.31393,33.7355,0.0
2022-01-15 08:16:51.011080,32.59235,34.09575,0.0
2022-01-15 08:16:51.506249,32.79905,33.374,0.0
2022-01-15 08:16:52.004900,33.72732,33.16725,0.0
2022-01-15 08:16:52.509378,33.67534,33.6315,0.0
2022-01-15 08:16:53.008106,33.31393,33.6315,0.0
2022-01-15 08:16:53.504167,32.54037,33.47675,0.0
2022-01-15 08:16:54.004454,32.1802,33.322,0.0
2022-01-15 08:16:54.510569,34.34617,33.52875,0.0
2022-01-15 08:16:55.009748,33.77807,33.7355,0.0
2022-01-15 08:16:55.503722,33.05649,33.6315,0.0
2022-01-15 08:16:56.002915,32.48962,33.58075,0.0
2022-01-15 08:16:56.508795,33.15922,33.6835,0.0
2022-01-15 08:16:57.005936,34.08749,33.47675,0.0
2022-01-15 08:16:57.503900,33.77807,33.52875,0.0
2022-01-15 08:16:58.002177,33.26318,33.58075,0.0
2022-01-15 08:16:58.507624,33.2112,33.27125,0.0
2022-01-15 08:16:59.004715,33.88203,33.6315,0.0
2022-01-15 08:16:59.510018,33.77807,33.322,0.0
2022-01-15 08:17:00.006627,32.64433,33.47675,0.0
2022-01-15 08:17:00.502505,32.54037,33.941,0.0
2022-01-15 08:17:01.010484,33.2112,33.6835,0.0
2022-01-15 08:17:01.506773,33.52062,33.52875,0.0
2022-01-15 08:17:02.004537,33.10847,33.6835,0.0
2022-01-15 08:17:02.508679,32.33491,33.47675,0.0
2022-01-15 08:17:03.006307,34.03675,33.47675,0.0
2022-01-15 08:17:03.510473,34.03675,33.47675,0.0
2022-01-15 08:17:04.009123,33.46864,33.27125,0.0
2022-01-15 08:17:04.505144,32.54037,33.941,0.0
2022-01-15 08:17:05.003851,32.48962,33.426,0.0
2022-01-15 08:17:05.508801,33.10847,33.0645,0.0
2022-01-15 08:17:06.006232,34.03675,34.045,0.0
2022-01-15 08:17:06.502144,33.05649,33.7355,0.0
2022-01-15 08:17:07.010492,32.90177,33.58075,0.0
2022-01-15 08:17:07.505899,33.36591,33.52875,0.0
2022-01-15 08:17:08.004393,33.4179,33.322,0.0
2022-01-15 08:17:08.508747,33.36591,33.6315,0.0
2022-01-15 08:17:09.005290,33.15922,33.7355,0.0
2022-01-15 08:17:09.508443,33.31393,33.27125,0.0
2022-01-15 08:17:10.005721,33.36591,33.1165,0.0
2022-01-15 08:17:10.501763,33.31393,33.993,0.0
2022-01-15 08:17:11.008819,32.74706,33.47675,0.0
2022-01-15 08:17:11.508670,32.79905,33.47675,0.0
2022-01-15 08:17:12.007071,33.36591,34.045,0.0
2022-01-15 08:17:12.501312,33.46864,33.374,0.0
2022-01-15 08:17:13.010070,33.15922,33.83825,0.0
2022-01-15 08:17:13.504838,32.79905,33.58075,0.0
2022-01-15 08:17:14.002225,32.69508,33.0125,0.0
2022-01-15 08:17:14.510961,33.67534,33.322,0.0
2022-01-15 08:17:15.009980,33.46864,34.09575,0.0
