時間,回転１,回転２,回転３
2022-01-13 23:00:00.007151,0.0,0.0,0.0
2022-01-13 23:00:00.501819,0.0,0.0,0.0
2022-01-13 23:00:01.009922,0.0,0.0,0.0
2022-01-13 23:00:01.506424,0.0,0.0,0.0
2022-01-13 23:00:02.004327,0.0,0.0,0.0
2022-01-13 23:00:02.501523,0.0,0.0,0.0
2022-01-13 23:00:03.010386,0.0,0.0,0.0
2022-01-13 23:00:03.507914,0.0,0.0,0.0
2022-01-13 23:00:04.007704,0.0,0.0,0.0
2022-01-13 23:00:04.507427,0.0,0.0,0.0
2022-01-13 23:00:05.005792,0.0,0.0,0.0
2022-01-13 23:00:05.501103,0.0,0.0,0.0
2022-01-13 23:00:06.008590,0.0,0.0,0.0
2022-01-13 23:00:06.502819,0.0,0.0,0.0
2022-01-13 23:00:07.003561,0.0,0.0,0.0
2022-01-13 23:00:07.509758,0.0,0.0,0.0
2022-01-13 23:00:08.006739,0.0,0.0,0.0
2022-01-13 23:00:08.502459,0.0,0.0,0.0
2022-01-13 23:00:09.011035,0.0,0.0,0.0
2022-01-13 23:00:09.506699,0.0,0.0,0.0
2022-01-13 23:00:10.004962,0.0,0.0,0.0
2022-01-13 23:00:10.501578,0.0,0.0,0.0
2022-01-13 23:00:11.010727,0.0,0.0,0.0
2022-01-13 23:00:11.505639,0.0,0.0,0.0
2022-01-13 23:00:12.003508,0.0,0.0,0.0
2022-01-13 23:00:12.508159,0.0,0.0,0.0
2022-01-13 23:00:13.009116,0.0,0.0,0.0
2022-01-13 23:00:13.502755,0.0,0.0,0.0
2022-01-13 23:00:14.002714,0.0,0.0,0.0
2022-01-13 23:00:14.507525,0.0,0.0,0.0
2022-01-13 23:00:15.005359,0.0,0.0,0.0
2022-01-13 23:00:15.501179,0.0,0.0,0.0
2022-01-13 23:00:16.008678,0.0,0.0,0.0
2022-01-13 23:00:16.503922,0.0,0.0,0.0
2022-01-13 23:00:17.002676,0.0,0.0,0.0
2022-01-13 23:00:17.509086,0.0,0.0,0.0
2022-01-13 23:00:18.007751,0.0,0.0,0.0
2022-01-13 23:00:18.501298,0.0,0.0,0.0
2022-01-13 23:00:19.010040,0.0,0.0,0.0
2022-01-13 23:00:19.504146,0.0,0.0,0.0
2022-01-13 23:00:20.003903,0.0,0.0,0.0
2022-01-13 23:00:20.509687,0.0,0.0,0.0
2022-01-13 23:00:21.009248,0.0,0.0,0.0
2022-01-13 23:00:21.504543,0.0,0.0,0.0
2022-01-13 23:00:22.001640,0.0,0.0,0.0
2022-01-13 23:00:22.509440,0.0,0.0,0.0
2022-01-13 23:00:23.008009,0.0,0.0,0.0
2022-01-13 23:00:23.504298,0.0,0.0,0.0
2022-01-13 23:00:24.002931,0.0,0.0,0.0
2022-01-13 23:00:24.509326,0.0,0.0,0.0
2022-01-13 23:00:25.007058,0.0,0.0,0.0
2022-01-13 23:00:25.502335,0.0,0.0,0.0
2022-01-13 23:00:26.009643,0.0,0.0,0.0
2022-01-13 23:00:26.506848,0.0,0.0,0.0
2022-01-13 23:00:27.006375,0.0,0.0,0.0
2022-01-13 23:00:27.502205,0.0,0.0,0.0
2022-01-13 23:00:28.002166,0.0,0.0,0.0
2022-01-13 23:00:28.507520,0.0,0.0,0.0
2022-01-13 23:00:29.005610,0.0,0.0,0.0
2022-01-13 23:00:29.509560,0.0,0.0,0.0
2022-01-13 23:00:30.007885,0.0,0.0,0.0
2022-01-13 23:00:30.502838,0.0,0.0,0.0
2022-01-13 23:00:31.001503,0.0,0.0,0.0
2022-01-13 23:00:31.508759,0.0,0.0,0.0
2022-01-13 23:00:32.007365,0.0,0.0,0.0
2022-01-13 23:00:32.503340,0.0,0.0,0.0
2022-01-13 23:00:33.002212,0.0,0.0,0.0
2022-01-13 23:00:33.506981,0.0,0.0,0.0
2022-01-13 23:00:34.004142,0.0,0.0,0.0
2022-01-13 23:00:34.509246,0.0,0.0,0.0
2022-01-13 23:00:35.008536,0.0,0.0,0.0
2022-01-13 23:00:35.507482,0.0,0.0,0.0
2022-01-13 23:00:36.007215,0.0,0.0,0.0
2022-01-13 23:00:36.502340,0.0,0.0,0.0
2022-01-13 23:00:37.010715,0.0,0.0,0.0
2022-01-13 23:00:37.505412,0.0,0.0,0.0
2022-01-13 23:00:38.003368,0.0,0.0,0.0
2022-01-13 23:00:38.508101,0.0,0.0,0.0
2022-01-13 23:00:39.005435,0.0,0.0,0.0
2022-01-13 23:00:39.502299,0.0,0.0,0.0
2022-01-13 23:00:40.002333,0.0,0.0,0.0
2022-01-13 23:00:40.508343,0.0,0.0,0.0
2022-01-13 23:00:41.006946,0.0,0.0,0.0
2022-01-13 23:00:41.510750,0.0,0.0,0.0
2022-01-13 23:00:42.009456,0.0,0.0,0.0
2022-01-13 23:00:42.505124,0.0,0.0,0.0
2022-01-13 23:00:43.002795,0.0,0.0,0.0
2022-01-13 23:00:43.508649,0.0,0.0,0.0
2022-01-13 23:00:44.006458,0.0,0.0,0.0
2022-01-13 23:00:44.502368,0.0,0.0,0.0
2022-01-13 23:00:45.001333,0.0,0.0,0.0
2022-01-13 23:00:45.505926,0.0,0.0,0.0
2022-01-13 23:00:46.006245,0.0,0.0,0.0
2022-01-13 23:00:46.510277,0.0,0.0,0.0
2022-01-13 23:00:47.008156,0.0,0.0,0.0
2022-01-13 23:00:47.503760,0.0,0.0,0.0
2022-01-13 23:00:48.002372,0.0,0.0,0.0
2022-01-13 23:00:48.507937,0.0,0.0,0.0
2022-01-13 23:00:49.006422,0.0,0.0,0.0
2022-01-13 23:00:49.501877,0.0,0.0,0.0
2022-01-13 23:00:50.009953,0.0,0.0,0.0
2022-01-13 23:00:50.505410,0.0,0.0,0.0
2022-01-13 23:00:51.003337,0.0,0.0,0.0
2022-01-13 23:00:51.508521,0.0,0.0,0.0
2022-01-13 23:00:52.007553,0.0,0.0,0.0
2022-01-13 23:00:52.503305,0.0,0.0,0.0
2022-01-13 23:00:53.001451,0.0,0.0,0.0
2022-01-13 23:00:53.506887,0.0,0.0,0.0
2022-01-13 23:00:54.005632,0.0,0.0,0.0
2022-01-13 23:00:54.508598,0.0,0.0,0.0
2022-01-13 23:00:55.006290,0.0,0.0,0.0
2022-01-13 23:00:55.501648,0.0,0.0,0.0
2022-01-13 23:00:56.009929,0.0,0.0,0.0
2022-01-13 23:00:56.506269,0.0,0.0,0.0
2022-01-13 23:00:57.005324,0.0,0.0,0.0
2022-01-13 23:00:57.501217,0.0,0.0,0.0
2022-01-13 23:00:58.008900,0.0,0.0,0.0
2022-01-13 23:00:58.503674,0.0,0.0,0.0
2022-01-13 23:00:59.001285,0.0,0.0,0.0
2022-01-13 23:00:59.506132,0.0,0.0,0.0
2022-01-13 23:01:00.001497,0.0,0.0,0.0
2022-01-13 23:01:00.509498,0.0,0.0,0.0
2022-01-13 23:01:01.007589,0.0,0.0,0.0
2022-01-13 23:01:01.508058,0.0,0.0,0.0
2022-01-13 23:01:02.005276,0.0,0.0,0.0
2022-01-13 23:01:03.007411,0.0,0.0,0.0
2022-01-13 23:01:03.503164,0.0,0.0,0.0
2022-01-13 23:01:04.001881,0.0,0.0,0.0
2022-01-13 23:01:04.507263,0.0,0.0,0.0
2022-01-13 23:01:05.005947,0.0,0.0,0.0
2022-01-13 23:01:05.501838,0.0,0.0,0.0
2022-01-13 23:01:06.009786,0.0,0.0,0.0
2022-01-13 23:01:06.506483,0.0,0.0,0.0
2022-01-13 23:01:07.006274,0.0,0.0,0.0
2022-01-13 23:01:07.502189,0.0,0.0,0.0
2022-01-13 23:01:08.010662,0.0,0.0,0.0
2022-01-13 23:01:08.508033,0.0,0.0,0.0
2022-01-13 23:01:09.006893,0.0,0.0,0.0
2022-01-13 23:01:09.510303,0.0,0.0,0.0
2022-01-13 23:01:10.008669,0.0,0.0,0.0
2022-01-13 23:01:10.504060,0.0,0.0,0.0
2022-01-13 23:01:11.003654,0.0,0.0,0.0
2022-01-13 23:01:11.509357,0.0,0.0,0.0
2022-01-13 23:01:12.010054,0.0,0.0,0.0
2022-01-13 23:01:12.503896,0.0,0.0,0.0
2022-01-13 23:01:13.001389,0.0,0.0,0.0
2022-01-13 23:01:13.506634,0.0,0.0,0.0
2022-01-13 23:01:14.005461,0.0,0.0,0.0
2022-01-13 23:01:14.509678,0.0,0.0,0.0
2022-01-13 23:01:15.007648,0.0,0.0,0.0
2022-01-13 23:01:15.503059,0.0,0.0,0.0
2022-01-13 23:01:16.010364,0.0,0.0,0.0
2022-01-13 23:01:16.505565,0.0,0.0,0.0
2022-01-13 23:01:17.003692,0.0,0.0,0.0
2022-01-13 23:01:17.509436,0.0,0.0,0.0
2022-01-13 23:01:18.009530,0.0,0.0,0.0
2022-01-13 23:01:18.503717,0.0,0.0,0.0
2022-01-13 23:01:19.002235,0.0,0.0,0.0
2022-01-13 23:01:19.507349,0.0,0.0,0.0
2022-01-13 23:01:20.006380,0.0,0.0,0.0
2022-01-13 23:01:20.510993,0.0,0.0,0.0
2022-01-13 23:01:21.008897,0.0,0.0,0.0
2022-01-13 23:01:21.505052,0.0,0.0,0.0
2022-01-13 23:01:22.002080,0.0,0.0,0.0
2022-01-13 23:01:22.507720,0.0,0.0,0.0
2022-01-13 23:01:23.005054,0.0,0.0,0.0
2022-01-13 23:01:23.510092,0.0,0.0,0.0
2022-01-13 23:01:24.008585,0.0,0.0,0.0
2022-01-13 23:01:24.504621,0.0,0.0,0.0
2022-01-13 23:01:25.003629,0.0,0.0,0.0
2022-01-13 23:01:25.507725,0.0,0.0,0.0
2022-01-13 23:01:26.004709,0.0,0.0,0.0
2022-01-13 23:01:26.508519,0.0,0.0,0.0
2022-01-13 23:01:27.007037,0.0,0.0,0.0
2022-01-13 23:01:27.502057,0.0,0.0,0.0
2022-01-13 23:01:28.001431,0.0,0.0,0.0
2022-01-13 23:01:28.509437,0.0,0.0,0.0
2022-01-13 23:01:29.008820,0.0,0.0,0.0
2022-01-13 23:01:29.503902,0.0,0.0,0.0
2022-01-13 23:01:30.002810,0.0,0.0,0.0
2022-01-13 23:01:30.508607,0.0,0.0,0.0
2022-01-13 23:01:31.006902,0.0,0.0,0.0
2022-01-13 23:01:31.503464,0.0,0.0,0.0
2022-01-13 23:01:32.001401,0.0,0.0,0.0
2022-01-13 23:01:32.507108,0.0,0.0,0.0
2022-01-13 23:01:33.006491,0.0,0.0,0.0
2022-01-13 23:01:33.511195,0.0,0.0,0.0
2022-01-13 23:01:34.008592,0.0,0.0,0.0
2022-01-13 23:01:34.504342,0.0,0.0,0.0
2022-01-13 23:01:35.002167,0.0,0.0,0.0
2022-01-13 23:01:35.505601,0.0,0.0,0.0
2022-01-13 23:01:36.005291,0.0,0.0,0.0
2022-01-13 23:01:36.501231,0.0,0.0,0.0
2022-01-13 23:01:37.009116,0.0,0.0,0.0
2022-01-13 23:01:37.505713,0.0,0.0,0.0
2022-01-13 23:01:38.005097,0.0,0.0,0.0
2022-01-13 23:01:38.510504,0.0,0.0,0.0
2022-01-13 23:01:39.009887,0.0,0.0,0.0
2022-01-13 23:01:39.505147,0.0,0.0,0.0
2022-01-13 23:01:40.003445,0.0,0.0,0.0
2022-01-13 23:01:40.507756,0.0,0.0,0.0
2022-01-13 23:01:41.006920,0.0,0.0,0.0
2022-01-13 23:01:41.505291,0.0,0.0,0.0
2022-01-13 23:01:42.004601,0.0,0.0,0.0
2022-01-13 23:01:42.510449,0.0,0.0,0.0
2022-01-13 23:01:43.007412,0.0,0.0,0.0
2022-01-13 23:01:43.503006,0.0,0.0,0.0
2022-01-13 23:01:44.001935,0.0,0.0,0.0
2022-01-13 23:01:44.506304,0.0,0.0,0.0
2022-01-13 23:01:45.003978,0.0,0.0,0.0
2022-01-13 23:01:45.507967,0.0,0.0,0.0
2022-01-13 23:01:46.006993,0.0,0.0,0.0
2022-01-13 23:01:46.503857,0.0,0.0,0.0
2022-01-13 23:01:47.002281,0.0,0.0,0.0
2022-01-13 23:01:47.507180,0.0,0.0,0.0
2022-01-13 23:01:48.006005,0.0,0.0,0.0
2022-01-13 23:01:48.501450,0.0,0.0,0.0
2022-01-13 23:01:49.009146,0.0,0.0,0.0
2022-01-13 23:01:49.503021,0.0,0.0,0.0
2022-01-13 23:01:50.002137,0.0,0.0,0.0
2022-01-13 23:01:50.507547,0.0,0.0,0.0
2022-01-13 23:01:51.004995,0.0,0.0,0.0
2022-01-13 23:01:51.508439,0.0,0.0,0.0
2022-01-13 23:01:52.006192,0.0,0.0,0.0
2022-01-13 23:01:52.501507,0.0,0.0,0.0
2022-01-13 23:01:53.009546,0.0,0.0,0.0
2022-01-13 23:01:53.504925,0.0,0.0,0.0
2022-01-13 23:01:54.003488,0.0,0.0,0.0
2022-01-13 23:01:54.509238,0.0,0.0,0.0
2022-01-13 23:01:55.008618,0.0,0.0,0.0
2022-01-13 23:01:55.503062,0.0,0.0,0.0
2022-01-13 23:01:56.010108,0.0,0.0,0.0
2022-01-13 23:01:56.504884,0.0,0.0,0.0
2022-01-13 23:01:57.003667,0.0,0.0,0.0
2022-01-13 23:01:57.509547,0.0,0.0,0.0
2022-01-13 23:01:58.005904,0.0,0.0,0.0
2022-01-13 23:01:58.501194,0.0,0.0,0.0
2022-01-13 23:01:59.009882,0.0,0.0,0.0
2022-01-13 23:01:59.505390,0.0,0.0,0.0
2022-01-13 23:02:00.002477,0.0,0.0,0.0
2022-01-13 23:02:00.504251,0.0,0.0,0.0
2022-01-13 23:02:01.003286,0.0,0.0,0.0
2022-01-13 23:02:01.508141,0.0,0.0,0.0
2022-01-13 23:02:02.005605,0.0,0.0,0.0
2022-01-13 23:02:02.510117,0.0,0.0,0.0
2022-01-13 23:02:03.008354,0.0,0.0,0.0
2022-01-13 23:02:03.504113,0.0,0.0,0.0
2022-01-13 23:02:04.001732,0.0,0.0,0.0
2022-01-13 23:02:04.507436,0.0,0.0,0.0
2022-01-13 23:02:05.006253,0.0,0.0,0.0
2022-01-13 23:02:05.502030,0.0,0.0,0.0
2022-01-13 23:02:06.011259,0.0,0.0,0.0
2022-01-13 23:02:06.507852,0.0,0.0,0.0
2022-01-13 23:02:07.004585,0.0,0.0,0.0
2022-01-13 23:02:07.509970,0.0,0.0,0.0
2022-01-13 23:02:08.010271,0.0,0.0,0.0
2022-01-13 23:02:08.506019,0.0,0.0,0.0
2022-01-13 23:02:09.003868,0.0,0.0,0.0
2022-01-13 23:02:09.502200,0.0,0.0,0.0
2022-01-13 23:02:10.001089,0.0,0.0,0.0
2022-01-13 23:02:10.507609,0.0,0.0,0.0
2022-01-13 23:02:11.006675,0.0,0.0,0.0
2022-01-13 23:02:11.501830,0.0,0.0,0.0
2022-01-13 23:02:12.010430,0.0,0.0,0.0
2022-01-13 23:02:12.507359,0.0,0.0,0.0
2022-01-13 23:02:13.004609,0.0,0.0,0.0
2022-01-13 23:02:13.510022,0.0,0.0,0.0
2022-01-13 23:02:14.007807,0.0,0.0,0.0
2022-01-13 23:02:14.501889,0.0,0.0,0.0
2022-01-13 23:02:15.009650,0.0,0.0,0.0
2022-01-13 23:02:15.504477,0.0,0.0,0.0
2022-01-13 23:02:16.002047,0.0,0.0,0.0
2022-01-13 23:02:16.505154,0.0,0.0,0.0
2022-01-13 23:02:17.003246,0.0,0.0,0.0
2022-01-13 23:02:17.507994,0.0,0.0,0.0
2022-01-13 23:02:18.005773,0.0,0.0,0.0
2022-01-13 23:02:18.501313,0.0,0.0,0.0
2022-01-13 23:02:19.008758,0.0,0.0,0.0
2022-01-13 23:02:19.503863,0.0,0.0,0.0
2022-01-13 23:02:20.002052,0.0,0.0,0.0
2022-01-13 23:02:20.506588,0.0,0.0,0.0
2022-01-13 23:02:21.005641,0.0,0.0,0.0
2022-01-13 23:02:21.501083,0.0,0.0,0.0
2022-01-13 23:02:22.009556,0.0,0.0,0.0
2022-01-13 23:02:22.503920,0.0,0.0,0.0
2022-01-13 23:02:23.001383,0.0,0.0,0.0
2022-01-13 23:02:23.507100,0.0,0.0,0.0
2022-01-13 23:02:24.005692,0.0,0.0,0.0
2022-01-13 23:02:24.501088,0.0,0.0,0.0
2022-01-13 23:02:25.009198,0.0,0.0,0.0
2022-01-13 23:02:25.503923,0.0,0.0,0.0
2022-01-13 23:02:26.003587,0.0,0.0,0.0
2022-01-13 23:02:26.510688,0.0,0.0,0.0
2022-01-13 23:02:27.008403,0.0,0.0,0.0
2022-01-13 23:02:27.505020,0.0,0.0,0.0
2022-01-13 23:02:28.002167,0.0,0.0,0.0
2022-01-13 23:02:28.506985,0.0,0.0,0.0
2022-01-13 23:02:29.005124,0.0,0.0,0.0
2022-01-13 23:02:29.509577,0.0,0.0,0.0
2022-01-13 23:02:30.006753,0.0,0.0,0.0
2022-01-13 23:02:30.503919,0.0,0.0,0.0
2022-01-13 23:02:31.010960,0.0,0.0,0.0
2022-01-13 23:02:31.506644,0.0,0.0,0.0
2022-01-13 23:02:32.005389,0.0,0.0,0.0
2022-01-13 23:02:32.501181,0.0,0.0,0.0
2022-01-13 23:02:33.009656,0.0,0.0,0.0
2022-01-13 23:02:33.503940,0.0,0.0,0.0
2022-01-13 23:02:34.001433,0.0,0.0,0.0
2022-01-13 23:02:34.505596,0.0,0.0,0.0
2022-01-13 23:02:35.004807,0.0,0.0,0.0
2022-01-13 23:02:35.510113,0.0,0.0,0.0
2022-01-13 23:02:36.007766,0.0,0.0,0.0
2022-01-13 23:02:36.501277,0.0,0.0,0.0
2022-01-13 23:02:37.007416,0.0,0.0,0.0
2022-01-13 23:02:37.501982,0.0,0.0,0.0
2022-01-13 23:02:38.001451,0.0,0.0,0.0
2022-01-13 23:02:38.507440,0.0,0.0,0.0
2022-01-13 23:02:39.007367,0.0,0.0,0.0
2022-01-13 23:02:39.503877,0.0,0.0,0.0
2022-01-13 23:02:40.010904,0.0,0.0,0.0
2022-01-13 23:02:40.504848,0.0,0.0,0.0
2022-01-13 23:02:41.003190,0.0,0.0,0.0
2022-01-13 23:02:41.508488,0.0,0.0,0.0
2022-01-13 23:02:42.005917,0.0,0.0,0.0
2022-01-13 23:02:42.501286,0.0,0.0,0.0
2022-01-13 23:02:43.010117,0.0,0.0,0.0
2022-01-13 23:02:43.506182,0.0,0.0,0.0
2022-01-13 23:02:44.004743,0.0,0.0,0.0
2022-01-13 23:02:44.509173,0.0,0.0,0.0
2022-01-13 23:02:45.006013,0.0,0.0,0.0
2022-01-13 23:02:45.504596,0.0,0.0,0.0
2022-01-13 23:02:46.002115,0.0,0.0,0.0
2022-01-13 23:02:46.508605,0.0,0.0,0.0
2022-01-13 23:02:47.006076,0.0,0.0,0.0
2022-01-13 23:02:47.501517,0.0,0.0,0.0
2022-01-13 23:02:48.009918,0.0,0.0,0.0
2022-01-13 23:02:48.503983,0.0,0.0,0.0
2022-01-13 23:02:49.001761,0.0,0.0,0.0
2022-01-13 23:02:49.507857,0.0,0.0,0.0
2022-01-13 23:02:50.006873,0.0,0.0,0.0
2022-01-13 23:02:50.502534,0.0,0.0,0.0
2022-01-13 23:02:51.001542,0.0,0.0,0.0
2022-01-13 23:02:51.506152,0.0,0.0,0.0
2022-01-13 23:02:52.003917,0.0,0.0,0.0
2022-01-13 23:02:52.501015,0.0,0.0,0.0
2022-01-13 23:02:53.010742,0.0,0.0,0.0
2022-01-13 23:02:53.505472,0.0,0.0,0.0
2022-01-13 23:02:54.003124,0.0,0.0,0.0
2022-01-13 23:02:54.507863,0.0,0.0,0.0
2022-01-13 23:02:55.006456,0.0,0.0,0.0
2022-01-13 23:02:55.503005,0.0,0.0,0.0
2022-01-13 23:02:56.001601,0.0,0.0,0.0
2022-01-13 23:02:56.506178,0.0,0.0,0.0
2022-01-13 23:02:57.005162,0.0,0.0,0.0
2022-01-13 23:02:57.510844,0.0,0.0,0.0
2022-01-13 23:02:58.010291,0.0,0.0,0.0
2022-01-13 23:02:58.505191,0.0,0.0,0.0
2022-01-13 23:02:59.003772,0.0,0.0,0.0
2022-01-13 23:02:59.508511,0.0,0.0,0.0
2022-01-13 23:03:00.006278,0.0,0.0,0.0
2022-01-13 23:03:00.510939,0.0,0.0,0.0
2022-01-13 23:03:01.010344,0.0,0.0,0.0
2022-01-13 23:03:01.506270,0.0,0.0,0.0
2022-01-13 23:03:02.002820,0.0,0.0,0.0
2022-01-13 23:03:02.508008,0.0,0.0,0.0
2022-01-13 23:03:03.006653,0.0,0.0,0.0
2022-01-13 23:03:03.502665,0.0,0.0,0.0
2022-01-13 23:03:04.011045,0.0,0.0,0.0
2022-01-13 23:03:04.510508,0.0,0.0,0.0
2022-01-13 23:03:05.010784,0.0,0.0,0.0
2022-01-13 23:03:05.508683,0.0,0.0,0.0
2022-01-13 23:03:06.011196,0.0,0.0,0.0
2022-01-13 23:03:06.506264,0.0,0.0,0.0
2022-01-13 23:03:07.005257,0.0,0.0,0.0
2022-01-13 23:03:07.501690,0.0,0.0,0.0
2022-01-13 23:03:08.009613,0.0,0.0,0.0
2022-01-13 23:03:08.503590,0.0,0.0,0.0
2022-01-13 23:03:09.001704,0.0,0.0,0.0
2022-01-13 23:03:09.507021,0.0,0.0,0.0
2022-01-13 23:03:10.005169,0.0,0.0,0.0
2022-01-13 23:03:10.510834,0.0,0.0,0.0
2022-01-13 23:03:11.008236,0.0,0.0,0.0
2022-01-13 23:03:11.502489,0.0,0.0,0.0
2022-01-13 23:03:12.010234,0.0,0.0,0.0
2022-01-13 23:03:12.505033,0.0,0.0,0.0
2022-01-13 23:03:13.003561,0.0,0.0,0.0
2022-01-13 23:03:13.509565,0.0,0.0,0.0
2022-01-13 23:03:14.010134,0.0,0.0,0.0
2022-01-13 23:03:14.505083,0.0,0.0,0.0
2022-01-13 23:03:15.002292,0.0,0.0,0.0
2022-01-13 23:03:15.506143,0.0,0.0,0.0
2022-01-13 23:03:16.005019,0.0,0.0,0.0
2022-01-13 23:03:16.509833,0.0,0.0,0.0
2022-01-13 23:03:17.007459,0.0,0.0,0.0
2022-01-13 23:03:17.507722,0.0,0.0,0.0
2022-01-13 23:03:18.005114,0.0,0.0,0.0
2022-01-13 23:03:18.510223,0.0,0.0,0.0
2022-01-13 23:03:19.008951,0.0,0.0,0.0
2022-01-13 23:03:19.505767,0.0,0.0,0.0
2022-01-13 23:03:20.004417,0.0,0.0,0.0
2022-01-13 23:03:20.507759,0.0,0.0,0.0
2022-01-13 23:03:21.005166,0.0,0.0,0.0
2022-01-13 23:03:22.005570,0.0,0.0,0.0
2022-01-13 23:03:22.510788,0.0,0.0,0.0
2022-01-13 23:03:23.010057,0.0,0.0,0.0
2022-01-13 23:03:23.503361,0.0,0.0,0.0
2022-01-13 23:03:24.001903,0.0,0.0,0.0
2022-01-13 23:03:24.508990,0.0,0.0,0.0
2022-01-13 23:03:25.007261,0.0,0.0,0.0
2022-01-13 23:03:25.503206,0.0,0.0,0.0
2022-01-13 23:03:26.001287,0.0,0.0,0.0
2022-01-13 23:03:26.507251,0.0,0.0,0.0
2022-01-13 23:03:27.006064,0.0,0.0,0.0
2022-01-13 23:03:27.502039,0.0,0.0,0.0
2022-01-13 23:03:28.010627,0.0,0.0,0.0
2022-01-13 23:03:28.505547,0.0,0.0,0.0
2022-01-13 23:03:29.003695,0.0,0.0,0.0
2022-01-13 23:03:29.508009,0.0,0.0,0.0
2022-01-13 23:03:30.006213,0.0,0.0,0.0
2022-01-13 23:03:30.502889,0.0,0.0,0.0
2022-01-13 23:03:31.001583,0.0,0.0,0.0
2022-01-13 23:03:31.506936,0.0,0.0,0.0
2022-01-13 23:03:32.005980,0.0,0.0,0.0
2022-01-13 23:03:32.502315,0.0,0.0,0.0
2022-01-13 23:03:33.001521,0.0,0.0,0.0
2022-01-13 23:03:33.507880,0.0,0.0,0.0
2022-01-13 23:03:34.006972,0.0,0.0,0.0
2022-01-13 23:03:34.502195,0.0,0.0,0.0
2022-01-13 23:03:35.001571,0.0,0.0,0.0
2022-01-13 23:03:35.507139,0.0,0.0,0.0
2022-01-13 23:03:36.005254,0.0,0.0,0.0
2022-01-13 23:03:36.510820,0.0,0.0,0.0
2022-01-13 23:03:37.008606,0.0,0.0,0.0
2022-01-13 23:03:37.505225,0.0,0.0,0.0
2022-01-13 23:03:38.003436,0.0,0.0,0.0
2022-01-13 23:03:38.508744,0.0,0.0,0.0
2022-01-13 23:03:39.007081,0.0,0.0,0.0
2022-01-13 23:03:39.501637,0.0,0.0,0.0
2022-01-13 23:03:40.010091,0.0,0.0,0.0
2022-01-13 23:03:40.504678,0.0,0.0,0.0
2022-01-13 23:03:41.002156,0.0,0.0,0.0
2022-01-13 23:03:41.509186,0.0,0.0,0.0
2022-01-13 23:03:42.006297,0.0,0.0,0.0
2022-01-13 23:03:42.510887,0.0,0.0,0.0
2022-01-13 23:03:43.008782,0.0,0.0,0.0
2022-01-13 23:03:43.501684,0.0,0.0,0.0
2022-01-13 23:03:44.009377,0.0,0.0,0.0
2022-01-13 23:03:44.502883,0.0,0.0,0.0
2022-01-13 23:03:45.002063,0.0,0.0,0.0
2022-01-13 23:03:45.506787,0.0,0.0,0.0
2022-01-13 23:03:46.007869,0.0,0.0,0.0
2022-01-13 23:03:46.502225,0.0,0.0,0.0
2022-01-13 23:03:47.001580,0.0,0.0,0.0
2022-01-13 23:03:47.507682,0.0,0.0,0.0
2022-01-13 23:03:48.005370,0.0,0.0,0.0
2022-01-13 23:03:48.510630,0.0,0.0,0.0
2022-01-13 23:03:49.010521,0.0,0.0,0.0
2022-01-13 23:03:49.505114,0.0,0.0,0.0
2022-01-13 23:03:50.002071,0.0,0.0,0.0
2022-01-13 23:03:50.510315,0.0,0.0,0.0
2022-01-13 23:03:51.008744,0.0,0.0,0.0
2022-01-13 23:03:51.504122,0.0,0.0,0.0
2022-01-13 23:03:52.002432,0.0,0.0,0.0
2022-01-13 23:03:52.508665,0.0,0.0,0.0
2022-01-13 23:03:53.008087,0.0,0.0,0.0
2022-01-13 23:03:53.503299,0.0,0.0,0.0
2022-01-13 23:03:54.001214,0.0,0.0,0.0
2022-01-13 23:03:54.508893,0.0,0.0,0.0
2022-01-13 23:03:55.006089,0.0,0.0,0.0
2022-01-13 23:03:55.510792,0.0,0.0,0.0
2022-01-13 23:03:56.009107,0.0,0.0,0.0
2022-01-13 23:03:56.506295,0.0,0.0,0.0
2022-01-13 23:03:57.004534,0.0,0.0,0.0
2022-01-13 23:03:57.510415,0.0,0.0,0.0
2022-01-13 23:03:58.009201,0.0,0.0,0.0
2022-01-13 23:03:58.504026,0.0,0.0,0.0
2022-01-13 23:03:59.002887,0.0,0.0,0.0
2022-01-13 23:03:59.509119,0.0,0.0,0.0
2022-01-13 23:04:00.005554,0.0,0.0,0.0
2022-01-13 23:04:00.507815,0.0,0.0,0.0
2022-01-13 23:04:01.005310,0.0,0.0,0.0
2022-01-13 23:04:01.510129,0.0,0.0,0.0
2022-01-13 23:04:02.008605,0.0,0.0,0.0
2022-01-13 23:04:02.503620,0.0,0.0,0.0
2022-01-13 23:04:03.003208,0.0,0.0,0.0
2022-01-13 23:04:03.507962,0.0,0.0,0.0
2022-01-13 23:04:04.006477,0.0,0.0,0.0
2022-01-13 23:04:04.510863,0.0,0.0,0.0
2022-01-13 23:04:05.008679,0.0,0.0,0.0
2022-01-13 23:04:05.504036,0.0,0.0,0.0
2022-01-13 23:04:06.002332,0.0,0.0,0.0
2022-01-13 23:04:06.509568,0.0,0.0,0.0
2022-01-13 23:04:07.007024,0.0,0.0,0.0
2022-01-13 23:04:07.503965,0.0,0.0,0.0
2022-01-13 23:04:08.002403,0.0,0.0,0.0
2022-01-13 23:04:08.507256,0.0,0.0,0.0
2022-01-13 23:04:09.005216,0.0,0.0,0.0
2022-01-13 23:04:09.509576,0.0,0.0,0.0
2022-01-13 23:04:10.007450,0.0,0.0,0.0
2022-01-13 23:04:10.502086,0.0,0.0,0.0
2022-01-13 23:04:11.009878,0.0,0.0,0.0
2022-01-13 23:04:11.505519,0.0,0.0,0.0
2022-01-13 23:04:12.003541,0.0,0.0,0.0
2022-01-13 23:04:12.508193,0.0,0.0,0.0
2022-01-13 23:04:13.007560,0.0,0.0,0.0
2022-01-13 23:04:13.502986,0.0,0.0,0.0
2022-01-13 23:04:14.002337,0.0,0.0,0.0
2022-01-13 23:04:14.507065,0.0,0.0,0.0
2022-01-13 23:04:15.005623,0.0,0.0,0.0
2022-01-13 23:04:15.510070,0.0,0.0,0.0
2022-01-13 23:04:16.007768,0.0,0.0,0.0
2022-01-13 23:04:16.504956,0.0,0.0,0.0
2022-01-13 23:04:17.003672,0.0,0.0,0.0
2022-01-13 23:04:17.510183,0.0,0.0,0.0
2022-01-13 23:04:18.008326,0.0,0.0,0.0
2022-01-13 23:04:18.502738,0.0,0.0,0.0
2022-01-13 23:04:19.001534,0.0,0.0,0.0
2022-01-13 23:04:19.508150,0.0,0.0,0.0
2022-01-13 23:04:20.006595,0.0,0.0,0.0
2022-01-13 23:04:20.501689,0.0,0.0,0.0
2022-01-13 23:04:21.001482,0.0,0.0,0.0
2022-01-13 23:04:21.505823,0.0,0.0,0.0
2022-01-13 23:04:22.004947,0.0,0.0,0.0
2022-01-13 23:04:22.509629,0.0,0.0,0.0
2022-01-13 23:04:23.009258,0.0,0.0,0.0
2022-01-13 23:04:23.503331,0.0,0.0,0.0
2022-01-13 23:04:24.001074,0.0,0.0,0.0
2022-01-13 23:04:24.506303,0.0,0.0,0.0
2022-01-13 23:04:25.005050,0.0,0.0,0.0
2022-01-13 23:04:25.511007,0.0,0.0,0.0
2022-01-13 23:04:26.009389,0.0,0.0,0.0
2022-01-13 23:04:26.503852,0.0,0.0,0.0
2022-01-13 23:04:27.002306,0.0,0.0,0.0
2022-01-13 23:04:27.507632,0.0,0.0,0.0
2022-01-13 23:04:28.007131,0.0,0.0,0.0
2022-01-13 23:04:28.502886,0.0,0.0,0.0
2022-01-13 23:04:29.001345,0.0,0.0,0.0
2022-01-13 23:04:29.505932,0.0,0.0,0.0
2022-01-13 23:04:30.005573,0.0,0.0,0.0
2022-01-13 23:04:30.501594,0.0,0.0,0.0
2022-01-13 23:04:31.001091,0.0,0.0,0.0
2022-01-13 23:04:31.506678,0.0,0.0,0.0
2022-01-13 23:04:32.005555,0.0,0.0,0.0
2022-01-13 23:04:33.005537,0.0,0.0,0.0
2022-01-13 23:04:33.510964,0.0,0.0,0.0
2022-01-13 23:04:34.009216,0.0,0.0,0.0
2022-01-13 23:04:34.503857,0.0,0.0,0.0
2022-01-13 23:04:35.003170,0.0,0.0,0.0
2022-01-13 23:04:35.508862,0.0,0.0,0.0
2022-01-13 23:04:36.006287,0.0,0.0,0.0
2022-01-13 23:04:36.501660,0.0,0.0,0.0
2022-01-13 23:04:37.009914,0.0,0.0,0.0
2022-01-13 23:04:37.506820,0.0,0.0,0.0
2022-01-13 23:04:38.006003,0.0,0.0,0.0
2022-01-13 23:04:38.510747,0.0,0.0,0.0
2022-01-13 23:04:39.009540,0.0,0.0,0.0
2022-01-13 23:04:39.507193,0.0,0.0,0.0
2022-01-13 23:04:40.004804,0.0,0.0,0.0
2022-01-13 23:04:40.510712,0.0,0.0,0.0
2022-01-13 23:04:41.008414,0.0,0.0,0.0
2022-01-13 23:04:41.503861,0.0,0.0,0.0
2022-01-13 23:04:42.001680,0.0,0.0,0.0
2022-01-13 23:04:42.506294,0.0,0.0,0.0
2022-01-13 23:04:43.004008,0.0,0.0,0.0
2022-01-13 23:04:43.509702,0.0,0.0,0.0
2022-01-13 23:04:44.008717,0.0,0.0,0.0
2022-01-13 23:04:44.503760,0.0,0.0,0.0
2022-01-13 23:04:45.002407,0.0,0.0,0.0
2022-01-13 23:04:45.507732,0.0,0.0,0.0
2022-01-13 23:04:46.007124,0.0,0.0,0.0
2022-01-13 23:04:46.501221,0.0,0.0,0.0
2022-01-13 23:04:47.010136,0.0,0.0,0.0
2022-01-13 23:04:47.505361,0.0,0.0,0.0
2022-01-13 23:04:48.002292,0.0,0.0,0.0
2022-01-13 23:04:48.509859,0.0,0.0,0.0
2022-01-13 23:04:49.008471,0.0,0.0,0.0
2022-01-13 23:04:49.504908,0.0,0.0,0.0
2022-01-13 23:04:50.002233,0.0,0.0,0.0
2022-01-13 23:04:50.503319,0.0,0.0,0.0
2022-01-13 23:04:51.001446,0.0,0.0,0.0
2022-01-13 23:04:51.505552,0.0,0.0,0.0
2022-01-13 23:04:52.003026,0.0,0.0,0.0
2022-01-13 23:04:52.508128,0.0,0.0,0.0
2022-01-13 23:04:53.007668,0.0,0.0,0.0
2022-01-13 23:04:53.502027,0.0,0.0,0.0
2022-01-13 23:04:54.010489,0.0,0.0,0.0
2022-01-13 23:04:54.505587,0.0,0.0,0.0
2022-01-13 23:04:55.004315,0.0,0.0,0.0
2022-01-13 23:04:55.510222,0.0,0.0,0.0
2022-01-13 23:04:56.009834,0.0,0.0,0.0
2022-01-13 23:04:56.505317,0.0,0.0,0.0
2022-01-13 23:04:57.004330,0.0,0.0,0.0
2022-01-13 23:04:57.509771,0.0,0.0,0.0
2022-01-13 23:04:58.008074,0.0,0.0,0.0
2022-01-13 23:04:58.502167,0.0,0.0,0.0
2022-01-13 23:04:59.009848,0.0,0.0,0.0
2022-01-13 23:04:59.504735,0.0,0.0,0.0
2022-01-13 23:05:00.003033,0.0,0.0,0.0
2022-01-13 23:05:00.508223,0.0,0.0,0.0
2022-01-13 23:05:01.007816,0.0,0.0,0.0
2022-01-13 23:05:01.502136,0.0,0.0,0.0
2022-01-13 23:05:02.001487,0.0,0.0,0.0
2022-01-13 23:05:02.506052,0.0,0.0,0.0
2022-01-13 23:05:03.005315,0.0,0.0,0.0
2022-01-13 23:05:04.005693,0.0,0.0,0.0
2022-01-13 23:05:04.510023,0.0,0.0,0.0
2022-01-13 23:05:05.007333,0.0,0.0,0.0
2022-01-13 23:05:05.501786,0.0,0.0,0.0
2022-01-13 23:05:06.001332,0.0,0.0,0.0
2022-01-13 23:05:06.505554,0.0,0.0,0.0
2022-01-13 23:05:07.003371,0.0,0.0,0.0
2022-01-13 23:05:07.508176,0.0,0.0,0.0
2022-01-13 23:05:08.005600,0.0,0.0,0.0
2022-01-13 23:05:08.510132,0.0,0.0,0.0
2022-01-13 23:05:09.008796,0.0,0.0,0.0
2022-01-13 23:05:09.502879,0.0,0.0,0.0
2022-01-13 23:05:10.010157,0.0,0.0,0.0
2022-01-13 23:05:10.507849,0.0,0.0,0.0
2022-01-13 23:05:11.006561,0.0,0.0,0.0
2022-01-13 23:05:11.501830,0.0,0.0,0.0
2022-01-13 23:05:12.009531,0.0,0.0,0.0
2022-01-13 23:05:12.504234,0.0,0.0,0.0
2022-01-13 23:05:13.002276,0.0,0.0,0.0
2022-01-13 23:05:13.506961,0.0,0.0,0.0
2022-01-13 23:05:14.004761,0.0,0.0,0.0
2022-01-13 23:05:14.510049,0.0,0.0,0.0
2022-01-13 23:05:15.010018,0.0,0.0,0.0
2022-01-13 23:05:15.503474,0.0,0.0,0.0
2022-01-13 23:05:16.011056,0.0,0.0,0.0
2022-01-13 23:05:16.506094,0.0,0.0,0.0
2022-01-13 23:05:17.004248,0.0,0.0,0.0
2022-01-13 23:05:17.508803,0.0,0.0,0.0
2022-01-13 23:05:18.007120,0.0,0.0,0.0
2022-01-13 23:05:18.501581,0.0,0.0,0.0
2022-01-13 23:05:19.009241,0.0,0.0,0.0
2022-01-13 23:05:19.507357,0.0,0.0,0.0
2022-01-13 23:05:20.005597,0.0,0.0,0.0
2022-01-13 23:05:20.502312,0.0,0.0,0.0
2022-01-13 23:05:21.002921,0.0,0.0,0.0
2022-01-13 23:05:21.508595,0.0,0.0,0.0
2022-01-13 23:05:22.005890,0.0,0.0,0.0
2022-01-13 23:05:22.509674,0.0,0.0,0.0
2022-01-13 23:05:23.007278,0.0,0.0,0.0
2022-01-13 23:05:23.503235,0.0,0.0,0.0
2022-01-13 23:05:24.003317,0.0,0.0,0.0
2022-01-13 23:05:24.508782,0.0,0.0,0.0
2022-01-13 23:05:25.007545,0.0,0.0,0.0
2022-01-13 23:05:25.502489,0.0,0.0,0.0
2022-01-13 23:05:26.010069,0.0,0.0,0.0
2022-01-13 23:05:26.505775,0.0,0.0,0.0
2022-01-13 23:05:27.002821,0.0,0.0,0.0
2022-01-13 23:05:27.508239,0.0,0.0,0.0
2022-01-13 23:05:28.005510,0.0,0.0,0.0
2022-01-13 23:05:29.005409,0.0,0.0,0.0
2022-01-13 23:05:29.510306,0.0,0.0,0.0
2022-01-13 23:05:30.008061,0.0,0.0,0.0
2022-01-13 23:05:30.501659,0.0,0.0,0.0
2022-01-13 23:05:31.010771,0.0,0.0,0.0
2022-01-13 23:05:31.503610,0.0,0.0,0.0
2022-01-13 23:05:32.001549,0.0,0.0,0.0
2022-01-13 23:05:32.506443,0.0,0.0,0.0
2022-01-13 23:05:33.004985,0.0,0.0,0.0
2022-01-13 23:05:33.510245,0.0,0.0,0.0
2022-01-13 23:05:34.008312,0.0,0.0,0.0
2022-01-13 23:05:34.504080,0.0,0.0,0.0
2022-01-13 23:05:35.001184,0.0,0.0,0.0
2022-01-13 23:05:35.505764,0.0,0.0,0.0
2022-01-13 23:05:36.003826,0.0,0.0,0.0
2022-01-13 23:05:36.507864,0.0,0.0,0.0
2022-01-13 23:05:37.006559,0.0,0.0,0.0
2022-01-13 23:05:37.502722,0.0,0.0,0.0
2022-01-13 23:05:38.001397,0.0,0.0,0.0
2022-01-13 23:05:38.507427,0.0,0.0,0.0
2022-01-13 23:05:39.004128,0.0,0.0,0.0
2022-01-13 23:05:39.508690,0.0,0.0,0.0
2022-01-13 23:05:40.008658,0.0,0.0,0.0
2022-01-13 23:05:40.502843,0.0,0.0,0.0
2022-01-13 23:05:41.002101,0.0,0.0,0.0
2022-01-13 23:05:41.507373,0.0,0.0,0.0
2022-01-13 23:05:42.007180,0.0,0.0,0.0
2022-01-13 23:05:42.502246,0.0,0.0,0.0
2022-01-13 23:05:43.002417,0.0,0.0,0.0
2022-01-13 23:05:43.507578,0.0,0.0,0.0
2022-01-13 23:05:44.004873,0.0,0.0,0.0
2022-01-13 23:05:44.510317,0.0,0.0,0.0
2022-01-13 23:05:45.008591,0.0,0.0,0.0
2022-01-13 23:05:45.504898,0.0,0.0,0.0
2022-01-13 23:05:46.003757,0.0,0.0,0.0
2022-01-13 23:05:46.501216,0.0,0.0,0.0
2022-01-13 23:05:47.007867,0.0,0.0,0.0
2022-01-13 23:05:47.502784,0.0,0.0,0.0
2022-01-13 23:05:48.010998,0.0,0.0,0.0
2022-01-13 23:05:48.506141,0.0,0.0,0.0
2022-01-13 23:05:49.003806,0.0,0.0,0.0
2022-01-13 23:05:49.508994,0.0,0.0,0.0
2022-01-13 23:05:50.006460,0.0,0.0,0.0
2022-01-13 23:05:50.502552,0.0,0.0,0.0
2022-01-13 23:05:51.010545,0.0,0.0,0.0
2022-01-13 23:05:51.504224,0.0,0.0,0.0
2022-01-13 23:05:52.002267,0.0,0.0,0.0
2022-01-13 23:05:52.508624,0.0,0.0,0.0
2022-01-13 23:05:53.007069,0.0,0.0,0.0
2022-01-13 23:05:53.502159,0.0,0.0,0.0
2022-01-13 23:05:54.009627,0.0,0.0,0.0
2022-01-13 23:05:54.503912,0.0,0.0,0.0
2022-01-13 23:05:55.002696,0.0,0.0,0.0
2022-01-13 23:05:55.508868,0.0,0.0,0.0
2022-01-13 23:05:56.006805,0.0,0.0,0.0
2022-01-13 23:05:56.502339,0.0,0.0,0.0
2022-01-13 23:05:57.002248,0.0,0.0,0.0
2022-01-13 23:05:57.507521,0.0,0.0,0.0
2022-01-13 23:05:58.006390,0.0,0.0,0.0
2022-01-13 23:05:58.501101,0.0,0.0,0.0
2022-01-13 23:05:59.008009,0.0,0.0,0.0
2022-01-13 23:05:59.505465,0.0,0.0,0.0
2022-01-13 23:06:00.003680,0.0,0.0,0.0
2022-01-13 23:06:00.507860,0.0,0.0,0.0
2022-01-13 23:06:01.005493,0.0,0.0,0.0
2022-01-13 23:06:01.501132,0.0,0.0,0.0
2022-01-13 23:06:02.009147,0.0,0.0,0.0
2022-01-13 23:06:02.504410,0.0,0.0,0.0
2022-01-13 23:06:03.003141,0.0,0.0,0.0
2022-01-13 23:06:03.501594,0.0,0.0,0.0
2022-01-13 23:06:04.009464,0.0,0.0,0.0
2022-01-13 23:06:04.503907,0.0,0.0,0.0
2022-01-13 23:06:05.010830,0.0,0.0,0.0
2022-01-13 23:06:05.505075,0.0,0.0,0.0
2022-01-13 23:06:06.003165,0.0,0.0,0.0
2022-01-13 23:06:06.508115,0.0,0.0,0.0
2022-01-13 23:06:07.005866,0.0,0.0,0.0
2022-01-13 23:06:07.503570,0.0,0.0,0.0
2022-01-13 23:06:08.003003,0.0,0.0,0.0
2022-01-13 23:06:08.507862,0.0,0.0,0.0
2022-01-13 23:06:09.006272,0.0,0.0,0.0
2022-01-13 23:06:09.501493,0.0,0.0,0.0
2022-01-13 23:06:10.010061,0.0,0.0,0.0
2022-01-13 23:06:10.504947,0.0,0.0,0.0
2022-01-13 23:06:11.002928,0.0,0.0,0.0
2022-01-13 23:06:11.506677,0.0,0.0,0.0
2022-01-13 23:06:12.005030,0.0,0.0,0.0
2022-01-13 23:06:12.508993,0.0,0.0,0.0
2022-01-13 23:06:13.005820,0.0,0.0,0.0
2022-01-13 23:06:13.510757,0.0,0.0,0.0
2022-01-13 23:06:14.009330,0.0,0.0,0.0
2022-01-13 23:06:14.505503,0.0,0.0,0.0
2022-01-13 23:06:15.003408,0.0,0.0,0.0
2022-01-13 23:06:15.507787,0.0,0.0,0.0
2022-01-13 23:06:16.006447,0.0,0.0,0.0
2022-01-13 23:06:16.502893,0.0,0.0,0.0
2022-01-13 23:06:17.010060,0.0,0.0,0.0
2022-01-13 23:06:17.505277,0.0,0.0,0.0
2022-01-13 23:06:18.002445,0.0,0.0,0.0
2022-01-13 23:06:18.509527,0.0,0.0,0.0
2022-01-13 23:06:19.009162,0.0,0.0,0.0
2022-01-13 23:06:19.503330,0.0,0.0,0.0
2022-01-13 23:06:20.010901,0.0,0.0,0.0
2022-01-13 23:06:20.505798,0.0,0.0,0.0
2022-01-13 23:06:21.003813,0.0,0.0,0.0
2022-01-13 23:06:21.510446,0.0,0.0,0.0
2022-01-13 23:06:22.010280,0.0,0.0,0.0
2022-01-13 23:06:22.504696,0.0,0.0,0.0
2022-01-13 23:06:23.002267,0.0,0.0,0.0
2022-01-13 23:06:23.506862,0.0,0.0,0.0
2022-01-13 23:06:24.006206,0.0,0.0,0.0
2022-01-13 23:06:24.501239,0.0,0.0,0.0
2022-01-13 23:06:25.010050,0.0,0.0,0.0
2022-01-13 23:06:25.504269,0.0,0.0,0.0
2022-01-13 23:06:26.001479,0.0,0.0,0.0
2022-01-13 23:06:26.508354,0.0,0.0,0.0
2022-01-13 23:06:27.005644,0.0,0.0,0.0
2022-01-13 23:06:27.510147,0.0,0.0,0.0
2022-01-13 23:06:28.007972,0.0,0.0,0.0
2022-01-13 23:06:28.501971,0.0,0.0,0.0
2022-01-13 23:06:29.009957,0.0,0.0,0.0
2022-01-13 23:06:29.505071,0.0,0.0,0.0
2022-01-13 23:06:30.003166,0.0,0.0,0.0
2022-01-13 23:06:30.508041,0.0,0.0,0.0
2022-01-13 23:06:31.006848,0.0,0.0,0.0
2022-01-13 23:06:31.502238,0.0,0.0,0.0
2022-01-13 23:06:32.010253,0.0,0.0,0.0
2022-01-13 23:06:32.505507,0.0,0.0,0.0
2022-01-13 23:06:33.001756,0.0,0.0,0.0
2022-01-13 23:06:33.507819,0.0,0.0,0.0
2022-01-13 23:06:34.007185,0.0,0.0,0.0
2022-01-13 23:06:34.502652,0.0,0.0,0.0
2022-01-13 23:06:35.001134,0.0,0.0,0.0
2022-01-13 23:06:35.506734,0.0,0.0,0.0
2022-01-13 23:06:36.005076,0.0,0.0,0.0
2022-01-13 23:06:36.511066,0.0,0.0,0.0
2022-01-13 23:06:37.009511,0.0,0.0,0.0
2022-01-13 23:06:37.503735,0.0,0.0,0.0
2022-01-13 23:06:38.001362,0.0,0.0,0.0
2022-01-13 23:06:38.506913,0.0,0.0,0.0
2022-01-13 23:06:39.006512,0.0,0.0,0.0
2022-01-13 23:06:39.501558,0.0,0.0,0.0
2022-01-13 23:06:40.010887,0.0,0.0,0.0
2022-01-13 23:06:40.505856,0.0,0.0,0.0
2022-01-13 23:06:41.003920,0.0,0.0,0.0
2022-01-13 23:06:41.507978,0.0,0.0,0.0
2022-01-13 23:06:42.005276,0.0,0.0,0.0
2022-01-13 23:06:42.511079,0.0,0.0,0.0
2022-01-13 23:06:43.008138,0.0,0.0,0.0
2022-01-13 23:06:43.503036,0.0,0.0,0.0
2022-01-13 23:06:44.001431,0.0,0.0,0.0
2022-01-13 23:06:44.507570,0.0,0.0,0.0
2022-01-13 23:06:45.005596,0.0,0.0,0.0
2022-01-13 23:06:46.005503,0.0,0.0,0.0
2022-01-13 23:06:46.501484,0.0,0.0,0.0
2022-01-13 23:06:47.009326,0.0,0.0,0.0
2022-01-13 23:06:47.506979,0.0,0.0,0.0
2022-01-13 23:06:48.006787,0.0,0.0,0.0
2022-01-13 23:06:49.005870,0.0,0.0,0.0
2022-01-13 23:06:49.501086,0.0,0.0,0.0
2022-01-13 23:06:50.009172,0.0,0.0,0.0
2022-01-13 23:06:50.504071,0.0,0.0,0.0
2022-01-13 23:06:51.001746,0.0,0.0,0.0
2022-01-13 23:06:51.506171,0.0,0.0,0.0
2022-01-13 23:06:52.004890,0.0,0.0,0.0
2022-01-13 23:06:52.510737,0.0,0.0,0.0
2022-01-13 23:06:53.010245,0.0,0.0,0.0
2022-01-13 23:06:53.504004,0.0,0.0,0.0
2022-01-13 23:06:54.002152,0.0,0.0,0.0
2022-01-13 23:06:54.505560,0.0,0.0,0.0
2022-01-13 23:06:55.003999,0.0,0.0,0.0
2022-01-13 23:06:55.508613,0.0,0.0,0.0
2022-01-13 23:06:56.006784,0.0,0.0,0.0
2022-01-13 23:06:56.502003,0.0,0.0,0.0
2022-01-13 23:06:57.011171,0.0,0.0,0.0
2022-01-13 23:06:57.506829,0.0,0.0,0.0
2022-01-13 23:06:58.004339,0.0,0.0,0.0
2022-01-13 23:06:58.509240,0.0,0.0,0.0
2022-01-13 23:06:59.006369,0.0,0.0,0.0
2022-01-13 23:06:59.510068,0.0,0.0,0.0
2022-01-13 23:07:00.007994,0.0,0.0,0.0
2022-01-13 23:07:00.503405,0.0,0.0,0.0
2022-01-13 23:07:01.001360,0.0,0.0,0.0
2022-01-13 23:07:01.505941,0.0,0.0,0.0
2022-01-13 23:07:02.002496,0.0,0.0,0.0
2022-01-13 23:07:02.508744,0.0,0.0,0.0
2022-01-13 23:07:03.006034,0.0,0.0,0.0
2022-01-13 23:07:03.502017,0.0,0.0,0.0
2022-01-13 23:07:04.001223,0.0,0.0,0.0
2022-01-13 23:07:04.506262,0.0,0.0,0.0
2022-01-13 23:07:05.004821,0.0,0.0,0.0
2022-01-13 23:07:05.509904,0.0,0.0,0.0
2022-01-13 23:07:06.007706,0.0,0.0,0.0
2022-01-13 23:07:06.503664,0.0,0.0,0.0
2022-01-13 23:07:07.002143,0.0,0.0,0.0
2022-01-13 23:07:07.507638,0.0,0.0,0.0
2022-01-13 23:07:08.006788,0.0,0.0,0.0
2022-01-13 23:07:08.501626,0.0,0.0,0.0
2022-01-13 23:07:09.009930,0.0,0.0,0.0
2022-01-13 23:07:09.507786,0.0,0.0,0.0
2022-01-13 23:07:10.005242,0.0,0.0,0.0
2022-01-13 23:07:10.501626,0.0,0.0,0.0
2022-01-13 23:07:11.009500,0.0,0.0,0.0
2022-01-13 23:07:11.504358,0.0,0.0,0.0
2022-01-13 23:07:12.003812,0.0,0.0,0.0
2022-01-13 23:07:12.508202,0.0,0.0,0.0
2022-01-13 23:07:13.006330,0.0,0.0,0.0
2022-01-13 23:07:13.506957,0.0,0.0,0.0
2022-01-13 23:07:14.004019,0.0,0.0,0.0
2022-01-13 23:07:14.509214,0.0,0.0,0.0
2022-01-13 23:07:15.006196,0.0,0.0,0.0
2022-01-13 23:07:16.005547,0.0,0.0,0.0
2022-01-13 23:07:16.510653,0.0,0.0,0.0
2022-01-13 23:07:17.008705,0.0,0.0,0.0
2022-01-13 23:07:17.503823,0.0,0.0,0.0
2022-01-13 23:07:18.003392,0.0,0.0,0.0
2022-01-13 23:07:18.509433,0.0,0.0,0.0
2022-01-13 23:07:19.007215,0.0,0.0,0.0
2022-01-13 23:07:19.505118,0.0,0.0,0.0
2022-01-13 23:07:20.002510,0.0,0.0,0.0
2022-01-13 23:07:20.507078,0.0,0.0,0.0
2022-01-13 23:07:21.006866,0.0,0.0,0.0
2022-01-13 23:07:21.503114,0.0,0.0,0.0
2022-01-13 23:07:22.001115,0.0,0.0,0.0
2022-01-13 23:07:22.505057,0.0,0.0,0.0
2022-01-13 23:07:23.002495,0.0,0.0,0.0
2022-01-13 23:07:23.508266,0.0,0.0,0.0
2022-01-13 23:07:24.008565,0.0,0.0,0.0
2022-01-13 23:07:24.502827,0.0,0.0,0.0
2022-01-13 23:07:25.001294,0.0,0.0,0.0
2022-01-13 23:07:25.505846,0.0,0.0,0.0
2022-01-13 23:07:26.003767,0.0,0.0,0.0
2022-01-13 23:07:26.507978,0.0,0.0,0.0
2022-01-13 23:07:27.005164,0.0,0.0,0.0
2022-01-13 23:07:27.510098,0.0,0.0,0.0
2022-01-13 23:07:28.006925,0.0,0.0,0.0
2022-01-13 23:07:28.504858,0.0,0.0,0.0
2022-01-13 23:07:29.002206,0.0,0.0,0.0
2022-01-13 23:07:29.506093,0.0,0.0,0.0
2022-01-13 23:07:30.003453,0.0,0.0,0.0
2022-01-13 23:07:30.509742,0.0,0.0,0.0
2022-01-13 23:07:31.007932,0.0,0.0,0.0
2022-01-13 23:07:31.501944,0.0,0.0,0.0
2022-01-13 23:07:32.009545,0.0,0.0,0.0
2022-01-13 23:07:32.504257,0.0,0.0,0.0
2022-01-13 23:07:33.003749,0.0,0.0,0.0
2022-01-13 23:07:33.508280,0.0,0.0,0.0
2022-01-13 23:07:34.007240,0.0,0.0,0.0
2022-01-13 23:07:34.503254,0.0,0.0,0.0
2022-01-13 23:07:35.505427,0.0,0.0,0.0
2022-01-13 23:07:36.003290,0.0,0.0,0.0
2022-01-13 23:07:36.508515,0.0,0.0,0.0
2022-01-13 23:07:37.005753,0.0,0.0,0.0
2022-01-13 23:07:37.502560,0.0,0.0,0.0
2022-01-13 23:07:38.001546,0.0,0.0,0.0
2022-01-13 23:07:38.507550,0.0,0.0,0.0
2022-01-13 23:07:39.005666,0.0,0.0,0.0
2022-01-13 23:07:39.510012,0.0,0.0,0.0
2022-01-13 23:07:40.007899,0.0,0.0,0.0
2022-01-13 23:07:40.503955,0.0,0.0,0.0
2022-01-13 23:07:41.001882,0.0,0.0,0.0
2022-01-13 23:07:41.506000,0.0,0.0,0.0
2022-01-13 23:07:42.004904,0.0,0.0,0.0
2022-01-13 23:07:42.501623,0.0,0.0,0.0
2022-01-13 23:07:43.008902,0.0,0.0,0.0
2022-01-13 23:07:43.503554,0.0,0.0,0.0
2022-01-13 23:07:44.001570,0.0,0.0,0.0
2022-01-13 23:07:44.505638,0.0,0.0,0.0
2022-01-13 23:07:45.002799,0.0,0.0,0.0
2022-01-13 23:07:45.508112,0.0,0.0,0.0
2022-01-13 23:07:46.006333,0.0,0.0,0.0
2022-01-13 23:07:46.510092,0.0,0.0,0.0
2022-01-13 23:07:47.010859,0.0,0.0,0.0
2022-01-13 23:07:47.506617,0.0,0.0,0.0
2022-01-13 23:07:48.004508,0.0,0.0,0.0
2022-01-13 23:07:48.501224,0.0,0.0,0.0
2022-01-13 23:07:49.009527,0.0,0.0,0.0
2022-01-13 23:07:49.504838,0.0,0.0,0.0
2022-01-13 23:07:50.003111,0.0,0.0,0.0
2022-01-13 23:07:50.510579,0.0,0.0,0.0
2022-01-13 23:07:51.009978,0.0,0.0,0.0
2022-01-13 23:07:51.507271,0.0,0.0,0.0
2022-01-13 23:07:52.006035,0.0,0.0,0.0
2022-01-13 23:07:53.005729,0.0,0.0,0.0
2022-01-13 23:07:53.511042,0.0,0.0,0.0
2022-01-13 23:07:54.010373,0.0,0.0,0.0
2022-01-13 23:07:54.504800,0.0,0.0,0.0
2022-01-13 23:07:55.002982,0.0,0.0,0.0
2022-01-13 23:07:55.506661,0.0,0.0,0.0
2022-01-13 23:07:56.004778,0.0,0.0,0.0
2022-01-13 23:07:56.502612,0.0,0.0,0.0
2022-01-13 23:07:57.001978,0.0,0.0,0.0
2022-01-13 23:07:57.506571,0.0,0.0,0.0
2022-01-13 23:07:58.006982,0.0,0.0,0.0
2022-01-13 23:07:58.511075,0.0,0.0,0.0
2022-01-13 23:07:59.009141,0.0,0.0,0.0
2022-01-13 23:07:59.506149,0.0,0.0,0.0
2022-01-13 23:08:00.005253,0.0,0.0,0.0
2022-01-13 23:08:00.509400,0.0,0.0,0.0
2022-01-13 23:08:01.007079,0.0,0.0,0.0
2022-01-13 23:08:01.503905,0.0,0.0,0.0
2022-01-13 23:08:02.002361,0.0,0.0,0.0
2022-01-13 23:08:02.507780,0.0,0.0,0.0
2022-01-13 23:08:03.006485,0.0,0.0,0.0
2022-01-13 23:08:03.501644,0.0,0.0,0.0
2022-01-13 23:08:04.009163,0.0,0.0,0.0
2022-01-13 23:08:04.505154,0.0,0.0,0.0
2022-01-13 23:08:05.003308,0.0,0.0,0.0
2022-01-13 23:08:05.509543,0.0,0.0,0.0
2022-01-13 23:08:06.007256,0.0,0.0,0.0
2022-01-13 23:08:06.502596,0.0,0.0,0.0
2022-01-13 23:08:07.001695,0.0,0.0,0.0
2022-01-13 23:08:07.505673,0.0,0.0,0.0
2022-01-13 23:08:08.002253,0.0,0.0,0.0
2022-01-13 23:08:08.506446,0.0,0.0,0.0
2022-01-13 23:08:09.005695,0.0,0.0,0.0
2022-01-13 23:08:09.509419,0.0,0.0,0.0
2022-01-13 23:08:10.006232,0.0,0.0,0.0
2022-01-13 23:08:10.501084,0.0,0.0,0.0
2022-01-13 23:08:11.009104,0.0,0.0,0.0
2022-01-13 23:08:11.503572,0.0,0.0,0.0
2022-01-13 23:08:12.002461,0.0,0.0,0.0
2022-01-13 23:08:12.502092,0.0,0.0,0.0
2022-01-13 23:08:13.010704,0.0,0.0,0.0
2022-01-13 23:08:13.508054,0.0,0.0,0.0
2022-01-13 23:08:14.005781,0.0,0.0,0.0
2022-01-13 23:08:14.501452,0.0,0.0,0.0
2022-01-13 23:08:15.009994,0.0,0.0,0.0
2022-01-13 23:08:15.508439,0.0,0.0,0.0
2022-01-13 23:08:16.006480,0.0,0.0,0.0
2022-01-13 23:08:16.503081,0.0,0.0,0.0
2022-01-13 23:08:17.001747,0.0,0.0,0.0
2022-01-13 23:08:17.507008,0.0,0.0,0.0
2022-01-13 23:08:18.006324,0.0,0.0,0.0
2022-01-13 23:08:18.503263,0.0,0.0,0.0
2022-01-13 23:08:19.001809,0.0,0.0,0.0
2022-01-13 23:08:19.506432,0.0,0.0,0.0
2022-01-13 23:08:20.005381,0.0,0.0,0.0
2022-01-13 23:08:20.509078,0.0,0.0,0.0
2022-01-13 23:08:21.006516,0.0,0.0,0.0
2022-01-13 23:08:21.502937,0.0,0.0,0.0
2022-01-13 23:08:22.011104,0.0,0.0,0.0
2022-01-13 23:08:22.509293,0.0,0.0,0.0
2022-01-13 23:08:23.009090,0.0,0.0,0.0
2022-01-13 23:08:23.503902,0.0,0.0,0.0
2022-01-13 23:08:24.001987,0.0,0.0,0.0
2022-01-13 23:08:24.506651,0.0,0.0,0.0
2022-01-13 23:08:25.005554,0.0,0.0,0.0
2022-01-13 23:08:25.501152,0.0,0.0,0.0
2022-01-13 23:08:26.008686,0.0,0.0,0.0
2022-01-13 23:08:26.502586,0.0,0.0,0.0
2022-01-13 23:08:27.001650,0.0,0.0,0.0
2022-01-13 23:08:27.506052,0.0,0.0,0.0
2022-01-13 23:08:28.003646,0.0,0.0,0.0
2022-01-13 23:08:28.508246,0.0,0.0,0.0
2022-01-13 23:08:29.006276,0.0,0.0,0.0
2022-01-13 23:08:29.502073,0.0,0.0,0.0
2022-01-13 23:08:30.009508,0.0,0.0,0.0
2022-01-13 23:08:30.504329,0.0,0.0,0.0
2022-01-13 23:08:31.002332,0.0,0.0,0.0
2022-01-13 23:08:31.510039,0.0,0.0,0.0
2022-01-13 23:08:32.008482,0.0,0.0,0.0
2022-01-13 23:08:32.503498,0.0,0.0,0.0
2022-01-13 23:08:33.003124,0.0,0.0,0.0
2022-01-13 23:08:33.510163,0.0,0.0,0.0
2022-01-13 23:08:34.010446,0.0,0.0,0.0
2022-01-13 23:08:34.505116,0.0,0.0,0.0
2022-01-13 23:08:35.002226,0.0,0.0,0.0
2022-01-13 23:08:35.507324,0.0,0.0,0.0
2022-01-13 23:08:36.005234,0.0,0.0,0.0
2022-01-13 23:08:36.501555,0.0,0.0,0.0
2022-01-13 23:08:37.009373,0.0,0.0,0.0
2022-01-13 23:08:37.505044,0.0,0.0,0.0
2022-01-13 23:08:38.002712,0.0,0.0,0.0
2022-01-13 23:08:38.507363,0.0,0.0,0.0
2022-01-13 23:08:39.005652,0.0,0.0,0.0
2022-01-13 23:08:39.510145,0.0,0.0,0.0
2022-01-13 23:08:40.008726,0.0,0.0,0.0
2022-01-13 23:08:40.505503,0.0,0.0,0.0
2022-01-13 23:08:41.002907,0.0,0.0,0.0
2022-01-13 23:08:41.509613,0.0,0.0,0.0
2022-01-13 23:08:42.009873,0.0,0.0,0.0
2022-01-13 23:08:42.505532,0.0,0.0,0.0
2022-01-13 23:08:43.003036,0.0,0.0,0.0
2022-01-13 23:08:43.509705,0.0,0.0,0.0
2022-01-13 23:08:44.008669,0.0,0.0,0.0
2022-01-13 23:08:44.503067,0.0,0.0,0.0
2022-01-13 23:08:45.001871,0.0,0.0,0.0
2022-01-13 23:08:45.507576,0.0,0.0,0.0
2022-01-13 23:08:46.006218,0.0,0.0,0.0
2022-01-13 23:08:46.502141,0.0,0.0,0.0
2022-01-13 23:08:47.010166,0.0,0.0,0.0
2022-01-13 23:08:47.505302,0.0,0.0,0.0
2022-01-13 23:08:48.002903,0.0,0.0,0.0
2022-01-13 23:08:48.508215,0.0,0.0,0.0
2022-01-13 23:08:49.006285,0.0,0.0,0.0
2022-01-13 23:08:49.502355,0.0,0.0,0.0
2022-01-13 23:08:50.010591,0.0,0.0,0.0
2022-01-13 23:08:50.505379,0.0,0.0,0.0
2022-01-13 23:08:51.003909,0.0,0.0,0.0
2022-01-13 23:08:51.509166,0.0,0.0,0.0
2022-01-13 23:08:52.007224,0.0,0.0,0.0
2022-01-13 23:08:52.501877,0.0,0.0,0.0
2022-01-13 23:08:53.010151,0.0,0.0,0.0
2022-01-13 23:08:53.504489,0.0,0.0,0.0
2022-01-13 23:08:54.004291,0.0,0.0,0.0
2022-01-13 23:08:54.509537,0.0,0.0,0.0
2022-01-13 23:08:55.007987,0.0,0.0,0.0
2022-01-13 23:08:55.502831,0.0,0.0,0.0
2022-01-13 23:08:56.010739,0.0,0.0,0.0
2022-01-13 23:08:56.505898,0.0,0.0,0.0
2022-01-13 23:08:57.005100,0.0,0.0,0.0
2022-01-13 23:08:57.511193,0.0,0.0,0.0
2022-01-13 23:08:58.009992,0.0,0.0,0.0
2022-01-13 23:08:58.507811,0.0,0.0,0.0
2022-01-13 23:08:59.006973,0.0,0.0,0.0
2022-01-13 23:08:59.501305,0.0,0.0,0.0
2022-01-13 23:09:00.009585,0.0,0.0,0.0
2022-01-13 23:09:00.502595,0.0,0.0,0.0
2022-01-13 23:09:01.002397,0.0,0.0,0.0
2022-01-13 23:09:01.507289,0.0,0.0,0.0
2022-01-13 23:09:02.005594,0.0,0.0,0.0
2022-01-13 23:09:02.501451,0.0,0.0,0.0
2022-01-13 23:09:03.010357,0.0,0.0,0.0
2022-01-13 23:09:03.503719,0.0,0.0,0.0
2022-01-13 23:09:04.001156,0.0,0.0,0.0
2022-01-13 23:09:04.505763,0.0,0.0,0.0
2022-01-13 23:09:05.004633,0.0,0.0,0.0
2022-01-13 23:09:05.509777,0.0,0.0,0.0
2022-01-13 23:09:06.007263,0.0,0.0,0.0
2022-01-13 23:09:06.501471,0.0,0.0,0.0
2022-01-13 23:09:07.010114,0.0,0.0,0.0
2022-01-13 23:09:07.504866,0.0,0.0,0.0
2022-01-13 23:09:08.003801,0.0,0.0,0.0
2022-01-13 23:09:08.508694,0.0,0.0,0.0
2022-01-13 23:09:09.007458,0.0,0.0,0.0
2022-01-13 23:09:09.505621,0.0,0.0,0.0
2022-01-13 23:09:10.001420,0.0,0.0,0.0
2022-01-13 23:09:10.504220,0.0,0.0,0.0
2022-01-13 23:09:11.001359,0.0,0.0,0.0
2022-01-13 23:09:11.507753,0.0,0.0,0.0
2022-01-13 23:09:12.005104,0.0,0.0,0.0
2022-01-13 23:09:12.509336,0.0,0.0,0.0
2022-01-13 23:09:13.006861,0.0,0.0,0.0
2022-01-13 23:09:13.510475,0.0,0.0,0.0
2022-01-13 23:09:14.008895,0.0,0.0,0.0
2022-01-13 23:09:14.505310,0.0,0.0,0.0
2022-01-13 23:09:15.003659,0.0,0.0,0.0
2022-01-13 23:09:15.510907,0.0,0.0,0.0
2022-01-13 23:09:16.007844,0.0,0.0,0.0
2022-01-13 23:09:16.502473,0.0,0.0,0.0
2022-01-13 23:09:17.011077,0.0,0.0,0.0
2022-01-13 23:09:17.505811,0.0,0.0,0.0
2022-01-13 23:09:18.003065,0.0,0.0,0.0
2022-01-13 23:09:18.508736,0.0,0.0,0.0
2022-01-13 23:09:19.006289,0.0,0.0,0.0
2022-01-13 23:09:19.501582,0.0,0.0,0.0
2022-01-13 23:09:20.009961,0.0,0.0,0.0
2022-01-13 23:09:20.504527,0.0,0.0,0.0
2022-01-13 23:09:21.002285,0.0,0.0,0.0
2022-01-13 23:09:21.508519,0.0,0.0,0.0
2022-01-13 23:09:22.005491,0.0,0.0,0.0
2022-01-13 23:09:22.502440,0.0,0.0,0.0
2022-01-13 23:09:23.010230,0.0,0.0,0.0
2022-01-13 23:09:23.505908,0.0,0.0,0.0
2022-01-13 23:09:24.003697,0.0,0.0,0.0
2022-01-13 23:09:24.510281,0.0,0.0,0.0
2022-01-13 23:09:25.008785,0.0,0.0,0.0
2022-01-13 23:09:25.502520,0.0,0.0,0.0
2022-01-13 23:09:26.001647,0.0,0.0,0.0
2022-01-13 23:09:26.507989,0.0,0.0,0.0
2022-01-13 23:09:27.007256,0.0,0.0,0.0
2022-01-13 23:09:27.501584,0.0,0.0,0.0
2022-01-13 23:09:28.010040,0.0,0.0,0.0
2022-01-13 23:09:28.504273,0.0,0.0,0.0
2022-01-13 23:09:29.003654,0.0,0.0,0.0
2022-01-13 23:09:29.507917,0.0,0.0,0.0
2022-01-13 23:09:30.005717,0.0,0.0,0.0
2022-01-13 23:09:31.005637,0.0,0.0,0.0
2022-01-13 23:09:31.510467,0.0,0.0,0.0
2022-01-13 23:09:32.009200,0.0,0.0,0.0
2022-01-13 23:09:32.503245,0.0,0.0,0.0
2022-01-13 23:09:33.001270,0.0,0.0,0.0
2022-01-13 23:09:33.508532,0.0,0.0,0.0
2022-01-13 23:09:34.006862,0.0,0.0,0.0
2022-01-13 23:09:34.502358,0.0,0.0,0.0
2022-01-13 23:09:35.009925,0.0,0.0,0.0
2022-01-13 23:09:35.503886,0.0,0.0,0.0
2022-01-13 23:09:36.001652,0.0,0.0,0.0
2022-01-13 23:09:36.507353,0.0,0.0,0.0
2022-01-13 23:09:37.004477,0.0,0.0,0.0
2022-01-13 23:09:37.510783,0.0,0.0,0.0
2022-01-13 23:09:38.009817,0.0,0.0,0.0
2022-01-13 23:09:38.504522,0.0,0.0,0.0
2022-01-13 23:09:39.003111,0.0,0.0,0.0
2022-01-13 23:09:39.507639,0.0,0.0,0.0
2022-01-13 23:09:40.005613,0.0,0.0,0.0
2022-01-13 23:09:40.502083,0.0,0.0,0.0
2022-01-13 23:09:41.010170,0.0,0.0,0.0
2022-01-13 23:09:41.504767,0.0,0.0,0.0
2022-01-13 23:09:42.003686,0.0,0.0,0.0
2022-01-13 23:09:42.510665,0.0,0.0,0.0
2022-01-13 23:09:43.008916,0.0,0.0,0.0
2022-01-13 23:09:43.504653,0.0,0.0,0.0
2022-01-13 23:09:44.002573,0.0,0.0,0.0
2022-01-13 23:09:44.507871,0.0,0.0,0.0
2022-01-13 23:09:45.006355,0.0,0.0,0.0
2022-01-13 23:09:45.502147,0.0,0.0,0.0
2022-01-13 23:09:46.001193,0.0,0.0,0.0
2022-01-13 23:09:46.506280,0.0,0.0,0.0
2022-01-13 23:09:47.005577,0.0,0.0,0.0
2022-01-13 23:09:47.502048,0.0,0.0,0.0
2022-01-13 23:09:48.010605,0.0,0.0,0.0
2022-01-13 23:09:48.504332,0.0,0.0,0.0
2022-01-13 23:09:49.002357,0.0,0.0,0.0
2022-01-13 23:09:49.506666,0.0,0.0,0.0
2022-01-13 23:09:50.005094,0.0,0.0,0.0
2022-01-13 23:09:50.510257,0.0,0.0,0.0
2022-01-13 23:09:51.008948,0.0,0.0,0.0
2022-01-13 23:09:51.503241,0.0,0.0,0.0
2022-01-13 23:09:52.011156,0.0,0.0,0.0
2022-01-13 23:09:52.505541,0.0,0.0,0.0
2022-01-13 23:09:53.002253,0.0,0.0,0.0
2022-01-13 23:09:53.507378,0.0,0.0,0.0
2022-01-13 23:09:54.005564,0.0,0.0,0.0
2022-01-13 23:09:54.501452,0.0,0.0,0.0
2022-01-13 23:09:55.009445,0.0,0.0,0.0
2022-01-13 23:09:55.503932,0.0,0.0,0.0
2022-01-13 23:09:56.004110,0.0,0.0,0.0
2022-01-13 23:09:56.509451,0.0,0.0,0.0
2022-01-13 23:09:57.007244,0.0,0.0,0.0
2022-01-13 23:09:57.501225,0.0,0.0,0.0
2022-01-13 23:09:58.009741,0.0,0.0,0.0
2022-01-13 23:09:58.505097,0.0,0.0,0.0
2022-01-13 23:09:59.002361,0.0,0.0,0.0
2022-01-13 23:09:59.506663,0.0,0.0,0.0
2022-01-13 23:10:00.004715,0.0,0.0,0.0
2022-01-13 23:10:00.502287,0.0,0.0,0.0
2022-01-13 23:10:01.001138,0.0,0.0,0.0
2022-01-13 23:10:01.505482,0.0,0.0,0.0
2022-01-13 23:10:02.003709,0.0,0.0,0.0
2022-01-13 23:10:02.508601,0.0,0.0,0.0
2022-01-13 23:10:03.007112,0.0,0.0,0.0
2022-01-13 23:10:03.502163,0.0,0.0,0.0
2022-01-13 23:10:04.001426,0.0,0.0,0.0
2022-01-13 23:10:04.507386,0.0,0.0,0.0
2022-01-13 23:10:05.005125,0.0,0.0,0.0
2022-01-13 23:10:05.501096,0.0,0.0,0.0
2022-01-13 23:10:06.009725,0.0,0.0,0.0
2022-01-13 23:10:06.504677,0.0,0.0,0.0
2022-01-13 23:10:07.003329,0.0,0.0,0.0
2022-01-13 23:10:07.508456,0.0,0.0,0.0
2022-01-13 23:10:08.005137,0.0,0.0,0.0
2022-01-13 23:10:08.501914,0.0,0.0,0.0
2022-01-13 23:10:09.001135,0.0,0.0,0.0
2022-01-13 23:10:09.506658,0.0,0.0,0.0
2022-01-13 23:10:10.004823,0.0,0.0,0.0
2022-01-13 23:10:10.509534,0.0,0.0,0.0
2022-01-13 23:10:11.007739,0.0,0.0,0.0
2022-01-13 23:10:11.503094,0.0,0.0,0.0
2022-01-13 23:10:12.002315,0.0,0.0,0.0
2022-01-13 23:10:12.508523,0.0,0.0,0.0
2022-01-13 23:10:13.005560,0.0,0.0,0.0
2022-01-13 23:10:13.510035,0.0,0.0,0.0
2022-01-13 23:10:14.007882,0.0,0.0,0.0
2022-01-13 23:10:14.502841,0.0,0.0,0.0
2022-01-13 23:10:15.001530,0.0,0.0,0.0
2022-01-13 23:10:15.506303,0.0,0.0,0.0
2022-01-13 23:10:16.004955,0.0,0.0,0.0
2022-01-13 23:10:16.501191,0.0,0.0,0.0
2022-01-13 23:10:17.009668,0.0,0.0,0.0
2022-01-13 23:10:17.504519,0.0,0.0,0.0
2022-01-13 23:10:18.002897,0.0,0.0,0.0
2022-01-13 23:10:18.507870,0.0,0.0,0.0
2022-01-13 23:10:19.005961,0.0,0.0,0.0
2022-01-13 23:10:19.502949,0.0,0.0,0.0
2022-01-13 23:10:20.001903,0.0,0.0,0.0
2022-01-13 23:10:20.508712,0.0,0.0,0.0
2022-01-13 23:10:21.001218,0.0,0.0,0.0
2022-01-13 23:10:21.504893,0.0,0.0,0.0
2022-01-13 23:10:22.002410,0.0,0.0,0.0
2022-01-13 23:10:22.509469,0.0,0.0,0.0
2022-01-13 23:10:23.007893,0.0,0.0,0.0
2022-01-13 23:10:23.501972,0.0,0.0,0.0
2022-01-13 23:10:24.001531,0.0,0.0,0.0
2022-01-13 23:10:24.506957,0.0,0.0,0.0
2022-01-13 23:10:25.006212,0.0,0.0,0.0
2022-01-13 23:10:25.501443,0.0,0.0,0.0
2022-01-13 23:10:26.009888,0.0,0.0,0.0
2022-01-13 23:10:26.505987,0.0,0.0,0.0
2022-01-13 23:10:27.005898,0.0,0.0,0.0
2022-01-13 23:10:27.506210,0.0,0.0,0.0
2022-01-13 23:10:28.003846,0.0,0.0,0.0
2022-01-13 23:10:28.507379,0.0,0.0,0.0
2022-01-13 23:10:29.004714,0.0,0.0,0.0
2022-01-13 23:10:29.509369,0.0,0.0,0.0
2022-01-13 23:10:30.007680,0.0,0.0,0.0
2022-01-13 23:10:30.502789,0.0,0.0,0.0
2022-01-13 23:10:31.001526,0.0,0.0,0.0
2022-01-13 23:10:31.506793,0.0,0.0,0.0
2022-01-13 23:10:32.005547,0.0,0.0,0.0
2022-01-13 23:10:32.510329,0.0,0.0,0.0
2022-01-13 23:10:33.007865,0.0,0.0,0.0
2022-01-13 23:10:33.502977,0.0,0.0,0.0
2022-01-13 23:10:34.011217,0.0,0.0,0.0
2022-01-13 23:10:34.506877,0.0,0.0,0.0
2022-01-13 23:10:35.005387,0.0,0.0,0.0
2022-01-13 23:10:35.502578,0.0,0.0,0.0
2022-01-13 23:10:36.010179,0.0,0.0,0.0
2022-01-13 23:10:36.505352,0.0,0.0,0.0
2022-01-13 23:10:37.002990,0.0,0.0,0.0
2022-01-13 23:10:37.508284,0.0,0.0,0.0
2022-01-13 23:10:38.006099,0.0,0.0,0.0
2022-01-13 23:10:38.501025,0.0,0.0,0.0
2022-01-13 23:10:39.008667,0.0,0.0,0.0
2022-01-13 23:10:39.502850,0.0,0.0,0.0
2022-01-13 23:10:40.002150,0.0,0.0,0.0
2022-01-13 23:10:40.507162,0.0,0.0,0.0
2022-01-13 23:10:41.006039,0.0,0.0,0.0
2022-01-13 23:10:41.510820,0.0,0.0,0.0
2022-01-13 23:10:42.008611,0.0,0.0,0.0
2022-01-13 23:10:42.504886,0.0,0.0,0.0
2022-01-13 23:10:43.003399,0.0,0.0,0.0
2022-01-13 23:10:43.507314,0.0,0.0,0.0
2022-01-13 23:10:44.005653,0.0,0.0,0.0
2022-01-13 23:10:44.502129,0.0,0.0,0.0
2022-01-13 23:10:45.001369,0.0,0.0,0.0
2022-01-13 23:10:45.505817,0.0,0.0,0.0
2022-01-13 23:10:46.005059,0.0,0.0,0.0
2022-01-13 23:10:46.510889,0.0,0.0,0.0
2022-01-13 23:10:47.010173,0.0,0.0,0.0
2022-01-13 23:10:47.504962,0.0,0.0,0.0
2022-01-13 23:10:48.002719,0.0,0.0,0.0
2022-01-13 23:10:48.510508,0.0,0.0,0.0
2022-01-13 23:10:49.009232,0.0,0.0,0.0
2022-01-13 23:10:49.503631,0.0,0.0,0.0
2022-01-13 23:10:50.002470,0.0,0.0,0.0
2022-01-13 23:10:50.507575,0.0,0.0,0.0
2022-01-13 23:10:51.006241,0.0,0.0,0.0
2022-01-13 23:10:51.502060,0.0,0.0,0.0
2022-01-13 23:10:52.001532,0.0,0.0,0.0
2022-01-13 23:10:52.506115,0.0,0.0,0.0
2022-01-13 23:10:53.004447,0.0,0.0,0.0
2022-01-13 23:10:53.501484,0.0,0.0,0.0
2022-01-13 23:10:54.008748,0.0,0.0,0.0
2022-01-13 23:10:54.504573,0.0,0.0,0.0
2022-01-13 23:10:55.002142,0.0,0.0,0.0
2022-01-13 23:10:55.509228,0.0,0.0,0.0
2022-01-13 23:10:56.005567,0.0,0.0,0.0
2022-01-13 23:10:56.501464,0.0,0.0,0.0
2022-01-13 23:10:57.010043,0.0,0.0,0.0
2022-01-13 23:10:57.506067,0.0,0.0,0.0
2022-01-13 23:10:58.005448,0.0,0.0,0.0
2022-01-13 23:10:58.510852,0.0,0.0,0.0
2022-01-13 23:10:59.009958,0.0,0.0,0.0
2022-01-13 23:10:59.503849,0.0,0.0,0.0
2022-01-13 23:11:00.001309,0.0,0.0,0.0
2022-01-13 23:11:00.503433,0.0,0.0,0.0
2022-01-13 23:11:01.002024,0.0,0.0,0.0
2022-01-13 23:11:01.507433,0.0,0.0,0.0
2022-01-13 23:11:02.005802,0.0,0.0,0.0
2022-01-13 23:11:02.501806,0.0,0.0,0.0
2022-01-13 23:11:03.010496,0.0,0.0,0.0
2022-01-13 23:11:03.507131,0.0,0.0,0.0
2022-01-13 23:11:04.004233,0.0,0.0,0.0
2022-01-13 23:11:04.508557,0.0,0.0,0.0
2022-01-13 23:11:05.007271,0.0,0.0,0.0
2022-01-13 23:11:05.501849,0.0,0.0,0.0
2022-01-13 23:11:06.009934,0.0,0.0,0.0
2022-01-13 23:11:06.505624,0.0,0.0,0.0
2022-01-13 23:11:07.003888,0.0,0.0,0.0
2022-01-13 23:11:07.507395,0.0,0.0,0.0
2022-01-13 23:11:08.003815,0.0,0.0,0.0
2022-01-13 23:11:08.507626,0.0,0.0,0.0
2022-01-13 23:11:09.005316,0.0,0.0,0.0
2022-01-13 23:11:09.509021,0.0,0.0,0.0
2022-01-13 23:11:10.007086,0.0,0.0,0.0
2022-01-13 23:11:10.501699,0.0,0.0,0.0
2022-01-13 23:11:11.001282,0.0,0.0,0.0
2022-01-13 23:11:11.507727,0.0,0.0,0.0
2022-01-13 23:11:12.006141,0.0,0.0,0.0
2022-01-13 23:11:12.511098,0.0,0.0,0.0
2022-01-13 23:11:13.008576,0.0,0.0,0.0
2022-01-13 23:11:13.502411,0.0,0.0,0.0
2022-01-13 23:11:14.009557,0.0,0.0,0.0
2022-01-13 23:11:14.504770,0.0,0.0,0.0
2022-01-13 23:11:15.001992,0.0,0.0,0.0
2022-01-13 23:11:15.510911,0.0,0.0,0.0
2022-01-13 23:11:16.008550,0.0,0.0,0.0
2022-01-13 23:11:16.503518,0.0,0.0,0.0
2022-01-13 23:11:17.002337,0.0,0.0,0.0
2022-01-13 23:11:17.506669,0.0,0.0,0.0
2022-01-13 23:11:18.004017,0.0,0.0,0.0
2022-01-13 23:11:18.507685,0.0,0.0,0.0
2022-01-13 23:11:19.005188,0.0,0.0,0.0
2022-01-13 23:11:19.510067,0.0,0.0,0.0
2022-01-13 23:11:20.008628,0.0,0.0,0.0
2022-01-13 23:11:20.503187,0.0,0.0,0.0
2022-01-13 23:11:21.001852,0.0,0.0,0.0
2022-01-13 23:11:21.507027,0.0,0.0,0.0
2022-01-13 23:11:22.004899,0.0,0.0,0.0
2022-01-13 23:11:22.501242,0.0,0.0,0.0
2022-01-13 23:11:23.009538,0.0,0.0,0.0
2022-01-13 23:11:23.505614,0.0,0.0,0.0
2022-01-13 23:11:24.004496,0.0,0.0,0.0
2022-01-13 23:11:24.511256,0.0,0.0,0.0
2022-01-13 23:11:25.009840,0.0,0.0,0.0
2022-01-13 23:11:25.503754,0.0,0.0,0.0
2022-01-13 23:11:26.001712,0.0,0.0,0.0
2022-01-13 23:11:26.508499,0.0,0.0,0.0
2022-01-13 23:11:27.006744,0.0,0.0,0.0
2022-01-13 23:11:27.510971,0.0,0.0,0.0
2022-01-13 23:11:28.008178,0.0,0.0,0.0
2022-01-13 23:11:28.502476,0.0,0.0,0.0
2022-01-13 23:11:29.001539,0.0,0.0,0.0
2022-01-13 23:11:29.504679,0.0,0.0,0.0
2022-01-13 23:11:30.001554,0.0,0.0,0.0
2022-01-13 23:11:30.506274,0.0,0.0,0.0
2022-01-13 23:11:31.005741,0.0,0.0,0.0
2022-01-13 23:11:32.005137,0.0,0.0,0.0
2022-01-13 23:11:32.501294,0.0,0.0,0.0
2022-01-13 23:11:33.009676,0.0,0.0,0.0
2022-01-13 23:11:33.506860,0.0,0.0,0.0
2022-01-13 23:11:34.005777,0.0,0.0,0.0
2022-01-13 23:11:34.504089,0.0,0.0,0.0
2022-01-13 23:11:35.005841,0.0,0.0,0.0
2022-01-13 23:11:35.508955,0.0,0.0,0.0
2022-01-13 23:11:36.007287,0.0,0.0,0.0
2022-01-13 23:11:36.502765,0.0,0.0,0.0
2022-01-13 23:11:37.004566,0.0,0.0,0.0
2022-01-13 23:11:37.510221,0.0,0.0,0.0
2022-01-13 23:11:38.009737,0.0,0.0,0.0
2022-01-13 23:11:38.506681,0.0,0.0,0.0
2022-01-13 23:11:39.005575,0.0,0.0,0.0
2022-01-13 23:11:39.510056,0.0,0.0,0.0
2022-01-13 23:11:40.008974,0.0,0.0,0.0
2022-01-13 23:11:40.503894,0.0,0.0,0.0
2022-01-13 23:11:41.004046,0.0,0.0,0.0
2022-01-13 23:11:41.508893,0.0,0.0,0.0
2022-01-13 23:11:42.006656,0.0,0.0,0.0
2022-01-13 23:11:42.504779,0.0,0.0,0.0
2022-01-13 23:11:43.003234,0.0,0.0,0.0
2022-01-13 23:11:43.507804,0.0,0.0,0.0
2022-01-13 23:11:44.005778,0.0,0.0,0.0
2022-01-13 23:11:44.501469,0.0,0.0,0.0
2022-01-13 23:11:45.008976,0.0,0.0,0.0
2022-01-13 23:11:45.503386,0.0,0.0,0.0
2022-01-13 23:11:46.001774,0.0,0.0,0.0
2022-01-13 23:11:46.508298,0.0,0.0,0.0
2022-01-13 23:11:47.007934,0.0,0.0,0.0
2022-01-13 23:11:47.503162,0.0,0.0,0.0
2022-01-13 23:11:48.001141,0.0,0.0,0.0
2022-01-13 23:11:48.506139,0.0,0.0,0.0
2022-01-13 23:11:49.005774,0.0,0.0,0.0
2022-01-13 23:11:49.501872,0.0,0.0,0.0
2022-01-13 23:11:50.010175,0.0,0.0,0.0
2022-01-13 23:11:50.505362,0.0,0.0,0.0
2022-01-13 23:11:51.003551,0.0,0.0,0.0
2022-01-13 23:11:51.509738,0.0,0.0,0.0
2022-01-13 23:11:52.009011,0.0,0.0,0.0
2022-01-13 23:11:52.503844,0.0,0.0,0.0
2022-01-13 23:11:53.003716,0.0,0.0,0.0
2022-01-13 23:11:53.509079,0.0,0.0,0.0
2022-01-13 23:11:54.006470,0.0,0.0,0.0
2022-01-13 23:11:54.501408,0.0,0.0,0.0
2022-01-13 23:11:55.010329,0.0,0.0,0.0
2022-01-13 23:11:55.504698,0.0,0.0,0.0
2022-01-13 23:11:56.002622,0.0,0.0,0.0
2022-01-13 23:11:56.509953,0.0,0.0,0.0
2022-01-13 23:11:57.010723,0.0,0.0,0.0
2022-01-13 23:11:57.506971,0.0,0.0,0.0
2022-01-13 23:11:58.004658,0.0,0.0,0.0
2022-01-13 23:11:58.506217,0.0,0.0,0.0
2022-01-13 23:11:59.004719,0.0,0.0,0.0
2022-01-13 23:11:59.501157,0.0,0.0,0.0
2022-01-13 23:12:00.009840,0.0,0.0,0.0
2022-01-13 23:12:00.505358,0.0,0.0,0.0
2022-01-13 23:12:01.003165,0.0,0.0,0.0
2022-01-13 23:12:01.508399,0.0,0.0,0.0
2022-01-13 23:12:02.006858,0.0,0.0,0.0
2022-01-13 23:12:02.501023,0.0,0.0,0.0
2022-01-13 23:12:03.010096,0.0,0.0,0.0
2022-01-13 23:12:03.504920,0.0,0.0,0.0
2022-01-13 23:12:04.002891,0.0,0.0,0.0
2022-01-13 23:12:04.509550,0.0,0.0,0.0
2022-01-13 23:12:05.007971,0.0,0.0,0.0
2022-01-13 23:12:05.503931,0.0,0.0,0.0
2022-01-13 23:12:06.002709,0.0,0.0,0.0
2022-01-13 23:12:06.506215,0.0,0.0,0.0
2022-01-13 23:12:07.006158,0.0,0.0,0.0
2022-01-13 23:12:07.510705,0.0,0.0,0.0
2022-01-13 23:12:08.008624,0.0,0.0,0.0
2022-01-13 23:12:08.503186,0.0,0.0,0.0
2022-01-13 23:12:09.011180,0.0,0.0,0.0
2022-01-13 23:12:09.506854,0.0,0.0,0.0
2022-01-13 23:12:10.004442,0.0,0.0,0.0
2022-01-13 23:12:10.508659,0.0,0.0,0.0
2022-01-13 23:12:11.007035,0.0,0.0,0.0
2022-01-13 23:12:11.502751,0.0,0.0,0.0
2022-01-13 23:12:12.001502,0.0,0.0,0.0
2022-01-13 23:12:12.507248,0.0,0.0,0.0
2022-01-13 23:12:13.006161,0.0,0.0,0.0
2022-01-13 23:12:13.501692,0.0,0.0,0.0
2022-01-13 23:12:14.010061,0.0,0.0,0.0
2022-01-13 23:12:14.505239,0.0,0.0,0.0
2022-01-13 23:12:15.002910,0.0,0.0,0.0
2022-01-13 23:12:15.508800,0.0,0.0,0.0
2022-01-13 23:12:16.006712,0.0,0.0,0.0
2022-01-13 23:12:16.502744,0.0,0.0,0.0
2022-01-13 23:12:17.001746,0.0,0.0,0.0
2022-01-13 23:12:17.508655,0.0,0.0,0.0
2022-01-13 23:12:18.007269,0.0,0.0,0.0
2022-01-13 23:12:18.501159,0.0,0.0,0.0
2022-01-13 23:12:19.010159,0.0,0.0,0.0
2022-01-13 23:12:19.506169,0.0,0.0,0.0
2022-01-13 23:12:20.005348,0.0,0.0,0.0
2022-01-13 23:12:20.501159,0.0,0.0,0.0
2022-01-13 23:12:21.009510,0.0,0.0,0.0
2022-01-13 23:12:21.503252,0.0,0.0,0.0
2022-01-13 23:12:22.002218,0.0,0.0,0.0
2022-01-13 23:12:22.508710,0.0,0.0,0.0
2022-01-13 23:12:23.008534,0.0,0.0,0.0
2022-01-13 23:12:23.503815,0.0,0.0,0.0
2022-01-13 23:12:24.003598,0.0,0.0,0.0
2022-01-13 23:12:24.508539,0.0,0.0,0.0
2022-01-13 23:12:25.007280,0.0,0.0,0.0
2022-01-13 23:12:25.501643,0.0,0.0,0.0
2022-01-13 23:12:26.010023,0.0,0.0,0.0
2022-01-13 23:12:26.505835,0.0,0.0,0.0
2022-01-13 23:12:27.006237,0.0,0.0,0.0
2022-01-13 23:12:27.510984,0.0,0.0,0.0
2022-01-13 23:12:28.010996,0.0,0.0,0.0
2022-01-13 23:12:28.506476,0.0,0.0,0.0
2022-01-13 23:12:29.005301,0.0,0.0,0.0
2022-01-13 23:12:29.501451,0.0,0.0,0.0
2022-01-13 23:12:30.010442,0.0,0.0,0.0
2022-01-13 23:12:30.506450,0.0,0.0,0.0
2022-01-13 23:12:31.006227,0.0,0.0,0.0
2022-01-13 23:12:31.502216,0.0,0.0,0.0
2022-01-13 23:12:32.010210,0.0,0.0,0.0
2022-01-13 23:12:32.506053,0.0,0.0,0.0
2022-01-13 23:12:33.003765,0.0,0.0,0.0
2022-01-13 23:12:33.510677,0.0,0.0,0.0
2022-01-13 23:12:34.009555,0.0,0.0,0.0
2022-01-13 23:12:34.504485,0.0,0.0,0.0
2022-01-13 23:12:35.002074,0.0,0.0,0.0
2022-01-13 23:12:35.509660,0.0,0.0,0.0
2022-01-13 23:12:36.007686,0.0,0.0,0.0
2022-01-13 23:12:36.510860,0.0,0.0,0.0
2022-01-13 23:12:37.009988,0.0,0.0,0.0
2022-01-13 23:12:37.505639,0.0,0.0,0.0
2022-01-13 23:12:38.002789,0.0,0.0,0.0
2022-01-13 23:12:38.508605,0.0,0.0,0.0
2022-01-13 23:12:39.007377,0.0,0.0,0.0
2022-01-13 23:12:39.502539,0.0,0.0,0.0
2022-01-13 23:12:40.001165,0.0,0.0,0.0
2022-01-13 23:12:40.507622,0.0,0.0,0.0
2022-01-13 23:12:41.005678,0.0,0.0,0.0
2022-01-13 23:12:41.509689,0.0,0.0,0.0
2022-01-13 23:12:42.008782,0.0,0.0,0.0
2022-01-13 23:12:42.505109,0.0,0.0,0.0
2022-01-13 23:12:43.004248,0.0,0.0,0.0
2022-01-13 23:12:43.509987,0.0,0.0,0.0
2022-01-13 23:12:44.007884,0.0,0.0,0.0
2022-01-13 23:12:44.502872,0.0,0.0,0.0
2022-01-13 23:12:45.002395,0.0,0.0,0.0
2022-01-13 23:12:45.508427,0.0,0.0,0.0
2022-01-13 23:12:46.005968,0.0,0.0,0.0
2022-01-13 23:12:46.502259,0.0,0.0,0.0
2022-01-13 23:12:47.001574,0.0,0.0,0.0
2022-01-13 23:12:47.506966,0.0,0.0,0.0
2022-01-13 23:12:48.005447,0.0,0.0,0.0
2022-01-13 23:12:48.510148,0.0,0.0,0.0
2022-01-13 23:12:49.008974,0.0,0.0,0.0
2022-01-13 23:12:49.504667,0.0,0.0,0.0
2022-01-13 23:12:50.003261,0.0,0.0,0.0
2022-01-13 23:12:50.509279,0.0,0.0,0.0
2022-01-13 23:12:51.006175,0.0,0.0,0.0
2022-01-13 23:12:51.501373,0.0,0.0,0.0
2022-01-13 23:12:52.009261,0.0,0.0,0.0
2022-01-13 23:12:52.505387,0.0,0.0,0.0
2022-01-13 23:12:53.003600,0.0,0.0,0.0
2022-01-13 23:12:53.511011,0.0,0.0,0.0
2022-01-13 23:12:54.008536,0.0,0.0,0.0
2022-01-13 23:12:54.503824,0.0,0.0,0.0
2022-01-13 23:12:55.001438,0.0,0.0,0.0
2022-01-13 23:12:55.507231,0.0,0.0,0.0
2022-01-13 23:12:56.005583,0.0,0.0,0.0
2022-01-13 23:12:56.510721,0.0,0.0,0.0
2022-01-13 23:12:57.009441,0.0,0.0,0.0
2022-01-13 23:12:57.505287,0.0,0.0,0.0
2022-01-13 23:12:58.003819,0.0,0.0,0.0
2022-01-13 23:12:58.509180,0.0,0.0,0.0
2022-01-13 23:12:59.006953,0.0,0.0,0.0
2022-01-13 23:12:59.503422,0.0,0.0,0.0
2022-01-13 23:13:00.001129,0.0,0.0,0.0
2022-01-13 23:13:00.504431,0.0,0.0,0.0
2022-01-13 23:13:01.003633,0.0,0.0,0.0
2022-01-13 23:13:01.508569,0.0,0.0,0.0
2022-01-13 23:13:02.007834,0.0,0.0,0.0
2022-01-13 23:13:02.502226,0.0,0.0,0.0
2022-01-13 23:13:03.009931,0.0,0.0,0.0
2022-01-13 23:13:03.506125,0.0,0.0,0.0
2022-01-13 23:13:04.005066,0.0,0.0,0.0
2022-01-13 23:13:04.501277,0.0,0.0,0.0
2022-01-13 23:13:05.009788,0.0,0.0,0.0
2022-01-13 23:13:05.505579,0.0,0.0,0.0
2022-01-13 23:13:06.004035,0.0,0.0,0.0
2022-01-13 23:13:06.510723,0.0,0.0,0.0
2022-01-13 23:13:07.010121,0.0,0.0,0.0
2022-01-13 23:13:07.506029,0.0,0.0,0.0
2022-01-13 23:13:08.004232,0.0,0.0,0.0
2022-01-13 23:13:08.510056,0.0,0.0,0.0
2022-01-13 23:13:09.008749,0.0,0.0,0.0
2022-01-13 23:13:09.505006,0.0,0.0,0.0
2022-01-13 23:13:10.002996,0.0,0.0,0.0
2022-01-13 23:13:10.508221,0.0,0.0,0.0
2022-01-13 23:13:11.007397,0.0,0.0,0.0
2022-01-13 23:13:11.502718,0.0,0.0,0.0
2022-01-13 23:13:12.010508,0.0,0.0,0.0
2022-01-13 23:13:12.505953,0.0,0.0,0.0
2022-01-13 23:13:13.003860,0.0,0.0,0.0
2022-01-13 23:13:13.509044,0.0,0.0,0.0
2022-01-13 23:13:14.007049,0.0,0.0,0.0
2022-01-13 23:13:14.501656,0.0,0.0,0.0
2022-01-13 23:13:15.009904,0.0,0.0,0.0
2022-01-13 23:13:15.505088,0.0,0.0,0.0
2022-01-13 23:13:16.003781,0.0,0.0,0.0
2022-01-13 23:13:16.510240,0.0,0.0,0.0
2022-01-13 23:13:17.007527,0.0,0.0,0.0
2022-01-13 23:13:17.502194,0.0,0.0,0.0
2022-01-13 23:13:18.001989,0.0,0.0,0.0
2022-01-13 23:13:18.507642,0.0,0.0,0.0
2022-01-13 23:13:19.007066,0.0,0.0,0.0
2022-01-13 23:13:19.503204,0.0,0.0,0.0
2022-01-13 23:13:20.009886,0.0,0.0,0.0
2022-01-13 23:13:20.504970,0.0,0.0,0.0
2022-01-13 23:13:21.002155,0.0,0.0,0.0
2022-01-13 23:13:21.506795,0.0,0.0,0.0
2022-01-13 23:13:22.005346,0.0,0.0,0.0
2022-01-13 23:13:22.509860,0.0,0.0,0.0
2022-01-13 23:13:23.010035,0.0,0.0,0.0
2022-01-13 23:13:23.504793,0.0,0.0,0.0
2022-01-13 23:13:24.002479,0.0,0.0,0.0
2022-01-13 23:13:24.509518,0.0,0.0,0.0
2022-01-13 23:13:25.008848,0.0,0.0,0.0
2022-01-13 23:13:25.503786,0.0,0.0,0.0
2022-01-13 23:13:26.001624,0.0,0.0,0.0
2022-01-13 23:13:26.507243,0.0,0.0,0.0
2022-01-13 23:13:27.005183,0.0,0.0,0.0
2022-01-13 23:13:27.509584,0.0,0.0,0.0
2022-01-13 23:13:28.007325,0.0,0.0,0.0
2022-01-13 23:13:28.502696,0.0,0.0,0.0
2022-01-13 23:13:29.002459,0.0,0.0,0.0
2022-01-13 23:13:29.508005,0.0,0.0,0.0
2022-01-13 23:13:30.006624,0.0,0.0,0.0
2022-01-13 23:13:30.501328,0.0,0.0,0.0
2022-01-13 23:13:31.009405,0.0,0.0,0.0
2022-01-13 23:13:31.503733,0.0,0.0,0.0
2022-01-13 23:13:32.010832,0.0,0.0,0.0
2022-01-13 23:13:32.505957,0.0,0.0,0.0
2022-01-13 23:13:33.003379,0.0,0.0,0.0
2022-01-13 23:13:33.509823,0.0,0.0,0.0
2022-01-13 23:13:34.008179,0.0,0.0,0.0
2022-01-13 23:13:34.503232,0.0,0.0,0.0
2022-01-13 23:13:35.505253,0.0,0.0,0.0
2022-01-13 23:13:36.002377,0.0,0.0,0.0
2022-01-13 23:13:36.506696,0.0,0.0,0.0
2022-01-13 23:13:37.004975,0.0,0.0,0.0
2022-01-13 23:13:37.510207,0.0,0.0,0.0
2022-01-13 23:13:38.006881,0.0,0.0,0.0
2022-01-13 23:13:38.504859,0.0,0.0,0.0
2022-01-13 23:13:39.003225,0.0,0.0,0.0
2022-01-13 23:13:39.508585,0.0,0.0,0.0
2022-01-13 23:13:40.006417,0.0,0.0,0.0
2022-01-13 23:13:40.501211,0.0,0.0,0.0
2022-01-13 23:13:41.010106,0.0,0.0,0.0
2022-01-13 23:13:41.505138,0.0,0.0,0.0
2022-01-13 23:13:42.001637,0.0,0.0,0.0
2022-01-13 23:13:42.506541,0.0,0.0,0.0
2022-01-13 23:13:43.005220,0.0,0.0,0.0
2022-01-13 23:13:43.502677,0.0,0.0,0.0
2022-01-13 23:13:44.004264,0.0,0.0,0.0
2022-01-13 23:13:44.507182,0.0,0.0,0.0
2022-01-13 23:13:45.005263,0.0,0.0,0.0
2022-01-13 23:13:45.511074,0.0,0.0,0.0
2022-01-13 23:13:46.008786,0.0,0.0,0.0
2022-01-13 23:13:46.503733,0.0,0.0,0.0
2022-01-13 23:13:47.001515,0.0,0.0,0.0
2022-01-13 23:13:47.508206,0.0,0.0,0.0
2022-01-13 23:13:48.007914,0.0,0.0,0.0
2022-01-13 23:13:48.503056,0.0,0.0,0.0
2022-01-13 23:13:49.001431,0.0,0.0,0.0
2022-01-13 23:13:49.505890,0.0,0.0,0.0
2022-01-13 23:13:50.004815,0.0,0.0,0.0
2022-01-13 23:13:50.510324,0.0,0.0,0.0
2022-01-13 23:13:51.008497,0.0,0.0,0.0
2022-01-13 23:13:51.502876,0.0,0.0,0.0
2022-01-13 23:13:52.010072,0.0,0.0,0.0
2022-01-13 23:13:52.505637,0.0,0.0,0.0
2022-01-13 23:13:53.003124,0.0,0.0,0.0
2022-01-13 23:13:53.509664,0.0,0.0,0.0
2022-01-13 23:13:54.009022,0.0,0.0,0.0
2022-01-13 23:13:54.504204,0.0,0.0,0.0
2022-01-13 23:13:55.001769,0.0,0.0,0.0
2022-01-13 23:13:55.506183,0.0,0.0,0.0
2022-01-13 23:13:56.004590,0.0,0.0,0.0
2022-01-13 23:13:56.503473,0.0,0.0,0.0
2022-01-13 23:13:57.005635,0.0,0.0,0.0
2022-01-13 23:13:57.511318,0.0,0.0,0.0
2022-01-13 23:13:58.007009,0.0,0.0,0.0
2022-01-13 23:13:58.502945,0.0,0.0,0.0
2022-01-13 23:13:59.006196,0.0,0.0,0.0
2022-01-13 23:13:59.504161,0.0,0.0,0.0
2022-01-13 23:14:00.001449,0.0,0.0,0.0
2022-01-13 23:14:00.505485,0.0,0.0,0.0
2022-01-13 23:14:01.002849,0.0,0.0,0.0
2022-01-13 23:14:01.510095,0.0,0.0,0.0
2022-01-13 23:14:02.006763,0.0,0.0,0.0
2022-01-13 23:14:02.511050,0.0,0.0,0.0
2022-01-13 23:14:03.009813,0.0,0.0,0.0
2022-01-13 23:14:03.505576,0.0,0.0,0.0
2022-01-13 23:14:04.003997,0.0,0.0,0.0
2022-01-13 23:14:04.509334,0.0,0.0,0.0
2022-01-13 23:14:05.008435,0.0,0.0,0.0
2022-01-13 23:14:05.502784,0.0,0.0,0.0
2022-01-13 23:14:06.010551,0.0,0.0,0.0
2022-01-13 23:14:06.506176,0.0,0.0,0.0
2022-01-13 23:14:07.005824,0.0,0.0,0.0
2022-01-13 23:14:07.501455,0.0,0.0,0.0
2022-01-13 23:14:08.010074,0.0,0.0,0.0
2022-01-13 23:14:08.505256,0.0,0.0,0.0
2022-01-13 23:14:09.001972,0.0,0.0,0.0
2022-01-13 23:14:09.508586,0.0,0.0,0.0
2022-01-13 23:14:10.006721,0.0,0.0,0.0
2022-01-13 23:14:10.502189,0.0,0.0,0.0
2022-01-13 23:14:11.001541,0.0,0.0,0.0
2022-01-13 23:14:11.507166,0.0,0.0,0.0
2022-01-13 23:14:12.005747,0.0,0.0,0.0
2022-01-13 23:14:12.510596,0.0,0.0,0.0
2022-01-13 23:14:13.010192,0.0,0.0,0.0
2022-01-13 23:14:13.505126,0.0,0.0,0.0
2022-01-13 23:14:14.004443,0.0,0.0,0.0
2022-01-13 23:14:14.509245,0.0,0.0,0.0
2022-01-13 23:14:15.005393,0.0,0.0,0.0
2022-01-13 23:14:15.501182,0.0,0.0,0.0
2022-01-13 23:14:16.009100,0.0,0.0,0.0
2022-01-13 23:14:16.504282,0.0,0.0,0.0
2022-01-13 23:14:17.001664,0.0,0.0,0.0
2022-01-13 23:14:17.506390,0.0,0.0,0.0
2022-01-13 23:14:18.004138,0.0,0.0,0.0
2022-01-13 23:14:18.510431,0.0,0.0,0.0
2022-01-13 23:14:19.008518,0.0,0.0,0.0
2022-01-13 23:14:19.504218,0.0,0.0,0.0
2022-01-13 23:14:20.002656,0.0,0.0,0.0
2022-01-13 23:14:20.507187,0.0,0.0,0.0
2022-01-13 23:14:21.002837,0.0,0.0,0.0
2022-01-13 23:14:21.508249,0.0,0.0,0.0
2022-01-13 23:14:22.006480,0.0,0.0,0.0
2022-01-13 23:14:22.501375,0.0,0.0,0.0
2022-01-13 23:14:23.002079,0.0,0.0,0.0
2022-01-13 23:14:23.506374,0.0,0.0,0.0
2022-01-13 23:14:24.003530,0.0,0.0,0.0
2022-01-13 23:14:24.507653,0.0,0.0,0.0
2022-01-13 23:14:25.006215,0.0,0.0,0.0
2022-01-13 23:14:25.501928,0.0,0.0,0.0
2022-01-13 23:14:26.010157,0.0,0.0,0.0
2022-01-13 23:14:26.506623,0.0,0.0,0.0
2022-01-13 23:14:27.004605,0.0,0.0,0.0
2022-01-13 23:14:27.510723,0.0,0.0,0.0
2022-01-13 23:14:28.010048,0.0,0.0,0.0
2022-01-13 23:14:28.505700,0.0,0.0,0.0
2022-01-13 23:14:29.004898,0.0,0.0,0.0
2022-01-13 23:14:29.510383,0.0,0.0,0.0
2022-01-13 23:14:30.007413,0.0,0.0,0.0
2022-01-13 23:14:30.502669,0.0,0.0,0.0
2022-01-13 23:14:31.011348,0.0,0.0,0.0
2022-01-13 23:14:31.507107,0.0,0.0,0.0
2022-01-13 23:14:32.005830,0.0,0.0,0.0
2022-01-13 23:14:32.501737,0.0,0.0,0.0
2022-01-13 23:14:33.010678,0.0,0.0,0.0
2022-01-13 23:14:33.505113,0.0,0.0,0.0
2022-01-13 23:14:34.002937,0.0,0.0,0.0
2022-01-13 23:14:34.507004,0.0,0.0,0.0
2022-01-13 23:14:35.005923,0.0,0.0,0.0
2022-01-13 23:14:36.005202,0.0,0.0,0.0
2022-01-13 23:14:36.510023,0.0,0.0,0.0
2022-01-13 23:14:37.008123,0.0,0.0,0.0
2022-01-13 23:14:37.504203,0.0,0.0,0.0
2022-01-13 23:14:38.001919,0.0,0.0,0.0
2022-01-13 23:14:38.507599,0.0,0.0,0.0
2022-01-13 23:14:39.004910,0.0,0.0,0.0
2022-01-13 23:14:39.510093,0.0,0.0,0.0
2022-01-13 23:14:40.007857,0.0,0.0,0.0
2022-01-13 23:14:40.501575,0.0,0.0,0.0
2022-01-13 23:14:41.010765,0.0,0.0,0.0
2022-01-13 23:14:41.505389,0.0,0.0,0.0
2022-01-13 23:14:42.003947,0.0,0.0,0.0
2022-01-13 23:14:42.507949,0.0,0.0,0.0
2022-01-13 23:14:43.005485,0.0,0.0,0.0
2022-01-13 23:14:43.508831,0.0,0.0,0.0
2022-01-13 23:14:44.005756,0.0,0.0,0.0
2022-01-13 23:14:44.510302,0.0,0.0,0.0
2022-01-13 23:14:45.009180,0.0,0.0,0.0
2022-01-13 23:14:45.503376,0.0,0.0,0.0
2022-01-13 23:14:46.010273,0.0,0.0,0.0
2022-01-13 23:14:46.507617,0.0,0.0,0.0
2022-01-13 23:14:47.005866,0.0,0.0,0.0
2022-01-13 23:14:47.510036,0.0,0.0,0.0
2022-01-13 23:14:48.008928,0.0,0.0,0.0
2022-01-13 23:14:48.504302,0.0,0.0,0.0
2022-01-13 23:14:49.002391,0.0,0.0,0.0
2022-01-13 23:14:49.507644,0.0,0.0,0.0
2022-01-13 23:14:50.005296,0.0,0.0,0.0
2022-01-13 23:14:50.509552,0.0,0.0,0.0
2022-01-13 23:14:51.007610,0.0,0.0,0.0
2022-01-13 23:14:51.502270,0.0,0.0,0.0
2022-01-13 23:14:52.010068,0.0,0.0,0.0
2022-01-13 23:14:52.505620,0.0,0.0,0.0
2022-01-13 23:14:53.003966,0.0,0.0,0.0
2022-01-13 23:14:53.509542,0.0,0.0,0.0
2022-01-13 23:14:54.006831,0.0,0.0,0.0
2022-01-13 23:14:54.502411,0.0,0.0,0.0
2022-01-13 23:14:55.010935,0.0,0.0,0.0
2022-01-13 23:14:55.508935,0.0,0.0,0.0
2022-01-13 23:14:56.006648,0.0,0.0,0.0
2022-01-13 23:14:56.502809,0.0,0.0,0.0
2022-01-13 23:14:57.505193,0.0,0.0,0.0
2022-01-13 23:14:58.003965,0.0,0.0,0.0
2022-01-13 23:14:58.508321,0.0,0.0,0.0
2022-01-13 23:14:59.006432,0.0,0.0,0.0
2022-01-13 23:14:59.501191,0.0,0.0,0.0
2022-01-13 23:15:00.009694,0.0,0.0,0.0
2022-01-13 23:15:00.506397,0.0,0.0,0.0
2022-01-13 23:15:01.003978,0.0,0.0,0.0
2022-01-13 23:15:01.510746,0.0,0.0,0.0
2022-01-13 23:15:02.009984,0.0,0.0,0.0
2022-01-13 23:15:02.504419,0.0,0.0,0.0
2022-01-13 23:15:03.002415,0.0,0.0,0.0
2022-01-13 23:15:03.507900,0.0,0.0,0.0
2022-01-13 23:15:04.005520,0.0,0.0,0.0
2022-01-13 23:15:04.502419,0.0,0.0,0.0
2022-01-13 23:15:05.001318,0.0,0.0,0.0
2022-01-13 23:15:05.506157,0.0,0.0,0.0
2022-01-13 23:15:06.005810,0.0,0.0,0.0
2022-01-13 23:15:06.511064,0.0,0.0,0.0
2022-01-13 23:15:07.007768,0.0,0.0,0.0
2022-01-13 23:15:07.505659,0.0,0.0,0.0
2022-01-13 23:15:08.004097,0.0,0.0,0.0
2022-01-13 23:15:08.510883,0.0,0.0,0.0
2022-01-13 23:15:09.010520,0.0,0.0,0.0
2022-01-13 23:15:09.506461,0.0,0.0,0.0
2022-01-13 23:15:10.003267,0.0,0.0,0.0
2022-01-13 23:15:10.507884,0.0,0.0,0.0
2022-01-13 23:15:11.006447,0.0,0.0,0.0
2022-01-13 23:15:11.501582,0.0,0.0,0.0
2022-01-13 23:15:12.001648,0.0,0.0,0.0
2022-01-13 23:15:12.507337,0.0,0.0,0.0
2022-01-13 23:15:13.006079,0.0,0.0,0.0
2022-01-13 23:15:13.501416,0.0,0.0,0.0
2022-01-13 23:15:14.009062,0.0,0.0,0.0
2022-01-13 23:15:14.506269,0.0,0.0,0.0
2022-01-13 23:15:15.004555,0.0,0.0,0.0
2022-01-13 23:15:15.510213,0.0,0.0,0.0
2022-01-13 23:15:16.007784,0.0,0.0,0.0
2022-01-13 23:15:16.502646,0.0,0.0,0.0
2022-01-13 23:15:17.505741,0.0,0.0,0.0
2022-01-13 23:15:18.004186,0.0,0.0,0.0
2022-01-13 23:15:18.509183,0.0,0.0,0.0
2022-01-13 23:15:19.006784,0.0,0.0,0.0
2022-01-13 23:15:19.503638,0.0,0.0,0.0
2022-01-13 23:15:20.002196,0.0,0.0,0.0
2022-01-13 23:15:20.507779,0.0,0.0,0.0
2022-01-13 23:15:21.006211,0.0,0.0,0.0
2022-01-13 23:15:21.501198,0.0,0.0,0.0
2022-01-13 23:15:22.010141,0.0,0.0,0.0
2022-01-13 23:15:22.504878,0.0,0.0,0.0
2022-01-13 23:15:23.002333,0.0,0.0,0.0
2022-01-13 23:15:23.506914,0.0,0.0,0.0
2022-01-13 23:15:24.005570,0.0,0.0,0.0
2022-01-13 23:15:24.501560,0.0,0.0,0.0
2022-01-13 23:15:25.009389,0.0,0.0,0.0
2022-01-13 23:15:25.504690,0.0,0.0,0.0
2022-01-13 23:15:26.002967,0.0,0.0,0.0
2022-01-13 23:15:26.510230,0.0,0.0,0.0
2022-01-13 23:15:27.008341,0.0,0.0,0.0
2022-01-13 23:15:27.502721,0.0,0.0,0.0
2022-01-13 23:15:28.001783,0.0,0.0,0.0
2022-01-13 23:15:28.507921,0.0,0.0,0.0
2022-01-13 23:15:29.005549,0.0,0.0,0.0
2022-01-13 23:15:29.501409,0.0,0.0,0.0
2022-01-13 23:15:30.008671,0.0,0.0,0.0
2022-01-13 23:15:30.503981,0.0,0.0,0.0
2022-01-13 23:15:31.002497,0.0,0.0,0.0
2022-01-13 23:15:31.507948,0.0,0.0,0.0
2022-01-13 23:15:32.005696,0.0,0.0,0.0
2022-01-13 23:15:32.510953,0.0,0.0,0.0
2022-01-13 23:15:33.008690,0.0,0.0,0.0
2022-01-13 23:15:33.503979,0.0,0.0,0.0
2022-01-13 23:15:34.001951,0.0,0.0,0.0
2022-01-13 23:15:34.501335,0.0,0.0,0.0
2022-01-13 23:15:35.009990,0.0,0.0,0.0
2022-01-13 23:15:35.507470,0.0,0.0,0.0
2022-01-13 23:15:36.005506,0.0,0.0,0.0
2022-01-13 23:15:36.509832,0.0,0.0,0.0
2022-01-13 23:15:37.008190,0.0,0.0,0.0
2022-01-13 23:15:37.504561,0.0,0.0,0.0
2022-01-13 23:15:38.002402,0.0,0.0,0.0
2022-01-13 23:15:38.509740,0.0,0.0,0.0
2022-01-13 23:15:39.009174,0.0,0.0,0.0
2022-01-13 23:15:39.505177,0.0,0.0,0.0
2022-01-13 23:15:40.002880,0.0,0.0,0.0
2022-01-13 23:15:40.507309,0.0,0.0,0.0
2022-01-13 23:15:41.005818,0.0,0.0,0.0
2022-01-13 23:15:41.510293,0.0,0.0,0.0
2022-01-13 23:15:42.008561,0.0,0.0,0.0
2022-01-13 23:15:42.503068,0.0,0.0,0.0
2022-01-13 23:15:43.001627,0.0,0.0,0.0
2022-01-13 23:15:43.507708,0.0,0.0,0.0
2022-01-13 23:15:44.007149,0.0,0.0,0.0
2022-01-13 23:15:45.005456,0.0,0.0,0.0
2022-01-13 23:15:45.510396,0.0,0.0,0.0
2022-01-13 23:15:46.009150,0.0,0.0,0.0
2022-01-13 23:15:46.505550,0.0,0.0,0.0
2022-01-13 23:15:47.003898,0.0,0.0,0.0
2022-01-13 23:15:47.510639,0.0,0.0,0.0
2022-01-13 23:15:48.008081,0.0,0.0,0.0
2022-01-13 23:15:48.503945,0.0,0.0,0.0
2022-01-13 23:15:49.003566,0.0,0.0,0.0
2022-01-13 23:15:49.509491,0.0,0.0,0.0
2022-01-13 23:15:50.007674,0.0,0.0,0.0
2022-01-13 23:15:50.503414,0.0,0.0,0.0
2022-01-13 23:15:51.002352,0.0,0.0,0.0
2022-01-13 23:15:51.506694,0.0,0.0,0.0
2022-01-13 23:15:52.003832,0.0,0.0,0.0
2022-01-13 23:15:52.508960,0.0,0.0,0.0
2022-01-13 23:15:53.007163,0.0,0.0,0.0
2022-01-13 23:15:53.503949,0.0,0.0,0.0
2022-01-13 23:15:54.001021,0.0,0.0,0.0
2022-01-13 23:15:54.504227,0.0,0.0,0.0
2022-01-13 23:15:55.002218,0.0,0.0,0.0
2022-01-13 23:15:55.507557,0.0,0.0,0.0
2022-01-13 23:15:56.005659,0.0,0.0,0.0
2022-01-13 23:15:56.510822,0.0,0.0,0.0
2022-01-13 23:15:57.009382,0.0,0.0,0.0
2022-01-13 23:15:57.505157,0.0,0.0,0.0
2022-01-13 23:15:58.002791,0.0,0.0,0.0
2022-01-13 23:15:58.509216,0.0,0.0,0.0
2022-01-13 23:15:59.006824,0.0,0.0,0.0
2022-01-13 23:15:59.502113,0.0,0.0,0.0
2022-01-13 23:16:00.010629,0.0,0.0,0.0
2022-01-13 23:16:00.506327,0.0,0.0,0.0
2022-01-13 23:16:01.003730,0.0,0.0,0.0
2022-01-13 23:16:01.510965,0.0,0.0,0.0
2022-01-13 23:16:02.008578,0.0,0.0,0.0
2022-01-13 23:16:02.504026,0.0,0.0,0.0
2022-01-13 23:16:03.001565,0.0,0.0,0.0
2022-01-13 23:16:03.505631,0.0,0.0,0.0
2022-01-13 23:16:04.004432,0.0,0.0,0.0
2022-01-13 23:16:04.508587,0.0,0.0,0.0
2022-01-13 23:16:05.005937,0.0,0.0,0.0
2022-01-13 23:16:05.502598,0.0,0.0,0.0
2022-01-13 23:16:06.002104,0.0,0.0,0.0
2022-01-13 23:16:06.506092,0.0,0.0,0.0
2022-01-13 23:16:07.004831,0.0,0.0,0.0
2022-01-13 23:16:07.510790,0.0,0.0,0.0
2022-01-13 23:16:08.010706,0.0,0.0,0.0
2022-01-13 23:16:08.505429,0.0,0.0,0.0
2022-01-13 23:16:09.003096,0.0,0.0,0.0
2022-01-13 23:16:09.507810,0.0,0.0,0.0
2022-01-13 23:16:10.006530,0.0,0.0,0.0
2022-01-13 23:16:10.505317,0.0,0.0,0.0
2022-01-13 23:16:11.003430,0.0,0.0,0.0
2022-01-13 23:16:11.509373,0.0,0.0,0.0
2022-01-13 23:16:12.007830,0.0,0.0,0.0
2022-01-13 23:16:12.503656,0.0,0.0,0.0
2022-01-13 23:16:13.003002,0.0,0.0,0.0
2022-01-13 23:16:13.507775,0.0,0.0,0.0
2022-01-13 23:16:14.004495,0.0,0.0,0.0
2022-01-13 23:16:14.509563,0.0,0.0,0.0
2022-01-13 23:16:15.008548,0.0,0.0,0.0
2022-01-13 23:16:15.504682,0.0,0.0,0.0
2022-01-13 23:16:16.002147,0.0,0.0,0.0
2022-01-13 23:16:16.507103,0.0,0.0,0.0
2022-01-13 23:16:17.005958,0.0,0.0,0.0
2022-01-13 23:16:17.510640,0.0,0.0,0.0
2022-01-13 23:16:18.009311,0.0,0.0,0.0
2022-01-13 23:16:18.503537,0.0,0.0,0.0
2022-01-13 23:16:19.001195,0.0,0.0,0.0
2022-01-13 23:16:19.507279,0.0,0.0,0.0
2022-01-13 23:16:20.005110,0.0,0.0,0.0
2022-01-13 23:16:20.509934,0.0,0.0,0.0
2022-01-13 23:16:21.009068,0.0,0.0,0.0
2022-01-13 23:16:21.503923,0.0,0.0,0.0
2022-01-13 23:16:22.003027,0.0,0.0,0.0
2022-01-13 23:16:22.508450,0.0,0.0,0.0
2022-01-13 23:16:23.006086,0.0,0.0,0.0
2022-01-13 23:16:23.510906,0.0,0.0,0.0
2022-01-13 23:16:24.001349,0.0,0.0,0.0
2022-01-13 23:16:24.506013,0.0,0.0,0.0
2022-01-13 23:16:25.005567,0.0,0.0,0.0
2022-01-13 23:16:26.005478,0.0,0.0,0.0
2022-01-13 23:16:26.510513,0.0,0.0,0.0
2022-01-13 23:16:27.008058,0.0,0.0,0.0
2022-01-13 23:16:27.502791,0.0,0.0,0.0
2022-01-13 23:16:28.011204,0.0,0.0,0.0
2022-01-13 23:16:28.506429,0.0,0.0,0.0
2022-01-13 23:16:29.006270,0.0,0.0,0.0
2022-01-13 23:16:29.501892,0.0,0.0,0.0
2022-01-13 23:16:30.009873,0.0,0.0,0.0
2022-01-13 23:16:30.505955,0.0,0.0,0.0
2022-01-13 23:16:31.003992,0.0,0.0,0.0
2022-01-13 23:16:31.509136,0.0,0.0,0.0
2022-01-13 23:16:32.007768,0.0,0.0,0.0
2022-01-13 23:16:32.503263,0.0,0.0,0.0
2022-01-13 23:16:33.002131,0.0,0.0,0.0
2022-01-13 23:16:33.508811,0.0,0.0,0.0
2022-01-13 23:16:34.006513,0.0,0.0,0.0
2022-01-13 23:16:34.511157,0.0,0.0,0.0
2022-01-13 23:16:35.008242,0.0,0.0,0.0
2022-01-13 23:16:35.502640,0.0,0.0,0.0
2022-01-13 23:16:36.010764,0.0,0.0,0.0
2022-01-13 23:16:36.505920,0.0,0.0,0.0
2022-01-13 23:16:37.003080,0.0,0.0,0.0
2022-01-13 23:16:37.508812,0.0,0.0,0.0
2022-01-13 23:16:38.007973,0.0,0.0,0.0
2022-01-13 23:16:38.502357,0.0,0.0,0.0
2022-01-13 23:16:39.010980,0.0,0.0,0.0
2022-01-13 23:16:39.507862,0.0,0.0,0.0
2022-01-13 23:16:40.005570,0.0,0.0,0.0
2022-01-13 23:16:40.511148,0.0,0.0,0.0
2022-01-13 23:16:41.010084,0.0,0.0,0.0
2022-01-13 23:16:41.503963,0.0,0.0,0.0
2022-01-13 23:16:42.002663,0.0,0.0,0.0
2022-01-13 23:16:42.508395,0.0,0.0,0.0
2022-01-13 23:16:43.006972,0.0,0.0,0.0
2022-01-13 23:16:43.501279,0.0,0.0,0.0
2022-01-13 23:16:44.009890,0.0,0.0,0.0
2022-01-13 23:16:44.503268,0.0,0.0,0.0
2022-01-13 23:16:45.008501,0.0,0.0,0.0
2022-01-13 23:16:45.511152,0.0,0.0,0.0
2022-01-13 23:16:46.006798,0.0,0.0,0.0
2022-01-13 23:16:46.504555,0.0,0.0,0.0
2022-01-13 23:16:47.002223,0.0,0.0,0.0
2022-01-13 23:16:47.507460,0.0,0.0,0.0
2022-01-13 23:16:48.006179,0.0,0.0,0.0
2022-01-13 23:16:48.510846,0.0,0.0,0.0
2022-01-13 23:16:49.008604,0.0,0.0,0.0
2022-01-13 23:16:49.504644,0.0,0.0,0.0
2022-01-13 23:16:50.002253,0.0,0.0,0.0
2022-01-13 23:16:50.506369,0.0,0.0,0.0
2022-01-13 23:16:51.005679,0.0,0.0,0.0
2022-01-13 23:16:51.510651,0.0,0.0,0.0
2022-01-13 23:16:52.009081,0.0,0.0,0.0
2022-01-13 23:16:52.502451,0.0,0.0,0.0
2022-01-13 23:16:53.010861,0.0,0.0,0.0
2022-01-13 23:16:53.506324,0.0,0.0,0.0
2022-01-13 23:16:54.005531,0.0,0.0,0.0
2022-01-13 23:16:54.510228,0.0,0.0,0.0
2022-01-13 23:16:55.011027,0.0,0.0,0.0
2022-01-13 23:16:55.510602,0.0,0.0,0.0
2022-01-13 23:16:56.005606,0.0,0.0,0.0
2022-01-13 23:16:56.509153,0.0,0.0,0.0
2022-01-13 23:16:57.006815,0.0,0.0,0.0
2022-01-13 23:16:57.502569,0.0,0.0,0.0
2022-01-13 23:16:58.011268,0.0,0.0,0.0
2022-01-13 23:16:58.503859,0.0,0.0,0.0
2022-01-13 23:16:59.001784,0.0,0.0,0.0
2022-01-13 23:16:59.508088,0.0,0.0,0.0
2022-01-13 23:17:00.006842,0.0,0.0,0.0
2022-01-13 23:17:00.501198,0.0,0.0,0.0
2022-01-13 23:17:01.010360,0.0,0.0,0.0
2022-01-13 23:17:01.506100,0.0,0.0,0.0
2022-01-13 23:17:02.004310,0.0,0.0,0.0
2022-01-13 23:17:02.509781,0.0,0.0,0.0
2022-01-13 23:17:03.008803,0.0,0.0,0.0
2022-01-13 23:17:03.505452,0.0,0.0,0.0
2022-01-13 23:17:04.004549,0.0,0.0,0.0
2022-01-13 23:17:04.509696,0.0,0.0,0.0
2022-01-13 23:17:05.009679,0.0,0.0,0.0
2022-01-13 23:17:05.505089,0.0,0.0,0.0
2022-01-13 23:17:06.003945,0.0,0.0,0.0
2022-01-13 23:17:06.507777,0.0,0.0,0.0
2022-01-13 23:17:07.005985,0.0,0.0,0.0
2022-01-13 23:17:07.501192,0.0,0.0,0.0
2022-01-13 23:17:08.009601,0.0,0.0,0.0
2022-01-13 23:17:08.505473,0.0,0.0,0.0
2022-01-13 23:17:09.003847,0.0,0.0,0.0
2022-01-13 23:17:09.508503,0.0,0.0,0.0
2022-01-13 23:17:10.006788,0.0,0.0,0.0
2022-01-13 23:17:10.502922,0.0,0.0,0.0
2022-01-13 23:17:11.001149,0.0,0.0,0.0
2022-01-13 23:17:11.507417,0.0,0.0,0.0
2022-01-13 23:17:12.006284,0.0,0.0,0.0
2022-01-13 23:17:12.502825,0.0,0.0,0.0
2022-01-13 23:17:13.002040,0.0,0.0,0.0
2022-01-13 23:17:13.505633,0.0,0.0,0.0
2022-01-13 23:17:14.005481,0.0,0.0,0.0
2022-01-13 23:17:14.510147,0.0,0.0,0.0
2022-01-13 23:17:15.009671,0.0,0.0,0.0
2022-01-13 23:17:15.503025,0.0,0.0,0.0
2022-01-13 23:17:16.001601,0.0,0.0,0.0
2022-01-13 23:17:16.507443,0.0,0.0,0.0
2022-01-13 23:17:17.007701,0.0,0.0,0.0
2022-01-13 23:17:17.503933,0.0,0.0,0.0
2022-01-13 23:17:18.002522,0.0,0.0,0.0
2022-01-13 23:17:18.507181,0.0,0.0,0.0
2022-01-13 23:17:19.005090,0.0,0.0,0.0
2022-01-13 23:17:19.510161,0.0,0.0,0.0
2022-01-13 23:17:20.008442,0.0,0.0,0.0
2022-01-13 23:17:20.502666,0.0,0.0,0.0
2022-01-13 23:17:21.011230,0.0,0.0,0.0
2022-01-13 23:17:21.508187,0.0,0.0,0.0
2022-01-13 23:17:22.006322,0.0,0.0,0.0
2022-01-13 23:17:22.501529,0.0,0.0,0.0
2022-01-13 23:17:23.010299,0.0,0.0,0.0
2022-01-13 23:17:23.505275,0.0,0.0,0.0
2022-01-13 23:17:24.004081,0.0,0.0,0.0
2022-01-13 23:17:24.509831,0.0,0.0,0.0
2022-01-13 23:17:25.007862,0.0,0.0,0.0
2022-01-13 23:17:25.504247,0.0,0.0,0.0
2022-01-13 23:17:26.505370,0.0,0.0,0.0
2022-01-13 23:17:27.001984,0.0,0.0,0.0
2022-01-13 23:17:27.506535,0.0,0.0,0.0
2022-01-13 23:17:28.005159,0.0,0.0,0.0
2022-01-13 23:17:28.511195,0.0,0.0,0.0
2022-01-13 23:17:29.010103,0.0,0.0,0.0
2022-01-13 23:17:29.505048,0.0,0.0,0.0
2022-01-13 23:17:30.001632,0.0,0.0,0.0
2022-01-13 23:17:30.506221,0.0,0.0,0.0
2022-01-13 23:17:31.005302,0.0,0.0,0.0
2022-01-13 23:17:31.509593,0.0,0.0,0.0
2022-01-13 23:17:32.009468,0.0,0.0,0.0
2022-01-13 23:17:32.505767,0.0,0.0,0.0
2022-01-13 23:17:33.002896,0.0,0.0,0.0
2022-01-13 23:17:33.505916,0.0,0.0,0.0
2022-01-13 23:17:34.004338,0.0,0.0,0.0
2022-01-13 23:17:34.509418,0.0,0.0,0.0
2022-01-13 23:17:35.006402,0.0,0.0,0.0
2022-01-13 23:17:35.510684,0.0,0.0,0.0
2022-01-13 23:17:36.009850,0.0,0.0,0.0
2022-01-13 23:17:36.504462,0.0,0.0,0.0
2022-01-13 23:17:37.002894,0.0,0.0,0.0
2022-01-13 23:17:37.508682,0.0,0.0,0.0
2022-01-13 23:17:38.006146,0.0,0.0,0.0
2022-01-13 23:17:38.501143,0.0,0.0,0.0
2022-01-13 23:17:39.010124,0.0,0.0,0.0
2022-01-13 23:17:39.507619,0.0,0.0,0.0
2022-01-13 23:17:40.006032,0.0,0.0,0.0
2022-01-13 23:17:40.501525,0.0,0.0,0.0
2022-01-13 23:17:41.009449,0.0,0.0,0.0
2022-01-13 23:17:41.503485,0.0,0.0,0.0
2022-01-13 23:17:42.001116,0.0,0.0,0.0
2022-01-13 23:17:42.505961,0.0,0.0,0.0
2022-01-13 23:17:43.003679,0.0,0.0,0.0
2022-01-13 23:17:43.502229,0.0,0.0,0.0
2022-01-13 23:17:44.001802,0.0,0.0,0.0
2022-01-13 23:17:44.508541,0.0,0.0,0.0
2022-01-13 23:17:45.005555,0.0,0.0,0.0
2022-01-13 23:17:45.510998,0.0,0.0,0.0
2022-01-13 23:17:46.009073,0.0,0.0,0.0
2022-01-13 23:17:46.505169,0.0,0.0,0.0
2022-01-13 23:17:47.002974,0.0,0.0,0.0
2022-01-13 23:17:47.508991,0.0,0.0,0.0
2022-01-13 23:17:48.007221,0.0,0.0,0.0
2022-01-13 23:17:48.506169,0.0,0.0,0.0
2022-01-13 23:17:49.005818,0.0,0.0,0.0
2022-01-13 23:17:49.501572,0.0,0.0,0.0
2022-01-13 23:17:50.010581,0.0,0.0,0.0
2022-01-13 23:17:50.505590,0.0,0.0,0.0
2022-01-13 23:17:51.004156,0.0,0.0,0.0
2022-01-13 23:17:51.510275,0.0,0.0,0.0
2022-01-13 23:17:52.008544,0.0,0.0,0.0
2022-01-13 23:17:52.504940,0.0,0.0,0.0
2022-01-13 23:17:53.003943,0.0,0.0,0.0
2022-01-13 23:17:53.509201,0.0,0.0,0.0
2022-01-13 23:17:54.005218,0.0,0.0,0.0
2022-01-13 23:17:54.510973,0.0,0.0,0.0
2022-01-13 23:17:55.008537,0.0,0.0,0.0
2022-01-13 23:17:55.503227,0.0,0.0,0.0
2022-01-13 23:17:56.001546,0.0,0.0,0.0
2022-01-13 23:17:56.506423,0.0,0.0,0.0
2022-01-13 23:17:57.005360,0.0,0.0,0.0
2022-01-13 23:17:57.502326,0.0,0.0,0.0
2022-01-13 23:17:58.010041,0.0,0.0,0.0
2022-01-13 23:17:58.505476,0.0,0.0,0.0
2022-01-13 23:17:59.003290,0.0,0.0,0.0
2022-01-13 23:17:59.508189,0.0,0.0,0.0
2022-01-13 23:18:00.006332,0.0,0.0,0.0
2022-01-13 23:18:00.509776,0.0,0.0,0.0
2022-01-13 23:18:01.008672,0.0,0.0,0.0
2022-01-13 23:18:01.502900,0.0,0.0,0.0
2022-01-13 23:18:02.001598,0.0,0.0,0.0
2022-01-13 23:18:02.507896,0.0,0.0,0.0
2022-01-13 23:18:03.004607,0.0,0.0,0.0
2022-01-13 23:18:03.509184,0.0,0.0,0.0
2022-01-13 23:18:04.005794,0.0,0.0,0.0
2022-01-13 23:18:04.501362,0.0,0.0,0.0
2022-01-13 23:18:05.009411,0.0,0.0,0.0
2022-01-13 23:18:05.507037,0.0,0.0,0.0
2022-01-13 23:18:06.004870,0.0,0.0,0.0
2022-01-13 23:18:06.510132,0.0,0.0,0.0
2022-01-13 23:18:07.008513,0.0,0.0,0.0
2022-01-13 23:18:07.504424,0.0,0.0,0.0
2022-01-13 23:18:08.001984,0.0,0.0,0.0
2022-01-13 23:18:08.508261,0.0,0.0,0.0
2022-01-13 23:18:09.005090,0.0,0.0,0.0
2022-01-13 23:18:09.510506,0.0,0.0,0.0
2022-01-13 23:18:10.007174,0.0,0.0,0.0
2022-01-13 23:18:10.501360,0.0,0.0,0.0
2022-01-13 23:18:11.009202,0.0,0.0,0.0
2022-01-13 23:18:11.503922,0.0,0.0,0.0
2022-01-13 23:18:12.002231,0.0,0.0,0.0
2022-01-13 23:18:12.507402,0.0,0.0,0.0
2022-01-13 23:18:13.006606,0.0,0.0,0.0
2022-01-13 23:18:13.501923,0.0,0.0,0.0
2022-01-13 23:18:14.011151,0.0,0.0,0.0
2022-01-13 23:18:14.506831,0.0,0.0,0.0
2022-01-13 23:18:15.006154,0.0,0.0,0.0
2022-01-13 23:18:15.510231,0.0,0.0,0.0
2022-01-13 23:18:16.008544,0.0,0.0,0.0
2022-01-13 23:18:16.504597,0.0,0.0,0.0
2022-01-13 23:18:17.003023,0.0,0.0,0.0
2022-01-13 23:18:17.510151,0.0,0.0,0.0
2022-01-13 23:18:18.008825,0.0,0.0,0.0
2022-01-13 23:18:18.503225,0.0,0.0,0.0
2022-01-13 23:18:19.009832,0.0,0.0,0.0
2022-01-13 23:18:19.505766,0.0,0.0,0.0
2022-01-13 23:18:20.005154,0.0,0.0,0.0
2022-01-13 23:18:20.510068,0.0,0.0,0.0
2022-01-13 23:18:21.009053,0.0,0.0,0.0
2022-01-13 23:18:21.504437,0.0,0.0,0.0
2022-01-13 23:18:22.002026,0.0,0.0,0.0
2022-01-13 23:18:22.507833,0.0,0.0,0.0
2022-01-13 23:18:23.006624,0.0,0.0,0.0
2022-01-13 23:18:23.501781,0.0,0.0,0.0
2022-01-13 23:18:24.011055,0.0,0.0,0.0
2022-01-13 23:18:24.506668,0.0,0.0,0.0
2022-01-13 23:18:25.006082,0.0,0.0,0.0
2022-01-13 23:18:25.501298,0.0,0.0,0.0
2022-01-13 23:18:26.009177,0.0,0.0,0.0
2022-01-13 23:18:26.504452,0.0,0.0,0.0
2022-01-13 23:18:27.002718,0.0,0.0,0.0
2022-01-13 23:18:27.508506,0.0,0.0,0.0
2022-01-13 23:18:28.006905,0.0,0.0,0.0
2022-01-13 23:18:28.505779,0.0,0.0,0.0
2022-01-13 23:18:29.004443,0.0,0.0,0.0
2022-01-13 23:18:29.510786,0.0,0.0,0.0
2022-01-13 23:18:30.001173,0.0,0.0,0.0
2022-01-13 23:18:30.505912,0.0,0.0,0.0
2022-01-13 23:18:31.004460,0.0,0.0,0.0
2022-01-13 23:18:32.005184,0.0,0.0,0.0
2022-01-13 23:18:32.510412,0.0,0.0,0.0
2022-01-13 23:18:33.009636,0.0,0.0,0.0
2022-01-13 23:18:33.506358,0.0,0.0,0.0
2022-01-13 23:18:34.006161,0.0,0.0,0.0
2022-01-13 23:18:34.501184,0.0,0.0,0.0
2022-01-13 23:18:35.009472,0.0,0.0,0.0
2022-01-13 23:18:35.505122,0.0,0.0,0.0
2022-01-13 23:18:36.005547,0.0,0.0,0.0
2022-01-13 23:18:36.511075,0.0,0.0,0.0
2022-01-13 23:18:37.010290,0.0,0.0,0.0
2022-01-13 23:18:37.504745,0.0,0.0,0.0
2022-01-13 23:18:38.003447,0.0,0.0,0.0
2022-01-13 23:18:38.508619,0.0,0.0,0.0
2022-01-13 23:18:39.006995,0.0,0.0,0.0
2022-01-13 23:18:39.503138,0.0,0.0,0.0
2022-01-13 23:18:40.001799,0.0,0.0,0.0
2022-01-13 23:18:40.507403,0.0,0.0,0.0
2022-01-13 23:18:41.005836,0.0,0.0,0.0
2022-01-13 23:18:41.511235,0.0,0.0,0.0
2022-01-13 23:18:42.008882,0.0,0.0,0.0
2022-01-13 23:18:42.504994,0.0,0.0,0.0
2022-01-13 23:18:43.002280,0.0,0.0,0.0
2022-01-13 23:18:43.506948,0.0,0.0,0.0
2022-01-13 23:18:44.004939,0.0,0.0,0.0
2022-01-13 23:18:44.501202,0.0,0.0,0.0
2022-01-13 23:18:45.008819,0.0,0.0,0.0
2022-01-13 23:18:45.504071,0.0,0.0,0.0
2022-01-13 23:18:46.001725,0.0,0.0,0.0
2022-01-13 23:18:46.505569,0.0,0.0,0.0
2022-01-13 23:18:47.005503,0.0,0.0,0.0
2022-01-13 23:18:47.510293,0.0,0.0,0.0
2022-01-13 23:18:48.008523,0.0,0.0,0.0
2022-01-13 23:18:48.502597,0.0,0.0,0.0
2022-01-13 23:18:49.002690,0.0,0.0,0.0
2022-01-13 23:18:49.507219,0.0,0.0,0.0
2022-01-13 23:18:50.005344,0.0,0.0,0.0
2022-01-13 23:18:50.510654,0.0,0.0,0.0
2022-01-13 23:18:51.008957,0.0,0.0,0.0
2022-01-13 23:18:51.506047,0.0,0.0,0.0
2022-01-13 23:18:52.005380,0.0,0.0,0.0
2022-01-13 23:18:52.510686,0.0,0.0,0.0
2022-01-13 23:18:53.010109,0.0,0.0,0.0
2022-01-13 23:18:53.503467,0.0,0.0,0.0
2022-01-13 23:18:54.001665,0.0,0.0,0.0
2022-01-13 23:18:54.506661,0.0,0.0,0.0
2022-01-13 23:18:55.006119,0.0,0.0,0.0
2022-01-13 23:18:55.510464,0.0,0.0,0.0
2022-01-13 23:18:56.010789,0.0,0.0,0.0
2022-01-13 23:18:56.506109,0.0,0.0,0.0
2022-01-13 23:18:57.005292,0.0,0.0,0.0
2022-01-13 23:18:57.501592,0.0,0.0,0.0
2022-01-13 23:18:58.010709,0.0,0.0,0.0
2022-01-13 23:18:58.505701,0.0,0.0,0.0
2022-01-13 23:18:59.005226,0.0,0.0,0.0
2022-01-13 23:18:59.510261,0.0,0.0,0.0
2022-01-13 23:19:00.007341,0.0,0.0,0.0
2022-01-13 23:19:00.503878,0.0,0.0,0.0
2022-01-13 23:19:01.002161,0.0,0.0,0.0
2022-01-13 23:19:01.506820,0.0,0.0,0.0
2022-01-13 23:19:02.004810,0.0,0.0,0.0
2022-01-13 23:19:03.005698,0.0,0.0,0.0
2022-01-13 23:19:03.511223,0.0,0.0,0.0
2022-01-13 23:19:04.010482,0.0,0.0,0.0
2022-01-13 23:19:04.505959,0.0,0.0,0.0
2022-01-13 23:19:05.005076,0.0,0.0,0.0
2022-01-13 23:19:05.511261,0.0,0.0,0.0
2022-01-13 23:19:06.010822,0.0,0.0,0.0
2022-01-13 23:19:06.506188,0.0,0.0,0.0
2022-01-13 23:19:07.003726,0.0,0.0,0.0
2022-01-13 23:19:07.509875,0.0,0.0,0.0
2022-01-13 23:19:08.007020,0.0,0.0,0.0
2022-01-13 23:19:08.502018,0.0,0.0,0.0
2022-01-13 23:19:09.002510,0.0,0.0,0.0
2022-01-13 23:19:09.507480,0.0,0.0,0.0
2022-01-13 23:19:10.006515,0.0,0.0,0.0
2022-01-13 23:19:10.508325,0.0,0.0,0.0
2022-01-13 23:19:11.010612,0.0,0.0,0.0
2022-01-13 23:19:11.505216,0.0,0.0,0.0
2022-01-13 23:19:12.002739,0.0,0.0,0.0
2022-01-13 23:19:12.507133,0.0,0.0,0.0
2022-01-13 23:19:13.005819,0.0,0.0,0.0
2022-01-13 23:19:13.503147,0.0,0.0,0.0
2022-01-13 23:19:14.001361,0.0,0.0,0.0
2022-01-13 23:19:14.507765,0.0,0.0,0.0
2022-01-13 23:19:15.006131,0.0,0.0,0.0
2022-01-13 23:19:15.501456,0.0,0.0,0.0
2022-01-13 23:19:16.008356,0.0,0.0,0.0
2022-01-13 23:19:16.504598,0.0,0.0,0.0
2022-01-13 23:19:17.007607,0.0,0.0,0.0
2022-01-13 23:19:17.503923,0.0,0.0,0.0
2022-01-13 23:19:18.006740,0.0,0.0,0.0
2022-01-13 23:19:18.507242,0.0,0.0,0.0
2022-01-13 23:19:19.006951,0.0,0.0,0.0
2022-01-13 23:19:19.501990,0.0,0.0,0.0
2022-01-13 23:19:20.009840,0.0,0.0,0.0
2022-01-13 23:19:20.505597,0.0,0.0,0.0
2022-01-13 23:19:21.003159,0.0,0.0,0.0
2022-01-13 23:19:21.506644,0.0,0.0,0.0
2022-01-13 23:19:22.005784,0.0,0.0,0.0
2022-01-13 23:19:22.502091,0.0,0.0,0.0
2022-01-13 23:19:23.010067,0.0,0.0,0.0
2022-01-13 23:19:23.504985,0.0,0.0,0.0
2022-01-13 23:19:24.003470,0.0,0.0,0.0
2022-01-13 23:19:24.508124,0.0,0.0,0.0
2022-01-13 23:19:25.006253,0.0,0.0,0.0
2022-01-13 23:19:26.005051,0.0,0.0,0.0
2022-01-13 23:19:26.511109,0.0,0.0,0.0
2022-01-13 23:19:27.011019,0.0,0.0,0.0
2022-01-13 23:19:27.506232,0.0,0.0,0.0
2022-01-13 23:19:28.005687,0.0,0.0,0.0
2022-01-13 23:19:28.510936,0.0,0.0,0.0
2022-01-13 23:19:29.010019,0.0,0.0,0.0
2022-01-13 23:19:29.506074,0.0,0.0,0.0
2022-01-13 23:19:30.004341,0.0,0.0,0.0
2022-01-13 23:19:30.509985,0.0,0.0,0.0
2022-01-13 23:19:31.009815,0.0,0.0,0.0
2022-01-13 23:19:31.505466,0.0,0.0,0.0
2022-01-13 23:19:32.002915,0.0,0.0,0.0
2022-01-13 23:19:32.509222,0.0,0.0,0.0
2022-01-13 23:19:33.008315,0.0,0.0,0.0
2022-01-13 23:19:33.504035,0.0,0.0,0.0
2022-01-13 23:19:34.010950,0.0,0.0,0.0
2022-01-13 23:19:34.505929,0.0,0.0,0.0
2022-01-13 23:19:35.003813,0.0,0.0,0.0
2022-01-13 23:19:35.508456,0.0,0.0,0.0
2022-01-13 23:19:36.009135,0.0,0.0,0.0
2022-01-13 23:19:36.503052,0.0,0.0,0.0
2022-01-13 23:19:37.001203,0.0,0.0,0.0
2022-01-13 23:19:37.508085,0.0,0.0,0.0
2022-01-13 23:19:38.007984,0.0,0.0,0.0
2022-01-13 23:19:38.505784,0.0,0.0,0.0
2022-01-13 23:19:39.009693,0.0,0.0,0.0
2022-01-13 23:19:39.501685,0.0,0.0,0.0
2022-01-13 23:19:40.009529,0.0,0.0,0.0
2022-01-13 23:19:40.507697,0.0,0.0,0.0
2022-01-13 23:19:41.005911,0.0,0.0,0.0
2022-01-13 23:19:41.501564,0.0,0.0,0.0
2022-01-13 23:19:42.010908,0.0,0.0,0.0
2022-01-13 23:19:42.505993,0.0,0.0,0.0
2022-01-13 23:19:43.006296,0.0,0.0,0.0
2022-01-13 23:19:43.504231,0.0,0.0,0.0
2022-01-13 23:19:44.002062,0.0,0.0,0.0
2022-01-13 23:19:44.507318,0.0,0.0,0.0
2022-01-13 23:19:45.006762,0.0,0.0,0.0
2022-01-13 23:19:46.004682,0.0,0.0,0.0
2022-01-13 23:19:46.509574,0.0,0.0,0.0
2022-01-13 23:19:47.006701,0.0,0.0,0.0
2022-01-13 23:19:47.501521,0.0,0.0,0.0
2022-01-13 23:19:48.009864,0.0,0.0,0.0
2022-01-13 23:19:48.505027,0.0,0.0,0.0
2022-01-13 23:19:49.002871,0.0,0.0,0.0
2022-01-13 23:19:49.509014,0.0,0.0,0.0
2022-01-13 23:19:50.006901,0.0,0.0,0.0
2022-01-13 23:19:50.501946,0.0,0.0,0.0
2022-01-13 23:19:51.001218,0.0,0.0,0.0
2022-01-13 23:19:51.506214,0.0,0.0,0.0
2022-01-13 23:19:52.004821,0.0,0.0,0.0
2022-01-13 23:19:52.509164,0.0,0.0,0.0
2022-01-13 23:19:53.006932,0.0,0.0,0.0
2022-01-13 23:19:53.501314,0.0,0.0,0.0
2022-01-13 23:19:54.009592,0.0,0.0,0.0
2022-01-13 23:19:54.505493,0.0,0.0,0.0
2022-01-13 23:19:55.002780,0.0,0.0,0.0
2022-01-13 23:19:55.510176,0.0,0.0,0.0
2022-01-13 23:19:56.008067,0.0,0.0,0.0
2022-01-13 23:19:56.510920,0.0,0.0,0.0
2022-01-13 23:19:57.006784,0.0,0.0,0.0
2022-01-13 23:19:58.004754,0.0,0.0,0.0
2022-01-13 23:19:58.511178,0.0,0.0,0.0
2022-01-13 23:19:59.001532,0.0,0.0,0.0
2022-01-13 23:19:59.507633,0.0,0.0,0.0
2022-01-13 23:20:00.005702,0.0,0.0,0.0
2022-01-13 23:20:00.510373,0.0,0.0,0.0
2022-01-13 23:20:01.008747,0.0,0.0,0.0
2022-01-13 23:20:01.503099,0.0,0.0,0.0
2022-01-13 23:20:02.010311,0.0,0.0,0.0
2022-01-13 23:20:02.508575,0.0,0.0,0.0
2022-01-13 23:20:03.007786,0.0,0.0,0.0
2022-01-13 23:20:03.503176,0.0,0.0,0.0
2022-01-13 23:20:04.011163,0.0,0.0,0.0
2022-01-13 23:20:04.510136,0.0,0.0,0.0
2022-01-13 23:20:05.010029,0.0,0.0,0.0
2022-01-13 23:20:05.504926,0.0,0.0,0.0
2022-01-13 23:20:06.001619,0.0,0.0,0.0
2022-01-13 23:20:06.507300,0.0,0.0,0.0
2022-01-13 23:20:07.006121,0.0,0.0,0.0
2022-01-13 23:20:07.501549,0.0,0.0,0.0
2022-01-13 23:20:08.009881,0.0,0.0,0.0
2022-01-13 23:20:08.504963,0.0,0.0,0.0
2022-01-13 23:20:09.002250,0.0,0.0,0.0
2022-01-13 23:20:09.507212,0.0,0.0,0.0
2022-01-13 23:20:10.005661,0.0,0.0,0.0
2022-01-13 23:20:10.501573,0.0,0.0,0.0
2022-01-13 23:20:11.009710,0.0,0.0,0.0
2022-01-13 23:20:11.506605,0.0,0.0,0.0
2022-01-13 23:20:12.004881,0.0,0.0,0.0
2022-01-13 23:20:12.509404,0.0,0.0,0.0
2022-01-13 23:20:13.007555,0.0,0.0,0.0
2022-01-13 23:20:13.501727,0.0,0.0,0.0
2022-01-13 23:20:14.010137,0.0,0.0,0.0
2022-01-13 23:20:14.505417,0.0,0.0,0.0
2022-01-13 23:20:15.002571,0.0,0.0,0.0
2022-01-13 23:20:15.508615,0.0,0.0,0.0
2022-01-13 23:20:16.007488,0.0,0.0,0.0
2022-01-13 23:20:16.502253,0.0,0.0,0.0
2022-01-13 23:20:17.010615,0.0,0.0,0.0
2022-01-13 23:20:17.506232,0.0,0.0,0.0
2022-01-13 23:20:18.003872,0.0,0.0,0.0
2022-01-13 23:20:18.507981,0.0,0.0,0.0
2022-01-13 23:20:19.005787,0.0,0.0,0.0
2022-01-13 23:20:19.511179,0.0,0.0,0.0
2022-01-13 23:20:20.008730,0.0,0.0,0.0
2022-01-13 23:20:20.505105,0.0,0.0,0.0
2022-01-13 23:20:21.001916,0.0,0.0,0.0
2022-01-13 23:20:21.506297,0.0,0.0,0.0
2022-01-13 23:20:22.003477,0.0,0.0,0.0
2022-01-13 23:20:22.508854,0.0,0.0,0.0
2022-01-13 23:20:23.007752,0.0,0.0,0.0
2022-01-13 23:20:23.502138,0.0,0.0,0.0
2022-01-13 23:20:24.009985,0.0,0.0,0.0
2022-01-13 23:20:24.505662,0.0,0.0,0.0
2022-01-13 23:20:25.006947,0.0,0.0,0.0
2022-01-13 23:20:25.502691,0.0,0.0,0.0
2022-01-13 23:20:26.010398,0.0,0.0,0.0
2022-01-13 23:20:26.507843,0.0,0.0,0.0
2022-01-13 23:20:27.006083,0.0,0.0,0.0
2022-01-13 23:20:27.510926,0.0,0.0,0.0
2022-01-13 23:20:28.008529,0.0,0.0,0.0
2022-01-13 23:20:28.502780,0.0,0.0,0.0
2022-01-13 23:20:29.001331,0.0,0.0,0.0
2022-01-13 23:20:29.509683,0.0,0.0,0.0
2022-01-13 23:20:30.007720,0.0,0.0,0.0
2022-01-13 23:20:30.504181,0.0,0.0,0.0
2022-01-13 23:20:31.002196,0.0,0.0,0.0
2022-01-13 23:20:31.506769,0.0,0.0,0.0
2022-01-13 23:20:32.003951,0.0,0.0,0.0
2022-01-13 23:20:32.507995,0.0,0.0,0.0
2022-01-13 23:20:33.006305,0.0,0.0,0.0
2022-01-13 23:20:34.005008,0.0,0.0,0.0
2022-01-13 23:20:34.501178,0.0,0.0,0.0
2022-01-13 23:20:35.008619,0.0,0.0,0.0
2022-01-13 23:20:35.503884,0.0,0.0,0.0
2022-01-13 23:20:36.001176,0.0,0.0,0.0
2022-01-13 23:20:36.505699,0.0,0.0,0.0
2022-01-13 23:20:37.004117,0.0,0.0,0.0
2022-01-13 23:20:37.509528,0.0,0.0,0.0
2022-01-13 23:20:38.007481,0.0,0.0,0.0
2022-01-13 23:20:38.503990,0.0,0.0,0.0
2022-01-13 23:20:39.002392,0.0,0.0,0.0
2022-01-13 23:20:39.507851,0.0,0.0,0.0
2022-01-13 23:20:40.005668,0.0,0.0,0.0
2022-01-13 23:20:40.504225,0.0,0.0,0.0
2022-01-13 23:20:41.002859,0.0,0.0,0.0
2022-01-13 23:20:41.509098,0.0,0.0,0.0
2022-01-13 23:20:42.006125,0.0,0.0,0.0
2022-01-13 23:20:42.501229,0.0,0.0,0.0
2022-01-13 23:20:43.010216,0.0,0.0,0.0
2022-01-13 23:20:43.504604,0.0,0.0,0.0
2022-01-13 23:20:44.002597,0.0,0.0,0.0
2022-01-13 23:20:44.507663,0.0,0.0,0.0
2022-01-13 23:20:45.006256,0.0,0.0,0.0
2022-01-13 23:20:45.501680,0.0,0.0,0.0
2022-01-13 23:20:46.011183,0.0,0.0,0.0
2022-01-13 23:20:46.506083,0.0,0.0,0.0
2022-01-13 23:20:47.005061,0.0,0.0,0.0
2022-01-13 23:20:47.501326,0.0,0.0,0.0
2022-01-13 23:20:48.001266,0.0,0.0,0.0
2022-01-13 23:20:48.507065,0.0,0.0,0.0
2022-01-13 23:20:49.005741,0.0,0.0,0.0
2022-01-13 23:20:49.509553,0.0,0.0,0.0
2022-01-13 23:20:50.007603,0.0,0.0,0.0
2022-01-13 23:20:50.502245,0.0,0.0,0.0
2022-01-13 23:20:51.009785,0.0,0.0,0.0
2022-01-13 23:20:51.504556,0.0,0.0,0.0
2022-01-13 23:20:52.003930,0.0,0.0,0.0
2022-01-13 23:20:52.510190,0.0,0.0,0.0
2022-01-13 23:20:53.007868,0.0,0.0,0.0
2022-01-13 23:20:53.502825,0.0,0.0,0.0
2022-01-13 23:20:54.001168,0.0,0.0,0.0
2022-01-13 23:20:54.506585,0.0,0.0,0.0
2022-01-13 23:20:55.004412,0.0,0.0,0.0
2022-01-13 23:20:55.510617,0.0,0.0,0.0
2022-01-13 23:20:56.010031,0.0,0.0,0.0
2022-01-13 23:20:56.507443,0.0,0.0,0.0
2022-01-13 23:20:57.006071,0.0,0.0,0.0
2022-01-13 23:20:57.501859,0.0,0.0,0.0
2022-01-13 23:20:58.010720,0.0,0.0,0.0
2022-01-13 23:20:58.506912,0.0,0.0,0.0
2022-01-13 23:20:59.006108,0.0,0.0,0.0
2022-01-13 23:20:59.510915,0.0,0.0,0.0
2022-01-13 23:21:00.008985,0.0,0.0,0.0
2022-01-13 23:21:00.502010,0.0,0.0,0.0
2022-01-13 23:21:01.010179,0.0,0.0,0.0
2022-01-13 23:21:01.505395,0.0,0.0,0.0
2022-01-13 23:21:02.002238,0.0,0.0,0.0
2022-01-13 23:21:02.506612,0.0,0.0,0.0
2022-01-13 23:21:03.004573,0.0,0.0,0.0
2022-01-13 23:21:03.510402,0.0,0.0,0.0
2022-01-13 23:21:04.008424,0.0,0.0,0.0
2022-01-13 23:21:04.503960,0.0,0.0,0.0
2022-01-13 23:21:05.002823,0.0,0.0,0.0
2022-01-13 23:21:05.508940,0.0,0.0,0.0
2022-01-13 23:21:06.005864,0.0,0.0,0.0
2022-01-13 23:21:06.511221,0.0,0.0,0.0
2022-01-13 23:21:07.010012,0.0,0.0,0.0
2022-01-13 23:21:07.504148,0.0,0.0,0.0
2022-01-13 23:21:08.001824,0.0,0.0,0.0
2022-01-13 23:21:08.507342,0.0,0.0,0.0
2022-01-13 23:21:09.006191,0.0,0.0,0.0
2022-01-13 23:21:09.501484,0.0,0.0,0.0
2022-01-13 23:21:10.008304,0.0,0.0,0.0
2022-01-13 23:21:10.504016,0.0,0.0,0.0
2022-01-13 23:21:11.001660,0.0,0.0,0.0
2022-01-13 23:21:11.507436,0.0,0.0,0.0
2022-01-13 23:21:12.005397,0.0,0.0,0.0
2022-01-13 23:21:12.510338,0.0,0.0,0.0
2022-01-13 23:21:13.006403,0.0,0.0,0.0
2022-01-13 23:21:13.502459,0.0,0.0,0.0
2022-01-13 23:21:14.002887,0.0,0.0,0.0
2022-01-13 23:21:14.509452,0.0,0.0,0.0
2022-01-13 23:21:15.006770,0.0,0.0,0.0
2022-01-13 23:21:15.501968,0.0,0.0,0.0
2022-01-13 23:21:16.010732,0.0,0.0,0.0
2022-01-13 23:21:16.505744,0.0,0.0,0.0
2022-01-13 23:21:17.004968,0.0,0.0,0.0
2022-01-13 23:21:17.510169,0.0,0.0,0.0
2022-01-13 23:21:18.008191,0.0,0.0,0.0
2022-01-13 23:21:18.503126,0.0,0.0,0.0
2022-01-13 23:21:19.003013,0.0,0.0,0.0
2022-01-13 23:21:19.508434,0.0,0.0,0.0
2022-01-13 23:21:20.006171,0.0,0.0,0.0
2022-01-13 23:21:20.501097,0.0,0.0,0.0
2022-01-13 23:21:21.009321,0.0,0.0,0.0
2022-01-13 23:21:21.506098,0.0,0.0,0.0
2022-01-13 23:21:22.005571,0.0,0.0,0.0
2022-01-13 23:21:22.510025,0.0,0.0,0.0
2022-01-13 23:21:23.009086,0.0,0.0,0.0
2022-01-13 23:21:23.505062,0.0,0.0,0.0
2022-01-13 23:21:24.003395,0.0,0.0,0.0
2022-01-13 23:21:24.507776,0.0,0.0,0.0
2022-01-13 23:21:25.005569,0.0,0.0,0.0
2022-01-13 23:21:25.501566,0.0,0.0,0.0
2022-01-13 23:21:26.008849,0.0,0.0,0.0
2022-01-13 23:21:26.503384,0.0,0.0,0.0
2022-01-13 23:21:27.011007,0.0,0.0,0.0
2022-01-13 23:21:27.507339,0.0,0.0,0.0
2022-01-13 23:21:28.005282,0.0,0.0,0.0
2022-01-13 23:21:28.510651,0.0,0.0,0.0
2022-01-13 23:21:29.010164,0.0,0.0,0.0
2022-01-13 23:21:29.503963,0.0,0.0,0.0
2022-01-13 23:21:30.002226,0.0,0.0,0.0
2022-01-13 23:21:30.507051,0.0,0.0,0.0
2022-01-13 23:21:31.005125,0.0,0.0,0.0
2022-01-13 23:21:31.510806,0.0,0.0,0.0
2022-01-13 23:21:32.009459,0.0,0.0,0.0
2022-01-13 23:21:32.505261,0.0,0.0,0.0
2022-01-13 23:21:33.003981,0.0,0.0,0.0
2022-01-13 23:21:33.510133,0.0,0.0,0.0
