時間,回転１,回転２,回転３
2022-01-13 17:00:00.006593,84.1636,84.33875,85.4527
2022-01-13 17:00:00.509119,84.36905,84.59625,85.37447
2022-01-13 17:00:01.007841,84.11161,84.28675,85.37447
2022-01-13 17:00:01.503422,83.9569,84.4415,85.57051
2022-01-13 17:00:02.002221,84.78245,85.16325,85.57051
2022-01-13 17:00:02.502472,83.80219,84.28675,85.6101
2022-01-13 17:00:03.002751,84.47302,84.95775,85.6101
2022-01-13 17:00:03.507858,83.33805,83.97725,86.04176
2022-01-13 17:00:04.007801,84.42104,84.95775,86.04176
2022-01-13 17:00:04.501826,84.26632,84.3895,85.6101
2022-01-13 17:00:05.010652,84.11161,84.4415,85.6101
2022-01-13 17:00:05.505867,84.1636,84.64825,85.7675
2022-01-13 17:00:06.005391,84.1636,84.64825,85.7675
2022-01-13 17:00:06.510365,84.1636,84.59625,85.21708
2022-01-13 17:00:07.007883,84.11161,84.699,85.21708
2022-01-13 17:00:07.503390,84.1636,84.54425,86.3952
2022-01-13 17:00:08.001453,84.05963,84.28675,86.3952
2022-01-13 17:00:08.505605,84.57575,84.85375,84.70718
2022-01-13 17:00:09.004710,84.36905,84.85375,84.70718
2022-01-13 17:00:09.511118,83.85417,84.4935,85.72791
2022-01-13 17:00:10.007886,84.52377,84.59625,85.72791
2022-01-13 17:00:10.509675,84.1636,84.54425,85.33489
2022-01-13 17:00:11.009416,84.31831,84.4935,85.33489
2022-01-13 17:00:11.502104,84.05963,84.4415,85.6101
2022-01-13 17:00:12.003947,84.26632,84.4415,85.6101
2022-01-13 17:00:12.502147,84.05963,84.4415,85.68833
2022-01-13 17:00:13.009050,84.1636,84.64825,85.68833
2022-01-13 17:00:13.503450,84.31831,84.751,86.23875
2022-01-13 17:00:14.007756,83.64747,84.08,86.23875
2022-01-13 17:00:14.504516,84.36905,84.699,85.41406
2022-01-13 17:00:15.001086,83.90492,84.28675,85.41406
2022-01-13 17:00:15.508541,84.42104,84.751,85.84572
2022-01-13 17:00:16.004130,84.21434,84.4935,85.84572
2022-01-13 17:00:16.508471,84.00888,84.59625,85.25666
2022-01-13 17:00:17.001066,84.21434,84.64825,85.25666
2022-01-13 17:00:17.503326,84.11161,84.64825,85.4527
2022-01-13 17:00:18.002163,84.42104,84.85375,85.4527
2022-01-13 17:00:18.509161,84.26632,84.33875,85.88531
2022-01-13 17:00:19.010651,84.31831,84.4935,85.88531
2022-01-13 17:00:19.505366,84.47302,84.751,85.13885
2022-01-13 17:00:20.008213,84.05963,84.184,85.13885
2022-01-13 17:00:20.501656,84.05963,84.699,85.72791
2022-01-13 17:00:21.001639,83.80219,84.132,85.72791
2022-01-13 17:00:21.507926,84.31831,84.59625,85.7675
2022-01-13 17:00:22.001426,84.00888,84.699,85.7675
2022-01-13 17:00:22.507339,84.52377,84.59625,85.4527
2022-01-13 17:00:23.010732,84.31831,84.4935,85.4527
2022-01-13 17:00:23.507029,84.00888,84.699,85.53187
2022-01-13 17:00:24.007118,84.26632,84.699,85.53187
2022-01-13 17:00:24.501914,84.05963,84.33875,85.4527
2022-01-13 17:00:25.009608,84.36905,84.64825,85.4527
2022-01-13 17:00:25.505192,83.64747,84.54425,85.92395
2022-01-13 17:00:26.005087,84.47302,84.803,85.92395
2022-01-13 17:00:26.509580,84.21434,84.33875,85.92395
2022-01-13 17:00:27.004890,84.11161,84.33875,85.92395
2022-01-13 17:00:27.501016,83.80219,84.3895,87.29906
2022-01-13 17:00:28.001073,84.21434,84.3895,87.29906
2022-01-13 17:00:28.506780,84.05963,84.184,231.22635
2022-01-13 17:00:29.005807,83.85417,84.33875,231.22635
2022-01-13 17:00:29.504271,84.31831,84.54425,216.49979
2022-01-13 17:00:30.005201,84.21434,84.4415,216.49979
2022-01-13 17:00:30.509157,83.9569,84.23475,147.9725
2022-01-13 17:00:31.004728,84.1636,84.54425,147.9725
2022-01-13 17:00:31.509165,83.80219,84.33875,92.44322
2022-01-13 17:00:32.007328,83.9569,84.08,92.44322
2022-01-13 17:00:32.505369,83.9569,84.33875,95.62416
2022-01-13 17:00:33.005646,84.31831,84.4415,95.62416
2022-01-13 17:00:33.501109,83.7502,84.184,87.69114
2022-01-13 17:00:34.009638,84.93716,85.0605,87.69114
2022-01-13 17:00:34.505516,83.7502,84.23475,87.37729
2022-01-13 17:00:35.003999,84.47302,85.0085,87.37729
2022-01-13 17:00:35.508938,83.9569,84.33875,87.02385
2022-01-13 17:00:36.006356,84.05963,84.4935,87.02385
2022-01-13 17:00:36.502679,84.26632,84.699,85.21708
2022-01-13 17:00:37.505526,84.31831,84.4415,86.23875
2022-01-13 17:00:38.003409,84.78245,85.0605,86.23875
2022-01-13 17:00:38.508305,83.9569,84.33875,86.15958
2022-01-13 17:00:39.006771,84.31831,84.64825,86.15958
2022-01-13 17:00:39.503621,84.11161,84.59625,86.98426
2022-01-13 17:00:40.002181,84.21434,84.54425,86.98426
2022-01-13 17:00:40.507688,83.9569,84.54425,85.57051
2022-01-13 17:00:41.006530,84.1636,84.59625,85.57051
2022-01-13 17:00:41.503085,84.05963,84.4415,85.72791
2022-01-13 17:00:42.001953,84.52377,85.0605,85.72791
2022-01-13 17:00:42.507154,84.1636,84.59625,85.41406
2022-01-13 17:00:43.006199,84.21434,84.699,85.41406
2022-01-13 17:00:43.510841,84.21434,84.64825,85.7675
2022-01-13 17:00:44.009075,84.1636,84.699,85.7675
2022-01-13 17:00:44.505082,84.21434,84.59625,86.43479
2022-01-13 17:00:45.003268,84.05963,84.59625,86.43479
2022-01-13 17:00:45.510202,83.9569,84.4935,85.64968
2022-01-13 17:00:46.002134,84.67848,85.0605,85.64968
2022-01-13 17:00:46.507395,84.1636,84.54425,86.63083
2022-01-13 17:00:47.005316,84.1636,84.28675,86.63083
2022-01-13 17:00:47.510120,83.90492,84.54425,86.00312
2022-01-13 17:00:48.008710,84.31831,84.699,86.00312
2022-01-13 17:00:48.502705,84.26632,84.751,85.84572
2022-01-13 17:00:49.010769,84.11161,84.3895,85.84572
2022-01-13 17:00:49.504278,84.1636,84.3895,85.80614
2022-01-13 17:00:50.004563,84.00888,84.64825,85.80614
2022-01-13 17:00:50.509480,84.78245,85.16325,86.00312
2022-01-13 17:00:51.009202,83.54475,84.02925,86.00312
2022-01-13 17:00:51.503171,84.67848,84.85375,85.7675
2022-01-13 17:00:52.003915,83.80219,84.3895,85.7675
2022-01-13 17:00:52.508838,83.9569,84.28675,85.68833
2022-01-13 17:00:53.010897,84.67848,85.0605,85.68833
2022-01-13 17:00:53.505762,84.05963,84.4935,86.00312
2022-01-13 17:00:54.004211,84.31831,84.59625,86.00312
2022-01-13 17:00:54.501797,84.1636,84.64825,86.08135
2022-01-13 17:00:55.010103,84.26632,84.4415,86.08135
2022-01-13 17:00:55.505651,83.90492,84.64825,85.7675
2022-01-13 17:00:56.002788,84.26632,84.54425,85.7675
2022-01-13 17:00:56.508000,84.11161,84.4415,86.08135
2022-01-13 17:00:57.005599,84.11161,84.64825,86.08135
2022-01-13 17:00:57.502163,84.67848,85.1125,85.92395
2022-01-13 17:00:58.010254,83.85417,84.28675,85.92395
2022-01-13 17:00:58.505502,84.52377,84.59625,85.53187
2022-01-13 17:00:59.005022,83.90492,84.751,85.53187
2022-01-13 17:00:59.510492,84.42104,84.59625,85.6101
2022-01-13 17:01:00.007792,84.47302,84.4415,85.6101
2022-01-13 17:01:00.501277,83.7502,84.33875,85.53187
2022-01-13 17:01:01.007889,84.05963,84.699,85.53187
2022-01-13 17:01:01.502977,84.31831,84.751,85.84572
2022-01-13 17:01:02.010984,84.11161,84.28675,85.84572
2022-01-13 17:01:02.507699,84.21434,84.85375,85.7675
2022-01-13 17:01:03.005707,84.21434,84.4415,85.7675
2022-01-13 17:01:03.510698,84.57575,84.85375,86.00312
2022-01-13 17:01:04.009561,84.1636,84.4935,86.00312
2022-01-13 17:01:04.504749,84.36905,84.54425,85.6101
2022-01-13 17:01:05.002520,83.54475,84.33875,85.6101
2022-01-13 17:01:05.507902,84.52377,84.751,86.08135
2022-01-13 17:01:06.005536,83.9569,84.64825,86.08135
2022-01-13 17:01:06.502092,84.42104,84.803,85.4527
2022-01-13 17:01:07.010616,84.26632,84.54425,85.4527
2022-01-13 17:01:07.503885,83.85417,84.184,86.35656
2022-01-13 17:01:08.011003,84.47302,84.59625,86.35656
2022-01-13 17:01:08.505677,84.1636,84.751,86.71
2022-01-13 17:01:09.003950,84.11161,84.33875,86.71
2022-01-13 17:01:09.508081,83.64747,84.28675,85.88531
2022-01-13 17:01:10.005426,84.36905,84.64825,85.88531
2022-01-13 17:01:10.501308,84.36905,84.90575,85.57051
2022-01-13 17:01:11.009085,84.26632,84.4935,85.57051
2022-01-13 17:01:11.503120,84.11161,84.3895,85.88531
2022-01-13 17:01:12.011129,84.00888,84.4935,85.88531
2022-01-13 17:01:12.506662,84.26632,84.54425,85.72791
2022-01-13 17:01:13.006136,83.80219,84.54425,85.72791
2022-01-13 17:01:13.504296,84.62773,84.90575,85.80614
2022-01-13 17:01:14.002250,83.69946,84.4415,85.80614
2022-01-13 17:01:14.508325,84.42104,84.59625,85.4527
2022-01-13 17:01:15.005987,84.73046,84.95775,85.4527
2022-01-13 17:01:15.510283,83.80219,84.33875,85.68833
2022-01-13 17:01:16.008599,84.62773,84.90575,85.68833
2022-01-13 17:01:16.503867,83.59549,84.23475,85.41406
2022-01-13 17:01:17.001685,84.36905,84.803,85.41406
2022-01-13 17:01:17.506313,83.9569,84.64825,85.4527
2022-01-13 17:01:18.004658,84.62773,84.803,85.4527
2022-01-13 17:01:18.510125,84.05963,84.28675,86.04176
2022-01-13 17:01:19.010643,84.11161,84.751,86.04176
2022-01-13 17:01:19.506028,84.42104,84.64825,85.13885
2022-01-13 17:01:20.004697,84.21434,84.59625,85.13885
2022-01-13 17:01:20.510059,84.1636,84.54425,86.15958
2022-01-13 17:01:21.007242,83.54475,84.3895,86.15958
2022-01-13 17:01:21.502031,84.42104,84.751,86.12093
2022-01-13 17:01:22.009586,84.42104,84.54425,86.12093
2022-01-13 17:01:22.506161,84.31831,84.751,86.23875
2022-01-13 17:01:23.004649,84.31831,84.64825,86.23875
2022-01-13 17:01:23.501110,84.05963,84.64825,86.43479
2022-01-13 17:01:24.008674,84.57575,84.64825,86.43479
2022-01-13 17:01:24.503863,84.00888,84.803,86.08135
2022-01-13 17:01:25.002215,84.00888,84.184,86.08135
2022-01-13 17:01:25.506888,84.1636,84.4935,86.31697
2022-01-13 17:01:26.005489,84.36905,84.751,86.31697
2022-01-13 17:01:26.501543,84.11161,84.28675,84.90322
2022-01-13 17:01:27.010261,84.57575,85.1125,84.90322
2022-01-13 17:01:27.505297,83.7502,84.02925,86.08135
2022-01-13 17:01:28.003390,84.11161,84.751,86.08135
2022-01-13 17:01:28.508339,84.47302,84.699,85.37447
2022-01-13 17:01:29.006852,84.11161,84.4415,85.37447
2022-01-13 17:01:29.501410,84.31831,84.699,85.13885
2022-01-13 17:01:30.009442,84.36905,84.3895,85.13885
2022-01-13 17:01:30.510874,84.11161,84.64825,85.57051
2022-01-13 17:01:31.007898,84.31831,84.54425,85.57051
2022-01-13 17:01:31.504482,83.85417,84.699,86.51301
2022-01-13 17:01:32.004155,84.21434,84.64825,86.51301
2022-01-13 17:01:32.504144,84.21434,84.699,85.29625
2022-01-13 17:01:33.004641,84.21434,84.64825,85.29625
2022-01-13 17:01:33.507971,84.62773,84.64825,86.27739
2022-01-13 17:01:34.005968,84.00888,84.3895,86.27739
2022-01-13 17:01:34.511046,84.26632,84.64825,86.12093
2022-01-13 17:01:35.009015,84.26632,84.803,86.12093
2022-01-13 17:01:35.503767,84.36905,84.64825,85.17843
2022-01-13 17:01:36.002088,83.59549,84.28675,85.17843
2022-01-13 17:01:36.507382,84.57575,84.90575,85.88531
2022-01-13 17:01:37.005908,84.47302,84.54425,85.88531
2022-01-13 17:01:37.509524,84.11161,84.64825,85.64968
2022-01-13 17:01:38.010012,84.47302,84.751,85.64968
2022-01-13 17:01:38.504437,83.69946,84.3895,85.53187
2022-01-13 17:01:39.002658,84.47302,84.699,85.53187
2022-01-13 17:01:39.506061,84.1636,84.803,85.64968
2022-01-13 17:01:40.005091,84.26632,84.54425,85.64968
2022-01-13 17:01:40.510789,84.26632,84.3895,85.33489
2022-01-13 17:01:41.007870,84.1636,84.4935,85.33489
2022-01-13 17:01:41.501752,84.1636,84.4415,86.31697
2022-01-13 17:01:42.010079,83.9569,84.4935,86.31697
2022-01-13 17:01:42.505479,84.26632,84.59625,86.35656
2022-01-13 17:01:43.003254,83.54475,84.184,86.35656
2022-01-13 17:01:43.509539,84.57575,85.0085,85.4527
2022-01-13 17:01:44.007941,84.26632,84.4935,85.4527
2022-01-13 17:01:44.504305,84.31831,84.54425,86.15958
2022-01-13 17:01:45.002213,84.31831,84.54425,86.15958
2022-01-13 17:01:45.505872,83.9569,84.90575,85.4527
2022-01-13 17:01:46.002423,84.11161,84.4415,85.4527
2022-01-13 17:01:46.507682,83.80219,84.3895,86.15958
2022-01-13 17:01:47.005087,84.1636,84.59625,86.15958
2022-01-13 17:01:47.501569,84.36905,84.699,85.21708
2022-01-13 17:01:48.010297,84.21434,84.699,85.21708
2022-01-13 17:01:48.507649,84.11161,84.3895,86.27739
2022-01-13 17:01:49.006754,84.47302,85.0085,86.27739
2022-01-13 17:01:49.501649,84.11161,84.28675,85.06062
2022-01-13 17:01:50.010694,84.21434,84.85375,85.06062
2022-01-13 17:01:50.506465,84.00888,84.3895,86.59218
2022-01-13 17:01:51.004576,83.9569,84.4415,86.59218
2022-01-13 17:01:51.501371,84.05963,84.699,86.67041
2022-01-13 17:01:52.009164,84.47302,84.4935,86.67041
2022-01-13 17:01:52.503941,83.85417,84.59625,85.41406
2022-01-13 17:01:53.001438,84.42104,84.64825,85.41406
2022-01-13 17:01:53.505818,84.05963,84.64825,86.43479
2022-01-13 17:01:54.004617,84.05963,84.28675,86.43479
2022-01-13 17:01:54.509613,84.05963,84.64825,85.68833
2022-01-13 17:01:55.008557,84.11161,84.4415,85.68833
2022-01-13 17:01:55.504251,84.42104,84.33875,85.84572
2022-01-13 17:01:56.001749,84.05963,84.64825,85.84572
2022-01-13 17:01:56.508204,84.21434,84.4935,86.27739
2022-01-13 17:01:57.006300,84.21434,84.64825,86.27739
2022-01-13 17:01:57.501658,84.26632,84.33875,85.64968
2022-01-13 17:01:58.001833,84.05963,84.54425,85.64968
2022-01-13 17:01:58.507317,84.05963,84.23475,86.3952
2022-01-13 17:01:59.004689,84.47302,84.699,86.3952
2022-01-13 17:01:59.509619,84.1636,84.59625,85.84572
2022-01-13 17:02:00.002265,84.36905,84.64825,85.84572
2022-01-13 17:02:00.508777,83.7502,84.3895,86.15958
2022-01-13 17:02:01.009110,84.52377,84.699,86.15958
2022-01-13 17:02:01.505535,83.85417,84.4935,86.04176
2022-01-13 17:02:02.006335,84.21434,84.54425,86.04176
2022-01-13 17:02:02.502760,84.11161,84.23475,85.92395
2022-01-13 17:02:03.010350,83.85417,84.4415,85.92395
2022-01-13 17:02:03.503285,84.31831,84.90575,85.33489
2022-01-13 17:02:04.010952,84.00888,84.59625,85.33489
2022-01-13 17:02:04.506927,84.42104,84.64825,86.5526
2022-01-13 17:02:05.004294,83.80219,84.3895,86.5526
2022-01-13 17:02:05.509821,84.36905,84.699,85.4527
2022-01-13 17:02:06.010153,84.36905,84.64825,85.4527
2022-01-13 17:02:06.504299,83.90492,84.3895,85.4527
2022-01-13 17:02:07.002696,84.1636,84.28675,85.4527
2022-01-13 17:02:07.507386,83.9569,84.64825,85.64968
2022-01-13 17:02:08.005151,84.62773,84.85375,85.64968
2022-01-13 17:02:08.501114,83.69946,84.28675,85.6101
2022-01-13 17:02:09.009259,84.47302,84.64825,85.6101
2022-01-13 17:02:09.502516,83.9569,84.132,85.80614
2022-01-13 17:02:10.009099,84.47302,84.90575,85.80614
2022-01-13 17:02:10.504485,84.26632,84.3895,86.08135
2022-01-13 17:02:11.002208,83.80219,84.3895,86.08135
2022-01-13 17:02:11.507896,84.42104,84.4935,85.96354
2022-01-13 17:02:12.005354,84.11161,84.751,85.96354
2022-01-13 17:02:12.502757,84.31831,84.95775,85.64968
2022-01-13 17:02:13.002361,83.80219,84.132,85.64968
2022-01-13 17:02:13.507676,84.57575,84.85375,85.68833
2022-01-13 17:02:14.004534,84.26632,84.28675,85.68833
2022-01-13 17:02:14.510883,84.05963,84.803,85.53187
2022-01-13 17:02:15.008996,84.05963,84.28675,85.53187
2022-01-13 17:02:15.504568,83.9569,84.3895,85.4527
2022-01-13 17:02:16.003834,84.36905,84.751,85.4527
2022-01-13 17:02:16.508459,83.85417,84.64825,85.29625
2022-01-13 17:02:17.006097,84.31831,84.751,85.29625
2022-01-13 17:02:17.510628,84.57575,84.54425,86.82781
2022-01-13 17:02:18.007885,84.21434,84.85375,86.82781
2022-01-13 17:02:18.503023,84.21434,84.4935,85.57051
2022-01-13 17:02:19.009550,83.9569,84.59625,85.57051
2022-01-13 17:02:19.504554,84.31831,84.54425,85.6101
2022-01-13 17:02:20.001212,84.00888,84.4935,85.6101
2022-01-13 17:02:20.507904,83.9569,84.4415,86.12093
2022-01-13 17:02:21.007745,84.47302,84.803,86.12093
2022-01-13 17:02:21.502399,84.21434,84.751,86.47437
2022-01-13 17:02:22.004290,84.21434,84.33875,86.47437
2022-01-13 17:02:22.509130,83.90492,84.4415,85.88531
2022-01-13 17:02:23.006991,84.42104,84.751,85.88531
2022-01-13 17:02:23.505768,83.9569,84.4415,85.41406
2022-01-13 17:02:24.003513,84.57575,84.85375,85.41406
2022-01-13 17:02:24.507935,84.31831,84.4415,85.29625
2022-01-13 17:02:25.007439,84.05963,84.4415,85.29625
2022-01-13 17:02:25.503153,84.42104,84.751,85.41406
2022-01-13 17:02:26.011311,83.9569,84.4935,85.41406
2022-01-13 17:02:26.505139,84.31831,84.64825,85.4527
2022-01-13 17:02:27.002912,83.9569,84.28675,85.4527
2022-01-13 17:02:27.507534,84.11161,84.59625,86.31697
2022-01-13 17:02:28.007096,84.1636,84.54425,86.31697
2022-01-13 17:02:28.501121,84.62773,85.16325,85.33489
2022-01-13 17:02:29.008591,84.11161,84.3895,85.33489
2022-01-13 17:02:29.506459,83.80219,84.33875,85.96354
2022-01-13 17:02:30.005064,84.31831,84.699,85.96354
2022-01-13 17:02:30.507992,84.26632,84.59625,85.41406
2022-01-13 17:02:31.005099,84.36905,84.59625,85.41406
2022-01-13 17:02:31.509165,83.44078,83.8225,85.92395
2022-01-13 17:02:32.006686,84.31831,84.95775,85.92395
2022-01-13 17:02:32.502084,84.36905,84.4415,85.13885
2022-01-13 17:02:33.011278,84.26632,85.0085,85.13885
2022-01-13 17:02:33.506069,84.11161,84.33875,85.72791
2022-01-13 17:02:34.002676,83.80219,84.33875,85.72791
2022-01-13 17:02:34.508503,84.52377,84.90575,85.37447
2022-01-13 17:02:35.006192,83.64747,83.97725,85.37447
2022-01-13 17:02:35.510977,84.47302,84.95775,85.37447
2022-01-13 17:02:36.009197,84.00888,83.92525,85.37447
2022-01-13 17:02:36.505145,84.26632,84.803,85.17843
2022-01-13 17:02:37.004980,84.21434,84.59625,85.17843
2022-01-13 17:02:37.510603,83.7502,84.33875,85.80614
2022-01-13 17:02:38.008714,84.67848,84.85375,85.80614
2022-01-13 17:02:38.502244,83.7502,84.28675,86.47437
2022-01-13 17:02:39.009228,84.47302,84.751,86.47437
2022-01-13 17:02:39.505818,84.26632,84.4935,86.00312
2022-01-13 17:02:40.003613,84.21434,84.59625,86.00312
2022-01-13 17:02:40.509115,84.00888,84.184,85.41406
2022-01-13 17:02:41.007703,84.05963,84.803,85.41406
2022-01-13 17:02:41.501190,84.36905,84.751,85.49229
2022-01-13 17:02:42.010848,83.7502,84.33875,85.49229
2022-01-13 17:02:42.506086,84.31831,84.699,85.6101
2022-01-13 17:02:43.005263,84.1636,84.3895,85.6101
2022-01-13 17:02:43.510049,84.1636,84.4935,85.17843
2022-01-13 17:02:44.007101,84.26632,84.59625,85.17843
2022-01-13 17:02:44.501549,84.11161,84.4935,85.64968
2022-01-13 17:02:45.010792,84.21434,84.59625,85.64968
2022-01-13 17:02:45.505745,84.11161,84.64825,85.7675
2022-01-13 17:02:46.005999,84.00888,84.54425,85.7675
2022-01-13 17:02:46.511257,84.11161,84.54425,86.04176
2022-01-13 17:02:47.008585,84.31831,84.64825,86.04176
2022-01-13 17:02:47.503429,84.21434,84.4415,86.04176
2022-01-13 17:02:48.001087,83.9569,84.54425,86.04176
2022-01-13 17:02:48.506139,84.26632,84.54425,85.84572
2022-01-13 17:02:49.003771,83.90492,84.132,85.84572
2022-01-13 17:02:49.510542,83.9569,84.23475,85.64968
2022-01-13 17:02:50.008116,83.49276,83.8745,85.64968
2022-01-13 17:02:50.502998,84.62773,84.803,235.19239
2022-01-13 17:02:51.001379,84.00888,84.02925,235.19239
2022-01-13 17:02:51.507605,84.11161,84.4415,217.08885
2022-01-13 17:02:52.007763,83.85417,84.132,217.08885
2022-01-13 17:02:52.503033,83.7502,84.132,172.94875
2022-01-13 17:02:53.010828,84.36905,84.803,172.94875
2022-01-13 17:02:53.506285,83.64747,84.3895,109.44781
2022-01-13 17:02:54.004591,83.9569,84.184,109.44781
2022-01-13 17:02:54.509056,84.26632,84.33875,96.88051
2022-01-13 17:02:55.006326,84.21434,84.54425,96.88051
2022-01-13 17:02:55.501473,84.36905,84.4415,92.44322
2022-01-13 17:02:56.009451,83.49276,83.8225,92.44322
2022-01-13 17:02:56.504037,84.62773,84.95775,87.21989
2022-01-13 17:02:57.002692,83.54475,83.97725,87.21989
2022-01-13 17:02:57.510554,84.67848,85.1125,87.37729
2022-01-13 17:02:58.010243,84.11161,84.184,87.37729
2022-01-13 17:02:58.506154,84.31831,84.85375,86.5526
2022-01-13 17:02:59.004023,84.11161,84.54425,86.5526
2022-01-13 17:02:59.510835,84.11161,84.3895,85.96354
2022-01-13 17:03:00.009945,84.36905,84.751,85.96354
2022-01-13 17:03:00.507156,83.69946,84.132,86.35656
2022-01-13 17:03:01.010535,84.36905,84.90575,86.35656
2022-01-13 17:03:01.504804,84.31831,84.3895,86.08135
2022-01-13 17:03:02.003072,84.36905,84.803,86.08135
2022-01-13 17:03:02.508503,84.11161,84.59625,86.94562
2022-01-13 17:03:03.006640,83.90492,84.54425,86.94562
2022-01-13 17:03:03.500853,84.47302,84.803,86.12093
2022-01-13 17:03:04.009938,83.7502,84.33875,86.12093
2022-01-13 17:03:04.506101,84.42104,84.90575,86.08135
2022-01-13 17:03:05.006983,83.90492,84.23475,86.08135
2022-01-13 17:03:05.501322,84.36905,84.699,86.43479
2022-01-13 17:03:06.007960,84.42104,84.751,86.43479
2022-01-13 17:03:06.502742,83.80219,84.184,85.84572
2022-01-13 17:03:07.001606,84.52377,84.803,85.84572
2022-01-13 17:03:07.506316,84.1636,84.59625,86.08135
2022-01-13 17:03:08.004720,83.90492,84.54425,86.08135
2022-01-13 17:03:08.509633,84.05963,84.3895,86.00312
2022-01-13 17:03:09.006279,84.47302,84.751,86.00312
2022-01-13 17:03:09.501426,84.36905,84.54425,85.53187
2022-01-13 17:03:10.008556,84.05963,84.64825,85.53187
2022-01-13 17:03:10.503879,83.9569,84.33875,85.7675
2022-01-13 17:03:11.002129,84.47302,84.803,85.7675
2022-01-13 17:03:11.506833,84.47302,84.90575,86.08135
2022-01-13 17:03:12.005215,83.85417,84.54425,86.08135
2022-01-13 17:03:12.509600,84.26632,84.59625,85.21708
2022-01-13 17:03:13.007725,84.36905,84.3895,85.21708
2022-01-13 17:03:13.503877,84.31831,84.751,86.63083
2022-01-13 17:03:14.001200,84.05963,84.64825,86.63083
2022-01-13 17:03:14.508507,83.7502,84.132,85.6101
2022-01-13 17:03:15.006219,84.67848,85.16325,85.6101
2022-01-13 17:03:15.511064,84.00888,84.4415,85.68833
2022-01-13 17:03:16.010232,84.31831,84.751,85.68833
2022-01-13 17:03:16.504417,84.42104,84.64825,85.72791
2022-01-13 17:03:17.002418,84.21434,84.4935,85.72791
2022-01-13 17:03:17.506700,84.1636,84.4935,86.23875
2022-01-13 17:03:18.005461,83.90492,84.4415,86.23875
2022-01-13 17:03:18.503322,84.36905,84.85375,85.21708
2022-01-13 17:03:19.010170,84.11161,84.751,85.21708
2022-01-13 17:03:19.505562,84.31831,84.64825,86.67041
2022-01-13 17:03:20.003535,84.11161,84.3895,86.67041
2022-01-13 17:03:20.507976,84.36905,84.64825,85.41406
2022-01-13 17:03:21.005617,84.26632,84.85375,85.41406
2022-01-13 17:03:21.507013,83.85417,84.28675,86.08135
2022-01-13 17:03:22.001729,84.31831,84.751,86.08135
2022-01-13 17:03:22.507357,84.00888,84.4415,86.08135
2022-01-13 17:03:23.009102,84.26632,84.803,86.08135
2022-01-13 17:03:23.505030,84.11161,84.4935,85.72791
2022-01-13 17:03:24.003170,84.47302,84.699,85.72791
2022-01-13 17:03:24.507819,84.62773,84.803,86.04176
2022-01-13 17:03:25.005665,83.90492,84.3895,86.04176
2022-01-13 17:03:26.005388,84.36905,84.751,86.27739
2022-01-13 17:03:26.510137,84.31831,84.4415,85.37447
2022-01-13 17:03:27.008605,83.49276,84.23475,85.37447
2022-01-13 17:03:27.503665,84.42104,84.699,85.49229
2022-01-13 17:03:28.003253,84.31831,84.4935,85.49229
2022-01-13 17:03:28.509006,83.90492,84.4935,86.31697
2022-01-13 17:03:29.006217,84.21434,84.751,86.31697
2022-01-13 17:03:29.510262,83.90492,84.184,85.09926
2022-01-13 17:03:30.007575,84.31831,84.803,85.09926
2022-01-13 17:03:30.502199,83.85417,84.3895,85.7675
2022-01-13 17:03:31.010807,84.1636,84.28675,85.7675
2022-01-13 17:03:31.505432,84.42104,84.54425,85.41406
2022-01-13 17:03:32.003439,84.11161,84.64825,85.41406
2022-01-13 17:03:32.510109,84.21434,84.803,86.5526
2022-01-13 17:03:33.006220,83.80219,84.33875,86.5526
2022-01-13 17:03:33.501316,84.21434,84.4935,85.7675
2022-01-13 17:03:34.010905,84.05963,84.751,85.7675
2022-01-13 17:03:34.506423,84.26632,84.64825,85.53187
2022-01-13 17:03:35.006392,84.11161,84.4935,85.53187
2022-01-13 17:03:35.503696,84.57575,84.751,85.6101
2022-01-13 17:03:36.002181,84.26632,84.64825,85.6101
2022-01-13 17:03:36.508301,83.9569,84.64825,86.47437
2022-01-13 17:03:37.003912,84.26632,84.699,86.47437
2022-01-13 17:03:37.509319,83.49276,84.02925,85.6101
2022-01-13 17:03:38.009211,84.42104,84.85375,85.6101
2022-01-13 17:03:38.504603,84.42104,84.803,85.33489
2022-01-13 17:03:39.002604,83.9569,84.28675,85.33489
2022-01-13 17:03:39.507811,84.62773,85.0605,85.88531
2022-01-13 17:03:40.006687,83.85417,84.23475,85.88531
2022-01-13 17:03:40.502329,84.47302,84.751,85.06062
2022-01-13 17:03:41.010848,84.11161,84.699,85.06062
2022-01-13 17:03:41.506692,84.00888,84.28675,86.63083
2022-01-13 17:03:42.006137,84.11161,84.54425,86.63083
2022-01-13 17:03:42.501388,84.36905,84.59625,85.72791
2022-01-13 17:03:43.009009,84.57575,84.90575,85.72791
2022-01-13 17:03:43.503011,83.69946,84.08,85.37447
2022-01-13 17:03:44.004471,84.47302,84.803,85.37447
2022-01-13 17:03:44.502243,83.80219,84.02925,85.57051
2022-01-13 17:03:45.001228,84.47302,84.90575,85.57051
2022-01-13 17:03:45.508225,83.69946,84.4935,85.72791
2022-01-13 17:03:46.007798,84.31831,84.3895,85.72791
2022-01-13 17:03:46.503624,84.62773,84.699,85.13885
2022-01-13 17:03:47.002260,83.9569,84.3895,85.13885
2022-01-13 17:03:47.507864,84.00888,84.4415,85.88531
2022-01-13 17:03:48.006541,84.05963,84.4935,85.88531
2022-01-13 17:03:48.501869,84.47302,84.699,86.08135
2022-01-13 17:03:49.009900,83.7502,84.3895,86.08135
2022-01-13 17:03:49.506442,84.42104,84.803,85.02104
2022-01-13 17:03:50.004533,84.05963,84.4935,85.02104
2022-01-13 17:03:50.508821,84.47302,84.85375,86.00312
2022-01-13 17:03:51.006854,84.1636,84.699,86.00312
2022-01-13 17:03:51.511138,83.64747,84.02925,85.72791
2022-01-13 17:03:52.010289,84.67848,84.95775,85.72791
2022-01-13 17:03:52.506946,83.69946,84.23475,86.27739
2022-01-13 17:03:53.004278,84.83319,85.1125,86.27739
2022-01-13 17:03:53.510044,83.9569,84.28675,86.5526
2022-01-13 17:03:54.010202,83.9569,84.4935,86.5526
2022-01-13 17:03:54.507056,84.42104,84.90575,85.25666
2022-01-13 17:03:55.007452,83.90492,84.28675,85.25666
2022-01-13 17:03:55.501383,84.42104,84.85375,85.64968
2022-01-13 17:03:56.010161,83.9569,84.54425,85.64968
2022-01-13 17:03:56.504436,84.31831,84.4415,85.37447
2022-01-13 17:03:57.002075,84.47302,84.59625,85.37447
2022-01-13 17:03:57.507883,84.1636,84.4935,85.17843
2022-01-13 17:03:58.009683,84.21434,84.699,85.17843
2022-01-13 17:03:58.506801,84.05963,84.3895,85.84572
2022-01-13 17:03:59.005892,84.31831,84.85375,85.84572
2022-01-13 17:03:59.503081,83.85417,84.33875,85.17843
2022-01-13 17:04:00.002287,84.62773,84.85375,85.17843
2022-01-13 17:04:00.507302,83.9569,84.28675,86.71
2022-01-13 17:04:01.005015,84.31831,84.699,86.71
2022-01-13 17:04:01.510019,84.26632,84.64825,86.31697
2022-01-13 17:04:02.008295,83.7502,84.28675,86.31697
2022-01-13 17:04:02.506266,84.31831,84.64825,85.80614
2022-01-13 17:04:03.005070,84.00888,84.699,85.80614
2022-01-13 17:04:03.511105,84.31831,84.699,85.7675
2022-01-13 17:04:04.010156,83.90492,84.4935,85.7675
2022-01-13 17:04:04.506433,84.26632,84.3895,86.51301
2022-01-13 17:04:05.004869,84.62773,84.95775,86.51301
2022-01-13 17:04:05.510706,83.7502,84.4415,85.25666
2022-01-13 17:04:06.007879,84.26632,84.64825,85.25666
2022-01-13 17:04:06.503183,83.9569,84.4415,85.37447
2022-01-13 17:04:07.001149,84.52377,84.85375,85.37447
2022-01-13 17:04:07.505095,83.80219,84.54425,85.4527
2022-01-13 17:04:08.005572,84.21434,84.4935,85.4527
2022-01-13 17:04:08.510840,84.26632,84.54425,85.41406
2022-01-13 17:04:09.008753,84.1636,84.64825,85.41406
2022-01-13 17:04:09.502463,84.42104,84.64825,85.92395
2022-01-13 17:04:10.002574,83.7502,84.184,85.92395
2022-01-13 17:04:10.509005,84.52377,84.803,85.41406
2022-01-13 17:04:11.007799,83.59549,84.3895,85.41406
2022-01-13 17:04:11.506047,84.42104,84.751,85.09926
2022-01-13 17:04:12.003303,84.1636,84.54425,85.09926
2022-01-13 17:04:12.509055,84.36905,84.4935,86.15958
2022-01-13 17:04:13.007064,84.26632,84.59625,86.15958
2022-01-13 17:04:13.501192,84.05963,84.64825,85.80614
2022-01-13 17:04:14.008701,84.11161,84.23475,85.80614
2022-01-13 17:04:14.503787,83.59549,84.33875,85.4527
2022-01-13 17:04:15.002709,84.52377,84.85375,85.4527
2022-01-13 17:04:15.507854,84.00888,84.4415,85.92395
2022-01-13 17:04:16.003567,84.52377,84.803,85.92395
2022-01-13 17:04:16.509106,84.11161,84.4935,85.96354
2022-01-13 17:04:17.007886,83.90492,84.4935,85.96354
2022-01-13 17:04:17.503171,84.67848,84.64825,85.37447
2022-01-13 17:04:18.003539,83.54475,84.184,85.37447
2022-01-13 17:04:18.505093,84.47302,84.699,86.15958
2022-01-13 17:04:19.002027,84.11161,84.699,86.15958
2022-01-13 17:04:19.507013,84.42104,84.751,84.90322
2022-01-13 17:04:20.005583,84.57575,84.803,84.90322
2022-01-13 17:04:20.501081,84.11161,84.59625,86.04176
2022-01-13 17:04:21.009409,83.85417,84.23475,86.04176
2022-01-13 17:04:21.503903,84.36905,84.699,86.94562
2022-01-13 17:04:22.003276,84.11161,84.23475,86.94562
2022-01-13 17:04:22.508557,83.69946,84.3895,85.64968
2022-01-13 17:04:23.006210,83.85417,84.28675,85.64968
2022-01-13 17:04:23.510296,84.31831,84.3895,85.37447
2022-01-13 17:04:24.009249,84.11161,84.54425,85.37447
2022-01-13 17:04:24.505106,84.47302,84.699,85.88531
2022-01-13 17:04:25.005511,84.00888,84.3895,85.88531
2022-01-13 17:04:25.510521,84.21434,84.23475,85.41406
2022-01-13 17:04:26.007399,84.26632,85.0085,85.41406
2022-01-13 17:04:26.501128,84.05963,84.33875,85.57051
2022-01-13 17:04:27.008720,84.36905,84.59625,85.57051
2022-01-13 17:04:27.502641,84.1636,84.59625,85.41406
2022-01-13 17:04:28.010856,83.9569,84.33875,85.41406
2022-01-13 17:04:28.509268,84.31831,84.803,86.59218
2022-01-13 17:04:29.006991,84.26632,84.59625,86.59218
2022-01-13 17:04:29.504867,84.11161,84.90575,85.68833
2022-01-13 17:04:30.002956,84.1636,84.4415,85.68833
2022-01-13 17:04:30.508271,84.1636,84.33875,86.00312
2022-01-13 17:04:31.005941,84.21434,84.54425,86.00312
2022-01-13 17:04:32.005262,83.69946,84.4415,85.25666
2022-01-13 17:04:32.510238,84.31831,84.28675,85.84572
2022-01-13 17:04:33.008772,83.85417,84.54425,85.84572
2022-01-13 17:04:33.505225,84.47302,84.85375,85.33489
2022-01-13 17:04:34.003003,84.42104,84.803,85.33489
2022-01-13 17:04:34.507383,83.85417,84.184,86.00312
2022-01-13 17:04:35.005564,84.1636,84.4935,86.00312
2022-01-13 17:04:35.510176,84.1636,84.699,85.72791
2022-01-13 17:04:36.009126,84.31831,84.751,85.72791
2022-01-13 17:04:36.505287,83.69946,84.33875,85.53187
2022-01-13 17:04:37.003515,84.42104,84.54425,85.53187
2022-01-13 17:04:37.511019,84.1636,84.4935,86.15958
2022-01-13 17:04:38.009329,84.47302,84.803,86.15958
2022-01-13 17:04:38.504307,84.00888,84.33875,85.68833
2022-01-13 17:04:39.002195,83.80219,84.33875,85.68833
2022-01-13 17:04:39.506617,84.47302,84.64825,84.94281
2022-01-13 17:04:40.005881,83.90492,84.54425,84.94281
2022-01-13 17:04:40.510967,84.31831,84.54425,85.92395
2022-01-13 17:04:41.009560,83.9569,84.4935,85.92395
2022-01-13 17:04:41.503778,84.1636,84.33875,85.64968
2022-01-13 17:04:42.002852,84.57575,84.64825,85.64968
2022-01-13 17:04:42.508675,84.11161,84.64825,85.53187
2022-01-13 17:04:43.007442,83.80219,84.28675,85.53187
2022-01-13 17:04:43.501681,84.1636,84.751,85.80614
2022-01-13 17:04:44.010490,84.11161,84.3895,85.80614
2022-01-13 17:04:44.506077,84.36905,84.90575,85.33489
2022-01-13 17:04:45.004489,84.05963,84.4415,85.33489
2022-01-13 17:04:45.510290,84.1636,84.4415,85.09926
2022-01-13 17:04:46.008553,84.05963,84.59625,85.09926
2022-01-13 17:04:46.504330,84.52377,84.64825,86.78822
2022-01-13 17:04:47.001974,83.85417,84.59625,86.78822
2022-01-13 17:04:47.506652,84.05963,84.54425,85.33489
2022-01-13 17:04:48.004499,84.00888,84.803,85.33489
2022-01-13 17:04:48.508254,84.1636,84.33875,85.80614
2022-01-13 17:04:49.007450,84.57575,84.803,85.80614
2022-01-13 17:04:49.502787,83.9569,84.54425,86.23875
2022-01-13 17:04:50.001160,84.57575,84.90575,86.23875
2022-01-13 17:04:50.505540,84.1636,84.59625,85.41406
2022-01-13 17:04:51.008052,84.1636,84.54425,85.41406
2022-01-13 17:04:51.501847,83.64747,84.54425,85.68833
2022-01-13 17:04:52.001569,84.26632,84.54425,85.68833
2022-01-13 17:04:52.505575,84.57575,84.85375,85.53187
2022-01-13 17:04:53.003767,84.05963,84.33875,85.53187
2022-01-13 17:04:53.508492,84.36905,84.54425,85.09926
2022-01-13 17:04:54.007785,84.11161,84.803,85.09926
2022-01-13 17:04:54.502741,84.47302,84.64825,85.41406
2022-01-13 17:04:55.011079,83.54475,84.28675,85.41406
2022-01-13 17:04:55.506963,84.67848,84.699,85.33489
2022-01-13 17:04:56.005898,84.05963,84.4415,85.33489
2022-01-13 17:04:56.509174,84.36905,84.699,85.4527
2022-01-13 17:04:57.007878,84.26632,84.4935,85.4527
2022-01-13 17:04:57.504235,83.80219,84.23475,86.15958
2022-01-13 17:04:58.001564,84.78245,84.85375,86.15958
2022-01-13 17:04:58.505659,83.9569,84.54425,86.04176
2022-01-13 17:04:59.004631,84.31831,84.59625,86.04176
2022-01-13 17:04:59.509498,84.00888,84.4415,85.57051
2022-01-13 17:05:00.007467,84.31831,84.699,85.57051
2022-01-13 17:05:00.502034,84.47302,84.64825,85.57051
2022-01-13 17:05:01.001230,83.80219,84.3895,85.57051
2022-01-13 17:05:01.506347,84.52377,84.64825,85.4527
2022-01-13 17:05:02.005087,83.9569,84.4935,85.4527
2022-01-13 17:05:02.509688,84.42104,84.699,85.6101
2022-01-13 17:05:03.008094,83.64747,84.4415,85.6101
2022-01-13 17:05:03.504106,84.36905,84.54425,86.43479
2022-01-13 17:05:04.001679,84.26632,84.33875,86.43479
2022-01-13 17:05:04.507894,83.90492,84.54425,85.29625
2022-01-13 17:05:05.007095,84.36905,84.699,85.29625
2022-01-13 17:05:05.501572,83.7502,84.23475,86.51301
2022-01-13 17:05:06.008646,84.36905,84.59625,86.51301
2022-01-13 17:05:06.507083,83.90492,84.33875,85.33489
2022-01-13 17:05:07.006665,84.52377,84.803,85.33489
2022-01-13 17:05:07.501702,84.26632,84.28675,85.49229
2022-01-13 17:05:08.002454,84.21434,84.59625,85.49229
2022-01-13 17:05:08.502832,83.80219,84.02925,86.63083
2022-01-13 17:05:09.002867,84.26632,85.0605,86.63083
2022-01-13 17:05:09.509398,84.1636,84.4935,85.4527
2022-01-13 17:05:10.007921,83.59549,84.33875,85.4527
2022-01-13 17:05:10.501637,84.52377,84.90575,85.41406
2022-01-13 17:05:11.009562,84.47302,84.4415,85.41406
2022-01-13 17:05:11.505715,83.7502,83.92525,85.88531
2022-01-13 17:05:12.004651,83.33805,83.35825,85.88531
2022-01-13 17:05:12.510997,84.52377,85.0085,137.87926
2022-01-13 17:05:13.009861,84.11161,84.28675,137.87926
2022-01-13 17:05:13.508322,83.7502,84.23475,229.0275
2022-01-13 17:05:14.005454,84.1636,84.3895,229.0275
2022-01-13 17:05:14.510899,84.11161,84.28675,203.73645
2022-01-13 17:05:15.008527,84.62773,84.751,203.73645
2022-01-13 17:05:15.503438,83.90492,83.97725,130.22145
2022-01-13 17:05:16.003692,83.80219,84.33875,130.22145
2022-01-13 17:05:16.509426,83.85417,84.132,89.89093
2022-01-13 17:05:17.006942,83.69946,84.184,94.99551
2022-01-13 17:05:18.508907,84.1636,84.3895,88.595
2022-01-13 17:05:19.006621,84.62773,84.54425,88.595
2022-01-13 17:05:19.501608,84.11161,84.803,86.71
2022-01-13 17:05:20.010027,84.42104,84.751,86.71
2022-01-13 17:05:20.504676,83.7502,84.4415,86.23875
2022-01-13 17:05:21.002285,84.31831,84.64825,86.23875
2022-01-13 17:05:21.507865,84.00888,84.54425,86.35656
2022-01-13 17:05:22.006704,84.47302,84.85375,86.35656
2022-01-13 17:05:22.502355,84.21434,84.33875,86.19916
2022-01-13 17:05:23.004186,84.11161,84.751,86.19916
2022-01-13 17:05:23.509363,84.26632,84.699,86.47437
2022-01-13 17:05:24.006824,83.69946,84.132,86.47437
2022-01-13 17:05:24.503776,84.52377,84.90575,87.3377
2022-01-13 17:05:25.001240,83.54475,84.23475,87.3377
2022-01-13 17:05:25.501621,84.83319,85.26725,85.80614
2022-01-13 17:05:26.009591,84.05963,84.08,85.80614
2022-01-13 17:05:26.503358,84.26632,84.751,86.00312
2022-01-13 17:05:27.001625,84.21434,84.54425,86.00312
2022-01-13 17:05:27.508461,84.47302,85.0605,85.88531
2022-01-13 17:05:28.007030,84.26632,84.4415,85.88531
2022-01-13 17:05:28.501702,83.80219,84.3895,86.27739
2022-01-13 17:05:29.010589,84.21434,84.85375,86.27739
2022-01-13 17:05:29.506066,84.31831,84.4935,85.84572
2022-01-13 17:05:30.005247,84.00888,84.54425,85.84572
2022-01-13 17:05:30.510423,84.42104,84.699,85.88531
2022-01-13 17:05:31.005515,84.21434,84.699,85.88531
2022-01-13 17:05:31.509140,84.31831,84.4415,86.86645
2022-01-13 17:05:32.008615,83.90492,84.3895,86.86645
2022-01-13 17:05:32.503415,84.47302,84.699,85.57051
2022-01-13 17:05:33.010912,84.26632,84.59625,85.57051
2022-01-13 17:05:33.506003,84.1636,84.90575,85.88531
2022-01-13 17:05:34.006243,84.00888,84.132,85.88531
2022-01-13 17:05:34.506766,84.11161,84.85375,85.33489
2022-01-13 17:05:35.004465,84.52377,84.59625,85.33489
2022-01-13 17:05:35.510345,84.47302,85.0085,86.12093
2022-01-13 17:05:36.007558,84.05963,84.4415,86.12093
2022-01-13 17:05:36.504955,84.00888,84.3895,86.12093
2022-01-13 17:05:37.001687,84.36905,84.803,86.12093
2022-01-13 17:05:37.505472,84.52377,84.751,86.15958
2022-01-13 17:05:38.002500,84.00888,84.751,86.15958
2022-01-13 17:05:38.509178,84.05963,84.4415,85.21708
2022-01-13 17:05:39.505567,84.36905,84.699,86.51301
2022-01-13 17:05:40.005814,84.42104,84.95775,86.51301
2022-01-13 17:05:40.501093,83.90492,84.33875,85.64968
2022-01-13 17:05:41.008979,84.21434,84.4935,85.64968
2022-01-13 17:05:41.506909,84.21434,84.751,85.7675
2022-01-13 17:05:42.005540,84.52377,84.64825,85.7675
2022-01-13 17:05:42.503798,83.90492,84.54425,86.12093
2022-01-13 17:05:43.002050,84.00888,84.3895,86.12093
2022-01-13 17:05:43.508621,83.9569,84.4415,86.12093
2022-01-13 17:05:44.005983,84.57575,84.90575,86.12093
2022-01-13 17:05:44.510963,84.21434,84.3895,85.84572
2022-01-13 17:05:45.008107,83.85417,84.4415,85.84572
2022-01-13 17:05:45.503073,84.05963,84.33875,86.04176
2022-01-13 17:05:46.004575,84.31831,84.751,86.04176
2022-01-13 17:05:46.501536,84.1636,84.59625,85.41406
2022-01-13 17:05:47.009165,83.9569,84.54425,85.41406
2022-01-13 17:05:47.504548,84.26632,84.64825,85.37447
2022-01-13 17:05:48.002236,84.47302,84.59625,85.37447
2022-01-13 17:05:48.509950,84.1636,84.699,85.49229
2022-01-13 17:05:49.010149,84.00888,84.23475,85.49229
2022-01-13 17:05:49.505040,83.9569,84.59625,86.19916
2022-01-13 17:05:50.002009,84.21434,84.64825,86.19916
2022-01-13 17:05:50.509727,83.69946,84.23475,86.78822
2022-01-13 17:05:51.007864,84.73046,85.21525,86.78822
2022-01-13 17:05:51.502517,83.85417,83.8745,86.63083
2022-01-13 17:05:52.009617,84.42104,84.95775,86.63083
2022-01-13 17:05:52.504562,84.05963,84.184,85.68833
2022-01-13 17:05:53.002836,84.00888,84.4415,85.68833
2022-01-13 17:05:53.508117,84.62773,85.0085,85.64968
2022-01-13 17:05:54.007324,83.7502,84.3895,85.64968
2022-01-13 17:05:54.504206,84.00888,84.4935,85.53187
2022-01-13 17:05:55.001125,84.21434,84.4415,85.53187
2022-01-13 17:05:55.505410,84.62773,85.1125,85.53187
2022-01-13 17:05:56.002523,84.31831,84.64825,85.53187
2022-01-13 17:05:56.507467,83.85417,84.4935,86.19916
2022-01-13 17:05:57.004422,84.1636,84.28675,86.19916
2022-01-13 17:05:57.510259,84.31831,84.699,85.02104
2022-01-13 17:05:58.001268,84.05963,84.54425,85.02104
2022-01-13 17:05:58.505207,83.9569,84.54425,85.80614
2022-01-13 17:05:59.010908,84.47302,84.699,85.80614
2022-01-13 17:05:59.505192,84.31831,84.3895,86.27739
2022-01-13 17:06:00.003374,84.31831,85.0085,86.27739
2022-01-13 17:06:00.507717,84.1636,84.59625,85.13885
2022-01-13 17:06:01.006211,83.9569,84.33875,85.13885
2022-01-13 17:06:01.511099,84.31831,84.59625,85.49229
2022-01-13 17:06:02.008610,83.9569,84.4415,85.49229
2022-01-13 17:06:02.502911,84.47302,84.803,86.08135
2022-01-13 17:06:03.504589,84.21434,84.64825,85.7675
2022-01-13 17:06:04.505155,84.31831,84.803,85.29625
2022-01-13 17:06:05.003857,84.11161,84.4415,85.29625
2022-01-13 17:06:05.509270,83.80219,84.28675,85.68833
2022-01-13 17:06:06.006650,84.21434,84.751,85.68833
2022-01-13 17:06:06.501950,84.62773,84.699,85.37447
2022-01-13 17:06:07.010523,83.9569,84.33875,85.37447
2022-01-13 17:06:07.505014,84.31831,84.54425,86.31697
2022-01-13 17:06:08.002296,83.85417,84.28675,86.31697
2022-01-13 17:06:08.507473,84.62773,84.90575,85.72791
2022-01-13 17:06:09.004885,83.69946,84.08,85.72791
2022-01-13 17:06:09.502072,84.05963,84.59625,85.88531
2022-01-13 17:06:10.009055,84.26632,84.59625,85.88531
2022-01-13 17:06:10.503285,84.21434,84.59625,86.00312
2022-01-13 17:06:11.010087,84.57575,84.699,86.00312
2022-01-13 17:06:11.503757,84.00888,84.4935,86.04176
2022-01-13 17:06:12.001552,84.05963,84.54425,86.04176
2022-01-13 17:06:12.505968,84.1636,84.59625,85.72791
2022-01-13 17:06:13.005589,84.57575,84.95775,85.72791
2022-01-13 17:06:13.511001,83.69946,84.184,85.57051
2022-01-13 17:06:14.008862,84.42104,84.803,85.57051
2022-01-13 17:06:14.506226,84.21434,84.28675,85.29625
2022-01-13 17:06:15.004019,84.11161,84.85375,85.29625
2022-01-13 17:06:15.509569,84.52377,84.699,85.64968
2022-01-13 17:06:16.007694,83.85417,84.33875,85.64968
2022-01-13 17:06:16.502157,84.62773,85.26725,85.68833
2022-01-13 17:06:17.009228,83.80219,84.23475,85.68833
2022-01-13 17:06:17.505093,84.57575,84.85375,86.31697
2022-01-13 17:06:18.004872,84.31831,84.3895,86.31697
2022-01-13 17:06:18.501361,84.00888,84.59625,85.92395
2022-01-13 17:06:19.009210,84.31831,84.751,85.92395
2022-01-13 17:06:19.503606,83.9569,84.33875,86.08135
2022-01-13 17:06:20.001208,84.36905,84.751,86.08135
2022-01-13 17:06:20.505160,83.85417,84.54425,85.37447
2022-01-13 17:06:21.003160,84.42104,84.699,85.37447
2022-01-13 17:06:21.508866,84.36905,84.33875,86.19916
2022-01-13 17:06:22.006813,84.1636,84.54425,86.19916
2022-01-13 17:06:22.502821,83.90492,84.28675,85.37447
2022-01-13 17:06:23.001672,84.11161,84.3895,85.37447
2022-01-13 17:06:23.507923,84.11161,84.64825,85.72791
2022-01-13 17:06:24.005673,83.90492,84.4935,85.72791
2022-01-13 17:06:24.509097,84.36905,84.699,85.68833
2022-01-13 17:06:25.005674,84.36905,84.699,85.68833
2022-01-13 17:06:25.511044,84.11161,84.54425,85.09926
2022-01-13 17:06:26.007682,84.26632,84.59625,85.09926
2022-01-13 17:06:26.503282,84.11161,84.4935,86.51301
2022-01-13 17:06:27.010506,84.21434,84.751,86.51301
2022-01-13 17:06:27.506579,83.7502,84.3895,86.43479
2022-01-13 17:06:28.004228,84.36905,84.59625,86.43479
2022-01-13 17:06:28.508079,84.47302,84.4415,84.86364
2022-01-13 17:06:29.007231,84.31831,84.699,84.86364
2022-01-13 17:06:29.501596,84.05963,84.3895,86.47437
2022-01-13 17:06:30.009116,83.85417,84.33875,86.47437
2022-01-13 17:06:30.502558,84.36905,84.90575,85.53187
2022-01-13 17:06:31.001673,84.05963,84.54425,85.53187
2022-01-13 17:06:31.506872,84.21434,84.64825,85.49229
2022-01-13 17:06:32.008152,84.05963,84.132,85.49229
2022-01-13 17:06:32.504030,83.85417,84.23475,86.15958
2022-01-13 17:06:33.011287,84.88517,85.0605,86.15958
2022-01-13 17:06:33.504429,83.85417,84.132,85.96354
2022-01-13 17:06:34.002440,84.1636,84.699,85.96354
2022-01-13 17:06:34.508489,84.11161,84.699,84.78541
2022-01-13 17:06:35.005652,84.21434,84.59625,84.78541
2022-01-13 17:06:35.503776,84.26632,84.4415,86.19916
2022-01-13 17:06:36.007168,84.05963,84.4415,86.19916
2022-01-13 17:06:36.502203,84.26632,84.4415,85.37447
2022-01-13 17:06:37.010756,84.42104,85.0085,85.37447
2022-01-13 17:06:37.506615,84.42104,84.64825,85.7675
2022-01-13 17:06:38.004596,83.59549,84.02925,85.7675
2022-01-13 17:06:38.501615,84.52377,85.1125,86.51301
2022-01-13 17:06:39.010316,83.69946,84.184,86.51301
2022-01-13 17:06:39.506059,84.67848,84.85375,85.29625
2022-01-13 17:06:40.002959,84.31831,84.54425,85.29625
2022-01-13 17:06:40.508514,83.9569,84.3895,85.37447
2022-01-13 17:06:41.006422,84.42104,84.751,85.37447
2022-01-13 17:06:41.501254,84.00888,84.59625,85.80614
2022-01-13 17:06:42.008616,84.42104,84.803,85.80614
2022-01-13 17:06:42.501983,83.69946,84.132,85.96354
2022-01-13 17:06:43.010811,84.26632,84.54425,85.96354
2022-01-13 17:06:43.506045,84.36905,84.59625,85.41406
2022-01-13 17:06:44.005046,84.36905,84.751,85.41406
2022-01-13 17:06:44.501094,83.7502,84.33875,85.6101
2022-01-13 17:06:45.008592,84.00888,84.4935,85.6101
2022-01-13 17:06:45.505507,84.36905,84.699,85.7675
2022-01-13 17:06:46.004100,83.90492,84.4935,85.7675
2022-01-13 17:06:46.509143,84.42104,84.699,86.12093
2022-01-13 17:06:47.006031,83.85417,84.132,86.12093
2022-01-13 17:06:47.501200,84.42104,84.803,86.00312
2022-01-13 17:06:48.009333,84.31831,84.64825,86.00312
2022-01-13 17:06:48.503232,84.21434,84.54425,85.72791
2022-01-13 17:06:49.001130,84.21434,84.64825,85.72791
2022-01-13 17:06:49.506132,83.9569,84.33875,86.08135
2022-01-13 17:06:50.006178,84.21434,84.4415,86.08135
2022-01-13 17:06:50.511083,84.11161,84.54425,85.84572
2022-01-13 17:06:51.009388,84.47302,84.803,85.84572
2022-01-13 17:06:51.504773,83.85417,84.23475,85.57051
2022-01-13 17:06:52.003078,83.9569,84.4415,85.57051
2022-01-13 17:06:52.507890,84.26632,84.699,85.92395
2022-01-13 17:06:53.006243,84.1636,84.54425,85.92395
2022-01-13 17:06:53.510822,84.36905,84.85375,85.37447
2022-01-13 17:06:54.010579,83.64747,84.184,85.37447
2022-01-13 17:06:54.506497,84.42104,84.54425,86.5526
2022-01-13 17:06:55.004090,84.26632,84.4935,86.5526
2022-01-13 17:06:55.509481,84.00888,84.751,85.80614
2022-01-13 17:06:56.006562,84.1636,84.699,85.80614
2022-01-13 17:06:56.509948,83.9569,84.23475,85.64968
2022-01-13 17:06:57.008502,84.57575,84.90575,85.64968
2022-01-13 17:06:57.510199,84.21434,84.90575,86.47437
2022-01-13 17:06:58.007878,83.80219,83.97725,86.47437
2022-01-13 17:06:58.502209,84.47302,84.4935,86.23875
2022-01-13 17:06:59.002085,84.05963,84.3895,86.23875
2022-01-13 17:06:59.506564,84.31831,84.85375,85.80614
2022-01-13 17:07:00.004289,83.85417,84.4415,85.80614
2022-01-13 17:07:00.506881,84.1636,84.4935,85.53187
2022-01-13 17:07:01.006372,83.69946,84.3895,85.53187
2022-01-13 17:07:01.510665,84.42104,84.751,85.88531
2022-01-13 17:07:02.007889,84.47302,84.4935,85.88531
2022-01-13 17:07:02.505111,84.21434,84.3895,85.25666
2022-01-13 17:07:03.002784,84.00888,84.54425,85.25666
2022-01-13 17:07:03.507714,83.90492,84.33875,86.15958
2022-01-13 17:07:04.008595,84.62773,85.1125,86.15958
2022-01-13 17:07:04.502061,83.7502,84.4415,85.64968
2022-01-13 17:07:05.001181,84.26632,84.59625,85.64968
2022-01-13 17:07:05.505559,84.36905,84.59625,86.19916
2022-01-13 17:07:06.003494,84.36905,84.54425,86.19916
2022-01-13 17:07:06.507654,84.52377,84.90575,86.47437
2022-01-13 17:07:07.005651,83.69946,84.184,86.47437
2022-01-13 17:07:07.502350,83.9569,84.28675,85.33489
2022-01-13 17:07:08.001200,84.1636,84.85375,85.33489
2022-01-13 17:07:08.506111,84.52377,84.95775,86.86645
2022-01-13 17:07:09.003383,83.85417,84.08,86.86645
2022-01-13 17:07:09.507842,84.67848,84.751,85.41406
2022-01-13 17:07:10.005033,84.1636,84.54425,85.41406
2022-01-13 17:07:10.511138,84.42104,85.0085,85.57051
2022-01-13 17:07:11.009841,84.11161,84.4415,85.57051
2022-01-13 17:07:11.507856,83.7502,84.3895,86.04176
2022-01-13 17:07:12.005531,84.36905,84.59625,86.04176
2022-01-13 17:07:12.509794,84.00888,84.4935,86.04176
2022-01-13 17:07:13.004621,84.67848,84.803,86.04176
2022-01-13 17:07:13.509101,84.11161,84.4935,85.33489
2022-01-13 17:07:14.008585,84.31831,84.64825,85.33489
2022-01-13 17:07:14.504234,84.05963,84.33875,85.84572
2022-01-13 17:07:15.002684,84.1636,84.4935,85.84572
2022-01-13 17:07:15.507793,84.1636,84.54425,86.43479
2022-01-13 17:07:16.006389,83.90492,84.4415,86.43479
2022-01-13 17:07:16.501533,84.26632,84.28675,85.33489
2022-01-13 17:07:17.009269,84.42104,84.59625,85.33489
2022-01-13 17:07:17.506349,84.47302,84.85375,86.19916
2022-01-13 17:07:18.004285,84.26632,84.803,86.19916
2022-01-13 17:07:18.509558,83.59549,84.02925,86.5526
2022-01-13 17:07:19.007851,84.47302,84.64825,86.5526
2022-01-13 17:07:19.503375,83.85417,84.4935,85.37447
2022-01-13 17:07:20.002601,83.90492,84.33875,85.37447
2022-01-13 17:07:20.508225,84.57575,84.90575,85.64968
2022-01-13 17:07:21.006883,83.69946,84.132,85.64968
2022-01-13 17:07:21.510671,84.57575,84.803,85.25666
2022-01-13 17:07:22.009408,84.11161,84.4935,85.25666
2022-01-13 17:07:22.504514,84.00888,84.3895,86.35656
2022-01-13 17:07:23.001513,84.1636,84.59625,86.35656
2022-01-13 17:07:23.506177,84.26632,84.4935,86.08135
2022-01-13 17:07:24.005628,84.36905,84.751,86.08135
2022-01-13 17:07:24.510241,83.9569,84.64825,85.29625
2022-01-13 17:07:25.005414,84.1636,84.699,85.29625
2022-01-13 17:07:25.509777,83.85417,84.28675,86.04176
2022-01-13 17:07:26.007931,84.73046,85.0085,86.04176
2022-01-13 17:07:26.501467,83.90492,84.59625,85.37447
2022-01-13 17:07:27.008172,84.42104,84.4415,85.37447
2022-01-13 17:07:27.501719,84.11161,84.59625,85.6101
2022-01-13 17:07:28.007227,83.90492,84.3895,85.6101
2022-01-13 17:07:28.501537,84.93716,85.318,85.33489
2022-01-13 17:07:29.009665,83.64747,84.184,85.33489
2022-01-13 17:07:29.506292,84.11161,84.33875,85.7675
2022-01-13 17:07:30.003809,84.1636,84.699,85.7675
2022-01-13 17:07:30.509308,84.1636,84.4935,85.68833
2022-01-13 17:07:31.007437,84.21434,84.699,85.68833
2022-01-13 17:07:31.511042,84.36905,84.59625,85.88531
2022-01-13 17:07:32.008546,84.00888,84.4415,85.88531
2022-01-13 17:07:32.507437,84.36905,84.90575,85.64968
2022-01-13 17:07:33.005764,84.42104,84.59625,85.64968
2022-01-13 17:07:33.511140,83.80219,84.23475,86.47437
2022-01-13 17:07:34.008716,84.26632,84.3895,86.47437
2022-01-13 17:07:34.503003,83.13135,83.7705,86.04176
2022-01-13 17:07:35.003052,84.9879,84.95775,86.04176
2022-01-13 17:07:35.507285,84.00888,84.184,238.92375
2022-01-13 17:07:36.004929,83.85417,84.132,238.92375
2022-01-13 17:07:36.509364,84.42104,84.699,217.12843
2022-01-13 17:07:37.006765,83.64747,84.28675,217.12843
2022-01-13 17:07:37.502374,84.31831,84.3895,154.72645
2022-01-13 17:07:38.001795,83.7502,84.184,154.72645
2022-01-13 17:07:38.506800,84.21434,84.28675,97.46958
2022-01-13 17:07:39.005242,84.26632,84.3895,97.46958
2022-01-13 17:07:39.507382,84.31831,84.23475,96.60625
2022-01-13 17:07:40.003774,83.85417,84.02925,96.60625
2022-01-13 17:07:40.507779,84.00888,84.803,87.06343
2022-01-13 17:07:41.005661,82.5125,85.26725,87.06343
2022-01-13 17:07:41.510892,81.37877,83.8745,58.55281
2022-01-13 17:07:42.010131,83.13135,84.85375,58.55281
2022-01-13 17:07:42.507488,84.21434,84.64825,-0.11781
2022-01-13 17:07:43.006273,83.64747,84.184,-0.11781
2022-01-13 17:07:43.510625,84.26632,84.751,0.0
2022-01-13 17:07:44.008782,83.85417,84.33875,0.0
2022-01-13 17:07:44.502090,83.54475,84.751,0.0
2022-01-13 17:07:45.003123,83.28607,84.08,0.0
2022-01-13 17:07:45.507733,83.69946,84.699,-0.03864
2022-01-13 17:07:46.004961,83.69946,84.3895,-0.03864
2022-01-13 17:07:46.501135,84.36905,84.803,0.0
2022-01-13 17:07:47.010193,84.42104,84.4415,0.0
2022-01-13 17:07:47.504523,84.00888,84.02925,-0.03864
2022-01-13 17:07:48.002056,83.59549,84.4935,-0.03864
2022-01-13 17:07:48.507428,83.44078,84.54425,-0.03864
2022-01-13 17:07:49.005575,83.33805,85.57675,-0.03864
2022-01-13 17:07:49.509997,82.5125,84.751,0.0
2022-01-13 17:07:50.008464,82.77118,84.751,0.0
2022-01-13 17:07:50.504455,83.85417,84.803,0.0
2022-01-13 17:07:51.003936,84.83319,84.3895,0.0
2022-01-13 17:07:51.509469,84.05963,84.54425,0.0
2022-01-13 17:07:52.007852,83.64747,83.8745,0.0
2022-01-13 17:07:52.501863,83.59549,85.16325,0.0
2022-01-13 17:07:53.010713,83.7502,85.0085,0.0
2022-01-13 17:07:53.504465,84.26632,84.85375,0.0
2022-01-13 17:07:54.002375,83.49276,84.59625,0.0
2022-01-13 17:07:54.507508,83.39003,84.23475,0.0
2022-01-13 17:07:55.004910,84.1636,85.47275,0.0
2022-01-13 17:07:55.509567,84.52377,84.184,0.0
2022-01-13 17:07:56.008017,84.26632,84.23475,0.0
2022-01-13 17:07:56.503859,83.80219,84.59625,0.0
2022-01-13 17:07:57.002021,83.85417,85.6795,0.0
2022-01-13 17:07:57.508036,83.54475,85.26725,0.0
2022-01-13 17:07:58.006173,83.49276,83.41025,0.0
2022-01-13 17:07:58.501340,84.21434,83.565,0.0
2022-01-13 17:07:59.008671,84.52377,85.26725,0.0
2022-01-13 17:07:59.502908,84.11161,86.556,0.0
2022-01-13 17:08:00.010667,83.28607,83.8225,0.0
2022-01-13 17:08:00.504895,83.7502,82.79125,0.0
2022-01-13 17:08:01.001654,83.7502,84.64825,0.0
2022-01-13 17:08:01.506218,83.7502,85.989,0.0
2022-01-13 17:08:02.004773,83.33805,86.09175,0.0
2022-01-13 17:08:02.510803,83.39003,83.71975,0.0
2022-01-13 17:08:03.008633,84.36905,83.41025,0.0
2022-01-13 17:08:03.501960,84.05963,84.54425,0.0
2022-01-13 17:08:04.001258,84.57575,85.6795,0.0
2022-01-13 17:08:04.506832,84.21434,85.1125,0.0
2022-01-13 17:08:05.004532,83.7502,82.99675,0.0
2022-01-13 17:08:05.509970,83.9569,84.4935,0.0
2022-01-13 17:08:06.008590,83.23532,85.422,0.0
2022-01-13 17:08:06.503028,83.90492,85.57675,0.0
2022-01-13 17:08:07.001179,84.42104,83.61575,0.0
2022-01-13 17:08:07.506141,84.21434,83.2555,0.0
2022-01-13 17:08:08.005589,84.00888,84.803,0.0
2022-01-13 17:08:08.503143,84.47302,84.751,0.0
2022-01-13 17:08:09.003361,84.11161,84.699,0.0
2022-01-13 17:08:09.507960,83.39003,83.35825,0.0
2022-01-13 17:08:10.005594,83.28607,85.47275,0.0
2022-01-13 17:08:10.501490,82.9259,84.85375,0.0
2022-01-13 17:08:11.009687,83.69946,84.751,0.0
2022-01-13 17:08:11.505634,84.31831,84.28675,0.0
2022-01-13 17:08:12.004736,84.31831,84.02925,0.0
2022-01-13 17:08:12.503319,84.00888,85.16325,0.0
2022-01-13 17:08:13.002113,83.85417,84.3895,0.0
2022-01-13 17:08:13.506224,83.39003,84.54425,0.0
2022-01-13 17:08:14.005117,83.49276,84.4415,0.0
2022-01-13 17:08:14.510264,83.33805,84.4935,0.0
2022-01-13 17:08:15.008548,82.61647,83.461,0.0
2022-01-13 17:08:15.503473,79.31552,78.97325,0.0
2022-01-13 17:08:16.001162,72.35346,72.371,0.0
2022-01-13 17:08:16.506736,71.06378,71.4945,0.0
2022-01-13 17:08:17.006108,70.03277,70.566,0.0
2022-01-13 17:08:17.502246,63.74155,66.5425,-0.03864
2022-01-13 17:08:18.010139,62.81327,61.02225,-0.03864
2022-01-13 17:08:18.504648,60.85275,59.52675,0.0
2022-01-13 17:08:19.002200,56.16063,57.66975,0.0
2022-01-13 17:08:19.508577,53.37581,53.90375,0.0
2022-01-13 17:08:20.006831,51.10587,50.3965,0.0
2022-01-13 17:08:20.501593,48.68245,48.5395,0.0
2022-01-13 17:08:21.009642,44.71191,45.34175,0.0
2022-01-13 17:08:21.505518,41.97783,41.369,0.0
2022-01-13 17:08:22.005281,40.07053,38.5835,0.0
2022-01-13 17:08:22.510309,37.07901,37.655,0.0
2022-01-13 17:08:23.007964,36.97628,36.8305,0.0
2022-01-13 17:08:23.502813,38.52341,36.469,0.0
2022-01-13 17:08:24.009140,39.45168,39.9255,0.0
2022-01-13 17:08:24.505037,39.24499,40.28575,0.0
2022-01-13 17:08:25.004027,38.62614,39.66675,0.0
2022-01-13 17:08:25.509422,38.52341,37.9645,0.0
2022-01-13 17:08:26.007909,37.80059,36.88125,0.0
2022-01-13 17:08:26.503487,37.54315,36.7265,0.0
2022-01-13 17:08:27.001100,34.86105,36.2115,0.0
2022-01-13 17:08:27.506209,32.38565,33.993,0.0
2022-01-13 17:08:28.006155,31.45738,31.41425,0.0
2022-01-13 17:08:28.510630,30.21968,30.07225,0.0
2022-01-13 17:08:29.009807,28.31238,29.50525,0.0
2022-01-13 17:08:29.504292,27.48684,28.52475,0.0
2022-01-13 17:08:30.001263,27.0227,27.33875,0.0
2022-01-13 17:08:30.510471,25.785,25.327,0.0
2022-01-13 17:08:31.007674,21.81446,21.9225,0.0
2022-01-13 17:08:31.502136,19.75121,20.58175,0.0
2022-01-13 17:08:32.011045,18.82294,19.085,0.0
2022-01-13 17:08:32.505053,17.22383,15.1135,0.0
2022-01-13 17:08:33.003036,11.34475,12.17325,0.0
2022-01-13 17:08:33.507369,9.43746,10.05875,0.0
2022-01-13 17:08:34.003021,7.27148,5.8285,0.0
2022-01-13 17:08:34.509267,3.09425,3.86875,0.0
2022-01-13 17:08:35.006938,0.77356,0.10275,0.0
2022-01-13 17:08:35.502752,-0.20545,-0.2575,0.0
2022-01-13 17:08:36.002280,-0.05074,0.05075,0.0
2022-01-13 17:08:36.509721,0.0,0.0,0.0
2022-01-13 17:08:37.009157,0.0,0.0,0.0
2022-01-13 17:08:37.503730,0.0,0.0,0.0
2022-01-13 17:08:38.002146,0.0,0.0,0.0
2022-01-13 17:08:38.509937,0.0,0.0,0.0
2022-01-13 17:08:39.005319,0.0,0.0,0.0
2022-01-13 17:08:39.502584,0.0,0.0,0.0
2022-01-13 17:08:40.001429,0.0,0.0,0.0
2022-01-13 17:08:40.507005,0.0,0.0,0.0
2022-01-13 17:08:41.005172,0.0,0.05075,0.0
2022-01-13 17:08:41.509739,0.0,0.0,0.0
2022-01-13 17:08:42.008954,0.0,0.0,0.0
2022-01-13 17:08:42.506092,0.0,0.0,0.0
2022-01-13 17:08:43.004039,0.0,0.0,0.0
2022-01-13 17:08:43.509224,0.0,0.0,0.0
2022-01-13 17:08:44.006238,0.0,0.0,0.0
2022-01-13 17:08:44.510787,0.0,0.0,0.0
2022-01-13 17:08:45.009365,0.0,0.0,0.0
2022-01-13 17:08:45.504535,0.0,0.0,0.0
2022-01-13 17:08:46.007948,0.0,0.0,0.0
2022-01-13 17:08:46.503752,0.0,0.0,0.0
2022-01-13 17:08:47.001279,0.0,0.0,0.0
2022-01-13 17:08:47.509053,0.05074,0.0,0.0
2022-01-13 17:08:48.007909,0.0,0.0,0.0
2022-01-13 17:08:48.501954,0.0,0.0,0.0
2022-01-13 17:08:49.001200,0.05074,0.0,0.0
2022-01-13 17:08:49.507980,0.0,0.0,0.0
2022-01-13 17:08:50.006213,0.0,0.0,0.0
2022-01-13 17:08:50.501100,0.0,0.0,0.0
2022-01-13 17:08:51.009519,0.0,0.0,0.0
2022-01-13 17:08:51.502935,0.0,0.0,0.0
2022-01-13 17:08:52.002345,0.0,0.0,0.0
2022-01-13 17:08:52.507554,0.0,0.0,0.0
2022-01-13 17:08:53.005518,0.0,0.0,0.0
2022-01-13 17:08:53.503399,0.0,0.0,0.0
2022-01-13 17:08:54.010864,0.0,0.0,0.0
2022-01-13 17:08:54.506650,0.0,0.0,0.0
2022-01-13 17:08:55.003405,0.0,0.0,0.0
2022-01-13 17:08:55.507959,0.0,0.0,0.0
2022-01-13 17:08:56.005694,0.0,0.0,0.0
2022-01-13 17:08:56.510461,0.0,0.0,0.0
2022-01-13 17:08:57.009840,0.0,0.0,0.0
2022-01-13 17:08:57.505447,0.0,0.0,0.0
2022-01-13 17:08:58.004878,0.0,0.0,0.0
2022-01-13 17:08:58.501160,0.0,0.0,0.0
2022-01-13 17:08:59.008876,0.0,0.0,0.0
2022-01-13 17:08:59.505412,0.0,0.0,0.0
2022-01-13 17:09:00.002455,0.0,0.0,0.0
2022-01-13 17:09:00.507216,0.0,0.0,0.0
2022-01-13 17:09:01.005731,0.0,0.0,0.0
2022-01-13 17:09:01.510683,0.0,0.0,0.0
2022-01-13 17:09:02.009530,0.0,0.0,0.0
2022-01-13 17:09:02.503905,0.0,0.0,0.0
2022-01-13 17:09:03.001697,0.0,0.0,0.0
2022-01-13 17:09:03.506552,0.0,0.0,0.0
2022-01-13 17:09:04.003946,0.0,0.0,0.0
2022-01-13 17:09:04.507917,0.0,0.0,0.0
2022-01-13 17:09:05.005047,0.0,0.0,0.0
2022-01-13 17:09:05.509421,0.0,0.0,0.0
2022-01-13 17:09:06.006340,0.0,0.0,0.0
2022-01-13 17:09:06.504708,0.0,0.0,0.0
2022-01-13 17:09:07.002712,0.0,0.0,0.0
2022-01-13 17:09:07.506674,0.0,0.0,0.0
2022-01-13 17:09:08.005059,0.0,0.0,0.0
2022-01-13 17:09:08.509216,0.0,0.0,0.0
2022-01-13 17:09:09.007564,0.0,0.0,0.0
2022-01-13 17:09:09.510992,0.0,0.0,0.0
2022-01-13 17:09:10.009659,0.0,0.0,0.0
2022-01-13 17:09:10.505183,0.0,0.0,0.0
2022-01-13 17:09:11.003176,0.0,0.0,0.0
2022-01-13 17:09:11.509483,0.0,0.0,0.0
2022-01-13 17:09:12.006240,0.0,0.0,0.0
2022-01-13 17:09:12.500807,0.0,0.0,0.0
2022-01-13 17:09:13.008157,0.0,0.0,0.0
2022-01-13 17:09:13.501955,0.0,0.0,0.0
2022-01-13 17:09:14.009121,0.0,0.0,0.0
2022-01-13 17:09:14.504269,0.0,0.0,0.0
2022-01-13 17:09:15.001346,0.0,0.0,0.0
2022-01-13 17:09:15.507950,0.0,0.0,0.0
2022-01-13 17:09:16.006997,0.0,0.0,0.0
2022-01-13 17:09:16.502631,0.0,0.0,0.0
2022-01-13 17:09:17.001283,0.0,0.0,0.0
2022-01-13 17:09:17.506174,0.0,0.0,0.0
2022-01-13 17:09:18.004929,0.0,0.0,0.0
2022-01-13 17:09:18.501523,0.0,0.0,0.0
2022-01-13 17:09:19.009758,0.0,0.0,0.0
2022-01-13 17:09:19.503784,0.0,0.0,0.0
2022-01-13 17:09:20.003926,0.0,0.0,0.0
2022-01-13 17:09:20.508956,0.0,0.0,0.0
2022-01-13 17:09:21.006128,0.0,0.0,0.0
2022-01-13 17:09:21.501862,0.0,0.0,0.0
2022-01-13 17:09:22.010411,0.0,0.0,0.0
2022-01-13 17:09:22.504087,0.0,0.0,0.0
2022-01-13 17:09:23.002069,0.0,0.0,0.0
2022-01-13 17:09:23.506600,0.0,0.0,0.0
2022-01-13 17:09:24.004841,0.0,0.0,0.0
2022-01-13 17:09:24.509344,0.0,0.0,0.0
2022-01-13 17:09:25.007287,0.0,0.0,0.0
2022-01-13 17:09:25.501381,0.0,0.0,0.0
2022-01-13 17:09:26.010117,0.0,0.0,0.0
2022-01-13 17:09:26.505525,0.0,0.0,0.0
2022-01-13 17:09:27.003263,0.0,0.0,0.0
2022-01-13 17:09:27.508739,0.0,0.0,0.0
2022-01-13 17:09:28.006484,0.0,0.0,0.0
2022-01-13 17:09:28.502097,0.0,0.0,0.0
2022-01-13 17:09:29.011231,0.0,0.0,0.0
2022-01-13 17:09:29.505684,0.0,0.0,0.0
2022-01-13 17:09:30.003911,0.0,0.0,0.0
2022-01-13 17:09:30.509554,0.0,0.0,0.0
2022-01-13 17:09:31.009273,0.0,0.0,0.0
2022-01-13 17:09:31.502709,0.0,0.0,0.0
2022-01-13 17:09:32.011107,0.0,0.0,0.0
2022-01-13 17:09:32.505042,0.0,0.0,0.0
2022-01-13 17:09:33.004605,0.0,0.0,0.0
2022-01-13 17:09:33.509578,0.0,0.0,0.0
2022-01-13 17:09:34.007013,0.0,0.0,0.0
2022-01-13 17:09:34.501285,0.0,0.0,0.0
2022-01-13 17:09:35.001510,0.0,0.0,0.0
2022-01-13 17:09:35.507507,0.0,0.0,0.0
2022-01-13 17:09:36.006721,0.0,0.0,0.0
2022-01-13 17:09:36.501568,0.0,0.0,0.0
2022-01-13 17:09:37.010811,0.0,0.0,0.0
2022-01-13 17:09:37.507686,0.0,0.0,0.0
2022-01-13 17:09:38.006762,0.0,0.0,0.0
2022-01-13 17:09:38.501619,0.0,0.0,0.0
2022-01-13 17:09:39.010346,0.0,0.0,0.0
2022-01-13 17:09:39.505727,0.0,0.0,0.0
2022-01-13 17:09:40.004771,0.0,0.0,0.0
2022-01-13 17:09:40.509770,0.0,0.0,0.0
2022-01-13 17:09:41.007190,0.0,0.0,0.0
2022-01-13 17:09:41.501274,0.0,0.0,0.0
2022-01-13 17:09:42.010746,0.0,0.0,0.0
2022-01-13 17:09:42.506036,0.0,0.0,0.0
2022-01-13 17:09:43.005268,0.0,0.0,0.0
2022-01-13 17:09:43.501129,0.0,0.0,0.0
2022-01-13 17:09:44.009236,0.0,0.0,0.0
2022-01-13 17:09:44.505117,0.0,0.0,0.0
2022-01-13 17:09:45.001650,0.0,0.0,0.0
2022-01-13 17:09:45.507750,0.0,0.0,0.0
2022-01-13 17:09:46.005667,0.0,0.0,0.0
2022-01-13 17:09:46.501601,0.0,0.0,0.0
2022-01-13 17:09:47.010342,0.0,0.0,0.0
2022-01-13 17:09:47.505769,0.0,0.0,0.0
2022-01-13 17:09:48.003919,0.0,0.0,0.0
2022-01-13 17:09:48.508773,0.0,0.0,0.0
2022-01-13 17:09:49.006228,0.0,0.0,0.0
2022-01-13 17:09:49.501139,0.0,0.0,0.0
2022-01-13 17:09:50.008502,0.0,0.0,0.0
2022-01-13 17:09:50.505594,0.0,0.0,0.0
2022-01-13 17:09:51.002774,0.0,0.0,0.0
2022-01-13 17:09:51.507720,0.0,0.0,0.0
2022-01-13 17:09:52.006966,0.0,0.0,0.0
2022-01-13 17:09:52.503504,0.0,0.0,0.0
2022-01-13 17:09:53.003465,0.0,0.0,0.0
2022-01-13 17:09:53.508705,0.0,0.0,0.0
2022-01-13 17:09:54.006156,0.0,0.0,0.0
2022-01-13 17:09:54.511028,0.0,0.0,0.0
2022-01-13 17:09:55.010645,0.0,0.0,0.0
2022-01-13 17:09:55.505111,0.0,0.0,0.0
2022-01-13 17:09:56.002425,0.0,0.0,0.0
2022-01-13 17:09:56.508630,0.0,0.0,0.0
2022-01-13 17:09:57.005637,0.0,0.0,0.0
2022-01-13 17:09:57.511043,0.0,0.0,0.0
2022-01-13 17:09:58.010194,0.0,0.0,0.0
2022-01-13 17:09:58.503859,0.0,0.0,0.0
2022-01-13 17:09:59.001107,0.0,0.0,0.0
2022-01-13 17:09:59.508356,0.0,0.0,0.0
2022-01-13 17:10:00.006544,0.0,0.0,0.0
2022-01-13 17:10:01.005622,0.0,0.0,0.0
2022-01-13 17:10:01.510061,0.0,0.0,0.0
2022-01-13 17:10:02.007742,0.0,0.0,0.0
2022-01-13 17:10:02.503320,0.0,0.0,0.0
2022-01-13 17:10:03.003314,0.0,0.0,0.0
2022-01-13 17:10:03.509039,0.0,0.0,0.0
2022-01-13 17:10:04.006538,0.0,0.0,0.0
2022-01-13 17:10:04.509984,0.0,0.0,0.0
2022-01-13 17:10:05.008670,0.0,0.0,0.0
2022-01-13 17:10:05.502434,0.0,0.0,0.0
2022-01-13 17:10:06.002218,0.0,0.0,0.0
2022-01-13 17:10:06.507109,0.0,0.0,0.0
2022-01-13 17:10:07.006114,0.0,0.0,0.0
2022-01-13 17:10:07.503332,0.0,0.0,0.0
2022-01-13 17:10:08.002050,0.0,0.0,0.0
2022-01-13 17:10:08.507224,0.0,0.0,0.0
2022-01-13 17:10:09.006180,0.0,0.0,0.0
2022-01-13 17:10:09.510738,0.0,0.0,0.0
2022-01-13 17:10:10.009216,0.0,0.0,0.0
2022-01-13 17:10:10.502745,0.0,0.0,0.0
2022-01-13 17:10:11.001189,0.0,0.0,0.0
2022-01-13 17:10:11.506690,0.0,0.0,0.0
2022-01-13 17:10:12.005690,0.0,0.0,0.0
2022-01-13 17:10:12.501156,0.0,0.0,0.0
2022-01-13 17:10:13.009635,0.0,0.0,0.0
2022-01-13 17:10:13.504886,0.0,0.0,0.0
2022-01-13 17:10:14.002007,0.0,0.0,0.0
2022-01-13 17:10:14.506802,0.0,0.0,0.0
2022-01-13 17:10:15.004639,0.0,0.0,0.0
2022-01-13 17:10:15.508955,0.0,0.0,0.0
2022-01-13 17:10:16.008076,0.0,0.0,0.0
2022-01-13 17:10:16.505083,0.0,0.0,0.0
2022-01-13 17:10:17.002669,0.0,0.0,0.0
2022-01-13 17:10:17.509093,0.0,0.0,0.0
2022-01-13 17:10:18.007188,0.0,0.0,0.0
2022-01-13 17:10:18.501335,0.0,0.0,0.0
2022-01-13 17:10:19.010064,0.0,0.0,0.0
2022-01-13 17:10:19.505791,0.0,0.0,0.0
2022-01-13 17:10:20.005781,0.0,0.0,0.0
2022-01-13 17:10:20.509127,0.0,0.0,0.0
2022-01-13 17:10:21.007510,0.0,0.0,0.0
2022-01-13 17:10:21.501148,0.0,0.0,0.0
2022-01-13 17:10:22.007438,0.0,0.0,0.0
2022-01-13 17:10:22.502341,0.0,0.0,0.0
2022-01-13 17:10:23.009364,0.0,0.0,0.0
2022-01-13 17:10:23.503754,0.0,0.0,0.0
2022-01-13 17:10:24.002155,0.0,0.0,0.0
2022-01-13 17:10:24.506003,0.0,0.0,0.0
2022-01-13 17:10:25.003871,0.0,0.0,0.0
2022-01-13 17:10:25.509157,0.0,0.0,0.0
2022-01-13 17:10:26.004633,0.0,0.0,0.0
2022-01-13 17:10:26.509876,0.0,0.0,0.0
2022-01-13 17:10:27.006510,0.0,0.0,0.0
2022-01-13 17:10:27.510463,0.0,0.0,0.0
2022-01-13 17:10:28.009489,0.0,0.0,0.0
2022-01-13 17:10:28.504101,0.0,0.0,0.0
2022-01-13 17:10:29.002598,0.0,0.0,0.0
2022-01-13 17:10:29.508574,0.0,0.0,0.0
2022-01-13 17:10:30.006922,0.0,0.0,0.0
2022-01-13 17:10:30.502053,0.0,0.0,0.0
2022-01-13 17:10:31.008540,0.0,0.0,0.0
2022-01-13 17:10:31.503669,0.0,0.0,0.0
2022-01-13 17:10:32.001442,0.0,0.0,0.0
2022-01-13 17:10:32.506815,0.0,0.0,0.0
2022-01-13 17:10:33.005713,0.0,0.0,0.0
2022-01-13 17:10:33.508182,0.0,0.0,0.0
2022-01-13 17:10:34.005337,0.0,0.0,0.0
2022-01-13 17:10:34.503253,0.0,0.0,0.0
2022-01-13 17:10:35.010857,0.0,0.0,0.0
2022-01-13 17:10:35.504713,0.0,0.0,0.0
2022-01-13 17:10:36.001586,0.0,0.0,0.0
2022-01-13 17:10:36.507855,0.0,0.0,0.0
2022-01-13 17:10:37.006218,0.0,0.0,0.0
2022-01-13 17:10:37.501742,0.0,0.0,0.0
2022-01-13 17:10:38.008816,0.0,0.0,0.0
2022-01-13 17:10:38.505211,0.0,0.0,0.0
2022-01-13 17:10:39.003082,0.0,0.0,0.0
2022-01-13 17:10:39.507799,0.0,0.0,0.0
2022-01-13 17:10:40.006177,0.0,0.0,0.0
2022-01-13 17:10:40.501225,0.0,0.0,0.0
2022-01-13 17:10:41.009239,0.0,0.0,0.0
2022-01-13 17:10:41.503967,0.0,0.0,0.0
2022-01-13 17:10:42.002212,0.0,0.0,0.0
2022-01-13 17:10:42.507017,0.0,0.0,0.0
2022-01-13 17:10:43.008560,0.0,0.0,0.0
2022-01-13 17:10:43.504355,0.0,0.0,0.0
2022-01-13 17:10:44.002565,0.0,0.0,0.0
2022-01-13 17:10:44.507146,0.0,0.0,0.0
2022-01-13 17:10:45.004590,0.0,0.0,0.0
2022-01-13 17:10:45.511010,0.0,0.0,0.0
2022-01-13 17:10:46.009162,0.0,0.0,0.0
2022-01-13 17:10:46.502636,0.0,0.0,0.0
2022-01-13 17:10:47.009109,0.0,0.0,0.0
2022-01-13 17:10:47.505344,0.0,0.0,0.0
2022-01-13 17:10:48.003102,0.0,0.0,0.0
2022-01-13 17:10:48.507376,0.0,0.0,0.0
2022-01-13 17:10:49.005775,0.0,0.0,0.0
2022-01-13 17:10:49.510487,0.0,0.0,0.0
2022-01-13 17:10:50.007360,0.0,0.0,0.0
2022-01-13 17:10:50.501962,0.0,0.0,0.0
2022-01-13 17:10:51.010388,0.0,0.0,0.0
2022-01-13 17:10:51.504937,0.0,0.0,0.0
2022-01-13 17:10:52.004921,0.0,0.0,0.0
2022-01-13 17:10:52.509189,0.0,0.0,0.0
2022-01-13 17:10:53.006337,0.0,0.0,0.0
2022-01-13 17:10:53.501941,0.0,0.0,0.0
2022-01-13 17:10:54.010314,0.0,0.0,0.0
2022-01-13 17:10:54.505215,0.0,0.0,0.0
2022-01-13 17:10:55.002235,0.0,0.0,0.0
2022-01-13 17:10:55.507766,0.0,0.0,0.0
2022-01-13 17:10:56.005155,0.0,0.0,0.0
2022-01-13 17:10:56.501089,0.0,0.0,0.0
2022-01-13 17:10:57.009143,0.0,0.0,0.0
2022-01-13 17:10:57.503768,0.0,0.0,0.0
2022-01-13 17:10:58.002033,0.0,0.0,0.0
2022-01-13 17:10:58.507025,0.0,0.0,0.0
2022-01-13 17:10:59.003354,0.0,0.0,0.0
2022-01-13 17:10:59.507766,0.0,0.0,0.0
2022-01-13 17:11:00.005786,0.0,0.0,0.0
2022-01-13 17:11:00.510480,0.0,0.0,0.0
2022-01-13 17:11:01.008030,0.0,0.0,0.0
2022-01-13 17:11:01.501798,0.0,0.0,0.0
2022-01-13 17:11:02.010995,0.0,0.0,0.0
2022-01-13 17:11:02.504956,0.0,0.0,0.0
2022-01-13 17:11:03.002479,0.0,0.0,0.0
2022-01-13 17:11:03.506992,0.0,0.0,0.0
2022-01-13 17:11:04.005304,0.0,0.0,0.0
2022-01-13 17:11:04.501753,0.0,0.0,0.0
2022-01-13 17:11:05.001546,0.0,0.0,0.0
2022-01-13 17:11:05.505480,0.0,0.0,0.0
2022-01-13 17:11:06.002042,0.0,0.0,0.0
2022-01-13 17:11:06.508085,0.0,0.0,0.0
2022-01-13 17:11:07.006010,0.0,0.0,0.0
2022-01-13 17:11:07.502680,0.0,0.0,0.0
2022-01-13 17:11:08.001635,0.0,0.0,0.0
2022-01-13 17:11:08.507388,0.0,0.0,0.0
2022-01-13 17:11:09.006166,0.0,0.0,0.0
2022-01-13 17:11:09.501490,0.0,0.0,0.0
2022-01-13 17:11:10.010435,0.0,0.0,0.0
2022-01-13 17:11:10.506284,0.0,0.0,0.0
2022-01-13 17:11:11.004115,0.0,0.0,0.0
2022-01-13 17:11:11.509296,0.0,0.0,0.0
2022-01-13 17:11:12.009120,0.0,0.0,0.0
2022-01-13 17:11:12.502833,0.0,0.0,0.0
2022-01-13 17:11:13.011179,0.0,0.0,0.0
2022-01-13 17:11:13.508973,0.0,0.0,0.0
2022-01-13 17:11:14.006283,0.0,0.0,0.0
2022-01-13 17:11:14.502744,0.0,0.0,0.0
2022-01-13 17:11:15.002321,0.0,0.0,0.0
2022-01-13 17:11:15.507754,0.0,0.0,0.0
2022-01-13 17:11:16.005580,0.0,0.0,0.0
2022-01-13 17:11:16.510664,0.0,0.0,0.0
2022-01-13 17:11:17.009132,0.0,0.0,0.0
2022-01-13 17:11:17.503959,0.0,0.0,0.0
2022-01-13 17:11:18.002103,0.0,0.0,0.0
2022-01-13 17:11:18.506704,0.0,0.0,0.0
2022-01-13 17:11:19.004020,0.0,0.0,0.0
2022-01-13 17:11:20.004824,0.0,0.0,0.0
2022-01-13 17:11:20.510341,0.0,0.0,0.0
2022-01-13 17:11:21.007908,0.0,0.0,0.0
2022-01-13 17:11:21.500981,0.0,0.0,0.0
2022-01-13 17:11:22.006523,0.0,0.0,0.0
2022-01-13 17:11:22.501713,0.0,0.0,0.0
2022-01-13 17:11:23.504537,0.0,0.0,0.0
2022-01-13 17:11:24.001701,0.0,0.0,0.0
2022-01-13 17:11:24.506777,0.0,0.0,0.0
2022-01-13 17:11:25.006397,0.0,0.0,0.0
2022-01-13 17:11:25.502724,0.0,0.0,0.0
2022-01-13 17:11:26.010300,0.0,0.0,0.0
2022-01-13 17:11:26.506222,0.0,0.0,0.0
2022-01-13 17:11:27.004591,0.0,0.0,0.0
2022-01-13 17:11:27.509561,0.0,0.0,0.0
2022-01-13 17:11:28.008454,0.0,0.0,0.0
2022-01-13 17:11:28.504340,0.0,0.0,0.0
2022-01-13 17:11:29.002165,0.0,0.0,0.0
2022-01-13 17:11:29.506325,0.0,0.0,0.0
2022-01-13 17:11:30.002477,0.0,0.0,0.0
2022-01-13 17:11:30.506856,0.0,0.0,0.0
2022-01-13 17:11:31.004991,0.0,0.0,0.0
2022-01-13 17:11:31.509516,0.0,0.0,0.0
2022-01-13 17:11:32.006921,0.0,0.0,0.0
2022-01-13 17:11:32.502777,0.0,0.0,0.0
2022-01-13 17:11:33.009593,0.0,0.0,0.0
2022-01-13 17:11:33.504091,0.0,0.0,0.0
2022-01-13 17:11:34.002745,0.0,0.0,0.0
2022-01-13 17:11:34.507961,0.0,0.0,0.0
2022-01-13 17:11:35.006086,0.0,0.0,0.0
2022-01-13 17:11:35.510249,0.0,0.0,0.0
2022-01-13 17:11:36.007613,0.0,0.0,0.0
2022-01-13 17:11:36.504437,0.0,0.0,0.0
2022-01-13 17:11:37.002920,0.0,0.0,0.0
2022-01-13 17:11:37.507554,0.0,0.0,0.0
2022-01-13 17:11:38.005307,0.0,0.0,0.0
2022-01-13 17:11:38.510144,0.0,0.0,0.0
2022-01-13 17:11:39.008652,0.0,0.0,0.0
2022-01-13 17:11:39.502983,0.0,0.0,0.0
2022-01-13 17:11:40.001979,0.0,0.0,0.0
2022-01-13 17:11:40.507474,0.0,0.0,0.0
2022-01-13 17:11:41.004877,0.0,0.0,0.0
2022-01-13 17:11:41.501147,0.0,0.0,0.0
2022-01-13 17:11:42.008269,0.0,0.0,0.0
2022-01-13 17:11:42.503840,0.0,0.0,0.0
2022-01-13 17:11:43.002429,0.0,0.0,0.0
2022-01-13 17:11:43.507355,0.0,0.0,0.0
2022-01-13 17:11:44.005882,0.0,0.0,0.0
2022-01-13 17:11:44.510745,0.0,0.0,0.0
2022-01-13 17:11:45.009311,0.0,0.0,0.0
2022-01-13 17:11:45.505442,0.0,0.0,0.0
2022-01-13 17:11:46.004904,0.0,0.0,0.0
2022-01-13 17:11:46.509554,0.0,0.0,0.0
2022-01-13 17:11:47.006584,0.0,0.0,0.0
2022-01-13 17:11:47.501605,0.0,0.0,0.0
2022-01-13 17:11:48.010602,0.0,0.0,0.0
2022-01-13 17:11:48.505453,0.0,0.0,0.0
2022-01-13 17:11:49.003408,0.0,0.0,0.0
2022-01-13 17:11:49.509236,0.0,0.0,0.0
2022-01-13 17:11:50.006423,0.0,0.0,0.0
2022-01-13 17:11:50.501235,0.0,0.0,0.0
2022-01-13 17:11:51.009272,0.0,0.0,0.0
2022-01-13 17:11:51.503825,0.0,0.0,0.0
2022-01-13 17:11:52.002430,0.0,0.0,0.0
2022-01-13 17:11:52.507574,0.0,0.0,0.0
2022-01-13 17:11:53.004888,0.0,0.0,0.0
2022-01-13 17:11:53.510087,0.0,0.0,0.0
2022-01-13 17:11:54.009135,0.0,0.0,0.0
2022-01-13 17:11:54.506302,0.0,0.0,0.0
2022-01-13 17:11:55.004652,0.0,0.0,0.0
2022-01-13 17:11:55.501440,0.0,0.0,0.0
2022-01-13 17:11:56.008684,0.0,0.0,0.0
2022-01-13 17:11:56.503463,0.0,0.0,0.0
2022-01-13 17:11:57.001162,0.0,0.0,0.0
2022-01-13 17:11:57.506718,0.0,0.0,0.0
2022-01-13 17:11:58.003860,0.0,0.0,0.0
2022-01-13 17:11:58.508351,0.0,0.0,0.0
2022-01-13 17:11:59.006881,0.0,0.0,0.0
2022-01-13 17:11:59.501453,0.0,0.0,0.0
2022-01-13 17:12:00.001805,0.0,0.0,0.0
2022-01-13 17:12:00.505378,0.0,0.0,0.0
2022-01-13 17:12:01.002752,0.0,0.0,0.0
2022-01-13 17:12:01.507232,0.0,0.0,0.0
2022-01-13 17:12:02.004106,0.0,0.0,0.0
2022-01-13 17:12:02.510824,0.0,0.0,0.0
2022-01-13 17:12:03.009104,0.0,0.0,0.0
2022-01-13 17:12:03.502300,0.0,0.0,0.0
2022-01-13 17:12:04.010610,0.0,0.0,0.0
2022-01-13 17:12:04.506981,0.0,0.0,0.0
2022-01-13 17:12:05.006171,0.0,0.0,0.0
2022-01-13 17:12:05.510988,0.0,0.0,0.0
2022-01-13 17:12:06.009692,0.0,0.0,0.0
2022-01-13 17:12:06.504951,0.0,0.0,0.0
2022-01-13 17:12:07.004615,0.0,0.0,0.0
2022-01-13 17:12:07.510858,0.0,0.0,0.0
2022-01-13 17:12:08.008617,0.0,0.0,0.0
2022-01-13 17:12:08.503788,0.0,0.0,0.0
2022-01-13 17:12:09.505763,0.0,0.0,0.0
2022-01-13 17:12:10.002170,0.0,0.0,0.0
2022-01-13 17:12:10.507481,0.0,0.0,0.0
2022-01-13 17:12:11.005707,0.0,0.0,0.0
2022-01-13 17:12:11.501208,0.0,0.0,0.0
2022-01-13 17:12:12.010143,0.0,0.0,0.0
2022-01-13 17:12:12.505020,0.0,0.0,0.0
2022-01-13 17:12:13.003969,0.0,0.0,0.0
2022-01-13 17:12:13.509322,0.0,0.0,0.0
2022-01-13 17:12:14.007380,0.0,0.0,0.0
2022-01-13 17:12:14.510681,0.0,0.0,0.0
2022-01-13 17:12:15.009584,0.0,0.0,0.0
2022-01-13 17:12:15.505219,0.0,0.0,0.0
2022-01-13 17:12:16.002847,0.0,0.0,0.0
2022-01-13 17:12:16.509067,0.0,0.0,0.0
2022-01-13 17:12:17.006779,0.0,0.0,0.0
2022-01-13 17:12:17.511089,0.0,0.0,0.0
2022-01-13 17:12:18.009195,0.0,0.0,0.0
2022-01-13 17:12:18.504173,0.0,0.0,0.0
2022-01-13 17:12:19.001118,0.0,0.0,0.0
2022-01-13 17:12:19.505571,0.0,0.0,0.0
2022-01-13 17:12:20.002252,0.0,0.0,0.0
2022-01-13 17:12:20.507405,0.0,0.0,0.0
2022-01-13 17:12:21.006157,0.0,0.0,0.0
2022-01-13 17:12:21.509961,0.0,0.0,0.0
2022-01-13 17:12:22.007144,0.0,0.0,0.0
2022-01-13 17:12:22.503419,0.0,0.0,0.0
2022-01-13 17:12:23.007612,0.0,0.0,0.0
2022-01-13 17:12:23.503874,0.0,0.0,0.0
2022-01-13 17:12:24.001613,0.0,0.0,0.0
2022-01-13 17:12:24.505659,0.0,0.0,0.0
2022-01-13 17:12:25.004474,0.0,0.0,0.0
2022-01-13 17:12:25.502210,0.0,0.0,0.0
2022-01-13 17:12:26.009418,0.0,0.0,0.0
2022-01-13 17:12:26.503819,0.0,0.0,0.0
2022-01-13 17:12:27.002260,0.0,0.0,0.0
2022-01-13 17:12:27.507746,0.0,0.0,0.0
2022-01-13 17:12:28.005569,0.0,0.0,0.0
2022-01-13 17:12:28.510696,0.0,0.0,0.0
2022-01-13 17:12:29.009106,0.0,0.0,0.0
2022-01-13 17:12:29.505315,0.0,0.0,0.0
2022-01-13 17:12:30.002704,0.0,0.0,0.0
2022-01-13 17:12:30.507581,0.0,0.0,0.0
2022-01-13 17:12:31.006470,0.0,0.0,0.0
2022-01-13 17:12:31.501544,0.0,0.0,0.0
2022-01-13 17:12:32.009171,0.0,0.0,0.0
2022-01-13 17:12:32.504169,0.0,0.0,0.0
2022-01-13 17:12:33.002013,0.0,0.0,0.0
2022-01-13 17:12:33.505601,0.0,0.0,0.0
2022-01-13 17:12:34.006283,0.0,0.0,0.0
2022-01-13 17:12:34.510979,0.0,0.0,0.0
2022-01-13 17:12:35.009562,0.0,0.0,0.0
2022-01-13 17:12:35.503042,0.0,0.0,0.0
2022-01-13 17:12:36.001280,0.0,0.0,0.0
2022-01-13 17:12:36.506606,0.0,0.0,0.0
2022-01-13 17:12:37.004581,0.0,0.0,0.0
2022-01-13 17:12:37.510321,0.0,0.0,0.0
2022-01-13 17:12:38.007344,0.0,0.0,0.0
2022-01-13 17:12:38.504708,0.0,0.0,0.0
2022-01-13 17:12:39.002845,0.0,0.0,0.0
2022-01-13 17:12:39.509265,0.0,0.0,0.0
2022-01-13 17:12:40.008911,0.0,0.0,0.0
2022-01-13 17:12:40.504503,0.0,0.0,0.0
2022-01-13 17:12:41.001246,0.0,0.0,0.0
2022-01-13 17:12:41.506705,0.0,0.0,0.0
2022-01-13 17:12:42.004544,0.0,0.0,0.0
2022-01-13 17:12:42.509550,0.0,0.0,0.0
2022-01-13 17:12:43.009255,0.0,0.0,0.0
2022-01-13 17:12:43.504256,0.0,0.0,0.0
2022-01-13 17:12:44.003358,0.0,0.0,0.0
2022-01-13 17:12:44.509073,0.0,0.0,0.0
2022-01-13 17:12:45.006151,0.0,0.0,0.0
2022-01-13 17:12:45.510553,0.0,0.0,0.0
2022-01-13 17:12:46.008527,0.0,0.0,0.0
2022-01-13 17:12:46.502444,0.0,0.0,0.0
2022-01-13 17:12:47.001129,0.0,0.0,0.0
2022-01-13 17:12:47.508925,0.0,0.0,0.0
2022-01-13 17:12:48.006796,0.0,0.0,0.0
2022-01-13 17:12:48.510828,0.0,0.0,0.0
2022-01-13 17:12:49.008497,0.0,0.0,0.0
2022-01-13 17:12:49.502525,0.0,0.0,0.0
2022-01-13 17:12:50.009977,0.0,0.0,0.0
2022-01-13 17:12:50.507004,0.0,0.0,0.0
2022-01-13 17:12:51.006121,0.0,0.0,0.0
2022-01-13 17:12:51.505930,0.0,0.0,0.0
2022-01-13 17:12:52.003613,0.0,0.0,0.0
2022-01-13 17:12:52.508609,0.0,0.0,0.0
2022-01-13 17:12:53.005632,0.0,0.0,0.0
2022-01-13 17:12:53.511030,0.0,0.0,0.0
2022-01-13 17:12:54.009966,0.0,0.0,0.0
2022-01-13 17:12:54.504078,0.0,0.0,0.0
2022-01-13 17:12:55.001223,0.0,0.0,0.0
2022-01-13 17:12:55.506552,0.0,0.0,0.0
2022-01-13 17:12:56.004573,0.0,0.0,0.0
2022-01-13 17:12:56.509721,0.0,0.0,0.0
2022-01-13 17:12:57.008448,0.0,0.0,0.0
2022-01-13 17:12:57.502913,0.0,0.0,0.0
2022-01-13 17:12:58.002496,0.0,0.0,0.0
2022-01-13 17:12:58.509084,0.0,0.0,0.0
2022-01-13 17:12:59.006799,0.0,0.0,0.0
2022-01-13 17:12:59.502522,0.0,0.0,0.0
2022-01-13 17:13:00.009613,0.0,0.0,0.0
2022-01-13 17:13:00.506100,0.0,0.0,0.0
2022-01-13 17:13:01.006335,0.0,0.0,0.0
2022-01-13 17:13:01.502101,0.0,0.0,0.0
2022-01-13 17:13:02.001261,0.0,0.0,0.0
2022-01-13 17:13:02.506069,0.0,0.0,0.0
2022-01-13 17:13:03.004560,0.0,0.0,0.0
2022-01-13 17:13:03.510162,0.0,0.0,0.0
2022-01-13 17:13:04.007956,0.0,0.0,0.0
2022-01-13 17:13:04.501647,0.0,0.0,0.0
2022-01-13 17:13:05.010190,0.0,0.0,0.0
2022-01-13 17:13:05.509020,0.0,0.0,0.0
2022-01-13 17:13:06.007374,0.0,0.0,0.0
2022-01-13 17:13:06.502021,0.0,0.0,0.0
2022-01-13 17:13:07.001239,0.0,0.0,0.0
2022-01-13 17:13:07.506134,0.0,0.0,0.0
2022-01-13 17:13:08.004244,0.0,0.0,0.0
2022-01-13 17:13:08.507277,0.0,0.0,0.0
2022-01-13 17:13:09.005023,0.0,0.0,0.0
2022-01-13 17:13:09.510463,0.0,0.0,0.0
2022-01-13 17:13:10.009094,0.0,0.0,0.0
2022-01-13 17:13:10.502724,0.0,0.0,0.0
2022-01-13 17:13:11.011216,0.0,0.0,0.0
2022-01-13 17:13:11.504919,0.0,0.0,0.0
2022-01-13 17:13:12.002248,0.0,0.0,0.0
2022-01-13 17:13:12.508394,0.0,0.0,0.0
2022-01-13 17:13:13.005822,0.0,0.0,0.0
2022-01-13 17:13:13.501959,0.0,0.0,0.0
2022-01-13 17:13:14.010252,0.0,0.0,0.0
2022-01-13 17:13:14.506776,0.0,0.0,0.0
2022-01-13 17:13:15.004476,0.0,0.0,0.0
2022-01-13 17:13:15.511032,0.0,0.0,0.0
2022-01-13 17:13:16.010115,0.0,0.0,0.0
2022-01-13 17:13:16.505694,0.0,0.0,0.0
2022-01-13 17:13:17.003685,0.0,0.0,0.0
2022-01-13 17:13:17.509083,0.0,0.0,0.0
2022-01-13 17:13:18.006168,0.0,0.0,0.0
2022-01-13 17:13:18.503849,0.0,0.0,0.0
2022-01-13 17:13:19.001431,0.0,0.0,0.0
2022-01-13 17:13:19.506822,0.0,0.0,0.0
2022-01-13 17:13:20.004642,0.0,0.0,0.0
2022-01-13 17:13:20.509192,0.0,0.0,0.0
2022-01-13 17:13:21.006726,0.0,0.0,0.0
2022-01-13 17:13:21.511015,0.0,0.0,0.0
2022-01-13 17:13:22.010453,0.0,0.0,0.0
2022-01-13 17:13:22.505501,0.0,0.0,0.0
2022-01-13 17:13:23.003749,0.0,0.0,0.0
2022-01-13 17:13:23.508620,0.0,0.0,0.0
2022-01-13 17:13:24.006929,0.0,0.0,0.0
2022-01-13 17:13:24.501996,0.0,0.0,0.0
2022-01-13 17:13:25.010351,0.0,0.0,0.0
2022-01-13 17:13:25.504412,0.0,0.0,0.0
2022-01-13 17:13:26.001675,0.0,0.0,0.0
2022-01-13 17:13:26.508703,0.0,0.0,0.0
2022-01-13 17:13:27.006094,0.0,0.0,0.0
2022-01-13 17:13:27.501310,0.0,0.0,0.0
2022-01-13 17:13:28.009143,0.0,0.0,0.0
2022-01-13 17:13:28.506746,0.0,0.0,0.0
2022-01-13 17:13:29.003906,0.0,0.0,0.0
2022-01-13 17:13:29.509145,0.0,0.0,0.0
2022-01-13 17:13:30.007621,0.0,0.0,0.0
2022-01-13 17:13:30.501957,0.0,0.0,0.0
2022-01-13 17:13:31.010828,0.0,0.0,0.0
2022-01-13 17:13:31.507124,0.0,0.0,0.0
2022-01-13 17:13:32.005840,0.0,0.0,0.0
2022-01-13 17:13:32.510757,0.0,0.0,0.0
2022-01-13 17:13:33.010292,0.0,0.0,0.0
2022-01-13 17:13:33.507057,0.0,0.0,0.0
2022-01-13 17:13:34.005599,0.0,0.0,0.0
2022-01-13 17:13:34.510973,0.0,0.0,0.0
2022-01-13 17:13:35.008469,0.0,0.0,0.0
2022-01-13 17:13:35.503142,0.0,0.0,0.0
2022-01-13 17:13:36.002507,0.0,0.0,0.0
2022-01-13 17:13:36.507155,0.0,0.0,0.0
2022-01-13 17:13:37.005838,0.0,0.0,0.0
2022-01-13 17:13:37.501147,0.0,0.0,0.0
2022-01-13 17:13:38.010434,0.0,0.0,0.0
2022-01-13 17:13:38.505245,0.0,0.0,0.0
2022-01-13 17:13:39.003626,0.0,0.0,0.0
2022-01-13 17:13:39.507762,0.0,0.0,0.0
2022-01-13 17:13:40.007147,0.0,0.0,0.0
2022-01-13 17:13:40.504127,0.0,0.0,0.0
2022-01-13 17:13:41.001742,0.0,0.0,0.0
2022-01-13 17:13:41.506606,0.0,0.0,0.0
2022-01-13 17:13:42.005142,0.0,0.0,0.0
2022-01-13 17:13:42.510647,0.0,0.0,0.0
2022-01-13 17:13:43.008859,0.0,0.0,0.0
2022-01-13 17:13:43.503459,0.0,0.0,0.0
2022-01-13 17:13:44.010709,0.0,0.0,0.0
2022-01-13 17:13:44.508605,0.0,0.0,0.0
2022-01-13 17:13:45.005248,0.0,0.0,0.0
2022-01-13 17:13:45.509578,0.0,0.0,0.0
2022-01-13 17:13:46.007689,0.0,0.0,0.0
2022-01-13 17:13:46.502206,0.0,0.0,0.0
2022-01-13 17:13:47.010150,0.0,0.0,0.0
2022-01-13 17:13:47.504204,0.0,0.0,0.0
2022-01-13 17:13:48.001440,0.0,0.0,0.0
2022-01-13 17:13:49.004615,0.0,0.0,0.0
2022-01-13 17:13:49.509895,0.0,0.0,0.0
2022-01-13 17:13:50.008340,0.0,0.0,0.0
2022-01-13 17:13:50.502612,0.0,0.0,0.0
2022-01-13 17:13:51.001132,0.0,0.0,0.0
2022-01-13 17:13:51.507834,0.0,0.0,0.0
2022-01-13 17:13:52.005822,0.0,0.0,0.0
2022-01-13 17:13:52.510570,0.0,0.0,0.0
2022-01-13 17:13:53.008905,0.0,0.0,0.0
2022-01-13 17:13:53.503069,0.0,0.0,0.0
2022-01-13 17:13:54.003281,0.0,0.0,0.0
2022-01-13 17:13:54.508574,0.0,0.0,0.0
2022-01-13 17:13:55.006184,0.0,0.0,0.0
2022-01-13 17:13:55.502042,0.0,0.0,0.0
2022-01-13 17:13:56.011003,0.0,0.0,0.0
2022-01-13 17:13:56.505991,0.0,0.0,0.0
2022-01-13 17:13:57.005094,0.0,0.0,0.0
2022-01-13 17:13:57.509902,0.0,0.0,0.0
2022-01-13 17:13:58.009073,0.0,0.0,0.0
2022-01-13 17:13:58.505114,0.0,0.0,0.0
2022-01-13 17:13:59.002708,0.0,0.0,0.0
2022-01-13 17:13:59.506208,0.0,0.0,0.0
2022-01-13 17:14:00.004452,0.0,0.0,0.0
2022-01-13 17:14:00.511021,0.0,0.0,0.0
2022-01-13 17:14:01.010319,0.0,0.0,0.0
2022-01-13 17:14:01.504457,0.0,0.0,0.0
2022-01-13 17:14:02.003085,0.0,0.0,0.0
2022-01-13 17:14:02.509898,0.0,0.0,0.0
2022-01-13 17:14:03.006629,0.0,0.0,0.0
2022-01-13 17:14:03.510138,0.0,0.0,0.0
2022-01-13 17:14:04.008697,0.0,0.0,0.0
2022-01-13 17:14:04.504025,0.0,0.0,0.0
2022-01-13 17:14:05.002277,0.0,0.0,0.0
2022-01-13 17:14:05.507173,0.0,0.0,0.0
2022-01-13 17:14:06.006583,0.0,0.0,0.0
2022-01-13 17:14:06.501723,0.0,0.0,0.0
2022-01-13 17:14:07.010727,0.0,0.0,0.0
2022-01-13 17:14:07.505535,0.0,0.0,0.0
2022-01-13 17:14:08.002839,0.0,0.0,0.0
2022-01-13 17:14:08.509187,0.0,0.0,0.0
2022-01-13 17:14:09.006338,0.0,0.0,0.0
2022-01-13 17:14:09.510455,0.0,0.0,0.0
2022-01-13 17:14:10.006289,0.0,0.0,0.0
2022-01-13 17:14:11.005120,0.0,0.0,0.0
2022-01-13 17:14:11.502207,0.0,0.0,0.0
2022-01-13 17:14:12.010388,0.0,0.0,0.0
2022-01-13 17:14:12.505919,0.0,0.0,0.0
2022-01-13 17:14:13.005370,0.0,0.0,0.0
2022-01-13 17:14:13.510450,0.0,0.0,0.0
2022-01-13 17:14:14.009250,0.0,0.0,0.0
2022-01-13 17:14:14.502737,0.0,0.0,0.0
2022-01-13 17:14:15.011250,0.0,0.0,0.0
2022-01-13 17:14:15.506111,0.0,0.0,0.0
2022-01-13 17:14:16.005606,0.0,0.0,0.0
2022-01-13 17:14:16.510745,0.0,0.0,0.0
2022-01-13 17:14:17.008081,0.0,0.0,0.0
2022-01-13 17:14:17.503870,0.0,0.0,0.0
2022-01-13 17:14:18.001339,0.0,0.0,0.0
2022-01-13 17:14:18.507116,0.0,0.0,0.0
2022-01-13 17:14:19.004351,0.0,0.0,0.0
2022-01-13 17:14:19.507061,0.0,0.0,0.0
2022-01-13 17:14:20.002650,0.0,0.0,0.0
2022-01-13 17:14:20.508898,0.0,0.0,0.0
2022-01-13 17:14:21.005575,0.0,0.0,0.0
2022-01-13 17:14:21.509593,0.0,0.0,0.0
2022-01-13 17:14:22.006776,0.0,0.0,0.0
2022-01-13 17:14:22.510738,0.0,0.0,0.0
2022-01-13 17:14:23.010072,0.0,0.0,0.0
2022-01-13 17:14:23.504470,0.0,0.0,0.0
2022-01-13 17:14:24.002522,0.0,0.0,0.0
2022-01-13 17:14:24.507252,0.0,0.0,0.0
2022-01-13 17:14:25.007173,0.0,0.0,0.0
2022-01-13 17:14:25.511133,0.0,0.0,0.0
2022-01-13 17:14:26.009428,0.0,0.0,0.0
2022-01-13 17:14:26.503710,0.0,0.0,0.0
2022-01-13 17:14:27.001491,0.0,0.0,0.0
2022-01-13 17:14:27.507630,0.0,0.0,0.0
2022-01-13 17:14:28.005495,0.0,0.0,0.0
2022-01-13 17:14:28.501476,0.0,0.0,0.0
2022-01-13 17:14:29.010693,0.0,0.0,0.0
2022-01-13 17:14:29.506175,0.0,0.0,0.0
2022-01-13 17:14:30.003664,0.0,0.0,0.0
2022-01-13 17:14:31.004786,0.0,0.0,0.0
2022-01-13 17:14:31.509198,0.0,0.0,0.0
2022-01-13 17:14:32.007207,0.0,0.0,0.0
2022-01-13 17:14:32.501341,0.0,0.0,0.0
2022-01-13 17:14:33.001705,0.0,0.0,0.0
2022-01-13 17:14:33.508157,0.0,0.0,0.0
2022-01-13 17:14:34.007309,0.0,0.0,0.0
2022-01-13 17:14:34.503992,0.0,0.0,0.0
2022-01-13 17:14:35.001962,0.0,0.0,0.0
2022-01-13 17:14:35.506159,0.0,0.0,0.0
2022-01-13 17:14:36.004225,0.0,0.0,0.0
2022-01-13 17:14:36.509787,0.0,0.0,0.0
2022-01-13 17:14:37.006796,0.0,0.0,0.0
2022-01-13 17:14:37.502059,0.0,0.0,0.0
2022-01-13 17:14:38.010445,0.0,0.0,0.0
2022-01-13 17:14:38.506866,0.0,0.0,0.0
2022-01-13 17:14:39.006114,0.0,0.0,0.0
2022-01-13 17:14:39.511216,0.0,0.0,0.0
2022-01-13 17:14:40.008120,0.0,0.0,0.0
2022-01-13 17:14:40.504262,0.0,0.0,0.0
2022-01-13 17:14:41.001587,0.0,0.0,0.0
2022-01-13 17:14:41.506563,0.0,0.0,0.0
2022-01-13 17:14:42.003887,0.0,0.0,0.0
2022-01-13 17:14:42.508913,0.0,0.0,0.0
2022-01-13 17:14:43.007423,0.0,0.0,0.0
2022-01-13 17:14:43.502678,0.0,0.0,0.0
2022-01-13 17:14:44.010669,0.0,0.0,0.0
2022-01-13 17:14:44.505814,0.0,0.0,0.0
2022-01-13 17:14:45.003474,0.0,0.0,0.0
2022-01-13 17:14:45.507590,0.0,0.0,0.0
2022-01-13 17:14:46.005704,0.0,0.0,0.0
2022-01-13 17:14:46.501645,0.0,0.0,0.0
2022-01-13 17:14:47.011023,0.0,0.0,0.0
2022-01-13 17:14:47.507862,0.0,0.0,0.0
2022-01-13 17:14:48.005149,0.0,0.0,0.0
2022-01-13 17:14:48.510241,0.0,0.0,0.0
2022-01-13 17:14:49.009156,0.0,0.0,0.0
2022-01-13 17:14:49.503967,0.0,0.0,0.0
2022-01-13 17:14:50.002339,0.0,0.0,0.0
2022-01-13 17:14:50.505884,0.0,0.0,0.0
2022-01-13 17:14:51.003211,0.0,0.0,0.0
2022-01-13 17:14:51.502198,0.0,0.0,0.0
2022-01-13 17:14:52.009658,0.0,0.0,0.0
2022-01-13 17:14:52.504716,0.0,0.0,0.0
2022-01-13 17:14:53.011153,0.0,0.0,0.0
2022-01-13 17:14:53.504680,0.0,0.0,0.0
2022-01-13 17:14:54.002919,0.0,0.0,0.0
2022-01-13 17:14:54.507993,0.0,0.0,0.0
2022-01-13 17:14:55.006941,0.0,0.0,0.0
2022-01-13 17:14:55.502238,0.0,0.0,0.0
2022-01-13 17:14:56.002194,0.0,0.0,0.0
2022-01-13 17:14:56.507840,0.0,0.0,0.0
2022-01-13 17:14:57.006317,0.0,0.0,0.0
2022-01-13 17:14:57.510717,0.0,0.0,0.0
2022-01-13 17:14:58.009489,0.0,0.0,0.0
2022-01-13 17:14:58.505533,0.0,0.0,0.0
2022-01-13 17:14:59.003723,0.0,0.0,0.0
2022-01-13 17:14:59.509187,0.0,0.0,0.0
2022-01-13 17:15:00.006400,0.0,0.0,0.0
2022-01-13 17:15:00.510958,0.0,0.0,0.0
2022-01-13 17:15:01.009548,0.0,0.0,0.0
2022-01-13 17:15:01.506179,0.0,0.0,0.0
2022-01-13 17:15:02.004303,0.0,0.0,0.0
2022-01-13 17:15:02.511158,0.0,0.0,0.0
2022-01-13 17:15:03.009079,0.0,0.0,0.0
2022-01-13 17:15:03.505603,0.0,0.0,0.0
2022-01-13 17:15:04.004735,0.0,0.0,0.0
2022-01-13 17:15:04.501589,0.0,0.0,0.0
2022-01-13 17:15:05.010302,0.0,0.0,0.0
2022-01-13 17:15:05.505402,0.0,0.0,0.0
2022-01-13 17:15:06.002784,0.0,0.0,0.0
2022-01-13 17:15:06.506530,0.0,0.0,0.0
2022-01-13 17:15:07.005686,0.0,0.0,0.0
2022-01-13 17:15:07.510911,0.0,0.0,0.0
2022-01-13 17:15:08.009743,0.0,0.0,0.0
2022-01-13 17:15:08.505748,0.0,0.0,0.0
2022-01-13 17:15:09.005180,0.0,0.0,0.0
2022-01-13 17:15:09.505991,0.0,0.0,0.0
2022-01-13 17:15:10.004625,0.0,0.0,0.0
2022-01-13 17:15:10.501515,0.0,0.0,0.0
2022-01-13 17:15:11.008591,0.0,0.0,0.0
2022-01-13 17:15:11.502234,0.0,0.0,0.0
2022-01-13 17:15:12.010374,0.0,0.0,0.0
2022-01-13 17:15:12.504346,0.0,0.0,0.0
2022-01-13 17:15:13.004748,0.0,0.0,0.0
2022-01-13 17:15:13.510709,0.0,0.0,0.0
2022-01-13 17:15:14.007221,0.0,0.0,0.0
2022-01-13 17:15:14.502171,0.0,0.0,0.0
2022-01-13 17:15:15.001249,0.0,0.0,0.0
2022-01-13 17:15:15.507153,0.0,0.0,0.0
2022-01-13 17:15:16.006057,0.0,0.0,0.0
2022-01-13 17:15:16.510031,0.0,0.0,0.0
2022-01-13 17:15:17.007669,0.0,0.0,0.0
2022-01-13 17:15:17.505555,0.0,0.0,0.0
2022-01-13 17:15:18.003899,0.0,0.0,0.0
2022-01-13 17:15:18.508704,0.0,0.0,0.0
2022-01-13 17:15:19.006592,0.0,0.0,0.0
2022-01-13 17:15:19.501618,0.0,0.0,0.0
2022-01-13 17:15:20.010200,0.0,0.0,0.0
2022-01-13 17:15:20.503495,0.0,0.0,0.0
2022-01-13 17:15:21.011074,0.0,0.0,0.0
2022-01-13 17:15:21.506979,0.0,0.0,0.0
2022-01-13 17:15:22.004542,0.0,0.0,0.0
2022-01-13 17:15:22.509279,0.0,0.0,0.0
2022-01-13 17:15:23.003867,0.0,0.0,0.0
2022-01-13 17:15:23.507551,0.0,0.0,0.0
2022-01-13 17:15:24.005014,0.0,0.0,0.0
2022-01-13 17:15:24.510299,0.0,0.0,0.0
2022-01-13 17:15:25.007631,0.0,0.0,0.0
2022-01-13 17:15:25.502754,0.0,0.0,0.0
2022-01-13 17:15:26.001184,0.0,0.0,0.0
2022-01-13 17:15:26.506325,0.0,0.0,0.0
2022-01-13 17:15:27.004547,0.0,0.0,0.0
2022-01-13 17:15:27.509416,0.0,0.0,0.0
2022-01-13 17:15:28.010180,0.0,0.0,0.0
2022-01-13 17:15:28.505037,0.0,0.0,0.0
2022-01-13 17:15:29.002241,0.0,0.0,0.0
2022-01-13 17:15:29.507574,0.0,0.0,0.0
2022-01-13 17:15:30.005756,0.0,0.0,0.0
2022-01-13 17:15:30.501243,0.0,0.0,0.0
2022-01-13 17:15:31.010354,0.0,0.0,0.0
2022-01-13 17:15:31.506763,0.0,0.0,0.0
2022-01-13 17:15:32.004614,0.0,0.0,0.0
2022-01-13 17:15:32.510790,0.0,0.0,0.0
2022-01-13 17:15:33.009094,0.0,0.0,0.0
2022-01-13 17:15:33.503782,0.0,0.0,0.0
2022-01-13 17:15:34.003655,0.0,0.0,0.0
2022-01-13 17:15:34.508523,0.0,0.0,0.0
2022-01-13 17:15:35.010207,0.0,0.0,0.0
2022-01-13 17:15:35.504450,0.0,0.0,0.0
2022-01-13 17:15:36.002704,0.0,0.0,0.0
2022-01-13 17:15:36.509016,0.0,0.0,0.0
2022-01-13 17:15:37.008613,0.0,0.0,0.0
2022-01-13 17:15:37.502310,0.0,0.0,0.0
2022-01-13 17:15:38.009975,0.0,0.0,0.0
2022-01-13 17:15:38.503154,0.0,0.0,0.0
2022-01-13 17:15:39.001174,0.0,0.0,0.0
2022-01-13 17:15:39.507589,0.0,0.0,0.0
2022-01-13 17:15:40.006045,0.0,0.0,0.0
2022-01-13 17:15:40.501414,0.0,0.0,0.0
2022-01-13 17:15:41.008620,0.0,0.0,0.0
2022-01-13 17:15:41.505936,0.0,0.0,0.0
2022-01-13 17:15:42.006786,0.0,0.0,0.0
2022-01-13 17:15:42.502944,0.0,0.0,0.0
2022-01-13 17:15:43.010995,0.0,0.0,0.0
2022-01-13 17:15:43.505724,0.0,0.0,0.0
2022-01-13 17:15:44.004732,0.0,0.0,0.0
2022-01-13 17:15:44.510284,0.0,0.0,0.0
2022-01-13 17:15:45.009189,0.0,0.0,0.0
2022-01-13 17:15:45.504935,0.0,0.0,0.0
2022-01-13 17:15:46.004000,0.0,0.0,0.0
2022-01-13 17:15:46.509003,0.0,0.0,0.0
2022-01-13 17:15:47.006080,0.0,0.0,0.0
2022-01-13 17:15:47.501424,0.0,0.0,0.0
2022-01-13 17:15:48.009169,0.0,0.0,0.0
2022-01-13 17:15:48.504420,0.0,0.0,0.0
2022-01-13 17:15:49.001535,0.0,0.0,0.0
2022-01-13 17:15:49.507032,0.0,0.0,0.0
2022-01-13 17:15:50.004299,0.0,0.0,0.0
2022-01-13 17:15:50.507876,0.0,0.0,0.0
2022-01-13 17:15:51.006733,0.0,0.0,0.0
2022-01-13 17:15:52.003871,0.0,0.0,0.0
2022-01-13 17:15:52.507777,0.0,0.0,0.0
2022-01-13 17:15:53.005759,0.0,0.0,0.0
2022-01-13 17:15:53.510520,0.0,0.0,0.0
2022-01-13 17:15:54.009994,0.0,0.0,0.0
2022-01-13 17:15:54.504417,0.0,0.0,0.0
2022-01-13 17:15:55.003105,0.0,0.0,0.0
2022-01-13 17:15:55.508764,0.0,0.0,0.0
2022-01-13 17:15:56.006264,0.0,0.0,0.0
2022-01-13 17:15:56.511153,0.0,0.0,0.0
2022-01-13 17:15:57.008616,0.0,0.0,0.0
2022-01-13 17:15:57.503439,0.0,0.0,0.0
2022-01-13 17:15:58.001181,0.0,0.0,0.0
2022-01-13 17:15:58.506687,0.0,0.0,0.0
2022-01-13 17:15:59.003114,0.0,0.0,0.0
2022-01-13 17:15:59.508459,0.0,0.0,0.0
2022-01-13 17:16:00.002636,0.0,0.0,0.0
2022-01-13 17:16:00.504220,0.0,0.0,0.0
2022-01-13 17:16:01.004536,0.0,0.0,0.0
2022-01-13 17:16:01.504853,0.0,0.0,0.0
2022-01-13 17:16:02.004470,0.0,0.0,0.0
2022-01-13 17:16:02.509536,0.0,0.0,0.0
2022-01-13 17:16:03.011013,0.0,0.0,0.0
2022-01-13 17:16:03.508653,0.0,0.0,0.0
2022-01-13 17:16:04.004316,0.0,0.0,0.0
2022-01-13 17:16:04.506381,0.0,0.0,0.0
2022-01-13 17:16:05.007568,0.0,0.0,0.0
2022-01-13 17:16:05.504010,0.0,0.0,0.0
2022-01-13 17:16:06.010310,0.0,0.0,0.0
2022-01-13 17:16:06.508022,0.0,0.0,0.0
2022-01-13 17:16:07.010964,0.0,0.0,0.0
2022-01-13 17:16:07.501567,0.0,0.0,0.0
2022-01-13 17:16:08.007734,0.0,0.0,0.0
2022-01-13 17:16:08.503167,0.0,0.0,0.0
2022-01-13 17:16:09.005110,0.0,0.0,0.0
2022-01-13 17:16:09.511201,0.0,0.0,0.0
2022-01-13 17:16:10.010314,0.0,0.0,0.0
2022-01-13 17:16:10.505485,0.0,0.0,0.0
2022-01-13 17:16:11.002055,0.0,0.0,0.0
2022-01-13 17:16:11.506793,0.0,0.0,0.0
2022-01-13 17:16:12.006458,0.0,0.0,0.0
2022-01-13 17:16:12.502068,0.0,0.0,0.0
2022-01-13 17:16:13.011269,0.0,0.0,0.0
2022-01-13 17:16:13.505461,0.0,0.0,0.0
2022-01-13 17:16:14.010741,0.0,0.0,0.0
2022-01-13 17:16:14.507356,0.0,0.0,0.0
2022-01-13 17:16:15.007598,0.0,0.0,0.0
2022-01-13 17:16:15.501499,0.0,0.0,0.0
2022-01-13 17:16:16.009134,0.0,0.0,0.0
2022-01-13 17:16:16.503614,0.0,0.0,0.0
2022-01-13 17:16:17.001576,0.0,0.0,0.0
2022-01-13 17:16:17.506786,0.0,0.0,0.0
2022-01-13 17:16:18.005572,0.0,0.0,0.0
2022-01-13 17:16:18.502275,0.0,0.0,0.0
2022-01-13 17:16:19.001206,0.0,0.0,0.0
2022-01-13 17:16:19.506279,0.0,0.0,0.0
2022-01-13 17:16:20.003000,0.0,0.0,0.0
2022-01-13 17:16:20.509527,0.0,0.0,0.0
2022-01-13 17:16:21.006284,0.0,0.0,0.0
2022-01-13 17:16:21.510883,0.0,0.0,0.0
2022-01-13 17:16:22.009026,0.0,0.0,0.0
2022-01-13 17:16:22.510223,0.0,0.0,0.0
2022-01-13 17:16:23.008832,0.0,0.0,0.0
2022-01-13 17:16:23.507013,0.0,0.0,0.0
2022-01-13 17:16:24.005083,0.0,0.0,0.0
2022-01-13 17:16:24.509921,0.0,0.0,0.0
2022-01-13 17:16:25.009284,0.0,0.0,0.0
2022-01-13 17:16:25.505174,0.0,0.0,0.0
2022-01-13 17:16:26.004512,0.0,0.0,0.0
2022-01-13 17:16:26.509462,0.0,0.0,0.0
2022-01-13 17:16:27.007423,0.0,0.0,0.0
2022-01-13 17:16:27.504221,0.0,0.0,0.0
2022-01-13 17:16:28.004432,0.0,0.0,0.0
2022-01-13 17:16:28.501137,0.0,0.0,0.0
2022-01-13 17:16:29.008792,0.0,0.0,0.0
2022-01-13 17:16:29.504026,0.0,0.0,0.0
2022-01-13 17:16:30.003394,0.0,0.0,0.0
2022-01-13 17:16:30.508415,0.0,0.0,0.0
2022-01-13 17:16:31.006578,0.0,0.0,0.0
2022-01-13 17:16:31.510527,0.0,0.0,0.0
2022-01-13 17:16:32.003378,0.0,0.0,0.0
2022-01-13 17:16:32.508272,0.0,0.0,0.0
2022-01-13 17:16:33.006853,0.0,0.0,0.0
2022-01-13 17:16:33.501223,0.0,0.0,0.0
2022-01-13 17:16:34.008858,0.0,0.0,0.0
2022-01-13 17:16:34.504692,0.0,0.0,0.0
2022-01-13 17:16:35.002532,0.0,0.0,0.0
2022-01-13 17:16:35.510093,0.0,0.0,0.0
2022-01-13 17:16:36.009124,0.0,0.0,0.0
2022-01-13 17:16:36.503609,0.0,0.0,0.0
2022-01-13 17:16:37.001717,0.0,0.0,0.0
2022-01-13 17:16:37.507573,0.0,0.0,0.0
2022-01-13 17:16:38.005683,0.0,0.0,0.0
2022-01-13 17:16:38.511096,0.0,0.0,0.0
2022-01-13 17:16:39.010416,0.0,0.0,0.0
2022-01-13 17:16:39.503582,0.0,0.0,0.0
2022-01-13 17:16:40.003483,0.0,0.0,0.0
2022-01-13 17:16:40.508978,0.0,0.0,0.0
2022-01-13 17:16:41.008012,0.0,0.0,0.0
2022-01-13 17:16:41.504121,0.0,0.0,0.0
2022-01-13 17:16:42.003330,0.0,0.0,0.0
2022-01-13 17:16:42.508108,0.0,0.0,0.0
2022-01-13 17:16:43.007603,0.0,0.0,0.0
2022-01-13 17:16:43.502538,0.0,0.0,0.0
2022-01-13 17:16:44.006221,0.0,0.0,0.0
2022-01-13 17:16:44.501452,0.0,0.0,0.0
2022-01-13 17:16:45.010177,0.0,0.0,0.0
2022-01-13 17:16:45.505213,0.0,0.0,0.0
2022-01-13 17:16:46.003397,0.0,0.0,0.0
2022-01-13 17:16:46.508763,0.0,0.0,0.0
2022-01-13 17:16:47.006107,0.0,0.0,0.0
2022-01-13 17:16:47.503499,0.0,0.0,0.0
2022-01-13 17:16:48.011141,0.0,0.0,0.0
2022-01-13 17:16:48.501109,0.0,0.0,0.0
2022-01-13 17:16:49.504803,0.0,0.0,0.0
2022-01-13 17:16:50.002827,0.0,0.0,0.0
2022-01-13 17:16:50.507415,0.0,0.0,0.0
2022-01-13 17:16:51.005012,0.0,0.0,0.0
2022-01-13 17:16:51.502462,0.0,0.0,0.0
2022-01-13 17:16:52.010742,0.0,0.0,0.0
2022-01-13 17:16:52.504916,0.0,0.0,0.0
2022-01-13 17:16:53.004663,0.0,0.0,0.0
2022-01-13 17:16:53.510303,0.0,0.0,0.0
2022-01-13 17:16:54.009290,0.0,0.0,0.0
2022-01-13 17:16:54.506049,0.0,0.0,0.0
2022-01-13 17:16:55.002414,0.0,0.0,0.0
2022-01-13 17:16:55.507981,0.0,0.0,0.0
2022-01-13 17:16:56.007861,0.0,0.0,0.0
2022-01-13 17:16:56.511313,0.0,0.0,0.0
2022-01-13 17:16:57.007756,0.0,0.0,0.0
2022-01-13 17:16:57.502642,0.0,0.0,0.0
2022-01-13 17:16:58.011060,0.0,0.0,0.0
2022-01-13 17:16:58.507658,0.0,0.0,0.0
2022-01-13 17:16:59.003955,0.0,0.0,0.0
2022-01-13 17:16:59.507701,0.0,0.0,0.0
2022-01-13 17:17:00.006066,0.0,0.0,0.0
2022-01-13 17:17:00.504035,0.0,0.0,0.0
2022-01-13 17:17:01.002379,0.0,0.0,0.0
2022-01-13 17:17:01.507526,0.0,0.0,0.0
2022-01-13 17:17:02.005409,0.0,0.0,0.0
2022-01-13 17:17:02.509481,0.0,0.0,0.0
2022-01-13 17:17:03.007694,0.0,0.0,0.0
2022-01-13 17:17:03.500823,0.0,0.0,0.0
2022-01-13 17:17:04.006137,0.0,0.0,0.0
2022-01-13 17:17:04.502966,0.0,0.0,0.0
2022-01-13 17:17:05.002960,0.0,0.0,0.0
2022-01-13 17:17:05.508937,0.0,0.0,0.0
2022-01-13 17:17:06.006225,0.0,0.0,0.0
2022-01-13 17:17:06.502252,0.0,0.0,0.0
2022-01-13 17:17:07.505043,0.0,0.0,0.0
2022-01-13 17:17:08.002480,0.0,0.0,0.0
2022-01-13 17:17:08.508721,0.0,0.0,0.0
2022-01-13 17:17:09.006374,0.0,0.0,0.0
2022-01-13 17:17:09.501429,0.0,0.0,0.0
2022-01-13 17:17:10.011099,0.0,0.0,0.0
2022-01-13 17:17:10.505294,0.0,0.0,0.0
2022-01-13 17:17:11.002204,0.0,0.0,0.0
2022-01-13 17:17:11.507645,0.0,0.0,0.0
2022-01-13 17:17:12.005488,0.0,0.0,0.0
2022-01-13 17:17:12.501976,0.0,0.0,0.0
2022-01-13 17:17:13.001538,0.0,0.0,0.0
2022-01-13 17:17:13.507408,0.0,0.0,0.0
2022-01-13 17:17:14.006150,0.0,0.0,0.0
2022-01-13 17:17:14.502160,0.0,0.0,0.0
2022-01-13 17:17:15.010300,0.0,0.0,0.0
2022-01-13 17:17:15.504294,0.0,0.0,0.0
2022-01-13 17:17:16.001314,0.0,0.0,0.0
2022-01-13 17:17:16.506335,0.0,0.0,0.0
2022-01-13 17:17:17.004290,0.0,0.0,0.0
2022-01-13 17:17:17.508598,0.0,0.0,0.0
2022-01-13 17:17:18.005380,0.0,0.0,0.0
2022-01-13 17:17:18.501867,0.0,0.0,0.0
2022-01-13 17:17:19.008290,0.0,0.0,0.0
2022-01-13 17:17:19.502150,0.0,0.0,0.0
2022-01-13 17:17:20.009686,0.0,0.0,0.0
2022-01-13 17:17:20.504602,0.0,0.0,0.0
2022-01-13 17:17:21.002301,0.0,0.0,0.0
2022-01-13 17:17:21.507887,0.0,0.0,0.0
2022-01-13 17:17:22.005631,0.0,0.0,0.0
2022-01-13 17:17:22.510625,0.0,0.0,0.0
2022-01-13 17:17:23.009579,0.0,0.0,0.0
2022-01-13 17:17:23.503993,0.0,0.0,0.0
2022-01-13 17:17:24.002210,0.0,0.0,0.0
2022-01-13 17:17:24.505159,0.0,0.0,0.0
2022-01-13 17:17:25.003919,0.0,0.0,0.0
2022-01-13 17:17:25.508715,0.0,0.0,0.0
2022-01-13 17:17:26.005565,0.0,0.0,0.0
2022-01-13 17:17:26.503017,0.0,0.0,0.0
2022-01-13 17:17:27.001416,0.0,0.0,0.0
2022-01-13 17:17:27.506467,0.0,0.0,0.0
2022-01-13 17:17:28.004509,0.0,0.0,0.0
2022-01-13 17:17:28.509117,0.0,0.0,0.0
2022-01-13 17:17:29.007467,0.0,0.0,0.0
2022-01-13 17:17:29.505210,0.0,0.0,0.0
2022-01-13 17:17:30.004323,0.0,0.0,0.0
2022-01-13 17:17:30.511137,0.0,0.0,0.0
2022-01-13 17:17:31.004522,0.0,0.0,0.0
2022-01-13 17:17:31.509541,0.0,0.0,0.0
2022-01-13 17:17:32.006491,0.0,0.0,0.0
2022-01-13 17:17:32.501544,0.0,0.0,0.0
2022-01-13 17:17:33.009246,0.0,0.0,0.0
2022-01-13 17:17:33.505096,0.0,0.0,0.0
2022-01-13 17:17:34.002662,0.0,0.0,0.0
2022-01-13 17:17:34.508293,0.0,0.0,0.0
2022-01-13 17:17:35.006163,0.0,0.0,0.0
2022-01-13 17:17:35.502174,0.0,0.0,0.0
2022-01-13 17:17:36.505480,0.0,0.0,0.0
2022-01-13 17:17:37.003409,0.0,0.0,0.0
2022-01-13 17:17:37.507762,0.0,0.0,0.0
2022-01-13 17:17:38.005631,0.0,0.0,0.0
2022-01-13 17:17:38.502770,0.0,0.0,0.0
2022-01-13 17:17:39.001586,0.0,0.0,0.0
2022-01-13 17:17:39.508206,0.0,0.0,0.0
2022-01-13 17:17:40.007198,0.0,0.0,0.0
2022-01-13 17:17:40.500917,0.0,0.0,0.0
2022-01-13 17:17:41.010258,0.0,0.0,0.0
2022-01-13 17:17:41.505191,0.0,0.0,0.0
2022-01-13 17:17:42.002778,0.0,0.0,0.0
2022-01-13 17:17:42.508594,0.0,0.0,0.0
2022-01-13 17:17:43.006243,0.0,0.0,0.0
2022-01-13 17:17:43.501253,0.0,0.0,0.0
2022-01-13 17:17:44.009094,0.0,0.0,0.0
2022-01-13 17:17:44.505800,0.0,0.0,0.0
2022-01-13 17:17:45.005191,0.0,0.0,0.0
2022-01-13 17:17:45.509955,0.0,0.0,0.0
2022-01-13 17:17:46.009079,0.0,0.0,0.0
2022-01-13 17:17:46.505508,0.0,0.0,0.0
2022-01-13 17:17:47.002635,0.0,0.0,0.0
2022-01-13 17:17:47.509744,0.0,0.0,0.0
2022-01-13 17:17:48.007199,0.0,0.0,0.0
2022-01-13 17:17:48.502986,0.0,0.0,0.0
2022-01-13 17:17:49.002874,0.0,0.0,0.0
2022-01-13 17:17:49.508541,0.0,0.0,0.0
2022-01-13 17:17:50.005573,0.0,0.0,0.0
2022-01-13 17:17:50.501110,0.0,0.0,0.0
2022-01-13 17:17:51.008896,0.0,0.0,0.0
2022-01-13 17:17:51.504464,0.0,0.0,0.0
2022-01-13 17:17:52.002037,0.0,0.0,0.0
2022-01-13 17:17:52.507995,0.0,0.0,0.0
2022-01-13 17:17:53.005476,0.0,0.0,0.0
2022-01-13 17:17:53.501150,0.0,0.0,0.0
2022-01-13 17:17:54.009769,0.0,0.0,0.0
2022-01-13 17:17:54.505172,0.0,0.0,0.0
2022-01-13 17:17:55.002149,0.0,0.0,0.0
2022-01-13 17:17:55.506884,0.0,0.0,0.0
2022-01-13 17:17:56.006238,0.0,0.0,0.0
2022-01-13 17:17:57.005229,0.0,0.0,0.0
2022-01-13 17:17:57.510228,0.0,0.0,0.0
2022-01-13 17:17:58.009832,0.0,0.0,0.0
2022-01-13 17:17:58.503798,0.0,0.0,0.0
2022-01-13 17:17:59.001467,0.0,0.0,0.0
2022-01-13 17:17:59.506298,0.0,0.0,0.0
2022-01-13 17:18:00.005508,0.0,0.0,0.0
2022-01-13 17:18:00.510021,0.0,0.0,0.0
2022-01-13 17:18:01.007423,0.0,0.0,0.0
2022-01-13 17:18:01.501109,0.0,0.0,0.0
2022-01-13 17:18:02.010037,0.0,0.0,0.0
2022-01-13 17:18:02.506777,0.0,0.0,0.0
2022-01-13 17:18:03.005043,0.0,0.0,0.0
2022-01-13 17:18:03.509121,0.0,0.0,0.0
2022-01-13 17:18:04.006617,0.0,0.0,0.0
2022-01-13 17:18:04.511050,0.0,0.0,0.0
2022-01-13 17:18:05.009140,0.0,0.0,0.0
2022-01-13 17:18:05.505144,0.0,0.0,0.0
2022-01-13 17:18:06.002225,0.0,0.0,0.0
2022-01-13 17:18:06.509668,0.0,0.0,0.0
2022-01-13 17:18:07.006838,0.0,0.0,0.0
2022-01-13 17:18:07.502255,0.0,0.0,0.0
2022-01-13 17:18:08.010401,0.0,0.0,0.0
2022-01-13 17:18:08.504454,0.0,0.0,0.0
2022-01-13 17:18:09.002331,0.0,0.0,0.0
2022-01-13 17:18:09.509472,0.0,0.0,0.0
2022-01-13 17:18:10.006030,0.0,0.0,0.0
2022-01-13 17:18:10.511117,0.0,0.0,0.0
2022-01-13 17:18:11.009711,0.0,0.0,0.0
2022-01-13 17:18:11.505683,0.0,0.0,0.0
2022-01-13 17:18:12.004559,0.0,0.0,0.0
2022-01-13 17:18:12.509081,0.0,0.0,0.0
2022-01-13 17:18:13.004352,0.0,0.0,0.0
2022-01-13 17:18:13.509852,0.0,0.0,0.0
2022-01-13 17:18:14.008546,0.0,0.0,0.0
2022-01-13 17:18:14.503471,0.0,0.0,0.0
2022-01-13 17:18:15.010525,0.0,0.0,0.0
2022-01-13 17:18:15.508815,0.0,0.0,0.0
2022-01-13 17:18:16.006132,0.0,0.0,0.0
2022-01-13 17:18:16.511181,0.0,0.0,0.0
2022-01-13 17:18:17.008355,0.0,0.0,0.0
2022-01-13 17:18:17.502162,0.0,0.0,0.0
2022-01-13 17:18:18.008884,0.0,0.0,0.0
2022-01-13 17:18:18.503873,0.0,0.0,0.0
2022-01-13 17:18:19.001923,0.0,0.0,0.0
2022-01-13 17:18:19.506596,0.0,0.0,0.0
2022-01-13 17:18:20.005391,0.0,0.0,0.0
2022-01-13 17:18:20.510285,0.0,0.0,0.0
2022-01-13 17:18:21.008057,0.0,0.0,0.0
2022-01-13 17:18:21.504049,0.0,0.0,0.0
2022-01-13 17:18:22.002319,0.0,0.0,0.0
2022-01-13 17:18:22.507726,0.0,0.0,0.0
2022-01-13 17:18:23.004507,0.0,0.0,0.0
2022-01-13 17:18:23.501152,0.0,0.0,0.0
2022-01-13 17:18:24.009479,0.0,0.0,0.0
2022-01-13 17:18:24.508319,0.0,0.0,0.0
2022-01-13 17:18:25.005595,0.0,0.0,0.0
2022-01-13 17:18:25.510937,0.0,0.0,0.0
2022-01-13 17:18:26.009387,0.0,0.0,0.0
2022-01-13 17:18:26.504479,0.0,0.0,0.0
2022-01-13 17:18:27.003954,0.0,0.0,0.0
2022-01-13 17:18:27.509572,0.0,0.0,0.0
2022-01-13 17:18:28.008331,0.0,0.0,0.0
2022-01-13 17:18:28.503347,0.0,0.0,0.0
2022-01-13 17:18:29.001986,0.0,0.0,0.0
2022-01-13 17:18:29.507884,0.0,0.0,0.0
2022-01-13 17:18:30.005591,0.0,0.0,0.0
2022-01-13 17:18:30.510115,0.0,0.0,0.0
2022-01-13 17:18:31.010046,0.0,0.0,0.0
2022-01-13 17:18:31.504633,0.0,0.0,0.0
2022-01-13 17:18:32.002312,0.0,0.0,0.0
2022-01-13 17:18:32.507656,0.0,0.0,0.0
2022-01-13 17:18:33.006246,0.0,0.0,0.0
2022-01-13 17:18:33.502804,0.0,0.0,0.0
