時間,回転１,回転２,回転３
2022-01-13 12:00:00.004496,84.62773,85.0605,88.63364
2022-01-13 12:00:00.503144,84.05963,84.132,88.63364
2022-01-13 12:00:01.001603,84.26632,84.90575,86.3952
2022-01-13 12:00:01.506165,84.00888,84.184,86.3952
2022-01-13 12:00:02.008763,84.47302,85.1125,85.80614
2022-01-13 12:00:02.502252,84.11161,84.4415,85.80614
2022-01-13 12:00:03.003047,83.80219,84.3895,86.98426
2022-01-13 12:00:03.508827,84.47302,84.803,86.98426
2022-01-13 12:00:04.006761,83.90492,84.184,86.63083
2022-01-13 12:00:04.502069,84.26632,84.90575,86.63083
2022-01-13 12:00:05.505507,83.90492,84.4935,87.53468
2022-01-13 12:00:06.002815,84.67848,84.699,87.4951
2022-01-13 12:00:06.508571,83.90492,84.59625,87.4951
2022-01-13 12:00:07.006256,84.42104,84.90575,86.35656
2022-01-13 12:00:07.502386,84.00888,84.23475,86.35656
2022-01-13 12:00:08.002167,84.36905,84.751,86.12093
2022-01-13 12:00:08.501250,84.21434,84.4935,86.12093
2022-01-13 12:00:09.010610,84.26632,84.90575,85.96354
2022-01-13 12:00:09.505569,83.7502,84.02925,85.96354
2022-01-13 12:00:10.001409,84.21434,84.85375,85.53187
2022-01-13 12:00:10.501047,84.21434,84.4935,85.53187
2022-01-13 12:00:11.007812,84.26632,84.64825,86.51301
2022-01-13 12:00:11.502463,83.90492,84.3895,86.51301
2022-01-13 12:00:12.009347,84.1636,84.28675,85.84572
2022-01-13 12:00:12.505124,84.11161,84.751,85.84572
2022-01-13 12:00:13.004853,84.1636,84.4935,85.25666
2022-01-13 12:00:13.510075,84.36905,84.85375,85.25666
2022-01-13 12:00:14.010294,83.85417,84.28675,86.43479
2022-01-13 12:00:14.505189,84.11161,84.59625,86.43479
2022-01-13 12:00:15.010605,84.1636,84.4935,85.68833
2022-01-13 12:00:15.507865,84.57575,84.4415,85.68833
2022-01-13 12:00:16.006336,84.11161,84.64825,85.64968
2022-01-13 12:00:16.502673,84.1636,84.4935,85.64968
2022-01-13 12:00:17.002504,84.05963,84.33875,85.68833
2022-01-13 12:00:17.509297,84.1636,84.64825,85.68833
2022-01-13 12:00:18.008619,84.05963,84.751,85.49229
2022-01-13 12:00:18.503274,84.00888,84.33875,85.49229
2022-01-13 12:00:19.011091,84.1636,84.184,85.88531
2022-01-13 12:00:19.504699,84.31831,84.751,85.88531
2022-01-13 12:00:20.002815,84.26632,84.54425,85.53187
2022-01-13 12:00:20.509622,83.80219,84.4935,85.53187
2022-01-13 12:00:21.008606,84.1636,84.33875,85.84572
2022-01-13 12:00:21.507914,83.90492,84.33875,85.84572
2022-01-13 12:00:22.006922,84.26632,84.751,85.37447
2022-01-13 12:00:22.502902,84.42104,84.4415,85.37447
2022-01-13 12:00:23.001173,84.21434,84.751,86.31697
2022-01-13 12:00:23.510836,84.31831,84.4935,86.31697
2022-01-13 12:00:24.010171,84.21434,84.64825,85.25666
2022-01-13 12:00:24.506142,84.47302,84.85375,85.25666
2022-01-13 12:00:25.006791,83.64747,84.184,85.92395
2022-01-13 12:00:25.505717,84.05963,84.4935,85.92395
2022-01-13 12:00:26.005623,84.36905,84.3895,85.7675
2022-01-13 12:00:26.502283,84.42104,84.90575,85.7675
2022-01-13 12:00:27.001739,83.90492,84.132,85.4527
2022-01-13 12:00:27.507286,84.11161,84.64825,85.4527
2022-01-13 12:00:28.005263,84.31831,84.4935,85.7675
2022-01-13 12:00:28.501462,84.00888,84.4415,85.7675
2022-01-13 12:00:29.009983,84.62773,85.0605,86.3952
2022-01-13 12:00:29.506013,83.7502,84.184,86.3952
2022-01-13 12:00:30.003454,84.26632,84.54425,85.4527
2022-01-13 12:00:30.507900,84.47302,84.54425,85.4527
2022-01-13 12:00:31.005647,84.21434,84.95775,86.00312
2022-01-13 12:00:31.501263,84.11161,84.3895,86.00312
2022-01-13 12:00:32.009609,84.00888,84.54425,85.92395
2022-01-13 12:00:32.503948,83.90492,84.33875,85.92395
2022-01-13 12:00:33.001417,84.78245,84.751,86.12093
2022-01-13 12:00:33.508528,84.47302,84.90575,86.12093
2022-01-13 12:00:34.008546,84.11161,84.33875,86.04176
2022-01-13 12:00:34.504278,84.00888,84.4935,86.04176
2022-01-13 12:00:35.001120,84.11161,84.33875,85.37447
2022-01-13 12:00:35.507485,84.36905,84.699,85.37447
2022-01-13 12:00:36.005766,84.21434,84.4935,85.02104
2022-01-13 12:00:36.502944,84.00888,84.54425,85.02104
2022-01-13 12:00:37.002205,84.05963,84.4415,85.88531
2022-01-13 12:00:37.508591,84.26632,84.4415,85.88531
2022-01-13 12:00:38.005342,84.1636,84.64825,86.08135
2022-01-13 12:00:38.510201,84.42104,84.751,86.08135
2022-01-13 12:00:39.009394,83.90492,84.28675,86.08135
2022-01-13 12:00:39.504615,84.11161,84.3895,86.08135
2022-01-13 12:00:40.004009,84.26632,84.64825,86.19916
2022-01-13 12:00:40.508037,84.11161,84.64825,86.19916
2022-01-13 12:00:41.005727,84.05963,84.33875,85.84572
2022-01-13 12:00:41.501370,84.1636,84.59625,85.84572
2022-01-13 12:00:42.010569,84.1636,84.4935,85.6101
2022-01-13 12:00:42.506180,84.00888,84.54425,85.6101
2022-01-13 12:00:43.004673,84.26632,84.64825,86.00312
2022-01-13 12:00:43.509954,83.49276,83.97725,86.00312
2022-01-13 12:00:44.007853,84.52377,84.95775,85.33489
2022-01-13 12:00:44.503351,84.57575,84.85375,85.33489
2022-01-13 12:00:45.003342,83.7502,84.184,86.3952
2022-01-13 12:00:45.510924,84.52377,84.803,86.3952
2022-01-13 12:00:46.009120,83.64747,84.184,85.6101
2022-01-13 12:00:46.505608,84.78245,84.95775,85.6101
2022-01-13 12:00:47.004624,83.54475,84.02925,85.68833
2022-01-13 12:00:47.509622,84.36905,85.0085,85.68833
2022-01-13 12:00:48.007347,83.85417,84.132,85.88531
2022-01-13 12:00:48.502284,84.67848,84.85375,85.88531
2022-01-13 12:00:49.002553,84.21434,84.33875,86.86645
2022-01-13 12:00:49.508652,84.00888,84.4935,86.86645
2022-01-13 12:00:50.007177,84.31831,84.803,85.84572
2022-01-13 12:00:50.503794,83.80219,84.132,85.84572
2022-01-13 12:00:51.001747,84.78245,85.1125,86.04176
2022-01-13 12:00:51.507699,83.39003,84.28675,86.04176
2022-01-13 12:00:52.006196,84.31831,84.59625,85.57051
2022-01-13 12:00:52.501312,84.36905,84.33875,85.57051
2022-01-13 12:00:53.009179,84.11161,84.59625,86.12093
2022-01-13 12:00:53.504557,84.62773,84.90575,86.12093
2022-01-13 12:00:54.002889,83.69946,84.184,86.5526
2022-01-13 12:00:54.510270,84.36905,84.751,86.5526
2022-01-13 12:00:55.008998,83.80219,84.59625,85.29625
2022-01-13 12:00:55.503288,84.83319,85.0605,85.29625
2022-01-13 12:00:56.003408,83.90492,83.92525,85.4527
2022-01-13 12:00:56.508347,84.36905,84.751,85.4527
2022-01-13 12:00:57.005541,84.31831,84.803,85.96354
2022-01-13 12:00:57.501999,84.11161,84.4415,85.96354
2022-01-13 12:00:58.010993,83.9569,84.4935,86.00312
2022-01-13 12:00:58.505059,83.80219,84.4415,86.00312
2022-01-13 12:00:59.005186,84.31831,84.64825,87.25947
2022-01-13 12:00:59.501709,84.47302,84.59625,87.25947
2022-01-13 12:01:00.008572,84.42104,84.54425,85.72791
2022-01-13 12:01:00.503894,83.90492,84.23475,85.72791
2022-01-13 12:01:01.001682,84.36905,84.751,85.80614
2022-01-13 12:01:01.506730,84.21434,84.59625,85.80614
2022-01-13 12:01:02.006236,83.7502,84.23475,86.00312
2022-01-13 12:01:02.501121,84.1636,84.699,86.00312
2022-01-13 12:01:03.010029,84.11161,84.08,86.08135
2022-01-13 12:01:03.505639,84.36905,84.54425,86.08135
2022-01-13 12:01:04.007196,84.31831,84.59625,85.33489
2022-01-13 12:01:04.502499,84.21434,84.54425,85.33489
2022-01-13 12:01:05.004513,84.47302,84.803,85.80614
2022-01-13 12:01:05.511040,83.7502,84.184,85.80614
2022-01-13 12:01:06.009143,84.36905,84.751,85.68833
2022-01-13 12:01:06.507904,84.21434,84.4415,85.68833
2022-01-13 12:01:07.006584,84.21434,84.54425,86.90604
2022-01-13 12:01:07.502930,84.47302,84.64825,86.90604
2022-01-13 12:01:08.003252,84.05963,84.54425,85.80614
2022-01-13 12:01:08.509326,84.21434,84.4935,85.80614
2022-01-13 12:01:09.010542,84.1636,84.3895,86.19916
2022-01-13 12:01:09.505064,84.36905,84.90575,86.19916
2022-01-13 12:01:10.006605,83.85417,84.184,86.19916
2022-01-13 12:01:10.503790,84.47302,84.85375,86.19916
2022-01-13 12:01:11.505416,84.11161,84.4935,86.08135
2022-01-13 12:01:12.005524,84.36905,84.751,85.4527
2022-01-13 12:01:12.502131,83.7502,84.02925,85.4527
2022-01-13 12:01:13.003518,84.31831,84.85375,86.08135
2022-01-13 12:01:13.502095,83.85417,84.3895,86.08135
2022-01-13 12:01:14.010630,84.42104,84.699,85.33489
2022-01-13 12:01:14.505263,83.9569,84.184,85.33489
2022-01-13 12:01:15.003840,84.36905,84.699,85.4527
2022-01-13 12:01:15.510774,84.36905,84.54425,85.4527
2022-01-13 12:01:16.009183,83.69946,83.97725,85.80614
2022-01-13 12:01:16.504447,84.42104,84.59625,85.80614
2022-01-13 12:01:17.002678,83.59549,84.184,86.08135
2022-01-13 12:01:17.509576,84.93716,85.26725,86.08135
2022-01-13 12:01:18.009212,83.80219,83.97725,85.49229
2022-01-13 12:01:18.505420,84.05963,84.4935,85.49229
2022-01-13 12:01:19.003912,84.1636,84.54425,85.68833
2022-01-13 12:01:19.510168,84.26632,84.699,85.68833
2022-01-13 12:01:20.008501,84.36905,84.751,86.12093
2022-01-13 12:01:20.503942,83.59549,84.132,86.12093
2022-01-13 12:01:21.002895,84.31831,84.54425,85.72791
2022-01-13 12:01:21.507987,84.31831,84.4935,85.72791
2022-01-13 12:01:22.006391,84.57575,84.803,85.09926
2022-01-13 12:01:22.503612,83.69946,83.97725,85.09926
2022-01-13 12:01:23.001166,84.11161,84.699,85.06062
2022-01-13 12:01:23.507319,84.21434,84.54425,85.06062
2022-01-13 12:01:24.005574,83.64747,84.132,86.04176
2022-01-13 12:01:25.502582,84.47302,84.59625,86.04176
2022-01-13 12:01:26.003469,84.31831,84.59625,85.13885
2022-01-13 12:01:26.507651,84.36905,84.751,85.13885
2022-01-13 12:01:27.006113,83.59549,84.184,85.88531
2022-01-13 12:01:27.502173,83.80219,84.28675,85.88531
2022-01-13 12:01:28.009704,84.1636,84.751,86.12093
2022-01-13 12:01:28.505235,83.9569,84.54425,86.12093
2022-01-13 12:01:29.003201,84.31831,84.4935,85.80614
2022-01-13 12:01:29.508324,84.42104,84.4935,85.80614
2022-01-13 12:01:30.006866,84.05963,84.23475,85.25666
2022-01-13 12:01:30.501442,84.57575,85.0085,85.25666
2022-01-13 12:01:31.009333,84.00888,84.54425,86.08135
2022-01-13 12:01:31.504128,83.90492,84.23475,86.08135
2022-01-13 12:01:32.001967,83.9569,84.54425,85.25666
2022-01-13 12:01:32.507542,84.31831,84.699,85.25666
2022-01-13 12:01:33.005571,84.47302,84.64825,85.6101
2022-01-13 12:01:33.501356,84.11161,84.54425,85.6101
2022-01-13 12:01:34.007776,84.36905,84.699,85.88531
2022-01-13 12:01:34.501929,84.05963,84.4935,85.88531
2022-01-13 12:01:35.004802,84.31831,84.699,85.7675
2022-01-13 12:01:35.508339,84.00888,84.4935,85.7675
2022-01-13 12:01:36.005347,84.05963,84.23475,86.98426
2022-01-13 12:01:36.510038,84.42104,84.64825,86.98426
2022-01-13 12:01:37.007345,84.11161,84.23475,85.64968
2022-01-13 12:01:37.505920,84.67848,85.0605,85.64968
2022-01-13 12:01:38.002920,83.9569,84.28675,85.96354
2022-01-13 12:01:38.509622,84.05963,84.59625,85.96354
2022-01-13 12:01:39.009281,83.64747,84.132,85.53187
2022-01-13 12:01:39.504071,84.57575,84.85375,85.53187
2022-01-13 12:01:40.001292,84.31831,84.54425,85.6101
2022-01-13 12:01:40.506125,84.21434,84.28675,85.6101
2022-01-13 12:01:41.003164,84.05963,84.28675,85.57051
2022-01-13 12:01:41.508023,84.31831,84.751,85.57051
2022-01-13 12:01:42.006835,84.73046,85.1125,85.37447
2022-01-13 12:01:42.510473,83.39003,83.97725,85.37447
2022-01-13 12:01:43.009070,84.21434,84.54425,86.90604
2022-01-13 12:01:43.502431,83.90492,84.28675,86.90604
2022-01-13 12:01:44.001461,84.52377,84.59625,85.57051
2022-01-13 12:01:44.505654,84.31831,84.699,85.57051
2022-01-13 12:01:45.003948,83.59549,83.97725,86.23875
2022-01-13 12:01:45.501570,84.21434,84.54425,86.23875
2022-01-13 12:01:46.009221,84.1636,84.59625,85.84572
2022-01-13 12:01:46.504884,84.31831,84.54425,85.84572
2022-01-13 12:01:47.001679,83.7502,84.33875,86.3952
2022-01-13 12:01:47.509029,84.00888,84.23475,86.3952
2022-01-13 12:01:48.006238,84.26632,84.33875,85.68833
2022-01-13 12:01:48.502810,84.31831,84.699,85.68833
2022-01-13 12:01:49.002208,83.9569,84.54425,85.7675
2022-01-13 12:01:49.506905,83.90492,84.02925,85.7675
2022-01-13 12:01:50.006910,84.1636,84.4935,86.31697
2022-01-13 12:01:50.501948,84.05963,84.59625,86.31697
2022-01-13 12:01:51.001476,84.67848,84.803,85.53187
2022-01-13 12:01:51.506998,84.21434,84.33875,85.53187
2022-01-13 12:01:52.007876,83.69946,83.92525,86.12093
2022-01-13 12:01:52.501763,84.47302,84.95775,86.12093
2022-01-13 12:01:53.010736,84.26632,84.59625,86.31697
2022-01-13 12:01:53.504990,84.00888,84.3895,86.31697
2022-01-13 12:01:54.004455,84.1636,84.64825,85.49229
2022-01-13 12:01:54.510233,83.9569,84.23475,85.49229
2022-01-13 12:01:55.008700,84.83319,85.1125,85.53187
2022-01-13 12:01:55.505375,83.90492,84.33875,85.53187
2022-01-13 12:01:56.002115,84.1636,84.59625,85.57051
2022-01-13 12:01:56.502183,83.69946,84.23475,85.57051
2022-01-13 12:01:57.006150,84.67848,84.85375,85.49229
2022-01-13 12:01:57.501621,83.54475,84.23475,85.49229
2022-01-13 12:01:58.001382,84.31831,84.699,85.29625
2022-01-13 12:01:58.507230,84.36905,84.64825,85.29625
2022-01-13 12:01:59.005837,83.64747,83.92525,86.3952
2022-01-13 12:01:59.508502,84.67848,85.1125,86.3952
2022-01-13 12:02:00.007315,83.69946,84.132,85.6101
2022-01-13 12:02:00.510126,84.21434,84.4935,85.6101
2022-01-13 12:02:01.007123,83.9569,84.64825,87.06343
2022-01-13 12:02:01.502279,84.21434,84.54425,87.06343
2022-01-13 12:02:02.011055,84.36905,84.699,85.80614
2022-01-13 12:02:02.505593,84.1636,84.184,85.80614
2022-01-13 12:02:03.002435,84.42104,84.751,86.12093
2022-01-13 12:02:03.503755,83.80219,84.132,86.12093
2022-01-13 12:02:04.002987,84.62773,84.85375,86.90604
2022-01-13 12:02:04.501391,83.80219,84.184,86.90604
2022-01-13 12:02:05.008613,84.62773,85.0605,85.6101
2022-01-13 12:02:05.504333,83.28607,83.92525,85.6101
2022-01-13 12:02:06.003881,84.78245,85.0085,85.49229
2022-01-13 12:02:06.510726,84.36905,84.64825,85.49229
2022-01-13 12:02:07.008119,84.11161,84.4935,85.84572
2022-01-13 12:02:07.504131,84.11161,84.4415,85.84572
2022-01-13 12:02:08.003011,83.90492,84.33875,85.84572
2022-01-13 12:02:08.508310,84.52377,84.803,85.84572
2022-01-13 12:02:09.006911,83.69946,84.4935,85.41406
2022-01-13 12:02:09.502545,84.36905,84.699,85.41406
2022-01-13 12:02:10.001651,84.1636,84.4415,85.29625
2022-01-13 12:02:10.509786,84.42104,84.751,85.29625
2022-01-13 12:02:11.006841,84.52377,84.751,86.15958
2022-01-13 12:02:11.501799,83.85417,84.33875,86.15958
2022-01-13 12:02:12.008909,84.21434,84.4415,85.57051
2022-01-13 12:02:12.502773,83.7502,84.4415,85.57051
2022-01-13 12:02:13.002118,84.31831,84.54425,85.92395
2022-01-13 12:02:13.510139,84.05963,84.4415,85.92395
2022-01-13 12:02:14.008650,83.85417,84.33875,86.43479
2022-01-13 12:02:14.503039,84.62773,84.90575,86.43479
2022-01-13 12:02:15.001580,84.05963,84.33875,86.12093
2022-01-13 12:02:15.506685,84.42104,84.4935,86.12093
2022-01-13 12:02:16.004982,83.18334,83.71975,88.63364
2022-01-13 12:02:16.509873,84.1636,84.132,88.63364
2022-01-13 12:02:17.007806,84.1636,84.4935,231.65801
2022-01-13 12:02:17.504823,84.36905,84.4415,231.65801
2022-01-13 12:02:18.011166,83.90492,84.08,211.39426
2022-01-13 12:02:18.505228,84.05963,84.3895,211.39426
2022-01-13 12:02:19.003012,84.1636,84.28675,133.32416
2022-01-13 12:02:19.507768,84.31831,84.85375,133.32416
2022-01-13 12:02:20.005897,83.85417,84.02925,91.18687
2022-01-13 12:02:20.501170,83.64747,84.132,91.18687
2022-01-13 12:02:21.009264,84.00888,84.02925,92.67885
2022-01-13 12:02:21.505085,84.78245,84.95775,92.67885
2022-01-13 12:02:22.002764,83.59549,83.8745,88.39801
2022-01-13 12:02:22.502460,84.57575,84.85375,88.39801
2022-01-13 12:02:23.002020,83.85417,84.3895,86.98426
2022-01-13 12:02:23.507977,84.52377,84.699,86.98426
2022-01-13 12:02:24.010745,84.05963,84.803,86.27739
2022-01-13 12:02:24.505317,83.9569,84.184,86.27739
2022-01-13 12:02:25.009810,84.47302,84.751,85.68833
2022-01-13 12:02:25.504071,83.9569,84.33875,85.68833
2022-01-13 12:02:26.003481,84.42104,84.699,85.80614
2022-01-13 12:02:26.508328,83.90492,84.4415,85.80614
2022-01-13 12:02:27.008492,84.36905,84.4935,86.90604
2022-01-13 12:02:27.503811,84.05963,84.699,86.90604
2022-01-13 12:02:28.001753,84.47302,84.85375,86.47437
2022-01-13 12:02:28.508481,84.42104,84.751,86.47437
2022-01-13 12:02:29.007902,84.05963,84.33875,86.90604
2022-01-13 12:02:29.503293,84.31831,84.85375,86.90604
2022-01-13 12:02:30.010830,83.64747,84.23475,85.29625
2022-01-13 12:02:30.505805,84.57575,84.90575,85.29625
2022-01-13 12:02:31.004499,83.59549,84.184,86.47437
2022-01-13 12:02:31.510930,84.36905,84.59625,86.47437
2022-01-13 12:02:32.010530,84.21434,84.699,85.6101
2022-01-13 12:02:32.507303,84.1636,84.803,85.6101
2022-01-13 12:02:33.005508,84.21434,84.4935,86.12093
2022-01-13 12:02:33.510353,83.7502,84.28675,86.12093
2022-01-13 12:02:34.011107,84.26632,84.59625,85.33489
2022-01-13 12:02:34.506740,83.7502,84.3895,85.33489
2022-01-13 12:02:35.003896,84.62773,84.803,85.33489
2022-01-13 12:02:35.509244,84.00888,84.3895,85.33489
2022-01-13 12:02:36.007447,84.42104,84.699,86.23875
2022-01-13 12:02:36.501488,84.05963,84.33875,86.23875
2022-01-13 12:02:37.010019,84.11161,84.64825,86.43479
2022-01-13 12:02:37.505203,84.42104,84.4935,86.43479
2022-01-13 12:02:38.003552,83.64747,84.23475,85.37447
2022-01-13 12:02:38.510254,84.26632,84.59625,85.37447
2022-01-13 12:02:39.007905,84.21434,84.751,85.64968
2022-01-13 12:02:39.503272,84.05963,84.54425,85.64968
2022-01-13 12:02:40.001120,84.47302,84.751,86.15958
2022-01-13 12:02:40.508450,83.80219,84.28675,86.15958
2022-01-13 12:02:41.006303,84.26632,84.33875,85.84572
2022-01-13 12:02:41.510314,84.31831,84.85375,85.84572
2022-01-13 12:02:42.008465,84.1636,84.4415,85.57051
2022-01-13 12:02:42.502994,83.49276,84.08,85.57051
2022-01-13 12:02:43.010877,84.36905,84.4935,85.29625
2022-01-13 12:02:43.505160,84.52377,84.59625,85.29625
2022-01-13 12:02:44.003364,84.47302,84.90575,85.02104
2022-01-13 12:02:44.508591,84.11161,84.3895,85.02104
2022-01-13 12:02:45.006782,83.64747,84.33875,86.15958
2022-01-13 12:02:45.511152,84.52377,84.64825,86.15958
2022-01-13 12:02:46.008717,83.9569,84.803,85.72791
2022-01-13 12:02:46.502996,84.11161,84.28675,85.72791
2022-01-13 12:02:47.001539,84.47302,84.4935,85.13885
2022-01-13 12:02:47.506591,83.59549,84.23475,85.13885
2022-01-13 12:02:48.003262,84.73046,84.85375,86.31697
2022-01-13 12:02:48.509371,83.9569,84.54425,86.31697
2022-01-13 12:02:49.007700,84.05963,84.4415,86.47437
2022-01-13 12:02:49.503579,84.00888,84.699,86.47437
2022-01-13 12:02:50.002597,84.00888,84.28675,85.21708
2022-01-13 12:02:50.510017,84.57575,84.803,85.21708
2022-01-13 12:02:51.008120,84.26632,84.4935,86.08135
2022-01-13 12:02:51.503704,83.9569,84.08,86.08135
2022-01-13 12:02:52.010746,83.9569,84.33875,85.92395
2022-01-13 12:02:52.505399,84.93716,85.26725,85.92395
2022-01-13 12:02:53.003964,83.44078,84.184,86.00312
2022-01-13 12:02:54.004925,84.05963,84.28675,85.37447
2022-01-13 12:02:54.505459,84.36905,84.64825,85.37447
2022-01-13 12:02:55.005166,84.73046,84.803,86.19916
2022-01-13 12:02:55.510911,83.9569,84.4415,86.19916
2022-01-13 12:02:56.008600,84.11161,84.23475,86.35656
2022-01-13 12:02:56.504510,84.11161,84.95775,86.35656
2022-01-13 12:02:57.004240,84.21434,84.4935,86.27739
2022-01-13 12:02:57.507557,83.7502,84.28675,86.27739
2022-01-13 12:02:58.001593,84.31831,84.54425,84.90322
2022-01-13 12:02:58.503901,84.00888,84.28675,84.90322
2022-01-13 12:02:59.001818,84.26632,84.751,85.96354
2022-01-13 12:02:59.506719,84.42104,84.54425,85.96354
2022-01-13 12:03:00.005929,83.90492,84.699,85.68833
2022-01-13 12:03:00.501533,84.62773,84.751,85.68833
2022-01-13 12:03:01.001446,83.59549,84.184,86.12093
2022-01-13 12:03:01.510736,84.73046,84.85375,86.12093
2022-01-13 12:03:02.007215,84.21434,84.23475,85.25666
2022-01-13 12:03:02.507198,84.00888,84.59625,85.25666
2022-01-13 12:03:03.011075,83.85417,84.02925,85.6101
2022-01-13 12:03:03.506218,84.26632,85.0605,85.6101
2022-01-13 12:03:04.003668,84.31831,84.64825,85.25666
2022-01-13 12:03:04.509740,84.11161,84.751,85.25666
2022-01-13 12:03:05.009139,84.26632,84.3895,86.31697
2022-01-13 12:03:05.504852,84.21434,84.33875,86.31697
2022-01-13 12:03:06.004066,84.62773,85.0085,86.00312
2022-01-13 12:03:06.501410,84.05963,84.3895,86.00312
2022-01-13 12:03:07.010053,83.69946,84.28675,86.08135
2022-01-13 12:03:07.505554,84.1636,84.3895,86.08135
2022-01-13 12:03:08.003077,84.05963,84.751,85.37447
2022-01-13 12:03:08.506775,84.21434,84.3895,85.37447
2022-01-13 12:03:09.005348,84.42104,84.64825,85.57051
2022-01-13 12:03:09.502378,83.80219,84.23475,85.57051
2022-01-13 12:03:10.002389,84.42104,84.59625,86.3952
2022-01-13 12:03:10.509784,84.21434,84.803,86.3952
2022-01-13 12:03:11.007416,84.36905,84.64825,86.35656
2022-01-13 12:03:11.507205,84.00888,84.64825,86.35656
2022-01-13 12:03:12.006468,83.85417,84.08,86.31697
2022-01-13 12:03:12.502767,84.57575,84.95775,86.31697
2022-01-13 12:03:13.003843,84.52377,84.90575,85.88531
2022-01-13 12:03:13.502155,83.9569,84.184,85.88531
2022-01-13 12:03:14.010723,83.80219,84.33875,85.57051
2022-01-13 12:03:14.508573,84.36905,84.59625,85.57051
2022-01-13 12:03:15.006302,84.1636,84.23475,85.21708
2022-01-13 12:03:15.503886,84.21434,84.4415,85.21708
2022-01-13 12:03:16.005127,83.9569,84.23475,86.00312
2022-01-13 12:03:16.505548,84.11161,84.28675,86.00312
2022-01-13 12:03:17.011534,85.09187,85.1125,86.78822
2022-01-13 12:03:18.005418,84.26632,84.54425,86.15958
2022-01-13 12:03:18.501310,83.9569,84.4935,86.15958
2022-01-13 12:03:19.002358,84.36905,84.64825,85.88531
2022-01-13 12:03:19.507407,83.80219,84.33875,85.88531
2022-01-13 12:03:20.006562,84.26632,84.54425,85.57051
2022-01-13 12:03:20.501455,84.62773,84.699,85.57051
2022-01-13 12:03:21.009344,84.42104,84.751,85.57051
2022-01-13 12:03:21.502716,84.26632,84.4935,85.57051
2022-01-13 12:03:22.505551,84.21434,84.4935,86.04176
2022-01-13 12:03:23.004238,83.7502,84.4415,85.84572
2022-01-13 12:03:23.501201,84.57575,84.803,85.84572
2022-01-13 12:03:24.009043,84.11161,84.08,85.84572
2022-01-13 12:03:24.505639,84.36905,84.90575,85.84572
2022-01-13 12:03:25.004906,84.26632,84.4935,86.78822
2022-01-13 12:03:25.509831,83.9569,84.59625,86.78822
2022-01-13 12:03:26.007055,84.36905,84.54425,85.25666
2022-01-13 12:03:26.501622,83.80219,84.54425,85.25666
2022-01-13 12:03:27.002225,84.11161,84.4415,85.92395
2022-01-13 12:03:27.508604,84.26632,84.4415,85.92395
2022-01-13 12:03:28.005991,84.1636,84.699,85.57051
2022-01-13 12:03:28.501388,84.31831,84.184,85.57051
2022-01-13 12:03:29.010324,84.11161,84.699,86.15958
2022-01-13 12:03:29.506163,84.31831,84.751,86.15958
2022-01-13 12:03:30.005194,83.64747,84.3895,85.37447
2022-01-13 12:03:30.509895,84.1636,84.54425,85.37447
2022-01-13 12:03:31.008792,84.21434,84.4415,85.68833
2022-01-13 12:03:31.503942,84.11161,84.4935,85.68833
2022-01-13 12:03:32.002351,84.62773,84.751,85.6101
2022-01-13 12:03:32.508616,83.80219,84.54425,85.6101
2022-01-13 12:03:33.006629,84.57575,84.803,85.57051
2022-01-13 12:03:33.511364,84.1636,84.64825,85.57051
2022-01-13 12:03:34.002045,83.80219,84.132,85.21708
2022-01-13 12:03:34.506404,84.1636,84.64825,85.21708
2022-01-13 12:03:35.005229,83.80219,84.4935,85.92395
2022-01-13 12:03:35.501099,84.78245,84.85375,85.92395
2022-01-13 12:03:36.010602,83.90492,84.54425,86.15958
2022-01-13 12:03:36.504243,84.00888,84.3895,86.15958
2022-01-13 12:03:37.003145,84.47302,84.90575,86.08135
2022-01-13 12:03:37.509276,84.42104,84.4935,86.08135
2022-01-13 12:03:38.006899,83.64747,84.23475,85.84572
2022-01-13 12:03:38.504627,84.11161,84.4935,85.84572
2022-01-13 12:03:39.002101,84.62773,84.751,85.88531
2022-01-13 12:03:39.507231,83.69946,84.3895,85.88531
2022-01-13 12:03:40.005219,84.73046,84.95775,85.21708
2022-01-13 12:03:40.510700,83.39003,84.08,85.21708
2022-01-13 12:03:41.006707,84.78245,85.0085,85.7675
2022-01-13 12:03:41.501179,83.85417,84.4935,85.7675
2022-01-13 12:03:42.006308,84.26632,84.4415,85.57051
2022-01-13 12:03:42.503323,84.36905,84.28675,85.57051
2022-01-13 12:03:43.004102,83.9569,84.54425,85.21708
2022-01-13 12:03:43.509391,84.42104,84.803,85.21708
2022-01-13 12:03:44.006193,83.85417,84.33875,86.59218
2022-01-13 12:03:44.501469,84.1636,84.54425,86.59218
2022-01-13 12:03:45.003458,83.85417,84.4935,86.15958
2022-01-13 12:03:45.509311,84.57575,84.95775,86.15958
2022-01-13 12:03:46.006908,84.36905,84.54425,85.37447
2022-01-13 12:03:46.505973,83.90492,84.28675,85.37447
2022-01-13 12:03:47.009732,84.31831,84.4935,86.15958
2022-01-13 12:03:47.506061,83.85417,84.59625,86.15958
2022-01-13 12:03:48.004243,84.93716,85.0605,85.33489
2022-01-13 12:03:48.509720,83.44078,83.92525,85.33489
2022-01-13 12:03:49.007541,84.47302,84.90575,86.00312
2022-01-13 12:03:49.509711,84.00888,84.184,86.00312
2022-01-13 12:03:50.010210,84.9879,85.37,85.6101
2022-01-13 12:03:50.505916,83.69946,83.97725,85.6101
2022-01-13 12:03:51.010020,84.31831,84.751,85.7675
2022-01-13 12:03:51.505767,83.90492,84.132,85.7675
2022-01-13 12:03:52.010382,84.00888,84.4415,85.37447
2022-01-13 12:03:52.507596,84.62773,84.95775,85.37447
2022-01-13 12:03:53.006639,84.05963,84.132,86.63083
2022-01-13 12:03:53.501365,84.26632,84.699,86.63083
2022-01-13 12:03:54.001293,84.36905,84.751,85.13885
2022-01-13 12:03:54.507090,83.7502,84.4415,85.13885
2022-01-13 12:03:55.004946,84.31831,84.4935,86.00312
2022-01-13 12:03:55.510577,83.80219,84.3895,86.00312
2022-01-13 12:03:56.010283,84.36905,84.751,85.88531
2022-01-13 12:03:56.507285,84.1636,84.59625,85.88531
2022-01-13 12:03:57.005272,84.26632,84.59625,85.92395
2022-01-13 12:03:57.502742,84.47302,84.4415,85.92395
2022-01-13 12:03:58.001910,84.11161,84.59625,86.23875
2022-01-13 12:03:58.501737,84.00888,84.23475,86.23875
2022-01-13 12:03:59.010178,84.26632,84.751,85.57051
2022-01-13 12:03:59.502323,84.21434,84.64825,85.57051
2022-01-13 12:04:00.002980,83.69946,84.28675,85.7675
2022-01-13 12:04:00.502474,84.05963,84.4415,85.7675
2022-01-13 12:04:01.009586,84.47302,84.59625,85.68833
2022-01-13 12:04:01.507055,84.26632,84.751,85.68833
2022-01-13 12:04:02.006217,84.26632,84.3895,86.47437
2022-01-13 12:04:02.511255,84.00888,84.28675,86.47437
2022-01-13 12:04:03.009150,84.1636,84.4935,86.19916
2022-01-13 12:04:03.506400,83.85417,84.4415,86.19916
2022-01-13 12:04:04.005914,84.42104,84.90575,85.7675
2022-01-13 12:04:04.501448,84.05963,83.92525,85.7675
2022-01-13 12:04:05.002815,84.21434,84.751,85.29625
2022-01-13 12:04:05.509496,84.52377,84.751,85.29625
2022-01-13 12:04:06.002266,83.9569,84.3895,86.08135
2022-01-13 12:04:06.507667,84.83319,85.0605,86.08135
2022-01-13 12:04:07.008964,83.44078,83.92525,85.80614
2022-01-13 12:04:07.505221,84.21434,84.699,85.80614
2022-01-13 12:04:08.003597,84.1636,84.4415,85.02104
2022-01-13 12:04:08.501844,84.42104,84.751,85.02104
2022-01-13 12:04:09.001103,84.00888,84.184,85.41406
2022-01-13 12:04:09.505873,84.11161,84.64825,85.41406
2022-01-13 12:04:10.003687,84.31831,84.751,85.68833
2022-01-13 12:04:10.510068,83.9569,84.3895,85.68833
2022-01-13 12:04:11.004202,84.26632,84.54425,85.4527
2022-01-13 12:04:11.510129,83.59549,83.8745,85.4527
2022-01-13 12:04:12.008718,84.52377,84.85375,85.7675
2022-01-13 12:04:12.510166,84.42104,84.54425,85.7675
2022-01-13 12:04:13.010874,84.21434,84.64825,85.96354
2022-01-13 12:04:13.509444,83.9569,84.28675,85.96354
2022-01-13 12:04:14.008044,83.59549,83.97725,86.00312
2022-01-13 12:04:15.505620,84.47302,84.85375,86.00312
2022-01-13 12:04:16.002084,84.00888,83.97725,85.7675
2022-01-13 12:04:16.502273,84.52377,85.0605,85.7675
2022-01-13 12:04:17.006030,84.26632,84.59625,85.33489
2022-01-13 12:04:17.507120,84.05963,84.4415,85.33489
2022-01-13 12:04:18.006051,84.05963,84.33875,86.04176
2022-01-13 12:04:18.503270,83.90492,84.4415,86.04176
2022-01-13 12:04:19.003114,84.62773,85.0605,85.72791
2022-01-13 12:04:19.508331,84.1636,84.184,85.72791
2022-01-13 12:04:20.007427,84.1636,84.699,85.88531
2022-01-13 12:04:20.504258,84.11161,84.4415,85.88531
2022-01-13 12:04:21.001578,84.26632,84.95775,85.37447
2022-01-13 12:04:21.507677,84.21434,84.4415,85.37447
2022-01-13 12:04:22.007058,84.11161,84.59625,85.57051
2022-01-13 12:04:22.503949,84.11161,84.4415,85.57051
2022-01-13 12:04:23.007904,84.62773,84.803,85.92395
2022-01-13 12:04:23.502569,84.1636,84.4935,85.92395
2022-01-13 12:04:24.001705,84.42104,84.4415,86.3952
2022-01-13 12:04:24.507378,83.9569,84.54425,86.3952
2022-01-13 12:04:25.003997,84.21434,84.54425,85.84572
2022-01-13 12:04:25.509771,83.90492,84.3895,85.84572
2022-01-13 12:04:26.010854,84.31831,84.803,85.57051
2022-01-13 12:04:26.505565,84.1636,84.33875,85.57051
2022-01-13 12:04:27.009265,84.00888,84.28675,85.72791
2022-01-13 12:04:27.503172,84.36905,84.54425,85.72791
2022-01-13 12:04:28.010160,84.1636,84.64825,85.21708
2022-01-13 12:04:28.506122,84.1636,84.3895,85.21708
2022-01-13 12:04:29.003319,83.85417,84.23475,85.33489
2022-01-13 12:04:29.509188,84.1636,84.699,85.33489
2022-01-13 12:04:30.006273,84.26632,84.64825,85.49229
2022-01-13 12:04:30.510805,84.26632,84.4935,85.49229
2022-01-13 12:04:31.007709,84.67848,84.803,85.7675
2022-01-13 12:04:31.502998,83.80219,84.132,85.7675
2022-01-13 12:04:32.010516,84.47302,84.95775,86.12093
2022-01-13 12:04:32.504432,83.69946,84.08,86.12093
2022-01-13 12:04:33.002016,84.62773,84.95775,85.33489
2022-01-13 12:04:33.507236,83.69946,84.02925,85.33489
2022-01-13 12:04:34.005315,84.26632,84.54425,86.27739
2022-01-13 12:04:34.503487,84.52377,84.4935,86.27739
2022-01-13 12:04:35.001093,83.9569,84.59625,85.57051
2022-01-13 12:04:35.506750,84.47302,84.803,85.57051
2022-01-13 12:04:36.004170,83.90492,84.184,85.80614
2022-01-13 12:04:36.501377,84.1636,84.751,85.80614
2022-01-13 12:04:37.009914,83.85417,84.4935,85.41406
2022-01-13 12:04:37.505630,84.36905,84.59625,85.41406
2022-01-13 12:04:38.005258,83.39003,83.04875,85.64968
2022-01-13 12:04:38.509681,84.31831,84.64825,85.64968
2022-01-13 12:04:39.007298,84.73046,84.90575,234.28947
2022-01-13 12:04:39.502819,83.64747,83.8745,234.28947
2022-01-13 12:04:40.001966,84.36905,84.59625,218.58083
2022-01-13 12:04:40.507606,83.49276,84.08,218.58083
2022-01-13 12:04:41.006529,84.31831,84.64825,163.09114
2022-01-13 12:04:41.501586,84.11161,84.23475,163.09114
2022-01-13 12:04:42.009746,84.1636,84.28675,101.55437
2022-01-13 12:04:42.505339,83.7502,84.08,101.55437
2022-01-13 12:04:43.005605,84.26632,84.803,93.58176
2022-01-13 12:04:43.510759,84.21434,84.3895,93.58176
2022-01-13 12:04:44.008440,83.44078,83.7705,87.61291
2022-01-13 12:04:44.503216,84.42104,84.85375,87.61291
2022-01-13 12:04:45.003592,83.7502,83.8225,88.63364
2022-01-13 12:04:45.508255,84.57575,84.95775,88.63364
2022-01-13 12:04:46.006891,84.05963,84.33875,86.19916
2022-01-13 12:04:46.502933,84.31831,84.64825,86.19916
2022-01-13 12:04:47.004954,84.31831,84.751,86.12093
2022-01-13 12:04:47.509889,84.00888,84.54425,86.12093
2022-01-13 12:04:48.009329,84.21434,84.59625,87.29906
2022-01-13 12:04:48.505692,84.00888,84.28675,87.29906
2022-01-13 12:04:49.003815,84.05963,84.33875,86.5526
2022-01-13 12:04:49.509723,84.52377,84.751,86.5526
2022-01-13 12:04:50.010865,83.9569,84.54425,87.37729
2022-01-13 12:04:50.504817,84.21434,84.54425,87.37729
2022-01-13 12:04:51.002773,84.26632,84.751,86.27739
2022-01-13 12:04:51.509220,84.26632,84.751,86.27739
2022-01-13 12:04:52.006176,84.05963,84.699,87.02385
2022-01-13 12:04:52.501777,84.1636,84.28675,87.02385
2022-01-13 12:04:53.001166,84.42104,84.54425,85.21708
2022-01-13 12:04:53.505633,83.9569,84.28675,85.21708
2022-01-13 12:04:54.003097,84.62773,85.0605,85.49229
2022-01-13 12:04:54.506318,83.7502,84.08,85.49229
2022-01-13 12:04:55.005868,84.1636,84.751,85.13885
2022-01-13 12:04:55.510357,84.11161,84.699,85.13885
2022-01-13 12:04:56.008080,84.31831,84.64825,85.72791
2022-01-13 12:04:56.501126,84.36905,84.699,85.72791
2022-01-13 12:04:57.005010,83.85417,84.23475,86.31697
2022-01-13 12:04:57.506838,84.62773,84.95775,86.31697
2022-01-13 12:04:58.005147,83.80219,83.92525,86.04176
2022-01-13 12:04:58.502487,84.47302,84.90575,86.04176
2022-01-13 12:04:59.001754,83.33805,84.02925,86.19916
2022-01-13 12:04:59.506514,84.67848,85.1125,86.19916
2022-01-13 12:05:00.003654,84.11161,84.23475,86.51301
2022-01-13 12:05:00.505457,84.26632,84.64825,86.51301
2022-01-13 12:05:01.004807,84.42104,84.90575,85.53187
2022-01-13 12:05:01.509109,83.80219,84.23475,85.53187
2022-01-13 12:05:02.004573,84.57575,85.0085,86.35656
2022-01-13 12:05:02.508759,83.39003,83.92525,86.35656
2022-01-13 12:05:03.005018,84.21434,84.803,85.17843
2022-01-13 12:05:03.501157,84.31831,84.59625,85.17843
2022-01-13 12:05:04.002783,84.31831,84.59625,85.88531
2022-01-13 12:05:05.005471,84.05963,84.59625,86.00312
2022-01-13 12:05:05.511157,84.42104,84.90575,86.00312
2022-01-13 12:05:06.007731,83.59549,84.132,86.27739
2022-01-13 12:05:06.501767,84.47302,84.803,86.27739
2022-01-13 12:05:07.006041,83.64747,84.08,86.47437
2022-01-13 12:05:07.508349,84.78245,85.0085,86.47437
2022-01-13 12:05:08.002440,84.31831,84.4935,86.27739
2022-01-13 12:05:08.504494,84.11161,84.54425,86.27739
2022-01-13 12:05:09.006832,84.1636,84.4415,85.4527
2022-01-13 12:05:09.502704,83.90492,84.4415,85.4527
2022-01-13 12:05:10.010283,84.47302,84.95775,85.64968
2022-01-13 12:05:10.503555,83.85417,84.33875,85.64968
2022-01-13 12:05:11.007012,84.36905,84.59625,85.72791
2022-01-13 12:05:11.505048,84.21434,84.3895,85.72791
2022-01-13 12:05:12.001232,84.21434,84.4415,85.6101
2022-01-13 12:05:12.502324,84.21434,84.699,85.6101
2022-01-13 12:05:13.006078,83.80219,84.28675,85.72791
2022-01-13 12:05:13.509327,84.26632,84.4415,85.72791
2022-01-13 12:05:14.010882,83.80219,84.4415,85.80614
2022-01-13 12:05:14.510828,84.26632,84.751,85.80614
2022-01-13 12:05:15.006880,84.21434,84.28675,85.57051
2022-01-13 12:05:15.502449,84.36905,84.54425,85.57051
2022-01-13 12:05:16.005193,84.26632,84.95775,85.88531
2022-01-13 12:05:16.503774,83.85417,84.28675,85.88531
2022-01-13 12:05:17.002338,84.36905,84.64825,85.72791
2022-01-13 12:05:17.507041,83.7502,84.28675,85.72791
2022-01-13 12:05:18.005402,84.11161,84.33875,86.08135
2022-01-13 12:05:18.509575,84.31831,84.699,86.08135
2022-01-13 12:05:19.004656,83.90492,84.132,85.88531
2022-01-13 12:05:19.505333,84.47302,84.803,85.88531
2022-01-13 12:05:20.002199,83.90492,84.4415,85.6101
2022-01-13 12:05:20.503982,84.57575,84.90575,85.6101
2022-01-13 12:05:21.008588,83.85417,84.28675,85.21708
2022-01-13 12:05:21.507725,84.42104,84.64825,85.21708
2022-01-13 12:05:22.005018,84.1636,84.3895,85.88531
2022-01-13 12:05:22.508230,84.11161,84.3895,85.88531
2022-01-13 12:05:23.004513,84.26632,84.64825,85.02104
2022-01-13 12:05:23.505617,84.00888,84.4415,85.02104
2022-01-13 12:05:24.002905,84.67848,85.0085,85.68833
2022-01-13 12:05:24.506221,83.33805,83.66775,85.68833
2022-01-13 12:05:25.008761,84.73046,85.1125,86.19916
2022-01-13 12:05:25.501760,83.80219,84.33875,86.19916
2022-01-13 12:05:26.004507,84.21434,84.4935,85.7675
2022-01-13 12:05:26.506775,84.21434,84.54425,85.7675
2022-01-13 12:05:27.008235,83.90492,84.28675,86.15958
2022-01-13 12:05:27.501505,84.62773,85.0085,86.15958
2022-01-13 12:05:28.006565,83.85417,84.33875,85.88531
2022-01-13 12:05:28.509622,84.47302,84.751,85.88531
2022-01-13 12:05:29.004572,83.49276,84.132,85.72791
2022-01-13 12:05:29.508702,84.67848,84.85375,85.72791
2022-01-13 12:05:30.005828,84.00888,84.28675,85.68833
2022-01-13 12:05:30.508020,84.31831,84.85375,85.68833
2022-01-13 12:05:31.002494,84.11161,84.54425,85.72791
2022-01-13 12:05:31.501318,83.90492,84.132,85.72791
2022-01-13 12:05:32.003702,84.62773,85.0085,85.64968
2022-01-13 12:05:32.503276,83.64747,84.3895,85.64968
2022-01-13 12:05:33.009863,84.62773,84.699,86.15958
2022-01-13 12:05:34.001730,84.21434,84.64825,85.96354
2022-01-13 12:05:34.509194,84.47302,84.803,85.96354
2022-01-13 12:05:35.005376,84.00888,84.59625,85.33489
2022-01-13 12:05:35.504323,84.11161,84.28675,85.33489
2022-01-13 12:05:36.006981,83.7502,84.4415,86.31697
2022-01-13 12:05:36.501314,84.36905,84.59625,86.31697
2022-01-13 12:05:37.003477,84.1636,84.4415,86.19916
2022-01-13 12:05:37.504427,84.42104,84.59625,86.19916
2022-01-13 12:05:38.005017,83.85417,84.184,85.64968
2022-01-13 12:05:38.506423,84.36905,84.95775,85.64968
2022-01-13 12:05:39.001656,84.42104,84.699,85.72791
2022-01-13 12:05:39.503628,83.54475,84.184,85.72791
2022-01-13 12:05:40.009961,84.31831,84.54425,85.6101
2022-01-13 12:05:40.501757,84.31831,84.699,85.6101
2022-01-13 12:05:41.008088,84.21434,84.33875,85.21708
2022-01-13 12:05:41.501574,84.57575,84.95775,85.21708
2022-01-13 12:05:42.008689,83.85417,84.28675,86.00312
2022-01-13 12:05:42.503432,84.21434,84.64825,86.00312
2022-01-13 12:05:43.001937,83.90492,84.751,85.02104
2022-01-13 12:05:43.507242,84.1636,84.28675,85.02104
2022-01-13 12:05:44.003416,84.11161,84.59625,87.02385
2022-01-13 12:05:44.507246,84.1636,84.33875,87.02385
2022-01-13 12:05:45.002252,84.21434,84.64825,85.96354
2022-01-13 12:05:45.505325,84.00888,84.28675,85.96354
2022-01-13 12:05:46.002301,84.31831,84.751,86.90604
2022-01-13 12:05:46.506782,83.80219,84.28675,86.90604
2022-01-13 12:05:47.003606,84.36905,84.85375,85.68833
2022-01-13 12:05:47.506661,83.90492,84.3895,85.68833
2022-01-13 12:05:48.009862,84.42104,84.4935,86.35656
2022-01-13 12:05:48.502795,84.52377,84.803,86.35656
2022-01-13 12:05:49.006954,83.7502,84.02925,85.57051
2022-01-13 12:05:49.509581,84.62773,84.90575,85.57051
2022-01-13 12:05:50.006867,83.69946,84.184,85.72791
2022-01-13 12:05:50.509636,84.11161,84.4935,85.72791
2022-01-13 12:05:51.007242,83.90492,84.54425,85.21708
2022-01-13 12:05:51.502793,84.36905,84.64825,85.21708
2022-01-13 12:05:52.002903,84.21434,84.4415,85.53187
2022-01-13 12:05:52.508080,84.31831,84.751,85.53187
2022-01-13 12:05:53.002674,84.11161,84.4415,85.92395
2022-01-13 12:05:53.508904,84.1636,84.4415,85.92395
2022-01-13 12:05:54.004663,84.62773,84.751,85.53187
2022-01-13 12:05:54.501314,83.49276,84.08,85.53187
2022-01-13 12:05:55.001164,84.62773,84.85375,85.84572
2022-01-13 12:05:55.503088,83.9569,84.28675,85.84572
2022-01-13 12:05:56.009054,84.1636,84.54425,85.80614
2022-01-13 12:05:56.503783,84.21434,84.54425,85.80614
2022-01-13 12:05:57.008548,83.9569,84.4415,85.7675
2022-01-13 12:05:57.501662,84.62773,84.85375,85.7675
2022-01-13 12:05:58.007737,84.00888,84.4935,86.00312
2022-01-13 12:05:58.502452,84.11161,84.08,86.00312
2022-01-13 12:05:59.010792,84.52377,84.751,86.12093
2022-01-13 12:05:59.502902,84.47302,84.64825,86.12093
2022-01-13 12:06:00.004934,83.85417,84.132,85.41406
2022-01-13 12:06:00.508776,84.11161,84.54425,85.41406
2022-01-13 12:06:01.004109,84.31831,84.59625,86.82781
2022-01-13 12:06:01.504794,84.1636,84.64825,86.82781
2022-01-13 12:06:02.010079,84.42104,84.699,85.6101
2022-01-13 12:06:02.502027,83.7502,84.28675,85.6101
2022-01-13 12:06:03.010085,84.42104,84.59625,85.88531
2022-01-13 12:06:03.510293,84.57575,84.751,85.88531
2022-01-13 12:06:04.006802,83.85417,84.23475,86.5526
2022-01-13 12:06:04.510133,84.26632,84.3895,86.5526
2022-01-13 12:06:05.006259,84.11161,84.699,85.80614
2022-01-13 12:06:05.510273,84.00888,84.28675,85.80614
2022-01-13 12:06:06.005085,84.05963,84.64825,86.27739
2022-01-13 12:06:06.508358,84.21434,84.33875,86.27739
2022-01-13 12:06:07.002914,84.52377,84.803,85.88531
2022-01-13 12:06:07.507173,83.9569,84.28675,85.88531
2022-01-13 12:06:08.010748,84.21434,84.4935,85.53187
2022-01-13 12:06:08.502371,84.11161,84.4935,85.53187
2022-01-13 12:06:09.008089,84.11161,84.3895,85.53187
2022-01-13 12:06:09.510856,84.11161,84.90575,85.53187
2022-01-13 12:06:10.007383,84.21434,84.3895,86.00312
2022-01-13 12:06:10.509486,84.31831,84.3895,86.00312
2022-01-13 12:06:11.004163,84.05963,84.33875,84.94281
2022-01-13 12:06:11.506905,84.42104,85.0085,84.94281
2022-01-13 12:06:12.004980,83.69946,84.23475,86.19916
2022-01-13 12:06:12.506865,84.52377,84.64825,86.19916
2022-01-13 12:06:13.003502,83.9569,84.59625,85.53187
2022-01-13 12:06:13.505355,84.05963,84.4415,85.53187
2022-01-13 12:06:14.009895,84.52377,84.90575,86.04176
2022-01-13 12:06:14.509063,83.9569,84.184,86.04176
2022-01-13 12:06:15.006649,84.21434,84.28675,85.7675
2022-01-13 12:06:15.507980,83.85417,84.4415,85.7675
2022-01-13 12:06:16.005619,84.21434,84.4935,85.96354
2022-01-13 12:06:16.509316,83.64747,84.3895,85.96354
2022-01-13 12:06:17.004582,84.31831,84.54425,85.64968
2022-01-13 12:06:17.506222,84.1636,84.54425,85.64968
2022-01-13 12:06:18.008190,84.21434,84.699,86.19916
2022-01-13 12:06:18.510253,84.36905,84.59625,86.19916
2022-01-13 12:06:19.002328,83.64747,84.132,85.29625
2022-01-13 12:06:19.505033,84.67848,84.85375,85.29625
2022-01-13 12:06:20.008581,83.33805,84.23475,85.4527
2022-01-13 12:06:20.505579,84.47302,84.85375,85.4527
2022-01-13 12:06:21.003867,83.9569,84.54425,86.19916
2022-01-13 12:06:21.509227,84.00888,84.23475,86.19916
2022-01-13 12:06:22.007355,84.73046,84.90575,85.68833
2022-01-13 12:06:22.503464,84.11161,84.59625,85.68833
2022-01-13 12:06:23.001752,84.00888,84.28675,85.57051
2022-01-13 12:06:23.503306,84.1636,84.751,85.57051
2022-01-13 12:06:24.002408,84.26632,84.3895,86.00312
2022-01-13 12:06:24.509467,83.59549,84.3895,86.00312
2022-01-13 12:06:25.009447,84.83319,85.0085,84.98145
2022-01-13 12:06:25.504910,84.05963,84.132,84.98145
2022-01-13 12:06:26.003284,84.21434,84.4935,86.35656
2022-01-13 12:06:26.507987,84.31831,84.3895,86.35656
2022-01-13 12:06:27.004966,83.90492,84.4935,85.41406
2022-01-13 12:06:27.509104,84.31831,84.4935,85.41406
2022-01-13 12:06:28.010341,83.85417,84.59625,85.57051
2022-01-13 12:06:28.502522,84.05963,84.132,85.57051
2022-01-13 12:06:29.008811,84.67848,84.85375,85.88531
2022-01-13 12:06:29.512254,84.1636,84.4415,85.88531
2022-01-13 12:06:30.007475,84.42104,84.59625,86.51301
2022-01-13 12:06:30.506579,84.00888,84.33875,86.51301
2022-01-13 12:06:31.001818,84.1636,84.4415,85.37447
2022-01-13 12:06:31.503244,83.9569,84.699,85.37447
2022-01-13 12:06:32.008600,84.1636,84.54425,86.35656
2022-01-13 12:06:32.508915,84.05963,84.23475,86.35656
2022-01-13 12:06:33.505334,84.11161,84.4415,85.29625
2022-01-13 12:06:34.010117,83.9569,84.4935,85.80614
2022-01-13 12:06:34.508718,84.78245,84.95775,85.80614
2022-01-13 12:06:35.005454,83.7502,84.33875,86.00312
2022-01-13 12:06:35.510942,83.9569,84.28675,86.00312
2022-01-13 12:06:36.005543,84.47302,84.803,85.37447
2022-01-13 12:06:36.503186,83.9569,84.184,85.37447
2022-01-13 12:06:37.008597,84.26632,84.3895,85.80614
2022-01-13 12:06:37.505122,83.85417,84.184,85.80614
2022-01-13 12:06:38.009161,84.36905,84.64825,85.33489
2022-01-13 12:06:38.503846,84.11161,84.699,85.33489
2022-01-13 12:06:39.001862,84.31831,84.59625,85.64968
2022-01-13 12:06:39.508162,84.00888,84.33875,85.64968
2022-01-13 12:06:40.007348,84.1636,84.4935,85.72791
2022-01-13 12:06:40.502811,84.36905,84.751,85.72791
2022-01-13 12:06:41.010130,83.69946,84.23475,85.4527
2022-01-13 12:06:41.506118,84.73046,84.90575,85.4527
2022-01-13 12:06:42.005487,83.7502,84.4415,85.72791
2022-01-13 12:06:42.501585,84.62773,85.0085,85.72791
2022-01-13 12:06:43.009544,83.69946,84.184,86.19916
2022-01-13 12:06:43.503875,84.36905,84.54425,86.19916
2022-01-13 12:06:44.003775,84.36905,84.33875,85.6101
2022-01-13 12:06:44.509057,83.90492,84.54425,85.6101
2022-01-13 12:06:45.007658,84.11161,84.4415,85.72791
2022-01-13 12:06:45.509696,84.05963,84.699,85.72791
2022-01-13 12:06:46.007503,84.31831,84.699,85.33489
2022-01-13 12:06:46.502812,83.69946,84.33875,85.33489
2022-01-13 12:06:47.009932,84.42104,84.59625,85.53187
2022-01-13 12:06:47.504667,84.11161,84.28675,85.53187
2022-01-13 12:06:48.001434,84.1636,84.59625,86.43479
2022-01-13 12:06:48.507797,84.31831,84.3895,86.43479
2022-01-13 12:06:49.004459,83.64747,84.33875,86.00312
2022-01-13 12:06:49.507737,84.62773,85.0085,86.00312
2022-01-13 12:06:50.008040,84.31831,84.54425,85.68833
2022-01-13 12:06:50.501875,84.36905,84.54425,85.68833
2022-01-13 12:06:51.009797,84.11161,84.23475,86.15958
2022-01-13 12:06:51.502053,84.57575,84.95775,86.15958
2022-01-13 12:06:52.008550,84.11161,84.23475,86.00312
2022-01-13 12:06:52.501649,84.1636,84.803,86.00312
2022-01-13 12:06:53.010869,84.00888,84.23475,85.33489
2022-01-13 12:06:53.505392,84.00888,84.699,85.33489
2022-01-13 12:06:54.008883,84.11161,84.33875,85.92395
2022-01-13 12:06:54.503533,84.31831,84.699,85.92395
2022-01-13 12:06:55.008920,84.21434,84.4415,85.17843
2022-01-13 12:06:55.504454,84.21434,84.33875,85.17843
2022-01-13 12:06:56.002277,83.85417,84.4415,85.4527
2022-01-13 12:06:56.508129,84.31831,84.4935,85.4527
2022-01-13 12:06:57.006815,83.80219,84.4415,85.92395
2022-01-13 12:06:57.501286,84.21434,84.3895,85.92395
2022-01-13 12:06:58.008518,84.00888,84.3895,85.84572
2022-01-13 12:06:58.502902,84.31831,84.64825,85.84572
2022-01-13 12:06:59.010781,84.88517,84.803,86.04176
2022-01-13 12:06:59.503857,83.80219,84.28675,86.04176
2022-01-13 12:07:00.002136,84.00888,83.8745,86.51301
2022-01-13 12:07:00.511135,83.69946,84.132,86.51301
2022-01-13 12:07:01.009514,84.26632,84.3895,149.03281
2022-01-13 12:07:01.502650,83.7502,84.184,149.03281
2022-01-13 12:07:02.008907,83.9569,84.23475,231.26593
2022-01-13 12:07:02.504319,84.47302,84.59625,231.26593
2022-01-13 12:07:03.000780,84.00888,84.3895,200.94854
2022-01-13 12:07:03.501553,83.9569,84.184,200.94854
2022-01-13 12:07:04.010383,83.9569,84.4935,128.14041
2022-01-13 12:07:04.505518,84.11161,84.132,128.14041
2022-01-13 12:07:05.002055,83.54475,84.23475,92.48281
2022-01-13 12:07:05.505585,83.9569,84.184,92.48281
2022-01-13 12:07:06.006798,84.36905,84.184,94.17083
2022-01-13 12:07:06.506502,84.31831,84.803,94.17083
2022-01-13 12:07:07.009224,84.26632,84.33875,88.16239
2022-01-13 12:07:07.503393,83.7502,84.3895,88.16239
2022-01-13 12:07:08.011010,84.88517,85.0085,86.63083
2022-01-13 12:07:08.503141,83.49276,84.132,86.63083
2022-01-13 12:07:09.001234,84.36905,84.751,85.88531
2022-01-13 12:07:09.506280,83.80219,84.132,85.88531
2022-01-13 12:07:10.002383,84.57575,84.751,86.31697
2022-01-13 12:07:10.506031,84.1636,84.3895,86.31697
2022-01-13 12:07:11.005614,84.31831,85.0085,86.67041
2022-01-13 12:07:11.510383,84.21434,84.59625,86.67041
2022-01-13 12:07:12.008253,83.85417,84.4415,86.47437
2022-01-13 12:07:12.503798,84.47302,84.4935,86.47437
2022-01-13 12:07:13.001482,84.00888,84.4935,87.02385
2022-01-13 12:07:13.505147,84.36905,84.803,87.02385
2022-01-13 12:07:14.002604,84.11161,84.28675,86.78822
2022-01-13 12:07:14.506895,84.05963,84.699,86.78822
2022-01-13 12:07:15.005069,84.36905,84.4935,85.13885
2022-01-13 12:07:15.501913,83.90492,84.59625,85.13885
2022-01-13 12:07:16.009411,84.26632,84.54425,86.94562
2022-01-13 12:07:16.510050,83.85417,84.28675,86.94562
2022-01-13 12:07:17.003914,84.31831,84.699,85.49229
2022-01-13 12:07:17.506942,84.31831,84.33875,85.49229
2022-01-13 12:07:18.004027,84.21434,84.803,86.15958
2022-01-13 12:07:18.509949,83.90492,84.33875,86.15958
2022-01-13 12:07:19.009386,84.47302,84.95775,85.92395
2022-01-13 12:07:19.504883,84.1636,84.3895,85.92395
2022-01-13 12:07:20.001071,83.90492,84.54425,85.57051
2022-01-13 12:07:20.506234,84.42104,84.699,85.57051
2022-01-13 12:07:21.003987,84.1636,84.184,86.15958
2022-01-13 12:07:21.511005,83.90492,84.4415,86.15958
2022-01-13 12:07:22.009455,84.1636,84.4935,86.08135
2022-01-13 12:07:22.507902,84.05963,84.64825,86.08135
2022-01-13 12:07:23.004902,84.26632,84.4935,86.08135
2022-01-13 12:07:23.510418,84.00888,84.699,86.08135
2022-01-13 12:07:24.009306,84.00888,84.4415,86.00312
2022-01-13 12:07:24.504419,84.67848,84.751,86.00312
2022-01-13 12:07:25.010235,83.9569,84.54425,85.96354
2022-01-13 12:07:25.502695,84.00888,84.4935,85.96354
2022-01-13 12:07:26.007308,83.90492,84.4415,86.71
2022-01-13 12:07:26.501739,84.11161,84.33875,86.71
2022-01-13 12:07:27.010152,84.1636,84.803,85.7675
2022-01-13 12:07:27.505507,83.90492,84.23475,85.7675
2022-01-13 12:07:28.002045,84.36905,84.4935,85.72791
2022-01-13 12:07:28.508503,84.52377,84.95775,85.72791
2022-01-13 12:07:29.006251,84.1636,84.33875,85.92395
2022-01-13 12:07:29.501557,84.05963,84.803,85.92395
2022-01-13 12:07:30.008556,84.1636,84.33875,85.6101
2022-01-13 12:07:30.501159,84.00888,84.33875,85.6101
2022-01-13 12:07:31.009198,84.21434,84.59625,85.88531
2022-01-13 12:07:31.507477,84.21434,84.33875,85.88531
2022-01-13 12:07:32.004435,84.26632,84.699,85.6101
2022-01-13 12:07:32.509183,84.31831,84.4935,85.6101
2022-01-13 12:07:33.007162,84.1636,84.64825,86.3952
2022-01-13 12:07:33.501451,84.1636,84.54425,86.3952
2022-01-13 12:07:34.009810,83.69946,84.23475,85.7675
2022-01-13 12:07:34.504468,84.31831,84.54425,85.7675
2022-01-13 12:07:35.001652,83.69946,84.02925,86.31697
2022-01-13 12:07:35.509279,84.31831,84.64825,86.31697
2022-01-13 12:07:36.006319,84.42104,84.59625,86.35656
2022-01-13 12:07:36.509846,83.69946,84.184,86.35656
2022-01-13 12:07:37.007108,84.52377,84.64825,85.41406
2022-01-13 12:07:37.510505,83.85417,84.33875,85.41406
2022-01-13 12:07:38.010787,84.42104,84.85375,86.00312
2022-01-13 12:07:38.505047,83.7502,84.33875,86.00312
2022-01-13 12:07:39.003080,84.21434,84.54425,85.80614
2022-01-13 12:07:39.508739,84.52377,84.4415,85.80614
2022-01-13 12:07:40.006557,84.21434,84.751,86.35656
2022-01-13 12:07:40.502950,84.11161,84.184,86.35656
2022-01-13 12:07:41.002419,84.21434,84.59625,85.96354
2022-01-13 12:07:41.507106,84.11161,84.3895,85.96354
2022-01-13 12:07:42.004742,84.00888,84.59625,85.84572
2022-01-13 12:07:42.509506,84.11161,84.4935,85.84572
2022-01-13 12:07:43.007103,84.36905,84.4415,85.13885
2022-01-13 12:07:43.501972,84.1636,84.4935,85.13885
2022-01-13 12:07:44.010396,84.36905,84.3895,86.59218
2022-01-13 12:07:44.509874,84.00888,84.59625,86.59218
2022-01-13 12:07:45.008878,84.42104,84.64825,85.80614
2022-01-13 12:07:45.506772,83.59549,84.132,85.80614
2022-01-13 12:07:46.002393,84.11161,84.4935,85.92395
2022-01-13 12:07:46.505572,84.21434,84.28675,85.92395
2022-01-13 12:07:47.003474,84.31831,84.699,85.96354
2022-01-13 12:07:47.505440,84.26632,84.4935,85.96354
2022-01-13 12:07:48.006682,83.9569,84.28675,85.57051
2022-01-13 12:07:48.505821,84.42104,84.699,85.57051
2022-01-13 12:07:49.007311,84.00888,84.54425,85.7675
2022-01-13 12:07:49.502473,84.21434,84.54425,85.7675
2022-01-13 12:07:50.010759,84.26632,84.4935,85.72791
2022-01-13 12:07:50.502273,84.05963,84.3895,85.72791
2022-01-13 12:07:51.005370,84.47302,84.751,85.92395
2022-01-13 12:07:51.506652,83.7502,84.3895,85.92395
2022-01-13 12:07:52.002457,84.36905,84.59625,85.84572
2022-01-13 12:07:52.507780,84.05963,84.4415,85.84572
2022-01-13 12:07:53.007042,84.36905,84.64825,86.04176
2022-01-13 12:07:53.501550,83.9569,84.184,86.04176
2022-01-13 12:07:54.000746,84.26632,84.64825,86.51301
2022-01-13 12:07:54.506840,84.31831,84.33875,86.51301
2022-01-13 12:07:55.006097,84.00888,84.3895,86.35656
2022-01-13 12:07:55.501071,84.26632,84.54425,86.35656
2022-01-13 12:07:56.009018,83.80219,84.23475,86.08135
2022-01-13 12:07:56.503311,84.67848,85.16325,86.08135
2022-01-13 12:07:57.000827,83.54475,83.7705,85.49229
2022-01-13 12:07:57.509572,84.57575,84.95775,85.49229
2022-01-13 12:07:58.007362,84.11161,84.23475,85.41406
2022-01-13 12:07:58.501291,83.90492,84.33875,85.41406
2022-01-13 12:07:59.008463,84.36905,84.59625,85.41406
2022-01-13 12:07:59.503777,83.85417,84.33875,85.41406
2022-01-13 12:08:00.001273,84.57575,84.90575,85.7675
2022-01-13 12:08:00.505184,83.64747,84.4415,85.7675
2022-01-13 12:08:01.004797,84.36905,84.803,86.78822
2022-01-13 12:08:01.509007,84.11161,84.08,86.78822
2022-01-13 12:08:02.006719,84.42104,84.803,85.33489
2022-01-13 12:08:02.502635,84.05963,84.54425,85.33489
2022-01-13 12:08:03.010720,83.80219,84.02925,86.35656
2022-01-13 12:08:03.507894,84.52377,84.90575,86.35656
2022-01-13 12:08:04.006253,83.80219,84.28675,85.13885
2022-01-13 12:08:04.509188,84.42104,84.95775,85.13885
2022-01-13 12:08:05.004988,84.11161,84.33875,85.49229
2022-01-13 12:08:05.508343,84.36905,84.59625,85.49229
2022-01-13 12:08:06.002678,84.00888,84.132,86.31697
2022-01-13 12:08:06.510206,84.1636,84.751,86.31697
2022-01-13 12:08:07.005248,84.1636,84.3895,85.80614
2022-01-13 12:08:07.509136,84.00888,84.23475,85.80614
2022-01-13 12:08:08.004434,84.47302,85.0605,85.41406
2022-01-13 12:08:08.510598,83.9569,84.28675,85.41406
2022-01-13 12:08:09.000945,84.67848,84.95775,85.96354
2022-01-13 12:08:09.507472,83.9569,84.132,85.96354
2022-01-13 12:08:10.003690,84.36905,84.803,86.04176
2022-01-13 12:08:10.501568,84.21434,84.54425,86.04176
2022-01-13 12:08:11.009549,83.7502,84.23475,85.72791
2022-01-13 12:08:11.504950,84.26632,84.751,85.72791
2022-01-13 12:08:12.002777,83.90492,84.28675,86.43479
2022-01-13 12:08:12.507340,84.36905,84.751,86.43479
2022-01-13 12:08:13.005827,84.47302,84.64825,86.27739
2022-01-13 12:08:13.510641,84.00888,84.4415,86.27739
2022-01-13 12:08:14.009326,84.21434,84.59625,86.67041
2022-01-13 12:08:14.505165,84.00888,84.3895,86.67041
2022-01-13 12:08:15.004105,84.26632,84.699,85.84572
2022-01-13 12:08:15.510154,83.69946,84.33875,85.84572
2022-01-13 12:08:16.008349,84.21434,84.699,85.72791
2022-01-13 12:08:16.502521,84.36905,84.33875,85.72791
2022-01-13 12:08:17.001525,84.36905,84.803,85.49229
2022-01-13 12:08:17.506634,84.26632,84.4935,85.49229
2022-01-13 12:08:18.005187,84.05963,84.33875,86.00312
2022-01-13 12:08:18.510569,84.11161,84.59625,86.00312
2022-01-13 12:08:19.007571,84.00888,84.54425,85.57051
2022-01-13 12:08:19.502502,84.26632,84.699,85.57051
2022-01-13 12:08:20.001572,84.36905,84.33875,86.47437
2022-01-13 12:08:20.507288,84.11161,84.54425,86.47437
2022-01-13 12:08:21.005376,84.47302,84.85375,85.6101
2022-01-13 12:08:21.509839,83.85417,84.132,85.6101
2022-01-13 12:08:22.009051,84.62773,84.85375,86.04176
2022-01-13 12:08:22.504660,83.54475,84.184,86.04176
2022-01-13 12:08:23.002532,84.36905,84.803,86.51301
2022-01-13 12:08:23.507628,84.1636,84.23475,86.51301
2022-01-13 12:08:24.007464,84.36905,84.64825,85.92395
2022-01-13 12:08:24.503533,84.00888,84.3895,85.92395
2022-01-13 12:08:25.002271,83.9569,84.4415,85.57051
2022-01-13 12:08:25.510402,84.21434,84.4935,85.57051
2022-01-13 12:08:26.008409,83.90492,84.28675,86.08135
2022-01-13 12:08:26.503281,84.62773,85.1125,86.08135
2022-01-13 12:08:27.002090,83.64747,83.8225,86.31697
2022-01-13 12:08:27.507991,84.47302,84.64825,86.31697
2022-01-13 12:08:28.006251,84.42104,84.59625,85.13885
2022-01-13 12:08:28.504740,84.52377,84.85375,85.13885
2022-01-13 12:08:29.003273,84.1636,84.4935,85.96354
2022-01-13 12:08:29.509920,83.80219,84.33875,85.96354
2022-01-13 12:08:30.008235,84.21434,84.4935,85.4527
2022-01-13 12:08:30.501577,84.11161,84.4415,85.4527
2022-01-13 12:08:31.009504,84.36905,84.699,86.59218
2022-01-13 12:08:31.506215,83.90492,84.08,86.59218
2022-01-13 12:08:32.004424,84.1636,84.54425,85.84572
2022-01-13 12:08:32.501924,84.21434,84.59625,85.84572
2022-01-13 12:08:33.010030,84.36905,84.90575,85.02104
2022-01-13 12:08:33.504326,84.11161,84.54425,85.02104
2022-01-13 12:08:34.003061,83.7502,84.132,86.51301
2022-01-13 12:08:34.508880,84.57575,84.751,86.51301
2022-01-13 12:08:35.006419,84.1636,84.3895,85.84572
2022-01-13 12:08:35.502028,84.05963,84.4415,85.84572
2022-01-13 12:08:36.009937,84.00888,84.3895,86.04176
2022-01-13 12:08:36.508773,83.90492,84.132,86.04176
2022-01-13 12:08:37.007932,84.21434,84.699,85.92395
2022-01-13 12:08:37.501605,84.36905,85.1125,85.92395
2022-01-13 12:08:38.010536,84.00888,84.23475,86.59218
2022-01-13 12:08:38.504548,84.73046,84.751,86.59218
2022-01-13 12:08:39.002344,83.9569,84.23475,85.17843
2022-01-13 12:08:39.508905,84.31831,84.64825,85.17843
2022-01-13 12:08:40.006317,83.7502,84.28675,86.51301
2022-01-13 12:08:40.501621,84.31831,84.59625,86.51301
2022-01-13 12:08:41.008840,83.80219,84.23475,85.13885
2022-01-13 12:08:41.507010,84.52377,84.90575,85.13885
2022-01-13 12:08:42.005555,84.00888,84.33875,86.47437
2022-01-13 12:08:42.504060,84.21434,84.54425,86.47437
2022-01-13 12:08:43.002452,84.31831,84.64825,85.7675
2022-01-13 12:08:43.506651,83.7502,84.23475,85.7675
2022-01-13 12:08:44.010014,84.57575,85.0605,86.12093
2022-01-13 12:08:44.506222,83.64747,84.184,86.12093
2022-01-13 12:08:45.005093,83.9569,84.28675,85.92395
2022-01-13 12:08:45.502194,84.57575,84.751,85.92395
2022-01-13 12:08:46.011224,84.05963,84.28675,85.88531
2022-01-13 12:08:46.504988,84.36905,84.64825,85.88531
2022-01-13 12:08:47.003604,83.85417,84.4415,85.33489
2022-01-13 12:08:47.509298,84.05963,84.4415,85.33489
2022-01-13 12:08:48.008132,83.69946,84.23475,85.92395
2022-01-13 12:08:48.503323,84.47302,84.90575,85.92395
2022-01-13 12:08:49.004085,83.85417,84.3895,85.64968
2022-01-13 12:08:49.501809,84.31831,84.4935,85.64968
2022-01-13 12:08:50.010964,84.1636,84.33875,86.12093
2022-01-13 12:08:50.506849,84.05963,84.4415,86.12093
2022-01-13 12:08:51.005586,84.57575,84.95775,86.47437
2022-01-13 12:08:51.511376,83.64747,84.23475,86.47437
2022-01-13 12:08:52.005327,84.05963,84.4935,86.15958
2022-01-13 12:08:52.510844,83.80219,84.3895,86.15958
2022-01-13 12:08:53.009863,84.78245,85.0085,85.41406
2022-01-13 12:08:53.505349,84.1636,84.3895,85.41406
2022-01-13 12:08:54.003166,84.26632,84.3895,86.3952
2022-01-13 12:08:54.510310,83.9569,84.33875,86.3952
2022-01-13 12:08:55.003079,84.52377,84.699,85.96354
2022-01-13 12:08:55.503844,84.11161,84.4415,85.96354
2022-01-13 12:08:56.003017,83.49276,84.08,85.53187
2022-01-13 12:08:56.508882,84.21434,84.54425,85.53187
2022-01-13 12:08:57.006187,84.21434,84.28675,85.88531
2022-01-13 12:08:57.503090,84.52377,84.90575,85.88531
2022-01-13 12:08:58.002502,84.42104,84.95775,85.6101
2022-01-13 12:08:58.501621,83.64747,84.02925,85.6101
2022-01-13 12:08:59.009480,84.36905,84.59625,86.59218
2022-01-13 12:08:59.506068,83.9569,84.4935,86.59218
2022-01-13 12:09:00.006632,84.21434,84.4935,86.04176
2022-01-13 12:09:00.510391,84.05963,84.3895,86.04176
2022-01-13 12:09:01.009150,84.05963,84.3895,85.06062
2022-01-13 12:09:01.504399,84.31831,84.751,85.06062
2022-01-13 12:09:02.003952,84.36905,84.95775,86.08135
2022-01-13 12:09:02.510736,83.85417,84.28675,86.08135
2022-01-13 12:09:03.008703,83.9569,84.4415,85.49229
2022-01-13 12:09:03.505366,84.00888,84.4935,85.49229
2022-01-13 12:09:04.003674,84.57575,84.85375,85.88531
2022-01-13 12:09:04.509678,83.9569,84.184,85.88531
2022-01-13 12:09:05.008280,84.21434,84.4935,85.37447
2022-01-13 12:09:05.503922,83.9569,84.33875,85.37447
2022-01-13 12:09:06.001681,84.67848,84.90575,86.51301
2022-01-13 12:09:06.508183,83.54475,83.92525,86.51301
2022-01-13 12:09:07.005045,84.57575,85.0085,85.88531
2022-01-13 12:09:07.510270,84.26632,84.59625,85.88531
2022-01-13 12:09:08.009808,84.05963,84.184,86.15958
2022-01-13 12:09:08.504235,84.73046,85.0085,86.15958
2022-01-13 12:09:09.002720,83.90492,84.28675,85.72791
2022-01-13 12:09:09.510248,84.47302,85.0085,85.72791
2022-01-13 12:09:10.007455,83.9569,84.28675,86.00312
2022-01-13 12:09:10.510591,84.31831,84.54425,86.00312
2022-01-13 12:09:11.004676,83.90492,84.54425,85.68833
2022-01-13 12:09:11.509517,84.47302,84.59625,85.68833
2022-01-13 12:09:12.006025,84.36905,84.4935,85.88531
2022-01-13 12:09:12.501740,83.7502,84.132,85.88531
2022-01-13 12:09:13.009616,84.42104,84.85375,85.17843
2022-01-13 12:09:13.505116,83.7502,84.08,85.17843
2022-01-13 12:09:14.010730,84.52377,84.85375,85.84572
2022-01-13 12:09:14.505797,83.64747,84.23475,85.84572
2022-01-13 12:09:15.003888,84.52377,84.751,85.21708
2022-01-13 12:09:15.509786,84.26632,84.4935,85.21708
2022-01-13 12:09:16.007030,84.05963,84.28675,85.33489
2022-01-13 12:09:16.509776,84.21434,84.59625,85.33489
2022-01-13 12:09:17.008714,84.05963,84.3895,85.06062
2022-01-13 12:09:17.504675,84.36905,84.699,85.06062
2022-01-13 12:09:18.002611,83.80219,84.3895,86.23875
2022-01-13 12:09:18.507294,84.26632,84.59625,86.23875
2022-01-13 12:09:19.005437,84.05963,84.33875,86.27739
2022-01-13 12:09:19.503998,84.83319,84.85375,86.27739
2022-01-13 12:09:20.001695,83.85417,84.33875,86.5526
2022-01-13 12:09:20.509236,84.05963,84.54425,86.5526
2022-01-13 12:09:21.008092,84.52377,84.699,85.21708
2022-01-13 12:09:21.502078,83.49276,83.97725,85.21708
2022-01-13 12:09:22.009114,84.62773,84.803,85.37447
2022-01-13 12:09:22.503902,83.85417,84.184,85.37447
2022-01-13 12:09:23.002216,83.33805,83.513,85.88531
2022-01-13 12:09:23.507371,84.67848,84.85375,85.88531
2022-01-13 12:09:24.005308,84.42104,84.751,236.33187
2022-01-13 12:09:24.510755,83.85417,83.92525,236.33187
2022-01-13 12:09:25.009368,84.00888,84.4415,217.87395
2022-01-13 12:09:25.504112,83.59549,83.71975,217.87395
2022-01-13 12:09:26.002764,84.1636,84.54425,157.12229
2022-01-13 12:09:26.508067,84.42104,84.59625,157.12229
2022-01-13 12:09:27.006936,83.80219,84.08,98.92291
2022-01-13 12:09:27.501225,84.31831,84.54425,98.92291
2022-01-13 12:09:28.009853,84.11161,84.33875,90.3226
2022-01-13 12:09:28.505453,84.21434,84.54425,90.3226
2022-01-13 12:09:29.002787,84.11161,84.28675,87.02385
2022-01-13 12:09:29.507745,83.33805,84.08,87.02385
2022-01-13 12:09:30.006284,84.47302,84.64825,86.98426
2022-01-13 12:09:30.503727,84.52377,84.90575,86.98426
2022-01-13 12:09:31.002527,83.49276,84.08,86.86645
2022-01-13 12:09:31.508959,84.67848,85.0085,86.86645
2022-01-13 12:09:32.007163,84.00888,84.4415,85.53187
2022-01-13 12:09:32.505382,84.21434,84.59625,85.53187
2022-01-13 12:09:33.003078,83.80219,84.64825,86.5526
2022-01-13 12:09:33.507285,83.9569,84.28675,86.5526
2022-01-13 12:09:34.006335,84.21434,84.59625,86.08135
2022-01-13 12:09:34.505463,84.1636,84.4415,86.08135
2022-01-13 12:09:35.007227,84.47302,84.803,86.5526
2022-01-13 12:09:35.502784,83.80219,84.08,86.5526
2022-01-13 12:09:36.003410,84.47302,84.64825,86.5526
2022-01-13 12:09:36.507605,83.64747,84.4415,86.5526
2022-01-13 12:09:37.006700,84.42104,84.751,85.57051
2022-01-13 12:09:37.502437,84.05963,84.4415,85.57051
2022-01-13 12:09:38.001640,83.85417,84.23475,85.37447
2022-01-13 12:09:38.507752,84.57575,84.95775,85.37447
2022-01-13 12:09:39.006429,84.11161,84.4415,85.53187
2022-01-13 12:09:39.502635,84.42104,84.59625,85.53187
2022-01-13 12:09:40.001223,83.69946,84.33875,85.88531
2022-01-13 12:09:40.507368,84.42104,84.699,85.88531
2022-01-13 12:09:41.007015,84.1636,84.751,85.53187
2022-01-13 12:09:41.504040,84.52377,84.85375,85.53187
2022-01-13 12:09:42.003034,83.85417,84.23475,85.25666
2022-01-13 12:09:42.508232,84.11161,84.4415,85.25666
2022-01-13 12:09:43.009572,84.26632,84.90575,86.08135
2022-01-13 12:09:43.504325,83.80219,84.3895,86.08135
2022-01-13 12:09:44.009863,84.9879,85.1125,86.12093
2022-01-13 12:09:44.508144,83.54475,84.08,86.12093
2022-01-13 12:09:45.005518,84.47302,84.803,86.27739
2022-01-13 12:09:45.509781,84.36905,84.4935,86.27739
2022-01-13 12:09:46.007294,84.05963,84.59625,86.04176
2022-01-13 12:09:46.511252,84.26632,84.54425,86.04176
2022-01-13 12:09:47.009635,83.90492,84.699,85.64968
2022-01-13 12:09:47.507066,84.31831,84.64825,85.64968
2022-01-13 12:09:48.004943,84.00888,84.699,86.74864
2022-01-13 12:09:48.510862,84.67848,84.699,86.74864
2022-01-13 12:09:49.010503,84.11161,84.33875,85.29625
2022-01-13 12:09:49.506619,84.11161,84.33875,85.29625
2022-01-13 12:09:50.003496,84.11161,84.4935,86.31697
2022-01-13 12:09:50.510115,84.21434,84.85375,86.31697
2022-01-13 12:09:51.008521,84.1636,84.3895,85.64968
2022-01-13 12:09:51.503537,83.59549,84.28675,85.64968
2022-01-13 12:09:52.002748,84.26632,84.3895,86.00312
2022-01-13 12:09:52.509404,84.62773,84.699,86.00312
2022-01-13 12:09:53.006867,84.31831,84.699,86.08135
2022-01-13 12:09:53.510451,84.11161,84.4415,86.08135
2022-01-13 12:09:54.009192,83.85417,84.28675,85.37447
2022-01-13 12:09:54.502902,84.52377,84.699,85.37447
2022-01-13 12:09:55.001561,84.1636,85.0085,85.57051
2022-01-13 12:09:55.507874,84.11161,84.28675,85.57051
2022-01-13 12:09:56.006734,84.21434,84.59625,85.68833
2022-01-13 12:09:56.502372,84.1636,84.28675,85.68833
2022-01-13 12:09:57.010485,84.62773,85.0085,85.92395
2022-01-13 12:09:57.505505,83.90492,84.3895,85.92395
2022-01-13 12:09:58.002546,84.00888,84.4415,86.43479
2022-01-13 12:09:58.507636,83.7502,84.184,86.43479
2022-01-13 12:09:59.006181,84.52377,84.751,85.6101
2022-01-13 12:09:59.501639,84.36905,84.90575,85.6101
2022-01-13 12:10:00.001583,83.90492,84.132,85.68833
2022-01-13 12:10:00.507421,84.31831,84.4935,85.68833
2022-01-13 12:10:01.005425,84.05963,84.64825,85.57051
2022-01-13 12:10:01.501851,84.78245,84.90575,85.57051
2022-01-13 12:10:02.010718,83.54475,84.23475,85.53187
2022-01-13 12:10:02.505464,84.21434,84.4415,85.53187
2022-01-13 12:10:03.002327,84.00888,84.59625,86.15958
2022-01-13 12:10:03.509166,84.31831,84.54425,86.15958
2022-01-13 12:10:04.008659,84.36905,84.64825,86.43479
2022-01-13 12:10:04.504572,83.85417,84.28675,86.43479
2022-01-13 12:10:05.002171,84.26632,84.4415,86.31697
2022-01-13 12:10:05.506648,84.31831,84.751,86.31697
2022-01-13 12:10:06.005170,84.26632,84.4415,86.00312
2022-01-13 12:10:06.511292,83.49276,84.23475,86.00312
2022-01-13 12:10:07.009061,84.47302,84.85375,85.13885
2022-01-13 12:10:07.504038,84.1636,84.23475,85.13885
2022-01-13 12:10:08.001996,84.36905,84.90575,85.29625
2022-01-13 12:10:08.511011,84.36905,84.90575,85.29625
2022-01-13 12:10:09.010186,83.80219,84.28675,86.00312
2022-01-13 12:10:09.504423,84.52377,84.64825,86.00312
2022-01-13 12:10:10.003025,83.69946,84.54425,85.53187
2022-01-13 12:10:10.508729,84.47302,84.90575,85.53187
2022-01-13 12:10:11.007367,84.21434,84.4415,85.72791
2022-01-13 12:10:11.501896,84.26632,84.699,85.72791
2022-01-13 12:10:12.001089,84.00888,84.28675,86.27739
2022-01-13 12:10:12.508184,84.47302,84.90575,86.27739
2022-01-13 12:10:13.007093,84.11161,84.4415,86.67041
2022-01-13 12:10:13.509510,83.9569,84.64825,86.67041
2022-01-13 12:10:14.008222,84.00888,84.28675,85.84572
2022-01-13 12:10:14.503500,84.42104,84.699,85.84572
2022-01-13 12:10:15.011318,84.52377,84.85375,86.27739
2022-01-13 12:10:15.506729,84.05963,84.184,86.27739
2022-01-13 12:10:16.007682,83.7502,84.33875,85.57051
2022-01-13 12:10:16.503902,84.21434,84.184,85.57051
2022-01-13 12:10:17.001455,84.05963,84.85375,85.41406
2022-01-13 12:10:17.508759,84.21434,84.54425,85.41406
2022-01-13 12:10:18.007022,84.26632,84.699,85.84572
2022-01-13 12:10:18.511073,83.80219,84.184,85.84572
2022-01-13 12:10:19.009480,84.42104,84.59625,85.37447
2022-01-13 12:10:19.504888,84.42104,84.751,85.37447
2022-01-13 12:10:20.002136,84.11161,84.33875,86.15958
2022-01-13 12:10:20.508829,83.90492,84.64825,86.15958
2022-01-13 12:10:21.006157,83.90492,84.132,85.72791
2022-01-13 12:10:21.502148,84.31831,84.699,85.72791
2022-01-13 12:10:22.010138,84.11161,84.184,85.41406
2022-01-13 12:10:22.505617,84.47302,84.699,85.41406
2022-01-13 12:10:23.004120,83.44078,84.02925,86.15958
2022-01-13 12:10:23.508808,84.62773,84.751,86.15958
2022-01-13 12:10:24.006927,83.9569,84.64825,86.23875
2022-01-13 12:10:24.510006,84.31831,84.3895,86.23875
2022-01-13 12:10:25.007668,83.85417,84.59625,85.17843
2022-01-13 12:10:25.502085,84.05963,84.02925,85.17843
2022-01-13 12:10:26.010638,84.9879,84.85375,85.49229
2022-01-13 12:10:26.506369,83.7502,84.184,85.49229
2022-01-13 12:10:27.005096,84.05963,84.23475,85.7675
2022-01-13 12:10:27.509055,84.11161,84.64825,85.7675
2022-01-13 12:10:28.006739,84.31831,84.803,85.09926
2022-01-13 12:10:28.501256,83.7502,84.4415,85.09926
2022-01-13 12:10:29.001111,84.21434,84.33875,85.68833
2022-01-13 12:10:29.506142,84.42104,84.4935,85.68833
2022-01-13 12:10:30.003457,84.11161,84.4415,85.72791
2022-01-13 12:10:30.509265,84.52377,84.699,85.72791
2022-01-13 12:10:31.007112,83.39003,83.97725,86.74864
2022-01-13 12:10:31.502566,84.57575,84.751,86.74864
2022-01-13 12:10:32.002252,83.7502,84.59625,86.15958
2022-01-13 12:10:32.507282,84.47302,84.699,86.15958
2022-01-13 12:10:33.005905,84.11161,84.23475,85.96354
2022-01-13 12:10:33.501407,84.42104,84.95775,85.96354
2022-01-13 12:10:34.008541,84.31831,84.4935,85.6101
2022-01-13 12:10:34.503877,84.11161,84.64825,85.6101
2022-01-13 12:10:35.003725,84.36905,84.64825,85.68833
2022-01-13 12:10:35.509564,83.69946,84.3895,85.68833
2022-01-13 12:10:36.007796,84.42104,84.64825,85.13885
2022-01-13 12:10:36.501847,84.1636,84.3895,85.13885
2022-01-13 12:10:37.001839,84.31831,84.54425,86.27739
2022-01-13 12:10:37.506991,84.26632,84.4415,86.27739
2022-01-13 12:10:38.004678,83.85417,84.4415,85.49229
2022-01-13 12:10:38.510549,84.42104,84.4415,85.49229
2022-01-13 12:10:39.010210,84.00888,84.699,86.67041
2022-01-13 12:10:39.507157,84.36905,84.4415,86.67041
2022-01-13 12:10:40.007226,83.90492,84.4415,85.64968
2022-01-13 12:10:40.503244,84.36905,84.64825,85.64968
2022-01-13 12:10:41.002009,84.62773,84.59625,86.43479
2022-01-13 12:10:41.507355,84.00888,84.4935,86.43479
2022-01-13 12:10:42.009588,84.11161,84.3895,84.98145
2022-01-13 12:10:42.503768,84.1636,84.751,84.98145
2022-01-13 12:10:43.001164,84.05963,84.4415,86.04176
2022-01-13 12:10:43.506417,84.00888,84.59625,86.04176
2022-01-13 12:10:44.006174,84.11161,84.3895,85.49229
2022-01-13 12:10:44.510855,84.62773,84.90575,85.49229
2022-01-13 12:10:45.009598,83.7502,84.132,85.49229
2022-01-13 12:10:45.504088,84.47302,84.803,85.49229
2022-01-13 12:10:46.003152,84.21434,84.751,85.41406
2022-01-13 12:10:46.508584,84.47302,84.64825,85.41406
2022-01-13 12:10:47.005687,83.69946,84.4935,85.53187
2022-01-13 12:10:47.510566,84.00888,84.4415,85.53187
2022-01-13 12:10:48.008818,84.52377,84.59625,86.08135
2022-01-13 12:10:48.503849,83.9569,84.4415,86.08135
2022-01-13 12:10:49.002085,84.42104,84.64825,85.64968
2022-01-13 12:10:49.507430,83.59549,84.132,85.64968
2022-01-13 12:10:50.006049,84.83319,85.1125,85.09926
2022-01-13 12:10:51.005589,83.9569,84.4415,86.86645
2022-01-13 12:10:51.501301,84.11161,84.184,86.86645
2022-01-13 12:10:52.009620,84.21434,84.64825,85.29625
2022-01-13 12:10:52.506196,84.31831,84.4415,85.29625
2022-01-13 12:10:53.007772,83.59549,84.184,85.7675
2022-01-13 12:10:53.501899,84.47302,84.54425,85.7675
2022-01-13 12:10:54.010061,84.05963,84.4415,85.6101
2022-01-13 12:10:54.505161,84.67848,85.0085,85.6101
2022-01-13 12:10:55.002830,84.1636,84.4935,86.00312
2022-01-13 12:10:55.509645,84.05963,84.28675,86.00312
2022-01-13 12:10:56.007626,84.26632,84.4415,85.13885
2022-01-13 12:10:56.502241,84.05963,84.64825,85.13885
2022-01-13 12:10:57.010643,84.62773,84.85375,85.92395
2022-01-13 12:10:57.507423,83.49276,83.97725,85.92395
2022-01-13 12:10:58.004107,84.52377,84.85375,85.41406
2022-01-13 12:10:58.508322,83.80219,84.08,85.41406
2022-01-13 12:10:59.006411,84.57575,84.95775,86.71
2022-01-13 12:10:59.503339,84.05963,84.23475,86.71
2022-01-13 12:11:00.001795,83.85417,84.33875,86.78822
2022-01-13 12:11:00.501753,83.9569,84.184,86.78822
2022-01-13 12:11:01.010222,84.47302,84.95775,85.53187
2022-01-13 12:11:01.505099,84.47302,84.59625,85.53187
2022-01-13 12:11:02.002339,83.33805,83.8745,85.80614
2022-01-13 12:11:02.508748,84.42104,84.59625,85.80614
2022-01-13 12:11:03.007900,84.52377,84.23475,85.4527
2022-01-13 12:11:03.501099,84.11161,84.90575,85.4527
2022-01-13 12:11:04.009547,84.1636,84.28675,86.08135
2022-01-13 12:11:04.505147,83.90492,84.4935,86.08135
2022-01-13 12:11:05.003771,84.26632,84.4935,85.88531
2022-01-13 12:11:05.508250,83.9569,84.64825,85.88531
2022-01-13 12:11:06.003619,84.42104,84.699,86.00312
2022-01-13 12:11:06.505837,84.31831,84.08,86.00312
2022-01-13 12:11:07.006818,84.31831,84.90575,86.3952
2022-01-13 12:11:07.506339,84.1636,84.4935,86.3952
2022-01-13 12:11:08.008276,84.05963,84.59625,85.53187
2022-01-13 12:11:08.511000,84.42104,84.699,85.53187
2022-01-13 12:11:09.005376,84.05963,84.33875,86.59218
2022-01-13 12:11:09.501419,84.1636,84.54425,86.59218
2022-01-13 12:11:10.002296,84.47302,84.803,85.33489
2022-01-13 12:11:10.507060,84.52377,84.85375,85.33489
2022-01-13 12:11:11.004992,84.05963,84.3895,86.63083
2022-01-13 12:11:11.501345,83.9569,84.54425,86.63083
2022-01-13 12:11:12.000969,84.1636,84.33875,85.53187
2022-01-13 12:11:12.501169,84.1636,84.699,85.53187
2022-01-13 12:11:13.009005,84.11161,84.4935,86.19916
2022-01-13 12:11:13.505042,84.11161,84.132,86.19916
2022-01-13 12:11:14.003141,84.21434,84.54425,85.7675
2022-01-13 12:11:14.507900,84.52377,84.751,85.7675
2022-01-13 12:11:15.004027,84.11161,84.64825,85.64968
2022-01-13 12:11:15.508691,84.47302,84.54425,85.64968
2022-01-13 12:11:16.004628,83.54475,84.08,85.7675
2022-01-13 12:11:16.508064,84.73046,84.95775,85.7675
2022-01-13 12:11:17.005111,84.11161,84.4935,86.82781
2022-01-13 12:11:17.507952,84.05963,84.54425,86.82781
2022-01-13 12:11:18.009522,84.26632,84.4415,85.57051
2022-01-13 12:11:18.507360,84.05963,84.59625,85.57051
2022-01-13 12:11:19.009194,84.31831,84.59625,85.96354
2022-01-13 12:11:19.501578,84.21434,84.699,85.96354
2022-01-13 12:11:20.004129,84.00888,84.54425,85.49229
2022-01-13 12:11:20.506776,83.7502,84.08,85.49229
2022-01-13 12:11:21.010413,84.57575,84.95775,85.96354
2022-01-13 12:11:21.501815,84.42104,84.54425,85.96354
2022-01-13 12:11:22.010130,84.05963,84.64825,85.72791
2022-01-13 12:11:22.506157,84.11161,84.184,85.72791
2022-01-13 12:11:23.002566,84.11161,84.54425,85.7675
2022-01-13 12:11:23.506599,84.88517,85.1125,85.7675
2022-01-13 12:11:24.001755,83.44078,84.02925,85.09926
2022-01-13 12:11:24.506995,84.21434,84.54425,85.09926
2022-01-13 12:11:25.007639,84.1636,84.33875,86.86645
2022-01-13 12:11:25.508965,84.62773,85.21525,86.86645
2022-01-13 12:11:26.006908,84.11161,84.23475,85.57051
2022-01-13 12:11:26.501061,84.11161,84.54425,85.57051
2022-01-13 12:11:27.006967,84.26632,84.23475,86.04176
2022-01-13 12:11:27.508033,84.36905,84.751,86.04176
2022-01-13 12:11:28.005584,84.42104,84.699,86.98426
2022-01-13 12:11:28.509539,83.7502,83.92525,86.98426
2022-01-13 12:11:29.008883,84.26632,84.751,85.4527
2022-01-13 12:11:29.504406,84.00888,84.3895,85.4527
2022-01-13 12:11:30.005657,84.31831,84.699,85.49229
2022-01-13 12:11:30.506038,84.52377,84.85375,85.49229
2022-01-13 12:11:31.010929,83.85417,84.28675,86.23875
2022-01-13 12:11:31.504807,84.05963,84.184,86.23875
2022-01-13 12:11:32.007307,84.52377,84.64825,85.25666
2022-01-13 12:11:32.508252,84.1636,84.59625,85.25666
2022-01-13 12:11:33.010584,84.26632,84.54425,86.08135
2022-01-13 12:11:33.503027,84.05963,84.64825,86.08135
2022-01-13 12:11:34.010362,84.05963,84.3895,85.06062
2022-01-13 12:11:34.506298,84.52377,84.85375,85.06062
2022-01-13 12:11:35.005105,84.1636,84.54425,85.25666
2022-01-13 12:11:35.501131,83.85417,84.33875,85.25666
2022-01-13 12:11:36.010064,84.36905,84.59625,86.00312
2022-01-13 12:11:36.505445,84.26632,84.23475,86.00312
2022-01-13 12:11:37.002577,83.9569,84.3895,86.12093
2022-01-13 12:11:37.509239,84.26632,84.59625,86.12093
2022-01-13 12:11:38.006409,83.9569,84.4935,85.06062
2022-01-13 12:11:38.506891,84.11161,84.54425,85.06062
2022-01-13 12:11:39.003132,84.1636,84.64825,86.23875
2022-01-13 12:11:39.505855,84.11161,84.54425,86.23875
2022-01-13 12:11:40.004111,84.9879,84.85375,85.53187
2022-01-13 12:11:40.510625,83.85417,84.184,85.53187
2022-01-13 12:11:41.007944,84.26632,84.59625,85.7675
2022-01-13 12:11:41.501827,83.90492,84.3895,85.7675
2022-01-13 12:11:42.008964,84.31831,84.59625,85.57051
2022-01-13 12:11:42.501767,83.69946,84.3895,85.57051
2022-01-13 12:11:43.005666,84.36905,84.803,85.49229
2022-01-13 12:11:43.508286,84.42104,84.3895,85.49229
2022-01-13 12:11:44.003404,84.42104,84.90575,85.6101
2022-01-13 12:11:44.507503,84.21434,84.4415,85.6101
2022-01-13 12:11:45.003971,83.28607,83.71975,85.64968
2022-01-13 12:11:45.505989,84.00888,84.33875,85.64968
2022-01-13 12:11:46.009144,83.90492,84.132,193.91937
2022-01-13 12:11:46.501004,84.1636,84.54425,193.91937
2022-01-13 12:11:47.010677,83.9569,83.8745,235.86062
2022-01-13 12:11:47.501405,84.36905,84.54425,235.86062
2022-01-13 12:11:48.006496,84.62773,84.59625,191.28791
2022-01-13 12:11:48.501646,83.64747,84.184,191.28791
2022-01-13 12:11:49.006626,83.9569,84.184,120.01135
2022-01-13 12:11:49.505975,83.54475,84.08,120.01135
2022-01-13 12:11:50.002152,84.57575,84.90575,90.08697
2022-01-13 12:11:50.504093,84.11161,84.28675,90.08697
2022-01-13 12:11:51.005139,84.05963,84.33875,93.38572
2022-01-13 12:11:51.500719,83.80219,83.8225,93.38572
2022-01-13 12:11:52.003539,84.31831,84.803,89.14447
2022-01-13 12:11:52.506993,84.83319,84.95775,89.14447
2022-01-13 12:11:53.006819,83.33805,83.7705,86.63083
2022-01-13 12:11:53.503401,84.57575,85.0605,86.63083
2022-01-13 12:11:54.010452,83.90492,84.33875,86.00312
2022-01-13 12:11:54.502611,84.52377,84.751,86.00312
2022-01-13 12:11:55.008901,84.31831,84.3895,86.35656
2022-01-13 12:11:55.503407,83.9569,84.54425,86.35656
2022-01-13 12:11:56.007884,84.1636,84.59625,86.82781
2022-01-13 12:11:56.504849,84.52377,84.95775,86.82781
2022-01-13 12:11:57.006068,84.05963,84.23475,86.63083
2022-01-13 12:11:57.502067,83.49276,84.132,86.63083
2022-01-13 12:11:58.005990,84.42104,84.90575,86.98426
2022-01-13 12:11:58.509141,84.42104,84.699,86.98426
2022-01-13 12:11:59.008049,84.11161,84.4935,85.6101
2022-01-13 12:11:59.501511,84.21434,84.699,85.6101
2022-01-13 12:12:00.002894,83.7502,84.23475,85.88531
2022-01-13 12:12:00.509687,84.42104,84.90575,85.88531
2022-01-13 12:12:01.004707,84.05963,84.4935,85.53187
2022-01-13 12:12:01.503666,84.11161,84.4935,85.53187
2022-01-13 12:12:02.001589,84.31831,84.23475,85.13885
2022-01-13 12:12:02.508671,84.26632,84.699,85.13885
2022-01-13 12:12:03.005756,84.21434,84.59625,86.19916
2022-01-13 12:12:03.501948,83.9569,84.33875,86.19916
2022-01-13 12:12:04.009790,84.26632,84.54425,86.08135
2022-01-13 12:12:04.508414,84.05963,84.4935,86.08135
2022-01-13 12:12:05.002512,84.31831,84.803,85.84572
2022-01-13 12:12:05.508299,84.26632,84.4935,85.84572
2022-01-13 12:12:06.004474,84.36905,84.751,85.4527
2022-01-13 12:12:06.509732,84.1636,84.54425,85.4527
2022-01-13 12:12:07.007763,83.90492,84.33875,85.64968
2022-01-13 12:12:07.501287,84.52377,84.90575,85.64968
2022-01-13 12:12:08.007343,83.64747,84.08,85.33489
2022-01-13 12:12:08.505446,84.57575,85.26725,85.33489
2022-01-13 12:12:09.009627,84.1636,84.28675,85.80614
2022-01-13 12:12:09.502609,84.11161,84.33875,85.80614
2022-01-13 12:12:10.009290,84.57575,84.751,85.88531
2022-01-13 12:12:10.504294,83.85417,84.184,85.88531
2022-01-13 12:12:11.002294,84.52377,84.751,85.09926
2022-01-13 12:12:11.506701,83.7502,84.08,85.09926
2022-01-13 12:12:12.002783,84.52377,85.0085,86.23875
2022-01-13 12:12:12.504673,83.9569,84.184,86.23875
2022-01-13 12:12:13.001256,84.52377,84.751,85.68833
2022-01-13 12:12:13.507511,83.9569,84.08,85.68833
2022-01-13 12:12:14.004826,84.42104,84.699,86.27739
2022-01-13 12:12:14.507704,84.31831,84.699,86.27739
2022-01-13 12:12:15.004908,83.64747,83.97725,85.53187
2022-01-13 12:12:15.505355,84.42104,84.90575,85.53187
2022-01-13 12:12:16.010435,83.64747,84.184,86.04176
2022-01-13 12:12:16.507091,84.88517,85.26725,86.04176
2022-01-13 12:12:17.004452,84.26632,84.28675,85.17843
2022-01-13 12:12:17.507658,83.85417,84.23475,85.17843
2022-01-13 12:12:18.003885,84.26632,84.54425,85.57051
2022-01-13 12:12:18.508436,84.11161,84.54425,85.57051
2022-01-13 12:12:19.003077,84.36905,84.699,85.6101
2022-01-13 12:12:19.509189,83.59549,84.28675,85.6101
2022-01-13 12:12:20.006458,84.11161,84.23475,85.29625
2022-01-13 12:12:20.501408,84.52377,84.54425,85.29625
2022-01-13 12:12:21.008978,84.67848,85.16325,86.00312
2022-01-13 12:12:21.508147,84.1636,84.4415,86.00312
2022-01-13 12:12:22.002848,83.9569,84.28675,85.88531
2022-01-13 12:12:22.507961,84.00888,84.3895,85.88531
2022-01-13 12:12:23.011198,83.9569,84.751,85.57051
2022-01-13 12:12:23.503381,84.36905,84.751,85.57051
2022-01-13 12:12:24.003003,84.05963,83.97725,86.19916
2022-01-13 12:12:24.506468,84.21434,84.4415,86.19916
2022-01-13 12:12:25.003192,84.57575,84.85375,85.29625
2022-01-13 12:12:25.505319,84.1636,84.64825,85.29625
2022-01-13 12:12:26.002882,84.21434,84.54425,85.72791
2022-01-13 12:12:26.508147,83.69946,84.33875,85.72791
2022-01-13 12:12:27.005464,84.11161,84.59625,85.64968
2022-01-13 12:12:27.506227,84.62773,84.85375,85.64968
2022-01-13 12:12:28.003253,84.05963,84.28675,85.80614
2022-01-13 12:12:28.509444,84.26632,84.4415,85.80614
2022-01-13 12:12:29.008157,84.05963,84.4415,85.7675
2022-01-13 12:12:29.504124,84.47302,85.0085,85.7675
2022-01-13 12:12:30.001643,83.69946,84.08,85.72791
2022-01-13 12:12:30.506871,84.62773,85.0085,85.72791
2022-01-13 12:12:31.004342,83.69946,83.97725,85.53187
2022-01-13 12:12:31.502630,84.42104,84.64825,85.53187
2022-01-13 12:12:32.007455,84.62773,84.90575,85.57051
2022-01-13 12:12:32.509511,83.54475,84.132,85.57051
2022-01-13 12:12:33.004349,84.62773,84.85375,85.17843
2022-01-13 12:12:33.505432,83.7502,84.184,85.17843
2022-01-13 12:12:34.002599,84.47302,84.803,85.68833
2022-01-13 12:12:34.507827,84.05963,84.4935,85.68833
2022-01-13 12:12:35.006201,84.31831,84.59625,85.96354
2022-01-13 12:12:35.501302,84.42104,84.4935,85.96354
2022-01-13 12:12:36.001200,84.11161,84.64825,85.53187
2022-01-13 12:12:36.505591,84.36905,85.0085,85.53187
2022-01-13 12:12:37.004175,84.05963,84.54425,85.88531
2022-01-13 12:12:37.501214,84.31831,84.59625,85.88531
2022-01-13 12:12:38.008970,83.33805,83.8745,86.12093
2022-01-13 12:12:38.504425,84.57575,84.95775,86.12093
2022-01-13 12:12:39.001999,84.26632,84.3895,86.00312
2022-01-13 12:12:39.507140,84.21434,84.59625,86.00312
2022-01-13 12:12:40.006993,84.26632,84.59625,86.19916
2022-01-13 12:12:40.502342,83.69946,84.3895,86.19916
2022-01-13 12:12:41.001678,84.88517,85.0605,85.84572
2022-01-13 12:12:41.507533,83.90492,84.4935,85.84572
2022-01-13 12:12:42.005909,84.52377,84.751,86.78822
2022-01-13 12:12:42.511130,83.85417,84.132,86.78822
2022-01-13 12:12:43.004019,84.62773,84.90575,85.92395
2022-01-13 12:12:43.509257,84.05963,84.4415,85.92395
2022-01-13 12:12:44.006999,84.31831,84.751,85.49229
2022-01-13 12:12:44.502434,83.9569,84.28675,85.49229
2022-01-13 12:12:45.002057,84.05963,84.3895,85.6101
2022-01-13 12:12:45.506323,84.52377,84.85375,85.6101
2022-01-13 12:12:46.008888,84.00888,84.3895,85.92395
2022-01-13 12:12:46.503958,84.1636,84.28675,85.92395
2022-01-13 12:12:47.006809,84.00888,84.33875,85.13885
2022-01-13 12:12:47.511278,84.11161,84.4935,85.13885
2022-01-13 12:12:48.009065,84.62773,84.90575,85.49229
2022-01-13 12:12:48.506206,83.33805,83.7705,85.49229
2022-01-13 12:12:49.005329,84.21434,84.4935,85.29625
2022-01-13 12:12:49.509660,84.1636,84.699,85.29625
2022-01-13 12:12:50.007995,84.67848,84.85375,85.64968
2022-01-13 12:12:50.503352,84.00888,84.23475,85.64968
2022-01-13 12:12:51.001807,84.11161,84.33875,86.08135
2022-01-13 12:12:51.505995,84.36905,84.751,86.08135
2022-01-13 12:12:52.004305,84.36905,84.64825,85.72791
2022-01-13 12:12:52.510103,84.11161,84.4415,85.72791
2022-01-13 12:12:53.008640,83.80219,84.3895,86.31697
2022-01-13 12:12:53.504795,84.31831,84.4935,86.31697
2022-01-13 12:12:54.008054,84.62773,84.699,85.21708
2022-01-13 12:12:54.502287,83.90492,84.33875,85.21708
2022-01-13 12:12:55.001207,84.62773,84.95775,85.57051
2022-01-13 12:12:55.505935,83.69946,84.132,85.57051
2022-01-13 12:12:56.006171,84.36905,84.59625,85.17843
2022-01-13 12:12:56.501472,84.00888,84.699,85.17843
2022-01-13 12:12:57.009537,84.42104,84.4935,86.23875
2022-01-13 12:12:57.506947,84.1636,84.28675,86.23875
2022-01-13 12:12:58.005343,84.00888,84.184,86.08135
2022-01-13 12:12:58.509168,84.62773,84.95775,86.08135
2022-01-13 12:12:59.006730,83.9569,84.28675,85.68833
2022-01-13 12:12:59.502196,84.1636,84.54425,85.68833
2022-01-13 12:13:00.009562,84.05963,84.33875,85.4527
2022-01-13 12:13:00.502042,84.42104,84.59625,85.4527
2022-01-13 12:13:01.001542,84.26632,84.54425,85.49229
2022-01-13 12:13:01.507972,84.42104,84.54425,85.49229
2022-01-13 12:13:02.005977,84.36905,84.64825,85.68833
2022-01-13 12:13:02.505544,84.00888,84.54425,85.68833
2022-01-13 12:13:03.005404,84.36905,84.64825,86.43479
2022-01-13 12:13:03.510262,83.59549,84.184,86.43479
2022-01-13 12:13:04.008300,84.57575,84.95775,85.25666
2022-01-13 12:13:04.509911,84.31831,84.59625,85.25666
2022-01-13 12:13:05.009366,84.26632,84.28675,85.7675
2022-01-13 12:13:05.504723,84.57575,84.751,85.7675
2022-01-13 12:13:06.002848,84.11161,84.54425,85.72791
2022-01-13 12:13:06.509532,84.26632,84.4415,85.72791
2022-01-13 12:13:07.009547,84.11161,84.54425,85.84572
2022-01-13 12:13:07.505224,84.26632,84.59625,85.84572
2022-01-13 12:13:08.003648,84.05963,84.33875,86.5526
2022-01-13 12:13:08.509071,84.57575,84.803,86.5526
2022-01-13 12:13:09.007920,83.7502,84.132,85.6101
2022-01-13 12:13:09.503169,84.52377,85.0605,85.6101
2022-01-13 12:13:10.000566,84.26632,84.4935,85.41406
2022-01-13 12:13:10.506750,84.05963,84.33875,85.41406
2022-01-13 12:13:11.005828,84.31831,84.33875,85.6101
2022-01-13 12:13:11.502023,83.85417,84.4935,85.6101
2022-01-13 12:13:12.010640,84.52377,84.54425,85.88531
2022-01-13 12:13:12.506900,84.57575,84.85375,85.88531
2022-01-13 12:13:13.005096,83.85417,84.28675,85.64968
2022-01-13 12:13:13.501179,84.1636,84.64825,85.64968
2022-01-13 12:13:14.008453,84.1636,84.54425,85.4527
2022-01-13 12:13:14.505378,84.1636,84.4415,85.4527
2022-01-13 12:13:15.003985,83.90492,84.4415,85.17843
2022-01-13 12:13:15.509395,84.00888,84.184,85.17843
2022-01-13 12:13:16.006929,84.57575,84.90575,85.84572
2022-01-13 12:13:16.503714,83.90492,84.4415,85.84572
2022-01-13 12:13:17.001486,84.47302,84.751,85.21708
2022-01-13 12:13:17.502618,83.64747,84.02925,85.21708
2022-01-13 12:13:18.001581,84.52377,84.90575,86.00312
2022-01-13 12:13:18.506709,83.85417,84.64825,86.00312
2022-01-13 12:13:19.005113,84.31831,84.3895,85.68833
2022-01-13 12:13:19.501455,84.36905,84.64825,85.68833
2022-01-13 12:13:20.009968,83.7502,84.23475,85.84572
2022-01-13 12:13:20.506143,84.62773,85.26725,85.84572
2022-01-13 12:13:21.003456,83.90492,84.184,86.00312
2022-01-13 12:13:21.508819,84.36905,84.4935,86.00312
2022-01-13 12:13:22.008290,83.9569,84.4415,85.41406
2022-01-13 12:13:22.502985,84.00888,84.23475,85.41406
2022-01-13 12:13:23.002224,84.88517,85.1125,85.49229
2022-01-13 12:13:23.507245,83.80219,84.184,85.49229
2022-01-13 12:13:24.007262,84.26632,84.64825,86.23875
2022-01-13 12:13:24.511074,83.90492,84.33875,86.23875
2022-01-13 12:13:25.010122,84.78245,85.1125,85.4527
2022-01-13 12:13:25.506182,83.28607,83.7705,85.4527
2022-01-13 12:13:26.004405,84.73046,84.699,85.72791
2022-01-13 12:13:26.509213,83.80219,84.184,85.72791
2022-01-13 12:13:27.008626,84.47302,84.59625,85.88531
2022-01-13 12:13:27.503728,84.42104,84.64825,85.88531
2022-01-13 12:13:28.001453,83.7502,84.23475,85.68833
2022-01-13 12:13:28.508315,84.47302,84.751,85.68833
2022-01-13 12:13:29.005269,84.11161,84.751,85.7675
2022-01-13 12:13:29.511095,84.26632,84.54425,85.7675
2022-01-13 12:13:30.010034,83.9569,84.54425,85.25666
2022-01-13 12:13:30.504512,84.26632,84.4415,85.25666
2022-01-13 12:13:31.002863,84.57575,84.699,85.49229
2022-01-13 12:13:31.508294,84.1636,84.33875,85.49229
2022-01-13 12:13:32.006017,84.31831,84.54425,84.94281
2022-01-13 12:13:32.501748,83.69946,84.28675,84.94281
2022-01-13 12:13:33.001603,84.47302,84.59625,85.29625
2022-01-13 12:13:33.509392,83.44078,84.28675,85.29625
2022-01-13 12:13:34.007322,84.62773,84.699,86.04176
2022-01-13 12:13:34.502868,84.05963,84.33875,86.04176
2022-01-13 12:13:35.001247,84.1636,84.3895,85.29625
2022-01-13 12:13:35.506640,84.21434,84.4935,85.29625
2022-01-13 12:13:36.005335,84.00888,84.54425,86.04176
2022-01-13 12:13:36.510148,84.36905,84.699,86.04176
2022-01-13 12:13:37.009314,83.7502,84.4415,85.7675
2022-01-13 12:13:37.506864,84.26632,84.4415,85.7675
2022-01-13 12:13:38.003933,84.31831,84.751,85.6101
2022-01-13 12:13:38.508909,84.21434,84.3895,85.6101
2022-01-13 12:13:39.007542,84.31831,84.59625,85.53187
2022-01-13 12:13:39.502278,83.69946,84.08,85.53187
2022-01-13 12:13:40.003059,84.26632,84.54425,85.29625
2022-01-13 12:13:40.508512,83.85417,84.59625,85.29625
2022-01-13 12:13:41.006995,84.21434,84.699,85.41406
2022-01-13 12:13:41.508154,84.36905,84.699,85.41406
2022-01-13 12:13:42.003466,83.69946,83.92525,85.92395
2022-01-13 12:13:42.505699,84.57575,84.803,85.92395
2022-01-13 12:13:43.003644,83.9569,84.54425,85.53187
2022-01-13 12:13:43.509461,84.67848,84.803,85.53187
2022-01-13 12:13:44.007714,83.49276,84.08,85.25666
2022-01-13 12:13:44.502777,84.21434,84.4935,85.25666
2022-01-13 12:13:45.001600,84.57575,85.16325,85.57051
2022-01-13 12:13:45.507126,84.00888,84.3895,85.57051
2022-01-13 12:13:46.007211,84.36905,84.64825,85.88531
2022-01-13 12:13:46.503266,83.85417,84.23475,85.88531
2022-01-13 12:13:47.002934,84.26632,84.803,85.37447
2022-01-13 12:13:47.509252,84.00888,84.59625,85.37447
2022-01-13 12:13:48.007227,84.36905,84.28675,86.08135
2022-01-13 12:13:48.503080,83.54475,84.08,86.08135
2022-01-13 12:13:49.001600,84.42104,84.64825,85.72791
2022-01-13 12:13:49.506808,84.57575,84.751,85.72791
2022-01-13 12:13:50.006725,83.7502,84.23475,85.53187
2022-01-13 12:13:50.502760,84.52377,84.90575,85.53187
2022-01-13 12:13:51.001828,83.39003,83.8225,85.4527
2022-01-13 12:13:51.507815,84.88517,85.0085,85.4527
2022-01-13 12:13:52.005219,83.85417,84.4935,86.08135
2022-01-13 12:13:52.509943,84.52377,84.64825,86.08135
2022-01-13 12:13:53.008258,84.11161,84.08,85.33489
2022-01-13 12:13:53.503350,84.11161,84.4935,85.33489
2022-01-13 12:13:54.001966,84.26632,84.4935,85.09926
2022-01-13 12:13:54.509096,84.11161,84.59625,85.09926
2022-01-13 12:13:55.010865,84.31831,84.59625,86.00312
2022-01-13 12:13:55.508876,83.64747,84.3895,86.00312
2022-01-13 12:13:56.007571,84.73046,84.85375,85.41406
2022-01-13 12:13:56.502188,83.9569,84.184,85.41406
2022-01-13 12:13:57.001140,84.52377,84.751,85.72791
2022-01-13 12:13:57.507097,83.9569,84.132,85.72791
2022-01-13 12:13:58.006297,84.1636,84.59625,85.57051
2022-01-13 12:13:58.502603,84.36905,84.3895,85.57051
2022-01-13 12:13:59.002181,83.59549,84.3895,86.04176
2022-01-13 12:13:59.509041,84.52377,84.699,86.04176
2022-01-13 12:14:00.005203,84.1636,84.23475,84.94281
2022-01-13 12:14:00.510700,84.52377,84.803,84.94281
2022-01-13 12:14:01.009587,84.00888,84.28675,87.10208
2022-01-13 12:14:01.504006,84.31831,84.64825,87.10208
2022-01-13 12:14:02.003201,84.00888,84.184,85.6101
2022-01-13 12:14:02.508285,83.85417,84.64825,85.6101
2022-01-13 12:14:03.006972,84.42104,84.59625,85.64968
2022-01-13 12:14:03.504071,84.05963,84.33875,85.64968
2022-01-13 12:14:04.002504,84.36905,84.4935,85.7675
2022-01-13 12:14:04.508057,84.11161,84.4415,85.7675
2022-01-13 12:14:05.006024,84.00888,84.59625,85.7675
2022-01-13 12:14:05.501360,84.21434,84.3895,85.7675
2022-01-13 12:14:06.009349,83.9569,84.54425,85.57051
2022-01-13 12:14:06.506085,83.85417,84.23475,85.57051
2022-01-13 12:14:07.003920,84.26632,84.803,85.96354
2022-01-13 12:14:07.510500,83.9569,84.02925,85.96354
2022-01-13 12:14:08.009370,84.05963,83.92525,88.31979
2022-01-13 12:14:08.503384,84.52377,84.751,88.31979
2022-01-13 12:14:09.003181,83.59549,83.66775,230.5977
2022-01-13 12:14:09.508567,84.47302,84.803,230.5977
2022-01-13 12:14:10.005721,84.00888,84.23475,217.12843
2022-01-13 12:14:10.501573,83.54475,84.184,217.12843
2022-01-13 12:14:11.009345,84.05963,84.184,145.65489
2022-01-13 12:14:11.504112,84.42104,84.59625,145.65489
2022-01-13 12:14:12.003490,84.21434,84.54425,91.34333
2022-01-13 12:14:12.507788,84.31831,84.28675,91.34333
2022-01-13 12:14:13.006844,83.54475,83.97725,96.01718
2022-01-13 12:14:13.501435,84.52377,84.64825,96.01718
2022-01-13 12:14:14.009182,83.85417,84.64825,88.51583
2022-01-13 12:14:14.503287,84.1636,84.28675,88.51583
2022-01-13 12:14:15.001251,84.52377,84.64825,86.94562
2022-01-13 12:14:15.507913,83.85417,84.4415,86.94562
2022-01-13 12:14:16.007442,84.36905,84.59625,85.37447
2022-01-13 12:14:16.504312,84.1636,84.699,85.37447
2022-01-13 12:14:17.003481,84.57575,84.64825,86.51301
2022-01-13 12:14:17.507138,83.59549,84.33875,86.51301
2022-01-13 12:14:18.001493,84.1636,84.4935,86.00312
2022-01-13 12:14:18.505314,84.11161,84.3895,86.00312
2022-01-13 12:14:19.002110,84.26632,84.4935,85.6101
2022-01-13 12:14:19.508009,84.21434,84.4415,85.6101
2022-01-13 12:14:20.004858,83.90492,84.54425,86.63083
2022-01-13 12:14:20.501324,84.42104,84.64825,86.63083
2022-01-13 12:14:21.009951,83.85417,84.59625,86.27739
2022-01-13 12:14:21.504084,84.36905,84.64825,86.27739
2022-01-13 12:14:22.001584,83.7502,84.33875,85.88531
2022-01-13 12:14:22.507282,84.36905,84.90575,85.88531
2022-01-13 12:14:23.004583,84.11161,84.132,86.63083
2022-01-13 12:14:23.501107,84.05963,84.64825,86.63083
2022-01-13 12:14:24.007817,84.26632,84.3895,86.19916
2022-01-13 12:14:24.504616,84.21434,84.85375,86.19916
2022-01-13 12:14:25.002654,84.36905,84.751,85.02104
2022-01-13 12:14:25.504233,83.69946,84.23475,85.02104
2022-01-13 12:14:26.002280,84.52377,84.803,85.72791
2022-01-13 12:14:26.507476,84.26632,84.54425,85.72791
2022-01-13 12:14:27.005571,83.9569,84.54425,85.49229
2022-01-13 12:14:27.501197,84.1636,84.33875,85.49229
2022-01-13 12:14:28.009640,84.05963,84.699,86.15958
2022-01-13 12:14:28.502142,84.21434,84.33875,86.15958
2022-01-13 12:14:29.011071,84.21434,84.803,86.15958
2022-01-13 12:14:29.505423,84.00888,84.28675,86.15958
2022-01-13 12:14:30.003617,84.67848,84.4935,85.72791
2022-01-13 12:14:30.507434,84.21434,84.751,85.72791
2022-01-13 12:14:31.004698,84.05963,84.4415,85.6101
2022-01-13 12:14:31.508201,84.21434,84.90575,85.6101
2022-01-13 12:14:32.006626,84.26632,84.3895,86.74864
2022-01-13 12:14:32.506667,84.21434,84.751,86.74864
2022-01-13 12:14:33.008736,84.11161,84.28675,85.29625
2022-01-13 12:14:33.502381,84.36905,84.59625,85.29625
2022-01-13 12:14:34.001565,83.85417,84.23475,85.29625
2022-01-13 12:14:34.503201,84.47302,84.751,85.29625
2022-01-13 12:14:35.001268,83.59549,84.3895,85.68833
2022-01-13 12:14:35.503779,84.36905,84.803,85.68833
2022-01-13 12:14:36.002269,83.90492,84.4935,85.6101
2022-01-13 12:14:36.508795,84.00888,84.28675,85.6101
2022-01-13 12:14:37.003541,84.52377,84.64825,85.37447
2022-01-13 12:14:37.506945,84.05963,84.4415,85.37447
2022-01-13 12:14:38.001463,84.31831,84.64825,86.00312
2022-01-13 12:14:38.504795,84.00888,84.64825,86.00312
2022-01-13 12:14:39.008926,84.31831,84.54425,85.37447
2022-01-13 12:14:39.509499,83.7502,84.33875,85.37447
2022-01-13 12:14:40.010176,84.36905,84.64825,86.59218
2022-01-13 12:14:40.503587,84.31831,84.803,86.59218
2022-01-13 12:14:41.009233,84.11161,84.33875,85.7675
2022-01-13 12:14:41.503838,84.78245,84.85375,85.7675
2022-01-13 12:14:42.010408,83.80219,84.3895,86.12093
2022-01-13 12:14:42.505611,84.36905,84.803,86.12093
2022-01-13 12:14:43.004607,83.85417,84.59625,85.7675
2022-01-13 12:14:43.509735,84.21434,84.23475,85.7675
2022-01-13 12:14:44.007346,83.90492,84.33875,85.53187
2022-01-13 12:14:44.502276,84.47302,84.95775,85.53187
2022-01-13 12:14:45.010557,84.36905,84.4415,85.49229
2022-01-13 12:14:45.506149,84.05963,84.4935,85.49229
2022-01-13 12:14:46.005121,84.31831,84.4935,85.92395
2022-01-13 12:14:46.509466,84.11161,84.54425,85.92395
2022-01-13 12:14:47.007746,84.52377,84.95775,85.09926
2022-01-13 12:14:47.504488,83.59549,84.184,85.09926
2022-01-13 12:14:48.002769,84.42104,84.54425,86.51301
2022-01-13 12:14:48.508598,84.1636,84.28675,86.51301
2022-01-13 12:14:49.005175,84.21434,84.803,85.88531
2022-01-13 12:14:49.502124,84.1636,84.4935,85.88531
2022-01-13 12:14:50.009793,84.00888,84.3895,85.25666
2022-01-13 12:14:50.504229,84.1636,84.4935,85.25666
2022-01-13 12:14:51.002216,83.90492,84.59625,85.96354
2022-01-13 12:14:51.510337,84.26632,84.4935,85.96354
2022-01-13 12:14:52.008697,84.26632,84.4415,85.29625
2022-01-13 12:14:52.509848,84.26632,84.64825,85.29625
2022-01-13 12:14:53.004802,84.1636,84.3895,85.6101
2022-01-13 12:14:53.509925,84.1636,84.751,85.6101
2022-01-13 12:14:54.002421,84.36905,84.4415,85.96354
2022-01-13 12:14:54.507794,83.85417,84.4415,85.96354
2022-01-13 12:14:55.003303,83.90492,84.28675,85.53187
2022-01-13 12:14:55.505217,84.36905,84.64825,85.53187
2022-01-13 12:14:56.009609,84.1636,84.59625,85.92395
2022-01-13 12:14:56.502970,84.21434,84.33875,85.92395
2022-01-13 12:14:57.009028,84.05963,84.4935,86.08135
2022-01-13 12:14:57.501462,84.21434,84.4935,86.08135
2022-01-13 12:14:58.004609,84.11161,84.699,86.74864
2022-01-13 12:14:59.002006,84.00888,84.184,85.41406
2022-01-13 12:14:59.505711,84.00888,84.3895,85.41406
2022-01-13 12:15:00.010543,84.62773,84.64825,85.88531
2022-01-13 12:15:00.507315,84.00888,84.59625,85.88531
2022-01-13 12:15:01.002049,84.47302,84.54425,85.84572
2022-01-13 12:15:01.510589,83.80219,84.3895,85.84572
2022-01-13 12:15:02.005760,84.47302,84.751,85.6101
2022-01-13 12:15:02.510247,84.00888,84.33875,85.6101
2022-01-13 12:15:03.004656,84.26632,84.699,85.33489
2022-01-13 12:15:03.503195,84.62773,84.54425,85.33489
2022-01-13 12:15:04.010931,83.7502,84.28675,85.92395
2022-01-13 12:15:04.505203,84.26632,84.4935,85.92395
2022-01-13 12:15:05.002353,83.85417,84.4415,85.41406
2022-01-13 12:15:05.504053,84.42104,84.699,85.41406
2022-01-13 12:15:06.002218,83.69946,84.08,85.57051
2022-01-13 12:15:06.505607,84.31831,84.59625,85.57051
2022-01-13 12:15:07.001146,84.36905,84.4935,85.53187
2022-01-13 12:15:07.501881,84.11161,84.90575,85.53187
2022-01-13 12:15:08.006373,84.31831,84.3895,85.88531
2022-01-13 12:15:08.508449,83.69946,84.28675,85.88531
2022-01-13 12:15:09.004252,84.42104,84.699,86.15958
2022-01-13 12:15:09.504205,83.80219,84.4415,86.15958
2022-01-13 12:15:10.008142,84.42104,84.803,86.04176
2022-01-13 12:15:10.508474,84.05963,83.8225,86.04176
2022-01-13 12:15:11.503344,84.05963,84.59625,85.72791
2022-01-13 12:15:12.007182,83.9569,84.4935,85.72791
2022-01-13 12:15:12.510630,84.67848,84.803,85.72791
2022-01-13 12:15:13.005860,83.59549,84.132,85.92395
2022-01-13 12:15:13.507283,84.52377,84.90575,85.92395
2022-01-13 12:15:14.006467,84.31831,84.4415,85.64968
2022-01-13 12:15:14.509036,84.31831,84.699,85.64968
2022-01-13 12:15:15.002361,83.90492,84.28675,84.90322
2022-01-13 12:15:15.510217,84.11161,84.751,84.90322
2022-01-13 12:15:16.006802,83.85417,84.184,85.88531
2022-01-13 12:15:16.504244,84.05963,84.64825,85.88531
2022-01-13 12:15:17.007220,84.36905,84.64825,85.68833
2022-01-13 12:15:17.507639,83.85417,84.08,85.68833
2022-01-13 12:15:18.009994,84.62773,85.0605,85.53187
2022-01-13 12:15:18.504226,84.26632,84.3895,85.53187
2022-01-13 12:15:19.006749,84.11161,84.54425,85.84572
2022-01-13 12:15:19.502851,84.00888,84.23475,85.84572
2022-01-13 12:15:20.000621,84.26632,84.751,85.68833
2022-01-13 12:15:20.502963,84.05963,84.3895,85.68833
2022-01-13 12:15:21.008093,84.11161,84.59625,85.49229
2022-01-13 12:15:21.504950,83.90492,84.33875,85.49229
2022-01-13 12:15:22.003568,84.73046,84.85375,85.84572
2022-01-13 12:15:22.506553,84.21434,84.699,85.84572
2022-01-13 12:15:23.001257,83.9569,84.23475,85.41406
2022-01-13 12:15:23.503723,84.31831,84.751,85.41406
2022-01-13 12:15:24.005531,83.9569,84.28675,84.90322
2022-01-13 12:15:24.509751,83.80219,84.23475,84.90322
2022-01-13 12:15:25.004301,84.36905,84.751,86.27739
2022-01-13 12:15:25.509085,84.21434,84.33875,86.27739
2022-01-13 12:15:26.007253,84.42104,84.751,86.43479
2022-01-13 12:15:26.507632,84.42104,84.751,86.43479
2022-01-13 12:15:27.010857,83.7502,84.184,86.31697
2022-01-13 12:15:27.501513,84.67848,84.95775,86.31697
2022-01-13 12:15:28.009789,84.47302,84.59625,86.23875
2022-01-13 12:15:28.503347,83.90492,84.23475,86.23875
2022-01-13 12:15:29.011152,84.36905,84.54425,85.29625
2022-01-13 12:15:29.506642,84.05963,84.33875,85.29625
2022-01-13 12:15:30.004172,84.42104,84.4935,85.53187
2022-01-13 12:15:30.501372,84.00888,84.33875,85.53187
2022-01-13 12:15:31.008140,84.1636,84.64825,85.25666
2022-01-13 12:15:31.503066,83.85417,84.4935,85.25666
2022-01-13 12:15:32.505009,84.1636,84.28675,85.68833
2022-01-13 12:15:33.003514,84.47302,84.803,85.4527
2022-01-13 12:15:33.507175,84.26632,84.4935,85.4527
2022-01-13 12:15:34.004009,84.11161,84.4415,85.84572
2022-01-13 12:15:34.510802,84.57575,84.751,85.84572
2022-01-13 12:15:35.009047,83.7502,84.08,86.04176
2022-01-13 12:15:35.505151,84.52377,85.1125,86.04176
2022-01-13 12:15:36.003453,84.00888,84.54425,85.41406
2022-01-13 12:15:36.508732,84.26632,84.54425,85.41406
2022-01-13 12:15:37.006697,84.1636,84.184,86.08135
2022-01-13 12:15:37.501611,84.11161,84.699,86.08135
2022-01-13 12:15:38.009772,84.00888,84.33875,86.04176
2022-01-13 12:15:38.504637,84.31831,84.803,86.04176
2022-01-13 12:15:39.003296,84.1636,84.3895,85.96354
2022-01-13 12:15:39.508156,83.85417,84.28675,85.96354
2022-01-13 12:15:40.005278,84.47302,84.90575,85.4527
2022-01-13 12:15:40.501529,84.26632,84.33875,85.4527
2022-01-13 12:15:41.007924,84.05963,84.54425,85.7675
2022-01-13 12:15:41.501413,84.42104,84.803,85.7675
2022-01-13 12:15:42.007110,84.05963,84.4415,85.72791
2022-01-13 12:15:42.510972,84.31831,84.751,85.72791
2022-01-13 12:15:43.002546,83.64747,84.02925,85.49229
2022-01-13 12:15:43.507016,84.31831,84.751,85.49229
2022-01-13 12:15:44.004602,84.36905,84.803,85.6101
2022-01-13 12:15:44.510577,84.31831,84.803,85.6101
2022-01-13 12:15:45.008870,83.9569,84.08,86.12093
2022-01-13 12:15:45.503090,84.21434,84.59625,86.12093
2022-01-13 12:15:46.010805,84.05963,84.33875,85.21708
2022-01-13 12:15:46.505430,84.21434,84.751,85.21708
2022-01-13 12:15:47.001366,84.05963,84.3895,86.04176
2022-01-13 12:15:47.509418,84.47302,84.3895,86.04176
2022-01-13 12:15:48.008746,84.21434,84.54425,85.68833
2022-01-13 12:15:48.502643,84.21434,84.64825,85.68833
2022-01-13 12:15:49.011288,83.90492,84.4415,85.33489
2022-01-13 12:15:49.506815,84.57575,84.803,85.33489
2022-01-13 12:15:50.011106,83.54475,84.08,85.92395
2022-01-13 12:15:50.505191,84.36905,84.85375,85.92395
2022-01-13 12:15:51.002930,84.31831,84.54425,85.72791
