時間,回転１,回転２,回転３
2022-01-13 09:16:22.012321,83.02862,83.97725,0.0
2022-01-13 09:16:22.505936,83.59549,84.4935,0.0
2022-01-13 09:16:23.005412,83.39003,85.52475,0.0
2022-01-13 09:16:23.507658,83.28607,83.565,0.0
2022-01-13 09:16:24.005044,83.69946,84.23475,0.0
2022-01-13 09:16:24.507421,83.59549,83.8745,0.0
2022-01-13 09:16:25.006679,83.18334,85.318,0.0
2022-01-13 09:16:25.501120,83.7502,84.699,0.0
2022-01-13 09:16:26.008780,82.7192,83.1515,0.0
2022-01-13 09:16:26.502861,83.33805,84.699,0.0
2022-01-13 09:16:27.001281,83.54475,84.184,0.0
2022-01-13 09:16:27.505617,83.18334,85.6795,0.0
2022-01-13 09:16:28.001456,84.05963,83.30625,0.0
2022-01-13 09:16:28.509237,82.82193,84.184,0.0
2022-01-13 09:16:29.004001,83.13135,84.23475,0.0
2022-01-13 09:16:29.505899,83.54475,84.85375,0.0
2022-01-13 09:16:30.009349,82.82193,84.08,0.0
2022-01-13 09:16:30.510732,84.05963,84.3895,0.0
2022-01-13 09:16:31.006983,82.7192,83.92525,0.0
2022-01-13 09:16:31.503457,83.54475,85.26725,0.0
2022-01-13 09:16:32.001210,83.90492,84.59625,0.0
2022-01-13 09:16:32.507236,83.18334,83.35825,0.0
2022-01-13 09:16:33.003616,83.54475,85.21525,0.0
2022-01-13 09:16:33.508935,82.9259,83.41025,0.0
2022-01-13 09:16:34.006761,83.33805,85.37,0.0
2022-01-13 09:16:34.501215,83.54475,83.7705,0.0
2022-01-13 09:16:35.009286,83.23532,84.54425,0.0
2022-01-13 09:16:35.501726,83.49276,84.33875,0.0
2022-01-13 09:16:36.003494,83.33805,84.132,0.0
2022-01-13 09:16:36.508767,83.7502,84.90575,0.0
2022-01-13 09:16:37.007635,83.39003,83.66775,0.0
2022-01-13 09:16:37.509378,82.66722,85.16325,0.0
2022-01-13 09:16:38.002715,83.28607,83.565,0.0
2022-01-13 09:16:38.504728,83.49276,85.0605,0.0
2022-01-13 09:16:39.003729,83.13135,83.8745,0.0
2022-01-13 09:16:39.505800,83.64747,84.33875,0.0
2022-01-13 09:16:40.008446,83.28607,84.4415,0.0
2022-01-13 09:16:40.502132,83.9569,83.8225,0.0
2022-01-13 09:16:41.005263,83.39003,85.0605,0.0
2022-01-13 09:16:41.501593,82.87391,83.71975,0.0
2022-01-13 09:16:42.007656,83.54475,84.95775,0.0
2022-01-13 09:16:42.508770,82.77118,83.61575,0.0
2022-01-13 09:16:43.004305,84.36905,84.803,0.0
2022-01-13 09:16:43.506462,83.23532,84.184,0.0
2022-01-13 09:16:44.005725,83.18334,84.64825,0.0
2022-01-13 09:16:44.510710,84.00888,83.92525,0.0
2022-01-13 09:16:45.009629,83.08061,84.90575,0.0
2022-01-13 09:16:45.504710,83.59549,84.28675,0.0
2022-01-13 09:16:46.002697,83.23532,84.02925,0.0
2022-01-13 09:16:46.506894,82.82193,84.28675,0.0
2022-01-13 09:16:47.005305,83.08061,84.02925,0.0
2022-01-13 09:16:47.509140,83.90492,84.85375,0.0
2022-01-13 09:16:48.005517,83.49276,84.4935,0.0
2022-01-13 09:16:48.510130,84.00888,84.02925,0.0
2022-01-13 09:16:49.004003,82.7192,84.4935,0.0
2022-01-13 09:16:49.509652,83.44078,84.4935,0.0
2022-01-13 09:16:50.006302,83.64747,84.23475,0.0
2022-01-13 09:16:50.509633,82.56449,84.4935,0.0
2022-01-13 09:16:51.007188,83.69946,83.61575,0.0
2022-01-13 09:16:51.509059,82.97664,85.0085,0.0
2022-01-13 09:16:52.006263,84.11161,84.64825,0.0
2022-01-13 09:16:52.510010,83.9569,84.33875,0.0
2022-01-13 09:16:53.004635,82.77118,84.33875,0.0
2022-01-13 09:16:53.505285,83.80219,83.92525,0.0
2022-01-13 09:16:54.005157,82.7192,84.751,0.0
2022-01-13 09:16:54.508112,83.7502,84.23475,0.0
2022-01-13 09:16:55.510556,83.44078,84.23475,0.0
2022-01-13 09:16:56.007175,83.54475,85.0085,0.0
2022-01-13 09:16:56.503021,83.80219,83.7705,0.0
2022-01-13 09:16:57.010968,82.9259,84.28675,0.0
2022-01-13 09:16:57.505076,83.64747,84.23475,0.0
2022-01-13 09:16:58.002198,83.18334,84.59625,0.0
2022-01-13 09:16:58.507342,83.13135,84.85375,0.0
2022-01-13 09:16:59.006009,83.64747,83.2555,0.0
2022-01-13 09:16:59.509333,82.82193,85.26725,0.0
2022-01-13 09:17:00.006064,84.00888,84.28675,0.0
2022-01-13 09:17:00.510565,83.23532,84.95775,0.0
2022-01-13 09:17:01.008768,83.39003,83.61575,0.0
2022-01-13 09:17:01.502175,83.69946,84.33875,0.0
2022-01-13 09:17:02.011169,82.82193,84.64825,0.0
2022-01-13 09:17:02.505201,83.90492,84.3895,0.0
2022-01-13 09:17:03.002935,82.5125,84.3895,0.0
2022-01-13 09:17:03.507480,84.05963,83.71975,0.0
2022-01-13 09:17:04.006744,83.39003,85.318,0.0
2022-01-13 09:17:04.502691,83.49276,83.92525,0.0
2022-01-13 09:17:05.002916,82.97664,84.4415,0.0
2022-01-13 09:17:05.508848,83.59549,83.8225,0.0
2022-01-13 09:17:36.509459,83.39003,84.08,0.0
2022-01-13 09:17:37.009173,83.64747,84.699,0.0
2022-01-13 09:17:37.503685,83.28607,83.513,0.0
2022-01-13 09:17:38.006899,83.23532,85.0605,0.0
2022-01-13 09:17:38.507782,83.28607,84.54425,0.0
2022-01-13 09:17:39.007418,83.80219,84.132,0.0
2022-01-13 09:17:39.504771,83.33805,84.90575,0.0
2022-01-13 09:17:40.002389,83.28607,83.30625,0.0
2022-01-13 09:17:40.506194,83.33805,85.78225,0.0
2022-01-13 09:17:41.509984,83.69946,84.54425,0.0
2022-01-13 09:17:42.008793,83.39003,83.66775,0.0
2022-01-13 09:17:42.508924,83.13135,85.0085,0.0
2022-01-13 09:17:43.003136,82.97664,84.751,0.0
2022-01-13 09:17:43.509501,84.00888,84.08,0.0
2022-01-13 09:17:44.008759,83.18334,84.28675,0.0
2022-01-13 09:17:44.505593,83.7502,83.61575,0.0
2022-01-13 09:17:45.003826,82.97664,85.78225,0.0
2022-01-13 09:17:45.507468,83.44078,83.92525,0.0
2022-01-13 09:17:46.002458,84.00888,84.4935,0.0
2022-01-13 09:17:46.502137,82.9259,83.8225,0.0
2022-01-13 09:17:47.009435,83.49276,84.751,0.0
2022-01-13 09:17:47.502853,82.9259,84.803,0.0
2022-01-13 09:17:48.001195,83.39003,83.71975,0.0
2022-01-13 09:17:48.506948,83.9569,84.08,0.0
2022-01-13 09:17:49.006761,82.97664,84.4415,0.0
2022-01-13 09:17:49.509270,83.64747,85.1125,0.0
2022-01-13 09:17:50.009383,83.44078,83.8745,0.0
2022-01-13 09:17:50.503235,83.33805,84.803,0.0
2022-01-13 09:17:51.007148,83.33805,83.66775,0.0
2022-01-13 09:17:51.508795,83.28607,85.1125,0.0
2022-01-13 09:17:52.008571,83.13135,84.28675,0.0
2022-01-13 09:17:52.504061,84.26632,83.71975,0.0
2022-01-13 09:17:53.002559,82.66722,84.90575,0.0
2022-01-13 09:17:53.507833,80.86265,82.06825,0.0
2022-01-13 09:17:54.001422,78.33527,79.128,0.0
2022-01-13 09:17:54.503356,74.93159,75.2085,0.0
2022-01-13 09:17:55.006454,71.21849,71.64925,0.0
2022-01-13 09:17:55.501931,67.71209,68.81175,0.0
2022-01-13 09:17:56.011058,65.1847,66.02625,0.0
2022-01-13 09:17:56.506411,62.916,63.4475,0.0
2022-01-13 09:17:57.005853,59.66704,60.61,0.0
2022-01-13 09:17:57.502784,56.00592,57.10275,0.0
2022-01-13 09:17:58.003034,53.16911,54.21325,0.0
2022-01-13 09:17:58.508098,50.95115,51.325,0.0
2022-01-13 09:17:59.005777,48.83716,48.4875,0.0
2022-01-13 09:17:59.501327,44.19579,45.65125,0.0
2022-01-13 09:18:00.008650,41.41096,42.4015,0.0
2022-01-13 09:18:00.501816,39.81185,39.35725,0.0
2022-01-13 09:18:01.007678,37.64588,36.7785,0.0
2022-01-13 09:18:01.505580,35.78933,35.74725,0.0
2022-01-13 09:18:02.008602,36.66686,40.802,0.0
2022-01-13 09:18:02.503491,40.27599,38.53275,0.0
2022-01-13 09:18:03.002320,38.41944,36.417,0.0
2022-01-13 09:18:03.509661,36.40818,40.28575,0.0
2022-01-13 09:18:04.006565,38.72887,39.04775,0.0
2022-01-13 09:18:04.502958,38.83283,36.7785,0.0
2022-01-13 09:18:05.001374,37.28571,39.2545,0.0
2022-01-13 09:18:05.507553,37.49117,39.15175,0.0
2022-01-13 09:18:06.006026,38.62614,36.98525,0.0
2022-01-13 09:18:06.501641,37.74985,39.35725,0.0
2022-01-13 09:18:07.010603,37.69786,39.15175,0.0
2022-01-13 09:18:07.505905,38.52341,37.19075,0.0
2022-01-13 09:18:08.004948,38.11002,39.616,0.0
2022-01-13 09:18:08.510932,38.05927,38.5835,0.0
2022-01-13 09:18:09.009076,38.00729,37.9645,0.0
2022-01-13 09:18:09.506366,37.9553,38.893,0.0
2022-01-13 09:18:10.006161,38.52341,37.91375,0.0
2022-01-13 09:18:10.510085,37.90456,39.2025,0.0
2022-01-13 09:18:11.008807,37.18174,38.326,0.0
2022-01-13 09:18:11.505275,39.24499,38.42875,0.0
2022-01-13 09:18:12.001640,38.3687,39.04775,0.0
2022-01-13 09:18:12.509531,37.28571,38.274,0.0
2022-01-13 09:18:13.007315,38.31671,38.53275,0.0
2022-01-13 09:18:13.503320,38.57415,38.79025,0.0
2022-01-13 09:18:14.010467,37.59513,38.326,0.0
2022-01-13 09:18:14.505868,38.05927,38.73825,0.0
2022-01-13 09:18:15.003145,38.31671,37.80975,0.0
2022-01-13 09:18:15.510356,37.85257,39.35725,0.0
2022-01-13 09:18:16.003365,37.9553,38.0165,0.0
2022-01-13 09:18:16.510189,38.67812,38.73825,0.0
2022-01-13 09:18:17.009824,37.59513,38.6355,0.0
2022-01-13 09:18:17.504591,38.93556,38.48075,0.0
2022-01-13 09:18:18.004352,38.00729,38.6875,0.0
2022-01-13 09:18:19.005200,38.21398,38.997,0.0
2022-01-13 09:18:19.510512,37.90456,38.11925,0.0
2022-01-13 09:18:20.009380,38.67812,38.326,0.0
2022-01-13 09:18:20.504051,37.9553,38.997,0.0
2022-01-13 09:18:21.002739,37.80059,38.274,0.0
2022-01-13 09:18:21.506594,38.67812,38.73825,0.0
2022-01-13 09:18:22.005214,38.00729,38.11925,0.0
2022-01-13 09:18:22.502685,38.26473,39.15175,0.0
2022-01-13 09:18:23.002306,37.49117,38.48075,0.0
2022-01-13 09:18:23.501540,38.52341,37.86175,0.0
2022-01-13 09:18:24.010030,38.31671,39.616,0.0
2022-01-13 09:18:24.506343,37.18174,37.86175,0.0
2022-01-13 09:18:25.005932,38.26473,38.6875,0.0
2022-01-13 09:18:25.501656,38.26473,38.6875,0.0
2022-01-13 09:18:26.007558,38.05927,38.53275,0.0
2022-01-13 09:18:26.503401,37.9553,38.73825,0.0
2022-01-13 09:18:27.001567,37.9553,37.55225,0.0
2022-01-13 09:18:27.507934,38.93556,39.2545,0.0
2022-01-13 09:18:28.006669,37.90456,38.79025,0.0
2022-01-13 09:18:28.503410,37.02703,37.50025,0.0
2022-01-13 09:18:29.002510,38.93556,39.3065,0.0
2022-01-13 09:18:29.504339,38.26473,37.91375,0.0
2022-01-13 09:18:30.003810,37.23372,38.893,0.0
2022-01-13 09:18:30.508765,38.162,38.42875,0.0
2022-01-13 09:18:31.007634,39.09027,38.17125,0.0
2022-01-13 09:18:31.509741,37.74985,39.15175,0.0
2022-01-13 09:18:32.007610,37.64588,37.55225,0.0
2022-01-13 09:18:32.503762,38.67812,39.2545,0.0
2022-01-13 09:18:33.003360,38.00729,38.893,0.0
2022-01-13 09:18:33.510179,37.74985,37.655,0.0
2022-01-13 09:18:34.008336,37.9553,39.15175,0.0
2022-01-13 09:18:34.502274,38.26473,38.22325,0.0
2022-01-13 09:18:35.011157,38.26473,38.79025,0.0
2022-01-13 09:18:35.505985,37.85257,38.42875,0.0
2022-01-13 09:18:36.003723,38.62614,38.48075,0.0
2022-01-13 09:47:36.012007,83.64747,84.28675,85.84572
2022-01-13 09:47:36.506363,84.42104,84.59625,85.84572
2022-01-13 09:47:37.001528,83.54475,83.8225,85.7675
2022-01-13 09:47:37.504655,84.57575,84.803,85.7675
2022-01-13 09:47:38.001566,84.36905,84.64825,86.15958
2022-01-13 09:47:38.503864,83.54475,84.28675,86.15958
2022-01-13 09:47:39.009832,84.05963,84.4935,86.19916
2022-01-13 09:47:39.504777,83.64747,84.28675,86.19916
2022-01-13 09:47:40.002783,84.36905,84.751,86.47437
2022-01-13 09:47:40.505764,83.85417,84.184,86.47437
2022-01-13 09:47:41.009984,84.1636,84.59625,86.59218
2022-01-13 09:47:41.513514,83.80219,84.08,86.59218
2022-01-13 09:47:42.007037,84.42104,84.95775,86.23875
2022-01-13 09:47:42.509451,83.69946,84.184,86.23875
2022-01-13 09:47:43.003510,83.80219,84.3895,86.00312
2022-01-13 09:47:43.509595,84.21434,84.59625,86.00312
2022-01-13 09:47:44.004008,83.18334,83.8225,85.88531
2022-01-13 09:47:44.510701,84.62773,85.0605,85.88531
2022-01-13 09:47:45.008697,84.21434,84.3895,86.74864
2022-01-13 09:47:45.508922,83.9569,84.4935,86.74864
2022-01-13 09:47:46.005572,83.85417,84.184,85.29625
2022-01-13 09:47:46.502115,84.21434,84.699,85.29625
2022-01-13 09:47:47.010154,83.85417,84.184,86.51301
2022-01-13 09:47:47.507298,83.85417,84.59625,86.51301
2022-01-13 09:47:48.008214,84.00888,84.59625,85.64968
2022-01-13 09:47:48.503753,84.00888,84.02925,85.64968
2022-01-13 09:47:49.001668,84.57575,85.16325,85.41406
2022-01-13 09:47:49.507378,83.85417,84.184,85.41406
2022-01-13 09:47:50.009555,84.11161,84.803,86.59218
2022-01-13 09:47:50.506225,83.7502,84.132,86.59218
2022-01-13 09:47:51.003011,83.80219,84.4415,85.6101
2022-01-13 09:47:51.507013,84.00888,84.4415,85.6101
2022-01-13 09:47:52.007339,84.05963,84.33875,85.7675
2022-01-13 09:47:52.510547,83.90492,84.23475,85.7675
2022-01-13 09:47:53.007949,84.11161,84.28675,85.88531
2022-01-13 09:47:53.501500,83.90492,84.699,85.88531
2022-01-13 09:47:54.010107,84.31831,84.54425,85.41406
2022-01-13 09:47:54.505534,83.85417,84.3895,85.41406
2022-01-13 09:47:55.008748,83.49276,83.8745,85.37447
2022-01-13 09:47:55.503837,84.36905,84.59625,85.37447
2022-01-13 09:47:56.009866,83.90492,84.33875,86.35656
2022-01-13 09:47:56.507898,84.05963,84.184,86.35656
2022-01-13 09:47:57.006625,83.85417,84.59625,86.04176
2022-01-13 09:47:57.502347,84.00888,84.4415,86.04176
2022-01-13 09:47:58.010328,84.11161,84.64825,86.12093
2022-01-13 09:47:58.506631,84.31831,84.64825,86.12093
2022-01-13 09:47:59.004036,83.28607,84.132,86.12093
2022-01-13 09:47:59.508806,84.31831,84.4935,86.12093
2022-01-13 09:48:00.001783,84.26632,84.4935,85.41406
2022-01-13 09:48:00.507657,84.05963,84.803,85.41406
2022-01-13 09:48:01.006690,84.00888,84.4935,85.53187
2022-01-13 09:48:01.502855,83.64747,84.132,85.53187
2022-01-13 09:48:02.001850,84.62773,84.803,85.57051
2022-01-13 09:48:02.506259,83.64747,84.23475,85.57051
2022-01-13 09:48:03.001913,84.00888,84.4415,85.72791
2022-01-13 09:48:03.505100,83.69946,83.8745,85.72791
2022-01-13 09:48:04.009886,84.26632,85.0085,85.53187
2022-01-13 09:48:04.504645,84.1636,84.54425,85.53187
2022-01-13 09:48:05.001130,83.9569,84.4935,85.25666
2022-01-13 09:48:05.510154,83.90492,84.08,85.25666
2022-01-13 09:48:06.009719,83.80219,84.33875,86.3952
2022-01-13 09:48:06.506752,84.47302,84.751,86.3952
2022-01-13 09:48:07.005060,83.59549,83.7705,85.80614
2022-01-13 09:48:07.501850,84.05963,84.54425,85.80614
2022-01-13 09:48:08.001188,83.90492,84.28675,86.90604
2022-01-13 09:48:08.506357,83.85417,84.33875,86.90604
2022-01-13 09:48:09.005808,83.90492,83.92525,85.92395
2022-01-13 09:48:09.500489,83.69946,83.97725,85.92395
2022-01-13 09:48:10.008084,84.26632,84.59625,235.86062
2022-01-13 09:48:10.503558,83.54475,83.92525,235.86062
2022-01-13 09:48:11.001881,84.62773,84.95775,218.22739
2022-01-13 09:48:11.503703,82.97664,83.10075,218.22739
2022-01-13 09:48:12.009579,84.62773,85.0085,165.32958
2022-01-13 09:48:12.500919,83.49276,83.66775,165.32958
2022-01-13 09:48:13.002839,84.42104,84.90575,102.5751
2022-01-13 09:48:13.509316,83.7502,84.08,102.5751
2022-01-13 09:48:14.001701,83.44078,83.92525,95.89937
2022-01-13 09:48:14.510703,84.78245,85.1125,95.89937
2022-01-13 09:48:15.010056,83.44078,83.7705,92.28583
2022-01-13 09:48:15.506140,84.26632,84.751,92.28583
2022-01-13 09:48:16.007039,83.85417,84.132,87.37729
2022-01-13 09:48:16.503438,83.9569,84.3895,87.37729
2022-01-13 09:48:17.002881,84.1636,84.54425,86.23875
2022-01-13 09:48:17.509257,83.80219,84.54425,86.23875
2022-01-13 09:48:18.008967,83.80219,84.23475,86.47437
2022-01-13 09:48:18.504447,84.47302,84.64825,86.47437
2022-01-13 09:48:19.006672,84.05963,84.54425,85.84572
2022-01-13 09:48:19.504618,83.64747,84.02925,85.84572
2022-01-13 09:48:20.003566,84.36905,84.90575,86.19916
2022-01-13 09:48:20.501553,83.49276,83.92525,86.19916
2022-01-13 09:48:21.009769,83.90492,84.3895,86.43479
2022-01-13 09:48:21.503592,84.05963,84.4935,86.43479
2022-01-13 09:48:22.003033,84.00888,84.4415,87.57333
2022-01-13 09:48:22.508808,84.1636,84.64825,87.57333
2022-01-13 09:48:23.008561,84.26632,84.59625,85.92395
2022-01-13 09:48:23.504982,83.33805,83.92525,85.92395
2022-01-13 09:48:24.003304,84.36905,84.85375,85.84572
2022-01-13 09:48:24.508346,83.7502,84.184,85.84572
2022-01-13 09:48:25.006908,84.11161,84.64825,85.96354
2022-01-13 09:48:25.503132,83.44078,84.184,85.96354
2022-01-13 09:48:26.002323,84.11161,84.64825,86.23875
2022-01-13 09:48:26.511008,84.57575,84.95775,86.23875
2022-01-13 09:48:27.001956,83.90492,84.3895,85.29625
2022-01-13 09:48:27.506765,84.05963,84.4415,85.29625
2022-01-13 09:48:28.008942,83.85417,84.4415,85.68833
2022-01-13 09:48:28.501445,84.31831,84.751,85.68833
2022-01-13 09:48:29.009700,83.69946,84.3895,85.29625
2022-01-13 09:48:29.509656,84.21434,84.699,85.29625
2022-01-13 09:48:30.010680,83.90492,84.184,85.41406
2022-01-13 09:48:30.506672,84.26632,84.699,85.41406
2022-01-13 09:48:31.003621,84.31831,84.751,85.06062
2022-01-13 09:48:31.501527,83.54475,84.02925,85.06062
2022-01-13 09:48:32.010624,84.31831,84.64825,85.84572
2022-01-13 09:48:32.503970,83.33805,83.8745,85.84572
2022-01-13 09:48:33.002614,84.31831,84.90575,85.29625
2022-01-13 09:48:33.508741,84.11161,84.4415,85.29625
2022-01-13 09:48:34.007265,84.05963,84.4415,86.3952
2022-01-13 09:48:34.510258,84.00888,84.3895,86.3952
2022-01-13 09:48:35.009640,84.00888,84.4935,85.29625
2022-01-13 09:48:35.505722,84.52377,84.95775,85.29625
2022-01-13 09:48:36.004444,83.33805,83.8745,86.00312
2022-01-13 09:48:36.501424,84.21434,84.751,86.00312
2022-01-13 09:48:37.005226,83.44078,83.8225,85.64968
2022-01-13 09:48:37.508716,84.78245,85.26725,85.64968
2022-01-13 09:48:38.005164,83.7502,84.184,86.23875
2022-01-13 09:48:38.501952,83.85417,84.28675,86.23875
2022-01-13 09:48:39.009588,84.26632,84.4935,85.29625
2022-01-13 09:48:39.503036,84.1636,84.64825,85.29625
2022-01-13 09:48:40.010824,84.1636,84.64825,85.84572
2022-01-13 09:48:40.505668,83.85417,84.33875,85.84572
2022-01-13 09:48:41.005784,83.7502,84.08,85.84572
2022-01-13 09:48:41.501538,84.31831,84.59625,85.84572
2022-01-13 09:48:42.505568,83.85417,84.184,85.25666
2022-01-13 09:48:43.004106,84.26632,84.59625,85.92395
2022-01-13 09:48:43.501621,84.05963,84.54425,85.92395
2022-01-13 09:48:44.010443,83.85417,84.54425,85.4527
2022-01-13 09:48:44.506486,84.11161,84.59625,85.4527
2022-01-13 09:48:45.006739,84.26632,84.3895,85.57051
2022-01-13 09:48:45.502259,83.69946,84.184,85.57051
2022-01-13 09:48:46.009994,84.21434,84.699,85.84572
2022-01-13 09:48:46.505302,83.9569,84.33875,85.84572
2022-01-13 09:48:47.007380,84.1636,84.54425,85.13885
2022-01-13 09:48:47.503313,83.69946,84.33875,85.13885
2022-01-13 09:48:48.004745,83.69946,84.184,85.57051
2022-01-13 09:48:48.510084,84.52377,84.59625,85.57051
2022-01-13 09:48:49.009720,83.9569,84.28675,85.68833
2022-01-13 09:48:49.505199,84.26632,84.699,85.68833
2022-01-13 09:48:50.004813,83.85417,84.132,86.31697
2022-01-13 09:48:50.509305,84.21434,84.64825,86.31697
2022-01-13 09:48:51.007985,84.00888,84.4415,86.19916
2022-01-13 09:48:51.503951,84.1636,84.59625,86.19916
2022-01-13 09:48:52.002550,83.9569,84.3895,86.43479
2022-01-13 09:48:52.508264,83.90492,84.33875,86.43479
2022-01-13 09:48:53.007357,84.36905,84.751,85.84572
2022-01-13 09:48:53.501759,83.59549,84.33875,85.84572
2022-01-13 09:48:54.010383,84.62773,85.0085,86.86645
2022-01-13 09:48:54.507013,83.23532,83.61575,86.86645
2022-01-13 09:48:55.006111,84.42104,84.85375,86.00312
2022-01-13 09:48:55.501808,83.64747,84.28675,86.00312
2022-01-13 09:48:56.003371,84.52377,84.803,85.68833
2022-01-13 09:48:56.510760,84.1636,84.184,85.68833
2022-01-13 09:48:57.009058,83.54475,83.97725,86.3952
2022-01-13 09:48:57.506706,84.36905,84.85375,86.3952
2022-01-13 09:48:58.006926,83.9569,84.3895,86.04176
2022-01-13 09:48:58.506705,84.42104,84.85375,86.04176
2022-01-13 09:48:59.007315,83.18334,83.8225,85.84572
2022-01-13 09:48:59.503451,84.47302,84.803,85.84572
2022-01-13 09:49:00.002522,84.67848,84.90575,86.31697
2022-01-13 09:49:00.509881,83.85417,84.132,86.31697
2022-01-13 09:49:01.010269,84.11161,84.59625,85.49229
2022-01-13 09:49:01.506219,83.33805,84.02925,85.49229
2022-01-13 09:49:02.005225,84.78245,85.21525,86.12093
2022-01-13 09:49:02.502444,83.13135,83.97725,86.12093
2022-01-13 09:49:03.001424,84.26632,84.64825,85.88531
2022-01-13 09:49:03.507797,83.90492,84.02925,85.88531
2022-01-13 09:49:04.006859,84.42104,84.803,85.68833
2022-01-13 09:49:04.502836,84.00888,84.33875,85.68833
2022-01-13 09:49:05.003920,83.80219,84.08,86.12093
2022-01-13 09:49:05.510140,84.1636,84.699,86.12093
2022-01-13 09:49:06.009645,83.64747,84.3895,85.80614
2022-01-13 09:49:06.506598,84.36905,84.64825,85.80614
2022-01-13 09:49:07.002889,83.7502,84.23475,85.25666
2022-01-13 09:49:07.507226,84.36905,84.59625,85.25666
2022-01-13 09:49:08.002053,84.1636,84.4935,86.00312
2022-01-13 09:49:08.510108,83.69946,84.23475,86.00312
2022-01-13 09:49:09.501523,83.9569,84.3895,86.08135
2022-01-13 09:49:10.009399,84.05963,84.4415,85.53187
2022-01-13 09:49:10.505611,83.80219,84.4415,85.53187
2022-01-13 09:49:11.003253,84.11161,84.3895,86.08135
2022-01-13 09:49:11.506481,84.26632,84.4935,86.08135
2022-01-13 09:49:12.007083,83.85417,84.33875,85.29625
2022-01-13 09:49:12.501585,84.05963,84.699,85.29625
2022-01-13 09:49:13.002327,83.85417,84.23475,85.92395
2022-01-13 09:49:13.508123,84.05963,84.4935,85.92395
2022-01-13 09:49:14.005923,83.90492,84.54425,85.88531
2022-01-13 09:49:14.508187,84.11161,84.33875,85.88531
2022-01-13 09:49:15.003074,84.26632,84.64825,85.02104
2022-01-13 09:49:15.504250,83.9569,84.132,85.02104
2022-01-13 09:49:16.007639,84.1636,84.751,85.96354
2022-01-13 09:49:16.502286,83.9569,84.59625,85.96354
2022-01-13 09:49:17.003792,84.05963,84.4415,85.88531
2022-01-13 09:49:17.509351,83.49276,84.02925,85.88531
2022-01-13 09:49:18.009557,84.26632,84.59625,85.49229
2022-01-13 09:49:18.504956,84.36905,84.699,85.49229
2022-01-13 09:49:19.003268,83.64747,83.8745,85.21708
2022-01-13 09:49:19.510083,84.36905,84.85375,85.21708
2022-01-13 09:49:20.010661,83.90492,84.33875,86.08135
2022-01-13 09:49:20.507601,84.57575,84.95775,86.08135
2022-01-13 09:49:21.004076,83.33805,83.92525,86.35656
2022-01-13 09:49:21.508669,84.26632,84.85375,86.35656
2022-01-13 09:49:22.005560,83.80219,84.3895,86.23875
2022-01-13 09:49:22.501977,84.26632,84.54425,86.23875
2022-01-13 09:49:23.001726,84.05963,84.54425,86.15958
2022-01-13 09:49:23.508555,83.49276,84.08,86.15958
2022-01-13 09:49:24.008097,84.52377,85.1125,86.08135
2022-01-13 09:49:24.503951,83.7502,84.132,86.08135
2022-01-13 09:49:25.003268,84.47302,84.64825,85.96354
2022-01-13 09:49:25.509138,83.23532,83.92525,85.96354
2022-01-13 09:49:26.007852,84.36905,84.85375,85.53187
2022-01-13 09:49:26.502219,84.05963,84.28675,85.53187
2022-01-13 09:49:27.011006,83.9569,84.4935,85.68833
2022-01-13 09:49:27.507099,84.21434,84.59625,85.68833
2022-01-13 09:49:28.005255,83.59549,84.08,85.6101
2022-01-13 09:49:28.510114,84.67848,85.16325,85.6101
2022-01-13 09:49:29.009312,83.33805,83.97725,85.41406
2022-01-13 09:49:29.503884,84.52377,84.699,85.41406
2022-01-13 09:49:30.002756,84.05963,84.184,86.19916
2022-01-13 09:49:30.505591,84.00888,84.4935,86.19916
2022-01-13 09:49:31.005744,84.26632,84.85375,85.33489
2022-01-13 09:49:31.510519,83.64747,84.184,85.33489
2022-01-13 09:49:32.006171,84.47302,84.64825,85.53187
2022-01-13 09:49:32.509998,83.54475,84.33875,85.53187
2022-01-13 09:49:33.007719,84.57575,84.803,85.80614
2022-01-13 09:49:33.510494,83.85417,84.184,85.80614
2022-01-13 09:49:34.009543,84.21434,84.54425,86.08135
2022-01-13 09:49:34.509196,83.90492,84.33875,86.08135
2022-01-13 09:49:35.007239,84.11161,84.699,84.98145
2022-01-13 09:49:35.503662,83.80219,84.23475,84.98145
2022-01-13 09:49:36.003254,83.7502,84.23475,85.64968
2022-01-13 09:49:36.509422,84.26632,84.4935,85.64968
2022-01-13 09:49:37.009907,84.00888,84.4415,85.64968
2022-01-13 09:49:37.506396,84.31831,84.4935,85.64968
2022-01-13 09:49:38.005854,83.90492,84.28675,85.6101
2022-01-13 09:49:38.503978,83.85417,84.28675,85.6101
2022-01-13 09:49:39.002002,84.00888,84.54425,86.27739
2022-01-13 09:49:39.502590,84.00888,84.803,86.27739
2022-01-13 09:49:40.010711,83.9569,84.08,85.72791
2022-01-13 09:49:40.506672,83.85417,84.4935,85.72791
2022-01-13 09:49:41.006775,84.00888,84.33875,85.84572
2022-01-13 09:49:41.503465,84.47302,84.85375,85.84572
2022-01-13 09:49:42.001564,83.90492,84.4935,85.92395
2022-01-13 09:49:42.507865,83.80219,84.23475,85.92395
2022-01-13 09:49:43.006399,83.90492,84.4415,85.80614
2022-01-13 09:49:43.503698,84.26632,84.54425,85.80614
2022-01-13 09:49:44.004021,83.54475,84.23475,85.64968
2022-01-13 09:49:44.501148,84.52377,84.4935,85.64968
2022-01-13 09:49:45.009151,84.1636,84.4415,85.21708
2022-01-13 09:49:45.503806,84.05963,84.28675,85.21708
2022-01-13 09:49:46.002094,84.05963,84.4935,86.27739
2022-01-13 09:49:46.505864,83.90492,84.4415,86.27739
2022-01-13 09:49:47.006397,84.21434,84.59625,85.53187
2022-01-13 09:49:47.501111,83.85417,84.59625,85.53187
2022-01-13 09:49:48.008002,83.90492,84.28675,85.7675
2022-01-13 09:49:48.504959,84.42104,84.803,85.7675
2022-01-13 09:49:49.001996,84.11161,84.64825,85.4527
2022-01-13 09:49:49.509211,84.26632,84.4415,85.4527
2022-01-13 09:49:50.009616,83.49276,83.8745,86.00312
2022-01-13 09:49:50.503395,84.42104,84.64825,86.00312
2022-01-13 09:49:51.002066,83.39003,84.02925,86.00312
2022-01-13 09:49:51.504287,84.52377,84.751,86.00312
2022-01-13 09:49:52.008990,83.54475,84.02925,86.15958
2022-01-13 09:49:52.505971,84.36905,84.699,86.15958
2022-01-13 09:49:53.005076,84.26632,84.64825,85.72791
2022-01-13 09:49:53.510846,83.80219,84.23475,85.72791
2022-01-13 09:49:54.006109,84.36905,84.64825,85.41406
2022-01-13 09:49:54.505058,83.54475,84.02925,85.41406
2022-01-13 09:49:55.003421,84.21434,84.4935,85.25666
2022-01-13 09:49:55.502297,83.69946,84.59625,85.25666
2022-01-13 09:49:56.001187,84.05963,84.28675,85.4527
2022-01-13 09:49:56.510453,83.9569,84.23475,85.4527
2022-01-13 09:49:57.009403,84.11161,84.59625,85.53187
2022-01-13 09:49:57.504616,84.1636,84.4415,85.53187
2022-01-13 09:49:58.005535,84.21434,84.751,86.15958
2022-01-13 09:49:58.507082,84.00888,84.132,86.15958
2022-01-13 09:49:59.005448,83.44078,84.23475,85.6101
2022-01-13 09:49:59.510429,84.31831,84.85375,85.6101
2022-01-13 09:50:00.005008,83.90492,84.28675,85.96354
2022-01-13 09:50:00.509460,84.11161,84.33875,85.96354
2022-01-13 09:50:01.004946,83.80219,84.132,86.00312
2022-01-13 09:50:01.507179,84.26632,84.85375,86.00312
2022-01-13 09:50:02.004793,84.31831,84.54425,86.35656
2022-01-13 09:50:02.510218,83.49276,84.33875,86.35656
2022-01-13 09:50:03.008767,84.00888,84.184,85.37447
2022-01-13 09:50:03.509731,84.05963,84.54425,85.37447
2022-01-13 09:50:04.004977,84.47302,84.85375,85.53187
2022-01-13 09:50:04.506024,83.7502,83.97725,85.53187
2022-01-13 09:50:05.003170,84.42104,84.751,85.53187
2022-01-13 09:50:05.506938,83.54475,83.71975,85.53187
2022-01-13 09:50:06.005397,84.36905,85.1125,85.37447
2022-01-13 09:50:06.507309,83.69946,83.92525,85.37447
2022-01-13 09:50:07.009618,84.05963,84.64825,86.94562
2022-01-13 09:50:07.502950,83.80219,84.23475,86.94562
2022-01-13 09:50:08.009044,84.42104,84.699,85.68833
2022-01-13 09:50:08.502773,83.80219,84.3895,85.68833
2022-01-13 09:50:09.007893,84.1636,84.64825,85.80614
2022-01-13 09:50:09.506137,83.90492,84.3895,85.80614
2022-01-13 09:50:10.005562,83.85417,84.28675,86.43479
2022-01-13 09:50:10.501374,84.11161,84.95775,86.43479
2022-01-13 09:50:11.011017,83.90492,84.132,85.68833
2022-01-13 09:50:11.508543,84.26632,84.33875,85.68833
2022-01-13 09:50:12.007650,83.85417,84.3895,85.84572
2022-01-13 09:50:12.502295,84.05963,84.3895,85.84572
2022-01-13 09:50:13.009768,83.85417,84.3895,85.49229
2022-01-13 09:50:13.510264,84.1636,84.4935,85.49229
2022-01-13 09:50:14.006871,83.9569,84.699,85.80614
2022-01-13 09:50:14.503154,83.90492,84.4935,85.80614
2022-01-13 09:50:15.009940,84.36905,84.54425,85.68833
2022-01-13 09:50:15.503624,83.59549,83.97725,85.68833
2022-01-13 09:50:16.001339,84.31831,84.803,85.68833
2022-01-13 09:50:16.505813,83.39003,83.97725,85.68833
2022-01-13 09:50:17.001042,84.21434,84.59625,86.08135
2022-01-13 09:50:17.505743,83.69946,84.33875,86.08135
2022-01-13 09:50:18.003645,84.21434,84.751,85.4527
2022-01-13 09:50:18.508558,84.67848,84.85375,85.4527
2022-01-13 09:50:19.006808,83.39003,83.71975,85.72791
2022-01-13 09:50:19.502002,84.31831,84.803,85.72791
2022-01-13 09:50:20.010405,83.9569,84.54425,85.25666
2022-01-13 09:50:20.507880,84.05963,84.33875,85.25666
2022-01-13 09:50:21.007140,83.64747,84.28675,86.15958
2022-01-13 09:50:21.501302,84.1636,84.54425,86.15958
2022-01-13 09:50:22.006593,83.85417,84.28675,85.6101
2022-01-13 09:50:22.508335,84.67848,84.95775,85.6101
2022-01-13 09:50:23.003172,83.80219,83.92525,85.33489
2022-01-13 09:50:23.503113,83.90492,84.59625,85.33489
2022-01-13 09:50:24.010677,84.1636,84.64825,85.72791
2022-01-13 09:50:24.501238,83.85417,84.4935,85.72791
2022-01-13 09:50:25.004600,84.05963,84.33875,85.13885
2022-01-13 09:50:25.508931,83.90492,84.4935,85.13885
2022-01-13 09:50:26.004417,84.05963,84.4935,87.3377
2022-01-13 09:50:26.509676,84.26632,84.54425,87.3377
2022-01-13 09:50:27.005770,83.85417,84.33875,85.72791
2022-01-13 09:50:27.509019,84.05963,84.3895,85.72791
2022-01-13 09:50:28.002867,84.11161,84.64825,85.80614
2022-01-13 09:50:28.505599,84.00888,84.4935,85.80614
2022-01-13 09:50:29.007925,83.9569,84.132,86.71
2022-01-13 09:50:29.503545,84.42104,84.59625,86.71
2022-01-13 09:50:30.511214,84.31831,84.90575,85.49229
2022-01-13 09:50:31.003584,84.00888,84.23475,85.88531
2022-01-13 09:50:31.509488,83.33805,83.66775,85.88531
2022-01-13 09:50:32.002299,84.00888,83.97725,88.63364
2022-01-13 09:50:32.509733,84.21434,84.90575,88.63364
2022-01-13 09:50:33.007895,83.28607,83.565,239.27718
2022-01-13 09:50:33.504139,84.36905,84.54425,239.27718
2022-01-13 09:50:34.010342,83.7502,83.8745,213.82968
2022-01-13 09:50:34.502796,84.26632,84.3895,213.82968
2022-01-13 09:50:35.009853,84.26632,84.699,133.63801
2022-01-13 09:50:35.503796,83.18334,83.41025,133.63801
2022-01-13 09:50:36.009975,84.36905,84.95775,92.95406
2022-01-13 09:50:36.502423,83.44078,83.66775,92.95406
2022-01-13 09:50:37.008098,84.31831,84.699,92.12937
2022-01-13 09:50:37.501566,83.64747,83.8225,92.12937
2022-01-13 09:50:38.009059,84.1636,84.184,87.88812
2022-01-13 09:50:38.502179,84.36905,84.803,87.88812
2022-01-13 09:50:39.004651,84.31831,84.64825,87.37729
2022-01-13 09:50:39.510159,83.49276,84.184,87.37729
2022-01-13 09:50:40.001623,84.11161,84.3895,86.31697
2022-01-13 09:50:40.500620,83.85417,84.59625,86.31697
2022-01-13 09:50:41.003903,83.7502,84.132,86.12093
2022-01-13 09:50:41.507957,84.42104,84.751,86.12093
2022-01-13 09:50:42.006066,83.59549,83.8745,86.12093
2022-01-13 09:50:42.500702,84.36905,84.751,86.12093
2022-01-13 09:50:43.007511,84.21434,84.699,86.15958
2022-01-13 09:50:43.502102,83.9569,84.4415,86.15958
2022-01-13 09:50:44.010921,83.90492,84.54425,86.5526
2022-01-13 09:50:44.501609,84.1636,84.54425,86.5526
2022-01-13 09:50:45.006929,84.21434,84.184,86.63083
2022-01-13 09:50:45.503900,83.9569,84.4415,86.63083
2022-01-13 09:50:46.003107,84.36905,84.64825,86.15958
2022-01-13 09:50:46.508417,83.39003,84.184,86.15958
2022-01-13 09:50:47.007845,84.67848,85.1125,85.21708
2022-01-13 09:50:47.503473,83.7502,84.33875,85.21708
2022-01-13 09:50:48.001644,84.21434,84.54425,85.64968
2022-01-13 09:50:48.508106,83.90492,84.3895,85.64968
2022-01-13 09:50:49.007636,84.1636,84.59625,86.12093
2022-01-13 09:50:49.506333,84.11161,84.23475,86.12093
2022-01-13 09:50:50.004839,83.90492,84.4415,85.33489
2022-01-13 09:50:50.501309,83.9569,84.4935,85.33489
2022-01-13 09:50:51.002302,83.80219,84.3895,85.80614
2022-01-13 09:50:51.507818,84.47302,84.751,85.80614
2022-01-13 09:50:52.007553,83.80219,84.28675,86.43479
2022-01-13 09:50:52.504495,84.21434,84.803,86.43479
2022-01-13 09:50:53.001486,84.05963,84.23475,85.25666
2022-01-13 09:50:53.503981,83.80219,84.4935,85.25666
2022-01-13 09:50:54.003739,84.26632,84.54425,86.78822
2022-01-13 09:50:54.508474,83.64747,84.3895,86.78822
2022-01-13 09:50:55.007817,84.42104,84.751,85.25666
2022-01-13 09:50:55.505448,83.7502,84.184,85.25666
2022-01-13 09:50:56.004709,83.9569,84.28675,85.6101
2022-01-13 09:50:56.510984,84.00888,84.08,85.6101
2022-01-13 09:50:57.003548,84.21434,84.95775,85.29625
2022-01-13 09:50:57.502686,83.85417,84.28675,85.29625
2022-01-13 09:50:58.002802,83.85417,84.3895,86.78822
2022-01-13 09:50:58.508168,84.1636,84.4415,86.78822
2022-01-13 09:50:59.006120,83.85417,84.64825,85.4527
2022-01-13 09:50:59.503968,84.36905,84.95775,85.4527
2022-01-13 09:51:00.002597,83.85417,84.08,85.84572
2022-01-13 09:51:00.509235,84.00888,84.4935,85.84572
2022-01-13 09:51:01.008047,83.80219,84.184,85.29625
2022-01-13 09:51:01.502355,84.1636,84.90575,85.29625
2022-01-13 09:51:02.010806,84.05963,84.3895,86.19916
2022-01-13 09:51:02.507311,83.54475,84.132,86.19916
2022-01-13 09:51:03.006301,84.52377,84.90575,86.00312
2022-01-13 09:51:03.507215,84.1636,84.4415,86.00312
2022-01-13 09:51:04.007122,84.11161,84.54425,86.23875
2022-01-13 09:51:04.502665,84.26632,84.64825,86.23875
2022-01-13 09:51:05.002509,83.7502,84.28675,86.00312
2022-01-13 09:51:05.509991,84.1636,84.33875,86.00312
2022-01-13 09:51:06.009535,83.85417,84.4935,85.33489
2022-01-13 09:51:06.506455,83.7502,84.3895,85.33489
2022-01-13 09:51:07.006674,83.90492,84.23475,86.08135
2022-01-13 09:51:07.501637,84.1636,84.4415,86.08135
2022-01-13 09:51:08.001217,84.26632,84.3895,86.04176
2022-01-13 09:51:08.505605,83.7502,84.33875,86.04176
2022-01-13 09:51:09.007387,84.36905,84.64825,85.4527
2022-01-13 09:51:09.505684,83.80219,84.184,85.4527
2022-01-13 09:51:10.003268,84.31831,84.64825,86.67041
2022-01-13 09:51:10.502212,83.23532,84.02925,86.67041
2022-01-13 09:51:11.007436,84.42104,84.803,86.19916
2022-01-13 09:51:11.502454,84.26632,84.33875,86.19916
2022-01-13 09:51:12.002297,84.00888,84.54425,85.33489
2022-01-13 09:51:12.509349,84.1636,84.751,85.33489
2022-01-13 09:51:13.007760,83.7502,84.132,86.27739
2022-01-13 09:51:13.502678,84.36905,84.803,86.27739
2022-01-13 09:51:14.009831,83.69946,84.184,85.6101
2022-01-13 09:51:14.505989,84.21434,84.59625,85.6101
2022-01-13 09:51:15.004477,84.05963,84.132,85.37447
2022-01-13 09:51:15.509402,84.36905,84.95775,85.37447
2022-01-13 09:51:16.009186,83.90492,84.184,85.49229
2022-01-13 09:51:16.505499,83.9569,84.4935,85.49229
2022-01-13 09:51:17.003204,84.31831,84.64825,85.49229
2022-01-13 09:51:17.508922,83.33805,84.02925,85.49229
2022-01-13 09:51:18.006907,84.42104,84.803,85.21708
2022-01-13 09:51:18.501825,83.69946,84.132,85.21708
2022-01-13 09:51:19.001854,84.36905,84.85375,86.00312
2022-01-13 09:51:19.504970,84.1636,84.54425,86.00312
2022-01-13 09:51:20.002344,84.11161,84.64825,85.92395
2022-01-13 09:51:20.507459,83.85417,84.02925,85.92395
2022-01-13 09:51:21.005787,83.69946,84.184,85.49229
2022-01-13 09:51:21.510816,84.1636,84.699,85.49229
2022-01-13 09:51:22.009896,83.80219,84.184,86.00312
2022-01-13 09:51:22.502376,84.42104,85.0085,86.00312
2022-01-13 09:51:23.002154,83.9569,83.97725,85.33489
2022-01-13 09:51:23.507692,84.36905,84.85375,85.33489
2022-01-13 09:51:24.005714,83.90492,84.54425,85.37447
2022-01-13 09:51:24.502122,83.9569,84.3895,85.37447
2022-01-13 09:51:25.010440,84.26632,84.3895,85.29625
2022-01-13 09:51:25.505623,83.44078,84.08,85.29625
2022-01-13 09:51:26.002798,84.21434,84.699,85.29625
2022-01-13 09:51:26.509275,84.26632,84.4415,85.29625
2022-01-13 09:51:27.008577,83.85417,84.3895,85.72791
2022-01-13 09:51:27.505760,84.21434,84.4415,85.72791
2022-01-13 09:51:28.005822,83.9569,84.4935,85.57051
2022-01-13 09:51:28.509908,84.11161,84.4415,85.57051
2022-01-13 09:51:29.009554,84.05963,84.64825,85.80614
2022-01-13 09:51:29.504906,83.85417,84.28675,85.80614
2022-01-13 09:51:30.002231,83.9569,84.23475,85.68833
2022-01-13 09:51:30.504718,84.1636,84.751,85.68833
2022-01-13 09:51:31.003810,84.05963,84.54425,86.19916
2022-01-13 09:51:31.510459,84.00888,84.4415,86.19916
2022-01-13 09:51:32.008118,84.21434,84.59625,85.53187
2022-01-13 09:51:32.502320,83.90492,84.54425,85.53187
2022-01-13 09:51:33.010951,84.05963,84.4935,85.88531
2022-01-13 09:51:33.510237,84.11161,84.4415,85.88531
2022-01-13 09:51:34.008335,83.80219,84.23475,86.04176
2022-01-13 09:51:34.505995,84.1636,84.4935,86.04176
2022-01-13 09:51:35.004330,83.85417,84.4415,85.53187
2022-01-13 09:51:35.510624,84.26632,84.54425,85.53187
2022-01-13 09:51:36.008677,83.69946,83.97725,85.49229
2022-01-13 09:51:36.509483,84.47302,85.0605,85.49229
2022-01-13 09:51:37.004653,83.69946,84.132,85.53187
2022-01-13 09:51:37.505624,84.00888,84.4415,85.53187
2022-01-13 09:51:38.004280,84.05963,84.33875,85.57051
2022-01-13 09:51:38.501248,84.05963,84.4935,85.57051
2022-01-13 09:51:39.001713,84.26632,84.751,86.35656
2022-01-13 09:51:39.507760,83.64747,84.132,86.35656
2022-01-13 09:51:40.007474,84.36905,84.699,85.6101
2022-01-13 09:51:40.503763,83.64747,84.3895,85.6101
2022-01-13 09:51:41.002145,84.36905,84.751,86.19916
2022-01-13 09:51:41.508554,83.90492,84.08,86.19916
2022-01-13 09:51:42.008672,84.05963,84.64825,85.72791
2022-01-13 09:51:42.505118,84.1636,84.54425,85.72791
2022-01-13 09:51:43.003341,83.9569,84.132,85.68833
2022-01-13 09:51:43.508570,84.26632,84.699,85.68833
2022-01-13 09:51:44.007469,83.28607,83.8745,85.49229
2022-01-13 09:51:44.502150,84.62773,85.1125,85.49229
2022-01-13 09:51:45.010157,83.7502,83.7705,86.19916
2022-01-13 09:51:45.505020,84.47302,84.85375,86.19916
2022-01-13 09:51:46.010099,83.85417,84.28675,85.17843
2022-01-13 09:51:46.510434,83.9569,84.3895,85.17843
2022-01-13 09:51:47.002889,84.21434,84.59625,85.4527
2022-01-13 09:51:47.506117,83.80219,84.23475,85.4527
2022-01-13 09:51:48.003874,84.42104,84.85375,85.17843
2022-01-13 09:51:48.510003,83.69946,84.23475,85.17843
2022-01-13 09:51:49.007630,84.31831,84.59625,85.92395
2022-01-13 09:51:49.503492,84.21434,84.28675,85.92395
2022-01-13 09:51:50.008182,84.00888,84.54425,85.88531
2022-01-13 09:51:50.502960,83.85417,84.23475,85.88531
2022-01-13 09:51:51.005408,83.69946,84.23475,85.41406
2022-01-13 09:51:51.507299,84.1636,84.64825,85.41406
2022-01-13 09:51:52.006436,83.85417,84.3895,85.68833
2022-01-13 09:51:52.501522,84.26632,84.64825,85.68833
2022-01-13 09:51:53.009683,84.26632,84.4935,86.15958
2022-01-13 09:51:53.505960,84.21434,84.59625,86.15958
2022-01-13 09:51:54.003254,83.85417,84.23475,85.68833
2022-01-13 09:51:54.510381,84.00888,84.64825,85.68833
2022-01-13 09:51:55.009441,83.7502,84.23475,85.37447
2022-01-13 09:51:55.503794,83.69946,84.28675,85.37447
2022-01-13 09:51:56.005149,84.05963,84.33875,85.25666
2022-01-13 09:51:56.501391,84.00888,84.33875,85.25666
2022-01-13 09:51:57.008352,84.26632,84.751,86.04176
2022-01-13 09:51:57.504243,83.90492,84.23475,86.04176
2022-01-13 09:51:58.003486,83.9569,84.33875,86.12093
2022-01-13 09:51:58.510702,84.31831,84.699,86.12093
2022-01-13 09:51:59.008249,83.64747,84.4935,86.19916
2022-01-13 09:51:59.502203,83.69946,84.08,86.19916
2022-01-13 09:52:00.002599,84.21434,84.33875,85.92395
2022-01-13 09:52:00.507308,83.90492,84.28675,85.92395
2022-01-13 09:52:01.003153,84.31831,84.95775,86.00312
2022-01-13 09:52:01.510113,83.64747,84.132,86.00312
2022-01-13 09:52:02.007321,84.05963,84.54425,85.29625
2022-01-13 09:52:02.502881,83.69946,84.23475,85.29625
2022-01-13 09:52:03.002427,84.47302,84.751,85.02104
2022-01-13 09:52:03.509941,83.85417,84.23475,85.02104
2022-01-13 09:52:04.007792,83.69946,83.97725,86.31697
2022-01-13 09:52:04.505809,84.42104,84.803,86.31697
2022-01-13 09:52:05.004092,83.80219,84.28675,85.72791
2022-01-13 09:52:05.509627,84.26632,84.803,85.72791
2022-01-13 09:52:06.008964,83.90492,84.64825,85.53187
2022-01-13 09:52:06.505039,83.85417,84.33875,85.53187
2022-01-13 09:52:07.002645,83.90492,84.33875,86.3952
2022-01-13 09:52:07.507526,84.26632,84.54425,86.3952
2022-01-13 09:52:08.005482,84.11161,84.4415,85.92395
2022-01-13 09:52:08.510835,83.7502,84.33875,85.92395
2022-01-13 09:52:09.007975,84.21434,84.64825,85.72791
2022-01-13 09:52:09.503900,83.85417,84.23475,85.72791
2022-01-13 09:52:10.001581,84.67848,85.0605,85.6101
2022-01-13 09:52:10.508265,83.28607,83.92525,85.6101
2022-01-13 09:52:11.007346,84.31831,84.59625,85.4527
2022-01-13 09:52:11.502809,84.05963,84.4415,85.4527
2022-01-13 09:52:12.010447,84.36905,84.699,85.4527
2022-01-13 09:52:12.504351,83.90492,84.64825,85.4527
2022-01-13 09:52:13.002360,83.7502,84.132,85.6101
2022-01-13 09:52:13.509231,84.26632,84.699,85.6101
2022-01-13 09:52:14.007480,83.7502,84.184,85.53187
2022-01-13 09:52:14.502100,84.05963,84.3895,85.53187
2022-01-13 09:52:15.003224,84.00888,84.184,86.08135
2022-01-13 09:52:15.509101,84.00888,84.28675,86.08135
2022-01-13 09:52:16.005964,83.85417,84.184,86.08135
2022-01-13 09:52:16.510532,84.11161,84.59625,86.08135
2022-01-13 09:52:17.008017,84.11161,84.59625,85.84572
2022-01-13 09:52:17.502457,83.90492,84.54425,85.84572
2022-01-13 09:52:18.002213,84.00888,84.33875,86.15958
2022-01-13 09:52:18.507550,84.21434,84.54425,86.15958
2022-01-13 09:52:19.005988,84.11161,84.33875,85.41406
2022-01-13 09:52:19.502979,84.11161,84.59625,85.41406
2022-01-13 09:52:20.003008,83.69946,84.23475,86.00312
2022-01-13 09:52:20.507828,83.90492,84.23475,86.00312
2022-01-13 09:52:21.006117,84.26632,84.803,85.06062
2022-01-13 09:52:22.005547,83.90492,84.28675,85.7675
2022-01-13 09:52:23.003887,84.21434,84.28675,85.53187
2022-01-13 09:52:23.509839,84.05963,84.4415,85.53187
2022-01-13 09:52:24.009584,84.00888,84.59625,86.35656
2022-01-13 09:52:24.504272,83.7502,84.23475,86.35656
2022-01-13 09:52:25.002353,84.36905,84.64825,85.64968
2022-01-13 09:52:25.509192,83.85417,84.803,85.64968
2022-01-13 09:52:26.007331,83.69946,83.97725,86.00312
2022-01-13 09:52:26.503660,84.83319,84.90575,86.00312
2022-01-13 09:52:27.010814,83.54475,83.92525,85.68833
2022-01-13 09:52:27.505586,84.31831,85.0085,85.68833
2022-01-13 09:52:28.006058,83.7502,84.3895,85.96354
2022-01-13 09:52:28.505857,83.9569,84.23475,85.96354
2022-01-13 09:52:29.004052,83.85417,84.54425,85.80614
2022-01-13 09:52:30.004896,84.21434,84.4415,85.33489
2022-01-13 09:52:30.509836,84.05963,84.23475,85.33489
2022-01-13 09:52:31.008562,84.36905,84.803,85.33489
2022-01-13 09:52:31.503677,83.39003,83.97725,85.33489
2022-01-13 09:52:32.001434,84.57575,85.0085,85.29625
2022-01-13 09:52:32.507378,83.33805,84.02925,85.29625
2022-01-13 09:52:33.007696,84.11161,84.4415,85.21708
2022-01-13 09:52:33.501542,84.11161,84.4935,85.21708
2022-01-13 09:52:34.008260,83.9569,84.132,85.88531
2022-01-13 09:52:34.507153,84.52377,84.85375,85.88531
2022-01-13 09:52:35.005446,83.64747,84.28675,85.68833
2022-01-13 09:52:35.511150,84.31831,84.59625,85.68833
2022-01-13 09:52:36.008534,83.64747,84.08,85.33489
2022-01-13 09:52:36.503633,84.52377,84.95775,85.33489
2022-01-13 09:52:37.002128,83.64747,84.132,85.84572
2022-01-13 09:52:37.501215,84.1636,84.4935,85.84572
2022-01-13 09:52:38.009147,84.31831,84.59625,85.4527
2022-01-13 09:52:38.503410,83.85417,84.4415,85.4527
2022-01-13 09:52:39.504957,83.18334,83.8225,85.6101
2022-01-13 09:52:40.003843,84.57575,84.751,85.72791
2022-01-13 09:52:40.510594,83.23532,83.8745,85.72791
2022-01-13 09:52:41.009509,84.31831,84.33875,85.6101
2022-01-13 09:52:41.507035,83.90492,84.33875,85.6101
2022-01-13 09:52:42.010083,84.11161,84.699,85.21708
2022-01-13 09:52:42.507230,84.05963,84.59625,85.21708
2022-01-13 09:52:43.007888,84.1636,84.4935,86.08135
2022-01-13 09:52:43.504566,84.05963,84.33875,86.08135
2022-01-13 09:52:44.002553,83.7502,84.699,85.53187
2022-01-13 09:52:44.509220,84.1636,84.4935,85.53187
2022-01-13 09:52:45.009532,84.05963,84.184,85.4527
2022-01-13 09:52:45.506846,83.9569,84.4935,85.4527
2022-01-13 09:52:46.005175,84.1636,84.64825,86.00312
2022-01-13 09:52:46.510374,83.7502,84.23475,86.00312
2022-01-13 09:52:47.010469,84.31831,84.59625,85.68833
2022-01-13 09:52:47.504908,83.7502,84.33875,85.68833
2022-01-13 09:52:48.003532,84.26632,84.4415,85.57051
2022-01-13 09:52:48.509053,83.85417,84.3895,85.57051
2022-01-13 09:52:49.007287,84.05963,84.33875,85.37447
2022-01-13 09:52:49.503108,84.36905,84.751,85.37447
2022-01-13 09:52:50.001848,83.7502,84.33875,85.64968
2022-01-13 09:52:50.507242,84.11161,84.33875,85.64968
2022-01-13 09:52:51.005075,83.85417,84.3895,85.7675
2022-01-13 09:52:51.503949,84.21434,84.4415,85.7675
2022-01-13 09:52:52.002713,84.05963,84.699,85.80614
2022-01-13 09:52:52.506947,83.90492,84.184,85.80614
2022-01-13 09:52:53.007807,84.31831,84.64825,85.4527
2022-01-13 09:52:53.503635,83.59549,84.08,85.4527
2022-01-13 09:52:54.001873,84.11161,84.02925,85.4527
2022-01-13 09:52:54.508454,83.69946,84.23475,85.4527
2022-01-13 09:52:55.006179,84.21434,84.132,237.03875
2022-01-13 09:52:55.502346,83.44078,83.97725,237.03875
2022-01-13 09:52:56.003436,84.00888,84.132,228.12364
2022-01-13 09:52:56.508502,84.57575,84.90575,228.12364
2022-01-13 09:52:57.007013,83.23532,83.513,178.40676
2022-01-13 09:52:57.502638,84.31831,84.4935,178.40676
2022-01-13 09:52:58.002091,83.85417,84.184,110.39031
2022-01-13 09:52:58.507187,84.31831,84.54425,110.39031
2022-01-13 09:52:59.005062,83.64747,84.23475,90.48
2022-01-13 09:52:59.510808,83.59549,83.8745,90.48
2022-01-13 09:53:00.009672,84.42104,84.59625,89.85135
2022-01-13 09:53:00.508888,83.80219,84.184,89.85135
2022-01-13 09:53:01.006762,84.52377,84.803,86.43479
2022-01-13 09:53:01.501597,83.28607,83.8225,86.43479
2022-01-13 09:53:02.009591,84.67848,84.95775,86.51301
2022-01-13 09:53:02.503783,83.44078,84.184,86.51301
2022-01-13 09:53:03.002436,84.83319,85.0085,86.08135
2022-01-13 09:53:03.509136,83.33805,83.8745,86.08135
2022-01-13 09:53:04.001290,84.21434,84.4415,86.63083
2022-01-13 09:53:04.507344,84.31831,84.59625,86.63083
2022-01-13 09:53:05.005703,83.64747,84.184,86.78822
2022-01-13 09:53:05.501297,84.21434,84.64825,86.78822
2022-01-13 09:53:06.009574,83.59549,84.23475,86.19916
2022-01-13 09:53:06.506779,84.36905,84.751,86.19916
2022-01-13 09:53:07.004329,83.80219,84.4935,85.72791
2022-01-13 09:53:07.501348,84.42104,84.64825,85.72791
2022-01-13 09:53:08.010197,84.05963,84.28675,85.68833
2022-01-13 09:53:08.504680,83.90492,84.28675,85.68833
2022-01-13 09:53:09.002400,83.85417,84.184,85.80614
2022-01-13 09:53:09.508680,83.69946,84.184,85.80614
2022-01-13 09:53:10.007931,84.57575,85.1125,85.29625
2022-01-13 09:53:10.504472,83.28607,84.08,85.29625
2022-01-13 09:53:11.002966,84.47302,84.95775,86.98426
2022-01-13 09:53:11.509396,84.05963,84.28675,86.98426
2022-01-13 09:53:12.008615,84.67848,84.95775,85.17843
2022-01-13 09:53:12.506910,83.49276,84.02925,85.17843
2022-01-13 09:53:13.005731,84.00888,84.64825,86.19916
2022-01-13 09:53:13.502973,83.85417,84.08,86.19916
2022-01-13 09:53:14.000987,84.05963,84.803,86.19916
2022-01-13 09:53:14.510542,84.05963,84.33875,86.19916
2022-01-13 09:53:15.009650,84.05963,84.4935,85.37447
2022-01-13 09:53:15.508581,84.26632,84.59625,85.37447
2022-01-13 09:53:16.004924,84.00888,84.28675,85.72791
2022-01-13 09:53:16.510823,84.1636,84.699,85.72791
2022-01-13 09:53:17.010071,84.05963,84.54425,85.37447
2022-01-13 09:53:17.501530,83.44078,84.132,85.37447
2022-01-13 09:53:18.006731,84.42104,84.699,85.29625
2022-01-13 09:53:18.509715,84.1636,84.4935,85.29625
2022-01-13 09:53:19.010065,84.05963,84.4935,85.96354
2022-01-13 09:53:19.506276,84.26632,84.4935,85.96354
2022-01-13 09:53:20.007934,83.80219,84.184,87.06343
2022-01-13 09:53:20.503543,84.36905,84.54425,87.06343
2022-01-13 09:53:21.003182,84.11161,84.803,85.88531
2022-01-13 09:53:21.508517,83.39003,83.8745,85.88531
2022-01-13 09:53:22.007533,84.00888,84.59625,85.88531
2022-01-13 09:53:22.503326,84.05963,84.4415,85.88531
2022-01-13 09:53:23.002220,84.57575,84.90575,85.6101
2022-01-13 09:53:23.508895,83.90492,84.59625,85.6101
2022-01-13 09:53:24.007444,83.85417,84.02925,85.88531
2022-01-13 09:53:24.503295,84.1636,84.59625,85.88531
2022-01-13 09:53:25.002325,84.26632,84.54425,85.96354
2022-01-13 09:53:25.504020,83.49276,84.4935,85.96354
2022-01-13 09:53:26.002666,83.9569,84.33875,85.41406
2022-01-13 09:53:26.509888,84.26632,84.4415,85.41406
2022-01-13 09:53:27.009522,83.90492,84.4415,85.21708
2022-01-13 09:53:27.504266,84.62773,84.803,85.21708
2022-01-13 09:53:28.001571,83.54475,84.132,86.04176
2022-01-13 09:53:28.507048,84.31831,84.4415,86.04176
2022-01-13 09:53:29.005495,83.44078,84.184,85.06062
2022-01-13 09:53:29.501275,84.21434,84.64825,85.06062
2022-01-13 09:53:30.010424,83.9569,84.184,86.94562
2022-01-13 09:53:30.506049,84.26632,84.751,86.94562
2022-01-13 09:53:31.006228,83.59549,83.92525,85.96354
2022-01-13 09:53:31.501781,84.31831,84.85375,85.96354
2022-01-13 09:53:32.010652,84.36905,84.64825,85.37447
2022-01-13 09:53:32.506877,83.80219,84.4935,85.37447
2022-01-13 09:53:33.005217,84.00888,84.4935,86.08135
2022-01-13 09:53:33.510999,83.85417,84.184,86.08135
2022-01-13 09:53:34.011174,84.31831,84.59625,85.4527
2022-01-13 09:53:34.507165,84.05963,84.28675,85.4527
2022-01-13 09:53:35.006008,83.64747,84.33875,85.49229
2022-01-13 09:53:35.503313,84.1636,84.33875,85.49229
2022-01-13 09:53:36.002044,84.05963,84.699,86.12093
2022-01-13 09:53:36.508790,84.36905,84.59625,86.12093
2022-01-13 09:53:37.007458,83.69946,84.28675,85.41406
2022-01-13 09:53:37.503938,84.42104,84.699,85.41406
2022-01-13 09:53:38.001768,83.90492,83.92525,85.29625
2022-01-13 09:53:38.510082,84.47302,84.90575,85.29625
2022-01-13 09:53:39.008873,83.69946,83.8225,86.59218
2022-01-13 09:53:39.503583,84.1636,84.803,86.59218
2022-01-13 09:53:40.003720,84.21434,84.4935,85.49229
2022-01-13 09:53:40.509493,83.80219,84.4935,85.49229
2022-01-13 09:53:41.008044,84.52377,84.85375,85.96354
2022-01-13 09:53:41.504026,84.26632,84.54425,85.96354
2022-01-13 09:53:42.002250,83.69946,84.23475,85.6101
2022-01-13 09:53:42.509665,84.11161,84.33875,85.6101
2022-01-13 09:53:43.008940,84.36905,85.0085,86.04176
2022-01-13 09:53:43.502941,83.9569,84.3895,86.04176
2022-01-13 09:53:44.011134,83.90492,84.751,86.19916
2022-01-13 09:53:44.506663,83.59549,83.7705,86.19916
2022-01-13 09:53:45.006688,84.73046,84.64825,86.04176
2022-01-13 09:53:45.510683,83.85417,84.33875,86.04176
2022-01-13 09:53:46.009086,83.9569,84.28675,85.53187
2022-01-13 09:53:46.507550,83.69946,84.33875,85.53187
2022-01-13 09:53:47.005953,83.9569,84.33875,86.08135
2022-01-13 09:53:47.504137,84.11161,84.803,86.08135
2022-01-13 09:53:48.002279,83.90492,84.132,86.15958
2022-01-13 09:53:48.509335,84.05963,84.4935,86.15958
2022-01-13 09:53:49.007070,84.1636,84.4935,86.23875
2022-01-13 09:53:49.502560,84.42104,84.59625,86.23875
2022-01-13 09:53:50.001775,83.59549,84.28675,85.92395
2022-01-13 09:53:50.506888,84.21434,84.4935,85.92395
2022-01-13 09:53:51.006585,83.80219,84.4415,85.29625
2022-01-13 09:53:51.504651,84.11161,84.4415,85.29625
2022-01-13 09:53:52.002813,84.36905,84.699,85.80614
2022-01-13 09:53:52.508809,83.90492,84.23475,85.80614
2022-01-13 09:53:53.008541,84.31831,84.4935,85.57051
2022-01-13 09:53:53.505895,83.90492,84.4935,85.57051
2022-01-13 09:53:54.005685,84.31831,84.59625,85.4527
2022-01-13 09:53:54.506984,83.59549,84.184,85.4527
2022-01-13 09:53:55.005840,84.26632,84.3895,85.64968
2022-01-13 09:53:55.503034,83.59549,84.132,85.64968
2022-01-13 09:53:56.001444,84.57575,84.95775,86.51301
2022-01-13 09:53:56.509573,84.36905,84.54425,86.51301
2022-01-13 09:53:57.008725,83.85417,84.28675,85.41406
2022-01-13 09:53:57.503830,84.1636,84.64825,85.41406
2022-01-13 09:53:58.002881,84.00888,84.64825,86.12093
2022-01-13 09:53:58.507591,84.31831,84.59625,86.12093
2022-01-13 09:53:59.005589,83.33805,84.02925,85.6101
2022-01-13 09:53:59.503711,84.11161,84.54425,85.6101
2022-01-13 09:54:00.002976,84.21434,84.3895,86.3952
2022-01-13 09:54:00.510198,84.11161,84.59625,86.3952
2022-01-13 09:54:01.009497,83.85417,84.23475,86.59218
2022-01-13 09:54:01.505318,84.31831,84.803,86.59218
2022-01-13 09:54:02.005541,83.90492,84.184,85.80614
2022-01-13 09:54:02.501829,83.85417,84.3895,85.80614
2022-01-13 09:54:03.001513,84.26632,84.699,84.78541
2022-01-13 09:54:03.507189,83.69946,83.97725,84.78541
2022-01-13 09:54:04.006576,84.57575,85.0605,85.88531
2022-01-13 09:54:04.503961,83.7502,83.92525,85.88531
2022-01-13 09:54:05.004877,83.90492,84.54425,85.80614
2022-01-13 09:54:05.503901,84.47302,84.699,85.80614
2022-01-13 09:54:06.011190,83.80219,84.3895,85.96354
2022-01-13 09:54:06.505572,84.21434,84.59625,85.96354
2022-01-13 09:54:07.003953,83.59549,84.184,85.72791
2022-01-13 09:54:07.509150,84.21434,84.4415,85.72791
2022-01-13 09:54:08.009174,83.9569,84.132,85.80614
2022-01-13 09:54:08.505989,84.11161,84.803,85.80614
2022-01-13 09:54:09.005073,83.7502,84.132,85.80614
2022-01-13 09:54:09.509981,84.42104,84.699,85.80614
2022-01-13 09:54:10.006496,83.64747,84.132,85.88531
2022-01-13 09:54:10.505078,83.80219,84.28675,85.88531
2022-01-13 09:54:11.003906,83.9569,84.28675,85.68833
2022-01-13 09:54:11.510089,84.42104,84.59625,85.68833
2022-01-13 09:54:12.009847,83.90492,84.4415,85.68833
2022-01-13 09:54:12.504770,84.1636,84.59625,85.68833
2022-01-13 09:54:13.002275,83.64747,84.08,86.04176
2022-01-13 09:54:13.510320,84.52377,84.803,86.04176
2022-01-13 09:54:14.007749,83.85417,84.59625,85.4527
2022-01-13 09:54:14.501576,83.59549,83.97725,85.4527
2022-01-13 09:54:15.009200,84.21434,84.08,85.68833
2022-01-13 09:54:15.505567,83.90492,84.4415,85.68833
2022-01-13 09:54:16.003897,84.26632,84.59625,86.35656
2022-01-13 09:54:16.510062,84.26632,84.751,86.35656
2022-01-13 09:54:17.006415,83.80219,84.184,86.78822
2022-01-13 09:54:17.503211,83.64747,84.3895,86.78822
2022-01-13 09:54:18.001448,84.42104,84.751,86.12093
2022-01-13 09:54:18.507557,84.31831,84.59625,86.12093
2022-01-13 09:54:19.005793,83.59549,84.08,85.96354
2022-01-13 09:54:19.510589,84.36905,84.699,85.96354
2022-01-13 09:54:20.008600,83.64747,84.184,86.5526
2022-01-13 09:54:20.504081,84.73046,85.1125,86.5526
2022-01-13 09:54:21.001904,83.54475,84.02925,85.41406
2022-01-13 09:54:21.506945,84.1636,84.4415,85.41406
2022-01-13 09:54:22.008554,84.05963,84.184,85.88531
2022-01-13 09:54:22.504915,84.42104,84.85375,85.88531
2022-01-13 09:54:23.004833,84.36905,84.4415,85.68833
2022-01-13 09:54:23.509550,83.49276,84.132,85.68833
2022-01-13 09:54:24.008107,83.85417,84.23475,85.17843
2022-01-13 09:54:24.503407,83.85417,84.54425,85.17843
2022-01-13 09:54:25.002331,84.31831,84.90575,85.06062
2022-01-13 09:54:25.507916,83.39003,83.92525,85.06062
2022-01-13 09:54:26.005197,84.31831,84.64825,85.84572
2022-01-13 09:54:26.502810,83.80219,84.02925,85.84572
2022-01-13 09:54:27.002059,84.21434,84.85375,85.25666
2022-01-13 09:54:27.507428,84.11161,84.28675,85.25666
2022-01-13 09:54:28.006804,83.44078,83.8745,86.5526
2022-01-13 09:54:28.502711,84.47302,84.85375,86.5526
2022-01-13 09:54:29.002589,83.49276,84.132,85.72791
2022-01-13 09:54:29.508053,84.47302,84.95775,85.72791
2022-01-13 09:54:30.002375,83.90492,84.08,85.84572
2022-01-13 09:54:30.507163,84.1636,84.59625,85.84572
2022-01-13 09:54:31.004811,83.64747,83.97725,85.37447
2022-01-13 09:54:31.501489,84.1636,84.699,85.37447
2022-01-13 09:54:32.010833,84.36905,84.699,85.49229
2022-01-13 09:54:32.507725,83.54475,83.97725,85.49229
2022-01-13 09:54:33.006703,84.1636,84.54425,85.72791
2022-01-13 09:54:33.501842,83.9569,84.184,85.72791
2022-01-13 09:54:34.011217,84.42104,84.90575,85.72791
2022-01-13 09:54:34.507675,83.90492,84.3895,85.72791
2022-01-13 09:54:35.010859,83.7502,84.33875,85.4527
2022-01-13 09:54:35.507166,84.1636,84.4935,85.4527
2022-01-13 09:54:36.006278,84.00888,84.4935,87.18125
2022-01-13 09:54:36.503415,84.26632,84.751,87.18125
2022-01-13 09:54:37.001971,83.64747,84.184,86.59218
2022-01-13 09:54:37.507189,84.1636,84.54425,86.59218
2022-01-13 09:54:38.006280,84.31831,84.3895,86.19916
2022-01-13 09:54:38.502272,84.05963,84.54425,86.19916
2022-01-13 09:54:39.010197,83.85417,84.33875,85.02104
2022-01-13 09:54:39.505568,83.80219,84.132,85.02104
2022-01-13 09:54:40.004634,84.05963,84.3895,86.08135
2022-01-13 09:54:40.510876,83.9569,84.64825,86.08135
2022-01-13 09:54:41.011043,84.05963,84.59625,85.33489
2022-01-13 09:54:41.507384,84.42104,84.751,85.33489
2022-01-13 09:54:42.005528,83.59549,83.8745,85.33489
2022-01-13 09:54:42.509729,84.47302,84.751,85.33489
2022-01-13 09:54:43.008705,84.11161,84.54425,85.53187
2022-01-13 09:54:43.506114,84.11161,84.54425,85.53187
2022-01-13 09:54:44.006494,83.23532,83.8745,85.25666
2022-01-13 09:54:44.502240,84.26632,84.85375,85.25666
2022-01-13 09:54:45.001840,84.36905,84.803,85.84572
2022-01-13 09:54:45.508867,84.00888,84.59625,85.84572
2022-01-13 09:54:46.009281,84.05963,84.28675,85.88531
2022-01-13 09:54:46.508350,83.69946,84.132,85.88531
2022-01-13 09:54:47.007370,84.62773,84.95775,85.57051
2022-01-13 09:54:47.503313,83.69946,84.28675,85.57051
2022-01-13 09:54:48.002746,84.00888,84.4935,86.12093
2022-01-13 09:54:48.510897,83.7502,83.97725,86.12093
2022-01-13 09:54:49.010078,84.52377,84.85375,85.37447
2022-01-13 09:54:49.506662,84.57575,84.85375,85.37447
2022-01-13 09:54:50.005846,83.33805,83.8745,85.80614
2022-01-13 09:54:50.502228,84.52377,84.85375,85.80614
2022-01-13 09:54:51.010794,83.54475,83.92525,86.23875
2022-01-13 09:54:51.506440,84.67848,85.1125,86.23875
2022-01-13 09:54:52.005489,83.49276,84.08,86.04176
2022-01-13 09:54:52.502842,84.1636,84.4415,86.04176
2022-01-13 09:54:53.001214,84.21434,84.23475,85.4527
2022-01-13 09:54:53.507334,84.00888,84.4415,85.4527
2022-01-13 09:54:54.004590,84.31831,84.64825,86.51301
2022-01-13 09:54:54.501587,83.59549,84.08,86.51301
2022-01-13 09:54:55.009622,84.47302,84.85375,85.06062
2022-01-13 09:54:55.503161,83.08061,83.8225,85.06062
2022-01-13 09:54:56.009980,84.88517,85.21525,85.57051
2022-01-13 09:54:56.504978,83.85417,83.97725,85.57051
2022-01-13 09:54:57.003558,84.26632,84.751,86.04176
2022-01-13 09:54:57.509058,83.80219,84.33875,86.04176
2022-01-13 09:54:58.007115,84.11161,84.4935,85.72791
2022-01-13 09:54:58.510128,84.1636,84.4935,85.72791
2022-01-13 09:54:59.008246,83.33805,83.97725,85.41406
2022-01-13 09:54:59.502069,84.42104,84.85375,85.41406
2022-01-13 09:55:00.009346,83.90492,84.02925,85.37447
2022-01-13 09:55:00.506475,83.9569,84.3895,85.37447
2022-01-13 09:55:01.004736,83.9569,84.4415,85.57051
2022-01-13 09:55:02.005210,84.1636,84.54425,85.4527
2022-01-13 09:55:02.503909,83.64747,84.184,85.4527
2022-01-13 09:55:03.002843,84.42104,84.751,85.68833
2022-01-13 09:55:03.509576,83.85417,84.23475,85.68833
2022-01-13 09:55:04.006592,84.36905,84.699,86.23875
2022-01-13 09:55:04.501812,83.69946,84.184,86.23875
2022-01-13 09:55:05.010932,84.00888,84.4415,86.12093
2022-01-13 09:55:05.506108,84.11161,84.751,86.12093
2022-01-13 09:55:06.004767,83.64747,84.23475,85.88531
2022-01-13 09:55:06.511184,83.80219,84.28675,85.88531
2022-01-13 09:55:07.010890,84.26632,84.699,85.53187
2022-01-13 09:55:07.506311,84.52377,84.64825,85.53187
2022-01-13 09:55:08.006323,83.9569,84.184,85.84572
2022-01-13 09:55:08.511052,83.80219,84.28675,85.84572
2022-01-13 09:55:09.009505,84.00888,84.4935,85.29625
2022-01-13 09:55:09.504974,83.90492,84.132,85.29625
2022-01-13 09:55:10.002024,84.11161,84.699,84.90322
2022-01-13 09:55:10.507901,83.39003,84.02925,84.90322
2022-01-13 09:55:11.006764,84.42104,84.751,86.04176
2022-01-13 09:55:11.503815,84.11161,84.4415,86.04176
2022-01-13 09:55:12.002191,84.26632,84.3895,84.86364
2022-01-13 09:55:12.509567,83.85417,84.4415,84.86364
2022-01-13 09:55:13.007617,83.64747,83.97725,86.51301
2022-01-13 09:55:13.503755,84.36905,84.90575,86.51301
2022-01-13 09:55:14.003272,83.64747,84.4415,85.64968
2022-01-13 09:55:14.509283,84.1636,84.4935,85.64968
2022-01-13 09:55:15.007555,84.1636,84.3895,85.09926
2022-01-13 09:55:15.502350,84.21434,84.64825,85.09926
2022-01-13 09:55:16.003264,84.21434,84.54425,85.64968
2022-01-13 09:55:16.509199,83.54475,83.7705,85.64968
2022-01-13 09:55:17.007283,83.9569,84.28675,87.96635
2022-01-13 09:55:17.503894,83.64747,84.184,87.96635
2022-01-13 09:55:18.003568,84.47302,84.803,238.57031
2022-01-13 09:55:18.510488,83.7502,83.8745,238.57031
2022-01-13 09:55:19.008861,83.69946,83.92525,218.89562
2022-01-13 09:55:19.505300,84.47302,84.59625,218.89562
2022-01-13 09:55:20.003892,83.7502,84.08,141.45322
2022-01-13 09:55:20.510620,84.42104,84.803,141.45322
2022-01-13 09:55:21.010314,83.23532,83.7705,89.77312
2022-01-13 09:55:21.506614,84.31831,84.4935,89.77312
2022-01-13 09:55:22.006267,83.59549,84.08,95.27072
2022-01-13 09:55:22.506871,84.62773,84.85375,95.27072
2022-01-13 09:55:23.003265,83.54475,83.61575,88.98708
2022-01-13 09:55:23.509654,84.62773,84.803,88.98708
2022-01-13 09:55:24.011146,84.05963,84.33875,87.88812
2022-01-13 09:55:24.508643,84.26632,84.699,87.88812
2022-01-13 09:55:25.007770,84.1636,84.751,85.72791
2022-01-13 09:55:25.506128,83.39003,83.97725,85.72791
2022-01-13 09:55:26.005705,84.47302,84.803,86.31697
2022-01-13 09:55:26.502523,83.9569,84.33875,86.31697
2022-01-13 09:55:27.002472,84.1636,84.59625,87.02385
2022-01-13 09:55:27.508751,84.11161,84.4935,87.02385
2022-01-13 09:55:28.007252,83.7502,84.184,86.15958
2022-01-13 09:55:28.504634,84.26632,84.64825,86.15958
2022-01-13 09:55:29.003767,83.9569,84.59625,86.98426
2022-01-13 09:55:29.508255,84.1636,84.3895,86.98426
2022-01-13 09:55:30.006350,84.05963,84.54425,86.35656
2022-01-13 09:55:30.502123,84.1636,84.54425,86.35656
2022-01-13 09:55:31.001170,83.7502,84.184,86.3952
2022-01-13 09:55:31.507585,84.42104,85.16325,86.3952
2022-01-13 09:55:32.006211,83.90492,84.23475,85.57051
2022-01-13 09:55:32.503855,83.90492,84.4415,85.57051
2022-01-13 09:55:33.003850,84.05963,84.3895,85.37447
2022-01-13 09:55:33.504874,84.00888,84.3895,85.37447
2022-01-13 09:55:34.003552,84.11161,84.33875,85.4527
2022-01-13 09:55:34.503361,84.05963,84.54425,85.4527
2022-01-13 09:55:35.004033,83.7502,84.28675,86.08135
2022-01-13 09:55:35.510843,84.1636,84.64825,86.08135
2022-01-13 09:55:36.009749,84.31831,84.803,86.71
2022-01-13 09:55:36.504502,84.05963,84.28675,86.71
2022-01-13 09:55:37.004514,83.80219,84.4415,85.17843
2022-01-13 09:55:37.510582,84.05963,84.33875,85.17843
2022-01-13 09:55:38.007850,84.26632,84.59625,86.67041
2022-01-13 09:55:38.503880,84.00888,84.699,86.67041
2022-01-13 09:55:39.002584,84.00888,84.699,86.08135
2022-01-13 09:55:39.510133,83.59549,84.02925,86.08135
2022-01-13 09:55:40.007965,84.52377,84.699,86.3952
2022-01-13 09:55:40.504850,83.80219,84.4415,86.3952
2022-01-13 09:55:41.003818,84.31831,84.59625,86.35656
2022-01-13 09:55:41.501563,84.1636,84.28675,86.35656
2022-01-13 09:55:42.505642,84.67848,85.21525,85.80614
2022-01-13 09:55:43.005491,83.80219,84.184,86.15958
2022-01-13 09:55:43.502126,84.00888,84.184,86.15958
2022-01-13 09:55:44.001668,83.7502,84.23475,85.7675
2022-01-13 09:55:44.510124,84.21434,84.4415,85.7675
2022-01-13 09:55:45.010044,84.26632,84.64825,86.04176
2022-01-13 09:55:45.505069,83.80219,84.08,86.04176
2022-01-13 09:55:46.004489,83.90492,84.4415,86.23875
2022-01-13 09:55:46.502606,83.80219,84.4935,86.23875
2022-01-13 09:55:47.010763,84.67848,85.0085,85.92395
2022-01-13 09:55:47.507365,83.49276,84.23475,85.92395
2022-01-13 09:55:48.006946,84.00888,84.4415,85.33489
2022-01-13 09:55:48.505404,83.7502,84.02925,85.33489
2022-01-13 09:55:49.003968,84.42104,84.95775,86.04176
2022-01-13 09:55:49.510322,84.00888,84.4935,86.04176
2022-01-13 09:55:50.011190,83.69946,84.184,86.23875
2022-01-13 09:55:50.510310,84.21434,84.4935,86.23875
2022-01-13 09:55:51.504829,84.47302,84.803,86.08135
2022-01-13 09:55:52.007859,83.85417,84.4935,85.57051
2022-01-13 09:55:52.503996,83.9569,83.97725,85.57051
2022-01-13 09:55:53.001076,84.26632,84.699,85.41406
2022-01-13 09:55:53.506134,84.21434,84.751,85.41406
2022-01-13 09:55:54.004126,83.80219,84.28675,85.72791
2022-01-13 09:55:54.510439,83.9569,84.4935,85.72791
2022-01-13 09:55:55.010174,83.90492,84.23475,85.68833
2022-01-13 09:55:55.505693,83.80219,84.64825,85.68833
2022-01-13 09:55:56.005222,84.21434,84.4415,85.49229
2022-01-13 09:55:56.502789,84.31831,84.54425,85.49229
2022-01-13 09:55:57.009959,84.11161,84.4415,87.25947
2022-01-13 09:55:57.504103,84.05963,84.4415,87.25947
2022-01-13 09:55:58.003706,84.00888,84.4415,86.00312
2022-01-13 09:55:58.509820,84.05963,84.33875,86.00312
2022-01-13 09:55:59.008999,83.59549,84.4415,86.31697
2022-01-13 09:55:59.504604,83.9569,84.184,86.31697
2022-01-13 09:56:00.003209,84.26632,84.751,85.68833
2022-01-13 09:56:00.506267,84.00888,84.28675,85.68833
2022-01-13 09:56:01.003866,84.57575,85.0085,85.64968
2022-01-13 09:56:01.508525,83.90492,84.33875,85.64968
2022-01-13 09:56:02.008863,84.00888,84.3895,85.57051
2022-01-13 09:56:02.503388,83.80219,84.4415,85.57051
2022-01-13 09:56:03.001114,84.21434,84.33875,85.25666
2022-01-13 09:56:03.506602,83.9569,84.33875,85.25666
2022-01-13 09:56:04.006706,83.7502,83.97725,86.47437
2022-01-13 09:56:04.504125,84.42104,84.803,86.47437
2022-01-13 09:56:05.002222,83.7502,84.132,86.27739
2022-01-13 09:56:05.509099,84.83319,85.37,86.27739
2022-01-13 09:56:06.008793,83.18334,83.8225,86.00312
2022-01-13 09:56:06.503426,84.1636,84.4935,86.00312
2022-01-13 09:56:07.010798,84.31831,85.0605,85.7675
2022-01-13 09:56:07.504991,84.05963,84.33875,85.7675
2022-01-13 09:56:08.003549,84.26632,84.64825,86.08135
2022-01-13 09:56:08.511103,83.54475,83.92525,86.08135
2022-01-13 09:56:09.010479,84.31831,84.803,85.72791
2022-01-13 09:56:09.505985,84.11161,84.4935,85.72791
2022-01-13 09:56:10.003930,83.90492,84.28675,86.15958
2022-01-13 09:56:10.510636,83.49276,84.132,86.15958
2022-01-13 09:56:11.009402,84.26632,84.59625,85.25666
2022-01-13 09:56:11.503761,84.31831,84.4935,85.25666
2022-01-13 09:56:12.003060,83.90492,84.3895,85.41406
2022-01-13 09:56:12.502179,84.36905,84.699,85.41406
2022-01-13 09:56:13.001899,83.64747,84.02925,86.47437
2022-01-13 09:56:13.509594,84.67848,84.90575,85.33489
2022-01-13 09:56:14.003599,83.33805,84.08,85.33489
2022-01-13 09:56:14.507340,84.21434,84.4935,85.33489
2022-01-13 09:56:15.005617,84.21434,84.64825,86.5526
2022-01-13 09:56:15.510693,84.00888,84.3895,86.5526
2022-01-13 09:56:16.001137,84.11161,84.59625,85.33489
2022-01-13 09:56:16.507941,84.21434,84.803,85.33489
2022-01-13 09:56:17.006032,83.69946,83.92525,85.92395
2022-01-13 09:56:17.506605,83.80219,84.3895,85.92395
2022-01-13 09:56:18.006262,84.42104,84.699,86.59218
2022-01-13 09:56:18.501110,83.54475,83.8745,86.59218
2022-01-13 09:56:19.009259,84.21434,84.64825,85.88531
2022-01-13 09:56:19.506676,83.90492,84.28675,85.88531
2022-01-13 09:56:20.006138,83.85417,84.3895,85.41406
2022-01-13 09:56:20.501666,84.26632,84.54425,85.41406
2022-01-13 09:56:21.002721,83.59549,84.23475,85.68833
2022-01-13 09:56:21.508348,84.31831,84.64825,85.68833
2022-01-13 09:56:22.008173,84.00888,84.64825,85.6101
2022-01-13 09:56:22.503403,84.1636,84.33875,85.6101
2022-01-13 09:56:23.002228,84.00888,84.184,85.49229
2022-01-13 09:56:23.509822,83.90492,84.54425,85.49229
2022-01-13 09:56:24.009475,84.05963,84.3895,85.6101
2022-01-13 09:56:24.504405,84.21434,84.699,85.6101
2022-01-13 09:56:25.003654,84.05963,84.33875,86.27739
2022-01-13 09:56:25.509712,84.11161,84.803,86.27739
2022-01-13 09:56:26.009402,84.26632,84.59625,86.59218
2022-01-13 09:56:26.505816,84.05963,84.28675,86.59218
2022-01-13 09:56:27.003796,83.85417,84.28675,86.12093
2022-01-13 09:56:28.004548,83.59549,84.132,85.92395
2022-01-13 09:56:28.501593,84.36905,84.64825,85.92395
2022-01-13 09:56:29.010584,83.49276,84.33875,85.53187
2022-01-13 09:56:29.505514,84.1636,84.4415,85.53187
2022-01-13 09:56:30.003601,84.57575,84.751,85.64968
2022-01-13 09:56:30.501945,83.64747,83.97725,85.64968
2022-01-13 09:56:31.001525,84.1636,84.4935,85.25666
2022-01-13 09:56:31.505895,84.05963,84.64825,85.25666
2022-01-13 09:56:32.004602,84.1636,84.54425,85.57051
2022-01-13 09:56:32.509973,83.69946,84.4935,85.57051
2022-01-13 09:56:33.008435,84.00888,84.4415,85.41406
2022-01-13 09:56:33.502779,84.42104,84.64825,85.41406
2022-01-13 09:56:34.001834,83.9569,84.23475,86.35656
2022-01-13 09:56:34.508135,84.31831,84.4415,86.35656
2022-01-13 09:56:35.009108,83.44078,83.97725,85.84572
2022-01-13 09:56:35.508038,84.31831,84.59625,85.84572
2022-01-13 09:56:36.005569,83.33805,84.23475,86.19916
2022-01-13 09:56:36.503045,84.31831,84.90575,86.19916
2022-01-13 09:56:37.001873,83.49276,83.92525,86.15958
2022-01-13 09:56:37.507439,84.26632,84.54425,86.15958
2022-01-13 09:56:38.005985,84.42104,84.4935,85.37447
2022-01-13 09:56:39.004981,83.80219,84.23475,85.6101
2022-01-13 09:56:39.510375,83.7502,84.33875,85.6101
2022-01-13 09:56:40.009693,84.11161,84.54425,85.57051
2022-01-13 09:56:40.508022,83.80219,84.4935,85.57051
2022-01-13 09:56:41.006393,84.1636,84.33875,85.84572
2022-01-13 09:56:41.502620,84.31831,84.59625,85.33489
2022-01-13 09:56:43.002229,83.54475,84.184,86.12093
2022-01-13 09:56:43.508705,84.05963,84.184,86.12093
2022-01-13 09:56:44.005804,83.33805,84.132,84.94281
2022-01-13 09:56:44.501555,84.52377,85.1125,84.94281
2022-01-13 09:56:45.009713,83.85417,83.8745,86.43479
2022-01-13 09:56:45.506443,84.1636,84.59625,86.43479
2022-01-13 09:56:46.005039,84.11161,84.28675,85.92395
2022-01-13 09:56:46.511137,84.31831,84.95775,85.92395
2022-01-13 09:56:47.008051,84.00888,84.184,85.25666
2022-01-13 09:56:47.502253,83.69946,84.4935,85.25666
2022-01-13 09:56:48.010183,83.90492,84.184,85.53187
2022-01-13 09:56:48.507093,84.26632,84.699,85.53187
2022-01-13 09:56:49.004088,84.42104,84.85375,85.49229
2022-01-13 09:56:49.503066,83.64747,83.92525,85.49229
2022-01-13 09:56:50.002103,84.36905,84.85375,85.13885
2022-01-13 09:56:50.507900,84.00888,84.184,85.13885
2022-01-13 09:56:51.006769,83.90492,84.751,85.7675
2022-01-13 09:56:51.502644,84.21434,84.3895,85.7675
2022-01-13 09:56:52.007573,83.7502,84.132,85.4527
2022-01-13 09:56:52.501735,84.05963,84.3895,85.4527
2022-01-13 09:56:53.009109,84.57575,84.64825,86.82781
2022-01-13 09:56:53.505416,83.85417,84.54425,86.82781
2022-01-13 09:56:54.002414,84.05963,84.132,86.31697
2022-01-13 09:56:54.507246,83.9569,84.54425,86.31697
2022-01-13 09:56:55.002977,83.90492,84.3895,85.33489
2022-01-13 09:56:55.508484,83.9569,84.64825,85.33489
2022-01-13 09:56:56.007957,84.11161,84.4935,85.80614
2022-01-13 09:56:56.503771,84.00888,84.28675,85.80614
2022-01-13 09:56:57.002184,84.00888,84.4935,85.41406
2022-01-13 09:56:57.507001,83.90492,84.4415,85.41406
2022-01-13 09:56:58.003811,84.05963,84.699,85.33489
2022-01-13 09:56:58.510142,84.21434,84.4935,85.33489
2022-01-13 09:56:59.007750,83.85417,84.3895,85.72791
2022-01-13 09:56:59.503463,83.85417,84.23475,85.72791
2022-01-13 09:57:00.001836,84.47302,84.751,85.6101
2022-01-13 09:57:00.510899,83.64747,84.08,85.6101
2022-01-13 09:57:01.004954,84.42104,84.64825,84.98145
2022-01-13 09:57:01.501244,83.49276,84.132,84.98145
2022-01-13 09:57:02.010625,84.36905,84.699,86.19916
2022-01-13 09:57:02.505800,83.80219,84.4415,86.19916
2022-01-13 09:57:03.005264,84.31831,84.699,85.88531
2022-01-13 09:57:03.510407,83.69946,83.8225,85.88531
2022-01-13 09:57:04.009127,84.21434,84.54425,85.53187
2022-01-13 09:57:04.503776,84.00888,84.33875,85.53187
2022-01-13 09:57:05.002971,84.00888,84.699,86.47437
2022-01-13 09:57:05.508430,84.05963,84.54425,86.47437
2022-01-13 09:57:06.009269,83.44078,84.02925,85.17843
2022-01-13 09:57:06.503779,84.52377,84.803,85.17843
2022-01-13 09:57:07.002193,83.7502,84.4415,85.25666
2022-01-13 09:57:07.508842,84.26632,84.699,85.25666
2022-01-13 09:57:08.002686,83.9569,83.8225,85.68833
2022-01-13 09:57:08.508196,84.1636,84.803,85.68833
2022-01-13 09:57:09.006646,84.21434,84.803,86.12093
2022-01-13 09:57:09.510917,84.05963,84.699,86.12093
2022-01-13 09:57:10.009201,83.80219,84.132,85.57051
2022-01-13 09:57:10.506366,83.85417,84.28675,85.57051
2022-01-13 09:57:11.005475,84.47302,84.90575,85.57051
2022-01-13 09:57:12.005065,84.1636,84.59625,86.31697
2022-01-13 09:57:12.509053,83.64747,83.92525,86.31697
2022-01-13 09:57:13.503068,84.36905,84.90575,85.88531
2022-01-13 09:57:14.007744,83.39003,84.132,85.64968
2022-01-13 09:57:14.508345,84.36905,84.85375,85.64968
2022-01-13 09:57:15.003267,83.9569,83.97725,85.25666
2022-01-13 09:57:15.504280,84.52377,85.1125,85.25666
2022-01-13 09:57:16.004072,83.90492,84.02925,85.41406
2022-01-13 09:57:16.502748,84.21434,84.90575,85.41406
2022-01-13 09:57:17.005569,83.59549,83.8745,85.4527
2022-01-13 09:57:17.502244,83.9569,84.64825,85.4527
2022-01-13 09:57:18.005111,84.1636,84.54425,85.21708
2022-01-13 09:57:18.510703,84.21434,84.28675,85.21708
2022-01-13 09:57:19.010035,83.9569,84.3895,85.41406
2022-01-13 09:57:19.501897,84.1636,84.54425,85.41406
2022-01-13 09:57:20.003481,84.00888,84.59625,86.00312
2022-01-13 09:57:20.501977,83.9569,84.184,86.00312
2022-01-13 09:57:21.006223,84.05963,84.54425,86.90604
2022-01-13 09:57:21.503001,83.9569,84.33875,86.90604
2022-01-13 09:57:22.004886,83.9569,84.33875,85.57051
2022-01-13 09:57:22.507753,84.11161,84.4935,85.57051
2022-01-13 09:57:23.002477,84.11161,84.08,85.64968
2022-01-13 09:57:23.506878,84.00888,84.64825,85.64968
2022-01-13 09:57:24.005766,84.00888,84.3895,86.15958
2022-01-13 09:57:24.504956,84.00888,84.4415,86.15958
2022-01-13 09:57:25.004852,84.1636,84.4415,85.84572
2022-01-13 09:57:25.510431,83.9569,84.59625,85.84572
2022-01-13 09:57:26.009099,83.90492,84.28675,85.49229
2022-01-13 09:57:26.505404,84.00888,84.28675,85.49229
2022-01-13 09:57:27.006107,83.9569,84.54425,85.4527
2022-01-13 09:57:27.502583,84.26632,84.64825,85.4527
2022-01-13 09:57:28.010866,83.7502,84.184,85.53187
2022-01-13 09:57:28.509059,84.11161,84.4935,85.53187
2022-01-13 09:57:29.009051,83.69946,84.33875,85.4527
2022-01-13 09:57:29.505507,84.26632,84.751,85.4527
2022-01-13 09:57:30.004286,84.26632,84.3895,85.96354
2022-01-13 09:57:30.510272,83.69946,84.23475,85.96354
2022-01-13 09:57:31.009211,84.1636,84.4935,85.49229
2022-01-13 09:57:31.504819,83.7502,84.33875,85.49229
2022-01-13 09:57:32.004665,84.62773,84.803,86.27739
2022-01-13 09:57:32.510797,83.13135,83.61575,86.27739
2022-01-13 09:57:33.009605,84.47302,84.85375,86.00312
2022-01-13 09:57:33.504331,83.7502,84.08,86.00312
2022-01-13 09:57:34.001306,84.42104,84.95775,85.29625
2022-01-13 09:57:34.507215,83.69946,84.184,85.29625
2022-01-13 09:57:35.005931,84.21434,84.59625,85.4527
2022-01-13 09:57:35.501177,84.05963,84.4415,85.4527
2022-01-13 09:57:36.010229,84.05963,84.4935,85.17843
2022-01-13 09:57:36.509085,84.26632,84.4935,85.17843
2022-01-13 09:57:37.007715,83.49276,83.8745,85.53187
2022-01-13 09:57:37.503754,84.21434,84.803,85.53187
2022-01-13 09:57:38.002071,84.1636,84.3895,86.31697
2022-01-13 09:57:38.507885,83.90492,84.4415,86.31697
2022-01-13 09:57:39.005090,83.90492,84.02925,85.84572
2022-01-13 09:57:39.509123,83.33805,83.8225,85.84572
2022-01-13 09:57:40.007510,84.73046,85.0605,219.79854
2022-01-13 09:57:40.503464,83.28607,83.71975,219.79854
2022-01-13 09:57:41.003194,84.21434,84.54425,233.74
2022-01-13 09:57:41.509596,84.00888,84.132,233.74
2022-01-13 09:57:42.010229,84.1636,84.751,185.39729
2022-01-13 09:57:42.504983,83.9569,84.28675,185.39729
2022-01-13 09:57:43.003638,83.85417,84.02925,116.24135
2022-01-13 09:57:43.509471,84.00888,84.23475,116.24135
2022-01-13 09:57:44.008332,83.90492,84.4415,90.71562
2022-01-13 09:57:44.504888,84.00888,84.23475,90.71562
2022-01-13 09:57:45.003456,83.7502,83.8745,95.78156
2022-01-13 09:57:45.502870,84.42104,84.803,95.78156
2022-01-13 09:57:46.002079,83.69946,83.97725,88.4376
2022-01-13 09:57:46.506982,84.47302,85.0605,88.4376
2022-01-13 09:57:47.005114,83.64747,83.97725,87.06343
2022-01-13 09:57:47.501555,83.80219,84.4935,87.06343
2022-01-13 09:57:48.010586,83.9569,84.3895,86.47437
2022-01-13 09:57:48.504901,84.42104,84.699,86.47437
2022-01-13 09:57:49.002733,83.85417,84.28675,86.94562
2022-01-13 09:57:49.509326,84.1636,84.4935,86.94562
2022-01-13 09:57:50.008213,84.11161,84.59625,86.12093
2022-01-13 09:57:50.503167,84.11161,84.59625,86.12093
2022-01-13 09:57:51.010860,83.80219,84.4415,87.4951
2022-01-13 09:57:51.507628,84.05963,84.4935,87.4951
2022-01-13 09:57:52.006542,84.21434,84.64825,86.82781
2022-01-13 09:57:52.502472,83.9569,84.23475,86.82781
2022-01-13 09:57:53.011015,84.42104,84.751,85.72791
2022-01-13 09:57:53.507464,83.64747,84.23475,85.72791
2022-01-13 09:57:54.005560,84.36905,84.803,85.17843
2022-01-13 09:57:54.505540,83.90492,84.28675,85.17843
2022-01-13 09:57:55.003231,84.00888,84.59625,85.57051
2022-01-13 09:57:55.506236,83.64747,84.28675,85.57051
2022-01-13 09:57:56.006024,84.11161,84.64825,85.53187
2022-01-13 09:57:56.501517,84.52377,84.4935,85.53187
2022-01-13 09:57:57.009765,83.90492,84.4415,85.84572
2022-01-13 09:57:57.504840,84.1636,84.751,85.84572
2022-01-13 09:57:58.002687,83.64747,84.02925,86.71
2022-01-13 09:57:58.510800,84.42104,84.803,86.71
2022-01-13 09:57:59.010297,83.49276,84.02925,85.64968
2022-01-13 09:57:59.506562,84.1636,84.699,85.64968
2022-01-13 09:58:00.003899,83.9569,84.23475,85.37447
2022-01-13 09:58:00.511256,84.1636,84.54425,85.37447
2022-01-13 09:58:01.002696,84.36905,84.699,85.4527
2022-01-13 09:58:01.506686,83.54475,83.92525,85.4527
2022-01-13 09:58:02.007184,84.57575,85.0085,86.00312
2022-01-13 09:58:02.501685,83.49276,84.08,86.00312
2022-01-13 09:58:03.010691,84.26632,84.85375,86.31697
2022-01-13 09:58:03.505298,83.7502,83.97725,86.31697
2022-01-13 09:58:04.002250,84.42104,84.90575,85.33489
2022-01-13 09:58:04.508878,84.26632,84.699,85.33489
2022-01-13 09:58:05.006911,83.80219,84.23475,86.12093
2022-01-13 09:58:05.501459,84.05963,84.4415,86.12093
2022-01-13 09:58:06.010027,83.49276,83.97725,86.19916
2022-01-13 09:58:06.506659,84.57575,85.26725,86.19916
2022-01-13 09:58:07.005568,83.64747,84.132,86.3952
2022-01-13 09:58:08.005061,84.11161,84.23475,85.68833
2022-01-13 09:58:08.501470,84.11161,84.64825,85.68833
2022-01-13 09:58:09.009683,84.11161,84.4935,85.64968
2022-01-13 09:58:09.505833,83.69946,84.08,85.64968
2022-01-13 09:58:10.002342,84.21434,84.699,85.21708
2022-01-13 09:58:10.508434,83.80219,84.54425,85.21708
2022-01-13 09:58:11.007581,84.21434,84.85375,85.6101
2022-01-13 09:58:11.503680,83.90492,84.08,85.6101
2022-01-13 09:58:12.001512,84.31831,84.699,85.64968
2022-01-13 09:58:12.506401,83.85417,84.33875,85.64968
2022-01-13 09:58:13.004972,84.21434,84.699,85.09926
2022-01-13 09:58:14.005090,83.39003,83.8745,85.4527
2022-01-13 09:58:14.502555,84.21434,84.54425,85.4527
2022-01-13 09:58:15.002548,84.1636,84.54425,86.43479
2022-01-13 09:58:15.510970,83.49276,83.92525,86.43479
2022-01-13 09:58:16.005213,84.42104,84.90575,85.6101
2022-01-13 09:58:16.501959,83.85417,84.23475,85.6101
2022-01-13 09:58:17.003235,84.1636,84.54425,85.92395
2022-01-13 09:58:17.509114,84.11161,84.95775,85.92395
2022-01-13 09:58:18.007945,84.00888,84.4415,85.6101
2022-01-13 09:58:18.505355,83.9569,84.132,85.6101
2022-01-13 09:58:19.003287,83.9569,84.33875,85.53187
2022-01-13 09:58:19.510839,84.47302,84.95775,85.53187
2022-01-13 09:58:20.001292,83.44078,84.02925,85.72791
2022-01-13 09:58:20.508152,84.67848,85.0085,85.72791
2022-01-13 09:58:21.007657,83.49276,83.97725,86.31697
2022-01-13 09:58:21.502521,84.62773,84.95775,86.31697
2022-01-13 09:58:22.010716,83.69946,84.02925,85.64968
2022-01-13 09:58:22.508084,84.36905,84.64825,85.64968
2022-01-13 09:58:23.007773,84.21434,84.751,86.47437
2022-01-13 09:58:23.503060,83.64747,84.132,86.47437
2022-01-13 09:58:24.001719,84.26632,84.85375,85.13885
2022-01-13 09:58:24.509335,83.80219,84.184,85.13885
2022-01-13 09:58:25.008563,84.31831,84.803,85.4527
2022-01-13 09:58:25.507944,83.59549,83.97725,85.4527
2022-01-13 09:58:26.009540,84.42104,84.64825,86.15958
2022-01-13 09:58:26.505358,83.9569,84.08,86.15958
2022-01-13 09:58:27.005553,84.05963,84.59625,85.25666
2022-01-13 09:58:27.510894,84.36905,84.751,85.25666
2022-01-13 09:58:28.009106,83.08061,83.513,86.00312
2022-01-13 09:58:28.505183,85.03989,85.47275,86.00312
2022-01-13 09:58:29.005282,83.08061,83.8745,85.84572
2022-01-13 09:58:29.501500,84.73046,85.0605,85.84572
2022-01-13 09:58:30.009204,84.00888,84.132,86.27739
2022-01-13 09:58:30.505581,84.00888,84.4415,86.27739
2022-01-13 09:58:31.004000,84.1636,84.751,85.06062
2022-01-13 09:58:31.510160,84.05963,84.59625,85.06062
2022-01-13 09:58:32.009570,84.1636,84.699,85.88531
2022-01-13 09:58:32.506380,83.44078,83.92525,85.88531
2022-01-13 09:58:33.006929,84.26632,84.59625,86.08135
2022-01-13 09:58:33.503510,84.00888,84.23475,86.08135
2022-01-13 09:58:34.002142,84.47302,84.59625,85.80614
2022-01-13 09:58:34.507953,83.69946,84.08,85.80614
2022-01-13 09:58:35.007053,83.90492,84.23475,85.88531
2022-01-13 09:58:35.502162,84.1636,84.751,85.88531
2022-01-13 09:58:36.001734,83.64747,84.23475,86.43479
2022-01-13 09:58:36.505408,84.31831,84.64825,86.43479
2022-01-13 09:58:37.004499,83.49276,83.7705,85.21708
2022-01-13 09:58:37.501691,84.52377,84.751,85.21708
2022-01-13 09:58:38.010978,84.1636,84.4415,86.04176
2022-01-13 09:58:38.506160,83.80219,84.132,86.04176
2022-01-13 09:58:39.006761,83.64747,84.33875,85.4527
2022-01-13 09:58:39.501299,84.05963,84.751,85.4527
2022-01-13 09:58:40.009588,83.90492,84.3895,85.29625
2022-01-13 09:58:40.507565,84.05963,84.59625,85.29625
2022-01-13 09:58:41.006040,84.36905,84.59625,85.37447
2022-01-13 09:58:41.510575,83.9569,84.23475,85.37447
2022-01-13 09:58:42.010638,84.1636,84.699,86.15958
2022-01-13 09:58:42.507842,84.00888,84.4415,86.15958
2022-01-13 09:58:43.006166,83.85417,84.23475,85.7675
2022-01-13 09:58:43.510594,84.11161,84.4935,85.7675
2022-01-13 09:58:44.008582,83.54475,84.4935,85.21708
2022-01-13 09:58:44.504330,84.00888,84.28675,85.21708
2022-01-13 09:58:45.002906,84.31831,84.4415,86.12093
2022-01-13 09:58:45.507853,84.00888,84.08,86.12093
2022-01-13 09:58:46.007199,84.11161,84.64825,86.00312
2022-01-13 09:58:46.505278,83.7502,84.184,86.00312
2022-01-13 09:58:47.003648,84.26632,84.59625,86.51301
2022-01-13 09:58:47.510139,83.80219,84.4415,86.51301
2022-01-13 09:58:48.010021,83.90492,84.54425,86.04176
2022-01-13 09:58:48.505597,83.9569,84.28675,86.04176
2022-01-13 09:58:49.004731,83.90492,84.184,85.92395
2022-01-13 09:58:49.510836,83.9569,84.4415,85.92395
2022-01-13 09:58:50.011140,84.11161,84.699,84.94281
2022-01-13 09:58:50.502627,84.42104,84.699,84.94281
2022-01-13 09:58:51.003259,83.28607,83.92525,86.27739
2022-01-13 09:58:51.507972,84.42104,84.751,86.27739
2022-01-13 09:58:52.007000,83.69946,84.184,85.57051
2022-01-13 09:58:52.502347,84.21434,84.3895,85.57051
2022-01-13 09:58:53.001642,84.21434,84.699,85.57051
2022-01-13 09:58:53.507990,83.54475,84.132,85.57051
2022-01-13 09:58:54.006156,84.57575,85.0085,85.68833
2022-01-13 09:58:54.501643,83.59549,83.97725,85.68833
2022-01-13 09:58:55.009426,84.31831,84.59625,85.25666
2022-01-13 09:58:55.508838,83.7502,84.3895,85.25666
2022-01-13 09:58:56.007159,84.31831,84.64825,85.6101
2022-01-13 09:58:56.503924,84.21434,84.3895,85.6101
2022-01-13 09:58:57.002447,84.00888,84.64825,85.37447
2022-01-13 09:58:57.508305,84.05963,84.4935,85.37447
2022-01-13 09:58:58.006845,84.00888,84.4415,85.37447
2022-01-13 09:58:58.510468,84.21434,84.751,85.37447
2022-01-13 09:58:59.009832,83.44078,84.33875,85.21708
2022-01-13 09:58:59.504726,84.31831,84.4935,85.21708
2022-01-13 09:59:00.004148,84.00888,84.3895,85.72791
2022-01-13 09:59:00.508556,84.00888,84.54425,85.72791
2022-01-13 09:59:01.008002,84.21434,84.699,85.4527
2022-01-13 09:59:01.503912,83.85417,84.28675,85.4527
2022-01-13 09:59:02.002454,84.11161,84.3895,86.35656
2022-01-13 09:59:02.506988,84.21434,84.85375,86.35656
2022-01-13 09:59:03.006012,83.85417,84.02925,87.14166
2022-01-13 09:59:03.503588,84.21434,84.4935,87.14166
2022-01-13 09:59:04.002053,84.21434,84.699,85.13885
2022-01-13 09:59:04.508904,83.59549,84.184,85.13885
2022-01-13 09:59:05.007550,84.05963,84.54425,86.5526
2022-01-13 09:59:05.501907,83.90492,84.184,86.5526
2022-01-13 09:59:06.010263,83.80219,84.54425,85.02104
2022-01-13 09:59:06.506461,84.21434,84.59625,85.02104
2022-01-13 09:59:07.004805,83.90492,84.28675,85.92395
2022-01-13 09:59:07.501688,84.31831,84.33875,85.92395
2022-01-13 09:59:08.001209,84.26632,84.751,86.12093
2022-01-13 09:59:08.506152,83.64747,84.3895,86.12093
2022-01-13 09:59:09.004547,83.80219,84.23475,85.6101
2022-01-13 09:59:09.510163,83.9569,84.4415,85.6101
2022-01-13 09:59:10.009512,84.26632,84.4415,85.72791
2022-01-13 09:59:10.505917,84.36905,84.95775,85.72791
2022-01-13 09:59:11.003664,83.69946,84.02925,85.64968
2022-01-13 09:59:11.508985,84.52377,84.4935,85.64968
2022-01-13 09:59:12.008253,84.11161,84.4935,85.37447
2022-01-13 09:59:12.504014,83.9569,84.4415,85.37447
2022-01-13 09:59:13.002346,83.69946,84.23475,86.31697
2022-01-13 09:59:13.508706,84.1636,84.4935,86.31697
2022-01-13 09:59:14.006674,83.54475,84.28675,85.88531
2022-01-13 09:59:14.503307,84.57575,84.803,85.88531
2022-01-13 09:59:15.004887,84.26632,84.85375,86.43479
2022-01-13 09:59:15.510971,83.64747,83.97725,86.43479
2022-01-13 09:59:16.010023,84.42104,84.64825,85.29625
2022-01-13 09:59:16.507458,83.44078,83.97725,85.29625
2022-01-13 09:59:17.008350,84.52377,84.803,85.37447
2022-01-13 09:59:17.503779,83.69946,84.4415,85.37447
2022-01-13 09:59:18.002365,83.80219,84.132,85.33489
2022-01-13 09:59:18.508121,84.31831,84.64825,85.33489
2022-01-13 09:59:19.006418,83.9569,84.4935,86.12093
2022-01-13 09:59:19.501205,84.42104,84.85375,86.12093
2022-01-13 09:59:20.008874,83.49276,84.02925,86.63083
2022-01-13 09:59:20.504065,84.36905,84.54425,86.63083
2022-01-13 09:59:21.003280,83.59549,84.184,85.37447
2022-01-13 09:59:21.509142,84.42104,84.64825,85.37447
2022-01-13 09:59:22.006607,83.64747,84.3895,86.47437
2022-01-13 09:59:22.502416,84.00888,84.23475,86.47437
2022-01-13 09:59:23.002900,84.47302,84.699,85.13885
2022-01-13 09:59:23.508749,83.90492,84.33875,85.13885
2022-01-13 09:59:24.008059,84.31831,84.4935,85.49229
2022-01-13 09:59:24.504048,83.90492,84.699,85.49229
2022-01-13 09:59:25.002364,84.00888,84.3895,85.49229
2022-01-13 09:59:25.509546,83.85417,84.3895,85.49229
2022-01-13 09:59:26.010634,84.21434,84.59625,85.57051
2022-01-13 09:59:26.506394,84.05963,84.33875,85.57051
2022-01-13 09:59:27.004911,84.36905,84.64825,85.57051
2022-01-13 09:59:27.509411,84.00888,84.132,85.57051
2022-01-13 09:59:28.009155,84.1636,84.54425,85.09926
2022-01-13 09:59:28.503690,84.26632,84.59625,85.09926
2022-01-13 09:59:29.002868,83.49276,84.4415,86.51301
2022-01-13 09:59:29.509686,84.1636,84.4415,86.51301
2022-01-13 09:59:30.010159,84.1636,84.4935,85.96354
2022-01-13 09:59:30.507809,84.1636,84.64825,85.96354
2022-01-13 09:59:31.006206,84.26632,84.699,86.47437
2022-01-13 09:59:31.503298,83.85417,84.23475,86.47437
2022-01-13 09:59:32.002355,84.1636,84.184,85.92395
2022-01-13 09:59:32.507838,83.59549,84.33875,85.92395
2022-01-13 09:59:33.006284,84.05963,84.3895,86.04176
2022-01-13 09:59:33.501412,84.11161,84.4935,86.04176
2022-01-13 09:59:34.001443,84.05963,84.23475,86.35656
2022-01-13 09:59:34.507265,84.31831,84.4415,86.35656
2022-01-13 09:59:35.005773,84.00888,84.699,85.4527
2022-01-13 09:59:35.501166,84.00888,84.23475,85.4527
2022-01-13 09:59:36.010383,84.05963,84.699,86.00312
2022-01-13 09:59:36.507345,83.90492,84.132,86.00312
2022-01-13 09:59:37.006258,83.90492,84.54425,85.29625
2022-01-13 09:59:37.502152,83.85417,84.33875,85.29625
2022-01-13 09:59:38.010271,84.47302,84.803,85.92395
2022-01-13 09:59:38.509665,83.49276,83.92525,85.92395
2022-01-13 09:59:39.008340,84.36905,84.64825,85.92395
2022-01-13 09:59:39.504440,83.64747,84.4415,85.92395
2022-01-13 09:59:40.004669,84.11161,84.33875,85.33489
2022-01-13 09:59:40.509558,83.80219,84.4415,85.33489
2022-01-13 09:59:41.007444,83.85417,84.23475,85.92395
2022-01-13 09:59:41.502181,84.57575,84.64825,85.92395
2022-01-13 09:59:42.002127,83.59549,84.28675,85.53187
2022-01-13 09:59:42.507727,84.26632,84.4935,85.53187
2022-01-13 09:59:43.007405,83.7502,84.184,85.96354
2022-01-13 09:59:43.502230,84.36905,84.4935,85.96354
2022-01-13 09:59:44.001340,83.49276,84.33875,85.64968
2022-01-13 09:59:44.507278,84.1636,84.4415,85.64968
2022-01-13 09:59:45.006161,84.26632,84.4415,86.23875
2022-01-13 09:59:45.507224,84.11161,84.59625,86.23875
2022-01-13 09:59:46.009159,84.21434,84.4935,85.02104
2022-01-13 09:59:46.505532,83.59549,84.28675,85.02104
2022-01-13 09:59:47.007980,84.42104,84.699,85.4527
2022-01-13 09:59:47.504455,83.59549,84.33875,85.4527
2022-01-13 09:59:48.002653,84.1636,84.4415,85.6101
2022-01-13 09:59:48.508182,84.31831,84.4935,85.6101
2022-01-13 09:59:49.007221,84.00888,84.3895,85.37447
2022-01-13 09:59:49.502949,84.26632,84.699,85.37447
2022-01-13 09:59:50.001466,83.85417,84.699,86.47437
2022-01-13 09:59:50.506505,84.05963,84.33875,86.47437
2022-01-13 09:59:51.007200,83.69946,84.4935,85.41406
2022-01-13 09:59:51.502971,84.26632,84.699,85.41406
2022-01-13 09:59:52.002276,83.80219,83.97725,85.64968
2022-01-13 09:59:52.507992,84.52377,84.64825,85.64968
2022-01-13 09:59:53.006377,84.00888,84.28675,86.12093
2022-01-13 09:59:53.501280,83.90492,84.59625,86.12093
2022-01-13 09:59:54.010399,84.36905,84.4415,86.35656
2022-01-13 09:59:54.506568,83.64747,84.33875,86.35656
2022-01-13 09:59:55.005921,84.42104,84.64825,85.72791
2022-01-13 09:59:55.501121,83.85417,84.54425,85.72791
2022-01-13 09:59:56.010088,84.11161,84.4415,85.68833
2022-01-13 09:59:56.506929,84.1636,84.28675,85.68833
2022-01-13 09:59:57.006550,84.05963,84.54425,85.64968
2022-01-13 09:59:57.502629,83.85417,84.184,85.64968
2022-01-13 09:59:58.003196,84.26632,84.85375,85.57051
2022-01-13 09:59:58.508623,83.7502,84.08,85.57051
2022-01-13 09:59:59.006215,83.90492,84.54425,86.00312
2022-01-13 09:59:59.501742,84.11161,84.3895,86.00312
