時間,回転１,回転２,回転３
2022-01-26 19:00:00.006463,0.0,0.0,0.0
2022-01-26 19:00:00.510423,0.0,0.0,0.0
2022-01-26 19:00:01.009872,0.0,0.0,0.0
2022-01-26 19:00:01.505759,0.0,0.0,0.0
2022-01-26 19:00:02.003076,0.0,0.0,0.0
2022-01-26 19:00:02.509636,0.0,0.0,0.0
2022-01-26 19:00:03.010198,0.0,0.0,0.0
2022-01-26 19:00:03.504269,0.0,0.0,0.0
2022-01-26 19:00:04.001358,0.0,0.0,0.0
2022-01-26 19:00:04.505882,0.0,0.0,0.0
2022-01-26 19:00:05.003810,0.0,0.0,0.0
2022-01-26 19:00:05.509203,0.0,0.0,0.0
2022-01-26 19:00:06.006611,0.0,0.0,0.0
2022-01-26 19:00:06.511193,0.0,0.0,0.0
2022-01-26 19:00:07.008093,0.0,0.0,0.0
2022-01-26 19:00:07.501961,0.0,0.0,0.0
2022-01-26 19:00:08.008169,0.0,0.0,0.0
2022-01-26 19:00:08.504198,0.0,0.0,0.0
2022-01-26 19:00:09.001456,0.0,0.0,0.0
2022-01-26 19:00:09.506740,0.0,0.0,0.0
2022-01-26 19:00:10.003065,0.0,0.0,0.0
2022-01-26 19:00:10.506241,0.0,0.0,0.0
2022-01-26 19:00:11.004323,0.0,0.0,0.0
2022-01-26 19:00:11.507651,0.0,0.0,0.0
2022-01-26 19:00:12.005130,0.0,0.0,0.0
2022-01-26 19:00:12.510789,0.0,0.0,0.0
2022-01-26 19:00:13.011234,0.0,0.0,0.0
2022-01-26 19:00:13.505323,0.0,0.0,0.0
2022-01-26 19:00:14.004127,0.0,0.0,0.0
2022-01-26 19:00:14.509804,0.0,0.0,0.0
2022-01-26 19:00:15.008154,0.0,0.0,0.0
2022-01-26 19:00:15.503169,0.0,0.0,0.0
2022-01-26 19:00:16.505793,0.0,0.0,0.0
2022-01-26 19:00:17.004330,0.0,0.0,0.0
2022-01-26 19:00:17.501464,0.0,0.0,0.0
2022-01-26 19:00:18.007562,0.0,0.0,0.0
2022-01-26 19:00:18.503052,0.0,0.0,0.0
2022-01-26 19:00:19.011110,0.0,0.0,0.0
2022-01-26 19:00:19.507040,0.0,0.0,0.0
2022-01-26 19:00:20.005544,0.0,0.0,0.0
2022-01-26 19:00:20.510756,0.0,0.0,0.0
2022-01-26 19:00:21.007482,0.0,0.0,0.0
2022-01-26 19:00:21.502723,0.0,0.0,0.0
2022-01-26 19:00:22.002441,0.0,0.0,0.0
2022-01-26 19:00:22.507041,0.0,0.0,0.0
2022-01-26 19:00:23.004214,0.0,0.0,0.0
2022-01-26 19:00:23.511366,0.0,0.0,0.0
2022-01-26 19:00:24.009549,0.0,0.0,0.0
2022-01-26 19:00:24.503487,0.0,0.0,0.0
2022-01-26 19:00:25.010942,0.0,0.0,0.0
2022-01-26 19:00:25.505304,0.0,0.0,0.0
2022-01-26 19:00:26.003358,0.0,0.0,0.0
2022-01-26 19:00:26.508222,0.0,0.0,0.0
2022-01-26 19:00:27.006016,0.0,0.0,0.0
2022-01-26 19:00:27.502088,0.0,0.0,0.0
2022-01-26 19:00:28.007776,0.0,0.0,0.0
2022-01-26 19:00:28.505143,0.0,0.0,0.0
2022-01-26 19:00:29.003700,0.0,0.0,0.0
2022-01-26 19:00:29.508110,0.0,0.0,0.0
2022-01-26 19:00:30.004940,0.0,0.0,0.0
2022-01-26 19:00:30.509377,0.0,0.0,0.0
2022-01-26 19:00:31.006198,0.0,0.0,0.0
2022-01-26 19:00:31.510524,0.0,0.0,0.0
2022-01-26 19:00:32.008746,0.0,0.0,0.0
2022-01-26 19:00:32.502438,0.0,0.0,0.0
2022-01-26 19:00:33.011248,0.0,0.0,0.0
2022-01-26 19:00:33.503472,0.0,0.0,0.0
2022-01-26 19:00:34.001917,0.0,0.0,0.0
2022-01-26 19:00:34.505946,0.0,0.0,0.0
2022-01-26 19:00:35.004194,0.0,0.0,0.0
2022-01-26 19:00:35.510185,0.0,0.0,0.0
2022-01-26 19:00:36.007699,0.0,0.0,0.0
2022-01-26 19:00:36.503558,0.0,0.0,0.0
2022-01-26 19:00:37.011194,0.0,0.0,0.0
2022-01-26 19:00:37.506058,0.0,0.0,0.0
2022-01-26 19:00:38.003871,0.0,0.0,0.0
2022-01-26 19:00:38.508488,0.0,0.0,0.0
2022-01-26 19:00:39.007170,0.0,0.0,0.0
2022-01-26 19:00:39.511044,0.0,0.0,0.0
2022-01-26 19:00:40.007715,0.0,0.0,0.0
2022-01-26 19:00:40.502346,0.0,0.0,0.0
2022-01-26 19:00:41.009898,0.0,0.0,0.0
2022-01-26 19:00:41.503547,0.0,0.0,0.0
2022-01-26 19:00:42.001540,0.0,0.0,0.0
2022-01-26 19:00:42.507958,0.0,0.0,0.0
2022-01-26 19:00:43.005738,0.0,0.0,0.0
2022-01-26 19:00:43.509954,0.0,0.0,0.0
2022-01-26 19:00:44.007623,0.0,0.0,0.0
2022-01-26 19:00:44.502525,0.0,0.0,0.0
2022-01-26 19:00:45.010508,0.0,0.0,0.0
2022-01-26 19:00:45.506134,0.0,0.0,0.0
2022-01-26 19:00:46.002791,0.0,0.0,0.0
2022-01-26 19:00:46.507682,0.0,0.0,0.0
2022-01-26 19:00:47.006000,0.0,0.0,0.0
2022-01-26 19:00:47.510229,0.0,0.0,0.0
2022-01-26 19:00:48.009032,0.0,0.0,0.0
2022-01-26 19:00:48.503202,0.0,0.0,0.0
2022-01-26 19:00:49.010372,0.0,0.0,0.0
2022-01-26 19:00:49.507238,0.0,0.0,0.0
2022-01-26 19:00:50.003947,0.0,0.0,0.0
2022-01-26 19:00:50.507991,0.0,0.0,0.0
2022-01-26 19:00:51.005054,0.0,0.0,0.0
2022-01-26 19:00:51.508008,0.0,0.0,0.0
2022-01-26 19:00:52.005695,0.0,0.0,0.0
2022-01-26 19:00:52.508438,0.0,0.0,0.0
2022-01-26 19:00:53.005940,0.0,0.0,0.0
2022-01-26 19:00:53.510673,0.0,0.0,0.0
2022-01-26 19:00:54.007885,0.0,0.0,0.0
2022-01-26 19:00:54.504070,0.0,0.0,0.0
2022-01-26 19:00:55.010987,0.0,0.0,0.0
2022-01-26 19:00:55.505132,0.0,0.0,0.0
2022-01-26 19:00:56.002066,0.0,0.0,0.0
2022-01-26 19:00:56.506030,0.0,0.0,0.0
2022-01-26 19:00:57.002934,0.0,0.0,0.0
2022-01-26 19:00:57.506739,0.0,0.0,0.0
2022-01-26 19:00:58.004480,0.0,0.0,0.0
2022-01-26 19:00:58.509916,0.0,0.0,0.0
2022-01-26 19:00:59.006417,0.0,0.0,0.0
2022-01-26 19:01:00.004859,0.0,0.0,0.0
2022-01-26 19:01:00.508673,0.0,0.0,0.0
2022-01-26 19:01:01.006710,0.0,0.0,0.0
2022-01-26 19:01:01.510455,0.0,0.0,0.0
2022-01-26 19:01:02.007770,0.0,0.0,0.0
2022-01-26 19:01:02.502160,0.0,0.0,0.0
2022-01-26 19:01:03.001764,0.0,0.0,0.0
2022-01-26 19:01:03.506078,0.0,0.0,0.0
2022-01-26 19:01:04.004499,0.0,0.0,0.0
2022-01-26 19:01:04.509316,0.0,0.0,0.0
2022-01-26 19:01:05.007076,0.0,0.0,0.0
2022-01-26 19:01:05.502880,0.0,0.0,0.0
2022-01-26 19:01:06.010427,0.0,0.0,0.0
2022-01-26 19:01:06.504338,0.0,0.0,0.0
2022-01-26 19:01:07.002197,0.0,0.0,0.0
2022-01-26 19:01:07.507945,0.0,0.0,0.0
2022-01-26 19:01:08.004877,0.0,0.0,0.0
2022-01-26 19:01:08.509245,0.0,0.0,0.0
2022-01-26 19:01:09.006634,0.0,0.0,0.0
2022-01-26 19:01:09.501235,0.0,0.0,0.0
2022-01-26 19:01:10.008070,0.0,0.0,0.0
2022-01-26 19:01:10.503216,0.0,0.0,0.0
2022-01-26 19:01:11.009925,0.0,0.0,0.0
2022-01-26 19:01:11.503507,0.0,0.0,0.0
2022-01-26 19:01:12.002957,0.0,0.0,0.0
2022-01-26 19:01:12.506567,0.0,0.0,0.0
2022-01-26 19:01:13.005977,0.0,0.0,0.0
2022-01-26 19:01:13.510106,0.0,0.0,0.0
2022-01-26 19:01:14.009013,0.0,0.0,0.0
2022-01-26 19:01:14.502777,0.0,0.0,0.0
2022-01-26 19:01:15.001622,0.0,0.0,0.0
2022-01-26 19:01:15.505750,0.0,0.0,0.0
2022-01-26 19:01:16.002655,0.0,0.0,0.0
2022-01-26 19:01:16.508239,0.0,0.0,0.0
2022-01-26 19:01:17.002163,0.0,0.0,0.0
2022-01-26 19:01:17.506412,0.0,0.0,0.0
2022-01-26 19:01:18.003713,0.0,0.0,0.0
2022-01-26 19:01:18.509653,0.0,0.0,0.0
2022-01-26 19:01:19.006360,0.0,0.0,0.0
2022-01-26 19:01:19.501805,0.0,0.0,0.0
2022-01-26 19:01:20.009499,0.0,0.0,0.0
2022-01-26 19:01:20.503568,0.0,0.0,0.0
2022-01-26 19:01:21.001684,0.0,0.0,0.0
2022-01-26 19:01:21.509891,0.0,0.0,0.0
2022-01-26 19:01:22.007177,0.0,0.0,0.0
2022-01-26 19:01:22.503145,0.0,0.0,0.0
2022-01-26 19:01:23.002384,0.0,0.0,0.0
2022-01-26 19:01:23.511327,0.0,0.0,0.0
2022-01-26 19:01:24.008933,0.0,0.0,0.0
2022-01-26 19:01:24.502717,0.0,0.0,0.0
2022-01-26 19:01:25.002099,0.0,0.0,0.0
2022-01-26 19:01:25.509102,0.0,0.0,0.0
2022-01-26 19:01:26.005664,0.0,0.0,0.0
2022-01-26 19:01:26.509957,0.0,0.0,0.0
2022-01-26 19:01:27.007451,0.0,0.0,0.0
2022-01-26 19:01:27.501141,0.0,0.0,0.0
2022-01-26 19:01:28.010098,0.0,0.0,0.0
2022-01-26 19:01:28.503608,0.0,0.0,0.0
2022-01-26 19:01:29.002648,0.0,0.0,0.0
2022-01-26 19:01:29.507143,0.0,0.0,0.0
2022-01-26 19:01:30.005186,0.0,0.0,0.0
2022-01-26 19:01:30.502111,0.0,0.0,0.0
2022-01-26 19:01:31.008703,0.0,0.0,0.0
2022-01-26 19:01:31.504955,0.0,0.0,0.0
2022-01-26 19:01:32.003027,0.0,0.0,0.0
2022-01-26 19:01:32.506035,0.0,0.0,0.0
2022-01-26 19:01:33.003942,0.0,0.0,0.0
2022-01-26 19:01:33.508523,0.0,0.0,0.0
2022-01-26 19:01:34.006771,0.0,0.0,0.0
2022-01-26 19:01:34.501780,0.0,0.0,0.0
2022-01-26 19:01:35.001276,0.0,0.0,0.0
2022-01-26 19:01:35.506911,0.0,0.0,0.0
2022-01-26 19:01:36.004447,0.0,0.0,0.0
2022-01-26 19:01:36.508697,0.0,0.0,0.0
2022-01-26 19:01:37.005981,0.0,0.0,0.0
2022-01-26 19:01:37.510738,0.0,0.0,0.0
2022-01-26 19:01:38.007059,0.0,0.0,0.0
2022-01-26 19:01:38.502014,0.0,0.0,0.0
2022-01-26 19:01:39.009343,0.0,0.0,0.0
2022-01-26 19:01:39.506003,0.0,0.0,0.0
2022-01-26 19:01:40.002976,0.0,0.0,0.0
2022-01-26 19:01:40.506700,0.0,0.0,0.0
2022-01-26 19:01:41.003675,0.0,0.0,0.0
2022-01-26 19:01:41.508847,0.0,0.0,0.0
2022-01-26 19:01:42.005555,0.0,0.0,0.0
2022-01-26 19:01:42.510690,0.0,0.0,0.0
2022-01-26 19:01:43.007190,0.0,0.0,0.0
2022-01-26 19:01:43.504530,0.0,0.0,0.0
2022-01-26 19:01:44.004147,0.0,0.0,0.0
2022-01-26 19:01:44.508155,0.0,0.0,0.0
2022-01-26 19:01:45.004523,0.0,0.0,0.0
2022-01-26 19:01:45.508214,0.0,0.0,0.0
2022-01-26 19:01:46.004409,0.0,0.0,0.0
2022-01-26 19:01:46.508537,0.0,0.0,0.0
2022-01-26 19:01:47.006663,0.0,0.0,0.0
2022-01-26 19:01:47.509381,0.0,0.0,0.0
2022-01-26 19:01:48.006216,0.0,0.0,0.0
2022-01-26 19:01:48.501868,0.0,0.0,0.0
2022-01-26 19:01:49.007888,0.0,0.0,0.0
2022-01-26 19:01:49.502840,0.0,0.0,0.0
2022-01-26 19:01:50.009407,0.0,0.0,0.0
2022-01-26 19:01:50.504231,0.0,0.0,0.0
2022-01-26 19:01:51.010659,0.0,0.0,0.0
2022-01-26 19:01:51.504231,0.0,0.0,0.0
2022-01-26 19:01:52.506061,0.0,0.0,0.0
2022-01-26 19:01:53.003032,0.0,0.0,0.0
2022-01-26 19:01:53.509309,0.0,0.0,0.0
2022-01-26 19:01:54.007514,0.0,0.0,0.0
2022-01-26 19:01:54.501556,0.0,0.0,0.0
2022-01-26 19:01:55.009073,0.0,0.0,0.0
2022-01-26 19:01:55.504354,0.0,0.0,0.0
2022-01-26 19:01:56.003046,0.0,0.0,0.0
2022-01-26 19:01:56.507109,0.0,0.0,0.0
2022-01-26 19:01:57.004351,0.0,0.0,0.0
2022-01-26 19:01:57.510095,0.0,0.0,0.0
2022-01-26 19:01:58.009275,0.0,0.0,0.0
2022-01-26 19:01:58.504036,0.0,0.0,0.0
2022-01-26 19:01:59.000783,0.0,0.0,0.0
2022-01-26 19:01:59.505547,0.0,0.0,0.0
2022-01-26 19:02:00.003551,0.0,0.0,0.0
2022-01-26 19:02:00.509401,0.0,0.0,0.0
2022-01-26 19:02:01.006771,0.0,0.0,0.0
2022-01-26 19:02:01.502436,0.0,0.0,0.0
2022-01-26 19:02:02.009650,0.0,0.0,0.0
2022-01-26 19:02:02.502952,0.0,0.0,0.0
2022-01-26 19:02:03.009784,0.0,0.0,0.0
2022-01-26 19:02:03.504243,0.0,0.0,0.0
2022-01-26 19:02:04.002911,0.0,0.0,0.0
2022-01-26 19:02:04.507513,0.0,0.0,0.0
2022-01-26 19:02:05.005884,0.0,0.0,0.0
2022-01-26 19:02:05.501400,0.0,0.0,0.0
2022-01-26 19:02:06.010178,0.0,0.0,0.0
2022-01-26 19:02:06.505018,0.0,0.0,0.0
2022-01-26 19:02:07.002665,0.0,0.0,0.0
2022-01-26 19:02:07.508642,0.0,0.0,0.0
2022-01-26 19:02:08.006970,0.0,0.0,0.0
2022-01-26 19:02:08.510939,0.0,0.0,0.0
2022-01-26 19:02:09.007514,0.0,0.0,0.0
2022-01-26 19:02:09.504214,0.0,0.0,0.0
2022-01-26 19:02:10.010563,0.0,0.0,0.0
2022-01-26 19:02:10.503267,0.0,0.0,0.0
2022-01-26 19:02:11.001435,0.0,0.0,0.0
2022-01-26 19:02:11.507282,0.0,0.0,0.0
2022-01-26 19:02:12.004243,0.0,0.0,0.0
2022-01-26 19:02:12.509807,0.0,0.0,0.0
2022-01-26 19:02:13.007017,0.0,0.0,0.0
2022-01-26 19:02:13.511015,0.0,0.0,0.0
2022-01-26 19:02:14.008451,0.0,0.0,0.0
2022-01-26 19:02:14.504769,0.0,0.0,0.0
2022-01-26 19:02:15.002973,0.0,0.0,0.0
2022-01-26 19:02:15.508838,0.0,0.0,0.0
2022-01-26 19:02:16.006782,0.0,0.0,0.0
2022-01-26 19:02:16.502450,0.0,0.0,0.0
2022-01-26 19:02:17.009507,0.0,0.0,0.0
2022-01-26 19:02:17.503719,0.0,0.0,0.0
2022-01-26 19:02:18.011143,0.0,0.0,0.0
2022-01-26 19:02:18.505817,0.0,0.0,0.0
2022-01-26 19:02:19.003557,0.0,0.0,0.0
2022-01-26 19:02:19.508039,0.0,0.0,0.0
2022-01-26 19:02:20.007529,0.0,0.0,0.0
2022-01-26 19:02:20.510811,0.0,0.0,0.0
2022-01-26 19:02:21.008342,0.0,0.0,0.0
2022-01-26 19:02:21.503076,0.0,0.0,0.0
2022-01-26 19:02:22.010033,0.0,0.0,0.0
2022-01-26 19:02:22.504970,0.0,0.0,0.0
2022-01-26 19:02:23.002671,0.0,0.0,0.0
2022-01-26 19:02:23.506590,0.0,0.0,0.0
2022-01-26 19:02:24.005134,0.0,0.0,0.0
2022-01-26 19:02:24.509132,0.0,0.0,0.0
2022-01-26 19:02:25.005730,0.0,0.0,0.0
2022-01-26 19:02:25.501253,0.0,0.0,0.0
2022-01-26 19:02:26.008875,0.0,0.0,0.0
2022-01-26 19:02:26.502573,0.0,0.0,0.0
2022-01-26 19:02:27.010977,0.0,0.0,0.0
2022-01-26 19:02:27.505329,0.0,0.0,0.0
2022-01-26 19:02:28.002937,0.0,0.0,0.0
2022-01-26 19:02:28.507649,0.0,0.0,0.0
2022-01-26 19:02:29.005925,0.0,0.0,0.0
2022-01-26 19:02:29.509465,0.0,0.0,0.0
2022-01-26 19:02:30.007688,0.0,0.0,0.0
2022-01-26 19:02:30.511002,0.0,0.0,0.0
2022-01-26 19:02:31.009792,0.0,0.0,0.0
2022-01-26 19:02:31.503104,0.0,0.0,0.0
2022-01-26 19:02:32.010772,0.0,0.0,0.0
2022-01-26 19:02:32.504676,0.0,0.0,0.0
2022-01-26 19:02:33.001405,0.0,0.0,0.0
2022-01-26 19:02:33.507640,0.0,0.0,0.0
2022-01-26 19:02:34.005431,0.0,0.0,0.0
2022-01-26 19:02:34.509949,0.0,0.0,0.0
2022-01-26 19:02:35.006784,0.0,0.0,0.0
2022-01-26 19:02:35.510488,0.0,0.0,0.0
2022-01-26 19:02:36.009542,0.0,0.0,0.0
2022-01-26 19:02:36.503090,0.0,0.0,0.0
2022-01-26 19:02:37.505691,0.0,0.0,0.0
2022-01-26 19:02:38.003507,0.0,0.0,0.0
2022-01-26 19:02:38.509110,0.0,0.0,0.0
2022-01-26 19:02:39.007123,0.0,0.0,0.0
2022-01-26 19:02:39.510731,0.0,0.0,0.0
2022-01-26 19:02:40.009689,0.0,0.0,0.0
2022-01-26 19:02:40.503511,0.0,0.0,0.0
2022-01-26 19:02:41.010669,0.0,0.0,0.0
2022-01-26 19:02:41.504960,0.0,0.0,0.0
2022-01-26 19:02:42.002368,0.0,0.0,0.0
2022-01-26 19:02:42.506723,0.0,0.0,0.0
2022-01-26 19:02:43.004375,0.0,0.0,0.0
2022-01-26 19:02:43.509822,0.0,0.0,0.0
2022-01-26 19:02:44.006218,0.0,0.0,0.0
2022-01-26 19:02:44.510901,0.0,0.0,0.0
2022-01-26 19:02:45.003398,0.0,0.0,0.0
2022-01-26 19:02:45.508785,0.0,0.0,0.0
2022-01-26 19:02:46.005699,0.0,0.0,0.0
2022-01-26 19:02:46.510304,0.0,0.0,0.0
2022-01-26 19:02:47.007410,0.0,0.0,0.0
2022-01-26 19:02:47.503565,0.0,0.0,0.0
2022-01-26 19:02:48.011182,0.0,0.0,0.0
2022-01-26 19:02:48.505962,0.0,0.0,0.0
2022-01-26 19:02:49.002986,0.0,0.0,0.0
2022-01-26 19:02:49.509320,0.0,0.0,0.0
2022-01-26 19:02:50.005934,0.0,0.0,0.0
2022-01-26 19:02:50.510117,0.0,0.0,0.0
2022-01-26 19:02:51.007759,0.0,0.0,0.0
2022-01-26 19:02:51.503913,0.0,0.0,0.0
2022-01-26 19:02:52.008954,0.0,0.0,0.0
2022-01-26 19:02:52.506918,0.0,0.0,0.0
2022-01-26 19:02:53.004607,0.0,0.0,0.0
2022-01-26 19:02:53.509259,0.0,0.0,0.0
2022-01-26 19:02:54.006958,0.0,0.0,0.0
2022-01-26 19:02:54.502113,0.0,0.0,0.0
2022-01-26 19:02:55.008872,0.0,0.0,0.0
2022-01-26 19:02:55.503300,0.0,0.0,0.0
2022-01-26 19:02:56.010792,0.0,0.0,0.0
2022-01-26 19:02:56.504894,0.0,0.0,0.0
2022-01-26 19:02:57.003765,0.0,0.0,0.0
2022-01-26 19:02:57.509713,0.0,0.0,0.0
2022-01-26 19:02:58.008177,0.0,0.0,0.0
2022-01-26 19:02:58.502320,0.0,0.0,0.0
2022-01-26 19:02:59.011060,0.0,0.0,0.0
2022-01-26 19:02:59.503827,0.0,0.0,0.0
2022-01-26 19:03:00.001907,0.0,0.0,0.0
2022-01-26 19:03:00.506633,0.0,0.0,0.0
2022-01-26 19:03:01.003243,0.0,0.0,0.0
2022-01-26 19:03:01.509320,0.0,0.0,0.0
2022-01-26 19:03:02.005943,0.0,0.0,0.0
2022-01-26 19:03:02.511426,0.0,0.0,0.0
2022-01-26 19:03:03.010574,0.0,0.0,0.0
2022-01-26 19:03:03.505557,0.0,0.0,0.0
2022-01-26 19:03:04.003901,0.0,0.0,0.0
2022-01-26 19:03:04.509303,0.0,0.0,0.0
2022-01-26 19:03:05.007168,0.0,0.0,0.0
2022-01-26 19:03:05.501992,0.0,0.0,0.0
2022-01-26 19:03:06.009621,0.0,0.0,0.0
2022-01-26 19:03:06.503512,0.0,0.0,0.0
2022-01-26 19:03:07.010969,0.0,0.0,0.0
2022-01-26 19:03:07.507375,0.0,0.0,0.0
2022-01-26 19:03:08.006910,0.0,0.0,0.0
2022-01-26 19:03:08.501511,0.0,0.0,0.0
2022-01-26 19:03:09.010221,0.0,0.0,0.0
2022-01-26 19:03:09.504945,0.0,0.0,0.0
2022-01-26 19:03:10.003486,0.0,0.0,0.0
2022-01-26 19:03:10.507304,0.0,0.0,0.0
2022-01-26 19:03:11.004736,0.0,0.0,0.0
2022-01-26 19:03:11.507821,0.0,0.0,0.0
2022-01-26 19:03:12.005349,0.0,0.0,0.0
2022-01-26 19:03:12.510020,0.0,0.0,0.0
2022-01-26 19:03:13.007093,0.0,0.0,0.0
2022-01-26 19:03:14.004959,0.0,0.0,0.0
2022-01-26 19:03:14.501379,0.0,0.0,0.0
2022-01-26 19:03:15.010386,0.0,0.0,0.0
2022-01-26 19:03:15.506725,0.0,0.0,0.0
2022-01-26 19:03:16.003943,0.0,0.0,0.0
2022-01-26 19:03:16.508926,0.0,0.0,0.0
2022-01-26 19:03:17.005473,0.0,0.0,0.0
2022-01-26 19:03:17.501498,0.0,0.0,0.0
2022-01-26 19:03:18.009841,0.0,0.0,0.0
2022-01-26 19:03:18.504634,0.0,0.0,0.0
2022-01-26 19:03:19.002707,0.0,0.0,0.0
2022-01-26 19:03:19.509247,0.0,0.0,0.0
2022-01-26 19:03:20.006756,0.0,0.0,0.0
2022-01-26 19:03:20.510374,0.0,0.0,0.0
2022-01-26 19:03:21.008735,0.0,0.0,0.0
2022-01-26 19:03:21.503030,0.0,0.0,0.0
2022-01-26 19:03:22.011108,0.0,0.0,0.0
2022-01-26 19:03:22.506498,0.0,0.0,0.0
2022-01-26 19:03:23.006269,0.0,0.0,0.0
2022-01-26 19:03:23.503474,0.0,0.0,0.0
2022-01-26 19:03:24.010856,0.0,0.0,0.0
2022-01-26 19:03:24.506682,0.0,0.0,0.0
2022-01-26 19:03:25.004143,0.0,0.0,0.0
2022-01-26 19:03:25.509624,0.0,0.0,0.0
2022-01-26 19:03:26.006322,0.0,0.0,0.0
2022-01-26 19:03:26.503815,0.0,0.0,0.0
2022-01-26 19:03:27.001542,0.0,0.0,0.0
2022-01-26 19:03:27.506177,0.0,0.0,0.0
2022-01-26 19:03:28.002933,0.0,0.0,0.0
2022-01-26 19:03:28.503395,0.0,0.0,0.0
2022-01-26 19:03:29.001510,0.0,0.0,0.0
2022-01-26 19:03:29.507929,0.0,0.0,0.0
2022-01-26 19:03:30.004766,0.0,0.0,0.0
2022-01-26 19:03:30.510720,0.0,0.0,0.0
2022-01-26 19:03:31.010946,0.0,0.0,0.0
2022-01-26 19:03:31.505913,0.0,0.0,0.0
2022-01-26 19:03:32.004370,0.0,0.0,0.0
2022-01-26 19:03:32.509700,0.0,0.0,0.0
2022-01-26 19:03:33.005972,0.0,0.0,0.0
2022-01-26 19:03:33.511306,0.0,0.0,0.0
2022-01-26 19:03:34.008630,0.0,0.0,0.0
2022-01-26 19:03:34.502841,0.0,0.0,0.0
2022-01-26 19:03:35.001944,0.0,0.0,0.0
2022-01-26 19:03:35.506946,0.0,0.0,0.0
2022-01-26 19:03:36.004462,0.0,0.0,0.0
2022-01-26 19:03:36.510089,0.0,0.0,0.0
2022-01-26 19:03:37.008241,0.0,0.0,0.0
2022-01-26 19:03:37.505492,0.0,0.0,0.0
2022-01-26 19:03:38.006214,0.0,0.0,0.0
2022-01-26 19:03:38.510351,0.0,0.0,0.0
2022-01-26 19:03:39.008039,0.0,0.0,0.0
2022-01-26 19:03:39.503572,0.0,0.0,0.0
2022-01-26 19:03:40.001460,0.0,0.0,0.0
2022-01-26 19:03:40.506762,0.0,0.0,0.0
2022-01-26 19:03:41.005284,0.0,0.0,0.0
2022-01-26 19:03:41.509670,0.0,0.0,0.0
2022-01-26 19:03:42.004638,0.0,0.0,0.0
2022-01-26 19:03:42.509312,0.0,0.0,0.0
2022-01-26 19:03:43.001235,0.0,0.0,0.0
2022-01-26 19:03:43.509911,0.0,0.0,0.0
2022-01-26 19:03:44.005924,0.0,0.0,0.0
2022-01-26 19:03:44.503365,0.0,0.0,0.0
2022-01-26 19:03:45.006827,0.0,0.0,0.0
2022-01-26 19:03:45.509475,0.0,0.0,0.0
2022-01-26 19:03:46.008109,0.0,0.0,0.0
2022-01-26 19:03:46.505644,0.0,0.0,0.0
2022-01-26 19:03:47.001753,0.0,0.0,0.0
2022-01-26 19:03:47.502161,0.0,0.0,0.0
2022-01-26 19:03:48.007851,0.0,0.0,0.0
2022-01-26 19:03:48.508689,0.0,0.0,0.0
2022-01-26 19:03:49.006486,0.0,0.0,0.0
2022-01-26 19:03:49.510068,0.0,0.0,0.0
2022-01-26 19:03:50.007200,0.0,0.0,0.0
2022-01-26 19:03:50.511471,0.0,0.0,0.0
2022-01-26 19:03:51.010545,0.0,0.0,0.0
2022-01-26 19:03:51.507621,0.0,0.0,0.0
2022-01-26 19:03:52.004225,0.0,0.0,0.0
2022-01-26 19:03:52.506135,0.0,0.0,0.0
2022-01-26 19:03:53.003606,0.0,0.0,0.0
2022-01-26 19:03:53.508619,0.0,0.0,0.0
2022-01-26 19:03:54.003138,0.0,0.0,0.0
2022-01-26 19:03:54.510495,0.0,0.0,0.0
2022-01-26 19:03:55.009860,0.0,0.0,0.0
2022-01-26 19:03:55.505873,0.0,0.0,0.0
2022-01-26 19:03:56.010496,0.0,0.0,0.0
2022-01-26 19:03:56.504504,0.0,0.0,0.0
2022-01-26 19:03:57.002687,0.0,0.0,0.0
2022-01-26 19:03:57.506429,0.0,0.0,0.0
2022-01-26 19:03:58.005511,0.0,0.0,0.0
2022-01-26 19:03:58.509522,0.0,0.0,0.0
2022-01-26 19:03:59.006024,0.0,0.0,0.0
2022-01-26 19:03:59.510040,0.0,0.0,0.0
2022-01-26 19:04:00.009275,0.0,0.0,0.0
2022-01-26 19:04:00.502407,0.0,0.0,0.0
2022-01-26 19:04:01.001513,0.0,0.0,0.0
2022-01-26 19:04:01.504901,0.0,0.0,0.0
2022-01-26 19:04:02.010864,0.0,0.0,0.0
2022-01-26 19:04:02.505276,0.0,0.0,0.0
2022-01-26 19:04:03.002410,0.0,0.0,0.0
2022-01-26 19:04:03.506915,0.0,0.0,0.0
2022-01-26 19:04:04.007612,0.0,0.0,0.0
2022-01-26 19:04:04.502820,0.0,0.0,0.0
2022-01-26 19:04:05.010478,0.0,0.0,0.0
2022-01-26 19:04:05.504904,0.0,0.0,0.0
2022-01-26 19:04:06.001046,0.0,0.0,0.0
2022-01-26 19:04:06.505485,0.0,0.0,0.0
2022-01-26 19:04:07.003410,0.0,0.0,0.0
2022-01-26 19:04:07.507745,0.0,0.0,0.0
2022-01-26 19:04:08.007042,0.0,0.0,0.0
2022-01-26 19:04:08.500961,0.0,0.0,0.0
2022-01-26 19:04:09.007038,0.0,0.0,0.0
2022-01-26 19:04:09.505918,0.0,0.0,0.0
2022-01-26 19:04:10.004624,0.0,0.0,0.0
2022-01-26 19:04:10.509965,0.0,0.0,0.0
2022-01-26 19:04:11.007269,0.0,0.0,0.0
2022-01-26 19:04:11.503003,0.0,0.0,0.0
2022-01-26 19:04:12.011080,0.0,0.0,0.0
2022-01-26 19:04:12.507822,0.0,0.0,0.0
2022-01-26 19:04:13.004060,0.0,0.0,0.0
2022-01-26 19:04:13.508924,0.0,0.0,0.0
2022-01-26 19:04:14.003151,0.0,0.0,0.0
2022-01-26 19:04:14.507194,0.0,0.0,0.0
2022-01-26 19:04:15.004505,0.0,0.0,0.0
2022-01-26 19:04:15.509356,0.0,0.0,0.0
2022-01-26 19:04:16.006431,0.0,0.0,0.0
2022-01-26 19:04:16.501420,0.0,0.0,0.0
2022-01-26 19:04:17.010961,0.0,0.0,0.0
2022-01-26 19:04:17.506994,0.0,0.0,0.0
2022-01-26 19:04:18.004939,0.0,0.0,0.0
2022-01-26 19:04:18.509392,0.0,0.0,0.0
2022-01-26 19:04:19.007097,0.0,0.0,0.0
2022-01-26 19:04:19.501128,0.0,0.0,0.0
2022-01-26 19:04:20.008724,0.0,0.0,0.0
2022-01-26 19:04:20.505377,0.0,0.0,0.0
2022-01-26 19:04:21.003277,0.0,0.0,0.0
2022-01-26 19:04:21.508664,0.0,0.0,0.0
2022-01-26 19:04:22.007382,0.0,0.0,0.0
2022-01-26 19:04:22.504020,0.0,0.0,0.0
2022-01-26 19:04:23.010683,0.0,0.0,0.0
2022-01-26 19:04:23.505755,0.0,0.0,0.0
2022-01-26 19:04:24.003263,0.0,0.0,0.0
2022-01-26 19:04:24.507955,0.0,0.0,0.0
2022-01-26 19:04:25.005787,0.0,0.0,0.0
2022-01-26 19:04:25.510143,0.0,0.0,0.0
2022-01-26 19:04:26.009185,0.0,0.0,0.0
2022-01-26 19:04:26.503025,0.0,0.0,0.0
2022-01-26 19:04:27.010591,0.0,0.0,0.0
2022-01-26 19:04:27.504617,0.0,0.0,0.0
2022-01-26 19:04:28.001447,0.0,0.0,0.0
2022-01-26 19:04:28.504523,0.0,0.0,0.0
2022-01-26 19:04:29.002722,0.0,0.0,0.0
2022-01-26 19:04:29.508661,0.0,0.0,0.0
2022-01-26 19:04:30.003563,0.0,0.0,0.0
2022-01-26 19:04:30.506810,0.0,0.0,0.0
2022-01-26 19:04:31.005635,0.0,0.0,0.0
2022-01-26 19:04:31.509820,0.0,0.0,0.0
2022-01-26 19:04:32.006394,0.0,0.0,0.0
2022-01-26 19:04:32.511241,0.0,0.0,0.0
2022-01-26 19:04:33.010197,0.0,0.0,0.0
2022-01-26 19:04:33.505083,0.0,0.0,0.0
2022-01-26 19:04:34.002724,0.0,0.0,0.0
2022-01-26 19:04:34.507535,0.0,0.0,0.0
2022-01-26 19:04:35.006182,0.0,0.0,0.0
2022-01-26 19:04:35.510398,0.0,0.0,0.0
2022-01-26 19:04:36.007370,0.0,0.0,0.0
2022-01-26 19:04:36.507265,0.0,0.0,0.0
2022-01-26 19:04:37.005865,0.0,0.0,0.0
2022-01-26 19:04:37.501711,0.0,0.0,0.0
2022-01-26 19:04:38.010631,0.0,0.0,0.0
2022-01-26 19:04:38.505239,0.0,0.0,0.0
2022-01-26 19:04:39.003624,0.0,0.0,0.0
2022-01-26 19:04:39.507265,0.0,0.0,0.0
2022-01-26 19:04:40.005951,0.0,0.0,0.0
2022-01-26 19:04:40.511179,0.0,0.0,0.0
2022-01-26 19:04:41.010658,0.0,0.0,0.0
2022-01-26 19:04:41.504132,0.0,0.0,0.0
2022-01-26 19:04:42.011409,0.0,0.0,0.0
2022-01-26 19:04:42.505017,0.0,0.0,0.0
2022-01-26 19:04:43.003702,0.0,0.0,0.0
2022-01-26 19:04:43.509053,0.0,0.0,0.0
2022-01-26 19:04:44.005088,0.0,0.0,0.0
2022-01-26 19:04:44.509703,0.0,0.0,0.0
2022-01-26 19:04:45.005753,0.0,0.0,0.0
2022-01-26 19:04:45.501205,0.0,0.0,0.0
2022-01-26 19:04:46.007470,0.0,0.0,0.0
2022-01-26 19:04:46.501823,0.0,0.0,0.0
2022-01-26 19:04:47.007489,0.0,0.0,0.0
2022-01-26 19:04:48.004905,0.0,0.0,0.0
2022-01-26 19:04:48.510462,0.0,0.0,0.0
2022-01-26 19:04:49.008964,0.0,0.0,0.0
2022-01-26 19:04:49.501936,0.0,0.0,0.0
2022-01-26 19:04:50.010741,0.0,0.0,0.0
2022-01-26 19:04:50.506767,0.0,0.0,0.0
2022-01-26 19:04:51.003360,0.0,0.0,0.0
2022-01-26 19:04:51.506778,0.0,0.0,0.0
2022-01-26 19:04:52.003773,0.0,0.0,0.0
2022-01-26 19:04:52.507742,0.0,0.0,0.0
2022-01-26 19:04:53.005048,0.0,0.0,0.0
2022-01-26 19:04:53.508866,0.0,0.0,0.0
2022-01-26 19:04:54.005048,0.0,0.0,0.0
2022-01-26 19:04:55.005109,0.0,0.0,0.0
2022-01-26 19:04:55.510150,0.0,0.0,0.0
2022-01-26 19:04:56.006606,0.0,0.0,0.0
2022-01-26 19:04:56.507125,0.0,0.0,0.0
2022-01-26 19:04:57.003062,0.0,0.0,0.0
2022-01-26 19:04:57.507156,0.0,0.0,0.0
2022-01-26 19:04:58.004656,0.0,0.0,0.0
2022-01-26 19:04:58.509456,0.0,0.0,0.0
2022-01-26 19:04:59.006815,0.0,0.0,0.0
2022-01-26 19:04:59.502432,0.0,0.0,0.0
2022-01-26 19:05:00.009569,0.0,0.0,0.0
2022-01-26 19:05:00.511139,0.0,0.0,0.0
2022-01-26 19:05:01.007977,0.0,0.0,0.0
2022-01-26 19:05:01.506581,0.0,0.0,0.0
2022-01-26 19:05:02.010136,0.0,0.0,0.0
2022-01-26 19:05:02.505044,0.0,0.0,0.0
2022-01-26 19:05:03.004710,0.0,0.0,0.0
2022-01-26 19:05:03.509655,0.0,0.0,0.0
2022-01-26 19:05:04.007827,0.0,0.0,0.0
2022-01-26 19:05:04.502490,0.0,0.0,0.0
2022-01-26 19:05:05.008048,0.0,0.0,0.0
2022-01-26 19:05:05.501704,0.0,0.0,0.0
2022-01-26 19:05:06.010226,0.0,0.0,0.0
2022-01-26 19:05:06.503073,0.0,0.0,0.0
2022-01-26 19:05:07.007202,0.0,0.0,0.0
2022-01-26 19:05:07.509869,0.0,0.0,0.0
2022-01-26 19:05:08.006579,0.0,0.0,0.0
2022-01-26 19:05:08.510418,0.0,0.0,0.0
2022-01-26 19:05:09.009199,0.0,0.0,0.0
2022-01-26 19:05:09.502837,0.0,0.0,0.0
2022-01-26 19:05:10.001702,0.0,0.0,0.0
2022-01-26 19:05:10.505144,0.0,0.0,0.0
2022-01-26 19:05:11.002686,0.0,0.0,0.0
2022-01-26 19:05:11.504896,0.0,0.0,0.0
2022-01-26 19:05:12.010746,0.0,0.0,0.0
2022-01-26 19:05:12.509761,0.0,0.0,0.0
2022-01-26 19:05:13.010839,0.0,0.0,0.0
2022-01-26 19:05:13.504286,0.0,0.0,0.0
2022-01-26 19:05:14.002947,0.0,0.0,0.0
2022-01-26 19:05:14.507383,0.0,0.0,0.0
2022-01-26 19:05:15.003675,0.0,0.0,0.0
2022-01-26 19:05:15.508609,0.0,0.0,0.0
2022-01-26 19:05:16.006278,0.0,0.0,0.0
2022-01-26 19:05:16.501784,0.0,0.0,0.0
2022-01-26 19:05:17.006209,0.0,0.0,0.0
2022-01-26 19:05:17.509786,0.0,0.0,0.0
2022-01-26 19:05:18.007617,0.0,0.0,0.0
2022-01-26 19:05:18.501912,0.0,0.0,0.0
2022-01-26 19:05:19.011157,0.0,0.0,0.0
2022-01-26 19:05:19.509328,0.0,0.0,0.0
2022-01-26 19:05:20.007169,0.0,0.0,0.0
2022-01-26 19:05:20.503073,0.0,0.0,0.0
2022-01-26 19:05:21.002561,0.0,0.0,0.0
2022-01-26 19:05:21.506156,0.0,0.0,0.0
2022-01-26 19:05:22.003702,0.0,0.0,0.0
2022-01-26 19:05:22.506607,0.0,0.0,0.0
2022-01-26 19:05:23.002538,0.0,0.0,0.0
2022-01-26 19:05:23.505274,0.0,0.0,0.0
2022-01-26 19:05:24.003771,0.0,0.0,0.0
2022-01-26 19:05:24.506791,0.0,0.0,0.0
2022-01-26 19:05:25.006011,0.0,0.0,0.0
2022-01-26 19:05:25.501889,0.0,0.0,0.0
2022-01-26 19:05:26.006288,0.0,0.0,0.0
2022-01-26 19:05:26.509773,0.0,0.0,0.0
2022-01-26 19:05:27.001495,0.0,0.0,0.0
2022-01-26 19:05:27.506190,0.0,0.0,0.0
2022-01-26 19:05:28.004660,0.0,0.0,0.0
2022-01-26 19:05:28.508806,0.0,0.0,0.0
2022-01-26 19:05:29.007165,0.0,0.0,0.0
2022-01-26 19:05:29.503268,0.0,0.0,0.0
2022-01-26 19:05:30.002605,0.0,0.0,0.0
2022-01-26 19:05:30.505966,0.0,0.0,0.0
2022-01-26 19:05:31.010437,0.0,0.0,0.0
2022-01-26 19:05:31.509536,0.0,0.0,0.0
2022-01-26 19:05:32.009014,0.0,0.0,0.0
2022-01-26 19:05:32.502902,0.0,0.0,0.0
2022-01-26 19:05:33.007682,0.0,0.0,0.0
2022-01-26 19:05:33.501524,0.0,0.0,0.0
2022-01-26 19:05:34.006536,0.0,0.0,0.0
2022-01-26 19:05:34.509434,0.0,0.0,0.0
2022-01-26 19:05:35.001649,0.0,0.0,0.0
2022-01-26 19:05:35.505631,0.0,0.0,0.0
2022-01-26 19:05:36.010471,0.0,0.0,0.0
2022-01-26 19:05:36.502673,0.0,0.0,0.0
2022-01-26 19:05:37.002031,0.0,0.0,0.0
2022-01-26 19:05:37.505537,0.0,0.0,0.0
2022-01-26 19:05:38.004083,0.0,0.0,0.0
2022-01-26 19:05:38.509780,0.0,0.0,0.0
2022-01-26 19:05:39.007294,0.0,0.0,0.0
2022-01-26 19:05:39.507895,0.0,0.0,0.0
2022-01-26 19:05:40.010887,0.0,0.0,0.0
2022-01-26 19:05:40.508004,0.0,0.0,0.0
2022-01-26 19:05:41.007291,0.0,0.0,0.0
2022-01-26 19:05:41.500815,0.0,0.0,0.0
2022-01-26 19:05:42.008650,0.0,0.0,0.0
2022-01-26 19:05:42.503441,0.0,0.0,0.0
2022-01-26 19:05:43.007728,0.0,0.0,0.0
2022-01-26 19:05:43.502917,0.0,0.0,0.0
2022-01-26 19:05:44.008635,0.0,0.0,0.0
2022-01-26 19:05:44.503151,0.0,0.0,0.0
2022-01-26 19:05:45.008819,0.0,0.0,0.0
2022-01-26 19:05:45.501924,0.0,0.0,0.0
2022-01-26 19:05:46.008431,0.0,0.0,0.0
2022-01-26 19:05:46.510159,0.0,0.0,0.0
2022-01-26 19:05:47.010782,0.0,0.0,0.0
2022-01-26 19:05:47.508184,0.0,0.0,0.0
2022-01-26 19:05:48.010539,0.0,0.0,0.0
2022-01-26 19:05:48.502208,0.0,0.0,0.0
2022-01-26 19:05:49.004099,0.0,0.0,0.0
2022-01-26 19:05:49.504631,0.0,0.0,0.0
2022-01-26 19:05:50.008780,0.0,0.0,0.0
2022-01-26 19:05:50.503456,0.0,0.0,0.0
2022-01-26 19:05:51.003013,0.0,0.0,0.0
2022-01-26 19:05:51.503068,0.0,0.0,0.0
2022-01-26 19:05:52.010839,0.0,0.0,0.0
2022-01-26 19:05:52.506350,0.0,0.0,0.0
2022-01-26 19:05:53.003525,0.0,0.0,0.0
2022-01-26 19:05:53.508646,0.0,0.0,0.0
2022-01-26 19:05:54.007394,0.0,0.0,0.0
2022-01-26 19:05:54.503427,0.0,0.0,0.0
2022-01-26 19:05:55.006474,0.0,0.0,0.0
2022-01-26 19:05:55.509469,0.0,0.0,0.0
2022-01-26 19:05:56.004070,0.0,0.0,0.0
2022-01-26 19:05:56.507147,0.0,0.0,0.0
2022-01-26 19:05:57.010324,0.0,0.0,0.0
2022-01-26 19:05:57.506602,0.0,0.0,0.0
2022-01-26 19:05:58.007936,0.0,0.0,0.0
2022-01-26 19:05:58.504471,0.0,0.0,0.0
2022-01-26 19:05:59.008477,0.0,0.0,0.0
2022-01-26 19:05:59.510795,0.0,0.0,0.0
2022-01-26 19:06:00.007727,0.0,0.0,0.0
2022-01-26 19:06:00.501744,0.0,0.0,0.0
2022-01-26 19:06:01.007576,0.0,0.0,0.0
2022-01-26 19:06:01.507987,0.0,0.0,0.0
2022-01-26 19:06:02.002553,0.0,0.0,0.0
2022-01-26 19:06:02.507649,0.0,0.0,0.0
2022-01-26 19:06:03.010273,0.0,0.0,0.0
2022-01-26 19:06:03.504847,0.0,0.0,0.0
2022-01-26 19:06:04.506175,0.0,0.0,0.0
2022-01-26 19:06:05.008934,0.0,0.0,0.0
2022-01-26 19:06:05.503500,0.0,0.0,0.0
2022-01-26 19:06:06.010585,0.0,0.0,0.0
2022-01-26 19:06:06.504950,0.0,0.0,0.0
2022-01-26 19:06:07.005562,0.0,0.0,0.0
2022-01-26 19:06:07.510331,0.0,0.0,0.0
2022-01-26 19:06:08.008060,0.0,0.0,0.0
2022-01-26 19:06:08.503323,0.0,0.0,0.0
2022-01-26 19:06:09.010862,0.0,0.0,0.0
2022-01-26 19:06:09.506897,0.0,0.0,0.0
2022-01-26 19:06:10.003352,0.0,0.0,0.0
2022-01-26 19:06:10.508294,0.0,0.0,0.0
2022-01-26 19:06:11.006729,0.0,0.0,0.0
2022-01-26 19:06:11.511195,0.0,0.0,0.0
2022-01-26 19:06:12.009126,0.0,0.0,0.0
2022-01-26 19:06:12.503429,0.0,0.0,0.0
2022-01-26 19:06:13.010843,0.0,0.0,0.0
2022-01-26 19:06:13.505443,0.0,0.0,0.0
2022-01-26 19:06:14.004203,0.0,0.0,0.0
2022-01-26 19:06:14.510473,0.0,0.0,0.0
2022-01-26 19:06:15.007705,0.0,0.0,0.0
2022-01-26 19:06:15.503117,0.0,0.0,0.0
2022-01-26 19:06:16.010918,0.0,0.0,0.0
2022-01-26 19:06:16.505433,0.0,0.0,0.0
2022-01-26 19:06:17.002011,0.0,0.0,0.0
2022-01-26 19:06:17.506564,0.0,0.0,0.0
2022-01-26 19:06:18.004835,0.0,0.0,0.0
2022-01-26 19:06:18.510689,0.0,0.0,0.0
2022-01-26 19:06:19.007740,0.0,0.0,0.0
2022-01-26 19:06:19.503495,0.0,0.0,0.0
2022-01-26 19:06:20.001541,0.0,0.0,0.0
2022-01-26 19:06:20.506414,0.0,0.0,0.0
2022-01-26 19:06:21.003612,0.0,0.0,0.0
2022-01-26 19:06:21.508209,0.0,0.0,0.0
2022-01-26 19:06:22.004874,0.0,0.0,0.0
2022-01-26 19:06:22.510433,0.0,0.0,0.0
2022-01-26 19:06:23.007567,0.0,0.0,0.0
2022-01-26 19:06:23.502002,0.0,0.0,0.0
2022-01-26 19:06:24.010956,0.0,0.0,0.0
2022-01-26 19:06:24.504679,0.0,0.0,0.0
2022-01-26 19:06:25.002536,0.0,0.0,0.0
2022-01-26 19:06:25.507757,0.0,0.0,0.0
2022-01-26 19:06:26.007521,0.0,0.0,0.0
2022-01-26 19:06:26.508312,0.0,0.0,0.0
2022-01-26 19:06:27.002139,0.0,0.0,0.0
2022-01-26 19:06:27.503986,0.0,0.0,0.0
2022-01-26 19:06:28.001851,0.0,0.0,0.0
2022-01-26 19:06:28.504087,0.0,0.0,0.0
2022-01-26 19:06:29.006447,0.0,0.0,0.0
2022-01-26 19:06:29.510356,0.0,0.0,0.0
2022-01-26 19:06:30.002136,0.0,0.0,0.0
2022-01-26 19:06:30.507313,0.0,0.0,0.0
2022-01-26 19:06:31.002986,0.0,0.0,0.0
2022-01-26 19:06:31.506669,0.0,0.0,0.0
2022-01-26 19:06:32.003564,0.0,0.0,0.0
2022-01-26 19:06:32.505606,0.0,0.0,0.0
2022-01-26 19:06:33.006718,0.0,0.0,0.0
2022-01-26 19:06:33.510418,0.0,0.0,0.0
2022-01-26 19:06:34.005318,0.0,0.0,0.0
2022-01-26 19:06:34.507176,0.0,0.0,0.0
2022-01-26 19:06:35.007439,0.0,0.0,0.0
2022-01-26 19:06:35.505345,0.0,0.0,0.0
2022-01-26 19:06:36.002288,0.0,0.0,0.0
2022-01-26 19:06:36.503490,0.0,0.0,0.0
2022-01-26 19:06:37.008109,0.0,0.0,0.0
2022-01-26 19:06:37.501075,0.0,0.0,0.0
2022-01-26 19:06:38.003846,0.0,0.0,0.0
2022-01-26 19:06:38.507574,0.0,0.0,0.0
2022-01-26 19:06:39.002888,0.0,0.0,0.0
2022-01-26 19:06:39.503401,0.0,0.0,0.0
2022-01-26 19:06:40.009707,0.0,0.0,0.0
2022-01-26 19:06:40.504053,0.0,0.0,0.0
2022-01-26 19:06:41.007787,0.0,0.0,0.0
2022-01-26 19:06:41.504099,0.0,0.0,0.0
2022-01-26 19:06:42.006981,0.0,0.0,0.0
2022-01-26 19:06:42.510897,0.0,0.0,0.0
2022-01-26 19:06:43.006604,0.0,0.0,0.0
2022-01-26 19:06:43.511178,0.0,0.0,0.0
2022-01-26 19:06:44.006532,0.0,0.0,0.0
2022-01-26 19:06:44.510406,0.0,0.0,0.0
2022-01-26 19:06:45.004076,0.0,0.0,0.0
2022-01-26 19:06:45.503575,0.0,0.0,0.0
2022-01-26 19:06:46.010467,0.0,0.0,0.0
2022-01-26 19:06:46.508838,0.0,0.0,0.0
2022-01-26 19:06:47.005495,0.0,0.0,0.0
2022-01-26 19:06:47.504040,0.0,0.0,0.0
2022-01-26 19:06:48.010104,0.0,0.0,0.0
2022-01-26 19:06:48.511255,0.0,0.0,0.0
2022-01-26 19:06:49.008050,0.0,0.0,0.0
2022-01-26 19:06:49.501950,0.0,0.0,0.0
2022-01-26 19:06:50.003871,0.0,0.0,0.0
2022-01-26 19:06:50.508574,0.0,0.0,0.0
2022-01-26 19:06:51.003288,0.0,0.0,0.0
2022-01-26 19:06:51.507863,0.0,0.0,0.0
2022-01-26 19:06:52.003377,0.0,0.0,0.0
2022-01-26 19:06:52.507607,0.0,0.0,0.0
2022-01-26 19:06:53.003265,0.0,0.0,0.0
2022-01-26 19:06:53.506216,0.0,0.0,0.0
2022-01-26 19:06:54.003809,0.0,0.0,0.0
2022-01-26 19:06:54.507266,0.0,0.0,0.0
2022-01-26 19:06:55.503038,0.0,0.0,0.0
2022-01-26 19:06:56.007615,0.0,0.0,0.0
2022-01-26 19:06:56.501767,0.0,0.0,0.0
2022-01-26 19:06:57.009700,0.0,0.0,0.0
2022-01-26 19:06:57.504169,0.0,0.0,0.0
2022-01-26 19:06:58.004435,0.0,0.0,0.0
2022-01-26 19:06:58.509068,0.0,0.0,0.0
2022-01-26 19:06:59.003706,0.0,0.0,0.0
2022-01-26 19:06:59.508968,0.0,0.0,0.0
2022-01-26 19:07:00.002189,0.0,0.0,0.0
2022-01-26 19:07:00.507169,0.0,0.0,0.0
2022-01-26 19:07:01.005289,0.0,0.0,0.0
2022-01-26 19:07:01.509258,0.0,0.0,0.0
2022-01-26 19:07:02.006689,0.0,0.0,0.0
2022-01-26 19:07:02.502173,0.0,0.0,0.0
2022-01-26 19:07:03.009525,0.0,0.0,0.0
2022-01-26 19:07:03.502927,0.0,0.0,0.0
2022-01-26 19:07:04.010188,0.0,0.0,0.0
2022-01-26 19:07:04.504611,0.0,0.0,0.0
2022-01-26 19:07:05.002517,0.0,0.0,0.0
2022-01-26 19:07:05.507046,0.0,0.0,0.0
2022-01-26 19:07:06.005469,0.0,0.0,0.0
2022-01-26 19:07:06.509805,0.0,0.0,0.0
2022-01-26 19:07:07.007197,0.0,0.0,0.0
2022-01-26 19:07:07.501184,0.0,0.0,0.0
2022-01-26 19:07:08.008665,0.0,0.0,0.0
2022-01-26 19:07:08.503083,0.0,0.0,0.0
2022-01-26 19:07:09.001742,0.0,0.0,0.0
2022-01-26 19:07:09.505965,0.0,0.0,0.0
2022-01-26 19:07:10.004463,0.0,0.0,0.0
2022-01-26 19:07:10.508784,0.0,0.0,0.0
2022-01-26 19:07:11.006527,0.0,0.0,0.0
2022-01-26 19:07:12.006146,0.0,0.0,0.0
2022-01-26 19:07:12.510077,0.0,0.0,0.0
2022-01-26 19:07:13.007855,0.0,0.0,0.0
2022-01-26 19:07:13.509972,0.0,0.0,0.0
2022-01-26 19:07:14.004668,0.0,0.0,0.0
2022-01-26 19:07:14.507293,0.0,0.0,0.0
2022-01-26 19:07:15.010790,0.0,0.0,0.0
2022-01-26 19:07:15.510719,0.0,0.0,0.0
2022-01-26 19:07:16.002024,0.0,0.0,0.0
2022-01-26 19:07:16.507965,0.0,0.0,0.0
2022-01-26 19:07:17.006119,0.0,0.0,0.0
2022-01-26 19:07:17.509376,0.0,0.0,0.0
2022-01-26 19:07:18.004121,0.0,0.0,0.0
2022-01-26 19:07:18.503721,0.0,0.0,0.0
2022-01-26 19:07:19.007892,0.0,0.0,0.0
2022-01-26 19:07:19.506483,0.0,0.0,0.0
2022-01-26 19:07:20.011052,0.0,0.0,0.0
2022-01-26 19:07:20.507263,0.0,0.0,0.0
2022-01-26 19:07:21.003249,0.0,0.0,0.0
2022-01-26 19:07:21.509367,0.0,0.0,0.0
2022-01-26 19:07:22.006303,0.0,0.0,0.0
2022-01-26 19:07:22.501199,0.0,0.0,0.0
2022-01-26 19:07:23.003246,0.0,0.0,0.0
2022-01-26 19:07:23.503093,0.0,0.0,0.0
2022-01-26 19:07:24.002302,0.0,0.0,0.0
2022-01-26 19:07:24.510714,0.0,0.0,0.0
2022-01-26 19:07:25.009665,0.0,0.0,0.0
2022-01-26 19:07:25.502015,0.0,0.0,0.0
2022-01-26 19:07:26.001342,0.0,0.0,0.0
2022-01-26 19:07:26.510670,0.0,0.0,0.0
2022-01-26 19:07:27.002651,0.0,0.0,0.0
2022-01-26 19:07:27.501212,0.0,0.0,0.0
2022-01-26 19:07:28.004581,0.0,0.0,0.0
2022-01-26 19:07:28.504093,0.0,0.0,0.0
2022-01-26 19:07:29.008895,0.0,0.0,0.0
2022-01-26 19:07:29.503820,0.0,0.0,0.0
2022-01-26 19:07:30.001247,0.0,0.0,0.0
2022-01-26 19:07:30.505940,0.0,0.0,0.0
2022-01-26 19:07:31.003723,0.0,0.0,0.0
2022-01-26 19:07:31.508570,0.0,0.0,0.0
2022-01-26 19:07:32.006112,0.0,0.0,0.0
2022-01-26 19:07:32.509512,0.0,0.0,0.0
2022-01-26 19:07:33.006545,0.0,0.0,0.0
2022-01-26 19:07:33.501177,0.0,0.0,0.0
2022-01-26 19:07:34.008511,0.0,0.0,0.0
2022-01-26 19:07:34.504859,0.0,0.0,0.0
2022-01-26 19:07:35.008655,0.0,0.0,0.0
2022-01-26 19:07:35.509862,0.0,0.0,0.0
2022-01-26 19:07:36.006525,0.0,0.0,0.0
2022-01-26 19:07:36.510870,0.0,0.0,0.0
2022-01-26 19:07:37.001046,0.0,0.0,0.0
2022-01-26 19:07:37.504999,0.0,0.0,0.0
2022-01-26 19:07:38.002587,0.0,0.0,0.0
2022-01-26 19:07:38.509690,0.0,0.0,0.0
2022-01-26 19:07:39.008018,0.0,0.0,0.0
2022-01-26 19:07:39.503415,0.0,0.0,0.0
2022-01-26 19:07:40.010712,0.0,0.0,0.0
2022-01-26 19:07:40.505446,0.0,0.0,0.0
2022-01-26 19:07:41.003879,0.0,0.0,0.0
2022-01-26 19:07:41.508555,0.0,0.0,0.0
2022-01-26 19:07:42.004978,0.0,0.0,0.0
2022-01-26 19:07:42.509287,0.0,0.0,0.0
2022-01-26 19:07:43.007973,0.0,0.0,0.0
2022-01-26 19:07:43.503317,0.0,0.0,0.0
2022-01-26 19:07:44.009722,0.0,0.0,0.0
2022-01-26 19:07:44.505299,0.0,0.0,0.0
2022-01-26 19:07:45.003454,0.0,0.0,0.0
2022-01-26 19:07:45.510055,0.0,0.0,0.0
2022-01-26 19:07:46.007551,0.0,0.0,0.0
2022-01-26 19:07:46.501170,0.0,0.0,0.0
2022-01-26 19:07:47.009124,0.0,0.0,0.0
2022-01-26 19:07:47.506857,0.0,0.0,0.0
2022-01-26 19:07:48.003014,0.0,0.0,0.0
2022-01-26 19:07:48.503181,0.0,0.0,0.0
2022-01-26 19:07:49.003174,0.0,0.0,0.0
2022-01-26 19:07:49.506741,0.0,0.0,0.0
2022-01-26 19:07:50.003488,0.0,0.0,0.0
2022-01-26 19:07:50.504823,0.0,0.0,0.0
2022-01-26 19:07:51.001774,0.0,0.0,0.0
2022-01-26 19:07:51.508061,0.0,0.0,0.0
2022-01-26 19:07:52.007588,0.0,0.0,0.0
2022-01-26 19:07:52.501175,0.0,0.0,0.0
2022-01-26 19:07:53.010427,0.0,0.0,0.0
2022-01-26 19:07:53.505145,0.0,0.0,0.0
2022-01-26 19:07:54.002159,0.0,0.0,0.0
2022-01-26 19:07:54.506734,0.0,0.0,0.0
2022-01-26 19:07:55.003308,0.0,0.0,0.0
2022-01-26 19:07:55.510237,0.0,0.0,0.0
2022-01-26 19:07:56.008488,0.0,0.0,0.0
2022-01-26 19:07:56.502283,0.0,0.0,0.0
2022-01-26 19:07:57.010708,0.0,0.0,0.0
2022-01-26 19:07:57.505272,0.0,0.0,0.0
2022-01-26 19:07:58.004145,0.0,0.0,0.0
2022-01-26 19:07:58.508814,0.0,0.0,0.0
2022-01-26 19:07:59.006134,0.0,0.0,0.0
2022-01-26 19:07:59.510858,0.0,0.0,0.0
2022-01-26 19:08:00.009198,0.0,0.0,0.0
2022-01-26 19:08:00.505057,0.0,0.0,0.0
2022-01-26 19:08:01.002662,0.0,0.0,0.0
2022-01-26 19:08:01.504393,0.0,0.0,0.0
2022-01-26 19:08:02.003343,0.0,0.0,0.0
2022-01-26 19:08:02.508039,0.0,0.0,0.0
2022-01-26 19:08:03.005191,0.0,0.0,0.0
2022-01-26 19:08:03.509776,0.0,0.0,0.0
2022-01-26 19:08:04.008082,0.0,0.0,0.0
2022-01-26 19:08:04.503199,0.0,0.0,0.0
2022-01-26 19:08:05.009877,0.0,0.0,0.0
2022-01-26 19:08:05.504137,0.0,0.0,0.0
2022-01-26 19:08:06.003979,0.0,0.0,0.0
2022-01-26 19:08:06.509478,0.0,0.0,0.0
2022-01-26 19:08:07.007345,0.0,0.0,0.0
2022-01-26 19:08:07.502409,0.0,0.0,0.0
2022-01-26 19:08:08.505255,0.0,0.0,0.0
2022-01-26 19:08:09.004539,0.0,0.0,0.0
2022-01-26 19:08:09.508511,0.0,0.0,0.0
2022-01-26 19:08:10.005393,0.0,0.0,0.0
2022-01-26 19:08:10.510189,0.0,0.0,0.0
2022-01-26 19:08:11.003358,0.0,0.0,0.0
2022-01-26 19:08:11.508993,0.0,0.0,0.0
2022-01-26 19:08:12.006601,0.0,0.0,0.0
2022-01-26 19:08:12.501399,0.0,0.0,0.0
2022-01-26 19:08:13.009734,0.0,0.0,0.0
2022-01-26 19:08:13.504871,0.0,0.0,0.0
2022-01-26 19:08:14.002676,0.0,0.0,0.0
2022-01-26 19:08:14.508880,0.0,0.0,0.0
2022-01-26 19:08:15.007341,0.0,0.0,0.0
2022-01-26 19:08:15.502341,0.0,0.0,0.0
2022-01-26 19:08:16.010418,0.0,0.0,0.0
2022-01-26 19:08:16.504977,0.0,0.0,0.0
2022-01-26 19:08:17.002765,0.0,0.0,0.0
2022-01-26 19:08:17.506011,0.0,0.0,0.0
2022-01-26 19:08:18.009299,0.0,0.0,0.0
2022-01-26 19:08:18.501424,0.0,0.0,0.0
2022-01-26 19:08:19.003701,0.0,0.0,0.0
2022-01-26 19:08:19.506288,0.0,0.0,0.0
2022-01-26 19:08:20.003959,0.0,0.0,0.0
2022-01-26 19:08:20.509185,0.0,0.0,0.0
2022-01-26 19:08:21.006917,0.0,0.0,0.0
2022-01-26 19:08:21.501828,0.0,0.0,0.0
2022-01-26 19:08:22.009688,0.0,0.0,0.0
2022-01-26 19:08:22.505473,0.0,0.0,0.0
2022-01-26 19:08:23.003972,0.0,0.0,0.0
2022-01-26 19:08:23.508489,0.0,0.0,0.0
2022-01-26 19:08:24.003892,0.0,0.0,0.0
2022-01-26 19:08:24.507247,0.0,0.0,0.0
2022-01-26 19:08:25.003578,0.0,0.0,0.0
2022-01-26 19:08:25.505195,0.0,0.0,0.0
2022-01-26 19:08:26.007788,0.0,0.0,0.0
2022-01-26 19:08:26.501533,0.0,0.0,0.0
2022-01-26 19:08:27.006869,0.0,0.0,0.0
2022-01-26 19:08:27.509547,0.0,0.0,0.0
2022-01-26 19:08:28.008573,0.0,0.0,0.0
2022-01-26 19:08:28.502360,0.0,0.0,0.0
2022-01-26 19:08:29.010231,0.0,0.0,0.0
2022-01-26 19:08:29.504441,0.0,0.0,0.0
2022-01-26 19:08:30.002224,0.0,0.0,0.0
2022-01-26 19:08:30.509699,0.0,0.0,0.0
2022-01-26 19:08:31.007075,0.0,0.0,0.0
2022-01-26 19:08:31.501860,0.0,0.0,0.0
2022-01-26 19:08:32.009445,0.0,0.0,0.0
2022-01-26 19:08:32.501479,0.0,0.0,0.0
2022-01-26 19:08:33.009350,0.0,0.0,0.0
2022-01-26 19:08:33.505453,0.0,0.0,0.0
2022-01-26 19:08:34.002502,0.0,0.0,0.0
2022-01-26 19:08:34.505791,0.0,0.0,0.0
2022-01-26 19:08:35.000796,0.0,0.0,0.0
2022-01-26 19:08:35.508198,0.0,0.0,0.0
2022-01-26 19:08:36.010690,0.0,0.0,0.0
2022-01-26 19:08:36.502197,0.0,0.0,0.0
2022-01-26 19:08:37.007487,0.0,0.0,0.0
2022-01-26 19:08:37.501682,0.0,0.0,0.0
2022-01-26 19:08:38.004568,0.0,0.0,0.0
2022-01-26 19:08:38.506034,0.0,0.0,0.0
2022-01-26 19:08:39.007209,0.0,0.0,0.0
2022-01-26 19:08:39.503411,0.0,0.0,0.0
2022-01-26 19:08:40.011013,0.0,0.0,0.0
2022-01-26 19:08:40.505679,0.0,0.0,0.0
2022-01-26 19:08:41.003982,0.0,0.0,0.0
2022-01-26 19:08:41.505006,0.0,0.0,0.0
2022-01-26 19:08:42.003000,0.0,0.0,0.0
2022-01-26 19:08:42.504887,0.0,0.0,0.0
2022-01-26 19:08:43.001341,0.0,0.0,0.0
2022-01-26 19:08:43.506802,0.0,0.0,0.0
2022-01-26 19:08:44.008378,0.0,0.0,0.0
2022-01-26 19:08:44.502650,0.0,0.0,0.0
2022-01-26 19:08:45.009870,0.0,0.0,0.0
2022-01-26 19:08:45.504601,0.0,0.0,0.0
2022-01-26 19:08:46.001667,0.0,0.0,0.0
2022-01-26 19:08:46.505120,0.0,0.0,0.0
2022-01-26 19:08:47.002223,0.0,0.0,0.0
2022-01-26 19:08:47.507455,0.0,0.0,0.0
2022-01-26 19:08:48.004369,0.0,0.0,0.0
2022-01-26 19:08:48.510303,0.0,0.0,0.0
2022-01-26 19:08:49.007628,0.0,0.0,0.0
2022-01-26 19:08:49.502795,0.0,0.0,0.0
2022-01-26 19:08:50.010975,0.0,0.0,0.0
2022-01-26 19:08:50.507206,0.0,0.0,0.0
2022-01-26 19:08:51.004223,0.0,0.0,0.0
2022-01-26 19:08:51.510540,0.0,0.0,0.0
2022-01-26 19:08:52.008193,0.0,0.0,0.0
2022-01-26 19:08:52.503157,0.0,0.0,0.0
2022-01-26 19:08:53.001077,0.0,0.0,0.0
2022-01-26 19:08:53.505007,0.0,0.0,0.0
2022-01-26 19:08:54.002745,0.0,0.0,0.0
2022-01-26 19:08:54.508605,0.0,0.0,0.0
2022-01-26 19:08:55.006027,0.0,0.0,0.0
2022-01-26 19:08:55.501730,0.0,0.0,0.0
2022-01-26 19:08:56.009023,0.0,0.0,0.0
2022-01-26 19:08:56.503885,0.0,0.0,0.0
2022-01-26 19:08:57.003623,0.0,0.0,0.0
2022-01-26 19:08:57.507893,0.0,0.0,0.0
2022-01-26 19:08:58.005729,0.0,0.0,0.0
2022-01-26 19:08:58.501235,0.0,0.0,0.0
2022-01-26 19:08:59.009465,0.0,0.0,0.0
2022-01-26 19:08:59.504048,0.0,0.0,0.0
2022-01-26 19:09:00.002892,0.0,0.0,0.0
2022-01-26 19:09:00.506872,0.0,0.0,0.0
2022-01-26 19:09:01.005025,0.0,0.0,0.0
2022-01-26 19:09:01.509096,0.0,0.0,0.0
2022-01-26 19:09:02.006449,0.0,0.0,0.0
2022-01-26 19:09:02.510489,0.0,0.0,0.0
2022-01-26 19:09:03.006853,0.0,0.0,0.0
2022-01-26 19:09:03.501955,0.0,0.0,0.0
2022-01-26 19:09:04.001033,0.0,0.0,0.0
2022-01-26 19:09:04.504431,0.0,0.0,0.0
2022-01-26 19:09:05.002728,0.0,0.0,0.0
2022-01-26 19:09:05.509066,0.0,0.0,0.0
2022-01-26 19:09:06.006749,0.0,0.0,0.0
2022-01-26 19:09:06.507418,0.0,0.0,0.0
2022-01-26 19:09:07.006010,0.0,0.0,0.0
2022-01-26 19:09:07.510623,0.0,0.0,0.0
2022-01-26 19:09:08.008028,0.0,0.0,0.0
2022-01-26 19:09:08.502750,0.0,0.0,0.0
2022-01-26 19:09:09.506052,0.0,0.0,0.0
2022-01-26 19:09:10.003332,0.0,0.0,0.0
2022-01-26 19:09:10.510522,0.0,0.0,0.0
2022-01-26 19:09:11.007897,0.0,0.0,0.0
2022-01-26 19:09:11.500976,0.0,0.0,0.0
2022-01-26 19:09:12.009721,0.0,0.0,0.0
2022-01-26 19:09:12.503424,0.0,0.0,0.0
2022-01-26 19:09:13.010055,0.0,0.0,0.0
2022-01-26 19:09:13.505427,0.0,0.0,0.0
2022-01-26 19:09:14.001212,0.0,0.0,0.0
2022-01-26 19:09:14.508608,0.0,0.0,0.0
2022-01-26 19:09:15.006504,0.0,0.0,0.0
2022-01-26 19:09:15.501669,0.0,0.0,0.0
2022-01-26 19:09:16.010297,0.0,0.0,0.0
2022-01-26 19:09:16.505859,0.0,0.0,0.0
2022-01-26 19:09:17.003871,0.0,0.0,0.0
2022-01-26 19:09:17.508932,0.0,0.0,0.0
2022-01-26 19:09:18.007568,0.0,0.0,0.0
2022-01-26 19:09:18.502304,0.0,0.0,0.0
2022-01-26 19:09:19.010471,0.0,0.0,0.0
2022-01-26 19:09:19.505013,0.0,0.0,0.0
2022-01-26 19:09:20.003264,0.0,0.0,0.0
2022-01-26 19:09:20.509893,0.0,0.0,0.0
2022-01-26 19:09:21.006701,0.0,0.0,0.0
2022-01-26 19:09:21.502773,0.0,0.0,0.0
2022-01-26 19:09:22.001874,0.0,0.0,0.0
2022-01-26 19:09:22.506283,0.0,0.0,0.0
2022-01-26 19:09:23.003883,0.0,0.0,0.0
2022-01-26 19:09:23.509882,0.0,0.0,0.0
2022-01-26 19:09:24.007428,0.0,0.0,0.0
2022-01-26 19:09:24.501819,0.0,0.0,0.0
2022-01-26 19:09:25.010572,0.0,0.0,0.0
2022-01-26 19:09:25.504983,0.0,0.0,0.0
2022-01-26 19:09:26.003281,0.0,0.0,0.0
2022-01-26 19:09:26.507533,0.0,0.0,0.0
2022-01-26 19:09:27.005130,0.0,0.0,0.0
2022-01-26 19:09:27.509633,0.0,0.0,0.0
2022-01-26 19:09:28.005212,0.0,0.0,0.0
2022-01-26 19:09:28.510290,0.0,0.0,0.0
2022-01-26 19:09:29.007941,0.0,0.0,0.0
2022-01-26 19:09:29.502823,0.0,0.0,0.0
2022-01-26 19:09:30.010520,0.0,0.0,0.0
2022-01-26 19:09:30.505704,0.0,0.0,0.0
2022-01-26 19:09:31.003972,0.0,0.0,0.0
2022-01-26 19:09:31.507371,0.0,0.0,0.0
2022-01-26 19:09:32.005849,0.0,0.0,0.0
2022-01-26 19:09:32.502764,0.0,0.0,0.0
2022-01-26 19:09:33.010525,0.0,0.0,0.0
2022-01-26 19:09:33.505011,0.0,0.0,0.0
2022-01-26 19:09:34.002939,0.0,0.0,0.0
2022-01-26 19:09:34.508875,0.0,0.0,0.0
2022-01-26 19:09:35.006027,0.0,0.0,0.0
2022-01-26 19:09:35.510869,0.0,0.0,0.0
2022-01-26 19:09:36.007875,0.0,0.0,0.0
2022-01-26 19:09:36.501942,0.0,0.0,0.0
2022-01-26 19:09:37.010488,0.0,0.0,0.0
2022-01-26 19:09:37.504446,0.0,0.0,0.0
2022-01-26 19:09:38.001765,0.0,0.0,0.0
2022-01-26 19:09:38.506149,0.0,0.0,0.0
2022-01-26 19:09:39.003251,0.0,0.0,0.0
2022-01-26 19:09:39.508251,0.0,0.0,0.0
2022-01-26 19:09:40.005970,0.0,0.0,0.0
2022-01-26 19:09:40.501183,0.0,0.0,0.0
2022-01-26 19:09:41.008478,0.0,0.0,0.0
2022-01-26 19:09:41.504581,0.0,0.0,0.0
2022-01-26 19:09:42.004762,0.0,0.0,0.0
2022-01-26 19:09:42.510398,0.0,0.0,0.0
2022-01-26 19:09:43.007478,0.0,0.0,0.0
2022-01-26 19:09:43.503389,0.0,0.0,0.0
2022-01-26 19:09:44.010918,0.0,0.0,0.0
2022-01-26 19:09:44.506644,0.0,0.0,0.0
2022-01-26 19:09:45.004625,0.0,0.0,0.0
2022-01-26 19:09:45.509950,0.0,0.0,0.0
2022-01-26 19:09:46.008541,0.0,0.0,0.0
2022-01-26 19:09:46.503899,0.0,0.0,0.0
2022-01-26 19:09:47.001360,0.0,0.0,0.0
2022-01-26 19:09:47.505941,0.0,0.0,0.0
2022-01-26 19:09:48.003322,0.0,0.0,0.0
2022-01-26 19:09:48.507864,0.0,0.0,0.0
2022-01-26 19:09:49.005924,0.0,0.0,0.0
2022-01-26 19:09:49.501122,0.0,0.0,0.0
2022-01-26 19:09:50.008679,0.0,0.0,0.0
2022-01-26 19:09:50.505569,0.0,0.0,0.0
2022-01-26 19:09:51.003441,0.0,0.0,0.0
2022-01-26 19:09:51.507111,0.0,0.0,0.0
2022-01-26 19:09:52.004491,0.0,0.0,0.0
2022-01-26 19:09:52.508294,0.0,0.0,0.0
2022-01-26 19:09:53.005902,0.0,0.0,0.0
2022-01-26 19:09:53.501009,0.0,0.0,0.0
2022-01-26 19:09:54.009506,0.0,0.0,0.0
2022-01-26 19:09:54.504340,0.0,0.0,0.0
2022-01-26 19:09:55.002603,0.0,0.0,0.0
2022-01-26 19:09:55.509238,0.0,0.0,0.0
2022-01-26 19:09:56.007632,0.0,0.0,0.0
2022-01-26 19:09:56.503830,0.0,0.0,0.0
2022-01-26 19:09:57.002315,0.0,0.0,0.0
2022-01-26 19:09:57.508853,0.0,0.0,0.0
2022-01-26 19:09:58.006768,0.0,0.0,0.0
2022-01-26 19:09:58.503224,0.0,0.0,0.0
2022-01-26 19:09:59.010557,0.0,0.0,0.0
2022-01-26 19:09:59.506305,0.0,0.0,0.0
2022-01-26 19:10:00.003337,0.0,0.0,0.0
2022-01-26 19:10:00.508421,0.0,0.0,0.0
2022-01-26 19:10:01.006307,0.0,0.0,0.0
2022-01-26 19:10:01.510940,0.0,0.0,0.0
2022-01-26 19:10:02.009077,0.0,0.0,0.0
2022-01-26 19:10:02.503393,0.0,0.0,0.0
2022-01-26 19:10:03.505856,0.0,0.0,0.0
2022-01-26 19:10:04.005007,0.0,0.0,0.0
2022-01-26 19:10:04.507962,0.0,0.0,0.0
2022-01-26 19:10:05.006236,0.0,0.0,0.0
2022-01-26 19:10:05.509634,0.0,0.0,0.0
2022-01-26 19:10:06.008075,0.0,0.0,0.0
2022-01-26 19:10:06.509166,0.0,0.0,0.0
2022-01-26 19:10:07.006497,0.0,0.0,0.0
2022-01-26 19:10:07.501842,0.0,0.0,0.0
2022-01-26 19:10:08.010596,0.0,0.0,0.0
2022-01-26 19:10:08.508223,0.0,0.0,0.0
2022-01-26 19:10:09.006183,0.0,0.0,0.0
2022-01-26 19:10:09.509507,0.0,0.0,0.0
2022-01-26 19:10:10.007022,0.0,0.0,0.0
2022-01-26 19:10:10.510467,0.0,0.0,0.0
2022-01-26 19:10:11.008511,0.0,0.0,0.0
2022-01-26 19:10:11.503355,0.0,0.0,0.0
2022-01-26 19:10:12.009995,0.0,0.0,0.0
2022-01-26 19:10:12.503682,0.0,0.0,0.0
2022-01-26 19:10:13.003093,0.0,0.0,0.0
2022-01-26 19:10:13.508380,0.0,0.0,0.0
2022-01-26 19:10:14.007526,0.0,0.0,0.0
2022-01-26 19:10:14.502141,0.0,0.0,0.0
2022-01-26 19:10:15.010524,0.0,0.0,0.0
2022-01-26 19:10:15.505805,0.0,0.0,0.0
2022-01-26 19:10:16.002870,0.0,0.0,0.0
2022-01-26 19:10:16.508147,0.0,0.0,0.0
2022-01-26 19:10:17.006492,0.0,0.0,0.0
2022-01-26 19:10:17.503304,0.0,0.0,0.0
2022-01-26 19:10:18.001075,0.0,0.0,0.0
2022-01-26 19:10:18.504967,0.0,0.0,0.0
2022-01-26 19:10:19.002000,0.0,0.0,0.0
2022-01-26 19:10:19.506634,0.0,0.0,0.0
2022-01-26 19:10:20.006281,0.0,0.0,0.0
2022-01-26 19:10:20.503314,0.0,0.0,0.0
2022-01-26 19:10:21.001934,0.0,0.0,0.0
2022-01-26 19:10:21.507791,0.0,0.0,0.0
2022-01-26 19:10:22.005309,0.0,0.0,0.0
2022-01-26 19:10:22.509358,0.0,0.0,0.0
2022-01-26 19:10:23.007713,0.0,0.0,0.0
2022-01-26 19:10:23.504375,0.0,0.0,0.0
2022-01-26 19:10:24.002644,0.0,0.0,0.0
2022-01-26 19:10:24.507870,0.0,0.0,0.0
2022-01-26 19:10:25.006928,0.0,0.0,0.0
2022-01-26 19:10:25.501737,0.0,0.0,0.0
2022-01-26 19:10:26.006534,0.0,0.0,0.0
2022-01-26 19:10:26.510553,0.0,0.0,0.0
2022-01-26 19:10:27.008953,0.0,0.0,0.0
2022-01-26 19:10:27.503552,0.0,0.0,0.0
2022-01-26 19:10:28.010563,0.0,0.0,0.0
2022-01-26 19:10:28.507092,0.0,0.0,0.0
2022-01-26 19:10:29.003584,0.0,0.0,0.0
2022-01-26 19:10:29.508943,0.0,0.0,0.0
2022-01-26 19:10:30.006305,0.0,0.0,0.0
2022-01-26 19:10:30.501331,0.0,0.0,0.0
2022-01-26 19:10:31.009001,0.0,0.0,0.0
2022-01-26 19:10:31.502061,0.0,0.0,0.0
2022-01-26 19:10:32.010560,0.0,0.0,0.0
2022-01-26 19:10:32.506707,0.0,0.0,0.0
2022-01-26 19:10:33.004888,0.0,0.0,0.0
2022-01-26 19:10:33.508488,0.0,0.0,0.0
2022-01-26 19:10:34.006913,0.0,0.0,0.0
2022-01-26 19:10:34.502135,0.0,0.0,0.0
2022-01-26 19:10:35.010283,0.0,0.0,0.0
2022-01-26 19:10:35.506369,0.0,0.0,0.0
2022-01-26 19:10:36.006104,0.0,0.0,0.0
2022-01-26 19:10:36.506417,0.0,0.0,0.0
2022-01-26 19:10:37.005792,0.0,0.0,0.0
2022-01-26 19:10:37.504848,0.0,0.0,0.0
2022-01-26 19:10:38.006030,0.0,0.0,0.0
2022-01-26 19:10:38.507987,0.0,0.0,0.0
2022-01-26 19:10:39.004573,0.0,0.0,0.0
2022-01-26 19:10:39.508607,0.0,0.0,0.0
2022-01-26 19:10:40.003670,0.0,0.0,0.0
2022-01-26 19:10:40.504404,0.0,0.0,0.0
2022-01-26 19:10:41.504831,0.0,0.0,0.0
2022-01-26 19:10:42.008732,0.0,0.0,0.0
2022-01-26 19:10:42.501079,0.0,0.0,0.0
2022-01-26 19:10:43.002248,0.0,0.0,0.0
2022-01-26 19:10:43.502056,0.0,0.0,0.0
2022-01-26 19:10:44.007338,0.0,0.0,0.0
2022-01-26 19:10:44.509958,0.0,0.0,0.0
2022-01-26 19:10:45.008358,0.0,0.0,0.0
2022-01-26 19:10:45.504557,0.0,0.0,0.0
2022-01-26 19:10:46.003350,0.0,0.0,0.0
2022-01-26 19:10:46.507807,0.0,0.0,0.0
2022-01-26 19:10:47.003093,0.0,0.0,0.0
2022-01-26 19:10:47.506098,0.0,0.0,0.0
2022-01-26 19:10:48.001318,0.0,0.0,0.0
2022-01-26 19:10:48.503349,0.0,0.0,0.0
2022-01-26 19:10:49.007228,0.0,0.0,0.0
2022-01-26 19:10:49.501055,0.0,0.0,0.0
2022-01-26 19:10:50.007955,0.0,0.0,0.0
2022-01-26 19:10:50.503969,0.0,0.0,0.0
2022-01-26 19:10:51.002288,0.0,0.0,0.0
2022-01-26 19:10:51.506401,0.0,0.0,0.0
2022-01-26 19:10:52.001801,0.0,0.0,0.0
2022-01-26 19:10:52.505520,0.0,0.0,0.0
2022-01-26 19:10:53.010095,0.0,0.0,0.0
2022-01-26 19:10:53.509022,0.0,0.0,0.0
2022-01-26 19:10:54.004881,0.0,0.0,0.0
2022-01-26 19:10:54.503538,0.0,0.0,0.0
2022-01-26 19:10:55.003751,0.0,0.0,0.0
2022-01-26 19:10:55.507232,0.0,0.0,0.0
2022-01-26 19:10:56.001777,0.0,0.0,0.0
2022-01-26 19:10:56.504817,0.0,0.0,0.0
2022-01-26 19:10:57.006496,0.0,0.0,0.0
2022-01-26 19:10:57.508554,0.0,0.0,0.0
2022-01-26 19:10:58.003210,0.0,0.0,0.0
2022-01-26 19:10:58.503864,0.0,0.0,0.0
2022-01-26 19:10:59.001930,0.0,0.0,0.0
2022-01-26 19:10:59.503896,0.0,0.0,0.0
2022-01-26 19:11:00.005554,0.0,0.0,0.0
2022-01-26 19:11:00.509397,0.0,0.0,0.0
2022-01-26 19:11:01.001330,0.0,0.0,0.0
2022-01-26 19:11:01.510751,0.0,0.0,0.0
2022-01-26 19:11:02.005934,0.0,0.0,0.0
2022-01-26 19:11:02.501076,0.0,0.0,0.0
2022-01-26 19:11:03.008245,0.0,0.0,0.0
2022-01-26 19:11:03.507169,0.0,0.0,0.0
2022-01-26 19:11:04.003684,0.0,0.0,0.0
2022-01-26 19:11:04.505837,0.0,0.0,0.0
2022-01-26 19:11:05.002555,0.0,0.0,0.0
2022-01-26 19:11:05.507268,0.0,0.0,0.0
2022-01-26 19:11:06.006074,0.0,0.0,0.0
2022-01-26 19:11:06.510674,0.0,0.0,0.0
2022-01-26 19:11:07.008133,0.0,0.0,0.0
2022-01-26 19:11:07.503227,0.0,0.0,0.0
2022-01-26 19:11:08.001960,0.0,0.0,0.0
2022-01-26 19:11:08.506080,0.0,0.0,0.0
2022-01-26 19:11:09.004338,0.0,0.0,0.0
2022-01-26 19:11:09.506534,0.0,0.0,0.0
2022-01-26 19:11:10.010105,0.0,0.0,0.0
2022-01-26 19:11:10.503198,0.0,0.0,0.0
2022-01-26 19:11:11.008326,0.0,0.0,0.0
2022-01-26 19:11:11.502782,0.0,0.0,0.0
2022-01-26 19:11:12.005919,0.0,0.0,0.0
2022-01-26 19:11:12.508856,0.0,0.0,0.0
2022-01-26 19:11:13.007939,0.0,0.0,0.0
2022-01-26 19:11:13.503771,0.0,0.0,0.0
2022-01-26 19:11:14.001810,0.0,0.0,0.0
2022-01-26 19:11:14.508723,0.0,0.0,0.0
2022-01-26 19:11:15.007977,0.0,0.0,0.0
2022-01-26 19:11:15.510435,0.0,0.0,0.0
2022-01-26 19:11:16.008551,0.0,0.0,0.0
2022-01-26 19:11:16.502740,0.0,0.0,0.0
2022-01-26 19:11:17.009546,0.0,0.0,0.0
2022-01-26 19:11:17.505114,0.0,0.0,0.0
2022-01-26 19:11:18.010758,0.0,0.0,0.0
2022-01-26 19:11:18.506906,0.0,0.0,0.0
2022-01-26 19:11:19.004489,0.0,0.0,0.0
2022-01-26 19:11:19.509284,0.0,0.0,0.0
2022-01-26 19:11:20.005332,0.0,0.0,0.0
2022-01-26 19:11:20.509382,0.0,0.0,0.0
2022-01-26 19:11:21.006286,0.0,0.0,0.0
2022-01-26 19:11:21.509234,0.0,0.0,0.0
2022-01-26 19:11:22.004588,0.0,0.0,0.0
2022-01-26 19:11:22.508483,0.0,0.0,0.0
2022-01-26 19:11:23.004615,0.0,0.0,0.0
2022-01-26 19:11:23.509741,0.0,0.0,0.0
2022-01-26 19:11:24.006963,0.0,0.0,0.0
2022-01-26 19:11:24.510987,0.0,0.0,0.0
2022-01-26 19:11:25.007879,0.0,0.0,0.0
2022-01-26 19:11:25.501276,0.0,0.0,0.0
2022-01-26 19:11:26.008422,0.0,0.0,0.0
2022-01-26 19:11:26.502204,0.0,0.0,0.0
2022-01-26 19:11:27.009327,0.0,0.0,0.0
2022-01-26 19:11:27.505207,0.0,0.0,0.0
2022-01-26 19:11:28.001752,0.0,0.0,0.0
2022-01-26 19:11:28.505431,0.0,0.0,0.0
2022-01-26 19:11:29.002203,0.0,0.0,0.0
2022-01-26 19:11:29.507201,0.0,0.0,0.0
2022-01-26 19:11:30.004679,0.0,0.0,0.0
2022-01-26 19:11:30.509390,0.0,0.0,0.0
2022-01-26 19:11:31.005991,0.0,0.0,0.0
2022-01-26 19:11:31.510800,0.0,0.0,0.0
2022-01-26 19:11:32.009112,0.0,0.0,0.0
2022-01-26 19:11:32.502930,0.0,0.0,0.0
2022-01-26 19:11:33.001012,0.0,0.0,0.0
2022-01-26 19:11:33.506765,0.0,0.0,0.0
2022-01-26 19:11:34.005728,0.0,0.0,0.0
2022-01-26 19:11:34.510819,0.0,0.0,0.0
2022-01-26 19:11:35.008084,0.0,0.0,0.0
2022-01-26 19:11:35.501940,0.0,0.0,0.0
2022-01-26 19:11:36.009824,0.0,0.0,0.0
2022-01-26 19:11:36.505718,0.0,0.0,0.0
2022-01-26 19:11:37.003176,0.0,0.0,0.0
2022-01-26 19:11:37.507740,0.0,0.0,0.0
2022-01-26 19:11:38.006370,0.0,0.0,0.0
2022-01-26 19:11:38.510226,0.0,0.0,0.0
2022-01-26 19:11:39.006783,0.0,0.0,0.0
2022-01-26 19:11:39.501463,0.0,0.0,0.0
2022-01-26 19:11:40.010393,0.0,0.0,0.0
2022-01-26 19:11:40.506282,0.0,0.0,0.0
2022-01-26 19:11:41.004409,0.0,0.0,0.0
2022-01-26 19:11:41.507384,0.0,0.0,0.0
2022-01-26 19:11:42.004778,0.0,0.0,0.0
2022-01-26 19:11:42.510075,0.0,0.0,0.0
2022-01-26 19:11:43.007353,0.0,0.0,0.0
2022-01-26 19:11:43.501448,0.0,0.0,0.0
2022-01-26 19:11:44.007655,0.0,0.0,0.0
2022-01-26 19:11:44.510257,0.0,0.0,0.0
2022-01-26 19:11:45.007527,0.0,0.0,0.0
2022-01-26 19:11:45.501964,0.0,0.0,0.0
2022-01-26 19:11:46.009713,0.0,0.0,0.0
2022-01-26 19:11:46.503909,0.0,0.0,0.0
2022-01-26 19:11:47.001694,0.0,0.0,0.0
2022-01-26 19:11:47.504196,0.0,0.0,0.0
2022-01-26 19:11:48.001065,0.0,0.0,0.0
2022-01-26 19:11:48.505892,0.0,0.0,0.0
2022-01-26 19:11:49.003087,0.0,0.0,0.0
2022-01-26 19:11:49.508010,0.0,0.0,0.0
2022-01-26 19:11:50.007499,0.0,0.0,0.0
2022-01-26 19:11:50.501562,0.0,0.0,0.0
2022-01-26 19:11:51.008597,0.0,0.0,0.0
2022-01-26 19:11:51.502743,0.0,0.0,0.0
2022-01-26 19:11:52.011053,0.0,0.0,0.0
2022-01-26 19:11:52.504370,0.0,0.0,0.0
2022-01-26 19:11:53.001305,0.0,0.0,0.0
2022-01-26 19:11:53.505112,0.0,0.0,0.0
2022-01-26 19:11:54.002075,0.0,0.0,0.0
2022-01-26 19:11:54.508669,0.0,0.0,0.0
2022-01-26 19:11:55.006004,0.0,0.0,0.0
2022-01-26 19:11:55.510299,0.0,0.0,0.0
2022-01-26 19:11:56.006384,0.0,0.0,0.0
2022-01-26 19:11:56.509197,0.0,0.0,0.0
2022-01-26 19:11:57.006313,0.0,0.0,0.0
2022-01-26 19:11:57.501233,0.0,0.0,0.0
2022-01-26 19:11:58.009733,0.0,0.0,0.0
2022-01-26 19:11:58.506033,0.0,0.0,0.0
2022-01-26 19:11:59.004073,0.0,0.0,0.0
2022-01-26 19:11:59.507589,0.0,0.0,0.0
2022-01-26 19:12:00.004369,0.0,0.0,0.0
2022-01-26 19:12:00.506409,0.0,0.0,0.0
2022-01-26 19:12:01.004065,0.0,0.0,0.0
2022-01-26 19:12:01.507847,0.0,0.0,0.0
2022-01-26 19:12:02.007151,0.0,0.0,0.0
2022-01-26 19:12:02.501669,0.0,0.0,0.0
2022-01-26 19:12:03.009775,0.0,0.0,0.0
2022-01-26 19:12:03.505248,0.0,0.0,0.0
2022-01-26 19:12:04.505056,0.0,0.0,0.0
2022-01-26 19:12:05.003033,0.0,0.0,0.0
2022-01-26 19:12:05.506364,0.0,0.0,0.0
2022-01-26 19:12:06.003365,0.0,0.0,0.0
2022-01-26 19:12:06.507160,0.0,0.0,0.0
2022-01-26 19:12:07.002702,0.0,0.0,0.0
2022-01-26 19:12:07.505438,0.0,0.0,0.0
2022-01-26 19:12:08.001988,0.0,0.0,0.0
2022-01-26 19:12:08.507008,0.0,0.0,0.0
2022-01-26 19:12:09.004601,0.0,0.0,0.0
2022-01-26 19:12:09.509851,0.0,0.0,0.0
2022-01-26 19:12:10.007641,0.0,0.0,0.0
2022-01-26 19:12:10.501461,0.0,0.0,0.0
2022-01-26 19:12:11.008229,0.0,0.0,0.0
2022-01-26 19:12:11.502586,0.0,0.0,0.0
2022-01-26 19:12:12.001117,0.0,0.0,0.0
2022-01-26 19:12:12.503677,0.0,0.0,0.0
2022-01-26 19:12:13.010616,0.0,0.0,0.0
2022-01-26 19:12:13.503245,0.0,0.0,0.0
2022-01-26 19:12:14.009139,0.0,0.0,0.0
2022-01-26 19:12:14.502066,0.0,0.0,0.0
2022-01-26 19:12:15.006198,0.0,0.0,0.0
2022-01-26 19:12:15.505725,0.0,0.0,0.0
2022-01-26 19:12:16.003510,0.0,0.0,0.0
2022-01-26 19:12:16.508380,0.0,0.0,0.0
2022-01-26 19:12:17.007796,0.0,0.0,0.0
2022-01-26 19:12:17.502367,0.0,0.0,0.0
2022-01-26 19:12:18.009418,0.0,0.0,0.0
2022-01-26 19:12:18.502486,0.0,0.0,0.0
2022-01-26 19:12:19.001946,0.0,0.0,0.0
2022-01-26 19:12:19.503212,0.0,0.0,0.0
2022-01-26 19:12:20.009205,0.0,0.0,0.0
2022-01-26 19:12:20.501822,0.0,0.0,0.0
2022-01-26 19:12:21.008770,0.0,0.0,0.0
2022-01-26 19:12:21.504597,0.0,0.0,0.0
2022-01-26 19:12:22.001070,0.0,0.0,0.0
2022-01-26 19:12:22.504339,0.0,0.0,0.0
2022-01-26 19:12:23.007505,0.0,0.0,0.0
2022-01-26 19:12:23.501400,0.0,0.0,0.0
2022-01-26 19:12:24.008252,0.0,0.0,0.0
2022-01-26 19:12:24.510061,0.0,0.0,0.0
2022-01-26 19:12:25.005484,0.0,0.0,0.0
2022-01-26 19:12:25.507894,0.0,0.0,0.0
2022-01-26 19:12:26.005099,0.0,0.0,0.0
2022-01-26 19:12:26.510972,0.0,0.0,0.0
2022-01-26 19:12:27.003953,0.0,0.0,0.0
2022-01-26 19:12:27.502542,0.0,0.0,0.0
2022-01-26 19:12:28.010230,0.0,0.0,0.0
2022-01-26 19:12:28.504279,0.0,0.0,0.0
2022-01-26 19:12:29.001132,0.0,0.0,0.0
2022-01-26 19:12:29.502126,0.0,0.0,0.0
2022-01-26 19:12:30.001459,0.0,0.0,0.0
2022-01-26 19:12:30.505331,0.0,0.0,0.0
2022-01-26 19:12:31.004015,0.0,0.0,0.0
2022-01-26 19:12:31.508377,0.0,0.0,0.0
2022-01-26 19:12:32.000691,0.0,0.0,0.0
2022-01-26 19:12:32.509686,0.0,0.0,0.0
2022-01-26 19:12:33.004638,0.0,0.0,0.0
2022-01-26 19:12:33.506938,0.0,0.0,0.0
2022-01-26 19:12:34.009207,0.0,0.0,0.0
2022-01-26 19:12:34.510178,0.0,0.0,0.0
2022-01-26 19:12:35.004170,0.0,0.0,0.0
2022-01-26 19:12:35.502318,0.0,0.0,0.0
2022-01-26 19:12:36.005731,0.0,0.0,0.0
2022-01-26 19:12:36.506702,0.0,0.0,0.0
2022-01-26 19:12:37.001378,0.0,0.0,0.0
2022-01-26 19:12:37.504437,0.0,0.0,0.0
2022-01-26 19:12:38.006377,0.0,0.0,0.0
2022-01-26 19:12:38.510251,0.0,0.0,0.0
2022-01-26 19:12:39.003744,0.0,0.0,0.0
2022-01-26 19:12:39.508301,0.0,0.0,0.0
2022-01-26 19:12:40.005030,0.0,0.0,0.0
2022-01-26 19:12:40.501287,0.0,0.0,0.0
2022-01-26 19:12:41.003837,0.0,0.0,0.0
2022-01-26 19:12:41.504693,0.0,0.0,0.0
2022-01-26 19:12:42.006547,0.0,0.0,0.0
2022-01-26 19:12:42.509667,0.0,0.0,0.0
2022-01-26 19:12:43.005978,0.0,0.0,0.0
2022-01-26 19:12:43.506803,0.0,0.0,0.0
2022-01-26 19:12:44.003035,0.0,0.0,0.0
2022-01-26 19:12:44.506321,0.0,0.0,0.0
2022-01-26 19:12:45.006610,0.0,0.0,0.0
2022-01-26 19:12:45.501380,0.0,0.0,0.0
2022-01-26 19:12:46.001624,0.0,0.0,0.0
2022-01-26 19:12:46.501017,0.0,0.0,0.0
2022-01-26 19:12:47.005860,0.0,0.0,0.0
2022-01-26 19:12:47.504674,0.0,0.0,0.0
2022-01-26 19:12:48.009002,0.0,0.0,0.0
2022-01-26 19:12:48.500992,0.0,0.0,0.0
2022-01-26 19:12:49.004298,0.0,0.0,0.0
2022-01-26 19:12:49.507458,0.0,0.0,0.0
2022-01-26 19:12:50.003952,0.0,0.0,0.0
2022-01-26 19:12:50.508955,0.0,0.0,0.0
2022-01-26 19:12:51.007868,0.0,0.0,0.0
2022-01-26 19:12:51.502479,0.0,0.0,0.0
2022-01-26 19:12:52.003136,0.0,0.0,0.0
2022-01-26 19:12:52.502838,0.0,0.0,0.0
2022-01-26 19:12:53.008898,0.0,0.0,0.0
2022-01-26 19:12:53.505152,0.0,0.0,0.0
2022-01-26 19:12:54.001518,0.0,0.0,0.0
2022-01-26 19:12:54.505962,0.0,0.0,0.0
2022-01-26 19:12:55.006183,0.0,0.0,0.0
2022-01-26 19:12:55.510484,0.0,0.0,0.0
2022-01-26 19:12:56.004737,0.0,0.0,0.0
2022-01-26 19:12:56.506834,0.0,0.0,0.0
2022-01-26 19:12:57.004809,0.0,0.0,0.0
2022-01-26 19:12:57.509017,0.0,0.0,0.0
2022-01-26 19:12:58.003269,0.0,0.0,0.0
2022-01-26 19:12:58.504801,0.0,0.0,0.0
2022-01-26 19:12:59.005359,0.0,0.0,0.0
2022-01-26 19:12:59.502080,0.0,0.0,0.0
2022-01-26 19:13:00.002210,0.0,0.0,0.0
2022-01-26 19:13:00.505148,0.0,0.0,0.0
2022-01-26 19:13:01.008432,0.0,0.0,0.0
2022-01-26 19:13:01.501795,0.0,0.0,0.0
2022-01-26 19:13:02.005762,0.0,0.0,0.0
2022-01-26 19:13:02.510183,0.0,0.0,0.0
2022-01-26 19:13:03.005277,0.0,0.0,0.0
2022-01-26 19:13:03.509094,0.0,0.0,0.0
2022-01-26 19:13:04.003812,0.0,0.0,0.0
2022-01-26 19:13:04.501990,0.0,0.0,0.0
2022-01-26 19:13:05.007953,0.0,0.0,0.0
2022-01-26 19:13:05.505118,0.0,0.0,0.0
2022-01-26 19:13:06.001119,0.0,0.0,0.0
2022-01-26 19:13:06.505638,0.0,0.0,0.0
2022-01-26 19:13:07.007915,0.0,0.0,0.0
2022-01-26 19:13:07.507182,0.0,0.0,0.0
2022-01-26 19:13:08.003233,0.0,0.0,0.0
2022-01-26 19:13:08.506981,0.0,0.0,0.0
2022-01-26 19:13:09.004648,0.0,0.0,0.0
2022-01-26 19:13:09.507902,0.0,0.0,0.0
2022-01-26 19:13:10.002795,0.0,0.0,0.0
2022-01-26 19:13:10.505814,0.0,0.0,0.0
2022-01-26 19:13:11.004023,0.0,0.0,0.0
2022-01-26 19:13:11.509455,0.0,0.0,0.0
2022-01-26 19:13:12.008065,0.0,0.0,0.0
2022-01-26 19:13:13.010037,0.0,0.0,0.0
2022-01-26 19:13:13.511336,0.0,0.0,0.0
2022-01-26 19:13:14.003241,0.0,0.0,0.0
2022-01-26 19:13:14.503830,0.0,0.0,0.0
2022-01-26 19:13:15.010769,0.0,0.0,0.0
2022-01-26 19:13:15.507537,0.0,0.0,0.0
2022-01-26 19:13:16.004644,0.0,0.0,0.0
2022-01-26 19:13:16.510137,0.0,0.0,0.0
2022-01-26 19:13:17.010318,0.0,0.0,0.0
2022-01-26 19:13:17.504061,0.0,0.0,0.0
2022-01-26 19:13:18.002790,0.0,0.0,0.0
2022-01-26 19:13:18.505495,0.0,0.0,0.0
2022-01-26 19:13:19.010050,0.0,0.0,0.0
2022-01-26 19:13:19.508959,0.0,0.0,0.0
2022-01-26 19:13:20.002733,0.0,0.0,0.0
2022-01-26 19:13:20.505845,0.0,0.0,0.0
2022-01-26 19:13:21.002098,0.0,0.0,0.0
2022-01-26 19:13:21.507046,0.0,0.0,0.0
2022-01-26 19:13:22.001513,0.0,0.0,0.0
2022-01-26 19:13:22.501559,0.0,0.0,0.0
2022-01-26 19:13:23.002353,0.0,0.0,0.0
2022-01-26 19:13:23.506470,0.0,0.0,0.0
2022-01-26 19:13:24.003204,0.0,0.0,0.0
2022-01-26 19:13:24.507733,0.0,0.0,0.0
2022-01-26 19:13:25.006226,0.0,0.0,0.0
2022-01-26 19:13:25.502241,0.0,0.0,0.0
2022-01-26 19:13:26.001654,0.0,0.0,0.0
2022-01-26 19:13:26.507426,0.0,0.0,0.0
2022-01-26 19:13:27.002199,0.0,0.0,0.0
2022-01-26 19:13:27.506250,0.0,0.0,0.0
2022-01-26 19:13:28.003323,0.0,0.0,0.0
2022-01-26 19:13:28.505799,0.0,0.0,0.0
2022-01-26 19:13:29.003970,0.0,0.0,0.0
2022-01-26 19:13:29.508612,0.0,0.0,0.0
2022-01-26 19:13:30.005375,0.0,0.0,0.0
2022-01-26 19:13:30.502928,0.0,0.0,0.0
2022-01-26 19:13:31.505859,0.0,0.0,0.0
2022-01-26 19:13:32.003995,0.0,0.0,0.0
2022-01-26 19:13:32.508613,0.0,0.0,0.0
2022-01-26 19:13:33.004689,0.0,0.0,0.0
2022-01-26 19:13:33.509041,0.0,0.0,0.0
2022-01-26 19:13:34.005871,0.0,0.0,0.0
2022-01-26 19:13:34.501691,0.0,0.0,0.0
2022-01-26 19:13:35.010571,0.0,0.0,0.0
2022-01-26 19:13:35.506073,0.0,0.0,0.0
2022-01-26 19:13:36.002078,0.0,0.0,0.0
2022-01-26 19:13:36.507269,0.0,0.0,0.0
2022-01-26 19:13:37.004111,0.0,0.0,0.0
2022-01-26 19:13:37.510283,0.0,0.0,0.0
2022-01-26 19:13:38.007938,0.0,0.0,0.0
2022-01-26 19:13:38.502846,0.0,0.0,0.0
2022-01-26 19:13:39.010203,0.0,0.0,0.0
2022-01-26 19:13:39.504782,0.0,0.0,0.0
2022-01-26 19:13:40.002291,0.0,0.0,0.0
2022-01-26 19:13:40.504080,0.0,0.0,0.0
2022-01-26 19:13:41.001031,0.0,0.0,0.0
2022-01-26 19:13:41.504803,0.0,0.0,0.0
2022-01-26 19:13:42.008445,0.0,0.0,0.0
2022-01-26 19:13:42.510114,0.0,0.0,0.0
2022-01-26 19:13:43.002157,0.0,0.0,0.0
2022-01-26 19:13:43.510146,0.0,0.0,0.0
2022-01-26 19:13:44.003269,0.0,0.0,0.0
2022-01-26 19:13:44.507331,0.0,0.0,0.0
2022-01-26 19:13:45.001144,0.0,0.0,0.0
2022-01-26 19:13:45.511345,0.0,0.0,0.0
2022-01-26 19:13:46.008071,0.0,0.0,0.0
2022-01-26 19:13:46.510154,0.0,0.0,0.0
2022-01-26 19:13:47.006377,0.0,0.0,0.0
2022-01-26 19:13:47.509320,0.0,0.0,0.0
2022-01-26 19:13:48.007420,0.0,0.0,0.0
2022-01-26 19:13:48.502769,0.0,0.0,0.0
2022-01-26 19:13:49.010934,0.0,0.0,0.0
2022-01-26 19:13:49.509027,0.0,0.0,0.0
2022-01-26 19:13:50.005552,0.0,0.0,0.0
2022-01-26 19:13:50.507656,0.0,0.0,0.0
2022-01-26 19:13:51.004081,0.0,0.0,0.0
2022-01-26 19:13:51.506344,0.0,0.0,0.0
2022-01-26 19:13:52.005738,0.0,0.0,0.0
2022-01-26 19:13:52.509288,0.0,0.0,0.0
2022-01-26 19:13:53.002415,0.0,0.0,0.0
2022-01-26 19:13:53.502212,0.0,0.0,0.0
2022-01-26 19:13:54.007793,0.0,0.0,0.0
2022-01-26 19:13:54.504992,0.0,0.0,0.0
2022-01-26 19:13:55.006893,0.0,0.0,0.0
2022-01-26 19:13:55.500940,0.0,0.0,0.0
2022-01-26 19:13:56.006000,0.0,0.0,0.0
2022-01-26 19:13:56.508277,0.0,0.0,0.0
2022-01-26 19:13:57.000813,0.0,0.0,0.0
2022-01-26 19:13:57.509286,0.0,0.0,0.0
2022-01-26 19:13:58.004414,0.0,0.0,0.0
2022-01-26 19:13:58.506021,0.0,0.0,0.0
2022-01-26 19:13:59.009499,0.0,0.0,0.0
2022-01-26 19:13:59.501719,0.0,0.0,0.0
2022-01-26 19:14:00.005493,0.0,0.0,0.0
2022-01-26 19:14:00.507775,0.0,0.0,0.0
2022-01-26 19:14:01.004714,0.0,0.0,0.0
2022-01-26 19:14:01.506189,0.0,0.0,0.0
2022-01-26 19:14:02.010140,0.0,0.0,0.0
2022-01-26 19:14:02.506697,0.0,0.0,0.0
2022-01-26 19:14:03.011173,0.0,0.0,0.0
2022-01-26 19:14:03.504974,0.0,0.0,0.0
2022-01-26 19:14:04.007224,0.0,0.0,0.0
2022-01-26 19:14:04.502695,0.0,0.0,0.0
2022-01-26 19:14:05.008642,0.0,0.0,0.0
2022-01-26 19:14:05.503335,0.0,0.0,0.0
2022-01-26 19:14:06.002194,0.0,0.0,0.0
2022-01-26 19:14:06.505789,0.0,0.0,0.0
2022-01-26 19:14:07.004956,0.0,0.0,0.0
2022-01-26 19:14:07.506312,0.0,0.0,0.0
2022-01-26 19:14:08.002855,0.0,0.0,0.0
2022-01-26 19:14:08.500887,0.0,0.0,0.0
2022-01-26 19:14:09.008375,0.0,0.0,0.0
2022-01-26 19:14:09.504465,0.0,0.0,0.0
2022-01-26 19:14:10.010561,0.0,0.0,0.0
2022-01-26 19:14:10.509208,0.0,0.0,0.0
2022-01-26 19:14:11.004467,0.0,0.0,0.0
2022-01-26 19:14:11.506460,0.0,0.0,0.0
2022-01-26 19:14:12.005875,0.0,0.0,0.0
2022-01-26 19:14:12.501701,0.0,0.0,0.0
2022-01-26 19:14:13.007782,0.0,0.0,0.0
2022-01-26 19:14:13.500770,0.0,0.0,0.0
2022-01-26 19:14:14.008394,0.0,0.0,0.0
2022-01-26 19:14:14.504706,0.0,0.0,0.0
2022-01-26 19:14:15.001296,0.0,0.0,0.0
2022-01-26 19:14:15.504823,0.0,0.0,0.0
2022-01-26 19:14:16.001912,0.0,0.0,0.0
2022-01-26 19:14:16.503953,0.0,0.0,0.0
2022-01-26 19:14:17.001030,0.0,0.0,0.0
2022-01-26 19:14:17.506155,0.0,0.0,0.0
2022-01-26 19:14:18.003474,0.0,0.0,0.0
2022-01-26 19:14:18.503572,0.0,0.0,0.0
2022-01-26 19:14:19.003091,0.0,0.0,0.0
2022-01-26 19:14:19.507316,0.0,0.0,0.0
2022-01-26 19:14:20.003938,0.0,0.0,0.0
2022-01-26 19:14:20.508274,0.0,0.0,0.0
2022-01-26 19:14:21.010996,0.0,0.0,0.0
2022-01-26 19:14:21.506102,0.0,0.0,0.0
2022-01-26 19:14:22.004589,0.0,0.0,0.0
2022-01-26 19:14:22.508317,0.0,0.0,0.0
2022-01-26 19:14:23.001876,0.0,0.0,0.0
2022-01-26 19:14:23.507781,0.0,0.0,0.0
2022-01-26 19:14:24.007190,0.0,0.0,0.0
2022-01-26 19:14:24.505553,0.0,0.0,0.0
2022-01-26 19:14:25.004521,0.0,0.0,0.0
2022-01-26 19:14:25.508734,0.0,0.0,0.0
2022-01-26 19:14:26.005899,0.0,0.0,0.0
2022-01-26 19:14:26.507006,0.0,0.0,0.0
2022-01-26 19:14:27.008819,0.0,0.0,0.0
2022-01-26 19:14:27.508163,0.0,0.0,0.0
2022-01-26 19:14:28.006643,0.0,0.0,0.0
2022-01-26 19:14:28.504019,0.0,0.0,0.0
2022-01-26 19:14:29.009009,0.0,0.0,0.0
2022-01-26 19:14:29.510536,0.0,0.0,0.0
2022-01-26 19:14:30.002213,0.0,0.0,0.0
2022-01-26 19:14:30.509977,0.0,0.0,0.0
2022-01-26 19:14:31.009522,0.0,0.0,0.0
2022-01-26 19:14:31.502386,0.0,0.0,0.0
2022-01-26 19:14:32.001326,0.0,0.0,0.0
2022-01-26 19:14:32.509753,0.0,0.0,0.0
2022-01-26 19:14:33.008298,0.0,0.0,0.0
2022-01-26 19:14:33.505136,0.0,0.0,0.0
2022-01-26 19:14:34.001334,0.0,0.0,0.0
2022-01-26 19:14:34.506406,0.0,0.0,0.0
2022-01-26 19:14:35.007284,0.0,0.0,0.0
2022-01-26 19:14:35.500752,0.0,0.0,0.0
2022-01-26 19:14:36.005298,0.0,0.0,0.0
2022-01-26 19:14:36.503094,0.0,0.0,0.0
2022-01-26 19:14:37.003667,0.0,0.0,0.0
2022-01-26 19:14:37.506906,0.0,0.0,0.0
2022-01-26 19:14:38.004460,0.0,0.0,0.0
2022-01-26 19:14:38.505950,0.0,0.0,0.0
2022-01-26 19:14:39.002899,0.0,0.0,0.0
2022-01-26 19:14:39.506411,0.0,0.0,0.0
2022-01-26 19:14:40.002806,0.0,0.0,0.0
2022-01-26 19:14:40.508459,0.0,0.0,0.0
2022-01-26 19:14:41.008709,0.0,0.0,0.0
2022-01-26 19:14:41.503802,0.0,0.0,0.0
2022-01-26 19:14:42.002382,0.0,0.0,0.0
2022-01-26 19:14:42.503394,0.0,0.0,0.0
2022-01-26 19:14:43.001515,0.0,0.0,0.0
2022-01-26 19:14:43.506326,0.0,0.0,0.0
2022-01-26 19:14:44.002561,0.0,0.0,0.0
2022-01-26 19:14:44.502909,0.0,0.0,0.0
2022-01-26 19:14:45.006800,0.0,0.0,0.0
2022-01-26 19:14:45.509282,0.0,0.0,0.0
2022-01-26 19:14:46.002276,0.0,0.0,0.0
2022-01-26 19:14:46.503860,0.0,0.0,0.0
2022-01-26 19:14:47.003759,0.0,0.0,0.0
2022-01-26 19:14:47.510828,0.0,0.0,0.0
2022-01-26 19:14:48.006347,0.0,0.0,0.0
2022-01-26 19:14:48.503898,0.0,0.0,0.0
2022-01-26 19:14:49.009304,0.0,0.0,0.0
2022-01-26 19:14:49.506379,0.0,0.0,0.0
2022-01-26 19:14:50.003213,0.0,0.0,0.0
2022-01-26 19:14:50.506933,0.0,0.0,0.0
2022-01-26 19:14:51.005064,0.0,0.0,0.0
2022-01-26 19:14:51.505493,0.0,0.0,0.0
2022-01-26 19:14:52.002513,0.0,0.0,0.0
2022-01-26 19:14:52.506450,0.0,0.0,0.0
2022-01-26 19:14:53.006334,0.0,0.0,0.0
2022-01-26 19:14:53.503929,0.0,0.0,0.0
2022-01-26 19:14:54.007769,0.0,0.0,0.0
2022-01-26 19:14:54.510228,0.0,0.0,0.0
2022-01-26 19:14:55.004219,0.0,0.0,0.0
2022-01-26 19:14:55.501898,0.0,0.0,0.0
2022-01-26 19:14:56.004449,0.0,0.0,0.0
2022-01-26 19:14:56.504064,0.0,0.0,0.0
2022-01-26 19:14:57.010665,0.0,0.0,0.0
2022-01-26 19:14:57.510047,0.0,0.0,0.0
2022-01-26 19:14:58.002521,0.0,0.0,0.0
2022-01-26 19:14:58.504601,0.0,0.0,0.0
2022-01-26 19:14:59.008038,0.0,0.0,0.0
2022-01-26 19:14:59.509004,0.0,0.0,0.0
2022-01-26 19:15:00.002369,0.0,0.0,0.0
2022-01-26 19:15:00.503643,0.0,0.0,0.0
2022-01-26 19:15:01.002064,0.0,0.0,0.0
2022-01-26 19:15:01.506695,0.0,0.0,0.0
2022-01-26 19:15:02.009345,0.0,0.0,0.0
2022-01-26 19:15:02.504456,0.0,0.0,0.0
2022-01-26 19:15:03.009874,0.0,0.0,0.0
2022-01-26 19:15:03.506504,0.0,0.0,0.0
2022-01-26 19:15:04.001354,0.0,0.0,0.0
2022-01-26 19:15:04.501365,0.0,0.0,0.0
2022-01-26 19:15:05.006094,0.0,0.0,0.0
2022-01-26 19:15:05.506373,0.0,0.0,0.0
2022-01-26 19:15:06.009378,0.0,0.0,0.0
2022-01-26 19:15:06.503178,0.0,0.0,0.0
2022-01-26 19:15:07.000974,0.0,0.0,0.0
2022-01-26 19:15:07.504073,0.0,0.0,0.0
2022-01-26 19:15:08.001735,0.0,0.0,0.0
2022-01-26 19:15:08.504908,0.0,0.0,0.0
2022-01-26 19:15:09.000875,0.0,0.0,0.0
2022-01-26 19:15:09.504245,0.0,0.0,0.0
2022-01-26 19:15:10.009117,0.0,0.0,0.0
2022-01-26 19:15:10.507486,0.0,0.0,0.0
2022-01-26 19:15:11.003145,0.0,0.0,0.0
2022-01-26 19:15:11.506439,0.0,0.0,0.0
2022-01-26 19:15:12.008367,0.0,0.0,0.0
2022-01-26 19:15:12.505998,0.0,0.0,0.0
2022-01-26 19:15:13.010160,0.0,0.0,0.0
2022-01-26 19:15:13.502063,0.0,0.0,0.0
2022-01-26 19:15:14.007174,0.0,0.0,0.0
2022-01-26 19:15:14.505031,0.0,0.0,0.0
2022-01-26 19:15:15.009111,0.0,0.0,0.0
2022-01-26 19:15:15.510912,0.0,0.0,0.0
2022-01-26 19:15:16.007903,0.0,0.0,0.0
2022-01-26 19:15:16.505736,0.0,0.0,0.0
2022-01-26 19:15:17.003308,0.0,0.0,0.0
2022-01-26 19:15:17.510046,0.0,0.0,0.0
2022-01-26 19:15:18.007710,0.0,0.0,0.0
2022-01-26 19:15:18.507920,0.0,0.0,0.0
2022-01-26 19:15:19.008374,0.0,0.0,0.0
2022-01-26 19:15:19.509664,0.0,0.0,0.0
2022-01-26 19:15:20.001826,0.0,0.0,0.0
2022-01-26 19:15:20.503978,0.0,0.0,0.0
2022-01-26 19:15:21.004639,0.0,0.0,0.0
2022-01-26 19:15:21.507273,0.0,0.0,0.0
2022-01-26 19:15:22.005550,0.0,0.0,0.0
2022-01-26 19:15:22.508889,0.0,0.0,0.0
2022-01-26 19:15:23.004492,0.0,0.0,0.0
2022-01-26 19:15:23.510136,0.0,0.0,0.0
2022-01-26 19:15:24.004739,0.0,0.0,0.0
2022-01-26 19:15:24.502679,0.0,0.0,0.0
2022-01-26 19:15:25.010452,0.0,0.0,0.0
2022-01-26 19:15:25.501347,0.0,0.0,0.0
2022-01-26 19:15:26.008100,0.0,0.0,0.0
2022-01-26 19:15:26.501054,0.0,0.0,0.0
2022-01-26 19:15:27.008816,0.0,0.0,0.0
2022-01-26 19:15:27.503859,0.0,0.0,0.0
2022-01-26 19:15:28.003066,0.0,0.0,0.0
2022-01-26 19:15:28.503365,0.0,0.0,0.0
2022-01-26 19:15:29.003338,0.0,0.0,0.0
2022-01-26 19:15:29.502568,0.0,0.0,0.0
2022-01-26 19:15:30.006132,0.0,0.0,0.0
2022-01-26 19:15:30.505687,0.0,0.0,0.0
2022-01-26 19:15:31.008105,0.0,0.0,0.0
2022-01-26 19:15:31.509376,0.0,0.0,0.0
2022-01-26 19:15:32.003833,0.0,0.0,0.0
2022-01-26 19:15:32.505800,0.0,0.0,0.0
2022-01-26 19:15:33.001943,0.0,0.0,0.0
2022-01-26 19:15:33.505366,0.0,0.0,0.0
2022-01-26 19:15:34.001855,0.0,0.0,0.0
2022-01-26 19:15:34.505388,0.0,0.0,0.0
2022-01-26 19:15:35.008599,0.0,0.0,0.0
2022-01-26 19:15:35.500796,0.0,0.0,0.0
2022-01-26 19:15:36.005229,0.0,0.0,0.0
2022-01-26 19:15:36.508628,0.0,0.0,0.0
2022-01-26 19:15:37.003779,0.0,0.0,0.0
2022-01-26 19:15:37.504230,0.0,0.0,0.0
2022-01-26 19:15:38.006212,0.0,0.0,0.0
2022-01-26 19:15:38.510267,0.0,0.0,0.0
2022-01-26 19:15:39.005800,0.0,0.0,0.0
2022-01-26 19:15:39.503374,0.0,0.0,0.0
2022-01-26 19:15:40.008893,0.0,0.0,0.0
2022-01-26 19:15:40.503914,0.0,0.0,0.0
2022-01-26 19:15:41.011419,0.0,0.0,0.0
2022-01-26 19:15:41.509932,0.0,0.0,0.0
2022-01-26 19:15:42.011092,0.0,0.0,0.0
2022-01-26 19:15:42.502857,0.0,0.0,0.0
2022-01-26 19:15:43.009046,0.0,0.0,0.0
2022-01-26 19:15:43.505479,0.0,0.0,0.0
2022-01-26 19:15:44.000755,0.0,0.0,0.0
2022-01-26 19:15:44.501811,0.0,0.0,0.0
2022-01-26 19:15:45.008053,0.0,0.0,0.0
2022-01-26 19:15:45.503344,0.0,0.0,0.0
2022-01-26 19:15:46.007609,0.0,0.0,0.0
2022-01-26 19:15:46.510371,0.0,0.0,0.0
2022-01-26 19:15:47.003646,0.0,0.0,0.0
2022-01-26 19:15:47.505777,0.0,0.0,0.0
2022-01-26 19:15:48.003477,0.0,0.0,0.0
2022-01-26 19:15:48.506429,0.0,0.0,0.0
2022-01-26 19:15:49.000508,0.0,0.0,0.0
2022-01-26 19:15:49.509457,0.0,0.0,0.0
2022-01-26 19:15:50.002597,0.0,0.0,0.0
2022-01-26 19:15:50.503089,0.0,0.0,0.0
2022-01-26 19:15:51.006027,0.0,0.0,0.0
2022-01-26 19:15:51.505500,0.0,0.0,0.0
2022-01-26 19:15:52.010519,0.0,0.0,0.0
2022-01-26 19:15:52.509974,0.0,0.0,0.0
2022-01-26 19:15:53.008981,0.0,0.0,0.0
2022-01-26 19:15:53.504413,0.0,0.0,0.0
2022-01-26 19:15:54.005086,0.0,0.0,0.0
2022-01-26 19:15:54.500804,0.0,0.0,0.0
2022-01-26 19:15:55.004309,0.0,0.0,0.0
2022-01-26 19:15:55.503458,0.0,0.0,0.0
2022-01-26 19:15:56.001961,0.0,0.0,0.0
2022-01-26 19:15:56.506369,0.0,0.0,0.0
2022-01-26 19:15:57.003279,0.0,0.0,0.0
2022-01-26 19:15:57.508939,0.0,0.0,0.0
2022-01-26 19:15:58.005862,0.0,0.0,0.0
2022-01-26 19:15:58.509243,0.0,0.0,0.0
2022-01-26 19:15:59.006385,0.0,0.0,0.0
2022-01-26 19:16:00.004566,0.0,0.0,0.0
2022-01-26 19:16:00.506692,0.0,0.0,0.0
2022-01-26 19:16:01.004394,0.0,0.0,0.0
2022-01-26 19:16:01.510702,0.0,0.0,0.0
2022-01-26 19:16:02.007288,0.0,0.0,0.0
2022-01-26 19:16:02.502385,0.0,0.0,0.0
2022-01-26 19:16:03.009670,0.0,0.0,0.0
2022-01-26 19:16:03.503871,0.0,0.0,0.0
2022-01-26 19:16:04.010699,0.0,0.0,0.0
2022-01-26 19:16:04.503310,0.0,0.0,0.0
2022-01-26 19:16:05.006370,0.0,0.0,0.0
2022-01-26 19:16:05.502052,0.0,0.0,0.0
2022-01-26 19:16:06.001559,0.0,0.0,0.0
2022-01-26 19:16:06.506829,0.0,0.0,0.0
2022-01-26 19:16:07.002389,0.0,0.0,0.0
2022-01-26 19:16:07.504728,0.0,0.0,0.0
2022-01-26 19:16:08.001734,0.0,0.0,0.0
2022-01-26 19:16:08.506398,0.0,0.0,0.0
2022-01-26 19:16:09.003597,0.0,0.0,0.0
2022-01-26 19:16:09.508945,0.0,0.0,0.0
2022-01-26 19:16:10.005727,0.0,0.0,0.0
2022-01-26 19:16:10.510393,0.0,0.0,0.0
2022-01-26 19:16:11.007735,0.0,0.0,0.0
2022-01-26 19:16:11.502268,0.0,0.0,0.0
2022-01-26 19:16:12.010206,0.0,0.0,0.0
2022-01-26 19:16:12.504509,0.0,0.0,0.0
2022-01-26 19:16:13.010726,0.0,0.0,0.0
2022-01-26 19:16:13.504887,0.0,0.0,0.0
2022-01-26 19:16:14.002472,0.0,0.0,0.0
2022-01-26 19:16:14.507908,0.0,0.0,0.0
2022-01-26 19:16:15.005905,0.0,0.0,0.0
2022-01-26 19:16:15.510824,0.0,0.0,0.0
2022-01-26 19:16:16.008079,0.0,0.0,0.0
2022-01-26 19:16:16.503638,0.0,0.0,0.0
2022-01-26 19:16:17.505474,0.0,0.0,0.0
2022-01-26 19:16:18.002742,0.0,0.0,0.0
2022-01-26 19:16:18.507464,0.0,0.0,0.0
2022-01-26 19:16:19.004994,0.0,0.0,0.0
2022-01-26 19:16:19.510505,0.0,0.0,0.0
2022-01-26 19:16:20.007821,0.0,0.0,0.0
2022-01-26 19:16:20.501807,0.0,0.0,0.0
2022-01-26 19:16:21.009488,0.0,0.0,0.0
2022-01-26 19:16:21.503541,0.0,0.0,0.0
2022-01-26 19:16:22.002098,0.0,0.0,0.0
2022-01-26 19:16:22.507328,0.0,0.0,0.0
2022-01-26 19:16:23.003854,0.0,0.0,0.0
2022-01-26 19:16:23.505789,0.0,0.0,0.0
2022-01-26 19:16:24.009737,0.0,0.0,0.0
2022-01-26 19:16:24.509832,0.0,0.0,0.0
2022-01-26 19:16:25.002117,0.0,0.0,0.0
2022-01-26 19:16:25.502811,0.0,0.0,0.0
2022-01-26 19:16:26.002642,0.0,0.0,0.0
2022-01-26 19:16:26.505922,0.0,0.0,0.0
2022-01-26 19:16:27.005977,0.0,0.0,0.0
2022-01-26 19:16:27.507750,0.0,0.0,0.0
2022-01-26 19:16:28.009367,0.0,0.0,0.0
2022-01-26 19:16:28.506270,0.0,0.0,0.0
2022-01-26 19:16:29.009127,0.0,0.0,0.0
2022-01-26 19:16:29.507468,0.0,0.0,0.0
2022-01-26 19:16:30.010931,0.0,0.0,0.0
2022-01-26 19:16:30.510959,0.0,0.0,0.0
2022-01-26 19:16:31.011059,0.0,0.0,0.0
2022-01-26 19:16:31.503184,0.0,0.0,0.0
2022-01-26 19:16:32.002653,0.0,0.0,0.0
2022-01-26 19:16:32.506953,0.0,0.0,0.0
2022-01-26 19:16:33.010533,0.0,0.0,0.0
2022-01-26 19:16:33.502060,0.0,0.0,0.0
2022-01-26 19:16:34.007044,0.0,0.0,0.0
2022-01-26 19:16:34.505465,0.0,0.0,0.0
2022-01-26 19:16:35.007967,0.0,0.0,0.0
2022-01-26 19:16:35.508026,0.0,0.0,0.0
2022-01-26 19:16:36.010463,0.0,0.0,0.0
2022-01-26 19:16:36.509157,0.0,0.0,0.0
2022-01-26 19:16:37.009986,0.0,0.0,0.0
2022-01-26 19:16:37.508680,0.0,0.0,0.0
2022-01-26 19:16:38.001116,0.0,0.0,0.0
2022-01-26 19:16:38.510626,0.0,0.0,0.0
2022-01-26 19:16:39.007229,0.0,0.0,0.0
2022-01-26 19:16:39.502248,0.0,0.0,0.0
2022-01-26 19:16:40.009853,0.0,0.0,0.0
2022-01-26 19:16:40.502623,0.0,0.0,0.0
2022-01-26 19:16:41.007570,0.0,0.0,0.0
2022-01-26 19:16:41.506846,0.0,0.0,0.0
2022-01-26 19:16:42.005062,0.0,0.0,0.0
2022-01-26 19:16:42.505186,0.0,0.0,0.0
2022-01-26 19:16:43.005298,0.0,0.0,0.0
2022-01-26 19:16:43.506512,0.0,0.0,0.0
2022-01-26 19:16:44.006064,0.0,0.0,0.0
2022-01-26 19:16:44.505756,0.0,0.0,0.0
2022-01-26 19:16:45.007119,0.0,0.0,0.0
2022-01-26 19:16:45.505503,0.0,0.0,0.0
2022-01-26 19:16:46.007075,0.0,0.0,0.0
2022-01-26 19:16:46.502033,0.0,0.0,0.0
2022-01-26 19:16:47.006970,0.0,0.0,0.0
2022-01-26 19:16:47.507648,0.0,0.0,0.0
2022-01-26 19:16:48.006035,0.0,0.0,0.0
2022-01-26 19:16:48.504210,0.0,0.0,0.0
2022-01-26 19:16:49.005547,0.0,0.0,0.0
2022-01-26 19:16:49.510785,0.0,0.0,0.0
2022-01-26 19:16:50.007993,0.0,0.0,0.0
2022-01-26 19:16:50.508255,0.0,0.0,0.0
2022-01-26 19:16:51.009283,0.0,0.0,0.0
2022-01-26 19:16:51.510609,0.0,0.0,0.0
2022-01-26 19:16:52.008684,0.0,0.0,0.0
2022-01-26 19:16:52.502565,0.0,0.0,0.0
2022-01-26 19:16:53.009505,0.0,0.0,0.0
2022-01-26 19:16:53.503497,0.0,0.0,0.0
2022-01-26 19:16:54.010522,0.0,0.0,0.0
2022-01-26 19:16:54.503715,0.0,0.0,0.0
2022-01-26 19:16:55.010543,0.0,0.0,0.0
2022-01-26 19:16:55.502811,0.0,0.0,0.0
2022-01-26 19:16:56.008044,0.0,0.0,0.0
2022-01-26 19:16:56.502928,0.0,0.0,0.0
2022-01-26 19:16:57.009262,0.0,0.0,0.0
2022-01-26 19:16:57.502703,0.0,0.0,0.0
2022-01-26 19:16:58.004828,0.0,0.0,0.0
2022-01-26 19:16:58.506709,0.0,0.0,0.0
2022-01-26 19:16:59.003896,0.0,0.0,0.0
2022-01-26 19:16:59.503993,0.0,0.0,0.0
2022-01-26 19:17:00.010329,0.0,0.0,0.0
2022-01-26 19:17:00.504833,0.0,0.0,0.0
2022-01-26 19:17:01.003496,0.0,0.0,0.0
2022-01-26 19:17:01.506025,0.0,0.0,0.0
2022-01-26 19:17:02.003343,0.0,0.0,0.0
2022-01-26 19:17:02.507054,0.0,0.0,0.0
2022-01-26 19:17:03.002115,0.0,0.0,0.0
2022-01-26 19:17:03.506523,0.0,0.0,0.0
2022-01-26 19:17:04.002901,0.0,0.0,0.0
2022-01-26 19:17:04.508296,0.0,0.0,0.0
2022-01-26 19:17:05.005878,0.0,0.0,0.0
2022-01-26 19:17:05.510419,0.0,0.0,0.0
2022-01-26 19:17:06.006260,0.0,0.0,0.0
2022-01-26 19:17:06.504463,0.0,0.0,0.0
2022-01-26 19:17:07.505278,0.0,0.0,0.0
2022-01-26 19:17:08.001736,0.0,0.0,0.0
2022-01-26 19:17:08.506850,0.0,0.0,0.0
2022-01-26 19:17:09.002654,0.0,0.0,0.0
2022-01-26 19:17:09.508189,0.0,0.0,0.0
2022-01-26 19:17:10.008808,0.0,0.0,0.0
2022-01-26 19:17:10.502611,0.0,0.0,0.0
2022-01-26 19:17:11.010417,0.0,0.0,0.0
2022-01-26 19:17:11.505076,0.0,0.0,0.0
2022-01-26 19:17:12.001489,0.0,0.0,0.0
2022-01-26 19:17:12.506779,0.0,0.0,0.0
2022-01-26 19:17:13.004762,0.0,0.0,0.0
2022-01-26 19:17:13.509744,0.0,0.0,0.0
2022-01-26 19:17:14.006091,0.0,0.0,0.0
2022-01-26 19:17:14.510801,0.0,0.0,0.0
2022-01-26 19:17:15.006554,0.0,0.0,0.0
2022-01-26 19:17:15.502087,0.0,0.0,0.0
2022-01-26 19:17:16.009762,0.0,0.0,0.0
2022-01-26 19:17:16.504246,0.0,0.0,0.0
2022-01-26 19:17:17.001851,0.0,0.0,0.0
2022-01-26 19:17:17.506305,0.0,0.0,0.0
2022-01-26 19:17:18.002524,0.0,0.0,0.0
2022-01-26 19:17:18.506951,0.0,0.0,0.0
2022-01-26 19:17:19.006405,0.0,0.0,0.0
2022-01-26 19:17:19.501922,0.0,0.0,0.0
2022-01-26 19:17:20.006265,0.0,0.0,0.0
2022-01-26 19:17:20.511055,0.0,0.0,0.0
2022-01-26 19:17:21.008225,0.0,0.0,0.0
2022-01-26 19:17:21.502486,0.0,0.0,0.0
2022-01-26 19:17:22.009221,0.0,0.0,0.0
2022-01-26 19:17:22.504650,0.0,0.0,0.0
2022-01-26 19:17:23.002064,0.0,0.0,0.0
2022-01-26 19:17:23.507746,0.0,0.0,0.0
2022-01-26 19:17:24.006631,0.0,0.0,0.0
2022-01-26 19:17:24.501501,0.0,0.0,0.0
2022-01-26 19:17:25.009725,0.0,0.0,0.0
2022-01-26 19:17:25.503062,0.0,0.0,0.0
2022-01-26 19:17:26.009563,0.0,0.0,0.0
2022-01-26 19:17:26.504462,0.0,0.0,0.0
2022-01-26 19:17:27.001632,0.0,0.0,0.0
2022-01-26 19:17:27.503976,0.0,0.0,0.0
2022-01-26 19:17:28.006214,0.0,0.0,0.0
2022-01-26 19:17:28.508148,0.0,0.0,0.0
2022-01-26 19:17:29.001895,0.0,0.0,0.0
2022-01-26 19:17:29.511595,0.0,0.0,0.0
2022-01-26 19:17:30.004588,0.0,0.0,0.0
2022-01-26 19:17:30.508919,0.0,0.0,0.0
2022-01-26 19:17:31.004389,0.0,0.0,0.0
2022-01-26 19:17:31.509651,0.0,0.0,0.0
2022-01-26 19:17:32.004445,0.0,0.0,0.0
2022-01-26 19:17:32.506772,0.0,0.0,0.0
2022-01-26 19:17:33.002806,0.0,0.0,0.0
2022-01-26 19:17:33.505016,0.0,0.0,0.0
2022-01-26 19:17:34.010223,0.0,0.0,0.0
2022-01-26 19:17:34.510740,0.0,0.0,0.0
2022-01-26 19:17:35.004495,0.0,0.0,0.0
2022-01-26 19:17:35.509565,0.0,0.0,0.0
2022-01-26 19:17:36.006115,0.0,0.0,0.0
2022-01-26 19:17:36.500792,0.0,0.0,0.0
2022-01-26 19:17:37.007087,0.0,0.0,0.0
2022-01-26 19:17:37.501302,0.0,0.0,0.0
2022-01-26 19:17:38.008930,0.0,0.0,0.0
2022-01-26 19:17:38.503281,0.0,0.0,0.0
2022-01-26 19:17:39.002089,0.0,0.0,0.0
2022-01-26 19:17:39.506131,0.0,0.0,0.0
2022-01-26 19:17:40.002170,0.0,0.0,0.0
2022-01-26 19:17:40.503803,0.0,0.0,0.0
2022-01-26 19:17:41.002549,0.0,0.0,0.0
2022-01-26 19:17:41.507393,0.0,0.0,0.0
2022-01-26 19:17:42.001652,0.0,0.0,0.0
2022-01-26 19:17:42.506217,0.0,0.0,0.0
2022-01-26 19:17:43.003836,0.0,0.0,0.0
2022-01-26 19:17:43.507894,0.0,0.0,0.0
2022-01-26 19:17:44.006353,0.0,0.0,0.0
2022-01-26 19:17:44.501056,0.0,0.0,0.0
2022-01-26 19:17:45.007797,0.0,0.0,0.0
2022-01-26 19:17:45.502288,0.0,0.0,0.0
2022-01-26 19:17:46.001146,0.0,0.0,0.0
2022-01-26 19:17:46.506831,0.0,0.0,0.0
2022-01-26 19:17:47.006082,0.0,0.0,0.0
2022-01-26 19:17:47.510646,0.0,0.0,0.0
2022-01-26 19:17:48.008507,0.0,0.0,0.0
2022-01-26 19:17:48.502319,0.0,0.0,0.0
2022-01-26 19:17:49.011179,0.0,0.0,0.0
2022-01-26 19:17:49.506790,0.0,0.0,0.0
2022-01-26 19:17:50.005322,0.0,0.0,0.0
2022-01-26 19:17:50.501606,0.0,0.0,0.0
2022-01-26 19:17:51.008367,0.0,0.0,0.0
2022-01-26 19:17:51.502301,0.0,0.0,0.0
2022-01-26 19:17:52.011118,0.0,0.0,0.0
2022-01-26 19:17:52.505489,0.0,0.0,0.0
2022-01-26 19:17:53.002131,0.0,0.0,0.0
2022-01-26 19:17:53.506594,0.0,0.0,0.0
2022-01-26 19:17:54.005051,0.0,0.0,0.0
2022-01-26 19:17:54.502475,0.0,0.0,0.0
2022-01-26 19:17:55.001053,0.0,0.0,0.0
2022-01-26 19:17:55.505489,0.0,0.0,0.0
2022-01-26 19:17:56.002736,0.0,0.0,0.0
2022-01-26 19:17:56.508338,0.0,0.0,0.0
2022-01-26 19:17:57.007200,0.0,0.0,0.0
2022-01-26 19:17:57.502401,0.0,0.0,0.0
2022-01-26 19:17:58.009948,0.0,0.0,0.0
2022-01-26 19:17:58.504389,0.0,0.0,0.0
2022-01-26 19:17:59.002992,0.0,0.0,0.0
2022-01-26 19:17:59.507677,0.0,0.0,0.0
2022-01-26 19:18:00.005687,0.0,0.0,0.0
2022-01-26 19:18:00.504993,0.0,0.0,0.0
2022-01-26 19:18:01.001629,0.0,0.0,0.0
2022-01-26 19:18:01.506773,0.0,0.0,0.0
2022-01-26 19:18:02.005216,0.0,0.0,0.0
2022-01-26 19:18:02.510491,0.0,0.0,0.0
2022-01-26 19:18:03.008890,0.0,0.0,0.0
2022-01-26 19:18:03.502597,0.0,0.0,0.0
2022-01-26 19:18:04.010273,0.0,0.0,0.0
2022-01-26 19:18:04.503888,0.0,0.0,0.0
2022-01-26 19:18:05.003541,0.0,0.0,0.0
2022-01-26 19:18:05.507904,0.0,0.0,0.0
2022-01-26 19:18:06.004558,0.0,0.0,0.0
2022-01-26 19:18:06.508491,0.0,0.0,0.0
2022-01-26 19:18:07.009114,0.0,0.0,0.0
2022-01-26 19:18:07.505142,0.0,0.0,0.0
2022-01-26 19:18:08.002744,0.0,0.0,0.0
2022-01-26 19:18:08.508445,0.0,0.0,0.0
2022-01-26 19:18:09.006393,0.0,0.0,0.0
2022-01-26 19:18:09.510718,0.0,0.0,0.0
2022-01-26 19:18:10.006821,0.0,0.0,0.0
2022-01-26 19:18:10.501077,0.0,0.0,0.0
2022-01-26 19:18:11.005687,0.0,0.0,0.0
2022-01-26 19:18:11.508926,0.0,0.0,0.0
2022-01-26 19:18:12.007449,0.0,0.0,0.0
2022-01-26 19:18:12.503679,0.0,0.0,0.0
2022-01-26 19:18:13.002269,0.0,0.0,0.0
2022-01-26 19:18:13.507594,0.0,0.0,0.0
2022-01-26 19:18:14.005159,0.0,0.0,0.0
2022-01-26 19:18:14.501736,0.0,0.0,0.0
2022-01-26 19:18:15.009703,0.0,0.0,0.0
2022-01-26 19:18:15.504457,0.0,0.0,0.0
2022-01-26 19:18:16.001759,0.0,0.0,0.0
2022-01-26 19:18:16.506520,0.0,0.0,0.0
2022-01-26 19:18:17.003195,0.0,0.0,0.0
2022-01-26 19:18:17.507276,0.0,0.0,0.0
2022-01-26 19:18:18.004330,0.0,0.0,0.0
2022-01-26 19:18:18.509283,0.0,0.0,0.0
2022-01-26 19:18:19.005749,0.0,0.0,0.0
2022-01-26 19:18:19.510298,0.0,0.0,0.0
2022-01-26 19:18:20.007861,0.0,0.0,0.0
2022-01-26 19:18:20.502190,0.0,0.0,0.0
2022-01-26 19:18:21.009769,0.0,0.0,0.0
2022-01-26 19:18:21.503992,0.0,0.0,0.0
2022-01-26 19:18:22.011185,0.0,0.0,0.0
2022-01-26 19:18:22.506954,0.0,0.0,0.0
2022-01-26 19:18:23.004005,0.0,0.0,0.0
2022-01-26 19:18:23.508750,0.0,0.0,0.0
2022-01-26 19:18:24.007539,0.0,0.0,0.0
2022-01-26 19:18:24.511211,0.0,0.0,0.0
2022-01-26 19:18:25.008526,0.0,0.0,0.0
2022-01-26 19:18:25.505084,0.0,0.0,0.0
2022-01-26 19:18:26.002389,0.0,0.0,0.0
2022-01-26 19:18:26.504871,0.0,0.0,0.0
2022-01-26 19:18:27.001912,0.0,0.0,0.0
2022-01-26 19:18:27.506252,0.0,0.0,0.0
2022-01-26 19:18:28.004214,0.0,0.0,0.0
2022-01-26 19:18:28.508238,0.0,0.0,0.0
2022-01-26 19:18:29.006318,0.0,0.0,0.0
2022-01-26 19:18:29.510787,0.0,0.0,0.0
2022-01-26 19:18:30.008470,0.0,0.0,0.0
2022-01-26 19:18:30.503843,0.0,0.0,0.0
2022-01-26 19:18:31.002303,0.0,0.0,0.0
2022-01-26 19:18:31.509119,0.0,0.0,0.0
2022-01-26 19:18:32.007442,0.0,0.0,0.0
2022-01-26 19:18:32.503467,0.0,0.0,0.0
2022-01-26 19:18:33.009909,0.0,0.0,0.0
2022-01-26 19:18:33.504983,0.0,0.0,0.0
2022-01-26 19:18:34.002649,0.0,0.0,0.0
2022-01-26 19:18:34.508234,0.0,0.0,0.0
2022-01-26 19:18:35.005680,0.0,0.0,0.0
2022-01-26 19:18:35.510662,0.0,0.0,0.0
2022-01-26 19:18:36.008533,0.0,0.0,0.0
2022-01-26 19:18:36.503096,0.0,0.0,0.0
2022-01-26 19:18:37.010406,0.0,0.0,0.0
2022-01-26 19:18:37.503996,0.0,0.0,0.0
2022-01-26 19:18:38.001674,0.0,0.0,0.0
2022-01-26 19:18:38.507291,0.0,0.0,0.0
2022-01-26 19:18:39.005099,0.0,0.0,0.0
2022-01-26 19:18:39.509694,0.0,0.0,0.0
2022-01-26 19:18:40.006951,0.0,0.0,0.0
2022-01-26 19:18:40.511013,0.0,0.0,0.0
2022-01-26 19:18:41.009701,0.0,0.0,0.0
2022-01-26 19:18:41.503311,0.0,0.0,0.0
2022-01-26 19:18:42.000925,0.0,0.0,0.0
2022-01-26 19:18:42.505790,0.0,0.0,0.0
2022-01-26 19:18:43.003202,0.0,0.0,0.0
2022-01-26 19:18:43.509030,0.0,0.0,0.0
2022-01-26 19:18:44.006729,0.0,0.0,0.0
2022-01-26 19:18:44.501375,0.0,0.0,0.0
2022-01-26 19:18:45.008509,0.0,0.0,0.0
2022-01-26 19:18:45.503680,0.0,0.0,0.0
2022-01-26 19:18:46.010786,0.0,0.0,0.0
2022-01-26 19:18:46.505102,0.0,0.0,0.0
2022-01-26 19:18:47.001788,0.0,0.0,0.0
2022-01-26 19:18:47.505172,0.0,0.0,0.0
2022-01-26 19:18:48.004593,0.0,0.0,0.0
2022-01-26 19:18:48.509124,0.0,0.0,0.0
2022-01-26 19:18:49.007538,0.0,0.0,0.0
2022-01-26 19:18:49.501381,0.0,0.0,0.0
2022-01-26 19:18:50.008032,0.0,0.0,0.0
2022-01-26 19:18:50.501806,0.0,0.0,0.0
2022-01-26 19:18:51.009041,0.0,0.0,0.0
2022-01-26 19:18:51.503562,0.0,0.0,0.0
2022-01-26 19:18:52.001502,0.0,0.0,0.0
2022-01-26 19:18:52.508621,0.0,0.0,0.0
2022-01-26 19:18:53.005806,0.0,0.0,0.0
2022-01-26 19:18:53.501224,0.0,0.0,0.0
2022-01-26 19:18:54.009481,0.0,0.0,0.0
2022-01-26 19:18:54.504147,0.0,0.0,0.0
2022-01-26 19:18:55.002904,0.0,0.0,0.0
2022-01-26 19:18:55.508884,0.0,0.0,0.0
2022-01-26 19:18:56.007231,0.0,0.0,0.0
2022-01-26 19:18:56.502424,0.0,0.0,0.0
2022-01-26 19:18:57.010319,0.0,0.0,0.0
2022-01-26 19:18:57.505291,0.0,0.0,0.0
2022-01-26 19:18:58.003566,0.0,0.0,0.0
2022-01-26 19:18:58.508677,0.0,0.0,0.0
2022-01-26 19:18:59.004858,0.0,0.0,0.0
2022-01-26 19:18:59.508744,0.0,0.0,0.0
2022-01-26 19:19:00.005766,0.0,0.0,0.0
2022-01-26 19:19:00.503551,0.0,0.0,0.0
2022-01-26 19:19:01.002115,0.0,0.0,0.0
2022-01-26 19:19:01.506746,0.0,0.0,0.0
2022-01-26 19:19:02.003378,0.0,0.0,0.0
2022-01-26 19:19:02.509011,0.0,0.0,0.0
2022-01-26 19:19:03.002793,0.0,0.0,0.0
2022-01-26 19:19:03.506736,0.0,0.0,0.0
2022-01-26 19:19:04.005141,0.0,0.0,0.0
2022-01-26 19:19:04.510230,0.0,0.0,0.0
2022-01-26 19:19:05.007601,0.0,0.0,0.0
2022-01-26 19:19:05.502106,0.0,0.0,0.0
2022-01-26 19:19:06.010308,0.0,0.0,0.0
2022-01-26 19:19:06.506035,0.0,0.0,0.0
2022-01-26 19:19:07.003403,0.0,0.0,0.0
2022-01-26 19:19:07.508075,0.0,0.0,0.0
2022-01-26 19:19:08.006752,0.0,0.0,0.0
2022-01-26 19:19:08.501916,0.0,0.0,0.0
2022-01-26 19:19:09.010752,0.0,0.0,0.0
2022-01-26 19:19:09.505162,0.0,0.0,0.0
2022-01-26 19:19:10.001630,0.0,0.0,0.0
2022-01-26 19:19:10.506070,0.0,0.0,0.0
2022-01-26 19:19:11.003013,0.0,0.0,0.0
2022-01-26 19:19:11.507745,0.0,0.0,0.0
2022-01-26 19:19:12.004702,0.0,0.0,0.0
2022-01-26 19:19:12.507257,0.0,0.0,0.0
2022-01-26 19:19:13.005504,0.0,0.0,0.0
2022-01-26 19:19:13.510711,0.0,0.0,0.0
2022-01-26 19:19:14.008690,0.0,0.0,0.0
2022-01-26 19:19:14.502469,0.0,0.0,0.0
2022-01-26 19:19:15.009292,0.0,0.0,0.0
2022-01-26 19:19:15.504949,0.0,0.0,0.0
2022-01-26 19:19:16.002714,0.0,0.0,0.0
2022-01-26 19:19:16.510771,0.0,0.0,0.0
2022-01-26 19:19:17.007827,0.0,0.0,0.0
2022-01-26 19:19:17.502157,0.0,0.0,0.0
2022-01-26 19:19:18.008693,0.0,0.0,0.0
2022-01-26 19:19:18.503273,0.0,0.0,0.0
2022-01-26 19:19:19.001117,0.0,0.0,0.0
2022-01-26 19:19:19.506800,0.0,0.0,0.0
2022-01-26 19:19:20.005113,0.0,0.0,0.0
2022-01-26 19:19:20.501727,0.0,0.0,0.0
2022-01-26 19:19:21.008724,0.0,0.0,0.0
2022-01-26 19:19:21.502635,0.0,0.0,0.0
2022-01-26 19:19:22.001005,0.0,0.0,0.0
2022-01-26 19:19:22.507270,0.0,0.0,0.0
2022-01-26 19:19:23.005491,0.0,0.0,0.0
2022-01-26 19:19:23.509006,0.0,0.0,0.0
2022-01-26 19:19:24.006978,0.0,0.0,0.0
2022-01-26 19:19:24.502913,0.0,0.0,0.0
2022-01-26 19:19:25.001127,0.0,0.0,0.0
2022-01-26 19:19:25.505548,0.0,0.0,0.0
2022-01-26 19:19:26.003992,0.0,0.0,0.0
2022-01-26 19:19:26.507893,0.0,0.0,0.0
2022-01-26 19:19:27.006127,0.0,0.0,0.0
2022-01-26 19:19:27.502578,0.0,0.0,0.0
2022-01-26 19:19:28.010883,0.0,0.0,0.0
2022-01-26 19:19:28.504492,0.0,0.0,0.0
2022-01-26 19:19:29.002123,0.0,0.0,0.0
2022-01-26 19:19:29.507897,0.0,0.0,0.0
2022-01-26 19:19:30.003688,0.0,0.0,0.0
2022-01-26 19:19:30.503196,0.0,0.0,0.0
2022-01-26 19:19:31.011317,0.0,0.0,0.0
2022-01-26 19:19:31.506330,0.0,0.0,0.0
2022-01-26 19:19:32.005243,0.0,0.0,0.0
2022-01-26 19:19:32.509710,0.0,0.0,0.0
2022-01-26 19:19:33.007911,0.0,0.0,0.0
2022-01-26 19:19:33.502198,0.0,0.0,0.0
2022-01-26 19:19:34.009358,0.0,0.0,0.0
2022-01-26 19:19:34.505206,0.0,0.0,0.0
2022-01-26 19:19:35.002295,0.0,0.0,0.0
2022-01-26 19:19:35.506317,0.0,0.0,0.0
2022-01-26 19:19:36.004340,0.0,0.0,0.0
2022-01-26 19:19:36.508738,0.0,0.0,0.0
2022-01-26 19:19:37.007067,0.0,0.0,0.0
2022-01-26 19:19:37.505186,0.0,0.0,0.0
2022-01-26 19:19:38.004092,0.0,0.0,0.0
2022-01-26 19:19:38.510088,0.0,0.0,0.0
2022-01-26 19:19:39.007942,0.0,0.0,0.0
2022-01-26 19:19:39.503359,0.0,0.0,0.0
2022-01-26 19:19:40.002067,0.0,0.0,0.0
2022-01-26 19:19:40.507230,0.0,0.0,0.0
2022-01-26 19:19:41.003783,0.0,0.0,0.0
2022-01-26 19:19:41.509279,0.0,0.0,0.0
2022-01-26 19:19:42.006797,0.0,0.0,0.0
2022-01-26 19:19:42.510826,0.0,0.0,0.0
2022-01-26 19:19:43.007742,0.0,0.0,0.0
2022-01-26 19:19:43.503778,0.0,0.0,0.0
2022-01-26 19:19:44.002356,0.0,0.0,0.0
2022-01-26 19:19:44.507751,0.0,0.0,0.0
2022-01-26 19:19:45.005174,0.0,0.0,0.0
2022-01-26 19:19:45.501255,0.0,0.0,0.0
2022-01-26 19:19:46.009131,0.0,0.0,0.0
2022-01-26 19:19:46.503756,0.0,0.0,0.0
2022-01-26 19:19:47.001497,0.0,0.0,0.0
2022-01-26 19:19:47.509203,0.0,0.0,0.0
2022-01-26 19:19:48.006367,0.0,0.0,0.0
2022-01-26 19:19:48.510294,0.0,0.0,0.0
2022-01-26 19:19:49.007312,0.0,0.0,0.0
2022-01-26 19:19:49.504187,0.0,0.0,0.0
2022-01-26 19:19:50.011188,0.0,0.0,0.0
2022-01-26 19:19:50.505548,0.0,0.0,0.0
2022-01-26 19:19:51.001730,0.0,0.0,0.0
2022-01-26 19:19:51.507455,0.0,0.0,0.0
2022-01-26 19:19:52.002742,0.0,0.0,0.0
2022-01-26 19:19:52.508131,0.0,0.0,0.0
2022-01-26 19:19:53.005082,0.0,0.0,0.0
2022-01-26 19:19:53.509027,0.0,0.0,0.0
2022-01-26 19:19:54.009496,0.0,0.0,0.0
2022-01-26 19:19:54.505863,0.0,0.0,0.0
2022-01-26 19:19:55.003615,0.0,0.0,0.0
2022-01-26 19:19:55.508937,0.0,0.0,0.0
2022-01-26 19:19:56.006863,0.0,0.0,0.0
2022-01-26 19:19:56.503218,0.0,0.0,0.0
2022-01-26 19:19:57.001356,0.0,0.0,0.0
2022-01-26 19:19:57.505856,0.0,0.0,0.0
2022-01-26 19:19:58.003226,0.0,0.0,0.0
2022-01-26 19:19:58.509999,0.0,0.0,0.0
2022-01-26 19:19:59.006648,0.0,0.0,0.0
2022-01-26 19:19:59.502115,0.0,0.0,0.0
2022-01-26 19:20:00.009117,0.0,0.0,0.0
2022-01-26 19:20:00.510008,0.0,0.0,0.0
2022-01-26 19:20:01.007473,0.0,0.0,0.0
2022-01-26 19:20:01.502626,0.0,0.0,0.0
2022-01-26 19:20:02.002294,0.0,0.0,0.0
2022-01-26 19:20:02.507916,0.0,0.0,0.0
2022-01-26 19:20:03.006746,0.0,0.0,0.0
2022-01-26 19:20:03.510607,0.0,0.0,0.0
2022-01-26 19:20:04.008013,0.0,0.0,0.0
2022-01-26 19:20:04.501182,0.0,0.0,0.0
2022-01-26 19:20:05.007770,0.0,0.0,0.0
2022-01-26 19:20:05.503705,0.0,0.0,0.0
2022-01-26 19:20:06.001375,0.0,0.0,0.0
2022-01-26 19:20:06.506635,0.0,0.0,0.0
2022-01-26 19:20:07.003610,0.0,0.0,0.0
2022-01-26 19:20:07.508088,0.0,0.0,0.0
2022-01-26 19:20:08.006028,0.0,0.0,0.0
2022-01-26 19:20:08.510058,0.0,0.0,0.0
2022-01-26 19:20:09.008941,0.0,0.0,0.0
2022-01-26 19:20:09.503866,0.0,0.0,0.0
2022-01-26 19:20:10.001326,0.0,0.0,0.0
2022-01-26 19:20:10.505676,0.0,0.0,0.0
2022-01-26 19:20:11.002458,0.0,0.0,0.0
2022-01-26 19:20:11.508741,0.0,0.0,0.0
2022-01-26 19:20:12.007141,0.0,0.0,0.0
2022-01-26 19:20:12.502437,0.0,0.0,0.0
2022-01-26 19:20:13.001088,0.0,0.0,0.0
2022-01-26 19:20:13.504912,0.0,0.0,0.0
2022-01-26 19:20:14.002471,0.0,0.0,0.0
2022-01-26 19:20:14.507176,0.0,0.0,0.0
2022-01-26 19:20:15.005052,0.0,0.0,0.0
2022-01-26 19:20:15.502575,0.0,0.0,0.0
2022-01-26 19:20:16.007876,0.0,0.0,0.0
2022-01-26 19:20:16.501051,0.0,0.0,0.0
2022-01-26 19:20:17.008543,0.0,0.0,0.0
2022-01-26 19:20:17.502619,0.0,0.0,0.0
2022-01-26 19:20:18.011018,0.0,0.0,0.0
2022-01-26 19:20:18.505715,0.0,0.0,0.0
2022-01-26 19:20:19.003639,0.0,0.0,0.0
2022-01-26 19:20:19.507993,0.0,0.0,0.0
2022-01-26 19:20:20.006774,0.0,0.0,0.0
2022-01-26 19:20:20.510625,0.0,0.0,0.0
2022-01-26 19:20:21.006109,0.0,0.0,0.0
2022-01-26 19:20:21.509849,0.0,0.0,0.0
2022-01-26 19:20:22.006100,0.0,0.0,0.0
2022-01-26 19:20:22.502012,0.0,0.0,0.0
2022-01-26 19:20:23.010355,0.0,0.0,0.0
2022-01-26 19:20:23.505153,0.0,0.0,0.0
2022-01-26 19:20:24.002733,0.0,0.0,0.0
2022-01-26 19:20:24.509301,0.0,0.0,0.0
2022-01-26 19:20:25.002666,0.0,0.0,0.0
2022-01-26 19:20:25.507318,0.0,0.0,0.0
2022-01-26 19:20:26.005367,0.0,0.0,0.0
2022-01-26 19:20:26.508879,0.0,0.0,0.0
2022-01-26 19:20:27.006484,0.0,0.0,0.0
2022-01-26 19:20:27.510880,0.0,0.0,0.0
2022-01-26 19:20:28.007908,0.0,0.0,0.0
2022-01-26 19:20:28.507009,0.0,0.0,0.0
2022-01-26 19:20:29.005460,0.0,0.0,0.0
2022-01-26 19:20:29.510437,0.0,0.0,0.0
2022-01-26 19:20:30.008288,0.0,0.0,0.0
2022-01-26 19:20:30.504232,0.0,0.0,0.0
2022-01-26 19:20:31.001945,0.0,0.0,0.0
2022-01-26 19:20:31.506506,0.0,0.0,0.0
2022-01-26 19:20:32.004747,0.0,0.0,0.0
2022-01-26 19:20:32.501714,0.0,0.0,0.0
2022-01-26 19:20:33.010700,0.0,0.0,0.0
2022-01-26 19:20:33.505710,0.0,0.0,0.0
2022-01-26 19:20:34.002768,0.0,0.0,0.0
2022-01-26 19:20:34.507164,0.0,0.0,0.0
2022-01-26 19:20:35.005368,0.0,0.0,0.0
2022-01-26 19:20:35.510308,0.0,0.0,0.0
2022-01-26 19:20:36.007901,0.0,0.0,0.0
2022-01-26 19:20:36.502970,0.0,0.0,0.0
2022-01-26 19:20:37.010988,0.0,0.0,0.0
2022-01-26 19:20:37.508716,0.0,0.0,0.0
2022-01-26 19:20:38.005380,0.0,0.0,0.0
2022-01-26 19:20:38.509485,0.0,0.0,0.0
2022-01-26 19:20:39.006428,0.0,0.0,0.0
2022-01-26 19:20:39.502331,0.0,0.0,0.0
2022-01-26 19:20:40.009858,0.0,0.0,0.0
2022-01-26 19:20:40.502553,0.0,0.0,0.0
2022-01-26 19:20:41.009174,0.0,0.0,0.0
2022-01-26 19:20:41.505368,0.0,0.0,0.0
2022-01-26 19:20:42.001068,0.0,0.0,0.0
2022-01-26 19:20:42.510481,0.0,0.0,0.0
2022-01-26 19:20:43.006397,0.0,0.0,0.0
2022-01-26 19:20:43.509025,0.0,0.0,0.0
2022-01-26 19:20:44.000561,0.0,0.0,0.0
2022-01-26 19:20:44.508106,0.0,0.0,0.0
2022-01-26 19:20:45.005510,0.0,0.0,0.0
2022-01-26 19:20:45.509977,0.0,0.0,0.0
2022-01-26 19:20:46.007227,0.0,0.0,0.0
2022-01-26 19:20:46.510950,0.0,0.0,0.0
2022-01-26 19:20:47.005925,0.0,0.0,0.0
2022-01-26 19:20:47.507266,0.0,0.0,0.0
2022-01-26 19:20:48.009367,0.0,0.0,0.0
2022-01-26 19:20:48.502919,0.0,0.0,0.0
2022-01-26 19:20:49.011189,0.0,0.0,0.0
2022-01-26 19:20:49.510509,0.0,0.0,0.0
2022-01-26 19:20:50.006389,0.0,0.0,0.0
2022-01-26 19:20:50.508892,0.0,0.0,0.0
2022-01-26 19:20:51.006393,0.0,0.0,0.0
2022-01-26 19:20:51.501798,0.0,0.0,0.0
2022-01-26 19:20:52.003434,0.0,0.0,0.0
2022-01-26 19:20:52.507196,0.0,0.0,0.0
2022-01-26 19:20:53.001342,0.0,0.0,0.0
2022-01-26 19:20:53.506196,0.0,0.0,0.0
2022-01-26 19:20:54.009694,0.0,0.0,0.0
2022-01-26 19:20:54.504730,0.0,0.0,0.0
2022-01-26 19:20:55.007842,0.0,0.0,0.0
2022-01-26 19:20:55.502370,0.0,0.0,0.0
2022-01-26 19:20:56.010309,0.0,0.0,0.0
2022-01-26 19:20:56.506698,0.0,0.0,0.0
2022-01-26 19:20:57.004117,0.0,0.0,0.0
2022-01-26 19:20:57.509516,0.0,0.0,0.0
2022-01-26 19:20:58.006916,0.0,0.0,0.0
2022-01-26 19:20:58.502697,0.0,0.0,0.0
2022-01-26 19:20:59.009841,0.0,0.0,0.0
2022-01-26 19:20:59.503784,0.0,0.0,0.0
2022-01-26 19:21:00.002306,0.0,0.0,0.0
2022-01-26 19:21:00.505063,0.0,0.0,0.0
2022-01-26 19:21:01.003439,0.0,0.0,0.0
2022-01-26 19:21:01.503740,0.0,0.0,0.0
2022-01-26 19:21:02.001826,0.0,0.0,0.0
2022-01-26 19:21:02.503310,0.0,0.0,0.0
2022-01-26 19:21:03.004537,0.0,0.0,0.0
2022-01-26 19:21:03.508726,0.0,0.0,0.0
2022-01-26 19:21:04.006245,0.0,0.0,0.0
2022-01-26 19:21:05.005148,0.0,0.0,0.0
2022-01-26 19:21:05.510312,0.0,0.0,0.0
2022-01-26 19:21:06.007142,0.0,0.0,0.0
2022-01-26 19:21:06.502241,0.0,0.0,0.0
2022-01-26 19:21:07.010296,0.0,0.0,0.0
2022-01-26 19:21:07.504327,0.0,0.0,0.0
2022-01-26 19:21:08.009158,0.0,0.0,0.0
2022-01-26 19:21:08.502893,0.0,0.0,0.0
2022-01-26 19:21:09.010067,0.0,0.0,0.0
2022-01-26 19:21:09.504868,0.0,0.0,0.0
2022-01-26 19:21:10.003422,0.0,0.0,0.0
2022-01-26 19:21:10.508575,0.0,0.0,0.0
2022-01-26 19:21:11.007571,0.0,0.0,0.0
2022-01-26 19:21:11.510815,0.0,0.0,0.0
2022-01-26 19:21:12.008657,0.0,0.0,0.0
2022-01-26 19:21:12.503745,0.0,0.0,0.0
2022-01-26 19:21:13.002268,0.0,0.0,0.0
2022-01-26 19:21:13.507874,0.0,0.0,0.0
2022-01-26 19:21:14.006217,0.0,0.0,0.0
2022-01-26 19:21:14.510854,0.0,0.0,0.0
2022-01-26 19:21:15.008496,0.0,0.0,0.0
2022-01-26 19:21:15.504957,0.0,0.0,0.0
2022-01-26 19:21:16.004128,0.0,0.0,0.0
2022-01-26 19:21:16.510092,0.0,0.0,0.0
2022-01-26 19:21:17.007765,0.0,0.0,0.0
2022-01-26 19:21:17.510653,0.0,0.0,0.0
2022-01-26 19:21:18.008570,0.0,0.0,0.0
2022-01-26 19:21:18.504441,0.0,0.0,0.0
2022-01-26 19:21:19.003476,0.0,0.0,0.0
2022-01-26 19:21:19.509543,0.0,0.0,0.0
2022-01-26 19:21:20.008034,0.0,0.0,0.0
2022-01-26 19:21:20.504032,0.0,0.0,0.0
2022-01-26 19:21:21.001519,0.0,0.0,0.0
2022-01-26 19:21:21.507254,0.0,0.0,0.0
2022-01-26 19:21:22.005201,0.0,0.0,0.0
2022-01-26 19:21:22.501266,0.0,0.0,0.0
2022-01-26 19:21:23.009524,0.0,0.0,0.0
2022-01-26 19:21:23.506760,0.0,0.0,0.0
2022-01-26 19:21:24.004359,0.0,0.0,0.0
2022-01-26 19:21:24.510130,0.0,0.0,0.0
2022-01-26 19:21:25.008008,0.0,0.0,0.0
2022-01-26 19:21:25.505769,0.0,0.0,0.0
2022-01-26 19:21:26.004038,0.0,0.0,0.0
2022-01-26 19:21:26.509486,0.0,0.0,0.0
2022-01-26 19:21:27.007315,0.0,0.0,0.0
2022-01-26 19:21:27.502785,0.0,0.0,0.0
2022-01-26 19:21:28.010703,0.0,0.0,0.0
2022-01-26 19:21:28.506175,0.0,0.0,0.0
2022-01-26 19:21:29.003380,0.0,0.0,0.0
2022-01-26 19:21:29.508202,0.0,0.0,0.0
2022-01-26 19:21:30.006424,0.0,0.0,0.0
2022-01-26 19:21:30.510402,0.0,0.0,0.0
2022-01-26 19:21:31.007583,0.0,0.0,0.0
2022-01-26 19:21:31.504023,0.0,0.0,0.0
