時間,回転１,回転２,回転３
2022-01-18 20:00:00.006950,0.0,0.0,0.0
2022-01-18 20:00:00.501449,0.0,0.0,0.0
2022-01-18 20:00:01.008145,0.0,0.0,0.0
2022-01-18 20:00:01.503581,0.0,0.0,0.0
2022-01-18 20:00:02.003038,0.0,0.0,0.0
2022-01-18 20:00:02.500549,0.0,0.0,0.0
2022-01-18 20:00:03.009092,0.0,0.0,0.0
2022-01-18 20:00:03.502388,0.0,0.0,0.0
2022-01-18 20:00:04.006318,0.0,0.0,0.0
2022-01-18 20:00:04.501212,0.0,0.0,0.0
2022-01-18 20:00:05.008900,0.0,0.0,0.0
2022-01-18 20:00:05.502571,0.0,0.0,0.0
2022-01-18 20:00:06.009228,0.0,0.0,0.0
2022-01-18 20:00:06.501924,0.0,0.0,0.0
2022-01-18 20:00:07.008826,0.0,0.0,0.0
2022-01-18 20:00:07.502546,0.0,0.0,0.0
2022-01-18 20:00:08.009954,0.0,0.0,0.0
2022-01-18 20:00:08.504451,0.0,0.0,0.0
2022-01-18 20:00:09.003613,0.0,0.0,0.0
2022-01-18 20:00:09.506631,0.0,0.0,0.0
2022-01-18 20:00:10.005229,0.0,0.0,0.0
2022-01-18 20:00:10.509556,0.0,0.0,0.0
2022-01-18 20:00:11.003693,0.0,0.0,0.0
2022-01-18 20:00:11.510292,0.0,0.0,0.0
2022-01-18 20:00:12.007209,0.0,0.0,0.0
2022-01-18 20:00:12.503496,0.0,0.0,0.0
2022-01-18 20:00:13.002767,0.0,0.0,0.0
2022-01-18 20:00:13.509430,0.0,0.0,0.0
2022-01-18 20:00:14.007206,0.0,0.0,0.0
2022-01-18 20:00:14.501076,0.0,0.0,0.0
2022-01-18 20:00:15.008253,0.0,0.0,0.0
2022-01-18 20:00:15.504237,0.0,0.0,0.0
2022-01-18 20:00:16.001759,0.0,0.0,0.0
2022-01-18 20:00:16.505986,0.0,0.0,0.0
2022-01-18 20:00:17.003623,0.0,0.0,0.0
2022-01-18 20:00:17.509933,0.0,0.0,0.0
2022-01-18 20:00:18.007891,0.0,0.0,0.0
2022-01-18 20:00:18.502134,0.0,0.0,0.0
2022-01-18 20:00:19.010590,0.0,0.0,0.0
2022-01-18 20:00:19.509027,0.0,0.0,0.0
2022-01-18 20:00:20.008143,0.0,0.0,0.0
2022-01-18 20:00:20.502740,0.0,0.0,0.0
2022-01-18 20:00:21.001182,0.0,0.0,0.0
2022-01-18 20:00:21.504703,0.0,0.0,0.0
2022-01-18 20:00:22.002819,0.0,0.0,0.0
2022-01-18 20:00:22.508728,0.0,0.0,0.0
2022-01-18 20:00:23.006968,0.0,0.0,0.0
2022-01-18 20:00:23.501194,0.0,0.0,0.0
2022-01-18 20:00:24.009220,0.0,0.0,0.0
2022-01-18 20:00:24.506138,0.0,0.0,0.0
2022-01-18 20:00:25.003595,0.0,0.0,0.0
2022-01-18 20:00:25.509154,0.0,0.0,0.0
2022-01-18 20:00:26.007104,0.0,0.0,0.0
2022-01-18 20:00:26.511179,0.0,0.0,0.0
2022-01-18 20:00:27.008717,0.0,0.0,0.0
2022-01-18 20:00:27.500978,0.0,0.0,0.0
2022-01-18 20:00:28.009828,0.0,0.0,0.0
2022-01-18 20:00:28.501841,0.0,0.0,0.0
2022-01-18 20:00:29.001726,0.0,0.0,0.0
2022-01-18 20:00:29.501759,0.0,0.0,0.0
2022-01-18 20:00:30.002877,0.0,0.0,0.0
2022-01-18 20:00:30.506825,0.0,0.0,0.0
2022-01-18 20:00:31.005644,0.0,0.0,0.0
2022-01-18 20:00:31.509924,0.0,0.0,0.0
2022-01-18 20:00:32.008060,0.0,0.0,0.0
2022-01-18 20:00:32.501708,0.0,0.0,0.0
2022-01-18 20:00:33.010216,0.0,0.0,0.0
2022-01-18 20:00:33.505207,0.0,0.0,0.0
2022-01-18 20:00:34.004576,0.0,0.0,0.0
2022-01-18 20:00:34.509555,0.0,0.0,0.0
2022-01-18 20:00:35.006323,0.0,0.0,0.0
2022-01-18 20:00:35.501781,0.0,0.0,0.0
2022-01-18 20:00:36.010193,0.0,0.0,0.0
2022-01-18 20:00:36.503858,0.0,0.0,0.0
2022-01-18 20:00:37.003961,0.0,0.0,0.0
2022-01-18 20:00:37.501072,0.0,0.0,0.0
2022-01-18 20:00:38.010020,0.0,0.0,0.0
2022-01-18 20:00:38.506064,0.0,0.0,0.0
2022-01-18 20:00:39.003787,0.0,0.0,0.0
2022-01-18 20:00:39.508064,0.0,0.0,0.0
2022-01-18 20:00:40.006255,0.0,0.0,0.0
2022-01-18 20:00:40.511101,0.0,0.0,0.0
2022-01-18 20:00:41.008275,0.0,0.0,0.0
2022-01-18 20:00:41.502815,0.0,0.0,0.0
2022-01-18 20:00:42.002833,0.0,0.0,0.0
2022-01-18 20:00:42.507033,0.0,0.0,0.0
2022-01-18 20:00:43.004329,0.0,0.0,0.0
2022-01-18 20:00:43.509957,0.0,0.0,0.0
2022-01-18 20:00:44.007418,0.0,0.0,0.0
2022-01-18 20:00:44.503193,0.0,0.0,0.0
2022-01-18 20:00:45.000735,0.0,0.0,0.0
2022-01-18 20:00:45.504456,0.0,0.0,0.0
2022-01-18 20:00:46.002322,0.0,0.0,0.0
2022-01-18 20:00:46.509054,0.0,0.0,0.0
2022-01-18 20:00:47.006693,0.0,0.0,0.0
2022-01-18 20:00:47.501746,0.0,0.0,0.0
2022-01-18 20:00:48.010411,0.0,0.0,0.0
2022-01-18 20:00:48.504608,0.0,0.0,0.0
2022-01-18 20:00:49.002341,0.0,0.0,0.0
2022-01-18 20:00:49.505798,0.0,0.0,0.0
2022-01-18 20:00:50.004187,0.0,0.0,0.0
2022-01-18 20:00:50.508940,0.0,0.0,0.0
2022-01-18 20:00:51.008590,0.0,0.0,0.0
2022-01-18 20:00:51.504271,0.0,0.0,0.0
2022-01-18 20:00:52.002975,0.0,0.0,0.0
2022-01-18 20:00:52.507778,0.0,0.0,0.0
2022-01-18 20:00:53.005354,0.0,0.0,0.0
2022-01-18 20:00:53.509356,0.0,0.0,0.0
2022-01-18 20:00:54.007320,0.0,0.0,0.0
2022-01-18 20:00:54.510026,0.0,0.0,0.0
2022-01-18 20:00:55.002070,0.0,0.0,0.0
2022-01-18 20:00:55.509809,0.0,0.0,0.0
2022-01-18 20:00:56.010119,0.0,0.0,0.0
2022-01-18 20:00:56.503896,0.0,0.0,0.0
2022-01-18 20:00:57.001725,0.0,0.0,0.0
2022-01-18 20:00:57.505718,0.0,0.0,0.0
2022-01-18 20:00:58.002158,0.0,0.0,0.0
2022-01-18 20:00:58.507992,0.0,0.0,0.0
2022-01-18 20:00:59.003713,0.0,0.0,0.0
2022-01-18 20:00:59.508361,0.0,0.0,0.0
2022-01-18 20:01:00.006273,0.0,0.0,0.0
2022-01-18 20:01:00.501459,0.0,0.0,0.0
2022-01-18 20:01:01.009231,0.0,0.0,0.0
2022-01-18 20:01:01.503087,0.0,0.0,0.0
2022-01-18 20:01:02.001371,0.0,0.0,0.0
2022-01-18 20:01:02.506708,0.0,0.0,0.0
2022-01-18 20:01:03.006613,0.0,0.0,0.0
2022-01-18 20:01:03.502514,0.0,0.0,0.0
2022-01-18 20:01:04.010011,0.0,0.0,0.0
2022-01-18 20:01:04.505049,0.0,0.0,0.0
2022-01-18 20:01:05.003228,0.0,0.0,0.0
2022-01-18 20:01:05.507812,0.0,0.0,0.0
2022-01-18 20:01:06.006106,0.0,0.0,0.0
2022-01-18 20:01:06.511814,0.0,0.0,0.0
2022-01-18 20:01:07.009224,0.0,0.0,0.0
2022-01-18 20:01:07.504142,0.0,0.0,0.0
2022-01-18 20:01:08.003063,0.0,0.0,0.0
2022-01-18 20:01:08.509731,0.0,0.0,0.0
2022-01-18 20:01:09.007468,0.0,0.0,0.0
2022-01-18 20:01:09.501975,0.0,0.0,0.0
2022-01-18 20:01:10.010906,0.0,0.0,0.0
2022-01-18 20:01:10.504334,0.0,0.0,0.0
2022-01-18 20:01:11.005194,0.0,0.0,0.0
2022-01-18 20:01:11.509964,0.0,0.0,0.0
2022-01-18 20:01:12.008155,0.0,0.0,0.0
2022-01-18 20:01:12.503072,0.0,0.0,0.0
2022-01-18 20:01:13.010980,0.0,0.0,0.0
2022-01-18 20:01:13.506378,0.0,0.0,0.0
2022-01-18 20:01:14.003935,0.0,0.0,0.0
2022-01-18 20:01:14.509725,0.0,0.0,0.0
2022-01-18 20:01:15.006160,0.0,0.0,0.0
2022-01-18 20:01:16.005197,0.0,0.0,0.0
2022-01-18 20:01:16.510570,0.0,0.0,0.0
2022-01-18 20:01:17.009902,0.0,0.0,0.0
2022-01-18 20:01:17.507400,0.0,0.0,0.0
2022-01-18 20:01:18.006454,0.0,0.0,0.0
2022-01-18 20:01:19.005309,0.0,0.0,0.0
2022-01-18 20:01:19.510911,0.0,0.0,0.0
2022-01-18 20:01:20.008619,0.0,0.0,0.0
2022-01-18 20:01:20.503782,0.0,0.0,0.0
2022-01-18 20:01:21.002012,0.0,0.0,0.0
2022-01-18 20:01:21.506742,0.0,0.0,0.0
2022-01-18 20:01:22.005054,0.0,0.0,0.0
2022-01-18 20:01:22.503938,0.0,0.0,0.0
2022-01-18 20:01:23.002673,0.0,0.0,0.0
2022-01-18 20:01:23.508695,0.0,0.0,0.0
2022-01-18 20:01:24.005463,0.0,0.0,0.0
2022-01-18 20:01:24.509434,0.0,0.0,0.0
2022-01-18 20:01:25.008476,0.0,0.0,0.0
2022-01-18 20:01:25.502361,0.0,0.0,0.0
2022-01-18 20:01:26.010540,0.0,0.0,0.0
2022-01-18 20:01:26.506328,0.0,0.0,0.0
2022-01-18 20:01:27.004206,0.0,0.0,0.0
2022-01-18 20:01:27.508917,0.0,0.0,0.0
2022-01-18 20:01:28.007047,0.0,0.0,0.0
2022-01-18 20:01:28.502898,0.0,0.0,0.0
2022-01-18 20:01:29.001900,0.0,0.0,0.0
2022-01-18 20:01:29.507462,0.0,0.0,0.0
2022-01-18 20:01:30.006204,0.0,0.0,0.0
2022-01-18 20:01:30.510263,0.0,0.0,0.0
2022-01-18 20:01:31.009277,0.0,0.0,0.0
2022-01-18 20:01:31.502771,0.0,0.0,0.0
2022-01-18 20:01:32.002514,0.0,0.0,0.0
2022-01-18 20:01:32.509307,0.0,0.0,0.0
2022-01-18 20:01:33.006208,0.0,0.0,0.0
2022-01-18 20:01:33.510427,0.0,0.0,0.0
2022-01-18 20:01:34.008723,0.0,0.0,0.0
2022-01-18 20:01:34.502776,0.0,0.0,0.0
2022-01-18 20:01:35.009700,0.0,0.0,0.0
2022-01-18 20:01:35.506653,0.0,0.0,0.0
2022-01-18 20:01:36.004548,0.0,0.0,0.0
2022-01-18 20:01:36.510394,0.0,0.0,0.0
2022-01-18 20:01:37.006730,0.0,0.0,0.0
2022-01-18 20:01:37.510994,0.0,0.0,0.0
2022-01-18 20:01:38.009341,0.0,0.0,0.0
2022-01-18 20:01:38.504770,0.0,0.0,0.0
2022-01-18 20:01:39.002995,0.0,0.0,0.0
2022-01-18 20:01:39.507221,0.0,0.0,0.0
2022-01-18 20:01:40.004889,0.0,0.0,0.0
2022-01-18 20:01:40.501062,0.0,0.0,0.0
2022-01-18 20:01:41.005927,0.0,0.0,0.0
2022-01-18 20:01:41.510696,0.0,0.0,0.0
2022-01-18 20:01:42.010857,0.0,0.0,0.0
2022-01-18 20:01:42.506823,0.0,0.0,0.0
2022-01-18 20:01:43.005641,0.0,0.0,0.0
2022-01-18 20:01:43.501180,0.0,0.0,0.0
2022-01-18 20:01:44.008027,0.0,0.0,0.0
2022-01-18 20:01:44.502768,0.0,0.0,0.0
2022-01-18 20:01:45.002617,0.0,0.0,0.0
2022-01-18 20:01:45.506730,0.0,0.0,0.0
2022-01-18 20:01:46.006774,0.0,0.0,0.0
2022-01-18 20:01:46.501888,0.0,0.0,0.0
2022-01-18 20:01:47.010030,0.0,0.0,0.0
2022-01-18 20:01:47.505389,0.0,0.0,0.0
2022-01-18 20:01:48.002742,0.0,0.0,0.0
2022-01-18 20:01:48.506788,0.0,0.0,0.0
2022-01-18 20:01:49.003501,0.0,0.0,0.0
2022-01-18 20:01:49.509225,0.0,0.0,0.0
2022-01-18 20:01:50.006293,0.0,0.0,0.0
2022-01-18 20:01:50.510334,0.0,0.0,0.0
2022-01-18 20:01:51.010072,0.0,0.0,0.0
2022-01-18 20:01:51.504604,0.0,0.0,0.0
2022-01-18 20:01:52.001827,0.0,0.0,0.0
2022-01-18 20:01:52.508339,0.0,0.0,0.0
2022-01-18 20:01:53.007028,0.0,0.0,0.0
2022-01-18 20:01:53.501915,0.0,0.0,0.0
2022-01-18 20:01:54.009885,0.0,0.0,0.0
2022-01-18 20:01:54.507025,0.0,0.0,0.0
2022-01-18 20:01:55.003957,0.0,0.0,0.0
2022-01-18 20:01:55.509145,0.0,0.0,0.0
2022-01-18 20:01:56.008424,0.0,0.0,0.0
2022-01-18 20:01:56.502267,0.0,0.0,0.0
2022-01-18 20:01:57.011280,0.0,0.0,0.0
2022-01-18 20:01:57.506367,0.0,0.0,0.0
2022-01-18 20:01:58.003161,0.0,0.0,0.0
2022-01-18 20:01:58.508925,0.0,0.0,0.0
2022-01-18 20:01:59.006509,0.0,0.0,0.0
2022-01-18 20:01:59.501799,0.0,0.0,0.0
2022-01-18 20:02:00.009077,0.0,0.0,0.0
2022-01-18 20:02:00.501930,0.0,0.0,0.0
2022-01-18 20:02:01.010812,0.0,0.0,0.0
2022-01-18 20:02:01.505700,0.0,0.0,0.0
2022-01-18 20:02:02.002986,0.0,0.0,0.0
2022-01-18 20:02:02.511174,0.0,0.0,0.0
2022-01-18 20:02:03.009624,0.0,0.0,0.0
2022-01-18 20:02:03.503272,0.0,0.0,0.0
2022-01-18 20:02:04.011122,0.0,0.0,0.0
2022-01-18 20:02:04.505865,0.0,0.0,0.0
2022-01-18 20:02:05.004389,0.0,0.0,0.0
2022-01-18 20:02:05.508137,0.0,0.0,0.0
2022-01-18 20:02:06.005570,0.0,0.0,0.0
2022-01-18 20:02:06.509917,0.0,0.0,0.0
2022-01-18 20:02:07.011154,0.0,0.0,0.0
2022-01-18 20:02:07.504233,0.0,0.0,0.0
2022-01-18 20:02:08.001803,0.0,0.0,0.0
2022-01-18 20:02:08.506660,0.0,0.0,0.0
2022-01-18 20:02:09.003762,0.0,0.0,0.0
2022-01-18 20:02:09.507451,0.0,0.0,0.0
2022-01-18 20:02:10.004788,0.0,0.0,0.0
2022-01-18 20:02:10.510056,0.0,0.0,0.0
2022-01-18 20:02:11.003875,0.0,0.0,0.0
2022-01-18 20:02:11.501697,0.0,0.0,0.0
2022-01-18 20:02:12.008853,0.0,0.0,0.0
2022-01-18 20:02:12.503431,0.0,0.0,0.0
2022-01-18 20:02:13.002200,0.0,0.0,0.0
2022-01-18 20:02:13.507303,0.0,0.0,0.0
2022-01-18 20:02:14.006421,0.0,0.0,0.0
2022-01-18 20:02:15.004185,0.0,0.0,0.0
2022-01-18 20:02:15.509306,0.0,0.0,0.0
2022-01-18 20:02:16.006629,0.0,0.0,0.0
2022-01-18 20:02:16.503936,0.0,0.0,0.0
2022-01-18 20:02:17.003451,0.0,0.0,0.0
2022-01-18 20:02:17.510422,0.0,0.0,0.0
2022-01-18 20:02:18.007922,0.0,0.0,0.0
2022-01-18 20:02:18.510787,0.0,0.0,0.0
2022-01-18 20:02:19.009422,0.0,0.0,0.0
2022-01-18 20:02:19.505181,0.0,0.0,0.0
2022-01-18 20:02:20.003256,0.0,0.0,0.0
2022-01-18 20:02:20.509212,0.0,0.0,0.0
2022-01-18 20:02:21.007223,0.0,0.0,0.0
2022-01-18 20:02:21.510707,0.0,0.0,0.0
2022-01-18 20:02:22.008561,0.0,0.0,0.0
2022-01-18 20:02:22.503509,0.0,0.0,0.0
2022-01-18 20:02:23.010321,0.0,0.0,0.0
2022-01-18 20:02:23.504663,0.0,0.0,0.0
2022-01-18 20:02:24.004716,0.0,0.0,0.0
2022-01-18 20:02:24.509252,0.0,0.0,0.0
2022-01-18 20:02:25.006982,0.0,0.0,0.0
2022-01-18 20:02:25.503736,0.0,0.0,0.0
2022-01-18 20:02:26.002305,0.0,0.0,0.0
2022-01-18 20:02:26.507310,0.0,0.0,0.0
2022-01-18 20:02:27.004590,0.0,0.0,0.0
2022-01-18 20:02:27.506812,0.0,0.0,0.0
2022-01-18 20:02:28.004335,0.0,0.0,0.0
2022-01-18 20:02:28.510523,0.0,0.0,0.0
2022-01-18 20:02:29.008659,0.0,0.0,0.0
2022-01-18 20:02:29.504126,0.0,0.0,0.0
2022-01-18 20:02:30.003469,0.0,0.0,0.0
2022-01-18 20:02:30.508019,0.0,0.0,0.0
2022-01-18 20:02:31.007035,0.0,0.0,0.0
2022-01-18 20:02:31.510313,0.0,0.0,0.0
2022-01-18 20:02:32.007772,0.0,0.0,0.0
2022-01-18 20:02:32.502300,0.0,0.0,0.0
2022-01-18 20:02:33.009388,0.0,0.0,0.0
2022-01-18 20:02:33.504290,0.0,0.0,0.0
2022-01-18 20:02:34.001315,0.0,0.0,0.0
2022-01-18 20:02:34.508305,0.0,0.0,0.0
2022-01-18 20:02:35.005842,0.0,0.0,0.0
2022-01-18 20:02:35.510207,0.0,0.0,0.0
2022-01-18 20:02:36.009246,0.0,0.0,0.0
2022-01-18 20:02:36.501568,0.0,0.0,0.0
2022-01-18 20:02:37.009314,0.0,0.0,0.0
2022-01-18 20:02:37.504030,0.0,0.0,0.0
2022-01-18 20:02:38.010540,0.0,0.0,0.0
2022-01-18 20:02:38.506742,0.0,0.0,0.0
2022-01-18 20:02:39.004224,0.0,0.0,0.0
2022-01-18 20:02:39.507525,0.0,0.0,0.0
2022-01-18 20:02:40.006396,0.0,0.0,0.0
2022-01-18 20:02:40.501883,0.0,0.0,0.0
2022-01-18 20:02:41.010230,0.0,0.0,0.0
2022-01-18 20:02:41.505749,0.0,0.0,0.0
2022-01-18 20:02:42.004220,0.0,0.0,0.0
2022-01-18 20:02:42.508471,0.0,0.0,0.0
2022-01-18 20:02:43.004915,0.0,0.0,0.0
2022-01-18 20:02:43.501566,0.0,0.0,0.0
2022-01-18 20:02:44.008939,0.0,0.0,0.0
2022-01-18 20:02:44.503940,0.0,0.0,0.0
2022-01-18 20:02:45.010678,0.0,0.0,0.0
2022-01-18 20:02:45.505958,0.0,0.0,0.0
2022-01-18 20:02:46.003739,0.0,0.0,0.0
2022-01-18 20:02:46.509115,0.0,0.0,0.0
2022-01-18 20:02:47.006576,0.0,0.0,0.0
2022-01-18 20:02:47.502848,0.0,0.0,0.0
2022-01-18 20:02:48.001503,0.0,0.0,0.0
2022-01-18 20:02:48.505122,0.0,0.0,0.0
2022-01-18 20:02:49.003711,0.0,0.0,0.0
2022-01-18 20:02:49.508629,0.0,0.0,0.0
2022-01-18 20:02:50.006848,0.0,0.0,0.0
2022-01-18 20:02:51.005198,0.0,0.0,0.0
2022-01-18 20:02:51.509135,0.0,0.0,0.0
2022-01-18 20:02:52.006154,0.0,0.0,0.0
2022-01-18 20:02:52.502896,0.0,0.0,0.0
2022-01-18 20:02:53.001652,0.0,0.0,0.0
2022-01-18 20:02:53.506426,0.0,0.0,0.0
2022-01-18 20:02:54.003800,0.0,0.0,0.0
2022-01-18 20:02:54.507386,0.0,0.0,0.0
2022-01-18 20:02:55.005485,0.0,0.0,0.0
2022-01-18 20:02:55.509125,0.0,0.0,0.0
2022-01-18 20:02:56.007202,0.0,0.0,0.0
2022-01-18 20:02:56.501289,0.0,0.0,0.0
2022-01-18 20:02:57.000891,0.0,0.0,0.0
2022-01-18 20:02:57.505972,0.0,0.0,0.0
2022-01-18 20:02:58.002866,0.0,0.0,0.0
2022-01-18 20:02:58.507384,0.0,0.0,0.0
2022-01-18 20:02:59.005067,0.0,0.0,0.0
2022-01-18 20:02:59.510908,0.0,0.0,0.0
2022-01-18 20:03:00.008943,0.0,0.0,0.0
2022-01-18 20:03:00.504409,0.0,0.0,0.0
2022-01-18 20:03:01.003355,0.0,0.0,0.0
2022-01-18 20:03:01.508328,0.0,0.0,0.0
2022-01-18 20:03:02.006553,0.0,0.0,0.0
2022-01-18 20:03:02.501030,0.0,0.0,0.0
2022-01-18 20:03:03.008579,0.0,0.0,0.0
2022-01-18 20:03:03.502628,0.0,0.0,0.0
2022-01-18 20:03:04.001065,0.0,0.0,0.0
2022-01-18 20:03:04.505814,0.0,0.0,0.0
2022-01-18 20:03:05.003521,0.0,0.0,0.0
2022-01-18 20:03:05.509842,0.0,0.0,0.0
2022-01-18 20:03:06.006709,0.0,0.0,0.0
2022-01-18 20:03:06.509830,0.0,0.0,0.0
2022-01-18 20:03:07.006320,0.0,0.0,0.0
2022-01-18 20:03:07.510290,0.0,0.0,0.0
2022-01-18 20:03:08.005998,0.0,0.0,0.0
2022-01-18 20:03:08.501525,0.0,0.0,0.0
2022-01-18 20:03:09.009792,0.0,0.0,0.0
2022-01-18 20:03:09.504754,0.0,0.0,0.0
2022-01-18 20:03:10.003164,0.0,0.0,0.0
2022-01-18 20:03:10.507729,0.0,0.0,0.0
2022-01-18 20:03:11.005272,0.0,0.0,0.0
2022-01-18 20:03:11.510386,0.0,0.0,0.0
2022-01-18 20:03:12.007706,0.0,0.0,0.0
2022-01-18 20:03:12.511124,0.0,0.0,0.0
2022-01-18 20:03:13.008338,0.0,0.0,0.0
2022-01-18 20:03:13.503020,0.0,0.0,0.0
2022-01-18 20:03:14.001504,0.0,0.0,0.0
2022-01-18 20:03:14.508672,0.0,0.0,0.0
2022-01-18 20:03:15.005458,0.0,0.0,0.0
2022-01-18 20:03:15.510150,0.0,0.0,0.0
2022-01-18 20:03:16.009049,0.0,0.0,0.0
2022-01-18 20:03:16.503253,0.0,0.0,0.0
2022-01-18 20:03:17.001424,0.0,0.0,0.0
2022-01-18 20:03:17.506920,0.0,0.0,0.0
2022-01-18 20:03:18.004564,0.0,0.0,0.0
2022-01-18 20:03:18.509408,0.0,0.0,0.0
2022-01-18 20:03:19.007780,0.0,0.0,0.0
2022-01-18 20:03:19.503458,0.0,0.0,0.0
2022-01-18 20:03:20.010281,0.0,0.0,0.0
2022-01-18 20:03:20.505444,0.0,0.0,0.0
2022-01-18 20:03:21.003340,0.0,0.0,0.0
2022-01-18 20:03:21.506913,0.0,0.0,0.0
2022-01-18 20:03:22.004419,0.0,0.0,0.0
2022-01-18 20:03:22.509084,0.0,0.0,0.0
2022-01-18 20:03:23.006290,0.0,0.0,0.0
2022-01-18 20:03:23.502728,0.0,0.0,0.0
2022-01-18 20:03:24.011205,0.0,0.0,0.0
2022-01-18 20:03:24.505212,0.0,0.0,0.0
2022-01-18 20:03:25.004118,0.0,0.0,0.0
2022-01-18 20:03:25.510578,0.0,0.0,0.0
2022-01-18 20:03:26.007115,0.0,0.0,0.0
2022-01-18 20:03:26.502162,0.0,0.0,0.0
2022-01-18 20:03:27.010459,0.0,0.0,0.0
2022-01-18 20:03:27.504940,0.0,0.0,0.0
2022-01-18 20:03:28.003363,0.0,0.0,0.0
2022-01-18 20:03:28.509016,0.0,0.0,0.0
2022-01-18 20:03:29.007836,0.0,0.0,0.0
2022-01-18 20:03:29.501825,0.0,0.0,0.0
2022-01-18 20:03:30.010320,0.0,0.0,0.0
2022-01-18 20:03:30.506719,0.0,0.0,0.0
2022-01-18 20:03:31.005238,0.0,0.0,0.0
2022-01-18 20:03:31.510341,0.0,0.0,0.0
2022-01-18 20:03:32.007292,0.0,0.0,0.0
2022-01-18 20:03:32.505207,0.0,0.0,0.0
2022-01-18 20:03:33.001364,0.0,0.0,0.0
2022-01-18 20:03:33.505226,0.0,0.0,0.0
2022-01-18 20:03:34.003006,0.0,0.0,0.0
2022-01-18 20:03:34.507901,0.0,0.0,0.0
2022-01-18 20:03:35.003936,0.0,0.0,0.0
2022-01-18 20:03:35.510349,0.0,0.0,0.0
2022-01-18 20:03:36.003556,0.0,0.0,0.0
2022-01-18 20:03:36.508676,0.0,0.0,0.0
2022-01-18 20:03:37.006116,0.0,0.0,0.0
2022-01-18 20:03:37.501676,0.0,0.0,0.0
2022-01-18 20:03:38.009878,0.0,0.0,0.0
2022-01-18 20:03:38.504830,0.0,0.0,0.0
2022-01-18 20:03:39.002331,0.0,0.0,0.0
2022-01-18 20:03:39.507602,0.0,0.0,0.0
2022-01-18 20:03:40.006667,0.0,0.0,0.0
2022-01-18 20:03:40.501220,0.0,0.0,0.0
2022-01-18 20:03:41.008374,0.0,0.0,0.0
2022-01-18 20:03:41.506278,0.0,0.0,0.0
2022-01-18 20:03:42.004059,0.0,0.0,0.0
2022-01-18 20:03:42.507882,0.0,0.0,0.0
2022-01-18 20:03:43.006204,0.0,0.0,0.0
2022-01-18 20:03:43.510703,0.0,0.0,0.0
2022-01-18 20:03:44.008994,0.0,0.0,0.0
2022-01-18 20:03:44.505766,0.0,0.0,0.0
2022-01-18 20:03:45.006242,0.0,0.0,0.0
2022-01-18 20:03:45.502251,0.0,0.0,0.0
2022-01-18 20:03:46.010440,0.0,0.0,0.0
2022-01-18 20:03:46.503926,0.0,0.0,0.0
2022-01-18 20:03:47.504283,0.0,0.0,0.0
2022-01-18 20:03:48.001095,0.0,0.0,0.0
2022-01-18 20:03:48.505124,0.0,0.0,0.0
2022-01-18 20:03:49.003119,0.0,0.0,0.0
2022-01-18 20:03:49.507203,0.0,0.0,0.0
2022-01-18 20:03:50.003691,0.0,0.0,0.0
2022-01-18 20:03:50.509881,0.0,0.0,0.0
2022-01-18 20:03:51.009389,0.0,0.0,0.0
2022-01-18 20:03:51.504272,0.0,0.0,0.0
2022-01-18 20:03:52.002317,0.0,0.0,0.0
2022-01-18 20:03:52.507465,0.0,0.0,0.0
2022-01-18 20:03:53.004073,0.0,0.0,0.0
2022-01-18 20:03:53.508524,0.0,0.0,0.0
2022-01-18 20:03:54.004971,0.0,0.0,0.0
2022-01-18 20:03:54.511158,0.0,0.0,0.0
2022-01-18 20:03:55.008437,0.0,0.0,0.0
2022-01-18 20:03:55.503208,0.0,0.0,0.0
2022-01-18 20:03:56.010900,0.0,0.0,0.0
2022-01-18 20:03:56.503714,0.0,0.0,0.0
2022-01-18 20:03:57.002778,0.0,0.0,0.0
2022-01-18 20:03:57.505807,0.0,0.0,0.0
2022-01-18 20:03:58.005064,0.0,0.0,0.0
2022-01-18 20:03:58.509086,0.0,0.0,0.0
2022-01-18 20:03:59.006579,0.0,0.0,0.0
2022-01-18 20:03:59.502036,0.0,0.0,0.0
2022-01-18 20:04:00.010840,0.0,0.0,0.0
2022-01-18 20:04:00.505139,0.0,0.0,0.0
2022-01-18 20:04:01.002805,0.0,0.0,0.0
2022-01-18 20:04:01.508222,0.0,0.0,0.0
2022-01-18 20:04:02.007365,0.0,0.0,0.0
2022-01-18 20:04:02.502263,0.0,0.0,0.0
2022-01-18 20:04:03.009331,0.0,0.0,0.0
2022-01-18 20:04:03.505898,0.0,0.0,0.0
2022-01-18 20:04:04.004218,0.0,0.0,0.0
2022-01-18 20:04:04.509390,0.0,0.0,0.0
2022-01-18 20:04:05.007243,0.0,0.0,0.0
2022-01-18 20:04:05.502359,0.0,0.0,0.0
2022-01-18 20:04:06.007088,0.0,0.0,0.0
2022-01-18 20:04:06.501504,0.0,0.0,0.0
2022-01-18 20:04:07.009810,0.0,0.0,0.0
2022-01-18 20:04:07.505364,0.0,0.0,0.0
2022-01-18 20:04:08.002604,0.0,0.0,0.0
2022-01-18 20:04:08.506340,0.0,0.0,0.0
2022-01-18 20:04:09.003980,0.0,0.0,0.0
2022-01-18 20:04:09.509334,0.0,0.0,0.0
2022-01-18 20:04:10.008039,0.0,0.0,0.0
2022-01-18 20:04:10.502061,0.0,0.0,0.0
2022-01-18 20:04:11.006252,0.0,0.0,0.0
2022-01-18 20:04:11.501063,0.0,0.0,0.0
2022-01-18 20:04:12.008610,0.0,0.0,0.0
2022-01-18 20:04:12.504176,0.0,0.0,0.0
2022-01-18 20:04:13.001351,0.0,0.0,0.0
2022-01-18 20:04:13.506826,0.0,0.0,0.0
2022-01-18 20:04:14.004733,0.0,0.0,0.0
2022-01-18 20:04:14.509957,0.0,0.0,0.0
2022-01-18 20:04:15.007653,0.0,0.0,0.0
2022-01-18 20:04:15.502716,0.0,0.0,0.0
2022-01-18 20:04:16.010239,0.0,0.0,0.0
2022-01-18 20:04:16.505172,0.0,0.0,0.0
2022-01-18 20:04:17.002145,0.0,0.0,0.0
2022-01-18 20:04:17.505660,0.0,0.0,0.0
2022-01-18 20:04:18.003659,0.0,0.0,0.0
2022-01-18 20:04:18.507449,0.0,0.0,0.0
2022-01-18 20:04:19.007141,0.0,0.0,0.0
2022-01-18 20:04:19.501509,0.0,0.0,0.0
2022-01-18 20:04:20.009153,0.0,0.0,0.0
2022-01-18 20:04:20.503355,0.0,0.0,0.0
2022-01-18 20:04:21.001984,0.0,0.0,0.0
2022-01-18 20:04:21.507051,0.0,0.0,0.0
2022-01-18 20:04:22.004739,0.0,0.0,0.0
2022-01-18 20:04:22.508206,0.0,0.0,0.0
2022-01-18 20:04:23.005967,0.0,0.0,0.0
2022-01-18 20:04:23.501188,0.0,0.0,0.0
2022-01-18 20:04:24.009322,0.0,0.0,0.0
2022-01-18 20:04:24.503344,0.0,0.0,0.0
2022-01-18 20:04:25.001273,0.0,0.0,0.0
2022-01-18 20:04:25.507561,0.0,0.0,0.0
2022-01-18 20:04:26.006151,0.0,0.0,0.0
2022-01-18 20:04:26.510443,0.0,0.0,0.0
2022-01-18 20:04:27.007376,0.0,0.0,0.0
2022-01-18 20:04:27.501296,0.0,0.0,0.0
2022-01-18 20:04:28.009522,0.0,0.0,0.0
2022-01-18 20:04:28.504729,0.0,0.0,0.0
2022-01-18 20:04:29.002781,0.0,0.0,0.0
2022-01-18 20:04:29.509766,0.0,0.0,0.0
2022-01-18 20:04:30.007058,0.0,0.0,0.0
2022-01-18 20:04:30.511070,0.0,0.0,0.0
2022-01-18 20:04:31.008467,0.0,0.0,0.0
2022-01-18 20:04:31.503484,0.0,0.0,0.0
2022-01-18 20:04:32.010638,0.0,0.0,0.0
2022-01-18 20:04:32.504662,0.0,0.0,0.0
2022-01-18 20:04:33.002068,0.0,0.0,0.0
2022-01-18 20:04:33.505665,0.0,0.0,0.0
2022-01-18 20:04:34.002642,0.0,0.0,0.0
2022-01-18 20:04:34.507977,0.0,0.0,0.0
2022-01-18 20:04:35.006367,0.0,0.0,0.0
2022-01-18 20:04:35.501056,0.0,0.0,0.0
2022-01-18 20:04:36.009869,0.0,0.0,0.0
2022-01-18 20:04:36.505857,0.0,0.0,0.0
2022-01-18 20:04:37.003329,0.0,0.0,0.0
2022-01-18 20:04:37.509322,0.0,0.0,0.0
2022-01-18 20:04:38.006304,0.0,0.0,0.0
2022-01-18 20:04:38.510513,0.0,0.0,0.0
2022-01-18 20:04:39.008013,0.0,0.0,0.0
2022-01-18 20:04:39.502066,0.0,0.0,0.0
2022-01-18 20:04:40.009662,0.0,0.0,0.0
2022-01-18 20:04:40.503157,0.0,0.0,0.0
2022-01-18 20:04:41.001158,0.0,0.0,0.0
2022-01-18 20:04:41.506056,0.0,0.0,0.0
2022-01-18 20:04:42.003936,0.0,0.0,0.0
2022-01-18 20:04:42.506747,0.0,0.0,0.0
2022-01-18 20:04:43.004487,0.0,0.0,0.0
2022-01-18 20:04:44.005847,0.0,0.0,0.0
2022-01-18 20:04:44.501530,0.0,0.0,0.0
2022-01-18 20:04:45.004688,0.0,0.0,0.0
2022-01-18 20:04:45.509251,0.0,0.0,0.0
2022-01-18 20:04:46.007838,0.0,0.0,0.0
2022-01-18 20:04:46.502282,0.0,0.0,0.0
2022-01-18 20:04:47.009306,0.0,0.0,0.0
2022-01-18 20:04:47.504638,0.0,0.0,0.0
2022-01-18 20:04:48.004679,0.0,0.0,0.0
2022-01-18 20:04:48.508641,0.0,0.0,0.0
2022-01-18 20:04:49.006708,0.0,0.0,0.0
2022-01-18 20:04:49.502033,0.0,0.0,0.0
2022-01-18 20:04:50.010286,0.0,0.0,0.0
2022-01-18 20:04:50.504729,0.0,0.0,0.0
2022-01-18 20:04:51.001939,0.0,0.0,0.0
2022-01-18 20:04:51.505263,0.0,0.0,0.0
2022-01-18 20:04:52.004203,0.0,0.0,0.0
2022-01-18 20:04:52.501297,0.0,0.0,0.0
2022-01-18 20:04:53.009398,0.0,0.0,0.0
2022-01-18 20:04:53.503384,0.0,0.0,0.0
2022-01-18 20:04:54.001184,0.0,0.0,0.0
2022-01-18 20:04:54.505279,0.0,0.0,0.0
2022-01-18 20:04:55.001953,0.0,0.0,0.0
2022-01-18 20:04:55.507046,0.0,0.0,0.0
2022-01-18 20:04:56.005789,0.0,0.0,0.0
2022-01-18 20:04:56.510984,0.0,0.0,0.0
2022-01-18 20:04:57.009968,0.0,0.0,0.0
2022-01-18 20:04:57.505297,0.0,0.0,0.0
2022-01-18 20:04:58.004175,0.0,0.0,0.0
2022-01-18 20:04:58.507252,0.0,0.0,0.0
2022-01-18 20:04:59.004710,0.0,0.0,0.0
2022-01-18 20:04:59.509496,0.0,0.0,0.0
2022-01-18 20:05:00.006737,0.0,0.0,0.0
2022-01-18 20:05:00.510795,0.0,0.0,0.0
2022-01-18 20:05:01.008192,0.0,0.0,0.0
2022-01-18 20:05:01.502569,0.0,0.0,0.0
2022-01-18 20:05:02.010362,0.0,0.0,0.0
2022-01-18 20:05:02.504593,0.0,0.0,0.0
2022-01-18 20:05:03.002852,0.0,0.0,0.0
2022-01-18 20:05:03.507181,0.0,0.0,0.0
2022-01-18 20:05:04.005828,0.0,0.0,0.0
2022-01-18 20:05:04.509729,0.0,0.0,0.0
2022-01-18 20:05:05.008175,0.0,0.0,0.0
2022-01-18 20:05:05.502733,0.0,0.0,0.0
2022-01-18 20:05:06.011213,0.0,0.0,0.0
2022-01-18 20:05:06.506429,0.0,0.0,0.0
2022-01-18 20:05:07.003240,0.0,0.0,0.0
2022-01-18 20:05:07.505894,0.0,0.0,0.0
2022-01-18 20:05:08.003885,0.0,0.0,0.0
2022-01-18 20:05:08.508716,0.0,0.0,0.0
2022-01-18 20:05:09.006911,0.0,0.0,0.0
2022-01-18 20:05:09.502829,0.0,0.0,0.0
2022-01-18 20:05:10.001535,0.0,0.0,0.0
2022-01-18 20:05:10.506684,0.0,0.0,0.0
2022-01-18 20:05:11.003439,0.0,0.0,0.0
2022-01-18 20:05:11.509050,0.0,0.0,0.0
2022-01-18 20:05:12.006248,0.0,0.0,0.0
2022-01-18 20:05:12.502304,0.0,0.0,0.0
2022-01-18 20:05:13.001027,0.0,0.0,0.0
2022-01-18 20:05:13.507282,0.0,0.0,0.0
2022-01-18 20:05:14.006228,0.0,0.0,0.0
2022-01-18 20:05:14.510823,0.0,0.0,0.0
2022-01-18 20:05:15.006679,0.0,0.0,0.0
2022-01-18 20:05:15.510799,0.0,0.0,0.0
2022-01-18 20:05:16.009159,0.0,0.0,0.0
2022-01-18 20:05:16.502840,0.0,0.0,0.0
2022-01-18 20:05:17.010780,0.0,0.0,0.0
2022-01-18 20:05:17.507157,0.0,0.0,0.0
2022-01-18 20:05:18.005422,0.0,0.0,0.0
2022-01-18 20:05:18.502410,0.0,0.0,0.0
2022-01-18 20:05:19.009465,0.0,0.0,0.0
2022-01-18 20:05:19.504874,0.0,0.0,0.0
2022-01-18 20:05:20.003266,0.0,0.0,0.0
2022-01-18 20:05:20.507521,0.0,0.0,0.0
2022-01-18 20:05:21.005234,0.0,0.0,0.0
2022-01-18 20:05:21.508417,0.0,0.0,0.0
2022-01-18 20:05:22.005225,0.0,0.0,0.0
2022-01-18 20:05:22.510851,0.0,0.0,0.0
2022-01-18 20:05:23.008948,0.0,0.0,0.0
2022-01-18 20:05:23.505822,0.0,0.0,0.0
2022-01-18 20:05:24.003830,0.0,0.0,0.0
2022-01-18 20:05:24.508678,0.0,0.0,0.0
2022-01-18 20:05:25.008298,0.0,0.0,0.0
2022-01-18 20:05:25.502928,0.0,0.0,0.0
2022-01-18 20:05:26.009863,0.0,0.0,0.0
2022-01-18 20:05:26.505181,0.0,0.0,0.0
2022-01-18 20:05:27.002126,0.0,0.0,0.0
2022-01-18 20:05:27.507539,0.0,0.0,0.0
2022-01-18 20:05:28.008049,0.0,0.0,0.0
2022-01-18 20:05:28.504318,0.0,0.0,0.0
2022-01-18 20:05:29.002627,0.0,0.0,0.0
2022-01-18 20:05:29.506985,0.0,0.0,0.0
2022-01-18 20:05:30.005468,0.0,0.0,0.0
2022-01-18 20:05:30.510497,0.0,0.0,0.0
2022-01-18 20:05:31.007639,0.0,0.0,0.0
2022-01-18 20:05:31.503303,0.0,0.0,0.0
2022-01-18 20:05:32.001968,0.0,0.0,0.0
2022-01-18 20:05:32.507769,0.0,0.0,0.0
2022-01-18 20:05:33.006232,0.0,0.0,0.0
2022-01-18 20:05:33.510754,0.0,0.0,0.0
2022-01-18 20:05:34.009081,0.0,0.0,0.0
2022-01-18 20:05:34.504073,0.0,0.0,0.0
2022-01-18 20:05:35.001992,0.0,0.0,0.0
2022-01-18 20:05:35.507828,0.0,0.0,0.0
2022-01-18 20:05:36.005030,0.0,0.0,0.0
2022-01-18 20:05:36.510433,0.0,0.0,0.0
2022-01-18 20:05:37.008862,0.0,0.0,0.0
2022-01-18 20:05:37.506376,0.0,0.0,0.0
2022-01-18 20:05:38.005494,0.0,0.0,0.0
2022-01-18 20:05:38.511168,0.0,0.0,0.0
2022-01-18 20:05:39.009294,0.0,0.0,0.0
2022-01-18 20:05:39.503961,0.0,0.0,0.0
2022-01-18 20:05:40.003800,0.0,0.0,0.0
2022-01-18 20:05:40.508605,0.0,0.0,0.0
2022-01-18 20:05:41.006848,0.0,0.0,0.0
2022-01-18 20:05:41.502358,0.0,0.0,0.0
2022-01-18 20:05:42.000759,0.0,0.0,0.0
2022-01-18 20:05:42.504420,0.0,0.0,0.0
2022-01-18 20:05:43.001058,0.0,0.0,0.0
2022-01-18 20:05:43.505770,0.0,0.0,0.0
2022-01-18 20:05:44.002783,0.0,0.0,0.0
2022-01-18 20:05:44.507657,0.0,0.0,0.0
2022-01-18 20:05:45.005392,0.0,0.0,0.0
2022-01-18 20:05:45.509871,0.0,0.0,0.0
2022-01-18 20:05:46.007965,0.0,0.0,0.0
2022-01-18 20:05:46.502658,0.0,0.0,0.0
2022-01-18 20:05:47.009892,0.0,0.0,0.0
2022-01-18 20:05:47.505660,0.0,0.0,0.0
2022-01-18 20:05:48.003923,0.0,0.0,0.0
2022-01-18 20:05:48.507929,0.0,0.0,0.0
2022-01-18 20:05:49.006008,0.0,0.0,0.0
2022-01-18 20:05:49.510314,0.0,0.0,0.0
2022-01-18 20:05:50.008991,0.0,0.0,0.0
2022-01-18 20:05:50.504584,0.0,0.0,0.0
2022-01-18 20:05:51.002713,0.0,0.0,0.0
2022-01-18 20:05:51.506620,0.0,0.0,0.0
2022-01-18 20:05:52.003116,0.0,0.0,0.0
2022-01-18 20:05:52.508907,0.0,0.0,0.0
2022-01-18 20:05:53.006656,0.0,0.0,0.0
2022-01-18 20:05:53.502271,0.0,0.0,0.0
2022-01-18 20:05:54.009117,0.0,0.0,0.0
2022-01-18 20:05:54.503428,0.0,0.0,0.0
2022-01-18 20:05:55.002577,0.0,0.0,0.0
2022-01-18 20:05:55.507787,0.0,0.0,0.0
2022-01-18 20:05:56.005752,0.0,0.0,0.0
2022-01-18 20:05:56.505044,0.0,0.0,0.0
2022-01-18 20:05:57.002290,0.0,0.0,0.0
2022-01-18 20:05:57.507400,0.0,0.0,0.0
2022-01-18 20:05:58.004877,0.0,0.0,0.0
2022-01-18 20:05:58.509825,0.0,0.0,0.0
2022-01-18 20:05:59.007940,0.0,0.0,0.0
2022-01-18 20:05:59.504990,0.0,0.0,0.0
2022-01-18 20:06:00.003474,0.0,0.0,0.0
2022-01-18 20:06:00.507617,0.0,0.0,0.0
2022-01-18 20:06:01.005661,0.0,0.0,0.0
2022-01-18 20:06:01.501339,0.0,0.0,0.0
2022-01-18 20:06:02.009842,0.0,0.0,0.0
2022-01-18 20:06:02.503483,0.0,0.0,0.0
2022-01-18 20:06:03.001265,0.0,0.0,0.0
2022-01-18 20:06:03.508541,0.0,0.0,0.0
2022-01-18 20:06:04.006779,0.0,0.0,0.0
2022-01-18 20:06:04.501483,0.0,0.0,0.0
2022-01-18 20:06:05.009606,0.0,0.0,0.0
2022-01-18 20:06:05.504066,0.0,0.0,0.0
2022-01-18 20:06:06.001673,0.0,0.0,0.0
2022-01-18 20:06:06.505429,0.0,0.0,0.0
2022-01-18 20:06:07.003553,0.0,0.0,0.0
2022-01-18 20:06:07.509567,0.0,0.0,0.0
2022-01-18 20:06:08.007251,0.0,0.0,0.0
2022-01-18 20:06:08.501710,0.0,0.0,0.0
2022-01-18 20:06:09.009473,0.0,0.0,0.0
2022-01-18 20:06:09.503819,0.0,0.0,0.0
2022-01-18 20:06:10.001565,0.0,0.0,0.0
2022-01-18 20:06:10.505857,0.0,0.0,0.0
2022-01-18 20:06:11.001198,0.0,0.0,0.0
2022-01-18 20:06:11.507122,0.0,0.0,0.0
2022-01-18 20:06:12.005469,0.0,0.0,0.0
2022-01-18 20:06:12.510405,0.0,0.0,0.0
2022-01-18 20:06:13.007377,0.0,0.0,0.0
2022-01-18 20:06:13.504020,0.0,0.0,0.0
2022-01-18 20:06:14.002231,0.0,0.0,0.0
2022-01-18 20:06:14.508321,0.0,0.0,0.0
2022-01-18 20:06:15.005335,0.0,0.0,0.0
2022-01-18 20:06:15.510324,0.0,0.0,0.0
2022-01-18 20:06:16.007474,0.0,0.0,0.0
2022-01-18 20:06:16.502672,0.0,0.0,0.0
2022-01-18 20:06:17.010359,0.0,0.0,0.0
2022-01-18 20:06:17.505669,0.0,0.0,0.0
2022-01-18 20:06:18.003794,0.0,0.0,0.0
2022-01-18 20:06:18.506846,0.0,0.0,0.0
2022-01-18 20:06:19.004861,0.0,0.0,0.0
2022-01-18 20:06:19.510757,0.0,0.0,0.0
2022-01-18 20:06:20.009020,0.0,0.0,0.0
2022-01-18 20:06:20.503172,0.0,0.0,0.0
2022-01-18 20:06:21.001966,0.0,0.0,0.0
2022-01-18 20:06:21.506132,0.0,0.0,0.0
2022-01-18 20:06:22.004312,0.0,0.0,0.0
2022-01-18 20:06:22.509121,0.0,0.0,0.0
2022-01-18 20:06:23.006868,0.0,0.0,0.0
2022-01-18 20:06:23.501613,0.0,0.0,0.0
2022-01-18 20:06:24.009111,0.0,0.0,0.0
2022-01-18 20:06:24.503187,0.0,0.0,0.0
2022-01-18 20:06:25.002280,0.0,0.0,0.0
2022-01-18 20:06:25.509862,0.0,0.0,0.0
2022-01-18 20:06:26.007581,0.0,0.0,0.0
2022-01-18 20:06:26.502860,0.0,0.0,0.0
2022-01-18 20:06:27.010782,0.0,0.0,0.0
2022-01-18 20:06:27.506439,0.0,0.0,0.0
2022-01-18 20:06:28.003587,0.0,0.0,0.0
2022-01-18 20:06:28.509034,0.0,0.0,0.0
2022-01-18 20:06:29.006709,0.0,0.0,0.0
2022-01-18 20:06:29.501762,0.0,0.0,0.0
2022-01-18 20:06:30.010643,0.0,0.0,0.0
2022-01-18 20:06:30.506274,0.0,0.0,0.0
2022-01-18 20:06:31.003364,0.0,0.0,0.0
2022-01-18 20:06:31.508065,0.0,0.0,0.0
2022-01-18 20:06:32.005529,0.0,0.0,0.0
2022-01-18 20:06:32.501496,0.0,0.0,0.0
2022-01-18 20:06:33.009465,0.0,0.0,0.0
2022-01-18 20:06:33.504246,0.0,0.0,0.0
2022-01-18 20:06:34.002610,0.0,0.0,0.0
2022-01-18 20:06:34.508608,0.0,0.0,0.0
2022-01-18 20:06:35.008470,0.0,0.0,0.0
2022-01-18 20:06:35.504121,0.0,0.0,0.0
2022-01-18 20:06:36.002183,0.0,0.0,0.0
2022-01-18 20:06:36.507758,0.0,0.0,0.0
2022-01-18 20:06:37.007255,0.0,0.0,0.0
2022-01-18 20:06:37.501888,0.0,0.0,0.0
2022-01-18 20:06:38.008696,0.0,0.0,0.0
2022-01-18 20:06:38.503210,0.0,0.0,0.0
2022-01-18 20:06:39.010233,0.0,0.0,0.0
2022-01-18 20:06:39.506852,0.0,0.0,0.0
2022-01-18 20:06:40.004343,0.0,0.0,0.0
2022-01-18 20:06:40.508990,0.0,0.0,0.0
2022-01-18 20:06:41.006724,0.0,0.0,0.0
2022-01-18 20:06:41.501198,0.0,0.0,0.0
2022-01-18 20:06:42.007774,0.0,0.0,0.0
2022-01-18 20:06:42.501536,0.0,0.0,0.0
2022-01-18 20:06:43.009566,0.0,0.0,0.0
2022-01-18 20:06:43.505528,0.0,0.0,0.0
2022-01-18 20:06:44.004275,0.0,0.0,0.0
2022-01-18 20:06:44.508706,0.0,0.0,0.0
2022-01-18 20:06:45.003773,0.0,0.0,0.0
2022-01-18 20:06:45.508249,0.0,0.0,0.0
2022-01-18 20:06:46.006593,0.0,0.0,0.0
2022-01-18 20:06:46.501539,0.0,0.0,0.0
2022-01-18 20:06:47.008016,0.0,0.0,0.0
2022-01-18 20:06:47.502550,0.0,0.0,0.0
2022-01-18 20:06:48.009320,0.0,0.0,0.0
2022-01-18 20:06:48.505843,0.0,0.0,0.0
2022-01-18 20:06:49.004495,0.0,0.0,0.0
2022-01-18 20:06:49.509681,0.0,0.0,0.0
2022-01-18 20:06:50.007308,0.0,0.0,0.0
2022-01-18 20:06:50.502042,0.0,0.0,0.0
2022-01-18 20:06:51.009115,0.0,0.0,0.0
2022-01-18 20:06:51.504260,0.0,0.0,0.0
2022-01-18 20:06:52.002363,0.0,0.0,0.0
2022-01-18 20:06:52.507244,0.0,0.0,0.0
2022-01-18 20:06:53.006075,0.0,0.0,0.0
2022-01-18 20:06:53.501077,0.0,0.0,0.0
2022-01-18 20:06:54.008715,0.0,0.0,0.0
2022-01-18 20:06:54.503511,0.0,0.0,0.0
2022-01-18 20:06:55.001161,0.0,0.0,0.0
2022-01-18 20:06:55.507086,0.0,0.0,0.0
2022-01-18 20:06:56.006125,0.0,0.0,0.0
2022-01-18 20:06:56.502773,0.0,0.0,0.0
2022-01-18 20:06:57.001270,0.0,0.0,0.0
2022-01-18 20:06:57.506437,0.0,0.0,0.0
2022-01-18 20:06:58.003452,0.0,0.0,0.0
2022-01-18 20:06:58.508023,0.0,0.0,0.0
2022-01-18 20:06:59.006346,0.0,0.0,0.0
2022-01-18 20:06:59.511167,0.0,0.0,0.0
2022-01-18 20:07:00.008737,0.0,0.0,0.0
2022-01-18 20:07:00.501473,0.0,0.0,0.0
2022-01-18 20:07:01.009005,0.0,0.0,0.0
2022-01-18 20:07:01.502773,0.0,0.0,0.0
2022-01-18 20:07:02.002548,0.0,0.0,0.0
2022-01-18 20:07:02.507340,0.0,0.0,0.0
2022-01-18 20:07:03.005782,0.0,0.0,0.0
2022-01-18 20:07:03.510782,0.0,0.0,0.0
2022-01-18 20:07:04.008428,0.0,0.0,0.0
2022-01-18 20:07:04.502377,0.0,0.0,0.0
2022-01-18 20:07:05.010221,0.0,0.0,0.0
2022-01-18 20:07:05.506692,0.0,0.0,0.0
2022-01-18 20:07:06.004446,0.0,0.0,0.0
2022-01-18 20:07:06.508932,0.0,0.0,0.0
2022-01-18 20:07:07.005973,0.0,0.0,0.0
2022-01-18 20:07:07.501230,0.0,0.0,0.0
2022-01-18 20:07:08.008868,0.0,0.0,0.0
2022-01-18 20:07:08.501860,0.0,0.0,0.0
2022-01-18 20:07:09.009248,0.0,0.0,0.0
2022-01-18 20:07:09.503679,0.0,0.0,0.0
2022-01-18 20:07:10.003109,0.0,0.0,0.0
2022-01-18 20:07:10.507169,0.0,0.0,0.0
2022-01-18 20:07:11.003797,0.0,0.0,0.0
2022-01-18 20:07:11.508132,0.0,0.0,0.0
2022-01-18 20:07:12.006749,0.0,0.0,0.0
2022-01-18 20:07:13.004882,0.0,0.0,0.0
2022-01-18 20:07:13.508498,0.0,0.0,0.0
2022-01-18 20:07:14.006154,0.0,0.0,0.0
2022-01-18 20:07:14.510447,0.0,0.0,0.0
2022-01-18 20:07:15.008675,0.0,0.0,0.0
2022-01-18 20:07:15.503455,0.0,0.0,0.0
2022-01-18 20:07:16.002686,0.0,0.0,0.0
2022-01-18 20:07:16.508570,0.0,0.0,0.0
2022-01-18 20:07:17.005917,0.0,0.0,0.0
2022-01-18 20:07:17.510995,0.0,0.0,0.0
2022-01-18 20:07:18.009908,0.0,0.0,0.0
2022-01-18 20:07:18.505822,0.0,0.0,0.0
2022-01-18 20:07:19.009162,0.0,0.0,0.0
2022-01-18 20:07:19.504515,0.0,0.0,0.0
2022-01-18 20:07:20.001645,0.0,0.0,0.0
2022-01-18 20:07:20.508026,0.0,0.0,0.0
2022-01-18 20:07:21.006196,0.0,0.0,0.0
2022-01-18 20:07:21.510732,0.0,0.0,0.0
2022-01-18 20:07:22.008297,0.0,0.0,0.0
2022-01-18 20:07:22.503516,0.0,0.0,0.0
2022-01-18 20:07:23.001853,0.0,0.0,0.0
2022-01-18 20:07:23.504426,0.0,0.0,0.0
2022-01-18 20:07:24.002393,0.0,0.0,0.0
2022-01-18 20:07:24.506353,0.0,0.0,0.0
2022-01-18 20:07:25.003026,0.0,0.0,0.0
2022-01-18 20:07:25.509512,0.0,0.0,0.0
2022-01-18 20:07:26.006500,0.0,0.0,0.0
2022-01-18 20:07:26.501488,0.0,0.0,0.0
2022-01-18 20:07:27.009073,0.0,0.0,0.0
2022-01-18 20:07:27.502767,0.0,0.0,0.0
2022-01-18 20:07:28.011241,0.0,0.0,0.0
2022-01-18 20:07:28.507948,0.0,0.0,0.0
2022-01-18 20:07:29.006632,0.0,0.0,0.0
2022-01-18 20:07:29.501915,0.0,0.0,0.0
2022-01-18 20:07:30.009506,0.0,0.0,0.0
2022-01-18 20:07:30.503592,0.0,0.0,0.0
2022-01-18 20:07:31.002817,0.0,0.0,0.0
2022-01-18 20:07:31.506810,0.0,0.0,0.0
2022-01-18 20:07:32.004237,0.0,0.0,0.0
2022-01-18 20:07:32.508230,0.0,0.0,0.0
2022-01-18 20:07:33.007661,0.0,0.0,0.0
2022-01-18 20:07:33.502602,0.0,0.0,0.0
2022-01-18 20:07:34.009735,0.0,0.0,0.0
2022-01-18 20:07:34.504009,0.0,0.0,0.0
2022-01-18 20:07:35.003577,0.0,0.0,0.0
2022-01-18 20:07:35.508456,0.0,0.0,0.0
2022-01-18 20:07:36.006111,0.0,0.0,0.0
2022-01-18 20:07:36.510933,0.0,0.0,0.0
2022-01-18 20:07:37.007970,0.0,0.0,0.0
2022-01-18 20:07:37.504603,0.0,0.0,0.0
2022-01-18 20:07:38.001667,0.0,0.0,0.0
2022-01-18 20:07:38.507886,0.0,0.0,0.0
2022-01-18 20:07:39.006119,0.0,0.0,0.0
2022-01-18 20:07:39.509973,0.0,0.0,0.0
2022-01-18 20:07:40.005829,0.0,0.0,0.0
2022-01-18 20:07:40.509499,0.0,0.0,0.0
2022-01-18 20:07:41.006568,0.0,0.0,0.0
2022-01-18 20:07:41.501199,0.0,0.0,0.0
2022-01-18 20:07:42.000883,0.0,0.0,0.0
2022-01-18 20:07:42.505440,0.0,0.0,0.0
2022-01-18 20:07:43.002141,0.0,0.0,0.0
2022-01-18 20:07:43.506758,0.0,0.0,0.0
2022-01-18 20:07:44.005151,0.0,0.0,0.0
2022-01-18 20:07:44.510913,0.0,0.0,0.0
2022-01-18 20:07:45.008219,0.0,0.0,0.0
2022-01-18 20:07:45.502324,0.0,0.0,0.0
2022-01-18 20:07:46.010353,0.0,0.0,0.0
2022-01-18 20:07:46.509068,0.0,0.0,0.0
2022-01-18 20:07:47.006908,0.0,0.0,0.0
2022-01-18 20:07:47.509987,0.0,0.0,0.0
2022-01-18 20:07:48.009944,0.0,0.0,0.0
2022-01-18 20:07:48.503080,0.0,0.0,0.0
2022-01-18 20:07:49.002398,0.0,0.0,0.0
2022-01-18 20:07:49.507742,0.0,0.0,0.0
2022-01-18 20:07:50.006351,0.0,0.0,0.0
2022-01-18 20:07:50.510465,0.0,0.0,0.0
2022-01-18 20:07:51.009426,0.0,0.0,0.0
2022-01-18 20:07:51.502659,0.0,0.0,0.0
2022-01-18 20:07:52.010636,0.0,0.0,0.0
2022-01-18 20:07:52.505267,0.0,0.0,0.0
2022-01-18 20:07:53.003647,0.0,0.0,0.0
2022-01-18 20:07:53.507893,0.0,0.0,0.0
2022-01-18 20:07:54.006034,0.0,0.0,0.0
2022-01-18 20:07:54.509692,0.0,0.0,0.0
2022-01-18 20:07:55.008430,0.0,0.0,0.0
2022-01-18 20:07:55.505311,0.0,0.0,0.0
2022-01-18 20:07:56.002458,0.0,0.0,0.0
2022-01-18 20:07:56.506783,0.0,0.0,0.0
2022-01-18 20:07:57.004064,0.0,0.0,0.0
2022-01-18 20:07:57.507571,0.0,0.0,0.0
2022-01-18 20:07:58.005194,0.0,0.0,0.0
2022-01-18 20:07:58.510549,0.0,0.0,0.0
2022-01-18 20:07:59.008275,0.0,0.0,0.0
2022-01-18 20:07:59.503063,0.0,0.0,0.0
2022-01-18 20:08:00.003186,0.0,0.0,0.0
2022-01-18 20:08:00.509429,0.0,0.0,0.0
2022-01-18 20:08:01.007575,0.0,0.0,0.0
2022-01-18 20:08:01.503105,0.0,0.0,0.0
2022-01-18 20:08:02.001235,0.0,0.0,0.0
2022-01-18 20:08:02.505421,0.0,0.0,0.0
2022-01-18 20:08:03.003503,0.0,0.0,0.0
2022-01-18 20:08:03.507846,0.0,0.0,0.0
2022-01-18 20:08:04.007240,0.0,0.0,0.0
2022-01-18 20:08:04.502563,0.0,0.0,0.0
2022-01-18 20:08:05.009953,0.0,0.0,0.0
2022-01-18 20:08:05.505703,0.0,0.0,0.0
2022-01-18 20:08:06.003541,0.0,0.0,0.0
2022-01-18 20:08:06.507946,0.0,0.0,0.0
2022-01-18 20:08:07.005877,0.0,0.0,0.0
2022-01-18 20:08:07.501756,0.0,0.0,0.0
2022-01-18 20:08:08.009834,0.0,0.0,0.0
2022-01-18 20:08:08.502316,0.0,0.0,0.0
2022-01-18 20:08:09.008817,0.0,0.0,0.0
2022-01-18 20:08:09.503635,0.0,0.0,0.0
2022-01-18 20:08:10.002115,0.0,0.0,0.0
2022-01-18 20:08:10.505564,0.0,0.0,0.0
2022-01-18 20:08:11.002906,0.0,0.0,0.0
2022-01-18 20:08:11.507284,0.0,0.0,0.0
2022-01-18 20:08:12.004735,0.0,0.0,0.0
2022-01-18 20:08:12.509156,0.0,0.0,0.0
2022-01-18 20:08:13.006916,0.0,0.0,0.0
2022-01-18 20:08:13.502531,0.0,0.0,0.0
2022-01-18 20:08:14.009542,0.0,0.0,0.0
2022-01-18 20:08:14.503694,0.0,0.0,0.0
2022-01-18 20:08:15.010948,0.0,0.0,0.0
2022-01-18 20:08:15.505967,0.0,0.0,0.0
2022-01-18 20:08:16.003064,0.0,0.0,0.0
2022-01-18 20:08:16.509394,0.0,0.0,0.0
2022-01-18 20:08:17.008108,0.0,0.0,0.0
2022-01-18 20:08:17.504537,0.0,0.0,0.0
2022-01-18 20:08:18.001913,0.0,0.0,0.0
2022-01-18 20:08:18.505563,0.0,0.0,0.0
2022-01-18 20:08:19.005135,0.0,0.0,0.0
2022-01-18 20:08:19.509323,0.0,0.0,0.0
2022-01-18 20:08:20.007164,0.0,0.0,0.0
2022-01-18 20:08:20.509680,0.0,0.0,0.0
2022-01-18 20:08:21.007497,0.0,0.0,0.0
2022-01-18 20:08:21.503891,0.0,0.0,0.0
2022-01-18 20:08:22.001852,0.0,0.0,0.0
2022-01-18 20:08:22.507150,0.0,0.0,0.0
2022-01-18 20:08:23.004699,0.0,0.0,0.0
2022-01-18 20:08:23.509177,0.0,0.0,0.0
2022-01-18 20:08:24.005820,0.0,0.0,0.0
2022-01-18 20:08:24.511007,0.0,0.0,0.0
2022-01-18 20:08:25.009161,0.0,0.0,0.0
2022-01-18 20:08:25.504656,0.0,0.0,0.0
2022-01-18 20:08:26.002691,0.0,0.0,0.0
2022-01-18 20:08:26.506410,0.0,0.0,0.0
2022-01-18 20:08:27.002552,0.0,0.0,0.0
2022-01-18 20:08:27.506843,0.0,0.0,0.0
2022-01-18 20:08:28.005896,0.0,0.0,0.0
2022-01-18 20:08:28.509934,0.0,0.0,0.0
2022-01-18 20:08:29.008222,0.0,0.0,0.0
2022-01-18 20:08:29.503066,0.0,0.0,0.0
2022-01-18 20:08:30.001072,0.0,0.0,0.0
2022-01-18 20:08:30.504358,0.0,0.0,0.0
2022-01-18 20:08:31.011171,0.0,0.0,0.0
2022-01-18 20:08:31.506220,0.0,0.0,0.0
2022-01-18 20:08:32.002609,0.0,0.0,0.0
2022-01-18 20:08:32.507761,0.0,0.0,0.0
2022-01-18 20:08:33.005069,0.0,0.0,0.0
2022-01-18 20:08:33.510257,0.0,0.0,0.0
2022-01-18 20:08:34.007628,0.0,0.0,0.0
2022-01-18 20:08:34.505044,0.0,0.0,0.0
2022-01-18 20:08:35.003421,0.0,0.0,0.0
2022-01-18 20:08:35.505145,0.0,0.0,0.0
2022-01-18 20:08:36.001948,0.0,0.0,0.0
2022-01-18 20:08:36.506312,0.0,0.0,0.0
2022-01-18 20:08:37.003695,0.0,0.0,0.0
2022-01-18 20:08:37.511063,0.0,0.0,0.0
2022-01-18 20:08:38.010276,0.0,0.0,0.0
2022-01-18 20:08:38.504658,0.0,0.0,0.0
2022-01-18 20:08:39.003573,0.0,0.0,0.0
2022-01-18 20:08:39.509539,0.0,0.0,0.0
2022-01-18 20:08:40.006433,0.0,0.0,0.0
2022-01-18 20:08:40.511188,0.0,0.0,0.0
2022-01-18 20:08:41.010823,0.0,0.0,0.0
2022-01-18 20:08:41.505198,0.0,0.0,0.0
2022-01-18 20:08:42.003597,0.0,0.0,0.0
2022-01-18 20:08:42.506731,0.0,0.0,0.0
2022-01-18 20:08:43.003977,0.0,0.0,0.0
2022-01-18 20:08:43.501563,0.0,0.0,0.0
2022-01-18 20:08:44.010693,0.0,0.0,0.0
2022-01-18 20:08:44.504621,0.0,0.0,0.0
2022-01-18 20:08:45.002163,0.0,0.0,0.0
2022-01-18 20:08:45.506303,0.0,0.0,0.0
2022-01-18 20:08:46.004104,0.0,0.0,0.0
2022-01-18 20:08:46.507124,0.0,0.0,0.0
2022-01-18 20:08:47.004362,0.0,0.0,0.0
2022-01-18 20:08:47.509112,0.0,0.0,0.0
2022-01-18 20:08:48.009120,0.0,0.0,0.0
2022-01-18 20:08:48.502963,0.0,0.0,0.0
2022-01-18 20:08:49.010409,0.0,0.0,0.0
2022-01-18 20:08:49.506460,0.0,0.0,0.0
2022-01-18 20:08:50.003189,0.0,0.0,0.0
2022-01-18 20:08:50.507860,0.0,0.0,0.0
2022-01-18 20:08:51.008604,0.0,0.0,0.0
2022-01-18 20:08:51.502960,0.0,0.0,0.0
2022-01-18 20:08:52.010799,0.0,0.0,0.0
2022-01-18 20:08:52.505181,0.0,0.0,0.0
2022-01-18 20:08:53.005128,0.0,0.0,0.0
2022-01-18 20:08:53.509546,0.0,0.0,0.0
2022-01-18 20:08:54.009093,0.0,0.0,0.0
2022-01-18 20:08:54.502581,0.0,0.0,0.0
2022-01-18 20:08:55.009934,0.0,0.0,0.0
2022-01-18 20:08:55.504438,0.0,0.0,0.0
2022-01-18 20:08:56.002830,0.0,0.0,0.0
2022-01-18 20:08:56.508297,0.0,0.0,0.0
2022-01-18 20:08:57.006989,0.0,0.0,0.0
2022-01-18 20:08:57.501843,0.0,0.0,0.0
2022-01-18 20:08:58.009435,0.0,0.0,0.0
2022-01-18 20:08:58.503388,0.0,0.0,0.0
2022-01-18 20:08:59.010884,0.0,0.0,0.0
2022-01-18 20:08:59.506006,0.0,0.0,0.0
2022-01-18 20:09:00.003362,0.0,0.0,0.0
2022-01-18 20:09:00.509190,0.0,0.0,0.0
2022-01-18 20:09:01.008199,0.0,0.0,0.0
2022-01-18 20:09:01.502316,0.0,0.0,0.0
2022-01-18 20:09:02.009311,0.0,0.0,0.0
2022-01-18 20:09:02.506262,0.0,0.0,0.0
2022-01-18 20:09:03.003465,0.0,0.0,0.0
2022-01-18 20:09:03.506893,0.0,0.0,0.0
2022-01-18 20:09:04.005571,0.0,0.0,0.0
2022-01-18 20:09:04.508859,0.0,0.0,0.0
2022-01-18 20:09:05.007973,0.0,0.0,0.0
2022-01-18 20:09:05.505202,0.0,0.0,0.0
2022-01-18 20:09:06.002888,0.0,0.0,0.0
2022-01-18 20:09:06.508658,0.0,0.0,0.0
2022-01-18 20:09:07.005869,0.0,0.0,0.0
2022-01-18 20:09:07.502292,0.0,0.0,0.0
2022-01-18 20:09:08.010061,0.0,0.0,0.0
2022-01-18 20:09:08.506169,0.0,0.0,0.0
2022-01-18 20:09:09.003675,0.0,0.0,0.0
2022-01-18 20:09:09.508634,0.0,0.0,0.0
2022-01-18 20:09:10.006229,0.0,0.0,0.0
2022-01-18 20:09:10.500823,0.0,0.0,0.0
2022-01-18 20:09:11.006291,0.0,0.0,0.0
2022-01-18 20:09:11.501127,0.0,0.0,0.0
2022-01-18 20:09:12.007975,0.0,0.0,0.0
2022-01-18 20:09:12.502251,0.0,0.0,0.0
2022-01-18 20:09:13.009687,0.0,0.0,0.0
2022-01-18 20:09:13.503459,0.0,0.0,0.0
2022-01-18 20:09:14.002593,0.0,0.0,0.0
2022-01-18 20:09:14.508497,0.0,0.0,0.0
2022-01-18 20:09:15.006537,0.0,0.0,0.0
2022-01-18 20:09:15.509071,0.0,0.0,0.0
2022-01-18 20:09:16.007353,0.0,0.0,0.0
2022-01-18 20:09:16.509124,0.0,0.0,0.0
2022-01-18 20:09:17.006513,0.0,0.0,0.0
2022-01-18 20:09:17.510119,0.0,0.0,0.0
2022-01-18 20:09:18.007760,0.0,0.0,0.0
2022-01-18 20:09:18.502677,0.0,0.0,0.0
2022-01-18 20:09:19.010435,0.0,0.0,0.0
2022-01-18 20:09:19.503537,0.0,0.0,0.0
2022-01-18 20:09:20.011189,0.0,0.0,0.0
2022-01-18 20:09:20.506189,0.0,0.0,0.0
2022-01-18 20:09:21.006381,0.0,0.0,0.0
2022-01-18 20:09:21.510564,0.0,0.0,0.0
2022-01-18 20:09:22.009080,0.0,0.0,0.0
2022-01-18 20:09:22.503848,0.0,0.0,0.0
2022-01-18 20:09:23.002115,0.0,0.0,0.0
2022-01-18 20:09:23.507261,0.0,0.0,0.0
2022-01-18 20:09:24.007483,0.0,0.0,0.0
2022-01-18 20:09:24.510321,0.0,0.0,0.0
2022-01-18 20:09:25.007379,0.0,0.0,0.0
2022-01-18 20:09:25.510576,0.0,0.0,0.0
2022-01-18 20:09:26.008362,0.0,0.0,0.0
2022-01-18 20:09:26.503181,0.0,0.0,0.0
2022-01-18 20:09:27.002466,0.0,0.0,0.0
2022-01-18 20:09:27.508630,0.0,0.0,0.0
2022-01-18 20:09:28.005795,0.0,0.0,0.0
2022-01-18 20:09:29.004464,0.0,0.0,0.0
2022-01-18 20:09:29.510168,0.0,0.0,0.0
2022-01-18 20:09:30.007210,0.0,0.0,0.0
2022-01-18 20:09:30.501679,0.0,0.0,0.0
2022-01-18 20:09:31.010267,0.0,0.0,0.0
2022-01-18 20:09:31.505969,0.0,0.0,0.0
2022-01-18 20:09:32.002926,0.0,0.0,0.0
2022-01-18 20:09:32.508921,0.0,0.0,0.0
2022-01-18 20:09:33.005996,0.0,0.0,0.0
2022-01-18 20:09:33.509892,0.0,0.0,0.0
2022-01-18 20:09:34.006832,0.0,0.0,0.0
2022-01-18 20:09:34.510372,0.0,0.0,0.0
2022-01-18 20:09:35.007956,0.0,0.0,0.0
2022-01-18 20:09:35.503344,0.0,0.0,0.0
2022-01-18 20:09:36.002859,0.0,0.0,0.0
2022-01-18 20:09:36.507901,0.0,0.0,0.0
2022-01-18 20:09:37.005276,0.0,0.0,0.0
2022-01-18 20:09:37.509362,0.0,0.0,0.0
2022-01-18 20:09:38.006793,0.0,0.0,0.0
2022-01-18 20:09:38.511197,0.0,0.0,0.0
2022-01-18 20:09:39.009179,0.0,0.0,0.0
2022-01-18 20:09:39.504932,0.0,0.0,0.0
2022-01-18 20:09:40.001240,0.0,0.0,0.0
2022-01-18 20:09:40.507414,0.0,0.0,0.0
2022-01-18 20:09:41.006795,0.0,0.0,0.0
2022-01-18 20:09:41.511169,0.0,0.0,0.0
2022-01-18 20:09:42.008093,0.0,0.0,0.0
2022-01-18 20:09:42.501684,0.0,0.0,0.0
2022-01-18 20:09:43.009756,0.0,0.0,0.0
2022-01-18 20:09:43.505159,0.0,0.0,0.0
2022-01-18 20:09:44.002495,0.0,0.0,0.0
2022-01-18 20:09:44.507164,0.0,0.0,0.0
2022-01-18 20:09:45.005257,0.0,0.0,0.0
2022-01-18 20:09:45.501637,0.0,0.0,0.0
2022-01-18 20:09:46.009064,0.0,0.0,0.0
2022-01-18 20:09:46.503784,0.0,0.0,0.0
2022-01-18 20:09:47.002555,0.0,0.0,0.0
2022-01-18 20:09:47.507551,0.0,0.0,0.0
2022-01-18 20:09:48.004697,0.0,0.0,0.0
2022-01-18 20:09:48.510556,0.0,0.0,0.0
2022-01-18 20:09:49.007068,0.0,0.0,0.0
2022-01-18 20:09:49.501380,0.0,0.0,0.0
2022-01-18 20:09:50.009570,0.0,0.0,0.0
2022-01-18 20:09:50.505027,0.0,0.0,0.0
2022-01-18 20:09:51.002023,0.0,0.0,0.0
2022-01-18 20:09:51.507773,0.0,0.0,0.0
2022-01-18 20:09:52.006265,0.0,0.0,0.0
2022-01-18 20:09:52.510437,0.0,0.0,0.0
2022-01-18 20:09:53.008893,0.0,0.0,0.0
2022-01-18 20:09:53.503150,0.0,0.0,0.0
2022-01-18 20:09:54.003420,0.0,0.0,0.0
2022-01-18 20:09:54.508034,0.0,0.0,0.0
2022-01-18 20:09:55.007017,0.0,0.0,0.0
2022-01-18 20:09:55.508396,0.0,0.0,0.0
2022-01-18 20:09:56.005972,0.0,0.0,0.0
2022-01-18 20:09:56.510832,0.0,0.0,0.0
2022-01-18 20:09:57.009170,0.0,0.0,0.0
2022-01-18 20:09:57.503601,0.0,0.0,0.0
2022-01-18 20:09:58.003999,0.0,0.0,0.0
2022-01-18 20:09:58.502092,0.0,0.0,0.0
2022-01-18 20:09:59.002244,0.0,0.0,0.0
2022-01-18 20:09:59.509124,0.0,0.0,0.0
2022-01-18 20:10:00.006103,0.0,0.0,0.0
2022-01-18 20:10:00.503316,0.0,0.0,0.0
2022-01-18 20:10:01.001912,0.0,0.0,0.0
2022-01-18 20:10:01.507343,0.0,0.0,0.0
2022-01-18 20:10:02.004181,0.0,0.0,0.0
2022-01-18 20:10:02.511350,0.0,0.0,0.0
2022-01-18 20:10:03.009207,0.0,0.0,0.0
2022-01-18 20:10:03.504240,0.0,0.0,0.0
2022-01-18 20:10:04.003334,0.0,0.0,0.0
2022-01-18 20:10:04.507718,0.0,0.0,0.0
2022-01-18 20:10:05.006069,0.0,0.0,0.0
2022-01-18 20:10:05.510890,0.0,0.0,0.0
2022-01-18 20:10:06.009170,0.0,0.0,0.0
2022-01-18 20:10:06.502767,0.0,0.0,0.0
2022-01-18 20:10:07.503570,0.0,0.0,0.0
2022-01-18 20:10:08.002206,0.0,0.0,0.0
2022-01-18 20:10:08.506004,0.0,0.0,0.0
2022-01-18 20:10:09.003464,0.0,0.0,0.0
2022-01-18 20:10:09.508455,0.0,0.0,0.0
2022-01-18 20:10:10.004122,0.0,0.0,0.0
2022-01-18 20:10:10.507390,0.0,0.0,0.0
2022-01-18 20:10:11.002608,0.0,0.0,0.0
2022-01-18 20:10:11.506315,0.0,0.0,0.0
2022-01-18 20:10:12.007561,0.0,0.0,0.0
2022-01-18 20:10:12.501126,0.0,0.0,0.0
2022-01-18 20:10:13.008070,0.0,0.0,0.0
2022-01-18 20:10:13.504048,0.0,0.0,0.0
2022-01-18 20:10:14.002334,0.0,0.0,0.0
2022-01-18 20:10:14.507401,0.0,0.0,0.0
2022-01-18 20:10:15.005922,0.0,0.0,0.0
2022-01-18 20:10:15.502532,0.0,0.0,0.0
2022-01-18 20:10:16.008794,0.0,0.0,0.0
2022-01-18 20:10:16.506417,0.0,0.0,0.0
2022-01-18 20:10:17.004651,0.0,0.0,0.0
2022-01-18 20:10:17.509055,0.0,0.0,0.0
2022-01-18 20:10:18.006463,0.0,0.0,0.0
2022-01-18 20:10:18.510503,0.0,0.0,0.0
2022-01-18 20:10:19.007379,0.0,0.0,0.0
2022-01-18 20:10:19.501716,0.0,0.0,0.0
2022-01-18 20:10:20.008954,0.0,0.0,0.0
2022-01-18 20:10:20.505939,0.0,0.0,0.0
2022-01-18 20:10:21.003999,0.0,0.0,0.0
2022-01-18 20:10:21.506876,0.0,0.0,0.0
2022-01-18 20:10:22.003713,0.0,0.0,0.0
2022-01-18 20:10:22.508581,0.0,0.0,0.0
2022-01-18 20:10:23.006032,0.0,0.0,0.0
2022-01-18 20:10:23.510963,0.0,0.0,0.0
2022-01-18 20:10:24.008686,0.0,0.0,0.0
2022-01-18 20:10:24.503680,0.0,0.0,0.0
2022-01-18 20:10:25.002109,0.0,0.0,0.0
2022-01-18 20:10:25.508723,0.0,0.0,0.0
2022-01-18 20:10:26.006033,0.0,0.0,0.0
2022-01-18 20:10:26.510433,0.0,0.0,0.0
2022-01-18 20:10:27.008485,0.0,0.0,0.0
2022-01-18 20:10:27.502749,0.0,0.0,0.0
2022-01-18 20:10:28.010774,0.0,0.0,0.0
2022-01-18 20:10:28.505696,0.0,0.0,0.0
2022-01-18 20:10:29.003349,0.0,0.0,0.0
2022-01-18 20:10:29.507970,0.0,0.0,0.0
2022-01-18 20:10:30.006770,0.0,0.0,0.0
2022-01-18 20:10:30.501233,0.0,0.0,0.0
2022-01-18 20:10:31.008515,0.0,0.0,0.0
2022-01-18 20:10:31.504062,0.0,0.0,0.0
2022-01-18 20:10:32.002202,0.0,0.0,0.0
2022-01-18 20:10:32.506365,0.0,0.0,0.0
2022-01-18 20:10:33.003407,0.0,0.0,0.0
2022-01-18 20:10:33.504445,0.0,0.0,0.0
2022-01-18 20:10:34.504333,0.0,0.0,0.0
2022-01-18 20:10:35.002354,0.0,0.0,0.0
2022-01-18 20:10:35.506953,0.0,0.0,0.0
2022-01-18 20:10:36.002822,0.0,0.0,0.0
2022-01-18 20:10:36.505986,0.0,0.0,0.0
2022-01-18 20:10:37.003173,0.0,0.0,0.0
2022-01-18 20:10:37.510824,0.0,0.0,0.0
2022-01-18 20:10:38.008028,0.0,0.0,0.0
2022-01-18 20:10:38.502774,0.0,0.0,0.0
2022-01-18 20:10:39.010210,0.0,0.0,0.0
2022-01-18 20:10:39.507427,0.0,0.0,0.0
2022-01-18 20:10:40.006380,0.0,0.0,0.0
2022-01-18 20:10:40.510755,0.0,0.0,0.0
2022-01-18 20:10:41.006868,0.0,0.0,0.0
2022-01-18 20:10:41.501128,0.0,0.0,0.0
2022-01-18 20:10:42.008653,0.0,0.0,0.0
2022-01-18 20:10:42.503421,0.0,0.0,0.0
2022-01-18 20:10:43.003634,0.0,0.0,0.0
2022-01-18 20:10:43.507670,0.0,0.0,0.0
2022-01-18 20:10:44.008532,0.0,0.0,0.0
2022-01-18 20:10:44.502856,0.0,0.0,0.0
2022-01-18 20:10:45.010177,0.0,0.0,0.0
2022-01-18 20:10:45.504362,0.0,0.0,0.0
2022-01-18 20:10:46.001988,0.0,0.0,0.0
2022-01-18 20:10:46.507519,0.0,0.0,0.0
2022-01-18 20:10:47.005414,0.0,0.0,0.0
2022-01-18 20:10:47.510813,0.0,0.0,0.0
2022-01-18 20:10:48.008420,0.0,0.0,0.0
2022-01-18 20:10:48.505190,0.0,0.0,0.0
2022-01-18 20:10:49.001170,0.0,0.0,0.0
2022-01-18 20:10:49.505266,0.0,0.0,0.0
2022-01-18 20:10:50.001498,0.0,0.0,0.0
2022-01-18 20:10:50.507025,0.0,0.0,0.0
2022-01-18 20:10:51.006230,0.0,0.0,0.0
2022-01-18 20:10:51.509129,0.0,0.0,0.0
2022-01-18 20:10:52.006027,0.0,0.0,0.0
2022-01-18 20:10:52.511116,0.0,0.0,0.0
2022-01-18 20:10:53.001500,0.0,0.0,0.0
2022-01-18 20:10:53.506636,0.0,0.0,0.0
2022-01-18 20:10:54.002468,0.0,0.0,0.0
2022-01-18 20:10:54.506547,0.0,0.0,0.0
2022-01-18 20:10:55.006750,0.0,0.0,0.0
2022-01-18 20:10:55.510426,0.0,0.0,0.0
2022-01-18 20:10:56.008598,0.0,0.0,0.0
2022-01-18 20:10:56.503825,0.0,0.0,0.0
2022-01-18 20:10:57.002642,0.0,0.0,0.0
2022-01-18 20:10:57.506821,0.0,0.0,0.0
2022-01-18 20:10:58.004365,0.0,0.0,0.0
2022-01-18 20:10:58.509068,0.0,0.0,0.0
2022-01-18 20:10:59.006778,0.0,0.0,0.0
2022-01-18 20:10:59.502325,0.0,0.0,0.0
2022-01-18 20:11:00.010431,0.0,0.0,0.0
2022-01-18 20:11:00.505413,0.0,0.0,0.0
2022-01-18 20:11:01.003336,0.0,0.0,0.0
2022-01-18 20:11:01.510299,0.0,0.0,0.0
2022-01-18 20:11:02.007457,0.0,0.0,0.0
2022-01-18 20:11:02.501627,0.0,0.0,0.0
2022-01-18 20:11:03.010773,0.0,0.0,0.0
2022-01-18 20:11:03.504923,0.0,0.0,0.0
2022-01-18 20:11:04.002720,0.0,0.0,0.0
2022-01-18 20:11:04.507482,0.0,0.0,0.0
2022-01-18 20:11:05.005751,0.0,0.0,0.0
2022-01-18 20:11:05.501959,0.0,0.0,0.0
2022-01-18 20:11:06.009568,0.0,0.0,0.0
2022-01-18 20:11:06.504607,0.0,0.0,0.0
2022-01-18 20:11:07.002785,0.0,0.0,0.0
2022-01-18 20:11:07.509685,0.0,0.0,0.0
2022-01-18 20:11:08.007286,0.0,0.0,0.0
2022-01-18 20:11:08.501893,0.0,0.0,0.0
2022-01-18 20:11:09.009855,0.0,0.0,0.0
2022-01-18 20:11:09.504021,0.0,0.0,0.0
2022-01-18 20:11:10.004890,0.0,0.0,0.0
2022-01-18 20:11:10.509077,0.0,0.0,0.0
2022-01-18 20:11:11.005555,0.0,0.0,0.0
2022-01-18 20:11:11.510892,0.0,0.0,0.0
2022-01-18 20:11:12.009485,0.0,0.0,0.0
2022-01-18 20:11:12.505512,0.0,0.0,0.0
2022-01-18 20:11:13.002942,0.0,0.0,0.0
2022-01-18 20:11:13.507106,0.0,0.0,0.0
2022-01-18 20:11:14.003617,0.0,0.0,0.0
2022-01-18 20:11:14.501251,0.0,0.0,0.0
2022-01-18 20:11:15.008686,0.0,0.0,0.0
2022-01-18 20:11:15.503761,0.0,0.0,0.0
2022-01-18 20:11:16.011253,0.0,0.0,0.0
2022-01-18 20:11:16.505688,0.0,0.0,0.0
2022-01-18 20:11:17.003875,0.0,0.0,0.0
2022-01-18 20:11:17.510060,0.0,0.0,0.0
2022-01-18 20:11:18.008132,0.0,0.0,0.0
2022-01-18 20:11:18.502069,0.0,0.0,0.0
2022-01-18 20:11:19.010818,0.0,0.0,0.0
2022-01-18 20:11:19.506569,0.0,0.0,0.0
2022-01-18 20:11:20.003551,0.0,0.0,0.0
2022-01-18 20:11:20.508375,0.0,0.0,0.0
2022-01-18 20:11:21.005808,0.0,0.0,0.0
2022-01-18 20:11:21.510784,0.0,0.0,0.0
2022-01-18 20:11:22.007288,0.0,0.0,0.0
2022-01-18 20:11:22.502312,0.0,0.0,0.0
2022-01-18 20:11:23.010266,0.0,0.0,0.0
2022-01-18 20:11:23.507555,0.0,0.0,0.0
2022-01-18 20:11:24.005238,0.0,0.0,0.0
2022-01-18 20:11:24.509476,0.0,0.0,0.0
2022-01-18 20:11:25.008647,0.0,0.0,0.0
2022-01-18 20:11:25.503518,0.0,0.0,0.0
2022-01-18 20:11:26.002550,0.0,0.0,0.0
2022-01-18 20:11:26.507664,0.0,0.0,0.0
2022-01-18 20:11:27.005776,0.0,0.0,0.0
2022-01-18 20:11:27.510924,0.0,0.0,0.0
2022-01-18 20:11:28.010500,0.0,0.0,0.0
2022-01-18 20:11:28.506659,0.0,0.0,0.0
2022-01-18 20:11:29.004968,0.0,0.0,0.0
2022-01-18 20:11:29.510098,0.0,0.0,0.0
2022-01-18 20:11:30.007547,0.0,0.0,0.0
2022-01-18 20:11:30.501092,0.0,0.0,0.0
2022-01-18 20:11:31.009118,0.0,0.0,0.0
2022-01-18 20:11:31.504415,0.0,0.0,0.0
2022-01-18 20:11:32.002065,0.0,0.0,0.0
2022-01-18 20:11:32.508174,0.0,0.0,0.0
2022-01-18 20:11:33.006942,0.0,0.0,0.0
2022-01-18 20:11:33.511082,0.0,0.0,0.0
2022-01-18 20:11:34.008738,0.0,0.0,0.0
2022-01-18 20:11:34.502515,0.0,0.0,0.0
2022-01-18 20:11:35.008613,0.0,0.0,0.0
2022-01-18 20:11:35.503605,0.0,0.0,0.0
2022-01-18 20:11:36.001727,0.0,0.0,0.0
2022-01-18 20:11:36.505943,0.0,0.0,0.0
2022-01-18 20:11:37.005938,0.0,0.0,0.0
2022-01-18 20:11:37.501202,0.0,0.0,0.0
2022-01-18 20:11:38.009034,0.0,0.0,0.0
2022-01-18 20:11:38.502796,0.0,0.0,0.0
2022-01-18 20:11:39.001337,0.0,0.0,0.0
2022-01-18 20:11:39.504989,0.0,0.0,0.0
2022-01-18 20:11:40.001927,0.0,0.0,0.0
2022-01-18 20:11:40.507627,0.0,0.0,0.0
2022-01-18 20:11:41.005913,0.0,0.0,0.0
2022-01-18 20:11:41.504210,0.0,0.0,0.0
2022-01-18 20:11:42.001892,0.0,0.0,0.0
2022-01-18 20:11:42.506788,0.0,0.0,0.0
2022-01-18 20:11:43.002779,0.0,0.0,0.0
2022-01-18 20:11:43.508132,0.0,0.0,0.0
2022-01-18 20:11:44.005779,0.0,0.0,0.0
2022-01-18 20:11:44.501352,0.0,0.0,0.0
2022-01-18 20:11:45.010405,0.0,0.0,0.0
2022-01-18 20:11:45.508717,0.0,0.0,0.0
2022-01-18 20:11:46.006711,0.0,0.0,0.0
2022-01-18 20:11:46.510740,0.0,0.0,0.0
2022-01-18 20:11:47.007801,0.0,0.0,0.0
2022-01-18 20:11:47.502155,0.0,0.0,0.0
2022-01-18 20:11:48.009073,0.0,0.0,0.0
2022-01-18 20:11:48.502161,0.0,0.0,0.0
2022-01-18 20:11:49.008577,0.0,0.0,0.0
2022-01-18 20:11:49.502594,0.0,0.0,0.0
2022-01-18 20:11:50.001682,0.0,0.0,0.0
2022-01-18 20:11:50.506849,0.0,0.0,0.0
2022-01-18 20:11:51.004213,0.0,0.0,0.0
2022-01-18 20:11:51.509385,0.0,0.0,0.0
2022-01-18 20:11:52.006301,0.0,0.0,0.0
2022-01-18 20:11:52.511254,0.0,0.0,0.0
2022-01-18 20:11:53.009624,0.0,0.0,0.0
2022-01-18 20:11:53.504062,0.0,0.0,0.0
2022-01-18 20:11:54.002258,0.0,0.0,0.0
2022-01-18 20:11:54.508680,0.0,0.0,0.0
2022-01-18 20:11:55.008309,0.0,0.0,0.0
2022-01-18 20:11:55.502891,0.0,0.0,0.0
2022-01-18 20:11:56.001749,0.0,0.0,0.0
2022-01-18 20:11:56.508170,0.0,0.0,0.0
2022-01-18 20:11:57.001237,0.0,0.0,0.0
2022-01-18 20:11:57.506181,0.0,0.0,0.0
2022-01-18 20:11:58.003774,0.0,0.0,0.0
2022-01-18 20:11:58.508723,0.0,0.0,0.0
2022-01-18 20:11:59.006664,0.0,0.0,0.0
2022-01-18 20:11:59.503578,0.0,0.0,0.0
2022-01-18 20:12:00.001994,0.0,0.0,0.0
2022-01-18 20:12:00.507526,0.0,0.0,0.0
2022-01-18 20:12:01.005141,0.0,0.0,0.0
2022-01-18 20:12:01.509980,0.0,0.0,0.0
2022-01-18 20:12:02.005897,0.0,0.0,0.0
2022-01-18 20:12:02.510061,0.0,0.0,0.0
2022-01-18 20:12:03.006438,0.0,0.0,0.0
2022-01-18 20:12:03.501956,0.0,0.0,0.0
2022-01-18 20:12:04.008848,0.0,0.0,0.0
2022-01-18 20:12:04.505417,0.0,0.0,0.0
2022-01-18 20:12:05.004216,0.0,0.0,0.0
2022-01-18 20:12:05.509036,0.0,0.0,0.0
2022-01-18 20:12:06.007751,0.0,0.0,0.0
2022-01-18 20:12:06.510348,0.0,0.0,0.0
2022-01-18 20:12:07.008929,0.0,0.0,0.0
2022-01-18 20:12:07.505896,0.0,0.0,0.0
2022-01-18 20:12:08.003545,0.0,0.0,0.0
2022-01-18 20:12:08.508046,0.0,0.0,0.0
2022-01-18 20:12:09.005965,0.0,0.0,0.0
2022-01-18 20:12:09.510796,0.0,0.0,0.0
2022-01-18 20:12:10.008427,0.0,0.0,0.0
2022-01-18 20:12:10.501789,0.0,0.0,0.0
2022-01-18 20:12:11.006606,0.0,0.0,0.0
2022-01-18 20:12:11.501114,0.0,0.0,0.0
2022-01-18 20:12:12.008369,0.0,0.0,0.0
2022-01-18 20:12:12.504343,0.0,0.0,0.0
2022-01-18 20:12:13.001805,0.0,0.0,0.0
2022-01-18 20:12:13.507126,0.0,0.0,0.0
2022-01-18 20:12:14.005134,0.0,0.0,0.0
2022-01-18 20:12:15.005085,0.0,0.0,0.0
2022-01-18 20:12:15.509977,0.0,0.0,0.0
2022-01-18 20:12:16.008036,0.0,0.0,0.0
2022-01-18 20:12:16.502489,0.0,0.0,0.0
2022-01-18 20:12:17.010790,0.0,0.0,0.0
2022-01-18 20:12:17.506484,0.0,0.0,0.0
2022-01-18 20:12:18.003289,0.0,0.0,0.0
2022-01-18 20:12:18.506968,0.0,0.0,0.0
2022-01-18 20:12:19.005316,0.0,0.0,0.0
2022-01-18 20:12:19.510416,0.0,0.0,0.0
2022-01-18 20:12:20.008629,0.0,0.0,0.0
2022-01-18 20:12:20.502744,0.0,0.0,0.0
2022-01-18 20:12:21.010429,0.0,0.0,0.0
2022-01-18 20:12:21.503416,0.0,0.0,0.0
2022-01-18 20:12:22.009214,0.0,0.0,0.0
2022-01-18 20:12:22.504454,0.0,0.0,0.0
2022-01-18 20:12:23.004111,0.0,0.0,0.0
2022-01-18 20:12:23.508513,0.0,0.0,0.0
2022-01-18 20:12:24.006691,0.0,0.0,0.0
2022-01-18 20:12:24.501850,0.0,0.0,0.0
2022-01-18 20:12:25.009008,0.0,0.0,0.0
2022-01-18 20:12:25.503132,0.0,0.0,0.0
2022-01-18 20:12:26.002669,0.0,0.0,0.0
2022-01-18 20:12:26.506879,0.0,0.0,0.0
2022-01-18 20:12:27.004659,0.0,0.0,0.0
2022-01-18 20:12:27.508573,0.0,0.0,0.0
2022-01-18 20:12:28.006581,0.0,0.0,0.0
2022-01-18 20:12:28.511145,0.0,0.0,0.0
2022-01-18 20:12:29.009643,0.0,0.0,0.0
2022-01-18 20:12:29.505218,0.0,0.0,0.0
2022-01-18 20:12:30.003022,0.0,0.0,0.0
2022-01-18 20:12:30.507260,0.0,0.0,0.0
2022-01-18 20:12:31.006044,0.0,0.0,0.0
2022-01-18 20:12:31.502175,0.0,0.0,0.0
2022-01-18 20:12:32.011282,0.0,0.0,0.0
2022-01-18 20:12:32.507329,0.0,0.0,0.0
2022-01-18 20:12:33.004326,0.0,0.0,0.0
2022-01-18 20:12:33.508588,0.0,0.0,0.0
2022-01-18 20:12:34.006174,0.0,0.0,0.0
2022-01-18 20:12:34.510136,0.0,0.0,0.0
2022-01-18 20:12:35.007829,0.0,0.0,0.0
2022-01-18 20:12:35.503372,0.0,0.0,0.0
2022-01-18 20:12:36.004245,0.0,0.0,0.0
2022-01-18 20:12:36.508610,0.0,0.0,0.0
2022-01-18 20:12:37.006577,0.0,0.0,0.0
2022-01-18 20:12:37.510806,0.0,0.0,0.0
2022-01-18 20:12:38.008939,0.0,0.0,0.0
2022-01-18 20:12:38.502844,0.0,0.0,0.0
2022-01-18 20:12:39.011371,0.0,0.0,0.0
2022-01-18 20:12:39.505910,0.0,0.0,0.0
2022-01-18 20:12:40.002786,0.0,0.0,0.0
2022-01-18 20:12:40.509224,0.0,0.0,0.0
2022-01-18 20:12:41.007401,0.0,0.0,0.0
2022-01-18 20:12:41.510755,0.0,0.0,0.0
2022-01-18 20:12:42.011175,0.0,0.0,0.0
2022-01-18 20:12:42.507114,0.0,0.0,0.0
2022-01-18 20:12:43.003891,0.0,0.0,0.0
2022-01-18 20:12:43.508891,0.0,0.0,0.0
2022-01-18 20:12:44.006554,0.0,0.0,0.0
2022-01-18 20:12:44.503435,0.0,0.0,0.0
2022-01-18 20:12:45.010866,0.0,0.0,0.0
2022-01-18 20:12:45.504443,0.0,0.0,0.0
2022-01-18 20:12:46.001259,0.0,0.0,0.0
2022-01-18 20:12:46.504097,0.0,0.0,0.0
2022-01-18 20:12:47.001934,0.0,0.0,0.0
2022-01-18 20:12:47.505864,0.0,0.0,0.0
2022-01-18 20:12:48.003443,0.0,0.0,0.0
2022-01-18 20:12:48.507103,0.0,0.0,0.0
2022-01-18 20:12:49.004464,0.0,0.0,0.0
2022-01-18 20:12:49.510633,0.0,0.0,0.0
2022-01-18 20:12:50.008067,0.0,0.0,0.0
2022-01-18 20:12:50.502672,0.0,0.0,0.0
2022-01-18 20:12:51.000900,0.0,0.0,0.0
2022-01-18 20:12:51.506584,0.0,0.0,0.0
2022-01-18 20:12:52.003860,0.0,0.0,0.0
2022-01-18 20:12:52.510856,0.0,0.0,0.0
2022-01-18 20:12:53.009835,0.0,0.0,0.0
2022-01-18 20:12:53.503794,0.0,0.0,0.0
2022-01-18 20:12:54.003932,0.0,0.0,0.0
2022-01-18 20:12:54.508950,0.0,0.0,0.0
2022-01-18 20:12:55.007314,0.0,0.0,0.0
2022-01-18 20:12:55.502423,0.0,0.0,0.0
2022-01-18 20:12:56.009959,0.0,0.0,0.0
2022-01-18 20:12:56.505068,0.0,0.0,0.0
2022-01-18 20:12:57.002431,0.0,0.0,0.0
2022-01-18 20:12:57.506069,0.0,0.0,0.0
2022-01-18 20:12:58.003884,0.0,0.0,0.0
2022-01-18 20:12:58.508326,0.0,0.0,0.0
2022-01-18 20:12:59.006625,0.0,0.0,0.0
2022-01-18 20:12:59.501225,0.0,0.0,0.0
2022-01-18 20:13:00.008780,0.0,0.0,0.0
2022-01-18 20:13:00.502698,0.0,0.0,0.0
2022-01-18 20:13:01.010503,0.0,0.0,0.0
2022-01-18 20:13:01.505405,0.0,0.0,0.0
2022-01-18 20:13:02.002668,0.0,0.0,0.0
2022-01-18 20:13:02.509206,0.0,0.0,0.0
2022-01-18 20:13:03.007894,0.0,0.0,0.0
2022-01-18 20:13:03.501637,0.0,0.0,0.0
2022-01-18 20:13:04.009211,0.0,0.0,0.0
2022-01-18 20:13:04.502566,0.0,0.0,0.0
2022-01-18 20:13:05.002936,0.0,0.0,0.0
2022-01-18 20:13:05.509964,0.0,0.0,0.0
2022-01-18 20:13:06.006987,0.0,0.0,0.0
2022-01-18 20:13:06.501437,0.0,0.0,0.0
2022-01-18 20:13:07.010589,0.0,0.0,0.0
2022-01-18 20:13:07.505035,0.0,0.0,0.0
2022-01-18 20:13:08.002500,0.0,0.0,0.0
2022-01-18 20:13:08.506470,0.0,0.0,0.0
2022-01-18 20:13:09.003719,0.0,0.0,0.0
2022-01-18 20:13:09.507977,0.0,0.0,0.0
2022-01-18 20:13:10.006013,0.0,0.0,0.0
2022-01-18 20:13:10.509818,0.0,0.0,0.0
2022-01-18 20:13:11.008627,0.0,0.0,0.0
2022-01-18 20:13:11.505653,0.0,0.0,0.0
2022-01-18 20:13:12.002959,0.0,0.0,0.0
2022-01-18 20:13:12.507954,0.0,0.0,0.0
2022-01-18 20:13:13.006154,0.0,0.0,0.0
2022-01-18 20:13:13.511276,0.0,0.0,0.0
2022-01-18 20:13:14.010515,0.0,0.0,0.0
2022-01-18 20:13:14.506315,0.0,0.0,0.0
2022-01-18 20:13:15.004541,0.0,0.0,0.0
2022-01-18 20:13:15.508465,0.0,0.0,0.0
2022-01-18 20:13:16.008418,0.0,0.0,0.0
2022-01-18 20:13:16.504038,0.0,0.0,0.0
2022-01-18 20:13:17.001556,0.0,0.0,0.0
2022-01-18 20:13:17.506652,0.0,0.0,0.0
2022-01-18 20:13:18.005909,0.0,0.0,0.0
2022-01-18 20:13:18.510088,0.0,0.0,0.0
2022-01-18 20:13:19.008144,0.0,0.0,0.0
2022-01-18 20:13:19.502858,0.0,0.0,0.0
2022-01-18 20:13:20.010874,0.0,0.0,0.0
2022-01-18 20:13:20.506963,0.0,0.0,0.0
2022-01-18 20:13:21.004912,0.0,0.0,0.0
2022-01-18 20:13:21.508579,0.0,0.0,0.0
2022-01-18 20:13:22.007558,0.0,0.0,0.0
2022-01-18 20:13:22.502133,0.0,0.0,0.0
2022-01-18 20:13:23.009874,0.0,0.0,0.0
2022-01-18 20:13:23.504506,0.0,0.0,0.0
2022-01-18 20:13:24.001994,0.0,0.0,0.0
2022-01-18 20:13:24.507398,0.0,0.0,0.0
2022-01-18 20:13:25.005899,0.0,0.0,0.0
2022-01-18 20:13:25.502292,0.0,0.0,0.0
2022-01-18 20:13:26.010843,0.0,0.0,0.0
2022-01-18 20:13:26.507239,0.0,0.0,0.0
2022-01-18 20:13:27.005907,0.0,0.0,0.0
2022-01-18 20:13:27.510303,0.0,0.0,0.0
2022-01-18 20:13:28.007839,0.0,0.0,0.0
2022-01-18 20:13:28.502295,0.0,0.0,0.0
2022-01-18 20:13:29.009535,0.0,0.0,0.0
2022-01-18 20:13:29.505819,0.0,0.0,0.0
2022-01-18 20:13:30.003266,0.0,0.0,0.0
2022-01-18 20:13:30.506669,0.0,0.0,0.0
2022-01-18 20:13:31.004447,0.0,0.0,0.0
2022-01-18 20:13:31.509857,0.0,0.0,0.0
2022-01-18 20:13:32.007796,0.0,0.0,0.0
2022-01-18 20:13:32.503975,0.0,0.0,0.0
2022-01-18 20:13:33.001317,0.0,0.0,0.0
2022-01-18 20:13:33.505387,0.0,0.0,0.0
2022-01-18 20:13:34.004609,0.0,0.0,0.0
2022-01-18 20:13:34.510657,0.0,0.0,0.0
2022-01-18 20:13:35.008193,0.0,0.0,0.0
2022-01-18 20:13:35.503372,0.0,0.0,0.0
2022-01-18 20:13:36.000660,0.0,0.0,0.0
2022-01-18 20:13:36.504119,0.0,0.0,0.0
2022-01-18 20:13:37.002250,0.0,0.0,0.0
2022-01-18 20:13:37.507602,0.0,0.0,0.0
2022-01-18 20:13:38.010381,0.0,0.0,0.0
2022-01-18 20:13:38.504976,0.0,0.0,0.0
2022-01-18 20:13:39.002104,0.0,0.0,0.0
2022-01-18 20:13:39.505096,0.0,0.0,0.0
2022-01-18 20:13:40.001467,0.0,0.0,0.0
2022-01-18 20:13:40.506779,0.0,0.0,0.0
2022-01-18 20:13:41.004091,0.0,0.0,0.0
2022-01-18 20:13:41.508546,0.0,0.0,0.0
2022-01-18 20:13:42.006097,0.0,0.0,0.0
2022-01-18 20:13:42.502600,0.0,0.0,0.0
2022-01-18 20:13:43.009259,0.0,0.0,0.0
2022-01-18 20:13:43.501890,0.0,0.0,0.0
2022-01-18 20:13:44.009175,0.0,0.0,0.0
2022-01-18 20:13:44.502761,0.0,0.0,0.0
2022-01-18 20:13:45.000739,0.0,0.0,0.0
2022-01-18 20:13:45.505551,0.0,0.0,0.0
2022-01-18 20:13:46.003353,0.0,0.0,0.0
2022-01-18 20:13:46.510429,0.0,0.0,0.0
2022-01-18 20:13:47.008723,0.0,0.0,0.0
2022-01-18 20:13:47.503568,0.0,0.0,0.0
2022-01-18 20:13:48.010977,0.0,0.0,0.0
2022-01-18 20:13:48.505787,0.0,0.0,0.0
2022-01-18 20:13:49.003976,0.0,0.0,0.0
2022-01-18 20:13:49.508578,0.0,0.0,0.0
2022-01-18 20:13:50.008624,0.0,0.0,0.0
2022-01-18 20:13:50.503055,0.0,0.0,0.0
2022-01-18 20:13:51.011430,0.0,0.0,0.0
2022-01-18 20:13:51.506920,0.0,0.0,0.0
2022-01-18 20:13:52.005336,0.0,0.0,0.0
2022-01-18 20:13:52.508997,0.0,0.0,0.0
2022-01-18 20:13:53.006668,0.0,0.0,0.0
2022-01-18 20:13:53.502271,0.0,0.0,0.0
2022-01-18 20:13:54.010343,0.0,0.0,0.0
2022-01-18 20:13:54.504602,0.0,0.0,0.0
2022-01-18 20:13:55.002748,0.0,0.0,0.0
2022-01-18 20:13:55.509487,0.0,0.0,0.0
2022-01-18 20:13:56.006672,0.0,0.0,0.0
2022-01-18 20:13:56.502183,0.0,0.0,0.0
2022-01-18 20:13:57.010275,0.0,0.0,0.0
2022-01-18 20:13:57.504680,0.0,0.0,0.0
2022-01-18 20:13:58.003837,0.0,0.0,0.0
2022-01-18 20:13:58.509251,0.0,0.0,0.0
2022-01-18 20:13:59.005166,0.0,0.0,0.0
2022-01-18 20:13:59.501714,0.0,0.0,0.0
2022-01-18 20:14:00.001144,0.0,0.0,0.0
2022-01-18 20:14:00.506992,0.0,0.0,0.0
2022-01-18 20:14:01.004774,0.0,0.0,0.0
2022-01-18 20:14:01.511131,0.0,0.0,0.0
2022-01-18 20:14:02.010649,0.0,0.0,0.0
2022-01-18 20:14:02.506258,0.0,0.0,0.0
2022-01-18 20:14:03.003454,0.0,0.0,0.0
2022-01-18 20:14:03.506958,0.0,0.0,0.0
2022-01-18 20:14:04.007932,0.0,0.0,0.0
2022-01-18 20:14:04.502491,0.0,0.0,0.0
2022-01-18 20:14:05.505153,0.0,0.0,0.0
2022-01-18 20:14:06.011140,0.0,0.0,0.0
2022-01-18 20:14:06.507354,0.0,0.0,0.0
2022-01-18 20:14:07.004911,0.0,0.0,0.0
2022-01-18 20:14:07.510395,0.0,0.0,0.0
2022-01-18 20:14:08.001270,0.0,0.0,0.0
2022-01-18 20:14:08.505693,0.0,0.0,0.0
2022-01-18 20:14:09.004934,0.0,0.0,0.0
2022-01-18 20:14:09.508117,0.0,0.0,0.0
2022-01-18 20:14:10.005617,0.0,0.0,0.0
2022-01-18 20:14:10.510120,0.0,0.0,0.0
2022-01-18 20:14:11.003510,0.0,0.0,0.0
2022-01-18 20:14:11.509410,0.0,0.0,0.0
2022-01-18 20:14:12.007169,0.0,0.0,0.0
2022-01-18 20:14:12.510984,0.0,0.0,0.0
2022-01-18 20:14:13.010657,0.0,0.0,0.0
2022-01-18 20:14:13.506072,0.0,0.0,0.0
2022-01-18 20:14:14.003906,0.0,0.0,0.0
2022-01-18 20:14:14.508656,0.0,0.0,0.0
2022-01-18 20:14:15.005866,0.0,0.0,0.0
2022-01-18 20:14:15.510397,0.0,0.0,0.0
2022-01-18 20:14:16.008304,0.0,0.0,0.0
2022-01-18 20:14:16.502741,0.0,0.0,0.0
2022-01-18 20:14:17.002207,0.0,0.0,0.0
2022-01-18 20:14:17.507873,0.0,0.0,0.0
2022-01-18 20:14:18.005318,0.0,0.0,0.0
2022-01-18 20:14:18.501454,0.0,0.0,0.0
2022-01-18 20:14:19.009296,0.0,0.0,0.0
2022-01-18 20:14:19.502877,0.0,0.0,0.0
2022-01-18 20:14:20.001777,0.0,0.0,0.0
2022-01-18 20:14:20.506409,0.0,0.0,0.0
2022-01-18 20:14:21.002953,0.0,0.0,0.0
2022-01-18 20:14:21.506277,0.0,0.0,0.0
2022-01-18 20:14:22.006121,0.0,0.0,0.0
2022-01-18 20:14:22.502079,0.0,0.0,0.0
2022-01-18 20:14:23.010279,0.0,0.0,0.0
2022-01-18 20:14:23.504191,0.0,0.0,0.0
2022-01-18 20:14:24.002306,0.0,0.0,0.0
2022-01-18 20:14:24.506697,0.0,0.0,0.0
2022-01-18 20:14:25.003929,0.0,0.0,0.0
2022-01-18 20:14:25.509231,0.0,0.0,0.0
2022-01-18 20:14:26.006785,0.0,0.0,0.0
2022-01-18 20:14:26.503693,0.0,0.0,0.0
2022-01-18 20:14:27.002061,0.0,0.0,0.0
2022-01-18 20:14:27.505425,0.0,0.0,0.0
2022-01-18 20:14:28.002388,0.0,0.0,0.0
2022-01-18 20:14:28.508351,0.0,0.0,0.0
2022-01-18 20:14:29.006682,0.0,0.0,0.0
2022-01-18 20:14:29.502776,0.0,0.0,0.0
2022-01-18 20:14:30.504560,0.0,0.0,0.0
2022-01-18 20:14:31.002780,0.0,0.0,0.0
2022-01-18 20:14:31.509557,0.0,0.0,0.0
2022-01-18 20:14:32.006987,0.0,0.0,0.0
2022-01-18 20:14:32.511204,0.0,0.0,0.0
2022-01-18 20:14:33.009441,0.0,0.0,0.0
2022-01-18 20:14:33.503227,0.0,0.0,0.0
2022-01-18 20:14:34.010653,0.0,0.0,0.0
2022-01-18 20:14:34.505128,0.0,0.0,0.0
2022-01-18 20:14:35.002177,0.0,0.0,0.0
2022-01-18 20:14:35.508571,0.0,0.0,0.0
2022-01-18 20:14:36.009004,0.0,0.0,0.0
2022-01-18 20:14:36.506082,0.0,0.0,0.0
2022-01-18 20:14:37.002801,0.0,0.0,0.0
2022-01-18 20:14:37.508848,0.0,0.0,0.0
2022-01-18 20:14:38.005566,0.0,0.0,0.0
2022-01-18 20:14:38.510421,0.0,0.0,0.0
2022-01-18 20:14:39.006756,0.0,0.0,0.0
2022-01-18 20:14:39.510603,0.0,0.0,0.0
2022-01-18 20:14:40.007411,0.0,0.0,0.0
2022-01-18 20:14:40.504555,0.0,0.0,0.0
2022-01-18 20:14:41.002351,0.0,0.0,0.0
2022-01-18 20:14:41.506835,0.0,0.0,0.0
2022-01-18 20:14:42.004688,0.0,0.0,0.0
2022-01-18 20:14:42.510505,0.0,0.0,0.0
2022-01-18 20:14:43.007828,0.0,0.0,0.0
2022-01-18 20:14:43.502171,0.0,0.0,0.0
2022-01-18 20:14:44.002398,0.0,0.0,0.0
2022-01-18 20:14:44.510301,0.0,0.0,0.0
2022-01-18 20:14:45.008870,0.0,0.0,0.0
2022-01-18 20:14:45.503514,0.0,0.0,0.0
2022-01-18 20:14:46.001517,0.0,0.0,0.0
2022-01-18 20:14:46.507947,0.0,0.0,0.0
2022-01-18 20:14:47.005845,0.0,0.0,0.0
2022-01-18 20:14:47.510133,0.0,0.0,0.0
2022-01-18 20:14:48.008107,0.0,0.0,0.0
2022-01-18 20:14:48.502665,0.0,0.0,0.0
2022-01-18 20:14:49.011177,0.0,0.0,0.0
2022-01-18 20:14:49.508320,0.0,0.0,0.0
2022-01-18 20:14:50.005821,0.0,0.0,0.0
2022-01-18 20:14:50.510446,0.0,0.0,0.0
2022-01-18 20:14:51.008228,0.0,0.0,0.0
2022-01-18 20:14:51.501975,0.0,0.0,0.0
2022-01-18 20:14:52.009944,0.0,0.0,0.0
2022-01-18 20:14:52.506284,0.0,0.0,0.0
2022-01-18 20:14:53.002822,0.0,0.0,0.0
2022-01-18 20:14:53.509942,0.0,0.0,0.0
2022-01-18 20:14:54.006707,0.0,0.0,0.0
2022-01-18 20:14:54.501169,0.0,0.0,0.0
2022-01-18 20:14:55.007884,0.0,0.0,0.0
2022-01-18 20:14:55.502768,0.0,0.0,0.0
2022-01-18 20:14:56.001072,0.0,0.0,0.0
2022-01-18 20:14:56.505906,0.0,0.0,0.0
2022-01-18 20:14:57.004267,0.0,0.0,0.0
2022-01-18 20:14:57.509512,0.0,0.0,0.0
2022-01-18 20:14:58.008303,0.0,0.0,0.0
2022-01-18 20:14:58.502809,0.0,0.0,0.0
2022-01-18 20:14:59.010671,0.0,0.0,0.0
2022-01-18 20:14:59.505736,0.0,0.0,0.0
2022-01-18 20:15:00.003010,0.0,0.0,0.0
2022-01-18 20:15:00.507348,0.0,0.0,0.0
2022-01-18 20:15:01.005345,0.0,0.0,0.0
2022-01-18 20:15:01.501063,0.0,0.0,0.0
2022-01-18 20:15:02.010012,0.0,0.0,0.0
2022-01-18 20:15:02.506838,0.0,0.0,0.0
2022-01-18 20:15:03.004871,0.0,0.0,0.0
2022-01-18 20:15:03.510449,0.0,0.0,0.0
2022-01-18 20:15:04.006518,0.0,0.0,0.0
2022-01-18 20:15:04.502444,0.0,0.0,0.0
2022-01-18 20:15:05.505544,0.0,0.0,0.0
2022-01-18 20:15:06.002864,0.0,0.0,0.0
2022-01-18 20:15:06.506829,0.0,0.0,0.0
2022-01-18 20:15:07.003073,0.0,0.0,0.0
2022-01-18 20:15:07.508538,0.0,0.0,0.0
2022-01-18 20:15:08.006310,0.0,0.0,0.0
2022-01-18 20:15:08.510421,0.0,0.0,0.0
2022-01-18 20:15:09.008048,0.0,0.0,0.0
2022-01-18 20:15:09.502382,0.0,0.0,0.0
2022-01-18 20:15:10.009943,0.0,0.0,0.0
2022-01-18 20:15:10.504740,0.0,0.0,0.0
2022-01-18 20:15:11.010015,0.0,0.0,0.0
2022-01-18 20:15:11.505735,0.0,0.0,0.0
2022-01-18 20:15:12.003171,0.0,0.0,0.0
2022-01-18 20:15:12.506747,0.0,0.0,0.0
2022-01-18 20:15:13.002952,0.0,0.0,0.0
2022-01-18 20:15:13.509871,0.0,0.0,0.0
2022-01-18 20:15:14.009319,0.0,0.0,0.0
2022-01-18 20:15:14.504104,0.0,0.0,0.0
2022-01-18 20:15:15.001533,0.0,0.0,0.0
2022-01-18 20:15:15.505096,0.0,0.0,0.0
2022-01-18 20:15:16.003650,0.0,0.0,0.0
2022-01-18 20:15:16.507889,0.0,0.0,0.0
2022-01-18 20:15:17.006120,0.0,0.0,0.0
2022-01-18 20:15:17.511050,0.0,0.0,0.0
2022-01-18 20:15:18.007882,0.0,0.0,0.0
2022-01-18 20:15:18.502620,0.0,0.0,0.0
2022-01-18 20:15:19.010542,0.0,0.0,0.0
2022-01-18 20:15:19.505243,0.0,0.0,0.0
2022-01-18 20:15:20.001987,0.0,0.0,0.0
2022-01-18 20:15:20.506655,0.0,0.0,0.0
2022-01-18 20:15:21.005351,0.0,0.0,0.0
2022-01-18 20:15:21.511065,0.0,0.0,0.0
2022-01-18 20:15:22.007776,0.0,0.0,0.0
2022-01-18 20:15:22.503137,0.0,0.0,0.0
2022-01-18 20:15:23.001771,0.0,0.0,0.0
2022-01-18 20:15:23.507229,0.0,0.0,0.0
2022-01-18 20:15:24.004704,0.0,0.0,0.0
2022-01-18 20:15:24.509798,0.0,0.0,0.0
2022-01-18 20:15:25.009040,0.0,0.0,0.0
2022-01-18 20:15:25.504670,0.0,0.0,0.0
2022-01-18 20:15:26.001413,0.0,0.0,0.0
2022-01-18 20:15:26.506440,0.0,0.0,0.0
2022-01-18 20:15:27.002454,0.0,0.0,0.0
2022-01-18 20:15:27.506296,0.0,0.0,0.0
2022-01-18 20:15:28.003243,0.0,0.0,0.0
2022-01-18 20:15:28.508770,0.0,0.0,0.0
2022-01-18 20:15:29.005802,0.0,0.0,0.0
2022-01-18 20:15:29.509718,0.0,0.0,0.0
2022-01-18 20:15:30.007932,0.0,0.0,0.0
2022-01-18 20:15:30.502931,0.0,0.0,0.0
2022-01-18 20:15:31.505147,0.0,0.0,0.0
2022-01-18 20:15:32.002265,0.0,0.0,0.0
2022-01-18 20:15:32.507611,0.0,0.0,0.0
2022-01-18 20:15:33.005024,0.0,0.0,0.0
2022-01-18 20:15:33.510633,0.0,0.0,0.0
2022-01-18 20:15:34.009269,0.0,0.0,0.0
2022-01-18 20:15:34.510766,0.0,0.0,0.0
2022-01-18 20:15:35.009032,0.0,0.0,0.0
2022-01-18 20:15:35.504687,0.0,0.0,0.0
2022-01-18 20:15:36.001305,0.0,0.0,0.0
2022-01-18 20:15:36.505865,0.0,0.0,0.0
2022-01-18 20:15:37.003148,0.0,0.0,0.0
2022-01-18 20:15:37.507468,0.0,0.0,0.0
2022-01-18 20:15:38.005669,0.0,0.0,0.0
2022-01-18 20:15:38.510895,0.0,0.0,0.0
2022-01-18 20:15:39.008046,0.0,0.0,0.0
2022-01-18 20:15:39.503373,0.0,0.0,0.0
2022-01-18 20:15:40.001955,0.0,0.0,0.0
2022-01-18 20:15:40.505847,0.0,0.0,0.0
2022-01-18 20:15:41.002192,0.0,0.0,0.0
2022-01-18 20:15:41.507946,0.0,0.0,0.0
2022-01-18 20:15:42.005250,0.0,0.0,0.0
2022-01-18 20:15:42.510922,0.0,0.0,0.0
2022-01-18 20:15:43.007719,0.0,0.0,0.0
2022-01-18 20:15:43.502010,0.0,0.0,0.0
2022-01-18 20:15:44.010127,0.0,0.0,0.0
2022-01-18 20:15:44.504574,0.0,0.0,0.0
2022-01-18 20:15:45.002337,0.0,0.0,0.0
2022-01-18 20:15:45.507407,0.0,0.0,0.0
2022-01-18 20:15:46.003705,0.0,0.0,0.0
2022-01-18 20:15:46.508144,0.0,0.0,0.0
2022-01-18 20:15:47.005969,0.0,0.0,0.0
2022-01-18 20:15:47.510417,0.0,0.0,0.0
2022-01-18 20:15:48.006850,0.0,0.0,0.0
2022-01-18 20:15:48.503305,0.0,0.0,0.0
2022-01-18 20:15:49.001711,0.0,0.0,0.0
2022-01-18 20:15:49.506315,0.0,0.0,0.0
2022-01-18 20:15:50.003287,0.0,0.0,0.0
2022-01-18 20:15:50.506991,0.0,0.0,0.0
2022-01-18 20:15:51.004016,0.0,0.0,0.0
2022-01-18 20:15:51.508383,0.0,0.0,0.0
2022-01-18 20:15:52.005781,0.0,0.0,0.0
2022-01-18 20:15:52.509097,0.0,0.0,0.0
2022-01-18 20:15:53.008050,0.0,0.0,0.0
2022-01-18 20:15:53.505219,0.0,0.0,0.0
2022-01-18 20:15:54.002858,0.0,0.0,0.0
2022-01-18 20:15:54.506862,0.0,0.0,0.0
2022-01-18 20:15:55.006517,0.0,0.0,0.0
2022-01-18 20:15:55.510887,0.0,0.0,0.0
2022-01-18 20:15:56.007821,0.0,0.0,0.0
2022-01-18 20:15:56.502638,0.0,0.0,0.0
2022-01-18 20:15:57.001749,0.0,0.0,0.0
2022-01-18 20:15:57.505969,0.0,0.0,0.0
2022-01-18 20:15:58.004047,0.0,0.0,0.0
2022-01-18 20:15:58.509295,0.0,0.0,0.0
2022-01-18 20:15:59.007479,0.0,0.0,0.0
2022-01-18 20:15:59.501826,0.0,0.0,0.0
2022-01-18 20:16:00.009195,0.0,0.0,0.0
2022-01-18 20:16:00.501146,0.0,0.0,0.0
2022-01-18 20:16:01.008382,0.0,0.0,0.0
2022-01-18 20:16:01.505886,0.0,0.0,0.0
2022-01-18 20:16:02.004205,0.0,0.0,0.0
2022-01-18 20:16:02.508703,0.0,0.0,0.0
2022-01-18 20:16:03.005825,0.0,0.0,0.0
2022-01-18 20:16:03.510059,0.0,0.0,0.0
2022-01-18 20:16:04.008891,0.0,0.0,0.0
2022-01-18 20:16:04.503937,0.0,0.0,0.0
2022-01-18 20:16:05.002780,0.0,0.0,0.0
2022-01-18 20:16:05.507943,0.0,0.0,0.0
2022-01-18 20:16:06.005425,0.0,0.0,0.0
2022-01-18 20:16:06.509730,0.0,0.0,0.0
2022-01-18 20:16:07.006744,0.0,0.0,0.0
2022-01-18 20:16:07.510757,0.0,0.0,0.0
2022-01-18 20:16:08.009841,0.0,0.0,0.0
2022-01-18 20:16:08.503998,0.0,0.0,0.0
2022-01-18 20:16:09.001269,0.0,0.0,0.0
2022-01-18 20:16:09.506161,0.0,0.0,0.0
2022-01-18 20:16:10.003326,0.0,0.0,0.0
2022-01-18 20:16:10.508608,0.0,0.0,0.0
2022-01-18 20:16:11.003420,0.0,0.0,0.0
2022-01-18 20:16:11.509356,0.0,0.0,0.0
2022-01-18 20:16:12.006324,0.0,0.0,0.0
2022-01-18 20:16:12.510255,0.0,0.0,0.0
2022-01-18 20:16:13.006741,0.0,0.0,0.0
2022-01-18 20:16:13.510592,0.0,0.0,0.0
2022-01-18 20:16:14.006644,0.0,0.0,0.0
2022-01-18 20:16:14.500989,0.0,0.0,0.0
2022-01-18 20:16:15.001534,0.0,0.0,0.0
2022-01-18 20:16:15.505866,0.0,0.0,0.0
2022-01-18 20:16:16.003955,0.0,0.0,0.0
2022-01-18 20:16:16.509832,0.0,0.0,0.0
2022-01-18 20:16:17.006681,0.0,0.0,0.0
2022-01-18 20:16:17.502241,0.0,0.0,0.0
2022-01-18 20:16:18.010059,0.0,0.0,0.0
2022-01-18 20:16:18.504738,0.0,0.0,0.0
2022-01-18 20:16:19.003459,0.0,0.0,0.0
2022-01-18 20:16:20.003957,0.0,0.0,0.0
2022-01-18 20:16:20.510588,0.0,0.0,0.0
2022-01-18 20:16:21.007146,0.0,0.0,0.0
2022-01-18 20:16:21.510589,0.0,0.0,0.0
2022-01-18 20:16:22.008716,0.0,0.0,0.0
2022-01-18 20:16:22.503709,0.0,0.0,0.0
2022-01-18 20:16:23.002557,0.0,0.0,0.0
2022-01-18 20:16:23.508576,0.0,0.0,0.0
2022-01-18 20:16:24.005632,0.0,0.0,0.0
2022-01-18 20:16:24.501529,0.0,0.0,0.0
2022-01-18 20:16:25.007668,0.0,0.0,0.0
2022-01-18 20:16:25.501712,0.0,0.0,0.0
2022-01-18 20:16:26.009786,0.0,0.0,0.0
2022-01-18 20:16:26.504202,0.0,0.0,0.0
2022-01-18 20:16:27.002583,0.0,0.0,0.0
2022-01-18 20:16:27.507376,0.0,0.0,0.0
2022-01-18 20:16:28.004754,0.0,0.0,0.0
2022-01-18 20:16:28.501496,0.0,0.0,0.0
2022-01-18 20:16:29.008550,0.0,0.0,0.0
2022-01-18 20:16:29.502291,0.0,0.0,0.0
2022-01-18 20:16:30.001225,0.0,0.0,0.0
2022-01-18 20:16:30.505376,0.0,0.0,0.0
2022-01-18 20:16:31.003078,0.0,0.0,0.0
2022-01-18 20:16:31.508927,0.0,0.0,0.0
2022-01-18 20:16:32.007523,0.0,0.0,0.0
2022-01-18 20:16:32.502381,0.0,0.0,0.0
2022-01-18 20:16:33.001452,0.0,0.0,0.0
2022-01-18 20:16:33.506971,0.0,0.0,0.0
2022-01-18 20:16:34.004785,0.0,0.0,0.0
2022-01-18 20:16:34.509343,0.0,0.0,0.0
2022-01-18 20:16:35.007324,0.0,0.0,0.0
2022-01-18 20:16:35.501750,0.0,0.0,0.0
2022-01-18 20:16:36.009074,0.0,0.0,0.0
2022-01-18 20:16:36.503654,0.0,0.0,0.0
2022-01-18 20:16:37.002795,0.0,0.0,0.0
2022-01-18 20:16:37.509064,0.0,0.0,0.0
2022-01-18 20:16:38.007012,0.0,0.0,0.0
2022-01-18 20:16:38.501829,0.0,0.0,0.0
2022-01-18 20:16:39.010179,0.0,0.0,0.0
2022-01-18 20:16:39.506845,0.0,0.0,0.0
2022-01-18 20:16:40.004573,0.0,0.0,0.0
2022-01-18 20:16:40.510977,0.0,0.0,0.0
2022-01-18 20:16:41.008401,0.0,0.0,0.0
2022-01-18 20:16:41.504227,0.0,0.0,0.0
2022-01-18 20:16:42.001895,0.0,0.0,0.0
2022-01-18 20:16:42.507376,0.0,0.0,0.0
2022-01-18 20:16:43.005820,0.0,0.0,0.0
2022-01-18 20:16:43.510337,0.0,0.0,0.0
2022-01-18 20:16:44.008541,0.0,0.0,0.0
2022-01-18 20:16:44.503010,0.0,0.0,0.0
2022-01-18 20:16:45.001330,0.0,0.0,0.0
2022-01-18 20:16:45.504509,0.0,0.0,0.0
2022-01-18 20:16:46.001401,0.0,0.0,0.0
2022-01-18 20:16:46.507050,0.0,0.0,0.0
2022-01-18 20:16:47.004348,0.0,0.0,0.0
2022-01-18 20:16:47.508326,0.0,0.0,0.0
2022-01-18 20:16:48.006357,0.0,0.0,0.0
2022-01-18 20:16:48.501657,0.0,0.0,0.0
2022-01-18 20:16:49.009215,0.0,0.0,0.0
2022-01-18 20:16:49.503553,0.0,0.0,0.0
2022-01-18 20:16:50.001362,0.0,0.0,0.0
2022-01-18 20:16:50.506222,0.0,0.0,0.0
2022-01-18 20:16:51.004772,0.0,0.0,0.0
2022-01-18 20:16:51.510080,0.0,0.0,0.0
2022-01-18 20:16:52.008612,0.0,0.0,0.0
2022-01-18 20:16:52.510589,0.0,0.0,0.0
2022-01-18 20:16:53.007225,0.0,0.0,0.0
2022-01-18 20:16:53.502713,0.0,0.0,0.0
2022-01-18 20:16:54.010329,0.0,0.0,0.0
2022-01-18 20:16:54.506123,0.0,0.0,0.0
2022-01-18 20:16:55.003144,0.0,0.0,0.0
2022-01-18 20:16:55.510544,0.0,0.0,0.0
2022-01-18 20:16:56.007270,0.0,0.0,0.0
2022-01-18 20:16:56.503334,0.0,0.0,0.0
2022-01-18 20:16:57.000874,0.0,0.0,0.0
2022-01-18 20:16:57.505083,0.0,0.0,0.0
2022-01-18 20:16:58.003710,0.0,0.0,0.0
2022-01-18 20:16:58.501328,0.0,0.0,0.0
2022-01-18 20:16:59.010298,0.0,0.0,0.0
2022-01-18 20:16:59.507991,0.0,0.0,0.0
2022-01-18 20:17:00.006274,0.0,0.0,0.0
2022-01-18 20:17:00.502700,0.0,0.0,0.0
2022-01-18 20:17:01.010105,0.0,0.0,0.0
2022-01-18 20:17:01.505184,0.0,0.0,0.0
2022-01-18 20:17:02.002202,0.0,0.0,0.0
2022-01-18 20:17:02.502918,0.0,0.0,0.0
2022-01-18 20:17:03.001933,0.0,0.0,0.0
2022-01-18 20:17:03.507982,0.0,0.0,0.0
2022-01-18 20:17:04.006168,0.0,0.0,0.0
2022-01-18 20:17:04.510633,0.0,0.0,0.0
2022-01-18 20:17:05.008339,0.0,0.0,0.0
2022-01-18 20:17:05.503960,0.0,0.0,0.0
2022-01-18 20:17:06.001673,0.0,0.0,0.0
2022-01-18 20:17:06.507359,0.0,0.0,0.0
2022-01-18 20:17:07.006341,0.0,0.0,0.0
2022-01-18 20:17:08.005218,0.0,0.0,0.0
2022-01-18 20:17:08.511059,0.0,0.0,0.0
2022-01-18 20:17:09.009386,0.0,0.0,0.0
2022-01-18 20:17:09.503909,0.0,0.0,0.0
2022-01-18 20:17:10.001998,0.0,0.0,0.0
2022-01-18 20:17:10.506669,0.0,0.0,0.0
2022-01-18 20:17:11.004301,0.0,0.0,0.0
2022-01-18 20:17:11.508973,0.0,0.0,0.0
2022-01-18 20:17:12.004961,0.0,0.0,0.0
2022-01-18 20:17:12.510494,0.0,0.0,0.0
2022-01-18 20:17:13.007905,0.0,0.0,0.0
2022-01-18 20:17:13.502918,0.0,0.0,0.0
2022-01-18 20:17:14.010613,0.0,0.0,0.0
2022-01-18 20:17:14.504922,0.0,0.0,0.0
2022-01-18 20:17:15.003374,0.0,0.0,0.0
2022-01-18 20:17:15.508543,0.0,0.0,0.0
2022-01-18 20:17:16.006111,0.0,0.0,0.0
2022-01-18 20:17:16.510988,0.0,0.0,0.0
2022-01-18 20:17:17.010207,0.0,0.0,0.0
2022-01-18 20:17:17.506035,0.0,0.0,0.0
2022-01-18 20:17:18.003266,0.0,0.0,0.0
2022-01-18 20:17:18.507415,0.0,0.0,0.0
2022-01-18 20:17:19.005538,0.0,0.0,0.0
2022-01-18 20:17:19.510843,0.0,0.0,0.0
2022-01-18 20:17:20.008509,0.0,0.0,0.0
2022-01-18 20:17:20.504363,0.0,0.0,0.0
2022-01-18 20:17:21.002523,0.0,0.0,0.0
2022-01-18 20:17:21.509684,0.0,0.0,0.0
2022-01-18 20:17:22.008244,0.0,0.0,0.0
2022-01-18 20:17:22.501626,0.0,0.0,0.0
2022-01-18 20:17:23.008472,0.0,0.0,0.0
2022-01-18 20:17:23.502263,0.0,0.0,0.0
2022-01-18 20:17:24.010811,0.0,0.0,0.0
2022-01-18 20:17:24.504833,0.0,0.0,0.0
2022-01-18 20:17:25.003443,0.0,0.0,0.0
2022-01-18 20:17:25.510754,0.0,0.0,0.0
2022-01-18 20:17:26.008065,0.0,0.0,0.0
2022-01-18 20:17:26.504000,0.0,0.0,0.0
2022-01-18 20:17:27.002333,0.0,0.0,0.0
2022-01-18 20:17:27.507056,0.0,0.0,0.0
2022-01-18 20:17:28.007838,0.0,0.0,0.0
2022-01-18 20:17:28.501540,0.0,0.0,0.0
2022-01-18 20:17:29.009114,0.0,0.0,0.0
2022-01-18 20:17:29.505131,0.0,0.0,0.0
2022-01-18 20:17:30.002151,0.0,0.0,0.0
2022-01-18 20:17:30.507767,0.0,0.0,0.0
2022-01-18 20:17:31.005544,0.0,0.0,0.0
2022-01-18 20:17:31.509919,0.0,0.0,0.0
2022-01-18 20:17:32.005635,0.0,0.0,0.0
2022-01-18 20:17:32.509527,0.0,0.0,0.0
2022-01-18 20:17:33.007179,0.0,0.0,0.0
2022-01-18 20:17:33.501863,0.0,0.0,0.0
2022-01-18 20:17:34.009787,0.0,0.0,0.0
2022-01-18 20:17:34.507853,0.0,0.0,0.0
2022-01-18 20:17:35.006308,0.0,0.0,0.0
2022-01-18 20:17:35.501036,0.0,0.0,0.0
2022-01-18 20:17:36.009553,0.0,0.0,0.0
2022-01-18 20:17:36.504494,0.0,0.0,0.0
2022-01-18 20:17:37.003274,0.0,0.0,0.0
2022-01-18 20:17:37.508979,0.0,0.0,0.0
2022-01-18 20:17:38.007845,0.0,0.0,0.0
2022-01-18 20:17:38.501840,0.0,0.0,0.0
2022-01-18 20:17:39.010812,0.0,0.0,0.0
2022-01-18 20:17:39.505537,0.0,0.0,0.0
2022-01-18 20:17:40.003769,0.0,0.0,0.0
2022-01-18 20:17:40.507529,0.0,0.0,0.0
2022-01-18 20:17:41.006611,0.0,0.0,0.0
2022-01-18 20:17:41.500977,0.0,0.0,0.0
2022-01-18 20:17:42.008613,0.0,0.0,0.0
2022-01-18 20:17:42.503467,0.0,0.0,0.0
2022-01-18 20:17:43.002166,0.0,0.0,0.0
2022-01-18 20:17:43.510050,0.0,0.0,0.0
2022-01-18 20:17:44.006295,0.0,0.0,0.0
2022-01-18 20:17:44.501488,0.0,0.0,0.0
2022-01-18 20:17:45.010850,0.0,0.0,0.0
2022-01-18 20:17:45.505644,0.0,0.0,0.0
2022-01-18 20:17:46.003219,0.0,0.0,0.0
2022-01-18 20:17:46.508462,0.0,0.0,0.0
2022-01-18 20:17:47.006917,0.0,0.0,0.0
2022-01-18 20:17:47.501103,0.0,0.0,0.0
2022-01-18 20:17:48.001107,0.0,0.0,0.0
2022-01-18 20:17:48.505971,0.0,0.0,0.0
2022-01-18 20:17:49.003180,0.0,0.0,0.0
2022-01-18 20:17:49.506714,0.0,0.0,0.0
2022-01-18 20:17:50.004215,0.0,0.0,0.0
2022-01-18 20:17:50.509948,0.0,0.0,0.0
2022-01-18 20:17:51.009468,0.0,0.0,0.0
2022-01-18 20:17:51.504606,0.0,0.0,0.0
2022-01-18 20:17:52.003277,0.0,0.0,0.0
2022-01-18 20:17:52.511054,0.0,0.0,0.0
2022-01-18 20:17:53.010491,0.0,0.0,0.0
2022-01-18 20:17:53.505297,0.0,0.0,0.0
2022-01-18 20:17:54.003685,0.0,0.0,0.0
2022-01-18 20:17:54.506976,0.0,0.0,0.0
2022-01-18 20:17:55.005114,0.0,0.0,0.0
2022-01-18 20:17:55.509508,0.0,0.0,0.0
2022-01-18 20:17:56.008434,0.0,0.0,0.0
2022-01-18 20:17:56.505114,0.0,0.0,0.0
2022-01-18 20:17:57.003947,0.0,0.0,0.0
2022-01-18 20:17:57.507724,0.0,0.0,0.0
2022-01-18 20:17:58.004909,0.0,0.0,0.0
2022-01-18 20:17:58.510473,0.0,0.0,0.0
2022-01-18 20:17:59.008415,0.0,0.0,0.0
2022-01-18 20:17:59.502457,0.0,0.0,0.0
2022-01-18 20:18:00.001779,0.0,0.0,0.0
2022-01-18 20:18:00.507958,0.0,0.0,0.0
2022-01-18 20:18:01.005795,0.0,0.0,0.0
2022-01-18 20:18:01.510833,0.0,0.0,0.0
2022-01-18 20:18:02.009821,0.0,0.0,0.0
2022-01-18 20:18:02.504572,0.0,0.0,0.0
2022-01-18 20:18:03.002422,0.0,0.0,0.0
2022-01-18 20:18:03.506238,0.0,0.0,0.0
2022-01-18 20:18:04.003740,0.0,0.0,0.0
2022-01-18 20:18:04.508499,0.0,0.0,0.0
2022-01-18 20:18:05.008046,0.0,0.0,0.0
2022-01-18 20:18:05.502771,0.0,0.0,0.0
2022-01-18 20:18:06.010081,0.0,0.0,0.0
2022-01-18 20:18:06.506444,0.0,0.0,0.0
2022-01-18 20:18:07.003469,0.0,0.0,0.0
2022-01-18 20:18:07.508777,0.0,0.0,0.0
2022-01-18 20:18:08.006449,0.0,0.0,0.0
2022-01-18 20:18:09.004920,0.0,0.0,0.0
2022-01-18 20:18:09.510012,0.0,0.0,0.0
2022-01-18 20:18:10.009808,0.0,0.0,0.0
2022-01-18 20:18:10.503792,0.0,0.0,0.0
2022-01-18 20:18:11.001067,0.0,0.0,0.0
2022-01-18 20:18:11.505614,0.0,0.0,0.0
2022-01-18 20:18:12.004862,0.0,0.0,0.0
2022-01-18 20:18:12.508154,0.0,0.0,0.0
2022-01-18 20:18:13.005410,0.0,0.0,0.0
2022-01-18 20:18:13.509762,0.0,0.0,0.0
2022-01-18 20:18:14.007891,0.0,0.0,0.0
2022-01-18 20:18:14.505530,0.0,0.0,0.0
2022-01-18 20:18:15.002509,0.0,0.0,0.0
2022-01-18 20:18:15.507405,0.0,0.0,0.0
2022-01-18 20:18:16.004635,0.0,0.0,0.0
2022-01-18 20:18:16.508982,0.0,0.0,0.0
2022-01-18 20:18:17.007416,0.0,0.0,0.0
2022-01-18 20:18:17.502446,0.0,0.0,0.0
2022-01-18 20:18:18.000724,0.0,0.0,0.0
2022-01-18 20:18:18.504597,0.0,0.0,0.0
2022-01-18 20:18:19.002194,0.0,0.0,0.0
2022-01-18 20:18:19.507697,0.0,0.0,0.0
2022-01-18 20:18:20.006687,0.0,0.0,0.0
2022-01-18 20:18:20.501777,0.0,0.0,0.0
2022-01-18 20:18:21.002469,0.0,0.0,0.0
2022-01-18 20:18:21.506289,0.0,0.0,0.0
2022-01-18 20:18:22.003504,0.0,0.0,0.0
2022-01-18 20:18:22.507697,0.0,0.0,0.0
2022-01-18 20:18:23.004019,0.0,0.0,0.0
2022-01-18 20:18:23.509322,0.0,0.0,0.0
2022-01-18 20:18:24.007919,0.0,0.0,0.0
2022-01-18 20:18:24.502663,0.0,0.0,0.0
2022-01-18 20:18:25.009754,0.0,0.0,0.0
2022-01-18 20:18:25.504382,0.0,0.0,0.0
2022-01-18 20:18:26.010808,0.0,0.0,0.0
2022-01-18 20:18:26.505536,0.0,0.0,0.0
2022-01-18 20:18:27.002511,0.0,0.0,0.0
2022-01-18 20:18:27.506749,0.0,0.0,0.0
2022-01-18 20:18:28.004718,0.0,0.0,0.0
2022-01-18 20:18:28.508431,0.0,0.0,0.0
2022-01-18 20:18:29.006991,0.0,0.0,0.0
2022-01-18 20:18:29.502176,0.0,0.0,0.0
2022-01-18 20:18:30.010342,0.0,0.0,0.0
2022-01-18 20:18:30.507383,0.0,0.0,0.0
2022-01-18 20:18:31.006754,0.0,0.0,0.0
2022-01-18 20:18:31.502172,0.0,0.0,0.0
2022-01-18 20:18:32.010739,0.0,0.0,0.0
2022-01-18 20:18:32.507754,0.0,0.0,0.0
2022-01-18 20:18:33.005320,0.0,0.0,0.0
2022-01-18 20:18:33.509733,0.0,0.0,0.0
2022-01-18 20:18:34.006788,0.0,0.0,0.0
2022-01-18 20:18:34.501522,0.0,0.0,0.0
2022-01-18 20:18:35.010791,0.0,0.0,0.0
2022-01-18 20:18:35.506271,0.0,0.0,0.0
2022-01-18 20:18:36.003716,0.0,0.0,0.0
2022-01-18 20:18:36.509702,0.0,0.0,0.0
2022-01-18 20:18:37.006451,0.0,0.0,0.0
2022-01-18 20:18:37.501084,0.0,0.0,0.0
2022-01-18 20:18:38.007818,0.0,0.0,0.0
2022-01-18 20:18:38.502547,0.0,0.0,0.0
2022-01-18 20:18:39.010485,0.0,0.0,0.0
2022-01-18 20:18:39.504851,0.0,0.0,0.0
2022-01-18 20:18:40.001539,0.0,0.0,0.0
2022-01-18 20:18:40.506158,0.0,0.0,0.0
2022-01-18 20:18:41.004722,0.0,0.0,0.0
2022-01-18 20:18:41.509547,0.0,0.0,0.0
2022-01-18 20:18:42.006829,0.0,0.0,0.0
2022-01-18 20:18:43.004369,0.0,0.0,0.0
2022-01-18 20:18:43.509511,0.0,0.0,0.0
2022-01-18 20:18:44.007810,0.0,0.0,0.0
2022-01-18 20:18:44.502217,0.0,0.0,0.0
2022-01-18 20:18:45.011035,0.0,0.0,0.0
2022-01-18 20:18:45.504780,0.0,0.0,0.0
2022-01-18 20:18:46.003651,0.0,0.0,0.0
2022-01-18 20:18:46.507973,0.0,0.0,0.0
2022-01-18 20:18:47.007664,0.0,0.0,0.0
2022-01-18 20:18:47.503432,0.0,0.0,0.0
2022-01-18 20:18:48.002299,0.0,0.0,0.0
2022-01-18 20:18:48.506717,0.0,0.0,0.0
2022-01-18 20:18:49.003793,0.0,0.0,0.0
2022-01-18 20:18:49.508875,0.0,0.0,0.0
2022-01-18 20:18:50.005981,0.0,0.0,0.0
2022-01-18 20:18:50.502857,0.0,0.0,0.0
2022-01-18 20:18:51.001756,0.0,0.0,0.0
2022-01-18 20:18:51.504661,0.0,0.0,0.0
2022-01-18 20:18:52.003022,0.0,0.0,0.0
2022-01-18 20:18:52.509898,0.0,0.0,0.0
2022-01-18 20:18:53.007399,0.0,0.0,0.0
2022-01-18 20:18:53.502155,0.0,0.0,0.0
2022-01-18 20:18:54.001397,0.0,0.0,0.0
2022-01-18 20:18:54.505279,0.0,0.0,0.0
2022-01-18 20:18:55.004010,0.0,0.0,0.0
2022-01-18 20:18:55.508446,0.0,0.0,0.0
2022-01-18 20:18:56.005510,0.0,0.0,0.0
2022-01-18 20:18:56.501031,0.0,0.0,0.0
2022-01-18 20:18:57.010279,0.0,0.0,0.0
2022-01-18 20:18:57.505136,0.0,0.0,0.0
2022-01-18 20:18:58.004295,0.0,0.0,0.0
2022-01-18 20:18:58.510732,0.0,0.0,0.0
2022-01-18 20:18:59.009770,0.0,0.0,0.0
2022-01-18 20:18:59.505055,0.0,0.0,0.0
2022-01-18 20:19:00.004472,0.0,0.0,0.0
2022-01-18 20:19:00.508543,0.0,0.0,0.0
2022-01-18 20:19:01.006244,0.0,0.0,0.0
2022-01-18 20:19:01.502326,0.0,0.0,0.0
2022-01-18 20:19:02.009400,0.0,0.0,0.0
2022-01-18 20:19:02.503826,0.0,0.0,0.0
2022-01-18 20:19:03.001916,0.0,0.0,0.0
2022-01-18 20:19:03.506628,0.0,0.0,0.0
2022-01-18 20:19:04.004956,0.0,0.0,0.0
2022-01-18 20:19:04.508994,0.0,0.0,0.0
2022-01-18 20:19:05.006665,0.0,0.0,0.0
2022-01-18 20:19:05.501555,0.0,0.0,0.0
2022-01-18 20:19:06.009635,0.0,0.0,0.0
2022-01-18 20:19:06.503954,0.0,0.0,0.0
2022-01-18 20:19:07.002258,0.0,0.0,0.0
2022-01-18 20:19:07.501132,0.0,0.0,0.0
2022-01-18 20:19:08.009802,0.0,0.0,0.0
2022-01-18 20:19:08.504784,0.0,0.0,0.0
2022-01-18 20:19:09.001405,0.0,0.0,0.0
2022-01-18 20:19:09.506092,0.0,0.0,0.0
2022-01-18 20:19:10.004470,0.0,0.0,0.0
2022-01-18 20:19:10.508800,0.0,0.0,0.0
2022-01-18 20:19:11.007491,0.0,0.0,0.0
2022-01-18 20:19:11.509684,0.0,0.0,0.0
2022-01-18 20:19:12.007090,0.0,0.0,0.0
2022-01-18 20:19:12.510831,0.0,0.0,0.0
2022-01-18 20:19:13.009046,0.0,0.0,0.0
2022-01-18 20:19:13.503083,0.0,0.0,0.0
2022-01-18 20:19:14.001553,0.0,0.0,0.0
2022-01-18 20:19:14.506306,0.0,0.0,0.0
2022-01-18 20:19:15.002398,0.0,0.0,0.0
2022-01-18 20:19:15.506171,0.0,0.0,0.0
2022-01-18 20:19:16.004058,0.0,0.0,0.0
2022-01-18 20:19:16.510377,0.0,0.0,0.0
2022-01-18 20:19:17.007475,0.0,0.0,0.0
2022-01-18 20:19:17.502921,0.0,0.0,0.0
2022-01-18 20:19:18.010242,0.0,0.0,0.0
2022-01-18 20:19:18.504616,0.0,0.0,0.0
2022-01-18 20:19:19.002884,0.0,0.0,0.0
2022-01-18 20:19:19.508550,0.0,0.0,0.0
2022-01-18 20:19:20.006649,0.0,0.0,0.0
2022-01-18 20:19:20.503387,0.0,0.0,0.0
2022-01-18 20:19:21.010633,0.0,0.0,0.0
2022-01-18 20:19:21.505508,0.0,0.0,0.0
2022-01-18 20:19:22.002144,0.0,0.0,0.0
2022-01-18 20:19:22.506711,0.0,0.0,0.0
2022-01-18 20:19:23.005798,0.0,0.0,0.0
2022-01-18 20:19:23.511003,0.0,0.0,0.0
2022-01-18 20:19:24.006964,0.0,0.0,0.0
2022-01-18 20:19:24.510788,0.0,0.0,0.0
2022-01-18 20:19:25.007426,0.0,0.0,0.0
2022-01-18 20:19:25.502919,0.0,0.0,0.0
2022-01-18 20:19:26.009913,0.0,0.0,0.0
2022-01-18 20:19:26.503988,0.0,0.0,0.0
2022-01-18 20:19:27.001532,0.0,0.0,0.0
2022-01-18 20:19:27.506163,0.0,0.0,0.0
2022-01-18 20:19:28.004417,0.0,0.0,0.0
2022-01-18 20:19:28.508921,0.0,0.0,0.0
2022-01-18 20:19:29.006380,0.0,0.0,0.0
2022-01-18 20:19:29.502753,0.0,0.0,0.0
2022-01-18 20:19:30.010527,0.0,0.0,0.0
2022-01-18 20:19:30.504005,0.0,0.0,0.0
2022-01-18 20:19:31.002563,0.0,0.0,0.0
2022-01-18 20:19:31.506678,0.0,0.0,0.0
2022-01-18 20:19:32.003399,0.0,0.0,0.0
2022-01-18 20:19:32.508897,0.0,0.0,0.0
2022-01-18 20:19:33.006510,0.0,0.0,0.0
2022-01-18 20:19:33.510756,0.0,0.0,0.0
2022-01-18 20:19:34.008724,0.0,0.0,0.0
2022-01-18 20:19:34.504922,0.0,0.0,0.0
2022-01-18 20:19:35.002307,0.0,0.0,0.0
2022-01-18 20:19:35.507774,0.0,0.0,0.0
2022-01-18 20:19:36.004777,0.0,0.0,0.0
2022-01-18 20:19:36.507972,0.0,0.0,0.0
2022-01-18 20:19:37.005519,0.0,0.0,0.0
2022-01-18 20:19:37.509448,0.0,0.0,0.0
2022-01-18 20:19:38.007699,0.0,0.0,0.0
2022-01-18 20:19:38.505152,0.0,0.0,0.0
2022-01-18 20:19:39.002427,0.0,0.0,0.0
2022-01-18 20:19:39.507936,0.0,0.0,0.0
2022-01-18 20:19:40.006920,0.0,0.0,0.0
2022-01-18 20:19:40.501521,0.0,0.0,0.0
2022-01-18 20:19:41.008635,0.0,0.0,0.0
2022-01-18 20:19:41.503376,0.0,0.0,0.0
2022-01-18 20:19:42.002622,0.0,0.0,0.0
2022-01-18 20:19:42.508983,0.0,0.0,0.0
2022-01-18 20:19:43.007035,0.0,0.0,0.0
2022-01-18 20:19:43.501822,0.0,0.0,0.0
2022-01-18 20:19:44.010385,0.0,0.0,0.0
2022-01-18 20:19:44.505764,0.0,0.0,0.0
2022-01-18 20:19:45.002633,0.0,0.0,0.0
2022-01-18 20:19:45.507970,0.0,0.0,0.0
2022-01-18 20:19:46.006575,0.0,0.0,0.0
2022-01-18 20:19:46.510761,0.0,0.0,0.0
2022-01-18 20:19:47.008602,0.0,0.0,0.0
2022-01-18 20:19:47.504529,0.0,0.0,0.0
2022-01-18 20:19:48.001523,0.0,0.0,0.0
2022-01-18 20:19:48.506638,0.0,0.0,0.0
2022-01-18 20:19:49.004582,0.0,0.0,0.0
2022-01-18 20:19:49.510384,0.0,0.0,0.0
2022-01-18 20:19:50.007555,0.0,0.0,0.0
2022-01-18 20:19:50.504120,0.0,0.0,0.0
2022-01-18 20:19:51.001101,0.0,0.0,0.0
2022-01-18 20:19:51.505052,0.0,0.0,0.0
2022-01-18 20:19:52.003839,0.0,0.0,0.0
2022-01-18 20:19:52.509879,0.0,0.0,0.0
2022-01-18 20:19:53.008491,0.0,0.0,0.0
2022-01-18 20:19:53.503418,0.0,0.0,0.0
2022-01-18 20:19:54.000964,0.0,0.0,0.0
2022-01-18 20:19:54.504431,0.0,0.0,0.0
2022-01-18 20:19:55.003483,0.0,0.0,0.0
2022-01-18 20:19:55.509393,0.0,0.0,0.0
2022-01-18 20:19:56.006762,0.0,0.0,0.0
2022-01-18 20:19:56.501687,0.0,0.0,0.0
2022-01-18 20:19:57.010794,0.0,0.0,0.0
2022-01-18 20:19:57.506717,0.0,0.0,0.0
2022-01-18 20:19:58.003580,0.0,0.0,0.0
2022-01-18 20:19:58.509470,0.0,0.0,0.0
2022-01-18 20:19:59.007294,0.0,0.0,0.0
2022-01-18 20:19:59.502788,0.0,0.0,0.0
2022-01-18 20:20:00.010385,0.0,0.0,0.0
2022-01-18 20:20:00.507336,0.0,0.0,0.0
2022-01-18 20:20:01.006011,0.0,0.0,0.0
2022-01-18 20:20:01.509852,0.0,0.0,0.0
2022-01-18 20:20:02.006592,0.0,0.0,0.0
2022-01-18 20:20:02.502507,0.0,0.0,0.0
2022-01-18 20:20:03.009950,0.0,0.0,0.0
2022-01-18 20:20:03.503641,0.0,0.0,0.0
2022-01-18 20:20:04.011123,0.0,0.0,0.0
2022-01-18 20:20:04.506531,0.0,0.0,0.0
2022-01-18 20:20:05.005466,0.0,0.0,0.0
2022-01-18 20:20:05.510202,0.0,0.0,0.0
2022-01-18 20:20:06.009198,0.0,0.0,0.0
2022-01-18 20:20:06.503644,0.0,0.0,0.0
2022-01-18 20:20:07.010845,0.0,0.0,0.0
2022-01-18 20:20:07.505960,0.0,0.0,0.0
2022-01-18 20:20:08.003504,0.0,0.0,0.0
2022-01-18 20:20:08.508776,0.0,0.0,0.0
2022-01-18 20:20:09.006582,0.0,0.0,0.0
2022-01-18 20:20:09.502583,0.0,0.0,0.0
2022-01-18 20:20:10.010512,0.0,0.0,0.0
2022-01-18 20:20:10.505244,0.0,0.0,0.0
2022-01-18 20:20:11.505011,0.0,0.0,0.0
2022-01-18 20:20:12.002592,0.0,0.0,0.0
2022-01-18 20:20:12.506408,0.0,0.0,0.0
2022-01-18 20:20:13.003444,0.0,0.0,0.0
2022-01-18 20:20:13.510108,0.0,0.0,0.0
2022-01-18 20:20:14.009279,0.0,0.0,0.0
2022-01-18 20:20:14.505924,0.0,0.0,0.0
2022-01-18 20:20:15.002744,0.0,0.0,0.0
2022-01-18 20:20:15.507428,0.0,0.0,0.0
2022-01-18 20:20:16.004256,0.0,0.0,0.0
2022-01-18 20:20:16.509051,0.0,0.0,0.0
2022-01-18 20:20:17.006732,0.0,0.0,0.0
2022-01-18 20:20:17.510811,0.0,0.0,0.0
2022-01-18 20:20:18.007411,0.0,0.0,0.0
2022-01-18 20:20:18.501780,0.0,0.0,0.0
2022-01-18 20:20:19.008423,0.0,0.0,0.0
2022-01-18 20:20:19.506082,0.0,0.0,0.0
2022-01-18 20:20:20.005743,0.0,0.0,0.0
2022-01-18 20:20:20.509511,0.0,0.0,0.0
2022-01-18 20:20:21.006819,0.0,0.0,0.0
2022-01-18 20:20:21.501881,0.0,0.0,0.0
2022-01-18 20:20:22.009789,0.0,0.0,0.0
2022-01-18 20:20:22.505038,0.0,0.0,0.0
2022-01-18 20:20:23.002763,0.0,0.0,0.0
2022-01-18 20:20:23.510515,0.0,0.0,0.0
2022-01-18 20:20:24.009029,0.0,0.0,0.0
2022-01-18 20:20:24.503794,0.0,0.0,0.0
2022-01-18 20:20:25.002337,0.0,0.0,0.0
2022-01-18 20:20:25.506631,0.0,0.0,0.0
2022-01-18 20:20:26.004823,0.0,0.0,0.0
2022-01-18 20:20:26.510068,0.0,0.0,0.0
2022-01-18 20:20:27.006686,0.0,0.0,0.0
2022-01-18 20:20:27.503639,0.0,0.0,0.0
2022-01-18 20:20:28.002263,0.0,0.0,0.0
2022-01-18 20:20:28.508090,0.0,0.0,0.0
2022-01-18 20:20:29.006861,0.0,0.0,0.0
2022-01-18 20:20:29.501776,0.0,0.0,0.0
2022-01-18 20:20:30.504581,0.0,0.0,0.0
2022-01-18 20:20:31.002741,0.0,0.0,0.0
2022-01-18 20:20:31.507078,0.0,0.0,0.0
2022-01-18 20:20:32.004588,0.0,0.0,0.0
2022-01-18 20:20:32.508546,0.0,0.0,0.0
2022-01-18 20:20:33.006503,0.0,0.0,0.0
2022-01-18 20:20:33.503273,0.0,0.0,0.0
2022-01-18 20:20:34.002017,0.0,0.0,0.0
2022-01-18 20:20:34.506685,0.0,0.0,0.0
2022-01-18 20:20:35.004678,0.0,0.0,0.0
2022-01-18 20:20:35.509907,0.0,0.0,0.0
2022-01-18 20:20:36.006790,0.0,0.0,0.0
2022-01-18 20:20:36.501051,0.0,0.0,0.0
2022-01-18 20:20:37.007923,0.0,0.0,0.0
2022-01-18 20:20:37.502458,0.0,0.0,0.0
2022-01-18 20:20:38.505136,0.0,0.0,0.0
2022-01-18 20:20:39.004159,0.0,0.0,0.0
2022-01-18 20:20:39.507289,0.0,0.0,0.0
2022-01-18 20:20:40.007879,0.0,0.0,0.0
2022-01-18 20:20:40.502385,0.0,0.0,0.0
2022-01-18 20:20:41.009194,0.0,0.0,0.0
2022-01-18 20:20:41.504245,0.0,0.0,0.0
2022-01-18 20:20:42.001771,0.0,0.0,0.0
2022-01-18 20:20:42.505887,0.0,0.0,0.0
2022-01-18 20:20:43.004889,0.0,0.0,0.0
2022-01-18 20:20:43.509133,0.0,0.0,0.0
2022-01-18 20:20:44.006754,0.0,0.0,0.0
2022-01-18 20:20:44.502058,0.0,0.0,0.0
2022-01-18 20:20:45.009809,0.0,0.0,0.0
2022-01-18 20:20:45.504573,0.0,0.0,0.0
2022-01-18 20:20:46.001940,0.0,0.0,0.0
2022-01-18 20:20:46.506152,0.0,0.0,0.0
2022-01-18 20:20:47.003838,0.0,0.0,0.0
2022-01-18 20:20:47.501193,0.0,0.0,0.0
2022-01-18 20:20:48.008331,0.0,0.0,0.0
2022-01-18 20:20:48.502360,0.0,0.0,0.0
2022-01-18 20:20:49.010178,0.0,0.0,0.0
2022-01-18 20:20:49.505243,0.0,0.0,0.0
2022-01-18 20:20:50.003206,0.0,0.0,0.0
2022-01-18 20:20:50.507254,0.0,0.0,0.0
2022-01-18 20:20:51.004089,0.0,0.0,0.0
2022-01-18 20:20:51.508033,0.0,0.0,0.0
2022-01-18 20:20:52.008821,0.0,0.0,0.0
2022-01-18 20:20:52.503966,0.0,0.0,0.0
2022-01-18 20:20:53.001928,0.0,0.0,0.0
2022-01-18 20:20:53.506707,0.0,0.0,0.0
2022-01-18 20:20:54.003619,0.0,0.0,0.0
2022-01-18 20:20:54.507987,0.0,0.0,0.0
2022-01-18 20:20:55.006273,0.0,0.0,0.0
2022-01-18 20:20:55.501412,0.0,0.0,0.0
2022-01-18 20:20:56.009137,0.0,0.0,0.0
2022-01-18 20:20:56.506052,0.0,0.0,0.0
2022-01-18 20:20:57.004342,0.0,0.0,0.0
2022-01-18 20:20:57.510099,0.0,0.0,0.0
2022-01-18 20:20:58.008590,0.0,0.0,0.0
2022-01-18 20:20:58.503041,0.0,0.0,0.0
2022-01-18 20:20:59.505449,0.0,0.0,0.0
2022-01-18 20:21:00.002790,0.0,0.0,0.0
2022-01-18 20:21:00.507861,0.0,0.0,0.0
2022-01-18 20:21:01.006025,0.0,0.0,0.0
2022-01-18 20:21:01.501216,0.0,0.0,0.0
2022-01-18 20:21:02.009265,0.0,0.0,0.0
2022-01-18 20:21:02.503441,0.0,0.0,0.0
2022-01-18 20:21:03.009057,0.0,0.0,0.0
2022-01-18 20:21:03.504251,0.0,0.0,0.0
2022-01-18 20:21:04.002610,0.0,0.0,0.0
2022-01-18 20:21:04.507137,0.0,0.0,0.0
2022-01-18 20:21:05.005281,0.0,0.0,0.0
2022-01-18 20:21:05.501948,0.0,0.0,0.0
2022-01-18 20:21:06.009195,0.0,0.0,0.0
2022-01-18 20:21:06.503154,0.0,0.0,0.0
2022-01-18 20:21:07.011029,0.0,0.0,0.0
2022-01-18 20:21:07.505807,0.0,0.0,0.0
2022-01-18 20:21:08.003460,0.0,0.0,0.0
2022-01-18 20:21:08.507707,0.0,0.0,0.0
2022-01-18 20:21:09.006953,0.0,0.0,0.0
2022-01-18 20:21:09.502282,0.0,0.0,0.0
2022-01-18 20:21:10.010182,0.0,0.0,0.0
2022-01-18 20:21:10.503481,0.0,0.0,0.0
2022-01-18 20:21:11.010677,0.0,0.0,0.0
2022-01-18 20:21:11.504733,0.0,0.0,0.0
2022-01-18 20:21:12.002241,0.0,0.0,0.0
2022-01-18 20:21:12.505735,0.0,0.0,0.0
2022-01-18 20:21:13.003517,0.0,0.0,0.0
2022-01-18 20:21:13.509408,0.0,0.0,0.0
2022-01-18 20:21:14.007482,0.0,0.0,0.0
2022-01-18 20:21:14.504122,0.0,0.0,0.0
2022-01-18 20:21:15.002935,0.0,0.0,0.0
2022-01-18 20:21:15.507834,0.0,0.0,0.0
2022-01-18 20:21:16.006461,0.0,0.0,0.0
2022-01-18 20:21:16.510416,0.0,0.0,0.0
2022-01-18 20:21:17.009053,0.0,0.0,0.0
2022-01-18 20:21:17.504030,0.0,0.0,0.0
2022-01-18 20:21:18.002641,0.0,0.0,0.0
2022-01-18 20:21:18.507250,0.0,0.0,0.0
2022-01-18 20:21:19.005723,0.0,0.0,0.0
2022-01-18 20:21:19.510844,0.0,0.0,0.0
2022-01-18 20:21:20.009128,0.0,0.0,0.0
2022-01-18 20:21:20.502472,0.0,0.0,0.0
2022-01-18 20:21:21.010655,0.0,0.0,0.0
2022-01-18 20:21:21.504222,0.0,0.0,0.0
2022-01-18 20:21:22.002448,0.0,0.0,0.0
2022-01-18 20:21:22.507406,0.0,0.0,0.0
2022-01-18 20:21:23.004941,0.0,0.0,0.0
2022-01-18 20:21:23.502919,0.0,0.0,0.0
2022-01-18 20:21:24.001896,0.0,0.0,0.0
2022-01-18 20:21:24.505656,0.0,0.0,0.0
2022-01-18 20:21:25.002428,0.0,0.0,0.0
2022-01-18 20:21:25.509057,0.0,0.0,0.0
2022-01-18 20:21:26.007257,0.0,0.0,0.0
2022-01-18 20:21:26.501987,0.0,0.0,0.0
2022-01-18 20:21:27.009637,0.0,0.0,0.0
2022-01-18 20:21:27.502989,0.0,0.0,0.0
2022-01-18 20:21:28.001546,0.0,0.0,0.0
2022-01-18 20:21:28.506345,0.0,0.0,0.0
2022-01-18 20:21:29.002345,0.0,0.0,0.0
2022-01-18 20:21:29.506228,0.0,0.0,0.0
2022-01-18 20:21:30.005222,0.0,0.0,0.0
2022-01-18 20:21:30.508299,0.0,0.0,0.0
2022-01-18 20:21:31.007903,0.0,0.0,0.0
2022-01-18 20:21:31.502264,0.0,0.0,0.0
2022-01-18 20:21:32.010301,0.0,0.0,0.0
2022-01-18 20:21:32.506495,0.0,0.0,0.0
