時間,回転１,回転２,回転３
2022-01-18 12:00:00.004048,84.42104,84.59625,85.96354
2022-01-18 12:00:00.509159,84.26632,84.751,85.96354
2022-01-18 12:00:01.005968,84.11161,84.54425,85.4527
2022-01-18 12:00:01.503137,83.80219,84.33875,85.4527
2022-01-18 12:00:02.001942,84.21434,84.54425,85.29625
2022-01-18 12:00:02.505133,84.05963,84.90575,85.29625
2022-01-18 12:00:03.002658,83.9569,84.33875,86.15958
2022-01-18 12:00:03.509342,84.62773,84.751,86.15958
2022-01-18 12:00:04.006124,83.64747,84.23475,86.23875
2022-01-18 12:00:04.503392,84.73046,84.85375,86.23875
2022-01-18 12:00:05.001222,84.21434,84.803,85.57051
2022-01-18 12:00:05.507416,83.7502,84.08,85.57051
2022-01-18 12:00:06.005050,84.21434,85.0605,86.12093
2022-01-18 12:00:06.509548,83.80219,84.184,86.12093
2022-01-18 12:00:07.007545,84.57575,84.751,85.25666
2022-01-18 12:00:07.503575,84.31831,84.803,85.25666
2022-01-18 12:00:08.002099,84.00888,84.28675,85.7675
2022-01-18 12:00:08.509997,84.05963,84.59625,85.7675
2022-01-18 12:00:09.007524,84.42104,84.803,85.49229
2022-01-18 12:00:09.502131,83.85417,84.64825,85.49229
2022-01-18 12:00:10.505736,84.05963,84.28675,85.7675
2022-01-18 12:00:11.007097,84.11161,84.4415,85.96354
2022-01-18 12:00:11.502473,84.36905,84.54425,85.96354
2022-01-18 12:00:12.010367,84.11161,84.699,85.4527
2022-01-18 12:00:12.507491,84.36905,84.59625,85.4527
2022-01-18 12:00:13.005053,83.85417,84.699,85.17843
2022-01-18 12:00:13.503357,84.52377,85.0085,85.17843
2022-01-18 12:00:14.001289,84.21434,84.4415,85.88531
2022-01-18 12:00:14.507243,84.26632,84.4935,85.88531
2022-01-18 12:00:15.005500,84.1636,84.4935,85.49229
2022-01-18 12:00:15.509705,84.26632,84.803,85.49229
2022-01-18 12:00:16.006162,84.47302,84.59625,85.41406
2022-01-18 12:00:16.501169,83.54475,84.184,85.41406
2022-01-18 12:00:17.009828,84.52377,84.64825,85.72791
2022-01-18 12:00:17.506936,83.85417,84.4415,85.72791
2022-01-18 12:00:18.005596,84.31831,84.59625,86.04176
2022-01-18 12:00:18.510264,84.57575,84.64825,86.04176
2022-01-18 12:00:19.008206,83.7502,84.3895,85.49229
2022-01-18 12:00:19.502973,84.42104,84.751,85.49229
2022-01-18 12:00:20.010411,83.90492,84.54425,85.96354
2022-01-18 12:00:20.505450,84.36905,84.4935,85.96354
2022-01-18 12:00:21.003966,84.05963,84.59625,85.53187
2022-01-18 12:00:21.502261,84.1636,84.4935,85.53187
2022-01-18 12:00:22.010350,84.42104,84.59625,85.53187
2022-01-18 12:00:22.509833,84.05963,84.4935,85.53187
2022-01-18 12:00:23.008106,84.21434,84.699,86.00312
2022-01-18 12:00:23.503679,84.1636,84.803,86.00312
2022-01-18 12:00:24.010851,84.11161,84.4935,85.49229
2022-01-18 12:00:24.507767,84.11161,84.699,85.49229
2022-01-18 12:00:25.005703,84.05963,84.4415,85.64968
2022-01-18 12:00:25.501609,84.26632,84.4415,85.64968
2022-01-18 12:00:26.010241,83.64747,84.184,85.80614
2022-01-18 12:00:26.506942,84.73046,85.0085,85.80614
2022-01-18 12:00:27.006074,83.90492,84.54425,85.33489
2022-01-18 12:00:28.004821,83.64747,84.4935,85.80614
2022-01-18 12:00:28.509022,84.26632,84.699,85.80614
2022-01-18 12:00:29.007492,84.47302,84.64825,85.17843
2022-01-18 12:00:29.508202,83.80219,84.23475,85.17843
2022-01-18 12:00:30.006385,84.1636,84.3895,85.7675
2022-01-18 12:00:30.502401,84.05963,84.699,85.7675
2022-01-18 12:00:31.001134,84.52377,84.85375,85.92395
2022-01-18 12:00:31.509870,83.69946,84.3895,85.92395
2022-01-18 12:00:32.008964,84.05963,84.4935,85.96354
2022-01-18 12:00:32.505267,83.9569,84.4415,85.96354
2022-01-18 12:00:33.003562,84.36905,84.751,85.64968
2022-01-18 12:00:33.509203,84.47302,84.59625,85.64968
2022-01-18 12:00:34.006681,83.90492,84.59625,86.04176
2022-01-18 12:00:34.503693,84.47302,84.54425,86.04176
2022-01-18 12:00:35.002261,83.59549,84.184,85.6101
2022-01-18 12:00:35.507375,84.78245,85.16325,85.6101
2022-01-18 12:00:36.005754,83.80219,84.33875,85.7675
2022-01-18 12:00:36.504084,84.11161,84.4415,85.7675
2022-01-18 12:00:37.001799,84.26632,84.4415,85.7675
2022-01-18 12:00:37.508291,84.11161,84.751,85.7675
2022-01-18 12:00:38.006066,84.52377,84.90575,85.88531
2022-01-18 12:00:38.501784,83.85417,84.33875,85.88531
2022-01-18 12:00:39.011218,84.31831,84.64825,86.63083
2022-01-18 12:00:39.507391,83.44078,83.97725,86.63083
2022-01-18 12:00:40.001307,84.78245,85.37,85.72791
2022-01-18 12:00:40.501867,83.90492,83.92525,85.72791
2022-01-18 12:00:41.006599,84.31831,84.85375,85.49229
2022-01-18 12:00:41.503464,84.31831,84.64825,85.49229
2022-01-18 12:00:42.002903,83.9569,84.64825,85.84572
2022-01-18 12:00:42.507919,84.26632,84.4415,85.84572
2022-01-18 12:00:43.006670,83.7502,84.4415,85.84572
2022-01-18 12:00:43.504489,84.26632,84.699,85.84572
2022-01-18 12:00:44.004040,84.00888,84.28675,85.64968
2022-01-18 12:00:44.501133,84.52377,85.1125,85.64968
2022-01-18 12:00:45.010224,83.9569,84.132,85.57051
2022-01-18 12:00:45.506258,84.11161,84.54425,85.57051
2022-01-18 12:00:46.004532,83.9569,84.3895,86.43479
2022-01-18 12:00:46.511385,84.00888,84.803,86.43479
2022-01-18 12:00:47.009162,84.52377,84.85375,85.4527
2022-01-18 12:00:47.507602,83.9569,83.97725,85.4527
2022-01-18 12:00:48.006565,84.26632,84.699,85.7675
2022-01-18 12:00:48.503703,84.26632,84.3895,85.7675
2022-01-18 12:00:49.011073,84.21434,84.85375,85.4527
2022-01-18 12:00:49.509318,84.1636,84.28675,85.4527
2022-01-18 12:00:50.008666,83.69946,84.4415,85.80614
2022-01-18 12:00:50.505276,84.36905,84.751,85.80614
2022-01-18 12:00:51.002388,84.31831,84.4415,85.72791
2022-01-18 12:00:51.507171,84.31831,84.59625,85.72791
2022-01-18 12:00:52.006377,83.80219,84.08,85.84572
2022-01-18 12:00:52.502405,84.1636,84.803,85.84572
2022-01-18 12:00:53.002409,84.1636,84.4935,85.17843
2022-01-18 12:00:53.510273,84.11161,84.64825,85.17843
2022-01-18 12:00:54.010332,84.26632,84.699,86.23875
2022-01-18 12:00:54.509074,83.7502,84.02925,86.23875
2022-01-18 12:00:55.007421,84.52377,84.751,85.4527
2022-01-18 12:00:55.504443,84.47302,84.59625,85.4527
2022-01-18 12:00:56.001634,84.11161,84.751,85.72791
2022-01-18 12:00:56.510182,84.00888,84.33875,85.72791
2022-01-18 12:00:57.010526,83.69946,84.23475,85.21708
2022-01-18 12:00:57.507479,84.36905,84.803,85.21708
2022-01-18 12:00:58.010986,83.69946,84.23475,85.41406
2022-01-18 12:00:58.501887,84.67848,85.0605,85.41406
2022-01-18 12:00:59.002401,83.80219,83.7705,85.92395
2022-01-18 12:00:59.503796,84.42104,85.0085,85.92395
2022-01-18 12:01:00.006099,84.31831,84.699,85.96354
2022-01-18 12:01:00.502114,84.00888,84.3895,85.96354
2022-01-18 12:01:01.011154,83.85417,84.33875,85.13885
2022-01-18 12:01:01.507420,83.7502,84.23475,85.13885
2022-01-18 12:01:02.008132,84.52377,85.0085,86.23875
2022-01-18 12:01:02.504726,84.47302,84.751,86.23875
2022-01-18 12:01:03.005560,84.05963,84.4935,85.68833
2022-01-18 12:01:03.501197,84.11161,84.28675,85.68833
2022-01-18 12:01:04.010265,84.11161,84.54425,85.84572
2022-01-18 12:01:04.508509,84.42104,85.0085,85.84572
2022-01-18 12:01:05.006102,83.64747,84.132,85.37447
2022-01-18 12:01:05.508327,84.05963,84.4935,85.37447
2022-01-18 12:01:06.005730,83.9569,84.02925,85.21708
2022-01-18 12:01:06.507860,84.62773,85.16325,85.21708
2022-01-18 12:01:07.007336,83.9569,84.184,86.12093
2022-01-18 12:01:07.507767,84.47302,84.95775,86.12093
2022-01-18 12:01:08.005610,83.80219,84.08,85.92395
2022-01-18 12:01:08.501728,84.1636,84.803,85.92395
2022-01-18 12:01:09.009583,84.21434,84.803,85.4527
2022-01-18 12:01:09.505847,84.21434,84.3895,85.4527
2022-01-18 12:01:10.003143,84.1636,84.699,86.12093
2022-01-18 12:01:10.509775,84.05963,84.33875,86.12093
2022-01-18 12:01:11.009197,84.26632,84.85375,85.57051
2022-01-18 12:01:11.509426,84.05963,84.23475,85.57051
2022-01-18 12:01:12.007866,84.1636,84.699,85.7675
2022-01-18 12:01:12.503919,83.85417,84.23475,85.7675
2022-01-18 12:01:13.002278,83.90492,84.54425,86.3952
2022-01-18 12:01:13.508280,84.05963,84.85375,86.3952
2022-01-18 12:01:14.006889,84.42104,84.54425,86.00312
2022-01-18 12:01:14.502408,84.1636,84.59625,86.00312
2022-01-18 12:01:15.009918,84.1636,84.4935,85.53187
2022-01-18 12:01:15.508163,84.11161,84.3895,85.53187
2022-01-18 12:01:16.006819,84.31831,84.54425,85.92395
2022-01-18 12:01:16.501933,83.64747,84.184,85.92395
2022-01-18 12:01:17.009998,84.21434,84.803,85.33489
2022-01-18 12:01:17.507159,84.11161,84.4415,85.33489
2022-01-18 12:01:18.004189,84.1636,84.64825,85.33489
2022-01-18 12:01:18.509286,84.31831,84.54425,85.33489
2022-01-18 12:01:19.006382,84.11161,84.4935,85.68833
2022-01-18 12:01:19.501271,84.1636,84.4415,85.68833
2022-01-18 12:01:20.011217,84.11161,84.699,85.7675
2022-01-18 12:01:20.507568,84.26632,84.59625,85.7675
2022-01-18 12:01:21.005670,84.11161,84.4935,85.68833
2022-01-18 12:01:21.501180,83.85417,84.3895,85.68833
2022-01-18 12:01:22.009707,84.62773,84.803,85.53187
2022-01-18 12:01:22.506148,83.80219,84.33875,85.53187
2022-01-18 12:01:23.006108,84.67848,85.1125,85.84572
2022-01-18 12:01:23.502944,83.33805,83.92525,85.84572
2022-01-18 12:01:24.001627,84.42104,85.0605,86.00312
2022-01-18 12:01:24.507023,84.26632,84.59625,86.00312
2022-01-18 12:01:25.006137,84.47302,84.90575,86.00312
2022-01-18 12:01:25.502540,84.00888,84.23475,86.00312
2022-01-18 12:01:26.002417,83.90492,84.4415,85.49229
2022-01-18 12:01:26.508578,84.47302,85.0605,85.49229
2022-01-18 12:01:27.006104,83.90492,84.4415,86.19916
2022-01-18 12:01:27.510829,84.1636,84.699,86.19916
2022-01-18 12:01:28.002791,84.00888,84.3895,85.6101
2022-01-18 12:01:28.509209,84.42104,84.751,85.6101
2022-01-18 12:01:29.008523,84.42104,84.4935,85.13885
2022-01-18 12:01:29.506894,84.1636,84.699,85.13885
2022-01-18 12:01:30.005743,84.11161,84.4415,85.7675
2022-01-18 12:01:30.501180,84.00888,84.59625,85.7675
2022-01-18 12:01:31.009828,84.26632,84.803,85.6101
2022-01-18 12:01:31.507718,83.90492,84.33875,85.6101
2022-01-18 12:01:32.005759,84.42104,84.85375,85.6101
2022-01-18 12:01:32.509858,84.36905,84.4415,85.6101
2022-01-18 12:01:33.009970,84.05963,84.699,86.12093
2022-01-18 12:01:33.509317,83.85417,84.59625,86.12093
2022-01-18 12:01:34.006199,84.11161,84.64825,85.25666
2022-01-18 12:01:34.502062,84.21434,84.59625,85.25666
2022-01-18 12:01:35.011216,83.7502,84.4935,85.7675
2022-01-18 12:01:35.507300,84.31831,84.751,85.7675
2022-01-18 12:01:36.005037,84.31831,84.4415,86.27739
2022-01-18 12:01:36.509701,84.42104,84.803,86.27739
2022-01-18 12:01:37.006032,84.05963,84.4935,85.25666
2022-01-18 12:01:37.501551,84.1636,84.699,85.25666
2022-01-18 12:01:38.010803,84.21434,84.751,86.43479
2022-01-18 12:01:38.506981,83.85417,84.3895,86.43479
2022-01-18 12:01:39.004661,84.31831,84.803,85.7675
2022-01-18 12:01:39.507874,84.36905,84.54425,85.7675
2022-01-18 12:01:40.006462,84.1636,84.64825,85.96354
2022-01-18 12:01:40.501765,84.52377,84.64825,85.96354
2022-01-18 12:01:41.009589,83.85417,84.132,85.68833
2022-01-18 12:01:41.508662,84.42104,84.90575,85.68833
2022-01-18 12:01:42.009580,83.69946,84.28675,86.31697
2022-01-18 12:01:42.506892,84.21434,84.54425,86.31697
2022-01-18 12:01:43.005148,84.1636,84.4935,85.37447
2022-01-18 12:01:43.509338,84.21434,84.803,85.37447
2022-01-18 12:01:44.010393,84.52377,84.803,86.00312
2022-01-18 12:01:44.507053,83.85417,84.132,86.00312
2022-01-18 12:01:45.005141,84.52377,84.90575,85.53187
2022-01-18 12:01:45.501800,83.80219,84.23475,85.53187
2022-01-18 12:01:46.001024,84.21434,84.90575,85.33489
2022-01-18 12:01:46.507867,83.9569,83.97725,85.33489
2022-01-18 12:01:47.006400,84.36905,84.54425,85.7675
2022-01-18 12:01:47.501165,84.26632,84.59625,85.7675
2022-01-18 12:01:48.009867,83.80219,84.184,85.92395
2022-01-18 12:01:48.506925,84.78245,85.21525,85.92395
2022-01-18 12:01:49.003903,84.21434,84.4935,85.49229
2022-01-18 12:01:49.510047,84.26632,84.803,85.49229
2022-01-18 12:01:50.008677,83.7502,84.132,85.84572
2022-01-18 12:01:50.504195,84.31831,84.751,85.84572
2022-01-18 12:01:51.003070,84.31831,84.4935,84.94281
2022-01-18 12:01:51.510924,84.1636,84.54425,84.94281
2022-01-18 12:01:52.002661,83.90492,84.28675,85.64968
2022-01-18 12:01:52.507127,84.1636,84.59625,85.64968
2022-01-18 12:01:53.006260,84.62773,85.16325,85.41406
2022-01-18 12:01:53.502437,83.28607,83.8745,85.41406
2022-01-18 12:01:54.010192,84.57575,84.90575,85.37447
2022-01-18 12:01:54.505068,83.7502,83.8745,85.37447
2022-01-18 12:01:55.003243,84.26632,84.803,86.00312
2022-01-18 12:01:55.510561,84.11161,84.54425,86.00312
2022-01-18 12:01:56.009647,83.9569,84.28675,85.6101
2022-01-18 12:01:56.507430,84.36905,84.803,85.6101
2022-01-18 12:01:57.006178,83.54475,84.28675,85.88531
2022-01-18 12:01:57.502065,84.52377,84.85375,85.88531
2022-01-18 12:01:58.010352,84.11161,84.3895,86.63083
2022-01-18 12:01:58.508516,83.90492,84.28675,86.63083
2022-01-18 12:01:59.009001,83.18334,83.30625,85.49229
2022-01-18 12:01:59.505328,84.57575,85.0085,85.49229
2022-01-18 12:02:00.005725,84.05963,84.4935,234.09343
2022-01-18 12:02:00.505736,83.23532,83.66775,234.09343
2022-01-18 12:02:01.004255,84.62773,84.699,215.47906
2022-01-18 12:02:01.503679,83.69946,83.8745,215.47906
2022-01-18 12:02:02.002986,84.93716,85.16325,162.54166
2022-01-18 12:02:02.508346,83.69946,83.92525,162.54166
2022-01-18 12:02:03.007134,83.80219,84.08,93.77875
2022-01-18 12:02:03.503492,84.21434,84.699,93.77875
2022-01-18 12:02:04.004084,83.9569,84.59625,94.52426
2022-01-18 12:02:04.509740,84.11161,84.4415,94.52426
2022-01-18 12:02:05.006689,83.7502,84.08,94.36781
2022-01-18 12:02:05.506533,84.42104,84.54425,94.36781
2022-01-18 12:02:06.002157,84.88517,85.21525,86.82781
2022-01-18 12:02:06.509729,83.69946,84.132,86.82781
2022-01-18 12:02:07.007998,84.21434,84.699,85.92395
2022-01-18 12:02:07.505440,84.00888,84.3895,85.92395
2022-01-18 12:02:08.004172,84.31831,84.803,86.51301
2022-01-18 12:02:08.503859,83.85417,84.3895,86.51301
2022-01-18 12:02:09.002701,84.42104,84.64825,86.08135
2022-01-18 12:02:09.508090,84.57575,84.54425,86.08135
2022-01-18 12:02:10.003025,84.05963,84.33875,86.35656
2022-01-18 12:02:10.509851,84.47302,85.0085,86.35656
2022-01-18 12:02:11.008585,83.90492,84.28675,86.3952
2022-01-18 12:02:11.504745,84.57575,84.95775,86.3952
2022-01-18 12:02:12.004426,83.44078,84.08,86.15958
2022-01-18 12:02:13.005337,84.67848,85.0085,85.7675
2022-01-18 12:02:13.501345,84.21434,84.59625,85.7675
2022-01-18 12:02:14.010180,84.21434,84.699,86.47437
2022-01-18 12:02:14.506741,83.85417,84.4415,86.47437
2022-01-18 12:02:15.008776,84.31831,84.90575,85.64968
2022-01-18 12:02:15.504811,83.90492,84.33875,85.64968
2022-01-18 12:02:16.002548,84.36905,84.751,86.23875
2022-01-18 12:02:16.509026,84.00888,84.33875,86.23875
2022-01-18 12:02:17.007745,84.36905,84.803,85.92395
2022-01-18 12:02:17.508004,84.26632,84.64825,85.92395
2022-01-18 12:02:18.005883,84.21434,84.751,85.6101
2022-01-18 12:02:18.502286,84.47302,84.85375,85.6101
2022-01-18 12:02:19.010831,83.44078,84.02925,85.6101
2022-01-18 12:02:19.506415,84.21434,84.64825,85.6101
2022-01-18 12:02:20.003550,84.31831,84.64825,85.53187
2022-01-18 12:02:20.508842,84.36905,84.54425,85.53187
2022-01-18 12:02:21.006837,84.00888,84.33875,85.7675
2022-01-18 12:02:21.502371,84.11161,84.699,85.7675
2022-01-18 12:02:22.000945,84.52377,84.90575,85.29625
2022-01-18 12:02:22.505937,84.11161,84.4935,85.29625
2022-01-18 12:02:23.005461,84.05963,84.4935,85.72791
2022-01-18 12:02:23.502169,83.7502,84.28675,85.72791
2022-01-18 12:02:24.010530,84.73046,85.1125,86.00312
2022-01-18 12:02:24.507737,84.1636,84.59625,86.00312
2022-01-18 12:02:25.006862,84.1636,84.59625,85.84572
2022-01-18 12:02:25.502327,83.9569,84.28675,85.84572
2022-01-18 12:02:26.010790,84.21434,84.59625,85.41406
2022-01-18 12:02:26.508688,84.42104,84.90575,85.41406
2022-01-18 12:02:27.005141,83.64747,84.28675,85.33489
2022-01-18 12:02:27.501014,84.1636,84.33875,85.33489
2022-01-18 12:02:28.010337,84.31831,84.64825,86.78822
2022-01-18 12:02:28.510228,84.11161,84.59625,86.78822
2022-01-18 12:02:29.009757,84.36905,84.90575,86.15958
2022-01-18 12:02:29.507220,84.1636,84.4935,86.15958
2022-01-18 12:02:30.007434,84.36905,84.64825,85.21708
2022-01-18 12:02:30.508987,83.59549,84.33875,85.21708
2022-01-18 12:02:31.008249,84.62773,84.95775,85.41406
2022-01-18 12:02:31.504689,84.21434,84.4935,85.41406
2022-01-18 12:02:32.004563,83.80219,84.23475,85.57051
2022-01-18 12:02:32.510973,84.26632,84.85375,85.57051
2022-01-18 12:02:33.010275,83.80219,84.184,85.33489
2022-01-18 12:02:33.507971,84.47302,84.751,85.33489
2022-01-18 12:02:34.006977,83.90492,84.54425,86.63083
2022-01-18 12:02:34.502954,84.1636,84.4415,86.63083
2022-01-18 12:02:35.002107,84.47302,84.85375,85.53187
2022-01-18 12:02:35.508883,83.9569,84.08,85.53187
2022-01-18 12:02:36.007929,84.47302,84.803,85.92395
2022-01-18 12:02:36.503992,83.90492,84.23475,85.92395
2022-01-18 12:02:37.002259,84.36905,84.95775,85.33489
2022-01-18 12:02:37.507274,84.00888,84.4935,85.33489
2022-01-18 12:02:38.505788,84.36905,84.699,85.4527
2022-01-18 12:02:39.008378,84.21434,84.4935,85.25666
2022-01-18 12:02:39.506613,84.05963,84.4935,85.25666
2022-01-18 12:02:40.005772,84.00888,84.59625,86.12093
2022-01-18 12:02:40.503046,84.62773,84.85375,86.12093
2022-01-18 12:02:41.006498,83.85417,84.3895,85.53187
2022-01-18 12:02:41.510498,84.31831,84.803,85.53187
2022-01-18 12:02:42.009034,83.85417,84.3895,85.88531
2022-01-18 12:02:42.510531,84.52377,84.751,85.88531
2022-01-18 12:02:43.009208,84.1636,84.64825,86.00312
2022-01-18 12:02:43.507851,83.80219,84.4935,86.00312
2022-01-18 12:02:44.006436,84.26632,84.4935,86.31697
2022-01-18 12:02:44.502962,84.21434,84.803,86.31697
2022-01-18 12:02:45.009835,84.21434,84.4935,85.7675
2022-01-18 12:02:45.508723,83.80219,84.4415,85.7675
2022-01-18 12:02:46.006932,84.31831,84.4935,85.09926
2022-01-18 12:02:46.503354,84.52377,84.699,85.09926
2022-01-18 12:02:47.001114,84.31831,84.751,85.57051
2022-01-18 12:02:47.505802,84.00888,84.4935,85.57051
2022-01-18 12:02:48.005164,83.85417,84.3895,85.4527
2022-01-18 12:02:48.510418,84.47302,84.64825,85.4527
2022-01-18 12:02:49.008718,83.54475,84.3895,85.57051
2022-01-18 12:02:49.506994,84.83319,84.90575,85.57051
2022-01-18 12:02:50.005386,83.9569,84.28675,86.5526
2022-01-18 12:02:50.501334,84.21434,84.4935,86.5526
2022-01-18 12:02:51.010113,84.47302,84.803,85.84572
2022-01-18 12:02:51.506299,84.00888,84.4415,85.84572
2022-01-18 12:02:52.005883,84.1636,84.54425,85.57051
2022-01-18 12:02:52.503778,83.80219,84.54425,85.57051
2022-01-18 12:02:53.002086,83.85417,84.23475,86.47437
2022-01-18 12:02:53.508088,84.47302,84.803,86.47437
2022-01-18 12:02:54.007465,84.26632,84.54425,86.00312
2022-01-18 12:02:54.503543,84.42104,84.751,86.00312
2022-01-18 12:02:55.004715,83.90492,84.33875,84.98145
2022-01-18 12:02:55.510967,84.42104,84.85375,84.98145
2022-01-18 12:02:56.001642,83.7502,84.33875,85.68833
2022-01-18 12:02:56.506862,84.1636,84.3895,85.68833
2022-01-18 12:02:57.006031,84.36905,84.90575,85.6101
2022-01-18 12:02:57.502216,83.9569,84.28675,85.6101
2022-01-18 12:02:58.010847,84.57575,84.803,85.80614
2022-01-18 12:02:58.507038,83.64747,84.02925,85.80614
2022-01-18 12:02:59.006105,84.62773,84.95775,85.68833
2022-01-18 12:02:59.504758,84.1636,84.803,85.68833
2022-01-18 12:03:00.002205,83.85417,84.23475,86.15958
2022-01-18 12:03:00.504410,84.36905,84.85375,86.15958
2022-01-18 12:03:01.001694,83.85417,84.08,85.13885
2022-01-18 12:03:01.506239,84.78245,85.0085,85.13885
2022-01-18 12:03:02.004733,83.85417,84.23475,86.15958
2022-01-18 12:03:02.503042,84.05963,84.23475,86.15958
2022-01-18 12:03:03.010549,84.21434,84.64825,85.53187
2022-01-18 12:03:03.507875,84.21434,84.54425,85.53187
2022-01-18 12:03:04.007470,83.7502,84.59625,86.08135
2022-01-18 12:03:04.502073,84.11161,84.28675,86.08135
2022-01-18 12:03:05.010654,84.52377,84.59625,85.37447
2022-01-18 12:03:05.507265,83.9569,84.4935,85.37447
2022-01-18 12:03:06.004629,84.52377,84.803,85.96354
2022-01-18 12:03:06.509728,83.69946,84.184,85.96354
2022-01-18 12:03:07.008883,84.57575,84.59625,85.88531
2022-01-18 12:03:07.507315,83.69946,84.4935,85.88531
2022-01-18 12:03:08.006518,84.26632,84.751,85.7675
2022-01-18 12:03:08.503227,83.90492,84.23475,85.7675
2022-01-18 12:03:09.001484,84.36905,84.64825,85.21708
2022-01-18 12:03:09.508279,84.1636,84.54425,85.21708
2022-01-18 12:03:10.005800,84.21434,84.803,85.68833
2022-01-18 12:03:10.502915,84.26632,84.59625,85.68833
2022-01-18 12:03:11.010979,83.80219,84.4935,85.68833
2022-01-18 12:03:11.508721,84.67848,84.85375,85.68833
2022-01-18 12:03:12.008228,83.69946,84.184,85.96354
2022-01-18 12:03:12.503613,84.21434,84.59625,85.96354
2022-01-18 12:03:13.011194,84.26632,84.64825,86.15958
2022-01-18 12:03:13.511024,83.7502,84.23475,86.15958
2022-01-18 12:03:14.010673,84.67848,84.85375,85.80614
2022-01-18 12:03:14.507777,83.69946,84.54425,85.80614
2022-01-18 12:03:15.005462,84.31831,84.803,85.88531
2022-01-18 12:03:15.510538,84.26632,84.54425,85.88531
2022-01-18 12:03:16.009003,84.26632,84.33875,85.6101
2022-01-18 12:03:16.507018,84.05963,84.33875,85.6101
2022-01-18 12:03:17.005420,83.9569,84.4935,85.41406
2022-01-18 12:03:17.501371,84.26632,84.4935,85.41406
2022-01-18 12:03:18.010276,83.7502,84.28675,85.68833
2022-01-18 12:03:18.507367,84.1636,84.54425,85.68833
2022-01-18 12:03:19.004899,84.21434,84.90575,85.57051
2022-01-18 12:03:19.501797,84.11161,84.23475,85.57051
2022-01-18 12:03:20.010129,84.67848,84.90575,85.13885
2022-01-18 12:03:20.507083,83.7502,84.28675,85.13885
2022-01-18 12:03:21.006842,84.21434,84.54425,86.51301
2022-01-18 12:03:21.502467,84.42104,84.95775,86.51301
2022-01-18 12:03:22.505328,83.85417,84.3895,85.88531
2022-01-18 12:03:23.008307,84.1636,84.3895,84.94281
2022-01-18 12:03:23.505020,84.62773,84.751,84.94281
2022-01-18 12:03:24.003216,84.00888,84.751,85.96354
2022-01-18 12:03:24.509282,84.05963,84.28675,85.96354
2022-01-18 12:03:25.006713,84.11161,84.59625,85.37447
2022-01-18 12:03:25.503678,84.26632,84.4415,85.37447
2022-01-18 12:03:26.002126,84.11161,84.90575,85.7675
2022-01-18 12:03:26.507144,84.36905,84.54425,85.7675
2022-01-18 12:03:27.004946,84.1636,84.184,85.53187
2022-01-18 12:03:27.501673,84.21434,84.59625,85.53187
2022-01-18 12:03:28.010307,84.52377,84.85375,86.31697
2022-01-18 12:03:28.506319,83.80219,84.54425,86.31697
2022-01-18 12:03:29.006942,84.1636,84.28675,85.09926
2022-01-18 12:03:29.501878,83.85417,84.59625,85.09926
2022-01-18 12:03:30.010854,84.47302,84.803,85.7675
2022-01-18 12:03:30.501550,84.31831,84.4935,85.7675
2022-01-18 12:03:31.010775,84.00888,84.4935,85.02104
2022-01-18 12:03:31.503067,84.47302,84.4935,85.02104
2022-01-18 12:03:32.001572,83.9569,84.54425,85.6101
2022-01-18 12:03:32.506871,84.21434,84.64825,85.6101
2022-01-18 12:03:33.004825,83.54475,84.4935,85.37447
2022-01-18 12:03:33.510452,84.21434,84.54425,85.37447
2022-01-18 12:03:34.008617,84.05963,84.4415,85.21708
2022-01-18 12:03:34.505816,84.52377,84.90575,85.21708
2022-01-18 12:03:35.006174,84.26632,84.64825,85.72791
2022-01-18 12:03:35.501938,84.42104,84.699,85.72791
2022-01-18 12:03:36.011048,84.42104,84.59625,86.31697
2022-01-18 12:03:36.509867,83.59549,84.3895,86.31697
2022-01-18 12:03:37.010666,84.26632,84.751,85.13885
2022-01-18 12:03:37.508119,84.00888,84.3895,85.13885
2022-01-18 12:03:38.005923,84.31831,84.59625,85.41406
2022-01-18 12:03:38.502291,84.26632,84.4415,85.41406
2022-01-18 12:03:39.001206,84.00888,84.699,85.33489
2022-01-18 12:03:39.509043,84.36905,84.4935,85.33489
2022-01-18 12:03:40.006828,84.31831,84.85375,86.47437
2022-01-18 12:03:40.502004,84.26632,84.4935,86.47437
2022-01-18 12:03:41.010108,83.90492,84.3895,85.4527
2022-01-18 12:03:41.507044,84.21434,84.4935,85.4527
2022-01-18 12:03:42.004218,84.31831,84.4415,85.49229
2022-01-18 12:03:42.509249,84.26632,84.699,85.49229
2022-01-18 12:03:43.008064,83.7502,84.02925,85.13885
2022-01-18 12:03:43.503869,84.05963,84.699,85.13885
2022-01-18 12:03:44.003101,84.31831,84.54425,85.7675
2022-01-18 12:03:44.508381,84.1636,84.751,85.7675
2022-01-18 12:03:45.005280,84.05963,84.33875,85.53187
2022-01-18 12:03:45.509867,84.1636,84.23475,85.53187
2022-01-18 12:03:46.008995,84.05963,84.699,85.64968
2022-01-18 12:03:46.505675,84.31831,84.59625,85.64968
2022-01-18 12:03:47.005154,84.26632,84.803,85.7675
2022-01-18 12:03:47.510867,84.00888,84.132,85.7675
2022-01-18 12:03:48.009440,84.21434,84.90575,85.88531
2022-01-18 12:03:48.508473,84.31831,84.59625,85.88531
2022-01-18 12:03:49.006639,84.11161,84.4935,86.43479
2022-01-18 12:03:49.505757,84.11161,84.4415,86.43479
2022-01-18 12:03:50.004230,84.21434,84.59625,85.57051
2022-01-18 12:03:50.509006,83.90492,84.699,85.57051
2022-01-18 12:03:51.007846,84.57575,84.95775,84.98145
2022-01-18 12:03:51.504255,83.80219,84.28675,84.98145
2022-01-18 12:03:52.003504,84.36905,84.59625,85.64968
2022-01-18 12:03:52.508263,84.26632,84.3895,85.64968
2022-01-18 12:03:53.007773,84.26632,84.699,85.33489
2022-01-18 12:03:53.506202,84.11161,84.184,85.33489
2022-01-18 12:03:54.005746,84.00888,84.803,85.41406
2022-01-18 12:03:54.501794,84.26632,84.59625,85.41406
2022-01-18 12:03:55.010404,83.9569,84.4415,85.53187
2022-01-18 12:03:55.506804,84.31831,84.699,85.53187
2022-01-18 12:03:56.005427,84.00888,84.33875,86.23875
2022-01-18 12:03:56.510449,84.1636,84.3895,86.23875
2022-01-18 12:03:57.009047,84.26632,84.28675,85.09926
2022-01-18 12:03:57.505912,84.11161,84.59625,85.09926
2022-01-18 12:03:58.006812,84.36905,84.64825,86.27739
2022-01-18 12:03:58.502930,83.90492,84.4935,86.27739
2022-01-18 12:03:59.001205,84.52377,84.90575,85.17843
2022-01-18 12:03:59.508517,83.90492,84.4415,85.17843
2022-01-18 12:04:00.005075,84.36905,84.54425,86.00312
2022-01-18 12:04:00.506701,84.42104,84.4415,86.00312
2022-01-18 12:04:01.004769,84.36905,85.0605,85.49229
2022-01-18 12:04:01.501669,84.05963,84.23475,85.49229
2022-01-18 12:04:02.009722,84.00888,84.4415,85.4527
2022-01-18 12:04:02.505502,84.21434,84.33875,85.4527
2022-01-18 12:04:03.003179,84.05963,84.803,85.57051
2022-01-18 12:04:03.509214,84.11161,84.59625,85.57051
2022-01-18 12:04:04.008189,84.1636,84.28675,85.84572
2022-01-18 12:04:04.505247,84.36905,84.699,85.84572
2022-01-18 12:04:05.003625,84.47302,84.751,85.29625
2022-01-18 12:04:05.508378,84.11161,84.699,85.29625
2022-01-18 12:04:06.008501,83.80219,84.08,85.92395
2022-01-18 12:04:06.504562,84.1636,84.803,85.92395
2022-01-18 12:04:07.002332,84.31831,84.699,85.53187
2022-01-18 12:04:07.507440,84.1636,84.33875,85.53187
2022-01-18 12:04:08.008338,84.00888,84.59625,86.82781
2022-01-18 12:04:08.504735,84.31831,84.59625,86.82781
2022-01-18 12:04:09.011346,84.62773,85.16325,85.53187
2022-01-18 12:04:09.508081,83.85417,84.184,85.53187
2022-01-18 12:04:10.006767,83.69946,84.3895,85.7675
2022-01-18 12:04:10.508802,84.1636,84.59625,85.7675
2022-01-18 12:04:11.007041,84.1636,84.33875,85.4527
2022-01-18 12:04:11.501299,84.36905,84.751,85.4527
2022-01-18 12:04:12.009893,84.05963,84.33875,85.96354
2022-01-18 12:04:12.506599,84.11161,84.751,85.96354
2022-01-18 12:04:13.006382,84.1636,84.28675,84.90322
2022-01-18 12:04:13.502011,84.11161,84.54425,84.90322
2022-01-18 12:04:14.010661,83.9569,84.54425,85.17843
2022-01-18 12:04:14.508692,84.11161,84.59625,85.17843
2022-01-18 12:04:15.005872,84.00888,84.4415,85.92395
2022-01-18 12:04:15.502039,84.57575,84.803,85.92395
2022-01-18 12:04:16.010432,84.05963,84.85375,85.25666
2022-01-18 12:04:16.508614,84.57575,84.803,85.25666
2022-01-18 12:04:17.006038,83.80219,84.4415,85.88531
2022-01-18 12:04:17.501038,84.42104,84.85375,85.88531
2022-01-18 12:04:18.001132,83.80219,84.33875,85.80614
2022-01-18 12:04:18.508135,84.26632,84.803,85.80614
2022-01-18 12:04:19.006699,84.42104,84.751,85.49229
2022-01-18 12:04:19.502209,84.11161,84.54425,85.49229
2022-01-18 12:04:20.002313,84.31831,84.699,85.64968
2022-01-18 12:04:20.507552,84.1636,84.64825,85.64968
2022-01-18 12:04:21.006063,84.11161,84.3895,85.6101
2022-01-18 12:04:21.501180,83.80219,84.08,85.6101
2022-01-18 12:04:22.009524,83.9569,84.08,168.7075
2022-01-18 12:04:22.506485,84.05963,83.92525,168.7075
2022-01-18 12:04:23.005145,84.26632,84.803,234.72114
2022-01-18 12:04:23.502772,84.26632,84.54425,234.72114
2022-01-18 12:04:24.011116,83.54475,83.8745,193.40854
2022-01-18 12:04:24.507690,84.11161,84.4415,193.40854
2022-01-18 12:04:25.006290,84.05963,84.4415,113.25645
2022-01-18 12:04:25.501160,84.57575,84.90575,113.25645
2022-01-18 12:04:26.010854,83.80219,83.8745,91.77593
2022-01-18 12:04:26.507454,83.9569,84.4415,91.77593
2022-01-18 12:04:27.005007,84.1636,84.28675,97.94083
2022-01-18 12:04:27.510226,84.21434,84.85375,97.94083
2022-01-18 12:04:28.009831,82.46176,85.6795,84.03895
2022-01-18 12:04:28.508544,81.63621,83.30625,84.03895
2022-01-18 12:04:29.006769,82.61647,84.4415,-0.03864
2022-01-18 12:04:29.504653,83.85417,85.1125,-0.03864
2022-01-18 12:04:30.002531,83.7502,84.64825,-0.03864
2022-01-18 12:04:30.507490,82.82193,84.184,-0.03864
2022-01-18 12:04:31.006182,83.39003,83.7705,0.0
2022-01-18 12:04:31.503792,84.47302,84.54425,0.0
2022-01-18 12:04:32.002072,83.54475,86.50525,0.0
2022-01-18 12:04:32.509358,82.7192,84.59625,0.0
2022-01-18 12:04:33.008600,84.36905,84.23475,0.0
2022-01-18 12:04:33.505852,84.93716,82.842,0.0
2022-01-18 12:04:34.004933,84.26632,85.26725,0.0
2022-01-18 12:04:34.501108,83.7502,85.21525,0.0
2022-01-18 12:04:35.008823,83.54475,83.61575,0.0
2022-01-18 12:04:35.506583,82.7192,84.28675,0.0
2022-01-18 12:04:36.005132,82.7192,82.0175,0.0
2022-01-18 12:04:36.510693,79.41825,80.31525,0.0
2022-01-18 12:04:37.009839,71.99205,73.042,0.0
2022-01-18 12:04:37.506366,71.21849,71.081,0.0
2022-01-18 12:04:38.006265,70.59964,68.9665,0.0
2022-01-18 12:04:38.501179,63.99899,65.51,0.0
2022-01-18 12:04:39.010590,61.36887,61.02225,0.0
2022-01-18 12:04:39.508585,60.90474,59.88825,0.0
2022-01-18 12:04:40.007496,55.07765,57.7725,0.0
2022-01-18 12:04:40.503863,53.89069,52.3055,0.0
2022-01-18 12:04:41.002579,52.03414,50.86075,0.0
2022-01-18 12:04:41.509707,47.13532,47.663,0.0
2022-01-18 12:04:42.008154,45.43349,43.79425,0.0
2022-01-18 12:04:42.504805,41.41096,42.24675,0.0
2022-01-18 12:04:43.002472,37.9553,38.73825,0.0
2022-01-18 12:04:43.508243,38.41944,36.469,0.0
2022-01-18 12:04:44.006433,38.88358,36.98525,0.0
2022-01-18 12:04:44.502219,39.14226,41.52375,0.0
2022-01-18 12:04:45.001344,39.09027,40.802,0.0
2022-01-18 12:04:45.507428,39.03829,39.04775,0.0
2022-01-18 12:04:46.005683,39.14226,38.0165,0.0
2022-01-18 12:04:46.502410,38.83283,37.759,0.0
2022-01-18 12:04:47.010813,38.98755,39.66675,0.0
2022-01-18 12:04:47.507651,38.162,40.33775,0.0
2022-01-18 12:04:48.004309,38.67812,40.131,0.0
2022-01-18 12:04:48.510183,39.34772,38.326,0.0
2022-01-18 12:04:49.008237,38.98755,38.0685,0.0
2022-01-18 12:04:49.504467,39.29697,40.59525,0.0
2022-01-18 12:04:50.002940,38.62614,40.131,0.0
2022-01-18 12:04:50.505719,39.09027,38.48075,0.0
2022-01-18 12:04:51.003172,38.67812,37.655,0.0
2022-01-18 12:04:51.508093,39.70912,39.35725,0.0
2022-01-18 12:04:52.005663,39.09027,40.33775,0.0
2022-01-18 12:04:52.501651,39.193,39.8735,0.0
2022-01-18 12:04:53.001378,38.72887,38.17125,0.0
2022-01-18 12:04:53.508110,39.65714,37.55225,0.0
2022-01-18 12:04:54.005596,38.93556,40.33775,0.0
2022-01-18 12:04:54.503474,38.52341,39.8215,0.0
2022-01-18 12:04:55.010999,38.62614,39.09975,0.0
2022-01-18 12:04:55.506951,38.98755,39.2545,0.0
2022-01-18 12:04:56.005328,39.3997,38.84225,0.0
2022-01-18 12:04:56.511000,39.193,39.512,0.0
2022-01-18 12:04:57.008658,38.41944,39.40925,0.0
2022-01-18 12:04:57.506967,38.98755,39.66675,0.0
2022-01-18 12:04:58.003381,38.67812,38.997,0.0
2022-01-18 12:04:58.508218,39.45168,38.79025,0.0
2022-01-18 12:04:59.006283,39.91582,40.02825,0.0
2022-01-18 12:04:59.502456,39.34772,39.71875,0.0
2022-01-18 12:05:00.002828,38.62614,39.2025,0.0
2022-01-18 12:05:00.505278,38.78085,38.378,0.0
2022-01-18 12:05:01.005809,39.76111,39.564,0.0
2022-01-18 12:05:01.501717,39.193,39.8735,0.0
2022-01-18 12:05:02.009961,38.78085,39.2545,0.0
2022-01-18 12:05:02.506462,38.78085,38.893,0.0
2022-01-18 12:05:03.005575,39.14226,40.131,0.0
2022-01-18 12:05:03.501414,38.98755,39.8735,0.0
2022-01-18 12:05:04.009882,38.3687,38.73825,0.0
2022-01-18 12:05:04.506817,38.83283,38.48075,0.0
2022-01-18 12:05:05.005135,39.70912,39.46125,0.0
2022-01-18 12:05:05.510940,39.29697,38.997,0.0
2022-01-18 12:05:06.009189,38.78085,38.48075,0.0
2022-01-18 12:05:06.504009,38.93556,39.71875,0.0
2022-01-18 12:05:07.002623,39.193,39.71875,0.0
2022-01-18 12:05:07.501141,38.83283,39.2545,0.0
2022-01-18 12:05:08.007734,38.57415,38.73825,0.0
2022-01-18 12:05:08.504673,39.34772,39.3065,0.0
2022-01-18 12:05:09.003885,39.14226,39.40925,0.0
2022-01-18 12:05:09.509598,39.55441,38.997,0.0
2022-01-18 12:05:10.006469,38.83283,38.42875,0.0
2022-01-18 12:05:10.510019,39.45168,39.46125,0.0
2022-01-18 12:05:11.008938,38.72887,39.66675,0.0
2022-01-18 12:05:11.504882,38.72887,38.84225,0.0
2022-01-18 12:05:12.003583,38.67812,38.997,0.0
2022-01-18 12:05:12.508705,39.34772,39.77075,0.0
2022-01-18 12:05:13.008156,38.67812,39.40925,0.0
2022-01-18 12:05:13.505221,38.31671,38.893,0.0
2022-01-18 12:05:14.002647,38.162,38.42875,0.0
2022-01-18 12:05:14.506449,37.69786,37.24275,0.0
2022-01-18 12:05:15.003879,35.22246,36.7265,0.0
2022-01-18 12:05:15.506990,29.18867,29.3505,0.0
2022-01-18 12:05:16.004679,30.21968,28.422,0.0
2022-01-18 12:05:16.502648,32.64433,33.89025,0.0
2022-01-18 12:05:17.009710,31.9735,31.92925,0.0
2022-01-18 12:05:17.506639,25.68227,25.12025,0.0
2022-01-18 12:05:18.004348,24.80474,24.4505,0.0
2022-01-18 12:05:18.507375,25.01144,25.73925,0.0
2022-01-18 12:05:19.004957,25.68227,27.39075,0.0
2022-01-18 12:05:19.510323,25.9917,26.15275,0.0
2022-01-18 12:05:20.008918,25.52756,25.0695,0.0
2022-01-18 12:05:20.504866,25.11417,24.60525,0.0
2022-01-18 12:05:21.002637,24.49532,23.57275,0.0
2022-01-18 12:05:21.508888,24.18589,25.946,0.0
2022-01-18 12:05:22.007922,25.01144,26.513,0.0
2022-01-18 12:05:22.503556,25.26888,25.84325,0.0
2022-01-18 12:05:23.001197,25.26888,24.91475,0.0
2022-01-18 12:05:23.508095,25.21813,24.4505,0.0
2022-01-18 12:05:24.005856,25.47557,24.4505,0.0
2022-01-18 12:05:24.510428,25.52756,26.41025,0.0
2022-01-18 12:05:25.010192,25.5783,25.73925,0.0
2022-01-18 12:05:25.505874,25.68227,25.0175,0.0
2022-01-18 12:05:26.004252,25.37285,24.9655,0.0
2022-01-18 12:05:26.509659,24.85672,25.275,0.0
2022-01-18 12:05:27.008296,24.28986,25.6365,0.0
2022-01-18 12:05:27.507465,25.32086,24.9655,0.0
2022-01-18 12:05:28.008476,25.37285,25.53375,0.0
2022-01-18 12:05:28.505943,25.5783,25.327,0.0
2022-01-18 12:05:29.005023,25.06342,25.42975,0.0
2022-01-18 12:05:29.502292,24.44457,25.0695,0.0
2022-01-18 12:05:30.011000,24.5473,25.5845,0.0
2022-01-18 12:05:30.507544,25.5783,25.379,0.0
2022-01-18 12:05:31.005478,26.04244,25.327,0.0
2022-01-18 12:05:31.501164,25.83698,25.53375,0.0
2022-01-18 12:05:32.010154,25.47557,25.275,0.0
2022-01-18 12:05:32.508172,24.90871,25.0175,0.0
2022-01-18 12:05:33.004750,25.01144,25.0695,0.0
2022-01-18 12:05:33.501669,25.16615,25.79125,0.0
2022-01-18 12:05:34.009523,25.16615,25.6365,0.0
2022-01-18 12:05:34.506144,26.09442,25.0695,0.0
2022-01-18 12:05:35.004823,25.47557,24.91475,0.0
2022-01-18 12:05:35.509172,24.70201,25.327,0.0
2022-01-18 12:05:36.007344,24.95945,25.5845,0.0
2022-01-18 12:05:36.504313,25.26888,25.12025,0.0
2022-01-18 12:05:37.001620,25.83698,25.379,0.0
2022-01-18 12:05:37.509705,25.32086,25.6365,0.0
2022-01-18 12:05:38.008342,24.90871,25.22425,0.0
2022-01-18 12:05:38.506547,24.59928,24.91475,0.0
2022-01-18 12:05:39.004803,23.92845,25.6885,0.0
2022-01-18 12:05:39.509038,25.01144,25.53375,0.0
2022-01-18 12:05:40.006417,26.30112,25.53375,0.0
2022-01-18 12:05:40.503364,25.26888,25.17225,0.0
2022-01-18 12:05:41.002383,25.11417,25.12025,0.0
2022-01-18 12:05:41.509869,24.80474,25.48175,0.0
2022-01-18 12:05:42.007458,24.70201,25.42975,0.0
2022-01-18 12:05:42.509908,25.21813,25.379,0.0
2022-01-18 12:05:43.008614,25.88773,25.379,0.0
2022-01-18 12:05:43.505178,25.93971,25.379,0.0
2022-01-18 12:05:44.003631,25.21813,25.17225,0.0
2022-01-18 12:05:44.508685,24.65003,25.42975,0.0
2022-01-18 12:05:45.008894,24.5473,25.53375,0.0
2022-01-18 12:05:45.503987,25.52756,25.48175,0.0
2022-01-18 12:05:46.002235,25.47557,25.379,0.0
2022-01-18 12:05:46.508579,25.73302,25.12025,0.0
2022-01-18 12:05:47.007264,25.11417,25.327,0.0
2022-01-18 12:05:47.501850,24.65003,25.48175,0.0
2022-01-18 12:05:48.011130,24.28986,25.22425,0.0
2022-01-18 12:05:48.506180,25.5783,25.327,0.0
2022-01-18 12:05:49.003712,25.5783,25.5845,0.0
2022-01-18 12:05:49.508624,25.47557,25.22425,0.0
2022-01-18 12:05:50.005680,25.11417,25.275,0.0
2022-01-18 12:05:50.511006,25.16615,25.53375,0.0
2022-01-18 12:05:51.008634,24.49532,25.275,0.0
2022-01-18 12:05:51.505089,25.42359,25.22425,0.0
2022-01-18 12:05:52.002169,25.16615,25.327,0.0
2022-01-18 12:05:52.508650,25.11417,25.53375,0.0
2022-01-18 12:05:53.007359,25.01144,25.17225,0.0
2022-01-18 12:05:53.503521,24.754,25.22425,0.0
2022-01-18 12:05:54.002445,25.01144,25.379,0.0
2022-01-18 12:05:54.503856,25.21813,25.327,0.0
2022-01-18 12:05:55.001955,25.47557,25.327,0.0
2022-01-18 12:05:55.501228,25.26888,25.327,0.0
2022-01-18 12:05:56.001975,24.80474,25.327,0.0
2022-01-18 12:05:56.506787,25.11417,25.42975,0.0
2022-01-18 12:05:57.008961,25.37285,25.42975,0.0
2022-01-18 12:05:57.506328,25.16615,25.42975,0.0
2022-01-18 12:05:58.002451,25.785,25.379,0.0
2022-01-18 12:05:58.504534,25.32086,25.379,0.0
2022-01-18 12:05:59.009987,24.59928,25.327,0.0
2022-01-18 12:05:59.507378,25.06342,25.17225,0.0
2022-01-18 12:06:00.001900,25.21813,25.22425,0.0
2022-01-18 12:06:01.009724,25.73302,25.42975,0.0
2022-01-18 12:06:01.506417,25.16615,24.91475,0.0
2022-01-18 12:06:02.006182,24.65003,25.0695,0.0
2022-01-18 12:06:02.511098,25.01144,25.6365,0.0
2022-01-18 12:06:03.009542,25.37285,25.42975,0.0
2022-01-18 12:06:03.506720,25.11417,25.42975,0.0
2022-01-18 12:06:04.005187,25.52756,25.42975,0.0
2022-01-18 12:06:04.501699,25.37285,25.379,0.0
2022-01-18 12:06:05.002312,24.65003,25.12025,0.0
2022-01-18 12:06:05.508356,24.59928,25.42975,0.0
2022-01-18 12:06:06.008596,25.68227,25.73925,0.0
2022-01-18 12:06:06.506721,25.73302,25.379,0.0
2022-01-18 12:06:07.004058,25.88773,25.12025,0.0
2022-01-18 12:06:07.509584,25.16615,25.12025,0.0
2022-01-18 12:06:08.007798,24.70201,25.327,0.0
2022-01-18 12:06:08.505667,24.23787,25.42975,0.0
2022-01-18 12:06:09.004690,24.70201,25.42975,0.0
2022-01-18 12:06:09.509499,25.26888,25.327,0.0
2022-01-18 12:06:10.005999,25.47557,25.17225,0.0
2022-01-18 12:06:10.503329,24.95945,25.275,0.0
2022-01-18 12:06:11.002010,24.49532,25.42975,0.0
2022-01-18 12:06:11.506789,24.28986,25.5845,0.0
2022-01-18 12:06:12.004118,25.26888,25.48175,0.0
2022-01-18 12:06:12.510733,25.93971,25.275,0.0
2022-01-18 12:06:13.008539,25.47557,24.91475,0.0
2022-01-18 12:06:13.505919,24.95945,25.22425,0.0
2022-01-18 12:06:14.005800,24.44457,25.73925,0.0
2022-01-18 12:06:14.501200,24.3406,25.42975,0.0
2022-01-18 12:06:15.008905,25.73302,25.42975,0.0
2022-01-18 12:06:15.504541,25.83698,25.12025,0.0
2022-01-18 12:06:16.004055,25.68227,25.327,0.0
2022-01-18 12:06:16.508513,25.42359,25.22425,0.0
2022-01-18 12:06:17.005576,24.80474,25.379,0.0
2022-01-18 12:06:17.502906,24.754,25.379,0.0
2022-01-18 12:06:18.010447,25.26888,25.327,0.0
2022-01-18 12:06:18.507212,25.73302,25.12025,0.0
2022-01-18 12:06:19.005917,25.42359,25.327,0.0
2022-01-18 12:06:19.504231,24.85672,25.5845,0.0
2022-01-18 12:06:20.004057,24.70201,25.275,0.0
2022-01-18 12:06:20.509687,24.18589,25.0175,0.0
2022-01-18 12:06:21.008131,25.01144,25.53375,0.0
2022-01-18 12:06:21.504287,25.47557,25.73925,0.0
2022-01-18 12:06:22.001563,25.63029,25.327,0.0
2022-01-18 12:06:22.508079,25.37285,24.86275,0.0
2022-01-18 12:06:23.006207,25.68227,25.84325,0.0
2022-01-18 12:06:23.502263,24.95945,25.6885,0.0
2022-01-18 12:06:24.006241,25.11417,25.327,0.0
2022-01-18 12:06:24.508307,25.01144,24.86275,0.0
2022-01-18 12:06:25.006824,24.85672,25.327,0.0
2022-01-18 12:06:25.506810,24.90871,25.48175,0.0
2022-01-18 12:06:26.005215,25.11417,25.17225,0.0
2022-01-18 12:06:26.502981,25.32086,25.17225,0.0
2022-01-18 12:06:27.001151,25.5783,25.6885,0.0
2022-01-18 12:06:27.510109,25.73302,25.12025,0.0
2022-01-18 12:06:28.008530,25.01144,24.81075,0.0
2022-01-18 12:06:28.505244,24.95945,25.53375,0.0
2022-01-18 12:06:29.002693,25.11417,25.6885,0.0
2022-01-18 12:06:29.508294,25.47557,25.48175,0.0
2022-01-18 12:06:30.008595,25.5783,25.12025,0.0
2022-01-18 12:06:30.505843,25.37285,25.42975,0.0
2022-01-18 12:06:31.003685,24.80474,25.275,0.0
2022-01-18 12:06:31.509429,24.85672,25.0175,0.0
2022-01-18 12:06:32.007308,24.39259,25.6365,0.0
2022-01-18 12:06:32.503579,24.85672,25.6885,0.0
2022-01-18 12:06:33.001026,25.06342,25.17225,0.0
2022-01-18 12:06:33.509946,25.42359,24.86275,0.0
2022-01-18 12:06:34.009938,25.37285,25.0175,0.0
2022-01-18 12:06:34.505704,25.01144,25.73925,0.0
2022-01-18 12:06:35.006904,25.11417,25.275,0.0
2022-01-18 12:06:35.504441,24.85672,25.22425,0.0
2022-01-18 12:06:36.001931,25.52756,25.379,0.0
2022-01-18 12:06:36.509611,25.21813,25.53375,0.0
2022-01-18 12:06:37.007256,25.16615,25.22425,0.0
2022-01-18 12:06:37.503013,24.65003,25.327,0.0
2022-01-18 12:06:38.505401,25.63029,25.379,0.0
2022-01-18 12:06:39.003848,25.68227,25.379,0.0
2022-01-18 12:06:39.511138,25.37285,25.17225,0.0
2022-01-18 12:06:40.007771,25.21813,25.379,0.0
2022-01-18 12:06:40.502573,24.49532,25.42975,0.0
2022-01-18 12:06:41.002021,25.21813,25.0695,0.0
2022-01-18 12:06:41.506831,25.52756,25.12025,0.0
2022-01-18 12:06:42.004683,25.9917,25.42975,0.0
2022-01-18 12:06:42.511016,25.5783,25.327,0.0
2022-01-18 12:06:43.009127,25.16615,24.9655,0.0
2022-01-18 12:06:43.506464,24.59928,25.5845,0.0
2022-01-18 12:06:44.005631,24.49532,25.6365,0.0
2022-01-18 12:06:44.509555,25.73302,25.327,0.0
2022-01-18 12:06:45.009062,25.32086,25.17225,0.0
2022-01-18 12:06:45.505648,25.42359,25.48175,0.0
2022-01-18 12:06:46.003265,24.59928,25.22425,0.0
2022-01-18 12:06:46.510098,24.5473,24.9655,0.0
2022-01-18 12:06:47.001804,24.80474,25.327,0.0
2022-01-18 12:06:47.508355,25.785,25.379,0.0
2022-01-18 12:06:48.005751,25.5783,25.12025,0.0
2022-01-18 12:06:48.510996,25.47557,25.327,0.0
2022-01-18 12:06:49.008526,24.85672,25.12025,0.0
2022-01-18 12:06:49.506433,24.90871,25.12025,0.0
2022-01-18 12:06:50.004256,24.65003,25.379,0.0
2022-01-18 12:06:50.509047,25.68227,25.48175,0.0
2022-01-18 12:06:51.006905,25.785,25.327,0.0
2022-01-18 12:06:51.506661,25.21813,25.379,0.0
2022-01-18 12:06:52.004961,24.754,25.6365,0.0
2022-01-18 12:06:52.511120,24.44457,25.275,0.0
2022-01-18 12:06:53.009815,24.28986,25.327,0.0
2022-01-18 12:06:53.507128,25.01144,25.42975,0.0
2022-01-18 12:06:54.005042,26.14641,25.22425,0.0
2022-01-18 12:06:54.508227,25.32086,24.9655,0.0
2022-01-18 12:06:55.006440,25.21813,25.275,0.0
2022-01-18 12:06:55.502713,24.85672,25.53375,0.0
2022-01-18 12:06:56.001202,24.49532,25.48175,0.0
2022-01-18 12:06:56.504379,25.785,25.0175,0.0
2022-01-18 12:06:57.002685,25.47557,25.0695,0.0
2022-01-18 12:06:57.508228,25.37285,25.12025,0.0
2022-01-18 12:06:58.006045,24.85672,25.379,0.0
2022-01-18 12:06:58.511001,25.26888,25.6365,0.0
2022-01-18 12:06:59.010072,25.42359,25.53375,0.0
2022-01-18 12:06:59.507295,25.52756,25.379,0.0
2022-01-18 12:07:00.004695,25.73302,25.17225,0.0
2022-01-18 12:07:00.509764,25.37285,25.22425,0.0
2022-01-18 12:07:01.008837,24.5473,25.379,0.0
2022-01-18 12:07:01.505706,24.5473,25.327,0.0
2022-01-18 12:07:02.004447,24.28986,25.379,0.0
2022-01-18 12:07:02.508586,24.95945,25.12025,0.0
2022-01-18 12:07:03.005891,25.42359,25.0695,0.0
2022-01-18 12:07:03.510990,25.01144,25.48175,0.0
2022-01-18 12:07:04.009531,25.06342,25.48175,0.0
2022-01-18 12:07:04.507744,25.16615,25.22425,0.0
2022-01-18 12:07:05.006390,25.5783,25.12025,0.0
2022-01-18 12:07:05.502363,25.16615,25.42975,0.0
2022-01-18 12:07:06.002203,25.32086,25.53375,0.0
2022-01-18 12:07:06.507463,24.65003,25.48175,0.0
2022-01-18 12:07:07.005154,24.08316,25.6885,0.0
2022-01-18 12:07:07.509548,25.26888,25.42975,0.0
2022-01-18 12:07:08.008852,25.37285,25.22425,0.0
2022-01-18 12:07:08.506723,25.68227,24.91475,0.0
2022-01-18 12:07:09.007010,25.42359,25.275,0.0
2022-01-18 12:07:09.501233,24.90871,25.48175,0.0
2022-01-18 12:07:10.009339,24.44457,25.22425,0.0
2022-01-18 12:07:10.504548,24.39259,25.17225,0.0
2022-01-18 12:07:11.002428,25.32086,25.17225,0.0
2022-01-18 12:07:11.507076,25.63029,25.42975,0.0
2022-01-18 12:07:12.003774,25.52756,25.379,0.0
2022-01-18 12:07:12.509230,25.16615,25.22425,0.0
2022-01-18 12:07:13.008188,24.85672,25.6885,0.0
2022-01-18 12:07:13.506898,24.13515,25.22425,0.0
2022-01-18 12:07:14.004692,25.16615,25.42975,0.0
2022-01-18 12:07:14.509750,25.68227,25.379,0.0
2022-01-18 12:07:15.007882,25.68227,25.42975,0.0
2022-01-18 12:07:15.502431,25.11417,25.0175,0.0
2022-01-18 12:07:16.010838,25.32086,25.275,0.0
2022-01-18 12:07:16.505199,24.90871,25.42975,0.0
2022-01-18 12:07:17.003633,25.52756,25.22425,0.0
2022-01-18 12:07:17.509524,25.32086,25.12025,0.0
2022-01-18 12:07:18.006902,25.01144,25.327,0.0
2022-01-18 12:07:18.503240,24.3406,25.22425,0.0
2022-01-18 12:07:19.001847,24.3406,25.275,0.0
2022-01-18 12:07:19.507774,25.21813,25.5845,0.0
2022-01-18 12:07:20.005768,25.52756,25.53375,0.0
2022-01-18 12:07:20.510753,25.93971,25.22425,0.0
2022-01-18 12:07:21.008801,25.785,25.17225,0.0
2022-01-18 12:07:21.504370,24.90871,25.379,0.0
2022-01-18 12:07:22.004418,24.80474,25.5845,0.0
2022-01-18 12:07:22.501118,24.70201,25.6885,0.0
2022-01-18 12:07:23.009062,26.04244,25.12025,0.0
2022-01-18 12:07:23.506660,25.88773,24.86275,0.0
2022-01-18 12:07:24.003601,25.37285,25.0175,0.0
2022-01-18 12:07:24.507293,25.16615,25.5845,0.0
2022-01-18 12:07:25.005137,24.23787,25.327,0.0
2022-01-18 12:07:25.503891,24.39259,25.48175,0.0
2022-01-18 12:07:26.004678,25.42359,25.22425,0.0
2022-01-18 12:07:26.502285,25.785,25.275,0.0
2022-01-18 12:07:27.010032,25.21813,25.0695,0.0
2022-01-18 12:07:27.506124,24.754,25.6885,0.0
2022-01-18 12:07:28.003474,24.44457,25.79125,0.0
2022-01-18 12:07:28.509116,24.28986,25.275,0.0
2022-01-18 12:07:29.008197,25.37285,24.86275,0.0
2022-01-18 12:07:29.505308,25.9917,25.22425,0.0
2022-01-18 12:07:30.003289,25.42359,25.53375,0.0
2022-01-18 12:07:30.508214,24.80474,25.0695,0.0
2022-01-18 12:07:31.006902,24.70201,25.5845,0.0
2022-01-18 12:07:31.505641,24.65003,25.22425,0.0
2022-01-18 12:07:32.003573,25.5783,25.12025,0.0
2022-01-18 12:07:32.508955,25.47557,25.17225,0.0
2022-01-18 12:07:33.005965,25.11417,25.73925,0.0
2022-01-18 12:07:33.511008,24.59928,25.12025,0.0
2022-01-18 12:07:34.008131,24.85672,25.379,0.0
2022-01-18 12:07:34.503721,24.80474,25.0695,0.0
2022-01-18 12:07:35.002342,25.11417,25.327,0.0
2022-01-18 12:07:35.501244,25.52756,25.6365,0.0
2022-01-18 12:07:36.008163,25.06342,25.17225,0.0
2022-01-18 12:07:36.505211,25.06342,25.22425,0.0
2022-01-18 12:07:37.003401,24.90871,25.6365,0.0
2022-01-18 12:07:37.501214,25.37285,25.42975,0.0
2022-01-18 12:07:38.009271,25.32086,24.9655,0.0
2022-01-18 12:07:38.505166,25.32086,25.327,0.0
2022-01-18 12:07:39.000990,25.21813,25.48175,0.0
2022-01-18 12:07:39.505652,24.80474,25.17225,0.0
2022-01-18 12:07:40.006667,24.754,25.17225,0.0
2022-01-18 12:07:40.501686,26.04244,25.53375,0.0
2022-01-18 12:07:41.010416,26.09442,25.275,0.0
2022-01-18 12:07:41.506098,25.5783,25.0175,0.0
2022-01-18 12:07:42.003431,24.754,25.379,0.0
2022-01-18 12:07:42.507867,24.90871,25.379,0.0
2022-01-18 12:07:43.006327,24.5473,25.275,0.0
2022-01-18 12:07:43.504977,25.26888,25.53375,0.0
2022-01-18 12:07:44.002194,25.06342,25.42975,0.0
2022-01-18 12:07:44.509768,24.95945,25.0175,0.0
2022-01-18 12:07:45.007100,24.80474,25.42975,0.0
2022-01-18 12:07:45.504084,25.01144,25.48175,0.0
2022-01-18 12:07:46.001585,25.01144,25.327,0.0
2022-01-18 12:07:46.507273,25.21813,25.0695,0.0
2022-01-18 12:07:47.005435,25.5783,25.327,0.0
2022-01-18 12:07:47.502116,25.06342,25.327,0.0
2022-01-18 12:07:48.010701,25.11417,25.12025,0.0
2022-01-18 12:07:48.506316,24.70201,25.6365,0.0
2022-01-18 12:07:49.006117,25.5783,25.327,0.0
2022-01-18 12:07:49.501362,25.83698,25.0695,0.0
2022-01-18 12:07:50.005520,25.785,25.0175,0.0
2022-01-18 12:07:50.510449,24.90871,25.84325,0.0
2022-01-18 12:07:51.002414,24.90871,25.48175,0.0
2022-01-18 12:07:51.508741,24.44457,25.53375,0.0
2022-01-18 12:07:52.005774,25.63029,25.275,0.0
2022-01-18 12:07:52.502052,25.26888,25.22425,0.0
2022-01-18 12:07:53.504657,25.37285,25.42975,0.0
2022-01-18 12:07:54.003649,25.01144,25.42975,0.0
2022-01-18 12:07:54.508633,24.754,25.327,0.0
2022-01-18 12:07:55.005659,24.44457,25.275,0.0
2022-01-18 12:07:55.502524,25.16615,25.0175,0.0
2022-01-18 12:07:56.002009,25.73302,25.17225,0.0
2022-01-18 12:07:56.507007,25.16615,25.275,0.0
2022-01-18 12:07:57.005840,24.80474,25.48175,0.0
2022-01-18 12:07:57.501277,25.16615,25.42975,0.0
2022-01-18 12:07:58.010380,25.42359,25.17225,0.0
2022-01-18 12:07:58.507837,25.785,25.327,0.0
2022-01-18 12:07:59.005785,25.21813,25.5845,0.0
2022-01-18 12:07:59.510680,24.95945,25.327,0.0
2022-01-18 12:08:00.008110,24.03118,25.379,0.0
2022-01-18 12:08:00.501349,24.59928,25.6885,0.0
2022-01-18 12:08:01.010871,24.90871,25.275,0.0
2022-01-18 12:08:01.507610,25.5783,24.9655,0.0
2022-01-18 12:08:02.005181,25.73302,25.327,0.0
2022-01-18 12:08:02.503038,25.21813,25.48175,0.0
2022-01-18 12:08:03.001474,24.59928,24.91475,0.0
2022-01-18 12:08:03.506772,24.13515,25.17225,0.0
2022-01-18 12:08:04.006023,24.95945,25.275,0.0
2022-01-18 12:08:04.501248,25.83698,25.5845,0.0
2022-01-18 12:08:05.001986,25.52756,25.275,0.0
2022-01-18 12:08:05.505737,25.11417,25.275,0.0
2022-01-18 12:08:06.003141,24.59928,25.5845,0.0
2022-01-18 12:08:06.509346,24.5473,25.48175,0.0
2022-01-18 12:08:07.008261,25.93971,25.17225,0.0
2022-01-18 12:08:07.504050,25.42359,25.275,0.0
2022-01-18 12:08:08.002333,25.32086,25.6885,0.0
2022-01-18 12:08:08.506968,24.90871,25.12025,0.0
2022-01-18 12:08:09.006034,24.70201,25.379,0.0
2022-01-18 12:08:09.501597,24.08316,25.22425,0.0
2022-01-18 12:08:10.010056,25.11417,25.0175,0.0
2022-01-18 12:08:10.507108,25.73302,24.656,0.0
2022-01-18 12:08:11.005910,25.47557,25.12025,0.0
2022-01-18 12:08:11.504656,25.06342,25.17225,0.0
2022-01-18 12:08:12.003284,24.70201,25.379,0.0
2022-01-18 12:08:12.508767,24.18589,25.5845,0.0
2022-01-18 12:08:13.006175,25.63029,25.275,0.0
2022-01-18 12:08:13.502134,25.5783,25.275,0.0
2022-01-18 12:08:14.002164,25.5783,25.53375,0.0
2022-01-18 12:08:14.506530,24.95945,25.22425,0.0
2022-01-18 12:08:15.004591,24.70201,25.48175,0.0
2022-01-18 12:08:15.504005,24.18589,25.6885,0.0
2022-01-18 12:08:16.001528,25.68227,25.327,0.0
2022-01-18 12:08:16.508378,26.09442,24.76,0.0
2022-01-18 12:08:17.006188,25.21813,25.379,0.0
2022-01-18 12:08:17.503443,25.37285,25.5845,0.0
2022-01-18 12:08:18.011197,24.80474,25.275,0.0
2022-01-18 12:08:18.507459,24.44457,25.17225,0.0
2022-01-18 12:08:19.005016,25.63029,24.81075,0.0
2022-01-18 12:08:19.501096,25.32086,25.42975,0.0
2022-01-18 12:08:20.002238,25.37285,25.53375,0.0
2022-01-18 12:08:20.510045,24.95945,25.379,0.0
2022-01-18 12:08:21.007468,25.21813,25.79125,0.0
2022-01-18 12:08:21.501744,24.80474,25.53375,0.0
2022-01-18 12:08:22.010757,25.68227,24.9655,0.0
2022-01-18 12:08:22.507756,25.32086,25.0695,0.0
2022-01-18 12:08:23.005535,25.16615,25.998,0.0
2022-01-18 12:08:23.511077,24.65003,25.379,0.0
2022-01-18 12:08:24.010441,24.85672,25.22425,0.0
2022-01-18 12:08:24.509560,24.95945,24.708,0.0
2022-01-18 12:08:25.006556,25.32086,25.0175,0.0
2022-01-18 12:08:25.502553,25.83698,25.5845,0.0
2022-01-18 12:08:26.001221,25.16615,25.275,0.0
2022-01-18 12:08:26.507581,24.754,25.12025,0.0
2022-01-18 12:08:27.006297,25.47557,25.48175,0.0
2022-01-18 12:08:28.005537,25.47557,25.327,0.0
2022-01-18 12:08:28.503636,25.42359,25.946,0.0
2022-01-18 12:08:29.006016,25.06342,25.5845,0.0
2022-01-18 12:08:29.509931,24.754,25.17225,0.0
2022-01-18 12:08:30.003673,25.06342,25.17225,0.0
2022-01-18 12:08:30.503478,25.42359,25.0175,0.0
2022-01-18 12:08:31.004364,25.5783,25.379,0.0
2022-01-18 12:08:31.506516,25.26888,25.22425,0.0
2022-01-18 12:08:32.005139,25.21813,25.0695,0.0
2022-01-18 12:08:32.501394,24.39259,25.22425,0.0
2022-01-18 12:08:33.002169,25.01144,25.275,0.0
2022-01-18 12:08:33.501144,25.5783,25.0695,0.0
2022-01-18 12:08:34.004466,25.52756,25.22425,0.0
2022-01-18 12:08:34.506010,25.47557,25.53375,0.0
2022-01-18 12:08:35.005942,25.21813,25.275,0.0
2022-01-18 12:08:35.505891,24.49532,25.379,0.0
2022-01-18 12:08:36.001603,24.23787,25.6885,0.0
2022-01-18 12:08:36.504560,25.11417,25.379,0.0
2022-01-18 12:08:37.004046,24.754,25.0695,0.0
2022-01-18 12:08:37.501192,25.42359,25.22425,0.0
2022-01-18 12:08:38.010087,24.95945,25.379,0.0
2022-01-18 12:08:38.507008,25.06342,25.6365,0.0
2022-01-18 12:08:39.005647,25.11417,25.379,0.0
2022-01-18 12:08:39.502840,25.01144,24.91475,0.0
2022-01-18 12:08:40.010136,25.5783,25.275,0.0
2022-01-18 12:08:40.506933,25.37285,25.327,0.0
2022-01-18 12:08:41.007441,25.42359,25.17225,0.0
2022-01-18 12:08:41.504719,25.06342,25.79125,0.0
2022-01-18 12:08:42.002927,25.06342,25.6885,0.0
2022-01-18 12:08:42.509237,25.06342,25.12025,0.0
2022-01-18 12:08:43.008683,25.63029,25.22425,0.0
2022-01-18 12:08:43.507169,25.63029,25.6365,0.0
2022-01-18 12:08:44.005719,24.90871,25.275,0.0
2022-01-18 12:08:44.510742,24.754,25.275,0.0
2022-01-18 12:08:45.009914,24.08316,25.22425,0.0
2022-01-18 12:08:45.506320,25.83698,25.17225,0.0
2022-01-18 12:08:46.004360,25.88773,25.327,0.0
2022-01-18 12:08:46.509643,25.52756,25.327,0.0
2022-01-18 12:08:47.008029,25.11417,25.379,0.0
2022-01-18 12:08:47.504348,24.49532,25.327,0.0
2022-01-18 12:08:48.003878,23.92845,25.17225,0.0
2022-01-18 12:08:48.509404,25.16615,25.0695,0.0
2022-01-18 12:08:49.008156,25.63029,25.6885,0.0
2022-01-18 12:08:49.504462,25.21813,25.379,0.0
2022-01-18 12:08:50.003509,25.42359,25.327,0.0
2022-01-18 12:08:50.508236,24.85672,25.48175,0.0
2022-01-18 12:08:51.005626,24.28986,25.275,0.0
2022-01-18 12:08:51.501717,25.5783,25.12025,0.0
2022-01-18 12:08:52.010970,25.47557,25.5845,0.0
2022-01-18 12:08:52.509318,25.32086,25.22425,0.0
2022-01-18 12:08:53.009338,24.80474,25.379,0.0
2022-01-18 12:08:53.505696,24.3406,25.48175,0.0
2022-01-18 12:08:54.003176,24.28986,25.327,0.0
2022-01-18 12:08:54.509131,25.52756,25.22425,0.0
2022-01-18 12:08:55.006796,25.37285,25.42975,0.0
2022-01-18 12:08:55.503437,25.26888,25.22425,0.0
2022-01-18 12:08:56.001458,24.65003,25.22425,0.0
2022-01-18 12:08:56.507586,25.47557,25.42975,0.0
2022-01-18 12:08:57.006914,25.785,25.379,0.0
2022-01-18 12:08:57.503145,25.63029,25.379,0.0
2022-01-18 12:08:58.001622,25.52756,25.22425,0.0
2022-01-18 12:08:58.508253,24.90871,25.22425,0.0
2022-01-18 12:08:59.006547,24.49532,25.48175,0.0
2022-01-18 12:08:59.503026,25.32086,25.42975,0.0
2022-01-18 12:09:00.009947,25.68227,25.17225,0.0
2022-01-18 12:09:00.505705,25.37285,25.12025,0.0
2022-01-18 12:09:01.005683,25.47557,25.5845,0.0
2022-01-18 12:09:01.501606,24.90871,25.327,0.0
2022-01-18 12:09:02.009572,24.80474,25.42975,0.0
2022-01-18 12:09:02.507098,24.59928,25.48175,0.0
2022-01-18 12:09:03.005353,25.01144,25.22425,0.0
2022-01-18 12:09:03.509976,25.32086,25.0175,0.0
2022-01-18 12:09:04.008739,25.21813,25.53375,0.0
2022-01-18 12:09:04.504956,25.06342,25.379,0.0
2022-01-18 12:09:05.003000,24.85672,25.275,0.0
2022-01-18 12:09:05.510668,24.70201,25.53375,0.0
2022-01-18 12:09:06.007740,25.83698,25.17225,0.0
2022-01-18 12:09:06.504087,25.68227,24.86275,0.0
2022-01-18 12:09:07.001411,25.47557,25.53375,0.0
2022-01-18 12:09:07.506435,25.21813,25.6365,0.0
2022-01-18 12:09:08.006180,24.59928,25.12025,0.0
2022-01-18 12:09:08.501804,24.39259,25.275,0.0
2022-01-18 12:09:09.009759,25.11417,25.6885,0.0
2022-01-18 12:09:09.505411,24.95945,25.42975,0.0
2022-01-18 12:09:10.003313,25.01144,25.22425,0.0
2022-01-18 12:09:10.507983,24.80474,25.42975,0.0
2022-01-18 12:09:11.004655,24.754,25.5845,0.0
2022-01-18 12:09:11.508663,25.37285,25.17225,0.0
2022-01-18 12:09:12.004890,25.63029,24.86275,0.0
2022-01-18 12:09:12.510465,25.73302,25.79125,0.0
2022-01-18 12:09:13.008982,25.21813,25.48175,0.0
2022-01-18 12:09:13.504122,25.01144,25.17225,0.0
2022-01-18 12:09:14.001946,24.95945,25.12025,0.0
2022-01-18 12:09:14.508848,25.32086,25.327,0.0
2022-01-18 12:09:15.006025,25.52756,25.22425,0.0
2022-01-18 12:09:15.502421,25.83698,25.5845,0.0
2022-01-18 12:09:16.001628,25.47557,25.22425,0.0
2022-01-18 12:09:16.507379,24.754,25.48175,0.0
2022-01-18 12:09:17.005297,24.5473,25.275,0.0
2022-01-18 12:09:17.510799,24.39259,25.0175,0.0
2022-01-18 12:09:18.009163,25.21813,25.17225,0.0
2022-01-18 12:09:18.505484,24.85672,25.6365,0.0
2022-01-18 12:09:19.003871,24.90871,25.12025,0.0
2022-01-18 12:09:19.505694,25.32086,25.22425,0.0
2022-01-18 12:09:20.004127,25.63029,25.53375,0.0
2022-01-18 12:09:20.509317,25.52756,25.327,0.0
2022-01-18 12:09:21.007887,25.21813,25.275,0.0
2022-01-18 12:09:21.505655,25.42359,25.17225,0.0
2022-01-18 12:09:22.003547,24.754,25.6365,0.0
2022-01-18 12:09:22.509195,24.49532,25.327,0.0
2022-01-18 12:09:23.008022,24.85672,25.17225,0.0
2022-01-18 12:09:23.504739,25.11417,25.0695,0.0
2022-01-18 12:09:24.002073,25.52756,25.5845,0.0
2022-01-18 12:09:24.506557,25.52756,25.275,0.0
2022-01-18 12:09:25.006061,24.59928,24.9655,0.0
2022-01-18 12:09:25.501972,24.70201,25.12025,0.0
2022-01-18 12:09:26.010767,24.5473,25.5845,0.0
2022-01-18 12:09:26.507907,25.21813,25.379,0.0
2022-01-18 12:09:27.006024,25.42359,25.0175,0.0
2022-01-18 12:09:27.503518,25.785,25.379,0.0
2022-01-18 12:09:28.001164,24.95945,25.42975,0.0
2022-01-18 12:09:28.506891,24.49532,25.48175,0.0
2022-01-18 12:09:29.005126,24.3406,25.327,0.0
2022-01-18 12:09:29.511189,24.95945,25.48175,0.0
2022-01-18 12:09:30.009735,25.37285,25.275,0.0
2022-01-18 12:09:30.507385,25.68227,25.0695,0.0
2022-01-18 12:09:31.005736,25.73302,25.42975,0.0
2022-01-18 12:09:31.501015,24.90871,25.6885,0.0
2022-01-18 12:09:32.001084,24.3406,25.379,0.0
2022-01-18 12:09:32.503479,25.11417,24.86275,0.0
2022-01-18 12:09:33.002411,25.47557,24.9655,0.0
2022-01-18 12:09:33.508946,25.52756,25.79125,0.0
2022-01-18 12:09:34.005519,25.11417,25.275,0.0
2022-01-18 12:09:34.501870,24.80474,25.0175,0.0
2022-01-18 12:09:35.008943,24.59928,25.48175,0.0
2022-01-18 12:09:35.504566,24.59928,25.42975,0.0
2022-01-18 12:09:36.002365,25.88773,25.12025,0.0
2022-01-18 12:09:36.509235,25.5783,25.6885,0.0
2022-01-18 12:09:37.006854,24.90871,25.6885,0.0
2022-01-18 12:09:37.504732,24.70201,25.42975,0.0
2022-01-18 12:09:38.002905,24.3406,25.0175,0.0
2022-01-18 12:09:38.507363,25.11417,25.12025,0.0
2022-01-18 12:09:39.005804,25.88773,25.275,0.0
2022-01-18 12:09:39.510460,25.5783,25.42975,0.0
2022-01-18 12:09:40.008990,25.06342,25.42975,0.0
2022-01-18 12:09:40.506664,24.85672,25.17225,0.0
2022-01-18 12:09:41.005865,24.23787,25.12025,0.0
2022-01-18 12:09:41.502719,25.37285,25.22425,0.0
2022-01-18 12:09:42.001773,25.83698,25.48175,0.0
2022-01-18 12:09:42.507026,25.32086,25.53375,0.0
2022-01-18 12:09:43.005164,24.85672,25.42975,0.0
2022-01-18 12:09:43.510167,25.01144,25.17225,0.0
2022-01-18 12:09:44.008172,24.44457,25.12025,0.0
2022-01-18 12:09:44.504492,25.37285,25.275,0.0
2022-01-18 12:09:45.002643,25.21813,25.6885,0.0
2022-01-18 12:09:45.502129,24.95945,25.379,0.0
2022-01-18 12:09:46.010415,24.65003,25.17225,0.0
2022-01-18 12:09:46.507180,24.70201,25.0695,0.0
2022-01-18 12:09:47.005284,25.5783,25.48175,0.0
2022-01-18 12:09:47.510901,25.63029,25.17225,0.0
2022-01-18 12:09:48.010223,25.88773,25.0695,0.0
2022-01-18 12:09:48.506330,25.16615,25.5845,0.0
2022-01-18 12:09:49.004115,24.80474,25.379,0.0
2022-01-18 12:09:49.502524,24.39259,25.42975,0.0
2022-01-18 12:09:50.002126,25.32086,25.22425,0.0
2022-01-18 12:09:50.508611,25.37285,25.275,0.0
2022-01-18 12:09:51.005360,25.16615,25.379,0.0
2022-01-18 12:09:51.510247,24.80474,25.327,0.0
2022-01-18 12:09:52.008432,24.65003,25.48175,0.0
2022-01-18 12:09:52.506200,25.47557,25.48175,0.0
2022-01-18 12:09:53.004076,25.68227,25.22425,0.0
2022-01-18 12:09:53.508877,25.5783,24.9655,0.0
2022-01-18 12:09:54.006799,25.37285,25.48175,0.0
2022-01-18 12:09:54.502963,25.26888,25.22425,0.0
2022-01-18 12:09:55.001800,24.23787,25.327,0.0
2022-01-18 12:09:55.506736,25.16615,25.379,0.0
2022-01-18 12:09:56.005265,25.06342,25.275,0.0
2022-01-18 12:09:56.510410,25.63029,25.327,0.0
2022-01-18 12:09:57.008467,25.83698,25.379,0.0
2022-01-18 12:09:57.505029,24.90871,25.6365,0.0
2022-01-18 12:09:58.002384,24.85672,25.48175,0.0
2022-01-18 12:09:58.508312,24.754,25.0695,0.0
2022-01-18 12:09:59.006932,25.37285,25.42975,0.0
2022-01-18 12:09:59.503418,25.32086,25.12025,0.0
2022-01-18 12:10:00.002136,25.21813,25.22425,0.0
2022-01-18 12:10:00.507451,24.65003,25.6885,0.0
2022-01-18 12:10:01.005412,24.18589,25.48175,0.0
2022-01-18 12:10:01.508427,24.08316,24.81075,0.0
2022-01-18 12:10:02.002242,25.16615,24.9655,0.0
2022-01-18 12:10:02.507048,26.04244,25.79125,0.0
2022-01-18 12:10:03.002781,25.785,25.379,0.0
2022-01-18 12:10:03.510505,25.63029,25.5845,0.0
2022-01-18 12:10:04.008359,24.23787,25.327,0.0
2022-01-18 12:10:04.504295,23.92845,25.327,0.0
2022-01-18 12:10:05.003580,24.90871,25.0175,0.0
2022-01-18 12:10:05.507589,26.50658,25.6885,0.0
2022-01-18 12:10:06.005062,25.68227,25.53375,0.0
2022-01-18 12:10:06.509709,25.16615,25.22425,0.0
2022-01-18 12:10:07.005512,24.70201,25.0695,0.0
2022-01-18 12:10:07.504467,24.39259,25.17225,0.0
2022-01-18 12:10:08.009562,25.68227,25.42975,0.0
2022-01-18 12:10:08.502186,25.93971,25.17225,0.0
2022-01-18 12:10:09.004201,25.68227,25.22425,0.0
2022-01-18 12:10:09.503364,25.16615,25.327,0.0
2022-01-18 12:10:10.010023,24.65003,25.48175,0.0
2022-01-18 12:10:10.505307,25.21813,25.48175,0.0
2022-01-18 12:10:11.010785,25.47557,25.327,0.0
2022-01-18 12:10:11.508615,25.26888,25.6365,0.0
2022-01-18 12:10:12.009858,25.26888,25.327,0.0
2022-01-18 12:10:12.505618,25.11417,25.22425,0.0
2022-01-18 12:10:13.003298,24.59928,25.0175,0.0
2022-01-18 12:10:13.509138,24.95945,25.379,0.0
2022-01-18 12:10:14.009472,25.5783,25.379,0.0
2022-01-18 12:10:14.504589,25.52756,25.17225,0.0
2022-01-18 12:10:15.003910,25.32086,25.275,0.0
2022-01-18 12:10:15.507981,24.90871,25.53375,0.0
2022-01-18 12:10:16.006401,24.44457,25.327,0.0
2022-01-18 12:10:16.501678,24.39259,25.0695,0.0
2022-01-18 12:10:17.010616,25.26888,25.5845,0.0
2022-01-18 12:10:17.505817,25.73302,25.84325,0.0
2022-01-18 12:10:18.004086,25.26888,25.73925,0.0
2022-01-18 12:10:18.508342,24.65003,25.5845,0.0
2022-01-18 12:10:19.009511,24.49532,25.379,0.0
2022-01-18 12:10:19.503705,24.59928,25.53375,0.0
2022-01-18 12:10:20.010793,25.32086,25.0695,0.0
2022-01-18 12:10:20.502791,25.785,24.91475,0.0
2022-01-18 12:10:21.007880,25.16615,25.6885,0.0
2022-01-18 12:10:21.506333,24.80474,25.53375,0.0
2022-01-18 12:10:22.001176,24.44457,25.17225,0.0
2022-01-18 12:10:22.504927,25.21813,24.91475,0.0
2022-01-18 12:10:23.005135,25.63029,25.6885,0.0
2022-01-18 12:10:23.508060,25.52756,25.275,0.0
2022-01-18 12:10:24.001841,25.06342,25.42975,0.0
2022-01-18 12:10:24.503854,24.49532,25.379,0.0
2022-01-18 12:10:25.001669,24.39259,25.73925,0.0
2022-01-18 12:10:25.502776,25.52756,25.17225,0.0
2022-01-18 12:10:26.006677,25.16615,25.0175,0.0
2022-01-18 12:10:26.504726,25.63029,25.73925,0.0
2022-01-18 12:10:27.010886,24.95945,25.379,0.0
2022-01-18 12:10:27.504658,24.49532,25.275,0.0
2022-01-18 12:10:28.006962,24.18589,24.708,0.0
2022-01-18 12:10:28.508202,25.16615,25.42975,0.0
2022-01-18 12:10:29.003544,25.93971,25.379,0.0
2022-01-18 12:10:29.506301,25.9917,25.327,0.0
2022-01-18 12:10:30.005211,25.42359,25.327,0.0
2022-01-18 12:10:30.506352,24.44457,25.327,0.0
2022-01-18 12:10:31.002312,24.5473,25.275,0.0
2022-01-18 12:10:31.505110,24.95945,25.22425,0.0
2022-01-18 12:10:32.001520,25.37285,25.53375,0.0
2022-01-18 12:10:32.509037,25.32086,25.6885,0.0
2022-01-18 12:10:33.003378,24.95945,25.53375,0.0
2022-01-18 12:10:33.508694,24.85672,25.17225,0.0
2022-01-18 12:10:34.006741,25.52756,24.86275,0.0
2022-01-18 12:10:34.501691,25.73302,25.42975,0.0
2022-01-18 12:10:35.001135,25.73302,25.379,0.0
2022-01-18 12:10:35.508346,25.37285,25.22425,0.0
2022-01-18 12:10:36.005245,25.11417,25.275,0.0
2022-01-18 12:10:36.510546,24.59928,25.22425,0.0
2022-01-18 12:10:37.008540,24.5473,25.17225,0.0
2022-01-18 12:10:37.504210,25.68227,25.42975,0.0
2022-01-18 12:10:38.002851,25.88773,25.5845,0.0
2022-01-18 12:10:38.507467,25.37285,25.17225,0.0
2022-01-18 12:10:39.005120,25.06342,25.17225,0.0
2022-01-18 12:10:39.509808,24.95945,25.327,0.0
2022-01-18 12:10:40.008791,24.90871,25.6885,0.0
2022-01-18 12:10:40.504750,26.14641,25.53375,0.0
2022-01-18 12:10:41.002617,25.83698,25.17225,0.0
2022-01-18 12:10:41.507464,25.47557,25.327,0.0
2022-01-18 12:10:42.004348,25.06342,25.379,0.0
2022-01-18 12:10:42.510366,24.44457,25.0175,0.0
2022-01-18 12:10:43.008200,23.87647,25.275,0.0
2022-01-18 12:10:43.503901,25.37285,25.5845,0.0
2022-01-18 12:10:44.005660,25.63029,25.17225,0.0
2022-01-18 12:10:44.510398,25.21813,25.22425,0.0
2022-01-18 12:10:45.008815,24.90871,25.42975,0.0
2022-01-18 12:10:45.504514,24.80474,25.48175,0.0
2022-01-18 12:10:46.000640,24.95945,25.327,0.0
2022-01-18 12:10:46.505832,25.52756,25.12025,0.0
2022-01-18 12:10:47.010513,25.63029,25.42975,0.0
2022-01-18 12:10:47.504646,25.11417,25.53375,0.0
2022-01-18 12:10:48.009108,24.80474,25.42975,0.0
2022-01-18 12:10:48.509835,25.16615,25.379,0.0
2022-01-18 12:10:49.008527,25.01144,25.12025,0.0
2022-01-18 12:10:49.503253,25.73302,25.0175,0.0
2022-01-18 12:10:50.001819,25.68227,25.48175,0.0
2022-01-18 12:10:50.505319,25.32086,25.48175,0.0
2022-01-18 12:10:51.007021,24.85672,25.22425,0.0
2022-01-18 12:10:51.510332,24.90871,25.22425,0.0
2022-01-18 12:10:52.001870,25.26888,25.275,0.0
2022-01-18 12:10:52.507467,25.5783,25.327,0.0
2022-01-18 12:10:53.004642,25.63029,25.327,0.0
2022-01-18 12:10:53.501172,25.11417,25.53375,0.0
2022-01-18 12:10:54.009828,24.90871,25.379,0.0
2022-01-18 12:10:54.504350,24.70201,25.0695,0.0
2022-01-18 12:10:55.001441,24.28986,25.0175,0.0
2022-01-18 12:10:55.506776,25.47557,25.73925,0.0
2022-01-18 12:10:56.005323,26.19715,25.6885,0.0
2022-01-18 12:10:56.509718,25.37285,25.275,0.0
2022-01-18 12:10:57.005151,25.01144,25.12025,0.0
2022-01-18 12:10:57.505753,24.70201,25.22425,0.0
2022-01-18 12:10:58.008688,24.59928,25.379,0.0
2022-01-18 12:10:58.507739,25.68227,25.6365,0.0
2022-01-18 12:10:59.002191,25.73302,25.48175,0.0
2022-01-18 12:10:59.508946,25.01144,25.327,0.0
2022-01-18 12:11:00.009242,24.49532,25.0175,0.0
2022-01-18 12:11:00.501783,24.13515,25.12025,0.0
2022-01-18 12:11:01.005708,24.80474,25.379,0.0
2022-01-18 12:11:01.507683,26.24914,25.379,0.0
2022-01-18 12:11:02.003370,25.93971,25.42975,0.0
2022-01-18 12:11:02.510703,25.32086,25.275,0.0
2022-01-18 12:11:03.002347,24.90871,25.275,0.0
2022-01-18 12:11:03.506533,24.70201,25.327,0.0
2022-01-18 12:11:04.008866,25.73302,25.327,0.0
2022-01-18 12:11:04.506853,25.52756,25.12025,0.0
2022-01-18 12:11:05.006943,25.5783,25.53375,0.0
2022-01-18 12:11:05.509401,25.21813,25.275,0.0
2022-01-18 12:11:06.002072,24.3406,25.0175,0.0
2022-01-18 12:11:06.510118,24.18589,25.42975,0.0
2022-01-18 12:11:07.001010,25.73302,25.22425,0.0
2022-01-18 12:11:07.505456,25.63029,25.379,0.0
2022-01-18 12:11:08.002889,25.5783,25.275,0.0
2022-01-18 12:11:08.507967,24.754,25.17225,0.0
2022-01-18 12:11:09.006845,24.3406,25.42975,0.0
2022-01-18 12:11:09.510975,24.49532,25.327,0.0
2022-01-18 12:11:10.008442,25.26888,25.12025,0.0
2022-01-18 12:11:10.502393,25.785,25.5845,0.0
2022-01-18 12:11:11.009789,25.21813,25.6885,0.0
2022-01-18 12:11:11.500619,25.26888,25.0695,0.0
2022-01-18 12:11:12.004825,24.59928,24.86275,0.0
2022-01-18 12:11:12.507921,24.754,25.6365,0.0
2022-01-18 12:11:13.005210,25.68227,25.327,0.0
2022-01-18 12:11:13.510268,25.73302,25.327,0.0
2022-01-18 12:11:14.003589,25.16615,25.327,0.0
2022-01-18 12:11:14.505721,24.85672,25.48175,0.0
2022-01-18 12:11:15.001586,24.49532,25.0695,0.0
2022-01-18 12:11:15.510501,25.21813,24.708,0.0
2022-01-18 12:11:16.005516,25.83698,25.5845,0.0
2022-01-18 12:11:16.509613,25.73302,25.5845,0.0
2022-01-18 12:11:17.006995,25.26888,25.22425,0.0
2022-01-18 12:11:17.501513,25.06342,24.9655,0.0
2022-01-18 12:11:18.010289,24.23787,25.6365,0.0
2022-01-18 12:11:18.504605,25.06342,25.6365,0.0
2022-01-18 12:11:19.008756,25.21813,25.12025,0.0
2022-01-18 12:11:19.510662,25.73302,25.48175,0.0
2022-01-18 12:11:20.005208,25.37285,25.5845,0.0
2022-01-18 12:11:20.507888,24.85672,25.0175,0.0
2022-01-18 12:11:21.005657,25.37285,24.81075,0.0
2022-01-18 12:11:21.509931,25.63029,25.53375,0.0
2022-01-18 12:11:22.007631,25.52756,25.379,0.0
2022-01-18 12:11:22.503409,25.52756,25.42975,0.0
2022-01-18 12:11:23.007404,25.16615,25.0695,0.0
2022-01-18 12:11:23.505896,24.80474,25.0175,0.0
2022-01-18 12:11:24.003461,24.754,25.42975,0.0
2022-01-18 12:11:24.503815,24.70201,25.53375,0.0
2022-01-18 12:11:25.002757,25.21813,25.327,0.0
2022-01-18 12:11:25.507428,24.90871,25.5845,0.0
2022-01-18 12:11:26.007157,25.01144,25.79125,0.0
2022-01-18 12:11:26.502221,24.90871,25.22425,0.0
2022-01-18 12:11:27.010316,25.01144,24.9655,0.0
2022-01-18 12:11:27.504482,25.06342,25.73925,0.0
2022-01-18 12:11:28.004095,25.5783,25.22425,0.0
2022-01-18 12:11:28.509139,25.16615,25.22425,0.0
2022-01-18 12:11:29.007482,25.11417,24.76,0.0
2022-01-18 12:11:29.503231,24.5473,25.0695,0.0
2022-01-18 12:11:30.001244,25.11417,25.53375,0.0
2022-01-18 12:11:30.507580,25.68227,24.9655,0.0
2022-01-18 12:11:31.005865,25.5783,25.42975,0.0
2022-01-18 12:11:31.503138,25.52756,25.6365,0.0
2022-01-18 12:11:32.002003,25.21813,25.48175,0.0
2022-01-18 12:11:32.505870,24.5473,25.12025,0.0
2022-01-18 12:11:33.003455,24.39259,25.6885,0.0
2022-01-18 12:11:33.508170,25.9917,25.327,0.0
2022-01-18 12:11:34.007094,25.785,25.275,0.0
2022-01-18 12:11:34.504083,25.52756,25.22425,0.0
2022-01-18 12:11:35.004093,24.754,25.17225,0.0
2022-01-18 12:11:35.508579,24.59928,25.379,0.0
2022-01-18 12:11:36.006962,24.59928,25.17225,0.0
2022-01-18 12:11:36.510313,25.37285,25.17225,0.0
2022-01-18 12:11:37.008115,25.785,25.22425,0.0
2022-01-18 12:11:37.504234,25.52756,25.327,0.0
2022-01-18 12:11:38.001235,25.01144,25.275,0.0
2022-01-18 12:11:38.505171,24.59928,25.17225,0.0
2022-01-18 12:11:39.002045,24.18589,25.5845,0.0
2022-01-18 12:11:39.506614,25.68227,25.48175,0.0
2022-01-18 12:11:40.004123,25.21813,25.53375,0.0
2022-01-18 12:11:40.509634,25.11417,25.6885,0.0
2022-01-18 12:11:41.007463,24.90871,25.42975,0.0
2022-01-18 12:11:41.510078,24.90871,25.0175,0.0
2022-01-18 12:11:42.004237,24.70201,25.22425,0.0
2022-01-18 12:11:42.506038,25.73302,25.379,0.0
2022-01-18 12:11:43.001925,25.83698,25.327,0.0
2022-01-18 12:11:43.508078,25.37285,25.42975,0.0
2022-01-18 12:11:44.007241,24.85672,25.0695,0.0
2022-01-18 12:11:44.502922,24.49532,24.91475,0.0
2022-01-18 12:11:45.010397,24.3406,25.22425,0.0
2022-01-18 12:11:45.506386,25.785,25.48175,0.0
2022-01-18 12:11:46.003452,26.09442,25.42975,0.0
2022-01-18 12:11:46.502171,25.73302,25.48175,0.0
2022-01-18 12:11:47.001532,25.16615,25.42975,0.0
2022-01-18 12:11:47.504646,24.754,25.22425,0.0
2022-01-18 12:11:48.001840,24.44457,25.327,0.0
2022-01-18 12:11:48.507745,25.63029,25.6365,0.0
2022-01-18 12:11:49.004714,25.785,25.5845,0.0
2022-01-18 12:11:49.506252,25.16615,25.17225,0.0
2022-01-18 12:11:50.002653,24.95945,25.0175,0.0
2022-01-18 12:11:50.505631,24.80474,25.12025,0.0
2022-01-18 12:11:51.003305,23.98043,25.379,0.0
2022-01-18 12:11:51.509254,25.11417,25.42975,0.0
2022-01-18 12:11:52.007215,25.9917,25.379,0.0
2022-01-18 12:11:52.503065,25.26888,25.17225,0.0
2022-01-18 12:11:53.010529,24.59928,25.12025,0.0
2022-01-18 12:11:53.505649,24.65003,25.5845,0.0
2022-01-18 12:11:54.002537,24.3406,25.6365,0.0
2022-01-18 12:11:54.509257,25.42359,25.48175,0.0
2022-01-18 12:11:55.006147,25.83698,25.42975,0.0
2022-01-18 12:11:55.502796,25.01144,25.327,0.0
2022-01-18 12:11:56.001094,24.65003,25.0175,0.0
2022-01-18 12:11:56.502288,24.49532,25.327,0.0
2022-01-18 12:11:57.007724,25.42359,25.6365,0.0
2022-01-18 12:11:57.502946,25.42359,25.275,0.0
2022-01-18 12:11:58.010775,25.68227,25.275,0.0
2022-01-18 12:11:58.504421,25.06342,25.12025,0.0
2022-01-18 12:11:59.002365,24.59928,25.42975,0.0
2022-01-18 12:11:59.507419,24.85672,25.42975,0.0
2022-01-18 12:12:00.006730,25.01144,25.17225,0.0
2022-01-18 12:12:00.510145,25.42359,25.42975,0.0
2022-01-18 12:12:01.006338,25.83698,25.53375,0.0
2022-01-18 12:12:01.507157,25.21813,25.327,0.0
2022-01-18 12:12:02.004233,24.85672,25.327,0.0
2022-01-18 12:12:02.508666,24.44457,25.53375,0.0
2022-01-18 12:12:03.010194,25.73302,25.0695,0.0
2022-01-18 12:12:03.501149,25.63029,25.275,0.0
2022-01-18 12:12:04.009398,25.26888,25.6365,0.0
2022-01-18 12:12:04.503584,25.01144,25.53375,0.0
2022-01-18 12:12:05.003286,24.44457,24.86275,0.0
2022-01-18 12:12:05.501217,24.44457,25.17225,0.0
2022-01-18 12:12:06.001979,25.21813,25.42975,0.0
2022-01-18 12:12:06.507350,25.5783,25.327,0.0
2022-01-18 12:12:07.004195,24.95945,25.275,0.0
2022-01-18 12:12:07.504441,24.85672,25.327,0.0
2022-01-18 12:12:08.011033,25.06342,25.327,0.0
2022-01-18 12:12:08.504626,24.754,25.42975,0.0
2022-01-18 12:12:09.010244,24.80474,25.275,0.0
2022-01-18 12:12:09.506783,24.754,25.6365,0.0
2022-01-18 12:12:10.007801,25.16615,25.5845,0.0
2022-01-18 12:12:10.510971,25.26888,24.81075,0.0
2022-01-18 12:12:11.007840,25.16615,24.91475,0.0
2022-01-18 12:12:11.502541,24.85672,25.42975,0.0
2022-01-18 12:12:12.007514,25.21813,25.42975,0.0
2022-01-18 12:12:12.509825,25.73302,25.327,0.0
2022-01-18 12:12:13.006485,25.37285,25.0695,0.0
2022-01-18 12:12:13.502383,25.21813,25.12025,0.0
2022-01-18 12:12:14.010303,24.95945,25.379,0.0
2022-01-18 12:12:14.501599,24.59928,25.22425,0.0
2022-01-18 12:12:15.010147,25.785,25.327,0.0
2022-01-18 12:12:15.502057,25.63029,25.53375,0.0
2022-01-18 12:12:16.001825,25.37285,25.42975,0.0
2022-01-18 12:12:16.506765,25.21813,25.0175,0.0
2022-01-18 12:12:17.004017,24.80474,25.275,0.0
2022-01-18 12:12:17.510730,24.49532,25.6885,0.0
2022-01-18 12:12:18.009120,25.16615,25.327,0.0
2022-01-18 12:12:18.504107,25.16615,25.0695,0.0
2022-01-18 12:12:19.001110,25.21813,24.91475,0.0
2022-01-18 12:12:19.504247,25.01144,25.327,0.0
2022-01-18 12:12:20.001131,24.90871,25.48175,0.0
2022-01-18 12:12:20.505216,24.85672,25.17225,0.0
2022-01-18 12:12:21.001456,25.88773,25.379,0.0
2022-01-18 12:12:21.501732,25.68227,25.379,0.0
2022-01-18 12:12:22.505274,24.754,25.327,0.0
2022-01-18 12:12:23.003731,24.44457,25.5845,0.0
2022-01-18 12:12:23.508457,25.11417,25.22425,0.0
2022-01-18 12:12:24.003294,25.68227,25.275,0.0
2022-01-18 12:12:24.505812,25.785,25.48175,0.0
2022-01-18 12:12:25.001513,25.68227,25.53375,0.0
2022-01-18 12:12:25.504387,24.65003,25.17225,0.0
2022-01-18 12:12:26.006990,24.23787,25.22425,0.0
2022-01-18 12:12:26.506414,25.21813,25.5845,0.0
2022-01-18 12:12:27.010003,25.68227,25.379,0.0
2022-01-18 12:12:27.502098,25.83698,25.22425,0.0
2022-01-18 12:12:28.001472,25.32086,25.17225,0.0
2022-01-18 12:12:28.507691,24.49532,25.379,0.0
2022-01-18 12:12:29.004763,24.08316,25.12025,0.0
2022-01-18 12:12:29.508789,25.16615,25.0175,0.0
2022-01-18 12:12:30.005297,25.42359,25.48175,0.0
2022-01-18 12:12:30.506998,25.73302,25.53375,0.0
2022-01-18 12:12:31.010869,25.52756,25.22425,0.0
2022-01-18 12:12:31.502865,24.85672,25.22425,0.0
2022-01-18 12:12:32.001166,24.03118,25.53375,0.0
2022-01-18 12:12:32.506263,25.16615,25.48175,0.0
2022-01-18 12:12:33.002563,25.06342,25.379,0.0
2022-01-18 12:12:33.507004,25.21813,25.379,0.0
2022-01-18 12:12:34.504425,24.85672,25.327,0.0
2022-01-18 12:12:35.011017,25.06342,25.327,0.0
2022-01-18 12:12:35.505920,25.11417,25.327,0.0
2022-01-18 12:12:36.003638,25.32086,25.48175,0.0
2022-01-18 12:12:36.509534,25.26888,25.17225,0.0
2022-01-18 12:12:37.004863,25.21813,24.91475,0.0
2022-01-18 12:12:37.505675,24.59928,24.91475,0.0
2022-01-18 12:12:38.003596,24.44457,25.6885,0.0
2022-01-18 12:12:38.506302,25.9917,25.53375,0.0
2022-01-18 12:12:39.001726,25.73302,25.379,0.0
2022-01-18 12:12:39.503302,25.52756,25.0695,0.0
2022-01-18 12:12:40.000525,25.06342,25.379,0.0
2022-01-18 12:12:40.501860,24.44457,25.17225,0.0
2022-01-18 12:12:41.008077,24.59928,25.53375,0.0
2022-01-18 12:12:41.505324,25.37285,25.5845,0.0
2022-01-18 12:12:42.005135,25.5783,25.48175,0.0
2022-01-18 12:12:42.503871,25.42359,25.12025,0.0
2022-01-18 12:12:43.001370,25.26888,24.91475,0.0
2022-01-18 12:12:43.505919,24.754,25.5845,0.0
2022-01-18 12:12:44.002226,24.23787,25.17225,0.0
2022-01-18 12:12:44.504193,25.26888,25.12025,0.0
2022-01-18 12:12:45.009902,25.47557,25.275,0.0
2022-01-18 12:12:45.509463,24.65003,25.17225,0.0
2022-01-18 12:12:46.006855,24.70201,24.9655,0.0
2022-01-18 12:12:46.501873,24.28986,25.84325,0.0
2022-01-18 12:12:47.006936,25.63029,25.53375,0.0
2022-01-18 12:12:47.502308,26.04244,25.327,0.0
2022-01-18 12:12:48.010241,25.63029,25.0175,0.0
2022-01-18 12:12:48.503828,25.37285,25.0695,0.0
2022-01-18 12:12:49.001614,24.5473,25.6365,0.0
2022-01-18 12:12:49.506464,23.87647,25.53375,0.0
2022-01-18 12:12:50.005434,23.61902,25.275,0.0
2022-01-18 12:12:50.502872,25.21813,25.275,0.0
2022-01-18 12:12:51.009405,25.785,25.0175,0.0
2022-01-18 12:12:51.503499,25.26888,25.17225,0.0
2022-01-18 12:12:52.006729,25.16615,25.22425,0.0
2022-01-18 12:12:52.501338,24.65003,25.327,0.0
2022-01-18 12:12:53.008582,24.3406,25.22425,0.0
2022-01-18 12:12:53.510230,25.785,25.379,0.0
2022-01-18 12:12:54.003141,25.52756,25.379,0.0
2022-01-18 12:12:54.509921,25.37285,25.42975,0.0
2022-01-18 12:12:55.006419,24.85672,25.327,0.0
2022-01-18 12:12:55.505079,24.95945,25.379,0.0
2022-01-18 12:12:56.010900,25.93971,25.42975,0.0
2022-01-18 12:12:56.506910,25.5783,25.379,0.0
2022-01-18 12:12:57.001697,25.5783,25.327,0.0
2022-01-18 12:12:57.506453,24.90871,25.48175,0.0
2022-01-18 12:12:58.003430,24.5473,25.12025,0.0
2022-01-18 12:12:58.506128,24.754,25.0175,0.0
2022-01-18 12:12:59.005478,24.44457,25.379,0.0
2022-01-18 12:12:59.509773,24.754,25.275,0.0
2022-01-18 12:13:00.008135,25.21813,25.17225,0.0
2022-01-18 12:13:00.503447,25.21813,25.379,0.0
2022-01-18 12:13:01.504434,24.85672,25.379,0.0
2022-01-18 12:13:02.002294,24.80474,25.53375,0.0
2022-01-18 12:13:02.510947,25.73302,25.53375,0.0
2022-01-18 12:13:03.008683,25.11417,25.379,0.0
2022-01-18 12:13:03.505218,25.21813,25.22425,0.0
2022-01-18 12:13:04.003652,25.01144,25.0695,0.0
2022-01-18 12:13:04.509611,24.44457,25.327,0.0
2022-01-18 12:13:05.009221,24.95945,25.6365,0.0
2022-01-18 12:13:05.508462,25.52756,25.379,0.0
2022-01-18 12:13:06.003036,25.52756,25.12025,0.0
2022-01-18 12:13:06.507113,25.16615,24.86275,0.0
2022-01-18 12:13:07.004371,24.65003,25.275,0.0
2022-01-18 12:13:07.505904,23.98043,25.6365,0.0
2022-01-18 12:13:08.000558,26.09442,25.42975,0.0
2022-01-18 12:13:08.509084,26.19715,25.379,0.0
2022-01-18 12:13:09.001495,25.83698,25.379,0.0
2022-01-18 12:13:09.509438,25.01144,25.22425,0.0
2022-01-18 12:13:10.002122,24.5473,25.12025,0.0
2022-01-18 12:13:10.509180,24.08316,25.73925,0.0
2022-01-18 12:13:11.007398,25.26888,25.6885,0.0
2022-01-18 12:13:11.502104,25.5783,25.22425,0.0
2022-01-18 12:13:12.008384,25.52756,24.81075,0.0
2022-01-18 12:13:12.502597,25.16615,25.327,0.0
2022-01-18 12:13:13.009727,24.80474,25.42975,0.0
2022-01-18 12:13:13.506588,24.49532,25.22425,0.0
2022-01-18 12:13:14.002296,24.80474,25.22425,0.0
2022-01-18 12:13:14.502999,25.11417,25.17225,0.0
2022-01-18 12:13:15.010933,25.26888,25.53375,0.0
2022-01-18 12:13:15.502037,25.16615,25.73925,0.0
2022-01-18 12:13:16.005843,24.90871,25.42975,0.0
2022-01-18 12:13:16.508405,24.44457,25.48175,0.0
2022-01-18 12:13:17.002158,25.52756,25.275,0.0
2022-01-18 12:13:17.507461,25.47557,25.275,0.0
2022-01-18 12:13:18.003410,25.06342,25.379,0.0
2022-01-18 12:13:18.506732,25.06342,25.379,0.0
2022-01-18 12:13:19.003142,24.85672,25.12025,0.0
2022-01-18 12:13:19.508919,25.83698,25.275,0.0
2022-01-18 12:13:20.006428,25.63029,25.53375,0.0
2022-01-18 12:13:20.508335,25.785,25.327,0.0
2022-01-18 12:13:21.004461,25.16615,24.9655,0.0
2022-01-18 12:13:21.501273,24.65003,25.22425,0.0
2022-01-18 12:13:22.009398,24.90871,25.6885,0.0
2022-01-18 12:13:22.501727,25.785,25.379,0.0
2022-01-18 12:13:23.011016,25.83698,25.17225,0.0
2022-01-18 12:13:23.504384,25.83698,25.42975,0.0
2022-01-18 12:13:24.001679,25.16615,25.275,0.0
2022-01-18 12:13:24.505096,24.49532,25.327,0.0
2022-01-18 12:13:25.001480,24.90871,25.22425,0.0
2022-01-18 12:13:25.507109,25.01144,25.379,0.0
2022-01-18 12:13:26.004783,25.68227,25.42975,0.0
2022-01-18 12:13:26.509103,25.21813,25.22425,0.0
2022-01-18 12:13:27.007134,24.90871,24.9655,0.0
2022-01-18 12:13:27.509545,24.39259,25.48175,0.0
2022-01-18 12:13:28.006742,24.3406,25.53375,0.0
2022-01-18 12:13:28.504219,25.32086,25.22425,0.0
2022-01-18 12:13:29.001817,25.83698,25.22425,0.0
2022-01-18 12:13:29.506421,25.37285,25.42975,0.0
2022-01-18 12:13:30.004048,25.06342,25.42975,0.0
2022-01-18 12:13:30.505224,24.44457,25.12025,0.0
2022-01-18 12:13:31.006582,24.59928,25.6885,0.0
2022-01-18 12:13:31.502007,25.21813,25.379,0.0
2022-01-18 12:13:32.010403,25.11417,25.22425,0.0
2022-01-18 12:13:32.505116,25.26888,24.81075,0.0
2022-01-18 12:13:33.001734,24.80474,25.17225,0.0
2022-01-18 12:13:33.507848,24.85672,25.79125,0.0
2022-01-18 12:13:34.004949,25.32086,25.327,0.0
2022-01-18 12:13:34.501194,25.68227,25.379,0.0
2022-01-18 12:13:35.006339,25.52756,25.0695,0.0
2022-01-18 12:13:35.511200,25.5783,25.379,0.0
2022-01-18 12:13:36.000513,25.21813,25.22425,0.0
2022-01-18 12:13:36.500852,24.49532,25.42975,0.0
2022-01-18 12:13:37.008387,24.85672,25.5845,0.0
2022-01-18 12:13:37.503738,25.63029,25.327,0.0
2022-01-18 12:13:38.011225,25.73302,24.91475,0.0
2022-01-18 12:13:38.507056,25.73302,25.327,0.0
2022-01-18 12:13:39.001423,25.52756,25.275,0.0
2022-01-18 12:13:39.502778,24.18589,25.22425,0.0
2022-01-18 12:13:40.008899,24.28986,25.327,0.0
2022-01-18 12:13:40.509224,24.70201,25.379,0.0
2022-01-18 12:13:41.004423,24.85672,25.17225,0.0
2022-01-18 12:13:41.508107,25.21813,25.22425,0.0
2022-01-18 12:13:42.007626,24.80474,25.379,0.0
2022-01-18 12:13:42.510267,25.16615,25.327,0.0
2022-01-18 12:13:43.001252,25.16615,25.5845,0.0
2022-01-18 12:13:43.505676,25.785,25.42975,0.0
2022-01-18 12:13:44.005543,25.47557,25.12025,0.0
2022-01-18 12:13:44.509800,25.21813,25.48175,0.0
2022-01-18 12:13:45.008319,24.70201,25.5845,0.0
2022-01-18 12:13:45.503708,24.28986,24.9655,0.0
2022-01-18 12:13:46.002790,24.95945,25.22425,0.0
2022-01-18 12:13:46.505700,25.93971,25.48175,0.0
2022-01-18 12:13:47.010828,25.73302,25.17225,0.0
2022-01-18 12:13:47.504667,25.37285,25.275,0.0
2022-01-18 12:13:48.002214,25.47557,25.17225,0.0
2022-01-18 12:13:48.507810,24.49532,25.48175,0.0
2022-01-18 12:13:49.005003,24.65003,25.275,0.0
2022-01-18 12:13:49.509609,25.06342,25.275,0.0
2022-01-18 12:13:50.009939,25.88773,25.48175,0.03864
2022-01-18 12:13:50.504527,25.21813,25.12025,0.03864
2022-01-18 12:13:51.011001,24.59928,25.327,0.0
2022-01-18 12:13:51.505844,24.80474,25.22425,0.0
2022-01-18 12:13:52.007509,24.70201,25.48175,0.0
2022-01-18 12:13:52.502042,25.5783,25.5845,0.0
2022-01-18 12:13:53.002480,25.26888,25.12025,0.0
2022-01-18 12:13:53.508099,25.16615,25.0695,0.0
2022-01-18 12:13:54.007681,25.06342,25.379,0.0
2022-01-18 12:13:54.503424,25.21813,25.327,0.0
2022-01-18 12:13:55.011164,24.90871,25.53375,0.0
2022-01-18 12:13:55.503440,25.42359,25.275,0.0
2022-01-18 12:13:56.004277,25.73302,25.12025,0.0
2022-01-18 12:13:56.508782,25.01144,25.379,0.0
2022-01-18 12:13:57.004075,24.754,25.379,0.0
2022-01-18 12:13:57.507820,24.90871,25.42975,0.0
2022-01-18 12:13:58.004620,24.39259,25.48175,0.0
2022-01-18 12:13:58.505707,26.04244,25.327,0.0
2022-01-18 12:13:59.509767,25.01144,25.12025,0.0
2022-01-18 12:14:00.002076,24.3406,25.48175,0.0
2022-01-18 12:14:00.501863,24.44457,25.6885,0.0
2022-01-18 12:14:01.008663,25.68227,25.379,0.0
2022-01-18 12:14:01.509943,26.14641,25.12025,0.0
2022-01-18 12:14:02.004730,25.83698,24.86275,0.0
2022-01-18 12:14:02.509209,25.26888,25.6885,0.0
2022-01-18 12:14:03.008918,24.65003,25.379,0.0
2022-01-18 12:14:03.502641,24.70201,25.53375,0.0
2022-01-18 12:14:04.008611,25.52756,25.22425,0.0
2022-01-18 12:14:04.509604,25.785,25.22425,0.0
2022-01-18 12:14:05.004718,25.42359,25.17225,0.0
2022-01-18 12:14:05.507091,24.90871,25.379,0.0
2022-01-18 12:14:06.004881,24.49532,25.6365,0.0
2022-01-18 12:14:06.507465,24.90871,25.42975,0.0
2022-01-18 12:14:07.006596,25.42359,25.379,0.0
2022-01-18 12:14:07.500874,25.42359,25.17225,0.0
2022-01-18 12:14:08.009485,25.5783,25.17225,0.0
2022-01-18 12:14:08.505471,25.06342,25.327,0.0
2022-01-18 12:14:09.002902,24.39259,25.327,0.0
2022-01-18 12:14:09.508692,24.80474,25.327,0.0
2022-01-18 12:14:10.005737,25.83698,25.275,0.0
2022-01-18 12:14:10.510612,25.88773,25.42975,0.0
2022-01-18 12:14:11.009757,25.42359,25.48175,0.0
2022-01-18 12:14:11.503832,25.01144,25.48175,0.0
2022-01-18 12:14:12.002814,24.44457,25.275,0.0
2022-01-18 12:14:12.508441,24.08316,25.275,0.0
2022-01-18 12:14:13.007529,25.26888,25.12025,0.0
2022-01-18 12:14:13.502006,25.32086,25.48175,0.0
2022-01-18 12:14:14.010203,24.85672,25.42975,0.0
2022-01-18 12:14:14.504905,25.01144,25.22425,0.0
2022-01-18 12:14:15.001197,24.754,25.379,0.0
2022-01-18 12:14:15.506269,25.16615,25.379,0.0
2022-01-18 12:14:16.005411,25.68227,25.275,0.0
2022-01-18 12:14:16.502554,25.42359,25.17225,0.0
2022-01-18 12:14:17.010362,25.47557,25.48175,0.0
2022-01-18 12:14:17.505986,24.90871,25.275,0.0
2022-01-18 12:14:18.004225,25.42359,25.275,0.0
2022-01-18 12:14:18.509794,25.83698,25.42975,0.0
2022-01-18 12:14:19.007887,25.32086,25.53375,0.0
2022-01-18 12:14:19.502909,25.73302,25.22425,0.0
2022-01-18 12:14:20.001691,25.01144,24.86275,0.0
2022-01-18 12:14:20.505760,24.70201,25.22425,0.0
2022-01-18 12:14:21.002260,25.21813,25.84325,0.0
2022-01-18 12:14:21.509598,25.37285,25.53375,0.0
2022-01-18 12:14:22.004847,25.32086,25.0695,0.0
2022-01-18 12:14:22.509806,25.21813,24.91475,0.0
2022-01-18 12:14:23.007646,24.80474,25.53375,0.0
2022-01-18 12:14:23.502808,24.754,25.22425,0.0
2022-01-18 12:14:24.010997,24.59928,25.275,0.0
2022-01-18 12:14:24.506310,24.3406,25.73925,0.0
2022-01-18 12:14:25.004846,25.32086,25.327,0.0
2022-01-18 12:14:25.509063,25.63029,24.91475,0.0
2022-01-18 12:14:26.006274,25.16615,25.12025,0.0
2022-01-18 12:14:26.511055,24.5473,25.73925,0.0
2022-01-18 12:14:27.008595,24.39259,25.42975,0.0
2022-01-18 12:14:27.502966,24.28986,25.12025,0.0
2022-01-18 12:14:28.002310,25.42359,24.86275,0.0
2022-01-18 12:14:28.505659,25.93971,25.327,0.0
2022-01-18 12:14:29.004324,25.37285,25.73925,0.0
2022-01-18 12:14:29.508760,24.65003,25.327,0.0
2022-01-18 12:14:30.008818,24.5473,25.48175,0.0
2022-01-18 12:14:30.504517,24.08316,25.327,0.0
2022-01-18 12:14:31.001989,25.11417,25.0695,0.0
2022-01-18 12:14:31.507306,26.04244,25.275,0.0
2022-01-18 12:14:32.005925,25.5783,25.6365,0.0
2022-01-18 12:14:32.510184,24.85672,25.22425,0.0
2022-01-18 12:14:33.008594,24.80474,25.379,0.0
2022-01-18 12:14:33.502833,24.754,25.22425,0.0
2022-01-18 12:14:34.000959,25.68227,25.12025,0.0
2022-01-18 12:14:34.504903,25.26888,25.48175,0.0
2022-01-18 12:14:35.001679,25.11417,25.379,0.0
2022-01-18 12:14:35.502269,24.70201,24.86275,0.0
2022-01-18 12:14:36.002910,24.754,25.6885,0.0
2022-01-18 12:14:36.508441,24.85672,25.53375,0.0
2022-01-18 12:14:37.009356,25.88773,25.17225,0.0
2022-01-18 12:14:37.501874,25.68227,25.275,0.0
2022-01-18 12:14:38.009749,25.26888,25.5845,0.0
2022-01-18 12:14:38.504431,24.70201,25.379,0.0
2022-01-18 12:14:39.002525,24.18589,25.12025,0.0
2022-01-18 12:14:39.508783,25.5783,25.327,0.0
2022-01-18 12:14:40.006527,25.47557,25.48175,0.0
2022-01-18 12:14:40.503051,25.32086,25.17225,0.0
2022-01-18 12:14:41.010518,24.85672,25.0175,0.0
2022-01-18 12:14:41.505229,24.3406,25.6885,0.0
2022-01-18 12:14:42.002964,24.59928,25.48175,0.0
2022-01-18 12:14:42.506533,25.26888,25.17225,0.0
2022-01-18 12:14:43.005253,25.785,24.91475,0.0
2022-01-18 12:14:43.509975,25.32086,25.73925,0.0
2022-01-18 12:14:44.008985,25.06342,25.6365,0.0
2022-01-18 12:14:44.505181,24.49532,25.379,0.0
2022-01-18 12:14:45.004157,24.3406,25.42975,0.0
2022-01-18 12:14:45.510827,25.11417,25.327,0.0
2022-01-18 12:14:46.009510,25.63029,25.0695,0.0
2022-01-18 12:14:46.505106,25.32086,25.12025,0.0
2022-01-18 12:14:47.001781,25.01144,25.48175,0.0
2022-01-18 12:14:47.505675,25.47557,25.42975,0.0
2022-01-18 12:14:48.002967,25.68227,25.275,0.0
2022-01-18 12:14:48.501625,25.47557,25.275,0.0
2022-01-18 12:14:49.008606,25.32086,24.9655,0.0
2022-01-18 12:14:49.505306,25.11417,25.327,0.0
2022-01-18 12:14:50.002910,24.65003,25.379,0.0
2022-01-18 12:14:50.506920,24.3406,25.48175,0.0
2022-01-18 12:14:51.004946,23.87647,25.42975,0.0
2022-01-18 12:14:51.511105,25.63029,25.48175,0.0
2022-01-18 12:14:52.010282,25.93971,25.379,0.0
2022-01-18 12:14:52.507454,25.5783,25.48175,0.0
2022-01-18 12:14:53.007029,25.26888,25.379,0.0
2022-01-18 12:14:53.501104,24.5473,25.42975,0.0
2022-01-18 12:14:54.007343,24.23787,25.22425,0.0
2022-01-18 12:14:54.503465,25.26888,24.91475,0.0
2022-01-18 12:14:55.001059,25.63029,25.17225,0.0
2022-01-18 12:14:55.507079,25.32086,25.6885,0.0
2022-01-18 12:14:56.005041,24.90871,25.17225,0.0
2022-01-18 12:14:56.509123,24.59928,25.0695,0.0
2022-01-18 12:14:57.009152,24.59928,25.327,0.0
2022-01-18 12:14:57.506682,26.04244,24.9655,0.0
2022-01-18 12:14:58.006215,25.5783,25.327,0.0
2022-01-18 12:14:58.500931,25.16615,25.53375,0.0
2022-01-18 12:14:59.008928,24.44457,25.6365,0.0
2022-01-18 12:14:59.502101,24.44457,25.327,0.0
2022-01-18 12:15:00.009352,24.95945,25.12025,0.0
2022-01-18 12:15:00.503604,25.37285,25.17225,0.0
2022-01-18 12:15:01.002387,25.785,25.379,0.0
2022-01-18 12:15:01.508711,25.01144,25.22425,0.0
2022-01-18 12:15:02.007138,24.754,25.327,0.0
2022-01-18 12:15:02.511085,24.70201,25.275,0.0
2022-01-18 12:15:03.008824,25.37285,24.9655,0.0
2022-01-18 12:15:03.503790,25.5783,25.53375,0.0
2022-01-18 12:15:04.002150,25.21813,25.275,0.0
2022-01-18 12:15:04.507316,24.754,25.17225,0.0
2022-01-18 12:15:05.004145,24.90871,25.6885,0.0
2022-01-18 12:15:05.509208,24.39259,25.5845,0.0
2022-01-18 12:15:06.007908,24.90871,25.17225,0.0
2022-01-18 12:15:06.501362,25.16615,25.48175,0.0
2022-01-18 12:15:07.001138,25.16615,25.84325,0.0
2022-01-18 12:15:07.506474,25.11417,25.22425,0.0
2022-01-18 12:15:08.006590,25.16615,24.9655,0.0
2022-01-18 12:15:08.503522,25.16615,25.12025,0.0
2022-01-18 12:15:09.011174,25.16615,25.42975,0.0
2022-01-18 12:15:09.504830,25.37285,25.275,0.0
2022-01-18 12:15:10.004140,25.42359,24.9655,0.0
2022-01-18 12:15:10.508957,25.16615,25.327,0.0
2022-01-18 12:15:11.007441,24.5473,25.48175,0.0
2022-01-18 12:15:11.502848,24.85672,25.327,0.0
2022-01-18 12:15:12.001246,25.785,25.17225,0.0
2022-01-18 12:15:12.505939,25.42359,25.48175,0.0
2022-01-18 12:15:13.005821,25.26888,25.5845,0.0
2022-01-18 12:15:13.510148,25.01144,25.22425,0.0
2022-01-18 12:15:14.007786,25.06342,25.53375,0.0
2022-01-18 12:15:14.502933,25.47557,25.79125,0.0
2022-01-18 12:15:15.010141,25.93971,25.22425,0.0
2022-01-18 12:15:15.505148,25.5783,24.86275,0.0
2022-01-18 12:15:16.002930,25.32086,25.48175,0.0
2022-01-18 12:15:16.507911,25.16615,25.379,0.0
2022-01-18 12:15:17.006905,23.82572,25.275,0.0
2022-01-18 12:15:17.503041,24.23787,25.17225,0.0
2022-01-18 12:15:18.006559,24.70201,25.22425,0.0
2022-01-18 12:15:18.504444,26.40385,25.275,0.0
2022-01-18 12:15:19.002078,25.5783,25.327,0.0
2022-01-18 12:15:19.507898,25.37285,25.53375,0.0
2022-01-18 12:15:20.006562,24.5473,25.6365,0.0
2022-01-18 12:15:20.510241,24.03118,25.379,0.0
2022-01-18 12:15:21.008474,25.37285,25.12025,0.0
2022-01-18 12:15:21.503527,25.42359,25.22425,0.0
2022-01-18 12:15:22.001713,25.42359,25.79125,0.0
2022-01-18 12:15:22.504161,25.01144,25.42975,0.0
2022-01-18 12:15:23.001641,24.85672,25.17225,0.0
2022-01-18 12:15:23.508033,24.5473,24.91475,0.0
2022-01-18 12:15:24.006479,24.90871,24.9655,0.0
2022-01-18 12:15:24.501188,25.21813,25.275,0.0
2022-01-18 12:15:25.009133,25.47557,25.22425,0.0
2022-01-18 12:15:25.501922,24.95945,25.379,0.0
2022-01-18 12:15:26.008505,24.49532,25.5845,0.0
2022-01-18 12:15:26.502528,25.06342,25.17225,0.0
2022-01-18 12:15:27.009138,25.42359,24.86275,0.0
2022-01-18 12:15:27.505037,25.785,25.894,0.0
2022-01-18 12:15:28.001473,25.16615,25.6885,0.0
2022-01-18 12:15:28.504658,24.754,25.327,0.0
2022-01-18 12:15:29.004799,25.11417,25.48175,0.0
2022-01-18 12:15:29.510140,25.68227,25.0175,0.0
2022-01-18 12:15:30.007495,25.73302,25.48175,0.0
2022-01-18 12:15:30.501710,25.52756,25.379,0.0
2022-01-18 12:15:31.008985,25.32086,25.22425,0.0
2022-01-18 12:15:31.503152,24.65003,25.22425,0.0
2022-01-18 12:15:32.003033,24.70201,25.22425,0.0
2022-01-18 12:15:32.507849,24.80474,25.379,0.0
2022-01-18 12:15:33.007371,25.47557,25.379,0.0
2022-01-18 12:15:33.500964,25.5783,25.17225,0.0
2022-01-18 12:15:34.010848,24.85672,25.22425,0.0
2022-01-18 12:15:34.503282,24.44457,25.379,0.0
2022-01-18 12:15:35.009690,25.26888,25.53375,0.0
2022-01-18 12:15:35.504793,25.32086,25.53375,0.0
2022-01-18 12:15:36.003031,25.47557,25.0695,0.0
2022-01-18 12:15:36.509689,25.26888,25.327,0.0
2022-01-18 12:15:37.006759,24.80474,25.6365,0.0
2022-01-18 12:15:37.501125,25.01144,25.275,0.0
2022-01-18 12:15:38.009023,25.37285,25.0695,0.0
2022-01-18 12:15:38.502542,25.5783,24.9655,0.0
2022-01-18 12:15:39.002620,25.37285,25.327,0.0
2022-01-18 12:15:39.508228,25.5783,25.17225,0.0
2022-01-18 12:15:40.006235,25.32086,25.48175,0.0
2022-01-18 12:15:40.503511,24.85672,25.53375,0.0
2022-01-18 12:15:41.003494,25.16615,25.22425,0.0
2022-01-18 12:15:41.509862,25.63029,24.91475,0.0
2022-01-18 12:15:42.007346,25.37285,25.17225,0.0
2022-01-18 12:15:42.502330,25.21813,25.6365,0.0
2022-01-18 12:15:43.001272,24.85672,25.379,0.0
2022-01-18 12:15:43.507425,25.16615,25.327,0.0
2022-01-18 12:15:44.005689,25.26888,25.327,0.0
2022-01-18 12:15:44.511239,25.68227,25.22425,0.0
2022-01-18 12:15:45.010651,25.26888,25.327,0.0
2022-01-18 12:15:45.505180,25.06342,25.48175,0.0
2022-01-18 12:15:46.003655,24.85672,25.48175,0.0
2022-01-18 12:15:46.507614,25.21813,25.42975,0.0
2022-01-18 12:15:47.005552,25.01144,25.17225,0.0
2022-01-18 12:15:47.511095,25.47557,25.0695,0.0
2022-01-18 12:15:48.009445,25.42359,25.5845,0.0
2022-01-18 12:15:48.503489,25.11417,25.275,0.0
2022-01-18 12:15:49.010958,24.65003,25.379,0.0
2022-01-18 12:15:49.507008,24.59928,25.0695,0.0
2022-01-18 12:15:50.004642,24.49532,25.275,0.0
2022-01-18 12:15:50.509774,25.16615,25.42975,0.0
2022-01-18 12:15:51.008302,25.73302,25.327,0.0
2022-01-18 12:15:51.502029,25.26888,25.379,0.0
2022-01-18 12:15:52.001760,25.06342,25.42975,0.0
2022-01-18 12:15:52.506197,24.754,25.327,0.0
2022-01-18 12:15:53.003491,25.01144,25.327,0.0
2022-01-18 12:15:53.509101,25.42359,25.379,0.0
2022-01-18 12:15:54.009146,25.9917,25.42975,0.0
2022-01-18 12:15:54.505142,25.37285,25.17225,0.0
2022-01-18 12:15:55.003046,24.90871,25.22425,0.0
2022-01-18 12:15:55.503811,24.44457,25.275,0.0
2022-01-18 12:15:56.002820,24.59928,25.17225,0.0
2022-01-18 12:15:56.509506,25.9917,25.17225,0.0
2022-01-18 12:15:57.009032,26.04244,25.53375,0.0
2022-01-18 12:15:57.505286,25.32086,25.275,0.0
2022-01-18 12:15:58.004742,24.70201,25.275,0.0
2022-01-18 12:15:58.510078,24.5473,25.5845,0.0
2022-01-18 12:15:59.007887,23.98043,25.48175,0.0
2022-01-18 12:15:59.501343,25.11417,25.0175,0.0
2022-01-18 12:16:00.504320,25.37285,25.5845,0.0
2022-01-18 12:16:01.003672,25.01144,25.275,0.0
2022-01-18 12:16:01.509662,24.90871,25.22425,0.0
2022-01-18 12:16:02.009974,25.21813,24.86275,0.0
2022-01-18 12:16:02.504793,25.83698,25.0695,0.0
2022-01-18 12:16:03.001139,25.5783,25.22425,0.0
2022-01-18 12:16:03.507248,25.06342,25.327,0.0
2022-01-18 12:16:04.006644,24.65003,25.42975,0.0
2022-01-18 12:16:04.500853,24.28986,25.48175,0.0
2022-01-18 12:16:05.010516,25.11417,25.12025,0.0
2022-01-18 12:16:05.505207,25.32086,25.22425,0.0
2022-01-18 12:16:06.002682,25.47557,25.6365,0.0
2022-01-18 12:16:06.509082,25.06342,25.48175,0.0
2022-01-18 12:16:07.008258,24.754,25.42975,0.0
2022-01-18 12:16:07.504345,24.70201,25.22425,0.0
2022-01-18 12:16:08.004256,25.73302,25.42975,0.0
2022-01-18 12:16:08.509618,25.63029,25.0175,0.0
2022-01-18 12:16:09.007449,25.47557,25.379,0.0
2022-01-18 12:16:09.501707,24.95945,25.48175,0.0
2022-01-18 12:16:10.009104,24.70201,25.22425,0.0
2022-01-18 12:16:10.503567,24.95945,24.86275,0.0
2022-01-18 12:16:11.001719,25.785,24.91475,0.0
2022-01-18 12:16:11.506152,25.52756,25.379,0.0
2022-01-18 12:16:12.002485,25.42359,25.5845,0.0
2022-01-18 12:16:12.508408,25.01144,25.53375,0.0
2022-01-18 12:16:13.007347,24.39259,25.275,0.0
2022-01-18 12:16:13.511152,24.13515,25.48175,0.0
2022-01-18 12:16:14.008783,25.01144,25.22425,0.0
2022-01-18 12:16:14.504682,25.26888,25.379,0.0
2022-01-18 12:16:15.002455,25.21813,25.5845,0.0
2022-01-18 12:16:15.507276,24.754,25.48175,0.0
2022-01-18 12:16:16.006303,24.754,25.22425,0.0
2022-01-18 12:16:16.501598,24.70201,24.9655,0.0
2022-01-18 12:16:17.010147,25.83698,25.0175,0.0
2022-01-18 12:16:17.504499,25.63029,25.53375,0.0
2022-01-18 12:16:18.002295,25.11417,25.17225,0.0
2022-01-18 12:16:18.508027,24.85672,25.22425,0.0
2022-01-18 12:16:19.007331,24.39259,25.17225,0.0
2022-01-18 12:16:19.502050,24.39259,25.42975,0.0
2022-01-18 12:16:20.001836,26.09442,25.379,0.0
2022-01-18 12:16:20.505096,25.88773,25.48175,0.0
2022-01-18 12:16:21.003106,25.11417,25.5845,0.0
2022-01-18 12:16:21.509529,24.95945,25.42975,0.0
2022-01-18 12:16:22.006863,24.5473,25.0695,0.0
2022-01-18 12:16:22.505041,24.70201,25.275,0.0
2022-01-18 12:16:23.004228,25.21813,25.6885,0.0
2022-01-18 12:16:23.510674,25.93971,25.327,0.0
2022-01-18 12:16:24.009269,25.47557,25.379,0.0
2022-01-18 12:16:24.502880,24.80474,25.0695,0.0
2022-01-18 12:16:25.001391,24.44457,25.17225,0.0
2022-01-18 12:16:25.507647,24.85672,25.17225,0.0
2022-01-18 12:16:26.008112,25.26888,25.379,0.0
2022-01-18 12:16:26.502592,25.32086,25.42975,0.0
2022-01-18 12:16:27.010766,25.06342,25.327,0.0
2022-01-18 12:16:27.504895,24.85672,25.48175,0.0
2022-01-18 12:16:28.002304,24.70201,25.48175,0.0
2022-01-18 12:16:28.506452,25.21813,25.53375,0.0
2022-01-18 12:16:29.003862,25.785,25.12025,0.0
2022-01-18 12:16:29.508241,25.52756,25.17225,0.0
2022-01-18 12:16:30.004999,24.95945,25.53375,0.0
2022-01-18 12:16:30.501167,24.44457,25.48175,0.0
2022-01-18 12:16:31.008011,24.95945,25.275,0.0
2022-01-18 12:16:31.503292,25.06342,24.9655,0.0
2022-01-18 12:16:32.009135,25.47557,25.12025,0.0
2022-01-18 12:16:32.505433,25.63029,25.327,0.0
2022-01-18 12:16:33.003439,25.11417,25.22425,0.0
2022-01-18 12:16:33.507467,24.49532,25.275,0.0
2022-01-18 12:16:34.003129,25.01144,25.48175,0.0
2022-01-18 12:16:34.509656,25.73302,25.22425,0.0
2022-01-18 12:16:35.007519,25.63029,25.327,0.0
2022-01-18 12:16:35.502075,25.63029,25.6885,0.0
2022-01-18 12:16:36.011297,24.95945,25.53375,0.0
2022-01-18 12:16:36.503462,24.5473,25.275,0.0
2022-01-18 12:16:37.001844,24.3406,25.12025,0.0
2022-01-18 12:16:37.505829,25.785,24.91475,0.0
2022-01-18 12:16:38.004129,25.68227,25.73925,0.0
2022-01-18 12:16:38.508436,25.32086,25.48175,0.0
2022-01-18 12:16:39.005298,25.16615,25.42975,0.0
2022-01-18 12:16:39.510291,24.49532,25.17225,0.0
2022-01-18 12:16:40.008277,24.39259,24.91475,0.0
2022-01-18 12:16:40.502663,24.49532,25.22425,0.0
2022-01-18 12:16:41.010665,25.26888,25.48175,0.0
2022-01-18 12:16:41.505027,25.83698,25.79125,0.0
2022-01-18 12:16:42.003040,25.16615,25.53375,0.0
2022-01-18 12:16:42.507441,24.65003,25.0175,0.0
2022-01-18 12:16:43.006118,24.44457,25.22425,0.0
2022-01-18 12:16:43.501159,25.06342,25.5845,0.0
2022-01-18 12:16:44.007260,25.68227,25.275,0.0
2022-01-18 12:16:44.504597,25.63029,25.275,0.0
2022-01-18 12:16:45.003095,25.26888,25.327,0.0
2022-01-18 12:16:45.510362,24.65003,25.327,0.0
2022-01-18 12:16:46.009130,24.5473,25.22425,0.0
2022-01-18 12:16:46.501858,25.37285,25.327,0.0
2022-01-18 12:16:47.007166,25.5783,25.379,0.0
2022-01-18 12:16:47.502318,25.42359,25.275,0.0
2022-01-18 12:16:48.009974,24.95945,25.17225,0.0
2022-01-18 12:16:48.505848,24.754,25.275,0.0
2022-01-18 12:16:49.005749,24.49532,25.53375,0.0
2022-01-18 12:16:49.500798,25.5783,25.22425,0.0
2022-01-18 12:16:50.008990,25.83698,25.53375,0.0
2022-01-18 12:16:50.504004,25.26888,25.48175,0.0
2022-01-18 12:16:51.009937,24.754,25.22425,0.0
2022-01-18 12:16:51.504109,24.70201,25.0175,0.0
2022-01-18 12:16:52.002109,24.85672,25.379,0.0
2022-01-18 12:16:52.507017,25.9917,25.0175,0.0
2022-01-18 12:16:53.004541,25.9917,25.22425,0.0
2022-01-18 12:16:53.502121,25.32086,25.48175,0.0
2022-01-18 12:16:54.001558,24.95945,25.48175,0.0
2022-01-18 12:16:54.507160,24.70201,25.0175,0.0
2022-01-18 12:16:55.005070,24.90871,25.327,0.0
2022-01-18 12:16:55.500649,25.42359,25.275,0.0
2022-01-18 12:16:56.004148,25.47557,25.22425,0.0
2022-01-18 12:16:56.509862,24.85672,25.6365,0.0
2022-01-18 12:16:57.007280,24.5473,25.48175,0.0
2022-01-18 12:16:57.503535,24.49532,25.275,0.0
2022-01-18 12:16:58.001596,24.90871,25.12025,0.0
2022-01-18 12:16:58.505635,25.52756,25.327,0.0
2022-01-18 12:16:59.002464,25.26888,25.53375,0.0
2022-01-18 12:16:59.506670,24.85672,25.42975,0.0
2022-01-18 12:17:00.005552,24.95945,25.22425,0.0
