時間,回転１,回転２,回転３
2022-01-17 09:00:00.009302,40.53467,39.66675,0.0
2022-01-17 09:00:00.502999,40.01855,40.59525,0.0
2022-01-17 09:00:01.000673,39.45168,40.02825,0.0
2022-01-17 09:00:01.501127,40.01855,39.97625,0.0
2022-01-17 09:00:02.002540,40.22525,41.1115,0.0
2022-01-17 09:00:02.510168,39.91582,39.8735,0.0
2022-01-17 09:00:03.004356,39.70912,41.00875,0.0
2022-01-17 09:00:03.501083,40.22525,40.02825,0.0
2022-01-17 09:00:04.001318,39.45168,40.59525,0.0
2022-01-17 09:00:04.510680,39.91582,40.183,0.0
2022-01-17 09:00:05.003479,40.27599,39.77075,0.0
2022-01-17 09:00:05.510150,39.3997,41.00875,0.0
2022-01-17 09:00:06.008870,39.3997,39.40925,0.0
2022-01-17 09:00:06.507579,40.37996,40.69925,0.0
2022-01-17 09:00:07.006420,40.07053,40.802,0.0
2022-01-17 09:00:07.507145,39.45168,40.08025,0.0
2022-01-17 09:00:08.001303,40.01855,40.69925,0.0
2022-01-17 09:00:08.506930,40.32797,39.8735,0.0
2022-01-17 09:00:09.006050,39.81185,41.00875,0.0
2022-01-17 09:00:09.505356,39.24499,39.3065,0.0
2022-01-17 09:00:10.008528,40.6374,40.38975,0.0
2022-01-17 09:00:10.503681,40.17326,40.59525,0.0
2022-01-17 09:00:11.006427,39.45168,39.616,0.0
2022-01-17 09:00:11.502034,39.70912,41.0595,0.0
2022-01-17 09:00:12.011139,40.79211,40.59525,0.0
2022-01-17 09:00:12.507355,39.55441,40.64725,0.0
2022-01-17 09:00:13.005319,38.83283,39.8735,0.0
2022-01-17 09:00:13.501046,40.68938,40.59525,0.0
2022-01-17 09:00:14.009532,39.96657,40.5445,0.0
2022-01-17 09:00:14.505047,38.98755,39.512,0.0
2022-01-17 09:00:15.003344,39.96657,40.4405,0.0
2022-01-17 09:00:15.510830,40.89484,40.02825,0.0
2022-01-17 09:00:16.008716,39.70912,40.854,0.0
2022-01-17 09:00:16.503527,39.45168,40.131,0.0
2022-01-17 09:00:17.004877,40.27599,40.90475,0.0
2022-01-17 09:00:17.510202,40.12128,40.183,0.0
2022-01-17 09:00:18.008070,39.24499,39.66675,0.0
2022-01-17 09:00:18.502923,40.07053,41.26625,0.0
2022-01-17 09:00:19.004087,40.12128,39.564,0.0
2022-01-17 09:00:19.510560,39.193,40.64725,0.0
2022-01-17 09:00:20.010083,40.74013,40.08025,0.0
2022-01-17 09:00:20.501265,40.12128,40.69925,0.0
2022-01-17 09:00:21.010750,39.29697,40.4925,0.0
2022-01-17 09:00:21.505373,40.53467,40.38975,0.0
2022-01-17 09:00:22.006019,39.91582,40.59525,0.0
2022-01-17 09:00:22.502108,39.34772,39.9255,0.0
2022-01-17 09:00:23.006990,40.17326,40.4405,0.0
2022-01-17 09:00:23.502539,39.86384,40.38975,0.0
2022-01-17 09:00:24.003571,39.65714,40.131,0.0
2022-01-17 09:00:24.506485,39.55441,40.183,0.0
2022-01-17 09:00:25.004117,40.68938,40.69925,0.0
2022-01-17 09:00:25.511043,39.70912,40.38975,0.0
2022-01-17 09:00:26.010843,39.6064,40.183,0.0
2022-01-17 09:00:26.505902,40.12128,40.5445,0.0
2022-01-17 09:00:27.007444,40.12128,40.28575,0.0
2022-01-17 09:00:27.503188,40.07053,40.33775,0.0
2022-01-17 09:00:28.006868,39.03829,40.33775,0.0
2022-01-17 09:00:28.504158,40.68938,40.5445,0.0
2022-01-17 09:00:29.004662,40.17326,40.33775,0.0
2022-01-17 09:00:29.509688,39.24499,40.235,0.0
2022-01-17 09:00:30.004323,40.32797,40.802,0.0
2022-01-17 09:00:30.508835,40.48269,40.33775,0.0
2022-01-17 09:00:31.006499,39.50243,40.235,0.0
2022-01-17 09:00:31.501601,39.65714,40.38975,0.0
2022-01-17 09:00:32.001089,40.07053,40.131,0.0
2022-01-17 09:00:32.507533,39.6064,40.28575,0.0
2022-01-17 09:00:33.006804,39.81185,40.38975,0.0
2022-01-17 09:00:33.501257,39.45168,40.4405,0.0
2022-01-17 09:00:34.010531,40.48269,40.02825,0.0
2022-01-17 09:00:34.509954,40.01855,40.69925,0.0
2022-01-17 09:00:35.001480,39.81185,40.38975,0.0
2022-01-17 09:00:35.507594,40.27599,40.5445,0.0
2022-01-17 09:00:36.007590,39.91582,40.08025,0.0
2022-01-17 09:00:36.502830,39.96657,40.75,0.0
2022-01-17 09:00:37.009553,40.17326,40.235,0.0
2022-01-17 09:00:37.507423,39.6064,40.4405,0.0
2022-01-17 09:00:38.007069,39.76111,40.4405,0.0
2022-01-17 09:00:38.508451,40.12128,40.28575,0.0
2022-01-17 09:00:39.007036,39.96657,40.33775,0.0
2022-01-17 09:00:39.510569,38.98755,40.02825,0.0
2022-01-17 09:00:40.009115,40.79211,41.21425,0.0
2022-01-17 09:00:40.506085,40.12128,39.8735,0.0
2022-01-17 09:00:41.004792,38.78085,40.33775,0.0
2022-01-17 09:00:41.502327,40.6374,40.75,0.0
2022-01-17 09:00:42.003468,40.17326,39.97625,0.0
2022-01-17 09:00:42.509904,39.55441,40.75,0.0
2022-01-17 09:00:43.008769,39.3997,39.40925,0.0
2022-01-17 09:00:43.503598,41.30823,41.31825,0.0
2022-01-17 09:00:44.001543,39.96657,39.97625,0.0
2022-01-17 09:00:44.507012,39.09027,39.8215,0.0
2022-01-17 09:00:45.004786,39.55441,41.31825,0.0
2022-01-17 09:00:45.510007,41.04955,39.8735,0.0
2022-01-17 09:00:46.009596,39.76111,40.854,0.0
2022-01-17 09:00:46.504781,38.57415,40.28575,0.0
2022-01-17 09:00:47.002100,41.25625,40.5445,0.0
2022-01-17 09:00:47.506618,40.27599,40.38975,0.0
2022-01-17 09:00:48.004951,38.78085,39.46125,0.0
2022-01-17 09:00:48.510168,40.07053,41.473,0.0
2022-01-17 09:00:49.007789,40.89484,39.77075,0.0
2022-01-17 09:00:49.502640,39.45168,40.235,0.0
2022-01-17 09:00:50.504533,41.15352,40.4405,0.0
2022-01-17 09:00:51.004742,40.22525,40.4925,0.0
2022-01-17 09:00:51.501655,38.93556,40.131,0.0
2022-01-17 09:00:52.001652,40.07053,40.69925,0.0
2022-01-17 09:00:52.509443,40.22525,39.564,0.0
2022-01-17 09:00:53.008838,39.65714,40.95675,0.0
2022-01-17 09:00:53.505603,40.37996,40.235,0.0
2022-01-17 09:00:54.003581,40.07053,40.235,0.0
2022-01-17 09:00:54.507714,39.24499,40.4405,0.0
2022-01-17 09:00:55.005664,40.48269,40.64725,0.0
2022-01-17 09:00:55.503909,40.22525,40.59525,0.0
2022-01-17 09:00:56.003852,38.98755,39.46125,0.0
2022-01-17 09:00:56.508744,40.4307,41.26625,0.0
2022-01-17 09:00:57.008723,40.01855,40.08025,0.0
2022-01-17 09:00:57.502576,39.70912,39.8735,0.0
2022-01-17 09:00:58.001793,39.45168,40.854,0.0
2022-01-17 09:00:58.510415,40.32797,40.183,0.0
2022-01-17 09:00:59.008365,40.17326,40.38975,0.0
2022-01-17 09:00:59.503436,39.14226,40.28575,0.0
2022-01-17 09:01:00.001852,40.37996,40.90475,0.0
2022-01-17 09:01:00.510500,40.17326,40.131,0.0
2022-01-17 09:01:01.008452,39.81185,39.616,0.0
2022-01-17 09:01:01.503788,39.193,41.00875,0.0
2022-01-17 09:01:02.003860,41.15352,40.08025,0.0
2022-01-17 09:01:02.509738,40.32797,40.4405,0.0
2022-01-17 09:01:03.008977,38.88358,40.28575,0.0
2022-01-17 09:01:03.503250,39.86384,40.854,0.0
2022-01-17 09:01:04.002975,41.04955,40.08025,0.0
2022-01-17 09:01:04.510032,39.55441,40.33775,0.0
2022-01-17 09:01:05.008018,38.47142,40.4925,0.0
2022-01-17 09:01:05.502145,41.15352,39.8735,0.0
2022-01-17 09:01:06.011155,40.53467,40.28575,0.0
2022-01-17 09:01:06.508771,39.03829,40.38975,0.0
2022-01-17 09:01:07.007220,39.193,40.4925,0.0
2022-01-17 09:01:07.503464,41.15352,40.28575,0.0
2022-01-17 09:01:08.001551,39.81185,40.75,0.0
2022-01-17 09:01:08.503812,38.78085,39.9255,0.0
2022-01-17 09:01:09.001463,40.89484,40.64725,0.0
2022-01-17 09:01:09.506087,40.17326,40.131,0.0
2022-01-17 09:01:10.006002,39.29697,40.4925,0.0
2022-01-17 09:01:10.503332,40.4307,40.02825,0.0
2022-01-17 09:01:11.002342,39.55441,40.38975,0.0
2022-01-17 09:01:11.507216,39.76111,40.854,0.0
2022-01-17 09:01:12.005350,40.74013,40.02825,0.0
2022-01-17 09:01:12.501740,39.6064,40.4925,0.0
2022-01-17 09:01:13.003529,39.81185,40.38975,0.0
2022-01-17 09:01:13.509502,40.53467,40.38975,0.0
2022-01-17 09:01:14.008299,39.70912,40.08025,0.0
2022-01-17 09:01:14.503647,39.24499,40.5445,0.0
2022-01-17 09:01:15.008801,40.6374,40.28575,0.0
2022-01-17 09:01:15.504337,39.81185,39.9255,0.0
2022-01-17 09:01:16.002042,39.193,41.00875,0.0
2022-01-17 09:01:16.508950,40.27599,40.4925,0.0
2022-01-17 09:01:17.006527,40.07053,40.38975,0.0
2022-01-17 09:01:17.504568,40.01855,39.8735,0.0
2022-01-17 09:01:18.001249,39.65714,40.69925,0.0
2022-01-17 09:01:18.511023,40.22525,40.131,0.0
2022-01-17 09:01:19.008391,40.17326,40.08025,0.0
2022-01-17 09:01:19.502706,39.50243,40.4925,0.0
2022-01-17 09:01:20.001944,39.76111,40.02825,0.0
2022-01-17 09:01:20.507337,40.53467,40.95675,0.0
2022-01-17 09:01:21.005253,40.12128,40.38975,0.0
2022-01-17 09:01:21.501741,39.24499,40.4925,0.0
2022-01-17 09:01:22.001215,40.53467,40.59525,0.0
2022-01-17 09:01:22.506502,40.32797,39.2545,0.0
2022-01-17 09:01:23.004190,39.09027,41.421,0.0
2022-01-17 09:01:23.510041,39.86384,39.71875,0.0
2022-01-17 09:01:24.008081,40.01855,40.38975,0.0
2022-01-17 09:01:24.503057,39.50243,40.5445,0.0
2022-01-17 09:01:25.001255,39.76111,39.97625,0.0
2022-01-17 09:01:25.506881,40.17326,41.0595,0.0
2022-01-17 09:01:26.006041,39.86384,39.8215,0.0
2022-01-17 09:01:26.504291,39.81185,40.854,0.0
2022-01-17 09:01:27.001791,40.48269,39.66675,0.0
2022-01-17 09:01:27.507614,39.55441,40.235,0.0
2022-01-17 09:01:28.006515,39.86384,40.69925,0.0
2022-01-17 09:01:28.503700,40.07053,39.8215,0.0
2022-01-17 09:01:29.001745,39.86384,40.75,0.0
2022-01-17 09:01:29.509606,39.24499,40.08025,0.0
2022-01-17 09:01:30.008732,40.37996,41.1115,0.0
2022-01-17 09:01:30.511277,40.48269,40.08025,0.0
2022-01-17 09:01:31.001595,39.29697,40.33775,0.0
2022-01-17 09:01:31.506794,39.91582,40.75,0.0
2022-01-17 09:01:32.005793,40.37996,39.512,0.0
2022-01-17 09:01:32.511157,39.65714,40.5445,0.0
2022-01-17 09:01:33.010012,38.98755,40.33775,0.0
2022-01-17 09:01:33.508747,40.8441,40.4405,0.0
2022-01-17 09:01:34.007442,40.27599,40.08025,0.0
2022-01-17 09:01:34.502593,39.03829,40.235,0.0
2022-01-17 09:01:35.001352,40.27599,41.1635,0.0
2022-01-17 09:01:35.508158,40.74013,39.46125,0.0
2022-01-17 09:01:36.005312,39.81185,40.59525,0.0
2022-01-17 09:01:36.510319,39.14226,40.38975,0.0
2022-01-17 09:01:37.001504,40.17326,40.131,0.0
2022-01-17 09:01:37.508588,40.53467,40.4405,0.0
2022-01-17 09:01:38.007582,39.24499,40.4405,0.0
2022-01-17 09:01:38.503324,39.09027,40.38975,0.0
2022-01-17 09:01:39.002534,40.8441,39.97625,0.0
2022-01-17 09:01:39.507450,39.70912,40.64725,0.0
2022-01-17 09:01:40.006318,39.45168,40.33775,0.0
2022-01-17 09:01:40.500970,40.22525,40.02825,0.0
2022-01-17 09:01:41.002666,40.17326,40.131,0.0
2022-01-17 09:01:41.510557,39.3997,40.59525,0.0
2022-01-17 09:01:42.009751,40.12128,40.183,0.0
2022-01-17 09:01:42.507405,39.6064,40.28575,0.0
2022-01-17 09:01:43.002374,39.91582,40.5445,0.0
2022-01-17 09:01:43.511232,39.86384,40.131,0.0
2022-01-17 09:01:44.010409,39.65714,40.38975,0.0
2022-01-17 09:01:44.506502,40.37996,40.75,0.0
2022-01-17 09:01:45.005610,39.50243,40.08025,0.0
2022-01-17 09:01:45.504201,40.37996,39.77075,0.0
2022-01-17 09:01:46.002874,39.91582,40.5445,0.0
2022-01-17 09:01:46.507609,39.65714,40.4925,0.0
2022-01-17 09:01:47.005751,40.6374,40.183,0.0
2022-01-17 09:01:47.501112,39.86384,40.183,0.0
2022-01-17 09:01:48.009401,39.03829,40.38975,0.0
2022-01-17 09:01:48.506053,40.22525,40.5445,0.0
2022-01-17 09:01:49.003290,40.22525,39.97625,0.0
2022-01-17 09:01:49.507702,39.3997,41.0595,0.0
2022-01-17 09:01:50.010093,39.50243,39.71875,0.0
2022-01-17 09:01:50.505935,40.17326,40.183,0.0
2022-01-17 09:01:51.003612,39.55441,40.5445,0.0
2022-01-17 09:01:51.510568,39.81185,40.08025,0.0
2022-01-17 09:01:52.010244,40.01855,40.4405,0.0
2022-01-17 09:01:52.506223,40.01855,39.8215,0.0
2022-01-17 09:01:53.005060,39.50243,41.1115,0.0
2022-01-17 09:01:53.511060,39.86384,40.235,0.0
2022-01-17 09:01:54.010197,41.04955,40.4405,0.0
2022-01-17 09:01:54.505540,39.65714,40.59525,0.0
2022-01-17 09:01:55.004327,38.88358,40.02825,0.0
2022-01-17 09:01:55.509794,40.74013,40.4925,0.0
2022-01-17 09:01:56.005124,40.4307,40.02825,0.0
2022-01-17 09:01:56.501840,39.03829,40.38975,0.0
2022-01-17 09:01:57.001410,39.91582,39.9255,0.0
2022-01-17 09:01:57.505332,40.32797,40.854,0.0
2022-01-17 09:01:58.004168,39.29697,40.38975,0.0
2022-01-17 09:01:58.510160,40.17326,40.08025,0.0
2022-01-17 09:01:59.009237,39.86384,41.0595,0.0
2022-01-17 09:01:59.504875,39.81185,39.8215,0.0
2022-01-17 09:02:00.004204,40.17326,40.64725,0.0
2022-01-17 09:02:00.502073,39.86384,39.9255,0.0
2022-01-17 09:02:01.001527,39.81185,40.4405,0.0
2022-01-17 09:02:01.510325,39.96657,40.08025,0.0
2022-01-17 09:02:02.010398,40.32797,39.9255,0.0
2022-01-17 09:02:02.506582,39.50243,41.0595,0.0
2022-01-17 09:02:03.005475,39.6064,39.8735,0.0
2022-01-17 09:02:03.503856,40.27599,40.95675,0.0
2022-01-17 09:02:04.001400,39.96657,39.9255,0.0
2022-01-17 09:02:04.507718,39.45168,40.802,0.0
2022-01-17 09:02:05.005859,39.76111,40.131,0.0
2022-01-17 09:02:05.504762,40.53467,39.40925,0.0
2022-01-17 09:02:06.008032,39.55441,41.369,0.0
2022-01-17 09:02:06.501175,39.09027,39.512,0.0
2022-01-17 09:02:07.010071,40.53467,40.5445,0.0
2022-01-17 09:02:07.504313,39.91582,40.69925,0.0
2022-01-17 09:02:08.007338,40.37996,39.40925,0.0
2022-01-17 09:02:09.502037,39.55441,41.21425,0.0
2022-01-17 09:02:10.007327,39.3997,39.77075,0.0
2022-01-17 09:02:10.503286,40.4307,40.02825,0.0
2022-01-17 09:02:11.003602,39.96657,40.69925,0.0
2022-01-17 09:02:11.510149,39.24499,40.02825,0.0
2022-01-17 09:02:12.008795,39.91582,40.95675,0.0
2022-01-17 09:02:12.504020,40.99881,40.33775,0.0
2022-01-17 09:02:13.009879,39.81185,40.802,0.0
2022-01-17 09:02:13.505874,39.24499,40.08025,0.0
2022-01-17 09:02:14.005286,40.58542,39.8215,0.0
2022-01-17 09:02:14.510673,39.96657,40.69925,0.0
2022-01-17 09:02:15.009578,39.14226,39.512,0.0
2022-01-17 09:02:15.506447,40.12128,40.4405,0.0
2022-01-17 09:02:16.005774,39.86384,40.4405,0.0
2022-01-17 09:02:16.508671,39.09027,40.802,0.0
2022-01-17 09:02:17.005964,40.58542,40.02825,0.0
2022-01-17 09:02:17.510862,40.22525,40.69925,0.0
2022-01-17 09:02:18.010153,39.03829,40.4925,0.0
2022-01-17 09:02:18.509315,40.6374,39.66675,0.0
2022-01-17 09:02:19.007807,40.32797,40.38975,0.0
2022-01-17 09:02:19.504702,39.50243,40.131,0.0
2022-01-17 09:02:20.004666,39.55441,40.131,0.0
2022-01-17 09:02:20.508378,40.89484,40.38975,0.0
2022-01-17 09:02:21.007342,39.81185,41.1115,0.0
2022-01-17 09:02:21.507897,38.52341,40.38975,0.0
2022-01-17 09:02:22.007178,41.04955,39.97625,0.0
2022-01-17 09:02:22.502713,40.22525,40.69925,0.0
2022-01-17 09:02:23.008346,38.98755,40.59525,0.0
2022-01-17 09:02:23.509227,39.96657,39.66675,0.0
2022-01-17 09:02:24.008977,40.68938,40.28575,0.0
2022-01-17 09:02:24.505849,39.55441,40.4925,0.0
2022-01-17 09:02:25.004189,38.98755,39.8215,0.0
2022-01-17 09:02:25.510820,40.68938,40.90475,0.0
2022-01-17 09:02:26.009727,39.81185,40.28575,0.0
2022-01-17 09:02:26.505499,39.24499,40.69925,0.0
2022-01-17 09:02:27.003455,40.37996,39.71875,0.0
2022-01-17 09:02:27.507825,40.4307,41.00875,0.0
2022-01-17 09:02:28.010373,39.81185,40.235,0.0
2022-01-17 09:02:28.505718,39.50243,39.66675,0.0
2022-01-17 09:02:29.009446,40.6374,40.59525,0.0
2022-01-17 09:02:29.502896,39.96657,40.131,0.0
2022-01-17 09:02:30.011143,39.29697,40.64725,0.0
2022-01-17 09:02:30.506802,39.65714,40.131,0.0
2022-01-17 09:02:31.004696,40.53467,40.59525,0.0
2022-01-17 09:02:31.508268,39.70912,40.28575,0.0
2022-01-17 09:02:32.005845,39.45168,39.97625,0.0
2022-01-17 09:02:32.504810,40.37996,41.00875,0.0
2022-01-17 09:02:33.003539,39.76111,39.616,0.0
2022-01-17 09:02:33.502632,39.96657,40.5445,0.0
2022-01-17 09:02:34.003213,39.81185,40.33775,0.0
2022-01-17 09:02:34.510886,39.76111,40.131,0.0
2022-01-17 09:02:35.011078,40.01855,40.69925,0.0
2022-01-17 09:02:35.506357,39.65714,39.9255,0.0
2022-01-17 09:02:36.008621,40.12128,40.90475,0.0
2022-01-17 09:02:36.504108,39.29697,39.66675,0.0
2022-01-17 09:02:37.003100,40.37996,40.4405,0.0
2022-01-17 09:02:37.507529,40.27599,40.802,0.0
2022-01-17 09:02:38.007274,39.34772,39.8735,0.0
2022-01-17 09:02:38.503176,40.22525,40.59525,0.0
2022-01-17 09:02:39.002151,40.37996,39.97625,0.0
2022-01-17 09:02:39.508595,39.70912,40.854,0.0
2022-01-17 09:02:40.006247,39.24499,39.97625,0.0
2022-01-17 09:02:40.501121,41.15352,40.95675,0.0
2022-01-17 09:02:41.009620,40.01855,40.131,0.0
2022-01-17 09:02:41.505863,38.88358,40.08025,0.0
2022-01-17 09:02:42.005723,40.01855,40.69925,0.0
2022-01-17 09:02:42.503648,40.17326,39.97625,0.0
2022-01-17 09:02:43.001701,39.34772,40.5445,0.0
2022-01-17 09:02:43.504506,39.50243,39.46125,0.0
2022-01-17 09:02:44.002922,40.58542,41.0595,0.0
2022-01-17 09:02:44.507300,39.6064,40.08025,0.0
2022-01-17 09:02:45.005298,39.76111,40.4925,0.0
2022-01-17 09:02:45.510941,40.58542,40.69925,0.0
2022-01-17 09:02:46.010942,39.96657,39.8735,0.0
2022-01-17 09:02:46.507745,39.81185,41.0595,0.0
2022-01-17 09:02:47.007406,39.6064,39.97625,0.0
2022-01-17 09:02:47.503007,40.32797,40.5445,0.0
2022-01-17 09:02:48.002440,39.96657,40.08025,0.0
2022-01-17 09:02:48.509527,39.29697,39.616,0.0
2022-01-17 09:02:49.008825,40.07053,41.26625,0.0
2022-01-17 09:02:49.503514,39.3997,39.66675,0.0
2022-01-17 09:02:50.003600,40.17326,40.802,0.0
2022-01-17 09:02:50.509250,39.96657,40.33775,0.0
2022-01-17 09:02:51.008817,39.81185,40.38975,0.0
2022-01-17 09:02:51.506460,39.65714,40.5445,0.0
2022-01-17 09:02:52.004807,40.22525,39.77075,0.0
2022-01-17 09:02:52.509798,40.07053,40.90475,0.0
2022-01-17 09:02:53.008691,39.3997,39.616,0.0
2022-01-17 09:02:53.504637,40.4307,40.5445,0.0
2022-01-17 09:02:54.004166,40.07053,40.59525,0.0
2022-01-17 09:02:54.510306,39.91582,40.28575,0.0
2022-01-17 09:02:55.010387,39.24499,40.4925,0.0
2022-01-17 09:02:55.506124,40.48269,40.38975,0.0
2022-01-17 09:02:56.006882,40.22525,41.00875,0.0
2022-01-17 09:02:56.503002,39.14226,39.8735,0.0
2022-01-17 09:02:57.001185,40.27599,40.02825,0.0
2022-01-17 09:02:57.507523,40.32797,40.69925,0.0
2022-01-17 09:02:58.007209,39.45168,40.08025,0.0
2022-01-17 09:02:58.505442,39.29697,40.235,0.0
2022-01-17 09:02:59.003334,40.94682,40.69925,0.0
2022-01-17 09:02:59.509280,40.17326,40.38975,0.0
2022-01-17 09:03:00.006911,38.88358,40.4925,0.0
2022-01-17 09:03:00.507174,40.37996,40.08025,0.0
2022-01-17 09:03:01.006855,40.58542,40.69925,0.0
2022-01-17 09:03:01.509836,39.3997,39.77075,0.0
2022-01-17 09:03:02.008386,39.29697,40.235,0.0
2022-01-17 09:03:02.509665,40.79211,40.64725,0.0
2022-01-17 09:03:03.008270,40.22525,40.38975,0.0
2022-01-17 09:03:03.504385,38.98755,40.64725,0.0
2022-01-17 09:03:04.005952,39.96657,40.5445,0.0
2022-01-17 09:03:04.503509,40.58542,40.235,0.0
2022-01-17 09:03:05.003611,39.50243,40.235,0.0
2022-01-17 09:03:05.509929,39.91582,40.131,0.0
2022-01-17 09:03:06.008318,40.32797,40.802,0.0
2022-01-17 09:03:06.506749,39.96657,39.512,0.0
2022-01-17 09:03:07.006608,39.70912,40.69925,0.0
2022-01-17 09:03:07.502624,40.32797,40.5445,0.0
2022-01-17 09:03:08.001158,39.03829,39.97625,0.0
2022-01-17 09:03:08.508326,40.12128,40.95675,0.0
2022-01-17 09:03:09.010421,40.12128,39.97625,0.0
2022-01-17 09:03:09.506574,39.3997,40.69925,0.0
2022-01-17 09:03:10.009191,40.12128,39.40925,0.0
2022-01-17 09:03:10.504917,40.01855,41.0595,0.0
2022-01-17 09:03:11.006549,40.01855,40.08025,0.0
2022-01-17 09:03:11.501352,39.6064,39.46125,0.0
2022-01-17 09:03:12.011064,40.27599,41.1635,0.0
2022-01-17 09:03:12.505542,40.4307,40.28575,0.0
2022-01-17 09:03:13.002597,39.65714,40.75,0.0
2022-01-17 09:03:13.508555,39.193,39.8735,0.0
2022-01-17 09:03:14.006304,40.74013,40.95675,0.0
2022-01-17 09:03:14.502823,40.12128,40.28575,0.0
2022-01-17 09:03:15.001729,39.03829,39.8215,0.0
2022-01-17 09:03:15.508333,40.22525,40.802,0.0
2022-01-17 09:03:16.005944,40.37996,39.8215,0.0
2022-01-17 09:03:16.501894,39.193,40.59525,0.0
2022-01-17 09:03:17.001152,39.50243,40.28575,0.0
2022-01-17 09:03:17.509119,40.37996,40.4405,0.0
2022-01-17 09:03:18.011199,40.01855,40.38975,0.0
2022-01-17 09:03:18.505670,39.65714,40.183,0.0
2022-01-17 09:03:19.008753,40.27599,40.69925,0.0
2022-01-17 09:03:19.504580,40.48269,39.8215,0.0
2022-01-17 09:03:20.002308,39.50243,40.802,0.0
2022-01-17 09:03:20.510332,39.96657,40.08025,0.0
2022-01-17 09:03:21.009231,39.96657,40.64725,0.0
2022-01-17 09:03:21.505152,40.01855,40.38975,0.0
2022-01-17 09:03:22.005751,39.24499,40.38975,0.0
2022-01-17 09:03:22.503356,40.48269,40.59525,0.0
2022-01-17 09:03:23.001167,40.07053,39.71875,0.0
2022-01-17 09:03:23.505986,39.55441,41.21425,0.0
2022-01-17 09:03:24.004550,40.58542,39.8215,0.0
2022-01-17 09:03:24.501102,39.50243,40.28575,0.0
2022-01-17 09:03:25.005382,39.81185,40.64725,0.0
2022-01-17 09:03:25.502963,40.12128,40.131,0.0
2022-01-17 09:03:26.011116,39.6064,40.69925,0.0
2022-01-17 09:03:26.506854,39.45168,39.564,0.0
2022-01-17 09:03:27.001239,40.27599,41.0595,0.0
2022-01-17 09:03:27.506290,40.17326,39.8215,0.0
2022-01-17 09:03:28.003023,39.45168,40.33775,0.0
2022-01-17 09:03:28.508013,40.12128,40.4405,0.0
2022-01-17 09:03:29.006141,40.58542,40.08025,0.0
2022-01-17 09:03:29.503203,39.86384,40.854,0.0
2022-01-17 09:03:30.002323,39.24499,39.8735,0.0
2022-01-17 09:03:30.508875,40.17326,41.31825,0.0
2022-01-17 09:03:31.003392,40.79211,40.08025,0.0
2022-01-17 09:03:31.501219,39.45168,39.97625,0.0
2022-01-17 09:03:32.010180,39.29697,40.75,0.0
2022-01-17 09:03:32.506198,40.99881,39.77075,0.0
2022-01-17 09:03:33.005690,39.76111,40.69925,0.0
2022-01-17 09:03:33.508805,38.67812,40.02825,0.0
2022-01-17 09:03:34.006040,40.6374,40.69925,0.0
2022-01-17 09:03:34.502567,40.53467,40.4405,0.0
2022-01-17 09:03:35.002312,39.09027,39.9255,0.0
2022-01-17 09:03:35.507479,38.78085,40.95675,0.0
2022-01-17 09:03:36.007293,40.94682,39.77075,0.0
2022-01-17 09:03:36.501399,39.86384,40.33775,0.0
2022-01-17 09:03:37.001852,39.193,40.5445,0.0
2022-01-17 09:03:37.508068,40.68938,40.28575,0.0
2022-01-17 09:03:38.006298,40.17326,40.5445,0.0
2022-01-17 09:03:38.501141,39.29697,40.28575,0.0
2022-01-17 09:03:39.001188,40.48269,40.4925,0.0
2022-01-17 09:03:39.510640,39.91582,40.33775,0.0
2022-01-17 09:03:40.009070,39.55441,40.183,0.0
2022-01-17 09:03:40.505775,40.17326,40.95675,0.0
2022-01-17 09:03:41.004748,39.70912,39.77075,0.0
2022-01-17 09:03:41.504403,39.65714,40.131,0.0
2022-01-17 09:03:42.010928,39.86384,40.854,0.0
2022-01-17 09:03:42.509487,40.17326,40.02825,0.0
2022-01-17 09:03:43.002765,39.50243,40.38975,0.0
2022-01-17 09:03:43.510666,39.55441,40.131,0.0
2022-01-17 09:03:44.008671,40.74013,40.95675,0.0
2022-01-17 09:03:44.505410,39.81185,39.8215,0.0
2022-01-17 09:03:45.002911,39.34772,40.33775,0.0
2022-01-17 09:03:45.509824,40.37996,40.90475,0.0
2022-01-17 09:03:46.008137,40.58542,39.616,0.0
2022-01-17 09:03:46.507619,39.70912,40.95675,0.0
2022-01-17 09:03:47.005260,39.03829,40.33775,0.0
2022-01-17 09:03:47.504257,40.99881,40.64725,0.0
2022-01-17 09:03:48.003643,39.96657,39.9255,0.0
2022-01-17 09:03:48.509160,38.72887,40.235,0.0
2022-01-17 09:03:49.010412,40.74013,41.21425,0.0
2022-01-17 09:03:49.506351,40.48269,39.35725,0.0
2022-01-17 09:03:50.004947,39.14226,40.75,0.0
2022-01-17 09:03:50.510428,40.01855,40.183,0.0
2022-01-17 09:03:51.010291,40.99881,40.38975,0.0
2022-01-17 09:03:51.505162,39.3997,40.4925,0.0
2022-01-17 09:03:52.005344,38.67812,40.131,0.0
2022-01-17 09:03:52.502962,40.89484,40.64725,0.0
2022-01-17 09:03:53.009933,40.07053,39.40925,0.0
2022-01-17 09:03:53.501183,38.98755,41.7305,0.0
2022-01-17 09:03:54.009549,40.32797,40.02825,0.0
2022-01-17 09:03:54.503041,40.07053,39.97625,0.0
2022-01-17 09:03:55.005118,39.55441,40.69925,0.0
2022-01-17 09:03:55.510248,40.32797,40.235,0.0
2022-01-17 09:03:56.009071,39.96657,40.64725,0.0
2022-01-17 09:03:56.504637,39.86384,39.8735,0.0
2022-01-17 09:03:57.004788,39.91582,40.802,0.0
2022-01-17 09:03:57.510891,40.12128,39.8215,0.0
2022-01-17 09:03:58.003613,39.65714,40.28575,0.0
2022-01-17 09:03:58.509102,39.96657,41.0595,0.0
2022-01-17 09:03:59.007927,40.01855,39.8215,0.0
2022-01-17 09:03:59.504395,39.3997,40.64725,0.0
2022-01-17 09:04:00.004105,40.01855,39.97625,0.0
2022-01-17 09:04:00.507840,39.91582,40.75,0.0
2022-01-17 09:04:01.005744,39.65714,39.9255,0.0
2022-01-17 09:04:01.502674,39.91582,40.28575,0.0
2022-01-17 09:04:02.001035,39.50243,40.4925,0.0
2022-01-17 09:04:02.510443,40.53467,39.8215,0.0
2022-01-17 09:04:03.002243,39.65714,40.90475,0.0
2022-01-17 09:04:03.508073,39.65714,40.183,0.0
2022-01-17 09:04:04.009373,40.17326,40.69925,0.0
2022-01-17 09:04:04.504855,40.07053,39.9255,0.0
2022-01-17 09:04:05.010288,39.96657,40.59525,0.0
2022-01-17 09:04:05.505083,39.45168,40.33775,0.0
2022-01-17 09:04:06.003438,41.10154,39.9255,0.0
2022-01-17 09:04:06.510618,39.70912,40.802,0.0
2022-01-17 09:04:07.009685,38.67812,39.616,0.0
2022-01-17 09:04:07.507321,40.58542,40.90475,0.0
2022-01-17 09:04:08.007468,39.81185,40.235,0.0
2022-01-17 09:04:08.504545,39.03829,40.75,0.0
2022-01-17 09:04:09.001159,40.01855,40.131,0.0
2022-01-17 09:04:09.507910,40.32797,40.08025,0.0
2022-01-17 09:04:10.006155,39.3997,40.64725,0.0
2022-01-17 09:04:10.503204,40.27599,39.71875,0.0
2022-01-17 09:04:11.010811,39.96657,40.75,0.0
2022-01-17 09:04:11.507864,39.91582,40.08025,0.0
2022-01-17 09:04:12.005037,40.07053,40.75,0.0
2022-01-17 09:04:12.509986,39.76111,40.5445,0.0
2022-01-17 09:04:13.010235,39.70912,40.33775,0.0
2022-01-17 09:04:13.503239,39.45168,40.59525,0.0
2022-01-17 09:04:14.004684,40.37996,39.8215,0.0
2022-01-17 09:04:14.503210,40.07053,40.235,0.0
2022-01-17 09:04:15.007690,39.193,40.5445,0.0
2022-01-17 09:04:15.502506,40.48269,39.9255,0.0
2022-01-17 09:04:16.001283,40.01855,40.235,0.0
2022-01-17 09:04:16.507506,39.34772,40.4925,0.0
2022-01-17 09:04:17.007076,40.12128,40.854,0.0
2022-01-17 09:04:17.508266,40.17326,40.38975,0.0
2022-01-17 09:04:18.007225,39.55441,39.9255,0.0
2022-01-17 09:04:18.508290,38.93556,40.75,0.0
2022-01-17 09:04:19.006403,40.99881,39.77075,0.0
2022-01-17 09:04:19.501683,38.21398,40.235,0.0
2022-01-17 09:04:20.001303,40.8441,40.5445,0.0
2022-01-17 09:04:20.507592,38.72887,39.2545,0.0
2022-01-17 09:04:21.006710,40.37996,41.1635,0.0
2022-01-17 09:04:21.503057,40.07053,39.97625,0.0
2022-01-17 09:04:22.001906,39.45168,40.08025,0.0
2022-01-17 09:04:22.501851,40.79211,40.854,0.0
2022-01-17 09:04:23.002295,39.50243,39.564,0.0
2022-01-17 09:04:23.508526,40.17326,40.08025,31.53416
2022-01-17 09:04:24.008445,40.6374,40.59525,31.53416
2022-01-17 09:04:24.505878,39.6064,39.564,80.50458
2022-01-17 09:04:25.004864,40.32797,40.28575,80.50458
2022-01-17 09:04:25.510418,40.48269,40.59525,89.10489
2022-01-17 09:04:26.010809,39.81185,40.02825,89.10489
2022-01-17 09:04:26.506250,39.96657,40.02825,88.98708
2022-01-17 09:04:27.005152,40.99881,41.00875,88.98708
2022-01-17 09:04:27.504029,39.55441,39.66675,87.88812
2022-01-17 09:04:28.003469,39.45168,39.564,87.88812
2022-01-17 09:04:28.502390,40.79211,40.854,87.57333
2022-01-17 09:04:29.002110,40.12128,40.02825,87.57333
2022-01-17 09:04:29.502098,39.14226,39.2025,88.00593
2022-01-17 09:04:30.001469,40.74013,40.75,88.00593
2022-01-17 09:04:30.502899,40.48269,40.4405,88.55541
2022-01-17 09:04:31.001370,39.6064,39.616,88.55541
2022-01-17 09:04:31.501935,40.48269,40.69925,87.77031
2022-01-17 09:04:32.002525,39.91582,39.9255,87.77031
2022-01-17 09:04:32.506124,40.12128,40.183,87.29906
2022-01-17 09:04:33.005144,39.65714,39.66675,87.29906
2022-01-17 09:04:33.502151,40.17326,40.28575,87.29906
2022-01-17 09:04:34.001973,40.22525,40.28575,87.29906
2022-01-17 09:04:34.507785,40.01855,39.9255,86.63083
2022-01-17 09:04:35.006217,40.01855,40.131,86.63083
2022-01-17 09:04:35.509849,40.4307,40.4405,87.84854
2022-01-17 09:04:36.009322,39.81185,39.8735,87.84854
2022-01-17 09:04:36.507609,40.27599,40.38975,87.77031
2022-01-17 09:04:37.006201,39.86384,40.02825,87.77031
2022-01-17 09:04:37.501178,40.32797,40.33775,87.6525
2022-01-17 09:04:38.001617,42.49395,42.659,87.6525
2022-01-17 09:04:38.507661,46.72317,46.94,88.90885
2022-01-17 09:04:39.007090,48.57972,48.64225,88.90885
2022-01-17 09:04:39.502645,51.93141,52.2015,87.14166
2022-01-17 09:04:40.003376,54.35483,54.83225,87.14166
2022-01-17 09:04:40.509702,57.9652,58.23675,87.73072
2022-01-17 09:04:41.008518,59.92448,60.3005,87.73072
2022-01-17 09:04:41.503039,63.22542,63.91175,88.00593
2022-01-17 09:04:42.009765,66.06223,66.4385,88.00593
2022-01-17 09:04:42.505851,68.8978,69.37875,88.47718
2022-01-17 09:04:43.004506,72.35346,73.042,88.47718
2022-01-17 09:04:43.509831,74.31274,75.05375,87.10208
2022-01-17 09:04:44.003537,78.07782,79.07725,87.10208
2022-01-17 09:04:44.509387,80.34653,80.88225,88.86926
2022-01-17 09:04:45.009303,82.97664,83.97725,88.86926
2022-01-17 09:04:45.507776,84.9879,85.7315,88.24156
2022-01-17 09:04:46.005017,82.30705,82.5845,88.24156
2022-01-17 09:04:46.511180,84.42104,85.0605,87.69114
2022-01-17 09:04:47.010303,82.9259,83.30625,87.69114
2022-01-17 09:04:47.503473,83.69946,84.54425,87.92676
2022-01-17 09:04:48.001436,83.7502,84.59625,87.92676
2022-01-17 09:04:48.508259,83.33805,84.02925,87.92676
2022-01-17 09:04:49.006276,83.44078,84.08,87.92676
2022-01-17 09:04:49.504122,83.7502,84.33875,87.53468
2022-01-17 09:04:50.003813,83.85417,84.59625,87.53468
2022-01-17 09:04:50.510532,83.44078,84.4415,85.7675
2022-01-17 09:04:51.009633,83.39003,84.33875,85.7675
2022-01-17 09:04:51.506696,83.49276,84.02925,86.5526
2022-01-17 09:04:52.007925,83.59549,84.4415,86.5526
2022-01-17 09:04:52.504093,83.44078,84.54425,86.3952
2022-01-17 09:04:53.002755,83.49276,84.33875,86.3952
2022-01-17 09:04:53.507803,83.02862,84.02925,86.31697
2022-01-17 09:04:54.008236,83.90492,84.132,86.31697
2022-01-17 09:04:54.503710,83.90492,84.803,86.04176
2022-01-17 09:04:55.003132,82.87391,84.184,86.04176
2022-01-17 09:04:55.509916,83.69946,84.59625,86.5526
2022-01-17 09:04:56.008312,83.18334,84.08,86.5526
2022-01-17 09:04:56.505131,84.1636,85.0605,85.29625
2022-01-17 09:04:57.004019,82.56449,83.92525,85.29625
2022-01-17 09:04:57.510863,83.80219,84.803,86.35656
2022-01-17 09:04:58.008843,83.80219,84.23475,86.35656
2022-01-17 09:04:58.505136,83.39003,84.33875,85.7675
2022-01-17 09:04:59.005208,83.49276,84.699,85.7675
2022-01-17 09:04:59.501966,82.97664,83.92525,85.6101
2022-01-17 09:05:00.002067,83.7502,84.699,85.6101
2022-01-17 09:05:00.507689,83.7502,84.54425,86.00312
2022-01-17 09:05:01.006833,83.18334,84.3895,86.00312
2022-01-17 09:05:01.502163,83.33805,84.751,85.84572
2022-01-17 09:05:02.001160,83.7502,84.3895,85.84572
2022-01-17 09:05:02.508024,83.80219,84.28675,85.37447
2022-01-17 09:05:03.010473,83.44078,84.23475,85.37447
2022-01-17 09:05:03.507637,83.54475,84.3895,85.53187
2022-01-17 09:05:04.006140,83.69946,84.3895,85.53187
2022-01-17 09:05:04.504321,83.64747,84.3895,85.92395
2022-01-17 09:05:05.002563,83.39003,84.33875,85.92395
2022-01-17 09:05:05.502691,83.9569,84.4935,84.98145
2022-01-17 09:05:06.001823,83.59549,84.33875,84.98145
2022-01-17 09:05:06.503709,83.80219,84.28675,85.7675
2022-01-17 09:05:07.008722,83.64747,84.132,85.7675
2022-01-17 09:05:07.504186,83.39003,84.28675,85.09926
2022-01-17 09:05:08.002626,83.54475,84.132,85.09926
2022-01-17 09:05:08.502190,83.49276,84.54425,85.21708
2022-01-17 09:05:09.001812,83.80219,84.4935,85.21708
2022-01-17 09:05:09.501559,83.59549,84.3895,85.49229
2022-01-17 09:05:10.007786,84.21434,84.54425,85.49229
2022-01-17 09:05:10.501645,83.7502,84.184,86.35656
2022-01-17 09:05:11.009902,83.64747,84.4415,86.35656
2022-01-17 09:05:11.505348,83.59549,84.08,85.06062
2022-01-17 09:05:12.006273,83.23532,84.08,85.06062
2022-01-17 09:05:12.506110,84.05963,84.751,85.92395
2022-01-17 09:05:13.006617,83.44078,84.59625,85.92395
2022-01-17 09:05:13.501642,83.7502,84.184,84.98145
2022-01-17 09:05:14.001218,84.05963,84.54425,84.98145
2022-01-17 09:05:14.506469,83.90492,84.4935,86.00312
2022-01-17 09:05:15.006924,83.59549,84.3895,86.00312
2022-01-17 09:05:15.503408,83.80219,84.699,86.04176
2022-01-17 09:05:16.004185,83.49276,83.97725,86.04176
2022-01-17 09:05:16.501635,83.49276,84.699,85.72791
2022-01-17 09:05:17.004421,83.85417,84.28675,85.72791
2022-01-17 09:05:17.509994,83.49276,84.23475,85.68833
2022-01-17 09:05:18.009836,84.00888,84.54425,85.68833
2022-01-17 09:05:18.509556,84.11161,84.4415,85.64968
2022-01-17 09:05:19.008854,83.28607,84.02925,85.64968
2022-01-17 09:05:19.505566,84.11161,84.95775,85.41406
2022-01-17 09:05:20.003984,83.02862,83.97725,85.41406
2022-01-17 09:05:20.501298,84.31831,84.751,86.00312
2022-01-17 09:05:21.002683,82.82193,83.7705,86.00312
2022-01-17 09:05:21.509127,83.90492,84.54425,85.41406
2022-01-17 09:05:22.010355,83.9569,84.4415,85.41406
2022-01-17 09:05:22.506183,83.69946,84.28675,85.88531
2022-01-17 09:05:23.007892,83.80219,84.33875,85.88531
2022-01-17 09:05:23.504236,83.54475,84.3895,86.00312
2022-01-17 09:05:24.008400,83.49276,84.132,86.00312
2022-01-17 09:05:24.504176,83.54475,84.59625,85.57051
2022-01-17 09:05:25.003809,84.00888,84.4935,85.57051
2022-01-17 09:05:25.509116,83.33805,84.132,85.6101
2022-01-17 09:05:26.008154,83.69946,84.28675,85.6101
2022-01-17 09:05:26.503700,83.69946,84.02925,85.64968
2022-01-17 09:05:27.002955,82.5125,83.04875,85.64968
2022-01-17 09:05:27.508686,85.03989,85.422,90.87208
2022-01-17 09:05:28.007101,82.40977,82.99675,90.87208
2022-01-17 09:05:28.502941,84.05963,84.54425,234.91812
2022-01-17 09:05:29.001536,83.23532,83.71975,234.91812
2022-01-17 09:05:29.510406,84.1636,84.59625,213.7901
2022-01-17 09:05:30.007663,83.44078,83.71975,213.7901
2022-01-17 09:05:30.509918,83.49276,84.184,134.14885
2022-01-17 09:05:31.008880,84.00888,84.184,134.14885
2022-01-17 09:05:31.502181,83.33805,83.97725,89.73354
2022-01-17 09:05:32.010641,84.26632,84.803,89.73354
2022-01-17 09:05:32.506146,82.40977,83.1515,94.0926
2022-01-17 09:05:33.004497,84.42104,84.803,94.0926
2022-01-17 09:05:33.506760,83.08061,83.461,89.02666
2022-01-17 09:05:34.008776,84.78245,85.6795,89.02666
2022-01-17 09:05:34.504338,83.02862,83.7705,87.14166
2022-01-17 09:05:35.002680,83.85417,84.54425,87.14166
2022-01-17 09:05:35.509228,83.80219,84.3895,85.80614
2022-01-17 09:05:36.002745,83.13135,84.23475,85.80614
2022-01-17 09:05:36.508719,83.7502,84.4935,86.67041
2022-01-17 09:05:37.007515,83.33805,83.97725,86.67041
2022-01-17 09:05:37.511053,83.9569,84.3895,86.19916
2022-01-17 09:05:38.010598,83.7502,84.33875,86.19916
2022-01-17 09:05:38.509584,83.69946,84.54425,86.63083
2022-01-17 09:05:39.008590,83.44078,83.8225,86.63083
2022-01-17 09:05:39.503154,84.11161,84.95775,86.78822
2022-01-17 09:05:40.010809,83.59549,84.132,86.78822
2022-01-17 09:05:40.509744,83.23532,84.28675,85.6101
2022-01-17 09:05:41.008841,84.00888,84.751,85.6101
2022-01-17 09:05:41.505117,83.13135,84.02925,85.64968
2022-01-17 09:05:42.003472,84.05963,84.95775,85.64968
2022-01-17 09:05:42.509368,83.49276,84.02925,85.57051
2022-01-17 09:05:43.009852,84.1636,84.90575,85.57051
2022-01-17 09:05:43.508977,83.85417,84.3895,85.21708
2022-01-17 09:05:44.007046,83.18334,84.02925,85.21708
2022-01-17 09:05:44.503456,83.9569,84.4415,85.68833
2022-01-17 09:05:45.011104,83.9569,84.4935,85.68833
2022-01-17 09:05:45.505733,83.49276,84.28675,85.68833
2022-01-17 09:05:46.004132,83.39003,84.3895,85.68833
2022-01-17 09:05:46.509099,83.69946,84.4935,85.37447
2022-01-17 09:05:47.008290,83.64747,84.23475,85.37447
2022-01-17 09:05:47.502601,84.11161,84.85375,86.15958
2022-01-17 09:05:48.001708,83.54475,84.184,86.15958
2022-01-17 09:05:48.509648,83.49276,84.3895,85.49229
2022-01-17 09:05:49.009774,83.90492,84.28675,85.49229
2022-01-17 09:05:49.508237,83.69946,84.4415,85.57051
2022-01-17 09:05:50.006758,83.64747,84.4935,85.57051
2022-01-17 09:05:50.503045,83.59549,84.33875,86.51301
2022-01-17 09:05:51.003810,83.33805,83.97725,86.51301
2022-01-17 09:05:51.501158,84.00888,84.54425,85.72791
2022-01-17 09:05:52.006025,83.69946,84.699,85.72791
2022-01-17 09:05:52.505956,83.59549,84.4415,85.64968
2022-01-17 09:05:53.005848,83.59549,84.3895,85.64968
2022-01-17 09:05:53.503363,83.59549,84.23475,86.27739
2022-01-17 09:05:54.002331,84.00888,84.699,86.27739
2022-01-17 09:05:54.510504,83.64747,84.4935,85.92395
2022-01-17 09:05:55.004174,83.44078,83.97725,85.92395
2022-01-17 09:05:56.004642,84.21434,84.95775,85.13885
2022-01-17 09:05:56.501352,83.49276,84.3895,85.84572
2022-01-17 09:05:57.002587,84.00888,84.699,85.84572
2022-01-17 09:05:57.510785,83.33805,84.02925,85.33489
2022-01-17 09:05:58.010214,83.69946,84.3895,85.33489
2022-01-17 09:05:58.507862,84.1636,84.803,85.88531
2022-01-17 09:05:59.007481,82.82193,83.7705,85.88531
2022-01-17 09:05:59.508875,84.26632,84.85375,86.71
2022-01-17 09:06:00.008873,83.39003,83.92525,86.71
2022-01-17 09:06:00.504589,83.90492,84.4415,85.21708
2022-01-17 09:06:01.003915,83.69946,84.28675,85.21708
2022-01-17 09:06:01.501233,83.64747,84.4935,85.53187
2022-01-17 09:06:02.010115,83.54475,84.184,85.53187
2022-01-17 09:06:02.506467,83.90492,84.54425,85.49229
2022-01-17 09:06:03.007736,83.9569,84.59625,85.49229
2022-01-17 09:06:03.502629,83.08061,84.28675,85.06062
2022-01-17 09:06:04.002086,84.11161,84.54425,85.06062
2022-01-17 09:06:04.508377,83.54475,83.97725,85.6101
2022-01-17 09:06:05.011061,84.00888,84.59625,85.6101
2022-01-17 09:06:05.508716,83.59549,84.3895,85.49229
2022-01-17 09:06:06.007642,83.54475,84.3895,85.49229
2022-01-17 09:06:06.505223,83.90492,84.4935,86.51301
2022-01-17 09:06:07.003760,83.44078,84.33875,86.51301
2022-01-17 09:06:07.504156,84.21434,84.803,85.72791
2022-01-17 09:06:08.005620,83.49276,84.02925,85.72791
2022-01-17 09:06:08.502452,84.05963,84.4935,85.4527
2022-01-17 09:06:09.007781,83.64747,84.08,85.4527
2022-01-17 09:06:09.503732,83.9569,84.699,85.68833
2022-01-17 09:06:10.001221,83.33805,84.132,85.68833
2022-01-17 09:06:10.509344,83.9569,84.85375,85.53187
2022-01-17 09:06:11.001672,83.44078,84.132,85.53187
2022-01-17 09:06:11.508736,83.49276,84.4935,85.64968
2022-01-17 09:06:12.007779,84.21434,84.59625,85.64968
2022-01-17 09:06:12.502737,83.90492,84.4935,85.6101
2022-01-17 09:06:13.009970,83.64747,84.184,85.6101
2022-01-17 09:06:13.505054,83.49276,84.08,86.51301
2022-01-17 09:06:14.005160,83.80219,84.4935,86.51301
2022-01-17 09:06:14.501925,83.54475,84.28675,85.21708
2022-01-17 09:06:15.006783,83.39003,84.64825,85.21708
2022-01-17 09:06:15.503350,83.54475,84.08,85.92395
2022-01-17 09:06:16.007174,84.21434,84.751,85.92395
2022-01-17 09:06:16.504217,84.05963,84.4935,85.53187
2022-01-17 09:06:17.002670,83.49276,84.28675,85.53187
2022-01-17 09:06:17.509352,83.54475,84.23475,85.09926
2022-01-17 09:06:18.010340,83.7502,84.23475,85.09926
2022-01-17 09:06:18.507885,83.9569,84.803,85.72791
2022-01-17 09:06:19.008144,83.44078,84.08,85.72791
2022-01-17 09:06:19.510827,83.44078,84.33875,85.68833
2022-01-17 09:06:20.009715,83.64747,84.132,85.68833
2022-01-17 09:06:20.510804,84.00888,84.699,85.72791
2022-01-17 09:06:21.006407,83.7502,84.4415,85.72791
2022-01-17 09:06:21.504125,83.69946,84.54425,86.31697
2022-01-17 09:06:22.004523,83.18334,84.132,86.31697
2022-01-17 09:06:22.506145,83.90492,84.4935,85.57051
2022-01-17 09:06:23.009645,83.85417,84.803,85.57051
2022-01-17 09:06:23.508010,83.23532,83.71975,84.74583
2022-01-17 09:06:24.006795,84.11161,84.803,84.74583
2022-01-17 09:06:24.506293,83.28607,83.8745,86.19916
2022-01-17 09:06:25.004820,84.21434,85.0085,86.19916
2022-01-17 09:06:25.510527,83.44078,84.132,85.84572
2022-01-17 09:06:26.008704,84.00888,84.751,85.84572
2022-01-17 09:06:26.504185,83.13135,84.132,86.08135
2022-01-17 09:06:27.005165,83.85417,84.3895,86.08135
2022-01-17 09:06:27.502848,83.90492,84.4935,85.84572
2022-01-17 09:06:28.002971,83.54475,84.02925,85.84572
2022-01-17 09:06:28.508475,84.00888,84.751,85.33489
2022-01-17 09:06:29.006773,83.64747,84.33875,85.33489
2022-01-17 09:06:29.502584,83.9569,84.54425,85.64968
2022-01-17 09:06:30.002379,83.28607,84.08,85.64968
2022-01-17 09:06:30.508782,83.90492,84.3895,85.49229
2022-01-17 09:06:31.007466,83.44078,84.54425,85.49229
2022-01-17 09:06:31.506077,84.05963,84.59625,84.94281
2022-01-17 09:06:32.005888,84.00888,84.54425,84.94281
2022-01-17 09:06:32.507029,83.44078,84.23475,86.08135
2022-01-17 09:06:33.005278,84.05963,84.699,86.08135
2022-01-17 09:06:33.510950,83.85417,84.54425,85.06062
2022-01-17 09:06:34.010470,83.69946,84.132,85.06062
2022-01-17 09:06:34.508064,82.87391,83.8745,85.72791
2022-01-17 09:06:35.005963,84.00888,84.699,85.72791
2022-01-17 09:06:35.501432,83.54475,84.3895,84.98145
2022-01-17 09:06:36.002898,83.9569,84.54425,84.98145
2022-01-17 09:06:36.502218,83.9569,84.54425,86.04176
2022-01-17 09:06:37.005120,83.39003,83.97725,86.04176
2022-01-17 09:06:37.501681,84.36905,84.85375,85.68833
2022-01-17 09:06:38.010941,82.97664,83.92525,85.68833
2022-01-17 09:06:38.505936,84.1636,84.4415,85.7675
2022-01-17 09:06:39.004514,83.54475,84.33875,85.7675
2022-01-17 09:06:39.507283,83.9569,84.699,85.41406
2022-01-17 09:06:40.006923,83.59549,84.28675,85.41406
2022-01-17 09:06:40.508088,83.90492,84.54425,86.5526
2022-01-17 09:06:41.004357,84.05963,84.54425,86.5526
2022-01-17 09:06:41.510739,83.80219,84.4415,86.19916
2022-01-17 09:06:42.009276,83.54475,83.92525,86.19916
2022-01-17 09:06:42.505601,83.54475,84.4935,85.09926
2022-01-17 09:06:43.007113,83.90492,84.28675,85.09926
2022-01-17 09:06:43.502047,84.05963,84.803,86.71
2022-01-17 09:06:44.010629,83.39003,84.23475,86.71
2022-01-17 09:06:44.502575,83.59549,84.4415,85.68833
2022-01-17 09:06:45.003722,83.85417,84.54425,85.68833
2022-01-17 09:06:45.502914,83.9569,84.28675,85.21708
2022-01-17 09:06:46.001598,83.49276,84.33875,85.21708
2022-01-17 09:06:46.502027,83.7502,84.23475,86.59218
2022-01-17 09:06:47.002769,83.9569,84.751,86.59218
2022-01-17 09:06:47.509067,83.54475,84.4415,85.92395
2022-01-17 09:06:48.002759,83.69946,84.184,85.92395
2022-01-17 09:06:48.509629,83.49276,84.23475,85.84572
2022-01-17 09:06:49.004565,83.90492,84.4415,85.84572
2022-01-17 09:06:50.005479,83.90492,84.33875,85.53187
2022-01-17 09:06:50.502838,83.49276,84.4415,85.7675
2022-01-17 09:06:51.002075,83.64747,84.132,85.7675
2022-01-17 09:06:51.510581,84.00888,84.85375,84.6676
2022-01-17 09:06:52.009114,83.69946,84.54425,84.6676
2022-01-17 09:06:52.508819,83.18334,83.61575,85.96354
2022-01-17 09:06:53.006849,83.9569,84.64825,85.96354
2022-01-17 09:06:53.503537,83.59549,84.184,85.57051
2022-01-17 09:06:54.002333,84.05963,85.16325,85.57051
2022-01-17 09:06:54.509626,83.44078,84.02925,86.08135
2022-01-17 09:06:55.003385,83.9569,84.54425,86.08135
2022-01-17 09:06:55.510331,83.49276,84.132,85.41406
2022-01-17 09:06:56.006359,84.21434,85.1125,85.41406
2022-01-17 09:06:56.503175,83.18334,83.71975,85.68833
2022-01-17 09:06:57.002879,83.85417,84.23475,85.68833
2022-01-17 09:06:57.510338,83.18334,84.08,85.64968
2022-01-17 09:06:58.009721,84.42104,84.751,85.64968
2022-01-17 09:06:58.508946,83.64747,84.3895,86.27739
2022-01-17 09:06:59.007598,83.59549,84.132,86.27739
2022-01-17 09:06:59.504843,83.7502,84.3895,85.25666
2022-01-17 09:07:00.005592,83.59549,84.4415,85.25666
2022-01-17 09:07:00.504573,83.85417,84.3895,85.57051
2022-01-17 09:07:01.007376,83.64747,84.59625,85.57051
2022-01-17 09:07:01.502776,83.64747,84.23475,85.37447
2022-01-17 09:07:02.001784,83.64747,84.3895,85.37447
2022-01-17 09:07:02.508561,84.1636,84.54425,85.68833
2022-01-17 09:07:03.007371,83.9569,84.4415,85.68833
2022-01-17 09:07:03.508751,83.23532,83.97725,85.64968
2022-01-17 09:07:04.001343,84.21434,84.803,85.64968
2022-01-17 09:07:04.508180,83.33805,84.132,86.12093
2022-01-17 09:07:05.006118,84.11161,84.803,86.12093
2022-01-17 09:07:05.502805,83.28607,84.3895,85.25666
2022-01-17 09:07:06.002947,83.64747,84.02925,85.25666
2022-01-17 09:07:06.508723,84.1636,84.54425,85.17843
2022-01-17 09:07:07.007912,83.90492,84.59625,85.17843
2022-01-17 09:07:07.505404,83.33805,84.08,85.92395
2022-01-17 09:07:08.011056,83.7502,84.59625,85.92395
2022-01-17 09:07:08.508213,83.49276,84.132,86.35656
2022-01-17 09:07:09.007538,83.39003,84.54425,86.35656
2022-01-17 09:07:09.502993,84.05963,84.699,85.41406
2022-01-17 09:07:10.002213,83.7502,84.28675,85.41406
2022-01-17 09:07:10.510079,83.9569,84.4415,85.02104
2022-01-17 09:07:11.009687,83.54475,84.08,85.02104
2022-01-17 09:07:11.507102,83.9569,84.751,86.19916
2022-01-17 09:07:12.005698,83.69946,84.23475,86.19916
2022-01-17 09:07:12.502363,83.54475,84.699,85.92395
2022-01-17 09:07:13.001198,83.59549,84.08,85.92395
2022-01-17 09:07:13.508328,83.64747,84.4935,85.25666
2022-01-17 09:07:14.007124,84.11161,84.751,85.25666
2022-01-17 09:07:14.504763,84.21434,84.54425,85.7675
2022-01-17 09:07:15.009873,83.69946,84.28675,85.7675
2022-01-17 09:07:15.508772,83.33805,83.7705,85.88531
2022-01-17 09:07:16.005680,84.00888,84.95775,85.88531
2022-01-17 09:07:16.510888,83.7502,84.23475,85.49229
2022-01-17 09:07:17.009219,83.23532,84.23475,85.49229
2022-01-17 09:07:17.507186,83.9569,84.33875,85.68833
2022-01-17 09:07:18.005743,83.80219,84.132,85.68833
2022-01-17 09:07:18.502482,84.00888,84.699,85.53187
2022-01-17 09:07:19.003637,83.9569,84.54425,85.53187
2022-01-17 09:07:19.510285,83.39003,84.132,85.53187
2022-01-17 09:07:20.009913,83.85417,84.54425,85.53187
2022-01-17 09:07:20.509906,83.64747,84.699,85.4527
2022-01-17 09:07:21.009809,83.39003,84.132,85.4527
2022-01-17 09:07:21.505614,83.49276,84.132,85.21708
2022-01-17 09:07:22.004212,83.59549,83.97725,85.21708
2022-01-17 09:07:22.511005,84.1636,84.59625,86.51301
2022-01-17 09:07:23.008268,84.00888,84.803,86.51301
2022-01-17 09:07:23.506566,83.33805,84.02925,86.31697
2022-01-17 09:07:24.005178,83.7502,84.699,86.31697
2022-01-17 09:07:24.501402,83.44078,84.08,85.53187
2022-01-17 09:07:25.003979,83.80219,84.85375,85.53187
2022-01-17 09:07:25.508673,83.7502,84.132,86.08135
2022-01-17 09:07:26.007326,83.59549,84.08,86.08135
2022-01-17 09:07:26.501972,83.69946,84.3895,85.4527
2022-01-17 09:07:27.011070,84.42104,85.0085,85.4527
2022-01-17 09:07:27.506304,83.28607,83.8745,86.19916
2022-01-17 09:07:28.004718,84.11161,84.699,86.19916
2022-01-17 09:07:28.504481,83.08061,84.02925,86.43479
2022-01-17 09:07:29.003467,83.85417,84.33875,86.43479
2022-01-17 09:07:29.505854,83.9569,84.4935,86.47437
2022-01-17 09:07:30.006829,83.7502,84.23475,86.47437
2022-01-17 09:07:30.508481,83.44078,84.02925,86.00312
2022-01-17 09:07:31.008109,83.64747,84.4415,86.00312
2022-01-17 09:07:31.510866,83.90492,84.33875,85.84572
2022-01-17 09:07:32.008110,83.44078,84.28675,85.84572
2022-01-17 09:07:32.507431,83.69946,84.4415,86.31697
2022-01-17 09:07:33.010583,83.28607,84.23475,86.31697
2022-01-17 09:07:33.502893,83.90492,84.3895,85.80614
2022-01-17 09:07:34.002404,83.90492,84.33875,85.80614
2022-01-17 09:07:34.509313,83.59549,84.184,85.53187
2022-01-17 09:07:35.010820,84.05963,84.59625,85.53187
2022-01-17 09:07:35.506733,83.23532,83.97725,85.41406
2022-01-17 09:07:36.009063,84.00888,84.4415,85.41406
2022-01-17 09:07:36.508183,83.28607,84.184,85.4527
2022-01-17 09:07:37.007245,83.9569,84.64825,85.4527
2022-01-17 09:07:37.502667,83.85417,84.23475,85.68833
2022-01-17 09:07:38.002289,83.85417,84.54425,85.68833
2022-01-17 09:07:38.510181,83.44078,84.08,85.29625
2022-01-17 09:07:39.009394,84.36905,85.16325,85.29625
2022-01-17 09:07:39.508030,83.54475,83.97725,85.96354
2022-01-17 09:07:40.006014,83.18334,84.08,85.96354
2022-01-17 09:07:40.503825,84.1636,84.803,85.6101
2022-01-17 09:07:41.002700,83.49276,84.02925,85.6101
2022-01-17 09:07:41.508697,84.05963,84.64825,85.64968
2022-01-17 09:07:42.010548,83.80219,84.4935,85.64968
2022-01-17 09:07:42.506866,83.39003,84.02925,86.74864
2022-01-17 09:07:43.005369,84.21434,84.85375,86.74864
2022-01-17 09:07:43.502706,83.49276,84.132,85.64968
2022-01-17 09:07:44.002582,83.54475,83.97725,85.64968
2022-01-17 09:07:44.510164,83.80219,84.59625,85.92395
2022-01-17 09:07:45.010321,83.80219,84.4935,85.92395
2022-01-17 09:07:45.510761,83.9569,84.28675,85.96354
2022-01-17 09:07:46.010566,83.44078,84.184,85.96354
2022-01-17 09:07:46.505124,83.54475,84.28675,85.49229
2022-01-17 09:07:47.003658,83.7502,84.4935,85.49229
2022-01-17 09:07:47.502777,84.00888,84.54425,85.02104
2022-01-17 09:07:48.010126,83.28607,84.33875,85.02104
2022-01-17 09:07:48.505720,83.7502,84.28675,87.21989
2022-01-17 09:07:49.009293,83.64747,84.33875,87.21989
2022-01-17 09:07:49.504817,83.59549,83.8745,85.06062
2022-01-17 09:07:50.009046,84.05963,84.4415,85.06062
2022-01-17 09:07:50.505650,83.33805,83.71975,220.03416
2022-01-17 09:07:51.003596,83.7502,84.132,220.03416
2022-01-17 09:07:51.510585,83.80219,84.59625,231.38375
2022-01-17 09:07:52.008926,83.18334,83.66775,231.38375
2022-01-17 09:07:52.505242,84.00888,84.3895,165.99781
2022-01-17 09:07:53.003525,83.39003,83.71975,165.99781
2022-01-17 09:07:53.501813,84.26632,84.85375,94.17083
2022-01-17 09:07:54.001203,83.54475,84.02925,94.17083
2022-01-17 09:07:54.510646,83.64747,84.132,90.28301
2022-01-17 09:07:55.009792,83.54475,83.8745,90.28301
2022-01-17 09:07:55.505641,83.69946,84.33875,95.15291
2022-01-17 09:07:56.002351,83.69946,84.3895,95.15291
2022-01-17 09:07:56.506759,83.39003,83.66775,87.61291
2022-01-17 09:07:57.003803,84.26632,84.64825,87.61291
2022-01-17 09:07:57.502672,83.44078,84.132,86.90604
2022-01-17 09:07:58.010132,84.47302,85.21525,86.90604
2022-01-17 09:07:58.508107,83.18334,83.8225,87.02385
2022-01-17 09:07:59.006386,84.31831,84.90575,87.02385
2022-01-17 09:07:59.503132,82.9259,83.92525,87.14166
2022-01-17 09:08:00.002058,83.85417,84.4935,87.14166
2022-01-17 09:08:00.508691,83.85417,84.28675,86.3952
2022-01-17 09:08:01.004705,83.39003,83.66775,86.3952
2022-01-17 09:08:01.502460,83.7502,84.23475,87.29906
2022-01-17 09:08:02.003209,83.44078,83.7705,87.29906
2022-01-17 09:08:02.508186,83.7502,84.4415,87.45551
2022-01-17 09:08:03.007565,83.18334,83.66775,87.45551
2022-01-17 09:08:03.505252,83.90492,84.33875,87.4951
2022-01-17 09:08:04.004634,83.54475,83.92525,87.4951
2022-01-17 09:08:04.509978,83.90492,84.184,87.61291
2022-01-17 09:08:05.010511,84.1636,84.54425,87.61291
2022-01-17 09:08:05.506862,82.77118,83.2555,87.88812
2022-01-17 09:08:06.006501,84.42104,85.0085,87.88812
2022-01-17 09:08:06.503478,82.7192,83.1515,87.53468
2022-01-17 09:08:07.001565,84.57575,85.318,87.53468
2022-01-17 09:08:07.502138,82.77118,83.61575,87.25947
2022-01-17 09:08:08.001674,84.47302,84.85375,87.25947
2022-01-17 09:08:08.507522,83.44078,83.35825,86.78822
2022-01-17 09:08:09.008394,83.69946,84.28675,86.78822
2022-01-17 09:08:09.504013,84.05963,84.54425,88.08416
2022-01-17 09:08:10.001737,83.13135,83.513,88.08416
2022-01-17 09:08:10.507483,83.85417,84.4935,87.61291
2022-01-17 09:08:11.009294,82.61647,83.565,87.61291
2022-01-17 09:08:11.505148,84.42104,85.0085,87.69114
2022-01-17 09:08:12.001156,83.28607,83.66775,87.69114
2022-01-17 09:08:12.507975,84.05963,84.33875,88.12375
2022-01-17 09:08:13.006710,83.44078,83.71975,88.12375
2022-01-17 09:08:13.502669,83.80219,84.184,87.18125
2022-01-17 09:08:14.005326,84.11161,84.803,87.18125
2022-01-17 09:08:14.501431,83.08061,83.71975,88.00593
2022-01-17 09:08:15.010519,83.69946,84.132,88.00593
2022-01-17 09:08:15.508320,83.44078,83.97725,87.45551
2022-01-17 09:08:16.006446,84.36905,84.95775,87.45551
2022-01-17 09:08:16.502685,83.18334,83.66775,86.98426
2022-01-17 09:08:17.009938,84.1636,84.33875,86.98426
2022-01-17 09:08:17.506302,83.08061,83.513,86.98426
2022-01-17 09:08:18.004448,84.31831,85.0085,86.98426
2022-01-17 09:08:18.508833,83.64747,84.28675,87.77031
2022-01-17 09:08:19.006396,83.28607,83.8225,87.77031
2022-01-17 09:08:19.503722,83.64747,83.92525,87.73072
2022-01-17 09:08:20.010318,83.54475,84.184,87.73072
2022-01-17 09:08:20.504189,84.26632,84.699,87.57333
2022-01-17 09:08:21.003905,83.64747,84.08,87.57333
2022-01-17 09:08:21.501231,83.44078,83.7705,87.92676
2022-01-17 09:08:22.010671,83.69946,84.23475,87.92676
2022-01-17 09:08:22.505487,83.85417,84.751,86.59218
2022-01-17 09:08:23.002470,83.59549,83.97725,86.59218
2022-01-17 09:08:23.508259,83.90492,84.23475,87.80895
2022-01-17 09:08:24.008085,83.28607,83.461,87.80895
2022-01-17 09:08:24.502049,84.36905,84.64825,87.37729
2022-01-17 09:08:25.002580,83.18334,84.59625,87.37729
2022-01-17 09:08:25.508195,82.87391,84.699,-0.03864
2022-01-17 09:08:26.008246,82.97664,83.66775,-0.03864
2022-01-17 09:08:26.506564,82.15233,85.57675,0.0
2022-01-17 09:08:27.004478,80.29578,84.23475,0.0
2022-01-17 09:08:27.510154,84.73046,84.28675,0.0
2022-01-17 09:08:28.008870,84.31831,84.4935,0.0
2022-01-17 09:08:28.505068,82.7192,83.66775,0.0
2022-01-17 09:08:29.002830,83.08061,85.37,0.0
2022-01-17 09:08:29.507336,84.47302,84.132,0.0
2022-01-17 09:08:30.005960,83.02862,84.54425,0.0
2022-01-17 09:08:31.005453,83.7502,83.61575,0.0
2022-01-17 09:08:31.501948,83.02862,85.318,0.0
2022-01-17 09:08:32.001165,83.9569,83.66775,0.0
2022-01-17 09:08:32.507540,83.9569,84.95775,0.0
2022-01-17 09:08:33.007334,82.82193,84.02925,0.0
2022-01-17 09:08:33.505052,83.64747,84.132,0.0
2022-01-17 09:08:34.004043,83.23532,84.54425,0.0
2022-01-17 09:08:34.509835,83.18334,84.4415,0.0
2022-01-17 09:08:35.008324,83.54475,84.23475,0.0
2022-01-17 09:08:35.504128,83.64747,84.54425,0.0
2022-01-17 09:08:36.002252,83.39003,84.4415,0.0
2022-01-17 09:08:36.508884,83.59549,84.64825,0.0
2022-01-17 09:08:37.007132,83.69946,84.4415,0.0
2022-01-17 09:08:37.506969,83.28607,83.513,0.0
2022-01-17 09:08:38.006352,83.54475,85.0085,0.0
2022-01-17 09:08:38.505114,82.5125,84.751,0.0
2022-01-17 09:08:39.005172,84.00888,84.3895,0.0
2022-01-17 09:08:39.501144,83.90492,83.513,0.0
2022-01-17 09:08:40.007198,83.80219,84.132,0.0
2022-01-17 09:08:40.504314,83.33805,85.0085,0.0
2022-01-17 09:08:41.002789,83.18334,84.64825,0.0
2022-01-17 09:08:41.507900,81.6882,83.04875,0.0
2022-01-17 09:08:42.007154,80.96538,79.128,0.0
2022-01-17 09:08:42.502572,71.32246,73.042,0.0
2022-01-17 09:08:43.001165,70.18749,70.92625,0.0
2022-01-17 09:08:43.508519,69.56864,69.276,0.0
2022-01-17 09:08:44.008247,67.96953,68.14075,0.0
2022-01-17 09:08:44.505843,60.49258,62.98325,0.0
2022-01-17 09:08:45.004988,59.51232,58.90775,0.0
2022-01-17 09:08:45.510507,57.7585,57.2055,0.0
2022-01-17 09:08:46.005273,55.64451,56.07025,0.0
2022-01-17 09:08:46.502811,49.61072,51.73725,0.0
2022-01-17 09:08:47.001954,48.42501,47.81775,0.0
2022-01-17 09:08:47.501628,47.29004,46.0635,0.0
2022-01-17 09:08:48.001759,40.32797,43.43275,0.0
2022-01-17 09:08:48.506928,38.57415,38.84225,0.0
2022-01-17 09:08:49.006017,38.31671,37.759,0.0
2022-01-17 09:08:49.501480,39.86384,39.15175,0.0
2022-01-17 09:08:50.009494,41.15352,42.092,0.0
2022-01-17 09:08:50.504318,40.48269,41.62775,0.0
2022-01-17 09:08:51.004263,39.91582,39.8215,0.0
2022-01-17 09:08:51.510737,39.34772,38.6875,0.0
2022-01-17 09:08:52.008594,39.24499,39.35725,0.0
2022-01-17 09:08:52.507025,40.58542,41.473,0.0
2022-01-17 09:08:53.007805,40.74013,40.5445,0.0
2022-01-17 09:08:53.503120,40.32797,39.35725,0.0
2022-01-17 09:08:54.006688,39.96657,38.48075,0.0
2022-01-17 09:08:54.502447,39.29697,41.83325,0.0
2022-01-17 09:08:55.001218,39.3997,40.854,0.0
2022-01-17 09:08:55.508825,39.76111,39.40925,0.0
2022-01-17 09:08:56.009202,40.17326,39.3065,0.0
2022-01-17 09:08:56.505869,39.3997,41.31825,0.0
2022-01-17 09:08:57.007453,40.12128,40.4925,0.0
2022-01-17 09:08:57.502367,40.12128,39.15175,0.0
2022-01-17 09:08:58.003093,40.32797,41.369,0.0
2022-01-17 09:08:58.507598,39.91582,40.854,0.0
2022-01-17 09:08:59.006657,40.07053,39.77075,0.0
2022-01-17 09:08:59.502734,39.6064,40.183,0.0
2022-01-17 09:09:00.002631,39.70912,41.21425,0.0
2022-01-17 09:09:00.506735,40.68938,40.38975,0.0
2022-01-17 09:09:01.004977,40.07053,39.97625,0.0
2022-01-17 09:09:01.507383,39.76111,41.369,0.0
2022-01-17 09:09:02.006211,39.45168,40.38975,0.0
2022-01-17 09:09:02.502177,40.8441,39.616,0.0
2022-01-17 09:09:03.001093,40.17326,40.854,0.0
2022-01-17 09:09:03.505330,40.01855,40.854,0.0
2022-01-17 09:09:04.003545,39.14226,39.8215,0.0
2022-01-17 09:09:04.510257,40.8441,40.183,0.0
2022-01-17 09:09:05.010010,40.48269,40.802,0.0
2022-01-17 09:09:05.504647,39.76111,40.59525,0.0
2022-01-17 09:09:06.003578,40.17326,39.8735,0.0
2022-01-17 09:09:06.507583,40.12128,40.69925,0.0
2022-01-17 09:09:07.006222,39.86384,40.802,0.0
2022-01-17 09:09:07.501163,39.193,40.131,0.0
2022-01-17 09:09:08.010462,40.6374,40.02825,0.0
2022-01-17 09:09:08.508600,39.6064,40.59525,0.0
2022-01-17 09:09:09.001188,40.01855,40.64725,0.0
2022-01-17 09:09:09.505564,40.48269,40.131,0.0
2022-01-17 09:09:10.005646,40.58542,40.131,0.0
2022-01-17 09:09:10.510855,39.70912,40.854,0.0
2022-01-17 09:09:11.010438,39.6064,40.75,0.0
2022-01-17 09:09:11.505146,40.17326,39.8215,0.0
2022-01-17 09:09:12.010644,40.22525,40.59525,0.0
2022-01-17 09:09:12.507607,39.65714,40.69925,0.0
2022-01-17 09:09:13.005332,39.65714,40.183,0.0
2022-01-17 09:09:13.502476,40.01855,39.512,0.0
2022-01-17 09:09:14.001698,39.70912,41.1115,0.0
2022-01-17 09:09:14.507835,40.22525,40.854,0.0
2022-01-17 09:09:15.007051,40.07053,40.02825,0.0
2022-01-17 09:09:15.502520,40.37996,40.131,0.0
2022-01-17 09:09:16.001304,39.86384,41.369,0.0
2022-01-17 09:09:16.506382,39.76111,40.64725,0.0
2022-01-17 09:09:17.003564,40.17326,39.8735,0.0
2022-01-17 09:09:17.509720,40.53467,40.38975,0.0
2022-01-17 09:09:18.010187,40.01855,40.5445,0.0
2022-01-17 09:09:18.505635,39.76111,39.8215,0.0
2022-01-17 09:09:19.004045,40.58542,40.28575,0.0
2022-01-17 09:09:19.511034,40.6374,41.00875,0.0
2022-01-17 09:09:20.009107,40.07053,39.97625,0.0
2022-01-17 09:09:20.505674,39.3997,40.08025,0.0
2022-01-17 09:09:21.005104,40.17326,40.854,0.0
2022-01-17 09:09:21.511003,40.22525,40.235,0.0
2022-01-17 09:09:22.010377,39.91582,40.59525,0.0
2022-01-17 09:09:22.510518,40.22525,40.4405,0.0
2022-01-17 09:09:23.009601,40.48269,39.77075,0.0
2022-01-17 09:09:23.506292,39.96657,41.0595,0.0
2022-01-17 09:09:24.005070,39.65714,40.69925,0.0
2022-01-17 09:09:24.504072,40.07053,39.8215,0.0
2022-01-17 09:09:25.005933,40.07053,39.9255,0.0
2022-01-17 09:09:25.510959,39.65714,41.421,0.0
2022-01-17 09:09:26.009852,39.96657,40.33775,0.0
2022-01-17 09:09:26.508947,40.6374,39.3065,0.0
2022-01-17 09:09:27.007864,40.07053,40.75,0.0
2022-01-17 09:09:27.506790,39.65714,41.00875,0.0
2022-01-17 09:09:28.005436,40.22525,39.97625,0.0
2022-01-17 09:09:28.502504,40.37996,39.66675,0.0
2022-01-17 09:09:29.001798,39.81185,41.473,0.0
2022-01-17 09:09:29.508186,39.6064,40.4405,0.0
2022-01-17 09:09:30.008316,40.07053,39.3065,0.0
2022-01-17 09:09:30.509383,40.01855,40.5445,0.0
2022-01-17 09:09:31.009627,39.96657,41.473,0.0
2022-01-17 09:09:31.504109,40.01855,40.69925,0.0
2022-01-17 09:09:32.003568,40.01855,39.35725,0.0
2022-01-17 09:09:32.509130,40.32797,40.95675,0.0
2022-01-17 09:09:33.010706,39.86384,40.64725,0.0
2022-01-17 09:09:33.509962,39.65714,39.97625,0.0
2022-01-17 09:09:34.009831,40.22525,39.512,0.0
2022-01-17 09:09:34.507092,40.01855,41.52375,0.0
2022-01-17 09:09:35.007621,39.76111,40.38975,0.0
2022-01-17 09:09:35.503060,39.96657,39.512,0.0
2022-01-17 09:09:36.004753,40.58542,40.38975,0.0
2022-01-17 09:09:36.509908,40.01855,40.5445,0.0
2022-01-17 09:09:37.010314,39.3997,39.97625,0.0
2022-01-17 09:09:37.501129,40.79211,40.4925,0.0
2022-01-17 09:09:38.009077,40.53467,40.4405,0.0
2022-01-17 09:09:38.505121,39.70912,40.33775,0.0
2022-01-17 09:09:39.003555,39.34772,39.9255,0.0
2022-01-17 09:09:39.509913,40.27599,40.5445,0.0
2022-01-17 09:09:40.008732,40.12128,40.64725,0.0
2022-01-17 09:09:40.504072,39.70912,40.33775,0.0
2022-01-17 09:09:41.002695,40.01855,40.08025,0.0
2022-01-17 09:09:41.509852,40.4307,40.28575,0.0
2022-01-17 09:09:42.008486,39.86384,41.1635,0.0
2022-01-17 09:09:42.504419,39.6064,39.97625,0.0
2022-01-17 09:09:43.002457,40.48269,39.616,0.0
2022-01-17 09:09:43.507796,40.17326,40.95675,0.0
2022-01-17 09:09:44.008438,39.81185,40.4925,0.0
2022-01-17 09:09:44.509776,39.65714,39.9255,0.0
2022-01-17 09:09:45.008647,40.27599,41.1115,0.0
2022-01-17 09:09:45.506379,39.91582,40.64725,0.0
2022-01-17 09:09:46.006089,39.76111,40.08025,0.0
2022-01-17 09:09:46.502641,40.01855,39.8215,0.0
2022-01-17 09:09:47.001683,40.17326,40.75,0.0
2022-01-17 09:09:47.502784,39.70912,40.183,0.0
2022-01-17 09:09:48.002570,39.6064,39.71875,0.0
2022-01-17 09:09:48.509916,40.17326,40.90475,0.0
2022-01-17 09:09:49.009804,40.32797,40.854,0.0
2022-01-17 09:09:49.506551,39.86384,40.4405,0.0
2022-01-17 09:09:50.004447,39.29697,40.4925,0.0
2022-01-17 09:09:50.501580,40.01855,40.33775,0.0
2022-01-17 09:09:51.001105,40.53467,40.33775,0.0
2022-01-17 09:09:51.506682,39.76111,40.33775,0.0
2022-01-17 09:09:52.005278,39.70912,40.33775,0.0
2022-01-17 09:09:52.510596,40.68938,40.02825,0.0
2022-01-17 09:09:53.001497,40.07053,40.5445,0.0
2022-01-17 09:09:53.507793,39.65714,40.75,0.0
2022-01-17 09:09:54.007881,39.91582,40.4925,0.0
2022-01-17 09:09:54.503086,40.8441,40.38975,0.0
2022-01-17 09:09:55.002012,40.32797,40.4405,0.0
2022-01-17 09:09:55.507505,39.6064,40.235,0.0
2022-01-17 09:09:56.006135,39.81185,40.08025,0.0
2022-01-17 09:09:56.510885,40.48269,40.5445,0.0
2022-01-17 09:09:57.001427,39.86384,40.4405,0.0
2022-01-17 09:09:57.501292,40.07053,39.9255,0.0
2022-01-17 09:09:58.504693,40.01855,41.00875,0.0
2022-01-17 09:09:59.002633,39.6064,40.28575,0.0
2022-01-17 09:09:59.507919,40.07053,39.71875,0.0
2022-01-17 09:10:00.009034,39.76111,40.95675,0.0
2022-01-17 09:10:00.507050,39.96657,40.69925,0.0
2022-01-17 09:10:01.006788,40.22525,39.616,0.0
2022-01-17 09:10:01.502893,40.07053,40.02825,0.0
2022-01-17 09:10:02.004507,40.01855,41.369,0.0
2022-01-17 09:10:02.510469,39.81185,40.33775,0.0
2022-01-17 09:10:03.008990,39.65714,39.616,0.0
2022-01-17 09:10:03.502742,40.12128,41.62775,0.0
2022-01-17 09:10:04.009963,39.6064,41.1115,0.0
2022-01-17 09:10:04.505747,39.86384,40.131,0.0
2022-01-17 09:10:05.005745,40.4307,39.15175,0.0
2022-01-17 09:10:06.004730,40.12128,40.4925,0.0
2022-01-17 09:10:06.510298,39.86384,40.28575,0.0
2022-01-17 09:10:07.001472,39.81185,40.4405,0.0
2022-01-17 09:10:07.507034,40.48269,41.473,0.0
2022-01-17 09:10:08.005930,39.91582,40.75,0.0
2022-01-17 09:10:08.501083,39.29697,40.28575,0.0
2022-01-17 09:10:09.010384,39.76111,40.59525,0.0
2022-01-17 09:10:09.507041,40.68938,40.64725,0.0
2022-01-17 09:10:10.005852,39.91582,40.131,0.0
2022-01-17 09:10:10.503231,39.45168,39.97625,0.0
2022-01-17 09:10:11.002108,40.74013,40.802,0.0
2022-01-17 09:10:11.509245,40.4307,40.183,0.0
2022-01-17 09:10:12.007636,39.91582,40.802,0.0
2022-01-17 09:10:12.502396,39.34772,40.08025,0.0
2022-01-17 09:10:13.011112,40.27599,40.183,0.0
2022-01-17 09:10:13.505844,39.91582,40.854,0.0
2022-01-17 09:10:14.004836,39.86384,40.08025,0.0
2022-01-17 09:10:14.510752,40.53467,39.8215,0.0
2022-01-17 09:10:15.009844,40.17326,41.52375,0.0
2022-01-17 09:10:15.504930,39.65714,40.64725,0.0
2022-01-17 09:10:16.002569,39.86384,39.512,0.0
2022-01-17 09:10:16.509227,40.58542,40.854,0.0
2022-01-17 09:10:17.008545,39.76111,40.90475,0.0
2022-01-17 09:10:17.502361,39.50243,40.183,0.0
2022-01-17 09:10:18.010936,40.17326,39.2545,0.0
2022-01-17 09:10:18.508097,40.27599,41.21425,0.0
2022-01-17 09:10:19.009403,40.07053,40.75,0.0
2022-01-17 09:10:19.503819,39.70912,39.9255,0.0
2022-01-17 09:10:20.001950,40.01855,40.69925,0.0
2022-01-17 09:10:20.509726,40.32797,41.421,0.0
2022-01-17 09:10:21.007462,39.91582,40.28575,0.0
2022-01-17 09:10:21.505371,39.81185,38.5835,0.0
2022-01-17 09:10:22.003785,39.96657,41.31825,0.0
2022-01-17 09:10:22.508640,39.76111,41.00875,0.0
2022-01-17 09:10:23.006884,39.86384,40.08025,0.0
2022-01-17 09:10:23.502259,40.4307,40.08025,0.0
2022-01-17 09:10:24.001033,40.12128,41.31825,0.0
2022-01-17 09:10:24.506481,40.32797,40.4925,0.0
2022-01-17 09:10:25.007111,39.55441,39.564,0.0
2022-01-17 09:10:25.502923,40.07053,40.02825,0.0
2022-01-17 09:10:26.001338,40.58542,41.369,0.0
2022-01-17 09:10:26.507148,39.81185,40.183,0.0
2022-01-17 09:10:27.005773,39.6064,40.08025,0.0
2022-01-17 09:10:27.502807,39.91582,40.95675,0.0
2022-01-17 09:10:28.001743,40.37996,40.4405,0.0
2022-01-17 09:10:28.510244,39.76111,40.08025,0.0
2022-01-17 09:10:29.008227,40.07053,39.77075,0.0
2022-01-17 09:10:29.506068,40.74013,40.90475,0.0
2022-01-17 09:10:30.007051,40.27599,40.28575,0.0
2022-01-17 09:10:30.500615,39.6064,39.9255,0.0
2022-01-17 09:10:31.009428,39.55441,40.854,0.0
2022-01-17 09:10:31.502754,40.53467,41.00875,0.0
2022-01-17 09:10:32.002117,39.91582,40.02825,0.0
2022-01-17 09:10:32.509155,39.81185,40.235,0.0
2022-01-17 09:10:33.009595,40.22525,40.802,0.0
2022-01-17 09:10:33.504421,40.22525,40.235,0.0
2022-01-17 09:10:34.003624,39.70912,39.77075,0.0
2022-01-17 09:10:34.508311,39.86384,40.4405,0.0
2022-01-17 09:10:35.006489,40.07053,40.90475,0.0
2022-01-17 09:10:35.504424,40.22525,40.69925,-0.03864
2022-01-17 09:10:36.003436,39.65714,40.131,-0.03864
2022-01-17 09:10:36.509671,40.17326,40.854,-0.03864
2022-01-17 09:10:37.010389,40.22525,40.75,-0.03864
2022-01-17 09:10:37.508515,40.22525,40.02825,0.0
2022-01-17 09:10:38.006706,39.81185,40.08025,0.0
2022-01-17 09:10:38.502165,40.01855,40.4925,0.0
2022-01-17 09:10:39.007487,40.01855,39.97625,0.0
2022-01-17 09:10:39.502352,39.50243,40.28575,0.0
2022-01-17 09:10:40.002019,39.81185,40.90475,0.0
2022-01-17 09:10:40.509285,40.32797,40.64725,0.0
2022-01-17 09:10:41.006631,40.12128,40.4925,0.0
2022-01-17 09:10:41.504176,39.34772,40.4925,0.0
2022-01-17 09:10:42.002284,39.70912,40.38975,0.0
2022-01-17 09:10:42.502487,40.68938,40.131,0.0
2022-01-17 09:10:43.004724,40.37996,40.38975,0.0
2022-01-17 09:10:43.503040,39.45168,40.183,0.0
2022-01-17 09:10:44.003031,38.78085,39.9255,0.0
2022-01-17 09:10:44.509510,40.53467,41.00875,0.0
2022-01-17 09:10:45.004130,40.12128,40.4925,0.0
2022-01-17 09:10:45.502525,39.70912,40.33775,0.0
2022-01-17 09:10:46.002034,39.50243,40.235,0.0
2022-01-17 09:10:46.507800,40.07053,41.00875,0.0
2022-01-17 09:10:47.008708,39.86384,40.02825,0.0
2022-01-17 09:10:47.502691,40.12128,39.616,0.0
2022-01-17 09:10:48.002184,40.68938,41.0595,0.0
2022-01-17 09:10:48.508501,39.3997,40.28575,0.0
2022-01-17 09:10:49.005023,39.3997,39.66675,0.0
2022-01-17 09:10:49.510514,39.91582,41.26625,0.0
2022-01-17 09:10:50.001879,40.12128,41.26625,0.0
2022-01-17 09:10:50.509543,39.65714,39.97625,0.0
2022-01-17 09:10:51.009495,39.55441,39.2025,0.0
2022-01-17 09:10:51.505242,40.01855,41.52375,0.0
2022-01-17 09:10:52.005220,40.01855,40.802,0.0
2022-01-17 09:10:52.509575,39.65714,39.2545,0.0
2022-01-17 09:10:53.001646,40.17326,38.893,0.0
2022-01-17 09:10:53.507580,40.07053,41.421,0.0
2022-01-17 09:10:54.005829,40.17326,40.75,0.0
2022-01-17 09:10:54.510279,40.12128,39.71875,0.0
2022-01-17 09:10:55.010651,39.81185,41.21425,0.0
2022-01-17 09:10:55.506307,40.48269,40.802,0.0
2022-01-17 09:10:56.005698,39.55441,40.183,0.0
2022-01-17 09:10:56.510701,39.76111,39.512,0.0
2022-01-17 09:10:57.008328,39.96657,41.473,0.0
2022-01-17 09:10:57.502347,40.48269,40.59525,0.0
2022-01-17 09:10:58.001718,39.81185,39.8735,0.0
2022-01-17 09:10:58.508461,39.45168,41.369,0.0
2022-01-17 09:10:59.007352,40.22525,41.31825,0.0
2022-01-17 09:10:59.504191,40.48269,40.08025,0.0
2022-01-17 09:11:00.001247,39.55441,40.28575,0.0
2022-01-17 09:11:00.507685,38.88358,40.854,0.0
2022-01-17 09:11:01.005665,40.58542,40.33775,0.0
2022-01-17 09:11:01.509152,40.37996,40.235,0.0
2022-01-17 09:11:02.007213,39.6064,40.131,0.0
2022-01-17 09:11:02.501092,39.29697,40.59525,-0.03864
2022-01-17 09:11:03.003609,41.04955,41.00875,-0.03864
2022-01-17 09:11:03.509270,40.22525,40.08025,0.0
2022-01-17 09:11:04.009053,39.76111,40.183,0.0
2022-01-17 09:11:04.506515,39.81185,41.1115,0.0
2022-01-17 09:11:05.009726,40.12128,40.235,0.0
2022-01-17 09:11:05.505473,39.76111,39.66675,-0.03864
2022-01-17 09:11:06.006471,40.27599,41.1115,-0.03864
2022-01-17 09:11:06.501076,40.22525,40.75,0.03864
2022-01-17 09:11:07.009201,40.32797,39.71875,0.03864
2022-01-17 09:11:07.505424,39.3997,40.4925,0.0
2022-01-17 09:11:08.003674,40.32797,41.21425,0.0
2022-01-17 09:11:08.501987,40.17326,40.183,0.0
2022-01-17 09:11:09.010444,39.65714,39.9255,0.0
2022-01-17 09:11:09.505813,39.55441,40.802,0.0
2022-01-17 09:11:10.001698,40.27599,40.5445,0.0
2022-01-17 09:11:10.509223,40.48269,39.8735,0.0
2022-01-17 09:11:11.007036,39.65714,39.8215,0.0
2022-01-17 09:11:11.503517,39.76111,41.00875,0.0
2022-01-17 09:11:12.002176,40.17326,40.4925,0.0
2022-01-17 09:11:12.506593,40.27599,39.564,0.0
2022-01-17 09:11:13.004356,39.70912,40.90475,0.0
2022-01-17 09:11:13.510659,39.3997,40.33775,0.0
2022-01-17 09:11:14.008714,40.4307,40.28575,0.0
2022-01-17 09:11:14.504635,40.27599,40.854,0.0
2022-01-17 09:11:15.002367,39.76111,40.131,0.0
2022-01-17 09:11:15.509813,39.70912,40.4405,0.0
2022-01-17 09:11:16.011086,40.89484,40.33775,0.0
2022-01-17 09:11:16.507499,39.91582,40.131,0.0
2022-01-17 09:11:17.004060,39.24499,40.235,0.0
2022-01-17 09:11:17.504576,40.07053,40.69925,0.0
2022-01-17 09:11:18.001997,40.27599,40.38975,0.0
2022-01-17 09:11:18.505399,39.76111,39.8215,0.0
2022-01-17 09:11:19.003889,39.3997,40.802,0.0
2022-01-17 09:11:19.511209,40.94682,40.69925,0.0
2022-01-17 09:11:20.010612,40.48269,40.08025,0.0
2022-01-17 09:11:20.505548,39.81185,40.131,0.0
2022-01-17 09:11:21.003994,39.55441,40.75,0.0
2022-01-17 09:11:21.501172,40.37996,40.183,0.0
2022-01-17 09:11:22.010371,39.91582,39.9255,0.0
2022-01-17 09:11:22.506449,39.86384,40.90475,0.0
2022-01-17 09:11:23.004958,40.32797,40.69925,0.0
2022-01-17 09:11:23.509864,40.07053,39.8735,0.0
2022-01-17 09:11:24.009905,39.76111,40.4925,0.0
2022-01-17 09:11:24.508530,40.01855,40.95675,0.0
2022-01-17 09:11:25.006308,40.22525,40.183,0.0
2022-01-17 09:11:25.502334,39.96657,39.616,0.0
2022-01-17 09:11:26.001374,39.34772,41.1115,0.0
2022-01-17 09:11:26.505658,39.29697,40.69925,0.0
2022-01-17 09:11:27.004294,40.32797,40.02825,0.0
2022-01-17 09:11:27.510062,40.07053,40.02825,0.0
2022-01-17 09:11:28.008688,39.70912,41.26625,0.0
2022-01-17 09:11:28.501767,39.86384,40.64725,0.0
2022-01-17 09:11:29.011034,40.79211,39.512,0.0
2022-01-17 09:11:29.506872,40.12128,40.854,0.0
2022-01-17 09:11:30.006979,39.76111,40.4925,0.0
2022-01-17 09:11:30.504132,40.12128,39.77075,0.0
2022-01-17 09:11:31.002186,40.12128,40.38975,0.0
2022-01-17 09:11:31.503630,39.70912,40.64725,0.0
2022-01-17 09:11:32.004137,39.6064,40.235,0.0
2022-01-17 09:11:32.510838,40.48269,40.33775,0.0
2022-01-17 09:11:33.011097,40.17326,40.854,0.0
2022-01-17 09:11:33.506201,39.6064,39.77075,0.0
2022-01-17 09:11:34.005828,39.86384,40.38975,0.0
2022-01-17 09:11:34.501070,40.74013,40.854,0.0
2022-01-17 09:11:35.001752,40.17326,39.77075,0.0
2022-01-17 09:11:35.502861,39.29697,40.4405,0.0
2022-01-17 09:11:36.002415,40.22525,41.21425,0.0
2022-01-17 09:11:36.507700,40.6374,40.33775,0.0
2022-01-17 09:11:37.006577,40.01855,40.02825,0.0
2022-01-17 09:11:37.504599,39.09027,40.95675,0.0
2022-01-17 09:11:38.002395,40.27599,40.69925,0.0
2022-01-17 09:11:38.507987,40.37996,39.40925,0.0
2022-01-17 09:11:39.002120,39.76111,40.38975,0.0
2022-01-17 09:11:39.509195,40.17326,41.421,0.0
2022-01-17 09:11:40.009724,40.4307,40.5445,0.0
2022-01-17 09:11:40.504140,39.91582,39.40925,0.0
2022-01-17 09:11:41.003315,39.81185,41.83325,0.0
2022-01-17 09:11:41.510380,40.27599,41.1635,0.0
2022-01-17 09:11:42.009713,39.81185,39.77075,0.0
2022-01-17 09:11:42.505494,39.76111,38.6355,0.0
2022-01-17 09:11:43.005473,39.76111,41.52375,0.0
2022-01-17 09:11:43.502162,40.27599,40.75,0.0
2022-01-17 09:11:44.002251,39.86384,39.66675,0.0
2022-01-17 09:11:44.509811,39.29697,40.4925,0.0
2022-01-17 09:11:45.009587,40.37996,41.52375,0.0
2022-01-17 09:11:45.505448,40.53467,40.131,0.0
2022-01-17 09:11:46.004100,39.81185,39.2545,0.0
2022-01-17 09:11:46.502584,39.45168,41.369,0.0
2022-01-17 09:11:47.001343,39.34772,40.90475,0.0
2022-01-17 09:11:47.503454,40.32797,39.71875,0.0
2022-01-17 09:11:48.004162,40.07053,39.3065,0.0
2022-01-17 09:11:48.501752,39.70912,41.473,0.0
2022-01-17 09:11:49.003433,39.6064,40.69925,0.0
2022-01-17 09:11:49.503212,40.32797,39.66675,0.0
2022-01-17 09:11:50.001086,40.07053,41.21425,0.0
2022-01-17 09:11:50.506110,39.50243,40.38975,0.0
2022-01-17 09:11:51.005229,40.4307,39.8215,0.0
2022-01-17 09:11:51.509670,40.01855,40.59525,0.0
2022-01-17 09:11:52.008105,39.50243,40.28575,0.0
2022-01-17 09:11:52.507857,39.86384,40.4405,0.0
2022-01-17 09:11:53.007218,40.68938,40.131,0.0
2022-01-17 09:11:53.502111,39.76111,40.33775,0.0
2022-01-17 09:11:54.002275,39.50243,41.00875,0.0
2022-01-17 09:11:54.508358,40.37996,40.33775,0.0
2022-01-17 09:11:55.007139,40.32797,39.71875,0.0
2022-01-17 09:11:55.504932,39.55441,40.75,0.0
2022-01-17 09:11:56.003999,39.6064,40.854,0.0
2022-01-17 09:11:56.509649,40.01855,39.8735,0.0
2022-01-17 09:11:57.008277,40.12128,40.08025,0.0
2022-01-17 09:11:57.504165,39.96657,40.95675,0.0
2022-01-17 09:11:58.001484,40.12128,40.08025,0.0
2022-01-17 09:11:58.506681,40.22525,40.38975,0.0
2022-01-17 09:11:59.005769,40.01855,40.59525,0.0
2022-01-17 09:11:59.501877,39.91582,40.59525,0.0
2022-01-17 09:12:00.002082,40.12128,40.02825,0.0
2022-01-17 09:12:00.509197,40.32797,39.9255,0.0
2022-01-17 09:12:01.008204,39.24499,40.90475,0.0
2022-01-17 09:12:01.507171,39.29697,40.235,0.0
2022-01-17 09:12:02.005689,40.79211,40.235,0.0
2022-01-17 09:12:02.502745,40.17326,40.69925,0.0
2022-01-17 09:12:03.001329,39.86384,40.854,0.0
2022-01-17 09:12:03.506165,39.6064,39.97625,0.0
2022-01-17 09:12:04.006099,40.8441,40.4925,0.0
2022-01-17 09:12:04.510122,40.48269,40.28575,0.0
2022-01-17 09:12:05.010297,39.91582,40.4925,0.0
2022-01-17 09:12:05.501267,39.14226,40.4405,0.0
2022-01-17 09:12:06.003422,40.37996,40.131,0.0
2022-01-17 09:12:06.511115,40.12128,40.4405,-0.03864
2022-01-17 09:12:07.001300,39.70912,40.69925,-0.03864
2022-01-17 09:12:07.509497,40.37996,40.64725,0.0
2022-01-17 09:12:08.007263,40.37996,40.4405,0.0
2022-01-17 09:12:08.503887,39.76111,40.131,0.0
2022-01-17 09:12:09.001556,39.81185,40.69925,0.0
2022-01-17 09:12:09.506449,40.22525,40.08025,0.0
2022-01-17 09:12:10.004396,39.86384,39.8215,0.0
2022-01-17 09:12:10.510195,39.65714,40.90475,0.03864
2022-01-17 09:12:11.010328,40.58542,40.5445,0.03864
2022-01-17 09:12:11.502280,40.4307,40.02825,0.0
2022-01-17 09:12:12.001055,39.96657,40.4925,0.0
2022-01-17 09:12:12.506839,40.01855,41.369,0.0
2022-01-17 09:12:13.005421,39.91582,40.5445,0.0
2022-01-17 09:12:13.510181,40.74013,39.3065,0.0
2022-01-17 09:12:14.009624,39.70912,40.183,0.0
2022-01-17 09:12:14.507370,39.6064,41.1115,0.0
2022-01-17 09:12:15.006420,39.86384,40.02825,0.0
2022-01-17 09:12:15.502330,40.12128,39.46125,0.0
2022-01-17 09:12:16.002635,40.12128,41.369,0.0
2022-01-17 09:12:16.506215,39.91582,40.802,0.0
2022-01-17 09:12:17.005132,39.91582,39.40925,0.0
2022-01-17 09:12:17.510386,40.07053,41.1635,0.0
2022-01-17 09:12:18.009029,39.81185,41.0595,0.0
2022-01-17 09:12:18.505893,39.76111,39.97625,0.0
2022-01-17 09:12:19.005105,40.4307,39.15175,0.0
2022-01-17 09:12:19.501786,39.96657,41.1115,0.0
2022-01-17 09:12:20.001776,39.6064,40.90475,0.0
2022-01-17 09:12:20.508290,40.07053,39.8735,0.0
2022-01-17 09:12:21.006222,40.58542,38.893,0.0
2022-01-17 09:12:21.502023,39.86384,41.369,0.0
2022-01-17 09:12:22.005004,39.29697,40.802,0.0
2022-01-17 09:12:22.510196,40.32797,39.616,0.0
2022-01-17 09:12:23.009777,40.48269,40.08025,0.0
2022-01-17 09:12:23.506291,39.76111,40.854,0.0
2022-01-17 09:12:24.007907,39.34772,40.183,0.0
2022-01-17 09:12:24.508801,40.27599,39.71875,-0.03864
2022-01-17 09:12:25.008691,39.96657,40.64725,-0.03864
2022-01-17 09:12:25.510819,39.55441,40.59525,0.15645
2022-01-17 09:12:26.001580,40.01855,40.131,0.15645
2022-01-17 09:12:26.508681,40.37996,40.64725,-0.07822
2022-01-17 09:12:27.007543,39.6064,40.802,-0.07822
2022-01-17 09:12:27.504084,39.3997,40.183,-0.03864
2022-01-17 09:12:28.004296,40.48269,39.71875,-0.03864
2022-01-17 09:12:28.510956,40.48269,40.854,-0.39208
2022-01-17 09:12:29.009514,39.45168,40.64725,-0.39208
2022-01-17 09:12:29.505562,40.17326,39.71875,0.0
2022-01-17 09:12:30.005747,40.6374,39.71875,0.0
2022-01-17 09:12:30.507338,40.17326,41.1115,0.0
2022-01-17 09:12:31.003548,39.70912,40.802,0.0
2022-01-17 09:12:31.508911,39.3997,40.235,0.0
2022-01-17 09:12:32.007998,40.32797,40.5445,0.0
2022-01-17 09:12:32.504133,39.86384,40.90475,0.0
2022-01-17 09:12:33.004749,39.45168,40.33775,0.0
2022-01-17 09:12:33.510917,40.32797,39.71875,0.0
2022-01-17 09:12:34.004429,39.91582,40.90475,0.0
2022-01-17 09:12:34.502514,39.81185,40.38975,0.0
2022-01-17 09:12:35.001127,39.91582,40.183,0.0
2022-01-17 09:12:35.506790,40.01855,40.75,0.0
2022-01-17 09:12:36.008670,39.96657,40.38975,0.0
2022-01-17 09:12:36.506094,39.76111,40.64725,0.0
2022-01-17 09:12:37.005853,40.01855,40.38975,0.0
2022-01-17 09:12:37.502393,40.07053,40.235,0.0
2022-01-17 09:12:38.004066,39.70912,40.131,0.0
2022-01-17 09:12:38.507490,39.65714,40.59525,0.0
2022-01-17 09:12:39.007263,40.74013,40.183,0.0
2022-01-17 09:12:39.508220,40.6374,40.08025,0.0
2022-01-17 09:12:40.006315,40.07053,41.1635,0.0
2022-01-17 09:12:40.502104,39.50243,40.33775,-0.03864
2022-01-17 09:12:41.001959,39.65714,40.02825,-0.03864
2022-01-17 09:12:41.508719,39.91582,40.64725,0.0
2022-01-17 09:12:42.006700,39.70912,40.4405,0.0
2022-01-17 09:12:42.503450,40.07053,39.9255,0.0
2022-01-17 09:12:43.002437,40.32797,40.08025,0.0
2022-01-17 09:12:43.509119,39.86384,40.802,0.0
2022-01-17 09:12:44.006638,39.91582,40.28575,0.0
2022-01-17 09:12:44.504287,40.32797,39.8735,0.0
2022-01-17 09:12:45.001655,40.17326,40.95675,0.0
2022-01-17 09:12:45.510849,39.70912,40.95675,0.0
2022-01-17 09:12:46.009638,39.76111,40.08025,0.0
2022-01-17 09:12:46.501158,40.53467,39.8735,0.0
2022-01-17 09:12:47.009607,39.86384,40.802,0.0
2022-01-17 09:12:47.502503,39.6064,40.08025,0.0
2022-01-17 09:12:48.010816,39.6064,39.97625,0.0
2022-01-17 09:12:48.506795,40.6374,40.38975,0.0
2022-01-17 09:12:49.004766,39.76111,40.75,0.0
2022-01-17 09:12:49.501750,39.76111,40.4925,0.0
2022-01-17 09:12:50.001695,40.32797,40.38975,0.0
2022-01-17 09:12:50.509144,40.37996,41.0595,0.0
2022-01-17 09:12:51.007373,39.86384,40.4405,0.0
2022-01-17 09:12:51.504515,39.29697,39.564,0.0
2022-01-17 09:12:52.003299,39.96657,40.08025,0.0
2022-01-17 09:12:52.511013,40.01855,40.4405,0.0
2022-01-17 09:12:53.011113,39.3997,40.02825,0.0
2022-01-17 09:12:53.506663,39.6064,40.131,0.0
2022-01-17 09:12:54.008977,40.37996,41.21425,0.0
2022-01-17 09:12:54.502390,40.32797,40.33775,0.0
2022-01-17 09:12:55.005662,39.65714,40.235,0.0
2022-01-17 09:12:55.502355,40.17326,40.69925,0.0
2022-01-17 09:12:56.002024,41.10154,39.8735,0.0
2022-01-17 09:12:56.508580,40.12128,40.08025,0.0
2022-01-17 09:12:57.010008,39.70912,40.4925,0.0
2022-01-17 09:12:57.507274,39.14226,40.33775,0.0
2022-01-17 09:12:58.005193,40.48269,40.131,0.0
2022-01-17 09:12:58.502170,40.01855,41.473,0.0
2022-01-17 09:12:59.001781,39.70912,40.69925,0.0
2022-01-17 09:12:59.501503,40.4307,39.66675,0.0
2022-01-17 09:13:00.009701,40.48269,40.75,0.0
2022-01-17 09:13:00.505057,39.55441,40.75,0.0
2022-01-17 09:13:01.005563,39.81185,39.8735,0.0
2022-01-17 09:13:01.502672,40.53467,39.512,0.0
2022-01-17 09:13:02.003763,40.07053,41.57575,0.0
2022-01-17 09:13:02.501628,39.50243,40.5445,0.0
2022-01-17 09:13:03.001712,39.81185,39.8735,0.0
2022-01-17 09:13:03.508683,40.79211,40.854,0.0
2022-01-17 09:13:04.008677,40.01855,41.83325,0.0
2022-01-17 09:13:04.505684,39.76111,40.64725,0.0
2022-01-17 09:13:05.005619,40.07053,39.15175,0.0
2022-01-17 09:13:05.502814,40.17326,39.77075,0.0
2022-01-17 09:13:06.505495,39.70912,40.38975,0.0
2022-01-17 09:13:07.006075,40.17326,38.945,0.0
2022-01-17 09:13:07.501292,40.12128,41.7305,0.0
2022-01-17 09:13:08.006950,40.01855,41.421,0.0
2022-01-17 09:13:08.502502,39.91582,40.183,0.0
2022-01-17 09:13:09.002820,40.32797,38.5835,0.0
2022-01-17 09:13:09.508651,40.12128,41.31825,0.0
2022-01-17 09:13:10.006304,39.70912,40.131,0.0
2022-01-17 09:13:10.502146,39.86384,39.564,0.0
2022-01-17 09:13:11.001229,40.27599,40.4405,0.0
2022-01-17 09:13:11.509501,39.76111,41.00875,0.0
2022-01-17 09:13:12.009073,40.07053,39.8735,0.0
2022-01-17 09:13:12.503523,40.48269,40.235,0.0
2022-01-17 09:13:13.011150,40.37996,41.369,0.0
2022-01-17 09:13:13.507833,39.86384,40.64725,0.0
2022-01-17 09:13:14.005796,39.76111,39.9255,0.0
2022-01-17 09:13:14.502124,40.32797,40.75,0.0
2022-01-17 09:13:15.006091,39.91582,41.1635,0.0
2022-01-17 09:13:15.501898,39.6064,40.131,0.0
2022-01-17 09:13:16.001200,40.12128,39.3065,0.0
2022-01-17 09:13:16.507360,40.6374,40.95675,0.0
2022-01-17 09:13:17.005715,40.07053,40.75,0.0
2022-01-17 09:13:17.504350,39.3997,39.8735,0.0
2022-01-17 09:13:18.002122,40.22525,39.97625,0.0
2022-01-17 09:13:18.508011,40.22525,41.26625,0.0
2022-01-17 09:13:19.006305,39.34772,40.235,0.0
2022-01-17 09:13:19.501118,40.12128,39.616,0.0
2022-01-17 09:13:20.010828,40.6374,41.21425,0.0
2022-01-17 09:13:20.505649,39.91582,40.75,0.0
2022-01-17 09:13:21.004756,39.45168,39.8735,0.0
2022-01-17 09:13:22.004965,40.4307,41.31825,0.0
2022-01-17 09:13:22.503316,40.01855,40.59525,0.0
2022-01-17 09:13:23.011111,39.70912,39.616,0.0
2022-01-17 09:13:23.509097,39.91582,40.4925,0.0
2022-01-17 09:13:24.008450,40.17326,41.421,0.0
2022-01-17 09:13:24.506898,39.76111,40.33775,0.0
2022-01-17 09:13:25.005587,39.91582,39.66675,0.0
2022-01-17 09:13:25.501748,40.27599,40.235,0.0
2022-01-17 09:13:26.504922,39.76111,40.131,0.0
2022-01-17 09:13:27.003862,39.91582,40.28575,0.0
2022-01-17 09:13:27.501321,40.37996,41.00875,0.0
2022-01-17 09:13:28.001570,39.65714,40.08025,0.0
2022-01-17 09:13:28.509070,39.3997,40.38975,0.0
2022-01-17 09:13:29.010744,40.27599,40.69925,0.0
2022-01-17 09:13:29.505960,40.53467,39.9255,0.0
2022-01-17 09:13:30.004810,39.96657,40.28575,0.0
2022-01-17 09:13:30.501715,39.29697,40.131,0.0
2022-01-17 09:13:31.009941,40.58542,40.28575,0.0
2022-01-17 09:13:31.506819,40.68938,41.1115,0.0
2022-01-17 09:13:32.008755,39.81185,40.4405,0.0
2022-01-17 09:13:32.503545,39.24499,39.77075,0.0
2022-01-17 09:13:33.005599,40.4307,41.00875,0.0
2022-01-17 09:13:33.510698,39.96657,40.69925,0.0
2022-01-17 09:13:34.009787,39.55441,39.8215,0.0
2022-01-17 09:13:34.505941,39.76111,39.77075,0.0
2022-01-17 09:13:35.003919,40.37996,41.1635,0.0
2022-01-17 09:13:35.509718,39.81185,40.33775,0.0
2022-01-17 09:13:36.008836,39.96657,39.9255,0.0
2022-01-17 09:13:36.510012,40.01855,41.1635,0.0
2022-01-17 09:13:37.006722,40.12128,41.21425,0.0
2022-01-17 09:13:37.502890,39.45168,40.183,0.0
2022-01-17 09:13:38.001467,40.53467,39.564,0.0
2022-01-17 09:13:38.507448,40.17326,41.0595,0.0
2022-01-17 09:13:39.007039,39.91582,40.95675,0.0
2022-01-17 09:13:39.504239,39.86384,39.71875,0.0
2022-01-17 09:13:40.002615,40.22525,38.6875,0.0
2022-01-17 09:13:40.507841,40.37996,41.88525,0.0
2022-01-17 09:13:41.007590,39.76111,40.854,0.0
2022-01-17 09:13:41.510222,39.50243,39.8215,0.0
2022-01-17 09:13:42.009155,40.58542,39.616,0.0
2022-01-17 09:13:42.505080,40.01855,41.421,0.0
2022-01-17 09:13:43.005993,39.96657,40.28575,0.0
2022-01-17 09:13:43.504242,39.55441,39.3065,0.0
2022-01-17 09:13:44.003579,40.32797,40.08025,0.0
2022-01-17 09:13:44.508984,40.37996,40.59525,0.0
2022-01-17 09:13:45.008063,39.81185,40.02825,0.0
2022-01-17 09:13:45.506530,39.09027,40.75,0.0
2022-01-17 09:13:46.005675,40.48269,40.854,0.0
2022-01-17 09:13:46.505718,40.12128,40.235,0.0
2022-01-17 09:13:47.004771,39.65714,40.183,0.0
2022-01-17 09:13:47.509178,39.3997,40.08025,0.0
2022-01-17 09:13:48.004928,40.74013,40.854,0.0
2022-01-17 09:13:48.510638,40.17326,40.33775,0.0
2022-01-17 09:13:49.009381,39.91582,39.66675,0.0
2022-01-17 09:13:49.503176,39.76111,40.802,0.0
2022-01-17 09:13:50.003207,40.22525,41.1115,0.0
2022-01-17 09:13:50.510124,39.65714,40.131,0.0
2022-01-17 09:13:51.009497,40.01855,39.46125,0.0
2022-01-17 09:13:51.508076,40.32797,41.473,0.0
2022-01-17 09:13:52.006395,39.96657,40.854,0.0
2022-01-17 09:13:52.501932,39.34772,39.616,0.0
2022-01-17 09:13:53.010758,40.12128,39.616,0.0
2022-01-17 09:13:53.507324,40.07053,41.1115,0.0
2022-01-17 09:13:54.005776,39.91582,40.183,0.0
2022-01-17 09:13:54.503543,40.07053,39.564,0.0
2022-01-17 09:13:55.001904,40.32797,41.473,0.0
2022-01-17 09:13:55.507191,40.17326,40.802,0.0
2022-01-17 09:13:56.007995,39.65714,39.77075,0.0
2022-01-17 09:13:56.502836,39.86384,39.15175,0.0
2022-01-17 09:13:57.011064,40.27599,40.75,0.0
2022-01-17 09:13:57.507440,40.01855,40.75,0.0
2022-01-17 09:13:58.005952,39.70912,39.40925,0.0
2022-01-17 09:13:58.509175,40.12128,40.854,0.0
2022-01-17 09:13:59.008868,40.32797,40.90475,0.0
2022-01-17 09:13:59.506714,39.91582,39.8735,0.0
2022-01-17 09:14:00.008212,39.86384,39.71875,0.0
2022-01-17 09:14:00.506254,39.96657,40.4925,0.0
2022-01-17 09:14:01.006646,40.48269,40.38975,0.0
2022-01-17 09:14:01.511150,39.65714,39.97625,-0.03864
2022-01-17 09:14:02.009627,39.14226,40.131,-0.03864
2022-01-17 09:14:02.506990,40.07053,40.802,-0.03864
2022-01-17 09:14:03.010957,40.4307,40.4925,-0.03864
2022-01-17 09:14:03.507006,39.76111,39.9255,-0.03864
2022-01-17 09:14:04.004791,39.65714,40.75,-0.03864
2022-01-17 09:14:04.502142,40.37996,40.802,0.0
2022-01-17 09:14:05.004211,40.37996,39.97625,0.0
2022-01-17 09:14:05.509962,39.6064,39.71875,0.0
2022-01-17 09:14:06.008126,39.81185,41.00875,0.0
2022-01-17 09:14:06.504498,40.6374,40.854,0.0
2022-01-17 09:14:07.002348,39.96657,40.08025,0.0
2022-01-17 09:14:07.510652,39.3997,40.131,0.0
2022-01-17 09:14:08.010224,40.07053,41.52375,0.0
2022-01-17 09:14:08.507494,40.4307,41.00875,0.0
2022-01-17 09:14:09.010709,39.76111,39.8735,0.0
2022-01-17 09:14:09.508365,39.81185,39.15175,0.0
2022-01-17 09:14:10.005489,40.17326,41.1115,0.0
2022-01-17 09:14:10.503462,40.12128,40.59525,0.0
2022-01-17 09:14:11.001744,39.55441,39.35725,0.0
2022-01-17 09:14:11.506756,39.86384,41.0595,0.0
2022-01-17 09:14:12.006677,39.96657,41.31825,0.0
2022-01-17 09:14:12.504582,39.70912,39.97625,0.0
2022-01-17 09:14:13.002350,39.70912,38.73825,0.0
2022-01-17 09:14:13.508728,40.27599,41.26625,0.0
2022-01-17 09:14:14.007873,40.17326,40.64725,0.0
2022-01-17 09:14:14.505449,39.81185,39.66675,0.0
2022-01-17 09:14:15.004028,39.81185,40.33775,0.0
2022-01-17 09:14:15.509690,40.27599,41.369,0.0
2022-01-17 09:14:16.009156,40.37996,40.4925,0.0
2022-01-17 09:14:16.504284,39.55441,39.512,0.0
2022-01-17 09:14:17.003482,39.34772,40.64725,0.0
2022-01-17 09:14:17.511006,40.48269,40.69925,0.0
2022-01-17 09:14:18.010674,40.07053,40.75,0.0
2022-01-17 09:14:18.506685,39.76111,39.9255,0.0
2022-01-17 09:14:19.005061,39.6064,40.59525,0.0
2022-01-17 09:14:19.511179,40.37996,40.64725,0.0
2022-01-17 09:14:20.009477,39.81185,40.131,0.0
2022-01-17 09:14:20.506129,39.34772,40.235,0.0
2022-01-17 09:14:21.005282,39.76111,40.235,0.0
2022-01-17 09:14:21.503365,40.6374,40.5445,0.0
2022-01-17 09:14:22.003287,39.96657,40.02825,0.0
2022-01-17 09:14:22.510002,39.91582,40.38975,0.0
2022-01-17 09:14:23.004489,40.53467,40.95675,0.0
2022-01-17 09:14:23.502767,40.27599,40.08025,0.0
2022-01-17 09:14:24.504929,39.34772,41.473,0.0
2022-01-17 09:14:25.005107,40.53467,41.00875,0.0
2022-01-17 09:14:25.504405,39.81185,39.97625,0.0
2022-01-17 09:14:26.002747,39.70912,39.40925,0.0
2022-01-17 09:14:26.502194,40.58542,41.83325,0.0
2022-01-17 09:14:27.003324,40.22525,40.854,0.0
2022-01-17 09:14:27.508477,39.76111,39.97625,0.0
2022-01-17 09:14:28.009037,39.70912,39.35725,0.0
2022-01-17 09:14:28.505052,40.12128,42.14275,0.0
2022-01-17 09:14:29.004688,39.86384,40.854,0.0
2022-01-17 09:14:30.004569,40.27599,39.2545,0.0
2022-01-17 09:14:30.508419,39.91582,40.69925,0.0
2022-01-17 09:14:31.001910,40.37996,40.59525,0.0
2022-01-17 09:14:31.508499,40.53467,39.8735,0.0
2022-01-17 09:14:32.006383,39.96657,40.90475,0.0
2022-01-17 09:14:32.505075,40.6374,40.235,0.0
2022-01-17 09:14:33.004866,39.86384,40.38975,0.0
2022-01-17 09:14:33.503596,39.3997,40.75,0.0
2022-01-17 09:14:34.001192,40.27599,40.38975,0.0
2022-01-17 09:14:34.506861,40.22525,39.8215,0.0
2022-01-17 09:14:35.007008,39.55441,40.28575,0.0
2022-01-17 09:14:35.503529,39.45168,40.802,0.0
2022-01-17 09:14:36.002759,40.8441,40.59525,0.0
2022-01-17 09:14:36.508353,40.27599,40.08025,0.0
2022-01-17 09:14:37.006636,39.24499,40.28575,0.0
2022-01-17 09:14:37.506770,39.09027,40.802,0.0
2022-01-17 09:14:38.005394,40.68938,40.38975,0.0
2022-01-17 09:14:38.501169,40.27599,39.8215,0.0
2022-01-17 09:14:39.009021,39.50243,40.59525,0.0
2022-01-17 09:14:39.505117,40.01855,40.95675,0.0
2022-01-17 09:14:40.007730,40.17326,39.97625,0.0
2022-01-17 09:14:40.504882,40.17326,39.8215,0.0
2022-01-17 09:14:41.008169,39.50243,41.31825,0.0
2022-01-17 09:14:41.504178,40.37996,40.90475,0.03864
2022-01-17 09:14:42.004212,39.96657,39.97625,0.03864
2022-01-17 09:14:42.510790,39.70912,39.46125,0.03864
2022-01-17 09:14:43.011103,40.22525,41.26625,0.03864
2022-01-17 09:14:43.508732,40.07053,40.08025,0.0
2022-01-17 09:14:44.005857,39.91582,39.46125,0.0
2022-01-17 09:14:44.510600,39.50243,40.38975,0.0
2022-01-17 09:14:45.010322,40.6374,41.6785,0.0
2022-01-17 09:14:45.508386,40.37996,40.64725,0.0
2022-01-17 09:14:46.006125,39.6064,40.02825,0.0
2022-01-17 09:14:46.501493,39.65714,40.64725,0.0
2022-01-17 09:14:47.010350,40.37996,40.75,0.0
2022-01-17 09:14:47.505013,40.17326,39.9255,0.0
2022-01-17 09:14:48.003579,39.81185,40.38975,0.0
2022-01-17 09:14:48.509079,40.01855,41.0595,0.0
2022-01-17 09:14:49.007472,40.48269,40.235,0.0
2022-01-17 09:14:49.506419,39.96657,39.8215,0.0
2022-01-17 09:14:50.004472,39.65714,41.26625,0.0
2022-01-17 09:14:50.504349,39.81185,40.90475,0.0
2022-01-17 09:14:51.002812,40.74013,40.08025,0.0
2022-01-17 09:14:51.510780,40.22525,39.616,0.0
2022-01-17 09:14:52.009884,39.55441,41.21425,0.0
2022-01-17 09:14:52.506812,39.96657,40.69925,0.03864
2022-01-17 09:14:53.005623,40.58542,39.9255,0.03864
2022-01-17 09:14:53.510900,39.65714,40.5445,0.0
2022-01-17 09:14:54.010776,39.70912,40.802,0.0
2022-01-17 09:14:54.505266,40.37996,40.802,0.0
2022-01-17 09:14:55.006085,40.07053,40.02825,0.0
2022-01-17 09:14:55.509729,39.55441,40.33775,0.03864
2022-01-17 09:14:56.010279,39.86384,40.90475,0.03864
2022-01-17 09:14:56.509537,40.74013,40.183,0.0
2022-01-17 09:14:57.009490,40.01855,39.616,0.0
2022-01-17 09:14:57.505881,39.65714,41.31825,0.0
2022-01-17 09:14:58.005787,40.48269,40.75,0.0
2022-01-17 09:14:58.502326,40.37996,40.183,0.0
2022-01-17 09:14:59.007815,39.86384,39.66675,0.0
2022-01-17 09:14:59.502369,39.50243,42.04,0.0
2022-01-17 09:15:00.003416,40.01855,40.802,0.0
2022-01-17 09:15:01.004547,39.81185,39.616,0.0
2022-01-17 09:15:01.510438,40.22525,41.473,0.03864
2022-01-17 09:15:02.010685,39.96657,40.802,0.03864
2022-01-17 09:15:02.508248,39.91582,39.35725,0.03864
2022-01-17 09:15:03.005134,39.96657,39.97625,0.03864
2022-01-17 09:15:03.501424,40.01855,41.52375,0.03864
2022-01-17 09:15:04.007255,40.6374,40.64725,0.03864
2022-01-17 09:15:04.502987,39.86384,39.616,0.0
2022-01-17 09:15:05.505604,40.12128,40.75,0.0
2022-01-17 09:15:06.006559,40.68938,39.9255,0.0
2022-01-17 09:15:06.501868,39.86384,40.28575,0.0
2022-01-17 09:15:07.001276,39.6064,41.0595,0.0
2022-01-17 09:15:07.503797,40.01855,40.235,0.0
2022-01-17 09:15:08.004432,40.32797,40.4925,0.0
2022-01-17 09:15:08.503836,39.70912,40.4925,0.0
2022-01-17 09:15:09.003446,40.07053,40.5445,0.0
2022-01-17 09:15:09.508871,40.74013,40.08025,0.0
2022-01-17 09:15:10.006197,40.27599,39.9255,0.0
2022-01-17 09:15:10.502633,39.76111,40.28575,0.0
2022-01-17 09:15:11.001244,39.86384,40.38975,0.0
2022-01-17 09:15:11.507382,40.6374,40.183,0.0
2022-01-17 09:15:12.007808,40.01855,40.33775,0.0
2022-01-17 09:15:12.505933,39.50243,41.1115,0.0
2022-01-17 09:15:13.004054,40.89484,40.5445,0.0
2022-01-17 09:15:13.510308,40.79211,39.97625,0.0
2022-01-17 09:15:14.009570,39.86384,40.854,0.0
2022-01-17 09:15:14.501387,39.55441,40.90475,0.0
2022-01-17 09:15:15.009381,40.12128,39.9255,0.0
2022-01-17 09:15:15.506804,40.12128,39.46125,0.0
2022-01-17 09:15:16.007145,40.01855,41.473,0.0
2022-01-17 09:15:16.504674,40.17326,40.802,0.0
2022-01-17 09:15:17.005148,39.91582,39.564,0.0
2022-01-17 09:15:17.509933,39.65714,39.2545,0.0
2022-01-17 09:15:18.008495,40.53467,41.62775,0.0
2022-01-17 09:15:18.510671,39.86384,40.75,0.0
2022-01-17 09:15:19.010476,40.27599,39.40925,0.0
2022-01-17 09:15:19.505169,38.98755,39.97625,0.0
2022-01-17 09:15:20.004149,40.17326,41.421,0.0
2022-01-17 09:15:20.508991,40.22525,40.183,0.0
2022-01-17 09:15:21.008197,39.70912,39.512,0.0
2022-01-17 09:15:21.505044,39.3997,41.473,0.0
2022-01-17 09:15:22.003319,40.12128,40.38975,0.0
2022-01-17 09:15:22.510330,40.48269,39.616,0.0
2022-01-17 09:15:23.007596,39.91582,40.69925,0.0
2022-01-17 09:15:23.505443,39.45168,41.0595,0.0
2022-01-17 09:15:24.003989,40.01855,40.4405,0.0
2022-01-17 09:15:24.510216,40.53467,39.46125,0.0
2022-01-17 09:15:25.010306,40.07053,41.00875,0.0
2022-01-17 09:15:25.508097,39.76111,40.64725,0.0
2022-01-17 09:15:26.007391,39.81185,39.9255,0.0
2022-01-17 09:15:26.503742,39.76111,40.28575,0.0
2022-01-17 09:15:27.002288,39.96657,41.1115,0.0
2022-01-17 09:15:27.504259,40.07053,40.802,0.0
2022-01-17 09:15:28.002287,40.27599,39.8735,0.0
2022-01-17 09:15:28.510881,39.70912,40.854,0.0
2022-01-17 09:15:29.003448,39.29697,41.0595,0.0
2022-01-17 09:15:29.502584,40.32797,40.235,0.0
2022-01-17 09:15:30.009029,40.53467,39.3065,0.0
2022-01-17 09:15:30.507426,39.76111,40.5445,0.0
2022-01-17 09:15:31.005637,39.50243,40.5445,0.0
2022-01-17 09:15:31.510484,40.22525,39.8735,0.0
2022-01-17 09:15:32.001117,40.6374,39.8735,0.0
2022-01-17 09:15:32.508417,39.91582,41.421,0.0
2022-01-17 09:15:33.005739,39.70912,40.854,0.0
2022-01-17 09:15:33.501132,40.32797,40.131,0.0
2022-01-17 09:15:34.003336,39.86384,40.08025,0.0
2022-01-17 09:15:34.508724,40.12128,40.854,0.0
2022-01-17 09:15:35.010520,40.07053,40.08025,0.0
2022-01-17 09:15:35.506686,40.27599,39.616,0.0
2022-01-17 09:15:36.005575,39.6064,41.1115,0.0
2022-01-17 09:15:36.510770,40.17326,40.90475,0.0
2022-01-17 09:15:37.009153,40.22525,40.183,0.0
2022-01-17 09:15:37.503906,40.12128,40.28575,0.03864
2022-01-17 09:15:38.001271,39.34772,40.95675,0.03864
2022-01-17 09:15:38.508547,40.01855,40.28575,0.0
2022-01-17 09:15:39.008471,40.32797,40.183,0.0
2022-01-17 09:15:39.504242,40.17326,40.28575,0.0
2022-01-17 09:15:40.003065,39.3997,40.854,0.0
2022-01-17 09:15:40.509696,39.81185,40.28575,0.0
2022-01-17 09:15:41.009911,40.74013,40.33775,0.0
2022-01-17 09:15:41.506508,40.07053,41.00875,0.0
2022-01-17 09:15:42.005266,39.65714,40.5445,0.0
2022-01-17 09:15:42.510115,39.65714,40.28575,0.0
2022-01-17 09:15:43.011196,39.91582,40.235,0.0
2022-01-17 09:15:43.510024,39.91582,40.235,0.0
2022-01-17 09:15:44.008310,39.70912,40.5445,0.0
2022-01-17 09:15:44.503576,40.6374,39.8735,0.0
2022-01-17 09:15:45.002372,40.12128,40.235,0.0
2022-01-17 09:15:45.509167,39.45168,41.31825,0.0
2022-01-17 09:15:46.007349,39.86384,40.59525,0.0
2022-01-17 09:15:46.502033,40.58542,39.616,0.0
2022-01-17 09:15:47.011180,39.81185,40.95675,0.0
2022-01-17 09:15:47.508637,39.45168,41.26625,0.0
2022-01-17 09:15:48.007516,40.4307,40.131,0.0
2022-01-17 09:15:48.507262,40.32797,38.42875,0.0
2022-01-17 09:15:49.004855,39.65714,40.854,0.0
2022-01-17 09:15:49.511025,39.34772,40.95675,0.0
2022-01-17 09:15:50.002926,40.01855,40.5445,0.0
2022-01-17 09:15:50.505265,40.4307,39.8215,0.0
2022-01-17 09:15:51.005130,40.01855,41.31825,0.0
2022-01-17 09:15:51.502376,40.53467,40.64725,0.0
2022-01-17 09:15:52.002326,40.27599,39.616,0.0
2022-01-17 09:15:52.509195,39.76111,39.9255,0.0
2022-01-17 09:15:53.009998,39.96657,40.90475,0.0
2022-01-17 09:15:53.505818,39.86384,39.9255,0.0
2022-01-17 09:15:54.004606,40.4307,39.71875,0.0
2022-01-17 09:15:54.501849,39.45168,41.7825,0.0
2022-01-17 09:15:55.001162,39.24499,41.1635,0.0
2022-01-17 09:15:55.507480,40.22525,40.183,0.43166
2022-01-17 09:15:56.006524,40.01855,39.3065,0.43166
2022-01-17 09:15:56.504779,39.96657,40.854,0.0
2022-01-17 09:15:57.002892,39.6064,40.5445,0.0
2022-01-17 09:15:57.509044,40.37996,39.8215,3.65218
2022-01-17 09:15:58.007150,40.48269,39.35725,3.65218
2022-01-17 09:15:58.511011,39.76111,40.854,0.50989
2022-01-17 09:15:59.009691,39.55441,41.21425,0.50989
2022-01-17 09:15:59.506706,40.01855,40.131,0.0
2022-01-17 09:16:00.007663,39.91582,39.97625,0.0
2022-01-17 09:16:00.505626,39.86384,40.69925,0.0
2022-01-17 09:16:01.005153,40.27599,40.08025,0.0
2022-01-17 09:16:01.501359,40.48269,39.9255,0.0
2022-01-17 09:16:02.008664,39.76111,41.1115,0.0
2022-01-17 09:16:02.509421,39.6064,40.131,0.0
2022-01-17 09:16:03.009597,40.48269,39.512,0.0
2022-01-17 09:16:03.506833,40.48269,40.90475,0.0
2022-01-17 09:16:04.006957,39.50243,41.21425,0.0
2022-01-17 09:16:04.504470,39.65714,40.235,0.0
2022-01-17 09:16:05.002512,40.94682,39.09975,0.0
2022-01-17 09:16:05.509651,40.07053,41.1115,0.0
2022-01-17 09:16:06.009582,39.55441,41.00875,0.0
2022-01-17 09:16:06.505033,39.96657,39.77075,0.0
2022-01-17 09:16:07.010170,40.58542,38.945,0.0
2022-01-17 09:16:07.504687,40.01855,41.26625,0.0
2022-01-17 09:16:08.004338,39.81185,40.4405,0.0
2022-01-17 09:16:08.510940,40.07053,39.71875,0.0
2022-01-17 09:16:09.001530,40.22525,41.0595,0.0
2022-01-17 09:16:09.507545,39.91582,41.26625,0.0
2022-01-17 09:16:10.004804,40.07053,40.08025,0.0
2022-01-17 09:16:10.501641,40.32797,38.6355,0.0
2022-01-17 09:16:11.010437,39.91582,40.802,0.0
2022-01-17 09:16:11.506760,39.65714,40.854,0.0
2022-01-17 09:16:12.003464,39.96657,39.97625,0.0
2022-01-17 09:16:12.509816,40.27599,39.71875,0.0
2022-01-17 09:16:13.007797,39.86384,41.421,0.0
2022-01-17 09:16:13.503344,39.6064,40.08025,0.0
2022-01-17 09:16:14.004284,40.53467,39.40925,0.0
2022-01-17 09:16:14.501233,40.37996,40.95675,0.0
2022-01-17 09:16:15.008503,39.81185,40.90475,0.0
2022-01-17 09:16:15.502872,39.45168,40.131,0.0
2022-01-17 09:16:16.010764,40.68938,39.616,0.0
2022-01-17 09:16:16.507199,40.37996,40.64725,0.0
2022-01-17 09:16:17.005861,39.70912,40.4925,0.0
2022-01-17 09:16:17.502080,39.14226,39.66675,0.0
2022-01-17 09:16:18.010288,40.17326,40.38975,0.0
2022-01-17 09:16:18.508180,40.4307,41.6785,0.0
2022-01-17 09:16:19.007291,39.91582,41.00875,0.0
2022-01-17 09:16:20.005409,40.27599,39.35725,0.0
2022-01-17 09:16:20.502764,39.65714,41.57575,0.0
2022-01-17 09:16:21.002152,39.76111,40.802,0.0
2022-01-17 09:16:21.508621,40.17326,39.3065,0.0
2022-01-17 09:16:22.006398,40.07053,39.71875,0.0
2022-01-17 09:16:22.501431,39.45168,41.421,0.0
2022-01-17 09:16:23.010269,40.37996,40.5445,0.0
2022-01-17 09:16:23.509610,40.79211,40.131,0.0
2022-01-17 09:16:24.008896,40.12128,40.95675,0.0
2022-01-17 09:16:24.503412,40.07053,41.00875,0.0
2022-01-17 09:16:25.004184,39.65714,39.97625,0.0
2022-01-17 09:16:25.509021,40.22525,40.4405,0.0
2022-01-17 09:16:26.008121,39.55441,40.59525,0.0
2022-01-17 09:16:26.503911,39.96657,40.02825,0.0
2022-01-17 09:16:27.002086,40.01855,40.4405,0.0
2022-01-17 09:16:27.507690,39.91582,41.21425,0.0
2022-01-17 09:16:28.008210,40.22525,40.4405,0.0
2022-01-17 09:16:28.504167,40.12128,39.564,0.0
2022-01-17 09:16:29.003720,40.4307,40.28575,0.0
2022-01-17 09:16:29.509079,40.17326,40.75,0.0
2022-01-17 09:16:30.007034,39.70912,39.97625,0.0
2022-01-17 09:16:30.504938,39.76111,40.02825,0.0
2022-01-17 09:16:31.005263,40.58542,40.59525,0.0
2022-01-17 09:16:31.501834,39.96657,40.4405,0.0
2022-01-17 09:16:32.002127,39.45168,40.28575,0.0
2022-01-17 09:16:32.510864,40.12128,40.38975,0.0
2022-01-17 09:16:33.008998,41.04955,40.4925,0.0
2022-01-17 09:16:33.503236,40.17326,40.90475,0.0
2022-01-17 09:16:34.002526,39.24499,40.183,0.0
2022-01-17 09:16:34.507738,39.76111,39.66675,0.03864
2022-01-17 09:16:35.008634,40.22525,41.0595,0.03864
2022-01-17 09:16:35.504221,40.01855,40.64725,0.0
2022-01-17 09:16:36.002063,39.50243,39.46125,0.0
2022-01-17 09:16:36.509070,40.22525,40.59525,0.0
2022-01-17 09:16:37.007805,39.81185,41.31825,0.0
2022-01-17 09:16:37.504671,39.55441,40.802,0.0
2022-01-17 09:16:38.002451,40.07053,39.564,0.0
2022-01-17 09:16:38.507372,40.27599,40.75,0.0
2022-01-17 09:16:39.006171,39.70912,41.21425,0.0
2022-01-17 09:16:39.501500,39.55441,40.131,0.0
2022-01-17 09:16:40.011083,40.53467,38.893,0.0
2022-01-17 09:16:40.506855,40.22525,40.854,0.0
2022-01-17 09:16:41.006520,39.81185,40.854,0.0
2022-01-17 09:16:41.501267,39.76111,39.97625,0.0
2022-01-17 09:16:42.001160,40.22525,39.9255,0.0
2022-01-17 09:16:42.502801,39.96657,41.31825,0.0
2022-01-17 09:16:43.010933,39.86384,40.235,0.0
2022-01-17 09:16:43.508509,40.07053,39.71875,0.0
2022-01-17 09:16:44.007369,40.22525,40.4925,0.0
2022-01-17 09:16:44.502106,40.01855,40.69925,0.0
2022-01-17 09:16:45.001406,39.86384,40.02825,0.0
2022-01-17 09:16:45.510178,39.91582,40.38975,0.0
2022-01-17 09:16:46.009200,40.32797,41.369,0.0
2022-01-17 09:16:46.506929,39.81185,40.854,0.0
2022-01-17 09:16:47.007590,39.50243,39.66675,0.0
2022-01-17 09:16:47.502216,40.17326,40.4925,0.0
2022-01-17 09:16:48.001653,40.22525,40.802,0.0
2022-01-17 09:16:48.508122,39.76111,40.33775,0.0
2022-01-17 09:16:49.005420,40.12128,39.15175,0.0
2022-01-17 09:16:49.510951,40.53467,41.369,0.0
2022-01-17 09:16:50.010648,40.17326,40.90475,0.0
2022-01-17 09:16:50.501139,39.50243,40.08025,0.0
2022-01-17 09:16:51.003025,39.81185,39.71875,0.0
2022-01-17 09:16:51.501993,40.6374,41.00875,0.0
2022-01-17 09:16:52.001292,40.12128,40.4405,0.0
2022-01-17 09:16:52.506107,39.50243,39.3065,0.0
2022-01-17 09:16:53.005802,40.22525,40.90475,0.0
2022-01-17 09:16:53.505311,40.4307,40.90475,0.0
2022-01-17 09:16:54.007607,39.81185,40.183,0.0
2022-01-17 09:16:54.503448,39.45168,39.71875,0.0
2022-01-17 09:16:55.002726,40.32797,41.369,0.0
2022-01-17 09:16:55.501907,39.86384,40.802,0.0
2022-01-17 09:16:56.001290,39.70912,40.08025,0.0
2022-01-17 09:16:56.506746,40.17326,38.48075,0.0
2022-01-17 09:16:57.002787,40.48269,41.6785,0.0
2022-01-17 09:16:57.508883,39.96657,40.75,0.0
2022-01-17 09:16:58.006275,39.45168,39.66675,0.0
2022-01-17 09:16:58.502047,40.6374,39.616,0.0
2022-01-17 09:16:59.001503,40.17326,41.7825,0.0
2022-01-17 09:16:59.506024,40.01855,40.802,0.0
2022-01-17 09:17:00.004299,39.76111,39.616,0.0
