時間,回転１,回転２,回転３
2022-01-17 10:00:00.005137,84.05963,84.4415,85.37447
2022-01-17 10:00:00.504264,84.47302,84.803,85.80614
2022-01-17 10:00:01.001498,84.05963,84.3895,85.80614
2022-01-17 10:00:01.508081,84.26632,84.64825,86.00312
2022-01-17 10:00:02.005568,84.11161,84.4415,86.00312
2022-01-17 10:00:02.509114,83.90492,84.54425,86.47437
2022-01-17 10:00:03.008146,83.49276,84.184,86.47437
2022-01-17 10:00:03.501077,84.26632,84.85375,85.96354
2022-01-17 10:00:04.009966,84.21434,84.4935,85.96354
2022-01-17 10:00:04.508918,84.05963,84.23475,85.29625
2022-01-17 10:00:05.007077,84.21434,84.59625,85.29625
2022-01-17 10:00:05.501816,83.90492,84.33875,86.59218
2022-01-17 10:00:06.010734,84.73046,85.16325,86.59218
2022-01-17 10:00:06.507929,83.33805,83.8225,85.80614
2022-01-17 10:00:07.007342,84.31831,84.85375,85.80614
2022-01-17 10:00:07.502746,83.80219,84.33875,85.41406
2022-01-17 10:00:08.001221,84.52377,84.90575,85.41406
2022-01-17 10:00:08.506769,84.05963,84.23475,85.37447
2022-01-17 10:00:09.004018,84.00888,84.59625,85.37447
2022-01-17 10:00:09.510933,84.47302,84.85375,86.00312
2022-01-17 10:00:10.007003,83.9569,84.33875,86.00312
2022-01-17 10:00:10.511044,84.31831,84.803,85.80614
2022-01-17 10:00:11.009237,83.28607,83.8225,85.80614
2022-01-17 10:00:11.504756,84.31831,84.803,86.63083
2022-01-17 10:00:12.002414,84.21434,84.4415,86.63083
2022-01-17 10:00:12.502241,83.85417,84.33875,85.72791
2022-01-17 10:00:13.011149,84.21434,84.59625,85.72791
2022-01-17 10:00:13.505916,84.00888,84.64825,86.63083
2022-01-17 10:00:14.003822,84.1636,84.4935,86.63083
2022-01-17 10:00:14.510058,83.85417,84.3895,85.25666
2022-01-17 10:00:15.009894,84.11161,84.3895,85.25666
2022-01-17 10:00:15.507119,84.00888,84.33875,85.09926
2022-01-17 10:00:16.006252,84.05963,84.64825,85.09926
2022-01-17 10:00:16.511057,84.31831,84.803,85.17843
2022-01-17 10:00:17.008894,83.59549,84.23475,85.17843
2022-01-17 10:00:17.504050,84.31831,84.751,85.80614
2022-01-17 10:00:18.003162,83.59549,84.28675,85.80614
2022-01-17 10:00:18.502447,84.31831,84.59625,85.21708
2022-01-17 10:00:19.002529,84.1636,84.28675,85.21708
2022-01-17 10:00:19.509729,84.21434,84.4935,85.53187
2022-01-17 10:00:20.009254,83.90492,84.4935,85.53187
2022-01-17 10:00:20.503052,84.11161,84.699,85.53187
2022-01-17 10:00:21.001117,84.11161,84.4415,85.53187
2022-01-17 10:00:21.506974,84.1636,84.803,85.29625
2022-01-17 10:00:22.004078,83.7502,84.132,85.29625
2022-01-17 10:00:22.510882,84.42104,84.803,85.72791
2022-01-17 10:00:23.009637,83.69946,83.97725,85.72791
2022-01-17 10:00:23.504849,84.26632,84.64825,85.53187
2022-01-17 10:00:24.004558,83.69946,84.132,85.53187
2022-01-17 10:00:24.502149,84.47302,84.95775,85.02104
2022-01-17 10:00:25.010377,83.33805,83.8225,85.02104
2022-01-17 10:00:25.505743,84.42104,84.699,86.08135
2022-01-17 10:00:26.005410,83.80219,84.28675,86.08135
2022-01-17 10:00:26.510940,84.52377,84.85375,85.37447
2022-01-17 10:00:27.008078,84.11161,84.4935,85.37447
2022-01-17 10:00:27.502461,83.80219,84.33875,85.53187
2022-01-17 10:00:28.001138,84.1636,84.59625,85.53187
2022-01-17 10:00:28.510243,83.90492,84.3895,86.78822
2022-01-17 10:00:29.009511,84.57575,85.0605,86.78822
2022-01-17 10:00:29.502706,83.33805,84.184,85.96354
2022-01-17 10:00:30.010800,84.42104,84.64825,85.96354
2022-01-17 10:00:30.506171,84.47302,84.803,85.37447
2022-01-17 10:00:31.005706,84.05963,84.4415,85.37447
2022-01-17 10:00:31.502206,84.31831,84.90575,85.7675
2022-01-17 10:00:32.009999,83.44078,83.7705,85.7675
2022-01-17 10:00:32.505374,84.62773,85.16325,85.37447
2022-01-17 10:00:33.003818,83.44078,84.08,85.37447
2022-01-17 10:00:34.005599,83.7502,83.97725,85.29625
2022-01-17 10:00:34.511233,84.36905,84.751,85.88531
2022-01-17 10:00:35.009035,84.42104,84.803,85.88531
2022-01-17 10:00:35.503820,83.7502,84.08,85.57051
2022-01-17 10:00:36.001372,84.52377,85.0605,85.57051
2022-01-17 10:00:36.509348,83.44078,84.08,85.09926
2022-01-17 10:00:37.007482,84.52377,84.751,85.09926
2022-01-17 10:00:37.504538,83.64747,84.184,85.33489
2022-01-17 10:00:38.003226,84.21434,84.59625,85.33489
2022-01-17 10:00:38.510279,84.00888,84.54425,85.72791
2022-01-17 10:00:39.009886,84.21434,84.64825,85.72791
2022-01-17 10:00:39.504539,84.26632,84.4935,85.4527
2022-01-17 10:00:40.002279,83.9569,84.4935,85.4527
2022-01-17 10:00:40.506859,83.9569,84.4415,84.98145
2022-01-17 10:00:41.003458,83.85417,84.28675,84.98145
2022-01-17 10:00:41.509617,84.26632,84.4935,86.23875
2022-01-17 10:00:42.003774,83.90492,84.33875,86.23875
2022-01-17 10:00:42.510499,83.9569,84.59625,85.68833
2022-01-17 10:00:43.008746,84.42104,84.751,85.68833
2022-01-17 10:00:43.502397,83.80219,84.23475,86.5526
2022-01-17 10:00:44.005015,84.1636,84.4935,86.5526
2022-01-17 10:00:44.509691,83.64747,84.4415,85.29625
2022-01-17 10:00:45.008857,84.11161,84.4935,85.29625
2022-01-17 10:00:45.504246,84.47302,84.751,85.7675
2022-01-17 10:00:46.003741,84.05963,84.28675,85.7675
2022-01-17 10:00:46.508952,84.05963,84.3895,85.29625
2022-01-17 10:00:47.007793,84.47302,85.16325,85.29625
2022-01-17 10:00:47.502071,83.9569,84.33875,85.64968
2022-01-17 10:00:48.001168,83.44078,83.97725,85.64968
2022-01-17 10:00:48.506561,84.36905,84.64825,85.37447
2022-01-17 10:00:49.007979,84.31831,84.803,85.37447
2022-01-17 10:00:49.503666,84.1636,84.699,85.57051
2022-01-17 10:00:50.005142,84.11161,84.33875,85.57051
2022-01-17 10:00:50.503235,83.64747,84.132,85.6101
2022-01-17 10:00:51.002501,84.52377,84.90575,85.6101
2022-01-17 10:00:51.507896,83.59549,84.4415,86.08135
2022-01-17 10:00:52.006418,83.80219,83.97725,86.08135
2022-01-17 10:00:53.005133,84.00888,84.33875,84.98145
2022-01-17 10:00:53.509691,84.52377,84.90575,85.57051
2022-01-17 10:00:54.007302,83.54475,84.08,85.57051
2022-01-17 10:00:54.504017,84.1636,84.54425,85.49229
2022-01-17 10:00:55.005090,83.85417,84.28675,85.49229
2022-01-17 10:00:55.501154,84.47302,84.95775,85.49229
2022-01-17 10:00:56.010751,83.59549,84.08,85.49229
2022-01-17 10:00:56.503515,84.36905,84.59625,85.88531
2022-01-17 10:00:57.003554,84.11161,84.33875,85.88531
2022-01-17 10:00:57.511068,83.90492,84.4415,85.6101
2022-01-17 10:00:58.009140,84.57575,84.95775,85.6101
2022-01-17 10:00:58.504923,83.49276,84.184,85.84572
2022-01-17 10:00:59.002635,84.26632,84.3895,85.84572
2022-01-17 10:00:59.509128,83.85417,84.4935,86.86645
2022-01-17 10:01:00.007909,84.21434,84.3895,86.86645
2022-01-17 10:01:00.510666,84.1636,84.59625,85.53187
2022-01-17 10:01:01.009511,84.1636,84.54425,85.53187
2022-01-17 10:01:01.503739,83.7502,84.132,85.96354
2022-01-17 10:01:02.001852,84.1636,84.699,85.96354
2022-01-17 10:01:02.508096,84.00888,84.33875,85.17843
2022-01-17 10:01:03.006907,83.59549,84.33875,85.17843
2022-01-17 10:01:03.510831,84.47302,84.90575,85.17843
2022-01-17 10:01:04.010516,84.26632,84.28675,85.17843
2022-01-17 10:01:04.505960,84.05963,84.28675,85.4527
2022-01-17 10:01:05.003548,84.05963,84.4935,85.4527
2022-01-17 10:01:05.501163,83.9569,84.64825,85.64968
2022-01-17 10:01:06.010298,84.1636,84.33875,85.64968
2022-01-17 10:01:06.506549,83.54475,84.3895,85.49229
2022-01-17 10:01:07.004357,84.31831,84.699,85.49229
2022-01-17 10:01:07.509589,84.42104,84.803,85.4527
2022-01-17 10:01:08.007378,84.26632,84.3895,85.4527
2022-01-17 10:01:08.503808,83.7502,84.02925,85.7675
2022-01-17 10:01:09.002165,84.1636,84.803,85.7675
2022-01-17 10:01:09.502618,84.05963,84.4415,85.21708
2022-01-17 10:01:10.009132,84.26632,84.85375,85.21708
2022-01-17 10:01:10.503200,83.80219,84.23475,85.7675
2022-01-17 10:01:11.006636,84.05963,84.59625,85.7675
2022-01-17 10:01:11.503883,84.1636,84.54425,85.4527
2022-01-17 10:01:12.003131,84.05963,84.33875,85.4527
2022-01-17 10:01:12.508586,83.7502,84.33875,85.37447
2022-01-17 10:01:13.007692,84.11161,84.4415,85.37447
2022-01-17 10:01:13.502904,84.00888,84.751,85.96354
2022-01-17 10:01:14.004131,83.90492,84.3895,85.96354
2022-01-17 10:01:14.501352,83.7502,84.4415,84.90322
2022-01-17 10:01:15.010592,84.31831,84.33875,84.90322
2022-01-17 10:01:15.506057,84.57575,84.751,86.51301
2022-01-17 10:01:16.006314,83.90492,84.4935,86.51301
2022-01-17 10:01:16.502239,84.11161,84.4415,86.47437
2022-01-17 10:01:17.001765,83.9569,84.3895,86.47437
2022-01-17 10:01:17.510626,83.90492,84.28675,85.64968
2022-01-17 10:01:18.001431,83.85417,84.64825,85.64968
2022-01-17 10:01:18.508137,83.44078,83.513,85.72791
2022-01-17 10:01:19.006117,84.36905,84.4415,85.72791
2022-01-17 10:01:19.503104,84.05963,84.3895,239.395
2022-01-17 10:01:20.002270,84.1636,84.4415,239.395
2022-01-17 10:01:20.508189,83.7502,84.08,213.43666
2022-01-17 10:01:21.005716,84.00888,84.23475,213.43666
2022-01-17 10:01:21.510342,83.49276,84.28675,160.8527
2022-01-17 10:01:22.009867,83.90492,84.184,160.8527
2022-01-17 10:01:22.502529,84.42104,84.699,97.23395
2022-01-17 10:01:23.003415,83.49276,83.8225,97.23395
2022-01-17 10:01:23.508739,84.78245,84.85375,88.00593
2022-01-17 10:01:24.006019,83.80219,84.28675,88.00593
2022-01-17 10:01:24.511072,84.05963,84.132,91.93239
2022-01-17 10:01:25.011258,83.7502,84.28675,91.93239
2022-01-17 10:01:25.505718,84.11161,84.33875,87.18125
2022-01-17 10:01:26.004372,84.36905,84.90575,87.18125
2022-01-17 10:01:26.501662,84.00888,84.3895,86.23875
2022-01-17 10:01:27.010274,84.1636,84.3895,86.23875
2022-01-17 10:01:27.506345,83.80219,84.3895,86.90604
2022-01-17 10:01:28.006092,84.36905,84.85375,86.90604
2022-01-17 10:01:28.502097,83.9569,84.59625,85.57051
2022-01-17 10:01:29.001121,83.90492,84.28675,85.57051
2022-01-17 10:01:29.506537,83.7502,84.33875,86.67041
2022-01-17 10:01:30.004708,84.36905,84.803,86.67041
2022-01-17 10:01:30.510759,84.00888,84.132,86.51301
2022-01-17 10:01:31.010043,84.11161,84.59625,86.51301
2022-01-17 10:01:31.506036,84.05963,84.33875,87.25947
2022-01-17 10:01:32.004343,84.21434,84.85375,87.25947
2022-01-17 10:01:32.501871,83.80219,84.08,86.00312
2022-01-17 10:01:33.010276,84.11161,84.85375,86.00312
2022-01-17 10:01:33.504673,84.05963,84.3895,86.04176
2022-01-17 10:01:34.002299,84.26632,84.4935,86.04176
2022-01-17 10:01:34.509263,84.26632,84.699,86.15958
2022-01-17 10:01:35.007488,83.9569,84.02925,86.15958
2022-01-17 10:01:35.503474,84.1636,84.803,86.31697
2022-01-17 10:01:36.002941,84.05963,84.4935,86.31697
2022-01-17 10:01:36.508814,83.69946,84.4415,86.3952
2022-01-17 10:01:37.008572,84.26632,84.4415,86.3952
2022-01-17 10:01:37.504726,84.21434,84.59625,86.3952
2022-01-17 10:01:38.001895,83.85417,84.3895,86.3952
2022-01-17 10:01:38.508253,84.36905,84.59625,86.19916
2022-01-17 10:01:39.005530,84.05963,84.751,86.19916
2022-01-17 10:01:39.502303,84.1636,84.4935,85.49229
2022-01-17 10:01:40.001248,84.11161,84.699,85.49229
2022-01-17 10:01:40.507461,83.69946,84.132,85.53187
2022-01-17 10:01:41.006258,84.52377,84.90575,85.53187
2022-01-17 10:01:41.501966,84.00888,84.33875,86.27739
2022-01-17 10:01:42.001405,84.21434,84.64825,86.27739
2022-01-17 10:01:42.507406,83.80219,84.699,84.98145
2022-01-17 10:01:43.005519,84.21434,84.59625,84.98145
2022-01-17 10:01:43.509648,83.90492,84.4415,85.88531
2022-01-17 10:01:44.010448,84.31831,84.699,85.88531
2022-01-17 10:01:44.507124,83.90492,84.3895,85.4527
2022-01-17 10:01:45.004098,84.05963,84.184,85.4527
2022-01-17 10:01:45.509555,84.47302,84.4935,86.27739
2022-01-17 10:01:46.008219,83.85417,84.23475,86.27739
2022-01-17 10:01:46.502288,84.36905,84.803,85.96354
2022-01-17 10:01:47.011049,83.80219,84.3895,85.96354
2022-01-17 10:01:47.505145,83.7502,84.132,85.41406
2022-01-17 10:01:48.006193,84.00888,84.64825,85.41406
2022-01-17 10:01:48.502832,84.05963,84.54425,85.29625
2022-01-17 10:01:49.003247,84.36905,84.4935,85.29625
2022-01-17 10:01:49.508381,83.7502,84.184,85.88531
2022-01-17 10:01:50.006438,84.11161,84.4415,85.88531
2022-01-17 10:01:50.501128,84.00888,84.59625,84.86364
2022-01-17 10:01:51.010466,84.26632,84.751,84.86364
2022-01-17 10:01:51.506058,83.08061,83.8745,85.84572
2022-01-17 10:01:52.004772,84.47302,84.803,85.84572
2022-01-17 10:01:52.503402,83.7502,83.97725,85.68833
2022-01-17 10:01:53.001910,84.52377,84.95775,85.68833
2022-01-17 10:01:53.508776,84.36905,84.64825,86.59218
2022-01-17 10:01:54.006880,83.80219,84.4415,86.59218
2022-01-17 10:01:54.503499,84.1636,84.4415,86.67041
2022-01-17 10:01:55.001149,84.00888,84.699,86.67041
2022-01-17 10:01:55.507374,83.9569,84.54425,85.72791
2022-01-17 10:01:56.005221,84.05963,84.4415,85.72791
2022-01-17 10:01:56.501785,84.1636,84.54425,85.49229
2022-01-17 10:01:57.003348,84.26632,84.4415,85.49229
2022-01-17 10:01:57.510558,84.26632,84.90575,85.72791
2022-01-17 10:01:58.009979,84.11161,84.3895,85.72791
2022-01-17 10:01:58.505643,83.54475,84.132,85.84572
2022-01-17 10:01:59.004787,84.52377,85.0605,85.84572
2022-01-17 10:01:59.503662,83.80219,84.23475,85.06062
2022-01-17 10:02:00.003560,84.31831,84.90575,85.06062
2022-01-17 10:02:00.509615,83.9569,84.132,85.68833
2022-01-17 10:02:01.009339,84.26632,84.699,85.68833
2022-01-17 10:02:01.504826,84.21434,84.33875,85.09926
2022-01-17 10:02:02.003248,83.9569,84.59625,85.09926
2022-01-17 10:02:02.508208,83.85417,84.3895,86.08135
2022-01-17 10:02:03.007594,83.7502,84.28675,86.08135
2022-01-17 10:02:03.502748,84.26632,84.54425,85.96354
2022-01-17 10:02:04.001190,84.26632,84.4415,85.96354
2022-01-17 10:02:04.506394,84.21434,84.699,86.00312
2022-01-17 10:02:05.004880,84.11161,84.54425,86.00312
2022-01-17 10:02:06.005103,83.9569,84.184,85.33489
2022-01-17 10:02:06.510073,83.80219,84.54425,85.37447
2022-01-17 10:02:07.008091,84.11161,84.64825,85.37447
2022-01-17 10:02:07.502751,84.00888,84.184,85.57051
2022-01-17 10:02:08.001828,84.11161,84.699,85.57051
2022-01-17 10:02:08.510671,84.26632,84.54425,85.33489
2022-01-17 10:02:09.009400,83.85417,84.59625,85.33489
2022-01-17 10:02:09.505472,84.1636,84.59625,85.64968
2022-01-17 10:02:10.010344,83.69946,84.23475,85.64968
2022-01-17 10:02:10.507524,84.1636,84.4935,85.21708
2022-01-17 10:02:11.006211,84.00888,84.54425,85.21708
2022-01-17 10:02:11.501127,84.1636,84.90575,86.31697
2022-01-17 10:02:12.002266,83.69946,84.02925,86.31697
2022-01-17 10:02:12.501183,84.11161,84.64825,85.49229
2022-01-17 10:02:13.001829,84.42104,84.699,85.49229
2022-01-17 10:02:13.509699,83.85417,84.3895,85.88531
2022-01-17 10:02:14.007419,84.31831,84.54425,85.88531
2022-01-17 10:02:14.504665,83.90492,84.184,85.68833
2022-01-17 10:02:15.005231,84.47302,84.90575,85.68833
2022-01-17 10:02:15.511237,84.26632,84.54425,86.27739
2022-01-17 10:02:16.001094,83.49276,84.184,86.27739
2022-01-17 10:02:16.506122,84.47302,84.751,85.02104
2022-01-17 10:02:17.004604,83.54475,84.08,85.02104
2022-01-17 10:02:17.508610,84.42104,84.90575,85.72791
2022-01-17 10:02:18.006294,83.59549,84.08,85.72791
2022-01-17 10:02:18.502173,84.31831,84.803,85.57051
2022-01-17 10:02:19.010790,84.11161,84.132,85.57051
2022-01-17 10:02:19.510321,84.26632,84.751,85.80614
2022-01-17 10:02:20.008227,83.90492,84.33875,85.80614
2022-01-17 10:02:20.503557,83.90492,84.4415,85.29625
2022-01-17 10:02:21.001430,84.11161,84.54425,85.29625
2022-01-17 10:02:21.506679,83.69946,84.3895,85.41406
2022-01-17 10:02:22.004620,84.57575,85.0605,85.41406
2022-01-17 10:02:22.506322,84.11161,84.28675,85.4527
2022-01-17 10:02:23.005573,84.00888,84.54425,85.4527
2022-01-17 10:02:23.501596,83.9569,84.28675,85.84572
2022-01-17 10:02:24.001268,84.26632,84.803,85.84572
2022-01-17 10:02:24.507229,84.05963,84.4935,84.98145
2022-01-17 10:02:25.005540,83.49276,84.02925,84.98145
2022-01-17 10:02:25.502455,84.36905,84.85375,85.25666
2022-01-17 10:02:26.002284,83.80219,84.132,85.25666
2022-01-17 10:02:26.506634,84.52377,84.90575,84.98145
2022-01-17 10:02:27.004594,83.64747,83.92525,84.98145
2022-01-17 10:02:27.510618,84.31831,84.95775,86.12093
2022-01-17 10:02:28.009786,83.69946,84.132,86.12093
2022-01-17 10:02:28.507850,84.05963,84.54425,85.6101
2022-01-17 10:02:29.007436,84.00888,84.4935,85.6101
2022-01-17 10:02:29.502775,83.80219,84.33875,85.53187
2022-01-17 10:02:30.011031,84.73046,85.0605,85.53187
2022-01-17 10:02:30.505566,83.9569,84.02925,86.63083
2022-01-17 10:02:31.003642,84.1636,84.64825,86.63083
2022-01-17 10:02:31.509145,84.05963,84.59625,86.15958
2022-01-17 10:02:32.009111,83.90492,84.4935,86.15958
2022-01-17 10:02:32.503439,83.85417,84.33875,85.68833
2022-01-17 10:02:33.002844,83.9569,84.4935,85.68833
2022-01-17 10:02:33.508318,84.1636,84.64825,85.72791
2022-01-17 10:02:34.006724,84.21434,84.3895,85.72791
2022-01-17 10:02:34.502076,84.26632,84.59625,85.33489
2022-01-17 10:02:35.010715,84.21434,84.4935,85.33489
2022-01-17 10:02:35.506694,84.00888,84.4935,85.53187
2022-01-17 10:02:36.006347,84.05963,84.64825,85.53187
2022-01-17 10:02:36.504258,83.49276,84.132,85.57051
2022-01-17 10:02:37.001785,84.62773,85.0085,85.57051
2022-01-17 10:02:37.507841,83.90492,84.132,86.08135
2022-01-17 10:02:38.008380,84.11161,84.699,86.08135
2022-01-17 10:02:38.502588,84.00888,84.33875,85.21708
2022-01-17 10:02:39.001102,83.90492,84.3895,85.21708
2022-01-17 10:02:39.505203,84.47302,84.751,85.80614
2022-01-17 10:02:40.005230,83.18334,83.8745,85.80614
2022-01-17 10:02:40.509561,84.11161,84.699,86.3952
2022-01-17 10:02:41.007294,84.1636,84.28675,86.3952
2022-01-17 10:02:41.502270,84.21434,84.54425,86.3952
2022-01-17 10:02:42.003135,84.26632,84.59625,86.3952
2022-01-17 10:02:42.508852,83.7502,84.184,86.00312
2022-01-17 10:02:43.008317,84.31831,84.54425,86.00312
2022-01-17 10:02:43.503127,83.59549,84.08,86.00312
2022-01-17 10:02:44.001305,84.36905,84.95775,86.00312
2022-01-17 10:02:44.507538,83.80219,84.184,85.72791
2022-01-17 10:02:45.005961,84.21434,84.4415,85.72791
2022-01-17 10:02:45.501841,84.26632,84.4415,85.72791
2022-01-17 10:02:46.007624,84.05963,84.54425,85.72791
2022-01-17 10:02:46.503450,84.1636,84.4935,85.92395
2022-01-17 10:02:47.002195,83.80219,84.23475,85.92395
2022-01-17 10:02:47.506626,84.1636,84.699,85.80614
2022-01-17 10:02:48.005097,83.80219,84.4415,85.80614
2022-01-17 10:02:48.510771,84.78245,85.1125,86.35656
2022-01-17 10:02:49.009367,83.9569,83.92525,86.35656
2022-01-17 10:02:49.504836,84.1636,84.54425,85.49229
2022-01-17 10:02:50.002345,84.05963,84.59625,85.49229
2022-01-17 10:02:50.507324,84.36905,84.59625,85.57051
2022-01-17 10:02:51.006519,83.80219,84.33875,85.57051
2022-01-17 10:02:51.501384,83.69946,84.3895,86.63083
2022-01-17 10:02:52.010700,84.36905,84.751,86.63083
2022-01-17 10:02:52.504874,84.05963,84.33875,85.80614
2022-01-17 10:02:53.009872,84.11161,84.59625,85.80614
2022-01-17 10:02:53.507021,83.7502,84.23475,85.80614
2022-01-17 10:02:54.005845,83.9569,84.33875,85.80614
2022-01-17 10:02:54.501121,84.11161,84.54425,85.17843
2022-01-17 10:02:55.009140,83.90492,84.4415,85.17843
2022-01-17 10:02:55.504923,84.05963,84.4415,85.33489
2022-01-17 10:02:56.002428,84.00888,84.28675,85.33489
2022-01-17 10:02:56.509693,84.42104,84.803,85.29625
2022-01-17 10:02:57.001826,83.80219,84.184,85.29625
2022-01-17 10:02:57.509506,84.1636,84.699,85.64968
2022-01-17 10:02:58.009589,83.90492,84.3895,85.64968
2022-01-17 10:02:58.505650,83.7502,84.23475,85.25666
2022-01-17 10:02:59.003115,84.1636,84.751,85.25666
2022-01-17 10:02:59.508333,84.42104,84.64825,86.23875
2022-01-17 10:03:00.004768,83.85417,84.23475,86.23875
2022-01-17 10:03:00.502426,84.11161,84.64825,85.21708
2022-01-17 10:03:01.010855,83.7502,84.33875,85.21708
2022-01-17 10:03:01.506313,84.26632,84.64825,86.00312
2022-01-17 10:03:02.006361,83.7502,84.33875,86.00312
2022-01-17 10:03:02.502018,84.1636,84.751,85.6101
2022-01-17 10:03:03.001225,83.85417,84.23475,85.6101
2022-01-17 10:03:03.508057,84.36905,84.751,85.68833
2022-01-17 10:03:04.006823,84.47302,84.59625,85.68833
2022-01-17 10:03:04.501949,83.59549,83.97725,85.84572
2022-01-17 10:03:05.001207,84.42104,84.90575,85.84572
2022-01-17 10:03:05.508700,83.64747,83.92525,86.27739
2022-01-17 10:03:06.008049,84.73046,85.21525,86.27739
2022-01-17 10:03:06.503530,83.59549,84.184,85.25666
2022-01-17 10:03:07.001867,84.1636,84.54425,85.25666
2022-01-17 10:03:07.510589,84.31831,84.4415,86.5526
2022-01-17 10:03:08.008512,84.21434,84.751,86.5526
2022-01-17 10:03:08.505680,84.47302,84.95775,85.17843
2022-01-17 10:03:09.004979,83.64747,84.132,85.17843
2022-01-17 10:03:09.501966,83.85417,84.23475,85.37447
2022-01-17 10:03:10.008596,83.64747,84.28675,85.37447
2022-01-17 10:03:10.502895,84.47302,84.751,85.92395
2022-01-17 10:03:11.002426,84.11161,84.4415,85.92395
2022-01-17 10:03:11.507840,83.85417,84.184,85.33489
2022-01-17 10:03:12.006036,84.1636,84.3895,85.33489
2022-01-17 10:03:12.504244,83.90492,84.4935,85.57051
2022-01-17 10:03:13.003577,84.52377,85.16325,85.57051
2022-01-17 10:03:13.507455,83.33805,83.8745,85.84572
2022-01-17 10:03:14.006805,84.21434,84.751,85.84572
2022-01-17 10:03:14.503174,83.85417,84.28675,85.7675
2022-01-17 10:03:15.001232,84.62773,84.803,85.7675
2022-01-17 10:03:15.506235,83.7502,84.23475,85.17843
2022-01-17 10:03:16.005175,84.11161,84.59625,85.17843
2022-01-17 10:03:16.510308,83.9569,84.3895,85.41406
2022-01-17 10:03:17.009043,84.00888,84.699,85.41406
2022-01-17 10:03:17.506162,84.05963,84.54425,85.53187
2022-01-17 10:03:18.006294,83.9569,84.59625,85.53187
2022-01-17 10:03:18.503040,83.9569,84.184,85.68833
2022-01-17 10:03:19.001425,84.1636,84.28675,85.68833
2022-01-17 10:03:19.508382,84.42104,84.803,85.57051
2022-01-17 10:03:20.006385,83.85417,84.4415,85.57051
2022-01-17 10:03:20.511262,84.05963,84.33875,85.80614
2022-01-17 10:03:21.010520,84.26632,84.64825,85.80614
2022-01-17 10:03:21.506565,83.80219,84.4935,85.49229
2022-01-17 10:03:22.005898,84.11161,84.4935,85.49229
2022-01-17 10:03:22.510938,84.1636,84.33875,86.3952
2022-01-17 10:03:23.009917,83.90492,84.02925,86.3952
2022-01-17 10:03:23.505159,84.42104,84.90575,85.57051
2022-01-17 10:03:24.005625,84.11161,84.59625,85.57051
2022-01-17 10:03:24.502805,83.9569,84.33875,86.27739
2022-01-17 10:03:25.505295,84.05963,84.4415,84.825
2022-01-17 10:03:26.006172,84.31831,84.54425,84.825
2022-01-17 10:03:26.506741,83.80219,84.23475,87.06343
2022-01-17 10:03:27.005079,84.21434,84.699,87.06343
2022-01-17 10:03:27.504996,83.85417,84.33875,85.92395
2022-01-17 10:03:28.005199,84.36905,84.803,85.92395
2022-01-17 10:03:28.509141,83.9569,84.54425,85.57051
2022-01-17 10:03:29.007498,84.05963,84.4935,85.57051
2022-01-17 10:03:29.502883,84.05963,84.33875,85.88531
2022-01-17 10:03:30.001750,83.85417,84.184,85.88531
2022-01-17 10:03:30.507009,84.73046,85.0605,85.88531
2022-01-17 10:03:31.006399,83.23532,83.61575,85.88531
2022-01-17 10:03:31.501412,84.31831,84.90575,84.6676
2022-01-17 10:03:32.009871,83.54475,84.02925,84.6676
2022-01-17 10:03:32.505165,84.36905,84.64825,85.84572
2022-01-17 10:03:33.002752,84.00888,84.54425,85.84572
2022-01-17 10:03:33.507837,83.90492,84.184,85.7675
2022-01-17 10:03:34.005974,84.11161,84.4935,85.7675
2022-01-17 10:03:34.501739,84.00888,84.3895,85.02104
2022-01-17 10:03:35.010824,84.42104,84.751,85.02104
2022-01-17 10:03:35.505774,83.64747,84.08,85.09926
2022-01-17 10:03:36.006616,84.26632,84.95775,85.09926
2022-01-17 10:03:36.502778,83.39003,83.71975,85.21708
2022-01-17 10:03:37.010768,84.52377,84.751,85.21708
2022-01-17 10:03:37.506525,84.36905,84.699,85.57051
2022-01-17 10:03:38.008939,83.7502,84.28675,85.57051
2022-01-17 10:03:38.504666,84.42104,84.90575,85.96354
2022-01-17 10:03:39.005665,83.7502,84.132,85.96354
2022-01-17 10:03:39.501759,84.52377,84.90575,85.25666
2022-01-17 10:03:40.001681,83.54475,84.4415,85.25666
2022-01-17 10:03:40.506572,83.85417,84.02925,85.13885
2022-01-17 10:03:41.008176,83.44078,83.565,85.13885
2022-01-17 10:03:41.503406,84.26632,84.699,162.58125
2022-01-17 10:03:42.004622,84.1636,84.4415,162.58125
2022-01-17 10:03:42.511142,83.28607,83.565,222.82208
2022-01-17 10:03:43.001716,84.88517,85.0605,222.82208
2022-01-17 10:03:43.507361,82.97664,83.61575,205.11156
2022-01-17 10:03:44.010350,85.24658,85.37,205.11156
2022-01-17 10:03:44.510096,83.08061,83.30625,127.59093
2022-01-17 10:03:45.011016,84.57575,84.803,127.59093
2022-01-17 10:03:45.507845,84.1636,84.4415,93.03229
2022-01-17 10:03:46.007391,83.69946,84.08,93.03229
2022-01-17 10:03:46.505708,84.1636,84.3895,93.54312
2022-01-17 10:03:47.003658,83.49276,84.02925,93.54312
2022-01-17 10:03:47.509037,84.1636,84.4415,90.20479
2022-01-17 10:03:48.006467,84.26632,84.90575,90.20479
2022-01-17 10:03:48.502166,84.1636,84.4415,88.08416
2022-01-17 10:03:49.008050,84.31831,84.59625,88.08416
2022-01-17 10:03:49.505720,83.85417,84.4415,85.92395
2022-01-17 10:03:50.011257,84.31831,84.751,85.92395
2022-01-17 10:03:50.507345,83.7502,84.23475,86.43479
2022-01-17 10:03:51.006290,84.05963,84.4415,86.43479
2022-01-17 10:03:52.006750,84.47302,84.751,85.92395
2022-01-17 10:03:52.503917,84.31831,84.4935,85.92395
2022-01-17 10:03:53.001638,83.7502,83.97725,85.92395
2022-01-17 10:03:53.507093,84.52377,85.0085,87.21989
2022-01-17 10:03:54.005937,83.7502,84.33875,87.21989
2022-01-17 10:03:54.502439,84.1636,84.59625,85.4527
2022-01-17 10:03:55.002490,83.90492,84.54425,85.4527
2022-01-17 10:03:55.508222,83.69946,84.08,85.53187
2022-01-17 10:03:56.006912,84.57575,84.90575,85.53187
2022-01-17 10:03:56.511244,83.9569,84.33875,85.6101
2022-01-17 10:03:57.011017,84.26632,84.54425,85.6101
2022-01-17 10:03:57.505351,83.85417,84.4935,85.72791
2022-01-17 10:03:58.004419,84.21434,84.54425,85.72791
2022-01-17 10:03:59.005751,84.36905,84.751,86.19916
2022-01-17 10:03:59.501314,84.26632,84.59625,85.6101
2022-01-17 10:04:00.002449,84.05963,84.33875,85.6101
2022-01-17 10:04:00.504378,84.26632,84.54425,85.37447
2022-01-17 10:04:01.003365,83.64747,84.184,85.37447
2022-01-17 10:04:01.504270,84.57575,84.803,85.88531
2022-01-17 10:04:02.002330,83.54475,84.184,85.88531
2022-01-17 10:04:02.509252,84.05963,84.59625,86.47437
2022-01-17 10:04:03.009075,83.80219,84.3895,86.47437
2022-01-17 10:04:03.504146,84.42104,84.803,85.80614
2022-01-17 10:04:04.007518,84.26632,84.3895,85.80614
2022-01-17 10:04:04.504179,83.90492,84.4415,85.53187
2022-01-17 10:04:05.002960,84.11161,84.28675,85.53187
2022-01-17 10:04:05.507304,83.9569,84.3895,86.27739
2022-01-17 10:04:06.006749,84.62773,84.90575,86.27739
2022-01-17 10:04:07.004236,84.36905,84.699,85.84572
2022-01-17 10:04:07.510340,84.21434,84.4935,86.35656
2022-01-17 10:04:08.010376,84.05963,84.64825,86.35656
2022-01-17 10:04:08.506817,84.47302,84.95775,85.6101
2022-01-17 10:04:09.004919,83.7502,84.184,85.6101
2022-01-17 10:04:09.509938,84.36905,84.59625,85.4527
2022-01-17 10:04:10.009803,83.7502,84.4935,85.4527
2022-01-17 10:04:10.504651,84.62773,84.751,86.94562
2022-01-17 10:04:11.002425,83.54475,83.97725,86.94562
2022-01-17 10:04:11.508579,84.21434,84.4935,85.72791
2022-01-17 10:04:12.005869,83.90492,84.33875,85.72791
2022-01-17 10:04:12.503507,84.31831,85.0085,86.35656
2022-01-17 10:04:13.003330,83.90492,84.184,86.35656
2022-01-17 10:04:13.502688,83.69946,84.33875,85.72791
2022-01-17 10:04:14.005565,84.52377,84.803,85.72791
2022-01-17 10:04:14.510278,84.1636,84.54425,85.72791
2022-01-17 10:04:15.008630,84.31831,84.59625,85.72791
2022-01-17 10:04:15.504371,83.7502,84.23475,85.88531
2022-01-17 10:04:16.002006,84.05963,84.4935,85.88531
2022-01-17 10:04:16.508933,84.1636,84.4415,86.15958
2022-01-17 10:04:17.007072,83.85417,84.4935,86.15958
2022-01-17 10:04:17.502357,83.69946,84.28675,86.00312
2022-01-17 10:04:18.001798,84.21434,84.54425,86.00312
2022-01-17 10:04:18.508183,84.11161,84.3895,85.17843
2022-01-17 10:04:19.009022,84.26632,84.803,85.17843
2022-01-17 10:04:19.504146,84.26632,84.751,85.49229
2022-01-17 10:04:20.002407,83.9569,84.184,85.49229
2022-01-17 10:04:20.507926,84.21434,84.803,86.78822
2022-01-17 10:04:21.006312,83.85417,84.33875,86.78822
2022-01-17 10:04:21.502682,84.1636,84.803,85.37447
2022-01-17 10:04:22.001505,84.1636,84.4415,85.37447
2022-01-17 10:04:22.506078,83.90492,84.23475,85.72791
2022-01-17 10:04:23.006514,83.9569,84.54425,85.72791
2022-01-17 10:04:23.511091,84.31831,84.59625,85.96354
2022-01-17 10:04:24.008538,84.11161,84.54425,85.96354
2022-01-17 10:04:24.503124,83.7502,84.184,85.37447
2022-01-17 10:04:25.002292,83.90492,84.64825,85.37447
2022-01-17 10:04:25.509418,84.21434,84.4415,85.25666
2022-01-17 10:04:26.009522,84.57575,84.64825,85.25666
2022-01-17 10:04:26.505001,83.7502,84.23475,86.27739
2022-01-17 10:04:27.002950,83.85417,84.28675,86.27739
2022-01-17 10:04:27.505345,84.00888,84.4415,85.21708
2022-01-17 10:04:28.004290,84.00888,84.4415,85.21708
2022-01-17 10:04:28.510527,83.80219,84.64825,86.51301
2022-01-17 10:04:29.003195,84.21434,84.59625,86.51301
2022-01-17 10:04:29.502377,83.7502,84.02925,85.6101
2022-01-17 10:04:30.002149,84.67848,84.95775,85.6101
2022-01-17 10:04:30.510496,84.36905,84.59625,86.08135
2022-01-17 10:04:31.010931,83.69946,84.3895,86.08135
2022-01-17 10:04:31.505780,84.00888,84.184,85.4527
2022-01-17 10:04:32.007024,83.39003,84.184,85.4527
2022-01-17 10:04:32.501503,84.42104,84.803,85.6101
2022-01-17 10:04:33.009927,84.21434,84.699,85.6101
2022-01-17 10:04:33.504819,83.85417,84.28675,86.35656
2022-01-17 10:04:34.003515,84.1636,84.23475,86.35656
2022-01-17 10:04:34.510684,84.31831,84.85375,85.92395
2022-01-17 10:04:35.010883,84.26632,84.3895,85.92395
2022-01-17 10:04:35.505194,83.90492,84.699,85.57051
2022-01-17 10:04:36.004925,83.90492,84.132,85.57051
2022-01-17 10:04:36.509350,84.05963,84.59625,85.84572
2022-01-17 10:04:37.009530,84.47302,84.90575,85.84572
2022-01-17 10:04:37.505522,83.9569,84.132,86.31697
2022-01-17 10:04:38.004052,84.26632,84.699,86.31697
2022-01-17 10:04:38.510250,84.05963,84.23475,86.15958
2022-01-17 10:04:39.010864,84.00888,84.64825,86.15958
2022-01-17 10:04:39.511232,84.31831,84.64825,86.43479
2022-01-17 10:04:40.008572,83.69946,84.3895,86.43479
2022-01-17 10:04:40.504707,83.80219,84.02925,86.35656
2022-01-17 10:04:41.002535,84.67848,84.85375,86.35656
2022-01-17 10:04:41.508595,83.85417,84.4415,84.98145
2022-01-17 10:04:42.010756,83.7502,84.08,84.98145
2022-01-17 10:04:42.505510,84.42104,84.95775,86.19916
2022-01-17 10:04:43.003681,83.69946,84.23475,86.19916
2022-01-17 10:04:43.510332,84.21434,84.85375,85.13885
2022-01-17 10:04:44.009015,84.11161,84.28675,85.13885
2022-01-17 10:04:44.505605,84.00888,84.23475,86.04176
2022-01-17 10:04:45.003643,83.9569,84.23475,86.04176
2022-01-17 10:04:45.509419,84.26632,84.54425,85.88531
2022-01-17 10:04:46.008524,84.05963,84.4935,85.88531
2022-01-17 10:04:46.505748,84.00888,84.23475,85.13885
2022-01-17 10:04:47.005117,83.90492,84.64825,85.13885
2022-01-17 10:04:47.509910,83.90492,84.28675,85.09926
2022-01-17 10:04:48.008868,84.47302,84.803,85.09926
2022-01-17 10:04:48.509802,83.69946,84.23475,86.27739
2022-01-17 10:04:49.010043,84.1636,84.4935,86.27739
2022-01-17 10:04:49.506442,83.9569,84.699,85.29625
2022-01-17 10:04:50.005895,84.1636,84.4935,85.29625
2022-01-17 10:04:50.501889,84.1636,84.64825,86.5526
2022-01-17 10:04:51.001157,83.9569,84.28675,86.5526
2022-01-17 10:04:51.508638,83.85417,84.4935,85.13885
2022-01-17 10:04:52.008517,84.05963,84.3895,85.13885
2022-01-17 10:04:52.503826,84.1636,84.4935,86.04176
2022-01-17 10:04:53.002137,83.80219,84.3895,86.04176
2022-01-17 10:04:53.507118,84.31831,84.59625,86.35656
2022-01-17 10:04:54.005167,83.7502,84.28675,86.35656
2022-01-17 10:04:54.511096,84.47302,84.699,85.49229
2022-01-17 10:04:55.010453,84.05963,84.4935,85.49229
2022-01-17 10:04:55.505784,84.11161,84.33875,85.09926
2022-01-17 10:04:56.005937,84.36905,84.3895,85.09926
2022-01-17 10:04:56.502461,83.69946,84.28675,86.63083
2022-01-17 10:04:57.001377,84.36905,84.699,86.63083
2022-01-17 10:04:57.508765,83.7502,84.3895,85.4527
2022-01-17 10:04:58.007575,84.21434,84.59625,85.4527
2022-01-17 10:04:58.504549,83.7502,84.3895,84.90322
2022-01-17 10:04:59.002480,84.52377,84.90575,84.90322
2022-01-17 10:04:59.509620,84.31831,84.4935,85.09926
2022-01-17 10:05:00.008552,84.05963,84.3895,85.09926
2022-01-17 10:05:00.509847,83.9569,84.3895,85.57051
2022-01-17 10:05:01.010326,83.9569,84.59625,85.57051
2022-01-17 10:05:01.505677,84.26632,84.4415,85.41406
2022-01-17 10:05:02.004856,83.54475,84.3895,85.41406
2022-01-17 10:05:02.509812,84.05963,84.59625,85.06062
2022-01-17 10:05:03.007920,84.05963,84.28675,85.06062
2022-01-17 10:05:03.504359,84.31831,84.699,85.13885
2022-01-17 10:05:04.004293,84.36905,84.4415,85.13885
2022-01-17 10:05:04.510738,83.7502,84.4415,85.64968
2022-01-17 10:05:05.001547,84.00888,84.28675,85.64968
2022-01-17 10:05:05.507502,83.90492,84.4415,85.53187
2022-01-17 10:05:06.007592,84.11161,84.54425,85.53187
2022-01-17 10:05:06.505251,83.64747,84.132,85.92395
2022-01-17 10:05:07.005692,84.26632,84.54425,85.92395
2022-01-17 10:05:07.501102,84.36905,84.59625,86.3952
2022-01-17 10:05:08.001377,84.21434,84.85375,86.3952
2022-01-17 10:05:08.506952,83.7502,84.08,85.72791
2022-01-17 10:05:09.005414,83.85417,84.4935,85.72791
2022-01-17 10:05:09.503402,84.05963,84.4935,85.96354
2022-01-17 10:05:10.010571,84.05963,84.803,85.96354
2022-01-17 10:05:10.504957,84.11161,84.3895,86.43479
2022-01-17 10:05:11.002894,84.05963,84.184,86.43479
2022-01-17 10:05:11.508834,84.1636,84.64825,85.02104
2022-01-17 10:05:12.006247,84.47302,84.751,85.02104
2022-01-17 10:05:12.504853,83.80219,84.33875,86.23875
2022-01-17 10:05:13.002673,84.05963,84.4415,86.23875
2022-01-17 10:05:13.510219,83.7502,84.184,85.4527
2022-01-17 10:05:14.008431,84.05963,84.59625,85.4527
2022-01-17 10:05:14.504805,84.36905,84.3895,86.35656
2022-01-17 10:05:15.002992,84.00888,84.33875,86.35656
2022-01-17 10:05:15.508846,83.9569,84.33875,86.12093
2022-01-17 10:05:16.004874,84.00888,84.4415,86.12093
2022-01-17 10:05:16.510323,84.36905,84.751,85.37447
2022-01-17 10:05:17.008814,83.44078,84.08,85.37447
2022-01-17 10:05:17.505032,84.47302,84.803,85.96354
2022-01-17 10:05:18.004164,83.80219,83.92525,85.96354
2022-01-17 10:05:18.502979,84.05963,84.54425,85.57051
2022-01-17 10:05:19.001742,84.42104,84.751,85.57051
2022-01-17 10:05:19.507286,83.85417,84.3895,85.25666
2022-01-17 10:05:20.006708,84.21434,84.59625,85.25666
2022-01-17 10:05:20.503276,83.59549,84.23475,85.57051
2022-01-17 10:05:21.005026,84.11161,84.54425,85.57051
2022-01-17 10:05:21.509685,83.9569,84.28675,85.88531
2022-01-17 10:05:22.002905,84.31831,84.90575,85.88531
2022-01-17 10:05:22.508650,83.80219,84.08,85.6101
2022-01-17 10:05:23.005905,84.11161,84.64825,85.6101
2022-01-17 10:05:23.502489,84.26632,84.803,85.6101
2022-01-17 10:05:24.011219,84.00888,84.28675,85.6101
2022-01-17 10:05:24.507145,84.26632,84.59625,85.80614
2022-01-17 10:05:25.004563,83.39003,83.8225,85.80614
2022-01-17 10:05:25.508982,84.67848,84.95775,85.41406
2022-01-17 10:05:26.007149,84.05963,84.132,85.41406
2022-01-17 10:05:26.504642,84.05963,84.59625,86.23875
2022-01-17 10:05:27.002887,84.00888,84.28675,86.23875
2022-01-17 10:05:27.510162,84.1636,84.699,85.84572
2022-01-17 10:05:28.009000,84.42104,84.751,85.84572
2022-01-17 10:05:28.503296,83.80219,84.28675,85.53187
2022-01-17 10:05:29.001225,84.1636,84.699,85.53187
2022-01-17 10:05:29.507008,83.9569,84.132,85.25666
2022-01-17 10:05:30.005888,84.67848,85.0605,85.25666
2022-01-17 10:05:30.510271,83.64747,84.02925,85.21708
2022-01-17 10:05:31.008739,83.9569,84.3895,85.21708
2022-01-17 10:05:31.505483,84.00888,84.3895,85.29625
2022-01-17 10:05:32.005205,84.00888,84.59625,85.29625
2022-01-17 10:05:32.511065,84.36905,84.95775,85.64968
2022-01-17 10:05:33.010123,83.85417,84.28675,85.64968
2022-01-17 10:05:33.505557,83.85417,84.28675,84.98145
2022-01-17 10:05:34.004710,84.21434,84.33875,84.98145
2022-01-17 10:05:34.509900,84.1636,84.803,86.47437
2022-01-17 10:05:35.009753,84.00888,84.28675,86.47437
2022-01-17 10:05:35.503568,83.49276,83.92525,86.15958
2022-01-17 10:05:36.001681,84.26632,84.699,86.15958
2022-01-17 10:05:36.508402,84.1636,84.4935,86.74864
2022-01-17 10:05:37.006697,84.42104,84.90575,86.74864
2022-01-17 10:05:38.005091,84.05963,84.59625,85.41406
2022-01-17 10:05:38.510549,84.11161,84.751,85.92395
2022-01-17 10:05:39.008827,84.00888,84.28675,85.92395
2022-01-17 10:05:39.504793,83.90492,84.28675,85.49229
2022-01-17 10:05:40.002321,83.90492,84.3895,85.49229
2022-01-17 10:05:40.507847,84.1636,84.4935,85.64968
2022-01-17 10:05:41.004960,84.52377,84.699,85.64968
2022-01-17 10:05:41.510985,83.7502,84.3895,85.92395
2022-01-17 10:05:42.505188,83.59549,84.184,85.09926
2022-01-17 10:05:43.002332,84.1636,84.803,85.09926
2022-01-17 10:05:43.508705,83.69946,84.28675,86.51301
2022-01-17 10:05:44.007324,84.67848,85.1125,86.51301
2022-01-17 10:05:44.504009,83.90492,83.8225,85.64968
2022-01-17 10:05:45.003398,84.05963,84.54425,85.64968
2022-01-17 10:05:45.509013,84.31831,84.803,86.04176
2022-01-17 10:05:46.006641,83.64747,83.92525,86.04176
2022-01-17 10:05:46.503358,84.05963,84.3895,86.82781
2022-01-17 10:05:47.004240,83.39003,84.02925,86.82781
2022-01-17 10:05:47.501189,84.42104,84.90575,85.72791
2022-01-17 10:05:48.009732,84.26632,84.4935,85.72791
2022-01-17 10:05:48.510079,84.21434,84.59625,85.68833
2022-01-17 10:05:49.010847,84.11161,84.3895,85.68833
2022-01-17 10:05:49.508696,83.90492,84.3895,85.37447
2022-01-17 10:05:50.008594,84.36905,84.803,85.37447
2022-01-17 10:05:50.505007,83.28607,83.8745,86.04176
2022-01-17 10:05:51.004053,84.62773,85.21525,86.04176
2022-01-17 10:05:51.509754,83.44078,83.66775,86.12093
2022-01-17 10:05:52.009264,84.57575,84.95775,86.12093
2022-01-17 10:05:52.505362,84.31831,84.64825,85.6101
2022-01-17 10:05:53.003036,84.26632,84.803,85.6101
2022-01-17 10:05:53.510264,84.00888,84.33875,85.53187
2022-01-17 10:05:54.505269,84.52377,85.0085,85.17843
2022-01-17 10:05:55.003917,83.90492,84.28675,85.17843
2022-01-17 10:05:55.510653,84.21434,84.4415,86.04176
2022-01-17 10:05:56.010141,83.80219,84.08,86.04176
2022-01-17 10:05:56.506938,84.47302,84.95775,85.64968
2022-01-17 10:05:57.004562,84.26632,84.4935,85.64968
2022-01-17 10:05:58.005116,83.9569,84.4935,85.88531
2022-01-17 10:05:58.509328,83.49276,84.23475,85.37447
2022-01-17 10:05:59.002167,84.57575,85.0085,85.37447
2022-01-17 10:05:59.509019,84.1636,84.23475,85.96354
2022-01-17 10:06:00.004705,83.9569,84.3895,85.96354
2022-01-17 10:06:00.502256,83.85417,84.23475,85.33489
2022-01-17 10:06:01.001731,84.36905,84.699,85.33489
2022-01-17 10:06:01.509567,83.9569,84.33875,86.15958
2022-01-17 10:06:02.008825,83.44078,84.33875,86.15958
2022-01-17 10:06:02.502796,84.21434,84.59625,86.78822
2022-01-17 10:06:03.006297,83.85417,84.08,86.78822
2022-01-17 10:06:03.502084,83.90492,84.184,85.68833
2022-01-17 10:06:04.003370,84.05963,84.33875,85.68833
2022-01-17 10:06:04.509595,83.85417,84.08,238.17729
2022-01-17 10:06:05.009470,83.64747,83.8225,238.17729
2022-01-17 10:06:05.504248,84.52377,85.0605,218.03135
2022-01-17 10:06:06.004844,83.49276,83.8225,218.03135
2022-01-17 10:06:06.502213,83.69946,83.8745,159.36072
2022-01-17 10:06:07.002276,84.26632,84.4935,159.36072
2022-01-17 10:06:07.508829,83.80219,84.132,99.31593
2022-01-17 10:06:08.009217,84.26632,84.54425,99.31593
2022-01-17 10:06:08.502533,83.69946,84.08,92.56104
2022-01-17 10:06:09.010287,83.85417,84.08,92.56104
2022-01-17 10:06:09.508608,84.42104,84.85375,92.24718
2022-01-17 10:06:10.006863,83.59549,84.02925,92.24718
2022-01-17 10:06:10.502819,84.36905,84.699,86.59218
2022-01-17 10:06:11.003121,83.85417,84.132,86.59218
2022-01-17 10:06:11.509427,84.00888,84.54425,86.63083
2022-01-17 10:06:12.008783,83.9569,84.4415,86.63083
2022-01-17 10:06:12.502824,83.85417,84.28675,86.51301
2022-01-17 10:06:13.010830,84.52377,85.0085,86.51301
2022-01-17 10:06:13.505319,83.59549,84.184,86.71
2022-01-17 10:06:14.006218,84.21434,84.59625,86.71
2022-01-17 10:06:14.501463,84.11161,84.3895,86.15958
2022-01-17 10:06:15.009765,84.21434,84.4935,86.15958
2022-01-17 10:06:15.505708,84.11161,84.4935,86.67041
2022-01-17 10:06:16.003392,83.80219,84.33875,86.67041
2022-01-17 10:06:16.508127,84.47302,84.90575,86.86645
2022-01-17 10:06:17.007088,83.54475,84.23475,86.86645
2022-01-17 10:06:17.509721,84.42104,84.64825,85.68833
2022-01-17 10:06:18.009831,84.00888,84.23475,85.68833
2022-01-17 10:06:18.505998,84.00888,84.54425,87.10208
2022-01-17 10:06:19.004078,84.26632,84.699,87.10208
2022-01-17 10:06:19.510756,84.00888,84.3895,85.7675
2022-01-17 10:06:20.007433,84.11161,84.59625,85.7675
2022-01-17 10:06:20.509140,83.49276,84.28675,86.12093
2022-01-17 10:06:21.009249,84.36905,84.803,86.12093
2022-01-17 10:06:21.506152,83.64747,83.97725,86.19916
2022-01-17 10:06:22.003648,84.57575,84.90575,86.19916
2022-01-17 10:06:22.510387,83.9569,84.132,85.33489
2022-01-17 10:06:23.008464,84.11161,84.64825,85.33489
2022-01-17 10:06:23.503558,83.9569,84.59625,86.35656
2022-01-17 10:06:24.002564,83.85417,84.28675,86.35656
2022-01-17 10:06:24.504685,84.21434,84.699,86.08135
2022-01-17 10:06:25.006462,83.90492,84.3895,86.08135
2022-01-17 10:06:25.505224,84.52377,84.59625,85.49229
2022-01-17 10:06:26.003330,84.21434,84.4935,85.49229
2022-01-17 10:06:26.507519,83.7502,84.132,84.94281
2022-01-17 10:06:27.006392,83.9569,84.59625,84.94281
2022-01-17 10:06:27.501629,84.05963,84.4935,85.96354
2022-01-17 10:06:28.011060,84.05963,84.4935,85.96354
2022-01-17 10:06:28.507797,83.9569,84.59625,86.19916
2022-01-17 10:06:29.005670,83.9569,84.132,86.19916
2022-01-17 10:06:29.501411,84.21434,84.3895,84.86364
2022-01-17 10:06:30.009712,84.47302,84.85375,84.86364
2022-01-17 10:06:30.505653,84.00888,84.54425,86.12093
2022-01-17 10:06:31.005838,83.59549,84.08,86.12093
2022-01-17 10:06:31.502656,84.1636,84.64825,86.04176
2022-01-17 10:06:32.004055,84.00888,84.699,86.04176
2022-01-17 10:06:32.509186,83.90492,84.33875,86.04176
2022-01-17 10:06:33.009780,84.42104,84.59625,86.04176
2022-01-17 10:06:33.505566,84.00888,84.28675,85.41406
2022-01-17 10:06:34.005058,84.31831,84.90575,85.41406
2022-01-17 10:06:34.510814,84.1636,84.699,85.80614
2022-01-17 10:06:35.009868,83.90492,84.28675,85.80614
2022-01-17 10:06:35.507207,83.69946,84.28675,85.68833
2022-01-17 10:06:36.009205,83.9569,84.4415,85.68833
2022-01-17 10:06:36.505499,84.31831,84.699,85.88531
2022-01-17 10:06:37.005316,83.9569,84.08,85.88531
2022-01-17 10:06:37.510104,84.21434,84.699,85.72791
2022-01-17 10:06:38.009350,83.85417,84.3895,85.72791
2022-01-17 10:06:38.506352,84.47302,85.1125,85.88531
2022-01-17 10:06:39.010475,83.49276,83.97725,85.88531
2022-01-17 10:06:39.507141,84.42104,84.95775,86.74864
2022-01-17 10:06:40.006055,83.59549,83.92525,86.74864
2022-01-17 10:06:40.503136,84.47302,84.85375,85.17843
2022-01-17 10:06:41.009740,84.36905,84.90575,85.17843
2022-01-17 10:06:41.506094,83.44078,83.92525,85.72791
2022-01-17 10:06:42.005194,84.52377,84.90575,85.72791
2022-01-17 10:06:42.510841,84.00888,84.3895,85.57051
2022-01-17 10:06:43.011265,84.11161,84.4935,85.57051
2022-01-17 10:06:43.504777,83.69946,84.3895,85.02104
2022-01-17 10:06:44.003872,84.11161,84.54425,85.02104
2022-01-17 10:06:44.510760,84.1636,84.23475,85.72791
2022-01-17 10:06:45.009399,84.05963,84.64825,85.72791
2022-01-17 10:06:45.505068,84.1636,84.54425,85.92395
2022-01-17 10:06:46.002375,83.85417,84.132,85.92395
2022-01-17 10:06:46.508160,84.62773,84.90575,86.04176
2022-01-17 10:06:47.005710,83.44078,84.132,86.04176
2022-01-17 10:06:47.501569,84.21434,84.54425,85.53187
2022-01-17 10:06:48.010835,84.1636,84.3895,85.53187
2022-01-17 10:06:48.508610,83.9569,84.54425,86.08135
2022-01-17 10:06:49.007272,84.21434,84.54425,86.08135
2022-01-17 10:06:49.503529,83.80219,84.3895,84.70718
2022-01-17 10:06:50.001709,84.42104,84.803,84.70718
2022-01-17 10:06:50.506902,84.00888,84.803,85.68833
2022-01-17 10:06:51.005040,83.9569,84.132,85.68833
2022-01-17 10:06:51.509106,83.85417,84.28675,85.13885
2022-01-17 10:06:52.005340,84.26632,84.64825,85.13885
2022-01-17 10:06:52.502716,84.05963,84.54425,86.04176
2022-01-17 10:06:53.004064,83.64747,84.28675,86.04176
2022-01-17 10:06:53.510042,84.11161,84.3895,85.7675
2022-01-17 10:06:54.008137,83.85417,84.64825,85.7675
2022-01-17 10:06:54.504014,84.47302,84.803,85.64968
2022-01-17 10:06:55.002490,84.21434,84.699,85.64968
2022-01-17 10:06:55.508680,83.59549,83.61575,85.57051
2022-01-17 10:06:56.006081,84.52377,84.85375,85.57051
2022-01-17 10:06:56.502365,83.9569,84.4415,86.63083
2022-01-17 10:06:57.010752,84.31831,84.64825,86.63083
2022-01-17 10:06:57.505698,83.80219,84.3895,85.02104
2022-01-17 10:06:58.003703,83.90492,84.23475,85.02104
2022-01-17 10:06:58.508918,84.26632,84.90575,85.33489
2022-01-17 10:06:59.005710,84.42104,84.59625,85.33489
2022-01-17 10:06:59.509928,84.21434,84.4415,85.80614
2022-01-17 10:07:00.008792,83.69946,84.02925,85.80614
2022-01-17 10:07:00.506169,84.05963,84.54425,85.7675
2022-01-17 10:07:01.004660,83.85417,84.54425,85.7675
2022-01-17 10:07:01.501177,84.42104,84.699,85.53187
2022-01-17 10:07:02.004197,83.23532,84.02925,85.53187
2022-01-17 10:07:02.511064,84.26632,84.54425,85.80614
2022-01-17 10:07:03.009875,84.67848,84.90575,85.80614
2022-01-17 10:07:03.505019,83.69946,84.132,85.80614
2022-01-17 10:07:04.002190,84.78245,85.0605,85.80614
2022-01-17 10:07:04.507244,83.28607,83.71975,86.59218
2022-01-17 10:07:05.004780,84.73046,84.95775,86.59218
2022-01-17 10:07:05.509158,83.69946,84.3895,85.84572
2022-01-17 10:07:06.007053,84.00888,84.184,85.84572
2022-01-17 10:07:06.502198,84.36905,84.699,85.57051
2022-01-17 10:07:07.001371,84.05963,84.33875,85.57051
2022-01-17 10:07:07.507394,84.42104,84.85375,85.49229
2022-01-17 10:07:08.006476,83.54475,84.08,85.49229
2022-01-17 10:07:08.511015,84.57575,84.90575,85.33489
2022-01-17 10:07:09.010650,83.44078,83.92525,85.33489
2022-01-17 10:07:09.504808,84.36905,84.64825,85.6101
2022-01-17 10:07:10.001618,84.00888,84.54425,85.6101
2022-01-17 10:07:10.506903,84.47302,84.54425,85.88531
2022-01-17 10:07:11.006244,84.21434,84.4415,85.88531
2022-01-17 10:07:11.510262,83.9569,84.59625,85.92395
2022-01-17 10:07:12.008720,84.05963,84.64825,85.92395
2022-01-17 10:07:12.507601,83.80219,84.28675,85.92395
2022-01-17 10:07:13.004627,84.1636,84.699,85.92395
2022-01-17 10:07:13.509140,83.7502,84.3895,85.7675
2022-01-17 10:07:14.008723,84.11161,84.4935,85.7675
2022-01-17 10:07:14.504735,84.21434,84.54425,85.6101
2022-01-17 10:07:15.003300,84.42104,84.751,85.6101
2022-01-17 10:07:15.508315,84.00888,84.28675,85.88531
2022-01-17 10:07:16.008742,83.54475,84.08,85.88531
2022-01-17 10:07:16.503204,84.42104,84.751,85.68833
2022-01-17 10:07:17.001916,83.54475,84.28675,85.68833
2022-01-17 10:07:17.508474,84.62773,84.95775,85.49229
2022-01-17 10:07:18.006208,83.9569,84.08,85.49229
2022-01-17 10:07:18.502211,84.31831,84.803,85.53187
2022-01-17 10:07:19.001165,84.36905,84.803,85.53187
2022-01-17 10:07:19.505669,84.11161,84.59625,85.53187
2022-01-17 10:07:20.005751,83.80219,83.92525,85.53187
2022-01-17 10:07:20.502759,83.69946,84.699,84.98145
2022-01-17 10:07:21.001527,84.00888,84.33875,84.98145
2022-01-17 10:07:21.506323,84.42104,84.699,85.7675
2022-01-17 10:07:22.004561,83.9569,84.3895,85.7675
2022-01-17 10:07:22.509020,84.11161,84.803,84.94281
2022-01-17 10:07:23.006273,84.00888,84.54425,84.94281
2022-01-17 10:07:23.502028,84.31831,84.64825,85.57051
2022-01-17 10:07:24.010486,83.69946,84.28675,85.57051
2022-01-17 10:07:24.506401,84.21434,84.699,86.31697
2022-01-17 10:07:25.009443,83.7502,84.184,86.31697
2022-01-17 10:07:25.506994,84.1636,84.4415,85.33489
2022-01-17 10:07:26.004946,84.57575,84.699,85.33489
2022-01-17 10:07:26.510730,83.64747,84.23475,86.15958
2022-01-17 10:07:27.008982,84.57575,84.751,86.15958
2022-01-17 10:07:27.504465,83.7502,84.4935,85.96354
2022-01-17 10:07:28.002741,84.31831,84.751,85.96354
2022-01-17 10:07:28.506936,84.05963,84.54425,86.00312
2022-01-17 10:07:29.005327,83.90492,84.23475,86.00312
2022-01-17 10:07:30.004786,84.21434,84.64825,85.17843
2022-01-17 10:07:30.502429,84.11161,84.23475,85.72791
2022-01-17 10:07:31.001203,83.85417,84.3895,85.72791
2022-01-17 10:07:31.506756,84.21434,84.699,85.6101
2022-01-17 10:07:32.004631,83.9569,84.59625,85.6101
2022-01-17 10:07:32.510509,84.05963,84.33875,86.5526
2022-01-17 10:07:33.008781,84.47302,84.59625,86.5526
2022-01-17 10:07:33.503990,83.7502,84.4935,85.33489
2022-01-17 10:07:34.003051,84.47302,84.803,85.33489
2022-01-17 10:07:34.507569,83.39003,83.97725,86.04176
2022-01-17 10:07:35.005848,84.36905,84.54425,86.04176
2022-01-17 10:07:35.501795,83.54475,84.4415,86.3952
2022-01-17 10:07:36.003431,84.47302,84.803,86.3952
2022-01-17 10:07:36.510431,83.9569,84.02925,85.88531
2022-01-17 10:07:37.009875,84.36905,84.751,85.88531
2022-01-17 10:07:37.505881,83.85417,84.02925,85.09926
2022-01-17 10:07:38.004741,84.36905,85.0085,85.09926
2022-01-17 10:07:38.502797,83.59549,84.184,85.4527
2022-01-17 10:07:39.001145,83.80219,84.4935,85.4527
2022-01-17 10:07:39.506008,84.42104,84.54425,85.06062
2022-01-17 10:07:40.004008,84.05963,84.28675,85.06062
2022-01-17 10:07:40.509970,84.42104,84.90575,86.00312
2022-01-17 10:07:41.008124,83.85417,83.97725,86.00312
2022-01-17 10:07:41.505155,83.7502,84.3895,84.94281
2022-01-17 10:07:42.003566,84.26632,84.59625,84.94281
2022-01-17 10:07:42.508529,83.80219,84.699,85.68833
2022-01-17 10:07:43.008224,84.1636,84.4935,85.68833
2022-01-17 10:07:43.505375,83.90492,84.28675,86.35656
2022-01-17 10:07:44.002437,84.52377,84.90575,86.35656
2022-01-17 10:07:44.507671,83.9569,84.132,85.33489
2022-01-17 10:07:45.006096,84.31831,84.95775,85.33489
2022-01-17 10:07:45.511205,83.54475,83.8745,85.09926
2022-01-17 10:07:46.008199,84.36905,85.0085,85.09926
2022-01-17 10:07:46.504225,83.80219,84.132,85.92395
2022-01-17 10:07:47.001688,83.85417,84.59625,85.92395
2022-01-17 10:07:47.509248,84.26632,84.54425,85.92395
2022-01-17 10:07:48.008385,84.36905,84.59625,85.92395
2022-01-17 10:07:48.503542,84.42104,84.803,85.49229
2022-01-17 10:07:49.010892,83.85417,84.132,85.49229
2022-01-17 10:07:49.507488,83.85417,84.64825,85.41406
2022-01-17 10:07:50.005142,83.9569,84.184,85.41406
2022-01-17 10:07:50.510879,84.21434,84.803,85.4527
2022-01-17 10:07:51.010163,83.7502,83.97725,85.4527
2022-01-17 10:07:51.506864,84.31831,84.699,85.96354
2022-01-17 10:07:52.006152,84.05963,84.4935,85.96354
2022-01-17 10:07:52.501292,84.31831,84.699,85.7675
2022-01-17 10:07:53.009827,83.9569,84.54425,85.7675
2022-01-17 10:07:53.504812,83.9569,84.3895,85.49229
2022-01-17 10:07:54.002113,83.9569,84.803,85.49229
2022-01-17 10:07:54.507668,84.1636,84.54425,85.7675
2022-01-17 10:07:55.005812,84.00888,84.23475,85.7675
2022-01-17 10:07:55.510858,83.90492,84.132,85.72791
2022-01-17 10:07:56.010210,84.31831,84.699,85.72791
2022-01-17 10:07:56.507392,83.85417,84.54425,85.57051
2022-01-17 10:07:57.005826,84.05963,84.28675,85.57051
2022-01-17 10:07:57.510368,83.80219,84.33875,85.4527
2022-01-17 10:07:58.008276,84.11161,84.699,85.4527
2022-01-17 10:07:58.503585,84.26632,84.64825,85.4527
2022-01-17 10:07:59.001287,83.85417,84.132,85.4527
2022-01-17 10:07:59.507061,84.26632,84.23475,85.57051
2022-01-17 10:08:00.005233,84.00888,84.59625,85.57051
2022-01-17 10:08:00.502693,84.36905,84.803,86.15958
2022-01-17 10:08:01.011096,83.90492,84.4935,86.15958
2022-01-17 10:08:01.506501,83.69946,84.23475,85.72791
2022-01-17 10:08:02.004459,83.80219,84.3895,85.72791
2022-01-17 10:08:02.508229,84.47302,84.90575,85.17843
2022-01-17 10:08:03.005880,83.9569,84.28675,85.17843
2022-01-17 10:08:03.502045,83.9569,84.59625,86.3952
2022-01-17 10:08:04.010459,84.11161,84.23475,86.3952
2022-01-17 10:08:04.507388,84.21434,84.64825,85.4527
2022-01-17 10:08:05.005998,84.36905,84.699,85.4527
2022-01-17 10:08:05.510240,83.54475,84.3895,85.53187
2022-01-17 10:08:06.010091,84.21434,84.4935,85.53187
2022-01-17 10:08:06.508870,84.05963,84.184,85.7675
2022-01-17 10:08:07.007334,84.42104,85.0605,85.7675
2022-01-17 10:08:07.502378,83.64747,84.184,85.68833
2022-01-17 10:08:08.001973,84.21434,84.699,85.68833
2022-01-17 10:08:08.506867,84.11161,84.4935,85.33489
2022-01-17 10:08:09.005146,84.11161,84.699,85.33489
2022-01-17 10:08:09.509889,83.9569,84.4415,85.80614
2022-01-17 10:08:10.009500,84.1636,84.28675,85.80614
2022-01-17 10:08:10.503804,84.05963,84.3895,85.72791
2022-01-17 10:08:11.004662,83.90492,84.184,85.72791
2022-01-17 10:08:11.510934,83.9569,84.699,85.88531
2022-01-17 10:08:12.008599,84.1636,84.33875,85.88531
2022-01-17 10:08:12.503079,83.85417,84.64825,85.09926
2022-01-17 10:08:13.505102,84.1636,84.23475,85.37447
2022-01-17 10:08:14.002384,84.11161,84.64825,85.37447
2022-01-17 10:08:14.510240,84.1636,84.3895,85.64968
2022-01-17 10:08:15.008399,83.90492,84.4415,85.64968
2022-01-17 10:08:15.502809,83.85417,84.132,85.72791
2022-01-17 10:08:16.002367,84.1636,84.85375,85.72791
2022-01-17 10:08:16.509233,83.9569,84.4935,85.33489
2022-01-17 10:08:17.006835,84.05963,84.4415,85.33489
2022-01-17 10:08:17.510996,84.11161,84.4415,85.88531
2022-01-17 10:08:18.008532,84.05963,84.23475,85.88531
2022-01-17 10:08:18.503045,83.9569,84.64825,85.02104
2022-01-17 10:08:19.001664,84.11161,84.64825,85.02104
2022-01-17 10:08:19.507422,83.85417,84.33875,85.84572
2022-01-17 10:08:20.004812,84.1636,84.33875,85.84572
2022-01-17 10:08:20.510019,84.00888,84.64825,85.57051
2022-01-17 10:08:21.009350,84.11161,84.54425,85.57051
2022-01-17 10:08:21.503882,84.47302,84.4415,85.6101
2022-01-17 10:08:22.002529,83.59549,84.23475,85.6101
2022-01-17 10:08:22.508300,84.26632,84.803,87.02385
2022-01-17 10:08:23.005613,83.85417,84.4935,87.02385
2022-01-17 10:08:23.510681,84.36905,84.803,85.4527
2022-01-17 10:08:24.010524,83.64747,84.08,85.4527
2022-01-17 10:08:24.504770,84.11161,84.54425,85.25666
2022-01-17 10:08:25.001285,84.21434,84.28675,85.25666
2022-01-17 10:08:25.508435,84.11161,84.4415,85.33489
2022-01-17 10:08:26.009622,83.23532,83.461,85.33489
2022-01-17 10:08:26.506217,83.90492,84.23475,113.06041
2022-01-17 10:08:27.004747,84.47302,84.64825,113.06041
2022-01-17 10:08:27.510227,83.33805,83.8745,236.13489
2022-01-17 10:08:28.505229,83.85417,83.97725,206.13229
2022-01-17 10:08:29.001657,84.00888,84.4415,206.13229
2022-01-17 10:08:29.508287,84.57575,84.751,131.55697
2022-01-17 10:08:30.006470,83.64747,84.132,131.55697
2022-01-17 10:08:30.502181,84.21434,84.23475,90.63645
2022-01-17 10:08:31.001963,83.44078,83.8225,90.63645
2022-01-17 10:08:31.508308,84.42104,84.95775,93.58176
2022-01-17 10:08:32.006493,83.44078,83.71975,93.58176
2022-01-17 10:08:32.501158,84.31831,84.699,89.14447
2022-01-17 10:08:33.009160,84.26632,84.3895,89.14447
2022-01-17 10:08:33.503007,84.26632,84.803,86.74864
2022-01-17 10:08:34.001660,84.21434,84.54425,86.74864
2022-01-17 10:08:34.508219,83.9569,84.3895,86.23875
2022-01-17 10:08:35.007368,84.26632,84.59625,86.23875
2022-01-17 10:08:35.502262,83.49276,84.184,85.7675
2022-01-17 10:08:36.010846,84.26632,84.803,85.7675
2022-01-17 10:08:36.505698,83.85417,83.92525,86.74864
2022-01-17 10:08:37.004915,84.36905,84.803,86.74864
2022-01-17 10:08:37.509145,84.11161,84.4415,85.92395
2022-01-17 10:08:38.008009,84.11161,84.4415,85.92395
2022-01-17 10:08:38.503749,84.1636,84.54425,87.06343
2022-01-17 10:08:39.001826,83.7502,84.54425,87.06343
2022-01-17 10:08:39.510556,84.47302,84.90575,85.72791
2022-01-17 10:08:40.009318,84.00888,84.23475,85.72791
2022-01-17 10:08:40.504491,84.11161,84.59625,85.72791
2022-01-17 10:08:41.002706,84.26632,84.4935,85.72791
2022-01-17 10:08:41.508838,83.9569,84.54425,85.84572
2022-01-17 10:08:42.006866,84.31831,84.59625,85.84572
2022-01-17 10:08:42.501523,83.64747,84.4415,86.35656
2022-01-17 10:08:43.004425,84.00888,84.4415,86.35656
2022-01-17 10:08:43.504419,84.11161,84.59625,85.02104
2022-01-17 10:08:44.003329,84.1636,84.699,85.02104
2022-01-17 10:08:44.508995,84.05963,84.23475,86.23875
2022-01-17 10:08:45.007432,83.85417,84.4935,86.23875
2022-01-17 10:08:45.501912,84.1636,84.54425,86.23875
2022-01-17 10:08:46.010895,84.00888,84.4415,86.23875
2022-01-17 10:08:46.505140,84.26632,84.803,85.53187
2022-01-17 10:08:47.004381,83.7502,84.28675,85.53187
2022-01-17 10:08:47.502717,84.1636,84.54425,85.88531
2022-01-17 10:08:48.001558,84.42104,84.64825,85.88531
2022-01-17 10:08:48.509584,84.11161,84.64825,85.53187
2022-01-17 10:08:49.009258,84.00888,84.54425,85.53187
2022-01-17 10:08:49.505845,83.9569,84.4935,85.96354
2022-01-17 10:08:50.006528,84.26632,84.59625,85.96354
2022-01-17 10:08:50.501003,83.85417,84.23475,86.19916
2022-01-17 10:08:51.009676,84.05963,84.54425,86.19916
2022-01-17 10:08:51.505634,84.1636,84.28675,85.68833
2022-01-17 10:08:52.004565,84.11161,84.699,85.68833
2022-01-17 10:08:52.510982,84.11161,84.54425,86.12093
2022-01-17 10:08:53.010400,83.80219,84.28675,86.12093
2022-01-17 10:08:53.505250,84.47302,85.0605,85.21708
2022-01-17 10:08:54.002363,83.39003,83.8745,85.21708
2022-01-17 10:08:54.507581,84.62773,84.90575,85.4527
2022-01-17 10:08:55.005321,84.1636,84.132,85.4527
2022-01-17 10:08:55.510883,84.05963,84.64825,85.53187
2022-01-17 10:08:56.001198,84.21434,84.90575,85.53187
2022-01-17 10:08:56.508479,83.59549,84.184,85.57051
2022-01-17 10:08:57.009571,84.21434,84.64825,85.57051
2022-01-17 10:08:57.507156,83.7502,84.4415,85.06062
2022-01-17 10:08:58.004795,84.52377,85.16325,85.06062
2022-01-17 10:08:59.005242,84.31831,84.699,86.31697
2022-01-17 10:08:59.510859,84.1636,84.4935,85.72791
2022-01-17 10:09:00.009794,83.9569,84.54425,85.72791
2022-01-17 10:09:00.506565,84.1636,84.54425,86.94562
2022-01-17 10:09:01.005620,83.59549,83.97725,86.94562
2022-01-17 10:09:01.504295,84.57575,85.0605,85.68833
2022-01-17 10:09:02.003730,83.85417,84.23475,85.68833
2022-01-17 10:09:02.509259,84.67848,85.0605,85.6101
2022-01-17 10:09:03.001162,83.85417,84.132,85.6101
2022-01-17 10:09:03.506291,84.05963,84.4935,86.15958
2022-01-17 10:09:04.004391,83.80219,84.23475,86.15958
2022-01-17 10:09:04.509860,83.9569,84.4415,85.80614
2022-01-17 10:09:05.009011,84.11161,84.64825,85.80614
2022-01-17 10:09:05.505343,83.7502,84.132,85.25666
2022-01-17 10:09:06.006625,84.31831,84.59625,85.25666
2022-01-17 10:09:06.501363,84.52377,84.699,86.19916
2022-01-17 10:09:07.010481,84.05963,84.803,86.19916
2022-01-17 10:09:07.505239,83.9569,84.3895,86.43479
2022-01-17 10:09:08.007875,83.69946,84.184,86.43479
2022-01-17 10:09:08.502055,84.36905,84.90575,85.88531
2022-01-17 10:09:09.002172,83.64747,84.4415,85.88531
2022-01-17 10:09:09.507760,84.1636,84.59625,86.63083
2022-01-17 10:09:10.006597,84.00888,84.08,86.63083
2022-01-17 10:09:10.503849,84.52377,84.85375,85.4527
2022-01-17 10:09:11.002321,83.9569,84.3895,85.4527
2022-01-17 10:09:11.508833,83.80219,84.3895,85.41406
2022-01-17 10:09:12.006511,83.9569,84.59625,85.41406
2022-01-17 10:09:12.510775,83.7502,84.3895,85.92395
2022-01-17 10:09:13.009935,84.31831,84.803,85.92395
2022-01-17 10:09:13.504776,84.00888,84.28675,86.04176
2022-01-17 10:09:14.003784,83.85417,84.33875,86.04176
2022-01-17 10:09:14.509257,84.42104,84.699,85.53187
2022-01-17 10:09:15.009418,83.9569,84.184,85.53187
2022-01-17 10:09:15.505334,84.47302,84.803,86.04176
2022-01-17 10:09:16.006216,83.49276,84.184,86.04176
2022-01-17 10:09:16.501822,84.42104,84.90575,85.84572
2022-01-17 10:09:17.009928,83.59549,83.92525,85.84572
2022-01-17 10:09:17.510836,84.62773,85.0605,86.94562
2022-01-17 10:09:18.009750,84.21434,84.64825,86.94562
2022-01-17 10:09:18.504731,83.90492,84.33875,86.08135
2022-01-17 10:09:19.004076,84.47302,84.90575,86.08135
2022-01-17 10:09:19.510942,83.59549,83.97725,85.21708
2022-01-17 10:09:20.009146,84.62773,84.95775,85.21708
2022-01-17 10:09:20.504326,83.64747,84.23475,86.3952
2022-01-17 10:09:21.002177,84.26632,84.54425,86.3952
2022-01-17 10:09:21.504187,83.9569,84.08,85.49229
2022-01-17 10:09:22.002961,84.21434,84.699,85.49229
2022-01-17 10:09:22.509691,84.00888,84.59625,85.88531
2022-01-17 10:09:23.008977,84.00888,84.54425,85.88531
2022-01-17 10:09:23.504333,84.1636,84.64825,85.6101
2022-01-17 10:09:24.004067,83.59549,84.132,85.6101
2022-01-17 10:09:24.509531,84.67848,85.0085,85.64968
2022-01-17 10:09:25.007841,83.9569,84.23475,85.64968
2022-01-17 10:09:25.502796,84.26632,84.54425,85.17843
2022-01-17 10:09:26.001784,83.85417,84.184,85.17843
2022-01-17 10:09:26.508695,83.7502,84.23475,86.27739
2022-01-17 10:09:27.006092,84.78245,85.422,86.27739
2022-01-17 10:09:27.501499,83.54475,84.28675,85.64968
2022-01-17 10:09:28.010785,84.1636,84.54425,85.64968
2022-01-17 10:09:28.507897,84.05963,84.28675,86.47437
2022-01-17 10:09:29.006248,84.31831,84.751,86.47437
2022-01-17 10:09:29.501110,83.90492,84.23475,85.80614
2022-01-17 10:09:30.011093,84.05963,84.64825,85.80614
2022-01-17 10:09:30.506865,83.85417,84.184,85.6101
2022-01-17 10:09:31.004767,84.21434,84.85375,85.6101
2022-01-17 10:09:31.509874,84.26632,84.59625,84.825
2022-01-17 10:09:32.002436,83.7502,84.132,84.825
2022-01-17 10:09:32.508667,84.31831,84.59625,85.6101
2022-01-17 10:09:33.005827,84.1636,84.64825,85.6101
2022-01-17 10:09:33.501497,83.80219,84.33875,85.17843
2022-01-17 10:09:34.010633,84.1636,84.699,85.17843
2022-01-17 10:09:34.506458,83.80219,84.132,86.19916
2022-01-17 10:09:35.006433,84.42104,84.751,86.19916
2022-01-17 10:09:35.502903,83.90492,84.3895,85.88531
2022-01-17 10:09:36.002068,84.21434,84.4935,85.88531
2022-01-17 10:09:36.508502,84.26632,84.4935,85.7675
2022-01-17 10:09:37.007422,84.11161,84.699,85.7675
2022-01-17 10:09:37.503601,83.9569,84.4415,85.09926
2022-01-17 10:09:38.001768,83.9569,84.4935,85.09926
2022-01-17 10:09:38.508140,84.1636,84.64825,85.92395
2022-01-17 10:09:39.006517,84.05963,84.699,85.92395
2022-01-17 10:09:39.510800,84.36905,84.4415,84.98145
2022-01-17 10:09:40.010970,84.11161,84.54425,84.98145
2022-01-17 10:09:40.501747,83.85417,84.28675,85.57051
2022-01-17 10:09:41.010955,84.26632,84.85375,85.57051
2022-01-17 10:09:41.508552,83.49276,83.97725,85.49229
2022-01-17 10:09:42.007369,84.42104,84.803,85.49229
2022-01-17 10:09:42.502163,83.69946,84.3895,86.04176
2022-01-17 10:09:43.010957,83.9569,84.4415,86.04176
2022-01-17 10:09:43.506133,84.62773,84.751,85.88531
2022-01-17 10:09:44.005925,83.9569,84.08,85.88531
2022-01-17 10:09:44.501205,84.05963,84.59625,85.72791
2022-01-17 10:09:45.009326,83.69946,84.28675,85.72791
2022-01-17 10:09:45.505030,84.36905,84.4935,85.13885
2022-01-17 10:09:46.003770,83.49276,84.132,85.13885
2022-01-17 10:09:46.509852,84.31831,84.699,86.59218
2022-01-17 10:09:47.008764,83.80219,84.132,86.59218
2022-01-17 10:09:47.503530,84.36905,84.85375,85.6101
2022-01-17 10:09:48.001323,84.05963,84.54425,85.6101
2022-01-17 10:09:48.506019,84.11161,84.4935,86.3952
2022-01-17 10:09:49.004455,84.21434,84.54425,86.3952
2022-01-17 10:09:49.509442,83.59549,84.23475,85.6101
2022-01-17 10:09:50.008078,84.11161,84.54425,85.6101
2022-01-17 10:09:50.507687,83.85417,84.184,86.3952
2022-01-17 10:09:51.007442,84.11161,84.4935,86.3952
2022-01-17 10:09:51.502396,84.36905,84.803,85.41406
2022-01-17 10:09:52.010472,83.69946,84.23475,85.41406
2022-01-17 10:09:52.504879,84.26632,84.54425,86.78822
2022-01-17 10:09:53.002523,84.00888,84.3895,86.78822
2022-01-17 10:09:53.508283,84.1636,84.64825,85.33489
2022-01-17 10:09:54.005106,83.64747,84.33875,85.33489
2022-01-17 10:09:54.501319,84.31831,84.33875,85.64968
2022-01-17 10:09:55.011370,84.11161,84.4935,85.64968
2022-01-17 10:09:55.506893,84.1636,84.54425,85.29625
2022-01-17 10:09:56.005380,83.85417,84.23475,85.29625
2022-01-17 10:09:56.509774,84.00888,84.4415,86.04176
2022-01-17 10:09:57.008955,83.85417,84.4415,86.04176
2022-01-17 10:09:57.502577,83.90492,84.59625,85.68833
2022-01-17 10:09:58.010408,83.7502,84.02925,85.68833
2022-01-17 10:09:58.506606,84.26632,84.4415,85.6101
2022-01-17 10:09:59.004624,84.11161,84.4415,85.6101
2022-01-17 10:09:59.509534,84.47302,84.90575,85.29625
2022-01-17 10:10:00.006958,83.85417,84.4415,85.29625
2022-01-17 10:10:00.510976,84.21434,84.33875,85.84572
2022-01-17 10:10:01.009050,83.90492,84.699,85.84572
2022-01-17 10:10:01.503887,83.9569,84.23475,85.33489
2022-01-17 10:10:02.002466,84.36905,84.85375,85.33489
2022-01-17 10:10:02.507982,83.9569,84.33875,86.51301
2022-01-17 10:10:03.006312,84.21434,84.699,86.51301
2022-01-17 10:10:03.503660,83.90492,84.33875,85.64968
2022-01-17 10:10:04.004476,84.62773,85.0085,85.64968
2022-01-17 10:10:04.501446,83.49276,84.02925,86.04176
2022-01-17 10:10:05.011202,84.21434,84.3895,86.04176
2022-01-17 10:10:05.508615,84.00888,84.3895,85.33489
2022-01-17 10:10:06.006930,83.9569,84.02925,85.33489
2022-01-17 10:10:06.502993,84.47302,84.90575,85.88531
2022-01-17 10:10:07.001947,83.59549,84.02925,85.88531
2022-01-17 10:10:07.507993,84.36905,84.803,84.86364
2022-01-17 10:10:08.008740,83.9569,84.4935,84.86364
2022-01-17 10:10:08.503256,84.1636,84.3895,85.57051
2022-01-17 10:10:09.505276,83.64747,83.8225,85.80614
2022-01-17 10:10:10.003867,84.42104,84.699,85.80614
2022-01-17 10:10:10.509476,84.05963,84.3895,85.53187
2022-01-17 10:10:11.008544,84.31831,84.85375,85.53187
2022-01-17 10:10:11.504242,83.33805,83.8225,85.72791
2022-01-17 10:10:12.002268,84.78245,85.0605,85.72791
2022-01-17 10:10:12.507692,83.18334,83.92525,87.57333
2022-01-17 10:10:13.005985,84.88517,85.1125,87.57333
2022-01-17 10:10:13.501837,84.21434,84.3895,85.53187
2022-01-17 10:10:14.010561,83.59549,84.184,85.53187
2022-01-17 10:10:14.507683,84.42104,84.803,86.5526
2022-01-17 10:10:15.005140,83.59549,84.132,86.5526
2022-01-17 10:10:15.509656,84.52377,84.803,85.13885
2022-01-17 10:10:16.009542,83.49276,84.184,85.13885
2022-01-17 10:10:16.501444,84.1636,84.4935,86.23875
2022-01-17 10:10:17.001260,84.11161,84.3895,86.23875
2022-01-17 10:10:17.508735,84.31831,84.699,85.57051
2022-01-17 10:10:18.007494,84.00888,84.59625,85.57051
2022-01-17 10:10:18.503570,83.64747,84.132,86.12093
2022-01-17 10:10:19.001767,84.52377,84.751,86.12093
2022-01-17 10:10:19.506926,83.69946,84.28675,85.80614
2022-01-17 10:10:20.004873,84.31831,84.85375,85.80614
2022-01-17 10:10:20.510812,83.90492,84.4415,86.71
2022-01-17 10:10:21.009860,83.85417,84.132,86.71
2022-01-17 10:10:21.505426,84.42104,84.803,85.68833
2022-01-17 10:10:22.005397,83.9569,84.751,85.68833
2022-01-17 10:10:22.501153,84.21434,84.54425,85.80614
2022-01-17 10:10:23.008968,83.7502,84.23475,85.80614
2022-01-17 10:10:23.503386,83.9569,84.4415,85.68833
2022-01-17 10:10:24.001808,84.26632,84.85375,85.68833
2022-01-17 10:10:24.506850,84.1636,84.59625,85.68833
2022-01-17 10:10:25.005392,84.1636,84.184,85.68833
2022-01-17 10:10:25.511254,84.26632,84.54425,85.7675
2022-01-17 10:10:26.009266,83.85417,84.23475,85.7675
2022-01-17 10:10:26.509286,84.05963,84.64825,84.98145
2022-01-17 10:10:27.008054,84.31831,84.699,84.98145
2022-01-17 10:10:27.503250,83.33805,84.132,85.57051
2022-01-17 10:10:28.011101,84.11161,84.4935,85.57051
2022-01-17 10:10:28.506499,84.62773,84.751,85.53187
2022-01-17 10:10:29.004294,83.69946,84.08,85.53187
2022-01-17 10:10:29.508998,84.67848,84.751,85.6101
2022-01-17 10:10:30.006460,83.64747,84.08,85.6101
2022-01-17 10:10:30.510282,84.31831,84.4935,86.12093
2022-01-17 10:10:31.009787,83.69946,84.64825,86.12093
2022-01-17 10:10:31.507926,84.00888,84.4415,86.5526
2022-01-17 10:10:32.005895,83.9569,84.132,86.5526
2022-01-17 10:10:32.502121,84.26632,84.699,85.49229
2022-01-17 10:10:33.010693,84.52377,85.0085,85.49229
2022-01-17 10:10:33.505692,83.80219,84.23475,86.51301
2022-01-17 10:10:34.003229,84.05963,84.184,86.51301
2022-01-17 10:10:34.507478,83.64747,84.59625,85.7675
2022-01-17 10:10:35.005281,84.67848,84.803,85.7675
2022-01-17 10:10:35.509055,83.9569,84.28675,84.6676
2022-01-17 10:10:36.008120,83.80219,84.23475,84.6676
2022-01-17 10:10:36.503329,84.36905,84.4935,85.64968
2022-01-17 10:10:37.001535,83.69946,84.23475,85.64968
2022-01-17 10:10:37.507982,84.62773,84.95775,86.86645
2022-01-17 10:10:38.006466,83.28607,83.92525,86.86645
2022-01-17 10:10:38.501133,84.31831,84.64825,85.37447
2022-01-17 10:10:39.008788,83.59549,83.97725,85.37447
2022-01-17 10:10:39.504514,84.42104,84.3895,86.08135
2022-01-17 10:10:40.002016,84.1636,84.3895,86.08135
2022-01-17 10:10:40.501396,83.9569,84.59625,86.00312
2022-01-17 10:10:41.009763,84.11161,84.3895,86.00312
2022-01-17 10:10:41.508907,83.54475,84.08,85.84572
2022-01-17 10:10:42.007117,84.67848,85.1125,85.84572
2022-01-17 10:10:42.504167,83.44078,84.132,86.19916
2022-01-17 10:10:43.505184,83.85417,84.132,85.02104
2022-01-17 10:10:44.005044,84.36905,84.90575,85.02104
2022-01-17 10:10:44.510713,84.05963,84.3895,85.53187
2022-01-17 10:10:45.009944,84.00888,84.699,85.53187
2022-01-17 10:10:45.507248,84.05963,84.23475,86.04176
2022-01-17 10:10:46.005072,83.85417,84.54425,86.04176
2022-01-17 10:10:46.501126,84.00888,84.33875,85.88531
2022-01-17 10:10:47.009789,84.1636,84.4935,85.88531
2022-01-17 10:10:47.504493,84.1636,84.751,85.57051
2022-01-17 10:10:48.002455,83.49276,83.7705,85.57051
2022-01-17 10:10:48.510781,83.64747,84.08,85.29625
2022-01-17 10:10:49.008478,84.36905,84.59625,85.29625
2022-01-17 10:10:49.503377,83.28607,83.92525,238.1377
2022-01-17 10:10:50.003382,84.31831,84.33875,238.1377
2022-01-17 10:10:50.508818,84.00888,84.132,217.99176
2022-01-17 10:10:51.008335,84.52377,84.803,217.99176
2022-01-17 10:10:51.503623,83.90492,83.97725,158.1826
2022-01-17 10:10:52.003034,83.90492,84.3895,158.1826
2022-01-17 10:10:52.508321,84.00888,84.184,102.33947
2022-01-17 10:10:53.006301,84.26632,84.95775,102.33947
2022-01-17 10:10:53.502436,83.80219,83.92525,95.89937
2022-01-17 10:10:54.009639,83.69946,84.02925,95.89937
2022-01-17 10:10:54.505481,84.52377,84.59625,89.89093
2022-01-17 10:10:55.005697,83.90492,84.132,89.89093
2022-01-17 10:10:55.509633,84.62773,85.0605,87.3377
2022-01-17 10:10:56.008646,83.28607,83.8225,87.3377
2022-01-17 10:10:56.503865,84.42104,85.0085,86.74864
2022-01-17 10:10:57.002558,83.90492,84.3895,86.74864
2022-01-17 10:10:57.509199,84.26632,84.85375,86.15958
2022-01-17 10:10:58.006884,83.80219,84.08,86.15958
2022-01-17 10:10:59.005364,83.85417,84.28675,86.98426
2022-01-17 10:10:59.502565,84.36905,84.4935,86.23875
2022-01-17 10:11:00.010121,83.64747,84.3895,86.23875
2022-01-17 10:11:00.506420,84.05963,84.4935,85.84572
2022-01-17 10:11:01.005899,84.05963,84.699,85.84572
2022-01-17 10:11:01.510997,84.21434,84.54425,87.06343
2022-01-17 10:11:02.008812,84.00888,84.28675,87.06343
2022-01-17 10:11:02.504299,84.1636,84.59625,85.80614
2022-01-17 10:11:03.002384,83.90492,84.3895,85.80614
2022-01-17 10:11:03.509814,83.85417,84.64825,85.17843
2022-01-17 10:11:04.009723,84.00888,84.4935,85.17843
2022-01-17 10:11:04.504678,83.59549,84.3895,85.6101
2022-01-17 10:11:05.002131,84.11161,84.4415,85.6101
2022-01-17 10:11:05.506736,84.05963,84.28675,85.7675
2022-01-17 10:11:06.005276,84.11161,84.4415,85.7675
2022-01-17 10:11:06.510187,84.26632,84.33875,86.19916
2022-01-17 10:11:07.008737,83.54475,84.23475,86.19916
2022-01-17 10:11:07.504744,84.42104,84.803,85.53187
2022-01-17 10:11:08.002379,83.7502,84.4415,85.53187
2022-01-17 10:11:08.508009,84.26632,84.699,85.96354
2022-01-17 10:11:09.005520,83.7502,84.23475,85.96354
2022-01-17 10:11:09.502975,84.11161,84.4935,86.67041
2022-01-17 10:11:10.011023,84.21434,84.28675,86.67041
2022-01-17 10:11:10.507858,84.26632,84.803,85.68833
2022-01-17 10:11:11.005224,83.7502,84.08,85.68833
2022-01-17 10:11:11.501411,84.21434,84.699,85.4527
2022-01-17 10:11:12.504869,83.7502,84.4415,85.7675
2022-01-17 10:11:13.001819,84.47302,84.751,85.7675
2022-01-17 10:11:13.506997,84.05963,84.28675,85.68833
2022-01-17 10:11:14.004188,84.00888,84.59625,85.68833
2022-01-17 10:11:14.508557,83.85417,84.02925,85.29625
2022-01-17 10:11:15.007033,84.47302,84.95775,85.29625
2022-01-17 10:11:15.501441,83.90492,84.184,86.08135
2022-01-17 10:11:16.010041,83.80219,84.4935,86.08135
2022-01-17 10:11:16.505061,83.90492,84.23475,85.80614
2022-01-17 10:11:17.004759,84.52377,84.3895,85.80614
2022-01-17 10:11:17.510281,84.21434,84.85375,86.35656
2022-01-17 10:11:18.001286,83.9569,84.33875,86.35656
2022-01-17 10:11:18.507332,84.00888,84.54425,85.92395
2022-01-17 10:11:19.006489,84.05963,84.3895,85.92395
2022-01-17 10:11:19.501289,83.9569,84.803,85.09926
2022-01-17 10:11:20.003338,83.69946,84.132,85.09926
2022-01-17 10:11:20.507406,84.05963,84.23475,85.57051
2022-01-17 10:11:21.006275,84.36905,84.751,85.57051
2022-01-17 10:11:21.504049,83.9569,84.4415,86.04176
2022-01-17 10:11:22.002909,83.85417,84.751,86.04176
2022-01-17 10:11:22.511015,84.00888,84.23475,85.84572
2022-01-17 10:11:23.008597,84.26632,84.90575,85.84572
2022-01-17 10:11:23.503340,84.00888,84.4935,85.88531
2022-01-17 10:11:24.001494,84.52377,84.90575,85.88531
2022-01-17 10:11:24.507258,83.49276,83.97725,85.84572
2022-01-17 10:11:25.006433,84.36905,84.54425,85.84572
2022-01-17 10:11:25.501996,83.7502,84.3895,85.33489
2022-01-17 10:11:26.010525,84.42104,84.59625,85.33489
2022-01-17 10:11:26.504900,83.80219,84.3895,85.7675
2022-01-17 10:11:27.003242,84.36905,84.699,85.7675
2022-01-17 10:11:27.509728,83.80219,84.132,85.84572
2022-01-17 10:11:28.009558,84.47302,84.64825,85.84572
2022-01-17 10:11:28.507473,84.62773,84.803,84.6676
2022-01-17 10:11:29.005636,83.49276,84.08,84.6676
2022-01-17 10:11:29.502373,84.21434,84.3895,86.12093
2022-01-17 10:11:30.011054,84.00888,84.54425,86.12093
2022-01-17 10:11:30.507908,84.42104,84.751,85.13885
2022-01-17 10:11:31.007192,83.54475,84.132,85.13885
2022-01-17 10:11:31.502966,84.1636,84.54425,85.57051
2022-01-17 10:11:32.002173,84.21434,84.3895,85.57051
2022-01-17 10:11:32.508804,84.1636,84.90575,85.53187
2022-01-17 10:11:33.007131,84.26632,84.699,85.53187
2022-01-17 10:11:33.501141,83.80219,84.23475,85.72791
2022-01-17 10:11:34.009055,84.52377,84.95775,85.72791
2022-01-17 10:11:34.503628,83.59549,84.28675,85.7675
2022-01-17 10:11:35.003713,84.62773,84.95775,85.7675
2022-01-17 10:11:35.509869,84.11161,84.28675,85.57051
2022-01-17 10:11:36.009978,83.9569,84.54425,85.57051
2022-01-17 10:11:36.505589,84.1636,84.54425,87.10208
2022-01-17 10:11:37.005779,83.9569,84.59625,87.10208
2022-01-17 10:11:37.501266,84.31831,84.64825,86.19916
2022-01-17 10:11:38.006347,83.85417,84.4935,86.19916
2022-01-17 10:11:38.502312,84.00888,84.4935,86.19916
2022-01-17 10:11:39.001901,83.90492,84.132,86.19916
2022-01-17 10:11:39.509637,84.88517,85.21525,85.57051
2022-01-17 10:11:40.008322,83.7502,83.92525,85.57051
2022-01-17 10:11:40.503113,84.31831,84.751,85.72791
2022-01-17 10:11:41.001056,83.90492,84.132,85.72791
2022-01-17 10:11:41.507117,84.1636,84.64825,85.80614
2022-01-17 10:11:42.005139,84.05963,84.64825,85.80614
2022-01-17 10:11:42.509974,83.7502,84.4415,85.37447
2022-01-17 10:11:43.008802,84.11161,84.4415,85.37447
2022-01-17 10:11:43.502717,84.31831,84.54425,85.72791
2022-01-17 10:11:44.003008,84.42104,84.85375,85.72791
2022-01-17 10:11:44.507749,83.90492,84.184,85.21708
2022-01-17 10:11:45.005580,83.9569,84.4415,85.21708
2022-01-17 10:11:45.510882,84.00888,84.33875,86.74864
2022-01-17 10:11:46.008859,84.00888,84.59625,86.74864
2022-01-17 10:11:46.502907,84.21434,84.64825,86.19916
2022-01-17 10:11:47.010569,84.05963,84.08,86.19916
2022-01-17 10:11:47.505777,84.05963,84.4935,86.00312
2022-01-17 10:11:48.005090,84.31831,84.4935,86.00312
2022-01-17 10:11:48.501786,84.31831,84.699,86.00312
2022-01-17 10:11:49.009895,84.00888,84.4935,86.00312
2022-01-17 10:11:49.506611,83.54475,83.8745,85.96354
2022-01-17 10:11:50.004732,84.11161,84.59625,85.96354
2022-01-17 10:11:50.509055,84.67848,84.803,85.13885
2022-01-17 10:11:51.006400,83.9569,84.3895,85.13885
2022-01-17 10:11:51.510777,84.1636,84.54425,86.00312
2022-01-17 10:11:52.008724,83.85417,84.3895,86.00312
2022-01-17 10:11:52.505540,84.11161,84.4935,85.6101
2022-01-17 10:11:53.005972,83.9569,84.64825,85.6101
2022-01-17 10:11:53.501159,83.85417,84.33875,85.53187
2022-01-17 10:11:54.009418,84.11161,84.23475,85.53187
2022-01-17 10:11:54.505689,84.21434,84.699,85.84572
2022-01-17 10:11:55.002341,84.36905,84.59625,85.84572
2022-01-17 10:11:55.510572,83.49276,84.02925,86.94562
2022-01-17 10:11:56.008754,84.57575,84.85375,86.94562
2022-01-17 10:11:56.504142,83.39003,83.8225,85.53187
2022-01-17 10:11:57.004707,84.62773,85.1125,85.53187
2022-01-17 10:11:57.504202,83.69946,83.92525,85.64968
2022-01-17 10:11:58.003096,84.21434,84.54425,85.64968
2022-01-17 10:11:58.508525,84.21434,84.4935,86.00312
2022-01-17 10:11:59.006409,84.05963,84.4935,86.00312
2022-01-17 10:11:59.502041,84.36905,84.699,85.92395
2022-01-17 10:12:00.001836,83.59549,84.02925,85.92395
2022-01-17 10:12:00.502229,84.21434,84.54425,86.43479
2022-01-17 10:12:01.010925,83.59549,84.02925,86.43479
2022-01-17 10:12:01.505510,84.57575,84.85375,85.13885
2022-01-17 10:12:02.003710,84.21434,84.33875,85.13885
2022-01-17 10:12:02.509651,84.11161,84.803,85.53187
2022-01-17 10:12:03.007747,84.05963,84.4935,85.53187
2022-01-17 10:12:03.504705,83.85417,84.28675,85.13885
2022-01-17 10:12:04.006869,84.57575,84.90575,85.13885
2022-01-17 10:12:04.502331,83.64747,84.23475,86.27739
2022-01-17 10:12:05.002361,84.42104,84.90575,86.27739
2022-01-17 10:12:05.508432,83.64747,83.66775,86.15958
2022-01-17 10:12:06.006919,84.52377,85.0085,86.15958
2022-01-17 10:12:06.501885,83.85417,84.4935,86.5526
2022-01-17 10:12:07.010874,83.90492,84.59625,86.5526
2022-01-17 10:12:07.505596,83.9569,84.3895,86.43479
2022-01-17 10:12:08.005471,83.9569,84.59625,86.43479
2022-01-17 10:12:08.510889,84.47302,84.751,86.43479
2022-01-17 10:12:09.008601,83.85417,84.132,86.43479
2022-01-17 10:12:09.502283,84.11161,84.64825,86.04176
2022-01-17 10:12:10.009512,83.90492,84.28675,86.04176
2022-01-17 10:12:10.503747,84.11161,84.4415,85.72791
2022-01-17 10:12:11.001632,84.11161,84.3895,85.72791
2022-01-17 10:12:11.506276,83.80219,84.4415,86.19916
2022-01-17 10:12:12.004448,84.31831,84.95775,86.19916
2022-01-17 10:12:12.501229,83.9569,84.08,85.33489
2022-01-17 10:12:13.009152,84.52377,84.803,85.33489
2022-01-17 10:12:13.507286,84.11161,84.54425,85.53187
2022-01-17 10:12:14.005708,83.64747,84.02925,85.53187
2022-01-17 10:12:14.510459,84.42104,84.751,85.17843
2022-01-17 10:12:15.010129,83.7502,84.184,85.17843
2022-01-17 10:12:15.505667,84.05963,84.59625,84.94281
2022-01-17 10:12:16.004316,84.00888,84.64825,84.94281
2022-01-17 10:12:16.509822,84.11161,84.33875,86.23875
2022-01-17 10:12:17.008512,84.67848,84.85375,86.23875
2022-01-17 10:12:17.502336,84.05963,84.59625,85.4527
2022-01-17 10:12:18.009963,83.7502,84.08,85.4527
2022-01-17 10:12:18.505674,83.9569,84.28675,84.86364
2022-01-17 10:12:19.004751,84.57575,85.16325,84.86364
2022-01-17 10:12:19.509806,83.64747,84.23475,86.19916
2022-01-17 10:12:20.009425,84.31831,84.64825,86.19916
2022-01-17 10:12:20.505514,84.11161,84.23475,85.80614
2022-01-17 10:12:21.002396,84.21434,84.64825,85.80614
2022-01-17 10:12:21.509152,84.47302,84.803,85.57051
2022-01-17 10:12:22.006938,83.28607,83.8225,85.57051
2022-01-17 10:12:22.501776,84.42104,85.0085,86.35656
2022-01-17 10:12:23.001183,83.33805,84.23475,86.35656
2022-01-17 10:12:23.507427,84.57575,84.95775,86.04176
2022-01-17 10:12:24.006280,84.00888,84.184,86.04176
2022-01-17 10:12:24.510697,84.05963,84.28675,86.04176
2022-01-17 10:12:25.009140,84.11161,84.3895,86.04176
2022-01-17 10:12:25.506159,83.80219,84.3895,86.47437
2022-01-17 10:12:26.005341,84.26632,84.699,86.47437
2022-01-17 10:12:26.502098,83.23532,83.97725,85.17843
2022-01-17 10:12:27.001605,84.57575,85.0605,85.17843
2022-01-17 10:12:27.506333,83.69946,83.97725,85.72791
2022-01-17 10:12:28.005872,84.83319,85.1125,85.72791
2022-01-17 10:12:28.501347,84.11161,84.28675,86.08135
2022-01-17 10:12:29.009654,83.90492,84.132,86.08135
2022-01-17 10:12:29.504794,84.31831,84.85375,84.98145
2022-01-17 10:12:30.003893,83.85417,84.4935,84.98145
2022-01-17 10:12:30.510666,84.21434,84.54425,85.6101
2022-01-17 10:12:31.010226,83.59549,84.132,85.6101
2022-01-17 10:12:31.505209,84.36905,84.699,86.00312
2022-01-17 10:12:32.004621,84.1636,84.4415,86.00312
2022-01-17 10:12:32.501646,84.31831,84.803,85.49229
2022-01-17 10:12:33.010294,84.00888,84.4935,85.49229
2022-01-17 10:12:33.507122,83.85417,84.132,86.23875
2022-01-17 10:12:34.004843,84.42104,84.90575,86.23875
2022-01-17 10:12:34.503683,83.28607,84.02925,84.90322
2022-01-17 10:12:35.002993,84.52377,84.85375,84.90322
2022-01-17 10:12:35.507597,83.9569,84.08,85.53187
2022-01-17 10:12:36.005951,84.21434,84.699,85.53187
2022-01-17 10:12:36.502046,84.1636,84.59625,86.08135
2022-01-17 10:12:37.001885,83.85417,84.3895,86.08135
2022-01-17 10:12:37.507472,84.31831,84.699,85.68833
2022-01-17 10:12:38.007355,83.59549,84.23475,85.68833
2022-01-17 10:12:38.505237,83.90492,84.28675,86.31697
2022-01-17 10:12:39.004586,84.42104,84.751,86.31697
2022-01-17 10:12:39.510975,84.42104,84.59625,85.64968
2022-01-17 10:12:40.009305,83.85417,84.3895,85.64968
2022-01-17 10:12:40.506167,84.1636,84.4415,85.4527
2022-01-17 10:12:41.005140,84.21434,84.64825,85.4527
2022-01-17 10:12:41.501174,84.11161,84.54425,85.49229
2022-01-17 10:12:42.009542,84.11161,84.64825,85.49229
2022-01-17 10:12:42.510005,83.7502,84.08,86.31697
2022-01-17 10:12:43.009952,84.1636,84.4935,86.31697
2022-01-17 10:12:43.506865,84.42104,84.85375,84.78541
2022-01-17 10:12:44.007311,84.00888,84.4415,84.78541
2022-01-17 10:12:44.501721,83.90492,84.23475,86.19916
2022-01-17 10:12:45.001561,83.85417,84.23475,86.19916
2022-01-17 10:12:45.505195,84.78245,85.0605,85.57051
2022-01-17 10:12:46.004440,84.1636,84.59625,85.57051
2022-01-17 10:12:46.509124,83.80219,84.28675,85.09926
2022-01-17 10:12:47.007175,84.00888,84.33875,85.09926
2022-01-17 10:12:47.502865,84.11161,84.3895,85.49229
2022-01-17 10:12:48.010485,84.42104,85.0605,85.49229
2022-01-17 10:12:48.508461,84.00888,84.3895,85.53187
2022-01-17 10:12:49.006620,84.00888,84.4415,85.53187
2022-01-17 10:12:49.508688,83.7502,84.28675,85.25666
2022-01-17 10:12:50.006552,84.47302,84.699,85.25666
2022-01-17 10:12:50.501456,84.21434,84.3895,87.21989
2022-01-17 10:12:51.010967,83.59549,84.184,87.21989
2022-01-17 10:12:51.505281,84.26632,84.751,85.88531
2022-01-17 10:12:52.003890,83.69946,84.132,85.88531
2022-01-17 10:12:52.509102,84.93716,85.37,85.09926
2022-01-17 10:12:53.006643,83.28607,83.97725,85.09926
2022-01-17 10:12:53.501857,84.42104,84.59625,86.12093
2022-01-17 10:12:54.010697,84.05963,84.28675,86.12093
2022-01-17 10:12:54.505144,84.21434,84.4415,85.64968
2022-01-17 10:12:55.003675,83.85417,84.33875,85.64968
2022-01-17 10:12:55.509549,83.85417,84.3895,85.72791
2022-01-17 10:12:56.008528,84.05963,84.64825,85.72791
2022-01-17 10:12:56.505212,83.85417,84.699,85.29625
2022-01-17 10:12:57.003416,84.36905,84.699,85.29625
2022-01-17 10:12:57.509251,84.21434,84.4935,85.80614
2022-01-17 10:12:58.008807,84.36905,84.54425,85.80614
2022-01-17 10:12:58.504961,83.9569,84.4415,86.23875
2022-01-17 10:12:59.003844,84.00888,84.64825,86.23875
2022-01-17 10:12:59.510174,84.42104,84.699,85.84572
2022-01-17 10:13:00.008685,83.80219,84.4415,85.84572
2022-01-17 10:13:00.507127,84.05963,84.59625,85.41406
2022-01-17 10:13:01.006150,83.85417,84.33875,85.41406
2022-01-17 10:13:01.511038,84.1636,84.4935,85.80614
2022-01-17 10:13:02.009895,84.31831,84.699,85.80614
2022-01-17 10:13:02.505682,83.90492,84.33875,85.25666
2022-01-17 10:13:03.004323,83.7502,84.184,85.25666
2022-01-17 10:13:03.509695,84.36905,84.85375,85.25666
2022-01-17 10:13:04.007400,84.11161,84.4415,85.25666
2022-01-17 10:13:04.503332,83.80219,84.4935,85.68833
2022-01-17 10:13:05.001657,84.05963,84.02925,85.68833
2022-01-17 10:13:05.506935,84.36905,84.59625,85.37447
2022-01-17 10:13:06.004024,84.31831,84.751,85.37447
2022-01-17 10:13:06.508693,84.1636,84.751,85.49229
2022-01-17 10:13:07.006485,83.39003,84.02925,85.49229
2022-01-17 10:13:07.503320,84.26632,84.699,86.59218
2022-01-17 10:13:08.002221,83.80219,84.59625,86.59218
2022-01-17 10:13:08.507080,84.1636,84.3895,85.92395
2022-01-17 10:13:09.004371,84.47302,84.90575,85.92395
2022-01-17 10:13:09.503050,83.44078,83.92525,86.63083
2022-01-17 10:13:10.002472,84.73046,85.0085,86.63083
2022-01-17 10:13:10.508847,83.80219,84.184,86.12093
2022-01-17 10:13:11.006349,83.28607,83.61575,86.12093
2022-01-17 10:13:11.510917,83.9569,84.54425,166.46906
2022-01-17 10:13:12.008079,83.69946,83.92525,166.46906
2022-01-17 10:13:12.502448,84.78245,85.0085,239.59104
2022-01-17 10:13:13.001557,84.05963,84.33875,239.59104
2022-01-17 10:13:13.507869,83.64747,84.132,198.39625
2022-01-17 10:13:14.009270,83.9569,84.132,198.39625
2022-01-17 10:13:14.503370,84.36905,84.64825,126.68708
2022-01-17 10:13:15.010952,83.90492,84.54425,126.68708
2022-01-17 10:13:15.505978,83.59549,83.8225,90.12656
2022-01-17 10:13:16.006760,83.90492,84.23475,90.12656
2022-01-17 10:13:16.501973,83.7502,83.92525,91.02947
2022-01-17 10:13:17.002336,84.93716,85.21525,91.02947
2022-01-17 10:13:17.508007,83.28607,83.71975,88.31979
2022-01-17 10:13:18.007204,84.67848,84.90575,88.31979
2022-01-17 10:13:18.504151,83.7502,84.28675,87.3377
2022-01-17 10:13:19.002850,84.47302,85.0085,87.3377
2022-01-17 10:13:19.508216,83.7502,84.33875,86.51301
2022-01-17 10:13:20.006739,84.36905,84.3895,86.51301
2022-01-17 10:13:20.502833,83.9569,84.3895,86.08135
2022-01-17 10:13:21.010678,83.90492,84.33875,86.08135
2022-01-17 10:13:21.506048,84.31831,84.751,86.3952
2022-01-17 10:13:22.005124,83.80219,84.3895,86.3952
2022-01-17 10:13:22.510534,84.31831,84.59625,85.92395
2022-01-17 10:13:23.010310,83.54475,84.23475,85.92395
2022-01-17 10:13:23.506545,84.21434,84.4935,86.67041
2022-01-17 10:13:24.004253,84.52377,84.90575,86.67041
2022-01-17 10:13:24.501233,83.59549,84.23475,85.41406
2022-01-17 10:13:25.009838,84.05963,84.64825,85.41406
2022-01-17 10:13:25.505148,83.90492,84.3895,86.74864
2022-01-17 10:13:26.003783,84.11161,84.4935,86.74864
2022-01-17 10:13:26.509077,83.85417,84.59625,85.25666
2022-01-17 10:13:27.004649,84.1636,84.64825,85.25666
2022-01-17 10:13:27.502079,83.9569,84.3895,86.59218
2022-01-17 10:13:28.004476,84.1636,84.4415,86.59218
2022-01-17 10:13:28.509029,84.21434,84.699,85.13885
2022-01-17 10:13:29.007072,83.80219,84.54425,85.13885
2022-01-17 10:13:29.502409,84.57575,84.803,85.49229
2022-01-17 10:13:30.004347,83.7502,84.4935,85.49229
2022-01-17 10:13:31.005514,84.05963,84.59625,85.6101
2022-01-17 10:13:31.502194,84.1636,84.4935,85.37447
2022-01-17 10:13:32.002181,84.1636,84.54425,85.37447
2022-01-17 10:13:32.508751,83.80219,84.3895,85.80614
2022-01-17 10:13:33.006651,84.26632,84.54425,85.80614
2022-01-17 10:13:33.501756,84.1636,84.64825,86.63083
2022-01-17 10:13:34.010535,83.80219,84.33875,86.63083
2022-01-17 10:13:34.507131,84.31831,84.90575,85.96354
2022-01-17 10:13:35.005087,84.1636,84.184,85.96354
2022-01-17 10:13:35.508572,84.47302,84.59625,85.29625
2022-01-17 10:13:36.007099,83.85417,84.28675,85.29625
2022-01-17 10:13:36.503337,84.31831,84.803,85.21708
2022-01-17 10:13:37.001414,83.69946,84.132,85.21708
2022-01-17 10:13:37.507876,84.47302,85.0085,85.80614
2022-01-17 10:13:38.006875,83.44078,84.28675,85.80614
2022-01-17 10:13:38.502296,84.42104,84.59625,85.53187
2022-01-17 10:13:39.011197,84.57575,84.64825,85.53187
2022-01-17 10:13:39.505616,84.11161,84.4935,86.04176
2022-01-17 10:13:40.004594,84.05963,84.23475,86.04176
2022-01-17 10:13:40.509118,83.49276,83.97725,86.15958
2022-01-17 10:13:41.007462,84.42104,84.803,86.15958
2022-01-17 10:13:41.503469,83.54475,84.54425,86.67041
2022-01-17 10:13:42.001726,84.05963,84.3895,86.67041
2022-01-17 10:13:42.507343,84.31831,84.54425,85.64968
2022-01-17 10:13:43.006440,83.9569,84.28675,85.64968
2022-01-17 10:13:43.501342,84.88517,85.318,87.18125
2022-01-17 10:13:44.010523,83.54475,83.97725,87.18125
2022-01-17 10:13:44.505790,84.21434,84.184,85.29625
2022-01-17 10:13:45.004343,83.39003,84.33875,85.29625
2022-01-17 10:13:45.510372,84.67848,85.0605,86.71
2022-01-17 10:13:46.009708,83.90492,84.132,86.71
2022-01-17 10:13:46.504664,84.21434,84.54425,87.06343
2022-01-17 10:13:47.002723,84.31831,84.699,87.06343
2022-01-17 10:13:47.508727,84.11161,84.54425,85.84572
2022-01-17 10:13:48.009880,84.1636,84.3895,85.84572
2022-01-17 10:13:48.508758,83.80219,84.4935,86.00312
2022-01-17 10:13:49.006246,84.11161,84.4415,86.00312
2022-01-17 10:13:49.502048,84.00888,84.59625,85.92395
2022-01-17 10:13:50.010265,84.57575,84.803,85.92395
2022-01-17 10:13:50.510169,84.11161,84.23475,84.98145
2022-01-17 10:13:51.009418,84.1636,84.803,84.98145
2022-01-17 10:13:51.504838,84.11161,84.33875,86.12093
2022-01-17 10:13:52.003788,84.1636,84.64825,86.12093
2022-01-17 10:13:52.508222,84.36905,84.751,85.29625
2022-01-17 10:13:53.005355,83.64747,84.33875,85.29625
2022-01-17 10:13:53.506536,84.42104,84.4935,84.86364
2022-01-17 10:13:54.005207,84.31831,84.54425,84.86364
2022-01-17 10:13:54.501519,83.90492,84.4935,85.84572
2022-01-17 10:13:55.001802,84.05963,84.23475,85.84572
2022-01-17 10:13:55.507609,83.85417,84.33875,86.47437
2022-01-17 10:13:56.004915,84.26632,84.4935,86.47437
2022-01-17 10:13:56.508411,83.7502,84.4415,85.29625
2022-01-17 10:13:57.005707,83.80219,84.184,85.29625
2022-01-17 10:13:58.005667,84.36905,84.803,85.92395
2022-01-17 10:13:58.510190,83.64747,83.97725,85.25666
2022-01-17 10:13:59.008720,84.36905,84.90575,85.25666
2022-01-17 10:13:59.505381,83.80219,84.184,85.29625
2022-01-17 10:14:00.003966,84.05963,84.803,85.29625
2022-01-17 10:14:00.509575,83.85417,84.08,86.08135
2022-01-17 10:14:01.007283,84.21434,84.59625,86.08135
2022-01-17 10:14:01.502683,84.00888,84.54425,85.6101
2022-01-17 10:14:02.010576,84.1636,84.54425,85.6101
2022-01-17 10:14:02.505373,83.59549,84.184,85.68833
2022-01-17 10:14:03.004654,84.36905,84.803,85.68833
2022-01-17 10:14:03.509427,84.1636,84.85375,86.67041
2022-01-17 10:14:04.007511,84.31831,84.54425,86.67041
2022-01-17 10:14:04.501195,83.7502,84.08,84.78541
2022-01-17 10:14:05.009540,84.11161,84.64825,84.78541
2022-01-17 10:14:05.504891,84.47302,84.699,85.64968
2022-01-17 10:14:06.002800,84.05963,84.64825,85.64968
2022-01-17 10:14:06.508866,83.80219,84.132,85.57051
2022-01-17 10:14:07.007249,83.90492,84.33875,85.57051
2022-01-17 10:14:07.503765,84.42104,84.751,85.49229
2022-01-17 10:14:08.001877,83.85417,84.4935,85.49229
2022-01-17 10:14:08.507702,84.26632,84.4415,85.92395
2022-01-17 10:14:09.005331,83.9569,84.02925,85.92395
2022-01-17 10:14:09.510723,83.90492,84.4935,85.80614
2022-01-17 10:14:10.008681,84.47302,84.64825,85.80614
2022-01-17 10:14:10.502329,84.05963,84.90575,85.29625
2022-01-17 10:14:11.001671,83.80219,84.132,85.29625
2022-01-17 10:14:11.506758,83.64747,84.23475,85.88531
2022-01-17 10:14:12.006880,84.42104,84.803,85.88531
2022-01-17 10:14:12.501707,84.26632,84.3895,85.17843
2022-01-17 10:14:13.001200,84.21434,84.59625,85.17843
2022-01-17 10:14:13.506027,83.59549,83.7705,86.78822
2022-01-17 10:14:14.004703,84.00888,84.64825,86.78822
2022-01-17 10:14:14.509894,84.62773,85.0605,85.80614
2022-01-17 10:14:15.008745,83.39003,84.184,85.80614
2022-01-17 10:14:15.504771,84.26632,84.3895,85.09926
2022-01-17 10:14:16.007664,83.7502,84.08,85.09926
2022-01-17 10:14:16.504363,84.73046,85.1125,85.29625
2022-01-17 10:14:17.004226,83.85417,84.184,85.29625
2022-01-17 10:14:17.501096,84.21434,84.95775,86.31697
2022-01-17 10:14:18.002824,83.85417,84.02925,86.31697
2022-01-17 10:14:18.508139,84.21434,84.95775,84.98145
2022-01-17 10:14:19.006040,83.90492,84.33875,84.98145
2022-01-17 10:14:19.511092,84.1636,84.33875,86.47437
2022-01-17 10:14:20.009772,84.26632,84.4935,86.47437
2022-01-17 10:14:20.505697,84.36905,84.699,85.41406
2022-01-17 10:14:21.005863,84.05963,84.751,85.41406
2022-01-17 10:14:21.503718,84.05963,84.4415,86.15958
2022-01-17 10:14:22.002334,84.11161,84.751,86.15958
2022-01-17 10:14:22.508483,83.85417,84.28675,85.37447
2022-01-17 10:14:23.007887,84.11161,84.699,85.37447
2022-01-17 10:14:23.504083,84.1636,84.3895,85.09926
2022-01-17 10:14:24.003196,84.57575,84.64825,85.09926
2022-01-17 10:14:24.509042,83.9569,84.64825,85.72791
2022-01-17 10:14:25.006940,83.69946,84.02925,85.72791
2022-01-17 10:14:25.504936,84.47302,84.95775,85.92395
2022-01-17 10:14:26.002804,83.90492,84.28675,85.92395
2022-01-17 10:14:26.508741,83.7502,84.4415,85.57051
2022-01-17 10:14:27.006886,83.90492,84.28675,85.57051
2022-01-17 10:14:27.502593,84.31831,84.3895,85.02104
2022-01-17 10:14:28.001497,84.11161,84.699,85.02104
2022-01-17 10:14:28.508117,84.21434,84.3895,86.43479
2022-01-17 10:14:29.006328,83.85417,84.28675,86.43479
2022-01-17 10:14:29.511158,83.85417,84.23475,85.33489
2022-01-17 10:14:30.007855,84.1636,84.85375,85.33489
2022-01-17 10:14:30.509661,83.85417,84.28675,86.51301
2022-01-17 10:14:31.009488,84.42104,84.85375,86.51301
2022-01-17 10:14:31.505666,83.80219,84.3895,86.67041
2022-01-17 10:14:32.005382,84.05963,84.64825,86.67041
2022-01-17 10:14:32.502752,84.11161,84.751,85.29625
2022-01-17 10:14:33.001298,84.42104,84.699,85.29625
2022-01-17 10:14:33.505045,83.59549,84.28675,85.88531
2022-01-17 10:14:34.003497,83.80219,84.33875,85.88531
2022-01-17 10:14:34.508267,84.1636,84.54425,85.57051
2022-01-17 10:14:35.008245,84.62773,85.0605,85.57051
2022-01-17 10:14:35.501937,83.80219,84.02925,85.80614
2022-01-17 10:14:36.001562,83.85417,84.54425,85.80614
2022-01-17 10:14:36.509880,84.26632,84.59625,85.41406
2022-01-17 10:14:37.007840,84.00888,84.54425,85.41406
2022-01-17 10:14:37.502154,84.21434,84.64825,86.15958
2022-01-17 10:14:38.001786,83.64747,84.02925,86.15958
2022-01-17 10:14:38.506535,84.31831,84.751,86.00312
2022-01-17 10:14:39.004534,84.21434,84.4415,86.00312
2022-01-17 10:14:39.509894,84.1636,84.64825,85.92395
2022-01-17 10:14:40.009170,83.90492,84.08,85.92395
2022-01-17 10:14:40.503573,84.11161,84.64825,85.64968
2022-01-17 10:14:41.010876,84.47302,84.90575,85.64968
2022-01-17 10:14:41.504182,83.59549,84.184,85.92395
2022-01-17 10:14:42.002184,84.1636,84.4935,85.92395
2022-01-17 10:14:42.508340,83.90492,84.08,86.51301
2022-01-17 10:14:43.007035,84.11161,84.699,86.51301
2022-01-17 10:14:43.504066,84.00888,84.33875,86.35656
2022-01-17 10:14:44.004168,83.85417,84.33875,86.35656
2022-01-17 10:14:44.509581,84.1636,84.4415,85.72791
2022-01-17 10:14:45.008295,83.85417,84.59625,85.72791
2022-01-17 10:14:45.502089,84.26632,84.54425,85.06062
2022-01-17 10:14:46.010610,83.90492,84.132,85.06062
2022-01-17 10:14:46.505968,84.31831,84.85375,85.06062
2022-01-17 10:14:47.005025,83.80219,84.3895,85.06062
2022-01-17 10:14:47.509213,84.1636,84.85375,85.25666
2022-01-17 10:14:48.007866,83.90492,84.23475,85.25666
2022-01-17 10:14:48.503523,84.26632,84.803,85.13885
2022-01-17 10:14:49.011252,83.85417,84.28675,85.13885
2022-01-17 10:14:49.507449,84.36905,84.54425,86.00312
2022-01-17 10:14:50.005475,83.85417,84.28675,86.00312
2022-01-17 10:14:50.510142,84.05963,84.28675,85.64968
2022-01-17 10:14:51.010011,84.05963,84.751,85.64968
2022-01-17 10:14:51.506265,84.11161,84.699,86.27739
2022-01-17 10:14:52.006043,83.80219,84.184,86.27739
2022-01-17 10:14:52.500993,84.11161,84.64825,86.15958
2022-01-17 10:14:53.010367,83.9569,84.23475,86.15958
2022-01-17 10:14:53.505463,84.57575,84.803,85.72791
2022-01-17 10:14:54.005156,84.1636,84.4415,85.72791
2022-01-17 10:14:54.510333,83.90492,84.4415,85.37447
2022-01-17 10:14:55.007774,84.11161,84.28675,85.37447
2022-01-17 10:14:55.504238,84.00888,84.4935,85.33489
2022-01-17 10:14:56.001492,83.80219,84.23475,85.33489
2022-01-17 10:14:56.507626,84.11161,84.699,86.00312
2022-01-17 10:14:57.005680,84.11161,84.4935,86.00312
2022-01-17 10:14:57.511175,84.36905,84.3895,85.57051
2022-01-17 10:14:58.009297,84.00888,84.4415,85.57051
2022-01-17 10:14:58.505159,84.11161,84.4935,86.78822
2022-01-17 10:14:59.004505,83.80219,84.23475,86.78822
2022-01-17 10:14:59.510778,84.57575,85.0605,85.7675
2022-01-17 10:15:00.009338,83.13135,83.71975,85.7675
2022-01-17 10:15:00.511269,84.52377,85.1125,84.74583
2022-01-17 10:15:01.010094,84.26632,84.3895,84.74583
2022-01-17 10:15:01.506677,84.1636,84.64825,86.90604
2022-01-17 10:15:02.006979,84.1636,84.4935,86.90604
2022-01-17 10:15:02.502876,83.59549,84.08,85.49229
2022-01-17 10:15:03.001605,84.42104,84.90575,85.49229
2022-01-17 10:15:03.507360,83.54475,84.3895,85.4527
2022-01-17 10:15:04.006000,84.57575,84.95775,85.4527
2022-01-17 10:15:04.501603,83.69946,83.8745,85.49229
2022-01-17 10:15:05.011049,84.67848,85.1125,85.49229
2022-01-17 10:15:05.507287,83.85417,84.23475,86.63083
2022-01-17 10:15:06.005419,84.00888,84.54425,86.63083
2022-01-17 10:15:06.502386,84.1636,84.54425,85.06062
2022-01-17 10:15:07.001119,83.59549,84.28675,85.06062
2022-01-17 10:15:07.507296,84.47302,85.21525,85.80614
2022-01-17 10:15:08.005642,83.7502,84.08,85.80614
2022-01-17 10:15:08.510809,84.21434,84.4935,85.72791
2022-01-17 10:15:09.008630,84.42104,84.54425,85.72791
2022-01-17 10:15:09.505004,84.00888,84.64825,86.43479
2022-01-17 10:15:10.001917,84.21434,84.64825,86.43479
2022-01-17 10:15:10.508422,83.85417,84.3895,85.68833
2022-01-17 10:15:11.006232,83.90492,84.28675,85.68833
2022-01-17 10:15:11.501482,83.9569,84.699,85.64968
2022-01-17 10:15:12.001923,84.52377,85.0085,85.64968
2022-01-17 10:15:12.508076,83.69946,83.8745,85.7675
2022-01-17 10:15:13.006314,84.42104,84.803,85.7675
2022-01-17 10:15:13.501789,83.80219,84.184,86.27739
2022-01-17 10:15:14.001583,84.42104,84.85375,86.27739
2022-01-17 10:15:14.504699,84.36905,84.85375,85.57051
2022-01-17 10:15:15.004228,83.28607,83.92525,85.57051
2022-01-17 10:15:15.510672,84.1636,84.54425,85.72791
2022-01-17 10:15:16.008637,84.26632,84.59625,85.72791
2022-01-17 10:15:16.504175,83.85417,84.54425,85.33489
2022-01-17 10:15:17.003306,84.11161,84.64825,85.33489
2022-01-17 10:15:17.509288,84.05963,84.28675,87.3377
2022-01-17 10:15:18.008559,84.21434,84.699,87.3377
2022-01-17 10:15:18.504441,83.9569,84.699,85.96354
2022-01-17 10:15:19.003613,83.9569,84.3895,85.96354
2022-01-17 10:15:19.510413,83.9569,84.02925,85.41406
2022-01-17 10:15:20.009002,84.26632,84.59625,85.41406
2022-01-17 10:15:20.504251,84.00888,84.54425,84.6676
2022-01-17 10:15:21.001881,83.85417,84.28675,84.6676
2022-01-17 10:15:21.507830,84.36905,84.803,85.41406
2022-01-17 10:15:22.005170,83.49276,83.92525,85.41406
2022-01-17 10:15:22.501341,84.57575,85.1125,85.33489
2022-01-17 10:15:23.010044,83.80219,84.02925,85.33489
2022-01-17 10:15:23.506324,84.11161,84.4935,85.4527
2022-01-17 10:15:24.005684,84.47302,84.803,85.4527
2022-01-17 10:15:24.501148,83.44078,84.02925,85.96354
2022-01-17 10:15:25.009901,84.36905,84.64825,85.96354
2022-01-17 10:15:25.505517,83.7502,84.184,85.96354
2022-01-17 10:15:26.004276,84.42104,84.95775,85.96354
2022-01-17 10:15:26.510405,83.69946,84.28675,86.04176
2022-01-17 10:15:27.009007,84.31831,84.59625,86.04176
2022-01-17 10:15:27.505933,84.21434,84.4935,86.08135
2022-01-17 10:15:28.006405,83.85417,84.28675,86.08135
2022-01-17 10:15:28.502160,84.52377,84.803,85.06062
2022-01-17 10:15:29.010175,83.39003,83.71975,85.06062
2022-01-17 10:15:29.504779,84.57575,85.21525,85.96354
2022-01-17 10:15:30.002239,83.33805,83.8745,85.96354
2022-01-17 10:15:30.508173,84.83319,84.95775,86.08135
2022-01-17 10:15:31.007017,84.00888,83.97725,86.08135
2022-01-17 10:15:31.501975,84.00888,84.4415,85.6101
2022-01-17 10:15:32.001147,84.31831,84.64825,85.6101
2022-01-17 10:15:32.506202,83.85417,84.23475,86.00312
2022-01-17 10:15:33.004390,84.05963,84.4935,86.00312
2022-01-17 10:15:33.510839,82.46176,83.1515,86.86645
2022-01-17 10:15:34.010224,84.83319,85.0605,86.86645
2022-01-17 10:15:34.505332,84.36905,84.33875,233.26875
2022-01-17 10:15:35.007560,84.05963,84.28675,233.26875
2022-01-17 10:15:35.502858,83.80219,83.8745,213.67229
2022-01-17 10:15:36.001184,83.90492,84.28675,213.67229
2022-01-17 10:15:36.509348,84.52377,85.16325,154.84426
2022-01-17 10:15:37.008557,83.23532,83.61575,154.84426
2022-01-17 10:15:37.504271,84.62773,84.751,94.83906
2022-01-17 10:15:38.002389,83.13135,83.35825,94.83906
2022-01-17 10:15:38.509242,85.14262,85.318,92.71843
2022-01-17 10:15:39.007798,83.9569,84.132,92.71843
2022-01-17 10:15:39.503061,83.64747,83.8225,90.24437
2022-01-17 10:15:40.002327,83.9569,84.33875,90.24437
2022-01-17 10:15:40.508825,84.26632,84.90575,87.92676
2022-01-17 10:15:41.008075,84.05963,84.59625,87.92676
2022-01-17 10:15:41.503487,83.69946,84.08,86.82781
2022-01-17 10:15:42.002293,84.42104,84.95775,86.82781
2022-01-17 10:15:42.508479,84.1636,84.3895,86.27739
2022-01-17 10:15:43.006052,84.52377,84.90575,86.27739
2022-01-17 10:15:43.505974,83.7502,84.184,87.53468
2022-01-17 10:15:44.005480,84.05963,84.54425,87.53468
2022-01-17 10:15:44.510532,84.11161,84.64825,86.5526
2022-01-17 10:15:45.008173,83.64747,84.33875,86.5526
2022-01-17 10:15:45.506383,83.90492,84.132,86.23875
2022-01-17 10:15:46.003393,84.31831,84.54425,86.23875
2022-01-17 10:15:46.505843,84.11161,84.64825,85.72791
2022-01-17 10:15:47.005451,84.1636,84.751,85.72791
2022-01-17 10:15:47.510868,83.69946,84.184,85.72791
2022-01-17 10:15:48.009099,84.52377,84.85375,85.72791
2022-01-17 10:15:48.503847,83.7502,84.23475,85.17843
2022-01-17 10:15:49.002610,84.21434,84.699,85.17843
2022-01-17 10:15:49.507578,84.26632,84.4935,86.19916
2022-01-17 10:15:50.007261,84.21434,84.4935,86.19916
2022-01-17 10:15:50.503586,84.26632,84.64825,85.84572
2022-01-17 10:15:51.002840,83.80219,84.33875,85.84572
2022-01-17 10:15:51.509039,84.42104,84.90575,85.80614
2022-01-17 10:15:52.008298,83.44078,84.08,85.80614
2022-01-17 10:15:52.503244,84.57575,85.0085,86.15958
2022-01-17 10:15:53.002045,84.00888,84.33875,86.15958
2022-01-17 10:15:53.508503,84.11161,84.3895,85.64968
2022-01-17 10:15:54.006546,84.11161,84.54425,85.64968
