時間,回転１,回転２,回転３
2022-01-17 12:00:00.003776,84.57575,84.85375,85.57051
2022-01-17 12:00:00.501125,84.05963,84.751,85.96354
2022-01-17 12:00:01.008310,84.11161,84.4415,85.96354
2022-01-17 12:00:01.500831,83.69946,84.59625,86.00312
2022-01-17 12:00:02.008355,84.11161,84.3895,86.00312
2022-01-17 12:00:02.503098,84.52377,84.751,85.92395
2022-01-17 12:00:03.002279,84.21434,84.4935,85.92395
2022-01-17 12:00:03.505732,84.11161,84.4935,85.68833
2022-01-17 12:00:04.005968,84.05963,84.751,85.68833
2022-01-17 12:00:04.501194,84.47302,84.59625,85.84572
2022-01-17 12:00:05.009712,83.80219,84.59625,85.84572
2022-01-17 12:00:05.504555,84.21434,84.59625,86.43479
2022-01-17 12:00:06.003835,84.00888,84.54425,86.43479
2022-01-17 12:00:06.509079,84.26632,84.4415,85.64968
2022-01-17 12:00:07.007185,84.42104,84.699,85.64968
2022-01-17 12:00:07.502694,83.64747,84.08,85.53187
2022-01-17 12:00:08.001808,84.47302,84.803,85.53187
2022-01-17 12:00:08.507550,83.80219,84.33875,86.04176
2022-01-17 12:00:09.005250,84.36905,84.751,86.04176
2022-01-17 12:00:09.511008,84.05963,84.699,85.88531
2022-01-17 12:00:10.008667,84.05963,84.23475,85.88531
2022-01-17 12:00:10.504015,84.42104,84.59625,85.7675
2022-01-17 12:00:11.002491,84.00888,84.64825,85.7675
2022-01-17 12:00:11.508818,84.52377,84.95775,86.04176
2022-01-17 12:00:12.009361,83.33805,83.8745,86.04176
2022-01-17 12:00:12.509093,84.57575,84.90575,85.4527
2022-01-17 12:00:13.007844,83.80219,84.3895,85.4527
2022-01-17 12:00:13.503923,84.52377,84.90575,85.96354
2022-01-17 12:00:14.002325,84.05963,84.59625,85.96354
2022-01-17 12:00:14.509039,83.85417,84.3895,86.12093
2022-01-17 12:00:15.006832,84.57575,84.90575,86.12093
2022-01-17 12:00:15.510139,84.1636,84.90575,85.25666
2022-01-17 12:00:16.008485,84.36905,84.699,85.25666
2022-01-17 12:00:16.503718,83.80219,84.4935,86.04176
2022-01-17 12:00:17.001176,84.21434,84.4935,86.04176
2022-01-17 12:00:17.509105,84.36905,84.4935,85.4527
2022-01-17 12:00:18.006913,84.26632,84.699,85.4527
2022-01-17 12:00:18.511092,83.64747,84.132,85.37447
2022-01-17 12:00:19.009363,84.21434,84.803,85.37447
2022-01-17 12:00:19.503432,84.36905,84.4415,85.72791
2022-01-17 12:00:20.001235,83.7502,84.54425,85.72791
2022-01-17 12:00:20.509242,84.78245,84.85375,84.6676
2022-01-17 12:00:21.006407,83.80219,84.132,84.6676
2022-01-17 12:00:21.502868,84.31831,84.699,86.12093
2022-01-17 12:00:22.002402,84.21434,84.4935,86.12093
2022-01-17 12:00:22.510529,84.26632,84.803,86.19916
2022-01-17 12:00:23.008944,84.00888,84.23475,86.19916
2022-01-17 12:00:23.503609,83.85417,84.64825,86.3952
2022-01-17 12:00:24.001812,83.85417,84.28675,86.3952
2022-01-17 12:00:24.510942,84.52377,84.85375,86.27739
2022-01-17 12:00:25.008230,84.62773,84.803,86.27739
2022-01-17 12:00:25.504533,83.64747,84.02925,86.12093
2022-01-17 12:00:26.002913,84.00888,84.59625,86.12093
2022-01-17 12:00:26.510755,84.31831,84.64825,84.90322
2022-01-17 12:00:27.009446,84.31831,84.90575,84.90322
2022-01-17 12:00:27.505164,84.11161,84.3895,85.96354
2022-01-17 12:00:28.002643,83.59549,84.28675,85.96354
2022-01-17 12:00:28.507517,84.36905,84.59625,85.49229
2022-01-17 12:00:29.005688,84.83319,84.85375,85.49229
2022-01-17 12:00:29.510836,84.00888,84.4935,86.04176
2022-01-17 12:00:30.004109,84.21434,84.59625,86.04176
2022-01-17 12:00:30.509717,83.80219,84.4415,85.64968
2022-01-17 12:00:31.009731,84.26632,84.4935,85.64968
2022-01-17 12:00:31.505871,84.21434,84.95775,86.08135
2022-01-17 12:00:32.004379,83.90492,84.33875,86.08135
2022-01-17 12:00:32.508999,84.31831,84.23475,86.04176
2022-01-17 12:00:33.007767,84.26632,84.4935,86.04176
2022-01-17 12:00:33.503240,84.26632,84.59625,86.12093
2022-01-17 12:00:34.011079,84.1636,84.803,86.12093
2022-01-17 12:00:34.506229,84.11161,84.4415,85.68833
2022-01-17 12:00:35.005394,83.59549,84.23475,85.68833
2022-01-17 12:00:35.510669,84.36905,84.64825,85.7675
2022-01-17 12:00:36.009055,84.83319,85.0085,85.7675
2022-01-17 12:00:36.505049,83.64747,83.8225,85.80614
2022-01-17 12:00:37.002924,83.33805,83.565,85.80614
2022-01-17 12:00:37.508879,84.21434,84.699,224.0002
2022-01-17 12:00:38.007369,84.78245,85.0085,224.0002
2022-01-17 12:00:38.502862,83.18334,83.8225,230.47989
2022-01-17 12:00:39.001780,83.85417,84.02925,230.47989
2022-01-17 12:00:39.509523,84.36905,84.28675,187.47833
2022-01-17 12:00:40.006967,84.31831,84.699,187.47833
2022-01-17 12:00:40.501649,84.21434,84.28675,122.24979
2022-01-17 12:00:41.001879,83.9569,84.4415,122.24979
2022-01-17 12:00:41.508178,83.90492,84.08,91.02947
2022-01-17 12:00:42.009856,84.00888,84.3895,91.02947
2022-01-17 12:00:42.505132,84.73046,84.85375,93.9352
2022-01-17 12:00:43.003087,83.28607,83.66775,93.9352
2022-01-17 12:00:43.508228,84.73046,84.85375,90.08697
2022-01-17 12:00:44.007604,84.1636,84.28675,90.08697
2022-01-17 12:00:44.501818,84.26632,85.0085,86.74864
2022-01-17 12:00:45.001089,84.31831,84.59625,86.74864
2022-01-17 12:00:45.507258,84.11161,84.59625,86.31697
2022-01-17 12:00:46.006305,83.90492,84.28675,86.31697
2022-01-17 12:00:46.502017,84.21434,84.85375,86.19916
2022-01-17 12:00:47.011139,84.47302,84.90575,86.19916
2022-01-17 12:00:47.506525,84.00888,83.92525,86.78822
2022-01-17 12:00:48.005138,84.1636,84.699,86.78822
2022-01-17 12:00:48.502059,84.00888,84.4935,86.04176
2022-01-17 12:00:49.002101,84.11161,84.59625,86.04176
2022-01-17 12:00:49.504152,84.57575,84.59625,86.31697
2022-01-17 12:00:50.002414,83.64747,84.4415,86.31697
2022-01-17 12:00:50.506930,84.31831,84.64825,86.08135
2022-01-17 12:00:51.005300,84.26632,84.33875,86.08135
2022-01-17 12:00:51.510591,84.26632,84.803,85.7675
2022-01-17 12:00:52.008939,84.1636,84.59625,85.7675
2022-01-17 12:00:52.504976,84.05963,84.85375,86.23875
2022-01-17 12:00:53.003836,84.31831,84.3895,86.23875
2022-01-17 12:00:53.510677,83.9569,84.4935,86.12093
2022-01-17 12:00:54.010471,84.57575,84.95775,86.12093
2022-01-17 12:00:54.507062,84.31831,84.4935,85.53187
2022-01-17 12:00:55.005814,83.90492,84.4415,85.53187
2022-01-17 12:00:55.501554,84.11161,84.3895,85.64968
2022-01-17 12:00:56.001112,84.42104,85.1125,85.64968
2022-01-17 12:00:56.506731,84.21434,84.4415,86.12093
2022-01-17 12:00:57.005128,83.9569,84.699,86.12093
2022-01-17 12:00:57.502386,84.1636,84.3895,85.37447
2022-01-17 12:00:58.001801,84.67848,84.803,85.37447
2022-01-17 12:00:58.508487,84.21434,84.699,86.12093
2022-01-17 12:00:59.007050,84.00888,84.33875,86.12093
2022-01-17 12:00:59.504218,83.90492,84.4935,85.21708
2022-01-17 12:01:00.001873,84.62773,84.95775,85.21708
2022-01-17 12:01:00.507001,84.00888,84.64825,85.84572
2022-01-17 12:01:01.006488,84.26632,84.699,85.84572
2022-01-17 12:01:01.502792,84.05963,84.3895,85.92395
2022-01-17 12:01:02.010882,84.47302,84.751,85.92395
2022-01-17 12:01:02.506924,84.42104,84.59625,85.41406
2022-01-17 12:01:03.004018,83.85417,84.4935,85.41406
2022-01-17 12:01:03.509418,84.11161,84.54425,85.37447
2022-01-17 12:01:04.008618,84.26632,84.751,85.37447
2022-01-17 12:01:04.505140,84.1636,84.699,85.57051
2022-01-17 12:01:05.003302,84.05963,84.59625,85.57051
2022-01-17 12:01:05.510276,84.36905,84.64825,85.72791
2022-01-17 12:01:06.009121,84.31831,84.54425,85.72791
2022-01-17 12:01:06.505954,84.1636,84.751,85.7675
2022-01-17 12:01:07.005653,84.57575,84.699,85.7675
2022-01-17 12:01:07.510673,83.64747,84.184,85.57051
2022-01-17 12:01:08.008550,84.21434,84.54425,85.57051
2022-01-17 12:01:08.504276,83.80219,84.33875,86.00312
2022-01-17 12:01:09.002213,84.42104,84.90575,86.00312
2022-01-17 12:01:09.508345,84.26632,84.33875,86.90604
2022-01-17 12:01:10.007499,84.11161,84.64825,86.90604
2022-01-17 12:01:10.502135,84.26632,84.3895,85.7675
2022-01-17 12:01:11.505121,84.11161,84.4415,85.4527
2022-01-17 12:01:12.006371,83.80219,84.54425,85.4527
2022-01-17 12:01:12.502267,84.36905,84.751,86.08135
2022-01-17 12:01:13.010580,84.42104,84.59625,86.08135
2022-01-17 12:01:13.506153,84.47302,84.85375,85.92395
2022-01-17 12:01:14.005793,84.00888,84.33875,85.92395
2022-01-17 12:01:14.510769,84.31831,84.90575,86.08135
2022-01-17 12:01:15.001053,84.36905,84.751,86.08135
2022-01-17 12:01:15.503697,83.59549,84.3895,86.67041
2022-01-17 12:01:16.002247,84.31831,84.59625,86.67041
2022-01-17 12:01:16.506423,84.21434,84.59625,85.6101
2022-01-17 12:01:17.005097,84.05963,84.59625,85.6101
2022-01-17 12:01:17.510719,84.21434,84.33875,85.96354
2022-01-17 12:01:18.009718,84.11161,84.59625,85.96354
2022-01-17 12:01:18.505675,84.36905,84.64825,85.84572
2022-01-17 12:01:19.006314,83.90492,84.4935,85.84572
2022-01-17 12:01:19.504430,84.00888,84.54425,84.90322
2022-01-17 12:01:20.001458,84.1636,84.4415,84.90322
2022-01-17 12:01:20.502788,84.62773,85.0085,85.49229
2022-01-17 12:01:21.010183,84.11161,84.4935,85.49229
2022-01-17 12:01:21.504623,83.9569,84.4935,85.53187
2022-01-17 12:01:22.003518,84.57575,85.0085,85.53187
2022-01-17 12:01:22.507633,84.1636,84.3895,85.49229
2022-01-17 12:01:23.005901,84.11161,84.4935,85.49229
2022-01-17 12:01:23.510929,84.00888,84.4415,85.6101
2022-01-17 12:01:24.009501,84.1636,84.64825,85.6101
2022-01-17 12:01:24.505112,84.67848,84.699,86.23875
2022-01-17 12:01:25.004657,83.9569,84.59625,86.23875
2022-01-17 12:01:25.510355,84.1636,84.64825,86.15958
2022-01-17 12:01:26.008490,83.9569,84.3895,86.15958
2022-01-17 12:01:26.504140,84.57575,84.90575,85.72791
2022-01-17 12:01:27.003119,83.59549,83.8745,85.72791
2022-01-17 12:01:27.508307,84.36905,84.751,86.04176
2022-01-17 12:01:28.006309,84.26632,84.23475,86.04176
2022-01-17 12:01:28.507200,84.11161,84.54425,86.43479
2022-01-17 12:01:29.004239,84.47302,84.90575,86.43479
2022-01-17 12:01:29.510246,83.69946,84.3895,86.51301
2022-01-17 12:01:30.009699,84.31831,84.54425,86.51301
2022-01-17 12:01:30.505608,83.69946,84.28675,85.68833
2022-01-17 12:01:31.004258,84.52377,85.0085,85.68833
2022-01-17 12:01:31.509855,84.47302,84.54425,85.92395
2022-01-17 12:01:32.008128,83.90492,84.4415,85.92395
2022-01-17 12:01:32.502933,83.9569,84.23475,85.49229
2022-01-17 12:01:33.003749,84.1636,84.64825,85.49229
2022-01-17 12:01:33.510932,84.52377,84.803,85.80614
2022-01-17 12:01:34.010131,83.13135,83.8745,85.80614
2022-01-17 12:01:34.507629,84.36905,84.95775,86.51301
2022-01-17 12:01:35.010309,84.1636,84.28675,86.51301
2022-01-17 12:01:35.505517,84.57575,85.0085,86.27739
2022-01-17 12:01:36.005773,83.9569,84.3895,86.27739
2022-01-17 12:01:36.510407,83.80219,84.3895,87.57333
2022-01-17 12:01:37.009676,84.31831,84.54425,87.57333
2022-01-17 12:01:37.507077,84.05963,84.64825,86.00312
2022-01-17 12:01:38.004803,84.26632,84.64825,86.00312
2022-01-17 12:01:38.501210,83.7502,84.132,85.49229
2022-01-17 12:01:39.011205,84.57575,84.90575,85.49229
2022-01-17 12:01:39.506595,84.11161,84.28675,86.23875
2022-01-17 12:01:40.005119,84.36905,85.0605,86.23875
2022-01-17 12:01:40.502666,84.26632,84.4415,85.80614
2022-01-17 12:01:41.001388,83.90492,84.23475,85.80614
2022-01-17 12:01:41.506587,84.26632,84.751,85.53187
2022-01-17 12:01:42.004525,83.85417,84.4415,85.53187
2022-01-17 12:01:42.511036,84.57575,84.803,85.84572
2022-01-17 12:01:43.009865,84.05963,84.08,85.84572
2022-01-17 12:01:43.509630,84.36905,84.90575,86.12093
2022-01-17 12:01:44.006375,84.1636,84.54425,86.12093
2022-01-17 12:01:44.502367,84.11161,84.59625,85.41406
2022-01-17 12:01:45.010792,84.1636,84.64825,85.41406
2022-01-17 12:01:45.507351,83.59549,84.33875,87.21989
2022-01-17 12:01:46.007349,84.42104,84.751,87.21989
2022-01-17 12:01:46.502130,84.31831,84.4935,86.04176
2022-01-17 12:01:47.002378,84.42104,84.85375,86.04176
2022-01-17 12:01:47.508678,84.21434,84.54425,85.25666
2022-01-17 12:01:48.007027,83.85417,84.33875,85.25666
2022-01-17 12:01:48.502913,84.52377,85.0085,85.57051
2022-01-17 12:01:49.001608,83.54475,84.3895,85.57051
2022-01-17 12:01:49.507305,84.31831,84.803,85.57051
2022-01-17 12:01:50.005823,84.26632,84.3895,85.57051
2022-01-17 12:01:50.501845,84.00888,84.28675,85.4527
2022-01-17 12:01:51.002063,84.52377,84.95775,85.4527
2022-01-17 12:01:51.508482,84.36905,84.64825,85.64968
2022-01-17 12:01:52.006587,84.21434,84.59625,85.64968
2022-01-17 12:01:52.501732,83.54475,84.184,86.3952
2022-01-17 12:01:53.009456,84.31831,84.85375,86.3952
2022-01-17 12:01:53.505363,84.1636,84.184,85.57051
2022-01-17 12:01:54.002959,84.47302,84.90575,85.57051
2022-01-17 12:01:54.508728,83.90492,84.184,86.08135
2022-01-17 12:01:55.007048,84.31831,84.59625,86.08135
2022-01-17 12:01:55.503441,84.52377,84.95775,85.64968
2022-01-17 12:01:56.001542,83.90492,84.4935,85.64968
2022-01-17 12:01:56.507374,84.11161,84.59625,86.35656
2022-01-17 12:01:57.005694,83.9569,84.184,86.35656
2022-01-17 12:01:57.502795,84.57575,84.95775,85.92395
2022-01-17 12:01:58.002555,84.31831,84.59625,85.92395
2022-01-17 12:01:58.510229,83.85417,84.23475,86.12093
2022-01-17 12:01:59.009485,83.85417,84.3895,86.12093
2022-01-17 12:01:59.505151,84.26632,84.699,85.4527
2022-01-17 12:02:00.009091,84.42104,84.95775,85.4527
2022-01-17 12:02:00.505771,83.7502,84.28675,85.80614
2022-01-17 12:02:01.003763,84.26632,84.54425,85.80614
2022-01-17 12:02:01.508605,84.1636,84.3895,85.96354
2022-01-17 12:02:02.007218,84.52377,85.0605,85.96354
2022-01-17 12:02:02.505329,84.11161,84.3895,86.04176
2022-01-17 12:02:03.003920,83.90492,84.54425,86.04176
2022-01-17 12:02:03.505105,84.11161,84.4935,85.96354
2022-01-17 12:02:04.004723,84.21434,84.54425,85.96354
2022-01-17 12:02:04.509976,84.52377,84.85375,86.15958
2022-01-17 12:02:05.008960,83.9569,84.23475,86.15958
2022-01-17 12:02:05.503583,84.26632,84.59625,86.08135
2022-01-17 12:02:06.001054,83.80219,84.28675,86.08135
2022-01-17 12:02:06.509607,84.42104,84.85375,86.3952
2022-01-17 12:02:07.009353,84.26632,84.751,86.3952
2022-01-17 12:02:07.504744,83.64747,84.132,85.80614
2022-01-17 12:02:08.006647,84.31831,84.59625,85.80614
2022-01-17 12:02:08.502746,84.36905,84.4415,86.00312
2022-01-17 12:02:09.011156,84.21434,84.59625,86.00312
2022-01-17 12:02:09.505470,84.1636,84.64825,85.80614
2022-01-17 12:02:10.006119,83.90492,84.3895,85.80614
2022-01-17 12:02:10.502017,84.36905,84.751,85.92395
2022-01-17 12:02:11.011006,83.7502,84.4935,85.92395
2022-01-17 12:02:11.505117,84.42104,84.751,87.02385
2022-01-17 12:02:12.003238,84.31831,84.3895,87.02385
2022-01-17 12:02:12.503033,84.26632,84.64825,85.84572
2022-01-17 12:02:13.001949,84.26632,84.64825,85.84572
2022-01-17 12:02:13.507243,84.11161,84.54425,86.43479
2022-01-17 12:02:14.001501,84.26632,84.803,86.43479
2022-01-17 12:02:14.507772,83.90492,84.4415,85.92395
2022-01-17 12:02:15.004251,84.05963,84.54425,85.92395
2022-01-17 12:02:15.509016,84.42104,84.803,85.13885
2022-01-17 12:02:16.006766,84.1636,84.4415,85.13885
2022-01-17 12:02:16.502099,84.47302,84.95775,85.92395
2022-01-17 12:02:17.002127,83.7502,84.184,85.92395
2022-01-17 12:02:17.508495,84.36905,84.85375,85.84572
2022-01-17 12:02:18.006961,84.21434,84.59625,85.84572
2022-01-17 12:02:18.502505,84.26632,84.803,85.7675
2022-01-17 12:02:19.001083,83.7502,84.184,85.7675
2022-01-17 12:02:19.506916,84.42104,84.699,85.7675
2022-01-17 12:02:20.004655,84.31831,84.4935,85.7675
2022-01-17 12:02:20.508707,84.21434,84.64825,87.53468
2022-01-17 12:02:21.009785,83.9569,84.4935,87.53468
2022-01-17 12:02:21.504972,83.7502,84.132,85.41406
2022-01-17 12:02:22.001776,84.67848,85.1125,85.41406
2022-01-17 12:02:22.507063,84.05963,84.699,86.15958
2022-01-17 12:02:23.005013,84.05963,84.33875,86.15958
2022-01-17 12:02:23.508247,84.36905,84.54425,86.04176
2022-01-17 12:02:24.004229,84.31831,84.751,86.04176
2022-01-17 12:02:24.510293,84.1636,84.54425,86.3952
2022-01-17 12:02:25.010536,83.85417,84.4415,86.3952
2022-01-17 12:02:25.507450,84.31831,84.64825,85.88531
2022-01-17 12:02:26.001705,83.59549,84.3895,85.88531
2022-01-17 12:02:26.508062,84.57575,85.0085,85.96354
2022-01-17 12:02:27.004045,84.31831,84.4415,85.96354
2022-01-17 12:02:27.501757,84.31831,84.699,85.84572
2022-01-17 12:02:28.002281,84.1636,84.699,85.84572
2022-01-17 12:02:28.507846,84.05963,84.4415,85.53187
2022-01-17 12:02:29.005912,84.47302,84.803,85.53187
2022-01-17 12:02:29.510556,83.54475,84.28675,85.88531
2022-01-17 12:02:30.009369,84.21434,84.64825,85.88531
2022-01-17 12:02:30.507047,84.26632,84.59625,85.64968
2022-01-17 12:02:31.004807,84.26632,84.4935,85.64968
2022-01-17 12:02:31.502177,84.52377,84.85375,85.80614
2022-01-17 12:02:32.005069,83.85417,84.33875,85.80614
2022-01-17 12:02:32.510448,84.26632,84.699,86.08135
2022-01-17 12:02:33.008873,84.11161,84.699,86.08135
2022-01-17 12:02:33.507416,84.1636,84.4415,86.90604
2022-01-17 12:02:34.009238,83.69946,84.184,86.90604
2022-01-17 12:02:34.503160,84.00888,84.184,85.88531
2022-01-17 12:02:35.004349,84.73046,85.21525,85.88531
2022-01-17 12:02:35.505696,83.59549,83.97725,85.6101
2022-01-17 12:02:36.010779,84.52377,84.85375,85.6101
2022-01-17 12:02:36.505117,83.54475,83.97725,85.49229
2022-01-17 12:02:37.008546,84.62773,85.16325,85.49229
2022-01-17 12:02:37.503417,83.9569,84.4415,85.92395
2022-01-17 12:02:38.001765,84.11161,84.132,85.92395
2022-01-17 12:02:38.507700,84.47302,84.751,85.72791
2022-01-17 12:02:39.006209,83.9569,84.4415,85.72791
2022-01-17 12:02:39.503221,84.52377,84.90575,86.51301
2022-01-17 12:02:40.001744,83.80219,84.08,86.51301
2022-01-17 12:02:40.506770,84.36905,84.803,85.49229
2022-01-17 12:02:41.005818,83.9569,84.54425,85.49229
2022-01-17 12:02:41.501809,84.26632,84.4935,86.31697
2022-01-17 12:02:42.010627,84.47302,84.699,86.31697
2022-01-17 12:02:42.505687,84.11161,84.54425,86.19916
2022-01-17 12:02:43.006543,84.42104,84.85375,86.19916
2022-01-17 12:02:43.502635,83.7502,84.23475,84.94281
2022-01-17 12:02:44.003688,84.83319,85.16325,84.94281
2022-01-17 12:02:44.502231,83.33805,84.08,86.04176
2022-01-17 12:02:45.011065,84.67848,84.90575,86.04176
2022-01-17 12:02:45.507384,84.1636,84.23475,85.64968
2022-01-17 12:02:46.006541,84.31831,84.699,85.64968
2022-01-17 12:02:46.505336,84.31831,84.803,85.33489
2022-01-17 12:02:47.004228,83.9569,84.23475,85.33489
2022-01-17 12:02:47.509361,84.36905,84.64825,85.6101
2022-01-17 12:02:48.008999,83.69946,84.3895,85.6101
2022-01-17 12:02:48.510595,84.73046,84.95775,86.31697
2022-01-17 12:02:49.003624,83.90492,84.02925,86.31697
2022-01-17 12:02:49.505302,84.21434,84.4415,85.68833
2022-01-17 12:02:50.005183,84.00888,84.4415,85.68833
2022-01-17 12:02:50.502358,84.11161,84.59625,85.92395
2022-01-17 12:02:51.005963,84.1636,84.751,85.92395
2022-01-17 12:02:51.511235,83.85417,84.3895,85.53187
2022-01-17 12:02:52.010632,84.36905,84.59625,85.53187
2022-01-17 12:02:52.503711,83.90492,84.33875,86.04176
2022-01-17 12:02:53.003504,84.57575,84.90575,86.04176
2022-01-17 12:02:53.502208,84.31831,84.699,85.92395
2022-01-17 12:02:54.003300,83.59549,83.97725,85.92395
2022-01-17 12:02:54.508235,84.05963,84.4935,86.08135
2022-01-17 12:02:55.007632,84.00888,84.751,86.08135
2022-01-17 12:02:55.504104,84.36905,84.699,85.21708
2022-01-17 12:02:56.003434,83.7502,84.33875,85.21708
2022-01-17 12:02:56.501842,84.11161,84.33875,85.68833
2022-01-17 12:02:57.010714,84.47302,84.85375,85.68833
2022-01-17 12:02:57.505447,84.62773,84.90575,85.80614
2022-01-17 12:02:58.004288,84.05963,84.33875,85.80614
2022-01-17 12:02:58.510163,83.7502,84.184,86.98426
2022-01-17 12:02:59.008946,84.05963,84.3895,86.98426
2022-01-17 12:02:59.504605,83.69946,84.23475,89.34051
2022-01-17 12:03:00.002567,84.78245,84.85375,89.34051
2022-01-17 12:03:00.506216,83.49276,83.71975,237.74562
2022-01-17 12:03:01.005416,84.21434,84.33875,237.74562
2022-01-17 12:03:01.501413,84.62773,84.90575,213.43666
2022-01-17 12:03:02.009609,83.9569,84.33875,213.43666
2022-01-17 12:03:02.502994,83.9569,84.08,136.97635
2022-01-17 12:03:03.001820,83.54475,84.23475,136.97635
2022-01-17 12:03:03.510976,83.9569,84.23475,90.83343
2022-01-17 12:03:04.008628,84.62773,84.90575,90.83343
2022-01-17 12:03:04.502759,83.69946,84.08,95.07468
2022-01-17 12:03:05.001341,84.05963,84.184,95.07468
2022-01-17 12:03:05.507370,83.9569,84.184,90.51864
2022-01-17 12:03:06.004952,84.73046,85.0085,90.51864
2022-01-17 12:03:06.510310,83.59549,84.33875,87.77031
2022-01-17 12:03:07.007869,84.47302,84.803,87.77031
2022-01-17 12:03:07.503221,83.90492,84.28675,86.23875
2022-01-17 12:03:08.002616,84.52377,84.751,86.23875
2022-01-17 12:03:08.507417,84.73046,84.90575,86.59218
2022-01-17 12:03:09.006204,83.69946,84.184,86.59218
2022-01-17 12:03:09.502031,84.47302,84.803,86.86645
2022-01-17 12:03:10.001212,83.85417,84.3895,86.86645
2022-01-17 12:03:10.506480,84.00888,84.4415,86.63083
2022-01-17 12:03:11.005877,84.05963,84.699,86.63083
2022-01-17 12:03:11.510911,84.21434,84.54425,86.3952
2022-01-17 12:03:12.010116,84.47302,84.699,86.3952
2022-01-17 12:03:12.505751,84.21434,84.699,85.68833
2022-01-17 12:03:13.004015,84.42104,84.699,85.68833
2022-01-17 12:03:13.509465,84.11161,84.59625,85.57051
2022-01-17 12:03:14.008332,84.31831,84.803,85.57051
2022-01-17 12:03:14.503901,83.54475,84.28675,85.57051
2022-01-17 12:03:15.009366,84.42104,84.803,85.57051
2022-01-17 12:03:15.507037,84.42104,84.699,87.10208
2022-01-17 12:03:16.010836,84.1636,84.64825,87.10208
2022-01-17 12:03:16.510334,84.00888,84.28675,85.96354
2022-01-17 12:03:17.004303,83.9569,84.4415,85.96354
2022-01-17 12:03:17.506360,84.57575,84.90575,86.19916
2022-01-17 12:03:18.002498,84.00888,84.751,86.19916
2022-01-17 12:03:18.509887,83.80219,84.02925,86.12093
2022-01-17 12:03:19.006540,84.36905,84.4935,86.12093
2022-01-17 12:03:19.501906,84.26632,84.64825,86.51301
2022-01-17 12:03:20.002332,84.1636,84.64825,86.51301
2022-01-17 12:03:20.510513,83.90492,84.4415,86.35656
2022-01-17 12:03:21.001276,84.31831,84.699,86.35656
2022-01-17 12:03:21.508346,83.7502,84.54425,85.57051
2022-01-17 12:03:22.006445,84.67848,84.90575,85.57051
2022-01-17 12:03:22.506772,84.1636,84.3895,85.92395
2022-01-17 12:03:23.004121,83.9569,84.28675,85.92395
2022-01-17 12:03:23.505047,84.36905,84.90575,86.00312
2022-01-17 12:03:24.007301,83.85417,84.4935,86.00312
2022-01-17 12:03:24.505214,84.36905,84.54425,85.64968
2022-01-17 12:03:25.002169,83.85417,84.751,85.64968
2022-01-17 12:03:25.509818,84.21434,84.59625,86.31697
2022-01-17 12:03:26.006364,84.36905,84.64825,86.31697
2022-01-17 12:03:26.503406,84.21434,84.4935,85.92395
2022-01-17 12:03:27.001851,84.21434,84.64825,85.92395
2022-01-17 12:03:27.510898,83.85417,84.3895,86.43479
2022-01-17 12:03:28.007025,84.26632,84.64825,86.43479
2022-01-17 12:03:28.502527,84.1636,84.803,85.88531
2022-01-17 12:03:29.009390,84.31831,84.54425,85.88531
2022-01-17 12:03:29.501585,83.9569,84.33875,86.63083
2022-01-17 12:03:30.006646,84.21434,84.3895,86.63083
2022-01-17 12:03:30.508631,84.73046,85.0085,85.7675
2022-01-17 12:03:31.007890,83.64747,84.23475,85.7675
2022-01-17 12:03:31.510908,84.36905,84.64825,86.00312
2022-01-17 12:03:32.008882,83.69946,84.33875,86.00312
2022-01-17 12:03:32.505485,84.36905,84.699,85.7675
2022-01-17 12:03:33.002470,84.1636,84.751,85.7675
2022-01-17 12:03:33.508592,84.1636,84.4935,85.96354
2022-01-17 12:03:34.006924,84.57575,84.64825,85.96354
2022-01-17 12:03:34.501577,84.21434,84.751,86.5526
2022-01-17 12:03:35.009729,83.9569,84.28675,86.5526
2022-01-17 12:03:35.503927,83.9569,84.4935,85.49229
2022-01-17 12:03:36.003225,84.1636,84.59625,85.49229
2022-01-17 12:03:36.504680,83.80219,84.54425,84.94281
2022-01-17 12:03:37.009466,84.21434,84.59625,84.94281
2022-01-17 12:03:37.507467,84.1636,84.4415,86.23875
2022-01-17 12:03:38.007321,84.31831,84.803,86.23875
2022-01-17 12:03:38.505155,84.1636,84.4935,86.35656
2022-01-17 12:03:39.009905,83.9569,84.64825,86.35656
2022-01-17 12:03:39.502194,84.21434,84.4415,86.00312
2022-01-17 12:03:40.004898,83.7502,84.4935,86.00312
2022-01-17 12:03:40.504567,84.52377,84.751,85.37447
2022-01-17 12:03:41.006174,84.26632,84.54425,85.37447
2022-01-17 12:03:41.502574,84.26632,84.59625,86.3952
2022-01-17 12:03:42.010733,84.31831,84.64825,86.3952
2022-01-17 12:03:42.510651,84.31831,85.0085,85.09926
2022-01-17 12:03:43.010419,84.05963,84.28675,85.09926
2022-01-17 12:03:43.504979,83.80219,84.4935,86.27739
2022-01-17 12:03:44.007035,84.11161,84.4415,86.27739
2022-01-17 12:03:44.505428,84.11161,84.4935,85.84572
2022-01-17 12:03:45.001445,84.31831,84.699,85.84572
2022-01-17 12:03:45.510749,84.11161,84.33875,86.3952
2022-01-17 12:03:46.001791,84.11161,84.699,86.3952
2022-01-17 12:03:47.005225,84.21434,84.803,86.15958
2022-01-17 12:03:47.507025,84.00888,84.23475,85.37447
2022-01-17 12:03:48.008706,84.11161,84.803,85.37447
2022-01-17 12:03:48.506239,84.00888,84.28675,86.12093
2022-01-17 12:03:49.007249,84.73046,84.803,86.12093
2022-01-17 12:03:49.503449,83.7502,84.23475,85.68833
2022-01-17 12:03:50.008717,84.21434,84.64825,85.68833
2022-01-17 12:03:50.510100,84.36905,84.90575,85.4527
2022-01-17 12:03:51.002154,84.31831,84.54425,85.4527
2022-01-17 12:03:51.503085,84.11161,84.64825,86.51301
2022-01-17 12:03:52.001466,83.9569,84.33875,86.51301
2022-01-17 12:03:52.510292,84.62773,84.751,85.92395
2022-01-17 12:03:53.002356,84.11161,84.64825,85.92395
2022-01-17 12:03:53.510707,84.31831,84.54425,86.47437
2022-01-17 12:03:54.010962,83.59549,84.23475,86.47437
2022-01-17 12:03:54.504558,84.52377,84.803,86.31697
2022-01-17 12:03:55.010855,84.00888,84.64825,86.31697
2022-01-17 12:03:55.506968,84.11161,84.28675,86.51301
2022-01-17 12:03:56.005006,84.57575,84.4935,86.51301
2022-01-17 12:03:57.005635,84.67848,85.0605,85.4527
2022-01-17 12:03:57.501662,84.00888,84.59625,86.04176
2022-01-17 12:03:58.009709,84.11161,84.54425,86.04176
2022-01-17 12:03:58.506748,84.00888,84.59625,85.21708
2022-01-17 12:03:59.004084,84.42104,84.751,85.21708
2022-01-17 12:03:59.508726,84.52377,84.4935,85.68833
2022-01-17 12:04:00.008469,83.90492,84.28675,85.68833
2022-01-17 12:04:00.505153,84.26632,84.3895,85.96354
2022-01-17 12:04:01.003879,84.05963,84.803,85.96354
2022-01-17 12:04:01.510013,84.47302,84.90575,85.80614
2022-01-17 12:04:02.001358,83.33805,84.184,85.80614
2022-01-17 12:04:02.507266,84.67848,84.85375,85.57051
2022-01-17 12:04:03.006780,84.21434,84.28675,85.57051
2022-01-17 12:04:03.504720,84.36905,84.85375,85.84572
2022-01-17 12:04:04.002886,84.00888,84.23475,85.84572
2022-01-17 12:04:04.508283,83.9569,84.64825,85.37447
2022-01-17 12:04:05.002248,83.90492,84.28675,85.37447
2022-01-17 12:04:05.510234,84.11161,84.803,86.15958
2022-01-17 12:04:06.008552,84.00888,84.54425,86.15958
2022-01-17 12:04:06.504254,84.11161,84.33875,86.04176
2022-01-17 12:04:07.005204,84.52377,84.699,86.04176
2022-01-17 12:04:07.511039,84.1636,84.33875,85.88531
2022-01-17 12:04:08.010219,84.00888,84.64825,85.88531
2022-01-17 12:04:08.502792,84.26632,84.59625,85.92395
2022-01-17 12:04:09.002292,83.7502,84.23475,85.92395
2022-01-17 12:04:09.507412,84.36905,84.4415,85.96354
2022-01-17 12:04:10.006030,83.9569,84.59625,85.96354
2022-01-17 12:04:10.502625,84.36905,84.64825,85.53187
2022-01-17 12:04:11.001547,84.11161,84.184,85.53187
2022-01-17 12:04:11.507313,84.21434,84.803,86.86645
2022-01-17 12:04:12.005770,84.00888,84.4415,86.86645
2022-01-17 12:04:12.510772,84.36905,84.85375,85.25666
2022-01-17 12:04:13.008996,83.90492,84.33875,85.25666
2022-01-17 12:04:13.504689,84.05963,84.54425,86.3952
2022-01-17 12:04:14.003002,84.11161,84.3895,86.3952
2022-01-17 12:04:14.508076,84.47302,84.699,85.29625
2022-01-17 12:04:15.007396,84.1636,84.803,85.29625
2022-01-17 12:04:15.508831,84.31831,84.64825,85.6101
2022-01-17 12:04:16.002367,83.80219,84.4415,85.6101
2022-01-17 12:04:16.511338,84.05963,84.33875,85.80614
2022-01-17 12:04:17.003374,83.9569,84.59625,85.80614
2022-01-17 12:04:17.509085,84.26632,84.699,85.80614
2022-01-17 12:04:18.003009,84.47302,84.54425,85.80614
2022-01-17 12:04:18.506953,83.80219,84.28675,85.33489
2022-01-17 12:04:19.005995,84.47302,84.85375,85.33489
2022-01-17 12:04:19.507228,84.05963,84.64825,86.23875
2022-01-17 12:04:20.010234,84.57575,84.699,86.23875
2022-01-17 12:04:20.505474,83.54475,84.132,85.80614
2022-01-17 12:04:21.001060,84.11161,84.59625,85.80614
2022-01-17 12:04:21.507776,84.47302,84.751,86.04176
2022-01-17 12:04:22.004635,84.31831,84.803,86.04176
2022-01-17 12:04:22.502874,84.1636,84.3895,86.94562
2022-01-17 12:04:23.002399,84.11161,84.64825,86.94562
2022-01-17 12:04:23.501699,84.52377,84.803,86.12093
2022-01-17 12:04:24.002498,84.05963,84.699,86.12093
2022-01-17 12:04:24.508672,84.21434,84.4415,85.29625
2022-01-17 12:04:25.000922,83.64747,84.08,85.29625
2022-01-17 12:04:25.502100,84.1636,84.751,85.68833
2022-01-17 12:04:26.010814,84.36905,84.4935,85.68833
2022-01-17 12:04:26.508752,83.69946,84.3895,85.13885
2022-01-17 12:04:27.007245,84.52377,84.699,85.13885
2022-01-17 12:04:27.502897,83.7502,84.184,85.72791
2022-01-17 12:04:28.001799,84.67848,85.1125,85.72791
2022-01-17 12:04:28.509611,83.69946,84.184,86.19916
2022-01-17 12:04:29.007348,84.47302,84.699,86.19916
2022-01-17 12:04:29.505832,84.11161,84.132,85.64968
2022-01-17 12:04:30.005810,84.21434,84.803,85.64968
2022-01-17 12:04:30.501312,84.26632,84.4935,86.78822
2022-01-17 12:04:31.001635,84.11161,84.4935,86.78822
2022-01-17 12:04:31.508564,83.9569,84.4415,85.68833
2022-01-17 12:04:32.005538,83.80219,84.4935,85.68833
2022-01-17 12:04:32.511133,84.42104,84.803,85.17843
2022-01-17 12:04:33.010353,84.11161,84.28675,85.17843
2022-01-17 12:04:33.506354,84.31831,84.699,86.08135
2022-01-17 12:04:34.004844,83.90492,84.33875,86.08135
2022-01-17 12:04:34.509823,84.05963,84.699,85.37447
2022-01-17 12:04:35.009528,84.05963,84.4415,85.37447
2022-01-17 12:04:35.503670,83.64747,84.28675,85.37447
2022-01-17 12:04:36.002141,84.42104,84.95775,85.37447
2022-01-17 12:04:36.508081,84.21434,84.28675,86.04176
2022-01-17 12:04:37.006591,84.11161,84.4415,86.04176
2022-01-17 12:04:37.502102,84.21434,84.3895,85.84572
2022-01-17 12:04:38.002552,84.42104,84.95775,85.84572
2022-01-17 12:04:38.508172,84.00888,84.33875,85.57051
2022-01-17 12:04:39.007539,83.90492,84.54425,85.57051
2022-01-17 12:04:39.503498,84.26632,84.59625,86.27739
2022-01-17 12:04:40.002023,84.26632,84.4415,86.27739
2022-01-17 12:04:40.507526,84.26632,84.64825,85.17843
2022-01-17 12:04:41.004762,83.90492,84.132,85.17843
2022-01-17 12:04:41.510419,84.11161,84.699,86.19916
2022-01-17 12:04:42.008644,84.36905,84.85375,86.19916
2022-01-17 12:04:42.505987,83.9569,84.28675,86.31697
2022-01-17 12:04:43.004730,83.90492,84.3895,86.31697
2022-01-17 12:04:43.510620,84.11161,84.33875,85.72791
2022-01-17 12:04:44.009752,84.36905,84.85375,85.72791
2022-01-17 12:04:44.504322,84.31831,84.28675,85.4527
2022-01-17 12:04:45.010348,83.69946,84.28675,85.4527
2022-01-17 12:04:45.505803,84.31831,84.699,85.72791
2022-01-17 12:04:46.003410,84.00888,84.4415,85.72791
2022-01-17 12:04:46.509661,84.42104,84.751,84.94281
2022-01-17 12:04:47.009780,83.7502,84.132,84.94281
2022-01-17 12:04:47.506456,84.57575,84.85375,85.84572
2022-01-17 12:04:48.003924,84.26632,84.3895,85.84572
2022-01-17 12:04:48.509808,84.21434,84.699,85.13885
2022-01-17 12:04:49.008572,84.36905,84.4935,85.13885
2022-01-17 12:04:49.502889,83.7502,84.28675,86.90604
2022-01-17 12:04:50.001700,84.21434,84.54425,86.90604
2022-01-17 12:04:50.505998,83.85417,84.33875,85.64968
2022-01-17 12:04:51.008614,84.26632,84.751,85.64968
2022-01-17 12:04:51.505664,84.36905,84.3895,86.43479
2022-01-17 12:04:52.004450,84.00888,84.59625,86.43479
2022-01-17 12:04:52.508762,84.31831,84.699,85.21708
2022-01-17 12:04:53.006498,84.26632,84.699,85.21708
2022-01-17 12:04:53.502309,84.42104,84.64825,85.88531
2022-01-17 12:04:54.001547,83.49276,84.08,85.88531
2022-01-17 12:04:54.508405,84.36905,84.85375,84.78541
2022-01-17 12:04:55.006286,84.1636,84.33875,84.78541
2022-01-17 12:04:55.510906,84.47302,84.803,85.84572
2022-01-17 12:04:56.010141,83.7502,84.08,85.84572
2022-01-17 12:04:56.506402,84.42104,84.90575,85.96354
2022-01-17 12:04:57.004421,83.9569,84.23475,85.96354
2022-01-17 12:04:57.509534,83.7502,84.184,86.12093
2022-01-17 12:04:58.006595,84.42104,84.803,86.12093
2022-01-17 12:04:58.502529,84.36905,84.54425,85.80614
2022-01-17 12:04:59.010691,84.31831,84.85375,85.80614
2022-01-17 12:04:59.505761,83.9569,84.184,85.84572
2022-01-17 12:05:00.004526,84.11161,84.4415,85.84572
2022-01-17 12:05:00.502141,84.31831,84.64825,85.33489
2022-01-17 12:05:01.010905,84.00888,84.4415,85.33489
2022-01-17 12:05:01.505513,83.80219,84.3895,85.80614
2022-01-17 12:05:02.003396,84.11161,84.3895,85.80614
2022-01-17 12:05:02.509033,84.62773,84.90575,85.88531
2022-01-17 12:05:03.007363,84.31831,84.59625,85.88531
2022-01-17 12:05:04.005166,84.36905,84.59625,85.68833
2022-01-17 12:05:04.502802,84.26632,84.699,85.7675
2022-01-17 12:05:05.001163,83.85417,84.3895,85.7675
2022-01-17 12:05:05.505713,84.1636,84.64825,86.47437
2022-01-17 12:05:06.009694,84.21434,84.59625,86.47437
2022-01-17 12:05:06.503911,84.26632,84.184,85.84572
2022-01-17 12:05:07.004243,83.85417,84.3895,85.84572
2022-01-17 12:05:07.501719,84.31831,84.751,86.63083
2022-01-17 12:05:08.010717,83.80219,84.28675,86.63083
2022-01-17 12:05:08.503866,84.36905,84.85375,85.49229
2022-01-17 12:05:09.002625,83.9569,84.4935,85.49229
2022-01-17 12:05:09.507430,84.1636,84.4935,86.43479
2022-01-17 12:05:10.005179,84.57575,84.751,86.43479
2022-01-17 12:05:10.510003,83.7502,84.132,86.15958
2022-01-17 12:05:11.008128,84.52377,84.803,86.15958
2022-01-17 12:05:11.504801,83.80219,84.33875,85.68833
2022-01-17 12:05:12.004764,84.42104,85.0085,85.68833
2022-01-17 12:05:12.509905,83.44078,84.132,85.49229
2022-01-17 12:05:13.010619,84.57575,84.90575,85.49229
2022-01-17 12:05:13.506175,84.67848,84.54425,85.57051
2022-01-17 12:05:14.003855,84.00888,84.3895,85.57051
2022-01-17 12:05:14.508777,84.47302,84.90575,85.6101
2022-01-17 12:05:15.008361,83.64747,84.132,85.6101
2022-01-17 12:05:15.502856,84.57575,84.90575,85.72791
2022-01-17 12:05:16.001341,83.59549,84.28675,85.72791
2022-01-17 12:05:16.506875,84.26632,84.751,85.64968
2022-01-17 12:05:17.003603,84.52377,84.751,85.64968
2022-01-17 12:05:17.501563,84.11161,84.33875,86.19916
2022-01-17 12:05:18.001706,84.42104,84.64825,86.19916
2022-01-17 12:05:18.506899,83.9569,84.4415,86.19916
2022-01-17 12:05:19.005842,84.31831,85.0085,86.19916
2022-01-17 12:05:19.502875,83.80219,84.3895,86.67041
2022-01-17 12:05:20.505098,83.85417,84.08,85.09926
2022-01-17 12:05:21.003090,84.52377,84.803,85.09926
2022-01-17 12:05:21.508384,83.85417,83.8745,85.72791
2022-01-17 12:05:22.005686,83.69946,84.02925,85.72791
2022-01-17 12:05:22.502219,84.05963,84.4415,233.74
2022-01-17 12:05:23.002938,84.21434,84.64825,233.74
2022-01-17 12:05:23.507271,84.26632,84.85375,215.5177
2022-01-17 12:05:24.005217,83.33805,83.61575,215.5177
2022-01-17 12:05:24.509980,84.57575,84.59625,167.25416
2022-01-17 12:05:25.009675,84.1636,84.33875,167.25416
2022-01-17 12:05:25.505292,84.47302,84.699,110.66458
2022-01-17 12:05:26.004363,84.05963,84.33875,110.66458
2022-01-17 12:05:26.501522,83.44078,83.7705,96.80229
2022-01-17 12:05:27.002747,84.26632,84.59625,96.80229
2022-01-17 12:05:27.507921,84.1636,84.59625,89.69395
2022-01-17 12:05:28.006405,83.80219,84.08,89.69395
2022-01-17 12:05:28.501481,84.57575,84.54425,87.88812
2022-01-17 12:05:29.009512,84.1636,84.4415,87.88812
2022-01-17 12:05:29.504343,84.31831,84.751,85.92395
2022-01-17 12:05:30.002186,84.1636,84.3895,85.92395
2022-01-17 12:05:30.507523,84.31831,84.699,86.67041
2022-01-17 12:05:31.006475,83.54475,84.184,86.67041
2022-01-17 12:05:31.504749,84.52377,84.95775,85.92395
2022-01-17 12:05:32.002545,84.52377,84.90575,85.92395
2022-01-17 12:05:32.507109,84.1636,84.4935,86.51301
2022-01-17 12:05:33.004426,84.1636,84.54425,86.51301
2022-01-17 12:05:33.509872,84.1636,84.4415,86.5526
2022-01-17 12:05:34.008751,84.62773,85.0605,86.5526
2022-01-17 12:05:34.504287,83.80219,84.4415,86.71
2022-01-17 12:05:35.003693,84.1636,84.699,86.71
2022-01-17 12:05:35.509099,84.11161,84.28675,86.86645
2022-01-17 12:05:36.009412,84.31831,84.803,86.86645
2022-01-17 12:05:36.503465,84.21434,84.4935,85.7675
2022-01-17 12:05:37.002911,83.69946,84.3895,85.7675
2022-01-17 12:05:37.507293,84.73046,85.1125,85.41406
2022-01-17 12:05:38.004898,83.69946,84.132,85.41406
2022-01-17 12:05:38.509331,84.52377,84.803,86.31697
2022-01-17 12:05:39.007835,83.80219,84.3895,86.31697
2022-01-17 12:05:39.504671,84.42104,84.699,85.37447
2022-01-17 12:05:40.004628,84.1636,84.3895,85.37447
2022-01-17 12:05:40.507101,83.80219,84.184,85.84572
2022-01-17 12:05:41.004452,84.67848,85.1125,85.84572
2022-01-17 12:05:41.508713,84.00888,84.4935,85.96354
2022-01-17 12:05:42.007421,84.36905,84.85375,85.96354
2022-01-17 12:05:42.502387,83.90492,84.33875,86.3952
2022-01-17 12:05:43.010339,84.1636,84.33875,86.3952
2022-01-17 12:05:43.506075,84.42104,84.64825,86.19916
2022-01-17 12:05:44.004794,84.1636,84.64825,86.19916
2022-01-17 12:05:44.511079,84.42104,84.64825,85.41406
2022-01-17 12:05:45.008762,83.90492,84.33875,85.41406
2022-01-17 12:05:45.503410,84.47302,84.85375,85.33489
2022-01-17 12:05:46.001567,83.54475,84.184,85.33489
2022-01-17 12:05:46.508272,84.88517,85.0085,86.08135
2022-01-17 12:05:47.006575,84.05963,84.28675,86.08135
2022-01-17 12:05:47.502643,84.11161,84.4935,85.64968
2022-01-17 12:05:48.001806,84.31831,85.0605,85.64968
2022-01-17 12:05:48.507340,84.11161,84.4935,85.68833
2022-01-17 12:05:49.007502,84.47302,84.95775,85.68833
2022-01-17 12:05:49.503396,83.69946,84.28675,86.74864
2022-01-17 12:05:50.001134,84.42104,84.85375,86.74864
2022-01-17 12:05:50.504845,84.21434,84.33875,85.29625
2022-01-17 12:05:51.001701,84.11161,84.4415,85.29625
2022-01-17 12:05:51.507014,84.05963,84.4935,86.86645
2022-01-17 12:05:52.009990,84.26632,84.85375,86.86645
2022-01-17 12:05:52.505301,84.36905,84.699,86.35656
2022-01-17 12:05:53.005233,83.69946,84.28675,86.35656
2022-01-17 12:05:53.503064,84.47302,84.751,85.25666
2022-01-17 12:05:54.001563,84.11161,84.33875,85.25666
2022-01-17 12:05:54.507771,84.42104,84.59625,86.43479
2022-01-17 12:05:55.005532,84.1636,84.59625,86.43479
2022-01-17 12:05:55.510425,83.90492,84.33875,85.53187
2022-01-17 12:05:56.009930,84.31831,84.699,85.53187
2022-01-17 12:05:56.506061,83.9569,84.59625,86.43479
2022-01-17 12:05:57.003446,84.00888,84.4415,86.43479
2022-01-17 12:05:57.509624,84.21434,84.59625,85.57051
2022-01-17 12:05:58.009444,84.31831,84.54425,85.57051
2022-01-17 12:05:58.505047,84.31831,84.64825,85.80614
2022-01-17 12:05:59.003658,83.90492,84.3895,85.80614
2022-01-17 12:05:59.509893,84.26632,84.54425,85.49229
2022-01-17 12:06:00.008487,84.1636,84.59625,85.49229
2022-01-17 12:06:00.504248,84.1636,84.4935,86.43479
2022-01-17 12:06:01.002124,83.59549,84.132,86.43479
2022-01-17 12:06:01.507709,84.73046,84.751,85.68833
2022-01-17 12:06:02.006265,84.42104,84.751,85.68833
2022-01-17 12:06:02.501722,84.05963,84.54425,86.67041
2022-01-17 12:06:03.001505,84.42104,84.90575,86.67041
2022-01-17 12:06:03.507469,83.64747,84.08,86.63083
2022-01-17 12:06:04.005340,84.57575,85.0085,86.63083
2022-01-17 12:06:04.501652,83.85417,84.4935,85.72791
2022-01-17 12:06:05.010917,84.00888,84.132,85.72791
2022-01-17 12:06:05.505979,84.36905,84.59625,85.72791
2022-01-17 12:06:06.005741,84.11161,84.4415,85.72791
2022-01-17 12:06:06.503022,84.1636,84.4415,85.49229
2022-01-17 12:06:07.001836,84.11161,84.54425,85.49229
2022-01-17 12:06:07.507360,84.31831,84.699,85.37447
2022-01-17 12:06:08.005225,83.54475,84.33875,85.37447
2022-01-17 12:06:08.510971,84.57575,84.85375,85.92395
2022-01-17 12:06:09.010314,84.1636,84.4415,85.92395
2022-01-17 12:06:09.505257,84.21434,84.59625,85.84572
2022-01-17 12:06:10.003901,84.11161,84.54425,85.84572
2022-01-17 12:06:10.501447,84.00888,84.33875,85.84572
2022-01-17 12:06:11.003834,84.42104,84.64825,85.84572
2022-01-17 12:06:11.510563,83.80219,84.4935,86.19916
2022-01-17 12:06:12.008472,83.90492,84.3895,86.19916
2022-01-17 12:06:12.505120,84.26632,84.699,85.92395
2022-01-17 12:06:13.002559,84.21434,84.59625,85.92395
2022-01-17 12:06:13.511223,84.1636,84.54425,86.08135
2022-01-17 12:06:14.009644,84.31831,84.64825,86.08135
2022-01-17 12:06:14.504281,83.9569,84.3895,86.12093
2022-01-17 12:06:15.003902,84.1636,84.59625,86.12093
2022-01-17 12:06:15.509468,84.31831,84.54425,85.88531
2022-01-17 12:06:16.009102,83.9569,84.4935,85.88531
2022-01-17 12:06:16.506677,84.21434,84.64825,85.64968
2022-01-17 12:06:17.005720,84.11161,84.54425,85.64968
2022-01-17 12:06:17.502357,83.9569,84.33875,86.67041
2022-01-17 12:06:18.001311,84.57575,84.95775,86.67041
2022-01-17 12:06:18.508080,84.05963,84.59625,85.7675
2022-01-17 12:06:19.008003,84.26632,84.699,85.7675
2022-01-17 12:06:19.504685,84.11161,84.4415,86.3952
2022-01-17 12:06:20.002019,84.05963,84.28675,86.3952
2022-01-17 12:06:20.509011,84.47302,84.85375,86.31697
2022-01-17 12:06:21.008829,83.85417,84.4415,86.31697
2022-01-17 12:06:21.505078,84.11161,84.3895,85.21708
2022-01-17 12:06:22.003509,83.9569,84.54425,85.21708
2022-01-17 12:06:22.507279,84.42104,84.803,86.19916
2022-01-17 12:06:23.005149,84.00888,84.751,86.19916
2022-01-17 12:06:23.510222,84.1636,84.33875,85.64968
2022-01-17 12:06:24.009147,84.47302,84.699,85.64968
2022-01-17 12:06:24.504006,83.9569,84.23475,85.68833
2022-01-17 12:06:25.001658,84.67848,85.16325,85.68833
2022-01-17 12:06:25.509466,83.54475,84.08,85.53187
2022-01-17 12:06:26.008125,84.47302,84.803,85.53187
2022-01-17 12:06:26.503768,83.59549,84.28675,86.82781
2022-01-17 12:06:27.002281,84.42104,84.64825,86.82781
2022-01-17 12:06:27.506528,84.73046,85.0085,85.53187
2022-01-17 12:06:28.005234,83.80219,84.184,85.53187
2022-01-17 12:06:28.510541,84.52377,84.90575,86.67041
2022-01-17 12:06:29.008727,83.9569,84.54425,86.67041
2022-01-17 12:06:29.504583,84.31831,84.64825,85.02104
2022-01-17 12:06:30.004212,83.49276,84.4935,85.02104
2022-01-17 12:06:30.508994,84.11161,84.23475,86.27739
2022-01-17 12:06:31.006742,84.36905,84.699,86.27739
2022-01-17 12:06:31.503014,84.21434,84.4415,86.3952
2022-01-17 12:06:32.001739,84.52377,84.90575,86.3952
2022-01-17 12:06:32.506823,83.54475,83.97725,86.08135
2022-01-17 12:06:33.006044,84.67848,84.95775,86.08135
2022-01-17 12:06:33.501548,83.7502,84.23475,85.33489
2022-01-17 12:06:34.008709,84.31831,84.803,85.33489
2022-01-17 12:06:34.503639,83.9569,84.4415,85.41406
2022-01-17 12:06:35.001775,84.36905,84.59625,85.41406
2022-01-17 12:06:35.507825,84.73046,84.803,85.21708
2022-01-17 12:06:36.005744,84.11161,84.59625,85.21708
2022-01-17 12:06:36.501158,83.85417,84.23475,85.84572
2022-01-17 12:06:37.009817,84.11161,84.751,85.84572
2022-01-17 12:06:37.504784,83.90492,84.23475,85.68833
2022-01-17 12:06:38.002069,84.00888,84.751,85.68833
2022-01-17 12:06:38.508544,84.36905,84.54425,85.92395
2022-01-17 12:06:39.007993,84.1636,84.4935,85.92395
2022-01-17 12:06:39.503906,84.21434,84.59625,86.00312
2022-01-17 12:06:40.004291,84.31831,84.4935,86.00312
2022-01-17 12:06:40.509540,84.11161,84.54425,86.04176
2022-01-17 12:06:41.007465,84.26632,84.699,86.04176
2022-01-17 12:06:41.502437,83.54475,84.33875,86.04176
2022-01-17 12:06:42.008593,84.05963,84.184,86.04176
2022-01-17 12:06:42.502331,84.67848,84.803,86.00312
2022-01-17 12:06:43.003002,84.05963,84.54425,86.00312
2022-01-17 12:06:43.509041,84.31831,84.64825,85.53187
2022-01-17 12:06:44.007008,83.7502,84.08,85.53187
2022-01-17 12:06:44.501689,84.42104,84.54425,85.49229
2022-01-17 12:06:45.010375,83.80219,84.699,85.49229
2022-01-17 12:06:45.506170,84.21434,84.59625,86.23875
2022-01-17 12:06:46.004297,83.9569,84.08,86.23875
2022-01-17 12:06:46.511183,84.1636,84.3895,85.53187
2022-01-17 12:06:47.007443,84.26632,84.803,85.53187
2022-01-17 12:06:47.501570,83.9569,84.3895,86.74864
2022-01-17 12:06:48.010244,84.67848,84.85375,86.74864
2022-01-17 12:06:48.505893,83.54475,84.33875,86.59218
2022-01-17 12:06:49.005779,84.36905,84.699,86.59218
2022-01-17 12:06:49.511020,84.47302,84.699,85.64968
2022-01-17 12:06:50.009794,83.7502,84.02925,85.64968
2022-01-17 12:06:50.504049,84.73046,84.95775,86.86645
2022-01-17 12:06:51.001596,83.64747,84.08,86.86645
2022-01-17 12:06:51.507570,84.47302,84.699,85.53187
2022-01-17 12:06:52.006688,84.05963,84.699,85.53187
2022-01-17 12:06:52.502547,84.31831,84.64825,85.88531
2022-01-17 12:06:53.001250,84.00888,84.33875,85.88531
2022-01-17 12:06:53.505217,84.36905,84.59625,85.68833
2022-01-17 12:06:54.004101,84.21434,84.54425,85.68833
2022-01-17 12:06:54.509842,83.80219,84.33875,86.71
2022-01-17 12:06:55.006970,84.36905,84.54425,86.71
2022-01-17 12:06:55.501899,83.9569,84.3895,85.21708
2022-01-17 12:06:56.001231,84.47302,84.85375,85.21708
2022-01-17 12:06:56.507624,83.69946,84.28675,86.43479
2022-01-17 12:06:57.005689,84.31831,84.54425,86.43479
2022-01-17 12:06:57.502996,84.31831,84.4935,85.33489
2022-01-17 12:06:58.010268,84.11161,84.699,85.33489
2022-01-17 12:06:58.505149,83.85417,84.23475,86.23875
2022-01-17 12:06:59.002448,84.00888,84.59625,86.23875
2022-01-17 12:06:59.508218,84.31831,84.803,86.00312
2022-01-17 12:07:00.005788,84.05963,84.54425,86.00312
2022-01-17 12:07:00.504385,84.36905,84.54425,86.08135
2022-01-17 12:07:01.002348,84.05963,84.33875,86.08135
2022-01-17 12:07:01.508208,84.52377,84.95775,85.13885
2022-01-17 12:07:02.006241,83.85417,84.132,85.13885
2022-01-17 12:07:02.501108,83.90492,84.3895,85.41406
2022-01-17 12:07:03.009173,84.26632,84.699,85.41406
2022-01-17 12:07:03.505748,83.7502,84.4415,85.53187
2022-01-17 12:07:04.005731,84.36905,84.64825,85.53187
2022-01-17 12:07:04.502334,84.11161,84.08,86.04176
2022-01-17 12:07:05.002421,84.47302,84.85375,86.04176
2022-01-17 12:07:05.507858,83.9569,84.184,85.7675
2022-01-17 12:07:06.004738,84.26632,84.85375,85.7675
2022-01-17 12:07:06.508424,83.90492,84.132,85.68833
2022-01-17 12:07:07.005738,84.00888,84.803,85.68833
2022-01-17 12:07:07.510725,84.05963,84.3895,86.67041
2022-01-17 12:07:08.010335,84.21434,84.4415,86.67041
2022-01-17 12:07:08.506634,84.31831,84.59625,86.47437
2022-01-17 12:07:09.005248,84.47302,84.54425,86.47437
2022-01-17 12:07:09.510782,83.85417,84.3895,85.80614
2022-01-17 12:07:10.008162,84.26632,84.699,85.80614
2022-01-17 12:07:10.503903,83.80219,84.4935,85.53187
2022-01-17 12:07:11.001844,84.31831,84.59625,85.53187
2022-01-17 12:07:11.508286,83.7502,84.33875,85.92395
2022-01-17 12:07:12.005473,84.21434,84.751,85.92395
2022-01-17 12:07:12.510246,84.57575,84.64825,85.6101
2022-01-17 12:07:13.010635,84.05963,84.64825,85.6101
2022-01-17 12:07:13.505280,84.36905,84.54425,85.7675
2022-01-17 12:07:14.003402,84.00888,84.64825,85.7675
2022-01-17 12:07:14.509744,84.11161,84.4935,85.33489
2022-01-17 12:07:15.008836,83.9569,84.59625,85.33489
2022-01-17 12:07:15.503840,84.26632,84.4935,87.06343
2022-01-17 12:07:16.002078,84.36905,84.4415,87.06343
2022-01-17 12:07:16.506909,84.21434,84.699,86.12093
2022-01-17 12:07:17.004642,84.42104,84.751,86.12093
2022-01-17 12:07:17.502374,84.11161,84.64825,85.64968
2022-01-17 12:07:18.002253,84.31831,84.3895,85.64968
2022-01-17 12:07:18.508145,83.80219,84.54425,85.92395
2022-01-17 12:07:19.005460,84.11161,84.54425,85.92395
2022-01-17 12:07:20.005358,84.31831,84.85375,86.31697
2022-01-17 12:07:20.501385,84.26632,84.4935,85.64968
2022-01-17 12:07:21.009227,83.90492,84.4935,85.64968
2022-01-17 12:07:21.505018,84.36905,84.3895,85.80614
2022-01-17 12:07:22.003838,83.64747,84.4935,85.80614
2022-01-17 12:07:22.509894,84.42104,84.85375,86.5526
2022-01-17 12:07:23.008952,83.69946,83.8745,86.5526
2022-01-17 12:07:23.504549,84.31831,84.64825,85.4527
2022-01-17 12:07:24.002434,84.05963,84.3895,85.4527
2022-01-17 12:07:24.509147,84.52377,85.0605,85.7675
2022-01-17 12:07:25.009825,84.05963,84.28675,85.7675
2022-01-17 12:07:25.504562,84.05963,84.64825,85.41406
2022-01-17 12:07:26.001603,84.36905,84.803,85.41406
2022-01-17 12:07:26.507520,84.21434,84.4415,86.90604
2022-01-17 12:07:27.006528,84.1636,84.54425,86.90604
2022-01-17 12:07:27.501424,84.21434,84.4415,86.67041
2022-01-17 12:07:28.008690,83.80219,84.4415,86.67041
2022-01-17 12:07:28.502840,84.47302,84.699,85.57051
2022-01-17 12:07:29.001237,84.21434,84.699,85.57051
2022-01-17 12:07:29.506310,84.31831,84.803,85.84572
2022-01-17 12:07:30.005048,84.00888,84.28675,85.84572
2022-01-17 12:07:30.510169,84.26632,84.54425,85.64968
2022-01-17 12:07:31.001386,84.1636,84.33875,85.64968
2022-01-17 12:07:31.509326,84.1636,84.803,85.4527
2022-01-17 12:07:32.007273,83.69946,83.97725,85.4527
2022-01-17 12:07:32.502561,84.42104,84.95775,85.53187
2022-01-17 12:07:33.001890,83.9569,84.4415,85.53187
2022-01-17 12:07:33.507632,84.26632,84.699,85.80614
2022-01-17 12:07:34.005812,83.90492,84.23475,85.80614
2022-01-17 12:07:34.501490,84.36905,84.4415,86.19916
2022-01-17 12:07:35.008822,84.11161,84.699,86.19916
2022-01-17 12:07:35.504753,84.36905,84.59625,85.92395
2022-01-17 12:07:36.004622,83.9569,84.3895,85.92395
2022-01-17 12:07:36.509550,84.31831,84.54425,85.80614
2022-01-17 12:07:37.009030,83.85417,84.54425,85.80614
2022-01-17 12:07:37.504445,84.11161,84.3895,86.00312
2022-01-17 12:07:38.002578,84.47302,84.54425,86.00312
2022-01-17 12:07:38.508157,83.9569,84.59625,85.64968
2022-01-17 12:07:39.006947,83.90492,84.33875,85.64968
2022-01-17 12:07:39.501074,83.9569,84.3895,85.53187
2022-01-17 12:07:40.009165,84.31831,84.64825,85.53187
2022-01-17 12:07:40.505787,83.80219,84.4415,85.7675
2022-01-17 12:07:41.002953,84.21434,84.3895,85.7675
2022-01-17 12:07:41.507157,84.42104,84.54425,86.19916
2022-01-17 12:07:42.006602,84.26632,84.699,86.19916
2022-01-17 12:07:42.501151,84.31831,84.699,86.15958
2022-01-17 12:07:43.008284,83.90492,84.54425,86.15958
2022-01-17 12:07:43.504331,83.90492,83.97725,86.19916
2022-01-17 12:07:44.001582,83.08061,83.461,86.19916
2022-01-17 12:07:44.506682,84.36905,84.699,169.4926
2022-01-17 12:07:45.007049,84.36905,84.33875,169.4926
2022-01-17 12:07:45.501649,83.49276,83.8225,237.39218
2022-01-17 12:07:46.003608,84.1636,84.23475,237.39218
2022-01-17 12:07:46.510820,84.42104,84.751,198.16062
2022-01-17 12:07:47.009210,84.21434,84.54425,198.16062
2022-01-17 12:07:47.502864,83.64747,84.08,130.22145
2022-01-17 12:07:48.001146,84.05963,84.3895,130.22145
2022-01-17 12:07:48.508207,83.7502,84.02925,90.98989
2022-01-17 12:07:49.005020,85.09187,85.422,90.98989
2022-01-17 12:07:49.510556,83.80219,83.97725,96.80229
2022-01-17 12:07:50.009939,84.05963,84.3895,96.80229
2022-01-17 12:07:50.504817,84.26632,84.28675,90.1652
2022-01-17 12:07:51.002824,84.67848,85.16325,90.1652
2022-01-17 12:07:51.508548,84.21434,84.54425,85.72791
2022-01-17 12:07:52.006021,83.7502,84.33875,85.72791
2022-01-17 12:07:52.510895,84.1636,84.54425,87.61291
2022-01-17 12:07:53.009890,84.26632,84.184,87.61291
2022-01-17 12:07:53.505593,84.73046,85.37,87.02385
2022-01-17 12:07:54.002795,83.7502,84.02925,87.02385
2022-01-17 12:07:54.509958,84.1636,84.59625,86.5526
2022-01-17 12:07:55.009189,84.1636,84.4935,86.5526
2022-01-17 12:07:55.504403,84.11161,84.699,86.71
2022-01-17 12:07:56.002525,84.1636,84.3895,86.71
2022-01-17 12:07:56.508777,84.31831,84.3895,85.84572
2022-01-17 12:07:57.006993,84.21434,84.751,85.84572
2022-01-17 12:07:57.501553,84.05963,84.3895,85.7675
2022-01-17 12:07:58.009765,84.42104,85.26725,85.7675
2022-01-17 12:07:58.504838,84.21434,84.4935,85.84572
2022-01-17 12:07:59.003822,83.69946,84.3895,85.84572
2022-01-17 12:07:59.507756,84.21434,84.699,86.43479
2022-01-17 12:08:00.006293,84.36905,84.4935,86.43479
2022-01-17 12:08:01.005791,84.11161,84.4415,86.08135
2022-01-17 12:08:01.502353,83.85417,84.4935,87.06343
2022-01-17 12:08:02.001847,84.31831,84.751,87.06343
2022-01-17 12:08:02.507377,83.90492,84.4415,85.37447
2022-01-17 12:08:03.007198,84.21434,84.699,85.37447
2022-01-17 12:08:03.502785,84.21434,84.59625,85.68833
2022-01-17 12:08:04.001750,84.05963,84.4935,85.68833
2022-01-17 12:08:04.506667,84.78245,84.85375,85.41406
2022-01-17 12:08:05.006344,83.90492,84.4935,85.41406
2022-01-17 12:08:05.502321,84.26632,84.64825,86.19916
2022-01-17 12:08:06.002420,84.11161,84.54425,86.19916
2022-01-17 12:08:06.508671,84.31831,84.64825,86.19916
2022-01-17 12:08:07.006529,84.05963,84.59625,86.19916
2022-01-17 12:08:07.505234,84.1636,84.59625,85.02104
2022-01-17 12:08:08.001872,84.11161,84.23475,85.02104
2022-01-17 12:08:08.507183,84.05963,84.64825,85.72791
2022-01-17 12:08:09.006823,84.26632,84.699,85.72791
2022-01-17 12:08:09.502634,83.90492,84.28675,85.80614
2022-01-17 12:08:10.001706,84.47302,84.90575,85.80614
2022-01-17 12:08:10.507300,83.9569,84.3895,85.25666
2022-01-17 12:08:11.006430,84.52377,84.90575,85.25666
2022-01-17 12:08:11.502168,84.11161,84.28675,85.96354
2022-01-17 12:08:12.001695,84.05963,84.64825,85.96354
2022-01-17 12:08:12.506898,84.00888,84.3895,86.04176
2022-01-17 12:08:13.004834,84.26632,84.64825,86.04176
2022-01-17 12:08:13.510031,84.42104,84.85375,85.6101
2022-01-17 12:08:14.008879,83.69946,84.4415,85.6101
2022-01-17 12:08:14.503433,84.52377,84.90575,85.37447
2022-01-17 12:08:15.001923,84.1636,84.184,85.37447
2022-01-17 12:08:15.507412,84.31831,84.803,86.3952
2022-01-17 12:08:16.006631,84.05963,84.699,86.3952
2022-01-17 12:08:16.505564,83.90492,84.28675,85.49229
2022-01-17 12:08:17.005533,84.42104,84.64825,85.49229
2022-01-17 12:08:17.501921,83.80219,84.28675,85.37447
2022-01-17 12:08:18.009708,84.47302,85.1125,85.37447
2022-01-17 12:08:18.505142,83.9569,84.184,85.49229
2022-01-17 12:08:19.003877,84.57575,84.85375,85.49229
2022-01-17 12:08:19.509725,84.05963,84.33875,85.80614
2022-01-17 12:08:20.008469,84.47302,84.95775,85.80614
2022-01-17 12:08:20.505367,84.00888,84.28675,86.86645
2022-01-17 12:08:21.003030,83.90492,84.54425,86.86645
2022-01-17 12:08:21.508703,84.26632,84.751,85.57051
2022-01-17 12:08:22.007043,84.05963,84.3895,85.57051
2022-01-17 12:08:22.502151,84.36905,84.64825,86.04176
2022-01-17 12:08:23.002057,84.05963,84.23475,86.04176
2022-01-17 12:08:23.508157,84.00888,84.64825,86.04176
2022-01-17 12:08:24.006485,84.31831,84.699,86.04176
2022-01-17 12:08:24.502924,83.9569,84.28675,85.7675
2022-01-17 12:08:25.001160,84.11161,84.64825,85.7675
2022-01-17 12:08:25.508591,83.85417,84.23475,85.53187
2022-01-17 12:08:26.005841,84.57575,84.95775,85.53187
2022-01-17 12:08:26.501539,84.31831,84.4935,85.4527
2022-01-17 12:08:27.011000,83.90492,84.3895,85.4527
2022-01-17 12:08:27.506706,84.21434,84.59625,85.84572
2022-01-17 12:08:28.005013,83.69946,84.3895,85.84572
2022-01-17 12:08:28.510643,84.36905,84.85375,85.92395
2022-01-17 12:08:29.010807,83.90492,84.64825,85.92395
2022-01-17 12:08:29.508179,84.42104,84.4935,86.86645
2022-01-17 12:08:30.007547,84.31831,84.4935,86.86645
2022-01-17 12:08:30.502674,84.11161,84.4415,85.68833
2022-01-17 12:08:31.010885,84.31831,84.64825,85.68833
2022-01-17 12:08:31.507001,84.11161,84.3895,86.04176
2022-01-17 12:08:32.004622,84.1636,84.751,86.04176
2022-01-17 12:08:32.509209,83.49276,84.23475,85.80614
2022-01-17 12:08:33.008063,84.62773,84.95775,85.80614
2022-01-17 12:08:33.503914,84.31831,84.28675,85.53187
2022-01-17 12:08:34.001729,84.31831,84.803,85.53187
2022-01-17 12:08:34.509425,84.42104,84.803,86.00312
2022-01-17 12:08:35.008090,83.9569,84.23475,86.00312
2022-01-17 12:08:35.501752,84.67848,85.0085,85.4527
2022-01-17 12:08:36.001275,83.13135,83.8745,85.4527
2022-01-17 12:08:36.506305,84.42104,84.85375,85.80614
2022-01-17 12:08:37.004990,84.05963,84.23475,85.80614
2022-01-17 12:08:37.510431,84.36905,84.699,85.64968
2022-01-17 12:08:38.009548,83.90492,84.28675,85.64968
2022-01-17 12:08:38.504791,84.26632,84.699,85.49229
2022-01-17 12:08:39.003787,84.05963,84.4415,85.49229
2022-01-17 12:08:39.510192,83.9569,84.33875,86.04176
2022-01-17 12:08:40.009651,84.62773,85.0605,86.04176
2022-01-17 12:08:40.507148,83.64747,83.7705,86.08135
2022-01-17 12:08:41.003683,84.31831,84.699,86.08135
2022-01-17 12:08:41.508783,84.26632,84.4935,85.84572
2022-01-17 12:08:42.006454,84.21434,84.59625,85.84572
2022-01-17 12:08:42.510973,84.00888,84.4935,85.92395
2022-01-17 12:08:43.010690,83.64747,84.132,85.92395
2022-01-17 12:08:43.506697,84.1636,84.3895,85.33489
2022-01-17 12:08:44.005492,84.36905,84.64825,85.33489
2022-01-17 12:08:44.510134,84.31831,84.803,85.49229
2022-01-17 12:08:45.008016,83.64747,83.92525,85.49229
2022-01-17 12:08:45.502338,84.26632,84.64825,86.5526
2022-01-17 12:08:46.010256,84.26632,84.59625,86.5526
2022-01-17 12:08:46.505466,84.42104,84.85375,86.08135
2022-01-17 12:08:47.002987,83.90492,84.3895,86.08135
2022-01-17 12:08:47.510045,83.54475,83.92525,85.92395
2022-01-17 12:08:48.009698,84.62773,84.90575,85.92395
2022-01-17 12:08:48.504283,84.31831,84.3895,87.21989
2022-01-17 12:08:49.001205,84.00888,84.64825,87.21989
2022-01-17 12:08:49.505063,84.05963,84.59625,85.37447
2022-01-17 12:08:50.003463,83.90492,84.28675,85.37447
2022-01-17 12:08:50.508557,84.42104,84.803,85.96354
2022-01-17 12:08:51.006670,84.1636,84.699,85.96354
2022-01-17 12:08:51.507383,83.9569,84.23475,86.31697
2022-01-17 12:08:52.006678,84.52377,84.59625,86.31697
2022-01-17 12:08:52.502743,83.9569,84.23475,85.21708
2022-01-17 12:08:53.010580,84.05963,84.59625,85.21708
2022-01-17 12:08:53.505079,84.1636,84.751,85.33489
2022-01-17 12:08:54.001717,84.36905,84.751,85.33489
2022-01-17 12:08:54.506694,83.59549,84.02925,85.57051
2022-01-17 12:08:55.008489,84.67848,85.21525,85.57051
2022-01-17 12:08:55.503645,84.21434,84.4935,85.41406
2022-01-17 12:08:56.002759,84.31831,84.3895,85.41406
2022-01-17 12:08:56.508763,84.26632,84.803,86.59218
2022-01-17 12:08:57.005707,83.80219,84.4415,86.59218
2022-01-17 12:08:57.501275,84.47302,84.90575,85.72791
2022-01-17 12:08:58.010749,83.64747,84.184,85.72791
2022-01-17 12:08:58.505170,84.26632,84.64825,85.68833
2022-01-17 12:08:59.004658,84.36905,84.54425,85.68833
2022-01-17 12:08:59.509520,84.31831,84.59625,85.53187
2022-01-17 12:09:00.007128,84.57575,84.803,85.53187
2022-01-17 12:09:00.506397,83.90492,84.33875,86.59218
2022-01-17 12:09:01.005111,84.31831,84.751,86.59218
2022-01-17 12:09:01.510643,83.90492,84.23475,85.7675
2022-01-17 12:09:02.009011,84.47302,85.0605,85.7675
2022-01-17 12:09:02.503417,83.59549,84.08,85.80614
2022-01-17 12:09:03.010901,84.42104,84.64825,85.80614
2022-01-17 12:09:03.505855,84.05963,84.08,85.17843
2022-01-17 12:09:04.005454,84.36905,84.95775,85.17843
2022-01-17 12:09:04.510655,84.67848,85.1125,85.84572
2022-01-17 12:09:05.010806,83.64747,84.184,85.84572
2022-01-17 12:09:05.505810,84.11161,84.4935,86.51301
2022-01-17 12:09:06.005407,83.85417,84.33875,86.51301
2022-01-17 12:09:06.510356,84.62773,84.90575,84.78541
2022-01-17 12:09:07.009297,84.05963,84.3895,84.78541
2022-01-17 12:09:07.505047,84.05963,84.3895,86.47437
2022-01-17 12:09:08.003101,84.11161,84.4935,86.47437
2022-01-17 12:09:08.508571,84.57575,85.0605,86.35656
2022-01-17 12:09:09.006608,84.00888,84.4935,86.35656
2022-01-17 12:09:09.503922,83.64747,84.33875,85.49229
2022-01-17 12:09:10.504927,84.42104,84.4415,85.68833
2022-01-17 12:09:11.002344,84.57575,84.90575,85.68833
2022-01-17 12:09:11.502158,84.00888,84.4935,86.27739
2022-01-17 12:09:12.010305,83.9569,84.4415,86.27739
2022-01-17 12:09:12.505227,84.42104,84.54425,85.33489
2022-01-17 12:09:13.003196,83.7502,84.4935,85.33489
2022-01-17 12:09:13.507400,84.11161,84.33875,86.86645
2022-01-17 12:09:14.005322,84.36905,84.699,86.86645
2022-01-17 12:09:14.502285,84.05963,84.28675,86.00312
2022-01-17 12:09:15.010962,84.42104,84.85375,86.00312
2022-01-17 12:09:15.506173,84.31831,84.803,85.49229
2022-01-17 12:09:16.005933,83.9569,84.3895,85.49229
2022-01-17 12:09:16.511486,84.00888,84.4935,86.35656
2022-01-17 12:09:17.007693,84.00888,84.33875,86.35656
2022-01-17 12:09:17.502769,84.31831,84.59625,85.72791
2022-01-17 12:09:18.001260,84.11161,84.3895,85.72791
2022-01-17 12:09:18.508720,84.1636,84.54425,85.84572
2022-01-17 12:09:19.005915,83.69946,84.132,85.84572
2022-01-17 12:09:19.510922,84.78245,85.0605,85.68833
2022-01-17 12:09:20.009145,83.80219,84.23475,85.68833
2022-01-17 12:09:20.504804,84.47302,84.803,85.4527
2022-01-17 12:09:21.004004,83.85417,84.28675,85.4527
2022-01-17 12:09:21.509878,84.36905,84.54425,85.6101
2022-01-17 12:09:22.007243,84.42104,84.90575,85.6101
2022-01-17 12:09:22.502171,83.49276,83.8225,85.53187
2022-01-17 12:09:23.001159,84.47302,84.85375,85.53187
2022-01-17 12:09:23.508435,83.9569,84.3895,85.68833
2022-01-17 12:09:24.007133,84.1636,84.54425,85.68833
2022-01-17 12:09:24.501985,84.21434,84.699,85.6101
2022-01-17 12:09:25.003094,84.26632,84.54425,85.6101
2022-01-17 12:09:25.508491,84.31831,84.54425,86.67041
2022-01-17 12:09:26.006932,84.05963,84.4415,86.67041
2022-01-17 12:09:26.502490,84.47302,84.751,85.37447
2022-01-17 12:09:27.010705,83.54475,84.02925,85.37447
2022-01-17 12:09:27.507357,84.73046,85.1125,86.63083
2022-01-17 12:09:28.006663,83.33805,83.92525,86.63083
2022-01-17 12:09:28.502479,84.67848,84.803,86.35656
2022-01-17 12:09:29.001750,84.36905,84.64825,86.35656
2022-01-17 12:09:29.507783,83.9569,84.33875,85.84572
2022-01-17 12:09:30.005288,84.11161,84.4415,85.84572
2022-01-17 12:09:30.501839,83.9569,84.3895,85.92395
2022-01-17 12:09:31.009949,84.42104,84.90575,85.92395
2022-01-17 12:09:31.505765,83.7502,84.3895,85.4527
2022-01-17 12:09:32.003301,84.11161,84.4415,85.4527
2022-01-17 12:09:32.501671,84.26632,84.4935,85.68833
2022-01-17 12:09:33.001784,84.47302,84.751,85.68833
2022-01-17 12:09:33.508166,84.00888,84.4935,85.49229
2022-01-17 12:09:34.005741,83.80219,84.28675,85.49229
2022-01-17 12:09:34.511050,84.42104,84.751,85.29625
2022-01-17 12:09:35.009172,83.54475,84.184,85.29625
2022-01-17 12:09:35.503420,84.36905,84.803,86.90604
2022-01-17 12:09:36.505222,83.90492,84.132,86.5526
2022-01-17 12:09:37.004215,84.52377,84.803,86.5526
2022-01-17 12:09:37.510338,84.11161,84.4935,86.12093
2022-01-17 12:09:38.008670,84.00888,84.28675,86.12093
2022-01-17 12:09:38.504338,83.90492,84.4935,86.08135
2022-01-17 12:09:39.002456,83.7502,84.132,86.08135
2022-01-17 12:09:39.508212,84.21434,84.64825,85.6101
2022-01-17 12:09:40.006306,84.57575,84.803,85.6101
2022-01-17 12:09:40.501898,84.00888,84.33875,85.29625
2022-01-17 12:09:41.001624,84.00888,84.3895,85.29625
2022-01-17 12:09:41.509482,84.73046,85.0085,85.68833
2022-01-17 12:09:42.008783,83.90492,84.28675,85.68833
2022-01-17 12:09:42.504356,84.21434,84.4935,85.7675
2022-01-17 12:09:43.002206,83.59549,84.3895,85.7675
2022-01-17 12:09:43.508548,84.26632,84.4415,85.7675
2022-01-17 12:09:44.010651,84.67848,84.90575,85.7675
2022-01-17 12:09:44.506255,83.69946,84.184,86.51301
2022-01-17 12:09:45.004247,84.57575,84.85375,86.51301
2022-01-17 12:09:45.511111,83.90492,84.33875,85.57051
2022-01-17 12:09:46.010344,84.62773,85.0085,85.57051
2022-01-17 12:09:46.505916,83.64747,84.184,85.64968
2022-01-17 12:09:47.003201,84.1636,84.4935,85.64968
2022-01-17 12:09:47.509375,84.31831,84.59625,85.53187
2022-01-17 12:09:48.006523,84.31831,84.699,85.53187
2022-01-17 12:09:48.502051,84.05963,84.4935,85.49229
2022-01-17 12:09:49.010058,83.80219,84.33875,85.49229
2022-01-17 12:09:49.505012,84.67848,84.85375,85.25666
2022-01-17 12:09:50.002903,83.59549,84.4935,85.25666
2022-01-17 12:09:50.509676,84.57575,84.751,85.25666
2022-01-17 12:09:51.008908,84.21434,84.4935,85.25666
2022-01-17 12:09:51.504884,83.9569,84.28675,86.08135
2022-01-17 12:09:52.004092,84.42104,84.803,86.08135
2022-01-17 12:09:52.508099,83.90492,84.4935,85.33489
2022-01-17 12:09:53.006419,84.26632,84.64825,85.33489
2022-01-17 12:09:53.501311,83.80219,84.3895,86.00312
2022-01-17 12:09:54.010054,84.21434,84.699,86.00312
2022-01-17 12:09:54.506426,84.11161,84.4415,85.64968
2022-01-17 12:09:55.005875,84.47302,84.803,85.64968
2022-01-17 12:09:55.510990,84.11161,84.3895,86.04176
2022-01-17 12:09:56.007097,84.05963,84.54425,86.04176
2022-01-17 12:09:56.503634,83.9569,84.23475,85.7675
2022-01-17 12:09:57.002124,84.21434,84.803,85.7675
2022-01-17 12:09:57.507331,84.26632,84.54425,86.04176
2022-01-17 12:09:58.004121,83.9569,84.699,86.04176
2022-01-17 12:09:58.510770,84.31831,84.54425,85.29625
2022-01-17 12:09:59.010656,84.11161,84.28675,85.29625
2022-01-17 12:09:59.505338,84.26632,84.803,85.7675
2022-01-17 12:10:00.004311,84.11161,84.23475,85.7675
2022-01-17 12:10:00.503586,83.85417,84.3895,85.72791
2022-01-17 12:10:01.002215,84.21434,84.4415,85.72791
2022-01-17 12:10:01.507709,84.05963,84.803,85.37447
2022-01-17 12:10:02.005918,84.62773,84.751,85.37447
2022-01-17 12:10:02.501859,84.21434,84.4935,85.53187
2022-01-17 12:10:03.009469,84.05963,84.3895,85.53187
2022-01-17 12:10:03.502464,84.1636,84.54425,86.90604
2022-01-17 12:10:04.010336,84.05963,84.751,86.90604
2022-01-17 12:10:04.505085,84.21434,84.59625,86.12093
2022-01-17 12:10:05.008230,83.59549,84.4935,86.12093
2022-01-17 12:10:05.506276,84.42104,84.59625,86.08135
2022-01-17 12:10:06.004940,84.36905,84.3895,86.08135
2022-01-17 12:10:06.509967,84.00888,84.132,86.71
2022-01-17 12:10:07.009166,83.85417,84.02925,86.71
2022-01-17 12:10:07.503587,83.7502,84.08,234.6825
2022-01-17 12:10:08.002460,84.36905,84.54425,234.6825
2022-01-17 12:10:08.507330,84.1636,85.0085,215.71468
2022-01-17 12:10:09.005599,83.59549,83.92525,215.71468
2022-01-17 12:10:09.502616,84.05963,84.132,151.86031
2022-01-17 12:10:10.010551,84.11161,84.33875,151.86031
2022-01-17 12:10:10.505997,84.57575,84.95775,101.55437
2022-01-17 12:10:11.006195,83.9569,84.28675,101.55437
2022-01-17 12:10:11.503252,83.59549,83.8745,93.62135
2022-01-17 12:10:12.010819,83.85417,84.3895,93.62135
2022-01-17 12:10:12.506437,84.57575,84.803,89.69395
2022-01-17 12:10:13.005857,84.21434,84.59625,89.69395
2022-01-17 12:10:13.501243,84.1636,84.3895,87.84854
2022-01-17 12:10:14.001120,84.36905,84.64825,87.84854
2022-01-17 12:10:14.506257,84.00888,84.699,86.51301
2022-01-17 12:10:15.008325,84.73046,85.16325,86.51301
2022-01-17 12:10:15.502633,83.80219,84.4935,86.47437
2022-01-17 12:10:16.001352,84.05963,84.4415,86.47437
2022-01-17 12:10:16.506795,83.85417,84.28675,86.63083
2022-01-17 12:10:17.004265,84.42104,84.803,86.63083
2022-01-17 12:10:17.509193,84.31831,84.4935,86.00312
2022-01-17 12:10:18.009277,83.85417,84.3895,86.00312
2022-01-17 12:10:18.505528,84.05963,84.184,86.90604
2022-01-17 12:10:19.002827,84.62773,85.26725,86.90604
2022-01-17 12:10:19.508900,83.9569,84.3895,86.08135
2022-01-17 12:10:20.007594,84.00888,84.64825,86.08135
2022-01-17 12:10:20.502557,84.42104,84.4935,85.7675
2022-01-17 12:10:21.001159,84.1636,84.4415,85.7675
2022-01-17 12:10:21.505212,84.36905,84.95775,85.88531
2022-01-17 12:10:22.003059,84.00888,84.33875,85.88531
2022-01-17 12:10:22.507412,83.90492,84.54425,85.68833
2022-01-17 12:10:23.006465,84.31831,84.699,85.68833
2022-01-17 12:10:23.504200,83.80219,84.4935,86.74864
2022-01-17 12:10:24.001610,84.11161,84.28675,86.74864
2022-01-17 12:10:24.507843,84.36905,84.64825,85.13885
2022-01-17 12:10:25.005634,84.26632,84.85375,85.13885
2022-01-17 12:10:25.510856,84.21434,84.4935,86.00312
2022-01-17 12:10:26.008794,84.21434,84.803,86.00312
2022-01-17 12:10:26.503845,84.31831,84.751,86.23875
2022-01-17 12:10:27.002802,83.90492,84.751,86.23875
2022-01-17 12:10:27.507893,83.80219,84.02925,85.06062
2022-01-17 12:10:28.007485,84.26632,84.699,85.06062
2022-01-17 12:10:28.501376,84.31831,84.64825,85.88531
2022-01-17 12:10:29.004172,84.36905,84.751,85.88531
2022-01-17 12:10:29.510454,83.80219,84.3895,85.88531
2022-01-17 12:10:30.009243,84.21434,84.33875,85.88531
2022-01-17 12:10:30.503374,84.31831,85.16325,86.35656
2022-01-17 12:10:31.001223,84.36905,84.54425,86.35656
2022-01-17 12:10:31.506069,84.21434,84.4935,86.00312
2022-01-17 12:10:32.004958,83.9569,84.4415,86.00312
2022-01-17 12:10:32.510782,84.47302,84.59625,85.41406
2022-01-17 12:10:33.008918,84.31831,84.751,85.41406
2022-01-17 12:10:33.503462,84.11161,84.33875,85.33489
2022-01-17 12:10:34.001509,83.9569,84.4935,85.33489
2022-01-17 12:10:34.508178,84.26632,84.3895,85.64968
2022-01-17 12:10:35.005839,84.21434,84.699,85.64968
2022-01-17 12:10:35.501854,84.67848,84.85375,85.64968
2022-01-17 12:10:36.010372,84.21434,84.33875,85.64968
2022-01-17 12:10:36.508626,83.85417,84.3895,86.43479
2022-01-17 12:10:37.007442,84.31831,84.59625,86.43479
2022-01-17 12:10:37.501153,83.9569,84.54425,85.88531
2022-01-17 12:10:38.009093,84.11161,84.4935,85.88531
2022-01-17 12:10:38.505158,83.59549,84.184,85.64968
2022-01-17 12:10:39.003751,84.42104,84.85375,85.64968
2022-01-17 12:10:39.509489,84.62773,84.751,85.4527
2022-01-17 12:10:40.008035,83.69946,84.3895,85.4527
2022-01-17 12:10:40.503928,84.31831,84.59625,85.53187
2022-01-17 12:10:41.006230,83.7502,84.4415,85.53187
2022-01-17 12:10:41.501174,84.62773,85.0085,85.6101
2022-01-17 12:10:42.008352,83.69946,84.4415,85.6101
2022-01-17 12:10:42.503895,83.9569,84.23475,85.7675
2022-01-17 12:10:43.002458,84.67848,84.751,85.7675
2022-01-17 12:10:43.507357,84.31831,84.59625,85.68833
2022-01-17 12:10:44.005623,84.05963,84.4935,85.68833
2022-01-17 12:10:44.511222,84.05963,84.751,85.7675
2022-01-17 12:10:45.008168,84.11161,84.33875,85.7675
2022-01-17 12:10:45.504856,84.05963,84.85375,85.84572
2022-01-17 12:10:46.002443,84.05963,84.4935,85.84572
2022-01-17 12:10:46.507902,84.1636,84.08,85.49229
2022-01-17 12:10:47.005836,84.47302,84.85375,85.49229
2022-01-17 12:10:47.502124,84.1636,84.33875,85.64968
2022-01-17 12:10:48.009880,84.05963,84.64825,85.64968
2022-01-17 12:10:48.505316,84.36905,84.54425,85.80614
2022-01-17 12:10:49.003683,83.90492,84.64825,85.80614
2022-01-17 12:10:49.509157,84.1636,84.64825,86.04176
2022-01-17 12:10:50.009605,84.1636,84.3895,86.04176
2022-01-17 12:10:50.503559,84.31831,84.4935,85.53187
2022-01-17 12:10:51.001335,84.31831,84.59625,85.53187
2022-01-17 12:10:51.506067,84.26632,84.85375,85.53187
2022-01-17 12:10:52.003246,83.90492,84.33875,85.53187
2022-01-17 12:10:52.508406,84.1636,84.699,85.37447
2022-01-17 12:10:53.006332,84.36905,84.54425,85.37447
2022-01-17 12:10:53.503402,84.00888,84.54425,85.64968
2022-01-17 12:10:54.002206,84.1636,84.4935,85.64968
2022-01-17 12:10:54.510362,84.42104,84.54425,85.57051
2022-01-17 12:10:55.008273,84.05963,84.699,85.57051
2022-01-17 12:10:55.502745,84.11161,84.59625,85.53187
2022-01-17 12:10:56.001358,84.00888,84.3895,85.53187
2022-01-17 12:10:56.507794,84.11161,84.4935,86.27739
2022-01-17 12:10:57.010536,83.9569,84.64825,86.27739
2022-01-17 12:10:57.505547,84.21434,84.4415,85.57051
2022-01-17 12:10:58.006982,84.21434,84.4935,85.57051
2022-01-17 12:10:58.502249,84.1636,84.59625,86.27739
2022-01-17 12:10:59.010449,84.05963,84.59625,86.27739
2022-01-17 12:10:59.506218,84.11161,84.4415,86.08135
2022-01-17 12:11:00.004584,84.36905,84.699,86.08135
2022-01-17 12:11:00.511154,83.69946,84.23475,85.64968
2022-01-17 12:11:01.010691,84.36905,84.751,85.64968
2022-01-17 12:11:01.504982,84.42104,84.33875,85.6101
2022-01-17 12:11:02.002238,84.26632,84.699,85.6101
2022-01-17 12:11:02.510129,84.21434,84.4415,85.53187
2022-01-17 12:11:03.009842,83.7502,84.28675,85.53187
2022-01-17 12:11:03.505199,84.73046,85.0085,85.37447
2022-01-17 12:11:04.003479,83.90492,84.4935,85.37447
2022-01-17 12:11:04.509206,84.05963,84.4415,85.7675
2022-01-17 12:11:05.006888,84.26632,84.28675,85.7675
2022-01-17 12:11:05.508655,84.26632,84.95775,86.23875
2022-01-17 12:11:06.006964,84.42104,84.803,86.23875
2022-01-17 12:11:06.501540,83.80219,84.28675,85.49229
2022-01-17 12:11:07.001006,84.00888,84.28675,85.49229
2022-01-17 12:11:07.507383,84.00888,84.59625,85.49229
2022-01-17 12:11:08.005618,84.52377,84.95775,85.49229
2022-01-17 12:11:08.501802,83.80219,83.97725,85.68833
2022-01-17 12:11:09.010910,84.05963,84.59625,85.68833
2022-01-17 12:11:09.506042,84.21434,84.3895,85.80614
2022-01-17 12:11:10.004181,84.26632,85.0085,85.80614
2022-01-17 12:11:10.509365,84.21434,84.3895,85.41406
2022-01-17 12:11:11.008547,83.9569,84.4415,85.41406
2022-01-17 12:11:11.505176,84.42104,84.699,85.4527
2022-01-17 12:11:12.004061,83.85417,84.28675,85.4527
2022-01-17 12:11:12.510307,84.57575,85.1125,85.84572
2022-01-17 12:11:13.008585,83.85417,84.02925,85.84572
2022-01-17 12:11:13.504576,84.21434,84.59625,85.88531
2022-01-17 12:11:14.003467,83.80219,84.02925,85.88531
2022-01-17 12:11:14.508255,84.31831,84.803,85.84572
2022-01-17 12:11:15.006659,84.21434,84.54425,85.84572
2022-01-17 12:11:15.503628,83.90492,84.4415,86.47437
2022-01-17 12:11:16.001005,84.26632,84.54425,86.47437
2022-01-17 12:11:16.508499,84.57575,84.64825,85.68833
2022-01-17 12:11:17.007212,84.21434,84.90575,85.68833
2022-01-17 12:11:17.502240,84.00888,84.08,86.5526
2022-01-17 12:11:18.010687,83.80219,84.23475,86.5526
2022-01-17 12:11:18.505953,84.42104,84.751,85.96354
2022-01-17 12:11:19.006345,83.85417,84.4415,85.96354
2022-01-17 12:11:19.501226,84.47302,84.803,85.72791
2022-01-17 12:11:20.009056,84.05963,84.08,85.72791
2022-01-17 12:11:20.507268,84.52377,84.85375,85.02104
2022-01-17 12:11:21.004593,84.26632,84.54425,85.02104
2022-01-17 12:11:21.509778,84.05963,84.59625,86.12093
2022-01-17 12:11:22.008546,84.26632,84.699,86.12093
2022-01-17 12:11:22.503555,83.80219,84.4415,85.53187
2022-01-17 12:11:23.001596,84.21434,84.59625,85.53187
2022-01-17 12:11:23.507231,84.47302,84.64825,85.09926
2022-01-17 12:11:24.005979,84.26632,84.64825,85.09926
2022-01-17 12:11:24.501087,84.31831,84.4935,85.64968
2022-01-17 12:11:25.008266,83.7502,84.28675,85.64968
2022-01-17 12:11:25.506335,84.21434,84.699,85.84572
2022-01-17 12:11:26.004169,83.69946,84.33875,85.84572
2022-01-17 12:11:26.510200,84.57575,84.95775,85.92395
2022-01-17 12:11:27.008536,83.80219,83.92525,85.92395
2022-01-17 12:11:27.504761,84.31831,84.751,85.6101
2022-01-17 12:11:28.003132,84.57575,84.751,85.6101
2022-01-17 12:11:28.508034,84.11161,84.4415,85.6101
2022-01-17 12:11:29.008091,84.1636,84.3895,85.6101
2022-01-17 12:11:29.504646,83.69946,84.184,85.96354
2022-01-17 12:11:30.004210,84.31831,84.699,85.96354
2022-01-17 12:11:30.510465,84.00888,84.59625,85.57051
2022-01-17 12:11:31.009127,84.52377,84.803,85.57051
2022-01-17 12:11:31.504755,84.05963,83.8745,85.4527
2022-01-17 12:11:32.002011,84.26632,84.85375,85.4527
2022-01-17 12:11:32.507524,84.42104,84.64825,85.7675
2022-01-17 12:11:33.005187,84.31831,84.699,85.7675
2022-01-17 12:11:33.509233,84.00888,84.33875,86.27739
2022-01-17 12:11:34.007085,83.54475,84.184,86.27739
2022-01-17 12:11:34.503147,84.47302,85.0085,85.25666
2022-01-17 12:11:35.010777,84.21434,84.4415,85.25666
2022-01-17 12:11:35.507010,84.26632,84.85375,86.67041
2022-01-17 12:11:36.006333,84.00888,84.28675,86.67041
2022-01-17 12:11:36.501600,84.11161,84.54425,86.08135
2022-01-17 12:11:37.009748,84.83319,85.0605,86.08135
2022-01-17 12:11:37.504095,83.59549,84.28675,85.84572
2022-01-17 12:11:38.001888,84.11161,84.59625,85.84572
2022-01-17 12:11:38.506126,83.9569,84.23475,85.33489
2022-01-17 12:11:39.004732,84.73046,85.16325,85.33489
2022-01-17 12:11:39.509992,83.7502,84.132,85.92395
2022-01-17 12:11:40.009508,84.26632,84.751,85.92395
2022-01-17 12:11:40.506931,83.90492,84.08,85.6101
2022-01-17 12:11:41.004690,84.26632,84.803,85.6101
2022-01-17 12:11:41.509403,84.11161,84.64825,85.92395
2022-01-17 12:11:42.505083,84.21434,84.4935,85.92395
2022-01-17 12:11:43.002496,84.21434,84.64825,85.92395
2022-01-17 12:11:43.508561,84.26632,84.59625,85.68833
2022-01-17 12:11:44.006978,84.1636,84.3895,85.68833
2022-01-17 12:11:44.501125,83.85417,84.184,85.57051
2022-01-17 12:11:45.006670,84.1636,84.64825,85.57051
2022-01-17 12:11:45.501405,84.11161,84.59625,85.41406
2022-01-17 12:11:46.010792,84.26632,84.4935,85.41406
2022-01-17 12:11:46.504325,84.42104,84.54425,85.4527
2022-01-17 12:11:47.002899,84.00888,84.59625,85.4527
2022-01-17 12:11:47.508775,84.11161,84.54425,85.6101
2022-01-17 12:11:48.008315,84.1636,84.33875,85.6101
2022-01-17 12:11:48.506211,84.26632,84.699,85.17843
2022-01-17 12:11:49.004415,84.05963,84.54425,85.17843
2022-01-17 12:11:49.510901,84.1636,84.4415,86.31697
2022-01-17 12:11:50.006660,84.26632,84.54425,86.31697
2022-01-17 12:11:50.502352,84.1636,84.699,85.7675
2022-01-17 12:11:51.010882,84.26632,84.699,85.7675
2022-01-17 12:11:51.505826,83.85417,84.23475,85.6101
2022-01-17 12:11:52.003746,84.1636,84.751,85.6101
2022-01-17 12:11:52.501141,84.05963,84.3895,85.37447
2022-01-17 12:11:53.009797,84.52377,84.90575,85.37447
2022-01-17 12:11:53.505120,84.47302,84.59625,86.98426
2022-01-17 12:11:54.004250,83.69946,84.184,86.98426
2022-01-17 12:11:54.508603,84.36905,84.85375,86.15958
2022-01-17 12:11:55.006831,83.85417,84.23475,86.15958
2022-01-17 12:11:55.502121,84.26632,84.64825,86.43479
2022-01-17 12:11:56.002981,83.33805,84.02925,86.43479
2022-01-17 12:11:56.509136,84.42104,84.751,86.12093
2022-01-17 12:11:57.008606,84.31831,84.23475,86.12093
2022-01-17 12:11:57.505215,84.62773,84.90575,85.7675
2022-01-17 12:11:58.005666,83.90492,84.08,85.7675
2022-01-17 12:11:58.510821,83.90492,84.3895,86.12093
2022-01-17 12:11:59.008620,84.47302,84.85375,86.12093
2022-01-17 12:11:59.503008,83.64747,84.28675,86.12093
2022-01-17 12:12:00.503690,84.1636,84.28675,85.17843
2022-01-17 12:12:01.001816,84.21434,84.59625,85.17843
2022-01-17 12:12:01.507156,84.67848,84.90575,85.80614
2022-01-17 12:12:02.005272,84.05963,84.54425,85.80614
2022-01-17 12:12:02.507980,84.05963,84.4415,85.13885
2022-01-17 12:12:03.006438,83.80219,84.3895,85.13885
2022-01-17 12:12:03.502997,84.26632,84.803,85.37447
2022-01-17 12:12:04.011165,83.9569,84.184,85.37447
2022-01-17 12:12:04.506578,84.21434,84.4935,86.31697
2022-01-17 12:12:05.005514,84.21434,84.3895,86.31697
2022-01-17 12:12:05.503310,84.31831,84.699,85.64968
2022-01-17 12:12:06.001312,84.11161,84.54425,85.64968
2022-01-17 12:12:06.507440,83.85417,84.28675,85.72791
2022-01-17 12:12:07.007406,84.26632,84.59625,85.72791
2022-01-17 12:12:07.503738,84.1636,84.59625,85.68833
2022-01-17 12:12:08.002073,84.26632,84.4415,85.68833
2022-01-17 12:12:08.508462,84.62773,84.699,85.72791
2022-01-17 12:12:09.005036,83.80219,84.02925,85.72791
2022-01-17 12:12:09.510327,84.47302,85.0605,85.88531
2022-01-17 12:12:10.006665,84.1636,84.54425,85.88531
2022-01-17 12:12:10.501222,83.7502,84.184,85.96354
2022-01-17 12:12:11.010601,84.26632,84.751,85.96354
2022-01-17 12:12:11.509838,83.9569,84.3895,85.06062
2022-01-17 12:12:12.009966,84.52377,84.699,85.06062
2022-01-17 12:12:12.504396,83.90492,84.28675,86.27739
2022-01-17 12:12:13.002295,84.11161,84.4935,86.27739
2022-01-17 12:12:13.508884,83.85417,84.3895,86.51301
2022-01-17 12:12:14.006928,84.73046,85.1125,86.51301
2022-01-17 12:12:14.501181,83.54475,84.08,85.57051
2022-01-17 12:12:15.009229,84.05963,84.4415,85.57051
2022-01-17 12:12:15.503500,84.42104,84.699,85.53187
2022-01-17 12:12:16.002360,83.9569,84.28675,85.53187
2022-01-17 12:12:16.509559,84.42104,84.95775,85.17843
2022-01-17 12:12:17.007222,83.90492,84.4935,85.17843
2022-01-17 12:12:17.502100,84.57575,84.90575,85.49229
2022-01-17 12:12:18.001061,83.80219,84.132,85.49229
2022-01-17 12:12:18.505719,84.26632,84.54425,85.4527
2022-01-17 12:12:19.004080,84.21434,84.33875,85.4527
2022-01-17 12:12:19.509003,84.31831,84.4935,85.02104
2022-01-17 12:12:20.006096,84.21434,84.54425,85.02104
2022-01-17 12:12:20.505273,83.69946,84.23475,86.12093
2022-01-17 12:12:21.004040,84.73046,85.21525,86.12093
2022-01-17 12:12:21.508378,83.33805,83.7705,86.51301
2022-01-17 12:12:22.006054,85.09187,85.37,86.51301
2022-01-17 12:12:22.502323,83.59549,83.8745,85.57051
2022-01-17 12:12:23.002999,84.11161,84.3895,85.57051
2022-01-17 12:12:23.508637,84.42104,84.54425,85.80614
2022-01-17 12:12:24.007353,83.64747,84.184,85.80614
2022-01-17 12:12:24.502594,84.52377,84.95775,85.96354
2022-01-17 12:12:25.001682,83.64747,84.132,85.96354
2022-01-17 12:12:25.509325,84.47302,84.85375,85.92395
2022-01-17 12:12:26.008693,83.90492,84.4415,85.92395
2022-01-17 12:12:26.503469,84.73046,84.803,85.53187
2022-01-17 12:12:27.006749,84.00888,84.23475,85.53187
2022-01-17 12:12:27.501514,83.9569,84.54425,85.64968
2022-01-17 12:12:28.010103,84.52377,85.1125,85.64968
2022-01-17 12:12:28.506211,83.28607,83.513,86.23875
2022-01-17 12:12:29.005605,83.80219,84.08,86.23875
2022-01-17 12:12:29.502906,84.05963,84.59625,237.58822
2022-01-17 12:12:30.006644,84.73046,84.90575,237.58822
2022-01-17 12:12:30.502986,83.9569,84.08,222.90125
2022-01-17 12:12:31.002267,84.05963,84.184,222.90125
2022-01-17 12:12:31.507435,84.00888,84.4415,176.63958
2022-01-17 12:12:32.004658,84.31831,84.699,176.63958
2022-01-17 12:12:32.510349,84.05963,84.23475,117.18385
2022-01-17 12:12:33.009396,83.28607,83.7705,117.18385
2022-01-17 12:12:33.505162,84.26632,84.4415,90.83343
2022-01-17 12:12:34.003284,84.52377,84.59625,90.83343
2022-01-17 12:12:34.510023,84.52377,84.803,93.38572
2022-01-17 12:12:35.010094,83.54475,83.8745,93.38572
2022-01-17 12:12:35.504883,84.21434,84.54425,87.3377
2022-01-17 12:12:36.002577,84.42104,84.751,87.3377
2022-01-17 12:12:36.507452,83.9569,84.54425,86.08135
2022-01-17 12:12:37.005312,84.31831,84.803,86.08135
2022-01-17 12:12:37.509991,83.85417,84.08,86.59218
2022-01-17 12:12:38.005814,84.26632,84.4935,86.59218
2022-01-17 12:12:38.501250,84.62773,85.16325,86.35656
2022-01-17 12:12:39.009477,83.9569,84.4415,86.35656
2022-01-17 12:12:39.505141,84.31831,84.751,87.02385
2022-01-17 12:12:40.003155,83.54475,84.08,87.02385
2022-01-17 12:12:40.507919,84.11161,84.64825,86.47437
2022-01-17 12:12:41.005391,83.9569,84.4935,86.47437
2022-01-17 12:12:41.502096,84.26632,84.3895,86.94562
2022-01-17 12:12:42.001115,84.36905,84.699,86.94562
2022-01-17 12:12:42.506059,84.00888,84.54425,85.49229
2022-01-17 12:12:43.007417,84.67848,85.1125,85.49229
2022-01-17 12:12:43.504010,83.59549,84.02925,85.84572
2022-01-17 12:12:44.005264,84.52377,84.803,85.84572
2022-01-17 12:12:44.509534,83.44078,84.02925,85.6101
2022-01-17 12:12:45.007898,84.47302,84.699,85.6101
2022-01-17 12:12:45.506103,84.31831,84.699,85.6101
2022-01-17 12:12:46.006857,84.11161,84.4935,85.6101
2022-01-17 12:12:46.503896,84.78245,85.0085,86.5526
2022-01-17 12:12:47.001895,83.7502,84.23475,86.5526
2022-01-17 12:12:47.509881,84.26632,84.90575,85.37447
2022-01-17 12:12:48.008327,83.90492,84.59625,85.37447
2022-01-17 12:12:48.504573,84.52377,84.64825,86.78822
2022-01-17 12:12:49.002513,84.00888,84.132,86.78822
2022-01-17 12:12:49.509006,84.21434,84.59625,86.00312
2022-01-17 12:12:50.007842,84.1636,84.85375,86.00312
2022-01-17 12:12:50.503458,84.31831,84.751,85.41406
2022-01-17 12:12:51.001326,84.52377,84.64825,85.41406
2022-01-17 12:12:51.507627,83.59549,84.28675,85.7675
2022-01-17 12:12:52.007024,84.67848,84.90575,85.7675
2022-01-17 12:12:52.502666,84.1636,84.4415,86.00312
2022-01-17 12:12:53.001553,84.21434,84.4935,86.00312
2022-01-17 12:12:53.502931,84.11161,84.4415,85.37447
2022-01-17 12:12:54.011231,84.00888,84.64825,85.37447
2022-01-17 12:12:54.501884,84.52377,85.0085,85.57051
2022-01-17 12:12:55.009961,83.64747,84.23475,85.57051
2022-01-17 12:12:55.503990,84.52377,84.85375,86.23875
2022-01-17 12:12:56.001971,83.85417,84.28675,86.23875
2022-01-17 12:12:56.507025,84.31831,84.54425,85.88531
2022-01-17 12:12:57.005757,84.21434,84.64825,85.88531
2022-01-17 12:12:57.510877,84.26632,84.699,86.35656
2022-01-17 12:12:58.010183,84.05963,84.4935,86.35656
2022-01-17 12:12:58.505641,83.90492,84.3895,85.17843
2022-01-17 12:12:59.004531,84.36905,84.59625,85.17843
2022-01-17 12:12:59.509592,84.05963,84.4935,85.7675
2022-01-17 12:13:00.007111,84.21434,84.4935,85.7675
2022-01-17 12:13:00.501748,84.05963,84.33875,86.08135
2022-01-17 12:13:01.010718,84.26632,84.699,86.08135
2022-01-17 12:13:01.505673,84.42104,84.803,85.96354
2022-01-17 12:13:02.006186,83.90492,84.4415,85.96354
2022-01-17 12:13:03.004681,84.1636,84.751,85.6101
2022-01-17 12:13:03.511068,84.42104,84.64825,85.53187
2022-01-17 12:13:04.010236,84.31831,84.4935,85.53187
2022-01-17 12:13:04.504292,83.54475,83.97725,85.49229
2022-01-17 12:13:05.002771,84.36905,84.90575,85.49229
2022-01-17 12:13:05.508042,84.26632,84.699,86.27739
2022-01-17 12:13:06.005950,84.00888,84.28675,86.27739
2022-01-17 12:13:06.506308,83.9569,84.699,85.84572
2022-01-17 12:13:07.004729,84.1636,84.4415,85.84572
2022-01-17 12:13:07.508562,84.57575,84.751,85.80614
2022-01-17 12:13:08.005668,84.05963,84.54425,85.80614
2022-01-17 12:13:08.511022,84.36905,84.64825,85.68833
2022-01-17 12:13:09.008011,83.64747,84.184,85.68833
2022-01-17 12:13:09.502264,84.42104,84.803,85.4527
2022-01-17 12:13:10.009615,83.69946,84.4415,85.4527
2022-01-17 12:13:10.504689,84.26632,84.59625,85.68833
2022-01-17 12:13:11.003026,84.31831,84.803,85.68833
2022-01-17 12:13:11.510078,84.21434,84.54425,85.41406
2022-01-17 12:13:12.009130,84.26632,84.64825,85.41406
2022-01-17 12:13:12.505214,84.1636,84.64825,85.02104
2022-01-17 12:13:13.002963,84.21434,84.3895,85.02104
2022-01-17 12:13:13.508169,83.54475,84.184,85.64968
2022-01-17 12:13:14.004939,84.31831,84.751,85.64968
2022-01-17 12:13:14.501533,84.1636,84.64825,86.51301
2022-01-17 12:13:15.011206,84.36905,84.59625,86.51301
2022-01-17 12:13:15.507043,84.36905,84.699,85.37447
2022-01-17 12:13:16.006946,83.9569,84.54425,85.37447
2022-01-17 12:13:16.504856,84.42104,84.59625,85.64968
2022-01-17 12:13:17.001573,83.49276,84.33875,85.64968
2022-01-17 12:13:17.508062,84.57575,84.803,86.3952
2022-01-17 12:13:18.006594,84.00888,84.59625,86.3952
2022-01-17 12:13:18.511141,84.1636,84.4935,85.80614
2022-01-17 12:13:19.009239,84.47302,84.64825,85.80614
2022-01-17 12:13:19.504202,84.1636,84.64825,85.37447
2022-01-17 12:13:20.003110,84.05963,84.4415,85.37447
2022-01-17 12:13:20.509655,84.00888,84.4935,85.84572
2022-01-17 12:13:21.007266,83.69946,84.23475,85.84572
2022-01-17 12:13:21.501820,84.00888,84.751,85.6101
2022-01-17 12:13:22.009791,84.47302,84.59625,85.6101
2022-01-17 12:13:22.505668,84.31831,84.4415,85.88531
2022-01-17 12:13:23.005443,84.05963,84.4935,85.88531
2022-01-17 12:13:23.510368,84.42104,84.803,86.19916
2022-01-17 12:13:24.009835,84.11161,84.4935,86.19916
2022-01-17 12:13:24.506324,83.90492,84.184,85.53187
2022-01-17 12:13:25.005142,83.80219,84.699,85.53187
2022-01-17 12:13:25.510421,84.11161,84.28675,86.5526
2022-01-17 12:13:26.009105,84.57575,84.64825,86.5526
2022-01-17 12:13:26.504504,83.85417,84.28675,85.25666
2022-01-17 12:13:27.003145,84.42104,84.751,85.25666
2022-01-17 12:13:27.509328,84.05963,84.59625,85.4527
2022-01-17 12:13:28.009586,84.1636,84.54425,85.4527
2022-01-17 12:13:28.505486,83.9569,84.59625,86.27739
2022-01-17 12:13:29.002811,84.00888,84.23475,86.27739
2022-01-17 12:13:29.508411,84.67848,84.95775,85.72791
2022-01-17 12:13:30.006899,83.9569,84.132,85.72791
2022-01-17 12:13:30.501757,84.26632,84.54425,85.80614
2022-01-17 12:13:31.009838,83.9569,84.59625,85.80614
2022-01-17 12:13:31.504684,84.36905,84.64825,85.53187
2022-01-17 12:13:32.002199,83.80219,84.64825,85.53187
2022-01-17 12:13:32.505088,84.21434,84.4935,85.13885
2022-01-17 12:13:33.003024,84.1636,84.3895,85.13885
2022-01-17 12:13:33.510078,84.11161,84.4935,86.12093
2022-01-17 12:13:34.008126,84.57575,85.0085,86.12093
2022-01-17 12:13:34.502131,83.7502,84.184,86.00312
2022-01-17 12:13:35.010353,84.52377,84.699,86.00312
2022-01-17 12:13:35.506502,83.44078,84.08,85.53187
2022-01-17 12:13:36.004211,84.57575,85.0085,85.53187
2022-01-17 12:13:36.508701,84.00888,84.4415,85.7675
2022-01-17 12:13:37.005214,84.36905,84.33875,85.7675
2022-01-17 12:13:37.510035,84.52377,84.699,85.72791
2022-01-17 12:13:38.009895,83.85417,84.4415,85.72791
2022-01-17 12:13:38.506248,84.67848,84.95775,85.6101
2022-01-17 12:13:39.005049,83.7502,84.33875,85.6101
2022-01-17 12:13:39.508862,84.36905,84.4935,85.72791
2022-01-17 12:13:40.005516,83.54475,84.28675,85.72791
2022-01-17 12:13:40.510442,84.52377,84.751,85.4527
2022-01-17 12:13:41.010349,84.26632,84.4935,85.4527
2022-01-17 12:13:41.505987,83.90492,84.4415,85.7675
2022-01-17 12:13:42.004656,84.57575,84.803,85.7675
2022-01-17 12:13:42.511021,84.00888,84.54425,86.23875
2022-01-17 12:13:43.008825,84.11161,84.59625,86.23875
2022-01-17 12:13:43.503377,84.00888,84.4935,85.64968
2022-01-17 12:13:44.003641,84.31831,84.4935,85.64968
2022-01-17 12:13:44.509657,84.31831,84.4935,86.31697
2022-01-17 12:13:45.008628,84.11161,84.59625,86.31697
2022-01-17 12:13:45.503321,83.90492,84.33875,85.49229
2022-01-17 12:13:46.001768,84.1636,84.64825,85.49229
2022-01-17 12:13:46.507784,84.26632,84.59625,85.68833
2022-01-17 12:13:47.006578,83.90492,84.64825,85.68833
2022-01-17 12:13:47.501280,84.31831,84.64825,85.72791
2022-01-17 12:13:48.010220,84.36905,84.54425,85.72791
2022-01-17 12:13:48.506253,84.31831,84.59625,85.64968
2022-01-17 12:13:49.006288,84.11161,84.3895,85.64968
2022-01-17 12:13:49.502159,84.11161,84.699,85.33489
2022-01-17 12:13:50.010638,84.1636,84.54425,85.33489
2022-01-17 12:13:50.506672,83.69946,84.33875,85.4527
2022-01-17 12:13:51.005141,83.9569,84.28675,85.4527
2022-01-17 12:13:51.500798,84.52377,84.95775,85.80614
2022-01-17 12:13:52.008981,84.11161,84.59625,85.80614
2022-01-17 12:13:52.503376,84.36905,84.3895,85.6101
2022-01-17 12:13:53.001560,83.90492,84.28675,85.6101
2022-01-17 12:13:53.506862,84.42104,84.59625,86.43479
2022-01-17 12:13:54.004665,83.80219,84.59625,86.43479
2022-01-17 12:13:54.510189,84.26632,84.59625,85.13885
2022-01-17 12:13:55.008112,83.80219,84.184,85.13885
2022-01-17 12:13:55.505838,84.31831,84.54425,85.72791
2022-01-17 12:13:56.004740,84.47302,84.4935,85.72791
2022-01-17 12:13:57.004993,84.36905,84.4415,85.49229
2022-01-17 12:13:57.510476,84.00888,84.64825,85.84572
2022-01-17 12:13:58.008696,84.31831,84.54425,85.84572
2022-01-17 12:13:58.503635,83.90492,84.64825,85.41406
2022-01-17 12:13:59.002285,84.42104,84.699,85.41406
2022-01-17 12:13:59.508422,84.47302,84.33875,85.84572
2022-01-17 12:14:00.008336,83.7502,84.28675,85.84572
2022-01-17 12:14:00.504807,84.62773,85.1125,85.53187
2022-01-17 12:14:01.002417,83.80219,84.3895,85.53187
2022-01-17 12:14:01.508617,84.42104,84.59625,86.19916
2022-01-17 12:14:02.006115,83.39003,84.184,86.19916
2022-01-17 12:14:02.501413,84.47302,84.699,85.68833
2022-01-17 12:14:03.011194,84.42104,84.54425,85.68833
2022-01-17 12:14:03.505836,84.05963,84.4935,86.90604
2022-01-17 12:14:04.004650,84.47302,84.4935,86.90604
2022-01-17 12:14:04.501687,83.85417,84.4415,85.57051
2022-01-17 12:14:05.010275,84.47302,84.803,85.57051
2022-01-17 12:14:05.505191,83.80219,84.4415,85.21708
2022-01-17 12:14:06.004040,84.1636,84.4935,85.21708
2022-01-17 12:14:06.501148,84.21434,84.28675,85.6101
2022-01-17 12:14:07.009244,84.31831,84.751,85.6101
2022-01-17 12:14:07.503881,84.05963,84.33875,85.25666
2022-01-17 12:14:08.001885,84.21434,84.803,85.25666
2022-01-17 12:14:08.509852,84.42104,84.54425,85.37447
2022-01-17 12:14:09.008047,83.85417,84.3895,85.37447
2022-01-17 12:14:09.502773,84.31831,84.54425,86.15958
2022-01-17 12:14:10.003506,84.00888,84.184,86.15958
2022-01-17 12:14:10.508964,84.31831,84.699,85.72791
2022-01-17 12:14:11.008098,83.85417,84.08,85.72791
2022-01-17 12:14:11.504690,84.31831,84.95775,85.68833
2022-01-17 12:14:12.005687,84.05963,84.33875,85.68833
2022-01-17 12:14:12.502579,84.21434,85.0605,86.51301
2022-01-17 12:14:13.010998,84.26632,84.54425,86.51301
2022-01-17 12:14:13.506327,83.85417,84.132,85.53187
2022-01-17 12:14:14.004189,84.47302,84.95775,85.53187
2022-01-17 12:14:14.510532,84.05963,84.23475,84.90322
2022-01-17 12:14:15.009696,84.42104,85.0085,84.90322
2022-01-17 12:14:15.503723,83.85417,84.23475,86.04176
2022-01-17 12:14:16.001435,84.26632,84.699,86.04176
2022-01-17 12:14:16.508364,84.11161,84.4415,86.08135
2022-01-17 12:14:17.005797,84.1636,84.751,86.08135
2022-01-17 12:14:18.005262,84.31831,84.54425,85.57051
2022-01-17 12:14:18.502918,83.90492,84.54425,85.37447
2022-01-17 12:14:19.010993,84.21434,84.4415,85.37447
2022-01-17 12:14:19.506465,84.11161,84.4935,85.72791
2022-01-17 12:14:20.005792,84.21434,84.4415,85.72791
2022-01-17 12:14:20.510001,83.7502,84.28675,85.64968
2022-01-17 12:14:21.008157,84.52377,84.85375,85.64968
2022-01-17 12:14:21.505785,84.11161,84.23475,86.04176
2022-01-17 12:14:22.003251,84.26632,84.751,86.04176
2022-01-17 12:14:22.508678,84.05963,84.4935,85.4527
2022-01-17 12:14:23.006582,83.90492,84.3895,85.4527
2022-01-17 12:14:23.511076,84.36905,84.64825,85.96354
2022-01-17 12:14:24.008259,83.69946,84.184,85.96354
2022-01-17 12:14:24.504584,84.05963,84.23475,85.13885
2022-01-17 12:14:25.002172,84.36905,84.64825,85.13885
2022-01-17 12:14:25.507906,84.21434,84.59625,86.3952
2022-01-17 12:14:26.006816,84.31831,84.54425,86.3952
2022-01-17 12:14:26.502219,83.85417,84.3895,85.57051
2022-01-17 12:14:27.010210,84.42104,84.803,85.57051
2022-01-17 12:14:27.506566,83.85417,84.59625,85.49229
2022-01-17 12:14:28.005663,84.47302,84.751,85.49229
2022-01-17 12:14:28.510061,84.00888,84.08,86.12093
2022-01-17 12:14:29.008028,84.36905,84.85375,86.12093
2022-01-17 12:14:29.503493,84.21434,84.33875,85.7675
2022-01-17 12:14:30.008409,84.11161,84.4935,85.7675
2022-01-17 12:14:30.502682,84.36905,84.54425,85.49229
2022-01-17 12:14:31.010889,83.80219,84.4415,85.49229
2022-01-17 12:14:31.508425,84.1636,84.699,85.68833
2022-01-17 12:14:32.008070,83.7502,84.23475,85.68833
2022-01-17 12:14:32.503293,84.31831,84.699,85.88531
2022-01-17 12:14:33.504821,84.11161,84.64825,85.33489
2022-01-17 12:14:34.003527,83.7502,83.92525,85.33489
2022-01-17 12:14:34.508542,84.42104,84.751,85.7675
2022-01-17 12:14:35.005321,83.9569,84.28675,85.7675
2022-01-17 12:14:35.508719,83.7502,84.28675,86.23875
2022-01-17 12:14:36.006474,84.05963,84.4935,86.23875
2022-01-17 12:14:36.502266,84.21434,84.184,85.17843
2022-01-17 12:14:37.010652,84.42104,84.95775,85.17843
2022-01-17 12:14:37.505738,84.36905,84.59625,86.00312
2022-01-17 12:14:38.005023,83.85417,84.4415,86.00312
2022-01-17 12:14:38.510328,84.1636,84.59625,85.7675
2022-01-17 12:14:39.008042,83.69946,84.184,85.7675
2022-01-17 12:14:39.511142,84.31831,84.64825,85.25666
2022-01-17 12:14:40.009259,84.1636,84.33875,85.25666
2022-01-17 12:14:40.504519,84.21434,84.699,85.84572
2022-01-17 12:14:41.003471,84.05963,84.23475,85.84572
2022-01-17 12:14:41.501081,84.26632,84.90575,85.53187
2022-01-17 12:14:42.010355,84.31831,84.59625,85.53187
2022-01-17 12:14:42.505911,84.11161,84.85375,85.64968
2022-01-17 12:14:43.003472,83.9569,84.184,85.64968
2022-01-17 12:14:43.510071,84.21434,84.33875,86.15958
2022-01-17 12:14:44.007756,84.42104,84.803,86.15958
2022-01-17 12:14:44.504044,84.1636,84.3895,86.19916
2022-01-17 12:14:45.001913,83.7502,84.33875,86.19916
2022-01-17 12:14:45.507405,84.57575,84.95775,85.37447
2022-01-17 12:14:46.004822,83.59549,83.97725,85.37447
2022-01-17 12:14:46.501026,84.57575,84.95775,85.96354
2022-01-17 12:14:47.003004,84.05963,84.23475,85.96354
2022-01-17 12:14:48.004259,84.42104,84.64825,85.09926
2022-01-17 12:14:48.509906,83.7502,84.28675,85.6101
2022-01-17 12:14:49.008752,84.36905,84.751,85.6101
2022-01-17 12:14:49.504801,83.7502,84.4415,86.63083
2022-01-17 12:14:50.002490,84.21434,84.59625,86.63083
2022-01-17 12:14:50.510571,83.90492,84.132,85.53187
2022-01-17 12:14:51.008670,84.26632,84.4415,85.53187
2022-01-17 12:14:51.503545,83.7502,83.97725,106.89458
2022-01-17 12:14:52.001876,84.11161,84.54425,106.89458
2022-01-17 12:14:52.508030,83.54475,83.92525,241.51562
2022-01-17 12:14:53.007384,84.21434,84.4935,241.51562
2022-01-17 12:14:53.502338,84.62773,85.0605,208.80239
2022-01-17 12:14:54.003026,83.39003,83.71975,208.80239
2022-01-17 12:14:54.508970,84.42104,84.64825,135.83781
2022-01-17 12:14:55.010732,83.90492,83.8745,135.83781
2022-01-17 12:14:55.505818,84.1636,84.4415,91.18687
2022-01-17 12:14:56.004243,84.36905,84.803,91.18687
2022-01-17 12:14:56.501149,83.49276,83.7705,97.50916
2022-01-17 12:14:57.010014,84.36905,84.3895,97.50916
2022-01-17 12:14:57.505521,83.7502,84.28675,90.71562
2022-01-17 12:14:58.004076,84.52377,85.0605,90.71562
2022-01-17 12:14:58.508414,84.05963,84.33875,87.69114
2022-01-17 12:14:59.006016,84.52377,84.85375,87.69114
2022-01-17 12:14:59.503339,83.9569,84.184,86.31697
2022-01-17 12:15:00.010248,84.1636,84.90575,86.31697
2022-01-17 12:15:00.503460,84.21434,84.803,86.63083
2022-01-17 12:15:01.001278,83.44078,84.02925,86.63083
2022-01-17 12:15:01.507744,84.36905,84.85375,86.19916
2022-01-17 12:15:02.005646,84.1636,84.54425,86.19916
2022-01-17 12:15:02.501232,84.47302,84.85375,86.5526
2022-01-17 12:15:03.001135,84.11161,84.28675,86.5526
2022-01-17 12:15:03.507385,84.11161,84.3895,88.2802
2022-01-17 12:15:04.005953,84.47302,84.751,88.2802
2022-01-17 12:15:04.501821,84.26632,84.85375,85.37447
2022-01-17 12:15:05.010885,83.85417,84.4935,85.37447
2022-01-17 12:15:05.506058,84.26632,84.54425,86.98426
2022-01-17 12:15:06.005285,84.52377,84.803,86.98426
2022-01-17 12:15:06.501957,84.05963,84.4935,86.3952
2022-01-17 12:15:07.001154,84.26632,84.751,86.3952
2022-01-17 12:15:07.506362,84.21434,84.54425,85.53187
2022-01-17 12:15:08.006159,83.9569,84.28675,85.53187
2022-01-17 12:15:08.500952,84.52377,85.16325,85.80614
2022-01-17 12:15:09.009796,83.54475,84.132,85.80614
2022-01-17 12:15:09.505760,84.47302,84.85375,85.4527
2022-01-17 12:15:10.003829,84.47302,84.59625,85.4527
2022-01-17 12:15:10.509766,83.85417,84.23475,85.57051
2022-01-17 12:15:11.008379,84.31831,84.699,85.57051
2022-01-17 12:15:11.503101,84.05963,84.3895,85.92395
2022-01-17 12:15:12.002543,84.05963,84.59625,85.92395
2022-01-17 12:15:12.508247,83.85417,84.4935,85.88531
2022-01-17 12:15:13.006547,84.31831,84.751,85.88531
2022-01-17 12:15:13.503335,84.31831,84.4415,85.25666
2022-01-17 12:15:14.002959,84.1636,84.59625,85.25666
2022-01-17 12:15:14.508904,84.26632,84.54425,86.43479
2022-01-17 12:15:15.007517,83.85417,84.132,86.43479
2022-01-17 12:15:15.501782,84.78245,85.21525,84.94281
2022-01-17 12:15:16.010921,83.44078,84.08,84.94281
2022-01-17 12:15:16.507510,84.52377,84.85375,86.86645
2022-01-17 12:15:17.005823,84.31831,84.23475,86.86645
2022-01-17 12:15:17.501663,84.31831,84.699,86.59218
2022-01-17 12:15:18.001307,84.31831,84.699,86.59218
2022-01-17 12:15:18.506654,83.90492,84.3895,85.80614
2022-01-17 12:15:19.003403,84.62773,85.16325,85.80614
2022-01-17 12:15:19.508985,83.9569,84.54425,86.27739
2022-01-17 12:15:20.007281,84.26632,84.64825,86.27739
2022-01-17 12:15:20.501611,84.31831,84.33875,85.53187
2022-01-17 12:15:21.003638,84.26632,84.699,85.53187
2022-01-17 12:15:21.507775,84.05963,84.54425,85.37447
2022-01-17 12:15:22.011250,83.90492,84.4935,85.37447
2022-01-17 12:15:22.507426,84.47302,85.0605,86.23875
2022-01-17 12:15:23.005137,83.80219,84.33875,86.23875
2022-01-17 12:15:23.509274,84.73046,85.16325,85.72791
2022-01-17 12:15:24.007237,84.21434,84.23475,85.72791
2022-01-17 12:15:24.501989,84.26632,84.59625,86.12093
2022-01-17 12:15:25.009938,84.26632,84.4935,86.12093
2022-01-17 12:15:25.506783,83.69946,84.132,86.04176
2022-01-17 12:15:26.004914,84.21434,84.64825,86.04176
2022-01-17 12:15:26.509761,84.1636,84.699,86.00312
2022-01-17 12:15:27.008814,84.1636,84.699,86.00312
2022-01-17 12:15:27.503320,83.85417,84.184,85.84572
2022-01-17 12:15:28.001764,84.52377,84.803,85.84572
2022-01-17 12:15:28.508083,84.21434,84.3895,85.72791
2022-01-17 12:15:29.005583,84.05963,84.64825,85.72791
2022-01-17 12:15:29.501724,83.64747,84.02925,85.41406
2022-01-17 12:15:30.004230,84.11161,84.803,85.41406
2022-01-17 12:15:30.509554,84.47302,84.85375,85.49229
2022-01-17 12:15:31.007491,83.80219,84.4415,85.49229
2022-01-17 12:15:31.501792,84.36905,84.699,86.12093
2022-01-17 12:15:32.010236,84.42104,84.64825,86.12093
2022-01-17 12:15:32.504734,84.1636,84.59625,85.7675
2022-01-17 12:15:33.002621,84.31831,84.64825,85.7675
2022-01-17 12:15:33.507477,83.80219,84.23475,87.02385
2022-01-17 12:15:34.007468,84.57575,84.95775,87.02385
2022-01-17 12:15:34.503422,83.54475,84.08,86.31697
2022-01-17 12:15:35.011018,84.47302,84.803,86.31697
2022-01-17 12:15:35.505100,84.21434,84.4935,85.53187
2022-01-17 12:15:36.005693,84.42104,84.4935,85.53187
2022-01-17 12:15:36.502818,84.21434,84.803,85.72791
2022-01-17 12:15:37.001684,83.85417,84.23475,85.72791
2022-01-17 12:15:37.506978,84.52377,85.0085,85.4527
2022-01-17 12:15:38.004372,83.39003,83.97725,85.4527
2022-01-17 12:15:38.502612,84.47302,84.803,85.96354
2022-01-17 12:15:39.001720,83.80219,84.23475,85.96354
2022-01-17 12:15:39.506094,84.67848,84.85375,85.7675
2022-01-17 12:15:40.003995,84.21434,84.59625,85.7675
2022-01-17 12:15:40.508323,83.80219,84.132,86.59218
2022-01-17 12:15:41.006392,84.62773,84.95775,86.59218
2022-01-17 12:15:41.501794,83.39003,83.71975,85.88531
2022-01-17 12:15:42.001204,84.42104,84.85375,85.88531
2022-01-17 12:15:42.507520,83.90492,84.28675,86.63083
2022-01-17 12:15:43.005557,84.21434,84.4935,86.63083
2022-01-17 12:15:43.503433,84.57575,84.85375,85.80614
2022-01-17 12:15:44.001110,84.00888,84.28675,85.80614
2022-01-17 12:15:44.505866,84.31831,84.64825,86.31697
2022-01-17 12:15:45.004273,83.85417,84.3895,86.31697
2022-01-17 12:15:45.509963,84.36905,84.803,85.64968
2022-01-17 12:15:46.010106,83.64747,84.132,85.64968
2022-01-17 12:15:46.505032,84.73046,85.0085,85.84572
2022-01-17 12:15:47.003289,83.90492,84.23475,85.84572
2022-01-17 12:15:48.004985,84.36905,84.803,85.88531
2022-01-17 12:15:48.509842,84.21434,84.54425,85.80614
2022-01-17 12:15:49.007760,84.05963,84.54425,85.80614
2022-01-17 12:15:49.504395,83.64747,84.3895,85.37447
2022-01-17 12:15:50.003000,84.31831,84.54425,85.37447
2022-01-17 12:15:50.507735,84.31831,84.3895,85.7675
2022-01-17 12:15:51.005708,84.31831,84.803,85.7675
2022-01-17 12:15:51.501495,83.80219,84.3895,86.04176
2022-01-17 12:15:52.009821,84.26632,84.4935,86.04176
