時間,回転１,回転２,回転３
2022-01-17 19:00:00.005610,83.90492,84.184,85.41406
2022-01-17 19:00:00.501429,84.11161,84.54425,85.41406
2022-01-17 19:00:01.009250,84.21434,84.23475,85.33489
2022-01-17 19:00:01.506411,84.47302,84.803,85.33489
2022-01-17 19:00:02.003457,83.69946,84.3895,85.6101
2022-01-17 19:00:02.508744,84.31831,84.3895,85.6101
2022-01-17 19:00:03.006267,84.11161,84.54425,85.84572
2022-01-17 19:00:03.501275,84.11161,84.59625,85.84572
2022-01-17 19:00:04.010567,83.64747,84.28675,85.53187
2022-01-17 19:00:04.505812,84.31831,84.59625,85.53187
2022-01-17 19:00:05.006225,84.21434,84.132,86.00312
2022-01-17 19:00:05.502567,83.9569,84.64825,86.00312
2022-01-17 19:00:06.011156,84.42104,84.699,85.21708
2022-01-17 19:00:06.505562,84.05963,84.33875,85.21708
2022-01-17 19:00:07.004759,84.26632,84.54425,85.92395
2022-01-17 19:00:07.501169,83.59549,84.28675,85.92395
2022-01-17 19:00:08.010446,84.47302,84.751,85.68833
2022-01-17 19:00:08.505291,84.36905,84.33875,85.68833
2022-01-17 19:00:09.004662,84.1636,84.64825,85.7675
2022-01-17 19:00:09.511214,84.21434,84.4415,85.7675
2022-01-17 19:00:10.008817,84.05963,84.4415,85.57051
2022-01-17 19:00:10.504302,84.42104,84.699,85.57051
2022-01-17 19:00:11.001605,83.54475,84.132,86.00312
2022-01-17 19:00:11.506544,84.21434,84.64825,86.00312
2022-01-17 19:00:12.005635,83.80219,83.66775,84.94281
2022-01-17 19:00:12.510793,84.57575,85.16325,84.94281
2022-01-17 19:00:13.008443,84.05963,84.184,85.68833
2022-01-17 19:00:13.503621,84.1636,84.751,85.68833
2022-01-17 19:00:14.001136,84.57575,84.699,85.72791
2022-01-17 19:00:14.506474,83.59549,84.02925,85.72791
2022-01-17 19:00:15.005148,84.57575,85.0085,85.57051
2022-01-17 19:00:15.509626,83.90492,84.08,85.57051
2022-01-17 19:00:16.008827,84.42104,84.803,85.41406
2022-01-17 19:00:16.504533,83.64747,83.8225,85.41406
2022-01-17 19:00:17.001964,84.26632,85.0085,85.57051
2022-01-17 19:00:17.506054,84.05963,84.28675,85.57051
2022-01-17 19:00:18.004177,84.1636,84.751,85.06062
2022-01-17 19:00:18.509184,84.00888,84.23475,85.06062
2022-01-17 19:00:19.008130,84.00888,84.184,85.7675
2022-01-17 19:00:19.503320,84.31831,84.751,85.7675
2022-01-17 19:00:20.001959,84.1636,83.97725,85.41406
2022-01-17 19:00:20.508266,84.36905,84.90575,85.41406
2022-01-17 19:00:21.005343,83.69946,83.8225,85.21708
2022-01-17 19:00:21.510540,84.36905,84.95775,85.21708
2022-01-17 19:00:22.008623,84.26632,84.699,85.80614
2022-01-17 19:00:22.503990,83.54475,83.8745,85.80614
2022-01-17 19:00:23.006671,84.57575,84.699,85.72791
2022-01-17 19:00:23.502152,84.1636,84.23475,85.72791
2022-01-17 19:00:24.010623,84.26632,84.85375,85.57051
2022-01-17 19:00:24.506951,83.7502,84.132,85.57051
2022-01-17 19:00:25.006378,84.31831,84.751,85.68833
2022-01-17 19:00:25.510614,83.85417,84.132,85.68833
2022-01-17 19:00:26.008576,84.21434,84.85375,85.64968
2022-01-17 19:00:26.503309,84.21434,84.59625,85.64968
2022-01-17 19:00:27.001152,84.1636,84.23475,85.7675
2022-01-17 19:00:27.507158,84.26632,84.90575,85.7675
2022-01-17 19:00:28.005904,84.00888,84.33875,85.88531
2022-01-17 19:00:28.510822,83.9569,84.54425,85.88531
2022-01-17 19:00:29.009338,84.31831,84.64825,85.53187
2022-01-17 19:00:29.507609,83.85417,84.28675,85.53187
2022-01-17 19:00:30.007064,84.36905,84.751,86.00312
2022-01-17 19:00:30.501082,84.1636,84.4935,86.00312
2022-01-17 19:00:31.009555,84.31831,84.699,86.08135
2022-01-17 19:00:31.503917,84.42104,84.54425,86.08135
2022-01-17 19:00:32.002533,83.85417,84.23475,85.37447
2022-01-17 19:00:32.508245,84.11161,84.4935,85.37447
2022-01-17 19:00:33.005747,83.90492,84.33875,85.7675
2022-01-17 19:00:33.511015,84.1636,84.751,85.7675
2022-01-17 19:00:34.009053,84.05963,84.33875,85.64968
2022-01-17 19:00:34.503325,84.52377,85.0605,85.64968
2022-01-17 19:00:35.001629,83.90492,84.08,85.6101
2022-01-17 19:00:35.507434,84.36905,84.803,85.6101
2022-01-17 19:00:36.006465,84.21434,84.33875,85.41406
2022-01-17 19:00:36.501707,83.69946,84.08,85.41406
2022-01-17 19:00:37.011274,84.31831,84.751,85.02104
2022-01-17 19:00:37.505779,83.49276,84.02925,85.02104
2022-01-17 19:00:38.006179,84.42104,84.95775,85.92395
2022-01-17 19:00:38.503284,84.42104,84.54425,85.92395
2022-01-17 19:00:39.002388,83.90492,84.28675,85.84572
2022-01-17 19:00:39.507529,84.36905,84.54425,85.84572
2022-01-17 19:00:40.005165,84.11161,84.3895,84.62801
2022-01-17 19:00:40.509717,84.05963,84.4935,84.62801
2022-01-17 19:00:41.008707,83.59549,84.132,85.6101
2022-01-17 19:00:41.503328,84.1636,84.699,85.6101
2022-01-17 19:00:42.001857,84.00888,84.132,85.25666
2022-01-17 19:00:42.509005,84.42104,84.90575,85.25666
2022-01-17 19:00:43.007729,83.02862,83.1515,87.4951
2022-01-17 19:00:43.502243,84.83319,85.16325,87.4951
2022-01-17 19:00:44.011232,83.85417,84.08,234.40729
2022-01-17 19:00:44.506579,83.54475,83.92525,234.40729
2022-01-17 19:00:45.005738,84.93716,85.16325,215.04645
2022-01-17 19:00:45.501556,83.18334,83.513,215.04645
2022-01-17 19:00:46.009690,85.14262,85.318,138.35051
2022-01-17 19:00:46.503449,83.80219,83.97725,138.35051
2022-01-17 19:00:47.003515,83.9569,84.28675,91.73635
2022-01-17 19:00:47.508633,84.31831,84.4935,91.73635
2022-01-17 19:00:48.006801,83.9569,84.3895,91.69676
2022-01-17 19:00:48.502614,83.85417,84.4415,91.69676
2022-01-17 19:00:49.010890,83.90492,84.4415,64.05041
2022-01-17 19:00:49.505166,83.44078,84.59625,64.05041
2022-01-17 19:00:50.002995,82.25506,85.0605,-0.07822
2022-01-17 19:00:50.508241,81.73894,85.16325,-0.07822
2022-01-17 19:00:51.007119,84.31831,84.4935,-0.03864
2022-01-17 19:00:51.502135,84.52377,83.30625,-0.03864
2022-01-17 19:00:52.011128,83.54475,84.28675,0.0
2022-01-17 19:00:52.505828,82.82193,85.937,0.0
2022-01-17 19:00:53.005015,84.93716,84.59625,0.0
2022-01-17 19:00:53.510739,83.18334,83.41025,0.0
2022-01-17 19:00:54.008625,83.59549,84.54425,0.0
2022-01-17 19:00:54.504252,83.23532,84.90575,0.0
2022-01-17 19:00:55.001632,83.7502,85.47275,0.0
2022-01-17 19:00:55.508733,84.31831,83.97725,0.0
2022-01-17 19:00:56.008155,84.00888,83.8225,-0.03864
2022-01-17 19:00:56.503194,84.57575,85.0605,-0.03864
2022-01-17 19:00:57.010717,83.7502,85.37,0.0
2022-01-17 19:00:57.505146,83.49276,84.54425,0.0
2022-01-17 19:00:58.002808,83.39003,83.66775,0.0
2022-01-17 19:00:58.508326,83.49276,84.28675,0.0
2022-01-17 19:00:59.006080,82.87391,84.02925,0.0
2022-01-17 19:00:59.502717,82.25506,83.04875,0.0
2022-01-17 19:01:00.010473,75.4997,74.5895,0.0
2022-01-17 19:01:00.506143,73.22975,72.6285,0.0
2022-01-17 19:01:01.004876,71.63188,71.3905,-0.03864
2022-01-17 19:01:01.509182,66.31967,69.0185,-0.03864
2022-01-17 19:01:02.008064,63.947,62.8285,-0.03864
2022-01-17 19:01:02.505027,62.29715,61.848,-0.03864
2022-01-17 19:01:03.004638,58.27462,58.85575,0.0
2022-01-17 19:01:03.509189,55.85121,54.472,0.0
2022-01-17 19:01:04.006534,53.16911,53.13,0.0
2022-01-17 19:01:04.501609,48.99187,50.035,0.0
2022-01-17 19:01:05.009500,47.23805,45.96075,0.0
2022-01-17 19:01:05.504548,43.88636,44.2585,0.0
2022-01-17 19:01:06.002268,40.89484,39.97625,0.0
2022-01-17 19:01:06.508784,38.83283,37.759,0.0
2022-01-17 19:01:07.008774,34.19146,35.07625,0.0
2022-01-17 19:01:07.504066,31.87077,31.2595,0.0
2022-01-17 19:01:08.001605,29.91025,28.83425,0.0
2022-01-17 19:01:08.506695,25.21813,26.41025,0.0
2022-01-17 19:01:09.007013,23.25762,22.43875,0.0
2022-01-17 19:01:09.501405,20.11262,20.323,0.0
2022-01-17 19:01:10.009165,16.86366,17.0225,0.0
2022-01-17 19:01:10.504941,14.38826,13.9275,0.0
2022-01-17 19:01:11.002958,10.82987,11.4515,0.0
2022-01-17 19:01:11.507865,8.35447,7.7375,0.0
2022-01-17 19:01:12.006709,5.00154,5.519,0.0
2022-01-17 19:01:12.502044,2.01126,1.857,0.0
2022-01-17 19:01:13.010826,-0.36017,-0.2055,0.0
2022-01-17 19:01:13.507416,-0.51488,0.0,0.0
2022-01-17 19:01:14.006006,-0.15471,0.0,0.0
2022-01-17 19:01:14.509493,0.0,0.0,0.0
2022-01-17 19:01:15.006501,0.0,0.0,0.0
2022-01-17 19:01:15.502152,0.0,0.0,0.0
2022-01-17 19:01:16.011036,0.0,0.0,0.0
2022-01-17 19:01:16.505842,0.0,0.05075,0.0
2022-01-17 19:01:17.004920,0.0,0.0,0.0
2022-01-17 19:01:17.510915,0.0,0.0,0.0
2022-01-17 19:01:18.006701,0.0,0.0,0.0
2022-01-17 19:01:18.504127,0.05074,0.0,0.0
2022-01-17 19:01:19.002943,0.0,0.0,0.0
2022-01-17 19:01:19.508225,0.0,0.0,0.0
2022-01-17 19:01:20.006684,0.0,0.0,0.0
2022-01-17 19:01:20.503565,0.0,0.0,0.0
2022-01-17 19:01:21.001406,0.0,0.0,-0.03864
2022-01-17 19:01:21.506598,0.0,0.0,-0.03864
2022-01-17 19:01:22.004477,0.0,0.0,0.0
2022-01-17 19:01:22.501095,0.0,0.0,0.0
2022-01-17 19:01:23.010527,0.0,0.0,0.0
2022-01-17 19:01:23.505529,0.0,0.0,0.0
2022-01-17 19:01:24.002827,0.0,0.0,0.0
2022-01-17 19:01:24.507448,0.0,0.0,0.0
2022-01-17 19:01:25.006238,0.0,0.05075,0.0
2022-01-17 19:01:25.501734,0.0,0.05075,0.0
2022-01-17 19:01:26.011098,0.0,0.0,0.0
2022-01-17 19:01:26.506811,0.0,0.0,0.0
2022-01-17 19:01:27.006320,0.0,0.05075,0.0
2022-01-17 19:01:27.501748,0.05074,0.0,0.0
2022-01-17 19:01:28.505705,0.0,0.0,0.0
2022-01-17 19:01:29.003189,0.0,0.0,0.0
2022-01-17 19:01:29.508662,0.05074,0.0,0.0
2022-01-17 19:01:30.007819,0.0,0.0,0.0
2022-01-17 19:01:30.502435,0.05074,0.0,0.0
2022-01-17 19:01:31.011097,0.0,0.0,0.0
2022-01-17 19:01:31.507337,0.05074,0.0,0.0
2022-01-17 19:01:32.004983,0.05074,0.0,0.0
2022-01-17 19:01:33.004835,0.0,0.0,0.0
2022-01-17 19:01:33.510967,0.05074,0.0,0.0
2022-01-17 19:01:34.008819,0.0,0.0,0.0
2022-01-17 19:01:34.502963,0.0,0.0,0.0
2022-01-17 19:01:35.505140,0.05074,0.0,0.0
2022-01-17 19:01:36.003721,0.0,0.0,0.0
2022-01-17 19:01:36.508147,0.0,0.0,0.0
2022-01-17 19:01:37.005471,0.05074,0.0,0.0
2022-01-17 19:01:37.501099,0.05074,0.0,0.0
2022-01-17 19:01:38.010293,0.0,0.0,0.0
2022-01-17 19:01:38.505971,0.0,0.0,0.0
2022-01-17 19:01:39.004605,0.05074,0.0,0.0
2022-01-17 19:01:39.509066,0.10272,0.0,0.0
2022-01-17 19:01:40.005729,0.0,0.0,0.0
2022-01-17 19:01:41.007499,0.05074,0.0,0.0
2022-01-17 19:01:41.502994,0.10272,0.0,0.0
2022-01-17 19:01:42.010495,0.0,0.0,0.0
2022-01-17 19:01:42.508019,0.0,0.0,0.0
2022-01-17 19:01:43.006722,0.05074,0.0,0.0
2022-01-17 19:01:43.502234,0.05074,0.0,0.0
2022-01-17 19:01:44.009702,0.05074,0.0,0.0
2022-01-17 19:01:44.505153,0.0,0.0,0.0
2022-01-17 19:01:45.004170,0.05074,0.05075,0.0
2022-01-17 19:01:45.501164,0.05074,0.0,0.0
2022-01-17 19:01:46.008513,0.0,0.0,0.0
2022-01-17 19:01:46.504795,0.0,0.0,0.0
2022-01-17 19:01:47.003198,0.05074,0.0,0.0
2022-01-17 19:01:47.508178,0.10272,0.0,0.0
2022-01-17 19:01:48.005143,0.0,0.0,0.0
2022-01-17 19:01:48.510260,0.05074,0.0,0.0
2022-01-17 19:01:49.008374,0.05074,0.0,0.0
2022-01-17 19:01:49.504349,0.05074,0.0,0.0
2022-01-17 19:01:50.001267,0.0,0.05075,0.0
2022-01-17 19:01:50.506329,0.05074,0.0,0.0
2022-01-17 19:01:51.003320,0.0,0.0,0.0
2022-01-17 19:01:51.507835,0.10272,0.0,0.0
2022-01-17 19:01:52.006146,0.05074,0.0,0.0
2022-01-17 19:01:52.511247,0.0,0.0,0.0
2022-01-17 19:01:53.010227,0.0,0.0,0.0
2022-01-17 19:01:53.505485,0.05074,0.05075,0.0
2022-01-17 19:01:54.003066,0.05074,0.05075,0.0
2022-01-17 19:01:54.507506,0.0,0.0,0.0
2022-01-17 19:01:55.004968,0.0,0.0,0.0
2022-01-17 19:01:55.509697,0.05074,0.05075,0.0
2022-01-17 19:01:56.007375,0.05074,0.05075,0.0
2022-01-17 19:01:56.501343,0.0,0.0,0.0
2022-01-17 19:01:57.009994,0.0,0.0,0.0
2022-01-17 19:01:57.507553,0.0,0.0,0.0
2022-01-17 19:01:58.005030,0.05074,0.0,0.0
2022-01-17 19:01:58.509174,0.05074,0.0,0.0
2022-01-17 19:01:59.007696,0.0,0.0,0.0
2022-01-17 19:01:59.501513,0.05074,0.0,0.0
2022-01-17 19:02:00.009239,0.05074,0.0,0.0
2022-01-17 19:02:00.503510,0.05074,0.0,0.0
2022-01-17 19:02:01.001257,0.0,0.0,0.0
2022-01-17 19:02:01.508467,0.0,0.0,0.0
2022-01-17 19:02:02.006114,0.05074,0.0,0.0
2022-01-17 19:02:02.510452,0.05074,0.0,0.0
2022-01-17 19:02:03.009270,0.0,0.0,0.0
2022-01-17 19:02:03.503418,0.0,0.0,0.0
2022-01-17 19:02:04.001711,0.05074,0.0,0.0
2022-01-17 19:02:04.507772,0.05074,0.0,0.0
2022-01-17 19:02:05.005983,0.0,0.0,0.0
2022-01-17 19:02:06.004881,0.05074,0.10275,0.0
2022-01-17 19:02:06.510846,0.05074,0.05075,0.0
2022-01-17 19:02:07.009564,0.0,0.0,0.0
2022-01-17 19:02:07.503593,0.0,0.0,0.0
2022-01-17 19:02:08.505312,0.05074,0.05075,0.0
2022-01-17 19:02:09.003261,0.0,0.0,0.0
2022-01-17 19:02:09.509221,0.0,0.0,0.0
2022-01-17 19:02:10.006184,0.05074,0.0,0.0
2022-01-17 19:02:10.501487,0.10272,0.10275,0.0
2022-01-17 19:02:11.010117,0.0,0.0,0.0
2022-01-17 19:02:11.506896,0.0,0.0,0.0
2022-01-17 19:02:12.004462,0.0,0.0,0.0
2022-01-17 19:02:12.509118,0.05074,0.10275,0.0
2022-01-17 19:02:13.006365,0.05074,0.05075,0.0
2022-01-17 19:02:13.510031,0.0,0.0,0.0
2022-01-17 19:02:14.008055,0.0,0.0,0.0
2022-01-17 19:02:14.504059,0.05074,0.10275,0.0
2022-01-17 19:02:15.001809,0.05074,0.0,0.0
2022-01-17 19:02:15.507762,0.0,0.0,0.0
2022-01-17 19:02:16.007446,0.0,0.0,0.0
2022-01-17 19:02:16.501622,0.05074,0.10275,0.0
2022-01-17 19:02:17.008835,0.05074,0.0,0.0
2022-01-17 19:02:17.503527,0.0,0.0,0.0
2022-01-17 19:02:18.010676,0.0,0.0,0.0
2022-01-17 19:02:18.505515,0.05074,0.10275,0.0
2022-01-17 19:02:19.004112,0.05074,0.0,0.0
2022-01-17 19:02:19.507544,0.0,0.0,0.0
2022-01-17 19:02:20.005761,0.0,0.05075,0.0
2022-01-17 19:02:20.504670,0.0,0.10275,0.0
2022-01-17 19:02:21.004696,0.0,0.0,0.0
2022-01-17 19:02:21.510156,0.05074,0.0,0.0
2022-01-17 19:02:22.008530,0.0,0.05075,0.0
2022-01-17 19:02:22.503246,0.0,0.10275,0.0
2022-01-17 19:02:23.001152,0.0,0.0,0.0
2022-01-17 19:02:23.506345,0.0,0.0,0.0
2022-01-17 19:02:24.006896,0.05074,0.05075,0.0
2022-01-17 19:02:24.502054,0.05074,0.05075,0.0
2022-01-17 19:02:25.001336,0.0,0.0,0.0
2022-01-17 19:02:25.506807,0.0,0.0,0.0
2022-01-17 19:02:26.005824,0.10272,0.10275,0.0
2022-01-17 19:02:26.503256,0.10272,0.05075,0.0
2022-01-17 19:02:27.010660,0.0,0.0,0.0
2022-01-17 19:02:27.506997,0.0,0.0,0.0
2022-01-17 19:02:28.005921,0.10272,0.15475,0.0
2022-01-17 19:02:28.510422,0.05074,0.0,0.0
2022-01-17 19:02:29.009150,0.0,0.0,0.0
2022-01-17 19:02:29.506942,0.05074,0.0,0.0
2022-01-17 19:02:30.004567,0.10272,0.10275,0.0
2022-01-17 19:02:30.508878,0.05074,0.0,0.0
2022-01-17 19:02:31.009849,0.0,0.0,0.0
2022-01-17 19:02:31.505019,0.0,0.05075,0.0
2022-01-17 19:02:32.001160,0.10272,0.10275,0.0
2022-01-17 19:02:32.507336,0.0,0.0,0.0
2022-01-17 19:02:33.005823,0.0,0.0,0.0
2022-01-17 19:02:33.502060,0.05074,0.05075,0.0
2022-01-17 19:02:34.010929,0.10272,0.05075,0.0
2022-01-17 19:02:34.505860,0.0,0.0,0.0
2022-01-17 19:02:35.003600,0.0,0.0,0.0
2022-01-17 19:02:35.508748,0.10272,0.10275,0.0
2022-01-17 19:02:36.006447,0.10272,0.0,0.0
2022-01-17 19:02:36.501997,0.0,0.0,0.0
2022-01-17 19:02:37.010265,0.0,0.05075,0.0
2022-01-17 19:02:37.504831,0.10272,0.10275,0.0
2022-01-17 19:02:38.002858,0.05074,0.0,0.0
2022-01-17 19:02:38.510837,0.0,0.0,0.0
2022-01-17 19:02:39.009974,0.0,0.0,0.0
2022-01-17 19:02:39.505941,0.05074,0.10275,0.0
2022-01-17 19:02:40.004753,0.0,0.0,0.0
2022-01-17 19:02:40.508657,0.0,0.0,0.0
2022-01-17 19:02:41.006639,0.05074,0.05075,0.0
2022-01-17 19:02:41.510098,0.10272,0.05075,0.0
2022-01-17 19:02:42.009803,0.0,0.0,0.0
2022-01-17 19:02:42.506166,0.0,0.0,0.0
2022-01-17 19:02:43.004576,0.05074,0.10275,0.0
2022-01-17 19:02:43.501568,0.05074,0.0,0.0
2022-01-17 19:02:44.009597,0.0,0.0,0.0
2022-01-17 19:02:44.505680,0.0,0.0,0.0
2022-01-17 19:02:45.005156,0.05074,0.05075,0.0
2022-01-17 19:02:45.510666,0.10272,0.0,0.0
2022-01-17 19:02:46.007768,0.0,0.0,0.0
2022-01-17 19:02:46.501595,0.0,0.0,0.0
2022-01-17 19:02:47.009762,0.10272,0.15475,0.0
2022-01-17 19:02:47.511186,0.05074,0.0,0.0
2022-01-17 19:02:48.010636,0.0,0.0,0.0
2022-01-17 19:02:48.507022,0.0,0.05075,0.0
2022-01-17 19:02:49.006446,0.10272,0.10275,0.0
2022-01-17 19:02:49.502485,0.05074,0.0,0.0
2022-01-17 19:02:50.001543,0.0,0.0,0.0
2022-01-17 19:02:50.504801,0.0,0.05075,0.0
2022-01-17 19:02:51.002851,0.10272,0.10275,0.0
2022-01-17 19:02:51.507906,0.0,0.0,0.0
2022-01-17 19:02:52.005921,0.0,0.0,0.0
2022-01-17 19:02:52.501125,0.05074,0.05075,0.0
2022-01-17 19:02:53.008073,0.10272,0.10275,0.0
2022-01-17 19:02:53.503370,0.0,0.0,0.0
2022-01-17 19:02:54.001022,0.0,0.0,0.0
2022-01-17 19:02:54.506568,0.05074,0.05075,0.0
2022-01-17 19:02:55.004781,0.05074,0.05075,0.0
2022-01-17 19:02:55.509513,0.0,0.0,0.0
2022-01-17 19:02:56.006725,0.0,0.0,0.0
2022-01-17 19:02:56.503313,0.05074,0.10275,0.0
2022-01-17 19:02:57.010919,0.05074,0.0,0.0
2022-01-17 19:02:57.505199,0.0,0.0,0.0
2022-01-17 19:02:58.002784,0.0,0.0,0.0
2022-01-17 19:02:58.507557,0.10272,0.10275,0.0
2022-01-17 19:02:59.005975,0.0,0.0,0.0
2022-01-17 19:02:59.502742,0.0,0.0,0.0
2022-01-17 19:03:00.004135,0.0,0.0,0.0
2022-01-17 19:03:00.510307,0.05074,0.10275,0.0
2022-01-17 19:03:01.007560,0.0,0.0,0.0
2022-01-17 19:03:01.505010,0.0,0.05075,0.0
2022-01-17 19:03:02.002244,0.0,0.05075,0.0
2022-01-17 19:03:02.507602,0.05074,0.10275,0.0
2022-01-17 19:03:03.005801,0.0,0.0,0.0
2022-01-17 19:03:03.501248,0.0,0.0,0.0
2022-01-17 19:03:04.009150,0.10272,0.10275,0.0
2022-01-17 19:03:04.503405,0.05074,0.0,0.0
2022-01-17 19:03:05.002958,0.0,0.0,0.0
2022-01-17 19:03:05.507419,0.0,0.0,0.0
2022-01-17 19:03:06.005844,0.10272,0.10275,0.0
2022-01-17 19:03:06.510957,0.0,0.0,0.0
2022-01-17 19:03:07.009080,0.0,0.0,0.0
2022-01-17 19:03:07.504771,0.05074,0.0,0.0
2022-01-17 19:03:08.005760,0.05074,0.10275,0.0
2022-01-17 19:03:08.503707,0.0,0.0,0.0
2022-01-17 19:03:09.001674,0.0,0.0,0.0
2022-01-17 19:03:09.508597,0.05074,0.05075,0.0
2022-01-17 19:03:10.006814,0.10272,0.05075,0.0
2022-01-17 19:03:10.511005,0.0,0.0,0.0
2022-01-17 19:03:11.010085,0.0,0.05075,0.0
2022-01-17 19:03:11.504267,0.10272,0.10275,0.0
2022-01-17 19:03:12.002855,0.05074,0.05075,0.0
2022-01-17 19:03:12.508435,0.0,0.0,0.0
2022-01-17 19:03:13.006479,0.05074,0.0,0.0
2022-01-17 19:03:13.502812,0.05074,0.05075,0.0
2022-01-17 19:03:14.001841,0.0,0.0,0.0
2022-01-17 19:03:14.506822,0.0,0.0,0.0
2022-01-17 19:03:15.005402,0.05074,0.05075,0.0
2022-01-17 19:03:15.510868,0.10272,0.10275,0.0
2022-01-17 19:03:16.009239,0.0,0.0,0.0
2022-01-17 19:03:16.502996,0.0,0.0,0.0
2022-01-17 19:03:17.505092,0.05074,0.10275,0.0
2022-01-17 19:03:18.001300,0.0,0.0,0.0
2022-01-17 19:03:18.508873,0.0,0.0,0.0
2022-01-17 19:03:19.007141,0.05074,0.10275,0.0
2022-01-17 19:03:19.501920,0.05074,0.05075,0.0
2022-01-17 19:03:20.505153,0.0,0.0,0.0
2022-01-17 19:03:21.002019,0.05074,0.10275,0.0
2022-01-17 19:03:21.508253,0.05074,0.05075,0.0
2022-01-17 19:03:22.005866,0.0,0.0,0.0
2022-01-17 19:03:22.501132,0.0,0.05075,0.0
2022-01-17 19:03:23.008910,0.05074,0.10275,0.0
2022-01-17 19:03:23.504002,0.0,0.0,0.0
2022-01-17 19:03:24.003217,0.0,0.0,0.0
2022-01-17 19:03:24.508295,0.05074,0.05075,0.0
2022-01-17 19:03:25.006297,0.10272,0.05075,0.0
2022-01-17 19:03:25.501125,0.0,0.0,0.0
2022-01-17 19:03:26.008439,0.0,0.0,0.0
2022-01-17 19:03:26.504708,0.05074,0.05075,0.0
2022-01-17 19:03:27.003080,0.05074,0.05075,0.0
2022-01-17 19:03:27.508881,0.0,0.0,0.0
2022-01-17 19:03:28.006943,0.05074,0.0,0.0
2022-01-17 19:03:28.503023,0.10272,0.10275,0.0
2022-01-17 19:03:29.001377,0.05074,0.0,0.0
2022-01-17 19:03:29.507006,0.0,0.0,0.0
2022-01-17 19:03:30.005886,0.0,0.05075,0.0
2022-01-17 19:03:30.510685,0.05074,0.10275,0.0
2022-01-17 19:03:31.010959,0.0,0.0,0.0
2022-01-17 19:03:31.505685,0.0,0.0,0.0
2022-01-17 19:03:32.003725,0.05074,0.05075,0.0
2022-01-17 19:03:32.509913,0.10272,0.05075,0.0
2022-01-17 19:03:33.001023,0.0,0.0,0.0
2022-01-17 19:03:33.505658,0.0,0.0,0.0
2022-01-17 19:03:34.003119,0.05074,0.10275,0.0
2022-01-17 19:03:34.508145,0.10272,0.05075,0.0
2022-01-17 19:03:35.005651,0.0,0.0,0.0
2022-01-17 19:03:35.501489,0.0,0.0,0.0
2022-01-17 19:03:36.010521,0.05074,0.10275,0.0
2022-01-17 19:03:36.504741,0.05074,0.0,0.0
2022-01-17 19:03:37.003141,0.0,0.0,0.0
2022-01-17 19:03:37.509362,0.0,0.0,0.0
2022-01-17 19:03:38.008760,0.05074,0.10275,0.0
2022-01-17 19:03:38.501797,0.0,0.0,0.0
2022-01-17 19:03:39.010127,0.0,0.0,0.0
2022-01-17 19:03:39.505294,0.05074,0.05075,0.0
2022-01-17 19:03:40.004382,0.05074,0.10275,0.0
2022-01-17 19:03:40.509867,0.0,0.0,0.0
2022-01-17 19:03:41.008029,0.0,0.0,0.0
2022-01-17 19:03:41.504319,0.05074,0.05075,0.0
2022-01-17 19:03:42.002570,0.05074,0.05075,0.0
2022-01-17 19:03:42.511065,0.0,0.0,0.0
2022-01-17 19:03:43.007287,0.05074,0.0,0.0
2022-01-17 19:03:43.501615,0.05074,0.10275,0.0
2022-01-17 19:03:44.009898,0.0,0.0,0.0
2022-01-17 19:03:44.507477,0.0,0.0,0.0
2022-01-17 19:03:45.005293,0.05074,0.0,0.0
2022-01-17 19:03:45.509973,0.05074,0.10275,0.0
2022-01-17 19:03:46.007245,0.0,0.0,0.0
2022-01-17 19:03:46.501093,0.05074,0.0,0.0
2022-01-17 19:03:47.010946,0.10272,0.10275,0.0
2022-01-17 19:03:47.506604,0.05074,0.0,0.0
2022-01-17 19:03:48.001098,0.0,0.0,0.0
2022-01-17 19:03:48.506081,0.0,0.05075,0.0
2022-01-17 19:03:49.004034,0.10272,0.10275,0.0
2022-01-17 19:03:49.509184,0.0,0.0,0.0
2022-01-17 19:03:50.008288,0.0,0.05075,0.0
2022-01-17 19:03:50.503985,0.10272,0.10275,0.0
2022-01-17 19:03:51.001728,0.05074,0.05075,0.0
2022-01-17 19:03:51.509919,0.0,0.0,0.0
2022-01-17 19:03:52.008587,0.0,0.05075,0.0
2022-01-17 19:03:52.508769,0.05074,0.10275,0.0
2022-01-17 19:03:53.006312,0.0,0.0,0.0
2022-01-17 19:03:53.503064,0.0,0.0,0.0
2022-01-17 19:03:54.010605,0.05074,0.10275,0.0
2022-01-17 19:03:54.505719,0.05074,0.05075,0.0
2022-01-17 19:03:55.004390,0.0,0.0,0.0
2022-01-17 19:03:55.509538,0.05074,0.0,0.0
2022-01-17 19:03:56.006037,0.05074,0.10275,0.0
2022-01-17 19:03:56.501166,0.0,0.0,0.0
2022-01-17 19:03:57.008237,0.0,0.0,0.0
2022-01-17 19:03:57.505564,0.05074,0.05075,0.0
2022-01-17 19:03:58.004142,0.05074,0.05075,0.0
2022-01-17 19:03:58.509193,0.0,0.0,0.0
2022-01-17 19:03:59.008806,0.0,0.0,0.0
2022-01-17 19:03:59.504160,0.05074,0.10275,0.0
2022-01-17 19:04:00.002413,0.05074,0.0,0.0
2022-01-17 19:04:00.501276,0.0,0.0,0.0
2022-01-17 19:04:01.001368,0.0,0.0,0.0
2022-01-17 19:04:01.505609,0.0,0.05075,0.0
2022-01-17 19:04:02.005736,0.0,0.0,0.0
2022-01-17 19:04:02.510254,0.0,0.0,0.0
2022-01-17 19:04:03.007560,0.0,0.10275,0.0
2022-01-17 19:04:03.510867,0.0,0.05075,0.0
2022-01-17 19:04:04.008327,0.05074,0.0,0.0
2022-01-17 19:04:04.503459,0.0,0.05075,0.0
2022-01-17 19:04:05.001477,0.0,0.10275,0.0
2022-01-17 19:04:05.507751,0.0,0.0,0.0
2022-01-17 19:04:06.002723,0.0,0.0,0.0
2022-01-17 19:04:06.510778,0.0,0.05075,0.0
2022-01-17 19:04:07.010353,0.0,0.10275,0.0
2022-01-17 19:04:07.504814,0.0,0.0,0.0
2022-01-17 19:04:08.003602,0.0,0.05075,0.0
2022-01-17 19:04:08.510222,0.0,0.10275,0.0
2022-01-17 19:04:09.011057,0.0,0.0,0.0
2022-01-17 19:04:09.508151,0.0,0.0,0.0
2022-01-17 19:04:10.006537,0.0,0.05075,0.0
2022-01-17 19:04:10.501066,0.05074,0.10275,0.0
2022-01-17 19:04:11.011106,0.0,0.0,0.0
2022-01-17 19:04:11.505352,0.0,0.0,0.0
2022-01-17 19:04:12.005089,0.0,0.05075,0.0
2022-01-17 19:04:12.510116,0.0,0.05075,0.0
2022-01-17 19:04:13.009464,0.0,0.0,0.0
2022-01-17 19:04:13.507186,0.0,0.0,0.0
2022-01-17 19:04:14.006381,0.0,0.05075,0.0
2022-01-17 19:04:14.510966,0.0,0.10275,0.0
2022-01-17 19:04:15.009136,0.0,0.0,0.0
2022-01-17 19:04:15.502790,0.0,0.0,0.0
2022-01-17 19:04:16.001263,0.05074,0.0,0.0
2022-01-17 19:04:16.506825,0.05074,0.10275,0.0
2022-01-17 19:04:17.004974,0.0,0.0,0.0
2022-01-17 19:04:17.510627,0.0,0.0,0.0
2022-01-17 19:04:18.010681,0.0,0.05075,0.0
2022-01-17 19:04:18.505859,0.0,0.10275,0.0
2022-01-17 19:04:19.005633,0.05074,0.05075,0.0
2022-01-17 19:04:19.501624,0.0,0.0,0.0
2022-01-17 19:04:20.001109,0.05074,0.0,0.0
2022-01-17 19:04:20.507335,0.05074,0.10275,0.0
2022-01-17 19:04:21.005788,0.05074,0.05075,0.0
2022-01-17 19:04:21.501880,0.0,0.0,0.0
2022-01-17 19:04:22.002265,0.0,0.0,0.0
2022-01-17 19:04:22.508663,0.05074,0.05075,0.0
2022-01-17 19:04:23.005566,0.05074,0.10275,0.0
2022-01-17 19:04:23.501279,0.0,0.05075,0.0
2022-01-17 19:04:24.010415,0.05074,0.0,0.0
2022-01-17 19:04:24.505018,0.05074,0.05075,0.0
2022-01-17 19:04:25.002987,0.10272,0.10275,0.0
2022-01-17 19:04:25.507987,0.05074,0.0,0.0
2022-01-17 19:04:26.004479,0.0,0.0,0.0
2022-01-17 19:04:26.502591,0.0,0.0,0.0
2022-01-17 19:04:27.010535,0.05074,0.05075,0.0
2022-01-17 19:04:27.505781,0.10272,0.0,0.0
2022-01-17 19:04:28.004063,0.0,0.0,0.0
2022-01-17 19:04:28.509799,0.0,0.0,0.0
2022-01-17 19:04:29.009280,0.10272,0.10275,0.0
2022-01-17 19:04:29.504502,0.05074,0.10275,0.0
2022-01-17 19:04:30.002818,0.0,0.0,0.0
2022-01-17 19:04:30.507533,0.0,0.0,0.0
2022-01-17 19:04:31.006716,0.05074,0.05075,0.0
2022-01-17 19:04:31.501948,0.10272,0.10275,0.0
2022-01-17 19:04:32.001390,0.05074,0.0,0.0
2022-01-17 19:04:32.505410,0.0,0.0,0.0
2022-01-17 19:04:33.003771,0.0,0.0,0.0
2022-01-17 19:04:33.508675,0.10272,0.10275,0.0
2022-01-17 19:04:34.006719,0.05074,0.0,0.0
2022-01-17 19:04:34.502149,0.0,0.0,0.0
2022-01-17 19:04:35.001809,0.0,0.05075,0.0
2022-01-17 19:04:35.508488,0.10272,0.10275,0.0
2022-01-17 19:04:36.007422,0.0,0.0,0.0
2022-01-17 19:04:36.501978,0.0,0.0,0.0
2022-01-17 19:04:37.002759,0.0,0.0,0.0
2022-01-17 19:04:37.507782,0.10272,0.10275,0.0
2022-01-17 19:04:38.005845,0.0,0.05075,0.0
2022-01-17 19:04:38.509861,0.05074,0.0,0.0
2022-01-17 19:04:39.007741,0.0,0.0,0.0
2022-01-17 19:04:39.503484,0.05074,0.05075,0.0
2022-01-17 19:04:40.001514,0.05074,0.05075,0.0
2022-01-17 19:04:40.506191,0.0,0.0,0.0
2022-01-17 19:04:41.004319,0.05074,0.0,0.0
2022-01-17 19:04:41.502314,0.05074,0.10275,0.0
2022-01-17 19:04:42.011090,0.05074,0.10275,0.0
2022-01-17 19:04:42.505815,0.0,0.0,0.0
2022-01-17 19:04:43.003714,0.0,0.05075,0.0
2022-01-17 19:04:43.507803,0.0,0.0,0.0
2022-01-17 19:04:44.006415,0.10272,0.10275,0.0
2022-01-17 19:04:44.503105,0.0,0.0,0.0
2022-01-17 19:04:45.001961,0.0,0.0,0.0
2022-01-17 19:04:45.506547,0.0,0.0,0.0
2022-01-17 19:04:46.005749,0.10272,0.10275,0.0
2022-01-17 19:04:46.511092,0.05074,0.05075,0.0
2022-01-17 19:04:47.009395,0.0,0.0,0.0
2022-01-17 19:04:47.504317,0.0,0.05075,0.0
2022-01-17 19:04:48.002091,0.10272,0.10275,0.03864
2022-01-17 19:04:48.508768,0.0,0.05075,0.03864
2022-01-17 19:04:49.006709,0.0,0.0,0.03864
2022-01-17 19:04:49.511049,0.05074,0.0,0.03864
2022-01-17 19:04:50.009704,0.05074,0.05075,-0.03864
2022-01-17 19:04:50.503929,0.05074,0.10275,-0.03864
2022-01-17 19:04:51.002215,0.0,0.0,-0.03864
2022-01-17 19:04:51.507995,0.0,0.0,-0.03864
2022-01-17 19:04:52.007342,0.05074,0.05075,-0.03864
2022-01-17 19:04:52.501926,0.10272,0.10275,-0.03864
2022-01-17 19:04:53.011240,0.0,0.0,0.0
2022-01-17 19:04:53.506541,0.0,0.0,0.0
2022-01-17 19:04:54.005550,0.05074,0.05075,0.0
2022-01-17 19:04:54.510669,0.10272,0.10275,0.0
2022-01-17 19:04:55.009564,0.0,0.0,-0.03864
2022-01-17 19:04:55.506040,0.0,0.0,-0.03864
2022-01-17 19:04:56.005243,0.05074,0.05075,0.0
2022-01-17 19:04:56.510177,0.05074,0.05075,0.0
2022-01-17 19:04:57.004435,0.0,0.0,0.0
2022-01-17 19:04:57.501210,0.0,0.0,0.0
2022-01-17 19:04:58.009751,0.05074,0.05075,0.0
2022-01-17 19:04:58.504614,0.05074,0.10275,0.0
2022-01-17 19:04:59.002404,0.0,0.0,0.0
2022-01-17 19:04:59.508873,0.0,0.0,0.0
2022-01-17 19:05:00.005973,0.05074,0.0,0.0
2022-01-17 19:05:00.502607,0.10272,0.15475,0.0
2022-01-17 19:05:01.010845,0.05074,0.0,0.0
2022-01-17 19:05:01.505901,0.0,0.0,0.0
2022-01-17 19:05:02.004118,0.05074,0.05075,0.0
2022-01-17 19:05:02.509871,0.10272,0.10275,0.0
2022-01-17 19:05:03.008769,0.0,0.0,0.0
2022-01-17 19:05:03.503501,0.05074,0.0,0.0
2022-01-17 19:05:04.002237,0.0,0.0,0.0
2022-01-17 19:05:04.507446,0.10272,0.10275,0.0
2022-01-17 19:05:05.005639,0.05074,0.0,0.0
2022-01-17 19:05:05.502883,0.0,0.0,0.0
2022-01-17 19:05:06.001236,0.05074,0.0,0.0
2022-01-17 19:05:06.507399,0.10272,0.10275,0.0
2022-01-17 19:05:07.005391,0.0,0.0,0.0
2022-01-17 19:05:07.511286,0.0,0.0,0.0
2022-01-17 19:05:08.010225,0.05074,0.05075,0.0
2022-01-17 19:05:08.504731,0.10272,0.10275,0.0
2022-01-17 19:05:09.001912,0.0,0.0,0.0
2022-01-17 19:05:09.508493,0.05074,0.05075,0.0
2022-01-17 19:05:10.004226,0.05074,0.0,0.0
2022-01-17 19:05:10.503491,0.05074,0.10275,0.0
2022-01-17 19:05:11.001803,0.0,0.0,0.0
2022-01-17 19:05:11.507656,0.0,0.0,0.0
2022-01-17 19:05:12.005833,0.05074,0.0,0.0
2022-01-17 19:05:12.501096,0.10272,0.10275,0.0
2022-01-17 19:05:13.008988,0.0,0.0,0.0
2022-01-17 19:05:13.504525,0.0,0.0,0.0
2022-01-17 19:05:14.002352,0.05074,0.0,0.0
2022-01-17 19:05:14.509187,0.10272,0.10275,0.0
2022-01-17 19:05:15.007910,0.0,0.05075,0.03864
2022-01-17 19:05:15.502083,0.0,0.0,0.03864
2022-01-17 19:05:16.001690,0.0,0.0,0.0
2022-01-17 19:05:16.509705,0.10272,0.10275,0.0
2022-01-17 19:05:17.008456,0.05074,0.0,-0.03864
2022-01-17 19:05:17.503063,0.05074,0.0,-0.03864
2022-01-17 19:05:18.011232,0.0,0.0,0.0
2022-01-17 19:05:18.505398,0.10272,0.10275,0.0
2022-01-17 19:05:19.004278,0.0,0.0,-0.03864
2022-01-17 19:05:19.510256,0.0,0.0,-0.03864
2022-01-17 19:05:20.008432,0.05074,0.0,0.0
2022-01-17 19:05:20.504489,0.05074,0.05075,0.0
2022-01-17 19:05:21.002243,0.05074,0.10275,0.0
2022-01-17 19:05:21.508120,0.0,0.0,0.0
2022-01-17 19:05:22.007317,0.0,0.0,0.0
2022-01-17 19:05:22.502910,0.10272,0.05075,0.0
2022-01-17 19:05:23.001676,0.05074,0.05075,0.0
2022-01-17 19:05:23.507552,0.0,0.0,0.0
2022-01-17 19:05:24.007183,0.0,0.0,0.0
2022-01-17 19:05:24.501639,0.05074,0.05075,0.0
2022-01-17 19:05:25.009806,0.05074,0.10275,0.03864
2022-01-17 19:05:25.504859,0.0,0.0,0.03864
2022-01-17 19:05:26.003515,0.0,0.0,-0.07822
2022-01-17 19:05:26.508773,0.05074,0.0,-0.07822
2022-01-17 19:05:27.006346,0.10272,0.05075,0.0
2022-01-17 19:05:27.501200,0.0,0.0,0.0
2022-01-17 19:05:28.009153,0.0,0.05075,0.0
2022-01-17 19:05:28.504469,0.05074,0.05075,0.0
2022-01-17 19:05:29.002353,0.10272,0.10275,-0.03864
2022-01-17 19:05:29.507667,0.05074,0.0,-0.03864
2022-01-17 19:05:30.004548,0.0,0.0,0.0
2022-01-17 19:05:30.507348,0.0,0.0,0.0
2022-01-17 19:05:31.010348,0.05074,0.10275,0.0
2022-01-17 19:05:31.501622,0.0,0.0,0.0
2022-01-17 19:05:32.010151,0.0,0.0,0.0
2022-01-17 19:05:32.505676,0.0,0.0,0.0
2022-01-17 19:05:33.002790,0.05074,0.05075,0.0
2022-01-17 19:05:33.510181,0.05074,0.05075,0.0
2022-01-17 19:05:34.009314,0.0,0.0,0.0
2022-01-17 19:05:34.504756,0.0,0.0,0.0
2022-01-17 19:05:35.001589,0.10272,0.10275,-0.03864
2022-01-17 19:05:35.505896,0.05074,0.05075,-0.03864
2022-01-17 19:05:36.004719,0.0,0.0,0.0
2022-01-17 19:05:36.510168,0.05074,0.0,0.0
2022-01-17 19:05:37.009234,0.05074,0.05075,0.0
2022-01-17 19:05:37.505603,0.05074,0.10275,0.0
2022-01-17 19:05:38.006062,0.0,0.0,0.0
2022-01-17 19:05:38.501594,0.0,0.0,0.0
2022-01-17 19:05:39.010202,0.05074,0.0,0.0
2022-01-17 19:05:39.504658,0.10272,0.10275,0.0
2022-01-17 19:05:40.002874,0.05074,0.0,0.0
2022-01-17 19:05:40.507866,0.0,0.0,0.0
2022-01-17 19:05:41.005205,0.0,0.0,0.0
2022-01-17 19:05:41.509590,0.10272,0.10275,0.0
2022-01-17 19:05:42.005764,0.0,0.05075,0.0
2022-01-17 19:05:42.501344,0.0,0.0,0.0
2022-01-17 19:05:43.010638,0.0,0.0,0.03864
2022-01-17 19:05:43.506140,0.10272,0.10275,0.03864
2022-01-17 19:05:44.004898,0.05074,0.05075,0.0
2022-01-17 19:05:44.509920,0.05074,0.0,0.0
2022-01-17 19:05:45.008082,0.0,0.0,-0.03864
2022-01-17 19:05:45.504059,0.05074,0.05075,-0.03864
2022-01-17 19:05:46.001756,0.10272,0.10275,0.0
2022-01-17 19:05:46.506610,0.05074,0.0,0.0
2022-01-17 19:05:47.006943,0.0,0.0,0.0
2022-01-17 19:05:47.502769,0.05074,0.05075,0.0
2022-01-17 19:05:48.001827,0.05074,0.15475,0.0
2022-01-17 19:05:48.506647,0.0,0.0,0.0
2022-01-17 19:05:49.004284,0.0,0.0,0.0
2022-01-17 19:05:49.508117,0.05074,0.0,0.0
2022-01-17 19:05:50.005534,0.10272,0.10275,0.0
2022-01-17 19:05:50.511015,0.05074,0.05075,0.0
2022-01-17 19:05:51.010073,0.0,0.0,0.0
2022-01-17 19:05:51.506509,0.0,0.0,0.0
2022-01-17 19:05:52.004741,0.05074,0.05075,0.0
2022-01-17 19:05:52.508302,0.05074,0.10275,0.0
2022-01-17 19:05:53.007595,0.0,0.0,0.0
2022-01-17 19:05:53.503138,0.0,0.05075,0.0
2022-01-17 19:05:54.010313,0.05074,0.05075,0.0
2022-01-17 19:05:54.505621,0.10272,0.10275,0.0
2022-01-17 19:05:55.004673,0.05074,0.05075,0.0
2022-01-17 19:05:55.508274,0.0,0.0,0.0
2022-01-17 19:05:56.006582,0.0,0.0,0.0
2022-01-17 19:05:56.510823,0.10272,0.10275,0.0
2022-01-17 19:05:57.008661,0.05074,0.05075,0.0
2022-01-17 19:05:57.503730,0.0,0.05075,0.0
2022-01-17 19:05:58.001900,0.0,0.0,0.0
2022-01-17 19:05:58.508170,0.05074,0.05075,0.0
2022-01-17 19:05:59.006042,0.10272,0.05075,0.0
2022-01-17 19:05:59.502546,0.05074,0.0,0.0
2022-01-17 19:06:00.001637,0.05074,0.0,0.0
2022-01-17 19:06:00.509985,0.05074,0.0,0.0
2022-01-17 19:06:01.007697,0.05074,0.10275,0.0
2022-01-17 19:06:01.501662,0.05074,0.05075,0.0
2022-01-17 19:06:02.010580,0.0,0.0,0.0
2022-01-17 19:06:02.506033,0.05074,0.0,0.0
2022-01-17 19:06:03.004371,0.05074,0.05075,0.0
2022-01-17 19:06:03.509084,0.10272,0.10275,0.0
2022-01-17 19:06:04.006337,0.0,0.0,0.0
2022-01-17 19:06:04.502573,0.0,0.0,0.0
2022-01-17 19:06:05.001726,0.0,0.05075,0.0
2022-01-17 19:06:05.506519,0.10272,0.10275,0.0
2022-01-17 19:06:06.005190,0.0,0.0,0.0
2022-01-17 19:06:06.509529,0.0,0.0,0.0
2022-01-17 19:06:07.008049,0.0,0.0,0.0
2022-01-17 19:06:07.502761,0.05074,0.10275,0.0
2022-01-17 19:06:08.001140,0.05074,0.0,0.0
2022-01-17 19:06:08.508937,0.05074,0.0,0.0
2022-01-17 19:06:09.006901,0.0,0.0,0.0
2022-01-17 19:06:09.502573,0.10272,0.05075,0.0
2022-01-17 19:06:10.011058,0.05074,0.05075,0.0
2022-01-17 19:06:10.505099,0.0,0.0,0.0
2022-01-17 19:06:11.003463,0.0,0.0,0.0
2022-01-17 19:06:11.508640,0.05074,0.05075,0.0
2022-01-17 19:06:12.006225,0.05074,0.10275,0.0
2022-01-17 19:06:12.508709,0.05074,0.0,0.0
2022-01-17 19:06:13.007356,0.0,0.0,0.0
2022-01-17 19:06:13.501929,0.05074,0.0,0.0
2022-01-17 19:06:14.001472,0.05074,0.10275,0.0
2022-01-17 19:06:14.506766,0.05074,0.0,0.0
2022-01-17 19:06:15.004564,0.0,0.0,0.0
2022-01-17 19:06:15.509012,0.05074,0.05075,0.0
2022-01-17 19:06:16.006720,0.05074,0.10275,0.0
2022-01-17 19:06:16.502125,0.05074,0.05075,0.0
2022-01-17 19:06:17.009828,0.0,0.0,0.0
2022-01-17 19:06:17.506259,0.0,0.0,0.0
2022-01-17 19:06:18.005063,0.10272,0.10275,0.0
2022-01-17 19:06:18.503068,0.05074,0.05075,0.0
2022-01-17 19:06:19.001146,0.0,0.0,0.0
2022-01-17 19:06:19.505295,0.0,0.0,0.0
2022-01-17 19:06:20.006365,0.05074,0.05075,0.0
2022-01-17 19:06:20.511218,0.05074,0.05075,0.0
2022-01-17 19:06:21.009110,0.0,0.0,0.0
2022-01-17 19:06:21.504957,0.05074,0.0,0.0
2022-01-17 19:06:22.003334,0.05074,0.05075,0.0
2022-01-17 19:06:22.510484,0.10272,0.10275,0.0
2022-01-17 19:06:23.010195,0.0,0.0,0.0
2022-01-17 19:06:23.505270,0.0,0.0,0.0
2022-01-17 19:06:24.003585,0.05074,0.05075,0.0
2022-01-17 19:06:24.508758,0.10272,0.10275,0.0
2022-01-17 19:06:25.006614,0.0,0.05075,0.0
2022-01-17 19:06:25.502199,0.0,0.0,0.0
2022-01-17 19:06:26.010872,0.0,0.0,0.0
2022-01-17 19:06:26.509243,0.10272,0.10275,0.0
2022-01-17 19:06:27.006921,0.0,0.0,0.0
2022-01-17 19:06:27.502350,0.0,0.05075,0.0
2022-01-17 19:06:28.001550,0.05074,0.0,0.0
2022-01-17 19:06:28.506558,0.10272,0.05075,0.0
2022-01-17 19:06:29.005051,0.05074,0.05075,0.0
2022-01-17 19:06:29.501102,0.0,0.0,0.0
2022-01-17 19:06:30.009656,0.0,0.0,0.0
2022-01-17 19:06:30.505689,0.05074,0.05075,0.0
2022-01-17 19:06:31.007068,0.05074,0.05075,0.0
2022-01-17 19:06:31.501525,0.0,0.0,0.0
2022-01-17 19:06:32.009251,0.0,0.0,0.0
2022-01-17 19:06:32.504536,0.0,0.0,0.0
2022-01-17 19:06:33.010857,0.05074,0.10275,0.0
2022-01-17 19:06:33.505824,0.05074,0.0,0.0
2022-01-17 19:06:34.004867,0.0,0.0,0.0
2022-01-17 19:06:34.509126,0.0,0.0,0.0
2022-01-17 19:06:35.007067,0.05074,0.15475,0.0
2022-01-17 19:06:35.504405,0.0,0.05075,0.0
2022-01-17 19:06:36.003177,0.0,0.0,0.0
2022-01-17 19:06:36.507729,0.0,0.0,0.0
2022-01-17 19:06:37.005577,0.05074,0.05075,0.0
2022-01-17 19:06:37.510842,0.05074,0.10275,0.0
2022-01-17 19:06:38.008944,0.0,0.0,0.0
2022-01-17 19:06:38.504103,0.0,0.0,0.0
2022-01-17 19:06:39.002756,0.05074,0.0,0.0
2022-01-17 19:06:39.508734,0.05074,0.10275,0.0
2022-01-17 19:06:40.007897,0.05074,0.05075,0.0
2022-01-17 19:06:40.504681,0.0,0.05075,0.0
2022-01-17 19:06:41.002350,0.0,0.0,0.0
2022-01-17 19:06:41.506979,0.05074,0.10275,0.0
2022-01-17 19:06:42.006051,0.10272,0.10275,0.0
2022-01-17 19:06:42.502016,0.05074,0.0,0.0
2022-01-17 19:06:43.010844,0.05074,0.0,0.0
2022-01-17 19:06:43.506553,0.05074,0.05075,0.0
2022-01-17 19:06:44.004383,0.10272,0.10275,0.0
2022-01-17 19:06:44.510613,0.05074,0.05075,0.0
2022-01-17 19:06:45.008701,0.0,0.0,0.0
2022-01-17 19:06:45.503509,0.0,0.0,0.0
2022-01-17 19:06:46.002225,0.05074,0.05075,0.0
2022-01-17 19:06:46.507460,0.10272,0.10275,0.0
2022-01-17 19:06:47.006095,0.05074,0.05075,0.0
2022-01-17 19:06:47.511089,0.05074,0.0,0.0
2022-01-17 19:06:48.009529,0.05074,0.05075,0.0
2022-01-17 19:06:48.504386,0.10272,0.10275,0.0
2022-01-17 19:06:49.003888,0.0,0.0,0.0
2022-01-17 19:06:49.508886,0.0,0.0,0.0
2022-01-17 19:06:50.005960,0.0,0.0,0.0
2022-01-17 19:06:50.510578,0.0,0.0,0.0
2022-01-17 19:06:51.009031,0.0,0.0,0.0
2022-01-17 19:06:51.502344,0.0,0.0,0.0
2022-01-17 19:06:52.010983,0.0,0.0,0.0
2022-01-17 19:06:52.505528,0.0,0.0,0.0
2022-01-17 19:06:53.002601,0.0,0.0,0.0
2022-01-17 19:06:53.511071,0.0,0.0,0.0
2022-01-17 19:06:54.008325,0.0,0.0,0.0
2022-01-17 19:06:54.503457,0.0,0.0,0.0
2022-01-17 19:06:55.001109,0.0,0.0,0.0
2022-01-17 19:06:55.508678,0.0,0.0,0.0
2022-01-17 19:06:56.004965,0.0,0.0,0.0
2022-01-17 19:06:56.510729,0.0,0.0,0.0
2022-01-17 19:06:57.008370,0.0,0.0,0.0
2022-01-17 19:06:57.502455,0.0,0.0,0.0
2022-01-17 19:06:58.002529,0.0,0.0,0.0
2022-01-17 19:06:58.506522,0.0,0.0,0.0
2022-01-17 19:06:59.005126,0.0,0.0,0.0
2022-01-17 19:06:59.510786,0.0,0.0,0.0
2022-01-17 19:07:00.008281,0.0,0.0,0.0
2022-01-17 19:07:00.503754,0.0,0.0,0.0
2022-01-17 19:07:01.001487,0.0,0.0,0.0
2022-01-17 19:07:01.508272,0.0,0.0,0.0
2022-01-17 19:07:02.007825,0.0,0.0,0.0
2022-01-17 19:07:02.503625,0.0,0.0,0.0
2022-01-17 19:07:03.001370,0.0,0.0,0.0
2022-01-17 19:07:03.508192,0.0,0.0,0.0
2022-01-17 19:07:04.007420,0.0,0.0,0.0
2022-01-17 19:07:04.504431,0.0,0.0,0.0
2022-01-17 19:07:05.003185,0.0,0.0,0.0
2022-01-17 19:07:05.507782,0.0,0.0,0.0
2022-01-17 19:07:06.006377,0.0,0.0,0.0
2022-01-17 19:07:06.503603,0.0,0.0,0.0
2022-01-17 19:07:07.003031,0.0,0.0,0.0
2022-01-17 19:07:07.508674,0.0,0.0,0.0
2022-01-17 19:07:08.006379,0.0,0.0,0.0
2022-01-17 19:07:08.501829,0.0,0.0,0.0
2022-01-17 19:07:09.009764,0.0,0.0,0.0
2022-01-17 19:07:09.505150,0.0,0.0,0.0
2022-01-17 19:07:10.003261,0.0,0.0,0.0
2022-01-17 19:07:10.509796,0.0,0.0,0.0
2022-01-17 19:07:11.009070,0.0,0.0,0.0
2022-01-17 19:07:11.505536,0.0,0.0,0.0
2022-01-17 19:07:12.005587,0.0,0.0,0.0
2022-01-17 19:07:12.510282,0.0,0.0,0.0
2022-01-17 19:07:13.009754,0.0,0.0,0.0
2022-01-17 19:07:13.504488,0.0,0.0,0.0
2022-01-17 19:07:14.002026,0.0,0.0,0.0
2022-01-17 19:07:14.507359,0.0,0.0,0.0
2022-01-17 19:07:15.007819,0.0,0.0,0.0
2022-01-17 19:07:15.503652,0.0,0.0,0.0
2022-01-17 19:07:16.001645,0.0,0.0,0.0
2022-01-17 19:07:16.507281,0.0,0.0,0.0
2022-01-17 19:07:17.006847,0.0,0.0,0.0
2022-01-17 19:07:17.503010,0.0,0.0,0.0
2022-01-17 19:07:18.001853,0.0,0.0,0.0
2022-01-17 19:07:18.507061,0.0,0.0,0.0
2022-01-17 19:07:19.006130,0.0,0.0,0.0
2022-01-17 19:07:19.504138,0.0,0.0,0.0
2022-01-17 19:07:20.004335,0.0,0.0,0.0
2022-01-17 19:07:20.509235,0.0,0.0,0.0
2022-01-17 19:07:21.006463,0.0,0.0,0.0
2022-01-17 19:07:21.510824,0.0,0.0,0.0
2022-01-17 19:07:22.009567,0.0,0.0,0.0
2022-01-17 19:07:22.504381,0.0,0.0,0.0
2022-01-17 19:07:23.003600,0.05074,0.0,0.0
2022-01-17 19:07:23.509363,0.0,0.0,0.0
2022-01-17 19:07:24.009262,0.0,0.0,0.0
2022-01-17 19:07:24.503647,0.0,0.0,0.0
2022-01-17 19:07:25.001897,0.0,0.0,0.0
2022-01-17 19:07:25.507924,0.0,0.0,0.0
2022-01-17 19:07:26.005083,0.0,0.0,0.0
2022-01-17 19:07:26.510630,0.0,0.0,0.0
2022-01-17 19:07:27.009506,0.0,0.0,0.0
2022-01-17 19:07:27.504346,0.0,0.0,0.0
2022-01-17 19:07:28.001825,0.0,0.0,0.0
2022-01-17 19:07:28.507508,0.0,0.0,0.0
2022-01-17 19:07:29.005286,0.0,0.0,0.0
2022-01-17 19:07:29.510196,0.0,0.0,0.0
2022-01-17 19:07:30.008995,0.0,0.0,0.0
2022-01-17 19:07:30.503750,0.0,0.0,0.0
2022-01-17 19:07:31.001506,0.0,0.0,0.0
2022-01-17 19:07:31.505846,0.0,0.0,0.0
2022-01-17 19:07:32.005823,0.0,0.0,0.0
2022-01-17 19:07:32.501471,0.0,0.0,0.0
2022-01-17 19:07:33.001221,0.0,0.0,0.0
2022-01-17 19:07:33.506823,0.0,0.0,0.0
2022-01-17 19:07:34.005192,0.0,0.0,0.0
2022-01-17 19:07:34.509044,0.0,0.0,0.0
2022-01-17 19:07:35.006963,0.0,0.0,0.0
2022-01-17 19:07:35.503263,0.0,0.0,0.0
2022-01-17 19:07:36.010882,0.0,0.0,0.0
2022-01-17 19:07:36.505985,0.0,0.0,0.0
2022-01-17 19:07:37.004192,0.0,0.0,0.0
2022-01-17 19:07:37.509885,0.0,0.0,0.0
2022-01-17 19:07:38.008640,0.0,0.0,0.0
2022-01-17 19:07:38.502968,0.0,0.0,0.0
2022-01-17 19:07:39.001433,0.0,0.05075,0.0
2022-01-17 19:07:39.505556,0.0,0.0,0.0
2022-01-17 19:07:40.004160,0.0,0.0,0.0
2022-01-17 19:07:40.508542,0.0,0.0,0.0
2022-01-17 19:07:41.007173,0.0,0.0,0.0
2022-01-17 19:07:41.510990,0.0,0.0,0.0
2022-01-17 19:07:42.010226,0.0,0.0,0.0
2022-01-17 19:07:42.506748,0.0,0.0,0.0
2022-01-17 19:07:43.005752,0.0,0.0,0.0
2022-01-17 19:07:43.502003,0.0,0.0,0.0
2022-01-17 19:07:44.000965,0.0,0.0,0.0
2022-01-17 19:07:44.509634,0.0,0.0,0.0
2022-01-17 19:07:45.007632,0.0,0.0,0.0
2022-01-17 19:07:45.503309,0.0,0.0,0.0
2022-01-17 19:07:46.001201,0.0,0.0,0.0
2022-01-17 19:07:46.508967,0.0,0.0,0.0
2022-01-17 19:07:47.001935,0.0,0.0,0.0
2022-01-17 19:07:47.507408,0.0,0.0,0.0
2022-01-17 19:07:48.006299,0.0,0.0,0.0
2022-01-17 19:07:48.509355,0.0,0.0,0.0
2022-01-17 19:07:49.007927,0.0,0.0,0.0
2022-01-17 19:07:49.503293,0.0,0.0,0.0
2022-01-17 19:07:50.003182,0.0,0.0,0.0
2022-01-17 19:07:50.508631,0.0,0.0,0.0
2022-01-17 19:07:51.007526,0.0,0.0,0.0
2022-01-17 19:07:51.502284,0.0,0.0,0.0
2022-01-17 19:07:52.010442,0.0,0.0,0.0
2022-01-17 19:07:52.504534,0.0,0.0,0.0
2022-01-17 19:07:53.002714,0.0,0.0,0.0
2022-01-17 19:07:53.508109,0.0,0.0,0.0
2022-01-17 19:07:54.005137,0.0,0.0,0.0
2022-01-17 19:07:54.509794,0.0,0.0,0.0
2022-01-17 19:07:55.008672,0.0,0.0,0.0
2022-01-17 19:07:55.503506,0.05074,0.0,0.0
2022-01-17 19:07:56.011131,0.0,0.0,0.0
2022-01-17 19:07:56.505526,0.0,0.0,0.0
2022-01-17 19:07:57.004290,0.0,0.0,0.0
2022-01-17 19:07:57.510298,0.0,0.0,0.0
2022-01-17 19:07:58.008740,0.0,0.0,0.0
2022-01-17 19:07:58.502415,0.0,0.0,0.0
2022-01-17 19:07:59.010900,0.0,0.0,0.0
2022-01-17 19:07:59.507315,0.0,0.0,0.0
2022-01-17 19:08:00.005492,0.0,0.0,0.0
2022-01-17 19:08:00.508737,0.0,0.0,0.0
2022-01-17 19:08:01.006840,0.0,0.0,0.0
2022-01-17 19:08:01.511146,0.0,0.0,0.0
2022-01-17 19:08:02.009726,0.0,0.0,0.0
2022-01-17 19:08:02.505683,0.0,0.0,0.0
2022-01-17 19:08:03.004897,0.0,0.0,0.0
2022-01-17 19:08:03.502069,0.0,0.0,0.0
2022-01-17 19:08:04.010721,0.0,0.0,0.0
2022-01-17 19:08:04.505625,0.0,0.0,0.0
2022-01-17 19:08:05.005696,0.0,0.0,0.0
2022-01-17 19:08:05.507717,0.0,0.0,0.0
2022-01-17 19:08:06.004941,0.0,0.0,0.0
2022-01-17 19:08:06.501050,0.0,0.0,0.0
2022-01-17 19:08:07.008667,0.0,0.0,0.0
2022-01-17 19:08:07.502691,0.0,0.0,0.0
2022-01-17 19:08:08.002337,0.0,0.0,0.0
2022-01-17 19:08:08.508919,0.0,0.0,0.0
2022-01-17 19:08:09.005522,0.0,0.0,0.0
2022-01-17 19:08:09.511215,0.0,0.0,0.0
2022-01-17 19:08:10.008682,0.0,0.0,0.0
2022-01-17 19:08:10.503256,0.0,0.0,0.0
2022-01-17 19:08:11.002084,0.0,0.0,0.0
2022-01-17 19:08:11.506474,0.0,0.0,0.0
2022-01-17 19:08:12.004490,0.0,0.0,0.0
2022-01-17 19:08:12.510057,0.0,0.0,0.0
2022-01-17 19:08:13.006779,0.0,0.0,0.0
2022-01-17 19:08:13.511245,0.0,0.0,0.0
2022-01-17 19:08:14.008646,0.0,0.0,0.0
2022-01-17 19:08:14.502786,0.0,0.0,0.0
2022-01-17 19:08:15.001428,0.0,0.0,0.0
2022-01-17 19:08:15.505215,0.0,0.0,0.0
2022-01-17 19:08:16.003481,0.0,0.0,0.0
2022-01-17 19:08:16.508769,0.0,0.0,0.0
2022-01-17 19:08:17.007419,0.0,0.0,0.0
2022-01-17 19:08:17.503036,0.0,0.0,0.0
2022-01-17 19:08:18.002350,0.0,0.0,0.0
2022-01-17 19:08:18.507786,0.0,0.0,0.0
2022-01-17 19:08:19.004880,0.0,0.0,0.0
2022-01-17 19:08:19.509612,0.0,0.0,0.0
2022-01-17 19:08:20.006738,0.0,0.0,0.0
2022-01-17 19:08:20.501263,0.0,0.0,0.0
2022-01-17 19:08:21.010014,0.0,0.0,0.0
2022-01-17 19:08:21.508352,0.0,0.0,0.0
2022-01-17 19:08:22.006300,0.0,0.0,0.0
2022-01-17 19:08:22.501363,0.0,0.0,0.0
2022-01-17 19:08:23.010078,0.0,0.0,0.0
2022-01-17 19:08:23.503216,0.0,0.0,0.0
2022-01-17 19:08:24.001003,0.0,0.0,0.0
2022-01-17 19:08:24.506132,0.0,0.0,0.0
2022-01-17 19:08:25.004492,0.0,0.0,0.0
2022-01-17 19:08:25.509796,0.0,0.0,0.0
2022-01-17 19:08:26.009001,0.0,0.0,0.0
2022-01-17 19:08:26.505738,0.0,0.0,0.0
2022-01-17 19:08:27.004434,0.0,0.0,0.0
2022-01-17 19:08:27.510110,0.0,0.0,0.0
2022-01-17 19:08:28.008638,0.0,0.0,0.0
2022-01-17 19:08:28.503520,0.0,0.0,0.0
2022-01-17 19:08:29.001388,0.0,0.0,0.0
2022-01-17 19:08:29.507407,0.0,0.0,0.0
2022-01-17 19:08:30.004748,0.0,0.0,0.0
2022-01-17 19:08:30.501541,0.0,0.0,0.0
2022-01-17 19:08:31.010401,0.0,0.0,0.0
2022-01-17 19:08:31.506207,0.0,0.0,0.0
2022-01-17 19:08:32.004354,0.0,0.0,0.0
2022-01-17 19:08:32.510086,0.0,0.0,0.0
2022-01-17 19:08:33.007911,0.0,0.0,0.0
2022-01-17 19:08:33.501671,0.0,0.0,0.0
2022-01-17 19:08:34.011024,0.0,0.0,0.0
2022-01-17 19:08:34.506803,0.0,0.0,0.0
2022-01-17 19:08:35.005609,0.0,0.0,0.0
2022-01-17 19:08:35.509721,0.0,0.0,0.0
2022-01-17 19:08:36.008520,0.0,0.0,0.0
2022-01-17 19:08:36.503739,0.0,0.0,0.0
2022-01-17 19:08:37.001499,0.0,0.0,0.0
2022-01-17 19:08:37.506477,0.0,0.0,0.0
2022-01-17 19:08:38.005253,0.0,0.0,0.0
2022-01-17 19:08:38.511117,0.0,0.0,0.0
2022-01-17 19:08:39.009772,0.0,0.0,0.0
2022-01-17 19:08:39.505711,0.0,0.0,0.0
2022-01-17 19:08:40.003776,0.0,0.0,0.0
2022-01-17 19:08:40.509348,0.0,0.0,0.0
2022-01-17 19:08:41.007178,0.0,0.0,0.0
2022-01-17 19:08:41.502898,0.0,0.0,0.0
2022-01-17 19:08:42.011076,0.0,0.0,0.0
2022-01-17 19:08:42.506877,0.0,0.0,0.0
2022-01-17 19:08:43.006590,0.0,0.0,0.0
2022-01-17 19:08:43.510634,0.0,0.0,0.0
2022-01-17 19:08:44.010786,0.0,0.0,0.0
2022-01-17 19:08:44.506140,0.0,0.0,0.0
2022-01-17 19:08:45.005172,0.0,0.0,0.0
2022-01-17 19:08:45.510266,0.0,0.0,0.0
2022-01-17 19:08:46.008520,0.0,0.0,0.0
2022-01-17 19:08:46.503615,0.0,0.0,0.0
2022-01-17 19:08:47.002007,0.0,0.0,0.0
2022-01-17 19:08:47.508760,0.0,0.0,0.0
2022-01-17 19:08:48.008295,0.0,0.0,0.0
2022-01-17 19:08:48.504662,0.0,0.0,0.0
2022-01-17 19:08:49.003200,0.0,0.0,0.0
2022-01-17 19:08:49.507197,0.0,0.0,0.0
2022-01-17 19:08:50.005353,0.0,0.0,0.0
2022-01-17 19:08:50.509967,0.0,0.0,0.0
2022-01-17 19:08:51.008311,0.0,0.0,0.0
2022-01-17 19:08:51.503531,0.0,0.0,0.0
2022-01-17 19:08:52.001891,0.0,0.0,0.0
2022-01-17 19:08:52.508038,0.0,0.0,0.0
2022-01-17 19:08:53.006763,0.0,0.0,0.0
2022-01-17 19:08:53.510974,0.0,0.0,0.0
2022-01-17 19:08:54.008232,0.0,0.0,0.0
2022-01-17 19:08:54.504114,0.0,0.0,0.0
2022-01-17 19:08:55.001956,0.0,0.0,0.0
2022-01-17 19:08:55.508441,0.0,0.0,0.0
2022-01-17 19:08:56.007097,0.0,0.0,0.0
2022-01-17 19:08:56.501186,0.0,0.0,0.0
2022-01-17 19:08:57.010465,0.0,0.0,0.0
2022-01-17 19:08:57.507615,0.0,0.0,0.0
2022-01-17 19:08:58.005988,0.0,0.0,0.0
2022-01-17 19:08:58.501688,0.0,0.0,0.0
2022-01-17 19:08:59.009741,0.0,0.0,0.0
2022-01-17 19:08:59.503523,0.0,0.0,0.0
2022-01-17 19:09:00.010777,0.0,0.0,0.0
2022-01-17 19:09:00.505374,0.0,0.0,0.0
2022-01-17 19:09:01.003808,0.0,0.0,0.0
2022-01-17 19:09:01.510924,0.0,0.0,0.0
2022-01-17 19:09:02.008839,0.0,0.0,0.0
2022-01-17 19:09:02.502718,0.0,0.0,0.0
2022-01-17 19:09:03.011034,0.0,0.0,0.0
2022-01-17 19:09:03.505810,0.0,0.0,0.0
2022-01-17 19:09:04.004327,0.0,0.0,0.0
2022-01-17 19:09:04.508758,0.0,0.0,0.0
2022-01-17 19:09:05.010044,0.0,0.0,0.0
2022-01-17 19:09:05.504764,0.0,0.0,0.0
2022-01-17 19:09:06.001738,0.0,0.0,0.0
2022-01-17 19:09:06.506124,0.0,0.0,0.0
2022-01-17 19:09:07.004663,0.0,0.0,0.0
2022-01-17 19:09:07.502768,0.0,0.0,0.0
2022-01-17 19:09:08.011102,0.0,0.0,0.0
2022-01-17 19:09:08.509426,0.0,0.0,0.0
2022-01-17 19:09:09.006932,0.0,0.0,0.0
2022-01-17 19:09:09.501733,0.0,0.0,0.0
2022-01-17 19:09:10.009981,0.0,0.0,0.0
2022-01-17 19:09:10.505128,0.0,0.0,0.0
2022-01-17 19:09:11.002478,0.0,0.0,0.0
2022-01-17 19:09:11.509598,0.0,0.0,0.0
2022-01-17 19:09:12.008017,0.0,0.0,0.0
2022-01-17 19:09:12.503538,0.0,0.0,0.0
2022-01-17 19:09:13.001280,0.0,0.0,0.0
2022-01-17 19:09:13.507402,0.0,0.0,0.0
2022-01-17 19:09:14.005324,0.0,0.0,0.0
2022-01-17 19:09:14.509281,0.0,0.0,0.0
2022-01-17 19:09:15.007682,0.0,0.0,0.0
2022-01-17 19:09:15.501271,0.0,0.0,0.0
2022-01-17 19:09:16.010014,0.0,0.0,0.0
2022-01-17 19:09:16.506659,0.0,0.0,0.0
2022-01-17 19:09:17.005417,0.0,0.0,0.0
2022-01-17 19:09:17.510139,0.0,0.0,0.0
2022-01-17 19:09:18.006680,0.0,0.0,0.0
2022-01-17 19:09:18.511224,0.0,0.0,0.0
2022-01-17 19:09:19.009226,0.0,0.0,0.0
2022-01-17 19:09:19.505550,0.0,0.0,0.0
2022-01-17 19:09:20.003687,0.0,0.0,0.0
2022-01-17 19:09:20.501673,0.0,0.0,0.0
2022-01-17 19:09:21.011132,0.0,0.0,0.0
2022-01-17 19:09:21.506440,0.0,0.0,0.0
2022-01-17 19:09:22.004449,0.0,0.0,0.0
2022-01-17 19:09:22.510168,0.0,0.0,0.0
2022-01-17 19:09:23.007995,0.0,0.0,0.0
2022-01-17 19:09:23.502553,0.0,0.0,0.0
2022-01-17 19:09:24.010799,0.0,0.0,0.0
2022-01-17 19:09:24.505252,0.0,0.0,0.0
2022-01-17 19:09:25.004399,0.0,0.0,0.0
2022-01-17 19:09:25.509051,0.0,0.0,0.0
2022-01-17 19:09:26.006988,0.0,0.0,0.0
2022-01-17 19:09:26.501526,0.0,0.0,0.0
2022-01-17 19:09:27.009120,0.0,0.0,0.0
2022-01-17 19:09:27.504144,0.0,0.0,0.0
2022-01-17 19:09:28.004001,0.0,0.0,0.0
2022-01-17 19:09:28.509392,0.0,0.0,0.0
2022-01-17 19:09:29.006627,0.0,0.0,0.0
2022-01-17 19:09:29.504198,0.0,0.0,0.0
2022-01-17 19:09:30.001760,0.0,0.0,0.0
2022-01-17 19:09:30.507291,0.0,0.0,0.0
2022-01-17 19:09:31.004905,0.0,0.0,0.0
2022-01-17 19:09:31.510692,0.0,0.0,0.0
2022-01-17 19:09:32.009538,0.0,0.0,0.0
2022-01-17 19:09:32.505697,0.0,0.0,0.0
2022-01-17 19:09:33.004273,0.0,0.0,0.0
2022-01-17 19:09:33.509794,0.0,0.0,0.0
2022-01-17 19:09:34.010715,0.0,0.0,0.0
2022-01-17 19:09:34.504863,0.0,0.0,0.0
2022-01-17 19:09:35.002701,0.0,0.0,0.0
2022-01-17 19:09:35.508313,0.0,0.0,0.0
2022-01-17 19:09:36.005129,0.0,0.0,0.0
2022-01-17 19:09:36.510235,0.0,0.0,0.0
2022-01-17 19:09:37.007685,0.0,0.0,0.0
2022-01-17 19:09:37.504192,0.0,0.0,0.0
2022-01-17 19:09:38.003061,0.0,0.0,0.0
2022-01-17 19:09:38.508065,0.0,0.0,0.0
2022-01-17 19:09:39.006574,0.0,0.0,0.0
2022-01-17 19:09:39.501761,0.0,0.0,0.0
2022-01-17 19:09:40.010361,0.0,0.0,0.0
2022-01-17 19:09:40.504430,0.0,0.0,0.0
2022-01-17 19:09:41.002390,0.0,0.0,0.0
2022-01-17 19:09:41.509257,0.0,0.0,0.0
2022-01-17 19:09:42.006331,0.0,0.0,0.0
2022-01-17 19:09:42.504843,0.0,0.0,0.0
2022-01-17 19:09:43.001565,0.0,0.0,0.0
2022-01-17 19:09:43.506085,0.0,0.0,0.0
2022-01-17 19:09:44.005246,0.0,0.0,0.0
2022-01-17 19:09:44.510479,0.0,0.0,0.0
2022-01-17 19:09:45.008765,0.0,0.0,0.0
2022-01-17 19:09:45.504131,0.0,0.0,0.0
2022-01-17 19:09:46.002791,0.0,0.0,0.0
2022-01-17 19:09:46.508630,0.0,0.0,0.0
2022-01-17 19:09:47.006433,0.0,0.0,0.0
2022-01-17 19:09:47.510792,0.0,0.0,0.0
2022-01-17 19:09:48.008108,0.0,0.0,0.0
2022-01-17 19:09:48.502800,0.0,0.0,0.0
2022-01-17 19:09:49.002979,0.0,0.0,0.0
2022-01-17 19:09:49.508285,0.0,0.0,0.0
2022-01-17 19:09:50.006467,0.0,0.0,0.0
2022-01-17 19:09:50.501817,0.0,0.0,0.0
2022-01-17 19:09:51.001518,0.0,0.0,0.0
2022-01-17 19:09:51.511091,0.0,0.0,0.0
2022-01-17 19:09:52.008669,0.0,0.0,0.0
2022-01-17 19:09:52.503895,0.0,0.0,0.0
2022-01-17 19:09:53.001301,0.0,0.0,0.0
2022-01-17 19:09:53.507180,0.0,0.0,0.0
2022-01-17 19:09:54.004965,0.0,0.0,0.0
2022-01-17 19:09:54.510623,0.0,0.0,0.0
2022-01-17 19:09:55.008902,0.0,0.0,0.0
2022-01-17 19:09:55.505724,0.0,0.0,0.0
2022-01-17 19:09:56.004144,0.0,0.0,0.0
2022-01-17 19:09:56.510527,0.0,0.0,0.0
2022-01-17 19:09:57.009210,0.0,0.0,0.0
2022-01-17 19:09:57.504421,0.0,0.0,0.0
2022-01-17 19:09:58.001136,0.0,0.0,0.0
2022-01-17 19:09:58.507699,0.0,0.0,0.0
2022-01-17 19:09:59.005848,0.0,0.0,0.0
2022-01-17 19:09:59.502264,0.0,0.0,0.0
2022-01-17 19:10:00.001655,0.0,0.0,0.0
2022-01-17 19:10:00.506312,0.0,0.0,0.0
2022-01-17 19:10:01.004233,0.0,0.0,0.0
2022-01-17 19:10:01.510592,0.0,0.0,0.0
2022-01-17 19:10:02.009063,0.0,0.0,0.0
2022-01-17 19:10:02.505709,0.0,0.0,0.0
2022-01-17 19:10:03.006016,0.0,0.0,0.0
2022-01-17 19:10:03.501758,0.0,0.0,0.0
2022-01-17 19:10:04.010936,0.0,0.0,0.0
2022-01-17 19:10:04.505319,0.0,0.0,0.0
2022-01-17 19:10:05.003253,0.0,0.0,0.0
2022-01-17 19:10:05.508398,0.0,0.0,0.0
2022-01-17 19:10:06.006500,0.0,0.0,0.0
2022-01-17 19:10:06.503205,0.0,0.0,0.0
2022-01-17 19:10:07.007288,0.0,0.0,0.0
2022-01-17 19:10:07.502364,0.0,0.0,0.0
2022-01-17 19:10:08.002316,0.0,0.0,0.0
2022-01-17 19:10:08.507747,0.0,0.0,0.0
2022-01-17 19:10:09.008349,0.0,0.0,0.0
2022-01-17 19:10:09.503672,0.0,0.0,0.0
2022-01-17 19:10:10.001295,0.0,0.0,0.0
2022-01-17 19:10:10.505929,0.0,0.0,0.0
2022-01-17 19:10:11.005085,0.0,0.0,0.0
2022-01-17 19:10:11.502093,0.0,0.0,0.0
2022-01-17 19:10:12.002451,0.0,0.0,0.0
2022-01-17 19:10:12.507765,0.0,0.0,0.0
2022-01-17 19:10:13.004806,0.0,0.0,0.0
2022-01-17 19:10:13.510499,0.0,0.0,0.0
2022-01-17 19:10:14.009956,0.0,0.0,0.0
2022-01-17 19:10:14.504565,0.0,0.0,0.0
2022-01-17 19:10:15.003774,0.0,0.0,0.0
2022-01-17 19:10:15.511191,0.0,0.0,0.0
2022-01-17 19:10:16.008762,0.0,0.0,0.0
2022-01-17 19:10:16.504949,0.0,0.0,0.0
2022-01-17 19:10:17.003035,0.0,0.0,0.0
2022-01-17 19:10:17.510228,0.0,0.0,0.0
2022-01-17 19:10:18.009678,0.0,0.0,0.0
2022-01-17 19:10:18.504796,0.0,0.0,0.0
2022-01-17 19:10:19.001912,0.0,0.0,0.0
2022-01-17 19:10:19.506854,0.0,0.0,0.0
2022-01-17 19:10:20.005660,0.0,0.0,0.0
2022-01-17 19:10:20.502319,0.0,0.0,0.0
2022-01-17 19:10:21.001233,0.0,0.0,0.0
2022-01-17 19:10:21.505818,0.0,0.0,0.0
2022-01-17 19:10:22.005035,0.0,0.0,0.0
2022-01-17 19:10:22.511066,0.0,0.0,0.0
2022-01-17 19:10:23.010072,0.0,0.0,0.0
2022-01-17 19:10:23.505098,0.0,0.0,0.0
2022-01-17 19:10:24.002774,0.0,0.0,0.0
2022-01-17 19:10:24.507398,0.0,0.0,0.0
2022-01-17 19:10:25.005175,0.0,0.0,0.0
2022-01-17 19:10:25.501411,0.0,0.0,0.0
2022-01-17 19:10:26.009689,0.0,0.0,0.0
2022-01-17 19:10:26.503981,0.0,0.0,0.0
2022-01-17 19:10:27.002340,0.0,0.0,0.0
2022-01-17 19:10:27.506399,0.0,0.0,0.0
2022-01-17 19:10:28.004628,0.0,0.0,0.0
2022-01-17 19:10:28.510502,0.0,0.0,0.0
2022-01-17 19:10:29.008290,0.0,0.0,0.0
2022-01-17 19:10:29.503704,0.0,0.0,0.0
2022-01-17 19:10:30.002845,0.0,0.0,0.0
2022-01-17 19:10:30.507601,0.0,0.0,0.0
2022-01-17 19:10:31.005390,0.0,0.0,0.0
2022-01-17 19:10:31.510093,0.0,0.0,0.0
2022-01-17 19:10:32.007925,0.0,0.0,0.0
2022-01-17 19:10:32.503508,0.0,0.0,0.0
2022-01-17 19:10:33.001776,0.0,0.0,0.0
2022-01-17 19:10:33.506811,0.0,0.0,0.0
2022-01-17 19:10:34.005415,0.0,0.0,0.0
2022-01-17 19:10:34.501269,0.0,0.0,0.0
2022-01-17 19:10:35.008402,0.0,0.0,0.0
2022-01-17 19:10:35.504298,0.0,0.0,0.0
2022-01-17 19:10:36.001601,0.0,0.0,0.0
2022-01-17 19:10:36.507498,0.0,0.0,0.0
2022-01-17 19:10:37.005339,0.0,0.0,0.0
2022-01-17 19:10:37.511033,0.0,0.0,0.0
2022-01-17 19:10:38.009013,0.0,0.0,0.0
2022-01-17 19:10:38.505867,0.0,0.0,0.0
2022-01-17 19:10:39.002698,0.0,0.0,0.0
2022-01-17 19:10:39.508261,0.0,0.0,0.0
2022-01-17 19:10:40.005724,0.0,0.0,0.0
2022-01-17 19:10:40.510662,0.0,0.0,0.0
2022-01-17 19:10:41.008199,0.0,0.0,0.0
2022-01-17 19:10:41.503176,0.0,0.0,0.0
2022-01-17 19:10:42.010332,0.0,0.0,0.0
2022-01-17 19:10:42.504395,0.0,0.0,0.0
2022-01-17 19:10:43.002221,0.0,0.0,0.0
2022-01-17 19:10:43.508330,0.0,0.0,0.0
2022-01-17 19:10:44.007234,0.0,0.0,0.0
2022-01-17 19:10:44.501765,0.0,0.0,0.0
2022-01-17 19:10:45.010176,0.0,0.0,0.0
2022-01-17 19:10:45.505011,0.0,0.0,0.0
2022-01-17 19:10:46.003426,0.0,0.0,0.0
2022-01-17 19:10:46.509722,0.0,0.0,0.0
2022-01-17 19:10:47.009059,0.0,0.0,-0.03864
2022-01-17 19:10:47.506513,0.0,0.0,-0.03864
2022-01-17 19:10:48.005514,0.0,0.0,0.0
2022-01-17 19:10:48.511057,0.0,0.0,0.0
2022-01-17 19:10:49.008896,0.0,0.0,0.0
2022-01-17 19:10:49.504539,0.0,0.0,0.0
2022-01-17 19:10:50.002625,0.0,0.0,0.0
2022-01-17 19:10:50.508340,0.0,0.0,0.0
2022-01-17 19:10:51.008609,0.0,0.0,0.0
2022-01-17 19:10:51.505575,0.0,0.0,0.0
2022-01-17 19:10:52.004759,0.0,0.0,0.0
2022-01-17 19:10:52.510772,0.0,0.0,0.0
2022-01-17 19:10:53.009158,0.0,0.0,0.0
2022-01-17 19:10:53.502689,0.0,0.0,0.0
2022-01-17 19:10:54.009716,0.0,0.0,0.0
2022-01-17 19:10:54.508175,0.0,0.0,0.0
2022-01-17 19:10:55.009073,0.0,0.0,0.0
2022-01-17 19:10:55.504111,0.0,0.0,0.0
2022-01-17 19:10:56.001713,0.0,0.0,0.0
2022-01-17 19:10:56.508168,0.0,0.0,0.0
2022-01-17 19:10:57.006120,0.0,0.0,0.0
2022-01-17 19:10:57.509704,0.0,0.0,0.0
2022-01-17 19:10:58.006314,0.0,0.0,0.0
2022-01-17 19:10:58.502304,0.0,0.0,0.0
2022-01-17 19:10:59.011214,0.0,0.0,0.0
2022-01-17 19:10:59.506748,0.0,0.0,0.0
2022-01-17 19:11:00.005193,0.0,0.0,0.0
2022-01-17 19:11:00.501704,0.0,0.0,0.0
2022-01-17 19:11:01.010190,0.0,0.0,0.0
2022-01-17 19:11:01.504672,0.0,0.0,0.0
2022-01-17 19:11:02.002846,0.0,0.0,0.0
2022-01-17 19:11:02.507484,0.0,0.0,0.0
2022-01-17 19:11:03.005590,0.0,0.0,0.0
2022-01-17 19:11:03.510927,0.0,0.0,0.0
2022-01-17 19:11:04.008276,0.0,0.0,0.0
2022-01-17 19:11:04.504611,0.0,0.0,0.0
2022-01-17 19:11:05.003105,0.0,0.0,0.0
2022-01-17 19:11:05.507706,0.0,0.0,0.0
2022-01-17 19:11:06.005873,0.0,0.0,0.0
2022-01-17 19:11:06.510697,0.0,0.0,0.0
2022-01-17 19:11:07.008396,0.0,0.0,0.0
2022-01-17 19:11:07.502877,0.0,0.0,0.0
2022-01-17 19:11:08.010768,0.0,0.0,0.0
2022-01-17 19:11:08.505885,0.0,0.0,0.0
2022-01-17 19:11:09.004953,0.0,0.0,0.0
2022-01-17 19:11:09.509571,0.0,0.0,0.0
2022-01-17 19:11:10.004494,0.0,0.0,0.0
2022-01-17 19:11:10.508309,0.0,0.0,0.0
2022-01-17 19:11:11.006359,0.0,0.0,0.0
2022-01-17 19:11:11.501070,0.0,0.0,0.0
2022-01-17 19:11:12.009148,0.0,0.0,0.0
2022-01-17 19:11:12.503485,0.0,0.0,0.0
2022-01-17 19:11:13.001769,0.0,0.0,0.0
2022-01-17 19:11:13.508519,0.0,0.0,0.0
2022-01-17 19:11:14.005311,0.0,0.0,0.0
2022-01-17 19:11:14.509984,0.0,0.0,0.0
2022-01-17 19:11:15.008638,0.0,0.0,0.0
2022-01-17 19:11:15.502321,0.0,0.0,0.0
2022-01-17 19:11:16.010913,0.0,0.0,0.0
2022-01-17 19:11:16.504857,0.0,0.0,0.0
2022-01-17 19:11:17.002183,0.0,0.0,0.0
2022-01-17 19:11:17.505733,0.0,0.0,0.0
2022-01-17 19:11:18.002808,0.0,0.0,0.0
2022-01-17 19:11:18.509957,0.0,0.0,0.0
2022-01-17 19:11:19.009661,0.0,0.0,0.0
2022-01-17 19:11:19.506309,0.0,0.0,0.0
2022-01-17 19:11:20.003966,0.0,0.0,0.0
2022-01-17 19:11:20.508527,0.0,0.0,0.0
2022-01-17 19:11:21.004769,0.0,0.0,0.0
2022-01-17 19:11:21.507484,0.0,0.0,0.0
2022-01-17 19:11:22.004944,0.0,0.0,0.0
2022-01-17 19:11:22.501371,0.0,0.0,0.0
2022-01-17 19:11:23.001277,0.0,0.0,0.0
2022-01-17 19:11:23.505365,0.0,0.0,0.0
2022-01-17 19:11:24.002441,0.0,0.0,0.0
2022-01-17 19:11:24.506279,0.0,0.0,0.0
2022-01-17 19:11:25.005039,0.0,0.0,0.0
2022-01-17 19:11:25.509160,0.0,0.0,0.0
2022-01-17 19:11:26.007354,0.0,0.0,0.0
2022-01-17 19:11:26.503920,0.0,0.0,0.0
2022-01-17 19:11:27.006768,0.0,0.0,0.0
2022-01-17 19:11:27.505139,0.0,0.0,0.0
2022-01-17 19:11:28.002275,0.0,0.0,0.0
2022-01-17 19:11:28.507265,0.0,0.0,0.0
2022-01-17 19:11:29.004781,0.0,0.0,0.0
2022-01-17 19:11:29.510380,0.0,0.0,0.0
2022-01-17 19:11:30.007832,0.0,0.0,0.0
2022-01-17 19:11:30.501678,0.0,0.0,0.0
2022-01-17 19:11:31.505312,0.0,0.0,0.0
2022-01-17 19:11:32.005130,0.0,0.0,0.0
2022-01-17 19:11:32.510964,0.0,0.0,0.0
2022-01-17 19:11:33.008220,0.0,0.0,0.0
2022-01-17 19:11:33.503734,0.0,0.0,0.0
2022-01-17 19:11:34.001405,0.0,0.0,0.0
2022-01-17 19:11:34.506767,0.0,0.0,0.0
2022-01-17 19:11:35.004343,0.0,0.0,0.0
2022-01-17 19:11:35.510550,0.0,0.0,0.0
2022-01-17 19:11:36.008210,0.0,0.0,0.0
2022-01-17 19:11:36.503695,0.0,0.0,0.0
2022-01-17 19:11:37.004042,0.0,0.0,0.0
2022-01-17 19:11:37.509253,0.0,0.0,0.0
2022-01-17 19:11:38.006254,0.0,0.0,0.0
2022-01-17 19:11:38.501186,0.0,0.0,0.0
2022-01-17 19:11:39.009995,0.0,0.0,0.0
2022-01-17 19:11:39.504078,0.0,0.0,0.0
2022-01-17 19:11:40.001774,0.0,0.0,0.0
2022-01-17 19:11:40.506267,0.0,0.0,0.0
2022-01-17 19:11:41.003585,0.0,0.0,0.0
2022-01-17 19:11:42.005107,0.0,0.0,0.0
2022-01-17 19:11:42.509715,0.0,0.0,0.0
2022-01-17 19:11:43.007654,0.0,0.0,0.0
2022-01-17 19:11:43.501957,0.0,0.0,0.0
2022-01-17 19:11:44.009485,0.0,0.0,0.0
2022-01-17 19:11:44.504886,0.0,0.0,0.0
2022-01-17 19:11:45.002844,0.0,0.0,0.0
2022-01-17 19:11:45.508371,0.0,0.0,0.0
2022-01-17 19:11:46.005925,0.0,0.0,0.0
2022-01-17 19:11:46.503243,0.0,0.0,0.0
2022-01-17 19:11:47.001622,0.0,0.0,0.0
2022-01-17 19:11:47.507109,0.0,0.0,0.0
2022-01-17 19:11:48.004515,0.0,0.0,0.0
2022-01-17 19:11:48.509067,0.0,0.0,0.0
2022-01-17 19:11:49.006904,0.0,0.0,0.0
2022-01-17 19:11:49.501334,0.0,0.0,0.0
2022-01-17 19:11:50.009738,0.0,0.0,0.0
2022-01-17 19:11:50.507353,0.0,0.0,0.0
2022-01-17 19:11:51.007374,0.0,0.0,0.0
2022-01-17 19:11:51.502739,0.0,0.0,0.0
2022-01-17 19:11:52.001341,0.0,0.0,0.0
2022-01-17 19:11:52.501148,0.0,0.0,0.0
2022-01-17 19:11:53.009233,0.0,0.0,0.0
2022-01-17 19:11:53.505847,0.0,0.0,0.0
2022-01-17 19:11:54.005069,0.0,0.0,0.0
2022-01-17 19:11:54.509964,0.0,0.0,0.0
2022-01-17 19:11:55.008172,0.0,0.0,0.0
2022-01-17 19:11:55.502908,0.0,0.0,0.0
2022-01-17 19:11:56.010828,0.0,0.0,0.0
2022-01-17 19:11:56.504996,0.0,0.0,0.0
2022-01-17 19:11:57.002500,0.0,0.0,0.0
2022-01-17 19:11:57.508954,0.0,0.0,0.0
2022-01-17 19:11:58.008325,0.0,0.0,0.0
2022-01-17 19:11:58.502759,0.0,0.0,0.0
2022-01-17 19:11:59.001476,0.0,0.0,0.0
2022-01-17 19:11:59.508438,0.0,0.0,0.0
2022-01-17 19:12:00.009174,0.0,0.0,0.0
2022-01-17 19:12:00.504058,0.0,0.0,0.0
2022-01-17 19:12:01.002024,0.0,0.0,0.0
2022-01-17 19:12:01.507097,0.0,0.0,0.0
2022-01-17 19:12:02.005055,0.0,0.0,0.0
2022-01-17 19:12:02.510431,0.0,0.0,0.0
2022-01-17 19:12:03.010173,0.0,0.0,0.0
2022-01-17 19:12:03.506200,0.0,0.0,0.0
2022-01-17 19:12:04.005669,0.0,0.0,0.0
2022-01-17 19:12:04.501765,0.0,0.0,0.0
2022-01-17 19:12:05.010186,0.0,0.0,0.0
2022-01-17 19:12:05.505336,0.0,0.0,0.0
2022-01-17 19:12:06.002729,0.0,0.0,0.0
2022-01-17 19:12:06.510197,0.0,0.0,0.0
2022-01-17 19:12:07.009081,0.0,0.0,0.0
2022-01-17 19:12:07.506602,0.0,0.0,0.0
2022-01-17 19:12:08.003115,0.0,0.0,0.0
2022-01-17 19:12:08.507476,0.0,0.0,0.0
2022-01-17 19:12:09.004540,0.0,0.0,0.0
2022-01-17 19:12:09.510252,0.0,0.0,0.0
2022-01-17 19:12:10.006665,0.0,0.0,0.0
2022-01-17 19:12:10.502082,0.0,0.0,0.0
2022-01-17 19:12:11.010691,0.0,0.0,0.0
2022-01-17 19:12:11.505749,0.0,0.0,0.0
2022-01-17 19:12:12.004688,0.0,0.0,0.0
2022-01-17 19:12:12.508758,0.0,0.0,0.0
2022-01-17 19:12:13.005939,0.0,0.0,0.0
2022-01-17 19:12:13.503386,0.0,0.0,0.0
2022-01-17 19:12:14.010813,0.0,0.0,0.0
2022-01-17 19:12:14.505141,0.0,0.0,0.0
2022-01-17 19:12:15.004652,0.0,0.0,0.0
2022-01-17 19:12:15.506512,0.0,0.0,0.0
2022-01-17 19:12:16.005371,0.0,0.0,0.0
2022-01-17 19:12:16.510068,0.0,0.0,0.0
2022-01-17 19:12:17.008308,0.0,0.0,0.0
2022-01-17 19:12:17.503670,0.0,0.0,0.0
2022-01-17 19:12:18.002120,0.0,0.0,0.0
2022-01-17 19:12:18.507060,0.0,0.0,0.0
2022-01-17 19:12:19.005481,0.0,0.0,0.0
2022-01-17 19:12:19.501695,0.0,0.0,0.0
2022-01-17 19:12:20.009912,0.0,0.0,0.0
2022-01-17 19:12:20.506357,0.0,0.0,0.0
2022-01-17 19:12:21.007650,0.0,0.0,0.0
2022-01-17 19:12:21.501563,0.0,0.0,0.0
2022-01-17 19:12:22.010730,0.0,0.0,0.0
2022-01-17 19:12:22.508065,0.0,0.0,0.0
2022-01-17 19:12:23.006635,0.0,0.0,0.0
2022-01-17 19:12:23.510450,0.0,0.0,0.0
2022-01-17 19:12:24.008735,0.0,0.0,0.0
2022-01-17 19:12:24.503004,0.0,0.0,0.0
2022-01-17 19:12:25.001019,0.0,0.0,0.0
2022-01-17 19:12:25.506778,0.0,0.0,0.0
2022-01-17 19:12:26.005138,0.0,0.0,0.0
2022-01-17 19:12:26.509725,0.0,0.0,0.0
2022-01-17 19:12:27.009933,0.0,0.0,0.0
2022-01-17 19:12:27.504621,0.0,0.0,0.0
2022-01-17 19:12:28.010846,0.0,0.0,0.0
2022-01-17 19:12:28.505401,0.0,0.0,0.0
2022-01-17 19:12:29.003292,0.0,0.0,0.0
2022-01-17 19:12:29.508697,0.0,0.0,0.0
2022-01-17 19:12:30.006512,0.0,0.0,0.0
2022-01-17 19:12:30.510598,0.0,0.0,0.0
2022-01-17 19:12:31.008849,0.0,0.0,0.0
2022-01-17 19:12:31.505972,0.0,0.0,0.0
2022-01-17 19:12:32.003908,0.0,0.0,0.0
2022-01-17 19:12:32.509339,0.0,0.0,0.0
2022-01-17 19:12:33.005578,0.0,0.0,0.0
2022-01-17 19:12:33.510343,0.0,0.0,0.0
2022-01-17 19:12:34.007276,0.0,0.0,0.0
2022-01-17 19:12:34.502697,0.0,0.0,0.0
2022-01-17 19:12:35.010114,0.0,0.0,0.0
2022-01-17 19:12:35.504649,0.0,0.0,0.0
2022-01-17 19:12:36.003421,0.0,0.0,0.0
2022-01-17 19:12:36.503519,0.0,0.0,0.0
2022-01-17 19:12:37.505517,0.0,0.0,0.0
2022-01-17 19:12:38.005048,0.0,0.0,0.0
2022-01-17 19:12:38.509673,0.0,0.0,0.0
2022-01-17 19:12:39.007904,0.0,0.0,0.0
2022-01-17 19:12:39.504438,0.0,0.0,0.0
2022-01-17 19:12:40.001967,0.0,0.0,0.0
2022-01-17 19:12:40.505977,0.0,0.0,0.0
2022-01-17 19:12:41.004567,0.0,0.0,0.0
2022-01-17 19:12:41.501821,0.0,0.0,0.0
2022-01-17 19:12:42.011197,0.0,0.0,0.0
2022-01-17 19:12:42.505667,0.0,0.0,0.0
2022-01-17 19:12:43.003489,0.0,0.0,0.0
2022-01-17 19:12:43.507562,0.0,0.0,0.0
2022-01-17 19:12:44.005881,0.0,0.0,0.0
2022-01-17 19:12:44.509773,0.0,0.0,0.0
2022-01-17 19:12:45.007530,0.0,0.0,0.0
2022-01-17 19:12:45.503766,0.0,0.0,0.0
2022-01-17 19:12:46.001388,0.0,0.0,0.0
2022-01-17 19:12:46.506346,0.0,0.0,0.0
2022-01-17 19:12:47.005228,0.0,0.0,0.0
2022-01-17 19:12:47.510795,0.0,0.0,0.0
2022-01-17 19:12:48.008662,0.0,0.0,0.0
2022-01-17 19:12:48.504771,0.0,0.0,0.0
2022-01-17 19:12:49.002080,0.0,0.0,0.0
2022-01-17 19:12:49.507369,0.0,0.0,0.0
2022-01-17 19:12:50.005758,0.0,0.0,0.0
2022-01-17 19:12:50.510747,0.0,0.0,0.0
2022-01-17 19:12:51.008246,0.0,0.0,0.0
2022-01-17 19:12:51.502738,0.0,0.0,0.0
2022-01-17 19:12:52.001601,0.0,0.0,0.0
2022-01-17 19:12:52.508111,0.0,0.0,0.0
2022-01-17 19:12:53.005865,0.0,0.0,0.0
2022-01-17 19:12:53.502577,0.0,0.0,0.0
2022-01-17 19:12:54.010643,0.0,0.0,0.0
2022-01-17 19:12:54.509432,0.0,0.0,0.0
2022-01-17 19:12:55.007872,0.0,0.0,0.0
2022-01-17 19:12:55.502067,0.0,0.0,0.0
2022-01-17 19:12:56.010756,0.0,0.0,0.0
2022-01-17 19:12:56.505137,0.0,0.0,0.0
2022-01-17 19:12:57.002295,0.0,0.0,0.0
2022-01-17 19:12:57.508641,0.0,0.0,0.0
2022-01-17 19:12:58.005497,0.0,0.0,0.0
2022-01-17 19:12:58.510770,0.0,0.0,0.0
2022-01-17 19:12:59.008986,0.0,0.0,0.0
2022-01-17 19:12:59.503861,0.0,0.0,0.0
2022-01-17 19:13:00.002388,0.0,0.0,0.0
2022-01-17 19:13:00.506258,0.0,0.0,0.0
2022-01-17 19:13:01.004678,0.0,0.0,0.0
2022-01-17 19:13:01.508985,0.0,0.0,0.0
2022-01-17 19:13:02.006972,0.0,0.0,0.0
2022-01-17 19:13:02.504308,0.0,0.0,0.0
2022-01-17 19:13:03.001715,0.0,0.0,0.0
2022-01-17 19:13:03.506245,0.0,0.0,0.0
2022-01-17 19:13:04.005113,0.0,0.0,0.0
2022-01-17 19:13:04.508941,0.0,0.0,0.0
2022-01-17 19:13:05.006084,0.0,0.0,0.0
2022-01-17 19:13:05.510275,0.0,0.0,0.0
2022-01-17 19:13:06.008976,0.0,0.0,0.0
2022-01-17 19:13:06.502482,0.0,0.0,0.0
2022-01-17 19:13:07.010296,0.0,0.0,0.0
2022-01-17 19:13:07.507847,0.0,0.0,0.0
2022-01-17 19:13:08.006959,0.0,0.0,0.0
2022-01-17 19:13:08.501094,0.0,0.0,0.0
2022-01-17 19:13:09.007456,0.0,0.0,0.0
2022-01-17 19:13:09.503355,0.0,0.0,0.0
2022-01-17 19:13:10.002032,0.0,0.0,0.0
2022-01-17 19:13:10.507185,0.0,0.0,0.0
2022-01-17 19:13:11.005563,0.0,0.0,0.0
2022-01-17 19:13:11.510176,0.0,0.0,0.0
2022-01-17 19:13:12.009070,0.0,0.0,0.0
2022-01-17 19:13:12.504673,0.0,0.0,0.0
2022-01-17 19:13:13.002364,0.0,0.0,0.0
2022-01-17 19:13:13.507877,0.0,0.0,0.0
2022-01-17 19:13:14.006544,0.0,0.0,0.0
2022-01-17 19:13:14.502404,0.0,0.0,0.0
2022-01-17 19:13:15.010922,0.0,0.0,0.0
2022-01-17 19:13:15.505108,0.0,0.0,0.0
2022-01-17 19:13:16.002291,0.0,0.0,0.0
2022-01-17 19:13:16.507847,0.0,0.0,0.0
2022-01-17 19:13:17.004918,0.0,0.0,0.0
2022-01-17 19:13:18.005398,0.0,0.0,0.0
2022-01-17 19:13:18.509120,0.0,0.0,0.0
2022-01-17 19:13:19.006878,0.0,0.0,0.0
2022-01-17 19:13:19.501763,0.0,0.0,0.0
2022-01-17 19:13:20.010222,0.0,0.0,0.0
2022-01-17 19:13:20.506407,0.0,0.0,0.0
2022-01-17 19:13:21.005717,0.0,0.0,0.0
2022-01-17 19:13:21.502749,0.0,0.0,0.0
2022-01-17 19:13:22.011238,0.0,0.0,0.0
2022-01-17 19:13:22.505715,0.0,0.0,0.0
2022-01-17 19:13:23.004832,0.0,0.0,0.0
2022-01-17 19:13:23.510511,0.0,0.0,0.0
2022-01-17 19:13:24.010135,0.0,0.0,0.0
2022-01-17 19:13:24.505197,0.0,0.0,0.0
2022-01-17 19:13:25.003320,0.0,0.0,0.0
2022-01-17 19:13:25.509034,0.0,0.0,0.0
2022-01-17 19:13:26.007524,0.0,0.0,0.0
2022-01-17 19:13:26.503315,0.0,0.0,0.0
2022-01-17 19:13:27.010797,0.0,0.0,0.0
2022-01-17 19:13:27.504925,0.0,0.0,0.0
2022-01-17 19:13:28.002396,0.0,0.0,0.0
2022-01-17 19:13:28.508653,0.0,0.0,0.0
2022-01-17 19:13:29.007102,0.0,0.0,0.0
2022-01-17 19:13:29.501615,0.0,0.0,0.0
2022-01-17 19:13:30.010619,0.0,0.0,0.0
2022-01-17 19:13:30.506781,0.0,0.0,0.0
2022-01-17 19:13:31.008211,0.0,0.0,0.0
2022-01-17 19:13:31.502863,0.0,0.0,0.0
2022-01-17 19:13:32.001924,0.0,0.0,0.0
2022-01-17 19:13:32.506763,0.0,0.0,0.0
2022-01-17 19:13:33.003895,0.0,0.0,0.0
2022-01-17 19:13:33.510950,0.0,0.0,0.0
2022-01-17 19:13:34.008812,0.0,0.0,0.0
2022-01-17 19:13:34.503582,0.0,0.0,0.0
2022-01-17 19:13:35.001669,0.0,0.0,0.0
2022-01-17 19:13:35.508436,0.0,0.0,0.0
2022-01-17 19:13:36.006986,0.0,0.0,0.0
2022-01-17 19:13:36.502430,0.0,0.0,0.0
2022-01-17 19:13:37.010175,0.0,0.0,0.0
2022-01-17 19:13:37.505416,0.0,0.0,0.0
2022-01-17 19:13:38.004186,0.0,0.0,0.0
2022-01-17 19:13:38.510194,0.0,0.0,0.0
2022-01-17 19:13:39.007035,0.0,0.0,0.0
2022-01-17 19:13:39.501101,0.0,0.0,0.0
2022-01-17 19:13:40.001319,0.0,0.0,0.0
2022-01-17 19:13:40.506439,0.0,0.0,0.0
2022-01-17 19:13:41.004031,0.0,0.0,0.0
2022-01-17 19:13:41.507824,0.0,0.0,0.0
2022-01-17 19:13:42.006429,0.0,0.0,0.0
2022-01-17 19:13:42.501808,0.0,0.0,0.0
2022-01-17 19:13:43.010230,0.0,0.0,0.0
2022-01-17 19:13:43.505099,0.0,0.0,0.0
2022-01-17 19:13:44.003074,0.0,0.0,0.0
2022-01-17 19:13:44.510231,0.0,0.0,0.0
2022-01-17 19:13:45.009347,0.0,0.0,0.0
2022-01-17 19:13:45.506870,0.0,0.0,0.0
2022-01-17 19:13:46.005752,0.0,0.0,0.0
2022-01-17 19:13:46.510398,0.0,0.0,0.0
2022-01-17 19:13:47.008368,0.0,0.0,0.0
2022-01-17 19:13:47.503409,0.0,0.0,0.0
2022-01-17 19:13:48.504921,0.0,0.0,0.0
2022-01-17 19:13:49.002532,0.0,0.0,0.0
2022-01-17 19:13:49.508581,0.0,0.0,0.0
2022-01-17 19:13:50.006361,0.0,0.0,0.0
2022-01-17 19:13:50.501667,0.0,0.0,0.0
2022-01-17 19:13:51.009374,0.0,0.0,0.0
2022-01-17 19:13:51.503656,0.0,0.0,0.0
2022-01-17 19:13:52.001750,0.0,0.0,0.0
2022-01-17 19:13:52.507117,0.0,0.0,0.0
2022-01-17 19:13:53.005514,0.0,0.0,0.0
2022-01-17 19:13:53.509720,0.0,0.0,0.0
2022-01-17 19:13:54.011279,0.0,0.0,0.0
2022-01-17 19:13:54.504987,0.0,0.0,0.0
2022-01-17 19:13:55.004110,0.0,0.0,0.0
2022-01-17 19:13:55.509634,0.0,0.0,0.0
2022-01-17 19:13:56.008752,0.0,0.0,0.0
2022-01-17 19:13:56.503780,0.0,0.0,0.0
2022-01-17 19:13:57.001413,0.0,0.0,0.0
2022-01-17 19:13:57.507800,0.0,0.0,0.0
2022-01-17 19:13:58.006439,0.0,0.0,0.0
2022-01-17 19:13:58.504996,0.0,0.0,0.0
2022-01-17 19:13:59.002695,0.0,0.0,0.0
2022-01-17 19:13:59.507514,0.0,0.0,0.0
2022-01-17 19:14:00.005609,0.0,0.0,0.0
2022-01-17 19:14:00.509794,0.0,0.0,0.0
2022-01-17 19:14:01.008502,0.0,0.0,0.0
2022-01-17 19:14:01.504808,0.0,0.0,0.0
2022-01-17 19:14:02.002554,0.0,0.0,0.0
2022-01-17 19:14:02.508605,0.0,0.0,0.0
2022-01-17 19:14:03.005526,0.0,0.0,0.0
2022-01-17 19:14:03.510302,0.0,0.0,0.0
2022-01-17 19:14:04.008240,0.0,0.0,0.0
2022-01-17 19:14:04.503610,0.0,0.0,0.0
2022-01-17 19:14:05.002114,0.0,0.0,0.0
2022-01-17 19:14:05.508073,0.0,0.0,0.0
2022-01-17 19:14:06.005694,0.0,0.0,0.0
2022-01-17 19:14:06.501988,0.0,0.0,0.0
2022-01-17 19:14:07.001739,0.0,0.0,0.0
2022-01-17 19:14:07.506095,0.0,0.0,0.0
2022-01-17 19:14:08.005486,0.0,0.0,0.0
2022-01-17 19:14:08.510827,0.0,0.0,0.0
2022-01-17 19:14:09.008114,0.0,0.0,0.0
2022-01-17 19:14:09.502441,0.0,0.0,0.0
2022-01-17 19:14:10.010223,0.0,0.0,0.0
2022-01-17 19:14:10.504755,0.0,0.0,0.0
2022-01-17 19:14:11.001607,0.0,0.0,0.0
2022-01-17 19:14:11.508995,0.0,0.0,0.0
2022-01-17 19:14:12.007766,0.0,0.0,0.0
2022-01-17 19:14:12.504331,0.0,0.0,0.0
2022-01-17 19:14:13.002448,0.0,0.0,0.0
2022-01-17 19:14:13.508406,0.0,0.0,0.0
2022-01-17 19:14:14.006064,0.0,0.0,0.0
2022-01-17 19:14:14.501251,0.0,0.0,0.0
2022-01-17 19:14:15.008620,0.0,0.0,0.0
2022-01-17 19:14:15.504371,0.0,0.0,0.0
2022-01-17 19:14:16.003592,0.0,0.0,0.0
2022-01-17 19:14:16.508689,0.0,0.0,0.0
2022-01-17 19:14:17.006216,0.0,0.0,0.0
2022-01-17 19:14:17.501446,0.0,0.0,0.0
2022-01-17 19:14:18.006648,0.0,0.0,0.0
2022-01-17 19:14:18.502476,0.0,0.0,0.0
2022-01-17 19:14:19.010396,0.0,0.0,0.0
2022-01-17 19:14:19.505249,0.0,0.0,0.0
2022-01-17 19:14:20.005533,0.0,0.0,0.0
2022-01-17 19:14:20.503417,0.0,0.0,0.0
2022-01-17 19:14:21.001679,0.0,0.0,0.0
2022-01-17 19:14:21.506938,0.0,0.0,0.0
2022-01-17 19:14:22.006181,0.0,0.0,0.0
2022-01-17 19:14:23.005111,0.0,0.0,0.0
2022-01-17 19:14:23.501177,0.0,0.0,0.0
2022-01-17 19:14:24.010377,0.0,0.0,0.0
2022-01-17 19:14:24.505347,0.0,0.0,0.0
2022-01-17 19:14:25.002980,0.0,0.0,0.0
2022-01-17 19:14:25.505768,0.0,0.0,0.0
2022-01-17 19:14:26.002517,0.0,0.0,0.0
2022-01-17 19:14:26.507588,0.0,0.0,0.0
2022-01-17 19:14:27.005536,0.0,0.0,0.0
2022-01-17 19:14:27.501413,0.0,0.0,0.0
2022-01-17 19:14:28.001951,0.0,0.0,0.0
2022-01-17 19:14:28.509358,0.0,0.0,0.0
2022-01-17 19:14:29.006201,0.0,0.0,0.0
2022-01-17 19:14:29.502041,0.0,0.0,0.0
2022-01-17 19:14:30.010995,0.0,0.0,0.0
2022-01-17 19:14:30.506097,0.0,0.0,0.0
2022-01-17 19:14:31.004909,0.0,0.0,0.0
2022-01-17 19:14:31.501850,0.0,0.0,0.0
2022-01-17 19:14:32.010738,0.0,0.0,0.0
2022-01-17 19:14:32.506131,0.0,0.0,0.0
2022-01-17 19:14:33.004326,0.0,0.0,0.0
2022-01-17 19:14:33.510791,0.0,0.0,0.0
2022-01-17 19:14:34.010579,0.0,0.0,0.0
2022-01-17 19:14:34.505979,0.0,0.0,0.0
2022-01-17 19:14:35.004240,0.0,0.0,0.0
2022-01-17 19:14:35.507461,0.0,0.0,0.0
2022-01-17 19:14:36.006672,0.0,0.0,0.0
2022-01-17 19:14:36.502309,0.0,0.0,0.0
2022-01-17 19:14:37.001224,0.0,0.0,0.0
2022-01-17 19:14:37.506859,0.0,0.0,0.0
2022-01-17 19:14:38.005484,0.0,0.0,0.0
2022-01-17 19:14:38.501447,0.0,0.0,0.0
2022-01-17 19:14:39.010664,0.0,0.0,0.0
2022-01-17 19:14:39.505188,0.0,0.0,0.0
2022-01-17 19:14:40.003563,0.0,0.0,0.0
2022-01-17 19:14:40.507769,0.0,0.0,0.0
2022-01-17 19:14:41.005678,0.0,0.0,0.0
2022-01-17 19:14:41.501259,0.0,0.0,0.0
2022-01-17 19:14:42.010533,0.0,0.0,0.0
2022-01-17 19:14:42.505689,0.0,0.0,0.0
2022-01-17 19:14:43.004737,0.0,0.0,0.0
2022-01-17 19:14:43.509144,0.0,0.0,0.0
2022-01-17 19:14:44.006447,0.0,0.0,0.0
2022-01-17 19:14:44.501255,0.0,0.0,0.0
2022-01-17 19:14:45.009250,0.0,0.0,0.0
2022-01-17 19:14:45.504115,0.0,0.0,0.0
2022-01-17 19:14:46.505128,0.0,0.0,0.0
2022-01-17 19:14:47.002919,0.0,0.0,0.0
2022-01-17 19:14:47.508686,0.0,0.0,0.0
2022-01-17 19:14:48.006750,0.0,0.0,0.0
2022-01-17 19:14:48.502794,0.0,0.0,0.0
2022-01-17 19:14:49.505120,0.0,0.0,0.0
2022-01-17 19:14:50.004107,0.0,0.0,0.0
2022-01-17 19:14:50.508666,0.0,0.0,0.0
2022-01-17 19:14:51.007129,0.0,0.0,0.0
2022-01-17 19:14:51.502762,0.0,0.0,0.0
2022-01-17 19:14:52.001564,0.0,0.0,0.0
2022-01-17 19:14:52.506084,0.0,0.0,0.0
2022-01-17 19:14:53.008462,0.0,0.0,0.0
2022-01-17 19:14:53.504679,0.0,0.0,0.0
2022-01-17 19:14:54.004066,0.0,0.0,0.0
2022-01-17 19:14:54.501310,0.0,0.0,0.0
2022-01-17 19:14:55.011212,0.0,0.0,0.0
2022-01-17 19:14:55.506533,0.0,0.0,0.0
2022-01-17 19:14:56.004696,0.0,0.0,0.0
2022-01-17 19:14:56.510540,0.0,0.0,0.0
2022-01-17 19:14:57.009740,0.0,0.0,0.0
2022-01-17 19:14:57.505549,0.0,0.0,0.0
2022-01-17 19:14:58.003662,0.0,0.0,0.0
2022-01-17 19:14:58.509018,0.0,0.0,0.0
2022-01-17 19:14:59.006783,0.0,0.0,0.0
2022-01-17 19:14:59.501681,0.0,0.0,0.0
2022-01-17 19:15:00.009591,0.0,0.0,0.0
2022-01-17 19:15:00.503051,0.0,0.0,0.0
2022-01-17 19:15:01.011333,0.0,0.0,0.0
2022-01-17 19:15:01.507448,0.0,0.0,0.0
2022-01-17 19:15:02.005756,0.0,0.0,0.0
2022-01-17 19:15:02.510492,0.0,0.0,0.0
2022-01-17 19:15:03.008916,0.0,0.0,0.0
2022-01-17 19:15:03.502593,0.0,0.0,0.0
2022-01-17 19:15:04.002126,0.0,0.0,0.0
2022-01-17 19:15:04.508272,0.0,0.0,0.0
2022-01-17 19:15:05.006136,0.0,0.0,0.0
2022-01-17 19:15:05.503868,0.0,0.0,0.0
2022-01-17 19:15:06.001908,0.0,0.0,0.0
2022-01-17 19:15:06.505788,0.0,0.0,0.0
2022-01-17 19:15:07.002972,0.0,0.0,0.0
2022-01-17 19:15:07.507676,0.0,0.0,0.0
2022-01-17 19:15:08.006388,0.0,0.0,0.0
2022-01-17 19:15:08.501720,0.0,0.0,0.0
2022-01-17 19:15:09.010252,0.0,0.0,0.0
2022-01-17 19:15:09.504779,0.0,0.0,0.0
2022-01-17 19:15:10.002600,0.0,0.0,0.0
2022-01-17 19:15:10.506402,0.0,0.0,0.0
2022-01-17 19:15:11.004270,0.0,0.0,0.0
2022-01-17 19:15:11.501254,0.0,0.0,0.0
2022-01-17 19:15:12.010840,0.0,0.0,0.0
2022-01-17 19:15:12.505672,0.0,0.0,0.0
2022-01-17 19:15:13.003995,0.0,0.0,0.0
2022-01-17 19:15:13.508994,0.0,0.0,0.0
2022-01-17 19:15:14.005718,0.0,0.0,0.0
2022-01-17 19:15:14.501965,0.0,0.0,0.0
2022-01-17 19:15:15.010515,0.0,0.0,0.0
2022-01-17 19:15:15.504032,0.0,0.0,0.0
2022-01-17 19:15:16.001715,0.0,0.0,0.0
2022-01-17 19:15:16.506015,0.0,0.0,0.0
2022-01-17 19:15:17.002919,0.0,0.0,0.0
2022-01-17 19:15:17.509285,0.0,0.0,0.0
2022-01-17 19:15:18.007064,0.0,0.0,0.0
2022-01-17 19:15:18.502199,0.0,0.0,0.0
2022-01-17 19:15:19.002531,0.0,0.0,0.0
2022-01-17 19:15:19.507468,0.0,0.0,0.0
2022-01-17 19:15:20.004660,0.0,0.0,0.0
2022-01-17 19:15:20.510858,0.0,0.0,0.0
2022-01-17 19:15:21.008748,0.0,0.0,0.0
2022-01-17 19:15:21.504162,0.0,0.0,0.0
2022-01-17 19:15:22.002305,0.0,0.0,0.0
2022-01-17 19:15:22.507618,0.0,0.0,0.0
2022-01-17 19:15:23.004637,0.0,0.0,0.0
2022-01-17 19:15:23.510727,0.0,0.0,0.0
2022-01-17 19:15:24.002243,0.0,0.0,0.0
2022-01-17 19:15:24.507811,0.0,0.0,0.0
2022-01-17 19:15:25.005978,0.0,0.0,0.0
2022-01-17 19:15:25.501422,0.0,0.0,0.0
2022-01-17 19:15:26.009564,0.0,0.0,0.0
2022-01-17 19:15:26.505137,0.0,0.0,0.0
2022-01-17 19:15:27.002440,0.0,0.0,0.0
2022-01-17 19:15:27.507202,0.0,0.0,0.0
2022-01-17 19:15:28.007140,0.0,0.0,0.0
2022-01-17 19:15:28.502272,0.0,0.0,0.0
2022-01-17 19:15:29.010669,0.0,0.0,0.0
2022-01-17 19:15:29.505441,0.0,0.0,0.0
2022-01-17 19:15:30.001870,0.0,0.0,4.31947
2022-01-17 19:15:30.506883,0.0,0.0,4.31947
2022-01-17 19:15:31.005145,0.0,0.0,-0.03864
2022-01-17 19:15:31.511102,0.0,0.0,-0.03864
2022-01-17 19:15:32.008309,0.0,0.0,14.01968
2022-01-17 19:15:32.505610,0.0,0.0,14.01968
2022-01-17 19:15:33.006048,0.0,0.0,-0.03864
2022-01-17 19:15:33.501792,0.0,0.0,-0.03864
2022-01-17 19:15:34.010756,0.0,0.0,5.06593
2022-01-17 19:15:34.504775,0.0,0.0,5.06593
2022-01-17 19:15:35.003454,0.0,0.0,0.0
2022-01-17 19:15:35.507827,0.0,0.0,0.0
2022-01-17 19:15:36.005844,0.0,0.0,0.0
2022-01-17 19:15:36.504310,0.0,0.0,0.0
2022-01-17 19:15:37.001791,0.0,0.0,0.03864
2022-01-17 19:15:37.506226,0.0,0.0,0.03864
2022-01-17 19:15:38.004140,0.0,0.0,0.0
2022-01-17 19:15:38.508717,0.0,0.0,0.0
2022-01-17 19:15:39.007170,0.0,0.0,0.0
2022-01-17 19:15:39.502220,0.0,0.0,0.0
2022-01-17 19:15:40.010720,0.0,0.0,0.0
2022-01-17 19:15:40.506826,0.0,0.0,0.0
2022-01-17 19:15:41.006869,0.0,0.0,0.0
2022-01-17 19:15:41.501185,0.0,0.0,0.0
2022-01-17 19:15:42.010407,0.0,0.0,0.0
2022-01-17 19:15:42.507509,0.0,0.0,0.0
2022-01-17 19:15:43.006683,0.0,0.0,0.0
2022-01-17 19:15:43.501869,0.0,0.0,0.0
2022-01-17 19:15:44.010092,0.0,0.0,0.0
2022-01-17 19:15:44.506013,0.0,0.0,0.0
2022-01-17 19:15:45.005123,0.0,0.0,0.0
2022-01-17 19:15:45.510898,0.0,0.0,0.0
2022-01-17 19:15:46.004233,0.0,0.0,0.0
2022-01-17 19:15:46.510024,0.0,0.0,0.0
2022-01-17 19:15:47.009022,0.0,0.0,0.0
2022-01-17 19:15:47.501700,0.0,0.0,0.0
2022-01-17 19:15:48.002901,0.0,0.0,0.0
2022-01-17 19:15:48.509034,0.0,0.0,0.0
2022-01-17 19:15:49.006780,0.0,0.0,0.0
2022-01-17 19:15:49.502950,0.0,0.0,0.0
2022-01-17 19:15:50.010736,0.0,0.0,0.0
2022-01-17 19:15:50.505197,0.0,0.0,0.0
2022-01-17 19:15:51.002445,0.0,0.0,0.0
2022-01-17 19:15:51.507568,0.0,0.0,0.0
2022-01-17 19:15:52.005256,0.0,0.0,0.0
2022-01-17 19:15:53.005143,0.0,0.0,0.0
2022-01-17 19:15:53.509150,0.0,0.0,0.0
2022-01-17 19:15:54.006213,0.0,0.0,0.0
2022-01-17 19:15:54.502465,0.0,0.0,0.0
2022-01-17 19:15:55.010111,0.0,0.0,0.03864
2022-01-17 19:15:55.505043,0.0,0.0,0.03864
2022-01-17 19:15:56.004275,0.0,0.0,0.0
2022-01-17 19:15:56.509120,0.0,0.0,0.0
2022-01-17 19:15:57.006692,0.0,0.0,0.0
2022-01-17 19:15:57.501555,0.0,0.0,0.0
2022-01-17 19:15:58.009479,0.0,0.0,0.0
2022-01-17 19:15:58.504501,0.0,0.0,0.0
2022-01-17 19:15:59.002822,0.0,0.0,0.0
2022-01-17 19:15:59.508626,0.0,0.0,0.0
2022-01-17 19:16:00.006014,0.0,0.0,0.0
2022-01-17 19:16:00.508169,0.0,0.0,0.0
2022-01-17 19:16:01.004793,0.0,0.0,0.0
2022-01-17 19:16:01.510510,0.0,0.0,0.0
2022-01-17 19:16:02.008280,0.0,0.0,1.92364
2022-01-17 19:16:02.503002,0.0,0.0,1.92364
2022-01-17 19:16:03.002965,0.0,0.0,0.0
2022-01-17 19:16:03.509170,0.0,0.0,0.0
2022-01-17 19:16:04.008589,0.0,0.0,0.0
2022-01-17 19:16:04.504181,0.0,0.0,0.0
2022-01-17 19:16:05.002346,0.0,0.0,0.0
2022-01-17 19:16:05.507244,0.0,0.0,0.0
2022-01-17 19:16:06.005618,0.0,0.0,0.0
2022-01-17 19:16:06.510839,0.0,0.0,0.0
2022-01-17 19:16:07.009452,0.0,0.0,0.0
2022-01-17 19:16:07.506375,0.0,0.0,0.0
2022-01-17 19:16:08.004121,0.0,0.0,0.0
2022-01-17 19:16:08.510233,0.0,0.0,0.0
2022-01-17 19:16:09.008944,0.0,0.0,0.0
2022-01-17 19:16:09.503595,0.0,0.0,0.0
2022-01-17 19:16:10.009834,0.0,0.0,0.0
2022-01-17 19:16:10.502284,0.0,0.0,0.0
2022-01-17 19:16:11.010578,0.0,0.0,0.0
2022-01-17 19:16:11.505696,0.0,0.0,0.0
2022-01-17 19:16:12.005114,0.0,0.0,0.0
2022-01-17 19:16:12.501093,0.0,0.0,0.0
2022-01-17 19:16:13.010892,0.0,0.0,0.0
2022-01-17 19:16:13.507190,0.0,0.0,0.0
2022-01-17 19:16:14.006593,0.0,0.0,0.0
2022-01-17 19:16:14.501116,0.0,0.0,0.0
2022-01-17 19:16:15.010384,0.0,0.0,2.35625
2022-01-17 19:16:15.506212,0.0,0.0,2.35625
2022-01-17 19:16:16.004517,0.0,0.0,0.0
2022-01-17 19:16:16.510370,0.0,0.0,0.0
2022-01-17 19:16:17.009221,0.0,0.0,-0.03864
2022-01-17 19:16:17.504120,0.0,0.0,-0.03864
2022-01-17 19:16:18.001508,0.0,0.0,0.0
2022-01-17 19:16:18.507029,0.0,0.0,0.0
2022-01-17 19:16:19.004929,0.0,0.0,0.0
2022-01-17 19:16:19.509141,0.0,0.0,0.0
2022-01-17 19:16:20.007121,0.0,0.0,0.0
2022-01-17 19:16:20.511196,0.0,0.0,0.0
2022-01-17 19:16:21.008657,0.0,0.0,0.0
2022-01-17 19:16:21.503438,0.0,0.0,0.0
2022-01-17 19:16:22.010744,0.0,0.0,0.0
2022-01-17 19:16:22.506301,0.0,0.0,0.0
2022-01-17 19:16:23.004684,0.0,0.0,0.0
2022-01-17 19:16:23.509159,0.0,0.0,0.0
2022-01-17 19:16:24.006597,0.0,0.0,0.0
2022-01-17 19:16:24.510778,0.0,0.0,0.0
2022-01-17 19:16:25.008750,0.0,0.0,0.0
2022-01-17 19:16:25.503610,0.0,0.0,0.0
2022-01-17 19:16:26.001753,0.0,0.0,0.0
2022-01-17 19:16:26.507125,0.0,0.0,0.0
2022-01-17 19:16:27.005841,0.0,0.0,0.03864
2022-01-17 19:16:27.501845,0.0,0.0,0.03864
2022-01-17 19:16:28.001100,0.0,0.0,0.0
2022-01-17 19:16:28.506273,0.0,0.0,0.0
2022-01-17 19:16:29.006306,0.0,0.0,0.0
2022-01-17 19:16:29.501933,0.0,0.0,0.0
2022-01-17 19:16:30.010603,0.0,0.0,0.0
2022-01-17 19:16:30.504604,0.0,0.0,0.0
2022-01-17 19:16:31.002384,0.0,0.0,0.0
2022-01-17 19:16:31.509067,0.0,0.0,0.0
2022-01-17 19:16:32.006778,0.0,0.0,0.0
2022-01-17 19:16:32.501327,0.0,0.0,0.0
2022-01-17 19:16:33.010752,0.0,0.0,0.27426
2022-01-17 19:16:33.505037,0.0,0.0,0.27426
2022-01-17 19:16:34.002155,0.0,0.0,-0.03864
2022-01-17 19:16:34.506048,0.0,0.0,-0.03864
2022-01-17 19:16:35.005561,0.0,0.0,0.0
2022-01-17 19:16:35.510268,0.0,0.0,0.0
2022-01-17 19:16:36.011050,0.0,0.0,0.0
2022-01-17 19:16:36.507864,0.0,0.0,0.0
2022-01-17 19:16:37.005759,0.0,0.0,0.0
2022-01-17 19:16:38.005262,0.0,0.0,0.0
2022-01-17 19:16:38.510766,0.0,0.0,0.0
2022-01-17 19:16:39.009257,0.0,0.0,0.0
2022-01-17 19:16:39.504599,0.0,0.0,0.0
2022-01-17 19:16:40.004076,0.0,0.0,0.0
2022-01-17 19:16:40.510183,0.0,0.0,0.0
2022-01-17 19:16:41.009822,0.0,0.0,0.0
2022-01-17 19:16:41.506265,0.0,0.0,0.0
2022-01-17 19:16:42.004713,0.0,0.0,0.0
2022-01-17 19:16:42.509973,0.0,0.0,0.0
2022-01-17 19:16:43.007778,0.0,0.0,0.0
2022-01-17 19:16:43.502667,0.0,0.0,0.0
2022-01-17 19:16:44.001237,0.0,0.0,0.0
2022-01-17 19:16:44.506212,0.0,0.0,0.0
2022-01-17 19:16:45.005038,0.0,0.0,0.0
2022-01-17 19:16:45.502080,0.0,0.0,0.0
2022-01-17 19:16:46.002169,0.0,0.0,0.0
2022-01-17 19:16:46.507237,0.0,0.0,0.0
2022-01-17 19:16:47.005368,0.0,0.0,0.0
2022-01-17 19:16:47.510516,0.0,0.0,0.0
2022-01-17 19:16:48.010753,0.0,0.0,0.0
2022-01-17 19:16:48.505495,0.0,0.0,0.0
2022-01-17 19:16:49.005000,0.0,0.0,0.0
2022-01-17 19:16:49.502350,0.0,0.0,0.0
2022-01-17 19:16:50.001257,0.0,0.0,0.0
2022-01-17 19:16:50.506099,0.0,0.0,0.0
2022-01-17 19:16:51.004453,0.0,0.0,0.0
2022-01-17 19:16:51.508668,0.0,0.0,0.0
2022-01-17 19:16:52.007283,0.0,0.0,0.0
2022-01-17 19:16:52.501884,0.0,0.0,0.0
2022-01-17 19:16:53.504936,0.0,0.0,0.0
2022-01-17 19:16:54.005251,0.0,0.0,0.0
2022-01-17 19:16:54.510773,0.0,0.0,0.0
2022-01-17 19:16:55.008481,0.0,0.0,0.03864
2022-01-17 19:16:55.504384,0.0,0.0,0.03864
2022-01-17 19:16:56.002452,0.0,0.0,0.0
2022-01-17 19:16:56.509137,0.0,0.0,0.0
2022-01-17 19:16:57.008951,0.0,0.0,0.0
2022-01-17 19:16:57.502640,0.0,0.0,0.0
2022-01-17 19:16:58.001711,0.0,0.0,0.0
2022-01-17 19:16:58.507409,0.0,0.0,0.0
2022-01-17 19:16:59.006360,0.0,0.0,0.0
2022-01-17 19:16:59.502233,0.0,0.0,0.0
2022-01-17 19:17:00.010015,0.0,0.0,-0.03864
2022-01-17 19:17:00.504442,0.0,0.0,-0.03864
2022-01-17 19:17:01.001817,0.0,0.0,0.0
2022-01-17 19:17:01.506558,0.0,0.0,0.0
2022-01-17 19:17:02.005168,0.0,0.0,0.0
2022-01-17 19:17:02.509708,0.0,0.0,0.0
2022-01-17 19:17:03.007876,0.0,0.0,0.0
2022-01-17 19:17:03.504093,0.0,0.0,0.0
2022-01-17 19:17:04.002546,0.0,0.0,0.0
2022-01-17 19:17:04.507873,0.0,0.0,0.0
2022-01-17 19:17:05.006375,0.0,0.0,0.0
2022-01-17 19:17:05.509230,0.0,0.0,0.0
2022-01-17 19:17:06.008300,0.0,0.0,0.0
2022-01-17 19:17:06.503279,0.0,0.0,0.0
2022-01-17 19:17:07.001433,0.0,0.0,0.0
2022-01-17 19:17:07.506552,0.0,0.0,0.0
2022-01-17 19:17:08.006988,0.0,0.0,0.0
2022-01-17 19:17:08.501036,0.0,0.0,0.0
2022-01-17 19:17:09.008286,0.0,0.0,0.0
2022-01-17 19:17:09.502759,0.0,0.0,0.0
2022-01-17 19:17:10.010380,0.0,0.0,0.0
2022-01-17 19:17:10.504043,0.0,0.0,0.0
2022-01-17 19:17:11.001158,0.0,0.0,0.0
2022-01-17 19:17:11.507396,0.0,0.0,0.0
2022-01-17 19:17:12.004750,0.0,0.0,0.0
2022-01-17 19:17:12.510784,0.0,0.0,0.0
2022-01-17 19:17:13.008090,0.0,0.0,0.0
2022-01-17 19:17:13.502383,0.0,0.0,0.0
2022-01-17 19:17:14.011132,0.0,0.0,0.0
2022-01-17 19:17:14.505090,0.0,0.0,0.0
2022-01-17 19:17:15.001962,0.0,0.0,0.0
2022-01-17 19:17:15.507766,0.0,0.0,0.0
2022-01-17 19:17:16.005740,0.0,0.0,0.0
2022-01-17 19:17:16.511204,0.0,0.0,0.0
2022-01-17 19:17:17.009441,0.0,0.0,0.0
2022-01-17 19:17:17.505114,0.0,0.0,0.0
2022-01-17 19:17:18.001694,0.0,0.0,0.0
2022-01-17 19:17:18.506091,0.0,0.0,0.0
2022-01-17 19:17:19.003894,0.0,0.0,0.0
2022-01-17 19:17:19.501440,0.0,0.0,0.0
2022-01-17 19:17:20.011131,0.0,0.0,0.0
2022-01-17 19:17:20.506738,0.0,0.0,0.0
2022-01-17 19:17:21.004160,0.0,0.0,0.0
2022-01-17 19:17:21.510202,0.0,0.0,0.0
2022-01-17 19:17:22.007884,0.0,0.0,0.0
2022-01-17 19:17:22.502125,0.0,0.0,0.0
2022-01-17 19:17:23.001164,0.0,0.0,0.0
2022-01-17 19:17:23.506035,0.0,0.0,0.0
2022-01-17 19:17:24.004563,0.0,0.0,0.0
2022-01-17 19:17:24.509593,0.0,0.0,0.0
2022-01-17 19:17:25.006989,0.0,0.0,0.0
2022-01-17 19:17:25.501747,0.0,0.0,0.0
2022-01-17 19:17:26.010826,0.0,0.0,0.0
2022-01-17 19:17:26.505281,0.0,0.0,0.0
2022-01-17 19:17:27.004151,0.0,0.0,0.0
2022-01-17 19:17:27.510265,0.0,0.0,0.0
2022-01-17 19:17:28.008688,0.0,0.0,0.0
2022-01-17 19:17:28.503294,0.0,0.0,0.0
2022-01-17 19:17:29.001708,0.0,0.0,0.0
2022-01-17 19:17:29.507183,0.0,0.0,0.0
2022-01-17 19:17:30.005293,0.0,0.0,0.0
2022-01-17 19:17:30.501721,0.0,0.0,0.0
2022-01-17 19:17:31.002333,0.0,0.0,0.0
2022-01-17 19:17:31.507885,0.0,0.0,0.0
2022-01-17 19:17:32.005743,0.0,0.0,0.0
2022-01-17 19:17:32.511061,0.0,0.0,0.0
2022-01-17 19:17:33.010414,0.0,0.0,0.0
2022-01-17 19:17:33.505358,0.0,0.0,0.0
2022-01-17 19:17:34.002457,0.0,0.0,0.0
2022-01-17 19:17:34.510088,0.0,0.0,0.0
2022-01-17 19:17:35.006720,0.0,0.0,0.0
2022-01-17 19:17:36.005105,0.0,0.0,0.0
2022-01-17 19:17:36.509794,0.0,0.0,0.0
2022-01-17 19:17:37.008666,0.0,0.0,0.0
2022-01-17 19:17:37.502826,0.0,0.0,0.0
2022-01-17 19:17:38.001113,0.0,0.0,0.0
2022-01-17 19:17:38.506924,0.0,0.0,0.0
2022-01-17 19:17:39.004886,0.0,0.0,0.0
2022-01-17 19:17:39.503278,0.0,0.0,0.0
2022-01-17 19:17:40.002065,0.0,0.0,0.03864
2022-01-17 19:17:40.506500,0.0,0.0,0.03864
2022-01-17 19:17:41.005413,0.0,0.0,0.0
2022-01-17 19:17:42.004894,0.0,0.0,0.0
2022-01-17 19:17:42.509225,0.0,0.0,0.0
2022-01-17 19:17:43.006898,0.0,0.0,-0.03864
2022-01-17 19:17:43.511264,0.0,0.0,-0.03864
2022-01-17 19:17:44.009964,0.0,0.0,0.0
2022-01-17 19:17:44.504750,0.0,0.0,0.0
2022-01-17 19:17:45.001902,0.0,0.0,0.0
2022-01-17 19:17:45.509065,0.0,0.0,0.0
2022-01-17 19:17:46.005561,0.0,0.0,0.0
2022-01-17 19:17:46.501096,0.0,0.0,0.0
2022-01-17 19:17:47.009713,0.0,0.0,0.0
2022-01-17 19:17:47.504837,0.0,0.0,0.0
2022-01-17 19:17:48.002098,0.0,0.0,0.0
2022-01-17 19:17:48.509003,0.0,0.0,0.0
2022-01-17 19:17:49.006855,0.0,0.0,0.0
2022-01-17 19:17:50.005046,0.0,0.0,0.0
2022-01-17 19:17:50.501409,0.0,0.0,0.0
2022-01-17 19:17:51.010348,0.0,0.0,0.0
2022-01-17 19:17:51.505131,0.0,0.0,0.0
2022-01-17 19:17:52.002459,0.0,0.0,0.0
2022-01-17 19:17:52.508995,0.0,0.0,0.0
2022-01-17 19:17:53.007047,0.0,0.0,0.0
2022-01-17 19:17:53.501642,0.0,0.0,0.0
2022-01-17 19:17:54.010676,0.0,0.0,0.0
2022-01-17 19:17:54.506657,0.0,0.0,0.0
2022-01-17 19:17:55.005437,0.0,0.0,0.0
2022-01-17 19:17:55.501112,0.0,0.0,0.0
2022-01-17 19:17:56.009820,0.0,0.0,0.0
2022-01-17 19:17:56.504929,0.0,0.0,0.0
2022-01-17 19:17:57.010762,0.0,0.0,0.0
2022-01-17 19:17:57.506366,0.0,0.0,0.0
2022-01-17 19:17:58.004107,0.0,0.0,0.0
2022-01-17 19:17:58.509620,0.0,0.0,0.0
2022-01-17 19:17:59.008616,0.0,0.0,-0.03864
2022-01-17 19:17:59.505724,0.0,0.0,-0.03864
2022-01-17 19:18:00.005284,0.0,0.0,0.0
2022-01-17 19:18:00.508345,0.0,0.0,0.0
2022-01-17 19:18:01.005958,0.0,0.0,0.0
2022-01-17 19:18:01.510183,0.0,0.0,0.0
2022-01-17 19:18:02.008765,0.0,0.0,0.0
2022-01-17 19:18:02.504111,0.0,0.0,0.0
2022-01-17 19:18:03.001876,0.0,0.0,0.0
2022-01-17 19:18:03.508772,0.0,0.0,0.0
2022-01-17 19:18:04.006938,0.0,0.0,0.0
2022-01-17 19:18:04.501926,0.0,0.0,0.0
2022-01-17 19:18:05.010539,0.0,0.0,0.0
2022-01-17 19:18:05.504916,0.0,0.0,0.0
2022-01-17 19:18:06.002997,0.0,0.0,0.0
2022-01-17 19:18:06.509568,0.0,0.0,0.0
2022-01-17 19:18:07.008080,0.0,0.0,0.0
2022-01-17 19:18:07.503662,0.0,0.0,0.0
2022-01-17 19:18:08.002337,0.0,0.0,0.0
2022-01-17 19:18:08.507996,0.0,0.0,0.0
2022-01-17 19:18:09.006165,0.0,0.0,0.0
2022-01-17 19:18:09.510849,0.0,0.0,0.0
2022-01-17 19:18:10.008346,0.0,0.0,0.0
2022-01-17 19:18:10.502754,0.0,0.0,0.0
2022-01-17 19:18:11.011053,0.0,0.0,0.0
2022-01-17 19:18:11.506083,0.0,0.0,0.0
2022-01-17 19:18:12.004809,0.0,0.0,0.0
2022-01-17 19:18:12.502493,0.0,0.0,0.0
2022-01-17 19:18:13.001597,0.0,0.0,0.0
2022-01-17 19:18:13.506245,0.0,0.0,0.0
2022-01-17 19:18:14.004623,0.0,0.0,0.0
2022-01-17 19:18:14.509760,0.0,0.0,0.0
2022-01-17 19:18:15.009209,0.0,0.0,0.0
2022-01-17 19:18:15.504730,0.0,0.0,0.0
2022-01-17 19:18:16.003112,0.0,0.0,0.0
2022-01-17 19:18:16.509565,0.0,0.0,0.0
2022-01-17 19:18:17.009406,0.0,0.0,0.0
2022-01-17 19:18:17.502337,0.0,0.0,0.0
2022-01-17 19:18:18.009951,0.0,0.0,0.0
2022-01-17 19:18:18.505623,0.0,0.0,0.0
2022-01-17 19:18:19.004194,0.0,0.0,0.0
2022-01-17 19:18:19.510618,0.0,0.0,0.0
2022-01-17 19:18:20.008487,0.0,0.0,0.0
2022-01-17 19:18:20.502836,0.0,0.0,0.0
2022-01-17 19:18:21.010485,0.0,0.0,0.0
2022-01-17 19:18:21.507711,0.0,0.0,0.0
2022-01-17 19:18:22.005852,0.0,0.0,0.0
2022-01-17 19:18:22.503325,0.0,0.0,0.0
2022-01-17 19:18:23.002428,0.0,0.0,0.0
2022-01-17 19:18:23.508954,0.0,0.0,0.0
2022-01-17 19:18:24.007137,0.0,0.0,0.0
2022-01-17 19:18:24.501803,0.0,0.0,0.0
2022-01-17 19:18:25.010799,0.0,0.0,0.0
2022-01-17 19:18:25.504784,0.0,0.0,0.0
2022-01-17 19:18:26.005623,0.0,0.0,0.0
2022-01-17 19:18:26.510354,0.0,0.0,0.0
2022-01-17 19:18:27.008931,0.0,0.0,0.0
2022-01-17 19:18:27.503551,0.0,0.0,0.0
2022-01-17 19:18:28.002018,0.0,0.0,0.0
2022-01-17 19:18:28.507516,0.0,0.0,0.0
2022-01-17 19:18:29.005324,0.0,0.0,0.0
2022-01-17 19:18:29.510346,0.0,0.0,0.0
2022-01-17 19:18:30.009527,0.0,0.0,0.0
2022-01-17 19:18:30.510441,0.0,0.0,0.0
2022-01-17 19:18:31.010002,0.0,0.0,0.0
2022-01-17 19:18:31.505255,0.0,0.0,0.0
2022-01-17 19:18:32.002118,0.0,0.0,0.0
2022-01-17 19:18:32.506902,0.0,0.0,0.0
2022-01-17 19:18:33.005381,0.0,0.0,0.0
2022-01-17 19:18:33.510761,0.0,0.0,0.0
2022-01-17 19:18:34.009646,0.0,0.0,0.0
2022-01-17 19:18:34.505080,0.0,0.0,0.0
2022-01-17 19:18:35.002204,0.0,0.0,0.0
2022-01-17 19:18:35.506947,0.0,0.0,0.0
2022-01-17 19:18:36.005717,0.0,0.0,0.0
2022-01-17 19:18:36.509871,0.0,0.0,0.0
2022-01-17 19:18:37.009867,0.0,0.0,0.0
2022-01-17 19:18:37.504988,0.0,0.0,0.0
2022-01-17 19:18:38.004474,0.0,0.0,0.0
2022-01-17 19:18:38.509202,0.0,0.0,0.0
2022-01-17 19:18:39.007721,0.0,0.0,0.0
2022-01-17 19:18:39.504315,0.0,0.0,0.0
2022-01-17 19:18:40.002758,0.0,0.0,0.0
2022-01-17 19:18:40.508656,0.0,0.0,0.0
2022-01-17 19:18:41.005607,0.0,0.0,0.0
2022-01-17 19:18:41.510838,0.0,0.0,0.0
2022-01-17 19:18:42.009471,0.0,0.0,0.0
2022-01-17 19:18:42.504024,0.0,0.0,0.0
2022-01-17 19:18:43.002090,0.0,0.0,0.0
2022-01-17 19:18:43.507623,0.0,0.0,0.0
2022-01-17 19:18:44.007179,0.0,0.0,0.0
2022-01-17 19:18:44.510589,0.0,0.0,0.0
2022-01-17 19:18:45.010081,0.0,0.0,0.0
2022-01-17 19:18:45.505609,0.0,0.0,0.0
2022-01-17 19:18:46.003207,0.0,0.0,0.0
2022-01-17 19:18:46.508541,0.0,0.0,0.0
2022-01-17 19:18:47.006267,0.0,0.0,0.0
2022-01-17 19:18:47.501308,0.0,0.0,0.0
2022-01-17 19:18:48.010933,0.0,0.0,0.0
2022-01-17 19:18:48.506622,0.0,0.0,0.0
2022-01-17 19:18:49.005052,0.0,0.0,0.03864
2022-01-17 19:18:49.510825,0.0,0.0,0.03864
2022-01-17 19:18:50.009684,0.0,0.0,6.83312
2022-01-17 19:18:50.504130,0.0,0.0,6.83312
2022-01-17 19:18:51.002175,0.0,0.0,0.90291
2022-01-17 19:18:51.507384,0.0,0.0,0.90291
2022-01-17 19:18:52.005583,0.0,0.0,0.03864
2022-01-17 19:18:53.004633,0.0,0.0,0.03864
2022-01-17 19:18:53.511049,0.0,0.0,0.03864
2022-01-17 19:18:54.009601,0.0,0.0,-0.03864
2022-01-17 19:18:54.503788,0.0,0.0,-0.03864
2022-01-17 19:18:55.002014,0.0,0.0,0.0
2022-01-17 19:18:55.508096,0.0,0.0,0.0
2022-01-17 19:18:56.005848,0.0,0.0,0.0
2022-01-17 19:18:56.501050,0.0,0.0,0.0
2022-01-17 19:18:57.010225,0.0,0.0,-0.03864
2022-01-17 19:18:57.505210,0.0,0.0,-0.03864
2022-01-17 19:18:58.002350,0.0,0.0,0.0
2022-01-17 19:18:58.507611,0.0,0.0,0.0
2022-01-17 19:18:59.005152,0.0,0.0,0.0
2022-01-17 19:18:59.509429,0.0,0.0,0.0
2022-01-17 19:19:00.007076,0.0,0.0,0.0
2022-01-17 19:19:00.510835,0.0,0.0,0.0
2022-01-17 19:19:01.001379,0.0,0.0,0.0
2022-01-17 19:19:01.508325,0.0,0.0,0.0
2022-01-17 19:19:02.006837,0.0,0.0,0.0
2022-01-17 19:19:02.503572,0.0,0.0,0.0
2022-01-17 19:19:03.002330,0.0,0.0,0.0
2022-01-17 19:19:03.509405,0.0,0.0,0.0
2022-01-17 19:19:04.008059,0.0,0.0,0.0
2022-01-17 19:19:04.502736,0.0,0.0,0.0
2022-01-17 19:19:05.010881,0.0,0.0,0.0
2022-01-17 19:19:05.506310,0.0,0.0,0.0
2022-01-17 19:19:06.005232,0.0,0.0,0.0
2022-01-17 19:19:06.507550,0.0,0.0,0.0
2022-01-17 19:19:07.005184,0.0,0.0,0.0
2022-01-17 19:19:07.510355,0.0,0.0,0.0
2022-01-17 19:19:08.007978,0.0,0.0,0.0
2022-01-17 19:19:08.505381,0.0,0.0,0.0
2022-01-17 19:19:09.004285,0.0,0.0,0.0
2022-01-17 19:19:09.509169,0.0,0.0,0.0
2022-01-17 19:19:10.006120,0.0,0.0,0.0
2022-01-17 19:19:10.503034,0.0,0.0,0.0
2022-01-17 19:19:11.001629,0.0,0.0,0.0
2022-01-17 19:19:11.507323,0.0,0.0,0.0
2022-01-17 19:19:12.005853,0.0,0.0,0.0
2022-01-17 19:19:12.510195,0.0,0.0,0.0
2022-01-17 19:19:13.009582,0.0,0.0,0.0
2022-01-17 19:19:13.504051,0.0,0.0,0.0
2022-01-17 19:19:14.001904,0.0,0.0,0.0
2022-01-17 19:19:14.507787,0.0,0.0,0.0
2022-01-17 19:19:15.006577,0.0,0.0,0.0
2022-01-17 19:19:16.004954,0.0,0.0,0.0
2022-01-17 19:19:16.510865,0.0,0.0,0.0
2022-01-17 19:19:17.007971,0.0,0.0,0.0
2022-01-17 19:19:17.502240,0.0,0.0,0.0
2022-01-17 19:19:18.010235,0.0,0.0,0.0
2022-01-17 19:19:18.504697,0.0,0.0,0.0
2022-01-17 19:19:19.002195,0.0,0.0,0.0
2022-01-17 19:19:19.509168,0.0,0.0,0.0
2022-01-17 19:19:20.007468,0.0,0.0,0.0
2022-01-17 19:19:20.503750,0.0,0.0,0.0
2022-01-17 19:19:21.001630,0.0,0.0,0.0
2022-01-17 19:19:21.508328,0.0,0.0,0.0
2022-01-17 19:19:22.006340,0.0,0.0,0.0
2022-01-17 19:19:22.501154,0.0,0.0,0.0
2022-01-17 19:19:23.009675,0.0,0.0,0.0
2022-01-17 19:19:23.505052,0.0,0.0,0.0
2022-01-17 19:19:24.005526,0.0,0.0,0.0
2022-01-17 19:19:24.511200,0.0,0.0,0.0
2022-01-17 19:19:25.005959,0.0,0.0,0.0
2022-01-17 19:19:25.501304,0.0,0.0,0.0
2022-01-17 19:19:26.010376,0.0,0.0,0.0
2022-01-17 19:19:26.505876,0.0,0.0,0.0
2022-01-17 19:19:27.004800,0.0,0.0,0.0
2022-01-17 19:19:27.510375,0.0,0.0,0.0
2022-01-17 19:19:28.010611,0.0,0.0,0.0
2022-01-17 19:19:28.508057,0.0,0.0,0.0
2022-01-17 19:19:29.005840,0.0,0.0,0.0
2022-01-17 19:19:29.501090,0.0,0.0,0.0
2022-01-17 19:19:30.009136,0.0,0.0,0.0
2022-01-17 19:19:30.503515,0.0,0.0,0.0
2022-01-17 19:19:31.001132,0.0,0.0,-0.03864
2022-01-17 19:19:31.506720,0.0,0.0,-0.03864
2022-01-17 19:19:32.005458,0.0,0.0,0.0
2022-01-17 19:19:32.502877,0.0,0.0,0.0
2022-01-17 19:19:33.001166,0.0,0.0,0.0
2022-01-17 19:19:33.506838,0.0,0.0,0.0
2022-01-17 19:19:34.005283,0.0,0.0,0.0
2022-01-17 19:19:34.509786,0.0,0.0,0.0
2022-01-17 19:19:35.008647,0.0,0.0,0.0
2022-01-17 19:19:35.502409,0.0,0.0,0.0
2022-01-17 19:19:36.001102,0.0,0.0,-0.03864
2022-01-17 19:19:36.506560,0.0,0.0,-0.03864
2022-01-17 19:19:37.007016,0.0,0.0,0.0
2022-01-17 19:19:37.510932,0.0,0.0,0.0
2022-01-17 19:19:38.009582,0.0,0.0,0.0
2022-01-17 19:19:38.505091,0.0,0.0,0.0
2022-01-17 19:19:39.002693,0.0,0.0,-0.03864
2022-01-17 19:19:39.507309,0.0,0.0,-0.03864
2022-01-17 19:19:40.005762,0.0,0.0,0.0
2022-01-17 19:19:40.511095,0.0,0.0,0.0
2022-01-17 19:19:41.010414,0.0,0.0,0.0
2022-01-17 19:19:41.507551,0.0,0.0,0.0
2022-01-17 19:19:42.006235,0.0,0.0,0.0
2022-01-17 19:19:42.501745,0.0,0.0,0.0
2022-01-17 19:19:43.001190,0.0,0.0,0.0
2022-01-17 19:19:43.506429,0.0,0.0,0.0
2022-01-17 19:19:44.005275,0.0,0.0,0.0
2022-01-17 19:19:44.509998,0.0,0.0,0.0
2022-01-17 19:19:45.009796,0.0,0.0,0.0
2022-01-17 19:19:45.505990,0.0,0.0,0.0
2022-01-17 19:19:46.005668,0.0,0.0,0.0
2022-01-17 19:19:47.004764,0.0,0.0,0.0
2022-01-17 19:19:47.509586,0.0,0.0,0.0
2022-01-17 19:19:48.008229,0.0,0.0,0.0
2022-01-17 19:19:48.503416,0.0,0.0,0.0
2022-01-17 19:19:49.002179,0.0,0.0,0.0
2022-01-17 19:19:49.509745,0.0,0.0,0.0
2022-01-17 19:19:50.008105,0.0,0.0,0.0
2022-01-17 19:19:50.503682,0.0,0.0,0.0
2022-01-17 19:19:51.004047,0.0,0.0,0.0
2022-01-17 19:19:51.507914,0.0,0.0,0.0
2022-01-17 19:19:52.004723,0.0,0.0,0.0
2022-01-17 19:19:52.509810,0.0,0.0,0.0
2022-01-17 19:19:53.009578,0.0,0.0,0.0
2022-01-17 19:19:53.504587,0.0,0.0,0.0
2022-01-17 19:19:54.001212,0.0,0.0,0.0
2022-01-17 19:19:54.506603,0.0,0.0,0.0
2022-01-17 19:19:55.004979,0.0,0.0,0.0
2022-01-17 19:19:55.509738,0.0,0.0,0.0
2022-01-17 19:19:56.006295,0.0,0.0,0.0
2022-01-17 19:19:56.510862,0.0,0.0,0.0
2022-01-17 19:19:57.008179,0.0,0.0,0.0
2022-01-17 19:19:57.510956,0.0,0.0,0.0
2022-01-17 19:19:58.008514,0.0,0.0,0.0
2022-01-17 19:19:58.504029,0.0,0.0,0.0
2022-01-17 19:19:59.001624,0.0,0.0,0.0
2022-01-17 19:19:59.506795,0.0,0.0,0.0
2022-01-17 19:20:00.005295,0.0,0.0,0.0
2022-01-17 19:20:00.501277,0.0,0.0,0.0
2022-01-17 19:20:01.009255,0.0,0.0,0.0
2022-01-17 19:20:01.503013,0.0,0.0,0.0
2022-01-17 19:20:02.010614,0.0,0.0,0.0
2022-01-17 19:20:02.506469,0.0,0.0,0.0
2022-01-17 19:20:03.004268,0.0,0.0,0.0
2022-01-17 19:20:03.509111,0.0,0.0,0.0
2022-01-17 19:20:04.005954,0.0,0.0,0.0
2022-01-17 19:20:04.511018,0.0,0.0,0.0
2022-01-17 19:20:05.010214,0.0,0.0,0.0
2022-01-17 19:20:05.504030,0.0,0.0,0.0
2022-01-17 19:20:06.002088,0.0,0.0,0.0
2022-01-17 19:20:06.507340,0.0,0.0,0.0
2022-01-17 19:20:07.004852,0.0,0.0,0.0
2022-01-17 19:20:07.508726,0.0,0.0,0.0
2022-01-17 19:20:08.007367,0.0,0.0,0.0
2022-01-17 19:20:08.502677,0.0,0.0,0.0
2022-01-17 19:20:09.001247,0.0,0.0,0.0
2022-01-17 19:20:09.507555,0.0,0.0,0.0
2022-01-17 19:20:10.005749,0.0,0.0,0.0
2022-01-17 19:20:10.509818,0.0,0.0,0.0
2022-01-17 19:20:11.008089,0.0,0.0,0.0
2022-01-17 19:20:11.503252,0.0,0.0,0.0
2022-01-17 19:20:12.001650,0.0,0.0,0.0
2022-01-17 19:20:12.507311,0.0,0.0,0.0
2022-01-17 19:20:13.004755,0.0,0.0,0.0
2022-01-17 19:20:13.508703,0.0,0.0,0.0
2022-01-17 19:20:14.007837,0.0,0.0,0.0
2022-01-17 19:20:14.502082,0.0,0.0,0.0
2022-01-17 19:20:15.010505,0.0,0.0,0.0
2022-01-17 19:20:15.506418,0.0,0.0,0.0
2022-01-17 19:20:16.005151,0.0,0.0,0.0
2022-01-17 19:20:16.511199,0.0,0.0,0.0
2022-01-17 19:20:17.009081,0.0,0.0,0.0
2022-01-17 19:20:17.504173,0.0,0.0,0.0
2022-01-17 19:20:18.001163,0.0,0.0,0.0
2022-01-17 19:20:18.506866,0.0,0.0,0.0
2022-01-17 19:20:19.005154,0.0,0.0,0.0
2022-01-17 19:20:19.510263,0.0,0.0,0.0
2022-01-17 19:20:20.007985,0.0,0.0,0.0
2022-01-17 19:20:20.501397,0.0,0.0,0.0
2022-01-17 19:20:21.010504,0.0,0.0,0.0
2022-01-17 19:20:21.505626,0.0,0.0,0.0
2022-01-17 19:20:22.005076,0.0,0.0,0.0
2022-01-17 19:20:22.510284,0.0,0.0,0.0
2022-01-17 19:20:23.009559,0.0,0.0,0.0
2022-01-17 19:20:23.504838,0.0,0.0,0.0
2022-01-17 19:20:24.003722,0.0,0.0,0.0
2022-01-17 19:20:24.507874,0.0,0.0,0.0
2022-01-17 19:20:25.007088,0.0,0.0,0.0
2022-01-17 19:20:25.501114,0.0,0.0,0.0
2022-01-17 19:20:26.008465,0.0,0.0,0.0
2022-01-17 19:20:26.502234,0.0,0.0,0.0
2022-01-17 19:20:27.001892,0.0,0.0,0.0
2022-01-17 19:20:27.508656,0.0,0.0,0.0
2022-01-17 19:20:28.006599,0.0,0.0,0.0
2022-01-17 19:20:28.511003,0.0,0.0,0.0
2022-01-17 19:20:29.008728,0.0,0.0,0.0
2022-01-17 19:20:29.502559,0.0,0.0,0.0
2022-01-17 19:20:30.002105,0.0,0.0,0.0
2022-01-17 19:20:30.508429,0.0,0.0,0.0
2022-01-17 19:20:31.008097,0.0,0.0,0.0
2022-01-17 19:20:31.505950,0.0,0.0,0.0
2022-01-17 19:20:32.004329,0.0,0.0,0.0
2022-01-17 19:20:32.509774,0.0,0.0,0.0
2022-01-17 19:20:33.008614,0.0,0.0,0.0
2022-01-17 19:20:33.503604,0.0,0.0,0.0
2022-01-17 19:20:34.002150,0.0,0.0,0.0
2022-01-17 19:20:34.507760,0.0,0.0,0.0
