時間,回転１,回転２,回転３
2022-01-19 08:00:03.515057,0.0,0.0,0.0
2022-01-19 08:00:04.002371,0.0,0.0,0.0
2022-01-19 08:00:04.508507,0.0,0.0,0.0
2022-01-19 08:00:05.007784,0.0,0.0,0.0
2022-01-19 08:00:05.506518,0.0,0.0,0.0
2022-01-19 08:00:06.006978,0.0,0.0,0.0
2022-01-19 08:00:06.506544,0.0,0.0,0.0
2022-01-19 08:00:07.005882,0.0,0.0,0.0
2022-01-19 08:00:07.505641,0.0,0.0,0.0
2022-01-19 08:00:08.004534,0.0,0.0,0.0
2022-01-19 08:00:08.509897,0.0,0.0,0.0
2022-01-19 08:00:09.009832,0.0,0.0,0.0
2022-01-19 08:00:09.501247,0.0,0.0,0.0
2022-01-19 08:00:10.009734,0.0,0.0,0.0
2022-01-19 08:00:10.503798,0.0,0.0,0.0
2022-01-19 08:00:11.001925,0.0,0.0,0.0
2022-01-19 08:00:11.507429,0.0,0.0,0.0
2022-01-19 08:00:12.005642,0.0,0.0,0.0
2022-01-19 08:00:12.510290,0.0,0.0,0.0
2022-01-19 08:00:13.003910,0.0,0.0,0.0
2022-01-19 08:00:13.509058,0.0,0.0,0.0
2022-01-19 08:00:14.008397,0.0,0.0,0.0
2022-01-19 08:00:14.502861,0.0,0.0,0.0
2022-01-19 08:00:15.002163,0.0,0.0,0.0
2022-01-19 08:00:15.506556,0.0,0.0,0.0
2022-01-19 08:00:16.003250,0.0,0.0,0.0
2022-01-19 08:00:16.508248,0.0,0.0,0.0
2022-01-19 08:00:17.006822,0.0,0.0,0.0
2022-01-19 08:00:17.504049,0.0,0.0,0.0
2022-01-19 08:00:18.002460,0.0,0.0,0.0
2022-01-19 08:00:18.506627,0.0,0.0,0.0
2022-01-19 08:00:19.004778,0.0,0.0,0.0
2022-01-19 08:00:19.510373,0.0,0.0,0.0
2022-01-19 08:00:20.007778,0.0,0.0,0.0
2022-01-19 08:00:20.503250,0.0,0.0,0.0
2022-01-19 08:00:21.002952,0.0,0.0,0.0
2022-01-19 08:00:21.510237,0.0,0.0,0.0
2022-01-19 08:00:22.007760,0.0,0.0,0.0
2022-01-19 08:00:22.503751,0.0,0.0,0.0
2022-01-19 08:00:23.003066,0.0,0.0,0.0
2022-01-19 08:00:23.509169,0.0,0.0,0.0
2022-01-19 08:00:24.006987,0.0,0.0,0.0
2022-01-19 08:00:24.511186,0.0,0.0,0.0
2022-01-19 08:00:25.009383,0.0,0.0,0.0
2022-01-19 08:00:25.505332,0.0,0.0,0.0
2022-01-19 08:00:26.003520,0.0,0.0,0.0
2022-01-19 08:00:26.508406,0.0,0.0,0.0
2022-01-19 08:00:27.006377,0.0,0.0,0.0
2022-01-19 08:00:27.501050,0.0,0.0,0.0
2022-01-19 08:00:28.009338,0.0,0.0,0.0
2022-01-19 08:00:28.503908,0.0,0.0,0.0
2022-01-19 08:00:29.002321,0.0,0.0,0.0
2022-01-19 08:00:29.508099,0.0,0.0,0.0
2022-01-19 08:00:30.007101,0.0,0.0,0.0
2022-01-19 08:00:30.503350,0.0,0.0,0.0
2022-01-19 08:00:31.009132,0.0,0.0,0.0
2022-01-19 08:00:31.505750,0.0,0.0,0.0
2022-01-19 08:00:32.006522,0.0,0.0,0.0
2022-01-19 08:00:32.501460,0.0,0.0,0.0
2022-01-19 08:00:33.008285,0.0,0.0,0.0
2022-01-19 08:00:33.502601,0.0,0.0,0.0
2022-01-19 08:00:34.009669,0.0,0.0,0.0
2022-01-19 08:00:34.503669,0.0,0.0,0.0
2022-01-19 08:00:35.002161,0.0,0.0,0.0
2022-01-19 08:00:35.506346,0.0,0.0,0.0
2022-01-19 08:00:36.004846,0.0,0.0,0.0
2022-01-19 08:00:36.501151,0.0,0.0,0.0
2022-01-19 08:00:37.003269,0.0,0.0,0.0
2022-01-19 08:00:37.508127,0.0,0.0,0.0
2022-01-19 08:00:38.005988,0.0,0.0,0.0
2022-01-19 08:00:38.508407,0.0,0.0,0.0
2022-01-19 08:00:39.005839,0.0,0.0,0.0
2022-01-19 08:00:39.504326,0.0,0.0,0.0
2022-01-19 08:00:40.002120,0.0,0.0,0.0
2022-01-19 08:00:40.506272,0.0,0.0,0.0
2022-01-19 08:00:41.003090,0.0,0.0,0.0
2022-01-19 08:00:41.508538,0.0,0.0,0.0
2022-01-19 08:00:42.005946,0.0,0.0,0.0
2022-01-19 08:00:42.510391,0.0,0.0,0.0
2022-01-19 08:00:43.007984,0.0,0.0,0.0
2022-01-19 08:00:43.502255,0.0,0.0,0.0
2022-01-19 08:00:44.001182,0.0,0.0,0.0
2022-01-19 08:00:44.504705,0.0,0.0,0.0
2022-01-19 08:00:45.002386,0.0,0.0,0.0
2022-01-19 08:00:45.506837,0.0,0.0,0.0
2022-01-19 08:00:46.006748,0.0,0.0,0.0
2022-01-19 08:00:46.505070,0.0,0.0,0.0
2022-01-19 08:00:47.006140,0.0,0.0,0.0
2022-01-19 08:00:47.510385,0.0,0.0,0.0
2022-01-19 08:00:48.008450,0.0,0.0,0.0
2022-01-19 08:00:48.508394,0.0,0.0,0.0
2022-01-19 08:00:49.009121,0.0,0.0,0.0
2022-01-19 08:00:49.504788,0.0,0.0,0.0
2022-01-19 08:00:50.009680,0.0,0.0,0.0
2022-01-19 08:00:50.506417,0.0,0.0,0.0
2022-01-19 08:00:51.004094,0.0,0.0,0.0
2022-01-19 08:00:51.501460,0.0,0.0,0.0
2022-01-19 08:00:52.010066,0.0,0.0,0.0
2022-01-19 08:00:52.504949,0.0,0.0,0.0
2022-01-19 08:00:53.002761,0.0,0.0,0.0
2022-01-19 08:00:53.506591,0.0,0.0,0.0
2022-01-19 08:00:54.005236,0.0,0.0,0.0
2022-01-19 08:00:54.501337,0.0,0.0,0.0
2022-01-19 08:00:55.009570,0.0,0.0,0.0
2022-01-19 08:00:55.504984,0.0,0.0,0.0
2022-01-19 08:00:56.002321,0.0,0.0,0.0
2022-01-19 08:00:56.507351,0.0,0.0,0.0
2022-01-19 08:00:57.004314,0.0,0.0,0.0
2022-01-19 08:00:57.509528,0.0,0.0,0.0
2022-01-19 08:00:58.008060,0.0,0.0,0.0
2022-01-19 08:00:58.502764,0.0,0.0,0.0
2022-01-19 08:00:59.004759,0.0,0.0,0.0
2022-01-19 08:00:59.509677,0.0,0.0,0.0
2022-01-19 08:01:00.006109,0.0,0.0,0.0
2022-01-19 08:01:00.508557,0.0,0.0,0.0
2022-01-19 08:01:01.007362,0.0,0.0,0.0
2022-01-19 08:01:01.502559,0.0,0.0,0.0
2022-01-19 08:01:02.000987,0.0,0.0,0.0
2022-01-19 08:01:02.506921,0.0,0.0,0.0
2022-01-19 08:01:03.005266,0.0,0.0,0.0
2022-01-19 08:01:03.510054,0.0,0.0,0.0
2022-01-19 08:01:04.007885,0.0,0.0,0.0
2022-01-19 08:01:04.506332,0.0,0.0,0.0
2022-01-19 08:01:05.004161,0.0,0.0,0.0
2022-01-19 08:01:05.509122,0.0,0.0,0.0
2022-01-19 08:01:06.006477,0.0,0.0,0.0
2022-01-19 08:01:06.501623,0.0,0.0,0.0
2022-01-19 08:01:07.009984,0.0,0.0,0.0
2022-01-19 08:01:07.508163,0.0,0.0,0.0
2022-01-19 08:01:08.006790,0.0,0.0,0.0
2022-01-19 08:01:08.510765,0.0,0.0,0.0
2022-01-19 08:01:09.002985,0.0,0.0,0.0
2022-01-19 08:01:09.508154,0.0,0.0,0.0
2022-01-19 08:01:10.006177,0.0,0.0,0.0
2022-01-19 08:01:10.509013,0.0,0.0,0.0
2022-01-19 08:01:11.001798,0.0,0.0,0.0
2022-01-19 08:01:11.508375,0.0,0.0,0.0
2022-01-19 08:01:12.006378,0.0,0.0,0.0
2022-01-19 08:01:12.501301,0.0,0.0,0.0
2022-01-19 08:01:13.009243,0.0,0.0,0.0
2022-01-19 08:01:13.503196,0.0,0.0,0.0
2022-01-19 08:01:14.504436,0.0,0.0,0.0
2022-01-19 08:01:15.002480,0.0,0.0,0.0
2022-01-19 08:01:15.506264,0.0,0.0,0.0
2022-01-19 08:01:16.004048,0.0,0.0,0.0
2022-01-19 08:01:16.509709,0.0,0.0,0.0
2022-01-19 08:01:17.001132,0.0,0.0,0.0
2022-01-19 08:01:17.506775,0.0,0.0,0.0
2022-01-19 08:01:18.001774,0.0,0.0,0.0
2022-01-19 08:01:18.505848,0.0,0.0,0.0
2022-01-19 08:01:19.003587,0.0,0.0,0.0
2022-01-19 08:01:19.507329,0.0,0.0,0.0
2022-01-19 08:01:20.007225,0.0,0.0,0.0
2022-01-19 08:01:20.502308,0.0,0.0,0.0
2022-01-19 08:01:21.008623,0.0,0.0,0.0
2022-01-19 08:01:21.504550,0.0,0.0,0.0
2022-01-19 08:01:22.003734,0.0,0.0,0.0
2022-01-19 08:01:22.509102,0.0,0.0,0.0
2022-01-19 08:01:23.006082,0.0,0.0,0.0
2022-01-19 08:01:23.510749,0.0,0.0,0.0
2022-01-19 08:01:24.008529,0.0,0.0,0.0
2022-01-19 08:01:24.510988,0.0,0.0,0.0
2022-01-19 08:01:25.008721,0.0,0.0,0.0
2022-01-19 08:01:25.506100,0.0,0.0,0.0
2022-01-19 08:01:26.003732,0.0,0.0,0.0
2022-01-19 08:01:26.510716,0.0,0.0,0.0
2022-01-19 08:01:27.003982,0.0,0.0,0.0
2022-01-19 08:01:27.509246,0.0,0.0,0.0
2022-01-19 08:01:28.007261,0.0,0.0,0.0
2022-01-19 08:01:28.501280,0.0,0.0,0.0
2022-01-19 08:01:29.008374,0.0,0.0,0.0
2022-01-19 08:01:29.503428,0.0,0.0,0.0
2022-01-19 08:01:30.002587,0.0,0.0,0.0
2022-01-19 08:01:30.506759,0.0,0.0,0.0
2022-01-19 08:01:31.004308,0.0,0.0,0.0
2022-01-19 08:01:31.509071,0.0,0.0,0.0
2022-01-19 08:01:32.008048,0.0,0.0,0.0
2022-01-19 08:01:32.503090,0.0,0.0,0.0
2022-01-19 08:01:33.001674,0.0,0.0,0.0
2022-01-19 08:01:33.505291,0.0,0.0,0.0
2022-01-19 08:01:34.006773,0.0,0.0,0.0
2022-01-19 08:01:34.504083,0.0,0.0,0.0
2022-01-19 08:01:35.002039,0.0,0.0,0.0
2022-01-19 08:01:35.507715,0.0,0.0,0.0
2022-01-19 08:01:36.007406,0.0,0.0,0.0
2022-01-19 08:01:36.502738,0.0,0.0,0.0
2022-01-19 08:01:37.009958,0.0,0.0,0.0
2022-01-19 08:01:37.506568,0.0,0.0,0.0
2022-01-19 08:01:38.006318,0.0,0.0,0.0
2022-01-19 08:01:38.504030,0.0,0.0,0.0
2022-01-19 08:01:39.001509,0.0,0.0,0.0
2022-01-19 08:01:39.504941,0.0,0.0,0.0
2022-01-19 08:01:40.003114,0.0,0.0,0.0
2022-01-19 08:01:40.508992,0.0,0.0,0.0
2022-01-19 08:01:41.006324,0.0,0.0,0.0
2022-01-19 08:01:41.501752,0.0,0.0,0.0
2022-01-19 08:01:42.010768,0.0,0.0,0.0
2022-01-19 08:01:42.505522,0.0,0.0,0.0
2022-01-19 08:01:43.003756,0.0,0.0,0.0
2022-01-19 08:01:43.509472,0.0,0.0,0.0
2022-01-19 08:01:44.007684,0.0,0.0,0.0
2022-01-19 08:01:44.502953,0.0,0.0,0.0
2022-01-19 08:01:45.010795,0.0,0.0,0.0
2022-01-19 08:01:45.506517,0.0,0.0,0.0
2022-01-19 08:01:46.002634,0.0,0.0,0.0
2022-01-19 08:01:46.507376,0.0,0.0,0.0
2022-01-19 08:01:47.004203,0.0,0.0,0.0
2022-01-19 08:01:47.509479,0.0,0.0,0.0
2022-01-19 08:01:48.008084,0.0,0.0,0.0
2022-01-19 08:01:48.501874,0.0,0.0,0.0
2022-01-19 08:01:49.009987,0.0,0.0,0.0
2022-01-19 08:01:49.510734,0.0,0.0,0.0
2022-01-19 08:01:50.008822,0.0,0.0,0.0
2022-01-19 08:01:50.503364,0.0,0.0,0.0
2022-01-19 08:01:51.001148,0.0,0.0,0.0
2022-01-19 08:01:51.505710,0.0,0.0,0.0
2022-01-19 08:01:52.004531,0.0,0.0,0.0
2022-01-19 08:01:52.507986,0.0,0.0,0.0
2022-01-19 08:01:53.006302,0.0,0.0,0.0
2022-01-19 08:01:53.511040,0.0,0.0,0.0
2022-01-19 08:01:54.008036,0.0,0.0,0.0
2022-01-19 08:01:54.503281,0.0,0.0,0.0
2022-01-19 08:01:55.002811,0.0,0.0,0.0
2022-01-19 08:01:55.507267,0.0,0.0,0.0
2022-01-19 08:01:56.005646,0.0,0.0,0.0
2022-01-19 08:01:56.502580,0.0,0.0,0.0
2022-01-19 08:01:57.010384,0.0,0.0,0.0
2022-01-19 08:01:57.505286,0.0,0.0,0.0
2022-01-19 08:01:58.003038,0.0,0.0,0.0
2022-01-19 08:01:58.503077,0.0,0.0,0.0
2022-01-19 08:01:59.002259,0.0,0.0,0.0
2022-01-19 08:01:59.501486,0.0,0.0,0.0
2022-01-19 08:02:00.001445,0.0,0.0,0.0
2022-01-19 08:02:00.508437,0.0,0.0,0.0
2022-01-19 08:02:02.003404,0.0,0.0,0.0
2022-01-19 08:02:02.501314,0.0,0.0,0.0
2022-01-19 08:02:03.002542,0.0,0.0,0.0
2022-01-19 08:02:03.508029,0.0,0.0,0.0
2022-01-19 08:02:04.008049,0.0,0.0,0.0
2022-01-19 08:02:04.510287,0.0,0.0,0.0
2022-01-19 08:02:05.001791,0.0,0.0,0.0
2022-01-19 08:02:06.510247,0.0,0.0,0.0
2022-01-19 08:02:07.007409,0.0,0.0,0.0
2022-01-19 08:02:07.503349,0.0,0.0,0.0
2022-01-19 08:02:08.008283,0.0,0.0,0.0
2022-01-19 08:02:08.502761,0.0,0.0,0.0
2022-01-19 08:02:09.005544,0.0,0.0,0.0
2022-01-19 08:02:09.509841,0.0,0.0,0.0
2022-01-19 08:02:10.002099,0.0,0.0,0.0
2022-01-19 08:02:10.500783,0.0,0.0,0.0
2022-01-19 08:02:11.002623,0.0,0.0,0.0
2022-01-19 08:02:11.504424,0.0,0.0,0.0
2022-01-19 08:02:12.003619,0.0,0.0,0.0
2022-01-19 08:02:12.503999,0.0,0.0,0.0
2022-01-19 08:02:13.001189,0.0,0.0,0.0
2022-01-19 08:02:13.506849,0.0,0.0,0.0
2022-01-19 08:02:14.003813,0.0,0.0,0.0
2022-01-19 08:02:14.508116,0.0,0.0,0.0
2022-01-19 08:02:15.006128,0.0,0.0,0.0
2022-01-19 08:02:15.510733,0.0,0.0,0.0
2022-01-19 08:02:16.008755,0.0,0.0,0.0
2022-01-19 08:02:16.505672,0.0,0.0,0.0
2022-01-19 08:02:17.003197,0.0,0.0,0.0
2022-01-19 08:02:17.509200,0.0,0.0,0.0
2022-01-19 08:02:18.009506,0.0,0.0,0.0
2022-01-19 08:02:18.505552,0.0,0.0,0.0
2022-01-19 08:02:19.002528,0.0,0.0,0.0
2022-01-19 08:02:19.509783,0.0,0.0,0.0
2022-01-19 08:02:20.010032,0.0,0.0,0.0
2022-01-19 08:02:20.504937,0.0,0.0,0.0
2022-01-19 08:02:21.002393,0.0,0.0,0.0
2022-01-19 08:02:21.507752,0.0,0.0,0.0
2022-01-19 08:02:22.006434,0.0,0.0,-0.03864
2022-01-19 08:02:22.502741,0.0,0.0,-0.03864
2022-01-19 08:02:23.001712,0.0,0.0,-0.03864
2022-01-19 08:02:23.506634,0.0,0.0,-0.03864
2022-01-19 08:02:24.004874,0.0,0.0,0.03864
2022-01-19 08:02:24.502538,0.0,0.0,0.03864
2022-01-19 08:02:25.010106,0.0,0.0,0.0
2022-01-19 08:02:25.506864,0.0,0.0,0.0
2022-01-19 08:02:26.004997,0.0,0.0,0.0
2022-01-19 08:02:26.510232,0.0,0.0,0.0
2022-01-19 08:02:27.007373,0.0,0.0,0.0
2022-01-19 08:02:27.502144,0.0,0.0,0.0
2022-01-19 08:02:28.009361,0.0,0.0,0.0
2022-01-19 08:02:28.504348,0.0,0.0,0.0
2022-01-19 08:02:29.001711,0.0,0.0,0.0
2022-01-19 08:02:29.509564,0.0,0.0,0.0
2022-01-19 08:02:30.006257,0.0,0.0,0.0
2022-01-19 08:02:30.510056,0.0,0.0,0.0
2022-01-19 08:02:31.008192,0.0,0.0,0.0
2022-01-19 08:02:31.502993,0.0,0.0,0.0
2022-01-19 08:02:32.504207,0.0,0.0,0.0
2022-01-19 08:02:33.003168,0.0,0.0,0.0
2022-01-19 08:02:33.507276,0.0,0.0,0.0
2022-01-19 08:02:34.005027,0.0,0.0,0.0
2022-01-19 08:02:34.509867,0.0,0.0,0.0
2022-01-19 08:02:35.006753,0.0,0.0,0.0
2022-01-19 08:02:35.501218,0.0,0.0,0.0
2022-01-19 08:02:36.008863,0.0,0.0,0.0
2022-01-19 08:02:36.502966,0.0,0.0,0.0
2022-01-19 08:02:37.001952,0.0,0.0,0.0
2022-01-19 08:02:37.507130,0.0,0.0,0.0
2022-01-19 08:02:38.006748,0.0,0.0,0.0
2022-01-19 08:02:38.503384,0.0,0.0,0.0
2022-01-19 08:02:39.002943,0.0,0.0,0.0
2022-01-19 08:02:39.508494,0.0,0.0,0.0
2022-01-19 08:02:40.002806,0.0,0.0,0.0
2022-01-19 08:02:40.510131,0.0,0.0,0.0
2022-01-19 08:02:41.006722,0.0,0.0,0.0
2022-01-19 08:02:41.510749,0.0,0.0,0.0
2022-01-19 08:02:42.008686,0.0,0.0,0.0
2022-01-19 08:02:42.503298,0.0,0.0,0.0
2022-01-19 08:02:43.003334,0.0,0.0,0.0
2022-01-19 08:02:43.509297,0.0,0.0,0.0
2022-01-19 08:02:44.008330,0.0,0.0,0.0
2022-01-19 08:02:44.502698,0.0,0.0,0.0
2022-01-19 08:02:45.000901,0.0,0.0,0.0
2022-01-19 08:02:45.505712,0.0,0.0,0.0
2022-01-19 08:02:46.003256,0.0,0.0,12.52676
2022-01-19 08:02:46.501211,0.0,0.0,12.52676
2022-01-19 08:02:47.008586,0.0,0.0,61.18333
2022-01-19 08:02:47.502927,0.0,0.0,61.18333
2022-01-19 08:02:48.010428,0.0,0.0,89.96916
2022-01-19 08:02:48.505315,0.0,0.0,89.96916
2022-01-19 08:02:49.001929,0.0,0.0,88.20197
2022-01-19 08:02:49.506374,0.0,0.0,88.20197
2022-01-19 08:02:50.004993,0.0,0.0,87.25947
2022-01-19 08:02:50.501073,0.0,0.0,87.25947
2022-01-19 08:02:51.008102,0.0,0.0,81.48666
2022-01-19 08:02:51.502537,0.0,0.0,81.48666
2022-01-19 08:02:52.003367,0.0,0.0,-0.15645
2022-01-19 08:02:52.508010,0.0,0.0,-0.15645
2022-01-19 08:02:53.008012,0.0,0.0,0.0
2022-01-19 08:02:53.502946,0.0,0.0,0.0
2022-01-19 08:02:54.002318,0.0,0.0,-0.03864
2022-01-19 08:02:54.507283,0.0,0.0,-0.03864
2022-01-19 08:02:55.006296,0.0,0.0,0.0
2022-01-19 08:02:55.501077,0.0,0.0,0.0
2022-01-19 08:02:56.009002,0.0,0.0,0.0
2022-01-19 08:02:56.503892,0.0,0.0,0.0
2022-01-19 08:02:57.004695,0.0,0.0,0.0
2022-01-19 08:02:57.501734,0.0,0.0,0.0
2022-01-19 08:02:58.001076,0.0,0.0,0.0
2022-01-19 08:02:58.506629,0.0,0.0,0.0
2022-01-19 08:02:59.006547,0.0,0.0,0.0
2022-01-19 08:02:59.501183,0.0,0.0,0.0
2022-01-19 08:03:00.009549,0.0,0.0,0.0
2022-01-19 08:03:00.508999,0.0,0.0,0.0
2022-01-19 08:03:01.006383,0.0,0.0,0.0
2022-01-19 08:03:01.502461,0.0,0.0,0.0
2022-01-19 08:03:02.001365,0.0,0.0,0.0
2022-01-19 08:03:02.507300,0.0,0.0,0.0
2022-01-19 08:03:03.005628,0.0,0.0,0.0
2022-01-19 08:03:03.510008,0.0,0.0,0.0
2022-01-19 08:03:04.008491,0.0,0.0,0.0
2022-01-19 08:03:04.502678,0.0,0.0,0.0
2022-01-19 08:03:05.001388,0.0,0.0,0.0
2022-01-19 08:03:05.505823,0.0,0.0,0.0
2022-01-19 08:03:06.002973,0.0,0.0,0.0
2022-01-19 08:03:06.507455,0.0,0.0,0.0
2022-01-19 08:03:07.007417,0.0,0.0,0.0
2022-01-19 08:03:07.503802,0.0,0.0,0.0
2022-01-19 08:03:08.002576,0.0,0.0,0.0
2022-01-19 08:03:08.509114,0.0,0.0,0.0
2022-01-19 08:03:09.008082,0.0,0.0,0.0
2022-01-19 08:03:09.502430,0.0,0.0,0.0
2022-01-19 08:03:10.001905,0.0,0.0,0.0
2022-01-19 08:03:10.505681,0.0,0.0,0.0
2022-01-19 08:03:11.003443,0.0,0.0,0.0
2022-01-19 08:03:11.507306,0.0,0.0,0.0
2022-01-19 08:03:12.006626,0.0,0.0,0.0
2022-01-19 08:03:12.502068,0.0,0.0,0.0
2022-01-19 08:03:13.009825,0.0,0.0,0.0
2022-01-19 08:03:13.504214,0.0,0.0,0.0
2022-01-19 08:03:14.002738,0.0,0.0,0.0
2022-01-19 08:03:14.507131,0.0,0.0,0.0
2022-01-19 08:03:15.008508,0.0,0.0,0.0
2022-01-19 08:03:15.503993,0.0,0.0,0.0
2022-01-19 08:03:16.002347,0.0,0.0,0.0
2022-01-19 08:03:16.510396,0.0,0.0,0.0
2022-01-19 08:03:17.006973,0.0,0.0,0.0
2022-01-19 08:03:17.510933,0.0,0.0,0.0
2022-01-19 08:03:18.007426,0.0,0.0,0.0
2022-01-19 08:03:18.510926,0.0,0.0,0.0
2022-01-19 08:03:19.008358,0.0,0.0,0.0
2022-01-19 08:03:19.502905,0.0,0.0,0.0
2022-01-19 08:03:20.011072,0.0,0.0,0.0
2022-01-19 08:03:20.506781,0.0,0.0,0.0
2022-01-19 08:03:21.003802,0.0,0.0,0.0
2022-01-19 08:03:21.508055,0.0,0.0,0.0
2022-01-19 08:03:22.006389,0.0,0.0,0.0
2022-01-19 08:03:22.510070,0.0,0.0,0.0
2022-01-19 08:03:23.007005,0.0,0.0,0.0
2022-01-19 08:03:23.502259,0.0,0.0,0.0
2022-01-19 08:03:24.010933,0.0,0.0,0.0
2022-01-19 08:03:24.503316,0.0,0.0,0.0
2022-01-19 08:03:25.002223,0.0,0.0,0.0
2022-01-19 08:03:25.509871,0.0,0.0,0.0
2022-01-19 08:03:26.008159,0.0,0.0,0.0
2022-01-19 08:03:26.503927,0.0,0.0,0.0
2022-01-19 08:03:27.002279,0.0,0.0,0.0
2022-01-19 08:03:27.507421,0.0,0.0,0.0
2022-01-19 08:03:28.006236,0.0,0.0,0.0
2022-01-19 08:03:28.510991,0.0,0.0,0.0
2022-01-19 08:03:29.009220,0.0,0.0,0.0
2022-01-19 08:03:29.509811,0.0,0.0,0.0
2022-01-19 08:03:30.010164,0.0,0.0,0.0
2022-01-19 08:03:30.503871,0.0,0.0,0.0
2022-01-19 08:03:31.003158,0.0,0.0,0.0
2022-01-19 08:03:31.510529,0.0,0.0,0.0
2022-01-19 08:03:32.007739,0.0,0.0,0.0
2022-01-19 08:03:32.502768,0.0,0.0,0.0
2022-01-19 08:03:33.000635,0.0,0.0,0.0
2022-01-19 08:03:33.505197,0.0,0.0,0.0
2022-01-19 08:03:34.002967,0.0,0.0,0.0
2022-01-19 08:03:34.503546,0.0,0.0,0.0
2022-01-19 08:03:35.011029,0.0,0.0,0.0
2022-01-19 08:03:35.504964,0.0,0.0,0.0
2022-01-19 08:03:36.002992,0.0,0.0,0.0
2022-01-19 08:03:36.509656,0.0,0.0,0.0
2022-01-19 08:03:37.007696,0.0,0.0,0.0
2022-01-19 08:03:37.501843,0.0,0.0,0.0
2022-01-19 08:03:38.009881,0.0,0.0,0.0
2022-01-19 08:03:38.509253,0.0,0.0,0.0
2022-01-19 08:03:39.010384,0.0,0.0,0.0
2022-01-19 08:03:39.505184,0.0,0.0,0.0
2022-01-19 08:03:40.004245,0.0,0.0,0.0
2022-01-19 08:03:40.504066,0.0,0.0,0.0
2022-01-19 08:03:41.003436,0.0,0.0,0.0
2022-01-19 08:03:41.510193,0.0,0.0,0.0
2022-01-19 08:03:42.009307,0.0,0.0,0.0
2022-01-19 08:03:42.509103,0.0,0.0,0.0
2022-01-19 08:03:43.003500,0.0,0.0,0.0
2022-01-19 08:03:43.506275,0.0,0.0,0.0
2022-01-19 08:03:44.005668,0.0,0.0,0.0
2022-01-19 08:03:44.506858,0.0,0.0,0.0
2022-01-19 08:03:45.001150,0.0,0.0,0.0
2022-01-19 08:03:45.504083,0.0,0.0,0.0
2022-01-19 08:03:46.002503,0.0,0.0,0.0
2022-01-19 08:03:46.508315,0.0,0.0,0.0
2022-01-19 08:03:47.006519,0.0,0.0,0.0
2022-01-19 08:03:47.510336,0.0,0.0,0.0
2022-01-19 08:03:48.007409,0.0,0.0,0.0
2022-01-19 08:03:48.501813,0.0,0.0,0.0
2022-01-19 08:03:49.010098,0.0,0.0,0.0
2022-01-19 08:03:49.505076,0.0,0.0,0.0
2022-01-19 08:03:50.006309,0.0,0.0,0.0
2022-01-19 08:03:50.506724,0.0,0.0,0.0
2022-01-19 08:03:51.004490,0.0,0.0,0.0
2022-01-19 08:03:51.502052,0.0,0.0,0.0
2022-01-19 08:03:52.010731,0.0,0.0,0.0
2022-01-19 08:03:52.507190,0.0,0.0,0.0
2022-01-19 08:03:53.002812,0.0,0.0,0.0
2022-01-19 08:03:53.507370,0.0,0.0,0.0
2022-01-19 08:03:54.006433,0.0,0.0,0.0
2022-01-19 08:03:54.501325,0.0,0.0,0.0
2022-01-19 08:03:55.009240,0.0,0.0,0.0
2022-01-19 08:03:55.504854,0.0,0.0,0.0
2022-01-19 08:03:56.006732,0.0,0.0,0.0
2022-01-19 08:03:56.505649,0.0,0.0,0.0
2022-01-19 08:03:57.009110,0.0,0.0,0.0
2022-01-19 08:03:57.506809,0.0,0.0,0.0
2022-01-19 08:03:58.006279,0.0,0.0,0.0
2022-01-19 08:03:58.510652,0.0,0.0,0.0
2022-01-19 08:03:59.008496,0.0,0.0,0.0
2022-01-19 08:03:59.502292,0.0,0.0,0.0
2022-01-19 08:04:00.008800,0.0,0.0,0.0
2022-01-19 08:04:00.506701,0.0,0.0,0.0
2022-01-19 08:04:01.004429,0.0,0.0,0.0
2022-01-19 08:04:01.510734,0.0,0.0,0.0
2022-01-19 08:04:02.002362,0.0,0.0,0.0
2022-01-19 08:04:02.509469,0.0,0.0,0.0
2022-01-19 08:04:03.007534,0.0,0.0,0.0
2022-01-19 08:04:03.502808,0.0,0.0,0.0
2022-01-19 08:04:04.002770,0.0,0.0,0.0
2022-01-19 08:04:04.508237,0.0,0.0,0.0
2022-01-19 08:04:05.007472,0.0,0.0,0.0
2022-01-19 08:04:05.502283,0.0,0.0,0.0
2022-01-19 08:04:06.009136,0.0,0.0,0.0
2022-01-19 08:04:06.503721,0.0,0.0,0.0
2022-01-19 08:04:07.505005,0.0,0.0,0.0
2022-01-19 08:04:08.003409,0.0,0.0,0.0
2022-01-19 08:04:08.508183,0.0,0.0,0.0
2022-01-19 08:04:09.002405,0.0,0.0,0.0
2022-01-19 08:04:09.509135,0.0,0.0,0.0
2022-01-19 08:04:10.009873,0.0,0.0,0.0
2022-01-19 08:04:10.504185,0.0,0.0,0.0
2022-01-19 08:04:11.001830,0.0,0.0,0.0
2022-01-19 08:04:11.506242,0.0,0.0,0.0
2022-01-19 08:04:12.003493,0.0,0.0,0.0
2022-01-19 08:04:12.507689,0.0,0.0,0.0
2022-01-19 08:04:13.006402,0.0,0.0,0.0
2022-01-19 08:04:13.502178,0.0,0.0,0.0
2022-01-19 08:04:14.010129,0.0,0.0,0.0
2022-01-19 08:04:14.509833,0.0,0.0,0.0
2022-01-19 08:04:15.008626,0.0,0.0,0.0
2022-01-19 08:04:15.502887,0.0,0.0,0.0
2022-01-19 08:04:16.010903,0.0,0.0,0.0
2022-01-19 08:04:16.505524,0.0,0.0,0.0
2022-01-19 08:04:17.003773,0.0,0.0,0.0
2022-01-19 08:04:17.507884,0.0,0.0,0.0
2022-01-19 08:04:18.006377,0.0,0.0,0.0
2022-01-19 08:04:18.510862,0.0,0.0,0.0
2022-01-19 08:04:19.009455,0.0,0.0,0.0
2022-01-19 08:04:19.506981,0.0,0.0,0.0
2022-01-19 08:04:20.004298,0.0,0.0,0.0
2022-01-19 08:04:20.509877,0.0,0.0,0.0
2022-01-19 08:04:21.010865,0.0,0.0,0.0
2022-01-19 08:04:21.505416,0.0,0.0,0.0
2022-01-19 08:04:22.004948,0.0,0.0,0.0
2022-01-19 08:04:22.501947,0.0,0.0,0.0
2022-01-19 08:04:23.010880,0.0,0.0,0.0
2022-01-19 08:04:23.506616,0.0,0.0,0.0
2022-01-19 08:04:24.010403,0.0,0.0,0.0
2022-01-19 08:04:24.506901,0.0,0.0,0.0
2022-01-19 08:04:25.003565,0.0,0.0,0.0
2022-01-19 08:04:25.508483,0.0,0.0,0.0
2022-01-19 08:04:26.008358,0.0,0.0,0.0
2022-01-19 08:04:26.502223,0.0,0.0,0.0
2022-01-19 08:04:27.009817,0.0,0.0,0.0
2022-01-19 08:04:27.509175,0.0,0.0,0.0
2022-01-19 08:04:28.007851,0.0,0.0,0.0
2022-01-19 08:04:28.502255,0.0,0.0,0.0
2022-01-19 08:04:29.001264,0.0,0.0,0.0
2022-01-19 08:04:29.506129,0.0,0.0,0.0
2022-01-19 08:04:30.004626,0.0,0.0,0.0
2022-01-19 08:04:30.510458,0.0,0.0,0.0
2022-01-19 08:04:31.003104,0.0,0.0,0.0
2022-01-19 08:04:31.509776,0.0,0.0,0.0
2022-01-19 08:04:32.003183,0.0,0.0,0.0
2022-01-19 08:04:32.509116,0.0,0.0,0.0
2022-01-19 08:04:33.008267,0.0,0.0,0.0
2022-01-19 08:04:33.502415,0.0,0.0,0.0
2022-01-19 08:04:34.010634,0.0,0.0,0.0
2022-01-19 08:04:34.505241,0.0,0.0,0.0
2022-01-19 08:04:35.002202,0.0,0.0,0.0
2022-01-19 08:04:35.507225,0.0,0.0,0.0
2022-01-19 08:04:36.008512,0.0,0.0,0.0
2022-01-19 08:04:36.504111,0.0,0.0,0.0
2022-01-19 08:04:37.002270,0.0,0.0,0.0
2022-01-19 08:04:37.508467,0.0,0.0,0.0
2022-01-19 08:04:38.008620,0.0,0.0,0.0
2022-01-19 08:04:38.504173,0.0,0.0,0.0
2022-01-19 08:04:39.003440,0.0,0.0,0.0
2022-01-19 08:04:39.503987,0.0,0.0,0.0
2022-01-19 08:04:40.002467,0.0,0.0,0.0
2022-01-19 08:04:40.509685,0.0,0.0,0.0
2022-01-19 08:04:41.009062,0.0,0.0,0.0
2022-01-19 08:04:41.504621,0.0,0.0,0.0
2022-01-19 08:04:42.004636,0.0,0.0,0.0
2022-01-19 08:04:42.509709,0.0,0.0,0.0
2022-01-19 08:04:43.007214,0.0,0.0,0.0
2022-01-19 08:04:43.502939,0.0,0.0,0.0
2022-01-19 08:04:44.002441,0.0,0.0,0.0
2022-01-19 08:04:44.507711,0.0,0.0,0.0
2022-01-19 08:04:45.006873,0.0,0.0,0.0
2022-01-19 08:04:45.502440,0.0,0.0,0.0
2022-01-19 08:04:46.010645,0.0,0.0,0.0
2022-01-19 08:04:46.504352,0.0,0.0,0.0
2022-01-19 08:04:47.003210,0.0,0.0,0.0
2022-01-19 08:04:47.508037,0.0,0.0,0.0
2022-01-19 08:04:48.005760,0.0,0.0,0.0
2022-01-19 08:04:48.511062,0.0,0.0,0.0
2022-01-19 08:04:49.008571,0.0,0.0,0.0
2022-01-19 08:04:49.506395,0.0,0.0,0.0
2022-01-19 08:04:50.004183,0.0,0.0,0.0
2022-01-19 08:04:50.508738,0.0,0.0,0.0
2022-01-19 08:04:51.009032,0.0,0.0,0.0
2022-01-19 08:04:51.504051,0.0,0.0,0.0
2022-01-19 08:04:52.005695,0.0,0.0,0.0
2022-01-19 08:04:52.502990,0.0,0.0,0.0
2022-01-19 08:04:53.001147,0.0,0.0,0.0
2022-01-19 08:04:53.506279,0.0,0.0,0.0
2022-01-19 08:04:54.006959,0.0,0.0,0.0
2022-01-19 08:04:54.502075,0.0,0.0,0.0
2022-01-19 08:04:55.003015,0.0,0.0,0.0
2022-01-19 08:04:55.507931,0.0,0.0,0.0
2022-01-19 08:04:56.007371,0.0,0.0,0.0
2022-01-19 08:04:56.505140,0.0,0.0,0.0
2022-01-19 08:04:57.005281,0.0,0.0,0.0
2022-01-19 08:04:57.510545,0.0,0.0,0.0
2022-01-19 08:04:58.003946,0.0,0.0,0.0
2022-01-19 08:04:58.503799,0.0,0.0,0.0
2022-01-19 08:04:59.005994,0.0,0.0,0.0
2022-01-19 08:04:59.501796,0.0,0.0,0.0
2022-01-19 08:05:00.001720,0.0,0.0,0.0
2022-01-19 08:05:00.511032,0.0,0.0,0.0
2022-01-19 08:05:01.008400,0.0,0.0,0.0
2022-01-19 08:05:01.505171,0.0,0.0,0.0
2022-01-19 08:05:02.003376,0.0,0.0,0.0
2022-01-19 08:05:02.510788,0.0,0.0,0.0
2022-01-19 08:05:03.505159,0.0,0.0,0.0
2022-01-19 08:05:04.003016,0.0,0.0,0.0
2022-01-19 08:05:04.507943,0.0,0.0,0.0
2022-01-19 08:05:05.004818,0.0,0.0,0.0
2022-01-19 08:05:05.510096,0.0,0.0,0.0
2022-01-19 08:05:06.007682,0.0,0.0,0.0
2022-01-19 08:05:06.504040,0.0,0.0,0.0
2022-01-19 08:05:07.004667,0.0,0.0,0.0
2022-01-19 08:05:07.507993,0.0,0.0,0.0
2022-01-19 08:05:08.007021,0.0,0.0,0.0
2022-01-19 08:05:08.503455,0.0,0.0,0.0
2022-01-19 08:05:09.001456,0.0,0.0,0.0
2022-01-19 08:05:09.505403,0.0,0.0,0.0
2022-01-19 08:05:10.006836,0.0,0.0,0.0
2022-01-19 08:05:10.501786,0.0,0.0,0.0
2022-01-19 08:05:11.008434,0.0,0.0,0.0
2022-01-19 08:05:11.506172,0.0,0.0,0.0
2022-01-19 08:05:12.003873,0.0,0.0,0.0
2022-01-19 08:05:12.507099,0.0,0.0,0.0
2022-01-19 08:05:13.004888,0.0,0.0,0.0
2022-01-19 08:05:13.509359,0.0,0.0,0.0
2022-01-19 08:05:14.008544,0.0,0.0,0.0
2022-01-19 08:05:14.503891,0.0,0.0,0.0
2022-01-19 08:05:15.001957,0.0,0.0,0.0
2022-01-19 08:05:15.506769,0.0,0.0,0.0
2022-01-19 08:05:16.008902,0.0,0.0,0.0
2022-01-19 08:05:16.503806,0.0,0.0,0.0
2022-01-19 08:05:17.002036,0.0,0.0,0.0
2022-01-19 08:05:17.507927,0.0,0.0,0.0
2022-01-19 08:05:18.006428,0.0,0.0,0.0
2022-01-19 08:05:18.509939,0.0,0.0,0.0
2022-01-19 08:05:19.006366,0.0,0.0,0.0
2022-01-19 08:05:19.509293,0.0,0.0,0.0
2022-01-19 08:05:20.008959,0.0,0.0,0.0
2022-01-19 08:05:20.504527,0.0,0.0,0.0
2022-01-19 08:05:21.002357,0.0,0.0,0.0
2022-01-19 08:05:21.506729,0.0,0.0,0.0
2022-01-19 08:05:22.004410,0.0,0.0,0.0
2022-01-19 08:05:22.507962,0.0,0.0,0.0
2022-01-19 08:05:23.006361,0.0,0.0,0.0
2022-01-19 08:05:23.502803,0.0,0.0,0.0
2022-01-19 08:05:24.010309,0.0,0.0,0.0
2022-01-19 08:05:24.505250,0.0,0.0,0.0
2022-01-19 08:05:25.011030,0.0,0.0,0.0
2022-01-19 08:05:25.508019,0.0,0.0,0.0
2022-01-19 08:05:26.006227,0.0,0.0,0.0
2022-01-19 08:05:26.511173,0.0,0.0,0.0
2022-01-19 08:05:27.007157,0.0,0.0,0.0
2022-01-19 08:05:27.510676,0.0,0.0,0.0
2022-01-19 08:05:28.009432,0.0,0.0,0.0
2022-01-19 08:05:28.508214,0.0,0.0,0.0
2022-01-19 08:05:29.007341,0.0,0.0,0.0
2022-01-19 08:05:29.501082,0.0,0.0,0.0
2022-01-19 08:05:30.008631,0.0,0.0,0.0
2022-01-19 08:05:30.503816,0.0,0.0,0.0
2022-01-19 08:05:31.504139,0.0,0.0,0.0
2022-01-19 08:05:32.001609,0.0,0.0,0.0
2022-01-19 08:05:32.505984,0.0,0.0,0.0
2022-01-19 08:05:33.006010,0.0,0.0,0.0
2022-01-19 08:05:33.501959,0.0,0.0,0.0
2022-01-19 08:05:34.010731,0.0,0.0,0.0
2022-01-19 08:05:34.506207,0.0,0.0,0.0
2022-01-19 08:05:35.004138,0.0,0.0,0.0
2022-01-19 08:05:35.509875,0.0,0.0,0.0
2022-01-19 08:05:36.009965,0.0,0.0,0.0
2022-01-19 08:05:36.501122,0.0,0.0,0.0
2022-01-19 08:05:37.005697,0.0,0.0,0.0
2022-01-19 08:05:37.506311,0.0,0.0,0.0
2022-01-19 08:05:38.002149,0.0,0.0,0.0
2022-01-19 08:05:38.505652,0.0,0.0,0.0
2022-01-19 08:05:39.002486,0.0,0.0,0.0
2022-01-19 08:05:39.503844,0.0,0.0,0.0
2022-01-19 08:05:40.004539,0.0,0.0,0.0
2022-01-19 08:05:40.506099,0.0,0.0,0.0
2022-01-19 08:05:41.010379,0.0,0.0,0.0
2022-01-19 08:05:41.506727,0.0,0.0,0.0
2022-01-19 08:05:42.006070,0.0,0.0,0.0
2022-01-19 08:05:42.506911,0.0,0.0,0.0
2022-01-19 08:05:43.001560,0.0,0.0,0.0
2022-01-19 08:05:43.506548,0.0,0.0,0.0
2022-01-19 08:05:44.005208,0.0,0.0,0.0
2022-01-19 08:05:44.501491,0.0,0.0,0.0
2022-01-19 08:05:45.001978,0.0,0.0,0.0
2022-01-19 08:05:45.506181,0.0,0.0,0.0
2022-01-19 08:05:46.004109,0.0,0.0,0.0
2022-01-19 08:05:47.003787,0.0,0.0,0.0
2022-01-19 08:05:47.501348,0.0,0.0,0.0
2022-01-19 08:05:48.006788,0.0,0.0,0.0
2022-01-19 08:05:48.504247,0.0,0.0,0.0
2022-01-19 08:05:49.008097,0.0,0.0,0.0
2022-01-19 08:05:49.501694,0.0,0.0,0.0
2022-01-19 08:05:50.007833,0.0,0.0,0.0
2022-01-19 08:05:50.500868,0.0,0.0,0.0
2022-01-19 08:05:51.010537,0.0,0.0,0.0
2022-01-19 08:05:51.505872,0.0,0.0,0.0
2022-01-19 08:05:52.010682,0.0,0.0,0.0
2022-01-19 08:05:52.510753,0.0,0.0,0.0
2022-01-19 08:05:53.008212,0.0,0.0,0.0
2022-01-19 08:05:53.502882,0.0,0.0,0.0
2022-01-19 08:05:54.009638,0.0,0.0,0.0
2022-01-19 08:05:54.505010,0.0,0.0,0.0
2022-01-19 08:05:55.002637,0.0,0.0,0.0
2022-01-19 08:05:55.502469,0.0,0.0,0.0
2022-01-19 08:05:56.008184,0.0,0.0,0.0
2022-01-19 08:05:56.507636,0.0,0.0,0.0
2022-01-19 08:05:57.005826,0.0,0.0,0.0
2022-01-19 08:05:57.510033,0.0,0.0,0.0
2022-01-19 08:05:58.007386,0.0,0.0,0.0
2022-01-19 08:05:58.503594,0.0,0.0,0.0
2022-01-19 08:05:59.001111,0.0,0.0,0.0
2022-01-19 08:05:59.505528,0.0,0.0,0.0
2022-01-19 08:06:00.003981,0.0,0.0,0.0
2022-01-19 08:06:00.502152,0.0,0.0,0.0
2022-01-19 08:06:01.002525,0.0,0.0,0.0
2022-01-19 08:06:01.508346,0.0,0.0,0.0
2022-01-19 08:06:02.005418,0.0,0.0,0.0
2022-01-19 08:06:02.510297,0.0,0.0,0.0
2022-01-19 08:06:03.007982,0.0,0.0,0.0
2022-01-19 08:06:03.502299,0.0,0.0,0.0
2022-01-19 08:06:04.001567,0.0,0.0,0.0
2022-01-19 08:06:04.509084,0.0,0.0,0.0
2022-01-19 08:06:05.009103,0.0,0.0,0.0
2022-01-19 08:06:05.503884,0.0,0.0,0.0
2022-01-19 08:06:06.001045,0.0,0.0,0.0
2022-01-19 08:06:06.506510,0.0,0.0,0.0
2022-01-19 08:06:07.004529,0.0,0.0,0.0
2022-01-19 08:06:07.508643,0.0,0.0,0.0
2022-01-19 08:06:08.006704,0.0,0.0,0.0
2022-01-19 08:06:08.503618,0.0,0.0,0.0
2022-01-19 08:06:09.504604,0.0,0.0,0.0
2022-01-19 08:06:10.005021,0.0,0.0,0.0
2022-01-19 08:06:10.509328,0.0,0.0,0.0
2022-01-19 08:06:11.001899,0.0,0.0,0.0
2022-01-19 08:06:11.508560,0.0,0.0,0.0
2022-01-19 08:06:12.005617,0.0,0.0,0.0
2022-01-19 08:06:12.510839,0.0,0.0,0.0
2022-01-19 08:06:13.504839,0.0,0.0,0.0
2022-01-19 08:06:14.004049,0.0,0.0,0.0
2022-01-19 08:06:14.503678,0.0,0.0,0.0
2022-01-19 08:06:15.003697,0.0,0.0,0.0
2022-01-19 08:06:15.510351,0.0,0.0,0.0
2022-01-19 08:06:16.006080,0.0,0.0,0.0
2022-01-19 08:06:16.510023,0.0,0.0,0.0
2022-01-19 08:06:17.006305,0.0,0.0,0.0
2022-01-19 08:06:17.501894,0.0,0.0,0.0
2022-01-19 08:06:18.009484,0.0,0.0,0.0
2022-01-19 08:06:18.507693,0.0,0.0,0.0
2022-01-19 08:06:19.001870,0.0,0.0,0.0
2022-01-19 08:06:19.510041,0.0,0.0,0.0
2022-01-19 08:06:20.006784,0.0,0.0,0.0
2022-01-19 08:06:20.501551,0.0,0.0,0.0
2022-01-19 08:06:21.010246,0.0,0.0,0.0
2022-01-19 08:06:21.504148,0.0,0.0,0.0
2022-01-19 08:06:22.002715,0.0,0.0,0.0
2022-01-19 08:06:22.507898,0.0,0.0,0.0
2022-01-19 08:06:23.004861,0.0,0.0,0.0
2022-01-19 08:06:23.511152,0.0,0.0,0.0
2022-01-19 08:06:24.010194,0.0,0.0,0.0
2022-01-19 08:06:24.503851,0.0,0.0,0.0
2022-01-19 08:06:25.011206,0.0,0.0,0.0
2022-01-19 08:06:25.506329,0.0,0.0,0.0
2022-01-19 08:06:26.004484,0.0,0.0,0.0
2022-01-19 08:06:26.509301,0.0,0.0,0.0
2022-01-19 08:06:27.010067,0.0,0.0,0.0
2022-01-19 08:06:27.503988,0.0,0.0,0.0
2022-01-19 08:06:28.003224,0.0,0.0,0.0
2022-01-19 08:06:28.509411,0.0,0.0,0.0
2022-01-19 08:06:29.008321,0.0,0.0,0.0
2022-01-19 08:06:29.510820,0.0,0.0,0.0
2022-01-19 08:06:30.005158,0.0,0.0,0.0
2022-01-19 08:06:30.508985,0.0,0.0,0.0
2022-01-19 08:06:31.005569,0.0,0.0,0.0
2022-01-19 08:06:31.510380,0.0,0.0,0.0
2022-01-19 08:06:32.008153,0.0,0.0,0.0
2022-01-19 08:06:32.506172,0.0,0.0,0.0
2022-01-19 08:06:33.005877,0.0,0.0,0.0
2022-01-19 08:06:33.509881,0.0,0.0,0.0
2022-01-19 08:06:34.008325,0.0,0.0,0.0
2022-01-19 08:06:34.503398,0.0,0.0,0.0
2022-01-19 08:06:35.002750,0.0,0.0,0.0
2022-01-19 08:06:35.509035,0.0,0.0,0.0
2022-01-19 08:06:36.009469,0.0,0.0,0.0
2022-01-19 08:06:36.504717,0.0,0.0,0.0
2022-01-19 08:06:37.003274,0.0,0.0,0.0
2022-01-19 08:06:37.501139,0.0,0.0,0.0
2022-01-19 08:06:38.010010,0.0,0.0,0.0
2022-01-19 08:06:38.508053,0.0,0.0,0.0
2022-01-19 08:06:39.006434,0.0,0.0,0.0
2022-01-19 08:06:39.508960,0.0,0.0,0.0
2022-01-19 08:06:40.008032,0.0,0.0,0.0
2022-01-19 08:06:40.506961,0.0,0.0,0.0
2022-01-19 08:06:41.007075,0.0,0.0,0.0
2022-01-19 08:06:41.503121,0.0,0.0,0.0
2022-01-19 08:06:42.004588,0.0,0.0,0.0
2022-01-19 08:06:42.503804,0.0,0.0,0.0
2022-01-19 08:06:43.002284,0.0,0.0,0.0
2022-01-19 08:06:43.506708,0.0,0.0,0.0
2022-01-19 08:06:44.004381,0.0,0.0,0.0
2022-01-19 08:06:44.504721,0.0,0.0,0.0
2022-01-19 08:06:45.003515,0.0,0.0,0.0
2022-01-19 08:06:45.510841,0.0,0.0,0.0
2022-01-19 08:06:46.009741,0.0,0.0,0.0
2022-01-19 08:06:46.504821,0.0,0.0,0.0
2022-01-19 08:06:47.002814,0.0,0.0,0.0
2022-01-19 08:06:47.506752,0.0,0.0,0.0
2022-01-19 08:06:48.004606,0.0,0.0,0.0
2022-01-19 08:06:48.509518,0.0,0.0,0.0
2022-01-19 08:06:49.001796,0.0,0.0,0.0
2022-01-19 08:06:49.510755,0.0,0.0,0.0
2022-01-19 08:06:50.009126,0.0,0.0,0.0
2022-01-19 08:06:50.506897,0.0,0.0,0.0
2022-01-19 08:06:51.007562,0.0,0.0,0.0
2022-01-19 08:06:51.502788,0.0,0.0,0.0
2022-01-19 08:06:52.002968,0.0,0.0,0.0
2022-01-19 08:06:52.507937,0.0,0.0,0.0
2022-01-19 08:06:53.005012,0.0,0.0,0.0
2022-01-19 08:06:53.509187,0.0,0.0,0.0
2022-01-19 08:06:54.006223,0.0,0.0,0.0
2022-01-19 08:06:54.508877,0.0,0.0,0.0
2022-01-19 08:06:55.008605,0.0,0.0,0.0
2022-01-19 08:06:55.504004,0.0,0.0,0.0
2022-01-19 08:06:56.002719,0.0,0.0,0.0
2022-01-19 08:06:56.507494,0.0,0.0,0.0
2022-01-19 08:06:57.008641,0.0,0.0,0.0
2022-01-19 08:06:57.508103,0.0,0.0,0.0
2022-01-19 08:06:58.006640,0.0,0.0,0.0
2022-01-19 08:06:58.501424,0.0,0.0,0.0
2022-01-19 08:06:59.009998,0.0,0.0,0.0
2022-01-19 08:06:59.507212,0.0,0.0,0.0
2022-01-19 08:07:00.004885,0.0,0.0,0.0
2022-01-19 08:07:00.506433,0.0,0.0,0.0
2022-01-19 08:07:01.004745,0.0,0.0,0.0
2022-01-19 08:07:01.509197,0.0,0.0,0.0
2022-01-19 08:07:02.006727,0.0,0.0,0.0
2022-01-19 08:07:02.501096,0.0,0.0,0.0
2022-01-19 08:07:03.009993,0.0,0.0,0.0
2022-01-19 08:07:03.504849,0.0,0.0,0.0
2022-01-19 08:07:04.003531,0.0,0.0,0.0
2022-01-19 08:07:04.509470,0.0,0.0,0.0
2022-01-19 08:07:05.007991,0.0,0.0,0.0
2022-01-19 08:07:05.502214,0.0,0.0,0.0
2022-01-19 08:07:06.010737,0.0,0.0,0.0
2022-01-19 08:07:06.506436,0.0,0.0,0.0
2022-01-19 08:07:07.003568,0.0,0.0,0.0
2022-01-19 08:07:07.509193,0.0,0.0,0.0
2022-01-19 08:07:08.002868,0.0,0.0,0.0
2022-01-19 08:07:08.507723,0.0,0.0,0.0
2022-01-19 08:07:09.006329,0.0,0.0,0.0
2022-01-19 08:07:09.510765,0.0,0.0,0.0
2022-01-19 08:07:10.009784,0.0,0.0,0.0
2022-01-19 08:07:10.503299,0.0,0.0,0.0
2022-01-19 08:07:11.008855,0.0,0.0,0.0
2022-01-19 08:07:11.502766,0.0,0.0,0.0
2022-01-19 08:07:12.000682,0.0,0.0,0.0
2022-01-19 08:07:12.503724,0.0,0.0,0.0
2022-01-19 08:07:13.001502,0.0,0.0,0.0
2022-01-19 08:07:13.507782,0.0,0.0,0.0
2022-01-19 08:07:14.007255,0.0,0.0,0.0
2022-01-19 08:07:14.503320,0.0,0.0,0.0
2022-01-19 08:07:15.000932,0.0,0.0,0.0
2022-01-19 08:07:15.505176,0.0,0.0,0.0
2022-01-19 08:07:16.006611,0.0,0.0,0.0
2022-01-19 08:07:16.502036,0.0,0.0,0.0
2022-01-19 08:07:17.002879,0.0,0.0,0.0
2022-01-19 08:07:17.508623,0.0,0.0,0.0
2022-01-19 08:07:18.005953,0.0,0.0,0.0
2022-01-19 08:07:18.506709,0.0,0.0,0.0
2022-01-19 08:07:19.007602,0.0,0.0,0.0
2022-01-19 08:07:19.501957,0.0,0.0,0.0
2022-01-19 08:07:20.009155,0.0,0.0,0.0
2022-01-19 08:07:20.505870,0.0,0.0,0.0
2022-01-19 08:07:21.002845,0.0,0.0,0.0
2022-01-19 08:07:21.508875,0.0,0.0,0.0
2022-01-19 08:07:22.006894,0.0,0.0,0.0
2022-01-19 08:07:22.501098,0.0,0.0,0.0
2022-01-19 08:07:23.009138,0.0,0.0,0.0
2022-01-19 08:07:23.506168,0.0,0.0,0.0
2022-01-19 08:07:24.005158,0.0,0.0,0.0
2022-01-19 08:07:24.503691,0.0,0.0,0.0
2022-01-19 08:07:25.002406,0.0,0.0,0.0
2022-01-19 08:07:25.507288,0.0,0.0,0.0
2022-01-19 08:07:26.005184,0.0,0.0,0.0
2022-01-19 08:07:26.508356,0.0,0.0,0.0
2022-01-19 08:07:27.009862,0.0,0.0,0.0
2022-01-19 08:07:27.505717,0.0,0.0,0.0
2022-01-19 08:07:28.003464,0.0,0.0,0.0
2022-01-19 08:07:28.507397,0.0,0.0,0.0
2022-01-19 08:07:29.004284,0.0,0.0,0.0
2022-01-19 08:07:29.503381,0.0,0.0,0.0
2022-01-19 08:07:30.010756,0.0,0.0,0.0
2022-01-19 08:07:30.505548,0.0,0.0,0.0
2022-01-19 08:07:31.003421,0.0,0.0,0.0
2022-01-19 08:07:31.508882,0.0,0.0,0.0
2022-01-19 08:07:32.006783,0.0,0.0,0.0
2022-01-19 08:07:32.501044,0.0,0.0,0.0
2022-01-19 08:07:33.007978,0.0,0.0,0.0
2022-01-19 08:07:33.501964,0.0,0.0,0.0
2022-01-19 08:07:34.010630,0.0,0.0,0.0
2022-01-19 08:07:34.501389,0.0,0.0,0.0
2022-01-19 08:07:35.009084,0.0,0.0,0.0
2022-01-19 08:07:35.502929,0.0,0.0,0.0
2022-01-19 08:07:36.001202,0.0,0.0,0.0
2022-01-19 08:07:36.505957,0.0,0.0,0.0
2022-01-19 08:07:37.004069,0.0,0.0,0.0
2022-01-19 08:07:37.507936,0.0,0.0,0.0
2022-01-19 08:07:38.007179,0.0,0.0,0.0
2022-01-19 08:07:38.503546,0.0,0.0,0.0
2022-01-19 08:07:39.000709,0.0,0.0,0.0
2022-01-19 08:07:39.504466,0.0,0.0,0.0
2022-01-19 08:07:40.006485,0.0,0.0,0.0
2022-01-19 08:07:40.501402,0.0,0.0,0.0
2022-01-19 08:07:41.009531,0.0,0.0,0.0
2022-01-19 08:07:41.504514,0.0,0.0,0.0
2022-01-19 08:07:42.002281,0.0,0.0,0.0
2022-01-19 08:07:42.505779,0.0,0.0,0.0
2022-01-19 08:07:43.003767,0.0,0.0,0.0
2022-01-19 08:07:43.507879,0.0,0.0,0.0
2022-01-19 08:07:44.005409,0.0,0.0,0.0
2022-01-19 08:07:44.510401,0.0,0.0,0.0
2022-01-19 08:07:45.007328,0.0,0.0,0.0
2022-01-19 08:07:45.501983,0.0,0.0,0.0
2022-01-19 08:07:46.010723,0.0,0.0,0.0
2022-01-19 08:07:46.504431,0.0,0.0,0.0
2022-01-19 08:07:47.010696,0.0,0.0,0.0
2022-01-19 08:07:47.509155,0.0,0.0,0.0
2022-01-19 08:07:48.006535,0.0,0.0,0.0
2022-01-19 08:07:48.501225,0.0,0.0,0.0
2022-01-19 08:07:49.001460,0.0,0.0,0.0
2022-01-19 08:07:49.507563,0.0,0.0,0.0
2022-01-19 08:07:50.005082,0.0,0.0,0.0
2022-01-19 08:07:50.509047,0.0,0.0,0.0
2022-01-19 08:07:51.006377,0.0,0.0,0.0
2022-01-19 08:07:51.503073,0.0,0.0,0.0
2022-01-19 08:07:52.011012,0.0,0.0,0.0
2022-01-19 08:07:52.505277,0.0,0.0,0.0
2022-01-19 08:07:53.003360,0.0,0.0,0.0
2022-01-19 08:07:53.505105,0.0,0.0,0.0
2022-01-19 08:07:54.002429,0.0,0.0,0.0
2022-01-19 08:07:54.506854,0.0,0.0,0.0
2022-01-19 08:07:55.004955,0.0,0.0,0.0
2022-01-19 08:07:55.510487,0.0,0.0,0.0
2022-01-19 08:07:56.007844,0.0,0.0,0.0
2022-01-19 08:07:56.502994,0.0,0.0,0.0
2022-01-19 08:07:57.001929,0.0,0.0,0.0
2022-01-19 08:07:57.505079,0.0,0.0,0.0
2022-01-19 08:07:58.003062,0.0,0.0,0.0
2022-01-19 08:07:58.510326,0.0,0.0,0.0
2022-01-19 08:07:59.007246,0.0,0.0,24.15156
2022-01-19 08:07:59.503076,0.0,0.0,24.15156
2022-01-19 08:08:00.011101,0.0,0.0,65.50375
2022-01-19 08:08:00.510291,0.0,0.0,65.50375
2022-01-19 08:08:01.007776,0.0,0.0,89.14447
2022-01-19 08:08:01.502881,0.0,0.0,89.14447
2022-01-19 08:08:02.001075,0.0,0.0,87.53468
2022-01-19 08:08:02.505071,0.0,0.0,87.53468
2022-01-19 08:08:03.002336,0.0,0.0,86.23875
2022-01-19 08:08:03.506317,0.0,0.0,86.23875
2022-01-19 08:08:04.003739,0.0,0.0,87.57333
2022-01-19 08:08:04.508786,0.0,0.0,87.57333
2022-01-19 08:08:05.007339,0.0,0.0,64.32562
2022-01-19 08:08:05.502197,0.0,0.0,64.32562
2022-01-19 08:08:06.010834,0.0,0.0,-0.03864
2022-01-19 08:08:06.501077,0.0,0.0,-0.03864
2022-01-19 08:08:07.010160,0.0,0.0,0.0
2022-01-19 08:08:07.503837,0.0,0.0,0.0
2022-01-19 08:08:08.001658,0.0,0.0,0.0
2022-01-19 08:08:08.507161,0.0,0.0,0.0
2022-01-19 08:08:09.005642,0.0,0.0,0.0
2022-01-19 08:08:09.510697,0.0,0.0,0.0
2022-01-19 08:08:10.007732,0.0,0.0,0.0
2022-01-19 08:08:10.501375,0.0,0.0,0.0
2022-01-19 08:08:11.007811,0.0,0.0,0.0
2022-01-19 08:08:11.504090,0.0,0.0,0.0
2022-01-19 08:08:12.001387,0.0,0.0,0.0
2022-01-19 08:08:12.505071,0.0,0.0,0.0
2022-01-19 08:08:13.004034,0.0,0.0,0.0
2022-01-19 08:08:13.509778,0.0,0.0,0.0
2022-01-19 08:08:14.008366,0.0,0.0,0.0
2022-01-19 08:08:14.503468,0.0,0.0,0.0
2022-01-19 08:08:15.002299,0.0,0.0,0.0
2022-01-19 08:08:15.506262,0.0,0.0,0.0
2022-01-19 08:08:16.003447,0.0,0.0,0.0
2022-01-19 08:08:16.507387,0.0,0.0,0.0
2022-01-19 08:08:17.004488,0.0,0.0,0.0
2022-01-19 08:08:17.508919,0.0,0.0,0.0
2022-01-19 08:08:18.006652,0.0,0.0,0.0
2022-01-19 08:08:18.502590,0.0,0.0,0.0
2022-01-19 08:08:19.002795,0.0,0.0,0.0
2022-01-19 08:08:19.507459,0.0,0.0,0.0
2022-01-19 08:08:20.007494,0.0,0.0,0.0
2022-01-19 08:08:20.502669,0.0,0.0,0.0
2022-01-19 08:08:21.001939,0.0,0.0,0.0
2022-01-19 08:08:21.506925,0.0,0.0,0.0
2022-01-19 08:08:22.006042,0.0,0.0,0.0
2022-01-19 08:08:22.509348,0.0,0.0,0.0
2022-01-19 08:08:23.010453,0.0,0.0,0.0
2022-01-19 08:08:23.505109,0.0,0.0,0.0
2022-01-19 08:08:24.002838,0.0,0.0,0.0
2022-01-19 08:08:24.506093,0.0,0.0,0.0
2022-01-19 08:08:25.004059,0.0,0.0,0.0
2022-01-19 08:08:25.509633,0.0,0.0,0.0
2022-01-19 08:08:26.006843,0.0,0.0,0.0
2022-01-19 08:08:26.501528,0.0,0.0,0.0
2022-01-19 08:08:27.009990,0.0,0.0,0.0
2022-01-19 08:08:27.506213,0.0,0.0,0.0
2022-01-19 08:08:28.010812,0.0,0.0,0.0
2022-01-19 08:08:28.505931,0.0,0.0,0.0
2022-01-19 08:08:29.003304,0.0,0.0,0.0
2022-01-19 08:08:29.508166,0.0,0.0,0.0
2022-01-19 08:08:30.006991,0.0,0.0,0.0
2022-01-19 08:08:30.502114,0.0,0.0,0.0
2022-01-19 08:08:31.009906,0.0,0.0,0.0
2022-01-19 08:08:31.506458,0.0,0.0,0.0
2022-01-19 08:08:32.007375,0.0,0.0,0.0
2022-01-19 08:08:32.501687,0.0,0.0,0.0
2022-01-19 08:08:33.009969,0.0,0.0,0.0
2022-01-19 08:08:33.510049,0.0,0.0,0.0
2022-01-19 08:08:34.006741,0.0,0.0,0.0
2022-01-19 08:08:34.503163,0.0,0.0,0.0
2022-01-19 08:08:35.010731,0.0,0.0,0.0
2022-01-19 08:08:35.503743,0.0,0.0,0.0
2022-01-19 08:08:36.002847,0.0,0.0,0.0
2022-01-19 08:08:36.507720,0.0,0.0,0.0
2022-01-19 08:08:37.005076,0.0,0.0,0.0
2022-01-19 08:08:37.501413,0.0,0.0,0.0
2022-01-19 08:08:38.002011,0.0,0.0,0.0
2022-01-19 08:08:38.507106,0.0,0.0,0.0
2022-01-19 08:08:39.004714,0.0,0.0,0.0
2022-01-19 08:08:39.507123,0.0,0.0,0.0
2022-01-19 08:08:40.004558,0.0,0.0,0.0
2022-01-19 08:08:40.501608,0.0,0.0,0.0
2022-01-19 08:08:41.009800,0.0,0.0,0.0
2022-01-19 08:08:41.506215,0.0,0.0,0.0
2022-01-19 08:08:42.006432,0.0,0.0,0.0
2022-01-19 08:08:42.510726,0.0,0.0,0.0
2022-01-19 08:08:43.009190,0.0,0.0,0.0
2022-01-19 08:08:43.502841,0.0,0.0,0.0
2022-01-19 08:08:44.009487,0.0,0.0,0.0
2022-01-19 08:08:44.504982,0.0,0.0,0.0
2022-01-19 08:08:45.004277,0.0,0.0,0.0
2022-01-19 08:08:45.508678,0.0,0.0,0.0
2022-01-19 08:08:46.007694,0.0,0.0,0.0
2022-01-19 08:08:46.510164,0.0,0.0,0.0
2022-01-19 08:08:47.009454,0.0,0.0,0.0
2022-01-19 08:08:47.503007,0.0,0.0,0.0
2022-01-19 08:08:48.009707,0.0,0.0,0.0
2022-01-19 08:08:48.506356,0.0,0.0,0.0
2022-01-19 08:08:49.003167,0.0,0.0,0.0
2022-01-19 08:08:49.501059,0.0,0.0,0.0
2022-01-19 08:08:50.009121,0.0,0.0,0.0
2022-01-19 08:08:50.504241,0.0,0.0,0.0
2022-01-19 08:08:51.001861,0.0,0.0,0.0
2022-01-19 08:08:51.505503,0.0,0.0,0.0
2022-01-19 08:08:52.003845,0.0,0.0,0.0
2022-01-19 08:08:52.508617,0.0,0.0,0.0
2022-01-19 08:08:53.007282,0.0,0.0,-0.03864
2022-01-19 08:08:53.503460,0.0,0.0,-0.03864
2022-01-19 08:08:54.000854,0.0,0.0,0.0
2022-01-19 08:08:54.506149,0.0,0.0,0.0
2022-01-19 08:08:55.004359,0.0,0.0,0.0
2022-01-19 08:08:55.509555,0.0,0.0,0.0
2022-01-19 08:08:56.007357,0.0,0.0,0.0
2022-01-19 08:08:56.511151,0.0,0.0,0.0
2022-01-19 08:08:57.009001,0.0,0.0,0.0
2022-01-19 08:08:57.502166,0.0,0.0,0.0
2022-01-19 08:08:58.010189,0.0,0.0,0.0
2022-01-19 08:08:58.504070,0.0,0.0,0.0
2022-01-19 08:08:59.002817,0.0,0.0,0.0
2022-01-19 08:08:59.506997,0.0,0.0,0.0
2022-01-19 08:09:00.003381,0.0,0.0,0.0
2022-01-19 08:09:00.506307,0.0,0.0,0.0
2022-01-19 08:09:01.003630,0.0,0.0,0.0
2022-01-19 08:09:01.509032,0.0,0.0,0.0
2022-01-19 08:09:02.007378,0.0,0.0,0.0
2022-01-19 08:09:02.503449,0.0,0.0,0.0
2022-01-19 08:09:03.010464,0.0,0.0,0.0
2022-01-19 08:09:03.505029,0.0,0.0,0.0
2022-01-19 08:09:04.002086,0.0,0.0,-0.03864
2022-01-19 08:09:04.506742,0.0,0.0,-0.03864
2022-01-19 08:09:05.004257,0.0,0.0,0.0
2022-01-19 08:09:05.509557,0.0,0.0,0.0
2022-01-19 08:09:06.001226,0.0,0.0,0.0
2022-01-19 08:09:06.508084,0.0,0.0,0.0
2022-01-19 08:09:07.005830,0.0,0.0,0.0
2022-01-19 08:09:07.500973,0.0,0.0,0.0
2022-01-19 08:09:08.008829,0.0,0.0,0.0
2022-01-19 08:09:08.502250,0.0,0.0,0.0
2022-01-19 08:09:09.010942,0.0,0.0,0.0
2022-01-19 08:09:09.506398,0.0,0.0,0.0
2022-01-19 08:09:10.003263,0.0,0.0,0.0
2022-01-19 08:09:10.508260,0.0,0.0,0.0
2022-01-19 08:09:11.008081,0.0,0.0,0.0
2022-01-19 08:09:11.502796,0.0,0.0,0.0
2022-01-19 08:09:12.007918,0.0,0.0,0.0
2022-01-19 08:09:12.502870,0.0,0.0,0.0
2022-01-19 08:09:13.004390,0.0,0.0,0.0
2022-01-19 08:09:13.503461,0.0,0.0,0.0
2022-01-19 08:09:14.007479,0.0,0.0,0.0
2022-01-19 08:09:14.510360,0.0,0.0,0.0
2022-01-19 08:09:15.011138,0.0,0.0,0.0
2022-01-19 08:09:15.508987,0.0,0.0,0.0
2022-01-19 08:09:16.006810,0.0,0.0,0.0
2022-01-19 08:09:16.508181,0.0,0.0,0.0
2022-01-19 08:09:17.006392,0.0,0.0,0.0
2022-01-19 08:09:17.507747,0.0,0.0,0.0
2022-01-19 08:09:18.007153,0.0,0.0,0.0
2022-01-19 08:09:18.501323,0.0,0.0,0.0
2022-01-19 08:09:19.009562,0.0,0.0,0.0
2022-01-19 08:09:19.503705,0.0,0.0,0.0
2022-01-19 08:09:20.002464,0.0,0.0,0.0
2022-01-19 08:09:20.506308,0.0,0.0,0.0
2022-01-19 08:09:21.005112,0.0,0.0,0.0
2022-01-19 08:09:21.509297,0.0,0.0,0.0
2022-01-19 08:09:22.005336,0.0,0.0,0.0
2022-01-19 08:09:22.511223,0.0,0.0,0.0
2022-01-19 08:09:23.008095,0.0,0.0,0.0
2022-01-19 08:09:23.502965,0.0,0.0,0.0
2022-01-19 08:09:24.001072,0.0,0.0,0.0
2022-01-19 08:09:24.506408,0.0,0.0,0.0
2022-01-19 08:09:25.004136,0.0,0.0,0.0
2022-01-19 08:09:25.503433,0.0,0.0,0.0
2022-01-19 08:09:26.010228,0.0,0.0,0.0
2022-01-19 08:09:26.503929,0.0,0.0,0.0
2022-01-19 08:09:27.001909,0.0,0.0,0.0
2022-01-19 08:09:27.505741,0.0,0.0,0.0
2022-01-19 08:09:28.003911,0.0,0.0,0.0
2022-01-19 08:09:28.504007,0.0,0.0,0.0
2022-01-19 08:09:29.001212,0.0,0.0,0.0
2022-01-19 08:09:29.507615,0.0,0.0,0.0
2022-01-19 08:09:30.004968,0.0,0.0,0.0
2022-01-19 08:09:30.502010,0.0,0.0,0.0
2022-01-19 08:09:31.010008,0.0,0.0,0.0
2022-01-19 08:09:31.505816,0.0,0.0,0.0
2022-01-19 08:09:32.003193,0.0,0.0,0.0
2022-01-19 08:09:32.508656,0.0,0.0,0.0
2022-01-19 08:09:33.007113,0.0,0.0,0.0
2022-01-19 08:09:33.501729,0.0,0.0,0.0
2022-01-19 08:09:34.008985,0.0,0.0,0.0
2022-01-19 08:09:34.504576,0.0,0.0,0.0
2022-01-19 08:09:35.001927,0.0,0.0,0.0
2022-01-19 08:09:35.506023,0.0,0.0,0.0
2022-01-19 08:09:36.002467,0.0,0.0,0.0
2022-01-19 08:09:36.506370,0.0,0.0,0.0
2022-01-19 08:09:37.004430,0.0,0.0,0.0
2022-01-19 08:09:37.510912,0.0,0.0,0.0
2022-01-19 08:09:38.008177,0.0,0.0,0.0
2022-01-19 08:09:38.505093,0.0,0.0,0.0
2022-01-19 08:09:39.002682,0.0,0.0,0.0
2022-01-19 08:09:39.509478,0.0,0.0,0.0
2022-01-19 08:09:40.002900,0.0,0.0,0.0
2022-01-19 08:09:40.507467,0.0,0.0,0.0
2022-01-19 08:09:41.003911,0.0,0.0,0.0
2022-01-19 08:09:41.509697,0.0,0.0,0.0
2022-01-19 08:09:42.007272,0.0,0.0,0.0
2022-01-19 08:09:42.502136,0.0,0.0,0.0
2022-01-19 08:09:43.009961,0.0,0.0,0.0
2022-01-19 08:09:43.505289,0.0,0.0,0.0
2022-01-19 08:09:44.002120,0.0,0.0,0.0
2022-01-19 08:09:44.507837,0.0,0.0,0.0
2022-01-19 08:09:45.004972,0.0,0.0,0.0
2022-01-19 08:09:45.509941,0.0,0.0,0.0
2022-01-19 08:09:46.009168,0.0,0.0,0.0
2022-01-19 08:09:46.502998,0.0,0.0,0.0
2022-01-19 08:09:47.001198,0.0,0.0,0.0
2022-01-19 08:09:47.506367,0.0,0.0,0.0
2022-01-19 08:09:48.002789,0.0,0.0,0.0
2022-01-19 08:09:48.506734,0.0,0.0,0.0
2022-01-19 08:09:49.004226,0.0,0.0,234.5251
2022-01-19 08:09:49.508262,0.0,0.0,234.5251
2022-01-19 08:09:50.004605,0.0,0.0,227.41676
2022-01-19 08:09:50.503492,0.0,0.0,227.41676
2022-01-19 08:09:51.001878,0.0,0.0,174.79416
2022-01-19 08:09:51.505144,0.0,0.0,174.79416
2022-01-19 08:09:52.004791,0.0,0.0,102.14343
2022-01-19 08:09:52.509414,0.0,0.0,102.14343
2022-01-19 08:09:53.007346,0.0,0.0,39.38801
2022-01-19 08:09:53.503350,0.0,0.0,39.38801
2022-01-19 08:09:54.002431,0.0,0.0,-0.03864
2022-01-19 08:09:54.505981,0.0,0.0,-0.03864
2022-01-19 08:09:55.003865,0.0,0.0,0.0
2022-01-19 08:09:55.510939,0.0,0.0,0.0
2022-01-19 08:09:56.003374,0.0,0.0,0.0
2022-01-19 08:09:56.509553,0.0,0.0,0.0
2022-01-19 08:09:57.007096,0.0,0.0,0.0
2022-01-19 08:09:57.502230,0.0,0.0,0.0
2022-01-19 08:09:58.010348,0.0,0.0,0.0
2022-01-19 08:09:58.504537,0.0,0.0,0.0
2022-01-19 08:09:59.002031,0.0,0.0,0.0
2022-01-19 08:09:59.505887,0.0,0.0,0.0
2022-01-19 08:10:00.003325,0.0,0.0,0.0
2022-01-19 08:10:00.501569,0.0,0.0,0.0
2022-01-19 08:10:01.001852,0.0,0.0,0.0
2022-01-19 08:10:01.508786,0.0,0.0,0.0
2022-01-19 08:10:02.002666,0.0,0.0,0.0
2022-01-19 08:10:02.507900,0.0,0.0,0.0
2022-01-19 08:10:03.005666,0.0,0.0,0.0
2022-01-19 08:10:03.509730,0.0,0.0,0.0
2022-01-19 08:10:04.009646,0.0,0.0,0.0
2022-01-19 08:10:04.507956,0.0,0.0,0.0
2022-01-19 08:10:05.005666,0.0,0.0,0.0
2022-01-19 08:10:05.501539,0.0,0.0,0.0
2022-01-19 08:10:06.005020,0.0,0.0,0.0
2022-01-19 08:10:06.509480,0.0,0.0,0.0
2022-01-19 08:10:07.006148,0.0,0.0,0.0
2022-01-19 08:10:07.507879,0.0,0.0,0.0
2022-01-19 08:10:08.005836,0.0,0.0,0.0
2022-01-19 08:10:08.501440,0.0,0.0,0.0
2022-01-19 08:10:09.008700,0.0,0.0,0.0
2022-01-19 08:10:09.502456,0.0,0.0,0.0
2022-01-19 08:10:10.009864,0.0,0.0,0.0
2022-01-19 08:10:10.503678,0.0,0.0,0.0
2022-01-19 08:10:11.001443,0.0,0.0,0.0
2022-01-19 08:10:11.504784,0.0,0.0,0.0
2022-01-19 08:10:12.002803,0.0,0.0,0.0
2022-01-19 08:10:12.504835,0.0,0.0,0.0
2022-01-19 08:10:13.002418,0.0,0.0,0.0
2022-01-19 08:10:13.507865,0.0,0.0,0.0
2022-01-19 08:10:14.008112,0.0,0.0,0.0
2022-01-19 08:10:14.501513,0.0,0.0,0.0
2022-01-19 08:10:15.002429,0.0,0.0,0.0
2022-01-19 08:10:15.507988,0.0,0.0,0.0
2022-01-19 08:10:16.005156,0.0,0.0,0.0
2022-01-19 08:10:16.510250,0.0,0.0,0.0
2022-01-19 08:10:17.008624,0.0,0.0,0.0
2022-01-19 08:10:17.504914,0.0,0.0,0.0
2022-01-19 08:10:18.001806,0.0,0.0,0.0
2022-01-19 08:10:18.504893,0.0,0.0,0.0
2022-01-19 08:10:19.002074,0.0,0.0,0.0
2022-01-19 08:10:19.508685,0.0,0.0,0.0
2022-01-19 08:10:20.006203,0.0,0.0,-0.07822
2022-01-19 08:10:21.004676,0.0,0.0,0.0
2022-01-19 08:10:21.511054,0.0,0.0,0.0
2022-01-19 08:10:22.008306,0.0,0.0,0.0
2022-01-19 08:10:22.502634,0.0,0.0,0.0
2022-01-19 08:10:23.009821,0.0,0.0,0.0
2022-01-19 08:10:23.504694,0.0,0.0,0.0
2022-01-19 08:10:24.001477,0.0,0.0,0.0
2022-01-19 08:10:24.505991,0.0,0.0,0.0
2022-01-19 08:10:25.003617,0.0,0.0,0.0
2022-01-19 08:10:25.508789,0.0,0.0,0.0
2022-01-19 08:10:26.008395,0.0,0.0,0.0
2022-01-19 08:10:26.505495,0.0,0.0,0.0
2022-01-19 08:10:27.003399,0.0,0.0,147.42208
2022-01-19 08:10:27.506825,0.0,0.0,147.42208
2022-01-19 08:10:28.004013,0.0,0.0,232.91531
2022-01-19 08:10:28.509171,0.0,0.0,232.91531
2022-01-19 08:10:29.006436,0.0,0.0,188.3426
2022-01-19 08:10:29.501207,0.0,0.0,188.3426
2022-01-19 08:10:30.008426,0.0,0.0,113.1
2022-01-19 08:10:30.503025,0.0,0.0,113.1
2022-01-19 08:10:31.002789,0.0,0.0,51.01281
2022-01-19 08:10:31.508060,0.0,0.0,51.01281
2022-01-19 08:10:32.006785,0.0,0.0,-0.03864
2022-01-19 08:10:32.502468,0.0,0.0,-0.03864
2022-01-19 08:10:33.010862,0.0,0.0,0.0
2022-01-19 08:10:33.506253,0.0,0.0,0.0
2022-01-19 08:10:34.003893,0.0,0.0,0.0
2022-01-19 08:10:34.509949,0.0,0.0,0.0
2022-01-19 08:10:35.007816,0.0,0.0,0.0
2022-01-19 08:10:35.504582,0.0,0.0,0.0
2022-01-19 08:10:36.003381,0.0,0.0,0.0
2022-01-19 08:10:36.508099,0.0,0.0,0.0
2022-01-19 08:10:37.006457,0.0,0.0,0.0
2022-01-19 08:10:37.511123,0.0,0.0,0.0
2022-01-19 08:10:38.008185,0.0,0.0,0.0
2022-01-19 08:10:38.503687,0.0,0.0,0.0
2022-01-19 08:10:39.001327,0.0,0.0,0.0
2022-01-19 08:10:39.507117,0.0,0.0,0.0
2022-01-19 08:10:40.004612,0.0,0.0,0.0
2022-01-19 08:10:40.509857,0.0,0.0,0.0
2022-01-19 08:10:41.006928,0.0,0.0,0.0
2022-01-19 08:10:41.501529,0.0,0.0,0.0
2022-01-19 08:10:42.005345,0.0,0.0,0.0
2022-01-19 08:10:42.501889,0.0,0.0,0.0
2022-01-19 08:10:43.009018,0.0,0.0,0.0
2022-01-19 08:10:43.510819,0.0,0.0,0.0
2022-01-19 08:10:44.001996,0.0,0.0,0.0
2022-01-19 08:10:44.505329,0.0,0.0,0.0
2022-01-19 08:10:45.002385,0.0,0.0,0.0
2022-01-19 08:10:45.507126,0.0,0.0,0.0
2022-01-19 08:10:46.006302,0.0,0.0,0.0
2022-01-19 08:10:46.501328,0.0,0.0,0.0
2022-01-19 08:10:47.008616,0.0,0.0,0.0
2022-01-19 08:10:47.502308,0.0,0.0,0.0
2022-01-19 08:10:48.002103,0.0,0.0,0.0
2022-01-19 08:10:48.507595,0.0,0.0,0.0
2022-01-19 08:10:49.005514,0.0,0.0,0.0
2022-01-19 08:10:49.511135,0.0,0.0,0.0
2022-01-19 08:10:50.010040,0.0,0.0,0.0
2022-01-19 08:10:50.506957,0.0,0.0,0.0
2022-01-19 08:10:51.005456,0.0,0.0,0.0
2022-01-19 08:10:51.501120,0.0,0.0,0.0
2022-01-19 08:10:52.009730,0.0,0.0,0.0
2022-01-19 08:10:52.503846,0.0,0.0,0.0
2022-01-19 08:10:53.002695,0.0,0.0,0.0
2022-01-19 08:10:53.508222,0.0,0.0,0.0
2022-01-19 08:10:54.001850,0.0,0.0,0.0
2022-01-19 08:10:54.507001,0.0,0.0,0.0
2022-01-19 08:10:55.005510,0.0,0.0,0.0
2022-01-19 08:10:55.501490,0.0,0.0,0.0
2022-01-19 08:10:56.009557,0.0,0.0,0.0
2022-01-19 08:10:56.503923,0.0,0.0,0.0
2022-01-19 08:10:57.005685,0.0,0.0,0.0
2022-01-19 08:10:57.510720,0.0,0.0,0.0
2022-01-19 08:10:58.007770,0.0,0.0,0.0
2022-01-19 08:10:58.502041,0.0,0.0,0.0
2022-01-19 08:10:59.009691,0.0,0.0,0.0
2022-01-19 08:10:59.504643,0.0,0.0,0.0
2022-01-19 08:11:00.002269,0.0,0.0,0.0
2022-01-19 08:11:00.508162,0.0,0.0,0.0
2022-01-19 08:11:01.004462,0.0,0.0,0.0
2022-01-19 08:11:02.003571,0.0,0.0,0.0
2022-01-19 08:11:02.510112,0.0,0.0,0.0
2022-01-19 08:11:03.007021,0.0,0.0,0.0
2022-01-19 08:11:03.502135,0.0,0.0,0.0
2022-01-19 08:11:04.010070,0.0,0.0,0.0
2022-01-19 08:11:04.506047,0.0,0.0,0.0
2022-01-19 08:11:05.005491,0.0,0.0,0.0
2022-01-19 08:11:05.509989,0.0,0.0,0.0
2022-01-19 08:11:06.008006,0.0,0.0,0.0
2022-01-19 08:11:06.503482,0.0,0.0,0.0
2022-01-19 08:11:07.003754,0.0,0.0,0.0
2022-01-19 08:11:07.509053,0.0,0.0,0.0
2022-01-19 08:11:08.005466,0.0,0.0,0.0
2022-01-19 08:11:08.510734,0.0,0.0,0.0
2022-01-19 08:11:09.009235,0.0,0.0,0.0
2022-01-19 08:11:09.503568,0.0,0.0,0.0
2022-01-19 08:11:10.002221,0.0,0.0,0.0
2022-01-19 08:11:10.506588,0.0,0.0,0.0
2022-01-19 08:11:11.010666,0.0,0.0,0.0
2022-01-19 08:11:11.507287,0.0,0.0,0.0
2022-01-19 08:11:12.006839,0.0,0.0,0.0
2022-01-19 08:11:12.510778,0.0,0.0,0.0
2022-01-19 08:11:13.008074,0.0,0.0,0.0
2022-01-19 08:11:13.503562,0.0,0.0,0.0
2022-01-19 08:11:14.002070,0.0,0.0,0.0
2022-01-19 08:11:14.506397,0.0,0.0,0.0
2022-01-19 08:11:15.003429,0.0,0.0,0.0
2022-01-19 08:11:15.508526,0.0,0.0,0.0
2022-01-19 08:11:16.007373,0.0,0.0,0.0
2022-01-19 08:11:17.004547,0.0,0.0,0.0
2022-01-19 08:11:17.508892,0.0,0.0,0.0
2022-01-19 08:11:18.008189,0.0,0.0,0.0
2022-01-19 08:11:18.503437,0.0,0.0,0.0
2022-01-19 08:11:19.003715,0.0,0.0,0.0
2022-01-19 08:11:19.511027,0.0,0.0,0.0
2022-01-19 08:11:20.001405,0.0,0.0,0.0
2022-01-19 08:11:20.506737,0.0,0.0,0.0
2022-01-19 08:11:21.006990,0.0,0.0,0.0
2022-01-19 08:11:21.502695,0.0,0.0,0.0
2022-01-19 08:11:22.002475,0.0,0.0,0.0
2022-01-19 08:11:22.506766,0.0,0.0,0.0
2022-01-19 08:11:23.004312,0.0,0.0,0.0
2022-01-19 08:11:23.510193,0.0,0.0,0.0
2022-01-19 08:11:24.007064,0.0,0.0,0.0
2022-01-19 08:11:24.502800,0.0,0.0,0.0
2022-01-19 08:11:25.010982,0.0,0.0,-0.03864
2022-01-19 08:11:25.505144,0.0,0.0,-0.03864
2022-01-19 08:11:26.003048,0.0,0.0,0.0
2022-01-19 08:11:26.508294,0.0,0.0,0.0
2022-01-19 08:11:27.008621,0.0,0.0,0.0
2022-01-19 08:11:27.503213,0.0,0.0,0.0
2022-01-19 08:11:28.003933,0.0,0.0,0.0
2022-01-19 08:11:28.503890,0.0,0.0,0.0
2022-01-19 08:11:29.004069,0.0,0.0,4.5551
2022-01-19 08:11:29.501256,0.0,0.0,4.5551
2022-01-19 08:11:30.001403,0.0,0.0,237.62781
2022-01-19 08:11:30.507345,0.0,0.0,237.62781
2022-01-19 08:11:31.006619,0.0,0.0,215.16426
2022-01-19 08:11:31.502646,0.0,0.0,215.16426
2022-01-19 08:11:32.010033,0.0,0.0,138.78312
2022-01-19 08:11:32.504621,0.0,0.0,138.78312
2022-01-19 08:11:33.003142,0.0,0.0,73.71104
2022-01-19 08:11:33.507016,0.0,0.0,73.71104
2022-01-19 08:11:34.006722,0.0,0.0,-0.07822
2022-01-19 08:11:34.507946,0.0,0.0,-0.07822
2022-01-19 08:11:35.006900,0.0,0.0,0.0
2022-01-19 08:11:35.503020,0.0,0.0,0.0
2022-01-19 08:11:36.001378,0.0,0.0,0.0
2022-01-19 08:11:36.505699,0.0,0.0,0.0
2022-01-19 08:11:37.005089,0.0,0.0,0.0
2022-01-19 08:11:37.503119,0.0,0.0,0.0
2022-01-19 08:11:38.003359,0.0,0.0,0.0
2022-01-19 08:11:38.501892,0.0,0.0,0.0
2022-01-19 08:11:39.008758,0.0,0.0,0.0
2022-01-19 08:11:39.502377,0.0,0.0,0.0
2022-01-19 08:11:40.010375,0.0,0.0,0.0
2022-01-19 08:11:40.505332,0.0,0.0,0.0
2022-01-19 08:11:41.002716,0.0,0.0,0.0
2022-01-19 08:11:41.507092,0.0,0.0,0.0
2022-01-19 08:11:42.005349,0.0,0.0,0.0
2022-01-19 08:11:42.509442,0.0,0.0,0.0
2022-01-19 08:11:43.009269,0.0,0.0,0.0
2022-01-19 08:11:43.504135,0.0,0.0,0.0
2022-01-19 08:11:44.003135,0.0,0.0,0.0
2022-01-19 08:11:44.509520,0.0,0.0,0.0
2022-01-19 08:11:45.006969,0.0,0.0,0.0
2022-01-19 08:11:46.004632,0.0,0.0,0.0
2022-01-19 08:11:46.509474,0.0,0.0,0.0
2022-01-19 08:11:47.006256,0.0,0.0,0.0
2022-01-19 08:11:47.502294,0.0,0.0,0.0
2022-01-19 08:11:48.001282,0.0,0.0,0.0
2022-01-19 08:11:48.505445,0.0,0.0,0.0
2022-01-19 08:11:49.001707,0.0,0.0,0.0
2022-01-19 08:11:49.507428,0.0,0.0,0.0
2022-01-19 08:11:50.005544,0.0,0.0,0.0
2022-01-19 08:11:50.502723,0.0,0.0,0.0
2022-01-19 08:11:51.001691,0.0,0.0,0.0
2022-01-19 08:11:51.506958,0.0,0.0,0.0
2022-01-19 08:11:52.006682,0.0,0.0,0.0
2022-01-19 08:11:52.509632,0.0,0.0,0.0
2022-01-19 08:11:53.006617,0.0,0.0,0.0
2022-01-19 08:11:53.511122,0.0,0.0,0.0
2022-01-19 08:11:54.008493,0.0,0.0,0.0
2022-01-19 08:11:54.502170,0.0,0.0,0.0
2022-01-19 08:11:55.009682,0.0,0.0,0.0
2022-01-19 08:11:55.505142,0.0,0.0,0.0
2022-01-19 08:11:56.001858,0.0,0.0,0.0
2022-01-19 08:11:56.507970,0.0,0.0,0.0
2022-01-19 08:11:57.005013,0.0,0.0,0.0
2022-01-19 08:11:57.510692,0.0,0.0,0.0
2022-01-19 08:11:58.001117,0.0,0.0,0.0
2022-01-19 08:11:58.506168,0.0,0.0,0.0
2022-01-19 08:11:59.004042,0.0,0.0,0.0
2022-01-19 08:11:59.509946,0.0,0.0,0.0
2022-01-19 08:12:00.007825,0.0,0.0,0.0
2022-01-19 08:12:00.502182,0.0,0.0,0.0
2022-01-19 08:12:01.001280,0.0,0.0,0.0
2022-01-19 08:12:01.507319,0.0,0.0,0.0
2022-01-19 08:12:02.006258,0.0,0.0,0.0
2022-01-19 08:12:02.501981,0.0,0.0,0.0
2022-01-19 08:12:03.010221,0.0,0.0,0.0
2022-01-19 08:12:03.506524,0.0,0.0,0.0
2022-01-19 08:12:04.006354,0.0,0.0,0.0
2022-01-19 08:12:04.502702,0.0,0.0,0.0
2022-01-19 08:12:05.010691,0.0,0.0,0.0
2022-01-19 08:12:05.505973,0.0,0.0,0.0
2022-01-19 08:12:06.002243,0.0,0.0,0.0
2022-01-19 08:12:06.505734,0.0,0.0,0.0
2022-01-19 08:12:07.005807,0.0,0.0,0.0
2022-01-19 08:12:07.510602,0.0,0.0,0.0
2022-01-19 08:12:08.007561,0.0,0.0,0.0
2022-01-19 08:12:08.502333,0.0,0.0,0.0
2022-01-19 08:12:09.010074,0.0,0.0,0.0
2022-01-19 08:12:09.507849,0.0,0.0,0.0
2022-01-19 08:12:10.004344,0.0,0.0,0.0
2022-01-19 08:12:10.508202,0.0,0.0,0.0
2022-01-19 08:12:11.006291,0.0,0.0,0.0
2022-01-19 08:12:11.510513,0.0,0.0,0.0
2022-01-19 08:12:12.008186,0.0,0.0,0.0
2022-01-19 08:12:12.505647,0.0,0.0,0.0
2022-01-19 08:12:13.003304,0.0,0.0,0.0
2022-01-19 08:12:13.508579,0.0,0.0,0.0
2022-01-19 08:12:14.006984,0.0,0.0,0.0
2022-01-19 08:12:15.004120,0.0,0.0,0.0
2022-01-19 08:12:15.508983,0.0,0.0,0.0
2022-01-19 08:12:16.003474,0.0,0.0,0.0
2022-01-19 08:12:16.508402,0.0,0.0,0.0
2022-01-19 08:12:17.006817,0.0,0.0,0.0
2022-01-19 08:12:17.502295,0.0,0.0,0.0
2022-01-19 08:12:18.009872,0.0,0.0,0.0
2022-01-19 08:12:18.505437,0.0,0.0,0.0
2022-01-19 08:12:19.001967,0.0,0.0,0.0
2022-01-19 08:12:19.507523,0.0,0.0,0.0
2022-01-19 08:12:20.006777,0.0,0.0,0.0
2022-01-19 08:12:20.501829,0.0,0.0,0.0
2022-01-19 08:12:21.011050,0.0,0.0,0.0
2022-01-19 08:12:21.505825,0.0,0.0,0.0
2022-01-19 08:12:22.008189,0.0,0.0,0.0
2022-01-19 08:12:22.503564,0.0,0.0,0.0
2022-01-19 08:12:23.002848,0.0,0.0,0.0
2022-01-19 08:12:23.506851,0.0,0.0,0.0
2022-01-19 08:12:24.003041,0.0,0.0,0.0
2022-01-19 08:12:24.505946,0.0,0.0,0.0
2022-01-19 08:12:25.004101,0.0,0.0,0.0
2022-01-19 08:12:25.510311,0.0,0.0,0.0
2022-01-19 08:12:26.010306,0.0,0.0,0.0
2022-01-19 08:12:26.504486,0.0,0.0,0.0
2022-01-19 08:12:27.003553,0.0,0.0,0.0
2022-01-19 08:12:27.501382,0.0,0.0,0.0
2022-01-19 08:12:28.010494,0.0,0.0,0.0
2022-01-19 08:12:28.503907,0.0,0.0,0.0
2022-01-19 08:12:29.002205,0.0,0.0,0.0
2022-01-19 08:12:29.507388,0.0,0.0,0.0
2022-01-19 08:12:30.006814,0.0,0.0,0.0
2022-01-19 08:12:30.501091,0.0,0.0,0.0
2022-01-19 08:12:31.008369,0.0,0.0,0.0
2022-01-19 08:12:31.502892,0.0,0.0,0.0
2022-01-19 08:12:32.002860,0.0,0.0,0.0
2022-01-19 08:12:32.510189,0.0,0.0,0.0
2022-01-19 08:12:33.008264,0.0,0.0,0.0
2022-01-19 08:12:33.503030,0.0,0.0,0.0
2022-01-19 08:12:34.004209,0.0,0.0,0.0
2022-01-19 08:12:34.510803,0.0,0.0,0.0
2022-01-19 08:12:35.007138,0.0,0.0,0.0
2022-01-19 08:12:35.507865,0.0,0.0,0.0
2022-01-19 08:12:36.005248,0.0,0.0,0.0
2022-01-19 08:12:36.502343,0.0,0.0,0.0
2022-01-19 08:12:37.002200,0.0,0.0,0.0
2022-01-19 08:12:37.508723,0.0,0.0,0.0
2022-01-19 08:12:38.005563,0.0,0.0,0.0
2022-01-19 08:12:38.510603,0.0,0.0,0.0
2022-01-19 08:12:39.008392,0.0,0.0,0.0
2022-01-19 08:12:39.502963,0.0,0.0,0.0
2022-01-19 08:12:40.001214,0.0,0.0,0.0
2022-01-19 08:12:40.506662,0.0,0.0,0.0
2022-01-19 08:12:41.004906,0.0,0.0,0.0
2022-01-19 08:12:41.509555,0.0,0.0,0.0
2022-01-19 08:12:42.006083,0.0,0.0,0.0
2022-01-19 08:12:42.501909,0.0,0.0,0.0
2022-01-19 08:12:43.009805,0.0,0.0,0.0
2022-01-19 08:12:43.503907,0.0,0.0,0.0
2022-01-19 08:12:44.002418,0.0,0.0,0.0
2022-01-19 08:12:44.508622,0.0,0.0,0.0
2022-01-19 08:12:45.006120,0.0,0.0,0.0
2022-01-19 08:12:45.503518,0.0,0.0,0.0
2022-01-19 08:12:46.010448,0.0,0.0,0.0
2022-01-19 08:12:46.505636,0.0,0.0,0.0
2022-01-19 08:12:47.003377,0.0,0.0,0.0
2022-01-19 08:12:47.508233,0.0,0.0,0.0
2022-01-19 08:12:48.006183,0.0,0.0,0.0
2022-01-19 08:12:48.510558,0.0,0.0,0.0
2022-01-19 08:12:49.007505,0.0,0.0,0.0
2022-01-19 08:12:49.501869,0.0,0.0,0.0
2022-01-19 08:12:50.001249,0.0,0.0,0.0
2022-01-19 08:12:50.504286,0.0,0.0,0.0
2022-01-19 08:12:51.002751,0.0,0.0,0.0
2022-01-19 08:12:51.506718,0.0,0.0,0.0
2022-01-19 08:12:52.003803,0.0,0.0,0.0
2022-01-19 08:12:52.509893,0.0,0.0,0.0
2022-01-19 08:12:53.008176,0.0,0.0,0.0
2022-01-19 08:12:53.502092,0.0,0.0,0.0
2022-01-19 08:12:54.009245,0.0,0.0,0.0
2022-01-19 08:12:54.508591,0.0,0.0,0.0
2022-01-19 08:12:55.005836,0.0,0.0,0.0
2022-01-19 08:12:55.509227,0.0,0.0,0.0
2022-01-19 08:12:56.005456,0.0,0.0,0.0
2022-01-19 08:12:56.509849,0.0,0.0,0.0
2022-01-19 08:12:57.010293,0.0,0.0,0.0
2022-01-19 08:12:57.504997,0.0,0.0,0.0
2022-01-19 08:12:58.002067,0.0,0.0,0.0
2022-01-19 08:12:58.508098,0.0,0.0,0.0
2022-01-19 08:12:59.010040,0.0,0.0,0.0
2022-01-19 08:12:59.503309,0.0,0.0,0.0
2022-01-19 08:13:00.010803,0.0,0.0,0.0
2022-01-19 08:13:00.506384,0.0,0.0,0.0
2022-01-19 08:13:01.002878,0.0,0.0,0.0
2022-01-19 08:13:01.510110,0.0,0.0,0.0
2022-01-19 08:13:02.008262,0.0,0.0,0.0
2022-01-19 08:13:02.502152,0.0,0.0,0.0
2022-01-19 08:13:03.001243,0.0,0.0,0.0
2022-01-19 08:13:03.505877,0.0,0.0,0.0
2022-01-19 08:13:04.003252,0.0,0.0,0.0
2022-01-19 08:13:04.508397,0.0,0.0,0.0
2022-01-19 08:13:05.008091,0.0,0.0,0.0
2022-01-19 08:13:05.501308,0.0,0.0,0.0
2022-01-19 08:13:06.009150,0.0,0.0,0.0
2022-01-19 08:13:06.502692,0.0,0.0,0.0
2022-01-19 08:13:07.010106,0.0,0.0,0.0
2022-01-19 08:13:07.505687,0.0,0.0,0.0
2022-01-19 08:13:08.003798,0.0,0.0,0.0
2022-01-19 08:13:08.507914,0.0,0.0,0.0
2022-01-19 08:13:09.006810,0.0,0.0,0.0
2022-01-19 08:13:09.507888,0.0,0.0,0.0
2022-01-19 08:13:10.006957,0.0,0.0,0.0
2022-01-19 08:13:10.500900,0.0,0.0,0.0
2022-01-19 08:13:11.005890,0.0,0.0,0.0
2022-01-19 08:13:11.501160,0.0,0.0,0.0
2022-01-19 08:13:12.010501,0.0,0.0,0.0
2022-01-19 08:13:12.504554,0.0,0.0,0.0
2022-01-19 08:13:13.002780,0.0,0.0,0.0
2022-01-19 08:13:13.508605,0.0,0.0,0.0
2022-01-19 08:13:14.006359,0.0,0.0,0.0
2022-01-19 08:13:14.502250,0.0,0.0,0.0
2022-01-19 08:13:15.010369,0.0,0.0,0.0
2022-01-19 08:13:15.504581,0.0,0.0,0.0
2022-01-19 08:13:16.004023,0.0,0.0,0.0
2022-01-19 08:13:16.501562,0.0,0.0,0.0
2022-01-19 08:13:17.010007,0.0,0.0,0.0
2022-01-19 08:13:17.503019,0.0,0.0,0.0
2022-01-19 08:13:18.010333,0.0,0.0,0.0
2022-01-19 08:13:18.504163,0.0,0.0,0.0
2022-01-19 08:13:19.001671,0.0,0.0,0.0
2022-01-19 08:13:19.506920,0.0,0.0,0.0
2022-01-19 08:13:20.005279,0.0,0.0,0.0
2022-01-19 08:13:20.508456,0.0,0.0,0.0
2022-01-19 08:13:21.002098,0.0,0.0,0.0
2022-01-19 08:13:21.510938,0.0,0.0,0.0
2022-01-19 08:13:22.006231,0.0,0.0,0.0
2022-01-19 08:13:22.504132,0.0,0.0,0.0
2022-01-19 08:13:23.002368,0.0,0.0,-0.03864
2022-01-19 08:13:23.504229,0.0,0.0,-0.03864
2022-01-19 08:13:24.008431,0.0,0.0,-0.07822
2022-01-19 08:13:24.506201,0.0,0.0,-0.07822
2022-01-19 08:13:25.003880,0.0,0.0,0.0
2022-01-19 08:13:25.509997,0.0,0.0,0.0
2022-01-19 08:13:26.008209,0.0,0.0,0.0
2022-01-19 08:13:26.503421,0.0,0.0,0.0
2022-01-19 08:13:27.002803,0.0,0.0,0.0
2022-01-19 08:13:27.505524,0.0,0.0,0.0
2022-01-19 08:13:28.004248,0.0,0.0,234.09343
2022-01-19 08:13:28.509962,0.0,0.0,234.09343
2022-01-19 08:13:29.008497,0.0,0.0,215.87114
2022-01-19 08:13:29.509810,0.0,0.0,215.87114
2022-01-19 08:13:30.004591,0.0,0.0,154.84426
2022-01-19 08:13:30.501256,0.0,0.0,154.84426
2022-01-19 08:13:31.007387,0.0,0.0,86.5526
2022-01-19 08:13:31.505142,0.0,0.0,86.5526
2022-01-19 08:13:32.004234,0.0,0.0,-0.31385
2022-01-19 08:13:32.510789,0.0,0.0,-0.31385
2022-01-19 08:13:33.000876,0.0,0.0,-0.03864
2022-01-19 08:13:33.505807,0.0,0.0,-0.03864
2022-01-19 08:13:34.003752,0.0,0.0,0.0
2022-01-19 08:13:34.509090,0.0,0.0,0.0
2022-01-19 08:13:35.002652,0.0,0.0,0.0
2022-01-19 08:13:35.510324,0.0,0.0,0.0
2022-01-19 08:13:36.000970,0.0,0.0,0.0
2022-01-19 08:13:36.504976,0.0,0.0,0.0
2022-01-19 08:13:37.003681,0.0,0.0,0.0
2022-01-19 08:13:37.508751,0.0,0.0,0.0
2022-01-19 08:13:38.006793,0.0,0.0,0.0
2022-01-19 08:13:38.501878,0.0,0.0,0.0
2022-01-19 08:13:39.010959,0.0,0.0,0.0
2022-01-19 08:13:39.505280,0.0,0.0,0.0
2022-01-19 08:13:40.003401,0.0,0.0,0.0
2022-01-19 08:13:40.509034,0.0,0.0,0.0
2022-01-19 08:13:41.008522,0.0,0.0,0.0
2022-01-19 08:13:41.503797,0.0,0.0,0.0
2022-01-19 08:13:42.002392,0.0,0.0,0.0
2022-01-19 08:13:42.505503,0.0,0.0,0.0
2022-01-19 08:13:43.003454,0.0,0.0,0.0
2022-01-19 08:13:43.509936,0.0,0.0,0.0
2022-01-19 08:13:44.007253,0.0,0.0,0.0
2022-01-19 08:13:44.510711,0.0,0.0,0.0
2022-01-19 08:13:45.007618,0.0,0.0,0.0
2022-01-19 08:13:45.503035,0.0,0.0,0.0
2022-01-19 08:13:46.002856,0.0,0.0,0.0
2022-01-19 08:13:46.501875,0.0,0.0,0.0
2022-01-19 08:13:47.007679,0.0,0.0,0.0
2022-01-19 08:13:47.503050,0.0,0.0,0.0
2022-01-19 08:13:48.000924,0.0,0.0,0.0
2022-01-19 08:13:48.504992,0.0,0.0,0.0
2022-01-19 08:13:49.002264,0.0,0.0,0.0
2022-01-19 08:13:49.505956,0.0,0.0,0.0
2022-01-19 08:13:50.004305,0.0,0.0,0.0
2022-01-19 08:13:50.508803,0.0,0.0,0.0
2022-01-19 08:13:51.008183,0.0,0.0,0.0
2022-01-19 08:13:51.504020,0.0,0.0,0.0
2022-01-19 08:13:52.002465,0.0,0.0,0.0
2022-01-19 08:13:52.509563,0.0,0.0,0.0
2022-01-19 08:13:53.008011,0.0,0.0,0.0
2022-01-19 08:13:53.502836,0.0,0.0,0.0
2022-01-19 08:13:54.000874,0.0,0.0,0.0
2022-01-19 08:13:54.505517,0.0,0.0,0.0
2022-01-19 08:13:55.002113,0.0,0.0,0.0
2022-01-19 08:13:55.507399,0.0,0.0,0.0
2022-01-19 08:13:56.007798,0.0,0.0,0.0
2022-01-19 08:13:56.502735,0.0,0.0,0.0
2022-01-19 08:13:57.009784,0.0,0.0,0.0
2022-01-19 08:13:57.505958,0.0,0.0,0.0
2022-01-19 08:13:58.004065,0.0,0.0,0.0
2022-01-19 08:13:58.502053,0.0,0.0,0.0
2022-01-19 08:13:59.010383,0.0,0.0,0.0
2022-01-19 08:13:59.504632,0.0,0.0,0.0
2022-01-19 08:14:00.002473,0.0,0.0,0.0
2022-01-19 08:14:00.509808,0.0,0.0,0.0
2022-01-19 08:14:01.006631,0.0,0.0,0.0
2022-01-19 08:14:01.502647,0.0,0.0,0.0
2022-01-19 08:14:02.009876,0.0,0.0,0.0
2022-01-19 08:14:02.503988,0.0,0.0,0.0
2022-01-19 08:14:03.002316,0.0,0.0,0.0
2022-01-19 08:14:03.506334,0.0,0.0,0.0
2022-01-19 08:14:04.005231,0.0,0.0,0.0
2022-01-19 08:14:04.502301,0.0,0.0,0.0
2022-01-19 08:14:05.009535,0.0,0.0,0.0
2022-01-19 08:14:05.505601,0.0,0.0,0.0
2022-01-19 08:14:06.001235,0.0,0.0,0.0
2022-01-19 08:14:06.505392,0.0,0.0,0.0
2022-01-19 08:14:07.003795,0.0,0.0,0.0
2022-01-19 08:14:07.508629,0.0,0.0,0.0
2022-01-19 08:14:08.005945,0.0,0.0,0.0
2022-01-19 08:14:08.502134,0.0,0.0,0.0
2022-01-19 08:14:09.008952,0.0,0.0,0.0
2022-01-19 08:14:09.503589,0.0,0.0,0.0
2022-01-19 08:14:10.010162,0.0,0.0,0.0
2022-01-19 08:14:10.504255,0.0,0.0,0.0
2022-01-19 08:14:11.003202,0.0,0.0,0.0
2022-01-19 08:14:11.508379,0.0,0.0,0.0
2022-01-19 08:14:12.006914,0.0,0.0,0.0
2022-01-19 08:14:12.502748,0.0,0.0,0.0
2022-01-19 08:14:13.010744,0.0,0.0,0.0
2022-01-19 08:14:13.506176,0.0,0.0,0.0
2022-01-19 08:14:14.002316,0.0,0.0,0.0
2022-01-19 08:14:14.506827,0.0,0.0,0.0
2022-01-19 08:14:15.004754,0.0,0.0,0.0
2022-01-19 08:14:15.509032,0.0,0.0,0.0
2022-01-19 08:14:16.006346,0.0,0.0,0.0
2022-01-19 08:14:16.510912,0.0,0.0,0.0
2022-01-19 08:14:17.007909,0.0,0.0,0.0
2022-01-19 08:14:17.504204,0.0,0.0,0.0
2022-01-19 08:14:18.002530,0.0,0.0,0.0
2022-01-19 08:14:18.507485,0.0,0.0,0.0
2022-01-19 08:14:19.005652,0.0,0.0,0.0
2022-01-19 08:14:19.501396,0.0,0.0,0.0
2022-01-19 08:14:20.009420,0.0,0.0,0.0
2022-01-19 08:14:20.503961,0.0,0.0,0.0
2022-01-19 08:14:21.002958,0.0,0.0,0.0
2022-01-19 08:14:21.507339,0.0,0.0,0.0
2022-01-19 08:14:22.006333,0.0,0.0,0.0
2022-01-19 08:14:22.502326,0.0,0.0,0.0
2022-01-19 08:14:23.009007,0.0,0.0,0.0
2022-01-19 08:14:23.507386,0.0,0.0,0.0
2022-01-19 08:14:24.004690,0.0,0.0,0.0
2022-01-19 08:14:24.510705,0.0,0.0,0.0
2022-01-19 08:14:25.009872,0.0,0.0,0.0
2022-01-19 08:14:25.506076,0.0,0.0,0.0
2022-01-19 08:14:26.005835,0.0,0.0,0.0
2022-01-19 08:14:26.506266,0.0,0.0,0.0
2022-01-19 08:14:27.004101,0.0,0.0,0.0
2022-01-19 08:14:27.501219,0.0,0.0,0.0
2022-01-19 08:14:28.009453,0.0,0.0,-0.03864
2022-01-19 08:14:28.503288,0.0,0.0,-0.03864
2022-01-19 08:14:29.004142,0.0,0.0,0.0
2022-01-19 08:14:29.509099,0.0,0.0,0.0
2022-01-19 08:14:30.006917,0.0,0.0,0.0
2022-01-19 08:14:30.502245,0.0,0.0,0.0
2022-01-19 08:14:31.008809,0.0,0.0,0.0
2022-01-19 08:14:31.505808,0.0,0.0,0.0
2022-01-19 08:14:32.005111,0.0,0.0,0.0
2022-01-19 08:14:32.501307,0.0,0.0,0.0
2022-01-19 08:14:33.009539,0.0,0.0,0.0
2022-01-19 08:14:33.504656,0.0,0.0,0.0
2022-01-19 08:14:34.007969,0.0,0.0,48.38135
2022-01-19 08:14:34.505116,0.0,0.0,48.38135
2022-01-19 08:14:35.002545,0.0,0.0,235.625
2022-01-19 08:14:35.501376,0.0,0.0,235.625
2022-01-19 08:14:36.010072,0.0,0.0,205.77885
2022-01-19 08:14:36.508699,0.0,0.0,205.77885
2022-01-19 08:14:37.001528,0.0,0.0,129.94718
2022-01-19 08:14:37.507069,0.0,0.0,129.94718
2022-01-19 08:14:38.006786,0.0,0.0,66.01364
2022-01-19 08:14:38.501503,0.0,0.0,66.01364
2022-01-19 08:14:39.008026,0.0,0.0,-1.02072
2022-01-19 08:14:39.501910,0.0,0.0,-1.02072
2022-01-19 08:14:40.010723,0.0,0.0,-0.03864
2022-01-19 08:14:40.505052,0.0,0.0,-0.03864
2022-01-19 08:14:41.003503,0.0,0.0,0.0
2022-01-19 08:14:41.508885,0.0,0.0,0.0
2022-01-19 08:14:42.006911,0.0,0.0,0.0
2022-01-19 08:14:42.501127,0.0,0.0,0.0
2022-01-19 08:14:43.008370,0.0,0.0,0.0
2022-01-19 08:14:43.503448,0.0,0.0,0.0
2022-01-19 08:14:44.002844,0.0,0.0,0.0
2022-01-19 08:14:44.510007,0.0,0.0,0.0
2022-01-19 08:14:45.008118,0.0,0.0,0.0
2022-01-19 08:14:45.501702,0.0,0.0,0.0
2022-01-19 08:14:46.010219,0.0,0.0,0.0
2022-01-19 08:14:46.505083,0.0,0.0,0.0
2022-01-19 08:14:47.003048,0.0,0.0,0.0
2022-01-19 08:14:47.508912,0.0,0.0,0.0
2022-01-19 08:14:48.007867,0.0,0.0,0.0
2022-01-19 08:14:48.503101,0.0,0.0,0.0
2022-01-19 08:14:49.003343,0.0,0.0,0.0
2022-01-19 08:14:49.507445,0.0,0.0,0.0
2022-01-19 08:14:50.005099,0.0,0.0,0.0
2022-01-19 08:14:50.511198,0.0,0.0,0.0
2022-01-19 08:14:51.010550,0.0,0.0,0.0
2022-01-19 08:14:51.505440,0.0,0.0,0.0
2022-01-19 08:14:52.004148,0.0,0.0,0.0
2022-01-19 08:14:52.501163,0.0,0.0,0.0
2022-01-19 08:14:53.008996,0.0,0.0,0.0
2022-01-19 08:14:53.503111,0.0,0.0,0.0
2022-01-19 08:14:54.002574,0.0,0.0,0.0
2022-01-19 08:14:54.507803,0.0,0.0,0.0
2022-01-19 08:14:55.008357,0.0,0.0,0.0
2022-01-19 08:14:55.502687,0.0,0.0,0.0
2022-01-19 08:14:56.001087,0.0,0.0,0.0
2022-01-19 08:14:56.504981,0.0,0.0,0.0
2022-01-19 08:14:57.002616,0.0,0.0,0.0
2022-01-19 08:14:57.505971,0.0,0.0,0.0
2022-01-19 08:14:58.004437,0.0,0.0,0.0
2022-01-19 08:14:58.506697,0.0,0.0,0.0
2022-01-19 08:14:59.004668,0.0,0.0,0.0
2022-01-19 08:14:59.510871,0.0,0.0,0.0
2022-01-19 08:15:00.007150,0.0,0.0,0.0
2022-01-19 08:15:00.504726,0.0,0.0,0.0
2022-01-19 08:15:01.001797,0.0,0.0,0.0
2022-01-19 08:15:01.507760,0.0,0.0,0.0
2022-01-19 08:15:02.008640,0.0,0.0,0.0
2022-01-19 08:15:02.506634,0.0,0.0,0.0
2022-01-19 08:15:03.003550,0.0,0.0,0.0
2022-01-19 08:15:03.510293,0.0,0.0,0.0
2022-01-19 08:15:04.007968,0.0,0.0,0.0
2022-01-19 08:15:04.503946,0.0,0.0,0.0
2022-01-19 08:15:05.002319,0.0,0.0,0.0
2022-01-19 08:15:05.506793,0.0,0.0,0.0
2022-01-19 08:15:06.005263,0.0,0.0,0.0
2022-01-19 08:15:06.501222,0.0,0.0,0.0
2022-01-19 08:15:07.505299,0.0,0.0,0.0
2022-01-19 08:15:08.003762,0.0,0.0,0.0
2022-01-19 08:15:08.509800,0.0,0.0,0.0
2022-01-19 08:15:09.007245,0.0,0.0,0.0
2022-01-19 08:15:09.501448,0.0,0.0,0.0
2022-01-19 08:15:10.008909,0.0,0.0,0.0
2022-01-19 08:15:10.502716,0.0,0.0,0.0
2022-01-19 08:15:11.010358,0.0,0.0,0.0
2022-01-19 08:15:11.505214,0.0,0.0,0.0
2022-01-19 08:15:12.003135,0.0,0.0,0.0
2022-01-19 08:15:12.508774,0.0,0.0,0.0
2022-01-19 08:15:13.006816,0.0,0.0,0.0
2022-01-19 08:15:13.501383,0.0,0.0,0.0
2022-01-19 08:15:14.009183,0.0,0.0,0.0
2022-01-19 08:15:14.504340,0.0,0.0,0.0
2022-01-19 08:15:15.001437,0.0,0.0,0.0
2022-01-19 08:15:15.504502,0.0,0.0,0.0
2022-01-19 08:15:16.002970,0.0,0.0,0.0
2022-01-19 08:15:16.503214,0.0,0.0,0.0
2022-01-19 08:15:17.007878,0.0,0.0,0.0
2022-01-19 08:15:17.503308,0.0,0.0,0.0
2022-01-19 08:15:18.005970,0.0,0.0,0.0
2022-01-19 08:15:18.507336,0.0,0.0,0.0
2022-01-19 08:15:19.009896,0.0,0.0,0.0
2022-01-19 08:15:19.504993,0.0,0.0,0.0
2022-01-19 08:15:20.004871,0.0,0.0,0.0
2022-01-19 08:15:20.500966,0.0,0.0,0.0
2022-01-19 08:15:21.008422,0.0,0.0,0.0
2022-01-19 08:15:21.501514,0.0,0.0,0.0
2022-01-19 08:15:22.009319,0.0,0.0,0.0
2022-01-19 08:15:22.502327,0.0,0.0,0.0
2022-01-19 08:15:23.005845,0.0,0.0,0.0
2022-01-19 08:15:23.502403,0.0,0.0,0.0
2022-01-19 08:15:24.009257,0.0,0.0,0.0
2022-01-19 08:15:24.503524,0.0,0.0,0.0
2022-01-19 08:15:25.004898,0.0,0.0,0.0
2022-01-19 08:15:25.509875,0.0,0.0,0.0
2022-01-19 08:15:26.001070,0.0,0.0,0.0
2022-01-19 08:15:26.511231,0.0,0.0,0.0
2022-01-19 08:15:27.003867,0.0,0.0,0.0
2022-01-19 08:15:27.507860,0.0,0.0,0.0
2022-01-19 08:15:28.005384,0.0,0.0,0.0
2022-01-19 08:15:28.510669,0.0,0.0,0.0
2022-01-19 08:15:29.008271,0.0,0.0,0.0
2022-01-19 08:15:29.503345,0.0,0.0,0.0
2022-01-19 08:15:30.504402,0.0,0.0,0.0
2022-01-19 08:15:31.002518,0.0,0.0,0.0
2022-01-19 08:15:31.507098,0.0,0.0,0.0
2022-01-19 08:15:32.006727,0.0,0.0,0.0
2022-01-19 08:15:32.502524,0.0,0.0,0.0
2022-01-19 08:15:33.001383,0.0,0.0,0.0
2022-01-19 08:15:33.506234,0.0,0.0,0.0
2022-01-19 08:15:34.003273,0.0,0.0,0.0
2022-01-19 08:15:34.510225,0.0,0.0,0.0
2022-01-19 08:15:35.008657,0.0,0.0,0.0
2022-01-19 08:15:35.503311,0.0,0.0,0.0
2022-01-19 08:15:36.001020,0.0,0.0,0.0
2022-01-19 08:15:36.505727,0.0,0.0,0.0
2022-01-19 08:15:37.003853,0.0,0.0,0.0
2022-01-19 08:15:37.508542,0.0,0.0,0.0
2022-01-19 08:15:38.006360,0.0,0.0,0.0
2022-01-19 08:15:38.501171,0.0,0.0,0.0
2022-01-19 08:15:39.011608,0.0,0.0,0.0
2022-01-19 08:15:39.506482,0.0,0.0,0.0
2022-01-19 08:15:40.004038,0.0,0.0,0.0
2022-01-19 08:15:40.508891,0.0,0.0,0.0
2022-01-19 08:15:41.005939,0.0,0.0,0.0
2022-01-19 08:15:41.510806,0.0,0.0,0.0
2022-01-19 08:15:42.009506,0.0,0.0,0.0
2022-01-19 08:15:42.503647,0.0,0.0,0.0
2022-01-19 08:15:43.001820,0.0,0.0,0.0
2022-01-19 08:15:43.508335,0.0,0.0,0.0
2022-01-19 08:15:44.006338,0.0,0.0,0.0
2022-01-19 08:15:44.510248,0.0,0.0,0.0
2022-01-19 08:15:45.009855,0.0,0.0,0.0
2022-01-19 08:15:45.504419,0.0,0.0,0.0
2022-01-19 08:15:46.007399,0.0,0.0,0.0
2022-01-19 08:15:47.004999,0.0,0.0,0.0
2022-01-19 08:15:47.501512,0.0,0.0,0.0
2022-01-19 08:15:48.005335,0.0,0.0,0.0
2022-01-19 08:15:48.502861,0.0,0.0,0.0
2022-01-19 08:15:49.002998,0.0,0.0,0.0
2022-01-19 08:15:49.509206,0.0,0.0,0.0
2022-01-19 08:15:50.007258,0.0,0.0,0.0
2022-01-19 08:15:50.501657,0.0,0.0,0.0
2022-01-19 08:15:51.010435,0.0,0.0,0.0
2022-01-19 08:15:51.504833,0.0,0.0,0.0
2022-01-19 08:15:52.002829,0.0,0.0,0.0
2022-01-19 08:15:52.507051,0.0,0.0,0.0
2022-01-19 08:15:53.008511,0.0,0.0,0.0
2022-01-19 08:15:53.506835,0.0,0.0,0.0
2022-01-19 08:15:54.006431,0.0,0.0,0.0
2022-01-19 08:15:54.509737,0.0,0.0,0.0
2022-01-19 08:15:55.008948,0.0,0.0,0.0
2022-01-19 08:15:55.503390,0.0,0.0,0.0
2022-01-19 08:15:56.001687,0.0,0.0,0.0
2022-01-19 08:15:56.505907,0.0,0.0,0.0
2022-01-19 08:15:57.002712,0.0,0.0,0.0
2022-01-19 08:15:57.509223,0.0,0.0,0.0
2022-01-19 08:15:58.006436,0.0,0.0,0.0
2022-01-19 08:15:58.510732,0.0,0.0,0.0
2022-01-19 08:15:59.008860,0.0,0.0,0.0
2022-01-19 08:15:59.502815,0.0,0.0,0.0
2022-01-19 08:16:00.010543,0.0,0.0,0.0
2022-01-19 08:16:00.504487,0.0,0.0,0.0
2022-01-19 08:16:01.003826,0.0,0.0,0.0
2022-01-19 08:16:01.509473,0.0,0.0,0.0
2022-01-19 08:16:02.006821,0.0,0.0,0.0
2022-01-19 08:16:02.506802,0.0,0.0,0.0
2022-01-19 08:16:03.004614,0.0,0.0,0.0
2022-01-19 08:16:03.508577,0.0,0.0,0.0
2022-01-19 08:16:04.010129,0.0,0.0,0.0
2022-01-19 08:16:04.510340,0.0,0.0,0.0
2022-01-19 08:16:05.003831,0.0,0.0,0.0
2022-01-19 08:16:05.502913,0.0,0.0,0.0
2022-01-19 08:16:06.000993,0.0,0.0,0.0
2022-01-19 08:16:06.506188,0.0,0.0,0.0
2022-01-19 08:16:07.002512,0.0,0.0,0.0
2022-01-19 08:16:07.507037,0.0,0.0,0.0
2022-01-19 08:16:08.006116,0.0,0.0,0.0
2022-01-19 08:16:08.511293,0.0,0.0,0.0
2022-01-19 08:16:09.008581,0.0,0.0,0.0
2022-01-19 08:16:09.503492,0.0,0.0,0.0
2022-01-19 08:16:10.001652,0.0,0.0,0.0
2022-01-19 08:16:10.508417,0.0,0.0,0.0
2022-01-19 08:16:11.007813,0.0,0.0,0.0
2022-01-19 08:16:11.503335,0.0,0.0,0.0
2022-01-19 08:16:12.010541,0.0,0.0,0.0
2022-01-19 08:16:12.503706,0.0,0.0,0.0
2022-01-19 08:16:13.001367,0.0,0.0,0.0
2022-01-19 08:16:13.506145,0.0,0.0,0.0
2022-01-19 08:16:14.002912,0.0,0.0,0.0
2022-01-19 08:16:14.510231,0.0,0.0,0.0
2022-01-19 08:16:15.007708,0.0,0.0,0.0
2022-01-19 08:16:15.501720,0.0,0.0,0.0
2022-01-19 08:16:16.007122,0.0,0.0,0.0
2022-01-19 08:16:16.511055,0.0,0.0,0.0
2022-01-19 08:16:17.007984,0.0,0.0,0.0
2022-01-19 08:16:17.503373,0.0,0.0,0.0
2022-01-19 08:16:18.001782,0.0,0.0,0.0
2022-01-19 08:16:18.505030,0.0,0.0,0.0
2022-01-19 08:16:19.004138,0.0,0.0,0.0
2022-01-19 08:16:19.509952,0.0,0.0,0.0
2022-01-19 08:16:20.006845,0.0,0.0,0.0
2022-01-19 08:16:20.501027,0.0,0.0,0.0
2022-01-19 08:16:21.009840,0.0,0.0,0.0
2022-01-19 08:16:21.501782,0.0,0.0,0.0
2022-01-19 08:16:22.010611,0.0,0.0,0.0
2022-01-19 08:16:22.506142,0.0,0.0,0.0
2022-01-19 08:16:23.003025,0.0,0.0,0.0
2022-01-19 08:16:23.501094,0.0,0.0,0.0
2022-01-19 08:16:24.010459,0.0,0.0,0.0
2022-01-19 08:16:24.506315,0.0,0.0,0.0
2022-01-19 08:16:25.003224,0.0,0.0,0.0
2022-01-19 08:16:25.511139,0.0,0.0,0.0
2022-01-19 08:16:26.008624,0.0,0.0,0.0
2022-01-19 08:16:26.503318,0.0,0.0,0.0
2022-01-19 08:16:27.001862,0.0,0.0,0.0
2022-01-19 08:16:27.508514,0.0,0.0,0.0
2022-01-19 08:16:28.007380,0.0,0.0,0.0
2022-01-19 08:16:28.502506,0.0,0.0,0.0
2022-01-19 08:16:29.007544,0.0,0.0,0.0
2022-01-19 08:16:29.502939,0.0,0.0,0.0
2022-01-19 08:16:30.010707,0.0,0.0,0.0
2022-01-19 08:16:30.506668,0.0,0.0,0.0
2022-01-19 08:16:31.003423,0.0,0.0,0.0
2022-01-19 08:16:31.508109,0.0,0.0,0.0
2022-01-19 08:16:32.007300,0.0,0.0,0.0
2022-01-19 08:16:32.501238,0.0,0.0,0.0
2022-01-19 08:16:33.009731,0.0,0.0,0.0
2022-01-19 08:16:33.505290,0.0,0.0,0.0
2022-01-19 08:16:34.003140,0.15471,0.15475,0.0
2022-01-19 08:16:34.507425,3.04226,5.00275,0.0
2022-01-19 08:16:35.006307,6.13651,5.7765,0.0
2022-01-19 08:16:35.507346,5.7751,5.36425,0.0
2022-01-19 08:16:36.005454,5.87907,5.7765,0.0
2022-01-19 08:16:36.501465,7.63165,8.76875,0.0
2022-01-19 08:16:37.009783,9.64292,8.3565,0.0
2022-01-19 08:16:37.503613,9.38547,9.95475,0.0
2022-01-19 08:16:38.001242,11.08731,11.761,0.0
2022-01-19 08:16:38.506795,12.32501,11.761,0.0
2022-01-19 08:16:39.003238,13.04659,13.97825,0.0
2022-01-19 08:16:39.506900,14.74843,14.59725,0.0
2022-01-19 08:16:40.007320,15.83142,15.7325,-0.03864
2022-01-19 08:16:40.502460,16.96639,17.332,-0.03864
2022-01-19 08:16:41.008063,18.10136,18.2605,0.0
2022-01-19 08:16:41.502045,19.18435,19.3945,0.0
2022-01-19 08:16:42.009442,19.90592,20.1175,0.0
2022-01-19 08:16:42.510869,21.0409,21.613,0.0
2022-01-19 08:16:43.009057,22.63877,22.18,0.0
2022-01-19 08:16:43.507711,23.46431,23.98625,0.0
2022-01-19 08:16:44.007543,24.13515,24.4505,8.79635
2022-01-19 08:16:44.504344,25.52756,25.79125,8.79635
2022-01-19 08:16:45.004073,26.816,27.132,238.80593
2022-01-19 08:16:45.507794,28.10569,27.95775,238.80593
2022-01-19 08:16:46.003649,28.51784,29.608,213.9475
2022-01-19 08:16:46.509509,29.60083,29.45325,213.9475
2022-01-19 08:16:47.006798,30.37439,31.00075,138.50791
2022-01-19 08:16:47.510758,30.58109,30.5885,138.50791
2022-01-19 08:16:48.008946,29.7048,30.17625,74.41791
2022-01-19 08:16:48.503058,29.39537,29.45325,74.41791
2022-01-19 08:16:49.001795,29.55008,30.12425,-0.03864
2022-01-19 08:16:49.505447,30.16893,30.6405,-0.03864
2022-01-19 08:16:50.006790,29.96224,29.86675,0.03864
2022-01-19 08:16:50.506721,29.2914,29.712,0.03864
2022-01-19 08:16:51.008658,29.39537,30.17625,0.0
2022-01-19 08:16:51.503784,30.78778,30.12425,0.0
2022-01-19 08:16:52.008020,30.47836,30.5365,0.0
2022-01-19 08:16:52.507255,29.91025,30.331,0.0
2022-01-19 08:16:53.009917,29.08595,30.12425,0.0
2022-01-19 08:16:53.504879,29.13669,30.331,0.0
2022-01-19 08:16:54.003341,30.42637,30.331,0.0
2022-01-19 08:16:54.502076,30.63307,29.9695,0.0
2022-01-19 08:16:55.001079,30.27166,30.07225,0.0
2022-01-19 08:16:55.506296,29.03396,30.12425,0.0
2022-01-19 08:16:56.003386,27.95097,29.9695,0.0
2022-01-19 08:16:56.508475,30.63307,30.331,0.0
2022-01-19 08:16:57.007263,30.99324,30.12425,0.0
2022-01-19 08:16:57.503226,30.5291,30.07225,0.0
2022-01-19 08:16:58.003218,28.62181,30.5885,0.0
2022-01-19 08:16:58.507757,28.41511,30.43375,0.0
2022-01-19 08:16:59.007819,31.14795,30.12425,0.0
2022-01-19 08:16:59.502819,30.89051,30.38175,0.0
2022-01-19 08:17:00.503451,28.93123,30.331,0.0
2022-01-19 08:17:01.006885,28.67255,30.227,0.0
2022-01-19 08:17:01.509977,31.14795,29.712,0.0
2022-01-19 08:17:02.007058,30.42637,30.227,0.0
2022-01-19 08:17:03.004481,29.13669,29.9175,0.0
2022-01-19 08:17:03.509029,28.98198,30.12425,0.0
2022-01-19 08:17:04.006910,30.89051,30.38175,0.0
2022-01-19 08:17:04.506929,30.5291,30.279,0.0
2022-01-19 08:17:05.003829,30.01422,30.6405,0.0
2022-01-19 08:17:05.510787,29.24066,30.279,0.0
2022-01-19 08:17:06.009020,29.24066,29.712,0.0
2022-01-19 08:17:06.502629,30.78778,30.38175,0.0
2022-01-19 08:17:07.010089,30.11695,30.6405,0.0
2022-01-19 08:17:07.503413,29.7048,29.9175,0.0
2022-01-19 08:17:08.001520,29.18867,30.0215,0.0
2022-01-19 08:17:08.509297,29.2914,30.12425,0.0
2022-01-19 08:17:09.006310,29.80752,30.227,0.0
2022-01-19 08:17:09.510192,30.01422,30.331,0.0
2022-01-19 08:17:10.008481,29.4981,30.227,0.0
2022-01-19 08:17:10.503523,29.75554,30.331,0.0
2022-01-19 08:17:11.009278,29.96224,30.17625,0.0
2022-01-19 08:17:11.508611,29.85951,30.48575,0.0
2022-01-19 08:17:12.008282,30.21968,30.43375,0.0
2022-01-19 08:17:12.502683,30.01422,29.9175,0.0
2022-01-19 08:17:13.006402,29.34339,30.331,0.0
2022-01-19 08:17:13.502110,29.24066,30.279,0.0
2022-01-19 08:17:14.010106,30.01422,29.9175,0.0
2022-01-19 08:17:14.504418,29.96224,30.38175,0.0
2022-01-19 08:17:15.005456,29.80752,30.0215,0.0
2022-01-19 08:17:15.503421,29.03396,29.9175,0.0
2022-01-19 08:17:16.004002,29.4981,30.48575,0.0
2022-01-19 08:17:16.509664,30.9425,30.07225,0.0
2022-01-19 08:17:17.006865,30.68382,30.48575,0.0
2022-01-19 08:17:17.504019,30.06497,30.17625,0.0
2022-01-19 08:17:18.002162,29.39537,30.331,0.0
2022-01-19 08:17:18.505281,29.4981,30.12425,0.0
2022-01-19 08:17:19.003754,29.85951,30.12425,0.0
2022-01-19 08:17:19.508931,30.11695,30.6405,0.0
2022-01-19 08:17:20.006984,30.11695,30.07225,0.0
2022-01-19 08:17:20.502622,29.08595,30.07225,0.0
2022-01-19 08:17:21.010717,29.08595,30.48575,0.0
2022-01-19 08:17:21.507367,31.09721,29.81475,0.0
2022-01-19 08:17:22.005058,30.68382,30.227,0.0
2022-01-19 08:17:22.510440,30.16893,30.5885,0.0
2022-01-19 08:17:23.009858,28.77652,29.9695,0.0
2022-01-19 08:17:23.503052,29.2914,29.9695,0.0
2022-01-19 08:17:24.004858,30.27166,30.95,0.0
2022-01-19 08:17:24.510334,30.47836,30.43375,0.0
2022-01-19 08:17:25.007888,30.01422,29.55725,0.0
2022-01-19 08:17:25.502062,28.51784,30.48575,0.0
2022-01-19 08:17:26.010588,29.96224,30.227,0.0
2022-01-19 08:17:26.508376,30.83853,30.0215,0.0
2022-01-19 08:17:27.002265,30.63307,30.5365,0.0
2022-01-19 08:17:27.507542,30.01422,30.12425,0.0
2022-01-19 08:17:28.005716,28.62181,29.50525,0.0
2022-01-19 08:17:28.503936,29.4981,30.5885,0.0
2022-01-19 08:17:29.001877,30.83853,30.331,0.0
2022-01-19 08:17:29.507562,30.78778,30.0215,0.0
2022-01-19 08:17:30.005858,29.7048,30.17625,0.0
2022-01-19 08:17:30.510980,29.03396,30.48575,0.0
2022-01-19 08:17:31.006241,30.11695,29.9695,0.0
2022-01-19 08:17:31.503113,30.27166,30.48575,0.0
2022-01-19 08:17:32.010622,30.27166,30.5365,0.0
2022-01-19 08:17:32.509096,29.24066,29.9695,0.0
2022-01-19 08:17:33.001440,29.24066,30.17625,0.0
2022-01-19 08:17:33.506814,30.37439,30.48575,0.0
2022-01-19 08:17:34.003212,30.32365,29.9695,0.0
2022-01-19 08:17:35.005147,29.7048,30.38175,0.0
2022-01-19 08:17:35.510563,28.62181,30.17625,0.0
2022-01-19 08:17:36.008737,30.68382,30.227,0.0
2022-01-19 08:17:36.505163,30.58109,30.43375,0.0
2022-01-19 08:17:37.002913,30.11695,30.227,0.0
2022-01-19 08:17:37.509326,29.39537,30.0215,0.0
2022-01-19 08:17:38.006815,28.77652,30.5365,0.0
2022-01-19 08:17:38.501189,30.32365,30.43375,0.0
2022-01-19 08:17:39.009376,30.47836,30.12425,0.0
2022-01-19 08:17:39.506746,30.32365,30.07225,0.0
2022-01-19 08:17:40.003870,29.39537,30.48575,0.0
2022-01-19 08:17:40.509806,28.62181,29.76275,0.0
2022-01-19 08:17:41.008100,30.21968,30.227,0.0
2022-01-19 08:17:41.503765,31.19994,30.5885,0.0
2022-01-19 08:17:42.002260,30.9425,30.07225,0.0
2022-01-19 08:17:42.507031,29.4981,30.5885,0.0
2022-01-19 08:17:43.006742,28.41511,30.331,0.0
2022-01-19 08:17:43.503027,29.44612,30.227,0.0
2022-01-19 08:17:44.002896,29.96224,30.6405,0.0
2022-01-19 08:17:44.510329,30.63307,30.331,0.0
2022-01-19 08:17:45.007733,29.60083,30.227,0.0
2022-01-19 08:17:45.501785,28.98198,30.12425,0.0
2022-01-19 08:17:46.009857,29.7048,29.81475,0.0
2022-01-19 08:17:46.505737,30.63307,30.331,0.0
2022-01-19 08:17:47.003766,30.37439,30.227,0.0
2022-01-19 08:17:47.508704,29.55008,30.0215,0.0
2022-01-19 08:17:48.008400,28.51784,30.17625,0.0
2022-01-19 08:17:48.505372,29.80752,30.279,0.0
2022-01-19 08:17:49.003306,31.14795,30.69125,0.0
2022-01-19 08:17:49.504789,30.37439,30.227,0.0
2022-01-19 08:17:50.005103,29.08595,30.12425,0.0
2022-01-19 08:17:50.511059,28.98198,30.07225,0.0
2022-01-19 08:17:51.009681,29.85951,30.48575,0.0
2022-01-19 08:17:51.504894,30.21968,30.5885,0.0
2022-01-19 08:17:52.003449,30.21968,29.81475,0.0
2022-01-19 08:17:52.510763,29.60083,29.81475,0.0
2022-01-19 08:17:53.009082,29.03396,30.38175,0.0
2022-01-19 08:17:53.506427,30.06497,30.279,0.0
2022-01-19 08:17:54.006511,30.21968,30.48575,0.0
2022-01-19 08:17:54.501871,30.21968,30.12425,0.0
2022-01-19 08:17:55.004552,29.60083,30.43375,0.0
2022-01-19 08:17:55.501159,29.4981,30.331,0.0
2022-01-19 08:17:56.003917,30.32365,30.48575,0.0
2022-01-19 08:17:56.510379,30.42637,30.43375,0.0
2022-01-19 08:17:57.009269,30.42637,29.76275,-0.03864
2022-01-19 08:17:57.506258,29.60083,30.17625,-0.03864
2022-01-19 08:17:58.008193,29.39537,30.6405,0.0
2022-01-19 08:17:58.505750,30.47836,29.9695,0.0
2022-01-19 08:17:59.002251,31.04522,29.9695,0.0
2022-01-19 08:17:59.509497,29.96224,30.12425,0.0
2022-01-19 08:18:00.007046,29.39537,30.227,0.0
2022-01-19 08:18:00.502253,28.4671,30.43375,0.0
2022-01-19 08:18:01.010470,30.32365,30.331,0.0
2022-01-19 08:18:01.505925,31.35465,30.43375,0.0
2022-01-19 08:18:02.004245,30.5291,29.9175,234.40729
2022-01-19 08:18:02.508574,29.44612,30.5885,234.40729
2022-01-19 08:18:03.005900,29.24066,30.12425,215.71468
2022-01-19 08:18:03.511034,29.91025,29.81475,215.71468
2022-01-19 08:18:04.007862,30.63307,30.6405,165.64437
2022-01-19 08:18:04.502953,30.83853,30.38175,165.64437
2022-01-19 08:18:05.001833,29.65281,29.4025,94.01437
2022-01-19 08:18:05.510305,28.2604,30.6405,94.01437
2022-01-19 08:18:06.002450,29.75554,30.279,34.20426
2022-01-19 08:18:06.505827,30.7358,30.17625,34.20426
2022-01-19 08:18:07.001106,30.37439,30.74325,-0.03864
2022-01-19 08:18:07.510404,29.96224,30.227,-0.03864
2022-01-19 08:18:08.010398,29.55008,29.76275,0.0
2022-01-19 08:18:08.503950,29.75554,30.79525,0.0
2022-01-19 08:18:09.007616,30.89051,30.43375,0.0
2022-01-19 08:18:09.506117,30.11695,29.66,0.0
2022-01-19 08:18:10.005155,29.60083,30.227,0.0
2022-01-19 08:18:10.508691,29.24066,30.43375,0.0
2022-01-19 08:18:11.006779,30.16893,30.17625,0.0
2022-01-19 08:18:11.501988,30.7358,29.9695,0.0
2022-01-19 08:18:12.011140,30.27166,30.5365,0.0
2022-01-19 08:18:12.503674,29.34339,29.9695,0.0
2022-01-19 08:18:13.001518,29.4981,30.43375,0.0
2022-01-19 08:18:13.506307,30.47836,30.79525,0.0
2022-01-19 08:18:14.005749,30.32365,30.17625,0.0
2022-01-19 08:18:14.503172,29.91025,29.81475,0.0
2022-01-19 08:18:15.002903,29.34339,30.6405,0.0
2022-01-19 08:18:15.506759,29.60083,30.227,0.0
2022-01-19 08:18:16.006194,30.21968,30.07225,0.0
2022-01-19 08:18:16.510118,30.47836,30.279,0.0
2022-01-19 08:18:17.008451,29.91025,30.331,0.0
2022-01-19 08:18:17.502873,29.24066,29.9175,0.0
2022-01-19 08:18:18.003372,29.03396,30.69125,0.0
2022-01-19 08:18:18.510193,30.42637,30.38175,0.0
2022-01-19 08:18:19.004402,30.47836,29.9175,0.0
2022-01-19 08:18:19.502635,30.01422,30.6405,0.0
2022-01-19 08:18:20.010348,29.18867,30.331,0.0
2022-01-19 08:18:20.504775,29.85951,29.9175,0.0
2022-01-19 08:18:21.003733,30.32365,30.48575,0.0
2022-01-19 08:18:21.507964,30.58109,30.331,0.0
2022-01-19 08:18:22.005539,29.65281,29.9175,0.0
2022-01-19 08:18:22.503659,28.98198,30.43375,0.0
2022-01-19 08:18:23.001757,28.93123,30.279,0.0
2022-01-19 08:18:23.504086,29.91025,30.279,0.0
2022-01-19 08:18:24.504718,29.75554,30.5885,0.0
2022-01-19 08:18:25.003565,28.87925,30.07225,0.0
2022-01-19 08:18:25.507952,29.34339,30.17625,0.0
2022-01-19 08:18:26.002489,30.89051,30.6405,0.0
2022-01-19 08:18:26.510129,31.35465,29.9175,0.0
2022-01-19 08:18:27.011129,30.16893,30.07225,0.0
2022-01-19 08:18:27.505274,28.67255,30.48575,0.0
2022-01-19 08:18:28.004218,28.31238,30.07225,0.0
2022-01-19 08:18:28.510540,31.45738,30.331,0.0
2022-01-19 08:18:29.007211,30.68382,30.227,0.0
2022-01-19 08:18:29.507725,30.21968,30.227,0.0
2022-01-19 08:18:30.006283,28.98198,30.227,0.0
2022-01-19 08:18:30.503079,28.56982,30.38175,0.0
2022-01-19 08:18:31.006798,31.14795,30.48575,0.0
2022-01-19 08:18:31.510510,30.9425,30.07225,0.0
2022-01-19 08:18:32.006120,30.27166,29.9695,0.0
2022-01-19 08:18:32.501120,29.7048,30.48575,0.0
2022-01-19 08:18:33.004783,30.27166,30.279,0.0
2022-01-19 08:18:33.510494,30.7358,30.12425,0.0
2022-01-19 08:18:34.009408,30.5291,30.279,0.0
2022-01-19 08:18:34.505642,30.11695,30.07225,0.0
2022-01-19 08:18:35.003808,29.18867,30.38175,0.0
2022-01-19 08:18:35.509439,29.65281,30.5885,0.0
2022-01-19 08:18:36.006480,30.32365,30.12425,0.0
2022-01-19 08:18:36.510604,30.37439,30.0215,0.0
2022-01-19 08:18:37.009528,30.01422,30.48575,0.0
2022-01-19 08:18:37.505493,29.44612,30.279,0.0
2022-01-19 08:18:38.001538,30.01422,30.38175,0.0
2022-01-19 08:18:38.509490,30.83853,30.331,0.0
2022-01-19 08:18:39.008502,30.58109,29.9695,0.0
2022-01-19 08:18:39.502726,30.37439,30.43375,0.0
2022-01-19 08:18:40.011196,29.65281,30.38175,0.0
2022-01-19 08:18:40.505250,29.44612,30.12425,0.0
2022-01-19 08:18:41.002263,30.32365,30.279,0.0
2022-01-19 08:18:41.511149,30.89051,30.17625,0.0
2022-01-19 08:18:42.008990,30.37439,30.279,0.7851
2022-01-19 08:18:42.505974,28.51784,30.5885,0.7851
2022-01-19 08:18:43.004010,28.67255,30.07225,-0.03864
2022-01-19 08:18:43.508936,30.7358,29.9695,-0.03864
2022-01-19 08:18:44.005520,30.58109,30.48575,-0.03864
2022-01-19 08:18:44.510446,30.01422,30.279,-0.03864
2022-01-19 08:18:45.009424,28.87925,30.17625,0.0
2022-01-19 08:18:45.503842,28.67255,30.279,0.0
2022-01-19 08:18:46.002244,31.04522,30.227,8.75676
2022-01-19 08:18:46.510250,31.04522,30.279,8.75676
2022-01-19 08:18:47.009065,29.96224,30.279,236.21406
2022-01-19 08:18:47.503229,29.13669,30.38175,236.21406
2022-01-19 08:18:48.011065,29.44612,30.07225,213.39708
2022-01-19 08:18:48.504758,31.19994,30.331,213.39708
2022-01-19 08:18:49.002903,30.9425,30.5365,139.60781
2022-01-19 08:18:49.509058,30.16893,29.76275,139.60781
2022-01-19 08:18:50.006737,28.93123,30.5365,73.3576
2022-01-19 08:18:50.500906,28.41511,30.279,73.3576
2022-01-19 08:18:51.010839,31.25192,29.712,-0.11781
2022-01-19 08:18:51.504725,30.7358,30.48575,-0.11781
2022-01-19 08:18:52.001975,29.96224,30.227,-0.03864
2022-01-19 08:18:52.507145,28.98198,30.17625,-0.03864
2022-01-19 08:18:53.008991,29.65281,30.74325,0.0
2022-01-19 08:18:53.508552,31.19994,30.227,0.0
2022-01-19 08:18:54.005809,30.32365,29.86675,0.0
2022-01-19 08:18:54.508947,29.60083,30.12425,0.0
2022-01-19 08:18:55.009043,28.77652,30.48575,0.0
2022-01-19 08:18:55.504549,30.11695,30.43375,0.0
2022-01-19 08:18:56.006628,30.01422,29.9695,0.0
2022-01-19 08:18:56.502745,30.11695,30.07225,0.0
2022-01-19 08:18:57.000891,29.13669,30.43375,0.0
2022-01-19 08:18:57.504527,28.98198,30.17625,0.0
2022-01-19 08:18:58.001824,30.58109,30.5365,0.0
2022-01-19 08:18:58.507822,30.5291,30.227,0.0
2022-01-19 08:18:59.006408,30.11695,29.9695,0.0
2022-01-19 08:18:59.503389,29.55008,30.5365,0.0
2022-01-19 08:19:00.002257,29.91025,30.38175,0.0
2022-01-19 08:19:00.503200,30.78778,29.9695,0.0
2022-01-19 08:19:01.001640,30.21968,29.66,0.0
2022-01-19 08:19:01.507901,30.11695,30.95,0.0
2022-01-19 08:19:02.007355,29.4981,30.17625,0.0
2022-01-19 08:19:02.502086,29.75554,29.9695,0.0
2022-01-19 08:19:03.005830,30.16893,30.5365,0.0
2022-01-19 08:19:03.501450,30.47836,30.0215,0.0
2022-01-19 08:19:04.001688,30.16893,30.331,0.0
2022-01-19 08:19:04.507340,29.65281,30.74325,0.0
2022-01-19 08:19:05.003993,29.24066,30.17625,0.0
2022-01-19 08:19:05.508149,30.11695,29.9695,0.0
2022-01-19 08:19:06.001270,30.37439,30.5885,0.0
2022-01-19 08:19:06.505071,30.06497,29.9695,0.0
2022-01-19 08:19:07.002677,29.39537,30.0215,0.0
2022-01-19 08:19:07.508034,30.06497,30.6405,0.0
2022-01-19 08:19:08.005068,31.09721,30.12425,0.0
2022-01-19 08:19:08.503000,30.5291,30.07225,0.0
2022-01-19 08:19:09.001229,30.06497,30.48575,0.0
2022-01-19 08:19:09.504665,29.18867,30.17625,0.0
2022-01-19 08:19:10.002121,28.72454,30.07225,0.0
2022-01-19 08:19:10.506065,30.89051,30.74325,0.0
2022-01-19 08:19:11.003444,30.99324,30.07225,0.0
2022-01-19 08:19:11.507898,30.5291,30.0215,0.0
2022-01-19 08:19:12.006752,29.2914,30.43375,0.0
2022-01-19 08:19:12.504638,29.24066,30.12425,0.0
2022-01-19 08:19:13.001655,29.7048,30.227,0.0
2022-01-19 08:19:13.506281,31.14795,30.07225,0.0
2022-01-19 08:19:14.004059,30.58109,30.279,0.0
2022-01-19 08:19:14.510073,29.80752,30.6405,0.0
2022-01-19 08:19:15.007197,28.56982,30.279,0.0
2022-01-19 08:19:15.501109,29.60083,30.38175,0.0
2022-01-19 08:19:16.009442,31.09721,30.227,0.0
2022-01-19 08:19:16.502800,30.37439,30.0215,0.0
2022-01-19 08:19:17.001660,29.13669,30.69125,0.0
2022-01-19 08:19:17.510157,29.2914,30.17625,0.0
2022-01-19 08:19:18.008453,29.91025,29.712,0.0
2022-01-19 08:19:18.501127,30.47836,30.43375,0.0
2022-01-19 08:19:19.009712,29.91025,30.331,0.0
2022-01-19 08:19:19.504721,29.08595,29.9695,0.0
2022-01-19 08:19:20.003268,29.91025,30.6405,0.0
2022-01-19 08:19:20.501215,30.89051,30.331,0.0
2022-01-19 08:19:21.010328,30.42637,30.07225,-0.03864
2022-01-19 08:19:21.505920,29.55008,30.79525,-0.03864
2022-01-19 08:19:22.007499,29.18867,30.17625,-0.03864
2022-01-19 08:19:22.502717,30.01422,29.9175,-0.03864
2022-01-19 08:19:23.011113,30.32365,30.227,0.0
2022-01-19 08:19:23.507384,30.68382,30.227,0.0
2022-01-19 08:19:24.007865,30.11695,30.0215,0.0
2022-01-19 08:19:24.503354,29.18867,30.5885,0.0
2022-01-19 08:19:25.008106,29.39537,30.07225,0.0
2022-01-19 08:19:25.504582,29.91025,29.9175,0.0
2022-01-19 08:19:26.001504,30.83853,30.48575,0.0
2022-01-19 08:19:26.508544,29.96224,30.331,0.0
2022-01-19 08:19:27.006049,28.87925,30.5885,0.0
2022-01-19 08:19:27.511197,30.11695,30.38175,0.0
2022-01-19 08:19:28.002517,31.04522,30.12425,0.0
2022-01-19 08:19:28.506069,30.83853,30.227,0.0
2022-01-19 08:19:29.003712,29.96224,30.12425,0.0
2022-01-19 08:19:29.504616,29.34339,30.07225,0.0
2022-01-19 08:19:30.001497,28.77652,30.279,0.0
2022-01-19 08:19:30.507347,31.09721,30.279,0.0
2022-01-19 08:19:31.004859,30.37439,29.9175,0.0
2022-01-19 08:19:31.508446,30.11695,30.331,0.0
2022-01-19 08:19:32.007354,28.82727,30.38175,0.03864
2022-01-19 08:19:32.502786,28.82727,30.227,0.03864
2022-01-19 08:19:33.009953,30.5291,30.6405,86.63083
2022-01-19 08:19:33.504400,30.37439,30.38175,86.63083
2022-01-19 08:19:34.002156,30.32365,30.12425,235.3102
2022-01-19 08:19:34.507657,28.82727,30.48575,235.3102
2022-01-19 08:19:35.006790,29.08595,30.12425,199.02395
2022-01-19 08:19:35.502855,31.30267,29.81475,199.02395
2022-01-19 08:19:36.010665,31.09721,30.279,125.27333
2022-01-19 08:19:36.506526,29.75554,30.07225,125.27333
2022-01-19 08:19:37.004066,29.03396,30.43375,63.18614
2022-01-19 08:19:37.509098,28.36313,30.279,63.18614
2022-01-19 08:19:38.004808,29.85951,29.86675,-0.03864
2022-01-19 08:19:38.509899,30.11695,30.69125,-0.03864
2022-01-19 08:19:39.008290,30.01422,30.43375,0.0
2022-01-19 08:19:39.504606,29.2914,30.227,0.0
2022-01-19 08:19:40.003634,29.65281,30.79525,0.0
2022-01-19 08:19:40.510373,30.32365,29.9695,0.0
2022-01-19 08:19:41.006703,30.32365,29.66,0.0
2022-01-19 08:19:41.509779,29.55008,31.00075,0.0
2022-01-19 08:19:42.010164,29.65281,30.48575,0.0
2022-01-19 08:19:42.505738,30.78778,29.4025,0.0
2022-01-19 08:19:43.001917,30.27166,29.9175,0.0
2022-01-19 08:19:43.503047,29.85951,30.331,0.0
2022-01-19 08:19:44.001151,29.80752,30.12425,0.0
2022-01-19 08:19:44.510112,29.24066,30.331,0.0
2022-01-19 08:19:45.008632,30.5291,30.48575,0.0
2022-01-19 08:19:45.510351,30.32365,29.9695,0.0
2022-01-19 08:19:46.007708,29.96224,30.846,0.0
2022-01-19 08:19:46.509784,29.65281,30.5885,0.0
2022-01-19 08:19:47.006107,29.80752,29.86675,0.0
2022-01-19 08:19:47.510544,30.42637,29.2985,0.0
2022-01-19 08:19:48.010197,31.04522,30.43375,0.0
2022-01-19 08:19:48.505049,30.06497,30.227,0.0
2022-01-19 08:19:49.011019,29.80752,30.5885,0.0
2022-01-19 08:19:49.509049,28.72454,30.38175,0.0
2022-01-19 08:19:50.002736,29.91025,29.9695,0.0
2022-01-19 08:19:50.508292,30.9425,30.38175,0.0
2022-01-19 08:19:51.003407,30.27166,30.5885,0.0
2022-01-19 08:19:51.510587,29.39537,30.279,0.0
2022-01-19 08:19:52.008442,29.24066,30.12425,0.0
2022-01-19 08:19:52.509049,29.03396,30.79525,0.0
2022-01-19 08:19:53.003724,31.30267,29.86675,0.0
2022-01-19 08:19:53.506565,30.68382,30.227,0.0
2022-01-19 08:19:54.010796,29.85951,30.331,0.0
2022-01-19 08:19:54.504562,28.72454,29.86675,0.0
2022-01-19 08:19:55.002326,28.51784,30.279,0.0
2022-01-19 08:19:55.502720,30.89051,30.43375,0.0
2022-01-19 08:19:56.008204,30.63307,29.9175,0.0
2022-01-19 08:19:56.504991,30.01422,30.38175,0.0
2022-01-19 08:19:57.009875,29.03396,30.43375,0.0
2022-01-19 08:19:57.503599,28.56982,30.227,0.0
2022-01-19 08:19:58.009159,30.68382,30.12425,0.0
2022-01-19 08:19:58.510235,30.68382,30.331,0.0
2022-01-19 08:19:59.009848,30.01422,30.846,0.0
2022-01-19 08:19:59.510285,29.08595,30.0215,0.0
2022-01-19 08:20:00.006550,30.11695,29.86675,0.0
2022-01-19 08:20:00.509864,30.58109,30.48575,0.0
2022-01-19 08:20:01.002510,30.5291,29.81475,0.0
2022-01-19 08:20:01.501337,29.7048,30.74325,0.0
2022-01-19 08:20:02.001705,29.44612,30.48575,0.0
2022-01-19 08:20:02.501742,30.32365,29.45325,0.0
2022-01-19 08:20:03.008906,30.27166,30.38175,0.0
2022-01-19 08:20:03.506227,29.96224,30.79525,0.0
2022-01-19 08:20:04.005624,29.44612,30.07225,0.0
2022-01-19 08:20:04.510645,30.37439,29.9695,0.0
2022-01-19 08:20:05.008222,30.9425,30.331,0.0
2022-01-19 08:20:05.506578,30.37439,30.17625,0.0
2022-01-19 08:20:06.003736,29.85951,30.279,0.0
2022-01-19 08:20:06.506548,29.4981,30.279,0.0
2022-01-19 08:20:07.005468,29.55008,30.0215,0.0
2022-01-19 08:20:07.502234,30.16893,30.0215,0.0
2022-01-19 08:20:08.003461,30.16893,30.5365,0.0
2022-01-19 08:20:08.508158,29.96224,30.0215,0.0
2022-01-19 08:20:09.005109,29.4981,30.0215,0.0
2022-01-19 08:20:09.501373,29.55008,30.331,0.0
2022-01-19 08:20:10.003356,30.32365,30.331,0.0
2022-01-19 08:20:10.507165,30.21968,30.227,0.0
2022-01-19 08:20:11.010049,30.01422,30.48575,0.0
2022-01-19 08:20:11.501433,28.98198,30.07225,0.0
2022-01-19 08:20:12.010173,29.34339,30.12425,0.0
2022-01-19 08:20:12.503395,30.32365,30.5885,0.0
2022-01-19 08:20:13.002309,30.78778,29.9175,0.0
2022-01-19 08:20:13.510764,30.47836,30.38175,0.0
2022-01-19 08:20:14.010595,29.18867,30.12425,0.0
2022-01-19 08:20:14.508255,28.87925,30.227,0.0
2022-01-19 08:20:15.006503,30.21968,30.07225,0.0
2022-01-19 08:20:15.507734,30.83853,30.17625,0.0
2022-01-19 08:20:16.003543,29.91025,30.48575,0.0
2022-01-19 08:20:16.509515,29.39537,30.38175,0.0
2022-01-19 08:20:17.007056,28.87925,30.227,0.0
2022-01-19 08:20:17.510167,30.99324,30.279,0.0
2022-01-19 08:20:18.007887,31.50936,30.279,0.0
2022-01-19 08:20:18.502280,30.47836,30.5365,0.0
2022-01-19 08:20:19.003852,28.56982,30.227,0.0
2022-01-19 08:20:19.502795,28.2604,30.17625,0.0
2022-01-19 08:20:20.007298,30.99324,29.9175,0.0
2022-01-19 08:20:20.501159,31.45738,30.38175,0.0
2022-01-19 08:20:21.009288,30.78778,30.12425,0.0
2022-01-19 08:20:21.510296,28.56982,30.0215,0.0
2022-01-19 08:20:22.008634,28.20842,30.43375,0.0
2022-01-19 08:20:22.508484,30.78778,30.12425,0.0
2022-01-19 08:20:23.010838,31.14795,30.6405,0.0
2022-01-19 08:20:23.509103,30.5291,30.5365,0.0
2022-01-19 08:20:24.011030,29.55008,30.07225,0.0
2022-01-19 08:20:24.501391,29.08595,30.48575,0.0
2022-01-19 08:20:25.002829,30.42637,30.279,0.0
2022-01-19 08:20:25.508648,30.63307,29.9695,0.0
2022-01-19 08:20:26.002043,30.16893,30.6405,0.0
2022-01-19 08:20:26.504105,28.87925,29.9175,0.0
2022-01-19 08:20:27.008917,29.44612,29.50525,0.0
2022-01-19 08:20:27.505558,30.27166,30.74325,0.0
2022-01-19 08:20:28.009037,30.58109,30.331,0.0
2022-01-19 08:20:28.502427,29.65281,30.0215,0.0
2022-01-19 08:20:29.006051,28.87925,30.5365,0.0
2022-01-19 08:20:29.502061,29.39537,30.17625,0.0
2022-01-19 08:20:30.002553,30.63307,30.227,0.0
2022-01-19 08:20:30.507456,30.06497,30.69125,0.0
