時間,回転１,回転２,回転３
2022-01-14 07:00:00.004000,0.0,0.0,0.0
2022-01-14 07:00:00.501162,0.0,0.0,0.0
2022-01-14 07:00:01.008141,0.0,0.0,0.0
2022-01-14 07:00:01.505711,0.0,0.0,0.0
2022-01-14 07:00:02.003500,0.0,0.0,0.0
2022-01-14 07:00:02.501160,0.0,0.0,0.0
2022-01-14 07:00:03.010053,0.0,0.0,0.0
2022-01-14 07:00:03.503659,0.0,0.0,0.0
2022-01-14 07:00:04.002794,0.0,0.0,0.0
2022-01-14 07:00:04.508473,0.0,0.0,0.0
2022-01-14 07:00:05.006673,0.0,0.0,0.0
2022-01-14 07:00:05.502661,0.0,0.0,0.0
2022-01-14 07:00:06.010221,0.0,0.0,0.0
2022-01-14 07:00:06.508560,0.0,0.0,0.0
2022-01-14 07:00:07.005111,0.0,0.0,0.0
2022-01-14 07:00:07.510553,0.0,0.0,0.0
2022-01-14 07:00:08.007147,0.0,0.0,0.0
2022-01-14 07:00:08.501567,0.0,0.0,0.0
2022-01-14 07:00:09.001267,0.0,0.0,0.0
2022-01-14 07:00:09.506647,0.0,0.0,0.0
2022-01-14 07:00:10.005226,0.0,0.0,0.0
2022-01-14 07:00:10.501305,0.0,0.0,0.0
2022-01-14 07:00:11.009920,0.0,0.0,0.0
2022-01-14 07:00:11.504307,0.0,0.0,0.0
2022-01-14 07:00:12.002665,0.0,0.0,0.0
2022-01-14 07:00:12.508127,0.0,0.0,0.0
2022-01-14 07:00:13.005381,0.0,0.0,0.0
2022-01-14 07:00:13.501937,0.0,0.0,0.0
2022-01-14 07:00:14.001143,0.0,0.0,0.0
2022-01-14 07:00:14.507126,0.0,0.0,0.0
2022-01-14 07:00:15.007206,0.0,0.0,0.0
2022-01-14 07:00:15.502840,0.0,0.0,0.0
2022-01-14 07:00:16.003494,0.0,0.0,0.0
2022-01-14 07:00:16.508724,0.0,0.0,0.0
2022-01-14 07:00:17.007529,0.0,0.0,0.0
2022-01-14 07:00:17.505063,0.0,0.0,0.0
2022-01-14 07:00:18.002605,0.0,0.0,0.0
2022-01-14 07:00:18.508326,0.0,0.0,0.0
2022-01-14 07:00:19.006311,0.0,0.0,0.0
2022-01-14 07:00:19.502659,0.0,0.0,0.0
2022-01-14 07:00:20.009115,0.0,0.0,0.0
2022-01-14 07:00:20.504916,0.0,0.0,0.0
2022-01-14 07:00:21.002968,0.0,0.0,0.0
2022-01-14 07:00:21.507554,0.0,0.0,0.0
2022-01-14 07:00:22.005401,0.0,0.0,0.0
2022-01-14 07:00:22.510057,0.0,0.0,0.0
2022-01-14 07:00:23.008839,0.0,0.0,0.0
2022-01-14 07:00:23.503263,0.0,0.0,0.0
2022-01-14 07:00:24.002881,0.0,0.0,0.0
2022-01-14 07:00:24.509809,0.0,0.0,0.0
2022-01-14 07:00:25.008566,0.0,0.0,0.0
2022-01-14 07:00:25.503760,0.0,0.0,0.0
2022-01-14 07:00:26.001575,0.0,0.0,0.0
2022-01-14 07:00:26.502842,0.0,0.0,0.0
2022-01-14 07:00:27.505836,0.0,0.0,0.0
2022-01-14 07:00:28.003844,0.0,0.0,0.0
2022-01-14 07:00:28.510167,0.0,0.0,0.0
2022-01-14 07:00:29.009444,0.0,0.0,0.0
2022-01-14 07:00:29.503589,0.0,0.0,0.0
2022-01-14 07:00:30.001360,0.0,0.0,0.0
2022-01-14 07:00:30.506529,0.0,0.0,0.0
2022-01-14 07:00:31.004050,0.0,0.0,0.0
2022-01-14 07:00:31.509554,0.0,0.0,0.0
2022-01-14 07:00:32.008971,0.0,0.0,0.0
2022-01-14 07:00:32.507433,0.0,0.0,0.0
2022-01-14 07:00:33.005018,0.0,0.0,0.0
2022-01-14 07:00:33.509091,0.0,0.0,0.0
2022-01-14 07:00:34.006903,0.0,0.0,0.0
2022-01-14 07:00:34.503118,0.0,0.0,0.0
2022-01-14 07:00:35.010738,0.0,0.0,0.0
2022-01-14 07:00:35.506193,0.0,0.0,0.0
2022-01-14 07:00:36.004518,0.0,0.0,0.0
2022-01-14 07:00:36.509771,0.0,0.0,0.0
2022-01-14 07:00:37.007271,0.0,0.0,0.0
2022-01-14 07:00:37.501657,0.0,0.0,0.0
2022-01-14 07:00:38.010693,0.0,0.0,0.0
2022-01-14 07:00:38.506342,0.0,0.0,0.0
2022-01-14 07:00:39.004673,0.0,0.0,0.0
2022-01-14 07:00:39.503360,0.0,0.0,0.0
2022-01-14 07:00:40.504462,0.0,0.0,0.0
2022-01-14 07:00:41.001554,0.0,0.0,0.0
2022-01-14 07:00:41.507367,0.0,0.0,0.0
2022-01-14 07:00:42.006652,0.0,0.0,0.0
2022-01-14 07:00:42.502990,0.0,0.0,0.0
2022-01-14 07:00:43.010906,0.0,0.0,0.0
2022-01-14 07:00:43.505244,0.0,0.0,0.0
2022-01-14 07:00:44.001776,0.0,0.0,0.0
2022-01-14 07:00:44.510624,0.0,0.0,0.0
2022-01-14 07:00:45.007764,0.0,0.0,0.0
2022-01-14 07:00:45.503115,0.0,0.0,0.0
2022-01-14 07:00:46.001540,0.0,0.0,0.0
2022-01-14 07:00:46.508932,0.0,0.0,0.0
2022-01-14 07:00:47.006027,0.0,0.0,0.0
2022-01-14 07:00:47.510483,0.0,0.0,0.0
2022-01-14 07:00:48.008663,0.0,0.0,0.0
2022-01-14 07:00:48.503189,0.0,0.0,0.0
2022-01-14 07:00:49.004560,0.0,0.0,0.0
2022-01-14 07:00:49.509386,0.0,0.0,0.0
2022-01-14 07:00:50.007636,0.0,0.0,0.0
2022-01-14 07:00:50.503333,0.0,0.0,0.0
2022-01-14 07:00:51.001692,0.0,0.0,0.0
2022-01-14 07:00:51.507548,0.0,0.0,0.0
2022-01-14 07:00:52.006759,0.0,0.0,0.0
2022-01-14 07:00:52.502476,0.0,0.0,0.0
2022-01-14 07:00:53.001615,0.0,0.0,0.0
2022-01-14 07:00:53.507285,0.0,0.0,0.0
2022-01-14 07:00:54.005607,0.0,0.0,0.0
2022-01-14 07:00:54.502774,0.0,0.0,0.0
2022-01-14 07:00:55.001653,0.0,0.0,0.0
2022-01-14 07:00:55.506836,0.0,0.0,0.0
2022-01-14 07:00:56.005359,0.0,0.0,0.0
2022-01-14 07:00:56.502245,0.0,0.0,0.0
2022-01-14 07:00:57.010790,0.0,0.0,0.0
2022-01-14 07:00:57.504602,0.0,0.0,0.0
2022-01-14 07:00:58.002577,0.0,0.0,0.0
2022-01-14 07:00:58.506909,0.0,0.0,0.0
2022-01-14 07:00:59.006145,0.0,0.0,0.0
2022-01-14 07:00:59.501098,0.0,0.0,0.0
2022-01-14 07:01:00.009342,0.0,0.0,0.0
2022-01-14 07:01:00.504809,0.0,0.0,0.0
2022-01-14 07:01:01.002969,0.0,0.0,0.0
2022-01-14 07:01:01.507283,0.0,0.0,0.0
2022-01-14 07:01:02.005416,0.0,0.0,0.0
2022-01-14 07:01:02.502236,0.0,0.0,0.0
2022-01-14 07:01:03.001928,0.0,0.0,0.0
2022-01-14 07:01:03.506715,0.0,0.0,0.0
2022-01-14 07:01:04.006094,0.0,0.0,0.0
2022-01-14 07:01:04.501460,0.0,0.0,0.0
2022-01-14 07:01:05.009205,0.0,0.0,0.0
2022-01-14 07:01:05.504274,0.0,0.0,0.0
2022-01-14 07:01:06.002099,0.0,0.0,0.0
2022-01-14 07:01:06.506825,0.0,0.0,0.0
2022-01-14 07:01:07.006815,0.0,0.0,0.0
2022-01-14 07:01:07.501566,0.0,0.0,0.0
2022-01-14 07:01:08.010869,0.0,0.0,0.0
2022-01-14 07:01:08.505661,0.0,0.0,0.0
2022-01-14 07:01:09.005932,0.0,0.0,0.0
2022-01-14 07:01:09.501169,0.0,0.0,0.0
2022-01-14 07:01:10.008519,0.0,0.0,0.0
2022-01-14 07:01:10.503659,0.0,0.0,0.0
2022-01-14 07:01:11.001579,0.0,0.0,0.0
2022-01-14 07:01:11.508563,0.0,0.0,0.0
2022-01-14 07:01:12.005890,0.0,0.0,0.0
2022-01-14 07:01:12.501184,0.0,0.0,0.0
2022-01-14 07:01:13.008919,0.0,0.0,0.0
2022-01-14 07:01:13.504117,0.0,0.0,0.0
2022-01-14 07:01:14.001913,0.0,0.0,0.0
2022-01-14 07:01:14.507265,0.0,0.0,0.0
2022-01-14 07:01:15.005121,0.0,0.0,0.0
2022-01-14 07:01:15.508607,0.0,0.0,0.0
2022-01-14 07:01:16.008033,0.0,0.0,0.0
2022-01-14 07:01:16.501413,0.0,0.0,0.0
2022-01-14 07:01:17.002446,0.0,0.0,0.0
2022-01-14 07:01:17.506732,0.0,0.0,0.0
2022-01-14 07:01:18.007007,0.0,0.0,0.0
2022-01-14 07:01:18.504034,0.0,0.0,0.0
2022-01-14 07:01:19.003075,0.0,0.0,0.0
2022-01-14 07:01:19.508081,0.0,0.0,0.0
2022-01-14 07:01:20.006783,0.0,0.0,0.0
2022-01-14 07:01:20.503443,0.0,0.0,0.0
2022-01-14 07:01:21.001612,0.0,0.0,0.0
2022-01-14 07:01:21.505786,0.0,0.0,0.0
2022-01-14 07:01:22.003887,0.0,0.0,0.0
2022-01-14 07:01:22.509027,0.0,0.0,0.0
2022-01-14 07:01:23.007842,0.0,0.0,0.0
2022-01-14 07:01:23.503273,0.0,0.0,0.0
2022-01-14 07:01:24.001955,0.0,0.0,0.0
2022-01-14 07:01:24.506538,0.0,0.0,0.0
2022-01-14 07:01:25.007945,0.0,0.0,0.0
2022-01-14 07:01:25.504863,0.0,0.0,0.0
2022-01-14 07:01:26.003135,0.0,0.0,0.0
2022-01-14 07:01:26.509544,0.0,0.0,0.0
2022-01-14 07:01:27.008631,0.0,0.0,0.0
2022-01-14 07:01:27.504486,0.0,0.0,0.0
2022-01-14 07:01:28.002803,0.0,0.0,0.0
2022-01-14 07:01:28.508744,0.0,0.0,0.0
2022-01-14 07:01:29.007211,0.0,0.0,0.0
2022-01-14 07:01:29.503387,0.0,0.0,0.0
2022-01-14 07:01:30.001403,0.0,0.0,0.0
2022-01-14 07:01:30.507071,0.0,0.0,0.0
2022-01-14 07:01:31.005203,0.0,0.0,0.0
2022-01-14 07:01:31.509725,0.0,0.0,0.0
2022-01-14 07:01:32.007937,0.0,0.0,0.0
2022-01-14 07:01:32.502837,0.0,0.0,0.0
2022-01-14 07:01:33.001433,0.0,0.0,0.0
2022-01-14 07:01:33.510077,0.0,0.0,0.0
2022-01-14 07:01:34.010108,0.0,0.0,0.0
2022-01-14 07:01:34.504945,0.0,0.0,0.0
2022-01-14 07:01:35.007529,0.0,0.0,0.0
2022-01-14 07:01:35.502399,0.0,0.0,0.0
2022-01-14 07:01:36.002407,0.0,0.0,0.0
2022-01-14 07:01:36.506050,0.0,0.0,0.0
2022-01-14 07:01:37.004130,0.0,0.0,0.0
2022-01-14 07:01:37.509655,0.0,0.0,0.0
2022-01-14 07:01:38.008605,0.0,0.0,0.0
2022-01-14 07:01:38.504254,0.0,0.0,0.0
2022-01-14 07:01:39.002856,0.0,0.0,0.0
2022-01-14 07:01:39.509852,0.0,0.0,0.0
2022-01-14 07:01:40.006683,0.0,0.0,0.0
2022-01-14 07:01:40.511133,0.0,0.0,0.0
2022-01-14 07:01:41.009332,0.0,0.0,0.0
2022-01-14 07:01:41.503982,0.0,0.0,0.0
2022-01-14 07:01:42.001527,0.0,0.0,0.0
2022-01-14 07:01:42.507061,0.0,0.0,0.0
2022-01-14 07:01:43.005916,0.0,0.0,0.0
2022-01-14 07:01:43.501167,0.0,0.0,0.0
2022-01-14 07:01:44.001662,0.0,0.0,0.0
2022-01-14 07:01:44.507238,0.0,0.0,0.0
2022-01-14 07:01:45.006258,0.0,0.0,0.0
2022-01-14 07:01:45.501545,0.0,0.0,0.0
2022-01-14 07:01:46.010877,0.0,0.0,0.0
2022-01-14 07:01:46.505131,0.0,0.0,0.0
2022-01-14 07:01:47.003097,0.0,0.0,0.0
2022-01-14 07:01:47.505521,0.0,0.0,0.0
2022-01-14 07:01:48.003374,0.0,0.0,0.0
2022-01-14 07:01:48.508321,0.0,0.0,0.0
2022-01-14 07:01:49.006124,0.0,0.0,0.0
2022-01-14 07:01:49.510745,0.0,0.0,0.0
2022-01-14 07:01:50.010188,0.0,0.0,0.0
2022-01-14 07:01:50.504514,0.0,0.0,0.0
2022-01-14 07:01:51.002951,0.0,0.0,0.0
2022-01-14 07:01:51.507121,0.0,0.0,0.0
2022-01-14 07:01:52.006173,0.0,0.0,0.0
2022-01-14 07:01:52.501182,0.0,0.0,0.0
2022-01-14 07:01:53.008789,0.0,0.0,0.0
2022-01-14 07:01:53.504710,0.0,0.0,0.0
2022-01-14 07:01:54.002434,0.0,0.0,0.0
2022-01-14 07:01:54.507873,0.0,0.0,0.0
2022-01-14 07:01:55.006029,0.0,0.0,0.0
2022-01-14 07:01:55.511164,0.0,0.0,0.0
2022-01-14 07:01:56.009953,0.0,0.0,0.0
2022-01-14 07:01:56.506305,0.0,0.0,0.0
2022-01-14 07:01:57.004349,0.0,0.0,0.0
2022-01-14 07:01:57.509282,0.0,0.0,0.0
2022-01-14 07:01:58.006165,0.0,0.0,0.0
2022-01-14 07:01:58.511245,0.0,0.0,0.0
2022-01-14 07:01:59.010911,0.0,0.0,0.0
2022-01-14 07:01:59.505135,0.0,0.0,0.0
2022-01-14 07:02:00.003209,0.0,0.0,0.0
2022-01-14 07:02:00.510554,0.0,0.0,0.0
2022-01-14 07:02:01.007874,0.0,0.0,0.0
2022-01-14 07:02:01.502868,0.0,0.0,0.0
2022-01-14 07:02:02.010108,0.0,0.0,0.0
2022-01-14 07:02:02.505399,0.0,0.0,0.0
2022-01-14 07:02:03.002530,0.0,0.0,0.0
2022-01-14 07:02:03.507492,0.0,0.0,0.0
2022-01-14 07:02:04.005604,0.0,0.0,0.0
2022-01-14 07:02:04.504844,0.0,0.0,0.0
2022-01-14 07:02:05.003525,0.0,0.0,0.0
2022-01-14 07:02:05.510662,0.0,0.0,0.0
2022-01-14 07:02:06.009830,0.0,0.0,0.0
2022-01-14 07:02:06.505089,0.0,0.0,0.0
2022-01-14 07:02:07.003456,0.0,0.0,0.0
2022-01-14 07:02:07.509665,0.0,0.0,0.0
2022-01-14 07:02:08.007363,0.0,0.0,0.0
2022-01-14 07:02:08.501915,0.0,0.0,0.0
2022-01-14 07:02:09.001985,0.0,0.0,0.0
2022-01-14 07:02:09.507615,0.0,0.0,0.0
2022-01-14 07:02:10.005748,0.0,0.0,0.0
2022-01-14 07:02:10.502021,0.0,0.0,0.0
2022-01-14 07:02:11.010191,0.0,0.0,0.0
2022-01-14 07:02:11.505253,0.0,0.0,0.0
2022-01-14 07:02:12.004303,0.0,0.0,0.0
2022-01-14 07:02:12.509990,0.0,0.0,0.0
2022-01-14 07:02:13.007527,0.0,0.0,0.0
2022-01-14 07:02:13.501317,0.0,0.0,0.0
2022-01-14 07:02:14.009093,0.0,0.0,0.0
2022-01-14 07:02:14.505215,0.0,0.0,0.0
2022-01-14 07:02:15.005537,0.0,0.0,0.0
2022-01-14 07:02:15.501172,0.0,0.0,0.0
2022-01-14 07:02:16.010286,0.0,0.0,0.0
2022-01-14 07:02:16.507100,0.0,0.0,0.0
2022-01-14 07:02:17.005413,0.0,0.0,0.0
2022-01-14 07:02:17.510263,0.0,0.0,0.0
2022-01-14 07:02:18.011196,0.0,0.0,0.0
2022-01-14 07:02:18.507991,0.0,0.0,0.0
2022-01-14 07:02:19.006083,0.0,0.0,0.0
2022-01-14 07:02:19.510911,0.0,0.0,0.0
2022-01-14 07:02:20.007894,0.0,0.0,0.0
2022-01-14 07:02:20.503860,0.0,0.0,0.0
2022-01-14 07:02:21.002935,0.0,0.0,0.0
2022-01-14 07:02:21.502985,0.0,0.0,0.0
2022-01-14 07:02:22.005452,0.0,0.0,0.0
2022-01-14 07:02:22.503378,0.0,0.0,0.0
2022-01-14 07:02:23.002199,0.0,0.0,0.0
2022-01-14 07:02:23.510705,0.0,0.0,0.0
2022-01-14 07:02:24.008766,0.0,0.0,0.0
2022-01-14 07:02:24.505407,0.0,0.0,0.0
2022-01-14 07:02:25.004434,0.0,0.0,0.0
2022-01-14 07:02:25.510761,0.0,0.0,0.0
2022-01-14 07:02:26.008303,0.0,0.0,0.0
2022-01-14 07:02:26.503857,0.0,0.0,0.0
2022-01-14 07:02:27.003700,0.0,0.0,0.0
2022-01-14 07:02:27.509127,0.0,0.0,0.0
2022-01-14 07:02:28.006547,0.0,0.0,0.0
2022-01-14 07:02:28.501116,0.0,0.0,0.0
2022-01-14 07:02:29.009223,0.0,0.0,0.0
2022-01-14 07:02:29.502944,0.0,0.0,0.0
2022-01-14 07:02:30.002015,0.0,0.0,0.0
2022-01-14 07:02:30.507029,0.0,0.0,0.0
2022-01-14 07:02:31.005826,0.0,0.0,0.0
2022-01-14 07:02:31.503027,0.0,0.0,0.0
2022-01-14 07:02:32.003168,0.0,0.0,0.0
2022-01-14 07:02:32.508411,0.0,0.0,0.0
2022-01-14 07:02:33.006081,0.0,0.0,0.0
2022-01-14 07:02:33.501608,0.0,0.0,0.0
2022-01-14 07:02:34.009511,0.0,0.0,0.0
2022-01-14 07:02:34.505665,0.0,0.0,0.0
2022-01-14 07:02:35.002759,0.0,0.0,0.0
2022-01-14 07:02:35.509751,0.0,0.0,0.0
2022-01-14 07:02:36.008261,0.0,0.0,0.0
2022-01-14 07:02:36.508573,0.0,0.0,0.0
2022-01-14 07:02:37.002831,0.0,0.0,0.0
2022-01-14 07:02:37.506795,0.0,0.0,0.0
2022-01-14 07:02:38.005598,0.0,0.0,0.0
2022-01-14 07:02:38.502224,0.0,0.0,0.0
2022-01-14 07:02:39.011165,0.0,0.0,0.0
2022-01-14 07:02:39.507561,0.0,0.0,0.0
2022-01-14 07:02:40.006469,0.0,0.0,0.0
2022-01-14 07:02:40.502141,0.0,0.0,0.0
2022-01-14 07:02:41.010719,0.0,0.0,0.0
2022-01-14 07:02:41.506894,0.0,0.0,0.0
2022-01-14 07:02:42.005822,0.0,0.0,0.0
2022-01-14 07:02:42.501895,0.0,0.0,0.0
2022-01-14 07:02:43.010225,0.0,0.0,0.0
2022-01-14 07:02:43.507297,0.0,0.0,0.0
2022-01-14 07:02:44.005618,0.0,0.0,0.0
2022-01-14 07:02:44.501238,0.0,0.0,0.0
2022-01-14 07:02:45.009578,0.0,0.0,0.0
2022-01-14 07:02:45.505795,0.0,0.0,0.0
2022-01-14 07:02:46.004068,0.0,0.0,0.0
2022-01-14 07:02:46.508189,0.0,0.0,0.0
2022-01-14 07:02:47.005582,0.0,0.0,0.0
2022-01-14 07:02:47.510022,0.0,0.0,0.0
2022-01-14 07:02:48.009740,0.0,0.0,0.0
2022-01-14 07:02:48.507183,0.0,0.0,0.0
2022-01-14 07:02:49.006020,0.0,0.0,0.0
2022-01-14 07:02:49.501386,0.0,0.0,0.0
2022-01-14 07:02:50.505543,0.0,0.0,0.0
2022-01-14 07:02:51.002231,0.0,0.0,0.0
2022-01-14 07:02:51.508617,0.0,0.0,0.0
2022-01-14 07:02:52.006090,0.0,0.0,0.0
2022-01-14 07:02:52.501733,0.0,0.0,0.0
2022-01-14 07:02:53.009560,0.0,0.0,0.0
2022-01-14 07:02:53.507120,0.0,0.0,0.0
2022-01-14 07:02:54.005083,0.0,0.0,0.0
2022-01-14 07:02:54.509596,0.0,0.0,0.0
2022-01-14 07:02:55.008724,0.0,0.0,0.0
2022-01-14 07:02:55.503522,0.0,0.0,0.0
2022-01-14 07:02:56.010985,0.0,0.0,0.0
2022-01-14 07:02:56.506004,0.0,0.0,0.0
2022-01-14 07:02:57.003114,0.0,0.0,0.0
2022-01-14 07:02:57.508344,0.0,0.0,0.0
2022-01-14 07:02:58.008541,0.0,0.0,0.0
2022-01-14 07:02:58.504535,0.0,0.0,0.0
2022-01-14 07:02:59.002682,0.0,0.0,0.0
2022-01-14 07:02:59.508842,0.0,0.0,0.0
2022-01-14 07:03:00.006656,0.0,0.0,0.0
2022-01-14 07:03:00.501493,0.0,0.0,0.0
2022-01-14 07:03:01.009901,0.0,0.0,0.0
2022-01-14 07:03:01.506045,0.0,0.0,0.0
2022-01-14 07:03:02.004594,0.0,0.0,0.0
2022-01-14 07:03:02.503705,0.0,0.0,0.0
2022-01-14 07:03:03.002073,0.0,0.0,0.0
2022-01-14 07:03:03.507359,0.0,0.0,0.0
2022-01-14 07:03:04.003888,0.0,0.0,0.0
2022-01-14 07:03:04.508221,0.0,0.0,0.0
2022-01-14 07:03:05.007046,0.0,0.0,0.0
2022-01-14 07:03:05.503235,0.0,0.0,0.0
2022-01-14 07:03:06.001916,0.0,0.0,0.0
2022-01-14 07:03:06.510069,0.0,0.0,0.0
2022-01-14 07:03:07.008579,0.0,0.0,0.0
2022-01-14 07:03:07.503106,0.0,0.0,0.0
2022-01-14 07:03:08.001206,0.0,0.0,0.0
2022-01-14 07:03:08.506123,0.0,0.0,0.0
2022-01-14 07:03:09.003451,0.0,0.0,0.0
2022-01-14 07:03:09.507596,0.0,0.0,0.0
2022-01-14 07:03:10.005057,0.0,0.0,0.0
2022-01-14 07:03:10.509078,0.0,0.0,0.0
2022-01-14 07:03:11.008635,0.0,0.0,0.0
2022-01-14 07:03:11.504715,0.0,0.0,0.0
2022-01-14 07:03:12.003778,0.0,0.0,0.0
2022-01-14 07:03:12.509095,0.0,0.0,0.0
2022-01-14 07:03:13.007138,0.0,0.0,0.0
2022-01-14 07:03:13.501372,0.0,0.0,0.0
2022-01-14 07:03:14.009207,0.0,0.0,0.0
2022-01-14 07:03:14.502797,0.0,0.0,0.0
2022-01-14 07:03:15.504346,0.0,0.0,0.0
2022-01-14 07:03:16.002400,0.0,0.0,0.0
2022-01-14 07:03:16.508970,0.0,0.0,0.0
2022-01-14 07:03:17.006912,0.0,0.0,0.0
2022-01-14 07:03:17.503073,0.0,0.0,0.0
2022-01-14 07:03:18.010759,0.0,0.0,0.0
2022-01-14 07:03:18.507140,0.0,0.0,0.0
2022-01-14 07:03:19.005222,0.0,0.0,0.0
2022-01-14 07:03:19.509239,0.0,0.0,0.0
2022-01-14 07:03:20.006910,0.0,0.0,0.0
2022-01-14 07:03:20.501611,0.0,0.0,0.0
2022-01-14 07:03:21.010785,0.0,0.0,0.0
2022-01-14 07:03:21.505677,0.0,0.0,0.0
2022-01-14 07:03:22.006735,0.0,0.0,0.0
2022-01-14 07:03:22.501266,0.0,0.0,0.0
2022-01-14 07:03:23.009113,0.0,0.0,0.0
2022-01-14 07:03:23.503682,0.0,0.0,0.0
2022-01-14 07:03:24.003078,0.0,0.0,0.0
2022-01-14 07:03:24.507785,0.0,0.0,0.0
2022-01-14 07:03:25.006058,0.0,0.0,0.0
2022-01-14 07:03:25.502582,0.0,0.0,0.0
2022-01-14 07:03:26.003021,0.0,0.0,0.0
2022-01-14 07:03:26.507929,0.0,0.0,0.0
2022-01-14 07:03:27.006121,0.0,0.0,0.0
2022-01-14 07:03:27.510455,0.0,0.0,0.0
2022-01-14 07:03:28.008260,0.0,0.0,0.0
2022-01-14 07:03:28.503170,0.0,0.0,0.0
2022-01-14 07:03:29.001450,0.0,0.0,0.0
2022-01-14 07:03:29.508043,0.0,0.0,0.0
2022-01-14 07:03:30.005143,0.0,0.0,0.0
2022-01-14 07:03:30.510042,0.0,0.0,0.0
2022-01-14 07:03:31.008749,0.0,0.0,0.0
2022-01-14 07:03:31.505049,0.0,0.0,0.0
2022-01-14 07:03:32.001642,0.0,0.0,0.0
2022-01-14 07:03:32.506155,0.0,0.0,0.0
2022-01-14 07:03:33.005209,0.0,0.0,0.0
2022-01-14 07:03:33.507850,0.0,0.0,0.0
2022-01-14 07:03:34.006880,0.0,0.0,0.0
2022-01-14 07:03:34.504625,0.0,0.0,0.0
2022-01-14 07:03:35.003277,0.0,0.0,0.0
2022-01-14 07:03:35.508521,0.0,0.0,0.0
2022-01-14 07:03:36.007169,0.0,0.0,0.0
2022-01-14 07:03:36.501623,0.0,0.0,0.0
2022-01-14 07:03:37.504858,0.0,0.0,0.0
2022-01-14 07:03:38.002782,0.0,0.0,0.0
2022-01-14 07:03:38.507821,0.0,0.0,0.0
2022-01-14 07:03:39.007142,0.0,0.0,0.0
2022-01-14 07:03:39.503745,0.0,0.0,0.0
2022-01-14 07:03:40.002918,0.0,0.0,0.0
2022-01-14 07:03:40.508099,0.0,0.0,0.0
2022-01-14 07:03:41.006461,0.0,0.0,0.0
2022-01-14 07:03:41.502578,0.0,0.0,0.0
2022-01-14 07:03:42.010811,0.0,0.0,0.0
2022-01-14 07:03:42.506106,0.0,0.0,0.0
2022-01-14 07:03:43.003393,0.0,0.0,0.0
2022-01-14 07:03:43.501570,0.0,0.0,0.0
2022-01-14 07:03:44.009154,0.0,0.0,0.0
2022-01-14 07:03:44.504142,0.0,0.0,0.0
2022-01-14 07:03:45.002850,0.0,0.0,0.0
2022-01-14 07:03:45.502473,0.0,0.0,0.0
2022-01-14 07:03:46.001327,0.0,0.0,0.0
2022-01-14 07:03:46.505146,0.0,0.0,0.0
2022-01-14 07:03:47.002088,0.0,0.0,0.0
2022-01-14 07:03:47.509329,0.0,0.0,0.0
2022-01-14 07:03:48.008038,0.0,0.0,0.0
2022-01-14 07:03:48.501601,0.0,0.0,0.0
2022-01-14 07:03:49.008744,0.0,0.0,0.0
2022-01-14 07:03:49.505985,0.0,0.0,0.0
2022-01-14 07:03:50.003395,0.0,0.0,0.0
2022-01-14 07:03:50.508079,0.0,0.0,0.0
2022-01-14 07:03:51.006535,0.0,0.0,0.0
2022-01-14 07:03:51.501679,0.0,0.0,0.0
2022-01-14 07:03:52.009313,0.0,0.0,0.0
2022-01-14 07:03:52.506860,0.0,0.0,0.0
2022-01-14 07:03:53.004752,0.0,0.0,0.0
2022-01-14 07:03:53.509839,0.0,0.0,0.0
2022-01-14 07:03:54.006680,0.0,0.0,0.0
2022-01-14 07:03:54.502011,0.0,0.0,0.0
2022-01-14 07:03:55.010540,0.0,0.0,0.0
2022-01-14 07:03:55.506700,0.0,0.0,0.0
2022-01-14 07:03:56.004916,0.0,0.0,0.0
2022-01-14 07:03:56.501150,0.0,0.0,0.0
2022-01-14 07:03:57.011219,0.0,0.0,0.0
2022-01-14 07:03:57.505367,0.0,0.0,0.0
2022-01-14 07:03:58.002166,0.0,0.0,0.0
2022-01-14 07:03:58.507215,0.0,0.0,0.0
2022-01-14 07:03:59.005443,0.0,0.0,0.0
2022-01-14 07:03:59.505474,0.0,0.0,0.0
2022-01-14 07:04:00.004544,0.0,0.0,0.0
2022-01-14 07:04:00.509373,0.0,0.0,0.0
2022-01-14 07:04:01.005810,0.0,0.0,0.0
2022-01-14 07:04:01.501179,0.0,0.0,0.0
2022-01-14 07:04:02.010181,0.0,0.0,0.0
2022-01-14 07:04:02.508244,0.0,0.0,0.0
2022-01-14 07:04:03.006986,0.0,0.0,0.0
2022-01-14 07:04:03.503809,0.0,0.0,0.0
2022-01-14 07:04:04.009992,0.0,0.0,0.0
2022-01-14 07:04:04.507514,0.0,0.0,0.0
2022-01-14 07:04:05.006064,0.0,0.0,0.0
2022-01-14 07:04:05.502311,0.0,0.0,0.0
2022-01-14 07:04:06.001565,0.0,0.0,0.0
2022-01-14 07:04:06.507131,0.0,0.0,0.0
2022-01-14 07:04:07.004816,0.0,0.0,0.0
2022-01-14 07:04:07.509910,0.0,0.0,0.0
2022-01-14 07:04:08.008954,0.0,0.0,0.0
2022-01-14 07:04:08.504658,0.0,0.0,0.0
2022-01-14 07:04:09.001938,0.0,0.0,0.0
2022-01-14 07:04:09.507013,0.0,0.0,0.0
2022-01-14 07:04:10.004253,0.0,0.0,0.0
2022-01-14 07:04:10.509848,0.0,0.0,0.0
2022-01-14 07:04:11.009991,0.0,0.0,0.0
2022-01-14 07:04:11.505139,0.0,0.0,0.0
2022-01-14 07:04:12.004740,0.0,0.0,0.0
2022-01-14 07:04:12.510510,0.0,0.0,0.0
2022-01-14 07:04:13.010438,0.0,0.0,0.0
2022-01-14 07:04:13.505125,0.0,0.0,0.0
2022-01-14 07:04:14.003916,0.0,0.0,0.0
2022-01-14 07:04:14.502202,0.0,0.0,0.0
2022-01-14 07:04:15.010951,0.0,0.0,0.0
2022-01-14 07:04:15.506459,0.0,0.0,0.0
2022-01-14 07:04:16.005590,0.0,0.0,0.0
2022-01-14 07:04:16.509763,0.0,0.0,0.0
2022-01-14 07:04:17.008543,0.0,0.0,0.0
2022-01-14 07:04:17.510408,0.0,0.0,0.0
2022-01-14 07:04:18.009383,0.0,0.0,0.0
2022-01-14 07:04:18.509183,0.0,0.0,0.0
2022-01-14 07:04:19.006574,0.0,0.0,0.0
2022-01-14 07:04:19.504249,0.0,0.0,0.0
2022-01-14 07:04:20.002214,0.0,0.0,0.0
2022-01-14 07:04:20.504487,0.0,0.0,0.0
2022-01-14 07:04:21.003527,0.0,0.0,0.0
2022-01-14 07:04:21.508916,0.0,0.0,0.0
2022-01-14 07:04:22.005749,0.0,0.0,0.0
2022-01-14 07:04:22.502239,0.0,0.0,0.0
2022-01-14 07:04:23.010511,0.0,0.0,0.0
2022-01-14 07:04:23.506747,0.0,0.0,0.0
2022-01-14 07:04:24.005641,0.0,0.0,0.0
2022-01-14 07:04:25.005482,0.0,0.0,0.0
2022-01-14 07:04:25.501128,0.0,0.0,0.0
2022-01-14 07:04:26.010340,0.0,0.0,0.0
2022-01-14 07:04:26.504529,0.0,0.0,0.0
2022-01-14 07:04:27.003651,0.0,0.0,0.0
2022-01-14 07:04:27.509932,0.0,0.0,0.0
2022-01-14 07:04:28.009513,0.0,0.0,0.0
2022-01-14 07:04:28.505794,0.0,0.0,0.0
2022-01-14 07:04:29.005166,0.0,0.0,0.0
2022-01-14 07:04:29.509594,0.0,0.0,0.0
2022-01-14 07:04:30.007502,0.0,0.0,0.0
2022-01-14 07:04:30.502276,0.0,0.0,0.0
2022-01-14 07:04:31.010606,0.0,0.0,0.0
2022-01-14 07:04:31.506187,0.0,0.0,0.0
2022-01-14 07:04:32.004685,0.0,0.0,0.0
2022-01-14 07:04:32.502765,0.0,0.0,0.0
2022-01-14 07:04:33.002423,0.0,0.0,0.0
2022-01-14 07:04:33.507745,0.0,0.0,0.0
2022-01-14 07:04:34.005440,0.0,0.0,0.0
2022-01-14 07:04:34.509921,0.0,0.0,0.0
2022-01-14 07:04:35.008900,0.0,0.0,0.0
2022-01-14 07:04:35.503355,0.0,0.0,0.0
2022-01-14 07:04:36.001610,0.0,0.0,0.0
2022-01-14 07:04:36.505543,0.0,0.0,0.0
2022-01-14 07:04:37.004961,0.0,0.0,0.0
2022-01-14 07:04:37.510352,0.0,0.0,0.0
2022-01-14 07:04:38.009225,0.0,0.0,0.0
2022-01-14 07:04:38.505196,0.0,0.0,0.0
2022-01-14 07:04:39.002242,0.0,0.0,0.0
2022-01-14 07:04:39.507788,0.0,0.0,0.0
2022-01-14 07:04:40.006044,0.0,0.0,0.0
2022-01-14 07:04:40.502175,0.0,0.0,0.0
2022-01-14 07:04:41.010426,0.0,0.0,0.0
2022-01-14 07:04:41.507106,0.0,0.0,0.0
2022-01-14 07:04:42.005562,0.0,0.0,0.0
2022-01-14 07:04:42.510775,0.0,0.0,0.0
2022-01-14 07:04:43.010498,0.0,0.0,0.0
2022-01-14 07:04:43.507037,0.0,0.0,0.0
2022-01-14 07:04:44.005635,0.0,0.0,0.0
2022-01-14 07:04:44.510889,0.0,0.0,0.0
2022-01-14 07:04:45.009056,0.0,0.0,0.0
2022-01-14 07:04:45.503704,0.0,0.0,0.0
2022-01-14 07:04:46.001623,0.0,0.0,0.0
2022-01-14 07:04:46.508305,0.0,0.0,0.0
2022-01-14 07:04:47.006129,0.0,0.0,0.0
2022-01-14 07:04:47.503663,0.0,0.0,0.0
2022-01-14 07:04:48.001991,0.0,0.0,0.0
2022-01-14 07:04:48.506438,0.0,0.0,0.0
2022-01-14 07:04:49.003697,0.0,0.0,0.0
2022-01-14 07:04:49.508716,0.0,0.0,0.0
2022-01-14 07:04:50.007234,0.0,0.0,0.0
2022-01-14 07:04:50.501281,0.0,0.0,0.0
2022-01-14 07:04:51.010644,0.0,0.0,0.0
2022-01-14 07:04:51.505896,0.0,0.0,0.0
2022-01-14 07:04:52.005240,0.0,0.0,0.0
2022-01-14 07:04:52.510650,0.0,0.0,0.0
2022-01-14 07:04:53.010046,0.0,0.0,0.0
2022-01-14 07:04:53.504632,0.0,0.0,0.0
2022-01-14 07:04:54.003593,0.0,0.0,0.0
2022-01-14 07:04:54.509211,0.0,0.0,0.0
2022-01-14 07:04:55.007128,0.0,0.0,0.0
2022-01-14 07:04:55.501128,0.0,0.0,0.0
2022-01-14 07:04:56.008324,0.0,0.0,0.0
2022-01-14 07:04:56.504322,0.0,0.0,0.0
2022-01-14 07:04:57.002378,0.0,0.0,0.0
2022-01-14 07:04:57.509254,0.0,0.0,0.0
2022-01-14 07:04:58.006401,0.0,0.0,0.0
2022-01-14 07:04:58.510640,0.0,0.0,0.0
2022-01-14 07:04:59.008836,0.0,0.0,0.0
2022-01-14 07:04:59.506296,0.0,0.0,0.0
2022-01-14 07:05:00.005154,0.0,0.0,0.0
2022-01-14 07:05:00.510632,0.0,0.0,0.0
2022-01-14 07:05:01.009428,0.0,0.0,0.0
2022-01-14 07:05:01.504971,0.0,0.0,0.0
2022-01-14 07:05:02.002246,0.0,0.0,0.0
2022-01-14 07:05:02.508849,0.0,0.0,0.0
2022-01-14 07:05:03.006269,0.0,0.0,0.0
2022-01-14 07:05:03.502312,0.0,0.0,0.0
2022-01-14 07:05:04.010445,0.0,0.0,0.0
2022-01-14 07:05:04.506754,0.0,0.0,0.0
2022-01-14 07:05:05.006095,0.0,0.0,0.0
2022-01-14 07:05:05.501598,0.0,0.0,0.0
2022-01-14 07:05:06.009211,0.0,0.0,0.0
2022-01-14 07:05:06.504412,0.0,0.0,0.0
2022-01-14 07:05:07.003969,0.0,0.0,0.0
2022-01-14 07:05:07.510253,0.0,0.0,0.0
2022-01-14 07:05:08.008123,0.0,0.0,0.0
2022-01-14 07:05:08.503898,0.0,0.0,0.0
2022-01-14 07:05:09.002924,0.0,0.0,0.0
2022-01-14 07:05:09.510015,0.0,0.0,0.0
2022-01-14 07:05:10.009544,0.0,0.0,0.0
2022-01-14 07:05:10.505069,0.0,0.0,0.0
2022-01-14 07:05:11.002943,0.0,0.0,0.0
2022-01-14 07:05:11.508508,0.0,0.0,0.0
2022-01-14 07:05:12.008502,0.0,0.0,0.0
2022-01-14 07:05:12.503718,0.0,0.0,0.0
2022-01-14 07:05:13.002804,0.0,0.0,0.0
2022-01-14 07:05:13.509364,0.0,0.0,0.0
2022-01-14 07:05:14.001299,0.0,0.0,0.0
2022-01-14 07:05:14.505401,0.0,0.0,0.0
2022-01-14 07:05:15.003205,0.0,0.0,0.0
2022-01-14 07:05:15.508574,0.0,0.0,0.0
2022-01-14 07:05:16.007834,0.0,0.0,0.0
2022-01-14 07:05:16.503119,0.0,0.0,0.0
2022-01-14 07:05:17.001456,0.0,0.0,0.0
2022-01-14 07:05:17.506793,0.0,0.0,0.0
2022-01-14 07:05:18.004336,0.0,0.0,0.0
2022-01-14 07:05:18.501126,0.0,0.0,0.0
2022-01-14 07:05:19.008526,0.0,0.0,0.0
2022-01-14 07:05:19.503851,0.0,0.0,0.0
2022-01-14 07:05:20.001993,0.0,0.0,0.0
2022-01-14 07:05:20.506589,0.0,0.0,0.0
2022-01-14 07:05:21.005401,0.0,0.0,0.0
2022-01-14 07:05:21.510817,0.0,0.0,0.0
2022-01-14 07:05:22.009647,0.0,0.0,0.0
2022-01-14 07:05:22.505281,0.0,0.0,0.0
2022-01-14 07:05:23.003889,0.0,0.0,0.0
2022-01-14 07:05:23.509823,0.0,0.0,0.0
2022-01-14 07:05:24.007475,0.0,0.0,0.0
2022-01-14 07:05:24.501301,0.0,0.0,0.0
2022-01-14 07:05:25.008662,0.0,0.0,0.0
2022-01-14 07:05:25.505930,0.0,0.0,0.0
2022-01-14 07:05:26.004576,0.0,0.0,0.0
2022-01-14 07:05:26.509346,0.0,0.0,0.0
2022-01-14 07:05:27.006038,0.0,0.0,0.0
2022-01-14 07:05:27.502051,0.0,0.0,0.0
2022-01-14 07:05:28.011079,0.0,0.0,0.0
2022-01-14 07:05:28.506094,0.0,0.0,0.0
2022-01-14 07:05:29.005622,0.0,0.0,0.0
2022-01-14 07:05:29.510896,0.0,0.0,0.0
2022-01-14 07:05:30.009242,0.0,0.0,0.0
2022-01-14 07:05:30.504526,0.0,0.0,0.0
2022-01-14 07:05:31.002243,0.0,0.0,0.0
2022-01-14 07:05:31.509576,0.0,0.0,0.0
2022-01-14 07:05:32.007351,0.0,0.0,0.0
2022-01-14 07:05:32.501050,0.0,0.0,0.0
2022-01-14 07:05:33.008706,0.0,0.0,0.0
2022-01-14 07:05:33.503052,0.0,0.0,0.0
2022-01-14 07:05:34.001976,0.0,0.0,0.0
2022-01-14 07:05:34.508197,0.0,0.0,0.0
2022-01-14 07:05:35.006811,0.0,0.0,0.0
2022-01-14 07:05:35.502154,0.0,0.0,0.0
2022-01-14 07:05:36.001280,0.0,0.0,0.0
2022-01-14 07:05:36.506457,0.0,0.0,0.0
2022-01-14 07:05:37.005050,0.0,0.0,0.0
2022-01-14 07:05:37.509793,0.0,0.0,0.0
2022-01-14 07:05:38.007227,0.0,0.0,0.0
2022-01-14 07:05:38.502817,0.0,0.0,0.0
2022-01-14 07:05:39.002975,0.0,0.0,0.0
2022-01-14 07:05:39.508006,0.0,0.0,0.0
2022-01-14 07:05:40.005100,0.0,0.0,0.0
2022-01-14 07:05:40.503521,0.0,0.0,0.0
2022-01-14 07:05:41.001260,0.0,0.0,0.0
2022-01-14 07:05:41.505499,0.0,0.0,0.0
2022-01-14 07:05:42.002244,0.0,0.0,0.0
2022-01-14 07:05:42.509127,0.0,0.0,0.0
2022-01-14 07:05:43.007674,0.0,0.0,0.0
2022-01-14 07:05:43.502074,0.0,0.0,0.0
2022-01-14 07:05:44.001225,0.0,0.0,0.0
2022-01-14 07:05:44.506186,0.0,0.0,0.0
2022-01-14 07:05:45.003439,0.0,0.0,0.0
2022-01-14 07:05:45.509939,0.0,0.0,0.0
2022-01-14 07:05:46.009043,0.0,0.0,0.0
2022-01-14 07:05:46.503219,0.0,0.0,0.0
2022-01-14 07:05:47.001095,0.0,0.0,0.0
2022-01-14 07:05:47.505403,0.0,0.0,0.0
2022-01-14 07:05:48.003584,0.0,0.0,0.0
2022-01-14 07:05:48.509305,0.0,0.0,0.0
2022-01-14 07:05:49.004066,0.0,0.0,0.0
2022-01-14 07:05:49.508157,0.0,0.0,0.0
2022-01-14 07:05:50.007854,0.0,0.0,0.0
2022-01-14 07:05:50.503110,0.0,0.0,0.0
2022-01-14 07:05:51.001156,0.0,0.0,0.0
2022-01-14 07:05:51.505536,0.0,0.0,0.0
2022-01-14 07:05:52.003327,0.0,0.0,0.0
2022-01-14 07:05:52.508475,0.0,0.0,0.0
2022-01-14 07:05:53.006993,0.0,0.0,0.0
2022-01-14 07:05:53.502941,0.0,0.0,0.0
2022-01-14 07:05:54.001543,0.0,0.0,0.0
2022-01-14 07:05:54.508598,0.0,0.0,0.0
2022-01-14 07:05:55.007117,0.0,0.0,0.0
2022-01-14 07:05:55.504547,0.0,0.0,0.0
2022-01-14 07:05:56.002953,0.0,0.0,0.0
2022-01-14 07:05:56.507769,0.0,0.0,0.0
2022-01-14 07:05:57.006255,0.0,0.0,0.0
2022-01-14 07:05:57.501542,0.0,0.0,0.0
2022-01-14 07:05:58.008988,0.0,0.0,0.0
2022-01-14 07:05:58.504570,0.0,0.0,0.0
2022-01-14 07:05:59.003707,0.0,0.0,0.0
2022-01-14 07:05:59.508327,0.0,0.0,0.0
2022-01-14 07:06:00.005832,0.0,0.0,0.0
2022-01-14 07:06:00.508973,0.0,0.0,0.0
2022-01-14 07:06:01.005783,0.0,0.0,0.0
2022-01-14 07:06:01.510013,0.0,0.0,0.0
2022-01-14 07:06:02.007306,0.0,0.0,0.0
2022-01-14 07:06:02.502064,0.0,0.0,0.0
2022-01-14 07:06:03.001122,0.0,0.0,0.0
2022-01-14 07:06:03.506551,0.0,0.0,0.0
2022-01-14 07:06:04.006279,0.0,0.0,0.0
2022-01-14 07:06:04.510577,0.0,0.0,0.0
2022-01-14 07:06:05.010448,0.0,0.0,0.0
2022-01-14 07:06:05.505647,0.0,0.0,0.0
2022-01-14 07:06:06.003143,0.0,0.0,0.0
2022-01-14 07:06:06.509252,0.0,0.0,0.0
2022-01-14 07:06:07.007023,0.0,0.0,0.0
2022-01-14 07:06:07.505570,0.0,0.0,0.0
2022-01-14 07:06:08.002258,0.0,0.0,0.0
2022-01-14 07:06:08.510231,0.0,0.0,0.0
2022-01-14 07:06:09.008274,0.0,0.0,0.0
2022-01-14 07:06:09.502450,0.0,0.0,0.0
2022-01-14 07:06:10.009871,0.0,0.0,0.0
2022-01-14 07:06:10.504035,0.0,0.0,0.0
2022-01-14 07:06:11.002277,0.0,0.0,0.0
2022-01-14 07:06:11.508318,0.0,0.0,0.0
2022-01-14 07:06:12.006258,0.0,0.0,0.0
2022-01-14 07:06:12.502372,0.0,0.0,0.0
2022-01-14 07:06:13.002280,0.0,0.0,0.0
2022-01-14 07:06:13.508312,0.0,0.0,0.0
2022-01-14 07:06:14.006292,0.0,0.0,0.0
2022-01-14 07:06:14.510818,0.0,0.0,0.0
2022-01-14 07:06:15.009371,0.0,0.0,0.0
2022-01-14 07:06:15.503731,0.0,0.0,0.0
2022-01-14 07:06:16.002503,0.0,0.0,0.0
2022-01-14 07:06:16.508263,0.0,0.0,0.0
2022-01-14 07:06:17.007094,0.0,0.0,0.0
2022-01-14 07:06:17.502170,0.0,0.0,0.0
2022-01-14 07:06:18.010169,0.0,0.0,0.0
2022-01-14 07:06:18.505579,0.0,0.0,0.0
2022-01-14 07:06:19.003794,0.0,0.0,0.0
2022-01-14 07:06:19.509707,0.0,0.0,0.0
2022-01-14 07:06:20.006006,0.0,0.0,0.0
2022-01-14 07:06:20.502070,0.0,0.0,0.0
2022-01-14 07:06:21.009162,0.0,0.0,0.0
2022-01-14 07:06:21.504755,0.0,0.0,0.0
2022-01-14 07:06:22.001639,0.0,0.0,0.0
2022-01-14 07:06:22.508898,0.0,0.0,0.0
2022-01-14 07:06:23.007008,0.0,0.0,0.0
2022-01-14 07:06:23.502771,0.0,0.0,0.0
2022-01-14 07:06:24.001177,0.0,0.0,0.0
2022-01-14 07:06:24.507516,0.0,0.0,0.0
2022-01-14 07:06:25.005871,0.0,0.0,0.0
2022-01-14 07:06:25.510945,0.0,0.0,0.0
2022-01-14 07:06:26.009463,0.0,0.0,0.0
2022-01-14 07:06:26.503581,0.0,0.0,0.0
2022-01-14 07:06:27.003097,0.0,0.0,0.0
2022-01-14 07:06:27.508676,0.0,0.0,0.0
2022-01-14 07:06:28.006494,0.0,0.0,0.0
2022-01-14 07:06:28.502164,0.0,0.0,0.0
2022-01-14 07:06:29.001797,0.0,0.0,0.0
2022-01-14 07:06:29.511008,0.0,0.0,0.0
2022-01-14 07:06:30.010050,0.0,0.0,0.0
2022-01-14 07:06:30.505770,0.0,0.0,0.0
2022-01-14 07:06:31.004001,0.0,0.0,0.0
2022-01-14 07:06:31.509689,0.0,0.0,0.0
2022-01-14 07:06:32.007727,0.0,0.0,0.0
2022-01-14 07:06:32.502790,0.0,0.0,0.0
2022-01-14 07:06:33.001382,0.0,0.0,0.0
2022-01-14 07:06:33.509069,0.0,0.0,0.0
2022-01-14 07:06:34.007245,0.0,0.0,0.0
2022-01-14 07:06:34.504475,0.0,0.0,0.0
2022-01-14 07:06:35.003271,0.0,0.0,0.0
2022-01-14 07:06:35.508841,0.0,0.0,0.0
2022-01-14 07:06:36.007413,0.0,0.0,0.0
2022-01-14 07:06:36.502375,0.0,0.0,0.0
2022-01-14 07:06:37.001344,0.0,0.0,0.0
2022-01-14 07:06:37.508942,0.0,0.0,0.0
2022-01-14 07:06:38.008649,0.0,0.0,0.0
2022-01-14 07:06:38.504507,0.0,0.0,0.0
2022-01-14 07:06:39.003485,0.0,0.0,0.0
2022-01-14 07:06:39.508576,0.0,0.0,0.0
2022-01-14 07:06:40.005294,0.0,0.0,0.0
2022-01-14 07:06:40.511158,0.0,0.0,0.0
2022-01-14 07:06:41.009721,0.0,0.0,0.0
2022-01-14 07:06:41.504930,0.0,0.0,0.0
2022-01-14 07:06:42.003110,0.0,0.0,0.0
2022-01-14 07:06:42.510516,0.0,0.0,0.0
2022-01-14 07:06:43.011029,0.0,0.0,0.0
2022-01-14 07:06:43.506717,0.0,0.0,0.0
2022-01-14 07:06:44.004957,0.0,0.0,0.0
2022-01-14 07:06:44.510059,0.0,0.0,0.0
2022-01-14 07:06:45.008779,0.0,0.0,0.0
2022-01-14 07:06:45.505277,0.0,0.0,0.0
2022-01-14 07:06:46.004496,0.0,0.0,0.0
2022-01-14 07:06:46.501451,0.0,0.0,0.0
2022-01-14 07:06:47.009671,0.0,0.0,0.0
2022-01-14 07:06:47.506206,0.0,0.0,0.0
2022-01-14 07:06:48.004945,0.0,0.0,0.0
2022-01-14 07:06:48.509748,0.0,0.0,0.0
2022-01-14 07:06:49.008593,0.0,0.0,0.0
2022-01-14 07:06:49.504322,0.0,0.0,0.0
2022-01-14 07:06:50.002148,0.0,0.0,0.0
2022-01-14 07:06:50.507868,0.0,0.0,0.0
2022-01-14 07:06:51.006293,0.0,0.0,0.0
2022-01-14 07:06:51.502964,0.0,0.0,0.0
2022-01-14 07:06:52.002704,0.0,0.0,0.0
2022-01-14 07:06:52.507751,0.0,0.0,0.0
2022-01-14 07:06:53.006572,0.0,0.0,0.0
2022-01-14 07:06:53.502881,0.0,0.0,0.0
2022-01-14 07:06:54.002015,0.0,0.0,0.0
2022-01-14 07:06:54.509117,0.0,0.0,0.0
2022-01-14 07:06:55.006693,0.0,0.0,0.0
2022-01-14 07:06:55.502147,0.0,0.0,0.0
2022-01-14 07:06:56.002636,0.0,0.0,0.0
2022-01-14 07:06:56.506994,0.0,0.0,0.0
2022-01-14 07:06:57.005792,0.0,0.0,0.0
2022-01-14 07:06:57.509663,0.0,0.0,0.0
2022-01-14 07:06:58.006919,0.0,0.0,0.0
2022-01-14 07:06:58.501998,0.0,0.0,0.0
2022-01-14 07:06:59.505533,0.0,0.0,0.0
2022-01-14 07:07:00.002558,0.0,0.0,0.0
2022-01-14 07:07:00.507728,0.0,0.0,0.0
2022-01-14 07:07:01.006246,0.0,0.0,0.0
2022-01-14 07:07:01.511192,0.0,0.0,0.0
2022-01-14 07:07:02.008816,0.0,0.0,0.0
2022-01-14 07:07:02.503817,0.0,0.0,0.0
2022-01-14 07:07:03.002764,0.0,0.0,0.0
2022-01-14 07:07:03.507830,0.0,0.0,0.0
2022-01-14 07:07:04.009086,0.0,0.0,0.0
2022-01-14 07:07:04.502845,0.0,0.0,0.0
2022-01-14 07:07:05.002632,0.0,0.0,0.0
2022-01-14 07:07:05.507722,0.0,0.0,0.0
2022-01-14 07:07:06.005672,0.0,0.0,0.0
2022-01-14 07:07:06.509876,0.0,0.0,0.0
2022-01-14 07:07:07.007695,0.0,0.0,0.0
2022-01-14 07:07:07.502011,0.0,0.0,0.0
2022-01-14 07:07:08.009647,0.0,0.0,0.0
2022-01-14 07:07:08.504278,0.0,0.0,0.0
2022-01-14 07:07:09.002584,0.0,0.0,0.0
2022-01-14 07:07:09.510082,0.0,0.0,0.0
2022-01-14 07:07:10.008324,0.0,0.0,0.0
2022-01-14 07:07:10.505538,0.0,0.0,0.0
2022-01-14 07:07:11.002627,0.0,0.0,0.0
2022-01-14 07:07:11.510080,0.0,0.0,0.0
2022-01-14 07:07:12.009125,0.0,0.0,0.0
2022-01-14 07:07:12.504482,0.0,0.0,0.0
2022-01-14 07:07:13.001466,0.0,0.0,0.0
2022-01-14 07:07:13.505199,0.0,0.0,0.0
2022-01-14 07:07:14.003905,0.0,0.0,0.0
2022-01-14 07:07:14.508485,0.0,0.0,0.0
2022-01-14 07:07:15.006767,0.0,0.0,0.0
2022-01-14 07:07:15.510478,0.0,0.0,0.0
2022-01-14 07:07:16.010505,0.0,0.0,0.0
2022-01-14 07:07:16.505812,0.0,0.0,0.0
2022-01-14 07:07:17.004702,0.0,0.0,0.0
2022-01-14 07:07:17.509670,0.0,0.0,0.0
2022-01-14 07:07:18.007752,0.0,0.0,0.0
2022-01-14 07:07:18.504131,0.0,0.0,0.0
2022-01-14 07:07:19.001887,0.0,0.0,0.0
2022-01-14 07:07:19.508007,0.0,0.0,0.0
2022-01-14 07:07:20.005309,0.0,0.0,0.0
2022-01-14 07:07:20.510034,0.0,0.0,0.0
2022-01-14 07:07:21.007219,0.0,0.0,0.0
2022-01-14 07:07:21.502378,0.0,0.0,0.0
2022-01-14 07:07:22.001285,0.0,0.0,0.0
2022-01-14 07:07:22.508790,0.0,0.0,0.0
2022-01-14 07:07:23.007691,0.0,0.0,0.0
2022-01-14 07:07:23.502362,0.0,0.0,0.0
2022-01-14 07:07:24.007856,0.0,0.0,0.0
2022-01-14 07:07:24.501470,0.0,0.0,0.0
2022-01-14 07:07:25.004010,0.0,0.0,0.0
2022-01-14 07:07:25.507060,0.0,0.0,0.0
2022-01-14 07:07:26.003862,0.0,0.0,0.0
2022-01-14 07:07:26.502316,0.0,0.0,0.0
2022-01-14 07:07:27.006728,0.0,0.0,0.0
2022-01-14 07:07:28.004943,0.0,0.0,0.0
2022-01-14 07:07:28.510196,0.0,0.0,0.0
2022-01-14 07:07:29.009914,0.0,0.0,0.0
2022-01-14 07:07:29.503548,0.0,0.0,0.0
2022-01-14 07:07:30.006442,0.0,0.0,0.0
2022-01-14 07:07:30.511078,0.0,0.0,0.0
2022-01-14 07:07:31.009185,0.0,0.0,0.0
2022-01-14 07:07:31.505538,0.0,0.0,0.0
2022-01-14 07:07:32.004682,0.0,0.0,0.0
2022-01-14 07:07:32.510074,0.0,0.0,0.0
2022-01-14 07:07:33.009181,0.0,0.0,0.0
2022-01-14 07:07:33.505186,0.0,0.0,0.0
2022-01-14 07:07:34.003359,0.0,0.0,0.0
2022-01-14 07:07:34.508585,0.0,0.0,0.0
2022-01-14 07:07:35.006170,0.0,0.0,0.0
2022-01-14 07:07:35.511081,0.0,0.0,0.0
2022-01-14 07:07:36.010207,0.0,0.0,0.0
2022-01-14 07:07:36.505285,0.0,0.0,0.0
2022-01-14 07:07:37.003340,0.0,0.0,0.0
2022-01-14 07:07:37.509161,0.0,0.0,0.0
2022-01-14 07:07:38.006772,0.0,0.0,0.0
2022-01-14 07:07:38.502422,0.0,0.0,0.0
2022-01-14 07:07:39.000996,0.0,0.0,0.0
2022-01-14 07:07:39.505886,0.0,0.0,0.0
2022-01-14 07:07:40.005733,0.0,0.0,0.0
2022-01-14 07:07:40.510441,0.0,0.0,0.0
2022-01-14 07:07:41.008807,0.0,0.0,0.0
2022-01-14 07:07:41.503135,0.0,0.0,0.0
2022-01-14 07:07:42.002758,0.0,0.0,0.0
2022-01-14 07:07:42.507372,0.0,0.0,0.0
2022-01-14 07:07:43.005918,0.0,0.0,0.0
2022-01-14 07:07:43.503342,0.0,0.0,0.0
2022-01-14 07:07:44.001021,0.0,0.0,0.0
2022-01-14 07:07:44.506272,0.0,0.0,0.0
2022-01-14 07:07:45.006810,0.0,0.0,0.0
2022-01-14 07:07:45.501440,0.0,0.0,0.0
2022-01-14 07:07:46.009269,0.0,0.0,0.0
2022-01-14 07:07:46.503813,0.0,0.0,0.0
2022-01-14 07:07:47.002634,0.0,0.0,0.0
2022-01-14 07:07:47.506649,0.0,0.0,0.0
2022-01-14 07:07:48.005117,0.0,0.0,0.0
2022-01-14 07:07:48.510843,0.0,0.0,0.0
2022-01-14 07:07:49.008752,0.0,0.0,0.0
2022-01-14 07:07:49.504086,0.0,0.0,0.0
2022-01-14 07:07:50.001191,0.0,0.0,0.0
2022-01-14 07:07:50.506211,0.0,0.0,0.0
2022-01-14 07:07:51.004786,0.0,0.0,0.0
2022-01-14 07:07:51.509602,0.0,0.0,0.0
2022-01-14 07:07:52.009864,0.0,0.0,0.0
2022-01-14 07:07:52.504572,0.0,0.0,0.0
2022-01-14 07:07:53.005694,0.0,0.0,0.0
2022-01-14 07:07:53.501211,0.0,0.0,0.0
2022-01-14 07:07:54.009642,0.0,0.0,0.0
2022-01-14 07:07:54.506227,0.0,0.0,0.0
2022-01-14 07:07:55.004884,0.0,0.0,0.0
2022-01-14 07:07:55.509556,0.0,0.0,0.0
2022-01-14 07:07:56.006847,0.0,0.0,0.0
2022-01-14 07:07:56.502704,0.0,0.0,0.0
2022-01-14 07:07:57.010050,0.0,0.0,0.0
2022-01-14 07:07:57.505493,0.0,0.0,0.0
2022-01-14 07:07:58.002987,0.0,0.0,0.0
2022-01-14 07:07:58.509893,0.0,0.0,0.0
2022-01-14 07:07:59.009197,0.0,0.0,0.0
2022-01-14 07:07:59.502944,0.0,0.0,0.0
2022-01-14 07:08:00.002224,0.0,0.0,0.0
2022-01-14 07:08:00.503060,0.0,0.0,0.0
2022-01-14 07:08:01.011185,0.0,0.0,0.0
2022-01-14 07:08:01.506047,0.0,0.0,0.0
2022-01-14 07:08:02.003528,0.0,0.0,0.0
2022-01-14 07:08:02.510561,0.0,0.0,0.0
2022-01-14 07:08:03.009042,0.0,0.0,0.0
2022-01-14 07:08:03.504711,0.0,0.0,0.0
2022-01-14 07:08:04.003294,0.0,0.0,0.0
2022-01-14 07:08:04.510208,0.0,0.0,0.0
2022-01-14 07:08:05.008535,0.0,0.0,0.0
2022-01-14 07:08:05.502600,0.0,0.0,0.0
2022-01-14 07:08:06.007172,0.0,0.0,0.0
2022-01-14 07:08:06.501681,0.0,0.0,0.0
2022-01-14 07:08:07.001410,0.0,0.0,0.0
2022-01-14 07:08:07.507282,0.0,0.0,0.0
2022-01-14 07:08:08.005768,0.0,0.0,0.0
2022-01-14 07:08:08.510312,0.0,0.0,0.0
2022-01-14 07:08:09.008589,0.0,0.0,0.0
2022-01-14 07:08:09.504513,0.0,0.0,0.0
2022-01-14 07:08:10.002695,0.0,0.0,0.0
2022-01-14 07:08:10.506977,0.0,0.0,0.0
2022-01-14 07:08:11.005235,0.0,0.0,0.0
2022-01-14 07:08:11.510927,0.0,0.0,0.0
2022-01-14 07:08:12.003530,0.0,0.0,0.0
2022-01-14 07:08:12.509574,0.0,0.0,0.0
2022-01-14 07:08:13.010037,0.0,0.0,0.0
2022-01-14 07:08:13.505743,0.0,0.0,0.0
2022-01-14 07:08:14.004932,0.0,0.0,0.0
2022-01-14 07:08:14.510000,0.0,0.0,0.0
2022-01-14 07:08:15.009140,0.0,0.0,0.0
2022-01-14 07:08:15.503857,0.0,0.0,0.0
2022-01-14 07:08:16.011061,0.0,0.0,0.0
2022-01-14 07:08:16.508190,0.0,0.0,0.0
2022-01-14 07:08:17.005587,0.0,0.0,0.0
2022-01-14 07:08:17.502300,0.0,0.0,0.0
2022-01-14 07:08:18.001804,0.0,0.0,0.0
2022-01-14 07:08:18.507179,0.0,0.0,0.0
2022-01-14 07:08:19.005124,0.0,0.0,0.0
2022-01-14 07:08:19.510265,0.0,0.0,0.0
2022-01-14 07:08:20.008150,0.0,0.0,0.0
2022-01-14 07:08:20.502851,0.0,0.0,0.0
2022-01-14 07:08:21.011009,0.0,0.0,0.0
2022-01-14 07:08:21.505868,0.0,0.0,0.0
2022-01-14 07:08:22.003753,0.0,0.0,0.0
2022-01-14 07:08:22.509650,0.0,0.0,0.0
2022-01-14 07:08:23.006783,0.0,0.0,0.0
2022-01-14 07:08:23.501131,0.0,0.0,0.0
2022-01-14 07:08:24.008351,0.0,0.0,0.0
2022-01-14 07:08:24.503916,0.0,0.0,0.0
2022-01-14 07:08:25.002433,0.0,0.0,0.0
2022-01-14 07:08:25.508437,0.0,0.0,0.0
2022-01-14 07:08:26.006902,0.0,0.0,0.0
2022-01-14 07:08:26.502816,0.0,0.0,0.0
2022-01-14 07:08:27.504993,0.0,0.0,0.0
2022-01-14 07:08:28.002692,0.0,0.0,0.0
2022-01-14 07:08:28.507978,0.0,0.0,0.0
2022-01-14 07:08:29.006567,0.0,0.0,0.0
2022-01-14 07:08:29.501962,0.0,0.0,0.0
2022-01-14 07:08:30.001409,0.0,0.0,0.0
2022-01-14 07:08:30.507989,0.0,0.0,0.0
2022-01-14 07:08:31.007291,0.0,0.0,0.0
2022-01-14 07:08:31.504999,0.0,0.0,0.0
2022-01-14 07:08:32.002266,0.0,0.0,0.0
2022-01-14 07:08:32.507012,0.0,0.0,0.0
2022-01-14 07:08:33.005097,0.0,0.0,0.0
2022-01-14 07:08:33.501197,0.0,0.0,0.0
2022-01-14 07:08:34.009429,0.0,0.0,0.0
2022-01-14 07:08:34.505572,0.0,0.0,0.0
2022-01-14 07:08:35.004256,0.0,0.0,0.0
2022-01-14 07:08:35.509524,0.0,0.0,0.0
2022-01-14 07:08:36.008192,0.0,0.0,0.0
2022-01-14 07:08:36.502608,0.0,0.0,0.0
2022-01-14 07:08:37.002155,0.0,0.0,0.0
2022-01-14 07:08:37.507399,0.0,0.0,0.0
2022-01-14 07:08:38.005024,0.0,0.0,0.0
2022-01-14 07:08:38.510273,0.0,0.0,0.0
2022-01-14 07:08:39.006882,0.0,0.0,0.0
2022-01-14 07:08:39.502818,0.0,0.0,0.0
2022-01-14 07:08:40.001867,0.0,0.0,0.0
2022-01-14 07:08:40.507171,0.0,0.0,0.0
2022-01-14 07:08:41.006861,0.0,0.0,0.0
2022-01-14 07:08:41.501951,0.0,0.0,0.0
2022-01-14 07:08:42.002090,0.0,0.0,0.0
2022-01-14 07:08:42.508915,0.0,0.0,0.0
2022-01-14 07:08:43.005342,0.0,0.0,0.0
2022-01-14 07:08:43.510652,0.0,0.0,0.0
2022-01-14 07:08:44.009754,0.0,0.0,0.0
2022-01-14 07:08:44.508287,0.0,0.0,0.0
2022-01-14 07:08:45.005759,0.0,0.0,0.0
2022-01-14 07:08:45.501067,0.0,0.0,0.0
2022-01-14 07:08:46.009461,0.0,0.0,0.0
2022-01-14 07:08:46.504939,0.0,0.0,0.0
2022-01-14 07:08:47.002152,0.0,0.0,0.0
2022-01-14 07:08:47.506954,0.0,0.0,0.0
2022-01-14 07:08:48.005490,0.0,0.0,0.0
2022-01-14 07:08:48.510269,0.0,0.0,0.0
2022-01-14 07:08:49.008752,0.0,0.0,0.0
2022-01-14 07:08:49.505645,0.0,0.0,0.0
2022-01-14 07:08:50.002960,0.0,0.0,0.0
2022-01-14 07:08:50.508161,0.0,0.0,0.0
2022-01-14 07:08:51.008076,0.0,0.0,0.0
2022-01-14 07:08:51.503690,0.0,0.0,0.0
2022-01-14 07:08:52.001927,0.0,0.0,0.0
2022-01-14 07:08:52.506390,0.0,0.0,0.0
2022-01-14 07:08:53.006211,0.0,0.0,0.0
2022-01-14 07:08:53.503494,0.0,0.0,0.0
2022-01-14 07:08:54.009914,0.0,0.0,0.0
2022-01-14 07:08:54.504416,0.0,0.0,0.0
2022-01-14 07:08:55.003286,0.0,0.0,0.0
2022-01-14 07:08:55.507413,0.0,0.0,0.0
2022-01-14 07:08:56.004403,0.0,0.0,0.0
2022-01-14 07:08:56.510017,0.0,0.0,0.0
2022-01-14 07:08:57.007932,0.0,0.0,0.0
2022-01-14 07:08:57.502346,0.0,0.0,0.0
2022-01-14 07:08:58.002706,0.0,0.0,0.0
2022-01-14 07:08:58.510691,0.0,0.0,0.0
2022-01-14 07:08:59.010351,0.0,0.0,0.0
2022-01-14 07:08:59.505342,0.0,0.0,0.0
2022-01-14 07:09:00.003599,0.0,0.0,0.0
2022-01-14 07:09:00.506231,0.0,0.0,0.0
2022-01-14 07:09:01.004885,0.0,0.0,0.0
2022-01-14 07:09:01.510827,0.0,0.0,0.0
2022-01-14 07:09:02.010555,0.0,0.0,0.0
2022-01-14 07:09:02.504992,0.0,0.0,0.0
2022-01-14 07:09:03.002416,0.0,0.0,0.0
2022-01-14 07:09:03.509085,0.0,0.0,0.0
2022-01-14 07:09:04.007792,0.0,0.0,0.0
2022-01-14 07:09:04.502360,0.0,0.0,0.0
2022-01-14 07:09:05.010958,0.0,0.0,0.0
2022-01-14 07:09:05.505058,0.0,0.0,0.0
2022-01-14 07:09:06.001974,0.0,0.0,0.0
2022-01-14 07:09:06.509091,0.0,0.0,0.0
2022-01-14 07:09:07.006523,0.0,0.0,0.0
2022-01-14 07:09:07.501724,0.0,0.0,0.0
2022-01-14 07:09:08.010530,0.0,0.0,0.0
2022-01-14 07:09:08.506074,0.0,0.0,0.0
2022-01-14 07:09:09.004738,0.0,0.0,0.0
2022-01-14 07:09:09.510216,0.0,0.0,0.0
2022-01-14 07:09:10.008289,0.0,0.0,0.0
2022-01-14 07:09:10.506419,0.0,0.0,0.0
2022-01-14 07:09:11.005183,0.0,0.0,0.0
2022-01-14 07:09:11.510136,0.0,0.0,0.0
2022-01-14 07:09:12.009408,0.0,0.0,0.0
2022-01-14 07:09:12.503662,0.0,0.0,0.0
2022-01-14 07:09:13.001302,0.0,0.0,0.0
2022-01-14 07:09:13.506159,0.0,0.0,0.0
2022-01-14 07:09:14.002297,0.0,0.0,0.0
2022-01-14 07:09:14.507590,0.0,0.0,0.0
2022-01-14 07:09:15.005310,0.0,0.0,0.0
2022-01-14 07:09:15.501262,0.0,0.0,0.0
2022-01-14 07:09:16.010557,0.0,0.0,0.0
2022-01-14 07:09:16.505947,0.0,0.0,0.0
2022-01-14 07:09:17.004657,0.0,0.0,0.0
2022-01-14 07:09:17.508491,0.0,0.0,0.0
2022-01-14 07:09:18.007936,0.0,0.0,0.0
2022-01-14 07:09:18.505158,0.0,0.0,0.0
2022-01-14 07:09:19.002759,0.0,0.0,0.0
2022-01-14 07:09:19.509742,0.0,0.0,0.0
2022-01-14 07:09:20.008533,0.0,0.0,0.0
2022-01-14 07:09:20.504131,0.0,0.0,0.0
2022-01-14 07:09:21.002198,0.0,0.0,0.0
2022-01-14 07:09:21.507381,0.0,0.0,0.0
2022-01-14 07:09:22.005731,0.0,0.0,0.0
2022-01-14 07:09:22.501364,0.0,0.0,0.0
2022-01-14 07:09:23.009746,0.0,0.0,0.0
2022-01-14 07:09:23.503460,0.0,0.0,0.0
2022-01-14 07:09:24.002602,0.0,0.0,0.0
2022-01-14 07:09:24.508588,0.0,0.0,0.0
2022-01-14 07:09:25.007350,0.0,0.0,0.0
2022-01-14 07:09:25.501415,0.0,0.0,0.0
2022-01-14 07:09:26.010056,0.0,0.0,0.0
2022-01-14 07:09:26.505569,0.0,0.0,0.0
2022-01-14 07:09:27.003420,0.0,0.0,0.0
2022-01-14 07:09:27.508803,0.0,0.0,0.0
2022-01-14 07:09:28.006065,0.0,0.0,0.0
2022-01-14 07:09:28.503087,0.0,0.0,0.0
2022-01-14 07:09:29.001235,0.0,0.0,0.0
2022-01-14 07:09:29.507323,0.0,0.0,0.0
2022-01-14 07:09:30.005626,0.0,0.0,0.0
2022-01-14 07:09:30.510519,0.0,0.0,0.0
2022-01-14 07:09:31.009558,0.0,0.0,0.0
2022-01-14 07:09:31.504905,0.0,0.0,0.0
2022-01-14 07:09:32.001972,0.0,0.0,0.0
2022-01-14 07:09:32.507944,0.0,0.0,0.0
2022-01-14 07:09:33.006970,0.0,0.0,0.0
2022-01-14 07:09:33.511015,0.0,0.0,0.0
2022-01-14 07:09:34.008328,0.0,0.0,0.0
2022-01-14 07:09:34.504035,0.0,0.0,0.0
2022-01-14 07:09:35.002086,0.0,0.0,0.0
2022-01-14 07:09:35.507824,0.0,0.0,0.0
2022-01-14 07:09:36.005565,0.0,0.0,0.0
2022-01-14 07:09:36.506257,0.0,0.0,0.0
2022-01-14 07:09:37.005549,0.0,0.0,0.0
2022-01-14 07:09:37.503686,0.0,0.0,0.0
2022-01-14 07:09:38.002016,0.0,0.0,0.0
2022-01-14 07:09:38.506716,0.0,0.0,0.0
2022-01-14 07:09:39.006007,0.0,0.0,0.0
2022-01-14 07:09:40.007692,0.0,0.0,0.0
2022-01-14 07:09:40.510152,0.0,0.0,0.0
2022-01-14 07:09:41.003964,0.0,0.0,0.0
2022-01-14 07:09:41.506645,0.0,0.0,0.0
2022-01-14 07:09:42.005455,0.0,0.0,0.0
2022-01-14 07:09:42.509262,0.0,0.0,0.0
2022-01-14 07:09:43.006561,0.0,0.0,0.0
2022-01-14 07:09:43.510184,0.0,0.0,0.0
2022-01-14 07:09:44.002784,0.0,0.0,0.0
2022-01-14 07:09:44.502814,0.0,0.0,0.0
2022-01-14 07:09:45.007760,0.0,0.0,0.0
2022-01-14 07:09:45.507015,0.0,0.0,0.0
2022-01-14 07:09:46.010164,0.0,0.0,0.0
2022-01-14 07:09:46.503657,0.0,0.0,0.0
2022-01-14 07:09:47.001590,0.0,0.0,0.0
2022-01-14 07:09:47.506228,0.0,0.0,0.0
2022-01-14 07:09:48.004743,0.0,0.0,0.0
2022-01-14 07:09:48.510815,0.0,0.0,0.0
2022-01-14 07:09:49.008079,0.0,0.0,0.0
2022-01-14 07:09:49.504009,0.0,0.0,0.0
2022-01-14 07:09:50.002753,0.0,0.0,0.0
2022-01-14 07:09:50.508113,0.0,0.0,0.0
2022-01-14 07:09:51.005830,0.0,0.0,0.0
2022-01-14 07:09:51.502216,0.0,0.0,0.0
2022-01-14 07:09:52.001730,0.0,0.0,0.0
2022-01-14 07:09:52.509404,0.0,0.0,0.0
2022-01-14 07:09:53.007221,0.0,0.0,0.0
2022-01-14 07:09:53.503005,0.0,0.0,0.0
2022-01-14 07:09:54.001836,0.0,0.0,0.0
2022-01-14 07:09:54.505680,0.0,0.0,0.0
2022-01-14 07:09:55.004693,0.0,0.0,0.0
2022-01-14 07:09:55.510454,0.0,0.0,0.0
2022-01-14 07:09:56.007939,0.0,0.0,0.0
2022-01-14 07:09:56.506258,0.0,0.0,0.0
2022-01-14 07:09:57.005100,0.0,0.0,0.0
2022-01-14 07:09:57.501115,0.0,0.0,0.0
2022-01-14 07:09:58.009246,0.0,0.0,0.0
2022-01-14 07:09:58.503994,0.0,0.0,0.0
2022-01-14 07:09:59.002081,0.0,0.0,0.0
2022-01-14 07:09:59.507914,0.0,0.0,0.0
2022-01-14 07:10:00.005623,0.0,0.0,0.0
2022-01-14 07:10:00.510743,0.0,0.0,0.0
2022-01-14 07:10:01.008811,0.0,0.0,0.0
2022-01-14 07:10:01.504909,0.0,0.0,0.0
2022-01-14 07:10:02.004278,0.0,0.0,0.0
2022-01-14 07:10:02.508455,0.0,0.0,0.0
2022-01-14 07:10:03.006634,0.0,0.0,0.0
2022-01-14 07:10:03.503682,0.0,0.0,0.0
2022-01-14 07:10:04.002738,0.0,0.0,0.0
2022-01-14 07:10:04.505943,0.0,0.0,0.0
2022-01-14 07:10:05.005627,0.0,0.0,0.0
2022-01-14 07:10:05.501627,0.0,0.0,0.0
2022-01-14 07:10:06.009672,0.0,0.0,0.0
2022-01-14 07:10:06.505590,0.0,0.0,0.0
2022-01-14 07:10:07.003437,0.0,0.0,0.0
2022-01-14 07:10:07.509480,0.0,0.0,0.0
2022-01-14 07:10:08.007198,0.0,0.0,0.0
2022-01-14 07:10:08.501100,0.0,0.0,0.0
2022-01-14 07:10:09.009032,0.0,0.0,0.0
2022-01-14 07:10:09.506894,0.0,0.0,0.0
2022-01-14 07:10:10.002739,0.0,0.0,0.0
2022-01-14 07:10:10.508407,0.0,0.0,0.0
2022-01-14 07:10:11.008939,0.0,0.0,0.0
2022-01-14 07:10:11.502360,0.0,0.0,0.0
2022-01-14 07:10:12.001162,0.0,0.0,0.0
2022-01-14 07:10:12.506476,0.0,0.0,0.0
2022-01-14 07:10:13.006085,0.0,0.0,0.0
2022-01-14 07:10:13.501528,0.0,0.0,0.0
2022-01-14 07:10:14.002007,0.0,0.0,0.0
2022-01-14 07:10:14.508082,0.0,0.0,0.0
2022-01-14 07:10:15.005856,0.0,0.0,0.0
2022-01-14 07:10:15.501471,0.0,0.0,0.0
2022-01-14 07:10:16.008412,0.0,0.0,0.0
2022-01-14 07:10:16.504648,0.0,0.0,0.0
2022-01-14 07:10:17.003064,0.0,0.0,0.0
2022-01-14 07:10:17.501187,0.0,0.0,0.0
2022-01-14 07:10:18.008882,0.0,0.0,0.0
2022-01-14 07:10:18.505851,0.0,0.0,0.0
2022-01-14 07:10:19.004496,0.0,0.0,0.0
2022-01-14 07:10:19.509736,0.0,0.0,0.0
2022-01-14 07:10:20.008902,0.0,0.0,0.0
2022-01-14 07:10:20.505384,0.0,0.0,0.0
2022-01-14 07:10:21.003015,0.0,0.0,0.0
2022-01-14 07:10:21.509468,0.0,0.0,0.0
2022-01-14 07:10:22.007065,0.0,0.0,0.0
2022-01-14 07:10:22.502231,0.0,0.0,0.0
2022-01-14 07:10:23.010821,0.0,0.0,0.0
2022-01-14 07:10:23.506805,0.0,0.0,0.0
2022-01-14 07:10:24.006375,0.0,0.0,0.0
2022-01-14 07:10:24.501274,0.0,0.0,0.0
2022-01-14 07:10:25.008287,0.0,0.0,0.0
2022-01-14 07:10:25.502455,0.0,0.0,0.0
2022-01-14 07:10:26.505728,0.0,0.0,0.0
2022-01-14 07:10:27.006329,0.0,0.0,0.0
2022-01-14 07:10:27.501537,0.0,0.0,0.0
2022-01-14 07:10:28.504851,0.0,0.0,0.0
2022-01-14 07:10:29.003469,0.0,0.0,0.0
2022-01-14 07:10:29.508176,0.0,0.0,0.0
2022-01-14 07:10:30.006563,0.0,0.0,0.0
2022-01-14 07:10:30.501464,0.0,0.0,0.0
2022-01-14 07:10:31.010351,0.0,0.0,0.0
2022-01-14 07:10:31.506284,0.0,0.0,0.0
2022-01-14 07:10:32.005099,0.0,0.0,0.0
2022-01-14 07:10:32.510109,0.0,0.0,0.0
2022-01-14 07:10:33.008197,0.0,0.0,0.0
2022-01-14 07:10:33.505729,0.0,0.0,0.0
2022-01-14 07:10:34.003442,0.0,0.0,0.0
2022-01-14 07:10:34.510291,0.0,0.0,0.0
2022-01-14 07:10:35.006925,0.0,0.0,0.0
2022-01-14 07:10:35.502813,0.0,0.0,0.0
2022-01-14 07:10:36.002091,0.0,0.0,0.0
2022-01-14 07:10:36.507115,0.0,0.0,0.0
2022-01-14 07:10:37.006085,0.0,0.0,0.0
2022-01-14 07:10:37.504688,0.0,0.0,0.0
2022-01-14 07:10:38.003106,0.0,0.0,0.0
2022-01-14 07:10:38.508667,0.0,0.0,0.0
2022-01-14 07:10:39.007902,0.0,0.0,0.0
2022-01-14 07:10:39.501559,0.0,0.0,0.0
2022-01-14 07:10:40.009992,0.0,0.0,0.0
2022-01-14 07:10:40.505013,0.0,0.0,0.0
2022-01-14 07:10:41.002111,0.0,0.0,0.0
2022-01-14 07:10:41.506351,0.0,0.0,0.0
2022-01-14 07:10:42.006161,0.0,0.0,0.0
2022-01-14 07:10:42.504019,0.0,0.0,0.0
2022-01-14 07:10:43.002256,0.0,0.0,0.0
2022-01-14 07:10:43.507395,0.0,0.0,0.0
2022-01-14 07:10:44.006179,0.0,0.0,0.0
2022-01-14 07:10:44.501181,0.0,0.0,0.0
2022-01-14 07:10:45.009232,0.0,0.0,0.0
2022-01-14 07:10:45.505122,0.0,0.0,0.0
2022-01-14 07:10:46.003166,0.0,0.0,0.0
2022-01-14 07:10:46.509195,0.0,0.0,0.0
2022-01-14 07:10:47.009616,0.0,0.0,0.0
2022-01-14 07:10:47.505235,0.0,0.0,0.0
2022-01-14 07:10:48.002895,0.0,0.0,0.0
2022-01-14 07:10:48.507766,0.0,0.0,0.0
2022-01-14 07:10:49.005340,0.0,0.0,0.0
2022-01-14 07:10:49.511230,0.0,0.0,0.0
2022-01-14 07:10:50.009162,0.0,0.0,0.0
2022-01-14 07:10:50.504514,0.0,0.0,0.0
2022-01-14 07:10:51.002821,0.0,0.0,0.0
2022-01-14 07:10:51.510233,0.0,0.0,0.0
2022-01-14 07:10:52.007866,0.0,0.0,0.0
2022-01-14 07:10:52.502289,0.0,0.0,0.0
2022-01-14 07:10:53.010410,0.0,0.0,0.0
2022-01-14 07:10:53.505656,0.0,0.0,0.0
2022-01-14 07:10:54.005537,0.0,0.0,0.0
2022-01-14 07:10:54.501985,0.0,0.0,0.0
2022-01-14 07:10:55.010575,0.0,0.0,0.0
2022-01-14 07:10:55.506545,0.0,0.0,0.0
2022-01-14 07:10:56.005433,0.0,0.0,0.0
2022-01-14 07:10:56.509431,0.0,0.0,0.0
2022-01-14 07:10:57.009081,0.0,0.0,0.0
2022-01-14 07:10:57.503974,0.0,0.0,0.0
2022-01-14 07:10:58.505536,0.0,0.0,0.0
2022-01-14 07:10:59.002620,0.0,0.0,0.0
2022-01-14 07:10:59.508925,0.0,0.0,0.0
2022-01-14 07:11:00.006053,0.0,0.0,0.0
2022-01-14 07:11:00.509974,0.0,0.0,0.0
2022-01-14 07:11:01.009173,0.0,0.0,0.0
2022-01-14 07:11:01.503160,0.0,0.0,0.0
2022-01-14 07:11:02.001142,0.0,0.0,0.0
2022-01-14 07:11:02.505760,0.0,0.0,0.0
2022-01-14 07:11:03.005475,0.0,0.0,0.0
2022-01-14 07:11:03.510068,0.0,0.0,0.0
2022-01-14 07:11:04.009130,0.0,0.0,0.0
2022-01-14 07:11:04.503972,0.0,0.0,0.0
2022-01-14 07:11:05.003998,0.0,0.0,0.0
2022-01-14 07:11:05.509454,0.0,0.0,0.0
2022-01-14 07:11:06.006762,0.0,0.0,0.0
2022-01-14 07:11:06.502906,0.0,0.0,0.0
2022-01-14 07:11:07.002428,0.0,0.0,0.0
2022-01-14 07:11:07.508894,0.0,0.0,0.0
2022-01-14 07:11:08.005974,0.0,0.0,0.0
2022-01-14 07:11:08.502562,0.0,0.0,0.0
2022-01-14 07:11:09.010863,0.0,0.0,0.0
2022-01-14 07:11:09.506014,0.0,0.0,0.0
2022-01-14 07:11:10.003205,0.0,0.0,0.0
2022-01-14 07:11:10.508319,0.0,0.0,0.0
2022-01-14 07:11:11.006586,0.0,0.0,0.0
2022-01-14 07:11:12.005521,0.0,0.0,0.0
2022-01-14 07:11:12.501497,0.0,0.0,0.0
2022-01-14 07:11:13.010613,0.0,0.0,0.0
2022-01-14 07:11:13.505587,0.0,0.0,0.0
2022-01-14 07:11:14.003995,0.0,0.0,0.0
2022-01-14 07:11:14.509271,0.0,0.0,0.0
2022-01-14 07:11:15.006840,0.0,0.0,0.0
2022-01-14 07:11:15.501177,0.0,0.0,0.0
2022-01-14 07:11:16.009026,0.0,0.0,0.0
2022-01-14 07:11:16.505147,0.0,0.0,0.0
2022-01-14 07:11:17.002980,0.0,0.0,0.0
2022-01-14 07:11:17.508471,0.0,0.0,0.0
2022-01-14 07:11:18.005158,0.0,0.0,0.0
2022-01-14 07:11:18.508098,0.0,0.0,0.0
2022-01-14 07:11:19.006234,0.0,0.0,0.0
2022-01-14 07:11:19.502034,0.0,0.0,0.0
2022-01-14 07:11:20.009861,0.0,0.0,0.0
2022-01-14 07:11:20.504219,0.0,0.0,0.0
2022-01-14 07:11:21.001842,0.0,0.0,0.0
2022-01-14 07:11:21.507909,0.0,0.0,0.0
2022-01-14 07:11:22.005090,0.0,0.0,0.0
2022-01-14 07:11:22.509967,0.0,0.0,0.0
2022-01-14 07:11:23.009172,0.0,0.0,0.0
2022-01-14 07:11:23.505128,0.0,0.0,0.0
2022-01-14 07:11:24.002079,0.0,0.0,0.0
2022-01-14 07:11:24.507224,0.0,0.0,0.0
2022-01-14 07:11:25.006812,0.0,0.0,0.0
2022-01-14 07:11:25.503046,0.0,0.0,0.0
2022-01-14 07:11:26.001748,0.0,0.0,0.0
2022-01-14 07:11:26.506150,0.0,0.0,0.0
2022-01-14 07:11:27.003168,0.0,0.0,0.0
2022-01-14 07:11:27.510428,0.0,0.0,0.0
2022-01-14 07:11:28.008926,0.0,0.0,0.0
2022-01-14 07:11:28.504292,0.0,0.0,0.0
2022-01-14 07:11:29.002117,0.0,0.0,0.0
2022-01-14 07:11:29.507047,0.0,0.0,0.0
2022-01-14 07:11:30.002539,0.0,0.0,0.0
2022-01-14 07:11:30.507906,0.0,0.0,0.0
2022-01-14 07:11:31.005716,0.0,0.0,0.0
2022-01-14 07:11:31.510833,0.0,0.0,0.0
2022-01-14 07:11:32.009539,0.0,0.0,0.0
2022-01-14 07:11:32.503119,0.0,0.0,0.0
2022-01-14 07:11:33.001329,0.0,0.0,0.0
2022-01-14 07:11:33.505787,0.0,0.0,0.0
2022-01-14 07:11:34.003979,0.0,0.0,0.0
2022-01-14 07:11:34.505370,0.0,0.0,0.0
2022-01-14 07:11:35.002208,0.0,0.0,0.0
2022-01-14 07:11:35.507914,0.0,0.0,0.0
2022-01-14 07:11:36.009152,0.0,0.0,0.0
2022-01-14 07:11:36.505436,0.0,0.0,0.0
2022-01-14 07:11:37.002531,0.0,0.0,0.0
2022-01-14 07:11:37.508277,0.0,0.0,0.0
2022-01-14 07:11:38.005175,0.0,0.0,0.0
2022-01-14 07:11:38.510096,0.0,0.0,0.0
2022-01-14 07:11:39.008248,0.0,0.0,0.0
2022-01-14 07:11:39.503460,0.0,0.0,0.0
2022-01-14 07:11:40.002138,0.0,0.0,0.0
2022-01-14 07:11:40.506866,0.0,0.0,0.0
2022-01-14 07:11:41.005692,0.0,0.0,0.0
2022-01-14 07:11:41.511131,0.0,0.0,0.0
2022-01-14 07:11:42.009266,0.0,0.0,0.0
2022-01-14 07:11:42.502417,0.0,0.0,0.0
2022-01-14 07:11:43.001561,0.0,0.0,0.0
2022-01-14 07:11:43.507392,0.0,0.0,0.0
2022-01-14 07:11:44.004003,0.0,0.0,0.0
2022-01-14 07:11:44.509721,0.0,0.0,0.0
2022-01-14 07:11:45.007582,0.0,0.0,0.0
2022-01-14 07:11:45.504288,0.0,0.0,0.0
2022-01-14 07:11:46.001148,0.0,0.0,0.0
2022-01-14 07:11:46.506327,0.0,0.0,0.0
2022-01-14 07:11:47.005647,0.0,0.0,0.0
2022-01-14 07:11:48.005059,0.0,0.0,0.0
2022-01-14 07:11:48.501659,0.0,0.0,0.0
2022-01-14 07:11:49.010463,0.0,0.0,0.0
2022-01-14 07:11:49.506317,0.0,0.0,0.0
2022-01-14 07:11:50.004570,0.0,0.0,0.0
2022-01-14 07:11:50.509528,0.0,0.0,0.0
2022-01-14 07:11:51.007082,0.0,0.0,0.0
2022-01-14 07:11:51.501690,0.0,0.0,0.0
2022-01-14 07:11:52.001302,0.0,0.0,0.0
2022-01-14 07:11:52.505904,0.0,0.0,0.0
2022-01-14 07:11:53.005552,0.0,0.0,0.0
2022-01-14 07:11:53.501021,0.0,0.0,0.0
2022-01-14 07:11:54.001331,0.0,0.0,0.0
2022-01-14 07:11:54.505798,0.0,0.0,0.0
2022-01-14 07:11:55.003817,0.0,0.0,0.0
2022-01-14 07:11:55.510310,0.0,0.0,0.0
2022-01-14 07:11:56.008265,0.0,0.0,0.0
2022-01-14 07:11:56.502603,0.0,0.0,0.0
2022-01-14 07:11:57.001502,0.0,0.0,0.0
2022-01-14 07:11:57.506936,0.0,0.0,0.0
2022-01-14 07:11:58.005100,0.0,0.0,0.0
2022-01-14 07:11:58.509063,0.0,0.0,0.0
2022-01-14 07:11:59.006730,0.0,0.0,0.0
2022-01-14 07:11:59.510286,0.0,0.0,0.0
2022-01-14 07:12:00.007444,0.0,0.0,0.0
2022-01-14 07:12:00.503198,0.0,0.0,0.0
2022-01-14 07:12:01.001754,0.0,0.0,0.0
2022-01-14 07:12:01.508005,0.0,0.0,0.0
2022-01-14 07:12:02.005585,0.0,0.0,0.0
2022-01-14 07:12:02.510491,0.0,0.0,0.0
2022-01-14 07:12:03.009240,0.0,0.0,0.0
2022-01-14 07:12:03.505255,0.0,0.0,0.0
2022-01-14 07:12:04.003169,0.0,0.0,0.0
2022-01-14 07:12:04.508682,0.0,0.0,0.0
2022-01-14 07:12:05.007424,0.0,0.0,0.0
2022-01-14 07:12:05.507290,0.0,0.0,0.0
2022-01-14 07:12:06.006264,0.0,0.0,0.0
2022-01-14 07:12:06.502944,0.0,0.0,0.0
2022-01-14 07:12:07.009977,0.0,0.0,0.0
2022-01-14 07:12:07.503796,0.0,0.0,0.0
2022-01-14 07:12:08.001370,0.0,0.0,0.0
2022-01-14 07:12:08.505551,0.0,0.0,0.0
2022-01-14 07:12:09.006186,0.0,0.0,0.0
2022-01-14 07:12:09.501694,0.0,0.0,0.0
2022-01-14 07:12:10.010442,0.0,0.0,0.0
2022-01-14 07:12:10.506705,0.0,0.0,0.0
2022-01-14 07:12:11.004961,0.0,0.0,0.0
2022-01-14 07:12:11.510359,0.0,0.0,0.0
2022-01-14 07:12:12.010327,0.0,0.0,0.0
2022-01-14 07:12:12.505207,0.0,0.0,0.0
2022-01-14 07:12:13.002552,0.0,0.0,0.0
2022-01-14 07:12:13.508011,0.0,0.0,0.0
2022-01-14 07:12:14.006819,0.0,0.0,0.0
2022-01-14 07:12:14.503945,0.0,0.0,0.0
2022-01-14 07:12:15.001540,0.0,0.0,0.0
2022-01-14 07:12:15.507125,0.0,0.0,0.0
2022-01-14 07:12:16.003874,0.0,0.0,0.0
2022-01-14 07:12:16.509020,0.0,0.0,0.0
2022-01-14 07:12:17.006792,0.0,0.0,0.0
2022-01-14 07:12:17.503076,0.0,0.0,0.0
2022-01-14 07:12:18.003263,0.0,0.0,0.0
2022-01-14 07:12:18.510173,0.0,0.0,0.0
2022-01-14 07:12:19.008772,0.0,0.0,0.0
2022-01-14 07:12:19.504163,0.0,0.0,0.0
2022-01-14 07:12:20.002517,0.0,0.0,0.0
2022-01-14 07:12:20.508351,0.0,0.0,0.0
2022-01-14 07:12:21.007435,0.0,0.0,0.0
2022-01-14 07:12:21.501424,0.0,0.0,0.0
2022-01-14 07:12:22.009606,0.0,0.0,0.0
2022-01-14 07:12:22.504707,0.0,0.0,0.0
2022-01-14 07:12:23.002307,0.0,0.0,0.0
2022-01-14 07:12:23.509409,0.0,0.0,0.0
2022-01-14 07:12:24.008034,0.0,0.0,0.0
2022-01-14 07:12:24.502065,0.0,0.0,0.0
2022-01-14 07:12:25.010246,0.0,0.0,0.0
2022-01-14 07:12:25.510853,0.0,0.0,0.0
2022-01-14 07:12:26.009119,0.0,0.0,0.0
2022-01-14 07:12:26.506191,0.0,0.0,0.0
2022-01-14 07:12:27.005019,0.0,0.0,0.0
2022-01-14 07:12:27.508871,0.0,0.0,0.0
2022-01-14 07:12:28.007798,0.0,0.0,0.0
2022-01-14 07:12:28.502935,0.0,0.0,0.0
2022-01-14 07:12:29.001024,0.0,0.0,0.0
2022-01-14 07:12:29.505701,0.0,0.0,0.0
2022-01-14 07:12:30.002764,0.0,0.0,0.0
2022-01-14 07:12:30.509094,0.0,0.0,0.0
2022-01-14 07:12:31.001436,0.0,0.0,0.0
2022-01-14 07:12:31.506965,0.0,0.0,0.0
2022-01-14 07:12:32.006919,0.0,0.0,0.0
2022-01-14 07:12:32.504281,0.0,0.0,0.0
2022-01-14 07:12:33.002027,0.0,0.0,0.0
2022-01-14 07:12:33.508721,0.0,0.0,0.0
2022-01-14 07:12:34.006846,0.0,0.0,0.0
2022-01-14 07:12:35.005513,0.0,0.0,0.0
2022-01-14 07:12:36.005568,0.0,0.0,0.0
2022-01-14 07:12:36.501414,0.0,0.0,0.0
2022-01-14 07:12:37.505691,0.0,0.0,0.0
2022-01-14 07:12:38.005148,0.0,0.0,0.0
2022-01-14 07:12:38.509936,0.0,0.0,0.0
2022-01-14 07:12:39.008395,0.0,0.0,0.0
2022-01-14 07:12:39.502269,0.0,0.0,0.0
2022-01-14 07:12:40.010881,0.0,0.0,0.0
2022-01-14 07:12:40.506669,0.0,0.0,0.0
2022-01-14 07:12:41.004132,0.0,0.0,0.0
2022-01-14 07:12:41.501139,0.0,0.0,0.0
2022-01-14 07:12:42.008671,0.0,0.0,0.0
2022-01-14 07:12:42.503893,0.0,0.0,0.0
2022-01-14 07:12:43.003838,0.0,0.0,0.0
2022-01-14 07:12:43.507826,0.0,0.0,0.0
2022-01-14 07:12:44.006357,0.0,0.0,0.0
2022-01-14 07:12:44.501117,0.0,0.0,0.0
2022-01-14 07:12:45.008850,0.0,0.0,0.0
2022-01-14 07:12:45.502407,0.0,0.0,0.0
2022-01-14 07:12:46.001242,0.0,0.0,0.0
2022-01-14 07:12:46.505805,0.0,0.0,0.0
2022-01-14 07:12:47.005791,0.0,0.0,0.0
2022-01-14 07:12:47.510268,0.0,0.0,0.0
2022-01-14 07:12:48.008844,0.0,0.0,0.0
2022-01-14 07:12:48.503166,0.0,0.0,0.0
2022-01-14 07:12:49.001031,0.0,0.0,0.0
2022-01-14 07:12:49.506883,0.0,0.0,0.0
2022-01-14 07:12:50.005269,0.0,0.0,0.0
2022-01-14 07:12:50.510536,0.0,0.0,0.0
2022-01-14 07:12:51.008674,0.0,0.0,0.0
2022-01-14 07:12:51.503711,0.0,0.0,0.0
2022-01-14 07:12:52.001834,0.0,0.0,0.0
2022-01-14 07:12:52.505855,0.0,0.0,0.0
2022-01-14 07:12:53.005162,0.0,0.0,0.0
2022-01-14 07:12:53.509482,0.0,0.0,0.0
2022-01-14 07:12:54.006556,0.0,0.0,0.0
2022-01-14 07:12:54.503847,0.0,0.0,0.0
2022-01-14 07:12:55.011141,0.0,0.0,0.0
2022-01-14 07:12:55.507195,0.0,0.0,0.0
2022-01-14 07:12:56.004523,0.0,0.0,0.0
2022-01-14 07:12:56.505844,0.0,0.0,0.0
2022-01-14 07:12:57.003322,0.0,0.0,0.0
2022-01-14 07:12:57.506808,0.0,0.0,0.0
2022-01-14 07:12:58.006295,0.0,0.0,0.0
2022-01-14 07:12:58.502299,0.0,0.0,0.0
2022-01-14 07:12:59.001985,0.0,0.0,0.0
2022-01-14 07:12:59.509149,0.0,0.0,0.0
2022-01-14 07:13:00.006035,0.0,0.0,0.0
2022-01-14 07:13:00.502616,0.0,0.0,0.0
2022-01-14 07:13:01.002345,0.0,0.0,0.0
2022-01-14 07:13:01.505926,0.0,0.0,0.0
2022-01-14 07:13:02.004797,0.0,0.0,0.0
2022-01-14 07:13:02.508794,0.0,0.0,0.0
2022-01-14 07:13:03.006972,0.0,0.0,0.0
2022-01-14 07:13:03.503920,0.0,0.0,0.0
2022-01-14 07:13:04.001648,0.0,0.0,0.0
2022-01-14 07:13:04.507685,0.0,0.0,0.0
2022-01-14 07:13:05.006536,0.0,0.0,0.0
2022-01-14 07:13:05.502545,0.0,0.0,0.0
2022-01-14 07:13:06.010767,0.0,0.0,0.0
2022-01-14 07:13:06.506133,0.0,0.0,0.0
2022-01-14 07:13:07.003537,0.0,0.0,0.0
2022-01-14 07:13:07.510332,0.0,0.0,0.0
2022-01-14 07:13:08.008410,0.0,0.0,0.0
2022-01-14 07:13:08.502443,0.0,0.0,0.0
2022-01-14 07:13:09.001055,0.0,0.0,0.0
2022-01-14 07:13:09.507083,0.0,0.0,0.0
2022-01-14 07:13:10.004940,0.0,0.0,0.0
2022-01-14 07:13:10.501163,0.0,0.0,0.0
2022-01-14 07:13:11.008789,0.0,0.0,0.0
2022-01-14 07:13:11.505476,0.0,0.0,0.0
2022-01-14 07:13:12.003350,0.0,0.0,0.0
2022-01-14 07:13:12.509208,0.0,0.0,0.0
2022-01-14 07:13:13.008875,0.0,0.0,0.0
2022-01-14 07:13:13.505198,0.0,0.0,0.0
2022-01-14 07:13:14.006611,0.0,0.0,0.0
2022-01-14 07:13:14.510899,0.0,0.0,0.0
2022-01-14 07:13:15.009559,0.0,0.0,0.0
2022-01-14 07:13:15.503824,0.0,0.0,0.0
2022-01-14 07:13:16.003316,0.0,0.0,0.0
2022-01-14 07:13:16.508597,0.0,0.0,0.0
2022-01-14 07:13:17.006897,0.0,0.0,0.0
2022-01-14 07:13:17.501530,0.0,0.0,0.0
2022-01-14 07:13:18.010806,0.0,0.0,0.0
2022-01-14 07:13:18.505745,0.0,0.0,0.0
2022-01-14 07:13:19.004946,0.0,0.0,0.0
2022-01-14 07:13:19.510372,0.0,0.0,0.0
2022-01-14 07:13:20.010680,0.0,0.0,0.0
2022-01-14 07:13:20.504835,0.0,0.0,0.0
2022-01-14 07:13:21.002420,0.0,0.0,0.0
2022-01-14 07:13:21.507794,0.0,0.0,0.0
2022-01-14 07:13:22.004049,0.0,0.0,0.0
2022-01-14 07:13:22.508971,0.0,0.0,0.0
2022-01-14 07:13:23.007285,0.0,0.0,0.0
2022-01-14 07:13:23.501833,0.0,0.0,0.0
2022-01-14 07:13:24.009418,0.0,0.0,0.0
2022-01-14 07:13:24.505050,0.0,0.0,0.0
2022-01-14 07:13:25.002145,0.0,0.0,0.0
2022-01-14 07:13:25.510234,0.0,0.0,0.0
2022-01-14 07:13:26.008542,0.0,0.0,0.0
2022-01-14 07:13:26.503743,0.0,0.0,0.0
2022-01-14 07:13:27.001983,0.0,0.0,0.0
2022-01-14 07:13:27.507558,0.0,0.0,0.0
2022-01-14 07:13:28.005614,0.0,0.0,0.0
2022-01-14 07:13:28.504121,0.0,0.0,0.0
2022-01-14 07:13:29.002892,0.0,0.0,0.0
2022-01-14 07:13:29.510024,0.0,0.0,0.0
2022-01-14 07:13:30.008995,0.0,0.0,0.0
2022-01-14 07:13:30.503593,0.0,0.0,0.0
2022-01-14 07:13:31.002201,0.0,0.0,0.0
2022-01-14 07:13:31.507315,0.0,0.0,0.0
2022-01-14 07:13:32.006181,0.0,0.0,0.0
2022-01-14 07:13:32.502247,0.0,0.0,0.0
2022-01-14 07:13:33.001347,0.0,0.0,0.0
2022-01-14 07:13:33.506721,0.0,0.0,0.0
2022-01-14 07:13:34.006702,0.0,0.0,0.0
2022-01-14 07:13:34.502459,0.0,0.0,0.0
2022-01-14 07:13:35.010912,0.0,0.0,0.0
2022-01-14 07:13:35.506145,0.0,0.0,0.0
2022-01-14 07:13:36.003875,0.0,0.0,0.0
2022-01-14 07:13:36.509241,0.0,0.0,0.0
2022-01-14 07:13:37.007534,0.0,0.0,0.0
2022-01-14 07:13:37.502076,0.0,0.0,0.0
2022-01-14 07:13:38.009751,0.0,0.0,0.0
2022-01-14 07:13:38.504931,0.0,0.0,0.0
2022-01-14 07:13:39.002199,0.0,0.0,0.0
2022-01-14 07:13:39.509120,0.0,0.0,0.0
2022-01-14 07:13:40.007718,0.0,0.0,0.0
2022-01-14 07:13:40.502520,0.0,0.0,0.0
2022-01-14 07:13:41.010216,0.0,0.0,0.0
2022-01-14 07:13:41.504981,0.0,0.0,0.0
2022-01-14 07:13:42.002424,0.0,0.0,0.0
2022-01-14 07:13:42.509612,0.0,0.0,0.0
2022-01-14 07:13:43.008802,0.0,0.0,0.0
2022-01-14 07:13:43.503669,0.0,0.0,0.0
2022-01-14 07:13:44.001674,0.0,0.0,0.0
2022-01-14 07:13:44.507080,0.0,0.0,0.0
2022-01-14 07:13:45.005058,0.0,0.0,0.0
2022-01-14 07:13:45.509637,0.0,0.0,0.0
2022-01-14 07:13:46.008954,0.0,0.0,0.0
2022-01-14 07:13:46.503995,0.0,0.0,0.0
2022-01-14 07:13:47.003499,0.0,0.0,0.0
2022-01-14 07:13:47.507516,0.0,0.0,0.0
2022-01-14 07:13:48.008520,0.0,0.0,0.0
2022-01-14 07:13:48.503392,0.0,0.0,0.0
2022-01-14 07:13:49.001697,0.0,0.0,0.0
2022-01-14 07:13:49.507169,0.0,0.0,0.0
2022-01-14 07:13:50.006031,0.0,0.0,0.0
2022-01-14 07:13:50.510735,0.0,0.0,0.0
2022-01-14 07:13:51.010264,0.0,0.0,0.0
2022-01-14 07:13:51.507023,0.0,0.0,0.0
2022-01-14 07:13:52.004721,0.0,0.0,0.0
2022-01-14 07:13:52.509809,0.0,0.0,0.0
2022-01-14 07:13:53.008313,0.0,0.0,0.0
2022-01-14 07:13:53.503219,0.0,0.0,0.0
2022-01-14 07:13:54.001501,0.0,0.0,0.0
2022-01-14 07:13:54.507645,0.0,0.0,0.0
2022-01-14 07:13:55.006553,0.0,0.0,0.0
2022-01-14 07:13:55.502381,0.0,0.0,0.0
2022-01-14 07:13:56.002020,0.0,0.0,0.0
2022-01-14 07:13:56.508241,0.0,0.0,0.0
2022-01-14 07:13:57.005492,0.0,0.0,0.0
2022-01-14 07:13:57.501565,0.0,0.0,0.0
2022-01-14 07:13:58.010379,0.0,0.0,0.0
2022-01-14 07:13:58.506309,0.0,0.0,0.0
2022-01-14 07:13:59.005350,0.0,0.0,0.0
2022-01-14 07:13:59.501301,0.0,0.0,0.0
2022-01-14 07:14:00.009851,0.0,0.0,0.0
2022-01-14 07:14:00.506159,0.0,0.0,0.0
2022-01-14 07:14:01.006074,0.0,0.0,0.0
2022-01-14 07:14:01.510717,0.0,0.0,0.0
2022-01-14 07:14:02.009310,0.0,0.0,0.0
2022-01-14 07:14:02.503777,0.0,0.0,0.0
2022-01-14 07:14:03.001463,0.0,0.0,0.0
2022-01-14 07:14:03.504998,0.0,0.0,0.0
2022-01-14 07:14:04.003269,0.0,0.0,0.0
2022-01-14 07:14:04.501571,0.0,0.0,0.0
2022-01-14 07:14:05.008536,0.0,0.0,0.0
2022-01-14 07:14:05.504843,0.0,0.0,0.0
2022-01-14 07:14:06.002779,0.0,0.0,0.0
2022-01-14 07:14:06.507538,0.0,0.0,0.0
2022-01-14 07:14:07.006596,0.0,0.0,0.0
2022-01-14 07:14:07.510783,0.0,0.0,0.0
2022-01-14 07:14:08.001812,0.0,0.0,0.0
2022-01-14 07:14:08.508569,0.0,0.0,0.0
2022-01-14 07:14:09.007235,0.0,0.0,0.0
2022-01-14 07:14:09.501805,0.0,0.0,0.0
2022-01-14 07:14:10.007845,0.0,0.0,0.0
2022-01-14 07:14:10.502589,0.0,0.0,0.0
2022-01-14 07:14:11.001666,0.0,0.0,0.0
2022-01-14 07:14:11.507926,0.0,0.0,0.0
2022-01-14 07:14:12.005605,0.0,0.0,0.0
2022-01-14 07:14:12.510465,0.0,0.0,0.0
2022-01-14 07:14:13.009549,0.0,0.0,0.0
2022-01-14 07:14:13.505825,0.0,0.0,0.0
2022-01-14 07:14:14.004780,0.0,0.0,0.0
2022-01-14 07:14:14.510496,0.0,0.0,0.0
2022-01-14 07:14:15.008223,0.0,0.0,0.0
2022-01-14 07:14:15.502604,0.0,0.0,0.0
2022-01-14 07:14:16.505456,0.0,0.0,0.0
2022-01-14 07:14:17.002889,0.0,0.0,0.0
2022-01-14 07:14:17.508061,0.0,0.0,0.0
2022-01-14 07:14:18.005999,0.0,0.0,0.0
2022-01-14 07:14:18.503969,0.0,0.0,0.0
2022-01-14 07:14:19.001700,0.0,0.0,0.0
2022-01-14 07:14:19.507814,0.0,0.0,0.0
2022-01-14 07:14:20.006174,0.0,0.0,0.0
2022-01-14 07:14:20.510702,0.0,0.0,0.0
2022-01-14 07:14:21.010893,0.0,0.0,0.0
2022-01-14 07:14:21.505844,0.0,0.0,0.0
2022-01-14 07:14:22.001585,0.0,0.0,0.0
2022-01-14 07:14:22.507754,0.0,0.0,0.0
2022-01-14 07:14:23.006843,0.0,0.0,0.0
2022-01-14 07:14:23.511181,0.0,0.0,0.0
2022-01-14 07:14:24.009224,0.0,0.0,0.0
2022-01-14 07:14:24.503905,0.0,0.0,0.0
2022-01-14 07:14:25.002178,0.0,0.0,0.0
2022-01-14 07:14:25.507473,0.0,0.0,0.0
2022-01-14 07:14:26.006972,0.0,0.0,0.0
2022-01-14 07:14:26.501926,0.0,0.0,0.0
2022-01-14 07:14:27.001622,0.0,0.0,0.0
2022-01-14 07:14:27.510188,0.0,0.0,0.0
2022-01-14 07:14:28.009536,0.0,0.0,0.0
2022-01-14 07:14:28.506589,0.0,0.0,0.0
2022-01-14 07:14:29.004797,0.0,0.0,0.0
2022-01-14 07:14:29.509368,0.0,0.0,0.0
2022-01-14 07:14:30.006825,0.0,0.0,0.0
2022-01-14 07:14:30.501553,0.0,0.0,0.0
2022-01-14 07:14:31.001096,0.0,0.0,0.0
2022-01-14 07:14:31.505645,0.0,0.0,0.0
2022-01-14 07:14:32.006278,0.0,0.0,0.0
2022-01-14 07:14:32.511005,0.0,0.0,0.0
2022-01-14 07:14:33.001815,0.0,0.0,0.0
2022-01-14 07:14:33.506689,0.0,0.0,0.0
2022-01-14 07:14:34.005621,0.0,0.0,0.0
2022-01-14 07:14:34.504424,0.0,0.0,0.0
2022-01-14 07:14:35.002111,0.0,0.0,0.0
2022-01-14 07:14:35.506732,0.0,0.0,0.0
2022-01-14 07:14:36.005687,0.0,0.0,0.0
2022-01-14 07:14:36.503809,0.0,0.0,0.0
2022-01-14 07:14:37.001536,0.0,0.0,0.0
2022-01-14 07:14:37.505909,0.0,0.0,0.0
2022-01-14 07:14:38.005121,0.0,0.0,0.0
2022-01-14 07:14:38.510011,0.0,0.0,0.0
2022-01-14 07:14:39.008713,0.0,0.0,0.0
2022-01-14 07:14:39.503866,0.0,0.0,0.0
2022-01-14 07:14:40.002212,0.0,0.0,0.0
2022-01-14 07:14:40.507421,0.0,0.0,0.0
2022-01-14 07:14:41.006880,0.0,0.0,0.0
2022-01-14 07:14:41.501985,0.0,0.0,0.0
2022-01-14 07:14:42.010189,0.0,0.0,0.0
2022-01-14 07:14:42.506906,0.0,0.0,0.0
2022-01-14 07:14:43.007054,0.0,0.0,0.0
2022-01-14 07:14:43.502377,0.0,0.0,0.0
2022-01-14 07:14:44.010742,0.0,0.0,0.0
2022-01-14 07:14:44.507683,0.0,0.0,0.0
2022-01-14 07:14:45.007838,0.0,0.0,0.0
2022-01-14 07:14:45.504416,0.0,0.0,0.0
2022-01-14 07:14:46.003045,0.0,0.0,0.0
2022-01-14 07:14:46.509879,0.0,0.0,0.0
2022-01-14 07:14:47.007324,0.0,0.0,0.0
2022-01-14 07:14:47.502683,0.0,0.0,0.0
2022-01-14 07:14:48.001981,0.0,0.0,0.0
2022-01-14 07:14:48.506630,0.0,0.0,0.0
2022-01-14 07:14:49.004004,0.0,0.0,0.0
2022-01-14 07:14:49.503064,0.0,0.0,0.0
2022-01-14 07:14:50.005261,0.0,0.0,0.0
2022-01-14 07:14:50.509119,0.0,0.0,0.0
2022-01-14 07:14:51.009653,0.0,0.0,0.0
2022-01-14 07:14:51.504520,0.0,0.0,0.0
2022-01-14 07:14:52.002148,0.0,0.0,0.0
2022-01-14 07:14:52.506434,0.0,0.0,0.0
2022-01-14 07:14:53.004783,0.0,0.0,0.0
2022-01-14 07:14:53.510735,0.0,0.0,0.0
2022-01-14 07:14:54.008489,0.0,0.0,0.0
2022-01-14 07:14:54.504104,0.0,0.0,0.0
2022-01-14 07:14:55.002385,0.0,0.0,0.0
2022-01-14 07:14:55.507925,0.0,0.0,0.0
2022-01-14 07:14:56.002930,0.0,0.0,0.0
2022-01-14 07:14:56.509718,0.0,0.0,0.0
2022-01-14 07:14:57.008070,0.0,0.0,0.0
2022-01-14 07:14:57.503252,0.0,0.0,0.0
2022-01-14 07:14:58.002749,0.0,0.0,0.0
2022-01-14 07:14:58.508480,0.0,0.0,0.0
2022-01-14 07:14:59.007053,0.0,0.0,0.0
2022-01-14 07:14:59.506029,0.0,0.0,0.0
2022-01-14 07:15:00.004937,0.0,0.0,0.0
2022-01-14 07:15:00.507584,0.0,0.0,0.0
2022-01-14 07:15:01.005780,0.0,0.0,0.0
2022-01-14 07:15:01.511068,0.0,0.0,0.0
2022-01-14 07:15:02.010066,0.0,0.0,0.0
2022-01-14 07:15:02.506802,0.0,0.0,0.0
2022-01-14 07:15:03.005166,0.0,0.0,0.0
2022-01-14 07:15:03.511134,0.0,0.0,0.0
2022-01-14 07:15:04.010273,0.0,0.0,0.0
2022-01-14 07:15:04.506177,0.0,0.0,0.0
2022-01-14 07:15:05.004838,0.0,0.0,0.0
2022-01-14 07:15:05.509792,0.0,0.0,0.0
2022-01-14 07:15:06.008498,0.0,0.0,0.0
2022-01-14 07:15:06.503547,0.0,0.0,0.0
2022-01-14 07:15:07.001629,0.0,0.0,0.0
2022-01-14 07:15:07.509670,0.0,0.0,0.0
2022-01-14 07:15:08.007749,0.0,0.0,0.0
2022-01-14 07:15:08.503016,0.0,0.0,0.0
2022-01-14 07:15:09.001319,0.0,0.0,0.0
2022-01-14 07:15:09.507057,0.0,0.0,0.0
2022-01-14 07:15:10.005304,0.0,0.0,0.0
2022-01-14 07:15:10.510108,0.0,0.0,0.0
2022-01-14 07:15:11.008196,0.0,0.0,0.0
2022-01-14 07:15:11.506274,0.0,0.0,0.0
2022-01-14 07:15:12.004300,0.0,0.0,0.0
2022-01-14 07:15:12.510182,0.0,0.0,0.0
2022-01-14 07:15:13.007760,0.0,0.0,0.0
2022-01-14 07:15:13.502173,0.0,0.0,0.0
2022-01-14 07:15:14.001211,0.0,0.0,0.0
2022-01-14 07:15:14.506324,0.0,0.0,0.0
2022-01-14 07:15:15.004594,0.0,0.0,0.0
2022-01-14 07:15:15.508654,0.0,0.0,0.0
2022-01-14 07:15:16.007595,0.0,0.0,0.0
2022-01-14 07:15:16.502754,0.0,0.0,0.0
2022-01-14 07:15:17.002209,0.0,0.0,0.0
2022-01-14 07:15:17.508541,0.0,0.0,0.0
2022-01-14 07:15:18.006478,0.0,0.0,0.0
2022-01-14 07:15:18.501848,0.0,0.0,0.0
2022-01-14 07:15:19.010981,0.0,0.0,0.0
2022-01-14 07:15:19.507733,0.0,0.0,0.0
2022-01-14 07:15:20.007409,0.0,0.0,0.0
2022-01-14 07:15:20.509044,0.0,0.0,0.0
2022-01-14 07:15:21.001643,0.0,0.0,0.0
2022-01-14 07:15:21.505749,0.0,0.0,0.0
2022-01-14 07:15:22.004841,0.0,0.0,0.0
2022-01-14 07:15:22.502813,0.0,0.0,0.0
2022-01-14 07:15:23.010777,0.0,0.0,0.0
2022-01-14 07:15:23.505281,0.0,0.0,0.0
2022-01-14 07:15:24.007953,0.0,0.0,0.0
2022-01-14 07:15:24.503560,0.0,0.0,0.0
2022-01-14 07:15:25.008943,0.0,0.0,0.0
2022-01-14 07:15:25.503746,0.0,0.0,0.0
2022-01-14 07:15:26.001245,0.0,0.0,0.0
2022-01-14 07:15:26.506788,0.0,0.0,0.0
2022-01-14 07:15:27.004750,0.0,0.0,0.0
2022-01-14 07:15:27.511058,0.0,0.0,0.0
2022-01-14 07:15:28.009139,0.0,0.0,0.0
2022-01-14 07:15:28.503399,0.0,0.0,0.0
2022-01-14 07:15:29.001347,0.0,0.0,0.0
2022-01-14 07:15:29.507542,0.0,0.0,0.0
2022-01-14 07:15:30.005612,0.0,0.0,0.0
2022-01-14 07:15:30.509363,0.0,0.0,0.0
2022-01-14 07:15:31.007373,0.0,0.0,0.0
2022-01-14 07:15:31.503212,0.0,0.0,0.0
2022-01-14 07:15:32.001185,0.0,0.0,0.0
2022-01-14 07:15:32.507152,0.0,0.0,0.0
2022-01-14 07:15:33.004810,0.0,0.0,0.0
2022-01-14 07:15:33.509103,0.0,0.0,0.0
2022-01-14 07:15:34.006995,0.0,0.0,0.0
2022-01-14 07:15:34.501151,0.0,0.0,0.0
2022-01-14 07:15:35.009161,0.0,0.0,0.0
2022-01-14 07:15:35.505008,0.0,0.0,0.0
2022-01-14 07:15:36.004134,0.0,0.0,0.0
2022-01-14 07:15:36.501292,0.0,0.0,0.0
2022-01-14 07:15:37.010456,0.0,0.0,0.0
2022-01-14 07:15:37.504519,0.0,0.0,0.0
2022-01-14 07:15:38.004864,0.0,0.0,0.0
2022-01-14 07:15:38.510608,0.0,0.0,0.0
2022-01-14 07:15:39.011070,0.0,0.0,0.0
2022-01-14 07:15:39.504849,0.0,0.0,0.0
2022-01-14 07:15:40.003616,0.0,0.0,0.0
2022-01-14 07:15:40.510838,0.0,0.0,0.0
2022-01-14 07:15:41.009515,0.0,0.0,0.0
2022-01-14 07:15:41.503301,0.0,0.0,0.0
2022-01-14 07:15:42.001559,0.0,0.0,0.0
2022-01-14 07:15:42.506620,0.0,0.0,0.0
2022-01-14 07:15:43.004697,0.0,0.0,0.0
2022-01-14 07:15:43.509773,0.0,0.0,0.0
2022-01-14 07:15:44.009452,0.0,0.0,0.0
2022-01-14 07:15:44.503857,0.0,0.0,0.0
2022-01-14 07:15:45.003382,0.0,0.0,0.0
2022-01-14 07:15:45.509629,0.0,0.0,0.0
2022-01-14 07:15:46.007349,0.0,0.0,0.0
2022-01-14 07:15:46.501302,0.0,0.0,0.0
2022-01-14 07:15:47.010241,0.0,0.0,0.0
2022-01-14 07:15:47.506260,0.0,0.0,0.0
2022-01-14 07:15:48.005612,0.0,0.0,0.0
2022-01-14 07:15:48.502403,0.0,0.0,0.0
2022-01-14 07:15:49.001654,0.0,0.0,0.0
2022-01-14 07:15:49.508646,0.0,0.0,0.0
2022-01-14 07:15:50.006236,0.0,0.0,0.0
2022-01-14 07:15:50.510540,0.0,0.0,0.0
2022-01-14 07:15:51.008694,0.0,0.0,0.0
2022-01-14 07:15:51.505651,0.0,0.0,0.0
2022-01-14 07:15:52.004357,0.0,0.0,0.0
2022-01-14 07:15:52.510859,0.0,0.0,0.0
2022-01-14 07:15:53.009324,0.0,0.0,0.0
2022-01-14 07:15:53.503749,0.0,0.0,0.0
2022-01-14 07:15:54.004138,0.0,0.0,0.0
2022-01-14 07:15:54.509484,0.0,0.0,0.0
2022-01-14 07:15:55.008132,0.0,0.0,0.0
2022-01-14 07:15:55.503431,0.0,0.0,0.0
2022-01-14 07:15:56.002497,0.0,0.0,0.0
2022-01-14 07:15:56.508693,0.0,0.0,0.0
2022-01-14 07:15:57.008127,0.0,0.0,0.0
2022-01-14 07:15:57.501544,0.0,0.0,0.0
2022-01-14 07:15:58.008932,0.0,0.0,0.0
2022-01-14 07:15:58.506834,0.0,0.0,0.0
2022-01-14 07:15:59.005519,0.0,0.0,0.0
2022-01-14 07:15:59.511210,0.0,0.0,0.0
2022-01-14 07:16:00.010231,0.0,0.0,0.0
2022-01-14 07:16:00.506186,0.0,0.0,0.0
2022-01-14 07:16:01.005063,0.0,0.0,0.0
2022-01-14 07:16:01.509892,0.0,0.0,0.0
2022-01-14 07:16:02.008698,0.0,0.0,0.0
2022-01-14 07:16:02.505734,0.0,0.0,0.0
2022-01-14 07:16:03.004607,0.0,0.0,0.0
2022-01-14 07:16:03.508615,0.0,0.0,0.0
2022-01-14 07:16:04.007885,0.0,0.0,0.0
2022-01-14 07:16:04.502832,0.0,0.0,0.0
2022-01-14 07:16:05.001113,0.0,0.0,0.0
2022-01-14 07:16:05.506862,0.0,0.0,0.0
2022-01-14 07:16:06.006424,0.0,0.0,0.0
2022-01-14 07:16:06.510294,0.0,0.0,0.0
2022-01-14 07:16:07.010281,0.0,0.0,0.0
2022-01-14 07:16:07.505477,0.0,0.0,0.0
2022-01-14 07:16:08.003256,0.0,0.0,0.0
2022-01-14 07:16:08.509901,0.0,0.0,0.0
2022-01-14 07:16:09.007947,0.0,0.0,0.0
2022-01-14 07:16:09.501869,0.0,0.0,0.0
2022-01-14 07:16:10.010007,0.0,0.0,0.0
2022-01-14 07:16:10.505577,0.0,0.0,0.0
2022-01-14 07:16:11.004412,0.0,0.0,0.0
2022-01-14 07:16:11.501045,0.0,0.0,0.0
2022-01-14 07:16:12.010248,0.0,0.0,0.0
2022-01-14 07:16:12.506217,0.0,0.0,0.0
2022-01-14 07:16:13.004049,0.0,0.0,0.0
2022-01-14 07:16:13.508267,0.0,0.0,0.0
2022-01-14 07:16:14.005993,0.0,0.0,0.0
2022-01-14 07:16:14.501370,0.0,0.0,0.0
2022-01-14 07:16:15.009884,0.0,0.0,0.0
2022-01-14 07:16:15.505900,0.0,0.0,0.0
2022-01-14 07:16:16.005614,0.0,0.0,0.0
2022-01-14 07:16:16.509412,0.0,0.0,0.0
2022-01-14 07:16:17.006557,0.0,0.0,0.0
2022-01-14 07:16:17.502865,0.0,0.0,0.0
2022-01-14 07:16:18.011259,0.0,0.0,0.0
2022-01-14 07:16:18.506285,0.0,0.0,0.0
2022-01-14 07:16:19.006088,0.0,0.0,0.0
2022-01-14 07:16:19.501633,0.0,0.0,0.0
2022-01-14 07:16:20.010257,0.0,0.0,0.0
2022-01-14 07:16:20.506838,0.0,0.0,0.0
2022-01-14 07:16:21.005107,0.0,0.0,0.0
2022-01-14 07:16:21.511096,0.0,0.0,0.0
2022-01-14 07:16:22.009724,0.0,0.0,0.0
2022-01-14 07:16:22.505856,0.0,0.0,0.0
2022-01-14 07:16:23.004480,0.0,0.0,0.0
2022-01-14 07:16:23.508647,0.0,0.0,0.0
2022-01-14 07:16:24.010540,0.0,0.0,0.0
2022-01-14 07:16:24.505983,0.0,0.0,0.0
2022-01-14 07:16:25.004291,0.0,0.0,0.0
2022-01-14 07:16:25.508856,0.0,0.0,0.0
2022-01-14 07:16:26.008196,0.0,0.0,0.0
2022-01-14 07:16:26.503305,0.0,0.0,0.0
2022-01-14 07:16:27.009498,0.0,0.0,0.0
2022-01-14 07:16:27.506507,0.0,0.0,0.0
2022-01-14 07:16:28.005823,0.0,0.0,0.0
2022-01-14 07:16:28.501588,0.0,0.0,0.0
2022-01-14 07:16:29.010900,0.0,0.0,0.0
2022-01-14 07:16:29.507328,0.0,0.0,0.0
2022-01-14 07:16:30.005710,0.0,0.0,0.0
2022-01-14 07:16:30.501802,0.0,0.0,0.0
2022-01-14 07:16:31.010176,0.0,0.0,0.0
2022-01-14 07:16:31.508110,0.0,0.0,0.0
2022-01-14 07:16:32.006180,0.0,0.0,0.0
2022-01-14 07:16:32.501568,0.0,0.0,0.0
2022-01-14 07:16:33.010248,0.0,0.0,0.0
2022-01-14 07:16:33.506822,0.0,0.0,0.0
2022-01-14 07:16:34.006099,0.0,0.0,0.0
2022-01-14 07:16:34.510759,0.0,0.0,0.0
2022-01-14 07:16:35.008776,0.0,0.0,0.0
2022-01-14 07:16:35.503670,0.0,0.0,0.0
2022-01-14 07:16:36.001725,0.0,0.0,0.0
2022-01-14 07:16:36.507161,0.0,0.0,0.0
2022-01-14 07:16:37.005171,0.0,0.0,0.0
2022-01-14 07:16:37.510090,0.0,0.0,0.0
2022-01-14 07:16:38.009950,0.0,0.0,0.0
2022-01-14 07:16:38.507339,0.0,0.0,0.0
2022-01-14 07:16:39.006109,0.0,0.0,0.0
2022-01-14 07:16:40.005125,0.0,0.0,0.0
2022-01-14 07:16:40.510085,0.0,0.0,0.0
2022-01-14 07:16:41.009294,0.0,0.0,0.0
2022-01-14 07:16:41.505054,0.0,0.0,0.0
2022-01-14 07:16:42.002146,0.0,0.0,0.0
2022-01-14 07:16:42.507176,0.0,0.0,0.0
2022-01-14 07:16:43.007025,0.0,0.0,0.0
2022-01-14 07:16:43.502246,0.0,0.0,0.0
2022-01-14 07:16:44.001925,0.0,0.0,0.0
2022-01-14 07:16:44.508412,0.0,0.0,0.0
2022-01-14 07:16:45.005465,0.0,0.0,0.0
2022-01-14 07:16:45.501185,0.0,0.0,0.0
2022-01-14 07:16:46.008270,0.0,0.0,0.0
2022-01-14 07:16:46.506848,0.0,0.0,0.0
2022-01-14 07:16:47.006965,0.0,0.0,0.0
2022-01-14 07:16:47.502321,0.0,0.0,0.0
2022-01-14 07:16:48.010068,0.0,0.0,0.0
2022-01-14 07:16:48.506147,0.0,0.0,0.0
2022-01-14 07:16:49.002203,0.0,0.0,0.0
2022-01-14 07:16:49.507309,0.0,0.0,0.0
2022-01-14 07:16:50.004773,0.0,0.0,0.0
2022-01-14 07:16:50.509973,0.0,0.0,0.0
2022-01-14 07:16:51.007538,0.0,0.0,0.0
2022-01-14 07:16:51.503946,0.0,0.0,0.0
2022-01-14 07:16:52.001985,0.0,0.0,0.0
2022-01-14 07:16:52.506984,0.0,0.0,0.0
2022-01-14 07:16:53.006670,0.0,0.0,0.0
2022-01-14 07:16:53.501416,0.0,0.0,0.0
2022-01-14 07:16:54.009701,0.0,0.0,0.0
2022-01-14 07:16:54.505434,0.0,0.0,0.0
2022-01-14 07:16:55.002830,0.0,0.0,0.0
2022-01-14 07:16:55.507447,0.0,0.0,0.0
2022-01-14 07:16:56.006752,0.0,0.0,0.0
2022-01-14 07:16:56.502225,0.0,0.0,0.0
2022-01-14 07:16:57.001077,0.0,0.0,0.0
2022-01-14 07:16:57.507103,0.0,0.0,0.0
2022-01-14 07:16:58.006635,0.0,0.0,0.0
2022-01-14 07:16:58.504100,0.0,0.0,0.0
2022-01-14 07:16:59.003488,0.0,0.0,0.0
2022-01-14 07:16:59.509820,0.0,0.0,0.0
2022-01-14 07:17:00.009159,0.0,0.0,0.0
2022-01-14 07:17:00.505273,0.0,0.0,0.0
2022-01-14 07:17:01.008845,0.0,0.0,0.0
2022-01-14 07:17:01.503405,0.0,0.0,0.0
2022-01-14 07:17:02.001118,0.0,0.0,0.0
2022-01-14 07:17:02.507316,0.0,0.0,0.0
2022-01-14 07:17:03.005999,0.0,0.0,0.0
2022-01-14 07:17:04.005946,0.0,0.0,0.0
2022-01-14 07:17:04.503944,0.0,0.0,0.0
2022-01-14 07:17:05.002613,0.0,0.0,0.0
2022-01-14 07:17:05.510228,0.0,0.0,0.0
2022-01-14 07:17:06.008605,0.0,0.0,0.0
2022-01-14 07:17:06.503498,0.0,0.0,0.0
2022-01-14 07:17:07.001600,0.0,0.0,0.0
2022-01-14 07:17:07.507303,0.0,0.0,0.0
2022-01-14 07:17:08.006722,0.0,0.0,0.0
2022-01-14 07:17:08.501947,0.0,0.0,0.0
2022-01-14 07:17:09.003660,0.0,0.0,0.0
2022-01-14 07:17:09.509392,0.0,0.0,0.0
2022-01-14 07:17:10.007915,0.0,0.0,0.0
2022-01-14 07:17:10.503756,0.0,0.0,0.0
2022-01-14 07:17:11.002307,0.0,0.0,0.0
2022-01-14 07:17:11.508739,0.0,0.0,0.0
2022-01-14 07:17:12.006948,0.0,0.0,0.0
2022-01-14 07:17:12.502559,0.0,0.0,0.0
2022-01-14 07:17:13.010893,0.0,0.0,0.0
2022-01-14 07:17:13.506032,0.0,0.0,0.0
2022-01-14 07:17:14.005210,0.0,0.0,0.0
2022-01-14 07:17:14.509185,0.0,0.0,0.0
2022-01-14 07:17:15.006249,0.0,0.0,0.0
2022-01-14 07:17:15.511068,0.0,0.0,0.0
2022-01-14 07:17:16.008483,0.0,0.0,0.0
2022-01-14 07:17:16.502921,0.0,0.0,0.0
2022-01-14 07:17:17.001123,0.0,0.0,0.0
2022-01-14 07:17:17.508346,0.0,0.0,0.0
2022-01-14 07:17:18.006911,0.0,0.0,0.0
2022-01-14 07:17:18.501593,0.0,0.0,0.0
2022-01-14 07:17:19.010716,0.0,0.0,0.0
2022-01-14 07:17:19.504695,0.0,0.0,0.0
2022-01-14 07:17:20.002505,0.0,0.0,0.0
2022-01-14 07:17:20.507862,0.0,0.0,0.0
2022-01-14 07:17:21.005060,0.0,0.0,0.0
2022-01-14 07:17:21.501167,0.0,0.0,0.0
2022-01-14 07:17:22.011050,0.0,0.0,0.0
2022-01-14 07:17:22.506852,0.0,0.0,0.0
2022-01-14 07:17:23.007455,0.0,0.0,0.0
2022-01-14 07:17:23.502586,0.0,0.0,0.0
2022-01-14 07:17:24.001328,0.0,0.0,0.0
2022-01-14 07:17:24.508623,0.0,0.0,0.0
2022-01-14 07:17:25.009354,0.0,0.0,0.0
2022-01-14 07:17:25.503786,0.0,0.0,0.0
2022-01-14 07:17:26.002898,0.0,0.0,0.0
2022-01-14 07:17:26.507847,0.0,0.0,0.0
2022-01-14 07:17:27.005732,0.0,0.0,0.0
2022-01-14 07:17:27.510603,0.0,0.0,0.0
2022-01-14 07:17:28.009430,0.0,0.0,0.0
2022-01-14 07:17:28.503061,0.0,0.0,0.0
2022-01-14 07:17:29.002190,0.0,0.0,0.0
2022-01-14 07:17:29.507267,0.0,0.0,0.0
2022-01-14 07:17:30.005207,0.0,0.0,0.0
2022-01-14 07:17:30.501160,0.0,0.0,0.0
2022-01-14 07:17:31.011028,0.0,0.0,0.0
2022-01-14 07:17:31.506660,0.0,0.0,0.0
2022-01-14 07:17:32.004924,0.0,0.0,0.0
2022-01-14 07:17:32.508675,0.0,0.0,0.0
2022-01-14 07:17:33.006202,0.0,0.0,0.0
2022-01-14 07:17:34.005492,0.0,0.0,0.0
2022-01-14 07:17:34.511117,0.0,0.0,0.0
2022-01-14 07:17:35.010567,0.0,0.0,0.0
2022-01-14 07:17:35.504252,0.0,0.0,0.0
2022-01-14 07:17:36.002347,0.0,0.0,0.0
2022-01-14 07:17:36.507654,0.0,0.0,0.0
2022-01-14 07:17:37.003911,0.0,0.0,0.0
2022-01-14 07:17:37.506810,0.0,0.0,0.0
2022-01-14 07:17:38.005260,0.0,0.0,0.0
2022-01-14 07:17:38.501131,0.0,0.0,0.0
2022-01-14 07:17:39.010383,0.0,0.0,0.0
2022-01-14 07:17:39.505019,0.0,0.0,0.0
2022-01-14 07:17:40.003405,0.0,0.0,0.0
2022-01-14 07:17:40.507271,0.0,0.0,0.0
2022-01-14 07:17:41.006160,0.0,0.0,0.0
2022-01-14 07:17:41.510969,0.0,0.0,0.0
2022-01-14 07:17:42.008535,0.0,0.0,0.0
2022-01-14 07:17:42.503330,0.0,0.0,0.0
2022-01-14 07:17:43.010527,0.0,0.0,0.0
2022-01-14 07:17:43.504665,0.0,0.0,0.0
2022-01-14 07:17:44.002962,0.0,0.0,0.0
2022-01-14 07:17:44.509964,0.0,0.0,0.0
2022-01-14 07:17:45.008595,0.0,0.0,0.0
2022-01-14 07:17:45.502414,0.0,0.0,0.0
2022-01-14 07:17:46.010807,0.0,0.0,0.0
2022-01-14 07:17:46.505302,0.0,0.0,0.0
2022-01-14 07:17:47.002482,0.0,0.0,0.0
2022-01-14 07:17:47.506648,0.0,0.0,0.0
2022-01-14 07:17:48.004521,0.0,0.0,0.0
2022-01-14 07:17:48.510610,0.0,0.0,0.0
2022-01-14 07:17:49.009652,0.0,0.0,0.0
2022-01-14 07:17:49.505664,0.0,0.0,0.0
2022-01-14 07:17:50.003846,0.0,0.0,0.0
2022-01-14 07:17:50.511009,0.0,0.0,0.0
2022-01-14 07:17:51.009116,0.0,0.0,0.0
2022-01-14 07:17:51.503592,0.0,0.0,0.0
2022-01-14 07:17:52.002963,0.0,0.0,0.0
2022-01-14 07:17:52.508525,0.0,0.0,0.0
2022-01-14 07:17:53.005402,0.0,0.0,0.0
2022-01-14 07:17:53.502756,0.0,0.0,0.0
2022-01-14 07:17:54.001446,0.0,0.0,0.0
2022-01-14 07:17:54.507001,0.0,0.0,0.0
2022-01-14 07:17:55.004163,0.0,0.0,0.0
2022-01-14 07:17:55.509168,0.0,0.0,0.0
2022-01-14 07:17:56.006653,0.0,0.0,0.0
2022-01-14 07:17:56.502205,0.0,0.0,0.0
2022-01-14 07:17:57.010007,0.0,0.0,0.0
2022-01-14 07:17:57.506299,0.0,0.0,0.0
2022-01-14 07:17:58.007138,0.0,0.0,0.0
2022-01-14 07:17:58.501922,0.0,0.0,0.0
2022-01-14 07:17:59.010649,0.0,0.0,0.0
2022-01-14 07:17:59.505825,0.0,0.0,0.0
2022-01-14 07:18:00.003519,0.0,0.0,0.0
2022-01-14 07:18:00.510945,0.0,0.0,0.0
2022-01-14 07:18:01.009661,0.0,0.0,0.0
2022-01-14 07:18:01.506926,0.0,0.0,0.0
2022-01-14 07:18:02.004650,0.0,0.0,0.0
2022-01-14 07:18:02.509535,0.0,0.0,0.0
2022-01-14 07:18:03.009618,0.0,0.0,0.0
2022-01-14 07:18:03.504003,0.0,0.0,0.0
2022-01-14 07:18:04.001995,0.0,0.0,0.0
2022-01-14 07:18:04.509946,0.0,0.0,0.0
2022-01-14 07:18:05.002803,0.0,0.0,0.0
2022-01-14 07:18:05.507091,0.0,0.0,0.0
2022-01-14 07:18:06.006604,0.0,0.0,0.0
2022-01-14 07:18:06.501760,0.0,0.0,0.0
2022-01-14 07:18:07.010009,0.0,0.0,0.0
2022-01-14 07:18:07.504284,0.0,0.0,0.0
2022-01-14 07:18:08.003489,0.0,0.0,0.0
2022-01-14 07:18:08.507391,0.0,0.0,0.0
2022-01-14 07:18:09.006206,0.0,0.0,0.0
2022-01-14 07:18:09.510270,0.0,0.0,0.0
2022-01-14 07:18:10.009746,0.0,0.0,0.0
2022-01-14 07:18:10.508037,0.0,0.0,0.0
2022-01-14 07:18:11.006281,0.0,0.0,0.0
2022-01-14 07:18:11.508889,0.0,0.0,0.0
2022-01-14 07:18:12.006501,0.0,0.0,0.0
2022-01-14 07:18:12.511149,0.0,0.0,0.0
2022-01-14 07:18:13.009616,0.0,0.0,0.0
2022-01-14 07:18:13.504606,0.0,0.0,0.0
2022-01-14 07:18:14.001899,0.0,0.0,0.0
2022-01-14 07:18:14.507083,0.0,0.0,0.0
2022-01-14 07:18:15.006839,0.0,0.0,0.0
2022-01-14 07:18:15.502246,0.0,0.0,0.0
2022-01-14 07:18:16.002149,0.0,0.0,0.0
2022-01-14 07:18:16.507253,0.0,0.0,0.0
2022-01-14 07:18:17.006125,0.0,0.0,0.0
2022-01-14 07:18:17.511006,0.0,0.0,0.0
2022-01-14 07:18:18.010714,0.0,0.0,0.0
2022-01-14 07:18:18.505614,0.0,0.0,0.0
2022-01-14 07:18:19.002671,0.0,0.0,0.0
2022-01-14 07:18:19.510160,0.0,0.0,0.0
2022-01-14 07:18:20.009827,0.0,0.0,0.0
2022-01-14 07:18:20.504468,0.0,0.0,0.0
2022-01-14 07:18:21.003285,0.0,0.0,0.0
2022-01-14 07:18:21.508255,0.0,0.0,0.0
2022-01-14 07:18:22.005915,0.0,0.0,0.0
2022-01-14 07:18:22.502777,0.0,0.0,0.0
2022-01-14 07:18:23.002660,0.0,0.0,0.0
2022-01-14 07:18:23.508462,0.0,0.0,0.0
2022-01-14 07:18:24.007311,0.0,0.0,0.0
2022-01-14 07:18:24.501576,0.0,0.0,0.0
2022-01-14 07:18:25.008920,0.0,0.0,0.0
2022-01-14 07:18:25.504734,0.0,0.0,0.0
2022-01-14 07:18:26.002306,0.0,0.0,0.0
2022-01-14 07:18:26.501514,0.0,0.0,0.0
2022-01-14 07:18:27.010253,0.0,0.0,0.0
2022-01-14 07:18:27.505357,0.0,0.0,0.0
2022-01-14 07:18:28.002730,0.0,0.0,0.0
2022-01-14 07:18:29.503850,0.0,0.0,0.0
2022-01-14 07:18:30.001953,0.0,0.0,0.0
2022-01-14 07:18:30.508196,0.0,0.0,0.0
2022-01-14 07:18:31.005880,0.0,0.0,0.0
2022-01-14 07:18:31.511153,0.0,0.0,0.0
2022-01-14 07:18:32.009291,0.0,0.0,0.0
2022-01-14 07:18:32.508429,0.0,0.0,0.0
2022-01-14 07:18:33.006561,0.0,0.0,0.0
2022-01-14 07:18:33.506637,0.0,0.0,0.0
2022-01-14 07:18:34.005164,0.0,0.0,0.0
2022-01-14 07:18:34.509193,0.0,0.0,0.0
2022-01-14 07:18:35.006854,0.0,0.0,0.0
2022-01-14 07:18:35.510999,0.0,0.0,0.0
2022-01-14 07:18:36.009402,0.0,0.0,0.0
2022-01-14 07:18:36.504475,0.0,0.0,0.0
2022-01-14 07:18:37.003743,0.0,0.0,0.0
2022-01-14 07:18:37.510163,0.0,0.0,0.0
2022-01-14 07:18:38.007438,0.0,0.0,0.0
2022-01-14 07:18:38.502106,0.0,0.0,0.0
2022-01-14 07:18:39.009449,0.0,0.0,0.0
2022-01-14 07:18:39.504593,0.0,0.0,0.0
2022-01-14 07:18:40.003233,0.0,0.0,0.0
2022-01-14 07:18:40.508731,0.0,0.0,0.0
2022-01-14 07:18:41.006064,0.0,0.0,0.0
2022-01-14 07:18:41.504016,0.0,0.0,0.0
2022-01-14 07:18:42.002440,0.0,0.0,0.0
2022-01-14 07:18:42.507780,0.0,0.0,0.0
2022-01-14 07:18:43.006073,0.0,0.0,0.0
2022-01-14 07:18:43.510332,0.0,0.0,0.0
2022-01-14 07:18:44.008736,0.0,0.0,0.0
2022-01-14 07:18:44.504113,0.0,0.0,0.0
2022-01-14 07:18:45.001967,0.0,0.0,0.0
2022-01-14 07:18:45.508696,0.0,0.0,0.0
2022-01-14 07:18:46.006987,0.0,0.0,0.0
2022-01-14 07:18:46.502409,0.0,0.0,0.0
2022-01-14 07:18:47.001209,0.0,0.0,0.0
2022-01-14 07:18:47.505245,0.0,0.0,0.0
2022-01-14 07:18:48.003358,0.0,0.0,0.0
2022-01-14 07:18:48.508625,0.0,0.0,0.0
2022-01-14 07:18:49.006342,0.0,0.0,0.0
2022-01-14 07:18:49.501444,0.0,0.0,0.0
2022-01-14 07:18:50.010823,0.0,0.0,0.0
2022-01-14 07:18:50.507713,0.0,0.0,0.0
2022-01-14 07:18:51.004884,0.0,0.0,0.0
2022-01-14 07:18:51.501128,0.0,0.0,0.0
2022-01-14 07:18:52.009617,0.0,0.0,0.0
2022-01-14 07:18:52.504101,0.0,0.0,0.0
2022-01-14 07:18:53.002702,0.0,0.0,0.0
2022-01-14 07:18:53.509390,0.0,0.0,0.0
2022-01-14 07:18:54.007824,0.0,0.0,0.0
2022-01-14 07:18:54.505375,0.0,0.0,0.0
2022-01-14 07:18:55.002820,0.0,0.0,0.0
2022-01-14 07:18:55.508429,0.0,0.0,0.0
2022-01-14 07:18:56.008060,0.0,0.0,0.0
2022-01-14 07:18:56.503393,0.0,0.0,0.0
2022-01-14 07:18:57.002659,0.0,0.0,0.0
2022-01-14 07:18:57.506817,0.0,0.0,0.0
2022-01-14 07:18:58.005711,0.0,0.0,0.0
2022-01-14 07:18:58.503092,0.0,0.0,0.0
2022-01-14 07:18:59.003982,0.0,0.0,0.0
2022-01-14 07:18:59.510325,0.0,0.0,0.0
2022-01-14 07:19:00.008141,0.0,0.0,0.0
2022-01-14 07:19:00.505094,0.0,0.0,0.0
2022-01-14 07:19:01.003464,0.0,0.0,0.0
2022-01-14 07:19:01.508688,0.0,0.0,0.0
2022-01-14 07:19:02.006520,0.0,0.0,0.0
2022-01-14 07:19:02.503081,0.0,0.0,0.0
2022-01-14 07:19:03.002605,0.0,0.0,0.0
2022-01-14 07:19:03.505915,0.0,0.0,0.0
2022-01-14 07:19:04.003787,0.0,0.0,0.0
2022-01-14 07:19:04.510520,0.0,0.0,0.0
2022-01-14 07:19:05.009119,0.0,0.0,0.0
2022-01-14 07:19:05.504570,0.0,0.0,0.0
2022-01-14 07:19:06.002161,0.0,0.0,0.0
2022-01-14 07:19:06.507076,0.0,0.0,0.0
2022-01-14 07:19:07.006313,0.0,0.0,0.0
2022-01-14 07:19:07.510209,0.0,0.0,0.0
2022-01-14 07:19:08.007940,0.0,0.0,0.0
2022-01-14 07:19:08.503900,0.0,0.0,0.0
2022-01-14 07:19:09.002910,0.0,0.0,0.0
2022-01-14 07:19:09.509478,0.0,0.0,0.0
2022-01-14 07:19:10.009027,0.0,0.0,0.0
2022-01-14 07:19:10.505526,0.0,0.0,0.0
2022-01-14 07:19:11.004756,0.0,0.0,0.0
2022-01-14 07:19:11.510813,0.0,0.0,0.0
2022-01-14 07:19:12.008554,0.0,0.0,0.0
2022-01-14 07:19:12.505724,0.0,0.0,0.0
2022-01-14 07:19:13.005559,0.0,0.0,0.0
2022-01-14 07:19:13.504424,0.0,0.0,0.0
2022-01-14 07:19:14.002998,0.0,0.0,0.0
2022-01-14 07:19:14.509088,0.0,0.0,0.0
2022-01-14 07:19:15.007807,0.0,0.0,0.0
2022-01-14 07:19:15.502699,0.0,0.0,0.0
2022-01-14 07:19:16.002678,0.0,0.0,0.0
2022-01-14 07:19:16.507799,0.0,0.0,0.0
2022-01-14 07:19:17.006386,0.0,0.0,0.0
2022-01-14 07:19:17.501541,0.0,0.0,0.0
2022-01-14 07:19:18.001159,0.0,0.0,0.0
2022-01-14 07:19:18.507487,0.0,0.0,0.0
2022-01-14 07:19:19.006130,0.0,0.0,0.0
2022-01-14 07:19:19.501103,0.0,0.0,0.0
2022-01-14 07:19:20.009977,0.0,0.0,0.0
2022-01-14 07:19:20.503410,0.0,0.0,0.0
2022-01-14 07:19:21.003499,0.0,0.0,0.0
2022-01-14 07:19:21.509445,0.0,0.0,0.0
2022-01-14 07:19:22.006062,0.0,0.0,0.0
2022-01-14 07:19:22.502942,0.0,0.0,0.0
2022-01-14 07:19:23.010216,0.0,0.0,0.0
2022-01-14 07:19:23.505087,0.0,0.0,0.0
2022-01-14 07:19:24.002563,0.0,0.0,0.0
2022-01-14 07:19:24.507106,0.0,0.0,0.0
2022-01-14 07:19:25.007524,0.0,0.0,0.0
2022-01-14 07:19:25.501773,0.0,0.0,0.0
2022-01-14 07:19:26.010297,0.0,0.0,0.0
2022-01-14 07:19:26.505262,0.0,0.0,0.0
2022-01-14 07:19:27.004638,0.0,0.0,0.0
2022-01-14 07:19:27.510062,0.0,0.0,0.0
2022-01-14 07:19:28.007766,0.0,0.0,0.0
2022-01-14 07:19:28.502066,0.0,0.0,0.0
2022-01-14 07:19:29.009382,0.0,0.0,0.0
2022-01-14 07:19:29.505058,0.0,0.0,0.0
2022-01-14 07:19:30.003006,0.0,0.0,0.0
2022-01-14 07:19:30.508339,0.0,0.0,0.0
2022-01-14 07:19:31.006155,0.0,0.0,0.0
2022-01-14 07:19:31.507467,0.0,0.0,0.0
2022-01-14 07:19:32.006289,0.0,0.0,0.0
2022-01-14 07:19:32.501188,0.0,0.0,0.0
2022-01-14 07:19:33.009833,0.0,0.0,0.0
2022-01-14 07:19:33.503546,0.0,0.0,0.0
2022-01-14 07:19:34.002831,0.0,0.0,0.0
2022-01-14 07:19:34.507902,0.0,0.0,0.0
2022-01-14 07:19:35.005426,0.0,0.0,0.0
2022-01-14 07:19:35.510953,0.0,0.0,0.0
2022-01-14 07:19:36.008124,0.0,0.0,0.0
2022-01-14 07:19:36.504002,0.0,0.0,0.0
2022-01-14 07:19:37.002735,0.0,0.0,0.0
2022-01-14 07:19:37.507660,0.0,0.0,0.0
2022-01-14 07:19:38.007006,0.0,0.0,0.0
2022-01-14 07:19:38.503541,0.0,0.0,0.0
2022-01-14 07:19:39.001665,0.0,0.0,0.0
2022-01-14 07:19:39.507774,0.0,0.0,0.0
2022-01-14 07:19:40.006844,0.0,0.0,0.0
2022-01-14 07:19:40.504807,0.0,0.0,0.0
2022-01-14 07:19:41.002182,0.0,0.0,0.0
2022-01-14 07:19:41.508161,0.0,0.0,0.0
2022-01-14 07:19:42.006229,0.0,0.0,0.0
2022-01-14 07:19:42.502131,0.0,0.0,0.0
2022-01-14 07:19:43.010202,0.0,0.0,0.0
2022-01-14 07:19:43.506824,0.0,0.0,0.0
2022-01-14 07:19:44.005598,0.0,0.0,0.0
2022-01-14 07:19:44.502829,0.0,0.0,0.0
2022-01-14 07:19:45.011281,0.0,0.0,0.0
2022-01-14 07:19:45.505242,0.0,0.0,0.0
2022-01-14 07:19:46.003890,0.0,0.0,0.0
2022-01-14 07:19:46.508354,0.0,0.0,0.0
2022-01-14 07:19:47.006062,0.0,0.0,0.0
2022-01-14 07:19:47.501956,0.0,0.0,0.0
2022-01-14 07:19:48.505189,0.0,0.0,0.0
2022-01-14 07:19:49.003659,0.0,0.0,0.0
2022-01-14 07:19:49.510623,0.0,0.0,0.0
2022-01-14 07:19:50.010394,0.0,0.0,0.0
2022-01-14 07:19:50.506763,0.0,0.0,0.0
2022-01-14 07:19:51.006634,0.0,0.0,0.0
2022-01-14 07:19:51.502552,0.0,0.0,0.0
2022-01-14 07:19:52.002015,0.0,0.0,0.0
2022-01-14 07:19:52.508404,0.0,0.0,0.0
2022-01-14 07:19:53.006880,0.0,0.0,0.0
2022-01-14 07:19:53.501144,0.0,0.0,0.0
2022-01-14 07:19:54.009302,0.0,0.0,0.0
2022-01-14 07:19:54.504525,0.0,0.0,0.0
2022-01-14 07:19:55.003062,0.0,0.0,0.0
2022-01-14 07:19:55.507789,0.0,0.0,0.0
2022-01-14 07:19:56.005134,0.0,0.0,0.0
2022-01-14 07:19:56.509127,0.0,0.0,0.0
2022-01-14 07:19:57.006326,0.0,0.0,0.0
2022-01-14 07:19:57.502457,0.0,0.0,0.0
2022-01-14 07:19:58.002398,0.0,0.0,0.0
2022-01-14 07:19:58.508337,0.0,0.0,0.0
2022-01-14 07:19:59.005908,0.0,0.0,0.0
2022-01-14 07:19:59.501658,0.0,0.0,0.0
2022-01-14 07:20:00.008701,0.0,0.0,0.0
2022-01-14 07:20:00.503183,0.0,0.0,0.0
2022-01-14 07:20:01.505395,0.0,0.0,0.0
2022-01-14 07:20:02.003225,0.0,0.0,0.0
2022-01-14 07:20:02.508276,0.0,0.0,0.0
2022-01-14 07:20:03.007480,0.0,0.0,0.0
2022-01-14 07:20:03.504998,0.0,0.0,0.0
2022-01-14 07:20:04.002734,0.0,0.0,0.0
2022-01-14 07:20:04.508836,0.0,0.0,0.0
2022-01-14 07:20:05.006286,0.0,0.0,0.0
2022-01-14 07:20:05.501600,0.0,0.0,0.0
2022-01-14 07:20:06.010211,0.0,0.0,0.0
2022-01-14 07:20:06.504505,0.0,0.0,0.0
2022-01-14 07:20:07.002724,0.0,0.0,0.0
2022-01-14 07:20:07.510736,0.0,0.0,0.0
2022-01-14 07:20:08.010720,0.0,0.0,0.0
2022-01-14 07:20:08.505770,0.0,0.0,0.0
2022-01-14 07:20:09.002736,0.0,0.0,0.0
2022-01-14 07:20:09.508074,0.0,0.0,0.0
2022-01-14 07:20:10.005455,0.0,0.0,0.0
2022-01-14 07:20:10.510322,0.0,0.0,0.0
2022-01-14 07:20:11.009673,0.0,0.0,0.0
2022-01-14 07:20:11.507026,0.0,0.0,0.0
2022-01-14 07:20:12.005358,0.0,0.0,0.0
2022-01-14 07:20:12.501163,0.0,0.0,0.0
2022-01-14 07:20:13.010211,0.0,0.0,0.0
2022-01-14 07:20:13.506246,0.0,0.0,0.0
2022-01-14 07:20:14.004196,0.0,0.0,0.0
2022-01-14 07:20:14.508408,0.0,0.0,0.0
2022-01-14 07:20:15.007479,0.0,0.0,0.0
2022-01-14 07:20:15.502776,0.0,0.0,0.0
2022-01-14 07:20:16.001808,0.0,0.0,0.0
2022-01-14 07:20:16.509184,0.0,0.0,0.0
2022-01-14 07:20:17.006832,0.0,0.0,0.0
2022-01-14 07:20:17.502705,0.0,0.0,0.0
2022-01-14 07:20:18.010149,0.0,0.0,0.0
2022-01-14 07:20:18.505555,0.0,0.0,0.0
2022-01-14 07:20:19.004547,0.0,0.0,0.0
2022-01-14 07:20:19.509104,0.0,0.0,0.0
2022-01-14 07:20:20.006575,0.0,0.0,0.0
2022-01-14 07:20:20.502871,0.0,0.0,0.0
2022-01-14 07:20:21.003358,0.0,0.0,0.0
2022-01-14 07:20:21.508724,0.0,0.0,0.0
2022-01-14 07:20:22.007375,0.0,0.0,0.0
2022-01-14 07:20:22.502186,0.0,0.0,0.0
2022-01-14 07:20:23.010165,0.0,0.0,0.0
2022-01-14 07:20:23.504356,0.0,0.0,0.0
2022-01-14 07:20:24.001105,0.0,0.0,0.0
2022-01-14 07:20:24.506135,0.0,0.0,0.0
2022-01-14 07:20:25.004509,0.0,0.0,0.0
2022-01-14 07:20:25.510995,0.0,0.0,0.0
2022-01-14 07:20:26.009181,0.0,0.0,0.0
2022-01-14 07:20:26.504277,0.0,0.0,0.0
2022-01-14 07:20:27.002054,0.0,0.0,0.0
2022-01-14 07:20:27.507113,0.0,0.0,0.0
2022-01-14 07:20:28.003908,0.0,0.0,0.0
2022-01-14 07:20:28.508749,0.0,0.0,0.0
2022-01-14 07:20:29.006767,0.0,0.0,0.0
2022-01-14 07:20:29.502557,0.0,0.0,0.0
2022-01-14 07:20:30.505787,0.0,0.0,0.0
2022-01-14 07:20:31.004492,0.0,0.0,0.0
2022-01-14 07:20:31.510631,0.0,0.0,0.0
2022-01-14 07:20:32.009595,0.0,0.0,0.0
2022-01-14 07:20:32.503891,0.0,0.0,0.0
2022-01-14 07:20:33.004046,0.0,0.0,0.0
2022-01-14 07:20:33.509125,0.0,0.0,0.0
2022-01-14 07:20:34.006467,0.0,0.0,0.0
2022-01-14 07:20:34.510714,0.0,0.0,0.0
2022-01-14 07:20:35.008593,0.0,0.0,0.0
2022-01-14 07:20:35.502720,0.0,0.0,0.0
2022-01-14 07:20:36.002136,0.0,0.0,0.0
2022-01-14 07:20:36.506971,0.0,0.0,0.0
2022-01-14 07:20:37.006164,0.0,0.0,0.0
2022-01-14 07:20:37.510210,0.0,0.0,0.0
2022-01-14 07:20:38.007901,0.0,0.0,0.0
2022-01-14 07:20:38.502382,0.0,0.0,0.0
2022-01-14 07:20:39.010484,0.0,0.0,0.0
2022-01-14 07:20:39.506984,0.0,0.0,0.0
2022-01-14 07:20:40.004275,0.0,0.0,0.0
2022-01-14 07:20:40.509851,0.0,0.0,0.0
2022-01-14 07:20:41.005282,0.0,0.0,0.0
2022-01-14 07:20:41.510046,0.0,0.0,0.0
2022-01-14 07:20:42.007556,0.0,0.0,0.0
2022-01-14 07:20:42.502950,0.0,0.0,0.0
2022-01-14 07:20:43.001520,0.0,0.0,0.0
2022-01-14 07:20:43.509400,0.0,0.0,0.0
2022-01-14 07:20:44.007352,0.0,0.0,0.0
2022-01-14 07:20:44.502035,0.0,0.0,0.0
2022-01-14 07:20:45.010836,0.0,0.0,0.0
2022-01-14 07:20:45.505910,0.0,0.0,0.0
2022-01-14 07:20:46.004569,0.0,0.0,0.0
2022-01-14 07:20:46.510188,0.0,0.0,0.0
2022-01-14 07:20:47.007524,0.0,0.0,0.0
2022-01-14 07:20:47.502768,0.0,0.0,0.0
2022-01-14 07:20:48.010941,0.0,0.0,0.0
2022-01-14 07:20:48.507313,0.0,0.0,0.0
2022-01-14 07:20:49.005747,0.0,0.0,0.0
2022-01-14 07:20:49.510565,0.0,0.0,0.0
2022-01-14 07:20:50.009690,0.0,0.0,0.0
2022-01-14 07:20:50.505198,0.0,0.0,0.0
2022-01-14 07:20:51.002645,0.0,0.0,0.0
2022-01-14 07:20:51.507754,0.0,0.0,0.0
2022-01-14 07:20:52.007229,0.0,0.0,0.0
2022-01-14 07:20:52.503070,0.0,0.0,0.0
2022-01-14 07:20:53.002385,0.0,0.0,0.0
2022-01-14 07:20:53.508783,0.0,0.0,0.0
2022-01-14 07:20:54.007787,0.0,0.0,0.0
2022-01-14 07:20:54.503430,0.0,0.0,0.0
2022-01-14 07:20:55.010948,0.0,0.0,0.0
2022-01-14 07:20:55.505371,0.0,0.0,0.0
2022-01-14 07:20:56.003161,0.0,0.0,0.0
2022-01-14 07:20:56.509675,0.0,0.0,0.0
2022-01-14 07:20:57.008266,0.0,0.0,0.0
2022-01-14 07:20:57.505137,0.0,0.0,0.0
2022-01-14 07:20:58.002338,0.0,0.0,0.0
2022-01-14 07:20:58.506716,0.0,0.0,0.0
2022-01-14 07:20:59.005116,0.0,0.0,0.0
2022-01-14 07:20:59.511026,0.0,0.0,0.0
2022-01-14 07:21:00.007857,0.0,0.0,0.0
2022-01-14 07:21:00.511143,0.0,0.0,0.0
2022-01-14 07:21:01.010322,0.0,0.0,0.0
2022-01-14 07:21:01.505594,0.0,0.0,0.0
2022-01-14 07:21:02.004812,0.0,0.0,0.0
2022-01-14 07:21:02.510283,0.0,0.0,0.0
2022-01-14 07:21:03.008353,0.0,0.0,0.0
2022-01-14 07:21:03.502383,0.0,0.0,0.0
2022-01-14 07:21:04.001416,0.0,0.0,0.0
2022-01-14 07:21:04.506297,0.0,0.0,0.0
2022-01-14 07:21:05.004575,0.0,0.0,0.0
2022-01-14 07:21:05.502876,0.0,0.0,0.0
2022-01-14 07:21:06.010903,0.0,0.0,0.0
2022-01-14 07:21:06.506961,0.0,0.0,0.0
2022-01-14 07:21:07.004606,0.0,0.0,0.0
2022-01-14 07:21:07.510886,0.0,0.0,0.0
2022-01-14 07:21:08.010078,0.0,0.0,0.0
2022-01-14 07:21:08.504357,0.0,0.0,0.0
2022-01-14 07:21:09.001826,0.0,0.0,0.0
2022-01-14 07:21:09.506377,0.0,0.0,0.0
2022-01-14 07:21:10.005345,0.0,0.0,0.0
2022-01-14 07:21:10.510899,0.0,0.0,0.0
2022-01-14 07:21:11.010044,0.0,0.0,0.0
2022-01-14 07:21:11.505479,0.0,0.0,0.0
2022-01-14 07:21:12.003401,0.0,0.0,0.0
2022-01-14 07:21:12.509225,0.0,0.0,0.0
2022-01-14 07:21:13.008892,0.0,0.0,0.0
2022-01-14 07:21:13.505397,0.0,0.0,0.0
2022-01-14 07:21:14.003252,0.0,0.0,0.0
2022-01-14 07:21:14.510349,0.0,0.0,0.0
2022-01-14 07:21:15.009026,0.0,0.0,0.0
2022-01-14 07:21:15.503414,0.0,0.0,0.0
2022-01-14 07:21:16.001217,0.0,0.0,0.0
2022-01-14 07:21:16.506025,0.0,0.0,0.0
2022-01-14 07:21:17.003782,0.0,0.0,0.0
2022-01-14 07:21:17.507210,0.0,0.0,0.0
2022-01-14 07:21:18.004755,0.0,0.0,0.0
2022-01-14 07:21:18.510113,0.0,0.0,0.0
2022-01-14 07:21:19.008440,0.0,0.0,0.0
2022-01-14 07:21:19.503426,0.0,0.0,0.0
2022-01-14 07:21:20.002241,0.0,0.0,0.0
2022-01-14 07:21:20.507592,0.0,0.0,0.0
2022-01-14 07:21:21.006597,0.0,0.0,0.0
2022-01-14 07:21:21.501014,0.0,0.0,0.0
2022-01-14 07:21:22.009138,0.0,0.0,0.0
2022-01-14 07:21:22.503898,0.0,0.0,0.0
2022-01-14 07:21:23.002154,0.0,0.0,0.0
2022-01-14 07:21:23.509126,0.0,0.0,0.0
2022-01-14 07:21:24.007585,0.0,0.0,0.0
2022-01-14 07:21:24.504239,0.0,0.0,0.0
2022-01-14 07:21:25.004162,0.0,0.0,0.0
2022-01-14 07:21:25.501140,0.0,0.0,0.0
2022-01-14 07:21:26.010027,0.0,0.0,0.0
2022-01-14 07:21:26.505344,0.0,0.0,0.0
2022-01-14 07:21:27.003722,0.0,0.0,0.0
2022-01-14 07:21:27.508596,0.0,0.0,0.0
2022-01-14 07:21:28.007406,0.0,0.0,0.0
2022-01-14 07:21:28.502152,0.0,0.0,0.0
2022-01-14 07:21:29.009932,0.0,0.0,0.0
2022-01-14 07:21:29.504776,0.0,0.0,0.0
2022-01-14 07:21:30.002629,0.0,0.0,0.0
2022-01-14 07:21:30.507113,0.0,0.0,0.0
2022-01-14 07:21:31.005155,0.0,0.0,0.0
2022-01-14 07:21:31.501538,0.0,0.0,0.0
2022-01-14 07:21:32.009105,0.0,0.0,0.0
2022-01-14 07:21:32.505443,0.0,0.0,0.0
2022-01-14 07:21:33.003000,0.0,0.0,0.0
2022-01-14 07:21:33.507752,0.0,0.0,0.0
2022-01-14 07:21:34.006992,0.0,0.0,0.0
2022-01-14 07:21:34.503556,0.0,0.0,0.0
