時間,回転１,回転２,回転３
2022-01-14 12:00:00.011070,84.31831,84.751,85.53187
2022-01-14 12:00:00.509532,83.9569,84.64825,85.64968
2022-01-14 12:00:01.004128,84.21434,84.4935,85.64968
2022-01-14 12:00:01.500844,84.31831,84.33875,85.7675
2022-01-14 12:00:02.007880,84.1636,84.751,85.7675
2022-01-14 12:00:02.507012,84.00888,84.3895,85.88531
2022-01-14 12:00:03.007437,84.11161,84.64825,85.88531
2022-01-14 12:00:03.500961,84.05963,84.184,85.53187
2022-01-14 12:00:04.009924,83.69946,84.3895,85.53187
2022-01-14 12:00:04.503615,84.52377,84.64825,85.02104
2022-01-14 12:00:05.010739,84.42104,84.59625,85.02104
2022-01-14 12:00:05.507149,83.69946,84.184,86.15958
2022-01-14 12:00:06.007011,84.21434,84.3895,86.15958
2022-01-14 12:00:06.501278,83.9569,84.699,85.29625
2022-01-14 12:00:07.002410,83.9569,84.184,85.29625
2022-01-14 12:00:07.502577,84.1636,84.85375,85.53187
2022-01-14 12:00:08.008671,83.90492,84.02925,85.53187
2022-01-14 12:00:08.505437,84.31831,84.4935,85.37447
2022-01-14 12:00:09.010683,84.11161,84.59625,85.37447
2022-01-14 12:00:09.503460,83.9569,84.23475,85.25666
2022-01-14 12:00:10.001719,84.11161,84.59625,85.25666
2022-01-14 12:00:10.506052,84.05963,84.4415,85.41406
2022-01-14 12:00:11.004072,84.11161,84.699,85.41406
2022-01-14 12:00:11.509871,84.00888,84.28675,85.88531
2022-01-14 12:00:12.006669,84.1636,84.64825,85.88531
2022-01-14 12:00:12.504316,84.00888,84.33875,86.00312
2022-01-14 12:00:13.001898,84.42104,84.64825,86.00312
2022-01-14 12:00:13.506943,83.7502,84.3895,85.72791
2022-01-14 12:00:14.009058,84.42104,84.54425,85.72791
2022-01-14 12:00:14.503022,84.05963,84.4415,85.53187
2022-01-14 12:00:15.004925,83.90492,84.23475,85.53187
2022-01-14 12:00:15.504804,84.00888,84.4415,84.90322
2022-01-14 12:00:16.001166,84.11161,84.4935,84.90322
2022-01-14 12:00:16.502713,84.26632,84.3895,86.23875
2022-01-14 12:00:17.010634,84.00888,84.59625,86.23875
2022-01-14 12:00:17.504240,84.42104,84.59625,85.84572
2022-01-14 12:00:18.011041,84.00888,84.54425,85.84572
2022-01-14 12:00:18.506730,84.42104,84.54425,85.96354
2022-01-14 12:00:19.002594,83.7502,84.28675,85.96354
2022-01-14 12:00:19.503148,83.9569,84.23475,85.4527
2022-01-14 12:00:20.006927,84.31831,84.54425,85.4527
2022-01-14 12:00:20.508738,84.00888,84.59625,85.64968
2022-01-14 12:00:21.003834,84.47302,84.751,85.64968
2022-01-14 12:00:21.507453,83.90492,84.4415,84.74583
2022-01-14 12:00:22.011137,84.57575,84.751,84.74583
2022-01-14 12:00:22.502851,83.69946,84.28675,86.67041
2022-01-14 12:00:23.009681,84.47302,84.803,86.67041
2022-01-14 12:00:23.504852,83.80219,83.8745,85.72791
2022-01-14 12:00:24.010527,83.9569,84.33875,85.72791
2022-01-14 12:00:24.504749,84.26632,84.54425,86.35656
2022-01-14 12:00:25.005210,83.90492,84.4415,86.35656
2022-01-14 12:00:25.505337,84.52377,84.85375,85.6101
2022-01-14 12:00:26.002187,83.64747,84.08,85.6101
2022-01-14 12:00:26.505111,84.36905,84.59625,85.53187
2022-01-14 12:00:27.006176,83.85417,83.92525,85.53187
2022-01-14 12:00:27.502874,84.42104,84.85375,85.33489
2022-01-14 12:00:28.002031,84.26632,84.08,85.33489
2022-01-14 12:00:28.506989,83.90492,84.54425,85.68833
2022-01-14 12:00:29.003762,84.42104,84.751,85.68833
2022-01-14 12:00:29.501599,83.85417,84.4415,85.41406
2022-01-14 12:00:30.010468,84.31831,84.54425,85.41406
2022-01-14 12:00:30.504611,84.05963,84.4935,85.72791
2022-01-14 12:00:31.002522,84.31831,84.699,85.72791
2022-01-14 12:00:31.508175,84.1636,84.28675,85.80614
2022-01-14 12:00:32.003309,83.90492,84.59625,85.80614
2022-01-14 12:00:32.506706,84.36905,84.4935,85.92395
2022-01-14 12:00:33.008881,84.11161,84.59625,85.92395
2022-01-14 12:00:33.507599,83.9569,84.4415,86.35656
2022-01-14 12:00:34.006855,83.85417,84.23475,86.35656
2022-01-14 12:00:34.501482,84.21434,84.23475,85.68833
2022-01-14 12:00:35.009113,84.31831,84.4935,85.68833
2022-01-14 12:00:35.501586,83.90492,84.59625,85.7675
2022-01-14 12:00:36.006845,84.21434,84.3895,85.7675
2022-01-14 12:00:36.502666,84.05963,84.59625,85.72791
2022-01-14 12:00:37.003764,84.42104,84.59625,85.72791
2022-01-14 12:00:37.510367,83.59549,84.23475,85.6101
2022-01-14 12:00:38.008796,84.05963,84.33875,85.6101
2022-01-14 12:00:38.506751,84.42104,84.28675,85.41406
2022-01-14 12:00:39.005731,84.1636,84.64825,85.41406
2022-01-14 12:00:39.507840,83.9569,84.28675,85.88531
2022-01-14 12:00:40.005843,83.90492,84.3895,85.88531
2022-01-14 12:00:40.509736,84.05963,84.28675,85.41406
2022-01-14 12:00:41.009148,83.9569,84.751,85.41406
2022-01-14 12:00:41.503688,84.21434,84.54425,85.80614
2022-01-14 12:00:42.001083,84.31831,84.4935,85.80614
2022-01-14 12:00:42.505726,83.9569,84.4415,85.53187
2022-01-14 12:00:43.004353,84.36905,84.751,85.53187
2022-01-14 12:00:43.509721,83.80219,84.28675,84.90322
2022-01-14 12:00:44.009014,84.67848,84.95775,84.90322
2022-01-14 12:00:44.504744,83.33805,83.8745,85.88531
2022-01-14 12:00:45.003679,84.57575,84.90575,85.88531
2022-01-14 12:00:45.509620,84.05963,84.23475,85.09926
2022-01-14 12:00:46.008261,84.57575,85.1125,85.09926
2022-01-14 12:00:46.502806,84.11161,84.33875,86.31697
2022-01-14 12:00:47.001068,84.05963,84.699,86.31697
2022-01-14 12:00:47.506943,84.42104,84.4415,85.37447
2022-01-14 12:00:48.006343,83.85417,84.23475,85.37447
2022-01-14 12:00:48.505460,84.42104,84.803,85.92395
2022-01-14 12:00:49.005924,83.44078,83.71975,85.92395
2022-01-14 12:00:49.501080,84.57575,84.803,85.49229
2022-01-14 12:00:50.009174,84.11161,84.3895,85.49229
2022-01-14 12:00:50.505350,83.80219,84.3895,85.72791
2022-01-14 12:00:51.007411,84.62773,84.85375,85.72791
2022-01-14 12:00:51.503415,83.80219,84.23475,85.4527
2022-01-14 12:00:52.005546,84.67848,84.95775,85.4527
2022-01-14 12:00:52.501647,83.59549,83.8745,86.98426
2022-01-14 12:00:53.001334,84.1636,84.59625,86.98426
2022-01-14 12:00:53.505872,83.7502,83.7705,86.78822
2022-01-14 12:00:54.005468,84.47302,85.0085,86.78822
2022-01-14 12:00:54.508980,83.69946,83.71975,238.64854
2022-01-14 12:00:55.006739,83.9569,84.23475,238.64854
2022-01-14 12:00:55.510762,84.67848,84.85375,216.81364
2022-01-14 12:00:56.004201,83.13135,83.66775,216.81364
2022-01-14 12:00:56.506328,84.67848,84.95775,149.46447
2022-01-14 12:00:57.005229,83.7502,83.7705,149.46447
2022-01-14 12:00:57.508816,84.47302,84.95775,90.24437
2022-01-14 12:00:58.007169,83.69946,84.02925,90.24437
2022-01-14 12:00:58.503058,84.26632,84.54425,90.63645
2022-01-14 12:00:59.010491,84.11161,84.184,90.63645
2022-01-14 12:00:59.509824,83.9569,84.3895,88.51583
2022-01-14 12:01:00.006377,84.26632,84.59625,88.51583
2022-01-14 12:01:00.502145,83.69946,83.92525,87.06343
2022-01-14 12:01:01.001617,84.26632,84.803,87.06343
2022-01-14 12:01:01.509063,84.31831,84.59625,86.98426
2022-01-14 12:01:02.007926,84.1636,84.803,86.98426
2022-01-14 12:01:02.502059,83.9569,84.3895,86.12093
2022-01-14 12:01:03.001717,83.80219,84.08,86.12093
2022-01-14 12:01:03.506770,84.47302,84.699,86.15958
2022-01-14 12:01:04.005758,84.00888,84.3895,86.15958
2022-01-14 12:01:04.509984,84.1636,84.64825,86.51301
2022-01-14 12:01:05.007458,83.9569,84.08,86.51301
2022-01-14 12:01:05.503033,83.85417,84.184,86.51301
2022-01-14 12:01:06.002461,84.78245,84.95775,86.51301
2022-01-14 12:01:06.506962,84.11161,84.699,86.23875
2022-01-14 12:01:07.006354,84.05963,84.28675,86.23875
2022-01-14 12:01:07.502427,83.85417,84.33875,85.57051
2022-01-14 12:01:08.010523,84.62773,85.0085,85.57051
2022-01-14 12:01:08.502919,84.21434,84.3895,85.37447
2022-01-14 12:01:09.009931,83.90492,84.4935,85.37447
2022-01-14 12:01:09.505779,84.1636,84.4415,85.92395
2022-01-14 12:01:10.005663,84.00888,84.3895,85.92395
2022-01-14 12:01:10.510107,84.57575,85.0605,85.57051
2022-01-14 12:01:11.007617,83.59549,84.28675,85.57051
2022-01-14 12:01:11.502496,84.57575,84.95775,86.35656
2022-01-14 12:01:12.010394,84.21434,84.23475,86.35656
2022-01-14 12:01:12.502992,83.90492,84.3895,85.96354
2022-01-14 12:01:13.010879,84.26632,84.54425,85.96354
2022-01-14 12:01:13.505611,83.90492,84.28675,85.92395
2022-01-14 12:01:14.002387,84.62773,84.90575,85.92395
2022-01-14 12:01:14.502639,83.49276,83.97725,85.41406
2022-01-14 12:01:15.007003,84.47302,84.803,85.41406
2022-01-14 12:01:15.504273,84.26632,84.3895,85.80614
2022-01-14 12:01:16.004313,84.47302,84.803,85.80614
2022-01-14 12:01:16.501335,83.90492,84.08,85.68833
2022-01-14 12:01:17.008941,84.1636,84.751,85.68833
2022-01-14 12:01:17.501127,84.57575,84.85375,85.96354
2022-01-14 12:01:18.009348,83.44078,83.8745,85.96354
2022-01-14 12:01:18.502524,84.57575,85.0605,86.5526
2022-01-14 12:01:19.001475,83.90492,83.8745,86.5526
2022-01-14 12:01:19.506307,84.47302,84.85375,85.25666
2022-01-14 12:01:20.003810,84.26632,84.33875,85.25666
2022-01-14 12:01:20.510865,83.7502,84.23475,85.57051
2022-01-14 12:01:21.009657,84.26632,84.54425,85.57051
2022-01-14 12:01:21.505093,84.11161,84.64825,85.33489
2022-01-14 12:01:22.002971,84.36905,84.751,85.33489
2022-01-14 12:01:22.510497,83.90492,84.28675,85.41406
2022-01-14 12:01:23.007811,84.52377,84.90575,85.41406
2022-01-14 12:01:23.502928,83.80219,83.97725,85.41406
2022-01-14 12:01:24.002098,84.26632,84.64825,85.41406
2022-01-14 12:01:24.507788,83.85417,84.33875,85.88531
2022-01-14 12:01:25.006293,84.21434,84.699,85.88531
2022-01-14 12:01:25.503039,84.05963,84.4415,86.19916
2022-01-14 12:01:26.010375,83.90492,84.33875,86.19916
2022-01-14 12:01:26.509187,84.47302,84.90575,85.84572
2022-01-14 12:01:27.009232,84.42104,84.54425,85.84572
2022-01-14 12:01:27.504775,83.85417,84.33875,86.12093
2022-01-14 12:01:28.004273,84.31831,84.59625,86.12093
2022-01-14 12:01:28.510042,84.1636,84.54425,85.29625
2022-01-14 12:01:29.009714,84.1636,84.4935,85.29625
2022-01-14 12:01:29.503906,84.00888,84.64825,86.43479
2022-01-14 12:01:30.009248,83.85417,84.132,86.43479
2022-01-14 12:01:30.503560,84.57575,84.699,85.80614
2022-01-14 12:01:31.006114,83.9569,84.64825,85.80614
2022-01-14 12:01:31.509212,84.05963,84.4415,85.72791
2022-01-14 12:01:32.005100,84.26632,84.4415,85.72791
2022-01-14 12:01:32.508117,84.47302,84.699,86.15958
2022-01-14 12:01:33.007352,83.64747,84.184,86.15958
2022-01-14 12:01:33.503561,84.47302,84.90575,85.09926
2022-01-14 12:01:34.001205,84.05963,84.132,85.09926
2022-01-14 12:01:34.505179,84.11161,84.33875,86.43479
2022-01-14 12:01:35.003961,84.36905,84.803,86.43479
2022-01-14 12:01:35.505698,83.80219,84.184,85.96354
2022-01-14 12:01:36.010226,84.52377,84.85375,85.96354
2022-01-14 12:01:36.501832,83.85417,84.28675,85.49229
2022-01-14 12:01:37.002434,84.42104,84.803,85.49229
2022-01-14 12:01:37.504356,84.11161,84.4415,85.64968
2022-01-14 12:01:38.009922,84.31831,84.699,85.64968
2022-01-14 12:01:38.505191,84.00888,84.23475,85.53187
2022-01-14 12:01:39.003368,83.7502,84.132,85.53187
2022-01-14 12:01:39.508205,84.42104,84.85375,86.04176
2022-01-14 12:01:40.006280,83.49276,83.8225,86.04176
2022-01-14 12:01:40.511147,84.57575,85.0085,85.72791
2022-01-14 12:01:41.010128,83.44078,83.7705,85.72791
2022-01-14 12:01:41.504516,84.57575,84.85375,85.64968
2022-01-14 12:01:42.003542,84.05963,84.23475,85.64968
2022-01-14 12:01:42.500978,83.7502,84.184,85.13885
2022-01-14 12:01:43.009200,84.52377,84.803,85.13885
2022-01-14 12:01:43.505193,84.11161,84.33875,85.92395
2022-01-14 12:01:44.004262,84.05963,84.64825,85.92395
2022-01-14 12:01:44.506075,83.9569,84.4935,85.29625
2022-01-14 12:01:45.009634,84.47302,84.751,85.29625
2022-01-14 12:01:45.504571,84.31831,84.4415,85.33489
2022-01-14 12:01:46.002749,84.05963,84.54425,85.33489
2022-01-14 12:01:46.507899,84.05963,84.3895,86.63083
2022-01-14 12:01:47.005647,84.1636,84.3895,86.63083
2022-01-14 12:01:47.509762,84.52377,85.1125,85.29625
2022-01-14 12:01:48.004435,83.59549,84.184,85.29625
2022-01-14 12:01:48.508794,84.57575,84.64825,85.84572
2022-01-14 12:01:49.003347,84.1636,84.28675,85.84572
2022-01-14 12:01:49.501581,84.52377,84.95775,85.29625
2022-01-14 12:01:50.009165,83.9569,84.33875,85.29625
2022-01-14 12:01:50.508796,83.80219,84.23475,85.7675
2022-01-14 12:01:51.006793,84.31831,84.803,85.7675
2022-01-14 12:01:51.508748,83.85417,84.64825,85.64968
2022-01-14 12:01:52.006275,84.21434,84.3895,85.64968
2022-01-14 12:01:52.501792,84.57575,84.64825,85.80614
2022-01-14 12:01:53.009696,84.1636,84.28675,85.80614
2022-01-14 12:01:53.503943,84.05963,84.4415,85.68833
2022-01-14 12:01:54.011118,84.21434,84.54425,85.68833
2022-01-14 12:01:54.504634,83.9569,84.33875,86.08135
2022-01-14 12:01:55.002611,84.1636,84.803,86.08135
2022-01-14 12:01:55.509246,83.9569,84.54425,86.3952
2022-01-14 12:01:56.004496,84.05963,84.33875,86.3952
2022-01-14 12:01:56.505189,84.36905,84.59625,85.09926
2022-01-14 12:01:57.003690,84.47302,84.64825,85.09926
2022-01-14 12:01:57.509104,83.80219,84.23475,86.19916
2022-01-14 12:01:58.005268,84.36905,84.803,86.19916
2022-01-14 12:01:58.509158,83.69946,84.23475,85.17843
2022-01-14 12:01:59.001716,84.62773,84.95775,85.17843
2022-01-14 12:01:59.504301,83.90492,84.4415,85.7675
2022-01-14 12:02:00.007178,84.00888,84.23475,85.7675
2022-01-14 12:02:00.503771,84.31831,84.59625,85.80614
2022-01-14 12:02:01.001065,83.80219,84.184,85.80614
2022-01-14 12:02:01.504937,84.62773,85.1125,85.02104
2022-01-14 12:02:02.004270,83.9569,84.28675,85.02104
2022-01-14 12:02:02.507945,84.05963,84.33875,86.59218
2022-01-14 12:02:03.008061,83.80219,84.132,86.59218
2022-01-14 12:02:03.503606,84.57575,84.751,85.7675
2022-01-14 12:02:04.010372,84.26632,84.4415,85.7675
2022-01-14 12:02:04.501733,83.85417,84.132,85.53187
2022-01-14 12:02:05.005120,84.47302,84.95775,85.53187
2022-01-14 12:02:05.506453,83.85417,84.28675,85.57051
2022-01-14 12:02:06.009802,84.73046,85.26725,85.57051
2022-01-14 12:02:06.510917,83.18334,83.71975,86.63083
2022-01-14 12:02:07.004628,84.31831,84.4935,86.63083
2022-01-14 12:02:07.509050,84.52377,84.64825,85.96354
2022-01-14 12:02:08.002111,84.36905,84.751,85.96354
2022-01-14 12:02:08.504528,83.85417,84.28675,86.19916
2022-01-14 12:02:09.010592,83.9569,84.33875,86.19916
2022-01-14 12:02:09.504962,84.52377,84.699,86.15958
2022-01-14 12:02:10.004802,84.05963,84.4935,86.15958
2022-01-14 12:02:10.509562,84.31831,84.85375,85.53187
2022-01-14 12:02:11.004508,83.7502,84.08,85.53187
2022-01-14 12:02:11.506634,84.26632,84.64825,85.68833
2022-01-14 12:02:12.010679,83.90492,84.3895,85.68833
2022-01-14 12:02:12.502559,83.90492,84.33875,85.09926
2022-01-14 12:02:13.010314,84.57575,84.90575,85.09926
2022-01-14 12:02:14.004788,84.62773,84.803,86.59218
2022-01-14 12:02:14.502352,84.11161,84.3895,85.72791
2022-01-14 12:02:15.007690,84.05963,84.33875,85.72791
2022-01-14 12:02:15.509459,84.47302,84.90575,85.49229
2022-01-14 12:02:16.003968,83.69946,84.132,85.49229
2022-01-14 12:02:16.509689,84.26632,84.4935,85.17843
2022-01-14 12:02:17.004903,84.21434,84.699,85.17843
2022-01-14 12:02:17.504807,84.00888,84.3895,85.4527
2022-01-14 12:02:18.502199,84.36905,84.699,85.92395
2022-01-14 12:02:19.001867,84.1636,84.33875,85.92395
2022-01-14 12:02:19.505214,83.85417,84.33875,85.96354
2022-01-14 12:02:20.001318,84.26632,84.751,85.96354
2022-01-14 12:02:20.503478,83.59549,84.02925,85.13885
2022-01-14 12:02:21.010041,84.67848,84.751,85.13885
2022-01-14 12:02:21.505129,83.59549,84.3895,86.82781
2022-01-14 12:02:22.003108,84.52377,84.59625,86.82781
2022-01-14 12:02:22.506371,84.26632,84.3895,85.7675
2022-01-14 12:02:23.003428,83.80219,84.08,85.7675
2022-01-14 12:02:23.503561,84.62773,85.0085,86.15958
2022-01-14 12:02:24.010398,83.85417,84.23475,86.15958
2022-01-14 12:02:24.502350,84.36905,84.751,86.43479
2022-01-14 12:02:25.007068,83.69946,84.23475,86.43479
2022-01-14 12:02:25.502612,84.31831,84.54425,86.04176
2022-01-14 12:02:26.004984,84.42104,84.803,86.04176
2022-01-14 12:02:26.505283,83.9569,84.33875,85.53187
2022-01-14 12:02:27.005930,84.36905,84.751,85.53187
2022-01-14 12:02:27.510718,83.64747,84.02925,85.72791
2022-01-14 12:02:28.008819,84.88517,85.0085,85.72791
2022-01-14 12:02:28.501240,83.33805,83.97725,85.64968
2022-01-14 12:02:29.005119,84.31831,84.751,85.64968
2022-01-14 12:02:29.508773,83.9569,84.08,85.6101
2022-01-14 12:02:30.006100,84.42104,84.59625,85.6101
2022-01-14 12:02:30.507514,84.31831,84.85375,85.7675
2022-01-14 12:02:31.006320,83.64747,84.23475,85.7675
2022-01-14 12:02:31.505043,84.21434,84.4415,85.84572
2022-01-14 12:02:32.006875,83.7502,84.23475,85.84572
2022-01-14 12:02:32.508100,84.67848,84.95775,84.78541
2022-01-14 12:02:33.010588,83.69946,84.02925,84.78541
2022-01-14 12:02:33.505907,84.31831,84.4935,86.43479
2022-01-14 12:02:34.011119,84.00888,84.33875,86.43479
2022-01-14 12:02:34.507747,84.36905,84.751,85.41406
2022-01-14 12:02:35.009850,84.26632,84.64825,85.41406
2022-01-14 12:02:35.506731,83.59549,84.08,85.64968
2022-01-14 12:02:36.002309,84.57575,84.85375,85.64968
2022-01-14 12:02:36.505211,83.49276,83.97725,85.7675
2022-01-14 12:02:37.505499,83.9569,84.28675,85.68833
2022-01-14 12:02:38.005800,83.9569,84.59625,85.68833
2022-01-14 12:02:38.511261,84.31831,84.54425,85.53187
2022-01-14 12:02:39.009336,84.26632,84.54425,85.53187
2022-01-14 12:02:39.503908,83.9569,84.4415,85.57051
2022-01-14 12:02:40.002417,83.7502,84.4935,85.57051
2022-01-14 12:02:40.504384,84.36905,84.3895,85.21708
2022-01-14 12:02:41.008730,84.26632,84.3895,85.21708
2022-01-14 12:02:41.508803,84.36905,84.90575,85.96354
2022-01-14 12:02:42.005448,83.85417,84.23475,85.96354
2022-01-14 12:02:42.508727,84.1636,84.54425,86.3952
2022-01-14 12:02:43.007049,84.47302,84.54425,86.3952
2022-01-14 12:02:43.501955,83.80219,84.4415,85.84572
2022-01-14 12:02:44.007064,84.26632,84.54425,85.84572
2022-01-14 12:02:44.504562,84.05963,84.3895,85.92395
2022-01-14 12:02:45.005321,84.21434,84.4935,85.92395
2022-01-14 12:02:45.505744,84.31831,84.699,85.57051
2022-01-14 12:02:46.005117,83.85417,84.184,85.57051
2022-01-14 12:02:46.510284,84.52377,84.59625,85.4527
2022-01-14 12:02:47.006985,83.85417,84.59625,85.4527
2022-01-14 12:02:47.501312,83.90492,84.02925,85.41406
2022-01-14 12:02:48.011147,84.57575,84.803,85.41406
2022-01-14 12:02:48.507294,83.80219,84.132,85.37447
2022-01-14 12:02:49.005785,84.26632,84.803,85.37447
2022-01-14 12:02:49.509101,84.1636,84.4935,85.57051
2022-01-14 12:02:50.008645,84.05963,84.23475,85.57051
2022-01-14 12:02:50.501774,84.11161,84.699,85.92395
2022-01-14 12:02:51.008985,84.47302,84.64825,85.92395
2022-01-14 12:02:51.510213,83.69946,84.33875,86.19916
2022-01-14 12:02:52.006656,84.1636,84.4415,86.19916
2022-01-14 12:02:52.509490,84.47302,84.85375,85.80614
2022-01-14 12:02:53.007701,83.7502,84.02925,85.80614
2022-01-14 12:02:53.504908,84.47302,84.59625,86.15958
2022-01-14 12:02:54.006994,83.54475,83.97725,86.15958
2022-01-14 12:02:54.506538,84.57575,84.64825,85.09926
2022-01-14 12:02:55.010230,83.90492,84.4415,85.09926
2022-01-14 12:02:55.507922,84.11161,84.33875,85.88531
2022-01-14 12:02:56.003150,84.00888,84.28675,85.88531
2022-01-14 12:02:56.507618,84.26632,84.699,85.92395
2022-01-14 12:02:57.006183,84.31831,84.699,85.92395
2022-01-14 12:02:57.502577,84.11161,84.4935,85.68833
2022-01-14 12:02:58.010970,84.05963,84.3895,85.68833
2022-01-14 12:02:58.508209,83.7502,84.33875,85.4527
2022-01-14 12:02:59.007516,84.47302,84.85375,85.4527
2022-01-14 12:02:59.502858,84.00888,84.33875,86.08135
2022-01-14 12:03:00.006918,83.7502,84.3895,86.08135
2022-01-14 12:03:00.509919,84.42104,84.699,85.37447
2022-01-14 12:03:01.009082,83.85417,84.28675,85.37447
2022-01-14 12:03:01.506832,84.47302,84.751,86.51301
2022-01-14 12:03:02.008378,83.54475,84.23475,86.51301
2022-01-14 12:03:02.505485,84.31831,84.4415,85.02104
2022-01-14 12:03:03.010001,84.36905,84.54425,85.02104
2022-01-14 12:03:03.506629,84.36905,84.751,86.3952
2022-01-14 12:03:04.005887,83.7502,84.02925,86.3952
2022-01-14 12:03:04.510174,84.11161,84.54425,85.72791
2022-01-14 12:03:05.008892,84.11161,84.23475,85.72791
2022-01-14 12:03:05.503004,84.21434,84.90575,85.6101
2022-01-14 12:03:06.001223,84.00888,84.184,85.6101
2022-01-14 12:03:07.004873,84.26632,84.4415,85.92395
2022-01-14 12:03:07.501194,84.57575,84.699,85.84572
2022-01-14 12:03:08.008308,84.05963,84.4935,85.84572
2022-01-14 12:03:08.502640,84.00888,84.184,85.25666
2022-01-14 12:03:09.005712,84.00888,84.4415,85.25666
2022-01-14 12:03:09.510608,84.26632,84.699,85.64968
2022-01-14 12:03:10.009750,84.47302,85.0605,85.64968
2022-01-14 12:03:10.510941,83.59549,83.92525,86.78822
2022-01-14 12:03:11.009049,84.83319,84.90575,86.78822
2022-01-14 12:03:11.504888,84.11161,84.699,85.96354
2022-01-14 12:03:12.002995,84.00888,84.33875,85.96354
2022-01-14 12:03:12.508122,84.26632,84.803,86.51301
2022-01-14 12:03:13.005257,84.05963,84.33875,86.51301
2022-01-14 12:03:13.510679,83.9569,84.85375,85.68833
2022-01-14 12:03:14.009073,84.1636,84.33875,85.68833
2022-01-14 12:03:14.503923,84.57575,84.85375,85.33489
2022-01-14 12:03:15.002833,83.54475,83.8745,85.33489
2022-01-14 12:03:15.507461,84.11161,84.23475,85.49229
2022-01-14 12:03:16.006317,83.7502,84.184,85.49229
2022-01-14 12:03:16.501098,84.31831,84.28675,221.21229
2022-01-14 12:03:17.009217,83.90492,84.59625,221.21229
2022-01-14 12:03:17.503270,83.64747,83.71975,232.56187
2022-01-14 12:03:18.001746,84.62773,84.699,232.56187
2022-01-14 12:03:18.507076,83.69946,83.92525,187.16447
2022-01-14 12:03:19.005330,84.52377,84.54425,187.16447
2022-01-14 12:03:19.501879,83.59549,83.8745,114.90583
2022-01-14 12:03:20.008666,84.05963,84.33875,114.90583
2022-01-14 12:03:20.504621,83.64747,84.23475,91.46114
2022-01-14 12:03:21.010440,84.1636,84.28675,91.46114
2022-01-14 12:03:21.505906,84.57575,84.751,90.59781
2022-01-14 12:03:22.003745,83.69946,83.7705,90.59781
2022-01-14 12:03:22.509002,84.52377,84.803,86.5526
2022-01-14 12:03:23.005968,83.80219,84.28675,86.5526
2022-01-14 12:03:23.501360,84.73046,84.803,86.86645
2022-01-14 12:03:24.009966,83.80219,84.33875,86.86645
2022-01-14 12:03:24.507169,84.05963,84.33875,86.00312
2022-01-14 12:03:25.005455,83.90492,84.23475,86.00312
2022-01-14 12:03:25.510648,84.52377,84.64825,85.68833
2022-01-14 12:03:26.006711,84.31831,84.90575,85.68833
2022-01-14 12:03:26.505177,83.85417,84.33875,86.15958
2022-01-14 12:03:27.004905,84.21434,84.23475,86.15958
2022-01-14 12:03:27.506378,83.85417,84.4415,86.08135
2022-01-14 12:03:28.005159,84.78245,85.16325,86.08135
2022-01-14 12:03:28.501420,83.64747,84.28675,87.80895
2022-01-14 12:03:29.001362,84.21434,84.3895,87.80895
2022-01-14 12:03:29.505964,84.36905,84.64825,85.96354
2022-01-14 12:03:30.003921,84.31831,84.90575,85.96354
2022-01-14 12:03:30.503021,84.05963,84.4415,85.57051
2022-01-14 12:03:31.001514,83.64747,84.08,85.57051
2022-01-14 12:03:31.506405,84.31831,84.4935,85.6101
2022-01-14 12:03:32.003527,84.05963,84.699,85.6101
2022-01-14 12:03:32.510359,84.26632,84.64825,86.23875
2022-01-14 12:03:33.007751,84.1636,84.28675,86.23875
2022-01-14 12:03:33.504627,84.05963,84.3895,86.3952
2022-01-14 12:03:34.002069,84.36905,84.54425,86.3952
2022-01-14 12:03:34.509995,84.26632,84.64825,85.68833
2022-01-14 12:03:35.005193,83.90492,84.23475,85.68833
2022-01-14 12:03:35.509767,84.00888,84.803,86.04176
2022-01-14 12:03:36.002171,84.00888,84.23475,86.04176
2022-01-14 12:03:36.501240,84.57575,84.751,85.53187
2022-01-14 12:03:37.010356,84.1636,84.4935,85.53187
2022-01-14 12:03:37.505630,84.1636,84.4935,86.94562
2022-01-14 12:03:38.005836,83.80219,84.4415,86.94562
2022-01-14 12:03:38.501010,84.57575,84.64825,86.43479
2022-01-14 12:03:39.009215,84.05963,84.803,86.43479
2022-01-14 12:03:39.505936,84.1636,84.4935,85.88531
2022-01-14 12:03:40.002243,84.00888,84.33875,85.88531
2022-01-14 12:03:40.508439,84.26632,84.54425,85.84572
2022-01-14 12:03:41.006794,84.42104,84.64825,85.84572
2022-01-14 12:03:41.502885,83.7502,84.3895,85.37447
2022-01-14 12:03:42.002002,84.31831,84.64825,85.37447
2022-01-14 12:03:42.510809,83.90492,84.64825,85.68833
2022-01-14 12:03:43.009616,84.26632,84.59625,85.68833
2022-01-14 12:03:43.504607,84.31831,84.59625,85.57051
2022-01-14 12:03:44.004302,83.90492,84.132,85.57051
2022-01-14 12:03:44.510167,84.42104,84.59625,85.6101
2022-01-14 12:03:45.008963,83.69946,84.23475,85.6101
2022-01-14 12:03:45.503725,84.21434,84.54425,86.27739
2022-01-14 12:03:46.008970,83.69946,84.33875,86.27739
2022-01-14 12:03:46.502333,84.78245,85.0605,86.43479
2022-01-14 12:03:47.003174,83.59549,83.97725,86.43479
2022-01-14 12:03:47.508724,84.57575,84.751,86.04176
2022-01-14 12:03:48.009231,84.42104,84.33875,86.04176
2022-01-14 12:03:48.504982,84.00888,84.64825,85.92395
2022-01-14 12:03:49.005722,84.11161,84.33875,85.92395
2022-01-14 12:03:49.509897,83.69946,84.132,85.84572
2022-01-14 12:03:50.008038,84.52377,84.90575,85.84572
2022-01-14 12:03:50.503756,83.85417,84.54425,84.90322
2022-01-14 12:03:51.002432,84.42104,84.751,84.90322
2022-01-14 12:03:51.503433,83.90492,83.8745,86.27739
2022-01-14 12:03:52.002535,84.52377,84.90575,86.27739
2022-01-14 12:03:52.507433,84.42104,84.59625,85.80614
2022-01-14 12:03:53.004599,83.80219,84.33875,85.80614
2022-01-14 12:03:53.510270,84.31831,84.59625,86.27739
2022-01-14 12:03:54.009821,83.54475,84.132,86.27739
2022-01-14 12:03:54.506634,84.83319,85.0085,85.80614
2022-01-14 12:03:55.001182,84.05963,84.184,85.80614
2022-01-14 12:03:55.502376,84.00888,84.4935,86.19916
2022-01-14 12:03:56.011100,84.26632,84.4415,86.19916
2022-01-14 12:03:56.500893,84.00888,84.699,85.68833
2022-01-14 12:03:57.002364,84.36905,84.54425,85.68833
2022-01-14 12:03:57.501749,83.7502,84.3895,86.12093
2022-01-14 12:03:58.010931,84.05963,84.4415,86.12093
2022-01-14 12:03:58.504911,84.11161,84.184,85.33489
2022-01-14 12:03:59.004199,84.78245,85.1125,85.33489
2022-01-14 12:03:59.507836,83.7502,83.92525,85.68833
2022-01-14 12:04:00.007117,84.11161,84.85375,85.68833
2022-01-14 12:04:00.505013,83.90492,84.23475,85.68833
2022-01-14 12:04:01.002632,84.52377,85.0605,85.68833
2022-01-14 12:04:01.510133,83.7502,83.97725,86.19916
2022-01-14 12:04:02.003061,83.90492,84.33875,86.19916
2022-01-14 12:04:02.503057,84.21434,84.54425,85.53187
2022-01-14 12:04:03.010274,84.52377,84.699,85.53187
2022-01-14 12:04:03.504348,84.1636,84.95775,86.08135
2022-01-14 12:04:04.001350,83.9569,84.23475,86.08135
2022-01-14 12:04:04.510439,84.1636,84.54425,85.53187
2022-01-14 12:04:05.008866,84.42104,84.54425,85.53187
2022-01-14 12:04:05.503016,83.9569,84.4935,86.15958
2022-01-14 12:04:06.001595,84.1636,84.54425,86.15958
2022-01-14 12:04:06.508569,84.11161,84.28675,85.88531
2022-01-14 12:04:07.007388,83.9569,84.54425,85.88531
2022-01-14 12:04:07.502733,84.31831,84.54425,86.15958
2022-01-14 12:04:08.009319,84.05963,84.59625,86.15958
2022-01-14 12:04:08.501833,84.1636,84.184,85.72791
2022-01-14 12:04:09.001861,83.9569,84.4935,85.72791
2022-01-14 12:04:09.507735,84.1636,84.3895,85.96354
2022-01-14 12:04:10.005091,84.42104,84.54425,85.96354
2022-01-14 12:04:10.501679,83.64747,84.33875,85.29625
2022-01-14 12:04:11.011081,84.36905,84.4935,85.29625
2022-01-14 12:04:11.505847,84.05963,84.751,86.08135
2022-01-14 12:04:12.007544,84.26632,84.3895,86.08135
2022-01-14 12:04:12.502737,83.7502,84.23475,85.53187
2022-01-14 12:04:13.000929,84.52377,84.95775,85.53187
2022-01-14 12:04:13.509193,83.9569,84.184,86.78822
2022-01-14 12:04:14.010496,84.52377,84.90575,86.78822
2022-01-14 12:04:14.506539,84.05963,84.4415,85.4527
2022-01-14 12:04:15.004624,83.80219,84.28675,85.4527
2022-01-14 12:04:15.504681,84.67848,84.95775,85.84572
2022-01-14 12:04:16.010601,83.44078,84.08,85.84572
2022-01-14 12:04:16.506575,84.62773,84.90575,85.80614
2022-01-14 12:04:17.007038,83.90492,84.132,85.80614
2022-01-14 12:04:17.505475,84.36905,84.59625,86.27739
2022-01-14 12:04:18.003389,83.90492,84.08,86.27739
2022-01-14 12:04:18.505747,84.36905,85.0605,85.33489
2022-01-14 12:04:19.010598,84.1636,84.28675,85.33489
2022-01-14 12:04:19.503660,83.85417,84.28675,85.88531
2022-01-14 12:04:20.002675,84.21434,84.4415,85.88531
2022-01-14 12:04:20.509290,83.7502,84.132,85.4527
2022-01-14 12:04:21.003006,84.57575,84.85375,85.4527
2022-01-14 12:04:21.510508,84.05963,84.132,85.49229
2022-01-14 12:04:22.004506,84.00888,84.54425,85.49229
2022-01-14 12:04:22.506026,84.05963,84.33875,85.96354
2022-01-14 12:04:23.007292,84.36905,84.751,85.96354
2022-01-14 12:04:23.506556,84.11161,84.4415,86.04176
2022-01-14 12:04:24.008216,84.00888,84.64825,86.04176
2022-01-14 12:04:24.505743,84.11161,84.4415,85.21708
2022-01-14 12:04:25.005170,84.31831,84.33875,85.21708
2022-01-14 12:04:25.500730,84.67848,85.26725,85.6101
2022-01-14 12:04:26.008171,83.59549,83.92525,85.6101
2022-01-14 12:04:26.503021,84.1636,84.59625,85.7675
2022-01-14 12:04:27.001329,84.11161,84.23475,85.7675
2022-01-14 12:04:27.507256,83.9569,84.4935,86.12093
2022-01-14 12:04:28.006340,84.47302,84.751,86.12093
2022-01-14 12:04:28.500734,84.00888,84.08,86.12093
2022-01-14 12:04:29.009317,84.21434,84.699,86.12093
2022-01-14 12:04:29.505558,84.47302,84.751,85.57051
2022-01-14 12:04:30.002534,84.42104,84.751,85.57051
2022-01-14 12:04:30.506680,83.64747,83.8745,85.80614
2022-01-14 12:04:31.004322,83.7502,84.33875,85.80614
2022-01-14 12:04:31.505432,83.9569,84.33875,86.71
2022-01-14 12:04:32.007488,84.67848,84.803,86.71
2022-01-14 12:04:32.501605,83.69946,84.28675,86.08135
2022-01-14 12:04:33.001475,84.11161,84.28675,86.08135
2022-01-14 12:04:33.505730,84.00888,84.3895,85.84572
2022-01-14 12:04:34.004649,84.67848,84.85375,85.84572
2022-01-14 12:04:34.510553,83.9569,84.3895,85.68833
2022-01-14 12:04:35.004464,83.9569,84.28675,85.68833
2022-01-14 12:04:35.508241,84.21434,84.3895,85.96354
2022-01-14 12:04:36.004990,84.42104,84.90575,85.96354
2022-01-14 12:04:36.506230,84.31831,84.59625,85.37447
2022-01-14 12:04:37.010607,83.7502,84.3895,85.37447
2022-01-14 12:04:37.504069,84.31831,84.4415,85.29625
2022-01-14 12:04:38.001959,83.9569,84.28675,85.29625
2022-01-14 12:04:38.506041,84.52377,84.95775,85.64968
2022-01-14 12:04:39.007405,83.9569,84.28675,85.64968
2022-01-14 12:04:39.510351,84.1636,84.4935,86.19916
2022-01-14 12:04:40.009105,84.31831,84.54425,86.19916
2022-01-14 12:04:40.503313,83.80219,84.33875,85.02104
2022-01-14 12:04:41.010587,84.47302,84.54425,85.02104
2022-01-14 12:04:41.501910,83.80219,84.184,86.12093
2022-01-14 12:04:42.005076,84.47302,84.59625,86.12093
2022-01-14 12:04:42.505163,83.59549,84.02925,85.21708
2022-01-14 12:04:43.004382,84.52377,84.95775,85.21708
2022-01-14 12:04:43.508932,84.31831,84.28675,85.7675
2022-01-14 12:04:44.001749,84.05963,84.64825,85.7675
2022-01-14 12:04:44.508376,83.9569,84.33875,85.80614
2022-01-14 12:04:45.002382,84.05963,84.4415,85.80614
2022-01-14 12:04:45.503354,84.47302,84.699,86.3952
2022-01-14 12:04:46.006658,83.64747,84.132,86.3952
2022-01-14 12:04:46.510930,84.21434,84.751,85.33489
2022-01-14 12:04:47.009346,84.05963,84.132,85.33489
2022-01-14 12:04:47.501178,84.47302,85.0605,85.88531
2022-01-14 12:04:48.003819,83.9569,84.23475,85.88531
2022-01-14 12:04:48.508826,84.11161,84.59625,85.49229
2022-01-14 12:04:49.005238,83.7502,83.92525,85.49229
2022-01-14 12:04:49.503193,84.47302,84.95775,85.7675
2022-01-14 12:04:50.006493,84.36905,84.699,85.7675
2022-01-14 12:04:50.508541,84.31831,84.3895,86.23875
2022-01-14 12:04:51.008848,84.00888,84.33875,86.23875
2022-01-14 12:04:51.510995,84.00888,84.23475,85.57051
2022-01-14 12:04:52.004977,84.52377,85.1125,85.57051
2022-01-14 12:04:52.505729,84.31831,84.699,86.51301
2022-01-14 12:04:53.002205,83.49276,83.92525,86.51301
2022-01-14 12:04:53.505526,84.31831,84.64825,85.33489
2022-01-14 12:04:54.009312,84.36905,84.64825,85.33489
2022-01-14 12:04:54.507019,84.57575,84.803,85.33489
2022-01-14 12:04:55.002101,83.9569,84.23475,85.33489
2022-01-14 12:04:55.504152,83.69946,84.184,86.47437
2022-01-14 12:04:56.008471,84.42104,84.64825,86.47437
2022-01-14 12:04:56.509890,84.36905,84.90575,85.6101
2022-01-14 12:04:57.001331,83.7502,84.08,85.6101
2022-01-14 12:04:57.507349,84.11161,84.54425,85.7675
2022-01-14 12:04:58.001785,83.9569,84.3895,85.7675
2022-01-14 12:04:58.502224,84.52377,84.59625,85.37447
2022-01-14 12:04:59.006211,84.05963,84.4935,85.37447
2022-01-14 12:04:59.503614,84.1636,84.54425,85.29625
2022-01-14 12:05:00.002711,83.80219,84.08,85.29625
2022-01-14 12:05:00.510056,84.36905,84.803,85.92395
2022-01-14 12:05:01.005514,83.7502,84.02925,85.92395
2022-01-14 12:05:01.507790,84.31831,84.803,85.92395
2022-01-14 12:05:02.004825,84.31831,84.4935,85.92395
2022-01-14 12:05:02.507796,83.7502,84.132,85.84572
2022-01-14 12:05:03.007857,84.73046,85.0085,85.84572
2022-01-14 12:05:03.502444,83.69946,84.28675,85.57051
2022-01-14 12:05:04.010813,84.36905,84.59625,85.57051
2022-01-14 12:05:04.508471,83.44078,84.23475,85.6101
2022-01-14 12:05:05.003095,84.52377,84.95775,85.6101
2022-01-14 12:05:05.505085,84.26632,84.28675,86.12093
2022-01-14 12:05:06.002154,84.1636,84.4935,86.12093
2022-01-14 12:05:06.507525,83.9569,84.184,85.72791
2022-01-14 12:05:07.004491,84.00888,84.3895,85.72791
2022-01-14 12:05:07.509024,84.36905,84.803,85.37447
2022-01-14 12:05:08.002886,83.39003,84.08,85.37447
2022-01-14 12:05:08.509027,84.62773,85.0605,85.49229
2022-01-14 12:05:09.002188,84.00888,84.08,85.49229
2022-01-14 12:05:09.509312,84.11161,84.4415,86.08135
2022-01-14 12:05:10.000638,84.31831,84.4935,86.08135
2022-01-14 12:05:10.508375,83.80219,84.132,86.04176
2022-01-14 12:05:11.006037,84.47302,84.751,86.04176
2022-01-14 12:05:11.509887,83.54475,83.7705,85.41406
2022-01-14 12:05:12.004952,84.36905,84.90575,85.41406
2022-01-14 12:05:12.505570,83.80219,84.28675,85.84572
2022-01-14 12:05:13.001283,84.62773,85.0085,85.84572
2022-01-14 12:05:13.502312,83.69946,83.7705,85.57051
2022-01-14 12:05:14.002156,84.47302,84.95775,85.57051
2022-01-14 12:05:14.501618,84.26632,84.59625,85.53187
2022-01-14 12:05:15.003713,83.9569,84.184,85.53187
2022-01-14 12:05:15.506892,84.31831,84.803,85.41406
2022-01-14 12:05:16.005647,83.59549,84.02925,85.41406
2022-01-14 12:05:16.503745,84.52377,84.803,85.21708
2022-01-14 12:05:17.006550,84.1636,84.33875,85.21708
2022-01-14 12:05:17.510139,83.80219,84.28675,86.31697
2022-01-14 12:05:18.004552,84.1636,84.3895,86.31697
2022-01-14 12:05:18.507335,84.31831,84.64825,86.3952
2022-01-14 12:05:19.004861,84.11161,84.4935,86.3952
2022-01-14 12:05:19.508716,83.9569,84.4415,86.08135
2022-01-14 12:05:20.003114,84.1636,84.3895,86.08135
2022-01-14 12:05:20.504799,84.42104,84.4415,85.64968
2022-01-14 12:05:21.003004,84.11161,84.4935,85.64968
2022-01-14 12:05:21.509308,84.1636,84.4415,85.53187
2022-01-14 12:05:22.011072,83.85417,84.184,85.53187
2022-01-14 12:05:22.508491,84.57575,84.95775,85.7675
2022-01-14 12:05:23.004062,83.64747,84.23475,85.7675
2022-01-14 12:05:23.509156,84.73046,84.95775,85.7675
2022-01-14 12:05:24.003516,84.00888,83.92525,85.7675
2022-01-14 12:05:24.509892,83.69946,84.4415,85.57051
2022-01-14 12:05:25.007801,84.57575,85.0605,85.57051
2022-01-14 12:05:25.504934,83.85417,84.132,85.92395
2022-01-14 12:05:26.003613,84.26632,84.54425,85.92395
2022-01-14 12:05:26.508903,83.49276,84.132,85.92395
2022-01-14 12:05:27.001906,84.42104,84.803,85.92395
2022-01-14 12:05:27.505645,84.47302,84.4935,85.92395
2022-01-14 12:05:28.003294,84.00888,84.28675,85.92395
2022-01-14 12:05:28.505455,84.1636,84.4415,85.21708
2022-01-14 12:05:29.009603,83.69946,84.28675,85.21708
2022-01-14 12:05:29.502433,84.78245,85.1125,85.88531
2022-01-14 12:05:30.011238,83.49276,83.8745,85.88531
2022-01-14 12:05:30.507058,84.57575,84.90575,85.88531
2022-01-14 12:05:31.005250,83.7502,84.02925,85.88531
2022-01-14 12:05:31.504530,84.9879,85.16325,86.82781
2022-01-14 12:05:32.009517,83.9569,84.08,86.82781
2022-01-14 12:05:32.502851,83.80219,84.28675,85.53187
2022-01-14 12:05:33.009311,84.52377,84.751,85.53187
2022-01-14 12:05:33.503967,83.90492,84.3895,85.37447
2022-01-14 12:05:34.009283,84.47302,84.95775,85.37447
2022-01-14 12:05:34.501872,83.69946,84.132,85.57051
2022-01-14 12:05:35.008647,84.57575,84.64825,85.57051
2022-01-14 12:05:35.503022,84.11161,84.4415,85.88531
2022-01-14 12:05:36.001277,84.26632,84.699,85.88531
2022-01-14 12:05:36.506588,83.80219,84.132,85.33489
2022-01-14 12:05:37.005040,84.21434,84.4935,85.33489
2022-01-14 12:05:37.508759,84.36905,84.90575,86.15958
2022-01-14 12:05:38.002590,83.23532,83.7705,86.15958
2022-01-14 12:05:38.501081,84.88517,85.0605,86.71
2022-01-14 12:05:39.006821,83.54475,83.513,86.71
2022-01-14 12:05:39.509279,84.52377,84.751,237.1952
2022-01-14 12:05:40.002383,84.21434,84.4415,237.1952
2022-01-14 12:05:40.507002,83.69946,84.02925,215.91072
2022-01-14 12:05:41.004684,84.47302,84.59625,215.91072
2022-01-14 12:05:41.509762,83.23532,83.92525,146.83301
2022-01-14 12:05:42.005258,84.47302,84.54425,146.83301
2022-01-14 12:05:42.509290,83.64747,83.8225,92.56104
2022-01-14 12:05:43.005558,84.78245,84.95775,92.56104
2022-01-14 12:05:43.509104,83.54475,83.7705,94.79947
2022-01-14 12:05:44.002320,84.31831,84.59625,94.79947
2022-01-14 12:05:44.502712,83.7502,84.02925,90.44041
2022-01-14 12:05:45.003284,84.26632,84.90575,90.44041
2022-01-14 12:05:45.504360,84.47302,84.85375,88.20197
2022-01-14 12:05:46.010210,83.64747,84.02925,88.20197
2022-01-14 12:05:46.503621,84.05963,84.3895,85.96354
2022-01-14 12:05:47.009120,84.42104,84.59625,85.96354
2022-01-14 12:05:47.510473,84.05963,84.59625,87.29906
2022-01-14 12:05:48.005145,84.62773,84.85375,87.29906
2022-01-14 12:05:48.510791,83.44078,83.7705,86.90604
2022-01-14 12:05:49.007012,84.11161,84.3895,86.90604
2022-01-14 12:05:49.505195,84.21434,84.64825,86.15958
2022-01-14 12:05:50.006600,84.21434,84.3895,86.15958
2022-01-14 12:05:50.504329,83.80219,84.08,86.94562
2022-01-14 12:05:51.002543,84.05963,84.3895,86.94562
2022-01-14 12:05:51.506416,84.21434,84.751,85.4527
2022-01-14 12:05:52.001581,84.36905,84.751,85.4527
2022-01-14 12:05:52.507519,84.1636,84.4935,86.27739
2022-01-14 12:05:53.004683,83.64747,84.184,86.27739
2022-01-14 12:05:53.508423,84.42104,84.64825,85.6101
2022-01-14 12:05:54.007078,84.52377,84.803,85.6101
2022-01-14 12:05:54.509861,83.90492,84.3895,86.63083
2022-01-14 12:05:55.003448,84.1636,84.54425,86.63083
2022-01-14 12:05:55.508028,83.9569,84.4935,85.41406
2022-01-14 12:05:56.005144,84.78245,85.0605,85.41406
2022-01-14 12:05:56.510967,83.90492,84.4415,86.47437
2022-01-14 12:05:57.007293,83.9569,84.33875,86.47437
2022-01-14 12:05:57.506134,84.21434,84.33875,85.80614
2022-01-14 12:05:58.001864,84.11161,84.59625,85.80614
2022-01-14 12:05:58.507064,84.31831,84.85375,84.90322
2022-01-14 12:05:59.004318,84.21434,84.54425,84.90322
2022-01-14 12:05:59.507440,84.00888,84.3895,85.96354
2022-01-14 12:06:00.010210,83.90492,84.33875,85.96354
2022-01-14 12:06:00.502491,84.78245,85.1125,85.57051
2022-01-14 12:06:01.000490,83.80219,84.132,85.57051
2022-01-14 12:06:01.505131,84.26632,84.4415,85.96354
2022-01-14 12:06:02.004119,83.85417,84.33875,85.96354
2022-01-14 12:06:02.510979,84.05963,84.4935,85.53187
2022-01-14 12:06:03.008353,84.47302,84.90575,85.53187
2022-01-14 12:06:03.503366,83.80219,84.23475,86.3952
2022-01-14 12:06:04.002456,84.26632,84.54425,86.3952
2022-01-14 12:06:04.508240,84.00888,84.33875,85.33489
2022-01-14 12:06:05.004786,84.62773,84.85375,85.33489
2022-01-14 12:06:05.509294,84.21434,84.699,86.00312
2022-01-14 12:06:06.008606,83.69946,84.184,86.00312
2022-01-14 12:06:06.504288,84.1636,84.54425,85.68833
2022-01-14 12:06:07.002091,84.1636,84.59625,85.68833
2022-01-14 12:06:07.501967,84.1636,84.4935,85.64968
2022-01-14 12:06:08.007493,84.26632,84.699,85.64968
2022-01-14 12:06:08.502173,84.31831,84.59625,85.64968
2022-01-14 12:06:09.009218,84.11161,84.23475,85.64968
2022-01-14 12:06:09.504573,84.21434,84.699,86.04176
2022-01-14 12:06:10.001287,84.05963,84.59625,86.04176
2022-01-14 12:06:10.506813,83.7502,84.33875,85.6101
2022-01-14 12:06:11.005832,84.05963,84.3895,85.6101
2022-01-14 12:06:11.501516,83.9569,84.4935,86.15958
2022-01-14 12:06:12.010556,84.31831,84.54425,86.15958
2022-01-14 12:06:12.504379,84.47302,84.699,85.49229
2022-01-14 12:06:13.008304,83.85417,84.28675,85.49229
2022-01-14 12:06:13.501409,84.21434,84.59625,86.19916
2022-01-14 12:06:14.002811,84.36905,84.751,86.19916
2022-01-14 12:06:14.510781,84.31831,84.699,85.92395
2022-01-14 12:06:15.003597,83.80219,84.28675,85.92395
2022-01-14 12:06:15.504816,84.05963,84.08,85.96354
2022-01-14 12:06:16.006568,84.57575,84.85375,85.96354
2022-01-14 12:06:16.501900,84.21434,84.3895,86.15958
2022-01-14 12:06:18.002828,84.62773,84.90575,86.23875
2022-01-14 12:06:18.508716,83.69946,84.4415,84.98145
2022-01-14 12:06:19.004061,84.47302,84.59625,84.98145
2022-01-14 12:06:19.509752,84.21434,84.3895,85.72791
2022-01-14 12:06:20.007186,83.59549,83.8225,85.72791
2022-01-14 12:06:20.502135,84.93716,85.21525,85.7675
2022-01-14 12:06:21.010894,83.85417,84.28675,85.7675
2022-01-14 12:06:21.507588,84.26632,84.3895,85.68833
2022-01-14 12:06:22.005322,83.7502,84.132,85.68833
2022-01-14 12:06:22.510872,84.21434,84.64825,85.88531
2022-01-14 12:06:23.008406,84.1636,84.4415,85.88531
2022-01-14 12:06:23.502507,84.52377,84.751,85.84572
2022-01-14 12:06:24.010552,84.00888,84.54425,85.84572
2022-01-14 12:06:24.507216,83.85417,84.3895,86.63083
2022-01-14 12:06:25.005217,85.03989,85.16325,86.63083
2022-01-14 12:06:25.510985,83.54475,83.97725,86.08135
2022-01-14 12:06:26.006821,84.47302,84.59625,86.08135
2022-01-14 12:06:26.506586,83.44078,84.08,85.53187
2022-01-14 12:06:27.001225,84.47302,84.54425,85.53187
2022-01-14 12:06:27.502039,84.26632,84.54425,86.31697
2022-01-14 12:06:28.006985,83.85417,84.4415,86.31697
2022-01-14 12:06:28.500883,84.42104,84.803,85.7675
2022-01-14 12:06:29.007665,84.05963,84.4415,85.7675
2022-01-14 12:06:29.501146,84.42104,84.54425,85.37447
2022-01-14 12:06:30.009347,83.7502,84.28675,85.37447
2022-01-14 12:06:30.509248,84.11161,84.33875,85.7675
2022-01-14 12:06:31.008814,84.31831,84.699,85.7675
2022-01-14 12:06:31.501240,84.00888,84.4935,86.15958
2022-01-14 12:06:32.003306,84.1636,84.4415,86.15958
2022-01-14 12:06:32.505958,84.05963,84.4415,85.6101
2022-01-14 12:06:33.001418,84.36905,84.64825,85.6101
2022-01-14 12:06:33.506194,83.85417,84.54425,86.04176
2022-01-14 12:06:34.003734,84.1636,84.3895,86.04176
2022-01-14 12:06:34.509255,84.42104,84.699,85.72791
2022-01-14 12:06:35.006663,84.05963,84.4935,85.72791
2022-01-14 12:06:35.501207,84.36905,84.751,85.6101
2022-01-14 12:06:36.001757,84.05963,84.33875,85.6101
2022-01-14 12:06:36.501458,84.26632,84.3895,85.72791
2022-01-14 12:06:37.009744,83.9569,84.64825,85.72791
2022-01-14 12:06:37.510325,84.21434,84.4415,85.92395
2022-01-14 12:06:38.002242,84.26632,84.59625,85.92395
2022-01-14 12:06:38.510167,84.31831,84.751,84.86364
2022-01-14 12:06:39.009447,84.31831,84.751,84.86364
2022-01-14 12:06:39.505289,83.85417,84.132,86.08135
2022-01-14 12:06:40.003187,84.42104,84.751,86.08135
2022-01-14 12:06:40.505574,83.85417,84.4415,85.68833
2022-01-14 12:06:41.005898,84.47302,84.54425,85.68833
2022-01-14 12:06:41.507954,84.00888,84.33875,86.71
2022-01-14 12:06:42.007119,84.05963,84.3895,86.71
2022-01-14 12:06:42.505486,84.52377,84.90575,85.64968
2022-01-14 12:06:43.009745,83.59549,84.184,85.64968
2022-01-14 12:06:43.510389,84.73046,84.90575,86.5526
2022-01-14 12:06:44.002489,83.64747,84.23475,86.5526
2022-01-14 12:06:44.504473,84.42104,84.85375,85.6101
2022-01-14 12:06:45.008317,83.85417,84.4415,85.6101
2022-01-14 12:06:45.504182,84.42104,84.59625,85.68833
2022-01-14 12:06:46.003015,84.31831,84.59625,85.68833
2022-01-14 12:06:46.501267,83.54475,83.97725,85.80614
2022-01-14 12:06:47.003477,84.26632,84.699,85.80614
2022-01-14 12:06:47.504378,83.85417,84.33875,86.12093
2022-01-14 12:06:48.008850,84.42104,84.699,86.12093
2022-01-14 12:06:48.507451,83.49276,84.08,85.41406
2022-01-14 12:06:49.010308,84.36905,84.699,85.41406
2022-01-14 12:06:49.508785,84.36905,84.59625,85.37447
2022-01-14 12:06:50.004965,83.9569,84.132,85.37447
2022-01-14 12:06:50.508588,84.21434,84.64825,85.53187
2022-01-14 12:06:51.008195,83.64747,84.184,85.53187
2022-01-14 12:06:51.507071,84.88517,85.21525,85.64968
2022-01-14 12:06:52.006777,83.39003,84.02925,85.64968
2022-01-14 12:06:52.509645,84.31831,84.751,86.19916
2022-01-14 12:06:53.002977,84.26632,84.4935,86.19916
2022-01-14 12:06:53.505125,84.42104,84.85375,86.04176
2022-01-14 12:06:54.008897,83.90492,84.184,86.04176
2022-01-14 12:06:54.506430,84.05963,84.4415,85.21708
2022-01-14 12:06:55.009270,84.11161,84.28675,85.21708
2022-01-14 12:06:55.501289,84.05963,84.751,85.57051
2022-01-14 12:06:56.010596,84.26632,84.4415,85.57051
2022-01-14 12:06:57.004888,84.42104,84.59625,86.27739
2022-01-14 12:06:57.510721,84.21434,84.59625,85.92395
2022-01-14 12:06:58.003878,84.11161,84.699,85.92395
2022-01-14 12:06:58.509329,84.05963,84.184,85.7675
2022-01-14 12:06:59.007104,84.00888,84.4935,85.7675
2022-01-14 12:06:59.501805,83.9569,84.02925,86.3952
2022-01-14 12:07:00.004610,84.26632,84.751,86.3952
2022-01-14 12:07:00.505561,84.42104,84.751,85.64968
2022-01-14 12:07:01.001962,84.1636,84.184,85.64968
2022-01-14 12:07:01.505485,83.85417,84.28675,86.67041
2022-01-14 12:07:02.010603,84.1636,84.54425,86.67041
2022-01-14 12:07:02.509675,84.42104,84.85375,85.4527
2022-01-14 12:07:03.004233,84.11161,84.28675,85.4527
2022-01-14 12:07:03.501119,83.7502,84.54425,86.04176
2022-01-14 12:07:04.005155,84.26632,84.54425,86.04176
2022-01-14 12:07:04.504829,84.52377,84.54425,85.17843
2022-01-14 12:07:05.002043,83.9569,84.4415,85.17843
2022-01-14 12:07:05.506162,84.26632,84.4935,85.64968
2022-01-14 12:07:06.003516,83.80219,84.184,85.64968
2022-01-14 12:07:06.503385,84.42104,84.59625,85.57051
2022-01-14 12:07:07.005932,84.00888,84.751,85.57051
2022-01-14 12:07:07.501030,84.00888,84.28675,85.6101
2022-01-14 12:07:08.001710,84.52377,84.59625,85.6101
2022-01-14 12:07:08.502268,83.7502,84.23475,85.7675
2022-01-14 12:07:09.009255,84.47302,84.54425,85.7675
2022-01-14 12:07:09.506037,83.90492,84.33875,86.15958
2022-01-14 12:07:10.003402,84.78245,84.803,86.15958
2022-01-14 12:07:10.502975,83.23532,83.97725,85.49229
2022-01-14 12:07:11.006991,84.62773,84.751,85.49229
2022-01-14 12:07:11.505201,84.42104,84.64825,85.49229
2022-01-14 12:07:12.010457,84.26632,84.4935,85.49229
2022-01-14 12:07:12.510820,84.26632,84.54425,85.80614
2022-01-14 12:07:13.009357,83.64747,84.23475,85.80614
2022-01-14 12:07:13.504508,84.62773,84.85375,85.25666
2022-01-14 12:07:14.007866,83.90492,84.751,85.25666
2022-01-14 12:07:14.508317,84.21434,84.4935,86.00312
2022-01-14 12:07:15.009179,84.11161,84.23475,86.00312
2022-01-14 12:07:15.511114,84.21434,84.4935,85.88531
2022-01-14 12:07:16.008596,84.21434,84.4935,85.88531
2022-01-14 12:07:16.505906,84.1636,84.59625,85.17843
2022-01-14 12:07:17.004751,83.90492,83.92525,85.17843
2022-01-14 12:07:17.506097,84.00888,84.59625,85.92395
2022-01-14 12:07:18.001448,84.47302,84.90575,85.92395
2022-01-14 12:07:18.507675,83.85417,84.3895,86.31697
2022-01-14 12:07:19.006059,84.42104,84.4415,86.31697
2022-01-14 12:07:19.505282,83.85417,84.132,85.7675
2022-01-14 12:07:20.001768,84.11161,84.751,85.7675
2022-01-14 12:07:20.501743,84.31831,84.54425,86.63083
2022-01-14 12:07:21.000675,83.90492,84.3895,86.63083
2022-01-14 12:07:21.502803,84.05963,84.23475,86.27739
2022-01-14 12:07:22.006092,83.7502,84.4415,86.27739
2022-01-14 12:07:22.506894,84.62773,84.90575,85.7675
2022-01-14 12:07:23.003797,84.26632,84.28675,85.7675
2022-01-14 12:07:23.509169,84.05963,84.803,86.43479
2022-01-14 12:07:24.003283,83.80219,83.97725,86.43479
2022-01-14 12:07:24.503908,84.36905,84.95775,85.53187
2022-01-14 12:07:25.005713,84.11161,84.3895,85.53187
2022-01-14 12:07:25.509440,84.00888,84.699,85.88531
2022-01-14 12:07:26.001235,83.90492,83.97725,85.88531
2022-01-14 12:07:26.502459,84.62773,84.803,86.19916
2022-01-14 12:07:27.006411,84.31831,84.699,86.19916
2022-01-14 12:07:27.504113,84.00888,84.28675,86.47437
2022-01-14 12:07:28.004560,83.85417,84.54425,86.47437
2022-01-14 12:07:28.504878,84.11161,84.28675,85.64968
2022-01-14 12:07:29.009746,84.11161,84.699,85.64968
2022-01-14 12:07:29.505443,84.26632,84.4935,86.08135
2022-01-14 12:07:30.006558,84.11161,84.132,86.08135
2022-01-14 12:07:30.510300,84.1636,84.4415,85.25666
2022-01-14 12:07:31.003543,84.21434,84.3895,85.25666
2022-01-14 12:07:31.502017,84.05963,84.59625,86.51301
2022-01-14 12:07:32.007469,84.36905,84.4415,86.51301
2022-01-14 12:07:32.503565,83.7502,84.4935,85.53187
2022-01-14 12:07:33.007654,84.05963,84.4415,85.53187
2022-01-14 12:07:33.507125,84.31831,84.699,85.72791
2022-01-14 12:07:34.001058,84.05963,84.4935,85.72791
2022-01-14 12:07:34.502740,84.83319,84.90575,85.53187
2022-01-14 12:07:35.006318,83.49276,83.97725,85.53187
2022-01-14 12:07:35.508138,84.36905,84.54425,85.49229
2022-01-14 12:07:36.008777,83.90492,84.4935,85.49229
2022-01-14 12:07:36.508883,84.62773,84.90575,86.90604
2022-01-14 12:07:37.005222,83.7502,84.132,86.90604
2022-01-14 12:07:37.501098,84.1636,84.4415,86.94562
2022-01-14 12:07:38.006381,84.57575,84.699,86.94562
2022-01-14 12:07:38.502622,83.9569,84.59625,86.08135
2022-01-14 12:07:39.006986,84.62773,84.85375,86.08135
2022-01-14 12:07:39.510422,83.90492,84.33875,86.35656
2022-01-14 12:07:40.008978,84.52377,84.751,86.35656
2022-01-14 12:07:40.503902,84.00888,84.4935,86.08135
2022-01-14 12:07:41.001946,84.52377,84.64825,86.08135
2022-01-14 12:07:41.507529,84.11161,84.28675,85.96354
2022-01-14 12:07:42.005460,84.1636,84.54425,85.96354
2022-01-14 12:07:42.511153,84.26632,84.4935,85.64968
2022-01-14 12:07:43.005206,84.05963,84.59625,85.64968
2022-01-14 12:07:43.506404,84.11161,84.28675,85.96354
2022-01-14 12:07:44.005981,83.7502,84.4415,85.96354
2022-01-14 12:07:44.506998,84.26632,84.54425,85.6101
2022-01-14 12:07:45.001718,84.36905,84.3895,85.6101
2022-01-14 12:07:45.504792,84.21434,84.64825,86.51301
2022-01-14 12:07:46.003479,83.90492,84.28675,86.51301
2022-01-14 12:07:46.506354,84.11161,84.699,85.96354
2022-01-14 12:07:47.002683,84.36905,84.59625,85.96354
2022-01-14 12:07:47.507486,83.64747,84.184,85.80614
2022-01-14 12:07:48.001927,84.21434,84.4415,85.80614
2022-01-14 12:07:48.504116,84.11161,84.33875,86.5526
2022-01-14 12:07:49.001549,84.42104,84.85375,86.5526
2022-01-14 12:07:49.509020,83.9569,83.97725,86.00312
2022-01-14 12:07:50.003593,84.05963,84.64825,86.00312
2022-01-14 12:07:50.504961,83.90492,84.08,85.41406
2022-01-14 12:07:51.009251,84.36905,84.95775,85.41406
2022-01-14 12:07:51.507295,84.05963,84.23475,85.7675
2022-01-14 12:07:52.010323,84.47302,84.699,85.7675
2022-01-14 12:07:52.505248,83.9569,84.23475,86.31697
2022-01-14 12:07:53.004415,84.57575,84.751,86.31697
2022-01-14 12:07:53.508693,83.85417,84.4935,85.37447
2022-01-14 12:07:54.007310,84.26632,84.4415,85.37447
2022-01-14 12:07:54.508782,84.05963,84.4935,85.72791
2022-01-14 12:07:55.002928,84.05963,84.28675,85.72791
2022-01-14 12:07:55.507257,84.11161,84.4415,85.7675
2022-01-14 12:07:56.006392,84.47302,84.64825,85.7675
2022-01-14 12:07:56.509713,84.36905,84.33875,86.31697
2022-01-14 12:07:57.005781,83.7502,84.4935,86.31697
2022-01-14 12:07:57.507814,84.31831,84.699,86.00312
2022-01-14 12:07:58.007180,83.85417,84.33875,86.00312
2022-01-14 12:07:58.502968,84.11161,84.28675,85.6101
2022-01-14 12:07:59.010895,84.21434,84.803,85.6101
2022-01-14 12:07:59.506822,83.90492,84.184,86.15958
2022-01-14 12:08:00.003495,84.67848,84.64825,86.15958
2022-01-14 12:08:00.507314,83.44078,83.92525,86.00312
2022-01-14 12:08:01.004799,83.90492,84.184,86.00312
2022-01-14 12:08:01.509629,84.47302,84.90575,232.32625
2022-01-14 12:08:02.007781,83.49276,83.66775,232.32625
2022-01-14 12:08:02.503648,84.26632,84.59625,229.26312
2022-01-14 12:08:03.009949,83.80219,84.132,229.26312
2022-01-14 12:08:03.509498,84.67848,84.64825,183.00145
2022-01-14 12:08:04.002595,83.59549,83.97725,183.00145
2022-01-14 12:08:04.504844,84.47302,84.699,113.25645
2022-01-14 12:08:05.000748,83.44078,83.8745,113.25645
2022-01-14 12:08:05.506219,84.42104,84.59625,91.06906
2022-01-14 12:08:06.003023,83.39003,83.97725,91.06906
2022-01-14 12:08:06.509886,84.11161,84.3895,92.87489
2022-01-14 12:08:07.006745,84.26632,84.23475,92.87489
2022-01-14 12:08:07.501816,83.90492,84.28675,87.53468
2022-01-14 12:08:08.009005,84.47302,84.64825,87.53468
2022-01-14 12:08:08.508471,84.00888,84.64825,87.25947
2022-01-14 12:08:09.007031,84.52377,84.751,87.25947
2022-01-14 12:08:09.500967,83.59549,84.132,85.72791
2022-01-14 12:08:10.003857,84.42104,84.803,85.72791
2022-01-14 12:08:10.511170,83.90492,84.02925,86.00312
2022-01-14 12:08:11.009293,84.42104,84.85375,86.00312
2022-01-14 12:08:11.504269,84.31831,84.4935,86.82781
2022-01-14 12:08:12.001273,83.85417,84.33875,86.82781
2022-01-14 12:08:12.505541,84.47302,84.54425,86.08135
2022-01-14 12:08:13.005940,84.00888,84.54425,86.08135
2022-01-14 12:08:13.500500,84.31831,84.85375,86.74864
2022-01-14 12:08:14.009220,83.7502,84.28675,86.74864
2022-01-14 12:08:14.503591,84.42104,84.751,85.41406
2022-01-14 12:08:15.003153,84.1636,84.23475,85.41406
2022-01-14 12:08:15.508134,84.31831,85.21525,85.92395
2022-01-14 12:08:16.004913,84.05963,84.33875,85.92395
2022-01-14 12:08:16.508665,84.1636,84.4415,86.31697
2022-01-14 12:08:17.002184,84.11161,84.28675,86.31697
2022-01-14 12:08:17.507563,84.00888,84.64825,86.59218
2022-01-14 12:08:18.005650,84.52377,85.0085,86.59218
2022-01-14 12:08:18.507262,83.85417,83.97725,85.57051
2022-01-14 12:08:19.005912,84.05963,84.751,85.57051
2022-01-14 12:08:19.510689,84.26632,84.64825,85.84572
2022-01-14 12:08:20.007667,84.26632,84.54425,85.84572
2022-01-14 12:08:20.503382,84.47302,84.4935,85.53187
2022-01-14 12:08:21.001813,83.64747,84.23475,85.53187
2022-01-14 12:08:21.506469,83.7502,84.02925,86.12093
2022-01-14 12:08:22.002703,84.57575,84.699,86.12093
2022-01-14 12:08:22.507451,83.85417,84.33875,85.57051
2022-01-14 12:08:23.005760,84.26632,84.3895,85.57051
2022-01-14 12:08:23.503588,83.80219,84.33875,86.00312
2022-01-14 12:08:24.002589,84.52377,84.699,86.00312
2022-01-14 12:08:24.508796,83.85417,84.3895,86.04176
2022-01-14 12:08:25.008736,84.57575,84.85375,86.04176
2022-01-14 12:08:25.506475,84.00888,83.97725,86.3952
2022-01-14 12:08:26.000902,84.00888,84.54425,86.3952
2022-01-14 12:08:26.501384,84.52377,85.1125,85.21708
2022-01-14 12:08:27.010772,83.7502,84.184,85.21708
2022-01-14 12:08:27.500834,84.57575,84.699,86.12093
2022-01-14 12:08:28.009762,83.44078,84.08,86.12093
2022-01-14 12:08:28.505181,84.62773,85.0085,85.64968
2022-01-14 12:08:29.001744,84.21434,84.4935,85.64968
2022-01-14 12:08:29.509362,84.31831,84.751,85.53187
2022-01-14 12:08:30.009189,84.36905,84.4415,85.53187
2022-01-14 12:08:30.503782,83.85417,84.4415,86.47437
2022-01-14 12:08:31.002674,84.21434,84.4935,86.47437
2022-01-14 12:08:31.506922,83.90492,84.23475,85.72791
2022-01-14 12:08:32.005208,84.73046,85.0605,85.72791
2022-01-14 12:08:32.500830,83.39003,83.8225,86.5526
2022-01-14 12:08:33.009198,84.73046,85.0085,86.5526
2022-01-14 12:08:33.503188,84.1636,84.3895,86.74864
2022-01-14 12:08:34.001415,84.26632,84.85375,86.74864
2022-01-14 12:08:34.505982,84.42104,84.64825,85.68833
2022-01-14 12:08:35.003637,83.64747,83.97725,85.68833
2022-01-14 12:08:35.509589,84.52377,84.90575,86.00312
2022-01-14 12:08:36.007526,83.80219,84.3895,86.00312
2022-01-14 12:08:36.505809,84.31831,84.64825,85.64968
2022-01-14 12:08:37.000620,83.90492,84.132,85.64968
2022-01-14 12:08:37.500796,84.57575,85.1125,85.53187
2022-01-14 12:08:38.008267,83.9569,84.33875,85.53187
2022-01-14 12:08:38.502843,84.00888,84.54425,85.68833
2022-01-14 12:08:39.001287,83.9569,84.184,85.68833
2022-01-14 12:08:39.504663,84.00888,84.4415,85.72791
2022-01-14 12:08:40.000771,84.47302,84.90575,85.72791
2022-01-14 12:08:40.506762,84.05963,84.08,85.84572
2022-01-14 12:08:41.005993,84.42104,84.803,85.84572
2022-01-14 12:08:41.510046,83.85417,84.02925,86.59218
2022-01-14 12:08:42.009626,84.1636,84.59625,86.59218
2022-01-14 12:08:42.506982,84.21434,84.699,85.21708
2022-01-14 12:08:43.006988,83.54475,84.02925,85.21708
2022-01-14 12:08:43.507489,84.21434,84.699,86.86645
2022-01-14 12:08:44.001129,84.1636,84.02925,86.86645
2022-01-14 12:08:44.510215,84.1636,84.699,85.88531
2022-01-14 12:08:45.002991,84.1636,84.28675,85.88531
2022-01-14 12:08:45.504239,84.31831,84.59625,86.27739
2022-01-14 12:08:46.002816,84.05963,84.23475,86.27739
2022-01-14 12:08:46.510791,84.42104,84.95775,85.57051
2022-01-14 12:08:47.007543,84.11161,84.4935,85.57051
2022-01-14 12:08:47.508574,84.11161,84.23475,85.72791
2022-01-14 12:08:48.006362,84.1636,84.54425,85.72791
2022-01-14 12:08:48.501045,84.31831,84.59625,85.57051
2022-01-14 12:08:49.009085,84.00888,84.64825,85.57051
2022-01-14 12:08:49.503869,84.47302,84.59625,85.68833
2022-01-14 12:08:50.006118,84.05963,84.28675,85.68833
2022-01-14 12:08:50.502919,84.26632,84.699,85.96354
2022-01-14 12:08:51.009938,83.9569,84.4935,85.96354
2022-01-14 12:08:51.505319,84.1636,84.54425,86.71
2022-01-14 12:08:52.004127,84.42104,84.33875,86.71
2022-01-14 12:08:52.508918,83.7502,84.23475,86.27739
2022-01-14 12:08:53.007110,84.42104,84.803,86.27739
2022-01-14 12:08:53.501609,83.90492,84.184,85.41406
2022-01-14 12:08:54.010302,84.42104,84.64825,85.41406
2022-01-14 12:08:54.506765,83.85417,84.23475,85.13885
2022-01-14 12:08:55.007308,84.31831,84.803,85.13885
2022-01-14 12:08:55.502508,84.05963,84.08,85.68833
2022-01-14 12:08:56.010858,84.36905,84.751,85.68833
2022-01-14 12:08:56.505932,84.05963,84.33875,86.00312
2022-01-14 12:08:57.003150,83.69946,84.132,86.00312
2022-01-14 12:08:57.508011,84.42104,84.59625,85.92395
2022-01-14 12:08:58.005440,83.54475,83.92525,85.92395
2022-01-14 12:08:58.510657,84.62773,85.0605,86.23875
2022-01-14 12:08:59.008106,83.9569,84.132,86.23875
2022-01-14 12:08:59.503375,84.00888,84.3895,85.21708
2022-01-14 12:09:00.001323,84.31831,84.54425,85.21708
2022-01-14 12:09:00.504786,84.00888,84.3895,86.35656
2022-01-14 12:09:01.002841,84.42104,84.59625,86.35656
2022-01-14 12:09:01.508453,83.7502,84.4415,86.08135
2022-01-14 12:09:02.007114,84.47302,84.803,86.08135
2022-01-14 12:09:02.502933,83.85417,84.184,85.41406
2022-01-14 12:09:03.001234,84.47302,84.85375,85.41406
2022-01-14 12:09:03.509296,83.80219,84.02925,85.80614
2022-01-14 12:09:04.008343,84.31831,84.64825,85.80614
2022-01-14 12:09:04.502687,83.90492,84.23475,85.92395
2022-01-14 12:09:05.000532,83.64747,84.184,85.92395
2022-01-14 12:09:05.505892,84.62773,85.0085,85.68833
2022-01-14 12:09:06.004905,83.9569,84.23475,85.68833
2022-01-14 12:09:06.510892,84.36905,84.64825,85.37447
2022-01-14 12:09:07.008145,84.42104,84.59625,85.37447
2022-01-14 12:09:07.502797,83.7502,84.23475,85.92395
2022-01-14 12:09:08.002155,84.05963,84.28675,85.92395
2022-01-14 12:09:08.501108,84.21434,84.54425,85.72791
2022-01-14 12:09:09.008816,83.7502,84.23475,85.72791
2022-01-14 12:09:09.502560,84.42104,84.803,86.15958
2022-01-14 12:09:10.010881,84.1636,84.33875,86.15958
2022-01-14 12:09:10.507150,84.52377,84.54425,85.37447
2022-01-14 12:09:11.003766,84.21434,84.803,85.37447
2022-01-14 12:09:11.508738,84.1636,84.54425,85.84572
2022-01-14 12:09:12.006188,83.7502,83.92525,85.84572
2022-01-14 12:09:12.503567,84.26632,84.64825,86.43479
2022-01-14 12:09:13.001110,83.7502,84.4935,86.43479
2022-01-14 12:09:13.505731,84.21434,84.4415,85.96354
2022-01-14 12:09:14.005605,84.52377,84.3895,85.96354
2022-01-14 12:09:14.509553,83.9569,84.33875,85.53187
2022-01-14 12:09:15.008716,84.47302,84.85375,85.53187
2022-01-14 12:09:15.501620,83.80219,84.132,85.7675
2022-01-14 12:09:16.010499,84.36905,84.54425,85.7675
2022-01-14 12:09:16.506332,84.00888,84.59625,85.41406
2022-01-14 12:09:17.004429,83.9569,84.33875,85.41406
2022-01-14 12:09:17.510266,84.57575,84.751,85.88531
2022-01-14 12:09:18.008202,84.05963,84.28675,85.88531
2022-01-14 12:09:18.503358,84.47302,84.699,85.88531
2022-01-14 12:09:19.010797,83.64747,84.184,85.88531
2022-01-14 12:09:19.505551,84.73046,85.21525,86.51301
2022-01-14 12:09:20.003145,83.13135,83.71975,86.51301
2022-01-14 12:09:20.510418,84.73046,85.0605,86.71
2022-01-14 12:09:21.009840,83.90492,83.97725,86.71
2022-01-14 12:09:21.504755,84.26632,84.54425,85.6101
2022-01-14 12:09:22.001342,84.47302,84.95775,85.6101
2022-01-14 12:09:22.504777,83.64747,83.92525,85.88531
2022-01-14 12:09:23.003317,84.47302,84.751,85.88531
2022-01-14 12:09:23.509444,83.69946,84.184,85.64968
2022-01-14 12:09:24.008890,84.26632,84.85375,85.64968
2022-01-14 12:09:24.504997,83.90492,84.08,85.6101
2022-01-14 12:09:25.001946,84.21434,84.3895,85.6101
2022-01-14 12:09:25.507519,84.31831,84.54425,85.68833
2022-01-14 12:09:26.006343,84.1636,84.4415,85.68833
2022-01-14 12:09:26.500552,84.36905,84.699,85.68833
2022-01-14 12:09:27.010433,83.80219,84.132,85.68833
2022-01-14 12:09:27.506484,84.67848,84.95775,85.4527
2022-01-14 12:09:28.003706,83.64747,84.02925,85.4527
2022-01-14 12:09:28.503793,84.52377,84.85375,86.82781
2022-01-14 12:09:29.001912,84.1636,84.23475,86.82781
2022-01-14 12:09:29.507020,84.00888,84.4935,85.84572
2022-01-14 12:09:30.005732,84.42104,84.751,85.84572
2022-01-14 12:09:30.500876,83.90492,84.28675,85.33489
2022-01-14 12:09:31.008100,84.52377,85.0605,85.33489
2022-01-14 12:09:31.501539,83.64747,84.28675,86.78822
2022-01-14 12:09:32.008281,84.36905,84.4415,86.78822
2022-01-14 12:09:32.502452,84.05963,84.33875,86.00312
2022-01-14 12:09:33.009652,84.1636,84.4935,86.00312
2022-01-14 12:09:33.504921,84.1636,84.59625,85.49229
2022-01-14 12:09:34.002431,84.00888,84.184,85.49229
2022-01-14 12:09:34.501281,84.05963,84.4935,85.88531
2022-01-14 12:09:35.009298,84.05963,84.4415,85.88531
2022-01-14 12:09:35.503076,84.1636,84.4935,86.63083
2022-01-14 12:09:36.000856,84.21434,84.3895,86.63083
2022-01-14 12:09:36.505998,83.85417,84.184,84.94281
2022-01-14 12:09:37.003217,84.52377,84.803,84.94281
2022-01-14 12:09:37.508463,83.90492,84.23475,86.00312
2022-01-14 12:09:38.002830,84.73046,85.1125,86.00312
2022-01-14 12:09:38.507015,83.33805,83.71975,85.06062
2022-01-14 12:09:39.008258,84.47302,84.699,85.06062
2022-01-14 12:09:39.503644,84.26632,84.59625,86.19916
2022-01-14 12:09:40.001560,84.1636,84.59625,86.19916
2022-01-14 12:09:40.504980,84.1636,84.3895,86.35656
2022-01-14 12:09:41.001819,83.85417,84.23475,86.35656
2022-01-14 12:09:41.506853,84.42104,84.85375,85.4527
2022-01-14 12:09:42.007115,83.9569,84.59625,85.4527
2022-01-14 12:09:42.501527,84.42104,84.699,85.88531
2022-01-14 12:09:43.008397,83.90492,84.132,85.88531
2022-01-14 12:09:43.506932,84.47302,84.64825,85.64968
2022-01-14 12:09:44.003525,84.42104,84.699,85.64968
2022-01-14 12:09:44.506984,83.49276,84.132,85.6101
2022-01-14 12:09:45.002575,84.88517,85.21525,85.6101
2022-01-14 12:09:45.506011,83.39003,83.7705,85.6101
2022-01-14 12:09:46.011355,84.88517,85.0605,85.6101
2022-01-14 12:09:46.505201,83.59549,84.184,85.4527
2022-01-14 12:09:47.002464,84.36905,84.59625,85.4527
2022-01-14 12:09:47.504910,84.62773,84.54425,85.72791
2022-01-14 12:09:48.002556,83.59549,83.8225,85.72791
2022-01-14 12:09:48.506756,84.21434,84.85375,86.19916
2022-01-14 12:09:49.005855,83.7502,84.184,86.19916
2022-01-14 12:09:49.510169,84.57575,84.751,86.5526
2022-01-14 12:09:50.006301,83.59549,84.02925,86.5526
2022-01-14 12:09:50.509613,84.78245,85.0085,86.04176
2022-01-14 12:09:51.008762,83.80219,84.02925,86.04176
2022-01-14 12:09:51.503024,84.67848,85.0085,86.00312
2022-01-14 12:09:52.003399,84.11161,84.3895,86.00312
2022-01-14 12:09:52.509157,83.69946,84.184,85.06062
2022-01-14 12:09:53.006535,84.47302,84.85375,85.06062
2022-01-14 12:09:53.502325,83.44078,83.97725,85.4527
2022-01-14 12:09:54.010072,84.62773,84.803,85.4527
2022-01-14 12:09:54.506548,84.1636,84.3895,86.15958
2022-01-14 12:09:55.004656,84.26632,84.699,86.15958
2022-01-14 12:09:55.508256,84.1636,84.54425,85.68833
2022-01-14 12:09:56.006188,84.11161,84.4935,85.68833
2022-01-14 12:09:56.502486,84.1636,84.59625,86.74864
2022-01-14 12:09:57.001363,83.7502,84.184,86.74864
2022-01-14 12:09:57.507268,84.52377,84.803,86.3952
2022-01-14 12:09:58.005754,83.90492,84.08,86.3952
2022-01-14 12:09:58.510933,84.73046,84.85375,85.29625
2022-01-14 12:09:59.009663,83.69946,83.97725,85.29625
2022-01-14 12:09:59.504862,84.26632,84.699,85.88531
2022-01-14 12:10:00.003326,84.31831,84.54425,85.88531
2022-01-14 12:10:00.502093,83.9569,84.3895,85.53187
2022-01-14 12:10:01.011048,84.1636,84.33875,85.53187
2022-01-14 12:10:01.505661,84.11161,84.54425,85.49229
2022-01-14 12:10:02.005801,84.31831,84.28675,85.49229
2022-01-14 12:10:02.509888,84.47302,84.803,85.96354
2022-01-14 12:10:03.006683,83.85417,84.23475,85.96354
2022-01-14 12:10:03.502113,84.1636,84.59625,85.88531
2022-01-14 12:10:04.001668,84.31831,84.59625,85.88531
2022-01-14 12:10:04.508193,84.00888,84.4935,85.02104
2022-01-14 12:10:05.006481,83.69946,84.132,85.02104
2022-01-14 12:10:05.511821,84.62773,84.85375,86.47437
2022-01-14 12:10:06.004900,83.90492,84.23475,86.47437
2022-01-14 12:10:06.511065,84.1636,84.59625,86.00312
2022-01-14 12:10:07.010381,84.36905,84.751,86.00312
2022-01-14 12:10:07.505299,84.00888,84.23475,85.68833
2022-01-14 12:10:08.002233,84.78245,84.90575,85.68833
2022-01-14 12:10:08.507504,83.44078,84.08,85.88531
2022-01-14 12:10:09.005722,84.21434,84.4415,85.88531
2022-01-14 12:10:09.510816,84.47302,84.64825,85.7675
2022-01-14 12:10:10.010980,83.7502,84.184,85.7675
2022-01-14 12:10:10.506230,84.31831,84.85375,85.41406
2022-01-14 12:10:11.003493,83.80219,84.23475,85.41406
2022-01-14 12:10:11.510476,84.52377,84.803,85.33489
2022-01-14 12:10:12.009753,83.9569,84.3895,85.33489
2022-01-14 12:10:12.504284,84.05963,84.132,85.21708
2022-01-14 12:10:13.002844,84.26632,84.4935,85.21708
2022-01-14 12:10:13.509338,84.11161,84.28675,86.23875
2022-01-14 12:10:14.007302,84.1636,84.54425,86.23875
2022-01-14 12:10:14.502932,83.9569,84.4935,85.41406
2022-01-14 12:10:15.001178,84.67848,84.803,85.41406
2022-01-14 12:10:15.507277,83.64747,84.184,86.51301
2022-01-14 12:10:16.003806,84.67848,84.90575,86.51301
2022-01-14 12:10:16.509676,83.80219,84.132,85.53187
2022-01-14 12:10:17.007650,84.57575,84.85375,85.53187
2022-01-14 12:10:17.504432,83.69946,84.132,85.7675
2022-01-14 12:10:18.010255,84.1636,84.54425,85.7675
2022-01-14 12:10:18.501344,84.1636,84.4415,85.49229
2022-01-14 12:10:19.505082,84.26632,84.64825,85.96354
2022-01-14 12:10:20.003834,83.69946,84.132,85.96354
2022-01-14 12:10:20.509680,84.57575,84.85375,84.98145
2022-01-14 12:10:21.008223,84.42104,84.751,84.98145
2022-01-14 12:10:21.503841,83.85417,84.4415,86.23875
2022-01-14 12:10:22.002259,84.1636,84.4935,86.23875
2022-01-14 12:10:22.508304,83.90492,84.132,85.84572
2022-01-14 12:10:23.009101,84.26632,84.184,85.84572
2022-01-14 12:10:23.502692,83.49276,84.132,88.75145
2022-01-14 12:10:24.001188,84.36905,84.3895,88.75145
2022-01-14 12:10:24.505114,83.90492,83.92525,235.42801
2022-01-14 12:10:25.003283,84.42104,84.85375,235.42801
2022-01-14 12:10:25.506855,84.05963,84.23475,215.39989
2022-01-14 12:10:26.005849,84.00888,84.33875,215.39989
2022-01-14 12:10:26.510704,83.90492,83.97725,145.10541
2022-01-14 12:10:27.008048,83.85417,84.4935,145.10541
2022-01-14 12:10:27.505825,84.26632,84.3895,90.08697
2022-01-14 12:10:28.004863,84.1636,84.28675,90.08697
2022-01-14 12:10:28.510792,84.52377,84.751,93.50354
2022-01-14 12:10:29.009075,83.64747,83.92525,93.50354
2022-01-14 12:10:29.503880,84.26632,84.4935,89.96916
2022-01-14 12:10:30.002957,84.11161,84.4935,89.96916
2022-01-14 12:10:30.508963,84.11161,84.90575,87.18125
2022-01-14 12:10:31.007134,83.9569,84.132,87.18125
2022-01-14 12:10:31.501719,84.47302,84.803,87.25947
2022-01-14 12:10:32.001722,84.05963,84.4415,87.25947
2022-01-14 12:10:32.509237,84.47302,84.751,86.90604
2022-01-14 12:10:33.006215,83.90492,84.3895,86.90604
2022-01-14 12:10:33.501348,84.42104,84.54425,86.00312
2022-01-14 12:10:34.010633,83.59549,84.184,86.00312
2022-01-14 12:10:34.505333,84.31831,84.54425,86.94562
2022-01-14 12:10:35.003711,84.31831,84.751,86.94562
2022-01-14 12:10:35.507928,84.05963,84.184,86.67041
2022-01-14 12:10:36.008178,84.52377,84.803,86.67041
2022-01-14 12:10:36.503005,83.80219,84.132,86.35656
2022-01-14 12:10:37.001173,84.88517,85.16325,86.35656
2022-01-14 12:10:37.507699,83.7502,84.3895,85.68833
2022-01-14 12:10:38.007458,84.26632,84.33875,85.68833
2022-01-14 12:10:38.502465,83.85417,84.3895,86.3952
2022-01-14 12:10:39.009945,84.31831,84.4935,86.3952
2022-01-14 12:10:39.505842,84.36905,84.699,85.57051
2022-01-14 12:10:40.502809,84.26632,84.54425,86.86645
2022-01-14 12:10:41.008147,84.31831,84.751,86.86645
2022-01-14 12:10:41.501824,84.26632,84.64825,86.27739
2022-01-14 12:10:42.010010,83.59549,84.28675,86.27739
2022-01-14 12:10:42.504558,84.36905,84.54425,85.17843
2022-01-14 12:10:43.004330,84.36905,84.59625,85.17843
2022-01-14 12:10:43.510004,84.1636,84.4935,86.3952
2022-01-14 12:10:44.004454,84.11161,84.59625,86.3952
2022-01-14 12:10:44.506323,83.80219,84.28675,86.04176
2022-01-14 12:10:45.009715,84.62773,84.699,86.04176
2022-01-14 12:10:45.501395,83.90492,84.4415,85.7675
2022-01-14 12:10:46.010204,84.47302,84.85375,85.7675
2022-01-14 12:10:46.506150,83.9569,84.4935,85.64968
2022-01-14 12:10:47.005242,84.21434,84.4935,85.64968
2022-01-14 12:10:47.509481,84.21434,84.28675,86.23875
2022-01-14 12:10:48.006892,84.00888,84.751,86.23875
2022-01-14 12:10:48.501732,84.36905,84.4935,84.90322
2022-01-14 12:10:49.008981,83.59549,84.184,84.90322
2022-01-14 12:10:49.502995,84.21434,84.4415,86.15958
2022-01-14 12:10:50.010805,84.26632,84.59625,86.15958
2022-01-14 12:10:50.509282,84.11161,84.4935,85.49229
2022-01-14 12:10:51.006342,84.11161,84.4935,85.49229
2022-01-14 12:10:51.501332,84.00888,84.3895,86.08135
2022-01-14 12:10:52.010906,84.31831,84.54425,86.08135
2022-01-14 12:10:52.505154,84.11161,84.751,85.7675
2022-01-14 12:10:53.004644,84.05963,84.28675,85.7675
2022-01-14 12:10:53.502798,84.42104,84.803,85.84572
2022-01-14 12:10:54.001729,84.11161,84.33875,85.84572
2022-01-14 12:10:54.507939,84.31831,84.54425,86.08135
2022-01-14 12:10:55.005106,83.85417,84.3895,86.08135
2022-01-14 12:10:55.509760,84.52377,84.85375,85.72791
2022-01-14 12:10:56.007550,83.7502,84.23475,85.72791
2022-01-14 12:10:56.502859,84.42104,84.54425,85.6101
2022-01-14 12:10:57.010751,83.9569,84.4935,85.6101
2022-01-14 12:10:57.506276,84.47302,84.751,85.68833
2022-01-14 12:10:58.005522,84.52377,84.59625,85.68833
2022-01-14 12:10:58.510387,83.49276,83.92525,85.7675
2022-01-14 12:10:59.008189,84.42104,84.64825,85.7675
2022-01-14 12:10:59.504149,84.1636,84.64825,85.84572
2022-01-14 12:11:00.010671,84.21434,84.59625,85.84572
2022-01-14 12:11:00.507842,83.85417,84.4935,86.63083
2022-01-14 12:11:01.005739,84.26632,84.3895,86.63083
2022-01-14 12:11:01.510556,84.83319,84.95775,85.68833
2022-01-14 12:11:02.008247,83.59549,84.08,85.68833
2022-01-14 12:11:02.503757,84.62773,84.64825,86.04176
2022-01-14 12:11:03.010789,83.64747,83.97725,86.04176
2022-01-14 12:11:03.506405,84.52377,84.59625,85.37447
2022-01-14 12:11:04.005357,83.59549,84.54425,85.37447
2022-01-14 12:11:04.510571,84.1636,84.4415,85.80614
2022-01-14 12:11:05.008915,84.47302,84.33875,85.80614
2022-01-14 12:11:05.502369,84.42104,84.803,85.37447
2022-01-14 12:11:06.001281,84.36905,84.751,85.37447
2022-01-14 12:11:06.507574,84.05963,84.4935,85.92395
2022-01-14 12:11:07.006347,84.42104,84.64825,85.92395
2022-01-14 12:11:07.510854,83.54475,84.184,86.27739
2022-01-14 12:11:08.008409,84.31831,84.751,86.27739
2022-01-14 12:11:08.505464,84.1636,84.4415,86.78822
2022-01-14 12:11:09.003521,84.42104,84.54425,86.78822
2022-01-14 12:11:09.510049,84.05963,84.33875,86.51301
2022-01-14 12:11:10.006395,84.11161,84.751,86.51301
2022-01-14 12:11:10.511099,84.36905,84.59625,85.25666
2022-01-14 12:11:11.009866,83.64747,84.4935,85.25666
2022-01-14 12:11:11.505230,84.1636,84.33875,86.94562
2022-01-14 12:11:12.002379,84.26632,84.54425,86.94562
2022-01-14 12:11:12.508724,84.52377,84.699,85.92395
2022-01-14 12:11:13.010696,83.9569,83.97725,85.92395
2022-01-14 12:11:13.506762,84.00888,84.4935,86.08135
2022-01-14 12:11:14.010258,84.21434,84.23475,86.08135
2022-01-14 12:11:15.004701,84.26632,84.59625,85.7675
2022-01-14 12:11:15.505180,83.85417,84.33875,86.31697
2022-01-14 12:11:16.005164,84.42104,84.59625,86.31697
2022-01-14 12:11:16.509197,84.73046,84.85375,85.25666
2022-01-14 12:11:17.008259,83.7502,84.28675,85.25666
2022-01-14 12:11:17.509192,84.21434,84.28675,86.04176
2022-01-14 12:11:18.005203,84.26632,84.751,86.04176
2022-01-14 12:11:18.510292,84.1636,84.4415,85.7675
2022-01-14 12:11:19.009491,84.00888,84.64825,85.7675
2022-01-14 12:11:19.503323,84.00888,84.3895,86.23875
2022-01-14 12:11:20.001325,84.57575,84.54425,86.23875
2022-01-14 12:11:20.506378,84.05963,84.64825,86.00312
2022-01-14 12:11:21.003966,84.36905,84.699,86.00312
2022-01-14 12:11:21.510412,83.64747,84.184,85.84572
2022-01-14 12:11:22.010282,84.67848,84.699,85.84572
2022-01-14 12:11:22.504747,83.80219,84.4935,85.6101
2022-01-14 12:11:23.002284,84.31831,84.28675,85.6101
2022-01-14 12:11:23.508093,84.21434,84.4935,85.68833
2022-01-14 12:11:24.006086,83.90492,84.28675,85.68833
2022-01-14 12:11:24.508780,84.47302,84.751,85.25666
2022-01-14 12:11:25.005630,83.7502,84.28675,85.25666
2022-01-14 12:11:25.509871,84.47302,84.54425,85.88531
2022-01-14 12:11:26.007764,83.9569,84.64825,85.88531
2022-01-14 12:11:26.504296,84.1636,84.4415,85.33489
2022-01-14 12:11:27.006005,84.26632,84.4935,85.33489
2022-01-14 12:11:27.508765,84.1636,84.54425,86.51301
2022-01-14 12:11:28.008760,84.00888,84.33875,86.51301
2022-01-14 12:11:28.502210,83.90492,84.4415,86.59218
2022-01-14 12:11:29.003951,84.47302,84.59625,86.59218
2022-01-14 12:11:29.503422,83.44078,83.97725,86.47437
2022-01-14 12:11:30.009209,84.57575,85.0605,86.47437
2022-01-14 12:11:30.508263,83.85417,84.132,85.06062
2022-01-14 12:11:31.006433,84.31831,84.54425,85.06062
2022-01-14 12:11:31.507395,84.1636,84.33875,86.23875
2022-01-14 12:11:32.008029,84.05963,84.54425,86.23875
2022-01-14 12:11:32.501921,84.26632,84.3895,85.7675
2022-01-14 12:11:33.009832,84.11161,84.64825,85.7675
2022-01-14 12:11:33.503577,84.11161,84.28675,85.6101
2022-01-14 12:11:34.010210,83.90492,84.28675,85.6101
2022-01-14 12:11:34.505932,84.73046,85.0085,85.68833
2022-01-14 12:11:35.010658,83.85417,84.132,85.68833
2022-01-14 12:11:35.502900,84.05963,84.54425,85.68833
2022-01-14 12:11:36.008429,84.21434,84.3895,85.68833
2022-01-14 12:11:36.501648,84.31831,84.699,86.08135
2022-01-14 12:11:37.004652,84.26632,84.4935,86.08135
2022-01-14 12:11:37.504690,83.54475,84.132,86.35656
2022-01-14 12:11:38.009007,84.52377,84.751,86.35656
2022-01-14 12:11:38.502034,84.26632,84.33875,85.17843
2022-01-14 12:11:39.007257,84.31831,84.751,85.17843
2022-01-14 12:11:39.509508,83.80219,84.184,86.15958
2022-01-14 12:11:40.002398,84.21434,84.803,86.15958
2022-01-14 12:11:40.504063,84.31831,84.4415,85.37447
2022-01-14 12:11:41.008531,84.1636,84.803,85.37447
2022-01-14 12:11:41.501386,84.21434,84.4415,86.00312
2022-01-14 12:11:42.009259,83.9569,84.132,86.00312
2022-01-14 12:11:42.504212,84.57575,84.90575,85.13885
2022-01-14 12:11:43.001240,84.31831,84.3895,85.13885
2022-01-14 12:11:43.508116,83.85417,84.4415,85.88531
2022-01-14 12:11:44.004031,83.9569,84.184,85.88531
2022-01-14 12:11:44.507962,83.85417,84.3895,85.09926
2022-01-14 12:11:45.003971,84.26632,84.4415,85.09926
2022-01-14 12:11:45.506212,84.47302,84.64825,86.43479
2022-01-14 12:11:46.010853,84.00888,84.28675,86.43479
2022-01-14 12:11:46.504899,84.31831,84.33875,85.4527
2022-01-14 12:11:47.003384,84.21434,84.64825,85.4527
2022-01-14 12:11:47.508159,84.42104,84.64825,85.25666
2022-01-14 12:11:48.003092,83.9569,84.4935,85.25666
2022-01-14 12:11:48.508919,84.00888,84.28675,86.51301
2022-01-14 12:11:49.004228,84.05963,84.28675,86.51301
2022-01-14 12:11:49.507882,84.26632,84.59625,85.80614
2022-01-14 12:11:50.001766,84.11161,84.3895,85.80614
2022-01-14 12:11:50.508157,84.00888,84.803,85.96354
2022-01-14 12:11:51.005198,84.21434,84.3895,85.96354
2022-01-14 12:11:51.503587,83.90492,84.4415,86.35656
2022-01-14 12:11:52.002170,84.47302,84.751,86.35656
2022-01-14 12:11:52.502458,83.80219,84.23475,85.64968
2022-01-14 12:11:53.003181,84.26632,84.4415,85.64968
2022-01-14 12:11:53.508405,84.52377,84.54425,86.08135
2022-01-14 12:11:54.009599,83.80219,84.4415,86.08135
2022-01-14 12:11:54.503375,84.47302,84.803,85.4527
2022-01-14 12:11:55.001347,83.85417,84.4415,85.4527
2022-01-14 12:11:55.506637,84.36905,84.59625,87.14166
2022-01-14 12:11:56.001952,83.7502,84.28675,87.14166
2022-01-14 12:11:56.500863,84.31831,84.4415,86.19916
2022-01-14 12:11:57.005754,84.05963,84.132,86.19916
2022-01-14 12:11:57.509848,84.00888,84.54425,86.19916
2022-01-14 12:11:58.005344,83.9569,84.08,86.19916
2022-01-14 12:11:58.502590,84.36905,84.751,85.41406
2022-01-14 12:11:59.010293,84.26632,84.4415,85.41406
2022-01-14 12:11:59.502615,83.7502,84.3895,86.71
2022-01-14 12:12:00.005543,84.11161,84.3895,86.71
2022-01-14 12:12:00.508451,83.9569,83.8745,85.17843
2022-01-14 12:12:01.003288,84.73046,85.16325,85.17843
2022-01-14 12:12:01.509189,83.9569,84.4935,85.57051
2022-01-14 12:12:02.006969,84.00888,84.4935,85.57051
2022-01-14 12:12:02.502219,84.05963,84.23475,86.15958
2022-01-14 12:12:03.001239,84.11161,84.699,86.15958
2022-01-14 12:12:03.506376,84.47302,84.699,85.37447
2022-01-14 12:12:04.003491,84.21434,84.3895,85.37447
2022-01-14 12:12:04.508824,83.7502,84.184,85.88531
2022-01-14 12:12:05.006197,83.9569,84.184,85.88531
2022-01-14 12:12:05.504042,84.52377,85.318,86.23875
2022-01-14 12:12:06.002159,83.90492,84.184,86.23875
2022-01-14 12:12:06.506919,83.80219,84.3895,85.37447
2022-01-14 12:12:07.004511,84.11161,84.3895,85.37447
2022-01-14 12:12:07.502978,84.36905,84.4415,86.67041
2022-01-14 12:12:08.001266,84.36905,84.699,86.67041
2022-01-14 12:12:08.504998,83.9569,84.3895,85.68833
2022-01-14 12:12:09.003949,83.80219,84.4415,85.68833
2022-01-14 12:12:09.509284,84.42104,84.699,86.04176
2022-01-14 12:12:10.007698,84.11161,84.64825,86.04176
2022-01-14 12:12:10.504097,84.00888,84.4415,86.43479
2022-01-14 12:12:11.001441,84.26632,84.4415,86.43479
2022-01-14 12:12:11.508417,83.90492,84.08,86.23875
2022-01-14 12:12:12.007851,84.88517,84.85375,86.23875
2022-01-14 12:12:12.503388,83.7502,84.28675,85.6101
2022-01-14 12:12:13.001259,83.9569,84.23475,85.6101
2022-01-14 12:12:13.508505,84.1636,84.54425,86.78822
2022-01-14 12:12:14.006741,84.42104,84.699,86.78822
2022-01-14 12:12:14.503029,83.64747,84.28675,85.25666
2022-01-14 12:12:15.010416,84.42104,84.699,85.25666
2022-01-14 12:12:15.509837,84.21434,84.23475,86.47437
2022-01-14 12:12:16.008280,84.21434,84.751,86.47437
2022-01-14 12:12:16.502341,84.57575,84.90575,87.29906
2022-01-14 12:12:17.001220,83.44078,83.7705,87.29906
2022-01-14 12:12:17.507040,84.62773,84.803,85.72791
2022-01-14 12:12:18.005089,83.9569,84.54425,85.72791
2022-01-14 12:12:18.510797,84.1636,84.3895,85.80614
2022-01-14 12:12:19.006642,84.47302,84.54425,85.80614
2022-01-14 12:12:19.501402,84.05963,84.699,85.72791
2022-01-14 12:12:20.002062,84.52377,84.751,85.72791
2022-01-14 12:12:20.507574,83.69946,84.23475,85.17843
2022-01-14 12:12:21.005682,84.21434,84.4935,85.17843
2022-01-14 12:12:21.502207,83.7502,84.33875,85.4527
2022-01-14 12:12:22.001081,84.31831,84.751,85.4527
2022-01-14 12:12:22.505548,83.7502,83.8225,85.37447
2022-01-14 12:12:23.004830,84.52377,84.90575,85.37447
2022-01-14 12:12:23.511797,84.26632,84.4935,86.19916
2022-01-14 12:12:24.008426,84.21434,84.54425,86.19916
2022-01-14 12:12:24.511167,84.26632,84.54425,86.86645
2022-01-14 12:12:25.007279,83.54475,84.02925,86.86645
2022-01-14 12:12:25.510024,84.57575,84.90575,85.92395
2022-01-14 12:12:26.006473,83.7502,84.132,85.92395
2022-01-14 12:12:26.501221,84.21434,84.699,85.80614
2022-01-14 12:12:27.010355,84.1636,84.184,85.80614
2022-01-14 12:12:27.505439,84.52377,84.85375,86.5526
2022-01-14 12:12:28.004469,84.05963,84.184,86.5526
2022-01-14 12:12:28.508472,84.21434,84.64825,85.6101
2022-01-14 12:12:29.007135,84.1636,84.4935,85.6101
2022-01-14 12:12:29.501857,83.90492,84.28675,85.72791
2022-01-14 12:12:30.002849,84.36905,84.803,85.72791
2022-01-14 12:12:30.508408,84.11161,84.23475,85.72791
2022-01-14 12:12:31.005269,84.05963,84.59625,85.72791
2022-01-14 12:12:31.504615,84.21434,84.54425,86.00312
2022-01-14 12:12:32.008064,84.26632,84.54425,86.00312
2022-01-14 12:12:32.505224,84.31831,84.59625,86.74864
2022-01-14 12:12:33.004129,83.64747,84.23475,86.74864
2022-01-14 12:12:33.509468,84.36905,84.699,85.4527
2022-01-14 12:12:34.005544,84.47302,84.4415,85.4527
2022-01-14 12:12:34.509077,84.31831,84.90575,84.74583
2022-01-14 12:12:35.007380,84.05963,84.23475,84.74583
2022-01-14 12:12:35.508953,84.21434,84.699,86.90604
2022-01-14 12:12:36.005808,84.05963,84.4935,86.90604
2022-01-14 12:12:36.501527,84.21434,84.751,85.53187
2022-01-14 12:12:37.009747,83.90492,84.184,85.53187
2022-01-14 12:12:37.507173,84.11161,84.184,86.5526
2022-01-14 12:12:38.004587,84.05963,84.4935,86.5526
2022-01-14 12:12:38.508701,84.57575,84.90575,85.25666
2022-01-14 12:12:39.006270,83.59549,83.92525,85.25666
2022-01-14 12:12:39.506835,84.57575,84.803,86.15958
2022-01-14 12:12:40.001167,83.64747,84.02925,86.15958
2022-01-14 12:12:40.505880,84.67848,85.16325,85.13885
2022-01-14 12:12:41.002617,84.11161,84.28675,85.13885
2022-01-14 12:12:41.511331,83.9569,84.4415,86.00312
2022-01-14 12:12:42.007027,84.47302,84.803,86.00312
2022-01-14 12:12:42.507479,83.85417,84.3895,85.6101
2022-01-14 12:12:43.002634,84.42104,84.699,85.6101
2022-01-14 12:12:43.507170,83.44078,84.02925,86.00312
2022-01-14 12:12:44.005417,84.36905,84.751,86.00312
2022-01-14 12:12:44.508726,84.26632,84.33875,86.04176
2022-01-14 12:12:45.006706,84.36905,84.803,86.04176
2022-01-14 12:12:45.502851,83.69946,83.8225,85.53187
2022-01-14 12:12:46.002493,84.00888,84.28675,85.53187
2022-01-14 12:12:46.504887,84.42104,84.699,240.1801
2022-01-14 12:12:47.005944,83.69946,83.8225,240.1801
2022-01-14 12:12:47.510129,84.88517,85.1125,223.56854
2022-01-14 12:12:48.002656,83.02862,83.2555,223.56854
2022-01-14 12:12:48.508684,84.42104,84.64825,180.92041
2022-01-14 12:12:49.005890,84.52377,84.59625,180.92041
2022-01-14 12:12:49.508724,83.49276,83.92525,112.43176
2022-01-14 12:12:50.003659,84.42104,84.59625,112.43176
2022-01-14 12:12:50.504780,83.49276,83.97725,90.1652
2022-01-14 12:12:51.001145,84.47302,84.751,90.1652
2022-01-14 12:12:51.506965,83.44078,83.8745,89.3801
2022-01-14 12:12:52.004375,84.57575,85.0085,89.3801
2022-01-14 12:12:52.509762,83.7502,83.8745,87.53468
2022-01-14 12:12:53.005497,84.73046,85.1125,87.53468
2022-01-14 12:12:53.508780,83.90492,84.02925,86.78822
2022-01-14 12:12:54.000900,84.52377,84.751,86.78822
2022-01-14 12:12:54.501294,84.1636,84.4935,86.23875
2022-01-14 12:12:55.004830,83.7502,84.33875,86.23875
2022-01-14 12:12:55.502922,84.57575,84.90575,85.92395
2022-01-14 12:12:56.008130,83.90492,83.97725,85.92395
2022-01-14 12:12:56.510217,84.88517,85.26725,86.15958
2022-01-14 12:12:57.007128,84.21434,84.4935,86.15958
2022-01-14 12:12:57.501109,83.69946,84.08,86.12093
2022-01-14 12:12:58.003884,84.26632,84.54425,86.12093
2022-01-14 12:12:58.501246,84.21434,84.54425,86.31697
2022-01-14 12:12:59.007450,84.05963,84.751,86.31697
2022-01-14 12:12:59.508548,83.85417,84.02925,85.72791
2022-01-14 12:13:00.005487,84.31831,84.699,85.72791
2022-01-14 12:13:00.509787,84.26632,84.4415,86.27739
2022-01-14 12:13:01.008505,84.57575,85.16325,86.27739
2022-01-14 12:13:01.502503,84.05963,84.33875,86.59218
2022-01-14 12:13:02.010389,83.64747,83.92525,86.59218
2022-01-14 12:13:02.505037,84.42104,84.90575,85.53187
2022-01-14 12:13:03.008284,84.00888,84.4415,85.53187
2022-01-14 12:13:03.502018,84.26632,84.54425,86.04176
2022-01-14 12:13:04.010329,84.26632,84.23475,86.04176
2022-01-14 12:13:04.503635,83.80219,84.33875,85.80614
2022-01-14 12:13:05.001312,84.73046,85.1125,85.80614
2022-01-14 12:13:05.507141,84.05963,84.4935,85.80614
2022-01-14 12:13:06.007356,83.90492,84.33875,85.80614
2022-01-14 12:13:06.501872,83.85417,84.4415,85.64968
2022-01-14 12:13:07.009626,84.26632,84.59625,85.64968
2022-01-14 12:13:07.504385,84.67848,84.64825,85.84572
2022-01-14 12:13:08.001669,84.00888,84.28675,85.84572
2022-01-14 12:13:08.506283,83.80219,84.02925,86.19916
2022-01-14 12:13:09.003021,84.21434,84.4935,86.19916
2022-01-14 12:13:09.506842,84.78245,85.21525,85.68833
2022-01-14 12:13:10.006068,83.23532,83.92525,85.68833
2022-01-14 12:13:10.501265,84.47302,84.85375,85.7675
2022-01-14 12:13:11.001088,83.90492,84.02925,85.7675
2022-01-14 12:13:11.506654,84.36905,84.90575,85.6101
2022-01-14 12:13:12.004765,84.83319,85.21525,85.6101
2022-01-14 12:13:12.510267,83.44078,84.02925,85.88531
2022-01-14 12:13:13.009631,84.36905,84.751,85.88531
2022-01-14 12:13:13.503842,83.90492,84.54425,86.35656
2022-01-14 12:13:14.002004,84.47302,84.85375,86.35656
2022-01-14 12:13:14.507529,83.9569,84.184,86.35656
2022-01-14 12:13:15.005960,84.42104,84.90575,86.35656
2022-01-14 12:13:15.501617,83.90492,84.23475,85.29625
2022-01-14 12:13:16.009954,84.31831,84.751,85.29625
2022-01-14 12:13:16.507151,84.11161,84.59625,86.47437
2022-01-14 12:13:17.005458,83.85417,84.4415,86.47437
2022-01-14 12:13:17.509588,84.52377,84.85375,85.6101
2022-01-14 12:13:18.007931,84.00888,84.184,85.6101
2022-01-14 12:13:19.005521,83.85417,84.184,85.57051
2022-01-14 12:13:19.502503,84.1636,84.699,87.06343
2022-01-14 12:13:20.010136,84.05963,84.23475,87.06343
2022-01-14 12:13:20.506875,84.00888,84.4415,85.72791
2022-01-14 12:13:21.003794,84.26632,84.751,85.72791
2022-01-14 12:13:21.509405,84.00888,84.4415,85.6101
2022-01-14 12:13:22.005573,84.31831,84.54425,85.6101
2022-01-14 12:13:22.501209,83.80219,83.97725,85.7675
2022-01-14 12:13:23.009552,84.62773,85.0085,85.7675
2022-01-14 12:13:23.507266,83.80219,84.184,86.19916
2022-01-14 12:13:24.004763,84.05963,84.59625,86.19916
2022-01-14 12:13:24.510785,84.00888,84.28675,85.21708
2022-01-14 12:13:25.008879,84.1636,84.751,85.21708
2022-01-14 12:13:25.502328,84.26632,84.64825,86.43479
2022-01-14 12:13:26.010623,84.42104,84.751,86.43479
2022-01-14 12:13:26.508965,83.59549,83.92525,85.92395
2022-01-14 12:13:27.005183,84.57575,84.95775,85.92395
2022-01-14 12:13:27.501412,84.00888,84.33875,85.7675
2022-01-14 12:13:28.009329,84.36905,84.751,85.7675
2022-01-14 12:13:28.505721,83.7502,84.3895,86.27739
2022-01-14 12:13:29.002347,84.11161,84.33875,86.27739
2022-01-14 12:13:29.507560,84.52377,84.699,85.7675
2022-01-14 12:13:30.004213,84.05963,84.3895,85.7675
2022-01-14 12:13:30.508638,83.80219,84.23475,85.68833
2022-01-14 12:13:31.008360,83.9569,84.132,85.68833
2022-01-14 12:13:31.504151,84.21434,84.54425,85.64968
2022-01-14 12:13:32.002102,84.11161,84.59625,85.64968
2022-01-14 12:13:32.509345,84.31831,84.54425,86.3952
2022-01-14 12:13:33.005782,84.11161,84.3895,86.3952
2022-01-14 12:13:33.510396,84.21434,84.4415,85.72791
2022-01-14 12:13:34.007963,84.52377,84.751,85.72791
2022-01-14 12:13:34.503086,83.59549,83.92525,85.72791
2022-01-14 12:13:35.505121,83.54475,84.08,86.78822
2022-01-14 12:13:36.002961,84.62773,84.95775,86.78822
2022-01-14 12:13:36.508039,84.05963,84.3895,86.00312
2022-01-14 12:13:37.006154,83.9569,84.28675,86.00312
2022-01-14 12:13:37.501979,84.47302,84.699,85.7675
2022-01-14 12:13:38.009628,84.05963,84.54425,85.7675
2022-01-14 12:13:38.504888,84.62773,85.0085,85.7675
2022-01-14 12:13:39.002696,83.44078,83.92525,85.7675
2022-01-14 12:13:39.506717,84.21434,84.4935,85.72791
2022-01-14 12:13:40.007050,83.90492,84.28675,85.72791
2022-01-14 12:13:40.502744,84.42104,84.59625,86.04176
2022-01-14 12:13:41.010031,83.9569,84.23475,86.04176
2022-01-14 12:13:41.505564,84.05963,84.23475,85.49229
2022-01-14 12:13:42.005086,84.36905,84.803,85.49229
2022-01-14 12:13:42.500764,84.21434,84.4935,85.72791
2022-01-14 12:13:43.008894,84.36905,84.64825,85.72791
2022-01-14 12:13:43.509766,83.49276,84.02925,85.68833
2022-01-14 12:13:44.008051,84.31831,84.59625,85.68833
2022-01-14 12:13:44.503384,84.42104,84.4415,86.27739
2022-01-14 12:13:45.001339,84.1636,84.28675,86.27739
2022-01-14 12:13:45.508895,84.26632,84.699,85.92395
2022-01-14 12:13:46.005641,84.05963,84.4935,85.92395
2022-01-14 12:13:46.501354,84.26632,84.59625,85.25666
2022-01-14 12:13:47.009150,83.64747,84.132,85.25666
2022-01-14 12:13:47.503433,84.73046,84.85375,86.71
2022-01-14 12:13:48.001462,83.85417,84.08,86.71
2022-01-14 12:13:48.507594,84.26632,84.64825,86.08135
2022-01-14 12:13:49.004790,84.11161,84.54425,86.08135
2022-01-14 12:13:49.509216,84.11161,84.54425,85.53187
2022-01-14 12:13:50.008218,84.42104,84.64825,85.53187
2022-01-14 12:13:50.503052,83.85417,84.33875,85.68833
2022-01-14 12:13:51.010636,84.05963,84.23475,85.68833
2022-01-14 12:13:51.506644,84.62773,84.85375,85.84572
2022-01-14 12:13:52.003697,83.7502,84.02925,85.84572
2022-01-14 12:13:52.510464,84.62773,84.95775,85.68833
2022-01-14 12:13:53.009573,83.85417,84.3895,85.68833
2022-01-14 12:13:53.503309,84.31831,84.64825,85.84572
2022-01-14 12:13:54.001697,84.05963,84.4935,85.84572
2022-01-14 12:13:54.506618,83.9569,84.28675,86.04176
2022-01-14 12:13:55.004293,84.31831,84.59625,86.04176
2022-01-14 12:13:55.510928,84.21434,84.28675,85.17843
2022-01-14 12:13:56.010454,84.21434,84.699,85.17843
2022-01-14 12:13:56.504475,83.69946,84.23475,86.04176
2022-01-14 12:13:57.004171,84.73046,85.0605,86.04176
2022-01-14 12:13:57.509416,83.54475,83.97725,85.64968
2022-01-14 12:13:58.009452,84.73046,85.0085,85.64968
2022-01-14 12:13:58.503547,84.11161,84.64825,85.49229
2022-01-14 12:13:59.001488,84.1636,84.184,85.49229
2022-01-14 12:13:59.507821,84.21434,84.4415,85.68833
2022-01-14 12:14:00.007150,83.54475,84.23475,85.68833
2022-01-14 12:14:00.501666,84.73046,85.16325,85.29625
2022-01-14 12:14:01.010303,83.7502,84.132,85.29625
2022-01-14 12:14:01.504876,84.1636,84.4935,85.7675
2022-01-14 12:14:02.003124,83.80219,84.28675,85.7675
2022-01-14 12:14:02.508836,84.52377,84.64825,85.57051
2022-01-14 12:14:03.008093,84.62773,84.751,85.57051
2022-01-14 12:14:03.507899,83.54475,83.71975,86.78822
2022-01-14 12:14:04.007286,84.42104,84.90575,86.78822
2022-01-14 12:14:04.501793,83.85417,84.28675,85.6101
2022-01-14 12:14:05.009768,84.88517,85.16325,85.6101
2022-01-14 12:14:05.504070,83.18334,83.7705,87.37729
2022-01-14 12:14:06.002529,84.47302,84.751,87.37729
2022-01-14 12:14:06.507108,84.11161,84.33875,85.84572
2022-01-14 12:14:07.002843,84.57575,84.95775,85.84572
2022-01-14 12:14:07.507742,84.00888,84.4935,85.53187
2022-01-14 12:14:08.005355,84.00888,84.3895,85.53187
2022-01-14 12:14:08.506843,84.05963,84.28675,85.37447
2022-01-14 12:14:09.004150,84.05963,84.699,85.37447
2022-01-14 12:14:09.508638,84.52377,84.64825,85.41406
2022-01-14 12:14:10.006330,83.80219,84.08,85.41406
2022-01-14 12:14:10.501194,84.42104,84.4415,86.00312
2022-01-14 12:14:11.008966,84.00888,84.54425,86.00312
2022-01-14 12:14:11.503733,83.9569,84.33875,85.64968
2022-01-14 12:14:12.010555,84.52377,84.751,85.64968
2022-01-14 12:14:12.505748,83.54475,84.08,86.35656
2022-01-14 12:14:13.002145,84.42104,84.699,86.35656
2022-01-14 12:14:13.507707,84.42104,84.751,86.78822
2022-01-14 12:14:14.006496,84.36905,84.64825,86.78822
2022-01-14 12:14:14.501621,84.11161,84.28675,85.41406
2022-01-14 12:14:15.010166,84.00888,84.54425,85.41406
2022-01-14 12:14:15.504988,84.47302,84.59625,86.98426
2022-01-14 12:14:16.003160,84.00888,84.4415,86.98426
2022-01-14 12:14:16.508033,84.1636,84.59625,85.84572
2022-01-14 12:14:17.007896,83.85417,84.28675,85.84572
2022-01-14 12:14:17.504702,84.1636,84.4415,85.25666
2022-01-14 12:14:18.001337,84.31831,84.699,85.25666
2022-01-14 12:14:18.506463,84.21434,84.59625,86.00312
2022-01-14 12:14:19.010013,84.31831,84.64825,86.00312
2022-01-14 12:14:19.506395,83.9569,84.28675,85.88531
2022-01-14 12:14:20.005089,83.9569,84.23475,85.88531
2022-01-14 12:14:20.509959,84.05963,84.64825,84.98145
2022-01-14 12:14:21.008869,84.11161,84.3895,84.98145
2022-01-14 12:14:21.505599,84.52377,84.699,85.88531
2022-01-14 12:14:22.001999,83.7502,84.132,85.88531
2022-01-14 12:14:22.507281,84.67848,84.90575,85.37447
2022-01-14 12:14:23.004609,84.05963,84.4415,85.37447
2022-01-14 12:14:23.510068,84.42104,84.59625,85.64968
2022-01-14 12:14:24.008977,83.33805,83.92525,85.64968
2022-01-14 12:14:24.505945,84.57575,84.64825,86.08135
2022-01-14 12:14:25.003799,84.42104,84.699,86.08135
2022-01-14 12:14:25.508812,83.9569,84.23475,85.64968
2022-01-14 12:14:26.005621,83.9569,84.28675,85.64968
2022-01-14 12:14:26.510221,84.00888,84.28675,85.88531
2022-01-14 12:14:27.008351,84.57575,84.85375,85.88531
2022-01-14 12:14:27.503782,83.80219,84.4935,85.96354
2022-01-14 12:14:28.001766,84.1636,84.3895,85.96354
2022-01-14 12:14:28.506386,84.00888,84.23475,84.98145
2022-01-14 12:14:29.003564,84.26632,84.64825,84.98145
2022-01-14 12:14:29.507787,84.62773,84.90575,85.41406
2022-01-14 12:14:30.004895,83.59549,84.184,85.41406
2022-01-14 12:14:30.509862,84.42104,84.4935,86.04176
2022-01-14 12:14:31.006085,83.54475,83.92525,86.04176
2022-01-14 12:14:31.502299,84.88517,85.422,85.80614
2022-01-14 12:14:32.009837,83.7502,84.23475,85.80614
2022-01-14 12:14:32.502822,84.36905,84.59625,86.5526
2022-01-14 12:14:33.010823,83.90492,84.08,86.5526
2022-01-14 12:14:33.506814,84.21434,84.64825,86.27739
2022-01-14 12:14:34.001651,84.47302,84.803,86.27739
2022-01-14 12:14:34.506835,83.64747,84.23475,86.3952
2022-01-14 12:14:35.004624,84.1636,84.184,86.3952
2022-01-14 12:14:35.507300,84.05963,84.4935,85.88531
2022-01-14 12:14:36.006042,84.67848,84.85375,85.88531
2022-01-14 12:14:36.510442,83.9569,84.23475,86.31697
2022-01-14 12:14:37.006184,83.85417,84.33875,86.31697
2022-01-14 12:14:37.510086,84.00888,84.28675,85.41406
2022-01-14 12:14:38.007303,84.31831,84.803,85.41406
2022-01-14 12:14:38.510423,84.21434,84.28675,85.4527
2022-01-14 12:14:39.007320,83.69946,84.23475,85.4527
2022-01-14 12:14:39.501590,84.47302,84.64825,85.21708
2022-01-14 12:14:40.010487,84.52377,84.64825,85.21708
2022-01-14 12:14:40.506404,84.05963,84.33875,85.68833
2022-01-14 12:14:41.004070,84.00888,84.33875,85.68833
2022-01-14 12:14:41.508725,83.9569,84.4415,85.88531
2022-01-14 12:14:42.006617,84.11161,84.33875,85.88531
2022-01-14 12:14:42.501888,84.05963,84.751,85.13885
2022-01-14 12:14:43.009612,84.26632,84.3895,85.13885
2022-01-14 12:14:43.504692,84.42104,84.699,86.71
2022-01-14 12:14:44.002006,83.90492,84.23475,86.71
2022-01-14 12:14:44.506379,84.31831,84.4935,86.08135
2022-01-14 12:14:45.006111,84.26632,84.59625,86.08135
2022-01-14 12:14:45.510793,84.11161,84.132,86.15958
2022-01-14 12:14:46.007769,83.90492,84.64825,86.15958
2022-01-14 12:14:46.501707,83.9569,84.28675,85.37447
2022-01-14 12:14:47.009090,84.26632,84.59625,85.37447
2022-01-14 12:14:47.503283,84.11161,84.4415,86.00312
2022-01-14 12:14:48.010116,84.26632,84.59625,86.00312
2022-01-14 12:14:48.509042,84.05963,84.4415,85.21708
2022-01-14 12:14:49.007494,84.26632,84.33875,85.21708
2022-01-14 12:14:49.503310,84.00888,84.4415,86.19916
2022-01-14 12:14:50.000908,84.05963,84.184,86.19916
2022-01-14 12:14:50.506547,84.1636,84.59625,85.25666
2022-01-14 12:14:51.004062,84.1636,84.3895,85.25666
2022-01-14 12:14:51.508648,84.42104,84.803,85.64968
2022-01-14 12:14:52.004365,83.85417,84.4415,85.64968
2022-01-14 12:14:52.501842,84.52377,84.4935,86.15958
2022-01-14 12:14:53.009714,83.80219,84.28675,86.15958
2022-01-14 12:14:53.506251,84.26632,84.4935,85.6101
2022-01-14 12:14:54.005193,83.80219,84.3895,85.6101
2022-01-14 12:14:54.509206,84.47302,84.751,85.41406
2022-01-14 12:14:55.005576,83.9569,84.08,85.41406
2022-01-14 12:14:56.005193,84.42104,84.751,85.80614
2022-01-14 12:14:56.501922,83.9569,84.33875,85.29625
2022-01-14 12:14:57.009877,84.21434,84.4935,85.29625
2022-01-14 12:14:57.502707,83.69946,84.4935,86.08135
2022-01-14 12:14:58.011130,84.36905,84.59625,86.08135
2022-01-14 12:14:58.508627,84.52377,84.803,85.88531
2022-01-14 12:14:59.006809,83.69946,83.97725,85.88531
2022-01-14 12:14:59.503687,84.11161,84.28675,85.41406
2022-01-14 12:15:00.001539,84.52377,84.95775,85.41406
2022-01-14 12:15:00.503409,84.21434,84.28675,85.33489
2022-01-14 12:15:01.010897,83.69946,84.4935,85.33489
2022-01-14 12:15:01.505954,84.11161,84.54425,85.96354
2022-01-14 12:15:02.005402,84.21434,84.28675,85.96354
2022-01-14 12:15:02.501630,84.67848,84.95775,85.7675
2022-01-14 12:15:03.009822,83.9569,84.184,85.7675
2022-01-14 12:15:03.503756,83.90492,84.33875,85.92395
2022-01-14 12:15:04.002253,84.26632,84.54425,85.92395
2022-01-14 12:15:04.508707,84.1636,84.95775,85.33489
2022-01-14 12:15:05.006296,84.21434,84.23475,85.33489
2022-01-14 12:15:05.510087,84.05963,84.33875,85.4527
2022-01-14 12:15:06.007468,84.21434,84.3895,85.4527
2022-01-14 12:15:06.503086,84.31831,84.699,85.57051
2022-01-14 12:15:07.010175,84.11161,84.699,85.57051
2022-01-14 12:15:07.505614,83.85417,84.02925,85.64968
2022-01-14 12:15:08.002016,83.90492,84.3895,85.64968
2022-01-14 12:15:08.507781,83.64747,84.02925,88.94843
2022-01-14 12:15:09.005027,85.1946,85.37,88.94843
2022-01-14 12:15:09.508762,83.23532,83.30625,240.06229
2022-01-14 12:15:10.005252,84.31831,84.33875,240.06229
2022-01-14 12:15:10.509661,84.21434,84.803,218.38479
2022-01-14 12:15:11.008790,83.90492,84.132,218.38479
2022-01-14 12:15:11.505472,84.31831,84.64825,141.64926
2022-01-14 12:15:12.002569,83.54475,83.8225,141.64926
2022-01-14 12:15:12.507118,84.11161,84.59625,90.51864
2022-01-14 12:15:13.005769,84.21434,84.08,90.51864
2022-01-14 12:15:13.510838,84.47302,84.59625,93.54312
2022-01-14 12:15:14.007560,83.9569,84.3895,93.54312
2022-01-14 12:15:14.502055,83.64747,83.8745,90.3226
2022-01-14 12:15:15.001514,84.47302,85.0085,90.3226
2022-01-14 12:15:15.508130,84.00888,84.132,87.41687
2022-01-14 12:15:16.005077,84.31831,85.0085,87.41687
2022-01-14 12:15:16.510232,83.85417,84.08,85.84572
2022-01-14 12:15:17.007739,84.73046,84.699,85.84572
2022-01-14 12:15:17.502361,83.7502,84.28675,86.19916
2022-01-14 12:15:18.010027,84.36905,84.699,86.19916
2022-01-14 12:15:18.504056,83.80219,84.28675,86.08135
2022-01-14 12:15:19.001513,84.26632,84.4935,86.08135
2022-01-14 12:15:19.506357,83.59549,84.132,87.06343
2022-01-14 12:15:20.004484,84.57575,84.803,87.06343
2022-01-14 12:15:20.508032,84.42104,84.4415,86.3952
2022-01-14 12:15:21.004715,83.9569,84.3895,86.3952
2022-01-14 12:15:21.509206,84.36905,84.64825,86.51301
2022-01-14 12:15:22.005927,83.69946,84.184,86.51301
2022-01-14 12:15:22.501379,84.62773,84.751,86.31697
2022-01-14 12:15:23.009224,83.90492,84.699,86.31697
2022-01-14 12:15:23.504837,83.85417,84.08,85.41406
2022-01-14 12:15:24.002339,84.11161,84.33875,85.41406
2022-01-14 12:15:24.507944,84.62773,85.0085,85.64968
2022-01-14 12:15:25.007528,84.11161,84.184,85.64968
2022-01-14 12:15:25.501930,83.90492,84.4415,85.7675
2022-01-14 12:15:26.009853,84.26632,84.23475,85.7675
2022-01-14 12:15:26.503381,83.85417,84.3895,86.51301
2022-01-14 12:15:27.001606,84.52377,85.0085,86.51301
2022-01-14 12:15:27.507721,83.85417,84.28675,85.53187
2022-01-14 12:15:28.007910,84.05963,84.28675,85.53187
2022-01-14 12:15:28.504417,84.52377,84.699,86.12093
2022-01-14 12:15:29.004911,84.05963,84.699,86.12093
2022-01-14 12:15:29.510698,84.47302,84.33875,86.27739
2022-01-14 12:15:30.007707,83.80219,84.33875,86.27739
2022-01-14 12:15:30.501579,84.00888,84.23475,85.80614
2022-01-14 12:15:31.011102,84.21434,84.699,85.80614
2022-01-14 12:15:31.506082,84.47302,84.699,85.33489
2022-01-14 12:15:32.004199,84.1636,84.23475,85.33489
2022-01-14 12:15:32.508841,83.9569,84.3895,85.41406
2022-01-14 12:15:33.007494,84.21434,84.4415,85.41406
2022-01-14 12:15:33.503694,84.42104,85.0605,85.84572
2022-01-14 12:15:34.009878,84.42104,84.699,85.84572
2022-01-14 12:15:34.504059,83.69946,84.23475,86.12093
2022-01-14 12:15:35.002358,83.9569,84.28675,86.12093
2022-01-14 12:15:35.507823,84.88517,84.85375,84.62801
2022-01-14 12:15:36.005064,83.69946,84.28675,84.62801
2022-01-14 12:15:36.508577,84.36905,84.59625,86.00312
2022-01-14 12:15:37.009484,83.80219,84.3895,86.00312
2022-01-14 12:15:37.504658,84.36905,84.64825,85.64968
2022-01-14 12:15:38.002076,84.05963,84.751,85.64968
2022-01-14 12:15:38.506669,84.11161,84.28675,85.7675
2022-01-14 12:15:39.004547,84.21434,84.4415,85.7675
2022-01-14 12:15:39.508271,84.05963,84.4935,85.92395
2022-01-14 12:15:40.006667,84.42104,84.4935,85.92395
2022-01-14 12:15:40.501920,83.85417,84.4415,86.3952
2022-01-14 12:15:41.010535,84.52377,84.64825,86.3952
2022-01-14 12:15:41.504926,83.54475,84.23475,85.41406
2022-01-14 12:15:42.002256,84.67848,84.803,85.41406
2022-01-14 12:15:42.509054,84.05963,84.4415,86.5526
2022-01-14 12:15:43.007741,84.1636,84.59625,86.5526
2022-01-14 12:15:43.502296,84.36905,84.59625,85.17843
2022-01-14 12:15:44.010306,83.7502,84.3895,85.17843
2022-01-14 12:15:44.505880,84.62773,84.95775,85.92395
2022-01-14 12:15:45.003272,83.80219,84.33875,85.92395
2022-01-14 12:15:45.507468,84.31831,84.4935,86.23875
2022-01-14 12:15:46.004448,83.90492,84.08,86.23875
2022-01-14 12:15:46.502158,84.57575,84.751,85.84572
2022-01-14 12:15:47.010989,84.21434,84.3895,85.84572
2022-01-14 12:15:47.506432,83.90492,84.699,85.6101
2022-01-14 12:15:48.005933,84.11161,84.3895,85.6101
2022-01-14 12:15:48.501724,83.85417,84.28675,85.92395
2022-01-14 12:15:49.009222,84.93716,85.1125,85.92395
2022-01-14 12:15:49.504281,83.54475,84.02925,85.80614
2022-01-14 12:15:50.003737,84.67848,84.85375,85.80614
