時間,回転１,回転２,回転３
2022-01-14 09:00:00.008839,0.0,0.0,0.0
2022-01-14 09:00:00.509659,0.0,0.0,0.0
2022-01-14 09:00:01.001127,0.0,0.0,0.0
2022-01-14 09:00:01.501004,0.0,0.0,0.0
2022-01-14 09:00:02.009394,0.0,0.0,0.0
2022-01-14 09:00:02.509958,0.0,0.0,0.0
2022-01-14 09:00:03.008782,0.0,0.0,0.0
2022-01-14 09:00:03.503506,0.0,0.0,0.0
2022-01-14 09:00:04.010695,0.0,0.0,0.0
2022-01-14 09:00:04.506248,0.0,0.0,0.0
2022-01-14 09:00:05.003604,0.0,0.0,0.0
2022-01-14 09:00:05.507915,0.0,0.0,0.0
2022-01-14 09:00:06.006989,0.0,0.0,0.0
2022-01-14 09:00:06.501446,0.0,0.0,0.0
2022-01-14 09:00:07.008624,0.0,0.0,0.0
2022-01-14 09:00:07.504616,0.0,0.0,0.0
2022-01-14 09:00:08.003458,0.0,0.0,0.0
2022-01-14 09:00:08.503755,0.0,0.0,0.0
2022-01-14 09:00:09.001580,0.0,0.0,0.0
2022-01-14 09:00:09.507298,0.0,0.0,0.0
2022-01-14 09:00:10.005827,0.0,0.0,0.0
2022-01-14 09:00:10.503059,0.0,0.0,0.0
2022-01-14 09:00:11.011178,0.0,0.0,0.0
2022-01-14 09:00:11.503650,0.0,0.0,0.0
2022-01-14 09:00:12.010465,0.0,0.0,0.0
2022-01-14 09:00:12.507282,0.0,0.0,0.0
2022-01-14 09:00:13.006075,0.0,0.0,0.0
2022-01-14 09:00:14.003793,0.0,0.0,0.0
2022-01-14 09:00:14.509301,0.0,0.0,0.0
2022-01-14 09:00:15.008174,0.0,0.0,0.0
2022-01-14 09:00:15.502836,0.0,0.0,0.0
2022-01-14 09:00:16.003240,0.0,0.0,0.0
2022-01-14 09:00:16.507406,0.0,0.0,0.0
2022-01-14 09:00:17.001542,0.0,0.0,0.0
2022-01-14 09:00:17.503194,0.0,0.0,0.0
2022-01-14 09:00:18.003381,0.0,0.0,0.0
2022-01-14 09:00:18.509488,0.0,0.0,0.0
2022-01-14 09:00:19.001164,0.0,0.0,0.0
2022-01-14 09:00:19.504251,0.0,0.0,0.0
2022-01-14 09:00:20.001930,0.0,0.0,0.0
2022-01-14 09:00:20.500925,0.0,0.0,0.0
2022-01-14 09:00:21.009100,0.0,0.0,0.0
2022-01-14 09:00:21.504419,0.0,0.0,0.0
2022-01-14 09:00:22.010642,0.0,0.0,0.0
2022-01-14 09:00:22.502298,0.0,0.0,0.0
2022-01-14 09:00:23.004342,0.0,0.0,0.0
2022-01-14 09:00:23.502544,0.0,0.0,0.0
2022-01-14 09:00:24.001541,0.0,0.0,0.0
2022-01-14 09:00:24.505686,0.0,0.0,0.0
2022-01-14 09:00:25.005942,0.0,0.0,0.0
2022-01-14 09:00:25.501108,0.0,0.0,0.0
2022-01-14 09:00:26.010028,0.0,0.0,0.0
2022-01-14 09:00:26.504660,0.0,0.0,0.0
2022-01-14 09:00:27.005999,0.0,0.0,0.0
2022-01-14 09:00:27.502601,0.0,0.0,0.0
2022-01-14 09:00:28.011037,0.0,0.0,0.0
2022-01-14 09:00:28.507867,0.0,0.0,0.0
2022-01-14 09:00:29.005530,0.0,0.0,0.0
2022-01-14 09:00:29.507864,0.0,0.0,0.0
2022-01-14 09:00:30.005936,0.0,0.0,0.0
2022-01-14 09:00:30.503056,0.0,0.0,0.0
2022-01-14 09:00:31.001878,0.0,0.0,0.0
2022-01-14 09:00:31.503852,0.0,0.0,0.0
2022-01-14 09:00:32.000770,0.0,0.0,0.0
2022-01-14 09:00:32.503360,0.0,0.0,0.0
2022-01-14 09:00:33.010211,0.0,0.0,0.0
2022-01-14 09:00:33.508351,0.0,0.0,0.0
2022-01-14 09:00:34.007401,0.0,0.0,0.0
2022-01-14 09:00:34.503196,0.0,0.0,0.0
2022-01-14 09:00:35.011249,0.0,0.0,0.0
2022-01-14 09:00:35.510827,0.0,0.0,0.0
2022-01-14 09:00:36.001163,0.0,0.0,0.0
2022-01-14 09:00:36.510096,0.0,0.0,0.0
2022-01-14 09:00:37.007211,0.0,0.0,0.0
2022-01-14 09:00:37.505433,0.0,0.0,0.0
2022-01-14 09:00:38.006609,0.0,0.0,0.0
2022-01-14 09:00:38.505912,0.0,0.0,0.0
2022-01-14 09:00:39.003816,0.0,0.0,0.0
2022-01-14 09:00:39.510934,0.0,0.0,0.0
2022-01-14 09:00:40.005462,0.0,0.0,0.0
2022-01-14 09:00:40.506191,0.0,0.0,0.0
2022-01-14 09:00:41.005180,0.0,0.0,0.0
2022-01-14 09:00:41.510185,0.0,0.0,0.0
2022-01-14 09:00:42.008633,0.0,0.0,0.0
2022-01-14 09:00:42.508395,0.0,0.0,0.0
2022-01-14 09:00:43.008810,0.0,0.0,0.0
2022-01-14 09:00:43.506197,0.0,0.0,0.0
2022-01-14 09:00:44.006070,0.0,0.0,0.0
2022-01-14 09:00:44.501346,0.0,0.0,0.0
2022-01-14 09:00:45.009639,0.0,0.0,0.0
2022-01-14 09:00:45.508650,0.0,0.0,0.0
2022-01-14 09:00:46.004132,0.0,0.0,0.0
2022-01-14 09:00:46.505130,0.0,0.0,0.0
2022-01-14 09:00:47.009095,0.0,0.0,0.0
2022-01-14 09:00:47.504891,0.0,0.0,0.0
2022-01-14 09:00:48.004302,0.0,0.0,0.0
2022-01-14 09:00:48.506132,0.0,0.0,0.0
2022-01-14 09:00:49.004136,0.0,0.0,0.0
2022-01-14 09:00:49.507129,0.0,0.0,0.0
2022-01-14 09:00:50.005519,0.0,0.0,0.0
2022-01-14 09:00:50.503134,0.0,0.0,0.0
2022-01-14 09:00:51.002111,0.0,0.0,0.0
2022-01-14 09:00:51.509562,0.0,0.0,0.0
2022-01-14 09:00:52.008320,0.0,0.0,0.0
2022-01-14 09:00:52.507883,0.0,0.0,0.0
2022-01-14 09:00:53.005563,0.0,0.0,0.0
2022-01-14 09:00:53.501488,0.0,0.0,0.0
2022-01-14 09:00:54.000969,0.0,0.0,0.0
2022-01-14 09:00:54.508018,0.0,0.0,0.0
2022-01-14 09:00:55.010334,0.0,0.0,0.0
2022-01-14 09:00:55.510834,0.0,0.0,0.0
2022-01-14 09:00:56.007062,0.0,0.0,0.0
2022-01-14 09:00:56.509887,0.0,0.0,0.0
2022-01-14 09:00:57.008453,0.0,0.0,0.0
2022-01-14 09:00:57.506828,0.0,0.0,0.0
2022-01-14 09:00:58.009983,0.0,0.0,0.0
2022-01-14 09:00:58.504154,0.0,0.0,0.0
2022-01-14 09:00:59.011113,0.0,0.0,0.0
2022-01-14 09:00:59.509643,0.0,0.0,0.0
2022-01-14 09:01:00.007943,0.0,0.0,0.0
2022-01-14 09:01:00.504197,0.0,0.0,0.0
2022-01-14 09:01:01.002021,0.0,0.0,0.0
2022-01-14 09:01:01.506168,0.0,0.0,0.0
2022-01-14 09:01:02.005304,0.0,0.0,0.0
2022-01-14 09:01:02.502471,0.0,0.0,0.0
2022-01-14 09:01:03.001556,0.0,0.0,0.0
2022-01-14 09:01:03.508614,0.0,0.0,0.0
2022-01-14 09:01:04.006787,0.0,0.0,0.0
2022-01-14 09:01:04.508423,0.0,0.0,0.0
2022-01-14 09:01:05.007138,0.0,0.0,0.0
2022-01-14 09:01:05.503846,0.0,0.0,0.0
2022-01-14 09:01:06.009035,0.0,0.0,0.0
2022-01-14 09:01:06.507156,0.0,0.0,0.0
2022-01-14 09:01:07.005007,0.0,0.0,0.0
2022-01-14 09:01:07.501168,0.0,0.0,0.0
2022-01-14 09:01:08.010911,0.0,0.0,0.0
2022-01-14 09:01:08.506694,0.0,0.0,0.0
2022-01-14 09:01:09.006455,0.0,0.0,0.0
2022-01-14 09:01:09.507998,0.0,0.0,0.0
2022-01-14 09:01:10.006792,0.0,0.0,0.0
2022-01-14 09:01:10.503419,0.0,0.0,0.0
2022-01-14 09:01:11.005107,0.0,0.0,0.0
2022-01-14 09:01:11.510523,0.0,0.0,0.0
2022-01-14 09:01:12.007781,0.0,0.0,0.0
2022-01-14 09:01:12.501319,0.0,0.0,0.0
2022-01-14 09:01:13.004663,0.0,0.0,0.0
2022-01-14 09:01:13.509109,0.0,0.0,0.0
2022-01-14 09:01:14.009031,0.0,0.0,0.0
2022-01-14 09:01:14.505847,0.0,0.0,0.0
2022-01-14 09:01:15.009270,0.0,0.0,0.0
2022-01-14 09:01:15.502517,0.0,0.0,0.0
2022-01-14 09:01:16.005886,0.0,0.0,0.0
2022-01-14 09:01:16.507172,0.0,0.0,0.0
2022-01-14 09:01:17.005054,0.0,0.0,0.0
2022-01-14 09:01:17.510723,0.0,0.0,0.0
2022-01-14 09:01:18.007462,0.0,0.0,0.0
2022-01-14 09:01:18.501876,0.0,0.0,0.0
2022-01-14 09:01:19.002227,0.0,0.0,0.0
2022-01-14 09:01:19.508887,0.0,0.0,0.0
2022-01-14 09:01:20.006354,0.0,0.0,0.0
2022-01-14 09:01:20.510519,0.0,0.0,0.0
2022-01-14 09:01:21.011086,0.0,0.0,0.0
2022-01-14 09:01:21.507079,0.0,0.0,0.0
2022-01-14 09:01:22.006787,0.0,0.0,0.0
2022-01-14 09:01:22.501360,0.0,0.0,0.0
2022-01-14 09:01:23.009563,0.0,0.0,0.0
2022-01-14 09:01:23.504342,0.0,0.0,0.0
2022-01-14 09:01:24.003864,0.0,0.0,0.0
2022-01-14 09:01:24.509701,0.0,0.0,0.0
2022-01-14 09:01:25.007830,0.0,0.0,0.0
2022-01-14 09:01:25.509980,0.0,0.0,0.0
2022-01-14 09:01:26.009343,0.0,0.0,0.0
2022-01-14 09:01:26.504143,0.0,0.0,0.0
2022-01-14 09:01:27.009851,0.0,0.0,0.0
2022-01-14 09:01:27.503327,0.0,0.0,0.0
2022-01-14 09:01:28.001510,0.0,0.0,0.0
2022-01-14 09:01:28.508997,0.0,0.0,0.0
2022-01-14 09:01:29.007904,0.0,0.0,0.0
2022-01-14 09:01:29.502232,0.0,0.0,0.0
2022-01-14 09:01:30.001455,0.0,0.0,0.0
2022-01-14 09:01:30.507435,0.0,0.0,0.0
2022-01-14 09:01:31.005177,0.0,0.0,0.0
2022-01-14 09:01:31.508939,0.0,0.0,0.0
2022-01-14 09:01:32.005961,0.0,0.0,0.0
2022-01-14 09:01:32.502626,0.0,0.0,0.0
2022-01-14 09:01:33.011238,0.0,0.0,0.0
2022-01-14 09:01:33.506603,0.0,0.0,0.0
2022-01-14 09:01:34.004529,0.0,0.0,0.0
2022-01-14 09:01:34.509412,0.0,0.0,0.0
2022-01-14 09:01:35.007274,0.0,0.0,0.0
2022-01-14 09:01:35.501237,0.0,0.0,0.0
2022-01-14 09:01:36.008746,0.0,0.0,0.0
2022-01-14 09:01:36.502739,0.0,0.0,0.0
2022-01-14 09:01:37.002761,0.0,0.0,0.0
2022-01-14 09:01:37.509355,0.0,0.0,0.0
2022-01-14 09:01:38.006026,0.0,0.0,0.0
2022-01-14 09:01:38.501681,0.0,0.0,0.0
2022-01-14 09:01:39.010369,0.0,0.0,0.0
2022-01-14 09:01:39.505361,0.0,0.0,0.0
2022-01-14 09:01:40.006071,0.0,0.0,0.0
2022-01-14 09:01:40.501045,0.0,0.0,0.0
2022-01-14 09:01:41.010602,0.0,0.0,0.0
2022-01-14 09:01:41.507308,0.0,0.0,0.0
2022-01-14 09:01:42.008451,0.0,0.0,0.0
2022-01-14 09:01:42.503829,0.0,0.0,0.0
2022-01-14 09:01:43.003759,0.0,0.0,0.0
2022-01-14 09:01:43.508500,0.0,0.0,0.0
2022-01-14 09:01:44.007277,0.0,0.0,0.0
2022-01-14 09:01:44.502349,0.0,0.0,0.0
2022-01-14 09:01:45.009037,0.0,0.0,0.0
2022-01-14 09:01:45.507390,0.0,0.0,0.0
2022-01-14 09:01:46.007447,0.0,0.0,0.0
2022-01-14 09:01:46.501551,0.0,0.0,0.0
2022-01-14 09:01:47.002316,0.0,0.0,0.0
2022-01-14 09:01:47.508124,0.0,0.0,0.0
2022-01-14 09:01:48.006000,0.0,0.0,0.0
2022-01-14 09:01:48.510821,0.0,0.0,0.0
2022-01-14 09:01:49.008020,0.0,0.0,0.0
2022-01-14 09:01:49.503018,0.0,0.0,0.0
2022-01-14 09:01:50.010778,0.0,0.0,0.0
2022-01-14 09:01:50.508185,0.0,0.0,0.0
2022-01-14 09:01:51.005392,0.0,0.0,0.0
2022-01-14 09:01:51.510606,0.0,0.0,0.0
2022-01-14 09:01:52.008455,0.0,0.0,0.0
2022-01-14 09:01:52.502447,0.0,0.0,0.0
2022-01-14 09:01:53.505898,0.0,0.0,0.0
2022-01-14 09:01:54.002260,0.0,0.0,0.0
2022-01-14 09:01:54.503809,0.0,0.0,0.0
2022-01-14 09:01:55.001248,0.0,0.0,0.0
2022-01-14 09:01:55.506040,0.0,0.0,0.0
2022-01-14 09:01:56.001462,0.0,0.0,0.0
2022-01-14 09:01:56.503654,0.0,0.0,0.0
2022-01-14 09:01:57.004492,0.0,0.0,0.0
2022-01-14 09:01:57.509841,0.0,0.0,0.0
2022-01-14 09:01:58.009443,0.0,0.0,0.0
2022-01-14 09:01:58.503359,0.0,0.0,0.0
2022-01-14 09:01:59.001417,0.0,0.0,0.0
2022-01-14 09:01:59.507905,0.0,0.0,0.0
2022-01-14 09:02:00.006105,0.0,0.0,0.0
2022-01-14 09:02:00.505202,0.0,0.0,0.0
2022-01-14 09:02:01.001437,0.0,0.0,0.0
2022-01-14 09:02:01.506398,0.0,0.0,0.0
2022-01-14 09:02:02.003325,0.0,0.0,0.0
2022-01-14 09:02:02.502953,0.0,0.0,0.0
2022-01-14 09:02:03.002246,0.0,0.0,0.0
2022-01-14 09:02:03.508120,0.0,0.0,0.0
2022-01-14 09:02:04.007548,0.0,0.0,0.0
2022-01-14 09:02:04.502130,0.0,0.0,0.0
2022-01-14 09:02:05.011121,0.0,0.0,0.0
2022-01-14 09:02:05.510233,0.0,0.0,0.0
2022-01-14 09:02:06.007071,0.0,0.0,0.0
2022-01-14 09:02:06.503072,0.0,0.0,0.0
2022-01-14 09:02:07.011022,0.0,0.0,0.0
2022-01-14 09:02:07.505408,0.0,0.0,0.0
2022-01-14 09:02:08.005059,0.0,0.0,0.0
2022-01-14 09:02:08.511238,0.0,0.0,0.0
2022-01-14 09:02:09.009627,0.0,0.0,0.0
2022-01-14 09:02:09.506076,0.0,0.0,0.0
2022-01-14 09:02:10.004241,0.0,0.0,0.0
2022-01-14 09:02:10.511102,0.0,0.0,0.0
2022-01-14 09:02:11.009978,0.0,0.0,0.0
2022-01-14 09:02:11.505701,0.0,0.0,0.0
2022-01-14 09:02:12.004119,0.0,0.0,0.0
2022-01-14 09:02:12.509386,0.0,0.0,0.0
2022-01-14 09:02:13.007329,0.0,0.0,0.0
2022-01-14 09:02:13.501952,0.0,0.0,0.0
2022-01-14 09:02:14.010457,0.0,0.0,0.0
2022-01-14 09:02:14.502945,0.0,0.0,0.0
2022-01-14 09:02:15.010992,0.0,0.0,0.0
2022-01-14 09:02:15.506158,0.0,0.0,0.0
2022-01-14 09:02:16.010317,0.0,0.0,0.0
2022-01-14 09:02:16.508621,0.0,0.0,0.0
2022-01-14 09:02:17.006002,0.0,0.0,0.0
2022-01-14 09:02:17.510383,0.0,0.0,0.0
2022-01-14 09:02:18.007525,0.0,0.0,0.0
2022-01-14 09:02:18.503883,0.0,0.0,0.0
2022-01-14 09:02:19.001777,0.0,0.0,0.0
2022-01-14 09:02:19.507587,0.0,0.0,0.0
2022-01-14 09:02:20.004514,0.0,0.0,0.0
2022-01-14 09:02:20.504815,0.0,0.0,0.0
2022-01-14 09:02:21.003554,0.0,0.0,0.0
2022-01-14 09:02:21.510813,0.0,0.0,0.0
2022-01-14 09:02:22.008708,0.0,0.0,0.0
2022-01-14 09:02:22.504011,0.0,0.0,0.0
2022-01-14 09:36:07.009711,37.74985,39.04775,0.0
2022-01-14 09:36:07.507771,37.44042,37.80975,0.0
2022-01-14 09:36:08.006111,39.03829,38.5835,0.0
2022-01-14 09:36:08.501665,37.69786,38.378,0.0
2022-01-14 09:36:09.001366,37.38844,39.3065,0.0
2022-01-14 09:36:09.507256,38.62614,38.48075,0.0
2022-01-14 09:36:10.005050,38.00729,38.326,0.0
2022-01-14 09:36:10.502601,37.69786,39.09975,0.0
2022-01-14 09:36:11.010624,38.11002,38.22325,0.0
2022-01-14 09:36:11.505573,38.52341,38.274,0.0
2022-01-14 09:36:12.004075,37.9553,38.6355,0.0
2022-01-14 09:36:12.507179,38.21398,38.22325,0.0
2022-01-14 09:36:13.004074,37.90456,38.73825,0.0
2022-01-14 09:36:13.501367,38.78085,38.0685,0.0
2022-01-14 09:36:14.009595,38.21398,39.512,0.0
2022-01-14 09:36:14.506900,37.33645,38.53275,0.0
2022-01-14 09:36:15.005178,38.67812,38.326,0.0
2022-01-14 09:36:15.510522,38.62614,38.73825,0.0
2022-01-14 09:36:16.009655,37.38844,38.5835,0.0
2022-01-14 09:36:16.504204,38.41944,38.326,0.0
2022-01-14 09:36:17.002884,38.11002,38.0165,0.0
2022-01-14 09:36:17.501855,38.57415,38.6355,0.0
2022-01-14 09:36:18.009895,37.54315,38.326,0.0
2022-01-14 09:36:18.504756,38.41944,38.6875,0.0
2022-01-14 09:36:19.004233,38.31671,38.6355,0.0
2022-01-14 09:36:19.501497,37.54315,38.84225,0.0
2022-01-14 09:36:20.010338,38.57415,38.22325,0.0
2022-01-14 09:36:20.505323,38.162,38.378,0.0
2022-01-14 09:36:21.005736,37.38844,38.997,0.0
2022-01-14 09:36:21.501883,38.47142,37.80975,0.0
2022-01-14 09:36:22.008615,37.80059,38.6355,0.0
2022-01-14 09:36:22.505189,38.88358,38.53275,0.0
2022-01-14 09:36:23.006016,37.44042,38.48075,0.0
2022-01-14 09:36:23.501243,38.162,38.79025,0.0
2022-01-14 09:36:24.009053,39.03829,38.48075,0.0
2022-01-14 09:36:24.502909,37.64588,39.3065,0.0
2022-01-14 09:36:25.004719,37.131,38.11925,0.0
2022-01-14 09:36:25.509828,38.72887,38.42875,0.0
2022-01-14 09:36:26.008421,38.05927,39.04775,0.0
2022-01-14 09:36:26.503211,37.23372,37.91375,0.0
2022-01-14 09:36:27.011095,38.52341,38.84225,0.0
2022-01-14 09:36:27.507221,38.72887,38.0685,0.0
2022-01-14 09:36:28.008529,37.64588,38.945,0.0
2022-01-14 09:36:28.503829,37.85257,38.6355,0.0
2022-01-14 09:36:29.004499,38.41944,38.0685,0.0
2022-01-14 09:36:29.510029,38.05927,39.2545,0.0
2022-01-14 09:36:30.008780,37.90456,38.0165,0.0
2022-01-14 09:36:30.505559,37.80059,38.6355,0.0
2022-01-14 09:36:31.004833,38.62614,38.73825,0.0
2022-01-14 09:36:31.510098,37.9553,37.9645,0.0
2022-01-14 09:36:32.007242,38.00729,39.04775,0.0
2022-01-14 09:36:32.502846,38.31671,37.707,0.0
2022-01-14 09:36:33.001204,38.57415,38.997,0.0
2022-01-14 09:36:33.505666,37.9553,38.5835,0.0
2022-01-14 09:36:34.005342,37.74985,38.17125,0.0
2022-01-14 09:36:34.510355,38.67812,39.35725,0.0
2022-01-14 09:36:35.008722,38.162,37.707,0.0
2022-01-14 09:36:35.505112,37.64588,39.2545,0.0
2022-01-14 09:36:36.002532,38.52341,38.6875,0.0
2022-01-14 09:36:36.507876,37.59513,38.0685,0.0
2022-01-14 09:36:37.005649,38.78085,38.84225,0.0
2022-01-14 09:36:37.511216,38.00729,37.4495,0.0
2022-01-14 09:36:38.009639,37.64588,39.512,0.0
2022-01-14 09:36:38.506622,38.67812,38.326,0.0
2022-01-14 09:36:39.005079,37.85257,38.11925,0.0
2022-01-14 09:36:39.510947,38.26473,39.35725,0.0
2022-01-14 09:36:40.008635,38.41944,37.80975,0.0
2022-01-14 09:36:40.503896,37.131,39.2545,0.0
2022-01-14 09:36:41.003122,38.72887,38.42875,0.0
2022-01-14 09:36:41.507543,38.00729,38.378,0.0
2022-01-14 09:36:42.005574,38.05927,38.893,0.0
2022-01-14 09:36:42.510819,37.74985,37.29475,0.0
2022-01-14 09:36:43.010576,38.52341,39.3065,0.0
2022-01-14 09:36:43.504021,38.26473,38.6875,0.0
2022-01-14 09:36:44.002928,37.54315,38.11925,0.0
2022-01-14 09:36:44.509981,38.52341,38.893,0.0
2022-01-14 09:36:45.010029,38.26473,38.11925,0.0
2022-01-14 09:36:45.505566,37.69786,39.40925,0.0
2022-01-14 09:36:46.005638,37.69786,38.11925,0.0
2022-01-14 09:36:46.501205,38.21398,38.17125,0.0
2022-01-14 09:36:47.009284,38.41944,39.04775,0.0
2022-01-14 09:36:47.503848,37.54315,37.55225,0.0
2022-01-14 09:36:48.003085,38.21398,39.15175,0.0
2022-01-14 09:36:48.509071,38.57415,38.378,0.0
2022-01-14 09:36:49.006654,37.80059,38.945,0.0
2022-01-14 09:36:49.503130,38.52341,38.73825,0.0
2022-01-14 09:36:50.002270,38.00729,38.378,0.0
2022-01-14 09:36:50.504574,38.62614,39.15175,0.0
2022-01-14 09:36:51.002982,38.05927,38.326,0.0
2022-01-14 09:36:51.509727,37.54315,38.22325,0.0
2022-01-14 09:36:52.002251,38.83283,38.6875,0.0
2022-01-14 09:36:52.508696,38.41944,38.274,0.0
2022-01-14 09:36:53.007119,37.38844,38.6355,0.0
2022-01-14 09:36:54.005696,37.9553,38.84225,0.0
2022-01-14 09:36:54.501496,38.162,38.378,0.0
2022-01-14 09:36:55.009445,37.90456,38.42875,0.0
2022-01-14 09:36:55.509998,38.47142,38.6875,0.0
2022-01-14 09:36:56.009201,37.44042,38.53275,0.0
2022-01-14 09:36:56.504674,38.47142,38.0165,0.0
2022-01-14 09:36:57.002364,38.52341,38.53275,0.0
2022-01-14 09:36:57.507882,37.59513,38.6875,0.0
2022-01-14 09:36:58.009439,38.11002,38.22325,0.0
2022-01-14 09:36:58.505580,38.21398,38.893,0.0
2022-01-14 09:36:59.003024,38.31671,38.79025,0.0
2022-01-14 09:36:59.509136,38.05927,38.6355,0.0
2022-01-14 09:37:00.006526,37.33645,38.17125,0.0
2022-01-14 09:37:00.507752,38.78085,38.6355,0.0
2022-01-14 09:37:01.005769,37.9553,38.997,0.0
2022-01-14 09:37:01.507325,37.59513,37.759,0.0
2022-01-14 09:37:02.003906,38.41944,38.53275,0.0
2022-01-14 09:37:02.502437,38.26473,38.84225,0.0
2022-01-14 09:37:03.010632,38.162,38.6875,0.0
2022-01-14 09:37:03.510156,37.49117,38.79025,0.0
2022-01-14 09:37:04.009359,38.67812,38.0165,0.0
2022-01-14 09:37:04.503976,38.21398,39.3065,0.0
2022-01-14 09:37:05.002634,37.33645,38.274,0.0
2022-01-14 09:37:05.506783,38.05927,37.80975,0.0
2022-01-14 09:37:06.005286,38.26473,39.46125,0.0
2022-01-14 09:37:06.503825,38.41944,37.55225,0.0
2022-01-14 09:37:07.002179,38.00729,38.73825,0.0
2022-01-14 09:37:07.507333,37.9553,38.79025,0.0
2022-01-14 09:37:08.006147,39.34772,38.42875,0.0
2022-01-14 09:37:08.501976,37.85257,39.15175,0.0
2022-01-14 09:37:09.009706,37.18174,37.55225,0.0
2022-01-14 09:37:09.510720,38.57415,39.3065,0.0
2022-01-14 09:37:10.008623,38.52341,38.11925,0.0
2022-01-14 09:37:10.506084,37.38844,38.274,0.0
2022-01-14 09:37:11.006998,38.52341,39.09975,0.0
2022-01-14 09:37:11.501801,38.52341,37.60425,0.0
2022-01-14 09:37:12.010797,37.85257,39.15175,0.0
2022-01-14 09:37:12.505560,38.47142,38.5835,0.0
2022-01-14 09:37:13.004602,38.3687,38.53275,0.0
2022-01-14 09:37:13.509366,37.49117,38.73825,0.0
2022-01-14 09:37:14.007514,38.26473,37.80975,0.0
2022-01-14 09:37:14.502801,37.64588,39.40925,0.0
2022-01-14 09:37:15.003160,38.26473,38.0685,0.0
2022-01-14 09:37:15.508614,37.59513,38.53275,0.0
2022-01-14 09:37:16.006765,38.41944,38.79025,0.0
2022-01-14 09:37:16.501999,38.57415,38.11925,0.0
2022-01-14 09:37:17.001643,37.69786,39.3065,0.0
2022-01-14 09:37:17.507035,38.21398,37.9645,0.0
2022-01-14 09:37:18.006360,38.21398,39.3065,0.0
2022-01-14 09:37:18.510552,38.41944,38.378,0.0
2022-01-14 09:37:19.010290,37.69786,37.91375,0.0
2022-01-14 09:37:19.508254,37.49117,39.15175,0.0
2022-01-14 09:37:20.006777,39.09027,37.759,0.0
2022-01-14 09:37:20.502459,37.74985,38.893,0.0
2022-01-14 09:37:21.001693,37.23372,38.326,0.0
2022-01-14 09:37:21.507141,39.14226,38.274,0.0
2022-01-14 09:37:22.005031,37.9553,39.3065,0.0
2022-01-14 09:37:22.510420,37.64588,37.4495,0.0
2022-01-14 09:37:23.008964,38.11002,39.2025,0.0
2022-01-14 09:37:23.503885,38.21398,38.22325,0.0
2022-01-14 09:37:24.003339,38.31671,38.42875,0.0
2022-01-14 09:37:24.508213,37.69786,38.79025,0.0
2022-01-14 09:37:25.007578,38.26473,38.17125,0.0
2022-01-14 09:37:25.503437,38.26473,38.945,0.0
2022-01-14 09:37:26.001475,38.162,38.42875,0.0
2022-01-14 09:37:26.506925,38.3687,38.53275,0.0
2022-01-14 09:37:27.005307,37.9553,38.997,0.0
2022-01-14 09:37:27.510650,38.83283,37.759,0.0
2022-01-14 09:37:28.007783,37.59513,38.997,0.0
2022-01-14 09:37:28.505222,38.162,38.22325,0.0
2022-01-14 09:37:29.005383,38.47142,38.48075,0.0
2022-01-14 09:37:29.501168,37.90456,38.6875,0.0
2022-01-14 09:37:30.009870,38.26473,38.378,0.0
2022-01-14 09:37:30.504699,37.9553,39.09975,0.0
2022-01-14 09:37:31.002781,38.11002,37.91375,0.0
2022-01-14 09:37:31.507730,38.05927,39.09975,0.0
2022-01-14 09:37:32.006366,38.11002,38.53275,0.0
2022-01-14 09:37:32.502563,38.21398,38.22325,0.0
2022-01-14 09:37:33.010989,37.49117,38.53275,0.0
2022-01-14 09:37:33.506457,38.62614,38.53275,0.0
2022-01-14 09:37:34.004673,37.9553,38.6355,0.0
2022-01-14 09:37:34.509505,38.05927,38.42875,0.0
2022-01-14 09:37:35.010057,37.85257,38.6355,0.0
2022-01-14 09:37:35.505131,38.162,38.6355,0.0
2022-01-14 09:37:36.003499,38.57415,38.48075,0.0
2022-01-14 09:37:36.508958,37.69786,38.378,0.0
2022-01-14 09:37:37.008465,37.74985,38.5835,0.0
2022-01-14 09:37:37.503570,38.98755,38.945,0.0
2022-01-14 09:37:38.002171,37.80059,37.80975,0.0
2022-01-14 09:37:38.504573,37.38844,38.893,0.0
2022-01-14 09:37:39.003530,38.62614,38.6875,0.0
2022-01-14 09:37:39.502930,38.05927,38.53275,0.0
2022-01-14 09:37:40.002586,37.54315,38.42875,0.0
2022-01-14 09:37:40.508484,38.162,38.326,0.0
2022-01-14 09:37:41.007016,38.72887,39.15175,0.0
2022-01-14 09:37:41.504084,37.80059,37.91375,0.0
2022-01-14 09:37:42.002604,37.69786,39.04775,0.0
2022-01-14 09:37:42.508591,38.41944,38.378,0.0
2022-01-14 09:37:43.007406,38.26473,38.42875,0.0
2022-01-14 09:37:43.511032,38.21398,38.84225,0.0
2022-01-14 09:37:44.001085,37.9553,38.378,0.0
2022-01-14 09:37:44.505671,38.62614,39.04775,0.0
2022-01-14 09:37:45.004298,37.9553,38.0165,0.0
2022-01-14 09:37:45.510176,37.80059,38.42875,0.0
2022-01-14 09:37:46.008618,38.83283,39.09975,0.0
2022-01-14 09:37:46.509176,37.64588,37.80975,0.0
2022-01-14 09:37:47.007254,38.47142,38.997,0.0
2022-01-14 09:37:47.502496,38.05927,38.274,0.0
2022-01-14 09:37:48.001778,38.26473,38.6355,0.0
2022-01-14 09:37:48.506812,38.05927,38.6355,0.0
2022-01-14 09:37:49.005217,37.80059,37.9645,0.0
2022-01-14 09:37:49.503010,38.57415,39.3065,0.0
2022-01-14 09:37:50.002222,37.85257,37.86175,0.0
2022-01-14 09:37:50.509459,37.59513,38.42875,0.0
2022-01-14 09:37:51.007811,38.78085,39.71875,0.0
2022-01-14 09:37:51.503712,37.90456,37.50025,0.0
2022-01-14 09:37:52.002209,38.162,38.945,0.0
2022-01-14 09:37:52.508357,37.64588,38.378,0.0
2022-01-14 09:37:53.007722,38.26473,38.5835,0.0
2022-01-14 09:37:53.503405,38.62614,38.84225,0.0
2022-01-14 09:37:54.002404,37.49117,37.80975,0.0
2022-01-14 09:37:54.508523,37.74985,39.2545,0.0
2022-01-14 09:37:55.006531,38.78085,38.0165,0.0
2022-01-14 09:37:55.502683,37.80059,38.48075,0.0
2022-01-14 09:37:56.505851,38.83283,38.0165,0.0
2022-01-14 09:37:57.004403,38.26473,39.04775,0.0
2022-01-14 09:37:57.509654,37.69786,37.86175,0.0
2022-01-14 09:37:58.009107,38.00729,39.09975,0.0
2022-01-14 09:37:58.503170,38.31671,38.378,0.0
2022-01-14 09:37:59.001026,38.05927,37.91375,0.0
2022-01-14 09:37:59.505046,37.59513,39.04775,0.0
2022-01-14 09:38:00.004638,37.85257,37.91375,0.0
2022-01-14 09:38:01.005874,37.69786,38.73825,0.0
2022-01-14 09:38:01.510813,37.90456,38.22325,0.0
2022-01-14 09:38:02.001431,38.47142,38.893,0.0
2022-01-14 09:38:02.508235,38.31671,37.86175,0.0
2022-01-14 09:38:03.006999,38.00729,39.2025,0.0
2022-01-14 09:38:03.503319,37.9553,38.0685,0.0
2022-01-14 09:38:04.001370,38.72887,38.48075,0.0
2022-01-14 09:38:04.509119,37.90456,38.997,0.0
2022-01-14 09:38:05.006125,37.69786,37.759,0.0
2022-01-14 09:38:05.505452,39.09027,39.35725,0.0
2022-01-14 09:38:06.003637,37.54315,38.326,0.0
2022-01-14 09:38:06.510043,38.26473,38.997,0.0
2022-01-14 09:38:07.009572,38.52341,38.42875,0.0
2022-01-14 09:38:07.505052,37.49117,37.759,0.0
2022-01-14 09:38:08.002450,38.00729,39.15175,0.0
2022-01-14 09:38:08.509421,38.05927,38.0165,0.0
2022-01-14 09:38:09.007692,38.00729,38.5835,0.0
2022-01-14 09:38:09.502820,38.05927,38.378,0.0
2022-01-14 09:38:10.010309,37.49117,38.42875,0.0
2022-01-14 09:38:10.506122,38.72887,39.2025,0.0
2022-01-14 09:38:11.003714,37.90456,38.274,0.0
2022-01-14 09:38:11.509447,37.90456,38.84225,0.0
2022-01-14 09:38:12.008495,38.162,38.42875,0.0
2022-01-14 09:38:12.503168,38.11002,38.0685,0.0
2022-01-14 09:38:13.005090,38.3687,38.5835,0.0
2022-01-14 09:38:13.510130,37.33645,38.53275,0.0
2022-01-14 09:38:14.008632,38.57415,38.378,0.0
2022-01-14 09:38:14.502924,38.3687,38.22325,0.0
2022-01-14 09:38:15.001903,37.54315,38.84225,0.0
2022-01-14 09:38:15.507914,38.11002,38.893,0.0
2022-01-14 09:38:16.005841,38.31671,38.79025,0.0
2022-01-14 09:38:16.501121,38.11002,38.0685,0.0
2022-01-14 09:38:17.010168,37.80059,38.79025,0.0
2022-01-14 09:38:17.505928,38.11002,38.0165,0.0
2022-01-14 09:38:18.005542,38.162,38.6355,0.0
2022-01-14 09:38:18.501386,37.90456,38.42875,0.0
2022-01-14 09:38:19.005992,38.31671,38.53275,0.0
2022-01-14 09:38:19.501466,37.64588,38.42875,0.0
2022-01-14 09:38:20.001541,39.193,39.15175,0.0
2022-01-14 09:38:20.507712,37.9553,38.48075,0.0
2022-01-14 09:38:21.006535,37.74985,39.04775,0.0
2022-01-14 09:38:21.501537,38.78085,37.80975,0.0
2022-01-14 09:38:22.001708,37.85257,38.73825,0.0
2022-01-14 09:38:22.506701,38.05927,38.48075,0.0
2022-01-14 09:38:23.004775,38.57415,37.86175,0.0
2022-01-14 09:38:23.501755,37.59513,39.15175,0.0
2022-01-14 09:38:24.010380,38.3687,38.0685,0.0
2022-01-14 09:38:24.504862,38.00729,38.84225,0.0
2022-01-14 09:38:25.005087,38.52341,38.53275,0.0
2022-01-14 09:38:25.506423,37.54315,38.53275,0.0
2022-01-14 09:38:26.005413,38.57415,39.2025,0.0
2022-01-14 09:38:26.501695,38.47142,37.29475,0.0
2022-01-14 09:38:27.002854,37.44042,38.84225,0.0
2022-01-14 09:38:27.508250,37.80059,38.73825,0.0
2022-01-14 09:38:28.007253,38.52341,37.655,0.0
2022-01-14 09:38:28.502180,37.74985,38.997,0.0
2022-01-14 09:38:29.010960,37.74985,38.0685,0.0
2022-01-14 09:38:29.505567,37.85257,39.3065,0.0
2022-01-14 09:38:30.004825,38.88358,38.274,0.0
2022-01-14 09:38:30.503063,37.85257,38.53275,0.0
2022-01-14 09:38:31.003033,37.59513,39.15175,0.0
2022-01-14 09:38:31.508941,38.57415,37.707,0.0
2022-01-14 09:38:32.008205,38.162,38.6875,0.0
2022-01-14 09:38:32.504198,37.74985,38.42875,0.0
2022-01-14 09:38:33.002079,37.64588,38.6875,0.0
2022-01-14 09:38:33.507382,38.88358,38.73825,0.0
2022-01-14 09:38:34.007833,37.85257,37.707,0.0
2022-01-14 09:38:34.502652,37.49117,39.66675,0.0
2022-01-14 09:38:35.011158,38.57415,38.11925,0.0
2022-01-14 09:38:35.506586,37.9553,38.378,0.0
2022-01-14 09:38:36.008799,38.11002,39.40925,0.0
2022-01-14 09:38:36.504353,38.05927,37.3975,0.0
2022-01-14 09:38:37.002861,38.162,39.15175,0.0
2022-01-14 09:38:37.507092,38.47142,38.17125,0.0
2022-01-14 09:38:38.006002,37.64588,38.6355,0.0
2022-01-14 09:38:38.502895,38.21398,38.5835,0.0
2022-01-14 09:38:39.001267,38.26473,37.80975,0.0
2022-01-14 09:38:39.506670,38.162,39.512,0.0
2022-01-14 09:38:40.005874,38.11002,38.0165,0.0
2022-01-14 09:38:40.501081,38.41944,38.73825,0.0
2022-01-14 09:38:41.010181,37.90456,38.73825,0.0
2022-01-14 09:38:41.507916,38.26473,38.17125,0.0
2022-01-14 09:38:42.006157,38.41944,38.893,0.0
2022-01-14 09:38:43.005559,37.69786,39.04775,0.0
2022-01-14 09:38:43.510488,38.3687,38.11925,0.0
2022-01-14 09:38:44.010076,37.80059,38.274,0.0
2022-01-14 09:38:44.507931,38.47142,39.04775,0.0
2022-01-14 09:38:45.002650,37.38844,38.378,0.0
2022-01-14 09:38:45.507887,38.3687,38.84225,0.0
2022-01-14 09:38:46.007810,38.52341,38.11925,0.0
2022-01-14 09:38:46.504585,37.44042,39.09975,0.0
2022-01-14 09:38:47.002905,38.3687,38.53275,0.0
2022-01-14 09:38:47.509535,38.52341,38.0165,0.0
2022-01-14 09:38:48.007946,37.90456,38.893,0.0
2022-01-14 09:38:48.505238,37.80059,38.22325,0.0
2022-01-14 09:38:49.002699,37.90456,38.6355,0.0
2022-01-14 09:38:49.509193,39.193,38.73825,0.0
2022-01-14 09:38:50.006729,37.74985,38.42875,0.0
2022-01-14 09:38:50.501650,36.82157,38.73825,0.0
2022-01-14 09:38:51.009710,39.3997,38.11925,0.0
2022-01-14 09:38:51.505383,38.3687,38.893,0.0
2022-01-14 09:38:52.005919,37.07901,38.274,0.0
2022-01-14 09:38:52.510528,38.21398,38.274,0.0
2022-01-14 09:38:53.001384,38.88358,38.6355,0.0
2022-01-14 09:38:53.507941,37.74985,38.0165,0.0
2022-01-14 09:38:54.004321,37.49117,39.09975,0.0
2022-01-14 09:38:54.501553,38.57415,38.274,0.0
2022-01-14 09:38:55.008165,38.05927,39.04775,0.0
2022-01-14 09:38:55.503221,37.90456,38.326,0.0
2022-01-14 09:38:56.002735,38.52341,38.79025,0.0
2022-01-14 09:38:56.507913,37.85257,38.53275,0.0
2022-01-14 09:38:57.005939,38.72887,38.42875,0.0
2022-01-14 09:38:57.502094,37.90456,38.274,0.0
2022-01-14 09:38:58.009189,38.11002,38.11925,0.0
2022-01-14 09:38:58.502229,38.11002,39.04775,0.0
2022-01-14 09:38:59.011235,37.9553,38.22325,0.0
2022-01-14 09:38:59.507429,38.57415,38.6875,0.0
2022-01-14 09:39:00.005035,38.26473,38.997,0.0
2022-01-14 09:39:00.503299,37.44042,38.378,0.0
2022-01-14 09:39:01.010658,38.62614,38.893,0.0
2022-01-14 09:39:01.506555,38.11002,37.80975,0.0
2022-01-14 09:39:02.003791,37.85257,39.04775,0.0
2022-01-14 09:39:02.504863,37.80059,38.0165,0.0
2022-01-14 09:39:03.008174,38.67812,38.0165,0.0
2022-01-14 09:39:03.504096,37.59513,39.09975,0.0
2022-01-14 09:39:04.505398,38.41944,39.04775,0.0
2022-01-14 09:39:05.002128,37.90456,38.378,0.0
2022-01-14 09:39:05.506534,38.52341,38.378,0.0
2022-01-14 09:39:06.006063,37.64588,39.3065,0.0
2022-01-14 09:39:06.510860,38.26473,37.50025,0.0
2022-01-14 09:39:07.006238,38.67812,38.79025,0.0
2022-01-14 09:39:07.510495,37.49117,38.84225,0.0
2022-01-14 09:39:08.006732,37.54315,37.55225,0.0
2022-01-14 09:39:08.511088,38.72887,39.35725,0.0
2022-01-14 09:39:09.010095,38.11002,38.326,0.0
2022-01-14 09:39:09.506662,37.74985,39.09975,0.0
2022-01-14 09:39:10.004059,38.31671,38.53275,0.0
2022-01-14 09:39:10.502474,38.67812,38.0685,0.0
2022-01-14 09:39:11.010184,37.69786,39.46125,0.0
2022-01-14 09:39:11.504502,38.05927,37.50025,0.0
2022-01-14 09:39:12.002439,38.11002,38.893,0.0
2022-01-14 09:39:12.506853,37.80059,38.42875,0.0
2022-01-14 09:39:13.006797,38.00729,38.0165,0.0
2022-01-14 09:39:14.004685,38.3687,38.11925,0.0
2022-01-14 09:39:14.510489,38.21398,39.2025,0.0
2022-01-14 09:39:15.010363,38.05927,37.91375,0.0
2022-01-14 09:39:15.505107,38.83283,38.5835,0.0
2022-01-14 09:39:16.002725,37.74985,39.04775,0.0
2022-01-14 09:39:16.510513,38.11002,37.55225,0.0
2022-01-14 09:39:17.009740,38.26473,38.6875,0.0
2022-01-14 09:39:17.504117,38.162,38.274,0.0
2022-01-14 09:39:18.009588,37.44042,38.6875,0.0
2022-01-14 09:39:18.508984,38.57415,38.84225,0.0
2022-01-14 09:39:19.008566,38.67812,38.0165,0.0
2022-01-14 09:39:19.503182,37.69786,39.616,0.0
2022-01-14 09:39:20.001564,37.80059,37.80975,0.0
2022-01-14 09:39:20.505885,38.67812,38.274,0.0
2022-01-14 09:39:21.001937,37.80059,39.35725,0.0
2022-01-14 09:39:21.508708,37.74985,37.60425,0.0
2022-01-14 09:39:22.007231,37.64588,38.893,0.0
2022-01-14 09:39:22.501215,38.72887,37.9645,0.0
2022-01-14 09:39:23.009528,37.69786,39.15175,0.0
2022-01-14 09:39:23.505634,37.38844,38.79025,0.0
2022-01-14 09:39:24.006195,38.67812,37.759,0.0
2022-01-14 09:39:24.510632,38.21398,39.2545,0.0
2022-01-14 09:39:25.004764,37.9553,38.0165,0.0
2022-01-14 09:39:25.509517,37.74985,38.6875,0.0
2022-01-14 09:39:26.008826,38.57415,38.6355,0.0
2022-01-14 09:39:26.506104,38.21398,38.0165,0.0
2022-01-14 09:39:27.003302,37.44042,38.84225,0.0
2022-01-14 09:39:27.508660,38.41944,37.86175,0.0
2022-01-14 09:39:28.006093,38.26473,39.2025,0.0
2022-01-14 09:39:28.509164,37.85257,38.17125,0.0
2022-01-14 09:39:29.006439,38.26473,38.6355,0.0
2022-01-14 09:39:29.511201,37.80059,38.22325,0.0
2022-01-14 09:39:30.008940,38.57415,38.6875,0.0
2022-01-14 09:39:30.507163,37.74985,38.11925,0.0
2022-01-14 09:39:31.004791,38.00729,38.6355,0.0
2022-01-14 09:39:31.510661,38.31671,38.53275,0.0
2022-01-14 09:39:32.009505,38.00729,38.11925,0.0
2022-01-14 09:39:32.505309,38.41944,38.5835,0.0
2022-01-14 09:39:33.010583,37.90456,38.945,0.0
2022-01-14 09:39:33.506932,38.57415,38.42875,0.0
2022-01-14 09:39:34.005556,38.31671,38.53275,0.0
2022-01-14 09:39:34.501745,37.64588,38.48075,0.0
2022-01-14 09:39:35.001762,38.93556,38.84225,0.0
2022-01-14 09:39:35.508255,37.54315,38.11925,0.0
2022-01-14 09:39:36.007942,38.21398,38.73825,0.0
2022-01-14 09:39:36.503600,38.62614,38.5835,0.0
2022-01-14 09:39:37.001656,37.54315,38.378,0.0
2022-01-14 09:39:37.506996,37.90456,38.326,0.0
2022-01-14 09:39:38.006852,38.26473,38.6875,0.0
2022-01-14 09:39:39.005302,37.85257,38.42875,0.0
2022-01-14 09:39:39.506694,37.54315,38.378,0.0
2022-01-14 09:39:40.008587,38.52341,38.73825,0.0
2022-01-14 09:39:40.503078,37.90456,38.378,0.0
2022-01-14 09:39:41.002738,37.80059,38.6875,0.0
2022-01-14 09:39:41.509439,38.05927,38.11925,0.0
2022-01-14 09:39:42.007424,38.31671,38.6355,0.0
2022-01-14 09:39:42.504571,37.85257,38.53275,0.0
2022-01-14 09:39:43.002921,37.80059,37.9645,0.0
2022-01-14 09:39:43.508946,38.62614,39.35725,0.0
2022-01-14 09:39:44.007725,38.31671,37.759,0.0
2022-01-14 09:39:44.506995,37.44042,38.997,0.0
2022-01-14 09:39:45.003441,38.00729,38.48075,0.0
2022-01-14 09:39:45.510639,38.93556,38.274,0.0
2022-01-14 09:39:46.009839,37.74985,39.09975,0.0
2022-01-14 09:39:46.507107,37.49117,37.655,0.0
2022-01-14 09:39:47.005654,38.67812,39.15175,0.0
2022-01-14 09:39:47.502106,37.69786,38.274,0.0
2022-01-14 09:39:48.010993,37.9553,38.22325,0.0
2022-01-14 09:39:48.506162,38.67812,39.2545,0.0
2022-01-14 09:39:49.006007,37.33645,37.759,0.0
2022-01-14 09:39:49.510666,38.78085,39.2025,0.0
2022-01-14 09:39:50.009585,38.21398,38.42875,0.0
2022-01-14 09:39:50.504646,37.59513,38.378,0.0
2022-01-14 09:39:51.003092,38.52341,39.2545,0.0
2022-01-14 09:39:51.508477,37.9553,37.29475,0.0
2022-01-14 09:39:52.008302,38.26473,39.2545,0.0
2022-01-14 09:39:52.504943,38.3687,38.893,0.0
2022-01-14 09:39:53.004189,37.49117,37.3455,0.0
2022-01-14 09:39:53.506690,38.72887,39.3065,0.0
2022-01-14 09:39:54.005969,38.11002,38.326,0.0
2022-01-14 09:39:54.504341,38.162,38.6875,0.0
2022-01-14 09:39:55.002566,37.64588,38.53275,0.0
2022-01-14 09:39:55.509839,38.78085,38.11925,0.0
2022-01-14 09:39:56.006749,38.21398,39.46125,0.0
2022-01-14 09:39:56.501980,37.33645,37.60425,0.0
2022-01-14 09:39:57.010876,38.21398,38.5835,0.0
2022-01-14 09:39:57.507228,38.11002,38.945,0.0
2022-01-14 09:39:58.005562,37.80059,38.22325,0.0
2022-01-14 09:39:58.510309,37.9553,38.73825,0.0
2022-01-14 09:39:59.003579,38.00729,38.378,0.0
2022-01-14 09:39:59.508302,38.41944,39.2545,0.0
2022-01-14 09:40:00.008068,37.80059,38.0685,0.0
2022-01-14 09:40:00.508545,37.90456,38.48075,0.0
2022-01-14 09:40:01.007561,38.47142,38.79025,0.0
2022-01-14 09:42:26.011736,37.80059,38.53275,0.0
2022-01-14 09:42:26.508094,38.21398,38.84225,0.0
2022-01-14 09:42:27.007665,38.57415,37.55225,0.0
2022-01-14 09:42:27.501893,37.80059,39.3065,0.0
2022-01-14 09:42:28.001233,37.85257,38.0685,0.0
2022-01-14 09:42:28.505618,38.3687,38.997,0.0
2022-01-14 09:42:29.005241,37.54315,38.6355,0.0
2022-01-14 09:42:29.502469,37.90456,37.60425,0.0
2022-01-14 09:42:30.004499,38.26473,39.512,0.0
2022-01-14 09:42:30.508464,38.162,38.17125,0.0
2022-01-14 09:42:31.007803,37.33645,38.22325,0.0
2022-01-14 09:42:31.502688,38.52341,38.893,0.0
2022-01-14 09:42:32.006601,38.31671,37.86175,0.0
2022-01-14 09:42:32.502179,37.59513,39.2545,0.0
2022-01-14 09:42:33.011007,37.74985,37.80975,0.0
2022-01-14 09:42:33.505465,38.05927,39.04775,0.0
2022-01-14 09:42:34.003158,38.31671,38.378,0.0
2022-01-14 09:42:34.504596,37.38844,37.9645,0.0
2022-01-14 09:42:35.002065,38.3687,39.09975,0.0
2022-01-14 09:42:35.505108,38.72887,37.80975,0.0
2022-01-14 09:42:36.003535,37.59513,38.893,0.0
2022-01-14 09:42:36.509285,37.90456,38.42875,0.0
2022-01-14 09:42:37.006023,38.62614,38.17125,0.0
2022-01-14 09:42:37.509645,38.162,39.04775,0.0
2022-01-14 09:42:38.008143,37.54315,37.55225,0.0
2022-01-14 09:42:38.502639,37.90456,39.35725,0.0
2022-01-14 09:42:39.010783,38.98755,37.91375,0.0
2022-01-14 09:42:39.505839,37.64588,38.5835,0.0
2022-01-14 09:42:40.005842,37.44042,38.84225,0.0
2022-01-14 09:42:40.509696,38.52341,37.86175,0.0
2022-01-14 09:42:41.008700,38.162,39.09975,0.0
2022-01-14 09:42:41.505506,37.90456,38.17125,0.0
2022-01-14 09:42:42.003510,38.00729,38.79025,0.0
2022-01-14 09:42:42.507996,37.90456,38.73825,0.0
2022-01-14 09:42:43.005615,38.62614,37.80975,0.0
2022-01-14 09:42:43.502232,37.59513,39.04775,0.0
2022-01-14 09:42:44.001165,38.31671,38.22325,0.0
2022-01-14 09:42:44.505646,37.85257,38.48075,0.0
2022-01-14 09:42:45.003495,38.47142,38.53275,0.0
2022-01-14 09:42:45.510355,38.11002,38.378,0.0
2022-01-14 09:42:46.008687,38.05927,39.04775,0.0
2022-01-14 09:42:46.503917,38.11002,37.91375,0.0
2022-01-14 09:42:47.001578,37.69786,38.945,0.0
2022-01-14 09:42:47.505485,38.47142,38.73825,0.0
2022-01-14 09:42:48.003488,38.21398,37.91375,0.0
2022-01-14 09:42:48.507992,37.18174,38.6875,0.0
2022-01-14 09:42:49.005482,38.67812,38.0685,0.0
2022-01-14 09:42:49.509470,37.90456,38.893,0.0
2022-01-14 09:42:50.005622,37.74985,38.22325,0.0
2022-01-14 09:42:50.508773,37.80059,38.48075,0.0
2022-01-14 09:42:51.004885,38.26473,38.73825,0.0
2022-01-14 09:42:51.509255,38.00729,38.5835,0.0
2022-01-14 09:42:52.007115,37.54315,38.11925,0.0
2022-01-14 09:42:52.502066,38.21398,38.6355,0.0
2022-01-14 09:42:53.001252,38.11002,38.48075,0.0
2022-01-14 09:42:53.505512,38.00729,38.17125,0.0
2022-01-14 09:42:54.005328,37.80059,38.6875,0.0
2022-01-14 09:42:54.508683,38.3687,38.53275,0.0
2022-01-14 09:42:55.006873,38.67812,38.5835,0.0
2022-01-14 09:42:55.502842,37.74985,38.48075,0.0
2022-01-14 09:42:56.001756,37.23372,38.22325,0.0
2022-01-14 09:42:56.505288,39.24499,39.09975,0.0
2022-01-14 09:42:57.003001,38.162,37.759,0.0
2022-01-14 09:42:57.505960,37.07901,38.945,0.0
2022-01-14 09:42:58.005398,38.3687,38.53275,0.0
2022-01-14 09:42:58.502148,38.88358,37.91375,0.0
2022-01-14 09:42:59.001300,37.38844,38.997,0.0
2022-01-14 09:42:59.503892,37.64588,38.0165,0.0
2022-01-14 09:43:00.010144,38.93556,38.997,0.0
2022-01-14 09:43:00.504675,37.69786,38.0165,0.0
2022-01-14 09:43:01.001857,37.69786,38.274,0.0
2022-01-14 09:43:01.508110,38.62614,39.09975,0.0
2022-01-14 09:43:02.005911,37.59513,37.86175,0.0
2022-01-14 09:43:02.511134,38.3687,38.73825,0.0
2022-01-14 09:43:03.009548,37.90456,38.42875,0.0
2022-01-14 09:43:03.503861,38.52341,38.274,0.0
2022-01-14 09:43:04.009925,37.59513,38.79025,0.0
2022-01-14 09:43:04.505115,38.26473,37.86175,0.0
2022-01-14 09:43:05.004588,38.52341,39.35725,0.0
2022-01-14 09:43:05.508926,37.80059,38.0165,0.0
2022-01-14 09:43:06.005215,37.85257,37.759,0.0
2022-01-14 09:43:06.508532,38.3687,39.8215,0.0
2022-01-14 09:43:07.005526,38.21398,37.86175,0.0
2022-01-14 09:43:07.509972,37.80059,38.53275,0.0
2022-01-14 09:43:08.009635,37.23372,38.48075,0.0
2022-01-14 09:43:08.504460,38.67812,38.48075,0.0
2022-01-14 09:43:09.002560,37.74985,38.945,0.0
2022-01-14 09:43:09.506949,37.38844,37.707,0.0
2022-01-14 09:43:10.005507,38.31671,39.09975,0.0
2022-01-14 09:43:10.508621,38.26473,38.11925,0.0
2022-01-14 09:43:11.007914,38.21398,38.274,0.0
2022-01-14 09:43:11.510871,37.74985,39.04775,0.0
2022-01-14 09:43:12.001568,38.21398,37.91375,0.0
2022-01-14 09:43:12.506592,38.67812,39.3065,0.0
2022-01-14 09:43:13.009752,37.74985,37.759,0.0
2022-01-14 09:43:13.503486,37.02703,38.84225,0.0
2022-01-14 09:43:14.001374,38.67812,38.42875,0.0
2022-01-14 09:43:14.504345,38.62614,37.759,0.0
2022-01-14 09:43:15.001122,37.33645,38.945,0.0
2022-01-14 09:43:15.506811,38.162,38.0165,0.0
2022-01-14 09:43:16.005280,39.14226,38.48075,0.0
2022-01-14 09:43:16.510313,37.64588,39.09975,0.0
2022-01-14 09:43:17.008960,37.33645,38.0165,0.0
2022-01-14 09:43:17.504062,38.62614,39.15175,0.0
2022-01-14 09:43:18.001306,38.11002,37.707,0.0
2022-01-14 09:43:18.505620,37.38844,39.15175,0.0
2022-01-14 09:43:19.003086,38.11002,38.326,0.0
2022-01-14 09:43:19.506146,38.57415,37.9645,0.0
2022-01-14 09:43:20.004198,37.85257,39.15175,0.0
2022-01-14 09:43:20.508617,38.41944,37.86175,0.0
2022-01-14 09:43:21.007118,38.3687,39.04775,0.0
2022-01-14 09:43:21.502077,37.69786,38.53275,0.0
2022-01-14 09:43:22.010000,38.52341,38.6355,0.0
2022-01-14 09:43:22.509541,37.80059,38.73825,0.0
2022-01-14 09:43:23.007146,38.41944,37.55225,0.0
2022-01-14 09:43:23.511084,37.38844,38.893,0.0
2022-01-14 09:43:24.009747,38.162,38.326,0.0
2022-01-14 09:43:24.503653,38.88358,38.48075,0.0
2022-01-14 09:43:25.004477,37.59513,38.378,0.0
2022-01-14 09:43:25.508669,37.64588,38.378,0.0
2022-01-14 09:43:26.007439,38.62614,38.997,0.0
2022-01-14 09:43:26.502222,37.64588,38.326,0.0
2022-01-14 09:43:27.504762,37.90456,38.48075,0.0
2022-01-14 09:43:28.002607,38.11002,38.17125,0.0
2022-01-14 09:43:28.506728,37.9553,38.48075,0.0
2022-01-14 09:43:29.004588,37.80059,38.326,0.0
2022-01-14 09:43:29.508024,38.41944,38.378,0.0
2022-01-14 09:43:30.006498,38.00729,38.378,0.0
2022-01-14 09:43:30.509977,38.162,38.53275,0.0
2022-01-14 09:43:31.008990,37.85257,38.945,0.0
2022-01-14 09:43:31.502690,38.31671,38.53275,0.0
2022-01-14 09:43:32.008743,38.41944,38.42875,0.0
2022-01-14 09:43:32.503210,37.33645,38.5835,0.0
2022-01-14 09:43:33.001959,38.31671,38.22325,0.0
2022-01-14 09:43:33.502163,38.52341,38.48075,0.0
2022-01-14 09:43:34.010164,37.69786,38.5835,0.0
2022-01-14 09:43:34.507084,38.41944,38.5835,0.0
2022-01-14 09:43:35.006220,38.00729,38.42875,0.0
2022-01-14 09:43:35.502106,38.3687,38.997,0.0
2022-01-14 09:43:36.010024,37.74985,38.73825,0.0
2022-01-14 09:43:36.505102,38.26473,38.945,0.0
2022-01-14 09:43:37.002149,37.80059,37.86175,0.0
2022-01-14 09:43:37.508971,38.3687,38.6875,0.0
2022-01-14 09:43:38.006986,38.11002,38.79025,0.0
2022-01-14 09:43:38.502100,37.64588,37.50025,0.0
2022-01-14 09:43:39.010152,38.62614,38.945,0.0
2022-01-14 09:43:39.505346,37.9553,38.326,0.0
2022-01-14 09:43:40.003087,38.26473,38.6875,0.0
2022-01-14 09:43:40.506755,38.67812,38.73825,0.0
2022-01-14 09:43:41.004950,37.23372,37.91375,0.0
2022-01-14 09:43:41.503263,38.57415,39.97625,0.0
2022-01-14 09:43:42.010761,38.62614,37.707,0.0
2022-01-14 09:43:42.507018,37.49117,37.91375,0.0
2022-01-14 09:43:43.006863,37.90456,39.04775,0.0
2022-01-14 09:43:43.504186,38.21398,37.80975,0.0
2022-01-14 09:43:44.002462,38.162,38.84225,0.0
2022-01-14 09:43:44.508109,37.69786,38.22325,0.0
2022-01-14 09:43:45.006119,38.11002,38.893,0.0
2022-01-14 09:43:45.501395,38.57415,38.945,0.0
2022-01-14 09:43:46.009697,37.59513,37.655,0.0
2022-01-14 09:43:46.506250,37.74985,39.616,0.0
2022-01-14 09:43:47.004067,38.21398,37.91375,0.0
2022-01-14 09:43:47.509395,37.69786,38.274,0.0
2022-01-14 09:43:49.006407,39.14226,38.997,0.0
2022-01-14 09:43:49.502919,38.162,37.91375,0.0
2022-01-14 09:43:50.011001,37.23372,39.3065,0.0
2022-01-14 09:43:50.507678,38.57415,38.22325,0.0
2022-01-14 09:43:51.005949,38.47142,38.11925,0.0
2022-01-14 09:43:51.502393,37.69786,39.35725,0.0
2022-01-14 09:43:52.010562,37.9553,37.55225,0.0
2022-01-14 09:43:52.504528,38.47142,38.893,0.0
2022-01-14 09:43:53.002908,37.80059,38.17125,0.0
2022-01-14 09:43:53.508215,37.85257,38.79025,0.0
2022-01-14 09:43:54.006069,38.57415,38.6355,0.0
2022-01-14 09:43:54.502085,37.69786,37.655,0.0
2022-01-14 09:43:55.001954,38.47142,39.97625,0.0
2022-01-14 09:43:55.507890,37.85257,37.9645,0.0
2022-01-14 09:43:56.006362,38.47142,38.42875,0.0
2022-01-14 09:43:56.501860,38.05927,38.79025,0.0
2022-01-14 09:43:57.001555,38.00729,38.17125,0.0
2022-01-14 09:43:57.507088,38.3687,38.893,0.0
2022-01-14 09:43:58.006349,38.21398,37.9645,0.0
2022-01-14 09:43:58.502098,37.59513,38.6875,0.0
2022-01-14 09:43:59.001562,38.57415,38.6355,0.0
2022-01-14 09:43:59.506787,38.26473,37.91375,0.0
2022-01-14 09:44:00.006660,38.11002,39.15175,0.0
2022-01-14 09:44:00.502589,37.54315,38.17125,0.0
2022-01-14 09:44:01.010976,38.72887,38.84225,0.0
2022-01-14 09:44:01.506292,38.162,38.326,0.0
2022-01-14 09:44:02.004946,37.69786,38.53275,0.0
2022-01-14 09:44:02.501228,38.00729,38.84225,0.0
2022-01-14 09:44:03.011181,38.05927,37.86175,0.0
2022-01-14 09:44:03.507961,38.41944,38.945,0.0
2022-01-14 09:44:04.007276,37.59513,37.9645,0.0
2022-01-14 09:44:04.502785,37.74985,38.73825,0.0
2022-01-14 09:44:05.002175,38.93556,38.6875,0.0
2022-01-14 09:44:05.506843,37.59513,38.378,0.0
2022-01-14 09:44:06.006875,37.59513,38.5835,0.0
2022-01-14 09:44:06.501471,38.67812,38.48075,0.0
2022-01-14 09:44:07.010894,37.131,38.6355,0.0
2022-01-14 09:44:07.506506,38.93556,38.326,0.0
2022-01-14 09:44:08.007472,36.7176,37.3975,0.0
2022-01-14 09:44:08.502170,40.07053,39.2545,0.0
2022-01-14 09:44:09.002187,37.74985,37.50025,0.0
2022-01-14 09:44:09.509338,37.59513,38.84225,50.34458
2022-01-14 09:44:10.006938,38.31671,39.09975,50.34458
2022-01-14 09:44:10.502895,38.26473,38.378,89.02666
2022-01-14 09:44:11.010136,38.57415,38.53275,89.02666
2022-01-14 09:44:11.505424,38.52341,38.5835,90.51864
2022-01-14 09:44:12.010823,38.31671,38.326,90.51864
2022-01-14 09:44:12.507037,38.62614,38.48075,88.35937
2022-01-14 09:44:13.007004,38.31671,38.274,88.35937
2022-01-14 09:44:13.511157,37.9553,37.80975,88.12375
2022-01-14 09:44:14.001521,38.41944,38.53275,88.12375
2022-01-14 09:44:14.506681,38.93556,38.893,88.20197
2022-01-14 09:44:15.006012,38.26473,38.326,88.20197
2022-01-14 09:44:15.501270,38.47142,38.48075,88.47718
2022-01-14 09:44:16.009178,38.52341,38.6875,88.47718
2022-01-14 09:44:16.506407,38.57415,38.5835,87.61291
2022-01-14 09:44:17.004957,38.41944,38.48075,87.61291
2022-01-14 09:44:17.510071,37.80059,37.91375,87.57333
2022-01-14 09:44:18.008679,38.21398,38.378,87.57333
2022-01-14 09:44:18.502528,38.41944,38.326,87.88812
2022-01-14 09:44:19.011189,38.05927,38.17125,87.88812
2022-01-14 09:44:19.506089,38.52341,38.53275,87.3377
2022-01-14 09:44:20.005225,38.26473,38.53275,87.3377
2022-01-14 09:44:20.501225,38.3687,38.42875,87.06343
2022-01-14 09:44:21.010316,38.00729,38.11925,87.06343
2022-01-14 09:44:21.504884,38.57415,38.73825,87.45551
2022-01-14 09:44:22.003380,37.59513,37.759,87.45551
2022-01-14 09:44:22.508603,38.62614,38.893,87.14166
2022-01-14 09:44:23.007285,37.74985,37.759,87.14166
2022-01-14 09:44:23.503483,40.94682,41.21425,87.96635
2022-01-14 09:44:24.002292,45.27877,45.34175,87.96635
2022-01-14 09:44:24.508744,46.46449,46.7345,87.25947
2022-01-14 09:44:25.008453,51.10587,51.377,87.25947
2022-01-14 09:44:25.506030,51.9834,52.2015,87.25947
2022-01-14 09:44:26.004469,56.98494,57.30825,87.25947
2022-01-14 09:44:26.510819,57.29437,57.66975,87.73072
2022-01-14 09:44:27.010985,62.34913,62.7245,87.73072
2022-01-14 09:44:27.510687,64.41114,64.6335,87.02385
2022-01-14 09:44:28.008836,67.76407,68.3475,87.02385
2022-01-14 09:44:28.503926,70.5489,70.8755,87.3377
2022-01-14 09:44:29.003497,72.50817,73.557,87.3377
2022-01-14 09:44:29.507391,76.63343,76.91075,87.25947
2022-01-14 09:44:30.006568,78.12981,79.02525,87.25947
2022-01-14 09:44:30.502777,82.66722,83.2555,88.51583
2022-01-14 09:44:31.010571,84.36905,84.59625,88.51583
2022-01-14 09:44:31.505294,82.66722,83.35825,87.80895
2022-01-14 09:44:32.003803,83.59549,84.23475,87.80895
2022-01-14 09:44:32.510170,83.9569,84.85375,88.20197
2022-01-14 09:44:33.009785,83.08061,83.92525,88.20197
2022-01-14 09:44:33.504491,83.33805,84.4415,87.14166
2022-01-14 09:44:34.005593,83.59549,84.08,87.14166
2022-01-14 09:44:34.504498,83.39003,84.132,86.31697
2022-01-14 09:44:35.010397,84.11161,84.59625,86.31697
2022-01-14 09:44:35.505064,82.87391,84.02925,85.68833
2022-01-14 09:44:36.002959,83.64747,84.28675,85.68833
2022-01-14 09:44:36.508575,83.85417,84.54425,86.82781
2022-01-14 09:44:37.007526,82.97664,84.132,86.82781
2022-01-14 09:44:37.504952,83.7502,84.4935,87.06343
2022-01-14 09:44:38.003565,83.23532,84.184,87.06343
2022-01-14 09:44:38.502641,83.9569,84.4415,86.5526
2022-01-14 09:44:39.002028,83.18334,84.08,86.5526
2022-01-14 09:44:39.507265,83.64747,84.64825,86.12093
2022-01-14 09:44:40.010138,83.54475,84.23475,86.12093
2022-01-14 09:44:40.505452,83.28607,84.184,85.72791
2022-01-14 09:44:41.007964,83.64747,84.4935,85.72791
2022-01-14 09:44:41.502433,82.87391,84.132,85.68833
2022-01-14 09:44:42.001540,83.59549,84.4935,85.68833
2022-01-14 09:44:42.506027,83.33805,84.54425,85.96354
2022-01-14 09:44:43.009546,83.33805,84.23475,85.96354
2022-01-14 09:44:43.507346,83.59549,84.4935,85.49229
2022-01-14 09:44:44.005565,83.80219,84.3895,85.49229
2022-01-14 09:44:44.503086,83.18334,84.23475,86.35656
2022-01-14 09:44:45.010918,83.02862,84.751,86.35656
2022-01-14 09:44:45.507544,83.13135,83.92525,85.6101
2022-01-14 09:44:46.005571,83.44078,84.3895,85.6101
2022-01-14 09:44:46.510241,83.90492,84.64825,85.72791
2022-01-14 09:44:47.009192,83.33805,84.184,85.72791
2022-01-14 09:44:47.507833,83.23532,84.132,85.88531
2022-01-14 09:44:48.006243,83.54475,84.28675,85.88531
2022-01-14 09:44:48.502882,84.26632,84.90575,85.33489
2022-01-14 09:44:49.004558,83.49276,84.28675,85.33489
2022-01-14 09:44:49.509431,82.77118,84.184,86.04176
2022-01-14 09:44:50.006763,83.9569,84.33875,86.04176
2022-01-14 09:44:50.501573,83.85417,84.3895,85.57051
2022-01-14 09:44:51.006391,83.44078,84.02925,85.57051
2022-01-14 09:44:51.510154,83.49276,84.4415,85.33489
2022-01-14 09:44:52.010145,83.64747,84.4415,85.33489
2022-01-14 09:44:52.505459,83.90492,84.23475,84.94281
2022-01-14 09:44:53.003347,83.28607,84.3895,84.94281
2022-01-14 09:44:53.507737,83.85417,84.33875,85.17843
2022-01-14 09:44:54.006243,83.44078,84.23475,85.17843
2022-01-14 09:44:54.503046,84.11161,84.64825,85.37447
2022-01-14 09:44:55.002000,83.64747,84.184,85.37447
2022-01-14 09:44:55.508334,83.33805,84.23475,85.37447
2022-01-14 09:44:56.007909,83.80219,84.23475,85.37447
2022-01-14 09:44:56.505118,83.44078,84.08,85.4527
2022-01-14 09:44:57.003072,83.85417,84.3895,85.4527
2022-01-14 09:44:57.508860,83.64747,84.59625,86.19916
2022-01-14 09:44:58.007993,83.59549,84.08,86.19916
2022-01-14 09:44:58.502822,83.69946,84.28675,86.35656
2022-01-14 09:44:59.001696,83.9569,84.751,86.35656
2022-01-14 09:44:59.507897,83.49276,84.132,85.4527
2022-01-14 09:45:00.005604,83.54475,84.28675,85.4527
2022-01-14 09:45:00.502917,83.69946,84.33875,85.4527
2022-01-14 09:45:01.010773,83.54475,84.699,85.4527
2022-01-14 09:45:01.506189,83.90492,84.3895,85.6101
2022-01-14 09:45:02.004449,83.28607,83.97725,85.6101
2022-01-14 09:45:02.501289,83.85417,84.64825,85.80614
2022-01-14 09:45:03.009167,83.64747,84.23475,85.80614
2022-01-14 09:45:03.505967,83.54475,84.4415,85.25666
2022-01-14 09:45:04.004651,83.85417,84.08,85.25666
2022-01-14 09:45:04.501271,83.18334,84.28675,85.92395
2022-01-14 09:45:05.009881,83.80219,84.3895,85.92395
2022-01-14 09:45:05.502763,83.69946,84.699,85.80614
2022-01-14 09:45:06.003212,83.49276,84.08,85.80614
2022-01-14 09:45:06.507736,83.54475,84.28675,85.96354
2022-01-14 09:45:07.009990,83.54475,84.33875,85.96354
2022-01-14 09:45:07.506768,83.39003,84.132,85.72791
2022-01-14 09:45:08.009043,84.00888,85.0085,85.72791
2022-01-14 09:45:08.505648,83.33805,83.8225,84.94281
2022-01-14 09:45:09.006915,83.49276,84.4935,84.94281
2022-01-14 09:45:09.503270,83.80219,84.28675,85.53187
2022-01-14 09:45:10.009800,83.69946,84.23475,85.53187
2022-01-14 09:45:10.505109,83.9569,84.64825,85.06062
2022-01-14 09:45:11.004064,83.23532,83.71975,85.06062
2022-01-14 09:45:11.510712,83.69946,84.3895,85.17843
2022-01-14 09:45:12.010841,83.7502,84.3895,85.17843
2022-01-14 09:45:12.501110,83.33805,84.699,85.37447
2022-01-14 09:45:13.006089,83.85417,84.132,85.37447
2022-01-14 09:45:13.503436,83.90492,84.59625,86.12093
2022-01-14 09:45:14.002790,83.33805,83.8745,86.12093
2022-01-14 09:45:14.508735,83.69946,84.28675,84.94281
2022-01-14 09:45:15.006985,82.9259,83.461,84.94281
2022-01-14 09:45:15.511401,83.85417,84.28675,95.07468
2022-01-14 09:45:16.010453,83.08061,83.97725,95.07468
2022-01-14 09:45:16.507288,83.49276,83.8745,239.19801
2022-01-14 09:45:17.006161,83.90492,84.803,239.19801
2022-01-14 09:45:18.005134,83.39003,83.565,205.97489
2022-01-14 09:45:18.509485,83.39003,83.97725,126.41281
2022-01-14 09:45:19.007984,83.85417,84.28675,126.41281
2022-01-14 09:45:19.501651,83.39003,84.184,90.79385
2022-01-14 09:45:20.010595,83.64747,84.08,90.79385
2022-01-14 09:45:20.505437,83.02862,83.8745,96.37062
2022-01-14 09:45:21.005100,83.80219,84.184,96.37062
2022-01-14 09:45:21.501453,84.47302,85.0085,88.24156
2022-01-14 09:45:22.010638,83.54475,84.184,88.24156
2022-01-14 09:45:22.505718,83.64747,84.132,88.20197
2022-01-14 09:45:23.001309,83.28607,84.132,88.20197
2022-01-14 09:45:23.508478,83.80219,84.59625,86.31697
2022-01-14 09:45:24.005624,83.69946,84.803,86.31697
2022-01-14 09:45:24.510051,83.39003,83.8225,86.35656
2022-01-14 09:45:25.008269,83.49276,84.23475,86.35656
2022-01-14 09:45:25.503813,84.05963,84.4935,85.92395
2022-01-14 09:45:26.002811,83.9569,84.803,85.92395
2022-01-14 09:45:26.506172,83.18334,84.02925,86.35656
2022-01-14 09:45:27.003542,83.49276,84.08,86.35656
2022-01-14 09:45:27.508283,83.18334,84.02925,85.92395
2022-01-14 09:45:28.005575,84.42104,85.0605,85.92395
2022-01-14 09:45:28.501570,82.87391,84.02925,85.68833
2022-01-14 09:45:29.010345,83.49276,84.02925,85.68833
2022-01-14 09:45:29.509012,83.85417,84.28675,86.08135
2022-01-14 09:45:30.007348,83.85417,84.64825,86.08135
2022-01-14 09:45:30.503987,83.39003,84.4415,85.53187
2022-01-14 09:45:31.001754,83.7502,84.751,85.53187
2022-01-14 09:45:31.505992,83.28607,83.61575,86.19916
2022-01-14 09:45:32.004551,83.59549,84.64825,86.19916
2022-01-14 09:45:32.509144,84.11161,84.803,85.72791
2022-01-14 09:45:33.006105,83.23532,84.02925,85.72791
2022-01-14 09:45:33.502328,83.90492,84.54425,85.06062
2022-01-14 09:45:34.010927,83.64747,84.08,85.06062
2022-01-14 09:45:34.506920,83.59549,84.4415,85.41406
2022-01-14 09:45:35.003945,83.9569,84.59625,85.41406
2022-01-14 09:45:35.509752,83.13135,84.132,85.49229
2022-01-14 09:45:36.007451,84.05963,84.4935,85.49229
2022-01-14 09:45:36.502181,83.23532,84.23475,85.33489
2022-01-14 09:45:37.505409,83.69946,84.28675,85.96354
2022-01-14 09:45:38.004442,83.59549,84.3895,85.96354
2022-01-14 09:45:38.509789,83.49276,84.184,85.09926
2022-01-14 09:45:39.007879,83.85417,84.4935,85.09926
2022-01-14 09:45:39.503794,83.49276,84.23475,85.64968
2022-01-14 09:45:40.002659,83.33805,84.64825,85.64968
2022-01-14 09:45:40.508285,83.7502,84.23475,86.08135
2022-01-14 09:45:41.006753,83.39003,84.08,86.08135
2022-01-14 09:45:41.501553,84.21434,84.95775,86.27739
2022-01-14 09:45:42.010072,83.64747,84.28675,86.27739
2022-01-14 09:45:42.504238,83.59549,84.3895,85.96354
2022-01-14 09:45:43.002647,83.28607,83.8745,85.96354
2022-01-14 09:45:43.506779,83.44078,84.3895,85.6101
2022-01-14 09:45:44.008314,83.64747,84.23475,85.6101
2022-01-14 09:45:44.502886,83.85417,84.54425,85.6101
2022-01-14 09:45:45.001316,83.33805,83.92525,85.6101
2022-01-14 09:45:45.506118,83.64747,84.23475,85.92395
2022-01-14 09:45:46.005225,83.9569,84.64825,85.92395
2022-01-14 09:45:46.510561,83.90492,84.699,85.37447
2022-01-14 09:45:47.010214,83.28607,83.97725,85.37447
2022-01-14 09:45:47.505534,83.39003,84.132,85.57051
2022-01-14 09:45:48.004671,83.33805,84.4415,85.57051
2022-01-14 09:45:48.501762,84.1636,84.751,85.6101
2022-01-14 09:45:49.010835,83.28607,84.02925,85.6101
2022-01-14 09:45:49.507780,83.54475,84.184,85.4527
2022-01-14 09:45:50.005925,83.85417,84.4935,85.4527
2022-01-14 09:45:50.502616,83.90492,84.64825,85.88531
2022-01-14 09:45:51.001278,84.00888,84.4415,85.88531
2022-01-14 09:45:51.506068,83.18334,83.8225,85.80614
2022-01-14 09:45:52.003200,83.64747,84.28675,85.80614
2022-01-14 09:45:52.507823,84.00888,84.54425,85.37447
2022-01-14 09:45:53.008684,83.59549,84.132,85.37447
2022-01-14 09:45:53.502261,83.64747,84.33875,86.08135
2022-01-14 09:45:54.006224,83.64747,84.28675,86.08135
2022-01-14 09:45:54.502770,83.80219,84.59625,85.7675
2022-01-14 09:45:55.010693,83.64747,84.54425,85.7675
2022-01-14 09:45:55.507269,83.90492,84.54425,86.04176
2022-01-14 09:45:56.006231,82.97664,84.08,86.04176
2022-01-14 09:45:56.510180,83.90492,84.3895,85.7675
2022-01-14 09:45:57.008617,83.9569,84.59625,85.7675
2022-01-14 09:45:57.504355,83.44078,84.23475,85.84572
2022-01-14 09:45:58.002483,83.7502,84.28675,85.84572
2022-01-14 09:45:58.509356,83.39003,83.92525,85.37447
2022-01-14 09:45:59.006811,84.36905,84.95775,85.37447
2022-01-14 09:45:59.508674,82.7192,83.7705,86.51301
2022-01-14 09:46:00.007328,84.21434,84.803,86.51301
2022-01-14 09:46:00.501608,83.33805,83.8225,85.21708
2022-01-14 09:46:01.009744,83.90492,84.699,85.21708
2022-01-14 09:46:01.506129,83.59549,84.4415,85.84572
2022-01-14 09:46:02.007318,83.64747,84.08,85.84572
2022-01-14 09:46:02.503343,83.69946,84.33875,85.6101
2022-01-14 09:46:03.003147,83.69946,84.4935,85.6101
2022-01-14 09:46:03.509072,83.69946,84.28675,85.68833
2022-01-14 09:46:04.007435,83.80219,84.3895,85.68833
2022-01-14 09:46:04.503883,83.90492,84.33875,85.17843
2022-01-14 09:46:05.001809,83.69946,84.3895,85.17843
2022-01-14 09:46:05.506149,83.44078,84.132,85.64968
2022-01-14 09:46:06.003353,83.90492,84.4935,85.64968
2022-01-14 09:46:06.508143,83.69946,84.33875,85.02104
2022-01-14 09:46:07.005152,83.9569,84.59625,85.02104
2022-01-14 09:46:07.502213,83.23532,84.33875,85.96354
2022-01-14 09:46:08.010378,83.9569,84.4415,85.96354
2022-01-14 09:46:08.506063,83.64747,84.184,85.84572
2022-01-14 09:46:09.003095,83.85417,84.4935,85.84572
2022-01-14 09:46:09.502871,83.33805,83.97725,86.04176
2022-01-14 09:46:10.002136,83.90492,84.54425,86.04176
2022-01-14 09:46:10.506310,83.69946,84.54425,85.57051
2022-01-14 09:46:11.005074,83.64747,84.64825,85.57051
2022-01-14 09:46:11.501249,84.1636,84.4935,85.96354
2022-01-14 09:46:12.008658,83.33805,83.92525,85.96354
2022-01-14 09:46:12.502898,83.9569,84.54425,85.72791
2022-01-14 09:46:13.001771,83.33805,84.184,85.72791
2022-01-14 09:46:13.508218,83.69946,84.4935,85.84572
2022-01-14 09:46:14.008014,83.64747,84.28675,85.84572
2022-01-14 09:46:14.504006,83.44078,84.4415,85.88531
2022-01-14 09:46:15.003242,83.7502,84.23475,85.88531
2022-01-14 09:46:15.509780,84.26632,84.751,85.21708
2022-01-14 09:46:16.010180,83.33805,83.7705,85.21708
2022-01-14 09:46:16.506613,84.05963,84.4935,85.88531
2022-01-14 09:46:17.005334,83.54475,84.28675,85.88531
2022-01-14 09:46:17.510921,83.90492,84.803,84.94281
2022-01-14 09:46:18.010227,83.39003,84.08,84.94281
2022-01-14 09:46:18.503997,83.9569,84.4935,86.27739
2022-01-14 09:46:19.002031,83.44078,84.4935,86.27739
2022-01-14 09:46:19.506471,84.05963,84.3895,85.88531
2022-01-14 09:46:20.003585,84.00888,84.4935,85.88531
2022-01-14 09:46:20.510752,83.49276,83.97725,85.88531
2022-01-14 09:46:21.010130,83.59549,84.4935,85.88531
2022-01-14 09:46:21.505015,83.54475,84.699,85.4527
2022-01-14 09:46:22.002412,83.44078,84.02925,85.4527
2022-01-14 09:46:22.507647,83.44078,84.3895,85.88531
2022-01-14 09:46:23.006180,83.59549,84.08,85.88531
2022-01-14 09:46:23.501946,84.1636,85.0085,85.02104
2022-01-14 09:46:24.011192,83.59549,84.02925,85.02104
2022-01-14 09:46:24.509133,83.85417,84.33875,85.80614
2022-01-14 09:46:25.007311,83.18334,84.02925,85.80614
2022-01-14 09:46:25.501221,84.1636,85.0605,85.7675
2022-01-14 09:46:26.008617,83.44078,84.02925,85.7675
2022-01-14 09:46:26.504568,83.54475,84.02925,85.37447
2022-01-14 09:46:27.001584,83.23532,84.23475,85.37447
2022-01-14 09:46:27.506801,84.05963,84.59625,85.84572
2022-01-14 09:46:28.006328,84.31831,84.95775,85.84572
2022-01-14 09:46:28.502239,82.97664,83.513,85.17843
2022-01-14 09:46:29.002478,83.90492,84.59625,85.17843
2022-01-14 09:46:29.507571,83.49276,84.28675,85.80614
2022-01-14 09:46:30.004276,83.9569,84.4935,85.80614
2022-01-14 09:46:30.501763,83.18334,84.184,86.23875
2022-01-14 09:46:31.010639,83.9569,84.132,86.23875
2022-01-14 09:46:31.503732,83.64747,84.132,85.21708
2022-01-14 09:46:32.001406,84.05963,84.699,85.21708
2022-01-14 09:46:32.506051,83.69946,84.54425,85.13885
2022-01-14 09:46:33.004330,83.33805,84.132,85.13885
2022-01-14 09:46:33.510452,84.11161,84.4935,85.7675
2022-01-14 09:46:34.008456,83.23532,84.23475,85.7675
2022-01-14 09:46:34.501139,83.7502,84.184,85.02104
2022-01-14 09:46:35.009917,83.69946,84.4415,85.02104
2022-01-14 09:46:35.503710,83.85417,84.02925,85.49229
2022-01-14 09:46:36.002856,83.7502,84.3895,85.49229
2022-01-14 09:46:36.508831,83.64747,84.3895,85.6101
2022-01-14 09:46:37.005826,83.59549,84.132,85.6101
2022-01-14 09:46:37.501167,83.39003,84.23475,85.72791
2022-01-14 09:46:38.010696,84.11161,84.64825,85.72791
2022-01-14 09:46:38.505195,82.87391,83.7705,85.88531
2022-01-14 09:46:39.007849,84.11161,84.751,85.88531
2022-01-14 09:46:39.503613,83.7502,84.33875,85.41406
2022-01-14 09:46:40.003047,83.80219,84.4415,85.41406
2022-01-14 09:46:40.503979,83.9569,84.4935,84.94281
2022-01-14 09:46:41.003017,83.18334,84.02925,84.94281
2022-01-14 09:46:41.508524,83.64747,84.23475,85.49229
2022-01-14 09:46:42.008236,83.59549,84.751,85.49229
2022-01-14 09:46:42.504135,83.39003,83.41025,85.25666
2022-01-14 09:46:43.006050,84.11161,84.85375,85.25666
2022-01-14 09:46:43.501446,83.69946,84.3895,85.92395
2022-01-14 09:46:44.009820,84.11161,84.90575,85.92395
2022-01-14 09:46:44.504533,83.85417,84.3895,85.21708
2022-01-14 09:46:45.003283,83.28607,83.8225,85.21708
2022-01-14 09:46:45.505193,83.7502,84.751,85.37447
2022-01-14 09:46:46.008615,83.69946,84.28675,85.37447
2022-01-14 09:46:46.502648,83.44078,84.33875,86.23875
2022-01-14 09:46:47.002118,83.54475,83.97725,86.23875
2022-01-14 09:46:47.508214,84.26632,84.803,85.57051
2022-01-14 09:46:48.008614,83.54475,84.3895,85.57051
2022-01-14 09:46:48.503204,84.00888,84.59625,85.25666
2022-01-14 09:46:49.002659,83.23532,83.8745,85.25666
2022-01-14 09:46:49.502250,83.90492,84.23475,86.19916
2022-01-14 09:46:50.009880,83.39003,84.4935,86.19916
2022-01-14 09:46:50.503767,83.7502,84.08,85.53187
2022-01-14 09:46:51.002943,83.90492,84.64825,85.53187
2022-01-14 09:46:51.501552,83.54475,83.97725,86.12093
2022-01-14 09:46:52.009250,83.85417,84.64825,86.12093
2022-01-14 09:46:52.504014,83.90492,84.85375,85.13885
2022-01-14 09:46:53.001667,83.69946,84.132,85.13885
2022-01-14 09:46:53.506056,83.59549,84.3895,85.21708
2022-01-14 09:46:54.003846,83.28607,83.8225,85.21708
2022-01-14 09:46:54.510539,83.69946,84.64825,84.90322
2022-01-14 09:46:55.007231,83.69946,84.184,84.90322
2022-01-14 09:46:55.501232,83.9569,84.59625,85.68833
2022-01-14 09:46:56.009984,83.08061,83.71975,85.68833
2022-01-14 09:46:56.504219,84.47302,84.90575,85.06062
2022-01-14 09:46:57.004441,83.18334,83.97725,85.06062
2022-01-14 09:46:57.501437,83.9569,84.4935,85.4527
2022-01-14 09:46:58.010699,83.23532,84.23475,85.4527
2022-01-14 09:46:58.505425,83.69946,84.184,85.49229
2022-01-14 09:46:59.006945,83.90492,84.64825,85.49229
2022-01-14 09:46:59.501277,83.54475,84.184,85.88531
2022-01-14 09:47:00.001851,83.7502,84.28675,85.88531
2022-01-14 09:47:00.501176,83.33805,83.97725,85.02104
2022-01-14 09:47:01.009737,84.26632,84.699,85.02104
2022-01-14 09:47:01.505407,82.9259,84.132,85.37447
2022-01-14 09:47:02.003827,84.26632,84.54425,85.37447
2022-01-14 09:47:02.511173,83.69946,84.184,85.64968
2022-01-14 09:47:03.009407,83.64747,84.23475,85.64968
2022-01-14 09:47:03.503922,83.85417,84.54425,85.84572
2022-01-14 09:47:04.002783,83.39003,84.184,85.84572
2022-01-14 09:47:04.507263,84.42104,84.90575,85.6101
2022-01-14 09:47:05.006352,82.7192,83.7705,85.6101
2022-01-14 09:47:05.501819,83.90492,84.54425,85.41406
2022-01-14 09:47:06.003724,83.33805,84.28675,85.41406
2022-01-14 09:47:06.509796,83.9569,84.33875,85.53187
2022-01-14 09:47:07.007790,83.69946,84.23475,85.53187
2022-01-14 09:47:07.505521,83.80219,84.3895,86.31697
2022-01-14 09:47:08.005566,83.59549,84.23475,86.31697
2022-01-14 09:47:08.503340,83.9569,84.751,85.37447
2022-01-14 09:47:09.010763,84.05963,84.64825,85.37447
2022-01-14 09:47:09.505589,82.82193,83.71975,85.64968
2022-01-14 09:47:10.004017,84.26632,84.699,85.64968
2022-01-14 09:47:10.509127,83.39003,83.8225,85.72791
2022-01-14 09:47:11.008261,83.90492,84.751,85.72791
2022-01-14 09:47:11.503634,83.80219,84.33875,85.53187
2022-01-14 09:47:12.001639,83.39003,84.28675,85.53187
2022-01-14 09:47:12.502242,83.9569,84.54425,85.49229
2022-01-14 09:47:13.001201,83.59549,84.803,85.49229
2022-01-14 09:47:13.504091,83.80219,84.02925,85.4527
2022-01-14 09:47:14.003926,83.7502,84.28675,85.4527
2022-01-14 09:47:14.509767,83.80219,84.3895,86.19916
2022-01-14 09:47:15.008179,83.44078,84.02925,86.19916
2022-01-14 09:47:15.502685,84.1636,84.95775,85.37447
2022-01-14 09:47:16.011331,83.33805,84.02925,85.37447
2022-01-14 09:47:16.509547,83.85417,84.699,85.21708
2022-01-14 09:47:17.007440,83.85417,84.33875,85.21708
2022-01-14 09:47:17.503309,83.33805,84.184,85.21708
2022-01-14 09:47:18.011266,84.26632,84.59625,85.21708
2022-01-14 09:47:18.506665,83.64747,84.132,85.25666
2022-01-14 09:47:19.005013,83.39003,84.23475,85.25666
2022-01-14 09:47:19.510239,83.9569,84.4935,85.21708
2022-01-14 09:47:20.009062,83.18334,84.08,85.21708
2022-01-14 09:47:20.504450,83.90492,84.3895,85.72791
2022-01-14 09:47:21.003822,83.49276,84.699,85.72791
2022-01-14 09:47:21.510743,83.64747,84.28675,86.12093
2022-01-14 09:47:22.009060,84.05963,84.4415,86.12093
2022-01-14 09:47:22.503060,83.80219,84.132,85.21708
2022-01-14 09:47:23.011089,83.23532,84.184,85.21708
2022-01-14 09:47:23.507364,83.69946,84.54425,85.4527
2022-01-14 09:47:24.006062,83.54475,84.08,85.4527
2022-01-14 09:47:25.005713,83.64747,84.33875,85.25666
2022-01-14 09:47:25.511053,83.69946,84.64825,85.88531
2022-01-14 09:47:26.010604,83.80219,84.132,85.88531
2022-01-14 09:47:26.504870,83.90492,84.132,86.19916
2022-01-14 09:47:27.003474,83.54475,84.4415,86.19916
2022-01-14 09:47:27.502548,84.11161,84.64825,85.29625
2022-01-14 09:47:28.009817,83.33805,84.184,85.29625
2022-01-14 09:47:28.502694,83.85417,84.33875,85.57051
2022-01-14 09:47:29.010815,83.39003,84.33875,85.57051
2022-01-14 09:47:29.505481,84.00888,84.4415,85.13885
2022-01-14 09:47:30.002624,83.59549,84.184,85.13885
2022-01-14 09:47:30.510243,83.80219,84.3895,85.13885
2022-01-14 09:47:31.007978,83.44078,84.08,85.13885
2022-01-14 09:47:31.504533,83.90492,84.3895,85.7675
2022-01-14 09:47:32.001691,83.7502,84.4415,85.7675
2022-01-14 09:47:32.506475,82.9259,83.92525,85.49229
2022-01-14 09:47:33.006515,84.11161,84.54425,85.49229
2022-01-14 09:47:33.503340,83.80219,84.02925,85.72791
2022-01-14 09:47:34.010927,83.85417,84.33875,85.72791
2022-01-14 09:47:34.505484,84.11161,84.90575,85.7675
2022-01-14 09:47:35.006285,82.97664,83.8225,85.7675
2022-01-14 09:47:35.502323,84.11161,84.59625,85.25666
2022-01-14 09:47:36.001323,83.23532,84.184,85.25666
2022-01-14 09:47:36.507062,84.21434,84.803,85.33489
2022-01-14 09:47:37.006741,83.08061,83.8225,85.33489
2022-01-14 09:47:37.502617,83.64747,83.97725,85.17843
2022-01-14 09:47:38.001060,84.00888,84.184,85.17843
2022-01-14 09:47:38.505102,83.9569,84.33875,214.02572
2022-01-14 09:47:39.004017,83.39003,83.92525,214.02572
2022-01-14 09:47:39.502843,83.23532,83.92525,236.13489
2022-01-14 09:47:40.010706,83.85417,84.3895,236.13489
2022-01-14 09:47:40.506878,82.82193,83.565,183.66968
2022-01-14 09:47:41.005260,84.36905,84.85375,183.66968
2022-01-14 09:47:41.509661,83.39003,83.97725,109.21218
2022-01-14 09:47:42.008648,84.00888,84.4415,109.21218
2022-01-14 09:47:42.504158,83.54475,83.7705,88.94843
2022-01-14 09:47:43.002151,83.39003,83.97725,88.94843
2022-01-14 09:47:43.508871,84.21434,84.699,94.28864
2022-01-14 09:47:44.007033,82.97664,83.61575,94.28864
2022-01-14 09:47:44.501781,83.9569,84.4935,88.12375
2022-01-14 09:47:45.010237,83.39003,83.92525,88.12375
2022-01-14 09:47:45.505197,84.42104,85.21525,86.86645
2022-01-14 09:47:46.007791,83.23532,83.92525,86.86645
2022-01-14 09:47:46.507459,83.9569,84.4415,85.92395
2022-01-14 09:47:47.005555,83.64747,84.132,85.92395
2022-01-14 09:47:47.511129,83.64747,84.184,86.31697
2022-01-14 09:47:48.010856,83.80219,84.4935,86.31697
2022-01-14 09:47:48.507108,83.08061,84.02925,86.15958
2022-01-14 09:47:49.005201,83.9569,84.28675,86.15958
2022-01-14 09:47:49.510111,83.80219,84.33875,86.5526
2022-01-14 09:47:50.009114,84.00888,84.64825,86.5526
2022-01-14 09:47:50.503109,83.39003,84.132,88.595
2022-01-14 09:47:51.001661,83.9569,84.64825,88.595
2022-01-14 09:47:51.508736,83.7502,84.184,86.47437
2022-01-14 09:47:52.007248,83.23532,84.4935,86.47437
2022-01-14 09:47:52.502120,83.69946,84.4415,85.64968
2022-01-14 09:47:53.010221,83.80219,84.4415,85.64968
2022-01-14 09:47:53.504769,83.80219,84.28675,85.41406
2022-01-14 09:47:54.007658,84.05963,84.699,85.53187
2022-01-14 09:47:54.503433,83.80219,84.4935,85.53187
2022-01-14 09:47:55.001824,83.90492,84.4415,85.53187
2022-01-14 09:47:55.509091,83.28607,83.8225,85.80614
2022-01-14 09:47:56.009423,83.9569,84.54425,85.80614
2022-01-14 09:47:56.506681,83.49276,84.54425,86.00312
2022-01-14 09:47:57.006329,83.80219,84.33875,86.00312
2022-01-14 09:47:57.501645,84.00888,84.3895,85.49229
2022-01-14 09:47:58.001743,83.49276,84.132,85.49229
2022-01-14 09:47:58.508434,84.11161,84.751,85.84572
2022-01-14 09:47:59.007375,83.39003,84.23475,85.84572
2022-01-14 09:47:59.501968,83.85417,84.4415,85.84572
2022-01-14 09:48:00.010751,83.33805,84.184,85.84572
2022-01-14 09:48:00.509476,83.9569,84.33875,84.90322
2022-01-14 09:48:01.008158,83.7502,84.23475,84.90322
2022-01-14 09:48:01.502747,83.28607,83.97725,85.64968
2022-01-14 09:48:02.011153,84.1636,84.751,85.64968
2022-01-14 09:48:02.506845,83.44078,83.92525,85.6101
2022-01-14 09:48:03.007624,83.85417,84.4935,85.6101
2022-01-14 09:48:03.503550,83.59549,84.59625,86.23875
2022-01-14 09:48:04.001839,83.85417,84.3895,86.23875
2022-01-14 09:48:04.506161,83.64747,84.08,85.84572
2022-01-14 09:48:05.005579,83.90492,84.4935,85.84572
2022-01-14 09:48:05.501688,83.90492,84.54425,85.33489
2022-01-14 09:48:06.009790,83.39003,84.28675,85.33489
2022-01-14 09:48:06.503681,84.05963,84.64825,85.25666
2022-01-14 09:48:07.003551,82.9259,83.41025,85.25666
2022-01-14 09:48:07.510112,84.36905,84.95775,85.72791
2022-01-14 09:48:08.005586,83.08061,83.8745,85.72791
2022-01-14 09:48:08.510406,84.05963,84.64825,86.15958
2022-01-14 09:48:09.010220,83.7502,84.28675,86.15958
2022-01-14 09:48:09.506628,83.7502,84.33875,85.88531
2022-01-14 09:48:10.003985,83.69946,84.4415,85.88531
2022-01-14 09:48:10.501782,83.33805,84.28675,85.88531
2022-01-14 09:48:11.003351,84.05963,84.699,85.88531
2022-01-14 09:48:11.509421,83.33805,84.02925,85.57051
2022-01-14 09:48:12.006064,83.9569,84.33875,85.57051
2022-01-14 09:48:12.510140,83.85417,84.64825,85.21708
2022-01-14 09:48:13.010050,83.54475,84.184,85.21708
2022-01-14 09:48:13.505463,83.7502,84.4415,85.57051
2022-01-14 09:48:14.004457,83.49276,84.08,85.57051
2022-01-14 09:48:14.502944,84.21434,84.803,85.21708
2022-01-14 09:48:15.002211,83.18334,84.184,85.21708
2022-01-14 09:48:15.507967,84.21434,84.64825,85.7675
2022-01-14 09:48:16.007014,83.49276,83.97725,85.7675
2022-01-14 09:48:16.502747,83.9569,84.3895,85.49229
2022-01-14 09:48:17.011219,83.49276,84.28675,85.49229
2022-01-14 09:48:17.507282,83.49276,84.132,86.15958
2022-01-14 09:48:18.005618,84.05963,84.59625,86.15958
2022-01-14 09:48:18.502778,83.28607,84.08,85.57051
2022-01-14 09:48:19.001445,84.1636,84.64825,85.57051
2022-01-14 09:48:19.505753,83.28607,84.23475,86.04176
2022-01-14 09:48:20.005090,84.11161,84.3895,86.04176
2022-01-14 09:48:20.510896,83.80219,84.184,85.41406
2022-01-14 09:48:21.009104,83.69946,84.3895,85.41406
2022-01-14 09:48:21.504314,83.49276,84.28675,86.04176
2022-01-14 09:48:22.002766,83.64747,84.4415,86.04176
2022-01-14 09:48:22.509435,83.80219,84.23475,85.29625
2022-01-14 09:48:23.007840,83.44078,84.54425,85.29625
2022-01-14 09:48:23.504417,83.85417,84.33875,85.53187
2022-01-14 09:48:24.002160,83.85417,84.28675,85.53187
2022-01-14 09:48:24.507924,83.59549,83.97725,85.92395
2022-01-14 09:48:25.006188,84.05963,84.85375,85.92395
2022-01-14 09:48:25.501143,83.18334,83.97725,85.37447
2022-01-14 09:48:26.008057,83.85417,84.54425,85.37447
2022-01-14 09:48:26.502081,83.33805,84.23475,85.96354
2022-01-14 09:48:27.010724,84.05963,84.4935,85.96354
2022-01-14 09:48:27.506885,83.59549,84.4935,86.47437
2022-01-14 09:48:28.009185,83.9569,84.23475,86.47437
2022-01-14 09:48:28.503833,83.85417,84.4935,85.41406
2022-01-14 09:48:29.002746,83.80219,84.64825,85.41406
2022-01-14 09:48:29.510921,83.85417,84.4415,86.15958
2022-01-14 09:48:30.009270,83.59549,84.132,86.15958
2022-01-14 09:48:30.504533,83.90492,84.699,85.41406
2022-01-14 09:48:31.010666,83.08061,84.184,85.41406
2022-01-14 09:48:31.506748,84.11161,84.4415,85.41406
2022-01-14 09:48:32.005114,83.7502,84.28675,85.41406
2022-01-14 09:48:32.502756,83.44078,84.08,85.64968
2022-01-14 09:48:33.011021,84.05963,84.803,85.64968
2022-01-14 09:48:33.506709,83.13135,83.8225,85.53187
2022-01-14 09:48:34.005668,84.1636,84.699,85.53187
2022-01-14 09:48:34.501294,83.13135,84.08,85.49229
2022-01-14 09:48:35.008744,83.80219,84.23475,85.49229
2022-01-14 09:48:35.503854,84.00888,84.59625,85.84572
2022-01-14 09:48:36.001857,83.85417,84.33875,85.84572
2022-01-14 09:48:36.509119,83.7502,84.4415,85.33489
2022-01-14 09:48:37.008482,83.39003,84.08,85.33489
2022-01-14 09:48:37.503412,83.9569,84.54425,85.84572
2022-01-14 09:48:38.002818,82.82193,83.8225,85.84572
2022-01-14 09:48:38.507425,84.73046,85.26725,85.80614
2022-01-14 09:48:39.006119,82.87391,83.61575,85.80614
2022-01-14 09:48:39.501727,84.36905,84.699,85.72791
2022-01-14 09:48:40.001533,83.9569,84.54425,85.72791
2022-01-14 09:48:40.506217,83.64747,84.33875,85.57051
2022-01-14 09:48:41.006900,83.69946,84.33875,85.57051
2022-01-14 09:48:41.503252,83.69946,84.59625,85.84572
2022-01-14 09:48:42.002212,83.54475,83.8745,85.84572
2022-01-14 09:48:42.505985,83.49276,84.33875,85.06062
2022-01-14 09:48:43.005063,84.1636,84.751,85.06062
2022-01-14 09:48:43.510141,83.64747,84.4415,85.21708
2022-01-14 09:48:44.008481,83.9569,84.3895,85.21708
2022-01-14 09:48:44.503239,83.59549,84.08,85.29625
2022-01-14 09:48:45.002279,84.11161,84.751,85.29625
2022-01-14 09:48:45.509129,83.9569,84.54425,85.21708
2022-01-14 09:48:46.007061,82.66722,83.8225,85.21708
2022-01-14 09:48:46.502072,84.00888,84.3895,85.6101
2022-01-14 09:48:47.002227,83.7502,84.3895,85.6101
2022-01-14 09:48:47.508432,84.11161,84.803,85.17843
2022-01-14 09:48:48.007536,83.54475,84.23475,85.17843
2022-01-14 09:48:48.502971,83.64747,84.28675,86.12093
2022-01-14 09:48:49.001989,84.21434,84.54425,86.12093
2022-01-14 09:48:49.509658,83.85417,84.4415,85.64968
2022-01-14 09:48:50.007144,83.39003,83.8225,85.64968
2022-01-14 09:48:50.504264,83.23532,84.33875,85.17843
2022-01-14 09:48:51.003843,84.11161,84.28675,85.17843
2022-01-14 09:48:51.508621,83.7502,84.23475,85.68833
2022-01-14 09:48:52.006029,83.9569,84.85375,85.68833
2022-01-14 09:48:52.501337,83.28607,83.8225,86.19916
2022-01-14 09:48:53.010258,84.05963,84.803,86.19916
2022-01-14 09:48:53.504337,83.64747,84.132,85.6101
2022-01-14 09:48:54.003195,83.54475,84.54425,85.6101
2022-01-14 09:48:55.005114,83.80219,84.33875,85.88531
2022-01-14 09:48:55.510815,83.7502,84.132,85.57051
2022-01-14 09:48:56.008217,84.00888,84.751,85.57051
2022-01-14 09:48:56.502731,83.54475,84.4935,85.17843
2022-01-14 09:48:57.002710,83.69946,84.08,85.17843
2022-01-14 09:48:57.508227,83.39003,84.184,86.35656
2022-01-14 09:48:58.005497,83.90492,84.3895,86.35656
2022-01-14 09:48:58.509712,83.85417,84.64825,85.33489
2022-01-14 09:48:59.008068,83.69946,84.184,85.33489
2022-01-14 09:48:59.506208,83.64747,84.08,85.29625
2022-01-14 09:49:00.006581,83.9569,84.699,85.29625
2022-01-14 09:49:00.510697,83.59549,84.23475,85.09926
2022-01-14 09:49:01.009138,83.7502,84.64825,85.09926
2022-01-14 09:49:01.504629,83.80219,84.33875,86.27739
2022-01-14 09:49:02.001944,83.18334,84.132,86.27739
2022-01-14 09:49:02.507538,83.90492,84.33875,84.78541
2022-01-14 09:49:03.006322,84.1636,84.751,84.78541
2022-01-14 09:49:03.502224,83.54475,84.132,85.80614
2022-01-14 09:49:04.001403,83.64747,84.08,85.80614
2022-01-14 09:49:04.507083,82.7192,83.10075,85.96354
2022-01-14 09:49:05.005278,84.62773,84.85375,85.96354
2022-01-14 09:49:05.502191,83.08061,83.8745,234.6825
2022-01-14 09:49:06.001557,83.85417,84.33875,234.6825
2022-01-14 09:49:06.505964,83.23532,83.61575,217.32447
2022-01-14 09:49:07.005786,83.90492,84.23475,217.32447
2022-01-14 09:49:07.502965,84.11161,84.64825,160.30322
2022-01-14 09:49:08.009492,83.44078,84.23475,160.30322
2022-01-14 09:49:08.503046,83.59549,84.23475,94.21041
2022-01-14 09:49:09.010364,83.08061,83.66775,94.21041
2022-01-14 09:49:09.507821,84.62773,84.90575,92.0502
2022-01-14 09:49:10.009028,82.87391,83.565,92.0502
2022-01-14 09:49:10.503359,84.31831,84.751,92.24718
2022-01-14 09:49:11.010983,83.23532,83.461,92.24718
2022-01-14 09:49:11.505643,84.00888,84.64825,87.29906
2022-01-14 09:49:12.006662,83.80219,84.4415,87.29906
2022-01-14 09:49:12.501074,83.69946,84.751,85.92395
2022-01-14 09:49:13.009354,83.59549,84.08,85.92395
2022-01-14 09:49:13.504084,83.59549,84.3895,86.08135
2022-01-14 09:49:14.010724,84.11161,84.54425,86.08135
2022-01-14 09:49:14.511095,83.44078,84.02925,86.5526
2022-01-14 09:49:15.004076,83.85417,84.64825,86.5526
2022-01-14 09:49:15.509534,83.18334,83.71975,86.59218
2022-01-14 09:49:16.009673,84.05963,84.85375,86.59218
2022-01-14 09:49:16.506194,83.90492,84.54425,86.00312
2022-01-14 09:49:17.003347,83.28607,84.4415,86.00312
2022-01-14 09:49:17.508707,83.9569,84.4935,86.98426
2022-01-14 09:49:18.006128,83.59549,84.08,86.98426
2022-01-14 09:49:18.504456,84.36905,84.751,84.94281
2022-01-14 09:49:19.001833,83.44078,84.132,84.94281
2022-01-14 09:49:19.507768,83.59549,84.54425,86.27739
2022-01-14 09:49:20.009011,83.64747,84.02925,86.27739
2022-01-14 09:49:20.506898,83.9569,84.751,85.49229
2022-01-14 09:49:21.009078,83.49276,84.132,85.49229
2022-01-14 09:49:21.504840,83.85417,84.64825,85.72791
2022-01-14 09:49:22.001830,83.64747,84.184,85.72791
2022-01-14 09:49:22.506854,83.85417,84.23475,86.47437
2022-01-14 09:49:23.006075,84.00888,84.90575,86.47437
2022-01-14 09:49:23.501150,83.23532,83.71975,85.49229
2022-01-14 09:49:24.009895,84.11161,84.95775,85.49229
2022-01-14 09:49:24.505103,83.64747,84.02925,85.4527
2022-01-14 09:49:25.004719,83.33805,84.3895,85.4527
2022-01-14 09:49:25.509597,84.11161,84.54425,85.09926
2022-01-14 09:49:26.008358,83.85417,84.132,85.09926
2022-01-14 09:49:26.503944,83.7502,84.28675,85.33489
2022-01-14 09:49:27.001907,83.7502,84.4935,85.33489
2022-01-14 09:49:27.508420,83.54475,84.33875,85.68833
2022-01-14 09:49:28.008581,83.59549,84.184,85.68833
2022-01-14 09:49:28.505022,83.44078,84.3895,85.37447
2022-01-14 09:49:29.001297,83.80219,84.23475,85.37447
2022-01-14 09:49:29.501623,83.85417,84.33875,85.09926
2022-01-14 09:49:30.010619,83.85417,84.4415,85.09926
2022-01-14 09:49:30.505197,83.64747,84.23475,85.92395
2022-01-14 09:49:31.003670,83.80219,84.54425,85.92395
2022-01-14 09:49:31.508324,83.39003,84.08,86.19916
2022-01-14 09:49:32.008796,83.85417,84.59625,86.19916
2022-01-14 09:49:32.502339,83.69946,84.28675,85.17843
2022-01-14 09:49:33.010537,83.23532,84.23475,85.17843
2022-01-14 09:49:33.506479,84.00888,84.23475,85.80614
2022-01-14 09:49:34.005151,84.1636,84.4935,85.80614
2022-01-14 09:49:34.508003,83.39003,84.23475,85.49229
2022-01-14 09:49:35.011220,83.80219,84.4935,85.49229
2022-01-14 09:49:35.505440,83.49276,84.28675,85.09926
2022-01-14 09:49:36.003197,84.00888,84.4935,85.09926
2022-01-14 09:49:36.508113,83.49276,84.28675,86.00312
2022-01-14 09:49:37.006222,83.9569,84.59625,86.00312
2022-01-14 09:49:37.501229,83.44078,83.92525,85.13885
2022-01-14 09:49:38.007803,84.11161,84.59625,85.13885
2022-01-14 09:49:38.502825,83.69946,84.23475,86.15958
2022-01-14 09:49:39.002478,83.64747,84.3895,86.15958
2022-01-14 09:49:39.510022,83.85417,84.4935,85.49229
2022-01-14 09:49:40.009586,83.02862,84.02925,85.49229
2022-01-14 09:49:40.505812,84.05963,84.54425,84.90322
2022-01-14 09:49:41.005675,83.7502,84.3895,84.90322
2022-01-14 09:49:41.505884,83.7502,84.33875,85.64968
2022-01-14 09:49:42.008545,83.7502,84.184,85.64968
2022-01-14 09:49:42.510101,83.7502,84.3895,85.53187
2022-01-14 09:49:43.009310,84.05963,84.64825,85.53187
2022-01-14 09:49:43.506702,83.28607,83.92525,85.84572
2022-01-14 09:49:44.004953,83.54475,84.28675,85.84572
2022-01-14 09:49:44.509166,83.18334,84.08,85.7675
2022-01-14 09:49:45.008214,84.36905,85.1125,85.7675
2022-01-14 09:49:45.503325,83.85417,84.4415,86.27739
2022-01-14 09:49:46.001181,83.59549,84.132,86.27739
2022-01-14 09:49:46.507683,83.85417,84.3895,85.17843
2022-01-14 09:49:47.006811,84.11161,84.803,85.17843
2022-01-14 09:49:47.508099,84.11161,84.3895,85.7675
2022-01-14 09:49:48.006602,83.08061,83.97725,85.7675
2022-01-14 09:49:48.501224,84.11161,84.64825,85.7675
2022-01-14 09:49:49.008675,83.7502,84.28675,85.7675
2022-01-14 09:49:49.504436,84.11161,84.85375,85.4527
2022-01-14 09:49:50.003051,83.49276,83.92525,85.4527
2022-01-14 09:49:50.509089,84.05963,84.54425,86.31697
2022-01-14 09:49:51.008570,83.64747,84.184,86.31697
2022-01-14 09:49:51.503434,83.9569,84.64825,85.33489
2022-01-14 09:49:52.001657,83.7502,84.3895,85.33489
2022-01-14 09:49:52.507871,83.33805,84.132,86.19916
2022-01-14 09:49:53.006325,83.90492,84.4935,86.19916
2022-01-14 09:49:53.501989,83.85417,84.33875,85.80614
2022-01-14 09:49:54.010010,83.59549,84.4935,85.80614
2022-01-14 09:49:54.506484,83.80219,84.23475,85.21708
2022-01-14 09:49:55.004693,83.54475,83.97725,85.21708
2022-01-14 09:49:55.510275,84.1636,84.4935,85.33489
2022-01-14 09:49:56.008533,83.33805,84.33875,85.33489
2022-01-14 09:49:56.504719,83.9569,84.28675,85.21708
2022-01-14 09:49:57.008670,83.7502,84.08,85.21708
2022-01-14 09:49:57.507301,83.90492,84.54425,86.82781
2022-01-14 09:49:58.007439,84.05963,84.699,86.82781
2022-01-14 09:49:58.506347,83.59549,84.23475,86.12093
2022-01-14 09:49:59.004564,83.69946,84.132,86.12093
2022-01-14 09:49:59.510594,83.64747,84.54425,85.72791
2022-01-14 09:50:00.006458,83.7502,84.3895,85.72791
2022-01-14 09:50:00.503295,83.85417,84.64825,86.00312
2022-01-14 09:50:01.001186,83.69946,84.184,86.00312
2022-01-14 09:50:01.501507,83.9569,84.59625,85.84572
2022-01-14 09:50:02.010675,83.33805,84.08,85.84572
2022-01-14 09:50:02.506426,84.05963,84.54425,85.88531
2022-01-14 09:50:03.006067,83.54475,84.3895,85.88531
2022-01-14 09:50:03.501700,83.80219,84.28675,85.4527
2022-01-14 09:50:04.010315,83.28607,84.184,85.4527
2022-01-14 09:50:04.504655,83.80219,84.33875,85.92395
2022-01-14 09:50:05.003151,84.1636,84.59625,85.92395
2022-01-14 09:50:05.509938,83.69946,84.33875,84.94281
2022-01-14 09:50:06.010263,83.85417,84.4415,84.94281
2022-01-14 09:50:06.506221,83.02862,83.35825,85.80614
2022-01-14 09:50:07.001578,84.47302,85.0085,85.80614
2022-01-14 09:50:07.506103,83.54475,84.28675,85.7675
2022-01-14 09:50:08.004255,83.64747,84.02925,85.7675
2022-01-14 09:50:08.510265,83.9569,84.28675,85.21708
2022-01-14 09:50:09.008564,83.69946,84.28675,85.21708
2022-01-14 09:50:09.503813,84.00888,84.95775,85.4527
2022-01-14 09:50:10.004674,83.44078,84.132,85.4527
2022-01-14 09:50:10.501643,83.69946,84.28675,86.12093
2022-01-14 09:50:11.001498,83.39003,84.3895,86.12093
2022-01-14 09:50:11.506488,84.42104,84.85375,85.4527
2022-01-14 09:50:12.003213,83.85417,84.3895,85.4527
2022-01-14 09:50:12.508602,83.59549,83.97725,85.41406
2022-01-14 09:50:13.005828,83.49276,84.132,85.41406
2022-01-14 09:50:13.506772,83.59549,84.28675,85.68833
2022-01-14 09:50:14.004517,84.26632,84.90575,85.68833
2022-01-14 09:50:14.501604,83.39003,84.08,85.4527
2022-01-14 09:50:15.009263,84.00888,84.59625,85.4527
2022-01-14 09:50:15.502628,83.13135,83.8225,86.63083
2022-01-14 09:50:16.001153,84.73046,85.16325,86.63083
2022-01-14 09:50:16.506780,83.69946,84.28675,86.90604
2022-01-14 09:50:17.006690,83.39003,84.02925,86.90604
2022-01-14 09:50:17.505702,83.85417,84.4415,85.02104
2022-01-14 09:50:18.004123,83.49276,84.184,85.02104
2022-01-14 09:50:18.506300,84.05963,84.699,86.3952
2022-01-14 09:50:19.009683,83.18334,84.02925,86.3952
2022-01-14 09:50:19.502796,83.85417,84.184,86.04176
2022-01-14 09:50:20.010487,83.9569,84.3895,86.04176
2022-01-14 09:50:20.504186,84.1636,84.59625,85.37447
2022-01-14 09:50:21.009234,83.69946,84.23475,85.37447
2022-01-14 09:50:21.504767,83.49276,84.23475,86.27739
2022-01-14 09:50:22.002315,83.90492,84.3895,86.27739
2022-01-14 09:50:22.502853,83.33805,84.28675,85.41406
2022-01-14 09:50:23.002133,84.26632,84.85375,85.41406
2022-01-14 09:50:23.506114,83.44078,84.184,85.80614
2022-01-14 09:50:24.005141,83.9569,84.28675,85.80614
2022-01-14 09:50:24.508474,83.9569,84.4415,85.6101
2022-01-14 09:50:25.004610,83.64747,84.23475,85.6101
2022-01-14 09:50:25.508734,83.7502,84.54425,85.37447
2022-01-14 09:50:26.006670,83.69946,84.4935,85.37447
2022-01-14 09:50:26.507661,83.59549,83.92525,86.5526
2022-01-14 09:50:27.007627,83.80219,84.59625,86.5526
2022-01-14 09:50:27.501576,83.80219,84.08,86.82781
2022-01-14 09:50:28.007729,83.90492,84.4415,86.82781
2022-01-14 09:50:28.507272,83.7502,84.3895,85.72791
2022-01-14 09:50:29.005697,83.64747,84.33875,85.72791
2022-01-14 09:50:29.501724,83.7502,84.54425,85.88531
2022-01-14 09:50:30.000826,83.90492,84.3895,85.88531
2022-01-14 09:50:30.505146,83.08061,84.184,85.41406
2022-01-14 09:50:31.005108,83.69946,84.02925,85.41406
2022-01-14 09:50:31.510658,84.21434,84.64825,85.4527
2022-01-14 09:50:32.010095,83.59549,84.02925,85.4527
2022-01-14 09:50:32.506397,84.21434,84.85375,85.80614
2022-01-14 09:50:33.006409,82.9259,83.66775,85.80614
2022-01-14 09:50:33.501200,84.00888,84.54425,85.64968
2022-01-14 09:50:34.009925,83.64747,84.64825,85.64968
2022-01-14 09:50:34.504256,83.80219,84.3895,85.57051
2022-01-14 09:50:35.001191,83.69946,84.184,85.57051
2022-01-14 09:50:35.509152,83.7502,83.92525,85.84572
2022-01-14 09:50:36.006977,83.90492,84.4935,85.84572
2022-01-14 09:50:36.501533,83.85417,84.4415,84.58937
2022-01-14 09:50:37.010615,83.49276,84.08,84.58937
2022-01-14 09:50:37.505532,83.39003,83.92525,85.64968
2022-01-14 09:50:38.003714,83.90492,84.4935,85.64968
2022-01-14 09:50:38.502838,83.54475,84.54425,85.84572
2022-01-14 09:50:39.007802,84.05963,84.4935,85.84572
2022-01-14 09:50:39.506862,84.1636,84.64825,85.49229
2022-01-14 09:50:40.001656,83.13135,83.565,85.49229
2022-01-14 09:50:40.503756,84.42104,85.0605,85.17843
2022-01-14 09:50:41.005974,83.49276,84.02925,85.17843
2022-01-14 09:50:41.504047,83.69946,84.132,85.29625
2022-01-14 09:50:42.001338,83.23532,84.132,85.29625
2022-01-14 09:50:42.506767,83.9569,84.28675,85.25666
2022-01-14 09:50:43.004515,84.05963,84.64825,85.25666
2022-01-14 09:50:43.509801,84.05963,84.59625,86.00312
2022-01-14 09:50:44.010039,83.44078,84.132,86.00312
2022-01-14 09:50:44.503954,83.7502,84.3895,85.7675
2022-01-14 09:50:45.002468,84.42104,84.803,85.7675
2022-01-14 09:50:45.507514,83.23532,83.97725,85.7675
2022-01-14 09:50:46.006439,83.90492,84.3895,85.7675
2022-01-14 09:50:46.509820,83.59549,84.4935,86.27739
2022-01-14 09:50:47.007278,84.05963,84.4415,86.27739
2022-01-14 09:50:47.501448,83.85417,84.3895,85.4527
2022-01-14 09:50:48.006143,83.54475,84.184,85.4527
2022-01-14 09:50:48.501303,84.11161,84.59625,85.21708
2022-01-14 09:50:49.007621,83.85417,84.3895,85.21708
2022-01-14 09:50:49.510581,83.7502,84.184,85.25666
2022-01-14 09:50:50.008720,83.64747,84.4935,85.25666
2022-01-14 09:50:50.508308,83.7502,84.08,85.53187
2022-01-14 09:50:51.010677,84.00888,84.751,85.53187
2022-01-14 09:50:51.503760,83.90492,84.4935,85.49229
2022-01-14 09:50:52.007312,83.64747,84.23475,85.49229
2022-01-14 09:50:52.505816,83.7502,84.3895,85.37447
2022-01-14 09:50:53.002593,84.05963,84.3895,85.37447
2022-01-14 09:50:53.507185,83.39003,84.28675,85.6101
2022-01-14 09:50:54.005650,84.00888,84.4415,85.6101
2022-01-14 09:50:54.510544,84.00888,84.54425,85.84572
2022-01-14 09:50:55.009910,83.69946,84.23475,85.84572
2022-01-14 09:50:55.503494,84.11161,84.751,86.04176
2022-01-14 09:50:56.002046,83.54475,84.132,86.04176
2022-01-14 09:50:56.508768,83.90492,84.33875,85.6101
2022-01-14 09:50:57.007553,83.59549,84.4935,85.6101
2022-01-14 09:50:57.503881,83.69946,84.132,85.96354
2022-01-14 09:50:58.005433,83.64747,84.54425,85.96354
2022-01-14 09:50:58.510905,83.80219,84.28675,85.37447
2022-01-14 09:50:59.010029,84.05963,84.64825,85.37447
2022-01-14 09:50:59.504572,83.69946,84.4415,85.02104
2022-01-14 09:51:00.004482,83.59549,84.184,85.02104
2022-01-14 09:51:00.505443,83.90492,84.54425,85.29625
2022-01-14 09:51:01.002249,83.9569,84.23475,85.29625
2022-01-14 09:51:01.505677,83.49276,84.54425,85.13885
2022-01-14 09:51:02.003321,83.54475,83.92525,85.13885
2022-01-14 09:51:02.505716,84.42104,85.0085,85.7675
2022-01-14 09:51:03.005897,83.33805,83.8745,85.7675
2022-01-14 09:51:03.509755,84.52377,85.1125,85.53187
2022-01-14 09:51:04.009122,83.08061,83.66775,85.53187
2022-01-14 09:51:04.504760,84.11161,84.59625,85.29625
2022-01-14 09:51:05.003944,83.90492,84.803,85.29625
2022-01-14 09:51:05.508655,83.9569,84.28675,86.12093
2022-01-14 09:51:06.004622,83.59549,84.08,86.12093
2022-01-14 09:51:06.508900,83.90492,84.23475,85.33489
2022-01-14 09:51:07.006241,83.64747,84.33875,85.33489
2022-01-14 09:51:07.502035,83.9569,84.64825,85.21708
2022-01-14 09:51:08.004925,83.80219,84.132,85.21708
2022-01-14 09:51:08.506505,83.39003,83.97725,85.4527
2022-01-14 09:51:09.003663,84.00888,84.4935,85.4527
2022-01-14 09:51:09.502242,83.90492,84.751,85.68833
2022-01-14 09:51:10.011078,83.85417,84.184,85.68833
2022-01-14 09:51:10.506238,83.7502,84.184,85.33489
2022-01-14 09:51:11.005056,83.33805,84.184,85.33489
2022-01-14 09:51:11.509450,84.26632,85.0085,85.84572
2022-01-14 09:51:12.006237,83.28607,83.97725,85.84572
2022-01-14 09:51:12.501837,84.21434,84.751,85.17843
2022-01-14 09:51:13.009705,83.44078,84.184,85.17843
2022-01-14 09:51:13.504723,84.00888,84.3895,85.6101
2022-01-14 09:51:14.003149,84.00888,84.3895,85.6101
2022-01-14 09:51:14.504884,84.00888,84.59625,86.67041
2022-01-14 09:51:15.005193,83.28607,83.92525,86.67041
2022-01-14 09:51:15.510603,83.85417,84.59625,85.57051
2022-01-14 09:51:16.007789,84.26632,84.59625,85.53187
2022-01-14 09:51:17.501603,83.64747,84.02925,85.92395
2022-01-14 09:51:18.000906,84.21434,84.699,85.92395
2022-01-14 09:51:18.510316,83.80219,84.33875,85.25666
2022-01-14 09:51:19.010887,83.49276,84.23475,85.25666
2022-01-14 09:51:19.506219,83.59549,84.02925,85.53187
2022-01-14 09:51:20.004905,83.85417,84.85375,85.53187
2022-01-14 09:51:20.501261,83.7502,84.23475,85.21708
2022-01-14 09:51:21.009265,83.54475,84.184,85.21708
2022-01-14 09:51:21.503627,83.85417,84.23475,85.64968
2022-01-14 09:51:22.001614,83.85417,84.184,85.64968
2022-01-14 09:51:22.508461,83.9569,84.54425,85.25666
2022-01-14 09:51:23.007782,84.00888,84.4415,85.25666
2022-01-14 09:51:23.503860,83.49276,84.184,85.21708
2022-01-14 09:51:24.002190,83.9569,84.3895,85.21708
2022-01-14 09:51:24.506920,83.02862,84.02925,85.37447
2022-01-14 09:51:25.005307,84.42104,84.751,85.37447
2022-01-14 09:51:25.501537,83.80219,83.97725,85.7675
2022-01-14 09:51:26.010636,83.59549,84.23475,85.7675
2022-01-14 09:51:26.506592,83.80219,84.02925,85.6101
2022-01-14 09:51:27.006913,82.97664,83.66775,85.6101
2022-01-14 09:51:27.501844,84.11161,84.59625,87.96635
2022-01-14 09:51:28.010130,83.33805,84.08,87.96635
2022-01-14 09:51:28.506580,83.64747,83.8225,231.5402
2022-01-14 09:51:29.006291,84.00888,84.4415,231.5402
2022-01-14 09:51:29.501732,83.9569,84.28675,214.41875
2022-01-14 09:51:30.010422,83.7502,84.132,214.41875
2022-01-14 09:51:30.506502,83.54475,84.132,128.68989
2022-01-14 09:51:31.003011,83.33805,83.71975,128.68989
2022-01-14 09:51:31.506433,84.00888,84.751,93.9352
2022-01-14 09:51:32.004946,83.54475,83.97725,93.9352
2022-01-14 09:51:32.501610,83.85417,84.59625,97.7052
2022-01-14 09:51:33.010084,83.18334,83.35825,97.7052
2022-01-14 09:51:33.506889,84.31831,84.4935,90.20479
2022-01-14 09:51:34.005382,83.64747,84.3895,90.20479
2022-01-14 09:51:34.507053,84.21434,84.4935,87.57333
2022-01-14 09:51:35.005542,83.33805,84.02925,87.57333
2022-01-14 09:51:35.501195,84.21434,84.54425,86.15958
2022-01-14 09:51:36.003057,83.44078,84.23475,86.15958
2022-01-14 09:51:36.508517,84.21434,84.699,86.19916
2022-01-14 09:51:37.006319,83.85417,84.08,86.19916
2022-01-14 09:51:37.502725,83.7502,84.02925,86.15958
2022-01-14 09:51:38.002537,83.7502,84.3895,86.15958
2022-01-14 09:51:38.509159,83.7502,84.4935,86.23875
2022-01-14 09:51:39.009222,84.36905,84.699,86.23875
2022-01-14 09:51:39.506805,82.97664,83.92525,86.08135
2022-01-14 09:51:40.005188,83.9569,84.54425,86.08135
2022-01-14 09:51:40.509802,83.80219,84.699,85.17843
2022-01-14 09:51:41.009593,83.80219,84.28675,85.17843
2022-01-14 09:51:41.507792,84.05963,84.59625,86.08135
2022-01-14 09:51:42.005471,83.28607,83.97725,86.08135
2022-01-14 09:51:42.502411,84.42104,84.85375,85.17843
2022-01-14 09:51:43.001251,83.7502,84.4415,85.17843
2022-01-14 09:51:43.507147,83.90492,84.3895,86.04176
2022-01-14 09:51:44.007042,83.02862,83.61575,86.04176
2022-01-14 09:51:44.502405,84.42104,84.95775,85.80614
2022-01-14 09:51:45.002037,83.90492,84.3895,85.80614
2022-01-14 09:51:45.510210,83.80219,84.4935,85.09926
2022-01-14 09:51:46.008901,83.85417,84.33875,85.09926
2022-01-14 09:51:46.503946,83.7502,84.28675,85.80614
2022-01-14 09:51:47.003763,84.42104,84.803,85.80614
2022-01-14 09:51:47.510050,83.02862,83.97725,86.23875
2022-01-14 09:51:48.008311,84.1636,84.59625,86.23875
2022-01-14 09:51:48.504900,83.49276,83.97725,85.09926
2022-01-14 09:51:49.003740,84.42104,85.0605,85.09926
2022-01-14 09:51:49.510158,83.69946,84.23475,86.19916
2022-01-14 09:51:50.011161,83.9569,84.54425,86.19916
2022-01-14 09:51:50.509379,83.85417,84.4935,85.57051
2022-01-14 09:51:51.008216,83.28607,83.97725,85.57051
2022-01-14 09:51:51.508045,84.05963,84.64825,85.64968
2022-01-14 09:51:52.006783,83.7502,84.23475,85.64968
2022-01-14 09:51:52.502617,84.1636,84.751,85.96354
2022-01-14 09:51:53.005848,83.64747,84.132,85.96354
2022-01-14 09:51:53.510916,83.85417,84.64825,85.13885
2022-01-14 09:51:54.002045,83.90492,84.33875,85.13885
2022-01-14 09:51:54.507748,83.69946,84.3895,85.68833
2022-01-14 09:51:55.006234,83.85417,84.33875,85.68833
2022-01-14 09:51:55.501577,83.7502,84.4935,85.49229
2022-01-14 09:51:56.001210,84.00888,84.54425,85.49229
2022-01-14 09:51:56.501070,83.64747,84.02925,85.6101
2022-01-14 09:51:57.009075,84.31831,84.90575,85.6101
2022-01-14 09:51:57.507714,83.54475,83.8745,85.25666
2022-01-14 09:51:58.006110,83.85417,84.4415,85.25666
2022-01-14 09:51:58.508857,84.11161,84.4415,85.92395
2022-01-14 09:51:59.004750,83.59549,84.132,85.92395
2022-01-14 09:51:59.508599,84.05963,84.4935,85.37447
2022-01-14 09:52:00.003866,83.69946,84.23475,85.37447
2022-01-14 09:52:00.509804,83.85417,84.54425,85.7675
2022-01-14 09:52:01.003258,84.11161,84.803,85.7675
2022-01-14 09:52:01.509109,83.64747,84.23475,85.64968
2022-01-14 09:52:02.004492,83.80219,84.33875,85.64968
2022-01-14 09:52:02.510739,83.13135,84.23475,86.15958
2022-01-14 09:52:03.001267,84.1636,84.59625,86.15958
2022-01-14 09:52:03.506694,84.00888,84.23475,85.57051
2022-01-14 09:52:04.005896,83.33805,83.8225,85.57051
2022-01-14 09:52:04.502683,84.11161,84.4935,84.90322
2022-01-14 09:52:05.001699,83.54475,84.28675,84.90322
2022-01-14 09:52:05.506804,84.00888,84.59625,85.02104
2022-01-14 09:52:06.004613,83.54475,84.02925,85.02104
2022-01-14 09:52:06.509651,84.11161,84.54425,85.72791
2022-01-14 09:52:07.006946,83.64747,84.33875,85.72791
2022-01-14 09:52:07.510279,84.05963,84.4935,85.21708
2022-01-14 09:52:08.008989,83.90492,84.28675,85.21708
2022-01-14 09:52:08.505529,83.44078,84.132,85.88531
2022-01-14 09:52:09.004482,83.9569,84.699,85.88531
2022-01-14 09:52:09.509956,83.54475,84.02925,85.53187
2022-01-14 09:52:10.006369,84.05963,84.4935,85.53187
2022-01-14 09:52:11.005188,84.11161,84.59625,85.33489
2022-01-14 09:52:11.502623,83.85417,84.28675,86.08135
2022-01-14 09:52:12.007010,84.00888,84.3895,86.08135
2022-01-14 09:52:12.509986,83.69946,84.23475,85.64968
2022-01-14 09:52:13.009359,83.39003,84.08,85.64968
2022-01-14 09:52:13.507173,84.21434,84.90575,85.41406
2022-01-14 09:52:14.003250,83.13135,83.71975,85.41406
2022-01-14 09:52:14.506822,84.31831,84.751,85.96354
2022-01-14 09:52:15.007317,83.59549,83.8225,85.96354
2022-01-14 09:52:15.510885,84.36905,84.85375,85.6101
2022-01-14 09:52:16.005500,84.00888,84.54425,85.6101
2022-01-14 09:52:16.502203,83.69946,84.08,85.29625
2022-01-14 09:52:17.009748,84.05963,84.4415,85.29625
2022-01-14 09:52:17.509568,83.44078,84.132,85.57051
2022-01-14 09:52:18.002965,83.9569,84.751,85.57051
2022-01-14 09:52:18.502160,83.44078,84.28675,86.31697
2022-01-14 09:52:19.000866,84.11161,84.3895,86.31697
2022-01-14 09:52:19.502250,83.85417,84.132,85.25666
2022-01-14 09:52:20.002492,83.85417,84.59625,85.25666
2022-01-14 09:52:20.504985,83.85417,84.33875,85.49229
2022-01-14 09:52:21.007909,83.85417,84.23475,85.49229
2022-01-14 09:52:21.505939,84.1636,84.751,85.29625
2022-01-14 09:52:22.009032,82.97664,83.8745,85.29625
2022-01-14 09:52:22.504810,84.31831,84.85375,85.25666
2022-01-14 09:52:23.003398,83.69946,83.8225,85.25666
2022-01-14 09:52:23.507032,84.05963,84.699,85.37447
2022-01-14 09:52:24.004020,83.59549,84.132,85.37447
2022-01-14 09:52:24.505984,83.64747,84.33875,85.68833
2022-01-14 09:52:25.008518,83.80219,84.4415,85.68833
2022-01-14 09:52:25.501302,83.44078,84.59625,85.6101
2022-01-14 09:52:26.009185,83.85417,84.184,85.6101
2022-01-14 09:52:26.501557,84.05963,84.54425,86.27739
2022-01-14 09:52:27.008557,84.1636,84.4415,86.27739
2022-01-14 09:52:27.506121,83.90492,84.28675,85.72791
2022-01-14 09:52:28.001951,84.21434,84.4935,85.72791
2022-01-14 09:52:28.501592,83.54475,83.97725,85.92395
2022-01-14 09:52:29.003163,83.69946,84.4415,85.92395
2022-01-14 09:52:29.506939,84.11161,84.751,85.49229
2022-01-14 09:52:30.002216,83.64747,84.184,85.49229
2022-01-14 09:52:30.508617,83.9569,84.28675,85.49229
2022-01-14 09:52:31.001517,84.36905,84.90575,85.49229
2022-01-14 09:52:31.506318,83.28607,83.8225,85.33489
2022-01-14 09:52:32.006757,84.42104,84.95775,85.33489
2022-01-14 09:52:32.511101,83.39003,83.8745,86.31697
2022-01-14 09:52:33.007274,83.9569,84.4935,86.31697
2022-01-14 09:52:33.502665,83.54475,84.4935,84.70718
2022-01-14 09:52:34.008080,83.90492,84.23475,84.70718
2022-01-14 09:52:34.501173,83.9569,84.184,85.88531
2022-01-14 09:52:35.005084,83.85417,84.28675,85.88531
2022-01-14 09:52:35.507491,83.59549,84.28675,85.21708
2022-01-14 09:52:36.005836,83.80219,84.4935,85.21708
2022-01-14 09:52:36.503728,84.1636,84.54425,85.80614
2022-01-14 09:52:37.005220,83.44078,84.02925,85.80614
2022-01-14 09:52:37.511110,83.85417,84.4415,86.19916
2022-01-14 09:52:38.008730,83.90492,84.54425,86.19916
2022-01-14 09:52:38.504221,83.90492,84.3895,85.02104
2022-01-14 09:52:39.010624,84.11161,84.54425,85.02104
2022-01-14 09:52:39.507463,83.28607,83.8745,85.88531
2022-01-14 09:52:40.006989,84.57575,85.318,85.88531
2022-01-14 09:52:40.509959,83.44078,84.23475,85.6101
2022-01-14 09:52:41.008037,84.11161,84.4415,85.6101
2022-01-14 09:52:41.502759,83.39003,84.132,85.37447
2022-01-14 09:52:42.000941,84.11161,84.54425,85.37447
2022-01-14 09:52:42.506613,83.7502,84.4935,85.25666
2022-01-14 09:52:43.008239,84.11161,84.699,85.25666
2022-01-14 09:52:43.502597,83.69946,84.23475,85.68833
2022-01-14 09:52:44.003959,83.54475,84.02925,85.68833
2022-01-14 09:52:44.509083,84.31831,84.751,85.37447
2022-01-14 09:52:45.006745,83.28607,84.08,85.37447
2022-01-14 09:52:45.501091,84.1636,84.4415,85.96354
2022-01-14 09:52:46.008973,83.9569,84.4935,85.96354
2022-01-14 09:52:46.503024,83.54475,84.132,85.25666
2022-01-14 09:52:47.002976,84.42104,85.1125,85.25666
2022-01-14 09:52:47.509386,83.44078,83.97725,85.4527
2022-01-14 09:52:48.007053,84.1636,84.4935,85.4527
2022-01-14 09:52:48.502084,83.18334,84.02925,86.00312
2022-01-14 09:52:49.000844,84.26632,84.59625,86.00312
2022-01-14 09:52:49.508732,83.49276,83.97725,85.29625
2022-01-14 09:52:50.005001,84.52377,84.751,85.29625
2022-01-14 09:52:50.509360,83.54475,84.132,85.6101
2022-01-14 09:52:51.007190,83.85417,84.28675,85.6101
2022-01-14 09:52:51.503417,83.85417,84.4935,85.33489
2022-01-14 09:52:52.001693,83.69946,84.4415,85.33489
2022-01-14 09:52:52.507934,84.1636,84.4415,86.15958
2022-01-14 09:52:53.005915,83.23532,83.8225,86.15958
2022-01-14 09:52:53.509925,84.36905,85.0085,86.08135
2022-01-14 09:52:54.005716,83.90492,84.4935,86.08135
2022-01-14 09:52:54.501572,83.85417,84.3895,85.29625
2022-01-14 09:52:55.009568,83.9569,84.33875,85.29625
2022-01-14 09:52:55.504062,83.85417,84.33875,86.35656
2022-01-14 09:52:56.002718,83.7502,84.33875,86.35656
2022-01-14 09:52:56.506119,83.9569,84.803,85.88531
2022-01-14 09:52:57.006175,83.80219,83.97725,85.88531
2022-01-14 09:52:57.502913,84.26632,84.54425,85.53187
2022-01-14 09:52:58.010860,83.7502,84.3895,85.53187
2022-01-14 09:52:58.507148,83.90492,84.59625,86.04176
2022-01-14 09:52:59.004341,83.9569,84.4415,86.04176
2022-01-14 09:52:59.509503,83.7502,84.184,86.23875
2022-01-14 09:53:00.004875,83.49276,84.4935,86.23875
2022-01-14 09:53:00.504235,84.11161,84.54425,85.41406
2022-01-14 09:53:01.003120,84.00888,84.4935,85.41406
2022-01-14 09:53:01.506444,83.90492,84.08,85.4527
2022-01-14 09:53:02.002683,83.90492,84.33875,85.4527
2022-01-14 09:53:02.506611,83.80219,84.4935,85.41406
2022-01-14 09:53:03.004930,84.36905,84.803,85.41406
2022-01-14 09:53:03.509780,83.33805,84.02925,85.06062
2022-01-14 09:53:04.001235,83.54475,83.97725,85.06062
2022-01-14 09:53:04.505957,84.11161,84.803,86.59218
2022-01-14 09:53:05.001184,83.7502,84.132,86.59218
2022-01-14 09:53:05.506096,84.05963,84.64825,86.3952
2022-01-14 09:53:06.004202,83.69946,84.33875,86.3952
2022-01-14 09:53:06.510265,83.64747,84.132,86.19916
2022-01-14 09:53:07.008292,83.9569,84.699,86.19916
2022-01-14 09:53:07.507582,83.90492,84.132,86.12093
2022-01-14 09:53:08.005117,83.33805,84.02925,86.12093
2022-01-14 09:53:08.510751,84.05963,84.33875,85.84572
2022-01-14 09:53:09.008166,84.1636,84.699,85.84572
