時間,回転１,回転２,回転３
2022-01-14 20:00:00.007444,0.0,0.0,0.0
2022-01-14 20:00:00.508991,0.0,0.0,0.0
2022-01-14 20:00:01.006586,0.0,0.0,0.0
2022-01-14 20:00:01.502782,0.0,0.0,0.0
2022-01-14 20:00:02.001631,0.0,0.0,0.0
2022-01-14 20:00:02.508060,0.0,0.0,0.0
2022-01-14 20:00:03.005749,0.0,0.0,0.0
2022-01-14 20:00:03.504215,0.0,0.0,0.0
2022-01-14 20:00:04.002584,0.0,0.0,0.0
2022-01-14 20:00:04.508886,0.0,0.0,0.0
2022-01-14 20:00:05.009239,0.0,0.0,0.0
2022-01-14 20:00:05.504673,0.0,0.0,0.0
2022-01-14 20:00:06.003065,0.0,0.0,0.0
2022-01-14 20:00:06.506810,0.0,0.0,0.0
2022-01-14 20:00:07.003100,0.0,0.0,0.0
2022-01-14 20:00:07.508362,0.0,0.0,0.0
2022-01-14 20:00:08.009296,0.0,0.0,0.0
2022-01-14 20:00:08.503845,0.0,0.0,0.0
2022-01-14 20:00:09.001720,0.0,0.0,0.0
2022-01-14 20:00:09.506662,0.0,0.0,0.0
2022-01-14 20:00:10.004470,0.0,0.0,0.0
2022-01-14 20:00:10.510430,0.0,0.0,0.0
2022-01-14 20:00:11.008058,0.0,0.0,0.0
2022-01-14 20:00:11.503567,0.0,0.0,0.0
2022-01-14 20:00:12.003107,0.0,0.0,0.0
2022-01-14 20:00:12.508980,0.0,0.0,0.0
2022-01-14 20:00:13.005944,0.0,0.0,0.0
2022-01-14 20:00:13.510762,0.0,0.0,0.0
2022-01-14 20:00:14.008566,0.0,0.0,0.0
2022-01-14 20:00:14.503478,0.0,0.0,0.0
2022-01-14 20:00:15.002691,0.0,0.0,0.0
2022-01-14 20:00:15.507753,0.0,0.0,0.0
2022-01-14 20:00:16.006763,0.0,0.0,0.0
2022-01-14 20:00:16.504295,0.0,0.0,0.0
2022-01-14 20:00:17.001937,0.0,0.0,0.0
2022-01-14 20:00:17.508910,0.0,0.0,0.0
2022-01-14 20:00:18.006706,0.0,0.0,0.0
2022-01-14 20:00:18.511070,0.0,0.0,0.0
2022-01-14 20:00:19.007779,0.0,0.0,0.0
2022-01-14 20:00:19.502802,0.0,0.0,0.0
2022-01-14 20:00:20.009524,0.0,0.0,0.0
2022-01-14 20:00:20.505207,0.0,0.0,0.0
2022-01-14 20:00:21.002342,0.0,0.0,0.0
2022-01-14 20:00:21.506871,0.0,0.0,0.0
2022-01-14 20:00:22.003368,0.0,0.0,0.0
2022-01-14 20:00:22.507769,0.0,0.0,0.0
2022-01-14 20:00:23.005054,0.0,0.0,0.0
2022-01-14 20:00:23.509179,0.0,0.0,0.0
2022-01-14 20:00:24.006574,0.0,0.0,0.0
2022-01-14 20:00:24.501743,0.0,0.0,0.0
2022-01-14 20:00:25.010791,0.0,0.0,0.0
2022-01-14 20:00:25.506777,0.0,0.0,0.0
2022-01-14 20:00:26.005093,0.0,0.0,0.0
2022-01-14 20:00:26.501662,0.0,0.0,0.0
2022-01-14 20:00:27.008388,0.0,0.0,0.0
2022-01-14 20:00:27.503139,0.0,0.0,0.0
2022-01-14 20:00:28.001454,0.0,0.0,0.0
2022-01-14 20:00:28.507395,0.0,0.0,0.0
2022-01-14 20:00:29.005292,0.0,0.0,0.0
2022-01-14 20:00:29.501335,0.0,0.0,0.0
2022-01-14 20:00:30.010339,0.0,0.0,0.0
2022-01-14 20:00:30.505705,0.0,0.0,0.0
2022-01-14 20:00:31.004714,0.0,0.0,0.0
2022-01-14 20:00:31.501163,0.0,0.0,0.0
2022-01-14 20:00:32.009670,0.0,0.0,0.0
2022-01-14 20:00:32.505642,0.0,0.0,0.0
2022-01-14 20:00:33.004888,0.0,0.0,0.0
2022-01-14 20:00:33.504676,0.0,0.0,0.0
2022-01-14 20:00:34.003520,0.0,0.0,0.0
2022-01-14 20:00:34.508915,0.0,0.0,0.0
2022-01-14 20:00:35.008682,0.0,0.0,0.0
2022-01-14 20:00:35.502666,0.0,0.0,0.0
2022-01-14 20:00:36.001121,0.0,0.0,0.0
2022-01-14 20:00:36.508700,0.0,0.0,0.0
2022-01-14 20:00:37.006066,0.0,0.0,0.0
2022-01-14 20:00:37.509311,0.0,0.0,0.0
2022-01-14 20:00:38.009675,0.0,0.0,0.0
2022-01-14 20:00:38.506247,0.0,0.0,0.0
2022-01-14 20:00:39.005395,0.0,0.0,0.0
2022-01-14 20:00:39.510860,0.0,0.0,0.0
2022-01-14 20:00:40.009518,0.0,0.0,0.0
2022-01-14 20:00:40.502892,0.0,0.0,0.0
2022-01-14 20:00:41.010435,0.0,0.0,0.0
2022-01-14 20:00:41.504856,0.0,0.0,0.0
2022-01-14 20:00:42.001745,0.0,0.0,0.0
2022-01-14 20:00:42.508461,0.0,0.0,0.0
2022-01-14 20:00:43.005138,0.0,0.0,0.0
2022-01-14 20:00:43.511089,0.0,0.0,0.0
2022-01-14 20:00:44.008723,0.0,0.0,0.0
2022-01-14 20:00:44.503514,0.0,0.0,0.0
2022-01-14 20:00:45.001209,0.0,0.0,0.0
2022-01-14 20:00:45.506944,0.0,0.0,0.0
2022-01-14 20:00:46.005031,0.0,0.0,0.0
2022-01-14 20:00:46.510264,0.0,0.0,0.0
2022-01-14 20:00:47.008821,0.0,0.0,0.0
2022-01-14 20:00:47.503205,0.0,0.0,0.0
2022-01-14 20:00:48.002173,0.0,0.0,0.0
2022-01-14 20:00:48.507677,0.0,0.0,0.0
2022-01-14 20:00:49.006135,0.0,0.0,0.0
2022-01-14 20:00:49.501650,0.0,0.0,0.0
2022-01-14 20:00:50.010942,0.0,0.0,0.0
2022-01-14 20:00:50.504644,0.0,0.0,0.0
2022-01-14 20:00:51.001899,0.0,0.0,0.0
2022-01-14 20:00:51.507523,0.0,0.0,0.0
2022-01-14 20:00:52.006923,0.0,0.0,0.0
2022-01-14 20:00:52.501617,0.0,0.0,0.0
2022-01-14 20:00:53.008621,0.0,0.0,0.0
2022-01-14 20:00:53.504117,0.0,0.0,0.0
2022-01-14 20:00:54.001990,0.0,0.0,0.0
2022-01-14 20:00:54.505628,0.0,0.0,0.0
2022-01-14 20:00:55.003643,0.0,0.0,0.0
2022-01-14 20:00:55.508671,0.0,0.0,0.0
2022-01-14 20:00:56.007372,0.0,0.0,0.0
2022-01-14 20:00:56.501160,0.0,0.0,0.0
2022-01-14 20:00:57.006862,0.0,0.0,0.0
2022-01-14 20:00:57.510846,0.0,0.0,0.0
2022-01-14 20:00:58.008204,0.0,0.0,0.0
2022-01-14 20:00:58.503131,0.0,0.0,0.0
2022-01-14 20:00:59.011178,0.0,0.0,0.0
2022-01-14 20:00:59.505705,0.0,0.0,0.0
2022-01-14 20:01:00.004409,0.0,0.0,0.0
2022-01-14 20:01:00.507446,0.0,0.0,0.0
2022-01-14 20:01:01.003866,0.0,0.0,0.0
2022-01-14 20:01:01.508532,0.0,0.0,0.0
2022-01-14 20:01:02.006747,0.0,0.0,0.0
2022-01-14 20:01:02.501119,0.0,0.0,0.0
2022-01-14 20:01:03.009218,0.0,0.0,0.0
2022-01-14 20:01:03.504430,0.0,0.0,0.0
2022-01-14 20:01:04.001778,0.0,0.0,0.0
2022-01-14 20:01:04.507051,0.0,0.0,0.0
2022-01-14 20:01:05.004675,0.0,0.0,0.0
2022-01-14 20:01:05.508986,0.0,0.0,0.0
2022-01-14 20:01:06.006438,0.0,0.0,0.0
2022-01-14 20:01:06.501956,0.0,0.0,0.0
2022-01-14 20:01:07.010427,0.0,0.0,0.0
2022-01-14 20:01:07.504075,0.0,0.0,0.0
2022-01-14 20:01:08.001152,0.0,0.0,0.0
2022-01-14 20:01:08.506846,0.0,0.0,0.0
2022-01-14 20:01:09.007003,0.0,0.0,0.0
2022-01-14 20:01:09.503663,0.0,0.0,0.0
2022-01-14 20:01:10.010787,0.0,0.0,0.0
2022-01-14 20:01:10.507501,0.0,0.0,0.0
2022-01-14 20:01:11.005698,0.0,0.0,0.0
2022-01-14 20:01:11.510578,0.0,0.0,0.0
2022-01-14 20:01:12.010360,0.0,0.0,0.0
2022-01-14 20:01:12.504493,0.0,0.0,0.0
2022-01-14 20:01:13.001744,0.0,0.0,0.0
2022-01-14 20:01:13.509428,0.0,0.0,0.0
2022-01-14 20:01:14.009336,0.0,0.0,0.0
2022-01-14 20:01:14.504596,0.0,0.0,0.0
2022-01-14 20:01:15.005115,0.0,0.0,0.0
2022-01-14 20:01:15.510421,0.0,0.0,0.0
2022-01-14 20:01:16.008036,0.0,0.0,0.0
2022-01-14 20:01:16.501935,0.0,0.0,0.0
2022-01-14 20:01:17.010056,0.0,0.0,0.0
2022-01-14 20:01:17.506605,0.0,0.0,0.0
2022-01-14 20:01:18.005139,0.0,0.0,0.0
2022-01-14 20:01:18.509341,0.0,0.0,0.0
2022-01-14 20:01:19.007857,0.0,0.0,0.0
2022-01-14 20:01:19.500975,0.0,0.0,0.0
2022-01-14 20:01:20.008198,0.0,0.0,0.0
2022-01-14 20:01:20.502340,0.0,0.0,0.0
2022-01-14 20:01:21.009739,0.0,0.0,0.0
2022-01-14 20:01:21.503929,0.0,0.0,0.0
2022-01-14 20:01:22.010894,0.0,0.0,0.0
2022-01-14 20:01:22.507065,0.0,0.0,0.0
2022-01-14 20:01:23.004453,0.0,0.0,0.0
2022-01-14 20:01:23.508684,0.0,0.0,0.0
2022-01-14 20:01:24.006031,0.0,0.0,0.0
2022-01-14 20:01:24.511093,0.0,0.0,0.0
2022-01-14 20:01:25.000992,0.0,0.0,0.0
2022-01-14 20:01:25.507128,0.0,0.0,0.0
2022-01-14 20:01:26.002465,0.0,0.0,0.0
2022-01-14 20:01:26.507443,0.0,0.0,0.0
2022-01-14 20:01:27.005798,0.0,0.0,0.0
2022-01-14 20:01:27.504579,0.0,0.0,0.0
2022-01-14 20:01:28.003167,0.0,0.0,0.0
2022-01-14 20:01:28.507407,0.0,0.0,0.0
2022-01-14 20:01:29.004983,0.0,0.0,0.0
2022-01-14 20:01:29.509023,0.0,0.0,0.0
2022-01-14 20:01:30.008751,0.0,0.0,0.0
2022-01-14 20:01:30.504286,0.0,0.0,0.0
2022-01-14 20:01:31.002474,0.0,0.0,0.0
2022-01-14 20:01:31.508948,0.0,0.0,0.0
2022-01-14 20:01:32.007773,0.0,0.0,0.0
2022-01-14 20:01:32.501612,0.0,0.0,0.0
2022-01-14 20:01:33.010048,0.0,0.0,0.0
2022-01-14 20:01:33.504184,0.0,0.0,0.0
2022-01-14 20:01:34.002447,0.0,0.0,0.0
2022-01-14 20:01:34.508391,0.0,0.0,0.0
2022-01-14 20:01:35.006436,0.0,0.0,0.0
2022-01-14 20:01:35.501128,0.0,0.0,0.0
2022-01-14 20:01:36.009121,0.0,0.0,0.0
2022-01-14 20:01:36.507449,0.0,0.0,0.0
2022-01-14 20:01:37.005836,0.0,0.0,0.0
2022-01-14 20:01:37.510953,0.0,0.0,0.0
2022-01-14 20:01:38.009665,0.0,0.0,0.0
2022-01-14 20:01:38.505591,0.0,0.0,0.0
2022-01-14 20:01:39.004289,0.0,0.0,0.0
2022-01-14 20:01:39.508235,0.0,0.0,0.0
2022-01-14 20:01:40.006649,0.0,0.0,0.0
2022-01-14 20:01:40.501570,0.0,0.0,0.0
2022-01-14 20:01:41.009980,0.0,0.0,0.0
2022-01-14 20:01:41.504929,0.0,0.0,0.0
2022-01-14 20:01:42.003282,0.0,0.0,0.0
2022-01-14 20:01:42.507338,0.0,0.0,0.0
2022-01-14 20:01:43.004777,0.0,0.0,0.0
2022-01-14 20:01:43.509915,0.0,0.0,0.0
2022-01-14 20:01:44.007436,0.0,0.0,0.0
2022-01-14 20:01:44.501724,0.0,0.0,0.0
2022-01-14 20:01:45.001892,0.0,0.0,0.0
2022-01-14 20:01:45.510612,0.0,0.0,0.0
2022-01-14 20:01:46.009679,0.0,0.0,0.0
2022-01-14 20:01:46.504074,0.0,0.0,0.0
2022-01-14 20:01:47.002550,0.0,0.0,0.0
2022-01-14 20:01:47.508309,0.0,0.0,0.0
2022-01-14 20:01:48.005625,0.0,0.0,0.0
2022-01-14 20:01:48.510633,0.0,0.0,0.0
2022-01-14 20:01:49.009282,0.0,0.0,0.0
2022-01-14 20:01:49.505444,0.0,0.0,0.0
2022-01-14 20:01:50.004714,0.0,0.0,0.0
2022-01-14 20:01:50.502837,0.0,0.0,0.0
2022-01-14 20:01:51.001964,0.0,0.0,0.0
2022-01-14 20:01:51.506938,0.0,0.0,0.0
2022-01-14 20:01:52.006067,0.0,0.0,0.0
2022-01-14 20:01:52.501695,0.0,0.0,0.0
2022-01-14 20:01:53.009131,0.0,0.0,0.0
2022-01-14 20:01:53.503531,0.0,0.0,0.0
2022-01-14 20:01:54.010344,0.0,0.0,0.0
2022-01-14 20:01:54.507390,0.0,0.0,0.0
2022-01-14 20:01:55.004793,0.0,0.0,0.0
2022-01-14 20:01:55.509370,0.0,0.0,0.0
2022-01-14 20:01:56.006777,0.0,0.0,0.0
2022-01-14 20:01:56.501112,0.0,0.0,0.0
2022-01-14 20:01:57.010406,0.0,0.0,0.0
2022-01-14 20:01:57.508965,0.0,0.0,0.0
2022-01-14 20:01:58.006442,0.0,0.0,0.0
2022-01-14 20:01:58.501668,0.0,0.0,0.0
2022-01-14 20:01:59.009755,0.0,0.0,0.0
2022-01-14 20:01:59.504434,0.0,0.0,0.0
2022-01-14 20:02:00.001673,0.0,0.0,0.0
2022-01-14 20:02:00.506818,0.0,0.0,0.0
2022-01-14 20:02:01.004744,0.0,0.0,0.0
2022-01-14 20:02:01.509644,0.0,0.0,0.0
2022-01-14 20:02:02.009130,0.0,0.0,0.0
2022-01-14 20:02:02.506174,0.0,0.0,0.0
2022-01-14 20:02:03.004534,0.0,0.0,0.0
2022-01-14 20:02:03.509090,0.0,0.0,0.0
2022-01-14 20:02:04.008060,0.0,0.0,0.0
2022-01-14 20:02:04.502676,0.0,0.0,0.0
2022-01-14 20:02:05.010038,0.0,0.0,0.0
2022-01-14 20:02:05.504873,0.0,0.0,0.0
2022-01-14 20:02:06.002396,0.0,0.0,0.0
2022-01-14 20:02:06.508130,0.0,0.0,0.0
2022-01-14 20:02:07.006433,0.0,0.0,0.0
2022-01-14 20:02:07.501474,0.0,0.0,0.0
2022-01-14 20:02:08.009995,0.0,0.0,0.0
2022-01-14 20:02:08.505543,0.0,0.0,0.0
2022-01-14 20:02:09.002565,0.0,0.0,0.0
2022-01-14 20:02:09.507838,0.0,0.0,0.0
2022-01-14 20:02:10.004315,0.0,0.0,0.0
2022-01-14 20:02:10.509598,0.0,0.0,0.0
2022-01-14 20:02:11.007486,0.0,0.0,0.0
2022-01-14 20:02:11.502140,0.0,0.0,0.0
2022-01-14 20:02:12.010952,0.0,0.0,0.0
2022-01-14 20:02:12.506416,0.0,0.0,0.0
2022-01-14 20:02:13.004829,0.0,0.0,0.0
2022-01-14 20:02:13.509430,0.0,0.0,0.0
2022-01-14 20:02:14.007318,0.0,0.0,0.0
2022-01-14 20:02:14.501921,0.0,0.0,0.0
2022-01-14 20:02:15.009875,0.0,0.0,0.0
2022-01-14 20:02:15.505906,0.0,0.0,0.0
2022-01-14 20:02:16.004152,0.0,0.0,0.0
2022-01-14 20:02:16.509426,0.0,0.0,0.0
2022-01-14 20:02:17.004241,0.0,0.0,0.0
2022-01-14 20:02:17.507918,0.0,0.0,0.0
2022-01-14 20:02:18.005321,0.0,0.0,0.0
2022-01-14 20:02:18.510940,0.0,0.0,0.0
2022-01-14 20:02:19.009148,0.0,0.0,0.0
2022-01-14 20:02:19.503837,0.0,0.0,0.0
2022-01-14 20:02:20.002894,0.0,0.0,0.0
2022-01-14 20:02:20.508188,0.0,0.0,0.0
2022-01-14 20:02:21.005122,0.0,0.0,0.0
2022-01-14 20:02:21.510322,0.0,0.0,0.0
2022-01-14 20:02:22.007319,0.0,0.0,0.0
2022-01-14 20:02:22.502987,0.0,0.0,0.0
2022-01-14 20:02:23.009857,0.0,0.0,0.0
2022-01-14 20:02:23.505934,0.0,0.0,0.0
2022-01-14 20:02:24.005221,0.0,0.0,0.0
2022-01-14 20:02:24.502690,0.0,0.0,0.0
2022-01-14 20:02:25.010973,0.0,0.0,0.0
2022-01-14 20:02:25.505103,0.0,0.0,0.0
2022-01-14 20:02:26.002482,0.0,0.0,0.0
2022-01-14 20:02:26.508296,0.0,0.0,0.0
2022-01-14 20:02:27.006115,0.0,0.0,0.0
2022-01-14 20:02:27.510853,0.0,0.0,0.0
2022-01-14 20:02:28.008189,0.0,0.0,0.0
2022-01-14 20:02:28.503831,0.0,0.0,0.0
2022-01-14 20:02:29.007704,0.0,0.0,0.0
2022-01-14 20:02:29.502339,0.0,0.0,0.0
2022-01-14 20:02:30.001751,0.0,0.0,0.0
2022-01-14 20:02:30.505575,0.0,0.0,0.0
2022-01-14 20:02:31.005340,0.0,0.0,0.0
2022-01-14 20:02:31.510190,0.0,0.0,0.0
2022-01-14 20:02:32.008021,0.0,0.0,0.0
2022-01-14 20:02:32.502940,0.0,0.0,0.0
2022-01-14 20:02:33.010804,0.0,0.0,0.0
2022-01-14 20:02:33.506317,0.0,0.0,0.0
2022-01-14 20:02:34.003881,0.0,0.0,0.0
2022-01-14 20:02:34.508804,0.0,0.0,0.0
2022-01-14 20:02:35.008483,0.0,0.0,0.0
2022-01-14 20:02:35.502432,0.0,0.0,0.0
2022-01-14 20:02:36.010855,0.0,0.0,0.0
2022-01-14 20:02:36.505651,0.0,0.0,0.0
2022-01-14 20:02:37.004363,0.0,0.0,0.0
2022-01-14 20:02:37.508641,0.0,0.0,0.0
2022-01-14 20:02:38.008113,0.0,0.0,0.0
2022-01-14 20:02:38.503405,0.0,0.0,0.0
2022-01-14 20:02:39.001021,0.0,0.0,0.0
2022-01-14 20:02:39.506660,0.0,0.0,0.0
2022-01-14 20:02:40.004592,0.0,0.0,0.0
2022-01-14 20:02:40.510195,0.0,0.0,0.0
2022-01-14 20:02:41.007567,0.0,0.0,0.0
2022-01-14 20:02:41.501822,0.0,0.0,0.0
2022-01-14 20:02:42.010776,0.0,0.0,0.0
2022-01-14 20:02:42.507925,0.0,0.0,0.0
2022-01-14 20:02:43.005790,0.0,0.0,0.0
2022-01-14 20:02:43.502169,0.0,0.0,0.0
2022-01-14 20:02:44.002324,0.0,0.0,0.0
2022-01-14 20:02:44.507848,0.0,0.0,0.0
2022-01-14 20:02:45.006352,0.0,0.0,0.0
2022-01-14 20:02:45.510872,0.0,0.0,0.0
2022-01-14 20:02:46.008822,0.0,0.0,0.0
2022-01-14 20:02:46.504436,0.0,0.0,0.0
2022-01-14 20:02:47.002578,0.0,0.0,0.0
2022-01-14 20:02:47.506608,0.0,0.0,0.0
2022-01-14 20:02:48.004807,0.0,0.0,0.0
2022-01-14 20:02:48.503901,0.0,0.0,0.0
2022-01-14 20:02:49.000914,0.0,0.0,0.0
2022-01-14 20:02:49.505755,0.0,0.0,0.0
2022-01-14 20:02:50.005820,0.0,0.0,0.0
2022-01-14 20:02:50.500641,0.0,0.0,0.0
2022-01-14 20:02:51.007687,0.0,0.0,0.0
2022-01-14 20:02:51.509432,0.0,0.0,0.0
2022-01-14 20:02:52.007884,0.0,0.0,0.0
2022-01-14 20:02:52.503072,0.0,0.0,0.0
2022-01-14 20:02:53.001126,0.0,0.0,0.0
2022-01-14 20:02:53.505827,0.0,0.0,0.0
2022-01-14 20:02:54.003477,0.0,0.0,0.0
2022-01-14 20:02:54.510160,0.0,0.0,0.0
2022-01-14 20:02:55.008836,0.0,0.0,0.0
2022-01-14 20:02:55.507459,0.0,0.0,0.0
2022-01-14 20:02:56.006633,0.0,0.0,0.0
2022-01-14 20:02:56.510724,0.0,0.0,0.0
2022-01-14 20:02:57.009120,0.0,0.0,0.0
2022-01-14 20:02:57.502032,0.0,0.0,0.0
2022-01-14 20:02:58.001114,0.0,0.0,0.0
2022-01-14 20:02:58.506610,0.0,0.0,0.0
2022-01-14 20:02:59.003915,0.0,0.0,0.0
2022-01-14 20:02:59.508656,0.0,0.0,0.0
2022-01-14 20:03:00.005134,0.0,0.0,0.0
2022-01-14 20:03:00.503252,0.0,0.0,0.0
2022-01-14 20:03:01.010868,0.0,0.0,0.0
2022-01-14 20:03:01.504263,0.0,0.0,0.0
2022-01-14 20:03:02.001830,0.0,0.0,0.0
2022-01-14 20:03:02.507169,0.0,0.0,0.0
2022-01-14 20:03:03.004937,0.0,0.0,0.0
2022-01-14 20:03:03.509557,0.0,0.0,0.0
2022-01-14 20:03:04.008734,0.0,0.0,0.0
2022-01-14 20:03:04.505336,0.0,0.0,0.0
2022-01-14 20:03:05.004161,0.0,0.0,0.0
2022-01-14 20:03:05.509948,0.0,0.0,0.0
2022-01-14 20:03:06.008281,0.0,0.0,0.0
2022-01-14 20:03:06.502829,0.0,0.0,0.0
2022-01-14 20:03:07.010438,0.0,0.0,0.0
2022-01-14 20:03:07.503327,0.0,0.0,0.0
2022-01-14 20:03:08.001571,0.0,0.0,0.0
2022-01-14 20:03:08.506792,0.0,0.0,0.0
2022-01-14 20:03:09.004094,0.0,0.0,0.0
2022-01-14 20:03:09.508767,0.0,0.0,0.0
2022-01-14 20:03:10.004589,0.0,0.0,0.0
2022-01-14 20:03:10.509552,0.0,0.0,0.0
2022-01-14 20:03:11.008264,0.0,0.0,0.0
2022-01-14 20:03:11.502928,0.0,0.0,0.0
2022-01-14 20:03:12.001665,0.0,0.0,0.0
2022-01-14 20:03:12.506375,0.0,0.0,0.0
2022-01-14 20:03:13.005202,0.0,0.0,0.0
2022-01-14 20:03:13.501548,0.0,0.0,0.0
2022-01-14 20:03:14.010196,0.0,0.0,0.0
2022-01-14 20:03:14.505927,0.0,0.0,0.0
2022-01-14 20:03:15.006904,0.0,0.0,0.0
2022-01-14 20:03:15.503915,0.0,0.0,0.0
2022-01-14 20:03:16.003729,0.0,0.0,0.0
2022-01-14 20:03:16.509372,0.0,0.0,0.0
2022-01-14 20:03:17.006992,0.0,0.0,0.0
2022-01-14 20:03:17.503791,0.0,0.0,0.0
2022-01-14 20:03:18.001353,0.0,0.0,0.0
2022-01-14 20:03:18.505772,0.0,0.0,0.0
2022-01-14 20:03:19.004474,0.0,0.0,0.0
2022-01-14 20:03:19.509061,0.0,0.0,0.0
2022-01-14 20:03:20.008744,0.0,0.0,0.0
2022-01-14 20:03:20.503002,0.0,0.0,0.0
2022-01-14 20:03:21.001241,0.0,0.0,0.0
2022-01-14 20:03:21.506183,0.0,0.0,0.0
2022-01-14 20:03:22.006341,0.0,0.0,0.0
2022-01-14 20:03:22.504354,0.0,0.0,0.0
2022-01-14 20:03:23.005520,0.0,0.0,0.0
2022-01-14 20:03:23.510924,0.0,0.0,0.0
2022-01-14 20:03:24.008120,0.0,0.0,0.0
2022-01-14 20:03:24.502391,0.0,0.0,0.0
2022-01-14 20:03:25.505174,0.0,0.0,0.0
2022-01-14 20:03:26.002688,0.0,0.0,0.0
2022-01-14 20:03:26.507436,0.0,0.0,0.0
2022-01-14 20:03:27.007422,0.0,0.0,0.0
2022-01-14 20:03:27.502378,0.0,0.0,0.0
2022-01-14 20:03:28.001451,0.0,0.0,0.0
2022-01-14 20:03:28.506666,0.0,0.0,0.0
2022-01-14 20:03:29.004774,0.0,0.0,0.0
2022-01-14 20:03:29.509147,0.0,0.0,0.0
2022-01-14 20:03:30.008986,0.0,0.0,0.0
2022-01-14 20:03:30.503444,0.0,0.0,0.0
2022-01-14 20:03:31.010961,0.0,0.0,0.0
2022-01-14 20:03:31.507436,0.0,0.0,0.0
2022-01-14 20:03:32.007370,0.0,0.0,0.0
2022-01-14 20:03:32.504947,0.0,0.0,0.0
2022-01-14 20:03:33.002333,0.0,0.0,0.0
2022-01-14 20:03:33.505872,0.0,0.0,0.0
2022-01-14 20:03:34.003485,0.0,0.0,0.0
2022-01-14 20:03:34.507321,0.0,0.0,0.0
2022-01-14 20:03:35.005000,0.0,0.0,0.0
2022-01-14 20:03:35.509259,0.0,0.0,0.0
2022-01-14 20:03:36.008394,0.0,0.0,0.0
2022-01-14 20:03:36.502204,0.0,0.0,0.0
2022-01-14 20:03:37.010768,0.0,0.0,0.0
2022-01-14 20:03:37.505537,0.0,0.0,0.0
2022-01-14 20:03:38.004191,0.0,0.0,0.0
2022-01-14 20:03:38.509185,0.0,0.0,0.0
2022-01-14 20:03:39.005773,0.0,0.0,0.0
2022-01-14 20:03:39.505809,0.0,0.0,0.0
2022-01-14 20:03:40.003541,0.0,0.0,0.0
2022-01-14 20:03:40.510754,0.0,0.0,0.0
2022-01-14 20:03:41.007650,0.0,0.0,0.0
2022-01-14 20:03:42.005625,0.0,0.0,0.0
2022-01-14 20:03:42.501068,0.0,0.0,0.0
2022-01-14 20:03:43.007859,0.0,0.0,0.0
2022-01-14 20:03:43.502565,0.0,0.0,0.0
2022-01-14 20:03:44.009677,0.0,0.0,0.0
2022-01-14 20:03:44.505143,0.0,0.0,0.0
2022-01-14 20:03:45.002960,0.0,0.0,0.0
2022-01-14 20:03:45.508906,0.0,0.0,0.0
2022-01-14 20:03:46.006754,0.0,0.0,0.0
2022-01-14 20:03:46.502030,0.0,0.0,0.0
2022-01-14 20:03:47.009901,0.0,0.0,0.0
2022-01-14 20:03:47.504793,0.0,0.0,0.0
2022-01-14 20:03:48.002288,0.0,0.0,0.0
2022-01-14 20:03:48.507415,0.0,0.0,0.0
2022-01-14 20:03:49.004921,0.0,0.0,0.0
2022-01-14 20:03:49.510276,0.0,0.0,0.0
2022-01-14 20:03:50.009275,0.0,0.0,0.0
2022-01-14 20:03:50.503540,0.0,0.0,0.0
2022-01-14 20:03:51.001370,0.0,0.0,0.0
2022-01-14 20:03:51.510501,0.0,0.0,0.0
2022-01-14 20:03:52.009272,0.0,0.0,0.0
2022-01-14 20:03:52.503152,0.0,0.0,0.0
2022-01-14 20:03:53.010352,0.0,0.0,0.0
2022-01-14 20:03:53.505396,0.0,0.0,0.0
2022-01-14 20:03:54.003495,0.0,0.0,0.0
2022-01-14 20:03:54.509469,0.0,0.0,0.0
2022-01-14 20:03:55.007390,0.0,0.0,0.0
2022-01-14 20:03:55.501893,0.0,0.0,0.0
2022-01-14 20:03:56.001807,0.0,0.0,0.0
2022-01-14 20:03:56.507601,0.0,0.0,0.0
2022-01-14 20:03:57.005105,0.0,0.0,0.0
2022-01-14 20:03:57.510176,0.0,0.0,0.0
2022-01-14 20:03:58.008991,0.0,0.0,0.0
2022-01-14 20:03:58.503120,0.0,0.0,0.0
2022-01-14 20:03:59.004290,0.0,0.0,0.0
2022-01-14 20:03:59.509563,0.0,0.0,0.0
2022-01-14 20:04:00.008876,0.0,0.0,0.0
2022-01-14 20:04:00.502632,0.0,0.0,0.0
2022-01-14 20:04:01.009598,0.0,0.0,0.0
2022-01-14 20:04:01.503363,0.0,0.0,0.0
2022-01-14 20:04:02.001907,0.0,0.0,0.0
2022-01-14 20:04:02.506892,0.0,0.0,0.0
2022-01-14 20:04:03.005071,0.0,0.0,0.0
2022-01-14 20:04:03.510294,0.0,0.0,0.0
2022-01-14 20:04:04.007810,0.0,0.0,0.0
2022-01-14 20:04:04.502230,0.0,0.0,0.0
2022-01-14 20:04:05.009900,0.0,0.0,0.0
2022-01-14 20:04:05.505554,0.0,0.0,0.0
2022-01-14 20:04:06.003374,0.0,0.0,0.0
2022-01-14 20:04:06.508947,0.0,0.0,0.0
2022-01-14 20:04:07.005481,0.0,0.0,0.0
2022-01-14 20:04:07.502540,0.0,0.0,0.0
2022-01-14 20:04:08.010924,0.0,0.0,0.0
2022-01-14 20:04:08.504120,0.0,0.0,0.0
2022-01-14 20:04:09.002168,0.0,0.0,0.0
2022-01-14 20:04:09.505132,0.0,0.0,0.0
2022-01-14 20:04:10.003351,0.0,0.0,0.0
2022-01-14 20:04:10.509103,0.0,0.0,0.0
2022-01-14 20:04:11.005486,0.0,0.0,0.0
2022-01-14 20:04:11.510815,0.0,0.0,0.0
2022-01-14 20:04:12.011029,0.0,0.0,0.0
2022-01-14 20:04:12.505647,0.0,0.0,0.0
2022-01-14 20:04:13.002378,0.0,0.0,0.0
2022-01-14 20:04:13.506535,0.0,0.0,0.0
2022-01-14 20:04:14.004713,0.0,0.0,0.0
2022-01-14 20:04:14.509161,0.0,0.0,0.0
2022-01-14 20:04:15.006166,0.0,0.0,0.0
2022-01-14 20:04:15.510637,0.0,0.0,0.0
2022-01-14 20:04:16.007389,0.0,0.0,0.0
2022-01-14 20:04:16.502949,0.0,0.0,0.0
2022-01-14 20:04:17.001329,0.0,0.0,0.0
2022-01-14 20:04:17.506071,0.0,0.0,0.0
2022-01-14 20:04:18.004330,0.0,0.0,0.0
2022-01-14 20:04:18.508738,0.0,0.0,0.0
2022-01-14 20:04:19.006802,0.0,0.0,0.0
2022-01-14 20:04:19.501800,0.0,0.0,0.0
2022-01-14 20:04:20.002304,0.0,0.0,0.0
2022-01-14 20:04:20.509050,0.0,0.0,0.0
2022-01-14 20:04:21.008197,0.0,0.0,0.0
2022-01-14 20:04:21.502289,0.0,0.0,0.0
2022-01-14 20:04:22.001085,0.0,0.0,0.0
2022-01-14 20:04:22.505296,0.0,0.0,0.0
2022-01-14 20:04:23.003830,0.0,0.0,0.0
2022-01-14 20:04:23.509173,0.0,0.0,0.0
2022-01-14 20:04:24.008571,0.0,0.0,0.0
2022-01-14 20:04:24.503102,0.0,0.0,0.0
2022-01-14 20:04:25.004336,0.0,0.0,0.0
2022-01-14 20:04:25.502749,0.0,0.0,0.0
2022-01-14 20:04:26.008170,0.0,0.0,0.0
2022-01-14 20:04:26.502177,0.0,0.0,0.0
2022-01-14 20:04:27.001545,0.0,0.0,0.0
2022-01-14 20:04:27.506688,0.0,0.0,0.0
2022-01-14 20:04:28.005731,0.0,0.0,0.0
2022-01-14 20:04:28.511130,0.0,0.0,0.0
2022-01-14 20:04:29.008705,0.0,0.0,0.0
2022-01-14 20:04:29.503631,0.0,0.0,0.0
2022-01-14 20:04:30.003090,0.0,0.0,0.0
2022-01-14 20:04:30.508540,0.0,0.0,0.0
2022-01-14 20:04:31.007122,0.0,0.0,0.0
2022-01-14 20:04:31.502563,0.0,0.0,0.0
2022-01-14 20:04:32.011011,0.0,0.0,0.0
2022-01-14 20:04:32.506928,0.0,0.0,0.0
2022-01-14 20:04:33.004642,0.0,0.0,0.0
2022-01-14 20:04:33.509028,0.0,0.0,0.0
2022-01-14 20:04:34.007262,0.0,0.0,0.0
2022-01-14 20:04:34.504227,0.0,0.0,0.0
2022-01-14 20:04:35.003010,0.0,0.0,0.0
2022-01-14 20:04:35.504989,0.0,0.0,0.0
2022-01-14 20:04:36.002319,0.0,0.0,0.0
2022-01-14 20:04:36.507906,0.0,0.0,0.0
2022-01-14 20:04:37.005774,0.0,0.0,0.0
2022-01-14 20:04:38.005089,0.0,0.0,0.0
2022-01-14 20:04:38.511106,0.0,0.0,0.0
2022-01-14 20:04:39.009197,0.0,0.0,0.0
2022-01-14 20:04:39.504416,0.0,0.0,0.0
2022-01-14 20:04:40.001697,0.0,0.0,0.0
2022-01-14 20:04:40.506315,0.0,0.0,0.0
2022-01-14 20:04:41.004217,0.0,0.0,0.0
2022-01-14 20:04:41.510004,0.0,0.0,0.0
2022-01-14 20:04:42.009189,0.0,0.0,0.0
2022-01-14 20:04:42.505404,0.0,0.0,0.0
2022-01-14 20:04:43.006735,0.0,0.0,0.0
2022-01-14 20:04:43.504574,0.0,0.0,0.0
2022-01-14 20:04:44.002033,0.0,0.0,0.0
2022-01-14 20:04:44.506946,0.0,0.0,0.0
2022-01-14 20:04:45.005624,0.0,0.0,0.0
2022-01-14 20:04:45.510847,0.0,0.0,0.0
2022-01-14 20:04:46.007911,0.0,0.0,0.0
2022-01-14 20:04:46.502863,0.0,0.0,0.0
2022-01-14 20:04:47.010699,0.0,0.0,0.0
2022-01-14 20:04:47.507529,0.0,0.0,0.0
2022-01-14 20:04:48.006182,0.0,0.0,0.0
2022-01-14 20:04:48.501848,0.0,0.0,0.0
2022-01-14 20:04:49.010234,0.0,0.0,0.0
2022-01-14 20:04:49.506543,0.0,0.0,0.0
2022-01-14 20:04:50.004773,0.0,0.0,0.0
2022-01-14 20:04:50.508872,0.0,0.0,0.0
2022-01-14 20:04:51.005620,0.0,0.0,0.0
2022-01-14 20:04:51.510965,0.0,0.0,0.0
2022-01-14 20:04:52.007915,0.0,0.0,0.0
2022-01-14 20:04:52.505417,0.0,0.0,0.0
2022-01-14 20:04:53.004384,0.0,0.0,0.0
2022-01-14 20:04:53.509391,0.0,0.0,0.0
2022-01-14 20:04:54.007583,0.0,0.0,0.0
2022-01-14 20:04:54.502291,0.0,0.0,0.0
2022-01-14 20:04:55.001354,0.0,0.0,0.0
2022-01-14 20:04:55.507864,0.0,0.0,0.0
2022-01-14 20:04:56.005673,0.0,0.0,0.0
2022-01-14 20:04:56.501828,0.0,0.0,0.0
2022-01-14 20:04:57.009297,0.0,0.0,0.0
2022-01-14 20:04:57.504683,0.0,0.0,0.0
2022-01-14 20:04:58.004543,0.0,0.0,0.0
2022-01-14 20:04:58.509333,0.0,0.0,0.0
2022-01-14 20:04:59.007165,0.0,0.0,0.0
2022-01-14 20:04:59.502886,0.0,0.0,0.0
2022-01-14 20:05:00.010328,0.0,0.0,0.0
2022-01-14 20:05:00.504014,0.0,0.0,0.0
2022-01-14 20:05:01.001329,0.0,0.0,0.0
2022-01-14 20:05:01.506220,0.0,0.0,0.0
2022-01-14 20:05:02.005363,0.0,0.0,0.0
2022-01-14 20:05:02.505112,0.0,0.0,0.0
2022-01-14 20:05:03.002771,0.0,0.0,0.0
2022-01-14 20:05:03.506943,0.0,0.0,0.0
2022-01-14 20:05:04.005008,0.0,0.0,0.0
2022-01-14 20:05:04.510888,0.0,0.0,0.0
2022-01-14 20:05:05.008838,0.0,0.0,0.0
2022-01-14 20:05:05.504932,0.0,0.0,0.0
2022-01-14 20:05:06.001865,0.0,0.0,0.0
2022-01-14 20:05:06.506784,0.0,0.0,0.0
2022-01-14 20:05:07.003583,0.0,0.0,0.0
2022-01-14 20:05:07.509837,0.0,0.0,0.0
2022-01-14 20:05:08.007878,0.0,0.0,0.0
2022-01-14 20:05:09.004650,0.0,0.0,0.0
2022-01-14 20:05:09.502193,0.0,0.0,0.0
2022-01-14 20:05:10.009763,0.0,0.0,0.0
2022-01-14 20:05:10.501108,0.0,0.0,0.0
2022-01-14 20:05:11.009612,0.0,0.0,0.0
2022-01-14 20:05:11.503864,0.0,0.0,0.0
2022-01-14 20:05:12.002492,0.0,0.0,0.0
2022-01-14 20:05:12.508256,0.0,0.0,0.0
2022-01-14 20:05:13.009768,0.0,0.0,0.0
2022-01-14 20:05:13.506005,0.0,0.0,0.0
2022-01-14 20:05:14.005809,0.0,0.0,0.0
2022-01-14 20:05:14.509669,0.0,0.0,0.0
2022-01-14 20:05:15.010519,0.0,0.0,0.0
2022-01-14 20:05:15.504673,0.0,0.0,0.0
2022-01-14 20:05:16.001578,0.0,0.0,0.0
2022-01-14 20:05:16.506701,0.0,0.0,0.0
2022-01-14 20:05:17.004125,0.0,0.0,0.0
2022-01-14 20:05:17.510261,0.0,0.0,0.0
2022-01-14 20:05:18.008759,0.0,0.0,0.0
2022-01-14 20:05:18.506516,0.0,0.0,0.0
2022-01-14 20:05:19.004488,0.0,0.0,0.0
2022-01-14 20:05:19.509856,0.0,0.0,0.0
2022-01-14 20:05:20.009344,0.0,0.0,0.0
2022-01-14 20:05:20.505039,0.0,0.0,0.0
2022-01-14 20:05:21.002909,0.0,0.0,0.0
2022-01-14 20:05:21.508641,0.0,0.0,0.0
2022-01-14 20:05:22.006295,0.0,0.0,0.0
2022-01-14 20:05:22.501988,0.0,0.0,0.0
2022-01-14 20:05:23.001552,0.0,0.0,0.0
2022-01-14 20:05:23.507643,0.0,0.0,0.0
2022-01-14 20:05:24.005574,0.0,0.0,0.0
2022-01-14 20:05:25.005722,0.0,0.0,0.0
2022-01-14 20:05:25.501454,0.0,0.0,0.0
2022-01-14 20:05:26.009691,0.0,0.0,0.0
2022-01-14 20:05:26.504150,0.0,0.0,0.0
2022-01-14 20:05:27.001769,0.0,0.0,0.0
2022-01-14 20:05:27.508973,0.0,0.0,0.0
2022-01-14 20:05:28.006992,0.0,0.0,0.0
2022-01-14 20:05:28.501237,0.0,0.0,0.0
2022-01-14 20:05:29.009810,0.0,0.0,0.0
2022-01-14 20:05:29.504899,0.0,0.0,0.0
2022-01-14 20:05:30.002159,0.0,0.0,0.0
2022-01-14 20:05:30.508341,0.0,0.0,0.0
2022-01-14 20:05:31.006423,0.0,0.0,0.0
2022-01-14 20:05:31.502306,0.0,0.0,0.0
2022-01-14 20:05:32.002252,0.0,0.0,0.0
2022-01-14 20:05:32.508655,0.0,0.0,0.0
2022-01-14 20:05:33.006681,0.0,0.0,0.0
2022-01-14 20:05:33.502690,0.0,0.0,0.0
2022-01-14 20:05:34.010496,0.0,0.0,0.0
2022-01-14 20:05:34.505867,0.0,0.0,0.0
2022-01-14 20:05:35.003781,0.0,0.0,0.0
2022-01-14 20:05:35.507411,0.0,0.0,0.0
2022-01-14 20:05:36.005952,0.0,0.0,0.0
2022-01-14 20:05:36.511165,0.0,0.0,0.0
2022-01-14 20:05:37.007884,0.0,0.0,0.0
2022-01-14 20:05:37.504169,0.0,0.0,0.0
2022-01-14 20:05:38.001385,0.0,0.0,0.0
2022-01-14 20:05:38.505512,0.0,0.0,0.0
2022-01-14 20:05:39.002707,0.0,0.0,0.0
2022-01-14 20:05:39.507856,0.0,0.0,0.0
2022-01-14 20:05:40.005688,0.0,0.0,0.0
2022-01-14 20:05:40.501596,0.0,0.0,0.0
2022-01-14 20:05:41.010420,0.0,0.0,0.0
2022-01-14 20:05:41.506092,0.0,0.0,0.0
2022-01-14 20:05:42.004111,0.0,0.0,0.0
2022-01-14 20:05:42.510272,0.0,0.0,0.0
2022-01-14 20:05:43.007237,0.0,0.0,0.0
2022-01-14 20:05:43.501083,0.0,0.0,0.0
2022-01-14 20:05:44.009245,0.0,0.0,0.0
2022-01-14 20:05:44.504908,0.0,0.0,0.0
2022-01-14 20:05:45.001896,0.0,0.0,0.0
2022-01-14 20:05:45.506950,0.0,0.0,0.0
2022-01-14 20:05:46.004562,0.0,0.0,0.0
2022-01-14 20:05:46.501755,0.0,0.0,0.0
2022-01-14 20:05:47.504460,0.0,0.0,0.0
2022-01-14 20:05:48.002973,0.0,0.0,0.0
2022-01-14 20:05:48.508765,0.0,0.0,0.0
2022-01-14 20:05:49.006538,0.0,0.0,0.0
2022-01-14 20:05:49.502249,0.0,0.0,0.0
2022-01-14 20:05:50.001316,0.0,0.0,0.0
2022-01-14 20:05:50.506162,0.0,0.0,0.0
2022-01-14 20:05:51.005565,0.0,0.0,0.0
2022-01-14 20:05:51.503096,0.0,0.0,0.0
2022-01-14 20:05:52.010998,0.0,0.0,0.0
2022-01-14 20:05:52.505835,0.0,0.0,0.0
2022-01-14 20:05:53.004107,0.0,0.0,0.0
2022-01-14 20:05:53.509469,0.0,0.0,0.0
2022-01-14 20:05:54.007030,0.0,0.0,0.0
2022-01-14 20:05:54.502534,0.0,0.0,0.0
2022-01-14 20:05:55.011048,0.0,0.0,0.0
2022-01-14 20:05:55.505688,0.0,0.0,0.0
2022-01-14 20:05:56.004731,0.0,0.0,0.0
2022-01-14 20:05:56.504971,0.0,0.0,0.0
2022-01-14 20:05:57.008985,0.0,0.0,0.0
2022-01-14 20:05:57.504753,0.0,0.0,0.0
2022-01-14 20:05:58.003810,0.0,0.0,0.0
2022-01-14 20:05:58.507869,0.0,0.0,0.0
2022-01-14 20:05:59.005575,0.0,0.0,0.0
2022-01-14 20:05:59.509717,0.0,0.0,0.0
2022-01-14 20:06:00.006861,0.0,0.0,0.0
2022-01-14 20:06:00.502765,0.0,0.0,0.0
2022-01-14 20:06:01.010880,0.0,0.0,0.0
2022-01-14 20:06:01.507114,0.0,0.0,0.0
2022-01-14 20:06:02.004857,0.0,0.0,0.0
2022-01-14 20:06:02.508790,0.0,0.0,0.0
2022-01-14 20:06:03.006122,0.0,0.0,0.0
2022-01-14 20:06:03.502264,0.0,0.0,0.0
2022-01-14 20:06:04.010724,0.0,0.0,0.0
2022-01-14 20:06:04.507505,0.0,0.0,0.0
2022-01-14 20:06:05.004982,0.0,0.0,0.0
2022-01-14 20:06:05.501059,0.0,0.0,0.0
2022-01-14 20:06:06.010088,0.0,0.0,0.0
2022-01-14 20:06:06.505111,0.0,0.0,0.0
2022-01-14 20:06:07.001245,0.0,0.0,0.0
2022-01-14 20:06:07.507350,0.0,0.0,0.0
2022-01-14 20:06:08.005388,0.0,0.0,0.0
2022-01-14 20:06:08.510927,0.0,0.0,0.0
2022-01-14 20:06:09.008173,0.0,0.0,0.0
2022-01-14 20:06:09.502345,0.0,0.0,0.0
2022-01-14 20:06:10.002414,0.0,0.0,0.0
2022-01-14 20:06:10.505794,0.0,0.0,0.0
2022-01-14 20:06:11.005250,0.0,0.0,0.0
2022-01-14 20:06:11.510412,0.0,0.0,0.0
2022-01-14 20:06:12.008195,0.0,0.0,0.0
2022-01-14 20:06:12.503386,0.0,0.0,0.0
2022-01-14 20:06:13.002468,0.0,0.0,0.0
2022-01-14 20:06:13.507464,0.0,0.0,0.0
2022-01-14 20:06:14.005073,0.0,0.0,0.0
2022-01-14 20:06:14.510602,0.0,0.0,0.0
2022-01-14 20:06:15.007683,0.0,0.0,0.0
2022-01-14 20:06:15.501916,0.0,0.0,0.0
2022-01-14 20:06:16.011168,0.0,0.0,0.0
2022-01-14 20:06:16.505667,0.0,0.0,0.0
2022-01-14 20:06:17.004512,0.0,0.0,0.0
2022-01-14 20:06:17.510744,0.0,0.0,0.0
2022-01-14 20:06:18.008034,0.0,0.0,0.0
2022-01-14 20:06:18.502591,0.0,0.0,0.0
2022-01-14 20:06:19.010844,0.0,0.0,0.0
2022-01-14 20:06:19.504733,0.0,0.0,0.0
2022-01-14 20:06:20.002653,0.0,0.0,0.0
2022-01-14 20:06:20.509106,0.0,0.0,0.0
2022-01-14 20:06:21.005089,0.0,0.0,0.0
2022-01-14 20:06:21.510509,0.0,0.0,0.0
2022-01-14 20:06:22.010626,0.0,0.0,0.0
2022-01-14 20:06:22.505514,0.0,0.0,0.0
2022-01-14 20:06:23.002282,0.0,0.0,0.0
2022-01-14 20:06:23.506201,0.0,0.0,0.0
2022-01-14 20:06:24.004498,0.0,0.0,0.0
2022-01-14 20:06:24.510244,0.0,0.0,0.0
2022-01-14 20:06:25.009072,0.0,0.0,0.0
2022-01-14 20:06:25.502468,0.0,0.0,0.0
2022-01-14 20:06:26.001695,0.0,0.0,0.0
2022-01-14 20:06:26.509151,0.0,0.0,0.0
2022-01-14 20:06:27.007149,0.0,0.0,0.0
2022-01-14 20:06:27.502086,0.0,0.0,0.0
2022-01-14 20:06:28.011133,0.0,0.0,0.0
2022-01-14 20:06:28.505509,0.0,0.0,0.0
2022-01-14 20:06:29.004952,0.0,0.0,0.0
2022-01-14 20:06:29.510279,0.0,0.0,0.0
2022-01-14 20:06:30.008940,0.0,0.0,0.0
2022-01-14 20:06:30.503178,0.0,0.0,0.0
2022-01-14 20:06:31.001690,0.0,0.0,0.0
2022-01-14 20:06:31.507803,0.0,0.0,0.0
2022-01-14 20:06:32.003780,0.0,0.0,0.0
2022-01-14 20:06:32.509318,0.0,0.0,0.0
2022-01-14 20:06:33.008842,0.0,0.0,0.0
2022-01-14 20:06:33.504070,0.0,0.0,0.0
2022-01-14 20:06:34.001656,0.0,0.0,0.0
2022-01-14 20:06:34.507013,0.0,0.0,0.0
2022-01-14 20:06:35.006207,0.0,0.0,0.0
2022-01-14 20:06:35.503982,0.0,0.0,0.0
2022-01-14 20:06:36.003452,0.0,0.0,0.0
2022-01-14 20:06:36.507148,0.0,0.0,0.0
2022-01-14 20:06:37.004493,0.0,0.0,0.0
2022-01-14 20:06:37.510242,0.0,0.0,0.0
2022-01-14 20:06:38.008733,0.0,0.0,0.0
2022-01-14 20:06:38.503336,0.0,0.0,0.0
2022-01-14 20:06:39.001207,0.0,0.0,0.0
2022-01-14 20:06:39.507380,0.0,0.0,0.0
2022-01-14 20:06:40.006696,0.0,0.0,0.0
2022-01-14 20:06:40.511068,0.0,0.0,0.0
2022-01-14 20:06:41.008694,0.0,0.0,0.0
2022-01-14 20:06:41.503418,0.0,0.0,0.0
2022-01-14 20:06:42.001194,0.0,0.0,0.0
2022-01-14 20:06:42.505533,0.0,0.0,0.0
2022-01-14 20:06:43.004781,0.0,0.0,0.0
2022-01-14 20:06:43.509175,0.0,0.0,0.0
2022-01-14 20:06:44.007877,0.0,0.0,0.0
2022-01-14 20:06:44.503437,0.0,0.0,0.0
2022-01-14 20:06:45.011095,0.0,0.0,0.0
2022-01-14 20:06:45.504667,0.0,0.0,0.0
2022-01-14 20:06:46.001409,0.0,0.0,0.0
2022-01-14 20:06:46.505807,0.0,0.0,0.0
2022-01-14 20:06:47.005362,0.0,0.0,0.0
2022-01-14 20:06:47.501102,0.0,0.0,0.0
2022-01-14 20:06:48.009163,0.0,0.0,0.0
2022-01-14 20:06:48.506842,0.0,0.0,0.0
2022-01-14 20:06:49.005767,0.0,0.0,0.0
2022-01-14 20:06:49.510849,0.0,0.0,0.0
2022-01-14 20:06:50.009149,0.0,0.0,0.0
2022-01-14 20:06:50.504597,0.0,0.0,0.0
2022-01-14 20:06:51.002349,0.0,0.0,0.0
2022-01-14 20:06:51.506986,0.0,0.0,0.0
2022-01-14 20:06:52.004789,0.0,0.0,0.0
2022-01-14 20:06:52.510235,0.0,0.0,0.0
2022-01-14 20:06:53.008801,0.0,0.0,0.0
2022-01-14 20:06:53.501632,0.0,0.0,0.0
2022-01-14 20:06:54.009902,0.0,0.0,0.0
2022-01-14 20:06:54.504527,0.0,0.0,0.0
2022-01-14 20:06:55.505045,0.0,0.0,0.0
2022-01-14 20:06:56.003895,0.0,0.0,0.0
2022-01-14 20:06:56.510177,0.0,0.0,0.0
2022-01-14 20:06:57.008911,0.0,0.0,0.0
2022-01-14 20:06:57.502805,0.0,0.0,0.0
2022-01-14 20:06:58.001579,0.0,0.0,0.0
2022-01-14 20:06:58.505895,0.0,0.0,0.0
2022-01-14 20:06:59.003841,0.0,0.0,0.0
2022-01-14 20:06:59.507391,0.0,0.0,0.0
2022-01-14 20:07:00.004899,0.0,0.0,0.0
2022-01-14 20:07:00.508975,0.0,0.0,0.0
2022-01-14 20:07:01.005280,0.0,0.0,0.0
2022-01-14 20:07:01.510300,0.0,0.0,0.0
2022-01-14 20:07:02.009072,0.0,0.0,0.0
2022-01-14 20:07:02.504584,0.0,0.0,0.0
2022-01-14 20:07:03.002049,0.0,0.0,0.0
2022-01-14 20:07:03.506667,0.0,0.0,0.0
2022-01-14 20:07:04.005146,0.0,0.0,0.0
2022-01-14 20:07:04.510194,0.0,0.0,0.0
2022-01-14 20:07:05.009654,0.0,0.0,0.0
2022-01-14 20:07:05.503981,0.0,0.0,0.0
2022-01-14 20:07:06.011167,0.0,0.0,0.0
2022-01-14 20:07:06.508158,0.0,0.0,0.0
2022-01-14 20:07:07.005852,0.0,0.0,0.0
2022-01-14 20:07:07.511154,0.0,0.0,0.0
2022-01-14 20:07:08.008153,0.0,0.0,0.0
2022-01-14 20:07:08.503117,0.0,0.0,0.0
2022-01-14 20:07:09.001039,0.0,0.0,0.0
2022-01-14 20:07:09.505417,0.0,0.0,0.0
2022-01-14 20:07:10.002574,0.0,0.0,0.0
2022-01-14 20:07:10.504795,0.0,0.0,0.0
2022-01-14 20:07:11.004132,0.0,0.0,0.0
2022-01-14 20:07:11.509745,0.0,0.0,0.0
2022-01-14 20:07:12.006615,0.0,0.0,0.0
2022-01-14 20:07:12.501139,0.0,0.0,0.0
2022-01-14 20:07:13.008963,0.0,0.0,0.0
2022-01-14 20:07:13.503322,0.0,0.0,0.0
2022-01-14 20:07:14.001436,0.0,0.0,0.0
2022-01-14 20:07:14.507994,0.0,0.0,0.0
2022-01-14 20:07:15.006757,0.0,0.0,0.0
2022-01-14 20:07:15.505249,0.0,0.0,0.0
2022-01-14 20:07:16.005083,0.0,0.0,0.0
2022-01-14 20:07:16.510847,0.0,0.0,0.0
2022-01-14 20:07:17.010571,0.0,0.0,0.0
2022-01-14 20:07:17.506585,0.0,0.0,0.0
2022-01-14 20:07:18.005748,0.0,0.0,0.0
2022-01-14 20:07:18.511302,0.0,0.0,0.0
2022-01-14 20:07:19.009399,0.0,0.0,0.0
2022-01-14 20:07:19.505283,0.0,0.0,0.0
2022-01-14 20:07:20.003910,0.0,0.0,0.0
2022-01-14 20:07:20.509215,0.0,0.0,0.0
2022-01-14 20:07:21.007475,0.0,0.0,0.0
2022-01-14 20:07:21.504943,0.0,0.0,0.0
2022-01-14 20:07:22.004298,0.0,0.0,0.0
2022-01-14 20:07:22.507166,0.0,0.0,0.0
2022-01-14 20:07:23.006187,0.0,0.0,0.0
2022-01-14 20:07:23.501582,0.0,0.0,0.0
2022-01-14 20:07:24.009684,0.0,0.0,0.0
2022-01-14 20:07:24.505192,0.0,0.0,0.0
2022-01-14 20:07:25.002530,0.0,0.0,0.0
2022-01-14 20:07:25.507889,0.0,0.0,0.0
2022-01-14 20:07:26.006371,0.0,0.0,0.0
2022-01-14 20:07:26.511054,0.0,0.0,0.0
2022-01-14 20:07:27.009789,0.0,0.0,0.0
2022-01-14 20:07:27.504215,0.0,0.0,0.0
2022-01-14 20:07:28.010939,0.0,0.0,0.0
2022-01-14 20:07:28.507738,0.0,0.0,0.0
2022-01-14 20:07:29.005631,0.0,0.0,0.0
2022-01-14 20:07:29.510262,0.0,0.0,0.0
2022-01-14 20:07:30.008511,0.0,0.0,0.0
2022-01-14 20:07:30.503760,0.0,0.0,0.0
2022-01-14 20:07:31.001293,0.0,0.0,0.0
2022-01-14 20:07:31.506559,0.0,0.0,0.0
2022-01-14 20:07:32.005175,0.0,0.0,0.0
2022-01-14 20:07:32.511353,0.0,0.0,0.0
2022-01-14 20:07:33.010914,0.0,0.0,0.0
2022-01-14 20:07:33.505744,0.0,0.0,0.0
2022-01-14 20:07:34.002163,0.0,0.0,0.0
2022-01-14 20:07:34.507701,0.0,0.0,0.0
2022-01-14 20:07:35.005455,0.0,0.0,0.0
2022-01-14 20:07:35.510852,0.0,0.0,0.0
2022-01-14 20:07:36.008696,0.0,0.0,0.0
2022-01-14 20:07:36.502952,0.0,0.0,0.0
2022-01-14 20:07:37.010765,0.0,0.0,0.0
2022-01-14 20:07:37.506847,0.0,0.0,0.0
2022-01-14 20:07:38.005086,0.0,0.0,0.0
2022-01-14 20:07:38.508911,0.0,0.0,0.0
2022-01-14 20:07:39.006931,0.0,0.0,0.0
2022-01-14 20:07:39.511191,0.0,0.0,0.0
2022-01-14 20:07:40.011348,0.0,0.0,0.0
2022-01-14 20:07:40.505673,0.0,0.0,0.0
2022-01-14 20:07:41.004027,0.0,0.0,0.0
2022-01-14 20:07:41.509099,0.0,0.0,0.0
2022-01-14 20:07:42.006368,0.0,0.0,0.0
2022-01-14 20:07:43.004670,0.0,0.0,0.0
2022-01-14 20:07:43.508621,0.0,0.0,0.0
2022-01-14 20:07:44.005179,0.0,0.0,0.0
2022-01-14 20:07:44.508399,0.0,0.0,0.0
2022-01-14 20:07:45.007045,0.0,0.0,0.0
2022-01-14 20:07:45.503185,0.0,0.0,0.0
2022-01-14 20:07:46.011038,0.0,0.0,0.0
2022-01-14 20:07:46.503471,0.0,0.0,0.0
2022-01-14 20:07:47.001827,0.0,0.0,0.0
2022-01-14 20:07:47.504752,0.0,0.0,0.0
2022-01-14 20:07:48.002326,0.0,0.0,0.0
2022-01-14 20:07:48.506826,0.0,0.0,0.0
2022-01-14 20:07:49.004705,0.0,0.0,0.0
2022-01-14 20:07:49.509313,0.0,0.0,0.0
2022-01-14 20:07:50.008908,0.0,0.0,0.0
2022-01-14 20:07:50.504536,0.0,0.0,0.0
2022-01-14 20:07:51.002242,0.0,0.0,0.0
2022-01-14 20:07:51.510362,0.0,0.0,0.0
2022-01-14 20:07:52.007894,0.0,0.0,0.0
2022-01-14 20:07:52.501946,0.0,0.0,0.0
2022-01-14 20:07:53.010766,0.0,0.0,0.0
2022-01-14 20:07:53.506214,0.0,0.0,0.0
2022-01-14 20:07:54.003478,0.0,0.0,0.0
2022-01-14 20:07:54.509421,0.0,0.0,0.0
2022-01-14 20:07:55.008312,0.0,0.0,0.0
2022-01-14 20:07:55.503022,0.0,0.0,0.0
2022-01-14 20:07:56.002046,0.0,0.0,0.0
2022-01-14 20:07:56.508653,0.0,0.0,0.0
2022-01-14 20:07:57.005381,0.0,0.0,0.0
2022-01-14 20:07:57.510199,0.0,0.0,0.0
2022-01-14 20:07:58.008096,0.0,0.0,0.0
2022-01-14 20:07:58.502233,0.0,0.0,0.0
2022-01-14 20:07:59.010736,0.0,0.0,0.0
2022-01-14 20:07:59.506181,0.0,0.0,0.0
2022-01-14 20:08:00.004919,0.0,0.0,0.0
2022-01-14 20:08:00.501279,0.0,0.0,0.0
2022-01-14 20:08:01.009867,0.0,0.0,0.0
2022-01-14 20:08:01.504251,0.0,0.0,0.0
2022-01-14 20:08:02.001037,0.0,0.0,0.0
2022-01-14 20:08:02.507138,0.0,0.0,0.0
2022-01-14 20:08:03.003615,0.0,0.0,0.0
2022-01-14 20:08:03.510925,0.0,0.0,0.0
2022-01-14 20:08:04.008767,0.0,0.0,0.0
2022-01-14 20:08:04.505389,0.0,0.0,0.0
2022-01-14 20:08:05.002996,0.0,0.0,0.0
2022-01-14 20:08:05.507534,0.0,0.0,0.0
2022-01-14 20:08:06.005608,0.0,0.0,0.0
2022-01-14 20:08:06.510317,0.0,0.0,0.0
2022-01-14 20:08:07.008981,0.0,0.0,0.0
2022-01-14 20:08:07.502578,0.0,0.0,0.0
2022-01-14 20:08:08.001483,0.0,0.0,0.0
2022-01-14 20:08:08.505796,0.0,0.0,0.0
2022-01-14 20:08:09.005426,0.0,0.0,0.0
2022-01-14 20:08:09.501229,0.0,0.0,0.0
2022-01-14 20:08:10.008780,0.0,0.0,0.0
2022-01-14 20:08:10.503064,0.0,0.0,0.0
2022-01-14 20:08:11.001746,0.0,0.0,0.0
2022-01-14 20:08:11.507557,0.0,0.0,0.0
2022-01-14 20:08:12.005087,0.0,0.0,0.0
2022-01-14 20:08:12.510015,0.0,0.0,0.0
2022-01-14 20:08:13.008739,0.0,0.0,0.0
2022-01-14 20:08:13.503467,0.0,0.0,0.0
2022-01-14 20:08:14.001807,0.0,0.0,0.0
2022-01-14 20:08:14.508077,0.0,0.0,0.0
2022-01-14 20:08:15.006100,0.0,0.0,0.0
2022-01-14 20:08:15.502242,0.0,0.0,0.0
2022-01-14 20:08:16.001558,0.0,0.0,0.0
2022-01-14 20:08:16.507186,0.0,0.0,0.0
2022-01-14 20:08:17.005820,0.0,0.0,0.0
2022-01-14 20:08:17.511021,0.0,0.0,0.0
2022-01-14 20:08:18.009876,0.0,0.0,0.0
2022-01-14 20:08:18.505394,0.0,0.0,0.0
2022-01-14 20:08:19.004200,0.0,0.0,0.0
2022-01-14 20:08:19.510004,0.0,0.0,0.0
2022-01-14 20:08:20.009060,0.0,0.0,0.0
2022-01-14 20:08:20.508595,0.0,0.0,0.0
2022-01-14 20:08:21.005915,0.0,0.0,0.0
2022-01-14 20:08:21.510420,0.0,0.0,0.0
2022-01-14 20:08:22.008985,0.0,0.0,0.0
2022-01-14 20:08:22.505600,0.0,0.0,0.0
2022-01-14 20:08:23.003675,0.0,0.0,0.0
2022-01-14 20:08:23.509207,0.0,0.0,0.0
2022-01-14 20:08:24.005777,0.0,0.0,0.0
2022-01-14 20:08:24.510347,0.0,0.0,0.0
2022-01-14 20:08:25.008109,0.0,0.0,0.0
2022-01-14 20:08:25.502949,0.0,0.0,0.0
2022-01-14 20:08:26.010955,0.0,0.0,0.0
2022-01-14 20:08:26.505638,0.0,0.0,0.0
2022-01-14 20:08:27.005760,0.0,0.0,0.0
2022-01-14 20:08:27.510331,0.0,0.0,0.0
2022-01-14 20:08:28.009302,0.0,0.0,0.0
2022-01-14 20:08:28.503130,0.0,0.0,0.0
2022-01-14 20:08:29.010664,0.0,0.0,0.0
2022-01-14 20:08:29.505629,0.0,0.0,0.0
2022-01-14 20:08:30.002413,0.0,0.0,0.0
2022-01-14 20:08:30.507432,0.0,0.0,0.0
2022-01-14 20:08:31.005026,0.0,0.0,0.0
2022-01-14 20:08:31.502310,0.0,0.0,0.0
2022-01-14 20:08:32.011038,0.0,0.0,0.0
2022-01-14 20:08:32.506311,0.0,0.0,0.0
2022-01-14 20:08:33.004895,0.0,0.0,0.0
2022-01-14 20:08:33.510750,0.0,0.0,0.0
2022-01-14 20:08:34.008515,0.0,0.0,0.0
2022-01-14 20:08:34.504606,0.0,0.0,0.0
2022-01-14 20:08:35.001958,0.0,0.0,0.0
2022-01-14 20:08:35.508810,0.0,0.0,0.0
2022-01-14 20:08:36.007467,0.0,0.0,0.0
2022-01-14 20:08:36.502643,0.0,0.0,0.0
2022-01-14 20:08:37.504270,0.0,0.0,0.0
2022-01-14 20:08:38.003045,0.0,0.0,0.0
2022-01-14 20:08:38.508375,0.0,0.0,0.0
2022-01-14 20:08:39.005499,0.0,0.0,0.0
2022-01-14 20:08:39.510852,0.0,0.0,0.0
2022-01-14 20:08:40.008865,0.0,0.0,0.0
2022-01-14 20:08:40.501581,0.0,0.0,0.0
2022-01-14 20:08:41.001369,0.0,0.0,0.0
2022-01-14 20:08:41.506509,0.0,0.0,0.0
2022-01-14 20:08:42.005652,0.0,0.0,0.0
2022-01-14 20:08:42.510241,0.0,0.0,0.0
2022-01-14 20:08:43.009197,0.0,0.0,0.0
2022-01-14 20:08:43.503802,0.0,0.0,0.0
2022-01-14 20:08:44.003228,0.0,0.0,0.0
2022-01-14 20:08:44.506905,0.0,0.0,0.0
2022-01-14 20:08:45.004771,0.0,0.0,0.0
2022-01-14 20:08:45.509523,0.0,0.0,0.0
2022-01-14 20:08:46.005755,0.0,0.0,0.0
2022-01-14 20:08:46.511085,0.0,0.0,0.0
2022-01-14 20:08:47.008153,0.0,0.0,0.0
2022-01-14 20:08:47.502965,0.0,0.0,0.0
2022-01-14 20:08:48.010089,0.0,0.0,0.0
2022-01-14 20:08:48.503729,0.0,0.0,0.0
2022-01-14 20:08:49.001927,0.0,0.0,0.0
2022-01-14 20:08:49.507363,0.0,0.0,0.0
2022-01-14 20:08:50.004712,0.0,0.0,0.0
2022-01-14 20:08:50.510093,0.0,0.0,0.0
2022-01-14 20:08:51.009011,0.0,0.0,0.0
2022-01-14 20:08:51.504339,0.0,0.0,0.0
2022-01-14 20:08:52.001529,0.0,0.0,0.0
2022-01-14 20:08:52.507246,0.0,0.0,0.0
2022-01-14 20:08:53.005079,0.0,0.0,0.0
2022-01-14 20:08:53.510210,0.0,0.0,0.0
2022-01-14 20:08:54.009895,0.0,0.0,0.0
2022-01-14 20:08:54.504498,0.0,0.0,0.0
2022-01-14 20:08:55.011065,0.0,0.0,0.0
2022-01-14 20:08:55.504911,0.0,0.0,0.0
2022-01-14 20:08:56.002950,0.0,0.0,0.0
2022-01-14 20:08:56.508914,0.0,0.0,0.0
2022-01-14 20:08:57.007199,0.0,0.0,0.0
2022-01-14 20:08:57.503409,0.0,0.0,0.0
2022-01-14 20:08:58.002796,0.0,0.0,0.0
2022-01-14 20:08:58.509938,0.0,0.0,0.0
2022-01-14 20:08:59.009297,0.0,0.0,0.0
2022-01-14 20:08:59.503021,0.0,0.0,0.0
2022-01-14 20:09:00.002174,0.0,0.0,0.0
2022-01-14 20:09:00.505043,0.0,0.0,0.0
2022-01-14 20:09:01.004454,0.0,0.0,0.0
2022-01-14 20:09:01.509024,0.0,0.0,0.0
2022-01-14 20:09:02.007167,0.0,0.0,0.0
2022-01-14 20:09:02.504325,0.0,0.0,0.0
2022-01-14 20:09:03.002899,0.0,0.0,0.0
2022-01-14 20:09:03.509115,0.0,0.0,0.0
2022-01-14 20:09:04.006387,0.0,0.0,0.0
2022-01-14 20:09:04.502684,0.0,0.0,0.0
2022-01-14 20:09:05.009813,0.0,0.0,0.0
2022-01-14 20:09:05.505072,0.0,0.0,0.0
2022-01-14 20:09:06.003024,0.0,0.0,0.0
2022-01-14 20:09:06.508716,0.0,0.0,0.0
2022-01-14 20:09:07.007105,0.0,0.0,0.0
2022-01-14 20:09:07.502300,0.0,0.0,0.0
2022-01-14 20:09:08.010675,0.0,0.0,0.0
2022-01-14 20:09:08.505126,0.0,0.0,0.0
2022-01-14 20:09:09.002847,0.0,0.0,0.0
2022-01-14 20:09:09.508113,0.0,0.0,0.0
2022-01-14 20:09:10.003704,0.0,0.0,0.0
2022-01-14 20:09:10.508713,0.0,0.0,0.0
2022-01-14 20:09:11.007016,0.0,0.0,0.0
2022-01-14 20:09:11.502256,0.0,0.0,0.0
2022-01-14 20:09:12.011117,0.0,0.0,0.0
2022-01-14 20:09:12.505601,0.0,0.0,0.0
2022-01-14 20:09:13.004540,0.0,0.0,0.0
2022-01-14 20:09:13.509594,0.0,0.0,0.0
2022-01-14 20:09:14.008211,0.0,0.0,0.0
2022-01-14 20:09:14.503752,0.0,0.0,0.0
2022-01-14 20:09:15.010827,0.0,0.0,0.0
2022-01-14 20:09:15.505316,0.0,0.0,0.0
2022-01-14 20:09:16.003517,0.0,0.0,0.0
2022-01-14 20:09:17.004925,0.0,0.0,0.0
2022-01-14 20:09:17.510700,0.0,0.0,0.0
2022-01-14 20:09:18.008826,0.0,0.0,0.0
2022-01-14 20:09:18.504930,0.0,0.0,0.0
2022-01-14 20:09:19.002173,0.0,0.0,0.0
2022-01-14 20:09:19.508908,0.0,0.0,0.0
2022-01-14 20:09:20.005640,0.0,0.0,0.0
2022-01-14 20:09:20.511050,0.0,0.0,0.0
2022-01-14 20:09:21.009204,0.0,0.0,0.0
2022-01-14 20:09:21.505865,0.0,0.0,0.0
2022-01-14 20:09:22.004050,0.0,0.0,0.0
2022-01-14 20:09:22.509151,0.0,0.0,0.0
2022-01-14 20:09:23.006897,0.0,0.0,0.0
2022-01-14 20:09:23.502993,0.0,0.0,0.0
2022-01-14 20:09:24.010822,0.0,0.0,0.0
2022-01-14 20:09:24.506694,0.0,0.0,0.0
2022-01-14 20:09:25.004183,0.0,0.0,0.0
2022-01-14 20:09:25.501643,0.0,0.0,0.0
2022-01-14 20:09:26.002353,0.0,0.0,0.0
2022-01-14 20:09:26.509138,0.0,0.0,0.0
2022-01-14 20:09:27.005125,0.0,0.0,0.0
2022-01-14 20:09:27.510544,0.0,0.0,0.0
2022-01-14 20:09:28.008337,0.0,0.0,0.0
2022-01-14 20:09:28.501714,0.0,0.0,0.0
2022-01-14 20:09:29.010276,0.0,0.0,0.0
2022-01-14 20:09:29.503752,0.0,0.0,0.0
2022-01-14 20:09:30.001576,0.0,0.0,0.0
2022-01-14 20:09:30.505729,0.0,0.0,0.0
2022-01-14 20:09:31.003031,0.0,0.0,0.0
2022-01-14 20:09:31.508600,0.0,0.0,0.0
2022-01-14 20:09:32.004514,0.0,0.0,0.0
2022-01-14 20:09:32.508988,0.0,0.0,0.0
2022-01-14 20:09:33.006840,0.0,0.0,0.0
2022-01-14 20:09:33.501971,0.0,0.0,0.0
2022-01-14 20:09:34.001961,0.0,0.0,0.0
2022-01-14 20:09:34.508355,0.0,0.0,0.0
2022-01-14 20:09:35.006172,0.0,0.0,0.0
2022-01-14 20:09:35.508028,0.0,0.0,0.0
2022-01-14 20:09:36.010129,0.0,0.0,0.0
2022-01-14 20:09:36.503517,0.0,0.0,0.0
2022-01-14 20:09:37.010851,0.0,0.0,0.0
2022-01-14 20:09:37.506461,0.0,0.0,0.0
2022-01-14 20:09:38.004295,0.0,0.0,0.0
2022-01-14 20:09:38.502471,0.0,0.0,0.0
2022-01-14 20:09:39.009891,0.0,0.0,0.0
2022-01-14 20:09:39.504645,0.0,0.0,0.0
2022-01-14 20:09:40.003841,0.0,0.0,0.0
2022-01-14 20:09:40.509332,0.0,0.0,0.0
2022-01-14 20:09:41.008857,0.0,0.0,0.0
2022-01-14 20:09:41.503304,0.0,0.0,0.0
2022-01-14 20:09:42.001635,0.0,0.0,0.0
2022-01-14 20:09:42.507477,0.0,0.0,0.0
2022-01-14 20:09:43.007280,0.0,0.0,0.0
2022-01-14 20:09:43.508609,0.0,0.0,0.0
2022-01-14 20:09:44.008141,0.0,0.0,0.0
2022-01-14 20:09:44.505884,0.0,0.0,0.0
2022-01-14 20:09:45.005303,0.0,0.0,0.0
2022-01-14 20:09:45.510372,0.0,0.0,0.0
2022-01-14 20:09:46.010485,0.0,0.0,0.0
2022-01-14 20:09:46.504638,0.0,0.0,0.0
2022-01-14 20:09:47.001156,0.0,0.0,0.0
2022-01-14 20:09:47.507485,0.0,0.0,0.0
2022-01-14 20:09:48.004933,0.0,0.0,0.0
2022-01-14 20:09:48.510270,0.0,0.0,0.0
2022-01-14 20:09:49.008530,0.0,0.0,0.0
2022-01-14 20:09:49.503542,0.0,0.0,0.0
2022-01-14 20:09:50.001715,0.0,0.0,0.0
2022-01-14 20:09:50.507092,0.0,0.0,0.0
2022-01-14 20:09:51.004151,0.0,0.0,0.0
2022-01-14 20:09:51.509235,0.0,0.0,0.0
2022-01-14 20:09:52.007282,0.0,0.0,0.0
2022-01-14 20:09:52.502693,0.0,0.0,0.0
2022-01-14 20:09:53.001712,0.0,0.0,0.0
2022-01-14 20:09:53.507198,0.0,0.0,0.0
2022-01-14 20:09:54.005318,0.0,0.0,0.0
2022-01-14 20:09:54.510714,0.0,0.0,0.0
2022-01-14 20:09:55.008986,0.0,0.0,0.0
2022-01-14 20:09:55.503720,0.0,0.0,0.0
2022-01-14 20:09:56.005793,0.0,0.0,0.0
2022-01-14 20:09:56.501972,0.0,0.0,0.0
2022-01-14 20:09:57.009810,0.0,0.0,0.0
2022-01-14 20:09:57.505007,0.0,0.0,0.0
2022-01-14 20:09:58.002733,0.0,0.0,0.0
2022-01-14 20:09:58.507294,0.0,0.0,0.0
2022-01-14 20:09:59.005506,0.0,0.0,0.0
2022-01-14 20:09:59.510116,0.0,0.0,0.0
2022-01-14 20:10:00.008175,0.0,0.0,0.0
2022-01-14 20:10:00.502169,0.0,0.0,0.0
2022-01-14 20:10:01.001292,0.0,0.0,0.0
2022-01-14 20:10:01.507929,0.0,0.0,0.0
2022-01-14 20:10:02.005800,0.0,0.0,0.0
2022-01-14 20:10:02.509466,0.0,0.0,0.0
2022-01-14 20:10:03.006830,0.0,0.0,0.0
2022-01-14 20:10:03.511043,0.0,0.0,0.0
2022-01-14 20:10:04.009318,0.0,0.0,0.0
2022-01-14 20:10:04.506384,0.0,0.0,0.0
2022-01-14 20:10:05.004129,0.0,0.0,0.0
2022-01-14 20:10:05.508787,0.0,0.0,0.0
2022-01-14 20:10:06.008179,0.0,0.0,0.0
2022-01-14 20:10:06.505808,0.0,0.0,0.0
2022-01-14 20:10:07.003112,0.0,0.0,0.0
2022-01-14 20:10:07.506748,0.0,0.0,0.0
2022-01-14 20:10:08.005212,0.0,0.0,0.0
2022-01-14 20:10:08.501773,0.0,0.0,0.0
2022-01-14 20:10:09.010523,0.0,0.0,0.0
2022-01-14 20:10:09.506215,0.0,0.0,0.0
2022-01-14 20:10:10.003690,0.0,0.0,0.0
2022-01-14 20:10:10.508085,0.0,0.0,0.0
2022-01-14 20:10:11.007123,0.0,0.0,0.0
2022-01-14 20:10:11.501509,0.0,0.0,0.0
2022-01-14 20:10:12.009024,0.0,0.0,0.0
2022-01-14 20:10:12.502354,0.0,0.0,0.0
2022-01-14 20:10:13.002371,0.0,0.0,0.0
2022-01-14 20:10:13.509789,0.0,0.0,0.0
2022-01-14 20:10:14.006378,0.0,0.0,0.0
2022-01-14 20:10:14.501243,0.0,0.0,0.0
2022-01-14 20:10:15.008959,0.0,0.0,0.0
2022-01-14 20:10:15.504604,0.0,0.0,0.0
2022-01-14 20:10:16.001982,0.0,0.0,0.0
2022-01-14 20:10:16.507004,0.0,0.0,0.0
2022-01-14 20:10:17.003908,0.0,0.0,0.0
2022-01-14 20:10:18.005019,0.0,0.0,0.0
2022-01-14 20:10:18.510094,0.0,0.0,0.0
2022-01-14 20:10:19.007021,0.0,0.0,0.0
2022-01-14 20:10:19.502390,0.0,0.0,0.0
2022-01-14 20:10:20.001334,0.0,0.0,0.0
2022-01-14 20:10:20.505152,0.0,0.0,0.0
2022-01-14 20:10:21.002809,0.0,0.0,0.0
2022-01-14 20:10:21.506997,0.0,0.0,0.0
2022-01-14 20:10:22.005940,0.0,0.0,0.0
2022-01-14 20:10:22.503485,0.0,0.0,0.0
2022-01-14 20:10:23.010054,0.0,0.0,0.0
2022-01-14 20:10:23.505556,0.0,0.0,0.0
2022-01-14 20:10:24.003240,0.0,0.0,0.0
2022-01-14 20:10:24.508363,0.0,0.0,0.0
2022-01-14 20:10:25.005651,0.0,0.0,0.0
2022-01-14 20:10:25.510765,0.0,0.0,0.0
2022-01-14 20:10:26.008705,0.0,0.0,0.0
2022-01-14 20:10:26.503464,0.0,0.0,0.0
2022-01-14 20:10:27.002974,0.0,0.0,0.0
2022-01-14 20:10:27.507218,0.0,0.0,0.0
2022-01-14 20:10:28.005189,0.0,0.0,0.0
2022-01-14 20:10:28.510909,0.0,0.0,0.0
2022-01-14 20:10:29.008343,0.0,0.0,0.0
2022-01-14 20:10:29.502227,0.0,0.0,0.0
2022-01-14 20:10:30.001245,0.0,0.0,0.0
2022-01-14 20:10:30.506181,0.0,0.0,0.0
2022-01-14 20:10:31.003521,0.0,0.0,0.0
2022-01-14 20:10:31.509967,0.0,0.0,0.0
2022-01-14 20:10:32.001827,0.0,0.0,0.0
2022-01-14 20:10:32.501289,0.0,0.0,0.0
2022-01-14 20:10:33.008912,0.0,0.0,0.0
2022-01-14 20:10:33.504328,0.0,0.0,0.0
2022-01-14 20:10:34.003892,0.0,0.0,0.0
2022-01-14 20:10:34.508622,0.0,0.0,0.0
2022-01-14 20:10:35.007438,0.0,0.0,0.0
2022-01-14 20:10:35.501223,0.0,0.0,0.0
2022-01-14 20:10:36.011024,0.0,0.0,0.0
2022-01-14 20:10:36.505823,0.0,0.0,0.0
2022-01-14 20:10:37.003365,0.0,0.0,0.0
2022-01-14 20:10:37.508201,0.0,0.0,0.0
2022-01-14 20:10:38.006361,0.0,0.0,0.0
2022-01-14 20:10:38.510568,0.0,0.0,0.0
2022-01-14 20:10:39.008684,0.0,0.0,0.0
2022-01-14 20:10:39.503219,0.0,0.0,0.0
2022-01-14 20:10:40.011234,0.0,0.0,0.0
2022-01-14 20:10:40.506714,0.0,0.0,0.0
2022-01-14 20:10:41.004661,0.0,0.0,0.0
2022-01-14 20:10:41.510305,0.0,0.0,0.0
2022-01-14 20:10:42.009050,0.0,0.0,0.0
2022-01-14 20:10:42.503769,0.0,0.0,0.0
2022-01-14 20:10:43.001678,0.0,0.0,0.0
2022-01-14 20:10:43.508696,0.0,0.0,0.0
2022-01-14 20:10:44.006184,0.0,0.0,0.0
2022-01-14 20:10:44.502726,0.0,0.0,0.0
2022-01-14 20:10:45.001936,0.0,0.0,0.0
2022-01-14 20:10:45.506296,0.0,0.0,0.0
2022-01-14 20:10:46.004322,0.0,0.0,0.0
2022-01-14 20:10:46.507922,0.0,0.0,0.0
2022-01-14 20:10:47.005080,0.0,0.0,0.0
2022-01-14 20:10:47.510293,0.0,0.0,0.0
2022-01-14 20:10:48.010557,0.0,0.0,0.0
2022-01-14 20:10:48.506486,0.0,0.0,0.0
2022-01-14 20:10:49.004627,0.0,0.0,0.0
2022-01-14 20:10:49.510442,0.0,0.0,0.0
2022-01-14 20:10:50.009912,0.0,0.0,0.0
2022-01-14 20:10:50.504107,0.0,0.0,0.0
2022-01-14 20:10:51.001123,0.0,0.0,0.0
2022-01-14 20:10:51.504609,0.0,0.0,0.0
2022-01-14 20:10:52.001868,0.0,0.0,0.0
2022-01-14 20:10:52.506769,0.0,0.0,0.0
2022-01-14 20:10:53.005826,0.0,0.0,0.0
2022-01-14 20:10:53.501190,0.0,0.0,0.0
2022-01-14 20:10:54.009508,0.0,0.0,0.0
2022-01-14 20:10:54.505239,0.0,0.0,0.0
2022-01-14 20:10:55.004862,0.0,0.0,0.0
2022-01-14 20:10:55.508803,0.0,0.0,0.0
2022-01-14 20:10:56.007583,0.0,0.0,0.0
2022-01-14 20:10:56.501520,0.0,0.0,0.0
2022-01-14 20:10:57.001080,0.0,0.0,0.0
2022-01-14 20:10:57.505717,0.0,0.0,0.0
2022-01-14 20:10:58.004022,0.0,0.0,0.0
2022-01-14 20:10:58.510429,0.0,0.0,0.0
2022-01-14 20:10:59.008255,0.0,0.0,0.0
2022-01-14 20:10:59.503295,0.0,0.0,0.0
2022-01-14 20:11:00.010533,0.0,0.0,0.0
2022-01-14 20:11:00.506155,0.0,0.0,0.0
2022-01-14 20:11:01.002709,0.0,0.0,0.0
2022-01-14 20:11:01.508482,0.0,0.0,0.0
2022-01-14 20:11:02.006729,0.0,0.0,0.0
2022-01-14 20:11:02.504736,0.0,0.0,0.0
2022-01-14 20:11:03.002674,0.0,0.0,0.0
2022-01-14 20:11:03.507529,0.0,0.0,0.0
2022-01-14 20:11:04.004142,0.0,0.0,0.0
2022-01-14 20:11:04.509922,0.0,0.0,0.0
2022-01-14 20:11:05.008720,0.0,0.0,0.0
2022-01-14 20:11:05.503476,0.0,0.0,0.0
2022-01-14 20:11:06.004773,0.0,0.0,0.0
2022-01-14 20:11:06.509087,0.0,0.0,0.0
2022-01-14 20:11:07.007480,0.0,0.0,0.0
2022-01-14 20:11:07.503530,0.0,0.0,0.0
2022-01-14 20:11:08.001894,0.0,0.0,0.0
2022-01-14 20:11:08.506984,0.0,0.0,0.0
2022-01-14 20:11:09.004376,0.0,0.0,0.0
2022-01-14 20:11:09.510949,0.0,0.0,0.0
2022-01-14 20:11:10.008992,0.0,0.0,0.0
2022-01-14 20:11:10.504495,0.0,0.0,0.0
2022-01-14 20:11:11.002265,0.0,0.0,0.0
2022-01-14 20:11:11.509314,0.0,0.0,0.0
2022-01-14 20:11:12.007403,0.0,0.0,0.0
2022-01-14 20:11:12.502417,0.0,0.0,0.0
2022-01-14 20:11:13.010582,0.0,0.0,0.0
2022-01-14 20:11:13.505331,0.0,0.0,0.0
2022-01-14 20:11:14.003134,0.0,0.0,0.0
2022-01-14 20:11:14.506920,0.0,0.0,0.0
2022-01-14 20:11:15.004308,0.0,0.0,0.0
2022-01-14 20:11:15.511006,0.0,0.0,0.0
2022-01-14 20:11:16.008695,0.0,0.0,0.0
2022-01-14 20:11:16.504535,0.0,0.0,0.0
2022-01-14 20:11:17.002483,0.0,0.0,0.0
2022-01-14 20:11:17.507505,0.0,0.0,0.0
2022-01-14 20:11:18.005170,0.0,0.0,0.0
2022-01-14 20:11:18.509990,0.0,0.0,0.0
2022-01-14 20:11:19.006805,0.0,0.0,0.0
2022-01-14 20:11:19.510424,0.0,0.0,0.0
2022-01-14 20:11:20.008007,0.0,0.0,0.0
2022-01-14 20:11:20.504861,0.0,0.0,0.0
2022-01-14 20:11:21.002520,0.0,0.0,0.0
2022-01-14 20:11:21.506716,0.0,0.0,0.0
2022-01-14 20:11:22.005144,0.0,0.0,0.0
2022-01-14 20:11:22.510278,0.0,0.0,0.0
2022-01-14 20:11:23.007560,0.0,0.0,0.0
2022-01-14 20:11:23.503170,0.0,0.0,0.0
2022-01-14 20:11:24.001998,0.0,0.0,0.0
2022-01-14 20:11:24.507776,0.0,0.0,0.0
2022-01-14 20:11:25.005957,0.0,0.0,0.0
2022-01-14 20:11:25.502753,0.0,0.0,0.0
2022-01-14 20:11:26.009254,0.0,0.0,0.0
2022-01-14 20:11:26.503614,0.0,0.0,0.0
2022-01-14 20:11:27.010901,0.0,0.0,0.0
2022-01-14 20:11:27.505688,0.0,0.0,0.0
2022-01-14 20:11:28.002163,0.0,0.0,0.0
2022-01-14 20:11:28.506868,0.0,0.0,0.0
2022-01-14 20:11:29.005318,0.0,0.0,0.0
2022-01-14 20:11:29.502747,0.0,0.0,0.0
2022-01-14 20:11:30.011164,0.0,0.0,0.0
2022-01-14 20:11:30.506380,0.0,0.0,0.0
2022-01-14 20:11:31.004233,0.0,0.0,0.0
2022-01-14 20:11:31.508743,0.0,0.0,0.0
2022-01-14 20:11:32.005359,0.0,0.0,0.0
2022-01-14 20:11:32.509737,0.0,0.0,0.0
2022-01-14 20:11:33.007570,0.0,0.0,0.0
2022-01-14 20:11:33.501517,0.0,0.0,0.0
2022-01-14 20:11:34.010210,0.0,0.0,0.0
2022-01-14 20:11:34.505447,0.0,0.0,0.0
2022-01-14 20:11:35.003274,0.0,0.0,0.0
2022-01-14 20:11:35.506078,0.0,0.0,0.0
2022-01-14 20:11:36.004739,0.0,0.0,0.0
2022-01-14 20:11:36.508390,0.0,0.0,0.0
2022-01-14 20:11:37.005697,0.0,0.0,0.0
2022-01-14 20:11:37.510558,0.0,0.0,0.0
2022-01-14 20:11:38.008123,0.0,0.0,0.0
2022-01-14 20:11:38.503894,0.0,0.0,0.0
2022-01-14 20:11:39.504805,0.0,0.0,0.0
2022-01-14 20:11:40.002353,0.0,0.0,0.0
2022-01-14 20:11:40.506329,0.0,0.0,0.0
2022-01-14 20:11:41.005481,0.0,0.0,0.0
2022-01-14 20:11:41.510529,0.0,0.0,0.0
2022-01-14 20:11:42.007665,0.0,0.0,0.0
2022-01-14 20:11:42.501652,0.0,0.0,0.0
2022-01-14 20:11:43.001419,0.0,0.0,0.0
2022-01-14 20:11:43.508287,0.0,0.0,0.0
2022-01-14 20:11:44.005575,0.0,0.0,0.0
2022-01-14 20:11:44.510751,0.0,0.0,0.0
2022-01-14 20:11:45.009256,0.0,0.0,0.0
2022-01-14 20:11:45.504604,0.0,0.0,0.0
2022-01-14 20:11:46.002831,0.0,0.0,0.0
2022-01-14 20:11:46.507394,0.0,0.0,0.0
2022-01-14 20:11:47.004637,0.0,0.0,0.0
2022-01-14 20:11:47.501780,0.0,0.0,0.0
2022-01-14 20:11:48.009093,0.0,0.0,0.0
2022-01-14 20:11:48.503673,0.0,0.0,0.0
2022-01-14 20:11:49.001327,0.0,0.0,0.0
2022-01-14 20:11:49.507767,0.0,0.0,0.0
2022-01-14 20:11:50.004465,0.0,0.0,0.0
2022-01-14 20:11:50.509819,0.0,0.0,0.0
2022-01-14 20:11:51.007528,0.0,0.0,0.0
2022-01-14 20:11:51.510654,0.0,0.0,0.0
2022-01-14 20:11:52.009660,0.0,0.0,0.0
2022-01-14 20:11:52.505608,0.0,0.0,0.0
2022-01-14 20:11:53.004035,0.0,0.0,0.0
2022-01-14 20:11:53.508887,0.0,0.0,0.0
2022-01-14 20:11:54.006370,0.0,0.0,0.0
2022-01-14 20:11:54.502507,0.0,0.0,0.0
2022-01-14 20:11:55.004888,0.0,0.0,0.0
2022-01-14 20:11:55.510120,0.0,0.0,0.0
2022-01-14 20:11:56.008563,0.0,0.0,0.0
2022-01-14 20:11:56.505629,0.0,0.0,0.0
2022-01-14 20:11:57.003323,0.0,0.0,0.0
2022-01-14 20:11:57.509848,0.0,0.0,0.0
2022-01-14 20:11:58.009386,0.0,0.0,0.0
2022-01-14 20:11:58.503595,0.0,0.0,0.0
2022-01-14 20:11:59.001737,0.0,0.0,0.0
2022-01-14 20:11:59.508860,0.0,0.0,0.0
2022-01-14 20:12:00.004905,0.0,0.0,0.0
2022-01-14 20:12:00.510466,0.0,0.0,0.0
2022-01-14 20:12:01.009866,0.0,0.0,0.0
2022-01-14 20:12:01.504613,0.0,0.0,0.0
2022-01-14 20:12:02.002771,0.0,0.0,0.0
2022-01-14 20:12:02.507741,0.0,0.0,0.0
2022-01-14 20:12:03.005810,0.0,0.0,0.0
2022-01-14 20:12:03.501966,0.0,0.0,0.0
2022-01-14 20:12:04.010407,0.0,0.0,0.0
2022-01-14 20:12:04.506949,0.0,0.0,0.0
2022-01-14 20:12:05.005562,0.0,0.0,0.0
2022-01-14 20:12:05.501360,0.0,0.0,0.0
2022-01-14 20:12:06.008662,0.0,0.0,0.0
2022-01-14 20:12:06.503506,0.0,0.0,0.0
2022-01-14 20:12:07.001143,0.0,0.0,0.0
2022-01-14 20:12:07.506365,0.0,0.0,0.0
2022-01-14 20:12:08.004030,0.0,0.0,0.0
2022-01-14 20:12:08.508649,0.0,0.0,0.0
2022-01-14 20:12:09.008224,0.0,0.0,0.0
2022-01-14 20:12:09.502979,0.0,0.0,0.0
2022-01-14 20:12:10.011091,0.0,0.0,0.0
2022-01-14 20:12:10.507022,0.0,0.0,0.0
2022-01-14 20:12:11.005020,0.0,0.0,0.0
2022-01-14 20:12:11.509813,0.0,0.0,0.0
2022-01-14 20:12:12.009563,0.0,0.0,0.0
2022-01-14 20:12:12.502901,0.0,0.0,0.0
2022-01-14 20:12:13.010597,0.0,0.0,0.0
2022-01-14 20:12:13.508622,0.0,0.0,0.0
2022-01-14 20:12:14.007107,0.0,0.0,0.0
2022-01-14 20:12:14.501704,0.0,0.0,0.0
2022-01-14 20:12:15.011149,0.0,0.0,0.0
2022-01-14 20:12:15.505440,0.0,0.0,0.0
2022-01-14 20:12:16.002110,0.0,0.0,0.0
2022-01-14 20:12:16.508367,0.0,0.0,0.0
2022-01-14 20:12:17.002339,0.0,0.0,0.0
2022-01-14 20:12:17.508704,0.0,0.0,0.0
2022-01-14 20:12:18.006044,0.0,0.0,0.0
2022-01-14 20:12:18.509995,0.0,0.0,0.0
2022-01-14 20:12:19.007508,0.0,0.0,0.0
2022-01-14 20:12:20.005271,0.0,0.0,0.0
2022-01-14 20:12:20.501550,0.0,0.0,0.0
2022-01-14 20:12:21.001722,0.0,0.0,0.0
2022-01-14 20:12:21.505744,0.0,0.0,0.0
2022-01-14 20:12:22.003686,0.0,0.0,0.0
2022-01-14 20:12:22.509064,0.0,0.0,0.0
2022-01-14 20:12:23.007490,0.0,0.0,0.0
2022-01-14 20:12:23.501761,0.0,0.0,0.0
2022-01-14 20:12:24.002993,0.0,0.0,0.0
2022-01-14 20:12:24.509647,0.0,0.0,0.0
2022-01-14 20:12:25.008126,0.0,0.0,0.0
2022-01-14 20:12:25.504112,0.0,0.0,0.0
2022-01-14 20:12:26.002294,0.0,0.0,0.0
2022-01-14 20:12:26.506142,0.0,0.0,0.0
2022-01-14 20:12:27.004993,0.0,0.0,0.0
2022-01-14 20:12:27.502477,0.0,0.0,0.0
2022-01-14 20:12:28.010411,0.0,0.0,0.0
2022-01-14 20:12:28.506221,0.0,0.0,0.0
2022-01-14 20:12:29.004682,0.0,0.0,0.0
2022-01-14 20:12:29.509418,0.0,0.0,0.0
2022-01-14 20:12:30.009633,0.0,0.0,0.0
2022-01-14 20:12:30.504340,0.0,0.0,0.0
2022-01-14 20:12:31.004198,0.0,0.0,0.0
2022-01-14 20:12:31.510436,0.0,0.0,0.0
2022-01-14 20:12:32.008120,0.0,0.0,0.0
2022-01-14 20:12:32.501782,0.0,0.0,0.0
2022-01-14 20:12:33.001065,0.0,0.0,0.0
2022-01-14 20:12:33.505655,0.0,0.0,0.0
2022-01-14 20:12:34.004925,0.0,0.0,0.0
2022-01-14 20:12:34.509644,0.0,0.0,0.0
2022-01-14 20:12:35.007264,0.0,0.0,0.0
2022-01-14 20:12:35.510674,0.0,0.0,0.0
2022-01-14 20:12:36.008607,0.0,0.0,0.0
2022-01-14 20:12:36.506903,0.0,0.0,0.0
2022-01-14 20:12:37.003988,0.0,0.0,0.0
2022-01-14 20:12:37.508924,0.0,0.0,0.0
2022-01-14 20:12:38.006464,0.0,0.0,0.0
2022-01-14 20:12:38.510651,0.0,0.0,0.0
2022-01-14 20:12:39.009364,0.0,0.0,0.0
2022-01-14 20:12:39.502812,0.0,0.0,0.0
2022-01-14 20:12:40.009777,0.0,0.0,0.0
2022-01-14 20:12:40.504413,0.0,0.0,0.0
2022-01-14 20:12:41.011228,0.0,0.0,0.0
2022-01-14 20:12:41.505342,0.0,0.0,0.0
2022-01-14 20:12:42.003350,0.0,0.0,0.0
2022-01-14 20:12:42.507925,0.0,0.0,0.0
2022-01-14 20:12:43.005459,0.0,0.0,0.0
2022-01-14 20:12:43.501711,0.0,0.0,0.0
2022-01-14 20:12:44.009418,0.0,0.0,0.0
2022-01-14 20:12:44.504783,0.0,0.0,0.0
2022-01-14 20:12:45.002599,0.0,0.0,0.0
2022-01-14 20:12:45.506976,0.0,0.0,0.0
2022-01-14 20:12:46.003567,0.0,0.0,0.0
2022-01-14 20:12:46.508290,0.0,0.0,0.0
2022-01-14 20:12:47.006383,0.0,0.0,0.0
2022-01-14 20:12:47.501093,0.0,0.0,0.0
2022-01-14 20:12:48.008835,0.0,0.0,0.0
2022-01-14 20:12:48.503443,0.0,0.0,0.0
2022-01-14 20:12:49.001368,0.0,0.0,0.0
2022-01-14 20:12:49.509539,0.0,0.0,0.0
2022-01-14 20:12:50.006377,0.0,0.0,0.0
2022-01-14 20:12:50.502351,0.0,0.0,0.0
2022-01-14 20:12:51.010971,0.0,0.0,0.0
2022-01-14 20:12:51.504625,0.0,0.0,0.0
2022-01-14 20:12:52.002981,0.0,0.0,0.0
2022-01-14 20:12:52.509083,0.0,0.0,0.0
2022-01-14 20:12:53.010168,0.0,0.0,0.0
2022-01-14 20:12:53.504833,0.0,0.0,0.0
2022-01-14 20:12:54.003289,0.0,0.0,0.0
2022-01-14 20:12:54.509083,0.0,0.0,0.0
2022-01-14 20:12:55.007523,0.0,0.0,0.0
2022-01-14 20:12:55.502604,0.0,0.0,0.0
2022-01-14 20:12:56.010356,0.0,0.0,0.0
2022-01-14 20:12:56.504949,0.0,0.0,0.0
2022-01-14 20:12:57.002835,0.0,0.0,0.0
2022-01-14 20:12:57.507696,0.0,0.0,0.0
2022-01-14 20:12:58.006277,0.0,0.0,0.0
2022-01-14 20:12:59.004976,0.0,0.0,0.0
2022-01-14 20:12:59.501290,0.0,0.0,0.0
2022-01-14 20:13:00.008754,0.0,0.0,0.0
2022-01-14 20:13:01.005164,0.0,0.0,0.0
2022-01-14 20:13:01.510229,0.0,0.0,0.0
2022-01-14 20:13:02.008348,0.0,0.0,0.0
2022-01-14 20:13:02.503683,0.0,0.0,0.0
2022-01-14 20:13:03.001576,0.0,0.0,0.0
2022-01-14 20:13:03.507491,0.0,0.0,0.0
2022-01-14 20:13:04.006493,0.0,0.0,0.0
2022-01-14 20:13:04.501102,0.0,0.0,0.0
2022-01-14 20:13:05.009072,0.0,0.0,0.0
2022-01-14 20:13:05.504731,0.0,0.0,0.0
2022-01-14 20:13:06.002045,0.0,0.0,0.0
2022-01-14 20:13:06.507526,0.0,0.0,0.0
2022-01-14 20:13:07.004711,0.0,0.0,0.0
2022-01-14 20:13:07.507599,0.0,0.0,0.0
2022-01-14 20:13:08.006124,0.0,0.0,0.0
2022-01-14 20:13:08.502680,0.0,0.0,0.0
2022-01-14 20:13:09.010395,0.0,0.0,0.0
2022-01-14 20:13:09.505660,0.0,0.0,0.0
2022-01-14 20:13:10.000764,0.0,0.0,0.0
2022-01-14 20:13:10.505857,0.0,0.0,0.0
2022-01-14 20:13:11.004622,0.0,0.0,0.0
2022-01-14 20:13:11.510339,0.0,0.0,0.0
2022-01-14 20:13:12.008245,0.0,0.0,0.0
2022-01-14 20:13:12.503801,0.0,0.0,0.0
2022-01-14 20:13:13.001719,0.0,0.0,0.0
2022-01-14 20:13:13.508330,0.0,0.0,0.0
2022-01-14 20:13:14.006443,0.0,0.0,0.0
2022-01-14 20:13:14.502778,0.0,0.0,0.0
2022-01-14 20:13:15.010567,0.0,0.0,0.0
2022-01-14 20:13:15.505141,0.0,0.0,0.0
2022-01-14 20:13:16.002924,0.0,0.0,0.0
2022-01-14 20:13:16.508788,0.0,0.0,0.0
2022-01-14 20:13:17.006914,0.0,0.0,0.0
2022-01-14 20:13:17.503137,0.0,0.0,0.0
2022-01-14 20:13:18.010638,0.0,0.0,0.0
2022-01-14 20:13:18.505019,0.0,0.0,0.0
2022-01-14 20:13:19.002396,0.0,0.0,0.0
2022-01-14 20:13:19.507547,0.0,0.0,0.0
2022-01-14 20:13:20.005050,0.0,0.0,0.0
2022-01-14 20:13:20.509691,0.0,0.0,0.0
2022-01-14 20:13:21.006795,0.0,0.0,0.0
2022-01-14 20:13:21.502973,0.0,0.0,0.0
2022-01-14 20:13:22.002337,0.0,0.0,0.0
2022-01-14 20:13:22.508290,0.0,0.0,0.0
2022-01-14 20:13:23.005598,0.0,0.0,0.0
2022-01-14 20:13:23.510271,0.0,0.0,0.0
2022-01-14 20:13:24.008046,0.0,0.0,0.0
2022-01-14 20:13:24.503035,0.0,0.0,0.0
2022-01-14 20:13:25.001126,0.0,0.0,0.0
2022-01-14 20:13:25.501947,0.0,0.0,0.0
2022-01-14 20:13:26.010607,0.0,0.0,0.0
2022-01-14 20:13:26.505385,0.0,0.0,0.0
2022-01-14 20:13:27.003515,0.0,0.0,0.0
2022-01-14 20:13:27.509039,0.0,0.0,0.0
2022-01-14 20:13:28.006439,0.0,0.0,0.0
2022-01-14 20:13:28.511154,0.0,0.0,0.0
2022-01-14 20:13:29.009071,0.0,0.0,0.0
2022-01-14 20:13:29.502723,0.0,0.0,0.0
2022-01-14 20:13:30.003484,0.0,0.0,0.0
2022-01-14 20:13:30.503478,0.0,0.0,0.0
2022-01-14 20:13:31.007833,0.0,0.0,0.0
2022-01-14 20:13:31.501824,0.0,0.0,0.0
2022-01-14 20:13:32.010121,0.0,0.0,0.0
2022-01-14 20:13:32.505383,0.0,0.0,0.0
2022-01-14 20:13:33.002750,0.0,0.0,0.0
2022-01-14 20:13:33.508587,0.0,0.0,0.0
2022-01-14 20:13:34.008116,0.0,0.0,0.0
2022-01-14 20:13:34.503847,0.0,0.0,0.0
2022-01-14 20:13:35.005312,0.0,0.0,0.0
2022-01-14 20:13:35.511198,0.0,0.0,0.0
2022-01-14 20:13:36.009471,0.0,0.0,0.0
2022-01-14 20:13:36.504228,0.0,0.0,0.0
2022-01-14 20:13:37.002746,0.0,0.0,0.0
2022-01-14 20:13:37.508185,0.0,0.0,0.0
2022-01-14 20:13:38.005123,0.0,0.0,0.0
2022-01-14 20:13:38.503896,0.0,0.0,0.0
2022-01-14 20:13:39.002148,0.0,0.0,0.0
2022-01-14 20:13:39.510042,0.0,0.0,0.0
2022-01-14 20:13:40.009326,0.0,0.0,0.0
2022-01-14 20:13:40.503850,0.0,0.0,0.0
2022-01-14 20:13:41.001152,0.0,0.0,0.0
2022-01-14 20:13:41.505200,0.0,0.0,0.0
2022-01-14 20:13:42.003377,0.0,0.0,0.0
2022-01-14 20:13:42.507843,0.0,0.0,0.0
2022-01-14 20:13:43.005366,0.0,0.0,0.0
2022-01-14 20:13:43.509231,0.0,0.0,0.0
2022-01-14 20:13:44.008060,0.0,0.0,0.0
2022-01-14 20:13:44.505134,0.0,0.0,0.0
2022-01-14 20:13:45.002990,0.0,0.0,0.0
2022-01-14 20:13:45.508924,0.0,0.0,0.0
2022-01-14 20:13:46.006433,0.0,0.0,0.0
2022-01-14 20:13:46.510704,0.0,0.0,0.0
2022-01-14 20:13:47.008251,0.0,0.0,0.0
2022-01-14 20:13:47.503464,0.0,0.0,0.0
2022-01-14 20:13:48.002371,0.0,0.0,0.0
2022-01-14 20:13:48.509630,0.0,0.0,0.0
2022-01-14 20:13:49.007496,0.0,0.0,0.0
2022-01-14 20:13:49.502063,0.0,0.0,0.0
2022-01-14 20:13:50.009761,0.0,0.0,0.0
2022-01-14 20:13:50.504611,0.0,0.0,0.0
2022-01-14 20:13:51.504751,0.0,0.0,0.0
2022-01-14 20:13:52.003471,0.0,0.0,0.0
2022-01-14 20:13:52.508741,0.0,0.0,0.0
2022-01-14 20:13:53.006847,0.0,0.0,0.0
2022-01-14 20:13:53.502929,0.0,0.0,0.0
2022-01-14 20:13:54.010292,0.0,0.0,0.0
2022-01-14 20:13:54.504659,0.0,0.0,0.0
2022-01-14 20:13:55.002226,0.0,0.0,0.0
2022-01-14 20:13:55.507422,0.0,0.0,0.0
2022-01-14 20:13:56.007667,0.0,0.0,0.0
2022-01-14 20:13:56.501569,0.0,0.0,0.0
2022-01-14 20:13:57.001172,0.0,0.0,0.0
2022-01-14 20:13:57.506464,0.0,0.0,0.0
2022-01-14 20:13:58.005761,0.0,0.0,0.0
2022-01-14 20:13:58.510794,0.0,0.0,0.0
2022-01-14 20:13:59.008057,0.0,0.0,0.0
2022-01-14 20:13:59.502808,0.0,0.0,0.0
2022-01-14 20:14:00.001848,0.0,0.0,0.0
2022-01-14 20:14:00.504602,0.0,0.0,0.0
2022-01-14 20:14:01.002099,0.0,0.0,0.0
2022-01-14 20:14:01.506995,0.0,0.0,0.0
2022-01-14 20:14:02.006307,0.0,0.0,0.0
2022-01-14 20:14:02.511038,0.0,0.0,0.0
2022-01-14 20:14:03.001913,0.0,0.0,0.0
2022-01-14 20:14:03.507224,0.0,0.0,0.0
2022-01-14 20:14:04.006994,0.0,0.0,0.0
2022-01-14 20:14:04.510616,0.0,0.0,0.0
2022-01-14 20:14:05.008878,0.0,0.0,0.0
2022-01-14 20:14:05.505638,0.0,0.0,0.0
2022-01-14 20:14:06.005646,0.0,0.0,0.0
2022-01-14 20:14:06.501211,0.0,0.0,0.0
2022-01-14 20:14:07.009866,0.0,0.0,0.0
2022-01-14 20:14:07.505693,0.0,0.0,0.0
2022-01-14 20:14:08.004456,0.0,0.0,0.0
2022-01-14 20:14:08.508357,0.0,0.0,0.0
2022-01-14 20:14:09.005836,0.0,0.0,0.0
2022-01-14 20:14:09.502164,0.0,0.0,0.0
2022-01-14 20:14:10.008877,0.0,0.0,0.0
2022-01-14 20:14:10.505112,0.0,0.0,0.0
2022-01-14 20:14:11.002456,0.0,0.0,0.0
2022-01-14 20:14:11.507607,0.0,0.0,0.0
2022-01-14 20:14:12.004704,0.0,0.0,0.0
2022-01-14 20:14:12.509541,0.0,0.0,0.0
2022-01-14 20:14:13.007377,0.0,0.0,0.0
2022-01-14 20:14:13.502577,0.0,0.0,0.0
2022-01-14 20:14:14.001097,0.0,0.0,0.0
2022-01-14 20:14:14.508142,0.0,0.0,0.0
2022-01-14 20:14:15.005800,0.0,0.0,0.0
2022-01-14 20:14:15.501213,0.0,0.0,0.0
2022-01-14 20:14:16.009037,0.0,0.0,0.0
2022-01-14 20:14:16.505353,0.0,0.0,0.0
2022-01-14 20:14:17.003649,0.0,0.0,0.0
2022-01-14 20:14:17.509744,0.0,0.0,0.0
2022-01-14 20:14:18.007689,0.0,0.0,0.0
2022-01-14 20:14:18.502542,0.0,0.0,0.0
2022-01-14 20:14:19.002781,0.0,0.0,0.0
2022-01-14 20:14:19.507720,0.0,0.0,0.0
2022-01-14 20:14:20.005164,0.0,0.0,0.0
2022-01-14 20:14:20.511119,0.0,0.0,0.0
2022-01-14 20:14:21.010824,0.0,0.0,0.0
2022-01-14 20:14:21.506870,0.0,0.0,0.0
2022-01-14 20:14:22.004047,0.0,0.0,0.0
2022-01-14 20:14:22.508833,0.0,0.0,0.0
2022-01-14 20:14:23.005960,0.0,0.0,0.0
2022-01-14 20:14:23.504768,0.0,0.0,0.0
2022-01-14 20:14:24.002802,0.0,0.0,0.0
2022-01-14 20:14:24.507064,0.0,0.0,0.0
2022-01-14 20:14:25.002766,0.0,0.0,0.0
2022-01-14 20:14:25.506936,0.0,0.0,0.0
2022-01-14 20:14:26.004069,0.0,0.0,0.0
2022-01-14 20:14:26.510851,0.0,0.0,0.0
2022-01-14 20:14:27.008881,0.0,0.0,0.0
2022-01-14 20:14:27.503845,0.0,0.0,0.0
2022-01-14 20:14:28.002909,0.0,0.0,0.0
2022-01-14 20:14:28.507399,0.0,0.0,0.0
2022-01-14 20:14:29.004780,0.0,0.0,0.0
2022-01-14 20:14:29.509776,0.0,0.0,0.0
2022-01-14 20:14:30.001266,0.0,0.0,0.0
2022-01-14 20:14:30.501398,0.0,0.0,0.0
2022-01-14 20:14:31.009041,0.0,0.0,0.0
2022-01-14 20:14:31.503458,0.0,0.0,0.0
2022-01-14 20:14:32.011047,0.0,0.0,0.0
2022-01-14 20:14:32.504662,0.0,0.0,0.0
2022-01-14 20:14:33.001070,0.0,0.0,0.0
2022-01-14 20:14:33.507414,0.0,0.0,0.0
2022-01-14 20:14:34.004236,0.0,0.0,0.0
2022-01-14 20:14:34.509771,0.0,0.0,0.0
2022-01-14 20:14:35.006671,0.0,0.0,0.0
2022-01-14 20:14:35.509293,0.0,0.0,0.0
2022-01-14 20:14:36.006968,0.0,0.0,0.0
2022-01-14 20:14:36.504704,0.0,0.0,0.0
2022-01-14 20:14:37.002226,0.0,0.0,0.0
2022-01-14 20:14:37.506333,0.0,0.0,0.0
2022-01-14 20:14:38.004660,0.0,0.0,0.0
2022-01-14 20:14:38.508668,0.0,0.0,0.0
2022-01-14 20:14:39.007542,0.0,0.0,0.0
2022-01-14 20:14:39.502618,0.0,0.0,0.0
2022-01-14 20:14:40.009526,0.0,0.0,0.0
2022-01-14 20:14:40.504636,0.0,0.0,0.0
2022-01-14 20:14:41.001841,0.0,0.0,0.0
2022-01-14 20:14:41.507700,0.0,0.0,0.0
2022-01-14 20:14:42.005958,0.0,0.0,0.0
2022-01-14 20:14:42.501249,0.0,0.0,0.0
2022-01-14 20:14:43.008187,0.0,0.0,0.0
2022-01-14 20:14:43.503155,0.0,0.0,0.0
2022-01-14 20:14:44.001686,0.0,0.0,0.0
2022-01-14 20:14:44.506465,0.0,0.0,0.0
2022-01-14 20:14:45.005200,0.0,0.0,0.0
2022-01-14 20:14:45.502679,0.0,0.0,0.0
2022-01-14 20:14:46.009986,0.0,0.0,0.0
2022-01-14 20:14:46.505123,0.0,0.0,0.0
2022-01-14 20:14:47.004565,0.0,0.0,0.0
2022-01-14 20:14:47.509341,0.0,0.0,0.0
2022-01-14 20:14:48.007094,0.0,0.0,0.0
2022-01-14 20:14:48.501498,0.0,0.0,0.0
2022-01-14 20:14:49.009398,0.0,0.0,0.0
2022-01-14 20:14:49.506104,0.0,0.0,0.0
2022-01-14 20:14:50.004176,0.0,0.0,0.0
2022-01-14 20:14:50.508573,0.0,0.0,0.0
2022-01-14 20:14:51.006672,0.0,0.0,0.0
2022-01-14 20:14:51.509972,0.0,0.0,0.0
2022-01-14 20:14:52.007451,0.0,0.0,0.0
2022-01-14 20:14:52.502090,0.0,0.0,0.0
2022-01-14 20:14:53.001243,0.0,0.0,0.0
2022-01-14 20:14:53.505808,0.0,0.0,0.0
2022-01-14 20:14:54.004170,0.0,0.0,0.0
2022-01-14 20:14:54.510855,0.0,0.0,0.0
2022-01-14 20:14:55.008408,0.0,0.0,0.0
2022-01-14 20:14:55.503340,0.0,0.0,0.0
2022-01-14 20:14:56.010900,0.0,0.0,0.0
2022-01-14 20:14:56.504727,0.0,0.0,0.0
2022-01-14 20:14:57.001653,0.0,0.0,0.0
2022-01-14 20:14:57.507420,0.0,0.0,0.0
2022-01-14 20:14:58.004994,0.0,0.0,0.0
2022-01-14 20:14:58.510584,0.0,0.0,0.0
2022-01-14 20:14:59.008732,0.0,0.0,0.0
2022-01-14 20:14:59.503294,0.0,0.0,0.0
2022-01-14 20:15:00.001244,0.0,0.0,0.0
2022-01-14 20:15:00.507438,0.0,0.0,0.0
2022-01-14 20:15:01.004693,0.0,0.0,0.0
2022-01-14 20:15:01.509086,0.0,0.0,0.0
2022-01-14 20:15:02.006675,0.0,0.0,0.0
2022-01-14 20:15:02.501498,0.0,0.0,0.0
2022-01-14 20:15:03.008432,0.0,0.0,0.0
2022-01-14 20:15:03.502188,0.0,0.0,0.0
2022-01-14 20:15:04.010319,0.0,0.0,0.0
2022-01-14 20:15:04.504701,0.0,0.0,0.0
2022-01-14 20:15:05.002506,0.0,0.0,0.0
2022-01-14 20:15:05.508349,0.0,0.0,0.0
2022-01-14 20:15:06.005555,0.0,0.0,0.0
2022-01-14 20:15:06.510349,0.0,0.0,0.0
2022-01-14 20:15:07.009285,0.0,0.0,0.0
2022-01-14 20:15:07.505586,0.0,0.0,0.0
2022-01-14 20:15:08.004108,0.0,0.0,0.0
2022-01-14 20:15:08.508682,0.0,0.0,0.0
2022-01-14 20:15:09.005621,0.0,0.0,0.0
2022-01-14 20:15:09.510571,0.0,0.0,0.0
2022-01-14 20:15:10.006490,0.0,0.0,0.0
2022-01-14 20:15:10.510854,0.0,0.0,0.0
2022-01-14 20:15:11.008698,0.0,0.0,0.0
2022-01-14 20:15:11.504121,0.0,0.0,0.0
2022-01-14 20:15:12.004630,0.0,0.0,0.0
2022-01-14 20:15:12.509595,0.0,0.0,0.0
2022-01-14 20:15:13.005776,0.0,0.0,0.0
2022-01-14 20:15:13.501192,0.0,0.0,0.0
2022-01-14 20:15:14.010107,0.0,0.0,0.0
2022-01-14 20:15:14.504158,0.0,0.0,0.0
2022-01-14 20:15:15.001353,0.0,0.0,0.0
2022-01-14 20:15:15.504966,0.0,0.0,0.0
2022-01-14 20:15:16.001714,0.0,0.0,0.0
2022-01-14 20:15:16.506868,0.0,0.0,0.0
2022-01-14 20:15:17.005840,0.0,0.0,0.0
2022-01-14 20:15:17.501488,0.0,0.0,0.0
2022-01-14 20:15:18.010318,0.0,0.0,0.0
2022-01-14 20:15:18.505136,0.0,0.0,0.0
2022-01-14 20:15:19.001760,0.0,0.0,0.0
2022-01-14 20:15:19.507425,0.0,0.0,0.0
2022-01-14 20:15:20.005440,0.0,0.0,0.0
2022-01-14 20:15:20.509391,0.0,0.0,0.0
2022-01-14 20:15:21.009569,0.0,0.0,0.0
2022-01-14 20:15:21.503073,0.0,0.0,0.0
2022-01-14 20:15:22.002447,0.0,0.0,0.0
2022-01-14 20:15:22.507597,0.0,0.0,0.0
2022-01-14 20:15:23.005144,0.0,0.0,0.0
2022-01-14 20:15:23.501537,0.0,0.0,0.0
2022-01-14 20:15:24.008273,0.0,0.0,0.0
2022-01-14 20:15:24.503786,0.0,0.0,0.0
2022-01-14 20:15:25.011124,0.0,0.0,0.0
2022-01-14 20:15:25.508714,0.0,0.0,0.0
2022-01-14 20:15:26.006136,0.0,0.0,0.0
2022-01-14 20:15:26.510165,0.0,0.0,0.0
2022-01-14 20:15:27.007644,0.0,0.0,0.0
2022-01-14 20:15:27.503715,0.0,0.0,0.0
2022-01-14 20:15:28.001259,0.0,0.0,0.0
2022-01-14 20:15:28.504997,0.0,0.0,0.0
2022-01-14 20:15:29.002215,0.0,0.0,0.0
2022-01-14 20:15:29.508885,0.0,0.0,0.0
2022-01-14 20:15:30.006978,0.0,0.0,0.0
2022-01-14 20:15:30.501812,0.0,0.0,0.0
2022-01-14 20:15:31.009589,0.0,0.0,0.0
2022-01-14 20:15:31.505685,0.0,0.0,0.0
2022-01-14 20:15:32.003553,0.0,0.0,0.0
2022-01-14 20:15:32.506116,0.0,0.0,0.0
2022-01-14 20:15:33.003246,0.0,0.0,0.0
2022-01-14 20:15:33.509535,0.0,0.0,0.0
2022-01-14 20:15:34.008221,0.0,0.0,0.0
2022-01-14 20:15:34.503369,0.0,0.0,0.0
2022-01-14 20:15:35.001252,0.0,0.0,0.0
2022-01-14 20:15:35.506805,0.0,0.0,0.0
2022-01-14 20:15:36.005682,0.0,0.0,0.0
2022-01-14 20:15:36.501617,0.0,0.0,0.0
2022-01-14 20:15:37.010636,0.0,0.0,0.0
2022-01-14 20:15:37.506630,0.0,0.0,0.0
2022-01-14 20:15:38.005167,0.0,0.0,0.0
2022-01-14 20:15:38.502792,0.0,0.0,0.0
2022-01-14 20:15:39.010292,0.0,0.0,0.0
2022-01-14 20:15:39.504002,0.0,0.0,0.0
2022-01-14 20:15:40.001631,0.0,0.0,0.0
2022-01-14 20:15:40.508114,0.0,0.0,0.0
2022-01-14 20:15:41.006407,0.0,0.0,0.0
2022-01-14 20:15:41.502045,0.0,0.0,0.0
2022-01-14 20:15:42.009831,0.0,0.0,0.0
2022-01-14 20:15:42.505426,0.0,0.0,0.0
2022-01-14 20:15:43.003098,0.0,0.0,0.0
2022-01-14 20:15:43.507889,0.0,0.0,0.0
2022-01-14 20:15:44.005587,0.0,0.0,0.0
2022-01-14 20:15:44.510299,0.0,0.0,0.0
2022-01-14 20:15:45.007564,0.0,0.0,0.0
2022-01-14 20:15:45.501963,0.0,0.0,0.0
2022-01-14 20:15:46.010829,0.0,0.0,0.0
2022-01-14 20:15:46.505475,0.0,0.0,0.0
2022-01-14 20:15:47.003645,0.0,0.0,0.0
2022-01-14 20:15:47.509658,0.0,0.0,0.0
2022-01-14 20:15:48.006560,0.0,0.0,0.0
2022-01-14 20:15:48.501590,0.0,0.0,0.0
2022-01-14 20:15:49.001254,0.0,0.0,0.0
2022-01-14 20:15:49.506643,0.0,0.0,0.0
2022-01-14 20:15:50.004178,0.0,0.0,0.0
2022-01-14 20:15:50.509100,0.0,0.0,0.0
2022-01-14 20:15:51.006367,0.0,0.0,0.0
2022-01-14 20:15:51.502142,0.0,0.0,0.0
2022-01-14 20:15:52.001958,0.0,0.0,0.0
2022-01-14 20:15:52.507133,0.0,0.0,0.0
2022-01-14 20:15:53.003601,0.0,0.0,0.0
2022-01-14 20:15:53.508284,0.0,0.0,0.0
2022-01-14 20:15:54.002776,0.0,0.0,0.0
2022-01-14 20:15:54.508612,0.0,0.0,0.0
2022-01-14 20:15:55.004236,0.0,0.0,0.0
2022-01-14 20:15:55.509761,0.0,0.0,0.0
2022-01-14 20:15:56.008544,0.0,0.0,0.0
2022-01-14 20:15:56.504299,0.0,0.0,0.0
2022-01-14 20:15:57.003550,0.0,0.0,0.0
2022-01-14 20:15:57.507643,0.0,0.0,0.0
2022-01-14 20:15:58.005170,0.0,0.0,0.0
2022-01-14 20:15:58.509726,0.0,0.0,0.0
2022-01-14 20:15:59.009017,0.0,0.0,0.0
2022-01-14 20:15:59.503543,0.0,0.0,0.0
2022-01-14 20:16:00.002291,0.0,0.0,0.0
2022-01-14 20:16:00.510550,0.0,0.0,0.0
2022-01-14 20:16:01.009719,0.0,0.0,0.0
2022-01-14 20:16:01.504183,0.0,0.0,0.0
2022-01-14 20:16:02.002347,0.0,0.0,0.0
2022-01-14 20:16:02.509477,0.0,0.0,0.0
2022-01-14 20:16:03.010170,0.0,0.0,0.0
2022-01-14 20:16:03.504121,0.0,0.0,0.0
2022-01-14 20:16:04.001410,0.0,0.0,0.0
2022-01-14 20:16:04.505628,0.0,0.0,0.0
2022-01-14 20:16:05.004035,0.0,0.0,0.0
2022-01-14 20:16:05.510329,0.0,0.0,0.0
2022-01-14 20:16:06.007846,0.0,0.0,0.0
2022-01-14 20:16:06.502957,0.0,0.0,0.0
2022-01-14 20:16:07.010666,0.0,0.0,0.0
2022-01-14 20:16:07.506403,0.0,0.0,0.0
2022-01-14 20:16:08.004169,0.0,0.0,0.0
2022-01-14 20:16:08.508363,0.0,0.0,0.0
2022-01-14 20:16:09.005593,0.0,0.0,0.0
2022-01-14 20:16:09.510827,0.0,0.0,0.0
2022-01-14 20:16:10.009531,0.0,0.0,0.0
2022-01-14 20:16:10.504684,0.0,0.0,0.0
2022-01-14 20:16:11.001756,0.0,0.0,0.0
2022-01-14 20:16:11.506894,0.0,0.0,0.0
2022-01-14 20:16:12.005163,0.0,0.0,0.0
2022-01-14 20:16:12.509242,0.0,0.0,0.0
2022-01-14 20:16:13.007083,0.0,0.0,0.0
2022-01-14 20:16:13.502151,0.0,0.0,0.0
2022-01-14 20:16:14.010043,0.0,0.0,0.0
2022-01-14 20:16:14.506724,0.0,0.0,0.0
2022-01-14 20:16:15.005044,0.0,0.0,0.0
2022-01-14 20:16:15.510793,0.0,0.0,0.0
2022-01-14 20:16:16.008473,0.0,0.0,0.0
2022-01-14 20:16:16.502693,0.0,0.0,0.0
2022-01-14 20:16:17.009243,0.0,0.0,0.0
2022-01-14 20:16:17.503544,0.0,0.0,0.0
2022-01-14 20:16:18.001543,0.0,0.0,0.0
2022-01-14 20:16:18.506138,0.0,0.0,0.0
2022-01-14 20:16:19.006493,0.0,0.0,0.0
2022-01-14 20:16:19.501725,0.0,0.0,0.0
2022-01-14 20:16:20.009511,0.0,0.0,0.0
2022-01-14 20:16:20.502863,0.0,0.0,0.0
2022-01-14 20:16:21.504796,0.0,0.0,0.0
2022-01-14 20:16:22.002058,0.0,0.0,0.0
2022-01-14 20:16:22.506597,0.0,0.0,0.0
2022-01-14 20:16:23.004486,0.0,0.0,0.0
2022-01-14 20:16:23.508700,0.0,0.0,0.0
2022-01-14 20:16:24.008483,0.0,0.0,0.0
2022-01-14 20:16:24.503191,0.0,0.0,0.0
2022-01-14 20:16:25.001177,0.0,0.0,0.0
2022-01-14 20:16:25.505643,0.0,0.0,0.0
2022-01-14 20:16:26.003888,0.0,0.0,0.0
2022-01-14 20:16:26.508975,0.0,0.0,0.0
2022-01-14 20:16:27.006365,0.0,0.0,0.0
2022-01-14 20:16:27.510011,0.0,0.0,0.0
2022-01-14 20:16:28.007121,0.0,0.0,0.0
2022-01-14 20:16:28.502786,0.0,0.0,0.0
2022-01-14 20:16:29.010890,0.0,0.0,0.0
2022-01-14 20:16:29.506039,0.0,0.0,0.0
2022-01-14 20:16:30.004780,0.0,0.0,0.0
2022-01-14 20:16:30.508920,0.0,0.0,0.0
2022-01-14 20:16:31.005292,0.0,0.0,0.0
2022-01-14 20:16:31.509036,0.0,0.0,0.0
2022-01-14 20:16:32.006824,0.0,0.0,0.0
2022-01-14 20:16:32.502245,0.0,0.0,0.0
2022-01-14 20:16:33.001901,0.0,0.0,0.0
2022-01-14 20:16:33.507271,0.0,0.0,0.0
2022-01-14 20:16:34.005088,0.0,0.0,0.0
2022-01-14 20:16:34.508930,0.0,0.0,0.0
2022-01-14 20:16:35.007277,0.0,0.0,0.0
2022-01-14 20:16:35.502007,0.0,0.0,0.0
2022-01-14 20:16:36.003696,0.0,0.0,0.0
2022-01-14 20:16:36.508524,0.0,0.0,0.0
2022-01-14 20:16:37.006431,0.0,0.0,0.0
2022-01-14 20:16:37.502504,0.0,0.0,0.0
2022-01-14 20:16:38.010803,0.0,0.0,0.0
2022-01-14 20:16:38.506511,0.0,0.0,0.0
2022-01-14 20:16:39.004748,0.0,0.0,0.0
2022-01-14 20:16:39.509370,0.0,0.0,0.0
2022-01-14 20:16:40.008297,0.0,0.0,0.0
2022-01-14 20:16:40.502408,0.0,0.0,0.0
2022-01-14 20:16:41.001785,0.0,0.0,0.0
2022-01-14 20:16:41.506933,0.0,0.0,0.0
2022-01-14 20:16:42.005481,0.0,0.0,0.0
2022-01-14 20:16:42.510540,0.0,0.0,0.0
2022-01-14 20:16:43.008691,0.0,0.0,0.0
2022-01-14 20:16:43.503471,0.0,0.0,0.0
2022-01-14 20:16:44.001164,0.0,0.0,0.0
2022-01-14 20:16:44.505817,0.0,0.0,0.0
2022-01-14 20:16:45.005467,0.0,0.0,0.0
2022-01-14 20:16:45.502683,0.0,0.0,0.0
2022-01-14 20:16:46.002279,0.0,0.0,0.0
2022-01-14 20:16:46.501775,0.0,0.0,0.0
2022-01-14 20:16:47.001928,0.0,0.0,0.0
2022-01-14 20:16:47.506767,0.0,0.0,0.0
2022-01-14 20:16:48.004189,0.0,0.0,0.0
2022-01-14 20:16:48.509111,0.0,0.0,0.0
2022-01-14 20:16:49.009348,0.0,0.0,0.0
2022-01-14 20:16:49.506345,0.0,0.0,0.0
2022-01-14 20:16:50.004490,0.0,0.0,0.0
2022-01-14 20:16:50.510936,0.0,0.0,0.0
2022-01-14 20:16:51.010018,0.0,0.0,0.0
2022-01-14 20:16:51.505076,0.0,0.0,0.0
2022-01-14 20:16:52.003047,0.0,0.0,0.0
2022-01-14 20:16:52.507623,0.0,0.0,0.0
2022-01-14 20:16:53.005492,0.0,0.0,0.0
2022-01-14 20:16:53.511039,0.0,0.0,0.0
2022-01-14 20:16:54.008678,0.0,0.0,0.0
2022-01-14 20:16:54.502598,0.0,0.0,0.0
2022-01-14 20:16:55.008635,0.0,0.0,0.0
2022-01-14 20:16:55.502590,0.0,0.0,0.0
2022-01-14 20:16:56.001595,0.0,0.0,0.0
2022-01-14 20:16:56.508062,0.0,0.0,0.0
2022-01-14 20:16:57.004743,0.0,0.0,0.0
2022-01-14 20:16:57.508525,0.0,0.0,0.0
2022-01-14 20:16:58.006200,0.0,0.0,0.0
2022-01-14 20:16:58.502547,0.0,0.0,0.0
2022-01-14 20:16:59.010791,0.0,0.0,0.0
2022-01-14 20:16:59.505371,0.0,0.0,0.0
2022-01-14 20:17:00.005183,0.0,0.0,0.0
2022-01-14 20:17:01.005123,0.0,0.0,0.0
2022-01-14 20:17:01.510120,0.0,0.0,0.0
2022-01-14 20:17:02.007058,0.0,0.0,0.0
2022-01-14 20:17:02.502043,0.0,0.0,0.0
2022-01-14 20:17:03.009802,0.0,0.0,0.0
2022-01-14 20:17:03.504382,0.0,0.0,0.0
2022-01-14 20:17:04.003635,0.0,0.0,0.0
2022-01-14 20:17:04.509434,0.0,0.0,0.0
2022-01-14 20:17:05.006660,0.0,0.0,0.0
2022-01-14 20:17:05.510778,0.0,0.0,0.0
2022-01-14 20:17:06.008390,0.0,0.0,0.0
2022-01-14 20:17:06.502419,0.0,0.0,0.0
2022-01-14 20:17:07.010102,0.0,0.0,0.0
2022-01-14 20:17:07.506305,0.0,0.0,0.0
2022-01-14 20:17:08.004992,0.0,0.0,0.0
2022-01-14 20:17:08.501584,0.0,0.0,0.0
2022-01-14 20:17:09.010135,0.0,0.0,0.0
2022-01-14 20:17:09.506440,0.0,0.0,0.0
2022-01-14 20:17:10.005693,0.0,0.0,0.0
2022-01-14 20:17:10.510876,0.0,0.0,0.0
2022-01-14 20:17:11.009387,0.0,0.0,0.0
2022-01-14 20:17:11.503878,0.0,0.0,0.0
2022-01-14 20:17:12.001504,0.0,0.0,0.0
2022-01-14 20:17:12.506124,0.0,0.0,0.0
2022-01-14 20:17:13.004570,0.0,0.0,0.0
2022-01-14 20:17:13.510072,0.0,0.0,0.0
2022-01-14 20:17:14.008326,0.0,0.0,0.0
2022-01-14 20:17:14.501380,0.0,0.0,0.0
2022-01-14 20:17:15.009598,0.0,0.0,0.0
2022-01-14 20:17:15.503806,0.0,0.0,0.0
2022-01-14 20:17:16.505030,0.0,0.0,0.0
2022-01-14 20:17:17.001622,0.0,0.0,0.0
2022-01-14 20:17:17.505649,0.0,0.0,0.0
2022-01-14 20:17:18.005403,0.0,0.0,0.0
2022-01-14 20:17:18.509835,0.0,0.0,0.0
2022-01-14 20:17:19.007526,0.0,0.0,0.0
2022-01-14 20:17:19.501158,0.0,0.0,0.0
2022-01-14 20:17:20.008561,0.0,0.0,0.0
2022-01-14 20:17:20.502700,0.0,0.0,0.0
2022-01-14 20:17:21.010593,0.0,0.0,0.0
2022-01-14 20:17:21.505474,0.0,0.0,0.0
2022-01-14 20:17:22.002254,0.0,0.0,0.0
2022-01-14 20:17:22.508237,0.0,0.0,0.0
2022-01-14 20:17:23.006706,0.0,0.0,0.0
2022-01-14 20:17:23.503378,0.0,0.0,0.0
2022-01-14 20:17:24.001477,0.0,0.0,0.0
2022-01-14 20:17:24.506593,0.0,0.0,0.0
2022-01-14 20:17:25.004476,0.0,0.0,0.0
2022-01-14 20:17:25.509227,0.0,0.0,0.0
2022-01-14 20:17:26.008011,0.0,0.0,0.0
2022-01-14 20:17:26.503501,0.0,0.0,0.0
2022-01-14 20:17:27.001108,0.0,0.0,0.0
2022-01-14 20:17:27.506622,0.0,0.0,0.0
2022-01-14 20:17:28.005200,0.0,0.0,0.0
2022-01-14 20:17:28.501189,0.0,0.0,0.0
2022-01-14 20:17:29.009280,0.0,0.0,0.0
2022-01-14 20:17:29.505702,0.0,0.0,0.0
2022-01-14 20:17:30.004174,0.0,0.0,0.0
2022-01-14 20:17:30.510445,0.0,0.0,0.0
2022-01-14 20:17:31.009674,0.0,0.0,0.0
2022-01-14 20:17:31.505613,0.0,0.0,0.0
2022-01-14 20:17:32.004690,0.0,0.0,0.0
2022-01-14 20:17:32.509253,0.0,0.0,0.0
2022-01-14 20:17:33.006422,0.0,0.0,0.0
2022-01-14 20:17:33.510674,0.0,0.0,0.0
2022-01-14 20:17:34.009957,0.0,0.0,0.0
2022-01-14 20:17:34.505029,0.0,0.0,0.0
2022-01-14 20:17:35.003870,0.0,0.0,0.0
2022-01-14 20:17:35.510233,0.0,0.0,0.0
2022-01-14 20:17:36.010398,0.0,0.0,0.0
2022-01-14 20:17:36.505867,0.0,0.0,0.0
2022-01-14 20:17:37.003472,0.0,0.0,0.0
2022-01-14 20:17:37.509003,0.0,0.0,0.0
2022-01-14 20:17:38.007229,0.0,0.0,0.0
2022-01-14 20:17:38.501820,0.0,0.0,0.0
2022-01-14 20:17:39.504629,0.0,0.0,0.0
2022-01-14 20:17:40.003069,0.0,0.0,0.0
2022-01-14 20:17:40.508044,0.0,0.0,0.0
2022-01-14 20:17:41.006772,0.0,0.0,0.0
2022-01-14 20:17:41.501527,0.0,0.0,0.0
2022-01-14 20:17:42.009883,0.0,0.0,0.0
2022-01-14 20:17:42.505428,0.0,0.0,0.0
2022-01-14 20:17:43.003486,0.0,0.0,0.0
2022-01-14 20:17:43.508437,0.0,0.0,0.0
2022-01-14 20:17:44.006391,0.0,0.0,0.0
2022-01-14 20:17:44.511202,0.0,0.0,0.0
2022-01-14 20:17:45.008727,0.0,0.0,0.0
2022-01-14 20:17:45.507113,0.0,0.0,0.0
2022-01-14 20:17:46.005573,0.0,0.0,0.0
2022-01-14 20:17:46.510775,0.0,0.0,0.0
2022-01-14 20:17:47.009416,0.0,0.0,0.0
2022-01-14 20:17:47.504737,0.0,0.0,0.0
2022-01-14 20:17:48.001531,0.0,0.0,0.0
2022-01-14 20:17:48.506250,0.0,0.0,0.0
2022-01-14 20:17:49.003922,0.0,0.0,0.0
2022-01-14 20:17:49.510413,0.0,0.0,0.0
2022-01-14 20:17:50.009193,0.0,0.0,0.0
2022-01-14 20:17:50.505100,0.0,0.0,0.0
2022-01-14 20:17:51.002615,0.0,0.0,0.0
2022-01-14 20:17:51.508543,0.0,0.0,0.0
2022-01-14 20:17:52.006197,0.0,0.0,0.0
2022-01-14 20:17:52.501894,0.0,0.0,0.0
2022-01-14 20:17:53.001042,0.0,0.0,0.0
2022-01-14 20:17:53.504434,0.0,0.0,0.0
2022-01-14 20:17:54.003471,0.0,0.0,0.0
2022-01-14 20:17:54.507900,0.0,0.0,0.0
2022-01-14 20:17:55.005803,0.0,0.0,0.0
2022-01-14 20:17:55.508294,0.0,0.0,0.0
2022-01-14 20:17:56.006710,0.0,0.0,0.0
2022-01-14 20:17:56.502205,0.0,0.0,0.0
2022-01-14 20:17:57.010204,0.0,0.0,0.0
2022-01-14 20:17:57.505573,0.0,0.0,0.0
2022-01-14 20:17:58.003217,0.0,0.0,0.0
2022-01-14 20:17:58.507901,0.0,0.0,0.0
2022-01-14 20:17:59.007003,0.0,0.0,0.0
2022-01-14 20:17:59.501739,0.0,0.0,0.0
2022-01-14 20:18:00.002079,0.0,0.0,0.0
2022-01-14 20:18:00.507049,0.0,0.0,0.0
2022-01-14 20:18:01.005047,0.0,0.0,0.0
2022-01-14 20:18:01.510426,0.0,0.0,0.0
2022-01-14 20:18:02.008426,0.0,0.0,0.0
2022-01-14 20:18:02.504586,0.0,0.0,0.0
2022-01-14 20:18:03.002012,0.0,0.0,0.0
2022-01-14 20:18:03.507083,0.0,0.0,0.0
2022-01-14 20:18:04.005228,0.0,0.0,0.0
2022-01-14 20:18:04.510151,0.0,0.0,0.0
2022-01-14 20:18:05.007815,0.0,0.0,0.0
2022-01-14 20:18:05.502306,0.0,0.0,0.0
2022-01-14 20:18:06.010135,0.0,0.0,0.0
2022-01-14 20:18:06.507887,0.0,0.0,0.0
2022-01-14 20:18:07.005904,0.0,0.0,0.0
2022-01-14 20:18:07.510787,0.0,0.0,0.0
2022-01-14 20:18:08.009510,0.0,0.0,0.0
2022-01-14 20:18:08.504018,0.0,0.0,0.0
2022-01-14 20:18:09.001479,0.0,0.0,0.0
2022-01-14 20:18:09.506692,0.0,0.0,0.0
2022-01-14 20:18:10.002875,0.0,0.0,0.0
2022-01-14 20:18:10.507390,0.0,0.0,0.0
2022-01-14 20:18:11.005559,0.0,0.0,0.0
2022-01-14 20:18:11.501769,0.0,0.0,0.0
2022-01-14 20:18:12.001273,0.0,0.0,0.0
2022-01-14 20:18:12.506956,0.0,0.0,0.0
2022-01-14 20:18:13.004070,0.0,0.0,0.0
2022-01-14 20:18:13.509751,0.0,0.0,0.0
2022-01-14 20:18:14.008655,0.0,0.0,0.0
2022-01-14 20:18:14.502331,0.0,0.0,0.0
2022-01-14 20:18:15.010247,0.0,0.0,0.0
2022-01-14 20:18:15.504049,0.0,0.0,0.0
2022-01-14 20:18:16.003028,0.0,0.0,0.0
2022-01-14 20:18:16.508246,0.0,0.0,0.0
2022-01-14 20:18:17.005814,0.0,0.0,0.0
2022-01-14 20:18:17.509650,0.0,0.0,0.0
2022-01-14 20:18:18.007234,0.0,0.0,0.0
2022-01-14 20:18:18.502699,0.0,0.0,0.0
2022-01-14 20:18:19.001131,0.0,0.0,0.0
2022-01-14 20:18:19.507398,0.0,0.0,0.0
2022-01-14 20:18:20.004564,0.0,0.0,0.0
2022-01-14 20:18:20.510765,0.0,0.0,0.0
2022-01-14 20:18:21.008554,0.0,0.0,0.0
2022-01-14 20:18:21.503378,0.0,0.0,0.0
2022-01-14 20:18:22.001554,0.0,0.0,0.0
2022-01-14 20:18:22.506741,0.0,0.0,0.0
2022-01-14 20:18:23.004413,0.0,0.0,0.0
2022-01-14 20:18:23.508796,0.0,0.0,0.0
2022-01-14 20:18:24.006247,0.0,0.0,0.0
2022-01-14 20:18:24.510929,0.0,0.0,0.0
2022-01-14 20:18:25.009186,0.0,0.0,0.0
2022-01-14 20:18:25.502736,0.0,0.0,0.0
2022-01-14 20:18:26.010932,0.0,0.0,0.0
2022-01-14 20:18:26.505107,0.0,0.0,0.0
2022-01-14 20:18:27.003901,0.0,0.0,0.0
2022-01-14 20:18:27.509220,0.0,0.0,0.0
2022-01-14 20:18:28.006147,0.0,0.0,0.0
2022-01-14 20:18:28.510928,0.0,0.0,0.0
2022-01-14 20:18:29.008793,0.0,0.0,0.0
2022-01-14 20:18:29.505300,0.0,0.0,0.0
2022-01-14 20:18:30.004322,0.0,0.0,0.0
2022-01-14 20:18:30.509272,0.0,0.0,0.0
2022-01-14 20:18:31.007201,0.0,0.0,0.0
2022-01-14 20:18:31.511131,0.0,0.0,0.0
2022-01-14 20:18:32.009028,0.0,0.0,0.0
2022-01-14 20:18:32.505163,0.0,0.0,0.0
2022-01-14 20:18:33.003053,0.0,0.0,0.0
2022-01-14 20:18:33.508621,0.0,0.0,0.0
2022-01-14 20:18:34.006948,0.0,0.0,0.0
2022-01-14 20:18:34.509751,0.0,0.0,0.0
2022-01-14 20:18:35.008862,0.0,0.0,0.0
2022-01-14 20:18:35.504135,0.0,0.0,0.0
2022-01-14 20:18:36.001633,0.0,0.0,0.0
2022-01-14 20:18:36.507685,0.0,0.0,0.0
2022-01-14 20:18:37.008230,0.0,0.0,0.0
2022-01-14 20:18:37.503218,0.0,0.0,0.0
2022-01-14 20:18:38.001459,0.0,0.0,0.0
2022-01-14 20:18:38.506833,0.0,0.0,0.0
2022-01-14 20:18:39.004639,0.0,0.0,0.0
2022-01-14 20:18:39.508576,0.0,0.0,0.0
2022-01-14 20:18:40.006394,0.0,0.0,0.0
2022-01-14 20:18:40.501070,0.0,0.0,0.0
2022-01-14 20:18:41.007894,0.0,0.0,0.0
2022-01-14 20:18:41.502208,0.0,0.0,0.0
2022-01-14 20:18:42.010033,0.0,0.0,0.0
2022-01-14 20:18:42.506164,0.0,0.0,0.0
2022-01-14 20:18:43.004696,0.0,0.0,0.0
2022-01-14 20:18:43.510897,0.0,0.0,0.0
2022-01-14 20:18:44.010249,0.0,0.0,0.0
2022-01-14 20:18:44.507323,0.0,0.0,0.0
2022-01-14 20:18:45.005492,0.0,0.0,0.0
2022-01-14 20:18:45.501171,0.0,0.0,0.0
2022-01-14 20:18:46.009611,0.0,0.0,0.0
2022-01-14 20:18:46.505146,0.0,0.0,0.0
2022-01-14 20:18:47.002871,0.0,0.0,0.0
2022-01-14 20:18:47.507364,0.0,0.0,0.0
2022-01-14 20:18:48.005220,0.0,0.0,0.0
2022-01-14 20:18:48.510760,0.0,0.0,0.0
2022-01-14 20:18:49.007669,0.0,0.0,0.0
2022-01-14 20:18:49.501701,0.0,0.0,0.0
2022-01-14 20:18:50.010563,0.0,0.0,0.0
2022-01-14 20:18:50.507550,0.0,0.0,0.0
2022-01-14 20:18:51.005184,0.0,0.0,0.0
2022-01-14 20:18:51.503428,0.0,0.0,0.0
2022-01-14 20:18:52.001557,0.0,0.0,0.0
2022-01-14 20:18:52.508736,0.0,0.0,0.0
2022-01-14 20:18:53.006471,0.0,0.0,0.0
2022-01-14 20:18:53.502663,0.0,0.0,0.0
2022-01-14 20:18:54.009680,0.0,0.0,0.0
2022-01-14 20:18:54.506939,0.0,0.0,0.0
2022-01-14 20:18:55.004271,0.0,0.0,0.0
2022-01-14 20:18:55.510555,0.0,0.0,0.0
2022-01-14 20:18:56.008486,0.0,0.0,0.0
2022-01-14 20:18:56.504138,0.0,0.0,0.0
2022-01-14 20:18:57.001866,0.0,0.0,0.0
2022-01-14 20:18:57.507174,0.0,0.0,0.0
2022-01-14 20:18:58.004462,0.0,0.0,0.0
2022-01-14 20:18:58.509301,0.0,0.0,0.0
2022-01-14 20:18:59.006934,0.0,0.0,0.0
2022-01-14 20:18:59.501590,0.0,0.0,0.0
2022-01-14 20:19:00.001255,0.0,0.0,0.0
2022-01-14 20:19:00.506138,0.0,0.0,0.0
2022-01-14 20:19:01.003339,0.0,0.0,0.0
2022-01-14 20:19:01.508525,0.0,0.0,0.0
2022-01-14 20:19:02.007401,0.0,0.0,0.0
2022-01-14 20:19:02.511102,0.0,0.0,0.0
2022-01-14 20:19:03.008938,0.0,0.0,0.0
2022-01-14 20:19:03.504785,0.0,0.0,0.0
2022-01-14 20:19:04.002398,0.0,0.0,0.0
2022-01-14 20:19:04.509254,0.0,0.0,0.0
2022-01-14 20:19:05.008801,0.0,0.0,0.0
2022-01-14 20:19:05.504246,0.0,0.0,0.0
2022-01-14 20:19:06.002290,0.0,0.0,0.0
2022-01-14 20:19:06.505943,0.0,0.0,0.0
2022-01-14 20:19:07.003927,0.0,0.0,0.0
2022-01-14 20:19:07.509772,0.0,0.0,0.0
2022-01-14 20:19:08.006362,0.0,0.0,0.0
2022-01-14 20:19:08.501374,0.0,0.0,0.0
2022-01-14 20:19:09.010026,0.0,0.0,0.0
2022-01-14 20:19:09.504718,0.0,0.0,0.0
2022-01-14 20:19:10.002319,0.0,0.0,0.0
2022-01-14 20:19:10.507390,0.0,0.0,0.0
2022-01-14 20:19:11.005310,0.0,0.0,0.0
2022-01-14 20:19:11.509011,0.0,0.0,0.0
2022-01-14 20:19:12.006752,0.0,0.0,0.0
2022-01-14 20:19:12.501780,0.0,0.0,0.0
2022-01-14 20:19:13.504739,0.0,0.0,0.0
2022-01-14 20:19:14.002424,0.0,0.0,0.0
2022-01-14 20:19:14.507746,0.0,0.0,0.0
2022-01-14 20:19:15.007061,0.0,0.0,0.0
2022-01-14 20:19:15.508976,0.0,0.0,0.0
2022-01-14 20:19:16.008403,0.0,0.0,0.0
2022-01-14 20:19:16.503696,0.0,0.0,0.0
2022-01-14 20:19:17.010921,0.0,0.0,0.0
2022-01-14 20:19:17.505443,0.0,0.0,0.0
2022-01-14 20:19:18.004523,0.0,0.0,0.0
2022-01-14 20:19:18.508984,0.0,0.0,0.0
2022-01-14 20:19:19.007323,0.0,0.0,0.0
2022-01-14 20:19:19.501601,0.0,0.0,0.0
2022-01-14 20:19:20.008784,0.0,0.0,0.0
2022-01-14 20:19:20.504513,0.0,0.0,0.0
2022-01-14 20:19:21.001584,0.0,0.0,0.0
2022-01-14 20:19:21.506247,0.0,0.0,0.0
2022-01-14 20:19:22.004135,0.0,0.0,0.0
2022-01-14 20:19:22.511227,0.0,0.0,0.0
2022-01-14 20:19:23.008602,0.0,0.0,0.0
2022-01-14 20:19:23.503879,0.0,0.0,0.0
2022-01-14 20:19:24.001503,0.0,0.0,0.0
2022-01-14 20:19:24.507277,0.0,0.0,0.0
2022-01-14 20:19:25.005819,0.0,0.0,0.0
2022-01-14 20:19:25.510614,0.0,0.0,0.0
2022-01-14 20:19:26.007613,0.0,0.0,0.0
2022-01-14 20:19:26.502723,0.0,0.0,0.0
2022-01-14 20:19:27.002080,0.0,0.0,0.0
2022-01-14 20:19:27.508140,0.0,0.0,0.0
2022-01-14 20:19:28.006123,0.0,0.0,0.0
2022-01-14 20:19:28.510799,0.0,0.0,0.0
2022-01-14 20:19:29.008428,0.0,0.0,0.0
2022-01-14 20:19:29.502336,0.0,0.0,0.0
2022-01-14 20:19:30.001066,0.0,0.0,0.0
2022-01-14 20:19:30.506256,0.0,0.0,0.0
2022-01-14 20:19:31.003330,0.0,0.0,0.0
2022-01-14 20:19:31.506176,0.0,0.0,0.0
2022-01-14 20:19:32.005107,0.0,0.0,0.0
2022-01-14 20:19:32.509867,0.0,0.0,0.0
2022-01-14 20:19:33.008183,0.0,0.0,0.0
2022-01-14 20:19:33.502319,0.0,0.0,0.0
2022-01-14 20:19:34.001839,0.0,0.0,0.0
2022-01-14 20:19:34.506907,0.0,0.0,0.0
2022-01-14 20:19:35.003907,0.0,0.0,0.0
2022-01-14 20:19:35.510823,0.0,0.0,0.0
2022-01-14 20:19:36.009229,0.0,0.0,0.0
2022-01-14 20:19:36.508787,0.0,0.0,0.0
2022-01-14 20:19:37.005647,0.0,0.0,0.0
2022-01-14 20:19:37.501660,0.0,0.0,0.0
2022-01-14 20:19:38.010900,0.0,0.0,0.0
2022-01-14 20:19:38.506182,0.0,0.0,0.0
2022-01-14 20:19:39.005874,0.0,0.0,0.0
2022-01-14 20:19:39.511005,0.0,0.0,0.0
2022-01-14 20:19:40.009060,0.0,0.0,0.0
2022-01-14 20:19:40.505701,0.0,0.0,0.0
2022-01-14 20:19:41.003790,0.0,0.0,0.0
2022-01-14 20:19:41.507395,0.0,0.0,0.0
2022-01-14 20:19:42.005734,0.0,0.0,0.0
2022-01-14 20:19:42.509874,0.0,0.0,0.0
2022-01-14 20:19:43.008859,0.0,0.0,0.0
2022-01-14 20:19:43.508231,0.0,0.0,0.0
2022-01-14 20:19:44.006352,0.0,0.0,0.0
2022-01-14 20:19:44.501163,0.0,0.0,0.0
2022-01-14 20:19:45.011081,0.0,0.0,0.0
2022-01-14 20:19:45.506078,0.0,0.0,0.0
2022-01-14 20:19:46.004730,0.0,0.0,0.0
2022-01-14 20:19:46.511123,0.0,0.0,0.0
2022-01-14 20:19:47.009781,0.0,0.0,0.0
2022-01-14 20:19:47.504892,0.0,0.0,0.0
2022-01-14 20:19:48.002131,0.0,0.0,0.0
2022-01-14 20:19:48.508062,0.0,0.0,0.0
2022-01-14 20:19:49.005475,0.0,0.0,0.0
2022-01-14 20:19:49.501639,0.0,0.0,0.0
2022-01-14 20:19:50.009189,0.0,0.0,0.0
2022-01-14 20:19:50.503908,0.0,0.0,0.0
2022-01-14 20:19:51.001696,0.0,0.0,0.0
2022-01-14 20:19:51.505795,0.0,0.0,0.0
2022-01-14 20:19:52.004518,0.0,0.0,0.0
2022-01-14 20:19:52.508859,0.0,0.0,0.0
2022-01-14 20:19:53.005881,0.0,0.0,0.0
2022-01-14 20:19:53.510716,0.0,0.0,0.0
2022-01-14 20:19:54.009617,0.0,0.0,0.0
2022-01-14 20:19:54.506480,0.0,0.0,0.0
2022-01-14 20:19:55.003780,0.0,0.0,0.0
2022-01-14 20:19:55.508178,0.0,0.0,0.0
2022-01-14 20:19:56.006023,0.0,0.0,0.0
2022-01-14 20:19:56.511063,0.0,0.0,0.0
2022-01-14 20:19:57.010092,0.0,0.0,0.0
2022-01-14 20:19:57.505649,0.0,0.0,0.0
2022-01-14 20:19:58.004135,0.0,0.0,0.0
2022-01-14 20:19:58.509185,0.0,0.0,0.0
2022-01-14 20:19:59.007700,0.0,0.0,0.0
2022-01-14 20:19:59.503599,0.0,0.0,0.0
2022-01-14 20:20:00.002100,0.0,0.0,0.0
2022-01-14 20:20:00.507573,0.0,0.0,0.0
2022-01-14 20:20:01.004610,0.0,0.0,0.0
2022-01-14 20:20:01.510605,0.0,0.0,0.0
2022-01-14 20:20:02.009157,0.0,0.0,0.0
2022-01-14 20:20:02.504522,0.0,0.0,0.0
2022-01-14 20:20:03.002687,0.0,0.0,0.0
2022-01-14 20:20:03.507568,0.0,0.0,0.0
2022-01-14 20:20:04.005817,0.0,0.0,0.0
2022-01-14 20:20:04.510991,0.0,0.0,0.0
2022-01-14 20:20:05.009114,0.0,0.0,0.0
2022-01-14 20:20:05.504384,0.0,0.0,0.0
2022-01-14 20:20:06.002210,0.0,0.0,0.0
2022-01-14 20:20:06.507720,0.0,0.0,0.0
2022-01-14 20:20:07.005271,0.0,0.0,0.0
2022-01-14 20:20:07.510165,0.0,0.0,0.0
2022-01-14 20:20:08.008885,0.0,0.0,0.0
2022-01-14 20:20:08.501201,0.0,0.0,0.0
2022-01-14 20:20:09.008735,0.0,0.0,0.0
2022-01-14 20:20:09.501951,0.0,0.0,0.0
2022-01-14 20:20:10.009782,0.0,0.0,0.0
2022-01-14 20:20:10.503820,0.0,0.0,0.0
2022-01-14 20:20:11.002693,0.0,0.0,0.0
2022-01-14 20:20:11.507670,0.0,0.0,0.0
2022-01-14 20:20:12.004817,0.0,0.0,0.0
2022-01-14 20:20:12.509718,0.0,0.0,0.0
2022-01-14 20:20:13.006576,0.0,0.0,0.0
2022-01-14 20:20:13.502116,0.0,0.0,0.0
2022-01-14 20:20:14.010954,0.0,0.0,0.0
2022-01-14 20:20:14.506323,0.0,0.0,0.0
2022-01-14 20:20:15.005536,0.0,0.0,0.0
2022-01-14 20:20:15.501759,0.0,0.0,0.0
2022-01-14 20:20:16.010972,0.0,0.0,0.0
2022-01-14 20:20:16.504421,0.0,0.0,0.0
2022-01-14 20:20:17.002336,0.0,0.0,0.0
2022-01-14 20:20:17.507197,0.0,0.0,0.0
2022-01-14 20:20:18.005751,0.0,0.0,0.0
2022-01-14 20:20:18.510460,0.0,0.0,0.0
2022-01-14 20:20:19.008833,0.0,0.0,0.0
2022-01-14 20:20:19.504117,0.0,0.0,0.0
2022-01-14 20:20:20.003736,0.0,0.0,0.0
2022-01-14 20:20:20.510211,0.0,0.0,0.0
2022-01-14 20:20:21.008387,0.0,0.0,0.0
2022-01-14 20:20:21.503651,0.0,0.0,0.0
2022-01-14 20:20:22.001183,0.0,0.0,0.0
2022-01-14 20:20:22.505762,0.0,0.0,0.0
2022-01-14 20:20:23.002170,0.0,0.0,0.0
2022-01-14 20:20:23.507330,0.0,0.0,0.0
2022-01-14 20:20:24.005376,0.0,0.0,0.0
2022-01-14 20:20:24.501512,0.0,0.0,0.0
2022-01-14 20:20:25.008044,0.0,0.0,0.0
2022-01-14 20:20:25.502915,0.0,0.0,0.0
2022-01-14 20:20:26.010838,0.0,0.0,0.0
2022-01-14 20:20:26.504325,0.0,0.0,0.0
2022-01-14 20:20:27.002806,0.0,0.0,0.0
2022-01-14 20:20:27.508229,0.0,0.0,0.0
2022-01-14 20:20:28.006369,0.0,0.0,0.0
2022-01-14 20:20:28.501270,0.0,0.0,0.0
2022-01-14 20:20:29.009588,0.0,0.0,0.0
2022-01-14 20:20:29.507436,0.0,0.0,0.0
2022-01-14 20:20:30.005763,0.0,0.0,0.0
2022-01-14 20:20:30.510074,0.0,0.0,0.0
2022-01-14 20:20:31.007359,0.0,0.0,0.0
2022-01-14 20:20:31.510899,0.0,0.0,0.0
2022-01-14 20:20:32.009103,0.0,0.0,0.0
2022-01-14 20:20:32.503708,0.0,0.0,0.0
2022-01-14 20:20:33.010835,0.0,0.0,0.0
2022-01-14 20:20:33.507548,0.0,0.0,0.0
2022-01-14 20:20:34.005756,0.0,0.0,0.0
2022-01-14 20:20:34.501430,0.0,0.0,0.0
2022-01-14 20:20:35.008639,0.0,0.0,0.0
2022-01-14 20:20:35.504982,0.0,0.0,0.0
2022-01-14 20:20:36.002752,0.0,0.0,0.0
2022-01-14 20:20:36.507436,0.0,0.0,0.0
2022-01-14 20:20:37.005034,0.0,0.0,0.0
2022-01-14 20:20:37.509380,0.0,0.0,0.0
2022-01-14 20:20:38.010582,0.0,0.0,0.0
2022-01-14 20:20:38.506966,0.0,0.0,0.0
2022-01-14 20:20:39.004496,0.0,0.0,0.0
2022-01-14 20:20:39.509873,0.0,0.0,0.0
2022-01-14 20:20:40.007797,0.0,0.0,0.0
2022-01-14 20:20:40.501794,0.0,0.0,0.0
2022-01-14 20:20:41.010093,0.0,0.0,0.0
2022-01-14 20:20:41.504520,0.0,0.0,0.0
2022-01-14 20:20:42.002839,0.0,0.0,0.0
2022-01-14 20:20:42.507649,0.0,0.0,0.0
2022-01-14 20:20:43.004916,0.0,0.0,0.0
2022-01-14 20:20:43.509177,0.0,0.0,0.0
2022-01-14 20:20:44.008677,0.0,0.0,0.0
2022-01-14 20:20:44.503042,0.0,0.0,0.0
2022-01-14 20:20:45.010669,0.0,0.0,0.0
2022-01-14 20:20:45.505906,0.0,0.0,0.0
2022-01-14 20:20:46.005083,0.0,0.0,0.0
2022-01-14 20:20:46.510879,0.0,0.0,0.0
2022-01-14 20:20:47.009015,0.0,0.0,0.0
2022-01-14 20:20:47.504291,0.0,0.0,0.0
2022-01-14 20:20:48.006733,0.0,0.0,0.0
2022-01-14 20:20:48.501838,0.0,0.0,0.0
2022-01-14 20:20:49.006343,0.0,0.0,0.0
2022-01-14 20:20:49.501609,0.0,0.0,0.0
2022-01-14 20:20:50.009532,0.0,0.0,0.0
2022-01-14 20:20:50.506519,0.0,0.0,0.0
2022-01-14 20:20:51.004004,0.0,0.0,0.0
2022-01-14 20:20:51.508718,0.0,0.0,0.0
2022-01-14 20:20:52.005210,0.0,0.0,0.0
2022-01-14 20:20:52.501076,0.0,0.0,0.0
2022-01-14 20:20:53.008074,0.0,0.0,0.0
2022-01-14 20:20:53.511125,0.0,0.0,0.0
2022-01-14 20:20:54.007363,0.0,0.0,0.0
2022-01-14 20:20:54.501902,0.0,0.0,0.0
2022-01-14 20:20:55.001122,0.0,0.0,0.0
2022-01-14 20:20:55.508419,0.0,0.0,0.0
2022-01-14 20:20:56.006401,0.0,0.0,0.0
2022-01-14 20:20:57.004884,0.0,0.0,0.0
2022-01-14 20:20:57.510117,0.0,0.0,0.0
2022-01-14 20:20:58.007065,0.0,0.0,0.0
2022-01-14 20:20:58.501468,0.0,0.0,0.0
2022-01-14 20:20:59.010497,0.0,0.0,0.0
2022-01-14 20:20:59.506140,0.0,0.0,0.0
2022-01-14 20:21:00.004428,0.0,0.0,0.0
2022-01-14 20:21:00.509600,0.0,0.0,0.0
2022-01-14 20:21:01.008570,0.0,0.0,0.0
2022-01-14 20:21:01.504384,0.0,0.0,0.0
2022-01-14 20:21:02.001707,0.0,0.0,0.0
2022-01-14 20:21:02.506188,0.0,0.0,0.0
2022-01-14 20:21:03.004196,0.0,0.0,0.0
2022-01-14 20:21:03.508572,0.0,0.0,0.0
2022-01-14 20:21:04.006923,0.0,0.0,0.0
2022-01-14 20:21:04.511061,0.0,0.0,0.0
2022-01-14 20:21:05.009183,0.0,0.0,0.0
2022-01-14 20:21:05.504954,0.0,0.0,0.0
2022-01-14 20:21:06.001345,0.0,0.0,0.0
2022-01-14 20:21:06.506168,0.0,0.0,0.0
2022-01-14 20:21:07.003453,0.0,0.0,0.0
2022-01-14 20:21:07.508738,0.0,0.0,0.0
2022-01-14 20:21:08.006002,0.0,0.0,0.0
2022-01-14 20:21:08.503448,0.0,0.0,0.0
2022-01-14 20:21:09.001132,0.0,0.0,0.0
2022-01-14 20:21:09.506976,0.0,0.0,0.0
2022-01-14 20:21:10.002817,0.0,0.0,0.0
2022-01-14 20:21:10.507228,0.0,0.0,0.0
2022-01-14 20:21:11.006010,0.0,0.0,0.0
2022-01-14 20:21:11.510617,0.0,0.0,0.0
2022-01-14 20:21:12.010914,0.0,0.0,0.0
2022-01-14 20:21:12.508662,0.0,0.0,0.0
2022-01-14 20:21:13.005594,0.0,0.0,0.0
2022-01-14 20:21:13.510678,0.0,0.0,0.0
2022-01-14 20:21:14.007987,0.0,0.0,0.0
2022-01-14 20:21:14.504262,0.0,0.0,0.0
2022-01-14 20:21:15.002271,0.0,0.0,0.0
2022-01-14 20:21:15.508198,0.0,0.0,0.0
2022-01-14 20:21:16.005690,0.0,0.0,0.0
2022-01-14 20:21:16.510426,0.0,0.0,0.0
2022-01-14 20:21:17.009755,0.0,0.0,0.0
2022-01-14 20:21:17.504345,0.0,0.0,0.0
2022-01-14 20:21:18.003143,0.0,0.0,0.0
2022-01-14 20:21:18.508638,0.0,0.0,0.0
2022-01-14 20:21:19.006341,0.0,0.0,0.0
2022-01-14 20:21:19.511112,0.0,0.0,0.0
2022-01-14 20:21:20.008444,0.0,0.0,0.0
2022-01-14 20:21:20.503484,0.0,0.0,0.0
2022-01-14 20:21:21.001156,0.0,0.0,0.0
2022-01-14 20:21:21.507762,0.0,0.0,0.0
2022-01-14 20:21:22.005717,0.0,0.0,0.0
2022-01-14 20:21:22.510994,0.0,0.0,0.0
2022-01-14 20:21:23.009814,0.0,0.0,0.0
2022-01-14 20:21:23.503772,0.0,0.0,0.0
2022-01-14 20:21:24.001691,0.0,0.0,0.0
2022-01-14 20:21:24.505544,0.0,0.0,0.0
2022-01-14 20:21:25.001188,0.0,0.0,0.0
2022-01-14 20:21:25.505767,0.0,0.0,0.0
2022-01-14 20:21:26.005112,0.0,0.0,0.0
2022-01-14 20:21:26.511159,0.0,0.0,0.0
2022-01-14 20:21:27.009424,0.0,0.0,0.0
2022-01-14 20:21:27.505053,0.0,0.0,0.0
2022-01-14 20:21:28.002651,0.0,0.0,0.0
2022-01-14 20:21:28.507088,0.0,0.0,0.0
2022-01-14 20:21:29.005229,0.0,0.0,0.0
2022-01-14 20:21:29.510188,0.0,0.0,0.0
2022-01-14 20:21:30.007367,0.0,0.0,0.0
2022-01-14 20:21:30.504752,0.0,0.0,0.0
2022-01-14 20:21:31.002330,0.0,0.0,0.0
2022-01-14 20:21:31.505829,0.0,0.0,0.0
2022-01-14 20:21:32.003565,0.0,0.0,0.0
