時間,回転１,回転２,回転３
2022-01-14 19:00:00.007129,0.0,0.0,0.0
2022-01-14 19:00:00.504567,0.0,0.0,0.0
2022-01-14 19:00:01.003151,0.0,0.0,0.0
2022-01-14 19:00:01.509917,0.0,0.0,0.0
2022-01-14 19:00:02.009020,0.0,0.0,0.0
2022-01-14 19:00:02.502017,0.0,0.0,0.0
2022-01-14 19:00:03.009200,0.0,0.0,0.0
2022-01-14 19:00:03.505226,0.0,0.0,0.0
2022-01-14 19:00:04.003666,0.0,0.0,0.0
2022-01-14 19:00:04.506846,0.0,0.0,0.0
2022-01-14 19:00:05.009062,0.0,0.0,0.0
2022-01-14 19:00:05.506561,0.0,0.0,0.0
2022-01-14 19:00:06.004903,0.0,0.0,0.0
2022-01-14 19:00:06.509571,0.0,0.0,0.0
2022-01-14 19:00:07.007574,0.0,0.0,0.0
2022-01-14 19:00:07.502718,0.0,0.0,0.0
2022-01-14 19:00:08.000988,0.0,0.0,0.0
2022-01-14 19:00:08.505806,0.0,0.0,0.0
2022-01-14 19:00:09.004770,0.0,0.0,0.0
2022-01-14 19:00:09.511030,0.0,0.0,0.0
2022-01-14 19:00:10.009027,0.0,0.0,0.0
2022-01-14 19:00:10.503746,0.0,0.0,0.0
2022-01-14 19:00:11.002227,0.0,0.0,0.0
2022-01-14 19:00:11.505621,0.0,0.0,0.0
2022-01-14 19:00:12.003401,0.0,0.0,0.0
2022-01-14 19:00:12.508005,0.0,0.0,0.0
2022-01-14 19:00:13.002724,0.0,0.0,0.0
2022-01-14 19:00:13.502465,0.0,0.0,0.0
2022-01-14 19:00:14.006766,0.0,0.0,0.0
2022-01-14 19:00:14.503160,0.0,0.0,0.0
2022-01-14 19:00:15.002040,0.0,0.0,0.0
2022-01-14 19:00:15.508861,0.0,0.0,0.0
2022-01-14 19:00:16.009095,0.0,0.0,0.0
2022-01-14 19:00:16.502115,0.0,0.0,0.0
2022-01-14 19:00:17.001139,0.0,0.0,0.0
2022-01-14 19:00:17.506052,0.0,0.0,0.0
2022-01-14 19:00:18.004297,0.0,0.0,0.0
2022-01-14 19:00:18.509553,0.0,0.0,0.0
2022-01-14 19:00:19.008174,0.0,0.0,0.0
2022-01-14 19:00:19.502775,0.0,0.0,0.0
2022-01-14 19:00:20.008380,0.0,0.0,0.0
2022-01-14 19:00:20.502642,0.0,0.0,0.0
2022-01-14 19:00:21.009873,0.0,0.0,0.0
2022-01-14 19:00:21.505167,0.0,0.0,0.0
2022-01-14 19:00:22.004133,0.0,0.0,0.0
2022-01-14 19:00:22.509477,0.0,0.0,0.0
2022-01-14 19:00:23.008659,0.0,0.0,0.0
2022-01-14 19:00:23.502321,0.0,0.0,0.0
2022-01-14 19:00:24.010641,0.0,0.0,0.0
2022-01-14 19:00:24.505315,0.0,0.0,0.0
2022-01-14 19:00:25.006300,0.0,0.0,0.0
2022-01-14 19:00:25.501662,0.0,0.0,0.0
2022-01-14 19:00:26.010486,0.0,0.0,0.0
2022-01-14 19:00:26.505747,0.0,0.0,0.0
2022-01-14 19:00:27.004771,0.0,0.0,0.0
2022-01-14 19:00:27.502995,0.0,0.0,0.0
2022-01-14 19:00:28.010020,0.0,0.0,0.0
2022-01-14 19:00:28.505200,0.0,0.0,0.0
2022-01-14 19:00:29.001805,0.0,0.0,0.0
2022-01-14 19:00:29.507381,0.0,0.0,0.0
2022-01-14 19:00:30.005224,0.0,0.0,0.0
2022-01-14 19:00:30.501828,0.0,0.0,0.0
2022-01-14 19:00:31.010204,0.0,0.0,0.0
2022-01-14 19:00:31.504346,0.0,0.0,0.0
2022-01-14 19:00:32.002176,0.0,0.0,0.0
2022-01-14 19:00:32.508837,0.0,0.0,0.0
2022-01-14 19:00:33.006818,0.0,0.0,0.0
2022-01-14 19:00:33.502509,0.0,0.0,0.0
2022-01-14 19:00:34.011024,0.0,0.0,0.0
2022-01-14 19:00:34.504396,0.0,0.0,0.0
2022-01-14 19:00:35.002475,0.0,0.0,0.0
2022-01-14 19:00:35.508017,0.0,0.0,0.0
2022-01-14 19:00:36.006004,0.0,0.0,0.0
2022-01-14 19:00:36.501598,0.0,0.0,0.0
2022-01-14 19:00:37.001500,0.0,0.0,0.0
2022-01-14 19:00:37.506420,0.0,0.0,0.0
2022-01-14 19:00:38.004777,0.0,0.0,0.0
2022-01-14 19:00:38.509424,0.0,0.0,0.0
2022-01-14 19:00:39.007502,0.0,0.0,0.0
2022-01-14 19:00:39.503173,0.0,0.0,0.0
2022-01-14 19:00:40.001178,0.0,0.0,0.0
2022-01-14 19:00:40.506749,0.0,0.0,0.0
2022-01-14 19:00:41.005172,0.0,0.0,0.0
2022-01-14 19:00:41.506059,0.0,0.0,0.0
2022-01-14 19:00:42.005869,0.0,0.0,0.0
2022-01-14 19:00:42.510963,0.0,0.0,0.0
2022-01-14 19:00:43.008961,0.0,0.0,0.0
2022-01-14 19:00:43.503854,0.0,0.0,0.0
2022-01-14 19:00:44.001669,0.0,0.0,0.0
2022-01-14 19:00:44.506836,0.0,0.0,0.0
2022-01-14 19:00:45.005373,0.0,0.0,0.0
2022-01-14 19:00:45.504673,0.0,0.0,0.0
2022-01-14 19:00:46.002476,0.0,0.0,0.0
2022-01-14 19:00:46.508662,0.0,0.0,0.0
2022-01-14 19:00:47.006332,0.0,0.0,0.0
2022-01-14 19:00:47.503624,0.0,0.0,0.0
2022-01-14 19:00:48.001902,0.0,0.0,0.0
2022-01-14 19:00:48.506414,0.0,0.0,0.0
2022-01-14 19:00:49.005923,0.0,0.0,0.0
2022-01-14 19:00:49.502119,0.0,0.0,0.0
2022-01-14 19:00:50.001791,0.0,0.0,0.0
2022-01-14 19:00:50.505278,0.0,0.0,0.0
2022-01-14 19:00:51.003044,0.0,0.0,0.0
2022-01-14 19:00:51.501106,0.0,0.0,0.0
2022-01-14 19:00:52.008754,0.0,0.0,0.0
2022-01-14 19:00:52.504158,0.0,0.0,0.0
2022-01-14 19:00:53.002068,0.0,0.0,0.0
2022-01-14 19:00:53.507436,0.0,0.0,0.0
2022-01-14 19:00:54.005679,0.0,0.0,0.0
2022-01-14 19:00:54.503276,0.0,0.0,0.0
2022-01-14 19:00:55.010385,0.0,0.0,0.0
2022-01-14 19:00:55.506131,0.0,0.0,0.0
2022-01-14 19:00:56.005281,0.0,0.0,0.0
2022-01-14 19:00:56.510242,0.0,0.0,0.0
2022-01-14 19:00:57.009161,0.0,0.0,0.0
2022-01-14 19:00:57.502254,0.0,0.0,0.0
2022-01-14 19:00:58.001334,0.0,0.0,0.0
2022-01-14 19:00:58.509098,0.0,0.0,0.0
2022-01-14 19:00:59.005634,0.0,0.0,0.0
2022-01-14 19:01:00.005507,0.0,0.0,0.0
2022-01-14 19:01:00.508746,0.0,0.0,0.0
2022-01-14 19:01:01.006320,0.0,0.0,0.0
2022-01-14 19:01:01.501640,0.0,0.0,0.0
2022-01-14 19:01:02.010571,0.0,0.0,0.0
2022-01-14 19:01:02.505534,0.0,0.0,0.0
2022-01-14 19:01:03.004111,0.0,0.0,0.0
2022-01-14 19:01:03.507822,0.0,0.0,0.0
2022-01-14 19:01:04.006806,0.0,0.0,0.0
2022-01-14 19:01:04.501136,0.0,0.0,0.0
2022-01-14 19:01:05.001114,0.0,0.0,0.0
2022-01-14 19:01:05.508191,0.0,0.0,0.0
2022-01-14 19:01:06.006061,0.0,0.0,0.0
2022-01-14 19:01:06.510535,0.0,0.0,0.0
2022-01-14 19:01:07.006831,0.0,0.0,0.0
2022-01-14 19:01:07.501256,0.0,0.0,0.0
2022-01-14 19:01:08.009253,0.0,0.0,0.0
2022-01-14 19:01:08.504437,0.0,0.0,0.0
2022-01-14 19:01:09.002319,0.0,0.0,0.0
2022-01-14 19:01:09.508060,0.0,0.0,0.0
2022-01-14 19:01:10.006137,0.0,0.0,0.0
2022-01-14 19:01:10.508134,0.0,0.0,0.0
2022-01-14 19:01:11.009265,0.0,0.0,0.0
2022-01-14 19:01:11.502785,0.0,0.0,0.0
2022-01-14 19:01:12.010250,0.0,0.0,0.0
2022-01-14 19:01:12.510219,0.0,0.0,0.0
2022-01-14 19:01:13.009966,0.0,0.0,0.0
2022-01-14 19:01:13.504583,0.0,0.0,0.0
2022-01-14 19:01:14.002203,0.0,0.0,0.0
2022-01-14 19:01:14.506535,0.0,0.0,0.0
2022-01-14 19:01:15.005680,0.0,0.0,0.0
2022-01-14 19:01:15.510581,0.0,0.0,0.0
2022-01-14 19:01:16.010201,0.0,0.0,0.0
2022-01-14 19:01:16.505590,0.0,0.0,0.0
2022-01-14 19:01:17.003351,0.0,0.0,0.0
2022-01-14 19:01:17.508316,0.0,0.0,0.0
2022-01-14 19:01:18.006867,0.0,0.0,0.0
2022-01-14 19:01:18.501694,0.0,0.0,0.0
2022-01-14 19:01:19.009907,0.0,0.0,0.0
2022-01-14 19:01:19.504807,0.0,0.0,0.0
2022-01-14 19:01:20.002245,0.0,0.0,0.0
2022-01-14 19:01:20.509860,0.0,0.0,0.0
2022-01-14 19:01:21.009237,0.0,0.0,0.0
2022-01-14 19:01:21.503185,0.0,0.0,0.0
2022-01-14 19:01:22.001122,0.0,0.0,0.0
2022-01-14 19:01:22.508531,0.0,0.0,0.0
2022-01-14 19:01:23.007517,0.0,0.0,0.0
2022-01-14 19:01:23.501082,0.0,0.0,0.0
2022-01-14 19:01:24.009731,0.0,0.0,0.0
2022-01-14 19:01:24.505683,0.0,0.0,0.0
2022-01-14 19:01:25.004465,0.0,0.0,0.0
2022-01-14 19:01:25.509774,0.0,0.0,0.0
2022-01-14 19:01:26.008564,0.0,0.0,0.0
2022-01-14 19:01:26.504329,0.0,0.0,0.0
2022-01-14 19:01:27.002417,0.0,0.0,0.0
2022-01-14 19:01:27.507886,0.0,0.0,0.0
2022-01-14 19:01:28.004322,0.0,0.0,0.0
2022-01-14 19:01:28.509513,0.0,0.0,0.0
2022-01-14 19:01:29.008725,0.0,0.0,0.0
2022-01-14 19:01:29.504385,0.0,0.0,0.0
2022-01-14 19:01:30.002945,0.0,0.0,0.0
2022-01-14 19:01:30.508966,0.0,0.0,0.0
2022-01-14 19:01:31.006439,0.0,0.0,0.0
2022-01-14 19:01:31.501590,0.0,0.0,0.0
2022-01-14 19:01:32.010081,0.0,0.0,0.0
2022-01-14 19:01:32.505852,0.0,0.0,0.0
2022-01-14 19:01:33.002892,0.0,0.0,0.0
2022-01-14 19:01:33.506933,0.0,0.0,0.0
2022-01-14 19:01:34.008515,0.0,0.0,0.0
2022-01-14 19:01:34.505381,0.0,0.0,0.0
2022-01-14 19:01:35.005553,0.0,0.0,0.0
2022-01-14 19:01:35.509818,0.0,0.0,0.0
2022-01-14 19:01:36.006350,0.0,0.0,0.0
2022-01-14 19:01:36.510794,0.0,0.0,0.0
2022-01-14 19:01:37.008307,0.0,0.0,0.0
2022-01-14 19:01:37.503285,0.0,0.0,0.0
2022-01-14 19:01:38.010685,0.0,0.0,0.0
2022-01-14 19:01:38.507974,0.0,0.0,0.0
2022-01-14 19:01:39.005674,0.0,0.0,0.0
2022-01-14 19:01:39.510263,0.0,0.0,0.0
2022-01-14 19:01:40.008332,0.0,0.0,0.0
2022-01-14 19:01:40.503003,0.0,0.0,0.0
2022-01-14 19:01:41.010700,0.0,0.0,0.0
2022-01-14 19:01:41.506394,0.0,0.0,0.0
2022-01-14 19:01:42.004725,0.0,0.0,0.0
2022-01-14 19:01:42.501643,0.0,0.0,0.0
2022-01-14 19:01:43.002554,0.0,0.0,0.0
2022-01-14 19:01:43.506793,0.0,0.0,0.0
2022-01-14 19:01:44.005623,0.0,0.0,0.0
2022-01-14 19:01:44.503062,0.0,0.0,0.0
2022-01-14 19:01:45.002428,0.0,0.0,0.0
2022-01-14 19:01:45.507795,0.0,0.0,0.0
2022-01-14 19:01:46.006758,0.0,0.0,0.0
2022-01-14 19:01:46.502015,0.0,0.0,0.0
2022-01-14 19:01:47.001566,0.0,0.0,0.0
2022-01-14 19:01:47.509003,0.0,0.0,0.0
2022-01-14 19:01:48.006648,0.0,0.0,0.0
2022-01-14 19:01:48.502260,0.0,0.0,0.0
2022-01-14 19:01:49.010341,0.0,0.0,0.0
2022-01-14 19:01:49.505695,0.0,0.0,0.0
2022-01-14 19:01:50.005787,0.0,0.0,0.0
2022-01-14 19:01:50.511018,0.0,0.0,0.0
2022-01-14 19:01:51.008772,0.0,0.0,0.0
2022-01-14 19:01:51.504794,0.0,0.0,0.0
2022-01-14 19:01:52.004310,0.0,0.0,0.0
2022-01-14 19:01:52.509736,0.0,0.0,0.0
2022-01-14 19:01:53.006706,0.0,0.0,0.0
2022-01-14 19:01:54.005274,0.0,0.0,0.0
2022-01-14 19:01:54.510588,0.0,0.0,0.0
2022-01-14 19:01:55.009258,0.0,0.0,0.0
2022-01-14 19:01:55.504665,0.0,0.0,0.0
2022-01-14 19:01:56.002703,0.0,0.0,0.0
2022-01-14 19:01:56.509130,0.0,0.0,0.0
2022-01-14 19:01:57.007813,0.0,0.0,0.0
2022-01-14 19:01:57.501572,0.0,0.0,0.0
2022-01-14 19:01:58.009941,0.0,0.0,0.0
2022-01-14 19:01:58.504707,0.0,0.0,0.0
2022-01-14 19:01:59.001698,0.0,0.0,0.0
2022-01-14 19:01:59.507378,0.0,0.0,0.0
2022-01-14 19:02:00.005527,0.0,0.0,0.0
2022-01-14 19:02:00.510707,0.0,0.0,0.0
2022-01-14 19:02:01.010349,0.0,0.0,0.0
2022-01-14 19:02:01.502584,0.0,0.0,0.0
2022-01-14 19:02:02.010411,0.0,0.0,0.0
2022-01-14 19:02:02.504907,0.0,0.0,0.0
2022-01-14 19:02:03.002657,0.0,0.0,0.0
2022-01-14 19:02:03.501951,0.0,0.0,0.0
2022-01-14 19:02:04.010765,0.0,0.0,0.0
2022-01-14 19:02:04.505720,0.0,0.0,0.0
2022-01-14 19:02:05.006464,0.0,0.0,0.0
2022-01-14 19:02:05.504956,0.0,0.0,0.0
2022-01-14 19:02:06.002420,0.0,0.0,0.0
2022-01-14 19:02:06.507165,0.0,0.0,0.0
2022-01-14 19:02:07.001280,0.0,0.0,0.0
2022-01-14 19:02:07.506061,0.0,0.0,0.0
2022-01-14 19:02:08.004230,0.0,0.0,0.0
2022-01-14 19:02:08.509696,0.0,0.0,0.0
2022-01-14 19:02:09.007872,0.0,0.0,0.0
2022-01-14 19:02:09.504159,0.0,0.0,0.0
2022-01-14 19:02:10.002046,0.0,0.0,0.0
2022-01-14 19:02:10.508744,0.0,0.0,0.0
2022-01-14 19:02:11.007472,0.0,0.0,0.0
2022-01-14 19:02:11.501645,0.0,0.0,0.0
2022-01-14 19:02:12.010510,0.0,0.0,0.0
2022-01-14 19:02:12.504965,0.0,0.0,0.0
2022-01-14 19:02:13.002838,0.0,0.0,0.0
2022-01-14 19:02:13.507489,0.0,0.0,0.0
2022-01-14 19:02:14.005658,0.0,0.0,0.0
2022-01-14 19:02:14.509989,0.0,0.0,0.0
2022-01-14 19:02:15.008911,0.0,0.0,0.0
2022-01-14 19:02:15.504192,0.0,0.0,0.0
2022-01-14 19:02:16.001909,0.0,0.0,0.0
2022-01-14 19:02:16.508768,0.0,0.0,0.0
2022-01-14 19:02:17.006523,0.0,0.0,0.0
2022-01-14 19:02:17.501119,0.0,0.0,0.0
2022-01-14 19:02:18.009589,0.0,0.0,0.0
2022-01-14 19:02:18.507314,0.0,0.0,0.0
2022-01-14 19:02:19.004607,0.0,0.0,0.0
2022-01-14 19:02:19.508207,0.0,0.0,0.0
2022-01-14 19:02:20.005544,0.0,0.0,0.0
2022-01-14 19:02:20.509991,0.0,0.0,0.0
2022-01-14 19:02:21.008991,0.0,0.0,0.0
2022-01-14 19:02:21.503684,0.0,0.0,0.0
2022-01-14 19:02:22.001717,0.0,0.0,0.0
2022-01-14 19:02:22.507115,0.0,0.0,0.0
2022-01-14 19:02:23.004683,0.0,0.0,0.0
2022-01-14 19:02:23.510388,0.0,0.0,0.0
2022-01-14 19:02:24.008700,0.0,0.0,0.0
2022-01-14 19:02:24.502834,0.0,0.0,0.0
2022-01-14 19:02:25.001608,0.0,0.0,0.0
2022-01-14 19:02:25.507096,0.0,0.0,0.0
2022-01-14 19:02:26.005766,0.0,0.0,0.0
2022-01-14 19:02:26.502851,0.0,0.0,0.0
2022-01-14 19:02:27.001128,0.0,0.0,0.0
2022-01-14 19:02:27.506812,0.0,0.0,0.0
2022-01-14 19:02:28.004750,0.0,0.0,0.0
2022-01-14 19:02:28.508795,0.0,0.0,0.0
2022-01-14 19:02:29.006059,0.0,0.0,0.0
2022-01-14 19:02:29.501525,0.0,0.0,0.0
2022-01-14 19:02:30.008635,0.0,0.0,0.0
2022-01-14 19:02:30.503031,0.0,0.0,0.0
2022-01-14 19:02:31.505207,0.0,0.0,0.0
2022-01-14 19:02:32.002741,0.0,0.0,0.0
2022-01-14 19:02:32.509565,0.0,0.0,0.0
2022-01-14 19:02:33.006824,0.0,0.0,0.0
2022-01-14 19:02:33.502253,0.0,0.0,0.0
2022-01-14 19:02:34.002679,0.0,0.0,0.0
2022-01-14 19:02:34.506577,0.0,0.0,0.0
2022-01-14 19:02:35.004599,0.0,0.0,0.0
2022-01-14 19:02:35.509243,0.0,0.0,0.0
2022-01-14 19:02:36.008295,0.0,0.0,0.0
2022-01-14 19:02:36.503402,0.0,0.0,0.0
2022-01-14 19:02:37.001807,0.0,0.0,0.0
2022-01-14 19:02:37.505734,0.0,0.0,0.0
2022-01-14 19:02:38.004722,0.0,0.0,0.0
2022-01-14 19:02:38.501919,0.0,0.0,0.0
2022-01-14 19:02:39.011020,0.0,0.0,0.0
2022-01-14 19:02:39.505245,0.0,0.0,0.0
2022-01-14 19:02:40.004130,0.0,0.0,0.0
2022-01-14 19:02:40.508400,0.0,0.0,0.0
2022-01-14 19:02:41.006094,0.0,0.0,0.0
2022-01-14 19:02:41.503365,0.0,0.0,0.0
2022-01-14 19:02:42.001220,0.0,0.0,0.0
2022-01-14 19:02:42.504656,0.0,0.0,0.0
2022-01-14 19:02:43.010740,0.0,0.0,0.0
2022-01-14 19:02:43.505551,0.0,0.0,0.0
2022-01-14 19:02:44.004787,0.0,0.0,0.0
2022-01-14 19:02:44.509902,0.0,0.0,0.0
2022-01-14 19:02:45.008639,0.0,0.0,0.0
2022-01-14 19:02:45.504093,0.0,0.0,0.0
2022-01-14 19:02:46.003562,0.0,0.0,0.0
2022-01-14 19:02:46.509702,0.0,0.0,0.0
2022-01-14 19:02:47.008724,0.0,0.0,0.0
2022-01-14 19:02:47.504541,0.0,0.0,0.0
2022-01-14 19:02:48.001508,0.0,0.0,0.0
2022-01-14 19:02:48.506146,0.0,0.0,0.0
2022-01-14 19:02:49.003545,0.0,0.0,0.0
2022-01-14 19:02:49.508997,0.0,0.0,0.0
2022-01-14 19:02:50.006891,0.0,0.0,0.0
2022-01-14 19:02:50.503370,0.0,0.0,0.0
2022-01-14 19:02:51.002444,0.0,0.0,0.0
2022-01-14 19:02:51.507453,0.0,0.0,0.0
2022-01-14 19:02:52.005394,0.0,0.0,0.0
2022-01-14 19:02:52.509600,0.0,0.0,0.0
2022-01-14 19:02:53.008450,0.0,0.0,0.0
2022-01-14 19:02:53.504325,0.0,0.0,0.0
2022-01-14 19:02:54.001882,0.0,0.0,0.0
2022-01-14 19:02:54.506098,0.0,0.0,0.0
2022-01-14 19:02:55.004697,0.0,0.0,0.0
2022-01-14 19:02:55.510143,0.0,0.0,0.0
2022-01-14 19:02:56.007906,0.0,0.0,0.0
2022-01-14 19:02:56.502060,0.0,0.0,0.0
2022-01-14 19:02:57.001754,0.0,0.0,0.0
2022-01-14 19:02:57.507395,0.0,0.0,0.0
2022-01-14 19:02:58.005153,0.0,0.0,0.0
2022-01-14 19:02:58.510401,0.0,0.0,0.0
2022-01-14 19:02:59.009614,0.0,0.0,0.0
2022-01-14 19:02:59.505731,0.0,0.0,0.0
2022-01-14 19:03:00.005480,0.0,0.0,0.0
2022-01-14 19:03:00.508572,0.0,0.0,0.0
2022-01-14 19:03:01.006556,0.0,0.0,0.0
2022-01-14 19:03:01.511001,0.0,0.0,0.0
2022-01-14 19:03:02.008808,0.0,0.0,0.0
2022-01-14 19:03:02.502917,0.0,0.0,0.0
2022-01-14 19:03:03.001235,0.0,0.0,0.0
2022-01-14 19:03:03.509523,0.0,0.0,0.0
2022-01-14 19:03:04.008362,0.0,0.0,0.0
2022-01-14 19:03:04.502457,0.0,0.0,0.0
2022-01-14 19:03:05.009776,0.0,0.0,0.0
2022-01-14 19:03:05.504121,0.0,0.0,0.0
2022-01-14 19:03:06.002566,0.0,0.0,0.0
2022-01-14 19:03:06.507581,0.0,0.0,0.0
2022-01-14 19:03:07.004988,0.0,0.0,0.0
2022-01-14 19:03:07.509102,0.0,0.0,0.0
2022-01-14 19:03:08.007204,0.0,0.0,0.0
2022-01-14 19:03:08.502286,0.0,0.0,0.0
2022-01-14 19:03:09.010397,0.0,0.0,0.0
2022-01-14 19:03:09.505480,0.0,0.0,0.0
2022-01-14 19:03:10.002556,0.0,0.0,0.0
2022-01-14 19:03:10.508117,0.0,0.0,0.0
2022-01-14 19:03:11.006402,0.0,0.0,0.0
2022-01-14 19:03:11.510782,0.0,0.0,0.0
2022-01-14 19:03:12.009502,0.0,0.0,0.0
2022-01-14 19:03:12.503781,0.0,0.0,0.0
2022-01-14 19:03:13.002254,0.0,0.0,0.0
2022-01-14 19:03:13.508862,0.0,0.0,0.0
2022-01-14 19:03:14.006539,0.0,0.0,0.0
2022-01-14 19:03:14.510982,0.0,0.0,0.0
2022-01-14 19:03:15.008683,0.0,0.0,0.0
2022-01-14 19:03:15.503486,0.0,0.0,0.0
2022-01-14 19:03:16.001402,0.0,0.0,0.0
2022-01-14 19:03:16.506444,0.0,0.0,0.0
2022-01-14 19:03:17.005926,0.0,0.0,0.0
2022-01-14 19:03:17.510393,0.0,0.0,0.0
2022-01-14 19:03:18.009589,0.0,0.0,0.0
2022-01-14 19:03:18.505110,0.0,0.0,0.0
2022-01-14 19:03:19.003036,0.0,0.0,0.0
2022-01-14 19:03:19.506224,0.0,0.0,0.0
2022-01-14 19:03:20.004669,0.0,0.0,0.0
2022-01-14 19:03:20.501580,0.0,0.0,0.0
2022-01-14 19:03:21.009835,0.0,0.0,0.0
2022-01-14 19:03:21.506078,0.0,0.0,0.0
2022-01-14 19:03:22.004235,0.0,0.0,0.0
2022-01-14 19:03:22.509791,0.0,0.0,0.0
2022-01-14 19:03:23.009115,0.0,0.0,0.0
2022-01-14 19:03:23.502593,0.0,0.0,0.0
2022-01-14 19:03:24.001499,0.0,0.0,0.0
2022-01-14 19:03:24.507027,0.0,0.0,0.0
2022-01-14 19:03:25.005380,0.0,0.0,0.0
2022-01-14 19:03:25.509412,0.0,0.0,0.0
2022-01-14 19:03:26.008658,0.0,0.0,0.0
2022-01-14 19:03:26.503465,0.0,0.0,0.0
2022-01-14 19:03:27.002598,0.0,0.0,0.0
2022-01-14 19:03:27.508337,0.0,0.0,0.0
2022-01-14 19:03:28.008558,0.0,0.0,0.0
2022-01-14 19:03:28.503035,0.0,0.0,0.0
2022-01-14 19:03:29.001525,0.0,0.0,0.0
2022-01-14 19:03:29.507836,0.0,0.0,0.0
2022-01-14 19:03:30.005805,0.0,0.0,0.0
2022-01-14 19:03:30.502132,0.0,0.0,0.0
2022-01-14 19:03:31.003610,0.0,0.0,0.0
2022-01-14 19:03:31.508101,0.0,0.0,0.0
2022-01-14 19:03:32.005794,0.0,0.0,0.0
2022-01-14 19:03:32.508975,0.0,0.0,0.0
2022-01-14 19:03:33.006998,0.0,0.0,0.0
2022-01-14 19:03:33.501523,0.0,0.0,0.0
2022-01-14 19:03:34.010741,0.0,0.0,0.0
2022-01-14 19:03:34.501839,0.0,0.0,0.0
2022-01-14 19:03:35.001127,0.0,0.0,0.0
2022-01-14 19:03:35.506847,0.0,0.0,0.0
2022-01-14 19:03:36.005650,0.0,0.0,0.0
2022-01-14 19:03:36.501098,0.0,0.0,0.0
2022-01-14 19:03:37.010286,0.0,0.0,0.0
2022-01-14 19:03:37.506541,0.0,0.0,0.0
2022-01-14 19:03:38.005828,0.0,0.0,0.0
2022-01-14 19:03:38.501255,0.0,0.0,0.0
2022-01-14 19:03:39.001815,0.0,0.0,0.0
2022-01-14 19:03:39.506978,0.0,0.0,0.0
2022-01-14 19:03:40.005231,0.0,0.0,0.0
2022-01-14 19:03:40.511065,0.0,0.0,0.0
2022-01-14 19:03:41.008642,0.0,0.0,0.0
2022-01-14 19:03:41.505130,0.0,0.0,0.0
2022-01-14 19:03:42.004421,0.0,0.0,0.0
2022-01-14 19:03:42.509068,0.0,0.0,0.0
2022-01-14 19:03:43.007327,0.0,0.0,0.0
2022-01-14 19:03:43.503235,0.0,0.0,0.0
2022-01-14 19:03:44.009802,0.0,0.0,0.0
2022-01-14 19:03:44.504909,0.0,0.0,0.0
2022-01-14 19:03:45.002584,0.0,0.0,0.0
2022-01-14 19:03:45.507508,0.0,0.0,0.0
2022-01-14 19:03:46.005655,0.0,0.0,0.0
2022-01-14 19:03:46.509587,0.0,0.0,0.0
2022-01-14 19:03:47.006193,0.0,0.0,0.0
2022-01-14 19:03:47.501510,0.0,0.0,0.0
2022-01-14 19:03:48.001698,0.0,0.0,0.0
2022-01-14 19:03:48.507409,0.0,0.0,0.0
2022-01-14 19:03:49.005909,0.0,0.0,0.0
2022-01-14 19:03:49.501351,0.0,0.0,0.0
2022-01-14 19:03:50.010933,0.0,0.0,0.0
2022-01-14 19:03:50.505096,0.0,0.0,0.0
2022-01-14 19:03:51.003021,0.0,0.0,0.0
2022-01-14 19:03:51.509764,0.0,0.0,0.0
2022-01-14 19:03:52.008688,0.0,0.0,0.0
2022-01-14 19:03:52.505088,0.0,0.0,0.0
2022-01-14 19:03:53.002632,0.0,0.0,0.0
2022-01-14 19:03:53.509021,0.0,0.0,0.0
2022-01-14 19:03:54.009229,0.0,0.0,0.0
2022-01-14 19:03:54.503366,0.0,0.0,0.0
2022-01-14 19:03:55.001621,0.0,0.0,0.0
2022-01-14 19:03:55.506380,0.0,0.0,0.0
2022-01-14 19:03:56.004648,0.0,0.0,0.0
2022-01-14 19:03:56.511325,0.0,0.0,0.0
2022-01-14 19:03:57.010780,0.0,0.0,0.0
2022-01-14 19:03:57.506300,0.0,0.0,0.0
2022-01-14 19:03:58.004497,0.0,0.0,0.0
2022-01-14 19:03:58.509064,0.0,0.0,0.0
2022-01-14 19:03:59.005793,0.0,0.0,0.0
2022-01-14 19:03:59.510791,0.0,0.0,0.0
2022-01-14 19:04:00.008165,0.0,0.0,0.0
2022-01-14 19:04:00.501378,0.0,0.0,0.0
2022-01-14 19:04:01.010665,0.0,0.0,0.0
2022-01-14 19:04:01.504808,0.0,0.0,0.0
2022-01-14 19:04:02.002543,0.0,0.0,0.0
2022-01-14 19:04:02.509392,0.0,0.0,0.0
2022-01-14 19:04:03.006620,0.0,0.0,0.0
2022-01-14 19:04:03.511034,0.0,0.0,0.0
2022-01-14 19:04:04.009607,0.0,0.0,0.0
2022-01-14 19:04:04.503829,0.0,0.0,0.0
2022-01-14 19:04:05.001934,0.0,0.0,0.0
2022-01-14 19:04:05.508543,0.0,0.0,0.0
2022-01-14 19:04:06.006635,0.0,0.0,0.0
2022-01-14 19:04:06.501770,0.0,0.0,0.0
2022-01-14 19:04:07.009240,0.0,0.0,0.0
2022-01-14 19:04:07.503278,0.0,0.0,0.0
2022-01-14 19:04:08.001530,0.0,0.0,0.0
2022-01-14 19:04:08.506202,0.0,0.0,0.0
2022-01-14 19:04:09.004089,0.0,0.0,0.0
2022-01-14 19:04:09.501852,0.0,0.0,0.0
2022-01-14 19:04:10.009105,0.0,0.0,0.0
2022-01-14 19:04:10.505579,0.0,0.0,0.0
2022-01-14 19:04:11.004759,0.0,0.0,0.0
2022-01-14 19:04:11.509742,0.0,0.0,0.0
2022-01-14 19:04:12.007772,0.0,0.0,0.0
2022-01-14 19:04:12.501862,0.0,0.0,0.0
2022-01-14 19:04:13.009215,0.0,0.0,0.0
2022-01-14 19:04:13.502017,0.0,0.0,0.0
2022-01-14 19:04:14.001267,0.0,0.0,0.0
2022-01-14 19:04:14.505141,0.0,0.0,0.0
2022-01-14 19:04:15.004988,0.0,0.0,0.0
2022-01-14 19:04:15.501339,0.0,0.0,0.0
2022-01-14 19:04:16.010689,0.0,0.0,0.0
2022-01-14 19:04:16.506503,0.0,0.0,0.0
2022-01-14 19:04:17.005221,0.0,0.0,0.0
2022-01-14 19:04:17.510010,0.0,0.0,0.0
2022-01-14 19:04:18.009194,0.0,0.0,0.0
2022-01-14 19:04:18.504070,0.0,0.0,0.0
2022-01-14 19:04:19.002169,0.0,0.0,0.0
2022-01-14 19:04:19.510057,0.0,0.0,0.0
2022-01-14 19:04:20.008217,0.0,0.0,0.0
2022-01-14 19:04:20.502992,0.0,0.0,0.0
2022-01-14 19:04:21.001107,0.0,0.0,0.0
2022-01-14 19:04:21.506108,0.0,0.0,0.0
2022-01-14 19:04:22.003700,0.0,0.0,0.0
2022-01-14 19:04:22.507970,0.0,0.0,0.0
2022-01-14 19:04:23.006277,0.0,0.0,0.0
2022-01-14 19:04:23.502702,0.0,0.0,0.0
2022-01-14 19:04:24.002861,0.0,0.0,0.0
2022-01-14 19:04:24.509111,0.0,0.0,0.0
2022-01-14 19:04:25.006708,0.0,0.0,0.0
2022-01-14 19:04:25.501439,0.0,0.0,0.0
2022-01-14 19:04:26.010106,0.0,0.0,0.0
2022-01-14 19:04:26.504747,0.0,0.0,0.0
2022-01-14 19:04:27.003031,0.0,0.0,0.0
2022-01-14 19:04:27.507499,0.0,0.0,0.0
2022-01-14 19:04:28.006151,0.0,0.0,0.0
2022-01-14 19:04:28.502305,0.0,0.0,0.0
2022-01-14 19:04:29.010696,0.0,0.0,0.0
2022-01-14 19:04:29.507360,0.0,0.0,0.0
2022-01-14 19:04:30.005966,0.0,0.0,0.0
2022-01-14 19:04:31.005265,0.0,0.0,0.0
2022-01-14 19:04:31.511174,0.0,0.0,0.0
2022-01-14 19:04:32.009586,0.0,0.0,0.0
2022-01-14 19:04:32.503029,0.0,0.0,0.0
2022-01-14 19:04:33.002312,0.0,0.0,0.0
2022-01-14 19:04:33.507292,0.0,0.0,0.0
2022-01-14 19:04:34.006410,0.0,0.0,0.0
2022-01-14 19:04:34.510107,0.0,0.0,0.0
2022-01-14 19:04:35.008367,0.0,0.0,0.0
2022-01-14 19:04:35.510033,0.0,0.0,0.0
2022-01-14 19:04:36.010107,0.0,0.0,0.0
2022-01-14 19:04:36.504705,0.0,0.0,0.0
2022-01-14 19:04:37.002357,0.0,0.0,0.0
2022-01-14 19:04:37.510894,0.0,0.0,0.0
2022-01-14 19:04:38.010175,0.0,0.0,0.0
2022-01-14 19:04:38.506402,0.0,0.0,0.0
2022-01-14 19:04:39.003857,0.0,0.0,0.0
2022-01-14 19:04:39.509761,0.0,0.0,0.0
2022-01-14 19:04:40.006962,0.0,0.0,0.0
2022-01-14 19:04:40.510765,0.0,0.0,0.0
2022-01-14 19:04:41.009048,0.0,0.0,0.0
2022-01-14 19:04:41.505162,0.0,0.0,0.0
2022-01-14 19:04:42.002286,0.0,0.0,0.0
2022-01-14 19:04:42.506963,0.0,0.0,0.0
2022-01-14 19:04:43.005883,0.0,0.0,0.0
2022-01-14 19:04:43.501385,0.0,0.0,0.0
2022-01-14 19:04:44.010768,0.0,0.0,0.0
2022-01-14 19:04:44.506584,0.0,0.0,0.0
2022-01-14 19:04:45.005394,0.0,0.0,0.0
2022-01-14 19:04:45.502352,0.0,0.0,0.0
2022-01-14 19:04:46.003370,0.0,0.0,0.0
2022-01-14 19:04:46.509136,0.0,0.0,0.0
2022-01-14 19:04:47.007279,0.0,0.0,0.0
2022-01-14 19:04:47.502393,0.0,0.0,0.0
2022-01-14 19:04:48.010776,0.0,0.0,0.0
2022-01-14 19:04:48.505162,0.0,0.0,0.0
2022-01-14 19:04:49.002312,0.0,0.0,0.0
2022-01-14 19:04:49.507203,0.0,0.0,0.0
2022-01-14 19:04:50.004305,0.0,0.0,0.0
2022-01-14 19:04:50.501216,0.0,0.0,0.0
2022-01-14 19:04:51.009053,0.0,0.0,0.0
2022-01-14 19:04:51.503342,0.0,0.0,0.0
2022-01-14 19:04:52.001594,0.0,0.0,0.0
2022-01-14 19:04:52.507504,0.0,0.0,0.0
2022-01-14 19:04:53.005439,0.0,0.0,0.0
2022-01-14 19:04:53.510712,0.0,0.0,0.0
2022-01-14 19:04:54.009040,0.0,0.0,0.0
2022-01-14 19:04:54.502587,0.0,0.0,0.0
2022-01-14 19:04:55.001468,0.0,0.0,0.0
2022-01-14 19:04:55.506799,0.0,0.0,0.0
2022-01-14 19:04:56.005593,0.0,0.0,0.0
2022-01-14 19:04:56.510278,0.0,0.0,0.0
2022-01-14 19:04:57.009384,0.0,0.0,0.0
2022-01-14 19:04:57.504729,0.0,0.0,0.0
2022-01-14 19:04:58.011157,0.0,0.0,0.0
2022-01-14 19:04:58.505803,0.0,0.0,0.0
2022-01-14 19:04:59.003585,0.0,0.0,0.0
2022-01-14 19:04:59.509126,0.0,0.0,0.0
2022-01-14 19:05:00.005793,0.0,0.0,0.0
2022-01-14 19:05:00.510734,0.0,0.0,0.0
2022-01-14 19:05:01.009542,0.0,0.0,0.0
2022-01-14 19:05:01.505265,0.0,0.0,0.0
2022-01-14 19:05:02.003401,0.0,0.0,0.0
2022-01-14 19:05:02.503437,0.0,0.0,0.0
2022-01-14 19:05:03.001139,0.0,0.0,0.0
2022-01-14 19:05:03.508664,0.0,0.0,0.0
2022-01-14 19:05:04.004701,0.0,0.0,0.0
2022-01-14 19:05:04.510619,0.0,0.0,0.0
2022-01-14 19:05:05.007499,0.0,0.0,0.0
2022-01-14 19:05:05.504482,0.0,0.0,0.0
2022-01-14 19:05:06.003131,0.0,0.0,0.0
2022-01-14 19:05:06.509403,0.0,0.0,0.0
2022-01-14 19:05:07.006523,0.0,0.0,0.0
2022-01-14 19:05:07.501566,0.0,0.0,0.0
2022-01-14 19:05:08.008763,0.0,0.0,0.0
2022-01-14 19:05:08.504698,0.0,0.0,0.0
2022-01-14 19:05:09.003053,0.0,0.0,0.0
2022-01-14 19:05:09.507514,0.0,0.0,0.0
2022-01-14 19:05:10.006031,0.0,0.0,0.0
2022-01-14 19:05:10.511037,0.0,0.0,0.0
2022-01-14 19:05:11.009072,0.0,0.0,0.0
2022-01-14 19:05:11.504078,0.0,0.0,0.0
2022-01-14 19:05:12.001931,0.0,0.0,0.0
2022-01-14 19:05:12.507778,0.0,0.0,0.0
2022-01-14 19:05:13.005722,0.0,0.0,0.0
2022-01-14 19:05:13.501086,0.0,0.0,0.0
2022-01-14 19:05:14.010168,0.0,0.0,0.0
2022-01-14 19:05:14.505137,0.0,0.0,0.0
2022-01-14 19:05:15.002691,0.0,0.0,0.0
2022-01-14 19:05:15.508156,0.0,0.0,0.0
2022-01-14 19:05:16.005741,0.0,0.0,0.0
2022-01-14 19:05:16.510584,0.0,0.0,0.0
2022-01-14 19:05:17.009040,0.0,0.0,0.0
2022-01-14 19:05:17.504489,0.0,0.0,0.0
2022-01-14 19:05:18.002633,0.0,0.0,0.0
2022-01-14 19:05:18.510222,0.0,0.0,0.0
2022-01-14 19:05:19.008400,0.0,0.0,0.0
2022-01-14 19:05:19.503535,0.0,0.0,0.0
2022-01-14 19:05:20.001549,0.0,0.0,0.0
2022-01-14 19:05:20.507496,0.0,0.0,0.0
2022-01-14 19:05:21.004664,0.0,0.0,0.0
2022-01-14 19:05:21.509791,0.0,0.0,0.0
2022-01-14 19:05:22.008037,0.0,0.0,0.0
2022-01-14 19:05:22.502371,0.0,0.0,0.0
2022-01-14 19:05:23.009763,0.0,0.0,0.0
2022-01-14 19:05:23.506498,0.0,0.0,0.0
2022-01-14 19:05:24.004228,0.0,0.0,0.0
2022-01-14 19:05:24.510097,0.0,0.0,0.0
2022-01-14 19:05:25.008775,0.0,0.0,0.0
2022-01-14 19:05:25.503043,0.0,0.0,0.0
2022-01-14 19:05:26.001851,0.0,0.0,0.0
2022-01-14 19:05:26.505893,0.0,0.0,0.0
2022-01-14 19:05:27.003736,0.0,0.0,0.0
2022-01-14 19:05:27.511096,0.0,0.0,0.0
2022-01-14 19:05:28.009251,0.0,0.0,0.0
2022-01-14 19:05:28.502761,0.0,0.0,0.0
2022-01-14 19:05:29.010346,0.0,0.0,0.0
2022-01-14 19:05:29.505105,0.0,0.0,0.0
2022-01-14 19:05:30.002240,0.0,0.0,0.0
2022-01-14 19:05:30.504988,0.0,0.0,0.0
2022-01-14 19:05:31.003733,0.0,0.0,0.0
2022-01-14 19:05:31.507513,0.0,0.0,0.0
2022-01-14 19:05:32.005829,0.0,0.0,0.0
2022-01-14 19:05:32.510303,0.0,0.0,0.0
2022-01-14 19:05:33.008343,0.0,0.0,0.0
2022-01-14 19:05:33.509139,0.0,0.0,0.0
2022-01-14 19:05:34.008051,0.0,0.0,0.0
2022-01-14 19:05:34.502270,0.0,0.0,0.0
2022-01-14 19:05:35.010695,0.0,0.0,0.0
2022-01-14 19:05:35.504694,0.0,0.0,0.0
2022-01-14 19:05:36.503799,0.0,0.0,0.0
2022-01-14 19:05:37.007199,0.0,0.0,0.0
2022-01-14 19:05:37.502469,0.0,0.0,0.0
2022-01-14 19:05:38.010401,0.0,0.0,0.0
2022-01-14 19:05:38.504600,0.0,0.0,0.0
2022-01-14 19:05:39.002851,0.0,0.0,0.0
2022-01-14 19:05:39.508748,0.0,0.0,0.0
2022-01-14 19:05:40.010222,0.0,0.0,0.0
2022-01-14 19:05:40.505110,0.0,0.0,0.0
2022-01-14 19:05:41.002524,0.0,0.0,0.0
2022-01-14 19:05:41.508141,0.0,0.0,0.0
2022-01-14 19:05:42.005972,0.0,0.0,0.0
2022-01-14 19:05:43.005199,0.0,0.0,0.0
2022-01-14 19:05:43.510887,0.0,0.0,0.0
2022-01-14 19:05:44.008439,0.0,0.0,0.0
2022-01-14 19:05:44.504019,0.0,0.0,0.0
2022-01-14 19:05:45.003489,0.0,0.0,0.0
2022-01-14 19:05:45.508982,0.0,0.0,0.0
2022-01-14 19:05:46.008883,0.0,0.0,0.0
2022-01-14 19:05:46.505798,0.0,0.0,0.0
2022-01-14 19:05:47.001793,0.0,0.0,0.0
2022-01-14 19:05:47.505782,0.0,0.0,0.0
2022-01-14 19:05:48.003582,0.0,0.0,0.0
2022-01-14 19:05:48.508976,0.0,0.0,0.0
2022-01-14 19:05:49.006543,0.0,0.0,0.0
2022-01-14 19:05:49.502015,0.0,0.0,0.0
2022-01-14 19:05:50.001333,0.0,0.0,0.0
2022-01-14 19:05:50.504423,0.0,0.0,0.0
2022-01-14 19:05:51.002364,0.0,0.0,0.0
2022-01-14 19:05:51.508366,0.0,0.0,0.0
2022-01-14 19:05:52.005191,0.0,0.0,0.0
2022-01-14 19:05:52.509035,0.0,0.0,0.0
2022-01-14 19:05:53.006465,0.0,0.0,0.0
2022-01-14 19:05:53.511239,0.0,0.0,0.0
2022-01-14 19:05:54.008183,0.0,0.0,0.0
2022-01-14 19:05:54.503334,0.0,0.0,0.0
2022-01-14 19:05:55.002168,0.0,0.0,0.0
2022-01-14 19:05:55.509760,0.0,0.0,0.0
2022-01-14 19:05:56.007079,0.0,0.0,0.0
2022-01-14 19:05:56.501297,0.0,0.0,0.0
2022-01-14 19:05:57.009397,0.0,0.0,0.0
2022-01-14 19:05:57.503481,0.0,0.0,0.0
2022-01-14 19:05:58.010866,0.0,0.0,0.0
2022-01-14 19:05:58.505156,0.0,0.0,0.0
2022-01-14 19:05:59.002447,0.0,0.0,0.0
2022-01-14 19:05:59.507714,0.0,0.0,0.0
2022-01-14 19:06:00.006549,0.0,0.0,0.0
2022-01-14 19:06:00.509192,0.0,0.0,0.0
2022-01-14 19:06:01.006973,0.0,0.0,0.0
2022-01-14 19:06:01.502315,0.0,0.0,0.0
2022-01-14 19:06:02.001223,0.0,0.0,0.0
2022-01-14 19:06:02.506741,0.0,0.0,0.0
2022-01-14 19:06:03.002836,0.0,0.0,0.0
2022-01-14 19:06:03.508679,0.0,0.0,0.0
2022-01-14 19:06:04.007151,0.0,0.0,0.0
2022-01-14 19:06:04.501664,0.0,0.0,0.0
2022-01-14 19:06:05.010198,0.0,0.0,0.0
2022-01-14 19:06:05.504086,0.0,0.0,0.0
2022-01-14 19:06:06.002923,0.0,0.0,0.0
2022-01-14 19:06:06.508277,0.0,0.0,0.0
2022-01-14 19:06:07.006384,0.0,0.0,0.0
2022-01-14 19:06:07.501516,0.0,0.0,0.0
2022-01-14 19:06:08.009162,0.0,0.0,0.0
2022-01-14 19:06:08.505015,0.0,0.0,0.0
2022-01-14 19:06:09.001623,0.0,0.0,0.0
2022-01-14 19:06:09.507416,0.0,0.0,0.0
2022-01-14 19:06:10.004033,0.0,0.0,0.0
2022-01-14 19:06:10.510786,0.0,0.0,0.0
2022-01-14 19:06:11.009003,0.0,0.0,0.0
2022-01-14 19:06:11.502341,0.0,0.0,0.0
2022-01-14 19:06:12.010289,0.0,0.0,0.0
2022-01-14 19:06:12.506125,0.0,0.0,0.0
2022-01-14 19:06:13.003868,0.0,0.0,0.0
2022-01-14 19:06:13.507978,0.0,0.0,0.0
2022-01-14 19:06:14.008326,0.0,0.0,0.0
2022-01-14 19:06:14.502507,0.0,0.0,0.0
2022-01-14 19:06:15.010401,0.0,0.0,0.0
2022-01-14 19:06:15.504634,0.0,0.0,0.0
2022-01-14 19:06:16.003379,0.0,0.0,0.0
2022-01-14 19:06:16.510001,0.0,0.0,0.0
2022-01-14 19:06:17.007839,0.0,0.0,0.0
2022-01-14 19:06:17.504075,0.0,0.0,0.0
2022-01-14 19:06:18.002177,0.0,0.0,0.0
2022-01-14 19:06:18.508882,0.0,0.0,0.0
2022-01-14 19:06:19.006384,0.0,0.0,0.0
2022-01-14 19:06:19.511047,0.0,0.0,0.0
2022-01-14 19:06:20.008536,0.0,0.0,0.0
2022-01-14 19:06:20.503123,0.0,0.0,0.0
2022-01-14 19:06:21.002638,0.0,0.0,0.0
2022-01-14 19:06:21.509057,0.0,0.0,0.0
2022-01-14 19:06:22.007465,0.0,0.0,0.0
2022-01-14 19:06:23.004734,0.0,0.0,0.0
2022-01-14 19:06:23.509845,0.0,0.0,0.0
2022-01-14 19:06:24.008679,0.0,0.0,0.0
2022-01-14 19:06:24.503368,0.0,0.0,0.0
2022-01-14 19:06:25.002119,0.0,0.0,0.0
2022-01-14 19:06:25.507389,0.0,0.0,0.0
2022-01-14 19:06:26.004786,0.0,0.0,0.0
2022-01-14 19:06:26.511236,0.0,0.0,0.0
2022-01-14 19:06:27.008788,0.0,0.0,0.0
2022-01-14 19:06:27.505320,0.0,0.0,0.0
2022-01-14 19:06:28.002958,0.0,0.0,0.0
2022-01-14 19:06:28.509090,0.0,0.0,0.0
2022-01-14 19:06:29.005677,0.0,0.0,0.0
2022-01-14 19:06:29.501826,0.0,0.0,0.0
2022-01-14 19:06:30.010588,0.0,0.0,0.0
2022-01-14 19:06:30.505159,0.0,0.0,0.0
2022-01-14 19:06:31.005100,0.0,0.0,0.0
2022-01-14 19:06:31.509741,0.0,0.0,0.0
2022-01-14 19:06:32.004696,0.0,0.0,0.0
2022-01-14 19:06:32.510665,0.0,0.0,0.0
2022-01-14 19:06:33.007983,0.0,0.0,0.0
2022-01-14 19:06:33.502804,0.0,0.0,0.0
2022-01-14 19:06:34.011134,0.0,0.0,0.0
2022-01-14 19:06:34.505891,0.0,0.0,0.0
2022-01-14 19:06:35.003282,0.0,0.0,0.0
2022-01-14 19:06:35.509870,0.0,0.0,0.0
2022-01-14 19:06:36.009298,0.0,0.0,0.0
2022-01-14 19:06:36.504554,0.0,0.0,0.0
2022-01-14 19:06:37.002179,0.0,0.0,0.0
2022-01-14 19:06:37.507392,0.0,0.0,0.0
2022-01-14 19:06:38.005064,0.0,0.0,0.0
2022-01-14 19:06:38.509792,0.0,0.0,0.0
2022-01-14 19:06:39.007465,0.0,0.0,0.0
2022-01-14 19:06:39.502454,0.0,0.0,0.0
2022-01-14 19:06:40.011005,0.0,0.0,0.0
2022-01-14 19:06:40.507347,0.0,0.0,0.0
2022-01-14 19:06:41.005106,0.0,0.0,0.0
2022-01-14 19:06:41.511269,0.0,0.0,0.0
2022-01-14 19:06:42.009850,0.0,0.0,0.0
2022-01-14 19:06:42.504831,0.0,0.0,0.0
2022-01-14 19:06:43.002988,0.0,0.0,0.0
2022-01-14 19:06:43.507317,0.0,0.0,0.0
2022-01-14 19:06:44.005486,0.0,0.0,0.0
2022-01-14 19:06:44.501834,0.0,0.0,0.0
2022-01-14 19:06:45.010195,0.0,0.0,0.0
2022-01-14 19:06:45.505220,0.0,0.0,0.0
2022-01-14 19:06:46.002212,0.0,0.0,0.0
2022-01-14 19:06:46.507049,0.0,0.0,0.0
2022-01-14 19:06:47.005238,0.0,0.0,0.0
2022-01-14 19:06:47.511013,0.0,0.0,0.0
2022-01-14 19:06:48.008205,0.0,0.0,0.0
2022-01-14 19:06:48.502810,0.0,0.0,0.0
2022-01-14 19:06:49.002549,0.0,0.0,0.0
2022-01-14 19:06:49.509299,0.0,0.0,0.0
2022-01-14 19:06:50.008258,0.0,0.0,0.0
2022-01-14 19:06:50.503458,0.0,0.0,0.0
2022-01-14 19:06:51.001842,0.0,0.0,0.0
2022-01-14 19:06:51.506658,0.0,0.0,0.0
2022-01-14 19:06:52.005181,0.0,0.0,0.0
2022-01-14 19:06:52.509720,0.0,0.0,0.0
2022-01-14 19:06:53.009403,0.0,0.0,0.0
2022-01-14 19:06:53.507168,0.0,0.0,0.0
2022-01-14 19:06:54.004832,0.0,0.0,0.0
2022-01-14 19:06:54.510581,0.0,0.0,0.0
2022-01-14 19:06:55.009279,0.0,0.0,0.0
2022-01-14 19:06:55.502689,0.0,0.0,0.0
2022-01-14 19:06:56.001161,0.0,0.0,0.0
2022-01-14 19:06:56.504929,0.0,0.0,0.0
2022-01-14 19:06:57.002174,0.0,0.0,0.0
2022-01-14 19:06:57.506117,0.0,0.0,0.0
2022-01-14 19:06:58.004645,0.0,0.0,0.0
2022-01-14 19:06:58.510145,0.0,0.0,0.0
2022-01-14 19:06:59.008162,0.0,0.0,0.0
2022-01-14 19:06:59.502299,0.0,0.0,0.0
2022-01-14 19:07:00.010631,0.0,0.0,0.0
2022-01-14 19:07:00.507045,0.0,0.0,0.0
2022-01-14 19:07:01.005135,0.0,0.0,0.0
2022-01-14 19:07:01.511000,0.0,0.0,0.0
2022-01-14 19:07:02.009283,0.0,0.0,0.0
2022-01-14 19:07:02.503752,0.0,0.0,0.0
2022-01-14 19:07:03.002628,0.0,0.0,0.0
2022-01-14 19:07:03.507251,0.0,0.0,0.0
2022-01-14 19:07:04.005326,0.0,0.0,0.0
2022-01-14 19:07:04.509818,0.0,0.0,0.0
2022-01-14 19:07:05.006357,0.0,0.0,0.0
2022-01-14 19:07:05.501303,0.0,0.0,0.0
2022-01-14 19:07:06.001141,0.0,0.0,0.0
2022-01-14 19:07:06.504703,0.0,0.0,0.0
2022-01-14 19:07:07.001595,0.0,0.0,0.0
2022-01-14 19:07:07.507499,0.0,0.0,0.0
2022-01-14 19:07:08.005038,0.0,0.0,0.0
2022-01-14 19:07:08.510511,0.0,0.0,0.0
2022-01-14 19:07:09.009763,0.0,0.0,0.0
2022-01-14 19:07:09.504455,0.0,0.0,0.0
2022-01-14 19:07:10.001048,0.0,0.0,0.0
2022-01-14 19:07:10.509006,0.0,0.0,0.0
2022-01-14 19:07:11.006112,0.0,0.0,0.0
2022-01-14 19:07:11.506571,0.0,0.0,0.0
2022-01-14 19:07:12.003472,0.0,0.0,0.0
2022-01-14 19:07:12.508212,0.0,0.0,0.0
2022-01-14 19:07:13.006237,0.0,0.0,0.0
2022-01-14 19:07:13.501111,0.0,0.0,0.0
2022-01-14 19:07:14.011134,0.0,0.0,0.0
2022-01-14 19:07:14.506279,0.0,0.0,0.0
2022-01-14 19:07:15.005329,0.0,0.0,0.0
2022-01-14 19:07:15.510019,0.0,0.0,0.0
2022-01-14 19:07:16.008157,0.0,0.0,0.0
2022-01-14 19:07:16.502024,0.0,0.0,0.0
2022-01-14 19:07:17.010804,0.0,0.0,0.0
2022-01-14 19:07:17.504964,0.0,0.0,0.0
2022-01-14 19:07:18.002376,0.0,0.0,0.0
2022-01-14 19:07:18.509447,0.0,0.0,0.0
2022-01-14 19:07:19.007555,0.0,0.0,0.0
2022-01-14 19:07:19.503320,0.0,0.0,0.0
2022-01-14 19:07:20.001449,0.0,0.0,0.0
2022-01-14 19:07:20.506841,0.0,0.0,0.0
2022-01-14 19:07:21.005800,0.0,0.0,0.0
2022-01-14 19:07:21.501426,0.0,0.0,0.0
2022-01-14 19:07:22.009145,0.0,0.0,0.0
2022-01-14 19:07:22.503211,0.0,0.0,0.0
2022-01-14 19:07:23.000991,0.0,0.0,0.0
2022-01-14 19:07:23.506773,0.0,0.0,0.0
2022-01-14 19:07:24.006360,0.0,0.0,0.0
2022-01-14 19:07:25.005846,0.0,0.0,0.0
2022-01-14 19:07:25.510900,0.0,0.0,0.0
2022-01-14 19:07:26.008306,0.0,0.0,0.0
2022-01-14 19:07:26.502308,0.0,0.0,0.0
2022-01-14 19:07:27.010898,0.0,0.0,0.0
2022-01-14 19:07:27.505966,0.0,0.0,0.0
2022-01-14 19:07:28.004962,0.0,0.0,0.0
2022-01-14 19:07:28.510430,0.0,0.0,0.0
2022-01-14 19:07:29.008216,0.0,0.0,0.0
2022-01-14 19:07:29.503563,0.0,0.0,0.0
2022-01-14 19:07:30.001218,0.0,0.0,0.0
2022-01-14 19:07:30.508729,0.0,0.0,0.0
2022-01-14 19:07:31.005610,0.0,0.0,0.0
2022-01-14 19:07:31.510582,0.0,0.0,0.0
2022-01-14 19:07:32.008085,0.0,0.0,0.0
2022-01-14 19:07:32.503922,0.0,0.0,0.0
2022-01-14 19:07:33.002120,0.0,0.0,0.0
2022-01-14 19:07:33.507742,0.0,0.0,0.0
2022-01-14 19:07:34.005763,0.0,0.0,0.0
2022-01-14 19:07:34.510637,0.0,0.0,0.0
2022-01-14 19:07:35.009960,0.0,0.0,0.0
2022-01-14 19:07:35.506747,0.0,0.0,0.0
2022-01-14 19:07:36.005600,0.0,0.0,0.0
2022-01-14 19:07:36.501553,0.0,0.0,0.0
2022-01-14 19:07:37.001278,0.0,0.0,0.0
2022-01-14 19:07:37.507754,0.0,0.0,0.0
2022-01-14 19:07:38.005786,0.0,0.0,0.0
2022-01-14 19:07:38.509596,0.0,0.0,0.0
2022-01-14 19:07:39.007446,0.0,0.0,0.0
2022-01-14 19:07:39.501936,0.0,0.0,0.0
2022-01-14 19:07:40.011123,0.0,0.0,0.0
2022-01-14 19:07:40.506267,0.0,0.0,0.0
2022-01-14 19:07:41.003891,0.0,0.0,0.0
2022-01-14 19:07:41.508921,0.0,0.0,0.0
2022-01-14 19:07:42.006783,0.0,0.0,0.0
2022-01-14 19:07:42.502398,0.0,0.0,0.0
2022-01-14 19:07:43.010332,0.0,0.0,0.0
2022-01-14 19:07:43.504487,0.0,0.0,0.0
2022-01-14 19:07:44.002522,0.0,0.0,0.0
2022-01-14 19:07:44.506292,0.0,0.0,0.0
2022-01-14 19:07:45.005434,0.0,0.0,0.0
2022-01-14 19:07:45.510449,0.0,0.0,0.0
2022-01-14 19:07:46.009197,0.0,0.0,0.0
2022-01-14 19:07:46.505734,0.0,0.0,0.0
2022-01-14 19:07:47.002593,0.0,0.0,0.0
2022-01-14 19:07:47.509499,0.0,0.0,0.0
2022-01-14 19:07:48.007893,0.0,0.0,0.0
2022-01-14 19:07:48.501832,0.0,0.0,0.0
2022-01-14 19:07:49.009787,0.0,0.0,0.0
2022-01-14 19:07:49.503695,0.0,0.0,0.0
2022-01-14 19:07:50.001508,0.0,0.0,0.0
2022-01-14 19:07:50.505782,0.0,0.0,0.0
2022-01-14 19:07:51.003581,0.0,0.0,0.0
2022-01-14 19:07:51.508575,0.0,0.0,0.0
2022-01-14 19:07:52.007271,0.0,0.0,0.0
2022-01-14 19:07:52.501908,0.0,0.0,0.0
2022-01-14 19:07:53.010897,0.0,0.0,0.0
2022-01-14 19:07:53.504923,0.0,0.0,0.0
2022-01-14 19:07:54.001838,0.0,0.0,0.0
2022-01-14 19:07:54.505481,0.0,0.0,0.0
2022-01-14 19:07:55.002691,0.0,0.0,0.0
2022-01-14 19:07:55.506985,0.0,0.0,0.0
2022-01-14 19:07:56.004217,0.0,0.0,0.0
2022-01-14 19:07:56.509710,0.0,0.0,0.0
2022-01-14 19:07:57.007508,0.0,0.0,0.0
2022-01-14 19:07:57.502922,0.0,0.0,0.0
2022-01-14 19:07:58.010435,0.0,0.0,0.0
2022-01-14 19:07:58.505716,0.0,0.0,0.0
2022-01-14 19:07:59.003398,0.0,0.0,0.0
2022-01-14 19:07:59.507585,0.0,0.0,0.0
2022-01-14 19:08:00.005063,0.0,0.0,0.0
2022-01-14 19:08:00.507035,0.0,0.0,0.0
2022-01-14 19:08:01.004919,0.0,0.0,0.0
2022-01-14 19:08:01.509690,0.0,0.0,0.0
2022-01-14 19:08:02.008800,0.0,0.0,0.0
2022-01-14 19:08:02.502699,0.0,0.0,0.0
2022-01-14 19:08:03.001253,0.0,0.0,0.0
2022-01-14 19:08:03.505740,0.0,0.0,0.0
2022-01-14 19:08:04.003919,0.0,0.0,0.0
2022-01-14 19:08:04.501177,0.0,0.0,0.0
2022-01-14 19:08:05.010450,0.0,0.0,0.0
2022-01-14 19:08:05.504972,0.0,0.0,0.0
2022-01-14 19:08:06.002761,0.0,0.0,0.0
2022-01-14 19:08:06.507240,0.0,0.0,0.0
2022-01-14 19:08:07.005458,0.0,0.0,0.0
2022-01-14 19:08:07.510762,0.0,0.0,0.0
2022-01-14 19:08:08.008998,0.0,0.0,0.0
2022-01-14 19:08:08.505958,0.0,0.0,0.0
2022-01-14 19:08:09.003639,0.0,0.0,0.0
2022-01-14 19:08:09.509498,0.0,0.0,0.0
2022-01-14 19:08:10.008283,0.0,0.0,0.0
2022-01-14 19:08:10.503489,0.0,0.0,0.0
2022-01-14 19:08:11.504873,0.0,0.0,0.0
2022-01-14 19:08:12.002344,0.0,0.0,0.0
2022-01-14 19:08:12.506769,0.0,0.0,0.0
2022-01-14 19:08:13.005502,0.0,0.0,0.0
2022-01-14 19:08:13.501331,0.0,0.0,0.0
2022-01-14 19:08:14.009750,0.0,0.0,0.0
2022-01-14 19:08:14.505086,0.0,0.0,0.0
2022-01-14 19:08:15.005363,0.0,0.0,0.0
2022-01-14 19:08:15.510451,0.0,0.0,0.0
2022-01-14 19:08:16.010051,0.0,0.0,0.0
2022-01-14 19:08:16.505175,0.0,0.0,0.0
2022-01-14 19:08:17.002576,0.0,0.0,0.0
2022-01-14 19:08:17.507140,0.0,0.0,0.0
2022-01-14 19:08:18.004088,0.0,0.0,0.0
2022-01-14 19:08:18.511095,0.0,0.0,0.0
2022-01-14 19:08:19.009389,0.0,0.0,0.0
2022-01-14 19:08:19.503333,0.0,0.0,0.0
2022-01-14 19:08:20.002937,0.0,0.0,0.0
2022-01-14 19:08:20.508558,0.0,0.0,0.0
2022-01-14 19:08:21.005884,0.0,0.0,0.0
2022-01-14 19:08:21.501132,0.0,0.0,0.0
2022-01-14 19:08:22.010905,0.0,0.0,0.0
2022-01-14 19:08:22.506971,0.0,0.0,0.0
2022-01-14 19:08:23.005115,0.0,0.0,0.0
2022-01-14 19:08:23.511122,0.0,0.0,0.0
2022-01-14 19:08:24.008117,0.0,0.0,0.0
2022-01-14 19:08:24.502439,0.0,0.0,0.0
2022-01-14 19:08:25.009654,0.0,0.0,0.0
2022-01-14 19:08:25.504895,0.0,0.0,0.0
2022-01-14 19:08:26.002209,0.0,0.0,0.0
2022-01-14 19:08:26.508557,0.0,0.0,0.0
2022-01-14 19:08:27.006826,0.0,0.0,0.0
2022-01-14 19:08:27.502364,0.0,0.0,0.0
2022-01-14 19:08:28.010018,0.0,0.0,0.0
2022-01-14 19:08:28.504783,0.0,0.0,0.0
2022-01-14 19:08:29.001702,0.0,0.0,0.0
2022-01-14 19:08:29.508115,0.0,0.0,0.0
2022-01-14 19:08:30.005987,0.0,0.0,0.0
2022-01-14 19:08:30.501046,0.0,0.0,0.0
2022-01-14 19:08:31.010516,0.0,0.0,0.0
2022-01-14 19:08:31.507656,0.0,0.0,0.0
2022-01-14 19:08:32.005646,0.0,0.0,0.0
2022-01-14 19:08:32.510308,0.0,0.0,0.0
2022-01-14 19:08:33.009037,0.0,0.0,0.0
2022-01-14 19:08:33.504394,0.0,0.0,0.0
2022-01-14 19:08:34.002211,0.0,0.0,0.0
2022-01-14 19:08:34.507803,0.0,0.0,0.0
2022-01-14 19:08:35.005989,0.0,0.0,0.0
2022-01-14 19:08:35.501174,0.0,0.0,0.0
2022-01-14 19:08:36.001127,0.0,0.0,0.0
2022-01-14 19:08:36.506870,0.0,0.0,0.0
2022-01-14 19:08:37.005111,0.0,0.0,0.0
2022-01-14 19:08:37.509780,0.0,0.0,0.0
2022-01-14 19:08:38.007792,0.0,0.0,0.0
2022-01-14 19:08:38.501150,0.0,0.0,0.0
2022-01-14 19:08:39.009137,0.0,0.0,0.0
2022-01-14 19:08:39.509354,0.0,0.0,0.0
2022-01-14 19:08:40.009716,0.0,0.0,0.0
2022-01-14 19:08:40.504490,0.0,0.0,0.0
2022-01-14 19:08:41.003586,0.0,0.0,0.0
2022-01-14 19:08:41.508228,0.0,0.0,0.0
2022-01-14 19:08:42.004788,0.0,0.0,0.0
2022-01-14 19:08:42.511003,0.0,0.0,0.0
2022-01-14 19:08:43.008748,0.0,0.0,0.0
2022-01-14 19:08:43.506216,0.0,0.0,0.0
2022-01-14 19:08:44.004453,0.0,0.0,0.0
2022-01-14 19:08:44.510912,0.0,0.0,0.0
2022-01-14 19:08:45.008615,0.0,0.0,0.0
2022-01-14 19:08:45.501987,0.0,0.0,0.0
2022-01-14 19:08:46.009489,0.0,0.0,0.0
2022-01-14 19:08:46.505089,0.0,0.0,0.0
2022-01-14 19:08:47.001775,0.0,0.0,0.0
2022-01-14 19:08:47.507278,0.0,0.0,0.0
2022-01-14 19:08:48.004319,0.0,0.0,0.0
2022-01-14 19:08:48.509237,0.0,0.0,0.0
2022-01-14 19:08:49.008019,0.0,0.0,0.0
2022-01-14 19:08:49.502743,0.0,0.0,0.0
2022-01-14 19:08:50.010368,0.0,0.0,0.0
2022-01-14 19:08:50.505174,0.0,0.0,0.0
2022-01-14 19:08:51.002528,0.0,0.0,0.0
2022-01-14 19:08:51.507684,0.0,0.0,0.0
2022-01-14 19:08:52.005200,0.0,0.0,0.0
2022-01-14 19:08:52.510038,0.0,0.0,0.0
2022-01-14 19:08:53.006921,0.0,0.0,0.0
2022-01-14 19:08:53.503064,0.0,0.0,0.0
2022-01-14 19:08:54.011047,0.0,0.0,0.0
2022-01-14 19:08:54.505651,0.0,0.0,0.0
2022-01-14 19:08:55.004413,0.0,0.0,0.0
2022-01-14 19:08:55.509704,0.0,0.0,0.0
2022-01-14 19:08:56.008128,0.0,0.0,0.0
2022-01-14 19:08:56.502070,0.0,0.0,0.0
2022-01-14 19:08:57.010185,0.0,0.0,0.0
2022-01-14 19:08:57.504570,0.0,0.0,0.0
2022-01-14 19:08:58.002493,0.0,0.0,0.0
2022-01-14 19:08:58.507317,0.0,0.0,0.0
2022-01-14 19:08:59.004996,0.0,0.0,0.0
2022-01-14 19:08:59.510449,0.0,0.0,0.0
2022-01-14 19:09:00.009019,0.0,0.0,0.0
2022-01-14 19:09:00.510449,0.0,0.0,0.0
2022-01-14 19:09:01.008595,0.0,0.0,0.0
2022-01-14 19:09:01.505738,0.0,0.0,0.0
2022-01-14 19:09:02.004988,0.0,0.0,0.0
2022-01-14 19:09:02.510176,0.0,0.0,0.0
2022-01-14 19:09:03.007708,0.0,0.0,0.0
2022-01-14 19:09:03.503376,0.0,0.0,0.0
2022-01-14 19:09:04.001157,0.0,0.0,0.0
2022-01-14 19:09:04.505650,0.0,0.0,0.0
2022-01-14 19:09:05.003878,0.0,0.0,0.0
2022-01-14 19:09:05.509815,0.0,0.0,0.0
2022-01-14 19:09:06.010032,0.0,0.0,0.0
2022-01-14 19:09:06.503794,0.0,0.0,0.0
2022-01-14 19:09:07.002417,0.0,0.0,0.0
2022-01-14 19:09:07.507458,0.0,0.0,0.0
2022-01-14 19:09:08.005656,0.0,0.0,0.0
2022-01-14 19:09:08.510394,0.0,0.0,0.0
2022-01-14 19:09:09.008036,0.0,0.0,0.0
2022-01-14 19:09:09.504511,0.0,0.0,0.0
2022-01-14 19:09:10.009866,0.0,0.0,0.0
2022-01-14 19:09:10.508994,0.0,0.0,0.0
2022-01-14 19:09:11.006394,0.0,0.0,0.0
2022-01-14 19:09:11.501956,0.0,0.0,0.0
2022-01-14 19:09:12.001098,0.0,0.0,0.0
2022-01-14 19:09:12.505121,0.0,0.0,0.0
2022-01-14 19:09:13.002795,0.0,0.0,0.0
2022-01-14 19:09:13.509331,0.0,0.0,0.0
2022-01-14 19:09:14.006967,0.0,0.0,0.0
2022-01-14 19:09:14.502281,0.0,0.0,0.0
2022-01-14 19:09:15.504726,0.0,0.0,0.0
2022-01-14 19:09:16.003445,0.0,0.0,0.0
2022-01-14 19:09:16.508981,0.0,0.0,0.0
2022-01-14 19:09:17.006229,0.0,0.0,0.0
2022-01-14 19:09:17.510761,0.0,0.0,0.0
2022-01-14 19:09:18.009071,0.0,0.0,0.0
2022-01-14 19:09:18.504588,0.0,0.0,0.0
2022-01-14 19:09:19.003252,0.0,0.0,0.0
2022-01-14 19:09:19.508483,0.0,0.0,0.0
2022-01-14 19:09:20.007209,0.0,0.0,0.0
2022-01-14 19:09:21.005083,0.0,0.0,0.0
2022-01-14 19:09:21.509565,0.0,0.0,0.0
2022-01-14 19:09:22.008475,0.0,0.0,0.0
2022-01-14 19:09:22.502710,0.0,0.0,0.0
2022-01-14 19:09:23.011064,0.0,0.0,0.0
2022-01-14 19:09:23.505727,0.0,0.0,0.0
2022-01-14 19:09:24.004119,0.0,0.0,0.0
2022-01-14 19:09:24.507357,0.0,0.0,0.0
2022-01-14 19:09:25.005754,0.0,0.0,0.0
2022-01-14 19:09:25.502130,0.0,0.0,0.0
2022-01-14 19:09:26.010929,0.0,0.0,0.0
2022-01-14 19:09:26.505438,0.0,0.0,0.0
2022-01-14 19:09:27.004050,0.0,0.0,0.0
2022-01-14 19:09:27.509246,0.0,0.0,0.0
2022-01-14 19:09:28.008060,0.0,0.0,0.0
2022-01-14 19:09:28.503657,0.0,0.0,0.0
2022-01-14 19:09:29.002265,0.0,0.0,0.0
2022-01-14 19:09:29.509481,0.0,0.0,0.0
2022-01-14 19:09:30.006654,0.0,0.0,0.0
2022-01-14 19:09:31.005286,0.0,0.0,0.0
2022-01-14 19:09:31.510886,0.0,0.0,0.0
2022-01-14 19:09:32.009844,0.0,0.0,0.0
2022-01-14 19:09:32.505012,0.0,0.0,0.0
2022-01-14 19:09:33.001601,0.0,0.0,0.0
2022-01-14 19:09:33.506986,0.0,0.0,0.0
2022-01-14 19:09:34.008682,0.0,0.0,0.0
2022-01-14 19:09:34.506673,0.0,0.0,0.0
2022-01-14 19:09:35.005133,0.0,0.0,0.0
2022-01-14 19:09:35.509770,0.0,0.0,0.0
2022-01-14 19:09:36.009751,0.0,0.0,0.0
2022-01-14 19:09:36.504336,0.0,0.0,0.0
2022-01-14 19:09:37.002357,0.0,0.0,0.0
2022-01-14 19:09:37.506980,0.0,0.0,0.0
2022-01-14 19:09:38.004689,0.0,0.0,0.0
2022-01-14 19:09:38.501831,0.0,0.0,0.0
2022-01-14 19:09:39.010907,0.0,0.0,0.0
2022-01-14 19:09:39.505787,0.0,0.0,0.0
2022-01-14 19:09:40.005517,0.0,0.0,0.0
2022-01-14 19:09:40.501359,0.0,0.0,0.0
2022-01-14 19:09:41.009223,0.0,0.0,0.0
2022-01-14 19:09:41.503998,0.0,0.0,0.0
2022-01-14 19:09:42.002682,0.0,0.0,0.0
2022-01-14 19:09:42.508066,0.0,0.0,0.0
2022-01-14 19:09:43.006137,0.0,0.0,0.0
2022-01-14 19:09:43.501457,0.0,0.0,0.0
2022-01-14 19:09:44.010316,0.0,0.0,0.0
2022-01-14 19:09:44.505979,0.0,0.0,0.0
2022-01-14 19:09:45.004084,0.0,0.0,0.0
2022-01-14 19:09:45.510194,0.0,0.0,0.0
2022-01-14 19:09:46.009111,0.0,0.0,0.0
2022-01-14 19:09:46.504407,0.0,0.0,0.0
2022-01-14 19:09:47.003631,0.0,0.0,0.0
2022-01-14 19:09:47.508128,0.0,0.0,0.0
2022-01-14 19:09:48.005397,0.0,0.0,0.0
2022-01-14 19:09:48.510741,0.0,0.0,0.0
2022-01-14 19:09:49.009062,0.0,0.0,0.0
2022-01-14 19:09:49.503964,0.0,0.0,0.0
2022-01-14 19:09:50.001761,0.0,0.0,0.0
2022-01-14 19:09:50.507905,0.0,0.0,0.0
2022-01-14 19:09:51.005841,0.0,0.0,0.0
2022-01-14 19:09:51.502952,0.0,0.0,0.0
2022-01-14 19:09:52.010707,0.0,0.0,0.0
2022-01-14 19:09:52.508632,0.0,0.0,0.0
2022-01-14 19:09:53.006215,0.0,0.0,0.0
2022-01-14 19:09:53.509858,0.0,0.0,0.0
2022-01-14 19:09:54.007716,0.0,0.0,0.0
2022-01-14 19:09:54.503377,0.0,0.0,0.0
2022-01-14 19:09:55.010438,0.0,0.0,0.0
2022-01-14 19:09:55.505963,0.0,0.0,0.0
2022-01-14 19:09:56.005714,0.0,0.0,0.0
2022-01-14 19:09:56.510167,0.0,0.0,0.0
2022-01-14 19:09:57.008050,0.0,0.0,0.0
2022-01-14 19:09:57.502538,0.0,0.0,0.0
2022-01-14 19:09:58.001064,0.0,0.0,0.0
2022-01-14 19:09:58.506388,0.0,0.0,0.0
2022-01-14 19:09:59.005769,0.0,0.0,0.0
2022-01-14 19:09:59.501827,0.0,0.0,0.0
2022-01-14 19:10:00.008841,0.0,0.0,0.0
2022-01-14 19:10:00.502662,0.0,0.0,0.0
2022-01-14 19:10:01.010775,0.0,0.0,0.0
2022-01-14 19:10:01.506504,0.0,0.0,0.0
2022-01-14 19:10:02.004539,0.0,0.0,0.0
2022-01-14 19:10:02.510168,0.0,0.0,0.0
2022-01-14 19:10:03.008817,0.0,0.0,0.0
2022-01-14 19:10:03.503139,0.0,0.0,0.0
2022-01-14 19:10:04.001086,0.0,0.0,0.0
2022-01-14 19:10:04.507483,0.0,0.0,0.0
2022-01-14 19:10:05.006006,0.0,0.0,0.0
2022-01-14 19:10:05.503549,0.0,0.0,0.0
2022-01-14 19:10:06.001688,0.0,0.0,0.0
2022-01-14 19:10:06.508721,0.0,0.0,0.0
2022-01-14 19:10:07.006464,0.0,0.0,0.0
2022-01-14 19:10:07.501772,0.0,0.0,0.0
2022-01-14 19:10:08.010581,0.0,0.0,0.0
2022-01-14 19:10:08.506165,0.0,0.0,0.0
2022-01-14 19:10:09.005586,0.0,0.0,0.0
2022-01-14 19:10:09.510886,0.0,0.0,0.0
2022-01-14 19:10:10.009219,0.0,0.0,0.0
2022-01-14 19:10:10.504814,0.0,0.0,0.0
2022-01-14 19:10:11.002164,0.0,0.0,0.0
2022-01-14 19:10:11.507560,0.0,0.0,0.0
2022-01-14 19:10:12.005837,0.0,0.0,0.0
2022-01-14 19:10:12.501167,0.0,0.0,0.0
2022-01-14 19:10:13.009115,0.0,0.0,0.0
2022-01-14 19:10:13.504431,0.0,0.0,0.0
2022-01-14 19:10:14.001715,0.0,0.0,0.0
2022-01-14 19:10:14.506194,0.0,0.0,0.0
2022-01-14 19:10:15.003134,0.0,0.0,0.0
2022-01-14 19:10:15.508149,0.0,0.0,0.0
2022-01-14 19:10:16.006490,0.0,0.0,0.0
2022-01-14 19:10:16.501219,0.0,0.0,0.0
2022-01-14 19:10:17.010591,0.0,0.0,0.0
2022-01-14 19:10:17.505768,0.0,0.0,0.0
2022-01-14 19:10:18.003482,0.0,0.0,0.0
2022-01-14 19:10:18.508607,0.0,0.0,0.0
2022-01-14 19:10:19.006257,0.0,0.0,0.0
2022-01-14 19:10:19.501150,0.0,0.0,0.0
2022-01-14 19:10:20.009334,0.0,0.0,0.0
2022-01-14 19:10:20.504101,0.0,0.0,0.0
2022-01-14 19:10:21.002129,0.0,0.0,0.0
2022-01-14 19:10:21.509517,0.0,0.0,0.0
2022-01-14 19:10:22.007632,0.0,0.0,0.0
2022-01-14 19:10:22.504148,0.0,0.0,0.0
2022-01-14 19:10:23.504504,0.0,0.0,0.0
2022-01-14 19:10:24.002607,0.0,0.0,0.0
2022-01-14 19:10:24.508170,0.0,0.0,0.0
2022-01-14 19:10:25.006396,0.0,0.0,0.0
2022-01-14 19:10:25.502164,0.0,0.0,0.0
2022-01-14 19:10:26.010532,0.0,0.0,0.0
2022-01-14 19:10:26.506273,0.0,0.0,0.0
2022-01-14 19:10:27.007188,0.0,0.0,0.0
2022-01-14 19:10:27.502332,0.0,0.0,0.0
2022-01-14 19:10:28.009956,0.0,0.0,0.0
2022-01-14 19:10:28.504288,0.0,0.0,0.0
2022-01-14 19:10:29.001183,0.0,0.0,0.0
2022-01-14 19:10:29.505728,0.0,0.0,0.0
2022-01-14 19:10:30.002343,0.0,0.0,0.0
2022-01-14 19:10:30.508009,0.0,0.0,0.0
2022-01-14 19:10:31.006172,0.0,0.0,0.0
2022-01-14 19:10:31.502854,0.0,0.0,0.0
2022-01-14 19:10:32.002037,0.0,0.0,0.0
2022-01-14 19:10:32.508096,0.0,0.0,0.0
2022-01-14 19:10:33.005700,0.0,0.0,0.0
2022-01-14 19:10:33.509952,0.0,0.0,0.0
2022-01-14 19:10:34.008219,0.0,0.0,0.0
2022-01-14 19:10:34.503089,0.0,0.0,0.0
2022-01-14 19:10:35.001009,0.0,0.0,0.0
2022-01-14 19:10:35.506686,0.0,0.0,0.0
2022-01-14 19:10:36.006085,0.0,0.0,0.0
2022-01-14 19:10:36.509141,0.0,0.0,0.0
2022-01-14 19:10:37.007241,0.0,0.0,0.0
2022-01-14 19:10:37.503742,0.0,0.0,0.0
2022-01-14 19:10:38.010477,0.0,0.0,0.0
2022-01-14 19:10:38.506567,0.0,0.0,0.0
2022-01-14 19:10:39.003888,0.0,0.0,0.0
2022-01-14 19:10:39.508050,0.0,0.0,0.0
2022-01-14 19:10:40.007286,0.0,0.0,0.0
2022-01-14 19:10:40.501587,0.0,0.0,0.0
2022-01-14 19:10:41.010139,0.0,0.0,0.0
2022-01-14 19:10:41.504786,0.0,0.0,0.0
2022-01-14 19:10:42.001530,0.0,0.0,0.0
2022-01-14 19:10:42.505918,0.0,0.0,0.0
2022-01-14 19:10:43.002473,0.0,0.0,0.0
2022-01-14 19:10:43.507484,0.0,0.0,0.0
2022-01-14 19:10:44.005177,0.0,0.0,0.0
2022-01-14 19:10:44.510944,0.0,0.0,0.0
2022-01-14 19:10:45.009146,0.0,0.0,0.0
2022-01-14 19:10:45.504236,0.0,0.0,0.0
2022-01-14 19:10:46.002290,0.0,0.0,0.0
2022-01-14 19:10:46.506959,0.0,0.0,0.0
2022-01-14 19:10:47.006383,0.0,0.0,0.0
2022-01-14 19:10:47.501075,0.0,0.0,0.0
2022-01-14 19:10:48.008786,0.0,0.0,0.0
2022-01-14 19:10:48.504843,0.0,0.0,0.0
2022-01-14 19:10:49.002800,0.0,0.0,0.0
2022-01-14 19:10:49.506201,0.0,0.0,0.0
2022-01-14 19:10:50.004630,0.0,0.0,0.0
2022-01-14 19:10:50.509376,0.0,0.0,0.0
2022-01-14 19:10:51.007041,0.0,0.0,0.0
2022-01-14 19:10:51.505102,0.0,0.0,0.0
2022-01-14 19:10:52.001715,0.0,0.0,0.0
2022-01-14 19:10:52.506968,0.0,0.0,0.0
2022-01-14 19:10:53.004742,0.0,0.0,0.0
2022-01-14 19:10:53.510906,0.0,0.0,0.0
2022-01-14 19:10:54.008669,0.0,0.0,0.0
2022-01-14 19:10:54.505705,0.0,0.0,0.0
2022-01-14 19:10:55.004701,0.0,0.0,0.0
2022-01-14 19:10:55.507232,0.0,0.0,0.0
2022-01-14 19:10:56.004752,0.0,0.0,0.0
2022-01-14 19:10:56.509616,0.0,0.0,0.0
2022-01-14 19:10:57.007734,0.0,0.0,0.0
2022-01-14 19:10:57.503622,0.0,0.0,0.0
2022-01-14 19:10:58.001474,0.0,0.0,0.0
2022-01-14 19:10:58.507741,0.0,0.0,0.0
2022-01-14 19:10:59.005720,0.0,0.0,0.0
2022-01-14 19:10:59.509151,0.0,0.0,0.0
2022-01-14 19:11:00.006054,0.0,0.0,0.0
2022-01-14 19:11:00.509398,0.0,0.0,0.0
2022-01-14 19:11:01.007306,0.0,0.0,0.0
2022-01-14 19:11:01.502306,0.0,0.0,0.0
2022-01-14 19:11:02.009048,0.0,0.0,0.0
2022-01-14 19:11:02.503505,0.0,0.0,0.0
2022-01-14 19:11:03.002903,0.0,0.0,0.0
2022-01-14 19:11:03.508659,0.0,0.0,0.0
2022-01-14 19:11:04.007018,0.0,0.0,0.0
2022-01-14 19:11:04.501453,0.0,0.0,0.0
2022-01-14 19:11:05.009317,0.0,0.0,0.0
2022-01-14 19:11:05.502948,0.0,0.0,0.0
2022-01-14 19:11:06.001257,0.0,0.0,0.0
2022-01-14 19:11:06.506670,0.0,0.0,0.0
2022-01-14 19:11:07.004036,0.0,0.0,0.0
2022-01-14 19:11:07.508781,0.0,0.0,0.0
2022-01-14 19:11:08.006758,0.0,0.0,0.0
2022-01-14 19:11:08.501908,0.0,0.0,0.0
2022-01-14 19:11:09.010087,0.0,0.0,0.0
2022-01-14 19:11:09.506316,0.0,0.0,0.0
2022-01-14 19:11:10.002570,0.0,0.0,0.0
2022-01-14 19:11:10.506561,0.0,0.0,0.0
2022-01-14 19:11:11.003829,0.0,0.0,0.0
2022-01-14 19:11:11.509153,0.0,0.0,0.0
2022-01-14 19:11:12.005697,0.0,0.0,0.0
2022-01-14 19:11:12.509696,0.0,0.0,0.0
2022-01-14 19:11:13.008327,0.0,0.0,0.0
2022-01-14 19:11:13.503039,0.0,0.0,0.0
2022-01-14 19:11:14.010792,0.0,0.0,0.0
2022-01-14 19:11:14.507092,0.0,0.0,0.0
2022-01-14 19:11:15.006033,0.0,0.0,0.0
2022-01-14 19:11:15.510736,0.0,0.0,0.0
2022-01-14 19:11:16.007630,0.0,0.0,0.0
2022-01-14 19:11:16.510921,0.0,0.0,0.0
2022-01-14 19:11:17.007697,0.0,0.0,0.0
2022-01-14 19:11:17.502475,0.0,0.0,0.0
2022-01-14 19:11:18.001343,0.0,0.0,0.0
2022-01-14 19:11:18.507063,0.0,0.0,0.0
2022-01-14 19:11:19.003436,0.0,0.0,0.0
2022-01-14 19:11:19.510805,0.0,0.0,0.0
2022-01-14 19:11:20.007605,0.0,0.0,0.0
2022-01-14 19:11:20.501657,0.0,0.0,0.0
2022-01-14 19:11:21.010402,0.0,0.0,0.0
2022-01-14 19:11:21.506250,0.0,0.0,0.0
2022-01-14 19:11:22.003911,0.0,0.0,0.0
2022-01-14 19:11:22.509142,0.0,0.0,0.0
2022-01-14 19:11:23.007033,0.0,0.0,0.0
2022-01-14 19:11:23.510339,0.0,0.0,0.0
2022-01-14 19:11:24.008753,0.0,0.0,0.0
2022-01-14 19:11:24.505517,0.0,0.0,0.0
2022-01-14 19:11:25.001800,0.0,0.0,0.0
2022-01-14 19:11:25.507182,0.0,0.0,0.0
2022-01-14 19:11:26.004239,0.0,0.0,0.0
2022-01-14 19:11:26.509053,0.0,0.0,0.0
2022-01-14 19:11:27.006504,0.0,0.0,0.0
2022-01-14 19:11:27.510946,0.0,0.0,0.0
2022-01-14 19:11:28.007267,0.0,0.0,0.0
2022-01-14 19:11:28.510050,0.0,0.0,0.0
2022-01-14 19:11:29.009237,0.0,0.0,0.0
2022-01-14 19:11:29.502072,0.0,0.0,0.0
2022-01-14 19:11:30.001120,0.0,0.0,0.0
2022-01-14 19:11:30.507773,0.0,0.0,0.0
2022-01-14 19:11:31.004974,0.0,0.0,0.0
2022-01-14 19:11:31.509712,0.0,0.0,0.0
2022-01-14 19:11:32.008950,0.0,0.0,0.0
2022-01-14 19:11:32.506369,0.0,0.0,0.0
2022-01-14 19:11:33.003849,0.0,0.0,0.0
2022-01-14 19:11:33.510002,0.0,0.0,0.0
2022-01-14 19:11:34.007750,0.0,0.0,0.0
2022-01-14 19:11:34.501819,0.0,0.0,0.0
2022-01-14 19:11:35.010388,0.0,0.0,0.0
2022-01-14 19:11:35.505991,0.0,0.0,0.0
2022-01-14 19:11:36.003413,0.0,0.0,0.0
2022-01-14 19:11:36.509732,0.0,0.0,0.0
2022-01-14 19:11:37.007134,0.0,0.0,0.0
2022-01-14 19:11:37.502307,0.0,0.0,0.0
2022-01-14 19:11:38.010379,0.0,0.0,0.0
2022-01-14 19:11:38.504961,0.0,0.0,0.0
2022-01-14 19:11:39.001876,0.0,0.0,0.0
2022-01-14 19:11:39.506682,0.0,0.0,0.0
2022-01-14 19:11:40.004087,0.0,0.0,0.0
2022-01-14 19:11:40.509209,0.0,0.0,0.0
2022-01-14 19:11:41.007812,0.0,0.0,0.0
2022-01-14 19:11:41.501757,0.0,0.0,0.0
2022-01-14 19:11:42.010459,0.0,0.0,0.0
2022-01-14 19:11:42.504585,0.0,0.0,0.0
2022-01-14 19:11:43.002478,0.0,0.0,0.0
2022-01-14 19:11:43.507873,0.0,0.0,0.0
2022-01-14 19:11:44.004979,0.0,0.0,0.0
2022-01-14 19:11:44.510249,0.0,0.0,0.0
2022-01-14 19:11:45.009821,0.0,0.0,0.0
2022-01-14 19:11:45.505457,0.0,0.0,0.0
2022-01-14 19:11:46.005245,0.0,0.0,0.0
2022-01-14 19:11:46.509649,0.0,0.0,0.0
2022-01-14 19:11:47.006415,0.0,0.0,0.0
2022-01-14 19:11:47.510715,0.0,0.0,0.0
2022-01-14 19:11:48.008194,0.0,0.0,0.0
2022-01-14 19:11:48.503363,0.0,0.0,0.0
2022-01-14 19:11:49.001505,0.0,0.0,0.0
2022-01-14 19:11:49.506325,0.0,0.0,0.0
2022-01-14 19:11:50.004666,0.0,0.0,0.0
2022-01-14 19:11:50.501466,0.0,0.0,0.0
2022-01-14 19:11:51.009051,0.0,0.0,0.0
2022-01-14 19:11:51.505205,0.0,0.0,0.0
2022-01-14 19:11:52.003641,0.0,0.0,0.0
2022-01-14 19:11:52.507524,0.0,0.0,0.0
2022-01-14 19:11:53.005448,0.0,0.0,0.0
2022-01-14 19:11:53.511051,0.0,0.0,0.0
2022-01-14 19:11:54.008446,0.0,0.0,0.0
2022-01-14 19:11:54.504864,0.0,0.0,0.0
2022-01-14 19:11:55.001534,0.0,0.0,0.0
2022-01-14 19:11:55.506127,0.0,0.0,0.0
2022-01-14 19:11:56.004673,0.0,0.0,0.0
2022-01-14 19:11:56.507999,0.0,0.0,0.0
2022-01-14 19:11:57.005248,0.0,0.0,0.0
2022-01-14 19:11:57.510913,0.0,0.0,0.0
2022-01-14 19:11:58.008759,0.0,0.0,0.0
2022-01-14 19:11:58.503818,0.0,0.0,0.0
2022-01-14 19:11:59.004140,0.0,0.0,0.0
2022-01-14 19:11:59.508193,0.0,0.0,0.0
2022-01-14 19:12:00.004639,0.0,0.0,0.0
2022-01-14 19:12:00.508415,0.0,0.0,0.0
2022-01-14 19:12:01.004835,0.0,0.0,0.0
2022-01-14 19:12:01.509844,0.0,0.0,0.0
2022-01-14 19:12:02.007899,0.0,0.0,0.0
2022-01-14 19:12:02.503892,0.0,0.0,0.0
2022-01-14 19:12:03.002517,0.0,0.0,0.0
2022-01-14 19:12:03.506953,0.0,0.0,0.0
2022-01-14 19:12:04.006522,0.0,0.0,0.0
2022-01-14 19:12:04.511231,0.0,0.0,0.0
2022-01-14 19:12:05.010372,0.0,0.0,0.0
2022-01-14 19:12:05.506328,0.0,0.0,0.0
2022-01-14 19:12:06.002691,0.0,0.0,0.0
2022-01-14 19:12:06.506947,0.0,0.0,0.0
2022-01-14 19:12:07.002908,0.0,0.0,0.0
2022-01-14 19:12:07.509015,0.0,0.0,0.0
2022-01-14 19:12:08.006227,0.0,0.0,0.0
2022-01-14 19:12:08.501093,0.0,0.0,0.0
2022-01-14 19:12:09.009089,0.0,0.0,0.0
2022-01-14 19:12:09.504163,0.0,0.0,0.0
2022-01-14 19:12:10.001658,0.0,0.0,0.0
2022-01-14 19:12:10.506516,0.0,0.0,0.0
2022-01-14 19:12:11.004104,0.0,0.0,0.0
2022-01-14 19:12:11.508605,0.0,0.0,0.0
2022-01-14 19:12:12.006254,0.0,0.0,0.0
2022-01-14 19:12:12.502317,0.0,0.0,0.0
2022-01-14 19:12:13.010676,0.0,0.0,0.0
2022-01-14 19:12:13.505564,0.0,0.0,0.0
2022-01-14 19:12:14.003397,0.0,0.0,0.0
2022-01-14 19:12:14.508281,0.0,0.0,0.0
2022-01-14 19:12:15.005953,0.0,0.0,0.0
2022-01-14 19:12:16.004758,0.0,0.0,0.0
2022-01-14 19:12:16.502096,0.0,0.0,0.0
2022-01-14 19:12:17.001162,0.0,0.0,0.0
2022-01-14 19:12:17.505180,0.0,0.0,0.0
2022-01-14 19:12:18.004146,0.0,0.0,0.0
2022-01-14 19:12:18.508894,0.0,0.0,0.0
2022-01-14 19:12:19.005866,0.0,0.0,0.0
2022-01-14 19:12:19.510202,0.0,0.0,0.0
2022-01-14 19:12:20.008228,0.0,0.0,0.0
2022-01-14 19:12:20.504581,0.0,0.0,0.0
2022-01-14 19:12:21.002550,0.0,0.0,0.0
2022-01-14 19:12:21.507364,0.0,0.0,0.0
2022-01-14 19:12:22.004549,0.0,0.0,0.0
2022-01-14 19:12:22.509639,0.0,0.0,0.0
2022-01-14 19:12:23.006696,0.0,0.0,0.0
2022-01-14 19:12:23.510715,0.0,0.0,0.0
2022-01-14 19:12:24.008801,0.0,0.0,0.0
2022-01-14 19:12:24.502803,0.0,0.0,0.0
2022-01-14 19:12:25.001094,0.0,0.0,0.0
2022-01-14 19:12:25.507205,0.0,0.0,0.0
2022-01-14 19:12:26.005231,0.0,0.0,0.0
2022-01-14 19:12:26.511021,0.0,0.0,0.0
2022-01-14 19:12:27.008780,0.0,0.0,0.0
2022-01-14 19:12:27.501146,0.0,0.0,0.0
2022-01-14 19:12:28.009435,0.0,0.0,0.0
2022-01-14 19:12:28.504122,0.0,0.0,0.0
2022-01-14 19:12:29.001151,0.0,0.0,0.0
2022-01-14 19:12:29.504478,0.0,0.0,0.0
2022-01-14 19:12:30.002780,0.0,0.0,0.0
2022-01-14 19:12:30.508441,0.0,0.0,0.0
2022-01-14 19:12:31.005919,0.0,0.0,0.0
2022-01-14 19:12:31.510922,0.0,0.0,0.0
2022-01-14 19:12:32.008742,0.0,0.0,0.0
2022-01-14 19:12:32.502607,0.0,0.0,0.0
2022-01-14 19:12:33.011020,0.0,0.0,0.0
2022-01-14 19:12:33.506649,0.0,0.0,0.0
2022-01-14 19:12:34.006418,0.0,0.0,0.0
2022-01-14 19:12:34.504250,0.0,0.0,0.0
2022-01-14 19:12:35.002253,0.0,0.0,0.0
2022-01-14 19:12:35.506350,0.0,0.0,0.0
2022-01-14 19:12:36.005812,0.0,0.0,0.0
2022-01-14 19:12:36.510980,0.0,0.0,0.0
2022-01-14 19:12:37.010120,0.0,0.0,0.0
2022-01-14 19:12:37.506326,0.0,0.0,0.0
2022-01-14 19:12:38.004287,0.0,0.0,0.0
2022-01-14 19:12:38.509634,0.0,0.0,0.0
2022-01-14 19:12:39.007926,0.0,0.0,0.0
2022-01-14 19:12:39.502757,0.0,0.0,0.0
2022-01-14 19:12:40.010345,0.0,0.0,0.0
2022-01-14 19:12:40.505183,0.0,0.0,0.0
2022-01-14 19:12:41.002321,0.0,0.0,0.0
2022-01-14 19:12:41.506807,0.0,0.0,0.0
2022-01-14 19:12:42.005070,0.0,0.0,0.0
2022-01-14 19:12:42.509998,0.0,0.0,0.0
2022-01-14 19:12:43.008118,0.0,0.0,0.0
2022-01-14 19:12:43.505658,0.0,0.0,0.0
2022-01-14 19:12:44.003903,0.0,0.0,0.0
2022-01-14 19:12:44.507922,0.0,0.0,0.0
2022-01-14 19:12:45.006038,0.0,0.0,0.0
2022-01-14 19:12:45.502271,0.0,0.0,0.0
2022-01-14 19:12:46.009745,0.0,0.0,0.0
2022-01-14 19:12:46.504864,0.0,0.0,0.0
2022-01-14 19:12:47.002316,0.0,0.0,0.0
2022-01-14 19:12:47.507282,0.0,0.0,0.0
2022-01-14 19:12:48.004970,0.0,0.0,0.0
2022-01-14 19:12:48.510408,0.0,0.0,0.0
2022-01-14 19:12:49.008585,0.0,0.0,0.0
2022-01-14 19:12:49.503321,0.0,0.0,0.0
2022-01-14 19:12:50.001781,0.0,0.0,0.0
2022-01-14 19:12:50.505437,0.0,0.0,0.0
2022-01-14 19:12:51.004456,0.0,0.0,0.0
2022-01-14 19:12:51.501704,0.0,0.0,0.0
2022-01-14 19:12:52.010160,0.0,0.0,0.0
2022-01-14 19:12:52.506692,0.0,0.0,0.0
2022-01-14 19:12:53.004403,0.0,0.0,0.0
2022-01-14 19:12:53.509853,0.0,0.0,0.0
2022-01-14 19:12:54.008903,0.0,0.0,0.0
2022-01-14 19:12:54.504364,0.0,0.0,0.0
2022-01-14 19:12:55.001830,0.0,0.0,0.0
2022-01-14 19:12:55.508373,0.0,0.0,0.0
2022-01-14 19:12:56.006374,0.0,0.0,0.0
2022-01-14 19:12:56.503035,0.0,0.0,0.0
2022-01-14 19:12:57.011259,0.0,0.0,0.0
2022-01-14 19:12:57.505834,0.0,0.0,0.0
2022-01-14 19:12:58.004465,0.0,0.0,0.0
2022-01-14 19:12:58.508173,0.0,0.0,0.0
2022-01-14 19:12:59.005270,0.0,0.0,0.0
2022-01-14 19:12:59.508788,0.0,0.0,0.0
2022-01-14 19:13:00.006092,0.0,0.0,0.0
2022-01-14 19:13:00.501715,0.0,0.0,0.0
2022-01-14 19:13:01.010920,0.0,0.0,0.0
2022-01-14 19:13:01.505148,0.0,0.0,0.0
2022-01-14 19:13:02.002814,0.0,0.0,0.0
2022-01-14 19:13:02.506667,0.0,0.0,0.0
2022-01-14 19:13:03.003693,0.0,0.0,0.0
2022-01-14 19:13:03.505403,0.0,0.0,0.0
2022-01-14 19:13:04.003787,0.0,0.0,0.0
2022-01-14 19:13:04.508901,0.0,0.0,0.0
2022-01-14 19:13:05.007725,0.0,0.0,0.0
2022-01-14 19:13:05.503007,0.0,0.0,0.0
2022-01-14 19:13:06.009891,0.0,0.0,0.0
2022-01-14 19:13:06.502756,0.0,0.0,0.0
2022-01-14 19:13:07.008759,0.0,0.0,0.0
2022-01-14 19:13:07.502824,0.0,0.0,0.0
2022-01-14 19:13:08.504551,0.0,0.0,0.0
2022-01-14 19:13:09.011432,0.0,0.0,0.0
2022-01-14 19:13:09.506731,0.0,0.0,0.0
2022-01-14 19:13:10.006946,0.0,0.0,0.0
2022-01-14 19:13:10.510481,0.0,0.0,0.0
2022-01-14 19:13:11.007867,0.0,0.0,0.0
2022-01-14 19:13:11.502160,0.0,0.0,0.0
2022-01-14 19:13:12.011019,0.0,0.0,0.0
2022-01-14 19:13:12.506165,0.0,0.0,0.0
2022-01-14 19:13:13.004697,0.0,0.0,0.0
2022-01-14 19:13:13.510326,0.0,0.0,0.0
2022-01-14 19:13:14.008140,0.0,0.0,0.0
2022-01-14 19:13:14.505056,0.0,0.0,0.0
2022-01-14 19:13:15.001096,0.0,0.0,0.0
2022-01-14 19:13:15.508251,0.0,0.0,0.0
2022-01-14 19:13:16.006928,0.0,0.0,0.0
2022-01-14 19:13:16.504506,0.0,0.0,0.0
2022-01-14 19:13:17.001702,0.0,0.0,0.0
2022-01-14 19:13:17.506243,0.0,0.0,0.0
2022-01-14 19:13:18.003812,0.0,0.0,0.0
2022-01-14 19:13:18.508029,0.0,0.0,0.0
2022-01-14 19:13:19.005203,0.0,0.0,0.0
2022-01-14 19:13:19.510553,0.0,0.0,0.0
2022-01-14 19:13:20.009008,0.0,0.0,0.0
2022-01-14 19:13:20.504114,0.0,0.0,0.0
2022-01-14 19:13:21.002243,0.0,0.0,0.0
2022-01-14 19:13:21.507472,0.0,0.0,0.0
2022-01-14 19:13:22.006811,0.0,0.0,0.0
2022-01-14 19:13:22.501345,0.0,0.0,0.0
2022-01-14 19:13:23.008365,0.0,0.0,0.0
2022-01-14 19:13:23.504568,0.0,0.0,0.0
2022-01-14 19:13:24.002478,0.0,0.0,0.0
2022-01-14 19:13:24.508510,0.0,0.0,0.0
2022-01-14 19:13:25.006649,0.0,0.0,0.0
2022-01-14 19:13:25.510886,0.0,0.0,0.0
2022-01-14 19:13:26.009298,0.0,0.0,0.0
2022-01-14 19:13:26.503771,0.0,0.0,0.0
2022-01-14 19:13:27.001257,0.0,0.0,0.0
2022-01-14 19:13:27.505884,0.0,0.0,0.0
2022-01-14 19:13:28.005801,0.0,0.0,0.0
2022-01-14 19:13:28.501275,0.0,0.0,0.0
2022-01-14 19:13:29.001217,0.0,0.0,0.0
2022-01-14 19:13:29.507447,0.0,0.0,0.0
2022-01-14 19:13:30.005166,0.0,0.0,0.0
2022-01-14 19:13:30.509161,0.0,0.0,0.0
2022-01-14 19:13:31.009010,0.0,0.0,0.0
2022-01-14 19:13:31.502892,0.0,0.0,0.0
2022-01-14 19:13:32.002334,0.0,0.0,0.0
2022-01-14 19:13:32.508911,0.0,0.0,0.0
2022-01-14 19:13:33.005153,0.0,0.0,0.0
2022-01-14 19:13:33.508652,0.0,0.0,0.0
2022-01-14 19:13:34.005980,0.0,0.0,0.0
2022-01-14 19:13:34.501974,0.0,0.0,0.0
2022-01-14 19:13:35.009753,0.0,0.0,0.0
2022-01-14 19:13:35.506053,0.0,0.0,0.0
2022-01-14 19:13:36.004118,0.0,0.0,0.0
2022-01-14 19:13:36.509121,0.0,0.0,0.0
2022-01-14 19:13:37.008034,0.0,0.0,0.0
2022-01-14 19:13:37.501631,0.0,0.0,0.0
2022-01-14 19:13:38.001720,0.0,0.0,0.0
2022-01-14 19:13:38.507406,0.0,0.0,0.0
2022-01-14 19:13:39.005108,0.0,0.0,0.0
2022-01-14 19:13:39.509389,0.0,0.0,0.0
2022-01-14 19:13:40.006839,0.0,0.0,0.0
2022-01-14 19:13:41.005028,0.0,0.0,0.0
2022-01-14 19:13:41.501669,0.0,0.0,0.0
2022-01-14 19:13:42.011115,0.0,0.0,0.0
2022-01-14 19:13:42.504653,0.0,0.0,0.0
2022-01-14 19:13:43.001796,0.0,0.0,0.0
2022-01-14 19:13:43.506778,0.0,0.0,0.0
2022-01-14 19:13:44.004800,0.0,0.0,0.0
2022-01-14 19:13:44.509536,0.0,0.0,0.0
2022-01-14 19:13:45.007926,0.0,0.0,0.0
2022-01-14 19:13:45.502819,0.0,0.0,0.0
2022-01-14 19:13:46.001100,0.0,0.0,0.0
2022-01-14 19:13:46.502699,0.0,0.0,0.0
2022-01-14 19:13:47.001769,0.0,0.0,0.0
2022-01-14 19:13:47.506408,0.0,0.0,0.0
2022-01-14 19:13:48.004154,0.0,0.0,0.0
2022-01-14 19:13:48.508670,0.0,0.0,0.0
2022-01-14 19:13:49.005915,0.0,0.0,0.0
2022-01-14 19:13:49.501100,0.0,0.0,0.0
2022-01-14 19:13:50.010247,0.0,0.0,0.0
2022-01-14 19:13:50.507402,0.0,0.0,0.0
2022-01-14 19:13:51.005066,0.0,0.0,0.0
2022-01-14 19:13:51.509370,0.0,0.0,0.0
2022-01-14 19:13:52.007458,0.0,0.0,0.0
2022-01-14 19:13:52.501597,0.0,0.0,0.0
2022-01-14 19:13:53.008689,0.0,0.0,0.0
2022-01-14 19:13:53.503356,0.0,0.0,0.0
2022-01-14 19:13:54.001747,0.0,0.0,0.0
2022-01-14 19:13:54.505954,0.0,0.0,0.0
2022-01-14 19:13:55.006139,0.0,0.0,0.0
2022-01-14 19:13:55.510601,0.0,0.0,0.0
2022-01-14 19:13:56.008333,0.0,0.0,0.0
2022-01-14 19:13:56.504210,0.0,0.0,0.0
2022-01-14 19:13:57.003471,0.0,0.0,0.0
2022-01-14 19:13:57.510458,0.0,0.0,0.0
2022-01-14 19:13:58.008053,0.0,0.0,0.0
2022-01-14 19:13:58.503456,0.0,0.0,0.0
2022-01-14 19:13:59.001692,0.0,0.0,0.0
2022-01-14 19:13:59.509122,0.0,0.0,0.0
2022-01-14 19:14:00.008242,0.0,0.0,0.0
2022-01-14 19:14:00.509941,0.0,0.0,0.0
2022-01-14 19:14:01.008600,0.0,0.0,0.0
2022-01-14 19:14:01.503103,0.0,0.0,0.0
2022-01-14 19:14:02.002108,0.0,0.0,0.0
2022-01-14 19:14:02.507062,0.0,0.0,0.0
2022-01-14 19:14:03.003677,0.0,0.0,0.0
2022-01-14 19:14:03.509994,0.0,0.0,0.0
2022-01-14 19:14:04.008192,0.0,0.0,0.0
2022-01-14 19:14:04.503642,0.0,0.0,0.0
2022-01-14 19:14:05.011046,0.0,0.0,0.0
2022-01-14 19:14:05.504375,0.0,0.0,0.0
2022-01-14 19:14:06.002912,0.0,0.0,0.0
2022-01-14 19:14:06.508682,0.0,0.0,0.0
2022-01-14 19:14:07.010888,0.0,0.0,0.0
2022-01-14 19:14:07.506210,0.0,0.0,0.0
2022-01-14 19:14:08.005091,0.0,0.0,0.0
2022-01-14 19:14:08.509816,0.0,0.0,0.0
2022-01-14 19:14:09.006840,0.0,0.0,0.0
2022-01-14 19:14:09.502462,0.0,0.0,0.0
2022-01-14 19:14:10.009748,0.0,0.0,0.0
2022-01-14 19:14:10.504417,0.0,0.0,0.0
2022-01-14 19:14:11.001958,0.0,0.0,0.0
2022-01-14 19:14:12.005266,0.0,0.0,0.0
2022-01-14 19:14:12.502185,0.0,0.0,0.0
2022-01-14 19:14:13.001167,0.0,0.0,0.0
2022-01-14 19:14:13.506859,0.0,0.0,0.0
2022-01-14 19:14:14.004142,0.0,0.0,0.0
2022-01-14 19:14:14.509766,0.0,0.0,0.0
2022-01-14 19:14:15.008425,0.0,0.0,0.0
2022-01-14 19:14:15.505051,0.0,0.0,0.0
2022-01-14 19:14:16.001514,0.0,0.0,0.0
2022-01-14 19:14:16.508007,0.0,0.0,0.0
2022-01-14 19:14:17.005117,0.0,0.0,0.0
2022-01-14 19:14:17.508839,0.0,0.0,0.0
2022-01-14 19:14:18.006416,0.0,0.0,0.0
2022-01-14 19:14:18.502073,0.0,0.0,0.0
2022-01-14 19:14:19.010831,0.0,0.0,0.0
2022-01-14 19:14:19.505315,0.0,0.0,0.0
2022-01-14 19:14:20.004228,0.0,0.0,0.0
2022-01-14 19:14:20.501309,0.0,0.0,0.0
2022-01-14 19:14:21.009722,0.0,0.0,0.0
2022-01-14 19:14:21.507183,0.0,0.0,0.0
2022-01-14 19:14:22.004764,0.0,0.0,0.0
2022-01-14 19:14:22.509156,0.0,0.0,0.0
2022-01-14 19:14:23.006001,0.0,0.0,0.0
2022-01-14 19:14:23.510380,0.0,0.0,0.0
2022-01-14 19:14:24.008646,0.0,0.0,0.0
2022-01-14 19:14:24.503506,0.0,0.0,0.0
2022-01-14 19:14:25.001770,0.0,0.0,0.0
2022-01-14 19:14:25.508726,0.0,0.0,0.0
2022-01-14 19:14:26.008435,0.0,0.0,0.0
2022-01-14 19:14:26.509672,0.0,0.0,0.0
2022-01-14 19:14:27.008222,0.0,0.0,0.0
2022-01-14 19:14:27.503494,0.0,0.0,0.0
2022-01-14 19:14:28.001626,0.0,0.0,0.0
2022-01-14 19:14:28.506735,0.0,0.0,0.0
2022-01-14 19:14:29.004612,0.0,0.0,0.0
2022-01-14 19:14:29.509517,0.0,0.0,0.0
2022-01-14 19:14:30.007011,0.0,0.0,0.0
2022-01-14 19:14:30.503579,0.0,0.0,0.0
2022-01-14 19:14:31.001508,0.0,0.0,0.0
2022-01-14 19:14:31.505206,0.0,0.0,0.0
2022-01-14 19:14:32.004093,0.0,0.0,0.0
2022-01-14 19:14:32.510683,0.0,0.0,0.0
2022-01-14 19:14:33.009099,0.0,0.0,0.0
2022-01-14 19:14:33.502826,0.0,0.0,0.0
2022-01-14 19:14:34.010057,0.0,0.0,0.0
2022-01-14 19:14:34.505052,0.0,0.0,0.0
2022-01-14 19:14:35.001765,0.0,0.0,0.0
2022-01-14 19:14:35.505778,0.0,0.0,0.0
2022-01-14 19:14:36.003128,0.0,0.0,0.0
2022-01-14 19:14:36.507387,0.0,0.0,0.0
2022-01-14 19:14:37.005148,0.0,0.0,0.0
2022-01-14 19:14:37.509747,0.0,0.0,0.0
2022-01-14 19:14:38.007410,0.0,0.0,0.0
2022-01-14 19:14:38.501370,0.0,0.0,0.0
2022-01-14 19:14:39.009670,0.0,0.0,0.0
2022-01-14 19:14:39.505108,0.0,0.0,0.0
2022-01-14 19:14:40.003007,0.0,0.0,0.0
2022-01-14 19:14:40.509001,0.0,0.0,0.0
2022-01-14 19:14:41.006490,0.0,0.0,0.0
2022-01-14 19:14:41.501134,0.0,0.0,0.0
2022-01-14 19:14:42.009825,0.0,0.0,0.0
2022-01-14 19:14:42.505103,0.0,0.0,0.0
2022-01-14 19:14:43.001187,0.0,0.0,0.0
2022-01-14 19:14:43.506951,0.0,0.0,0.0
2022-01-14 19:14:44.004531,0.0,0.0,0.0
2022-01-14 19:14:44.501562,0.0,0.0,0.0
2022-01-14 19:14:45.009928,0.0,0.0,0.0
2022-01-14 19:14:45.505551,0.0,0.0,0.0
2022-01-14 19:14:46.003312,0.0,0.0,0.0
2022-01-14 19:14:46.508179,0.0,0.0,0.0
2022-01-14 19:14:47.006697,0.0,0.0,0.0
2022-01-14 19:14:47.511052,0.0,0.0,0.0
2022-01-14 19:14:48.008735,0.0,0.0,0.0
2022-01-14 19:14:48.504834,0.0,0.0,0.0
2022-01-14 19:14:49.002205,0.0,0.0,0.0
2022-01-14 19:14:49.506973,0.0,0.0,0.0
2022-01-14 19:14:50.004783,0.0,0.0,0.0
2022-01-14 19:14:50.509037,0.0,0.0,0.0
2022-01-14 19:14:51.007041,0.0,0.0,0.0
2022-01-14 19:14:51.501111,0.0,0.0,0.0
2022-01-14 19:14:52.008994,0.0,0.0,0.0
2022-01-14 19:14:52.503271,0.0,0.0,0.0
2022-01-14 19:14:53.002410,0.0,0.0,0.0
2022-01-14 19:14:53.505919,0.0,0.0,0.0
2022-01-14 19:14:54.003795,0.0,0.0,0.0
2022-01-14 19:14:54.508587,0.0,0.0,0.0
2022-01-14 19:14:55.006746,0.0,0.0,0.0
2022-01-14 19:14:55.501530,0.0,0.0,0.0
2022-01-14 19:14:56.001200,0.0,0.0,0.0
2022-01-14 19:14:56.506201,0.0,0.0,0.0
2022-01-14 19:14:57.003774,0.0,0.0,0.0
2022-01-14 19:14:57.507828,0.0,0.0,0.0
2022-01-14 19:14:58.005101,0.0,0.0,0.0
2022-01-14 19:14:58.510519,0.0,0.0,0.0
2022-01-14 19:14:59.008717,0.0,0.0,0.0
2022-01-14 19:14:59.503921,0.0,0.0,0.0
2022-01-14 19:15:00.502863,0.0,0.0,0.0
2022-01-14 19:15:01.001997,0.0,0.0,0.0
2022-01-14 19:15:01.507284,0.0,0.0,0.0
2022-01-14 19:15:02.005304,0.0,0.0,0.0
2022-01-14 19:15:02.501654,0.0,0.0,0.0
2022-01-14 19:15:03.009873,0.0,0.0,0.0
2022-01-14 19:15:03.503558,0.0,0.0,0.0
2022-01-14 19:15:04.002711,0.0,0.0,0.0
2022-01-14 19:15:04.508218,0.0,0.0,0.0
2022-01-14 19:15:05.005452,0.0,0.0,0.0
2022-01-14 19:15:05.510773,0.0,0.0,0.0
2022-01-14 19:15:06.009291,0.0,0.0,0.0
2022-01-14 19:15:06.504632,0.0,0.0,0.0
2022-01-14 19:15:07.002900,0.0,0.0,0.0
2022-01-14 19:15:07.506550,0.0,0.0,0.0
2022-01-14 19:15:08.003268,0.0,0.0,0.0
2022-01-14 19:15:08.508586,0.0,0.0,0.0
2022-01-14 19:15:09.005675,0.0,0.0,0.0
2022-01-14 19:15:09.510796,0.0,0.0,0.0
2022-01-14 19:15:10.007434,0.0,0.0,0.0
2022-01-14 19:15:10.501715,0.0,0.0,0.0
2022-01-14 19:15:11.010875,0.0,0.0,0.0
2022-01-14 19:15:11.508620,0.0,0.0,0.0
2022-01-14 19:15:12.006127,0.0,0.0,0.0
2022-01-14 19:15:12.502358,0.0,0.0,0.0
2022-01-14 19:15:13.010348,0.0,0.0,0.0
2022-01-14 19:15:13.504540,0.0,0.0,0.0
2022-01-14 19:15:14.001771,0.0,0.0,0.0
2022-01-14 19:15:14.505575,0.0,0.0,0.0
2022-01-14 19:15:15.001060,0.0,0.0,0.0
2022-01-14 19:15:15.508699,0.0,0.0,0.0
2022-01-14 19:15:16.009289,0.0,0.0,0.0
2022-01-14 19:15:16.505831,0.0,0.0,0.0
2022-01-14 19:15:17.002892,0.0,0.0,0.0
2022-01-14 19:15:17.508449,0.0,0.0,0.0
2022-01-14 19:15:18.005848,0.0,0.0,0.0
2022-01-14 19:15:18.509035,0.0,0.0,0.0
2022-01-14 19:15:19.006308,0.0,0.0,0.0
2022-01-14 19:15:19.510231,0.0,0.0,0.0
2022-01-14 19:15:20.007297,0.0,0.0,0.0
2022-01-14 19:15:20.502394,0.0,0.0,0.0
2022-01-14 19:15:21.010284,0.0,0.0,0.0
2022-01-14 19:15:21.504573,0.0,0.0,0.0
2022-01-14 19:15:22.002327,0.0,0.0,0.0
2022-01-14 19:15:22.506350,0.0,0.0,0.0
2022-01-14 19:15:23.004462,0.0,0.0,0.0
2022-01-14 19:15:23.508805,0.0,0.0,0.0
2022-01-14 19:15:24.005906,0.0,0.0,0.0
2022-01-14 19:15:24.510808,0.0,0.0,0.0
2022-01-14 19:15:25.009823,0.0,0.0,0.0
2022-01-14 19:15:25.506893,0.0,0.0,0.0
2022-01-14 19:15:26.004711,0.0,0.0,0.0
2022-01-14 19:15:26.509784,0.0,0.0,0.0
2022-01-14 19:15:27.008542,0.0,0.0,0.0
2022-01-14 19:15:27.502431,0.0,0.0,0.0
2022-01-14 19:15:28.010274,0.0,0.0,0.0
2022-01-14 19:15:28.505478,0.0,0.0,0.0
2022-01-14 19:15:29.004771,0.0,0.0,0.0
2022-01-14 19:15:29.501770,0.0,0.0,0.0
2022-01-14 19:15:30.011019,0.0,0.0,0.0
2022-01-14 19:15:30.506283,0.0,0.0,0.0
2022-01-14 19:15:31.003915,0.0,0.0,0.0
2022-01-14 19:15:31.509705,0.0,0.0,0.0
2022-01-14 19:15:32.008607,0.0,0.0,0.0
2022-01-14 19:15:32.503981,0.0,0.0,0.0
2022-01-14 19:15:33.001575,0.0,0.0,0.0
2022-01-14 19:15:33.506349,0.0,0.0,0.0
2022-01-14 19:15:34.004110,0.0,0.0,0.0
2022-01-14 19:15:34.509124,0.0,0.0,0.0
2022-01-14 19:15:35.007349,0.0,0.0,0.0
2022-01-14 19:15:35.502179,0.0,0.0,0.0
2022-01-14 19:15:36.011020,0.0,0.0,0.0
2022-01-14 19:15:36.505624,0.0,0.0,0.0
2022-01-14 19:15:37.004850,0.0,0.0,0.0
2022-01-14 19:15:37.509355,0.0,0.0,0.0
2022-01-14 19:15:38.008675,0.0,0.0,0.0
2022-01-14 19:15:38.505275,0.0,0.0,0.0
2022-01-14 19:15:39.002895,0.0,0.0,0.0
2022-01-14 19:15:39.508345,0.0,0.0,0.0
2022-01-14 19:15:40.005767,0.0,0.0,0.0
2022-01-14 19:15:40.510767,0.0,0.0,0.0
2022-01-14 19:15:41.007463,0.0,0.0,0.0
2022-01-14 19:15:42.004441,0.0,0.0,0.0
2022-01-14 19:15:42.508929,0.0,0.0,0.0
2022-01-14 19:15:43.008156,0.0,0.0,0.0
2022-01-14 19:15:43.501637,0.0,0.0,0.0
2022-01-14 19:15:44.010857,0.0,0.0,0.0
2022-01-14 19:15:44.504443,0.0,0.0,0.0
2022-01-14 19:15:45.002514,0.0,0.0,0.0
2022-01-14 19:15:45.505970,0.0,0.0,0.0
2022-01-14 19:15:46.004495,0.0,0.0,0.0
2022-01-14 19:15:46.509789,0.0,0.0,0.0
2022-01-14 19:15:47.009319,0.0,0.0,0.0
2022-01-14 19:15:47.506227,0.0,0.0,0.0
2022-01-14 19:15:48.003846,0.0,0.0,0.0
2022-01-14 19:15:48.508654,0.0,0.0,0.0
2022-01-14 19:15:49.005824,0.0,0.0,0.0
2022-01-14 19:15:49.510087,0.0,0.0,0.0
2022-01-14 19:15:50.008099,0.0,0.0,0.0
2022-01-14 19:15:50.503373,0.0,0.0,0.0
2022-01-14 19:15:51.011204,0.0,0.0,0.0
2022-01-14 19:15:51.504974,0.0,0.0,0.0
2022-01-14 19:15:52.003041,0.0,0.0,0.0
2022-01-14 19:15:52.507606,0.0,0.0,0.0
2022-01-14 19:15:53.005126,0.0,0.0,0.0
2022-01-14 19:15:53.510422,0.0,0.0,0.0
2022-01-14 19:15:54.007880,0.0,0.0,0.0
2022-01-14 19:15:54.502492,0.0,0.0,0.0
2022-01-14 19:15:55.001169,0.0,0.0,0.0
2022-01-14 19:15:55.506411,0.0,0.0,0.0
2022-01-14 19:15:56.003519,0.0,0.0,0.0
2022-01-14 19:15:56.508463,0.0,0.0,0.0
2022-01-14 19:15:57.005823,0.0,0.0,0.0
2022-01-14 19:15:57.511070,0.0,0.0,0.0
2022-01-14 19:15:58.007885,0.0,0.0,0.0
2022-01-14 19:15:58.502555,0.0,0.0,0.0
2022-01-14 19:15:59.001836,0.0,0.0,0.0
2022-01-14 19:15:59.506026,0.0,0.0,0.0
2022-01-14 19:16:00.004888,0.0,0.0,0.0
2022-01-14 19:16:00.510776,0.0,0.0,0.0
2022-01-14 19:16:01.008476,0.0,0.0,0.0
2022-01-14 19:16:01.503403,0.0,0.0,0.0
2022-01-14 19:16:02.001116,0.0,0.0,0.0
2022-01-14 19:16:02.506723,0.0,0.0,0.0
2022-01-14 19:16:03.004722,0.0,0.0,0.0
2022-01-14 19:16:03.510567,0.0,0.0,0.0
2022-01-14 19:16:04.008505,0.0,0.0,0.0
2022-01-14 19:16:04.502695,0.0,0.0,0.0
2022-01-14 19:16:05.001569,0.0,0.0,0.0
2022-01-14 19:16:05.506937,0.0,0.0,0.0
2022-01-14 19:16:06.004560,0.0,0.0,0.0
2022-01-14 19:16:06.509442,0.0,0.0,0.0
2022-01-14 19:16:07.006242,0.0,0.0,0.0
2022-01-14 19:16:07.501578,0.0,0.0,0.0
2022-01-14 19:16:08.009950,0.0,0.0,0.0
2022-01-14 19:16:08.504364,0.0,0.0,0.0
2022-01-14 19:16:09.002250,0.0,0.0,0.0
2022-01-14 19:16:09.509065,0.0,0.0,0.0
2022-01-14 19:16:10.004575,0.0,0.0,0.0
2022-01-14 19:16:10.504683,0.0,0.0,0.0
2022-01-14 19:16:11.002290,0.0,0.0,0.0
2022-01-14 19:16:11.507381,0.0,0.0,0.0
2022-01-14 19:16:12.004758,0.0,0.0,0.0
2022-01-14 19:16:12.510059,0.0,0.0,0.0
2022-01-14 19:16:13.008368,0.0,0.0,0.0
2022-01-14 19:16:13.502300,0.0,0.0,0.0
2022-01-14 19:16:14.001631,0.0,0.0,0.0
2022-01-14 19:16:14.507240,0.0,0.0,0.0
2022-01-14 19:16:15.005094,0.0,0.0,0.0
2022-01-14 19:16:15.509861,0.0,0.0,0.0
2022-01-14 19:16:16.006617,0.0,0.0,0.0
2022-01-14 19:16:16.501118,0.0,0.0,0.0
2022-01-14 19:16:17.009014,0.0,0.0,0.0
2022-01-14 19:16:17.503371,0.0,0.0,0.0
2022-01-14 19:16:18.504889,0.0,0.0,0.0
2022-01-14 19:16:19.002944,0.0,0.0,0.0
2022-01-14 19:16:19.506294,0.0,0.0,0.0
2022-01-14 19:16:20.006063,0.0,0.0,0.0
2022-01-14 19:16:20.502171,0.0,0.0,0.0
2022-01-14 19:16:21.009360,0.0,0.0,0.0
2022-01-14 19:16:21.504562,0.0,0.0,0.0
2022-01-14 19:16:22.001676,0.0,0.0,0.0
2022-01-14 19:16:22.506955,0.0,0.0,0.0
2022-01-14 19:16:23.004388,0.0,0.0,0.0
2022-01-14 19:16:23.501836,0.0,0.0,0.0
2022-01-14 19:16:24.010245,0.0,0.0,0.0
2022-01-14 19:16:24.505063,0.0,0.0,0.0
2022-01-14 19:16:25.006111,0.0,0.0,0.0
2022-01-14 19:16:25.501105,0.0,0.0,0.0
2022-01-14 19:16:26.010324,0.0,0.0,0.0
2022-01-14 19:16:26.504603,0.0,0.0,0.0
2022-01-14 19:16:27.002614,0.0,0.0,0.0
2022-01-14 19:16:27.506948,0.0,0.0,0.0
2022-01-14 19:16:28.005595,0.0,0.0,0.0
2022-01-14 19:16:28.501614,0.0,0.0,0.0
2022-01-14 19:16:29.009764,0.0,0.0,0.0
2022-01-14 19:16:29.505031,0.0,0.0,0.0
2022-01-14 19:16:30.004221,0.0,0.0,0.0
2022-01-14 19:16:30.509072,0.0,0.0,0.0
2022-01-14 19:16:31.006560,0.0,0.0,0.0
2022-01-14 19:16:31.500937,0.0,0.0,0.0
2022-01-14 19:16:32.008288,0.0,0.0,0.0
2022-01-14 19:16:32.506461,0.0,0.0,0.0
2022-01-14 19:16:33.004455,0.0,0.0,0.0
2022-01-14 19:16:33.508998,0.0,0.0,0.0
2022-01-14 19:16:34.005235,0.0,0.0,0.0
2022-01-14 19:16:34.510698,0.0,0.0,0.0
2022-01-14 19:16:35.008046,0.0,0.0,0.0
2022-01-14 19:16:35.503247,0.0,0.0,0.0
2022-01-14 19:16:36.010767,0.0,0.0,0.0
2022-01-14 19:16:36.505795,0.0,0.0,0.0
2022-01-14 19:16:37.003902,0.0,0.0,0.0
2022-01-14 19:16:37.509599,0.0,0.0,0.0
2022-01-14 19:16:38.007833,0.0,0.0,0.0
2022-01-14 19:16:38.502419,0.0,0.0,0.0
2022-01-14 19:16:39.010288,0.0,0.0,0.0
2022-01-14 19:16:39.504100,0.0,0.0,0.0
2022-01-14 19:16:40.001112,0.0,0.0,0.0
2022-01-14 19:16:40.508288,0.0,0.0,0.0
2022-01-14 19:16:41.006261,0.0,0.0,0.0
2022-01-14 19:16:41.502179,0.0,0.0,0.0
2022-01-14 19:16:42.001111,0.0,0.0,0.0
2022-01-14 19:16:42.503230,0.0,0.0,0.0
2022-01-14 19:16:43.001610,0.0,0.0,0.0
2022-01-14 19:16:43.506551,0.0,0.0,0.0
2022-01-14 19:16:44.003700,0.0,0.0,0.0
2022-01-14 19:16:44.506880,0.0,0.0,0.0
2022-01-14 19:16:45.005166,0.0,0.0,0.0
2022-01-14 19:16:46.004849,0.0,0.0,0.0
2022-01-14 19:16:46.510419,0.0,0.0,0.0
2022-01-14 19:16:47.010051,0.0,0.0,0.0
2022-01-14 19:16:47.504613,0.0,0.0,0.0
2022-01-14 19:16:48.001787,0.0,0.0,0.0
2022-01-14 19:16:48.507126,0.0,0.0,0.0
2022-01-14 19:16:49.005898,0.0,0.0,0.0
2022-01-14 19:16:49.501230,0.0,0.0,0.0
2022-01-14 19:16:50.010042,0.0,0.0,0.0
2022-01-14 19:16:50.505359,0.0,0.0,0.0
2022-01-14 19:16:51.004771,0.0,0.0,0.0
2022-01-14 19:16:51.510247,0.0,0.0,0.0
2022-01-14 19:16:52.007753,0.0,0.0,0.0
2022-01-14 19:16:52.501533,0.0,0.0,0.0
2022-01-14 19:16:53.010298,0.0,0.0,0.0
2022-01-14 19:16:53.505563,0.0,0.0,0.0
2022-01-14 19:16:54.003649,0.0,0.0,0.0
2022-01-14 19:16:54.502219,0.0,0.0,0.0
2022-01-14 19:16:55.010371,0.0,0.0,0.0
2022-01-14 19:16:55.506787,0.0,0.0,0.0
2022-01-14 19:16:56.005313,0.0,0.0,0.0
2022-01-14 19:16:56.508891,0.0,0.0,0.0
2022-01-14 19:16:57.007267,0.0,0.0,0.0
2022-01-14 19:16:57.503028,0.0,0.0,0.0
2022-01-14 19:16:58.001332,0.0,0.0,0.0
2022-01-14 19:16:58.505278,0.0,0.0,0.0
2022-01-14 19:16:59.004657,0.0,0.0,0.0
2022-01-14 19:16:59.508857,0.0,0.0,0.0
2022-01-14 19:17:00.006364,0.0,0.0,0.0
2022-01-14 19:17:00.510372,0.0,0.0,0.0
2022-01-14 19:17:01.009480,0.0,0.0,0.0
2022-01-14 19:17:01.504953,0.0,0.0,0.0
2022-01-14 19:17:02.001979,0.0,0.0,0.0
2022-01-14 19:17:02.507353,0.0,0.0,0.0
2022-01-14 19:17:03.007627,0.0,0.0,0.0
2022-01-14 19:17:03.501336,0.0,0.0,0.0
2022-01-14 19:17:04.009730,0.0,0.0,0.0
2022-01-14 19:17:04.502964,0.0,0.0,0.0
2022-01-14 19:17:05.011229,0.0,0.0,0.0
2022-01-14 19:17:05.505865,0.0,0.0,0.0
2022-01-14 19:17:06.005473,0.0,0.0,0.0
2022-01-14 19:17:06.509369,0.0,0.0,0.0
2022-01-14 19:17:07.007076,0.0,0.0,0.0
2022-01-14 19:17:07.511110,0.0,0.0,0.0
2022-01-14 19:17:08.008203,0.0,0.0,0.0
2022-01-14 19:17:08.503188,0.0,0.0,0.0
2022-01-14 19:17:09.011130,0.0,0.0,0.0
2022-01-14 19:17:09.505530,0.0,0.0,0.0
2022-01-14 19:17:10.001193,0.0,0.0,0.0
2022-01-14 19:17:10.506762,0.0,0.0,0.0
2022-01-14 19:17:11.004069,0.0,0.0,0.0
2022-01-14 19:17:11.509625,0.0,0.0,0.0
2022-01-14 19:17:12.008225,0.0,0.0,0.0
2022-01-14 19:17:12.503191,0.0,0.0,0.0
2022-01-14 19:17:13.001624,0.0,0.0,0.0
2022-01-14 19:17:13.506159,0.0,0.0,0.0
2022-01-14 19:17:14.004140,0.0,0.0,0.0
2022-01-14 19:17:14.508256,0.0,0.0,0.0
2022-01-14 19:17:15.006560,0.0,0.0,0.0
2022-01-14 19:17:15.511066,0.0,0.0,0.0
2022-01-14 19:17:16.011217,0.0,0.0,0.0
2022-01-14 19:17:16.505967,0.0,0.0,0.0
2022-01-14 19:17:17.002190,0.0,0.0,0.0
2022-01-14 19:17:17.505157,0.0,0.0,0.0
2022-01-14 19:17:18.008985,0.0,0.0,0.0
2022-01-14 19:17:18.502301,0.0,0.0,0.0
2022-01-14 19:17:19.008609,0.0,0.0,0.0
2022-01-14 19:17:19.504441,0.0,0.0,0.0
2022-01-14 19:17:20.002062,0.0,0.0,0.0
2022-01-14 19:17:20.507808,0.0,0.0,0.0
2022-01-14 19:17:21.010204,0.0,0.0,0.0
2022-01-14 19:17:21.508961,0.0,0.0,0.0
2022-01-14 19:17:22.001868,0.0,0.0,0.0
2022-01-14 19:17:22.505780,0.0,0.0,0.0
2022-01-14 19:17:23.001876,0.0,0.0,0.0
2022-01-14 19:17:23.507812,0.0,0.0,0.0
2022-01-14 19:17:24.005097,0.0,0.0,0.0
2022-01-14 19:17:24.510409,0.0,0.0,0.0
2022-01-14 19:17:25.009379,0.0,0.0,0.0
2022-01-14 19:17:25.504557,0.0,0.0,0.0
2022-01-14 19:17:26.002437,0.0,0.0,0.0
2022-01-14 19:17:26.508744,0.0,0.0,0.0
2022-01-14 19:17:27.006452,0.0,0.0,0.0
2022-01-14 19:17:27.502164,0.0,0.0,0.0
2022-01-14 19:17:28.010228,0.0,0.0,0.0
2022-01-14 19:17:28.504397,0.0,0.0,0.0
2022-01-14 19:17:29.001726,0.0,0.0,0.0
2022-01-14 19:17:29.507241,0.0,0.0,0.0
2022-01-14 19:17:30.004781,0.0,0.0,0.0
2022-01-14 19:17:30.509382,0.0,0.0,0.0
2022-01-14 19:17:31.007300,0.0,0.0,0.0
2022-01-14 19:17:31.511095,0.0,0.0,0.0
2022-01-14 19:17:32.008637,0.0,0.0,0.0
2022-01-14 19:17:32.503037,0.0,0.0,0.0
2022-01-14 19:17:33.001174,0.0,0.0,0.0
2022-01-14 19:17:33.508071,0.0,0.0,0.0
2022-01-14 19:17:34.006186,0.0,0.0,0.0
2022-01-14 19:17:34.501173,0.0,0.0,0.0
2022-01-14 19:17:35.009635,0.0,0.0,0.0
2022-01-14 19:17:35.504699,0.0,0.0,0.0
2022-01-14 19:17:36.002522,0.0,0.0,0.0
2022-01-14 19:17:36.507827,0.0,0.0,0.0
2022-01-14 19:17:37.005582,0.0,0.0,0.0
2022-01-14 19:17:37.510494,0.0,0.0,0.0
2022-01-14 19:17:38.008323,0.0,0.0,0.0
2022-01-14 19:17:38.505250,0.0,0.0,0.0
2022-01-14 19:17:39.003772,0.0,0.0,0.0
2022-01-14 19:17:39.508461,0.0,0.0,0.0
2022-01-14 19:17:40.005639,0.0,0.0,0.0
2022-01-14 19:17:40.510261,0.0,0.0,0.0
2022-01-14 19:17:41.008967,0.0,0.0,0.0
2022-01-14 19:17:41.502101,0.0,0.0,0.0
2022-01-14 19:17:42.010874,0.0,0.0,0.0
2022-01-14 19:17:42.506774,0.0,0.0,0.0
2022-01-14 19:17:43.005630,0.0,0.0,0.0
2022-01-14 19:17:43.501363,0.0,0.0,0.0
2022-01-14 19:17:44.010762,0.0,0.0,0.0
2022-01-14 19:17:44.504580,0.0,0.0,0.0
2022-01-14 19:17:45.002125,0.0,0.0,0.0
2022-01-14 19:17:45.505545,0.0,0.0,0.0
2022-01-14 19:17:46.004704,0.0,0.0,0.0
2022-01-14 19:17:46.509267,0.0,0.0,0.0
2022-01-14 19:17:47.007839,0.0,0.0,0.0
2022-01-14 19:17:47.503427,0.0,0.0,0.0
2022-01-14 19:17:48.002282,0.0,0.0,0.0
2022-01-14 19:17:48.509630,0.0,0.0,0.0
2022-01-14 19:17:49.009381,0.0,0.0,0.0
2022-01-14 19:17:49.504313,0.0,0.0,0.0
2022-01-14 19:17:50.003267,0.0,0.0,0.0
2022-01-14 19:17:50.507843,0.0,0.0,0.0
2022-01-14 19:17:51.006239,0.0,0.0,0.0
2022-01-14 19:17:51.502545,0.0,0.0,0.0
2022-01-14 19:17:52.001738,0.0,0.0,0.0
2022-01-14 19:17:52.507461,0.0,0.0,0.0
2022-01-14 19:17:53.005949,0.0,0.0,0.0
2022-01-14 19:17:53.510737,0.0,0.0,0.0
2022-01-14 19:17:54.007869,0.0,0.0,0.0
2022-01-14 19:17:54.503418,0.0,0.0,0.0
2022-01-14 19:17:55.002221,0.0,0.0,0.0
2022-01-14 19:17:55.506638,0.0,0.0,0.0
2022-01-14 19:17:56.005744,0.0,0.0,0.0
2022-01-14 19:17:56.501121,0.0,0.0,0.0
2022-01-14 19:17:57.008755,0.0,0.0,0.0
2022-01-14 19:17:57.502771,0.0,0.0,0.0
2022-01-14 19:17:58.001455,0.0,0.0,0.0
2022-01-14 19:17:58.507368,0.0,0.0,0.0
2022-01-14 19:17:59.004714,0.0,0.0,0.0
2022-01-14 19:17:59.508788,0.0,0.0,0.0
2022-01-14 19:18:00.005132,0.0,0.0,0.0
2022-01-14 19:18:00.501098,0.0,0.0,0.0
2022-01-14 19:18:01.008359,0.0,0.0,0.0
2022-01-14 19:18:01.502976,0.0,0.0,0.0
2022-01-14 19:18:02.001725,0.0,0.0,0.0
2022-01-14 19:18:02.505415,0.0,0.0,0.0
2022-01-14 19:18:03.003365,0.0,0.0,0.0
2022-01-14 19:18:03.509100,0.0,0.0,0.0
2022-01-14 19:18:04.006889,0.0,0.0,0.0
2022-01-14 19:18:04.502342,0.0,0.0,0.0
2022-01-14 19:18:05.001718,0.0,0.0,0.0
2022-01-14 19:18:05.508076,0.0,0.0,0.0
2022-01-14 19:18:06.005895,0.0,0.0,0.0
2022-01-14 19:18:06.510586,0.0,0.0,0.0
2022-01-14 19:18:07.008047,0.0,0.0,0.0
2022-01-14 19:18:07.502855,0.0,0.0,0.0
2022-01-14 19:18:08.010802,0.0,0.0,0.0
2022-01-14 19:18:08.503474,0.0,0.0,0.0
2022-01-14 19:18:09.002391,0.0,0.0,0.0
2022-01-14 19:18:09.508857,0.0,0.0,0.0
2022-01-14 19:18:10.005893,0.0,0.0,0.0
2022-01-14 19:18:10.509628,0.0,0.0,0.0
2022-01-14 19:18:11.007802,0.0,0.0,0.0
2022-01-14 19:18:11.503412,0.0,0.0,0.0
2022-01-14 19:18:12.001865,0.0,0.0,0.0
2022-01-14 19:18:12.507231,0.0,0.0,0.0
2022-01-14 19:18:13.005176,0.0,0.0,0.0
2022-01-14 19:18:13.503444,0.0,0.0,0.0
2022-01-14 19:18:14.001609,0.0,0.0,0.0
2022-01-14 19:18:14.505122,0.0,0.0,0.0
2022-01-14 19:18:15.005471,0.0,0.0,0.0
2022-01-14 19:18:15.510428,0.0,0.0,0.0
2022-01-14 19:18:16.008265,0.0,0.0,0.0
2022-01-14 19:18:16.502280,0.0,0.0,0.0
2022-01-14 19:18:17.505049,0.0,0.0,0.0
2022-01-14 19:18:18.002917,0.0,0.0,0.0
2022-01-14 19:18:18.509313,0.0,0.0,0.0
2022-01-14 19:18:19.007070,0.0,0.0,0.0
2022-01-14 19:18:19.501988,0.0,0.0,0.0
2022-01-14 19:18:20.010793,0.0,0.0,0.0
2022-01-14 19:18:20.505511,0.0,0.0,0.0
2022-01-14 19:18:21.010336,0.0,0.0,0.0
2022-01-14 19:18:21.504873,0.0,0.0,0.0
2022-01-14 19:18:22.002004,0.0,0.0,0.0
2022-01-14 19:18:22.506433,0.0,0.0,0.0
2022-01-14 19:18:23.005496,0.0,0.0,0.0
2022-01-14 19:18:23.510595,0.0,0.0,0.0
2022-01-14 19:18:24.009320,0.0,0.0,0.0
2022-01-14 19:18:24.505017,0.0,0.0,0.0
2022-01-14 19:18:25.001625,0.0,0.0,0.0
2022-01-14 19:18:25.507158,0.0,0.0,0.0
2022-01-14 19:18:26.003604,0.0,0.0,0.0
2022-01-14 19:18:26.507459,0.0,0.0,0.0
2022-01-14 19:18:27.005747,0.0,0.0,0.0
2022-01-14 19:18:27.501927,0.0,0.0,0.0
2022-01-14 19:18:28.010058,0.0,0.0,0.0
2022-01-14 19:18:28.504102,0.0,0.0,0.0
2022-01-14 19:18:29.001084,0.0,0.0,0.0
2022-01-14 19:18:29.507371,0.0,0.0,0.0
2022-01-14 19:18:30.005139,0.0,0.0,0.0
2022-01-14 19:18:30.510146,0.0,0.0,0.0
2022-01-14 19:18:31.008344,0.0,0.0,0.0
2022-01-14 19:18:31.504971,0.0,0.0,0.0
2022-01-14 19:18:32.003179,0.0,0.0,0.0
2022-01-14 19:18:32.508783,0.0,0.0,0.0
2022-01-14 19:18:33.006319,0.0,0.0,0.0
2022-01-14 19:18:34.004788,0.0,0.0,0.0
2022-01-14 19:18:34.509920,0.0,0.0,0.0
2022-01-14 19:18:35.008889,0.0,0.0,0.0
2022-01-14 19:18:35.502447,0.0,0.0,0.0
2022-01-14 19:18:36.001327,0.0,0.0,0.0
2022-01-14 19:18:36.505919,0.0,0.0,0.0
2022-01-14 19:18:37.003556,0.0,0.0,0.0
2022-01-14 19:18:38.005054,0.0,0.0,0.0
2022-01-14 19:18:38.509596,0.0,0.0,0.0
2022-01-14 19:18:39.007072,0.0,0.0,0.0
2022-01-14 19:18:39.501785,0.0,0.0,0.0
2022-01-14 19:18:40.504773,0.0,0.0,0.0
2022-01-14 19:18:41.002360,0.0,0.0,0.0
2022-01-14 19:18:41.508026,0.0,0.0,0.0
2022-01-14 19:18:42.006239,0.0,0.0,0.0
2022-01-14 19:18:42.502599,0.0,0.0,0.0
2022-01-14 19:18:43.001391,0.0,0.0,0.0
2022-01-14 19:18:43.507032,0.0,0.0,0.0
2022-01-14 19:18:44.004943,0.0,0.0,0.0
2022-01-14 19:18:44.509623,0.0,0.0,0.0
2022-01-14 19:18:45.008829,0.0,0.0,0.0
2022-01-14 19:18:45.504582,0.0,0.0,0.0
2022-01-14 19:18:46.002734,0.0,0.0,0.0
2022-01-14 19:18:46.507907,0.0,0.0,0.0
2022-01-14 19:18:47.007834,0.0,0.0,0.0
2022-01-14 19:18:47.503144,0.0,0.0,0.0
2022-01-14 19:18:48.001731,0.0,0.0,0.0
2022-01-14 19:18:48.506325,0.0,0.0,0.0
2022-01-14 19:18:49.004788,0.0,0.0,0.0
2022-01-14 19:18:49.507472,0.0,0.0,0.0
2022-01-14 19:18:50.005255,0.0,0.0,0.0
2022-01-14 19:18:50.510772,0.0,0.0,0.0
2022-01-14 19:18:51.011096,0.0,0.0,0.0
2022-01-14 19:18:51.504471,0.0,0.0,0.0
2022-01-14 19:18:52.002017,0.0,0.0,0.0
2022-01-14 19:18:52.506782,0.0,0.0,0.0
2022-01-14 19:18:53.005134,0.0,0.0,0.0
2022-01-14 19:18:53.509764,0.0,0.0,0.0
2022-01-14 19:18:54.008512,0.0,0.0,0.0
2022-01-14 19:18:54.510724,0.0,0.0,0.0
2022-01-14 19:18:55.008251,0.0,0.0,0.0
2022-01-14 19:18:55.503857,0.0,0.0,0.0
2022-01-14 19:18:56.001705,0.0,0.0,0.0
2022-01-14 19:18:56.506267,0.0,0.0,0.0
2022-01-14 19:18:57.005198,0.0,0.0,0.0
2022-01-14 19:18:57.509388,0.0,0.0,0.0
2022-01-14 19:18:58.008183,0.0,0.0,0.0
2022-01-14 19:18:58.503165,0.0,0.0,0.0
2022-01-14 19:18:59.010724,0.0,0.0,0.0
2022-01-14 19:18:59.505521,0.0,0.0,0.0
2022-01-14 19:19:00.005142,0.0,0.0,0.0
2022-01-14 19:19:00.503315,0.0,0.0,0.0
2022-01-14 19:19:01.003394,0.0,0.0,0.0
2022-01-14 19:19:01.508004,0.0,0.0,0.0
2022-01-14 19:19:02.006659,0.0,0.0,0.0
2022-01-14 19:19:03.004733,0.0,0.0,0.0
2022-01-14 19:19:03.510138,0.0,0.0,0.0
2022-01-14 19:19:04.009227,0.0,0.0,0.0
2022-01-14 19:19:04.507308,0.0,0.0,0.0
2022-01-14 19:19:05.005835,0.0,0.0,0.0
2022-01-14 19:19:05.502010,0.0,0.0,0.0
2022-01-14 19:19:06.010186,0.0,0.0,0.0
2022-01-14 19:19:06.505746,0.0,0.0,0.0
2022-01-14 19:19:07.005294,0.0,0.0,0.0
2022-01-14 19:19:07.510855,0.0,0.0,0.0
2022-01-14 19:19:08.008609,0.0,0.0,0.0
2022-01-14 19:19:08.503445,0.0,0.0,0.0
2022-01-14 19:19:09.002087,0.0,0.0,0.0
2022-01-14 19:19:09.507713,0.0,0.0,0.0
2022-01-14 19:19:10.005168,0.0,0.0,0.0
2022-01-14 19:19:10.501282,0.0,0.0,0.0
2022-01-14 19:19:11.010422,0.0,0.0,0.0
2022-01-14 19:19:11.505079,0.0,0.0,0.0
2022-01-14 19:19:12.003565,0.0,0.0,0.0
2022-01-14 19:19:12.508693,0.0,0.0,0.0
2022-01-14 19:19:13.009849,0.0,0.0,0.0
2022-01-14 19:19:13.506793,0.0,0.0,0.0
2022-01-14 19:19:14.005614,0.0,0.0,0.0
2022-01-14 19:19:14.509819,0.0,0.0,0.0
2022-01-14 19:19:15.008741,0.0,0.0,0.0
2022-01-14 19:19:15.502369,0.0,0.0,0.0
2022-01-14 19:19:16.009916,0.0,0.0,0.0
2022-01-14 19:19:16.504074,0.0,0.0,0.0
2022-01-14 19:19:17.001671,0.0,0.0,0.0
2022-01-14 19:19:17.506822,0.0,0.0,0.0
2022-01-14 19:19:18.004566,0.0,0.0,0.0
2022-01-14 19:19:18.509765,0.0,0.0,0.0
2022-01-14 19:19:19.008058,0.0,0.0,0.0
2022-01-14 19:19:19.502795,0.0,0.0,0.0
2022-01-14 19:19:20.010906,0.0,0.0,0.0
2022-01-14 19:19:20.504792,0.0,0.0,0.0
2022-01-14 19:19:21.002742,0.0,0.0,0.0
2022-01-14 19:19:21.508640,0.0,0.0,0.0
2022-01-14 19:19:22.007209,0.0,0.0,0.0
2022-01-14 19:19:22.501676,0.0,0.0,0.0
2022-01-14 19:19:23.008722,0.0,0.0,0.0
2022-01-14 19:19:23.503901,0.0,0.0,0.0
2022-01-14 19:19:24.001008,0.0,0.0,0.0
2022-01-14 19:19:24.505047,0.0,0.0,0.0
2022-01-14 19:19:25.003544,0.0,0.0,0.0
2022-01-14 19:19:25.507648,0.0,0.0,0.0
2022-01-14 19:19:26.006131,0.0,0.0,0.0
2022-01-14 19:19:26.501791,0.0,0.0,0.0
2022-01-14 19:19:27.010491,0.0,0.0,0.0
2022-01-14 19:19:27.504081,0.0,0.0,0.0
2022-01-14 19:19:28.001673,0.0,0.0,0.0
2022-01-14 19:19:28.508495,0.0,0.0,0.0
2022-01-14 19:19:29.005881,0.0,0.0,0.0
2022-01-14 19:19:29.509166,0.0,0.0,0.0
2022-01-14 19:19:30.007277,0.0,0.0,0.0
2022-01-14 19:19:30.501534,0.0,0.0,0.0
2022-01-14 19:19:31.002231,0.0,0.0,0.0
2022-01-14 19:19:31.506186,0.0,0.0,0.0
2022-01-14 19:19:32.004002,0.0,0.0,0.0
2022-01-14 19:19:32.509751,0.0,0.0,0.0
2022-01-14 19:19:33.008923,0.0,0.0,0.0
2022-01-14 19:19:33.503364,0.0,0.0,0.0
2022-01-14 19:19:34.001937,0.0,0.0,0.0
2022-01-14 19:19:34.507766,0.0,0.0,0.0
2022-01-14 19:19:35.005109,0.0,0.0,0.0
2022-01-14 19:19:35.501115,0.0,0.0,0.0
2022-01-14 19:19:36.009406,0.0,0.0,0.0
2022-01-14 19:19:36.503219,0.0,0.0,0.0
2022-01-14 19:19:37.010139,0.0,0.0,0.0
2022-01-14 19:19:37.505429,0.0,0.0,0.0
2022-01-14 19:19:38.004055,0.0,0.0,0.0
2022-01-14 19:19:38.511206,0.0,0.0,0.0
2022-01-14 19:19:39.009082,0.0,0.0,0.0
2022-01-14 19:19:39.505314,0.0,0.0,0.0
2022-01-14 19:19:40.003660,0.0,0.0,0.0
2022-01-14 19:19:40.509163,0.0,0.0,0.0
2022-01-14 19:19:41.007185,0.0,0.0,0.0
2022-01-14 19:19:41.502450,0.0,0.0,0.0
2022-01-14 19:19:42.010822,0.0,0.0,0.0
2022-01-14 19:19:42.506856,0.0,0.0,0.0
2022-01-14 19:19:43.005044,0.0,0.0,0.0
2022-01-14 19:19:43.509120,0.0,0.0,0.0
2022-01-14 19:19:44.006099,0.0,0.0,0.0
2022-01-14 19:19:44.501923,0.0,0.0,0.0
2022-01-14 19:19:45.011021,0.0,0.0,0.0
2022-01-14 19:19:45.505801,0.0,0.0,0.0
2022-01-14 19:19:46.004706,0.0,0.0,0.0
2022-01-14 19:19:46.510570,0.0,0.0,0.0
2022-01-14 19:19:47.008516,0.0,0.0,0.0
2022-01-14 19:19:47.502324,0.0,0.0,0.0
2022-01-14 19:19:48.001680,0.0,0.0,0.0
2022-01-14 19:19:48.507185,0.0,0.0,0.0
2022-01-14 19:19:49.004827,0.0,0.0,0.0
2022-01-14 19:19:49.509793,0.0,0.0,0.0
2022-01-14 19:19:50.007302,0.0,0.0,0.0
2022-01-14 19:19:50.501865,0.0,0.0,0.0
2022-01-14 19:19:51.010906,0.0,0.0,0.0
2022-01-14 19:19:51.505463,0.0,0.0,0.0
2022-01-14 19:19:52.002793,0.0,0.0,0.0
2022-01-14 19:19:52.506944,0.0,0.0,0.0
2022-01-14 19:19:53.003787,0.0,0.0,0.0
2022-01-14 19:19:53.510120,0.0,0.0,0.0
2022-01-14 19:19:54.009861,0.0,0.0,0.0
2022-01-14 19:19:54.504588,0.0,0.0,0.0
2022-01-14 19:19:55.002485,0.0,0.0,0.0
2022-01-14 19:19:55.507338,0.0,0.0,0.0
2022-01-14 19:19:56.005686,0.0,0.0,0.0
2022-01-14 19:19:56.510457,0.0,0.0,0.0
2022-01-14 19:19:57.008176,0.0,0.0,0.0
2022-01-14 19:19:57.506023,0.0,0.0,0.0
2022-01-14 19:19:58.004686,0.0,0.0,0.0
2022-01-14 19:19:58.510377,0.0,0.0,0.0
2022-01-14 19:19:59.009175,0.0,0.0,0.0
2022-01-14 19:19:59.503885,0.0,0.0,0.0
2022-01-14 19:20:00.001108,0.0,0.0,0.0
2022-01-14 19:20:00.506599,0.0,0.0,0.0
2022-01-14 19:20:01.004757,0.0,0.0,0.0
2022-01-14 19:20:01.504157,0.0,0.0,0.0
2022-01-14 19:20:02.002380,0.0,0.0,0.0
2022-01-14 19:20:02.508683,0.0,0.0,0.0
2022-01-14 19:20:03.006469,0.0,0.0,0.0
2022-01-14 19:20:03.501658,0.0,0.0,0.0
2022-01-14 19:20:04.010226,0.0,0.0,0.0
2022-01-14 19:20:04.506004,0.0,0.0,0.0
2022-01-14 19:20:05.004887,0.0,0.0,0.0
2022-01-14 19:20:05.508358,0.0,0.0,0.0
2022-01-14 19:20:06.007918,0.0,0.0,0.0
2022-01-14 19:20:06.502879,0.0,0.0,0.0
2022-01-14 19:20:07.010451,0.0,0.0,0.0
2022-01-14 19:20:07.505777,0.0,0.0,0.0
2022-01-14 19:20:08.003486,0.0,0.0,0.0
2022-01-14 19:20:08.506966,0.0,0.0,0.0
2022-01-14 19:20:09.004393,0.0,0.0,0.0
2022-01-14 19:20:09.510492,0.0,0.0,0.0
2022-01-14 19:20:10.008430,0.0,0.0,0.0
2022-01-14 19:20:10.504540,0.0,0.0,0.0
2022-01-14 19:20:11.002604,0.0,0.0,0.0
2022-01-14 19:20:11.507055,0.0,0.0,0.0
2022-01-14 19:20:12.005681,0.0,0.0,0.0
2022-01-14 19:20:12.510782,0.0,0.0,0.0
2022-01-14 19:20:13.008878,0.0,0.0,0.0
2022-01-14 19:20:13.503800,0.0,0.0,0.0
2022-01-14 19:20:14.001400,0.0,0.0,0.0
2022-01-14 19:20:14.506718,0.0,0.0,0.0
2022-01-14 19:20:15.004051,0.0,0.0,0.0
2022-01-14 19:20:15.510151,0.0,0.0,0.0
2022-01-14 19:20:16.007740,0.0,0.0,0.0
2022-01-14 19:20:16.501678,0.0,0.0,0.0
2022-01-14 19:20:17.010280,0.0,0.0,0.0
2022-01-14 19:20:17.504940,0.0,0.0,0.0
2022-01-14 19:20:18.003078,0.0,0.0,0.0
2022-01-14 19:20:18.507361,0.0,0.0,0.0
2022-01-14 19:20:19.005783,0.0,0.0,0.0
2022-01-14 19:20:19.510709,0.0,0.0,0.0
2022-01-14 19:20:20.010184,0.0,0.0,0.0
2022-01-14 19:20:20.505390,0.0,0.0,0.0
2022-01-14 19:20:21.002496,0.0,0.0,0.0
2022-01-14 19:20:21.507785,0.0,0.0,0.0
2022-01-14 19:20:22.005964,0.0,0.0,0.0
2022-01-14 19:20:22.510242,0.0,0.0,0.0
2022-01-14 19:20:23.008135,0.0,0.0,0.0
2022-01-14 19:20:23.504861,0.0,0.0,0.0
2022-01-14 19:20:24.002522,0.0,0.0,0.0
2022-01-14 19:20:24.508072,0.0,0.0,0.0
2022-01-14 19:20:25.004070,0.0,0.0,0.0
2022-01-14 19:20:25.508602,0.0,0.0,0.0
2022-01-14 19:20:26.006298,0.0,0.0,0.0
2022-01-14 19:20:26.501141,0.0,0.0,0.0
2022-01-14 19:20:27.009130,0.0,0.0,0.0
2022-01-14 19:20:27.503211,0.0,0.0,0.0
2022-01-14 19:20:28.003703,0.0,0.0,0.0
2022-01-14 19:20:28.509233,0.0,0.0,0.0
2022-01-14 19:20:29.006385,0.0,0.0,0.0
2022-01-14 19:20:29.502041,0.0,0.0,0.0
2022-01-14 19:20:30.010196,0.0,0.0,0.0
2022-01-14 19:20:30.505382,0.0,0.0,0.0
2022-01-14 19:20:31.004698,0.0,0.0,0.0
2022-01-14 19:20:31.510072,0.0,0.0,0.0
2022-01-14 19:20:32.008376,0.0,0.0,0.0
2022-01-14 19:20:32.504940,0.0,0.0,0.0
2022-01-14 19:20:33.002988,0.0,0.0,0.0
2022-01-14 19:20:33.507397,0.0,0.0,0.0
2022-01-14 19:20:34.005711,0.0,0.0,0.0
2022-01-14 19:20:34.501197,0.0,0.0,0.0
2022-01-14 19:20:35.009393,0.0,0.0,0.0
2022-01-14 19:20:35.504562,0.0,0.0,0.0
2022-01-14 19:20:36.002024,0.0,0.0,0.0
2022-01-14 19:20:36.510720,0.0,0.0,0.0
2022-01-14 19:20:37.008937,0.0,0.0,0.0
2022-01-14 19:20:37.503406,0.0,0.0,0.0
2022-01-14 19:20:38.002236,0.0,0.0,0.0
2022-01-14 19:20:38.508027,0.0,0.0,0.0
2022-01-14 19:20:39.005425,0.0,0.0,0.0
2022-01-14 19:20:39.501293,0.0,0.0,0.0
2022-01-14 19:20:40.009131,0.0,0.0,0.0
2022-01-14 19:20:40.503385,0.0,0.0,0.0
2022-01-14 19:20:41.002407,0.0,0.0,0.0
2022-01-14 19:20:41.506925,0.0,0.0,0.0
2022-01-14 19:20:42.005225,0.0,0.0,0.0
2022-01-14 19:20:42.501524,0.0,0.0,0.0
2022-01-14 19:20:43.009694,0.0,0.0,0.0
2022-01-14 19:20:43.505146,0.0,0.0,0.0
2022-01-14 19:20:44.003203,0.0,0.0,0.0
2022-01-14 19:20:44.508035,0.0,0.0,0.0
2022-01-14 19:20:45.005631,0.0,0.0,0.0
2022-01-14 19:20:45.502211,0.0,0.0,0.0
2022-01-14 19:20:46.001111,0.0,0.0,0.0
2022-01-14 19:20:46.507204,0.0,0.0,0.0
2022-01-14 19:20:47.005603,0.0,0.0,0.0
2022-01-14 19:20:47.510640,0.0,0.0,0.0
2022-01-14 19:20:48.008455,0.0,0.0,0.0
2022-01-14 19:20:48.503286,0.0,0.0,0.0
2022-01-14 19:20:49.011113,0.0,0.0,0.0
2022-01-14 19:20:49.507117,0.0,0.0,0.0
2022-01-14 19:20:50.006739,0.0,0.0,0.0
2022-01-14 19:20:50.501228,0.0,0.0,0.0
2022-01-14 19:20:51.009659,0.0,0.0,0.0
2022-01-14 19:20:51.505290,0.0,0.0,0.0
2022-01-14 19:20:52.002868,0.0,0.0,0.0
2022-01-14 19:20:52.508067,0.0,0.0,0.0
2022-01-14 19:20:53.005192,0.0,0.0,0.0
2022-01-14 19:20:53.509651,0.0,0.0,0.0
2022-01-14 19:20:54.008373,0.0,0.0,0.0
2022-01-14 19:20:54.502156,0.0,0.0,0.0
2022-01-14 19:20:55.010679,0.0,0.0,0.0
2022-01-14 19:20:55.505886,0.0,0.0,0.0
2022-01-14 19:20:56.003808,0.0,0.0,0.0
2022-01-14 19:20:56.509298,0.0,0.0,0.0
2022-01-14 19:20:57.007378,0.0,0.0,0.0
2022-01-14 19:20:57.502908,0.0,0.0,0.0
2022-01-14 19:20:58.010342,0.0,0.0,0.0
2022-01-14 19:20:58.506252,0.0,0.0,0.0
2022-01-14 19:20:59.004928,0.0,0.0,0.0
2022-01-14 19:20:59.508849,0.0,0.0,0.0
2022-01-14 19:21:00.005869,0.0,0.0,0.0
2022-01-14 19:21:00.510041,0.0,0.0,0.0
2022-01-14 19:21:01.007383,0.0,0.0,0.0
2022-01-14 19:21:01.501023,0.0,0.0,0.0
2022-01-14 19:21:02.009846,0.0,0.0,0.0
2022-01-14 19:21:02.506248,0.0,0.0,0.0
2022-01-14 19:21:03.005288,0.0,0.0,0.0
2022-01-14 19:21:03.510817,0.0,0.0,0.0
2022-01-14 19:21:04.009007,0.0,0.0,0.0
2022-01-14 19:21:04.502813,0.0,0.0,0.0
2022-01-14 19:21:05.001235,0.0,0.0,0.0
2022-01-14 19:21:05.506416,0.0,0.0,0.0
2022-01-14 19:21:06.003613,0.0,0.0,0.0
2022-01-14 19:21:06.510453,0.0,0.0,0.0
2022-01-14 19:21:07.009272,0.0,0.0,0.0
2022-01-14 19:21:07.504408,0.0,0.0,0.0
2022-01-14 19:21:08.002118,0.0,0.0,0.0
2022-01-14 19:21:08.506486,0.0,0.0,0.0
2022-01-14 19:21:09.004828,0.0,0.0,0.0
2022-01-14 19:21:09.510393,0.0,0.0,0.0
2022-01-14 19:21:10.009305,0.0,0.0,0.0
2022-01-14 19:21:10.504363,0.0,0.0,0.0
2022-01-14 19:21:11.004451,0.0,0.0,0.0
2022-01-14 19:21:11.510287,0.0,0.0,0.0
2022-01-14 19:21:12.007166,0.0,0.0,0.0
2022-01-14 19:21:12.501898,0.0,0.0,0.0
2022-01-14 19:21:13.009673,0.0,0.0,0.0
2022-01-14 19:21:13.502718,0.0,0.0,0.0
2022-01-14 19:21:14.010770,0.0,0.0,0.0
2022-01-14 19:21:14.506089,0.0,0.0,0.0
2022-01-14 19:21:15.005793,0.0,0.0,0.0
2022-01-14 19:21:15.510750,0.0,0.0,0.0
2022-01-14 19:21:16.009579,0.0,0.0,0.0
2022-01-14 19:21:16.504753,0.0,0.0,0.0
2022-01-14 19:21:17.002254,0.0,0.0,0.0
2022-01-14 19:21:17.506116,0.0,0.0,0.0
2022-01-14 19:21:18.003718,0.0,0.0,0.0
2022-01-14 19:21:18.508048,0.0,0.0,0.0
2022-01-14 19:21:19.005137,0.0,0.0,0.0
2022-01-14 19:21:19.509457,0.0,0.0,0.0
2022-01-14 19:21:20.006865,0.0,0.0,0.0
2022-01-14 19:21:20.503928,0.0,0.0,0.0
2022-01-14 19:21:21.001433,0.0,0.0,0.0
2022-01-14 19:21:21.507463,0.0,0.0,0.0
2022-01-14 19:21:22.004612,0.0,0.0,0.0
2022-01-14 19:21:22.509041,0.0,0.0,0.0
2022-01-14 19:21:23.005852,0.0,0.0,0.0
2022-01-14 19:21:23.501319,0.0,0.0,0.0
2022-01-14 19:21:24.010176,0.0,0.0,0.0
2022-01-14 19:21:24.507682,0.0,0.0,0.0
2022-01-14 19:21:25.005454,0.0,0.0,0.0
2022-01-14 19:21:25.510921,0.0,0.0,0.0
2022-01-14 19:21:26.008443,0.0,0.0,0.0
2022-01-14 19:21:26.504247,0.0,0.0,0.0
2022-01-14 19:21:27.001901,0.0,0.0,0.0
2022-01-14 19:21:27.509122,0.0,0.0,0.0
2022-01-14 19:21:28.007041,0.0,0.0,0.0
2022-01-14 19:21:28.502292,0.0,0.0,0.0
2022-01-14 19:21:29.000993,0.0,0.0,0.0
2022-01-14 19:21:29.505735,0.0,0.0,0.0
2022-01-14 19:21:30.004286,0.0,0.0,0.0
2022-01-14 19:21:30.508167,0.0,0.0,0.0
2022-01-14 19:21:31.006470,0.0,0.0,0.0
2022-01-14 19:21:32.004037,0.0,0.0,0.0
2022-01-14 19:21:32.508785,0.0,0.0,0.0
2022-01-14 19:21:33.006127,0.0,0.0,0.0
2022-01-14 19:21:33.501101,0.0,0.0,0.0
2022-01-14 19:21:34.009813,0.0,0.0,0.0
2022-01-14 19:21:35.005171,0.0,0.0,0.0
