時間,回転１,回転２,回転３
2022-01-23 15:00:00.009570,83.28607,83.8745,85.49229
2022-01-23 15:00:00.503467,84.57575,85.0605,85.49229
2022-01-23 15:00:01.000935,83.64747,84.23475,86.00312
2022-01-23 15:00:01.504955,84.52377,84.85375,86.00312
2022-01-23 15:00:02.002550,84.11161,84.3895,85.84572
2022-01-23 15:00:02.508391,83.9569,84.23475,85.84572
2022-01-23 15:00:03.005866,84.47302,84.64825,85.88531
2022-01-23 15:00:03.502413,84.21434,84.59625,85.88531
2022-01-23 15:00:04.011170,84.42104,84.85375,86.04176
2022-01-23 15:00:04.505100,83.64747,84.23475,86.04176
2022-01-23 15:00:05.004547,84.05963,84.28675,85.68833
2022-01-23 15:00:05.509813,83.39003,83.71975,85.68833
2022-01-23 15:00:06.008693,85.24658,85.26725,126.56926
2022-01-23 15:00:06.503340,83.90492,84.02925,126.56926
2022-01-23 15:00:07.001847,83.23532,83.35825,235.38937
2022-01-23 15:00:07.506682,84.78245,84.95775,235.38937
2022-01-23 15:00:08.003875,83.9569,84.23475,202.67614
2022-01-23 15:00:08.507447,84.47302,84.64825,202.67614
2022-01-23 15:00:09.005941,83.33805,83.7705,125.54854
2022-01-23 15:00:09.501639,84.26632,84.184,125.54854
2022-01-23 15:00:10.009981,84.57575,84.54425,90.63645
2022-01-23 15:00:10.504420,84.67848,85.16325,90.63645
2022-01-23 15:00:11.007816,83.69946,84.02925,94.0926
2022-01-23 15:00:11.502298,83.80219,84.184,94.0926
2022-01-23 15:00:12.001437,84.36905,84.4415,89.73354
2022-01-23 15:00:12.509210,84.36905,84.95775,89.73354
2022-01-23 15:00:13.006376,84.11161,84.54425,87.3377
2022-01-23 15:00:13.503871,84.26632,84.33875,87.3377
2022-01-23 15:00:14.003307,83.9569,84.23475,86.3952
2022-01-23 15:00:14.508185,84.52377,85.1125,86.3952
2022-01-23 15:00:15.005729,83.90492,84.3895,86.51301
2022-01-23 15:00:15.502421,84.52377,84.803,86.51301
2022-01-23 15:00:16.010593,83.59549,84.132,86.94562
2022-01-23 15:00:16.505855,84.1636,84.28675,86.94562
2022-01-23 15:00:17.003842,84.67848,84.90575,86.00312
2022-01-23 15:00:17.510678,83.49276,83.8745,86.00312
2022-01-23 15:00:18.010315,84.52377,84.90575,86.78822
2022-01-23 15:00:18.505617,83.90492,84.59625,86.78822
2022-01-23 15:00:19.003592,84.52377,84.64825,86.82781
2022-01-23 15:00:19.510044,83.90492,84.64825,86.82781
2022-01-23 15:00:20.007648,84.36905,84.699,85.88531
2022-01-23 15:00:20.502196,83.90492,84.184,85.88531
2022-01-23 15:00:21.010717,84.47302,84.803,85.29625
2022-01-23 15:00:21.507214,84.31831,84.699,85.29625
2022-01-23 15:00:22.007037,83.7502,84.28675,85.21708
2022-01-23 15:00:22.503626,84.57575,84.803,85.21708
2022-01-23 15:00:23.002246,83.64747,84.08,85.64968
2022-01-23 15:00:23.508089,84.62773,84.85375,85.64968
2022-01-23 15:00:24.007838,83.85417,84.28675,85.25666
2022-01-23 15:00:24.503770,84.21434,84.4935,85.25666
2022-01-23 15:00:25.001201,84.21434,84.54425,85.72791
2022-01-23 15:00:25.506173,83.7502,84.23475,85.72791
2022-01-23 15:00:26.004404,84.88517,85.26725,85.72791
2022-01-23 15:00:26.504279,83.44078,83.8225,85.72791
2022-01-23 15:00:27.002715,84.62773,84.751,86.15958
2022-01-23 15:00:27.508630,83.69946,84.23475,86.15958
2022-01-23 15:00:28.007732,84.83319,84.85375,86.35656
2022-01-23 15:00:28.503628,84.00888,84.23475,86.35656
2022-01-23 15:00:29.002392,83.9569,84.4935,86.04176
2022-01-23 15:00:29.506909,84.26632,84.59625,86.04176
2022-01-23 15:00:30.006591,83.80219,84.08,84.74583
2022-01-23 15:00:30.502331,84.67848,85.0605,84.74583
2022-01-23 15:00:31.002580,83.80219,84.4935,85.64968
2022-01-23 15:00:31.509214,84.1636,84.4935,85.64968
2022-01-23 15:00:32.007518,84.42104,84.751,85.6101
2022-01-23 15:00:32.502343,84.36905,84.751,85.6101
2022-01-23 15:00:33.001064,83.90492,84.33875,85.37447
2022-01-23 15:00:33.506214,84.1636,84.54425,85.37447
2022-01-23 15:00:34.004934,83.9569,84.184,85.7675
2022-01-23 15:00:34.508929,84.11161,84.803,85.7675
2022-01-23 15:00:35.008357,84.57575,84.90575,85.37447
2022-01-23 15:00:35.504930,84.05963,84.4415,85.37447
2022-01-23 15:00:36.003552,84.42104,84.4415,86.04176
2022-01-23 15:00:36.509326,84.11161,84.3895,86.04176
2022-01-23 15:00:37.007349,84.62773,84.85375,85.57051
2022-01-23 15:00:37.502741,84.1636,84.4935,85.57051
2022-01-23 15:00:38.010521,83.59549,84.28675,85.68833
2022-01-23 15:00:38.507957,84.1636,84.184,85.68833
2022-01-23 15:00:39.006047,84.31831,84.64825,85.7675
2022-01-23 15:00:39.503564,83.90492,84.08,85.7675
2022-01-23 15:00:40.002160,84.26632,84.4415,86.63083
2022-01-23 15:00:40.509057,84.00888,84.33875,86.63083
2022-01-23 15:00:41.007266,84.42104,84.59625,85.49229
2022-01-23 15:00:41.502496,84.36905,84.90575,85.49229
2022-01-23 15:00:42.010714,83.90492,84.08,85.80614
2022-01-23 15:00:42.506702,83.80219,84.33875,85.80614
2022-01-23 15:00:43.004024,84.31831,84.64825,85.53187
2022-01-23 15:00:43.501371,84.21434,84.54425,85.53187
2022-01-23 15:00:44.001801,84.00888,84.4935,86.74864
2022-01-23 15:00:44.507914,84.36905,84.59625,86.74864
2022-01-23 15:00:45.006005,83.54475,84.02925,86.63083
2022-01-23 15:00:45.501202,84.67848,85.0085,86.63083
2022-01-23 15:00:46.010374,83.54475,84.184,86.23875
2022-01-23 15:00:46.506258,84.36905,84.64825,86.23875
2022-01-23 15:00:47.005169,84.21434,84.64825,85.06062
2022-01-23 15:00:47.510820,83.85417,84.33875,85.06062
2022-01-23 15:00:48.009235,84.78245,84.95775,85.7675
2022-01-23 15:00:48.505985,83.69946,84.184,85.7675
2022-01-23 15:00:49.003261,84.67848,84.699,85.92395
2022-01-23 15:00:49.507983,83.69946,84.33875,85.92395
2022-01-23 15:00:50.006352,84.21434,84.4935,85.6101
2022-01-23 15:00:50.501717,84.52377,84.803,85.6101
2022-01-23 15:00:51.010609,83.9569,84.33875,86.15958
2022-01-23 15:00:51.505159,84.52377,84.90575,86.15958
2022-01-23 15:00:52.004025,83.90492,84.3895,84.86364
2022-01-23 15:00:52.511261,84.73046,84.85375,84.86364
2022-01-23 15:00:53.009489,83.69946,84.23475,86.59218
2022-01-23 15:00:53.506808,84.21434,84.33875,86.59218
2022-01-23 15:00:54.005357,84.52377,84.85375,85.21708
2022-01-23 15:00:54.500984,83.80219,84.184,85.21708
2022-01-23 15:00:55.010330,84.47302,84.699,85.33489
2022-01-23 15:00:55.505864,84.21434,84.64825,85.33489
2022-01-23 15:00:56.003686,84.11161,84.54425,85.92395
2022-01-23 15:00:56.508851,84.42104,84.95775,85.92395
2022-01-23 15:00:57.007046,84.31831,84.33875,86.27739
2022-01-23 15:00:57.503115,84.00888,84.4415,86.27739
2022-01-23 15:00:58.001809,84.42104,84.90575,85.02104
2022-01-23 15:00:58.508579,83.80219,84.08,85.02104
2022-01-23 15:00:59.006191,84.62773,85.0605,85.53187
2022-01-23 15:00:59.501718,83.80219,84.08,85.53187
2022-01-23 15:01:00.009165,83.90492,84.59625,85.7675
2022-01-23 15:01:00.502040,84.11161,84.28675,85.7675
2022-01-23 15:01:01.010324,84.42104,84.90575,85.53187
2022-01-23 15:01:01.507166,84.62773,84.803,85.53187
2022-01-23 15:01:02.008008,83.9569,84.184,85.92395
2022-01-23 15:01:02.503473,83.90492,84.33875,85.92395
2022-01-23 15:01:03.002401,84.21434,84.33875,85.6101
2022-01-23 15:01:03.509871,84.36905,84.95775,85.6101
2022-01-23 15:01:04.008320,83.7502,83.8225,85.49229
2022-01-23 15:01:04.504539,84.00888,84.64825,85.49229
2022-01-23 15:01:05.002531,84.26632,84.3895,85.96354
2022-01-23 15:01:05.510222,84.36905,84.4935,85.96354
2022-01-23 15:01:06.011115,84.11161,84.54425,85.68833
2022-01-23 15:01:06.508057,83.90492,84.132,85.68833
2022-01-23 15:01:07.004812,83.9569,84.28675,86.00312
2022-01-23 15:01:07.501230,84.57575,84.751,86.00312
2022-01-23 15:01:08.009801,83.90492,84.59625,85.4527
2022-01-23 15:01:08.504097,84.00888,84.132,85.4527
2022-01-23 15:01:09.002061,84.52377,84.699,85.57051
2022-01-23 15:01:09.506722,83.9569,84.23475,85.57051
2022-01-23 15:01:10.004371,84.47302,85.0085,85.6101
2022-01-23 15:01:10.508456,83.49276,84.132,85.6101
2022-01-23 15:01:11.003897,84.52377,84.699,85.7675
2022-01-23 15:01:11.509711,83.7502,84.59625,85.7675
2022-01-23 15:01:12.008540,84.21434,84.4415,85.41406
2022-01-23 15:01:12.503709,84.9879,85.26725,85.41406
2022-01-23 15:01:13.001546,83.39003,83.565,85.88531
2022-01-23 15:01:13.508227,84.67848,84.85375,85.88531
2022-01-23 15:01:14.005692,83.59549,84.132,85.64968
2022-01-23 15:01:14.510266,84.62773,84.85375,85.64968
2022-01-23 15:01:15.007727,83.44078,84.184,85.92395
2022-01-23 15:01:15.505118,84.1636,84.59625,85.92395
2022-01-23 15:01:16.002906,84.11161,84.4935,85.84572
2022-01-23 15:01:16.508218,84.42104,84.699,85.84572
2022-01-23 15:01:17.006977,84.42104,84.699,85.92395
2022-01-23 15:01:17.503009,83.64747,84.08,85.92395
2022-01-23 15:01:18.002693,84.42104,84.59625,85.84572
2022-01-23 15:01:18.508255,84.1636,84.751,85.84572
2022-01-23 15:01:19.007013,84.31831,84.54425,85.88531
2022-01-23 15:01:19.501905,84.00888,84.54425,85.88531
2022-01-23 15:01:20.010916,84.05963,84.3895,85.37447
2022-01-23 15:01:20.506294,84.52377,84.64825,85.37447
2022-01-23 15:01:21.004158,84.26632,84.803,86.12093
2022-01-23 15:01:21.509164,84.36905,84.4415,86.12093
2022-01-23 15:01:22.007757,83.9569,84.4935,85.57051
2022-01-23 15:01:22.502746,84.1636,84.4415,85.57051
2022-01-23 15:01:23.010828,83.59549,84.33875,85.57051
2022-01-23 15:01:23.505067,84.88517,84.803,85.57051
2022-01-23 15:01:24.003828,83.80219,83.8745,86.63083
2022-01-23 15:01:24.501154,84.11161,84.64825,86.63083
2022-01-23 15:01:25.009044,84.1636,84.184,85.88531
2022-01-23 15:01:25.505199,84.1636,84.699,85.88531
2022-01-23 15:01:26.004365,84.57575,84.751,84.98145
2022-01-23 15:01:26.510129,83.69946,84.28675,84.98145
2022-01-23 15:01:27.007842,84.11161,84.184,85.68833
2022-01-23 15:01:27.502764,84.62773,84.803,85.68833
2022-01-23 15:01:28.001062,84.42104,84.85375,85.41406
2022-01-23 15:01:28.506797,83.7502,83.97725,85.41406
2022-01-23 15:01:29.005743,83.9569,84.33875,85.80614
2022-01-23 15:01:29.501959,84.26632,84.4935,85.80614
2022-01-23 15:01:30.001477,84.21434,84.95775,86.43479
2022-01-23 15:01:30.507611,84.11161,84.54425,86.43479
2022-01-23 15:01:31.007239,83.90492,84.08,85.80614
2022-01-23 15:01:31.505718,83.85417,84.23475,85.80614
2022-01-23 15:01:32.004353,84.78245,85.0605,85.37447
2022-01-23 15:01:32.509952,83.69946,84.08,85.37447
2022-01-23 15:01:33.007592,84.67848,84.85375,86.15958
2022-01-23 15:01:33.507625,83.08061,83.7705,86.15958
2022-01-23 15:01:34.006953,84.47302,84.59625,85.64968
2022-01-23 15:01:34.511255,84.73046,84.95775,85.64968
2022-01-23 15:01:35.010669,83.80219,84.4415,86.00312
2022-01-23 15:01:35.507139,84.26632,84.4935,86.00312
2022-01-23 15:01:36.004210,83.69946,84.184,85.37447
2022-01-23 15:01:36.510207,84.47302,84.54425,85.37447
2022-01-23 15:01:37.008995,84.47302,85.0085,85.49229
2022-01-23 15:01:37.504493,84.05963,84.33875,85.49229
2022-01-23 15:01:38.004850,84.00888,84.3895,86.12093
2022-01-23 15:01:38.509861,84.52377,84.699,86.12093
2022-01-23 15:01:39.008379,84.62773,84.85375,85.64968
2022-01-23 15:01:39.504883,83.49276,84.132,85.64968
2022-01-23 15:01:40.002007,84.42104,84.751,85.53187
2022-01-23 15:01:40.507386,83.64747,84.23475,85.53187
2022-01-23 15:01:41.006874,84.78245,85.16325,85.53187
2022-01-23 15:01:41.503217,83.49276,83.8225,85.53187
2022-01-23 15:01:42.001827,84.31831,84.64825,85.25666
2022-01-23 15:01:42.508151,84.1636,84.132,85.25666
2022-01-23 15:01:43.007233,84.47302,84.95775,85.72791
2022-01-23 15:01:43.503150,83.80219,84.02925,85.72791
2022-01-23 15:01:44.504949,84.47302,84.54425,85.64968
2022-01-23 15:01:45.003337,83.69946,84.23475,85.96354
2022-01-23 15:01:45.508578,84.73046,84.95775,85.96354
2022-01-23 15:01:46.005524,84.00888,84.08,85.57051
2022-01-23 15:01:46.510880,84.31831,84.751,85.57051
2022-01-23 15:01:47.009145,83.80219,83.8745,86.94562
2022-01-23 15:01:47.506471,84.00888,84.64825,86.94562
2022-01-23 15:01:48.004517,84.67848,84.803,85.17843
2022-01-23 15:01:48.509971,83.64747,84.132,85.17843
2022-01-23 15:01:49.006738,84.57575,84.803,85.88531
2022-01-23 15:01:49.502486,83.85417,83.97725,85.88531
2022-01-23 15:01:50.010850,84.47302,84.803,85.53187
2022-01-23 15:01:50.507109,83.9569,83.92525,85.53187
2022-01-23 15:01:51.006068,83.90492,84.54425,86.00312
2022-01-23 15:01:51.502647,83.9569,84.28675,86.00312
2022-01-23 15:01:52.002235,84.26632,84.751,85.37447
2022-01-23 15:01:52.509284,84.62773,84.699,85.37447
2022-01-23 15:01:53.007508,84.00888,84.28675,86.08135
2022-01-23 15:01:53.504350,84.42104,84.64825,86.08135
2022-01-23 15:01:54.003975,84.1636,84.3895,85.53187
2022-01-23 15:01:54.510374,84.1636,84.64825,85.53187
2022-01-23 15:01:55.007770,84.21434,84.4415,86.43479
2022-01-23 15:01:55.502828,83.69946,84.4415,86.43479
2022-01-23 15:01:56.001502,83.90492,84.184,85.96354
2022-01-23 15:01:56.508557,84.36905,84.751,85.96354
2022-01-23 15:01:57.008244,84.21434,84.4935,85.37447
2022-01-23 15:01:57.503230,84.57575,84.699,85.37447
2022-01-23 15:01:58.001495,83.64747,84.23475,86.00312
2022-01-23 15:01:58.508062,84.47302,84.54425,86.00312
2022-01-23 15:01:59.004503,84.52377,85.0085,86.23875
2022-01-23 15:01:59.508369,83.80219,84.23475,86.23875
2022-01-23 15:02:00.001701,83.85417,84.4415,85.57051
2022-01-23 15:02:00.506284,84.36905,84.59625,85.57051
2022-01-23 15:02:01.004202,84.21434,84.33875,85.84572
2022-01-23 15:02:01.510023,84.47302,85.0085,85.84572
2022-01-23 15:02:02.008128,83.64747,83.8745,85.68833
2022-01-23 15:02:02.508389,84.26632,84.64825,85.68833
2022-01-23 15:02:03.006465,84.57575,84.64825,85.09926
2022-01-23 15:02:03.501784,83.9569,84.54425,85.09926
2022-01-23 15:02:04.009918,84.05963,84.3895,85.33489
2022-01-23 15:02:04.507048,84.00888,83.97725,85.33489
2022-01-23 15:02:05.004904,84.47302,85.0085,85.96354
2022-01-23 15:02:05.508964,84.21434,84.59625,85.96354
2022-01-23 15:02:06.007131,83.80219,84.4415,85.72791
2022-01-23 15:02:06.501829,84.52377,84.59625,85.72791
2022-01-23 15:02:07.010023,83.7502,84.33875,85.68833
2022-01-23 15:02:07.506529,84.78245,85.0605,85.68833
2022-01-23 15:02:08.004252,84.00888,83.97725,85.64968
2022-01-23 15:02:08.509719,84.31831,84.751,85.64968
2022-01-23 15:02:09.008842,84.1636,84.33875,85.49229
2022-01-23 15:02:09.504574,84.42104,84.95775,85.49229
2022-01-23 15:02:10.002868,84.36905,84.3895,85.72791
2022-01-23 15:02:10.507002,83.7502,84.33875,85.72791
2022-01-23 15:02:11.002441,84.62773,84.95775,85.57051
2022-01-23 15:02:11.508246,83.90492,84.02925,85.57051
2022-01-23 15:02:12.006275,84.42104,84.803,85.80614
2022-01-23 15:02:12.502289,84.21434,84.28675,85.80614
2022-01-23 15:02:13.010352,83.85417,84.3895,85.92395
2022-01-23 15:02:13.506340,84.36905,84.751,85.92395
2022-01-23 15:02:14.003951,84.1636,84.59625,85.6101
2022-01-23 15:02:14.509934,83.90492,84.23475,85.6101
2022-01-23 15:02:15.008246,84.11161,84.3895,85.92395
2022-01-23 15:02:15.504577,84.42104,84.64825,85.92395
2022-01-23 15:02:16.002778,84.26632,84.59625,85.21708
2022-01-23 15:02:16.509777,84.11161,84.751,85.21708
2022-01-23 15:02:17.007824,84.1636,84.3895,85.92395
2022-01-23 15:02:17.503407,83.85417,84.4415,85.92395
2022-01-23 15:02:18.003726,84.42104,84.751,86.15958
2022-01-23 15:02:18.509237,84.05963,84.699,86.15958
2022-01-23 15:02:19.006967,84.36905,84.54425,86.27739
2022-01-23 15:02:19.503080,84.26632,84.23475,86.27739
2022-01-23 15:02:20.003679,83.90492,84.64825,85.72791
2022-01-23 15:02:20.509383,84.05963,84.28675,85.72791
2022-01-23 15:02:21.007051,84.36905,84.803,85.41406
2022-01-23 15:02:21.501627,84.05963,84.28675,85.41406
2022-01-23 15:02:22.009963,84.47302,84.803,85.49229
2022-01-23 15:02:22.506294,83.64747,83.92525,85.49229
2022-01-23 15:02:23.003302,84.83319,84.85375,86.23875
2022-01-23 15:02:23.509025,84.31831,84.803,86.23875
2022-01-23 15:02:24.007028,83.9569,84.4415,86.08135
2022-01-23 15:02:24.503482,83.90492,84.28675,86.08135
2022-01-23 15:02:25.001972,84.36905,84.54425,85.7675
2022-01-23 15:02:25.506798,83.9569,84.3895,85.7675
2022-01-23 15:02:26.006865,84.42104,84.64825,85.96354
2022-01-23 15:02:26.502868,83.9569,84.02925,85.96354
2022-01-23 15:02:27.001803,84.26632,84.699,85.80614
2022-01-23 15:02:27.506935,84.31831,84.59625,85.80614
2022-01-23 15:02:28.006563,83.69946,84.184,85.37447
2022-01-23 15:02:28.502914,84.11161,84.184,85.37447
2022-01-23 15:02:29.001099,83.49276,83.8225,238.05947
2022-01-23 15:02:29.505830,84.52377,84.85375,238.05947
2022-01-23 15:02:30.003617,84.26632,84.28675,216.93145
2022-01-23 15:02:30.509513,83.85417,84.23475,216.93145
2022-01-23 15:02:31.008668,83.90492,83.97725,161.55958
2022-01-23 15:02:31.502630,84.05963,84.4935,161.55958
2022-01-23 15:02:32.004054,84.73046,84.95775,98.68729
2022-01-23 15:02:32.510071,83.64747,83.8745,98.68729
2022-01-23 15:02:33.008403,83.64747,83.92525,95.54593
2022-01-23 15:02:33.503823,83.90492,84.3895,95.54593
2022-01-23 15:02:34.001698,84.67848,85.0605,90.04739
2022-01-23 15:02:34.507291,84.21434,84.3895,90.04739
2022-01-23 15:02:35.004762,83.69946,84.23475,86.59218
2022-01-23 15:02:35.502677,84.57575,84.59625,86.59218
2022-01-23 15:02:36.010403,84.1636,84.64825,86.74864
2022-01-23 15:02:36.505238,84.47302,84.90575,86.74864
2022-01-23 15:02:37.004569,83.7502,84.184,86.78822
2022-01-23 15:02:37.509024,84.1636,84.54425,86.78822
2022-01-23 15:02:38.008703,84.42104,84.4935,85.57051
2022-01-23 15:02:38.503809,84.73046,85.318,85.57051
2022-01-23 15:02:39.002127,83.80219,84.02925,85.92395
2022-01-23 15:02:39.508195,84.00888,84.3895,85.92395
2022-01-23 15:02:40.007840,84.1636,84.33875,87.77031
2022-01-23 15:02:40.504730,83.85417,84.64825,87.77031
2022-01-23 15:02:41.002775,84.42104,84.751,85.80614
2022-01-23 15:02:41.508981,83.9569,84.33875,85.80614
2022-01-23 15:02:42.006662,84.05963,84.54425,86.47437
2022-01-23 15:02:42.511009,84.47302,84.751,86.47437
2022-01-23 15:02:43.008201,84.00888,84.4935,85.21708
2022-01-23 15:02:43.503582,84.67848,84.95775,85.21708
2022-01-23 15:02:44.002727,83.64747,84.23475,85.64968
2022-01-23 15:02:44.509652,84.00888,84.4935,85.64968
2022-01-23 15:02:45.008730,84.21434,84.28675,86.27739
2022-01-23 15:02:45.501565,84.26632,84.803,86.27739
2022-01-23 15:02:46.001205,84.1636,84.59625,85.02104
2022-01-23 15:02:46.506515,83.9569,84.4935,85.02104
2022-01-23 15:02:47.004319,84.31831,84.64825,85.68833
2022-01-23 15:02:47.510639,84.42104,84.95775,85.68833
2022-01-23 15:02:48.008453,84.21434,84.54425,86.43479
2022-01-23 15:02:48.503997,84.26632,84.64825,86.43479
2022-01-23 15:02:49.003187,83.54475,83.92525,85.53187
2022-01-23 15:02:49.507416,84.78245,85.16325,85.53187
2022-01-23 15:02:50.005426,83.80219,84.4935,85.29625
2022-01-23 15:02:50.509750,84.42104,84.751,85.29625
2022-01-23 15:02:51.007374,83.80219,84.23475,86.12093
2022-01-23 15:02:51.503237,84.36905,84.699,86.12093
2022-01-23 15:02:52.001506,84.11161,84.3895,85.84572
2022-01-23 15:02:52.507019,84.36905,84.803,85.84572
2022-01-23 15:02:53.004115,84.1636,84.132,85.68833
2022-01-23 15:02:53.502117,83.90492,84.3895,85.68833
2022-01-23 15:02:54.009984,84.47302,84.90575,85.80614
2022-01-23 15:02:54.505267,83.9569,84.33875,85.80614
2022-01-23 15:02:55.003188,84.36905,84.85375,85.92395
2022-01-23 15:02:55.509108,83.49276,83.92525,85.92395
2022-01-23 15:02:56.007483,84.47302,84.751,86.23875
2022-01-23 15:02:56.502998,84.78245,84.751,86.23875
2022-01-23 15:02:57.010790,84.00888,84.59625,85.96354
2022-01-23 15:02:57.506558,84.05963,84.4415,85.96354
2022-01-23 15:02:58.007304,83.80219,84.184,85.68833
2022-01-23 15:02:58.502627,84.62773,85.0085,85.68833
2022-01-23 15:02:59.009962,83.69946,84.23475,85.92395
2022-01-23 15:02:59.505267,84.47302,84.95775,85.92395
2022-01-23 15:03:00.002377,83.90492,83.8745,85.6101
2022-01-23 15:03:00.509423,84.52377,84.90575,85.6101
2022-01-23 15:03:01.008254,84.11161,84.4935,85.4527
2022-01-23 15:03:01.504059,83.90492,84.33875,85.4527
2022-01-23 15:03:02.003047,84.47302,84.803,86.63083
2022-01-23 15:03:02.508003,83.54475,84.08,86.63083
2022-01-23 15:03:03.004014,84.93716,85.422,84.98145
2022-01-23 15:03:03.510002,84.1636,84.33875,84.98145
2022-01-23 15:03:04.008199,84.1636,84.33875,86.86645
2022-01-23 15:03:04.503322,84.1636,84.4415,86.86645
2022-01-23 15:03:05.001489,84.36905,84.90575,86.12093
2022-01-23 15:03:05.507181,84.00888,84.28675,86.12093
2022-01-23 15:03:06.004943,83.9569,84.3895,84.98145
2022-01-23 15:03:06.510262,84.1636,84.64825,84.98145
2022-01-23 15:03:07.006874,84.31831,84.54425,85.21708
2022-01-23 15:03:07.501268,84.42104,84.751,85.21708
2022-01-23 15:03:08.008454,84.47302,84.64825,85.64968
2022-01-23 15:03:08.503429,83.90492,84.28675,85.64968
2022-01-23 15:03:09.001828,84.42104,84.751,85.92395
2022-01-23 15:03:09.506832,84.11161,84.4415,85.92395
2022-01-23 15:03:10.005561,84.21434,84.64825,85.96354
2022-01-23 15:03:10.501799,84.1636,84.64825,85.96354
2022-01-23 15:03:11.006900,84.21434,84.54425,85.72791
2022-01-23 15:03:11.502777,84.31831,84.54425,85.72791
2022-01-23 15:03:12.003215,84.11161,84.54425,85.88531
2022-01-23 15:03:12.508764,84.26632,84.64825,85.88531
2022-01-23 15:03:13.006981,84.11161,84.33875,86.47437
2022-01-23 15:03:13.502800,84.21434,84.751,86.47437
2022-01-23 15:03:14.010767,84.05963,84.4415,85.33489
2022-01-23 15:03:14.506655,84.36905,84.64825,85.33489
2022-01-23 15:03:15.003826,84.21434,84.184,85.64968
2022-01-23 15:03:15.509101,83.90492,84.4935,85.64968
2022-01-23 15:03:16.006741,84.57575,84.803,86.23875
2022-01-23 15:03:16.510619,83.9569,84.33875,86.23875
2022-01-23 15:03:17.008193,84.67848,84.95775,85.80614
2022-01-23 15:03:17.504595,83.90492,84.3895,85.80614
2022-01-23 15:03:18.002606,84.21434,84.59625,85.80614
2022-01-23 15:03:18.508971,84.1636,84.132,85.80614
2022-01-23 15:03:19.006915,84.26632,84.4415,85.6101
2022-01-23 15:03:19.504611,84.36905,84.85375,85.6101
2022-01-23 15:03:20.001962,83.64747,84.02925,85.25666
2022-01-23 15:03:20.509009,84.52377,84.751,85.25666
2022-01-23 15:03:21.009027,83.54475,84.184,85.72791
2022-01-23 15:03:21.505805,84.83319,85.21525,85.72791
2022-01-23 15:03:22.004554,83.80219,83.8225,85.4527
2022-01-23 15:03:22.510071,84.31831,84.64825,85.4527
2022-01-23 15:03:23.007301,84.36905,84.64825,86.19916
2022-01-23 15:03:23.503897,84.1636,84.699,86.19916
2022-01-23 15:03:24.001517,84.47302,84.751,85.80614
2022-01-23 15:03:24.507186,83.33805,83.97725,85.80614
2022-01-23 15:03:25.006110,84.88517,85.26725,85.53187
2022-01-23 15:03:25.503703,83.90492,84.184,85.53187
2022-01-23 15:03:26.002518,84.21434,84.3895,86.00312
2022-01-23 15:03:26.506219,84.00888,84.3895,86.00312
2022-01-23 15:03:27.005100,84.21434,84.54425,85.84572
2022-01-23 15:03:27.510752,84.73046,85.1125,85.84572
2022-01-23 15:03:28.008976,83.64747,84.132,86.04176
2022-01-23 15:03:28.506238,84.1636,84.59625,86.04176
2022-01-23 15:03:29.004651,84.26632,84.64825,85.64968
2022-01-23 15:03:29.510421,84.57575,84.803,85.64968
2022-01-23 15:03:30.009349,83.9569,84.132,85.80614
2022-01-23 15:03:30.505130,83.85417,84.54425,85.80614
2022-01-23 15:03:31.003724,84.05963,84.4415,85.72791
2022-01-23 15:03:31.508898,84.26632,84.54425,85.72791
2022-01-23 15:03:32.006656,84.1636,84.59625,86.47437
2022-01-23 15:03:32.502951,83.7502,84.08,86.47437
2022-01-23 15:03:33.001503,84.52377,84.751,86.19916
2022-01-23 15:03:33.507225,84.1636,84.33875,86.19916
2022-01-23 15:03:34.006702,84.42104,84.803,85.21708
2022-01-23 15:03:34.506000,83.9569,84.28675,85.21708
2022-01-23 15:03:35.003885,84.05963,84.4415,87.41687
2022-01-23 15:03:35.510841,84.05963,84.4415,87.41687
2022-01-23 15:03:36.009436,84.26632,85.0605,85.25666
2022-01-23 15:03:36.505390,83.9569,84.184,85.25666
2022-01-23 15:03:37.003807,84.42104,84.4935,85.13885
2022-01-23 15:03:37.509226,84.21434,84.59625,85.13885
2022-01-23 15:03:38.007851,84.21434,84.4415,86.00312
2022-01-23 15:03:38.504339,84.05963,84.4415,86.00312
2022-01-23 15:03:39.003130,84.21434,84.4415,85.57051
2022-01-23 15:03:39.510227,83.49276,84.02925,85.57051
2022-01-23 15:03:40.008366,84.73046,85.16325,84.78541
2022-01-23 15:03:40.506552,84.00888,84.33875,84.78541
2022-01-23 15:03:41.003881,83.9569,84.132,85.68833
2022-01-23 15:03:41.509508,84.36905,84.699,85.68833
2022-01-23 15:03:42.007773,83.90492,84.08,85.06062
2022-01-23 15:03:42.503414,84.47302,84.95775,85.06062
2022-01-23 15:03:43.001143,83.7502,84.23475,86.43479
2022-01-23 15:03:43.509203,84.36905,84.54425,86.43479
2022-01-23 15:03:44.007166,84.21434,84.4415,86.04176
2022-01-23 15:03:44.502943,84.05963,84.3895,86.04176
2022-01-23 15:03:45.010919,84.26632,84.59625,85.41406
2022-01-23 15:03:45.507577,83.9569,84.28675,85.41406
2022-01-23 15:03:46.006027,84.52377,84.90575,85.33489
2022-01-23 15:03:46.511254,83.49276,83.92525,85.33489
2022-01-23 15:03:47.010748,84.83319,85.1125,85.92395
2022-01-23 15:03:47.506749,83.80219,84.184,85.92395
2022-01-23 15:03:48.008087,84.47302,84.751,85.68833
2022-01-23 15:03:48.504094,84.05963,84.3895,85.68833
2022-01-23 15:03:49.002202,83.54475,84.08,85.80614
2022-01-23 15:03:49.507804,84.83319,85.26725,85.80614
2022-01-23 15:03:50.006756,84.11161,84.54425,85.41406
2022-01-23 15:03:50.503231,83.7502,84.08,85.41406
2022-01-23 15:03:51.001915,84.11161,84.4935,85.49229
2022-01-23 15:03:51.510141,84.1636,84.3895,85.49229
2022-01-23 15:03:52.007868,84.26632,84.4935,86.15958
2022-01-23 15:03:52.504648,84.00888,84.4415,86.15958
2022-01-23 15:03:53.003846,83.7502,84.28675,85.41406
2022-01-23 15:03:53.508139,84.52377,84.95775,85.41406
2022-01-23 15:03:54.006139,84.26632,84.4935,85.06062
2022-01-23 15:03:54.502772,84.11161,84.59625,85.06062
2022-01-23 15:03:55.010975,84.05963,84.184,85.7675
2022-01-23 15:03:55.506583,84.05963,84.184,85.7675
2022-01-23 15:03:56.004473,84.31831,84.59625,85.7675
2022-01-23 15:03:56.510851,84.00888,84.699,85.7675
2022-01-23 15:03:57.505009,84.11161,84.33875,86.04176
2022-01-23 15:03:58.004913,84.21434,84.699,85.57051
2022-01-23 15:03:58.511116,84.62773,84.90575,85.57051
2022-01-23 15:03:59.010080,84.42104,84.54425,86.3952
2022-01-23 15:03:59.505875,83.90492,84.08,86.3952
2022-01-23 15:04:00.004083,83.9569,84.4935,86.15958
2022-01-23 15:04:00.508846,84.62773,85.26725,86.15958
2022-01-23 15:04:01.007115,83.90492,84.02925,86.23875
2022-01-23 15:04:01.505926,84.00888,84.4935,86.23875
2022-01-23 15:04:02.002919,83.9569,84.132,85.57051
2022-01-23 15:04:02.508033,84.57575,84.85375,85.57051
2022-01-23 15:04:03.004662,84.00888,84.23475,85.57051
2022-01-23 15:04:03.511270,84.36905,84.59625,85.57051
2022-01-23 15:04:04.001131,83.59549,83.97725,85.96354
2022-01-23 15:04:04.506482,84.62773,85.16325,85.96354
2022-01-23 15:04:05.004340,83.85417,84.08,85.7675
2022-01-23 15:04:05.510743,84.36905,84.59625,85.7675
2022-01-23 15:04:06.007399,83.9569,84.23475,85.68833
2022-01-23 15:04:06.502696,84.05963,84.33875,85.68833
2022-01-23 15:04:07.001472,84.73046,84.90575,85.64968
2022-01-23 15:04:07.508220,83.59549,84.132,85.64968
2022-01-23 15:04:08.006535,84.78245,85.16325,86.00312
2022-01-23 15:04:08.502052,83.28607,83.71975,86.00312
2022-01-23 15:04:09.009804,84.36905,84.751,85.80614
2022-01-23 15:04:09.505064,83.85417,84.54425,85.80614
2022-01-23 15:04:10.004470,84.26632,84.28675,85.68833
2022-01-23 15:04:10.510376,84.52377,84.699,85.68833
2022-01-23 15:04:11.004030,83.49276,83.8745,85.53187
2022-01-23 15:04:11.501019,84.88517,85.26725,85.53187
2022-01-23 15:04:12.010031,83.59549,83.97725,85.84572
2022-01-23 15:04:12.505645,84.52377,84.85375,85.84572
2022-01-23 15:04:13.005096,83.9569,84.54425,86.19916
2022-01-23 15:04:14.004733,84.83319,85.1125,85.57051
2022-01-23 15:04:14.509987,83.90492,84.184,85.57051
2022-01-23 15:04:15.008399,84.52377,84.85375,85.84572
2022-01-23 15:04:15.503208,83.80219,84.08,85.84572
2022-01-23 15:04:16.002608,84.1636,84.3895,85.4527
2022-01-23 15:04:16.508332,84.05963,84.699,85.4527
2022-01-23 15:04:17.006440,84.47302,84.751,85.68833
2022-01-23 15:04:17.502223,83.85417,84.132,85.68833
2022-01-23 15:04:18.010627,84.42104,84.803,85.41406
2022-01-23 15:04:18.505657,83.9569,84.3895,85.41406
2022-01-23 15:04:19.004106,84.62773,84.95775,86.08135
2022-01-23 15:04:19.501795,84.1636,84.3895,86.08135
2022-01-23 15:04:20.009171,83.54475,84.23475,85.7675
2022-01-23 15:04:20.504735,84.57575,84.699,85.7675
2022-01-23 15:04:21.002419,84.26632,84.59625,86.04176
2022-01-23 15:04:21.507347,83.85417,84.23475,86.04176
2022-01-23 15:04:22.006027,84.26632,84.59625,85.37447
2022-01-23 15:04:22.511286,84.05963,84.64825,85.37447
2022-01-23 15:04:23.010636,84.67848,84.699,86.15958
2022-01-23 15:04:23.505354,84.11161,84.64825,86.15958
2022-01-23 15:04:24.004187,83.7502,83.97725,86.19916
2022-01-23 15:04:24.510203,84.36905,84.803,86.19916
2022-01-23 15:04:25.007749,84.52377,84.699,85.53187
2022-01-23 15:04:25.502669,84.05963,84.3895,85.53187
2022-01-23 15:04:26.002673,83.80219,84.28675,86.12093
2022-01-23 15:04:26.507885,84.52377,84.751,86.12093
2022-01-23 15:04:27.007510,84.00888,84.3895,85.57051
2022-01-23 15:04:27.503696,84.62773,84.95775,85.57051
2022-01-23 15:04:28.003123,83.49276,83.97725,86.04176
2022-01-23 15:04:28.501180,84.31831,84.54425,86.04176
2022-01-23 15:04:29.010430,84.52377,85.0605,85.68833
2022-01-23 15:04:29.506367,83.80219,84.184,85.68833
2022-01-23 15:04:30.004331,84.52377,84.751,85.49229
2022-01-23 15:04:30.510325,83.64747,84.08,85.49229
2022-01-23 15:04:31.008762,84.36905,84.699,86.15958
2022-01-23 15:04:31.504459,83.85417,84.4415,86.15958
2022-01-23 15:04:32.002357,84.05963,84.33875,85.7675
2022-01-23 15:04:32.508409,84.52377,84.90575,85.7675
2022-01-23 15:04:33.007530,83.7502,84.132,85.80614
2022-01-23 15:04:33.503367,84.52377,85.16325,85.80614
2022-01-23 15:04:34.001456,83.49276,83.97725,85.57051
2022-01-23 15:04:34.507308,84.88517,84.803,85.57051
2022-01-23 15:04:35.005819,83.69946,84.132,85.7675
2022-01-23 15:04:35.502267,84.42104,84.54425,85.7675
2022-01-23 15:04:36.002587,84.47302,84.803,85.41406
2022-01-23 15:04:36.508508,83.59549,84.02925,85.41406
2022-01-23 15:04:37.009276,84.67848,84.90575,86.12093
2022-01-23 15:04:37.507948,84.05963,84.59625,86.12093
2022-01-23 15:04:38.009147,84.05963,84.54425,85.49229
2022-01-23 15:04:38.503339,84.00888,84.54425,85.49229
2022-01-23 15:04:39.001333,84.11161,84.08,85.72791
2022-01-23 15:04:39.507621,84.36905,84.699,85.72791
2022-01-23 15:04:40.005658,84.31831,84.59625,86.31697
2022-01-23 15:04:40.511104,83.69946,83.92525,86.31697
2022-01-23 15:04:41.009023,84.1636,84.4935,85.21708
2022-01-23 15:04:41.506812,84.47302,84.699,85.21708
2022-01-23 15:04:42.005699,83.69946,84.23475,85.57051
2022-01-23 15:04:42.510874,84.83319,85.0085,85.57051
2022-01-23 15:04:43.009546,83.49276,83.97725,85.88531
2022-01-23 15:04:43.505636,85.09187,85.318,85.88531
2022-01-23 15:04:44.004087,84.1636,84.33875,85.49229
2022-01-23 15:04:44.501157,83.80219,84.3895,85.49229
2022-01-23 15:04:45.009861,84.31831,84.3895,85.64968
2022-01-23 15:04:45.504618,84.1636,84.699,85.64968
2022-01-23 15:04:46.002265,84.11161,84.33875,85.84572
2022-01-23 15:04:46.508605,83.85417,84.54425,85.84572
2022-01-23 15:04:47.006301,84.62773,84.95775,86.47437
2022-01-23 15:04:47.510738,84.31831,84.54425,86.47437
2022-01-23 15:04:48.009105,84.42104,84.699,86.08135
2022-01-23 15:04:48.504617,83.85417,84.184,86.08135
2022-01-23 15:04:49.003374,84.31831,84.699,85.29625
2022-01-23 15:04:49.508991,84.21434,84.4415,85.29625
2022-01-23 15:04:50.007202,83.54475,84.23475,85.49229
2022-01-23 15:04:50.502628,83.64747,83.565,85.49229
2022-01-23 15:04:51.010669,84.73046,84.751,164.89791
2022-01-23 15:04:51.506222,84.36905,84.59625,164.89791
2022-01-23 15:04:52.004597,83.9569,84.02925,239.82666
2022-01-23 15:04:52.510858,83.9569,84.28675,239.82666
2022-01-23 15:04:53.007286,84.11161,84.23475,194.74406
2022-01-23 15:04:53.501778,84.26632,85.0085,194.74406
2022-01-23 15:04:54.010270,84.00888,84.23475,124.0952
2022-01-23 15:04:54.506114,83.90492,84.02925,124.0952
2022-01-23 15:04:55.004026,84.05963,84.08,92.48281
2022-01-23 15:04:55.509872,84.21434,84.54425,92.48281
2022-01-23 15:04:56.008114,84.31831,85.0085,95.50635
2022-01-23 15:04:56.504793,83.49276,83.8225,95.50635
2022-01-23 15:04:57.002569,82.04837,84.64825,90.67604
2022-01-23 15:04:57.508737,81.17207,84.699,90.67604
2022-01-23 15:04:58.006990,83.28607,85.47275,57.3351
2022-01-23 15:04:58.502290,84.93716,83.92525,57.3351
2022-01-23 15:04:59.009522,83.49276,83.97725,-0.15645
2022-01-23 15:04:59.506599,83.39003,84.23475,-0.15645
2022-01-23 15:05:00.003293,83.44078,84.54425,0.0
2022-01-23 15:05:00.508003,84.31831,85.0085,0.0
2022-01-23 15:05:01.006085,84.26632,83.97725,-0.03864
2022-01-23 15:05:01.501481,84.05963,84.4415,-0.03864
2022-01-23 15:05:02.009200,83.69946,85.16325,-0.03864
2022-01-23 15:05:02.503264,83.49276,85.26725,-0.03864
2022-01-23 15:05:03.004995,83.54475,83.92525,0.0
2022-01-23 15:05:03.503380,84.67848,84.02925,0.0
2022-01-23 15:05:04.003693,84.26632,84.33875,0.0
2022-01-23 15:05:04.509479,83.69946,85.318,0.0
2022-01-23 15:05:05.008386,83.59549,84.4415,0.0
2022-01-23 15:05:05.504576,83.39003,84.23475,0.0
2022-01-23 15:05:06.003395,83.49276,84.3895,0.0
2022-01-23 15:05:06.508573,84.62773,85.1125,0.0
2022-01-23 15:05:07.007233,84.00888,84.4935,0.0
2022-01-23 15:05:07.504555,81.79092,82.0175,0.0
2022-01-23 15:05:08.002940,74.88085,74.5375,0.0
2022-01-23 15:05:08.509079,73.53918,72.16425,0.0
2022-01-23 15:05:09.006694,70.44493,71.23575,0.0
2022-01-23 15:05:09.502727,66.01025,69.224,0.0
2022-01-23 15:05:10.002539,64.82453,63.653,0.0
2022-01-23 15:05:10.508283,61.57557,60.2485,0.0
2022-01-23 15:05:11.006771,58.37735,59.0105,0.0
2022-01-23 15:05:11.501569,56.00592,55.50325,0.0
2022-01-23 15:05:12.001212,52.29282,51.78925,0.0
2022-01-23 15:05:12.509937,49.81742,50.139,0.0
2022-01-23 15:05:13.007891,47.0326,47.40425,0.0
2022-01-23 15:05:13.503281,43.78363,42.45225,0.0
2022-01-23 15:05:14.010720,40.27599,41.1115,-0.03864
2022-01-23 15:05:14.506382,38.88358,37.86175,-0.03864
2022-01-23 15:05:15.003844,35.06775,33.89025,0.0
2022-01-23 15:05:15.509025,31.14795,32.54825,0.0
2022-01-23 15:05:16.010233,29.60083,28.7835,0.0
2022-01-23 15:05:16.506893,25.73302,25.42975,0.0
2022-01-23 15:05:17.003530,22.79348,23.57275,0.0
2022-01-23 15:05:17.509220,20.52477,19.96275,0.0
2022-01-23 15:05:18.007223,16.50225,17.07325,0.0
2022-01-23 15:05:18.503010,14.28429,14.4945,0.0
2022-01-23 15:05:19.001804,10.98458,11.19275,0.0
2022-01-23 15:05:19.507967,8.19976,8.14975,0.0
2022-01-23 15:05:20.006965,5.15625,5.36425,0.0
2022-01-23 15:05:20.503074,2.21672,2.1665,0.0
2022-01-23 15:05:21.010849,-0.41215,-0.66975,0.0
2022-01-23 15:05:21.507256,-0.51488,0.0,0.0
2022-01-23 15:05:22.005826,-0.25744,0.0,0.0
2022-01-23 15:05:22.501246,0.0,0.0,0.0
2022-01-23 15:05:23.010790,0.0,0.0,0.0
2022-01-23 15:05:23.506514,0.0,0.0,0.0
2022-01-23 15:05:24.006672,0.0,0.0,-0.03864
2022-01-23 15:05:24.501564,0.0,0.0,-0.03864
2022-01-23 15:05:25.010623,0.0,0.0,0.0
2022-01-23 15:05:25.505787,0.0,0.0,0.0
2022-01-23 15:05:26.003276,0.0,0.0,-0.03864
2022-01-23 15:05:26.509880,0.0,0.0,-0.03864
2022-01-23 15:05:27.009678,0.0,0.0,0.0
2022-01-23 15:05:27.507152,0.0,0.0,0.0
2022-01-23 15:05:28.008588,0.0,0.0,0.0
2022-01-23 15:05:28.503160,0.0,0.0,0.0
2022-01-23 15:05:29.002080,0.0,0.0,0.0
2022-01-23 15:05:29.509750,0.0,0.0,0.0
2022-01-23 15:05:30.007097,0.0,0.0,0.0
2022-01-23 15:05:30.502895,0.0,0.0,0.0
2022-01-23 15:05:31.505641,0.0,0.0,0.0
2022-01-23 15:05:32.005054,0.0,0.0,0.0
2022-01-23 15:05:32.501114,0.0,0.0,0.0
2022-01-23 15:05:33.008938,0.0,0.0,0.0
2022-01-23 15:05:33.503774,0.0,0.0,0.0
2022-01-23 15:05:34.002274,0.0,0.0,0.0
2022-01-23 15:05:34.509188,0.0,0.0,0.0
2022-01-23 15:05:35.008533,0.0,0.0,0.0
2022-01-23 15:05:35.504859,0.0,0.0,0.0
2022-01-23 15:05:36.003274,0.0,0.0,0.0
2022-01-23 15:05:36.508999,0.0,0.0,0.0
2022-01-23 15:05:37.008502,0.0,0.0,0.0
2022-01-23 15:05:37.503520,0.0,0.0,0.0
2022-01-23 15:05:38.001266,0.0,0.0,0.0
2022-01-23 15:05:38.510379,0.0,0.0,0.0
2022-01-23 15:05:39.008855,0.0,0.0,0.0
2022-01-23 15:05:39.507432,0.0,0.0,0.0
2022-01-23 15:05:40.006466,0.0,0.0,0.0
2022-01-23 15:05:40.501856,0.0,0.0,0.0
2022-01-23 15:05:41.010020,0.0,0.0,0.0
2022-01-23 15:05:41.506452,0.0,0.0,0.0
2022-01-23 15:05:42.004862,0.0,0.0,0.0
2022-01-23 15:05:42.505041,0.0,0.0,0.0
2022-01-23 15:05:43.004216,0.0,0.0,0.0
2022-01-23 15:05:43.508506,0.0,0.0,0.0
2022-01-23 15:05:44.005258,0.0,0.0,0.0
2022-01-23 15:05:44.504720,0.0,0.0,0.0
2022-01-23 15:05:45.009784,0.0,0.0,0.0
2022-01-23 15:05:45.504332,0.0,0.0,0.0
2022-01-23 15:05:46.008002,0.0,0.0,0.0
2022-01-23 15:05:46.506885,0.0,0.0,0.0
2022-01-23 15:05:47.002638,0.0,0.0,0.0
2022-01-23 15:05:47.508525,0.0,0.0,0.0
2022-01-23 15:05:48.007266,0.0,0.0,0.0
2022-01-23 15:05:48.502908,0.0,0.0,0.0
2022-01-23 15:05:49.002283,0.0,0.0,0.0
2022-01-23 15:05:49.507933,0.0,0.0,0.0
2022-01-23 15:05:50.007222,0.0,0.0,0.0
2022-01-23 15:05:50.503214,0.0,0.0,0.0
2022-01-23 15:05:51.002955,0.0,0.0,0.0
2022-01-23 15:05:51.508098,0.0,0.0,0.0
2022-01-23 15:05:52.005466,0.0,0.0,0.0
2022-01-23 15:05:53.004328,0.0,0.0,0.0
2022-01-23 15:05:53.509914,0.0,0.0,0.0
2022-01-23 15:05:54.008420,0.0,0.0,0.0
2022-01-23 15:05:54.503502,0.0,0.0,0.0
2022-01-23 15:05:55.504715,0.0,0.0,0.0
2022-01-23 15:05:56.003225,0.0,0.0,0.0
2022-01-23 15:05:56.509284,0.0,0.0,0.0
2022-01-23 15:05:57.007984,0.0,0.0,0.0
2022-01-23 15:05:57.503070,0.0,0.0,0.0
2022-01-23 15:05:58.001235,0.0,0.0,0.0
2022-01-23 15:05:58.508170,0.0,0.0,0.0
2022-01-23 15:05:59.007040,0.0,0.0,0.0
2022-01-23 15:05:59.503219,0.0,0.0,0.0
2022-01-23 15:06:00.002131,0.0,0.0,0.0
2022-01-23 15:06:00.508696,0.0,0.0,0.0
2022-01-23 15:06:01.006803,0.0,0.0,0.0
2022-01-23 15:06:01.511124,0.0,0.0,0.0
2022-01-23 15:06:02.008355,0.0,0.0,0.0
2022-01-23 15:06:02.504526,0.0,0.0,0.0
2022-01-23 15:06:03.002237,0.0,0.0,0.0
2022-01-23 15:06:03.509464,0.0,0.0,0.0
2022-01-23 15:06:04.007645,0.0,0.0,0.0
2022-01-23 15:06:04.503101,0.0,0.0,0.0
2022-01-23 15:06:05.001690,0.0,0.0,0.0
2022-01-23 15:06:05.507838,0.0,0.0,0.0
2022-01-23 15:06:06.006235,0.0,0.0,0.0
2022-01-23 15:06:06.501394,0.0,0.0,0.0
2022-01-23 15:06:07.010625,0.0,0.0,0.0
2022-01-23 15:06:07.508433,0.0,0.0,0.0
2022-01-23 15:06:08.006628,0.0,0.0,0.0
2022-01-23 15:06:08.502013,0.0,0.0,0.0
2022-01-23 15:06:09.010005,0.0,0.0,0.0
2022-01-23 15:06:09.505253,0.0,0.0,0.0
2022-01-23 15:06:10.003267,0.0,0.0,0.0
2022-01-23 15:06:10.508205,0.0,0.0,0.0
2022-01-23 15:06:11.002063,0.0,0.0,0.0
2022-01-23 15:06:11.509310,0.0,0.0,0.0
2022-01-23 15:06:12.008617,0.0,0.0,0.0
2022-01-23 15:06:12.502865,0.0,0.0,0.0
2022-01-23 15:06:13.002022,0.0,0.0,0.0
2022-01-23 15:06:13.506583,0.0,0.0,0.0
2022-01-23 15:06:14.004938,-0.20545,0.0,0.0
2022-01-23 15:06:14.509567,0.0,0.0,0.0
2022-01-23 15:06:15.007102,0.0,0.0,0.0
2022-01-23 15:06:15.503231,0.0,0.0,0.0
2022-01-23 15:06:16.001889,0.0,0.0,0.0
2022-01-23 15:06:16.509225,0.0,0.0,0.0
2022-01-23 15:06:17.007436,0.0,0.0,0.0
2022-01-23 15:06:17.502178,0.0,0.0,0.0
2022-01-23 15:06:18.009700,0.0,0.0,0.0
2022-01-23 15:06:18.505171,0.0,0.0,0.0
2022-01-23 15:06:19.004527,0.0,0.0,0.0
2022-01-23 15:06:19.510626,0.0,0.0,0.0
2022-01-23 15:06:20.009626,0.0,0.0,0.0
2022-01-23 15:06:20.506488,0.0,0.0,0.0
2022-01-23 15:06:21.003948,0.0,0.0,0.0
2022-01-23 15:06:21.509894,0.0,0.0,0.0
2022-01-23 15:06:22.007948,0.0,0.0,0.0
2022-01-23 15:06:22.503917,-0.05074,0.0,0.0
2022-01-23 15:06:23.008377,0.05074,0.0,0.0
2022-01-23 15:06:23.504194,0.0,0.0,0.0
2022-01-23 15:06:24.003858,-0.05074,0.0,0.0
2022-01-23 15:06:24.509910,0.0,0.0,0.0
2022-01-23 15:06:25.009506,0.0,0.0,0.0
2022-01-23 15:06:25.504462,0.0,0.0,0.0
2022-01-23 15:06:26.002651,0.0,0.0,0.0
2022-01-23 15:06:26.509106,0.0,0.0,0.0
2022-01-23 15:06:27.007649,0.0,0.0,0.0
2022-01-23 15:06:27.503952,0.0,0.0,0.0
2022-01-23 15:06:28.003619,0.0,0.0,0.0
2022-01-23 15:06:28.509068,0.0,0.0,0.0
2022-01-23 15:06:29.007801,0.0,0.0,0.0
2022-01-23 15:06:29.504990,-0.05074,0.0,0.0
2022-01-23 15:06:30.003912,0.0,0.0,0.0
2022-01-23 15:06:30.510521,-0.05074,0.0,0.0
2022-01-23 15:06:31.009389,0.05074,0.0,0.0
2022-01-23 15:06:31.506239,0.0,0.0,0.0
2022-01-23 15:06:32.004519,-0.05074,0.0,0.0
2022-01-23 15:06:32.510206,0.05074,0.0,0.0
2022-01-23 15:06:33.008068,0.05074,0.0,0.0
2022-01-23 15:06:33.502773,0.0,0.0,0.0
2022-01-23 15:06:34.001328,0.0,0.0,0.0
2022-01-23 15:06:34.507058,0.0,0.0,0.0
2022-01-23 15:06:35.005784,0.0,0.0,0.0
2022-01-23 15:06:35.501101,0.05074,0.0,0.0
2022-01-23 15:06:36.009860,-0.05074,0.0,0.0
2022-01-23 15:06:36.506546,0.0,0.0,0.0
2022-01-23 15:06:37.004190,0.05074,0.0,0.0
2022-01-23 15:06:37.510709,0.0,0.0,0.0
2022-01-23 15:06:38.008535,0.0,0.0,0.0
2022-01-23 15:06:38.504939,-0.05074,0.0,0.0
2022-01-23 15:06:39.004200,0.0,0.0,0.0
2022-01-23 15:06:39.510172,0.0,0.0,0.0
2022-01-23 15:06:40.008440,0.0,0.0,0.0
2022-01-23 15:06:40.504286,0.0,0.0,0.0
2022-01-23 15:06:41.002137,0.0,0.0,0.0
2022-01-23 15:06:41.508751,0.0,0.0,0.0
2022-01-23 15:06:42.006369,0.0,0.0,0.0
2022-01-23 15:06:42.511102,0.05074,0.0,0.0
2022-01-23 15:06:43.009159,0.0,0.0,0.0
2022-01-23 15:06:43.506234,0.0,0.0,0.0
2022-01-23 15:06:44.003482,0.0,0.0,0.0
2022-01-23 15:06:44.507880,0.0,0.0,0.0
2022-01-23 15:06:45.006137,0.0,0.0,0.0
2022-01-23 15:06:45.502765,0.0,0.0,0.0
2022-01-23 15:06:46.010495,0.0,0.0,0.0
2022-01-23 15:06:46.506423,0.0,0.0,0.0
2022-01-23 15:06:47.005193,0.0,0.0,0.0
2022-01-23 15:06:47.501887,0.0,0.0,0.0
2022-01-23 15:06:48.010957,0.0,0.0,0.0
2022-01-23 15:06:48.506984,0.0,0.0,0.0
2022-01-23 15:06:49.005141,0.0,0.0,0.0
2022-01-23 15:06:49.511218,0.0,0.0,0.0
2022-01-23 15:06:50.011151,0.0,0.0,0.0
2022-01-23 15:06:50.507374,0.0,0.0,0.0
2022-01-23 15:06:51.005257,0.0,0.0,0.0
2022-01-23 15:06:51.510244,0.0,0.0,0.0
2022-01-23 15:06:52.009037,0.0,0.0,0.0
2022-01-23 15:06:52.505770,0.0,0.0,0.0
2022-01-23 15:06:53.003226,0.0,0.0,0.0
2022-01-23 15:06:53.508978,0.0,0.0,0.0
2022-01-23 15:06:54.007359,0.0,0.0,0.0
2022-01-23 15:06:54.501817,0.0,0.0,0.0
2022-01-23 15:06:55.010055,0.0,0.0,0.0
2022-01-23 15:06:55.505340,0.0,0.0,0.0
2022-01-23 15:06:56.003248,0.0,0.0,0.0
2022-01-23 15:06:56.507687,0.0,0.0,0.0
2022-01-23 15:06:57.006139,0.0,0.0,0.0
2022-01-23 15:06:57.501533,0.0,0.0,0.0
2022-01-23 15:06:58.001904,0.0,0.0,0.0
2022-01-23 15:06:58.506517,0.0,0.0,0.0
2022-01-23 15:06:59.005162,0.0,0.0,0.0
2022-01-23 15:06:59.510861,0.0,0.0,0.0
2022-01-23 15:07:00.009809,0.0,0.0,0.0
2022-01-23 15:07:00.502938,0.0,0.0,0.0
2022-01-23 15:07:01.011168,0.0,0.0,0.0
2022-01-23 15:07:01.508453,0.0,0.0,0.0
2022-01-23 15:07:02.007403,0.0,0.0,0.0
2022-01-23 15:07:02.503174,0.0,0.0,0.0
2022-01-23 15:07:03.001935,0.0,0.0,0.0
2022-01-23 15:07:03.507385,0.0,0.0,0.0
2022-01-23 15:07:04.007410,0.0,0.0,0.0
2022-01-23 15:07:04.502834,0.0,0.0,0.0
2022-01-23 15:07:05.001619,0.0,0.0,0.0
2022-01-23 15:07:05.507849,0.0,0.0,0.0
2022-01-23 15:07:06.006847,0.0,0.0,0.0
2022-01-23 15:07:06.503227,0.0,0.0,0.0
2022-01-23 15:07:07.001474,0.0,0.0,0.0
2022-01-23 15:07:07.506804,0.0,0.0,0.0
2022-01-23 15:07:08.007545,0.0,0.0,0.0
2022-01-23 15:07:08.501681,0.0,0.0,0.0
2022-01-23 15:07:09.010828,0.0,0.0,0.0
2022-01-23 15:07:09.506707,0.0,0.0,0.0
2022-01-23 15:07:10.004582,0.0,0.0,0.0
2022-01-23 15:07:10.509605,0.0,0.0,0.0
2022-01-23 15:07:11.008601,0.0,0.0,0.0
2022-01-23 15:07:11.507783,0.0,0.0,0.0
2022-01-23 15:07:12.006992,0.0,0.0,0.0
2022-01-23 15:07:12.502053,0.0,0.0,0.0
2022-01-23 15:07:13.009327,0.0,0.0,0.0
2022-01-23 15:07:13.505069,0.0,0.0,0.0
2022-01-23 15:07:14.001849,0.0,0.0,0.0
2022-01-23 15:07:14.508138,0.0,0.0,0.0
2022-01-23 15:07:15.007142,0.0,0.0,0.0
2022-01-23 15:07:15.503146,0.0,0.0,0.0
2022-01-23 15:07:16.009991,0.0,0.0,0.0
2022-01-23 15:07:16.504060,0.0,0.0,0.0
2022-01-23 15:07:17.002712,0.0,0.0,0.0
2022-01-23 15:07:17.509510,0.0,0.0,0.0
2022-01-23 15:07:18.007550,0.0,0.0,0.0
2022-01-23 15:07:18.502665,0.0,0.0,0.0
2022-01-23 15:07:19.010169,0.0,0.0,0.0
2022-01-23 15:07:19.508041,0.0,0.0,0.0
2022-01-23 15:07:20.006447,0.0,0.0,0.0
2022-01-23 15:07:20.502463,0.0,0.0,0.0
2022-01-23 15:07:21.009956,0.0,0.0,0.0
2022-01-23 15:07:21.506382,0.0,0.0,0.0
2022-01-23 15:07:22.004126,0.0,0.0,0.0
2022-01-23 15:07:22.508519,0.0,0.0,0.0
2022-01-23 15:07:23.006475,0.0,0.0,0.0
2022-01-23 15:07:23.501645,0.0,0.0,0.0
2022-01-23 15:07:24.010518,0.0,0.0,0.0
2022-01-23 15:07:24.506960,0.0,0.0,0.0
2022-01-23 15:07:25.006391,0.0,0.0,0.0
2022-01-23 15:07:25.510333,0.0,0.0,0.0
2022-01-23 15:07:26.009289,0.0,0.0,0.0
2022-01-23 15:07:26.504295,0.0,0.0,0.0
2022-01-23 15:07:27.002526,0.0,0.0,0.0
2022-01-23 15:07:27.509087,0.0,0.0,0.0
2022-01-23 15:07:28.007534,0.0,0.0,0.0
2022-01-23 15:07:28.504110,0.0,0.0,0.0
2022-01-23 15:07:29.002815,0.0,0.0,0.0
2022-01-23 15:07:29.508383,0.0,0.0,0.0
2022-01-23 15:07:30.005854,0.0,0.0,0.0
2022-01-23 15:07:30.503562,0.0,0.0,0.0
2022-01-23 15:07:31.001192,0.0,0.0,0.0
2022-01-23 15:07:31.508271,0.0,0.0,0.0
2022-01-23 15:07:32.006387,0.0,0.0,0.0
2022-01-23 15:07:32.501229,0.0,0.0,0.0
2022-01-23 15:07:33.008883,0.0,0.0,0.0
2022-01-23 15:07:33.506216,0.0,0.0,0.0
2022-01-23 15:07:34.003818,0.0,0.0,0.0
2022-01-23 15:07:34.509003,0.0,0.0,0.0
2022-01-23 15:07:35.007192,0.0,0.0,0.0
2022-01-23 15:07:35.502974,0.0,0.0,0.0
2022-01-23 15:07:36.001660,0.0,0.0,0.0
2022-01-23 15:07:36.508673,0.0,0.0,0.0
2022-01-23 15:07:37.007726,0.0,0.0,0.0
2022-01-23 15:07:37.505733,0.0,0.0,0.0
2022-01-23 15:07:38.005411,0.0,0.0,0.0
2022-01-23 15:07:38.501121,0.0,0.0,0.0
2022-01-23 15:07:39.009082,0.0,0.0,0.0
2022-01-23 15:07:39.503505,0.0,0.0,0.0
2022-01-23 15:07:40.005044,0.0,0.0,0.0
2022-01-23 15:07:40.508979,0.0,0.0,0.0
2022-01-23 15:07:41.008609,0.0,0.0,0.0
2022-01-23 15:07:41.504347,0.0,0.0,0.0
2022-01-23 15:07:42.002804,0.0,0.0,0.0
2022-01-23 15:07:42.501694,0.0,0.0,0.0
2022-01-23 15:07:43.010310,0.0,0.0,0.0
2022-01-23 15:07:43.504364,0.0,0.0,0.0
2022-01-23 15:07:44.004485,0.0,0.0,0.0
2022-01-23 15:07:44.510293,0.0,0.0,0.0
2022-01-23 15:07:45.008065,0.0,0.0,0.0
2022-01-23 15:07:45.503932,0.0,0.0,0.0
2022-01-23 15:07:46.002111,0.0,0.0,0.0
2022-01-23 15:07:46.508025,0.0,0.0,0.0
2022-01-23 15:07:47.008452,0.0,0.0,0.0
2022-01-23 15:07:47.502275,0.0,0.0,0.0
2022-01-23 15:07:48.002620,0.0,0.0,0.0
2022-01-23 15:07:48.509702,0.0,0.0,0.0
2022-01-23 15:07:49.007542,0.0,0.0,0.0
2022-01-23 15:07:49.502153,0.0,0.0,0.0
2022-01-23 15:07:50.001707,0.0,0.0,0.0
2022-01-23 15:07:50.507906,0.0,0.0,0.0
2022-01-23 15:07:51.006379,0.0,0.0,0.0
2022-01-23 15:07:51.504201,0.0,0.0,0.0
2022-01-23 15:07:52.002691,0.0,0.0,0.0
2022-01-23 15:07:52.507329,0.0,0.0,0.0
2022-01-23 15:07:53.005461,0.0,0.0,0.0
2022-01-23 15:07:53.510373,0.0,0.0,0.0
2022-01-23 15:07:54.008065,0.0,0.0,0.0
2022-01-23 15:07:54.502425,0.0,0.0,0.0
2022-01-23 15:07:55.010257,0.0,0.0,0.0
2022-01-23 15:07:55.506094,0.0,0.0,0.0
2022-01-23 15:07:56.004531,0.0,0.0,0.0
2022-01-23 15:07:56.510338,0.0,0.0,0.0
2022-01-23 15:07:57.007920,0.0,0.0,-0.03864
2022-01-23 15:07:57.504224,0.0,0.0,-0.03864
2022-01-23 15:07:58.001537,0.0,0.0,0.0
2022-01-23 15:07:58.507199,0.0,0.0,0.0
2022-01-23 15:07:59.005396,0.0,0.0,0.0
2022-01-23 15:07:59.510404,0.0,0.0,0.0
2022-01-23 15:08:00.008170,0.0,0.0,0.0
2022-01-23 15:08:00.510310,0.0,0.0,0.0
2022-01-23 15:08:01.007954,0.0,0.0,0.0
2022-01-23 15:08:01.503508,0.0,0.0,0.0
2022-01-23 15:08:02.003486,0.0,0.0,0.0
2022-01-23 15:08:02.509421,0.0,0.0,0.0
2022-01-23 15:08:03.007931,0.0,0.0,0.0
2022-01-23 15:08:03.504315,0.0,0.0,0.0
2022-01-23 15:08:04.005853,0.0,0.0,0.0
2022-01-23 15:08:04.510720,0.0,0.0,0.0
2022-01-23 15:08:05.009124,0.0,0.0,0.0
2022-01-23 15:08:05.505256,0.0,0.0,0.0
2022-01-23 15:08:06.003908,0.0,0.0,0.0
2022-01-23 15:08:06.509215,0.0,0.0,0.0
2022-01-23 15:08:07.006826,0.0,0.0,0.0
2022-01-23 15:08:07.501674,0.0,0.0,0.0
2022-01-23 15:08:08.010607,0.0,0.0,0.0
2022-01-23 15:08:08.507927,0.0,0.0,0.0
2022-01-23 15:08:09.007297,0.0,0.0,0.0
2022-01-23 15:08:09.501752,0.0,0.0,0.0
2022-01-23 15:08:10.010671,0.0,0.0,0.0
2022-01-23 15:08:10.505939,0.0,0.0,0.0
2022-01-23 15:08:11.001974,0.0,0.0,0.0
2022-01-23 15:08:11.501024,0.0,0.0,0.0
2022-01-23 15:08:12.003672,0.0,0.0,0.0
2022-01-23 15:08:12.501650,0.0,0.0,0.0
2022-01-23 15:08:13.006805,0.0,0.0,0.0
2022-01-23 15:08:13.504319,0.0,0.0,0.0
2022-01-23 15:08:14.001734,0.0,0.0,0.0
2022-01-23 15:08:14.510608,0.0,0.0,0.0
2022-01-23 15:08:15.004716,0.0,0.0,0.0
2022-01-23 15:08:15.510651,0.0,0.0,0.0
2022-01-23 15:08:16.004463,0.0,0.0,0.0
2022-01-23 15:08:16.508034,0.0,0.0,0.0
2022-01-23 15:08:17.006236,0.0,0.0,0.0
2022-01-23 15:08:17.504436,0.0,0.0,0.0
2022-01-23 15:08:18.003506,0.0,0.0,0.0
2022-01-23 15:08:18.508964,0.0,0.0,0.0
2022-01-23 15:08:19.006274,0.0,0.0,0.0
2022-01-23 15:08:19.501214,0.0,0.0,0.0
2022-01-23 15:08:20.008677,0.0,0.0,0.0
2022-01-23 15:08:20.503489,0.0,0.0,0.0
2022-01-23 15:08:21.002379,0.0,0.0,0.0
2022-01-23 15:08:21.503627,0.0,0.0,0.0
2022-01-23 15:08:22.004237,0.0,0.0,0.0
2022-01-23 15:08:22.510696,0.0,0.0,0.0
2022-01-23 15:08:23.009062,0.0,0.0,0.0
2022-01-23 15:08:23.504393,0.0,0.0,0.0
2022-01-23 15:08:24.002697,0.0,0.0,0.0
2022-01-23 15:08:24.509453,0.0,0.0,0.0
2022-01-23 15:08:25.007112,0.0,0.0,0.0
2022-01-23 15:08:25.502470,0.0,0.0,0.0
2022-01-23 15:08:26.001047,0.0,0.0,0.0
2022-01-23 15:08:26.506793,0.0,0.0,0.0
2022-01-23 15:08:27.006661,0.0,0.0,0.0
2022-01-23 15:08:27.503944,0.0,0.0,0.0
2022-01-23 15:08:28.002959,0.0,0.0,0.0
2022-01-23 15:08:28.507692,0.0,0.0,0.0
2022-01-23 15:08:29.007963,0.0,0.0,0.0
2022-01-23 15:08:29.503558,0.0,0.0,0.0
2022-01-23 15:08:30.010529,0.0,0.0,0.0
2022-01-23 15:08:30.504670,0.0,0.0,0.0
2022-01-23 15:08:31.002731,0.0,0.0,0.0
2022-01-23 15:08:31.510213,0.0,0.0,0.0
2022-01-23 15:08:32.010680,0.0,0.0,0.0
2022-01-23 15:08:32.504410,0.0,0.0,0.0
2022-01-23 15:08:33.002736,0.0,0.0,0.0
2022-01-23 15:08:33.507984,0.0,0.0,0.0
2022-01-23 15:08:34.007480,0.0,0.0,0.0
2022-01-23 15:08:34.502319,0.0,0.0,0.0
2022-01-23 15:08:35.010790,0.0,0.0,0.0
2022-01-23 15:08:35.505828,0.0,0.0,0.0
2022-01-23 15:08:36.005096,0.0,0.0,0.0
2022-01-23 15:08:36.503798,0.0,0.0,0.0
2022-01-23 15:08:37.002005,0.0,0.0,0.0
2022-01-23 15:08:37.508506,0.0,0.0,0.0
2022-01-23 15:08:38.007828,0.0,0.0,0.0
2022-01-23 15:08:38.503185,0.0,0.0,0.0
2022-01-23 15:08:39.002141,0.0,0.0,0.0
2022-01-23 15:08:39.506723,0.0,0.0,0.0
2022-01-23 15:08:40.004018,0.0,0.0,0.0
2022-01-23 15:08:40.510061,0.0,0.0,0.0
2022-01-23 15:08:41.009250,0.0,0.0,0.0
2022-01-23 15:08:41.505114,0.0,0.0,0.0
2022-01-23 15:08:42.002313,0.0,0.0,0.0
2022-01-23 15:08:42.507523,0.0,0.0,0.0
2022-01-23 15:08:43.006407,0.0,0.0,0.0
2022-01-23 15:08:43.510970,0.0,0.0,0.0
2022-01-23 15:08:44.010075,0.0,0.0,0.0
2022-01-23 15:08:44.506269,0.0,0.0,0.0
2022-01-23 15:08:45.004597,0.0,0.0,0.0
2022-01-23 15:08:45.501472,0.0,0.0,0.0
2022-01-23 15:08:46.010242,0.0,0.0,0.0
2022-01-23 15:08:46.505016,0.0,0.0,0.0
2022-01-23 15:08:47.004013,0.0,0.0,0.0
2022-01-23 15:08:47.509134,0.0,0.0,0.0
2022-01-23 15:08:48.007326,0.0,0.0,0.0
2022-01-23 15:08:48.502710,0.0,0.0,0.0
2022-01-23 15:08:49.010045,0.0,0.0,0.0
2022-01-23 15:08:49.505523,0.0,0.0,0.0
2022-01-23 15:08:50.004736,0.0,0.0,0.0
2022-01-23 15:08:50.509349,0.0,0.0,0.0
2022-01-23 15:08:51.007688,0.0,0.0,0.0
2022-01-23 15:08:51.501250,0.0,0.0,0.0
2022-01-23 15:08:52.009652,0.0,0.0,0.0
2022-01-23 15:08:52.506466,0.0,0.0,0.0
2022-01-23 15:08:53.004568,0.0,0.0,0.0
2022-01-23 15:08:53.510592,0.0,0.0,0.0
2022-01-23 15:08:54.009800,0.0,0.0,0.0
2022-01-23 15:08:54.506718,0.0,0.0,0.0
2022-01-23 15:08:55.005375,0.0,0.0,0.0
2022-01-23 15:08:55.501170,0.0,0.0,0.0
2022-01-23 15:08:56.010313,0.0,0.0,0.0
2022-01-23 15:08:56.506307,0.0,0.0,0.0
2022-01-23 15:08:57.003988,0.0,0.0,0.0
2022-01-23 15:08:57.509883,0.0,0.0,0.0
2022-01-23 15:08:58.009114,0.0,0.0,0.0
2022-01-23 15:08:58.507370,0.0,0.0,0.0
2022-01-23 15:08:59.005879,0.0,0.0,0.0
2022-01-23 15:08:59.501781,0.0,0.0,0.0
2022-01-23 15:09:00.010146,0.0,0.0,0.0
2022-01-23 15:09:00.505085,0.0,0.0,0.0
2022-01-23 15:09:01.005819,0.0,0.0,0.0
2022-01-23 15:09:01.501356,0.0,0.0,0.0
2022-01-23 15:09:02.001793,0.0,0.0,0.0
2022-01-23 15:09:02.510843,0.0,0.0,0.0
2022-01-23 15:09:03.010315,0.0,0.0,0.0
2022-01-23 15:09:03.507527,0.0,0.0,0.0
2022-01-23 15:09:04.006668,0.0,0.0,0.0
2022-01-23 15:09:04.502742,0.0,0.0,0.0
2022-01-23 15:09:05.004234,0.0,0.0,0.0
2022-01-23 15:09:05.510435,0.0,0.0,0.0
2022-01-23 15:09:06.010273,0.0,0.0,0.0
2022-01-23 15:09:06.505162,0.0,0.0,0.0
2022-01-23 15:09:07.003966,0.0,0.0,0.0
2022-01-23 15:09:07.510631,0.0,0.0,0.0
2022-01-23 15:09:08.010263,0.0,0.0,0.0
2022-01-23 15:09:08.506926,0.0,0.0,0.0
2022-01-23 15:09:09.005746,0.0,0.0,0.0
2022-01-23 15:09:09.501219,0.0,0.0,0.0
2022-01-23 15:09:10.009566,0.0,0.0,0.0
2022-01-23 15:09:10.506230,0.0,0.0,0.0
2022-01-23 15:09:11.009854,0.0,0.0,0.0
2022-01-23 15:09:11.507540,0.0,0.0,0.0
2022-01-23 15:09:12.007332,0.0,0.0,0.0
2022-01-23 15:09:12.503084,0.0,0.0,0.0
2022-01-23 15:09:13.001076,0.0,0.0,0.0
2022-01-23 15:09:13.505895,0.0,0.0,0.0
2022-01-23 15:09:14.004282,0.0,0.0,0.0
2022-01-23 15:09:14.509827,0.0,0.0,0.0
2022-01-23 15:09:15.007939,0.0,0.0,0.0
2022-01-23 15:09:15.503535,0.0,0.0,0.0
2022-01-23 15:09:16.003627,0.0,0.0,0.0
2022-01-23 15:09:16.508312,0.0,0.0,0.0
2022-01-23 15:09:17.006178,0.0,0.0,0.0
2022-01-23 15:09:17.503276,0.0,0.0,0.0
2022-01-23 15:09:18.001506,0.0,0.0,0.0
2022-01-23 15:09:18.507195,0.0,0.0,0.0
2022-01-23 15:09:19.005508,0.0,0.0,0.0
2022-01-23 15:09:19.510779,0.0,0.0,0.0
2022-01-23 15:09:20.009476,0.0,0.0,0.0
2022-01-23 15:09:20.506633,0.0,0.0,0.0
2022-01-23 15:09:21.002826,0.0,0.0,0.0
2022-01-23 15:09:21.508083,0.0,0.0,0.0
2022-01-23 15:09:22.005557,0.0,0.0,0.0
2022-01-23 15:09:22.502717,0.0,0.0,0.0
2022-01-23 15:09:23.001328,0.0,0.0,0.0
2022-01-23 15:09:23.506169,0.0,0.0,0.0
2022-01-23 15:09:24.004241,0.0,0.0,0.0
2022-01-23 15:09:24.501136,0.0,0.0,0.0
2022-01-23 15:09:25.009111,0.0,0.0,0.0
2022-01-23 15:09:25.504506,0.0,0.0,0.0
2022-01-23 15:09:26.003937,0.0,0.0,0.0
2022-01-23 15:09:26.509370,0.0,0.0,0.0
2022-01-23 15:09:27.008274,0.0,0.0,0.0
2022-01-23 15:09:27.503460,0.0,0.0,0.0
2022-01-23 15:09:28.011101,0.0,0.0,0.0
2022-01-23 15:09:28.506234,0.0,0.0,0.0
2022-01-23 15:09:29.005464,0.0,0.0,0.0
2022-01-23 15:09:29.501165,0.0,0.0,0.0
2022-01-23 15:09:30.009262,0.0,0.0,0.0
2022-01-23 15:09:30.504897,0.0,0.0,0.0
2022-01-23 15:09:31.002301,0.0,0.0,0.0
2022-01-23 15:09:31.508395,0.0,0.0,0.0
2022-01-23 15:09:32.006494,0.0,0.0,0.0
2022-01-23 15:09:32.502168,0.0,0.0,0.0
2022-01-23 15:09:33.010519,0.0,0.0,0.0
2022-01-23 15:09:33.508627,0.0,0.0,0.0
2022-01-23 15:09:34.006985,0.0,0.0,0.0
2022-01-23 15:09:34.502339,0.0,0.0,0.0
2022-01-23 15:09:35.010560,0.0,0.0,0.0
2022-01-23 15:09:35.505873,0.0,0.0,0.0
2022-01-23 15:09:36.005056,0.0,0.0,0.0
2022-01-23 15:09:36.509633,0.0,0.0,0.0
2022-01-23 15:09:37.007891,0.0,0.0,0.0
2022-01-23 15:09:37.503501,0.0,0.0,0.0
2022-01-23 15:09:38.004473,0.0,0.0,0.0
2022-01-23 15:09:38.510301,0.0,0.0,0.0
2022-01-23 15:09:39.008675,0.0,0.0,0.0
2022-01-23 15:09:39.504339,0.0,0.0,0.0
2022-01-23 15:09:40.002438,0.0,0.0,0.0
2022-01-23 15:09:40.507958,0.0,0.0,0.0
2022-01-23 15:09:41.006752,0.0,0.0,0.0
2022-01-23 15:09:41.502396,0.0,0.0,0.0
2022-01-23 15:09:42.011170,0.0,0.0,0.0
2022-01-23 15:09:42.509509,0.0,0.0,0.0
2022-01-23 15:09:43.007539,0.0,0.0,0.0
2022-01-23 15:09:43.503047,0.0,0.0,0.0
2022-01-23 15:09:44.001813,0.0,0.0,0.0
2022-01-23 15:09:44.506978,0.0,0.0,0.0
2022-01-23 15:09:45.005323,0.0,0.0,0.0
2022-01-23 15:09:45.501468,0.0,0.0,0.0
2022-01-23 15:09:46.010467,0.0,0.0,0.0
2022-01-23 15:09:46.502711,0.0,0.0,0.0
2022-01-23 15:09:47.002364,0.0,0.0,0.0
2022-01-23 15:09:47.507103,0.0,0.0,0.0
2022-01-23 15:09:48.006335,0.0,0.0,0.0
2022-01-23 15:09:48.504098,0.0,0.0,0.0
2022-01-23 15:09:49.001855,0.0,0.0,0.0
2022-01-23 15:09:49.508945,0.0,0.0,0.0
2022-01-23 15:09:50.007216,0.0,0.0,0.0
2022-01-23 15:09:50.502814,0.0,0.0,0.0
2022-01-23 15:09:51.001781,0.0,0.0,0.0
2022-01-23 15:09:51.508276,0.0,0.0,0.0
2022-01-23 15:09:52.006649,0.0,0.0,0.0
2022-01-23 15:09:52.501824,0.0,0.0,0.0
2022-01-23 15:09:53.010622,0.0,0.0,0.0
2022-01-23 15:09:53.507230,0.0,0.0,0.0
2022-01-23 15:09:54.004996,0.0,0.0,0.0
2022-01-23 15:09:54.508888,0.0,0.0,0.0
2022-01-23 15:09:55.008214,0.0,0.0,0.0
2022-01-23 15:09:55.506271,0.0,0.0,0.0
2022-01-23 15:09:56.007531,0.0,0.0,0.0
2022-01-23 15:09:56.503347,0.0,0.0,0.0
2022-01-23 15:09:57.010634,0.0,0.0,0.0
2022-01-23 15:09:57.504807,0.0,0.0,0.0
2022-01-23 15:09:58.001166,0.0,0.0,0.0
2022-01-23 15:09:58.506883,0.0,0.0,0.0
2022-01-23 15:09:59.004980,0.0,0.0,0.0
2022-01-23 15:09:59.510898,0.0,0.0,0.0
2022-01-23 15:10:00.010747,0.0,0.0,0.0
2022-01-23 15:10:00.507130,0.0,0.0,0.0
2022-01-23 15:10:01.006057,0.0,0.0,0.0
2022-01-23 15:10:02.004279,0.0,0.0,0.0
2022-01-23 15:10:02.510202,0.0,0.0,0.0
2022-01-23 15:10:03.008929,0.0,0.0,0.0
2022-01-23 15:10:03.504994,0.0,0.0,0.0
2022-01-23 15:10:04.003536,0.0,0.0,0.0
2022-01-23 15:10:04.510302,0.0,0.0,0.0
2022-01-23 15:10:05.008162,0.0,0.0,0.0
2022-01-23 15:10:05.504533,0.0,0.0,0.0
2022-01-23 15:10:06.002055,0.0,0.0,0.0
2022-01-23 15:10:06.507458,0.0,0.0,0.0
2022-01-23 15:10:07.005165,0.0,0.0,0.0
2022-01-23 15:10:07.511114,0.0,0.0,0.0
2022-01-23 15:10:08.007845,0.0,0.0,0.0
2022-01-23 15:10:08.504947,0.0,0.0,0.0
2022-01-23 15:10:09.006138,0.0,0.0,0.0
2022-01-23 15:10:09.501372,0.0,0.0,0.0
2022-01-23 15:10:10.009494,0.0,0.0,0.0
2022-01-23 15:10:10.505125,0.0,0.0,0.0
2022-01-23 15:10:11.010325,0.0,0.0,0.0
2022-01-23 15:10:11.506833,0.0,0.0,0.0
2022-01-23 15:10:12.005422,0.0,0.0,0.0
2022-01-23 15:10:12.501655,0.0,0.0,0.0
2022-01-23 15:10:13.010406,0.0,0.0,0.0
2022-01-23 15:10:13.509864,0.0,0.0,0.0
2022-01-23 15:10:14.008589,0.0,0.0,0.0
2022-01-23 15:10:14.504623,0.0,0.0,0.0
2022-01-23 15:10:15.003840,0.0,0.0,0.0
2022-01-23 15:10:15.508655,0.0,0.0,0.0
2022-01-23 15:10:16.007190,0.0,0.0,0.0
2022-01-23 15:10:16.503801,0.0,0.0,0.0
2022-01-23 15:10:17.001789,0.0,0.0,0.0
2022-01-23 15:10:17.507860,0.0,0.0,0.0
2022-01-23 15:10:18.007958,0.0,0.0,0.0
2022-01-23 15:10:18.502978,0.0,0.0,0.0
2022-01-23 15:10:19.002114,0.0,0.0,0.0
2022-01-23 15:10:19.508640,0.0,0.0,0.0
2022-01-23 15:10:20.006293,0.0,0.0,0.0
2022-01-23 15:10:20.501167,0.0,0.0,0.0
2022-01-23 15:10:21.009546,0.0,0.0,0.0
2022-01-23 15:10:21.505731,0.0,0.0,0.0
2022-01-23 15:10:22.003842,0.0,0.0,0.0
2022-01-23 15:10:22.510976,0.0,0.0,0.0
2022-01-23 15:10:23.009178,0.0,0.0,0.0
2022-01-23 15:10:23.505183,0.0,0.0,0.0
2022-01-23 15:10:24.003201,0.0,0.0,0.0
2022-01-23 15:10:24.510095,0.0,0.0,0.0
2022-01-23 15:10:25.008737,0.0,0.0,0.0
2022-01-23 15:10:25.503873,0.0,0.0,0.0
2022-01-23 15:10:26.002837,0.0,0.0,0.0
2022-01-23 15:10:26.507887,0.0,0.0,0.0
2022-01-23 15:10:27.007870,0.0,0.0,0.0
2022-01-23 15:10:27.504604,0.0,0.0,0.0
2022-01-23 15:10:28.001969,0.0,0.0,0.0
2022-01-23 15:10:28.508766,0.0,0.0,0.0
2022-01-23 15:10:29.007205,0.0,0.0,0.0
2022-01-23 15:10:29.503370,0.0,0.0,0.0
2022-01-23 15:10:30.002343,0.0,0.0,0.0
2022-01-23 15:10:30.507687,0.0,0.0,0.0
2022-01-23 15:10:31.006149,0.0,0.0,0.0
2022-01-23 15:10:31.501656,0.0,0.0,0.0
2022-01-23 15:10:32.001426,0.0,0.0,0.0
2022-01-23 15:10:32.508539,0.0,0.0,0.0
2022-01-23 15:10:33.007348,0.0,0.0,0.0
2022-01-23 15:10:33.502300,0.0,0.0,0.0
2022-01-23 15:10:34.009908,0.0,0.0,0.0
2022-01-23 15:10:34.505737,0.0,0.0,0.0
2022-01-23 15:10:35.004364,0.0,0.0,0.0
2022-01-23 15:10:35.510637,0.0,0.0,0.0
2022-01-23 15:10:36.007712,0.0,0.0,0.0
2022-01-23 15:10:36.502788,0.0,0.0,0.0
2022-01-23 15:10:37.010051,0.0,0.0,0.0
2022-01-23 15:10:37.507402,0.0,0.0,0.0
2022-01-23 15:10:38.006457,0.0,0.0,0.0
2022-01-23 15:10:38.501076,0.0,0.0,0.0
2022-01-23 15:10:39.010071,0.0,0.0,0.0
2022-01-23 15:10:39.505661,0.0,0.0,0.0
2022-01-23 15:10:40.003439,0.0,0.0,0.0
2022-01-23 15:10:40.510426,0.0,0.0,0.0
2022-01-23 15:10:41.007901,0.0,0.0,0.0
2022-01-23 15:10:41.503767,0.0,0.0,0.0
2022-01-23 15:10:42.002225,0.0,0.0,0.0
2022-01-23 15:10:42.507183,0.0,0.0,0.0
2022-01-23 15:10:43.005678,0.0,0.0,0.0
2022-01-23 15:10:43.511059,0.0,0.0,0.0
2022-01-23 15:10:44.009853,0.0,0.0,0.0
2022-01-23 15:10:44.504985,0.0,0.0,0.0
2022-01-23 15:10:45.003576,0.0,0.0,0.0
2022-01-23 15:10:45.509157,0.0,0.0,0.0
2022-01-23 15:10:46.006809,0.0,0.0,0.0
2022-01-23 15:10:46.503747,0.0,0.0,0.0
2022-01-23 15:10:47.010898,0.0,0.0,0.0
2022-01-23 15:10:47.505108,0.0,0.0,0.0
2022-01-23 15:10:48.002351,0.0,0.0,0.0
2022-01-23 15:10:48.508149,0.0,0.0,0.0
2022-01-23 15:10:49.004242,0.0,0.0,0.0
2022-01-23 15:10:49.509252,0.0,0.0,0.0
2022-01-23 15:10:50.007199,0.0,0.0,0.0
2022-01-23 15:10:50.503343,0.0,0.0,0.0
2022-01-23 15:10:51.001821,0.0,0.0,0.0
2022-01-23 15:10:51.506545,0.0,0.0,0.0
2022-01-23 15:10:52.005258,0.0,0.0,0.0
2022-01-23 15:10:52.511251,0.0,0.0,0.0
2022-01-23 15:10:53.010400,0.0,0.0,0.0
2022-01-23 15:10:53.505548,0.0,0.0,0.0
2022-01-23 15:10:54.004447,0.0,0.0,0.0
2022-01-23 15:10:54.510335,0.0,0.0,0.0
2022-01-23 15:10:55.010012,0.0,0.0,0.0
2022-01-23 15:10:55.506158,0.0,0.0,0.0
2022-01-23 15:10:56.004477,0.0,0.0,0.0
2022-01-23 15:10:56.510263,0.0,0.0,0.0
2022-01-23 15:10:57.008246,0.0,0.0,0.0
2022-01-23 15:10:57.503972,0.0,0.0,0.0
2022-01-23 15:10:58.002141,0.0,0.0,0.0
2022-01-23 15:10:58.508157,0.0,0.0,0.0
2022-01-23 15:10:59.006657,0.0,0.0,0.0
2022-01-23 15:10:59.504406,0.0,0.0,0.0
2022-01-23 15:11:00.002595,0.0,0.0,0.0
2022-01-23 15:11:00.506477,0.0,0.0,0.0
2022-01-23 15:11:01.003886,0.0,0.0,0.0
2022-01-23 15:11:01.510233,0.0,0.0,0.0
2022-01-23 15:11:02.008333,0.0,0.0,0.0
2022-01-23 15:11:02.504467,0.0,0.0,0.0
2022-01-23 15:11:03.003545,0.0,0.0,0.0
2022-01-23 15:11:03.511168,0.0,0.0,0.0
2022-01-23 15:11:04.009480,0.0,0.0,0.0
2022-01-23 15:11:04.504870,0.0,0.0,0.0
2022-01-23 15:11:05.003177,0.0,0.0,0.0
2022-01-23 15:11:05.508680,0.0,0.0,0.0
2022-01-23 15:11:06.005890,0.0,0.0,0.0
2022-01-23 15:11:06.510935,0.0,0.0,0.0
2022-01-23 15:11:07.008856,0.0,0.0,0.0
2022-01-23 15:11:07.504738,0.0,0.0,0.0
2022-01-23 15:11:08.003340,0.0,0.0,-0.03864
2022-01-23 15:11:08.508826,0.0,0.0,-0.03864
2022-01-23 15:11:09.007763,0.0,0.0,0.0
2022-01-23 15:11:09.503502,0.0,0.0,0.0
2022-01-23 15:11:10.001068,0.0,0.0,0.0
2022-01-23 15:11:10.505693,0.0,0.0,0.0
2022-01-23 15:11:11.008537,0.0,0.0,0.0
2022-01-23 15:11:11.504393,0.0,0.0,0.0
2022-01-23 15:11:12.003500,0.0,0.0,0.0
2022-01-23 15:11:12.510282,0.0,0.0,0.0
2022-01-23 15:11:13.008980,0.0,0.0,0.0
2022-01-23 15:11:13.505024,0.0,0.0,0.0
2022-01-23 15:11:14.005129,0.0,0.0,0.0
2022-01-23 15:11:14.503940,0.0,0.0,0.0
2022-01-23 15:11:15.003998,0.0,0.0,0.0
2022-01-23 15:11:15.509768,0.0,0.0,0.0
2022-01-23 15:11:16.007074,0.0,0.0,0.0
2022-01-23 15:11:16.504292,0.0,0.0,0.0
2022-01-23 15:11:17.002312,0.0,0.0,0.0
2022-01-23 15:11:17.508586,0.0,0.0,0.0
2022-01-23 15:11:18.006849,0.0,0.0,0.0
2022-01-23 15:11:18.502999,0.0,0.0,0.0
2022-01-23 15:11:19.010427,0.0,0.0,0.0
2022-01-23 15:11:19.507527,0.0,0.0,0.0
2022-01-23 15:11:20.006279,0.0,0.0,0.0
2022-01-23 15:11:20.501542,0.0,0.0,0.0
2022-01-23 15:11:21.009948,0.0,0.0,0.0
2022-01-23 15:11:21.505336,0.0,0.0,0.0
2022-01-23 15:11:22.003015,0.0,0.0,0.0
2022-01-23 15:11:22.510242,0.0,0.0,0.0
2022-01-23 15:11:23.008481,0.0,0.0,0.03864
2022-01-23 15:11:23.506184,0.0,0.0,0.03864
2022-01-23 15:11:24.004870,0.0,0.0,0.0
2022-01-23 15:11:24.509562,0.0,0.0,0.0
2022-01-23 15:11:25.007888,0.0,0.0,0.0
2022-01-23 15:11:25.505760,0.0,0.0,0.0
2022-01-23 15:11:26.003970,0.0,0.0,0.0
2022-01-23 15:11:26.508714,0.0,0.0,0.0
2022-01-23 15:11:27.007768,0.0,0.0,0.0
2022-01-23 15:11:27.502788,0.0,0.0,0.0
2022-01-23 15:11:28.001823,0.0,0.0,0.0
2022-01-23 15:11:28.508999,0.0,0.0,0.0
2022-01-23 15:11:29.007158,0.0,0.0,0.0
2022-01-23 15:11:29.504682,0.0,0.0,0.0
2022-01-23 15:11:30.005059,0.0,0.0,0.0
2022-01-23 15:11:30.509965,0.0,0.0,0.0
2022-01-23 15:11:31.008034,0.0,0.0,0.0
2022-01-23 15:11:31.507524,0.0,0.0,0.0
2022-01-23 15:11:32.005518,0.0,0.0,0.0
2022-01-23 15:11:32.501465,0.0,0.0,0.0
2022-01-23 15:11:33.010398,0.0,0.0,0.0
2022-01-23 15:11:33.506402,0.0,0.0,0.0
2022-01-23 15:11:34.004028,0.0,0.0,0.0
2022-01-23 15:11:34.501240,0.0,0.0,0.0
2022-01-23 15:11:35.008802,0.0,0.0,0.0
2022-01-23 15:11:35.503560,0.0,0.0,0.0
2022-01-23 15:11:36.505434,0.0,0.0,0.0
2022-01-23 15:11:37.004091,0.0,0.0,0.0
2022-01-23 15:11:37.511165,0.0,0.0,0.0
2022-01-23 15:11:38.010615,0.0,0.0,0.0
2022-01-23 15:11:38.506484,0.0,0.0,0.0
2022-01-23 15:11:39.004436,0.0,0.0,0.0
2022-01-23 15:11:39.511071,0.0,0.0,0.0
2022-01-23 15:11:40.009532,0.0,0.0,0.0
2022-01-23 15:11:40.504503,0.0,0.0,0.0
2022-01-23 15:11:41.003807,0.0,0.0,0.0
2022-01-23 15:11:41.509049,0.0,0.0,0.0
2022-01-23 15:11:42.007138,0.0,0.0,0.0
2022-01-23 15:11:42.502925,0.0,0.0,0.0
2022-01-23 15:11:43.002729,0.0,0.0,0.0
2022-01-23 15:11:43.506648,-0.05074,0.0,0.0
2022-01-23 15:11:44.005700,0.0,0.0,0.0
2022-01-23 15:11:44.502378,0.0,0.0,0.0
2022-01-23 15:11:45.003398,0.0,0.0,0.0
2022-01-23 15:11:45.503247,0.0,0.0,0.0
2022-01-23 15:11:46.001397,0.0,0.0,0.0
2022-01-23 15:11:46.506752,0.0,0.0,0.0
2022-01-23 15:11:47.006022,0.0,0.0,0.0
2022-01-23 15:11:47.511151,0.0,0.0,0.0
2022-01-23 15:11:48.009720,0.0,0.0,0.0
2022-01-23 15:11:48.505895,0.0,0.0,0.0
2022-01-23 15:11:49.005200,0.0,0.0,0.0
2022-01-23 15:11:49.510868,0.0,0.0,0.0
2022-01-23 15:11:50.010359,0.0,0.0,0.0
2022-01-23 15:11:50.504900,0.0,0.0,0.0
2022-01-23 15:11:51.003245,0.0,0.0,0.0
2022-01-23 15:11:51.510510,0.0,0.0,0.0
2022-01-23 15:11:52.009429,0.0,0.0,0.0
2022-01-23 15:11:52.505008,0.0,0.0,0.0
2022-01-23 15:11:53.003809,0.0,0.0,0.0
2022-01-23 15:11:53.509022,0.0,0.0,0.0
2022-01-23 15:11:54.007407,0.0,0.0,0.0
2022-01-23 15:11:54.502755,0.0,0.0,0.0
2022-01-23 15:11:55.001072,0.0,0.0,0.0
2022-01-23 15:11:55.508495,0.0,0.0,0.0
2022-01-23 15:11:56.006737,0.0,0.0,0.0
2022-01-23 15:11:56.502759,0.0,0.0,0.0
2022-01-23 15:11:57.010853,0.0,0.0,0.0
2022-01-23 15:11:57.508063,0.0,0.0,0.0
2022-01-23 15:11:58.006923,0.0,0.0,0.0
2022-01-23 15:11:58.502867,0.0,0.0,0.0
2022-01-23 15:11:59.002399,0.0,0.0,0.0
2022-01-23 15:11:59.508614,0.0,0.0,0.0
2022-01-23 15:12:00.006192,0.0,0.0,0.0
2022-01-23 15:12:00.510784,0.0,0.0,0.0
2022-01-23 15:12:01.008844,0.0,0.0,0.0
2022-01-23 15:12:01.506249,0.0,0.0,0.0
2022-01-23 15:12:02.004555,0.0,0.0,0.0
2022-01-23 15:12:02.510175,0.0,0.0,0.0
2022-01-23 15:12:03.008127,0.0,0.0,0.0
2022-01-23 15:12:03.503637,0.0,0.0,0.0
2022-01-23 15:12:04.001352,0.0,0.0,0.0
2022-01-23 15:12:04.505375,0.0,0.0,0.0
2022-01-23 15:12:05.004141,0.0,0.0,0.0
2022-01-23 15:12:05.510798,0.0,0.0,0.0
2022-01-23 15:12:06.008240,0.0,0.0,0.0
2022-01-23 15:12:06.505769,0.0,0.0,0.0
2022-01-23 15:12:07.003789,0.0,0.0,0.0
2022-01-23 15:12:07.510779,0.0,0.0,0.0
2022-01-23 15:12:08.009057,0.0,0.0,0.0
2022-01-23 15:12:08.505784,0.0,0.0,0.0
2022-01-23 15:12:09.003909,0.0,0.0,0.0
2022-01-23 15:12:09.509913,0.0,0.0,0.0
2022-01-23 15:12:10.007806,0.0,0.0,0.0
2022-01-23 15:12:10.505902,0.0,0.0,0.0
2022-01-23 15:12:11.002465,0.0,0.0,0.0
2022-01-23 15:12:11.507945,0.0,0.0,0.0
2022-01-23 15:12:12.006383,0.0,0.0,0.0
2022-01-23 15:12:12.503225,0.0,0.0,0.0
2022-01-23 15:12:13.001726,0.0,0.0,0.0
2022-01-23 15:12:13.507964,0.0,0.0,0.0
2022-01-23 15:12:14.005369,0.0,0.0,0.0
2022-01-23 15:12:14.502554,0.0,0.0,0.0
2022-01-23 15:12:15.001028,0.0,0.0,0.0
2022-01-23 15:12:15.505293,0.0,0.0,0.0
2022-01-23 15:12:16.005354,0.0,0.0,0.0
2022-01-23 15:12:16.510681,0.0,0.0,0.0
2022-01-23 15:12:17.008962,0.0,0.0,0.0
2022-01-23 15:12:17.503531,0.0,0.0,0.0
2022-01-23 15:12:18.002506,0.0,0.0,0.0
2022-01-23 15:12:18.507491,0.0,0.0,0.0
2022-01-23 15:12:19.006766,0.0,0.0,0.0
2022-01-23 15:12:19.504854,0.0,0.0,0.0
2022-01-23 15:12:20.003102,0.0,0.0,0.0
2022-01-23 15:12:20.509096,0.0,0.0,0.0
2022-01-23 15:12:21.007848,0.0,0.0,0.0
2022-01-23 15:12:21.506986,0.0,0.0,0.0
2022-01-23 15:12:22.004740,0.0,0.0,0.0
2022-01-23 15:12:22.509337,0.0,0.0,0.0
2022-01-23 15:12:23.007306,0.0,0.0,0.0
2022-01-23 15:12:23.505990,0.0,0.0,0.0
2022-01-23 15:12:24.004012,0.0,0.0,0.0
2022-01-23 15:12:24.509280,0.0,0.0,0.0
2022-01-23 15:12:25.006889,0.0,0.0,0.0
2022-01-23 15:12:25.502718,0.0,0.0,0.0
2022-01-23 15:12:26.010677,0.0,0.0,0.0
2022-01-23 15:12:26.506665,0.0,0.0,0.0
2022-01-23 15:12:27.004975,0.0,0.0,0.0
2022-01-23 15:12:27.510917,0.0,0.0,0.0
2022-01-23 15:12:28.009785,0.0,0.0,0.0
2022-01-23 15:12:28.506610,0.0,0.0,0.0
2022-01-23 15:12:29.003334,0.0,0.0,0.0
2022-01-23 15:12:29.509763,0.0,0.0,0.0
2022-01-23 15:12:30.008307,0.0,0.0,0.0
2022-01-23 15:12:30.503590,0.0,0.0,0.0
2022-01-23 15:12:31.002569,0.0,0.0,0.0
2022-01-23 15:12:31.509958,0.0,0.0,0.0
2022-01-23 15:12:32.009394,0.0,0.0,-0.03864
2022-01-23 15:12:32.504209,0.0,0.0,-0.03864
2022-01-23 15:12:33.001742,0.0,0.0,-0.03864
2022-01-23 15:12:33.507783,0.0,0.0,-0.03864
2022-01-23 15:12:34.006760,0.0,0.0,0.0
2022-01-23 15:12:34.501301,0.0,0.0,0.0
2022-01-23 15:12:35.009427,0.0,0.0,0.0
2022-01-23 15:12:35.506178,0.0,0.0,0.0
2022-01-23 15:12:36.003849,0.0,0.0,0.0
2022-01-23 15:12:36.510702,0.0,0.0,0.0
2022-01-23 15:12:37.008186,0.0,0.0,0.0
2022-01-23 15:12:37.504713,0.0,0.0,0.0
2022-01-23 15:12:38.002325,0.0,0.0,0.0
2022-01-23 15:12:38.508165,0.0,0.0,0.0
2022-01-23 15:12:39.006160,0.0,0.0,0.0
2022-01-23 15:12:39.501809,0.0,0.0,0.0
2022-01-23 15:12:40.009481,0.0,0.0,0.0
2022-01-23 15:12:40.505463,0.0,0.0,0.0
2022-01-23 15:12:41.003415,0.0,0.0,0.0
2022-01-23 15:12:41.511139,0.0,0.0,0.0
2022-01-23 15:12:42.010246,0.0,0.0,0.0
2022-01-23 15:12:42.504985,0.0,0.0,0.0
2022-01-23 15:12:43.002813,0.0,0.0,0.0
2022-01-23 15:12:43.508259,0.0,0.0,0.0
2022-01-23 15:12:44.006675,0.0,0.0,0.0
2022-01-23 15:12:44.502766,0.0,0.0,0.0
2022-01-23 15:12:45.010782,0.0,0.0,0.0
2022-01-23 15:12:45.506593,0.0,0.0,0.0
2022-01-23 15:12:46.006328,0.0,0.0,0.0
2022-01-23 15:12:46.501473,0.0,0.0,0.0
2022-01-23 15:12:47.010975,0.0,0.0,0.0
2022-01-23 15:12:47.506384,0.0,0.0,0.0
2022-01-23 15:12:48.004695,0.0,0.0,0.0
2022-01-23 15:12:48.510303,0.0,0.0,0.0
2022-01-23 15:12:49.008353,0.0,0.0,0.0
2022-01-23 15:12:49.503735,0.0,0.0,0.0
2022-01-23 15:12:50.003368,0.0,0.0,0.0
2022-01-23 15:12:50.510435,0.0,0.0,0.0
2022-01-23 15:12:51.008705,0.0,0.0,0.0
2022-01-23 15:12:51.504640,0.0,0.0,0.0
2022-01-23 15:12:52.003247,0.0,0.0,0.0
2022-01-23 15:12:52.510099,0.0,0.0,0.0
2022-01-23 15:12:53.008917,0.0,0.0,0.0
2022-01-23 15:12:53.504057,0.0,0.0,0.0
2022-01-23 15:12:54.003788,0.0,0.0,0.0
2022-01-23 15:12:54.509915,0.0,0.0,0.0
2022-01-23 15:12:55.008224,0.0,0.0,0.0
2022-01-23 15:12:55.503969,0.0,0.0,0.0
2022-01-23 15:12:56.011227,0.0,0.0,0.0
2022-01-23 15:12:56.506836,0.0,0.0,0.0
2022-01-23 15:12:57.003543,0.0,0.0,0.0
2022-01-23 15:12:57.510918,0.0,0.0,0.0
2022-01-23 15:12:58.009542,0.0,0.0,0.0
2022-01-23 15:12:58.504009,0.0,0.0,0.0
2022-01-23 15:12:59.002867,0.0,0.0,0.0
2022-01-23 15:12:59.507530,0.0,0.0,0.0
2022-01-23 15:13:00.006572,0.0,0.0,0.0
2022-01-23 15:13:00.502206,0.0,0.0,0.0
2022-01-23 15:13:01.011025,0.0,0.0,0.0
2022-01-23 15:13:01.507708,0.0,0.0,0.0
2022-01-23 15:13:02.006436,0.0,0.0,0.0
2022-01-23 15:13:02.502174,0.0,0.0,0.0
2022-01-23 15:13:03.010312,0.0,0.0,0.0
2022-01-23 15:13:03.506751,0.0,0.0,0.0
2022-01-23 15:13:04.005673,0.0,0.0,0.0
2022-01-23 15:13:04.502161,0.0,0.0,0.0
2022-01-23 15:13:05.010724,0.0,0.0,0.0
2022-01-23 15:13:05.506561,0.0,0.0,0.0
2022-01-23 15:13:06.005708,0.0,0.0,0.0
2022-01-23 15:13:06.511179,0.0,0.0,0.0
2022-01-23 15:13:07.009220,0.0,0.0,0.0
2022-01-23 15:13:07.507928,0.0,0.0,0.0
2022-01-23 15:13:08.006294,0.0,0.0,0.0
2022-01-23 15:13:08.501226,0.0,0.0,0.0
2022-01-23 15:13:09.008803,0.0,0.0,0.0
2022-01-23 15:13:09.504017,0.0,0.0,0.0
2022-01-23 15:13:10.003186,0.0,0.0,0.0
2022-01-23 15:13:10.508314,0.0,0.0,0.0
2022-01-23 15:13:11.003654,0.0,0.0,0.0
2022-01-23 15:13:11.510375,0.0,0.0,0.0
2022-01-23 15:13:12.009463,0.0,0.0,0.0
2022-01-23 15:13:12.506689,0.0,0.0,0.0
2022-01-23 15:13:13.004414,0.0,0.0,0.0
2022-01-23 15:13:13.510769,0.0,0.0,0.0
2022-01-23 15:13:14.009197,0.0,0.0,0.0
2022-01-23 15:13:14.504167,0.0,0.0,0.0
2022-01-23 15:13:15.001896,0.0,0.0,0.0
2022-01-23 15:13:15.507761,0.0,0.0,0.0
2022-01-23 15:13:16.006561,0.0,0.0,0.0
2022-01-23 15:13:16.501718,0.0,0.0,0.0
2022-01-23 15:13:17.011216,0.0,0.0,0.0
2022-01-23 15:13:17.505292,0.0,0.0,0.0
2022-01-23 15:13:18.003491,0.0,0.0,0.0
2022-01-23 15:13:18.510254,0.0,0.0,0.0
2022-01-23 15:13:19.007699,0.0,0.0,0.0
2022-01-23 15:13:19.502292,0.0,0.0,0.0
2022-01-23 15:13:20.010648,0.0,0.0,0.0
2022-01-23 15:13:20.506968,0.0,0.0,0.0
2022-01-23 15:13:21.005183,0.0,0.0,0.0
2022-01-23 15:13:21.505319,0.0,0.0,0.0
2022-01-23 15:13:22.003263,0.0,0.0,0.0
2022-01-23 15:13:22.506590,0.0,0.0,0.0
2022-01-23 15:13:23.004604,0.0,0.0,0.0
2022-01-23 15:13:23.510495,0.0,0.0,0.0
2022-01-23 15:13:24.008751,0.0,0.0,0.0
2022-01-23 15:13:24.505194,0.0,0.0,0.0
2022-01-23 15:13:25.002907,0.0,0.0,0.0
2022-01-23 15:13:25.508607,0.0,0.0,0.0
2022-01-23 15:13:26.009905,0.0,0.0,0.0
2022-01-23 15:13:26.505224,0.0,0.0,0.0
2022-01-23 15:13:27.004849,0.0,0.0,0.0
2022-01-23 15:13:27.501037,0.0,0.0,0.0
2022-01-23 15:13:28.009478,0.0,0.0,0.0
2022-01-23 15:13:28.505920,0.0,0.0,0.0
2022-01-23 15:13:29.002767,0.0,0.0,0.0
2022-01-23 15:13:29.508755,0.0,0.0,0.0
2022-01-23 15:13:30.006497,0.0,0.0,0.0
2022-01-23 15:13:30.502766,0.0,0.0,0.0
2022-01-23 15:13:31.010697,0.0,0.0,0.0
2022-01-23 15:13:31.507038,0.0,0.0,0.0
2022-01-23 15:13:32.004418,0.0,0.0,0.0
2022-01-23 15:13:32.508825,0.0,0.0,0.0
2022-01-23 15:13:33.007318,0.0,0.0,0.0
2022-01-23 15:13:33.503356,0.0,0.0,0.0
2022-01-23 15:13:34.008156,0.0,0.0,0.0
2022-01-23 15:13:34.506861,0.0,0.0,0.0
2022-01-23 15:13:35.005958,0.0,0.0,0.0
2022-01-23 15:13:35.501130,0.0,0.0,0.0
2022-01-23 15:13:36.009566,0.0,0.0,0.0
2022-01-23 15:13:36.504417,0.0,0.0,0.0
2022-01-23 15:13:37.000973,0.0,0.0,0.0
2022-01-23 15:13:37.508006,0.0,0.0,0.0
2022-01-23 15:13:38.006653,0.0,0.0,0.0
2022-01-23 15:13:38.502335,0.0,0.0,0.0
2022-01-23 15:13:39.001190,0.0,0.0,0.0
2022-01-23 15:13:39.507375,0.0,0.0,0.0
2022-01-23 15:13:40.006057,0.0,0.0,0.0
2022-01-23 15:13:40.501486,0.0,0.0,0.0
2022-01-23 15:13:41.011200,0.0,0.0,0.0
2022-01-23 15:13:41.505090,0.0,0.0,0.0
2022-01-23 15:13:42.003743,0.0,0.0,0.0
2022-01-23 15:13:42.509284,0.0,0.0,0.0
2022-01-23 15:13:43.006768,0.0,0.0,0.0
2022-01-23 15:13:43.502318,0.0,0.0,0.0
2022-01-23 15:13:44.001044,0.0,0.0,0.0
2022-01-23 15:13:44.508490,0.0,0.0,0.0
2022-01-23 15:13:45.008269,0.0,0.0,0.0
2022-01-23 15:13:45.503308,0.0,0.0,0.0
2022-01-23 15:13:46.001768,0.0,0.0,0.0
2022-01-23 15:13:46.507104,0.0,0.0,0.0
2022-01-23 15:13:47.005909,0.0,0.0,0.0
2022-01-23 15:13:47.502126,0.0,0.0,0.0
2022-01-23 15:13:48.010759,0.0,0.0,0.0
2022-01-23 15:13:48.508376,0.0,0.0,0.0
2022-01-23 15:13:49.006604,0.0,0.0,0.0
2022-01-23 15:13:49.501902,0.0,0.0,0.0
2022-01-23 15:13:50.010344,0.0,0.0,0.0
2022-01-23 15:13:50.504613,0.0,0.0,0.0
2022-01-23 15:13:51.002125,0.0,0.0,0.0
2022-01-23 15:13:51.507056,0.0,0.0,0.0
2022-01-23 15:13:52.005524,0.0,0.0,0.0
2022-01-23 15:13:52.510503,0.0,0.0,0.0
2022-01-23 15:13:53.010084,0.0,0.0,0.0
2022-01-23 15:13:53.504694,0.0,0.0,0.0
2022-01-23 15:13:54.002452,0.0,0.0,0.0
2022-01-23 15:13:54.508530,0.0,0.0,0.0
2022-01-23 15:13:55.008595,0.0,0.0,0.0
2022-01-23 15:13:55.503495,0.0,0.0,0.0
2022-01-23 15:13:56.001385,0.0,0.0,0.0
2022-01-23 15:13:56.508897,0.0,0.0,0.0
2022-01-23 15:13:57.007122,0.0,0.0,0.0
2022-01-23 15:13:57.504054,0.0,0.0,0.0
2022-01-23 15:13:58.002255,0.0,0.0,0.0
2022-01-23 15:13:58.507992,0.0,0.0,0.0
2022-01-23 15:13:59.007985,0.0,0.0,0.0
2022-01-23 15:13:59.502434,0.0,0.0,0.0
2022-01-23 15:14:00.010855,0.0,0.0,0.0
2022-01-23 15:14:00.505449,0.0,0.0,0.0
2022-01-23 15:14:01.005346,0.0,0.0,0.0
2022-01-23 15:14:01.502208,0.0,0.0,0.0
2022-01-23 15:14:02.010536,0.0,0.0,0.0
2022-01-23 15:14:02.505255,0.0,0.0,0.0
2022-01-23 15:14:03.003736,0.0,0.0,0.0
2022-01-23 15:14:03.510489,0.0,0.0,0.0
2022-01-23 15:14:04.009116,0.0,0.0,0.0
2022-01-23 15:14:04.504169,0.0,0.0,0.0
2022-01-23 15:14:05.002971,0.0,0.0,0.0
2022-01-23 15:14:05.509410,0.0,0.0,0.0
2022-01-23 15:14:06.005500,0.0,0.0,0.0
2022-01-23 15:14:06.502606,0.0,0.0,0.0
2022-01-23 15:14:07.002314,0.0,0.0,0.0
2022-01-23 15:14:07.508571,0.0,0.0,0.0
2022-01-23 15:14:08.006815,0.0,0.0,0.0
2022-01-23 15:14:08.502917,0.0,0.0,0.0
2022-01-23 15:14:09.001823,0.0,0.0,0.0
2022-01-23 15:14:09.507662,0.0,0.0,0.0
2022-01-23 15:14:10.005538,0.0,0.0,0.0
2022-01-23 15:14:10.501915,0.0,0.0,0.0
2022-01-23 15:14:11.006033,0.0,0.0,0.0
2022-01-23 15:14:11.502503,0.0,0.0,0.0
2022-01-23 15:14:12.010485,0.0,0.0,0.0
2022-01-23 15:14:12.505269,0.0,0.0,0.0
2022-01-23 15:14:13.003869,0.0,0.0,0.0
2022-01-23 15:14:13.509099,0.0,0.0,0.0
2022-01-23 15:14:14.006892,0.0,0.0,0.0
2022-01-23 15:14:14.502256,0.0,0.0,0.0
2022-01-23 15:14:15.010300,0.0,0.0,0.0
2022-01-23 15:14:15.505781,0.0,0.0,0.0
2022-01-23 15:14:16.005984,0.0,0.0,0.0
2022-01-23 15:14:16.502869,0.0,0.0,0.0
2022-01-23 15:14:17.011136,0.0,0.0,0.0
2022-01-23 15:14:17.507011,0.0,0.0,0.0
2022-01-23 15:14:18.003990,0.0,0.0,0.0
2022-01-23 15:14:18.510216,0.0,0.0,0.0
2022-01-23 15:14:19.008533,0.0,0.0,0.0
2022-01-23 15:14:19.503835,0.0,0.0,0.0
2022-01-23 15:14:20.002225,0.0,0.0,0.0
2022-01-23 15:14:20.511154,0.0,0.0,0.0
2022-01-23 15:14:21.008835,0.0,0.0,0.0
2022-01-23 15:14:21.504505,0.0,0.0,0.0
2022-01-23 15:14:22.003825,0.0,0.0,0.0
2022-01-23 15:14:22.501840,0.0,0.0,0.0
2022-01-23 15:14:23.010360,0.0,0.0,0.0
2022-01-23 15:14:23.506290,0.0,0.0,0.0
2022-01-23 15:14:24.002324,0.0,0.0,0.0
2022-01-23 15:14:24.506228,0.0,0.0,0.0
2022-01-23 15:14:25.005236,0.0,0.0,0.0
2022-01-23 15:14:26.005171,0.0,0.0,0.0
2022-01-23 15:14:26.502025,0.0,0.0,0.0
2022-01-23 15:14:27.010995,0.0,0.0,0.0
2022-01-23 15:14:27.506337,0.0,0.0,0.0
2022-01-23 15:14:28.003596,0.0,0.0,0.0
2022-01-23 15:14:28.509274,0.0,0.0,0.0
2022-01-23 15:14:29.007629,0.0,0.0,0.0
2022-01-23 15:14:29.503595,0.0,0.0,0.0
2022-01-23 15:14:30.504599,0.0,0.0,0.0
2022-01-23 15:14:31.002858,0.0,0.0,0.0
2022-01-23 15:14:31.509006,0.0,0.0,0.0
2022-01-23 15:14:32.007042,0.0,0.0,0.0
2022-01-23 15:14:32.503798,0.0,0.0,0.0
2022-01-23 15:14:33.002156,0.0,0.0,0.0
2022-01-23 15:14:33.509181,0.0,0.0,0.0
2022-01-23 15:14:34.007605,0.0,0.0,0.0
2022-01-23 15:14:34.505202,0.0,0.0,0.0
2022-01-23 15:14:35.003224,0.0,0.0,0.0
2022-01-23 15:14:35.508403,0.0,0.0,0.0
2022-01-23 15:14:36.006989,0.0,0.0,0.0
2022-01-23 15:14:36.502133,0.0,0.0,0.0
2022-01-23 15:14:37.505245,0.0,0.0,0.0
2022-01-23 15:14:38.004878,0.0,0.0,0.0
2022-01-23 15:14:38.509570,0.0,0.0,0.0
2022-01-23 15:14:39.007047,0.0,0.0,0.0
2022-01-23 15:14:39.500995,0.0,0.0,0.0
2022-01-23 15:14:40.009626,0.0,0.0,0.0
2022-01-23 15:14:40.503672,0.0,0.0,0.0
2022-01-23 15:14:41.002844,0.0,0.0,0.0
2022-01-23 15:14:41.509141,0.0,0.0,0.0
2022-01-23 15:14:42.007303,0.0,0.0,0.0
2022-01-23 15:14:42.503301,0.0,0.0,0.0
2022-01-23 15:14:43.001570,0.0,0.0,0.0
2022-01-23 15:14:43.508339,0.0,0.0,0.0
2022-01-23 15:14:44.008460,0.0,0.0,0.0
2022-01-23 15:14:44.509913,0.0,0.0,0.0
2022-01-23 15:14:45.007892,0.0,0.0,0.0
2022-01-23 15:14:45.503913,0.0,0.0,0.0
2022-01-23 15:14:46.002517,0.0,0.0,0.0
2022-01-23 15:14:46.508535,0.0,0.0,0.0
2022-01-23 15:14:47.007957,0.0,0.0,0.0
2022-01-23 15:14:47.504092,0.0,0.0,0.0
2022-01-23 15:14:48.001466,0.0,0.0,0.0
2022-01-23 15:14:48.501162,0.0,0.0,0.0
2022-01-23 15:14:49.009920,0.0,0.0,0.0
2022-01-23 15:14:49.505215,0.0,0.0,0.0
2022-01-23 15:14:50.003985,0.0,0.0,0.0
2022-01-23 15:14:50.510958,0.0,0.0,0.0
2022-01-23 15:14:51.009898,0.0,0.0,0.0
2022-01-23 15:14:51.505260,0.0,0.0,0.0
2022-01-23 15:14:52.003608,0.0,0.0,0.0
2022-01-23 15:14:52.509307,0.0,0.0,0.0
2022-01-23 15:14:53.008964,0.0,0.0,0.0
2022-01-23 15:14:53.504265,0.0,0.0,0.0
2022-01-23 15:14:54.002634,0.0,0.0,0.0
2022-01-23 15:14:54.508608,0.0,0.0,0.0
2022-01-23 15:14:55.008071,0.0,0.0,0.0
2022-01-23 15:14:55.505394,0.0,0.0,0.0
2022-01-23 15:14:56.002687,0.0,0.0,0.0
2022-01-23 15:14:56.506881,0.0,0.0,0.0
2022-01-23 15:14:57.004494,0.0,0.0,0.0
2022-01-23 15:14:57.510101,0.0,0.0,0.0
2022-01-23 15:14:58.008704,0.0,0.0,0.0
2022-01-23 15:14:58.503846,0.0,0.0,0.0
2022-01-23 15:14:59.003388,0.0,0.0,0.0
2022-01-23 15:14:59.510757,0.0,0.0,0.0
2022-01-23 15:15:00.008036,0.0,0.0,0.0
2022-01-23 15:15:00.501566,0.0,0.0,0.0
2022-01-23 15:15:01.009882,0.0,0.0,0.0
2022-01-23 15:15:01.503320,0.0,0.0,0.0
2022-01-23 15:15:02.002105,0.0,0.0,0.0
2022-01-23 15:15:02.507173,0.0,0.0,0.0
2022-01-23 15:15:03.004960,0.0,0.0,0.0
2022-01-23 15:15:03.510321,0.0,0.0,0.0
2022-01-23 15:15:04.008282,0.0,0.0,0.0
2022-01-23 15:15:04.504248,0.0,0.0,0.0
2022-01-23 15:15:05.001466,0.0,0.0,0.0
2022-01-23 15:15:05.508032,0.0,0.0,0.0
2022-01-23 15:15:06.007391,0.0,0.0,0.0
2022-01-23 15:15:06.502813,0.0,0.0,0.0
2022-01-23 15:15:07.010892,0.0,0.0,0.0
2022-01-23 15:15:07.507478,0.0,0.0,0.0
2022-01-23 15:15:08.007216,0.0,0.0,0.0
2022-01-23 15:15:08.502623,0.0,0.0,0.0
2022-01-23 15:15:09.011124,0.0,0.0,0.0
2022-01-23 15:15:09.507455,0.0,0.0,0.0
2022-01-23 15:15:10.005221,0.0,0.0,0.0
2022-01-23 15:15:11.004572,0.0,0.0,0.0
2022-01-23 15:15:11.509466,0.0,0.0,0.0
2022-01-23 15:15:12.007114,0.0,0.0,0.0
2022-01-23 15:15:12.503426,0.0,0.0,0.0
2022-01-23 15:15:13.002457,0.0,0.0,0.0
2022-01-23 15:15:13.508089,0.0,0.0,0.0
2022-01-23 15:15:14.006462,0.0,0.0,0.0
2022-01-23 15:15:14.501687,0.0,0.0,0.0
2022-01-23 15:15:15.009905,0.0,0.0,0.0
2022-01-23 15:15:15.507707,0.0,0.0,0.0
2022-01-23 15:15:16.005774,0.0,0.0,0.0
2022-01-23 15:15:16.510763,0.0,0.0,0.0
2022-01-23 15:15:17.010384,0.0,0.0,0.0
2022-01-23 15:15:17.505713,0.0,0.0,0.0
2022-01-23 15:15:18.003636,0.0,0.0,0.0
2022-01-23 15:15:18.509532,0.0,0.0,0.0
2022-01-23 15:15:19.007828,0.0,0.0,0.0
2022-01-23 15:15:19.503019,0.0,0.0,0.0
2022-01-23 15:15:20.002287,0.0,0.0,0.0
2022-01-23 15:15:20.509161,0.0,0.0,0.0
2022-01-23 15:15:21.008106,0.0,0.0,0.0
2022-01-23 15:15:21.503388,0.0,0.0,0.0
2022-01-23 15:15:22.001443,0.0,0.0,0.0
2022-01-23 15:15:22.507626,0.0,0.0,0.0
2022-01-23 15:15:23.004833,0.0,0.0,0.0
2022-01-23 15:15:23.510848,0.0,0.0,0.0
2022-01-23 15:15:24.008517,0.0,0.0,0.0
2022-01-23 15:15:24.506630,0.0,0.0,0.0
2022-01-23 15:15:25.004852,0.0,0.0,0.0
2022-01-23 15:15:25.509128,0.0,0.0,0.0
2022-01-23 15:15:26.005991,0.0,0.0,0.0
2022-01-23 15:15:26.501389,0.0,0.0,0.0
2022-01-23 15:15:27.009724,0.0,0.0,0.0
2022-01-23 15:15:27.505039,0.0,0.0,0.0
2022-01-23 15:15:28.004444,0.0,0.0,0.0
2022-01-23 15:15:28.501431,0.0,0.0,0.0
2022-01-23 15:15:29.002250,0.0,0.0,0.0
2022-01-23 15:15:29.506216,0.0,0.0,0.0
2022-01-23 15:15:30.003497,0.0,0.0,0.0
2022-01-23 15:15:30.506773,0.0,0.0,0.0
2022-01-23 15:15:31.005307,0.0,0.0,0.0
2022-01-23 15:15:31.502267,0.0,0.0,0.0
2022-01-23 15:15:32.010400,0.0,0.0,0.0
2022-01-23 15:15:32.506297,0.0,0.0,0.0
2022-01-23 15:15:33.003368,0.0,0.0,0.0
2022-01-23 15:15:33.511111,0.0,0.0,0.0
2022-01-23 15:15:34.009734,0.0,0.0,0.0
2022-01-23 15:15:34.505999,0.0,0.0,0.0
2022-01-23 15:15:35.004808,0.0,0.0,0.0
2022-01-23 15:15:35.509918,0.0,0.0,0.0
2022-01-23 15:15:36.008138,0.0,0.0,0.0
2022-01-23 15:15:36.502769,0.0,0.0,0.0
2022-01-23 15:15:37.001760,0.0,0.0,0.0
2022-01-23 15:15:37.508915,0.0,0.0,0.0
2022-01-23 15:15:38.009963,0.0,0.0,0.0
2022-01-23 15:15:38.505078,0.0,0.0,0.0
2022-01-23 15:15:39.003850,0.0,0.0,0.0
2022-01-23 15:15:39.508587,0.0,0.0,0.0
2022-01-23 15:15:40.008205,0.0,0.0,0.0
2022-01-23 15:15:40.504838,0.0,0.0,0.0
2022-01-23 15:15:41.003665,0.0,0.0,0.0
2022-01-23 15:15:41.510661,0.0,0.0,0.0
2022-01-23 15:15:42.001068,0.0,0.0,0.0
2022-01-23 15:15:42.508294,0.0,0.0,0.0
2022-01-23 15:15:43.009209,0.0,0.0,0.0
2022-01-23 15:15:43.507936,0.0,0.0,0.0
2022-01-23 15:15:44.007904,0.0,0.0,0.0
2022-01-23 15:15:44.503151,0.0,0.0,0.0
2022-01-23 15:15:45.001763,0.0,0.0,0.0
2022-01-23 15:15:45.506866,0.0,0.0,0.0
2022-01-23 15:15:46.004224,0.0,0.0,0.0
2022-01-23 15:15:46.510730,0.0,0.0,0.0
2022-01-23 15:15:47.010265,0.0,0.0,0.0
2022-01-23 15:15:47.505682,0.0,0.0,0.0
2022-01-23 15:15:48.004624,0.0,0.0,0.0
2022-01-23 15:15:48.510770,0.0,0.0,0.0
2022-01-23 15:15:49.007992,0.0,0.0,0.0
2022-01-23 15:15:49.503100,0.0,0.0,0.0
2022-01-23 15:15:50.001224,0.0,0.0,0.0
2022-01-23 15:15:50.507056,0.0,0.0,0.0
2022-01-23 15:15:51.006079,0.0,0.0,0.0
2022-01-23 15:15:51.504361,0.0,0.0,0.0
2022-01-23 15:15:52.002811,0.0,0.0,0.0
2022-01-23 15:15:52.509279,0.0,0.0,0.0
2022-01-23 15:15:53.007081,0.0,0.0,0.0
2022-01-23 15:15:53.501943,0.0,0.0,0.0
2022-01-23 15:15:54.009829,0.0,0.0,0.0
2022-01-23 15:15:54.505493,0.0,0.0,0.0
2022-01-23 15:15:55.005190,0.0,0.0,0.0
2022-01-23 15:15:55.511129,0.0,0.0,0.0
2022-01-23 15:15:56.002238,0.0,0.0,0.0
2022-01-23 15:15:56.507729,0.0,0.0,0.0
2022-01-23 15:15:57.006458,0.0,0.0,0.0
2022-01-23 15:15:57.510818,0.0,0.0,0.0
2022-01-23 15:15:58.008080,0.0,0.0,0.0
2022-01-23 15:15:58.503779,0.0,0.0,0.0
2022-01-23 15:15:59.002850,0.0,0.0,0.0
2022-01-23 15:15:59.509797,0.0,0.0,0.0
2022-01-23 15:16:00.007324,0.0,0.0,0.0
2022-01-23 15:16:00.511129,0.0,0.0,0.0
2022-01-23 15:16:01.009187,0.0,0.0,0.0
2022-01-23 15:16:01.505146,0.0,0.0,0.0
2022-01-23 15:16:02.002792,0.0,0.0,0.0
2022-01-23 15:16:02.509461,0.0,0.0,0.0
2022-01-23 15:16:03.008551,0.0,0.0,0.0
2022-01-23 15:16:03.505064,0.0,0.0,0.0
2022-01-23 15:16:04.003355,0.0,0.0,0.0
2022-01-23 15:16:04.510787,0.0,0.0,0.0
2022-01-23 15:16:05.001552,0.0,0.0,0.0
2022-01-23 15:16:05.506395,0.0,0.0,0.0
2022-01-23 15:16:06.003095,0.0,0.0,0.0
2022-01-23 15:16:06.509404,0.0,0.0,0.0
2022-01-23 15:16:07.007411,0.0,0.0,0.0
2022-01-23 15:16:07.504009,0.0,0.0,0.0
2022-01-23 15:16:08.002118,0.0,0.0,0.0
2022-01-23 15:16:08.509950,0.0,0.0,0.0
2022-01-23 15:16:09.008683,0.0,0.0,0.0
2022-01-23 15:16:09.503260,0.0,0.0,0.0
2022-01-23 15:16:10.001761,0.0,0.0,0.0
2022-01-23 15:16:10.507616,0.0,0.0,0.0
2022-01-23 15:16:11.002745,0.0,0.0,0.0
2022-01-23 15:16:11.508432,0.0,0.0,0.0
2022-01-23 15:16:12.007652,0.0,0.0,0.0
2022-01-23 15:16:12.503678,0.0,0.0,0.0
2022-01-23 15:16:13.001911,0.0,0.0,0.0
2022-01-23 15:16:13.509320,0.0,0.0,0.0
2022-01-23 15:16:14.008023,0.0,0.0,0.0
2022-01-23 15:16:14.503906,0.0,0.0,0.0
2022-01-23 15:16:15.002553,0.0,0.0,0.0
2022-01-23 15:16:15.508369,0.0,0.0,0.0
2022-01-23 15:16:16.006773,0.0,0.0,0.0
2022-01-23 15:16:16.502809,0.0,0.0,0.0
2022-01-23 15:16:17.001736,0.0,0.0,0.0
2022-01-23 15:16:17.508485,0.0,0.0,0.0
2022-01-23 15:16:18.006734,0.0,0.0,0.0
2022-01-23 15:16:18.501566,0.0,0.0,0.0
2022-01-23 15:16:19.010586,0.0,0.0,0.0
2022-01-23 15:16:19.505317,0.0,0.0,0.0
2022-01-23 15:16:20.003936,0.0,0.0,0.0
2022-01-23 15:16:20.504230,0.0,0.0,0.0
2022-01-23 15:16:21.003521,0.0,0.0,0.0
2022-01-23 15:16:21.509157,0.0,0.0,0.0
2022-01-23 15:16:22.009114,0.0,0.0,0.0
2022-01-23 15:16:22.502952,0.0,0.0,0.0
2022-01-23 15:16:24.509296,0.0,0.0,0.0
2022-01-23 15:16:25.006656,0.0,0.0,0.0
2022-01-23 15:16:25.501413,0.0,0.0,0.0
2022-01-23 15:16:26.009870,0.0,0.0,0.0
2022-01-23 15:16:26.505998,0.0,0.0,0.0
2022-01-23 15:16:27.004746,0.0,0.0,0.0
2022-01-23 15:16:27.510655,0.0,0.0,0.0
2022-01-23 15:16:28.008470,0.0,0.0,0.0
2022-01-23 15:16:28.503306,0.0,0.0,0.0
2022-01-23 15:16:29.010879,0.0,0.0,0.0
2022-01-23 15:16:29.506709,0.0,0.0,0.0
2022-01-23 15:16:30.004894,0.0,0.0,0.0
2022-01-23 15:16:30.501694,0.0,0.0,0.0
2022-01-23 15:16:31.009857,0.0,0.0,0.0
2022-01-23 15:16:31.505513,0.0,0.0,0.0
2022-01-23 15:16:32.003376,0.0,0.0,0.0
2022-01-23 15:16:32.509326,0.0,0.0,0.0
2022-01-23 15:16:33.006550,0.0,0.0,0.0
2022-01-23 15:16:33.503555,0.0,0.0,0.0
2022-01-23 15:16:34.001791,0.0,0.0,0.0
2022-01-23 15:16:34.506644,0.0,0.0,0.0
2022-01-23 15:16:35.004152,0.0,0.0,0.0
2022-01-23 15:16:35.509791,0.0,0.0,0.0
2022-01-23 15:16:36.008600,0.0,0.0,0.0
2022-01-23 15:16:36.503982,0.0,0.0,0.0
2022-01-23 15:16:37.002382,0.0,0.0,0.0
2022-01-23 15:16:37.508679,0.0,0.0,0.0
2022-01-23 15:16:38.008164,0.0,0.0,0.0
2022-01-23 15:16:38.505885,0.0,0.0,0.0
2022-01-23 15:16:39.004067,0.0,0.0,0.0
2022-01-23 15:16:39.508296,0.0,0.0,0.0
2022-01-23 15:16:40.007690,0.0,0.0,0.0
2022-01-23 15:16:40.506359,0.0,0.0,0.0
2022-01-23 15:16:41.003670,0.0,0.0,0.0
2022-01-23 15:16:41.508968,0.0,0.0,0.0
2022-01-23 15:16:42.006824,0.0,0.0,0.0
2022-01-23 15:16:42.501126,0.0,0.0,0.0
2022-01-23 15:16:43.009979,0.0,0.0,0.0
2022-01-23 15:16:43.506027,0.0,0.0,0.0
2022-01-23 15:16:44.005045,0.0,0.0,0.0
2022-01-23 15:16:44.501917,0.0,0.0,0.0
2022-01-23 15:16:45.009303,0.0,0.0,0.0
2022-01-23 15:16:45.505211,0.0,0.0,0.0
2022-01-23 15:16:46.003152,0.0,0.0,0.0
2022-01-23 15:16:46.509136,0.0,0.0,0.0
2022-01-23 15:16:47.006909,0.0,0.0,0.0
2022-01-23 15:16:47.504528,0.0,0.0,0.0
2022-01-23 15:16:48.002829,0.0,0.0,0.0
2022-01-23 15:16:48.508176,0.0,0.0,0.0
2022-01-23 15:16:49.006760,0.0,0.0,0.0
2022-01-23 15:16:49.504881,0.0,0.0,0.0
2022-01-23 15:16:50.002712,0.0,0.0,0.0
2022-01-23 15:16:50.507272,0.0,0.0,0.0
2022-01-23 15:16:51.007375,0.0,0.0,0.0
2022-01-23 15:16:51.503715,0.0,0.0,0.0
2022-01-23 15:16:52.001265,0.0,0.0,0.0
2022-01-23 15:16:52.506288,0.0,0.0,0.0
2022-01-23 15:16:53.004517,0.0,0.0,0.0
2022-01-23 15:16:53.510555,0.0,0.0,0.0
2022-01-23 15:16:54.009138,0.0,0.0,0.0
2022-01-23 15:16:54.507998,0.0,0.0,0.0
2022-01-23 15:16:55.007017,0.0,0.0,0.0
2022-01-23 15:16:55.502882,0.0,0.0,0.0
2022-01-23 15:16:56.002000,0.0,0.0,0.0
2022-01-23 15:16:56.507668,0.0,0.0,0.0
2022-01-23 15:16:57.007110,0.0,0.0,0.0
2022-01-23 15:16:57.502078,0.0,0.0,0.0
2022-01-23 15:16:58.001136,0.0,0.0,0.0
2022-01-23 15:16:58.506359,0.0,0.0,0.0
2022-01-23 15:16:59.004151,0.0,0.0,0.0
2022-01-23 15:16:59.511120,0.0,0.0,0.0
2022-01-23 15:17:00.008853,0.0,0.0,0.0
2022-01-23 15:17:00.502458,0.0,0.0,0.0
2022-01-23 15:17:01.001756,0.0,0.0,0.0
2022-01-23 15:17:01.507380,0.0,0.0,0.0
2022-01-23 15:17:02.006080,0.0,0.0,0.0
2022-01-23 15:17:02.501955,0.0,0.0,0.0
2022-01-23 15:17:03.010585,0.0,0.0,0.0
2022-01-23 15:17:03.505929,0.0,0.0,0.0
2022-01-23 15:17:04.003746,0.0,0.0,0.0
2022-01-23 15:17:04.502561,0.0,0.0,0.0
2022-01-23 15:17:05.010445,0.0,0.0,0.0
2022-01-23 15:17:05.505022,0.0,0.0,0.0
2022-01-23 15:17:06.004128,0.0,0.0,0.0
2022-01-23 15:17:06.510538,0.0,0.0,0.0
2022-01-23 15:17:07.009187,0.0,0.0,0.0
2022-01-23 15:17:07.507055,0.0,0.0,0.0
2022-01-23 15:17:08.005169,0.0,0.0,0.0
2022-01-23 15:17:08.510360,0.0,0.0,0.0
2022-01-23 15:17:09.008921,0.0,0.0,0.0
2022-01-23 15:17:09.504809,0.0,0.0,0.0
2022-01-23 15:17:10.002936,0.0,0.0,0.0
2022-01-23 15:17:10.508707,0.0,0.0,0.0
2022-01-23 15:17:11.003205,0.0,0.0,0.0
2022-01-23 15:17:11.509127,0.0,0.0,0.0
2022-01-23 15:17:12.007144,0.0,0.0,0.0
2022-01-23 15:17:12.507735,0.0,0.0,0.0
2022-01-23 15:17:13.004112,0.0,0.0,0.0
2022-01-23 15:17:13.510422,0.0,0.0,0.0
2022-01-23 15:17:14.007930,0.0,0.0,0.0
2022-01-23 15:17:14.504958,0.0,0.0,0.0
2022-01-23 15:17:15.002778,0.0,0.0,0.0
2022-01-23 15:17:15.502249,0.0,0.0,0.0
2022-01-23 15:17:16.001046,0.0,0.0,0.0
2022-01-23 15:17:16.507090,0.0,0.0,0.0
2022-01-23 15:17:17.006173,0.0,0.0,0.0
2022-01-23 15:17:18.004838,0.0,0.0,0.0
2022-01-23 15:17:18.510567,0.0,0.0,0.0
2022-01-23 15:17:19.008735,0.0,0.0,0.0
2022-01-23 15:17:19.503666,0.0,0.0,0.0
2022-01-23 15:17:20.001562,0.0,0.0,0.0
2022-01-23 15:17:20.508329,0.0,0.0,0.0
2022-01-23 15:17:21.006607,0.0,0.0,0.0
2022-01-23 15:17:21.510476,0.0,0.0,0.0
2022-01-23 15:17:22.007442,0.0,0.0,0.0
2022-01-23 15:17:22.502429,0.0,0.0,0.0
2022-01-23 15:17:23.009768,0.0,0.0,0.0
2022-01-23 15:17:23.504511,0.0,0.0,0.0
2022-01-23 15:17:24.001125,0.0,0.0,0.0
2022-01-23 15:17:24.506762,0.0,0.0,0.0
2022-01-23 15:17:25.004576,0.0,0.0,0.0
2022-01-23 15:17:25.501888,0.0,0.0,0.0
2022-01-23 15:17:26.011025,0.0,0.0,0.0
2022-01-23 15:17:26.506729,0.0,0.0,0.0
2022-01-23 15:17:27.004581,0.0,0.0,0.0
2022-01-23 15:17:27.510674,0.0,0.0,0.0
2022-01-23 15:17:28.008239,0.0,0.0,0.0
2022-01-23 15:17:28.504521,0.0,0.0,0.0
2022-01-23 15:17:29.002752,0.0,0.0,0.0
2022-01-23 15:17:29.507802,0.0,0.0,0.0
2022-01-23 15:17:30.005714,0.0,0.0,0.0
2022-01-23 15:17:30.511137,0.0,0.0,0.0
2022-01-23 15:17:31.009063,0.0,0.0,0.0
2022-01-23 15:17:31.505115,0.0,0.0,0.0
2022-01-23 15:17:32.003831,0.0,0.0,0.0
2022-01-23 15:17:32.509443,0.0,0.0,0.0
2022-01-23 15:17:33.008306,0.0,0.0,0.0
2022-01-23 15:17:33.502309,0.0,0.0,0.0
2022-01-23 15:17:34.010461,0.0,0.0,0.0
2022-01-23 15:17:34.505842,0.0,0.0,0.0
2022-01-23 15:17:35.003702,0.0,0.0,0.0
2022-01-23 15:17:35.509020,0.0,0.0,0.0
2022-01-23 15:17:36.008575,0.0,0.0,0.0
2022-01-23 15:17:36.503303,0.0,0.0,0.0
2022-01-23 15:17:37.002234,0.0,0.0,0.0
2022-01-23 15:17:37.506848,0.0,0.0,0.0
2022-01-23 15:17:38.005296,0.0,0.0,0.0
2022-01-23 15:17:38.509609,0.0,0.0,0.0
2022-01-23 15:17:39.007479,0.0,0.0,0.0
2022-01-23 15:17:39.505734,0.0,0.0,0.0
2022-01-23 15:17:40.003433,0.0,0.0,0.0
2022-01-23 15:17:40.509291,0.0,0.0,0.0
2022-01-23 15:17:41.007621,0.0,0.0,0.0
2022-01-23 15:17:41.502695,0.0,0.0,0.0
2022-01-23 15:17:42.010664,0.0,0.0,0.0
2022-01-23 15:17:42.507361,0.0,0.0,0.0
2022-01-23 15:17:43.005761,0.0,0.0,0.0
2022-01-23 15:17:43.501080,0.0,0.0,0.0
2022-01-23 15:17:44.010229,0.0,0.0,0.0
2022-01-23 15:17:44.505745,0.0,0.0,0.0
2022-01-23 15:17:45.003547,0.0,0.0,0.0
2022-01-23 15:17:45.509942,0.0,0.0,0.0
2022-01-23 15:17:46.007123,0.0,0.0,0.0
2022-01-23 15:17:46.503027,0.0,0.0,0.0
2022-01-23 15:17:47.003496,0.0,0.0,0.0
2022-01-23 15:17:47.508402,0.0,0.0,0.0
2022-01-23 15:17:48.006777,0.0,0.0,0.0
2022-01-23 15:17:48.502678,0.0,0.0,0.0
2022-01-23 15:17:49.010506,0.0,0.0,0.0
2022-01-23 15:17:49.506034,0.0,0.0,0.0
2022-01-23 15:17:50.005172,0.0,0.0,0.0
2022-01-23 15:17:50.510783,0.0,0.0,0.0
2022-01-23 15:17:51.010014,0.0,0.0,0.0
2022-01-23 15:17:51.505089,0.0,0.0,0.0
2022-01-23 15:17:52.005070,0.0,0.0,0.0
2022-01-23 15:17:52.504148,0.0,0.0,0.0
2022-01-23 15:17:53.006393,0.0,0.0,0.0
2022-01-23 15:17:53.510877,0.0,0.0,0.0
2022-01-23 15:17:54.002322,0.0,0.0,0.0
2022-01-23 15:17:54.509165,0.0,0.0,0.0
2022-01-23 15:17:55.001687,0.0,0.0,0.0
2022-01-23 15:17:55.510440,0.0,0.0,0.0
2022-01-23 15:17:56.006797,0.0,0.0,0.0
2022-01-23 15:17:56.506259,0.0,0.0,0.0
2022-01-23 15:17:57.010476,0.0,0.0,0.0
2022-01-23 15:17:57.508277,0.0,0.0,0.0
2022-01-23 15:17:58.008168,0.0,0.0,0.0
2022-01-23 15:17:58.504028,0.0,0.0,0.0
2022-01-23 15:17:59.001809,0.0,0.0,0.0
2022-01-23 15:17:59.508883,0.0,0.0,0.0
2022-01-23 15:18:00.007492,0.0,0.0,0.0
2022-01-23 15:18:00.508427,0.0,0.0,0.0
2022-01-23 15:18:01.007369,0.0,0.0,0.0
2022-01-23 15:18:01.503468,0.0,0.0,0.0
2022-01-23 15:18:02.002516,0.0,0.0,0.0
2022-01-23 15:18:02.509439,0.0,0.0,0.0
2022-01-23 15:18:03.008135,0.0,0.0,0.0
2022-01-23 15:18:03.503133,0.0,0.0,0.0
2022-01-23 15:18:04.010979,0.0,0.0,0.0
2022-01-23 15:18:04.506978,0.0,0.0,0.0
2022-01-23 15:18:05.004621,0.0,0.0,0.0
2022-01-23 15:18:05.510663,0.0,0.0,0.0
2022-01-23 15:18:06.007891,0.0,0.0,0.0
2022-01-23 15:18:06.505088,0.0,0.0,0.0
2022-01-23 15:18:07.004351,0.0,0.0,0.0
2022-01-23 15:18:07.509101,0.0,0.0,0.0
2022-01-23 15:18:08.008012,0.0,0.0,0.0
2022-01-23 15:18:08.505005,0.0,0.0,0.0
2022-01-23 15:18:09.003345,0.0,0.0,0.0
2022-01-23 15:18:09.507733,0.0,0.0,0.0
2022-01-23 15:18:10.005464,0.0,0.0,0.0
2022-01-23 15:18:10.501448,0.0,0.0,0.0
2022-01-23 15:18:11.007728,0.0,0.0,0.0
2022-01-23 15:18:11.502364,0.0,0.0,0.0
2022-01-23 15:18:12.010349,0.0,0.0,0.0
2022-01-23 15:18:12.505548,0.0,0.0,0.0
2022-01-23 15:18:13.004101,0.0,0.0,0.0
2022-01-23 15:18:13.509673,0.0,0.0,0.0
2022-01-23 15:18:14.007978,0.0,0.0,0.0
2022-01-23 15:18:14.503488,0.0,0.0,0.0
2022-01-23 15:18:15.011320,0.0,0.0,0.0
2022-01-23 15:18:15.509279,0.0,0.0,0.0
2022-01-23 15:18:16.007966,0.0,0.0,0.0
2022-01-23 15:18:16.505997,0.0,0.0,0.0
2022-01-23 15:18:17.004836,0.0,0.0,0.0
2022-01-23 15:18:17.510737,0.0,0.0,0.0
2022-01-23 15:18:18.008526,0.0,0.0,0.0
2022-01-23 15:18:18.502829,0.0,0.0,0.0
2022-01-23 15:18:19.001350,0.0,0.0,0.0
2022-01-23 15:18:19.505167,0.0,0.0,0.0
2022-01-23 15:18:20.004860,0.0,0.0,0.0
2022-01-23 15:18:20.501207,0.0,0.0,0.0
2022-01-23 15:18:21.009028,0.0,0.0,0.0
2022-01-23 15:18:21.505815,0.0,0.0,0.0
2022-01-23 15:18:22.003790,0.0,0.0,0.0
2022-01-23 15:18:22.510342,0.0,0.0,0.0
2022-01-23 15:18:23.007608,0.0,0.0,0.0
2022-01-23 15:18:23.502889,0.0,0.0,0.0
2022-01-23 15:18:24.003905,0.0,0.0,0.0
2022-01-23 15:18:24.510675,0.0,0.0,0.0
2022-01-23 15:18:25.008716,0.0,0.0,0.0
2022-01-23 15:18:25.504105,0.0,0.0,0.0
2022-01-23 15:18:26.002367,0.0,0.0,0.0
2022-01-23 15:18:26.508247,0.0,0.0,0.0
2022-01-23 15:18:27.006321,0.0,0.0,0.0
2022-01-23 15:18:27.501027,0.0,0.0,0.0
2022-01-23 15:18:28.009105,0.0,0.0,0.0
2022-01-23 15:18:28.506009,0.0,0.0,0.0
2022-01-23 15:18:29.003621,0.0,0.0,0.0
2022-01-23 15:18:29.508272,0.0,0.0,0.0
2022-01-23 15:18:30.007484,0.0,0.0,0.0
2022-01-23 15:18:30.504316,0.0,0.0,0.0
2022-01-23 15:18:31.003458,0.0,0.0,0.0
2022-01-23 15:18:31.509798,0.0,0.0,0.0
2022-01-23 15:18:32.007801,0.0,0.0,0.0
2022-01-23 15:18:32.503817,0.0,0.0,0.0
2022-01-23 15:18:33.003292,0.0,0.0,0.0
2022-01-23 15:18:33.509106,0.0,0.0,0.0
2022-01-23 15:18:34.007357,0.0,0.0,0.0
2022-01-23 15:18:35.004827,0.0,0.0,0.0
2022-01-23 15:18:35.502655,0.0,0.0,0.0
2022-01-23 15:18:36.009842,0.0,0.0,0.0
2022-01-23 15:18:36.505773,0.0,0.0,0.0
2022-01-23 15:18:37.003517,0.0,0.0,0.0
2022-01-23 15:18:37.510555,0.0,0.0,0.0
2022-01-23 15:18:38.002735,0.0,0.0,0.0
2022-01-23 15:18:38.506423,0.0,0.0,0.0
2022-01-23 15:18:39.005834,0.0,0.0,0.0
2022-01-23 15:18:39.510768,0.0,0.0,0.0
2022-01-23 15:18:40.008838,0.0,0.0,0.0
2022-01-23 15:18:40.502309,0.0,0.0,0.0
2022-01-23 15:18:41.001131,0.0,0.0,0.0
2022-01-23 15:18:41.504373,0.0,0.0,0.0
2022-01-23 15:18:42.001303,0.0,0.0,0.0
2022-01-23 15:18:42.506280,0.0,0.0,0.0
2022-01-23 15:18:43.003923,0.0,0.0,0.0
2022-01-23 15:18:43.510072,0.0,0.0,0.0
2022-01-23 15:18:44.009022,0.0,0.0,0.0
2022-01-23 15:18:44.501425,0.0,0.0,0.0
2022-01-23 15:18:45.000941,0.0,0.0,0.0
2022-01-23 15:18:45.509911,0.0,0.0,0.0
2022-01-23 15:18:46.007443,0.0,0.0,0.0
2022-01-23 15:18:46.506256,0.0,0.0,0.0
2022-01-23 15:18:47.006326,0.0,0.0,0.0
2022-01-23 15:18:47.501289,0.0,0.0,0.0
2022-01-23 15:18:48.008492,0.0,0.0,0.0
2022-01-23 15:18:48.502212,0.0,0.0,0.0
2022-01-23 15:18:49.007363,0.0,0.0,0.0
2022-01-23 15:18:49.504487,0.0,0.0,0.0
2022-01-23 15:18:50.002343,0.0,0.0,0.0
2022-01-23 15:18:50.510028,0.0,0.0,0.0
2022-01-23 15:18:51.010031,0.0,0.0,0.0
2022-01-23 15:18:51.506456,0.0,0.0,0.0
2022-01-23 15:18:52.004896,0.0,0.0,0.0
2022-01-23 15:18:52.510410,0.0,0.0,0.0
2022-01-23 15:18:53.004936,0.0,0.0,0.0
2022-01-23 15:18:53.509769,0.0,0.0,0.0
2022-01-23 15:18:54.007807,0.0,0.0,0.0
2022-01-23 15:18:54.504612,0.0,0.0,0.0
2022-01-23 15:18:55.004493,0.0,0.0,0.0
2022-01-23 15:18:55.510520,0.0,0.0,0.0
2022-01-23 15:18:56.009201,0.0,0.0,0.0
2022-01-23 15:18:56.502819,0.0,0.0,0.0
2022-01-23 15:18:57.003214,0.0,0.0,0.0
2022-01-23 15:18:57.509422,0.0,0.0,0.0
2022-01-23 15:18:58.009088,0.0,0.0,0.0
2022-01-23 15:18:58.504628,0.0,0.0,0.0
2022-01-23 15:18:59.003300,0.0,0.0,0.0
2022-01-23 15:18:59.510152,0.0,0.0,0.0
2022-01-23 15:19:00.009747,0.0,0.0,0.0
2022-01-23 15:19:00.501937,0.0,0.0,0.0
2022-01-23 15:19:01.005523,0.0,0.0,0.0
2022-01-23 15:19:01.501443,0.0,0.0,0.0
2022-01-23 15:19:02.003771,0.0,0.0,0.0
2022-01-23 15:19:02.502278,0.0,0.0,0.0
2022-01-23 15:19:03.011153,0.0,0.0,0.0
2022-01-23 15:19:03.508278,0.0,0.0,0.0
2022-01-23 15:19:04.004282,0.0,0.0,0.0
2022-01-23 15:19:04.502024,0.0,0.0,0.0
2022-01-23 15:19:05.003233,0.0,0.0,0.0
2022-01-23 15:19:05.507982,0.0,0.0,0.0
2022-01-23 15:19:06.010320,0.0,0.0,0.0
2022-01-23 15:19:06.508884,0.0,0.0,0.0
2022-01-23 15:19:07.004423,0.0,0.0,0.0
2022-01-23 15:19:07.501222,0.0,0.0,0.0
2022-01-23 15:19:08.009416,0.0,0.0,0.0
2022-01-23 15:19:08.510269,0.0,0.0,0.0
2022-01-23 15:19:09.008148,0.0,0.0,0.0
2022-01-23 15:19:09.502537,0.0,0.0,0.0
2022-01-23 15:19:10.007718,0.0,0.0,0.0
2022-01-23 15:19:10.509200,0.0,0.0,0.0
2022-01-23 15:19:11.006703,0.0,0.0,0.0
2022-01-23 15:19:11.506353,0.0,0.0,0.0
2022-01-23 15:19:12.004175,0.0,0.0,0.0
2022-01-23 15:19:12.502156,0.0,0.0,0.0
2022-01-23 15:19:13.001434,0.0,0.0,0.0
2022-01-23 15:19:13.506393,0.0,0.0,0.0
2022-01-23 15:19:14.004237,0.0,0.0,0.0
2022-01-23 15:19:14.511106,0.0,0.0,0.0
2022-01-23 15:19:15.009717,0.0,0.0,0.0
2022-01-23 15:19:15.505819,0.0,0.0,0.0
2022-01-23 15:19:16.009335,0.0,0.0,0.0
2022-01-23 15:19:16.505883,0.0,0.0,0.0
2022-01-23 15:19:17.005563,0.0,0.0,0.0
2022-01-23 15:19:17.502770,0.0,0.0,0.0
2022-01-23 15:19:18.011158,0.0,0.0,0.0
2022-01-23 15:19:18.507735,0.0,0.0,0.0
2022-01-23 15:19:19.008082,0.0,0.0,0.0
2022-01-23 15:19:19.502558,0.0,0.0,0.0
2022-01-23 15:19:20.010312,0.0,0.0,0.0
2022-01-23 15:19:20.505398,0.0,0.0,0.0
2022-01-23 15:19:21.007152,0.0,0.0,0.0
2022-01-23 15:19:21.503974,0.0,0.0,0.0
2022-01-23 15:19:22.002298,0.0,0.0,0.0
2022-01-23 15:19:22.509514,0.0,0.0,0.0
2022-01-23 15:19:23.007908,0.0,0.0,0.0
2022-01-23 15:19:23.503825,0.0,0.0,0.0
2022-01-23 15:19:24.002427,0.0,0.0,0.0
2022-01-23 15:19:24.507602,0.0,0.0,0.0
2022-01-23 15:19:25.006019,0.0,0.0,0.0
2022-01-23 15:19:25.510781,0.0,0.0,0.0
2022-01-23 15:19:26.008879,0.0,0.0,0.0
2022-01-23 15:19:26.506982,0.0,0.0,0.0
2022-01-23 15:19:27.005272,0.0,0.0,0.0
2022-01-23 15:19:27.502465,0.0,0.0,0.0
2022-01-23 15:19:28.001776,0.0,0.0,0.0
2022-01-23 15:19:28.508811,0.0,0.0,0.0
2022-01-23 15:19:29.007744,0.0,0.0,0.0
2022-01-23 15:19:29.503842,0.0,0.0,0.0
2022-01-23 15:19:30.003588,0.0,0.0,0.0
2022-01-23 15:19:30.510689,0.0,0.0,0.0
2022-01-23 15:19:31.003741,0.0,0.0,0.0
2022-01-23 15:19:31.503383,0.0,0.0,0.0
2022-01-23 15:19:32.003504,0.0,0.0,0.0
2022-01-23 15:19:32.509170,0.0,0.0,0.0
2022-01-23 15:19:33.008335,0.0,0.0,0.0
2022-01-23 15:19:33.503986,0.0,0.0,0.0
2022-01-23 15:19:34.003927,0.0,0.0,0.0
2022-01-23 15:19:34.501513,0.0,0.0,0.0
2022-01-23 15:19:35.011116,0.0,0.0,0.0
