時間,回転１,回転２,回転３
2022-01-23 14:00:00.002863,84.00888,84.3895,85.4527
2022-01-23 14:00:00.508030,84.05963,84.3895,85.4527
2022-01-23 14:00:01.006592,83.59549,84.132,85.64968
2022-01-23 14:00:01.502827,84.21434,84.3895,85.64968
2022-01-23 14:00:02.011178,84.11161,84.699,85.29625
2022-01-23 14:00:02.507207,84.26632,84.3895,85.29625
2022-01-23 14:00:03.006291,84.52377,84.59625,85.68833
2022-01-23 14:00:03.508351,83.7502,84.132,85.68833
2022-01-23 14:00:04.005658,84.36905,84.4415,85.4527
2022-01-23 14:00:05.004516,84.57575,84.803,86.00312
2022-01-23 14:00:05.510385,83.85417,84.3895,86.00312
2022-01-23 14:00:06.008280,84.26632,84.59625,85.41406
2022-01-23 14:00:06.503989,83.9569,84.02925,85.41406
2022-01-23 14:00:07.010757,84.88517,85.16325,85.21708
2022-01-23 14:00:07.506302,84.11161,84.28675,85.21708
2022-01-23 14:00:08.004333,84.05963,84.64825,85.68833
2022-01-23 14:00:08.510473,83.90492,84.28675,85.68833
2022-01-23 14:00:09.008307,84.05963,84.54425,85.72791
2022-01-23 14:00:09.503489,84.42104,84.699,85.72791
2022-01-23 14:00:10.001672,84.00888,84.3895,86.04176
2022-01-23 14:00:10.507078,84.26632,84.4415,86.04176
2022-01-23 14:00:11.002368,84.00888,84.132,85.4527
2022-01-23 14:00:11.509783,84.67848,85.16325,85.4527
2022-01-23 14:00:12.007793,84.11161,84.3895,85.53187
2022-01-23 14:00:12.503345,83.49276,84.02925,85.53187
2022-01-23 14:00:13.001302,84.57575,84.85375,86.23875
2022-01-23 14:00:13.507437,83.59549,83.92525,86.23875
2022-01-23 14:00:14.004861,84.67848,84.95775,85.06062
2022-01-23 14:00:14.501119,84.1636,84.184,85.06062
2022-01-23 14:00:15.009165,83.7502,84.3895,85.88531
2022-01-23 14:00:15.504453,84.36905,84.699,85.88531
2022-01-23 14:00:16.001817,84.11161,84.54425,85.92395
2022-01-23 14:00:16.507659,84.31831,84.54425,85.92395
2022-01-23 14:00:17.006020,83.7502,84.28675,85.41406
2022-01-23 14:00:17.501824,84.21434,84.184,85.41406
2022-01-23 14:00:18.010342,84.52377,84.59625,86.04176
2022-01-23 14:00:18.505765,84.11161,84.64825,86.04176
2022-01-23 14:00:19.005802,83.90492,84.28675,85.68833
2022-01-23 14:00:19.501900,84.05963,84.33875,85.68833
2022-01-23 14:00:20.010495,84.1636,84.4415,85.96354
2022-01-23 14:00:20.505648,84.36905,85.0085,85.96354
2022-01-23 14:00:21.003439,83.80219,84.132,86.35656
2022-01-23 14:00:21.510703,84.31831,84.23475,86.35656
2022-01-23 14:00:22.009120,84.21434,84.699,85.02104
2022-01-23 14:00:22.505840,84.57575,84.90575,85.02104
2022-01-23 14:00:23.003850,83.69946,84.184,85.6101
2022-01-23 14:00:23.503598,84.36905,84.64825,85.6101
2022-01-23 14:00:24.002659,83.90492,84.23475,85.4527
2022-01-23 14:00:24.508270,84.26632,84.4415,85.4527
2022-01-23 14:00:25.005778,84.21434,84.3895,85.09926
2022-01-23 14:00:25.503443,83.9569,84.3895,85.09926
2022-01-23 14:00:26.002300,84.1636,84.33875,86.00312
2022-01-23 14:00:26.507270,84.11161,84.699,86.00312
2022-01-23 14:00:27.005120,84.36905,84.59625,85.57051
2022-01-23 14:00:27.501367,83.85417,84.28675,85.57051
2022-01-23 14:00:28.009043,84.52377,84.803,85.17843
2022-01-23 14:00:28.505101,84.00888,84.02925,85.17843
2022-01-23 14:00:29.003201,84.47302,84.751,85.72791
2022-01-23 14:00:29.509906,84.26632,84.3895,85.72791
2022-01-23 14:00:30.008394,83.80219,84.4935,84.94281
2022-01-23 14:00:30.504653,84.21434,84.54425,84.94281
2022-01-23 14:00:31.002892,83.59549,83.97725,86.08135
2022-01-23 14:00:31.509261,85.03989,85.37,86.08135
2022-01-23 14:00:32.009992,83.64747,83.97725,86.35656
2022-01-23 14:00:32.508130,84.67848,84.90575,86.35656
2022-01-23 14:00:33.007561,84.05963,84.23475,85.21708
2022-01-23 14:00:33.502009,83.7502,84.28675,85.21708
2022-01-23 14:00:34.010212,84.26632,84.54425,85.88531
2022-01-23 14:00:34.507011,83.44078,84.02925,85.88531
2022-01-23 14:00:35.005114,84.52377,84.85375,85.09926
2022-01-23 14:00:35.502794,83.23532,83.8225,85.09926
2022-01-23 14:00:36.010868,84.78245,85.0085,85.49229
2022-01-23 14:00:36.501975,84.21434,84.33875,85.49229
2022-01-23 14:00:37.002178,84.42104,84.90575,85.57051
2022-01-23 14:00:37.500933,83.90492,84.23475,85.57051
2022-01-23 14:00:38.006373,83.9569,84.3895,85.6101
2022-01-23 14:00:38.510679,84.36905,84.803,85.6101
2022-01-23 14:00:39.004418,83.59549,84.184,85.17843
2022-01-23 14:00:39.504054,84.31831,84.64825,85.17843
2022-01-23 14:00:40.007165,83.9569,84.184,85.72791
2022-01-23 14:00:40.507648,84.62773,85.0085,85.72791
2022-01-23 14:00:41.002789,84.31831,84.64825,85.4527
2022-01-23 14:00:41.508886,83.7502,84.23475,85.4527
2022-01-23 14:00:42.007318,84.00888,84.184,85.53187
2022-01-23 14:00:42.503247,84.42104,84.85375,85.53187
2022-01-23 14:00:43.001364,84.1636,84.4935,85.17843
2022-01-23 14:00:43.507023,83.54475,83.66775,85.17843
2022-01-23 14:00:44.004852,84.62773,84.699,86.12093
2022-01-23 14:00:44.510220,83.80219,83.66775,86.12093
2022-01-23 14:00:45.006719,84.73046,85.16325,228.79187
2022-01-23 14:00:45.503502,83.69946,84.02925,228.79187
2022-01-23 14:00:46.002653,83.64747,83.97725,216.57801
2022-01-23 14:00:46.508482,84.36905,84.54425,216.57801
2022-01-23 14:00:47.008190,83.80219,84.184,151.30989
2022-01-23 14:00:47.505335,84.31831,84.4935,151.30989
2022-01-23 14:00:48.003478,83.80219,84.02925,92.60062
2022-01-23 14:00:48.509012,84.31831,84.4935,92.60062
2022-01-23 14:00:49.007354,84.31831,84.54425,98.9625
2022-01-23 14:00:49.503568,84.05963,84.3895,98.9625
2022-01-23 14:00:50.006648,83.80219,84.02925,88.595
2022-01-23 14:00:50.502975,84.05963,84.54425,88.595
2022-01-23 14:00:51.001637,84.21434,84.64825,87.57333
2022-01-23 14:00:51.508016,84.42104,84.59625,87.57333
2022-01-23 14:00:52.005947,83.80219,84.132,86.27739
2022-01-23 14:00:52.501290,84.05963,84.28675,86.27739
2022-01-23 14:00:53.010662,84.05963,84.64825,86.3952
2022-01-23 14:00:53.507306,84.62773,84.95775,86.3952
2022-01-23 14:00:54.006637,83.49276,83.97725,86.35656
2022-01-23 14:00:54.503336,84.26632,84.64825,86.35656
2022-01-23 14:00:55.002989,84.31831,84.54425,86.04176
2022-01-23 14:00:55.510309,84.36905,84.751,86.04176
2022-01-23 14:00:56.009194,84.21434,84.59625,86.08135
2022-01-23 14:00:56.503539,83.90492,84.28675,86.08135
2022-01-23 14:00:57.011198,84.47302,84.803,86.08135
2022-01-23 14:00:57.507613,84.11161,84.751,86.08135
2022-01-23 14:00:58.007383,84.21434,84.699,86.47437
2022-01-23 14:00:58.502628,84.00888,84.23475,86.47437
2022-01-23 14:00:59.001132,84.36905,84.699,85.53187
2022-01-23 14:00:59.509177,84.21434,84.54425,85.53187
2022-01-23 14:01:00.008263,83.80219,84.33875,85.53187
2022-01-23 14:01:00.501153,84.42104,84.751,85.53187
2022-01-23 14:01:01.009970,83.69946,84.02925,85.64968
2022-01-23 14:01:01.504991,84.83319,85.37,85.64968
2022-01-23 14:01:02.003953,83.39003,83.565,85.41406
2022-01-23 14:01:02.509537,84.88517,85.1125,85.41406
2022-01-23 14:01:03.007904,84.00888,84.28675,85.72791
2022-01-23 14:01:03.503301,83.80219,84.33875,85.72791
2022-01-23 14:01:04.001326,84.00888,84.28675,86.12093
2022-01-23 14:01:04.507248,84.26632,84.4415,86.12093
2022-01-23 14:01:05.005158,84.21434,84.4935,85.37447
2022-01-23 14:01:05.510839,84.11161,84.54425,85.37447
2022-01-23 14:01:06.008634,84.21434,84.3895,85.29625
2022-01-23 14:01:06.502811,84.36905,84.3895,85.29625
2022-01-23 14:01:07.011089,84.26632,84.803,85.33489
2022-01-23 14:01:07.510826,83.85417,84.28675,85.33489
2022-01-23 14:01:08.007779,84.05963,84.3895,85.64968
2022-01-23 14:01:08.502707,84.52377,84.90575,85.64968
2022-01-23 14:01:09.010259,83.90492,84.23475,85.33489
2022-01-23 14:01:09.505080,84.52377,84.803,85.33489
2022-01-23 14:01:10.003119,84.21434,84.28675,85.92395
2022-01-23 14:01:10.507172,83.85417,84.3895,85.92395
2022-01-23 14:01:11.001684,84.1636,84.59625,86.19916
2022-01-23 14:01:11.508064,84.21434,84.803,86.19916
2022-01-23 14:01:12.007703,83.90492,84.23475,85.29625
2022-01-23 14:01:12.503890,84.1636,84.64825,85.29625
2022-01-23 14:01:13.002543,84.05963,84.184,85.84572
2022-01-23 14:01:13.507999,84.73046,84.751,85.84572
2022-01-23 14:01:14.006543,84.1636,84.4935,85.80614
2022-01-23 14:01:14.510453,83.44078,83.7705,85.80614
2022-01-23 14:01:15.007929,84.00888,84.4415,85.7675
2022-01-23 14:01:15.503402,84.26632,84.64825,85.7675
2022-01-23 14:01:16.003369,84.31831,84.803,86.82781
2022-01-23 14:01:16.501185,83.90492,84.28675,86.82781
2022-01-23 14:01:17.010711,84.11161,84.132,86.00312
2022-01-23 14:01:17.505367,84.47302,84.90575,86.00312
2022-01-23 14:01:18.003407,84.83319,85.26725,85.7675
2022-01-23 14:01:18.508294,83.08061,83.513,85.7675
2022-01-23 14:01:19.005877,84.42104,84.699,85.84572
2022-01-23 14:01:19.510777,83.80219,84.23475,85.84572
2022-01-23 14:01:20.008590,84.67848,85.0605,85.37447
2022-01-23 14:01:20.510255,83.7502,84.23475,85.37447
2022-01-23 14:01:21.009506,84.00888,84.23475,85.72791
2022-01-23 14:01:21.504886,84.26632,84.699,85.72791
2022-01-23 14:01:22.003387,84.11161,84.59625,86.00312
2022-01-23 14:01:22.508907,84.62773,85.0605,86.00312
2022-01-23 14:01:23.006728,83.54475,83.97725,85.68833
2022-01-23 14:01:23.502828,84.42104,84.85375,85.68833
2022-01-23 14:01:24.010661,83.69946,84.08,85.7675
2022-01-23 14:01:24.505473,84.57575,84.59625,85.7675
2022-01-23 14:01:25.004638,84.42104,84.64825,85.13885
2022-01-23 14:01:25.510770,83.80219,84.132,86.3952
2022-01-23 14:01:27.006430,84.93716,85.26725,86.00312
2022-01-23 14:01:27.509078,83.69946,84.184,86.00312
2022-01-23 14:01:28.006343,84.11161,84.28675,85.4527
2022-01-23 14:01:28.501429,84.47302,84.59625,85.4527
2022-01-23 14:01:29.008888,84.36905,84.4935,85.53187
2022-01-23 14:01:29.504391,83.85417,84.28675,85.53187
2022-01-23 14:01:30.002094,83.85417,84.23475,85.96354
2022-01-23 14:01:30.508360,84.47302,84.699,85.96354
2022-01-23 14:01:31.007314,83.7502,84.4935,85.57051
2022-01-23 14:01:31.503123,84.42104,84.803,85.57051
2022-01-23 14:01:32.001873,84.1636,84.4415,85.41406
2022-01-23 14:01:32.508864,84.1636,84.28675,85.41406
2022-01-23 14:01:33.007157,84.26632,84.64825,86.04176
2022-01-23 14:01:33.503395,84.00888,84.54425,86.04176
2022-01-23 14:01:34.002997,84.21434,84.64825,85.57051
2022-01-23 14:01:34.508097,84.00888,84.59625,85.57051
2022-01-23 14:01:35.007563,83.90492,84.02925,85.72791
2022-01-23 14:01:35.503298,84.47302,84.751,85.72791
2022-01-23 14:01:36.001850,84.1636,84.3895,85.4527
2022-01-23 14:01:36.509846,84.52377,84.85375,85.4527
2022-01-23 14:01:37.007260,83.59549,84.08,85.41406
2022-01-23 14:01:37.501224,83.9569,84.54425,85.41406
2022-01-23 14:01:38.009740,84.42104,84.90575,86.27739
2022-01-23 14:01:38.505229,84.36905,84.59625,86.27739
2022-01-23 14:01:39.003876,83.64747,84.184,86.08135
2022-01-23 14:01:39.510979,84.21434,84.184,86.08135
2022-01-23 14:01:40.008873,84.36905,84.4415,85.02104
2022-01-23 14:01:40.503607,83.80219,84.4415,85.02104
2022-01-23 14:01:41.001780,84.1636,84.803,86.19916
2022-01-23 14:01:41.506310,83.49276,83.92525,86.19916
2022-01-23 14:01:42.004535,84.88517,85.16325,85.68833
2022-01-23 14:01:42.508416,83.9569,84.33875,85.68833
2022-01-23 14:01:43.008474,84.05963,84.184,85.09926
2022-01-23 14:01:43.504323,84.26632,84.54425,85.09926
2022-01-23 14:01:44.002877,83.7502,83.97725,85.37447
2022-01-23 14:01:44.509000,84.78245,85.318,85.37447
2022-01-23 14:01:45.007214,83.33805,83.8225,85.7675
2022-01-23 14:01:45.502396,84.67848,84.95775,85.7675
2022-01-23 14:01:46.010909,83.7502,84.132,85.68833
2022-01-23 14:01:46.508566,84.73046,85.0085,85.68833
2022-01-23 14:01:47.006248,84.67848,84.699,86.04176
2022-01-23 14:01:47.502729,83.59549,83.8745,86.04176
2022-01-23 14:01:48.010741,84.47302,85.0605,85.09926
2022-01-23 14:01:48.506015,83.59549,83.8745,85.09926
2022-01-23 14:01:49.004118,84.9879,85.318,85.57051
2022-01-23 14:01:49.510651,83.28607,83.7705,85.57051
2022-01-23 14:01:50.009784,84.11161,84.4415,86.00312
2022-01-23 14:01:50.504420,84.42104,84.59625,86.00312
2022-01-23 14:01:51.004147,84.21434,84.59625,84.78541
2022-01-23 14:01:51.509733,84.21434,84.803,84.78541
2022-01-23 14:01:52.007183,83.90492,84.3895,86.23875
2022-01-23 14:01:52.510741,84.1636,84.59625,86.23875
2022-01-23 14:01:53.008816,84.11161,84.4935,85.29625
2022-01-23 14:01:53.503310,84.52377,84.751,85.29625
2022-01-23 14:01:54.002511,83.7502,84.08,85.68833
2022-01-23 14:01:54.510505,84.57575,84.803,85.68833
2022-01-23 14:01:55.009278,83.80219,84.132,85.29625
2022-01-23 14:01:55.505221,84.00888,84.54425,85.29625
2022-01-23 14:01:56.002798,84.21434,84.54425,85.92395
2022-01-23 14:01:56.509121,83.7502,84.184,85.92395
2022-01-23 14:01:57.007539,84.83319,85.1125,85.41406
2022-01-23 14:01:57.502298,83.69946,83.97725,85.41406
2022-01-23 14:01:58.010686,84.73046,84.85375,86.59218
2022-01-23 14:01:58.504746,84.05963,84.28675,86.59218
2022-01-23 14:01:59.002867,84.00888,84.64825,86.12093
2022-01-23 14:01:59.508620,83.90492,84.23475,86.12093
2022-01-23 14:02:00.005894,84.11161,84.4935,86.00312
2022-01-23 14:02:00.509366,84.00888,84.28675,86.00312
2022-01-23 14:02:01.007652,83.9569,84.59625,85.84572
2022-01-23 14:02:01.503493,84.47302,84.699,85.84572
2022-01-23 14:02:02.003387,83.9569,84.23475,85.25666
2022-01-23 14:02:02.509120,84.52377,84.85375,85.25666
2022-01-23 14:02:03.007590,84.11161,84.699,85.53187
2022-01-23 14:02:03.504573,83.64747,84.08,85.53187
2022-01-23 14:02:04.003135,84.62773,84.85375,85.96354
2022-01-23 14:02:04.508936,83.39003,84.02925,85.96354
2022-01-23 14:02:05.006718,84.42104,84.803,85.09926
2022-01-23 14:02:05.502324,84.26632,84.54425,85.09926
2022-01-23 14:02:06.011131,83.69946,84.08,85.7675
2022-01-23 14:02:06.507395,84.78245,85.21525,85.7675
2022-01-23 14:02:07.005280,83.7502,84.184,85.57051
2022-01-23 14:02:07.502445,84.52377,84.751,85.57051
2022-01-23 14:02:08.010783,83.59549,84.23475,85.29625
2022-01-23 14:02:08.507026,84.21434,84.23475,85.29625
2022-01-23 14:02:09.005368,84.67848,84.803,85.7675
2022-01-23 14:02:09.501262,83.7502,83.8745,85.7675
2022-01-23 14:02:10.008886,84.36905,84.95775,85.37447
2022-01-23 14:02:10.505331,83.49276,83.97725,85.37447
2022-01-23 14:02:11.010235,84.62773,84.90575,85.68833
2022-01-23 14:02:11.504406,83.85417,84.3895,85.68833
2022-01-23 14:02:12.001807,84.21434,84.3895,86.31697
2022-01-23 14:02:12.506619,84.1636,84.59625,86.31697
2022-01-23 14:02:13.003093,84.1636,84.28675,85.84572
2022-01-23 14:02:13.508106,84.67848,84.90575,85.84572
2022-01-23 14:02:14.006718,83.59549,84.132,85.88531
2022-01-23 14:02:14.503630,84.26632,84.59625,85.88531
2022-01-23 14:02:15.002939,83.90492,84.33875,85.6101
2022-01-23 14:02:15.508603,84.47302,84.699,85.6101
2022-01-23 14:02:16.007222,83.85417,84.33875,85.6101
2022-01-23 14:02:16.502400,84.31831,84.4935,85.6101
2022-01-23 14:02:17.504960,84.47302,85.0605,85.49229
2022-01-23 14:02:18.002460,84.31831,84.54425,86.15958
2022-01-23 14:02:18.510403,83.64747,84.02925,86.15958
2022-01-23 14:02:19.009132,84.42104,84.59625,84.94281
2022-01-23 14:02:19.503426,83.85417,84.59625,84.94281
2022-01-23 14:02:20.001167,84.67848,84.751,86.19916
2022-01-23 14:02:20.508222,83.69946,83.92525,86.19916
2022-01-23 14:02:21.008009,84.26632,84.751,86.00312
2022-01-23 14:02:21.502727,83.9569,84.3895,86.00312
2022-01-23 14:02:22.002005,84.31831,84.699,85.17843
2022-01-23 14:02:22.508697,84.26632,84.4415,85.17843
2022-01-23 14:02:23.006777,83.69946,84.184,85.57051
2022-01-23 14:02:23.503033,84.52377,84.54425,85.57051
2022-01-23 14:02:24.002524,84.47302,84.59625,86.63083
2022-01-23 14:02:24.507760,84.52377,84.64825,86.63083
2022-01-23 14:02:25.007102,83.59549,84.132,85.4527
2022-01-23 14:02:25.506254,83.9569,84.59625,85.4527
2022-01-23 14:02:26.004106,84.36905,84.59625,85.49229
2022-01-23 14:02:26.510091,83.69946,84.3895,85.49229
2022-01-23 14:02:27.008323,84.62773,84.803,85.53187
2022-01-23 14:02:27.503432,84.00888,84.28675,85.53187
2022-01-23 14:02:28.504650,84.47302,84.803,85.92395
2022-01-23 14:02:29.002861,83.7502,84.08,86.08135
2022-01-23 14:02:29.508230,84.05963,84.4415,86.08135
2022-01-23 14:02:30.006749,83.9569,84.54425,85.13885
2022-01-23 14:02:30.502869,83.90492,84.08,85.13885
2022-01-23 14:02:31.010703,84.83319,85.422,86.51301
2022-01-23 14:02:31.507964,83.80219,84.08,86.51301
2022-01-23 14:02:32.007977,84.52377,84.90575,85.84572
2022-01-23 14:02:32.504318,83.64747,84.08,85.84572
2022-01-23 14:02:33.002563,84.36905,84.699,85.21708
2022-01-23 14:02:33.507404,84.21434,84.54425,85.21708
2022-01-23 14:02:34.006609,83.69946,83.92525,85.7675
2022-01-23 14:02:34.502737,84.1636,84.699,85.7675
2022-01-23 14:02:35.001940,84.26632,84.3895,85.68833
2022-01-23 14:02:35.507436,84.62773,84.85375,85.68833
2022-01-23 14:02:36.005143,83.90492,84.3895,85.02104
2022-01-23 14:02:36.501244,84.1636,84.33875,85.02104
2022-01-23 14:02:37.009193,83.7502,84.184,86.35656
2022-01-23 14:02:37.509789,84.42104,84.699,86.35656
2022-01-23 14:02:38.001679,84.36905,84.90575,86.5526
2022-01-23 14:02:38.507327,83.85417,84.02925,86.5526
2022-01-23 14:02:39.004981,84.31831,84.4935,85.33489
2022-01-23 14:02:39.502436,84.11161,84.54425,85.33489
2022-01-23 14:02:40.010252,84.62773,85.0085,85.6101
2022-01-23 14:02:40.505125,83.85417,84.33875,85.6101
2022-01-23 14:02:41.002627,83.9569,84.23475,86.08135
2022-01-23 14:02:41.501529,83.64747,84.3895,86.08135
2022-01-23 14:02:42.009742,84.93716,85.16325,85.4527
2022-01-23 14:02:42.506538,84.31831,84.54425,85.4527
2022-01-23 14:02:43.005131,83.69946,83.97725,86.08135
2022-01-23 14:02:43.510312,84.31831,84.4415,86.08135
2022-01-23 14:02:44.008885,84.1636,84.803,85.21708
2022-01-23 14:02:44.503565,84.57575,84.64825,85.21708
2022-01-23 14:02:45.002460,83.49276,84.184,85.96354
2022-01-23 14:02:45.508325,84.1636,84.4415,85.96354
2022-01-23 14:02:46.007949,84.31831,84.54425,86.59218
2022-01-23 14:02:46.503324,84.36905,84.751,86.59218
2022-01-23 14:02:47.010772,84.11161,84.23475,85.49229
2022-01-23 14:02:47.507277,84.21434,84.59625,85.49229
2022-01-23 14:02:48.006037,84.05963,84.33875,86.74864
2022-01-23 14:02:48.503113,84.11161,84.54425,86.74864
2022-01-23 14:02:49.001768,84.57575,84.59625,85.57051
2022-01-23 14:02:49.507315,83.49276,84.132,85.57051
2022-01-23 14:02:50.005746,84.11161,84.23475,86.35656
2022-01-23 14:02:50.511089,84.42104,84.59625,86.35656
2022-01-23 14:02:51.005729,83.7502,84.33875,85.17843
2022-01-23 14:02:51.501399,84.47302,84.699,85.17843
2022-01-23 14:02:52.009730,83.54475,84.132,85.4527
2022-01-23 14:02:52.505269,84.21434,84.184,85.4527
2022-01-23 14:02:53.006436,84.47302,85.0085,85.6101
2022-01-23 14:02:53.501999,84.05963,84.184,85.6101
2022-01-23 14:02:54.008712,84.26632,84.3895,85.96354
2022-01-23 14:02:54.503578,83.85417,84.184,85.96354
2022-01-23 14:02:55.002886,84.36905,84.699,84.86364
2022-01-23 14:02:55.509023,84.36905,84.85375,84.86364
2022-01-23 14:02:56.006967,83.7502,84.23475,85.68833
2022-01-23 14:02:56.502329,84.36905,85.21525,85.68833
2022-01-23 14:02:57.010205,83.9569,84.184,86.43479
2022-01-23 14:02:57.508538,84.52377,84.59625,86.43479
2022-01-23 14:02:58.006288,83.90492,84.33875,85.02104
2022-01-23 14:02:58.500945,84.21434,84.4935,85.02104
2022-01-23 14:02:59.009176,83.64747,84.08,86.23875
2022-01-23 14:02:59.505755,84.21434,84.23475,86.23875
2022-01-23 14:03:00.003299,84.11161,84.90575,85.80614
2022-01-23 14:03:00.507846,84.47302,84.64825,85.80614
2022-01-23 14:03:01.005975,84.36905,84.4935,85.57051
2022-01-23 14:03:01.503977,83.85417,84.23475,85.4527
2022-01-23 14:03:02.003381,84.36905,84.59625,85.4527
2022-01-23 14:03:02.508508,84.11161,84.54425,85.4527
2022-01-23 14:03:03.007238,84.1636,84.33875,86.23875
2022-01-23 14:03:03.505174,83.49276,84.132,86.23875
2022-01-23 14:03:04.003661,84.78245,84.85375,85.33489
2022-01-23 14:03:04.509455,84.47302,84.64825,85.33489
2022-01-23 14:03:05.010310,83.9569,84.08,85.84572
2022-01-23 14:03:05.506388,84.31831,84.54425,85.84572
2022-01-23 14:03:06.006862,83.18334,83.461,85.29625
2022-01-23 14:03:06.502256,84.67848,84.85375,85.29625
2022-01-23 14:03:07.010638,84.00888,84.64825,200.5951
2022-01-23 14:03:07.506759,83.44078,83.7705,200.5951
2022-01-23 14:03:08.005857,84.52377,84.803,241.28
2022-01-23 14:03:08.505549,83.90492,84.08,241.28
2022-01-23 14:03:09.003049,84.83319,84.803,190.2276
2022-01-23 14:03:10.005003,83.9569,84.184,118.79364
2022-01-23 14:03:10.510452,83.90492,84.4415,118.79364
2022-01-23 14:03:11.008024,84.36905,84.64825,91.57895
2022-01-23 14:03:11.503660,83.59549,84.23475,91.57895
2022-01-23 14:03:12.002462,84.1636,84.132,95.34895
2022-01-23 14:03:12.507585,84.1636,84.33875,95.34895
2022-01-23 14:03:13.006176,84.26632,84.803,88.2802
2022-01-23 14:03:13.501670,84.26632,84.3895,88.2802
2022-01-23 14:03:14.009640,83.85417,84.33875,85.92395
2022-01-23 14:03:14.504503,84.1636,84.3895,85.92395
2022-01-23 14:03:15.004307,83.9569,84.751,86.31697
2022-01-23 14:03:15.510741,84.47302,84.59625,86.31697
2022-01-23 14:03:16.001824,83.9569,84.132,86.00312
2022-01-23 14:03:16.508200,84.11161,84.59625,86.00312
2022-01-23 14:03:17.006418,84.31831,84.59625,86.19916
2022-01-23 14:03:17.502173,84.00888,84.4415,86.19916
2022-01-23 14:03:18.001814,84.52377,84.751,86.12093
2022-01-23 14:03:18.506249,83.59549,84.28675,86.12093
2022-01-23 14:03:19.004112,84.31831,84.4935,86.78822
2022-01-23 14:03:19.510712,84.36905,84.54425,86.78822
2022-01-23 14:03:20.007796,83.9569,84.184,85.25666
2022-01-23 14:03:20.504333,84.47302,84.699,85.25666
2022-01-23 14:03:21.003819,83.9569,84.54425,86.67041
2022-01-23 14:03:21.509759,84.36905,84.54425,86.67041
2022-01-23 14:03:22.007524,84.26632,84.85375,85.41406
2022-01-23 14:03:22.502817,83.90492,84.23475,85.41406
2022-01-23 14:03:23.001973,84.47302,84.803,85.29625
2022-01-23 14:03:23.507287,83.80219,84.132,85.29625
2022-01-23 14:03:24.008978,84.57575,84.4935,86.31697
2022-01-23 14:03:24.507121,83.85417,84.33875,86.31697
2022-01-23 14:03:25.006276,84.26632,84.3895,85.88531
2022-01-23 14:03:25.502249,84.21434,84.751,85.88531
2022-01-23 14:03:26.010445,84.1636,84.4415,85.49229
2022-01-23 14:03:26.506647,84.1636,84.64825,85.49229
2022-01-23 14:03:27.007649,84.00888,84.3895,85.7675
2022-01-23 14:03:27.506707,84.31831,84.4935,85.7675
2022-01-23 14:03:28.005773,83.90492,84.4415,85.37447
2022-01-23 14:03:28.502871,84.47302,84.64825,85.37447
2022-01-23 14:03:29.505101,84.31831,84.33875,85.25666
2022-01-23 14:03:30.003385,83.7502,84.33875,85.41406
2022-01-23 14:03:30.509857,84.36905,84.59625,85.41406
2022-01-23 14:03:31.008399,84.26632,84.23475,85.13885
2022-01-23 14:03:31.504408,84.11161,84.699,85.13885
2022-01-23 14:03:32.002506,84.21434,84.4935,86.00312
2022-01-23 14:03:32.501281,83.85417,84.4935,86.00312
2022-01-23 14:03:33.010805,84.67848,84.803,86.27739
2022-01-23 14:03:33.507843,83.7502,84.23475,86.27739
2022-01-23 14:03:34.004763,84.62773,84.751,85.68833
2022-01-23 14:03:34.511318,83.9569,83.97725,85.68833
2022-01-23 14:03:35.009259,84.57575,84.90575,85.84572
2022-01-23 14:03:35.506223,84.21434,84.4415,85.84572
2022-01-23 14:03:36.004028,83.69946,84.33875,85.92395
2022-01-23 14:03:36.510310,84.31831,84.751,85.92395
2022-01-23 14:03:37.007088,83.59549,84.23475,85.37447
2022-01-23 14:03:37.503534,85.03989,85.26725,85.37447
2022-01-23 14:03:38.003811,83.80219,83.97725,85.41406
2022-01-23 14:03:38.510926,84.05963,84.3895,85.41406
2022-01-23 14:03:39.008512,84.00888,84.33875,85.02104
2022-01-23 14:03:39.503911,84.21434,84.95775,85.02104
2022-01-23 14:03:40.002259,84.21434,84.59625,85.68833
2022-01-23 14:03:40.509032,83.49276,84.08,85.68833
2022-01-23 14:03:41.006972,84.47302,84.64825,86.08135
2022-01-23 14:03:41.502368,84.47302,84.90575,86.08135
2022-01-23 14:03:42.010488,84.52377,84.90575,85.53187
2022-01-23 14:03:42.507215,84.21434,84.28675,85.53187
2022-01-23 14:03:43.003719,83.69946,84.28675,86.00312
2022-01-23 14:03:43.510813,84.11161,84.4935,86.00312
2022-01-23 14:03:44.008984,84.21434,84.90575,85.33489
2022-01-23 14:03:44.505165,84.05963,84.184,85.33489
2022-01-23 14:03:45.003291,84.1636,84.54425,85.4527
2022-01-23 14:03:45.509490,84.1636,84.28675,85.4527
2022-01-23 14:03:46.007630,84.78245,84.803,85.68833
2022-01-23 14:03:46.504962,84.21434,84.90575,85.68833
2022-01-23 14:03:47.004261,83.80219,84.08,85.84572
2022-01-23 14:03:47.509051,83.90492,84.3895,85.84572
2022-01-23 14:03:48.006696,84.26632,84.54425,85.25666
2022-01-23 14:03:48.501653,84.05963,84.54425,85.25666
2022-01-23 14:03:49.010116,84.21434,84.4935,86.51301
2022-01-23 14:03:49.505711,84.11161,84.28675,86.51301
2022-01-23 14:03:50.002457,84.26632,84.699,85.49229
2022-01-23 14:03:50.507865,84.31831,84.59625,85.49229
2022-01-23 14:03:51.006062,84.00888,84.59625,85.13885
2022-01-23 14:03:51.501966,84.1636,84.28675,85.13885
2022-01-23 14:03:52.009331,83.80219,84.4935,86.35656
2022-01-23 14:03:52.506518,84.31831,84.54425,86.35656
2022-01-23 14:03:53.004187,84.47302,84.4935,86.00312
2022-01-23 14:03:53.510840,84.21434,84.699,86.00312
2022-01-23 14:03:54.008849,83.80219,84.08,86.19916
2022-01-23 14:03:54.503627,84.05963,84.64825,86.19916
2022-01-23 14:03:55.002332,84.57575,84.59625,85.7675
2022-01-23 14:03:55.507393,83.33805,84.02925,85.7675
2022-01-23 14:03:56.007689,84.57575,84.95775,85.72791
2022-01-23 14:03:56.503443,83.59549,83.71975,85.72791
2022-01-23 14:03:57.002692,84.52377,84.95775,85.33489
2022-01-23 14:03:57.508958,84.26632,84.54425,85.33489
2022-01-23 14:03:58.008182,83.90492,84.54425,85.6101
2022-01-23 14:03:58.503347,84.42104,84.64825,85.6101
2022-01-23 14:03:59.011065,83.64747,84.132,85.29625
2022-01-23 14:03:59.505831,84.52377,84.803,85.29625
2022-01-23 14:04:00.003455,84.05963,84.4935,86.00312
2022-01-23 14:04:00.509804,83.90492,84.33875,86.00312
2022-01-23 14:04:01.007918,84.11161,84.132,86.78822
2022-01-23 14:04:01.502712,83.9569,84.54425,86.78822
2022-01-23 14:04:02.009672,84.36905,84.64825,85.4527
2022-01-23 14:04:02.505686,83.80219,84.4935,85.4527
2022-01-23 14:04:03.004049,84.05963,84.23475,86.19916
2022-01-23 14:04:03.510315,83.90492,84.28675,86.19916
2022-01-23 14:04:04.007870,84.62773,84.95775,85.53187
2022-01-23 14:04:04.505237,84.1636,84.3895,85.53187
2022-01-23 14:04:05.003200,83.7502,84.23475,85.33489
2022-01-23 14:04:05.508068,84.11161,84.3895,85.33489
2022-01-23 14:04:06.004009,84.47302,84.95775,85.68833
2022-01-23 14:04:06.509104,84.05963,84.3895,85.68833
2022-01-23 14:04:07.006962,83.9569,84.33875,85.72791
2022-01-23 14:04:07.510757,83.9569,84.33875,85.72791
2022-01-23 14:04:08.010121,84.1636,84.08,85.7675
2022-01-23 14:04:08.505260,84.57575,85.21525,85.7675
2022-01-23 14:04:09.004703,83.90492,84.02925,85.92395
2022-01-23 14:04:09.509882,84.47302,84.90575,85.92395
2022-01-23 14:04:10.006766,83.7502,84.08,86.31697
2022-01-23 14:04:10.502673,84.21434,84.803,86.31697
2022-01-23 14:04:11.006854,84.36905,84.64825,85.68833
2022-01-23 14:04:11.502108,84.42104,84.3895,85.68833
2022-01-23 14:04:12.011002,83.85417,84.4415,85.64968
2022-01-23 14:04:12.506112,84.26632,84.59625,85.64968
2022-01-23 14:04:13.005870,84.1636,84.59625,84.94281
2022-01-23 14:04:13.502116,84.31831,84.4935,84.94281
2022-01-23 14:04:14.010782,83.7502,84.33875,85.88531
2022-01-23 14:04:14.505699,83.85417,84.08,85.88531
2022-01-23 14:04:15.003705,84.73046,84.803,85.4527
2022-01-23 14:04:15.509109,84.26632,84.64825,85.4527
2022-01-23 14:04:16.007357,83.85417,84.23475,85.37447
2022-01-23 14:04:16.503139,83.9569,84.4935,85.37447
2022-01-23 14:04:17.011139,84.36905,84.4935,85.88531
2022-01-23 14:04:17.507596,83.90492,84.33875,85.88531
2022-01-23 14:04:18.006825,84.47302,84.803,85.6101
2022-01-23 14:04:18.503146,83.7502,84.02925,85.6101
2022-01-23 14:04:19.002378,84.52377,84.85375,84.78541
2022-01-23 14:04:19.507543,84.67848,84.751,84.78541
2022-01-23 14:04:20.005933,83.7502,84.184,85.68833
2022-01-23 14:04:20.510930,84.42104,84.85375,85.68833
2022-01-23 14:04:21.010049,83.39003,83.8225,86.04176
2022-01-23 14:04:21.506744,84.52377,84.803,86.04176
2022-01-23 14:04:22.004487,83.85417,84.132,85.92395
2022-01-23 14:04:22.501405,84.31831,84.85375,85.92395
2022-01-23 14:04:23.009727,84.62773,84.699,85.72791
2022-01-23 14:04:23.506010,83.64747,84.02925,85.72791
2022-01-23 14:04:24.004528,84.62773,84.85375,85.4527
2022-01-23 14:04:24.510639,83.90492,84.28675,85.4527
2022-01-23 14:04:25.009089,84.36905,84.59625,85.21708
2022-01-23 14:04:25.506603,83.59549,84.184,85.21708
2022-01-23 14:04:26.003876,84.36905,84.803,85.92395
2022-01-23 14:04:26.501129,84.36905,84.4415,85.92395
2022-01-23 14:04:27.009724,84.1636,84.751,85.6101
2022-01-23 14:04:27.504670,83.90492,84.132,85.6101
2022-01-23 14:04:28.003787,84.1636,84.33875,85.33489
2022-01-23 14:04:28.510491,84.26632,84.64825,85.33489
2022-01-23 14:04:29.008177,84.00888,84.4415,85.49229
2022-01-23 14:04:29.503483,84.00888,84.28675,85.49229
2022-01-23 14:04:30.003824,84.36905,84.751,85.29625
2022-01-23 14:04:30.509543,84.42104,84.85375,85.29625
2022-01-23 14:04:31.008956,84.11161,84.28675,85.29625
2022-01-23 14:04:31.503801,84.11161,84.59625,85.29625
2022-01-23 14:04:32.003468,84.05963,84.33875,86.12093
2022-01-23 14:04:32.510321,83.59549,84.184,86.12093
2022-01-23 14:04:33.006554,84.31831,84.751,85.57051
2022-01-23 14:04:33.501838,84.1636,84.4935,85.57051
2022-01-23 14:04:34.010783,84.47302,84.803,85.49229
2022-01-23 14:04:34.507412,84.21434,84.4415,85.49229
2022-01-23 14:04:35.004858,84.31831,84.803,85.49229
2022-01-23 14:04:35.503343,84.57575,84.751,85.49229
2022-01-23 14:04:36.001178,83.80219,84.184,86.31697
2022-01-23 14:04:36.508205,84.05963,84.4935,86.31697
2022-01-23 14:04:37.006063,84.11161,84.54425,85.57051
2022-01-23 14:04:37.502661,84.00888,84.4415,85.57051
2022-01-23 14:04:38.010903,84.52377,84.699,86.27739
2022-01-23 14:04:38.506802,83.80219,84.28675,86.27739
2022-01-23 14:04:39.004696,84.47302,84.90575,85.64968
2022-01-23 14:04:39.503062,84.21434,84.4935,85.64968
2022-01-23 14:04:40.002449,84.26632,84.4415,85.88531
2022-01-23 14:04:40.508399,83.64747,83.92525,85.88531
2022-01-23 14:04:41.005509,84.42104,84.85375,85.64968
2022-01-23 14:04:41.502448,84.36905,84.4935,85.64968
2022-01-23 14:04:42.008554,83.54475,83.97725,85.41406
2022-01-23 14:04:42.503553,84.67848,84.85375,85.41406
2022-01-23 14:04:43.001796,83.64747,84.08,85.25666
2022-01-23 14:04:43.507546,85.09187,85.47275,85.25666
2022-01-23 14:04:44.005735,83.28607,83.66775,86.04176
2022-01-23 14:04:44.503443,84.36905,84.64825,86.04176
2022-01-23 14:04:45.001878,84.42104,84.59625,85.92395
2022-01-23 14:04:45.508707,83.44078,83.92525,85.92395
2022-01-23 14:04:46.008464,84.67848,85.1125,85.33489
2022-01-23 14:04:46.503819,83.59549,83.97725,85.33489
2022-01-23 14:04:47.003037,84.26632,84.54425,84.94281
2022-01-23 14:04:47.508896,83.80219,84.3895,84.94281
2022-01-23 14:04:48.007782,84.05963,84.4415,85.49229
2022-01-23 14:04:48.503686,84.62773,84.59625,85.49229
2022-01-23 14:04:49.003268,84.05963,84.3895,86.00312
2022-01-23 14:04:49.508940,84.11161,84.54425,86.00312
2022-01-23 14:04:50.006808,83.7502,84.23475,85.06062
2022-01-23 14:04:50.502157,84.88517,85.26725,85.06062
2022-01-23 14:04:51.001217,83.39003,83.61575,85.64968
2022-01-23 14:04:51.506373,84.67848,85.21525,85.64968
2022-01-23 14:04:52.004920,83.54475,83.71975,85.7675
2022-01-23 14:04:52.510283,84.93716,85.16325,85.7675
2022-01-23 14:04:53.001996,83.9569,84.08,84.78541
2022-01-23 14:04:53.509984,84.1636,84.699,84.78541
2022-01-23 14:04:54.008645,83.9569,84.184,86.67041
2022-01-23 14:04:54.504515,84.05963,84.59625,86.67041
2022-01-23 14:04:55.002453,84.57575,84.90575,85.49229
2022-01-23 14:04:55.507887,83.90492,84.33875,85.49229
2022-01-23 14:04:56.006484,84.57575,84.751,85.80614
2022-01-23 14:04:56.501254,83.85417,83.92525,85.80614
2022-01-23 14:04:57.010223,84.1636,84.59625,86.12093
2022-01-23 14:04:57.506773,84.21434,84.54425,86.12093
2022-01-23 14:04:58.006504,83.69946,84.08,85.41406
2022-01-23 14:04:58.505669,84.57575,84.85375,85.41406
2022-01-23 14:04:59.003633,83.49276,84.02925,85.13885
2022-01-23 14:04:59.510051,84.88517,85.16325,85.13885
2022-01-23 14:05:00.007829,84.47302,84.4935,85.72791
2022-01-23 14:05:00.502149,83.80219,83.97725,85.72791
2022-01-23 14:05:01.010511,84.47302,84.59625,86.00312
2022-01-23 14:05:01.506385,84.1636,84.54425,86.00312
2022-01-23 14:05:02.004297,84.1636,84.751,85.13885
2022-01-23 14:05:02.509428,83.54475,84.02925,85.13885
2022-01-23 14:05:03.007526,84.36905,84.59625,85.64968
2022-01-23 14:05:03.503830,84.62773,84.751,85.64968
2022-01-23 14:05:04.002642,84.31831,84.90575,86.08135
2022-01-23 14:05:04.508193,84.05963,84.33875,86.08135
2022-01-23 14:05:05.006329,83.90492,84.08,85.80614
2022-01-23 14:05:05.501685,84.31831,84.699,85.80614
2022-01-23 14:05:06.009210,83.9569,84.699,85.33489
2022-01-23 14:05:06.504303,84.05963,84.28675,85.33489
2022-01-23 14:05:07.005346,84.31831,84.33875,85.49229
2022-01-23 14:05:07.501446,83.7502,84.02925,85.49229
2022-01-23 14:05:08.010654,84.88517,85.422,86.08135
2022-01-23 14:05:08.506308,83.44078,83.7705,86.08135
2022-01-23 14:05:09.004558,84.67848,84.90575,86.3952
2022-01-23 14:05:09.510327,83.69946,84.132,86.3952
2022-01-23 14:05:10.008641,84.05963,84.54425,86.19916
2022-01-23 14:05:10.502306,84.36905,84.3895,86.19916
2022-01-23 14:05:11.007325,84.26632,84.4415,85.41406
2022-01-23 14:05:11.504005,83.80219,84.08,85.41406
2022-01-23 14:05:12.002089,84.36905,84.803,85.33489
2022-01-23 14:05:12.508216,84.1636,84.4935,85.33489
2022-01-23 14:05:13.007210,84.21434,84.59625,86.12093
2022-01-23 14:05:13.502605,84.36905,84.751,86.12093
2022-01-23 14:05:14.001505,83.59549,83.92525,85.7675
2022-01-23 14:05:14.507478,84.62773,85.0085,85.7675
2022-01-23 14:05:15.006900,84.31831,84.59625,85.88531
2022-01-23 14:05:15.504611,84.11161,84.59625,85.88531
2022-01-23 14:05:16.002490,84.05963,84.3895,85.53187
2022-01-23 14:05:16.509638,83.7502,84.132,85.53187
2022-01-23 14:05:17.007962,84.78245,85.26725,85.09926
2022-01-23 14:05:17.503470,83.33805,83.61575,85.09926
2022-01-23 14:05:18.011045,84.62773,84.803,85.96354
2022-01-23 14:05:18.505555,83.69946,83.8225,85.96354
2022-01-23 14:05:19.004583,84.26632,84.59625,85.80614
2022-01-23 14:05:19.501920,84.21434,84.59625,85.80614
2022-01-23 14:05:20.009571,84.05963,84.4415,85.80614
2022-01-23 14:05:20.504426,84.52377,84.751,85.80614
2022-01-23 14:05:21.003097,83.49276,84.02925,85.33489
2022-01-23 14:05:21.510477,84.62773,84.85375,85.33489
2022-01-23 14:05:22.008464,84.11161,84.184,86.15958
2022-01-23 14:05:22.504316,84.31831,84.54425,86.15958
2022-01-23 14:05:23.002500,84.00888,84.28675,85.68833
2022-01-23 14:05:23.506635,83.80219,84.28675,85.68833
2022-01-23 14:05:24.004606,84.88517,85.318,85.88531
2022-01-23 14:05:25.005158,84.11161,84.132,85.88531
2022-01-23 14:05:25.501401,84.36905,84.64825,85.88531
2022-01-23 14:05:26.010808,84.11161,84.4415,85.29625
2022-01-23 14:05:26.507635,84.26632,84.59625,85.29625
2022-01-23 14:05:27.005461,83.59549,84.02925,85.49229
2022-01-23 14:05:27.501438,84.00888,84.33875,85.49229
2022-01-23 14:05:28.009238,84.11161,84.59625,85.21708
2022-01-23 14:05:28.503217,84.05963,84.28675,85.21708
2022-01-23 14:05:29.003579,84.00888,84.132,86.08135
2022-01-23 14:05:29.510168,84.21434,84.132,86.08135
2022-01-23 14:05:30.008184,83.7502,84.02925,237.03875
2022-01-23 14:05:30.504047,84.78245,85.1125,237.03875
2022-01-23 14:05:31.002205,83.7502,84.02925,217.91354
2022-01-23 14:05:31.507767,83.7502,84.02925,217.91354
2022-01-23 14:05:32.005992,84.11161,84.184,147.85468
2022-01-23 14:05:32.502700,84.31831,84.85375,147.85468
2022-01-23 14:05:33.009259,84.11161,84.28675,93.89656
2022-01-23 14:05:33.505436,84.21434,84.23475,93.89656
2022-01-23 14:05:34.008738,84.11161,84.33875,89.65531
2022-01-23 14:05:34.503930,83.90492,84.3895,89.65531
2022-01-23 14:05:35.004644,84.42104,84.751,88.4376
2022-01-23 14:05:35.510449,84.1636,84.28675,88.4376
2022-01-23 14:05:36.008083,83.85417,84.4935,86.67041
2022-01-23 14:05:36.503097,84.21434,84.4935,86.67041
2022-01-23 14:05:37.001103,84.62773,84.64825,86.35656
2022-01-23 14:05:37.505878,83.9569,84.23475,86.35656
2022-01-23 14:05:38.003969,84.42104,84.85375,86.23875
2022-01-23 14:05:38.508549,83.59549,84.08,86.23875
2022-01-23 14:05:39.007281,84.52377,84.751,85.72791
2022-01-23 14:05:39.503821,83.69946,84.33875,85.72791
2022-01-23 14:05:40.002850,84.47302,84.751,86.04176
2022-01-23 14:05:40.508624,84.1636,84.184,86.04176
2022-01-23 14:05:41.006808,84.1636,84.54425,87.3377
2022-01-23 14:05:41.502357,84.36905,84.699,87.3377
2022-01-23 14:05:42.009884,84.00888,84.3895,85.37447
2022-01-23 14:05:42.506064,84.47302,84.803,85.37447
2022-01-23 14:05:43.004178,83.49276,84.184,85.80614
2022-01-23 14:05:43.509312,84.52377,84.699,85.80614
2022-01-23 14:05:44.008717,84.00888,84.33875,86.00312
2022-01-23 14:05:44.505139,84.83319,85.1125,86.00312
2022-01-23 14:05:45.003199,83.80219,84.3895,85.68833
2022-01-23 14:05:45.509337,83.80219,84.4415,85.68833
2022-01-23 14:05:46.007158,84.73046,85.0085,85.6101
2022-01-23 14:05:46.502795,83.44078,83.92525,85.6101
2022-01-23 14:05:47.011353,84.73046,85.1125,85.72791
2022-01-23 14:05:47.506532,83.69946,84.02925,85.72791
2022-01-23 14:05:48.003839,84.31831,84.33875,85.41406
2022-01-23 14:05:48.502370,84.42104,84.803,85.41406
2022-01-23 14:05:49.010266,84.11161,84.4935,86.63083
2022-01-23 14:05:49.504345,84.26632,84.59625,86.63083
2022-01-23 14:05:50.003186,84.26632,84.54425,86.23875
2022-01-23 14:05:50.508558,84.26632,84.59625,86.23875
2022-01-23 14:05:51.006650,84.05963,84.33875,86.19916
2022-01-23 14:05:51.501184,84.31831,84.3895,86.19916
2022-01-23 14:05:52.008620,84.26632,84.54425,85.72791
2022-01-23 14:05:52.504956,84.11161,84.4935,85.72791
2022-01-23 14:05:53.003983,84.36905,84.90575,85.80614
2022-01-23 14:05:53.509443,83.69946,84.02925,85.80614
2022-01-23 14:05:54.008081,84.57575,84.95775,85.41406
2022-01-23 14:05:54.504593,83.9569,84.54425,85.41406
2022-01-23 14:05:55.002061,83.9569,84.02925,86.08135
2022-01-23 14:05:55.507510,84.78245,85.0085,86.08135
2022-01-23 14:05:56.005214,83.49276,83.8225,85.96354
2022-01-23 14:05:56.509978,84.42104,84.95775,85.96354
2022-01-23 14:05:57.008429,84.11161,84.3895,86.08135
2022-01-23 14:05:57.506430,83.80219,84.23475,86.08135
2022-01-23 14:05:58.004443,84.36905,84.95775,85.84572
2022-01-23 14:05:58.510506,83.9569,84.184,85.84572
2022-01-23 14:05:59.007631,84.62773,84.95775,85.41406
2022-01-23 14:05:59.502520,83.85417,84.184,85.41406
2022-01-23 14:06:00.010265,84.21434,84.64825,86.31697
2022-01-23 14:06:00.503810,83.90492,84.28675,86.31697
2022-01-23 14:06:01.003250,84.26632,84.64825,86.00312
2022-01-23 14:06:01.510318,83.69946,84.4935,86.00312
2022-01-23 14:06:02.009185,84.05963,84.23475,85.72791
2022-01-23 14:06:02.504975,84.1636,84.28675,85.72791
2022-01-23 14:06:03.005868,84.11161,84.4415,85.06062
2022-01-23 14:06:03.501528,84.36905,84.90575,85.06062
2022-01-23 14:06:04.009478,83.9569,84.28675,85.49229
2022-01-23 14:06:04.506405,84.31831,84.59625,85.49229
2022-01-23 14:06:05.003730,83.90492,84.4415,85.25666
2022-01-23 14:06:05.508886,84.52377,84.90575,85.25666
2022-01-23 14:06:06.008589,83.85417,84.08,85.57051
2022-01-23 14:06:06.504855,84.47302,84.4935,85.57051
2022-01-23 14:06:07.002903,84.00888,84.3895,85.49229
2022-01-23 14:06:07.510575,84.00888,84.54425,85.49229
2022-01-23 14:06:08.008002,84.62773,84.90575,85.72791
2022-01-23 14:06:08.503040,83.44078,83.8745,85.72791
2022-01-23 14:06:09.002729,84.83319,85.0085,85.96354
2022-01-23 14:06:09.509617,83.44078,83.92525,85.96354
2022-01-23 14:06:10.007231,84.42104,84.59625,85.4527
2022-01-23 14:06:10.504971,84.67848,84.85375,85.4527
2022-01-23 14:06:11.010045,83.90492,84.33875,85.41406
2022-01-23 14:06:11.504898,84.47302,84.54425,85.41406
2022-01-23 14:06:12.002443,83.85417,84.28675,85.80614
2022-01-23 14:06:12.509330,84.31831,84.54425,85.80614
2022-01-23 14:06:13.008048,83.54475,84.08,85.33489
2022-01-23 14:06:13.504625,84.42104,84.59625,85.33489
2022-01-23 14:06:14.002964,84.26632,84.54425,85.64968
2022-01-23 14:06:14.510277,84.21434,84.803,85.64968
2022-01-23 14:06:15.008321,84.52377,84.751,85.6101
2022-01-23 14:06:15.503889,83.69946,84.02925,85.6101
2022-01-23 14:06:16.002495,84.47302,84.4935,85.72791
2022-01-23 14:06:16.507532,83.59549,84.3895,85.72791
2022-01-23 14:06:17.006934,84.11161,84.28675,86.27739
2022-01-23 14:06:17.501230,84.57575,84.803,86.27739
2022-01-23 14:06:18.009709,83.90492,84.3895,85.84572
2022-01-23 14:06:18.506731,84.52377,84.85375,85.84572
2022-01-23 14:06:19.006694,84.11161,84.4415,85.37447
2022-01-23 14:06:19.511232,84.00888,84.3895,85.37447
2022-01-23 14:06:20.008793,84.11161,84.751,85.96354
2022-01-23 14:06:20.505197,83.59549,83.66775,85.96354
2022-01-23 14:06:21.002991,84.62773,84.95775,85.13885
2022-01-23 14:06:21.508525,83.90492,84.184,85.13885
2022-01-23 14:06:22.006567,84.42104,84.751,85.57051
2022-01-23 14:06:22.502684,83.85417,84.184,85.57051
2022-01-23 14:06:23.003834,84.1636,84.23475,85.72791
2022-01-23 14:06:23.510217,84.21434,84.85375,85.72791
2022-01-23 14:06:24.008826,84.05963,84.23475,85.80614
2022-01-23 14:06:24.503984,83.9569,84.3895,85.80614
2022-01-23 14:06:25.002504,84.05963,84.184,86.63083
2022-01-23 14:06:25.507770,84.42104,84.85375,86.63083
2022-01-23 14:06:26.004977,84.1636,84.751,85.29625
2022-01-23 14:06:26.509158,84.1636,84.184,85.29625
2022-01-23 14:06:27.006636,83.54475,83.8225,85.4527
2022-01-23 14:06:27.502090,84.67848,85.0085,85.4527
2022-01-23 14:06:28.011227,83.80219,84.33875,86.12093
2022-01-23 14:06:28.506417,84.26632,84.59625,86.12093
2022-01-23 14:06:29.006166,84.26632,84.3895,85.88531
2022-01-23 14:06:29.502217,84.05963,84.4415,85.88531
2022-01-23 14:06:30.010377,84.57575,85.21525,85.53187
2022-01-23 14:06:30.504404,83.7502,84.132,85.53187
2022-01-23 14:06:31.002932,84.67848,84.751,85.53187
2022-01-23 14:06:31.508800,83.39003,84.08,85.53187
2022-01-23 14:06:32.006255,84.57575,84.85375,86.12093
2022-01-23 14:06:32.502789,84.31831,84.4415,86.12093
2022-01-23 14:06:33.002164,83.90492,84.33875,85.02104
2022-01-23 14:06:33.506520,84.47302,84.90575,85.02104
2022-01-23 14:06:34.005180,83.49276,84.08,86.63083
2022-01-23 14:06:34.509069,84.88517,85.16325,86.63083
2022-01-23 14:06:35.007902,83.54475,84.184,85.53187
2022-01-23 14:06:35.502714,84.67848,84.59625,85.53187
2022-01-23 14:06:36.010903,83.80219,84.02925,85.88531
2022-01-23 14:06:36.506847,84.21434,84.59625,85.88531
2022-01-23 14:06:37.007365,84.05963,84.4415,85.68833
2022-01-23 14:06:37.503335,83.9569,84.4415,85.68833
2022-01-23 14:06:38.002747,84.1636,84.28675,85.29625
2022-01-23 14:06:38.509856,83.90492,84.64825,85.29625
2022-01-23 14:06:39.008116,84.1636,84.3895,85.84572
2022-01-23 14:06:39.502740,84.26632,84.54425,85.84572
2022-01-23 14:06:40.011050,84.31831,84.4415,86.04176
2022-01-23 14:06:40.505825,83.90492,84.132,86.04176
2022-01-23 14:06:41.003821,83.90492,84.4935,85.37447
2022-01-23 14:06:41.511081,84.31831,84.3895,85.37447
2022-01-23 14:06:42.009028,84.00888,84.4935,85.80614
2022-01-23 14:06:42.504762,84.05963,84.3895,85.80614
2022-01-23 14:06:43.003027,84.11161,84.4415,85.6101
2022-01-23 14:06:43.508963,84.21434,84.4415,85.6101
2022-01-23 14:06:44.006947,84.36905,84.59625,86.00312
2022-01-23 14:06:44.501622,84.52377,85.0085,86.00312
2022-01-23 14:06:45.010026,83.44078,83.66775,85.49229
2022-01-23 14:06:45.506557,84.36905,84.95775,85.49229
2022-01-23 14:06:46.005871,84.1636,84.33875,85.92395
2022-01-23 14:06:46.502234,84.00888,84.751,85.92395
2022-01-23 14:06:47.010768,84.11161,84.23475,85.25666
2022-01-23 14:06:47.506363,84.31831,84.4415,85.25666
2022-01-23 14:06:48.005152,84.21434,84.751,86.63083
2022-01-23 14:06:48.511074,84.36905,84.64825,86.63083
2022-01-23 14:06:49.009527,83.90492,84.3895,85.29625
2022-01-23 14:06:49.505828,84.31831,84.33875,85.29625
2022-01-23 14:06:50.002621,83.9569,84.64825,85.64968
2022-01-23 14:06:50.508647,84.31831,84.64825,85.64968
2022-01-23 14:06:51.007602,84.36905,84.23475,85.64968
2022-01-23 14:06:51.502773,83.64747,84.02925,85.64968
2022-01-23 14:06:52.002455,84.42104,84.699,85.17843
2022-01-23 14:06:52.507381,83.9569,84.33875,85.17843
2022-01-23 14:06:53.006601,84.21434,84.54425,86.12093
2022-01-23 14:06:53.502028,83.64747,84.3895,86.12093
2022-01-23 14:06:54.009844,84.78245,84.90575,85.53187
2022-01-23 14:06:54.505397,84.47302,84.751,85.53187
2022-01-23 14:06:55.003253,84.00888,84.28675,85.57051
2022-01-23 14:06:55.509039,84.57575,84.54425,85.57051
2022-01-23 14:06:56.006553,83.54475,84.02925,85.92395
2022-01-23 14:06:56.502326,84.31831,84.4935,85.92395
2022-01-23 14:06:57.001065,83.54475,84.4415,85.72791
2022-01-23 14:06:57.508612,84.21434,84.54425,85.72791
2022-01-23 14:06:58.006077,84.11161,84.33875,85.53187
2022-01-23 14:06:58.502265,84.26632,84.751,85.53187
2022-01-23 14:06:59.010737,84.36905,84.54425,85.92395
2022-01-23 14:06:59.508450,84.00888,84.3895,85.92395
2022-01-23 14:07:00.006090,84.52377,84.59625,85.57051
2022-01-23 14:07:00.508471,83.69946,84.3895,85.57051
2022-01-23 14:07:01.007309,84.36905,84.751,85.06062
2022-01-23 14:07:01.502860,83.90492,84.28675,85.06062
2022-01-23 14:07:02.009900,84.21434,84.23475,85.72791
2022-01-23 14:07:02.505768,84.31831,84.59625,85.72791
2022-01-23 14:07:03.004269,84.11161,84.803,84.98145
2022-01-23 14:07:03.502896,83.7502,83.8745,84.98145
2022-01-23 14:07:04.011005,84.52377,85.1125,85.68833
2022-01-23 14:07:04.506509,84.1636,84.33875,85.68833
2022-01-23 14:07:05.004550,84.11161,84.64825,85.80614
2022-01-23 14:07:05.509148,83.90492,84.23475,85.80614
2022-01-23 14:07:06.006706,84.00888,83.92525,85.68833
2022-01-23 14:07:06.501956,84.57575,85.1125,85.68833
2022-01-23 14:07:07.010843,83.80219,83.8745,84.70718
2022-01-23 14:07:07.506823,84.11161,84.64825,84.70718
2022-01-23 14:07:08.006428,84.11161,84.3895,85.37447
2022-01-23 14:07:08.501270,83.9569,84.54425,85.37447
2022-01-23 14:07:09.009657,84.57575,84.59625,85.25666
2022-01-23 14:07:09.506433,84.1636,84.33875,85.25666
2022-01-23 14:07:10.003372,84.05963,84.54425,85.80614
2022-01-23 14:07:10.508202,84.1636,84.3895,85.80614
2022-01-23 14:07:11.002214,84.1636,84.699,85.02104
2022-01-23 14:07:11.508025,84.1636,84.33875,85.02104
2022-01-23 14:07:12.007035,83.9569,84.85375,85.6101
2022-01-23 14:07:12.506640,84.26632,84.3895,85.6101
2022-01-23 14:07:13.007670,84.31831,84.54425,86.23875
2022-01-23 14:07:13.502721,84.05963,84.59625,86.23875
2022-01-23 14:07:14.002774,84.52377,84.85375,85.88531
2022-01-23 14:07:14.508489,83.64747,84.23475,85.88531
2022-01-23 14:07:15.005426,84.47302,84.803,85.4527
2022-01-23 14:07:15.502185,83.85417,84.4935,85.4527
2022-01-23 14:07:16.010157,84.00888,84.08,85.6101
2022-01-23 14:07:16.506234,84.73046,85.0085,85.6101
2022-01-23 14:07:17.004286,83.80219,84.02925,86.23875
2022-01-23 14:07:17.508971,84.73046,84.85375,86.23875
2022-01-23 14:07:18.006242,83.54475,84.02925,85.41406
2022-01-23 14:07:18.501971,84.31831,84.751,85.41406
2022-01-23 14:07:19.010292,83.90492,84.4935,85.25666
2022-01-23 14:07:19.506326,84.21434,84.4415,85.25666
2022-01-23 14:07:20.004081,84.05963,84.3895,85.37447
2022-01-23 14:07:20.509952,84.1636,84.4935,85.37447
2022-01-23 14:07:21.006474,84.47302,84.64825,85.37447
2022-01-23 14:07:21.502780,83.85417,84.28675,85.37447
2022-01-23 14:07:22.010470,84.31831,84.54425,85.57051
2022-01-23 14:07:22.506702,83.64747,84.23475,85.57051
2022-01-23 14:07:23.004081,84.36905,84.85375,85.06062
2022-01-23 14:07:23.509997,84.00888,84.54425,85.06062
2022-01-23 14:07:24.008315,83.80219,84.08,85.25666
2022-01-23 14:07:24.503804,84.52377,84.4935,85.25666
2022-01-23 14:07:25.002819,84.1636,84.59625,85.6101
2022-01-23 14:07:25.509082,84.26632,84.4935,85.6101
2022-01-23 14:07:26.010063,84.1636,84.803,85.33489
2022-01-23 14:07:26.505267,84.00888,84.23475,85.33489
2022-01-23 14:07:27.004134,83.85417,84.3895,85.33489
2022-01-23 14:07:27.509768,84.36905,84.751,85.33489
2022-01-23 14:07:28.008237,84.11161,84.28675,85.53187
2022-01-23 14:07:28.503399,84.05963,84.4935,85.53187
2022-01-23 14:07:29.001703,84.05963,83.97725,85.68833
2022-01-23 14:07:29.509079,84.36905,85.0605,85.68833
2022-01-23 14:07:30.006689,83.9569,84.23475,86.43479
2022-01-23 14:07:30.505086,83.54475,84.132,86.43479
2022-01-23 14:07:31.002673,84.73046,84.85375,85.09926
2022-01-23 14:07:31.509098,84.00888,84.184,85.09926
2022-01-23 14:07:32.007689,84.42104,84.85375,85.29625
2022-01-23 14:07:32.503396,83.90492,84.28675,85.29625
2022-01-23 14:07:33.002503,84.1636,84.64825,86.23875
2022-01-23 14:07:33.507891,84.26632,84.699,86.23875
2022-01-23 14:07:34.008181,83.59549,84.28675,85.57051
2022-01-23 14:07:34.503405,84.11161,84.54425,85.57051
2022-01-23 14:07:35.002372,84.05963,84.33875,85.41406
2022-01-23 14:07:35.508026,84.00888,84.28675,85.41406
2022-01-23 14:07:36.006589,84.52377,84.699,85.41406
2022-01-23 14:07:36.510601,83.54475,84.28675,85.41406
2022-01-23 14:07:37.007376,84.73046,84.803,86.08135
2022-01-23 14:07:37.502811,83.85417,84.28675,86.08135
2022-01-23 14:07:38.002436,84.05963,84.3895,85.49229
2022-01-23 14:07:38.508454,84.11161,84.699,85.49229
2022-01-23 14:07:39.006384,84.00888,84.23475,85.84572
2022-01-23 14:07:39.501527,84.67848,84.64825,85.84572
2022-01-23 14:07:40.009473,83.69946,84.23475,86.59218
2022-01-23 14:07:40.504870,84.42104,84.803,86.59218
2022-01-23 14:07:41.003540,83.90492,84.3895,85.7675
2022-01-23 14:07:41.508475,84.21434,84.23475,85.7675
2022-01-23 14:07:42.007573,84.1636,84.59625,85.57051
2022-01-23 14:07:42.504139,83.7502,84.02925,85.57051
2022-01-23 14:07:43.002895,84.57575,84.751,85.80614
2022-01-23 14:07:43.508316,83.80219,84.3895,85.80614
2022-01-23 14:07:44.006318,84.31831,84.751,86.04176
2022-01-23 14:07:44.502763,83.80219,84.23475,86.04176
2022-01-23 14:07:45.001256,84.47302,84.59625,85.64968
2022-01-23 14:07:45.506409,83.64747,84.184,85.64968
2022-01-23 14:07:46.003818,84.73046,85.0085,85.4527
2022-01-23 14:07:46.508377,83.9569,83.92525,85.4527
2022-01-23 14:07:47.008020,84.05963,84.4935,85.80614
2022-01-23 14:07:47.504017,84.21434,84.54425,85.80614
2022-01-23 14:07:48.001451,83.9569,84.64825,85.33489
2022-01-23 14:07:48.509964,84.36905,84.54425,85.33489
2022-01-23 14:07:49.008080,83.59549,84.23475,86.12093
2022-01-23 14:07:49.504050,84.42104,84.4935,86.12093
2022-01-23 14:07:50.010763,84.42104,84.3895,85.4527
2022-01-23 14:07:50.506304,84.05963,84.4935,85.4527
2022-01-23 14:07:51.004504,83.54475,83.461,85.02104
2022-01-23 14:07:51.509380,83.85417,84.54425,85.02104
2022-01-23 14:07:52.007562,84.93716,85.0085,210.09833
2022-01-23 14:07:52.503328,83.39003,83.97725,210.09833
2022-01-23 14:07:53.005499,84.73046,85.0085,237.31301
2022-01-23 14:07:53.504030,83.39003,83.41025,237.31301
2022-01-23 14:07:54.003597,84.67848,85.0085,186.88926
2022-01-23 14:07:54.509770,84.05963,84.23475,186.88926
2022-01-23 14:07:55.009060,83.44078,84.08,114.90583
2022-01-23 14:07:55.509193,84.67848,84.699,114.90583
2022-01-23 14:07:56.011362,83.39003,83.8225,92.95406
2022-01-23 14:07:56.501307,84.57575,84.751,92.95406
2022-01-23 14:07:57.005069,83.59549,83.8225,95.50635
2022-01-23 14:07:58.007949,84.1636,84.08,90.20479
2022-01-23 14:07:59.010959,83.80219,84.23475,85.7675
2022-01-23 14:07:59.506262,83.9569,84.4935,85.7675
2022-01-23 14:08:00.004305,84.57575,84.803,86.59218
2022-01-23 14:08:00.510116,83.49276,84.08,86.59218
2022-01-23 14:08:01.009232,84.47302,84.85375,85.92395
2022-01-23 14:08:01.504581,83.9569,84.02925,85.92395
2022-01-23 14:08:02.003531,84.21434,84.64825,86.04176
2022-01-23 14:08:02.501509,84.47302,84.59625,86.04176
2022-01-23 14:08:03.010183,83.90492,84.28675,86.08135
2022-01-23 14:08:03.505014,84.1636,84.59625,86.08135
2022-01-23 14:08:04.003842,83.80219,84.54425,86.08135
2022-01-23 14:08:04.509739,84.47302,84.85375,86.08135
2022-01-23 14:08:05.007375,84.52377,84.751,86.19916
2022-01-23 14:08:05.504517,83.80219,84.33875,86.19916
2022-01-23 14:08:06.002142,84.42104,84.803,86.12093
2022-01-23 14:08:06.508241,84.21434,84.4935,86.12093
2022-01-23 14:08:07.007977,83.80219,83.97725,85.64968
2022-01-23 14:08:07.503528,83.59549,84.02925,85.64968
2022-01-23 14:08:08.002074,84.21434,84.64825,85.57051
2022-01-23 14:08:08.506975,84.26632,84.4415,85.57051
2022-01-23 14:08:09.005173,84.36905,84.803,86.19916
2022-01-23 14:08:09.501907,84.11161,84.4935,86.19916
2022-01-23 14:08:10.010704,83.9569,84.4415,85.49229
2022-01-23 14:08:10.505769,84.52377,84.803,85.49229
2022-01-23 14:08:11.010450,83.69946,84.132,86.3952
2022-01-23 14:08:11.507234,83.9569,84.23475,86.3952
2022-01-23 14:08:12.005130,84.31831,84.699,85.84572
2022-01-23 14:08:12.509985,84.21434,84.699,85.84572
2022-01-23 14:08:13.007831,84.42104,84.64825,85.6101
2022-01-23 14:08:13.503031,84.05963,84.699,85.6101
2022-01-23 14:08:14.001654,84.11161,84.4935,85.84572
2022-01-23 14:08:14.508116,84.05963,84.54425,85.84572
2022-01-23 14:08:15.007422,84.42104,84.699,85.53187
2022-01-23 14:08:15.503062,83.7502,84.132,85.53187
2022-01-23 14:08:16.004068,84.52377,84.95775,85.7675
2022-01-23 14:08:16.509840,84.00888,84.08,85.7675
2022-01-23 14:08:17.007544,84.26632,84.699,86.00312
2022-01-23 14:08:17.503603,84.1636,84.28675,86.00312
2022-01-23 14:08:18.001468,83.9569,84.4415,85.57051
2022-01-23 14:08:18.506693,84.42104,84.64825,85.57051
2022-01-23 14:08:19.003684,83.7502,84.23475,85.6101
2022-01-23 14:08:19.510969,84.42104,84.699,85.6101
2022-01-23 14:08:20.009933,84.1636,84.184,86.19916
2022-01-23 14:08:20.508768,84.42104,84.90575,86.19916
2022-01-23 14:08:21.006991,83.9569,84.33875,85.09926
2022-01-23 14:08:21.501632,84.11161,84.54425,85.09926
2022-01-23 14:08:22.011041,84.00888,84.28675,86.74864
2022-01-23 14:08:22.506308,83.7502,84.33875,86.74864
2022-01-23 14:08:23.004365,84.78245,85.318,85.80614
2022-01-23 14:08:23.509932,83.69946,83.97725,85.80614
2022-01-23 14:08:24.007927,84.26632,84.751,85.29625
2022-01-23 14:08:24.504455,84.1636,84.54425,85.29625
2022-01-23 14:08:25.004304,84.21434,84.803,85.80614
2022-01-23 14:08:25.511146,84.26632,84.4935,85.80614
2022-01-23 14:08:26.010451,83.69946,84.28675,86.19916
2022-01-23 14:08:26.505026,84.42104,84.699,86.19916
2022-01-23 14:08:27.003387,84.62773,84.85375,85.09926
2022-01-23 14:08:27.509844,83.80219,84.23475,85.09926
2022-01-23 14:08:28.007165,84.05963,84.28675,85.84572
2022-01-23 14:08:28.502815,84.1636,84.59625,85.84572
2022-01-23 14:08:29.010448,84.42104,84.85375,85.64968
2022-01-23 14:08:29.506947,84.26632,84.751,85.64968
2022-01-23 14:08:30.005802,83.69946,84.08,86.3952
2022-01-23 14:08:30.501732,84.52377,84.803,86.3952
2022-01-23 14:08:31.010224,84.36905,84.64825,85.37447
2022-01-23 14:08:31.506692,84.21434,84.28675,85.37447
2022-01-23 14:08:32.005098,83.64747,84.184,85.13885
2022-01-23 14:08:32.501719,84.36905,84.699,85.13885
2022-01-23 14:08:33.010239,84.05963,84.28675,86.31697
2022-01-23 14:08:33.508456,84.42104,84.85375,86.31697
2022-01-23 14:08:34.003435,83.90492,84.4935,85.84572
2022-01-23 14:08:34.509438,84.1636,84.59625,85.84572
2022-01-23 14:08:35.005082,84.47302,84.59625,85.64968
2022-01-23 14:08:35.501396,84.05963,84.4415,85.64968
2022-01-23 14:08:36.009924,84.21434,84.3895,85.41406
2022-01-23 14:08:36.505507,84.21434,84.803,85.41406
2022-01-23 14:08:37.002938,83.9569,84.23475,86.04176
2022-01-23 14:08:37.509928,84.11161,84.4935,86.04176
2022-01-23 14:08:38.008621,84.31831,84.751,85.7675
2022-01-23 14:08:38.505144,84.36905,84.64825,85.7675
2022-01-23 14:08:39.003238,84.21434,84.751,86.00312
2022-01-23 14:08:39.509124,84.26632,84.54425,86.00312
2022-01-23 14:08:40.007516,83.9569,84.184,85.57051
2022-01-23 14:08:40.502504,84.36905,84.699,85.57051
2022-01-23 14:08:41.009542,83.39003,84.08,85.09926
2022-01-23 14:08:41.507217,84.9879,85.26725,85.09926
2022-01-23 14:08:42.004965,83.90492,83.7705,85.88531
2022-01-23 14:08:42.501209,84.1636,84.54425,85.88531
2022-01-23 14:08:43.009243,84.05963,84.4935,85.96354
2022-01-23 14:08:43.506463,84.21434,84.4415,85.96354
2022-01-23 14:08:44.004812,84.36905,84.59625,86.12093
2022-01-23 14:08:44.509280,83.69946,84.184,86.12093
2022-01-23 14:08:45.007510,84.31831,84.751,86.98426
2022-01-23 14:08:45.502922,84.1636,84.4935,86.98426
2022-01-23 14:08:46.010760,84.11161,84.3895,85.72791
2022-01-23 14:08:46.505336,83.9569,84.132,85.72791
2022-01-23 14:08:47.003253,84.05963,84.3895,85.53187
2022-01-23 14:08:47.508118,84.57575,84.90575,85.53187
2022-01-23 14:08:48.007306,83.54475,83.8745,85.84572
2022-01-23 14:08:48.502127,84.21434,84.59625,85.84572
2022-01-23 14:08:49.010645,84.21434,84.64825,85.68833
2022-01-23 14:08:49.509249,84.31831,84.59625,85.68833
2022-01-23 14:08:50.006791,84.52377,84.85375,85.7675
2022-01-23 14:08:50.501766,83.54475,83.97725,85.7675
2022-01-23 14:08:51.010597,84.42104,84.699,85.33489
2022-01-23 14:08:51.507641,84.42104,84.803,85.33489
2022-01-23 14:08:52.004287,83.59549,84.132,85.37447
2022-01-23 14:08:52.509132,84.31831,84.751,85.37447
2022-01-23 14:08:53.006828,84.05963,84.184,85.09926
2022-01-23 14:08:53.501825,84.57575,84.64825,85.09926
2022-01-23 14:08:54.010211,84.11161,84.4415,85.72791
2022-01-23 14:08:54.505950,83.80219,84.33875,85.72791
2022-01-23 14:08:55.003851,84.31831,84.4415,85.72791
2022-01-23 14:08:55.508239,84.26632,84.59625,85.72791
2022-01-23 14:08:56.006783,83.9569,84.59625,85.88531
2022-01-23 14:08:56.504012,83.9569,84.23475,85.88531
2022-01-23 14:08:57.001935,84.62773,84.64825,85.4527
2022-01-23 14:08:57.507668,83.85417,84.132,85.4527
2022-01-23 14:08:58.007122,84.52377,84.90575,85.92395
2022-01-23 14:08:58.504233,83.90492,84.28675,85.92395
2022-01-23 14:08:59.001947,84.11161,84.54425,85.7675
2022-01-23 14:08:59.508414,83.90492,84.3895,85.7675
2022-01-23 14:09:00.005961,84.42104,84.64825,85.09926
2022-01-23 14:09:00.505961,84.26632,84.184,85.09926
2022-01-23 14:09:01.003913,83.85417,84.28675,85.57051
2022-01-23 14:09:01.511037,84.1636,84.4935,85.57051
2022-01-23 14:09:02.010252,84.21434,84.4935,85.84572
2022-01-23 14:09:02.506267,84.42104,84.85375,85.84572
2022-01-23 14:09:03.004660,83.18334,83.8745,85.02104
2022-01-23 14:09:03.510452,84.78245,85.0085,85.02104
2022-01-23 14:09:04.008963,84.00888,83.97725,86.5526
2022-01-23 14:09:04.507257,84.31831,84.64825,86.5526
2022-01-23 14:09:05.004482,84.21434,84.59625,85.80614
2022-01-23 14:09:05.510194,83.64747,84.08,85.80614
2022-01-23 14:09:06.008998,84.83319,85.26725,85.64968
2022-01-23 14:09:06.502737,83.44078,83.97725,85.64968
2022-01-23 14:09:07.001492,84.42104,84.95775,85.88531
2022-01-23 14:09:07.508138,83.85417,84.23475,85.88531
2022-01-23 14:09:08.007421,84.57575,84.85375,85.57051
2022-01-23 14:09:08.506917,84.1636,84.33875,85.57051
2022-01-23 14:09:09.005193,83.69946,84.23475,85.21708
2022-01-23 14:09:09.504123,84.42104,84.90575,85.21708
2022-01-23 14:09:10.001168,83.64747,84.184,85.49229
2022-01-23 14:09:10.506045,84.73046,85.1125,85.49229
2022-01-23 14:09:11.010677,83.64747,84.184,85.7675
2022-01-23 14:09:11.506635,84.47302,84.54425,85.7675
2022-01-23 14:09:12.004494,84.36905,84.751,86.12093
2022-01-23 14:09:12.511172,84.05963,84.4935,86.12093
2022-01-23 14:09:13.010669,84.21434,84.3895,86.00312
2022-01-23 14:09:13.505412,84.05963,84.4415,86.00312
2022-01-23 14:09:14.002683,84.05963,84.59625,85.92395
2022-01-23 14:09:14.509060,84.26632,84.85375,85.92395
2022-01-23 14:09:15.008372,83.85417,84.08,85.06062
2022-01-23 14:09:15.506585,84.73046,84.751,85.06062
2022-01-23 14:09:16.004504,84.05963,84.28675,86.00312
2022-01-23 14:09:16.510325,84.00888,84.4935,86.00312
2022-01-23 14:09:17.007928,84.1636,84.4935,85.72791
2022-01-23 14:09:17.506474,83.9569,84.28675,85.72791
2022-01-23 14:09:18.005762,83.85417,84.33875,85.64968
2022-01-23 14:09:18.501141,84.57575,84.803,85.64968
2022-01-23 14:09:19.010485,83.9569,84.28675,85.37447
2022-01-23 14:09:19.505553,84.26632,84.59625,85.37447
2022-01-23 14:09:20.003520,84.36905,84.4935,85.92395
2022-01-23 14:09:20.509021,84.31831,84.85375,85.92395
2022-01-23 14:09:21.008928,83.80219,84.28675,85.7675
2022-01-23 14:09:21.503991,83.90492,84.4935,85.7675
2022-01-23 14:09:22.000763,84.31831,84.4935,85.4527
2022-01-23 14:09:22.505505,84.42104,84.751,85.4527
2022-01-23 14:09:23.004323,84.00888,84.33875,86.27739
2022-01-23 14:09:23.501752,84.1636,84.4415,86.27739
2022-01-23 14:09:24.009138,83.80219,84.02925,85.68833
2022-01-23 14:09:24.505527,84.78245,85.16325,85.68833
2022-01-23 14:09:25.003615,83.54475,83.97725,85.57051
2022-01-23 14:09:25.510084,84.47302,84.751,85.57051
2022-01-23 14:09:26.008775,83.85417,84.28675,85.53187
2022-01-23 14:09:26.504931,84.78245,84.90575,85.53187
2022-01-23 14:09:27.002768,84.1636,84.4935,85.53187
2022-01-23 14:09:27.509932,83.33805,83.61575,85.53187
2022-01-23 14:09:28.007895,84.67848,84.95775,85.06062
2022-01-23 14:09:28.501060,83.54475,83.92525,85.06062
2022-01-23 14:09:29.009530,84.73046,85.21525,85.64968
2022-01-23 14:09:29.506477,83.18334,83.7705,85.64968
2022-01-23 14:09:30.003973,84.1636,84.4415,86.27739
2022-01-23 14:09:30.509437,84.78245,84.90575,86.27739
2022-01-23 14:09:31.007234,83.9569,84.3895,85.09926
2022-01-23 14:09:31.502595,84.21434,84.64825,85.09926
2022-01-23 14:09:32.001555,83.85417,84.33875,86.19916
2022-01-23 14:09:32.506331,84.36905,84.64825,86.19916
2022-01-23 14:09:33.005093,83.85417,84.4415,85.7675
2022-01-23 14:09:33.510757,84.26632,84.4935,85.7675
2022-01-23 14:09:34.008574,84.11161,84.33875,85.53187
2022-01-23 14:09:34.503778,84.05963,84.4935,85.53187
2022-01-23 14:09:35.001931,84.36905,84.751,85.64968
2022-01-23 14:09:35.507989,83.7502,84.08,85.64968
2022-01-23 14:09:36.007356,84.62773,84.751,85.57051
2022-01-23 14:09:36.506044,83.49276,84.184,85.57051
2022-01-23 14:09:37.003980,84.78245,84.85375,85.53187
2022-01-23 14:09:37.509808,84.1636,84.132,85.53187
2022-01-23 14:09:38.003407,84.36905,84.59625,85.41406
2022-01-23 14:09:38.508403,84.00888,84.54425,85.41406
2022-01-23 14:09:39.007285,84.26632,84.803,86.04176
2022-01-23 14:09:39.502584,84.00888,84.28675,86.04176
2022-01-23 14:09:40.010263,84.21434,84.699,85.02104
2022-01-23 14:09:40.507740,83.85417,84.23475,85.02104
2022-01-23 14:09:41.005975,84.21434,84.4415,86.12093
2022-01-23 14:09:41.502352,84.36905,84.54425,86.12093
2022-01-23 14:09:42.001063,84.21434,84.3895,85.96354
2022-01-23 14:09:42.505048,84.1636,84.751,85.96354
2022-01-23 14:09:43.002799,84.1636,84.4415,85.33489
2022-01-23 14:09:43.508087,84.00888,84.54425,85.33489
2022-01-23 14:09:44.005771,84.36905,84.3895,85.53187
2022-01-23 14:09:44.502958,84.05963,84.4415,85.53187
2022-01-23 14:09:45.002155,84.42104,84.64825,84.78541
2022-01-23 14:09:45.506805,84.05963,84.33875,84.78541
2022-01-23 14:09:46.004765,84.00888,84.54425,85.72791
2022-01-23 14:09:46.510098,84.47302,84.803,85.72791
2022-01-23 14:09:47.008313,84.05963,84.4415,85.96354
2022-01-23 14:09:47.504556,84.00888,84.3895,85.96354
2022-01-23 14:09:48.002309,83.7502,84.02925,85.84572
2022-01-23 14:09:48.507410,84.26632,84.28675,85.84572
2022-01-23 14:09:49.006467,84.47302,85.0085,85.06062
2022-01-23 14:09:49.504779,83.90492,84.33875,85.06062
2022-01-23 14:09:50.002211,84.11161,84.54425,85.72791
2022-01-23 14:09:50.508700,83.59549,83.8745,85.72791
2022-01-23 14:09:51.006185,85.09187,85.37,85.17843
2022-01-23 14:09:51.510920,83.85417,84.699,85.17843
2022-01-23 14:09:52.009514,84.00888,84.02925,85.96354
2022-01-23 14:09:52.504084,84.57575,84.64825,85.96354
2022-01-23 14:09:53.001615,83.7502,84.23475,85.06062
2022-01-23 14:09:53.507681,84.62773,85.16325,85.06062
2022-01-23 14:09:54.008298,83.7502,84.132,86.43479
2022-01-23 14:09:54.503479,84.05963,84.33875,86.43479
2022-01-23 14:09:55.002233,83.80219,84.4415,85.09926
2022-01-23 14:09:55.507520,84.47302,84.64825,85.09926
2022-01-23 14:09:56.005452,84.05963,84.33875,85.57051
2022-01-23 14:09:56.510649,84.31831,84.59625,85.57051
2022-01-23 14:09:57.008387,84.00888,84.3895,85.02104
2022-01-23 14:09:57.505047,84.31831,84.54425,85.02104
2022-01-23 14:09:58.003486,84.21434,84.33875,86.35656
2022-01-23 14:09:58.501855,83.85417,84.4415,86.35656
2022-01-23 14:09:59.009765,84.11161,84.33875,85.13885
2022-01-23 14:09:59.505936,84.00888,84.23475,85.13885
2022-01-23 14:10:00.004707,84.52377,84.751,85.57051
2022-01-23 14:10:00.506859,84.1636,84.59625,85.57051
2022-01-23 14:10:01.005245,84.05963,84.4935,85.57051
2022-01-23 14:10:01.503026,84.36905,84.4935,85.57051
2022-01-23 14:10:02.003204,84.36905,84.85375,85.80614
2022-01-23 14:10:02.510809,84.1636,84.28675,85.80614
2022-01-23 14:10:03.008824,83.69946,84.23475,86.00312
2022-01-23 14:10:03.503657,84.31831,84.54425,86.00312
2022-01-23 14:10:04.002340,84.31831,84.64825,85.80614
2022-01-23 14:10:04.506642,84.21434,84.803,85.80614
2022-01-23 14:10:05.005138,83.90492,84.08,85.21708
2022-01-23 14:10:05.501362,84.42104,84.90575,85.21708
2022-01-23 14:10:06.010005,84.47302,84.4935,86.3952
2022-01-23 14:10:06.508178,83.64747,84.33875,86.3952
2022-01-23 14:10:07.006464,84.36905,84.4935,85.92395
2022-01-23 14:10:07.504089,84.31831,84.64825,85.92395
2022-01-23 14:10:08.003806,84.1636,84.4415,85.72791
2022-01-23 14:10:08.501219,83.9569,84.184,85.72791
2022-01-23 14:10:09.007182,83.9569,84.33875,85.7675
2022-01-23 14:10:09.501709,84.26632,84.64825,85.7675
2022-01-23 14:10:10.010379,84.00888,84.59625,85.96354
2022-01-23 14:10:10.504856,83.9569,84.132,85.96354
2022-01-23 14:10:11.010867,84.67848,84.85375,85.96354
2022-01-23 14:10:11.508075,83.9569,84.23475,85.96354
2022-01-23 14:10:12.006173,84.52377,84.95775,85.68833
2022-01-23 14:10:12.501340,83.64747,84.02925,85.68833
2022-01-23 14:10:13.009155,84.11161,84.23475,85.37447
2022-01-23 14:10:13.505007,83.69946,84.184,85.37447
2022-01-23 14:10:14.002686,84.05963,84.132,87.41687
2022-01-23 14:10:14.508925,84.57575,84.751,87.41687
2022-01-23 14:10:15.006978,83.23532,83.41025,232.20843
2022-01-23 14:10:15.505179,84.93716,85.1125,232.20843
2022-01-23 14:10:16.003165,83.90492,84.33875,219.4451
2022-01-23 14:10:16.510124,83.85417,83.97725,219.4451
2022-01-23 14:10:17.009547,84.1636,84.54425,147.89333
2022-01-23 14:10:17.504513,83.7502,83.8225,147.89333
2022-01-23 14:10:18.002697,84.9879,85.0605,91.73635
2022-01-23 14:10:18.507509,83.69946,83.8225,91.73635
2022-01-23 14:10:19.006640,84.26632,84.4935,96.9201
2022-01-23 14:10:19.501872,83.7502,84.02925,96.9201
2022-01-23 14:10:20.002721,84.62773,85.0085,89.3801
2022-01-23 14:10:20.508999,83.69946,84.33875,89.3801
2022-01-23 14:10:21.008476,84.11161,84.3895,86.71
2022-01-23 14:10:21.504884,84.26632,84.699,86.71
2022-01-23 14:10:22.003784,84.11161,84.4935,85.96354
2022-01-23 14:10:22.508885,84.93716,85.0085,85.96354
2022-01-23 14:10:23.009478,83.44078,83.97725,86.67041
2022-01-23 14:10:23.505187,84.42104,84.803,86.67041
2022-01-23 14:10:24.002564,83.69946,84.23475,85.7675
2022-01-23 14:10:24.510452,84.42104,84.85375,85.7675
2022-01-23 14:10:25.009100,83.64747,84.3895,86.23875
2022-01-23 14:10:25.504137,84.31831,84.4935,86.23875
2022-01-23 14:10:26.010653,84.57575,84.85375,87.10208
2022-01-23 14:10:26.506497,84.31831,84.54425,87.10208
2022-01-23 14:10:27.004272,83.85417,84.33875,85.09926
2022-01-23 14:10:27.508338,84.11161,84.803,85.09926
2022-01-23 14:10:28.006773,84.31831,84.3895,85.92395
2022-01-23 14:10:28.502333,84.05963,84.803,85.92395
2022-01-23 14:10:29.002103,83.9569,84.184,86.23875
2022-01-23 14:10:29.508791,84.42104,84.85375,86.23875
2022-01-23 14:10:30.007336,84.26632,84.64825,85.72791
2022-01-23 14:10:30.501996,84.42104,84.64825,85.72791
2022-01-23 14:10:31.010736,83.9569,84.59625,85.37447
2022-01-23 14:10:31.506504,84.11161,84.3895,85.37447
2022-01-23 14:10:32.004070,84.11161,84.95775,85.4527
2022-01-23 14:10:32.507622,84.11161,84.3895,85.4527
2022-01-23 14:10:33.005686,84.21434,84.4935,85.25666
2022-01-23 14:10:33.501540,83.9569,84.3895,85.25666
2022-01-23 14:10:34.009268,84.26632,84.59625,86.08135
2022-01-23 14:10:34.505083,84.1636,84.59625,86.08135
2022-01-23 14:10:35.003711,84.36905,84.59625,84.98145
2022-01-23 14:10:35.510303,83.9569,84.59625,84.98145
2022-01-23 14:10:36.008565,84.21434,84.4935,85.92395
2022-01-23 14:10:36.503187,84.11161,84.699,85.92395
2022-01-23 14:10:37.003472,84.36905,84.54425,85.57051
2022-01-23 14:10:37.509108,84.31831,84.64825,85.57051
2022-01-23 14:10:38.007292,83.69946,84.08,85.7675
2022-01-23 14:10:38.503252,84.52377,84.59625,85.7675
2022-01-23 14:10:39.003760,83.90492,84.4415,85.7675
2022-01-23 14:10:39.510360,84.36905,84.699,85.7675
2022-01-23 14:10:40.009556,84.11161,84.803,85.13885
2022-01-23 14:10:40.505814,83.90492,84.08,85.13885
2022-01-23 14:10:41.003748,84.57575,84.90575,85.33489
2022-01-23 14:10:41.509100,83.7502,84.132,85.33489
2022-01-23 14:10:42.006325,84.67848,84.803,85.64968
2022-01-23 14:10:42.503263,83.59549,84.02925,85.64968
2022-01-23 14:10:43.010726,84.67848,84.85375,85.84572
2022-01-23 14:10:43.505564,83.59549,84.28675,85.84572
2022-01-23 14:10:44.003422,84.36905,84.59625,86.08135
2022-01-23 14:10:44.510363,84.47302,84.751,86.08135
2022-01-23 14:10:45.008432,83.90492,84.33875,85.88531
2022-01-23 14:10:45.502348,84.00888,84.184,85.88531
2022-01-23 14:10:46.010869,84.00888,84.33875,85.53187
2022-01-23 14:10:46.505777,84.73046,84.90575,85.53187
2022-01-23 14:10:47.004253,83.69946,84.4415,85.7675
2022-01-23 14:10:47.501672,84.21434,84.4415,85.7675
2022-01-23 14:10:48.009560,84.42104,84.33875,85.53187
2022-01-23 14:10:48.504676,84.31831,84.59625,85.53187
2022-01-23 14:10:49.003077,84.21434,84.64825,85.53187
2022-01-23 14:10:49.509824,83.85417,84.184,85.53187
2022-01-23 14:10:50.007847,84.42104,84.54425,85.57051
2022-01-23 14:10:50.503093,83.80219,84.64825,85.57051
2022-01-23 14:10:51.010871,84.67848,84.95775,85.7675
2022-01-23 14:10:51.506749,83.7502,83.97725,85.7675
2022-01-23 14:10:52.005303,84.36905,84.59625,85.41406
2022-01-23 14:10:52.501131,84.26632,84.33875,85.41406
2022-01-23 14:10:53.010320,84.1636,84.751,85.6101
2022-01-23 14:10:53.504805,83.90492,83.8745,85.6101
2022-01-23 14:10:54.003937,83.80219,84.699,86.04176
2022-01-23 14:10:54.510579,84.21434,84.59625,86.04176
2022-01-23 14:10:55.008249,84.21434,84.4935,85.21708
2022-01-23 14:10:55.506374,84.88517,85.26725,85.21708
2022-01-23 14:10:56.004815,83.64747,83.8225,86.71
2022-01-23 14:10:56.510866,84.1636,84.699,86.71
2022-01-23 14:10:57.009940,84.1636,84.3895,85.6101
2022-01-23 14:10:57.506583,84.11161,84.751,85.6101
2022-01-23 14:10:58.004934,84.1636,84.54425,86.04176
2022-01-23 14:10:58.510276,83.64747,84.08,86.04176
2022-01-23 14:10:59.008221,84.47302,84.54425,85.4527
2022-01-23 14:10:59.504513,84.67848,84.803,85.4527
2022-01-23 14:11:00.003322,83.7502,84.28675,86.12093
2022-01-23 14:11:00.501945,84.05963,84.4935,86.12093
2022-01-23 14:11:01.010080,83.85417,84.4415,85.6101
2022-01-23 14:11:01.505386,84.47302,84.699,85.6101
2022-01-23 14:11:02.003500,84.00888,84.59625,86.08135
2022-01-23 14:11:02.509795,84.05963,84.23475,86.08135
2022-01-23 14:11:03.010188,84.36905,84.28675,85.33489
2022-01-23 14:11:03.506673,84.26632,84.699,85.33489
2022-01-23 14:11:04.005072,84.36905,84.699,85.4527
2022-01-23 14:11:04.510827,83.80219,84.33875,85.4527
2022-01-23 14:11:05.008852,84.31831,84.803,86.00312
2022-01-23 14:11:05.505073,83.85417,84.4935,86.00312
2022-01-23 14:11:06.002802,83.90492,84.02925,85.17843
2022-01-23 14:11:06.508245,85.03989,85.21525,85.17843
2022-01-23 14:11:07.007796,83.64747,84.132,85.25666
2022-01-23 14:11:07.502782,84.67848,84.85375,85.25666
2022-01-23 14:11:08.010839,83.90492,84.4415,86.3952
2022-01-23 14:11:08.506148,84.42104,84.64825,86.3952
2022-01-23 14:11:09.003858,83.9569,84.751,85.64968
2022-01-23 14:11:09.508571,84.26632,84.59625,85.64968
2022-01-23 14:11:10.008027,83.80219,83.97725,86.00312
2022-01-23 14:11:10.504591,84.42104,84.85375,86.00312
2022-01-23 14:11:11.008915,84.26632,84.64825,85.72791
2022-01-23 14:11:11.504049,84.00888,84.699,85.72791
2022-01-23 14:11:12.002270,84.21434,84.28675,85.57051
2022-01-23 14:11:12.507514,83.64747,84.184,85.57051
2022-01-23 14:11:13.005644,84.73046,84.90575,85.02104
2022-01-23 14:11:13.502882,83.7502,84.184,85.02104
2022-01-23 14:11:14.002012,84.1636,84.4935,85.41406
2022-01-23 14:11:14.507304,83.9569,83.92525,85.41406
2022-01-23 14:11:15.005515,84.1636,84.803,86.19916
2022-01-23 14:11:15.510158,84.52377,84.699,86.19916
2022-01-23 14:11:16.008688,84.11161,84.699,86.00312
2022-01-23 14:11:16.502308,84.05963,84.08,86.00312
2022-01-23 14:11:17.009488,83.80219,84.28675,85.80614
2022-01-23 14:11:17.505869,85.03989,85.318,85.80614
2022-01-23 14:11:18.005116,83.90492,83.97725,85.17843
2022-01-23 14:11:18.509125,84.26632,84.751,85.17843
2022-01-23 14:11:19.006834,84.05963,84.23475,85.64968
2022-01-23 14:11:19.501930,83.80219,84.3895,85.64968
2022-01-23 14:11:20.009804,84.78245,85.0605,85.4527
2022-01-23 14:11:20.504560,83.28607,83.8745,85.4527
2022-01-23 14:11:21.002381,84.52377,84.85375,86.43479
2022-01-23 14:11:21.507408,84.05963,84.23475,86.43479
2022-01-23 14:11:22.006854,84.36905,84.803,85.09926
2022-01-23 14:11:22.505100,83.9569,84.23475,85.09926
2022-01-23 14:11:23.003076,83.90492,84.59625,85.64968
2022-01-23 14:11:23.508890,84.00888,84.184,85.64968
2022-01-23 14:11:24.008119,84.05963,84.64825,85.80614
2022-01-23 14:11:24.504961,83.90492,84.28675,85.80614
2022-01-23 14:11:25.002719,84.47302,84.699,85.37447
2022-01-23 14:11:25.508296,83.85417,84.33875,85.37447
2022-01-23 14:11:26.008225,84.47302,84.54425,85.02104
2022-01-23 14:11:26.505807,84.00888,84.59625,85.02104
2022-01-23 14:11:27.006255,84.11161,84.28675,86.3952
2022-01-23 14:11:27.511106,83.9569,84.59625,86.3952
2022-01-23 14:11:28.010242,84.11161,84.33875,85.84572
2022-01-23 14:11:28.505800,84.62773,84.803,85.84572
2022-01-23 14:11:29.006974,83.69946,84.08,85.41406
2022-01-23 14:11:29.502918,84.1636,84.33875,85.41406
2022-01-23 14:11:30.010962,84.00888,84.59625,85.13885
2022-01-23 14:11:30.506315,83.9569,84.3895,85.13885
2022-01-23 14:11:31.003336,84.47302,85.0085,85.72791
2022-01-23 14:11:31.510377,83.80219,83.97725,85.72791
2022-01-23 14:11:32.006769,84.57575,84.90575,85.57051
2022-01-23 14:11:32.502209,84.05963,84.132,85.57051
2022-01-23 14:11:33.009968,84.57575,84.59625,85.6101
2022-01-23 14:11:33.505116,83.69946,84.4415,85.6101
2022-01-23 14:11:34.002789,84.21434,84.59625,85.33489
2022-01-23 14:11:34.507923,83.7502,84.184,85.33489
2022-01-23 14:11:35.007214,84.21434,84.54425,86.00312
2022-01-23 14:11:35.504943,83.7502,84.184,86.00312
2022-01-23 14:11:36.002634,84.67848,84.95775,85.53187
2022-01-23 14:11:36.508543,83.9569,83.92525,85.53187
2022-01-23 14:11:37.006875,84.00888,84.64825,85.4527
2022-01-23 14:11:37.502285,84.62773,84.90575,85.4527
2022-01-23 14:11:38.001539,83.69946,84.3895,85.53187
2022-01-23 14:11:38.507491,84.47302,84.54425,85.53187
2022-01-23 14:11:39.005446,83.7502,84.3895,85.53187
2022-01-23 14:11:39.501768,84.52377,84.64825,85.53187
2022-01-23 14:11:40.009428,84.31831,84.3895,85.64968
2022-01-23 14:11:40.508036,84.21434,84.803,85.64968
2022-01-23 14:11:41.005685,84.00888,84.4415,86.27739
2022-01-23 14:11:41.502186,84.00888,84.4935,86.27739
2022-01-23 14:11:42.010819,84.73046,84.85375,85.49229
2022-01-23 14:11:42.508759,83.49276,83.8745,85.49229
2022-01-23 14:11:43.006506,84.67848,85.0605,86.3952
2022-01-23 14:11:43.510686,83.9569,83.92525,86.3952
2022-01-23 14:11:44.008894,84.1636,84.59625,86.00312
2022-01-23 14:11:44.505434,84.42104,84.803,86.00312
2022-01-23 14:11:45.003865,83.59549,84.02925,85.09926
2022-01-23 14:11:45.510449,84.47302,84.59625,85.09926
2022-01-23 14:11:46.008436,83.80219,84.33875,85.96354
2022-01-23 14:11:46.502594,84.52377,84.751,85.96354
2022-01-23 14:11:47.010642,84.36905,84.59625,85.96354
2022-01-23 14:11:47.507209,83.80219,84.23475,85.96354
2022-01-23 14:11:48.004345,84.1636,84.59625,85.09926
2022-01-23 14:11:48.509392,84.57575,85.16325,85.09926
2022-01-23 14:11:49.008393,83.7502,83.97725,85.33489
2022-01-23 14:11:49.505026,84.11161,84.699,85.33489
2022-01-23 14:11:50.004514,84.11161,84.59625,85.6101
2022-01-23 14:11:50.510131,84.36905,84.751,85.6101
2022-01-23 14:11:51.009056,83.90492,84.23475,84.98145
2022-01-23 14:11:51.504804,84.26632,84.4415,84.98145
2022-01-23 14:11:52.002658,83.7502,84.64825,85.41406
2022-01-23 14:11:52.509045,84.78245,84.803,85.41406
2022-01-23 14:11:53.008408,84.21434,84.4935,85.80614
2022-01-23 14:11:53.505839,83.7502,83.97725,85.80614
2022-01-23 14:11:54.003867,84.26632,84.64825,86.5526
2022-01-23 14:11:54.509207,84.11161,84.4935,86.5526
2022-01-23 14:11:55.006393,84.57575,84.64825,86.35656
2022-01-23 14:11:55.501117,83.90492,84.54425,86.35656
2022-01-23 14:11:56.009552,84.00888,84.08,85.72791
2022-01-23 14:11:56.504372,84.52377,84.90575,85.72791
2022-01-23 14:11:57.002777,84.36905,84.59625,85.06062
2022-01-23 14:11:57.508030,83.9569,84.33875,85.06062
2022-01-23 14:11:58.007436,84.1636,84.4415,85.96354
2022-01-23 14:11:58.502738,84.05963,84.23475,85.96354
2022-01-23 14:11:59.010757,83.90492,84.54425,85.21708
2022-01-23 14:11:59.506143,84.67848,85.0605,85.21708
2022-01-23 14:12:00.003358,83.28607,83.66775,85.96354
2022-01-23 14:12:00.507507,84.83319,85.1125,85.96354
2022-01-23 14:12:01.005516,83.54475,84.132,85.33489
2022-01-23 14:12:01.511240,84.73046,85.0605,85.33489
2022-01-23 14:12:02.002488,84.1636,84.28675,85.96354
2022-01-23 14:12:02.507935,84.00888,84.54425,85.96354
2022-01-23 14:12:03.005894,84.11161,84.28675,85.68833
2022-01-23 14:12:03.502091,84.11161,84.59625,85.68833
2022-01-23 14:12:04.001567,84.52377,84.803,85.29625
2022-01-23 14:12:04.508297,83.33805,83.8225,85.29625
2022-01-23 14:12:05.007409,84.83319,85.16325,85.96354
2022-01-23 14:12:05.502563,83.80219,83.7705,85.96354
2022-01-23 14:12:06.011015,84.21434,84.751,86.27739
2022-01-23 14:12:06.510478,84.52377,84.699,86.27739
2022-01-23 14:12:07.008321,83.44078,83.92525,85.68833
2022-01-23 14:12:07.504486,84.83319,84.85375,85.68833
2022-01-23 14:12:08.002315,83.49276,83.92525,85.68833
2022-01-23 14:12:08.508461,84.73046,85.0605,85.68833
2022-01-23 14:12:09.006370,84.11161,84.4935,85.37447
2022-01-23 14:12:09.501992,84.26632,84.4935,85.37447
2022-01-23 14:12:10.004989,84.26632,84.33875,85.21708
2022-01-23 14:12:10.509304,83.9569,84.59625,85.21708
2022-01-23 14:12:11.005316,84.1636,84.64825,86.08135
2022-01-23 14:12:11.510360,83.9569,84.28675,86.08135
2022-01-23 14:12:12.008594,84.11161,84.33875,85.80614
2022-01-23 14:12:12.502971,84.21434,84.85375,85.80614
2022-01-23 14:12:13.001242,84.62773,85.0605,85.96354
2022-01-23 14:12:13.505043,83.90492,83.92525,85.96354
2022-01-23 14:12:14.002751,84.00888,84.4415,85.64968
2022-01-23 14:12:14.509096,84.1636,84.3895,85.64968
2022-01-23 14:12:15.007091,84.36905,84.95775,85.09926
2022-01-23 14:12:15.505527,83.9569,84.33875,85.09926
2022-01-23 14:12:16.005079,83.59549,84.02925,85.53187
2022-01-23 14:12:16.501100,84.31831,84.751,85.53187
2022-01-23 14:12:17.010022,84.52377,84.59625,85.49229
2022-01-23 14:12:17.506123,84.42104,84.803,85.49229
2022-01-23 14:12:18.004047,83.80219,84.08,86.3952
2022-01-23 14:12:18.510181,83.80219,84.23475,86.3952
2022-01-23 14:12:19.008964,84.31831,84.4415,85.4527
2022-01-23 14:12:19.504494,83.90492,84.4415,85.4527
2022-01-23 14:12:20.008193,84.1636,84.59625,86.12093
2022-01-23 14:12:20.505194,83.9569,84.184,86.12093
2022-01-23 14:12:21.003608,84.36905,84.699,85.4527
2022-01-23 14:12:21.510426,84.42104,84.751,85.4527
2022-01-23 14:12:22.009019,84.1636,84.54425,85.41406
2022-01-23 14:12:22.504571,84.36905,84.54425,85.41406
2022-01-23 14:12:23.003970,83.28607,83.8225,85.84572
2022-01-23 14:12:23.509646,84.78245,85.21525,85.84572
2022-01-23 14:12:24.007244,84.11161,84.23475,85.53187
2022-01-23 14:12:24.503307,83.9569,84.3895,85.53187
2022-01-23 14:12:25.003294,84.31831,84.54425,85.41406
2022-01-23 14:12:25.508359,83.80219,84.28675,85.41406
2022-01-23 14:12:26.006791,84.88517,85.16325,85.4527
2022-01-23 14:12:26.502830,83.59549,83.8745,85.4527
2022-01-23 14:12:27.010363,84.36905,84.59625,85.33489
2022-01-23 14:12:27.504429,83.85417,84.23475,85.33489
2022-01-23 14:12:28.002268,84.42104,84.751,85.37447
2022-01-23 14:12:28.508602,84.36905,84.4415,85.37447
2022-01-23 14:12:29.007443,83.69946,84.23475,86.00312
2022-01-23 14:12:29.502743,84.52377,84.90575,86.00312
2022-01-23 14:12:30.010275,83.44078,83.61575,85.4527
2022-01-23 14:12:30.505975,84.62773,85.0605,85.4527
2022-01-23 14:12:31.003375,83.69946,84.132,85.25666
2022-01-23 14:12:31.508448,84.31831,84.803,85.25666
2022-01-23 14:12:32.005541,83.90492,83.92525,85.84572
2022-01-23 14:12:32.510908,84.11161,84.59625,85.84572
2022-01-23 14:12:33.001252,84.62773,84.751,85.33489
2022-01-23 14:12:33.508056,84.00888,84.33875,85.33489
2022-01-23 14:12:34.005902,84.00888,84.33875,85.68833
2022-01-23 14:12:34.511186,83.85417,84.23475,85.68833
2022-01-23 14:12:35.009072,84.57575,85.0085,85.13885
2022-01-23 14:12:35.504160,83.7502,84.02925,85.13885
2022-01-23 14:12:36.001523,84.00888,84.33875,85.84572
2022-01-23 14:12:36.506392,83.44078,83.61575,85.84572
2022-01-23 14:12:37.003031,84.42104,84.4935,235.70322
2022-01-23 14:12:37.508319,84.57575,84.64825,235.70322
2022-01-23 14:12:38.007992,83.18334,83.71975,226.8277
2022-01-23 14:12:38.503712,84.57575,84.803,226.8277
2022-01-23 14:12:39.010226,83.39003,83.513,181.03822
2022-01-23 14:12:39.505148,84.73046,85.0605,181.03822
2022-01-23 14:12:40.002890,83.90492,84.184,110.35072
2022-01-23 14:12:40.508585,83.69946,84.08,110.35072
2022-01-23 14:12:41.005157,84.31831,84.33875,92.87489
2022-01-23 14:12:41.510432,83.9569,84.4935,92.87489
2022-01-23 14:12:42.007579,84.57575,85.0085,98.02
2022-01-23 14:12:42.502529,83.64747,83.8745,98.02
2022-01-23 14:12:43.010177,84.93716,85.16325,87.61291
2022-01-23 14:12:43.507342,83.69946,83.8745,87.61291
2022-01-23 14:12:44.005379,84.78245,85.21525,87.10208
2022-01-23 14:12:44.501489,83.80219,84.184,87.10208
2022-01-23 14:12:45.008627,83.80219,84.23475,86.51301
2022-01-23 14:12:45.503936,84.21434,84.64825,86.51301
2022-01-23 14:12:46.003701,83.90492,84.59625,86.00312
2022-01-23 14:12:46.501147,84.52377,84.803,86.00312
2022-01-23 14:12:47.009352,84.21434,84.23475,86.08135
2022-01-23 14:12:47.504119,83.90492,84.33875,86.08135
2022-01-23 14:12:48.003216,84.57575,84.85375,85.92395
2022-01-23 14:12:48.508698,84.1636,84.4935,85.92395
2022-01-23 14:12:49.008312,84.1636,84.59625,86.90604
2022-01-23 14:12:49.503405,83.80219,84.3895,86.90604
2022-01-23 14:12:50.010824,84.36905,84.699,85.4527
2022-01-23 14:12:50.505542,84.31831,84.4415,85.4527
2022-01-23 14:12:51.004478,84.21434,84.699,85.7675
2022-01-23 14:12:51.501248,83.90492,84.33875,85.7675
2022-01-23 14:12:52.010700,83.85417,84.28675,85.21708
2022-01-23 14:12:52.507880,84.83319,85.21525,85.21708
2022-01-23 14:12:53.006272,83.33805,83.8225,85.72791
2022-01-23 14:12:53.508337,84.83319,84.90575,85.72791
2022-01-23 14:12:54.007163,83.80219,83.97725,85.49229
2022-01-23 14:12:54.502740,84.1636,84.4415,85.49229
2022-01-23 14:12:55.010390,84.57575,84.803,85.6101
2022-01-23 14:12:55.505074,83.69946,84.02925,85.6101
2022-01-23 14:12:56.003732,84.62773,85.0605,85.57051
2022-01-23 14:12:56.508539,83.64747,84.23475,85.57051
2022-01-23 14:12:57.007972,84.42104,84.751,85.80614
2022-01-23 14:12:57.504058,84.42104,84.33875,85.80614
2022-01-23 14:12:58.002674,83.85417,84.184,85.53187
2022-01-23 14:12:58.509086,84.26632,84.64825,85.53187
2022-01-23 14:12:59.006647,84.21434,84.699,85.7675
2022-01-23 14:12:59.503870,84.05963,84.3895,85.7675
2022-01-23 14:13:00.003106,84.00888,84.54425,85.41406
2022-01-23 14:13:00.505477,84.36905,84.699,85.41406
2022-01-23 14:13:01.006047,83.85417,84.184,85.7675
2022-01-23 14:13:01.510719,84.57575,84.85375,85.7675
2022-01-23 14:13:02.009276,84.11161,84.28675,86.15958
2022-01-23 14:13:02.504233,83.9569,84.59625,86.15958
2022-01-23 14:13:03.004509,84.26632,84.54425,85.53187
2022-01-23 14:13:03.501043,84.1636,84.64825,85.53187
2022-01-23 14:13:04.010572,84.05963,84.33875,86.08135
2022-01-23 14:13:04.505465,84.1636,84.54425,86.08135
2022-01-23 14:13:05.003225,84.05963,84.4415,85.92395
2022-01-23 14:13:05.510758,84.1636,84.4415,85.92395
2022-01-23 14:13:06.008135,84.26632,84.64825,85.80614
2022-01-23 14:13:06.504572,84.11161,84.751,85.80614
2022-01-23 14:13:07.002043,84.11161,84.3895,86.3952
2022-01-23 14:13:07.510039,84.26632,84.4415,86.3952
2022-01-23 14:13:08.008169,83.90492,84.3895,85.72791
2022-01-23 14:13:08.503238,84.62773,84.803,85.72791
2022-01-23 14:13:09.001570,84.05963,84.33875,85.57051
2022-01-23 14:13:09.505866,83.59549,84.02925,85.57051
2022-01-23 14:13:10.008526,84.21434,84.64825,85.7675
2022-01-23 14:13:10.503670,84.21434,84.4415,85.7675
2022-01-23 14:13:11.007659,84.1636,84.59625,86.3952
2022-01-23 14:13:11.502298,83.80219,84.33875,86.3952
2022-01-23 14:13:12.001787,84.26632,84.4935,85.17843
2022-01-23 14:13:12.510203,84.47302,84.803,85.17843
2022-01-23 14:13:13.007275,84.1636,84.54425,86.27739
2022-01-23 14:13:13.502763,83.7502,84.132,86.27739
2022-01-23 14:13:14.001805,84.1636,84.3895,84.98145
2022-01-23 14:13:14.510386,84.47302,85.1125,84.98145
2022-01-23 14:13:15.006542,83.7502,84.23475,85.64968
2022-01-23 14:13:15.502888,84.1636,84.4415,85.64968
2022-01-23 14:13:16.001051,84.21434,84.59625,85.37447
2022-01-23 14:13:16.505897,83.9569,84.23475,85.37447
2022-01-23 14:13:17.004080,84.88517,85.422,85.64968
2022-01-23 14:13:17.510740,83.39003,83.7705,85.64968
2022-01-23 14:13:18.009117,84.67848,84.90575,85.84572
2022-01-23 14:13:18.505811,83.54475,83.92525,85.84572
2022-01-23 14:13:19.004158,84.73046,85.1125,85.72791
2022-01-23 14:13:19.509846,84.31831,84.54425,85.72791
2022-01-23 14:13:20.007939,83.85417,84.02925,85.4527
2022-01-23 14:13:20.502483,84.36905,84.54425,85.4527
2022-01-23 14:13:21.011225,84.00888,84.54425,85.84572
2022-01-23 14:13:21.506860,84.31831,84.85375,85.84572
2022-01-23 14:13:22.003952,84.21434,84.59625,86.51301
2022-01-23 14:13:22.509523,83.9569,84.08,86.51301
2022-01-23 14:13:23.007370,83.9569,84.3895,85.88531
2022-01-23 14:13:23.503330,84.42104,84.699,85.88531
2022-01-23 14:13:24.010774,84.47302,84.54425,85.84572
2022-01-23 14:13:24.504730,83.85417,84.132,85.84572
2022-01-23 14:13:25.002923,84.21434,84.64825,85.68833
2022-01-23 14:13:25.509720,83.90492,84.54425,85.68833
2022-01-23 14:13:26.006788,84.42104,84.59625,85.80614
2022-01-23 14:13:26.502654,83.54475,84.23475,85.80614
2022-01-23 14:13:27.010549,84.67848,84.95775,85.72791
2022-01-23 14:13:27.504747,84.00888,84.132,85.72791
2022-01-23 14:13:28.003332,84.42104,84.803,85.6101
2022-01-23 14:13:28.508449,84.1636,84.59625,85.6101
2022-01-23 14:13:29.006292,83.85417,84.3895,85.68833
2022-01-23 14:13:29.501614,84.26632,84.54425,85.68833
2022-01-23 14:13:30.010315,83.90492,84.3895,85.57051
2022-01-23 14:13:30.505727,84.26632,84.28675,85.57051
2022-01-23 14:13:31.003692,84.31831,84.699,84.825
2022-01-23 14:13:31.510049,83.90492,84.184,84.825
2022-01-23 14:13:32.008031,84.67848,84.95775,86.27739
2022-01-23 14:13:32.504301,84.1636,84.64825,86.27739
2022-01-23 14:13:33.003205,84.73046,85.1125,85.53187
2022-01-23 14:13:33.509212,83.44078,84.08,85.53187
2022-01-23 14:13:34.007277,84.21434,84.33875,85.41406
2022-01-23 14:13:34.502775,84.47302,84.64825,85.41406
2022-01-23 14:13:35.010364,84.11161,84.4415,85.96354
2022-01-23 14:13:35.506130,84.36905,84.85375,85.96354
2022-01-23 14:13:36.003965,83.49276,83.8225,85.92395
2022-01-23 14:13:36.511084,84.67848,85.0605,85.92395
2022-01-23 14:13:37.010332,84.1636,84.54425,85.37447
2022-01-23 14:13:37.505873,84.36905,84.803,85.37447
2022-01-23 14:13:38.003219,83.69946,83.97725,85.84572
2022-01-23 14:13:38.508831,84.26632,84.28675,85.84572
2022-01-23 14:13:39.008373,84.62773,85.1125,86.31697
2022-01-23 14:13:39.503676,83.64747,84.02925,86.31697
2022-01-23 14:13:40.002082,84.67848,85.0085,85.4527
2022-01-23 14:13:40.507949,83.54475,83.7705,85.4527
2022-01-23 14:13:41.007874,84.42104,84.751,85.88531
2022-01-23 14:13:41.504701,84.11161,84.751,85.88531
2022-01-23 14:13:42.003442,84.00888,84.08,85.64968
2022-01-23 14:13:42.508960,84.57575,84.64825,85.64968
2022-01-23 14:13:43.007682,83.39003,84.02925,85.33489
2022-01-23 14:13:43.503626,84.78245,85.16325,85.33489
2022-01-23 14:13:44.003409,84.11161,84.28675,85.4527
2022-01-23 14:13:44.509144,84.42104,84.54425,85.4527
2022-01-23 14:13:45.008789,83.59549,84.132,85.88531
2022-01-23 14:13:45.505254,84.42104,84.751,85.88531
2022-01-23 14:13:46.004955,84.26632,84.54425,86.15958
2022-01-23 14:13:46.510913,84.21434,84.803,86.15958
2022-01-23 14:13:47.009151,84.00888,84.4935,85.33489
2022-01-23 14:13:47.503296,84.05963,84.54425,85.33489
2022-01-23 14:13:48.001465,84.73046,84.95775,85.21708
2022-01-23 14:13:48.507565,83.59549,84.28675,85.21708
2022-01-23 14:13:49.004833,84.57575,84.64825,86.71
2022-01-23 14:13:49.509210,83.69946,84.02925,86.71
2022-01-23 14:13:50.007675,84.52377,85.0605,85.02104
2022-01-23 14:13:50.505673,84.1636,84.4935,85.02104
2022-01-23 14:13:51.003268,83.69946,84.02925,86.3952
2022-01-23 14:13:51.508966,84.73046,85.0085,86.3952
2022-01-23 14:13:52.007272,83.49276,84.02925,85.64968
2022-01-23 14:13:52.502495,85.09187,85.21525,85.64968
2022-01-23 14:13:53.010546,83.59549,83.92525,85.29625
2022-01-23 14:13:53.505061,84.26632,84.4935,85.29625
2022-01-23 14:13:54.002837,83.90492,84.23475,86.23875
2022-01-23 14:13:54.508358,84.00888,84.28675,86.23875
2022-01-23 14:13:55.006815,84.52377,84.751,85.49229
2022-01-23 14:13:55.504143,83.64747,84.184,85.49229
2022-01-23 14:13:56.002603,84.31831,84.4415,85.4527
2022-01-23 14:13:56.508666,83.64747,84.132,85.4527
2022-01-23 14:13:57.006729,84.47302,84.751,85.64968
2022-01-23 14:13:57.504558,84.47302,84.803,85.64968
2022-01-23 14:13:58.002660,83.80219,84.33875,85.96354
2022-01-23 14:13:58.509128,84.05963,84.33875,85.96354
2022-01-23 14:13:59.008602,84.21434,84.699,84.98145
2022-01-23 14:13:59.502959,84.42104,84.751,84.98145
2022-01-23 14:14:00.002037,83.59549,84.08,86.3952
2022-01-23 14:14:00.505520,84.1636,84.33875,86.3952
2022-01-23 14:14:01.004315,84.47302,84.803,85.33489
2022-01-23 14:14:01.510237,83.7502,84.23475,85.33489
2022-01-23 14:14:02.010389,84.47302,84.90575,85.41406
2022-01-23 14:14:02.505623,83.69946,84.184,85.41406
2022-01-23 14:14:03.004879,84.36905,84.64825,85.84572
2022-01-23 14:14:03.501884,84.05963,84.64825,85.84572
2022-01-23 14:14:04.001066,84.31831,84.184,85.29625
2022-01-23 14:14:04.506743,84.47302,84.59625,85.29625
2022-01-23 14:14:05.006368,84.00888,84.33875,85.17843
2022-01-23 14:14:05.501438,84.11161,84.3895,85.17843
2022-01-23 14:14:06.008533,84.11161,84.59625,85.41406
2022-01-23 14:14:06.504638,84.05963,84.4935,85.41406
2022-01-23 14:14:07.001348,83.7502,84.3895,85.57051
2022-01-23 14:14:07.509221,84.26632,84.4935,85.57051
2022-01-23 14:14:08.007046,84.36905,84.699,85.33489
2022-01-23 14:14:08.502582,84.42104,84.54425,85.33489
2022-01-23 14:14:09.010640,84.05963,84.28675,86.3952
2022-01-23 14:14:09.505160,83.80219,84.28675,86.3952
2022-01-23 14:14:10.003810,84.52377,84.751,85.25666
2022-01-23 14:14:10.509721,83.54475,84.184,85.25666
2022-01-23 14:14:11.005225,84.26632,84.54425,85.72791
2022-01-23 14:14:11.501477,83.85417,84.184,85.72791
2022-01-23 14:14:12.011092,84.73046,85.0605,85.72791
2022-01-23 14:14:12.506846,84.1636,84.23475,85.72791
2022-01-23 14:14:13.004915,84.00888,84.4415,85.49229
2022-01-23 14:14:13.509887,84.31831,84.4415,85.49229
2022-01-23 14:14:14.007967,83.49276,84.132,85.4527
2022-01-23 14:14:14.502405,84.78245,84.803,85.4527
2022-01-23 14:14:15.009897,83.59549,84.08,85.68833
2022-01-23 14:14:15.506338,84.67848,84.90575,85.68833
2022-01-23 14:14:16.004507,84.05963,84.28675,85.64968
2022-01-23 14:14:16.510389,84.1636,84.59625,85.64968
2022-01-23 14:14:17.008587,84.00888,84.3895,86.00312
2022-01-23 14:14:17.503662,84.11161,84.54425,86.00312
2022-01-23 14:14:18.002362,84.21434,84.23475,86.04176
2022-01-23 14:14:18.507884,83.9569,84.64825,86.04176
2022-01-23 14:14:19.007161,84.26632,84.59625,86.12093
2022-01-23 14:14:19.502249,84.47302,84.59625,86.12093
2022-01-23 14:14:20.011178,84.00888,84.33875,85.53187
2022-01-23 14:14:20.509076,84.05963,84.28675,85.53187
2022-01-23 14:14:21.007125,84.21434,84.803,85.33489
2022-01-23 14:14:21.503237,84.36905,84.4415,85.33489
2022-01-23 14:14:22.002358,84.00888,84.59625,85.13885
2022-01-23 14:14:22.506742,84.11161,84.33875,85.13885
2022-01-23 14:14:23.005370,84.52377,84.751,85.25666
2022-01-23 14:14:23.501108,84.1636,84.54425,85.25666
2022-01-23 14:14:24.009125,84.1636,84.3895,85.4527
2022-01-23 14:14:24.505974,84.00888,84.28675,85.4527
2022-01-23 14:14:25.005429,84.05963,84.23475,85.57051
2022-01-23 14:14:25.510024,84.52377,85.1125,85.57051
2022-01-23 14:14:26.007909,83.69946,83.7705,86.12093
2022-01-23 14:14:26.501168,84.57575,84.90575,86.12093
2022-01-23 14:14:27.008962,83.64747,83.97725,85.13885
2022-01-23 14:14:27.503898,84.31831,84.64825,85.13885
2022-01-23 14:14:28.001618,84.31831,84.803,85.57051
2022-01-23 14:14:28.506310,84.1636,84.132,85.57051
2022-01-23 14:14:29.004354,84.00888,84.699,85.49229
2022-01-23 14:14:30.005333,84.62773,84.95775,85.84572
2022-01-23 14:14:30.510115,84.05963,84.28675,85.84572
2022-01-23 14:14:31.008189,84.11161,84.4935,85.64968
2022-01-23 14:14:31.503799,83.64747,84.28675,85.64968
2022-01-23 14:14:32.002421,84.52377,84.751,85.57051
2022-01-23 14:14:32.508843,83.9569,84.59625,85.57051
2022-01-23 14:14:33.006688,84.42104,84.64825,85.17843
2022-01-23 14:14:33.501060,83.69946,84.184,85.17843
2022-01-23 14:14:34.009758,84.31831,84.54425,85.25666
2022-01-23 14:14:34.504887,84.62773,84.95775,85.25666
2022-01-23 14:14:35.002433,83.80219,84.4415,85.41406
2022-01-23 14:14:35.507858,84.21434,84.33875,85.41406
2022-01-23 14:14:36.006079,83.7502,84.28675,86.04176
2022-01-23 14:14:36.502565,84.78245,85.1125,86.04176
2022-01-23 14:14:37.001124,83.80219,84.54425,85.53187
2022-01-23 14:14:37.507534,84.42104,84.3895,85.53187
2022-01-23 14:14:38.006559,84.31831,84.28675,85.68833
2022-01-23 14:14:38.503803,83.9569,84.4935,85.68833
2022-01-23 14:14:39.001504,84.67848,85.0085,86.71
2022-01-23 14:14:39.506011,83.44078,83.8225,86.71
2022-01-23 14:14:40.005102,84.47302,84.54425,85.80614
2022-01-23 14:14:40.510760,83.69946,84.33875,85.80614
2022-01-23 14:14:41.009259,84.52377,84.803,85.4527
2022-01-23 14:14:41.503791,84.52377,84.699,85.4527
2022-01-23 14:14:42.001880,83.9569,84.23475,85.4527
2022-01-23 14:14:42.506307,84.1636,84.28675,85.4527
2022-01-23 14:14:43.005481,84.31831,84.85375,85.17843
2022-01-23 14:14:43.510328,84.31831,84.3895,85.17843
2022-01-23 14:14:44.008489,84.00888,84.64825,85.29625
2022-01-23 14:14:44.502336,83.85417,84.02925,85.29625
2022-01-23 14:14:45.010252,84.1636,84.33875,86.04176
2022-01-23 14:14:45.509832,84.52377,84.803,86.04176
2022-01-23 14:14:46.008854,84.1636,84.3895,85.41406
2022-01-23 14:14:46.504017,84.1636,84.4935,85.41406
2022-01-23 14:14:47.001450,83.90492,84.184,85.88531
2022-01-23 14:14:47.508815,84.05963,85.0605,85.88531
2022-01-23 14:14:48.006710,83.90492,84.132,85.80614
2022-01-23 14:14:48.502534,84.36905,84.4935,85.80614
2022-01-23 14:14:49.001228,83.7502,84.02925,84.78541
2022-01-23 14:14:49.508478,84.62773,84.64825,84.78541
2022-01-23 14:14:50.007345,84.11161,84.54425,85.72791
2022-01-23 14:14:50.503023,83.9569,84.184,85.72791
2022-01-23 14:14:51.010374,84.00888,84.751,85.49229
2022-01-23 14:14:51.506498,83.80219,84.23475,85.49229
2022-01-23 14:14:52.004065,84.00888,84.4415,85.13885
2022-01-23 14:14:52.509831,84.62773,84.803,85.13885
2022-01-23 14:14:53.005945,84.21434,84.33875,86.08135
2022-01-23 14:14:53.510928,83.9569,84.4415,86.08135
2022-01-23 14:14:54.008289,84.1636,84.4415,85.84572
2022-01-23 14:14:54.502915,84.26632,84.85375,85.84572
2022-01-23 14:14:55.010455,84.42104,84.85375,85.64968
2022-01-23 14:14:55.506225,83.7502,84.33875,85.64968
2022-01-23 14:14:56.003126,83.80219,83.97725,86.43479
2022-01-23 14:14:56.509376,84.52377,84.751,86.43479
2022-01-23 14:14:57.002711,83.7502,84.23475,85.09926
2022-01-23 14:14:57.509856,84.67848,84.90575,85.09926
2022-01-23 14:14:58.007312,83.23532,83.71975,86.47437
2022-01-23 14:14:58.503441,84.11161,84.02925,86.47437
2022-01-23 14:14:59.011145,84.31831,84.803,88.86926
2022-01-23 14:14:59.507719,84.26632,84.3895,88.86926
2022-01-23 14:15:00.005802,83.90492,83.71975,239.47322
2022-01-23 14:15:00.510300,83.69946,84.02925,239.47322
2022-01-23 14:15:01.008756,84.47302,84.90575,217.36406
2022-01-23 14:15:01.504483,83.80219,84.33875,217.36406
2022-01-23 14:15:02.003857,84.52377,84.751,144.90937
2022-01-23 14:15:02.509409,83.23532,83.66775,144.90937
2022-01-23 14:15:03.007274,84.42104,84.4935,90.20479
2022-01-23 14:15:03.501905,84.67848,84.90575,90.20479
2022-01-23 14:15:04.010782,83.54475,83.8225,92.24718
2022-01-23 14:15:04.508421,84.42104,84.54425,92.24718
2022-01-23 14:15:05.007847,83.23532,83.7705,89.3801
2022-01-23 14:15:05.503902,84.9879,85.16325,89.3801
2022-01-23 14:15:06.002645,83.9569,84.54425,87.10208
2022-01-23 14:15:06.508443,84.1636,84.4935,87.10208
2022-01-23 14:15:07.006747,84.26632,84.4415,86.43479
2022-01-23 14:15:07.502107,84.47302,84.95775,86.43479
2022-01-23 14:15:08.010570,84.21434,84.3895,85.84572
2022-01-23 14:15:08.507437,84.11161,84.64825,85.84572
2022-01-23 14:15:09.006695,84.11161,84.33875,86.15958
2022-01-23 14:15:09.503559,83.7502,84.33875,86.15958
2022-01-23 14:15:10.002720,84.73046,85.1125,86.00312
2022-01-23 14:15:10.506440,83.54475,83.92525,86.00312
2022-01-23 14:15:11.504908,84.1636,84.64825,86.23875
2022-01-23 14:15:12.005183,84.00888,84.699,86.12093
2022-01-23 14:15:12.510383,83.9569,84.23475,86.12093
2022-01-23 14:15:13.008429,84.36905,84.90575,85.80614
2022-01-23 14:15:13.505980,83.90492,84.28675,85.80614
2022-01-23 14:15:14.005239,84.31831,84.85375,85.13885
2022-01-23 14:15:14.510831,84.31831,84.59625,85.13885
2022-01-23 14:15:15.008825,84.62773,84.54425,86.15958
2022-01-23 14:15:15.505812,83.9569,84.54425,86.15958
2022-01-23 14:15:16.003566,84.1636,84.54425,85.57051
2022-01-23 14:15:16.510298,83.85417,84.4935,85.57051
2022-01-23 14:15:17.008054,84.31831,84.4935,85.4527
2022-01-23 14:15:17.504299,83.90492,84.64825,85.4527
2022-01-23 14:15:18.002062,84.21434,84.59625,86.27739
2022-01-23 14:15:18.505614,84.31831,84.23475,86.27739
2022-01-23 14:15:19.005182,84.42104,84.803,85.17843
2022-01-23 14:15:19.501247,84.31831,84.28675,85.17843
2022-01-23 14:15:20.008951,84.05963,84.64825,86.04176
2022-01-23 14:15:20.503114,83.9569,84.184,86.04176
2022-01-23 14:15:21.001975,84.21434,85.0085,86.12093
2022-01-23 14:15:21.506686,84.26632,84.59625,86.12093
2022-01-23 14:15:22.004332,84.26632,84.4415,85.84572
2022-01-23 14:15:22.510705,84.21434,84.699,85.84572
2022-01-23 14:15:23.008633,84.1636,84.3895,85.72791
2022-01-23 14:15:23.506676,84.1636,84.803,85.72791
2022-01-23 14:15:24.004433,84.47302,84.803,85.72791
2022-01-23 14:15:24.509552,83.18334,83.8745,85.72791
2022-01-23 14:15:25.007512,84.57575,85.0085,85.25666
2022-01-23 14:15:25.504358,84.05963,84.33875,85.25666
2022-01-23 14:15:26.002489,84.47302,84.64825,85.57051
2022-01-23 14:15:26.508319,84.42104,84.64825,85.57051
2022-01-23 14:15:27.005753,83.80219,84.54425,85.72791
2022-01-23 14:15:27.501760,84.73046,85.0085,85.72791
2022-01-23 14:15:28.001139,83.59549,84.132,85.49229
2022-01-23 14:15:28.506218,84.52377,84.803,85.49229
2022-01-23 14:15:29.004270,83.69946,84.02925,85.37447
2022-01-23 14:15:29.510726,84.57575,84.90575,85.37447
2022-01-23 14:15:30.505418,84.26632,84.85375,85.29625
2022-01-23 14:15:31.003243,83.90492,84.184,86.82781
2022-01-23 14:15:31.508429,84.11161,84.64825,86.82781
2022-01-23 14:15:32.007383,84.42104,84.751,85.49229
2022-01-23 14:15:32.502391,83.64747,84.08,85.49229
2022-01-23 14:15:33.002712,84.21434,84.4415,85.64968
2022-01-23 14:15:33.508934,84.05963,84.08,85.64968
2022-01-23 14:15:34.006540,84.11161,84.803,85.33489
2022-01-23 14:15:34.502359,84.21434,84.4415,85.33489
2022-01-23 14:15:35.010114,84.00888,84.28675,85.80614
2022-01-23 14:15:35.504783,84.31831,84.4415,85.80614
2022-01-23 14:15:36.002651,84.00888,84.59625,85.88531
2022-01-23 14:15:36.509519,84.21434,84.54425,85.88531
2022-01-23 14:15:37.008638,84.11161,84.132,85.88531
2022-01-23 14:15:37.505682,84.36905,84.90575,85.88531
2022-01-23 14:15:38.004312,83.90492,84.23475,85.29625
2022-01-23 14:15:38.509418,84.67848,85.318,85.29625
2022-01-23 14:15:39.007199,83.80219,83.7705,85.41406
2022-01-23 14:15:39.504287,84.05963,84.64825,85.41406
2022-01-23 14:15:40.003902,84.26632,84.59625,85.37447
2022-01-23 14:15:40.509750,84.11161,84.3895,85.37447
2022-01-23 14:15:41.008176,84.26632,84.751,85.57051
2022-01-23 14:15:41.503402,83.9569,84.33875,85.57051
2022-01-23 14:15:42.004241,84.21434,84.751,85.17843
2022-01-23 14:15:42.502204,84.31831,84.54425,85.17843
2022-01-23 14:15:43.010937,84.00888,84.54425,86.35656
2022-01-23 14:15:43.501741,84.11161,84.3895,86.35656
2022-01-23 14:15:44.010597,84.31831,84.3895,86.04176
2022-01-23 14:15:44.506714,84.1636,84.59625,86.04176
2022-01-23 14:15:45.006304,84.21434,84.59625,85.7675
2022-01-23 14:15:45.502236,84.36905,85.0605,85.7675
2022-01-23 14:15:46.008599,83.9569,84.02925,85.7675
2022-01-23 14:15:46.510255,83.90492,84.3895,85.7675
2022-01-23 14:15:47.009383,84.52377,85.0085,85.68833
2022-01-23 14:15:47.505303,83.9569,84.4415,85.68833
2022-01-23 14:15:48.002775,84.47302,84.751,85.37447
2022-01-23 14:15:48.506923,84.11161,84.4415,85.37447
2022-01-23 14:15:49.005947,83.80219,84.3895,85.84572
2022-01-23 14:15:49.510627,84.62773,84.95775,85.84572
