時間,回転１,回転２,回転３
2022-01-23 16:00:00.003798,0.0,0.0,0.0
2022-01-23 16:00:00.509330,0.0,0.0,0.0
2022-01-23 16:00:01.009650,0.0,0.0,0.0
2022-01-23 16:00:01.506899,0.0,0.0,0.0
2022-01-23 16:00:02.005813,0.0,0.0,0.0
2022-01-23 16:00:02.502314,0.0,0.0,0.0
2022-01-23 16:00:03.010736,0.0,0.0,0.0
2022-01-23 16:00:03.506656,0.0,0.0,0.0
2022-01-23 16:00:04.004749,0.0,0.0,0.0
2022-01-23 16:00:04.507525,0.0,0.0,0.0
2022-01-23 16:00:05.005045,0.0,0.0,0.0
2022-01-23 16:00:05.511052,0.0,0.0,0.0
2022-01-23 16:00:06.010949,0.0,0.0,0.0
2022-01-23 16:00:06.507267,0.0,0.0,0.0
2022-01-23 16:00:07.005483,0.0,0.0,0.0
2022-01-23 16:00:07.501204,0.0,0.0,0.0
2022-01-23 16:00:08.009386,0.0,0.0,0.0
2022-01-23 16:00:08.505438,0.0,0.0,0.0
2022-01-23 16:00:09.005367,0.0,0.0,0.0
2022-01-23 16:00:09.502645,0.0,0.0,0.0
2022-01-23 16:00:10.009651,0.0,0.0,0.0
2022-01-23 16:00:10.503443,0.0,0.0,0.0
2022-01-23 16:00:11.008122,0.0,0.0,0.0
2022-01-23 16:00:11.504052,0.0,0.0,0.0
2022-01-23 16:00:12.002434,0.0,0.0,0.0
2022-01-23 16:00:12.507109,0.0,0.0,0.0
2022-01-23 16:00:13.005159,0.0,0.0,0.0
2022-01-23 16:00:13.503206,0.0,0.0,0.0
2022-01-23 16:00:14.002589,0.0,0.0,0.0
2022-01-23 16:00:14.509714,0.0,0.0,0.0
2022-01-23 16:00:15.007803,0.0,0.0,0.0
2022-01-23 16:00:15.502660,0.0,0.0,0.0
2022-01-23 16:00:16.010723,0.0,0.0,0.0
2022-01-23 16:00:16.506173,0.0,0.0,0.0
2022-01-23 16:00:17.004465,0.0,0.0,0.0
2022-01-23 16:00:17.501806,0.0,0.0,0.0
2022-01-23 16:00:18.505003,0.0,0.0,0.0
2022-01-23 16:00:19.003618,0.0,0.0,0.0
2022-01-23 16:00:19.509932,0.0,0.0,0.0
2022-01-23 16:00:20.008235,0.0,0.0,0.0
2022-01-23 16:00:20.503774,0.0,0.0,0.0
2022-01-23 16:00:21.002879,0.0,0.0,0.0
2022-01-23 16:00:21.508548,0.0,0.0,0.0
2022-01-23 16:00:22.006436,0.0,0.0,0.0
2022-01-23 16:00:22.501963,0.0,0.0,0.0
2022-01-23 16:00:23.010442,0.0,0.0,0.0
2022-01-23 16:00:23.505172,0.0,0.0,0.0
2022-01-23 16:00:24.003031,0.0,0.0,0.0
2022-01-23 16:00:24.510036,0.0,0.0,0.0
2022-01-23 16:00:25.009265,0.0,0.0,0.0
2022-01-23 16:00:25.506075,0.0,0.0,0.0
2022-01-23 16:00:26.004329,0.0,0.0,0.0
2022-01-23 16:00:26.501674,0.0,0.0,0.0
2022-01-23 16:00:27.001476,0.0,0.0,0.0
2022-01-23 16:00:27.507285,0.0,0.0,0.0
2022-01-23 16:00:28.005638,0.0,0.0,0.0
2022-01-23 16:00:28.503298,0.0,0.0,0.0
2022-01-23 16:00:29.002784,0.0,0.0,0.0
2022-01-23 16:00:29.510210,0.0,0.0,0.0
2022-01-23 16:00:30.008415,0.0,0.0,0.0
2022-01-23 16:00:30.504330,0.0,0.0,0.0
2022-01-23 16:00:31.002080,0.0,0.0,0.0
2022-01-23 16:00:31.509856,0.0,0.0,0.0
2022-01-23 16:00:32.007771,0.0,0.0,0.0
2022-01-23 16:00:32.503418,0.0,0.0,0.0
2022-01-23 16:00:33.002021,0.0,0.0,0.0
2022-01-23 16:00:33.502788,0.0,0.0,0.0
2022-01-23 16:00:34.010564,0.0,0.0,0.0
2022-01-23 16:00:34.505704,0.0,0.0,0.0
2022-01-23 16:00:35.004553,0.0,0.0,0.0
2022-01-23 16:00:35.509932,0.0,0.0,0.0
2022-01-23 16:00:36.010038,0.0,0.0,0.0
2022-01-23 16:00:36.504510,0.0,0.0,0.0
2022-01-23 16:00:37.002408,0.0,0.0,0.0
2022-01-23 16:00:37.507811,0.0,0.0,0.0
2022-01-23 16:00:38.005894,0.0,0.0,0.0
2022-01-23 16:00:38.510207,0.0,0.0,0.0
2022-01-23 16:00:39.008553,0.0,0.0,0.0
2022-01-23 16:00:39.509044,0.0,0.0,0.0
2022-01-23 16:00:40.006722,0.0,0.0,0.0
2022-01-23 16:00:40.501174,0.0,0.0,0.0
2022-01-23 16:00:41.010286,0.0,0.0,0.0
2022-01-23 16:00:41.505702,0.0,0.0,0.0
2022-01-23 16:00:42.004215,0.0,0.0,0.0
2022-01-23 16:00:42.509100,0.0,0.0,0.0
2022-01-23 16:00:43.007553,0.0,0.0,0.0
2022-01-23 16:00:43.502375,0.0,0.0,0.0
2022-01-23 16:00:44.010139,0.0,0.0,0.0
2022-01-23 16:00:44.505953,0.0,0.0,0.0
2022-01-23 16:00:45.003316,0.0,0.0,0.0
2022-01-23 16:00:45.508012,0.0,0.0,0.0
2022-01-23 16:00:46.006284,0.0,0.0,0.0
2022-01-23 16:00:46.503906,0.0,0.0,0.0
2022-01-23 16:00:47.001173,0.0,0.0,0.0
2022-01-23 16:00:47.507875,0.0,0.0,0.0
2022-01-23 16:00:48.006336,0.0,0.0,0.0
2022-01-23 16:00:48.501565,0.0,0.0,0.0
2022-01-23 16:00:49.009295,0.0,0.0,0.0
2022-01-23 16:00:49.506039,0.0,0.0,0.0
2022-01-23 16:00:50.004699,0.0,0.0,0.0
2022-01-23 16:00:50.510671,0.0,0.0,0.0
2022-01-23 16:00:51.009092,0.0,0.0,0.0
2022-01-23 16:00:51.504656,0.0,0.0,0.0
2022-01-23 16:00:52.002791,0.0,0.0,0.0
2022-01-23 16:00:52.508093,0.0,0.0,0.0
2022-01-23 16:00:53.006094,0.0,0.0,0.0
2022-01-23 16:00:53.510713,0.0,0.0,0.0
2022-01-23 16:00:54.009186,0.0,0.0,0.0
2022-01-23 16:00:54.507806,0.0,0.0,0.0
2022-01-23 16:00:55.005527,0.0,0.0,0.0
2022-01-23 16:00:55.501168,0.0,0.0,0.0
2022-01-23 16:00:56.010281,0.0,0.0,0.0
2022-01-23 16:00:56.506760,0.0,0.0,0.0
2022-01-23 16:00:57.003973,0.0,0.0,0.0
2022-01-23 16:00:57.508775,0.0,0.0,0.0
2022-01-23 16:00:58.006251,0.0,0.0,0.0
2022-01-23 16:00:58.511079,0.0,0.0,0.0
2022-01-23 16:00:59.009126,0.0,0.0,0.0
2022-01-23 16:00:59.504573,0.0,0.0,0.0
2022-01-23 16:01:00.003251,0.0,0.0,0.0
2022-01-23 16:01:00.509986,0.0,0.0,0.0
2022-01-23 16:01:01.007663,0.0,0.0,0.0
2022-01-23 16:01:01.504009,0.0,0.0,0.0
2022-01-23 16:01:02.001958,0.0,0.0,0.0
2022-01-23 16:01:02.506781,0.0,0.0,0.0
2022-01-23 16:01:03.004245,0.0,0.0,0.0
2022-01-23 16:01:03.502194,0.0,0.0,0.0
2022-01-23 16:01:04.010340,0.0,0.0,0.0
2022-01-23 16:01:04.506002,0.0,0.0,0.0
2022-01-23 16:01:05.004063,0.0,0.0,0.0
2022-01-23 16:01:05.508916,0.0,0.0,0.0
2022-01-23 16:01:06.006762,0.0,0.0,0.0
2022-01-23 16:01:06.502415,0.0,0.0,0.0
2022-01-23 16:01:07.010220,0.0,0.0,0.0
2022-01-23 16:01:07.504448,0.0,0.0,0.0
2022-01-23 16:01:08.002686,0.0,0.0,0.0
2022-01-23 16:01:08.509012,0.0,0.0,0.0
2022-01-23 16:01:09.007590,0.0,0.0,0.0
2022-01-23 16:01:09.502462,0.0,0.0,0.0
2022-01-23 16:01:10.010578,0.0,0.0,0.0
2022-01-23 16:01:10.505257,0.0,0.0,0.0
2022-01-23 16:01:11.009476,0.0,0.0,0.0
2022-01-23 16:01:11.504552,0.0,0.0,0.0
2022-01-23 16:01:12.001999,0.0,0.0,0.0
2022-01-23 16:01:12.509335,0.0,0.0,0.0
2022-01-23 16:01:13.007257,0.0,0.0,0.0
2022-01-23 16:01:13.502955,0.0,0.0,0.0
2022-01-23 16:01:14.001083,0.0,0.0,0.0
2022-01-23 16:01:14.507794,0.0,0.0,0.0
2022-01-23 16:01:15.006707,0.0,0.0,0.0
2022-01-23 16:01:15.501114,0.0,0.0,0.0
2022-01-23 16:01:16.008483,0.0,0.0,0.0
2022-01-23 16:01:16.504323,0.0,0.0,0.0
2022-01-23 16:01:17.004179,0.0,0.0,0.0
2022-01-23 16:01:17.510346,0.0,0.0,0.0
2022-01-23 16:01:18.008552,0.0,0.0,0.0
2022-01-23 16:01:18.504412,0.0,0.0,0.0
2022-01-23 16:01:19.004245,0.0,0.0,0.0
2022-01-23 16:01:19.510928,0.0,0.0,0.0
2022-01-23 16:01:20.008653,0.0,0.0,0.0
2022-01-23 16:01:20.505294,0.0,0.0,0.0
2022-01-23 16:01:21.003959,0.0,0.0,0.0
2022-01-23 16:01:21.501894,0.0,0.0,0.0
2022-01-23 16:01:22.010195,0.0,0.0,0.0
2022-01-23 16:01:22.506057,0.0,0.0,0.0
2022-01-23 16:01:23.006165,0.0,0.0,0.0
2022-01-23 16:01:23.502656,0.0,0.0,0.0
2022-01-23 16:01:24.010451,0.0,0.0,0.0
2022-01-23 16:01:24.505867,0.0,0.0,0.0
2022-01-23 16:01:25.003981,0.0,0.0,0.0
2022-01-23 16:01:25.509678,0.0,0.0,0.0
2022-01-23 16:01:26.008005,0.0,0.0,0.0
2022-01-23 16:01:26.502187,0.0,0.0,0.0
2022-01-23 16:01:27.010428,0.0,0.0,0.0
2022-01-23 16:01:27.506339,0.0,0.0,0.0
2022-01-23 16:01:28.003923,0.0,0.0,0.0
2022-01-23 16:01:28.510087,0.0,0.0,0.0
2022-01-23 16:01:29.009173,0.0,0.0,0.0
2022-01-23 16:01:29.505242,0.0,0.0,0.0
2022-01-23 16:01:30.009444,0.0,0.0,0.0
2022-01-23 16:01:30.506608,0.0,0.0,0.0
2022-01-23 16:01:31.005095,0.0,0.0,0.0
2022-01-23 16:01:31.501471,0.0,0.0,0.0
2022-01-23 16:01:32.010627,0.0,0.0,0.0
2022-01-23 16:01:32.506310,0.0,0.0,0.0
2022-01-23 16:01:33.005168,0.0,0.0,0.0
2022-01-23 16:01:33.504099,0.0,0.0,0.0
2022-01-23 16:01:34.001678,0.0,0.0,0.0
2022-01-23 16:01:34.507822,0.0,0.0,0.0
2022-01-23 16:01:35.007356,0.0,0.0,0.0
2022-01-23 16:01:35.503354,0.0,0.0,0.0
2022-01-23 16:01:36.505729,0.0,0.0,0.0
2022-01-23 16:01:37.004105,0.0,0.0,0.0
2022-01-23 16:01:37.510393,0.0,0.0,0.0
2022-01-23 16:01:38.008455,0.0,0.0,0.0
2022-01-23 16:01:38.503892,0.0,0.0,0.0
2022-01-23 16:01:39.001906,0.0,0.0,0.0
2022-01-23 16:01:39.507150,0.0,0.0,0.0
2022-01-23 16:01:40.006809,0.0,0.0,0.0
2022-01-23 16:01:40.502725,0.0,0.0,0.0
2022-01-23 16:01:41.010683,0.0,0.0,0.0
2022-01-23 16:01:41.506124,0.0,0.0,0.0
2022-01-23 16:01:42.004339,0.0,0.0,0.0
2022-01-23 16:01:42.510676,0.0,0.0,0.0
2022-01-23 16:01:43.008494,0.0,0.0,0.0
2022-01-23 16:01:43.504139,0.0,0.0,0.0
2022-01-23 16:01:44.003830,0.0,0.0,0.0
2022-01-23 16:01:44.510864,0.0,0.0,0.0
2022-01-23 16:01:45.008964,0.0,0.0,0.0
2022-01-23 16:01:45.503490,0.0,0.0,0.0
2022-01-23 16:01:46.003232,0.0,0.0,0.0
2022-01-23 16:01:46.508893,0.0,0.0,0.0
2022-01-23 16:01:47.007767,0.0,0.0,0.0
2022-01-23 16:01:47.503804,0.0,0.0,0.0
2022-01-23 16:01:48.002808,0.0,0.0,0.0
2022-01-23 16:01:48.510904,0.0,0.0,0.0
2022-01-23 16:01:49.010157,0.0,0.0,0.0
2022-01-23 16:01:49.505849,0.0,0.0,0.0
2022-01-23 16:01:50.010183,0.0,0.0,0.0
2022-01-23 16:01:50.506628,0.0,0.0,0.0
2022-01-23 16:01:51.005679,0.0,0.0,0.0
2022-01-23 16:01:51.510832,0.0,0.0,0.0
2022-01-23 16:01:52.009055,0.0,0.0,0.0
2022-01-23 16:01:52.505952,0.0,0.0,0.0
2022-01-23 16:01:53.004348,0.0,0.0,0.0
2022-01-23 16:01:53.510205,0.0,0.0,0.0
2022-01-23 16:01:54.008912,0.0,0.0,0.0
2022-01-23 16:01:54.504395,0.0,0.0,0.0
2022-01-23 16:01:55.003040,0.0,0.0,0.0
2022-01-23 16:01:55.508466,0.0,0.0,0.0
2022-01-23 16:01:56.006387,0.0,0.0,0.0
2022-01-23 16:01:56.510739,0.0,0.0,0.0
2022-01-23 16:01:57.008386,0.0,0.0,0.0
2022-01-23 16:01:57.505518,0.0,0.0,0.0
2022-01-23 16:01:58.005211,0.0,0.0,0.0
2022-01-23 16:01:58.501351,0.0,0.0,0.0
2022-01-23 16:01:59.010261,0.0,0.0,0.0
2022-01-23 16:01:59.505507,0.0,0.0,0.0
2022-01-23 16:02:00.003767,0.0,0.0,0.0
2022-01-23 16:02:00.500947,0.0,0.0,0.0
2022-01-23 16:02:01.009728,0.0,0.0,0.0
2022-01-23 16:02:01.504683,0.0,0.0,0.0
2022-01-23 16:02:02.003395,0.0,0.0,0.0
2022-01-23 16:02:02.508914,0.0,0.0,0.0
2022-01-23 16:02:03.007417,0.0,0.0,0.0
2022-01-23 16:02:03.502853,0.0,0.0,0.0
2022-01-23 16:02:04.002548,0.0,0.0,0.0
2022-01-23 16:02:04.507807,0.0,0.0,0.0
2022-01-23 16:02:05.008756,0.0,0.0,0.0
2022-01-23 16:02:05.503375,0.0,0.0,0.0
2022-01-23 16:02:06.002224,0.0,0.0,0.0
2022-01-23 16:02:06.509209,0.0,0.0,0.0
2022-01-23 16:02:07.007759,0.0,0.0,0.0
2022-01-23 16:02:07.504091,0.0,0.0,0.0
2022-01-23 16:02:08.001769,0.0,0.0,0.0
2022-01-23 16:02:08.507280,0.0,0.0,0.0
2022-01-23 16:02:09.005745,0.0,0.0,0.0
2022-01-23 16:02:09.510840,0.0,0.0,0.0
2022-01-23 16:02:10.009192,0.0,0.0,0.0
2022-01-23 16:02:10.505674,0.0,0.0,0.0
2022-01-23 16:02:11.011040,0.0,0.0,0.0
2022-01-23 16:02:11.506964,0.0,0.0,0.0
2022-01-23 16:02:12.005760,0.0,0.0,0.0
2022-01-23 16:02:12.501711,0.0,0.0,0.0
2022-01-23 16:02:13.010358,0.0,0.0,0.0
2022-01-23 16:02:13.506971,0.0,0.0,0.0
2022-01-23 16:02:14.005925,0.0,0.0,0.0
2022-01-23 16:02:14.510618,0.0,0.0,0.0
2022-01-23 16:02:15.009775,0.0,0.0,0.0
2022-01-23 16:02:15.505737,0.0,0.0,0.0
2022-01-23 16:02:16.004095,0.0,0.0,0.0
2022-01-23 16:02:16.511013,0.0,0.0,0.0
2022-01-23 16:02:17.010329,0.0,0.0,0.0
2022-01-23 16:02:17.505717,0.0,0.0,0.0
2022-01-23 16:02:18.004384,0.0,0.0,0.0
2022-01-23 16:02:19.005019,0.0,0.0,0.0
2022-01-23 16:02:19.510657,0.0,0.0,0.0
2022-01-23 16:02:20.001201,0.0,0.0,0.0
2022-01-23 16:02:20.506636,0.0,0.0,0.0
2022-01-23 16:02:21.005075,0.0,0.0,0.0
2022-01-23 16:02:21.510305,0.0,0.0,0.0
2022-01-23 16:02:22.009214,0.0,0.0,0.0
2022-01-23 16:02:22.504983,0.0,0.0,0.0
2022-01-23 16:02:23.003397,0.0,0.0,0.0
2022-01-23 16:02:23.509915,0.0,0.0,0.0
2022-01-23 16:02:24.007402,0.0,0.0,0.0
2022-01-23 16:02:24.503788,0.0,0.0,0.0
2022-01-23 16:02:25.002591,0.0,0.0,0.0
2022-01-23 16:02:25.509163,0.0,0.0,0.0
2022-01-23 16:02:26.008627,0.0,0.0,0.0
2022-01-23 16:02:26.504270,0.0,0.0,0.0
2022-01-23 16:02:27.002780,0.0,0.0,0.0
2022-01-23 16:02:27.509117,0.0,0.0,0.0
2022-01-23 16:02:28.006747,0.0,0.0,0.0
2022-01-23 16:02:28.503861,0.0,0.0,0.0
2022-01-23 16:02:29.002208,0.0,0.0,0.0
2022-01-23 16:02:29.508430,0.0,0.0,0.0
2022-01-23 16:02:30.007400,0.0,0.0,0.0
2022-01-23 16:02:30.502383,0.0,0.0,0.0
2022-01-23 16:02:31.010620,0.0,0.0,0.0
2022-01-23 16:02:31.506603,0.0,0.0,0.0
2022-01-23 16:02:32.006342,0.0,0.0,0.0
2022-01-23 16:02:32.502027,0.0,0.0,0.0
2022-01-23 16:02:33.011286,0.0,0.0,0.0
2022-01-23 16:02:33.507419,0.0,0.0,0.0
2022-01-23 16:02:34.005453,0.0,0.0,0.0
2022-01-23 16:02:34.510372,0.0,0.0,0.0
2022-01-23 16:02:35.008198,0.0,0.0,0.0
2022-01-23 16:02:36.502312,0.0,0.0,0.0
2022-01-23 16:02:37.010056,0.0,0.0,0.0
2022-01-23 16:02:37.504589,0.0,0.0,0.0
2022-01-23 16:02:38.002883,0.0,0.0,0.0
2022-01-23 16:02:38.510857,0.0,0.0,0.0
2022-01-23 16:02:39.010185,0.0,0.0,0.0
2022-01-23 16:02:39.504987,0.0,0.0,0.0
2022-01-23 16:02:40.002691,0.0,0.0,0.0
2022-01-23 16:02:40.509050,0.0,0.0,0.0
2022-01-23 16:02:41.007850,0.0,0.0,0.0
2022-01-23 16:02:41.503331,0.0,0.0,0.0
2022-01-23 16:02:42.001109,0.0,0.0,0.0
2022-01-23 16:02:42.508375,0.0,0.0,0.0
2022-01-23 16:02:43.009166,0.0,0.0,0.0
2022-01-23 16:02:43.506222,0.0,0.0,0.0
2022-01-23 16:02:44.004177,0.0,0.0,0.0
2022-01-23 16:02:44.509236,0.0,0.0,0.0
2022-01-23 16:02:45.007906,0.0,0.0,0.0
2022-01-23 16:02:45.503807,0.0,0.0,0.0
2022-01-23 16:02:46.002600,0.0,0.0,0.0
2022-01-23 16:02:46.509123,0.0,0.0,0.0
2022-01-23 16:02:47.008605,0.0,0.0,0.0
2022-01-23 16:02:47.506551,0.0,0.0,0.0
2022-01-23 16:02:48.004236,0.0,0.0,0.0
2022-01-23 16:02:48.510859,0.0,0.0,0.0
2022-01-23 16:02:49.009462,0.0,0.0,0.0
2022-01-23 16:02:49.505812,0.0,0.0,0.0
2022-01-23 16:02:50.003639,0.0,0.0,0.0
2022-01-23 16:02:50.508319,0.0,0.0,0.0
2022-01-23 16:02:51.006835,0.0,0.0,0.0
2022-01-23 16:02:51.502452,0.0,0.0,0.0
2022-01-23 16:02:52.002887,0.0,0.0,0.0
2022-01-23 16:02:52.508855,0.0,0.0,0.0
2022-01-23 16:02:53.006438,0.0,0.0,0.0
2022-01-23 16:02:53.502510,0.0,0.0,0.0
2022-01-23 16:02:54.010641,0.0,0.0,0.0
2022-01-23 16:02:54.504605,0.0,0.0,0.0
2022-01-23 16:02:55.004175,0.0,0.0,0.0
2022-01-23 16:02:55.510161,0.0,0.0,0.0
2022-01-23 16:02:56.008266,0.0,0.0,0.0
2022-01-23 16:02:56.505707,0.0,0.0,0.0
2022-01-23 16:02:57.003829,0.0,0.0,0.0
2022-01-23 16:02:57.510183,0.0,0.0,0.0
2022-01-23 16:02:58.008502,0.0,0.0,0.0
2022-01-23 16:02:58.504026,0.0,0.0,0.0
2022-01-23 16:02:59.003291,0.0,0.0,0.0
2022-01-23 16:02:59.509564,0.0,0.0,0.0
2022-01-23 16:03:00.008442,0.0,0.0,0.0
2022-01-23 16:03:00.506156,0.0,0.0,0.0
2022-01-23 16:03:01.004067,0.0,0.0,0.0
2022-01-23 16:03:01.506735,0.0,0.0,0.0
2022-01-23 16:03:02.002804,0.0,0.0,0.0
2022-01-23 16:03:02.506242,0.0,0.0,0.0
2022-01-23 16:03:03.004846,0.0,0.0,0.0
2022-01-23 16:03:03.510750,0.0,0.0,0.0
2022-01-23 16:03:04.008485,0.0,0.0,0.0
2022-01-23 16:03:04.505183,0.0,0.0,0.0
2022-01-23 16:03:05.003693,0.0,0.0,0.0
2022-01-23 16:03:05.508075,0.0,0.0,0.0
2022-01-23 16:03:06.006189,0.0,0.0,0.0
2022-01-23 16:03:06.501025,0.0,0.0,0.0
2022-01-23 16:03:07.009455,0.0,0.0,0.0
2022-01-23 16:03:07.507182,0.0,0.0,0.0
2022-01-23 16:03:08.004720,0.0,0.0,0.0
2022-01-23 16:03:08.510741,0.0,0.0,0.0
2022-01-23 16:03:09.008723,0.0,0.0,0.0
2022-01-23 16:03:09.503822,0.0,0.0,0.0
2022-01-23 16:03:10.003186,0.0,0.0,0.0
2022-01-23 16:03:10.509068,0.0,0.0,0.0
2022-01-23 16:03:11.003269,0.0,0.0,0.0
2022-01-23 16:03:11.508427,0.0,0.0,0.0
2022-01-23 16:03:12.006486,0.0,0.0,0.0
2022-01-23 16:03:12.501954,0.0,0.0,0.0
2022-01-23 16:03:13.010279,0.0,0.0,0.0
2022-01-23 16:03:13.507911,0.0,0.0,0.0
2022-01-23 16:03:14.005627,0.0,0.0,0.0
2022-01-23 16:03:14.501511,0.0,0.0,0.0
2022-01-23 16:03:15.010346,0.0,0.0,0.0
2022-01-23 16:03:15.506327,0.0,0.0,0.0
2022-01-23 16:03:16.004605,0.0,0.0,0.0
2022-01-23 16:03:16.510404,0.0,0.0,0.0
2022-01-23 16:03:17.007231,0.0,0.0,0.0
2022-01-23 16:03:17.502275,0.0,0.0,0.0
2022-01-23 16:03:18.010665,0.0,0.0,0.0
2022-01-23 16:03:18.507305,0.0,0.0,0.0
2022-01-23 16:03:19.008512,0.0,0.0,0.0
2022-01-23 16:03:19.505169,0.0,0.0,0.0
2022-01-23 16:03:20.001940,0.0,0.0,0.0
2022-01-23 16:03:20.506129,0.0,0.0,0.0
2022-01-23 16:03:21.007318,0.0,0.0,0.0
2022-01-23 16:03:21.502882,0.0,0.0,0.0
2022-01-23 16:03:22.009712,0.0,0.0,0.0
2022-01-23 16:03:22.505208,0.0,0.0,0.0
2022-01-23 16:03:23.002535,0.0,0.0,0.0
2022-01-23 16:03:23.507665,0.0,0.0,0.0
2022-01-23 16:03:24.006700,0.0,0.0,0.0
2022-01-23 16:03:24.501083,0.0,0.0,0.0
2022-01-23 16:03:25.010521,0.0,0.0,0.0
2022-01-23 16:03:25.506495,0.0,0.0,0.0
2022-01-23 16:03:26.003461,0.0,0.0,0.0
2022-01-23 16:03:26.509451,0.0,0.0,0.0
2022-01-23 16:03:27.008508,0.0,0.0,0.0
2022-01-23 16:03:27.504888,0.0,0.0,0.0
2022-01-23 16:03:28.003434,0.0,0.0,0.0
2022-01-23 16:03:28.509654,0.0,0.0,0.0
2022-01-23 16:03:29.007389,0.0,0.0,0.0
2022-01-23 16:03:29.503430,0.0,0.0,0.0
2022-01-23 16:03:30.001472,0.0,0.0,0.0
2022-01-23 16:03:30.506569,0.0,0.0,0.0
2022-01-23 16:03:31.004032,0.0,0.0,0.0
2022-01-23 16:03:32.004899,0.0,0.0,0.0
2022-01-23 16:03:32.508451,0.0,0.0,0.0
2022-01-23 16:03:33.008440,0.0,0.0,0.0
2022-01-23 16:03:33.505110,0.0,0.0,0.0
2022-01-23 16:03:34.003042,0.0,0.0,0.0
2022-01-23 16:03:34.509386,0.0,0.0,0.0
2022-01-23 16:03:35.007776,0.0,0.0,0.0
2022-01-23 16:03:35.510820,0.0,0.0,0.0
2022-01-23 16:03:36.008686,0.0,0.0,0.0
2022-01-23 16:03:36.505097,0.0,0.0,0.0
2022-01-23 16:03:37.004800,0.0,0.0,0.0
2022-01-23 16:03:37.510082,0.0,0.0,0.0
2022-01-23 16:03:38.008389,0.0,0.0,0.0
2022-01-23 16:03:38.503622,0.0,0.0,0.0
2022-01-23 16:03:39.002818,0.0,0.0,0.0
2022-01-23 16:03:39.507238,0.0,0.0,0.0
2022-01-23 16:03:40.006875,0.0,0.0,0.0
2022-01-23 16:03:40.504416,0.0,0.0,0.0
2022-01-23 16:03:41.004609,0.0,0.0,0.0
2022-01-23 16:03:41.502502,0.0,0.0,0.0
2022-01-23 16:03:42.010705,0.0,0.0,0.0
2022-01-23 16:03:42.507042,0.0,0.0,0.0
2022-01-23 16:03:43.004611,0.0,0.0,0.0
2022-01-23 16:03:43.509388,0.0,0.0,0.0
2022-01-23 16:03:44.006864,0.0,0.0,0.0
2022-01-23 16:03:44.503585,0.0,0.0,0.0
2022-01-23 16:03:45.004009,0.0,0.0,0.0
2022-01-23 16:03:45.502297,0.0,0.0,0.0
2022-01-23 16:03:46.010849,0.0,0.0,0.0
2022-01-23 16:03:46.507874,0.0,0.0,0.0
2022-01-23 16:03:47.007092,0.0,0.0,0.0
2022-01-23 16:03:47.510162,0.0,0.0,0.0
2022-01-23 16:03:48.010205,0.0,0.0,0.0
2022-01-23 16:03:48.506498,0.0,0.0,0.0
2022-01-23 16:03:49.005051,0.0,0.0,-0.03864
2022-01-23 16:03:49.501333,0.0,0.0,-0.03864
2022-01-23 16:03:50.010649,0.0,0.0,-0.03864
2022-01-23 16:03:50.505883,0.0,0.0,-0.03864
2022-01-23 16:03:51.004451,0.0,0.0,0.0
2022-01-23 16:03:51.510484,0.0,0.0,0.0
2022-01-23 16:03:52.008588,0.0,0.0,0.0
2022-01-23 16:03:52.508084,0.0,0.0,0.0
2022-01-23 16:03:53.006278,0.0,0.0,0.0
2022-01-23 16:03:53.501923,0.0,0.0,0.0
2022-01-23 16:03:54.010726,0.0,0.0,0.0
2022-01-23 16:03:54.508299,0.0,0.0,0.0
2022-01-23 16:03:55.007949,0.0,0.0,0.0
2022-01-23 16:03:55.504144,0.0,0.0,0.0
2022-01-23 16:03:56.002498,0.0,0.0,0.0
2022-01-23 16:03:56.507997,0.0,0.0,0.0
2022-01-23 16:03:57.006525,0.0,0.0,0.0
2022-01-23 16:03:57.504617,0.0,0.0,0.0
2022-01-23 16:03:58.003073,0.0,0.0,0.0
2022-01-23 16:03:58.508078,0.0,0.0,0.0
2022-01-23 16:03:59.008013,0.0,0.0,0.0
2022-01-23 16:03:59.503262,0.0,0.0,0.0
2022-01-23 16:04:00.002614,0.0,0.0,0.0
2022-01-23 16:04:00.509677,0.0,0.0,0.0
2022-01-23 16:04:01.007940,0.0,0.0,0.0
2022-01-23 16:04:01.502787,0.0,0.0,0.0
2022-01-23 16:04:02.004496,0.0,0.0,0.0
2022-01-23 16:04:02.504583,0.0,0.0,0.0
2022-01-23 16:04:03.006183,0.0,0.0,0.0
2022-01-23 16:04:03.501304,0.0,0.0,0.0
2022-01-23 16:04:04.009135,0.0,0.0,0.0
2022-01-23 16:04:04.504683,0.0,0.0,0.0
2022-01-23 16:04:05.003576,0.0,0.0,0.0
2022-01-23 16:04:05.509565,0.0,0.0,0.0
2022-01-23 16:04:06.007067,0.0,0.0,0.0
2022-01-23 16:04:06.503305,0.0,0.0,0.0
2022-01-23 16:04:07.002377,0.0,0.0,0.0
2022-01-23 16:04:07.506741,0.0,0.0,0.0
2022-01-23 16:04:08.004347,0.0,0.0,0.0
2022-01-23 16:04:08.509635,0.0,0.0,0.0
2022-01-23 16:04:09.007903,0.0,0.0,0.0
2022-01-23 16:04:09.502557,0.0,0.0,0.0
2022-01-23 16:04:10.010256,0.0,0.0,0.0
2022-01-23 16:04:10.505248,0.0,0.0,0.0
2022-01-23 16:04:11.008885,0.0,0.0,0.0
2022-01-23 16:04:11.504819,0.0,0.0,0.0
2022-01-23 16:04:12.002642,0.0,0.0,0.0
2022-01-23 16:04:12.509416,0.0,0.0,0.0
2022-01-23 16:04:13.006693,0.0,0.0,0.0
2022-01-23 16:04:13.501354,0.0,0.0,0.0
2022-01-23 16:04:14.002078,0.0,0.0,0.0
2022-01-23 16:04:14.506776,0.0,0.0,0.0
2022-01-23 16:04:15.004762,0.0,0.0,0.0
2022-01-23 16:04:15.510170,0.0,0.0,0.0
2022-01-23 16:04:16.009786,0.0,0.0,0.0
2022-01-23 16:04:16.504576,0.0,0.0,0.0
2022-01-23 16:04:17.004646,0.0,0.0,0.0
2022-01-23 16:04:17.501288,0.0,0.0,0.0
2022-01-23 16:04:18.009245,0.0,0.0,0.0
2022-01-23 16:04:18.504026,0.0,0.0,0.0
2022-01-23 16:04:19.001474,0.0,0.0,0.0
2022-01-23 16:04:19.508912,0.0,0.0,0.0
2022-01-23 16:04:20.006001,0.0,0.0,0.0
2022-01-23 16:04:20.502025,0.0,0.0,0.0
2022-01-23 16:04:21.009552,0.0,0.0,0.0
2022-01-23 16:04:21.506811,0.0,0.0,0.0
2022-01-23 16:04:22.005273,0.0,0.0,0.0
2022-01-23 16:04:22.510380,0.0,0.0,0.0
2022-01-23 16:04:23.008749,0.0,0.0,-0.03864
2022-01-23 16:04:23.503068,0.0,0.0,-0.03864
2022-01-23 16:04:24.002768,0.0,0.0,0.0
2022-01-23 16:04:24.509231,0.0,0.0,0.0
2022-01-23 16:04:25.007869,0.0,0.0,0.0
2022-01-23 16:04:25.503474,0.0,0.0,0.0
2022-01-23 16:04:26.003352,0.0,0.0,0.0
2022-01-23 16:04:26.509227,0.0,0.0,0.0
2022-01-23 16:04:27.007176,0.0,0.0,0.0
2022-01-23 16:04:27.504451,0.0,0.0,0.0
2022-01-23 16:04:28.003502,0.0,0.0,0.0
2022-01-23 16:04:28.509075,0.0,0.0,0.0
2022-01-23 16:04:29.006739,0.0,0.0,0.0
2022-01-23 16:04:29.502761,0.0,0.0,0.0
2022-01-23 16:04:30.001062,0.0,0.0,0.0
2022-01-23 16:04:30.507868,0.0,0.0,0.0
2022-01-23 16:04:31.007374,0.0,0.0,0.0
2022-01-23 16:04:31.506250,0.0,0.0,0.0
2022-01-23 16:04:32.004297,0.0,0.0,0.0
2022-01-23 16:04:32.509818,0.0,0.0,0.0
2022-01-23 16:04:33.008556,0.0,0.0,0.0
2022-01-23 16:04:33.510063,0.0,0.0,0.0
2022-01-23 16:04:34.008023,0.0,0.0,0.0
2022-01-23 16:04:34.503301,0.0,0.0,0.0
2022-01-23 16:04:35.003870,0.0,0.0,0.0
2022-01-23 16:04:35.510957,0.0,0.0,0.0
2022-01-23 16:04:36.009945,0.0,0.0,0.0
2022-01-23 16:04:36.505021,0.0,0.0,0.0
2022-01-23 16:04:37.003445,0.0,0.0,0.0
2022-01-23 16:04:37.509267,0.0,0.0,0.0
2022-01-23 16:04:38.007405,0.0,0.0,0.0
2022-01-23 16:04:38.503188,0.0,0.0,0.0
2022-01-23 16:04:39.001723,0.0,0.0,0.0
2022-01-23 16:04:39.508588,0.0,0.0,0.0
2022-01-23 16:04:40.006459,0.0,0.0,0.0
2022-01-23 16:04:40.502649,0.0,0.0,0.0
2022-01-23 16:04:41.010946,0.0,0.0,0.0
2022-01-23 16:04:41.506130,0.0,0.0,0.0
2022-01-23 16:04:42.004171,0.0,0.0,0.0
2022-01-23 16:04:42.510547,0.0,0.0,0.0
2022-01-23 16:04:43.008187,0.0,0.0,0.0
2022-01-23 16:04:43.503441,0.0,0.0,0.0
2022-01-23 16:04:44.003049,0.0,0.0,0.0
2022-01-23 16:04:44.508992,0.0,0.0,0.0
2022-01-23 16:04:45.006704,0.0,0.0,0.0
2022-01-23 16:04:45.502826,0.0,0.0,0.0
2022-01-23 16:04:46.010660,0.0,0.0,0.0
2022-01-23 16:04:46.505455,0.0,0.0,0.0
2022-01-23 16:04:47.003649,0.0,0.0,0.0
2022-01-23 16:04:47.509140,0.0,0.0,0.0
2022-01-23 16:04:48.007486,0.0,0.0,0.0
2022-01-23 16:04:48.503005,0.0,0.0,0.0
2022-01-23 16:04:49.001046,0.0,0.0,0.0
2022-01-23 16:04:49.508048,0.0,0.0,0.0
2022-01-23 16:04:50.006706,0.0,0.0,0.0
2022-01-23 16:04:50.503036,0.0,0.0,0.0
2022-01-23 16:04:51.001105,0.0,0.0,0.0
2022-01-23 16:04:51.507959,0.0,0.0,0.0
2022-01-23 16:04:52.006572,0.0,0.0,0.0
2022-01-23 16:04:52.507158,0.0,0.0,0.0
2022-01-23 16:04:53.005121,0.0,0.0,0.0
2022-01-23 16:04:53.501304,0.0,0.0,0.0
2022-01-23 16:04:54.001402,0.0,0.0,0.0
2022-01-23 16:04:54.507309,0.0,0.0,0.0
2022-01-23 16:04:55.006088,0.0,0.0,0.0
2022-01-23 16:04:55.501312,0.0,0.0,0.0
2022-01-23 16:04:56.010807,0.0,0.0,0.0
2022-01-23 16:04:56.506337,0.0,0.0,0.0
2022-01-23 16:04:57.004673,0.0,0.0,0.0
2022-01-23 16:04:58.005137,0.0,0.0,0.0
2022-01-23 16:04:58.501384,0.0,0.0,0.0
2022-01-23 16:04:59.010771,0.0,0.0,0.0
2022-01-23 16:04:59.506252,0.0,0.0,0.0
2022-01-23 16:05:00.003728,0.0,0.0,0.0
2022-01-23 16:05:00.505876,0.0,0.0,0.0
2022-01-23 16:05:01.004421,0.0,0.0,0.0
2022-01-23 16:05:01.503839,0.0,0.0,0.0
2022-01-23 16:05:02.003079,0.0,0.0,0.0
2022-01-23 16:05:02.507808,0.0,0.0,0.0
2022-01-23 16:05:03.006474,0.0,0.0,0.0
2022-01-23 16:05:03.501530,0.0,0.0,0.0
2022-01-23 16:05:04.010627,0.0,0.0,0.0
2022-01-23 16:05:04.507179,0.0,0.0,0.0
2022-01-23 16:05:05.005260,0.0,0.0,0.0
2022-01-23 16:05:05.504267,0.0,0.0,0.0
2022-01-23 16:05:06.004130,0.0,0.0,0.0
2022-01-23 16:05:06.509626,0.0,0.0,0.0
2022-01-23 16:05:07.008140,0.0,0.0,0.0
2022-01-23 16:05:07.503422,0.0,0.0,0.0
2022-01-23 16:05:08.001815,0.0,0.0,0.0
2022-01-23 16:05:08.508459,0.0,0.0,0.0
2022-01-23 16:05:09.006214,0.0,0.0,0.0
2022-01-23 16:05:09.501015,0.0,0.0,0.0
2022-01-23 16:05:10.009535,0.0,0.0,0.0
2022-01-23 16:05:10.506663,0.0,0.0,0.0
2022-01-23 16:05:11.004143,0.0,0.0,0.0
2022-01-23 16:05:11.511154,0.0,0.0,0.0
2022-01-23 16:05:12.010699,0.0,0.0,0.0
2022-01-23 16:05:12.507582,0.0,0.0,0.0
2022-01-23 16:05:13.006381,0.0,0.0,0.0
2022-01-23 16:05:13.501549,0.0,0.0,0.0
2022-01-23 16:05:14.010519,0.0,0.0,0.0
2022-01-23 16:05:14.506846,0.0,0.0,0.0
2022-01-23 16:05:15.005131,0.0,0.0,0.0
2022-01-23 16:05:15.510779,0.0,0.0,0.0
2022-01-23 16:05:16.008220,0.0,0.0,0.0
2022-01-23 16:05:16.503688,0.0,0.0,0.0
2022-01-23 16:05:17.001549,0.0,0.0,0.0
2022-01-23 16:05:17.508804,0.0,0.0,0.0
2022-01-23 16:05:18.007916,0.0,0.0,0.0
2022-01-23 16:05:18.503342,0.0,0.0,0.0
2022-01-23 16:05:19.003097,0.0,0.0,0.0
2022-01-23 16:05:19.509380,0.0,0.0,0.0
2022-01-23 16:05:20.008936,0.0,0.0,0.0
2022-01-23 16:05:20.503967,0.0,0.0,0.0
2022-01-23 16:05:21.003731,0.0,0.0,0.0
2022-01-23 16:05:21.509069,0.0,0.0,0.0
2022-01-23 16:05:22.008928,0.0,0.0,0.0
2022-01-23 16:05:22.503911,0.0,0.0,0.0
2022-01-23 16:05:23.002721,0.0,0.0,0.0
2022-01-23 16:05:23.501708,0.0,0.0,0.0
2022-01-23 16:05:24.010331,0.0,0.0,0.0
2022-01-23 16:05:24.505916,0.0,0.0,0.0
2022-01-23 16:05:25.003314,0.0,0.0,0.0
2022-01-23 16:05:25.509363,0.0,0.0,0.0
2022-01-23 16:05:26.007779,0.0,0.0,0.0
2022-01-23 16:05:26.503320,0.0,0.0,0.0
2022-01-23 16:05:27.002797,0.0,0.0,0.0
2022-01-23 16:05:27.507561,0.0,0.0,0.0
2022-01-23 16:05:28.007762,0.0,0.0,0.0
2022-01-23 16:05:28.503639,0.0,0.0,0.0
2022-01-23 16:05:29.003446,0.0,0.0,0.0
2022-01-23 16:05:29.509750,0.0,0.0,0.0
2022-01-23 16:05:30.008033,0.0,0.0,0.0
2022-01-23 16:05:30.504443,0.0,0.0,0.0
2022-01-23 16:05:31.002600,0.0,0.0,0.0
2022-01-23 16:05:31.507699,0.0,0.0,0.0
2022-01-23 16:05:32.006745,0.0,0.0,0.0
2022-01-23 16:05:32.504158,0.0,0.0,0.0
2022-01-23 16:05:33.002527,0.0,0.0,0.0
2022-01-23 16:05:33.509410,0.0,0.0,0.0
2022-01-23 16:05:34.006879,0.0,0.0,0.0
2022-01-23 16:05:34.502819,0.0,0.0,0.0
2022-01-23 16:05:35.010775,0.0,0.0,0.0
2022-01-23 16:05:35.505902,0.0,0.0,0.0
2022-01-23 16:05:36.003941,0.0,0.0,0.0
2022-01-23 16:05:36.510782,0.0,0.0,0.0
2022-01-23 16:05:37.010388,0.0,0.0,0.0
2022-01-23 16:05:37.505781,0.0,0.0,0.0
2022-01-23 16:05:38.003813,0.0,0.0,0.0
2022-01-23 16:05:38.510221,0.0,0.0,0.0
2022-01-23 16:05:39.007266,0.0,0.0,0.0
2022-01-23 16:05:39.502724,0.0,0.0,0.0
2022-01-23 16:05:40.001416,0.0,0.0,0.0
2022-01-23 16:05:40.508411,0.0,0.0,0.0
2022-01-23 16:05:41.007171,0.0,0.0,0.0
2022-01-23 16:05:41.504484,0.0,0.0,0.0
2022-01-23 16:05:42.004072,0.0,0.0,0.0
2022-01-23 16:05:42.509835,0.0,0.0,0.0
2022-01-23 16:05:43.007698,0.0,0.0,0.0
2022-01-23 16:05:43.501627,0.0,0.0,0.0
2022-01-23 16:05:44.009975,0.0,0.0,0.0
2022-01-23 16:05:44.504201,0.0,0.0,0.0
2022-01-23 16:05:45.003663,0.0,0.0,0.0
2022-01-23 16:05:45.508506,0.0,0.0,0.0
2022-01-23 16:05:46.008238,0.0,0.0,0.0
2022-01-23 16:05:46.502095,0.0,0.0,0.0
2022-01-23 16:05:47.002120,0.0,0.0,0.0
2022-01-23 16:05:47.507312,0.0,0.0,0.0
2022-01-23 16:05:48.004928,0.0,0.0,0.0
2022-01-23 16:05:48.509672,0.0,0.0,0.0
2022-01-23 16:05:49.007630,0.0,0.0,0.0
2022-01-23 16:05:49.501428,0.0,0.0,0.0
2022-01-23 16:05:50.001724,0.0,0.0,0.0
2022-01-23 16:05:50.509405,0.0,0.0,0.0
2022-01-23 16:05:51.006753,0.0,0.0,0.0
2022-01-23 16:05:51.510963,0.0,0.0,0.0
2022-01-23 16:05:52.009144,0.0,0.0,0.0
2022-01-23 16:05:52.506144,0.0,0.0,0.0
2022-01-23 16:05:53.004248,0.0,0.0,0.0
2022-01-23 16:05:53.506976,0.0,0.0,0.0
2022-01-23 16:05:54.006107,0.0,0.0,0.0
2022-01-23 16:05:54.502622,0.0,0.0,0.0
2022-01-23 16:05:55.002119,0.0,0.0,0.0
2022-01-23 16:05:55.507496,0.0,0.0,0.0
2022-01-23 16:05:56.006868,0.0,0.0,0.0
2022-01-23 16:05:56.501310,0.0,0.0,0.0
2022-01-23 16:05:57.010855,0.0,0.0,0.0
2022-01-23 16:05:57.506556,0.0,0.0,0.0
2022-01-23 16:05:58.004536,0.0,0.0,0.0
2022-01-23 16:05:58.509507,0.0,0.0,0.0
2022-01-23 16:05:59.007806,0.0,0.0,0.0
2022-01-23 16:05:59.506256,0.0,0.0,0.0
2022-01-23 16:06:00.004314,0.0,0.0,0.0
2022-01-23 16:06:00.509565,0.0,0.0,0.0
2022-01-23 16:06:01.007692,0.0,0.0,0.0
2022-01-23 16:06:01.503424,0.0,0.0,0.0
2022-01-23 16:06:02.002263,0.0,0.0,0.0
2022-01-23 16:06:02.504353,0.0,0.0,0.0
2022-01-23 16:06:03.003313,0.0,0.0,0.0
2022-01-23 16:06:03.501561,0.0,0.0,0.0
2022-01-23 16:06:04.010193,0.0,0.0,0.0
2022-01-23 16:06:04.505630,0.0,0.0,0.0
2022-01-23 16:06:05.004001,0.0,0.0,0.0
2022-01-23 16:06:05.511153,0.0,0.0,0.0
2022-01-23 16:06:06.010008,0.0,0.0,0.0
2022-01-23 16:06:06.505405,0.0,0.0,0.0
2022-01-23 16:06:07.003931,0.0,0.0,0.0
2022-01-23 16:06:07.509911,0.0,0.0,0.0
2022-01-23 16:06:08.008964,0.0,0.0,0.0
2022-01-23 16:06:08.504063,0.0,0.0,0.0
2022-01-23 16:06:09.003040,0.0,0.0,0.0
2022-01-23 16:06:09.509377,0.0,0.0,0.0
2022-01-23 16:06:10.008078,0.0,0.0,0.0
2022-01-23 16:06:10.508214,0.0,0.0,0.0
2022-01-23 16:06:11.003253,0.0,0.0,0.0
2022-01-23 16:06:11.510482,0.0,0.0,0.0
2022-01-23 16:06:12.004552,0.0,0.0,0.0
2022-01-23 16:06:12.501322,0.0,0.0,0.0
2022-01-23 16:06:13.006046,0.0,0.0,0.0
2022-01-23 16:06:13.506791,0.0,0.0,0.0
2022-01-23 16:06:14.001174,0.0,0.0,0.0
2022-01-23 16:06:14.510636,0.0,0.0,0.0
2022-01-23 16:06:15.003381,0.0,0.0,0.0
2022-01-23 16:06:15.509261,0.0,0.0,0.0
2022-01-23 16:06:16.007961,0.0,0.0,0.0
2022-01-23 16:06:16.504178,0.0,0.0,0.0
2022-01-23 16:06:17.003994,0.0,0.0,0.0
2022-01-23 16:06:17.510548,0.0,0.0,0.0
2022-01-23 16:06:18.008677,0.0,0.0,0.0
2022-01-23 16:06:18.504889,0.0,0.0,0.0
2022-01-23 16:06:19.002609,0.0,0.0,0.0
2022-01-23 16:06:19.509186,0.0,0.0,0.0
2022-01-23 16:06:20.006658,0.0,0.0,0.0
2022-01-23 16:06:20.502478,0.0,0.0,0.0
2022-01-23 16:06:21.009843,0.0,0.0,0.0
2022-01-23 16:06:21.506760,0.0,0.0,0.0
2022-01-23 16:06:22.004869,0.0,0.0,0.0
2022-01-23 16:06:22.510194,0.0,0.0,0.0
2022-01-23 16:06:23.007782,0.0,0.0,0.0
2022-01-23 16:06:23.503372,0.0,0.0,0.0
2022-01-23 16:06:24.001255,0.0,0.0,0.0
2022-01-23 16:06:24.507855,0.0,0.0,0.0
2022-01-23 16:06:25.006908,0.0,0.0,0.0
2022-01-23 16:06:25.503805,0.0,0.0,0.0
2022-01-23 16:06:26.001664,0.0,0.0,0.0
2022-01-23 16:06:26.506245,0.0,0.0,0.0
2022-01-23 16:06:27.004355,0.0,0.0,0.0
2022-01-23 16:06:27.509871,0.0,0.0,0.0
2022-01-23 16:06:28.009150,0.0,0.0,0.0
2022-01-23 16:06:28.504344,0.0,0.0,0.0
2022-01-23 16:06:29.003008,0.0,0.0,0.0
2022-01-23 16:06:29.510019,0.0,0.0,0.0
2022-01-23 16:06:30.008306,0.0,0.0,0.0
2022-01-23 16:06:30.505181,0.0,0.0,0.0
2022-01-23 16:06:31.004542,0.0,0.0,0.0
2022-01-23 16:06:31.501756,0.0,0.0,0.0
2022-01-23 16:06:32.009113,0.0,0.0,0.0
2022-01-23 16:06:32.502831,0.0,0.0,0.0
2022-01-23 16:06:33.001497,0.0,0.0,0.0
2022-01-23 16:06:33.507675,0.0,0.0,0.0
2022-01-23 16:06:34.006095,0.0,0.0,0.0
2022-01-23 16:06:34.502306,0.0,0.0,0.0
2022-01-23 16:06:35.002347,0.0,0.0,0.0
2022-01-23 16:06:35.508373,0.0,0.0,0.0
2022-01-23 16:06:36.006223,0.0,0.0,0.0
2022-01-23 16:06:36.502469,0.0,0.0,0.0
2022-01-23 16:06:37.001413,0.0,0.0,0.0
2022-01-23 16:06:37.509048,0.0,0.0,0.0
2022-01-23 16:06:38.007357,0.0,0.0,0.0
2022-01-23 16:06:38.503482,0.0,0.0,0.0
2022-01-23 16:06:39.002872,0.0,0.0,0.0
2022-01-23 16:06:39.510744,0.0,0.0,0.0
2022-01-23 16:06:40.010947,0.0,0.0,0.0
2022-01-23 16:06:40.505771,0.0,0.0,0.0
2022-01-23 16:06:41.003590,0.0,0.0,0.0
2022-01-23 16:06:41.508662,0.0,0.0,0.0
2022-01-23 16:06:42.006606,0.0,0.0,0.0
2022-01-23 16:06:42.501996,0.0,0.0,0.0
2022-01-23 16:06:43.009859,0.0,0.0,0.0
2022-01-23 16:06:43.506519,0.0,0.0,0.0
2022-01-23 16:06:44.006645,0.0,0.0,0.0
2022-01-23 16:06:44.503227,0.0,0.0,0.0
2022-01-23 16:06:45.010626,0.0,0.0,0.0
2022-01-23 16:06:45.506397,0.0,0.0,0.0
2022-01-23 16:06:46.004381,0.0,0.0,0.0
2022-01-23 16:06:46.510956,0.0,0.0,0.0
2022-01-23 16:06:47.009336,0.0,0.0,0.0
2022-01-23 16:06:47.505611,0.0,0.0,0.0
2022-01-23 16:06:48.003960,0.0,0.0,0.0
2022-01-23 16:06:48.501407,0.0,0.0,0.0
2022-01-23 16:06:49.010243,0.0,0.0,0.0
2022-01-23 16:06:49.506486,0.0,0.0,0.0
2022-01-23 16:06:50.007128,0.0,0.0,0.0
2022-01-23 16:06:50.502457,0.0,0.0,0.0
2022-01-23 16:06:51.009978,0.0,0.0,0.0
2022-01-23 16:06:51.510968,0.0,0.0,0.0
2022-01-23 16:06:52.009905,0.0,0.0,0.0
2022-01-23 16:06:52.504120,0.0,0.0,0.0
2022-01-23 16:06:53.004702,0.0,0.0,0.0
2022-01-23 16:06:53.511189,0.0,0.0,0.0
2022-01-23 16:06:54.505175,0.0,0.0,0.0
2022-01-23 16:06:55.001859,0.0,0.0,0.0
2022-01-23 16:06:55.508275,0.0,0.0,0.0
2022-01-23 16:06:56.005940,0.0,0.0,0.0
2022-01-23 16:06:56.501414,0.0,0.0,0.0
2022-01-23 16:06:57.010429,0.0,0.0,0.0
2022-01-23 16:06:57.506225,0.0,0.0,0.0
2022-01-23 16:06:58.005500,0.0,0.0,0.0
2022-01-23 16:06:58.502162,0.0,0.0,0.0
2022-01-23 16:06:59.001062,0.0,0.0,0.0
2022-01-23 16:06:59.505867,0.0,0.0,0.0
2022-01-23 16:07:00.003823,0.0,0.0,0.0
2022-01-23 16:07:00.505840,0.0,0.0,0.0
2022-01-23 16:07:01.003302,0.0,0.0,0.0
2022-01-23 16:07:01.509700,0.0,0.0,0.0
2022-01-23 16:07:02.007928,0.0,0.0,0.0
2022-01-23 16:07:02.502611,0.0,0.0,0.0
2022-01-23 16:07:03.001434,0.0,0.0,0.0
2022-01-23 16:07:03.506761,0.0,0.0,0.0
2022-01-23 16:07:04.003667,0.0,0.0,0.0
2022-01-23 16:07:04.501243,0.0,0.0,0.0
2022-01-23 16:07:05.009843,0.0,0.0,0.0
2022-01-23 16:07:05.505165,0.0,0.0,0.0
2022-01-23 16:07:06.003825,0.0,0.0,0.0
2022-01-23 16:07:06.502183,0.0,0.0,0.0
2022-01-23 16:07:07.001667,0.0,0.0,-0.03864
2022-01-23 16:07:07.507681,0.0,0.0,-0.03864
2022-01-23 16:07:08.006510,0.0,0.0,0.0
2022-01-23 16:07:08.503676,0.0,0.0,0.0
2022-01-23 16:07:09.002694,0.0,0.0,0.0
2022-01-23 16:07:09.507225,0.0,0.0,0.0
2022-01-23 16:07:10.006397,0.0,0.0,0.0
2022-01-23 16:07:10.502803,0.0,0.0,0.0
2022-01-23 16:07:11.007409,0.0,0.0,0.0
2022-01-23 16:07:11.502859,0.0,0.0,0.0
2022-01-23 16:07:12.001881,0.0,0.0,0.0
2022-01-23 16:07:12.506282,0.0,0.0,0.0
2022-01-23 16:07:13.004516,0.0,0.0,0.0
2022-01-23 16:07:13.509842,0.0,0.0,0.0
2022-01-23 16:07:14.008555,0.0,0.0,0.0
2022-01-23 16:07:14.503354,0.0,0.0,0.0
2022-01-23 16:07:15.002984,0.0,0.0,0.0
2022-01-23 16:07:15.509448,0.0,0.0,0.0
2022-01-23 16:07:16.007513,0.0,0.0,0.0
2022-01-23 16:07:16.504709,0.0,0.0,0.0
2022-01-23 16:07:17.001735,0.0,0.0,0.0
2022-01-23 16:07:17.510216,0.0,0.0,0.0
2022-01-23 16:07:18.009676,0.0,0.0,0.0
2022-01-23 16:07:18.506524,0.0,0.0,0.0
2022-01-23 16:07:19.004908,0.0,0.0,0.0
2022-01-23 16:07:19.508595,0.0,0.0,0.0
2022-01-23 16:07:20.006515,0.0,0.0,0.0
2022-01-23 16:07:20.502892,0.0,0.0,0.0
2022-01-23 16:07:21.002292,0.0,0.0,0.0
2022-01-23 16:07:21.508271,0.0,0.0,0.0
2022-01-23 16:07:22.006643,0.0,0.0,0.0
2022-01-23 16:07:22.504006,0.0,0.0,0.0
2022-01-23 16:07:23.002926,0.0,0.0,0.0
2022-01-23 16:07:23.508217,0.0,0.0,0.0
2022-01-23 16:07:24.007115,0.0,0.0,0.0
2022-01-23 16:07:24.502067,0.0,0.0,0.0
2022-01-23 16:07:25.010786,0.0,0.0,0.0
2022-01-23 16:07:25.506915,0.0,0.0,0.0
2022-01-23 16:07:26.004291,0.0,0.0,0.0
2022-01-23 16:07:26.510555,0.0,0.0,0.0
2022-01-23 16:07:27.009511,0.0,0.0,0.0
2022-01-23 16:07:27.505364,0.0,0.0,0.0
2022-01-23 16:07:28.002652,0.0,0.0,0.0
2022-01-23 16:07:28.510711,0.0,0.0,0.0
2022-01-23 16:07:29.007907,0.0,0.0,0.0
2022-01-23 16:07:29.502609,0.0,0.0,0.0
2022-01-23 16:07:30.010077,0.0,0.0,-0.03864
2022-01-23 16:07:30.506407,0.0,0.0,-0.03864
2022-01-23 16:07:31.005170,0.0,0.0,-0.03864
2022-01-23 16:07:31.501262,0.0,0.0,-0.03864
2022-01-23 16:07:32.008915,0.0,0.0,0.0
2022-01-23 16:07:32.504490,0.0,0.0,0.0
2022-01-23 16:07:33.004444,0.0,0.0,0.0
2022-01-23 16:07:33.509775,0.0,0.0,0.0
2022-01-23 16:07:34.007532,0.0,0.0,0.0
2022-01-23 16:07:34.504750,0.0,0.0,0.0
2022-01-23 16:07:35.003502,0.0,0.0,0.0
2022-01-23 16:07:35.509055,0.0,0.0,0.0
2022-01-23 16:07:36.006664,0.0,0.0,0.0
2022-01-23 16:07:36.502985,0.0,0.0,0.0
2022-01-23 16:07:37.002579,0.0,0.0,0.0
2022-01-23 16:07:37.510636,0.0,0.0,0.0
2022-01-23 16:07:38.008644,0.0,0.0,0.0
2022-01-23 16:07:38.503898,0.0,0.0,0.0
2022-01-23 16:07:39.002589,0.0,0.0,0.0
2022-01-23 16:07:39.507128,0.0,0.0,0.0
2022-01-23 16:07:40.005676,0.0,0.0,0.0
2022-01-23 16:07:40.505955,0.0,0.0,0.0
2022-01-23 16:07:41.002861,0.0,0.0,0.0
2022-01-23 16:07:41.507679,0.0,0.0,0.0
2022-01-23 16:07:42.006821,0.0,0.0,0.0
2022-01-23 16:07:42.501462,0.0,0.0,0.0
2022-01-23 16:07:43.010075,0.0,0.0,0.0
2022-01-23 16:07:43.505297,0.0,0.0,0.0
2022-01-23 16:07:44.002448,0.0,0.0,0.0
2022-01-23 16:07:44.506968,0.0,0.0,0.0
2022-01-23 16:07:45.005219,0.0,0.0,0.0
2022-01-23 16:07:45.509665,0.0,0.0,0.0
2022-01-23 16:07:46.006916,0.0,0.0,0.0
2022-01-23 16:07:46.502854,0.0,0.0,0.0
2022-01-23 16:07:47.008640,0.0,0.0,0.0
2022-01-23 16:07:47.506609,0.0,0.0,0.0
2022-01-23 16:07:48.004140,0.0,0.0,0.0
2022-01-23 16:07:48.508954,0.0,0.0,0.0
2022-01-23 16:07:49.007202,0.0,0.0,0.0
2022-01-23 16:07:49.502786,0.0,0.0,0.0
2022-01-23 16:07:50.010932,0.0,0.0,0.0
2022-01-23 16:07:50.508228,0.0,0.0,0.0
2022-01-23 16:07:51.008052,0.0,0.0,0.0
2022-01-23 16:07:51.503632,0.0,0.0,0.0
2022-01-23 16:07:52.002192,0.0,0.0,0.0
2022-01-23 16:07:52.507749,0.0,0.0,0.0
2022-01-23 16:07:53.006444,0.0,0.0,0.0
2022-01-23 16:07:53.502456,0.0,0.0,0.0
2022-01-23 16:07:54.001378,0.0,0.0,0.0
2022-01-23 16:07:54.508322,0.0,0.0,0.0
2022-01-23 16:07:55.006326,0.0,0.0,0.0
2022-01-23 16:07:55.505043,0.0,0.0,0.0
2022-01-23 16:07:56.002949,0.0,0.0,0.23562
2022-01-23 16:07:56.508701,0.0,0.0,0.23562
2022-01-23 16:07:57.006725,0.0,0.0,-0.03864
2022-01-23 16:07:57.502562,0.0,0.0,-0.03864
2022-01-23 16:07:58.009525,0.0,0.0,0.0
2022-01-23 16:07:58.505013,0.0,0.0,0.0
2022-01-23 16:07:59.003270,0.0,0.0,0.0
2022-01-23 16:07:59.502498,0.0,0.0,0.0
2022-01-23 16:08:00.010630,0.0,0.0,0.0
2022-01-23 16:08:00.506812,0.0,0.0,0.0
2022-01-23 16:08:01.006550,0.0,0.0,0.0
2022-01-23 16:08:01.502664,0.0,0.0,0.0
2022-01-23 16:08:02.010639,0.0,0.0,0.0
2022-01-23 16:08:02.506254,0.0,0.0,0.0
2022-01-23 16:08:03.003350,0.0,0.0,0.0
2022-01-23 16:08:03.511068,0.0,0.0,0.0
2022-01-23 16:08:04.010051,0.0,0.0,0.0
2022-01-23 16:08:04.506722,0.0,0.0,0.0
2022-01-23 16:08:05.005757,0.0,0.0,-0.03864
2022-01-23 16:08:05.510590,0.0,0.0,-0.03864
2022-01-23 16:08:06.008767,0.0,0.0,0.0
2022-01-23 16:08:06.504213,0.0,0.0,0.0
2022-01-23 16:08:07.002590,0.0,0.0,0.0
2022-01-23 16:08:07.509498,0.0,0.0,0.0
2022-01-23 16:08:08.008778,0.0,0.0,0.0
2022-01-23 16:08:08.505826,0.0,0.0,0.0
2022-01-23 16:08:09.002748,0.0,0.0,0.0
2022-01-23 16:08:09.509023,0.0,0.0,0.0
2022-01-23 16:08:10.007203,0.0,0.0,0.0
2022-01-23 16:08:10.505094,0.0,0.0,0.0
2022-01-23 16:08:11.010293,0.0,0.0,0.0
2022-01-23 16:08:11.506595,0.0,0.0,0.0
2022-01-23 16:08:12.005053,0.0,0.0,0.0
2022-01-23 16:08:12.502030,0.0,0.0,0.0
2022-01-23 16:08:13.010331,0.0,0.0,0.0
2022-01-23 16:08:13.506366,0.0,0.0,0.0
2022-01-23 16:08:14.005108,0.0,0.0,0.0
2022-01-23 16:08:14.511036,0.0,0.0,0.0
2022-01-23 16:08:15.010345,0.0,0.0,0.0
2022-01-23 16:08:15.504379,0.0,0.0,0.0
2022-01-23 16:08:16.002629,0.0,0.0,0.03864
2022-01-23 16:08:16.509788,0.0,0.0,0.03864
2022-01-23 16:08:17.009265,0.0,0.0,-0.03864
2022-01-23 16:08:17.505145,0.0,0.0,-0.03864
2022-01-23 16:08:18.010746,0.0,0.0,0.0
2022-01-23 16:08:18.506101,0.0,0.0,0.0
2022-01-23 16:08:19.004418,0.0,0.0,0.0
2022-01-23 16:08:19.510870,0.0,0.0,0.0
2022-01-23 16:08:20.008872,0.0,0.0,0.03864
2022-01-23 16:08:20.502940,0.0,0.0,0.03864
2022-01-23 16:08:21.001876,0.0,0.0,-0.03864
2022-01-23 16:08:21.507903,0.0,0.0,-0.03864
2022-01-23 16:08:22.005743,0.0,0.0,-0.03864
2022-01-23 16:08:22.502351,0.0,0.0,-0.03864
2022-01-23 16:08:23.011045,0.0,0.0,0.0
2022-01-23 16:08:23.506709,0.0,0.0,0.0
2022-01-23 16:08:24.004673,0.0,0.0,0.0
2022-01-23 16:08:24.509854,0.0,0.0,0.0
2022-01-23 16:08:25.007287,0.0,0.0,0.0
2022-01-23 16:08:25.506325,0.0,0.0,0.0
2022-01-23 16:08:26.007422,0.0,0.0,0.0
2022-01-23 16:08:26.502688,0.0,0.0,0.0
2022-01-23 16:08:27.002346,0.0,0.0,0.0
2022-01-23 16:08:27.507627,0.0,0.0,0.0
2022-01-23 16:08:28.004845,0.0,0.0,-0.03864
2022-01-23 16:08:28.508565,0.0,0.0,-0.03864
2022-01-23 16:08:29.006378,0.0,0.0,0.03864
2022-01-23 16:08:29.501167,0.0,0.0,0.03864
2022-01-23 16:08:30.009730,0.0,0.0,0.0
2022-01-23 16:08:30.504458,0.0,0.0,0.0
2022-01-23 16:08:31.002671,0.0,0.0,0.0
2022-01-23 16:08:31.510182,0.0,0.0,0.0
2022-01-23 16:08:32.007704,0.0,0.0,-0.03864
2022-01-23 16:08:32.503272,0.0,0.0,-0.03864
2022-01-23 16:08:33.002177,0.0,0.0,0.0
2022-01-23 16:08:33.507608,0.0,0.0,0.0
2022-01-23 16:08:34.005739,0.0,0.0,0.0
2022-01-23 16:08:34.501566,0.0,0.0,0.0
2022-01-23 16:08:35.009164,0.0,0.0,0.0
2022-01-23 16:08:35.505108,0.0,0.0,0.0
2022-01-23 16:08:36.003458,0.0,0.0,0.0
2022-01-23 16:08:36.501186,0.0,0.0,0.0
2022-01-23 16:08:37.010710,0.0,0.0,0.0
2022-01-23 16:08:37.506929,0.0,0.0,0.0
2022-01-23 16:08:38.006194,0.0,0.0,0.0
2022-01-23 16:08:38.510738,0.0,0.0,0.0
2022-01-23 16:08:39.010556,0.0,0.0,0.0
2022-01-23 16:08:39.507901,0.0,0.0,0.0
2022-01-23 16:08:40.006314,0.0,0.0,0.0
2022-01-23 16:08:40.502790,0.0,0.0,0.0
2022-01-23 16:08:41.010252,0.0,0.0,0.0
2022-01-23 16:08:41.506315,0.0,0.0,0.0
2022-01-23 16:08:42.003725,0.0,0.0,-0.03864
2022-01-23 16:08:42.508277,0.0,0.0,-0.03864
2022-01-23 16:08:43.006514,0.0,0.0,0.0
2022-01-23 16:08:43.502504,0.0,0.0,0.0
2022-01-23 16:08:44.010653,0.0,0.0,0.0
2022-01-23 16:08:44.506738,0.0,0.0,0.0
2022-01-23 16:08:45.004419,0.0,0.0,-0.03864
2022-01-23 16:08:45.511061,0.0,0.0,-0.03864
2022-01-23 16:08:46.009219,0.0,0.0,-0.03864
2022-01-23 16:08:46.503747,0.0,0.0,-0.03864
2022-01-23 16:08:47.001536,0.0,0.0,0.0
2022-01-23 16:08:47.508162,0.0,0.0,0.0
2022-01-23 16:08:48.005802,0.0,0.0,0.0
2022-01-23 16:08:48.510743,0.0,0.0,0.0
2022-01-23 16:08:49.010406,0.0,0.0,0.0
2022-01-23 16:08:49.506815,0.0,0.0,0.0
2022-01-23 16:08:50.004856,0.0,0.0,0.0
2022-01-23 16:08:50.510078,0.0,0.0,0.0
2022-01-23 16:08:51.007876,0.0,0.0,-0.03864
2022-01-23 16:08:51.503611,0.0,0.0,-0.03864
2022-01-23 16:08:52.002731,0.0,0.0,0.0
2022-01-23 16:08:52.510231,0.0,0.0,0.0
2022-01-23 16:08:53.007557,0.0,0.0,0.0
2022-01-23 16:08:53.501961,0.0,0.0,0.0
2022-01-23 16:08:54.010916,0.0,0.0,-0.03864
2022-01-23 16:08:54.507887,0.0,0.0,-0.03864
2022-01-23 16:08:55.006606,0.0,0.0,-0.03864
2022-01-23 16:08:55.501960,0.0,0.0,-0.03864
2022-01-23 16:08:56.011115,0.0,0.0,0.0
2022-01-23 16:08:56.507888,0.0,0.0,0.0
2022-01-23 16:08:57.007015,0.0,0.0,0.0
2022-01-23 16:08:57.501914,0.0,0.0,0.0
2022-01-23 16:08:58.010647,0.0,0.0,0.0
2022-01-23 16:08:58.507947,0.0,0.0,0.0
2022-01-23 16:08:59.007357,0.0,0.0,0.0
2022-01-23 16:08:59.503083,0.0,0.0,0.0
2022-01-23 16:09:00.001877,0.0,0.0,0.0
2022-01-23 16:09:00.504377,0.0,0.0,0.0
2022-01-23 16:09:01.003015,0.0,0.0,0.0
2022-01-23 16:09:01.509795,0.0,0.0,0.0
2022-01-23 16:09:02.006842,0.0,0.0,0.0
2022-01-23 16:09:02.504360,0.0,0.0,0.0
2022-01-23 16:09:03.003783,0.0,0.0,0.0
2022-01-23 16:09:03.507963,0.0,0.0,0.0
2022-01-23 16:09:04.009094,0.0,0.0,0.0
2022-01-23 16:09:04.504440,0.0,0.0,0.0
2022-01-23 16:09:05.003326,0.0,0.0,0.0
2022-01-23 16:09:05.509212,0.0,0.0,0.0
2022-01-23 16:09:06.007725,0.0,0.0,0.0
2022-01-23 16:09:06.503225,0.0,0.0,0.0
2022-01-23 16:09:07.003346,0.0,0.0,0.0
2022-01-23 16:09:07.509657,0.0,0.0,0.0
2022-01-23 16:09:08.008083,0.0,0.0,0.0
2022-01-23 16:09:08.503782,0.0,0.0,0.0
2022-01-23 16:09:09.001759,0.0,0.0,0.0
2022-01-23 16:09:09.506967,0.0,0.0,0.0
2022-01-23 16:09:10.004551,0.0,0.0,0.0
2022-01-23 16:09:10.508315,0.0,0.0,0.0
2022-01-23 16:09:11.005520,0.0,0.0,0.0
2022-01-23 16:09:11.504381,0.0,0.0,0.0
2022-01-23 16:09:12.002055,0.0,0.0,0.0
2022-01-23 16:09:12.508579,0.0,0.0,0.0
2022-01-23 16:09:13.006809,0.0,0.0,0.0
2022-01-23 16:09:13.501152,0.0,0.0,0.0
2022-01-23 16:09:14.009679,0.0,0.0,0.0
2022-01-23 16:09:14.506253,0.0,0.0,0.0
2022-01-23 16:09:15.009099,0.0,0.0,0.0
2022-01-23 16:09:15.505169,0.0,0.0,0.0
2022-01-23 16:09:16.005160,0.0,0.0,0.0
2022-01-23 16:09:16.501764,0.0,0.0,0.0
2022-01-23 16:09:17.009533,0.0,0.0,0.0
2022-01-23 16:09:17.506190,0.0,0.0,0.0
2022-01-23 16:09:18.005507,0.0,0.0,0.0
2022-01-23 16:09:18.510615,0.0,0.0,0.0
2022-01-23 16:09:19.009145,0.0,0.0,0.03864
2022-01-23 16:09:19.502300,0.0,0.0,0.03864
2022-01-23 16:09:20.505232,0.0,0.0,0.03864
2022-01-23 16:09:21.005282,0.0,0.0,0.07822
2022-01-23 16:09:21.510994,0.0,0.0,0.07822
2022-01-23 16:09:22.009098,0.0,0.0,0.0
2022-01-23 16:09:22.503713,0.0,0.0,0.0
2022-01-23 16:09:23.002569,0.0,0.0,-0.03864
2022-01-23 16:09:23.507509,0.0,0.0,-0.03864
2022-01-23 16:09:24.005649,0.0,0.0,0.0
2022-01-23 16:09:24.501850,0.0,0.0,0.0
2022-01-23 16:09:25.009858,0.0,0.0,0.0
2022-01-23 16:09:25.506563,0.0,0.0,0.0
2022-01-23 16:09:26.004101,0.0,0.0,0.0
2022-01-23 16:09:26.509003,0.0,0.0,0.0
2022-01-23 16:09:27.006828,0.0,0.0,0.0
2022-01-23 16:09:27.501016,0.0,0.0,0.0
2022-01-23 16:09:28.009558,0.0,0.0,0.0
2022-01-23 16:09:28.506464,0.0,0.0,0.0
2022-01-23 16:09:29.003853,0.0,0.0,0.0
2022-01-23 16:09:29.509522,0.0,0.0,0.0
2022-01-23 16:09:30.009806,0.0,0.0,0.0
2022-01-23 16:09:30.503512,0.0,0.0,0.0
2022-01-23 16:09:31.010863,0.0,0.0,0.0
2022-01-23 16:09:31.506770,0.0,0.0,0.0
2022-01-23 16:09:32.004962,0.0,0.0,0.0
2022-01-23 16:09:32.501497,0.0,0.0,0.0
2022-01-23 16:09:33.010279,0.0,0.0,0.0
2022-01-23 16:09:33.506231,0.0,0.0,0.0
2022-01-23 16:09:34.003492,0.0,0.0,0.0
2022-01-23 16:09:34.510473,0.0,0.0,0.0
2022-01-23 16:09:35.008624,0.0,0.0,0.0
2022-01-23 16:09:35.503278,0.0,0.0,0.0
2022-01-23 16:09:36.001465,0.0,0.0,0.0
2022-01-23 16:09:36.507019,0.0,0.0,0.0
2022-01-23 16:09:37.006286,0.0,0.0,0.0
2022-01-23 16:09:37.501249,0.0,0.0,0.0
2022-01-23 16:09:38.010313,0.0,0.0,0.0
2022-01-23 16:09:38.506058,0.0,0.0,0.0
2022-01-23 16:09:39.005387,0.0,0.0,0.0
2022-01-23 16:09:39.501450,0.0,0.0,0.0
2022-01-23 16:09:40.011349,0.0,0.0,0.0
2022-01-23 16:09:40.506786,0.0,0.0,0.0
2022-01-23 16:09:41.004231,0.0,0.0,0.0
2022-01-23 16:09:41.510462,0.0,0.0,0.0
2022-01-23 16:09:42.008251,0.0,0.0,0.0
2022-01-23 16:09:42.503060,0.0,0.0,0.0
2022-01-23 16:09:43.002346,0.0,0.0,0.0
2022-01-23 16:09:43.508334,0.0,0.0,0.0
2022-01-23 16:09:44.006774,0.0,0.0,0.0
2022-01-23 16:09:44.503316,0.0,0.0,0.0
2022-01-23 16:09:45.001440,0.0,0.0,0.0
2022-01-23 16:09:45.507987,0.0,0.0,0.0
2022-01-23 16:09:46.005692,0.0,0.0,0.0
2022-01-23 16:09:46.502627,0.0,0.0,0.0
2022-01-23 16:09:47.010758,0.0,0.0,0.0
2022-01-23 16:09:47.508126,0.0,0.0,0.0
2022-01-23 16:09:48.006277,0.0,0.0,0.0
2022-01-23 16:09:48.501051,0.0,0.0,0.0
2022-01-23 16:09:49.009442,0.0,0.0,0.0
2022-01-23 16:09:49.505866,0.0,0.0,0.0
2022-01-23 16:09:50.003354,0.0,0.0,0.0
2022-01-23 16:09:50.508372,0.0,0.0,0.0
2022-01-23 16:09:51.006200,0.0,0.0,0.0
2022-01-23 16:09:51.502615,0.0,0.0,0.0
2022-01-23 16:09:52.010656,0.0,0.0,0.0
2022-01-23 16:09:52.506339,0.0,0.0,0.0
2022-01-23 16:09:53.004510,0.0,0.0,0.0
2022-01-23 16:09:53.509664,0.0,0.0,0.0
2022-01-23 16:09:54.007343,0.0,0.0,-0.03864
2022-01-23 16:09:54.505934,0.0,0.0,-0.03864
2022-01-23 16:09:55.004525,0.0,0.0,0.0
2022-01-23 16:09:55.509258,0.0,0.0,0.0
2022-01-23 16:09:56.002302,0.0,0.0,0.0
2022-01-23 16:09:56.508479,0.0,0.0,0.0
2022-01-23 16:09:57.005606,0.0,0.0,0.0
2022-01-23 16:09:57.510860,0.0,0.0,0.0
2022-01-23 16:09:58.009116,0.0,0.0,0.0
2022-01-23 16:09:58.505074,0.0,0.0,0.0
2022-01-23 16:09:59.003860,0.0,0.0,0.0
2022-01-23 16:09:59.510736,0.0,0.0,0.0
2022-01-23 16:10:00.008897,0.0,0.0,0.0
2022-01-23 16:10:00.506317,0.0,0.0,0.0
2022-01-23 16:10:01.003862,0.0,0.0,0.0
2022-01-23 16:10:01.510253,0.0,0.0,0.0
2022-01-23 16:10:02.009034,0.0,0.0,0.0
2022-01-23 16:10:02.505106,0.0,0.0,0.0
2022-01-23 16:10:03.003760,0.0,0.0,0.0
2022-01-23 16:10:03.509195,0.0,0.0,0.0
2022-01-23 16:10:04.006843,0.0,0.0,0.0
2022-01-23 16:10:04.503933,0.0,0.0,0.0
2022-01-23 16:10:05.001811,0.0,0.0,0.0
2022-01-23 16:10:05.506790,0.0,0.0,0.0
2022-01-23 16:10:06.004718,0.0,0.0,0.0
2022-01-23 16:10:06.509850,0.0,0.0,0.0
2022-01-23 16:10:07.008695,0.0,0.0,0.0
2022-01-23 16:10:07.503589,0.0,0.0,0.0
2022-01-23 16:10:08.002297,0.0,0.0,-0.03864
2022-01-23 16:10:08.507241,0.0,0.0,-0.03864
2022-01-23 16:10:09.006884,0.0,0.0,0.0
2022-01-23 16:10:09.501853,0.0,0.0,0.0
2022-01-23 16:10:10.001130,0.0,0.0,0.0
2022-01-23 16:10:10.506101,0.0,0.0,0.0
2022-01-23 16:10:11.009669,0.0,0.0,0.0
2022-01-23 16:10:11.506609,0.0,0.0,0.0
2022-01-23 16:10:12.005193,0.0,0.0,0.0
2022-01-23 16:10:12.501261,0.0,0.0,0.0
2022-01-23 16:10:13.009665,0.0,0.0,0.0
2022-01-23 16:10:13.506817,0.0,0.0,0.0
2022-01-23 16:10:14.004921,0.0,0.0,0.0
2022-01-23 16:10:14.510913,0.0,0.0,0.0
2022-01-23 16:10:15.010223,0.0,0.0,0.0
2022-01-23 16:10:15.505377,0.0,0.0,0.0
2022-01-23 16:10:16.003109,0.0,0.0,0.0
2022-01-23 16:10:16.508864,0.0,0.0,0.0
2022-01-23 16:10:17.007650,0.0,0.0,-0.03864
2022-01-23 16:10:17.504463,0.0,0.0,-0.03864
2022-01-23 16:10:18.003837,0.0,0.0,-0.03864
2022-01-23 16:10:18.510712,0.0,0.0,-0.03864
2022-01-23 16:10:19.008797,0.0,0.0,-0.03864
2022-01-23 16:10:19.504295,0.0,0.0,-0.03864
2022-01-23 16:10:20.003390,0.0,0.0,0.0
2022-01-23 16:10:20.509018,0.0,0.0,0.0
2022-01-23 16:10:21.006781,0.0,0.0,0.0
2022-01-23 16:10:21.502787,0.0,0.0,0.0
2022-01-23 16:10:22.001937,0.0,0.0,0.0
2022-01-23 16:10:22.506995,0.0,0.0,0.0
2022-01-23 16:10:23.003805,0.0,0.0,0.0
2022-01-23 16:10:23.510081,0.0,0.0,0.0
2022-01-23 16:10:24.008122,0.0,0.0,0.0
2022-01-23 16:10:24.504427,0.0,0.0,0.0
2022-01-23 16:10:25.003568,0.0,0.0,0.0
2022-01-23 16:10:25.509236,0.0,0.0,0.0
2022-01-23 16:10:26.007653,0.0,0.0,0.0
2022-01-23 16:10:26.504884,0.0,0.0,0.0
2022-01-23 16:10:27.003086,0.0,0.0,0.0
2022-01-23 16:10:27.509843,0.0,0.0,0.0
2022-01-23 16:10:28.007557,0.0,0.0,0.0
2022-01-23 16:10:28.502844,0.0,0.0,0.0
2022-01-23 16:10:29.001135,0.0,0.0,0.0
2022-01-23 16:10:29.505332,0.0,0.0,0.0
2022-01-23 16:10:30.002739,0.0,0.0,0.0
2022-01-23 16:10:30.508467,0.0,0.0,0.0
2022-01-23 16:10:31.008109,0.0,0.0,-0.03864
2022-01-23 16:10:31.503360,0.0,0.0,-0.03864
2022-01-23 16:10:32.002357,0.0,0.0,0.0
2022-01-23 16:10:32.507897,0.0,0.0,0.0
2022-01-23 16:10:33.007034,0.0,0.0,0.0
2022-01-23 16:10:33.501676,0.0,0.0,0.0
2022-01-23 16:10:34.009738,0.0,0.0,0.0
2022-01-23 16:10:34.504812,0.0,0.0,0.0
2022-01-23 16:10:35.003559,0.0,0.0,0.0
2022-01-23 16:10:35.502002,0.0,0.0,0.0
2022-01-23 16:10:36.009060,0.0,0.0,-0.03864
2022-01-23 16:10:36.504483,0.0,0.0,-0.03864
2022-01-23 16:10:37.004155,0.0,0.0,0.0
2022-01-23 16:10:37.510312,0.0,0.0,0.0
2022-01-23 16:10:38.010492,0.0,0.0,0.0
2022-01-23 16:10:38.506674,0.0,0.0,0.0
2022-01-23 16:10:39.005152,0.0,0.0,0.0
2022-01-23 16:10:39.501256,0.0,0.0,0.0
2022-01-23 16:10:40.009901,0.0,0.0,0.0
2022-01-23 16:10:40.506483,0.0,0.0,0.0
2022-01-23 16:10:41.006111,0.0,0.0,0.0
2022-01-23 16:10:41.503577,0.0,0.0,0.0
2022-01-23 16:10:42.002374,0.0,0.0,0.0
2022-01-23 16:10:42.507332,0.0,0.0,0.0
2022-01-23 16:10:43.006119,0.0,0.0,0.0
2022-01-23 16:10:43.501871,0.0,0.0,0.0
2022-01-23 16:10:44.010071,0.0,0.0,0.0
2022-01-23 16:10:44.506550,0.0,0.0,0.0
2022-01-23 16:10:45.005062,0.0,0.0,0.0
2022-01-23 16:10:45.510131,0.0,0.0,0.0
2022-01-23 16:10:46.008016,0.0,0.0,0.0
2022-01-23 16:10:46.503452,0.0,0.0,0.0
2022-01-23 16:10:47.001561,0.0,0.0,0.0
2022-01-23 16:10:47.506755,0.0,0.0,0.0
2022-01-23 16:10:48.004492,0.0,0.0,0.0
2022-01-23 16:10:48.501914,0.0,0.0,0.0
2022-01-23 16:10:49.010769,0.0,0.0,-0.03864
2022-01-23 16:10:49.506446,0.0,0.0,-0.03864
2022-01-23 16:10:50.004875,0.0,0.0,0.0
2022-01-23 16:10:50.508930,0.0,0.0,0.0
2022-01-23 16:10:51.007041,0.0,0.0,0.0
2022-01-23 16:10:51.503244,0.0,0.0,0.0
2022-01-23 16:10:52.001652,0.0,0.0,0.0
2022-01-23 16:10:52.508188,0.0,0.0,0.0
2022-01-23 16:10:53.006856,0.0,0.0,0.0
2022-01-23 16:10:53.502793,0.0,0.0,0.0
2022-01-23 16:10:54.010778,0.0,0.0,0.0
2022-01-23 16:10:54.507341,0.0,0.0,0.0
2022-01-23 16:10:55.006401,0.0,0.0,0.0
2022-01-23 16:10:55.502427,0.0,0.0,0.0
2022-01-23 16:10:56.009718,0.0,0.0,0.0
2022-01-23 16:10:56.505071,0.0,0.0,0.0
2022-01-23 16:10:57.003343,0.0,0.0,0.0
2022-01-23 16:10:57.502231,0.0,0.0,0.0
2022-01-23 16:10:58.010598,0.0,0.0,0.0
2022-01-23 16:10:58.507527,0.0,0.0,0.0
2022-01-23 16:10:59.008134,0.0,0.0,0.0
2022-01-23 16:10:59.503235,0.0,0.0,0.0
2022-01-23 16:11:00.001980,0.0,0.0,0.0
2022-01-23 16:11:00.506848,0.0,0.0,0.0
2022-01-23 16:11:01.005241,0.0,0.0,0.66729
2022-01-23 16:11:01.502794,0.0,0.0,0.66729
2022-01-23 16:11:02.003630,0.0,0.0,0.0
2022-01-23 16:11:02.509325,0.0,0.0,0.0
2022-01-23 16:11:03.008665,0.0,0.0,0.0
2022-01-23 16:11:03.504572,0.0,0.0,0.0
2022-01-23 16:11:04.002149,0.0,0.0,0.0
2022-01-23 16:11:04.507943,0.0,0.0,0.0
2022-01-23 16:11:05.006344,0.0,0.0,0.0
2022-01-23 16:11:05.501380,0.0,0.0,0.0
2022-01-23 16:11:06.001026,0.0,0.0,0.0
2022-01-23 16:11:06.506181,0.0,0.0,0.0
2022-01-23 16:11:07.004952,0.0,0.0,0.0
2022-01-23 16:11:07.510193,0.0,0.0,0.0
2022-01-23 16:11:08.008567,0.0,0.0,0.0
2022-01-23 16:11:08.503905,0.0,0.0,0.0
2022-01-23 16:11:09.001775,0.0,0.0,0.0
2022-01-23 16:11:09.508614,0.0,0.0,0.0
2022-01-23 16:11:10.006121,0.0,0.0,0.0
2022-01-23 16:11:10.501544,0.0,0.0,0.0
2022-01-23 16:11:11.005703,0.0,0.0,0.0
2022-01-23 16:11:11.501833,0.0,0.0,0.0
2022-01-23 16:11:12.010217,0.0,0.0,0.0
2022-01-23 16:11:12.505100,0.0,0.0,0.0
2022-01-23 16:11:13.003032,0.0,0.0,0.0
2022-01-23 16:11:13.510449,0.0,0.0,0.0
2022-01-23 16:11:14.009216,0.0,0.0,0.0
2022-01-23 16:11:14.505082,0.0,0.0,0.0
2022-01-23 16:11:15.003394,0.0,0.0,0.0
2022-01-23 16:11:15.510568,0.0,0.0,0.0
2022-01-23 16:11:16.010417,0.0,0.0,0.0
2022-01-23 16:11:16.505550,0.0,0.0,0.0
2022-01-23 16:11:17.004277,0.0,0.0,0.0
2022-01-23 16:11:17.510891,0.0,0.0,0.0
2022-01-23 16:11:18.009065,0.0,0.0,0.0
2022-01-23 16:11:18.503753,0.0,0.0,0.0
2022-01-23 16:11:19.002525,0.0,0.0,0.0
2022-01-23 16:11:20.005564,0.0,0.0,0.0
2022-01-23 16:11:20.511103,0.0,0.0,0.0
2022-01-23 16:11:21.010353,0.0,0.0,0.0
2022-01-23 16:11:21.506411,0.0,0.0,0.0
2022-01-23 16:11:22.004473,0.0,0.0,0.0
2022-01-23 16:11:22.511367,0.0,0.0,0.0
2022-01-23 16:11:23.008170,0.0,0.0,0.0
2022-01-23 16:11:23.503794,0.0,0.0,0.0
2022-01-23 16:11:24.002670,0.0,0.0,0.0
2022-01-23 16:11:24.501283,0.0,0.0,0.0
2022-01-23 16:11:25.009197,0.0,0.0,0.0
2022-01-23 16:11:25.504603,0.0,0.0,0.0
2022-01-23 16:11:26.002205,0.0,0.0,0.0
2022-01-23 16:11:26.510849,0.0,0.0,0.0
2022-01-23 16:11:27.009212,0.0,0.0,0.0
2022-01-23 16:11:27.505308,0.0,0.0,0.0
2022-01-23 16:11:28.002867,0.0,0.0,0.0
2022-01-23 16:11:28.508982,0.0,0.0,0.0
2022-01-23 16:11:29.006390,0.0,0.0,0.0
2022-01-23 16:11:29.501747,0.0,0.0,0.0
2022-01-23 16:11:30.010196,0.0,0.0,0.0
2022-01-23 16:11:30.504921,0.0,0.0,0.0
2022-01-23 16:11:31.002773,0.0,0.0,0.0
2022-01-23 16:11:31.510170,0.0,0.0,0.0
2022-01-23 16:11:32.008422,0.0,0.0,0.0
2022-01-23 16:11:32.503448,0.0,0.0,0.0
2022-01-23 16:11:33.002806,0.0,0.0,0.0
2022-01-23 16:11:34.004995,0.0,0.0,0.0
2022-01-23 16:11:34.509927,0.0,0.0,0.0
2022-01-23 16:11:35.008398,0.0,0.0,0.0
2022-01-23 16:11:35.504505,0.0,0.0,0.0
2022-01-23 16:11:36.002578,0.0,0.0,0.0
2022-01-23 16:11:36.507818,0.0,0.0,0.0
2022-01-23 16:11:37.007304,0.0,0.0,0.0
2022-01-23 16:11:37.501097,0.0,0.0,0.0
2022-01-23 16:11:38.010054,0.0,0.0,0.0
2022-01-23 16:11:38.505514,0.0,0.0,0.0
2022-01-23 16:11:39.004099,0.0,0.0,0.0
2022-01-23 16:11:39.509654,0.0,0.0,0.0
2022-01-23 16:11:40.007419,0.0,0.0,0.0
2022-01-23 16:11:40.503802,0.0,0.0,0.0
2022-01-23 16:11:41.003723,0.0,0.0,0.0
2022-01-23 16:11:41.509219,0.0,0.0,0.0
2022-01-23 16:11:42.007348,0.0,0.0,0.0
2022-01-23 16:11:42.503325,0.0,0.0,0.0
2022-01-23 16:11:43.001482,0.0,0.0,0.0
2022-01-23 16:11:43.508006,0.0,0.0,0.0
2022-01-23 16:11:44.007181,0.0,0.0,0.0
2022-01-23 16:11:44.501323,0.0,0.0,0.0
2022-01-23 16:11:45.010809,0.0,0.0,0.0
2022-01-23 16:11:45.505359,0.0,0.0,0.0
2022-01-23 16:11:46.003979,0.0,0.0,0.0
2022-01-23 16:11:46.510338,0.0,0.0,0.0
2022-01-23 16:11:47.011044,0.0,0.0,0.0
2022-01-23 16:11:47.507410,0.0,0.0,0.0
2022-01-23 16:11:48.004418,0.0,0.0,0.0
2022-01-23 16:11:48.509372,0.0,0.0,0.0
2022-01-23 16:11:49.007701,0.0,0.0,0.0
2022-01-23 16:11:49.502210,0.0,0.0,0.0
2022-01-23 16:11:50.010969,0.0,0.0,0.0
2022-01-23 16:11:50.506321,0.0,0.0,0.0
2022-01-23 16:11:51.003861,0.0,0.0,0.0
2022-01-23 16:11:51.502562,0.0,0.0,0.0
2022-01-23 16:11:52.002223,0.0,0.0,0.0
2022-01-23 16:11:52.507275,0.0,0.0,0.0
2022-01-23 16:11:53.005434,0.0,0.0,0.0
2022-01-23 16:11:53.501761,0.0,0.0,0.0
2022-01-23 16:11:54.009082,0.0,0.0,0.0
2022-01-23 16:11:54.504444,0.0,0.0,0.0
2022-01-23 16:11:55.001966,0.0,0.0,0.0
2022-01-23 16:11:55.507738,0.0,0.0,0.0
2022-01-23 16:11:56.005549,0.0,0.0,0.0
2022-01-23 16:11:56.501563,0.0,0.0,0.0
2022-01-23 16:11:57.001908,0.0,0.0,0.0
2022-01-23 16:11:57.507731,0.0,0.0,0.0
2022-01-23 16:11:58.006079,0.0,0.0,0.0
2022-01-23 16:11:58.510802,0.0,0.0,0.0
2022-01-23 16:11:59.009262,0.0,0.0,0.0
2022-01-23 16:11:59.504582,0.0,0.0,0.0
2022-01-23 16:12:00.003500,0.0,0.0,0.0
2022-01-23 16:12:00.508078,0.0,0.0,0.0
2022-01-23 16:12:01.007800,0.0,0.0,0.0
2022-01-23 16:12:01.502911,0.0,0.0,0.0
2022-01-23 16:12:02.010500,0.0,0.0,0.0
2022-01-23 16:12:02.506249,0.0,0.0,0.0
2022-01-23 16:12:03.004802,0.0,0.0,-0.03864
2022-01-23 16:12:03.510345,0.0,0.0,-0.03864
2022-01-23 16:12:04.011229,0.0,0.0,0.0
2022-01-23 16:12:04.507926,0.0,0.0,0.0
2022-01-23 16:12:05.006285,0.0,0.0,0.0
2022-01-23 16:12:05.502558,0.0,0.0,0.0
2022-01-23 16:12:06.010717,0.0,0.0,0.0
2022-01-23 16:12:06.505394,0.0,0.0,0.0
2022-01-23 16:12:07.003125,0.0,0.0,0.0
2022-01-23 16:12:07.507260,0.0,0.0,0.0
2022-01-23 16:12:08.005004,0.0,0.0,0.0
2022-01-23 16:12:08.509076,0.0,0.0,0.0
2022-01-23 16:12:09.008268,0.0,0.0,0.0
2022-01-23 16:12:09.501626,0.0,0.0,0.0
2022-01-23 16:12:10.010699,0.0,0.0,0.0
2022-01-23 16:12:10.505975,0.0,0.0,0.0
2022-01-23 16:12:11.010336,0.0,0.0,0.0
2022-01-23 16:12:11.505616,0.0,0.0,0.0
2022-01-23 16:12:12.003431,0.0,0.0,0.0
2022-01-23 16:12:12.509986,0.0,0.0,0.0
2022-01-23 16:12:13.007439,0.0,0.0,0.0
2022-01-23 16:12:13.503156,0.0,0.0,0.0
2022-01-23 16:12:14.003118,0.0,0.0,0.0
2022-01-23 16:12:14.510320,0.0,0.0,0.0
2022-01-23 16:12:15.008041,0.0,0.0,0.0
2022-01-23 16:12:15.504433,0.0,0.0,0.0
2022-01-23 16:12:16.001825,0.0,0.0,0.0
2022-01-23 16:12:16.507038,0.0,0.0,0.0
2022-01-23 16:12:17.005759,0.0,0.0,0.0
2022-01-23 16:12:17.503405,0.0,0.0,0.0
2022-01-23 16:12:18.002166,0.0,0.0,0.0
2022-01-23 16:12:18.508325,0.0,0.0,0.0
2022-01-23 16:12:19.006360,0.0,0.0,0.0
2022-01-23 16:12:19.504282,0.0,0.0,0.0
2022-01-23 16:12:20.003370,0.0,0.0,0.0
2022-01-23 16:12:20.509770,0.0,0.0,0.0
2022-01-23 16:12:21.007627,0.0,0.0,0.0
2022-01-23 16:12:21.502460,0.0,0.0,0.0
2022-01-23 16:12:22.009950,0.0,0.0,0.0
2022-01-23 16:12:22.504864,0.0,0.0,0.0
2022-01-23 16:12:23.003176,0.0,0.0,0.0
2022-01-23 16:12:23.509436,0.0,0.0,0.0
2022-01-23 16:12:24.010703,0.0,0.0,0.0
2022-01-23 16:12:24.508035,0.0,0.0,0.0
2022-01-23 16:12:25.007532,0.0,0.0,0.0
2022-01-23 16:12:25.503682,0.0,0.0,0.0
2022-01-23 16:12:26.002759,0.0,0.0,0.0
2022-01-23 16:12:26.509013,0.0,0.0,0.0
2022-01-23 16:12:27.006718,0.0,0.0,0.0
2022-01-23 16:12:27.502316,0.0,0.0,0.0
2022-01-23 16:12:28.010026,0.0,0.0,0.0
2022-01-23 16:12:28.506932,0.0,0.0,0.0
2022-01-23 16:12:29.006486,0.0,0.0,0.0
2022-01-23 16:12:29.503651,0.0,0.0,0.0
2022-01-23 16:12:30.011244,0.0,0.0,0.0
2022-01-23 16:12:30.505793,0.0,0.0,0.0
2022-01-23 16:12:31.004012,0.0,0.0,0.0
2022-01-23 16:12:31.509114,0.0,0.0,0.0
2022-01-23 16:12:32.008046,0.0,0.0,0.0
2022-01-23 16:12:32.504472,0.0,0.0,0.0
2022-01-23 16:12:33.003649,0.0,0.0,0.0
2022-01-23 16:12:33.509515,0.0,0.0,0.0
2022-01-23 16:12:34.007018,0.0,0.0,0.0
2022-01-23 16:12:34.502021,0.0,0.0,0.0
2022-01-23 16:12:35.010521,0.0,0.0,0.0
2022-01-23 16:12:35.506606,0.0,0.0,0.0
2022-01-23 16:12:36.003705,0.0,0.0,0.0
2022-01-23 16:12:36.509994,0.0,0.0,0.0
2022-01-23 16:12:37.009309,0.0,0.0,0.0
2022-01-23 16:12:37.507472,0.0,0.0,0.0
2022-01-23 16:12:38.005922,0.0,0.0,0.0
2022-01-23 16:12:38.510926,0.0,0.0,0.0
2022-01-23 16:12:39.010134,0.0,0.0,0.0
2022-01-23 16:12:39.504895,0.0,0.0,0.0
2022-01-23 16:12:40.004449,0.0,0.0,0.0
2022-01-23 16:12:40.509706,0.0,0.0,0.0
2022-01-23 16:12:41.007828,0.0,0.0,0.0
2022-01-23 16:12:41.505356,0.0,0.0,0.0
2022-01-23 16:12:42.003043,0.0,0.0,0.0
2022-01-23 16:12:42.507650,0.0,0.0,0.0
2022-01-23 16:12:43.005051,0.0,0.0,0.0
2022-01-23 16:12:43.510023,0.0,0.0,0.0
2022-01-23 16:12:44.008442,0.0,0.0,0.0
2022-01-23 16:12:44.503415,0.0,0.0,0.0
2022-01-23 16:12:45.002784,0.0,0.0,0.0
2022-01-23 16:12:45.508619,0.0,0.0,0.0
2022-01-23 16:12:46.007165,0.0,0.0,0.0
2022-01-23 16:12:46.503638,0.0,0.0,0.0
2022-01-23 16:12:47.002593,0.0,0.0,0.0
2022-01-23 16:12:47.507829,0.0,0.0,0.0
2022-01-23 16:12:48.006769,0.0,0.0,0.0
2022-01-23 16:12:48.501565,0.0,0.0,0.0
2022-01-23 16:12:49.010816,0.0,0.0,0.0
2022-01-23 16:12:49.506412,0.0,0.0,0.0
2022-01-23 16:12:50.005896,0.0,0.0,0.0
2022-01-23 16:12:50.502336,0.0,0.0,0.0
2022-01-23 16:12:51.001252,0.0,0.0,0.0
2022-01-23 16:12:51.506653,0.0,0.0,0.0
2022-01-23 16:12:52.004615,0.0,0.0,0.0
2022-01-23 16:12:52.500999,0.0,0.0,0.0
2022-01-23 16:12:53.009886,0.0,0.0,0.0
2022-01-23 16:12:53.505849,0.0,0.0,0.0
2022-01-23 16:12:54.004057,0.0,0.0,0.0
2022-01-23 16:12:54.509524,0.0,0.0,0.0
2022-01-23 16:12:55.007782,0.0,0.0,0.0
2022-01-23 16:12:55.505697,0.0,0.0,0.0
2022-01-23 16:12:56.003502,0.0,0.0,0.0
2022-01-23 16:12:56.510296,0.0,0.0,0.0
2022-01-23 16:12:57.008381,0.0,0.0,0.0
2022-01-23 16:12:57.504309,0.0,0.0,0.0
2022-01-23 16:12:58.003424,0.0,0.0,0.0
2022-01-23 16:12:58.501168,0.0,0.0,0.0
2022-01-23 16:12:59.009886,0.0,0.0,0.0
2022-01-23 16:12:59.506609,0.0,0.0,0.0
2022-01-23 16:13:00.005742,0.0,0.0,0.0
2022-01-23 16:13:00.508996,0.0,0.0,0.0
2022-01-23 16:13:01.007791,0.0,0.0,-0.03864
2022-01-23 16:13:01.503058,0.0,0.0,-0.03864
2022-01-23 16:13:02.004251,0.0,0.0,-0.03864
2022-01-23 16:13:02.511245,0.0,0.0,-0.03864
2022-01-23 16:13:03.009188,0.0,0.0,0.0
2022-01-23 16:13:03.508421,0.0,0.0,0.0
2022-01-23 16:13:04.006427,0.0,0.0,0.0
2022-01-23 16:13:04.502896,0.0,0.0,0.0
2022-01-23 16:13:05.001689,0.0,0.0,0.0
2022-01-23 16:13:05.506825,0.0,0.0,0.0
2022-01-23 16:13:06.004794,0.0,0.0,0.0
2022-01-23 16:13:06.509839,0.0,0.0,0.0
2022-01-23 16:13:07.007699,0.0,0.0,0.0
2022-01-23 16:13:07.503243,0.0,0.0,0.0
2022-01-23 16:13:08.002765,0.0,0.0,0.0
2022-01-23 16:13:08.511143,0.0,0.0,0.0
2022-01-23 16:13:09.010140,0.0,0.0,0.0
2022-01-23 16:13:09.505123,0.0,0.0,0.0
2022-01-23 16:13:10.003509,0.0,0.0,0.0
2022-01-23 16:13:10.509565,0.0,0.0,0.0
2022-01-23 16:13:11.009198,0.0,0.0,0.0
2022-01-23 16:13:11.504009,0.0,0.0,0.0
2022-01-23 16:13:12.003013,0.0,0.0,0.0
2022-01-23 16:13:12.509900,0.0,0.0,0.0
2022-01-23 16:13:13.008367,0.0,0.0,0.0
2022-01-23 16:13:13.502486,0.0,0.0,0.0
2022-01-23 16:13:14.010309,0.0,0.0,0.0
2022-01-23 16:13:14.505232,0.0,0.0,0.0
2022-01-23 16:13:15.003729,0.0,0.0,0.0
2022-01-23 16:13:15.510074,0.0,0.0,0.0
2022-01-23 16:13:16.006954,0.0,0.0,0.0
2022-01-23 16:13:16.502071,0.0,0.0,0.0
2022-01-23 16:13:17.504347,0.0,0.0,0.0
2022-01-23 16:13:18.002745,0.0,0.0,0.0
2022-01-23 16:13:18.510705,0.0,0.0,0.0
2022-01-23 16:13:19.008664,0.0,0.0,0.0
2022-01-23 16:13:19.502768,0.0,0.0,0.0
2022-01-23 16:13:20.002582,0.0,0.0,0.0
2022-01-23 16:13:20.507289,0.0,0.0,0.0
2022-01-23 16:13:21.005991,0.0,0.0,0.0
2022-01-23 16:13:21.502299,0.0,0.0,0.0
2022-01-23 16:13:22.010535,0.0,0.0,0.0
2022-01-23 16:13:22.506293,0.0,0.0,0.0
2022-01-23 16:13:23.006298,0.0,0.0,0.0
2022-01-23 16:13:23.501476,0.0,0.0,0.0
2022-01-23 16:13:24.010089,0.0,0.0,0.0
2022-01-23 16:13:24.505320,0.0,0.0,0.0
2022-01-23 16:13:25.003162,0.0,0.0,0.0
2022-01-23 16:13:25.507822,0.0,0.0,0.0
2022-01-23 16:13:26.006577,0.0,0.0,0.0
2022-01-23 16:13:26.502047,0.0,0.0,0.0
2022-01-23 16:13:27.001296,0.0,0.0,0.0
2022-01-23 16:13:27.508291,0.0,0.0,0.0
2022-01-23 16:13:28.006748,0.0,0.0,0.0
2022-01-23 16:13:28.505520,0.0,0.0,0.0
2022-01-23 16:13:29.003612,0.0,0.0,0.0
2022-01-23 16:13:29.508272,0.0,0.0,0.0
2022-01-23 16:13:30.006715,0.0,0.0,0.0
2022-01-23 16:13:30.502442,0.0,0.0,0.0
2022-01-23 16:13:31.001101,0.0,0.0,0.0
2022-01-23 16:13:31.506748,0.0,0.0,0.0
2022-01-23 16:13:32.004933,0.0,0.0,0.0
2022-01-23 16:13:32.510283,0.0,0.0,0.0
2022-01-23 16:13:33.008961,0.0,0.0,0.0
2022-01-23 16:13:33.502820,0.0,0.0,0.0
2022-01-23 16:13:34.001104,0.0,0.0,0.0
2022-01-23 16:13:34.506867,0.0,0.0,0.0
2022-01-23 16:13:35.004467,0.0,0.0,0.0
2022-01-23 16:13:35.510031,0.0,0.0,0.0
2022-01-23 16:13:36.008438,0.0,0.0,0.0
2022-01-23 16:13:36.504992,0.0,0.0,0.0
2022-01-23 16:13:37.002465,0.0,0.0,0.0
2022-01-23 16:13:37.510965,0.0,0.0,0.0
2022-01-23 16:13:38.008316,0.0,0.0,0.0
2022-01-23 16:13:38.503683,0.0,0.0,0.0
2022-01-23 16:13:39.002757,0.0,0.0,0.0
2022-01-23 16:13:39.507896,0.0,0.0,0.0
2022-01-23 16:13:40.006318,0.0,0.0,0.0
2022-01-23 16:13:40.501811,0.0,0.0,0.0
2022-01-23 16:13:41.009498,0.0,0.0,0.0
2022-01-23 16:13:41.504982,0.0,0.0,0.0
2022-01-23 16:13:42.002954,0.0,0.0,0.0
2022-01-23 16:13:42.509612,0.0,0.0,0.0
2022-01-23 16:13:43.007775,0.0,0.0,0.0
2022-01-23 16:13:43.503613,0.0,0.0,0.0
2022-01-23 16:13:44.002172,0.0,0.0,0.0
2022-01-23 16:13:44.509851,0.0,0.0,0.0
2022-01-23 16:13:45.008037,0.0,0.0,0.0
2022-01-23 16:13:45.502481,0.0,0.0,0.0
2022-01-23 16:13:46.010778,0.0,0.0,0.0
2022-01-23 16:13:46.508571,0.0,0.0,0.0
2022-01-23 16:13:47.006574,0.0,0.0,0.0
2022-01-23 16:13:47.501517,0.0,0.0,0.0
2022-01-23 16:13:48.010698,0.0,0.0,0.0
2022-01-23 16:13:48.506715,0.0,0.0,0.0
2022-01-23 16:13:49.004918,0.0,0.0,0.0
2022-01-23 16:13:49.510178,0.0,0.0,0.0
2022-01-23 16:13:50.007562,0.0,0.0,0.0
2022-01-23 16:13:50.501048,0.0,0.0,0.0
2022-01-23 16:13:51.009466,0.0,0.0,0.0
2022-01-23 16:13:51.505309,0.0,0.0,0.0
2022-01-23 16:13:52.003664,0.0,0.0,0.0
2022-01-23 16:13:52.510739,0.0,0.0,0.0
2022-01-23 16:13:53.009322,0.0,0.0,0.0
2022-01-23 16:13:53.506430,0.0,0.0,0.0
2022-01-23 16:13:54.003947,0.0,0.0,0.0
2022-01-23 16:13:54.511086,0.0,0.0,0.0
2022-01-23 16:13:55.009241,0.0,0.0,0.0
2022-01-23 16:13:55.505373,0.0,0.0,0.0
2022-01-23 16:13:56.003452,0.0,0.0,0.0
2022-01-23 16:13:56.510059,0.0,0.0,0.0
2022-01-23 16:13:57.009065,0.0,0.0,0.0
2022-01-23 16:13:57.505149,0.0,0.0,0.0
2022-01-23 16:13:58.002893,0.0,0.0,0.0
2022-01-23 16:13:58.507839,0.0,0.0,0.0
2022-01-23 16:13:59.006097,0.0,0.0,0.0
2022-01-23 16:13:59.510525,0.0,0.0,0.0
2022-01-23 16:14:00.009439,0.0,0.0,0.0
2022-01-23 16:14:00.504092,0.0,0.0,0.0
2022-01-23 16:14:01.003756,0.0,0.0,0.0
2022-01-23 16:14:01.510815,0.0,0.0,0.0
2022-01-23 16:14:02.008421,0.0,0.0,0.0
2022-01-23 16:14:02.503384,0.0,0.0,0.0
2022-01-23 16:14:03.001310,0.0,0.0,0.0
2022-01-23 16:14:03.505937,0.0,0.0,0.0
2022-01-23 16:14:04.003605,0.0,0.0,0.0
2022-01-23 16:14:04.509824,0.0,0.0,0.0
2022-01-23 16:14:05.007513,0.0,0.0,0.0
2022-01-23 16:14:05.505956,0.0,0.0,0.0
2022-01-23 16:14:06.002280,0.0,0.0,0.0
2022-01-23 16:14:06.507335,0.0,0.0,0.0
2022-01-23 16:14:07.004823,0.0,0.0,0.0
2022-01-23 16:14:07.510747,0.0,0.0,0.0
2022-01-23 16:14:08.008278,0.0,0.0,0.0
2022-01-23 16:14:08.502438,0.0,0.0,0.0
2022-01-23 16:14:09.011004,0.0,0.0,0.0
2022-01-23 16:14:09.505296,0.0,0.0,0.0
2022-01-23 16:14:10.004343,0.0,0.0,0.0
2022-01-23 16:14:11.004839,0.0,0.0,0.0
2022-01-23 16:14:11.510527,0.0,0.0,0.0
2022-01-23 16:14:12.010319,0.0,0.0,0.0
2022-01-23 16:14:12.505522,0.0,0.0,0.0
2022-01-23 16:14:13.003684,0.0,0.0,0.0
2022-01-23 16:14:13.509876,0.0,0.0,0.0
2022-01-23 16:14:14.007868,0.0,0.0,0.0
2022-01-23 16:14:14.505212,0.0,0.0,0.0
2022-01-23 16:14:15.002795,0.0,0.0,0.0
2022-01-23 16:14:15.508435,0.0,0.0,0.0
2022-01-23 16:14:16.006455,0.0,0.0,0.0
2022-01-23 16:14:16.502456,0.0,0.0,0.0
2022-01-23 16:14:17.011056,0.0,0.0,0.0
2022-01-23 16:14:17.504697,0.0,0.0,0.0
2022-01-23 16:14:18.002348,0.0,0.0,0.0
2022-01-23 16:14:18.509114,0.0,0.0,0.0
2022-01-23 16:14:19.007675,0.0,0.0,0.0
2022-01-23 16:14:19.504196,0.0,0.0,0.0
2022-01-23 16:14:20.002664,0.0,0.0,0.0
2022-01-23 16:14:20.508822,0.0,0.0,0.0
2022-01-23 16:14:21.006386,0.0,0.0,0.0
2022-01-23 16:14:21.501305,0.0,0.0,0.0
2022-01-23 16:14:22.008953,0.0,0.0,0.0
2022-01-23 16:14:22.505448,0.0,0.0,0.0
2022-01-23 16:14:23.003928,0.0,0.0,0.0
2022-01-23 16:14:23.501812,0.0,0.0,0.0
2022-01-23 16:14:24.011012,0.0,0.0,0.0
2022-01-23 16:14:24.507445,0.0,0.0,0.0
2022-01-23 16:14:25.006104,0.0,0.0,0.0
2022-01-23 16:14:25.510575,0.0,0.0,0.0
2022-01-23 16:14:26.008913,0.0,0.0,0.0
2022-01-23 16:14:26.504702,0.0,0.0,0.0
2022-01-23 16:14:27.002829,0.0,0.0,0.0
2022-01-23 16:14:27.508436,0.0,0.0,0.0
2022-01-23 16:14:28.007469,0.0,0.0,0.0
2022-01-23 16:14:28.502565,0.0,0.0,0.0
2022-01-23 16:14:29.010606,0.0,0.0,0.0
2022-01-23 16:14:29.506319,0.0,0.0,0.0
2022-01-23 16:14:30.004696,0.0,0.0,0.0
2022-01-23 16:14:30.509286,0.0,0.0,0.0
2022-01-23 16:14:31.007425,0.0,0.0,0.0
2022-01-23 16:14:31.502424,0.0,0.0,0.0
2022-01-23 16:14:32.002266,0.0,0.0,0.0
2022-01-23 16:14:32.510001,0.0,0.0,0.0
2022-01-23 16:14:33.008276,0.0,0.0,0.0
2022-01-23 16:14:33.503325,0.0,0.0,0.0
2022-01-23 16:14:34.002639,0.0,0.0,0.0
2022-01-23 16:14:34.509032,0.0,0.0,0.0
2022-01-23 16:14:35.006732,0.0,0.0,0.0
2022-01-23 16:14:35.501002,0.0,0.0,0.0
2022-01-23 16:14:36.009925,0.0,0.0,0.0
2022-01-23 16:14:36.507571,0.0,0.0,0.0
2022-01-23 16:14:37.006614,0.0,0.0,0.0
2022-01-23 16:14:37.501988,0.0,0.0,0.0
2022-01-23 16:14:38.010217,0.0,0.0,0.0
2022-01-23 16:14:38.505648,0.0,0.0,0.0
2022-01-23 16:14:39.003932,0.0,0.0,0.0
2022-01-23 16:14:39.509815,0.0,0.0,0.0
2022-01-23 16:14:40.007640,0.0,0.0,0.0
2022-01-23 16:14:40.503175,0.0,0.0,0.0
2022-01-23 16:14:41.001877,0.0,0.0,0.0
2022-01-23 16:14:41.507359,0.0,0.0,0.0
2022-01-23 16:14:42.006877,0.0,0.0,0.0
2022-01-23 16:14:42.502361,0.0,0.0,0.0
2022-01-23 16:14:43.002355,0.0,0.0,0.0
2022-01-23 16:14:43.507884,0.0,0.0,0.0
2022-01-23 16:14:44.005698,0.0,0.0,0.0
2022-01-23 16:14:44.502052,0.0,0.0,0.0
2022-01-23 16:14:45.010141,0.0,0.0,0.0
2022-01-23 16:14:45.507046,0.0,0.0,0.0
2022-01-23 16:14:46.004862,0.0,0.0,0.0
2022-01-23 16:14:46.509972,0.0,0.0,0.0
2022-01-23 16:14:47.006603,0.0,0.0,0.0
2022-01-23 16:14:47.510803,0.0,0.0,0.0
2022-01-23 16:14:48.009268,0.0,0.0,0.0
2022-01-23 16:14:48.504329,0.0,0.0,0.0
2022-01-23 16:14:49.001925,0.0,0.0,0.0
2022-01-23 16:14:49.508617,0.0,0.0,0.0
2022-01-23 16:14:50.006201,0.0,0.0,0.0
2022-01-23 16:14:50.503042,0.0,0.0,0.0
2022-01-23 16:14:51.001041,0.0,0.0,0.0
2022-01-23 16:14:51.507148,0.0,0.0,0.0
2022-01-23 16:14:52.004614,0.0,0.0,0.0
2022-01-23 16:14:52.510336,0.0,0.0,0.0
2022-01-23 16:14:53.008216,0.0,0.0,0.0
2022-01-23 16:14:53.502740,0.0,0.0,0.0
2022-01-23 16:14:54.002391,0.0,0.0,0.0
2022-01-23 16:14:54.509904,0.0,0.0,0.0
2022-01-23 16:14:55.007835,0.0,0.0,0.0
2022-01-23 16:14:55.503261,0.0,0.0,0.0
2022-01-23 16:14:56.011093,0.0,0.0,0.0
2022-01-23 16:14:56.505913,0.0,0.0,0.0
2022-01-23 16:14:57.004614,0.0,0.0,0.0
2022-01-23 16:14:57.508979,0.0,0.0,0.0
2022-01-23 16:14:58.006436,0.0,0.0,0.0
2022-01-23 16:14:58.501979,0.0,0.0,0.0
2022-01-23 16:14:59.001177,0.0,0.0,0.0
2022-01-23 16:14:59.502488,0.0,0.0,0.0
2022-01-23 16:15:00.010123,0.0,0.0,0.0
2022-01-23 16:15:00.503748,0.0,0.0,0.0
2022-01-23 16:15:01.002576,0.0,0.0,0.0
2022-01-23 16:15:01.508048,0.0,0.0,0.0
2022-01-23 16:15:02.008188,0.0,0.0,0.0
2022-01-23 16:15:02.505766,0.0,0.0,0.0
2022-01-23 16:15:03.002722,0.0,0.0,0.0
2022-01-23 16:15:03.508068,0.0,0.0,0.0
2022-01-23 16:15:04.007171,0.0,0.0,0.0
2022-01-23 16:15:04.502337,0.0,0.0,0.0
2022-01-23 16:15:05.010103,0.0,0.0,0.0
2022-01-23 16:15:05.505671,0.0,0.0,0.0
2022-01-23 16:15:06.003634,0.0,0.0,0.0
2022-01-23 16:15:06.509107,0.0,0.0,0.0
2022-01-23 16:15:07.008089,0.0,0.0,0.0
2022-01-23 16:15:07.503657,0.0,0.0,0.0
2022-01-23 16:15:08.001298,0.0,0.0,0.0
2022-01-23 16:15:08.507254,0.0,0.0,0.0
2022-01-23 16:15:09.006128,0.0,0.0,0.0
2022-01-23 16:15:09.502514,0.0,0.0,0.0
2022-01-23 16:15:10.010270,0.0,0.0,0.0
2022-01-23 16:15:10.506217,0.0,0.0,0.0
2022-01-23 16:15:11.010768,0.0,0.0,0.0
2022-01-23 16:15:11.507866,0.0,0.0,0.0
2022-01-23 16:15:12.006837,0.0,0.0,0.0
2022-01-23 16:15:12.502143,0.0,0.0,0.0
2022-01-23 16:15:13.010725,0.0,0.0,0.0
2022-01-23 16:15:13.505816,0.0,0.0,0.0
2022-01-23 16:15:14.003669,0.0,0.0,0.0
2022-01-23 16:15:14.509008,0.0,0.0,0.0
2022-01-23 16:15:15.006224,0.0,0.0,0.0
2022-01-23 16:15:15.501443,0.0,0.0,0.0
2022-01-23 16:15:16.009428,0.0,0.0,0.0
2022-01-23 16:15:16.505273,0.0,0.0,0.0
2022-01-23 16:15:17.004064,0.0,0.0,0.0
2022-01-23 16:15:17.510395,0.0,0.0,0.0
2022-01-23 16:15:18.008224,0.0,0.0,0.0
2022-01-23 16:15:18.503559,0.0,0.0,0.0
2022-01-23 16:15:19.010770,0.0,0.0,0.0
2022-01-23 16:15:19.504107,0.0,0.0,0.0
2022-01-23 16:15:20.002428,0.0,0.0,0.0
2022-01-23 16:15:20.507550,0.0,0.0,0.0
2022-01-23 16:15:21.006172,0.0,0.0,0.0
2022-01-23 16:15:21.503039,0.0,0.0,0.0
2022-01-23 16:15:22.010223,0.0,0.0,0.0
2022-01-23 16:15:22.505800,0.0,0.0,0.0
2022-01-23 16:15:23.003946,0.0,0.0,0.0
2022-01-23 16:15:23.509902,0.0,0.0,0.0
2022-01-23 16:15:24.008693,0.0,0.0,0.0
2022-01-23 16:15:24.502043,0.0,0.0,0.0
2022-01-23 16:15:25.001766,0.0,0.0,0.0
2022-01-23 16:15:25.507220,0.0,0.0,0.0
2022-01-23 16:15:26.006741,0.0,0.0,0.0
2022-01-23 16:15:26.503010,0.0,0.0,0.0
2022-01-23 16:15:27.001951,0.0,0.0,0.0
2022-01-23 16:15:27.506876,0.0,0.0,0.0
2022-01-23 16:15:28.004853,0.0,0.0,0.0
2022-01-23 16:15:28.509763,0.0,0.0,0.0
2022-01-23 16:15:29.007284,0.0,0.0,0.0
2022-01-23 16:15:29.503189,0.0,0.0,0.0
2022-01-23 16:15:30.003254,0.0,0.0,0.0
2022-01-23 16:15:30.501057,0.0,0.0,0.0
2022-01-23 16:15:31.008329,0.0,0.0,0.0
2022-01-23 16:15:31.504556,0.0,0.0,0.0
2022-01-23 16:15:32.002408,0.0,0.0,0.0
2022-01-23 16:15:32.506901,0.0,0.0,0.0
2022-01-23 16:15:33.006313,0.0,0.0,0.0
2022-01-23 16:15:33.501323,0.0,0.0,0.0
2022-01-23 16:15:34.009134,0.0,0.0,0.0
2022-01-23 16:15:34.506048,0.0,0.0,0.0
2022-01-23 16:15:35.003981,0.0,0.0,0.0
2022-01-23 16:15:35.509985,0.0,0.0,0.0
2022-01-23 16:15:36.009051,0.0,0.0,0.0
2022-01-23 16:15:36.503434,0.0,0.0,0.0
2022-01-23 16:15:37.001265,0.0,0.0,0.0
2022-01-23 16:15:37.507580,0.0,0.0,0.0
2022-01-23 16:15:38.006612,0.0,0.0,0.0
2022-01-23 16:15:38.510273,0.0,0.0,0.0
2022-01-23 16:15:39.009325,0.0,0.0,0.0
2022-01-23 16:15:39.505618,0.0,0.0,0.0
2022-01-23 16:15:40.003965,0.0,0.0,0.0
2022-01-23 16:15:40.508651,0.0,0.0,0.0
2022-01-23 16:15:41.008014,0.0,0.0,0.0
2022-01-23 16:15:41.504444,0.0,0.0,0.0
2022-01-23 16:15:42.001823,0.0,0.0,0.0
2022-01-23 16:15:42.507969,0.0,0.0,0.0
2022-01-23 16:15:43.007173,0.0,0.0,0.0
2022-01-23 16:15:43.504923,0.0,0.0,0.0
2022-01-23 16:15:44.004118,0.0,0.0,0.0
2022-01-23 16:15:44.509362,0.0,0.0,0.0
2022-01-23 16:15:45.007671,0.0,0.0,0.0
2022-01-23 16:15:45.504072,0.0,0.0,0.0
2022-01-23 16:15:46.002994,0.0,0.0,0.0
2022-01-23 16:15:46.508715,0.0,0.0,0.0
2022-01-23 16:15:47.007397,0.0,0.0,0.0
2022-01-23 16:15:47.503356,0.0,0.0,0.0
2022-01-23 16:15:48.002228,0.0,0.0,0.0
2022-01-23 16:15:48.509300,0.0,0.0,0.0
2022-01-23 16:15:49.007728,0.0,0.0,0.0
2022-01-23 16:15:49.504658,0.0,0.0,0.0
2022-01-23 16:15:50.003302,0.0,0.0,0.0
2022-01-23 16:15:50.509057,0.0,0.0,0.0
2022-01-23 16:15:51.007781,0.0,0.0,0.0
2022-01-23 16:15:51.505158,0.0,0.0,0.0
2022-01-23 16:15:52.002382,0.0,0.0,0.0
2022-01-23 16:15:52.511047,0.0,0.0,0.0
2022-01-23 16:15:53.009636,0.0,0.0,0.0
2022-01-23 16:15:53.505810,0.0,0.0,0.0
2022-01-23 16:15:54.004723,0.0,0.0,0.0
2022-01-23 16:15:54.509084,0.0,0.0,0.0
2022-01-23 16:15:55.007548,0.0,0.0,0.0
2022-01-23 16:15:55.502625,0.0,0.0,0.0
2022-01-23 16:15:56.011136,0.0,0.0,0.0
2022-01-23 16:15:56.508665,0.0,0.0,0.0
2022-01-23 16:15:57.009017,0.0,0.0,0.0
2022-01-23 16:15:57.505110,0.0,0.0,0.0
2022-01-23 16:15:58.004652,0.0,0.0,0.0
2022-01-23 16:15:58.509661,0.0,0.0,0.0
2022-01-23 16:15:59.009177,0.0,0.0,0.0
2022-01-23 16:15:59.503614,0.0,0.0,0.0
2022-01-23 16:16:00.002771,0.0,0.0,0.0
2022-01-23 16:16:00.508090,0.0,0.0,0.0
2022-01-23 16:16:01.009100,0.0,0.0,0.0
2022-01-23 16:16:01.504180,0.0,0.0,0.0
2022-01-23 16:16:02.001757,0.0,0.0,0.0
2022-01-23 16:16:02.507987,0.0,0.0,0.0
2022-01-23 16:16:03.005746,0.0,0.0,0.0
2022-01-23 16:16:03.501780,0.0,0.0,0.0
2022-01-23 16:16:04.009683,0.0,0.0,0.0
2022-01-23 16:16:04.505328,0.0,0.0,0.0
2022-01-23 16:16:05.002876,0.0,0.0,0.0
2022-01-23 16:16:05.510831,0.0,0.0,0.0
2022-01-23 16:16:06.008554,0.0,0.0,0.0
2022-01-23 16:16:06.503834,0.0,0.0,0.0
2022-01-23 16:16:07.002345,0.0,0.0,0.0
2022-01-23 16:16:07.507493,0.0,0.0,0.0
2022-01-23 16:16:08.004503,0.0,0.0,0.0
2022-01-23 16:16:08.509616,0.0,0.0,0.0
2022-01-23 16:16:09.007335,0.0,0.0,0.0
2022-01-23 16:16:09.503867,0.0,0.0,0.0
2022-01-23 16:16:10.003333,0.0,0.0,0.0
2022-01-23 16:16:10.508429,0.0,0.0,0.0
2022-01-23 16:16:11.003928,0.0,0.0,0.0
2022-01-23 16:16:11.501570,0.0,0.0,0.0
2022-01-23 16:16:12.009416,0.0,0.0,0.0
2022-01-23 16:16:12.503855,0.0,0.0,0.0
2022-01-23 16:16:13.001262,0.0,0.0,0.0
2022-01-23 16:16:13.508319,0.0,0.0,0.0
2022-01-23 16:16:14.006599,0.0,0.0,0.0
2022-01-23 16:16:14.502045,0.0,0.0,0.0
2022-01-23 16:16:15.010617,0.0,0.0,0.0
2022-01-23 16:16:15.505807,0.0,0.0,0.0
2022-01-23 16:16:16.003941,0.0,0.0,0.0
2022-01-23 16:16:16.501047,0.0,0.0,0.0
2022-01-23 16:16:17.009474,0.0,0.0,0.0
2022-01-23 16:16:17.504360,0.0,0.0,0.0
2022-01-23 16:16:18.003592,0.0,0.0,0.0
2022-01-23 16:16:18.509751,0.0,0.0,0.0
2022-01-23 16:16:19.010149,0.0,0.0,0.0
2022-01-23 16:16:19.504450,0.0,0.0,0.0
2022-01-23 16:16:20.001125,0.0,0.0,0.0
2022-01-23 16:16:20.506757,0.0,0.0,0.0
2022-01-23 16:16:21.004688,0.0,0.0,0.0
2022-01-23 16:16:21.501173,0.0,0.0,0.0
2022-01-23 16:16:22.008632,0.0,0.0,0.0
2022-01-23 16:16:22.505239,0.0,0.0,0.0
2022-01-23 16:16:23.002665,0.0,0.0,0.0
2022-01-23 16:16:23.509966,0.0,0.0,0.0
2022-01-23 16:16:24.007431,0.0,0.0,0.0
2022-01-23 16:16:24.502380,0.0,0.0,0.0
2022-01-23 16:16:25.010563,0.0,0.0,0.0
2022-01-23 16:16:25.505493,0.0,0.0,0.0
2022-01-23 16:16:26.003347,0.0,0.0,0.0
2022-01-23 16:16:26.509123,0.0,0.0,0.0
2022-01-23 16:16:27.006782,0.0,0.0,0.0
2022-01-23 16:16:27.502475,0.0,0.0,0.0
2022-01-23 16:16:28.001902,0.0,0.0,0.0
2022-01-23 16:16:28.507139,0.0,0.0,0.0
2022-01-23 16:16:29.005519,0.0,0.0,0.0
2022-01-23 16:16:29.511049,0.0,0.0,0.0
2022-01-23 16:16:30.008543,0.0,0.0,0.0
2022-01-23 16:16:30.505223,0.0,0.0,0.0
2022-01-23 16:16:31.003835,0.0,0.0,0.0
2022-01-23 16:16:31.510020,0.0,0.0,0.0
2022-01-23 16:16:32.008975,0.0,0.0,0.0
2022-01-23 16:16:32.504741,0.0,0.0,0.0
2022-01-23 16:16:33.002580,0.0,0.0,0.0
2022-01-23 16:16:33.507142,0.0,0.0,0.0
2022-01-23 16:16:34.005336,0.0,0.0,0.0
2022-01-23 16:16:34.510618,0.0,0.0,0.0
2022-01-23 16:16:35.009086,0.0,0.0,0.0
2022-01-23 16:16:35.503808,0.0,0.0,0.0
2022-01-23 16:16:36.003894,0.0,0.0,0.0
2022-01-23 16:16:36.508911,0.0,0.0,0.0
2022-01-23 16:16:37.008525,0.0,0.0,0.0
2022-01-23 16:16:37.503339,0.0,0.0,0.0
2022-01-23 16:16:38.002429,0.0,0.0,0.0
2022-01-23 16:16:38.508330,0.0,0.0,0.0
2022-01-23 16:16:39.006666,0.0,0.0,0.0
2022-01-23 16:16:39.502403,0.0,0.0,0.0
2022-01-23 16:16:40.001466,0.0,0.0,0.0
2022-01-23 16:16:40.506700,0.0,0.0,0.0
2022-01-23 16:16:41.004048,0.0,0.0,0.0
2022-01-23 16:16:41.502042,0.0,0.0,0.0
2022-01-23 16:16:42.505653,0.0,0.0,0.0
2022-01-23 16:16:43.003112,0.0,0.0,0.0
2022-01-23 16:16:43.509839,0.0,0.0,0.0
2022-01-23 16:16:44.008305,0.0,0.0,0.0
2022-01-23 16:16:44.503888,0.0,0.0,0.0
2022-01-23 16:16:45.001928,0.0,0.0,0.0
2022-01-23 16:16:45.508719,0.0,0.0,0.0
2022-01-23 16:16:46.007385,0.0,0.0,0.0
2022-01-23 16:16:46.502634,0.0,0.0,0.0
2022-01-23 16:16:47.011160,0.0,0.0,0.0
2022-01-23 16:16:47.506805,0.0,0.0,0.0
2022-01-23 16:16:48.006491,0.0,0.0,0.0
2022-01-23 16:16:48.502648,0.0,0.0,0.0
2022-01-23 16:16:49.011135,0.0,0.0,0.0
2022-01-23 16:16:49.508161,0.0,0.0,0.0
2022-01-23 16:16:50.007193,0.0,0.0,0.0
2022-01-23 16:16:50.504080,0.0,0.0,0.0
2022-01-23 16:16:51.002287,0.0,0.0,0.0
2022-01-23 16:16:51.506767,0.0,0.0,0.0
2022-01-23 16:16:52.005474,0.0,0.0,0.0
2022-01-23 16:16:52.502294,0.0,0.0,0.0
2022-01-23 16:16:53.010178,0.0,0.0,0.0
2022-01-23 16:16:53.505042,0.0,0.0,0.0
2022-01-23 16:16:54.003172,0.0,0.0,0.0
2022-01-23 16:16:54.509955,0.0,0.0,0.0
2022-01-23 16:16:55.009759,0.0,0.0,0.0
2022-01-23 16:16:55.504673,0.0,0.0,0.0
2022-01-23 16:16:56.003211,0.0,0.0,0.0
2022-01-23 16:16:56.508971,0.0,0.0,0.0
2022-01-23 16:16:57.006660,0.0,0.0,0.0
2022-01-23 16:16:57.502652,0.0,0.0,0.0
2022-01-23 16:16:58.010838,0.0,0.0,0.0
2022-01-23 16:16:58.506116,0.0,0.0,0.0
2022-01-23 16:16:59.006569,0.0,0.0,0.0
2022-01-23 16:16:59.503655,0.0,0.0,0.0
2022-01-23 16:17:00.002822,0.0,0.0,0.0
2022-01-23 16:17:00.509262,0.0,0.0,0.0
2022-01-23 16:17:01.008002,0.0,0.0,0.0
2022-01-23 16:17:01.503678,0.0,0.0,0.0
2022-01-23 16:17:02.001940,0.0,0.0,0.0
2022-01-23 16:17:02.509166,0.0,0.0,0.0
2022-01-23 16:17:03.007129,0.0,0.0,0.0
2022-01-23 16:17:03.504385,0.0,0.0,0.0
2022-01-23 16:17:04.002013,0.0,0.0,0.0
2022-01-23 16:17:04.506833,0.0,0.0,0.0
2022-01-23 16:17:05.004106,0.0,0.0,0.0
2022-01-23 16:17:05.510610,0.0,0.0,0.0
2022-01-23 16:17:06.009548,0.0,0.0,0.0
2022-01-23 16:17:06.507274,0.0,0.0,0.0
2022-01-23 16:17:07.003837,0.0,0.0,0.0
2022-01-23 16:17:07.509269,0.0,0.0,0.0
2022-01-23 16:17:08.008141,0.0,0.0,0.0
2022-01-23 16:17:08.502829,0.0,0.0,0.0
2022-01-23 16:17:09.001240,0.0,0.0,0.0
2022-01-23 16:17:09.507172,0.0,0.0,0.0
2022-01-23 16:17:10.005059,0.0,0.0,0.0
2022-01-23 16:17:10.509843,0.0,0.0,0.0
2022-01-23 16:17:11.003484,0.0,0.0,0.0
2022-01-23 16:17:11.509289,0.0,0.0,0.0
2022-01-23 16:17:12.007706,0.0,0.0,0.0
2022-01-23 16:17:12.503868,0.0,0.0,0.0
2022-01-23 16:17:13.002492,0.0,0.0,0.0
2022-01-23 16:17:13.507404,0.0,0.0,0.0
2022-01-23 16:17:14.007440,0.0,0.0,0.0
2022-01-23 16:17:14.502920,0.0,0.0,0.0
2022-01-23 16:17:15.002516,0.0,0.0,0.0
2022-01-23 16:17:15.509938,0.0,0.0,0.0
2022-01-23 16:17:16.009701,0.0,0.0,0.0
2022-01-23 16:17:16.504977,0.0,0.0,0.0
2022-01-23 16:17:17.003429,0.0,0.0,0.0
2022-01-23 16:17:17.509964,0.0,0.0,0.0
2022-01-23 16:17:18.008076,0.0,0.0,0.0
2022-01-23 16:17:18.504008,0.0,0.0,0.0
2022-01-23 16:17:19.001708,0.0,0.0,0.0
2022-01-23 16:17:19.509117,0.0,0.0,0.0
2022-01-23 16:17:20.007686,0.0,0.0,0.0
2022-01-23 16:17:20.503455,0.0,0.0,0.0
2022-01-23 16:17:21.010257,0.0,0.0,0.0
2022-01-23 16:17:21.507398,0.0,0.0,0.0
2022-01-23 16:17:22.004948,0.0,0.0,0.0
2022-01-23 16:17:22.511084,0.0,0.0,0.0
2022-01-23 16:17:23.008935,0.0,0.0,0.0
2022-01-23 16:17:23.504114,0.0,0.0,0.0
2022-01-23 16:17:24.001567,0.0,0.0,0.0
2022-01-23 16:17:24.506737,0.0,0.0,0.0
2022-01-23 16:17:25.006482,0.0,0.0,0.0
2022-01-23 16:17:25.502802,0.0,0.0,0.0
2022-01-23 16:17:26.505275,0.0,0.0,0.0
2022-01-23 16:17:27.003554,0.0,0.0,0.0
2022-01-23 16:17:27.506754,0.0,0.0,0.0
2022-01-23 16:17:28.005799,0.0,0.0,0.0
2022-01-23 16:17:28.510155,0.0,0.0,0.0
2022-01-23 16:17:29.007349,0.0,0.0,0.0
2022-01-23 16:17:29.503512,0.0,0.0,0.0
2022-01-23 16:17:30.002344,0.0,0.0,0.0
2022-01-23 16:17:30.507558,0.0,0.0,0.0
2022-01-23 16:17:31.006214,0.0,0.0,0.0
2022-01-23 16:17:31.501406,0.0,0.0,0.0
2022-01-23 16:17:32.009830,0.0,0.0,0.0
2022-01-23 16:17:32.504524,0.0,0.0,0.0
2022-01-23 16:17:33.002652,0.0,0.0,0.0
2022-01-23 16:17:33.508694,0.0,0.0,0.0
2022-01-23 16:17:34.006654,0.0,0.0,0.0
2022-01-23 16:17:34.501022,0.0,0.0,0.0
2022-01-23 16:17:35.010626,0.0,0.0,0.0
2022-01-23 16:17:35.508316,0.0,0.0,0.0
2022-01-23 16:17:36.005456,0.0,0.0,0.0
2022-01-23 16:17:36.502671,0.0,0.0,0.0
2022-01-23 16:17:37.010606,0.0,0.0,0.0
2022-01-23 16:17:37.506138,0.0,0.0,0.0
2022-01-23 16:17:38.003331,0.0,0.0,0.0
2022-01-23 16:17:38.508161,0.0,0.0,0.0
2022-01-23 16:17:39.006705,0.0,0.0,0.0
2022-01-23 16:17:39.503451,0.0,0.0,0.0
2022-01-23 16:17:40.010918,0.0,0.0,0.0
2022-01-23 16:17:40.505762,0.0,0.0,0.0
2022-01-23 16:17:41.003565,0.0,0.0,0.0
2022-01-23 16:17:41.510134,0.0,0.0,0.0
2022-01-23 16:17:42.008332,0.0,0.0,0.0
2022-01-23 16:17:42.503536,0.0,0.0,0.0
2022-01-23 16:17:43.011181,0.0,0.0,0.0
2022-01-23 16:17:43.507394,0.0,0.0,0.0
2022-01-23 16:17:44.007909,0.0,0.0,0.0
2022-01-23 16:17:44.504663,0.0,0.0,0.0
2022-01-23 16:17:45.003916,0.0,0.0,0.0
2022-01-23 16:17:45.510458,0.0,0.0,0.0
2022-01-23 16:17:46.007751,0.0,0.0,0.0
2022-01-23 16:17:46.501810,0.0,0.0,0.0
2022-01-23 16:17:47.010136,0.0,0.0,0.0
2022-01-23 16:17:47.506140,0.0,0.0,0.0
2022-01-23 16:17:48.004347,0.0,0.0,0.0
2022-01-23 16:17:48.503225,0.0,0.0,0.0
2022-01-23 16:17:49.001428,0.0,0.0,0.0
2022-01-23 16:17:49.507950,0.0,0.0,0.0
2022-01-23 16:17:50.005986,0.0,0.0,0.0
2022-01-23 16:17:50.501553,0.0,0.0,0.0
2022-01-23 16:17:51.008399,0.0,0.0,0.0
2022-01-23 16:17:51.503734,0.0,0.0,0.0
2022-01-23 16:17:52.002683,0.0,0.0,0.0
2022-01-23 16:17:52.508298,0.0,0.0,0.0
2022-01-23 16:17:53.007662,0.0,0.0,0.0
2022-01-23 16:17:53.501651,0.0,0.0,0.0
2022-01-23 16:17:54.010473,0.0,0.0,0.0
2022-01-23 16:17:54.505105,0.0,0.0,0.0
2022-01-23 16:17:55.002254,0.0,0.0,0.0
2022-01-23 16:17:55.507900,0.0,0.0,0.0
2022-01-23 16:17:56.001359,0.0,0.0,0.0
2022-01-23 16:17:56.509821,0.0,0.0,0.0
2022-01-23 16:17:57.008070,0.0,0.0,0.0
2022-01-23 16:17:57.503606,0.0,0.0,0.0
2022-01-23 16:17:58.001933,0.0,0.0,0.0
2022-01-23 16:17:58.507012,0.0,0.0,0.0
2022-01-23 16:17:59.005773,0.0,0.0,0.0
2022-01-23 16:17:59.510980,0.0,0.0,0.0
2022-01-23 16:18:00.009365,0.0,0.0,0.0
2022-01-23 16:18:00.504499,0.0,0.0,0.0
2022-01-23 16:18:01.002453,0.0,0.0,0.0
2022-01-23 16:18:01.508210,0.0,0.0,0.0
2022-01-23 16:18:02.007392,0.0,0.0,0.0
2022-01-23 16:18:02.501090,0.0,0.0,0.0
2022-01-23 16:18:03.009554,0.0,0.0,0.0
2022-01-23 16:18:03.506608,0.0,0.0,0.0
2022-01-23 16:18:04.003345,0.0,0.0,0.0
2022-01-23 16:18:04.508439,0.0,0.0,0.0
2022-01-23 16:18:05.006770,0.0,0.0,0.0
2022-01-23 16:18:05.502247,0.0,0.0,0.0
2022-01-23 16:18:06.003781,0.0,0.0,0.0
2022-01-23 16:18:06.501144,0.0,0.0,0.0
2022-01-23 16:18:07.009359,0.0,0.0,0.0
2022-01-23 16:18:07.503342,0.0,0.0,0.0
2022-01-23 16:18:08.001560,0.0,0.0,0.0
2022-01-23 16:18:08.508543,0.0,0.0,0.0
2022-01-23 16:18:09.006310,0.0,0.0,0.0
2022-01-23 16:18:09.502559,0.0,0.0,0.0
2022-01-23 16:18:10.010123,0.0,0.0,0.0
2022-01-23 16:18:10.505499,0.0,0.0,0.0
2022-01-23 16:18:11.504611,0.0,0.0,0.0
2022-01-23 16:18:12.002957,0.0,0.0,0.0
2022-01-23 16:18:12.508821,0.0,0.0,0.0
2022-01-23 16:18:13.006561,0.0,0.0,0.0
2022-01-23 16:18:13.510481,0.0,0.0,0.0
2022-01-23 16:18:14.008918,0.0,0.0,0.0
2022-01-23 16:18:14.502504,0.0,0.0,0.0
2022-01-23 16:18:15.007530,0.0,0.0,0.0
2022-01-23 16:18:15.506953,0.0,0.0,0.0
2022-01-23 16:18:16.008010,0.0,0.0,0.0
2022-01-23 16:18:16.508898,0.0,0.0,0.0
2022-01-23 16:18:17.001867,0.0,0.0,0.0
2022-01-23 16:18:17.505283,0.0,0.0,0.0
2022-01-23 16:18:18.011077,0.0,0.0,0.0
2022-01-23 16:18:18.508559,0.0,0.0,0.0
2022-01-23 16:18:19.001036,0.0,0.0,0.0
2022-01-23 16:18:19.501695,0.0,0.0,0.0
2022-01-23 16:18:20.008331,0.0,0.0,0.0
2022-01-23 16:18:20.501058,0.0,0.0,0.0
2022-01-23 16:18:21.005775,0.0,0.0,0.0
2022-01-23 16:18:21.503218,0.0,0.0,0.0
2022-01-23 16:18:22.001683,0.0,0.0,0.0
2022-01-23 16:18:22.507783,0.0,0.0,0.0
2022-01-23 16:18:23.006819,0.0,0.0,0.0
2022-01-23 16:18:23.502093,0.0,0.0,0.0
2022-01-23 16:18:24.010183,0.0,0.0,0.0
2022-01-23 16:18:24.505570,0.0,0.0,0.0
2022-01-23 16:18:25.003637,0.0,0.0,0.0
2022-01-23 16:18:25.508730,0.0,0.0,0.0
2022-01-23 16:18:26.007857,0.0,0.0,0.0
2022-01-23 16:18:26.503670,0.0,0.0,0.0
2022-01-23 16:18:27.001813,0.0,0.0,0.0
2022-01-23 16:18:27.507415,0.0,0.0,0.0
2022-01-23 16:18:28.007300,0.0,0.0,0.0
2022-01-23 16:18:28.503134,0.0,0.0,0.0
2022-01-23 16:18:29.011209,0.0,0.0,0.0
2022-01-23 16:18:29.507274,0.0,0.0,0.0
2022-01-23 16:18:30.005718,0.0,0.0,0.0
2022-01-23 16:18:30.503412,0.0,0.0,0.0
2022-01-23 16:18:31.002696,0.0,0.0,0.0
2022-01-23 16:18:31.508061,0.0,0.0,0.0
2022-01-23 16:18:32.006578,0.0,0.0,0.0
2022-01-23 16:18:32.502700,0.0,0.0,0.0
2022-01-23 16:18:33.001685,0.0,0.0,0.0
2022-01-23 16:18:33.507847,0.0,0.0,0.0
2022-01-23 16:18:34.005495,0.0,0.0,0.0
2022-01-23 16:18:34.501292,0.0,0.0,0.0
2022-01-23 16:18:35.001488,0.0,0.0,0.0
2022-01-23 16:18:35.507630,0.0,0.0,0.0
2022-01-23 16:18:36.003441,0.0,0.0,0.0
2022-01-23 16:18:36.510140,0.0,0.0,0.0
2022-01-23 16:18:37.008264,0.0,0.0,0.0
2022-01-23 16:18:37.503223,0.0,0.0,0.0
2022-01-23 16:18:38.003410,0.0,0.0,0.0
2022-01-23 16:18:38.509736,0.0,0.0,0.0
2022-01-23 16:18:39.009193,0.0,0.0,0.0
2022-01-23 16:18:39.507206,0.0,0.0,0.0
2022-01-23 16:18:40.006992,0.0,0.0,0.0
2022-01-23 16:18:40.502984,0.0,0.0,0.0
2022-01-23 16:18:41.001049,0.0,0.0,0.0
2022-01-23 16:18:41.507851,0.0,0.0,0.0
2022-01-23 16:18:42.006102,0.0,0.0,0.0
2022-01-23 16:18:43.005044,0.0,0.0,0.0
2022-01-23 16:18:43.510562,0.0,0.0,0.0
2022-01-23 16:18:44.009485,0.0,0.0,0.0
2022-01-23 16:18:44.506516,0.0,0.0,0.0
2022-01-23 16:18:45.005178,0.0,0.0,0.0
2022-01-23 16:18:45.509301,0.0,0.0,0.0
2022-01-23 16:18:46.007635,0.0,0.0,0.0
2022-01-23 16:18:46.503257,0.0,0.0,0.0
2022-01-23 16:18:47.002188,0.0,0.0,0.0
2022-01-23 16:18:47.507199,0.0,0.0,0.0
2022-01-23 16:18:48.005928,0.0,0.0,0.0
2022-01-23 16:18:48.503326,0.0,0.0,0.0
2022-01-23 16:18:49.002555,0.0,0.0,0.0
2022-01-23 16:18:49.507024,0.0,0.0,0.0
2022-01-23 16:18:50.005156,0.0,0.0,0.0
2022-01-23 16:18:50.501971,0.0,0.0,0.0
2022-01-23 16:18:51.009309,0.0,0.0,0.0
2022-01-23 16:18:51.505237,0.0,0.0,0.0
2022-01-23 16:18:52.003494,0.0,0.0,0.0
2022-01-23 16:18:52.509413,0.0,0.0,0.0
2022-01-23 16:18:53.008832,0.0,0.0,0.0
2022-01-23 16:18:53.503580,0.0,0.0,0.0
2022-01-23 16:18:54.504999,0.0,0.0,0.0
2022-01-23 16:18:55.003201,0.0,0.0,0.0
2022-01-23 16:18:55.508828,0.0,0.0,0.0
2022-01-23 16:18:56.006662,0.0,0.0,0.0
2022-01-23 16:18:56.502958,0.0,0.0,0.0
2022-01-23 16:18:57.001131,0.0,0.0,0.0
2022-01-23 16:18:57.506895,0.0,0.0,0.0
2022-01-23 16:18:58.005555,0.0,0.0,0.0
2022-01-23 16:18:58.501812,0.0,0.0,0.0
2022-01-23 16:18:59.009787,0.0,0.0,0.0
2022-01-23 16:18:59.504971,0.0,0.0,0.0
2022-01-23 16:19:00.002730,0.0,0.0,0.0
2022-01-23 16:19:00.508314,0.0,0.0,0.0
2022-01-23 16:19:01.007015,0.0,0.0,0.0
2022-01-23 16:19:01.502624,0.0,0.0,0.0
2022-01-23 16:19:02.001487,0.0,0.0,0.0
2022-01-23 16:19:02.507362,0.0,0.0,0.0
2022-01-23 16:19:03.006357,0.0,0.0,0.0
2022-01-23 16:19:03.501287,0.0,0.0,0.0
2022-01-23 16:19:04.010659,0.0,0.0,0.0
2022-01-23 16:19:04.506389,0.0,0.0,0.0
2022-01-23 16:19:05.004642,0.0,0.0,0.0
2022-01-23 16:19:05.510195,0.0,0.0,0.0
2022-01-23 16:19:06.007159,0.0,0.0,0.0
2022-01-23 16:19:06.503467,0.0,0.0,0.0
2022-01-23 16:19:07.504279,0.0,0.0,0.0
2022-01-23 16:19:08.002717,0.0,0.0,0.0
2022-01-23 16:19:08.508388,0.0,0.0,0.0
2022-01-23 16:19:09.006815,0.0,0.0,0.0
2022-01-23 16:19:09.502333,0.0,0.0,0.0
2022-01-23 16:19:10.010430,0.0,0.0,0.0
2022-01-23 16:19:10.506536,0.0,0.0,0.0
2022-01-23 16:19:11.010668,0.0,0.0,0.0
2022-01-23 16:19:11.505523,0.0,0.0,0.0
2022-01-23 16:19:12.003299,0.0,0.0,0.0
2022-01-23 16:19:12.510675,0.0,0.0,0.0
2022-01-23 16:19:13.008199,0.0,0.0,0.0
2022-01-23 16:19:13.509098,0.0,0.0,0.0
2022-01-23 16:19:14.009117,0.0,0.0,0.0
2022-01-23 16:19:14.506311,0.0,0.0,0.0
2022-01-23 16:19:15.003875,0.0,0.0,0.0
2022-01-23 16:19:15.508651,0.0,0.0,0.0
2022-01-23 16:19:16.006813,0.0,0.0,0.0
2022-01-23 16:19:16.501289,0.0,0.0,0.0
2022-01-23 16:19:17.001254,0.0,0.0,0.0
2022-01-23 16:19:17.508225,0.0,0.0,0.0
2022-01-23 16:19:18.005879,0.0,0.0,0.0
2022-01-23 16:19:18.511241,0.0,0.0,0.0
2022-01-23 16:19:19.009370,0.0,0.0,0.0
2022-01-23 16:19:19.504129,0.0,0.0,0.0
2022-01-23 16:19:20.003864,0.0,0.0,0.0
2022-01-23 16:19:20.510926,0.0,0.0,0.0
2022-01-23 16:19:21.009855,0.0,0.0,0.0
2022-01-23 16:19:21.506758,0.0,0.0,0.0
2022-01-23 16:19:22.005568,0.0,0.0,0.0
2022-01-23 16:19:22.510597,0.0,0.0,0.0
2022-01-23 16:19:23.009825,0.0,0.0,0.0
2022-01-23 16:19:23.506222,0.0,0.0,0.0
2022-01-23 16:19:24.004108,0.0,0.0,0.0
2022-01-23 16:19:24.509306,0.0,0.0,0.0
2022-01-23 16:19:25.007470,0.0,0.0,0.0
2022-01-23 16:19:25.502616,0.0,0.0,0.0
2022-01-23 16:19:26.003448,0.0,0.0,0.0
2022-01-23 16:19:26.507942,0.0,0.0,0.0
2022-01-23 16:19:27.005517,0.0,0.0,0.0
2022-01-23 16:19:27.501811,0.0,0.0,0.0
2022-01-23 16:19:28.009259,0.0,0.0,0.0
2022-01-23 16:19:28.505970,0.0,0.0,0.0
2022-01-23 16:19:29.003212,0.0,0.0,0.0
2022-01-23 16:19:29.508807,0.0,0.0,0.0
2022-01-23 16:19:30.007137,0.0,0.0,0.0
2022-01-23 16:19:30.503773,0.0,0.0,0.0
2022-01-23 16:19:31.004138,0.0,0.0,0.0
2022-01-23 16:19:31.510549,0.0,0.0,0.0
2022-01-23 16:19:32.008769,0.0,0.0,0.0
2022-01-23 16:19:32.504001,0.0,0.0,0.0
2022-01-23 16:19:33.003242,0.0,0.0,0.0
2022-01-23 16:19:33.501164,0.0,0.0,0.0
2022-01-23 16:19:34.009759,0.0,0.0,0.0
2022-01-23 16:19:34.506373,0.0,0.0,0.0
2022-01-23 16:19:35.005530,0.0,0.0,0.0
2022-01-23 16:19:35.510127,0.0,0.0,0.0
2022-01-23 16:19:36.007210,0.0,0.0,0.0
2022-01-23 16:19:36.502934,0.0,0.0,0.0
2022-01-23 16:19:37.001252,0.0,0.0,0.0
2022-01-23 16:19:37.508013,0.0,0.0,0.0
2022-01-23 16:19:38.005405,0.0,0.0,0.0
2022-01-23 16:19:38.502687,0.0,0.0,0.0
2022-01-23 16:19:39.009933,0.0,0.0,0.0
2022-01-23 16:19:39.507997,0.0,0.0,0.0
2022-01-23 16:19:40.005800,0.0,0.0,0.0
2022-01-23 16:19:40.502225,0.0,0.0,0.0
2022-01-23 16:19:41.010648,0.0,0.0,0.0
2022-01-23 16:19:41.505809,0.0,0.0,0.0
2022-01-23 16:19:42.003999,0.0,0.0,0.0
2022-01-23 16:19:42.508523,0.0,0.0,0.0
2022-01-23 16:19:43.006234,0.0,0.0,0.0
2022-01-23 16:19:43.502371,0.0,0.0,0.0
2022-01-23 16:19:44.011238,0.0,0.0,0.0
2022-01-23 16:19:44.507114,0.0,0.0,0.0
2022-01-23 16:19:45.006298,0.0,0.0,0.0
2022-01-23 16:19:45.511122,0.0,0.0,0.0
2022-01-23 16:19:46.009953,0.0,0.0,0.0
2022-01-23 16:19:46.505401,0.0,0.0,0.0
2022-01-23 16:19:47.003829,0.0,0.0,0.0
2022-01-23 16:19:47.508218,0.0,0.0,0.0
2022-01-23 16:19:48.008242,0.0,0.0,0.0
2022-01-23 16:19:48.505862,0.0,0.0,0.0
2022-01-23 16:19:49.004110,0.0,0.0,0.0
2022-01-23 16:19:49.510974,0.0,0.0,0.0
2022-01-23 16:19:50.009645,0.0,0.0,0.0
2022-01-23 16:19:50.506124,0.0,0.0,0.0
2022-01-23 16:19:51.004947,0.0,0.0,0.0
2022-01-23 16:19:51.502052,0.0,0.0,0.0
2022-01-23 16:19:52.010405,0.0,0.0,0.0
2022-01-23 16:19:52.507548,0.0,0.0,0.0
2022-01-23 16:19:53.006687,0.0,0.0,0.0
2022-01-23 16:19:53.510666,0.0,0.0,0.0
2022-01-23 16:19:54.009433,0.0,0.0,0.0
2022-01-23 16:19:54.505816,0.0,0.0,0.0
2022-01-23 16:19:55.003203,0.0,0.0,0.0
2022-01-23 16:19:55.508102,0.0,0.0,0.0
2022-01-23 16:19:56.006300,0.0,0.0,0.0
2022-01-23 16:19:56.510568,0.0,0.0,0.0
2022-01-23 16:19:57.008945,0.0,0.0,0.0
2022-01-23 16:19:57.505100,0.0,0.0,0.0
2022-01-23 16:19:58.003329,0.0,0.0,0.0
2022-01-23 16:19:58.511060,0.0,0.0,0.0
2022-01-23 16:19:59.009438,0.0,0.0,0.0
2022-01-23 16:19:59.505047,0.0,0.0,0.0
2022-01-23 16:20:00.003352,0.0,0.0,0.0
2022-01-23 16:20:00.509149,0.0,0.0,0.0
2022-01-23 16:20:01.007385,0.0,0.0,0.0
2022-01-23 16:20:01.504520,0.0,0.0,0.0
2022-01-23 16:20:02.003418,0.0,0.0,0.0
2022-01-23 16:20:02.508272,0.0,0.0,0.0
2022-01-23 16:20:03.006787,0.0,0.0,0.0
2022-01-23 16:20:03.503207,0.0,0.0,0.0
2022-01-23 16:20:04.001537,0.0,0.0,0.0
2022-01-23 16:20:04.508368,0.0,0.0,0.0
2022-01-23 16:20:05.006601,0.0,0.0,0.0
2022-01-23 16:20:05.502198,0.0,0.0,0.0
2022-01-23 16:20:06.001288,0.0,0.0,0.0
2022-01-23 16:20:06.508252,0.0,0.0,0.0
2022-01-23 16:20:07.006129,0.0,0.0,0.0
2022-01-23 16:20:08.007490,0.0,0.0,0.0
2022-01-23 16:20:08.504443,0.0,0.0,0.0
2022-01-23 16:20:09.001143,0.0,0.0,0.0
2022-01-23 16:20:09.506482,0.0,0.0,0.0
2022-01-23 16:20:10.004139,0.0,0.0,0.0
2022-01-23 16:20:10.502034,0.0,0.0,0.0
2022-01-23 16:20:11.006499,0.0,0.0,0.0
2022-01-23 16:20:11.502418,0.0,0.0,0.0
2022-01-23 16:20:12.011106,0.0,0.0,0.0
2022-01-23 16:20:12.504999,0.0,0.0,0.0
2022-01-23 16:20:13.002403,0.0,0.0,0.0
2022-01-23 16:20:13.508294,0.0,0.0,0.0
2022-01-23 16:20:14.006577,0.0,0.0,0.0
2022-01-23 16:20:14.510601,0.0,0.0,0.0
2022-01-23 16:20:15.008154,0.0,0.0,0.0
2022-01-23 16:20:15.503536,0.0,0.0,0.0
2022-01-23 16:20:16.010881,0.0,0.0,0.0
2022-01-23 16:20:16.505508,0.0,0.0,0.0
2022-01-23 16:20:17.003793,0.0,0.0,0.0
2022-01-23 16:20:17.509779,0.0,0.0,0.0
2022-01-23 16:20:18.008866,0.0,0.0,0.0
2022-01-23 16:20:18.502878,0.0,0.0,0.0
2022-01-23 16:20:19.003732,0.0,0.0,0.0
2022-01-23 16:20:19.510808,0.0,0.0,0.0
2022-01-23 16:20:20.008358,0.0,0.0,0.0
2022-01-23 16:20:20.504236,0.0,0.0,0.0
2022-01-23 16:20:21.001905,0.0,0.0,0.0
2022-01-23 16:20:21.506745,0.0,0.0,0.0
2022-01-23 16:20:22.004849,0.0,0.0,0.0
2022-01-23 16:20:22.509619,0.0,0.0,0.0
2022-01-23 16:20:23.007383,0.0,0.0,0.0
2022-01-23 16:20:23.503968,0.0,0.0,0.0
2022-01-23 16:20:24.004299,0.0,0.0,0.0
2022-01-23 16:20:25.004875,0.0,0.0,0.0
2022-01-23 16:20:25.510360,0.0,0.0,0.0
2022-01-23 16:20:26.008142,0.0,0.0,0.0
2022-01-23 16:20:26.506088,0.0,0.0,0.0
2022-01-23 16:20:27.004410,0.0,0.0,0.0
2022-01-23 16:20:27.509570,0.0,0.0,0.0
2022-01-23 16:20:28.008994,0.0,0.0,0.0
2022-01-23 16:20:28.504309,0.0,0.0,0.0
2022-01-23 16:20:29.003174,0.0,0.0,0.0
2022-01-23 16:20:29.508454,0.0,0.0,0.0
2022-01-23 16:20:30.007365,0.0,0.0,0.0
2022-01-23 16:20:30.503759,0.0,0.0,0.0
2022-01-23 16:20:31.002306,0.0,0.0,0.0
2022-01-23 16:20:31.507381,0.0,0.0,0.0
2022-01-23 16:20:32.005661,0.0,0.0,0.0
2022-01-23 16:20:32.511155,0.0,0.0,0.0
2022-01-23 16:20:33.009129,0.0,0.0,0.0
2022-01-23 16:20:33.504874,0.0,0.0,0.0
2022-01-23 16:20:34.003192,0.0,0.0,0.0
2022-01-23 16:20:34.509943,0.0,0.0,0.0
2022-01-23 16:20:35.009127,0.0,0.0,0.0
2022-01-23 16:20:35.505001,0.0,0.0,0.0
2022-01-23 16:20:36.002682,0.0,0.0,0.0
2022-01-23 16:20:36.508559,0.0,0.0,0.0
2022-01-23 16:20:37.007358,0.0,0.0,0.0
2022-01-23 16:20:37.506107,0.0,0.0,0.0
2022-01-23 16:20:38.003478,0.0,0.0,0.0
2022-01-23 16:20:38.509016,0.0,0.0,0.0
2022-01-23 16:20:39.007364,0.0,0.0,0.0
2022-01-23 16:20:39.503932,0.0,0.0,0.0
2022-01-23 16:20:40.001840,0.0,0.0,0.0
2022-01-23 16:20:40.506828,0.0,0.0,0.0
2022-01-23 16:20:41.004050,0.0,0.0,0.0
2022-01-23 16:20:41.508564,0.0,0.0,0.0
2022-01-23 16:20:42.007922,0.0,0.0,0.0
2022-01-23 16:20:42.502534,0.0,0.0,0.0
2022-01-23 16:20:43.002843,0.0,0.0,0.0
2022-01-23 16:20:43.508882,0.0,0.0,0.0
2022-01-23 16:20:44.006738,0.0,0.0,0.0
2022-01-23 16:20:44.502532,0.0,0.0,0.0
2022-01-23 16:20:45.001387,0.0,0.0,0.0
2022-01-23 16:20:45.506883,0.0,0.0,0.0
2022-01-23 16:20:46.007477,0.0,0.0,0.0
2022-01-23 16:20:46.505151,0.0,0.0,0.0
2022-01-23 16:20:47.003133,0.0,0.0,0.0
2022-01-23 16:20:47.509245,0.0,0.0,0.0
2022-01-23 16:20:48.006789,0.0,0.0,0.0
2022-01-23 16:20:48.502720,0.0,0.0,0.0
2022-01-23 16:20:49.010632,0.0,0.0,0.0
2022-01-23 16:20:49.505419,0.0,0.0,0.0
2022-01-23 16:20:50.002730,0.0,0.0,0.0
2022-01-23 16:20:50.508591,0.0,0.0,0.0
2022-01-23 16:20:51.007945,0.0,0.0,0.0
2022-01-23 16:20:51.503553,0.0,0.0,0.0
2022-01-23 16:20:52.004297,0.0,0.0,0.0
2022-01-23 16:20:52.509526,0.0,0.0,0.0
2022-01-23 16:20:53.007375,0.0,0.0,0.0
2022-01-23 16:20:53.504560,0.0,0.0,0.0
2022-01-23 16:20:54.002713,0.0,0.0,0.0
2022-01-23 16:20:54.508706,0.0,0.0,0.0
2022-01-23 16:20:55.007342,0.0,0.0,0.0
2022-01-23 16:20:55.503434,0.0,0.0,0.0
2022-01-23 16:20:56.002808,0.0,0.0,0.0
2022-01-23 16:20:56.509062,0.0,0.0,0.0
2022-01-23 16:20:57.006785,0.0,0.0,0.0
2022-01-23 16:20:57.505917,0.0,0.0,0.0
2022-01-23 16:20:58.003344,0.0,0.0,0.0
2022-01-23 16:20:58.509357,0.0,0.0,0.0
2022-01-23 16:20:59.008100,0.0,0.0,0.0
2022-01-23 16:20:59.503302,0.0,0.0,0.0
2022-01-23 16:21:00.004352,0.0,0.0,0.0
2022-01-23 16:21:00.508963,0.0,0.0,0.0
2022-01-23 16:21:01.007293,0.0,0.0,0.0
2022-01-23 16:21:01.503040,0.0,0.0,0.0
2022-01-23 16:21:02.001548,0.0,0.0,0.0
2022-01-23 16:21:02.508593,0.0,0.0,0.0
2022-01-23 16:21:03.006781,0.0,0.0,0.0
2022-01-23 16:21:03.503131,0.0,0.0,0.0
2022-01-23 16:21:04.003391,0.0,0.0,0.0
2022-01-23 16:21:04.509300,0.0,0.0,0.0
2022-01-23 16:21:05.007808,0.0,0.0,0.0
2022-01-23 16:21:05.502900,0.0,0.0,0.0
2022-01-23 16:21:06.001074,0.0,0.0,0.0
2022-01-23 16:21:06.506796,0.0,0.0,0.0
2022-01-23 16:21:07.006264,0.0,0.0,0.0
2022-01-23 16:21:07.511180,0.0,0.0,0.0
2022-01-23 16:21:08.008699,0.0,0.0,0.0
2022-01-23 16:21:08.504194,0.0,0.0,0.0
2022-01-23 16:21:09.002964,0.0,0.0,0.0
2022-01-23 16:21:09.510566,0.0,0.0,0.0
2022-01-23 16:21:10.009731,0.0,0.0,0.0
2022-01-23 16:21:10.503861,0.0,0.0,0.0
2022-01-23 16:21:11.007875,0.0,0.0,0.0
2022-01-23 16:21:11.502474,0.0,0.0,0.0
2022-01-23 16:21:12.009929,0.0,0.0,0.0
2022-01-23 16:21:12.503784,0.0,0.0,0.0
2022-01-23 16:21:13.003040,0.0,0.0,0.0
2022-01-23 16:21:13.509804,0.0,0.0,0.0
2022-01-23 16:21:14.007555,0.0,0.0,0.0
2022-01-23 16:21:14.501645,0.0,0.0,0.0
2022-01-23 16:21:15.010081,0.0,0.0,0.0
2022-01-23 16:21:15.506297,0.0,0.0,0.0
2022-01-23 16:21:16.004339,0.0,0.0,0.0
2022-01-23 16:21:16.510290,0.0,0.0,0.0
2022-01-23 16:21:17.007820,0.0,0.0,0.0
2022-01-23 16:21:17.503605,0.0,0.0,0.0
2022-01-23 16:21:18.002394,0.0,0.0,0.0
2022-01-23 16:21:18.507256,0.0,0.0,0.0
2022-01-23 16:21:19.005178,0.0,0.0,0.0
2022-01-23 16:21:19.511027,0.0,0.0,0.0
2022-01-23 16:21:20.009275,0.0,0.0,0.0
2022-01-23 16:21:20.505927,0.0,0.0,0.0
2022-01-23 16:21:21.004422,0.0,0.0,0.0
2022-01-23 16:21:22.004931,0.0,0.0,0.0
2022-01-23 16:21:22.503371,0.0,0.0,0.0
2022-01-23 16:21:23.002388,0.0,0.0,0.0
2022-01-23 16:21:23.508106,0.0,0.0,0.0
2022-01-23 16:21:24.006808,0.0,0.0,0.0
2022-01-23 16:21:24.502442,0.0,0.0,0.0
2022-01-23 16:21:25.010730,0.0,0.0,0.0
2022-01-23 16:21:25.507578,0.0,0.0,0.0
2022-01-23 16:21:26.006631,0.0,0.0,0.0
2022-01-23 16:21:26.502752,0.0,0.0,0.0
2022-01-23 16:21:27.002385,0.0,0.0,0.0
2022-01-23 16:21:27.509077,0.0,0.0,0.0
