時間,回転１,回転２,回転３
2022-01-23 12:00:00.005128,84.36905,84.803,85.64968
2022-01-23 12:00:00.510082,84.1636,84.3895,85.96354
2022-01-23 12:00:01.007377,83.9569,84.803,85.96354
2022-01-23 12:00:01.503797,84.00888,84.132,85.49229
2022-01-23 12:00:02.001275,84.67848,84.699,85.49229
2022-01-23 12:00:02.502204,84.05963,84.4935,85.6101
2022-01-23 12:00:03.010781,84.00888,84.33875,85.6101
2022-01-23 12:00:03.506330,84.42104,84.803,85.49229
2022-01-23 12:00:04.005939,83.69946,83.92525,85.49229
2022-01-23 12:00:04.510067,84.36905,85.1125,86.63083
2022-01-23 12:00:05.008121,83.9569,84.23475,86.63083
2022-01-23 12:00:05.502773,83.9569,84.23475,85.92395
2022-01-23 12:00:06.001183,84.21434,84.4415,85.92395
2022-01-23 12:00:06.508377,84.31831,84.4935,85.84572
2022-01-23 12:00:07.006803,84.26632,84.699,85.84572
2022-01-23 12:00:07.502185,84.00888,84.23475,85.92395
2022-01-23 12:00:08.010908,83.64747,84.184,85.92395
2022-01-23 12:00:08.506131,84.42104,84.699,86.27739
2022-01-23 12:00:09.004070,84.42104,84.54425,86.27739
2022-01-23 12:00:09.509261,83.90492,84.184,85.53187
2022-01-23 12:00:10.008300,84.21434,84.59625,85.53187
2022-01-23 12:00:10.503092,83.7502,84.28675,85.33489
2022-01-23 12:00:11.011068,84.73046,85.0605,85.33489
2022-01-23 12:00:11.506016,83.54475,84.28675,86.19916
2022-01-23 12:00:12.005484,84.36905,84.699,86.19916
2022-01-23 12:00:12.501828,83.9569,84.4415,85.96354
2022-01-23 12:00:13.001180,84.83319,84.85375,85.96354
2022-01-23 12:00:13.505873,83.80219,84.08,85.25666
2022-01-23 12:00:14.005767,83.90492,84.33875,85.25666
2022-01-23 12:00:14.501055,84.47302,84.803,87.21989
2022-01-23 12:00:15.009928,83.80219,84.3895,87.21989
2022-01-23 12:00:15.508953,84.31831,84.64825,84.98145
2022-01-23 12:00:16.007355,83.90492,84.4415,84.98145
2022-01-23 12:00:16.505452,84.36905,84.54425,86.00312
2022-01-23 12:00:17.003351,84.83319,84.85375,86.00312
2022-01-23 12:00:17.509889,83.90492,84.33875,86.12093
2022-01-23 12:00:18.007675,84.11161,84.3895,86.12093
2022-01-23 12:00:18.502482,84.05963,84.699,85.88531
2022-01-23 12:00:19.010440,84.26632,84.64825,85.88531
2022-01-23 12:00:19.507280,83.9569,84.4935,85.72791
2022-01-23 12:00:20.007163,84.11161,84.23475,85.72791
2022-01-23 12:00:20.502831,84.1636,84.3895,85.72791
2022-01-23 12:00:21.003288,84.52377,84.95775,85.72791
2022-01-23 12:00:21.508572,83.85417,84.02925,85.41406
2022-01-23 12:00:22.004260,84.31831,84.64825,85.41406
2022-01-23 12:00:22.509026,84.05963,84.184,85.57051
2022-01-23 12:00:23.007178,83.90492,84.64825,85.57051
2022-01-23 12:00:23.503095,84.21434,84.33875,85.57051
2022-01-23 12:00:24.004434,84.57575,84.751,85.57051
2022-01-23 12:00:24.510772,83.85417,84.132,85.57051
2022-01-23 12:00:25.010426,84.26632,84.4415,85.57051
2022-01-23 12:00:25.505002,84.31831,84.95775,85.7675
2022-01-23 12:00:26.002989,83.64747,83.92525,85.7675
2022-01-23 12:00:26.508089,84.52377,85.21525,86.71
2022-01-23 12:00:27.006630,83.54475,83.8225,86.71
2022-01-23 12:00:27.502823,84.36905,84.59625,85.92395
2022-01-23 12:00:28.010465,84.31831,84.64825,85.92395
2022-01-23 12:00:28.506299,83.90492,84.08,85.80614
2022-01-23 12:00:29.003930,84.00888,84.59625,85.80614
2022-01-23 12:00:29.508940,84.36905,84.59625,85.06062
2022-01-23 12:00:30.008216,83.7502,84.28675,85.06062
2022-01-23 12:00:30.503310,84.1636,84.54425,85.17843
2022-01-23 12:00:31.001618,84.11161,84.699,85.17843
2022-01-23 12:00:31.508917,83.9569,84.28675,85.96354
2022-01-23 12:00:32.007141,84.21434,84.33875,85.96354
2022-01-23 12:00:32.502708,83.80219,84.4415,84.98145
2022-01-23 12:00:33.010839,84.93716,84.85375,84.98145
2022-01-23 12:00:33.506363,84.00888,84.4415,86.67041
2022-01-23 12:00:34.005717,83.80219,84.08,86.67041
2022-01-23 12:00:34.502248,84.05963,84.4415,86.5526
2022-01-23 12:00:35.010315,84.21434,84.4935,86.5526
2022-01-23 12:00:35.505707,84.57575,84.751,85.41406
2022-01-23 12:00:36.004234,83.44078,83.92525,85.41406
2022-01-23 12:00:36.511010,84.31831,84.4935,85.88531
2022-01-23 12:00:37.010730,84.05963,84.59625,85.88531
2022-01-23 12:00:37.507816,84.78245,85.1125,85.4527
2022-01-23 12:00:38.006219,83.44078,84.132,85.4527
2022-01-23 12:00:38.510783,84.05963,84.23475,85.72791
2022-01-23 12:00:39.009984,84.67848,84.699,85.72791
2022-01-23 12:00:39.504985,84.00888,84.4935,85.64968
2022-01-23 12:00:40.004035,84.36905,84.64825,85.64968
2022-01-23 12:00:40.511268,83.80219,84.3895,85.21708
2022-01-23 12:00:41.008219,84.31831,84.54425,85.21708
2022-01-23 12:00:41.508129,83.80219,84.4935,85.84572
2022-01-23 12:00:42.007071,84.67848,85.0605,85.84572
2022-01-23 12:00:42.503212,83.64747,83.8745,85.53187
2022-01-23 12:00:43.001722,84.42104,84.699,85.53187
2022-01-23 12:00:43.506844,83.90492,84.23475,85.13885
2022-01-23 12:00:44.004523,84.31831,84.803,85.13885
2022-01-23 12:00:44.510400,84.1636,84.4935,85.88531
2022-01-23 12:00:45.008006,83.7502,84.33875,85.88531
2022-01-23 12:00:45.502729,84.47302,84.699,86.00312
2022-01-23 12:00:46.010747,84.00888,84.184,86.00312
2022-01-23 12:00:46.507489,84.31831,84.54425,85.4527
2022-01-23 12:00:47.005944,84.31831,84.33875,85.4527
2022-01-23 12:00:47.502080,83.69946,84.4935,85.80614
2022-01-23 12:00:48.010803,84.36905,84.59625,85.80614
2022-01-23 12:00:48.505126,84.31831,84.803,85.92395
2022-01-23 12:00:49.002995,83.9569,84.33875,85.92395
2022-01-23 12:00:49.509910,83.90492,84.28675,85.37447
2022-01-23 12:00:50.009787,84.57575,84.59625,85.37447
2022-01-23 12:00:50.507378,84.36905,84.33875,85.84572
2022-01-23 12:00:51.004932,84.31831,84.95775,85.84572
2022-01-23 12:00:51.510778,83.69946,84.184,85.96354
2022-01-23 12:00:52.011034,83.9569,84.3895,85.96354
2022-01-23 12:00:52.506563,84.26632,84.4935,85.84572
2022-01-23 12:00:53.005294,84.00888,84.59625,85.84572
2022-01-23 12:00:53.510275,84.26632,84.4935,86.51301
2022-01-23 12:00:54.009670,84.36905,84.4415,86.51301
2022-01-23 12:00:54.506725,84.21434,84.54425,85.13885
2022-01-23 12:00:55.006439,84.47302,84.803,85.13885
2022-01-23 12:00:55.501955,83.90492,84.3895,85.92395
2022-01-23 12:00:56.010550,84.26632,84.4935,85.92395
2022-01-23 12:00:56.505875,83.69946,84.184,85.88531
2022-01-23 12:00:57.004669,84.05963,84.33875,85.88531
2022-01-23 12:00:57.510680,84.9879,85.0085,85.6101
2022-01-23 12:00:58.008726,83.9569,84.3895,85.6101
2022-01-23 12:00:58.503733,84.26632,84.803,86.00312
2022-01-23 12:00:59.002851,83.7502,84.184,86.00312
2022-01-23 12:00:59.510267,84.36905,84.64825,85.7675
2022-01-23 12:01:00.008984,84.00888,84.699,85.7675
2022-01-23 12:01:00.501673,84.26632,84.64825,86.3952
2022-01-23 12:01:01.009465,84.00888,84.02925,86.3952
2022-01-23 12:01:01.506133,84.1636,84.54425,85.68833
2022-01-23 12:01:02.004559,84.42104,84.751,85.68833
2022-01-23 12:01:02.509831,83.90492,84.3895,85.6101
2022-01-23 12:01:03.007934,84.05963,84.23475,85.6101
2022-01-23 12:01:03.505421,83.69946,84.23475,85.17843
2022-01-23 12:01:04.003151,84.47302,84.95775,85.17843
2022-01-23 12:01:04.508935,84.1636,84.3895,86.5526
2022-01-23 12:01:05.007796,84.31831,84.699,86.5526
2022-01-23 12:01:05.502928,84.05963,84.184,85.6101
2022-01-23 12:01:06.010704,84.31831,84.90575,85.6101
2022-01-23 12:01:06.506268,84.52377,84.803,85.37447
2022-01-23 12:01:07.004450,83.49276,83.8225,85.37447
2022-01-23 12:01:07.509100,84.11161,84.3895,85.25666
2022-01-23 12:01:08.008617,82.9259,83.35825,85.25666
2022-01-23 12:01:08.503018,85.4013,85.57675,241.94729
2022-01-23 12:01:09.001396,83.54475,83.565,241.94729
2022-01-23 12:01:09.507423,83.80219,84.28675,218.46301
2022-01-23 12:01:10.006523,84.47302,84.4935,218.46301
2022-01-23 12:01:10.502003,83.85417,84.184,168.19666
2022-01-23 12:01:11.006292,84.78245,85.0605,168.19666
2022-01-23 12:01:11.501664,83.08061,83.461,104.26406
2022-01-23 12:01:12.010675,84.1636,84.59625,104.26406
2022-01-23 12:01:12.508463,83.9569,83.8745,93.03229
2022-01-23 12:01:13.007463,84.36905,84.85375,93.03229
2022-01-23 12:01:13.503224,84.00888,84.132,92.52145
2022-01-23 12:01:14.002954,83.90492,84.184,92.52145
2022-01-23 12:01:14.507369,84.42104,84.59625,87.25947
2022-01-23 12:01:15.005208,84.00888,84.4935,87.25947
2022-01-23 12:01:15.510339,84.31831,84.54425,85.88531
2022-01-23 12:01:16.010473,83.85417,84.184,85.88531
2022-01-23 12:01:16.506015,84.73046,85.37,86.47437
2022-01-23 12:01:17.005979,84.05963,84.184,86.47437
2022-01-23 12:01:17.501200,84.26632,84.699,86.3952
2022-01-23 12:01:18.009758,84.36905,84.59625,86.3952
2022-01-23 12:01:18.505648,83.85417,84.4415,86.59218
2022-01-23 12:01:19.003418,84.42104,84.54425,86.59218
2022-01-23 12:01:19.508371,83.90492,83.97725,85.6101
2022-01-23 12:01:20.005751,84.05963,84.64825,85.6101
2022-01-23 12:01:20.501207,84.26632,84.751,86.78822
2022-01-23 12:01:21.009167,84.1636,84.64825,86.78822
2022-01-23 12:01:21.506735,84.00888,84.3895,85.57051
2022-01-23 12:01:22.005821,84.21434,84.64825,85.57051
2022-01-23 12:01:22.501625,84.1636,84.59625,85.68833
2022-01-23 12:01:23.009937,83.80219,84.132,85.68833
2022-01-23 12:01:23.507881,84.31831,84.59625,85.37447
2022-01-23 12:01:24.006378,84.47302,84.699,85.37447
2022-01-23 12:01:24.501864,83.64747,84.132,86.3952
2022-01-23 12:01:25.003922,84.62773,84.90575,86.3952
2022-01-23 12:01:25.501122,83.64747,83.97725,85.53187
2022-01-23 12:01:26.010025,84.36905,84.751,85.53187
2022-01-23 12:01:26.505413,84.21434,84.4935,86.3952
2022-01-23 12:01:27.004918,84.31831,84.699,86.3952
2022-01-23 12:01:27.510640,84.47302,84.4935,85.57051
2022-01-23 12:01:28.008845,84.26632,84.803,85.57051
2022-01-23 12:01:28.503269,84.21434,84.59625,85.53187
2022-01-23 12:01:29.002797,84.11161,84.59625,85.53187
2022-01-23 12:01:29.509224,84.11161,84.59625,86.71
2022-01-23 12:01:30.007374,83.7502,84.132,86.71
2022-01-23 12:01:30.508082,84.42104,84.64825,85.41406
2022-01-23 12:01:31.006614,84.52377,84.699,85.41406
2022-01-23 12:01:31.503035,84.21434,84.64825,85.37447
2022-01-23 12:01:32.505281,84.00888,84.4415,85.96354
2022-01-23 12:01:33.003650,84.62773,84.95775,85.96354
2022-01-23 12:01:33.509195,83.54475,84.08,85.49229
2022-01-23 12:01:34.007128,84.31831,84.699,85.49229
2022-01-23 12:01:34.503381,84.26632,84.28675,85.92395
2022-01-23 12:01:35.010713,84.47302,84.95775,85.92395
2022-01-23 12:01:35.508676,83.90492,84.08,85.53187
2022-01-23 12:01:36.006777,84.00888,84.4935,85.53187
2022-01-23 12:01:36.502380,84.21434,84.4935,85.7675
2022-01-23 12:01:37.010686,84.00888,84.59625,85.7675
2022-01-23 12:01:37.505475,84.42104,84.803,86.5526
2022-01-23 12:01:38.003766,83.80219,84.02925,86.5526
2022-01-23 12:01:38.509115,84.52377,84.95775,85.6101
2022-01-23 12:01:39.007624,84.05963,84.4935,85.6101
2022-01-23 12:01:39.503412,84.36905,84.751,85.41406
2022-01-23 12:01:40.002830,83.64747,84.02925,85.41406
2022-01-23 12:01:40.509845,84.00888,84.4415,85.72791
2022-01-23 12:01:41.011032,84.31831,84.803,85.72791
2022-01-23 12:01:41.507838,84.11161,84.54425,85.84572
2022-01-23 12:01:42.007017,84.31831,84.699,85.84572
2022-01-23 12:01:42.502686,84.05963,84.184,85.37447
2022-01-23 12:01:43.010606,84.05963,84.59625,85.37447
2022-01-23 12:01:43.508530,84.36905,84.803,85.53187
2022-01-23 12:01:44.007281,84.1636,84.3895,85.53187
2022-01-23 12:01:44.502809,83.85417,84.28675,84.98145
2022-01-23 12:01:45.010790,83.80219,84.3895,84.98145
2022-01-23 12:01:45.507333,84.42104,84.699,85.80614
2022-01-23 12:01:46.007229,84.31831,84.3895,85.80614
2022-01-23 12:01:46.501774,84.1636,84.54425,86.00312
2022-01-23 12:01:47.009243,84.00888,84.4935,86.00312
2022-01-23 12:01:47.507947,84.26632,84.4935,84.94281
2022-01-23 12:01:48.006666,84.26632,84.64825,84.94281
2022-01-23 12:01:48.504413,84.1636,84.64825,86.74864
2022-01-23 12:01:49.003076,83.64747,84.08,86.74864
2022-01-23 12:01:49.508140,84.36905,84.54425,85.02104
2022-01-23 12:01:50.007954,84.05963,84.3895,85.02104
2022-01-23 12:01:50.502883,84.52377,84.95775,85.57051
2022-01-23 12:01:51.010851,83.85417,84.184,85.57051
2022-01-23 12:01:51.508908,84.31831,84.751,85.4527
2022-01-23 12:01:52.007449,83.9569,84.4935,85.4527
2022-01-23 12:01:52.503390,84.11161,84.59625,86.35656
2022-01-23 12:01:53.002353,84.57575,84.90575,86.35656
2022-01-23 12:01:53.508883,83.85417,84.184,85.25666
2022-01-23 12:01:54.007590,84.42104,84.803,85.25666
2022-01-23 12:01:54.501879,84.00888,84.33875,86.35656
2022-01-23 12:01:55.009202,84.21434,84.4935,86.35656
2022-01-23 12:01:55.503902,84.00888,84.4935,85.80614
2022-01-23 12:01:56.001700,84.26632,84.64825,85.80614
2022-01-23 12:01:56.506700,83.90492,84.184,86.12093
2022-01-23 12:01:57.005069,84.42104,84.751,86.12093
2022-01-23 12:01:57.510867,84.52377,84.803,86.23875
2022-01-23 12:01:58.008899,83.7502,84.28675,86.23875
2022-01-23 12:01:58.505217,84.1636,84.4935,85.6101
2022-01-23 12:01:59.003002,83.9569,84.23475,85.6101
2022-01-23 12:01:59.509062,84.83319,85.422,85.29625
2022-01-23 12:02:00.007195,83.33805,83.7705,85.29625
2022-01-23 12:02:00.510211,84.26632,84.3895,86.00312
2022-01-23 12:02:01.009408,84.67848,84.95775,85.80614
2022-01-23 12:02:03.502038,83.59549,84.184,85.57051
2022-01-23 12:02:04.010400,84.83319,85.0605,85.57051
2022-01-23 12:02:04.505411,84.1636,84.4415,86.3952
2022-01-23 12:02:05.005053,83.69946,84.08,86.3952
2022-01-23 12:02:05.509314,84.57575,84.803,85.33489
2022-01-23 12:02:06.007611,83.85417,84.4415,85.33489
2022-01-23 12:02:06.503864,84.26632,84.95775,86.00312
2022-01-23 12:02:07.002183,83.64747,84.184,86.00312
2022-01-23 12:02:07.506023,84.11161,84.23475,85.41406
2022-01-23 12:02:08.003691,84.88517,84.90575,85.41406
2022-01-23 12:02:08.508502,84.36905,84.54425,85.68833
2022-01-23 12:02:09.008303,83.9569,84.4415,85.68833
2022-01-23 12:02:09.503951,83.7502,83.8745,85.33489
2022-01-23 12:02:10.003282,84.21434,84.85375,85.33489
2022-01-23 12:02:10.508306,84.11161,84.64825,85.6101
2022-01-23 12:02:11.004152,83.90492,84.184,85.6101
2022-01-23 12:02:11.509073,84.31831,84.59625,85.4527
2022-01-23 12:02:12.008875,84.31831,84.54425,85.4527
2022-01-23 12:02:12.504018,84.47302,84.59625,85.33489
2022-01-23 12:02:13.001737,84.00888,84.184,85.33489
2022-01-23 12:02:13.506004,84.1636,84.59625,86.00312
2022-01-23 12:02:14.004062,83.80219,84.33875,86.00312
2022-01-23 12:02:14.504066,84.31831,84.699,85.6101
2022-01-23 12:02:15.001377,84.36905,84.54425,85.6101
2022-01-23 12:02:15.504118,83.9569,84.132,85.53187
2022-01-23 12:02:16.002929,84.42104,84.803,85.53187
2022-01-23 12:02:16.508257,83.90492,84.23475,86.15958
2022-01-23 12:02:17.007361,84.42104,84.85375,86.15958
2022-01-23 12:02:17.503294,83.80219,84.3895,85.37447
2022-01-23 12:02:18.002299,84.26632,84.64825,85.37447
2022-01-23 12:02:18.508844,83.9569,84.4415,85.7675
2022-01-23 12:02:19.007265,84.1636,84.33875,85.7675
2022-01-23 12:02:19.503859,84.47302,84.64825,86.19916
2022-01-23 12:02:20.001984,84.00888,84.4415,86.19916
2022-01-23 12:02:20.507836,84.11161,84.4935,85.96354
2022-01-23 12:02:21.007328,83.7502,84.132,85.96354
2022-01-23 12:02:21.502762,84.36905,84.751,84.94281
2022-01-23 12:02:22.010016,83.54475,84.132,84.94281
2022-01-23 12:02:22.504927,84.78245,85.21525,85.6101
2022-01-23 12:02:23.002695,83.64747,83.7705,85.6101
2022-01-23 12:02:23.508172,84.52377,84.751,84.98145
2022-01-23 12:02:24.008726,84.42104,84.85375,84.98145
2022-01-23 12:02:24.504061,83.59549,83.8225,86.67041
2022-01-23 12:02:25.505777,83.18334,83.61575,86.08135
2022-01-23 12:02:26.003329,84.83319,85.0605,86.08135
2022-01-23 12:02:26.509930,83.90492,84.33875,85.7675
2022-01-23 12:02:27.007735,84.00888,84.3895,85.7675
2022-01-23 12:02:27.503897,84.21434,84.4935,85.29625
2022-01-23 12:02:28.001815,83.90492,84.4935,85.29625
2022-01-23 12:02:28.505769,84.83319,85.16325,85.41406
2022-01-23 12:02:29.004107,83.49276,83.92525,85.41406
2022-01-23 12:02:29.508288,84.26632,84.699,85.84572
2022-01-23 12:02:30.005903,84.00888,84.23475,85.84572
2022-01-23 12:02:30.510421,84.36905,84.751,85.53187
2022-01-23 12:02:31.008187,83.85417,84.54425,85.53187
2022-01-23 12:02:31.501283,83.69946,84.08,85.41406
2022-01-23 12:02:32.010530,84.1636,84.4935,85.41406
2022-01-23 12:02:32.506772,83.9569,84.54425,85.49229
2022-01-23 12:02:33.005141,84.21434,84.54425,85.49229
2022-01-23 12:02:33.508966,84.21434,84.4935,85.7675
2022-01-23 12:02:34.006418,84.05963,84.08,85.7675
2022-01-23 12:02:34.502321,84.26632,84.64825,86.31697
2022-01-23 12:02:35.010925,84.47302,84.751,86.31697
2022-01-23 12:02:35.505870,83.80219,84.28675,86.12093
2022-01-23 12:02:36.003847,84.1636,84.4415,86.12093
2022-01-23 12:02:36.509537,84.31831,84.803,85.6101
2022-01-23 12:02:37.007206,83.90492,84.3895,85.6101
2022-01-23 12:02:37.503112,84.62773,84.64825,85.80614
2022-01-23 12:02:38.004533,84.00888,84.28675,85.80614
2022-01-23 12:02:39.004702,84.47302,84.95775,86.08135
2022-01-23 12:02:39.508178,84.00888,84.23475,86.00312
2022-01-23 12:02:40.008051,84.05963,84.4415,86.00312
2022-01-23 12:02:40.502276,83.80219,84.54425,85.41406
2022-01-23 12:02:41.010620,84.1636,84.23475,85.41406
2022-01-23 12:02:41.507432,84.57575,84.59625,86.12093
2022-01-23 12:02:42.004773,84.00888,84.4415,86.12093
2022-01-23 12:02:42.510177,84.05963,84.64825,85.49229
2022-01-23 12:02:43.008037,84.00888,84.64825,85.49229
2022-01-23 12:02:43.501875,84.31831,84.54425,85.33489
2022-01-23 12:02:44.010484,83.69946,84.132,85.33489
2022-01-23 12:02:44.507361,84.26632,84.64825,86.51301
2022-01-23 12:02:45.006742,84.1636,84.3895,86.51301
2022-01-23 12:02:45.511152,84.52377,84.64825,85.33489
2022-01-23 12:02:46.011006,84.42104,84.803,85.33489
2022-01-23 12:02:46.506765,83.59549,84.132,85.84572
2022-01-23 12:02:47.004878,84.62773,85.1125,85.84572
2022-01-23 12:02:47.510743,83.44078,83.97725,85.72791
2022-01-23 12:02:48.008969,84.57575,84.803,85.72791
2022-01-23 12:02:48.502843,84.1636,84.28675,85.33489
2022-01-23 12:02:49.000981,84.26632,84.33875,85.33489
2022-01-23 12:02:49.505806,84.47302,84.95775,85.17843
2022-01-23 12:02:50.006351,83.9569,84.33875,85.17843
2022-01-23 12:02:50.510714,84.42104,84.64825,85.88531
2022-01-23 12:02:51.009703,83.54475,84.23475,85.88531
2022-01-23 12:02:51.502180,84.26632,84.4935,85.17843
2022-01-23 12:02:52.010292,84.11161,84.33875,85.17843
2022-01-23 12:02:52.505018,84.42104,84.54425,85.96354
2022-01-23 12:02:53.004373,84.21434,84.59625,85.96354
2022-01-23 12:02:53.509128,84.05963,84.4415,86.15958
2022-01-23 12:02:54.007123,84.26632,84.59625,86.15958
2022-01-23 12:02:54.510960,84.1636,84.4415,85.4527
2022-01-23 12:02:55.008374,84.47302,84.699,85.4527
2022-01-23 12:02:55.504315,84.05963,84.54425,85.96354
2022-01-23 12:02:56.001903,84.1636,84.3895,85.96354
2022-01-23 12:02:56.506173,84.26632,84.4935,85.21708
2022-01-23 12:02:57.003966,84.42104,85.0085,85.21708
2022-01-23 12:02:57.510722,84.11161,84.59625,85.96354
2022-01-23 12:02:58.009322,84.26632,84.59625,85.96354
2022-01-23 12:02:58.506129,83.80219,84.08,85.13885
2022-01-23 12:02:59.003987,84.52377,85.1125,85.13885
2022-01-23 12:02:59.509334,84.36905,84.699,85.84572
2022-01-23 12:03:00.008845,83.9569,84.184,85.84572
2022-01-23 12:03:00.506449,84.1636,84.64825,85.68833
2022-01-23 12:03:01.004710,84.21434,84.751,85.68833
2022-01-23 12:03:01.507422,84.36905,84.699,85.88531
2022-01-23 12:03:02.004819,84.1636,84.3895,85.88531
2022-01-23 12:03:02.501458,83.64747,84.3895,86.00312
2022-01-23 12:03:03.001801,84.42104,84.59625,86.00312
2022-01-23 12:03:03.506908,84.57575,84.85375,86.19916
2022-01-23 12:03:04.005390,83.9569,84.132,86.19916
2022-01-23 12:03:04.510838,84.00888,84.3895,85.92395
2022-01-23 12:03:05.010180,83.9569,84.28675,85.92395
2022-01-23 12:03:05.506699,84.57575,84.751,85.80614
2022-01-23 12:03:06.004161,83.9569,84.54425,85.80614
2022-01-23 12:03:06.509449,83.9569,84.184,85.49229
2022-01-23 12:03:07.007515,84.11161,84.33875,85.49229
2022-01-23 12:03:07.510694,84.11161,84.4935,85.4527
2022-01-23 12:03:08.010491,84.26632,84.64825,85.4527
2022-01-23 12:03:08.506310,83.85417,84.23475,85.53187
2022-01-23 12:03:09.004019,84.42104,84.59625,85.53187
2022-01-23 12:03:09.501454,83.59549,84.02925,86.31697
2022-01-23 12:03:10.011257,84.88517,85.21525,86.31697
2022-01-23 12:03:10.506246,84.05963,84.4935,86.35656
2022-01-23 12:03:11.009737,83.69946,83.7705,86.35656
2022-01-23 12:03:11.504660,84.67848,85.26725,85.29625
2022-01-23 12:03:12.002673,83.33805,83.8745,85.29625
2022-01-23 12:03:12.506956,84.83319,85.26725,85.64968
2022-01-23 12:03:13.010415,83.7502,84.23475,85.64968
2022-01-23 12:03:13.505302,84.00888,84.23475,85.64968
2022-01-23 12:03:14.003256,84.31831,84.85375,85.64968
2022-01-23 12:03:14.507962,84.31831,84.3895,85.37447
2022-01-23 12:03:15.005784,84.42104,84.751,85.37447
2022-01-23 12:03:15.501516,84.00888,84.4415,85.13885
2022-01-23 12:03:16.010201,84.21434,84.4415,85.13885
2022-01-23 12:03:16.505439,84.05963,84.4935,85.41406
2022-01-23 12:03:17.003700,84.47302,84.699,85.41406
2022-01-23 12:03:17.501143,83.7502,84.4415,85.13885
2022-01-23 12:03:18.010336,84.26632,84.28675,85.13885
2022-01-23 12:03:18.505538,84.11161,84.3895,85.49229
2022-01-23 12:03:19.004082,84.52377,84.90575,85.49229
2022-01-23 12:03:19.510175,84.31831,84.699,85.64968
2022-01-23 12:03:20.007880,84.00888,84.4935,85.64968
2022-01-23 12:03:20.502857,83.64747,83.8225,86.08135
2022-01-23 12:03:21.001556,84.11161,84.699,86.08135
2022-01-23 12:03:21.506513,84.26632,84.3895,86.78822
2022-01-23 12:03:22.006535,84.52377,84.803,86.78822
2022-01-23 12:03:22.502897,84.05963,84.28675,85.29625
2022-01-23 12:03:23.001532,83.90492,84.08,85.29625
2022-01-23 12:03:23.506633,84.57575,85.0085,85.57051
2022-01-23 12:03:24.504895,83.49276,84.08,86.12093
2022-01-23 12:03:25.003785,84.36905,84.4935,86.12093
2022-01-23 12:03:25.510380,84.26632,84.64825,85.41406
2022-01-23 12:03:26.009238,84.21434,84.54425,85.41406
2022-01-23 12:03:26.503212,84.31831,84.54425,85.72791
2022-01-23 12:03:27.004502,84.05963,84.4935,85.72791
2022-01-23 12:03:27.510364,84.11161,84.28675,85.09926
2022-01-23 12:03:28.008562,84.42104,85.1125,85.09926
2022-01-23 12:03:28.503415,83.85417,83.97725,85.88531
2022-01-23 12:03:29.002818,84.21434,84.64825,85.88531
2022-01-23 12:03:29.502593,83.9569,84.08,86.43479
2022-01-23 12:03:30.002008,84.31831,84.4415,86.43479
2022-01-23 12:03:30.509836,84.11161,84.3895,112.9426
2022-01-23 12:03:31.007392,84.00888,84.23475,112.9426
2022-01-23 12:03:31.505176,83.49276,83.92525,238.57031
2022-01-23 12:03:32.003737,84.21434,84.4935,238.57031
2022-01-23 12:03:32.510841,84.26632,84.85375,205.85708
2022-01-23 12:03:33.008525,83.80219,83.92525,205.85708
2022-01-23 12:03:33.505136,84.42104,84.4415,129.71156
2022-01-23 12:03:34.003240,83.18334,83.41025,129.71156
2022-01-23 12:03:34.510262,85.03989,85.318,90.95125
2022-01-23 12:03:35.008929,83.9569,84.132,90.95125
2022-01-23 12:03:35.503876,83.7502,83.97725,91.77593
2022-01-23 12:03:36.008219,84.11161,84.751,91.77593
2022-01-23 12:03:36.504344,83.7502,83.8745,87.77031
2022-01-23 12:03:37.002322,85.09187,85.26725,87.77031
2022-01-23 12:03:37.508363,83.80219,84.08,86.23875
2022-01-23 12:03:38.008044,84.31831,84.699,86.23875
2022-01-23 12:03:38.503163,83.85417,84.3895,86.43479
2022-01-23 12:03:39.011154,84.57575,84.803,86.43479
2022-01-23 12:03:39.505798,83.80219,84.54425,86.08135
2022-01-23 12:03:40.004478,84.21434,84.4415,86.08135
2022-01-23 12:03:40.510875,84.26632,84.64825,87.02385
2022-01-23 12:03:41.010021,83.90492,84.08,87.02385
2022-01-23 12:03:41.506931,84.47302,84.803,85.84572
2022-01-23 12:03:42.007978,83.7502,84.4415,85.84572
2022-01-23 12:03:42.503172,84.36905,84.59625,86.67041
2022-01-23 12:03:43.001071,84.00888,84.4935,86.67041
2022-01-23 12:03:43.507421,84.21434,84.4935,85.96354
2022-01-23 12:03:44.004572,84.62773,84.95775,85.96354
2022-01-23 12:03:44.510377,83.85417,84.08,86.23875
2022-01-23 12:03:45.007973,84.00888,84.23475,86.23875
2022-01-23 12:03:45.504151,84.36905,84.803,86.23875
2022-01-23 12:03:46.002825,84.05963,84.28675,86.23875
2022-01-23 12:03:46.508263,84.21434,84.85375,85.72791
2022-01-23 12:03:47.007104,84.26632,84.59625,85.72791
2022-01-23 12:03:47.502249,84.05963,84.59625,85.37447
2022-01-23 12:03:48.010245,84.26632,84.4415,85.37447
2022-01-23 12:03:48.506274,84.42104,84.699,85.96354
2022-01-23 12:03:49.004228,83.69946,84.28675,85.96354
2022-01-23 12:03:49.501885,84.52377,84.59625,85.96354
2022-01-23 12:03:50.009654,84.1636,84.4935,85.96354
2022-01-23 12:03:50.506196,84.26632,84.59625,86.35656
2022-01-23 12:03:51.004878,84.11161,84.751,86.35656
2022-01-23 12:03:51.509531,84.00888,84.132,85.72791
2022-01-23 12:03:52.007223,84.47302,84.4935,85.72791
2022-01-23 12:03:52.504339,84.21434,84.751,86.04176
2022-01-23 12:03:53.003304,84.05963,84.28675,86.04176
2022-01-23 12:03:53.501227,84.1636,84.64825,85.29625
2022-01-23 12:03:54.010136,84.05963,84.33875,85.29625
2022-01-23 12:03:54.506070,84.00888,84.751,85.84572
2022-01-23 12:03:55.003082,84.67848,84.803,85.84572
2022-01-23 12:03:55.510046,83.9569,83.92525,85.29625
2022-01-23 12:03:56.007354,83.9569,84.4415,85.29625
2022-01-23 12:03:56.503364,84.42104,84.699,85.49229
2022-01-23 12:03:57.002086,83.7502,84.33875,85.49229
2022-01-23 12:03:57.507281,84.47302,84.59625,86.08135
2022-01-23 12:03:58.006270,83.44078,84.184,86.08135
2022-01-23 12:03:58.507556,84.57575,84.85375,85.96354
2022-01-23 12:03:59.006603,84.57575,84.803,85.96354
2022-01-23 12:03:59.502722,83.9569,84.23475,86.27739
2022-01-23 12:04:00.001690,84.57575,84.95775,86.27739
2022-01-23 12:04:00.505625,83.49276,83.97725,86.00312
2022-01-23 12:04:01.005305,84.62773,84.95775,86.00312
2022-01-23 12:04:01.510649,83.13135,83.92525,85.96354
2022-01-23 12:04:02.009966,84.31831,84.54425,85.96354
2022-01-23 12:04:02.503676,84.36905,84.54425,86.15958
2022-01-23 12:04:03.001873,84.47302,84.803,86.15958
2022-01-23 12:04:03.508557,84.47302,84.54425,85.80614
2022-01-23 12:04:04.006038,83.90492,84.184,85.80614
2022-01-23 12:04:04.501550,84.26632,84.64825,85.6101
2022-01-23 12:04:05.010211,83.80219,84.4935,85.6101
2022-01-23 12:04:05.506631,84.52377,84.95775,85.84572
2022-01-23 12:04:06.002023,84.00888,84.4415,85.84572
2022-01-23 12:04:06.509645,84.1636,84.3895,86.04176
2022-01-23 12:04:07.007088,84.36905,84.54425,86.04176
2022-01-23 12:04:07.502393,83.9569,84.54425,85.41406
2022-01-23 12:04:08.001070,84.31831,84.4415,85.41406
2022-01-23 12:04:08.507654,83.9569,84.59625,85.84572
2022-01-23 12:04:09.005031,83.90492,84.33875,85.84572
2022-01-23 12:04:09.509777,83.7502,84.4415,85.09926
2022-01-23 12:04:10.008131,84.93716,85.16325,85.09926
2022-01-23 12:04:10.503673,84.11161,84.184,85.72791
2022-01-23 12:04:11.009831,84.26632,84.59625,85.72791
2022-01-23 12:04:11.505539,84.00888,83.92525,85.64968
2022-01-23 12:04:12.003286,84.00888,84.751,85.64968
2022-01-23 12:04:12.510186,84.21434,84.3895,85.29625
2022-01-23 12:04:13.008212,83.80219,84.54425,85.29625
2022-01-23 12:04:13.506742,84.26632,84.3895,85.02104
2022-01-23 12:04:14.004839,84.36905,84.4935,85.02104
2022-01-23 12:04:14.509832,84.42104,84.803,86.04176
2022-01-23 12:04:15.008319,84.05963,84.23475,86.04176
2022-01-23 12:04:15.506530,84.11161,84.699,85.88531
2022-01-23 12:04:16.005183,83.80219,84.184,85.88531
2022-01-23 12:04:16.502246,84.1636,84.803,85.57051
2022-01-23 12:04:17.010687,84.00888,84.23475,85.57051
2022-01-23 12:04:17.504864,84.05963,84.28675,85.64968
2022-01-23 12:04:18.005911,84.26632,84.54425,85.64968
2022-01-23 12:04:18.501686,83.9569,84.184,85.92395
2022-01-23 12:04:19.010568,84.36905,84.803,85.92395
2022-01-23 12:04:19.507435,84.47302,84.751,85.68833
2022-01-23 12:04:20.006103,83.39003,84.02925,85.68833
2022-01-23 12:04:20.501030,84.57575,84.751,85.02104
2022-01-23 12:04:21.001166,84.11161,84.4935,85.02104
2022-01-23 12:04:21.506751,83.9569,84.132,85.49229
2022-01-23 12:04:22.005261,84.11161,84.28675,85.49229
2022-01-23 12:04:22.502588,83.80219,84.33875,85.4527
2022-01-23 12:04:23.001669,84.47302,84.90575,85.4527
2022-01-23 12:04:23.507377,84.21434,84.803,85.57051
2022-01-23 12:04:24.006317,83.9569,84.23475,85.57051
2022-01-23 12:04:24.502902,84.26632,84.64825,85.80614
2022-01-23 12:04:25.001571,84.1636,84.54425,85.80614
2022-01-23 12:04:25.505559,84.42104,84.751,85.49229
2022-01-23 12:04:26.004209,83.9569,84.3895,85.49229
2022-01-23 12:04:26.508376,83.90492,84.23475,86.00312
2022-01-23 12:04:27.006893,83.9569,84.4935,86.00312
2022-01-23 12:04:27.502506,84.42104,84.751,86.15958
2022-01-23 12:04:28.010671,83.85417,84.33875,86.15958
2022-01-23 12:04:28.506910,84.26632,84.4935,86.00312
2022-01-23 12:04:29.006247,84.36905,84.28675,86.00312
2022-01-23 12:04:29.501390,83.85417,84.4935,84.62801
2022-01-23 12:04:30.010379,84.52377,84.85375,84.62801
2022-01-23 12:04:30.506128,84.47302,84.90575,85.96354
2022-01-23 12:04:31.004183,83.80219,84.08,85.96354
2022-01-23 12:04:31.509344,83.7502,84.23475,85.13885
2022-01-23 12:04:32.007116,84.26632,84.59625,85.13885
2022-01-23 12:04:32.501952,84.11161,84.08,85.6101
2022-01-23 12:04:33.002795,84.78245,85.16325,85.6101
2022-01-23 12:04:33.508284,83.54475,83.7705,86.63083
2022-01-23 12:04:34.006648,84.42104,85.0085,86.63083
2022-01-23 12:04:34.502549,84.42104,84.751,85.49229
2022-01-23 12:04:35.010881,83.69946,84.23475,85.49229
2022-01-23 12:04:35.506773,84.21434,84.33875,85.53187
2022-01-23 12:04:36.006797,84.1636,84.28675,85.53187
2022-01-23 12:04:36.501189,84.47302,84.85375,86.15958
2022-01-23 12:04:37.010121,84.11161,84.08,86.15958
2022-01-23 12:04:37.506980,84.05963,84.751,85.33489
2022-01-23 12:04:38.005193,84.00888,84.28675,85.33489
2022-01-23 12:04:38.501478,84.1636,84.64825,85.88531
2022-01-23 12:04:39.009987,84.21434,84.699,85.88531
2022-01-23 12:04:39.504675,84.00888,84.08,86.12093
2022-01-23 12:04:40.002520,84.1636,84.3895,86.12093
2022-01-23 12:04:40.508895,83.9569,84.08,85.41406
2022-01-23 12:04:41.005085,84.62773,85.1125,85.41406
2022-01-23 12:04:41.501631,84.31831,84.33875,85.37447
2022-01-23 12:04:42.003591,83.9569,84.59625,85.37447
2022-01-23 12:04:42.508642,83.80219,84.08,86.23875
2022-01-23 12:04:43.007474,84.1636,84.59625,86.23875
2022-01-23 12:04:43.502752,84.1636,84.4415,85.25666
2022-01-23 12:04:44.009950,84.73046,84.90575,85.25666
2022-01-23 12:04:44.505903,83.54475,84.184,85.80614
2022-01-23 12:04:45.004638,84.31831,84.59625,85.80614
2022-01-23 12:04:45.510808,84.47302,84.751,85.7675
2022-01-23 12:04:46.008985,83.85417,84.184,85.7675
2022-01-23 12:04:46.505133,84.00888,84.4415,85.68833
2022-01-23 12:04:47.003369,83.59549,83.8745,85.68833
2022-01-23 12:04:47.510213,84.67848,84.85375,85.13885
2022-01-23 12:04:48.009131,84.1636,84.751,85.13885
2022-01-23 12:04:48.502752,84.26632,84.64825,85.41406
2022-01-23 12:04:49.010865,84.11161,84.4935,85.41406
2022-01-23 12:04:49.507046,84.11161,84.4415,86.23875
2022-01-23 12:04:50.004956,84.05963,84.699,86.23875
2022-01-23 12:04:50.501458,84.36905,84.54425,85.64968
2022-01-23 12:04:51.011092,84.00888,83.8745,85.64968
2022-01-23 12:04:51.508134,83.9569,84.54425,84.825
2022-01-23 12:04:52.009902,84.42104,84.699,84.825
2022-01-23 12:04:52.504925,84.00888,84.64825,85.21708
2022-01-23 12:04:53.002759,84.42104,84.54425,85.21708
2022-01-23 12:04:53.507203,83.80219,84.33875,85.41406
2022-01-23 12:04:54.005751,84.00888,84.54425,85.41406
2022-01-23 12:04:54.510631,84.42104,84.4415,86.19916
2022-01-23 12:04:55.007278,84.21434,84.59625,86.19916
2022-01-23 12:04:55.503360,84.00888,84.23475,85.17843
2022-01-23 12:04:56.002252,83.85417,84.33875,85.17843
2022-01-23 12:04:56.508484,84.42104,84.751,86.12093
2022-01-23 12:04:57.007311,83.69946,84.184,86.12093
2022-01-23 12:04:57.503296,84.42104,84.59625,85.57051
2022-01-23 12:04:58.002410,83.80219,84.132,85.57051
2022-01-23 12:04:58.508449,84.62773,85.1125,85.6101
2022-01-23 12:04:59.006858,83.9569,84.23475,85.6101
2022-01-23 12:04:59.502293,84.00888,84.4415,85.84572
2022-01-23 12:05:00.504139,83.85417,84.3895,85.29625
2022-01-23 12:05:01.002107,84.52377,84.751,85.29625
2022-01-23 12:05:01.507221,83.80219,83.97725,85.64968
2022-01-23 12:05:02.005533,84.26632,84.64825,85.64968
2022-01-23 12:05:02.510468,84.05963,84.28675,85.84572
2022-01-23 12:05:03.008625,83.90492,84.4935,85.84572
2022-01-23 12:05:03.505909,84.11161,84.4935,85.41406
2022-01-23 12:05:04.002919,84.26632,84.699,85.41406
2022-01-23 12:05:04.508147,84.05963,84.54425,85.57051
2022-01-23 12:05:05.006448,83.7502,84.23475,85.57051
2022-01-23 12:05:05.503078,84.26632,84.4935,85.92395
2022-01-23 12:05:06.002373,84.62773,84.751,85.92395
2022-01-23 12:05:06.508215,83.7502,84.184,85.88531
2022-01-23 12:05:07.005998,84.21434,84.59625,85.88531
2022-01-23 12:05:07.511338,83.64747,84.184,85.53187
2022-01-23 12:05:08.009818,84.1636,84.54425,85.53187
2022-01-23 12:05:08.504625,84.21434,84.751,85.57051
2022-01-23 12:05:09.003537,83.85417,84.33875,85.57051
2022-01-23 12:05:09.503117,84.73046,84.699,85.80614
2022-01-23 12:05:10.003900,84.1636,84.64825,85.80614
2022-01-23 12:05:10.507971,84.00888,84.28675,85.41406
2022-01-23 12:05:11.504994,83.80219,84.28675,85.96354
2022-01-23 12:05:12.003436,84.26632,84.803,85.96354
2022-01-23 12:05:12.508012,84.11161,84.3895,85.68833
2022-01-23 12:05:13.005658,84.21434,84.4415,85.68833
2022-01-23 12:05:13.510941,84.26632,84.751,85.68833
2022-01-23 12:05:14.009929,84.62773,84.85375,85.68833
2022-01-23 12:05:14.505415,83.85417,84.28675,85.37447
2022-01-23 12:05:15.004286,84.62773,84.803,85.37447
2022-01-23 12:05:15.509026,83.39003,83.66775,85.80614
2022-01-23 12:05:16.006496,84.42104,84.90575,85.80614
2022-01-23 12:05:16.501804,83.9569,83.97725,85.41406
2022-01-23 12:05:17.009916,84.52377,84.95775,85.41406
2022-01-23 12:05:17.506651,84.21434,84.28675,85.53187
2022-01-23 12:05:18.005798,83.90492,84.4415,85.53187
2022-01-23 12:05:18.501527,84.67848,85.0085,85.88531
2022-01-23 12:05:19.010056,83.59549,83.8745,85.88531
2022-01-23 12:05:19.509661,84.62773,84.95775,85.37447
2022-01-23 12:05:20.007488,83.39003,83.66775,85.37447
2022-01-23 12:05:20.504356,84.47302,84.95775,85.96354
2022-01-23 12:05:21.003825,84.57575,84.699,85.96354
2022-01-23 12:05:21.510740,83.9569,84.28675,85.72791
2022-01-23 12:05:22.008159,84.26632,84.4415,85.72791
2022-01-23 12:05:22.503858,83.90492,84.3895,85.37447
2022-01-23 12:05:23.001633,84.83319,85.16325,85.37447
2022-01-23 12:05:23.506836,83.33805,83.7705,85.92395
2022-01-23 12:05:24.006902,84.47302,84.85375,85.92395
2022-01-23 12:05:24.503806,84.21434,84.184,85.7675
2022-01-23 12:05:25.002219,84.36905,84.85375,85.7675
2022-01-23 12:05:25.508695,84.1636,84.4415,85.4527
2022-01-23 12:05:26.007360,83.7502,83.92525,85.4527
2022-01-23 12:05:26.503216,84.73046,84.85375,85.21708
2022-01-23 12:05:27.001686,83.44078,84.02925,85.21708
2022-01-23 12:05:27.506701,84.57575,85.1125,86.08135
2022-01-23 12:05:28.004284,83.80219,84.02925,86.08135
2022-01-23 12:05:28.503338,84.31831,84.59625,86.59218
2022-01-23 12:05:29.003364,84.11161,84.4415,86.59218
2022-01-23 12:05:29.510146,84.1636,84.64825,85.41406
2022-01-23 12:05:30.009351,84.11161,84.3895,85.41406
2022-01-23 12:05:30.502586,84.11161,84.59625,85.72791
2022-01-23 12:05:31.001969,83.80219,84.23475,85.72791
2022-01-23 12:05:31.508022,84.42104,84.699,85.17843
2022-01-23 12:05:32.006274,84.36905,84.85375,85.17843
2022-01-23 12:05:32.503029,83.85417,84.08,85.64968
2022-01-23 12:05:33.001743,84.1636,84.699,85.64968
2022-01-23 12:05:33.508542,83.90492,84.3895,85.57051
2022-01-23 12:05:34.007960,84.1636,84.751,85.57051
2022-01-23 12:05:34.501661,84.36905,84.85375,85.72791
2022-01-23 12:05:35.009514,83.7502,83.92525,85.72791
2022-01-23 12:05:35.504475,84.42104,84.699,85.49229
2022-01-23 12:05:36.002864,84.11161,84.3895,85.49229
2022-01-23 12:05:36.507956,84.21434,84.64825,85.64968
2022-01-23 12:05:37.007920,83.85417,84.23475,85.64968
2022-01-23 12:05:37.505904,84.1636,84.59625,85.29625
2022-01-23 12:05:38.005008,84.21434,84.751,85.29625
2022-01-23 12:05:38.509894,84.00888,84.59625,86.08135
2022-01-23 12:05:39.007082,84.73046,85.0085,86.08135
2022-01-23 12:05:39.502487,84.31831,84.28675,85.37447
2022-01-23 12:05:40.010917,83.69946,84.08,85.37447
2022-01-23 12:05:40.505732,84.26632,84.699,85.33489
2022-01-23 12:05:41.004210,83.85417,84.184,85.33489
2022-01-23 12:05:41.501218,84.88517,85.318,85.88531
2022-01-23 12:05:42.008607,83.18334,83.7705,85.88531
2022-01-23 12:05:42.504536,84.57575,84.85375,86.74864
2022-01-23 12:05:43.002569,84.57575,84.699,86.74864
2022-01-23 12:05:43.507725,84.05963,84.59625,86.19916
2022-01-23 12:05:44.009065,84.42104,84.85375,86.19916
2022-01-23 12:05:44.504384,83.54475,83.71975,85.25666
2022-01-23 12:05:45.002131,84.36905,84.95775,85.25666
2022-01-23 12:05:45.507509,83.7502,84.3895,85.41406
2022-01-23 12:05:46.006151,84.47302,84.699,85.41406
2022-01-23 12:05:46.502886,83.90492,83.7705,86.3952
2022-01-23 12:05:47.011260,84.47302,84.751,86.3952
2022-01-23 12:05:47.505307,84.26632,84.751,85.4527
2022-01-23 12:05:48.003392,83.7502,84.184,85.4527
2022-01-23 12:05:48.509367,84.26632,84.64825,86.23875
2022-01-23 12:05:49.007549,83.69946,84.02925,86.23875
2022-01-23 12:05:49.501815,84.42104,85.0085,86.00312
2022-01-23 12:05:50.009876,84.26632,84.33875,86.00312
2022-01-23 12:05:50.507169,84.26632,84.33875,85.72791
2022-01-23 12:05:51.006308,84.21434,84.4935,85.72791
2022-01-23 12:05:51.501509,84.00888,84.3895,86.19916
2022-01-23 12:05:52.006346,84.42104,84.803,86.19916
2022-01-23 12:05:52.501032,83.28607,83.71975,85.96354
2022-01-23 12:05:53.008194,83.90492,84.132,85.96354
2022-01-23 12:05:53.503808,84.00888,84.33875,231.77583
2022-01-23 12:05:54.002348,84.78245,84.95775,231.77583
2022-01-23 12:05:54.508320,83.85417,83.8745,218.5026
2022-01-23 12:05:55.008984,84.31831,84.54425,218.5026
2022-01-23 12:05:55.504906,83.7502,83.8745,160.02801
2022-01-23 12:05:56.003561,84.31831,84.3895,160.02801
2022-01-23 12:05:56.508337,84.05963,84.59625,96.52708
2022-01-23 12:05:57.006702,83.28607,83.8225,96.52708
2022-01-23 12:05:57.504891,84.57575,84.59625,93.46395
2022-01-23 12:05:58.002319,83.80219,83.8745,93.46395
2022-01-23 12:05:58.507406,84.67848,85.0085,90.04739
2022-01-23 12:05:59.005829,83.85417,84.02925,90.04739
2022-01-23 12:05:59.501239,84.57575,84.803,87.21989
2022-01-23 12:06:00.009996,83.7502,84.33875,87.21989
2022-01-23 12:06:00.507163,84.00888,84.699,86.31697
2022-01-23 12:06:01.006282,84.21434,84.4935,86.31697
2022-01-23 12:06:01.510261,84.31831,84.4935,85.80614
2022-01-23 12:06:02.010166,84.31831,84.64825,85.80614
2022-01-23 12:06:02.503888,83.7502,84.08,86.15958
2022-01-23 12:06:03.002474,84.42104,84.803,86.15958
2022-01-23 12:06:03.509266,84.36905,84.85375,86.27739
2022-01-23 12:06:04.006285,83.9569,84.699,86.27739
2022-01-23 12:06:04.510608,84.21434,84.699,85.96354
2022-01-23 12:06:05.010302,84.05963,84.33875,85.96354
2022-01-23 12:06:05.506386,84.67848,84.95775,86.59218
2022-01-23 12:06:06.004334,84.36905,84.803,86.59218
2022-01-23 12:06:06.510314,83.59549,83.92525,85.37447
2022-01-23 12:06:07.007441,84.05963,84.59625,85.37447
2022-01-23 12:06:07.503259,84.05963,84.64825,86.08135
2022-01-23 12:06:08.002578,84.47302,84.803,86.08135
2022-01-23 12:06:08.507802,84.26632,84.59625,86.27739
2022-01-23 12:06:09.006786,83.9569,84.28675,86.27739
2022-01-23 12:06:09.504396,84.62773,84.90575,85.29625
2022-01-23 12:06:10.004353,83.69946,84.02925,85.29625
2022-01-23 12:06:10.510108,84.62773,85.0605,85.37447
2022-01-23 12:06:11.006968,83.54475,84.132,85.37447
2022-01-23 12:06:11.502373,84.42104,84.95775,86.08135
2022-01-23 12:06:12.010171,84.11161,84.33875,86.08135
2022-01-23 12:06:12.505675,84.31831,84.699,85.25666
2022-01-23 12:06:13.004495,84.11161,84.33875,85.25666
2022-01-23 12:06:13.510977,83.9569,84.3895,85.72791
2022-01-23 12:06:14.010545,84.42104,84.95775,85.72791
2022-01-23 12:06:14.505131,83.85417,84.33875,85.88531
2022-01-23 12:06:15.002598,84.42104,84.85375,85.88531
2022-01-23 12:06:15.508727,83.7502,84.02925,85.72791
2022-01-23 12:06:16.007472,84.47302,84.59625,85.72791
2022-01-23 12:06:16.502316,84.47302,84.751,85.84572
2022-01-23 12:06:17.505250,84.1636,84.64825,85.57051
2022-01-23 12:06:18.003359,83.7502,84.33875,85.57051
2022-01-23 12:06:18.508959,84.52377,84.90575,85.96354
2022-01-23 12:06:19.008472,83.59549,84.23475,85.96354
2022-01-23 12:06:19.504396,84.57575,84.751,85.96354
2022-01-23 12:06:20.002742,84.31831,84.28675,85.96354
2022-01-23 12:06:20.508123,84.21434,84.4935,85.49229
2022-01-23 12:06:21.007399,84.21434,84.64825,85.49229
2022-01-23 12:06:21.504630,84.05963,84.3895,85.53187
2022-01-23 12:06:22.002853,84.21434,84.54425,85.53187
2022-01-23 12:06:22.508672,84.00888,84.699,85.64968
2022-01-23 12:06:23.008354,84.00888,84.28675,85.64968
2022-01-23 12:06:23.505374,84.57575,84.751,85.37447
2022-01-23 12:06:24.004342,84.52377,84.803,85.37447
2022-01-23 12:06:24.510717,84.05963,84.54425,86.15958
2022-01-23 12:06:25.009523,84.21434,84.751,86.15958
2022-01-23 12:06:25.506650,83.9569,84.28675,85.57051
2022-01-23 12:06:26.004864,84.21434,84.54425,85.57051
2022-01-23 12:06:26.509502,83.9569,84.4415,85.49229
2022-01-23 12:06:27.007394,84.11161,84.59625,85.49229
2022-01-23 12:06:27.502354,84.31831,84.28675,85.84572
2022-01-23 12:06:28.001827,84.21434,84.4935,85.84572
2022-01-23 12:06:28.507070,84.00888,84.4415,85.68833
2022-01-23 12:06:29.005804,84.36905,84.95775,85.68833
2022-01-23 12:06:29.510703,83.80219,84.08,85.37447
2022-01-23 12:06:30.008241,84.52377,84.751,85.37447
2022-01-23 12:06:30.503166,84.05963,84.54425,85.96354
2022-01-23 12:06:31.011078,83.9569,83.92525,85.96354
2022-01-23 12:06:31.506627,84.57575,84.95775,86.63083
2022-01-23 12:06:32.003993,83.9569,84.33875,86.63083
2022-01-23 12:06:32.501480,84.52377,84.751,85.64968
2022-01-23 12:06:33.010263,83.69946,84.02925,85.64968
2022-01-23 12:06:33.505171,84.42104,84.85375,85.68833
2022-01-23 12:06:34.003277,83.59549,84.184,85.68833
2022-01-23 12:06:34.508379,84.42104,84.54425,85.84572
2022-01-23 12:06:35.006717,84.47302,84.54425,85.84572
2022-01-23 12:06:35.501503,83.90492,84.23475,85.92395
2022-01-23 12:06:36.009630,84.73046,85.26725,85.92395
2022-01-23 12:06:36.504964,83.59549,83.7705,86.23875
2022-01-23 12:06:37.003306,84.73046,85.0605,86.23875
2022-01-23 12:06:37.510285,83.44078,84.184,85.57051
2022-01-23 12:06:38.008553,84.31831,84.54425,85.57051
2022-01-23 12:06:38.503961,84.31831,84.4935,86.12093
2022-01-23 12:06:39.003792,83.90492,84.23475,86.12093
2022-01-23 12:06:39.510005,84.36905,85.0085,85.96354
2022-01-23 12:06:40.008973,83.90492,84.28675,85.96354
2022-01-23 12:06:40.503960,84.21434,84.59625,85.68833
2022-01-23 12:06:41.001986,84.00888,84.59625,85.68833
2022-01-23 12:06:41.509145,84.26632,84.4415,86.19916
2022-01-23 12:06:42.009081,84.05963,84.23475,86.19916
2022-01-23 12:06:42.504312,84.31831,84.59625,85.96354
2022-01-23 12:06:43.002960,84.31831,84.803,85.96354
2022-01-23 12:06:43.508585,83.85417,84.184,85.49229
2022-01-23 12:06:44.006813,84.42104,84.59625,85.49229
2022-01-23 12:06:44.502160,83.90492,84.4415,85.68833
2022-01-23 12:06:45.010830,84.47302,84.85375,85.68833
2022-01-23 12:06:45.506748,84.00888,84.08,86.12093
2022-01-23 12:06:46.005051,84.21434,84.3895,86.12093
2022-01-23 12:06:46.502547,84.05963,84.4415,85.25666
2022-01-23 12:06:47.001752,84.42104,85.1125,85.25666
2022-01-23 12:06:47.506774,84.05963,84.3895,86.12093
2022-01-23 12:06:48.004492,83.9569,84.3895,86.12093
2022-01-23 12:06:48.510053,84.31831,84.59625,85.41406
2022-01-23 12:06:49.007791,84.21434,84.64825,85.41406
2022-01-23 12:06:49.502843,84.31831,84.751,85.13885
2022-01-23 12:06:50.011009,83.90492,84.33875,85.13885
2022-01-23 12:06:50.508197,84.00888,84.28675,85.17843
2022-01-23 12:06:51.007313,84.31831,84.59625,85.17843
2022-01-23 12:06:51.503712,83.90492,84.4415,85.92395
2022-01-23 12:06:52.002702,84.42104,84.699,85.92395
2022-01-23 12:06:52.508085,83.69946,84.132,86.19916
2022-01-23 12:06:53.006497,84.57575,84.4935,86.19916
2022-01-23 12:06:53.501504,84.42104,84.803,86.19916
2022-01-23 12:06:54.010498,84.00888,84.4935,86.19916
2022-01-23 12:06:54.506868,84.1636,84.4935,85.96354
2022-01-23 12:06:55.004702,83.80219,84.02925,85.96354
2022-01-23 12:06:55.501698,84.21434,84.699,85.21708
2022-01-23 12:06:56.010166,83.85417,84.4415,85.21708
2022-01-23 12:06:56.504963,84.57575,84.4935,85.57051
2022-01-23 12:06:57.002988,84.36905,84.4935,85.57051
2022-01-23 12:06:57.508757,83.90492,84.184,86.19916
2022-01-23 12:06:58.006284,84.47302,84.95775,86.19916
2022-01-23 12:06:58.510945,83.59549,83.8745,86.12093
2022-01-23 12:06:59.008117,84.57575,84.803,86.12093
2022-01-23 12:06:59.503991,83.64747,84.23475,85.64968
2022-01-23 12:07:00.002210,84.67848,84.85375,85.64968
2022-01-23 12:07:00.505133,84.26632,84.59625,85.72791
2022-01-23 12:07:01.003318,83.9569,84.28675,85.72791
2022-01-23 12:07:01.508712,84.73046,84.95775,85.64968
2022-01-23 12:07:02.006463,83.28607,83.66775,85.64968
2022-01-23 12:07:02.501706,84.26632,84.64825,85.41406
2022-01-23 12:07:03.010455,83.7502,84.3895,85.41406
2022-01-23 12:07:03.506672,84.21434,84.4415,86.00312
2022-01-23 12:07:04.004286,84.26632,84.59625,86.00312
2022-01-23 12:07:04.510629,84.05963,84.4935,85.57051
2022-01-23 12:07:05.008361,84.26632,84.59625,85.57051
2022-01-23 12:07:05.504149,84.47302,84.803,85.13885
2022-01-23 12:07:06.002346,84.21434,84.4415,85.13885
2022-01-23 12:07:06.507792,83.49276,83.97725,86.51301
2022-01-23 12:07:07.006894,84.52377,84.751,86.51301
2022-01-23 12:07:07.502424,84.00888,84.59625,86.19916
2022-01-23 12:07:08.001186,84.36905,84.4415,86.19916
2022-01-23 12:07:08.507483,83.90492,84.184,85.13885
2022-01-23 12:07:09.006167,84.31831,84.803,85.13885
2022-01-23 12:07:09.503432,84.36905,84.751,85.88531
2022-01-23 12:07:10.011184,83.90492,84.3895,85.88531
2022-01-23 12:07:10.507316,83.9569,84.08,85.88531
2022-01-23 12:07:11.003872,83.9569,84.4935,85.88531
2022-01-23 12:07:11.510330,84.31831,84.59625,85.41406
2022-01-23 12:07:12.008547,84.31831,84.64825,85.41406
2022-01-23 12:07:12.504271,84.52377,84.699,86.12093
2022-01-23 12:07:13.002771,84.21434,84.4935,86.12093
2022-01-23 12:07:13.507245,84.21434,84.64825,85.29625
2022-01-23 12:07:14.005785,84.42104,84.751,85.29625
2022-01-23 12:07:14.510720,83.39003,84.132,86.3952
2022-01-23 12:07:15.009472,84.36905,84.4935,86.3952
2022-01-23 12:07:15.503978,84.00888,84.33875,86.19916
2022-01-23 12:07:16.001515,84.05963,84.33875,86.19916
2022-01-23 12:07:16.507786,84.57575,84.85375,85.6101
2022-01-23 12:07:17.007336,83.85417,84.132,85.6101
2022-01-23 12:07:17.503302,84.26632,84.33875,85.49229
2022-01-23 12:07:18.001820,84.26632,85.0085,85.49229
2022-01-23 12:07:18.507204,83.85417,84.02925,85.96354
2022-01-23 12:07:19.005209,84.31831,84.64825,85.96354
2022-01-23 12:07:19.510298,84.05963,84.23475,85.49229
2022-01-23 12:07:20.008595,84.11161,84.59625,85.49229
2022-01-23 12:07:20.503431,83.9569,84.3895,85.96354
2022-01-23 12:07:21.001047,84.42104,84.54425,85.96354
2022-01-23 12:07:21.508124,83.80219,84.23475,85.64968
2022-01-23 12:07:22.006416,84.42104,84.59625,85.64968
2022-01-23 12:07:22.504121,84.1636,84.64825,85.92395
2022-01-23 12:07:23.002163,84.11161,84.33875,85.92395
2022-01-23 12:07:23.508166,84.42104,84.699,85.53187
2022-01-23 12:07:24.007133,83.64747,84.28675,85.53187
2022-01-23 12:07:24.501488,84.26632,84.54425,85.13885
2022-01-23 12:07:25.010150,83.7502,84.33875,85.13885
2022-01-23 12:07:25.506415,84.26632,84.59625,85.80614
2022-01-23 12:07:26.005028,84.42104,84.803,85.80614
2022-01-23 12:07:26.511147,83.85417,84.184,86.15958
2022-01-23 12:07:27.009081,84.1636,84.184,86.15958
2022-01-23 12:07:27.505268,84.36905,84.803,85.17843
2022-01-23 12:07:28.004608,84.21434,84.3895,85.17843
2022-01-23 12:07:28.505094,83.90492,84.3895,85.92395
2022-01-23 12:07:29.003250,84.05963,84.3895,85.92395
2022-01-23 12:07:29.508929,83.80219,84.4935,85.64968
2022-01-23 12:07:30.008868,84.83319,85.1125,85.64968
2022-01-23 12:07:30.505227,84.42104,84.3895,86.00312
2022-01-23 12:07:31.003639,83.85417,84.28675,86.00312
2022-01-23 12:07:31.510159,84.26632,84.4935,86.08135
2022-01-23 12:07:32.007821,83.9569,84.3895,86.08135
2022-01-23 12:07:32.505807,84.52377,84.699,86.12093
2022-01-23 12:07:33.003854,83.69946,84.4935,86.12093
2022-01-23 12:07:33.509393,84.26632,84.64825,85.13885
2022-01-23 12:07:34.007973,84.21434,84.3895,85.13885
2022-01-23 12:07:34.503747,84.42104,84.803,85.80614
2022-01-23 12:07:35.003166,83.90492,84.132,85.80614
2022-01-23 12:07:35.507974,84.11161,84.54425,85.92395
2022-01-23 12:07:36.007578,83.9569,84.184,85.92395
2022-01-23 12:07:36.503001,84.11161,84.699,85.88531
2022-01-23 12:07:37.001925,84.42104,84.4935,85.88531
2022-01-23 12:07:37.505256,84.05963,84.184,85.64968
2022-01-23 12:07:38.003905,84.31831,84.59625,85.64968
2022-01-23 12:07:38.509784,84.67848,84.95775,85.41406
2022-01-23 12:07:39.008157,83.80219,84.3895,85.41406
2022-01-23 12:07:39.505166,84.26632,84.3895,85.88531
2022-01-23 12:07:40.002095,83.69946,84.4935,85.88531
2022-01-23 12:07:40.506931,84.11161,84.4935,86.08135
2022-01-23 12:07:41.006658,84.67848,84.85375,86.08135
2022-01-23 12:07:41.501193,83.90492,83.97725,85.29625
2022-01-23 12:07:42.009135,84.57575,84.85375,85.29625
2022-01-23 12:07:42.503637,84.31831,84.803,85.09926
2022-01-23 12:07:43.001941,84.1636,84.54425,85.09926
2022-01-23 12:07:43.507391,83.9569,84.4415,85.64968
2022-01-23 12:07:44.008639,83.80219,84.23475,85.64968
2022-01-23 12:07:44.504190,84.52377,85.0605,85.29625
2022-01-23 12:07:45.003006,83.80219,84.02925,85.29625
2022-01-23 12:07:45.510191,84.31831,84.54425,85.57051
2022-01-23 12:07:46.009506,83.9569,84.33875,85.57051
2022-01-23 12:07:46.504434,84.31831,84.64825,86.00312
2022-01-23 12:07:47.002770,84.1636,84.803,86.00312
2022-01-23 12:07:47.509854,83.80219,84.132,85.72791
2022-01-23 12:07:48.008217,84.21434,84.803,85.72791
2022-01-23 12:07:48.505109,84.00888,84.23475,85.6101
2022-01-23 12:07:49.002931,84.47302,84.803,85.6101
2022-01-23 12:07:49.508735,83.9569,84.3895,84.98145
2022-01-23 12:07:50.006532,84.26632,84.33875,84.98145
2022-01-23 12:07:50.502788,84.26632,84.59625,86.74864
2022-01-23 12:07:51.010676,84.26632,84.699,86.74864
2022-01-23 12:07:51.504851,83.54475,84.184,86.08135
2022-01-23 12:07:52.003589,84.52377,84.64825,86.08135
2022-01-23 12:07:52.507935,83.90492,84.02925,85.80614
2022-01-23 12:07:53.006763,84.26632,84.751,85.80614
2022-01-23 12:07:53.502808,84.36905,84.59625,85.37447
2022-01-23 12:07:54.002192,83.54475,84.08,85.37447
2022-01-23 12:07:54.507588,84.67848,84.90575,85.80614
2022-01-23 12:07:55.004691,83.64747,84.33875,85.80614
2022-01-23 12:07:55.501666,84.26632,84.54425,86.04176
2022-01-23 12:07:56.010566,84.1636,84.4935,86.04176
2022-01-23 12:07:56.507181,84.00888,84.23475,85.37447
2022-01-23 12:07:57.006501,84.67848,84.85375,85.37447
2022-01-23 12:07:57.505290,83.90492,84.4415,85.84572
2022-01-23 12:07:58.003174,84.05963,84.4935,85.84572
2022-01-23 12:07:58.507958,84.00888,84.64825,85.17843
2022-01-23 12:07:59.007935,84.36905,84.64825,85.17843
2022-01-23 12:07:59.503180,84.05963,84.3895,85.6101
2022-01-23 12:08:00.010761,84.36905,84.751,85.6101
2022-01-23 12:08:00.503510,84.1636,84.28675,85.96354
2022-01-23 12:08:01.003565,83.90492,84.3895,85.96354
2022-01-23 12:08:01.508317,84.73046,84.751,84.94281
2022-01-23 12:08:02.006779,83.59549,84.3895,84.94281
2022-01-23 12:08:02.501702,84.52377,84.803,86.04176
2022-01-23 12:08:03.010437,84.05963,84.54425,86.04176
2022-01-23 12:08:03.505873,84.11161,84.23475,85.53187
2022-01-23 12:08:04.003350,84.36905,84.4415,85.53187
2022-01-23 12:08:04.508320,84.00888,84.54425,85.49229
2022-01-23 12:08:05.004898,84.26632,84.54425,85.49229
2022-01-23 12:08:05.510339,84.11161,84.59625,86.59218
2022-01-23 12:08:06.010774,83.85417,84.23475,86.59218
2022-01-23 12:08:06.509652,84.36905,84.803,85.6101
2022-01-23 12:08:07.008328,84.21434,84.54425,85.6101
2022-01-23 12:08:07.504293,84.42104,84.54425,85.72791
2022-01-23 12:08:08.001481,83.69946,84.02925,85.72791
2022-01-23 12:08:08.507220,84.31831,84.4935,86.15958
2022-01-23 12:08:09.005751,83.9569,84.803,86.15958
2022-01-23 12:08:09.501014,84.21434,84.64825,85.53187
2022-01-23 12:08:10.010389,83.64747,84.184,85.53187
2022-01-23 12:08:10.507184,84.31831,84.3895,85.84572
2022-01-23 12:08:11.003322,84.73046,84.699,85.84572
2022-01-23 12:08:11.509713,84.31831,84.85375,86.08135
2022-01-23 12:08:12.007787,83.85417,84.132,86.08135
2022-01-23 12:08:12.503933,84.05963,84.54425,85.29625
2022-01-23 12:08:13.002166,83.9569,84.3895,85.29625
2022-01-23 12:08:13.507671,84.05963,84.699,85.49229
2022-01-23 12:08:14.007218,84.21434,84.54425,85.49229
2022-01-23 12:08:14.503387,83.9569,83.7705,85.6101
2022-01-23 12:08:15.010394,84.21434,84.23475,85.6101
2022-01-23 12:08:15.506970,84.36905,84.54425,162.50208
2022-01-23 12:08:16.006109,83.80219,84.3895,162.50208
2022-01-23 12:08:17.005099,83.69946,83.97725,239.27718
2022-01-23 12:08:17.510355,84.42104,84.54425,196.86468
2022-01-23 12:08:18.008399,84.11161,84.28675,196.86468
2022-01-23 12:08:18.504014,84.11161,84.33875,122.91708
2022-01-23 12:08:19.002110,84.36905,84.23475,122.91708
2022-01-23 12:08:19.508624,83.85417,84.4935,90.91166
2022-01-23 12:08:20.006668,84.47302,84.90575,90.91166
2022-01-23 12:08:20.502299,83.54475,83.97725,95.58458
2022-01-23 12:08:21.011132,84.57575,84.751,95.58458
2022-01-23 12:08:21.506804,83.54475,83.8745,90.40083
2022-01-23 12:08:22.006219,84.83319,85.0085,90.40083
2022-01-23 12:08:22.509978,83.9569,84.02925,86.67041
2022-01-23 12:08:23.009540,84.26632,84.751,86.67041
2022-01-23 12:08:23.506704,84.11161,84.54425,86.08135
2022-01-23 12:08:24.005167,84.05963,84.64825,86.08135
2022-01-23 12:08:24.510679,84.42104,84.803,86.67041
2022-01-23 12:08:25.009809,83.54475,84.23475,86.67041
2022-01-23 12:08:25.503711,84.62773,84.95775,86.86645
2022-01-23 12:08:26.001712,84.42104,84.4935,86.86645
2022-01-23 12:08:26.507289,84.21434,84.699,86.51301
2022-01-23 12:08:27.005627,84.11161,84.54425,86.51301
2022-01-23 12:08:27.511199,84.1636,84.59625,86.51301
2022-01-23 12:08:28.009746,84.67848,84.751,86.51301
2022-01-23 12:08:28.506783,83.69946,84.184,86.31697
2022-01-23 12:08:29.005841,84.47302,85.0605,86.31697
2022-01-23 12:08:29.502193,83.90492,84.08,85.02104
2022-01-23 12:08:30.003710,84.62773,84.95775,85.02104
2022-01-23 12:08:30.509008,83.85417,84.184,86.27739
2022-01-23 12:08:31.007096,84.47302,84.90575,86.27739
2022-01-23 12:08:31.502767,84.1636,84.3895,85.80614
2022-01-23 12:08:32.001098,84.21434,84.85375,85.80614
2022-01-23 12:08:32.508155,84.05963,84.3895,85.88531
2022-01-23 12:08:33.007804,84.31831,84.54425,85.88531
2022-01-23 12:08:33.504392,84.11161,84.54425,85.57051
2022-01-23 12:08:34.002388,84.57575,84.751,85.57051
2022-01-23 12:08:34.507865,84.05963,84.699,85.21708
2022-01-23 12:08:35.005661,84.11161,84.4415,85.21708
2022-01-23 12:08:35.501135,84.1636,84.54425,85.96354
2022-01-23 12:08:36.009391,84.21434,84.64825,85.96354
2022-01-23 12:08:36.505111,84.26632,84.4935,86.27739
2022-01-23 12:08:37.004254,84.26632,84.59625,86.27739
2022-01-23 12:08:37.510539,83.90492,84.28675,85.68833
2022-01-23 12:08:38.007726,84.31831,84.90575,85.68833
2022-01-23 12:08:38.503720,84.11161,84.54425,85.72791
2022-01-23 12:08:39.003058,84.05963,84.54425,85.72791
2022-01-23 12:08:39.509030,84.11161,84.59625,85.57051
2022-01-23 12:08:40.006879,84.05963,84.4935,85.57051
2022-01-23 12:08:40.502656,84.42104,84.751,85.06062
2022-01-23 12:08:41.011101,84.00888,83.97725,85.06062
2022-01-23 12:08:41.505217,84.36905,85.0085,85.88531
2022-01-23 12:08:42.003762,84.11161,84.28675,85.88531
2022-01-23 12:08:42.508498,84.11161,84.64825,85.84572
2022-01-23 12:08:43.007155,84.42104,84.751,85.84572
2022-01-23 12:08:43.502771,83.59549,84.08,86.23875
2022-01-23 12:08:44.001303,84.62773,85.1125,86.23875
2022-01-23 12:08:44.507654,84.26632,84.23475,86.23875
2022-01-23 12:08:45.006170,83.80219,84.23475,86.23875
2022-01-23 12:08:45.501191,84.36905,84.4935,85.92395
2022-01-23 12:08:46.010381,84.00888,84.3895,85.92395
2022-01-23 12:08:46.509084,84.62773,84.95775,85.53187
2022-01-23 12:08:47.007480,83.28607,83.8225,85.53187
2022-01-23 12:08:47.501333,84.67848,84.751,85.72791
2022-01-23 12:08:48.010330,84.36905,84.33875,85.72791
2022-01-23 12:08:48.505961,84.42104,84.90575,85.64968
2022-01-23 12:08:49.003756,83.90492,84.132,85.64968
2022-01-23 12:08:49.510254,84.1636,84.59625,85.96354
2022-01-23 12:08:50.007364,84.31831,84.59625,85.96354
2022-01-23 12:08:50.501718,84.05963,84.751,85.49229
2022-01-23 12:08:51.010892,84.36905,84.64825,85.49229
2022-01-23 12:08:51.507413,84.05963,84.23475,85.41406
2022-01-23 12:08:52.005892,84.42104,84.90575,85.41406
2022-01-23 12:08:52.501541,84.26632,84.4935,86.00312
2022-01-23 12:08:53.009717,84.00888,84.4935,86.00312
2022-01-23 12:08:53.504571,83.85417,84.23475,85.37447
2022-01-23 12:08:54.003056,84.11161,84.54425,85.37447
2022-01-23 12:08:54.508449,84.31831,84.4935,85.17843
2022-01-23 12:08:55.006675,84.31831,84.699,85.17843
2022-01-23 12:08:55.504844,84.21434,84.64825,86.51301
2022-01-23 12:08:56.001901,84.21434,84.28675,86.51301
2022-01-23 12:08:56.506311,84.47302,84.90575,85.29625
2022-01-23 12:08:57.003952,84.21434,84.4935,85.29625
2022-01-23 12:08:57.507982,83.9569,84.4415,85.96354
2022-01-23 12:08:58.007287,83.85417,84.184,85.96354
2022-01-23 12:08:58.502493,84.11161,84.4415,85.68833
2022-01-23 12:08:59.010479,84.31831,84.803,85.68833
2022-01-23 12:08:59.506486,84.1636,84.3895,85.17843
2022-01-23 12:09:00.005108,84.1636,84.751,85.17843
2022-01-23 12:09:00.501828,83.9569,84.28675,85.53187
2022-01-23 12:09:01.010492,84.47302,84.90575,85.53187
2022-01-23 12:09:01.505341,83.85417,84.23475,86.15958
2022-01-23 12:09:02.003284,84.05963,84.64825,86.15958
2022-01-23 12:09:02.509150,84.05963,84.4935,85.49229
2022-01-23 12:09:03.007113,84.52377,84.90575,85.49229
2022-01-23 12:09:03.503348,84.00888,84.4415,85.4527
2022-01-23 12:09:04.001450,84.11161,84.4935,85.4527
2022-01-23 12:09:04.506896,83.90492,84.3895,85.7675
2022-01-23 12:09:05.004627,84.67848,84.95775,85.7675
2022-01-23 12:09:05.510564,83.39003,83.92525,85.7675
2022-01-23 12:09:06.007549,84.67848,85.0605,85.7675
2022-01-23 12:09:06.502121,84.26632,84.54425,85.68833
2022-01-23 12:09:07.010941,84.21434,84.64825,85.68833
2022-01-23 12:09:07.508326,84.1636,84.4415,85.4527
2022-01-23 12:09:08.007801,83.90492,84.08,85.4527
2022-01-23 12:09:08.503391,84.78245,85.0085,85.84572
2022-01-23 12:09:09.002531,83.69946,84.132,85.84572
2022-01-23 12:09:09.508171,83.9569,84.28675,86.15958
2022-01-23 12:09:10.007300,84.00888,84.23475,86.15958
2022-01-23 12:09:10.501979,84.57575,84.95775,85.29625
2022-01-23 12:09:11.006587,84.42104,84.751,85.29625
2022-01-23 12:09:11.503824,83.59549,83.97725,85.68833
2022-01-23 12:09:12.002615,84.62773,84.85375,85.68833
2022-01-23 12:09:12.510442,83.9569,84.184,85.96354
2022-01-23 12:09:13.007763,84.26632,84.803,85.96354
2022-01-23 12:09:13.503483,83.85417,84.184,85.37447
2022-01-23 12:09:14.001742,84.1636,84.4415,85.37447
2022-01-23 12:09:14.507235,84.21434,84.28675,85.13885
2022-01-23 12:09:15.005201,84.00888,84.64825,85.13885
2022-01-23 12:09:15.510682,84.31831,84.85375,85.53187
2022-01-23 12:09:16.007653,83.80219,83.97725,85.53187
2022-01-23 12:09:16.502603,84.31831,84.751,85.02104
2022-01-23 12:09:17.001155,84.05963,84.64825,85.02104
2022-01-23 12:09:17.507662,84.42104,84.751,85.6101
2022-01-23 12:09:18.006807,84.11161,84.23475,85.6101
2022-01-23 12:09:18.502745,84.00888,84.33875,85.49229
2022-01-23 12:09:19.011044,83.85417,84.184,85.49229
2022-01-23 12:09:19.507787,84.52377,85.0085,85.4527
2022-01-23 12:09:20.006825,83.49276,83.97725,85.4527
2022-01-23 12:09:20.502752,83.9569,84.54425,85.92395
2022-01-23 12:09:21.010957,84.31831,84.803,85.92395
2022-01-23 12:09:21.507862,84.73046,84.699,85.57051
2022-01-23 12:09:22.003672,84.31831,84.699,85.57051
2022-01-23 12:09:22.508863,83.80219,84.3895,85.49229
2022-01-23 12:09:23.006213,84.05963,84.33875,85.49229
2022-01-23 12:09:23.501366,84.36905,84.751,85.72791
2022-01-23 12:09:24.010397,83.59549,84.23475,85.72791
2022-01-23 12:09:24.504946,84.36905,84.90575,85.6101
2022-01-23 12:09:25.003470,84.42104,84.59625,85.6101
2022-01-23 12:09:25.508709,84.36905,84.54425,85.53187
2022-01-23 12:09:26.008201,83.85417,83.8225,85.53187
2022-01-23 12:09:26.503912,84.1636,84.33875,179.58489
2022-01-23 12:09:27.003523,83.9569,84.23475,179.58489
2022-01-23 12:09:27.510928,83.80219,84.184,234.24989
2022-01-23 12:09:28.009885,83.9569,84.33875,234.24989
2022-01-23 12:09:28.502809,84.26632,84.28675,191.99479
2022-01-23 12:09:29.001213,84.21434,84.33875,191.99479
2022-01-23 12:09:29.508446,84.11161,84.28675,116.28093
2022-01-23 12:09:30.007234,83.64747,83.8745,116.28093
2022-01-23 12:09:30.506035,83.90492,84.28675,91.57895
2022-01-23 12:09:31.005080,84.1636,84.54425,91.57895
2022-01-23 12:09:31.511153,84.05963,84.64825,93.11051
2022-01-23 12:09:32.009048,84.21434,84.54425,93.11051
2022-01-23 12:09:32.504472,83.69946,83.8225,87.88812
2022-01-23 12:09:33.001642,85.03989,85.26725,87.88812
2022-01-23 12:09:33.506932,83.7502,84.28675,86.71
2022-01-23 12:09:34.004540,84.78245,85.16325,86.71
2022-01-23 12:09:34.502274,83.23532,83.61575,86.43479
2022-01-23 12:09:35.010959,84.42104,85.0085,86.43479
2022-01-23 12:09:35.506830,83.90492,84.4935,86.31697
2022-01-23 12:09:36.004423,84.31831,84.64825,86.31697
2022-01-23 12:09:36.510970,84.31831,84.23475,86.27739
2022-01-23 12:09:37.010271,84.00888,84.3895,86.27739
2022-01-23 12:09:37.505087,84.52377,84.90575,86.31697
2022-01-23 12:09:38.004663,84.1636,84.4415,86.31697
2022-01-23 12:09:38.510756,84.47302,84.803,86.63083
2022-01-23 12:09:39.009903,83.7502,84.02925,86.63083
2022-01-23 12:09:39.506906,84.00888,84.54425,86.35656
2022-01-23 12:09:40.003559,84.57575,84.751,86.35656
2022-01-23 12:09:40.510351,83.7502,84.184,86.19916
2022-01-23 12:09:41.008398,84.21434,84.59625,86.19916
2022-01-23 12:09:41.504001,84.31831,84.699,85.57051
2022-01-23 12:09:42.002152,84.47302,84.751,85.57051
2022-01-23 12:09:42.507585,83.69946,84.28675,86.08135
2022-01-23 12:09:43.005090,84.36905,84.54425,86.08135
2022-01-23 12:09:43.501755,84.26632,84.3895,85.64968
2022-01-23 12:09:44.009341,84.26632,84.803,85.64968
2022-01-23 12:09:44.504901,83.90492,84.132,85.53187
2022-01-23 12:09:45.002626,83.90492,84.4415,85.53187
2022-01-23 12:09:45.509467,84.42104,84.803,86.00312
2022-01-23 12:09:46.006710,84.26632,84.803,86.00312
2022-01-23 12:09:46.503196,84.21434,84.54425,85.29625
2022-01-23 12:09:47.001411,84.05963,84.3895,85.29625
2022-01-23 12:09:47.507175,84.21434,84.4935,85.53187
2022-01-23 12:09:48.005291,84.52377,84.751,85.53187
2022-01-23 12:09:48.511365,83.9569,84.4415,85.7675
2022-01-23 12:09:49.009351,84.05963,84.59625,85.7675
2022-01-23 12:09:49.506699,84.26632,84.803,85.64968
2022-01-23 12:09:50.004694,84.11161,84.54425,85.64968
2022-01-23 12:09:50.509415,84.21434,84.54425,85.6101
2022-01-23 12:09:51.007605,84.31831,84.699,85.6101
2022-01-23 12:09:51.502454,83.90492,84.184,85.4527
2022-01-23 12:09:52.010457,84.36905,84.803,85.4527
2022-01-23 12:09:52.505119,84.36905,84.59625,85.84572
2022-01-23 12:09:53.002767,83.85417,84.184,85.84572
2022-01-23 12:09:53.508725,84.62773,85.0085,85.7675
2022-01-23 12:09:54.008229,83.7502,84.184,85.7675
2022-01-23 12:09:54.504902,84.67848,84.803,85.41406
2022-01-23 12:09:55.002709,84.1636,84.4935,85.41406
2022-01-23 12:09:55.509359,83.69946,83.8745,85.68833
2022-01-23 12:09:56.007957,84.62773,85.0605,85.68833
2022-01-23 12:09:56.503111,83.85417,84.28675,85.88531
2022-01-23 12:09:57.002753,84.47302,85.0605,85.88531
2022-01-23 12:09:57.509099,83.59549,84.02925,85.80614
2022-01-23 12:09:58.007612,84.31831,84.4415,85.80614
2022-01-23 12:09:58.504354,84.93716,85.0085,85.41406
2022-01-23 12:09:59.002669,84.00888,84.28675,85.41406
2022-01-23 12:09:59.508355,84.47302,84.85375,85.68833
2022-01-23 12:10:00.006562,83.85417,84.28675,85.68833
2022-01-23 12:10:00.504310,84.57575,85.1125,86.31697
2022-01-23 12:10:01.002524,83.33805,83.8745,86.31697
2022-01-23 12:10:01.507405,84.88517,85.26725,85.41406
2022-01-23 12:10:02.006168,84.00888,84.08,85.41406
2022-01-23 12:10:02.504580,84.26632,84.33875,85.84572
2022-01-23 12:10:03.003314,84.36905,84.64825,85.84572
2022-01-23 12:10:03.509820,83.9569,84.184,85.21708
2022-01-23 12:10:04.007666,84.11161,84.699,85.21708
2022-01-23 12:10:04.503081,83.9569,84.54425,86.12093
2022-01-23 12:10:05.001553,84.00888,84.33875,86.12093
2022-01-23 12:10:05.507959,84.21434,84.4415,85.6101
2022-01-23 12:10:06.006965,84.52377,84.59625,85.6101
2022-01-23 12:10:06.504016,84.1636,84.54425,85.37447
2022-01-23 12:10:07.004331,83.9569,84.23475,85.37447
2022-01-23 12:10:07.510473,84.05963,84.4935,85.72791
2022-01-23 12:10:08.009467,84.11161,84.64825,85.72791
2022-01-23 12:10:08.505080,84.11161,84.64825,85.7675
2022-01-23 12:10:09.003779,83.59549,84.02925,85.7675
2022-01-23 12:10:09.509843,84.42104,84.54425,85.37447
2022-01-23 12:10:10.007198,84.21434,84.3895,85.37447
2022-01-23 12:10:10.503377,84.57575,85.0605,85.92395
2022-01-23 12:10:11.007415,83.80219,84.28675,85.92395
2022-01-23 12:10:11.504582,84.00888,84.3895,85.06062
2022-01-23 12:10:12.002747,84.21434,84.699,85.06062
2022-01-23 12:10:12.508805,84.26632,84.803,85.72791
2022-01-23 12:10:13.006604,84.31831,84.4415,85.72791
2022-01-23 12:10:13.502573,84.05963,84.23475,85.6101
2022-01-23 12:10:14.010621,84.52377,84.803,85.6101
2022-01-23 12:10:14.506875,83.9569,84.64825,85.7675
2022-01-23 12:10:15.006278,84.42104,84.95775,85.7675
2022-01-23 12:10:15.502875,83.90492,84.33875,85.88531
2022-01-23 12:10:16.010856,83.59549,84.132,85.88531
2022-01-23 12:10:16.506287,84.62773,84.85375,85.96354
2022-01-23 12:10:17.004730,84.36905,84.59625,85.96354
2022-01-23 12:10:17.509276,83.80219,84.08,85.96354
2022-01-23 12:10:18.007723,84.26632,84.85375,85.96354
2022-01-23 12:10:18.502717,83.7502,84.08,85.29625
2022-01-23 12:10:19.010643,85.14262,85.47275,85.29625
2022-01-23 12:10:19.505103,83.54475,84.23475,86.12093
2022-01-23 12:10:20.004399,84.05963,84.28675,86.12093
2022-01-23 12:10:20.508636,84.26632,84.59625,85.21708
2022-01-23 12:10:21.005687,84.21434,84.4935,85.21708
2022-01-23 12:10:21.510519,84.57575,85.0085,85.49229
2022-01-23 12:10:22.008872,83.7502,84.184,85.49229
2022-01-23 12:10:22.506554,84.11161,84.3895,85.53187
2022-01-23 12:10:23.003752,84.21434,84.699,85.53187
2022-01-23 12:10:23.510768,84.26632,84.59625,86.00312
2022-01-23 12:10:24.009199,83.90492,84.08,86.00312
2022-01-23 12:10:24.506794,84.1636,84.4415,85.25666
2022-01-23 12:10:25.004697,84.31831,84.803,85.25666
2022-01-23 12:10:25.510475,83.59549,83.92525,86.19916
2022-01-23 12:10:26.007901,84.88517,85.1125,86.19916
2022-01-23 12:10:26.503752,83.49276,83.7705,85.21708
2022-01-23 12:10:27.001342,84.31831,84.699,85.21708
2022-01-23 12:10:27.507730,84.21434,84.699,85.41406
2022-01-23 12:10:28.006354,84.36905,84.4935,85.41406
2022-01-23 12:10:28.502245,84.1636,84.59625,85.6101
2022-01-23 12:10:29.010570,83.85417,84.4415,85.6101
2022-01-23 12:10:29.505324,83.90492,84.132,85.80614
2022-01-23 12:10:30.003773,84.47302,84.90575,85.80614
2022-01-23 12:10:30.508760,84.11161,84.3895,85.6101
2022-01-23 12:10:31.006378,83.9569,84.64825,85.6101
2022-01-23 12:10:31.501523,84.31831,84.4415,85.80614
2022-01-23 12:10:32.010414,83.85417,84.132,85.80614
2022-01-23 12:10:32.505447,84.78245,85.318,85.64968
2022-01-23 12:10:33.003875,83.90492,84.33875,85.64968
2022-01-23 12:10:33.502275,83.90492,84.28675,85.68833
2022-01-23 12:10:34.010866,84.1636,84.4415,85.68833
2022-01-23 12:10:34.507871,83.85417,84.54425,84.94281
2022-01-23 12:10:35.006756,84.47302,84.85375,84.94281
2022-01-23 12:10:35.503981,84.26632,84.64825,86.23875
2022-01-23 12:10:36.003923,84.05963,84.33875,86.23875
2022-01-23 12:10:36.510555,84.00888,84.33875,85.41406
2022-01-23 12:10:37.008454,84.52377,84.751,85.41406
2022-01-23 12:10:37.504573,83.90492,84.4415,85.6101
2022-01-23 12:10:38.004564,83.7502,84.3895,85.6101
2022-01-23 12:10:38.509906,84.26632,84.4415,85.53187
2022-01-23 12:10:39.008566,84.11161,84.4415,85.53187
2022-01-23 12:10:39.503398,84.42104,84.59625,86.15958
2022-01-23 12:10:40.002194,84.11161,84.59625,86.15958
2022-01-23 12:10:40.508042,83.64747,83.92525,86.04176
2022-01-23 12:10:41.006104,84.47302,84.751,86.04176
2022-01-23 12:10:41.502180,84.11161,84.803,87.29906
2022-01-23 12:10:42.010674,84.11161,84.3895,87.29906
2022-01-23 12:10:42.507928,84.36905,84.751,85.72791
2022-01-23 12:10:43.007261,83.80219,83.97725,85.72791
2022-01-23 12:10:43.510695,85.14262,85.422,85.72791
2022-01-23 12:10:44.008386,83.54475,83.8745,85.72791
2022-01-23 12:10:44.504784,84.00888,84.33875,86.19916
2022-01-23 12:10:45.002221,83.80219,84.33875,86.19916
2022-01-23 12:10:45.508430,84.36905,84.59625,85.49229
2022-01-23 12:10:46.006744,84.36905,84.751,85.49229
2022-01-23 12:10:46.501191,83.9569,84.132,86.08135
2022-01-23 12:10:47.010536,84.47302,84.85375,86.08135
2022-01-23 12:10:47.505521,83.9569,84.23475,86.35656
2022-01-23 12:10:48.003425,84.67848,84.95775,86.35656
2022-01-23 12:10:48.502177,83.49276,83.8225,85.17843
2022-01-23 12:10:49.010210,84.31831,84.4935,85.17843
2022-01-23 12:10:49.508724,84.05963,84.59625,85.21708
2022-01-23 12:10:50.006298,83.90492,83.97725,85.21708
2022-01-23 12:10:50.501083,84.88517,85.0605,85.57051
2022-01-23 12:10:51.009815,83.80219,84.184,85.57051
2022-01-23 12:10:51.507367,84.42104,84.803,85.96354
2022-01-23 12:10:52.005822,84.05963,84.3895,85.96354
2022-01-23 12:10:52.511187,84.1636,84.64825,86.08135
2022-01-23 12:10:53.008595,83.85417,84.54425,86.08135
2022-01-23 12:10:53.504773,84.05963,84.28675,85.53187
2022-01-23 12:10:54.003963,84.21434,84.54425,85.53187
2022-01-23 12:10:54.509932,84.31831,84.64825,85.84572
2022-01-23 12:10:55.009218,83.90492,84.28675,85.84572
2022-01-23 12:10:55.505109,84.11161,84.59625,85.49229
2022-01-23 12:10:56.004483,84.21434,84.54425,85.49229
2022-01-23 12:10:56.509543,83.7502,84.28675,85.37447
2022-01-23 12:10:57.007452,84.67848,84.90575,85.37447
2022-01-23 12:10:57.502895,83.90492,84.33875,85.96354
2022-01-23 12:10:58.001012,84.26632,84.699,85.96354
2022-01-23 12:10:58.506823,84.36905,84.64825,85.72791
2022-01-23 12:10:59.006394,83.85417,84.132,85.72791
2022-01-23 12:10:59.501093,84.36905,84.4935,85.41406
2022-01-23 12:11:00.009133,83.85417,84.4415,85.41406
2022-01-23 12:11:00.501146,84.21434,84.4415,85.92395
2022-01-23 12:11:01.001710,84.05963,84.33875,85.92395
2022-01-23 12:11:01.507473,84.47302,84.64825,85.68833
2022-01-23 12:11:02.006506,84.11161,84.59625,85.68833
2022-01-23 12:11:02.502289,83.90492,84.28675,84.98145
2022-01-23 12:11:03.010960,84.26632,84.4935,84.98145
2022-01-23 12:11:03.505471,84.26632,84.59625,85.68833
2022-01-23 12:11:04.003232,84.21434,84.3895,85.68833
2022-01-23 12:11:04.511108,84.05963,84.54425,85.84572
2022-01-23 12:11:05.009104,84.00888,84.08,85.84572
2022-01-23 12:11:05.503923,84.57575,84.751,85.29625
2022-01-23 12:11:06.004014,84.05963,84.54425,85.29625
2022-01-23 12:11:06.509973,84.21434,84.59625,85.72791
2022-01-23 12:11:07.007502,84.05963,84.4415,85.72791
2022-01-23 12:11:07.502769,84.26632,84.699,85.4527
2022-01-23 12:11:08.010756,84.52377,85.16325,85.4527
2022-01-23 12:11:08.506210,83.85417,83.92525,85.80614
2022-01-23 12:11:09.004573,84.31831,84.4935,85.80614
2022-01-23 12:11:09.501471,83.90492,84.23475,85.64968
2022-01-23 12:11:10.010024,84.52377,84.90575,85.64968
2022-01-23 12:11:10.505858,83.80219,84.4415,85.4527
2022-01-23 12:11:11.009785,84.31831,84.4415,85.4527
2022-01-23 12:11:11.505569,83.90492,84.64825,85.92395
2022-01-23 12:11:12.003714,84.42104,84.803,85.92395
2022-01-23 12:11:12.509380,84.73046,84.85375,86.59218
2022-01-23 12:11:13.007231,83.90492,84.02925,86.59218
2022-01-23 12:11:13.505813,84.42104,84.64825,85.57051
2022-01-23 12:11:14.005026,83.80219,84.3895,85.57051
2022-01-23 12:11:14.510727,84.52377,84.59625,85.41406
2022-01-23 12:11:15.009627,83.80219,84.4935,85.41406
2022-01-23 12:11:15.505132,84.11161,84.4415,86.15958
2022-01-23 12:11:16.003788,84.26632,84.4935,86.15958
2022-01-23 12:11:16.509294,84.47302,84.751,85.4527
2022-01-23 12:11:17.008133,84.42104,84.64825,85.4527
2022-01-23 12:11:17.503434,83.90492,84.33875,85.7675
2022-01-23 12:11:18.004374,84.26632,84.4935,85.7675
2022-01-23 12:11:18.510529,83.69946,84.33875,85.92395
2022-01-23 12:11:19.009008,84.93716,85.16325,85.92395
2022-01-23 12:11:19.504458,83.49276,83.8225,85.84572
2022-01-23 12:11:20.003620,84.52377,84.54425,85.84572
2022-01-23 12:11:20.509432,84.36905,84.59625,86.00312
2022-01-23 12:11:21.006877,84.00888,84.59625,86.00312
2022-01-23 12:11:21.504280,84.52377,84.85375,86.47437
2022-01-23 12:11:22.003973,83.28607,83.8745,86.47437
2022-01-23 12:11:22.501443,84.42104,84.803,84.90322
2022-01-23 12:11:23.009531,84.00888,84.4935,84.90322
2022-01-23 12:11:23.504774,84.52377,84.54425,85.41406
2022-01-23 12:11:24.002880,84.00888,84.184,85.41406
2022-01-23 12:11:24.508501,84.26632,84.751,84.90322
2022-01-23 12:11:25.006160,84.05963,84.184,84.90322
2022-01-23 12:11:25.511092,84.11161,84.59625,85.88531
2022-01-23 12:11:26.010803,83.90492,84.28675,85.88531
2022-01-23 12:11:26.506824,83.90492,84.699,86.15958
2022-01-23 12:11:27.004635,84.31831,84.3895,86.15958
2022-01-23 12:11:27.509935,84.36905,84.54425,85.80614
2022-01-23 12:11:28.008195,84.47302,84.90575,85.80614
2022-01-23 12:11:28.502536,83.9569,84.23475,86.43479
2022-01-23 12:11:29.010903,84.11161,84.4935,86.43479
2022-01-23 12:11:29.506458,83.90492,84.184,85.6101
2022-01-23 12:11:30.006648,84.26632,85.0085,85.6101
2022-01-23 12:11:30.510917,83.9569,84.4415,85.25666
2022-01-23 12:11:31.009784,84.11161,84.132,85.25666
2022-01-23 12:11:31.506398,84.47302,84.751,85.6101
2022-01-23 12:11:32.004041,84.26632,84.59625,85.6101
2022-01-23 12:11:32.509653,84.78245,85.1125,85.92395
2022-01-23 12:11:33.007872,83.90492,84.08,85.92395
2022-01-23 12:11:33.502236,83.85417,84.59625,85.41406
2022-01-23 12:11:34.009315,84.31831,84.4935,85.41406
2022-01-23 12:11:34.505488,84.42104,84.699,85.57051
2022-01-23 12:11:35.003882,84.05963,84.4935,85.57051
2022-01-23 12:11:35.509216,83.80219,84.08,85.37447
2022-01-23 12:11:36.008003,83.90492,84.54425,85.37447
2022-01-23 12:11:36.503064,84.36905,84.4935,85.25666
2022-01-23 12:11:37.001413,84.42104,85.16325,85.25666
2022-01-23 12:11:37.506439,84.00888,84.23475,86.15958
2022-01-23 12:11:38.004166,83.9569,84.132,86.15958
2022-01-23 12:11:38.509797,84.31831,84.64825,85.80614
2022-01-23 12:11:39.007967,84.52377,84.59625,85.80614
2022-01-23 12:11:39.502861,84.11161,84.59625,85.6101
2022-01-23 12:11:40.000950,83.90492,84.33875,85.6101
2022-01-23 12:11:40.507339,84.11161,84.699,85.13885
2022-01-23 12:11:41.006718,84.67848,85.0085,85.13885
2022-01-23 12:11:41.501662,83.85417,84.28675,85.68833
2022-01-23 12:11:42.010125,84.26632,84.4415,85.68833
2022-01-23 12:11:42.503284,84.00888,84.132,86.00312
2022-01-23 12:11:43.001150,84.1636,84.59625,86.00312
2022-01-23 12:11:43.506734,84.73046,84.85375,86.08135
2022-01-23 12:11:44.004119,83.33805,83.92525,86.08135
2022-01-23 12:11:44.510053,84.31831,84.54425,85.49229
2022-01-23 12:11:45.007277,83.85417,84.33875,85.49229
2022-01-23 12:11:45.502132,84.42104,84.699,85.33489
2022-01-23 12:11:46.010829,84.31831,84.4935,85.33489
2022-01-23 12:11:46.505835,83.90492,84.28675,84.86364
2022-01-23 12:11:47.003984,84.1636,84.184,84.86364
2022-01-23 12:11:47.510898,84.11161,84.699,86.04176
2022-01-23 12:11:48.009293,84.05963,84.4415,86.04176
2022-01-23 12:11:48.504124,83.64747,84.08,86.12093
2022-01-23 12:11:49.002316,84.1636,84.132,86.12093
2022-01-23 12:11:49.510400,84.31831,84.3895,239.31583
2022-01-23 12:11:50.007643,84.36905,84.59625,239.31583
2022-01-23 12:11:50.502691,83.69946,83.8745,220.545
2022-01-23 12:11:51.009169,84.00888,84.699,220.545
2022-01-23 12:11:51.504148,83.69946,83.8745,150.99604
2022-01-23 12:11:52.003024,84.11161,84.699,150.99604
2022-01-23 12:11:52.508452,84.57575,84.699,91.46114
2022-01-23 12:11:53.005951,83.59549,83.92525,91.46114
2022-01-23 12:11:53.502985,84.52377,84.803,93.1501
2022-01-23 12:11:54.010851,83.54475,83.513,93.1501
2022-01-23 12:11:54.506884,85.03989,85.37,87.96635
2022-01-23 12:11:55.006395,83.33805,83.66775,87.96635
2022-01-23 12:11:55.501002,84.31831,84.95775,86.59218
2022-01-23 12:11:56.009765,83.80219,84.08,86.59218
2022-01-23 12:11:56.505081,84.21434,84.64825,86.23875
2022-01-23 12:11:57.004127,84.26632,84.64825,86.23875
2022-01-23 12:11:57.509991,84.42104,84.751,86.08135
2022-01-23 12:11:58.009715,83.7502,84.28675,86.08135
2022-01-23 12:11:58.504153,84.31831,84.4415,86.67041
2022-01-23 12:11:59.003474,84.36905,84.90575,86.67041
2022-01-23 12:11:59.509788,84.00888,84.28675,86.67041
2022-01-23 12:12:00.007300,83.9569,84.64825,86.67041
2022-01-23 12:12:00.510924,84.00888,84.132,87.02385
2022-01-23 12:12:01.009898,84.88517,84.90575,87.02385
2022-01-23 12:12:01.504384,84.00888,84.699,85.6101
2022-01-23 12:12:02.003907,84.11161,84.4935,85.6101
2022-01-23 12:12:02.509570,84.1636,84.751,85.80614
2022-01-23 12:12:03.007801,83.85417,84.184,85.80614
2022-01-23 12:12:03.503282,84.42104,85.0605,85.4527
2022-01-23 12:12:04.010921,83.9569,84.28675,85.4527
2022-01-23 12:12:04.506299,84.36905,84.3895,85.84572
2022-01-23 12:12:05.004670,84.11161,84.4415,85.84572
2022-01-23 12:12:05.511177,84.36905,84.699,86.12093
2022-01-23 12:12:06.010336,84.05963,84.803,86.12093
2022-01-23 12:12:06.507292,84.36905,84.54425,85.88531
2022-01-23 12:12:07.005483,83.54475,84.184,85.88531
2022-01-23 12:12:07.502421,84.57575,85.0605,85.6101
2022-01-23 12:12:08.010004,84.31831,84.4415,85.6101
2022-01-23 12:12:08.505812,83.9569,84.3895,85.64968
2022-01-23 12:12:09.009741,84.42104,84.64825,85.64968
2022-01-23 12:12:09.504762,83.64747,84.184,85.68833
2022-01-23 12:12:10.002913,84.62773,84.95775,85.68833
2022-01-23 12:12:10.507607,83.54475,84.184,85.92395
2022-01-23 12:12:11.003295,84.26632,84.64825,85.92395
2022-01-23 12:12:11.510763,84.05963,84.23475,85.37447
2022-01-23 12:12:12.007988,84.31831,84.64825,85.37447
2022-01-23 12:12:12.503364,84.36905,84.59625,86.19916
2022-01-23 12:12:13.002436,83.9569,84.54425,86.19916
2022-01-23 12:12:13.508610,84.05963,84.4415,85.92395
2022-01-23 12:12:14.006272,84.26632,84.699,85.92395
2022-01-23 12:12:14.511133,84.31831,84.4415,85.49229
2022-01-23 12:12:15.009689,84.05963,84.4415,85.49229
2022-01-23 12:12:15.507615,84.11161,84.4415,86.00312
2022-01-23 12:12:16.006138,84.31831,84.3895,86.00312
2022-01-23 12:12:16.502017,83.9569,84.751,85.88531
2022-01-23 12:12:17.010157,84.31831,84.4935,85.88531
2022-01-23 12:12:17.506765,84.00888,84.3895,86.27739
2022-01-23 12:12:18.006582,84.1636,84.699,86.27739
2022-01-23 12:12:18.502433,84.21434,84.4415,85.37447
2022-01-23 12:12:19.009609,84.31831,84.4935,85.37447
2022-01-23 12:12:19.505892,83.90492,84.08,85.92395
2022-01-23 12:12:20.005545,84.05963,84.699,85.92395
2022-01-23 12:12:20.502854,84.1636,84.64825,85.13885
2022-01-23 12:12:21.002223,83.90492,84.33875,85.13885
2022-01-23 12:12:21.508391,84.00888,84.28675,85.7675
2022-01-23 12:12:22.007147,84.11161,84.751,85.7675
2022-01-23 12:12:22.504143,83.85417,84.08,85.57051
2022-01-23 12:12:23.002736,84.83319,84.90575,85.57051
2022-01-23 12:12:23.509463,83.7502,84.23475,85.33489
2022-01-23 12:12:24.008286,84.36905,84.64825,85.33489
2022-01-23 12:12:24.503826,84.1636,84.64825,86.08135
2022-01-23 12:12:25.002930,84.1636,84.4415,86.08135
2022-01-23 12:12:25.509280,84.00888,84.4935,85.88531
2022-01-23 12:12:26.007927,84.21434,84.699,85.88531
2022-01-23 12:12:26.502640,84.05963,84.23475,85.6101
2022-01-23 12:12:27.010916,84.36905,84.85375,85.6101
2022-01-23 12:12:27.505158,84.00888,84.3895,85.92395
2022-01-23 12:12:28.003108,84.31831,84.803,85.92395
2022-01-23 12:12:28.508860,84.21434,84.4935,85.84572
2022-01-23 12:12:29.006905,83.44078,83.97725,85.84572
2022-01-23 12:12:29.503100,84.67848,84.95775,84.94281
2022-01-23 12:12:30.001326,84.1636,84.4935,84.94281
2022-01-23 12:12:30.507281,84.31831,84.751,85.7675
2022-01-23 12:12:31.006778,84.11161,84.184,85.7675
2022-01-23 12:12:31.501769,84.05963,84.54425,85.4527
2022-01-23 12:12:32.010305,84.62773,85.0605,85.4527
2022-01-23 12:12:32.504504,83.80219,84.08,86.00312
2022-01-23 12:12:33.003974,84.47302,84.95775,86.00312
2022-01-23 12:12:33.501761,83.64747,83.92525,85.92395
2022-01-23 12:12:34.009836,84.57575,85.0605,85.92395
2022-01-23 12:12:34.505966,84.57575,84.64825,85.02104
2022-01-23 12:12:35.003845,83.59549,84.08,85.02104
2022-01-23 12:12:35.507798,84.73046,85.0085,85.72791
2022-01-23 12:12:36.006575,83.7502,84.184,85.72791
2022-01-23 12:12:36.502382,84.57575,85.0605,85.17843
2022-01-23 12:12:37.001402,83.69946,84.184,85.17843
2022-01-23 12:12:37.501848,84.26632,84.59625,86.04176
2022-01-23 12:12:38.009853,84.1636,84.3895,86.04176
2022-01-23 12:12:38.505862,84.62773,85.1125,85.96354
2022-01-23 12:12:39.003758,84.00888,84.23475,85.96354
2022-01-23 12:12:39.510483,84.00888,84.4415,85.41406
2022-01-23 12:12:40.009843,84.31831,84.59625,85.41406
2022-01-23 12:12:40.507373,83.90492,84.4415,85.49229
2022-01-23 12:12:41.005460,84.57575,85.0605,85.49229
2022-01-23 12:12:41.511187,84.11161,84.28675,86.3952
2022-01-23 12:12:42.010969,84.11161,84.59625,86.3952
2022-01-23 12:12:42.506804,84.36905,84.751,84.94281
2022-01-23 12:12:43.005870,84.11161,84.699,84.94281
2022-01-23 12:12:43.510731,84.1636,84.4415,85.88531
2022-01-23 12:12:44.010074,83.69946,84.23475,85.88531
2022-01-23 12:12:44.505543,84.11161,84.3895,85.4527
2022-01-23 12:12:45.003860,84.62773,84.803,85.4527
2022-01-23 12:12:45.510664,84.11161,84.4935,85.68833
2022-01-23 12:12:46.009713,83.85417,84.02925,85.68833
2022-01-23 12:12:46.507925,84.57575,85.1125,85.68833
2022-01-23 12:12:47.008049,83.85417,84.28675,85.68833
2022-01-23 12:12:47.502767,84.26632,84.803,85.7675
2022-01-23 12:12:48.003433,84.1636,84.54425,85.7675
2022-01-23 12:12:48.508898,83.90492,84.02925,84.70718
2022-01-23 12:12:49.006360,84.26632,84.59625,84.70718
2022-01-23 12:12:49.502132,84.26632,84.3895,85.84572
2022-01-23 12:12:50.010826,84.1636,84.59625,85.84572
2022-01-23 12:12:50.507161,84.05963,84.3895,85.57051
2022-01-23 12:12:51.006418,83.85417,84.23475,85.57051
2022-01-23 12:12:51.501929,84.11161,84.4935,85.17843
2022-01-23 12:12:52.010679,84.36905,84.59625,85.17843
2022-01-23 12:12:52.505322,84.31831,84.64825,86.08135
2022-01-23 12:12:53.003288,83.85417,84.02925,86.08135
2022-01-23 12:12:53.508792,83.85417,84.33875,85.21708
2022-01-23 12:12:54.006722,84.78245,85.21525,85.21708
2022-01-23 12:12:54.501563,83.80219,83.97725,85.33489
2022-01-23 12:12:55.010840,84.57575,84.90575,85.33489
2022-01-23 12:12:55.509470,83.23532,83.513,86.15958
2022-01-23 12:12:56.006994,84.83319,85.26725,86.15958
2022-01-23 12:12:56.501366,84.26632,84.28675,85.57051
2022-01-23 12:12:57.010787,84.05963,84.803,85.57051
2022-01-23 12:12:57.508006,84.21434,84.59625,85.21708
2022-01-23 12:12:58.006845,83.9569,84.23475,85.21708
2022-01-23 12:12:58.502385,84.47302,85.0085,85.53187
2022-01-23 12:12:59.505042,84.00888,84.33875,85.64968
2022-01-23 12:13:00.003076,84.31831,84.28675,85.64968
2022-01-23 12:13:00.509983,84.00888,84.3895,85.96354
2022-01-23 12:13:01.006346,84.62773,84.90575,85.96354
2022-01-23 12:13:01.504536,83.7502,84.33875,86.5526
2022-01-23 12:13:02.002582,84.31831,84.54425,86.5526
2022-01-23 12:13:02.506738,83.59549,84.132,85.13885
2022-01-23 12:13:03.007348,84.78245,85.37,85.13885
2022-01-23 12:13:03.501790,84.05963,84.28675,85.68833
2022-01-23 12:13:04.007391,84.26632,84.4935,85.68833
2022-01-23 12:13:04.502326,83.80219,83.92525,85.25666
2022-01-23 12:13:05.010807,84.26632,84.64825,85.25666
2022-01-23 12:13:05.506808,84.21434,84.59625,85.21708
2022-01-23 12:13:06.004467,83.64747,84.08,85.21708
2022-01-23 12:13:06.510145,84.21434,84.699,85.41406
2022-01-23 12:13:07.008213,84.11161,84.3895,85.41406
2022-01-23 12:13:07.504042,84.1636,84.59625,85.92395
2022-01-23 12:13:08.002395,84.26632,84.4935,85.92395
2022-01-23 12:13:08.508765,84.00888,84.3895,84.94281
2022-01-23 12:13:09.008127,83.90492,84.132,84.94281
2022-01-23 12:13:09.503313,84.42104,84.90575,85.4527
2022-01-23 12:13:10.001474,83.80219,84.28675,85.4527
2022-01-23 12:13:10.507459,84.00888,84.59625,84.98145
2022-01-23 12:13:11.001187,84.1636,84.54425,84.98145
2022-01-23 12:13:11.507031,84.11161,84.33875,86.59218
2022-01-23 12:13:12.004363,84.31831,84.95775,86.59218
2022-01-23 12:13:12.509284,84.36905,84.699,85.84572
2022-01-23 12:13:13.008015,83.7502,84.08,85.84572
2022-01-23 12:13:13.504592,84.21434,84.803,85.4527
2022-01-23 12:13:14.002469,83.59549,84.184,85.4527
2022-01-23 12:13:14.508227,84.62773,84.803,86.00312
2022-01-23 12:13:15.006641,84.00888,84.23475,86.00312
2022-01-23 12:13:15.502645,84.00888,84.3895,85.25666
2022-01-23 12:13:16.001102,84.57575,84.90575,85.25666
2022-01-23 12:13:16.506474,84.36905,84.59625,85.29625
2022-01-23 12:13:17.006875,84.00888,84.59625,85.29625
2022-01-23 12:13:17.503685,83.7502,84.3895,85.84572
2022-01-23 12:13:18.002970,84.1636,84.4415,85.84572
2022-01-23 12:13:18.510014,84.62773,84.59625,85.68833
2022-01-23 12:13:19.008351,84.21434,84.4935,85.68833
2022-01-23 12:13:19.503430,84.26632,84.59625,85.53187
2022-01-23 12:13:20.001134,83.69946,83.97725,85.53187
2022-01-23 12:13:20.505377,84.62773,85.1125,86.31697
2022-01-23 12:13:21.003700,83.49276,84.184,86.31697
2022-01-23 12:13:21.508615,84.73046,85.1125,85.57051
2022-01-23 12:13:22.005507,84.31831,84.54425,85.57051
2022-01-23 12:13:22.502481,84.00888,84.28675,85.72791
2022-01-23 12:13:23.001702,84.57575,84.90575,85.72791
2022-01-23 12:13:23.508179,84.1636,84.59625,86.12093
2022-01-23 12:13:24.009050,84.00888,84.4935,86.12093
2022-01-23 12:13:24.503140,83.85417,84.3895,85.37447
2022-01-23 12:13:25.001434,83.90492,84.28675,85.37447
2022-01-23 12:13:25.508024,84.31831,84.3895,85.6101
2022-01-23 12:13:26.006999,84.36905,84.699,85.6101
2022-01-23 12:13:27.005037,84.1636,84.699,85.64968
2022-01-23 12:13:27.503071,84.62773,85.0605,84.94281
2022-01-23 12:13:28.001674,83.80219,84.184,84.94281
2022-01-23 12:13:28.507119,84.36905,84.751,85.88531
2022-01-23 12:13:29.005739,84.00888,84.23475,85.88531
2022-01-23 12:13:29.510315,84.26632,84.54425,86.31697
2022-01-23 12:13:30.010249,84.21434,84.4415,86.31697
2022-01-23 12:13:30.506279,83.7502,84.184,85.68833
2022-01-23 12:13:31.003821,84.00888,84.3895,85.68833
2022-01-23 12:13:31.510713,84.42104,84.90575,85.49229
2022-01-23 12:13:32.010262,83.9569,84.33875,85.49229
2022-01-23 12:13:32.507325,84.05963,84.3895,85.37447
2022-01-23 12:13:33.006891,84.62773,84.751,85.37447
2022-01-23 12:13:33.503685,84.05963,84.184,85.57051
2022-01-23 12:13:34.001157,84.52377,84.90575,85.57051
2022-01-23 12:13:34.506768,83.85417,84.28675,86.08135
2022-01-23 12:13:35.003992,83.9569,84.28675,86.08135
2022-01-23 12:13:35.501071,84.47302,84.90575,86.04176
2022-01-23 12:13:36.009571,83.80219,84.4415,86.04176
2022-01-23 12:13:36.506293,84.31831,84.4415,85.6101
2022-01-23 12:13:37.004647,84.57575,84.751,85.6101
2022-01-23 12:13:37.502692,83.69946,83.97725,85.49229
2022-01-23 12:13:38.504281,83.90492,84.23475,85.21708
2022-01-23 12:13:39.002778,84.26632,84.803,85.21708
2022-01-23 12:13:39.508240,83.85417,84.33875,86.47437
2022-01-23 12:13:40.006309,84.1636,84.54425,86.47437
2022-01-23 12:13:40.501666,84.73046,84.90575,86.04176
2022-01-23 12:13:41.008520,83.90492,84.132,86.04176
2022-01-23 12:13:41.503064,84.26632,84.54425,85.68833
2022-01-23 12:13:42.001607,83.7502,84.02925,85.68833
2022-01-23 12:13:42.506659,84.42104,85.0085,85.68833
2022-01-23 12:13:43.004837,83.59549,84.08,85.68833
2022-01-23 12:13:43.510435,84.26632,84.54425,85.68833
2022-01-23 12:13:44.008212,84.47302,84.64825,85.68833
2022-01-23 12:13:44.503052,84.11161,84.4935,85.33489
2022-01-23 12:13:45.001177,84.88517,85.16325,85.33489
2022-01-23 12:13:45.507514,83.59549,83.92525,86.31697
2022-01-23 12:13:46.005695,84.31831,84.64825,86.31697
2022-01-23 12:13:46.502391,83.69946,84.28675,85.57051
2022-01-23 12:13:47.009653,84.00888,84.4935,85.57051
2022-01-23 12:13:47.506581,84.26632,84.64825,85.21708
2022-01-23 12:13:48.004218,84.1636,84.4415,85.21708
2022-01-23 12:13:48.510858,84.42104,84.4935,85.49229
2022-01-23 12:13:49.008057,83.85417,84.132,85.49229
2022-01-23 12:13:49.502905,84.73046,85.0085,85.29625
2022-01-23 12:13:50.002177,83.80219,84.132,85.29625
2022-01-23 12:13:50.508924,84.26632,84.64825,86.12093
2022-01-23 12:13:51.007957,83.49276,84.02925,86.12093
2022-01-23 12:13:51.503685,84.52377,84.803,86.43479
2022-01-23 12:13:52.002753,84.21434,84.3895,86.43479
2022-01-23 12:13:52.508324,84.11161,84.4935,85.17843
2022-01-23 12:13:53.007038,84.31831,84.4935,85.17843
2022-01-23 12:13:53.502827,84.11161,84.4935,85.17843
2022-01-23 12:13:54.010774,84.52377,85.0085,85.17843
2022-01-23 12:13:54.506782,83.64747,84.23475,85.72791
2022-01-23 12:13:55.005509,84.1636,84.4415,85.72791
2022-01-23 12:13:55.502928,84.1636,84.4415,86.47437
2022-01-23 12:13:56.002722,84.57575,84.90575,86.47437
2022-01-23 12:13:56.507519,84.1636,84.64825,85.84572
2022-01-23 12:13:57.005917,83.85417,84.28675,85.84572
2022-01-23 12:13:57.502365,84.42104,84.699,86.19916
2022-01-23 12:13:58.009725,83.59549,84.184,86.19916
2022-01-23 12:13:58.504764,84.88517,85.1125,86.31697
2022-01-23 12:13:59.003722,83.69946,84.08,86.31697
2022-01-23 12:13:59.501187,84.26632,84.3895,85.80614
2022-01-23 12:14:00.009321,84.31831,84.85375,85.80614
2022-01-23 12:14:00.504833,84.00888,84.59625,85.72791
2022-01-23 12:14:01.004802,84.57575,84.85375,85.72791
2022-01-23 12:14:01.509653,83.33805,83.8225,85.72791
2022-01-23 12:14:02.009890,84.05963,84.28675,85.72791
2022-01-23 12:14:02.510710,84.47302,84.751,85.37447
2022-01-23 12:14:03.001148,83.85417,84.08,85.37447
2022-01-23 12:14:03.508515,84.67848,84.95775,85.57051
2022-01-23 12:14:04.006740,83.85417,84.184,85.57051
2022-01-23 12:14:04.503444,84.1636,84.803,85.37447
2022-01-23 12:14:05.010705,84.42104,84.90575,85.37447
2022-01-23 12:14:05.510306,84.31831,84.4935,86.08135
2022-01-23 12:14:06.006645,83.90492,84.4415,86.08135
2022-01-23 12:14:06.502852,84.05963,84.23475,85.41406
2022-01-23 12:14:07.001544,84.62773,85.0085,85.41406
2022-01-23 12:14:07.508038,83.49276,83.8225,85.84572
2022-01-23 12:14:08.008181,84.67848,85.16325,85.84572
2022-01-23 12:14:08.503335,83.59549,83.8745,86.5526
2022-01-23 12:14:09.002949,84.21434,84.64825,86.5526
2022-01-23 12:14:09.508197,84.05963,84.64825,85.37447
2022-01-23 12:14:10.005812,84.26632,84.132,85.37447
2022-01-23 12:14:10.502006,84.00888,84.184,85.72791
2022-01-23 12:14:11.006351,83.13135,83.461,85.72791
2022-01-23 12:14:11.501877,84.78245,85.16325,231.73718
2022-01-23 12:14:12.010088,83.59549,83.7705,231.73718
2022-01-23 12:14:12.507861,84.1636,84.4415,227.61375
2022-01-23 12:14:13.007207,83.85417,84.28675,227.61375
2022-01-23 12:14:13.503964,84.11161,84.23475,184.92604
2022-01-23 12:14:14.003260,84.78245,84.85375,184.92604
2022-01-23 12:14:14.508471,83.69946,83.92525,115.65229
2022-01-23 12:14:15.006057,84.57575,84.95775,115.65229
2022-01-23 12:14:15.501230,83.23532,83.66775,91.69676
2022-01-23 12:14:16.009753,84.67848,84.95775,91.69676
2022-01-23 12:14:16.508056,83.44078,84.02925,91.61854
2022-01-23 12:14:17.006635,84.26632,84.59625,91.61854
2022-01-23 12:14:17.503247,84.00888,84.08,89.3801
2022-01-23 12:14:18.002607,84.36905,84.54425,89.3801
2022-01-23 12:14:18.506645,84.21434,84.751,86.67041
2022-01-23 12:14:19.009100,84.26632,84.64825,86.67041
2022-01-23 12:14:19.502995,83.90492,84.184,86.78822
2022-01-23 12:14:20.010526,83.80219,84.184,86.78822
2022-01-23 12:14:20.506569,84.62773,85.0605,86.15958
2022-01-23 12:14:21.004742,83.85417,84.28675,86.15958
2022-01-23 12:14:21.510643,84.78245,85.1125,85.92395
2022-01-23 12:14:22.009466,83.69946,84.132,85.92395
2022-01-23 12:14:22.504374,84.31831,84.699,85.92395
2022-01-23 12:14:23.003094,84.26632,84.54425,85.92395
2022-01-23 12:14:23.508656,83.9569,84.4935,86.59218
2022-01-23 12:14:24.006305,84.31831,84.64825,86.59218
2022-01-23 12:14:24.501773,83.59549,84.23475,85.57051
2022-01-23 12:14:25.009408,84.78245,85.16325,85.57051
2022-01-23 12:14:25.506888,84.42104,84.751,86.63083
2022-01-23 12:14:26.006355,83.7502,84.33875,86.63083
2022-01-23 12:14:26.502816,84.26632,84.4415,85.88531
2022-01-23 12:14:27.010496,84.26632,84.751,85.88531
2022-01-23 12:14:27.506874,84.1636,84.699,85.53187
2022-01-23 12:14:28.004987,83.59549,84.132,85.53187
2022-01-23 12:14:28.510047,84.31831,84.64825,84.94281
2022-01-23 12:14:29.008126,84.1636,84.59625,84.94281
2022-01-23 12:14:29.504270,84.47302,84.90575,85.92395
2022-01-23 12:14:30.003274,84.21434,84.4415,85.92395
2022-01-23 12:14:30.509064,84.00888,84.4415,85.68833
2022-01-23 12:14:31.007109,84.21434,84.64825,85.68833
2022-01-23 12:14:31.503457,83.9569,84.59625,85.37447
2022-01-23 12:14:32.001677,84.05963,83.97725,85.37447
2022-01-23 12:14:32.506828,84.36905,84.751,85.57051
2022-01-23 12:14:33.005426,83.85417,84.28675,85.57051
2022-01-23 12:14:33.509543,84.36905,84.751,85.92395
2022-01-23 12:14:34.007741,84.00888,84.33875,85.92395
2022-01-23 12:14:34.503783,84.57575,84.803,86.31697
2022-01-23 12:14:35.002532,83.80219,84.3895,86.31697
2022-01-23 12:14:35.508531,84.1636,84.28675,86.43479
2022-01-23 12:14:36.007241,84.36905,84.751,86.43479
2022-01-23 12:14:36.501826,84.26632,84.4415,85.53187
2022-01-23 12:14:37.010651,84.47302,84.751,85.53187
2022-01-23 12:14:37.505689,83.64747,84.132,85.02104
2022-01-23 12:14:38.003393,84.36905,84.59625,85.02104
2022-01-23 12:14:38.508474,83.90492,84.59625,85.7675
2022-01-23 12:14:39.008297,84.57575,84.64825,85.7675
2022-01-23 12:14:39.503170,84.05963,84.4935,85.49229
2022-01-23 12:14:40.011096,84.00888,84.3895,85.49229
2022-01-23 12:14:40.506283,84.52377,84.85375,85.49229
2022-01-23 12:14:41.004019,84.00888,84.4415,85.49229
2022-01-23 12:14:41.510411,84.05963,84.28675,85.92395
2022-01-23 12:14:42.008780,84.11161,84.59625,85.92395
2022-01-23 12:14:42.504550,83.9569,84.33875,85.72791
2022-01-23 12:14:43.003139,84.00888,84.59625,85.72791
2022-01-23 12:14:43.509282,84.78245,84.95775,85.37447
2022-01-23 12:14:44.007267,84.00888,84.33875,85.37447
2022-01-23 12:14:44.502712,84.26632,84.699,85.53187
2022-01-23 12:14:45.010691,84.1636,84.59625,85.53187
2022-01-23 12:14:45.506012,84.05963,84.3895,85.7675
2022-01-23 12:14:46.004151,84.42104,84.59625,85.7675
2022-01-23 12:14:46.509474,83.49276,84.3895,85.92395
2022-01-23 12:14:47.008503,84.47302,84.751,85.92395
2022-01-23 12:14:47.503712,84.36905,84.59625,85.37447
2022-01-23 12:14:48.003656,84.1636,84.4935,85.37447
2022-01-23 12:14:48.509548,84.00888,84.4415,85.7675
2022-01-23 12:14:49.007459,84.1636,84.59625,85.7675
2022-01-23 12:14:49.502716,84.47302,84.751,86.04176
2022-01-23 12:14:50.010322,83.85417,84.4415,86.04176
2022-01-23 12:14:50.504874,84.05963,84.23475,85.68833
2022-01-23 12:14:51.003130,84.62773,84.803,85.68833
2022-01-23 12:14:51.510251,84.42104,84.59625,85.33489
2022-01-23 12:14:52.007630,84.26632,84.59625,85.33489
2022-01-23 12:14:52.503991,83.69946,84.23475,85.37447
2022-01-23 12:14:53.002001,84.26632,84.4415,85.37447
2022-01-23 12:14:53.507640,83.9569,84.699,85.96354
2022-01-23 12:14:54.006677,84.21434,84.4935,85.96354
2022-01-23 12:14:54.501987,84.26632,84.4935,85.4527
2022-01-23 12:14:55.010205,84.00888,84.184,85.4527
2022-01-23 12:14:55.505399,84.52377,84.803,85.96354
2022-01-23 12:14:56.003904,83.90492,84.33875,85.96354
2022-01-23 12:14:56.509120,83.9569,84.132,85.53187
2022-01-23 12:14:57.008973,84.00888,84.54425,85.53187
2022-01-23 12:14:57.504342,84.00888,84.23475,85.41406
2022-01-23 12:14:58.003341,84.52377,85.21525,85.41406
2022-01-23 12:14:58.510353,83.7502,83.8745,85.72791
2022-01-23 12:14:59.006779,84.88517,85.0605,85.72791
2022-01-23 12:14:59.501178,83.85417,84.184,85.84572
2022-01-23 12:15:00.008830,84.21434,84.4935,85.84572
2022-01-23 12:15:00.503350,84.21434,84.803,85.7675
2022-01-23 12:15:01.002044,84.00888,84.184,85.7675
2022-01-23 12:15:01.506753,84.00888,84.699,85.49229
2022-01-23 12:15:02.003450,84.00888,84.23475,85.49229
2022-01-23 12:15:02.509386,84.73046,85.0605,86.04176
2022-01-23 12:15:03.008033,83.69946,84.132,86.04176
2022-01-23 12:15:03.504235,84.42104,84.54425,86.71
2022-01-23 12:15:04.002316,83.85417,84.184,86.71
2022-01-23 12:15:04.506775,84.21434,84.699,86.00312
2022-01-23 12:15:05.004720,83.85417,84.4415,86.00312
2022-01-23 12:15:05.502711,84.1636,84.23475,85.84572
2022-01-23 12:15:06.002634,84.1636,84.28675,85.84572
2022-01-23 12:15:06.508580,84.36905,84.85375,85.49229
2022-01-23 12:15:07.005845,84.05963,84.4415,85.49229
2022-01-23 12:15:07.501935,83.90492,84.23475,85.6101
2022-01-23 12:15:08.011027,84.62773,84.90575,85.6101
2022-01-23 12:15:08.506005,83.33805,84.23475,85.25666
2022-01-23 12:15:09.005123,84.42104,84.85375,85.25666
2022-01-23 12:15:09.510746,84.1636,84.184,86.08135
2022-01-23 12:15:10.010532,84.05963,84.28675,86.08135
2022-01-23 12:15:10.505293,84.47302,84.699,85.64968
2022-01-23 12:15:11.010273,83.64747,84.23475,85.64968
2022-01-23 12:15:11.507571,84.83319,85.1125,85.06062
2022-01-23 12:15:12.005787,83.80219,84.3895,85.06062
2022-01-23 12:15:12.501751,84.21434,84.59625,85.57051
2022-01-23 12:15:13.009533,84.11161,84.28675,85.57051
2022-01-23 12:15:13.505540,84.47302,84.85375,86.19916
2022-01-23 12:15:14.004009,84.11161,84.3895,86.19916
2022-01-23 12:15:14.501841,84.1636,84.59625,85.96354
2022-01-23 12:15:15.010373,83.7502,84.02925,85.96354
2022-01-23 12:15:15.506393,84.42104,85.1125,85.49229
2022-01-23 12:15:16.003954,84.42104,84.699,85.49229
2022-01-23 12:15:16.509743,84.11161,84.54425,85.57051
2022-01-23 12:15:17.007127,83.9569,84.184,85.57051
2022-01-23 12:15:17.502746,84.42104,84.699,85.68833
2022-01-23 12:15:18.002357,83.90492,84.4935,85.68833
2022-01-23 12:15:18.511141,84.36905,84.64825,85.33489
2022-01-23 12:15:19.010580,83.9569,84.4935,85.33489
2022-01-23 12:15:19.509160,84.21434,84.23475,86.27739
2022-01-23 12:15:20.006781,84.26632,84.751,86.27739
2022-01-23 12:15:20.502343,84.42104,84.59625,85.72791
2022-01-23 12:15:21.010769,84.52377,84.4935,85.72791
2022-01-23 12:15:21.506389,83.23532,83.565,85.33489
2022-01-23 12:15:22.006488,83.59549,83.66775,85.33489
2022-01-23 12:15:22.511000,85.14262,85.7315,236.68531
2022-01-23 12:15:23.009153,83.7502,84.02925,236.68531
2022-01-23 12:15:23.505738,83.64747,84.132,222.70426
2022-01-23 12:15:24.004175,83.9569,83.92525,222.70426
2022-01-23 12:15:24.510452,84.83319,84.95775,175.65843
2022-01-23 12:15:25.007785,83.90492,84.184,175.65843
2022-01-23 12:15:25.504479,84.00888,84.08,109.91906
2022-01-23 12:15:26.002423,83.59549,84.02925,109.91906
2022-01-23 12:15:26.507235,84.31831,84.4935,91.22551
2022-01-23 12:15:27.005001,84.26632,84.95775,91.22551
2022-01-23 12:15:27.503227,83.69946,83.71975,96.84187
2022-01-23 12:15:28.001241,84.67848,84.4935,96.84187
2022-01-23 12:15:28.507158,83.64747,83.97725,87.57333
2022-01-23 12:15:29.006311,84.73046,85.0605,87.57333
2022-01-23 12:15:29.501415,83.54475,84.132,86.31697
2022-01-23 12:15:30.010054,84.52377,84.59625,86.31697
2022-01-23 12:15:30.505553,83.69946,84.3895,85.80614
2022-01-23 12:15:31.003864,84.47302,84.803,85.80614
2022-01-23 12:15:31.510325,84.1636,84.4415,86.74864
2022-01-23 12:15:32.010365,84.42104,84.699,86.74864
2022-01-23 12:15:32.506825,84.36905,84.4935,86.19916
2022-01-23 12:15:33.004992,83.64747,84.33875,86.19916
2022-01-23 12:15:33.510114,84.36905,84.751,85.64968
2022-01-23 12:15:34.009139,83.64747,84.184,85.64968
2022-01-23 12:15:34.503843,84.67848,85.0605,86.08135
2022-01-23 12:15:35.001933,83.64747,83.97725,86.08135
2022-01-23 12:15:35.506760,84.57575,84.95775,86.35656
2022-01-23 12:15:36.006317,84.1636,84.33875,86.35656
2022-01-23 12:15:36.501785,84.1636,84.54425,85.96354
2022-01-23 12:15:37.008336,84.1636,84.4935,85.96354
2022-01-23 12:15:37.507409,83.7502,84.33875,85.09926
2022-01-23 12:15:38.005093,84.36905,84.803,85.09926
2022-01-23 12:15:38.501625,83.90492,84.4935,85.80614
2022-01-23 12:15:39.010908,84.62773,84.699,85.80614
2022-01-23 12:15:39.506354,84.1636,84.132,85.72791
2022-01-23 12:15:40.004063,84.42104,85.0085,85.72791
2022-01-23 12:15:40.510558,84.21434,84.28675,85.88531
2022-01-23 12:15:41.008123,84.21434,84.751,85.88531
2022-01-23 12:15:41.505869,83.9569,84.08,85.13885
2022-01-23 12:15:42.005098,83.7502,84.3895,85.13885
2022-01-23 12:15:42.510786,84.62773,84.90575,85.6101
2022-01-23 12:15:43.008911,84.31831,84.28675,85.6101
2022-01-23 12:15:43.503906,84.31831,84.90575,85.96354
2022-01-23 12:15:44.002244,83.7502,84.02925,85.96354
2022-01-23 12:15:44.507246,83.9569,84.4935,85.4527
2022-01-23 12:15:45.005040,84.57575,84.90575,85.4527
2022-01-23 12:15:45.502912,83.64747,84.33875,85.84572
2022-01-23 12:15:46.003026,83.85417,84.08,85.84572
2022-01-23 12:15:46.509889,84.26632,84.59625,85.17843
2022-01-23 12:15:47.008029,84.26632,84.54425,85.17843
2022-01-23 12:15:47.504528,84.42104,84.64825,86.04176
2022-01-23 12:15:48.002832,83.69946,84.3895,86.04176
2022-01-23 12:15:48.509686,84.11161,84.33875,85.57051
2022-01-23 12:15:49.008341,84.36905,84.751,85.57051
2022-01-23 12:15:49.503691,84.05963,84.3895,86.3952
2022-01-23 12:15:50.003016,84.1636,84.3895,86.3952
2022-01-23 12:15:50.510646,84.21434,84.4415,85.72791
2022-01-23 12:15:51.010825,84.31831,84.59625,85.72791
