時間,回転１,回転２,回転３
2022-01-23 19:00:00.006622,0.0,0.0,0.0
2022-01-23 19:00:00.505100,0.0,0.0,0.0
2022-01-23 19:00:01.001521,0.0,0.0,0.0
2022-01-23 19:00:01.505357,0.0,0.0,0.0
2022-01-23 19:00:02.007608,0.0,0.0,0.0
2022-01-23 19:00:02.502364,0.0,0.0,0.0
2022-01-23 19:00:03.010689,0.0,0.0,0.0
2022-01-23 19:00:03.505885,0.0,0.0,0.0
2022-01-23 19:00:04.003731,0.0,0.0,0.0
2022-01-23 19:00:04.509899,0.0,0.0,0.0
2022-01-23 19:00:05.006683,0.0,0.0,0.0
2022-01-23 19:00:05.503863,0.0,0.0,0.0
2022-01-23 19:00:06.002237,0.0,0.0,0.0
2022-01-23 19:00:06.508809,0.0,0.0,0.0
2022-01-23 19:00:07.007008,0.0,0.0,0.0
2022-01-23 19:00:07.501680,0.0,0.0,0.0
2022-01-23 19:00:08.010252,0.0,0.0,0.0
2022-01-23 19:00:08.506626,0.0,0.0,0.0
2022-01-23 19:00:09.004132,0.0,0.0,0.0
2022-01-23 19:00:09.509994,0.0,0.0,0.0
2022-01-23 19:00:10.008252,0.0,0.0,0.0
2022-01-23 19:00:10.503678,0.0,0.0,0.0
2022-01-23 19:00:11.008754,0.0,0.0,0.0
2022-01-23 19:00:11.504685,0.0,0.0,0.0
2022-01-23 19:00:12.002677,0.0,0.0,0.0
2022-01-23 19:00:12.508448,0.0,0.0,0.0
2022-01-23 19:00:13.006663,0.0,0.0,0.0
2022-01-23 19:00:13.502569,0.0,0.0,0.0
2022-01-23 19:00:14.001130,0.0,0.0,0.0
2022-01-23 19:00:14.506795,0.0,0.0,0.0
2022-01-23 19:00:15.006048,0.0,0.0,0.0
2022-01-23 19:00:15.501674,0.0,0.0,0.0
2022-01-23 19:00:16.010433,0.0,0.0,0.0
2022-01-23 19:00:16.504564,0.0,0.0,0.0
2022-01-23 19:00:17.002462,0.0,0.0,0.0
2022-01-23 19:00:17.510214,0.0,0.0,0.0
2022-01-23 19:00:18.007987,0.0,0.0,0.0
2022-01-23 19:00:18.503170,0.0,0.0,0.0
2022-01-23 19:00:19.001109,0.0,0.0,0.0
2022-01-23 19:00:19.508392,0.0,0.0,0.0
2022-01-23 19:00:20.008509,0.0,0.0,0.0
2022-01-23 19:00:20.505829,0.0,0.0,0.0
2022-01-23 19:00:21.004422,0.0,0.0,0.0
2022-01-23 19:00:21.510786,0.0,0.0,0.0
2022-01-23 19:00:22.009737,0.0,0.0,0.0
2022-01-23 19:00:22.504939,0.0,0.0,0.0
2022-01-23 19:00:23.002741,0.0,0.0,0.0
2022-01-23 19:00:23.509323,0.0,0.0,0.0
2022-01-23 19:00:24.006743,0.0,0.0,0.0
2022-01-23 19:00:24.501754,0.0,0.0,0.0
2022-01-23 19:00:25.010692,0.0,0.0,0.0
2022-01-23 19:00:25.507141,0.0,0.0,0.0
2022-01-23 19:00:26.005060,0.0,0.0,0.0
2022-01-23 19:00:26.510362,0.0,0.0,0.0
2022-01-23 19:00:27.009180,0.0,0.0,0.0
2022-01-23 19:00:27.505672,0.0,0.0,0.0
2022-01-23 19:00:28.004382,0.0,0.0,0.0
2022-01-23 19:00:29.004787,0.0,0.0,0.0
2022-01-23 19:00:29.510380,0.0,0.0,0.0
2022-01-23 19:00:30.008158,0.0,0.0,0.0
2022-01-23 19:00:30.503707,0.0,0.0,0.0
2022-01-23 19:00:31.002616,0.0,0.0,0.0
2022-01-23 19:00:31.508623,0.0,0.0,0.0
2022-01-23 19:00:32.006537,0.0,0.0,0.0
2022-01-23 19:00:32.502485,0.0,0.0,0.0
2022-01-23 19:00:33.010717,0.0,0.0,0.0
2022-01-23 19:00:33.506072,0.0,0.0,0.0
2022-01-23 19:00:34.003430,0.0,0.0,0.0
2022-01-23 19:00:34.501064,0.0,0.0,0.0
2022-01-23 19:00:35.010503,0.0,0.0,0.0
2022-01-23 19:00:35.506316,0.0,0.0,0.0
2022-01-23 19:00:36.005420,0.0,0.0,0.0
2022-01-23 19:00:36.510740,0.0,0.0,0.0
2022-01-23 19:00:37.008766,0.0,0.0,0.0
2022-01-23 19:00:37.503217,0.0,0.0,0.0
2022-01-23 19:00:38.002784,0.0,0.0,0.0
2022-01-23 19:00:38.507498,0.0,0.0,0.0
2022-01-23 19:00:39.006202,0.0,0.0,0.0
2022-01-23 19:00:39.502209,0.0,0.0,0.0
2022-01-23 19:00:40.010329,0.0,0.0,0.0
2022-01-23 19:00:40.505206,0.0,0.0,0.0
2022-01-23 19:00:41.003621,0.0,0.0,0.0
2022-01-23 19:00:41.510689,0.0,0.0,0.0
2022-01-23 19:00:42.009073,0.0,0.0,0.0
2022-01-23 19:00:42.505630,0.0,0.0,0.0
2022-01-23 19:00:43.004471,0.0,0.0,0.0
2022-01-23 19:00:43.510360,0.0,0.0,0.0
2022-01-23 19:00:44.008659,0.0,0.0,0.0
2022-01-23 19:00:44.504280,0.0,0.0,0.0
2022-01-23 19:00:45.004225,0.0,0.0,0.0
2022-01-23 19:00:45.508954,0.0,0.0,0.0
2022-01-23 19:00:46.005549,0.0,0.0,0.0
2022-01-23 19:00:46.501539,0.0,0.0,0.0
2022-01-23 19:00:47.010801,0.0,0.0,0.0
2022-01-23 19:00:47.506710,0.0,0.0,0.0
2022-01-23 19:00:48.004364,0.0,0.0,0.0
2022-01-23 19:00:48.503354,0.0,0.0,0.0
2022-01-23 19:00:49.001436,0.0,0.0,0.0
2022-01-23 19:00:49.509029,0.0,0.0,0.0
2022-01-23 19:00:50.007495,0.0,0.0,0.0
2022-01-23 19:00:50.501648,0.0,0.0,0.0
2022-01-23 19:00:51.010014,0.0,0.0,0.0
2022-01-23 19:00:51.506413,0.0,0.0,0.0
2022-01-23 19:00:52.004468,0.0,0.0,0.0
2022-01-23 19:00:52.501740,0.0,0.0,0.0
2022-01-23 19:00:53.011212,0.0,0.0,0.0
2022-01-23 19:00:53.505078,0.0,0.0,0.0
2022-01-23 19:00:54.002966,0.0,0.0,0.0
2022-01-23 19:00:54.508360,0.0,0.0,0.0
2022-01-23 19:00:55.005815,0.0,0.0,0.0
2022-01-23 19:00:55.501796,0.0,0.0,0.0
2022-01-23 19:00:56.010249,0.0,0.0,0.0
2022-01-23 19:00:56.506444,0.0,0.0,0.0
2022-01-23 19:00:57.005105,0.0,0.0,0.0
2022-01-23 19:00:58.006115,0.0,0.0,0.0
2022-01-23 19:00:58.502795,0.0,0.0,0.0
2022-01-23 19:00:59.011141,0.0,0.0,0.0
2022-01-23 19:00:59.505312,0.0,0.0,0.0
2022-01-23 19:01:00.003528,0.0,0.0,0.0
2022-01-23 19:01:00.505382,0.0,0.0,0.0
2022-01-23 19:01:01.003792,0.0,0.0,0.0
2022-01-23 19:01:01.509921,0.0,0.0,0.0
2022-01-23 19:01:02.007201,0.0,0.0,0.0
2022-01-23 19:01:02.503140,0.0,0.0,0.0
2022-01-23 19:01:03.001567,0.0,0.0,0.0
2022-01-23 19:01:03.508326,0.0,0.0,0.0
2022-01-23 19:01:04.006675,0.0,0.0,0.0
2022-01-23 19:01:04.502565,0.0,0.0,0.0
2022-01-23 19:01:05.009719,0.0,0.0,0.0
2022-01-23 19:01:05.505321,0.0,0.0,0.0
2022-01-23 19:01:06.002631,0.0,0.0,0.0
2022-01-23 19:01:06.508971,0.0,0.0,0.0
2022-01-23 19:01:07.007860,0.0,0.0,0.0
2022-01-23 19:01:07.503596,0.0,0.0,0.0
2022-01-23 19:01:08.003956,0.0,0.0,0.0
2022-01-23 19:01:08.510314,0.0,0.0,0.0
2022-01-23 19:01:09.009941,0.0,0.0,0.0
2022-01-23 19:01:09.507703,0.0,0.0,0.0
2022-01-23 19:01:10.007304,0.0,0.0,0.0
2022-01-23 19:01:10.504284,0.0,0.0,0.0
2022-01-23 19:01:11.010516,0.0,0.0,0.0
2022-01-23 19:01:11.506402,0.0,0.0,0.0
2022-01-23 19:01:12.005095,0.0,0.0,0.0
2022-01-23 19:01:12.510671,0.0,0.0,0.0
2022-01-23 19:01:13.009921,0.0,0.0,0.0
2022-01-23 19:01:13.507054,0.0,0.0,0.0
2022-01-23 19:01:14.005006,0.0,0.0,0.0
2022-01-23 19:01:14.510830,0.0,0.0,0.0
2022-01-23 19:01:15.009845,0.0,0.0,0.0
2022-01-23 19:01:15.507205,0.0,0.0,0.0
2022-01-23 19:01:16.006179,0.0,0.0,0.0
2022-01-23 19:01:16.501084,0.0,0.0,0.0
2022-01-23 19:01:17.009092,0.0,0.0,0.0
2022-01-23 19:01:17.506345,0.0,0.0,0.0
2022-01-23 19:01:18.001101,0.0,0.0,0.0
2022-01-23 19:01:18.506399,0.0,0.0,0.0
2022-01-23 19:01:19.004815,0.0,0.0,0.0
2022-01-23 19:01:19.510622,0.0,0.0,0.0
2022-01-23 19:01:20.008947,0.0,0.0,0.0
2022-01-23 19:01:20.504605,0.0,0.0,0.0
2022-01-23 19:01:21.003283,0.0,0.0,0.0
2022-01-23 19:01:21.508645,0.0,0.0,0.0
2022-01-23 19:01:22.007177,0.0,0.0,0.0
2022-01-23 19:01:22.504632,0.0,0.0,0.0
2022-01-23 19:01:23.002758,0.0,0.0,0.0
2022-01-23 19:01:23.508334,0.0,0.0,0.0
2022-01-23 19:01:24.007929,0.0,0.0,0.0
2022-01-23 19:01:24.502764,0.0,0.0,0.0
2022-01-23 19:01:25.010666,0.0,0.0,0.0
2022-01-23 19:01:25.505113,0.0,0.0,0.0
2022-01-23 19:01:26.004416,0.0,0.0,0.0
2022-01-23 19:01:26.509526,0.0,0.0,0.0
2022-01-23 19:01:27.008022,0.0,0.0,0.0
2022-01-23 19:01:27.504704,0.0,0.0,0.0
2022-01-23 19:01:28.001971,0.0,0.0,0.0
2022-01-23 19:01:28.508708,0.0,0.0,0.0
2022-01-23 19:01:29.006364,0.0,0.0,0.0
2022-01-23 19:01:29.510802,0.0,0.0,0.0
2022-01-23 19:01:30.008248,0.0,0.0,0.0
2022-01-23 19:01:30.503142,0.0,0.0,0.0
2022-01-23 19:01:31.001306,0.0,0.0,0.0
2022-01-23 19:01:31.505611,0.0,0.0,0.0
2022-01-23 19:01:32.004600,0.0,0.0,0.0
2022-01-23 19:01:32.504050,0.0,0.0,0.0
2022-01-23 19:01:33.002069,0.0,0.0,0.0
2022-01-23 19:01:33.507247,0.0,0.0,0.0
2022-01-23 19:01:34.003884,0.0,0.0,0.0
2022-01-23 19:01:34.509036,0.0,0.0,0.0
2022-01-23 19:01:35.007168,0.0,0.0,0.0
2022-01-23 19:01:35.504023,0.0,0.0,0.0
2022-01-23 19:01:36.003885,0.0,0.0,0.0
2022-01-23 19:01:36.509111,0.0,0.0,0.0
2022-01-23 19:01:37.008682,0.0,0.0,0.0
2022-01-23 19:01:37.504498,0.0,0.0,0.0
2022-01-23 19:01:38.003152,0.0,0.0,0.0
2022-01-23 19:01:38.508919,0.0,0.0,0.0
2022-01-23 19:01:39.006712,0.0,0.0,0.0
2022-01-23 19:01:39.502878,0.0,0.0,0.0
2022-01-23 19:01:40.010823,0.0,0.0,0.0
2022-01-23 19:01:40.506055,0.0,0.0,0.0
2022-01-23 19:01:41.003810,0.0,0.0,0.0
2022-01-23 19:01:41.510708,0.0,0.0,0.0
2022-01-23 19:01:42.008995,0.0,0.0,0.0
2022-01-23 19:01:42.505901,0.0,0.0,0.0
2022-01-23 19:01:43.004043,0.0,0.0,0.0
2022-01-23 19:01:43.509355,0.0,0.0,0.0
2022-01-23 19:01:44.007918,0.0,0.0,0.0
2022-01-23 19:01:44.503354,0.0,0.0,0.0
2022-01-23 19:01:45.003047,0.0,0.0,0.0
2022-01-23 19:01:45.508572,0.0,0.0,0.0
2022-01-23 19:01:46.004455,0.0,0.0,0.0
2022-01-23 19:01:46.509318,0.0,0.0,0.0
2022-01-23 19:01:47.007093,0.0,0.0,0.0
2022-01-23 19:01:47.502787,0.0,0.0,0.0
2022-01-23 19:01:48.010407,0.0,0.0,0.0
2022-01-23 19:01:48.506327,0.0,0.0,0.0
2022-01-23 19:01:49.003442,0.0,0.0,0.0
2022-01-23 19:01:50.005033,0.0,0.0,0.0
2022-01-23 19:01:50.502167,0.0,0.0,0.0
2022-01-23 19:01:51.011019,0.0,0.0,0.0
2022-01-23 19:01:51.508124,0.0,0.0,0.0
2022-01-23 19:01:52.006310,0.0,0.0,0.0
2022-01-23 19:01:52.502192,0.0,0.0,0.0
2022-01-23 19:01:53.011023,0.0,0.0,0.0
2022-01-23 19:01:53.506775,0.0,0.0,0.0
2022-01-23 19:01:54.005410,0.0,0.0,0.0
2022-01-23 19:01:54.510633,0.0,0.0,0.0
2022-01-23 19:01:55.009827,0.0,0.0,0.0
2022-01-23 19:01:55.505429,0.0,0.0,0.0
2022-01-23 19:01:56.003474,0.0,0.0,0.0
2022-01-23 19:01:56.507863,0.0,0.0,0.0
2022-01-23 19:01:57.007046,0.0,0.0,0.0
2022-01-23 19:01:57.502807,0.0,0.0,0.0
2022-01-23 19:01:58.011172,0.0,0.0,0.0
2022-01-23 19:01:58.506963,0.0,0.0,0.0
2022-01-23 19:01:59.004722,0.0,0.0,0.0
2022-01-23 19:01:59.509772,0.0,0.0,0.0
2022-01-23 19:02:00.007901,0.0,0.0,0.0
2022-01-23 19:02:00.505059,0.0,0.0,0.0
2022-01-23 19:02:01.003016,0.0,0.0,0.0
2022-01-23 19:02:01.510062,0.0,0.0,0.0
2022-01-23 19:02:02.008322,0.0,0.0,0.0
2022-01-23 19:02:02.504121,0.0,0.0,0.0
2022-01-23 19:02:03.002737,0.0,0.0,0.0
2022-01-23 19:02:03.507992,0.0,0.0,0.0
2022-01-23 19:02:04.006143,0.0,0.0,0.0
2022-01-23 19:02:04.510721,0.0,0.0,0.0
2022-01-23 19:02:05.008414,0.0,0.0,0.0
2022-01-23 19:02:05.504130,0.0,0.0,0.0
2022-01-23 19:02:06.002500,0.0,0.0,0.0
2022-01-23 19:02:06.507516,0.0,0.0,0.0
2022-01-23 19:02:07.005661,0.0,0.0,0.0
2022-01-23 19:02:07.511271,0.0,0.0,0.0
2022-01-23 19:02:08.009679,0.0,0.0,0.0
2022-01-23 19:02:08.506624,0.0,0.0,0.0
2022-01-23 19:02:09.003235,0.0,0.0,0.0
2022-01-23 19:02:09.508863,0.0,0.0,0.0
2022-01-23 19:02:10.006827,0.0,0.0,0.0
2022-01-23 19:02:10.504535,0.0,0.0,0.0
2022-01-23 19:02:11.008897,0.0,0.0,0.0
2022-01-23 19:02:11.503996,0.0,0.0,0.0
2022-01-23 19:02:12.002947,0.0,0.0,0.0
2022-01-23 19:02:12.509248,0.0,0.0,0.0
2022-01-23 19:02:13.007449,0.0,0.0,0.0
2022-01-23 19:02:13.503263,0.0,0.0,0.0
2022-01-23 19:02:14.005993,0.0,0.0,0.0
2022-01-23 19:02:14.502945,0.0,0.0,0.0
2022-01-23 19:02:15.002537,0.0,0.0,0.0
2022-01-23 19:02:15.507451,0.0,0.0,0.0
2022-01-23 19:02:16.005520,0.0,0.0,0.0
2022-01-23 19:02:16.502733,0.0,0.0,0.0
2022-01-23 19:02:17.011103,0.0,0.0,0.0
2022-01-23 19:02:17.507846,0.0,0.0,0.0
2022-01-23 19:02:18.006416,0.0,0.0,0.0
2022-01-23 19:02:18.501509,0.0,0.0,0.0
2022-01-23 19:02:19.010392,0.0,0.0,0.0
2022-01-23 19:02:19.505332,0.0,0.0,0.0
2022-01-23 19:02:20.003276,0.0,0.0,0.0
2022-01-23 19:02:20.501325,0.0,0.0,0.0
2022-01-23 19:02:21.010188,0.0,0.0,0.0
2022-01-23 19:02:21.505009,0.0,0.0,0.0
2022-01-23 19:02:22.002372,0.0,0.0,0.0
2022-01-23 19:02:22.507881,0.0,0.0,0.0
2022-01-23 19:02:23.007487,0.0,0.0,0.0
2022-01-23 19:02:23.503780,0.0,0.0,0.0
2022-01-23 19:02:24.002035,0.0,0.0,0.0
2022-01-23 19:02:24.508676,0.0,0.0,0.0
2022-01-23 19:02:25.006962,0.0,0.0,0.0
2022-01-23 19:02:25.502905,0.0,0.0,0.0
2022-01-23 19:02:26.010706,0.0,0.0,0.0
2022-01-23 19:02:26.505943,0.0,0.0,0.0
2022-01-23 19:02:27.002690,0.0,0.0,0.0
2022-01-23 19:02:27.510370,0.0,0.0,0.0
2022-01-23 19:02:28.007729,0.0,0.0,0.0
2022-01-23 19:02:28.504758,0.0,0.0,0.0
2022-01-23 19:02:29.004061,0.0,0.0,0.0
2022-01-23 19:02:29.509995,0.0,0.0,0.0
2022-01-23 19:02:30.008399,0.0,0.0,0.0
2022-01-23 19:02:30.504448,0.0,0.0,0.0
2022-01-23 19:02:31.004384,0.0,0.0,0.0
2022-01-23 19:02:31.501189,0.0,0.0,0.0
2022-01-23 19:02:32.010204,0.0,0.0,0.0
2022-01-23 19:02:32.505049,0.0,0.0,0.0
2022-01-23 19:02:33.003983,0.0,0.0,0.0
2022-01-23 19:02:33.510333,0.0,0.0,0.0
2022-01-23 19:02:34.008085,0.0,0.0,0.0
2022-01-23 19:02:34.505377,0.0,0.0,0.0
2022-01-23 19:02:35.003348,0.0,0.0,0.0
2022-01-23 19:02:35.508212,0.0,0.0,0.0
2022-01-23 19:02:36.006402,0.0,0.0,0.0
2022-01-23 19:02:36.501500,0.0,0.0,0.0
2022-01-23 19:02:37.009438,0.0,0.0,0.0
2022-01-23 19:02:37.505244,0.0,0.0,0.0
2022-01-23 19:02:38.003311,0.0,0.0,0.0
2022-01-23 19:02:38.510233,0.0,0.0,0.0
2022-01-23 19:02:39.008407,0.0,0.0,0.0
2022-01-23 19:02:39.504253,0.0,0.0,0.0
2022-01-23 19:02:40.002042,0.0,0.0,0.0
2022-01-23 19:02:40.508140,0.0,0.0,0.0
2022-01-23 19:02:41.006535,0.0,0.0,0.0
2022-01-23 19:02:41.506304,0.0,0.0,0.0
2022-01-23 19:02:42.002738,0.0,0.0,0.0
2022-01-23 19:02:42.508561,0.0,0.0,0.0
2022-01-23 19:02:43.006431,0.0,0.0,0.0
2022-01-23 19:02:43.501824,0.0,0.0,0.0
2022-01-23 19:02:44.009959,0.0,0.0,0.0
2022-01-23 19:02:44.504525,0.0,0.0,0.0
2022-01-23 19:02:45.004813,0.0,0.0,0.0
2022-01-23 19:02:45.501212,0.0,0.0,0.0
2022-01-23 19:02:46.009123,0.0,0.0,0.0
2022-01-23 19:02:46.503355,0.0,0.0,0.0
2022-01-23 19:02:47.505745,0.0,0.0,0.0
2022-01-23 19:02:48.003246,0.0,0.0,0.0
2022-01-23 19:02:48.508380,0.0,0.0,0.0
2022-01-23 19:02:49.008033,0.0,0.0,0.0
2022-01-23 19:02:49.504083,0.0,0.0,0.0
2022-01-23 19:02:50.003567,0.0,0.0,0.0
2022-01-23 19:02:50.510336,0.0,0.0,0.0
2022-01-23 19:02:51.009054,0.0,0.0,0.0
2022-01-23 19:02:51.504409,0.0,0.0,0.0
2022-01-23 19:02:52.002181,0.0,0.0,0.0
2022-01-23 19:02:52.508472,0.0,0.0,0.0
2022-01-23 19:02:53.008346,0.0,0.0,0.0
2022-01-23 19:02:53.504443,0.0,0.0,0.0
2022-01-23 19:02:54.002882,0.0,0.0,0.0
2022-01-23 19:02:54.508595,0.0,0.0,0.0
2022-01-23 19:02:55.007136,0.0,0.0,0.0
2022-01-23 19:02:55.505333,0.0,0.0,0.0
2022-01-23 19:02:56.003497,0.0,0.0,0.0
2022-01-23 19:02:56.511425,0.0,0.0,0.0
2022-01-23 19:02:57.010075,0.0,0.0,0.0
2022-01-23 19:02:57.506591,0.0,0.0,0.0
2022-01-23 19:02:58.004153,0.0,0.0,0.0
2022-01-23 19:02:58.510329,0.0,0.0,0.0
2022-01-23 19:02:59.009036,0.0,0.0,0.0
2022-01-23 19:02:59.504489,0.0,0.0,0.0
2022-01-23 19:03:00.002488,0.0,0.0,0.0
2022-01-23 19:03:00.507804,0.0,0.0,0.0
2022-01-23 19:03:01.006426,0.0,0.0,0.0
2022-01-23 19:03:01.502729,0.0,0.0,0.0
2022-01-23 19:03:02.002984,0.0,0.0,0.0
2022-01-23 19:03:02.509019,0.0,0.0,0.0
2022-01-23 19:03:03.007405,0.0,0.0,0.0
2022-01-23 19:03:03.504051,0.0,0.0,0.0
2022-01-23 19:03:04.002510,0.0,0.0,0.0
2022-01-23 19:03:04.509176,0.0,0.0,0.0
2022-01-23 19:03:05.006630,0.0,0.0,0.0
2022-01-23 19:03:05.502412,0.0,0.0,0.0
2022-01-23 19:03:06.000969,0.0,0.0,0.0
2022-01-23 19:03:06.507437,0.0,0.0,0.0
2022-01-23 19:03:07.005259,0.0,0.0,0.0
2022-01-23 19:03:07.501338,0.0,0.0,0.0
2022-01-23 19:03:08.009987,0.0,0.0,0.0
2022-01-23 19:03:08.507016,0.0,0.0,0.0
2022-01-23 19:03:09.004099,0.0,0.0,0.0
2022-01-23 19:03:09.509536,0.0,0.0,0.0
2022-01-23 19:03:10.007546,0.0,0.0,0.0
2022-01-23 19:03:10.501962,0.0,0.0,0.0
2022-01-23 19:03:11.005270,0.0,0.0,0.0
2022-01-23 19:03:11.501993,0.0,0.0,0.0
2022-01-23 19:03:12.010692,0.0,0.0,0.0
2022-01-23 19:03:12.506281,0.0,0.0,0.0
2022-01-23 19:03:13.003294,0.0,0.0,0.0
2022-01-23 19:03:13.508144,0.0,0.0,0.0
2022-01-23 19:03:14.006812,0.0,0.0,0.0
2022-01-23 19:03:14.501551,0.0,0.0,0.0
2022-01-23 19:03:15.010011,0.0,0.0,0.0
2022-01-23 19:03:15.509102,0.0,0.0,0.0
2022-01-23 19:03:16.007353,0.0,0.0,0.0
2022-01-23 19:03:16.502167,0.0,0.0,0.0
2022-01-23 19:03:17.010339,0.0,0.0,0.0
2022-01-23 19:03:17.506704,0.0,0.0,0.0
2022-01-23 19:03:18.004409,0.0,0.0,0.0
2022-01-23 19:03:18.510339,0.0,0.0,0.0
2022-01-23 19:03:19.011075,0.0,0.0,0.0
2022-01-23 19:03:19.506498,0.0,0.0,0.0
2022-01-23 19:03:20.004993,0.0,0.0,0.0
2022-01-23 19:03:20.501214,0.0,0.0,0.0
2022-01-23 19:03:21.010100,0.0,0.0,0.0
2022-01-23 19:03:21.506972,0.0,0.0,0.0
2022-01-23 19:03:22.005183,0.0,0.0,0.0
2022-01-23 19:03:22.501666,0.0,0.0,0.0
2022-01-23 19:03:23.010781,0.0,0.0,0.0
2022-01-23 19:03:23.505673,0.0,0.0,0.0
2022-01-23 19:03:24.004737,0.0,0.0,0.0
2022-01-23 19:03:24.510823,0.0,0.0,0.0
2022-01-23 19:03:25.008152,0.0,0.0,0.0
2022-01-23 19:03:25.505562,0.0,0.0,0.0
2022-01-23 19:03:26.005004,0.0,0.0,0.0
2022-01-23 19:03:26.510364,0.0,0.0,0.0
2022-01-23 19:03:27.008756,0.0,0.0,0.0
2022-01-23 19:03:27.504083,0.0,0.0,0.0
2022-01-23 19:03:28.001136,0.0,0.0,0.0
2022-01-23 19:03:28.506340,0.0,0.0,0.0
2022-01-23 19:03:29.004530,0.0,0.0,0.0
2022-01-23 19:03:29.509992,0.0,0.0,0.0
2022-01-23 19:03:30.007219,0.0,0.0,0.0
2022-01-23 19:03:30.503270,0.0,0.0,0.0
2022-01-23 19:03:31.002710,0.0,0.0,0.0
2022-01-23 19:03:31.507918,0.0,0.0,0.0
2022-01-23 19:03:32.006313,0.0,0.0,0.0
2022-01-23 19:03:32.503958,0.0,0.0,0.0
2022-01-23 19:03:33.001571,0.0,0.0,0.0
2022-01-23 19:03:33.506270,0.0,0.0,0.0
2022-01-23 19:03:34.003886,0.0,0.0,0.0
2022-01-23 19:03:34.510605,0.0,0.0,0.0
2022-01-23 19:03:35.010439,0.0,0.0,0.0
2022-01-23 19:03:35.505660,0.0,0.0,0.0
2022-01-23 19:03:36.003396,0.0,0.0,0.0
2022-01-23 19:03:36.509104,0.0,0.0,0.0
2022-01-23 19:03:37.007695,0.0,0.0,0.0
2022-01-23 19:03:37.503695,0.0,0.0,0.0
2022-01-23 19:03:38.002283,0.0,0.0,0.0
2022-01-23 19:03:38.506805,0.0,0.0,0.0
2022-01-23 19:03:39.006755,0.0,0.0,0.0
2022-01-23 19:03:39.503711,0.0,0.0,0.0
2022-01-23 19:03:40.003361,0.0,0.0,0.0
2022-01-23 19:03:40.508368,0.0,0.0,0.0
2022-01-23 19:03:41.006544,0.0,0.0,0.0
2022-01-23 19:03:41.511018,0.0,0.0,0.0
2022-01-23 19:03:42.010169,0.0,0.0,0.0
2022-01-23 19:03:42.507009,0.0,0.0,0.0
2022-01-23 19:03:43.006315,0.0,0.0,0.0
2022-01-23 19:03:43.502741,0.0,0.0,0.0
2022-01-23 19:03:44.010837,0.0,0.0,0.0
2022-01-23 19:03:44.506101,0.0,0.0,0.0
2022-01-23 19:03:45.003681,0.0,0.0,0.0
2022-01-23 19:03:45.502475,0.0,0.0,0.0
2022-01-23 19:03:46.010254,0.0,0.0,0.0
2022-01-23 19:03:46.501025,0.0,0.0,0.0
2022-01-23 19:03:47.009725,0.0,0.0,0.0
2022-01-23 19:03:47.505191,0.0,0.0,0.0
2022-01-23 19:03:48.004013,0.0,0.0,0.0
2022-01-23 19:03:48.509820,0.0,0.0,0.0
2022-01-23 19:03:49.008022,0.0,0.0,0.0
2022-01-23 19:03:49.503483,0.0,0.0,0.0
2022-01-23 19:03:50.002270,0.0,0.0,0.0
2022-01-23 19:03:50.507121,0.0,0.0,0.0
2022-01-23 19:03:51.004844,0.0,0.0,0.0
2022-01-23 19:03:51.510749,0.0,0.0,0.0
2022-01-23 19:03:52.008424,0.0,0.0,0.0
2022-01-23 19:03:52.505881,0.0,0.0,0.0
2022-01-23 19:03:53.003752,0.0,0.0,0.0
2022-01-23 19:03:53.510668,0.0,0.0,0.0
2022-01-23 19:03:54.007516,0.0,0.0,0.0
2022-01-23 19:03:54.502490,0.0,0.0,0.0
2022-01-23 19:03:55.010693,0.0,0.0,0.0
2022-01-23 19:03:55.506936,0.0,0.0,0.0
2022-01-23 19:03:56.005765,0.0,0.0,0.0
2022-01-23 19:03:56.510880,0.0,0.0,0.0
2022-01-23 19:03:57.009856,0.0,0.0,0.0
2022-01-23 19:03:57.506044,0.0,0.0,0.0
2022-01-23 19:03:58.003840,0.0,0.0,0.0
2022-01-23 19:03:58.509539,0.0,0.0,0.0
2022-01-23 19:03:59.007782,0.0,0.0,0.0
2022-01-23 19:03:59.502762,0.0,0.0,0.0
2022-01-23 19:04:00.001135,0.0,0.0,0.0
2022-01-23 19:04:00.507776,0.0,0.0,0.0
2022-01-23 19:04:01.006709,0.0,0.0,0.0
2022-01-23 19:04:01.504412,0.0,0.0,0.0
2022-01-23 19:04:02.002449,0.0,0.0,0.0
2022-01-23 19:04:02.509161,0.0,0.0,0.0
2022-01-23 19:04:03.007755,0.0,0.0,0.0
2022-01-23 19:04:03.503308,0.0,0.0,0.0
2022-01-23 19:04:04.002976,0.0,0.0,0.0
2022-01-23 19:04:04.509249,0.0,0.0,0.0
2022-01-23 19:04:05.007758,0.0,0.0,0.0
2022-01-23 19:04:05.502742,0.0,0.0,0.0
2022-01-23 19:04:06.010194,0.0,0.0,0.0
2022-01-23 19:04:06.505506,0.0,0.0,0.0
2022-01-23 19:04:07.004093,0.0,0.0,0.0
2022-01-23 19:04:07.510888,0.0,0.0,0.0
2022-01-23 19:04:08.010527,0.0,0.0,0.0
2022-01-23 19:04:08.505189,0.0,0.0,0.0
2022-01-23 19:04:09.003587,0.0,0.0,0.0
2022-01-23 19:04:09.501374,0.0,0.0,0.0
2022-01-23 19:04:10.010396,0.0,0.0,0.0
2022-01-23 19:04:10.505685,0.0,0.0,0.0
2022-01-23 19:04:11.010491,0.0,0.0,0.0
2022-01-23 19:04:11.506535,0.0,0.0,0.0
2022-01-23 19:04:12.004506,0.0,0.0,0.0
2022-01-23 19:04:12.509892,0.0,0.0,0.0
2022-01-23 19:04:13.009521,0.0,0.0,0.0
2022-01-23 19:04:13.507504,0.0,0.0,0.0
2022-01-23 19:04:14.006014,0.0,0.0,0.0
2022-01-23 19:04:14.502607,0.0,0.0,0.0
2022-01-23 19:04:15.011087,0.0,0.0,0.0
2022-01-23 19:04:15.506857,0.0,0.0,0.0
2022-01-23 19:04:16.005101,0.0,0.0,0.0
2022-01-23 19:04:16.501495,0.0,0.0,0.0
2022-01-23 19:04:17.009517,0.0,0.0,0.0
2022-01-23 19:04:17.504456,0.0,0.0,0.0
2022-01-23 19:04:18.002039,0.0,0.0,0.0
2022-01-23 19:04:18.508582,0.0,0.0,0.0
2022-01-23 19:04:19.007259,0.0,0.0,0.0
2022-01-23 19:04:19.505135,0.0,0.0,0.0
2022-01-23 19:04:20.003263,0.0,0.0,0.0
2022-01-23 19:04:20.509387,0.0,0.0,0.0
2022-01-23 19:04:21.007937,0.0,0.0,0.0
2022-01-23 19:04:21.503167,0.0,0.0,0.0
2022-01-23 19:04:22.010113,0.0,0.0,0.0
2022-01-23 19:04:22.505128,0.0,0.0,0.0
2022-01-23 19:04:23.004986,0.0,0.0,0.0
2022-01-23 19:04:23.501719,0.0,0.0,0.0
2022-01-23 19:04:24.008878,0.0,0.0,0.0
2022-01-23 19:04:24.503439,0.0,0.0,0.0
2022-01-23 19:04:25.002414,0.0,0.0,0.0
2022-01-23 19:04:25.507634,0.0,0.0,0.0
2022-01-23 19:04:26.006609,0.0,0.0,0.0
2022-01-23 19:04:26.502978,0.0,0.0,0.0
2022-01-23 19:04:27.001208,0.0,0.0,0.0
2022-01-23 19:04:27.508045,0.0,0.0,0.0
2022-01-23 19:04:28.006171,0.0,0.0,0.0
2022-01-23 19:04:28.501036,0.0,0.0,0.0
2022-01-23 19:04:29.009909,0.0,0.0,0.0
2022-01-23 19:04:29.505635,0.0,0.0,0.0
2022-01-23 19:04:30.005207,0.0,0.0,0.0
2022-01-23 19:04:31.004839,0.0,0.0,0.0
2022-01-23 19:04:31.510706,0.0,0.0,0.0
2022-01-23 19:04:32.009367,0.0,0.0,0.0
2022-01-23 19:04:32.504835,0.0,0.0,0.0
2022-01-23 19:04:33.003475,0.0,0.0,0.0
2022-01-23 19:04:33.509298,0.0,0.0,0.0
2022-01-23 19:04:34.007447,0.0,0.0,0.0
2022-01-23 19:04:34.501252,0.0,0.0,0.0
2022-01-23 19:04:35.007084,0.0,0.0,0.0
2022-01-23 19:04:35.504180,0.0,0.0,0.0
2022-01-23 19:04:36.000964,0.0,0.0,0.0
2022-01-23 19:04:36.504481,0.0,0.0,0.0
2022-01-23 19:04:37.004170,0.0,0.0,0.0
2022-01-23 19:04:37.510337,0.0,0.0,0.0
2022-01-23 19:04:38.008937,0.0,0.0,0.0
2022-01-23 19:04:38.505073,0.0,0.0,0.0
2022-01-23 19:04:39.003422,0.0,0.0,0.0
2022-01-23 19:04:39.508890,0.0,0.0,0.0
2022-01-23 19:04:40.007355,0.0,0.0,0.0
2022-01-23 19:04:40.504302,0.0,0.0,0.0
2022-01-23 19:04:41.001371,0.0,0.0,0.0
2022-01-23 19:04:41.507649,0.0,0.0,0.0
2022-01-23 19:04:42.006396,0.0,0.0,0.0
2022-01-23 19:04:43.005058,0.0,0.0,0.0
2022-01-23 19:04:43.502113,0.0,0.0,0.0
2022-01-23 19:04:44.010762,0.0,0.0,0.0
2022-01-23 19:04:44.506852,0.0,0.0,0.0
2022-01-23 19:04:45.007648,0.0,0.0,0.0
2022-01-23 19:04:45.504072,0.0,0.0,0.0
2022-01-23 19:04:46.002017,0.0,0.0,0.0
2022-01-23 19:04:46.508700,0.0,0.0,0.0
2022-01-23 19:04:47.006265,0.0,0.0,0.0
2022-01-23 19:04:47.502443,0.0,0.0,0.0
2022-01-23 19:04:48.010492,0.0,0.0,0.0
2022-01-23 19:04:48.505775,0.0,0.0,0.0
2022-01-23 19:04:49.003842,0.0,0.0,0.0
2022-01-23 19:04:49.508238,0.0,0.0,0.0
2022-01-23 19:04:50.005492,0.0,0.0,0.0
2022-01-23 19:04:50.502501,0.0,0.0,0.0
2022-01-23 19:04:51.001356,0.0,0.0,0.0
2022-01-23 19:04:51.507585,0.0,0.0,0.0
2022-01-23 19:04:52.005545,0.0,0.0,0.0
2022-01-23 19:04:52.501225,0.0,0.0,0.0
2022-01-23 19:04:53.010650,0.0,0.0,0.0
2022-01-23 19:04:53.505100,0.0,0.0,0.0
2022-01-23 19:04:54.003040,0.0,0.0,0.0
2022-01-23 19:04:54.509382,0.0,0.0,0.0
2022-01-23 19:04:55.005978,0.0,0.0,0.0
2022-01-23 19:04:55.501329,0.0,0.0,0.0
2022-01-23 19:04:56.009086,0.0,0.0,0.0
2022-01-23 19:04:56.503581,0.0,0.0,0.0
2022-01-23 19:04:57.002701,0.0,0.0,0.0
2022-01-23 19:04:57.507957,0.0,0.0,0.0
2022-01-23 19:04:58.007838,0.0,0.0,0.0
2022-01-23 19:04:58.502359,0.0,0.0,0.0
2022-01-23 19:04:59.011026,0.0,0.0,0.0
2022-01-23 19:04:59.505805,0.0,0.0,0.0
2022-01-23 19:05:00.004377,0.0,0.0,0.0
2022-01-23 19:05:00.507415,0.0,0.0,0.0
2022-01-23 19:05:01.006419,0.0,0.0,0.0
2022-01-23 19:05:01.501233,0.0,0.0,0.0
2022-01-23 19:05:02.009535,0.0,0.0,0.0
2022-01-23 19:05:02.506006,0.0,0.0,0.0
2022-01-23 19:05:03.003705,0.0,0.0,0.0
2022-01-23 19:05:03.510211,0.0,0.0,0.0
2022-01-23 19:05:04.007421,0.0,0.0,0.0
2022-01-23 19:05:04.501607,0.0,0.0,0.0
2022-01-23 19:05:05.010113,0.0,0.0,0.0
2022-01-23 19:05:05.503811,0.0,0.0,0.0
2022-01-23 19:05:06.001960,0.0,0.0,0.0
2022-01-23 19:05:06.506762,0.0,0.0,0.0
2022-01-23 19:05:07.004222,0.0,0.0,0.0
2022-01-23 19:05:07.509925,0.0,0.0,0.0
2022-01-23 19:05:08.007927,0.0,0.0,0.0
2022-01-23 19:05:08.505811,0.0,0.0,0.0
2022-01-23 19:05:09.004683,0.0,0.0,0.0
2022-01-23 19:05:09.510469,0.0,0.0,0.0
2022-01-23 19:05:10.007238,0.0,0.0,0.0
2022-01-23 19:05:10.503196,0.0,0.0,0.0
2022-01-23 19:05:11.007302,0.0,0.0,0.0
2022-01-23 19:05:11.503040,0.0,0.0,0.0
2022-01-23 19:05:12.002151,0.0,0.0,0.0
2022-01-23 19:05:12.508138,0.0,0.0,0.0
2022-01-23 19:05:13.006137,0.0,0.0,0.0
2022-01-23 19:05:13.501175,0.0,0.0,0.0
2022-01-23 19:05:14.008605,0.0,0.0,0.0
2022-01-23 19:05:14.503846,0.0,0.0,0.0
2022-01-23 19:05:15.001055,0.0,0.0,0.0
2022-01-23 19:05:15.506904,0.0,0.0,0.0
2022-01-23 19:05:16.004526,0.0,0.0,0.0
2022-01-23 19:05:16.510589,0.0,0.0,0.0
2022-01-23 19:05:17.007130,0.0,0.0,0.0
2022-01-23 19:05:17.502875,0.0,0.0,0.0
2022-01-23 19:05:18.001303,0.0,0.0,0.0
2022-01-23 19:05:18.507668,0.0,0.0,0.0
2022-01-23 19:05:19.006572,0.0,0.0,0.0
2022-01-23 19:05:19.502785,0.0,0.0,0.0
2022-01-23 19:05:20.001524,0.0,0.0,0.0
2022-01-23 19:05:20.506862,0.0,0.0,0.0
2022-01-23 19:05:21.007761,0.0,0.0,0.0
2022-01-23 19:05:21.502600,0.0,0.0,0.0
2022-01-23 19:05:22.010712,0.0,0.0,0.0
2022-01-23 19:05:22.506945,0.0,0.0,0.0
2022-01-23 19:05:23.005102,0.0,0.0,0.0
2022-01-23 19:05:23.502144,0.0,0.0,0.0
2022-01-23 19:05:24.010305,0.0,0.0,0.0
2022-01-23 19:05:24.506179,0.0,0.0,0.0
2022-01-23 19:05:25.003461,0.0,0.0,0.0
2022-01-23 19:05:25.510527,0.0,0.0,0.0
2022-01-23 19:05:26.007833,0.0,0.0,0.0
2022-01-23 19:05:26.502143,0.0,0.0,0.0
2022-01-23 19:05:27.010254,0.0,0.0,0.0
2022-01-23 19:05:27.505174,0.0,0.0,0.0
2022-01-23 19:05:28.002931,0.0,0.0,0.0
2022-01-23 19:05:28.508293,0.0,0.0,0.0
2022-01-23 19:05:29.009717,0.0,0.0,0.0
2022-01-23 19:05:29.506593,0.0,0.0,0.0
2022-01-23 19:05:30.004549,0.0,0.0,0.0
2022-01-23 19:05:30.510677,0.0,0.0,0.0
2022-01-23 19:05:31.008445,0.0,0.0,0.0
2022-01-23 19:05:31.503159,0.0,0.0,0.0
2022-01-23 19:05:32.505057,0.0,0.0,0.0
2022-01-23 19:05:33.003732,0.0,0.0,0.0
2022-01-23 19:05:33.510547,0.0,0.0,0.0
2022-01-23 19:05:34.008620,0.0,0.0,0.0
2022-01-23 19:05:34.503236,0.0,0.0,0.0
2022-01-23 19:05:35.002321,0.0,0.0,0.0
2022-01-23 19:05:35.508028,0.0,0.0,0.0
2022-01-23 19:05:36.006625,0.0,0.0,0.0
2022-01-23 19:05:36.502339,0.0,0.0,0.0
2022-01-23 19:05:37.011058,0.0,0.0,0.0
2022-01-23 19:05:37.507566,0.0,0.0,0.0
2022-01-23 19:05:38.006413,0.0,0.0,0.0
2022-01-23 19:05:38.501900,0.0,0.0,0.0
2022-01-23 19:05:39.009785,0.0,0.0,0.0
2022-01-23 19:05:39.505168,0.0,0.0,0.0
2022-01-23 19:05:40.004621,0.0,0.0,0.0
2022-01-23 19:05:40.509998,0.0,0.0,0.0
2022-01-23 19:05:41.007228,0.0,0.0,0.0
2022-01-23 19:05:41.503414,0.0,0.0,0.0
2022-01-23 19:05:42.001920,0.0,0.0,0.0
2022-01-23 19:05:42.507165,0.0,0.0,0.0
2022-01-23 19:05:43.007907,0.0,0.0,0.0
2022-01-23 19:05:43.501197,0.0,0.0,0.0
2022-01-23 19:05:44.002339,0.0,0.0,0.0
2022-01-23 19:05:44.508717,0.0,0.0,0.0
2022-01-23 19:05:45.006294,0.0,0.0,0.0
2022-01-23 19:05:45.502696,0.0,0.0,0.0
2022-01-23 19:05:46.000949,0.0,0.0,0.0
2022-01-23 19:05:46.509010,0.0,0.0,0.0
2022-01-23 19:05:47.006750,0.0,0.0,0.0
2022-01-23 19:05:47.501125,0.0,0.0,0.0
2022-01-23 19:05:48.010066,0.0,0.0,0.0
2022-01-23 19:05:48.505993,0.0,0.0,0.0
2022-01-23 19:05:49.004047,0.0,0.0,0.0
2022-01-23 19:05:49.510292,0.0,0.0,0.0
2022-01-23 19:05:50.009852,0.0,0.0,0.0
2022-01-23 19:05:50.505527,0.0,0.0,0.0
2022-01-23 19:05:51.003864,0.0,0.0,0.0
2022-01-23 19:05:51.509652,0.0,0.0,0.0
2022-01-23 19:05:52.007384,0.0,0.0,0.0
2022-01-23 19:05:52.502390,0.0,0.0,0.0
2022-01-23 19:05:53.001318,0.0,0.0,0.0
2022-01-23 19:05:53.509195,0.0,0.0,0.0
2022-01-23 19:05:54.007654,0.0,0.0,0.0
2022-01-23 19:05:54.503164,0.0,0.0,0.0
2022-01-23 19:05:55.002114,0.0,0.0,0.0
2022-01-23 19:05:55.506735,0.0,0.0,0.0
2022-01-23 19:05:56.008643,0.0,0.0,0.0
2022-01-23 19:05:56.505810,0.0,0.0,0.0
2022-01-23 19:05:57.003249,0.0,0.0,0.0
2022-01-23 19:05:57.509098,0.0,0.0,0.0
2022-01-23 19:05:58.006644,0.0,0.0,0.0
2022-01-23 19:05:58.501235,0.0,0.0,0.0
2022-01-23 19:05:59.009536,0.0,0.0,0.0
2022-01-23 19:05:59.505167,0.0,0.0,0.0
2022-01-23 19:06:00.005114,0.0,0.0,0.0
2022-01-23 19:06:00.506595,0.0,0.0,0.0
2022-01-23 19:06:01.004917,0.0,0.0,0.0
2022-01-23 19:06:01.501562,0.0,0.0,0.0
2022-01-23 19:06:02.009016,0.0,0.0,0.0
2022-01-23 19:06:02.506083,0.0,0.0,0.0
2022-01-23 19:06:03.005938,0.0,0.0,0.0
2022-01-23 19:06:03.501163,0.0,0.0,0.0
2022-01-23 19:06:04.010734,0.0,0.0,0.0
2022-01-23 19:06:04.506823,0.0,0.0,0.0
2022-01-23 19:06:05.005655,0.0,0.0,0.0
2022-01-23 19:06:05.511045,0.0,0.0,0.0
2022-01-23 19:06:06.008720,0.0,0.0,0.0
2022-01-23 19:06:06.505533,0.0,0.0,0.0
2022-01-23 19:06:07.005254,0.0,0.0,0.0
2022-01-23 19:06:07.510713,0.0,0.0,0.0
2022-01-23 19:06:08.008999,0.0,0.0,0.0
2022-01-23 19:06:08.504821,0.0,0.0,0.0
2022-01-23 19:06:09.002910,0.0,0.0,0.0
2022-01-23 19:06:09.509006,0.0,0.0,0.0
2022-01-23 19:06:10.007258,0.0,0.0,0.0
2022-01-23 19:06:10.503099,0.0,0.0,0.0
2022-01-23 19:06:11.007024,0.0,0.0,0.0
2022-01-23 19:06:11.504002,0.0,0.0,0.0
2022-01-23 19:06:12.002194,0.0,0.0,0.0
2022-01-23 19:06:12.507650,0.0,0.0,0.0
2022-01-23 19:06:13.006822,0.0,0.0,0.0
2022-01-23 19:06:13.507287,0.0,0.0,0.0
2022-01-23 19:06:14.004896,0.0,0.0,0.0
2022-01-23 19:06:14.510622,0.0,0.0,0.0
2022-01-23 19:06:15.008120,0.0,0.0,0.0
2022-01-23 19:06:15.503450,0.0,0.0,0.0
2022-01-23 19:06:16.002212,0.0,0.0,0.0
2022-01-23 19:06:16.508399,0.0,0.0,0.0
2022-01-23 19:06:17.008096,0.0,0.0,0.0
2022-01-23 19:06:17.503211,0.0,0.0,0.0
2022-01-23 19:06:18.001104,0.0,0.0,0.0
2022-01-23 19:06:18.506415,0.0,0.0,0.0
2022-01-23 19:06:19.004286,0.0,0.0,0.0
2022-01-23 19:06:19.508766,0.0,0.0,0.0
2022-01-23 19:06:20.007093,0.0,0.0,0.0
2022-01-23 19:06:20.502584,0.0,0.0,0.0
2022-01-23 19:06:21.010894,0.0,0.0,0.0
2022-01-23 19:06:21.505820,0.0,0.0,0.0
2022-01-23 19:06:22.004439,0.0,0.0,0.0
2022-01-23 19:06:22.509991,0.0,0.0,0.0
2022-01-23 19:06:23.007216,0.0,0.0,0.0
2022-01-23 19:06:23.505866,0.0,0.0,0.0
2022-01-23 19:06:24.004587,0.0,0.0,0.0
2022-01-23 19:06:24.509948,0.0,0.0,0.0
2022-01-23 19:06:25.009203,0.0,0.0,0.0
2022-01-23 19:06:25.505847,0.0,0.0,0.0
2022-01-23 19:06:26.003830,0.0,0.0,0.0
2022-01-23 19:06:26.509666,0.0,0.0,0.0
2022-01-23 19:06:27.010375,0.0,0.0,0.0
2022-01-23 19:06:27.507473,0.0,0.0,0.0
2022-01-23 19:06:28.004970,0.0,0.0,0.0
2022-01-23 19:06:28.501190,0.0,0.0,0.0
2022-01-23 19:06:29.009908,0.0,0.0,0.0
2022-01-23 19:06:29.507598,0.0,0.0,0.0
2022-01-23 19:06:30.005640,0.0,0.0,0.0
2022-01-23 19:06:30.503732,0.0,0.0,0.0
2022-01-23 19:06:31.002376,0.0,0.0,0.0
2022-01-23 19:06:31.508128,0.0,0.0,0.0
2022-01-23 19:06:32.006971,0.0,0.0,0.0
2022-01-23 19:06:32.503615,0.0,0.0,0.0
2022-01-23 19:06:33.002954,0.0,0.0,0.0
2022-01-23 19:06:33.510496,0.0,0.0,0.0
2022-01-23 19:06:34.007367,0.0,0.0,0.0
2022-01-23 19:06:34.502751,0.0,0.0,0.0
2022-01-23 19:06:35.008958,0.0,0.0,0.0
2022-01-23 19:06:35.504457,0.0,0.0,0.0
2022-01-23 19:06:36.003538,0.0,0.0,0.0
2022-01-23 19:06:36.509823,0.0,0.0,0.0
2022-01-23 19:06:37.009388,0.0,0.0,0.0
2022-01-23 19:06:37.504800,0.0,0.0,0.0
2022-01-23 19:06:38.005663,0.0,0.0,0.0
2022-01-23 19:06:38.510976,0.0,0.0,0.0
2022-01-23 19:06:39.009723,0.0,0.0,0.0
2022-01-23 19:06:39.505187,0.0,0.0,0.0
2022-01-23 19:06:40.002644,0.0,0.0,0.0
2022-01-23 19:06:40.508701,0.0,0.0,0.0
2022-01-23 19:06:41.008644,0.0,0.0,0.0
2022-01-23 19:06:41.503600,0.0,0.0,0.0
2022-01-23 19:06:42.011307,0.0,0.0,0.0
2022-01-23 19:06:42.506303,0.0,0.0,0.0
2022-01-23 19:06:43.002349,0.0,0.0,0.0
2022-01-23 19:06:43.507238,0.0,0.0,0.0
2022-01-23 19:06:44.006357,0.0,0.0,0.0
2022-01-23 19:06:45.004600,0.0,0.0,0.0
2022-01-23 19:06:45.508942,0.0,0.0,0.0
2022-01-23 19:06:46.007426,0.0,0.0,0.0
2022-01-23 19:06:46.502752,0.0,0.0,0.0
2022-01-23 19:06:47.010798,0.0,0.0,0.0
2022-01-23 19:06:47.508003,0.0,0.0,0.0
2022-01-23 19:06:48.004955,0.0,0.0,0.0
2022-01-23 19:06:48.510797,0.0,0.0,0.0
2022-01-23 19:06:49.009891,0.0,0.0,0.0
2022-01-23 19:06:49.505479,0.0,0.0,0.0
2022-01-23 19:06:50.003176,0.0,0.0,0.0
2022-01-23 19:06:50.507881,0.0,0.0,0.0
2022-01-23 19:06:51.007198,0.0,0.0,0.0
2022-01-23 19:06:51.502224,0.0,0.0,0.0
2022-01-23 19:06:52.001186,0.0,0.0,0.0
2022-01-23 19:06:52.511139,0.0,0.0,0.0
2022-01-23 19:06:53.010000,0.0,0.0,0.0
2022-01-23 19:06:53.505117,0.0,0.0,0.0
2022-01-23 19:06:54.003653,0.0,0.0,0.0
2022-01-23 19:06:54.501541,0.0,0.0,0.0
2022-01-23 19:06:55.001099,0.0,0.0,0.0
2022-01-23 19:06:55.507136,0.0,0.0,0.0
2022-01-23 19:06:56.004453,0.0,0.0,0.0
2022-01-23 19:06:56.510405,0.0,0.0,0.0
2022-01-23 19:06:57.007815,0.0,0.0,0.0
2022-01-23 19:06:57.504918,0.0,0.0,0.0
2022-01-23 19:06:58.003586,0.0,0.0,0.0
2022-01-23 19:06:58.508186,0.0,0.0,0.0
2022-01-23 19:06:59.006150,0.0,0.0,0.0
2022-01-23 19:06:59.503152,0.0,0.0,0.0
2022-01-23 19:07:00.003278,0.0,0.0,0.0
2022-01-23 19:07:00.508951,0.0,0.0,0.0
2022-01-23 19:07:01.007691,0.0,0.0,0.0
2022-01-23 19:07:01.502004,0.0,0.0,0.0
2022-01-23 19:07:02.010414,0.0,0.0,0.0
2022-01-23 19:07:02.506720,0.0,0.0,0.0
2022-01-23 19:07:03.007245,0.0,0.0,0.0
2022-01-23 19:07:03.502383,0.0,0.0,0.0
2022-01-23 19:07:04.001148,0.0,0.0,0.0
2022-01-23 19:07:04.508914,0.0,0.0,0.0
2022-01-23 19:07:05.006002,0.0,0.0,0.0
2022-01-23 19:07:05.511081,0.0,0.0,0.0
2022-01-23 19:07:06.010637,0.0,0.0,0.0
2022-01-23 19:07:06.505478,0.0,0.0,0.0
2022-01-23 19:07:07.003679,0.0,0.0,0.0
2022-01-23 19:07:07.511040,0.0,0.0,0.0
2022-01-23 19:07:08.001040,0.0,0.0,0.0
2022-01-23 19:07:08.504249,0.0,0.0,0.0
2022-01-23 19:07:09.002280,0.0,0.0,0.0
2022-01-23 19:07:09.509555,0.0,0.0,0.0
2022-01-23 19:07:10.008773,0.0,0.0,0.0
2022-01-23 19:07:10.504889,0.0,0.0,0.0
2022-01-23 19:07:11.010013,0.0,0.0,0.0
2022-01-23 19:07:11.506781,0.0,0.0,0.0
2022-01-23 19:07:12.004811,0.0,0.0,0.0
2022-01-23 19:07:12.510342,0.0,0.0,0.0
2022-01-23 19:07:13.008761,0.0,0.0,0.0
2022-01-23 19:07:13.503506,0.0,0.0,0.0
2022-01-23 19:07:14.001933,0.0,0.0,0.0
2022-01-23 19:07:14.509461,0.0,0.0,0.0
2022-01-23 19:07:15.007153,0.0,0.0,0.0
2022-01-23 19:07:15.501061,0.0,0.0,0.0
2022-01-23 19:07:16.009226,0.0,0.0,0.0
2022-01-23 19:07:16.505449,0.0,0.0,0.0
2022-01-23 19:07:17.003289,0.0,0.0,0.0
2022-01-23 19:07:17.509701,0.0,0.0,0.0
2022-01-23 19:07:18.007372,0.0,0.0,0.0
2022-01-23 19:07:18.502542,0.0,0.0,0.0
2022-01-23 19:07:19.001916,0.0,0.0,0.0
2022-01-23 19:07:19.507101,0.0,0.0,0.0
2022-01-23 19:07:20.005727,0.0,0.0,0.0
2022-01-23 19:07:20.501485,0.0,0.0,0.0
2022-01-23 19:07:21.009617,0.0,0.0,0.0
2022-01-23 19:07:21.507427,0.0,0.0,0.0
2022-01-23 19:07:22.005007,0.0,0.0,0.0
2022-01-23 19:07:22.501420,0.0,0.0,0.0
2022-01-23 19:07:23.010319,0.0,0.0,0.0
2022-01-23 19:07:23.507007,0.0,0.0,0.0
2022-01-23 19:07:24.005107,0.0,0.0,0.0
2022-01-23 19:07:24.511169,0.0,0.0,0.0
2022-01-23 19:07:25.010418,0.0,0.0,0.0
2022-01-23 19:07:25.505522,0.0,0.0,0.0
2022-01-23 19:07:26.003049,0.0,0.0,0.0
2022-01-23 19:07:26.508574,0.0,0.0,0.0
2022-01-23 19:07:27.007262,0.0,0.0,0.0
2022-01-23 19:07:27.501667,0.0,0.0,0.0
2022-01-23 19:07:28.010541,0.0,0.0,0.0
2022-01-23 19:07:28.507494,0.0,0.0,0.0
2022-01-23 19:07:29.006479,0.0,0.0,0.0
2022-01-23 19:07:29.503312,0.0,0.0,0.0
2022-01-23 19:07:30.001390,0.0,0.0,0.0
2022-01-23 19:07:30.507809,0.0,0.0,0.0
2022-01-23 19:07:31.006464,0.0,0.0,0.0
2022-01-23 19:07:31.503367,0.0,0.0,0.0
2022-01-23 19:07:32.002271,0.0,0.0,0.0
2022-01-23 19:07:32.507887,0.0,0.0,0.0
2022-01-23 19:07:33.005554,0.0,0.0,0.0
2022-01-23 19:07:33.510808,0.0,0.0,0.0
2022-01-23 19:07:34.009325,0.0,0.0,0.0
2022-01-23 19:07:34.504462,0.0,0.0,0.0
2022-01-23 19:07:35.002274,0.0,0.0,0.0
2022-01-23 19:07:35.509100,0.0,0.0,0.0
2022-01-23 19:07:36.007985,0.0,0.0,0.0
2022-01-23 19:07:36.503631,0.0,0.0,0.0
2022-01-23 19:07:37.002732,0.0,0.0,0.0
2022-01-23 19:07:37.508291,0.0,0.0,0.0
2022-01-23 19:07:38.006628,0.0,0.0,0.0
2022-01-23 19:07:38.503164,0.0,0.0,0.0
2022-01-23 19:07:39.011002,0.0,0.0,0.0
2022-01-23 19:07:39.507450,0.0,0.0,0.0
2022-01-23 19:07:40.006860,0.0,0.0,0.0
2022-01-23 19:07:40.503267,0.0,0.0,0.0
2022-01-23 19:07:41.001065,0.0,0.0,0.0
2022-01-23 19:07:41.506543,0.0,0.0,0.0
2022-01-23 19:07:42.005154,0.0,0.0,0.0
2022-01-23 19:07:42.510826,0.0,0.0,0.0
2022-01-23 19:07:43.007861,0.0,0.0,0.0
2022-01-23 19:07:43.501989,0.0,0.0,0.0
2022-01-23 19:07:44.010763,0.0,0.0,0.0
2022-01-23 19:07:44.506976,0.0,0.0,0.0
2022-01-23 19:07:45.004968,0.0,0.0,0.0
2022-01-23 19:07:45.501137,0.0,0.0,0.0
2022-01-23 19:07:46.009100,0.0,0.0,0.0
2022-01-23 19:07:46.505828,0.0,0.0,0.0
2022-01-23 19:07:47.004681,0.0,0.0,0.0
2022-01-23 19:07:47.502383,0.0,0.0,0.0
2022-01-23 19:07:48.010504,0.0,0.0,0.0
2022-01-23 19:07:48.506494,0.0,0.0,0.0
2022-01-23 19:07:49.003613,0.0,0.0,0.0
2022-01-23 19:07:49.506737,0.0,0.0,0.0
2022-01-23 19:07:50.003086,0.0,0.0,0.0
2022-01-23 19:07:50.509260,0.0,0.0,0.0
2022-01-23 19:07:51.008550,0.0,0.0,0.0
2022-01-23 19:07:51.503278,0.0,0.0,0.0
2022-01-23 19:07:52.002660,0.0,0.0,0.0
2022-01-23 19:07:52.508485,0.0,0.0,0.0
2022-01-23 19:07:53.006941,0.0,0.0,0.0
2022-01-23 19:07:53.503290,0.0,0.0,0.0
2022-01-23 19:07:54.001104,0.0,0.0,0.0
2022-01-23 19:07:54.507754,0.0,0.0,0.0
2022-01-23 19:07:55.005640,0.0,0.0,0.0
2022-01-23 19:07:55.501694,0.0,0.0,0.0
2022-01-23 19:07:56.001334,0.0,0.0,0.0
2022-01-23 19:07:56.506817,0.0,0.0,0.0
2022-01-23 19:07:57.006623,0.0,0.0,0.0
2022-01-23 19:07:57.502020,0.0,0.0,0.0
2022-01-23 19:07:58.009921,0.0,0.0,0.0
2022-01-23 19:07:58.506501,0.0,0.0,0.0
2022-01-23 19:07:59.006044,0.0,0.0,0.0
2022-01-23 19:07:59.501821,0.0,0.0,0.0
2022-01-23 19:08:00.009744,0.0,0.0,0.0
2022-01-23 19:08:00.502298,0.0,0.0,0.0
2022-01-23 19:08:01.010784,0.0,0.0,0.0
2022-01-23 19:08:01.505793,0.0,0.0,0.0
2022-01-23 19:08:02.007113,0.0,0.0,0.0
2022-01-23 19:08:02.503031,0.0,0.0,0.0
2022-01-23 19:08:03.001125,0.0,0.0,0.0
2022-01-23 19:08:03.508038,0.0,0.0,0.0
2022-01-23 19:08:04.007072,0.0,0.0,0.0
2022-01-23 19:08:04.502752,0.0,0.0,0.0
2022-01-23 19:08:05.010840,0.0,0.0,0.0
2022-01-23 19:08:05.506472,0.0,0.0,0.0
2022-01-23 19:08:06.004546,0.0,0.0,0.0
2022-01-23 19:08:06.502185,0.0,0.0,0.0
2022-01-23 19:08:07.010349,0.0,0.0,0.0
2022-01-23 19:08:07.505332,0.0,0.0,0.0
2022-01-23 19:08:08.004826,0.0,0.0,0.0
2022-01-23 19:08:08.509035,0.0,0.0,0.0
2022-01-23 19:08:09.009466,0.0,0.0,0.0
2022-01-23 19:08:09.505642,0.0,0.0,0.0
2022-01-23 19:08:10.003559,0.0,0.0,0.0
2022-01-23 19:08:10.508101,0.0,0.0,0.0
2022-01-23 19:08:11.001951,0.0,0.0,0.0
2022-01-23 19:08:11.508934,0.0,0.0,0.0
2022-01-23 19:08:12.007355,0.0,0.0,0.0
2022-01-23 19:08:12.503544,0.0,0.0,0.0
2022-01-23 19:08:13.002199,0.0,0.0,0.0
2022-01-23 19:08:13.507304,0.0,0.0,0.0
2022-01-23 19:08:14.004970,0.0,0.0,0.0
2022-01-23 19:08:14.510867,0.0,0.0,0.0
2022-01-23 19:08:15.007141,0.0,0.0,0.0
2022-01-23 19:08:15.505419,0.0,0.0,0.0
2022-01-23 19:08:16.003212,0.0,0.0,0.0
2022-01-23 19:08:16.509991,0.0,0.0,0.0
2022-01-23 19:08:17.006593,0.0,0.0,0.0
2022-01-23 19:08:17.501828,0.0,0.0,0.0
2022-01-23 19:08:18.010929,0.0,0.0,0.0
2022-01-23 19:08:18.506747,0.0,0.0,0.0
2022-01-23 19:08:19.005484,0.0,0.0,0.0
2022-01-23 19:08:19.502081,0.0,0.0,0.0
2022-01-23 19:08:20.010952,0.0,0.0,0.0
2022-01-23 19:08:20.508055,0.0,0.0,0.0
2022-01-23 19:08:21.006156,0.0,0.0,0.0
2022-01-23 19:08:21.511012,0.0,0.0,0.0
2022-01-23 19:08:22.008625,0.0,0.0,0.0
2022-01-23 19:08:22.505712,0.0,0.0,0.0
2022-01-23 19:08:23.002884,0.0,0.0,0.0
2022-01-23 19:08:23.506538,0.0,0.0,0.0
2022-01-23 19:08:24.004541,0.0,0.0,0.0
2022-01-23 19:08:24.511060,0.0,0.0,0.0
2022-01-23 19:08:25.009113,0.0,0.0,0.0
2022-01-23 19:08:25.504405,0.0,0.0,0.0
2022-01-23 19:08:26.002820,0.0,0.0,0.0
2022-01-23 19:08:26.508581,0.0,0.0,0.0
2022-01-23 19:08:27.006876,0.0,0.0,0.0
2022-01-23 19:08:27.501752,0.0,0.0,0.0
2022-01-23 19:08:28.009542,0.0,0.0,0.0
2022-01-23 19:08:28.504711,0.0,0.0,0.0
2022-01-23 19:08:29.003056,0.0,0.0,0.0
2022-01-23 19:08:29.502884,0.0,0.0,0.0
2022-01-23 19:08:30.001623,0.0,0.0,0.0
2022-01-23 19:08:30.505250,0.0,0.0,0.0
2022-01-23 19:08:31.009549,0.0,0.0,0.0
2022-01-23 19:08:31.505000,0.0,0.0,0.0
2022-01-23 19:08:32.003155,0.0,0.0,0.0
2022-01-23 19:08:32.508198,0.0,0.0,0.0
2022-01-23 19:08:33.007339,0.0,0.0,0.0
2022-01-23 19:08:33.503041,0.0,0.0,0.0
2022-01-23 19:08:34.011299,0.0,0.0,0.0
2022-01-23 19:08:34.505943,0.0,0.0,0.0
2022-01-23 19:08:35.002754,0.0,0.0,0.0
2022-01-23 19:08:35.509523,0.0,0.0,0.0
2022-01-23 19:08:36.008024,0.0,0.0,0.0
2022-01-23 19:08:36.503309,0.0,0.0,0.0
2022-01-23 19:08:37.002343,0.0,0.0,0.0
2022-01-23 19:08:37.507698,0.0,0.0,0.0
2022-01-23 19:08:38.006283,0.0,0.0,0.0
2022-01-23 19:08:38.503247,0.0,0.0,0.0
2022-01-23 19:08:39.001352,0.0,0.0,0.0
2022-01-23 19:08:39.510563,0.0,0.0,0.0
2022-01-23 19:08:40.008995,0.0,0.0,0.0
2022-01-23 19:08:40.502996,0.0,0.0,0.0
2022-01-23 19:08:41.001125,0.0,0.0,0.0
2022-01-23 19:08:41.507889,0.0,0.0,0.0
2022-01-23 19:08:42.006704,0.0,0.0,0.0
2022-01-23 19:08:42.501034,0.0,0.0,0.0
2022-01-23 19:08:43.505075,0.0,0.0,0.0
2022-01-23 19:08:44.003834,0.0,0.0,0.0
2022-01-23 19:08:44.507909,0.0,0.0,0.0
2022-01-23 19:08:45.005836,0.0,0.0,0.0
2022-01-23 19:08:45.501200,0.0,0.0,0.0
2022-01-23 19:08:46.008483,0.0,0.0,0.0
2022-01-23 19:08:46.503335,0.0,0.0,0.0
2022-01-23 19:08:47.002738,0.0,0.0,0.0
2022-01-23 19:08:47.508784,0.0,0.0,0.0
2022-01-23 19:08:48.007068,0.0,0.0,0.0
2022-01-23 19:08:48.501525,0.0,0.0,0.0
2022-01-23 19:08:49.010675,0.0,0.0,0.0
2022-01-23 19:08:49.506397,0.0,0.0,0.0
2022-01-23 19:08:50.005746,0.0,0.0,0.0
2022-01-23 19:08:50.501307,0.0,0.0,0.0
2022-01-23 19:08:51.008370,0.0,0.0,0.0
2022-01-23 19:08:51.502421,0.0,0.0,0.0
2022-01-23 19:08:52.010111,0.0,0.0,0.0
2022-01-23 19:08:52.504990,0.0,0.0,0.0
2022-01-23 19:08:53.002270,0.0,0.0,0.0
2022-01-23 19:08:53.510751,0.0,0.0,0.0
2022-01-23 19:08:55.505127,0.0,0.0,0.0
2022-01-23 19:08:56.003216,0.0,0.0,0.0
2022-01-23 19:08:56.508844,0.0,0.0,0.0
2022-01-23 19:08:57.008852,0.0,0.0,0.0
2022-01-23 19:08:57.503101,0.0,0.0,0.0
2022-01-23 19:08:58.001976,0.0,0.0,0.0
2022-01-23 19:08:58.506051,0.0,0.0,0.0
2022-01-23 19:08:59.004013,0.0,0.0,0.0
2022-01-23 19:08:59.508978,0.0,0.0,0.0
2022-01-23 19:09:00.007322,0.0,0.0,0.0
2022-01-23 19:09:00.501415,0.0,0.0,0.0
2022-01-23 19:09:01.010279,0.0,0.0,0.0
2022-01-23 19:09:01.506445,0.0,0.0,0.0
2022-01-23 19:09:02.005612,0.0,0.0,0.0
2022-01-23 19:09:02.501183,0.0,0.0,0.0
2022-01-23 19:09:03.009118,0.0,0.0,0.0
2022-01-23 19:09:03.505534,0.0,0.0,0.0
2022-01-23 19:09:04.003317,0.0,0.0,0.0
2022-01-23 19:09:04.509663,0.0,0.0,0.0
2022-01-23 19:09:05.007028,0.0,0.0,0.0
2022-01-23 19:09:05.502106,0.0,0.0,0.0
2022-01-23 19:09:06.009849,0.0,0.0,0.0
2022-01-23 19:09:06.504451,0.0,0.0,0.0
2022-01-23 19:09:07.002362,0.0,0.0,0.0
2022-01-23 19:09:07.507104,0.0,0.0,0.0
2022-01-23 19:09:08.006400,0.0,0.0,0.0
2022-01-23 19:09:08.503647,0.0,0.0,0.0
2022-01-23 19:09:09.002733,0.0,0.0,0.0
2022-01-23 19:09:09.510340,0.0,0.0,0.0
2022-01-23 19:09:10.007466,0.0,0.0,0.0
2022-01-23 19:09:10.502806,0.0,0.0,0.0
2022-01-23 19:09:11.007335,0.0,0.0,0.0
2022-01-23 19:09:11.502208,0.0,0.0,0.0
2022-01-23 19:09:12.505829,0.0,0.0,0.0
2022-01-23 19:09:13.002843,0.0,0.0,0.0
2022-01-23 19:09:13.509014,0.0,0.0,0.0
2022-01-23 19:09:14.007116,0.0,0.0,0.0
2022-01-23 19:09:14.502614,0.0,0.0,0.0
2022-01-23 19:09:15.010003,0.0,0.0,0.0
2022-01-23 19:09:15.505897,0.0,0.0,0.0
2022-01-23 19:09:16.005630,0.0,0.0,0.0
2022-01-23 19:09:16.508450,0.0,0.0,0.0
2022-01-23 19:09:17.005919,0.0,0.0,0.0
2022-01-23 19:09:17.511011,0.0,0.0,0.0
2022-01-23 19:09:18.009062,0.0,0.0,0.0
2022-01-23 19:09:18.504943,0.0,0.0,0.0
2022-01-23 19:09:19.003308,0.0,0.0,0.0
2022-01-23 19:09:19.506744,0.0,0.0,0.0
2022-01-23 19:09:20.005628,0.0,0.0,0.0
2022-01-23 19:09:20.501892,0.0,0.0,0.0
2022-01-23 19:09:21.008826,0.0,0.0,0.0
2022-01-23 19:09:21.505203,0.0,0.0,0.0
2022-01-23 19:09:22.002439,0.0,0.0,0.0
2022-01-23 19:09:22.509900,0.0,0.0,0.0
2022-01-23 19:09:23.008155,0.0,0.0,0.0
2022-01-23 19:09:23.503448,0.0,0.0,0.0
2022-01-23 19:09:24.002035,0.0,0.0,0.0
2022-01-23 19:09:24.508451,0.0,0.0,0.0
2022-01-23 19:09:25.006354,0.0,0.0,0.0
2022-01-23 19:09:25.502479,0.0,0.0,0.0
2022-01-23 19:09:26.010479,0.0,0.0,0.0
2022-01-23 19:09:26.504047,0.0,0.0,0.0
2022-01-23 19:09:27.003775,0.0,0.0,0.0
2022-01-23 19:09:27.509856,0.0,0.0,0.0
2022-01-23 19:09:28.007238,0.0,0.0,0.0
2022-01-23 19:09:28.502320,0.0,0.0,0.0
2022-01-23 19:09:29.010074,0.0,0.0,0.0
2022-01-23 19:09:29.507341,0.0,0.0,0.0
2022-01-23 19:09:30.004794,0.0,0.0,0.0
2022-01-23 19:09:30.502531,0.0,0.0,0.0
2022-01-23 19:09:31.008286,0.0,0.0,0.0
2022-01-23 19:09:31.505021,0.0,0.0,0.0
2022-01-23 19:09:32.001750,0.0,0.0,0.0
2022-01-23 19:09:32.510558,0.0,0.0,0.0
2022-01-23 19:09:33.502834,0.0,0.0,0.0
2022-01-23 19:09:34.001521,0.0,0.0,0.0
2022-01-23 19:09:34.504097,0.0,0.0,0.0
2022-01-23 19:09:35.001904,0.0,0.0,0.0
2022-01-23 19:09:35.506704,0.0,0.0,0.0
2022-01-23 19:09:36.004622,0.0,0.0,0.0
2022-01-23 19:09:36.510672,0.0,0.0,0.0
2022-01-23 19:09:37.006876,0.0,0.0,0.0
2022-01-23 19:09:37.501740,0.0,0.0,0.0
2022-01-23 19:09:38.009968,0.0,0.0,0.0
2022-01-23 19:09:38.505950,0.0,0.0,0.0
2022-01-23 19:09:39.003238,0.0,0.0,0.0
2022-01-23 19:09:39.508015,0.0,0.0,0.0
2022-01-23 19:09:40.007168,0.0,0.0,0.0
2022-01-23 19:09:40.503287,0.0,0.0,0.0
2022-01-23 19:09:41.002274,0.0,0.0,0.0
2022-01-23 19:09:41.507884,0.0,0.0,0.0
2022-01-23 19:09:42.006823,0.0,0.0,0.0
2022-01-23 19:09:42.501771,0.0,0.0,0.0
2022-01-23 19:09:43.009733,0.0,0.0,0.0
2022-01-23 19:09:43.505049,0.0,0.0,0.0
2022-01-23 19:09:44.003201,0.0,0.0,0.0
2022-01-23 19:09:44.507921,0.0,0.0,0.0
2022-01-23 19:09:45.005166,0.0,0.0,0.0
2022-01-23 19:09:45.510000,0.0,0.0,0.0
2022-01-23 19:09:46.007802,0.0,0.0,0.0
2022-01-23 19:09:46.502905,0.0,0.0,0.0
2022-01-23 19:09:47.001207,0.0,0.0,0.0
2022-01-23 19:09:47.509638,0.0,0.0,0.0
2022-01-23 19:09:48.009706,0.0,0.0,0.0
2022-01-23 19:09:48.505448,0.0,0.0,0.0
2022-01-23 19:09:49.004568,0.0,0.0,0.0
2022-01-23 19:09:49.501685,0.0,0.0,0.0
2022-01-23 19:09:50.009465,0.0,0.0,0.0
2022-01-23 19:09:50.503389,0.0,0.0,0.0
2022-01-23 19:09:51.002744,0.0,0.0,0.0
2022-01-23 19:09:51.507299,0.0,0.0,0.0
2022-01-23 19:09:52.006607,0.0,0.0,0.0
2022-01-23 19:09:52.502174,0.0,0.0,0.0
2022-01-23 19:09:53.010662,0.0,0.0,0.0
2022-01-23 19:09:53.506691,0.0,0.0,0.0
2022-01-23 19:09:54.004721,0.0,0.0,0.0
2022-01-23 19:09:54.511073,0.0,0.0,0.0
2022-01-23 19:09:55.010160,0.0,0.0,0.0
2022-01-23 19:09:55.506603,0.0,0.0,0.0
2022-01-23 19:09:56.006311,0.0,0.0,0.0
2022-01-23 19:09:56.501470,0.0,0.0,0.0
2022-01-23 19:09:57.009880,0.0,0.0,0.0
2022-01-23 19:09:57.504633,0.0,0.0,0.0
2022-01-23 19:09:58.004918,0.0,0.0,0.0
2022-01-23 19:09:58.501693,0.0,0.0,0.0
2022-01-23 19:09:59.009392,0.0,0.0,0.0
2022-01-23 19:09:59.504684,0.0,0.0,0.0
2022-01-23 19:10:00.003180,0.0,0.0,0.0
2022-01-23 19:10:00.509183,0.0,0.0,0.0
2022-01-23 19:10:01.009664,0.0,0.0,0.0
2022-01-23 19:10:01.504266,0.0,0.0,0.0
2022-01-23 19:10:02.002172,0.0,0.0,0.0
2022-01-23 19:10:02.508400,0.0,0.0,0.0
2022-01-23 19:10:03.006902,0.0,0.0,0.0
2022-01-23 19:10:03.503330,0.0,0.0,0.0
2022-01-23 19:10:04.001429,0.0,0.0,0.0
2022-01-23 19:10:04.507443,0.0,0.0,0.0
2022-01-23 19:10:05.006909,0.0,0.0,0.0
2022-01-23 19:10:05.502782,0.0,0.0,0.0
2022-01-23 19:10:06.001127,0.0,0.0,0.0
2022-01-23 19:10:06.506702,0.0,0.0,0.0
2022-01-23 19:10:07.004179,0.0,0.0,0.0
2022-01-23 19:10:07.501424,0.0,0.0,0.0
2022-01-23 19:10:08.010556,0.0,0.0,0.0
2022-01-23 19:10:08.504946,0.0,0.0,0.0
2022-01-23 19:10:09.004511,0.0,0.0,0.0
2022-01-23 19:10:09.510361,0.0,0.0,0.0
2022-01-23 19:10:10.009327,0.0,0.0,0.0
2022-01-23 19:10:10.505794,0.0,0.0,0.0
2022-01-23 19:10:11.002524,0.0,0.0,0.0
2022-01-23 19:10:11.508026,0.0,0.0,0.0
2022-01-23 19:10:12.008328,0.0,0.0,0.0
2022-01-23 19:10:12.502829,0.0,0.0,0.0
2022-01-23 19:10:13.001991,0.0,0.0,0.0
2022-01-23 19:10:13.506836,0.0,0.0,0.0
2022-01-23 19:10:14.004943,0.0,0.0,0.0
2022-01-23 19:10:14.502673,0.0,0.0,0.0
2022-01-23 19:10:15.010443,0.0,0.0,0.0
2022-01-23 19:10:15.506071,0.0,0.0,0.0
2022-01-23 19:10:16.003791,0.0,0.0,0.0
2022-01-23 19:10:16.508479,0.0,0.0,0.0
2022-01-23 19:10:17.007277,0.0,0.0,0.0
2022-01-23 19:10:17.503307,0.0,0.0,0.0
2022-01-23 19:10:18.002339,0.0,0.0,0.0
2022-01-23 19:10:18.507914,0.0,0.0,0.0
2022-01-23 19:10:19.005874,0.0,0.0,0.0
2022-01-23 19:10:19.510779,0.0,0.0,0.0
2022-01-23 19:10:20.008964,0.0,0.0,0.0
2022-01-23 19:10:20.503543,0.0,0.0,0.0
2022-01-23 19:10:21.001737,0.0,0.0,0.0
2022-01-23 19:10:21.510445,0.0,0.0,0.0
2022-01-23 19:10:22.008802,0.0,0.0,0.0
2022-01-23 19:10:22.504786,0.0,0.0,0.0
2022-01-23 19:10:23.003793,0.0,0.0,0.0
2022-01-23 19:10:23.507334,0.0,0.0,0.0
2022-01-23 19:10:24.006055,0.0,0.0,0.0
2022-01-23 19:10:24.501190,0.0,0.0,0.0
2022-01-23 19:10:25.010934,0.0,0.0,0.0
2022-01-23 19:10:25.505910,0.0,0.0,0.0
2022-01-23 19:10:26.002996,0.0,0.0,0.0
2022-01-23 19:10:26.507891,0.0,0.0,0.0
2022-01-23 19:10:27.006089,0.0,0.0,0.0
2022-01-23 19:10:28.005280,0.0,0.0,0.0
2022-01-23 19:10:28.502187,0.0,0.0,0.0
2022-01-23 19:10:29.002368,0.0,0.0,0.0
2022-01-23 19:10:29.508876,0.0,0.0,0.0
2022-01-23 19:10:30.008828,0.0,0.0,0.0
2022-01-23 19:10:30.504486,0.0,0.0,0.0
2022-01-23 19:10:31.002126,0.0,0.0,0.0
2022-01-23 19:10:31.507726,0.0,0.0,0.0
2022-01-23 19:10:32.007386,0.0,0.0,0.0
2022-01-23 19:10:32.503746,0.0,0.0,0.0
2022-01-23 19:10:33.001455,0.0,0.0,0.0
2022-01-23 19:10:33.506420,0.0,0.0,0.0
2022-01-23 19:10:34.004302,0.0,0.0,0.0
2022-01-23 19:10:34.510964,0.0,0.0,0.0
2022-01-23 19:10:35.008751,0.0,0.0,0.0
2022-01-23 19:10:35.505793,0.0,0.0,0.0
2022-01-23 19:10:36.003288,0.0,0.0,0.0
2022-01-23 19:10:36.510402,0.0,0.0,0.0
2022-01-23 19:10:37.006769,0.0,0.0,0.0
2022-01-23 19:10:37.503098,0.0,0.0,0.0
2022-01-23 19:10:38.001801,0.0,0.0,0.0
2022-01-23 19:10:38.508056,0.0,0.0,0.0
2022-01-23 19:10:39.007116,0.0,0.0,0.0
2022-01-23 19:10:39.502348,0.0,0.0,0.0
2022-01-23 19:10:40.001051,0.0,0.0,0.0
2022-01-23 19:10:40.507483,0.0,0.0,0.0
2022-01-23 19:10:41.005751,0.0,0.0,0.0
2022-01-23 19:10:41.510833,0.0,0.0,0.0
2022-01-23 19:10:42.008414,0.0,0.0,0.0
2022-01-23 19:10:42.507093,0.0,0.0,0.0
2022-01-23 19:10:43.004798,0.0,0.0,0.0
2022-01-23 19:10:43.510073,0.0,0.0,0.0
2022-01-23 19:10:44.008217,0.0,0.0,0.0
2022-01-23 19:10:44.502995,0.0,0.0,0.0
2022-01-23 19:10:45.003322,0.0,0.0,0.0
2022-01-23 19:10:45.501186,0.0,0.0,0.0
2022-01-23 19:10:46.009667,0.0,0.0,0.0
2022-01-23 19:10:46.506435,0.0,0.0,0.0
2022-01-23 19:10:47.002951,0.0,0.0,0.0
2022-01-23 19:10:47.508938,0.0,0.0,0.0
2022-01-23 19:10:48.007869,0.0,0.0,0.0
2022-01-23 19:10:48.504928,0.0,0.0,0.0
2022-01-23 19:10:49.003173,0.0,0.0,0.0
2022-01-23 19:10:49.509837,0.0,0.0,0.0
2022-01-23 19:10:50.007433,0.0,0.0,0.0
2022-01-23 19:10:50.504838,0.0,0.0,0.0
2022-01-23 19:10:51.002569,0.0,0.0,0.0
2022-01-23 19:10:51.508075,0.0,0.0,0.0
2022-01-23 19:10:52.006637,0.0,0.0,0.0
2022-01-23 19:10:52.504991,0.0,0.0,0.0
2022-01-23 19:10:53.004042,0.0,0.0,0.0
2022-01-23 19:10:53.510579,0.0,0.0,0.0
2022-01-23 19:10:54.009946,0.0,0.0,0.0
2022-01-23 19:10:54.504568,0.0,0.0,0.0
2022-01-23 19:10:55.002360,0.0,0.0,0.0
2022-01-23 19:10:55.510071,0.0,0.0,0.0
2022-01-23 19:10:56.010098,0.0,0.0,0.0
2022-01-23 19:10:56.506896,0.0,0.0,0.0
2022-01-23 19:10:57.008396,0.0,0.0,0.0
2022-01-23 19:10:57.503232,0.0,0.0,0.0
2022-01-23 19:10:58.001099,0.0,0.0,0.0
2022-01-23 19:10:58.506230,0.0,0.0,0.0
2022-01-23 19:10:59.005036,0.0,0.0,0.0
2022-01-23 19:10:59.502800,0.0,0.0,0.0
2022-01-23 19:11:00.001804,0.0,0.0,0.0
2022-01-23 19:11:00.504385,0.0,0.0,0.0
2022-01-23 19:11:01.003221,0.0,0.0,0.0
2022-01-23 19:11:01.508468,0.0,0.0,0.0
2022-01-23 19:11:02.010402,0.0,0.0,0.0
2022-01-23 19:11:02.508339,0.0,0.0,0.0
2022-01-23 19:11:03.007427,0.0,0.0,0.0
2022-01-23 19:11:03.503636,0.0,0.0,0.0
2022-01-23 19:11:04.002415,0.0,0.0,0.0
2022-01-23 19:11:04.508665,0.0,0.0,0.0
2022-01-23 19:11:05.006382,0.0,0.0,0.0
2022-01-23 19:11:05.502382,0.0,0.0,0.0
2022-01-23 19:11:06.010779,0.0,0.0,0.0
2022-01-23 19:11:06.505687,0.0,0.0,0.0
2022-01-23 19:11:07.005524,0.0,0.0,0.0
2022-01-23 19:11:07.511096,0.0,0.0,0.0
2022-01-23 19:11:08.010291,0.0,0.0,0.0
2022-01-23 19:11:08.506572,0.0,0.0,0.0
2022-01-23 19:11:09.004812,0.0,0.0,0.0
2022-01-23 19:11:09.501170,0.0,0.0,0.0
2022-01-23 19:11:10.009344,0.0,0.0,0.0
2022-01-23 19:11:10.504318,0.0,0.0,0.0
2022-01-23 19:11:11.007993,0.0,0.0,0.0
2022-01-23 19:11:11.503086,0.0,0.0,0.0
2022-01-23 19:11:12.010949,0.0,0.0,0.0
2022-01-23 19:11:12.508242,0.0,0.0,0.0
2022-01-23 19:11:13.006892,0.0,0.0,0.0
2022-01-23 19:11:13.501903,0.0,0.0,0.0
2022-01-23 19:11:14.009348,0.0,0.0,0.0
2022-01-23 19:11:14.505569,0.0,0.0,0.0
2022-01-23 19:11:15.003675,0.0,0.0,0.0
2022-01-23 19:11:15.509550,0.0,0.0,0.0
2022-01-23 19:11:16.008552,0.0,0.0,0.0
2022-01-23 19:11:16.504032,0.0,0.0,0.0
2022-01-23 19:11:17.002686,0.0,0.0,0.0
2022-01-23 19:11:17.507522,0.0,0.0,0.0
2022-01-23 19:11:18.005571,0.0,0.0,0.0
2022-01-23 19:11:18.509907,0.0,0.0,0.0
2022-01-23 19:11:19.008677,0.0,0.0,0.0
2022-01-23 19:11:19.503493,0.0,0.0,0.0
2022-01-23 19:11:20.001999,0.0,0.0,0.0
2022-01-23 19:11:20.506966,0.0,0.0,0.0
2022-01-23 19:11:21.005765,0.0,0.0,0.0
2022-01-23 19:11:21.511143,0.0,0.0,0.0
2022-01-23 19:11:22.009737,0.0,0.0,0.0
2022-01-23 19:11:22.504609,0.0,0.0,0.0
2022-01-23 19:11:23.003232,0.0,0.0,0.0
2022-01-23 19:11:23.509848,0.0,0.0,0.0
2022-01-23 19:11:24.008564,0.0,0.0,0.0
2022-01-23 19:11:24.502564,0.0,0.0,0.0
2022-01-23 19:11:25.010168,0.0,0.0,0.0
2022-01-23 19:11:25.507506,0.0,0.0,0.0
2022-01-23 19:11:26.005780,0.0,0.0,0.0
2022-01-23 19:11:26.503364,0.0,0.0,0.0
2022-01-23 19:11:27.002253,0.0,0.0,0.0
2022-01-23 19:11:27.508514,0.0,0.0,0.0
2022-01-23 19:11:28.006369,0.0,0.0,0.0
2022-01-23 19:11:28.502963,0.0,0.0,0.0
2022-01-23 19:11:29.002724,0.0,0.0,0.0
2022-01-23 19:11:29.501395,0.0,0.0,0.0
2022-01-23 19:11:30.010186,0.0,0.0,0.0
2022-01-23 19:11:30.505971,0.0,0.0,0.0
2022-01-23 19:11:31.003983,0.0,0.0,0.0
2022-01-23 19:11:31.508836,0.0,0.0,0.0
2022-01-23 19:11:32.006353,0.0,0.0,0.0
2022-01-23 19:11:32.502587,0.0,0.0,0.0
2022-01-23 19:11:33.003021,0.0,0.0,0.0
2022-01-23 19:11:33.509712,0.0,0.0,0.0
2022-01-23 19:11:34.007766,0.0,0.0,0.0
2022-01-23 19:11:34.502376,0.0,0.0,0.0
2022-01-23 19:11:35.010244,0.0,0.0,0.0
2022-01-23 19:11:35.504671,0.0,0.0,0.0
2022-01-23 19:11:36.005483,0.0,0.0,0.0
2022-01-23 19:11:36.502652,0.0,0.0,0.0
2022-01-23 19:11:37.004582,0.0,0.0,0.0
2022-01-23 19:11:37.510707,0.0,0.0,0.0
2022-01-23 19:11:38.008589,0.0,0.0,0.0
2022-01-23 19:11:38.502847,0.0,0.0,0.0
2022-01-23 19:11:39.002232,0.0,0.0,0.0
2022-01-23 19:11:39.508071,0.0,0.0,0.0
2022-01-23 19:11:40.006179,0.0,0.0,0.0
2022-01-23 19:11:40.501650,0.0,0.0,0.0
2022-01-23 19:11:41.008987,0.0,0.0,0.0
2022-01-23 19:11:41.503876,0.0,0.0,0.0
2022-01-23 19:11:42.002684,0.0,0.0,0.0
2022-01-23 19:11:42.507237,0.0,0.0,0.0
2022-01-23 19:11:43.006050,0.0,0.0,0.0
2022-01-23 19:11:43.501628,0.0,0.0,0.0
2022-01-23 19:11:44.009617,0.0,0.0,0.0
2022-01-23 19:11:44.504993,0.0,0.0,0.0
2022-01-23 19:11:45.003345,0.0,0.0,0.0
2022-01-23 19:11:45.509151,0.0,0.0,0.0
2022-01-23 19:11:46.006549,0.0,0.0,0.0
2022-01-23 19:11:46.502785,0.0,0.0,0.0
2022-01-23 19:11:47.011063,0.0,0.0,0.0
2022-01-23 19:11:47.505938,0.0,0.0,0.0
2022-01-23 19:11:48.004564,0.0,0.0,0.0
2022-01-23 19:11:48.501691,0.0,0.0,0.0
2022-01-23 19:11:49.001702,0.0,0.0,0.0
2022-01-23 19:11:49.507475,0.0,0.0,0.0
2022-01-23 19:11:50.006992,0.0,0.0,0.0
2022-01-23 19:11:50.502014,0.0,0.0,0.0
2022-01-23 19:11:51.010381,0.0,0.0,0.0
2022-01-23 19:11:51.505033,0.0,0.0,0.0
2022-01-23 19:11:52.004134,0.0,0.0,0.0
2022-01-23 19:11:52.510394,0.0,0.0,0.0
2022-01-23 19:11:53.008568,0.0,0.0,0.0
2022-01-23 19:11:53.506432,0.0,0.0,0.0
2022-01-23 19:11:54.004506,0.0,0.0,0.0
2022-01-23 19:11:54.509917,0.0,0.0,0.0
2022-01-23 19:11:55.008615,0.0,0.0,0.0
2022-01-23 19:11:55.503301,0.0,0.0,0.0
2022-01-23 19:11:56.504793,0.0,0.0,0.0
2022-01-23 19:11:57.002204,0.0,0.0,0.0
2022-01-23 19:11:57.508582,0.0,0.0,0.0
2022-01-23 19:11:58.007564,0.0,0.0,0.0
2022-01-23 19:11:58.502809,0.0,0.0,0.0
2022-01-23 19:11:59.002380,0.0,0.0,0.0
2022-01-23 19:11:59.507359,0.0,0.0,0.0
2022-01-23 19:12:00.004573,0.0,0.0,0.0
2022-01-23 19:12:00.501934,0.0,0.0,0.0
2022-01-23 19:12:01.010469,0.0,0.0,0.0
2022-01-23 19:12:01.507961,0.0,0.0,0.0
2022-01-23 19:12:02.008149,0.0,0.0,0.0
2022-01-23 19:12:02.503925,0.0,0.0,0.0
2022-01-23 19:12:03.003357,0.0,0.0,0.0
2022-01-23 19:12:04.005359,0.0,0.0,0.0
2022-01-23 19:12:04.501161,0.0,0.0,0.0
2022-01-23 19:12:05.009787,0.0,0.0,0.0
2022-01-23 19:12:05.505197,0.0,0.0,0.0
2022-01-23 19:12:06.002555,0.0,0.0,0.0
2022-01-23 19:12:06.508494,0.0,0.0,0.0
2022-01-23 19:12:07.006974,0.0,0.0,0.0
2022-01-23 19:12:07.503532,0.0,0.0,0.0
2022-01-23 19:12:08.004106,0.0,0.0,0.0
2022-01-23 19:12:08.510072,0.0,0.0,0.0
2022-01-23 19:12:09.007965,0.0,0.0,0.0
2022-01-23 19:12:09.503349,0.0,0.0,0.0
2022-01-23 19:12:10.002546,0.0,0.0,0.0
2022-01-23 19:12:10.505269,0.0,0.0,0.0
2022-01-23 19:12:11.009019,0.0,0.0,0.0
2022-01-23 19:12:11.503858,0.0,0.0,0.0
2022-01-23 19:12:12.002800,0.0,0.0,0.0
2022-01-23 19:12:12.507927,0.0,0.0,0.0
2022-01-23 19:12:13.005570,0.0,0.0,0.0
2022-01-23 19:12:13.502512,0.0,0.0,0.0
2022-01-23 19:12:14.002212,0.0,0.0,0.0
2022-01-23 19:12:14.506916,0.0,0.0,0.0
2022-01-23 19:12:15.004639,0.0,0.0,0.0
2022-01-23 19:12:15.501323,0.0,0.0,0.0
2022-01-23 19:12:16.010232,0.0,0.0,0.0
2022-01-23 19:12:16.505128,0.0,0.0,0.0
2022-01-23 19:12:17.004057,0.0,0.0,0.0
2022-01-23 19:12:17.510903,0.0,0.0,0.0
2022-01-23 19:12:18.008598,0.0,0.0,0.0
2022-01-23 19:12:18.503101,0.0,0.0,0.0
2022-01-23 19:12:19.001888,0.0,0.0,0.0
2022-01-23 19:12:19.506752,0.0,0.0,0.0
2022-01-23 19:12:20.004052,0.0,0.0,0.0
2022-01-23 19:12:20.510760,0.0,0.0,0.0
2022-01-23 19:12:21.011005,0.0,0.0,0.0
2022-01-23 19:12:21.507044,0.0,0.0,0.0
2022-01-23 19:12:22.007374,0.0,0.0,0.0
2022-01-23 19:12:22.501806,0.0,0.0,0.0
2022-01-23 19:12:23.010334,0.0,0.0,0.0
2022-01-23 19:12:23.504906,0.0,0.0,0.0
2022-01-23 19:12:24.002761,0.0,0.0,0.0
2022-01-23 19:12:24.510072,0.0,0.0,0.0
2022-01-23 19:12:25.008005,0.0,0.0,0.0
2022-01-23 19:12:25.503596,0.0,0.0,0.0
2022-01-23 19:12:26.010273,0.0,0.0,0.0
2022-01-23 19:12:26.505749,0.0,0.0,0.0
2022-01-23 19:12:27.003163,0.0,0.0,0.0
2022-01-23 19:12:27.510749,0.0,0.0,0.0
2022-01-23 19:12:28.008584,0.0,0.0,0.0
2022-01-23 19:12:28.503131,0.0,0.0,0.0
2022-01-23 19:12:29.004585,0.0,0.0,0.0
2022-01-23 19:12:29.510415,0.0,0.0,0.0
2022-01-23 19:12:30.008300,0.0,0.0,0.0
2022-01-23 19:12:30.502692,0.0,0.0,0.0
2022-01-23 19:12:31.002483,0.0,0.0,0.0
2022-01-23 19:12:31.508150,0.0,0.0,0.0
2022-01-23 19:12:32.005808,0.0,0.0,0.0
2022-01-23 19:12:32.502578,0.0,0.0,0.0
2022-01-23 19:12:33.010385,0.0,0.0,0.0
2022-01-23 19:12:33.505484,0.0,0.0,0.0
2022-01-23 19:12:34.003371,0.0,0.0,0.0
2022-01-23 19:12:34.510639,0.0,0.0,0.0
2022-01-23 19:12:35.007733,0.0,0.0,0.0
2022-01-23 19:12:35.503957,0.0,0.0,0.0
2022-01-23 19:12:36.002486,0.0,0.0,0.0
2022-01-23 19:12:36.508222,0.0,0.0,0.0
2022-01-23 19:12:37.006024,0.0,0.0,0.0
2022-01-23 19:12:37.502829,0.0,0.0,0.0
2022-01-23 19:12:38.002513,0.0,0.0,0.0
2022-01-23 19:12:38.507515,0.0,0.0,0.0
2022-01-23 19:12:39.005946,0.0,0.0,0.0
2022-01-23 19:12:39.501093,0.0,0.0,0.0
2022-01-23 19:12:40.010516,0.0,0.0,0.0
2022-01-23 19:12:40.506320,0.0,0.0,0.0
2022-01-23 19:12:41.004024,0.0,0.0,0.0
2022-01-23 19:12:41.510172,0.0,0.0,0.0
2022-01-23 19:12:42.008425,0.0,0.0,0.0
2022-01-23 19:12:42.504538,0.0,0.0,0.0
2022-01-23 19:12:43.003956,0.0,0.0,0.0
2022-01-23 19:12:43.508788,0.0,0.0,0.0
2022-01-23 19:12:44.006309,0.0,0.0,0.0
2022-01-23 19:12:45.004685,0.0,0.0,0.0
2022-01-23 19:12:45.510572,0.0,0.0,0.0
2022-01-23 19:12:46.008661,0.0,0.0,0.0
2022-01-23 19:12:46.503260,0.0,0.0,0.0
2022-01-23 19:12:47.010901,0.0,0.0,0.0
2022-01-23 19:12:47.507434,0.0,0.0,0.0
2022-01-23 19:12:48.007362,0.0,0.0,0.0
2022-01-23 19:12:48.502430,0.0,0.0,0.0
2022-01-23 19:12:49.002169,0.0,0.0,0.0
2022-01-23 19:12:49.508649,0.0,0.0,0.0
2022-01-23 19:12:50.006271,0.0,0.0,0.0
2022-01-23 19:12:50.502725,0.0,0.0,0.0
2022-01-23 19:12:51.010616,0.0,0.0,0.0
2022-01-23 19:12:51.505715,0.0,0.0,0.0
2022-01-23 19:12:52.003896,0.0,0.0,0.0
2022-01-23 19:12:52.509905,0.0,0.0,0.0
2022-01-23 19:12:53.007536,0.0,0.0,0.0
2022-01-23 19:12:53.503492,0.0,0.0,0.0
2022-01-23 19:12:54.002303,0.0,0.0,0.0
2022-01-23 19:12:54.508292,0.0,0.0,0.0
2022-01-23 19:12:55.005969,0.0,0.0,0.0
2022-01-23 19:12:55.501759,0.0,0.0,0.0
2022-01-23 19:12:56.010620,0.0,0.0,0.0
2022-01-23 19:12:56.506863,0.0,0.0,0.0
2022-01-23 19:12:57.005436,0.0,0.0,0.0
2022-01-23 19:12:57.503735,0.0,0.0,0.0
2022-01-23 19:12:58.002288,0.0,0.0,0.0
2022-01-23 19:12:58.507323,0.0,0.0,0.0
2022-01-23 19:12:59.007291,0.0,0.0,0.0
2022-01-23 19:12:59.505072,0.0,0.0,0.0
2022-01-23 19:13:00.003207,0.0,0.0,0.0
2022-01-23 19:13:00.507062,0.0,0.0,0.0
2022-01-23 19:13:01.004132,0.0,0.0,0.0
2022-01-23 19:13:01.509146,0.0,0.0,0.0
2022-01-23 19:13:02.007241,0.0,0.0,0.0
2022-01-23 19:13:02.503773,0.0,0.0,0.0
2022-01-23 19:13:03.002648,0.0,0.0,0.0
2022-01-23 19:13:03.508741,0.0,0.0,0.0
2022-01-23 19:13:04.007310,0.0,0.0,0.0
2022-01-23 19:13:04.503652,0.0,0.0,0.0
2022-01-23 19:13:05.001555,0.0,0.0,0.0
2022-01-23 19:13:05.506432,0.0,0.0,0.0
2022-01-23 19:13:06.005134,0.0,0.0,0.0
2022-01-23 19:13:06.510982,0.0,0.0,0.0
2022-01-23 19:13:07.007832,0.0,0.0,0.0
2022-01-23 19:13:07.503212,0.0,0.0,0.0
2022-01-23 19:13:08.010581,0.0,0.0,0.0
2022-01-23 19:13:08.505887,0.0,0.0,0.0
2022-01-23 19:13:09.003607,0.0,0.0,0.0
2022-01-23 19:13:09.501459,0.0,0.0,0.0
2022-01-23 19:13:10.009273,0.0,0.0,0.0
2022-01-23 19:13:10.503906,0.0,0.0,0.0
2022-01-23 19:13:11.007295,0.0,0.0,0.0
2022-01-23 19:13:11.502506,0.0,0.0,0.0
2022-01-23 19:13:12.010389,0.0,0.0,0.0
2022-01-23 19:13:12.505671,0.0,0.0,0.0
2022-01-23 19:13:13.004388,0.0,0.0,0.0
2022-01-23 19:13:13.510924,0.0,0.0,0.0
2022-01-23 19:13:14.010786,0.0,0.0,0.0
2022-01-23 19:13:14.506604,0.0,0.0,0.0
2022-01-23 19:13:15.004665,0.0,0.0,0.0
2022-01-23 19:13:15.510830,0.0,0.0,0.0
2022-01-23 19:13:16.008329,0.0,0.0,0.0
2022-01-23 19:13:16.504293,0.0,0.0,0.0
2022-01-23 19:13:17.002420,0.0,0.0,0.0
2022-01-23 19:13:17.507580,0.0,0.0,0.0
2022-01-23 19:13:18.005684,0.0,0.0,0.0
2022-01-23 19:13:18.511080,0.0,0.0,0.0
2022-01-23 19:13:19.009035,0.0,0.0,0.0
2022-01-23 19:13:19.505773,0.0,0.0,0.0
2022-01-23 19:13:20.004975,0.0,0.0,0.0
2022-01-23 19:13:20.501077,0.0,0.0,0.0
2022-01-23 19:13:21.009032,0.0,0.0,0.0
2022-01-23 19:13:21.503212,0.0,0.0,0.0
2022-01-23 19:13:22.001374,0.0,0.0,0.0
2022-01-23 19:13:22.506534,0.0,0.0,0.0
2022-01-23 19:13:23.003572,0.0,0.0,0.0
2022-01-23 19:13:23.508960,0.0,0.0,0.0
2022-01-23 19:13:24.007298,0.0,0.0,0.0
2022-01-23 19:13:24.502782,0.0,0.0,0.0
2022-01-23 19:13:25.010530,0.0,0.0,0.0
2022-01-23 19:13:25.505302,0.0,0.0,0.0
2022-01-23 19:13:26.003430,0.0,0.0,0.0
2022-01-23 19:13:26.510814,0.0,0.0,0.0
2022-01-23 19:13:27.009178,0.0,0.0,0.0
2022-01-23 19:13:27.503045,0.0,0.0,0.0
2022-01-23 19:13:28.010308,0.0,0.0,0.0
2022-01-23 19:13:28.505743,0.0,0.0,0.0
2022-01-23 19:13:29.009342,0.0,0.0,0.0
2022-01-23 19:13:29.505808,0.0,0.0,0.0
2022-01-23 19:13:30.005165,0.0,0.0,0.0
2022-01-23 19:13:30.509688,0.0,0.0,0.0
2022-01-23 19:13:31.008231,0.0,0.0,0.0
2022-01-23 19:13:31.504544,0.0,0.0,0.0
2022-01-23 19:13:32.004345,0.0,0.0,0.0
2022-01-23 19:13:32.509194,0.0,0.0,0.0
2022-01-23 19:13:33.006372,0.0,0.0,0.0
2022-01-23 19:13:33.501789,0.0,0.0,0.0
2022-01-23 19:13:34.010100,0.0,0.0,0.0
2022-01-23 19:13:34.505635,0.0,0.0,0.0
2022-01-23 19:13:35.003145,0.0,0.0,0.0
2022-01-23 19:13:35.509187,0.0,0.0,0.0
2022-01-23 19:13:36.007515,0.0,0.0,0.0
2022-01-23 19:13:36.503208,0.0,0.0,0.0
2022-01-23 19:13:37.001536,0.0,0.0,0.0
2022-01-23 19:13:37.506936,0.0,0.0,0.0
2022-01-23 19:13:38.006212,0.0,0.0,0.0
2022-01-23 19:13:38.502113,0.0,0.0,0.0
2022-01-23 19:13:39.010790,0.0,0.0,0.0
2022-01-23 19:13:39.506630,0.0,0.0,0.0
2022-01-23 19:13:40.005463,0.0,0.0,0.0
2022-01-23 19:13:40.501142,0.0,0.0,0.0
2022-01-23 19:13:41.010530,0.0,0.0,0.0
2022-01-23 19:13:41.505638,0.0,0.0,0.0
2022-01-23 19:13:42.004038,0.0,0.0,0.0
2022-01-23 19:13:42.510166,0.0,0.0,0.0
2022-01-23 19:13:43.008329,0.0,0.0,0.0
2022-01-23 19:13:43.503246,0.0,0.0,0.0
2022-01-23 19:13:44.001830,0.0,0.0,0.0
2022-01-23 19:13:44.506865,0.0,0.0,0.0
2022-01-23 19:13:45.005134,0.0,0.0,0.0
2022-01-23 19:13:45.508998,0.0,0.0,0.0
2022-01-23 19:13:46.006864,0.0,0.0,0.0
2022-01-23 19:13:46.504633,0.0,0.0,0.0
2022-01-23 19:13:47.002024,0.0,0.0,0.0
2022-01-23 19:13:47.507314,0.0,0.0,0.0
2022-01-23 19:13:48.007408,0.0,0.0,0.0
2022-01-23 19:13:48.503657,0.0,0.0,0.0
2022-01-23 19:13:49.002768,0.0,0.0,0.0
2022-01-23 19:13:49.509442,0.0,0.0,0.0
2022-01-23 19:13:50.008157,0.0,0.0,0.0
2022-01-23 19:13:50.503937,0.0,0.0,0.0
2022-01-23 19:13:51.002734,0.0,0.0,0.0
2022-01-23 19:13:51.507855,0.0,0.0,0.0
2022-01-23 19:13:52.006197,0.0,0.0,0.0
2022-01-23 19:13:52.502706,0.0,0.0,0.0
2022-01-23 19:13:53.009762,0.0,0.0,0.0
2022-01-23 19:13:53.504863,0.0,0.0,0.0
2022-01-23 19:13:54.002838,0.0,0.0,0.0
2022-01-23 19:13:54.507849,0.0,0.0,0.0
2022-01-23 19:13:55.005829,0.0,0.0,0.0
2022-01-23 19:13:55.501080,0.0,0.0,0.0
2022-01-23 19:13:56.008872,0.0,0.0,0.0
2022-01-23 19:13:56.504471,0.0,0.0,0.0
2022-01-23 19:13:57.005263,0.0,0.0,0.0
2022-01-23 19:13:57.510335,0.0,0.0,0.0
2022-01-23 19:13:58.008354,0.0,0.0,0.0
2022-01-23 19:13:58.503266,0.0,0.0,0.0
2022-01-23 19:13:59.002367,0.0,0.0,0.0
2022-01-23 19:13:59.508324,0.0,0.0,0.0
2022-01-23 19:14:00.006643,0.0,0.0,0.0
2022-01-23 19:14:00.509928,0.0,0.0,0.0
2022-01-23 19:14:01.008969,0.0,0.0,0.0
2022-01-23 19:14:01.505879,0.0,0.0,0.0
2022-01-23 19:14:02.003675,0.0,0.0,0.0
2022-01-23 19:14:02.509263,0.0,0.0,0.0
2022-01-23 19:14:03.007829,0.0,0.0,0.0
2022-01-23 19:14:03.503291,0.0,0.0,0.0
2022-01-23 19:14:04.001775,0.0,0.0,0.0
2022-01-23 19:14:04.507874,0.0,0.0,0.0
2022-01-23 19:14:05.005013,0.0,0.0,0.0
2022-01-23 19:14:05.510316,0.0,0.0,0.0
2022-01-23 19:14:06.006660,0.0,0.0,0.0
2022-01-23 19:14:06.503269,0.0,0.0,0.0
2022-01-23 19:14:07.010168,0.0,0.0,0.0
2022-01-23 19:14:07.506273,0.0,0.0,0.0
2022-01-23 19:14:08.004445,0.0,0.0,0.0
2022-01-23 19:14:08.509079,0.0,0.0,0.0
2022-01-23 19:14:09.005040,0.0,0.0,0.0
2022-01-23 19:14:09.510460,0.0,0.0,0.0
2022-01-23 19:14:10.007967,0.0,0.0,0.0
2022-01-23 19:14:10.502757,0.0,0.0,0.0
2022-01-23 19:14:11.006774,0.0,0.0,0.0
2022-01-23 19:14:11.502135,0.0,0.0,0.0
2022-01-23 19:14:12.010843,0.0,0.0,0.0
2022-01-23 19:14:12.505894,0.0,0.0,0.0
2022-01-23 19:14:13.002849,0.0,0.0,0.0
2022-01-23 19:14:13.509346,0.0,0.0,0.0
2022-01-23 19:14:14.005545,0.0,0.0,0.0
2022-01-23 19:14:14.501421,0.0,0.0,0.0
2022-01-23 19:14:15.010211,0.0,0.0,0.0
2022-01-23 19:14:15.506700,0.0,0.0,0.0
2022-01-23 19:14:16.004115,0.0,0.0,0.0
2022-01-23 19:14:16.510978,0.0,0.0,0.0
2022-01-23 19:14:17.009715,0.0,0.0,0.0
2022-01-23 19:14:17.505445,0.0,0.0,0.0
2022-01-23 19:14:18.004005,0.0,0.0,0.0
2022-01-23 19:14:18.510432,0.0,0.0,0.0
2022-01-23 19:14:19.007485,0.0,0.0,0.0
2022-01-23 19:14:19.502034,0.0,0.0,0.0
2022-01-23 19:14:20.010107,0.0,0.0,0.0
2022-01-23 19:14:20.505090,0.0,0.0,0.0
2022-01-23 19:14:21.003433,0.0,0.0,0.0
2022-01-23 19:14:21.508884,0.0,0.0,0.0
2022-01-23 19:14:22.007783,0.0,0.0,0.0
2022-01-23 19:14:22.504434,0.0,0.0,0.0
2022-01-23 19:14:23.003956,0.0,0.0,0.0
2022-01-23 19:14:23.501648,0.0,0.0,0.0
2022-01-23 19:14:24.001201,0.0,0.0,0.0
2022-01-23 19:14:24.510112,0.0,0.0,0.0
2022-01-23 19:14:25.008614,0.0,0.0,0.0
2022-01-23 19:14:25.503894,0.0,0.0,0.0
2022-01-23 19:14:26.004453,0.0,0.0,0.0
2022-01-23 19:14:26.501136,0.0,0.0,0.0
2022-01-23 19:14:27.004322,0.0,0.0,0.0
2022-01-23 19:14:27.502964,0.0,0.0,0.0
2022-01-23 19:14:28.010297,0.0,0.0,0.0
2022-01-23 19:14:28.504720,0.0,0.0,0.0
2022-01-23 19:14:29.002368,0.0,0.0,0.0
2022-01-23 19:14:29.508749,0.0,0.0,0.0
2022-01-23 19:14:30.007108,0.0,0.0,0.0
2022-01-23 19:14:30.502298,0.0,0.0,0.0
2022-01-23 19:14:31.011214,0.0,0.0,0.0
2022-01-23 19:14:31.505793,0.0,0.0,0.0
2022-01-23 19:14:32.004838,0.0,0.0,0.0
2022-01-23 19:14:32.501068,0.0,0.0,0.0
2022-01-23 19:14:33.009961,0.0,0.0,0.0
2022-01-23 19:14:33.505067,0.0,0.0,0.0
2022-01-23 19:14:34.003580,0.0,0.0,0.0
2022-01-23 19:14:34.510374,0.0,0.0,0.0
2022-01-23 19:14:35.006868,0.0,0.0,0.0
2022-01-23 19:14:35.503776,0.0,0.0,0.0
2022-01-23 19:14:36.001988,0.0,0.0,0.0
2022-01-23 19:14:36.507141,0.0,0.0,0.0
2022-01-23 19:14:37.006479,0.0,0.0,0.0
2022-01-23 19:14:37.503389,0.0,0.0,0.0
2022-01-23 19:14:38.002602,0.0,0.0,0.0
2022-01-23 19:14:38.509204,0.0,0.0,0.0
2022-01-23 19:14:39.008238,0.0,0.0,0.0
2022-01-23 19:14:39.504271,0.0,0.0,0.0
2022-01-23 19:14:40.002770,0.0,0.0,0.0
2022-01-23 19:14:40.507922,0.0,0.0,0.0
2022-01-23 19:14:41.007534,0.0,0.0,0.0
2022-01-23 19:14:41.503732,0.0,0.0,0.0
2022-01-23 19:14:42.001104,0.0,0.0,0.0
2022-01-23 19:14:42.507418,0.0,0.0,0.0
2022-01-23 19:14:43.006304,0.0,0.0,0.0
2022-01-23 19:14:43.502194,0.0,0.0,0.0
2022-01-23 19:14:44.001001,0.0,0.0,0.0
2022-01-23 19:14:44.506416,0.0,0.0,0.0
2022-01-23 19:14:45.003782,0.0,0.0,0.0
2022-01-23 19:14:45.508869,0.0,0.0,0.0
2022-01-23 19:14:46.006360,0.0,0.0,0.0
2022-01-23 19:14:46.501548,0.0,0.0,0.0
2022-01-23 19:14:47.010404,0.0,0.0,0.0
2022-01-23 19:14:47.506713,0.0,0.0,0.0
2022-01-23 19:14:48.004588,0.0,0.0,0.0
2022-01-23 19:14:48.509172,0.0,0.0,0.0
2022-01-23 19:14:49.007212,0.0,0.0,0.0
2022-01-23 19:14:49.502666,0.0,0.0,0.0
2022-01-23 19:14:50.010835,0.0,0.0,0.0
2022-01-23 19:14:50.509450,0.0,0.0,0.0
2022-01-23 19:14:51.008285,0.0,0.0,0.0
2022-01-23 19:14:51.505236,0.0,0.0,0.0
2022-01-23 19:14:52.003753,0.0,0.0,0.0
2022-01-23 19:14:52.509235,0.0,0.0,0.0
2022-01-23 19:14:53.007298,0.0,0.0,0.0
2022-01-23 19:14:53.503892,0.0,0.0,0.0
2022-01-23 19:14:54.001066,0.0,0.0,0.0
2022-01-23 19:14:54.506791,0.0,0.0,0.0
2022-01-23 19:14:55.006264,0.0,0.0,0.0
2022-01-23 19:14:55.501431,0.0,0.0,0.0
2022-01-23 19:14:56.007478,0.0,0.0,0.0
2022-01-23 19:14:56.503159,0.0,0.0,0.0
2022-01-23 19:14:57.001059,0.0,0.0,0.0
2022-01-23 19:14:57.509125,0.0,0.0,0.0
2022-01-23 19:14:58.008339,0.0,0.0,0.0
2022-01-23 19:14:58.503330,0.0,0.0,0.0
2022-01-23 19:14:59.004944,0.0,0.0,0.0
2022-01-23 19:14:59.510713,0.0,0.0,0.0
2022-01-23 19:15:00.008366,0.0,0.0,0.0
2022-01-23 19:15:00.506948,0.0,0.0,0.0
2022-01-23 19:15:01.006415,0.0,0.0,0.0
2022-01-23 19:15:01.502443,0.0,0.0,0.0
2022-01-23 19:15:02.001884,0.0,0.0,0.0
2022-01-23 19:15:02.508218,0.0,0.0,0.0
2022-01-23 19:15:03.005260,0.0,0.0,0.0
2022-01-23 19:15:04.004798,0.0,0.0,0.0
2022-01-23 19:15:04.509714,0.0,0.0,0.0
2022-01-23 19:15:05.008863,0.0,0.0,0.0
2022-01-23 19:15:05.503922,0.0,0.0,0.0
2022-01-23 19:15:06.001552,0.0,0.0,0.0
2022-01-23 19:15:06.507129,0.0,0.0,0.0
2022-01-23 19:15:07.004342,0.0,0.0,0.0
2022-01-23 19:15:07.502754,0.0,0.0,0.0
2022-01-23 19:15:08.001095,0.0,0.0,0.0
2022-01-23 19:15:08.506344,0.0,0.0,0.0
2022-01-23 19:15:09.003253,0.0,0.0,0.0
2022-01-23 19:15:09.508898,0.0,0.0,0.0
2022-01-23 19:15:10.005777,0.0,0.0,0.0
2022-01-23 19:15:10.509915,0.0,0.0,0.0
2022-01-23 19:15:11.009210,0.0,0.0,0.0
2022-01-23 19:15:11.504796,0.0,0.0,0.0
2022-01-23 19:15:12.003002,0.0,0.0,0.0
2022-01-23 19:15:12.507457,0.0,0.0,0.0
2022-01-23 19:15:13.005966,0.0,0.0,0.0
2022-01-23 19:15:13.501733,0.0,0.0,0.0
2022-01-23 19:15:14.009208,0.0,0.0,0.0
2022-01-23 19:15:14.503815,0.0,0.0,0.0
2022-01-23 19:15:15.011225,0.0,0.0,0.0
2022-01-23 19:15:15.507144,0.0,0.0,0.0
2022-01-23 19:15:16.005084,0.0,0.0,0.0
2022-01-23 19:15:17.005619,0.0,0.0,0.0
2022-01-23 19:15:17.501445,0.0,0.0,0.0
2022-01-23 19:15:18.010689,0.0,0.0,0.0
2022-01-23 19:15:18.505105,0.0,0.0,0.0
2022-01-23 19:15:19.003422,0.0,0.0,0.0
2022-01-23 19:15:19.508659,0.0,0.0,0.0
2022-01-23 19:15:20.006818,0.0,0.0,0.0
2022-01-23 19:15:20.502531,0.0,0.0,0.0
2022-01-23 19:15:21.504966,0.0,0.0,0.0
2022-01-23 19:15:22.006374,0.0,0.0,0.0
2022-01-23 19:15:23.004656,0.0,0.0,0.0
2022-01-23 19:15:23.509761,0.0,0.0,0.0
2022-01-23 19:15:24.006336,0.0,0.0,0.0
2022-01-23 19:15:24.501096,0.0,0.0,0.0
2022-01-23 19:15:25.009315,0.0,0.0,0.0
2022-01-23 19:15:25.506267,0.0,0.0,0.0
2022-01-23 19:15:26.006458,0.0,0.0,0.0
2022-01-23 19:15:26.502585,0.0,0.0,0.0
2022-01-23 19:15:27.011261,0.0,0.0,0.0
2022-01-23 19:15:27.505391,0.0,0.0,0.0
2022-01-23 19:15:28.003753,0.0,0.0,0.0
2022-01-23 19:15:28.508874,0.0,0.0,0.0
2022-01-23 19:15:29.007687,0.0,0.0,0.0
2022-01-23 19:15:29.503393,0.0,0.0,0.0
2022-01-23 19:15:30.001312,0.0,0.0,0.0
2022-01-23 19:15:30.506378,0.0,0.0,0.0
2022-01-23 19:15:31.005879,0.0,0.0,0.0
2022-01-23 19:15:31.501871,0.0,0.0,0.0
2022-01-23 19:15:32.009949,0.0,0.0,0.0
2022-01-23 19:15:32.505965,0.0,0.0,0.0
2022-01-23 19:15:33.003648,0.0,0.0,0.0
2022-01-23 19:15:33.509186,0.0,0.0,0.0
2022-01-23 19:15:34.007270,0.0,0.0,0.0
2022-01-23 19:15:34.502177,0.0,0.0,0.0
2022-01-23 19:15:35.010622,0.0,0.0,0.0
2022-01-23 19:15:35.506096,0.0,0.0,0.0
2022-01-23 19:15:36.005965,0.0,0.0,0.0
2022-01-23 19:15:36.503335,0.0,0.0,0.0
2022-01-23 19:15:37.002584,0.0,0.0,0.0
2022-01-23 19:15:37.501306,0.0,0.0,0.0
2022-01-23 19:15:38.010083,0.0,0.0,0.0
2022-01-23 19:15:38.505857,0.0,0.0,0.0
2022-01-23 19:15:39.003772,0.0,0.0,0.0
2022-01-23 19:15:39.510405,0.0,0.0,0.0
2022-01-23 19:15:40.008680,0.0,0.0,0.0
2022-01-23 19:15:40.502666,0.0,0.0,0.0
2022-01-23 19:15:41.010848,0.0,0.0,0.0
2022-01-23 19:15:41.505853,0.0,0.0,0.0
2022-01-23 19:15:42.004469,0.0,0.0,0.0
2022-01-23 19:15:42.511193,0.0,0.0,0.0
2022-01-23 19:15:43.010005,0.0,0.0,0.0
2022-01-23 19:15:43.505682,0.0,0.0,0.0
2022-01-23 19:15:44.004467,0.0,0.0,0.0
2022-01-23 19:15:44.501078,0.0,0.0,0.0
2022-01-23 19:15:45.008709,0.0,0.0,0.0
2022-01-23 19:15:45.504380,0.0,0.0,0.0
2022-01-23 19:15:46.002893,0.0,0.0,0.0
2022-01-23 19:15:46.508603,0.0,0.0,0.0
2022-01-23 19:15:47.007044,0.0,0.0,0.0
2022-01-23 19:15:47.502992,0.0,0.0,0.0
2022-01-23 19:15:48.009051,0.0,0.0,0.0
2022-01-23 19:15:48.504774,0.0,0.0,0.0
2022-01-23 19:15:49.004309,0.0,0.0,0.0
2022-01-23 19:15:49.502142,0.0,0.0,0.0
2022-01-23 19:15:50.010504,0.0,0.0,0.0
2022-01-23 19:15:50.506346,0.0,0.0,0.0
2022-01-23 19:15:51.004443,0.0,0.0,0.0
2022-01-23 19:15:51.510304,0.0,0.0,0.0
2022-01-23 19:15:52.007798,0.0,0.0,0.0
2022-01-23 19:15:52.502909,0.0,0.0,0.0
2022-01-23 19:15:53.002124,0.0,0.0,0.0
2022-01-23 19:15:53.508392,0.0,0.0,0.0
2022-01-23 19:15:54.005503,0.0,0.0,0.0
2022-01-23 19:15:54.510447,0.0,0.0,0.0
2022-01-23 19:15:55.009280,0.0,0.0,0.0
2022-01-23 19:15:55.504033,0.0,0.0,0.0
2022-01-23 19:15:56.002503,0.0,0.0,0.0
2022-01-23 19:15:56.506088,0.0,0.0,0.0
2022-01-23 19:15:57.003995,0.0,0.0,0.0
2022-01-23 19:15:57.511131,0.0,0.0,0.0
2022-01-23 19:15:58.010751,0.0,0.0,0.0
2022-01-23 19:15:58.506798,0.0,0.0,0.0
2022-01-23 19:15:59.005784,0.0,0.0,0.0
2022-01-23 19:15:59.501822,0.0,0.0,0.0
2022-01-23 19:16:00.010002,0.0,0.0,0.0
2022-01-23 19:16:00.502990,0.0,0.0,0.0
2022-01-23 19:16:01.009112,0.0,0.0,0.0
2022-01-23 19:16:01.504604,0.0,0.0,0.0
2022-01-23 19:16:02.002466,0.0,0.0,0.0
2022-01-23 19:16:02.511009,0.0,0.0,0.0
2022-01-23 19:16:03.008899,0.0,0.0,0.0
2022-01-23 19:16:03.504724,0.0,0.0,0.0
2022-01-23 19:16:04.003541,0.0,0.0,0.0
2022-01-23 19:16:04.510418,0.0,0.0,0.0
2022-01-23 19:16:05.008842,0.0,0.0,0.0
2022-01-23 19:16:05.503266,0.0,0.0,0.0
2022-01-23 19:16:06.000968,0.0,0.0,0.0
2022-01-23 19:16:06.507443,0.0,0.0,0.0
2022-01-23 19:16:07.005341,0.0,0.0,0.0
2022-01-23 19:16:07.510278,0.0,0.0,0.0
2022-01-23 19:16:08.008432,0.0,0.0,0.0
2022-01-23 19:16:08.502793,0.0,0.0,0.0
2022-01-23 19:16:09.010266,0.0,0.0,0.0
2022-01-23 19:16:09.507833,0.0,0.0,0.0
2022-01-23 19:16:10.006156,0.0,0.0,0.0
2022-01-23 19:16:10.502105,0.0,0.0,0.0
2022-01-23 19:16:11.006744,0.0,0.0,0.0
2022-01-23 19:16:11.503278,0.0,0.0,0.0
2022-01-23 19:16:12.010621,0.0,0.0,0.0
2022-01-23 19:16:12.507229,0.0,0.0,0.0
2022-01-23 19:16:13.004536,0.0,0.0,0.0
2022-01-23 19:16:13.510407,0.0,0.0,0.0
2022-01-23 19:16:14.008644,0.0,0.0,0.0
2022-01-23 19:16:14.503490,0.0,0.0,0.0
2022-01-23 19:16:15.002645,0.0,0.0,0.0
2022-01-23 19:16:15.508644,0.0,0.0,0.0
2022-01-23 19:16:16.007454,0.0,0.0,0.0
2022-01-23 19:16:16.502960,0.0,0.0,0.0
2022-01-23 19:16:17.504879,0.0,0.0,0.0
2022-01-23 19:16:18.002555,0.0,0.0,0.0
2022-01-23 19:16:18.507294,0.0,0.0,0.0
2022-01-23 19:16:19.005859,0.0,0.0,0.0
2022-01-23 19:16:19.501545,0.0,0.0,0.0
2022-01-23 19:16:20.008466,0.0,0.0,0.0
2022-01-23 19:16:20.504174,0.0,0.0,0.0
2022-01-23 19:16:21.001965,0.0,0.0,0.0
2022-01-23 19:16:21.508087,0.0,0.0,0.0
2022-01-23 19:16:22.005560,0.0,0.0,0.0
2022-01-23 19:16:22.501109,0.0,0.0,0.0
2022-01-23 19:16:23.008879,0.0,0.0,0.0
2022-01-23 19:16:23.504750,0.0,0.0,0.0
2022-01-23 19:16:24.002622,0.0,0.0,0.0
2022-01-23 19:16:24.508974,0.0,0.0,0.0
2022-01-23 19:16:25.006720,0.0,0.0,0.0
2022-01-23 19:16:25.501222,0.0,0.0,0.0
2022-01-23 19:16:26.010120,0.0,0.0,0.0
2022-01-23 19:16:26.505522,0.0,0.0,0.0
2022-01-23 19:16:27.003242,0.0,0.0,0.0
2022-01-23 19:16:27.509108,0.0,0.0,0.0
2022-01-23 19:16:28.009275,0.0,0.0,0.0
2022-01-23 19:16:28.504706,0.0,0.0,0.0
2022-01-23 19:16:29.002527,0.0,0.0,0.0
2022-01-23 19:16:29.509520,0.0,0.0,0.0
2022-01-23 19:16:30.007831,0.0,0.0,0.0
2022-01-23 19:16:30.504312,0.0,0.0,0.0
2022-01-23 19:16:31.001950,0.0,0.0,0.0
2022-01-23 19:16:31.509016,0.0,0.0,0.0
2022-01-23 19:16:32.006613,0.0,0.0,0.0
2022-01-23 19:16:32.502036,0.0,0.0,0.0
2022-01-23 19:16:33.011179,0.0,0.0,0.0
2022-01-23 19:16:33.507256,0.0,0.0,0.0
2022-01-23 19:16:34.005875,0.0,0.0,0.0
2022-01-23 19:16:34.502864,0.0,0.0,0.0
2022-01-23 19:16:35.001750,0.0,0.0,0.0
2022-01-23 19:16:35.508310,0.0,0.0,0.0
2022-01-23 19:16:36.007226,0.0,0.0,0.0
2022-01-23 19:16:36.501138,0.0,0.0,0.0
2022-01-23 19:16:37.009095,0.0,0.0,0.0
2022-01-23 19:16:37.503453,0.0,0.0,0.0
2022-01-23 19:16:38.002462,0.0,0.0,0.0
2022-01-23 19:16:38.508849,0.0,0.0,0.0
2022-01-23 19:16:39.006697,0.0,0.0,0.0
2022-01-23 19:16:39.501730,0.0,0.0,0.0
2022-01-23 19:16:40.010014,0.0,0.0,0.0
2022-01-23 19:16:40.505396,0.0,0.0,0.0
2022-01-23 19:16:41.002767,0.0,0.0,0.0
2022-01-23 19:16:41.508972,0.0,0.0,0.0
2022-01-23 19:16:42.006274,0.0,0.0,0.0
2022-01-23 19:16:42.501955,0.0,0.0,0.0
2022-01-23 19:16:43.010665,0.0,0.0,0.0
2022-01-23 19:16:43.505446,0.0,0.0,0.0
2022-01-23 19:16:44.003925,0.0,0.0,0.0
2022-01-23 19:16:44.511132,0.0,0.0,0.0
2022-01-23 19:16:45.009136,0.0,0.0,0.0
2022-01-23 19:16:45.505717,0.0,0.0,0.0
2022-01-23 19:16:46.004334,0.0,0.0,0.0
2022-01-23 19:16:46.510532,0.0,0.0,0.0
2022-01-23 19:16:47.008554,0.0,0.0,0.0
2022-01-23 19:16:47.505014,0.0,0.0,0.0
2022-01-23 19:16:48.002427,0.0,0.0,0.0
2022-01-23 19:16:48.507315,0.0,0.0,0.0
2022-01-23 19:16:49.005872,0.0,0.0,0.0
2022-01-23 19:16:49.502121,0.0,0.0,0.0
2022-01-23 19:16:50.010898,0.0,0.0,0.0
2022-01-23 19:16:50.506430,0.0,0.0,0.0
2022-01-23 19:16:51.005564,0.0,0.0,0.0
2022-01-23 19:16:51.503952,0.0,0.0,0.0
2022-01-23 19:16:52.002689,0.0,0.0,0.0
2022-01-23 19:16:52.508650,0.0,0.0,0.0
2022-01-23 19:16:53.006247,0.0,0.0,0.0
2022-01-23 19:16:53.502111,0.0,0.0,0.0
2022-01-23 19:16:54.010896,0.0,0.0,0.0
2022-01-23 19:16:54.506541,0.0,0.0,0.0
2022-01-23 19:16:55.005675,0.0,0.0,0.0
2022-01-23 19:16:55.501565,0.0,0.0,0.0
2022-01-23 19:16:56.009616,0.0,0.0,0.0
2022-01-23 19:16:56.505874,0.0,0.0,0.0
2022-01-23 19:16:57.004405,0.0,0.0,0.0
2022-01-23 19:16:57.510527,0.0,0.0,0.0
2022-01-23 19:16:58.008921,0.0,0.0,0.0
2022-01-23 19:16:58.504900,0.0,0.0,0.0
2022-01-23 19:16:59.003596,0.0,0.0,0.0
2022-01-23 19:16:59.509783,0.0,0.0,0.0
2022-01-23 19:17:00.007764,0.0,0.0,0.0
2022-01-23 19:17:00.502101,0.0,0.0,0.0
2022-01-23 19:17:01.010798,0.0,0.0,0.0
2022-01-23 19:17:01.507515,0.0,0.0,0.0
2022-01-23 19:17:02.005472,0.0,0.0,0.0
2022-01-23 19:17:02.510146,0.0,0.0,0.0
2022-01-23 19:17:03.007917,0.0,0.0,0.0
2022-01-23 19:17:03.503333,0.0,0.0,0.0
2022-01-23 19:17:04.002444,0.0,0.0,0.0
2022-01-23 19:17:04.508641,0.0,0.0,0.0
2022-01-23 19:17:05.008538,0.0,0.0,0.0
2022-01-23 19:17:05.503826,0.0,0.0,0.0
2022-01-23 19:17:06.002777,0.0,0.0,0.0
2022-01-23 19:17:06.508714,0.0,0.0,0.0
2022-01-23 19:17:07.006742,0.0,0.0,0.0
2022-01-23 19:17:07.511186,0.0,0.0,0.0
2022-01-23 19:17:08.010245,0.0,0.0,0.0
2022-01-23 19:17:08.510459,0.0,0.0,0.0
2022-01-23 19:17:09.007997,0.0,0.0,0.0
2022-01-23 19:17:09.502720,0.0,0.0,0.0
2022-01-23 19:17:10.001657,0.0,0.0,0.0
2022-01-23 19:17:10.506683,0.0,0.0,0.0
2022-01-23 19:17:11.001878,0.0,0.0,0.0
2022-01-23 19:17:11.506185,0.0,0.0,0.0
2022-01-23 19:17:12.006313,0.0,0.0,0.0
2022-01-23 19:17:12.503170,0.0,0.0,0.0
2022-01-23 19:17:13.002636,0.0,0.0,0.0
2022-01-23 19:17:13.508872,0.0,0.0,0.0
2022-01-23 19:17:14.007512,0.0,0.0,0.0
2022-01-23 19:17:14.503672,0.0,0.0,0.0
2022-01-23 19:17:15.002197,0.0,0.0,0.0
2022-01-23 19:17:15.507176,0.0,0.0,0.0
2022-01-23 19:17:16.005520,0.0,0.0,0.0
2022-01-23 19:17:16.510340,0.0,0.0,0.0
2022-01-23 19:17:17.007263,0.0,0.0,0.0
2022-01-23 19:17:17.501780,0.0,0.0,0.0
2022-01-23 19:17:18.009453,0.0,0.0,0.0
2022-01-23 19:17:18.506292,0.0,0.0,0.0
2022-01-23 19:17:19.002915,0.0,0.0,0.0
2022-01-23 19:17:19.507989,0.0,0.0,0.0
2022-01-23 19:17:20.006880,0.0,0.0,0.0
2022-01-23 19:17:20.502173,0.0,0.0,0.0
2022-01-23 19:17:21.009474,0.0,0.0,0.0
2022-01-23 19:17:21.506716,0.0,0.0,0.0
2022-01-23 19:17:22.003763,0.0,0.0,0.0
2022-01-23 19:17:22.509493,0.0,0.0,0.0
2022-01-23 19:17:23.006791,0.0,0.0,0.0
2022-01-23 19:17:23.501665,0.0,0.0,0.0
2022-01-23 19:17:24.009257,0.0,0.0,0.0
2022-01-23 19:17:24.505702,0.0,0.0,0.0
2022-01-23 19:17:25.004051,0.0,0.0,0.0
2022-01-23 19:17:25.502454,0.0,0.0,0.0
2022-01-23 19:17:26.011044,0.0,0.0,0.0
2022-01-23 19:17:26.507357,0.0,0.0,0.0
2022-01-23 19:17:27.004349,0.0,0.0,0.0
2022-01-23 19:17:27.510987,0.0,0.0,0.0
2022-01-23 19:17:28.007977,0.0,0.0,0.0
2022-01-23 19:17:28.502747,0.0,0.0,0.0
2022-01-23 19:17:29.002302,0.0,0.0,0.0
2022-01-23 19:17:29.508607,0.0,0.0,0.0
2022-01-23 19:17:30.007245,0.0,0.0,0.0
2022-01-23 19:17:30.502642,0.0,0.0,0.0
2022-01-23 19:17:31.010872,0.0,0.0,0.0
2022-01-23 19:17:31.506772,0.0,0.0,0.0
2022-01-23 19:17:32.005874,0.0,0.0,0.0
2022-01-23 19:17:32.503031,0.0,0.0,0.0
2022-01-23 19:17:33.011200,0.0,0.0,0.0
2022-01-23 19:17:33.506500,0.0,0.0,0.0
2022-01-23 19:17:34.005082,0.0,0.0,0.0
2022-01-23 19:17:34.510203,0.0,0.0,0.0
2022-01-23 19:17:35.010332,0.0,0.0,0.0
2022-01-23 19:17:35.508110,0.0,0.0,0.0
2022-01-23 19:17:36.005873,0.0,0.0,0.0
2022-01-23 19:17:36.502254,0.0,0.0,0.0
2022-01-23 19:17:37.009646,0.0,0.0,0.0
2022-01-23 19:17:37.506053,0.0,0.0,0.0
2022-01-23 19:17:38.005437,0.0,0.0,0.0
2022-01-23 19:17:38.502695,0.0,0.0,0.0
2022-01-23 19:17:39.010839,0.0,0.0,0.0
2022-01-23 19:17:39.505531,0.0,0.0,0.0
2022-01-23 19:17:40.004254,0.0,0.0,0.0
2022-01-23 19:17:40.510710,0.0,0.0,0.0
2022-01-23 19:17:41.008250,0.0,0.0,0.0
2022-01-23 19:17:41.504095,0.0,0.0,0.0
2022-01-23 19:17:42.001766,0.0,0.0,0.0
2022-01-23 19:17:42.507395,0.0,0.0,0.0
2022-01-23 19:17:43.005118,0.0,0.0,0.0
2022-01-23 19:17:43.510717,0.0,0.0,0.0
2022-01-23 19:17:44.009113,0.0,0.0,0.0
2022-01-23 19:17:44.505405,0.0,0.0,0.0
2022-01-23 19:17:45.003798,0.0,0.0,0.0
2022-01-23 19:17:45.511009,0.0,0.0,0.0
2022-01-23 19:17:46.009825,0.0,0.0,0.0
2022-01-23 19:17:46.504442,0.0,0.0,0.0
2022-01-23 19:17:47.004619,0.0,0.0,0.0
2022-01-23 19:17:47.510280,0.0,0.0,0.0
2022-01-23 19:17:48.008433,0.0,0.0,0.0
2022-01-23 19:17:48.502186,0.0,0.0,0.0
2022-01-23 19:17:49.011182,0.0,0.0,0.0
2022-01-23 19:17:49.506770,0.0,0.0,0.0
2022-01-23 19:17:50.004274,0.0,0.0,0.0
2022-01-23 19:17:50.501235,0.0,0.0,0.0
2022-01-23 19:17:51.009982,0.0,0.0,0.0
2022-01-23 19:17:51.504843,0.0,0.0,0.0
2022-01-23 19:17:52.002093,0.0,0.0,0.0
2022-01-23 19:17:52.510307,0.0,0.0,0.0
2022-01-23 19:17:53.009772,0.0,0.0,0.0
2022-01-23 19:17:53.505897,0.0,0.0,0.0
2022-01-23 19:17:54.004596,0.0,0.0,0.0
2022-01-23 19:17:54.509893,0.0,0.0,0.0
2022-01-23 19:17:55.007380,0.0,0.0,0.0
2022-01-23 19:17:55.503298,0.0,0.0,0.0
2022-01-23 19:17:56.002874,0.0,0.0,0.0
2022-01-23 19:17:56.508520,0.0,0.0,0.0
2022-01-23 19:17:57.006757,0.0,0.0,0.0
2022-01-23 19:17:57.502142,0.0,0.0,0.0
2022-01-23 19:17:58.009422,0.0,0.0,0.0
2022-01-23 19:17:58.504305,0.0,0.0,0.0
2022-01-23 19:17:59.002523,0.0,0.0,0.0
2022-01-23 19:17:59.508886,0.0,0.0,0.0
2022-01-23 19:18:00.007241,0.0,0.0,0.0
2022-01-23 19:18:00.503705,0.0,0.0,0.0
2022-01-23 19:18:01.003083,0.0,0.0,0.0
2022-01-23 19:18:01.509289,0.0,0.0,0.0
2022-01-23 19:18:02.007140,0.0,0.0,0.0
2022-01-23 19:18:02.503453,0.0,0.0,0.0
2022-01-23 19:18:03.001987,0.0,0.0,0.0
2022-01-23 19:18:03.507371,0.0,0.0,0.0
2022-01-23 19:18:04.006067,0.0,0.0,0.0
2022-01-23 19:18:04.501326,0.0,0.0,0.0
2022-01-23 19:18:05.010015,0.0,0.0,0.0
2022-01-23 19:18:05.506738,0.0,0.0,0.0
2022-01-23 19:18:06.006336,0.0,0.0,0.0
2022-01-23 19:18:06.501640,0.0,0.0,0.0
2022-01-23 19:18:07.010069,0.0,0.0,0.0
2022-01-23 19:18:07.505047,0.0,0.0,0.0
2022-01-23 19:18:08.003213,0.0,0.0,0.0
2022-01-23 19:18:08.508351,0.0,0.0,0.0
2022-01-23 19:18:09.005409,0.0,0.0,0.0
2022-01-23 19:18:09.501804,0.0,0.0,0.0
2022-01-23 19:18:10.001375,0.0,0.0,0.0
2022-01-23 19:18:10.507615,0.0,0.0,0.0
2022-01-23 19:18:11.002243,0.0,0.0,0.0
2022-01-23 19:18:11.508068,0.0,0.0,0.0
2022-01-23 19:18:12.006389,0.0,0.0,0.0
2022-01-23 19:18:12.504482,0.0,0.0,0.0
2022-01-23 19:18:13.001917,0.0,0.0,0.0
2022-01-23 19:18:13.506614,0.0,0.0,0.0
2022-01-23 19:18:14.003382,0.0,0.0,0.0
2022-01-23 19:18:14.509325,0.0,0.0,0.0
2022-01-23 19:18:15.006705,0.0,0.0,0.0
2022-01-23 19:18:15.502289,0.0,0.0,0.0
2022-01-23 19:18:16.010103,0.0,0.0,0.0
2022-01-23 19:18:16.505179,0.0,0.0,0.0
2022-01-23 19:18:17.002669,0.0,0.0,0.0
2022-01-23 19:18:17.508964,0.0,0.0,0.0
2022-01-23 19:18:18.007471,0.0,0.0,0.0
2022-01-23 19:18:18.501919,0.0,0.0,0.0
2022-01-23 19:18:19.010012,0.0,0.0,0.0
2022-01-23 19:18:19.507878,0.0,0.0,0.0
2022-01-23 19:18:20.005083,0.0,0.0,0.0
2022-01-23 19:18:20.501337,0.0,0.0,0.0
2022-01-23 19:18:21.009876,0.0,0.0,0.0
2022-01-23 19:18:21.503652,0.0,0.0,0.0
2022-01-23 19:18:22.001726,0.0,0.0,0.0
2022-01-23 19:18:22.509364,0.0,0.0,0.0
2022-01-23 19:18:23.007603,0.0,0.0,0.0
2022-01-23 19:18:23.502739,0.0,0.0,0.0
2022-01-23 19:18:24.001888,0.0,0.0,0.0
2022-01-23 19:18:24.506950,0.0,0.0,0.0
2022-01-23 19:18:25.005280,0.0,0.0,0.0
2022-01-23 19:18:25.510445,0.0,0.0,0.0
2022-01-23 19:18:26.009903,0.0,0.0,0.0
2022-01-23 19:18:26.505360,0.0,0.0,0.0
2022-01-23 19:18:27.002794,0.0,0.0,0.0
2022-01-23 19:18:27.510210,0.0,0.0,0.0
2022-01-23 19:18:28.008057,0.0,0.0,0.0
2022-01-23 19:18:28.504069,0.0,0.0,0.0
2022-01-23 19:18:29.002309,0.0,0.0,0.0
2022-01-23 19:18:29.507372,0.0,0.0,0.0
2022-01-23 19:18:30.005066,0.0,0.0,0.0
2022-01-23 19:18:30.511045,0.0,0.0,0.0
2022-01-23 19:18:31.009284,0.0,0.0,0.0
2022-01-23 19:18:31.503971,0.0,0.0,0.0
2022-01-23 19:18:32.003361,0.0,0.0,0.0
2022-01-23 19:18:32.501095,0.0,0.0,0.0
2022-01-23 19:18:33.008879,0.0,0.0,0.0
2022-01-23 19:18:33.503937,0.0,0.0,0.0
2022-01-23 19:18:34.002630,0.0,0.0,0.0
2022-01-23 19:18:34.508455,0.0,0.0,0.0
2022-01-23 19:18:35.005966,0.0,0.0,0.0
2022-01-23 19:18:35.501224,0.0,0.0,0.0
2022-01-23 19:18:36.010563,0.0,0.0,0.0
2022-01-23 19:18:36.507608,0.0,0.0,0.0
2022-01-23 19:18:37.006232,0.0,0.0,0.0
2022-01-23 19:18:37.501650,0.0,0.0,0.0
2022-01-23 19:18:38.009955,0.0,0.0,0.0
2022-01-23 19:18:38.506456,0.0,0.0,0.0
2022-01-23 19:18:39.005134,0.0,0.0,0.0
2022-01-23 19:18:39.502808,0.0,0.0,0.0
2022-01-23 19:18:40.010733,0.0,0.0,0.0
2022-01-23 19:18:40.506757,0.0,0.0,0.0
2022-01-23 19:18:41.005112,0.0,0.0,0.0
2022-01-23 19:18:41.509281,0.0,0.0,0.0
2022-01-23 19:18:42.007296,0.0,0.0,0.0
2022-01-23 19:18:42.503110,0.0,0.0,0.0
2022-01-23 19:18:43.001836,0.0,0.0,0.0
2022-01-23 19:18:43.506902,0.0,0.0,0.0
2022-01-23 19:18:44.005928,0.0,0.0,0.0
2022-01-23 19:18:44.510455,0.0,0.0,0.0
2022-01-23 19:18:45.008628,0.0,0.0,0.0
2022-01-23 19:18:45.503935,0.0,0.0,0.0
2022-01-23 19:18:46.002749,0.0,0.0,0.0
2022-01-23 19:18:46.510372,0.0,0.0,0.0
2022-01-23 19:18:47.007199,0.0,0.0,0.0
2022-01-23 19:18:47.501466,0.0,0.0,0.0
2022-01-23 19:18:48.010485,0.0,0.0,0.0
2022-01-23 19:18:48.505513,0.0,0.0,0.0
2022-01-23 19:18:49.003668,0.0,0.0,0.0
2022-01-23 19:18:49.510272,0.0,0.0,0.0
2022-01-23 19:18:50.008301,0.0,0.0,0.0
2022-01-23 19:18:50.503490,0.0,0.0,0.0
2022-01-23 19:18:51.001175,0.0,0.0,0.0
2022-01-23 19:18:51.505832,0.0,0.0,0.0
2022-01-23 19:18:52.004034,0.0,0.0,0.0
2022-01-23 19:18:52.501491,0.0,0.0,0.0
2022-01-23 19:18:53.010094,0.0,0.0,0.0
2022-01-23 19:18:53.507571,0.0,0.0,0.0
2022-01-23 19:18:54.004429,0.0,0.0,0.0
2022-01-23 19:18:55.004820,0.0,0.0,0.0
2022-01-23 19:18:55.509317,0.0,0.0,0.0
2022-01-23 19:18:56.007326,0.0,0.0,0.0
2022-01-23 19:18:56.502913,0.0,0.0,0.0
2022-01-23 19:18:57.001782,0.0,0.0,0.0
2022-01-23 19:18:57.507356,0.0,0.0,0.0
2022-01-23 19:18:58.006829,0.0,0.0,0.0
2022-01-23 19:18:58.501772,0.0,0.0,0.0
2022-01-23 19:18:59.010007,0.0,0.0,0.0
2022-01-23 19:18:59.506536,0.0,0.0,0.0
2022-01-23 19:19:00.002730,0.0,0.0,0.0
2022-01-23 19:19:00.502404,0.0,0.0,0.0
2022-01-23 19:19:01.009626,0.0,0.0,0.0
2022-01-23 19:19:01.506268,0.0,0.0,0.0
2022-01-23 19:19:02.005094,0.0,0.0,0.0
2022-01-23 19:19:02.509812,0.0,0.0,0.0
2022-01-23 19:19:03.005403,0.0,0.0,0.0
2022-01-23 19:19:03.502006,0.0,0.0,0.0
2022-01-23 19:19:04.010518,0.0,0.0,0.0
2022-01-23 19:19:04.507213,0.0,0.0,0.0
2022-01-23 19:19:05.004624,0.0,0.0,0.0
2022-01-23 19:19:05.501262,0.0,0.0,0.0
2022-01-23 19:19:06.008923,0.0,0.0,0.0
2022-01-23 19:19:06.503703,0.0,0.0,0.0
2022-01-23 19:19:07.001806,0.0,0.0,0.0
2022-01-23 19:19:07.507946,0.0,0.0,0.0
2022-01-23 19:19:08.005523,0.0,0.0,0.0
2022-01-23 19:19:08.502139,0.0,0.0,0.0
2022-01-23 19:19:09.009839,0.0,0.0,0.0
2022-01-23 19:19:09.505080,0.0,0.0,0.0
2022-01-23 19:19:10.003766,0.0,0.0,0.0
2022-01-23 19:19:10.501412,0.0,0.0,0.0
2022-01-23 19:19:11.004995,0.0,0.0,0.0
2022-01-23 19:19:11.510310,0.0,0.0,0.0
2022-01-23 19:19:12.008220,0.0,0.0,0.0
2022-01-23 19:19:12.503314,0.0,0.0,0.0
2022-01-23 19:19:13.002538,0.0,0.0,0.0
2022-01-23 19:19:13.507574,0.0,0.0,0.0
2022-01-23 19:19:14.006868,0.0,0.0,0.0
2022-01-23 19:19:14.502913,0.0,0.0,0.0
2022-01-23 19:19:15.002745,0.0,0.0,0.0
2022-01-23 19:19:15.507846,0.0,0.0,0.0
2022-01-23 19:19:16.005287,0.0,0.0,0.0
2022-01-23 19:19:16.502245,0.0,0.0,0.0
2022-01-23 19:19:17.001339,0.0,0.0,0.0
2022-01-23 19:19:17.508744,0.0,0.0,0.0
2022-01-23 19:19:18.006454,0.0,0.0,0.0
2022-01-23 19:19:18.501352,0.0,0.0,0.0
2022-01-23 19:19:19.009796,0.0,0.0,0.0
2022-01-23 19:19:19.504353,0.0,0.0,0.0
2022-01-23 19:19:20.003269,0.0,0.0,0.0
2022-01-23 19:19:20.501085,0.0,0.0,0.0
2022-01-23 19:19:21.009062,0.0,0.0,0.0
2022-01-23 19:19:21.503908,0.0,0.0,0.0
2022-01-23 19:19:22.010995,0.0,0.0,0.0
2022-01-23 19:19:22.506446,0.0,0.0,0.0
2022-01-23 19:19:23.004936,0.0,0.0,0.0
2022-01-23 19:19:23.510878,0.0,0.0,0.0
2022-01-23 19:19:24.006496,0.0,0.0,0.0
2022-01-23 19:19:24.502143,0.0,0.0,0.0
2022-01-23 19:19:25.010657,0.0,0.0,0.0
2022-01-23 19:19:25.504757,0.0,0.0,0.0
2022-01-23 19:19:26.003104,0.0,0.0,0.0
2022-01-23 19:19:26.509019,0.0,0.0,0.0
2022-01-23 19:19:27.006543,0.0,0.0,0.0
2022-01-23 19:19:27.504767,0.0,0.0,0.0
2022-01-23 19:19:28.003089,0.0,0.0,0.0
2022-01-23 19:19:28.507200,0.0,0.0,0.0
2022-01-23 19:19:29.005986,0.0,0.0,0.0
2022-01-23 19:19:29.501116,0.0,0.0,0.0
2022-01-23 19:19:30.009891,0.0,0.0,0.0
2022-01-23 19:19:30.505812,0.0,0.0,0.0
2022-01-23 19:19:31.004507,0.0,0.0,0.0
2022-01-23 19:19:31.510015,0.0,0.0,0.0
2022-01-23 19:19:32.007726,0.0,0.0,0.0
2022-01-23 19:19:32.501691,0.0,0.0,0.0
2022-01-23 19:19:33.504644,0.0,0.0,0.0
2022-01-23 19:19:34.002481,0.0,0.0,0.0
2022-01-23 19:19:34.508352,0.0,0.0,0.0
2022-01-23 19:19:35.008627,0.0,0.0,0.0
2022-01-23 19:19:35.503560,0.0,0.0,0.0
2022-01-23 19:19:36.001244,0.0,0.0,0.0
2022-01-23 19:19:36.506106,0.0,0.0,0.0
2022-01-23 19:19:37.003831,0.0,0.0,0.0
2022-01-23 19:19:37.509198,0.0,0.0,0.0
2022-01-23 19:19:38.007845,0.0,0.0,0.0
2022-01-23 19:19:38.503762,0.0,0.0,0.0
2022-01-23 19:19:39.002773,0.0,0.0,0.0
2022-01-23 19:19:39.508628,0.0,0.0,0.0
2022-01-23 19:19:40.007392,0.0,0.0,0.0
2022-01-23 19:19:40.502239,0.0,0.0,0.0
2022-01-23 19:19:41.505149,0.0,0.0,0.0
2022-01-23 19:19:42.004385,0.0,0.0,0.0
2022-01-23 19:19:42.510151,0.0,0.0,0.0
2022-01-23 19:19:43.009307,0.0,0.0,0.0
2022-01-23 19:19:43.504705,0.0,0.0,0.0
2022-01-23 19:19:44.003036,0.0,0.0,0.0
2022-01-23 19:19:44.509513,0.0,0.0,0.0
2022-01-23 19:19:45.007627,0.0,0.0,0.0
2022-01-23 19:19:45.502810,0.0,0.0,0.0
2022-01-23 19:19:46.010702,0.0,0.0,0.0
2022-01-23 19:19:46.506839,0.0,0.0,0.0
2022-01-23 19:19:47.004278,0.0,0.0,0.0
2022-01-23 19:19:47.509067,0.0,0.0,0.0
2022-01-23 19:19:48.006632,0.0,0.0,0.0
2022-01-23 19:19:48.502134,0.0,0.0,0.0
2022-01-23 19:19:49.010924,0.0,0.0,0.0
2022-01-23 19:19:49.507085,0.0,0.0,0.0
2022-01-23 19:19:50.008230,0.0,0.0,0.0
2022-01-23 19:19:50.505319,0.0,0.0,0.0
2022-01-23 19:19:51.001466,0.0,0.0,0.0
2022-01-23 19:19:51.507384,0.0,0.0,0.0
2022-01-23 19:19:52.004771,0.0,0.0,0.0
2022-01-23 19:19:52.510056,0.0,0.0,0.0
2022-01-23 19:19:53.008281,0.0,0.0,0.0
2022-01-23 19:19:53.505065,0.0,0.0,0.0
2022-01-23 19:19:54.001821,0.0,0.0,0.0
2022-01-23 19:19:54.507725,0.0,0.0,0.0
2022-01-23 19:19:55.006015,0.0,0.0,0.0
2022-01-23 19:19:55.510385,0.0,0.0,0.0
2022-01-23 19:19:56.008254,0.0,0.0,0.0
2022-01-23 19:19:56.503327,0.0,0.0,0.0
2022-01-23 19:19:57.002039,0.0,0.0,0.0
2022-01-23 19:19:57.506806,0.0,0.0,0.0
2022-01-23 19:19:58.004839,0.0,0.0,0.0
2022-01-23 19:19:58.510310,0.0,0.0,0.0
2022-01-23 19:19:59.008629,0.0,0.0,0.0
2022-01-23 19:19:59.503458,0.0,0.0,0.0
2022-01-23 19:20:00.002297,0.0,0.0,0.0
2022-01-23 19:20:00.506886,0.0,0.0,0.0
2022-01-23 19:20:01.005626,0.0,0.0,0.0
2022-01-23 19:20:01.510733,0.0,0.0,0.0
2022-01-23 19:20:02.007251,0.0,0.0,0.0
2022-01-23 19:20:02.501789,0.0,0.0,0.0
2022-01-23 19:20:03.008993,0.0,0.0,0.0
2022-01-23 19:20:03.505877,0.0,0.0,0.0
2022-01-23 19:20:04.004407,0.0,0.0,0.0
2022-01-23 19:20:04.510941,0.0,0.0,0.0
2022-01-23 19:20:05.007258,0.0,0.0,0.0
2022-01-23 19:20:05.502101,0.0,0.0,0.0
2022-01-23 19:20:06.009838,0.0,0.0,0.0
2022-01-23 19:20:06.506239,0.0,0.0,0.0
2022-01-23 19:20:07.004622,0.0,0.0,0.0
2022-01-23 19:20:07.510267,0.0,0.0,0.0
2022-01-23 19:20:08.008309,0.0,0.0,0.0
2022-01-23 19:20:08.502669,0.0,0.0,0.0
2022-01-23 19:20:09.010229,0.0,0.0,0.0
2022-01-23 19:20:09.506758,0.0,0.0,0.0
2022-01-23 19:20:10.003896,0.0,0.0,0.0
2022-01-23 19:20:10.508482,0.0,0.0,0.0
2022-01-23 19:20:11.005633,0.0,0.0,0.0
2022-01-23 19:20:11.510505,0.0,0.0,0.0
2022-01-23 19:20:12.009334,0.0,0.0,0.0
2022-01-23 19:20:12.505170,0.0,0.0,0.0
2022-01-23 19:20:13.002851,0.0,0.0,0.0
2022-01-23 19:20:13.510847,0.0,0.0,0.0
2022-01-23 19:20:14.008333,0.0,0.0,0.0
2022-01-23 19:20:14.505787,0.0,0.0,0.0
2022-01-23 19:20:15.002782,0.0,0.0,0.0
2022-01-23 19:20:15.508101,0.0,0.0,0.0
2022-01-23 19:20:16.004911,0.0,0.0,0.0
2022-01-23 19:20:16.509993,0.0,0.0,0.0
2022-01-23 19:20:17.007387,0.0,0.0,0.0
2022-01-23 19:20:17.503714,0.0,0.0,0.0
2022-01-23 19:20:18.002213,0.0,0.0,0.0
2022-01-23 19:20:18.508010,0.0,0.0,0.0
2022-01-23 19:20:19.006054,0.0,0.0,0.0
2022-01-23 19:20:19.501119,0.0,0.0,0.0
2022-01-23 19:20:20.009804,0.0,0.0,0.0
2022-01-23 19:20:20.506978,0.0,0.0,0.0
2022-01-23 19:20:21.004126,0.0,0.0,0.0
2022-01-23 19:20:21.510411,0.0,0.0,0.0
2022-01-23 19:20:22.008960,0.0,0.0,0.0
2022-01-23 19:20:22.503886,0.0,0.0,0.0
2022-01-23 19:20:23.005151,0.0,0.0,0.0
2022-01-23 19:20:23.510206,0.0,0.0,0.0
2022-01-23 19:20:24.010070,0.0,0.0,0.0
2022-01-23 19:20:24.505130,0.0,0.0,0.0
2022-01-23 19:20:25.003715,0.0,0.0,0.0
2022-01-23 19:20:25.509295,0.0,0.0,0.0
2022-01-23 19:20:26.007131,0.0,0.0,0.0
2022-01-23 19:20:26.502330,0.0,0.0,0.0
2022-01-23 19:20:27.010691,0.0,0.0,0.0
2022-01-23 19:20:27.506907,0.0,0.0,0.0
2022-01-23 19:20:28.005089,0.0,0.0,0.0
2022-01-23 19:20:28.509885,0.0,0.0,0.0
2022-01-23 19:20:29.008860,0.0,0.0,0.0
2022-01-23 19:20:29.503939,0.0,0.0,0.0
2022-01-23 19:20:30.003225,0.0,0.0,0.0
2022-01-23 19:20:30.511035,0.0,0.0,0.0
2022-01-23 19:20:31.008854,0.0,0.0,0.0
2022-01-23 19:20:31.505458,0.0,0.0,0.0
2022-01-23 19:20:32.004269,0.0,0.0,0.0
2022-01-23 19:20:32.510158,0.0,0.0,0.0
2022-01-23 19:20:33.006846,0.0,0.0,0.0
2022-01-23 19:20:33.502835,0.0,0.0,0.0
2022-01-23 19:20:34.505239,0.0,0.0,0.0
2022-01-23 19:20:35.002626,0.0,0.0,0.0
2022-01-23 19:20:35.508005,0.0,0.0,0.0
2022-01-23 19:20:36.006689,0.0,0.0,0.0
2022-01-23 19:20:36.502037,0.0,0.0,0.0
2022-01-23 19:20:37.010303,0.0,0.0,0.0
2022-01-23 19:20:37.506066,0.0,0.0,0.0
2022-01-23 19:20:38.006152,0.0,0.0,0.0
2022-01-23 19:20:38.501074,0.0,0.0,0.0
2022-01-23 19:20:39.008473,0.0,0.0,0.0
2022-01-23 19:20:39.504703,0.0,0.0,0.0
2022-01-23 19:20:40.002543,0.0,0.0,0.0
2022-01-23 19:20:40.508469,0.0,0.0,0.0
2022-01-23 19:20:41.007003,0.0,0.0,0.0
2022-01-23 19:20:41.503989,0.0,0.0,0.0
2022-01-23 19:20:42.004575,0.0,0.0,0.0
2022-01-23 19:20:42.510322,0.0,0.0,0.0
2022-01-23 19:20:43.007998,0.0,0.0,0.0
2022-01-23 19:20:43.504460,0.0,0.0,0.0
2022-01-23 19:20:44.002602,0.0,0.0,0.0
2022-01-23 19:20:44.507752,0.0,0.0,0.0
2022-01-23 19:20:45.007938,0.0,0.0,0.0
2022-01-23 19:20:45.503116,0.0,0.0,0.0
2022-01-23 19:20:46.001523,0.0,0.0,0.0
2022-01-23 19:20:46.507259,0.0,0.0,0.0
2022-01-23 19:20:47.003920,0.0,0.0,0.0
2022-01-23 19:20:47.509950,0.0,0.0,0.0
2022-01-23 19:20:48.006849,0.0,0.0,0.0
2022-01-23 19:20:48.502229,0.0,0.0,0.0
2022-01-23 19:20:49.001049,0.0,0.0,0.0
2022-01-23 19:20:49.506275,0.0,0.0,0.0
2022-01-23 19:20:50.004091,0.0,0.0,0.0
2022-01-23 19:20:50.501688,0.0,0.0,0.0
2022-01-23 19:20:51.009414,0.0,0.0,0.0
2022-01-23 19:20:51.505013,0.0,0.0,0.0
2022-01-23 19:20:52.004136,0.0,0.0,0.0
2022-01-23 19:20:52.510236,0.0,0.0,0.0
2022-01-23 19:20:53.007275,0.0,0.0,0.0
2022-01-23 19:20:53.502317,0.0,0.0,0.0
2022-01-23 19:20:54.002108,0.0,0.0,0.0
2022-01-23 19:20:54.506808,0.0,0.0,0.0
2022-01-23 19:20:55.004664,0.0,0.0,0.0
2022-01-23 19:20:55.510648,0.0,0.0,0.0
2022-01-23 19:20:56.006531,0.0,0.0,0.0
2022-01-23 19:20:56.502209,0.0,0.0,0.0
2022-01-23 19:20:57.010012,0.0,0.0,0.0
2022-01-23 19:20:57.505144,0.0,0.0,0.0
2022-01-23 19:20:58.504951,0.0,0.0,0.0
2022-01-23 19:20:59.003853,0.0,0.0,0.0
2022-01-23 19:20:59.508516,0.0,0.0,0.0
2022-01-23 19:21:00.005999,0.0,0.0,0.0
2022-01-23 19:21:00.507792,0.0,0.0,0.0
2022-01-23 19:21:01.005540,0.0,0.0,0.0
2022-01-23 19:21:01.502292,0.0,0.0,0.0
2022-01-23 19:21:02.010401,0.0,0.0,0.0
2022-01-23 19:21:02.505151,0.0,0.0,0.0
2022-01-23 19:21:03.003700,0.0,0.0,0.0
2022-01-23 19:21:03.508353,0.0,0.0,0.0
2022-01-23 19:21:04.006282,0.0,0.0,0.0
2022-01-23 19:21:04.501056,0.0,0.0,0.0
2022-01-23 19:21:05.011292,0.0,0.0,0.0
2022-01-23 19:21:05.509943,0.0,0.0,0.0
2022-01-23 19:21:06.009413,0.0,0.0,0.0
2022-01-23 19:21:06.503802,0.0,0.0,0.0
2022-01-23 19:21:07.010895,0.0,0.0,0.0
2022-01-23 19:21:07.506204,0.0,0.0,0.0
2022-01-23 19:21:08.004056,0.0,0.0,0.0
2022-01-23 19:21:08.510257,0.0,0.0,0.0
2022-01-23 19:21:09.008745,0.0,0.0,0.0
2022-01-23 19:21:09.503184,0.0,0.0,0.0
2022-01-23 19:21:10.001794,0.0,0.0,0.0
2022-01-23 19:21:10.508145,0.0,0.0,0.0
2022-01-23 19:21:11.007723,0.0,0.0,0.0
2022-01-23 19:21:11.502407,0.0,0.0,0.0
2022-01-23 19:21:12.009967,0.0,0.0,0.0
2022-01-23 19:21:12.506455,0.0,0.0,0.0
2022-01-23 19:21:13.004389,0.0,0.0,0.0
2022-01-23 19:21:13.509660,0.0,0.0,0.0
2022-01-23 19:21:14.008366,0.0,0.0,0.0
2022-01-23 19:21:14.505007,0.0,0.0,0.0
2022-01-23 19:21:15.003886,0.0,0.0,0.0
2022-01-23 19:21:15.508737,0.0,0.0,0.0
2022-01-23 19:21:16.008004,0.0,0.0,0.0
2022-01-23 19:21:16.502826,0.0,0.0,0.0
2022-01-23 19:21:17.011147,0.0,0.0,0.0
2022-01-23 19:21:17.507135,0.0,0.0,0.0
2022-01-23 19:21:18.005541,0.0,0.0,0.0
2022-01-23 19:21:18.501742,0.0,0.0,0.0
2022-01-23 19:21:19.010583,0.0,0.0,0.0
2022-01-23 19:21:19.508509,0.0,0.0,0.0
2022-01-23 19:21:20.006365,0.0,0.0,0.0
2022-01-23 19:21:20.501620,0.0,0.0,0.0
2022-01-23 19:21:21.009354,0.0,0.0,0.0
2022-01-23 19:21:21.505806,0.0,0.0,0.0
2022-01-23 19:21:22.003750,0.0,0.0,0.0
2022-01-23 19:21:22.501935,0.0,0.0,0.0
2022-01-23 19:21:23.010019,0.0,0.0,0.0
2022-01-23 19:21:23.505701,0.0,0.0,0.0
2022-01-23 19:21:24.004432,0.0,0.0,0.0
2022-01-23 19:21:24.501036,0.0,0.0,0.0
2022-01-23 19:21:25.009159,0.0,0.0,0.0
2022-01-23 19:21:25.505101,0.0,0.0,0.0
2022-01-23 19:21:26.002437,0.0,0.0,0.0
2022-01-23 19:21:26.507587,0.0,0.0,0.0
2022-01-23 19:21:27.005833,0.0,0.0,0.0
2022-01-23 19:21:27.501169,0.0,0.0,0.0
2022-01-23 19:21:28.010359,0.0,0.0,0.0
2022-01-23 19:21:28.505789,0.0,0.0,0.0
2022-01-23 19:21:29.003675,0.0,0.0,0.0
2022-01-23 19:21:29.501364,0.0,0.0,0.0
2022-01-23 19:21:30.009523,0.0,0.0,0.0
2022-01-23 19:21:30.506362,0.0,0.0,0.0
2022-01-23 19:21:31.003885,0.0,0.0,0.0
2022-01-23 19:21:31.510166,0.0,0.0,0.0
2022-01-23 19:21:32.007773,0.0,0.0,0.0
2022-01-23 19:21:32.502716,0.0,0.0,0.0
2022-01-23 19:21:33.011146,0.0,0.0,0.0
2022-01-23 19:21:33.505849,0.0,0.0,0.0
2022-01-23 19:21:34.004351,0.0,0.0,0.0
2022-01-23 19:21:34.510119,0.0,0.0,0.0
2022-01-23 19:21:35.008183,0.0,0.0,0.0
