時間,回転１,回転２,回転３
2022-01-23 09:00:00.007414,29.91025,30.17625,0.0
2022-01-23 09:00:00.504979,29.4981,30.48575,0.0
2022-01-23 09:00:01.003964,30.11695,31.00075,0.0
2022-01-23 09:00:01.509064,31.14795,30.48575,0.0
2022-01-23 09:00:02.008002,30.9425,30.5365,0.0
2022-01-23 09:00:02.504194,30.32365,30.279,0.0
2022-01-23 09:00:03.002662,29.60083,29.9695,0.0
2022-01-23 09:00:03.507097,29.39537,30.17625,0.0
2022-01-23 09:00:04.004858,30.11695,30.898,0.0
2022-01-23 09:00:04.505055,31.30267,30.43375,0.0
2022-01-23 09:00:05.002820,30.47836,30.43375,0.0
2022-01-23 09:00:05.508124,29.91025,30.5365,0.0
2022-01-23 09:00:06.009829,29.24066,30.43375,0.0
2022-01-23 09:00:06.505914,29.34339,30.79525,0.0
2022-01-23 09:00:07.003280,30.58109,30.5885,0.0
2022-01-23 09:00:07.509867,30.27166,30.5365,0.0
2022-01-23 09:00:08.007376,29.80752,30.17625,0.0
2022-01-23 09:00:08.502788,29.91025,30.17625,0.0
2022-01-23 09:00:09.010663,31.04522,30.48575,0.0
2022-01-23 09:00:09.506996,30.78778,30.227,0.0
2022-01-23 09:00:10.005713,29.91025,30.43375,0.0
2022-01-23 09:00:10.502592,29.44612,30.38175,0.0
2022-01-23 09:00:11.007899,29.08595,30.5365,0.0
2022-01-23 09:00:11.503930,30.32365,30.95,0.0
2022-01-23 09:00:12.002248,30.32365,30.38175,0.0
2022-01-23 09:00:12.506761,29.7048,30.227,0.0
2022-01-23 09:00:13.004703,29.34339,30.43375,0.0
2022-01-23 09:00:13.510246,29.96224,30.74325,0.0
2022-01-23 09:00:14.009057,30.68382,30.5885,0.0
2022-01-23 09:00:14.504369,30.5291,30.07225,0.0
2022-01-23 09:00:15.004003,30.01422,29.9695,0.0
2022-01-23 09:00:15.510546,29.39537,30.5365,0.0
2022-01-23 09:00:16.010074,29.85951,30.6405,0.0
2022-01-23 09:00:16.506985,30.37439,30.43375,0.0
2022-01-23 09:00:17.006712,30.63307,30.331,0.0
2022-01-23 09:00:17.502759,30.01422,30.69125,0.0
2022-01-23 09:00:18.010684,30.06497,30.48575,0.0
2022-01-23 09:00:18.505633,29.55008,30.79525,0.0
2022-01-23 09:00:19.004488,30.83853,30.5365,0.0
2022-01-23 09:00:19.501243,30.58109,30.0215,0.0
2022-01-23 09:00:20.010339,29.85951,30.48575,0.0
2022-01-23 09:00:20.505120,29.7048,30.846,0.0
2022-01-23 09:00:21.003686,30.47836,30.227,0.0
2022-01-23 09:00:21.510409,30.47836,29.9175,0.0
2022-01-23 09:00:22.008523,30.11695,30.38175,0.0
2022-01-23 09:00:22.504037,29.7048,30.74325,0.0
2022-01-23 09:00:23.002344,30.21968,30.43375,0.0
2022-01-23 09:00:23.507215,30.7358,30.898,0.0
2022-01-23 09:00:24.004438,30.37439,30.5885,0.0
2022-01-23 09:00:24.504200,30.11695,30.12425,0.0
2022-01-23 09:00:25.002640,29.55008,30.846,0.0
2022-01-23 09:00:25.506350,29.7048,30.279,0.0
2022-01-23 09:00:26.003450,30.9425,30.12425,0.0
2022-01-23 09:00:26.509364,30.89051,30.79525,0.0
2022-01-23 09:00:27.008031,30.37439,30.43375,0.0
2022-01-23 09:00:27.503524,29.80752,29.712,0.0
2022-01-23 09:00:28.010789,29.7048,30.69125,0.0
2022-01-23 09:00:28.508986,30.63307,30.5885,0.0
2022-01-23 09:00:29.006616,31.04522,30.38175,0.0
2022-01-23 09:00:29.503058,30.32365,30.69125,0.0
2022-01-23 09:00:30.010460,29.91025,30.38175,0.0
2022-01-23 09:00:30.506251,29.4981,30.279,0.0
2022-01-23 09:00:31.004013,29.39537,30.95,0.0
2022-01-23 09:00:31.510388,31.19994,30.38175,0.0
2022-01-23 09:00:32.009952,30.68382,30.07225,0.0
2022-01-23 09:00:32.506806,29.75554,30.48575,0.0
2022-01-23 09:00:33.006821,29.44612,30.6405,0.0
2022-01-23 09:00:33.501817,29.2914,30.331,0.0
2022-01-23 09:00:34.008837,30.27166,29.9175,0.0
2022-01-23 09:00:34.503403,30.32365,30.74325,0.0
2022-01-23 09:00:35.003003,29.55008,30.43375,0.0
2022-01-23 09:00:35.509235,30.16893,30.74325,0.0
2022-01-23 09:00:36.007356,30.99324,30.846,0.0
2022-01-23 09:00:36.505834,30.7358,30.12425,0.0
2022-01-23 09:00:37.003210,30.11695,30.0215,0.0
2022-01-23 09:00:37.509547,29.4981,30.95,0.0
2022-01-23 09:00:38.007967,29.34339,30.38175,0.0
2022-01-23 09:00:38.503831,30.27166,30.331,0.0
2022-01-23 09:00:39.003300,30.83853,30.38175,0.0
2022-01-23 09:00:39.508686,30.11695,30.43375,0.0
2022-01-23 09:00:40.007404,29.55008,30.17625,0.0
2022-01-23 09:00:40.502149,29.44612,30.898,0.0
2022-01-23 09:00:41.001158,30.47836,30.48575,0.0
2022-01-23 09:00:41.508883,30.21968,30.12425,0.0
2022-01-23 09:00:42.007599,29.80752,31.00075,0.0
2022-01-23 09:00:42.503931,29.85951,30.227,0.0
2022-01-23 09:00:43.003783,30.42637,30.279,0.0
2022-01-23 09:00:43.509882,30.21968,30.79525,0.0
2022-01-23 09:00:44.007625,30.63307,30.5365,0.0
2022-01-23 09:00:44.502691,30.16893,29.9175,0.0
2022-01-23 09:00:45.001980,29.75554,30.74325,0.0
2022-01-23 09:00:45.508922,29.39537,30.5885,0.0
2022-01-23 09:00:46.007021,30.99324,30.17625,0.0
2022-01-23 09:00:46.502622,30.27166,30.38175,0.0
2022-01-23 09:00:47.001101,29.85951,30.5365,0.0
2022-01-23 09:00:47.506917,29.18867,30.17625,0.0
2022-01-23 09:00:48.006648,30.06497,30.48575,0.0
2022-01-23 09:00:48.504345,31.30267,30.6405,0.0
2022-01-23 09:00:49.003920,30.63307,30.227,0.0
2022-01-23 09:00:49.509313,30.27166,30.331,0.0
2022-01-23 09:00:50.008862,29.39537,30.79525,0.0
2022-01-23 09:00:50.505355,28.98198,30.43375,0.0
2022-01-23 09:00:51.004601,30.5291,30.17625,0.0
2022-01-23 09:00:51.510018,30.78778,30.69125,0.0
2022-01-23 09:00:52.007620,30.21968,30.43375,0.0
2022-01-23 09:00:52.502732,29.60083,30.331,0.0
2022-01-23 09:00:53.010852,29.44612,31.10475,0.0
2022-01-23 09:00:53.506378,30.68382,30.43375,0.0
2022-01-23 09:00:54.004491,30.16893,29.9175,0.0
2022-01-23 09:00:54.510671,29.91025,30.69125,0.0
2022-01-23 09:00:55.008043,29.2914,30.69125,0.0
2022-01-23 09:00:55.503199,30.27166,30.331,0.0
2022-01-23 09:00:56.002293,30.37439,30.17625,0.0
2022-01-23 09:00:56.508475,30.11695,30.48575,0.0
2022-01-23 09:00:57.006963,29.4981,30.43375,0.0
2022-01-23 09:00:57.503561,29.7048,30.846,0.0
2022-01-23 09:00:58.003070,30.47836,30.69125,0.0
2022-01-23 09:00:58.508991,30.42637,30.07225,0.0
2022-01-23 09:00:59.008233,29.80752,30.43375,0.0
2022-01-23 09:00:59.504166,29.44612,30.898,0.0
2022-01-23 09:01:00.002006,29.85951,30.5885,0.0
2022-01-23 09:01:00.507405,30.32365,30.227,0.0
2022-01-23 09:01:01.006026,30.47836,30.331,0.0
2022-01-23 09:01:01.502198,29.85951,30.48575,0.0
2022-01-23 09:01:02.010488,29.39537,30.6405,0.0
2022-01-23 09:01:02.504674,29.96224,30.5365,0.0
2022-01-23 09:01:03.003990,30.42637,30.43375,0.0
2022-01-23 09:01:03.509550,30.68382,30.5365,0.0
2022-01-23 09:01:04.007801,30.11695,30.6405,0.0
2022-01-23 09:01:04.502898,29.44612,30.43375,0.0
2022-01-23 09:01:05.002130,29.55008,30.48575,0.0
2022-01-23 09:01:05.509338,30.37439,30.227,0.0
2022-01-23 09:01:06.007579,30.68382,30.43375,0.0
2022-01-23 09:01:06.503037,30.01422,30.79525,0.0
2022-01-23 09:01:07.001121,28.93123,29.86675,0.0
2022-01-23 09:01:07.507350,29.55008,30.48575,0.0
2022-01-23 09:01:08.005311,30.47836,30.69125,0.0
2022-01-23 09:01:08.511128,30.78778,30.43375,0.0
2022-01-23 09:01:09.010394,30.37439,30.69125,0.0
2022-01-23 09:01:09.505391,30.16893,30.5365,0.0
2022-01-23 09:01:10.003351,29.39537,30.38175,0.0
2022-01-23 09:01:10.508326,29.80752,30.48575,0.0
2022-01-23 09:01:11.004312,30.63307,30.846,0.0
2022-01-23 09:01:11.509522,30.42637,30.07225,0.0
2022-01-23 09:01:12.009102,29.91025,30.48575,0.0
2022-01-23 09:01:12.504395,29.34339,30.95,0.0
2022-01-23 09:01:13.002655,30.37439,30.227,0.0
2022-01-23 09:01:13.509707,30.83853,30.279,0.0
2022-01-23 09:01:14.005810,30.06497,30.74325,0.0
2022-01-23 09:01:14.510389,29.75554,30.5885,0.0
2022-01-23 09:01:15.008590,30.06497,30.6405,0.0
2022-01-23 09:01:15.504292,30.37439,30.74325,0.0
2022-01-23 09:01:16.003526,30.47836,30.17625,0.0
2022-01-23 09:01:16.509745,29.96224,29.9175,0.0
2022-01-23 09:01:17.008833,29.91025,31.31025,0.0
2022-01-23 09:01:17.504460,30.11695,30.846,0.0
2022-01-23 09:01:18.003536,30.58109,30.07225,0.0
2022-01-23 09:01:18.508301,30.47836,30.12425,0.0
2022-01-23 09:01:19.007900,30.06497,30.95,0.0
2022-01-23 09:01:19.503871,29.55008,30.5365,0.0
2022-01-23 09:01:20.002228,29.39537,30.07225,0.0
2022-01-23 09:01:20.507172,30.9425,30.5365,0.0
2022-01-23 09:01:21.005119,30.42637,30.5885,0.0
2022-01-23 09:01:21.501148,29.4981,30.38175,0.0
2022-01-23 09:01:22.008902,29.08595,30.846,0.0
2022-01-23 09:01:22.503904,30.47836,30.17625,0.0
2022-01-23 09:01:23.001756,30.78778,29.81475,0.0
2022-01-23 09:01:23.507985,30.47836,31.2595,0.0
2022-01-23 09:01:24.005559,29.85951,30.95,0.0
2022-01-23 09:01:24.501326,29.39537,30.331,0.0
2022-01-23 09:01:25.009079,30.32365,30.17625,0.0
2022-01-23 09:01:25.505094,31.14795,30.12425,0.0
2022-01-23 09:01:26.005090,30.37439,30.898,0.0
2022-01-23 09:01:26.501140,29.75554,30.95,0.0
2022-01-23 09:01:27.009441,29.7048,29.9695,0.0
2022-01-23 09:01:27.505918,30.27166,30.38175,0.0
2022-01-23 09:01:28.003436,30.89051,30.6405,0.0
2022-01-23 09:01:28.508977,30.47836,30.12425,0.0
2022-01-23 09:01:29.007777,30.01422,30.38175,0.0
2022-01-23 09:01:29.502165,29.85951,30.898,0.0
2022-01-23 09:01:30.007852,30.32365,30.279,0.0
2022-01-23 09:01:30.504766,30.58109,30.38175,0.0
2022-01-23 09:01:31.003166,30.16893,30.846,0.0
2022-01-23 09:01:31.508379,29.24066,30.331,0.0
2022-01-23 09:01:32.006681,29.7048,30.38175,0.0
2022-01-23 09:01:32.502242,30.5291,30.74325,0.0
2022-01-23 09:01:33.504369,30.37439,30.279,0.0
2022-01-23 09:01:34.004527,29.85951,30.74325,0.0
2022-01-23 09:01:34.510268,30.16893,30.48575,0.0
2022-01-23 09:01:35.007931,31.14795,30.07225,0.0
2022-01-23 09:01:35.505033,30.9425,30.43375,0.0
2022-01-23 09:01:36.003692,30.27166,30.898,0.0
2022-01-23 09:01:36.507215,29.65281,30.5365,0.0
2022-01-23 09:01:37.004897,29.18867,30.79525,0.0
2022-01-23 09:01:37.501123,29.91025,30.5885,0.0
2022-01-23 09:01:38.008864,30.58109,30.0215,0.0
2022-01-23 09:01:38.504686,30.06497,30.74325,0.0
2022-01-23 09:01:39.002413,29.55008,30.79525,0.0
2022-01-23 09:01:39.508451,29.60083,30.43375,0.0
2022-01-23 09:01:40.006777,31.19994,29.76275,0.0
2022-01-23 09:01:40.503552,30.89051,30.846,0.0
2022-01-23 09:01:41.002661,29.75554,30.43375,0.0
2022-01-23 09:01:41.507492,29.08595,30.279,0.0
2022-01-23 09:01:42.006471,29.34339,30.69125,0.0
2022-01-23 09:01:42.501248,30.42637,30.5885,0.0
2022-01-23 09:01:43.009270,30.89051,30.43375,0.0
2022-01-23 09:01:43.505116,29.91025,30.846,0.0
2022-01-23 09:01:44.002101,29.34339,30.5365,0.0
2022-01-23 09:01:44.510445,29.75554,30.0215,0.0
2022-01-23 09:01:45.008107,30.78778,30.331,0.0
2022-01-23 09:01:45.503685,30.63307,30.74325,0.0
2022-01-23 09:01:46.001553,30.21968,30.17625,0.0
2022-01-23 09:01:46.507581,29.85951,30.5365,0.0
2022-01-23 09:01:47.006741,29.91025,30.43375,0.0
2022-01-23 09:01:47.501222,31.09721,30.17625,0.0
2022-01-23 09:01:48.009841,30.68382,30.79525,0.0
2022-01-23 09:01:48.504687,30.27166,30.95,0.0
2022-01-23 09:01:49.004256,29.65281,30.43375,0.0
2022-01-23 09:01:49.510366,29.65281,30.48575,0.0
2022-01-23 09:01:50.008036,30.5291,30.5885,0.0
2022-01-23 09:01:50.504139,30.01422,30.331,0.0
2022-01-23 09:01:51.002287,30.11695,30.48575,0.0
2022-01-23 09:01:51.509065,29.96224,30.5365,0.0
2022-01-23 09:01:52.008466,30.5291,30.48575,0.0
2022-01-23 09:01:52.504611,31.04522,30.331,0.0
2022-01-23 09:01:53.003559,30.58109,30.43375,0.0
2022-01-23 09:01:54.005156,29.44612,30.38175,0.0
2022-01-23 09:01:55.005271,30.9425,30.69125,0.0
2022-01-23 09:01:55.501031,30.63307,30.331,0.0
2022-01-23 09:01:56.009390,29.60083,30.6405,0.0
2022-01-23 09:01:56.504135,29.24066,30.43375,0.0
2022-01-23 09:01:57.001265,28.98198,30.227,0.0
2022-01-23 09:01:57.506877,30.63307,30.331,0.0
2022-01-23 09:01:58.004464,30.42637,30.279,0.0
2022-01-23 09:01:58.501650,30.11695,30.69125,0.0
2022-01-23 09:01:59.009857,30.11695,30.5365,0.0
2022-01-23 09:01:59.505822,30.68382,30.07225,0.0
2022-01-23 09:02:00.003372,30.78778,30.74325,0.0
2022-01-23 09:02:00.508429,30.11695,30.74325,0.0
2022-01-23 09:02:01.007954,29.91025,30.5885,0.0
2022-01-23 09:02:01.504353,29.34339,30.69125,0.0
2022-01-23 09:02:02.002725,30.06497,30.279,0.0
2022-01-23 09:02:02.508586,30.89051,29.86675,0.0
2022-01-23 09:02:03.006933,30.21968,31.05275,0.0
2022-01-23 09:02:03.504951,29.65281,30.74325,0.0
2022-01-23 09:02:04.003202,29.80752,29.9695,0.0
2022-01-23 09:02:04.511167,30.9425,29.9695,0.0
2022-01-23 09:02:05.009098,30.58109,31.10475,0.0
2022-01-23 09:02:05.504579,29.91025,30.279,0.0
2022-01-23 09:02:06.003124,29.75554,30.5365,0.0
2022-01-23 09:02:06.510636,29.65281,30.5885,0.0
2022-01-23 09:02:07.009524,30.47836,30.331,0.0
2022-01-23 09:02:07.505325,30.58109,30.846,0.0
2022-01-23 09:02:08.004170,30.01422,31.2075,0.0
2022-01-23 09:02:08.510498,29.44612,30.38175,0.0
2022-01-23 09:02:09.008421,29.2914,29.66,0.0
2022-01-23 09:02:09.504962,30.83853,29.9175,0.0
2022-01-23 09:02:10.003279,30.7358,31.00075,0.0
2022-01-23 09:02:10.508312,29.91025,30.5365,0.0
2022-01-23 09:02:11.002746,29.85951,29.9695,0.0
2022-01-23 09:02:11.508612,29.80752,30.331,0.0
2022-01-23 09:02:12.006386,30.78778,30.95,0.0
2022-01-23 09:02:12.502257,30.37439,30.48575,0.0
2022-01-23 09:02:13.010669,30.01422,30.48575,0.0
2022-01-23 09:02:13.508057,29.96224,30.5885,0.0
2022-01-23 09:02:14.007421,29.65281,30.74325,0.0
2022-01-23 09:02:14.502674,30.47836,30.279,0.0
2022-01-23 09:02:15.010761,30.42637,30.279,0.0
2022-01-23 09:02:15.506668,30.01422,30.48575,0.0
2022-01-23 09:02:16.005303,29.34339,30.227,0.0
2022-01-23 09:02:16.501048,29.44612,30.331,0.0
2022-01-23 09:02:17.009989,30.9425,30.6405,0.0
2022-01-23 09:02:17.504671,31.14795,30.38175,0.0
2022-01-23 09:02:18.004874,30.21968,30.38175,0.0
2022-01-23 09:02:18.510299,29.34339,30.79525,0.0
2022-01-23 09:02:19.008226,29.08595,30.6405,0.0
2022-01-23 09:02:19.506215,30.68382,29.9695,0.0
2022-01-23 09:02:20.003364,30.83853,31.00075,0.0
2022-01-23 09:02:20.508200,30.78778,31.1555,0.0
2022-01-23 09:02:21.007457,29.65281,30.227,0.0
2022-01-23 09:02:21.502851,29.18867,29.66,0.0
2022-01-23 09:02:22.010735,31.19994,30.5365,0.0
2022-01-23 09:02:22.509336,30.68382,30.69125,0.0
2022-01-23 09:02:23.006496,30.06497,30.5365,0.0
2022-01-23 09:02:23.502036,29.65281,30.43375,0.0
2022-01-23 09:02:24.009953,30.01422,30.331,0.0
2022-01-23 09:02:24.504503,30.78778,30.43375,0.0
2022-01-23 09:02:25.001748,30.42637,31.05275,0.0
2022-01-23 09:02:25.509163,29.75554,30.69125,0.0
2022-01-23 09:02:26.007370,29.65281,30.07225,0.0
2022-01-23 09:02:26.502784,29.7048,30.74325,0.0
2022-01-23 09:02:27.001005,30.83853,30.43375,0.0
2022-01-23 09:02:27.506658,30.47836,30.48575,0.0
2022-01-23 09:02:28.004435,29.55008,30.279,0.0
2022-01-23 09:02:28.502386,29.08595,30.331,0.0
2022-01-23 09:02:29.010062,30.47836,30.38175,0.0
2022-01-23 09:02:29.505261,30.63307,30.69125,0.0
2022-01-23 09:02:30.004132,30.27166,30.5365,0.0
2022-01-23 09:02:30.510321,29.4981,30.17625,0.0
2022-01-23 09:02:31.009881,29.44612,30.5365,0.0
2022-01-23 09:02:31.506461,30.42637,30.74325,0.0
2022-01-23 09:02:32.007925,30.32365,30.5365,0.0
2022-01-23 09:02:32.510121,30.27166,30.69125,0.0
2022-01-23 09:02:34.507496,30.21968,30.5365,0.0
2022-01-23 09:02:35.010375,30.11695,30.43375,0.0
2022-01-23 09:02:36.006907,29.91025,30.5885,0.0
2022-01-23 09:02:36.501775,30.83853,30.07225,0.0
2022-01-23 09:02:37.002018,31.09721,30.5365,0.0
2022-01-23 09:02:37.507519,30.32365,31.00075,0.0
2022-01-23 09:02:38.006034,29.75554,30.38175,0.0
2022-01-23 09:02:38.502477,29.2914,30.0215,0.0
2022-01-23 09:02:39.011019,30.06497,30.74325,0.0
2022-01-23 09:02:39.506819,30.68382,30.6405,0.0
2022-01-23 09:02:40.003865,30.16893,30.48575,0.0
2022-01-23 09:02:40.508450,29.55008,30.5885,0.0
2022-01-23 09:02:41.008115,29.75554,30.227,0.0
2022-01-23 09:02:41.503790,30.5291,30.0215,0.0
2022-01-23 09:02:42.002563,30.9425,30.95,0.0
2022-01-23 09:02:42.509060,30.06497,30.38175,0.0
2022-01-23 09:02:43.006813,29.60083,29.9695,0.0
2022-01-23 09:02:43.501515,29.34339,30.43375,0.0
2022-01-23 09:02:44.010979,30.63307,30.69125,0.0
2022-01-23 09:02:44.507047,30.99324,30.5885,0.0
2022-01-23 09:02:45.006028,30.11695,30.5365,0.0
2022-01-23 09:02:45.502692,29.4981,30.48575,0.0
2022-01-23 09:02:46.001046,29.44612,30.5885,0.0
2022-01-23 09:02:46.506569,30.89051,30.331,0.0
2022-01-23 09:02:47.005018,30.32365,30.846,0.0
2022-01-23 09:02:47.510896,30.06497,30.38175,0.0
2022-01-23 09:02:48.009915,29.65281,29.76275,0.0
2022-01-23 09:02:48.508538,29.39537,30.279,0.0
2022-01-23 09:02:49.007189,30.78778,30.79525,0.0
2022-01-23 09:02:49.507785,30.21968,30.43375,0.0
2022-01-23 09:02:50.006284,30.16893,30.331,0.0
2022-01-23 09:02:50.502617,29.55008,30.69125,0.0
2022-01-23 09:02:51.010279,29.80752,30.5365,0.0
2022-01-23 09:02:51.505115,30.5291,30.38175,0.0
2022-01-23 09:02:52.003396,30.63307,31.00075,0.0
2022-01-23 09:02:52.509705,29.96224,30.48575,0.0
2022-01-23 09:02:53.008003,29.85951,29.9175,0.0
2022-01-23 09:02:53.503791,29.60083,30.79525,0.0
2022-01-23 09:02:54.003472,30.9425,30.48575,0.0
2022-01-23 09:02:54.509893,30.27166,30.17625,0.0
2022-01-23 09:02:55.008011,30.01422,30.12425,0.0
2022-01-23 09:02:55.505095,29.39537,30.898,0.0
2022-01-23 09:02:56.003829,29.75554,30.43375,0.0
2022-01-23 09:02:56.509730,31.09721,30.48575,0.0
2022-01-23 09:02:57.007158,30.47836,30.79525,0.0
2022-01-23 09:02:57.504440,29.96224,30.38175,0.0
2022-01-23 09:02:58.002677,29.75554,30.331,0.0
2022-01-23 09:02:58.501045,29.65281,30.95,0.0
2022-01-23 09:02:59.011017,30.47836,30.0215,0.0
2022-01-23 09:02:59.507205,30.32365,29.9695,0.0
2022-01-23 09:03:00.004099,30.01422,30.6405,0.0
2022-01-23 09:03:00.509730,29.7048,30.48575,0.0
2022-01-23 09:03:01.009178,29.96224,29.81475,0.0
2022-01-23 09:03:01.504767,30.9425,30.95,0.0
2022-01-23 09:03:02.004230,30.5291,30.69125,0.0
2022-01-23 09:03:02.502802,29.96224,30.331,0.0
2022-01-23 09:03:03.010844,29.4981,30.898,0.0
2022-01-23 09:03:03.506996,30.11695,30.5365,0.0
2022-01-23 09:03:04.005212,30.78778,30.279,0.0
2022-01-23 09:03:04.510732,30.21968,31.00075,0.0
2022-01-23 09:03:05.009383,29.65281,30.5885,0.0
2022-01-23 09:03:05.505130,29.44612,29.712,0.0
2022-01-23 09:03:06.003340,30.89051,30.5365,0.0
2022-01-23 09:03:06.509961,30.9425,30.846,0.0
2022-01-23 09:03:07.008834,30.7358,30.17625,0.0
2022-01-23 09:03:07.506750,29.91025,30.0215,0.0
2022-01-23 09:03:08.003865,29.2914,31.05275,0.0
2022-01-23 09:03:08.509965,29.44612,30.5365,0.0
2022-01-23 09:03:09.008109,30.11695,30.846,0.0
2022-01-23 09:03:09.503358,30.42637,30.79525,0.0
2022-01-23 09:03:10.001459,29.4981,30.07225,0.0
2022-01-23 09:03:10.506716,29.4981,29.9695,0.0
2022-01-23 09:03:11.001036,30.37439,31.31025,0.0
2022-01-23 09:03:11.509220,30.42637,30.69125,0.0
2022-01-23 09:03:12.007244,30.11695,30.12425,0.0
2022-01-23 09:03:12.504518,29.75554,29.9175,0.0
2022-01-23 09:03:13.002366,30.63307,30.331,0.0
2022-01-23 09:03:13.507251,30.63307,30.69125,0.0
2022-01-23 09:03:14.004894,30.37439,30.38175,0.0
2022-01-23 09:03:14.501693,29.80752,30.331,0.0
2022-01-23 09:03:15.010665,29.60083,30.6405,0.0
2022-01-23 09:03:15.505669,29.96224,30.846,0.0
2022-01-23 09:03:16.005036,30.32365,30.43375,0.0
2022-01-23 09:03:16.510349,30.37439,30.227,0.0
2022-01-23 09:03:17.010120,29.7048,30.227,0.0
2022-01-23 09:03:17.506782,29.65281,30.846,0.0
2022-01-23 09:03:18.004259,30.27166,30.12425,0.0
2022-01-23 09:03:18.511062,30.78778,30.43375,0.0
2022-01-23 09:03:19.008654,30.7358,30.48575,0.0
2022-01-23 09:03:19.505035,30.16893,30.17625,0.0
2022-01-23 09:03:20.002698,29.91025,30.74325,0.0
2022-01-23 09:03:20.510067,29.44612,30.898,0.0
2022-01-23 09:03:21.008405,30.99324,30.331,0.0
2022-01-23 09:03:21.504803,29.96224,30.48575,0.0
2022-01-23 09:03:22.002860,30.21968,30.43375,0.0
2022-01-23 09:03:22.507540,29.55008,30.279,0.0
2022-01-23 09:03:23.005301,29.80752,30.43375,0.0
2022-01-23 09:03:24.004651,30.06497,30.43375,0.0
2022-01-23 09:03:24.509929,30.01422,30.331,0.0
2022-01-23 09:03:25.007880,30.27166,30.331,0.0
2022-01-23 09:03:25.504640,30.27166,30.279,0.0
2022-01-23 09:03:26.002417,30.58109,30.846,0.0
2022-01-23 09:03:26.507770,30.27166,30.6405,0.0
2022-01-23 09:03:27.005492,29.91025,30.17625,0.0
2022-01-23 09:03:27.510329,30.21968,30.6405,0.0
2022-01-23 09:03:28.008922,30.83853,30.43375,0.0
2022-01-23 09:03:28.504587,30.7358,30.5885,0.0
2022-01-23 09:03:29.002173,30.32365,30.48575,0.0
2022-01-23 09:03:29.507862,29.60083,30.227,0.0
2022-01-23 09:03:30.007250,29.60083,30.5365,0.0
2022-01-23 09:03:30.503643,30.68382,30.5365,0.0
2022-01-23 09:03:31.002821,30.99324,30.69125,0.0
2022-01-23 09:03:31.507714,30.32365,30.17625,0.0
2022-01-23 09:03:32.005849,29.85951,30.227,0.0
2022-01-23 09:03:32.501651,29.7048,30.95,0.0
2022-01-23 09:03:33.009742,30.11695,30.48575,0.0
2022-01-23 09:03:33.505898,30.42637,30.5365,0.0
2022-01-23 09:03:34.009971,30.27166,30.331,0.0
2022-01-23 09:03:34.506986,29.39537,30.331,0.0
2022-01-23 09:03:35.005514,29.44612,30.5885,0.0
2022-01-23 09:03:36.005270,30.63307,30.43375,0.0
2022-01-23 09:03:36.510769,29.75554,30.5365,0.0
2022-01-23 09:03:37.002096,29.44612,30.48575,0.0
2022-01-23 09:03:37.507404,29.65281,30.43375,0.0
2022-01-23 09:03:38.007032,30.47836,30.43375,0.0
2022-01-23 09:03:38.502810,30.68382,30.5885,0.0
2022-01-23 09:03:39.002120,29.91025,30.48575,0.0
2022-01-23 09:03:39.510414,29.34339,30.43375,0.0
2022-01-23 09:03:40.009060,29.4981,30.5885,0.0
2022-01-23 09:03:40.505383,30.58109,30.331,0.0
2022-01-23 09:03:41.003412,30.78778,30.48575,0.0
2022-01-23 09:03:41.501065,30.21968,30.74325,0.0
2022-01-23 09:03:42.010142,29.44612,30.331,0.0
2022-01-23 09:03:42.505630,29.60083,30.6405,0.0
2022-01-23 09:03:43.004229,30.58109,30.898,0.0
2022-01-23 09:03:43.510729,30.78778,30.43375,0.0
2022-01-23 09:03:44.002517,30.47836,30.227,0.0
2022-01-23 09:03:44.507322,29.96224,30.74325,0.0
2022-01-23 09:03:45.006311,29.75554,30.227,0.0
2022-01-23 09:03:45.502195,29.85951,30.74325,0.0
2022-01-23 09:03:46.009802,30.68382,30.79525,0.0
2022-01-23 09:03:46.505115,30.32365,29.9695,0.0
2022-01-23 09:03:47.002933,29.91025,30.331,0.0
2022-01-23 09:03:47.510376,30.11695,30.846,0.0
2022-01-23 09:03:48.008539,31.04522,30.48575,0.0
2022-01-23 09:03:48.506001,30.63307,30.43375,0.0
2022-01-23 09:03:49.004794,30.27166,30.74325,0.0
2022-01-23 09:03:49.510799,29.75554,30.07225,0.0
2022-01-23 09:03:50.008485,29.55008,30.331,0.0
2022-01-23 09:03:50.503733,30.63307,31.10475,0.0
2022-01-23 09:03:51.002505,30.42637,30.43375,0.0
2022-01-23 09:03:51.506800,30.16893,29.81475,0.0
2022-01-23 09:03:52.006036,29.96224,31.05275,0.0
2022-01-23 09:03:52.501129,30.58109,30.6405,0.0
2022-01-23 09:03:53.010300,30.78778,30.279,0.0
2022-01-23 09:03:53.507317,30.5291,30.69125,0.0
2022-01-23 09:03:54.005344,29.75554,30.48575,0.0
2022-01-23 09:03:54.501142,29.39537,30.331,0.0
2022-01-23 09:03:55.010414,30.42637,31.05275,0.0
2022-01-23 09:03:55.505178,31.09721,30.79525,0.0
2022-01-23 09:03:56.004165,30.5291,29.81475,0.0
2022-01-23 09:03:56.509630,29.96224,29.81475,0.0
2022-01-23 09:03:57.007119,29.75554,31.05275,0.0
2022-01-23 09:03:57.503262,29.96224,30.846,0.0
2022-01-23 09:03:58.001550,30.68382,30.0215,0.0
2022-01-23 09:03:58.507673,30.11695,30.331,0.0
2022-01-23 09:03:59.006381,29.80752,30.846,0.0
2022-01-23 09:03:59.502219,29.4981,30.74325,0.0
2022-01-23 09:04:00.001538,30.5291,30.898,0.0
2022-01-23 09:04:00.505434,30.37439,30.331,0.0
2022-01-23 09:04:01.003971,30.06497,30.227,0.0
2022-01-23 09:04:01.506232,29.24066,30.95,0.0
2022-01-23 09:04:02.004531,29.80752,30.12425,0.0
2022-01-23 09:04:02.510279,30.78778,30.0215,0.0
2022-01-23 09:04:03.008551,30.5291,30.6405,0.0
2022-01-23 09:04:03.504972,30.27166,30.48575,0.0
2022-01-23 09:04:04.003249,29.24066,30.279,0.0
2022-01-23 09:04:04.507709,29.65281,30.74325,0.0
2022-01-23 09:04:05.005690,30.7358,30.5365,0.0
2022-01-23 09:04:05.509526,30.42637,30.48575,0.0
2022-01-23 09:04:06.005568,30.37439,30.898,0.0
2022-01-23 09:04:06.501379,29.96224,30.38175,0.0
2022-01-23 09:04:07.009860,29.24066,29.9175,0.0
2022-01-23 09:04:07.506111,29.91025,30.69125,0.0
2022-01-23 09:04:08.003940,30.5291,30.48575,0.0
2022-01-23 09:04:08.509504,30.11695,30.0215,0.0
2022-01-23 09:04:09.010125,29.96224,30.5365,0.0
2022-01-23 09:04:09.505788,30.37439,30.43375,0.0
2022-01-23 09:04:10.004530,30.89051,30.48575,0.0
2022-01-23 09:04:10.509781,30.58109,30.69125,0.0
2022-01-23 09:04:11.003756,30.27166,30.43375,0.0
2022-01-23 09:04:11.510688,29.60083,30.331,0.0
2022-01-23 09:04:12.008166,29.08595,30.69125,0.0
2022-01-23 09:04:12.503264,30.68382,30.79525,0.0
2022-01-23 09:04:13.002326,30.89051,30.227,0.0
2022-01-23 09:04:13.507605,30.01422,29.9695,0.0
2022-01-23 09:04:14.005919,29.44612,30.79525,0.0
2022-01-23 09:04:14.501350,28.82727,30.48575,0.0
2022-01-23 09:04:15.009774,30.37439,30.279,0.0
2022-01-23 09:04:15.507877,30.58109,30.5365,0.0
2022-01-23 09:04:16.006835,30.27166,30.279,0.0
2022-01-23 09:04:17.005179,30.01422,31.00075,0.0
2022-01-23 09:04:17.501826,30.78778,30.43375,0.0
2022-01-23 09:04:18.010980,31.14795,30.07225,0.0
2022-01-23 09:04:18.506005,30.27166,30.74325,0.0
2022-01-23 09:04:19.003995,29.85951,30.6405,0.0
2022-01-23 09:04:19.509357,29.55008,30.6405,0.0
2022-01-23 09:04:20.008517,30.42637,30.227,0.0
2022-01-23 09:04:20.504589,30.11695,30.38175,0.0
2022-01-23 09:04:21.002291,30.06497,30.5885,0.0
2022-01-23 09:04:21.509449,30.21968,30.48575,0.0
2022-01-23 09:04:22.007937,30.37439,30.5365,0.0
2022-01-23 09:04:22.502521,30.58109,30.43375,0.0
2022-01-23 09:04:23.010811,30.27166,30.5365,0.0
2022-01-23 09:04:23.506763,29.55008,30.38175,0.0
2022-01-23 09:04:24.004645,30.21968,30.48575,0.0
2022-01-23 09:04:24.501869,30.42637,30.5885,0.0
2022-01-23 09:04:25.010484,30.16893,30.227,0.0
2022-01-23 09:04:25.506692,30.21968,30.5365,0.0
2022-01-23 09:04:26.003775,29.80752,30.48575,0.0
2022-01-23 09:04:26.509947,29.85951,30.12425,0.0
2022-01-23 09:04:27.008375,30.42637,30.79525,0.0
2022-01-23 09:04:27.504006,30.21968,30.5365,0.0
2022-01-23 09:04:28.002083,30.47836,30.279,0.0
2022-01-23 09:04:28.507691,29.91025,30.69125,0.0
2022-01-23 09:04:29.006701,29.34339,30.43375,0.0
2022-01-23 09:04:29.501634,29.34339,30.279,0.0
2022-01-23 09:04:30.010300,31.09721,30.38175,0.0
2022-01-23 09:04:30.504809,30.78778,30.48575,0.0
2022-01-23 09:04:31.002757,29.85951,30.279,0.0
2022-01-23 09:04:31.508219,29.39537,30.74325,0.0
2022-01-23 09:04:32.008150,29.75554,30.38175,0.0
2022-01-23 09:04:32.502879,29.91025,30.12425,0.0
2022-01-23 09:04:33.002552,30.27166,30.279,0.0
2022-01-23 09:04:33.508930,29.91025,30.898,0.0
2022-01-23 09:04:34.007542,30.06497,30.74325,0.0
2022-01-23 09:04:34.503808,30.42637,30.48575,0.0
2022-01-23 09:04:35.001534,30.32365,30.38175,0.0
2022-01-23 09:04:35.507930,29.80752,30.17625,0.0
2022-01-23 09:04:36.007695,29.24066,30.5885,0.0
2022-01-23 09:04:36.503038,29.44612,30.74325,0.0
2022-01-23 09:04:37.001815,30.7358,30.17625,0.0
2022-01-23 09:04:37.507994,30.37439,30.12425,0.0
2022-01-23 09:04:38.008335,30.01422,30.846,0.0
2022-01-23 09:04:38.505630,29.34339,30.331,0.0
2022-01-23 09:04:39.003670,30.42637,30.331,0.0
2022-01-23 09:04:39.508751,31.30267,31.00075,0.0
2022-01-23 09:04:40.007268,30.63307,30.5885,0.0
2022-01-23 09:04:40.503294,30.01422,30.17625,0.0
2022-01-23 09:04:41.002105,28.98198,31.10475,0.0
2022-01-23 09:04:41.508488,30.27166,30.79525,0.0
2022-01-23 09:04:42.009367,30.7358,29.9695,0.0
2022-01-23 09:04:42.504924,30.47836,30.17625,0.0
2022-01-23 09:04:43.004051,29.91025,30.79525,0.0
2022-01-23 09:04:43.510067,29.4981,30.74325,0.0
2022-01-23 09:04:44.008296,29.75554,30.279,0.0
2022-01-23 09:04:44.504868,30.7358,30.38175,0.0
2022-01-23 09:04:45.004047,30.58109,30.38175,0.0
2022-01-23 09:04:45.501798,30.21968,31.05275,0.0
2022-01-23 09:04:46.010845,30.01422,30.48575,0.0
2022-01-23 09:04:46.507401,29.91025,30.331,0.0
2022-01-23 09:04:47.005515,30.32365,30.38175,0.0
2022-01-23 09:04:47.501815,30.63307,30.69125,0.0
2022-01-23 09:04:48.504978,29.44612,30.6405,0.0
2022-01-23 09:04:49.003543,29.34339,30.6405,0.0
2022-01-23 09:04:49.501077,30.42637,30.17625,0.0
2022-01-23 09:04:50.010513,30.68382,30.331,0.0
2022-01-23 09:04:50.504592,29.80752,30.74325,0.0
2022-01-23 09:04:51.008580,29.39537,30.331,0.0
2022-01-23 09:04:51.507034,29.4981,30.5365,0.0
2022-01-23 09:04:52.004762,31.14795,31.2595,0.0
2022-01-23 09:04:52.501192,30.37439,30.0215,0.0
2022-01-23 09:04:53.010706,29.75554,31.2595,0.0
2022-01-23 09:04:53.506277,34.86105,36.00475,0.0
2022-01-23 09:04:54.004014,37.80059,37.14,0.0
2022-01-23 09:04:54.510897,38.98755,39.9255,0.0
2022-01-23 09:04:55.009127,40.6374,40.90475,0.0
2022-01-23 09:04:55.505206,39.50243,39.35725,0.0
2022-01-23 09:04:56.004932,39.14226,40.33775,0.0
2022-01-23 09:04:56.510619,38.47142,38.42875,0.0
2022-01-23 09:04:57.007724,38.31671,39.35725,0.0
2022-01-23 09:04:57.503965,39.34772,39.77075,0.0
2022-01-23 09:04:58.003387,38.98755,38.274,0.0
2022-01-23 09:04:58.508900,38.00729,39.8215,0.0
2022-01-23 09:04:59.007430,39.03829,38.73825,0.0
2022-01-23 09:04:59.504082,39.3997,39.46125,0.0
2022-01-23 09:05:00.003482,38.11002,38.945,0.0
2022-01-23 09:05:00.501201,38.11002,39.46125,0.0
2022-01-23 09:05:01.003819,39.55441,39.40925,0.0
2022-01-23 09:05:01.511030,38.83283,38.42875,0.0
2022-01-23 09:05:02.009163,38.11002,39.97625,0.0
2022-01-23 09:05:02.504034,39.09027,39.09975,0.0
2022-01-23 09:05:03.003151,39.193,39.3065,0.0
2022-01-23 09:05:03.509635,38.41944,38.6355,0.0
2022-01-23 09:05:04.009083,38.72887,39.2025,0.0
2022-01-23 09:05:04.506595,39.14226,39.564,0.0
2022-01-23 09:05:05.004956,38.3687,38.6355,0.0
2022-01-23 09:05:05.510974,38.83283,39.512,0.0
2022-01-23 09:05:06.010617,38.62614,39.09975,0.0
2022-01-23 09:05:06.506747,38.88358,39.2025,0.0
2022-01-23 09:05:07.002451,38.78085,39.04775,0.0
2022-01-23 09:05:07.508171,38.41944,39.77075,0.0
2022-01-23 09:05:08.006634,39.24499,38.73825,0.0
2022-01-23 09:05:08.502946,38.162,39.2545,0.0
2022-01-23 09:05:09.010981,39.193,39.15175,0.0
2022-01-23 09:05:09.506391,39.14226,39.512,0.0
2022-01-23 09:05:10.003912,38.62614,39.04775,0.0
2022-01-23 09:05:10.504974,38.05927,39.15175,0.0
2022-01-23 09:05:11.009159,38.98755,39.15175,0.0
2022-01-23 09:05:11.504526,39.50243,39.2025,0.0
2022-01-23 09:05:12.003422,38.26473,39.2025,0.0
2022-01-23 09:05:12.509317,38.21398,39.616,0.0
2022-01-23 09:05:13.007043,39.70912,38.5835,0.0
2022-01-23 09:05:13.502661,39.70912,41.62775,0.0
2022-01-23 09:05:14.010992,45.64018,45.3925,0.0
2022-01-23 09:05:14.509283,46.25903,47.09475,0.0
2022-01-23 09:05:15.007002,50.95115,50.91275,0.0
2022-01-23 09:05:15.501799,51.57,53.4395,0.0
2022-01-23 09:05:16.010962,57.34635,56.79325,0.0
2022-01-23 09:05:16.507558,58.06793,59.57875,0.0
2022-01-23 09:05:17.007893,62.03971,62.7765,0.0
2022-01-23 09:05:17.504291,64.82453,64.73625,0.0
2022-01-23 09:05:18.002736,66.99051,68.9665,0.0
2022-01-23 09:05:18.507737,70.90907,70.10175,0.0
2022-01-23 09:05:19.006702,72.6109,75.62075,0.0
2022-01-23 09:05:19.504020,77.20153,76.033,0.0
2022-01-23 09:05:20.002779,78.07782,80.6755,0.0
2022-01-23 09:05:20.510432,82.9259,81.9655,0.0
2022-01-23 09:05:21.007470,82.9259,85.7315,0.0
2022-01-23 09:05:21.502768,83.7502,84.23475,0.0
2022-01-23 09:05:22.001312,82.97664,84.3895,0.0
2022-01-23 09:05:22.507140,83.28607,83.61575,0.0
2022-01-23 09:05:23.004828,83.18334,83.8745,0.0
2022-01-23 09:05:23.501244,83.80219,85.0605,0.0
2022-01-23 09:05:24.001551,83.54475,84.33875,0.0
2022-01-23 09:05:24.508273,82.66722,84.02925,0.0
2022-01-23 09:05:25.006952,83.39003,83.92525,0.0
2022-01-23 09:05:25.501877,82.87391,84.751,0.0
2022-01-23 09:05:26.010703,83.80219,85.0605,0.0
2022-01-23 09:05:26.505844,83.59549,83.513,0.0
2022-01-23 09:05:27.002857,82.87391,84.59625,0.0
2022-01-23 09:05:27.507957,83.64747,83.565,0.0
2022-01-23 09:05:28.008260,83.59549,85.6795,0.0
2022-01-23 09:05:28.506490,83.13135,83.7705,0.0
2022-01-23 09:05:29.003820,83.18334,83.7705,0.0
2022-01-23 09:05:29.510335,82.82193,84.54425,0.0
2022-01-23 09:05:30.008452,83.39003,84.54425,0.0
2022-01-23 09:05:30.503547,84.31831,84.85375,0.0
2022-01-23 09:05:31.001768,82.97664,83.513,0.0
2022-01-23 09:05:31.509297,83.49276,84.33875,0.0
2022-01-23 09:05:32.007227,83.28607,84.184,0.0
2022-01-23 09:05:32.503222,83.08061,85.52475,0.0
2022-01-23 09:05:33.003276,83.85417,83.2555,0.0
2022-01-23 09:05:33.509344,82.30705,84.4935,0.0
2022-01-23 09:05:34.009013,84.00888,84.184,0.0
2022-01-23 09:05:34.503773,83.44078,84.699,0.0
2022-01-23 09:05:35.002684,83.39003,84.33875,0.0
2022-01-23 09:05:35.509761,83.80219,83.92525,0.0
2022-01-23 09:05:36.007498,82.82193,84.3895,0.0
2022-01-23 09:05:36.503230,83.23532,84.08,0.0
2022-01-23 09:05:37.001676,83.18334,85.0085,0.0
2022-01-23 09:05:37.510642,82.97664,83.41025,0.0
2022-01-23 09:05:38.008653,83.39003,84.90575,0.0
2022-01-23 09:05:38.503860,83.59549,83.565,0.0
2022-01-23 09:05:39.002542,83.39003,84.751,0.0
2022-01-23 09:05:39.509347,83.90492,84.751,0.0
2022-01-23 09:05:40.007801,82.97664,83.66775,0.0
2022-01-23 09:05:40.503431,83.33805,85.0085,0.0
2022-01-23 09:05:41.004682,83.23532,82.946,0.0
2022-01-23 09:05:41.510776,83.08061,85.78225,0.0
2022-01-23 09:05:42.009841,83.85417,83.92525,0.0
2022-01-23 09:05:42.505508,82.9259,84.33875,0.0
2022-01-23 09:05:43.004198,83.80219,83.61575,0.0
2022-01-23 09:05:43.510436,83.18334,84.803,0.0
2022-01-23 09:05:44.008314,83.64747,84.699,0.0
2022-01-23 09:05:44.504790,83.49276,84.184,0.0
2022-01-23 09:05:45.003014,82.66722,84.33875,0.0
2022-01-23 09:05:45.509659,83.49276,83.66775,0.0
2022-01-23 09:05:46.008738,82.97664,85.57675,0.0
2022-01-23 09:05:46.505248,83.9569,83.61575,0.0
2022-01-23 09:05:47.003872,83.28607,84.90575,0.0
2022-01-23 09:05:47.510966,83.33805,83.30625,0.0
2022-01-23 09:05:48.009338,83.49276,85.16325,0.0
2022-01-23 09:05:48.505670,83.54475,84.28675,0.0
2022-01-23 09:05:49.003643,83.08061,84.184,0.0
2022-01-23 09:05:49.509230,82.87391,83.92525,0.0
2022-01-23 09:05:50.006480,83.13135,84.184,0.0
2022-01-23 09:05:50.502195,83.33805,85.16325,0.0
2022-01-23 09:05:51.010120,83.85417,83.61575,0.0
2022-01-23 09:05:51.505369,83.02862,84.95775,0.0
2022-01-23 09:05:52.003306,83.64747,83.35825,0.0
2022-01-23 09:05:52.508627,83.28607,85.6795,0.0
2022-01-23 09:05:53.006427,83.49276,84.08,0.0
2022-01-23 09:05:53.510949,83.23532,83.565,0.0
2022-01-23 09:05:54.008945,82.77118,84.751,0.0
2022-01-23 09:05:54.505753,83.59549,83.8745,0.0
2022-01-23 09:05:55.005570,83.69946,85.318,0.0
2022-01-23 09:05:55.502891,83.33805,82.842,0.0
2022-01-23 09:05:56.010792,83.23532,85.21525,0.0
2022-01-23 09:05:56.507764,83.18334,83.7705,0.0
2022-01-23 09:05:57.006617,83.80219,85.422,0.0
2022-01-23 09:05:57.510854,83.18334,83.71975,0.0
2022-01-23 09:05:58.010786,82.97664,84.23475,0.0
2022-01-23 09:05:58.507215,83.33805,84.64825,0.0
2022-01-23 09:05:59.005399,83.44078,84.08,0.0
2022-01-23 09:05:59.501913,83.7502,84.751,0.0
2022-01-23 09:06:00.009920,83.59549,83.66775,0.0
2022-01-23 09:06:00.507617,82.46176,84.59625,0.0
2022-01-23 09:06:01.006507,83.69946,84.54425,0.0
2022-01-23 09:06:01.503398,83.64747,84.59625,0.0
2022-01-23 09:06:02.001083,83.28607,84.02925,0.0
2022-01-23 09:06:02.506298,83.54475,84.699,0.0
2022-01-23 09:06:03.004618,82.97664,84.184,0.0
2022-01-23 09:06:03.502995,83.33805,84.3895,0.0
2022-01-23 09:06:04.003318,83.64747,84.184,0.0
2022-01-23 09:06:04.507817,83.28607,84.28675,0.0
2022-01-23 09:06:05.007294,83.59549,84.64825,0.0
2022-01-23 09:06:05.502739,82.87391,84.08,0.0
2022-01-23 09:06:06.002429,83.54475,84.4935,0.0
2022-01-23 09:06:06.509081,83.44078,84.3895,0.0
2022-01-23 09:06:07.007045,83.13135,84.3895,0.0
2022-01-23 09:06:07.503867,83.90492,84.4415,0.0
2022-01-23 09:06:08.004639,83.08061,84.3895,0.0
2022-01-23 09:06:08.511251,83.44078,84.02925,0.0
2022-01-23 09:06:09.010123,83.49276,84.95775,0.0
2022-01-23 09:06:09.506819,83.39003,83.8225,0.0
2022-01-23 09:06:10.004299,83.23532,84.54425,0.0
2022-01-23 09:06:10.510194,83.33805,84.184,0.0
2022-01-23 09:06:11.005119,83.28607,84.33875,0.0
2022-01-23 09:06:11.501188,83.80219,84.803,0.0
2022-01-23 09:06:12.008562,83.28607,83.30625,0.0
2022-01-23 09:06:12.506388,83.13135,85.21525,0.0
2022-01-23 09:06:13.004540,83.59549,83.61575,0.0
2022-01-23 09:06:13.507669,82.9259,85.1125,0.0
2022-01-23 09:06:14.005876,83.59549,83.513,0.0
2022-01-23 09:06:14.501961,83.13135,85.1125,0.0
2022-01-23 09:06:15.010652,83.59549,84.23475,0.0
2022-01-23 09:06:15.506764,83.85417,84.28675,0.0
2022-01-23 09:06:16.004665,83.13135,84.59625,0.0
2022-01-23 09:06:16.501227,83.28607,83.92525,0.0
2022-01-23 09:06:17.009144,83.23532,85.26725,0.0
2022-01-23 09:06:17.505163,83.9569,83.565,0.0
2022-01-23 09:06:18.002897,83.28607,84.90575,0.0
2022-01-23 09:06:18.508449,82.82193,83.35825,0.0
2022-01-23 09:06:19.007243,83.28607,85.47275,0.0
2022-01-23 09:06:19.502581,83.59549,83.92525,0.0
2022-01-23 09:06:20.010433,83.59549,83.7705,0.0
2022-01-23 09:06:20.505805,83.02862,84.64825,0.0
2022-01-23 09:06:21.004569,83.39003,83.7705,0.0
2022-01-23 09:06:21.510712,82.87391,85.7315,0.0
2022-01-23 09:06:22.008775,84.21434,82.946,0.0
2022-01-23 09:06:22.503952,83.08061,84.803,0.0
2022-01-23 09:06:23.003294,83.13135,84.184,0.0
2022-01-23 09:06:23.509366,83.08061,84.95775,0.0
2022-01-23 09:06:24.007359,83.7502,84.28675,0.0
2022-01-23 09:06:24.503428,83.59549,83.565,0.0
2022-01-23 09:06:25.002207,83.39003,85.0085,0.0
2022-01-23 09:06:25.508140,83.44078,84.4415,0.0
2022-01-23 09:06:26.007354,82.9259,84.4935,0.0
2022-01-23 09:06:26.502219,84.05963,83.2035,0.0
2022-01-23 09:06:27.010520,83.08061,85.16325,0.0
2022-01-23 09:06:27.506658,82.97664,83.97725,0.0
2022-01-23 09:06:28.004427,83.44078,85.88625,0.0
2022-01-23 09:06:28.510888,82.97664,82.99675,0.0
2022-01-23 09:06:29.009556,84.05963,84.132,0.0
2022-01-23 09:06:29.504746,82.97664,84.95775,0.0
2022-01-23 09:06:30.003427,83.59549,83.92525,0.0
2022-01-23 09:06:30.509065,83.54475,84.85375,0.0
2022-01-23 09:06:31.007177,83.23532,82.894,0.0
2022-01-23 09:06:31.503101,83.39003,85.21525,0.0
2022-01-23 09:06:32.002361,83.13135,84.3895,0.0
2022-01-23 09:06:32.507355,83.33805,84.59625,0.0
2022-01-23 09:06:33.006731,83.9569,84.08,0.0
2022-01-23 09:06:33.501892,83.33805,83.8745,0.0
2022-01-23 09:06:34.010627,83.13135,84.803,0.0
2022-01-23 09:06:34.506148,83.90492,84.23475,0.0
2022-01-23 09:06:35.005793,82.77118,84.803,0.0
2022-01-23 09:06:35.501294,83.85417,83.461,0.0
2022-01-23 09:06:36.009727,82.77118,84.95775,0.0
2022-01-23 09:06:36.505471,83.23532,83.97725,0.0
2022-01-23 09:06:37.003951,83.64747,84.699,0.0
2022-01-23 09:06:37.510310,82.9259,83.92525,0.0
2022-01-23 09:06:38.009019,84.1636,84.4935,0.0
2022-01-23 09:06:38.506065,83.02862,83.92525,0.0
2022-01-23 09:06:39.004411,83.39003,85.0085,0.0
2022-01-23 09:06:39.502229,83.39003,84.184,0.0
2022-01-23 09:06:40.009915,83.02862,84.3895,0.0
2022-01-23 09:06:40.506793,83.39003,84.02925,0.0
2022-01-23 09:06:41.005773,83.13135,84.4415,0.0
2022-01-23 09:06:41.502115,83.13135,84.54425,0.0
2022-01-23 09:06:42.001214,83.59549,84.54425,0.0
2022-01-23 09:06:42.507331,83.7502,84.184,0.0
2022-01-23 09:06:43.006480,83.39003,84.23475,0.0
2022-01-23 09:06:43.502108,83.23532,85.0605,0.0
2022-01-23 09:06:44.010806,82.66722,83.8745,0.0
2022-01-23 09:06:44.506392,83.44078,84.699,0.0
2022-01-23 09:06:45.003757,83.33805,82.894,0.0
2022-01-23 09:06:45.509334,83.18334,85.7315,0.0
2022-01-23 09:06:46.008275,83.64747,83.92525,0.0
2022-01-23 09:06:46.503386,83.18334,84.28675,0.0
2022-01-23 09:06:47.002527,83.85417,84.184,0.0
2022-01-23 09:06:47.507697,82.9259,84.132,0.0
2022-01-23 09:06:48.005855,83.08061,85.57675,0.0
2022-01-23 09:06:48.503028,83.13135,83.2555,0.0
2022-01-23 09:06:49.001825,83.69946,84.23475,0.0
2022-01-23 09:06:49.508062,83.49276,83.71975,0.0
2022-01-23 09:06:50.007298,82.97664,85.47275,0.0
2022-01-23 09:06:50.502764,83.49276,84.4415,0.0
2022-01-23 09:06:51.002204,83.80219,83.35825,0.0
2022-01-23 09:06:51.510030,83.33805,84.33875,0.0
2022-01-23 09:06:52.008474,82.82193,84.184,0.0
2022-01-23 09:06:52.503372,83.13135,85.88625,0.0
2022-01-23 09:06:53.004005,83.7502,83.04875,0.0
2022-01-23 09:06:53.509849,83.59549,84.54425,0.0
2022-01-23 09:06:54.007560,83.28607,83.97725,0.0
2022-01-23 09:06:54.501396,83.08061,85.26725,0.0
2022-01-23 09:06:55.010519,83.39003,83.8745,0.0
2022-01-23 09:06:55.506791,83.49276,84.08,0.0
2022-01-23 09:06:56.004552,83.49276,83.97725,0.0
2022-01-23 09:06:56.509606,82.77118,85.0085,0.0
2022-01-23 09:06:57.009267,83.39003,84.90575,0.0
2022-01-23 09:06:57.506814,83.80219,83.10075,0.0
2022-01-23 09:06:58.005035,83.13135,85.1125,0.0
2022-01-23 09:06:58.501200,83.9569,83.2555,0.0
2022-01-23 09:06:59.010288,83.02862,85.52475,0.0
2022-01-23 09:06:59.505772,83.23532,83.461,0.0
2022-01-23 09:07:00.003288,83.44078,84.64825,0.0
2022-01-23 09:07:00.507902,83.02862,84.54425,0.0
2022-01-23 09:07:01.005119,83.54475,84.08,0.0
2022-01-23 09:07:01.502037,83.18334,84.64825,0.0
2022-01-23 09:07:02.011195,83.39003,83.461,0.0
2022-01-23 09:07:02.506755,83.7502,84.90575,0.0
2022-01-23 09:07:03.004541,83.18334,83.513,0.0
2022-01-23 09:07:03.510165,83.69946,85.16325,0.0
2022-01-23 09:07:04.008644,83.18334,83.8745,0.0
2022-01-23 09:07:04.502646,82.66722,84.90575,0.0
2022-01-23 09:07:05.010545,83.39003,84.132,0.0
2022-01-23 09:07:05.506405,83.28607,83.92525,0.0
2022-01-23 09:07:06.006130,83.39003,84.90575,0.0
2022-01-23 09:07:06.510032,83.90492,83.61575,0.0
2022-01-23 09:07:07.008118,83.13135,84.85375,0.0
2022-01-23 09:07:07.504303,83.7502,83.41025,0.0
2022-01-23 09:07:08.003743,83.08061,85.37,0.0
2022-01-23 09:07:08.510790,82.7192,83.8225,0.0
2022-01-23 09:07:09.008614,83.64747,85.0605,0.0
2022-01-23 09:07:09.503251,82.77118,83.41025,0.0
2022-01-23 09:07:10.001990,83.69946,84.4415,0.0
2022-01-23 09:07:10.510633,83.28607,84.33875,0.0
2022-01-23 09:07:11.004461,83.59549,84.28675,0.0
2022-01-23 09:07:11.510303,84.11161,84.54425,0.0
2022-01-23 09:07:12.008086,82.82193,83.92525,0.0
2022-01-23 09:07:12.503159,82.97664,85.26725,0.0
2022-01-23 09:07:13.001878,83.28607,84.23475,0.0
2022-01-23 09:07:13.507225,83.33805,84.23475,0.0
2022-01-23 09:07:14.005307,83.59549,84.08,0.0
2022-01-23 09:07:14.511041,83.23532,84.803,0.0
2022-01-23 09:07:15.009091,83.08061,84.184,0.0
2022-01-23 09:07:15.504580,84.21434,84.54425,0.0
2022-01-23 09:07:16.002665,83.13135,83.92525,0.0
2022-01-23 09:07:16.508678,83.13135,84.3895,0.0
2022-01-23 09:07:17.006085,83.49276,84.90575,0.0
2022-01-23 09:07:17.501346,82.5125,83.92525,0.0
2022-01-23 09:07:18.009132,84.36905,84.4935,0.0
2022-01-23 09:07:18.505015,83.28607,84.4935,0.0
2022-01-23 09:07:19.004659,83.18334,84.4415,0.0
2022-01-23 09:07:19.511303,83.54475,84.28675,0.0
2022-01-23 09:07:20.009798,82.97664,84.23475,0.0
2022-01-23 09:07:20.504469,83.85417,83.92525,0.0
2022-01-23 09:07:21.003715,81.63621,81.3465,0.0
2022-01-23 09:07:21.510608,77.66567,77.994,0.0
2022-01-23 09:07:22.008080,71.63188,74.43475,0.0
2022-01-23 09:07:22.504902,69.72335,71.03025,0.0
2022-01-23 09:07:23.003995,67.71209,67.6765,0.0
2022-01-23 09:07:24.005757,63.53485,62.93125,0.0
2022-01-23 09:07:24.503147,57.91322,59.83625,0.0
2022-01-23 09:07:25.001399,55.90195,56.6385,0.0
2022-01-23 09:07:25.508695,53.83995,53.59425,0.0
2022-01-23 09:07:26.007173,51.20983,50.55125,0.0
2022-01-23 09:07:26.502599,46.98061,48.178,0.0
2022-01-23 09:07:27.002788,43.73165,45.4965,0.0
2022-01-23 09:07:27.508731,41.82312,42.50425,0.0
2022-01-23 09:07:28.006868,39.91582,39.512,0.0
2022-01-23 09:07:28.504749,36.76959,36.62375,0.0
2022-01-23 09:07:29.003219,35.22246,40.4405,0.0
2022-01-23 09:07:29.510524,41.35898,39.77075,0.0
2022-01-23 09:07:30.009959,40.27599,37.036,0.0
2022-01-23 09:07:30.505083,37.69786,40.854,0.0
2022-01-23 09:07:31.004588,36.51215,40.08025,0.0
2022-01-23 09:07:31.511035,40.4307,37.3455,0.0
2022-01-23 09:07:32.009692,39.3997,40.802,0.0
2022-01-23 09:07:32.506985,37.64588,39.09975,0.0
2022-01-23 09:07:33.006566,38.41944,37.60425,0.0
2022-01-23 09:07:33.502867,39.50243,40.75,0.0
2022-01-23 09:07:34.001200,38.47142,38.48075,0.0
2022-01-23 09:07:34.508027,38.41944,39.512,0.0
2022-01-23 09:07:35.006585,39.29697,39.564,0.0
2022-01-23 09:07:35.503027,38.72887,38.5835,0.0
2022-01-23 09:07:36.001449,38.72887,40.38975,0.0
2022-01-23 09:07:36.507200,38.26473,38.17125,0.0
2022-01-23 09:07:37.006353,39.29697,39.97625,0.0
2022-01-23 09:07:37.504137,38.72887,39.04775,0.0
2022-01-23 09:07:38.002686,38.72887,38.378,0.0
2022-01-23 09:07:38.508930,38.21398,39.9255,0.0
2022-01-23 09:07:39.007615,39.91582,38.5835,0.0
2022-01-23 09:07:39.502639,39.14226,39.9255,0.0
2022-01-23 09:07:40.010290,38.05927,38.378,0.0
2022-01-23 09:07:40.506480,38.83283,40.28575,0.0
2022-01-23 09:07:41.004669,39.3997,39.2545,0.0
2022-01-23 09:07:41.502067,38.72887,38.326,0.0
2022-01-23 09:07:42.010095,37.64588,39.71875,0.0
2022-01-23 09:07:42.505154,39.65714,38.6875,0.0
2022-01-23 09:07:43.003622,39.14226,39.35725,0.0
2022-01-23 09:07:43.509187,37.90456,38.893,0.0
2022-01-23 09:07:44.007330,38.57415,39.77075,0.0
2022-01-23 09:07:44.503816,39.76111,39.2025,0.0
2022-01-23 09:07:45.002135,38.3687,38.73825,0.0
2022-01-23 09:07:45.507864,37.85257,39.66675,0.0
2022-01-23 09:07:46.005790,39.3997,39.09975,0.0
2022-01-23 09:07:46.502020,39.03829,39.04775,0.0
2022-01-23 09:07:47.505102,39.14226,39.71875,0.0
2022-01-23 09:07:48.003342,38.72887,39.04775,0.0
2022-01-23 09:07:48.509921,38.83283,39.15175,0.0
2022-01-23 09:07:49.008612,38.78085,39.35725,0.0
2022-01-23 09:07:49.503557,38.93556,38.945,0.0
2022-01-23 09:07:50.010783,38.67812,39.40925,0.0
2022-01-23 09:07:50.506262,38.72887,39.09975,0.0
2022-01-23 09:07:51.004722,39.29697,39.71875,0.0
2022-01-23 09:07:51.503417,38.52341,38.378,0.0
2022-01-23 09:07:52.001551,38.41944,39.512,0.0
2022-01-23 09:07:52.506754,38.93556,39.15175,0.0
2022-01-23 09:07:53.004924,38.57415,39.2025,0.0
2022-01-23 09:07:53.509730,38.67812,39.09975,0.0
2022-01-23 09:07:54.006699,38.41944,39.15175,0.0
2022-01-23 09:07:54.502706,38.98755,39.09975,0.0
2022-01-23 09:07:55.010327,39.14226,39.3065,0.0
2022-01-23 09:07:55.506457,37.9553,39.35725,0.0
2022-01-23 09:07:56.004413,39.34772,39.2025,0.0
2022-01-23 09:07:56.511093,38.98755,38.73825,0.0
2022-01-23 09:07:57.009560,38.72887,39.40925,0.0
2022-01-23 09:07:57.504914,38.162,39.2025,0.0
2022-01-23 09:07:58.003559,39.6064,39.2545,0.0
2022-01-23 09:07:58.510022,39.29697,38.84225,0.0
2022-01-23 09:07:59.008191,38.11002,38.893,0.0
2022-01-23 09:07:59.503349,38.57415,39.8735,0.0
2022-01-23 09:08:00.002421,39.65714,38.326,0.0
2022-01-23 09:08:00.509828,38.52341,40.28575,0.0
2022-01-23 09:08:01.007690,38.05927,38.53275,0.0
2022-01-23 09:08:01.502715,39.34772,39.512,0.0
2022-01-23 09:08:02.010238,38.98755,38.945,0.0
2022-01-23 09:08:02.505877,37.9553,38.84225,0.0
2022-01-23 09:08:03.003832,38.72887,39.564,0.0
2022-01-23 09:08:03.510660,39.03829,38.22325,0.0
2022-01-23 09:08:04.008466,38.3687,39.9255,0.0
2022-01-23 09:08:04.506281,39.193,38.893,0.0
2022-01-23 09:08:05.004588,38.3687,39.15175,0.0
2022-01-23 09:08:05.510533,38.98755,39.66675,0.0
2022-01-23 09:08:06.010213,38.93556,38.48075,0.0
2022-01-23 09:08:06.504850,38.57415,39.97625,0.0
2022-01-23 09:08:07.003920,38.83283,38.17125,0.0
2022-01-23 09:08:07.509407,38.57415,39.66675,0.0
2022-01-23 09:08:08.007824,39.09027,38.73825,0.0
2022-01-23 09:08:08.502625,39.29697,38.84225,0.0
2022-01-23 09:08:09.010098,38.11002,39.8215,0.0
2022-01-23 09:08:09.506201,39.24499,38.73825,0.0
2022-01-23 09:08:10.003067,38.98755,40.02825,0.0
2022-01-23 09:08:10.508111,38.52341,38.79025,0.0
2022-01-23 09:08:11.002042,38.31671,39.3065,0.0
2022-01-23 09:08:11.508143,39.29697,39.35725,0.0
2022-01-23 09:08:12.006793,38.41944,38.17125,0.0
2022-01-23 09:08:12.501867,38.26473,39.97625,0.0
2022-01-23 09:08:13.010202,39.29697,38.48075,0.0
2022-01-23 09:08:13.509877,38.62614,39.2025,0.0
2022-01-23 09:08:14.006990,39.193,39.66675,0.0
2022-01-23 09:08:14.502091,38.3687,38.6875,0.0
2022-01-23 09:08:15.009638,38.98755,40.4405,0.0
2022-01-23 09:08:15.505094,39.09027,38.0685,0.0
2022-01-23 09:08:16.002357,38.41944,39.564,0.0
2022-01-23 09:08:16.509738,38.26473,39.40925,0.0
2022-01-23 09:08:17.006765,39.14226,37.91375,0.0
2022-01-23 09:08:17.502871,38.88358,39.97625,0.0
2022-01-23 09:08:18.001410,38.57415,38.326,0.0
2022-01-23 09:08:18.507345,39.03829,39.9255,0.0
2022-01-23 09:08:19.005365,39.45168,39.09975,0.0
2022-01-23 09:08:19.510974,38.21398,39.04775,0.0
2022-01-23 09:08:20.009280,38.52341,40.183,0.0
2022-01-23 09:08:20.506316,38.93556,38.11925,0.0
2022-01-23 09:08:21.004349,38.47142,39.40925,0.0
2022-01-23 09:08:21.510748,38.52341,39.09975,0.0
2022-01-23 09:08:22.009003,38.88358,38.73825,0.0
2022-01-23 09:08:22.507375,38.98755,39.3065,0.0
2022-01-23 09:08:23.005218,38.57415,38.6875,0.0
2022-01-23 09:08:23.510486,39.193,40.183,0.0
2022-01-23 09:08:24.008639,39.14226,38.73825,0.0
2022-01-23 09:08:24.503888,38.21398,39.3065,0.0
2022-01-23 09:08:25.002150,38.62614,39.46125,0.0
2022-01-23 09:08:25.510031,39.14226,38.73825,0.0
2022-01-23 09:08:26.008671,38.41944,39.2545,0.0
2022-01-23 09:08:26.504468,38.05927,38.73825,0.0
2022-01-23 09:08:27.002750,39.50243,39.46125,0.0
2022-01-23 09:08:27.509100,39.24499,38.6355,0.0
2022-01-23 09:08:28.007335,37.85257,39.77075,0.0
2022-01-23 09:08:28.502807,39.24499,39.564,0.0
2022-01-23 09:08:29.001750,39.03829,38.79025,0.0
2022-01-23 09:08:29.507984,38.52341,39.40925,0.0
2022-01-23 09:08:30.006407,38.11002,39.04775,0.0
2022-01-23 09:08:30.501083,39.55441,39.40925,0.0
2022-01-23 09:08:31.010665,38.98755,38.42875,0.0
2022-01-23 09:08:31.506424,38.05927,39.71875,0.0
2022-01-23 09:08:32.004008,39.24499,38.997,0.0
2022-01-23 09:08:32.510603,39.29697,39.04775,0.0
2022-01-23 09:08:33.009828,38.62614,39.66675,0.0
2022-01-23 09:08:33.505544,38.26473,39.2545,0.0
2022-01-23 09:08:34.003633,39.14226,39.564,0.0
2022-01-23 09:08:34.509406,39.29697,38.274,0.0
2022-01-23 09:08:35.008604,38.41944,40.08025,0.0
2022-01-23 09:08:35.506583,38.3687,38.53275,0.0
2022-01-23 09:08:36.004347,39.24499,39.2025,0.0
2022-01-23 09:08:36.501839,38.41944,39.09975,0.0
2022-01-23 09:08:37.001139,38.78085,39.2545,0.0
2022-01-23 09:08:37.511074,38.62614,39.616,0.0
2022-01-23 09:08:38.009543,39.24499,38.79025,0.0
2022-01-23 09:08:38.506238,38.47142,39.9255,0.0
2022-01-23 09:08:39.003524,38.3687,38.893,0.0
2022-01-23 09:08:39.507645,39.09027,39.09975,0.0
2022-01-23 09:08:40.006450,38.72887,39.616,0.0
2022-01-23 09:08:40.502353,38.98755,38.5835,0.0
2022-01-23 09:08:41.010711,38.78085,39.71875,0.0
2022-01-23 09:08:41.505930,38.88358,38.48075,0.0
2022-01-23 09:08:42.003303,39.03829,39.66675,0.0
2022-01-23 09:08:42.510204,38.3687,39.09975,0.0
2022-01-23 09:08:43.007895,39.29697,39.04775,0.0
2022-01-23 09:08:43.502638,38.31671,39.8735,0.0
2022-01-23 09:08:44.001107,38.93556,38.42875,0.0
2022-01-23 09:08:44.506507,39.29697,39.71875,0.0
2022-01-23 09:08:45.004516,38.31671,39.2545,0.0
2022-01-23 09:08:45.510327,38.78085,38.893,0.0
2022-01-23 09:08:46.008845,38.62614,39.564,0.0
2022-01-23 09:08:46.501506,39.29697,38.274,0.0
2022-01-23 09:08:47.001102,38.31671,40.183,0.0
2022-01-23 09:08:47.507671,38.52341,38.6355,0.0
2022-01-23 09:08:48.006255,39.03829,39.46125,0.0
2022-01-23 09:08:48.501167,38.67812,39.616,0.0
2022-01-23 09:08:49.009424,38.52341,38.0165,0.0
2022-01-23 09:08:49.506687,38.88358,40.235,0.0
2022-01-23 09:08:50.004699,38.88358,38.53275,0.0
2022-01-23 09:08:50.501042,38.78085,39.71875,0.0
2022-01-23 09:08:51.011181,38.57415,38.893,0.0
2022-01-23 09:08:51.507231,39.65714,38.42875,0.0
2022-01-23 09:08:52.004742,38.83283,40.183,0.0
2022-01-23 09:08:52.510349,38.162,38.53275,0.0
2022-01-23 09:08:53.007585,38.88358,39.8215,0.0
2022-01-23 09:08:53.504994,39.65714,38.73825,0.0
2022-01-23 09:08:54.005109,38.31671,39.40925,0.0
2022-01-23 09:08:54.510218,37.85257,39.8215,0.0
2022-01-23 09:08:55.008042,39.50243,38.378,0.0
2022-01-23 09:08:55.504693,38.41944,40.131,0.0
2022-01-23 09:08:56.004181,38.62614,38.326,0.0
2022-01-23 09:08:56.510385,39.03829,39.09975,0.0
2022-01-23 09:08:57.008474,38.21398,39.71875,0.0
2022-01-23 09:08:57.504377,39.14226,38.326,0.0
2022-01-23 09:08:58.003318,38.72887,40.183,0.0
2022-01-23 09:08:58.508981,38.52341,38.22325,0.0
2022-01-23 09:08:59.006340,38.62614,39.77075,0.0
2022-01-23 09:08:59.510838,38.83283,39.616,0.0
2022-01-23 09:09:00.009863,39.14226,38.0165,0.0
2022-01-23 09:09:00.506284,38.11002,40.33775,0.0
2022-01-23 09:09:01.003213,39.193,38.0685,0.0
2022-01-23 09:09:01.508700,38.78085,39.40925,0.0
2022-01-23 09:09:02.007837,39.14226,39.512,0.0
2022-01-23 09:09:02.502720,38.3687,38.79025,0.0
2022-01-23 09:09:03.010453,38.88358,39.77075,0.0
2022-01-23 09:09:03.506810,39.29697,38.5835,0.0
2022-01-23 09:09:04.008651,38.41944,39.8215,0.0
2022-01-23 09:09:04.505811,38.11002,38.997,0.0
2022-01-23 09:09:05.003996,39.14226,38.5835,0.0
2022-01-23 09:09:05.509696,38.67812,39.3065,0.0
2022-01-23 09:09:06.009231,38.47142,38.945,0.0
2022-01-23 09:09:06.503381,38.93556,39.2025,0.0
2022-01-23 09:09:07.001362,39.24499,39.09975,0.0
2022-01-23 09:09:07.506727,38.47142,39.564,0.0
2022-01-23 09:09:08.004091,38.41944,39.2025,0.0
2022-01-23 09:09:08.501809,39.193,38.945,0.0
2022-01-23 09:09:09.009125,38.83283,39.40925,0.0
2022-01-23 09:09:09.505068,38.57415,39.40925,0.0
2022-01-23 09:09:10.003252,37.90456,38.48075,0.0
2022-01-23 09:09:10.508209,39.81185,39.04775,0.0
2022-01-23 09:09:11.006242,39.03829,39.35725,0.0
2022-01-23 09:09:11.502166,37.9553,39.2025,0.0
2022-01-23 09:09:12.009899,39.14226,39.2545,0.0
2022-01-23 09:09:12.505926,39.14226,39.3065,0.0
2022-01-23 09:09:13.004534,38.162,39.35725,0.0
2022-01-23 09:09:13.510721,38.93556,38.997,0.0
2022-01-23 09:09:14.008870,38.93556,38.84225,0.0
2022-01-23 09:09:14.503732,38.41944,39.66675,0.0
2022-01-23 09:09:15.002096,38.31671,38.326,0.0
2022-01-23 09:09:15.507565,39.55441,39.09975,0.0
2022-01-23 09:09:16.005459,38.26473,39.40925,0.0
2022-01-23 09:09:16.511058,38.93556,39.2545,0.0
2022-01-23 09:09:17.010747,39.14226,39.71875,0.0
2022-01-23 09:09:17.507304,38.57415,38.5835,0.0
2022-01-23 09:09:18.005177,38.52341,39.8735,0.0
2022-01-23 09:09:18.509178,38.72887,38.48075,0.0
2022-01-23 09:09:19.006540,39.45168,39.35725,0.0
2022-01-23 09:09:19.502014,38.41944,39.2025,0.0
2022-01-23 09:09:20.009925,37.9553,38.274,0.0
2022-01-23 09:09:20.505737,39.55441,39.66675,0.0
2022-01-23 09:09:21.003790,38.83283,38.893,0.0
2022-01-23 09:09:21.510813,37.85257,40.131,0.0
2022-01-23 09:09:22.009159,39.14226,38.6355,0.0
2022-01-23 09:09:22.504611,38.98755,39.46125,0.0
2022-01-23 09:09:23.003293,38.57415,39.35725,0.0
2022-01-23 09:09:23.503014,38.21398,38.22325,0.0
2022-01-23 09:09:24.002236,39.29697,39.9255,0.0
2022-01-23 09:09:24.509572,38.62614,38.5835,0.0
2022-01-23 09:09:25.008053,38.88358,39.15175,0.0
2022-01-23 09:09:25.503748,38.72887,39.46125,0.0
2022-01-23 09:09:26.003422,39.14226,38.84225,0.0
2022-01-23 09:09:26.501681,39.09027,40.235,0.0
2022-01-23 09:09:27.009828,38.3687,38.274,0.0
2022-01-23 09:09:27.506451,39.03829,39.8735,0.0
2022-01-23 09:09:28.004720,39.34772,38.997,0.0
2022-01-23 09:09:28.510135,38.21398,38.6355,0.0
2022-01-23 09:09:29.008096,38.26473,39.71875,0.0
2022-01-23 09:09:29.503900,39.29697,38.326,0.0
2022-01-23 09:09:30.002509,39.03829,40.183,0.0
2022-01-23 09:09:30.508961,38.26473,38.79025,0.0
2022-01-23 09:09:31.007705,38.98755,39.40925,0.0
2022-01-23 09:09:31.503443,38.67812,39.35725,0.0
2022-01-23 09:09:32.001769,38.3687,38.73825,0.0
2022-01-23 09:09:32.502826,39.14226,40.33775,0.0
2022-01-23 09:09:33.001107,38.21398,38.274,0.0
2022-01-23 09:09:33.506739,39.03829,39.512,0.0
2022-01-23 09:09:34.004500,38.67812,39.35725,0.0
2022-01-23 09:09:34.509568,38.98755,38.378,0.0
2022-01-23 09:09:35.008505,38.72887,40.183,0.0
2022-01-23 09:09:35.504343,38.98755,37.91375,0.0
2022-01-23 09:09:36.002031,39.14226,40.33775,0.0
2022-01-23 09:09:36.506848,38.93556,38.893,0.0
2022-01-23 09:09:37.005177,38.26473,38.6875,0.0
2022-01-23 09:09:37.501164,38.88358,39.8735,0.0
2022-01-23 09:09:38.008007,39.24499,38.42875,0.0
2022-01-23 09:09:38.503249,38.47142,39.9255,0.0
2022-01-23 09:09:39.003008,38.05927,38.6875,0.0
2022-01-23 09:09:39.502609,39.86384,39.2025,0.0
2022-01-23 09:09:40.010749,38.67812,39.66675,0.0
2022-01-23 09:09:40.506778,37.74985,38.17125,0.0
2022-01-23 09:09:41.005080,39.3997,39.9255,0.0
2022-01-23 09:09:41.509288,38.78085,38.6875,0.0
2022-01-23 09:09:42.007958,38.21398,39.2025,0.0
2022-01-23 09:09:42.505051,38.52341,39.2025,0.0
2022-01-23 09:09:43.002120,39.24499,38.79025,0.0
2022-01-23 09:09:43.508152,38.57415,40.08025,0.0
2022-01-23 09:09:44.007627,38.57415,38.48075,0.0
2022-01-23 09:09:44.502104,39.24499,39.71875,0.0
2022-01-23 09:09:45.009650,38.62614,39.09975,0.0
2022-01-23 09:09:45.506707,38.78085,38.945,0.0
2022-01-23 09:09:46.004941,38.78085,39.2025,0.0
2022-01-23 09:09:46.509618,38.83283,38.945,0.0
2022-01-23 09:09:47.007615,39.193,39.512,0.0
2022-01-23 09:09:47.503226,38.26473,38.997,0.0
2022-01-23 09:09:48.001047,39.03829,39.46125,0.0
2022-01-23 09:09:48.510131,38.67812,39.35725,0.0
2022-01-23 09:09:49.007901,38.67812,39.04775,0.0
2022-01-23 09:09:49.502786,39.09027,38.945,0.0
2022-01-23 09:09:50.010711,38.72887,39.46125,0.0
2022-01-23 09:09:50.505901,38.3687,38.997,0.0
2022-01-23 09:09:51.004236,38.93556,38.79025,0.0
2022-01-23 09:09:51.509073,38.88358,39.40925,0.0
2022-01-23 09:09:52.007901,38.57415,39.2025,0.0
2022-01-23 09:09:52.504748,38.52341,39.512,0.0
2022-01-23 09:09:53.004200,38.93556,38.79025,0.0
2022-01-23 09:09:53.509804,39.14226,39.564,0.0
2022-01-23 09:09:54.007970,38.57415,39.15175,0.0
2022-01-23 09:09:54.504871,38.11002,38.53275,0.0
2022-01-23 09:09:55.003363,39.50243,40.08025,0.0
2022-01-23 09:09:55.508753,39.14226,38.274,0.0
2022-01-23 09:09:56.006689,37.74985,39.46125,0.0
2022-01-23 09:09:56.501673,39.3997,39.04775,0.0
2022-01-23 09:09:57.009820,39.14226,39.564,0.0
2022-01-23 09:09:57.507782,38.26473,39.2025,0.0
2022-01-23 09:09:58.007110,38.47142,38.378,0.0
2022-01-23 09:09:58.502425,39.50243,40.02825,0.0
2022-01-23 09:09:59.010662,38.88358,39.04775,0.0
2022-01-23 09:09:59.507320,37.85257,38.79025,0.0
2022-01-23 09:10:00.004810,39.45168,39.66675,0.0
2022-01-23 09:10:00.508602,39.09027,38.6355,0.0
2022-01-23 09:10:01.006943,38.21398,39.66675,0.0
2022-01-23 09:10:01.502563,38.72887,38.53275,0.0
2022-01-23 09:10:02.001419,38.88358,39.616,0.0
2022-01-23 09:10:02.507856,39.09027,39.15175,0.0
2022-01-23 09:10:03.006718,38.162,38.17125,0.0
2022-01-23 09:10:03.501865,38.88358,40.4925,0.0
2022-01-23 09:10:04.011119,39.34772,38.48075,0.0
2022-01-23 09:10:04.507398,38.47142,39.9255,0.0
2022-01-23 09:10:05.006659,38.57415,38.73825,0.0
2022-01-23 09:10:05.503305,38.98755,39.40925,0.0
2022-01-23 09:10:06.002139,38.88358,39.66675,0.0
2022-01-23 09:10:06.507456,38.57415,38.378,0.0
2022-01-23 09:10:07.005166,39.09027,40.183,0.0
2022-01-23 09:10:07.501235,38.52341,38.274,0.0
2022-01-23 09:10:08.009722,38.52341,39.40925,0.0
2022-01-23 09:10:08.505351,39.193,39.512,0.0
2022-01-23 09:10:09.003247,38.83283,38.53275,0.0
2022-01-23 09:10:09.509119,38.67812,40.02825,0.0
2022-01-23 09:10:10.006765,38.98755,38.22325,0.0
2022-01-23 09:10:10.502979,38.78085,40.183,0.0
2022-01-23 09:10:11.008055,39.03829,38.79025,0.0
2022-01-23 09:10:11.503592,38.162,38.73825,0.0
2022-01-23 09:10:12.002821,39.09027,39.77075,0.0
2022-01-23 09:10:12.507666,39.193,38.11925,0.0
2022-01-23 09:10:13.005720,38.11002,39.97625,0.0
2022-01-23 09:10:13.503507,38.88358,39.2025,0.0
2022-01-23 09:10:14.002344,39.14226,39.564,0.0
2022-01-23 09:10:14.508395,38.88358,39.512,0.0
2022-01-23 09:10:15.008217,38.31671,38.274,0.0
2022-01-23 09:10:15.503945,38.98755,40.235,0.0
2022-01-23 09:10:16.003263,38.88358,38.326,0.0
2022-01-23 09:10:16.510433,38.41944,39.46125,0.0
2022-01-23 09:10:17.008323,38.52341,39.15175,0.0
2022-01-23 09:10:17.503859,38.67812,38.53275,0.0
2022-01-23 09:10:18.002439,39.24499,39.97625,0.0
2022-01-23 09:10:18.508436,38.62614,38.6355,0.0
2022-01-23 09:10:19.009510,38.83283,40.08025,0.0
2022-01-23 09:10:19.503874,39.65714,38.73825,0.0
2022-01-23 09:10:20.003375,38.47142,39.15175,0.0
2022-01-23 09:10:20.509389,38.57415,39.40925,0.0
2022-01-23 09:10:21.007224,39.14226,38.893,0.0
2022-01-23 09:10:21.506387,39.09027,39.616,0.0
2022-01-23 09:10:22.009024,38.11002,38.53275,0.0
2022-01-23 09:10:22.504222,38.78085,39.8215,0.0
2022-01-23 09:10:23.003375,39.34772,39.3065,0.0
2022-01-23 09:10:23.501034,38.26473,39.3065,0.0
2022-01-23 09:10:24.009817,39.03829,39.40925,0.0
2022-01-23 09:10:24.507268,38.83283,38.6875,0.0
2022-01-23 09:10:25.005700,38.21398,39.35725,0.0
2022-01-23 09:10:25.504445,39.09027,38.997,0.0
2022-01-23 09:10:26.004740,38.88358,39.35725,0.0
2022-01-23 09:10:26.508969,38.21398,38.84225,0.0
2022-01-23 09:10:27.008049,38.67812,39.40925,0.0
2022-01-23 09:10:27.506026,39.24499,39.512,0.0
2022-01-23 09:10:28.004645,39.03829,39.35725,0.0
2022-01-23 09:10:28.501225,38.162,38.945,0.0
2022-01-23 09:10:29.010486,39.70912,39.512,0.0
2022-01-23 09:10:29.507457,38.83283,38.997,0.0
2022-01-23 09:10:30.006446,38.52341,39.04775,0.0
2022-01-23 09:10:30.501142,38.62614,38.997,0.0
2022-01-23 09:10:31.008951,39.193,39.46125,0.0
2022-01-23 09:10:31.504379,39.14226,38.84225,0.0
2022-01-23 09:10:32.003459,38.162,39.564,0.0
2022-01-23 09:10:32.501411,39.193,39.564,0.0
2022-01-23 09:10:33.010403,39.34772,39.9255,0.0
2022-01-23 09:10:33.505727,38.31671,38.53275,0.0
2022-01-23 09:10:34.003288,38.41944,39.09975,0.0
2022-01-23 09:10:34.509017,39.03829,39.616,0.0
2022-01-23 09:10:35.007265,38.88358,38.326,0.0
2022-01-23 09:10:35.503508,38.162,39.616,0.0
2022-01-23 09:10:36.001873,39.14226,38.6355,0.0
2022-01-23 09:10:36.510297,38.78085,39.9255,0.0
2022-01-23 09:10:37.009962,38.62614,38.893,0.0
2022-01-23 09:10:37.506419,38.98755,39.04775,0.0
2022-01-23 09:10:38.004255,38.67812,40.183,0.0
2022-01-23 09:10:38.509073,39.29697,37.91375,0.0
2022-01-23 09:10:39.006557,38.3687,39.66675,0.0
2022-01-23 09:10:39.502587,38.62614,39.15175,0.0
2022-01-23 09:10:40.010609,39.193,38.5835,0.0
2022-01-23 09:10:40.505259,38.67812,39.9255,0.0
2022-01-23 09:10:41.004225,38.93556,38.42875,0.0
2022-01-23 09:10:41.501816,38.78085,40.33775,0.0
2022-01-23 09:10:42.010782,39.03829,38.73825,0.0
2022-01-23 09:10:42.507215,38.83283,39.40925,0.0
2022-01-23 09:10:43.006866,38.72887,40.02825,0.0
2022-01-23 09:10:43.502443,39.29697,37.9645,0.0
2022-01-23 09:10:44.504956,39.09027,38.6355,0.0
2022-01-23 09:10:45.002750,39.14226,39.46125,0.0
2022-01-23 09:10:45.509264,38.11002,39.04775,0.0
2022-01-23 09:10:46.009259,38.88358,38.945,0.0
2022-01-23 09:10:46.505839,38.78085,40.183,0.0
2022-01-23 09:10:47.003704,39.65714,38.42875,0.0
2022-01-23 09:10:47.509655,38.41944,39.9255,0.0
2022-01-23 09:10:48.008230,38.41944,39.3065,0.0
2022-01-23 09:10:48.504221,39.65714,38.73825,0.0
2022-01-23 09:10:49.003335,38.72887,39.512,0.0
2022-01-23 09:10:49.509803,37.80059,38.5835,0.0
2022-01-23 09:10:50.007921,39.6064,40.33775,0.0
2022-01-23 09:10:50.503964,38.88358,38.0685,0.0
2022-01-23 09:10:51.002734,38.00729,39.8735,0.0
2022-01-23 09:10:51.507769,39.193,39.46125,0.0
2022-01-23 09:10:52.006822,39.45168,38.53275,0.0
2022-01-23 09:10:52.501517,38.162,39.97625,0.0
2022-01-23 09:10:53.010606,38.78085,38.378,0.0
2022-01-23 09:10:53.506287,38.93556,39.8735,0.0
2022-01-23 09:10:54.004455,38.93556,38.5835,0.0
2022-01-23 09:10:54.510455,38.57415,39.46125,0.0
2022-01-23 09:10:55.008542,38.57415,39.512,0.0
2022-01-23 09:10:55.506143,39.09027,38.6355,0.0
2022-01-23 09:10:56.004357,38.67812,39.97625,0.0
2022-01-23 09:10:56.509487,39.03829,38.84225,0.0
2022-01-23 09:10:57.008168,38.88358,39.66675,0.0
2022-01-23 09:10:57.506264,38.72887,39.2025,0.0
2022-01-23 09:10:58.004609,38.83283,39.2025,0.0
2022-01-23 09:10:58.509157,38.93556,39.564,0.0
2022-01-23 09:10:59.006833,38.93556,38.48075,0.0
2022-01-23 09:10:59.503909,38.3687,39.8735,0.0
2022-01-23 09:11:00.003687,38.93556,38.5835,0.0
2022-01-23 09:11:00.507776,38.88358,39.2025,0.0
2022-01-23 09:11:01.006403,38.162,39.564,0.0
2022-01-23 09:11:01.501857,39.34772,38.945,0.0
2022-01-23 09:11:02.010419,38.57415,39.564,0.0
2022-01-23 09:11:02.505161,39.03829,38.73825,0.0
2022-01-23 09:11:03.002896,38.78085,39.9255,0.0
2022-01-23 09:11:03.508757,38.83283,38.893,0.0
2022-01-23 09:11:04.007622,39.29697,38.945,0.0
2022-01-23 09:11:04.506262,38.41944,39.40925,0.0
2022-01-23 09:11:05.006284,38.57415,38.79025,0.0
2022-01-23 09:11:05.502019,39.03829,39.77075,0.0
2022-01-23 09:11:06.009656,39.09027,38.79025,0.0
2022-01-23 09:11:06.505140,38.47142,40.08025,0.0
2022-01-23 09:11:07.003197,38.72887,38.84225,0.0
2022-01-23 09:11:07.509162,39.55441,39.616,0.0
2022-01-23 09:11:08.006970,38.52341,39.04775,0.0
2022-01-23 09:11:08.503756,38.3687,39.2025,0.0
2022-01-23 09:11:09.002632,39.24499,38.84225,0.0
2022-01-23 09:11:09.508794,38.52341,38.6875,0.0
2022-01-23 09:11:10.007191,38.47142,39.8735,0.0
2022-01-23 09:11:10.501870,38.52341,38.79025,0.03864
2022-01-23 09:11:11.006725,39.193,39.616,0.03864
2022-01-23 09:11:11.502181,37.80059,39.09975,56.31437
2022-01-23 09:11:12.010334,39.81185,39.35725,56.31437
2022-01-23 09:11:12.505407,37.90456,38.5835,88.31979
2022-01-23 09:11:13.003261,39.6064,39.616,88.31979
2022-01-23 09:11:13.501389,39.03829,38.84225,87.14166
2022-01-23 09:11:14.009729,38.21398,38.73825,87.14166
2022-01-23 09:11:14.505038,39.55441,39.2545,87.96635
2022-01-23 09:11:15.002889,38.98755,38.84225,87.96635
2022-01-23 09:11:15.506680,39.193,39.15175,88.75145
2022-01-23 09:11:16.003688,39.76111,39.8735,88.75145
2022-01-23 09:11:16.509429,38.72887,38.945,89.02666
2022-01-23 09:11:17.008143,39.14226,39.3065,89.02666
2022-01-23 09:11:17.504913,39.65714,39.512,88.4376
2022-01-23 09:11:18.002734,37.9553,38.17125,88.4376
2022-01-23 09:11:18.510443,38.98755,39.2025,88.595
2022-01-23 09:11:19.008450,39.6064,39.46125,88.595
2022-01-23 09:11:19.505849,38.05927,38.17125,88.55541
2022-01-23 09:11:20.003967,39.29697,39.46125,88.55541
2022-01-23 09:11:20.509437,39.86384,39.9255,87.45551
2022-01-23 09:11:21.007650,39.3997,39.35725,87.45551
2022-01-23 09:11:21.506316,38.3687,38.326,88.67322
2022-01-23 09:11:22.005310,39.50243,39.616,88.67322
2022-01-23 09:11:22.510242,39.34772,39.40925,88.16239
2022-01-23 09:11:23.007790,37.90456,38.0165,88.16239
2022-01-23 09:11:23.502718,39.45168,39.564,87.18125
2022-01-23 09:11:24.504576,39.14226,39.15175,89.3801
2022-01-23 09:11:25.003940,39.14226,39.2025,89.3801
2022-01-23 09:11:25.509132,39.193,39.40925,87.69114
2022-01-23 09:11:26.006349,39.03829,39.2545,87.69114
2022-01-23 09:11:26.501252,38.52341,38.53275,87.96635
2022-01-23 09:11:27.009530,39.86384,40.02825,87.96635
2022-01-23 09:11:27.506375,43.3195,43.5355,87.61291
2022-01-23 09:11:28.003979,45.53622,45.702,87.61291
2022-01-23 09:11:28.509061,48.73443,48.849,87.61291
2022-01-23 09:11:29.007150,52.24084,52.563,87.61291
2022-01-23 09:11:29.501544,54.20012,54.6775,87.88812
2022-01-23 09:11:30.010373,58.27462,58.701,87.88812
2022-01-23 09:11:30.505262,59.66704,60.3005,87.45551
2022-01-23 09:11:31.002990,63.74155,64.42675,87.45551
2022-01-23 09:11:31.509716,65.95827,66.38775,88.67322
2022-01-23 09:11:32.007790,68.84706,69.79225,88.67322
2022-01-23 09:11:32.502399,72.92033,73.45425,88.4376
2022-01-23 09:11:33.010579,74.67415,75.31125,88.4376
2022-01-23 09:11:33.506791,77.30426,78.2515,88.51583
2022-01-23 09:11:34.004950,80.81067,81.75875,88.51583
2022-01-23 09:11:34.510617,82.5125,83.8745,87.37729
2022-01-23 09:11:35.007449,85.1946,85.52475,87.37729
2022-01-23 09:11:35.503234,82.77118,83.66775,87.29906
2022-01-23 09:11:36.002252,83.54475,84.23475,87.29906
2022-01-23 09:11:36.507937,83.90492,84.28675,88.00593
2022-01-23 09:11:37.006189,83.69946,84.28675,88.00593
2022-01-23 09:11:37.511110,83.7502,84.3895,87.06343
2022-01-23 09:11:38.010079,83.28607,84.02925,87.06343
2022-01-23 09:11:38.506866,83.39003,84.33875,86.78822
2022-01-23 09:11:39.005389,83.28607,84.08,86.78822
2022-01-23 09:11:39.501993,83.80219,84.699,86.3952
2022-01-23 09:11:40.008857,83.39003,84.33875,86.3952
2022-01-23 09:11:40.505007,83.69946,84.64825,86.23875
2022-01-23 09:11:41.003880,83.39003,84.33875,86.23875
2022-01-23 09:11:41.509384,83.33805,84.28675,86.04176
2022-01-23 09:11:42.007338,83.7502,84.4415,86.04176
2022-01-23 09:11:42.502255,83.54475,84.54425,86.08135
2022-01-23 09:11:43.010374,83.49276,83.97725,86.08135
2022-01-23 09:11:43.505257,83.08061,84.184,86.51301
2022-01-23 09:11:44.003136,83.9569,84.751,86.51301
2022-01-23 09:11:44.510381,83.08061,84.23475,85.96354
2022-01-23 09:11:45.008742,84.1636,85.0085,85.96354
2022-01-23 09:11:45.505212,82.9259,83.513,86.04176
2022-01-23 09:11:46.002854,83.39003,84.85375,86.04176
2022-01-23 09:11:46.508930,83.69946,84.59625,86.27739
2022-01-23 09:11:47.006697,83.49276,84.3895,86.27739
2022-01-23 09:11:47.510670,83.28607,84.02925,86.04176
2022-01-23 09:11:48.010472,82.82193,84.28675,86.04176
2022-01-23 09:11:48.505015,83.54475,84.803,86.5526
2022-01-23 09:11:49.002722,83.44078,84.699,86.5526
2022-01-23 09:11:49.509560,83.49276,84.23475,85.53187
2022-01-23 09:11:50.007398,83.28607,84.02925,85.53187
2022-01-23 09:11:50.504053,83.23532,84.751,85.72791
2022-01-23 09:11:51.003202,83.39003,84.4415,85.72791
2022-01-23 09:11:51.509012,83.28607,84.4935,85.53187
2022-01-23 09:11:52.006799,83.69946,84.4415,85.53187
2022-01-23 09:11:52.503323,83.69946,84.54425,86.63083
2022-01-23 09:11:53.001734,84.05963,84.33875,86.63083
2022-01-23 09:11:53.505993,84.11161,84.23475,85.53187
2022-01-23 09:11:54.005441,83.54475,84.23475,85.53187
2022-01-23 09:11:54.501707,83.44078,84.28675,85.84572
2022-01-23 09:11:55.008838,83.59549,84.4415,85.84572
2022-01-23 09:11:55.503257,83.69946,84.3895,85.53187
2022-01-23 09:11:56.001867,83.39003,84.33875,85.53187
2022-01-23 09:11:56.507540,83.69946,84.28675,85.96354
2022-01-23 09:11:57.005278,83.69946,84.4935,85.96354
2022-01-23 09:11:57.510352,83.80219,84.3895,85.53187
2022-01-23 09:11:58.008770,83.64747,84.184,85.53187
2022-01-23 09:11:58.504523,83.02862,83.97725,85.84572
2022-01-23 09:11:59.002438,84.1636,84.95775,85.84572
2022-01-23 09:11:59.508041,83.33805,84.28675,86.31697
2022-01-23 09:12:00.005515,83.69946,84.132,86.31697
2022-01-23 09:12:00.502744,83.59549,84.54425,86.19916
2022-01-23 09:12:01.010932,83.80219,84.4415,86.19916
2022-01-23 09:12:01.507470,83.90492,84.59625,85.72791
2022-01-23 09:12:02.006610,83.28607,84.02925,85.72791
2022-01-23 09:12:02.501219,83.54475,84.132,85.7675
2022-01-23 09:12:03.009454,83.18334,84.08,85.7675
2022-01-23 09:12:03.505524,83.85417,84.54425,85.06062
2022-01-23 09:12:04.004799,82.97664,84.08,85.06062
2022-01-23 09:12:04.501153,83.80219,84.28675,85.68833
2022-01-23 09:12:05.009624,83.69946,84.33875,85.68833
2022-01-23 09:12:05.505254,83.7502,84.64825,86.43479
2022-01-23 09:12:06.005027,83.7502,84.33875,86.43479
2022-01-23 09:12:07.005171,83.85417,84.33875,85.4527
2022-01-23 09:12:07.509221,82.97664,84.02925,85.88531
2022-01-23 09:12:08.007362,84.1636,84.751,85.88531
2022-01-23 09:12:08.503507,82.87391,83.71975,85.88531
2022-01-23 09:12:09.002426,84.05963,84.54425,85.88531
2022-01-23 09:12:09.507416,83.80219,84.4415,85.6101
2022-01-23 09:12:10.004620,83.64747,84.4415,85.6101
2022-01-23 09:12:10.509665,83.44078,84.4415,86.04176
2022-01-23 09:12:11.004437,83.39003,84.184,86.04176
2022-01-23 09:12:11.502152,84.11161,84.4935,85.4527
2022-01-23 09:12:12.010699,83.13135,84.23475,85.4527
2022-01-23 09:12:12.507912,83.69946,84.4415,86.15958
2022-01-23 09:12:13.004659,83.23532,83.61575,86.15958
2022-01-23 09:12:13.508484,84.1636,84.95775,86.00312
2022-01-23 09:12:14.007287,83.59549,84.184,86.00312
2022-01-23 09:12:14.502700,83.33805,84.33875,86.31697
2022-01-23 09:12:15.004736,83.80219,84.59625,86.31697
2022-01-23 09:12:15.509926,83.08061,83.97725,85.7675
2022-01-23 09:12:16.004089,84.31831,84.64825,85.7675
2022-01-23 09:12:16.505204,83.54475,84.3895,86.27739
2022-01-23 09:12:17.006455,84.00888,84.751,86.27739
2022-01-23 09:12:17.502579,83.85417,84.699,85.57051
2022-01-23 09:12:18.001102,83.33805,84.08,85.57051
2022-01-23 09:12:18.506867,83.54475,84.28675,86.12093
2022-01-23 09:12:19.006110,83.59549,84.4935,86.12093
2022-01-23 09:12:19.503236,83.44078,84.08,86.67041
2022-01-23 09:12:20.003966,83.69946,84.699,86.67041
2022-01-23 09:12:20.508569,83.54475,84.02925,85.64968
2022-01-23 09:12:21.006167,83.49276,83.92525,85.64968
2022-01-23 09:12:21.503410,83.80219,84.803,85.4527
2022-01-23 09:12:22.001623,83.7502,84.54425,85.4527
2022-01-23 09:12:22.508104,83.18334,83.66775,85.92395
2022-01-23 09:12:23.002123,82.87391,83.10075,85.92395
2022-01-23 09:12:23.507131,84.1636,84.95775,238.41291
2022-01-23 09:12:24.005881,83.33805,83.97725,238.41291
2022-01-23 09:12:24.504666,83.69946,84.33875,225.06051
2022-01-23 09:12:25.002011,83.44078,83.61575,225.06051
2022-01-23 09:12:25.507413,83.9569,84.4935,182.17676
2022-01-23 09:12:26.006726,83.59549,84.4935,182.17676
2022-01-23 09:12:26.503537,83.49276,83.8225,99.08031
2022-01-23 09:12:27.505136,83.18334,83.61575,90.71562
2022-01-23 09:12:28.002817,84.00888,85.0605,90.71562
2022-01-23 09:12:28.507933,83.49276,84.08,93.54312
2022-01-23 09:12:29.007072,83.49276,83.97725,93.54312
2022-01-23 09:12:29.503024,83.64747,84.08,89.3801
2022-01-23 09:12:30.001706,84.05963,84.90575,89.3801
2022-01-23 09:12:30.506778,82.97664,83.97725,87.25947
2022-01-23 09:12:31.004991,84.47302,84.95775,87.25947
2022-01-23 09:12:31.509926,82.7192,83.461,86.63083
2022-01-23 09:12:32.008189,83.9569,84.59625,86.63083
2022-01-23 09:12:32.504115,83.59549,84.803,86.82781
2022-01-23 09:12:33.001506,83.23532,83.92525,86.82781
2022-01-23 09:12:33.507987,84.00888,84.59625,85.92395
2022-01-23 09:12:34.006280,83.39003,83.8745,85.92395
2022-01-23 09:12:34.502675,83.90492,84.54425,86.63083
2022-01-23 09:12:35.011178,83.44078,84.132,86.63083
2022-01-23 09:12:35.505839,84.00888,84.4935,86.74864
2022-01-23 09:12:36.004005,83.54475,84.23475,86.74864
2022-01-23 09:12:36.501507,83.80219,84.4935,86.43479
2022-01-23 09:12:37.008911,83.90492,84.64825,86.43479
2022-01-23 09:12:37.507247,83.33805,84.184,85.80614
2022-01-23 09:12:38.005405,83.90492,84.64825,85.80614
2022-01-23 09:12:38.502619,83.39003,83.97725,85.7675
2022-01-23 09:12:39.010143,84.26632,84.751,85.7675
2022-01-23 09:12:39.506324,82.97664,84.184,85.6101
2022-01-23 09:12:40.004471,84.1636,84.699,85.6101
2022-01-23 09:12:40.510217,83.90492,84.4415,85.49229
2022-01-23 09:12:41.007306,83.44078,83.92525,85.49229
2022-01-23 09:12:41.503431,83.85417,84.64825,85.21708
2022-01-23 09:12:42.001724,83.44078,84.23475,85.21708
2022-01-23 09:12:42.506543,84.00888,84.90575,86.43479
2022-01-23 09:12:43.003934,83.18334,83.8745,86.43479
2022-01-23 09:12:43.510854,84.21434,84.54425,86.3952
2022-01-23 09:12:44.009468,83.44078,84.184,86.3952
2022-01-23 09:12:44.505122,84.21434,84.90575,87.37729
2022-01-23 09:12:45.003466,83.64747,84.184,87.37729
2022-01-23 09:12:45.509238,83.28607,84.02925,85.09926
2022-01-23 09:12:46.007006,84.00888,84.90575,85.09926
2022-01-23 09:12:46.504163,83.23532,84.4935,86.59218
2022-01-23 09:12:47.002069,83.80219,84.23475,86.59218
2022-01-23 09:12:47.508510,83.39003,84.132,85.88531
2022-01-23 09:12:48.009042,83.85417,84.28675,85.88531
2022-01-23 09:12:48.504476,83.49276,84.4415,86.31697
2022-01-23 09:12:49.002582,83.7502,84.4935,86.31697
2022-01-23 09:12:49.507338,83.44078,83.97725,85.7675
2022-01-23 09:12:50.006269,83.64747,84.4935,85.7675
2022-01-23 09:12:50.510765,83.85417,84.751,86.27739
2022-01-23 09:12:51.010033,83.02862,84.02925,86.27739
2022-01-23 09:12:51.504035,84.47302,84.85375,86.94562
2022-01-23 09:12:52.003588,83.08061,83.8745,86.94562
2022-01-23 09:12:52.510526,84.11161,85.0085,85.88531
2022-01-23 09:12:53.008386,83.33805,84.33875,85.88531
2022-01-23 09:12:53.503638,83.54475,84.184,84.90322
2022-01-23 09:12:54.010833,83.9569,84.33875,84.90322
2022-01-23 09:12:54.506796,83.13135,84.08,86.47437
2022-01-23 09:12:55.003208,84.05963,84.54425,86.47437
2022-01-23 09:12:55.509122,83.69946,84.4935,86.27739
2022-01-23 09:12:56.008545,83.69946,84.132,86.27739
2022-01-23 09:12:56.505850,83.7502,84.33875,85.88531
2022-01-23 09:12:57.003888,83.54475,84.54425,85.88531
2022-01-23 09:12:57.509023,83.33805,84.23475,86.35656
2022-01-23 09:12:58.006753,83.69946,84.3895,86.35656
2022-01-23 09:12:58.503309,83.64747,84.132,86.27739
2022-01-23 09:12:59.001891,83.49276,84.4935,86.27739
2022-01-23 09:12:59.506298,84.05963,84.4415,86.15958
2022-01-23 09:13:00.005282,83.80219,84.33875,86.15958
2022-01-23 09:13:00.507189,83.7502,84.3895,86.90604
2022-01-23 09:13:01.005106,83.54475,84.4935,86.90604
2022-01-23 09:13:01.510314,83.28607,84.132,85.53187
2022-01-23 09:13:02.010044,83.80219,84.4415,85.53187
2022-01-23 09:13:02.506749,83.18334,84.28675,86.98426
2022-01-23 09:13:03.005768,84.31831,84.699,86.98426
2022-01-23 09:13:03.502166,83.33805,84.02925,86.31697
2022-01-23 09:13:04.010039,83.85417,84.132,86.31697
2022-01-23 09:13:04.504667,83.59549,84.33875,86.31697
2022-01-23 09:13:05.003359,83.64747,84.4935,86.31697
2022-01-23 09:13:05.509913,83.49276,84.184,86.04176
2022-01-23 09:13:06.008504,83.64747,84.4415,86.04176
2022-01-23 09:13:06.503428,83.7502,84.28675,86.23875
2022-01-23 09:13:07.002010,83.59549,84.4935,86.23875
2022-01-23 09:13:07.508264,84.31831,84.64825,85.29625
2022-01-23 09:13:08.006556,83.80219,84.28675,85.29625
2022-01-23 09:13:08.502552,83.39003,84.184,86.98426
2022-01-23 09:13:09.010689,83.85417,84.59625,86.98426
2022-01-23 09:13:09.506135,83.23532,83.92525,85.4527
2022-01-23 09:13:10.003312,84.11161,84.59625,85.4527
2022-01-23 09:13:10.509811,83.02862,84.132,86.78822
2022-01-23 09:13:11.002962,84.00888,84.33875,86.78822
2022-01-23 09:13:11.509687,83.64747,84.28675,86.31697
2022-01-23 09:13:12.009372,84.00888,84.59625,86.31697
2022-01-23 09:13:12.506415,83.49276,84.184,86.94562
2022-01-23 09:13:13.003812,83.44078,84.23475,86.94562
2022-01-23 09:13:13.510387,83.7502,84.33875,85.41406
2022-01-23 09:13:14.008439,83.23532,83.97725,85.41406
2022-01-23 09:13:14.502625,84.05963,84.64825,86.59218
2022-01-23 09:13:15.001621,83.23532,84.02925,86.59218
2022-01-23 09:13:15.509075,84.21434,84.803,85.6101
2022-01-23 09:13:16.008942,83.59549,84.33875,85.6101
2022-01-23 09:13:16.502745,83.64747,84.54425,86.51301
2022-01-23 09:13:17.504449,83.28607,84.184,85.57051
2022-01-23 09:13:18.001863,83.9569,84.3895,85.57051
2022-01-23 09:13:18.508121,83.49276,84.4415,85.29625
2022-01-23 09:13:19.005708,83.59549,84.02925,85.29625
2022-01-23 09:13:19.501410,83.7502,84.4415,85.7675
2022-01-23 09:13:20.007994,83.7502,84.33875,85.7675
2022-01-23 09:13:20.504612,83.64747,84.28675,86.23875
2022-01-23 09:13:21.002878,83.7502,84.59625,86.23875
2022-01-23 09:13:21.508410,83.69946,84.59625,85.41406
2022-01-23 09:13:22.007126,83.18334,84.184,85.41406
2022-01-23 09:13:22.501426,84.1636,84.4935,86.35656
2022-01-23 09:13:23.009718,83.59549,84.23475,86.35656
2022-01-23 09:13:23.506334,83.9569,84.64825,85.68833
2022-01-23 09:13:24.005099,83.44078,84.02925,85.68833
2022-01-23 09:13:24.509511,83.9569,84.59625,86.86645
2022-01-23 09:13:25.007300,83.59549,83.92525,86.86645
2022-01-23 09:13:25.503285,83.9569,84.95775,86.47437
2022-01-23 09:13:26.001888,83.44078,83.97725,86.47437
2022-01-23 09:13:26.509159,83.49276,84.3895,86.23875
2022-01-23 09:13:27.006666,83.9569,84.33875,86.23875
2022-01-23 09:13:27.503170,83.85417,84.33875,86.04176
2022-01-23 09:13:28.011153,83.85417,84.751,86.04176
2022-01-23 09:13:28.505720,83.39003,83.8745,86.86645
2022-01-23 09:13:29.003951,84.00888,84.699,86.86645
2022-01-23 09:13:29.502497,83.49276,83.97725,85.7675
2022-01-23 09:13:30.001317,83.44078,84.59625,85.7675
2022-01-23 09:13:30.506258,83.7502,84.3895,86.04176
2022-01-23 09:13:31.003939,83.64747,84.184,86.04176
2022-01-23 09:13:31.509380,83.90492,84.4415,87.77031
2022-01-23 09:13:32.008434,84.11161,84.4415,87.77031
2022-01-23 09:13:32.504024,83.44078,84.33875,85.7675
2022-01-23 09:13:33.002765,83.80219,84.28675,85.7675
2022-01-23 09:13:33.509685,83.28607,84.184,85.64968
2022-01-23 09:13:34.008078,84.05963,84.64825,85.64968
2022-01-23 09:13:34.503851,83.49276,84.28675,86.19916
2022-01-23 09:13:35.001529,83.7502,84.3895,86.19916
2022-01-23 09:13:35.505284,83.59549,84.184,86.27739
2022-01-23 09:13:36.003566,83.54475,84.28675,86.27739
2022-01-23 09:13:36.508604,84.00888,84.59625,86.04176
2022-01-23 09:13:37.007495,83.64747,84.3895,86.04176
2022-01-23 09:13:37.504318,83.49276,84.08,85.7675
2022-01-23 09:13:38.002580,84.11161,84.95775,85.7675
2022-01-23 09:13:38.508367,83.44078,83.8745,85.68833
2022-01-23 09:13:39.007601,84.1636,84.64825,85.68833
2022-01-23 09:13:39.502753,83.28607,84.23475,87.25947
2022-01-23 09:13:40.002366,83.59549,84.28675,87.25947
2022-01-23 09:13:40.508030,83.7502,84.54425,86.31697
2022-01-23 09:13:41.006202,84.26632,84.64825,86.31697
2022-01-23 09:13:41.501802,83.18334,84.132,86.59218
2022-01-23 09:13:42.009376,84.00888,84.54425,86.59218
2022-01-23 09:13:42.505672,83.44078,83.92525,86.59218
2022-01-23 09:13:43.003279,84.00888,84.4935,86.59218
2022-01-23 09:13:43.509788,83.49276,84.23475,86.3952
2022-01-23 09:13:44.009046,83.64747,84.751,86.3952
2022-01-23 09:13:44.504659,83.59549,84.33875,85.7675
2022-01-23 09:13:45.003274,83.44078,84.184,85.7675
2022-01-23 09:13:45.509143,84.36905,84.64825,86.3952
2022-01-23 09:13:46.007311,83.39003,84.54425,86.3952
2022-01-23 09:13:46.502682,83.49276,84.33875,86.47437
2022-01-23 09:13:47.002750,83.54475,84.02925,86.47437
2022-01-23 09:13:47.507936,83.9569,84.64825,86.63083
2022-01-23 09:13:48.007189,83.54475,84.08,86.63083
2022-01-23 09:13:48.503719,83.7502,84.90575,86.04176
2022-01-23 09:13:49.002618,83.7502,83.92525,86.04176
2022-01-23 09:13:49.508670,83.59549,84.33875,85.68833
2022-01-23 09:13:50.006346,83.9569,84.59625,85.68833
2022-01-23 09:13:50.501875,83.54475,84.184,86.5526
2022-01-23 09:13:51.010102,83.59549,84.3895,86.5526
2022-01-23 09:13:51.505849,83.90492,84.23475,86.23875
2022-01-23 09:13:52.004272,83.80219,84.4415,86.23875
2022-01-23 09:13:52.502338,83.9569,84.59625,86.08135
2022-01-23 09:13:53.009485,82.97664,83.92525,86.08135
2022-01-23 09:13:53.504825,84.21434,84.54425,85.96354
2022-01-23 09:13:54.003204,83.33805,83.8745,85.96354
2022-01-23 09:13:54.507907,84.05963,84.751,85.53187
2022-01-23 09:13:55.006330,83.44078,84.23475,85.53187
2022-01-23 09:13:55.511136,83.39003,84.3895,85.53187
2022-01-23 09:13:56.009559,83.64747,84.132,85.53187
2022-01-23 09:13:56.505121,84.1636,84.90575,86.47437
2022-01-23 09:13:57.004235,83.39003,83.7705,86.47437
2022-01-23 09:13:57.502068,83.49276,84.3895,85.68833
2022-01-23 09:13:58.010115,83.7502,84.23475,85.68833
2022-01-23 09:13:58.505683,83.90492,84.33875,86.71
2022-01-23 09:13:59.003815,83.44078,84.54425,86.71
2022-01-23 09:13:59.508852,83.64747,84.4415,87.06343
2022-01-23 09:14:00.005960,83.64747,84.3895,87.06343
2022-01-23 09:14:00.511068,83.9569,84.4415,85.6101
2022-01-23 09:14:01.010760,83.69946,84.59625,85.6101
2022-01-23 09:14:01.507662,83.54475,83.92525,85.64968
2022-01-23 09:14:02.005347,83.90492,84.4415,85.64968
2022-01-23 09:14:02.501431,83.80219,84.4935,85.64968
2022-01-23 09:14:03.009516,83.49276,84.08,85.64968
2022-01-23 09:14:03.505105,83.7502,84.59625,85.49229
2022-01-23 09:14:04.004025,83.69946,84.28675,85.49229
2022-01-23 09:14:04.510745,83.33805,84.4415,85.92395
2022-01-23 09:14:05.007304,83.9569,84.3895,85.92395
2022-01-23 09:14:05.503309,83.80219,84.23475,85.29625
2022-01-23 09:14:06.505075,83.54475,84.33875,86.3952
2022-01-23 09:14:07.003031,83.33805,84.08,86.3952
2022-01-23 09:14:07.510165,84.00888,84.4935,86.59218
2022-01-23 09:14:08.008828,83.28607,83.97725,86.59218
2022-01-23 09:14:08.504503,84.00888,84.699,86.08135
2022-01-23 09:14:09.003478,83.33805,84.4415,86.08135
2022-01-23 09:14:09.509707,83.44078,83.8745,86.51301
2022-01-23 09:14:10.009114,84.36905,84.85375,86.51301
2022-01-23 09:14:10.505686,83.23532,84.132,86.12093
2022-01-23 09:14:11.010168,83.80219,84.4415,86.12093
2022-01-23 09:14:11.503896,83.44078,84.132,86.51301
2022-01-23 09:14:12.001560,83.90492,84.33875,86.51301
2022-01-23 09:14:12.507298,82.9259,83.7705,85.84572
2022-01-23 09:14:13.005039,84.31831,85.0085,85.84572
2022-01-23 09:14:13.511112,83.23532,83.7705,85.88531
2022-01-23 09:14:14.009616,83.90492,84.54425,85.88531
2022-01-23 09:14:14.504550,84.05963,84.751,85.57051
2022-01-23 09:14:15.004181,82.9259,83.71975,85.57051
2022-01-23 09:14:15.509537,84.11161,84.90575,86.59218
2022-01-23 09:14:16.007546,83.13135,83.97725,86.59218
2022-01-23 09:14:16.502518,84.00888,84.54425,86.51301
2022-01-23 09:14:17.001091,83.33805,84.33875,86.51301
2022-01-23 09:14:17.506147,83.80219,84.4415,85.17843
2022-01-23 09:14:18.005934,84.05963,84.59625,85.17843
2022-01-23 09:14:18.510610,84.05963,84.54425,86.43479
2022-01-23 09:14:19.008574,83.59549,84.23475,86.43479
2022-01-23 09:14:19.505121,83.69946,84.4935,85.96354
2022-01-23 09:14:20.004889,83.54475,84.02925,85.96354
2022-01-23 09:14:21.004967,84.42104,84.90575,85.72791
2022-01-23 09:14:21.510869,83.28607,84.132,86.27739
2022-01-23 09:14:22.009145,83.80219,84.3895,86.27739
2022-01-23 09:14:22.504959,83.85417,84.28675,86.35656
2022-01-23 09:14:23.003197,83.80219,84.3895,86.35656
2022-01-23 09:14:23.508813,83.90492,84.59625,85.84572
2022-01-23 09:14:24.006779,83.08061,84.132,85.84572
2022-01-23 09:14:24.502308,83.90492,84.4935,86.3952
2022-01-23 09:14:25.009758,83.80219,84.54425,86.3952
2022-01-23 09:14:25.504580,84.26632,84.803,86.5526
2022-01-23 09:14:26.003207,83.02862,83.61575,86.5526
2022-01-23 09:14:26.510601,83.85417,84.4935,86.31697
2022-01-23 09:14:27.010724,83.7502,84.28675,86.31697
2022-01-23 09:14:27.502841,83.59549,84.4415,85.53187
2022-01-23 09:14:28.002167,83.7502,84.3895,85.53187
2022-01-23 09:14:28.508382,83.08061,84.23475,86.08135
2022-01-23 09:14:29.008285,84.05963,84.54425,86.08135
2022-01-23 09:14:29.504369,84.00888,84.751,85.72791
2022-01-23 09:14:30.003999,83.54475,84.132,85.72791
2022-01-23 09:14:30.509115,83.9569,84.4415,86.94562
2022-01-23 09:14:31.007787,83.44078,83.97725,86.94562
2022-01-23 09:14:31.504857,83.80219,84.4415,85.33489
2022-01-23 09:14:32.002793,83.44078,84.4415,85.33489
2022-01-23 09:14:32.506693,83.59549,84.132,85.72791
2022-01-23 09:14:33.005125,83.9569,84.54425,85.72791
2022-01-23 09:14:33.504180,83.7502,84.3895,85.72791
2022-01-23 09:14:34.002105,83.69946,84.4935,85.72791
2022-01-23 09:14:34.506759,84.26632,84.85375,86.86645
2022-01-23 09:14:35.004872,83.28607,83.8225,86.86645
2022-01-23 09:14:35.510456,83.7502,84.4415,86.08135
2022-01-23 09:14:36.007654,83.80219,84.3895,86.08135
2022-01-23 09:14:36.502547,83.69946,84.4935,85.4527
2022-01-23 09:14:37.001030,83.39003,83.8225,85.4527
2022-01-23 09:14:37.507344,83.9569,84.64825,86.63083
2022-01-23 09:14:38.007044,83.23532,83.97725,86.63083
2022-01-23 09:14:38.502951,84.26632,84.95775,86.51301
2022-01-23 09:14:39.001849,83.59549,84.33875,86.51301
2022-01-23 09:14:39.506774,83.54475,84.132,86.08135
2022-01-23 09:14:40.004902,83.44078,84.3895,86.08135
2022-01-23 09:14:40.509992,83.69946,84.23475,85.88531
2022-01-23 09:14:41.009038,84.00888,84.751,85.88531
2022-01-23 09:14:41.503641,83.33805,84.184,85.96354
2022-01-23 09:14:42.011185,83.44078,84.28675,85.96354
2022-01-23 09:14:42.507949,83.7502,84.23475,85.64968
2022-01-23 09:14:43.006375,84.00888,84.54425,85.64968
2022-01-23 09:14:43.510641,83.80219,84.59625,86.43479
2022-01-23 09:14:44.010632,83.64747,84.132,86.43479
2022-01-23 09:14:44.507304,83.23532,83.97725,85.64968
2022-01-23 09:14:45.005506,83.90492,84.33875,85.64968
2022-01-23 09:14:45.510543,83.59549,83.8745,86.3952
2022-01-23 09:14:46.008161,83.28607,83.97725,86.3952
2022-01-23 09:14:46.503854,83.59549,84.08,231.30458
2022-01-23 09:14:47.003516,83.54475,83.92525,231.30458
2022-01-23 09:14:47.507675,84.31831,84.64825,217.63833
2022-01-23 09:14:48.005558,83.54475,84.28675,217.63833
2022-01-23 09:14:48.502758,83.33805,83.71975,160.02801
2022-01-23 09:14:49.011093,83.69946,84.02925,160.02801
2022-01-23 09:14:49.507119,83.90492,84.4415,96.37062
2022-01-23 09:14:50.006056,84.00888,84.59625,96.37062
2022-01-23 09:14:50.502372,82.82193,83.41025,91.69676
2022-01-23 09:14:51.010718,83.9569,84.23475,91.69676
2022-01-23 09:14:51.508676,82.9259,83.565,90.51864
2022-01-23 09:14:52.005952,84.73046,85.0085,90.51864
2022-01-23 09:14:52.510648,83.23532,83.7705,88.90885
2022-01-23 09:14:53.009370,83.39003,83.7705,88.90885
2022-01-23 09:14:53.503968,83.9569,84.33875,88.55541
2022-01-23 09:14:54.001764,83.64747,84.33875,88.55541
2022-01-23 09:14:54.507308,84.26632,84.64825,88.24156
2022-01-23 09:14:55.005785,82.97664,83.61575,88.24156
2022-01-23 09:14:55.510947,83.7502,84.132,88.04458
2022-01-23 09:14:56.002451,83.80219,84.132,88.04458
2022-01-23 09:14:56.508888,84.21434,84.699,87.92676
2022-01-23 09:14:57.007064,83.18334,83.8745,87.92676
2022-01-23 09:14:57.502380,83.9569,84.64825,88.39801
2022-01-23 09:14:58.010759,83.23532,83.8225,88.39801
2022-01-23 09:14:58.506263,84.26632,84.85375,90.04739
2022-01-23 09:14:59.005152,83.7502,84.08,90.04739
2022-01-23 09:14:59.501439,83.39003,84.184,89.26229
2022-01-23 09:15:00.010124,83.85417,84.02925,89.26229
2022-01-23 09:15:00.506848,83.64747,83.97725,89.73354
2022-01-23 09:15:01.005123,83.69946,84.4415,89.73354
2022-01-23 09:15:01.510731,83.44078,84.23475,88.75145
2022-01-23 09:15:02.009643,83.80219,84.3895,88.75145
2022-01-23 09:15:02.505435,83.28607,83.565,89.26229
2022-01-23 09:15:03.003008,83.80219,84.59625,89.26229
2022-01-23 09:15:03.509723,84.05963,84.28675,89.3801
2022-01-23 09:15:04.009059,83.80219,84.132,89.3801
2022-01-23 09:15:04.504807,83.85417,84.28675,88.595
2022-01-23 09:15:05.003703,83.39003,83.92525,88.595
2022-01-23 09:15:05.509237,84.00888,84.64825,89.18406
2022-01-23 09:15:06.007841,83.08061,83.565,89.18406
2022-01-23 09:15:06.502479,84.1636,84.95775,89.30187
2022-01-23 09:15:07.010712,82.9259,83.04875,89.30187
2022-01-23 09:15:07.505114,84.52377,85.16325,88.04458
2022-01-23 09:15:08.007997,83.28607,83.61575,88.04458
2022-01-23 09:15:08.506085,84.42104,85.0085,89.69395
2022-01-23 09:15:09.002092,82.82193,83.513,89.69395
2022-01-23 09:15:09.509345,84.00888,84.28675,88.90885
2022-01-23 09:15:10.006088,83.64747,84.23475,88.90885
2022-01-23 09:15:10.502485,83.49276,83.92525,88.16239
2022-01-23 09:15:11.007026,83.85417,84.751,88.16239
2022-01-23 09:15:11.503201,83.02862,83.30625,87.88812
2022-01-23 09:15:12.003146,84.62773,85.0085,87.88812
2022-01-23 09:15:12.507995,83.54475,84.08,88.63364
2022-01-23 09:15:13.007866,83.49276,84.02925,88.63364
2022-01-23 09:15:13.504064,83.13135,83.461,88.51583
2022-01-23 09:15:14.002784,83.9569,84.23475,88.51583
2022-01-23 09:15:14.508153,83.7502,84.4415,88.71281
2022-01-23 09:15:15.008696,83.23532,83.8225,88.71281
2022-01-23 09:15:15.505870,82.30705,86.041,89.49791
2022-01-23 09:15:16.003120,81.79092,82.79125,89.49791
2022-01-23 09:15:16.510919,81.53348,86.19575,88.35937
2022-01-23 09:15:17.009135,84.00888,84.803,88.35937
2022-01-23 09:15:17.504651,83.80219,82.5325,90.00875
2022-01-23 09:15:18.004365,82.15233,85.6795,90.00875
2022-01-23 09:15:18.507552,84.36905,83.30625,91.06906
2022-01-23 09:15:19.006905,83.64747,85.6795,91.06906
2022-01-23 09:15:19.503096,82.97664,83.8745,88.90885
2022-01-23 09:15:20.001623,83.80219,84.3895,88.90885
2022-01-23 09:15:20.507499,83.64747,84.28675,90.28301
2022-01-23 09:15:21.005676,83.49276,84.803,90.28301
2022-01-23 09:15:21.502284,83.28607,84.28675,90.3226
2022-01-23 09:15:22.010737,82.82193,83.8745,90.3226
2022-01-23 09:15:22.506845,82.97664,84.64825,88.94843
2022-01-23 09:15:23.006094,84.1636,83.461,88.94843
2022-01-23 09:15:23.503191,83.23532,84.85375,89.18406
2022-01-23 09:15:24.002346,82.9259,84.4935,89.18406
2022-01-23 09:15:24.506753,83.28607,84.132,89.30187
2022-01-23 09:15:25.004802,84.00888,83.8225,89.30187
2022-01-23 09:15:25.501040,83.80219,85.16325,88.90885
2022-01-23 09:15:26.010273,83.08061,83.461,88.90885
2022-01-23 09:15:26.508583,83.13135,84.4935,89.26229
2022-01-23 09:15:27.006535,83.23532,85.1125,89.26229
2022-01-23 09:15:27.502451,83.90492,84.64825,88.00593
2022-01-23 09:15:28.010045,83.69946,84.3895,88.00593
2022-01-23 09:15:28.504566,82.7192,83.71975,87.73072
2022-01-23 09:15:29.003308,81.06935,82.12025,87.73072
2022-01-23 09:15:29.509041,73.53918,76.80675,87.02385
2022-01-23 09:15:30.006787,71.27047,70.566,87.02385
2022-01-23 09:15:30.501867,70.80634,69.06925,88.98708
2022-01-23 09:15:31.001770,67.91878,68.657,88.98708
2022-01-23 09:15:31.506715,62.60657,65.71675,88.67322
2022-01-23 09:15:32.004354,61.00747,62.93125,88.67322
2022-01-23 09:15:32.510168,58.58405,56.12225,88.31979
2022-01-23 09:15:33.007720,54.14937,54.31725,88.31979
2022-01-23 09:15:33.503370,51.9834,53.02725,89.85135
2022-01-23 09:15:34.000845,50.02288,51.0675,89.85135
2022-01-23 09:15:34.506130,45.22679,46.7345,88.71281
2022-01-23 09:15:35.004714,43.83438,42.3495,88.71281
2022-01-23 09:15:35.502284,40.6374,40.64725,90.12656
2022-01-23 09:15:36.009822,36.87232,39.564,90.12656
2022-01-23 09:15:36.504308,35.78933,37.707,88.71281
2022-01-23 09:15:37.003218,38.00729,36.469,88.71281
2022-01-23 09:15:37.509241,40.22525,40.08025,90.04739
2022-01-23 09:15:38.007173,40.27599,40.4925,90.04739
2022-01-23 09:15:38.501833,38.67812,39.40925,89.61572
2022-01-23 09:15:39.010822,38.21398,38.11925,89.61572
2022-01-23 09:15:39.506526,37.38844,38.5835,89.61572
2022-01-23 09:15:40.005239,37.44042,39.9255,89.61572
2022-01-23 09:15:40.510988,39.76111,39.15175,89.92958
2022-01-23 09:15:41.009200,39.65714,38.893,89.92958
2022-01-23 09:15:41.503990,39.29697,39.77075,89.3801
2022-01-23 09:15:42.001750,39.03829,39.40925,89.3801
2022-01-23 09:15:42.506303,38.3687,39.09975,88.2802
2022-01-23 09:15:43.004445,38.52341,38.84225,88.2802
2022-01-23 09:15:43.510502,39.193,39.8735,89.14447
2022-01-23 09:15:44.008289,38.88358,39.46125,89.14447
2022-01-23 09:15:44.507075,38.88358,38.73825,88.35937
2022-01-23 09:15:45.005842,38.83283,38.5835,88.35937
2022-01-23 09:15:45.502442,39.09027,40.08025,88.4376
2022-01-23 09:15:46.010914,38.93556,39.66675,88.4376
2022-01-23 09:15:46.505468,38.78085,38.5835,88.00593
2022-01-23 09:15:47.003690,39.193,38.378,88.00593
2022-01-23 09:15:47.510739,38.88358,40.5445,88.2802
2022-01-23 09:15:48.011042,38.83283,40.02825,88.2802
2022-01-23 09:15:48.506683,38.83283,38.53275,87.96635
2022-01-23 09:15:49.004484,39.03829,38.326,87.96635
2022-01-23 09:15:49.510889,39.03829,39.97625,89.57614
2022-01-23 09:15:50.008934,38.62614,39.15175,89.57614
2022-01-23 09:15:50.505130,38.26473,38.274,88.12375
2022-01-23 09:15:51.003690,39.50243,40.08025,88.12375
2022-01-23 09:15:51.509655,39.03829,40.02825,89.02666
2022-01-23 09:15:52.007188,38.78085,38.997,89.02666
2022-01-23 09:15:52.501326,38.57415,38.6875,89.5375
2022-01-23 09:15:53.011019,39.09027,39.564,89.5375
2022-01-23 09:15:53.508061,38.47142,39.15175,91.2651
2022-01-23 09:15:54.007262,38.3687,38.997,91.2651
2022-01-23 09:15:54.501705,39.09027,38.6355,89.45833
2022-01-23 09:15:55.010332,39.193,39.71875,89.45833
2022-01-23 09:15:55.506255,38.26473,39.616,90.59781
2022-01-23 09:15:56.003196,38.41944,39.3065,90.59781
2022-01-23 09:15:56.508748,39.34772,39.09975,89.89093
2022-01-23 09:15:57.007307,39.09027,39.46125,89.89093
2022-01-23 09:15:57.504460,38.57415,39.35725,89.57614
2022-01-23 09:15:58.002904,38.72887,38.945,89.57614
2022-01-23 09:15:58.508778,39.29697,39.09975,89.96916
2022-01-23 09:15:59.007717,39.03829,39.71875,89.96916
2022-01-23 09:15:59.503566,38.26473,39.04775,88.35937
2022-01-23 09:16:00.007390,38.47142,39.04775,88.35937
2022-01-23 09:16:00.505241,39.50243,39.97625,87.41687
2022-01-23 09:16:01.004529,38.98755,39.564,87.41687
2022-01-23 09:16:01.501853,38.83283,38.893,87.3377
2022-01-23 09:16:02.010275,39.03829,38.893,87.3377
2022-01-23 09:16:02.505141,39.14226,39.66675,88.12375
2022-01-23 09:16:03.002831,38.62614,39.15175,88.12375
2022-01-23 09:16:03.510296,38.67812,38.79025,89.81176
2022-01-23 09:16:04.008194,38.93556,39.3065,89.81176
2022-01-23 09:16:04.505017,38.83283,39.77075,88.595
2022-01-23 09:16:05.003644,38.31671,39.46125,88.595
2022-01-23 09:16:05.502784,39.14226,39.3065,87.73072
2022-01-23 09:16:06.001677,38.98755,39.35725,87.73072
2022-01-23 09:16:06.507249,39.14226,39.2545,88.83062
2022-01-23 09:16:07.006219,38.57415,38.84225,88.83062
2022-01-23 09:16:07.501891,38.93556,39.40925,88.51583
2022-01-23 09:16:08.009749,39.45168,39.3065,88.51583
2022-01-23 09:16:08.507592,39.24499,39.04775,90.1652
2022-01-23 09:16:09.006324,38.78085,39.35725,90.1652
2022-01-23 09:16:09.501723,38.52341,39.616,89.49791
2022-01-23 09:16:10.010149,38.93556,39.616,89.49791
2022-01-23 09:16:10.505821,38.83283,39.40925,89.81176
2022-01-23 09:16:11.009082,38.93556,39.04775,89.81176
2022-01-23 09:16:11.504521,39.193,39.15175,88.595
2022-01-23 09:16:12.003080,39.09027,39.04775,88.595
2022-01-23 09:16:12.509735,38.62614,39.2545,68.44906
2022-01-23 09:16:13.008231,38.3687,39.3065,68.44906
2022-01-23 09:16:13.504321,39.3997,38.945,29.09968
2022-01-23 09:16:14.002086,38.93556,39.8735,29.09968
2022-01-23 09:16:14.509303,38.41944,39.71875,-0.03864
2022-01-23 09:16:15.007824,38.93556,39.09975,-0.03864
2022-01-23 09:16:15.511153,39.193,39.04775,0.0
2022-01-23 09:16:16.002253,39.14226,39.40925,0.0
2022-01-23 09:16:16.508084,38.3687,39.2545,0.0
2022-01-23 09:16:17.006604,38.83283,38.6875,0.0
2022-01-23 09:16:17.502426,38.88358,39.2545,0.0
2022-01-23 09:16:18.009984,38.72887,39.77075,0.0
2022-01-23 09:16:18.505498,38.47142,38.997,0.0
2022-01-23 09:16:19.006607,39.03829,39.09975,0.0
2022-01-23 09:16:19.502697,39.3997,40.02825,-0.03864
2022-01-23 09:16:20.010193,39.03829,39.66675,-0.03864
2022-01-23 09:16:20.505500,38.57415,38.48075,0.0
2022-01-23 09:16:21.004193,38.72887,38.274,0.0
2022-01-23 09:16:21.509298,39.24499,40.02825,0.0
2022-01-23 09:16:22.007696,38.88358,39.564,0.0
2022-01-23 09:16:22.504647,38.57415,38.6355,0.0
2022-01-23 09:16:23.002679,38.93556,39.46125,0.0
2022-01-23 09:16:23.508988,39.34772,40.59525,0.0
2022-01-23 09:16:24.007106,38.67812,39.66675,0.0
2022-01-23 09:16:24.502780,38.41944,38.326,0.0
2022-01-23 09:16:25.002051,39.45168,39.3065,0.0
2022-01-23 09:16:25.508795,39.50243,39.46125,0.0
2022-01-23 09:16:26.007790,38.98755,38.79025,0.0
2022-01-23 09:16:26.505560,38.162,38.6875,0.0
2022-01-23 09:16:27.006717,38.83283,40.02825,0.0
2022-01-23 09:16:27.502257,39.45168,39.35725,0.0
2022-01-23 09:16:28.003223,38.57415,38.326,0.0
2022-01-23 09:16:28.509508,38.52341,39.2545,0.0
2022-01-23 09:16:29.008531,39.55441,39.2545,0.0
2022-01-23 09:16:29.504003,38.83283,38.997,0.0
2022-01-23 09:16:30.001273,38.67812,39.35725,0.0
2022-01-23 09:16:30.506874,39.14226,38.997,0.0
2022-01-23 09:16:31.005207,39.09027,39.09975,0.0
2022-01-23 09:16:31.510309,38.57415,39.77075,0.0
2022-01-23 09:16:32.008590,38.05927,39.15175,0.0
2022-01-23 09:16:32.503786,39.6064,38.84225,0.0
2022-01-23 09:16:33.001830,39.24499,40.131,0.0
2022-01-23 09:16:33.507758,38.72887,39.40925,0.0
2022-01-23 09:16:34.005742,38.57415,38.53275,0.0
2022-01-23 09:16:34.502674,39.09027,39.512,0.0
2022-01-23 09:16:35.010731,38.83283,39.66675,0.0
2022-01-23 09:16:35.505851,38.67812,38.6875,0.0
2022-01-23 09:16:36.004661,38.62614,38.79025,0.0
2022-01-23 09:16:36.510591,39.14226,40.08025,0.0
2022-01-23 09:16:37.007699,38.72887,39.46125,0.0
2022-01-23 09:16:37.502627,38.72887,38.997,0.0
2022-01-23 09:16:38.001480,38.93556,39.46125,0.0
2022-01-23 09:16:38.507267,38.78085,39.8215,0.0
2022-01-23 09:16:39.006272,38.98755,38.945,0.0
2022-01-23 09:16:39.502099,38.72887,38.945,0.0
2022-01-23 09:16:40.010490,38.88358,39.71875,0.0
2022-01-23 09:16:40.507517,39.09027,39.40925,0.0
2022-01-23 09:16:41.005713,38.98755,38.84225,0.0
2022-01-23 09:16:41.501879,38.67812,39.46125,0.0
2022-01-23 09:16:42.009716,38.88358,39.15175,0.0
2022-01-23 09:16:42.504953,39.55441,39.04775,0.0
2022-01-23 09:16:43.004930,38.78085,39.71875,0.0
2022-01-23 09:16:43.511271,38.3687,39.15175,0.0
2022-01-23 09:16:44.009223,38.93556,38.997,0.0
2022-01-23 09:16:44.506045,39.50243,39.77075,0.0
2022-01-23 09:16:45.003906,38.62614,39.09975,0.0
2022-01-23 09:16:45.510544,38.21398,39.04775,0.0
2022-01-23 09:16:46.010551,39.29697,39.3065,0.0
2022-01-23 09:16:46.503895,39.3997,39.3065,0.0
2022-01-23 09:16:47.002752,38.3687,39.15175,0.0
2022-01-23 09:16:47.509761,38.11002,39.40925,0.0
2022-01-23 09:16:48.007884,39.24499,39.616,0.0
2022-01-23 09:16:48.502595,39.34772,39.40925,0.0
2022-01-23 09:16:49.009741,38.62614,39.09975,0.0
2022-01-23 09:16:49.506126,38.52341,39.512,0.0
2022-01-23 09:16:50.004081,39.193,39.512,0.0
2022-01-23 09:16:50.510057,39.09027,38.945,0.0
2022-01-23 09:16:51.006581,38.67812,38.945,0.0
2022-01-23 09:16:51.502079,39.193,39.04775,0.0
2022-01-23 09:16:52.010879,39.09027,39.9255,0.0
2022-01-23 09:16:52.506206,38.72887,38.997,0.0
2022-01-23 09:16:53.004397,38.72887,38.997,0.0
2022-01-23 09:16:53.509408,39.03829,39.97625,0.0
2022-01-23 09:16:54.007816,38.93556,39.512,0.0
2022-01-23 09:16:54.504083,38.83283,38.84225,0.0
2022-01-23 09:16:55.002247,38.83283,39.3065,0.0
2022-01-23 09:16:55.507724,38.93556,39.40925,0.0
2022-01-23 09:16:56.006868,39.14226,38.6875,0.0
2022-01-23 09:16:56.503622,38.41944,38.73825,0.0
2022-01-23 09:16:57.001488,38.72887,40.183,0.0
2022-01-23 09:16:57.508640,39.03829,39.3065,0.0
