時間,回転１,回転２,回転３
2022-01-23 10:00:00.003266,84.1636,84.699,85.92395
2022-01-23 10:00:00.501307,84.36905,84.85375,84.86364
2022-01-23 10:00:01.009835,83.59549,84.08,84.86364
2022-01-23 10:00:01.505689,84.52377,84.803,85.21708
2022-01-23 10:00:02.003644,83.54475,84.132,85.21708
2022-01-23 10:00:02.509714,84.26632,84.4415,85.17843
2022-01-23 10:00:03.007865,84.00888,84.33875,85.17843
2022-01-23 10:00:03.505321,83.64747,84.132,85.92395
2022-01-23 10:00:04.004406,83.59549,83.7705,85.92395
2022-01-23 10:00:04.502843,83.90492,84.28675,175.89406
2022-01-23 10:00:05.010835,84.57575,84.751,175.89406
2022-01-23 10:00:05.506737,83.39003,83.97725,230.95114
2022-01-23 10:00:06.005100,84.1636,84.33875,230.95114
2022-01-23 10:00:06.501163,83.23532,83.461,192.19083
2022-01-23 10:00:07.009115,84.93716,85.1125,192.19083
2022-01-23 10:00:07.504205,83.49276,83.7705,114.55239
2022-01-23 10:00:08.004298,84.26632,84.699,114.55239
2022-01-23 10:00:08.510340,83.44078,83.461,93.11051
2022-01-23 10:00:09.008905,83.9569,84.28675,93.11051
2022-01-23 10:00:09.504467,84.62773,84.85375,91.65812
2022-01-23 10:00:10.002784,83.13135,83.8745,91.65812
2022-01-23 10:00:10.508391,84.42104,84.4415,89.3801
2022-01-23 10:00:11.005415,84.05963,84.3895,89.3801
2022-01-23 10:00:11.501211,84.67848,85.21525,86.35656
2022-01-23 10:00:12.008603,83.69946,84.132,86.35656
2022-01-23 10:00:12.504732,83.90492,84.3895,85.64968
2022-01-23 10:00:13.002154,83.59549,83.8745,85.64968
2022-01-23 10:00:13.508320,84.11161,84.85375,86.23875
2022-01-23 10:00:14.007498,84.00888,84.33875,86.23875
2022-01-23 10:00:14.502551,84.11161,84.4935,86.12093
2022-01-23 10:00:15.504872,83.90492,84.3895,86.00312
2022-01-23 10:00:16.003475,84.52377,84.85375,86.00312
2022-01-23 10:00:16.507578,83.64747,84.132,87.69114
2022-01-23 10:00:17.008436,83.69946,84.3895,87.69114
2022-01-23 10:00:17.504668,84.1636,84.4935,86.59218
2022-01-23 10:00:18.002659,84.21434,84.699,86.59218
2022-01-23 10:00:18.509849,83.9569,84.33875,85.25666
2022-01-23 10:00:19.008032,84.26632,84.64825,85.25666
2022-01-23 10:00:19.503819,83.85417,84.4415,85.96354
2022-01-23 10:00:20.001990,84.36905,84.64825,85.96354
2022-01-23 10:00:20.504738,83.9569,84.54425,85.49229
2022-01-23 10:00:21.002735,84.11161,84.3895,85.49229
2022-01-23 10:00:21.509977,83.9569,84.54425,85.84572
2022-01-23 10:00:22.010771,84.1636,84.4415,85.84572
2022-01-23 10:00:22.507146,84.42104,84.64825,85.88531
2022-01-23 10:00:23.006294,83.69946,84.08,85.88531
2022-01-23 10:00:23.503359,84.1636,84.64825,85.72791
2022-01-23 10:00:24.002693,83.80219,84.33875,85.72791
2022-01-23 10:00:24.508713,84.36905,84.64825,86.27739
2022-01-23 10:00:25.007510,83.69946,84.33875,86.27739
2022-01-23 10:00:25.502588,84.11161,84.4415,85.84572
2022-01-23 10:00:26.001496,84.36905,84.59625,85.84572
2022-01-23 10:00:26.507682,83.9569,84.28675,85.33489
2022-01-23 10:00:27.005852,84.57575,84.90575,85.33489
2022-01-23 10:00:27.502148,83.39003,83.8745,85.57051
2022-01-23 10:00:28.001563,84.26632,84.803,85.57051
2022-01-23 10:00:28.507246,83.69946,84.54425,85.49229
2022-01-23 10:00:29.005485,84.11161,84.23475,85.49229
2022-01-23 10:00:29.502095,84.36905,84.751,85.88531
2022-01-23 10:00:30.010900,83.85417,84.184,85.88531
2022-01-23 10:00:30.507360,84.11161,84.33875,85.4527
2022-01-23 10:00:31.007125,84.36905,84.751,85.4527
2022-01-23 10:00:31.502753,83.7502,83.97725,86.15958
2022-01-23 10:00:32.010993,83.80219,84.4935,86.15958
2022-01-23 10:00:32.507420,83.9569,84.33875,85.29625
2022-01-23 10:00:33.006811,84.05963,84.4415,85.29625
2022-01-23 10:00:33.502921,84.11161,84.3895,85.72791
2022-01-23 10:00:34.003912,83.90492,84.3895,85.72791
2022-01-23 10:00:34.509831,84.11161,84.751,85.64968
2022-01-23 10:00:35.007736,84.11161,84.184,85.64968
2022-01-23 10:00:35.505641,83.85417,84.54425,85.53187
2022-01-23 10:00:36.004703,84.00888,84.33875,85.53187
2022-01-23 10:00:36.501736,84.00888,84.4935,85.92395
2022-01-23 10:00:37.009515,84.26632,84.4415,85.92395
2022-01-23 10:00:37.505085,84.05963,84.3895,85.25666
2022-01-23 10:00:38.003389,84.11161,84.64825,85.25666
2022-01-23 10:00:38.510497,83.80219,84.132,85.25666
2022-01-23 10:00:39.007615,84.05963,84.4935,85.25666
2022-01-23 10:00:39.504188,84.21434,84.4415,86.27739
2022-01-23 10:00:40.002779,83.9569,84.64825,86.27739
2022-01-23 10:00:40.510034,84.26632,84.4935,85.21708
2022-01-23 10:00:41.008372,83.90492,84.132,85.21708
2022-01-23 10:00:41.504729,83.90492,84.33875,86.23875
2022-01-23 10:00:42.003691,84.42104,84.751,86.23875
2022-01-23 10:00:42.510741,83.90492,84.33875,86.5526
2022-01-23 10:00:43.008669,83.85417,84.23475,86.5526
2022-01-23 10:00:43.504263,83.9569,84.64825,85.57051
2022-01-23 10:00:44.002725,83.64747,84.132,85.57051
2022-01-23 10:00:44.509070,84.52377,84.95775,85.37447
2022-01-23 10:00:45.006750,83.85417,84.23475,85.37447
2022-01-23 10:00:45.502400,84.11161,84.4415,86.23875
2022-01-23 10:00:46.001531,83.80219,84.132,86.23875
2022-01-23 10:00:46.507664,84.21434,84.59625,85.25666
2022-01-23 10:00:47.006729,83.7502,84.4935,85.25666
2022-01-23 10:00:47.503145,84.11161,84.33875,86.23875
2022-01-23 10:00:48.002249,83.90492,84.132,86.23875
2022-01-23 10:00:48.508743,84.00888,84.4415,85.49229
2022-01-23 10:00:49.006739,84.67848,85.0605,85.49229
2022-01-23 10:00:49.502350,83.59549,83.97725,85.64968
2022-01-23 10:00:50.009757,84.21434,84.3895,85.64968
2022-01-23 10:00:50.504723,83.54475,84.33875,85.7675
2022-01-23 10:00:51.003194,84.67848,85.0085,85.7675
2022-01-23 10:00:51.508324,84.31831,84.4415,85.88531
2022-01-23 10:00:52.006802,83.69946,83.97725,85.88531
2022-01-23 10:00:52.503460,84.36905,84.751,86.47437
2022-01-23 10:00:53.002210,84.1636,84.85375,86.47437
2022-01-23 10:00:53.507242,83.85417,84.33875,86.12093
2022-01-23 10:00:54.008500,83.7502,84.4415,86.12093
2022-01-23 10:00:54.505625,83.59549,84.23475,85.17843
2022-01-23 10:00:55.003938,84.11161,84.699,85.17843
2022-01-23 10:00:55.509260,84.31831,84.4415,85.57051
2022-01-23 10:00:56.007383,84.11161,84.132,85.57051
2022-01-23 10:00:56.503906,84.00888,84.3895,85.21708
2022-01-23 10:00:57.003132,84.11161,84.08,85.21708
2022-01-23 10:00:57.508460,84.05963,84.699,85.41406
2022-01-23 10:00:58.007546,83.9569,84.4935,85.41406
2022-01-23 10:00:58.502368,83.49276,84.132,86.00312
2022-01-23 10:00:59.010196,84.36905,84.64825,86.00312
2022-01-23 10:00:59.506273,83.7502,84.02925,86.47437
2022-01-23 10:01:00.004906,84.52377,85.21525,86.47437
2022-01-23 10:01:00.508510,83.69946,83.92525,85.06062
2022-01-23 10:01:01.006617,83.9569,84.4935,85.06062
2022-01-23 10:01:01.507425,83.85417,84.28675,85.96354
2022-01-23 10:01:02.006201,83.69946,84.54425,85.96354
2022-01-23 10:01:02.501944,84.31831,84.54425,85.53187
2022-01-23 10:01:03.010870,84.05963,84.28675,85.53187
2022-01-23 10:01:03.506574,84.05963,84.28675,85.7675
2022-01-23 10:01:04.004676,84.47302,84.59625,85.7675
2022-01-23 10:01:04.509163,83.80219,84.54425,86.27739
2022-01-23 10:01:05.006991,84.36905,84.751,86.27739
2022-01-23 10:01:05.503610,83.54475,84.4415,86.08135
2022-01-23 10:01:06.002532,83.9569,84.08,86.08135
2022-01-23 10:01:06.508645,84.26632,84.54425,84.98145
2022-01-23 10:01:07.006161,84.1636,84.54425,84.98145
2022-01-23 10:01:08.005128,83.85417,84.23475,85.53187
2022-01-23 10:01:08.510851,83.90492,84.3895,85.7675
2022-01-23 10:01:09.008575,84.1636,84.90575,85.7675
2022-01-23 10:01:09.503262,83.9569,84.54425,85.72791
2022-01-23 10:01:10.003616,83.7502,84.28675,85.72791
2022-01-23 10:01:10.502198,84.05963,84.184,85.6101
2022-01-23 10:01:11.006709,84.57575,84.751,85.6101
2022-01-23 10:01:11.502540,84.11161,84.54425,85.4527
2022-01-23 10:01:12.002975,84.00888,84.184,85.4527
2022-01-23 10:01:12.509787,83.80219,84.3895,85.68833
2022-01-23 10:01:13.007358,84.26632,84.751,85.68833
2022-01-23 10:01:13.501243,84.11161,84.751,85.96354
2022-01-23 10:01:14.009790,83.59549,84.02925,85.96354
2022-01-23 10:01:14.504524,84.36905,84.54425,86.90604
2022-01-23 10:01:15.003362,83.7502,84.184,86.90604
2022-01-23 10:01:15.509103,84.67848,84.90575,85.02104
2022-01-23 10:01:16.007519,83.90492,84.4415,85.02104
2022-01-23 10:01:16.503304,84.00888,84.28675,85.02104
2022-01-23 10:01:17.001225,83.64747,84.132,85.02104
2022-01-23 10:01:17.508027,84.1636,84.751,85.33489
2022-01-23 10:01:18.005024,84.05963,84.23475,85.33489
2022-01-23 10:01:18.510531,84.21434,84.64825,85.72791
2022-01-23 10:01:19.007661,83.85417,84.3895,85.72791
2022-01-23 10:01:19.505328,84.00888,84.64825,85.33489
2022-01-23 10:01:20.003134,84.21434,84.54425,85.33489
2022-01-23 10:01:20.508018,83.85417,84.4935,85.6101
2022-01-23 10:01:21.005554,84.11161,84.59625,85.6101
2022-01-23 10:01:22.004823,84.36905,84.803,86.08135
2022-01-23 10:01:22.510464,83.90492,84.08,85.37447
2022-01-23 10:01:23.008227,83.80219,84.4935,85.37447
2022-01-23 10:01:23.504538,84.31831,84.803,86.31697
2022-01-23 10:01:24.002797,83.49276,83.97725,86.31697
2022-01-23 10:01:24.510554,84.62773,85.0085,85.96354
2022-01-23 10:01:25.008282,83.64747,84.08,85.96354
2022-01-23 10:01:25.504035,84.42104,84.59625,86.08135
2022-01-23 10:01:26.002576,83.80219,83.92525,86.08135
2022-01-23 10:01:26.508387,84.05963,84.699,85.7675
2022-01-23 10:01:27.006118,84.00888,84.28675,85.7675
2022-01-23 10:01:27.501279,83.90492,84.4415,85.25666
2022-01-23 10:01:28.009507,84.00888,84.28675,85.25666
2022-01-23 10:01:28.506046,83.90492,84.3895,85.09926
2022-01-23 10:01:29.005918,84.21434,84.54425,85.09926
2022-01-23 10:01:29.510802,84.31831,84.4415,85.72791
2022-01-23 10:01:30.008620,83.9569,84.64825,85.72791
2022-01-23 10:01:30.505075,83.69946,83.92525,85.72791
2022-01-23 10:01:31.003012,84.42104,84.90575,85.72791
2022-01-23 10:01:31.508510,83.90492,84.28675,85.37447
2022-01-23 10:01:32.007418,83.7502,84.3895,85.37447
2022-01-23 10:01:32.503130,84.11161,84.4415,86.71
2022-01-23 10:01:33.001822,84.31831,84.28675,86.71
2022-01-23 10:01:33.510245,84.21434,84.59625,85.92395
2022-01-23 10:01:34.008544,84.21434,84.803,85.92395
2022-01-23 10:01:34.505367,83.80219,84.28675,85.57051
2022-01-23 10:01:35.003712,84.1636,84.28675,85.57051
2022-01-23 10:01:35.509870,83.80219,84.751,85.53187
2022-01-23 10:01:36.008677,84.26632,84.59625,85.53187
2022-01-23 10:01:36.504132,84.1636,84.23475,85.33489
2022-01-23 10:01:37.002700,84.1636,84.4415,85.33489
2022-01-23 10:01:37.508291,84.1636,84.33875,86.04176
2022-01-23 10:01:38.007298,84.21434,84.95775,86.04176
2022-01-23 10:01:38.501154,83.7502,84.184,85.41406
2022-01-23 10:01:39.008177,83.80219,84.23475,85.41406
2022-01-23 10:01:39.503430,84.26632,84.699,85.84572
2022-01-23 10:01:40.002725,83.90492,84.28675,85.84572
2022-01-23 10:01:40.510682,84.26632,84.59625,86.19916
2022-01-23 10:01:41.009193,84.21434,84.28675,86.19916
2022-01-23 10:01:41.503839,84.00888,84.4935,85.72791
2022-01-23 10:01:42.004400,84.26632,84.64825,85.72791
2022-01-23 10:01:42.510959,83.69946,84.02925,85.53187
2022-01-23 10:01:43.009547,84.00888,84.59625,85.53187
2022-01-23 10:01:43.504523,83.54475,83.97725,85.68833
2022-01-23 10:01:44.003307,84.47302,84.85375,85.68833
2022-01-23 10:01:44.507998,84.31831,84.28675,85.37447
2022-01-23 10:01:45.006023,84.21434,84.699,85.37447
2022-01-23 10:01:45.502431,84.00888,84.184,85.17843
2022-01-23 10:01:46.010352,83.64747,84.184,85.17843
2022-01-23 10:01:46.507328,84.52377,85.1125,85.13885
2022-01-23 10:01:47.005903,83.08061,83.565,85.13885
2022-01-23 10:01:47.502116,84.36905,84.751,85.57051
2022-01-23 10:01:48.001559,83.80219,83.97725,85.57051
2022-01-23 10:01:48.506009,84.36905,84.90575,86.59218
2022-01-23 10:01:49.004150,84.21434,84.59625,86.59218
2022-01-23 10:01:49.502258,84.11161,84.4415,85.92395
2022-01-23 10:01:50.009449,83.85417,84.08,85.92395
2022-01-23 10:01:50.502574,83.7502,84.54425,85.21708
2022-01-23 10:01:51.001697,84.05963,84.4415,85.21708
2022-01-23 10:01:51.508089,84.11161,84.28675,85.6101
2022-01-23 10:01:52.007111,84.00888,84.4935,85.6101
2022-01-23 10:01:52.502497,83.85417,84.28675,85.13885
2022-01-23 10:01:53.001839,84.57575,85.21525,85.13885
2022-01-23 10:01:53.507226,83.80219,83.97725,85.17843
2022-01-23 10:01:54.006083,84.05963,84.54425,85.17843
2022-01-23 10:01:54.511041,84.31831,84.85375,85.72791
2022-01-23 10:01:55.008270,83.44078,83.92525,85.72791
2022-01-23 10:01:55.506567,84.62773,85.0605,85.4527
2022-01-23 10:01:56.004612,83.7502,83.97725,85.4527
2022-01-23 10:01:56.511224,84.21434,84.64825,85.92395
2022-01-23 10:01:57.010316,84.00888,84.33875,85.92395
2022-01-23 10:01:57.508958,84.21434,84.4935,85.72791
2022-01-23 10:01:58.007866,84.05963,84.3895,85.72791
2022-01-23 10:01:58.503179,83.9569,84.59625,85.29625
2022-01-23 10:01:59.003170,84.1636,84.4415,85.29625
2022-01-23 10:01:59.509556,83.9569,84.132,85.88531
2022-01-23 10:02:00.008698,84.31831,84.85375,85.88531
2022-01-23 10:02:00.506241,83.80219,83.8745,85.6101
2022-01-23 10:02:01.005026,84.31831,84.59625,85.6101
2022-01-23 10:02:01.502321,84.00888,84.4415,85.53187
2022-01-23 10:02:02.505191,84.21434,84.54425,85.25666
2022-01-23 10:02:03.004569,83.85417,84.02925,85.25666
2022-01-23 10:02:03.509734,83.85417,84.28675,85.53187
2022-01-23 10:02:04.006137,84.31831,84.59625,85.53187
2022-01-23 10:02:04.505013,83.90492,84.33875,85.21708
2022-01-23 10:02:05.002728,84.31831,84.64825,85.21708
2022-01-23 10:02:05.508349,83.39003,83.8745,85.6101
2022-01-23 10:02:06.007541,84.26632,84.751,85.6101
2022-01-23 10:02:06.503315,84.21434,84.751,85.96354
2022-01-23 10:02:07.010607,84.11161,84.4935,85.96354
2022-01-23 10:02:07.505333,83.7502,84.08,86.31697
2022-01-23 10:02:08.003306,83.80219,84.28675,86.31697
2022-01-23 10:02:08.509881,84.31831,84.751,85.7675
2022-01-23 10:02:09.009008,83.85417,84.4415,85.7675
2022-01-23 10:02:09.505520,84.11161,84.54425,85.64968
2022-01-23 10:02:10.004149,83.85417,83.97725,85.64968
2022-01-23 10:02:10.509111,84.1636,84.54425,85.64968
2022-01-23 10:02:11.003245,84.62773,84.751,85.64968
2022-01-23 10:02:11.508471,83.69946,83.97725,85.96354
2022-01-23 10:02:12.007361,83.9569,84.23475,85.96354
2022-01-23 10:02:12.503594,83.85417,84.184,85.21708
2022-01-23 10:02:13.002760,84.52377,85.1125,85.21708
2022-01-23 10:02:13.501209,83.90492,84.54425,85.4527
2022-01-23 10:02:14.009280,84.21434,84.4935,85.4527
2022-01-23 10:02:14.506117,84.05963,84.08,86.08135
2022-01-23 10:02:15.004163,84.57575,85.0605,86.08135
2022-01-23 10:02:15.509880,83.85417,84.23475,85.29625
2022-01-23 10:02:16.008576,84.1636,84.4935,85.29625
2022-01-23 10:02:16.502543,83.7502,84.02925,85.64968
2022-01-23 10:02:17.010911,83.7502,84.4935,85.64968
2022-01-23 10:02:17.507161,84.62773,85.1125,85.88531
2022-01-23 10:02:18.007541,83.64747,83.7705,85.88531
2022-01-23 10:02:18.501649,84.47302,84.85375,85.64968
2022-01-23 10:02:19.009973,83.69946,83.97725,85.64968
2022-01-23 10:02:19.505735,84.00888,84.4415,85.7675
2022-01-23 10:02:20.004923,84.05963,84.4935,85.7675
2022-01-23 10:02:20.510240,83.85417,84.33875,85.96354
2022-01-23 10:02:21.009012,84.00888,84.4935,85.96354
2022-01-23 10:02:21.505758,84.11161,84.3895,85.57051
2022-01-23 10:02:22.005358,84.26632,84.59625,85.57051
2022-01-23 10:02:22.502305,84.31831,84.54425,85.68833
2022-01-23 10:02:23.010640,83.9569,84.4415,85.68833
2022-01-23 10:02:23.507094,83.64747,83.97725,85.33489
2022-01-23 10:02:24.006790,83.9569,84.4415,85.33489
2022-01-23 10:02:24.502087,84.36905,84.90575,85.64968
2022-01-23 10:02:25.011061,83.80219,84.132,85.64968
2022-01-23 10:02:25.506076,84.26632,84.4935,86.00312
2022-01-23 10:02:26.003899,83.69946,83.97725,86.00312
2022-01-23 10:02:26.510898,84.1636,84.28675,85.92395
2022-01-23 10:02:27.008866,83.7502,84.184,85.92395
2022-01-23 10:02:27.503531,83.9569,84.23475,235.54583
2022-01-23 10:02:28.003908,83.18334,83.61575,235.54583
2022-01-23 10:02:28.510436,84.47302,85.0085,215.91072
2022-01-23 10:02:29.008105,83.85417,83.97725,215.91072
2022-01-23 10:02:29.502800,84.42104,84.54425,157.67176
2022-01-23 10:02:30.001197,83.69946,83.97725,157.67176
2022-01-23 10:02:30.507309,83.69946,83.97725,95.0351
2022-01-23 10:02:31.006356,84.93716,85.16325,95.0351
2022-01-23 10:02:31.502684,83.39003,83.92525,92.12937
2022-01-23 10:02:32.009892,83.7502,84.33875,92.12937
2022-01-23 10:02:32.506278,83.59549,83.8225,89.77312
2022-01-23 10:02:33.004336,84.26632,84.4415,89.77312
2022-01-23 10:02:33.509920,84.31831,84.64825,87.41687
2022-01-23 10:02:34.007899,84.31831,84.751,87.41687
2022-01-23 10:02:34.502959,83.54475,83.66775,86.78822
2022-01-23 10:02:35.002167,84.36905,84.751,86.78822
2022-01-23 10:02:35.510371,83.90492,84.699,86.27739
2022-01-23 10:02:36.007782,83.90492,84.3895,86.27739
2022-01-23 10:02:36.503411,84.05963,84.3895,86.12093
2022-01-23 10:02:37.001998,83.80219,84.02925,86.12093
2022-01-23 10:02:37.508327,84.78245,85.21525,86.08135
2022-01-23 10:02:38.006998,83.64747,84.08,86.08135
2022-01-23 10:02:38.503653,84.00888,84.4415,86.27739
2022-01-23 10:02:39.002297,84.11161,84.64825,86.27739
2022-01-23 10:02:39.509020,83.90492,84.54425,86.08135
2022-01-23 10:02:40.007726,84.00888,84.4415,86.08135
2022-01-23 10:02:40.505032,84.31831,84.699,85.29625
2022-01-23 10:02:41.004372,83.85417,84.02925,85.29625
2022-01-23 10:02:41.502828,83.9569,84.28675,85.92395
2022-01-23 10:02:42.010749,84.36905,84.803,85.92395
2022-01-23 10:02:42.506836,83.64747,84.132,85.72791
2022-01-23 10:02:43.005194,84.57575,85.0605,85.72791
2022-01-23 10:02:43.501303,83.28607,83.8745,85.4527
2022-01-23 10:02:44.010898,84.42104,84.803,85.4527
2022-01-23 10:02:44.507555,84.21434,84.3895,85.7675
2022-01-23 10:02:45.005014,84.47302,84.803,85.7675
2022-01-23 10:02:45.509320,83.85417,84.184,85.64968
2022-01-23 10:02:46.007431,84.11161,84.64825,85.64968
2022-01-23 10:02:46.503047,84.11161,84.59625,85.13885
2022-01-23 10:02:47.010116,83.7502,84.28675,85.13885
2022-01-23 10:02:47.505099,84.21434,84.64825,86.12093
2022-01-23 10:02:48.003387,83.9569,84.28675,86.12093
2022-01-23 10:02:48.510368,84.05963,84.4935,85.49229
2022-01-23 10:02:49.010311,84.21434,84.4935,85.49229
2022-01-23 10:02:49.505139,84.00888,84.23475,85.96354
2022-01-23 10:02:50.003312,84.62773,85.1125,85.96354
2022-01-23 10:02:50.509366,83.39003,84.184,85.41406
2022-01-23 10:02:51.008758,84.26632,84.4415,85.41406
2022-01-23 10:02:51.504738,84.21434,84.4935,85.57051
2022-01-23 10:02:52.004346,84.00888,84.23475,85.57051
2022-01-23 10:02:52.510335,84.11161,84.54425,85.6101
2022-01-23 10:02:53.008045,83.9569,84.4935,85.6101
2022-01-23 10:02:53.505920,83.90492,84.54425,86.04176
2022-01-23 10:02:54.004650,84.11161,84.59625,86.04176
2022-01-23 10:02:54.509666,83.90492,84.28675,85.68833
2022-01-23 10:02:55.008877,84.11161,84.3895,85.68833
2022-01-23 10:02:55.510815,84.31831,84.4935,85.41406
2022-01-23 10:02:56.009186,84.21434,84.59625,85.41406
2022-01-23 10:02:56.505551,83.49276,83.92525,86.5526
2022-01-23 10:02:57.003973,84.52377,85.0085,86.5526
2022-01-23 10:02:57.509223,83.59549,83.97725,85.7675
2022-01-23 10:02:58.009055,84.36905,84.59625,85.7675
2022-01-23 10:02:58.505713,84.00888,84.59625,85.57051
2022-01-23 10:02:59.002726,83.85417,84.02925,85.57051
2022-01-23 10:02:59.508494,84.93716,85.16325,85.06062
2022-01-23 10:03:00.008101,83.64747,84.132,85.06062
2022-01-23 10:03:00.502265,84.1636,84.64825,86.23875
2022-01-23 10:03:01.001882,83.7502,84.184,86.23875
2022-01-23 10:03:01.508915,84.00888,84.54425,85.4527
2022-01-23 10:03:02.007850,83.90492,84.28675,85.4527
2022-01-23 10:03:02.502653,84.26632,84.59625,85.57051
2022-01-23 10:03:03.010765,84.05963,84.3895,85.57051
2022-01-23 10:03:05.004457,84.57575,84.90575,85.68833
2022-01-23 10:03:05.509135,83.18334,83.71975,86.19916
2022-01-23 10:03:06.006879,84.57575,84.95775,86.19916
2022-01-23 10:03:06.502343,84.21434,84.3895,86.15958
2022-01-23 10:03:07.010651,84.05963,84.3895,86.15958
2022-01-23 10:03:07.505995,84.1636,84.59625,86.04176
2022-01-23 10:03:08.005090,83.90492,84.4935,86.04176
2022-01-23 10:03:08.510654,84.57575,85.0085,85.37447
2022-01-23 10:03:09.009080,83.39003,83.97725,85.37447
2022-01-23 10:03:09.505411,84.52377,85.0085,85.92395
2022-01-23 10:03:10.006227,83.69946,83.92525,85.92395
2022-01-23 10:03:10.509970,84.57575,84.95775,85.06062
2022-01-23 10:03:11.003927,83.9569,84.4935,85.06062
2022-01-23 10:03:11.510339,84.00888,84.33875,86.5526
2022-01-23 10:03:12.008290,84.47302,84.59625,86.5526
2022-01-23 10:03:12.505135,83.54475,84.08,86.19916
2022-01-23 10:03:13.003869,84.52377,85.16325,86.19916
2022-01-23 10:03:13.503971,83.33805,84.02925,85.80614
2022-01-23 10:03:14.002134,84.42104,84.4415,85.80614
2022-01-23 10:03:14.506644,84.1636,84.4415,85.09926
2022-01-23 10:03:15.004487,84.05963,84.4935,85.09926
2022-01-23 10:03:15.504133,84.21434,84.699,85.68833
2022-01-23 10:03:16.002829,83.9569,84.132,85.68833
2022-01-23 10:03:16.509158,84.11161,84.4935,85.17843
2022-01-23 10:03:17.008983,83.64747,84.3895,85.17843
2022-01-23 10:03:17.504045,84.21434,84.4935,86.00312
2022-01-23 10:03:18.003208,83.9569,84.23475,86.00312
2022-01-23 10:03:18.509568,84.05963,84.4935,85.33489
2022-01-23 10:03:19.008610,84.05963,84.59625,85.33489
2022-01-23 10:03:19.502785,84.00888,84.3895,85.80614
2022-01-23 10:03:20.010743,84.00888,84.4415,85.80614
2022-01-23 10:03:20.507586,83.7502,84.4415,85.4527
2022-01-23 10:03:21.006025,83.9569,83.97725,85.4527
2022-01-23 10:03:21.501737,84.1636,84.4415,86.08135
2022-01-23 10:03:22.009117,83.80219,84.02925,86.08135
2022-01-23 10:03:22.505859,84.21434,84.64825,85.57051
2022-01-23 10:03:23.003371,84.00888,84.4935,85.57051
2022-01-23 10:03:23.509650,83.90492,84.33875,85.6101
2022-01-23 10:03:24.009090,84.26632,84.95775,85.6101
2022-01-23 10:03:24.505100,83.85417,84.08,85.80614
2022-01-23 10:03:25.003282,84.21434,84.4415,85.80614
2022-01-23 10:03:25.508422,84.00888,84.184,85.41406
2022-01-23 10:03:26.006515,84.1636,84.699,85.41406
2022-01-23 10:03:26.503107,84.11161,84.59625,85.53187
2022-01-23 10:03:27.001558,84.05963,84.4415,85.53187
2022-01-23 10:03:27.506710,83.64747,84.132,85.13885
2022-01-23 10:03:28.004432,84.26632,84.751,85.13885
2022-01-23 10:03:28.510066,84.00888,84.3895,86.43479
2022-01-23 10:03:29.009404,84.21434,84.4935,86.43479
2022-01-23 10:03:29.506106,83.9569,84.28675,85.80614
2022-01-23 10:03:30.005141,83.54475,84.02925,85.80614
2022-01-23 10:03:30.509912,84.73046,85.0085,84.94281
2022-01-23 10:03:31.007593,83.69946,84.23475,84.94281
2022-01-23 10:03:31.501819,84.31831,84.699,86.67041
2022-01-23 10:03:32.010858,83.28607,83.7705,86.67041
2022-01-23 10:03:32.506392,84.47302,84.4935,85.06062
2022-01-23 10:03:33.004622,84.36905,84.751,85.06062
2022-01-23 10:03:33.501026,84.31831,84.85375,85.49229
2022-01-23 10:03:34.009482,83.85417,84.23475,85.49229
2022-01-23 10:03:34.508633,83.64747,84.02925,85.88531
2022-01-23 10:03:35.007973,84.47302,84.85375,85.88531
2022-01-23 10:03:35.504611,83.39003,84.08,85.84572
2022-01-23 10:03:36.003035,84.57575,84.54425,85.84572
2022-01-23 10:03:36.508994,83.80219,83.97725,85.29625
2022-01-23 10:03:37.007484,84.31831,84.751,85.29625
2022-01-23 10:03:37.504371,84.47302,84.85375,86.15958
2022-01-23 10:03:38.002756,83.44078,83.97725,86.15958
2022-01-23 10:03:38.507859,84.42104,84.64825,85.17843
2022-01-23 10:03:39.007347,83.80219,84.54425,85.17843
2022-01-23 10:03:39.501883,84.1636,84.64825,85.57051
2022-01-23 10:03:40.010297,84.05963,84.4415,85.57051
2022-01-23 10:03:40.506588,84.31831,84.54425,85.92395
2022-01-23 10:03:41.005331,84.1636,84.33875,85.92395
2022-01-23 10:03:41.501138,84.1636,84.59625,85.7675
2022-01-23 10:03:42.009939,83.80219,84.184,85.7675
2022-01-23 10:03:42.508574,83.90492,84.4935,85.53187
2022-01-23 10:03:43.006688,83.90492,84.184,85.53187
2022-01-23 10:03:43.504577,83.7502,84.54425,85.49229
2022-01-23 10:03:44.002273,84.11161,84.4935,85.49229
2022-01-23 10:03:44.503243,84.21434,84.59625,85.68833
2022-01-23 10:03:45.004288,84.36905,84.64825,85.68833
2022-01-23 10:03:45.510797,83.69946,83.97725,85.88531
2022-01-23 10:03:46.008962,84.31831,84.90575,85.88531
2022-01-23 10:03:46.509787,83.69946,84.184,86.71
2022-01-23 10:03:47.008453,83.90492,84.4935,86.71
2022-01-23 10:03:47.504063,84.00888,84.23475,85.68833
2022-01-23 10:03:48.003646,83.9569,84.28675,85.68833
2022-01-23 10:03:48.508921,84.42104,84.699,85.57051
2022-01-23 10:03:49.007137,84.05963,84.33875,85.57051
2022-01-23 10:03:49.502457,84.31831,84.64825,85.37447
2022-01-23 10:03:50.010862,83.9569,84.33875,85.37447
2022-01-23 10:03:50.505803,83.64747,84.4935,85.53187
2022-01-23 10:03:51.004380,83.9569,84.184,85.53187
2022-01-23 10:03:51.509332,84.11161,84.4935,85.6101
2022-01-23 10:03:52.006729,83.9569,84.184,85.6101
2022-01-23 10:03:52.504230,84.31831,84.64825,86.35656
2022-01-23 10:03:53.002724,84.1636,84.59625,86.35656
2022-01-23 10:03:53.509088,84.47302,84.751,85.53187
2022-01-23 10:03:54.006407,83.9569,84.699,85.53187
2022-01-23 10:03:54.511052,83.54475,84.08,85.96354
2022-01-23 10:03:55.010266,84.21434,84.59625,85.96354
2022-01-23 10:03:55.505778,84.1636,84.4415,85.06062
2022-01-23 10:03:56.005319,84.26632,84.4935,85.06062
2022-01-23 10:03:56.511127,83.44078,83.92525,86.47437
2022-01-23 10:03:57.010650,84.1636,84.54425,86.47437
2022-01-23 10:03:57.506047,84.11161,84.59625,85.92395
2022-01-23 10:03:58.003326,84.26632,84.59625,85.92395
2022-01-23 10:03:58.508924,83.59549,84.23475,85.21708
2022-01-23 10:03:59.007453,83.9569,84.132,85.21708
2022-01-23 10:03:59.503436,84.42104,84.59625,85.21708
2022-01-23 10:04:00.003361,83.85417,84.4415,85.21708
2022-01-23 10:04:00.509114,84.31831,84.4935,85.57051
2022-01-23 10:04:01.007938,83.64747,84.02925,85.57051
2022-01-23 10:04:01.501785,84.36905,84.59625,84.78541
2022-01-23 10:04:02.010368,83.64747,84.4415,84.78541
2022-01-23 10:04:02.505408,84.00888,84.28675,85.4527
2022-01-23 10:04:03.003127,84.26632,84.3895,85.4527
2022-01-23 10:04:03.508739,84.11161,84.4935,85.68833
2022-01-23 10:04:04.005538,83.9569,84.28675,85.68833
2022-01-23 10:04:04.501878,84.00888,84.54425,84.94281
2022-01-23 10:04:05.011068,84.1636,84.4935,84.94281
2022-01-23 10:04:05.506646,83.69946,84.4935,85.84572
2022-01-23 10:04:06.002628,84.21434,84.59625,85.84572
2022-01-23 10:04:06.508610,84.05963,84.23475,85.6101
2022-01-23 10:04:07.007743,84.42104,84.751,85.6101
2022-01-23 10:04:07.502376,83.59549,83.8225,85.68833
2022-01-23 10:04:08.010273,84.26632,84.803,85.68833
2022-01-23 10:04:08.506160,83.90492,84.02925,85.29625
2022-01-23 10:04:09.003751,83.64747,84.54425,85.29625
2022-01-23 10:04:09.510194,84.62773,84.90575,85.4527
2022-01-23 10:04:10.007620,83.9569,84.184,85.4527
2022-01-23 10:04:10.503318,84.21434,84.59625,85.29625
2022-01-23 10:04:11.001820,83.85417,84.28675,85.29625
2022-01-23 10:04:11.509064,84.1636,84.4415,86.19916
2022-01-23 10:04:12.006517,84.05963,84.3895,86.19916
2022-01-23 10:04:12.501192,84.05963,84.90575,85.96354
2022-01-23 10:04:13.008954,83.80219,84.23475,85.96354
2022-01-23 10:04:13.505159,83.9569,84.4415,85.84572
2022-01-23 10:04:14.003293,84.42104,84.4935,85.84572
2022-01-23 10:04:14.509194,84.31831,84.54425,85.96354
2022-01-23 10:04:15.007305,83.33805,83.97725,85.96354
2022-01-23 10:04:15.503012,84.1636,84.4415,86.23875
2022-01-23 10:04:16.010772,84.05963,84.4935,86.23875
2022-01-23 10:04:16.507113,83.80219,84.184,85.80614
2022-01-23 10:04:17.005620,83.9569,84.64825,85.80614
2022-01-23 10:04:17.509878,83.85417,83.97725,85.57051
2022-01-23 10:04:18.009705,84.73046,84.803,85.57051
2022-01-23 10:04:18.505659,83.90492,84.33875,85.37447
2022-01-23 10:04:19.004431,83.90492,84.28675,85.37447
2022-01-23 10:04:19.510399,84.1636,84.54425,85.29625
2022-01-23 10:04:20.008903,83.9569,84.23475,85.29625
2022-01-23 10:04:20.505832,84.05963,84.699,86.19916
2022-01-23 10:04:21.004103,83.59549,83.8225,86.19916
2022-01-23 10:04:21.501306,84.57575,84.751,85.53187
2022-01-23 10:04:22.010509,84.11161,84.28675,85.53187
2022-01-23 10:04:22.508083,84.26632,84.64825,85.80614
2022-01-23 10:04:23.006248,83.80219,84.33875,85.80614
2022-01-23 10:04:23.502031,84.26632,84.699,85.17843
2022-01-23 10:04:24.001219,83.64747,84.4415,85.17843
2022-01-23 10:04:24.508026,83.9569,84.28675,85.72791
2022-01-23 10:04:25.006740,84.36905,84.4415,85.72791
2022-01-23 10:04:25.501226,84.11161,84.54425,86.12093
2022-01-23 10:04:26.010420,84.42104,84.4935,86.12093
2022-01-23 10:04:26.508005,84.05963,84.59625,86.12093
2022-01-23 10:04:27.007959,83.90492,84.23475,86.12093
2022-01-23 10:04:27.503563,83.80219,84.4935,85.92395
2022-01-23 10:04:28.002264,83.90492,84.4935,85.92395
2022-01-23 10:04:28.507401,84.00888,84.4935,85.17843
2022-01-23 10:04:29.006062,84.1636,84.4415,85.17843
2022-01-23 10:04:29.502057,84.36905,84.23475,85.21708
2022-01-23 10:04:30.009618,83.85417,84.3895,85.21708
2022-01-23 10:04:30.506180,84.31831,84.64825,86.12093
2022-01-23 10:04:31.004128,83.90492,84.4415,86.12093
2022-01-23 10:04:31.502413,84.11161,84.4415,85.49229
2022-01-23 10:04:32.505041,84.31831,84.803,85.29625
2022-01-23 10:04:33.003409,84.00888,84.08,85.29625
2022-01-23 10:04:33.508665,84.05963,84.4415,85.53187
2022-01-23 10:04:34.007125,84.31831,84.4415,85.53187
2022-01-23 10:04:34.504063,84.00888,84.59625,85.09926
2022-01-23 10:04:35.002995,84.05963,84.699,85.09926
2022-01-23 10:04:35.507712,83.23532,83.8745,85.7675
2022-01-23 10:04:36.009419,84.21434,84.33875,85.7675
2022-01-23 10:04:36.507120,84.31831,84.54425,85.7675
2022-01-23 10:04:37.006085,84.00888,84.4935,85.7675
2022-01-23 10:04:37.501266,84.31831,84.64825,85.33489
2022-01-23 10:04:38.009511,83.49276,84.08,85.33489
2022-01-23 10:04:38.505544,84.21434,84.4935,85.57051
2022-01-23 10:04:39.004635,84.21434,84.90575,85.57051
2022-01-23 10:04:39.509159,83.54475,83.92525,85.64968
2022-01-23 10:04:40.007282,84.42104,84.54425,85.64968
2022-01-23 10:04:40.502007,83.90492,84.184,86.15958
2022-01-23 10:04:41.011239,84.31831,84.54425,86.15958
2022-01-23 10:04:41.506270,84.11161,84.751,86.00312
2022-01-23 10:04:42.003860,84.00888,84.3895,86.00312
2022-01-23 10:04:42.508963,83.80219,84.33875,85.6101
2022-01-23 10:04:43.006523,84.21434,84.59625,85.6101
2022-01-23 10:04:43.502805,84.00888,84.4415,84.90322
2022-01-23 10:04:44.010756,83.90492,84.184,84.90322
2022-01-23 10:04:44.505942,84.31831,84.59625,85.84572
2022-01-23 10:04:45.003374,83.80219,84.4415,85.84572
2022-01-23 10:04:45.501822,83.9569,84.3895,85.64968
2022-01-23 10:04:46.010815,84.31831,84.85375,85.64968
2022-01-23 10:04:46.507065,83.90492,84.23475,85.64968
2022-01-23 10:04:47.005183,84.00888,84.4935,85.64968
2022-01-23 10:04:47.511117,83.90492,84.28675,85.80614
2022-01-23 10:04:48.010602,84.05963,84.184,85.80614
2022-01-23 10:04:48.506864,83.64747,84.28675,84.90322
2022-01-23 10:04:49.006272,84.11161,84.28675,84.90322
2022-01-23 10:04:49.502134,83.64747,83.97725,103.24239
2022-01-23 10:04:50.001524,84.36905,84.54425,103.24239
2022-01-23 10:04:50.509705,83.44078,83.92525,238.2951
2022-01-23 10:04:51.009524,84.52377,84.90575,238.2951
2022-01-23 10:04:51.505705,84.26632,84.184,207.07479
2022-01-23 10:04:52.004487,83.08061,83.461,207.07479
2022-01-23 10:04:52.510770,84.57575,84.803,126.53062
2022-01-23 10:04:53.007852,83.33805,83.8745,126.53062
2022-01-23 10:04:53.502845,84.62773,84.751,91.77593
2022-01-23 10:04:54.002047,83.44078,83.7705,91.77593
2022-01-23 10:04:54.509459,84.00888,84.3895,94.13218
2022-01-23 10:04:55.007678,84.62773,84.699,94.13218
2022-01-23 10:04:55.503362,83.80219,84.28675,88.75145
2022-01-23 10:04:56.002079,84.1636,84.33875,88.75145
2022-01-23 10:04:56.506649,83.7502,84.28675,87.25947
2022-01-23 10:04:57.004059,84.47302,84.90575,87.25947
2022-01-23 10:04:57.510643,83.54475,84.184,85.80614
2022-01-23 10:04:58.008366,84.26632,84.85375,85.80614
2022-01-23 10:04:58.503175,83.39003,83.61575,86.35656
2022-01-23 10:04:59.001906,84.47302,84.803,86.35656
2022-01-23 10:04:59.507764,84.1636,84.54425,86.51301
2022-01-23 10:05:00.004716,83.64747,84.132,86.51301
2022-01-23 10:05:00.508146,84.42104,84.54425,86.00312
2022-01-23 10:05:01.006402,83.49276,83.97725,86.00312
2022-01-23 10:05:01.502780,84.62773,85.0085,86.19916
2022-01-23 10:05:02.001915,83.59549,84.28675,86.19916
2022-01-23 10:05:02.507987,84.36905,84.64825,85.7675
2022-01-23 10:05:03.008943,84.26632,84.59625,85.7675
2022-01-23 10:05:03.503642,84.31831,85.0605,85.7675
2022-01-23 10:05:04.001549,84.00888,84.4415,85.7675
2022-01-23 10:05:04.506515,83.80219,84.33875,85.57051
2022-01-23 10:05:05.003905,84.31831,84.59625,85.57051
2022-01-23 10:05:05.501460,83.54475,84.28675,85.29625
2022-01-23 10:05:06.009471,84.26632,84.54425,85.29625
2022-01-23 10:05:06.504710,84.05963,84.33875,86.31697
2022-01-23 10:05:07.004345,84.26632,84.64825,86.31697
2022-01-23 10:05:07.502717,84.1636,84.54425,85.29625
2022-01-23 10:05:08.010575,84.31831,84.751,85.29625
2022-01-23 10:05:08.508949,83.59549,84.08,85.80614
2022-01-23 10:05:09.007512,84.11161,84.699,85.80614
2022-01-23 10:05:09.503973,84.00888,84.4415,86.15958
2022-01-23 10:05:10.001370,84.00888,84.08,86.15958
2022-01-23 10:05:10.508228,84.21434,84.699,85.25666
2022-01-23 10:05:11.002795,84.11161,84.3895,85.25666
2022-01-23 10:05:11.509112,84.36905,84.699,85.64968
2022-01-23 10:05:12.007608,84.21434,84.64825,85.64968
2022-01-23 10:05:12.502559,83.49276,83.97725,85.7675
2022-01-23 10:05:13.010820,84.42104,84.803,85.7675
2022-01-23 10:05:13.508679,83.7502,84.02925,85.84572
2022-01-23 10:05:14.006342,84.47302,84.95775,85.84572
2022-01-23 10:05:14.501765,84.05963,84.33875,85.7675
2022-01-23 10:05:15.010579,83.90492,84.28675,85.7675
2022-01-23 10:05:15.506922,84.57575,84.85375,85.92395
2022-01-23 10:05:16.004542,84.11161,84.59625,85.92395
2022-01-23 10:05:16.501566,83.7502,84.184,85.13885
2022-01-23 10:05:17.010670,83.69946,84.08,85.13885
2022-01-23 10:05:17.506202,84.26632,84.751,86.15958
2022-01-23 10:05:18.004979,84.26632,84.54425,86.15958
2022-01-23 10:05:18.508893,84.1636,84.751,85.84572
2022-01-23 10:05:19.007506,83.90492,84.184,85.84572
2022-01-23 10:05:19.504106,84.00888,84.28675,85.6101
2022-01-23 10:05:20.003561,84.62773,85.0605,85.6101
2022-01-23 10:05:20.509931,83.28607,83.41025,87.29906
2022-01-23 10:05:21.007924,84.52377,84.90575,87.29906
2022-01-23 10:05:21.503422,83.80219,84.08,86.08135
2022-01-23 10:05:22.001945,84.31831,84.90575,86.08135
2022-01-23 10:05:22.509401,84.1636,84.54425,85.57051
2022-01-23 10:05:23.007899,83.7502,84.28675,85.57051
2022-01-23 10:05:23.504339,84.62773,85.0605,86.74864
2022-01-23 10:05:24.002772,83.39003,83.97725,86.74864
2022-01-23 10:05:24.509113,84.31831,84.699,85.17843
2022-01-23 10:05:25.009513,84.11161,84.184,85.17843
2022-01-23 10:05:25.507254,84.11161,84.59625,85.84572
2022-01-23 10:05:26.006180,83.64747,83.8745,85.84572
2022-01-23 10:05:26.501748,84.21434,84.64825,85.41406
2022-01-23 10:05:27.504382,84.1636,84.59625,85.68833
2022-01-23 10:05:28.004177,84.21434,84.751,85.68833
2022-01-23 10:05:28.510523,83.7502,84.132,85.68833
2022-01-23 10:05:29.009555,84.31831,84.803,85.68833
2022-01-23 10:05:29.504627,84.05963,84.184,85.7675
2022-01-23 10:05:30.003350,84.00888,84.54425,85.7675
2022-01-23 10:05:30.510219,83.80219,84.33875,85.72791
2022-01-23 10:05:31.008781,84.05963,84.33875,85.72791
2022-01-23 10:05:31.504598,83.9569,84.23475,86.08135
2022-01-23 10:05:32.003224,84.11161,84.699,86.08135
2022-01-23 10:05:32.509879,84.57575,85.0085,86.04176
2022-01-23 10:05:33.008183,83.85417,84.184,86.04176
2022-01-23 10:05:33.503430,84.1636,84.59625,85.4527
2022-01-23 10:05:34.001842,83.80219,84.08,85.4527
2022-01-23 10:05:34.510324,84.57575,85.0085,85.09926
2022-01-23 10:05:35.007075,83.7502,84.184,85.09926
2022-01-23 10:05:35.502915,83.59549,84.132,85.64968
2022-01-23 10:05:36.001139,84.47302,84.803,85.64968
2022-01-23 10:05:36.507474,84.47302,84.803,86.51301
2022-01-23 10:05:37.005096,84.00888,84.4415,86.51301
2022-01-23 10:05:37.510366,84.21434,84.59625,85.64968
2022-01-23 10:05:38.008583,83.7502,84.132,85.64968
2022-01-23 10:05:38.505652,84.57575,85.0605,84.98145
2022-01-23 10:05:39.007509,83.64747,84.28675,84.98145
2022-01-23 10:05:39.503479,83.80219,84.33875,86.63083
2022-01-23 10:05:40.001928,84.57575,84.59625,86.63083
2022-01-23 10:05:40.507473,84.26632,84.4415,85.68833
2022-01-23 10:05:41.006916,84.05963,84.28675,85.68833
2022-01-23 10:05:41.502475,83.9569,84.3895,85.25666
2022-01-23 10:05:42.504722,83.85417,84.59625,86.12093
2022-01-23 10:05:43.003961,84.05963,84.699,86.12093
2022-01-23 10:05:43.510754,83.80219,84.23475,86.23875
2022-01-23 10:05:44.009125,84.26632,84.59625,86.23875
2022-01-23 10:05:44.505057,84.52377,84.751,85.21708
2022-01-23 10:05:45.004037,83.85417,84.132,85.21708
2022-01-23 10:05:45.509825,84.36905,84.751,85.96354
2022-01-23 10:05:46.009101,83.39003,83.92525,85.96354
2022-01-23 10:05:46.505443,84.00888,84.54425,85.57051
2022-01-23 10:05:47.003611,84.11161,84.4935,85.57051
2022-01-23 10:05:47.507993,84.00888,84.28675,86.27739
2022-01-23 10:05:48.007094,84.47302,84.803,86.27739
2022-01-23 10:05:48.504436,83.7502,84.28675,86.59218
2022-01-23 10:05:49.002606,84.31831,84.59625,86.59218
2022-01-23 10:05:49.509413,84.00888,84.23475,86.00312
2022-01-23 10:05:50.006687,83.9569,84.59625,86.00312
2022-01-23 10:05:50.503048,83.18334,83.97725,85.49229
2022-01-23 10:05:51.002185,84.83319,84.95775,85.49229
2022-01-23 10:05:51.509086,83.69946,83.8225,85.49229
2022-01-23 10:05:52.006733,84.47302,84.90575,85.49229
2022-01-23 10:05:52.502179,84.00888,84.4935,86.27739
2022-01-23 10:05:53.010895,84.11161,84.54425,86.27739
2022-01-23 10:05:53.508115,83.90492,84.28675,85.53187
2022-01-23 10:05:54.006771,83.64747,84.28675,85.53187
2022-01-23 10:05:54.503541,84.1636,84.54425,85.41406
2022-01-23 10:05:55.002993,84.52377,84.699,85.41406
2022-01-23 10:05:55.508548,84.11161,84.33875,85.68833
2022-01-23 10:05:56.006577,84.00888,84.184,85.68833
2022-01-23 10:05:56.502226,84.1636,84.4415,85.49229
2022-01-23 10:05:57.010974,84.36905,84.85375,85.49229
2022-01-23 10:05:57.507771,83.39003,84.132,85.72791
2022-01-23 10:05:58.006099,84.31831,84.803,85.72791
2022-01-23 10:05:58.501888,83.9569,84.132,85.29625
2022-01-23 10:05:59.010317,84.83319,85.16325,85.29625
2022-01-23 10:05:59.506340,83.7502,84.28675,86.23875
2022-01-23 10:06:00.006099,83.9569,84.08,86.23875
2022-01-23 10:06:00.501535,84.42104,84.751,85.88531
2022-01-23 10:06:01.009731,83.9569,84.4415,85.88531
2022-01-23 10:06:01.505761,83.90492,84.4415,86.59218
2022-01-23 10:06:02.005543,84.11161,84.4415,86.59218
2022-01-23 10:06:02.508771,83.9569,84.132,85.80614
2022-01-23 10:06:03.009410,84.52377,84.803,85.80614
2022-01-23 10:06:03.502824,83.9569,84.4415,85.09926
2022-01-23 10:06:04.002058,83.64747,84.28675,85.09926
2022-01-23 10:06:04.507644,84.26632,84.4935,85.53187
2022-01-23 10:06:05.006292,84.21434,84.64825,85.53187
2022-01-23 10:06:05.510954,84.11161,84.64825,85.80614
2022-01-23 10:06:06.010387,83.7502,84.02925,85.80614
2022-01-23 10:06:06.508439,84.36905,84.699,85.09926
2022-01-23 10:06:07.007566,83.39003,83.565,85.09926
2022-01-23 10:06:07.502629,84.57575,84.95775,85.92395
2022-01-23 10:06:08.010102,83.33805,83.8225,85.92395
2022-01-23 10:06:08.506546,84.26632,84.85375,85.6101
2022-01-23 10:06:09.003739,83.7502,84.23475,85.6101
2022-01-23 10:06:09.501276,84.26632,84.54425,86.19916
2022-01-23 10:06:10.010292,84.31831,84.4935,86.19916
2022-01-23 10:06:10.506048,83.9569,84.3895,85.80614
2022-01-23 10:06:11.002029,84.11161,84.4935,85.80614
2022-01-23 10:06:11.508065,84.05963,84.28675,85.64968
2022-01-23 10:06:12.007221,83.85417,84.54425,85.64968
2022-01-23 10:06:12.502677,83.64747,84.28675,85.57051
2022-01-23 10:06:13.010754,84.26632,84.59625,85.57051
2022-01-23 10:06:13.506448,84.26632,84.28675,85.64968
2022-01-23 10:06:14.005180,84.42104,84.54425,85.64968
2022-01-23 10:06:14.510926,84.00888,84.28675,85.37447
2022-01-23 10:06:15.009713,83.85417,84.33875,85.37447
2022-01-23 10:06:15.507735,84.62773,85.21525,86.04176
2022-01-23 10:06:16.006106,83.28607,83.7705,86.04176
2022-01-23 10:06:16.502124,84.42104,84.90575,85.49229
2022-01-23 10:06:17.010149,83.49276,83.97725,85.49229
2022-01-23 10:06:17.505919,84.62773,85.0605,86.23875
2022-01-23 10:06:18.004863,84.05963,84.28675,86.23875
2022-01-23 10:06:18.501520,83.80219,84.184,85.4527
2022-01-23 10:06:19.010405,84.21434,84.59625,85.4527
2022-01-23 10:06:19.506942,83.7502,84.33875,86.08135
2022-01-23 10:06:20.005553,84.21434,84.699,86.08135
2022-01-23 10:06:21.005022,84.52377,84.64825,85.84572
2022-01-23 10:06:21.510227,84.21434,84.3895,85.41406
2022-01-23 10:06:22.008468,84.36905,84.751,85.41406
2022-01-23 10:06:22.502485,83.80219,84.23475,85.4527
2022-01-23 10:06:23.001782,84.00888,84.4415,85.4527
2022-01-23 10:06:23.509013,84.42104,84.95775,85.80614
2022-01-23 10:06:24.007346,83.18334,83.92525,85.80614
2022-01-23 10:06:24.504764,84.52377,84.64825,85.41406
2022-01-23 10:06:25.002713,84.31831,84.4935,85.41406
2022-01-23 10:06:25.508567,84.05963,84.33875,86.12093
2022-01-23 10:06:26.006805,84.36905,84.751,86.12093
2022-01-23 10:06:26.501112,83.59549,83.97725,85.88531
2022-01-23 10:06:27.010211,84.1636,84.54425,85.88531
2022-01-23 10:06:27.506747,83.85417,84.54425,85.6101
2022-01-23 10:06:28.006223,84.00888,84.23475,85.6101
2022-01-23 10:06:28.503406,84.31831,84.4935,86.00312
2022-01-23 10:06:29.002825,84.05963,84.08,86.00312
2022-01-23 10:06:29.509133,84.26632,84.751,85.4527
2022-01-23 10:06:30.006317,84.05963,84.59625,85.4527
2022-01-23 10:06:30.501144,84.05963,84.4935,85.57051
2022-01-23 10:06:31.009740,83.85417,84.3895,85.57051
2022-01-23 10:06:31.503564,83.80219,84.23475,85.72791
2022-01-23 10:06:32.003367,84.31831,84.85375,85.72791
2022-01-23 10:06:32.508585,83.64747,84.08,85.96354
2022-01-23 10:06:33.007226,84.52377,84.803,85.96354
2022-01-23 10:06:33.504440,83.80219,84.08,86.12093
2022-01-23 10:06:34.009894,84.57575,84.95775,86.12093
2022-01-23 10:06:34.506195,83.9569,84.08,85.7675
2022-01-23 10:06:35.004724,83.80219,84.23475,85.7675
2022-01-23 10:06:35.510723,83.9569,84.33875,85.72791
2022-01-23 10:06:36.009776,84.42104,84.64825,85.72791
2022-01-23 10:06:36.508034,83.9569,84.33875,85.84572
2022-01-23 10:06:37.006527,84.00888,84.3895,85.84572
2022-01-23 10:06:37.503351,83.85417,84.3895,85.57051
2022-01-23 10:06:38.002838,83.9569,84.33875,85.57051
2022-01-23 10:06:38.508912,84.9879,85.26725,85.17843
2022-01-23 10:06:39.007988,82.9259,83.71975,85.17843
2022-01-23 10:06:39.503839,84.21434,84.4415,85.64968
2022-01-23 10:06:40.002600,84.57575,84.751,85.64968
2022-01-23 10:06:40.509123,84.00888,84.33875,85.64968
2022-01-23 10:06:41.007051,84.36905,84.85375,85.64968
2022-01-23 10:06:41.502356,83.33805,83.7705,86.15958
2022-01-23 10:06:42.002153,84.73046,84.95775,86.15958
2022-01-23 10:06:42.506738,83.80219,84.28675,85.92395
2022-01-23 10:06:43.006034,84.1636,84.4415,85.92395
2022-01-23 10:06:43.502556,83.69946,83.92525,86.08135
2022-01-23 10:06:44.010250,84.26632,84.4935,86.08135
2022-01-23 10:06:44.505445,84.21434,84.59625,86.31697
2022-01-23 10:06:45.003397,83.90492,84.28675,86.31697
2022-01-23 10:06:45.508538,84.42104,84.699,85.84572
2022-01-23 10:06:46.005908,83.28607,83.92525,85.84572
2022-01-23 10:06:46.503170,84.73046,84.85375,85.4527
2022-01-23 10:06:47.002038,83.7502,84.08,85.4527
2022-01-23 10:06:47.507261,84.26632,84.64825,85.80614
2022-01-23 10:06:48.005825,83.9569,84.4935,85.80614
2022-01-23 10:06:48.502325,83.69946,84.184,85.7675
2022-01-23 10:06:49.009910,84.31831,84.64825,85.7675
2022-01-23 10:06:49.506478,84.05963,84.3895,85.92395
2022-01-23 10:06:50.004399,84.00888,84.4935,85.92395
2022-01-23 10:06:50.511058,83.80219,84.3895,85.17843
2022-01-23 10:06:51.009050,84.1636,84.4415,85.17843
2022-01-23 10:06:51.505123,84.05963,84.4415,86.04176
2022-01-23 10:06:52.002846,83.9569,84.4415,86.04176
2022-01-23 10:06:52.509039,84.11161,84.4935,85.88531
2022-01-23 10:06:53.007345,83.7502,84.23475,85.88531
2022-01-23 10:06:53.502734,84.05963,84.23475,86.71
2022-01-23 10:06:54.002006,84.05963,84.699,86.71
2022-01-23 10:06:54.507203,84.11161,84.23475,85.02104
2022-01-23 10:06:55.006096,84.42104,84.699,85.02104
2022-01-23 10:06:55.502452,83.9569,84.33875,85.84572
2022-01-23 10:06:56.001680,84.11161,84.23475,85.84572
2022-01-23 10:06:56.507630,84.31831,84.803,85.64968
2022-01-23 10:06:57.006616,83.90492,84.3895,85.64968
2022-01-23 10:06:57.501861,83.54475,84.08,86.04176
2022-01-23 10:06:58.001697,84.1636,84.4415,86.04176
2022-01-23 10:06:58.507717,84.67848,85.0605,85.6101
2022-01-23 10:06:59.005674,84.36905,84.751,85.6101
2022-01-23 10:06:59.510753,83.7502,84.08,85.09926
2022-01-23 10:07:00.009467,84.11161,84.33875,85.09926
2022-01-23 10:07:00.504177,84.31831,84.699,86.47437
2022-01-23 10:07:01.001662,83.59549,84.4935,86.47437
2022-01-23 10:07:01.507634,84.05963,84.28675,85.64968
2022-01-23 10:07:02.006408,83.7502,84.28675,85.64968
2022-01-23 10:07:02.502457,84.31831,84.4935,85.09926
2022-01-23 10:07:03.010934,84.73046,85.0605,85.09926
2022-01-23 10:07:03.506210,83.44078,83.92525,85.7675
2022-01-23 10:07:04.004521,84.42104,84.59625,85.7675
2022-01-23 10:07:04.502675,83.7502,84.132,86.35656
2022-01-23 10:07:05.001661,84.47302,84.90575,86.35656
2022-01-23 10:07:05.507381,83.59549,84.184,85.37447
2022-01-23 10:07:06.005948,84.1636,84.4935,85.37447
2022-01-23 10:07:06.502479,84.52377,84.699,86.15958
2022-01-23 10:07:07.010781,84.05963,84.4415,86.15958
2022-01-23 10:07:07.508444,84.42104,84.85375,85.4527
2022-01-23 10:07:08.006755,83.59549,84.184,85.4527
2022-01-23 10:07:08.502198,84.11161,84.59625,86.3952
2022-01-23 10:07:09.010594,83.59549,84.28675,86.3952
2022-01-23 10:07:09.505745,84.57575,84.803,85.72791
2022-01-23 10:07:10.002853,83.80219,84.184,85.72791
2022-01-23 10:07:10.501133,83.9569,84.33875,85.53187
2022-01-23 10:07:11.005715,84.21434,84.4415,85.53187
2022-01-23 10:07:11.502107,83.90492,84.23475,85.68833
2022-01-23 10:07:12.000985,84.1636,84.132,85.68833
2022-01-23 10:07:12.505809,83.39003,84.02925,232.12926
2022-01-23 10:07:13.003615,83.80219,84.08,232.12926
2022-01-23 10:07:13.508632,84.1636,84.33875,218.77781
2022-01-23 10:07:14.006735,84.1636,84.4415,218.77781
2022-01-23 10:07:14.501854,84.21434,84.4415,165.09395
2022-01-23 10:07:15.011178,83.90492,84.3895,165.09395
2022-01-23 10:07:15.508088,84.26632,84.3895,101.27916
2022-01-23 10:07:16.006597,83.33805,83.8745,101.27916
2022-01-23 10:07:16.502639,84.62773,84.803,92.12937
2022-01-23 10:07:17.505037,84.31831,84.4415,89.69395
2022-01-23 10:07:18.003120,83.44078,83.61575,89.69395
2022-01-23 10:07:18.509402,84.78245,85.16325,86.5526
2022-01-23 10:07:19.006878,84.1636,84.3895,86.5526
2022-01-23 10:07:19.501065,84.21434,84.64825,86.71
2022-01-23 10:07:20.010222,83.80219,83.97725,86.71
2022-01-23 10:07:20.506524,84.11161,84.59625,85.96354
2022-01-23 10:07:21.005469,84.21434,84.54425,85.96354
2022-01-23 10:07:21.501169,83.9569,84.28675,86.63083
2022-01-23 10:07:22.007938,84.21434,84.64825,86.63083
2022-01-23 10:07:22.505533,83.7502,83.97725,86.78822
2022-01-23 10:07:23.003217,84.47302,84.90575,86.78822
2022-01-23 10:07:23.509264,83.90492,84.4935,86.78822
2022-01-23 10:07:24.006980,83.54475,84.23475,86.78822
2022-01-23 10:07:24.504190,84.52377,84.751,86.71
2022-01-23 10:07:25.002099,84.00888,84.28675,86.71
2022-01-23 10:07:25.508218,84.11161,84.64825,85.4527
2022-01-23 10:07:26.006428,83.9569,84.28675,85.4527
2022-01-23 10:07:26.501917,84.1636,84.699,85.29625
2022-01-23 10:07:27.010366,84.11161,84.4935,85.29625
2022-01-23 10:07:27.506845,83.85417,84.85375,85.64968
2022-01-23 10:07:28.005416,84.11161,84.54425,85.64968
2022-01-23 10:07:28.503843,84.1636,84.3895,85.49229
2022-01-23 10:07:29.002920,84.05963,84.3895,85.49229
2022-01-23 10:07:29.509808,84.57575,84.803,85.68833
2022-01-23 10:07:30.008616,83.80219,84.23475,85.68833
2022-01-23 10:07:30.503714,84.11161,84.4415,85.49229
2022-01-23 10:07:31.001817,83.64747,84.3895,85.49229
2022-01-23 10:07:31.508173,84.36905,84.751,85.80614
2022-01-23 10:07:32.006639,84.57575,84.85375,85.80614
2022-01-23 10:07:32.501712,83.85417,84.132,85.68833
2022-01-23 10:07:33.010886,84.31831,84.64825,85.68833
2022-01-23 10:07:33.506678,83.85417,84.4415,85.88531
2022-01-23 10:07:34.004742,84.47302,84.803,85.88531
2022-01-23 10:07:34.507967,83.39003,84.02925,85.6101
2022-01-23 10:07:35.005771,84.1636,84.54425,85.6101
2022-01-23 10:07:35.511307,83.9569,84.4415,85.64968
2022-01-23 10:07:36.008886,84.52377,84.751,85.64968
2022-01-23 10:07:36.503944,84.05963,84.184,85.6101
2022-01-23 10:07:37.001946,83.85417,84.4415,85.6101
2022-01-23 10:07:37.502396,84.26632,84.4935,86.12093
2022-01-23 10:07:38.009994,84.11161,84.699,86.12093
2022-01-23 10:07:38.506208,84.05963,84.3895,86.23875
2022-01-23 10:07:39.005217,83.54475,84.28675,86.23875
2022-01-23 10:07:39.509625,84.36905,84.4935,85.57051
2022-01-23 10:07:40.007975,84.52377,84.751,85.57051
2022-01-23 10:07:40.502232,83.9569,84.33875,86.51301
2022-01-23 10:07:41.002479,83.80219,83.97725,86.51301
2022-01-23 10:07:41.508636,83.90492,84.64825,85.84572
2022-01-23 10:07:42.008142,83.90492,84.184,85.84572
2022-01-23 10:07:42.505066,83.90492,84.699,85.80614
2022-01-23 10:07:43.003989,84.21434,84.4415,85.80614
2022-01-23 10:07:43.510478,84.00888,84.23475,85.25666
2022-01-23 10:07:44.008949,84.57575,85.0605,85.25666
2022-01-23 10:07:44.503783,83.85417,84.02925,85.92395
2022-01-23 10:07:45.001614,84.42104,84.803,85.92395
2022-01-23 10:07:45.507111,83.69946,84.08,86.23875
2022-01-23 10:07:46.006253,83.59549,84.3895,86.23875
2022-01-23 10:07:46.503654,84.36905,84.59625,84.94281
2022-01-23 10:07:47.001441,84.05963,84.4415,84.94281
2022-01-23 10:07:47.507776,84.31831,84.803,86.00312
2022-01-23 10:07:48.006640,84.1636,84.4935,86.00312
2022-01-23 10:07:48.502841,83.85417,84.28675,86.27739
2022-01-23 10:07:49.001646,84.21434,84.54425,86.27739
2022-01-23 10:07:49.507241,84.05963,84.85375,85.53187
2022-01-23 10:07:50.006280,83.7502,84.132,85.53187
2022-01-23 10:07:50.502287,84.05963,84.33875,86.08135
2022-01-23 10:07:51.003288,84.11161,84.33875,86.08135
2022-01-23 10:07:51.509017,84.42104,84.54425,86.43479
2022-01-23 10:07:52.007329,83.7502,84.33875,86.43479
2022-01-23 10:07:52.502760,84.36905,84.59625,85.13885
2022-01-23 10:07:53.001493,83.64747,84.184,85.13885
2022-01-23 10:07:53.507369,84.00888,84.33875,85.68833
2022-01-23 10:07:54.007293,84.42104,84.95775,85.68833
2022-01-23 10:07:54.503122,83.59549,83.8225,85.33489
2022-01-23 10:07:55.001227,84.31831,84.54425,85.33489
2022-01-23 10:07:55.505484,83.69946,84.132,85.37447
2022-01-23 10:07:56.005102,84.42104,84.90575,85.37447
2022-01-23 10:07:56.502814,83.85417,84.4415,86.63083
2022-01-23 10:07:57.001444,83.90492,84.3895,86.63083
2022-01-23 10:07:57.506113,83.85417,84.3895,85.49229
2022-01-23 10:07:58.003453,84.21434,84.54425,85.49229
2022-01-23 10:07:58.507618,84.52377,84.751,85.68833
2022-01-23 10:07:59.005917,83.59549,84.02925,85.68833
2022-01-23 10:07:59.503623,84.26632,84.4415,85.6101
2022-01-23 10:08:00.003007,83.80219,84.33875,85.6101
2022-01-23 10:08:00.509380,84.88517,85.1125,85.84572
2022-01-23 10:08:01.009070,83.23532,83.97725,85.84572
2022-01-23 10:08:01.505076,84.00888,84.23475,85.84572
2022-01-23 10:08:02.003003,84.31831,84.54425,85.84572
2022-01-23 10:08:02.511080,84.1636,84.4935,86.19916
2022-01-23 10:08:03.007804,84.31831,84.59625,86.19916
2022-01-23 10:08:03.503842,83.64747,84.28675,86.08135
2022-01-23 10:08:04.002566,83.90492,84.33875,86.08135
2022-01-23 10:08:04.507911,84.36905,84.95775,86.04176
2022-01-23 10:08:05.006548,84.31831,84.59625,86.04176
2022-01-23 10:08:05.504669,83.69946,83.92525,86.47437
2022-01-23 10:08:06.002872,84.36905,84.803,86.47437
2022-01-23 10:08:06.509080,84.00888,84.23475,85.17843
2022-01-23 10:08:07.007620,84.11161,84.803,85.17843
2022-01-23 10:08:07.502910,84.31831,84.64825,85.68833
2022-01-23 10:08:08.011063,83.59549,84.132,85.68833
2022-01-23 10:08:08.506300,84.42104,84.751,85.25666
2022-01-23 10:08:09.006325,83.59549,84.02925,85.25666
2022-01-23 10:08:09.502871,84.88517,85.0605,85.92395
2022-01-23 10:08:10.002043,83.69946,83.8745,85.92395
2022-01-23 10:08:10.509095,83.90492,84.33875,85.57051
2022-01-23 10:08:11.004404,84.1636,84.59625,85.57051
2022-01-23 10:08:11.510380,83.85417,84.4415,85.33489
2022-01-23 10:08:12.007969,84.11161,84.4935,85.33489
2022-01-23 10:08:12.501747,83.54475,84.184,85.80614
2022-01-23 10:08:13.010380,84.05963,84.33875,85.80614
2022-01-23 10:08:13.505135,84.42104,84.59625,85.72791
2022-01-23 10:08:14.004496,84.26632,84.699,85.72791
2022-01-23 10:08:14.511135,83.85417,84.33875,85.49229
2022-01-23 10:08:15.008873,83.85417,84.3895,85.49229
2022-01-23 10:08:15.503641,84.05963,84.23475,85.68833
2022-01-23 10:08:16.002666,83.90492,84.59625,85.68833
2022-01-23 10:08:16.509427,84.11161,84.64825,86.31697
2022-01-23 10:08:17.008709,84.26632,84.54425,86.31697
2022-01-23 10:08:17.505852,83.9569,84.132,85.4527
2022-01-23 10:08:18.004766,84.05963,84.23475,85.4527
2022-01-23 10:08:18.510117,84.26632,84.803,85.53187
2022-01-23 10:08:19.009917,84.21434,84.59625,85.53187
2022-01-23 10:08:19.505875,83.64747,84.184,85.41406
2022-01-23 10:08:20.005416,84.11161,84.3895,85.41406
2022-01-23 10:08:20.501656,84.52377,84.59625,85.41406
2022-01-23 10:08:21.010031,84.11161,84.59625,85.41406
2022-01-23 10:08:21.506343,84.1636,84.23475,86.04176
2022-01-23 10:08:22.005368,83.7502,84.28675,86.04176
2022-01-23 10:08:22.510764,84.21434,84.54425,85.37447
2022-01-23 10:08:23.008904,83.90492,84.4935,85.37447
2022-01-23 10:08:23.505033,84.26632,84.803,85.37447
2022-01-23 10:08:24.002788,83.64747,83.97725,85.37447
2022-01-23 10:08:24.508416,84.57575,84.803,86.31697
2022-01-23 10:08:25.006634,84.67848,84.699,86.31697
2022-01-23 10:08:25.502760,83.59549,84.132,85.88531
2022-01-23 10:08:26.001558,84.21434,84.4935,85.88531
2022-01-23 10:08:26.507320,83.49276,83.8745,85.88531
2022-01-23 10:08:27.005800,84.47302,84.95775,85.88531
2022-01-23 10:08:27.510422,83.64747,84.132,86.86645
2022-01-23 10:08:28.009351,84.26632,84.803,86.86645
2022-01-23 10:08:28.505128,83.85417,83.7705,85.33489
2022-01-23 10:08:29.004307,84.52377,85.16325,85.33489
2022-01-23 10:08:29.509647,84.21434,84.54425,85.72791
2022-01-23 10:08:30.008119,83.85417,84.23475,85.72791
2022-01-23 10:08:30.502914,84.1636,84.54425,85.6101
2022-01-23 10:08:31.001117,83.13135,83.8225,85.6101
2022-01-23 10:08:31.506876,84.88517,85.21525,85.7675
2022-01-23 10:08:32.004696,83.7502,84.02925,85.7675
2022-01-23 10:08:32.501551,84.21434,84.751,86.00312
2022-01-23 10:08:33.009801,84.1636,84.33875,86.00312
2022-01-23 10:08:33.505139,83.85417,84.28675,85.6101
2022-01-23 10:08:34.001826,84.62773,84.85375,85.6101
2022-01-23 10:08:34.507201,83.39003,83.92525,85.57051
2022-01-23 10:08:35.006079,84.05963,84.3895,85.57051
2022-01-23 10:08:35.501896,83.9569,84.184,85.7675
2022-01-23 10:08:36.009443,84.1636,84.699,85.7675
2022-01-23 10:08:36.504864,83.69946,83.97725,85.49229
2022-01-23 10:08:37.004551,84.1636,84.803,85.49229
2022-01-23 10:08:37.501257,83.90492,84.23475,85.96354
2022-01-23 10:08:38.009567,84.05963,84.4935,85.96354
2022-01-23 10:08:38.504879,84.05963,84.33875,85.72791
2022-01-23 10:08:39.001409,83.59549,83.92525,85.72791
2022-01-23 10:08:39.506559,84.31831,84.803,86.04176
2022-01-23 10:08:40.004060,84.11161,84.3895,86.04176
2022-01-23 10:08:40.510012,84.26632,84.64825,85.41406
2022-01-23 10:08:41.006699,83.9569,84.23475,85.41406
2022-01-23 10:08:41.502957,84.21434,84.803,85.64968
2022-01-23 10:08:42.010959,83.49276,83.8745,85.64968
2022-01-23 10:08:42.506015,84.00888,84.4935,85.37447
2022-01-23 10:08:43.003799,84.00888,84.4415,85.37447
2022-01-23 10:08:43.508586,84.21434,84.54425,86.35656
2022-01-23 10:08:44.006993,84.21434,84.64825,86.35656
2022-01-23 10:08:44.502913,84.05963,84.184,85.57051
2022-01-23 10:08:45.001688,84.57575,84.85375,85.57051
2022-01-23 10:08:45.507478,84.00888,84.4415,85.6101
2022-01-23 10:08:46.007962,83.54475,84.02925,85.6101
2022-01-23 10:08:46.502158,84.62773,84.95775,85.53187
2022-01-23 10:08:47.011134,84.00888,84.132,85.53187
2022-01-23 10:08:47.507045,84.21434,84.803,86.08135
2022-01-23 10:08:48.005491,84.1636,84.54425,86.08135
2022-01-23 10:08:48.501664,83.85417,84.28675,85.06062
2022-01-23 10:08:49.001066,84.52377,84.90575,85.06062
2022-01-23 10:08:49.505754,83.7502,84.184,86.47437
2022-01-23 10:08:50.004095,84.00888,84.54425,86.47437
2022-01-23 10:08:50.511385,84.11161,84.28675,85.64968
2022-01-23 10:08:51.010287,84.21434,84.59625,85.64968
2022-01-23 10:08:51.506166,84.1636,84.28675,85.64968
2022-01-23 10:08:52.003798,83.80219,84.33875,85.64968
2022-01-23 10:08:52.510060,84.21434,84.699,85.25666
2022-01-23 10:08:53.007930,83.44078,83.7705,85.25666
2022-01-23 10:08:53.502402,84.73046,85.26725,85.49229
2022-01-23 10:08:54.010432,83.80219,84.28675,85.49229
2022-01-23 10:08:54.506392,84.31831,84.4935,86.3952
2022-01-23 10:08:55.005658,84.31831,84.54425,86.3952
2022-01-23 10:08:55.510862,83.64747,84.132,85.92395
2022-01-23 10:08:56.009007,84.57575,84.803,85.92395
2022-01-23 10:08:56.503846,83.18334,83.565,85.4527
2022-01-23 10:08:57.001682,84.11161,84.4935,85.4527
2022-01-23 10:08:57.508488,83.85417,84.4415,85.13885
2022-01-23 10:08:58.006435,84.57575,85.0605,85.13885
2022-01-23 10:08:58.502618,83.85417,83.97725,85.96354
2022-01-23 10:08:59.010491,84.1636,84.4415,85.96354
2022-01-23 10:08:59.507968,83.7502,84.08,86.15958
2022-01-23 10:09:00.005483,84.62773,85.0085,86.15958
2022-01-23 10:09:00.510121,83.85417,84.23475,86.23875
2022-01-23 10:09:01.008239,83.39003,83.8225,86.23875
2022-01-23 10:09:01.505070,84.42104,84.803,85.68833
2022-01-23 10:09:02.003541,83.90492,84.02925,85.68833
2022-01-23 10:09:02.508154,84.52377,84.85375,85.37447
2022-01-23 10:09:03.006894,84.05963,84.4415,85.37447
2022-01-23 10:09:03.501711,83.85417,84.02925,85.68833
2022-01-23 10:09:04.001079,84.36905,84.64825,85.68833
2022-01-23 10:09:04.505973,83.69946,84.4935,85.41406
2022-01-23 10:09:05.003530,84.26632,84.59625,85.41406
2022-01-23 10:09:05.509971,84.05963,84.184,86.31697
2022-01-23 10:09:06.006963,84.31831,84.59625,86.31697
2022-01-23 10:09:06.502310,84.05963,84.3895,86.04176
2022-01-23 10:09:07.010911,84.42104,84.803,86.04176
2022-01-23 10:09:07.508307,83.59549,83.8745,85.6101
2022-01-23 10:09:08.007326,84.21434,84.699,85.6101
2022-01-23 10:09:08.504308,83.80219,84.3895,86.86645
2022-01-23 10:09:09.002889,84.11161,84.4415,86.86645
2022-01-23 10:09:09.508878,84.62773,84.803,86.67041
2022-01-23 10:09:10.006958,83.59549,84.02925,86.67041
2022-01-23 10:09:10.502128,84.11161,84.54425,85.57051
2022-01-23 10:09:11.005392,84.42104,84.59625,85.57051
2022-01-23 10:09:11.502789,83.90492,84.08,85.6101
2022-01-23 10:09:12.001559,83.90492,84.59625,85.6101
2022-01-23 10:09:12.509700,83.69946,84.08,85.53187
2022-01-23 10:09:13.007288,84.21434,84.4935,85.53187
2022-01-23 10:09:13.502770,84.31831,84.54425,86.12093
2022-01-23 10:09:14.010279,83.80219,84.184,86.12093
2022-01-23 10:09:14.505070,84.26632,84.64825,85.84572
2022-01-23 10:09:15.004570,83.59549,83.92525,85.84572
2022-01-23 10:09:15.510702,84.52377,85.0085,85.72791
2022-01-23 10:09:16.007346,83.59549,83.97725,85.72791
2022-01-23 10:09:16.505488,84.21434,84.54425,85.17843
2022-01-23 10:09:17.003163,83.90492,84.08,85.17843
2022-01-23 10:09:17.508624,83.85417,84.184,85.6101
2022-01-23 10:09:18.007828,84.62773,85.0605,85.6101
2022-01-23 10:09:18.504209,83.7502,84.02925,86.00312
2022-01-23 10:09:19.002749,84.21434,84.54425,86.00312
2022-01-23 10:09:19.508735,83.69946,84.23475,85.6101
2022-01-23 10:09:20.006192,84.00888,84.4415,85.6101
2022-01-23 10:09:20.502707,84.73046,84.95775,86.00312
2022-01-23 10:09:21.002542,83.44078,83.8745,86.00312
2022-01-23 10:09:21.507739,84.11161,84.28675,85.57051
2022-01-23 10:09:22.004786,84.21434,84.4415,85.57051
2022-01-23 10:09:22.510191,84.42104,84.751,85.21708
2022-01-23 10:09:23.008553,83.69946,84.33875,85.21708
2022-01-23 10:09:23.505045,84.05963,84.28675,85.88531
2022-01-23 10:09:24.003086,83.7502,83.8745,85.88531
2022-01-23 10:09:24.508080,85.09187,85.422,85.84572
2022-01-23 10:09:25.007568,84.00888,84.28675,85.84572
2022-01-23 10:09:25.504517,83.7502,84.132,86.31697
2022-01-23 10:09:26.002978,84.21434,84.54425,86.31697
2022-01-23 10:09:26.509953,83.49276,84.132,85.64968
2022-01-23 10:09:27.008169,84.78245,85.26725,85.64968
2022-01-23 10:09:27.505417,83.69946,84.184,85.72791
2022-01-23 10:09:28.003110,84.11161,84.3895,85.72791
2022-01-23 10:09:28.509207,84.1636,84.4415,86.43479
2022-01-23 10:09:29.007438,84.21434,84.751,86.43479
2022-01-23 10:09:29.503318,84.11161,84.33875,86.59218
2022-01-23 10:09:30.010650,83.85417,84.23475,86.59218
2022-01-23 10:09:30.507738,83.80219,84.33875,85.6101
2022-01-23 10:09:31.006982,83.90492,84.4415,85.6101
2022-01-23 10:09:31.503441,84.42104,84.59625,85.7675
2022-01-23 10:09:32.001754,83.9569,84.184,85.7675
2022-01-23 10:09:32.507920,84.05963,84.23475,85.21708
2022-01-23 10:09:33.006848,84.1636,84.59625,85.21708
2022-01-23 10:09:33.504423,83.85417,84.184,85.53187
2022-01-23 10:09:34.002905,84.00888,84.4415,85.53187
2022-01-23 10:09:34.501120,82.97664,83.565,88.20197
2022-01-23 10:09:35.007951,84.67848,84.751,88.20197
2022-01-23 10:09:35.504506,83.80219,83.8225,240.76916
2022-01-23 10:09:36.002847,84.83319,84.95775,240.76916
2022-01-23 10:09:36.509055,83.13135,83.35825,215.91072
2022-01-23 10:09:37.006840,84.36905,84.54425,215.91072
2022-01-23 10:09:37.501617,83.44078,83.8745,132.61729
2022-01-23 10:09:38.010075,84.00888,84.64825,132.61729
2022-01-23 10:09:38.506285,84.00888,84.23475,91.34333
2022-01-23 10:09:39.004830,84.11161,84.28675,91.34333
2022-01-23 10:09:39.509938,84.05963,84.08,91.61854
2022-01-23 10:09:40.008005,84.1636,84.3895,91.61854
2022-01-23 10:09:40.502467,84.21434,84.4415,87.29906
2022-01-23 10:09:41.010066,84.05963,84.64825,87.29906
2022-01-23 10:09:41.504852,83.49276,83.92525,86.82781
2022-01-23 10:09:42.002535,84.21434,84.59625,86.82781
2022-01-23 10:09:42.508414,84.31831,84.751,86.12093
2022-01-23 10:09:43.007481,84.1636,84.59625,86.12093
2022-01-23 10:09:43.505081,84.83319,85.16325,86.08135
2022-01-23 10:09:44.003095,83.28607,83.61575,86.08135
2022-01-23 10:09:44.509974,84.42104,84.751,85.88531
2022-01-23 10:09:45.007905,84.31831,84.751,85.88531
2022-01-23 10:09:45.502849,83.54475,84.08,86.63083
2022-01-23 10:09:46.002021,83.90492,84.3895,86.63083
2022-01-23 10:09:46.506968,83.90492,84.132,86.63083
2022-01-23 10:09:47.005002,84.78245,85.0085,86.63083
2022-01-23 10:09:47.509801,84.11161,84.3895,86.23875
2022-01-23 10:09:48.007778,84.00888,84.4935,86.23875
2022-01-23 10:09:48.503767,84.00888,84.33875,85.53187
2022-01-23 10:09:49.001570,84.26632,84.85375,85.53187
2022-01-23 10:09:49.507648,83.69946,84.28675,86.00312
2022-01-23 10:09:50.006830,83.90492,84.23475,86.00312
2022-01-23 10:09:50.501449,84.26632,84.4935,86.00312
2022-01-23 10:09:51.009804,84.05963,84.3895,86.00312
2022-01-23 10:09:51.505454,84.26632,84.64825,86.5526
2022-01-23 10:09:52.003471,83.80219,84.23475,86.5526
2022-01-23 10:09:52.501168,84.21434,84.59625,85.57051
2022-01-23 10:09:53.008982,83.44078,83.8745,85.57051
2022-01-23 10:09:53.503662,84.62773,85.16325,85.64968
2022-01-23 10:09:54.001555,83.80219,84.28675,85.64968
2022-01-23 10:09:54.506936,84.47302,84.699,85.13885
2022-01-23 10:09:55.005506,83.80219,84.28675,85.13885
2022-01-23 10:09:55.511227,84.26632,84.751,86.15958
2022-01-23 10:09:56.008381,84.36905,84.751,86.15958
2022-01-23 10:09:56.504477,83.69946,84.184,86.15958
2022-01-23 10:09:57.003227,84.1636,84.54425,86.15958
2022-01-23 10:09:57.508996,84.05963,84.4935,85.4527
2022-01-23 10:09:58.006532,84.00888,84.4415,85.4527
2022-01-23 10:09:58.502506,84.31831,84.59625,86.90604
2022-01-23 10:09:59.011094,83.80219,84.23475,86.90604
2022-01-23 10:09:59.506706,84.36905,84.751,85.72791
2022-01-23 10:10:00.003270,83.85417,84.132,85.72791
2022-01-23 10:10:00.508970,84.21434,84.54425,85.13885
2022-01-23 10:10:01.007241,83.59549,84.02925,85.13885
2022-01-23 10:10:01.505436,84.31831,84.54425,85.4527
2022-01-23 10:10:02.004330,84.1636,84.28675,85.4527
2022-01-23 10:10:02.509560,83.85417,84.184,85.72791
2022-01-23 10:10:03.008345,84.52377,85.0085,85.72791
2022-01-23 10:10:03.503464,83.85417,84.33875,85.57051
2022-01-23 10:10:04.010050,84.36905,84.699,85.57051
2022-01-23 10:10:04.505052,83.80219,84.4935,85.80614
2022-01-23 10:10:05.002734,84.1636,84.33875,85.80614
2022-01-23 10:10:05.510782,84.31831,84.4935,85.4527
2022-01-23 10:10:06.007922,83.49276,83.97725,85.4527
2022-01-23 10:10:06.503088,84.62773,84.95775,86.04176
2022-01-23 10:10:07.010495,83.69946,84.02925,86.04176
2022-01-23 10:10:07.506865,84.31831,84.85375,85.84572
2022-01-23 10:10:08.003978,83.54475,84.33875,85.84572
2022-01-23 10:10:08.509103,84.21434,84.33875,85.37447
2022-01-23 10:10:09.007188,84.83319,84.90575,85.37447
2022-01-23 10:10:09.502375,83.7502,83.97725,85.84572
2022-01-23 10:10:10.001169,84.05963,84.54425,85.84572
2022-01-23 10:10:10.507817,83.80219,84.33875,85.64968
2022-01-23 10:10:11.505817,83.69946,84.23475,85.96354
2022-01-23 10:10:12.003971,84.26632,84.54425,85.96354
2022-01-23 10:10:12.510471,84.11161,84.3895,85.4527
2022-01-23 10:10:13.008669,84.52377,84.803,85.4527
2022-01-23 10:10:13.504069,84.05963,84.3895,85.4527
2022-01-23 10:10:14.003461,84.11161,84.64825,85.4527
2022-01-23 10:10:14.509925,84.05963,84.54425,85.37447
2022-01-23 10:10:15.007809,83.69946,84.184,85.37447
2022-01-23 10:10:15.502873,84.73046,85.16325,85.80614
2022-01-23 10:10:16.010823,83.54475,83.97725,85.80614
2022-01-23 10:10:16.506113,84.57575,84.64825,85.13885
2022-01-23 10:10:17.004488,84.21434,84.4415,85.13885
2022-01-23 10:10:17.509535,83.64747,84.08,86.15958
2022-01-23 10:10:18.008962,84.67848,84.95775,86.15958
2022-01-23 10:10:18.503424,83.7502,84.08,85.80614
2022-01-23 10:10:19.003871,84.42104,84.699,85.80614
2022-01-23 10:10:19.502274,83.49276,84.02925,85.33489
2022-01-23 10:10:20.010637,84.88517,85.0085,85.33489
2022-01-23 10:10:20.506194,83.90492,84.08,85.88531
2022-01-23 10:10:21.004968,83.90492,84.33875,85.88531
2022-01-23 10:10:21.510844,84.11161,84.4935,85.96354
2022-01-23 10:10:22.008551,84.00888,84.4935,85.96354
2022-01-23 10:10:22.504770,84.21434,84.54425,85.06062
2022-01-23 10:10:23.003741,83.44078,84.08,85.06062
2022-01-23 10:10:23.510542,84.52377,84.699,86.67041
2022-01-23 10:10:24.010010,84.05963,84.54425,86.67041
2022-01-23 10:10:24.505089,84.36905,84.699,85.72791
2022-01-23 10:10:25.003876,83.90492,84.23475,85.72791
2022-01-23 10:10:25.509761,84.11161,84.33875,85.6101
2022-01-23 10:10:26.007214,84.00888,84.4935,85.6101
2022-01-23 10:10:26.502369,83.90492,84.64825,86.23875
2022-01-23 10:10:27.010324,84.00888,84.132,86.23875
2022-01-23 10:10:27.506517,84.21434,84.64825,85.6101
2022-01-23 10:10:28.004710,84.05963,84.28675,85.6101
2022-01-23 10:10:28.501296,84.42104,84.95775,84.94281
2022-01-23 10:10:29.010366,84.11161,84.54425,84.94281
2022-01-23 10:10:29.507437,84.42104,84.54425,85.7675
2022-01-23 10:10:30.006760,83.64747,84.28675,85.7675
2022-01-23 10:10:30.501169,83.85417,84.3895,85.72791
2022-01-23 10:10:31.009122,84.26632,84.64825,85.72791
2022-01-23 10:10:31.503824,84.00888,84.33875,85.49229
2022-01-23 10:10:32.002828,83.90492,84.184,85.49229
2022-01-23 10:10:32.509475,84.31831,84.4935,85.4527
2022-01-23 10:10:33.008509,84.1636,84.4415,85.4527
2022-01-23 10:10:33.504229,84.36905,84.699,86.08135
2022-01-23 10:10:34.010888,83.9569,84.28675,86.08135
2022-01-23 10:10:34.505651,83.64747,84.28675,85.96354
2022-01-23 10:10:35.005061,84.36905,84.64825,85.96354
2022-01-23 10:10:35.510661,84.26632,84.64825,85.53187
2022-01-23 10:10:36.010309,83.90492,84.33875,85.53187
2022-01-23 10:10:36.506009,84.11161,84.54425,85.33489
2022-01-23 10:10:37.004553,83.9569,84.33875,85.33489
2022-01-23 10:10:37.502583,84.42104,84.64825,85.88531
2022-01-23 10:10:38.010541,83.64747,84.33875,85.88531
2022-01-23 10:10:38.505295,84.52377,84.90575,85.7675
2022-01-23 10:10:39.002931,83.85417,84.132,85.7675
2022-01-23 10:10:39.507745,84.05963,84.33875,85.41406
2022-01-23 10:10:40.006687,84.42104,84.803,85.41406
2022-01-23 10:10:40.501753,84.11161,84.54425,85.68833
2022-01-23 10:10:41.009744,84.26632,84.59625,85.68833
2022-01-23 10:10:41.504666,83.39003,83.97725,85.41406
2022-01-23 10:10:42.003642,84.67848,84.85375,85.41406
2022-01-23 10:10:42.509175,84.00888,84.4935,85.88531
2022-01-23 10:10:43.007164,84.21434,84.4415,85.88531
2022-01-23 10:10:43.502792,83.9569,84.132,85.68833
2022-01-23 10:10:44.010720,84.11161,84.64825,85.68833
2022-01-23 10:10:44.506568,84.57575,84.803,85.7675
2022-01-23 10:10:45.003991,83.90492,84.54425,85.7675
2022-01-23 10:10:45.510786,83.64747,83.97725,86.71
2022-01-23 10:10:46.009065,84.11161,84.3895,86.71
2022-01-23 10:10:46.504787,84.42104,84.90575,85.57051
2022-01-23 10:10:47.002402,84.05963,84.33875,85.57051
2022-01-23 10:10:47.508237,84.00888,84.4415,86.5526
2022-01-23 10:10:48.006667,84.05963,84.33875,86.5526
2022-01-23 10:10:48.503496,83.9569,84.4415,85.06062
2022-01-23 10:10:49.001997,84.31831,84.803,85.06062
2022-01-23 10:10:49.507524,84.00888,84.64825,85.7675
2022-01-23 10:10:50.005823,84.11161,84.23475,85.7675
2022-01-23 10:10:50.501969,84.21434,84.33875,84.94281
2022-01-23 10:10:51.010632,84.36905,84.751,84.94281
2022-01-23 10:10:51.506280,83.64747,83.97725,85.80614
2022-01-23 10:10:52.004243,84.26632,84.751,85.80614
2022-01-23 10:10:52.510834,83.44078,83.513,85.84572
2022-01-23 10:10:53.008943,84.31831,85.26725,85.84572
2022-01-23 10:10:53.504616,83.9569,84.23475,85.53187
2022-01-23 10:10:54.002448,84.26632,84.3895,85.53187
2022-01-23 10:10:54.508234,84.26632,84.59625,85.4527
2022-01-23 10:10:55.006110,83.69946,84.08,85.4527
2022-01-23 10:10:55.501935,84.42104,84.90575,86.19916
2022-01-23 10:10:56.010570,83.80219,84.132,86.19916
2022-01-23 10:10:56.505168,83.7502,84.4935,86.08135
2022-01-23 10:10:57.002941,84.05963,84.33875,86.08135
2022-01-23 10:10:57.501222,84.47302,84.699,85.7675
2022-01-23 10:10:58.009783,84.11161,84.33875,85.7675
2022-01-23 10:10:58.505618,84.42104,84.54425,85.88531
2022-01-23 10:10:59.004369,83.90492,84.33875,85.88531
2022-01-23 10:10:59.509901,83.90492,84.23475,86.04176
2022-01-23 10:11:00.008085,83.9569,84.699,86.04176
2022-01-23 10:11:00.501153,84.26632,84.699,85.6101
2022-01-23 10:11:01.010943,84.05963,84.4415,85.6101
2022-01-23 10:11:01.507074,83.90492,84.28675,85.84572
2022-01-23 10:11:02.005012,84.36905,84.803,85.84572
2022-01-23 10:11:02.509839,83.90492,84.23475,85.33489
2022-01-23 10:11:03.008041,84.52377,84.803,85.33489
2022-01-23 10:11:03.504383,83.49276,84.02925,86.47437
2022-01-23 10:11:04.001688,83.85417,84.132,86.47437
2022-01-23 10:11:04.508134,84.21434,84.751,85.84572
2022-01-23 10:11:05.007698,84.1636,84.3895,85.84572
2022-01-23 10:11:05.505900,84.26632,84.64825,85.80614
2022-01-23 10:11:06.003289,83.49276,83.97725,85.80614
2022-01-23 10:11:06.508998,84.57575,84.64825,84.70718
2022-01-23 10:11:07.008578,84.00888,84.4415,84.70718
2022-01-23 10:11:07.504558,84.26632,84.4935,85.4527
2022-01-23 10:11:08.003036,83.49276,84.28675,85.4527
2022-01-23 10:11:08.509082,84.21434,84.3895,85.33489
2022-01-23 10:11:09.006866,84.42104,84.64825,85.33489
2022-01-23 10:11:09.503444,84.1636,84.64825,86.3952
2022-01-23 10:11:10.004227,84.05963,84.28675,86.3952
2022-01-23 10:11:10.508499,83.9569,84.33875,85.09926
2022-01-23 10:11:11.003659,84.21434,84.4935,85.09926
2022-01-23 10:11:11.508619,83.64747,84.33875,86.23875
2022-01-23 10:11:12.006240,83.80219,84.132,86.23875
2022-01-23 10:11:12.501384,84.26632,84.4415,84.98145
2022-01-23 10:11:13.010978,84.1636,84.4415,84.98145
2022-01-23 10:11:13.506222,84.42104,84.4935,85.6101
2022-01-23 10:11:14.005109,84.21434,84.699,85.6101
2022-01-23 10:11:14.502122,83.85417,83.92525,86.04176
2022-01-23 10:11:15.011084,84.05963,84.90575,86.04176
2022-01-23 10:11:15.507132,84.00888,84.28675,85.68833
2022-01-23 10:11:16.007453,84.05963,84.3895,85.68833
2022-01-23 10:11:16.503762,84.00888,84.4415,85.41406
2022-01-23 10:11:17.505730,84.36905,84.85375,85.7675
2022-01-23 10:11:18.002834,83.80219,84.132,85.7675
2022-01-23 10:11:18.508457,84.00888,84.64825,85.09926
2022-01-23 10:11:19.006866,84.05963,84.4935,85.09926
2022-01-23 10:11:19.503885,83.85417,84.33875,85.96354
2022-01-23 10:11:20.002492,84.31831,84.64825,85.96354
2022-01-23 10:11:20.507119,84.1636,84.28675,86.59218
2022-01-23 10:11:21.005864,83.85417,84.23475,86.59218
2022-01-23 10:11:21.502015,84.21434,84.59625,86.00312
2022-01-23 10:11:22.010386,83.90492,84.54425,86.00312
2022-01-23 10:11:22.506068,83.7502,84.132,85.92395
2022-01-23 10:11:23.004660,84.11161,84.699,85.92395
2022-01-23 10:11:23.509843,83.85417,84.08,85.06062
2022-01-23 10:11:24.008878,84.88517,84.95775,85.06062
2022-01-23 10:11:24.503159,83.54475,83.97725,85.49229
2022-01-23 10:11:25.001474,84.1636,84.3895,85.49229
2022-01-23 10:11:25.507031,83.7502,84.28675,85.68833
2022-01-23 10:11:26.005807,84.05963,84.59625,85.68833
2022-01-23 10:11:26.501123,83.59549,84.132,85.92395
2022-01-23 10:11:27.009941,84.31831,84.54425,85.92395
2022-01-23 10:11:27.505191,84.42104,84.54425,85.4527
2022-01-23 10:11:28.002084,84.00888,84.33875,85.4527
2022-01-23 10:11:28.509951,84.36905,84.803,85.72791
2022-01-23 10:11:29.007905,83.7502,84.28675,85.72791
2022-01-23 10:11:29.503235,84.47302,84.90575,85.53187
2022-01-23 10:11:30.010686,83.7502,84.4415,85.53187
2022-01-23 10:11:30.506961,83.80219,84.02925,85.17843
2022-01-23 10:11:31.006117,84.36905,84.54425,85.17843
2022-01-23 10:11:31.501020,83.90492,84.28675,86.74864
2022-01-23 10:11:32.010083,84.21434,84.3895,86.74864
2022-01-23 10:11:32.506682,83.85417,84.54425,85.68833
2022-01-23 10:11:33.005610,84.31831,84.64825,85.68833
2022-01-23 10:11:33.501243,83.59549,84.132,85.88531
2022-01-23 10:11:34.009883,84.57575,84.803,85.88531
2022-01-23 10:11:34.504324,83.54475,83.7705,85.92395
2022-01-23 10:11:35.003089,84.47302,84.85375,85.92395
2022-01-23 10:11:35.507187,84.36905,84.33875,85.6101
2022-01-23 10:11:36.005238,83.69946,84.28675,85.6101
2022-01-23 10:11:36.501051,84.21434,84.54425,85.09926
2022-01-23 10:11:37.010175,83.85417,84.4935,85.09926
2022-01-23 10:11:37.507134,84.1636,84.4935,85.7675
2022-01-23 10:11:38.006762,83.69946,84.28675,85.7675
2022-01-23 10:11:38.503161,84.57575,84.95775,85.21708
2022-01-23 10:11:39.001084,83.7502,83.92525,85.21708
2022-01-23 10:11:39.507016,84.47302,84.95775,86.19916
2022-01-23 10:11:40.006029,83.90492,84.28675,86.19916
2022-01-23 10:11:40.502347,84.00888,84.33875,86.15958
2022-01-23 10:11:41.010842,84.21434,84.3895,86.15958
2022-01-23 10:11:41.506245,83.28607,83.8225,85.80614
2022-01-23 10:11:42.005516,84.78245,85.16325,85.80614
2022-01-23 10:11:42.501768,84.05963,84.184,87.02385
2022-01-23 10:11:43.010783,83.69946,84.132,87.02385
2022-01-23 10:11:43.506186,84.31831,84.54425,85.09926
2022-01-23 10:11:44.004594,84.21434,84.803,85.09926
2022-01-23 10:11:44.501021,84.26632,84.54425,85.72791
2022-01-23 10:11:45.008948,83.64747,84.184,85.72791
2022-01-23 10:11:45.503245,83.64747,83.97725,85.29625
2022-01-23 10:11:46.001243,84.62773,84.90575,85.29625
2022-01-23 10:11:46.509797,84.26632,84.803,85.7675
2022-01-23 10:11:47.007438,83.64747,84.132,85.7675
2022-01-23 10:11:47.503186,84.31831,84.85375,86.12093
2022-01-23 10:11:48.001120,84.00888,84.33875,86.12093
2022-01-23 10:11:48.507486,84.26632,84.85375,85.57051
2022-01-23 10:11:49.004274,84.00888,84.4935,85.57051
2022-01-23 10:11:49.510310,84.1636,84.33875,85.33489
2022-01-23 10:11:50.008665,83.90492,84.184,85.33489
2022-01-23 10:11:50.503718,84.42104,84.4935,86.08135
2022-01-23 10:11:51.003245,83.9569,84.4415,86.08135
2022-01-23 10:11:51.509919,84.21434,84.3895,85.72791
2022-01-23 10:11:52.007432,84.00888,84.33875,85.72791
2022-01-23 10:11:52.504313,83.85417,84.33875,85.37447
2022-01-23 10:11:53.001900,84.26632,84.803,85.37447
2022-01-23 10:11:53.507343,84.26632,84.4935,85.6101
2022-01-23 10:11:54.003962,84.26632,84.3895,85.6101
2022-01-23 10:11:54.510404,83.90492,84.54425,85.33489
2022-01-23 10:11:55.010120,84.11161,84.699,85.33489
2022-01-23 10:11:55.507887,84.05963,84.3895,85.37447
2022-01-23 10:11:56.006776,84.11161,84.4415,85.37447
2022-01-23 10:11:56.502292,83.28607,83.71975,85.25666
2022-01-23 10:11:57.009664,84.00888,84.184,85.25666
2022-01-23 10:11:57.504745,84.57575,84.54425,231.97281
2022-01-23 10:11:58.002811,83.54475,84.08,231.97281
2022-01-23 10:11:58.508061,84.73046,84.803,226.70989
2022-01-23 10:11:59.006805,83.13135,83.513,226.70989
2022-01-23 10:11:59.503392,84.42104,84.803,178.7602
2022-01-23 10:12:00.001639,83.7502,84.23475,178.7602
2022-01-23 10:12:00.502693,84.1636,84.3895,106.06989
2022-01-23 10:12:01.004287,84.21434,84.08,106.06989
2022-01-23 10:12:01.502451,83.49276,83.92525,91.89375
2022-01-23 10:12:02.010173,84.78245,85.0085,91.89375
2022-01-23 10:12:02.506240,83.7502,84.23475,94.52426
2022-01-23 10:12:03.004467,84.36905,84.699,94.52426
2022-01-23 10:12:03.510391,82.97664,83.61575,87.77031
2022-01-23 10:12:04.007853,84.88517,85.16325,87.77031
2022-01-23 10:12:04.503387,83.9569,83.97725,86.86645
2022-01-23 10:12:05.002496,84.47302,84.90575,86.86645
2022-01-23 10:12:05.510880,83.7502,83.8745,85.96354
2022-01-23 10:12:06.007371,83.80219,84.4415,85.96354
2022-01-23 10:12:06.501489,84.57575,84.90575,86.67041
2022-01-23 10:12:07.010350,83.69946,84.4415,86.67041
2022-01-23 10:12:07.507552,84.31831,84.751,86.5526
2022-01-23 10:12:08.005772,83.59549,83.8225,86.5526
2022-01-23 10:12:08.502379,84.62773,84.85375,85.88531
2022-01-23 10:12:09.009799,83.69946,83.97725,85.88531
2022-01-23 10:12:09.504243,84.31831,84.90575,88.31979
2022-01-23 10:12:10.003274,83.49276,83.7705,88.31979
2022-01-23 10:12:10.508466,84.26632,84.699,85.72791
2022-01-23 10:12:11.001650,84.21434,84.803,85.72791
2022-01-23 10:12:11.506260,83.59549,84.02925,85.88531
2022-01-23 10:12:12.004604,84.47302,84.699,85.88531
2022-01-23 10:12:12.510410,84.1636,84.28675,85.96354
2022-01-23 10:12:13.008500,84.21434,84.803,85.96354
2022-01-23 10:12:13.506617,84.31831,84.64825,85.80614
2022-01-23 10:12:14.005719,83.9569,84.4415,85.80614
2022-01-23 10:12:14.502615,83.85417,84.132,86.19916
2022-01-23 10:12:15.010214,84.05963,84.751,86.19916
2022-01-23 10:12:15.505669,84.21434,84.64825,86.08135
2022-01-23 10:12:16.003898,84.31831,84.4415,86.08135
2022-01-23 10:12:16.508979,83.90492,84.33875,85.17843
2022-01-23 10:12:17.008266,83.9569,84.23475,85.17843
2022-01-23 10:12:17.503712,84.26632,84.803,85.25666
2022-01-23 10:12:18.003406,83.69946,84.23475,85.25666
2022-01-23 10:12:18.510082,83.9569,84.54425,85.7675
2022-01-23 10:12:19.009046,84.00888,84.4935,85.7675
2022-01-23 10:12:19.504031,84.11161,84.33875,85.53187
2022-01-23 10:12:20.003148,84.26632,84.699,85.53187
2022-01-23 10:12:20.508673,84.00888,84.184,85.84572
2022-01-23 10:12:21.007263,84.11161,84.59625,85.84572
2022-01-23 10:12:21.504029,84.21434,84.54425,85.06062
2022-01-23 10:12:22.002583,83.7502,84.23475,85.06062
2022-01-23 10:12:22.509283,84.1636,84.54425,85.09926
2022-01-23 10:12:23.009956,84.00888,84.3895,85.09926
2022-01-23 10:12:23.505743,84.1636,84.64825,86.08135
2022-01-23 10:12:24.004724,84.11161,84.4415,86.08135
2022-01-23 10:12:24.510399,84.11161,84.4935,85.37447
2022-01-23 10:12:25.009157,84.42104,84.64825,85.37447
2022-01-23 10:12:25.507242,83.59549,83.97725,86.31697
2022-01-23 10:12:26.005528,84.11161,84.59625,86.31697
2022-01-23 10:12:26.502600,83.39003,83.92525,85.33489
2022-01-23 10:12:27.004106,84.78245,85.16325,85.33489
2022-01-23 10:12:27.508023,84.11161,84.28675,86.15958
2022-01-23 10:12:28.004555,84.11161,84.59625,86.15958
2022-01-23 10:12:28.503241,84.26632,84.4935,85.49229
2022-01-23 10:12:29.007709,83.7502,83.97725,85.49229
2022-01-23 10:12:29.506345,84.78245,85.16325,86.00312
2022-01-23 10:12:30.010649,83.08061,83.66775,86.00312
2022-01-23 10:12:30.507057,84.1636,84.699,85.21708
2022-01-23 10:12:31.005067,84.21434,84.3895,85.21708
2022-01-23 10:12:31.502081,84.11161,84.4935,85.64968
2022-01-23 10:12:32.010356,84.1636,84.4935,85.64968
2022-01-23 10:12:32.507402,83.9569,84.3895,86.31697
2022-01-23 10:12:33.006949,84.00888,84.3895,86.31697
2022-01-23 10:12:33.502696,83.9569,84.64825,84.94281
2022-01-23 10:12:34.011033,84.1636,84.59625,84.94281
2022-01-23 10:12:34.506697,83.85417,84.08,86.27739
2022-01-23 10:12:35.005029,84.31831,84.751,86.27739
2022-01-23 10:12:36.005980,83.9569,84.23475,85.4527
2022-01-23 10:12:36.510794,83.90492,84.23475,85.21708
2022-01-23 10:12:37.001701,83.85417,84.4415,85.21708
2022-01-23 10:12:37.505704,84.36905,84.699,85.41406
2022-01-23 10:12:38.003363,84.00888,84.64825,85.41406
2022-01-23 10:12:38.509184,84.21434,84.4935,85.64968
2022-01-23 10:12:39.007243,84.00888,84.23475,85.64968
2022-01-23 10:12:39.511158,84.47302,84.90575,85.64968
2022-01-23 10:12:40.009239,83.9569,84.33875,85.64968
2022-01-23 10:12:40.504319,84.1636,84.4935,85.6101
2022-01-23 10:12:41.004264,83.64747,84.132,85.6101
2022-01-23 10:12:41.509797,84.21434,84.751,85.17843
2022-01-23 10:12:42.008339,84.42104,84.699,85.17843
2022-01-23 10:12:42.502750,83.7502,83.92525,85.84572
2022-01-23 10:12:43.001629,84.47302,84.803,85.84572
2022-01-23 10:12:43.507367,84.05963,84.4415,85.92395
2022-01-23 10:12:44.006244,84.1636,84.59625,85.92395
2022-01-23 10:12:44.501720,84.05963,84.4935,85.53187
2022-01-23 10:12:45.010609,83.90492,84.3895,85.53187
2022-01-23 10:12:45.506194,84.1636,84.4935,85.49229
2022-01-23 10:12:46.004615,84.52377,84.54425,85.49229
2022-01-23 10:12:46.501257,83.69946,84.184,85.72791
2022-01-23 10:12:47.009897,84.05963,84.4415,85.72791
2022-01-23 10:12:47.507808,84.1636,84.54425,85.13885
2022-01-23 10:12:48.006891,83.90492,84.4935,85.13885
2022-01-23 10:12:48.501246,83.80219,84.23475,86.23875
2022-01-23 10:12:49.009377,84.05963,84.54425,86.23875
2022-01-23 10:12:49.504567,84.26632,84.132,85.72791
2022-01-23 10:12:50.002659,84.31831,84.59625,85.72791
2022-01-23 10:12:50.508999,83.9569,84.54425,85.09926
2022-01-23 10:12:51.008105,83.64747,83.92525,85.09926
2022-01-23 10:12:51.504631,84.57575,84.85375,86.00312
2022-01-23 10:12:52.002831,83.23532,83.71975,86.00312
2022-01-23 10:12:52.508577,84.42104,84.90575,85.13885
2022-01-23 10:12:53.007457,83.9569,84.28675,85.13885
2022-01-23 10:12:53.501870,83.9569,84.28675,86.47437
2022-01-23 10:12:54.010115,84.67848,84.90575,86.47437
2022-01-23 10:12:54.506356,83.59549,84.02925,85.7675
2022-01-23 10:12:55.004376,84.21434,84.64825,85.7675
2022-01-23 10:12:55.501798,83.7502,84.33875,85.6101
2022-01-23 10:12:56.009730,83.9569,84.54425,85.6101
2022-01-23 10:12:56.505929,83.90492,84.184,85.49229
2022-01-23 10:12:57.004476,83.85417,84.184,85.49229
2022-01-23 10:12:57.510776,84.52377,84.85375,85.80614
2022-01-23 10:12:58.009643,84.00888,84.28675,85.80614
2022-01-23 10:12:58.506130,84.36905,84.64825,85.02104
2022-01-23 10:12:59.003245,83.9569,84.3895,85.02104
2022-01-23 10:12:59.509008,84.21434,84.699,85.6101
2022-01-23 10:13:00.006686,83.85417,84.4415,85.6101
2022-01-23 10:13:00.503652,84.21434,84.33875,85.72791
2022-01-23 10:13:01.010876,83.9569,84.132,85.72791
2022-01-23 10:13:01.506940,84.26632,84.699,85.57051
2022-01-23 10:13:02.006490,84.00888,84.33875,85.57051
2022-01-23 10:13:02.501840,84.31831,84.699,86.31697
2022-01-23 10:13:03.009047,83.90492,84.28675,86.31697
2022-01-23 10:13:03.502782,83.80219,84.54425,85.53187
2022-01-23 10:13:04.003336,84.36905,84.699,85.53187
2022-01-23 10:13:04.510135,84.26632,84.54425,85.68833
2022-01-23 10:13:05.008864,84.05963,84.28675,85.68833
2022-01-23 10:13:05.503849,83.9569,84.33875,86.67041
2022-01-23 10:13:06.001899,84.31831,84.699,86.67041
2022-01-23 10:13:06.507812,84.31831,84.90575,85.96354
2022-01-23 10:13:07.006318,83.49276,84.184,85.96354
2022-01-23 10:13:07.501084,84.11161,84.33875,85.7675
2022-01-23 10:13:08.009077,84.05963,84.3895,85.7675
2022-01-23 10:13:08.504555,84.36905,84.59625,85.09926
2022-01-23 10:13:09.002761,84.31831,84.59625,85.09926
2022-01-23 10:13:09.507314,83.69946,83.8745,85.68833
2022-01-23 10:13:10.006741,84.36905,84.699,85.68833
2022-01-23 10:13:10.502122,83.85417,84.3895,85.6101
2022-01-23 10:13:11.005658,84.00888,84.54425,85.6101
2022-01-23 10:13:11.506538,83.85417,84.08,86.19916
2022-01-23 10:13:12.002439,84.1636,84.4935,86.19916
2022-01-23 10:13:12.507349,84.21434,84.64825,85.09926
2022-01-23 10:13:13.005950,83.85417,84.33875,85.09926
2022-01-23 10:13:13.502337,84.36905,84.95775,86.12093
2022-01-23 10:13:14.002246,83.54475,84.08,86.12093
2022-01-23 10:13:14.507292,84.26632,84.59625,85.53187
2022-01-23 10:13:15.003857,83.80219,84.3895,85.53187
2022-01-23 10:13:15.510499,84.1636,84.3895,86.08135
2022-01-23 10:13:16.007170,84.52377,84.64825,86.08135
2022-01-23 10:13:16.502167,83.18334,83.513,85.37447
2022-01-23 10:13:17.505122,83.54475,84.02925,86.51301
2022-01-23 10:13:18.004310,84.67848,84.95775,86.51301
2022-01-23 10:13:18.501255,83.59549,84.08,85.96354
2022-01-23 10:13:19.009778,84.21434,84.4935,85.96354
2022-01-23 10:13:19.505186,84.26632,84.4415,86.04176
2022-01-23 10:13:20.003372,83.90492,84.23475,86.04176
2022-01-23 10:13:20.510084,84.21434,84.54425,84.98145
2022-01-23 10:13:21.006547,83.85417,84.33875,84.98145
2022-01-23 10:13:21.501671,84.1636,84.751,86.19916
2022-01-23 10:13:22.009931,83.64747,84.23475,86.19916
2022-01-23 10:13:22.507157,84.31831,84.64825,85.68833
2022-01-23 10:13:23.004955,84.36905,84.751,85.68833
2022-01-23 10:13:23.502094,84.1636,84.33875,86.71
2022-01-23 10:13:24.009745,84.05963,84.4935,86.71
2022-01-23 10:13:24.506481,83.85417,84.28675,85.13885
2022-01-23 10:13:25.004573,84.57575,85.0605,85.13885
2022-01-23 10:13:26.004659,84.47302,84.85375,85.57051
2022-01-23 10:13:26.510695,83.69946,84.08,85.64968
2022-01-23 10:13:27.008973,84.93716,85.0085,85.64968
2022-01-23 10:13:27.506458,83.59549,83.97725,86.5526
2022-01-23 10:13:28.005027,84.00888,84.4935,86.5526
2022-01-23 10:13:28.501055,84.1636,84.59625,85.53187
2022-01-23 10:13:29.010152,84.11161,84.4935,85.53187
2022-01-23 10:13:29.505701,84.47302,84.85375,85.49229
2022-01-23 10:13:30.003852,83.13135,83.66775,85.49229
2022-01-23 10:13:30.510710,84.73046,84.85375,85.09926
2022-01-23 10:13:31.008675,84.26632,84.59625,85.09926
2022-01-23 10:13:31.502827,83.7502,84.132,86.08135
2022-01-23 10:13:32.001058,84.05963,84.59625,86.08135
2022-01-23 10:13:32.507548,83.9569,84.3895,85.33489
2022-01-23 10:13:33.006866,84.21434,84.699,85.33489
2022-01-23 10:13:33.502406,83.7502,84.23475,85.7675
2022-01-23 10:13:34.002347,84.1636,84.4415,85.7675
2022-01-23 10:13:34.508488,84.1636,84.184,85.64968
2022-01-23 10:13:35.006474,84.11161,84.28675,85.64968
2022-01-23 10:13:35.502191,84.36905,84.803,86.04176
2022-01-23 10:13:36.010294,83.80219,83.92525,86.04176
2022-01-23 10:13:36.505886,84.11161,84.54425,86.19916
2022-01-23 10:13:37.004812,83.49276,84.184,86.19916
2022-01-23 10:13:37.509799,84.36905,84.59625,86.04176
2022-01-23 10:13:38.007512,84.11161,84.4935,86.04176
2022-01-23 10:13:38.504239,84.00888,84.33875,85.84572
2022-01-23 10:13:39.002242,84.11161,84.54425,85.84572
2022-01-23 10:13:39.508145,84.1636,84.59625,86.74864
2022-01-23 10:13:40.007684,84.11161,84.4415,86.74864
2022-01-23 10:13:40.503371,83.7502,84.28675,85.37447
2022-01-23 10:13:41.001428,83.9569,84.3895,85.37447
2022-01-23 10:13:41.509925,84.42104,84.699,85.25666
2022-01-23 10:13:42.008100,83.90492,84.184,85.25666
2022-01-23 10:13:42.503804,84.26632,84.4935,85.92395
2022-01-23 10:13:43.002167,84.00888,84.3895,85.92395
2022-01-23 10:13:43.507731,84.57575,84.90575,86.15958
2022-01-23 10:13:44.005800,83.49276,83.97725,86.15958
2022-01-23 10:13:44.502388,84.11161,84.54425,85.4527
2022-01-23 10:13:45.010742,83.90492,84.184,85.4527
2022-01-23 10:13:45.506155,84.52377,84.64825,85.6101
2022-01-23 10:13:46.005692,83.90492,84.3895,85.6101
2022-01-23 10:13:46.502696,83.9569,84.3895,85.84572
2022-01-23 10:13:47.006872,84.26632,84.54425,85.84572
2022-01-23 10:13:47.502710,84.11161,84.59625,85.64968
2022-01-23 10:13:48.010839,84.05963,84.59625,85.64968
2022-01-23 10:13:48.507235,83.49276,83.97725,85.37447
2022-01-23 10:13:49.005449,84.73046,85.0085,85.37447
2022-01-23 10:13:49.501108,84.26632,84.33875,85.80614
2022-01-23 10:13:50.009787,84.21434,84.54425,85.80614
2022-01-23 10:13:50.507585,83.90492,84.184,85.92395
2022-01-23 10:13:51.006488,84.00888,84.33875,85.92395
2022-01-23 10:13:51.503208,84.47302,84.803,87.25947
2022-01-23 10:13:52.002081,83.39003,84.132,87.25947
2022-01-23 10:13:52.507875,84.52377,84.699,85.80614
2022-01-23 10:13:53.007477,83.80219,84.28675,85.80614
2022-01-23 10:13:53.503189,84.36905,84.699,85.88531
2022-01-23 10:13:54.010875,84.26632,84.64825,85.88531
2022-01-23 10:13:54.507265,83.9569,84.33875,85.49229
2022-01-23 10:13:55.005913,84.11161,84.59625,85.49229
2022-01-23 10:13:55.510913,83.69946,84.3895,85.17843
2022-01-23 10:13:56.008174,84.31831,84.4415,85.17843
2022-01-23 10:13:56.504755,83.85417,84.132,86.74864
2022-01-23 10:13:57.004097,84.31831,84.699,86.74864
2022-01-23 10:13:57.510463,83.9569,84.3895,85.37447
2022-01-23 10:13:58.008802,83.9569,84.4415,85.37447
2022-01-23 10:13:58.504492,84.21434,84.4415,85.68833
2022-01-23 10:13:59.003060,83.85417,84.54425,85.68833
2022-01-23 10:13:59.509336,83.7502,84.08,85.96354
2022-01-23 10:14:00.006075,84.52377,84.95775,85.96354
2022-01-23 10:14:00.510280,83.85417,83.97725,85.41406
2022-01-23 10:14:01.008400,84.26632,84.751,85.41406
2022-01-23 10:14:01.503308,83.90492,84.4415,86.12093
2022-01-23 10:14:02.002337,83.9569,84.28675,86.12093
2022-01-23 10:14:02.508082,84.31831,84.803,86.15958
2022-01-23 10:14:03.007668,83.64747,84.08,86.15958
2022-01-23 10:14:03.503036,84.1636,84.803,85.80614
2022-01-23 10:14:04.002346,84.11161,84.3895,85.80614
2022-01-23 10:14:04.507473,84.00888,84.184,85.7675
2022-01-23 10:14:05.005877,84.21434,84.3895,85.7675
2022-01-23 10:14:05.510786,84.11161,84.4935,85.57051
2022-01-23 10:14:06.006728,84.11161,84.59625,85.57051
2022-01-23 10:14:06.506887,84.00888,84.184,85.64968
2022-01-23 10:14:07.005864,83.80219,84.4415,85.64968
2022-01-23 10:14:07.505235,84.36905,84.3895,86.86645
2022-01-23 10:14:08.002711,84.47302,84.90575,86.86645
2022-01-23 10:14:08.508246,83.9569,84.4415,85.4527
2022-01-23 10:14:09.006721,84.11161,84.3895,85.4527
2022-01-23 10:14:10.005146,84.36905,84.64825,85.96354
2022-01-23 10:14:10.501049,83.69946,84.4935,85.57051
2022-01-23 10:14:11.004383,83.9569,84.23475,85.57051
2022-01-23 10:14:11.509290,84.05963,84.33875,85.64968
2022-01-23 10:14:12.007323,84.21434,84.699,85.64968
2022-01-23 10:14:12.504033,84.47302,84.803,85.68833
2022-01-23 10:14:13.003903,83.7502,84.132,85.68833
2022-01-23 10:14:13.510842,84.31831,84.4935,85.88531
2022-01-23 10:14:14.008249,83.7502,84.33875,85.88531
2022-01-23 10:14:14.504044,84.21434,84.699,84.98145
2022-01-23 10:14:15.002305,83.80219,84.3895,84.98145
2022-01-23 10:14:15.509100,84.42104,84.54425,86.47437
2022-01-23 10:14:16.007551,84.26632,84.4935,86.47437
2022-01-23 10:14:16.504042,84.21434,84.4935,85.29625
2022-01-23 10:14:17.004457,84.42104,84.54425,85.29625
2022-01-23 10:14:17.501222,83.69946,84.184,86.00312
2022-01-23 10:14:18.010662,83.9569,84.28675,86.00312
2022-01-23 10:14:18.507472,84.26632,84.95775,85.72791
2022-01-23 10:14:19.005756,83.9569,84.184,85.72791
2022-01-23 10:14:19.500787,83.49276,83.61575,87.92676
2022-01-23 10:14:20.008339,84.62773,84.803,87.92676
2022-01-23 10:14:20.504374,83.64747,83.71975,233.81822
2022-01-23 10:14:21.001965,84.31831,84.54425,233.81822
2022-01-23 10:14:21.508746,84.00888,84.28675,217.48187
2022-01-23 10:14:22.006896,83.28607,83.97725,217.48187
2022-01-23 10:14:22.502804,84.26632,84.3895,138.31187
2022-01-23 10:14:23.002208,83.9569,84.184,138.31187
2022-01-23 10:14:23.508979,84.36905,84.59625,92.91447
2022-01-23 10:14:24.007317,83.85417,84.08,92.91447
2022-01-23 10:14:24.504073,84.36905,84.59625,93.58176
2022-01-23 10:14:25.003077,83.7502,83.92525,93.58176
2022-01-23 10:14:25.508211,83.85417,84.4415,88.595
2022-01-23 10:14:26.006950,84.1636,84.54425,88.595
2022-01-23 10:14:26.502620,84.31831,84.699,86.90604
2022-01-23 10:14:27.001898,84.11161,84.4415,86.90604
2022-01-23 10:14:27.509090,84.00888,84.28675,86.19916
2022-01-23 10:14:28.007565,84.36905,85.0605,86.19916
2022-01-23 10:14:28.502230,84.00888,84.4415,86.47437
2022-01-23 10:14:29.010941,84.26632,84.90575,86.47437
2022-01-23 10:14:29.506356,83.59549,83.71975,86.19916
2022-01-23 10:14:30.005192,84.26632,84.59625,86.19916
2022-01-23 10:14:30.511037,84.11161,84.3895,86.04176
2022-01-23 10:14:31.009521,84.52377,84.803,86.04176
2022-01-23 10:14:31.505380,83.49276,83.8745,86.67041
2022-01-23 10:14:32.005250,84.42104,84.699,86.67041
2022-01-23 10:14:32.501084,84.11161,84.751,85.6101
2022-01-23 10:14:33.010353,84.31831,84.64825,85.6101
2022-01-23 10:14:33.508423,83.90492,84.4415,86.27739
2022-01-23 10:14:34.005913,84.26632,84.4935,86.27739
2022-01-23 10:14:34.502420,84.1636,84.33875,86.12093
2022-01-23 10:14:35.010233,84.05963,84.803,86.12093
2022-01-23 10:14:35.505742,84.05963,84.33875,85.88531
2022-01-23 10:14:36.003329,83.85417,84.23475,85.88531
2022-01-23 10:14:37.005034,83.7502,84.28675,85.29625
2022-01-23 10:14:37.501272,84.26632,84.4935,85.80614
2022-01-23 10:14:38.010153,84.26632,84.3895,85.80614
2022-01-23 10:14:38.504051,83.90492,84.28675,85.88531
2022-01-23 10:14:39.002206,84.47302,84.95775,85.88531
2022-01-23 10:14:39.507117,83.49276,84.132,85.29625
2022-01-23 10:14:40.004299,84.21434,84.4935,85.29625
2022-01-23 10:14:40.501143,83.80219,84.3895,85.88531
2022-01-23 10:14:41.009046,84.11161,84.28675,85.88531
2022-01-23 10:14:41.504106,84.36905,84.54425,86.08135
2022-01-23 10:14:42.002884,83.9569,84.33875,86.08135
2022-01-23 10:14:42.508724,83.9569,84.28675,86.23875
2022-01-23 10:14:43.002781,84.1636,84.699,86.23875
2022-01-23 10:14:43.508152,84.1636,84.33875,86.04176
2022-01-23 10:14:44.007231,83.44078,84.28675,86.04176
2022-01-23 10:14:44.502115,84.62773,84.95775,85.13885
2022-01-23 10:14:45.001417,84.11161,84.33875,85.13885
2022-01-23 10:14:45.508806,84.21434,84.4415,86.15958
2022-01-23 10:14:46.006631,83.7502,84.184,86.15958
2022-01-23 10:14:46.502156,83.9569,84.3895,85.80614
2022-01-23 10:14:47.000954,84.31831,84.699,85.80614
2022-01-23 10:14:47.506248,84.05963,84.90575,86.19916
2022-01-23 10:14:48.003871,83.7502,84.08,86.19916
2022-01-23 10:14:48.509798,84.26632,84.59625,85.02104
2022-01-23 10:14:49.008612,84.11161,84.54425,85.02104
2022-01-23 10:14:49.505799,84.42104,84.4415,86.19916
2022-01-23 10:14:50.004070,83.90492,84.33875,86.19916
2022-01-23 10:14:50.510576,83.85417,83.97725,85.57051
2022-01-23 10:14:51.009279,84.05963,84.803,85.57051
2022-01-23 10:14:51.505981,84.00888,84.3895,85.92395
2022-01-23 10:14:52.003726,83.64747,84.28675,85.92395
2022-01-23 10:14:52.510548,84.26632,84.54425,85.17843
2022-01-23 10:14:53.009055,84.11161,84.28675,85.17843
2022-01-23 10:14:53.505354,84.31831,84.699,86.04176
2022-01-23 10:14:54.006280,84.21434,84.4415,86.04176
2022-01-23 10:14:54.502242,84.05963,84.59625,85.80614
2022-01-23 10:14:55.004004,83.80219,84.184,85.80614
2022-01-23 10:14:55.504579,84.21434,84.95775,85.41406
2022-01-23 10:14:56.009281,83.85417,84.132,85.41406
2022-01-23 10:14:56.508294,84.47302,84.64825,86.00312
2022-01-23 10:14:57.002536,84.00888,84.4935,86.00312
2022-01-23 10:14:57.510583,84.11161,84.28675,85.6101
2022-01-23 10:14:58.003810,84.26632,84.803,85.6101
2022-01-23 10:14:58.505341,84.21434,84.751,86.00312
2022-01-23 10:14:59.003883,83.33805,84.132,86.00312
2022-01-23 10:14:59.510982,84.31831,84.85375,85.72791
2022-01-23 10:15:00.009151,84.1636,84.28675,85.72791
2022-01-23 10:15:00.502836,84.00888,84.184,85.29625
2022-01-23 10:15:01.001920,84.62773,84.699,85.29625
2022-01-23 10:15:01.507241,83.49276,84.184,86.35656
2022-01-23 10:15:02.006302,84.47302,84.803,86.35656
2022-01-23 10:15:02.501922,83.69946,84.28675,86.98426
2022-01-23 10:15:03.011182,84.21434,84.54425,86.98426
2022-01-23 10:15:03.506829,84.36905,84.803,86.15958
2022-01-23 10:15:04.005299,84.11161,84.54425,86.15958
2022-01-23 10:15:04.501362,84.21434,84.28675,85.64968
2022-01-23 10:15:05.001244,84.00888,84.4415,85.64968
2022-01-23 10:15:05.507665,84.05963,84.54425,85.17843
2022-01-23 10:15:06.006480,83.80219,84.3895,85.17843
2022-01-23 10:15:06.501833,84.05963,84.23475,85.6101
2022-01-23 10:15:07.004923,83.7502,84.28675,85.6101
2022-01-23 10:15:07.510710,84.36905,84.751,85.53187
2022-01-23 10:15:08.010331,84.21434,84.28675,85.53187
2022-01-23 10:15:08.506186,83.7502,84.184,85.92395
2022-01-23 10:15:09.003685,84.52377,84.95775,85.92395
2022-01-23 10:15:09.508704,84.1636,84.64825,85.7675
2022-01-23 10:15:10.007080,84.36905,84.699,85.7675
2022-01-23 10:15:10.502500,83.33805,83.8225,86.90604
2022-01-23 10:15:11.007138,84.36905,84.54425,86.90604
2022-01-23 10:15:11.505076,84.26632,84.3895,85.92395
2022-01-23 10:15:12.004425,84.42104,84.95775,85.92395
2022-01-23 10:15:12.508939,83.64747,84.02925,84.90322
2022-01-23 10:15:13.007539,84.00888,84.699,84.90322
2022-01-23 10:15:13.501775,84.05963,84.28675,86.08135
2022-01-23 10:15:14.010379,84.26632,84.90575,86.08135
2022-01-23 10:15:14.505862,84.31831,84.699,86.00312
2022-01-23 10:15:15.004533,83.80219,83.7705,86.00312
2022-01-23 10:15:15.501012,84.36905,84.64825,85.72791
2022-01-23 10:15:16.010643,83.90492,84.08,85.72791
2022-01-23 10:15:16.506535,84.21434,84.751,86.23875
2022-01-23 10:15:17.004462,84.21434,84.59625,86.23875
2022-01-23 10:15:17.510835,83.39003,83.8745,85.29625
2022-01-23 10:15:18.010117,84.52377,84.95775,85.29625
2022-01-23 10:15:18.506119,84.42104,84.4935,85.33489
2022-01-23 10:15:19.004232,84.11161,84.4935,85.33489
2022-01-23 10:15:19.509957,83.80219,84.184,85.92395
2022-01-23 10:15:20.007983,84.26632,84.803,85.92395
2022-01-23 10:15:20.504177,84.05963,84.33875,85.80614
2022-01-23 10:15:21.001753,83.64747,84.23475,85.80614
2022-01-23 10:15:21.507652,84.00888,84.4415,86.27739
2022-01-23 10:15:22.005648,83.9569,84.33875,86.27739
2022-01-23 10:15:22.501030,84.42104,84.59625,86.04176
2022-01-23 10:15:23.010186,84.1636,84.4415,86.04176
2022-01-23 10:15:23.507177,83.69946,84.4415,86.12093
2022-01-23 10:15:24.004564,84.36905,84.85375,86.12093
2022-01-23 10:15:24.508352,83.85417,84.184,85.49229
2022-01-23 10:15:25.007304,84.1636,84.4935,85.49229
2022-01-23 10:15:25.504627,83.7502,84.33875,85.33489
2022-01-23 10:15:26.002937,83.85417,84.28675,85.33489
2022-01-23 10:15:26.508715,84.47302,84.64825,85.17843
2022-01-23 10:15:27.006389,83.69946,84.28675,85.17843
2022-01-23 10:15:27.502519,84.42104,84.751,85.72791
2022-01-23 10:15:28.010736,84.05963,84.54425,85.72791
2022-01-23 10:15:28.505134,84.31831,84.4935,85.25666
2022-01-23 10:15:29.002594,83.69946,84.23475,85.25666
2022-01-23 10:15:29.508340,84.42104,84.751,86.94562
2022-01-23 10:15:30.007391,83.85417,84.02925,86.94562
2022-01-23 10:15:30.503912,84.1636,84.64825,85.96354
2022-01-23 10:15:31.001888,84.11161,84.184,85.96354
2022-01-23 10:15:31.507799,83.64747,84.08,86.04176
2022-01-23 10:15:32.006173,84.62773,84.90575,86.04176
2022-01-23 10:15:32.502120,83.44078,84.132,85.92395
2022-01-23 10:15:33.011110,84.1636,84.4415,85.92395
2022-01-23 10:15:33.506665,83.9569,84.184,86.23875
2022-01-23 10:15:34.004511,84.42104,84.85375,86.23875
2022-01-23 10:15:34.510505,84.26632,84.64825,85.17843
2022-01-23 10:15:35.008488,84.05963,84.64825,85.17843
2022-01-23 10:15:35.505054,83.64747,83.8745,85.57051
2022-01-23 10:15:36.004292,84.00888,84.59625,85.57051
2022-01-23 10:15:36.509264,84.42104,84.95775,85.80614
2022-01-23 10:15:37.007362,83.44078,83.97725,85.80614
2022-01-23 10:15:37.501674,84.67848,85.1125,85.53187
2022-01-23 10:15:38.010213,83.44078,83.66775,85.53187
2022-01-23 10:15:38.506125,84.78245,85.16325,86.27739
2022-01-23 10:15:39.003738,84.42104,84.59625,86.27739
2022-01-23 10:15:39.510527,83.39003,83.92525,85.68833
2022-01-23 10:15:40.007452,84.62773,85.0085,85.68833
2022-01-23 10:15:40.504739,83.44078,83.8745,84.94281
2022-01-23 10:15:41.003797,84.57575,84.95775,84.94281
2022-01-23 10:15:41.509087,83.85417,84.02925,86.00312
2022-01-23 10:15:42.008507,84.05963,84.54425,86.00312
2022-01-23 10:15:42.502836,84.11161,84.28675,85.49229
2022-01-23 10:15:43.002522,84.57575,84.85375,85.49229
2022-01-23 10:15:43.508173,83.69946,84.184,85.41406
2022-01-23 10:15:44.006006,83.7502,84.4415,85.41406
2022-01-23 10:15:44.502032,84.31831,84.54425,85.68833
2022-01-23 10:15:45.010898,84.42104,84.4935,85.68833
2022-01-23 10:15:45.505085,83.9569,84.4935,85.72791
2022-01-23 10:15:46.003527,84.00888,84.3895,85.72791
2022-01-23 10:15:46.508924,84.1636,84.59625,85.72791
2022-01-23 10:15:47.007341,83.9569,84.23475,85.72791
2022-01-23 10:15:47.503946,83.85417,84.4935,87.25947
2022-01-23 10:15:48.002703,83.7502,84.184,87.25947
2022-01-23 10:15:48.510046,84.21434,84.3895,85.29625
2022-01-23 10:15:49.007514,84.00888,84.54425,85.29625
2022-01-23 10:15:49.503284,84.05963,84.23475,85.96354
2022-01-23 10:15:50.001471,84.31831,84.64825,85.96354
2022-01-23 10:15:50.505164,84.05963,84.4935,86.08135
2022-01-23 10:15:51.003494,84.21434,84.59625,86.08135
2022-01-23 10:15:51.509389,83.7502,84.08,86.31697
2022-01-23 10:15:52.008714,84.05963,84.33875,86.31697
2022-01-23 10:15:52.502684,84.21434,84.85375,85.21708
