時間,回転１,回転２,回転３
2022-01-23 18:00:00.007598,0.0,0.0,0.0
2022-01-23 18:00:00.504208,0.0,0.0,0.0
2022-01-23 18:00:01.002222,0.0,0.0,0.0
2022-01-23 18:00:01.507617,0.0,0.0,0.0
2022-01-23 18:00:02.005399,0.0,0.0,0.0
2022-01-23 18:00:02.510932,0.0,0.0,0.0
2022-01-23 18:00:03.009231,0.0,0.0,0.0
2022-01-23 18:00:03.505769,0.0,0.0,0.0
2022-01-23 18:00:04.004516,0.0,0.0,0.0
2022-01-23 18:00:04.503865,0.0,0.0,0.0
2022-01-23 18:00:05.002391,0.0,0.0,0.0
2022-01-23 18:00:05.508014,0.0,0.0,0.0
2022-01-23 18:00:06.006646,0.0,0.0,0.0
2022-01-23 18:00:06.511117,0.0,0.0,0.0
2022-01-23 18:00:07.009556,0.0,0.0,0.0
2022-01-23 18:00:07.505088,0.0,0.0,0.0
2022-01-23 18:00:08.002506,0.0,0.0,0.0
2022-01-23 18:00:08.508288,0.0,0.0,0.0
2022-01-23 18:00:09.007256,0.0,0.0,0.0
2022-01-23 18:00:09.503545,0.0,0.0,0.0
2022-01-23 18:00:10.004033,0.0,0.0,0.0
2022-01-23 18:00:10.509384,0.0,0.0,0.0
2022-01-23 18:00:11.009304,0.0,0.0,0.0
2022-01-23 18:00:11.503954,0.0,0.0,0.0
2022-01-23 18:00:12.002048,0.0,0.0,0.0
2022-01-23 18:00:12.508005,0.0,0.0,0.0
2022-01-23 18:00:13.008957,0.0,0.0,0.0
2022-01-23 18:00:13.503928,0.0,0.0,0.0
2022-01-23 18:00:14.001822,0.0,0.0,0.0
2022-01-23 18:00:14.506971,0.0,0.0,0.0
2022-01-23 18:00:15.004034,0.0,0.0,0.0
2022-01-23 18:00:15.509830,0.0,0.0,0.0
2022-01-23 18:00:16.007059,0.0,0.0,0.0
2022-01-23 18:00:16.503659,0.0,0.0,0.0
2022-01-23 18:00:17.002872,0.0,0.0,0.0
2022-01-23 18:00:17.510307,0.0,0.0,0.0
2022-01-23 18:00:18.008245,0.0,0.0,0.0
2022-01-23 18:00:18.502979,0.0,0.0,0.0
2022-01-23 18:00:19.001795,0.0,0.0,0.0
2022-01-23 18:00:19.506741,0.0,0.0,0.0
2022-01-23 18:00:20.006008,0.0,0.0,0.0
2022-01-23 18:00:20.502428,0.0,0.0,0.0
2022-01-23 18:00:21.010978,0.0,0.0,0.0
2022-01-23 18:00:21.506758,0.0,0.0,0.0
2022-01-23 18:00:22.007141,0.0,0.0,0.0
2022-01-23 18:00:22.502800,0.0,0.0,0.0
2022-01-23 18:00:23.002069,0.0,0.0,0.0
2022-01-23 18:00:23.508448,0.0,0.0,0.0
2022-01-23 18:00:24.007170,0.0,0.0,0.0
2022-01-23 18:00:24.502779,0.0,0.0,0.0
2022-01-23 18:00:25.010696,0.0,0.0,0.0
2022-01-23 18:00:25.504863,0.0,0.0,0.0
2022-01-23 18:00:26.002846,0.0,0.0,0.0
2022-01-23 18:00:26.507670,0.0,0.0,0.0
2022-01-23 18:00:27.005145,0.0,0.0,0.0
2022-01-23 18:00:27.501450,0.0,0.0,0.0
2022-01-23 18:00:28.009332,0.0,0.0,0.0
2022-01-23 18:00:28.503259,0.0,0.0,0.0
2022-01-23 18:00:29.002152,0.0,0.0,0.0
2022-01-23 18:00:29.508424,0.0,0.0,0.0
2022-01-23 18:00:30.007269,0.0,0.0,0.0
2022-01-23 18:00:30.504083,0.0,0.0,0.0
2022-01-23 18:00:31.002960,0.0,0.0,0.0
2022-01-23 18:00:31.510729,0.0,0.0,0.0
2022-01-23 18:00:32.009091,0.0,0.0,0.0
2022-01-23 18:00:32.502742,0.0,0.0,0.0
2022-01-23 18:00:33.010971,0.0,0.0,0.0
2022-01-23 18:00:33.505167,0.0,0.0,0.0
2022-01-23 18:00:34.005147,0.0,0.0,0.0
2022-01-23 18:00:34.508343,0.0,0.0,0.0
2022-01-23 18:00:35.006030,0.0,0.0,0.0
2022-01-23 18:00:35.510360,0.0,0.0,0.0
2022-01-23 18:00:36.504602,0.0,0.0,0.0
2022-01-23 18:00:37.002882,0.0,0.0,0.0
2022-01-23 18:00:37.509126,0.0,0.0,0.0
2022-01-23 18:00:38.010249,0.0,0.0,0.0
2022-01-23 18:00:38.505547,0.0,0.0,0.0
2022-01-23 18:00:39.003636,0.0,0.0,0.0
2022-01-23 18:00:39.508418,0.0,0.0,0.0
2022-01-23 18:00:40.006292,0.0,0.0,0.0
2022-01-23 18:00:40.502365,0.0,0.0,0.0
2022-01-23 18:00:41.001013,0.0,0.0,0.0
2022-01-23 18:00:41.507235,0.0,0.0,0.0
2022-01-23 18:00:42.004992,0.0,0.0,0.0
2022-01-23 18:00:42.510209,0.0,0.0,0.0
2022-01-23 18:00:43.008452,0.0,0.0,0.0
2022-01-23 18:00:43.503786,0.0,0.0,0.0
2022-01-23 18:00:44.003317,0.0,0.0,0.0
2022-01-23 18:00:44.508399,0.0,0.0,0.0
2022-01-23 18:00:45.006087,0.0,0.0,0.0
2022-01-23 18:00:45.502676,0.0,0.0,0.0
2022-01-23 18:00:46.010419,0.0,0.0,0.0
2022-01-23 18:00:46.504907,0.0,0.0,0.0
2022-01-23 18:00:47.002524,0.0,0.0,0.0
2022-01-23 18:00:47.508269,0.0,0.0,0.0
2022-01-23 18:00:48.006248,0.0,0.0,0.0
2022-01-23 18:00:48.501934,0.0,0.0,0.0
2022-01-23 18:00:49.010412,0.0,0.0,0.0
2022-01-23 18:00:49.504563,0.0,0.0,0.0
2022-01-23 18:00:50.002715,0.0,0.0,0.0
2022-01-23 18:00:50.510174,0.0,0.0,0.0
2022-01-23 18:00:51.007193,0.0,0.0,0.0
2022-01-23 18:00:51.502879,0.0,0.0,0.0
2022-01-23 18:00:52.505059,0.0,0.0,0.0
2022-01-23 18:00:53.002886,0.0,0.0,0.0
2022-01-23 18:00:53.508164,0.0,0.0,0.0
2022-01-23 18:00:54.007350,0.0,0.0,0.0
2022-01-23 18:00:54.501554,0.0,0.0,0.0
2022-01-23 18:00:55.008975,0.0,0.0,0.0
2022-01-23 18:00:55.505290,0.0,0.0,0.0
2022-01-23 18:00:56.004142,0.0,0.0,0.0
2022-01-23 18:00:56.509786,0.0,0.0,0.0
2022-01-23 18:00:57.007578,0.0,0.0,0.0
2022-01-23 18:00:57.503995,0.0,0.0,0.0
2022-01-23 18:00:58.002326,0.0,0.0,0.0
2022-01-23 18:00:58.507955,0.0,0.0,0.0
2022-01-23 18:00:59.007419,0.0,0.0,0.0
2022-01-23 18:00:59.503448,0.0,0.0,0.0
2022-01-23 18:01:00.001466,0.0,0.0,0.0
2022-01-23 18:01:00.506903,0.0,0.0,0.0
2022-01-23 18:01:01.004123,0.0,0.0,0.0
2022-01-23 18:01:01.510136,0.0,0.0,0.0
2022-01-23 18:01:02.008006,0.0,0.0,0.0
2022-01-23 18:01:02.503829,0.0,0.0,0.0
2022-01-23 18:01:03.002790,0.0,0.0,0.0
2022-01-23 18:01:03.509773,0.0,0.0,0.0
2022-01-23 18:01:04.008226,0.0,0.0,0.0
2022-01-23 18:01:04.504449,0.0,0.0,0.0
2022-01-23 18:01:05.003197,0.0,0.0,0.0
2022-01-23 18:01:05.509167,0.0,0.0,0.0
2022-01-23 18:01:06.007062,0.0,0.0,0.0
2022-01-23 18:01:06.510904,0.0,0.0,0.0
2022-01-23 18:01:07.007531,0.0,0.0,0.0
2022-01-23 18:01:07.502321,0.0,0.0,0.0
2022-01-23 18:01:08.001632,0.0,0.0,0.0
2022-01-23 18:01:08.507769,0.0,0.0,0.0
2022-01-23 18:01:09.007364,0.0,0.0,0.0
2022-01-23 18:01:09.505131,0.0,0.0,0.0
2022-01-23 18:01:10.003878,0.0,0.0,0.0
2022-01-23 18:01:10.507746,0.0,0.0,0.0
2022-01-23 18:01:11.001101,0.0,0.0,0.0
2022-01-23 18:01:11.506126,0.0,0.0,0.0
2022-01-23 18:01:12.003132,0.0,0.0,0.0
2022-01-23 18:01:12.510478,0.0,0.0,0.0
2022-01-23 18:01:13.008493,0.0,0.0,0.0
2022-01-23 18:01:13.504325,0.0,0.0,0.0
2022-01-23 18:01:14.002286,0.0,0.0,0.0
2022-01-23 18:01:14.508199,0.0,0.0,0.0
2022-01-23 18:01:15.005819,0.0,0.0,0.0
2022-01-23 18:01:15.510736,0.0,0.0,0.0
2022-01-23 18:01:16.009118,0.0,0.0,0.0
2022-01-23 18:01:16.503772,0.0,0.0,0.0
2022-01-23 18:01:17.004217,0.0,0.0,0.0
2022-01-23 18:01:17.510376,0.0,0.0,0.0
2022-01-23 18:01:18.009307,0.0,0.0,0.0
2022-01-23 18:01:18.505461,0.0,0.0,0.0
2022-01-23 18:01:19.004495,0.0,0.0,0.0
2022-01-23 18:01:19.509102,0.0,0.0,0.0
2022-01-23 18:01:20.006817,0.0,0.0,0.0
2022-01-23 18:01:20.503532,0.0,0.0,0.0
2022-01-23 18:01:21.002341,0.0,0.0,0.0
2022-01-23 18:01:21.510276,0.0,0.0,0.0
2022-01-23 18:01:22.008352,0.0,0.0,0.0
2022-01-23 18:01:22.504300,0.0,0.0,0.0
2022-01-23 18:01:23.001922,0.0,0.0,0.0
2022-01-23 18:01:23.508103,0.0,0.0,0.0
2022-01-23 18:01:24.006702,0.0,0.0,0.0
2022-01-23 18:01:24.501639,0.0,0.0,0.0
2022-01-23 18:01:25.010248,0.0,0.0,0.0
2022-01-23 18:01:25.505774,0.0,0.0,0.0
2022-01-23 18:01:26.006021,0.0,0.0,0.0
2022-01-23 18:01:26.501060,0.0,0.0,0.0
2022-01-23 18:01:27.010414,0.0,0.0,0.0
2022-01-23 18:01:27.507468,0.0,0.0,0.0
2022-01-23 18:01:28.006014,0.0,0.0,0.0
2022-01-23 18:01:28.502200,0.0,0.0,0.0
2022-01-23 18:01:29.009619,0.0,0.0,0.0
2022-01-23 18:01:29.505464,0.0,0.0,0.0
2022-01-23 18:01:30.003288,0.0,0.0,0.0
2022-01-23 18:01:30.509867,0.0,0.0,0.0
2022-01-23 18:01:31.007716,0.0,0.0,0.0
2022-01-23 18:01:31.502579,0.0,0.0,0.0
2022-01-23 18:01:32.010901,0.0,0.0,0.0
2022-01-23 18:01:32.505658,0.0,0.0,0.0
2022-01-23 18:01:33.004672,0.0,0.0,0.0
2022-01-23 18:01:33.501190,0.0,0.0,0.0
2022-01-23 18:01:34.009643,0.0,0.0,0.0
2022-01-23 18:01:34.504755,0.0,0.0,0.0
2022-01-23 18:01:35.005029,0.0,0.0,0.0
2022-01-23 18:01:35.501403,0.0,0.0,0.0
2022-01-23 18:01:36.010509,0.0,0.0,0.0
2022-01-23 18:01:36.506262,0.0,0.0,0.0
2022-01-23 18:01:37.003899,0.0,0.0,0.0
2022-01-23 18:01:37.510315,0.0,0.0,0.0
2022-01-23 18:01:38.008463,0.0,0.0,0.0
2022-01-23 18:01:38.504535,0.0,0.0,0.0
2022-01-23 18:01:39.001362,0.0,0.0,0.0
2022-01-23 18:01:39.509123,0.0,0.0,0.0
2022-01-23 18:01:40.008568,0.0,0.0,0.0
2022-01-23 18:01:40.504289,0.0,0.0,0.0
2022-01-23 18:01:41.001781,0.0,0.0,0.0
2022-01-23 18:01:41.507120,0.0,0.0,0.0
2022-01-23 18:01:42.007007,0.0,0.0,0.0
2022-01-23 18:01:42.504020,0.0,0.0,0.0
2022-01-23 18:01:43.002731,0.0,0.0,0.0
2022-01-23 18:01:43.509817,0.0,0.0,0.0
2022-01-23 18:01:44.009544,0.0,0.0,0.0
2022-01-23 18:01:44.505942,0.0,0.0,0.0
2022-01-23 18:01:45.004438,0.0,0.0,0.0
2022-01-23 18:01:45.510321,0.0,0.0,0.0
2022-01-23 18:01:46.008706,0.0,0.0,0.0
2022-01-23 18:01:46.505284,0.0,0.0,0.0
2022-01-23 18:01:47.002957,0.0,0.0,0.0
2022-01-23 18:01:47.508009,0.0,0.0,0.0
2022-01-23 18:01:48.006040,0.0,0.0,0.0
2022-01-23 18:01:48.503613,0.0,0.0,0.0
2022-01-23 18:01:49.002405,0.0,0.0,0.0
2022-01-23 18:01:49.508544,0.0,0.0,0.0
2022-01-23 18:01:50.008359,0.0,0.0,0.0
2022-01-23 18:01:50.504846,0.0,0.0,0.0
2022-01-23 18:01:51.003240,0.0,0.0,0.0
2022-01-23 18:01:51.508075,0.0,0.0,0.0
2022-01-23 18:01:52.007157,0.0,0.0,0.0
2022-01-23 18:01:52.505006,0.0,0.0,0.0
2022-01-23 18:01:53.003378,0.0,0.0,0.0
2022-01-23 18:01:53.508852,0.0,0.0,0.0
2022-01-23 18:01:54.008013,0.0,0.0,0.0
2022-01-23 18:01:54.503134,0.0,0.0,0.0
2022-01-23 18:01:55.002481,0.0,0.0,0.0
2022-01-23 18:01:55.507664,0.0,0.0,0.0
2022-01-23 18:01:56.006715,0.0,0.0,0.0
2022-01-23 18:01:56.502268,0.0,0.0,0.0
2022-01-23 18:01:57.009778,0.0,0.0,0.0
2022-01-23 18:01:57.505625,0.0,0.0,0.0
2022-01-23 18:01:58.005570,0.0,0.0,0.0
2022-01-23 18:01:58.501207,0.0,0.0,0.0
2022-01-23 18:01:59.008989,0.0,0.0,0.0
2022-01-23 18:01:59.504953,0.0,0.0,0.0
2022-01-23 18:02:00.003059,0.0,0.0,0.0
2022-01-23 18:02:00.509886,0.0,0.0,0.0
2022-01-23 18:02:01.007924,0.0,0.0,0.0
2022-01-23 18:02:01.502850,0.0,0.0,0.0
2022-01-23 18:02:02.010766,0.0,0.0,0.0
2022-01-23 18:02:02.506433,0.0,0.0,0.0
2022-01-23 18:02:03.005923,0.0,0.0,0.0
2022-01-23 18:02:03.503362,0.0,0.0,0.0
2022-01-23 18:02:04.002746,0.0,0.0,0.0
2022-01-23 18:02:04.509107,0.0,0.0,0.0
2022-01-23 18:02:05.006829,0.0,0.0,0.0
2022-01-23 18:02:05.504555,0.0,0.0,0.0
2022-01-23 18:02:06.003092,0.0,0.0,0.0
2022-01-23 18:02:06.507433,0.0,0.0,0.0
2022-01-23 18:02:07.006327,0.0,0.0,0.0
2022-01-23 18:02:07.503208,0.0,0.0,0.0
2022-01-23 18:02:08.001435,0.0,0.0,0.0
2022-01-23 18:02:08.507278,0.0,0.0,0.0
2022-01-23 18:02:09.004577,0.0,0.0,0.0
2022-01-23 18:02:09.509100,0.0,0.0,0.0
2022-01-23 18:02:10.009545,0.0,0.0,0.0
2022-01-23 18:02:10.505659,0.0,0.0,0.0
2022-01-23 18:02:11.009042,0.0,0.0,0.0
2022-01-23 18:02:11.503424,0.0,0.0,0.0
2022-01-23 18:02:12.002827,0.0,0.0,0.0
2022-01-23 18:02:12.508830,0.0,0.0,0.0
2022-01-23 18:02:13.006276,0.0,0.0,0.0
2022-01-23 18:02:13.501881,0.0,0.0,0.0
2022-01-23 18:02:14.009535,0.0,0.0,0.0
2022-01-23 18:02:14.506939,0.0,0.0,0.0
2022-01-23 18:02:15.005982,0.0,0.0,0.0
2022-01-23 18:02:15.501386,0.0,0.0,0.0
2022-01-23 18:02:16.009850,0.0,0.0,0.0
2022-01-23 18:02:16.506488,0.0,0.0,0.0
2022-01-23 18:02:17.004858,0.0,0.0,0.0
2022-01-23 18:02:18.004350,0.0,0.0,0.0
2022-01-23 18:02:18.501717,0.0,0.0,0.0
2022-01-23 18:02:19.010758,0.0,0.0,0.0
2022-01-23 18:02:19.507209,0.0,0.0,0.0
2022-01-23 18:02:20.005758,0.0,0.0,0.0
2022-01-23 18:02:20.501712,0.0,0.0,0.0
2022-01-23 18:02:21.010925,0.0,0.0,0.0
2022-01-23 18:02:21.506762,0.0,0.0,0.0
2022-01-23 18:02:22.009121,0.0,0.0,0.0
2022-01-23 18:02:22.505255,0.0,0.0,0.0
2022-01-23 18:02:23.004465,0.0,0.0,0.0
2022-01-23 18:02:23.501529,0.0,0.0,0.0
2022-01-23 18:02:24.010464,0.0,0.0,0.0
2022-01-23 18:02:24.505926,0.0,0.0,0.0
2022-01-23 18:02:25.004579,0.0,0.0,0.0
2022-01-23 18:02:26.004988,0.0,0.0,0.0
2022-01-23 18:02:26.510144,0.0,0.0,0.0
2022-01-23 18:02:27.008412,0.0,0.0,0.0
2022-01-23 18:02:27.503264,0.0,0.0,0.0
2022-01-23 18:02:28.002521,0.0,0.0,0.0
2022-01-23 18:02:28.510527,0.0,0.0,0.0
2022-01-23 18:02:29.001397,0.0,0.0,0.0
2022-01-23 18:02:29.507520,0.0,0.0,0.0
2022-01-23 18:02:30.006431,0.0,0.0,0.0
2022-01-23 18:02:30.511175,0.0,0.0,0.0
2022-01-23 18:02:31.009404,0.0,0.0,0.0
2022-01-23 18:02:31.505170,0.0,0.0,0.0
2022-01-23 18:02:32.004264,0.0,0.0,0.0
2022-01-23 18:02:32.511005,0.0,0.0,0.0
2022-01-23 18:02:33.000866,0.0,0.0,0.0
2022-01-23 18:02:33.506009,0.0,0.0,0.0
2022-01-23 18:02:34.006641,0.0,0.0,0.0
2022-01-23 18:02:34.502851,0.0,0.0,0.0
2022-01-23 18:02:35.001689,0.0,0.0,0.0
2022-01-23 18:02:35.507837,0.0,0.0,0.0
2022-01-23 18:02:36.008387,0.0,0.0,0.0
2022-01-23 18:02:36.505714,0.0,0.0,0.0
2022-01-23 18:02:37.002613,0.0,0.0,0.0
2022-01-23 18:02:37.509990,0.0,0.0,0.0
2022-01-23 18:02:38.010100,0.0,0.0,0.0
2022-01-23 18:02:38.505491,0.0,0.0,0.0
2022-01-23 18:02:39.003273,0.0,0.0,0.0
2022-01-23 18:02:39.509298,0.0,0.0,0.0
2022-01-23 18:02:40.006988,0.0,0.0,0.0
2022-01-23 18:02:40.503813,0.0,0.0,0.0
2022-01-23 18:02:41.002566,0.0,0.0,0.0
2022-01-23 18:02:41.508113,0.0,0.0,0.0
2022-01-23 18:02:42.008303,0.0,0.0,0.0
2022-01-23 18:02:42.502728,0.0,0.0,0.0
2022-01-23 18:02:43.010879,0.0,0.0,0.0
2022-01-23 18:02:43.508626,0.0,0.0,0.0
2022-01-23 18:02:44.007571,0.0,0.0,0.0
2022-01-23 18:02:44.503476,0.0,0.0,0.0
2022-01-23 18:02:45.001791,0.0,0.0,0.0
2022-01-23 18:02:45.506760,0.0,0.0,0.0
2022-01-23 18:02:46.004017,0.0,0.0,0.0
2022-01-23 18:02:46.501863,0.0,0.0,0.0
2022-01-23 18:02:47.010154,0.0,0.0,0.0
2022-01-23 18:02:47.506201,0.0,0.0,0.0
2022-01-23 18:02:48.003477,0.0,0.0,0.0
2022-01-23 18:02:48.508429,0.0,0.0,0.0
2022-01-23 18:02:49.007375,0.0,0.0,0.0
2022-01-23 18:02:49.502724,0.0,0.0,0.0
2022-01-23 18:02:50.003824,0.0,0.0,0.0
2022-01-23 18:02:50.508108,0.0,0.0,0.0
2022-01-23 18:02:51.005920,0.0,0.0,0.0
2022-01-23 18:02:51.502753,0.0,0.0,0.0
2022-01-23 18:02:52.002014,0.0,0.0,0.0
2022-01-23 18:02:52.508005,0.0,0.0,0.0
2022-01-23 18:02:53.006927,0.0,0.0,0.0
2022-01-23 18:02:53.502958,0.0,0.0,0.0
2022-01-23 18:02:54.001846,0.0,0.0,0.0
2022-01-23 18:02:54.506455,0.0,0.0,0.0
2022-01-23 18:02:55.004400,0.0,0.0,0.0
2022-01-23 18:02:55.511220,0.0,0.0,0.0
2022-01-23 18:02:56.010692,0.0,0.0,0.0
2022-01-23 18:02:56.505801,0.0,0.0,0.0
2022-01-23 18:02:57.004492,0.0,0.0,0.0
2022-01-23 18:02:57.510773,0.0,0.0,0.0
2022-01-23 18:02:58.008938,0.0,0.0,0.0
2022-01-23 18:02:58.504203,0.0,0.0,0.0
2022-01-23 18:02:59.002228,0.0,0.0,0.0
2022-01-23 18:02:59.508954,0.0,0.0,0.0
2022-01-23 18:03:00.007423,0.0,0.0,0.0
2022-01-23 18:03:00.500813,0.0,0.0,0.0
2022-01-23 18:03:01.005247,0.0,0.0,0.0
2022-01-23 18:03:01.510741,0.0,0.0,0.0
2022-01-23 18:03:02.009548,0.0,0.0,0.0
2022-01-23 18:03:02.506315,0.0,0.0,0.0
2022-01-23 18:03:03.003958,0.0,0.0,0.0
2022-01-23 18:03:03.510610,0.0,0.0,0.0
2022-01-23 18:03:04.001132,0.0,0.0,0.0
2022-01-23 18:03:04.506306,0.0,0.0,0.0
2022-01-23 18:03:05.004323,0.0,0.0,0.0
2022-01-23 18:03:05.510141,0.0,0.0,0.0
2022-01-23 18:03:06.008696,0.0,0.0,0.0
2022-01-23 18:03:06.503617,0.0,0.0,0.0
2022-01-23 18:03:07.001635,0.0,0.0,0.0
2022-01-23 18:03:07.507227,0.0,0.0,0.0
2022-01-23 18:03:08.006261,0.0,0.0,0.0
2022-01-23 18:03:08.502523,0.0,0.0,0.0
2022-01-23 18:03:09.000974,0.0,0.0,0.0
2022-01-23 18:03:09.508528,0.0,0.0,0.0
2022-01-23 18:03:10.007391,0.0,0.0,0.0
2022-01-23 18:03:10.501697,0.0,0.0,0.0
2022-01-23 18:03:11.009794,0.0,0.0,0.0
2022-01-23 18:03:11.504474,0.0,0.0,0.0
2022-01-23 18:03:12.003292,0.0,0.0,0.0
2022-01-23 18:03:12.510987,0.0,0.0,0.0
2022-01-23 18:03:13.007959,0.0,0.0,0.0
2022-01-23 18:03:13.504240,0.0,0.0,0.0
2022-01-23 18:03:14.003137,0.0,0.0,0.0
2022-01-23 18:03:14.509129,0.0,0.0,0.0
2022-01-23 18:03:15.008040,0.0,0.0,0.0
2022-01-23 18:03:15.503323,0.0,0.0,0.0
2022-01-23 18:03:16.002466,0.0,0.0,0.0
2022-01-23 18:03:16.507244,0.0,0.0,0.0
2022-01-23 18:03:17.007803,0.0,0.0,0.0
2022-01-23 18:03:17.505085,0.0,0.0,0.0
2022-01-23 18:03:18.002814,0.0,0.0,0.0
2022-01-23 18:03:18.507744,0.0,0.0,0.0
2022-01-23 18:03:19.006392,0.0,0.0,0.0
2022-01-23 18:03:19.502898,0.0,0.0,0.0
2022-01-23 18:03:20.504863,0.0,0.0,0.0
2022-01-23 18:03:21.002987,0.0,0.0,0.0
2022-01-23 18:03:21.508824,0.0,0.0,0.0
2022-01-23 18:03:22.007624,0.0,0.0,0.0
2022-01-23 18:03:22.502581,0.0,0.0,0.0
2022-01-23 18:03:23.010620,0.0,0.0,0.0
2022-01-23 18:03:23.505500,0.0,0.0,0.0
2022-01-23 18:03:24.003947,0.0,0.0,0.0
2022-01-23 18:03:24.511078,0.0,0.0,0.0
2022-01-23 18:03:25.009704,0.0,0.0,0.0
2022-01-23 18:03:25.504667,0.0,0.0,0.0
2022-01-23 18:03:26.002276,0.0,0.0,0.0
2022-01-23 18:03:26.509354,0.0,0.0,0.0
2022-01-23 18:03:27.006864,0.0,0.0,0.0
2022-01-23 18:03:27.502004,0.0,0.0,0.0
2022-01-23 18:03:28.010938,0.0,0.0,0.0
2022-01-23 18:03:28.508371,0.0,0.0,0.0
2022-01-23 18:03:29.003956,0.0,0.0,0.0
2022-01-23 18:03:29.501629,0.0,0.0,0.0
2022-01-23 18:03:30.009772,0.0,0.0,0.0
2022-01-23 18:03:30.505180,0.0,0.0,0.0
2022-01-23 18:03:31.005078,0.0,0.0,0.0
2022-01-23 18:03:31.511055,0.0,0.0,0.0
2022-01-23 18:03:32.001790,0.0,0.0,0.0
2022-01-23 18:03:32.507703,0.0,0.0,0.0
2022-01-23 18:03:33.007152,0.0,0.0,0.0
2022-01-23 18:03:33.503200,0.0,0.0,0.0
2022-01-23 18:03:34.002111,0.0,0.0,0.0
2022-01-23 18:03:34.506980,0.0,0.0,0.0
2022-01-23 18:03:35.004374,0.0,0.0,0.0
2022-01-23 18:03:35.502380,0.0,0.0,0.0
2022-01-23 18:03:36.010418,0.0,0.0,0.0
2022-01-23 18:03:36.505275,0.0,0.0,0.0
2022-01-23 18:03:37.005957,0.0,0.0,0.0
2022-01-23 18:03:37.501137,0.0,0.0,0.0
2022-01-23 18:03:38.009100,0.0,0.0,0.0
2022-01-23 18:03:38.504999,0.0,0.0,0.0
2022-01-23 18:03:39.003150,0.0,0.0,0.0
2022-01-23 18:03:39.509185,0.0,0.0,0.0
2022-01-23 18:03:40.010328,0.0,0.0,0.0
2022-01-23 18:03:40.504578,0.0,0.0,0.0
2022-01-23 18:03:41.002997,0.0,0.0,0.0
2022-01-23 18:03:41.509396,0.0,0.0,0.0
2022-01-23 18:03:42.009060,0.0,0.0,0.0
2022-01-23 18:03:42.504831,0.0,0.0,0.0
2022-01-23 18:03:43.002996,0.0,0.0,0.0
2022-01-23 18:03:43.508988,0.0,0.0,0.0
2022-01-23 18:03:44.007766,0.0,0.0,0.0
2022-01-23 18:03:44.506791,0.0,0.0,0.0
2022-01-23 18:03:45.005648,0.0,0.0,0.0
2022-01-23 18:03:45.501556,0.0,0.0,0.0
2022-01-23 18:03:46.010074,0.0,0.0,0.0
2022-01-23 18:03:46.506052,0.0,0.0,0.0
2022-01-23 18:03:47.005754,0.0,0.0,0.0
2022-01-23 18:03:47.501449,0.0,0.0,0.0
2022-01-23 18:03:48.010247,0.0,0.0,0.0
2022-01-23 18:03:48.506258,0.0,0.0,0.0
2022-01-23 18:03:49.004883,0.0,0.0,0.0
2022-01-23 18:03:49.509249,0.0,0.0,0.0
2022-01-23 18:03:50.007221,0.0,0.0,0.0
2022-01-23 18:03:50.501766,0.0,0.0,0.0
2022-01-23 18:03:51.505103,0.0,0.0,0.0
2022-01-23 18:03:52.003967,0.0,0.0,0.0
2022-01-23 18:03:52.510775,0.0,0.0,0.0
2022-01-23 18:03:53.009248,0.0,0.0,0.0
2022-01-23 18:03:53.506349,0.0,0.0,0.0
2022-01-23 18:03:54.005486,0.0,0.0,0.0
2022-01-23 18:03:54.510417,0.0,0.0,0.0
2022-01-23 18:03:55.008413,0.0,0.0,0.0
2022-01-23 18:03:55.504082,0.0,0.0,0.0
2022-01-23 18:03:56.002412,0.0,0.0,0.0
2022-01-23 18:03:56.507359,0.0,0.0,0.0
2022-01-23 18:03:57.005366,0.0,0.0,0.0
2022-01-23 18:03:57.510454,0.0,0.0,0.0
2022-01-23 18:03:58.009278,0.0,0.0,0.0
2022-01-23 18:03:58.506349,0.0,0.0,0.0
2022-01-23 18:03:59.003766,0.0,0.0,0.0
2022-01-23 18:03:59.502076,0.0,0.0,0.0
2022-01-23 18:04:00.009513,0.0,0.0,0.0
2022-01-23 18:04:00.504300,0.0,0.0,0.0
2022-01-23 18:04:01.002827,0.0,0.0,0.0
2022-01-23 18:04:01.510981,0.0,0.0,0.0
2022-01-23 18:04:02.010487,0.0,0.0,0.0
2022-01-23 18:04:02.505441,0.0,0.0,0.0
2022-01-23 18:04:03.004342,0.0,0.0,0.0
2022-01-23 18:04:03.501697,0.0,0.0,0.0
2022-01-23 18:04:04.009544,0.0,0.0,0.0
2022-01-23 18:04:04.505374,0.0,0.0,0.0
2022-01-23 18:04:05.005388,0.0,0.0,0.0
2022-01-23 18:04:05.510150,0.0,0.0,0.0
2022-01-23 18:04:06.007461,0.0,0.0,0.0
2022-01-23 18:04:06.503323,0.0,0.0,0.0
2022-01-23 18:04:07.003422,0.0,0.0,0.0
2022-01-23 18:04:07.502120,0.0,0.0,0.0
2022-01-23 18:04:08.010321,0.0,0.0,0.0
2022-01-23 18:04:08.506481,0.0,0.0,0.0
2022-01-23 18:04:09.003590,0.0,0.0,0.0
2022-01-23 18:04:09.507942,0.0,0.0,0.0
2022-01-23 18:04:10.008329,0.0,0.0,0.0
2022-01-23 18:04:10.502390,0.0,0.0,0.0
2022-01-23 18:04:11.007387,0.0,0.0,0.0
2022-01-23 18:04:11.504281,0.0,0.0,0.0
2022-01-23 18:04:12.004580,0.0,0.0,0.0
2022-01-23 18:04:12.510407,0.0,0.0,0.0
2022-01-23 18:04:13.009041,0.0,0.0,0.0
2022-01-23 18:04:13.506461,0.0,0.0,0.0
2022-01-23 18:04:14.005126,0.0,0.0,0.0
2022-01-23 18:04:14.501432,0.0,0.0,0.0
2022-01-23 18:04:15.009680,0.0,0.0,0.0
2022-01-23 18:04:15.505103,0.0,0.0,0.0
2022-01-23 18:04:16.004054,0.0,0.0,0.0
2022-01-23 18:04:16.511145,0.0,0.0,0.0
2022-01-23 18:04:17.008082,0.0,0.0,0.0
2022-01-23 18:04:17.503333,0.0,0.0,0.0
2022-01-23 18:04:18.001745,0.0,0.0,0.0
2022-01-23 18:04:18.507952,0.0,0.0,0.0
2022-01-23 18:04:19.007262,0.0,0.0,0.0
2022-01-23 18:04:19.503187,0.0,0.0,0.0
2022-01-23 18:04:20.002305,0.0,0.0,0.0
2022-01-23 18:04:20.508013,0.0,0.0,0.0
2022-01-23 18:04:21.007496,0.0,0.0,0.0
2022-01-23 18:04:21.502857,0.0,0.0,0.0
2022-01-23 18:04:22.001860,0.0,0.0,0.0
2022-01-23 18:04:22.508669,0.0,0.0,0.0
2022-01-23 18:04:23.007164,0.0,0.0,0.0
2022-01-23 18:04:23.502931,0.0,0.0,0.0
2022-01-23 18:04:24.001298,0.0,0.0,0.0
2022-01-23 18:04:24.509184,0.0,0.0,0.0
2022-01-23 18:04:25.007331,0.0,0.0,0.0
2022-01-23 18:04:25.505963,0.0,0.0,0.0
2022-01-23 18:04:26.004000,0.0,0.0,0.0
2022-01-23 18:04:26.509742,0.0,0.0,0.0
2022-01-23 18:04:27.009117,0.0,0.0,0.0
2022-01-23 18:04:27.503572,0.0,0.0,0.0
2022-01-23 18:04:28.002296,0.0,0.0,0.0
2022-01-23 18:04:28.508349,0.0,0.0,0.0
2022-01-23 18:04:29.006262,0.0,0.0,0.0
2022-01-23 18:04:29.501567,0.0,0.0,0.0
2022-01-23 18:04:30.003002,0.0,0.0,0.0
2022-01-23 18:04:30.507742,0.0,0.0,0.0
2022-01-23 18:04:31.006187,0.0,0.0,0.0
2022-01-23 18:04:31.501683,0.0,0.0,0.0
2022-01-23 18:04:32.010511,0.0,0.0,0.0
2022-01-23 18:04:32.506317,0.0,0.0,0.0
2022-01-23 18:04:33.003306,0.0,0.0,0.0
2022-01-23 18:04:33.508530,0.0,0.0,0.0
2022-01-23 18:04:34.006262,0.0,0.0,0.0
2022-01-23 18:04:34.502258,0.0,0.0,0.0
2022-01-23 18:04:35.505140,0.0,0.0,0.0
2022-01-23 18:04:36.004412,0.0,0.0,0.0
2022-01-23 18:04:36.510674,0.0,0.0,0.0
2022-01-23 18:04:37.008440,0.0,0.0,0.0
2022-01-23 18:04:37.504654,0.0,0.0,0.0
2022-01-23 18:04:38.002767,0.0,0.0,0.0
2022-01-23 18:04:38.509987,0.0,0.0,0.0
2022-01-23 18:04:39.008016,0.0,0.0,0.0
2022-01-23 18:04:39.505137,0.0,0.0,0.0
2022-01-23 18:04:40.003627,0.0,0.0,0.0
2022-01-23 18:04:40.509719,0.0,0.0,0.0
2022-01-23 18:04:41.008311,0.0,0.0,0.0
2022-01-23 18:04:41.504033,0.0,0.0,0.0
2022-01-23 18:04:42.002476,0.0,0.0,0.0
2022-01-23 18:04:42.507070,0.0,0.0,0.0
2022-01-23 18:04:43.005211,0.0,0.0,0.0
2022-01-23 18:04:43.509710,0.0,0.0,0.0
2022-01-23 18:04:44.008068,0.0,0.0,0.0
2022-01-23 18:04:44.503309,0.0,0.0,0.0
2022-01-23 18:04:45.004232,0.0,0.0,0.0
2022-01-23 18:04:45.508815,0.0,0.0,0.0
2022-01-23 18:04:46.008363,0.0,0.0,0.0
2022-01-23 18:04:46.503920,0.0,0.0,0.0
2022-01-23 18:04:47.001958,0.0,0.0,0.0
2022-01-23 18:04:47.507376,0.0,0.0,0.0
2022-01-23 18:04:48.005149,0.0,0.0,0.0
2022-01-23 18:04:48.501738,0.0,0.0,0.0
2022-01-23 18:04:49.010265,0.0,0.0,0.0
2022-01-23 18:04:49.506432,0.0,0.0,0.0
2022-01-23 18:04:50.004149,0.0,0.0,0.0
2022-01-23 18:04:50.509100,0.0,0.0,0.0
2022-01-23 18:04:51.004402,0.0,0.0,0.0
2022-01-23 18:04:51.510748,0.0,0.0,0.0
2022-01-23 18:04:52.010608,0.0,0.0,0.0
2022-01-23 18:04:52.504550,0.0,0.0,0.0
2022-01-23 18:04:53.003570,0.0,0.0,0.0
2022-01-23 18:04:53.509804,0.0,0.0,0.0
2022-01-23 18:04:54.007868,0.0,0.0,0.0
2022-01-23 18:04:54.502289,0.0,0.0,0.0
2022-01-23 18:04:55.010543,0.0,0.0,0.0
2022-01-23 18:04:55.505941,0.0,0.0,0.0
2022-01-23 18:04:56.003858,0.0,0.0,0.0
2022-01-23 18:04:56.509093,0.0,0.0,0.0
2022-01-23 18:04:57.007387,0.0,0.0,0.0
2022-01-23 18:04:57.505126,0.0,0.0,0.0
2022-01-23 18:04:58.003915,0.0,0.0,0.0
2022-01-23 18:04:58.509411,0.0,0.0,0.0
2022-01-23 18:04:59.007816,0.0,0.0,0.0
2022-01-23 18:04:59.503586,0.0,0.0,0.0
2022-01-23 18:05:00.003584,0.0,0.0,0.0
2022-01-23 18:05:00.506587,0.0,0.0,0.0
2022-01-23 18:05:01.003354,0.0,0.0,0.0
2022-01-23 18:05:01.510534,0.0,0.0,0.0
2022-01-23 18:05:02.011175,0.0,0.0,0.0
2022-01-23 18:05:02.506629,0.0,0.0,0.0
2022-01-23 18:05:03.004455,0.0,0.0,0.0
2022-01-23 18:05:03.501428,0.0,0.0,0.0
2022-01-23 18:05:04.010365,0.0,0.0,0.0
2022-01-23 18:05:04.506519,0.0,0.0,0.0
2022-01-23 18:05:05.004502,0.0,0.0,0.0
2022-01-23 18:05:05.509882,0.0,0.0,0.0
2022-01-23 18:05:06.011173,0.0,0.0,0.0
2022-01-23 18:05:06.506251,0.0,0.0,0.0
2022-01-23 18:05:07.004756,0.0,0.0,0.0
2022-01-23 18:05:07.510428,0.0,0.0,0.0
2022-01-23 18:05:08.007927,0.0,0.0,0.0
2022-01-23 18:05:08.503997,0.0,0.0,0.0
2022-01-23 18:05:09.003358,0.0,0.0,0.0
2022-01-23 18:05:09.510075,0.0,0.0,0.0
2022-01-23 18:05:10.007774,0.0,0.0,0.0
2022-01-23 18:05:10.505855,0.0,0.0,0.0
2022-01-23 18:05:11.004359,0.0,0.0,0.0
2022-01-23 18:05:11.509240,0.0,0.0,0.0
2022-01-23 18:05:12.007818,0.0,0.0,0.0
2022-01-23 18:05:12.504052,0.0,0.0,0.0
2022-01-23 18:05:13.004003,0.0,0.0,0.0
2022-01-23 18:05:13.501120,0.0,0.0,0.0
2022-01-23 18:05:14.010438,0.0,0.0,0.0
2022-01-23 18:05:14.509332,0.0,0.0,0.0
2022-01-23 18:05:15.007341,0.0,0.0,0.0
2022-01-23 18:05:15.502844,0.0,0.0,0.0
2022-01-23 18:05:16.011028,0.0,0.0,0.0
2022-01-23 18:05:16.506926,0.0,0.0,0.0
2022-01-23 18:05:17.006480,0.0,0.0,0.0
2022-01-23 18:05:17.502435,0.0,0.0,0.0
2022-01-23 18:05:18.010768,0.0,0.0,0.0
2022-01-23 18:05:18.506530,0.0,0.0,0.0
2022-01-23 18:05:19.004762,0.0,0.0,0.0
2022-01-23 18:05:19.511245,0.0,0.0,0.0
2022-01-23 18:05:20.008893,0.0,0.0,0.0
2022-01-23 18:05:20.504465,0.0,0.0,0.0
2022-01-23 18:05:21.002340,0.0,0.0,0.0
2022-01-23 18:05:21.508971,0.0,0.0,0.0
2022-01-23 18:05:22.007555,0.0,0.0,0.0
2022-01-23 18:05:22.503361,0.0,0.0,0.0
2022-01-23 18:05:23.001697,0.0,0.0,0.0
2022-01-23 18:05:23.509955,0.0,0.0,0.0
2022-01-23 18:05:24.008125,0.0,0.0,0.0
2022-01-23 18:05:24.503368,0.0,0.0,0.0
2022-01-23 18:05:25.001924,0.0,0.0,0.0
2022-01-23 18:05:25.507398,0.0,0.0,0.0
2022-01-23 18:05:26.004583,0.0,0.0,0.0
2022-01-23 18:05:26.509189,0.0,0.0,0.0
2022-01-23 18:05:27.008225,0.0,0.0,0.0
2022-01-23 18:05:27.502785,0.0,0.0,0.0
2022-01-23 18:05:28.001713,0.0,0.0,0.0
2022-01-23 18:05:28.508305,0.0,0.0,0.0
2022-01-23 18:05:29.006627,0.0,0.0,0.0
2022-01-23 18:05:29.502662,0.0,0.0,0.0
2022-01-23 18:05:30.010852,0.0,0.0,0.0
2022-01-23 18:05:30.508766,0.0,0.0,0.0
2022-01-23 18:05:31.006438,0.0,0.0,0.0
2022-01-23 18:05:31.501704,0.0,0.0,0.0
2022-01-23 18:05:32.010214,0.0,0.0,0.0
2022-01-23 18:05:32.506824,0.0,0.0,0.0
2022-01-23 18:05:33.003885,0.0,0.0,0.0
2022-01-23 18:05:33.509301,0.0,0.0,0.0
2022-01-23 18:05:34.007187,0.0,0.0,0.0
2022-01-23 18:05:34.501294,0.0,0.0,0.0
2022-01-23 18:05:35.008806,0.0,0.0,0.0
2022-01-23 18:05:35.505097,0.0,0.0,0.0
2022-01-23 18:05:36.002750,0.0,0.0,0.0
2022-01-23 18:05:36.507899,0.0,0.0,0.0
2022-01-23 18:05:37.006433,0.0,0.0,0.0
2022-01-23 18:05:37.502822,0.0,0.0,0.0
2022-01-23 18:05:38.002311,0.0,0.0,0.0
2022-01-23 18:05:38.508665,0.0,0.0,0.0
2022-01-23 18:05:39.006742,0.0,0.0,0.0
2022-01-23 18:05:39.502239,0.0,0.0,0.0
2022-01-23 18:05:40.010380,0.0,0.0,0.0
2022-01-23 18:05:40.504773,0.0,0.0,0.0
2022-01-23 18:05:41.003444,0.0,0.0,0.0
2022-01-23 18:05:41.508614,0.0,0.0,0.0
2022-01-23 18:05:42.009033,0.0,0.0,0.0
2022-01-23 18:05:42.504031,0.0,0.0,0.0
2022-01-23 18:05:43.003805,0.0,0.0,0.0
2022-01-23 18:05:43.510369,0.0,0.0,0.0
2022-01-23 18:05:44.001244,0.0,0.0,0.0
2022-01-23 18:05:44.508147,0.0,0.0,0.0
2022-01-23 18:05:45.005641,0.0,0.0,0.0
2022-01-23 18:05:45.510790,0.0,0.0,0.0
2022-01-23 18:05:46.009222,0.0,0.0,0.0
2022-01-23 18:05:46.505183,0.0,0.0,0.0
2022-01-23 18:05:47.003088,0.0,0.0,0.0
2022-01-23 18:05:47.507701,0.0,0.0,0.0
2022-01-23 18:05:48.006292,0.0,0.0,0.0
2022-01-23 18:05:48.502066,0.0,0.0,0.0
2022-01-23 18:05:49.010099,0.0,0.0,0.0
2022-01-23 18:05:49.505090,0.0,0.0,0.0
2022-01-23 18:05:50.003122,0.0,0.0,0.0
2022-01-23 18:05:50.508582,0.0,0.0,0.0
2022-01-23 18:05:51.007401,0.0,0.0,0.0
2022-01-23 18:05:51.502604,0.0,0.0,0.0
2022-01-23 18:05:52.011007,0.0,0.0,0.0
2022-01-23 18:05:52.506189,0.0,0.0,0.0
2022-01-23 18:05:53.003263,0.0,0.0,0.0
2022-01-23 18:05:53.508157,0.0,0.0,0.0
2022-01-23 18:05:54.008504,0.0,0.0,0.0
2022-01-23 18:05:54.504138,0.0,0.0,0.0
2022-01-23 18:05:55.002283,0.0,0.0,0.0
2022-01-23 18:05:55.509931,0.0,0.0,0.0
2022-01-23 18:05:56.007206,0.0,0.0,0.0
2022-01-23 18:05:56.501526,0.0,0.0,0.0
2022-01-23 18:05:57.009899,0.0,0.0,0.0
2022-01-23 18:05:57.504632,0.0,0.0,0.0
2022-01-23 18:05:58.003918,0.0,0.0,0.0
2022-01-23 18:05:58.509417,0.0,0.0,0.0
2022-01-23 18:05:59.007454,0.0,0.0,0.0
2022-01-23 18:05:59.502811,0.0,0.0,0.0
2022-01-23 18:06:00.001783,0.0,0.0,0.0
2022-01-23 18:06:00.506839,0.0,0.0,0.0
2022-01-23 18:06:01.005127,0.0,0.0,0.0
2022-01-23 18:06:01.501394,0.0,0.0,0.0
2022-01-23 18:06:02.009794,0.0,0.0,0.0
2022-01-23 18:06:02.504118,0.0,0.0,0.0
2022-01-23 18:06:03.002875,0.0,0.0,0.0
2022-01-23 18:06:03.509133,0.0,0.0,0.0
2022-01-23 18:06:04.007313,0.0,0.0,0.0
2022-01-23 18:06:04.503233,0.0,0.0,0.0
2022-01-23 18:06:05.010597,0.0,0.0,0.0
2022-01-23 18:06:05.506316,0.0,0.0,0.0
2022-01-23 18:06:06.004861,0.0,0.0,0.0
2022-01-23 18:06:06.510471,0.0,0.0,0.0
2022-01-23 18:06:07.007447,0.0,0.0,0.0
2022-01-23 18:06:07.502993,0.0,0.0,0.0
2022-01-23 18:06:08.001055,0.0,0.0,0.0
2022-01-23 18:06:08.507325,0.0,0.0,0.0
2022-01-23 18:06:09.005522,0.0,0.0,0.0
2022-01-23 18:06:09.501067,0.0,0.0,0.0
2022-01-23 18:06:10.010366,0.0,0.0,0.0
2022-01-23 18:06:10.507133,0.0,0.0,0.0
2022-01-23 18:06:11.005752,0.0,0.0,0.0
2022-01-23 18:06:11.510278,0.0,0.0,0.0
2022-01-23 18:06:12.008314,0.0,0.0,0.0
2022-01-23 18:06:12.506624,0.0,0.0,0.0
2022-01-23 18:06:13.004709,0.0,0.0,0.0
2022-01-23 18:06:13.511183,0.0,0.0,0.0
2022-01-23 18:06:14.009168,0.0,0.0,0.0
2022-01-23 18:06:14.504215,0.0,0.0,0.0
2022-01-23 18:06:15.001264,0.0,0.0,0.0
2022-01-23 18:06:15.506506,0.0,0.0,0.0
2022-01-23 18:06:16.006189,0.0,0.0,0.0
2022-01-23 18:06:16.501745,0.0,0.0,0.0
2022-01-23 18:06:17.001743,0.0,0.0,0.0
2022-01-23 18:06:17.511140,0.0,0.0,0.0
2022-01-23 18:06:18.010275,0.0,0.0,0.0
2022-01-23 18:06:18.506233,0.0,0.0,0.0
2022-01-23 18:06:19.004273,0.0,0.0,0.0
2022-01-23 18:06:19.509671,0.0,0.0,0.0
2022-01-23 18:06:20.008055,0.0,0.0,0.0
2022-01-23 18:06:20.502708,0.0,0.0,0.0
2022-01-23 18:06:21.010870,0.0,0.0,0.0
2022-01-23 18:06:21.506954,0.0,0.0,0.0
2022-01-23 18:06:22.001289,0.0,0.0,0.0
2022-01-23 18:06:22.507504,0.0,0.0,0.0
2022-01-23 18:06:23.006212,0.0,0.0,0.0
2022-01-23 18:06:23.503003,0.0,0.0,0.0
2022-01-23 18:06:24.003355,0.0,0.0,0.0
2022-01-23 18:06:24.509105,0.0,0.0,0.0
2022-01-23 18:06:25.007225,0.0,0.0,0.0
2022-01-23 18:06:25.503237,0.0,0.0,0.0
2022-01-23 18:06:26.001455,0.0,0.0,0.0
2022-01-23 18:06:26.507529,0.0,0.0,0.0
2022-01-23 18:06:27.004604,0.0,0.0,0.0
2022-01-23 18:06:27.509957,0.0,0.0,0.0
2022-01-23 18:06:28.007331,0.0,0.0,0.0
2022-01-23 18:06:28.502729,0.0,0.0,0.0
2022-01-23 18:06:29.011224,0.0,0.0,0.0
2022-01-23 18:06:29.507883,0.0,0.0,0.0
2022-01-23 18:06:30.006360,0.0,0.0,0.0
2022-01-23 18:06:30.503454,0.0,0.0,0.0
2022-01-23 18:06:31.001894,0.0,0.0,0.0
2022-01-23 18:06:31.507235,0.0,0.0,0.0
2022-01-23 18:06:32.006354,0.0,0.0,0.0
2022-01-23 18:06:32.501158,0.0,0.0,0.0
2022-01-23 18:06:33.008500,0.0,0.0,0.0
2022-01-23 18:06:33.503849,0.0,0.0,0.0
2022-01-23 18:06:34.002469,0.0,0.0,0.0
2022-01-23 18:06:34.509130,0.0,0.0,0.0
2022-01-23 18:06:35.009925,0.0,0.0,0.0
2022-01-23 18:06:35.504194,0.0,0.0,0.0
2022-01-23 18:06:36.002445,0.0,0.0,0.0
2022-01-23 18:06:36.508908,0.0,0.0,0.0
2022-01-23 18:06:37.007851,0.0,0.0,0.0
2022-01-23 18:06:37.503901,0.0,0.0,0.0
2022-01-23 18:06:38.002942,0.0,0.0,0.0
2022-01-23 18:06:38.509185,0.0,0.0,0.0
2022-01-23 18:06:39.008714,0.0,0.0,0.0
2022-01-23 18:06:39.506428,0.0,0.0,0.0
2022-01-23 18:06:40.003533,0.0,0.0,0.0
2022-01-23 18:06:40.508973,0.0,0.0,0.0
2022-01-23 18:06:41.006768,0.0,0.0,0.0
2022-01-23 18:06:41.501045,0.0,0.0,0.0
2022-01-23 18:06:42.010365,0.0,0.0,0.0
2022-01-23 18:06:42.506137,0.0,0.0,0.0
2022-01-23 18:06:43.004707,0.0,0.0,0.0
2022-01-23 18:06:43.501445,0.0,0.0,0.0
2022-01-23 18:06:44.010969,0.0,0.0,0.0
2022-01-23 18:06:44.507217,0.0,0.0,0.0
2022-01-23 18:06:45.005568,0.0,0.0,0.0
2022-01-23 18:06:45.501096,0.0,0.0,0.0
2022-01-23 18:06:46.010342,0.0,0.0,0.0
2022-01-23 18:06:46.505006,0.0,0.0,0.0
2022-01-23 18:06:47.003935,0.0,0.0,0.0
2022-01-23 18:06:47.510716,0.0,0.0,0.0
2022-01-23 18:06:48.009167,0.0,0.0,0.0
2022-01-23 18:06:48.505704,0.0,0.0,0.0
2022-01-23 18:06:49.004046,0.0,0.0,0.0
2022-01-23 18:06:49.509683,0.0,0.0,0.0
2022-01-23 18:06:50.006762,0.0,0.0,0.0
2022-01-23 18:06:50.504236,0.0,0.0,0.0
2022-01-23 18:06:51.001647,0.0,0.0,0.0
2022-01-23 18:06:51.505738,0.0,0.0,0.0
2022-01-23 18:06:52.005162,0.0,0.0,0.0
2022-01-23 18:06:52.501773,0.0,0.0,0.0
2022-01-23 18:06:53.003512,0.0,0.0,0.0
2022-01-23 18:06:53.510053,0.0,0.0,0.0
2022-01-23 18:06:54.007371,0.0,0.0,0.0
2022-01-23 18:06:54.501293,0.0,0.0,0.0
2022-01-23 18:06:55.009134,0.0,0.0,0.0
2022-01-23 18:06:55.504660,0.0,0.0,0.0
2022-01-23 18:06:56.001843,0.0,0.0,0.0
2022-01-23 18:06:56.508635,0.0,0.0,0.0
2022-01-23 18:06:57.008498,0.0,0.0,0.0
2022-01-23 18:06:57.504510,0.0,0.0,0.0
2022-01-23 18:06:58.003516,0.0,0.0,0.0
2022-01-23 18:06:58.509354,0.0,0.0,0.0
2022-01-23 18:06:59.007463,0.0,0.0,0.0
2022-01-23 18:06:59.501477,0.0,0.0,0.0
2022-01-23 18:07:00.010386,0.0,0.0,0.0
2022-01-23 18:07:00.503758,0.0,0.0,0.0
2022-01-23 18:07:01.003556,0.0,0.0,0.0
2022-01-23 18:07:01.508864,0.0,0.0,0.0
2022-01-23 18:07:02.007823,0.0,0.0,0.0
2022-01-23 18:07:02.504339,0.0,0.0,0.0
2022-01-23 18:07:03.003433,0.0,0.0,0.0
2022-01-23 18:07:03.509791,0.0,0.0,0.0
2022-01-23 18:07:04.008890,0.0,0.0,0.0
2022-01-23 18:07:04.503361,0.0,0.0,0.0
2022-01-23 18:07:05.009015,0.0,0.0,0.0
2022-01-23 18:07:05.504851,0.0,0.0,0.0
2022-01-23 18:07:06.002824,0.0,0.0,0.0
2022-01-23 18:07:06.507892,0.0,0.0,0.0
2022-01-23 18:07:07.006706,0.0,0.0,0.0
2022-01-23 18:07:07.504493,0.0,0.0,0.0
2022-01-23 18:07:08.003851,0.0,0.0,0.0
2022-01-23 18:07:08.509533,0.0,0.0,0.0
2022-01-23 18:07:09.007477,0.0,0.0,0.0
2022-01-23 18:07:09.502564,0.0,0.0,0.0
2022-01-23 18:07:10.010895,0.0,0.0,0.0
2022-01-23 18:07:10.508658,0.0,0.0,0.0
2022-01-23 18:07:11.008491,0.0,0.0,0.0
2022-01-23 18:07:11.503438,0.0,0.0,0.0
2022-01-23 18:07:12.011069,0.0,0.0,0.0
2022-01-23 18:07:12.507441,0.0,0.0,0.0
2022-01-23 18:07:13.004434,0.0,0.0,0.0
2022-01-23 18:07:13.510194,0.0,0.0,0.0
2022-01-23 18:07:14.010325,0.0,0.0,0.0
2022-01-23 18:07:14.504919,0.0,0.0,0.0
2022-01-23 18:07:15.004080,0.0,0.0,0.0
2022-01-23 18:07:15.509031,0.0,0.0,0.0
2022-01-23 18:07:16.007235,0.0,0.0,0.0
2022-01-23 18:07:16.502722,0.0,0.0,0.0
2022-01-23 18:07:17.001661,0.0,0.0,0.0
2022-01-23 18:07:17.506786,0.0,0.0,0.0
2022-01-23 18:07:18.004612,0.0,0.0,0.0
2022-01-23 18:07:18.509824,0.0,0.0,0.0
2022-01-23 18:07:19.006745,0.0,0.0,0.0
2022-01-23 18:07:19.504919,0.0,0.0,0.0
2022-01-23 18:07:20.002878,0.0,0.0,0.0
2022-01-23 18:07:20.509756,0.0,0.0,0.0
2022-01-23 18:07:21.007498,0.0,0.0,0.0
2022-01-23 18:07:21.502775,0.0,0.0,0.0
2022-01-23 18:07:22.002768,0.0,0.0,0.0
2022-01-23 18:07:22.508491,0.0,0.0,0.0
2022-01-23 18:07:23.006747,0.0,0.0,0.0
2022-01-23 18:07:23.502261,0.0,0.0,0.0
2022-01-23 18:07:24.001710,0.0,0.0,0.0
2022-01-23 18:07:24.507391,0.0,0.0,0.0
2022-01-23 18:07:25.006725,0.0,0.0,0.0
2022-01-23 18:07:25.502167,0.0,0.0,0.0
2022-01-23 18:07:26.010708,0.0,0.0,0.0
2022-01-23 18:07:26.506284,0.0,0.0,0.0
2022-01-23 18:07:27.004166,0.0,0.0,0.0
2022-01-23 18:07:27.509753,0.0,0.0,0.0
2022-01-23 18:07:28.008394,0.0,0.0,0.0
2022-01-23 18:07:28.504395,0.0,0.0,0.0
2022-01-23 18:07:29.002231,0.0,0.0,0.0
2022-01-23 18:07:29.508079,0.0,0.0,0.0
2022-01-23 18:07:30.006919,0.0,0.0,0.0
2022-01-23 18:07:30.501902,0.0,0.0,0.0
2022-01-23 18:07:31.009979,0.0,0.0,0.0
2022-01-23 18:07:31.504740,0.0,0.0,0.0
2022-01-23 18:07:32.002390,0.0,0.0,0.0
2022-01-23 18:07:32.509021,0.0,0.0,0.0
2022-01-23 18:07:33.007627,0.0,0.0,0.0
2022-01-23 18:07:33.504572,0.0,0.0,0.0
2022-01-23 18:07:34.002176,0.0,0.0,0.0
2022-01-23 18:07:34.509363,0.0,0.0,0.0
2022-01-23 18:07:35.006388,0.0,0.0,0.0
2022-01-23 18:07:35.501097,0.0,0.0,0.0
2022-01-23 18:07:36.008269,0.0,0.0,0.0
2022-01-23 18:07:36.502638,0.0,0.0,0.0
2022-01-23 18:07:37.001489,0.0,0.0,0.0
2022-01-23 18:07:37.508429,0.0,0.0,0.0
2022-01-23 18:07:38.006777,0.0,0.0,0.0
2022-01-23 18:07:38.511113,0.0,0.0,0.0
2022-01-23 18:07:39.008939,0.0,0.0,0.0
2022-01-23 18:07:39.503760,0.0,0.0,0.0
2022-01-23 18:07:40.001948,0.0,0.0,0.0
2022-01-23 18:07:40.506312,0.0,0.0,0.0
2022-01-23 18:07:41.003906,0.0,0.0,0.0
2022-01-23 18:07:41.509956,0.0,0.0,0.0
2022-01-23 18:07:42.009744,0.0,0.0,0.0
2022-01-23 18:07:42.504587,0.0,0.0,0.0
2022-01-23 18:07:43.002759,0.0,0.0,0.0
2022-01-23 18:07:43.509881,0.0,0.0,0.0
2022-01-23 18:07:44.008579,0.0,0.0,0.0
2022-01-23 18:07:44.504167,0.0,0.0,0.0
2022-01-23 18:07:45.002295,0.0,0.0,0.0
2022-01-23 18:07:45.508768,0.0,0.0,0.0
2022-01-23 18:07:46.006750,0.0,0.0,0.0
2022-01-23 18:07:46.503457,0.0,0.0,0.0
2022-01-23 18:07:47.001649,0.0,0.0,0.0
2022-01-23 18:07:47.508560,0.0,0.0,0.0
2022-01-23 18:07:48.007882,0.0,0.0,0.0
2022-01-23 18:07:48.503019,0.0,0.0,0.0
2022-01-23 18:07:49.002739,0.0,0.0,0.0
2022-01-23 18:07:49.509372,0.0,0.0,0.0
2022-01-23 18:07:50.007580,0.0,0.0,0.0
2022-01-23 18:07:50.502786,0.0,0.0,0.0
2022-01-23 18:07:51.505327,0.0,0.0,0.0
2022-01-23 18:07:52.003408,0.0,0.0,0.0
2022-01-23 18:07:52.507850,0.0,0.0,0.0
2022-01-23 18:07:53.005398,0.0,0.0,0.0
2022-01-23 18:07:53.501682,0.0,0.0,0.0
2022-01-23 18:07:54.004681,0.0,0.0,0.0
2022-01-23 18:07:54.510738,0.0,0.0,0.0
2022-01-23 18:07:55.008523,0.0,0.0,0.0
2022-01-23 18:07:55.504000,0.0,0.0,0.0
2022-01-23 18:07:56.003801,0.0,0.0,0.0
2022-01-23 18:07:56.508508,0.0,0.0,0.0
2022-01-23 18:07:57.007334,0.0,0.0,0.0
2022-01-23 18:07:57.503713,0.0,0.0,0.0
2022-01-23 18:07:58.011158,0.0,0.0,0.0
2022-01-23 18:07:58.506659,0.0,0.0,0.0
2022-01-23 18:07:59.004655,0.0,0.0,0.0
2022-01-23 18:07:59.509547,0.0,0.0,0.0
2022-01-23 18:08:00.007964,0.0,0.0,0.0
2022-01-23 18:08:00.506044,0.0,0.0,0.0
2022-01-23 18:08:01.004117,0.0,0.0,0.0
2022-01-23 18:08:01.501171,0.0,0.0,0.0
2022-01-23 18:08:02.010447,0.0,0.0,0.0
2022-01-23 18:08:02.505860,0.0,0.0,0.0
2022-01-23 18:08:03.005145,0.0,0.0,0.0
2022-01-23 18:08:03.510793,0.0,0.0,0.0
2022-01-23 18:08:04.010184,0.0,0.0,0.0
2022-01-23 18:08:04.507889,0.0,0.0,0.0
2022-01-23 18:08:05.007127,0.0,0.0,0.0
2022-01-23 18:08:05.503532,0.0,0.0,0.0
2022-01-23 18:08:06.001034,0.0,0.0,0.0
2022-01-23 18:08:06.505097,0.0,0.0,0.0
2022-01-23 18:08:07.002700,0.0,0.0,0.0
2022-01-23 18:08:07.508144,0.0,0.0,0.0
2022-01-23 18:08:08.006154,0.0,0.0,0.0
2022-01-23 18:08:08.504064,0.0,0.0,0.0
2022-01-23 18:08:09.002363,0.0,0.0,0.0
2022-01-23 18:08:09.508190,0.0,0.0,0.0
2022-01-23 18:08:10.007504,0.0,0.0,0.0
2022-01-23 18:08:10.502872,0.0,0.0,0.0
2022-01-23 18:08:11.006293,0.0,0.0,0.0
2022-01-23 18:08:11.501691,0.0,0.0,0.0
2022-01-23 18:08:12.009840,0.0,0.0,0.0
2022-01-23 18:08:12.505120,0.0,0.0,0.0
2022-01-23 18:08:13.004008,0.0,0.0,0.0
2022-01-23 18:08:13.510618,0.0,0.0,0.0
2022-01-23 18:08:14.008596,0.0,0.0,0.0
2022-01-23 18:08:14.504048,0.0,0.0,0.0
2022-01-23 18:08:15.002357,0.0,0.0,0.0
2022-01-23 18:08:15.508201,0.0,0.0,0.0
2022-01-23 18:08:16.005723,0.0,0.0,0.0
2022-01-23 18:08:16.502496,0.0,0.0,0.0
2022-01-23 18:08:17.010843,0.0,0.0,0.0
2022-01-23 18:08:17.508256,0.0,0.0,0.0
2022-01-23 18:08:18.006864,0.0,0.0,0.0
2022-01-23 18:08:18.503354,0.0,0.0,0.0
2022-01-23 18:08:19.002510,0.0,0.0,0.0
2022-01-23 18:08:19.506855,0.0,0.0,0.0
2022-01-23 18:08:20.006130,0.0,0.0,0.0
2022-01-23 18:08:20.501087,0.0,0.0,0.0
2022-01-23 18:08:21.009787,0.0,0.0,0.0
2022-01-23 18:08:21.505018,0.0,0.0,0.0
2022-01-23 18:08:22.002689,0.0,0.0,0.0
2022-01-23 18:08:22.508916,0.0,0.0,0.0
2022-01-23 18:08:23.007121,0.0,0.0,0.0
2022-01-23 18:08:23.503645,0.0,0.0,0.0
2022-01-23 18:08:24.003191,0.0,0.0,0.0
2022-01-23 18:08:24.509612,0.0,0.0,0.0
2022-01-23 18:08:25.007328,0.0,0.0,0.0
2022-01-23 18:08:25.503307,0.0,0.0,0.0
2022-01-23 18:08:26.011098,0.0,0.0,0.0
2022-01-23 18:08:26.507781,0.0,0.0,0.0
2022-01-23 18:08:27.007499,0.0,0.0,0.0
2022-01-23 18:08:27.504520,0.0,0.0,0.0
2022-01-23 18:08:28.002468,0.0,0.0,0.0
2022-01-23 18:08:28.508795,0.0,0.0,0.0
2022-01-23 18:08:29.008047,0.0,0.0,0.0
2022-01-23 18:08:29.503558,0.0,0.0,0.0
2022-01-23 18:08:30.001782,0.0,0.0,0.0
2022-01-23 18:08:30.508040,0.0,0.0,0.0
2022-01-23 18:08:31.006508,0.0,0.0,0.0
2022-01-23 18:08:31.505250,0.0,0.0,0.0
2022-01-23 18:08:32.002420,0.0,0.0,0.0
2022-01-23 18:08:32.507391,0.0,0.0,0.0
2022-01-23 18:08:33.005142,0.0,0.0,0.0
2022-01-23 18:08:33.509673,0.0,0.0,0.0
2022-01-23 18:08:34.007721,0.0,0.0,0.0
2022-01-23 18:08:34.503193,0.0,0.0,0.0
2022-01-23 18:08:35.010957,0.0,0.0,0.0
2022-01-23 18:08:35.508004,0.0,0.0,0.0
2022-01-23 18:08:36.008441,0.0,0.0,0.0
2022-01-23 18:08:36.503762,0.0,0.0,0.0
2022-01-23 18:08:37.001928,0.0,0.0,0.0
2022-01-23 18:08:37.508150,0.0,0.0,0.0
2022-01-23 18:08:38.006122,0.0,0.0,0.0
2022-01-23 18:08:38.501693,0.0,0.0,0.0
2022-01-23 18:08:39.001230,0.0,0.0,0.0
2022-01-23 18:08:39.506794,0.0,0.0,0.0
2022-01-23 18:08:40.004301,0.0,0.0,0.0
2022-01-23 18:08:40.501804,0.0,0.0,0.0
2022-01-23 18:08:41.009793,0.0,0.0,0.0
2022-01-23 18:08:41.504774,0.0,0.0,0.0
2022-01-23 18:08:42.002444,0.0,0.0,0.0
2022-01-23 18:08:42.508474,0.0,0.0,0.0
2022-01-23 18:08:43.006608,0.0,0.0,0.0
2022-01-23 18:08:43.502512,0.0,0.0,0.0
2022-01-23 18:08:44.010389,0.0,0.0,0.0
2022-01-23 18:08:44.505008,0.0,0.0,0.0
2022-01-23 18:08:45.004490,0.0,0.0,0.0
2022-01-23 18:08:45.510017,0.0,0.0,0.0
2022-01-23 18:08:46.009016,0.0,0.0,0.0
2022-01-23 18:08:46.504193,0.0,0.0,0.0
2022-01-23 18:08:47.002212,0.0,0.0,0.0
2022-01-23 18:08:47.507583,0.0,0.0,0.0
2022-01-23 18:08:48.005267,0.0,0.0,0.0
2022-01-23 18:08:48.510347,0.0,0.0,0.0
2022-01-23 18:08:49.008014,0.0,0.0,0.0
2022-01-23 18:08:49.505444,0.0,0.0,0.0
2022-01-23 18:08:50.004851,0.0,0.0,0.0
2022-01-23 18:08:50.510674,0.0,0.0,0.0
2022-01-23 18:08:51.006344,0.0,0.0,0.0
2022-01-23 18:08:51.503711,0.0,0.0,0.0
2022-01-23 18:08:52.002047,0.0,0.0,0.0
2022-01-23 18:08:52.507438,0.0,0.0,0.0
2022-01-23 18:08:53.006996,0.0,0.0,0.0
2022-01-23 18:08:53.501092,0.0,0.0,0.0
2022-01-23 18:08:54.010312,0.0,0.0,0.0
2022-01-23 18:08:54.505760,0.0,0.0,0.0
2022-01-23 18:08:55.003663,0.0,0.0,0.0
2022-01-23 18:08:55.509075,0.0,0.0,0.0
2022-01-23 18:08:56.007105,0.0,0.0,0.0
2022-01-23 18:08:56.503599,0.0,0.0,0.0
2022-01-23 18:08:57.001899,0.0,0.0,0.0
2022-01-23 18:08:57.506727,0.0,0.0,0.0
2022-01-23 18:08:58.005107,0.0,0.0,0.0
2022-01-23 18:08:58.502803,0.0,0.0,0.0
2022-01-23 18:08:59.010054,0.0,0.0,0.0
2022-01-23 18:08:59.505892,0.0,0.0,0.0
2022-01-23 18:09:00.004394,0.0,0.0,0.0
2022-01-23 18:09:00.508359,0.0,0.0,0.0
2022-01-23 18:09:01.005216,0.0,0.0,0.0
2022-01-23 18:09:01.502406,0.0,0.0,0.0
2022-01-23 18:09:02.009547,0.0,0.0,0.0
2022-01-23 18:09:02.507734,0.0,0.0,0.0
2022-01-23 18:09:03.006257,0.0,0.0,0.0
2022-01-23 18:09:03.502642,0.0,0.0,0.0
2022-01-23 18:09:04.000968,0.0,0.0,0.0
2022-01-23 18:09:04.506078,0.0,0.0,0.0
2022-01-23 18:09:05.003985,0.0,0.0,0.0
2022-01-23 18:09:05.509662,0.0,0.0,0.0
2022-01-23 18:09:06.007362,0.0,0.0,0.0
2022-01-23 18:09:06.503872,0.0,0.0,0.0
2022-01-23 18:09:07.003414,0.0,0.0,0.0
2022-01-23 18:09:07.501701,0.0,0.0,0.0
2022-01-23 18:09:08.010020,0.0,0.0,0.0
2022-01-23 18:09:08.506221,0.0,0.0,0.0
2022-01-23 18:09:09.003956,0.0,0.0,0.0
2022-01-23 18:09:09.510591,0.0,0.0,0.0
2022-01-23 18:09:10.007876,0.0,0.0,0.0
2022-01-23 18:09:10.504575,0.0,0.0,0.0
2022-01-23 18:09:11.003633,0.0,0.0,0.0
2022-01-23 18:09:11.510914,0.0,0.0,0.0
2022-01-23 18:09:12.009178,0.0,0.0,0.0
2022-01-23 18:09:12.504756,0.0,0.0,0.0
2022-01-23 18:09:13.003378,0.0,0.0,0.0
2022-01-23 18:09:13.509414,0.0,0.0,0.0
2022-01-23 18:09:14.007658,0.0,0.0,0.0
2022-01-23 18:09:14.504512,0.0,0.0,0.0
2022-01-23 18:09:15.003530,0.0,0.0,0.0
2022-01-23 18:09:15.501367,0.0,0.0,0.0
2022-01-23 18:09:16.009908,0.0,0.0,0.0
2022-01-23 18:09:16.505819,0.0,0.0,0.0
2022-01-23 18:09:17.004086,0.0,0.0,0.0
2022-01-23 18:09:17.510365,0.0,0.0,0.0
2022-01-23 18:09:18.009259,0.0,0.0,0.0
2022-01-23 18:09:18.505196,0.0,0.0,0.0
2022-01-23 18:09:19.003497,0.0,0.0,0.0
2022-01-23 18:09:19.509660,0.0,0.0,0.0
2022-01-23 18:09:20.009086,0.0,0.0,0.0
2022-01-23 18:09:20.503623,0.0,0.0,0.0
2022-01-23 18:09:21.002785,0.0,0.0,0.0
2022-01-23 18:09:21.509148,0.0,0.0,0.0
2022-01-23 18:09:22.006945,0.0,0.0,0.0
2022-01-23 18:09:22.501888,0.0,0.0,0.0
2022-01-23 18:09:23.011043,0.0,0.0,0.0
2022-01-23 18:09:23.505259,0.0,0.0,0.0
2022-01-23 18:09:24.004042,0.0,0.0,0.0
2022-01-23 18:09:24.511096,0.0,0.0,0.0
2022-01-23 18:09:25.010389,0.0,0.0,0.0
2022-01-23 18:09:25.505884,0.0,0.0,0.0
2022-01-23 18:09:26.005152,0.0,0.0,0.0
2022-01-23 18:09:26.501906,0.0,0.0,0.0
2022-01-23 18:09:27.009132,0.0,0.0,0.0
2022-01-23 18:09:27.504741,0.0,0.0,0.0
2022-01-23 18:09:28.003165,0.0,0.0,0.0
2022-01-23 18:09:28.509170,0.0,0.0,0.0
2022-01-23 18:09:29.008574,0.0,0.0,0.0
2022-01-23 18:09:29.505220,0.0,0.0,0.0
2022-01-23 18:09:30.002698,0.0,0.0,0.0
2022-01-23 18:09:30.508069,0.0,0.0,0.0
2022-01-23 18:09:31.007010,0.0,0.0,0.0
2022-01-23 18:09:31.503578,0.0,0.0,0.0
2022-01-23 18:09:32.001398,0.0,0.0,0.0
2022-01-23 18:09:32.506891,0.0,0.0,0.0
2022-01-23 18:09:33.006106,0.0,0.0,0.0
2022-01-23 18:09:33.503194,0.0,0.0,0.0
2022-01-23 18:09:34.003036,0.0,0.0,0.0
2022-01-23 18:09:34.507704,0.0,0.0,0.0
2022-01-23 18:09:35.006673,0.0,0.0,0.0
2022-01-23 18:09:35.502634,0.0,0.0,0.0
2022-01-23 18:09:36.009940,0.0,0.0,0.0
2022-01-23 18:09:36.505509,0.0,0.0,0.0
2022-01-23 18:09:37.003752,0.0,0.0,0.0
2022-01-23 18:09:37.509793,0.0,0.0,0.0
2022-01-23 18:09:38.007971,0.0,0.0,0.0
2022-01-23 18:09:38.504241,0.0,0.0,0.0
2022-01-23 18:09:39.002752,0.0,0.0,0.0
2022-01-23 18:09:39.507578,0.0,0.0,0.0
2022-01-23 18:09:40.006254,0.0,0.0,0.0
2022-01-23 18:09:40.500974,0.0,0.0,0.0
2022-01-23 18:09:41.010626,0.0,0.0,0.0
2022-01-23 18:09:41.507013,0.0,0.0,0.0
2022-01-23 18:09:42.006622,0.0,0.0,0.0
2022-01-23 18:09:42.502071,0.0,0.0,0.0
2022-01-23 18:09:43.010690,0.0,0.0,0.0
2022-01-23 18:09:43.503991,0.0,0.0,0.0
2022-01-23 18:09:44.003054,0.0,0.0,0.0
2022-01-23 18:09:44.509731,0.0,0.0,0.0
2022-01-23 18:09:45.006814,0.0,0.0,0.0
2022-01-23 18:09:45.502748,0.0,0.0,0.0
2022-01-23 18:09:46.010773,0.0,0.0,0.0
2022-01-23 18:09:46.507408,0.0,0.0,0.0
2022-01-23 18:09:47.006831,0.0,0.0,0.0
2022-01-23 18:09:47.501877,0.0,0.0,0.0
2022-01-23 18:09:48.009958,0.0,0.0,0.0
2022-01-23 18:09:48.504568,0.0,0.0,0.0
2022-01-23 18:09:49.002868,0.0,0.0,0.0
2022-01-23 18:09:49.509032,0.0,0.0,0.0
2022-01-23 18:09:50.007630,0.0,0.0,0.0
2022-01-23 18:09:50.504687,0.0,0.0,0.0
2022-01-23 18:09:51.002064,0.0,0.0,0.0
2022-01-23 18:09:51.508127,0.0,0.0,0.0
2022-01-23 18:09:52.006678,0.0,0.0,0.0
2022-01-23 18:09:52.501652,0.0,0.0,0.0
2022-01-23 18:09:53.010336,0.0,0.0,0.0
2022-01-23 18:09:53.506095,0.0,0.0,0.0
2022-01-23 18:09:54.003305,0.0,0.0,0.0
2022-01-23 18:09:54.509486,0.0,0.0,0.0
2022-01-23 18:09:55.008813,0.0,0.0,0.0
2022-01-23 18:09:55.504974,0.0,0.0,0.0
2022-01-23 18:09:56.003659,0.0,0.0,0.0
2022-01-23 18:09:56.509362,0.0,0.0,0.0
2022-01-23 18:09:57.006625,0.0,0.0,0.0
2022-01-23 18:09:57.501960,0.0,0.0,0.0
2022-01-23 18:09:58.010421,0.0,0.0,0.0
2022-01-23 18:09:58.505791,0.0,0.0,0.0
2022-01-23 18:09:59.002691,0.0,0.0,0.0
2022-01-23 18:09:59.510249,0.0,0.0,0.0
2022-01-23 18:10:00.009064,0.0,0.0,0.0
2022-01-23 18:10:00.505287,0.0,0.0,0.0
2022-01-23 18:10:01.003107,0.0,0.0,0.0
2022-01-23 18:10:01.508423,0.0,0.0,0.0
2022-01-23 18:10:02.006613,0.0,0.0,0.0
2022-01-23 18:10:02.503051,0.0,0.0,0.0
2022-01-23 18:10:03.010684,0.0,0.0,0.0
2022-01-23 18:10:03.507377,0.0,0.0,0.0
2022-01-23 18:10:04.006031,0.0,0.0,0.0
2022-01-23 18:10:04.504582,0.0,0.0,0.0
2022-01-23 18:10:05.002318,0.0,0.0,0.0
2022-01-23 18:10:05.510339,0.0,0.0,0.0
2022-01-23 18:10:06.008782,0.0,0.0,0.0
2022-01-23 18:10:06.503274,0.0,0.0,0.0
2022-01-23 18:10:07.002253,0.0,0.0,0.0
2022-01-23 18:10:07.509384,0.0,0.0,0.0
2022-01-23 18:10:08.008039,0.0,0.0,0.0
2022-01-23 18:10:08.504711,0.0,0.0,0.0
2022-01-23 18:10:09.002740,0.0,0.0,0.0
2022-01-23 18:10:09.501339,0.0,0.0,0.0
2022-01-23 18:10:10.009837,0.0,0.0,0.0
2022-01-23 18:10:10.506146,0.0,0.0,0.0
2022-01-23 18:10:11.010071,0.0,0.0,0.0
2022-01-23 18:10:11.505121,0.0,0.0,0.0
2022-01-23 18:10:12.002560,0.0,0.0,0.0
2022-01-23 18:10:12.508715,0.0,0.0,0.0
2022-01-23 18:10:13.007240,0.0,0.0,0.0
2022-01-23 18:10:13.502542,0.0,0.0,0.0
2022-01-23 18:10:14.010693,0.0,0.0,0.0
2022-01-23 18:10:14.507224,0.0,0.0,0.0
2022-01-23 18:10:15.006072,0.0,0.0,0.0
2022-01-23 18:10:15.501505,0.0,0.0,0.0
2022-01-23 18:10:16.009060,0.0,0.0,0.0
2022-01-23 18:10:16.509290,0.0,0.0,0.0
2022-01-23 18:10:17.007495,0.0,0.0,0.0
2022-01-23 18:10:17.501195,0.0,0.0,0.0
2022-01-23 18:10:18.009129,0.0,0.0,0.0
2022-01-23 18:10:18.505711,0.0,0.0,0.0
2022-01-23 18:10:19.003284,0.0,0.0,0.0
2022-01-23 18:10:19.509050,0.0,0.0,0.0
2022-01-23 18:10:20.006749,0.0,0.0,0.0
2022-01-23 18:10:20.503782,0.0,0.0,0.0
2022-01-23 18:10:21.002175,0.0,0.0,0.0
2022-01-23 18:10:21.508962,0.0,0.0,0.0
2022-01-23 18:10:22.007423,0.0,0.0,0.0
2022-01-23 18:10:22.502896,0.0,0.0,0.0
2022-01-23 18:10:23.010811,0.0,0.0,0.0
2022-01-23 18:10:23.505822,0.0,0.0,0.0
2022-01-23 18:10:24.004135,0.0,0.0,0.0
2022-01-23 18:10:24.510575,0.0,0.0,0.0
2022-01-23 18:10:25.008387,0.0,0.0,0.0
2022-01-23 18:10:25.504318,0.0,0.0,0.0
2022-01-23 18:10:26.004068,0.0,0.0,0.0
2022-01-23 18:10:26.510800,0.0,0.0,0.0
2022-01-23 18:10:27.010233,0.0,0.0,0.0
2022-01-23 18:10:27.505785,0.0,0.0,0.0
2022-01-23 18:10:28.004036,0.0,0.0,0.0
2022-01-23 18:10:28.509704,0.0,0.0,0.0
2022-01-23 18:10:29.008115,0.0,0.0,0.0
2022-01-23 18:10:29.504249,0.0,0.0,0.0
2022-01-23 18:10:30.001802,0.0,0.0,0.0
2022-01-23 18:10:30.510285,0.0,0.0,0.0
2022-01-23 18:10:31.009151,0.0,0.0,0.0
2022-01-23 18:10:31.505866,0.0,0.0,0.0
2022-01-23 18:10:32.004196,0.0,0.0,0.0
2022-01-23 18:10:32.509465,0.0,0.0,0.0
2022-01-23 18:10:33.007273,0.0,0.0,0.0
2022-01-23 18:10:33.502590,0.0,0.0,0.0
2022-01-23 18:10:34.010791,0.0,0.0,0.0
2022-01-23 18:10:34.506192,0.0,0.0,0.0
2022-01-23 18:10:35.005117,0.0,0.0,0.0
2022-01-23 18:10:35.501631,0.0,0.0,0.0
2022-01-23 18:10:36.010695,0.0,0.0,0.0
2022-01-23 18:10:36.505751,0.0,0.0,0.0
2022-01-23 18:10:37.003646,0.0,0.0,0.0
2022-01-23 18:10:37.510322,0.0,0.0,0.0
2022-01-23 18:10:38.007779,0.0,0.0,0.0
2022-01-23 18:10:38.503274,0.0,0.0,0.0
2022-01-23 18:10:39.002128,0.0,0.0,0.0
2022-01-23 18:10:39.509904,0.0,0.0,0.0
2022-01-23 18:10:40.008085,0.0,0.0,0.0
2022-01-23 18:10:40.509499,0.0,0.0,0.0
2022-01-23 18:10:41.006773,0.0,0.0,0.0
2022-01-23 18:10:41.501818,0.0,0.0,0.0
2022-01-23 18:10:42.009706,0.0,0.0,0.0
2022-01-23 18:10:42.506561,0.0,0.0,0.0
2022-01-23 18:10:43.004888,0.0,0.0,0.0
2022-01-23 18:10:43.502022,0.0,0.0,0.0
2022-01-23 18:10:44.010293,0.0,0.0,0.0
2022-01-23 18:10:44.505887,0.0,0.0,0.0
2022-01-23 18:10:45.003268,0.0,0.0,0.0
2022-01-23 18:10:45.508644,0.0,0.0,0.0
2022-01-23 18:10:46.006863,0.0,0.0,0.0
2022-01-23 18:10:46.502479,0.0,0.0,0.0
2022-01-23 18:10:47.010914,0.0,0.0,0.0
2022-01-23 18:10:47.507514,0.0,0.0,0.0
2022-01-23 18:10:48.007329,0.0,0.0,0.0
2022-01-23 18:10:48.502652,0.0,0.0,0.0
2022-01-23 18:10:49.011095,0.0,0.0,0.0
2022-01-23 18:10:49.506658,0.0,0.0,0.0
2022-01-23 18:10:50.004021,0.0,0.0,0.0
2022-01-23 18:10:50.510675,0.0,0.0,0.0
2022-01-23 18:10:51.007871,0.0,0.0,0.0
2022-01-23 18:10:51.503210,0.0,0.0,0.0
2022-01-23 18:10:52.003304,0.0,0.0,0.0
2022-01-23 18:10:52.510013,0.0,0.0,0.0
2022-01-23 18:10:53.008059,0.0,0.0,0.0
2022-01-23 18:10:53.503733,0.0,0.0,0.0
2022-01-23 18:10:54.001770,0.0,0.0,0.0
2022-01-23 18:10:54.506607,0.0,0.0,0.0
2022-01-23 18:10:55.003784,0.0,0.0,0.0
2022-01-23 18:10:55.508519,0.0,0.0,0.0
2022-01-23 18:10:56.006848,0.0,0.0,0.0
2022-01-23 18:10:56.502174,0.0,0.0,0.0
2022-01-23 18:10:57.001107,0.0,0.0,0.0
2022-01-23 18:10:57.507171,0.0,0.0,0.0
2022-01-23 18:10:58.006593,0.0,0.0,0.0
2022-01-23 18:10:58.503711,0.0,0.0,0.0
2022-01-23 18:10:59.001821,0.0,0.0,0.0
2022-01-23 18:10:59.507039,0.0,0.0,0.0
2022-01-23 18:11:00.004317,0.0,0.0,0.0
2022-01-23 18:11:00.507982,0.0,0.0,0.0
2022-01-23 18:11:01.007049,0.0,0.0,0.0
2022-01-23 18:11:01.504274,0.0,0.0,0.0
2022-01-23 18:11:02.010776,0.0,0.0,0.0
2022-01-23 18:11:02.505999,0.0,0.0,0.0
2022-01-23 18:11:03.004730,0.0,0.0,0.0
2022-01-23 18:11:03.510209,0.0,0.0,0.0
2022-01-23 18:11:04.009730,0.0,0.0,0.0
2022-01-23 18:11:04.506411,0.0,0.0,0.0
2022-01-23 18:11:05.004868,0.0,0.0,0.0
2022-01-23 18:11:05.501100,0.0,0.0,0.0
2022-01-23 18:11:06.010364,0.0,0.0,0.0
2022-01-23 18:11:06.506345,0.0,0.0,0.0
2022-01-23 18:11:07.004088,0.0,0.0,0.0
2022-01-23 18:11:07.509408,0.0,0.0,0.0
2022-01-23 18:11:08.008833,0.0,0.0,0.0
2022-01-23 18:11:08.503921,0.0,0.0,0.0
2022-01-23 18:11:09.002023,0.0,0.0,0.0
2022-01-23 18:11:09.508556,0.0,0.0,0.0
2022-01-23 18:11:10.007813,0.0,0.0,0.0
2022-01-23 18:11:10.502983,0.0,0.0,0.0
2022-01-23 18:11:11.001643,0.0,0.0,0.0
2022-01-23 18:11:11.508568,0.0,0.0,0.0
2022-01-23 18:11:12.005986,0.0,0.0,0.0
2022-01-23 18:11:12.502596,0.0,0.0,0.0
2022-01-23 18:11:13.010679,0.0,0.0,0.0
2022-01-23 18:11:13.507558,0.0,0.0,0.0
2022-01-23 18:11:14.006269,0.0,0.0,0.0
2022-01-23 18:11:14.502122,0.0,0.0,0.0
2022-01-23 18:11:15.010439,0.0,0.0,0.0
2022-01-23 18:11:15.507121,0.0,0.0,0.0
2022-01-23 18:11:16.005346,0.0,0.0,0.0
2022-01-23 18:11:16.502262,0.0,0.0,0.0
2022-01-23 18:11:17.010328,0.0,0.0,0.0
2022-01-23 18:11:17.505772,0.0,0.0,0.0
2022-01-23 18:11:18.003578,0.0,0.0,0.0
2022-01-23 18:11:18.509171,0.0,0.0,0.0
2022-01-23 18:11:19.007512,0.0,0.0,0.0
2022-01-23 18:11:19.502217,0.0,0.0,0.0
2022-01-23 18:11:20.001427,0.0,0.0,0.0
2022-01-23 18:11:20.508419,0.0,0.0,0.0
2022-01-23 18:11:21.006642,0.0,0.0,0.0
2022-01-23 18:11:21.504631,0.0,0.0,0.0
2022-01-23 18:11:22.002353,0.0,0.0,0.0
2022-01-23 18:11:22.509747,0.0,0.0,0.0
2022-01-23 18:11:23.007432,0.0,0.0,0.0
2022-01-23 18:11:23.503268,0.0,0.0,0.0
2022-01-23 18:11:24.001747,0.0,0.0,0.0
2022-01-23 18:11:24.508982,0.0,0.0,0.0
2022-01-23 18:11:25.006991,0.0,0.0,0.0
2022-01-23 18:11:25.503461,0.0,0.0,0.0
2022-01-23 18:11:26.010633,0.0,0.0,0.0
2022-01-23 18:11:26.507416,0.0,0.0,0.0
2022-01-23 18:11:27.006274,0.0,0.0,0.0
2022-01-23 18:11:27.501520,0.0,0.0,0.0
2022-01-23 18:11:28.001502,0.0,0.0,0.0
2022-01-23 18:11:28.508049,0.0,0.0,0.0
2022-01-23 18:11:29.005519,0.0,0.0,0.0
2022-01-23 18:11:29.502281,0.0,0.0,0.0
2022-01-23 18:11:30.009436,0.0,0.0,0.0
2022-01-23 18:11:30.504014,0.0,0.0,0.0
2022-01-23 18:11:31.003734,0.0,0.0,0.0
2022-01-23 18:11:31.509244,0.0,0.0,0.0
2022-01-23 18:11:32.007847,0.0,0.0,0.0
2022-01-23 18:11:32.502759,0.0,0.0,0.0
2022-01-23 18:11:33.010931,0.0,0.0,0.0
2022-01-23 18:11:33.505974,0.0,0.0,0.0
2022-01-23 18:11:34.004023,0.0,0.0,0.0
2022-01-23 18:11:34.509199,0.0,0.0,0.0
2022-01-23 18:11:35.007276,0.0,0.0,0.0
2022-01-23 18:11:35.502021,0.0,0.0,0.0
2022-01-23 18:11:36.010358,0.0,0.0,0.0
2022-01-23 18:11:36.507231,0.0,0.0,0.0
2022-01-23 18:11:37.006228,0.0,0.0,0.0
2022-01-23 18:11:37.502110,0.0,0.0,0.0
2022-01-23 18:11:38.001760,0.0,0.0,0.0
2022-01-23 18:11:38.507796,0.0,0.0,0.0
2022-01-23 18:11:39.006345,0.0,0.0,0.0
2022-01-23 18:11:39.503579,0.0,0.0,0.0
2022-01-23 18:11:40.001756,0.0,0.0,0.0
2022-01-23 18:11:40.507498,0.0,0.0,0.0
2022-01-23 18:11:41.005062,0.0,0.0,0.0
2022-01-23 18:11:41.501394,0.0,0.0,0.0
2022-01-23 18:11:42.010761,0.0,0.0,0.0
2022-01-23 18:11:42.505911,0.0,0.0,0.0
2022-01-23 18:11:43.003146,0.0,0.0,0.0
2022-01-23 18:11:43.508621,0.0,0.0,0.0
2022-01-23 18:11:44.007932,0.0,0.0,0.0
2022-01-23 18:11:44.502864,0.0,0.0,0.0
2022-01-23 18:11:45.010805,0.0,0.0,0.0
2022-01-23 18:11:45.507014,0.0,0.0,0.0
2022-01-23 18:11:46.005106,0.0,0.0,0.0
2022-01-23 18:11:46.511063,0.0,0.0,0.0
2022-01-23 18:11:47.010303,0.0,0.0,0.0
2022-01-23 18:11:47.505124,0.0,0.0,0.0
2022-01-23 18:11:48.003172,0.0,0.0,0.0
2022-01-23 18:11:48.508983,0.0,0.0,0.0
2022-01-23 18:11:49.007360,0.0,0.0,0.0
2022-01-23 18:11:49.502615,0.0,0.0,0.0
2022-01-23 18:11:50.010941,0.0,0.0,0.0
2022-01-23 18:11:50.508398,0.0,0.0,0.0
2022-01-23 18:11:51.006092,0.0,0.0,0.0
2022-01-23 18:11:51.501525,0.0,0.0,0.0
2022-01-23 18:11:52.010776,0.0,0.0,0.0
2022-01-23 18:11:52.506206,0.0,0.0,0.0
2022-01-23 18:11:53.003776,0.0,0.0,0.0
2022-01-23 18:11:53.509030,0.0,0.0,0.0
2022-01-23 18:11:54.008429,0.0,0.0,0.0
2022-01-23 18:11:54.506198,0.0,0.0,0.0
2022-01-23 18:11:55.005218,0.0,0.0,0.0
2022-01-23 18:11:55.503887,0.0,0.0,0.0
2022-01-23 18:11:56.001954,0.0,0.0,0.0
2022-01-23 18:11:56.507579,0.0,0.0,0.0
2022-01-23 18:11:57.006366,0.0,0.0,0.0
2022-01-23 18:11:57.502769,0.0,0.0,0.0
2022-01-23 18:11:58.505271,0.0,0.0,0.0
2022-01-23 18:11:59.004456,0.0,0.0,0.0
2022-01-23 18:11:59.501346,0.0,0.0,0.0
2022-01-23 18:12:00.009477,0.0,0.0,0.0
2022-01-23 18:12:00.505458,0.0,0.0,0.0
2022-01-23 18:12:01.004673,0.0,0.0,0.0
2022-01-23 18:12:01.509668,0.0,0.0,0.0
2022-01-23 18:12:02.007687,0.0,0.0,0.0
2022-01-23 18:12:02.502515,0.0,0.0,0.0
2022-01-23 18:12:03.001100,0.0,0.0,0.0
2022-01-23 18:12:03.506937,0.0,0.0,0.0
2022-01-23 18:12:04.005744,0.0,0.0,0.0
2022-01-23 18:12:04.501544,0.0,0.0,0.0
2022-01-23 18:12:05.010278,0.0,0.0,0.0
2022-01-23 18:12:05.506800,0.0,0.0,0.0
2022-01-23 18:12:06.002747,0.0,0.0,0.0
2022-01-23 18:12:06.508228,0.0,0.0,0.0
2022-01-23 18:12:07.005548,0.0,0.0,0.0
2022-01-23 18:12:07.509919,0.0,0.0,0.0
2022-01-23 18:12:08.008610,0.0,0.0,0.0
2022-01-23 18:12:08.504885,0.0,0.0,0.0
2022-01-23 18:12:09.003400,0.0,0.0,0.0
2022-01-23 18:12:09.508704,0.0,0.0,0.0
2022-01-23 18:12:10.006957,0.0,0.0,0.0
2022-01-23 18:12:10.503192,0.0,0.0,0.0
2022-01-23 18:12:11.006839,0.0,0.0,0.0
2022-01-23 18:12:11.500976,0.0,0.0,0.0
2022-01-23 18:12:12.008416,0.0,0.0,0.0
2022-01-23 18:12:12.504383,0.0,0.0,0.0
2022-01-23 18:12:13.001866,0.0,0.0,0.0
2022-01-23 18:12:13.509046,0.0,0.0,0.0
2022-01-23 18:12:14.008298,0.0,0.0,0.0
2022-01-23 18:12:14.504887,0.0,0.0,0.0
2022-01-23 18:12:15.003205,0.0,0.0,0.0
2022-01-23 18:12:15.508773,0.0,0.0,0.0
2022-01-23 18:12:16.005335,0.0,0.0,0.0
2022-01-23 18:12:16.511017,0.0,0.0,0.0
2022-01-23 18:12:17.009315,0.0,0.0,0.0
2022-01-23 18:12:17.504732,0.0,0.0,0.0
2022-01-23 18:12:18.003834,0.0,0.0,0.0
2022-01-23 18:12:18.510158,0.0,0.0,0.0
2022-01-23 18:12:19.007937,0.0,0.0,0.0
2022-01-23 18:12:19.503794,0.0,0.0,0.0
2022-01-23 18:12:20.010636,0.0,0.0,0.0
2022-01-23 18:12:20.506123,0.0,0.0,0.0
2022-01-23 18:12:21.003948,0.0,0.0,0.0
2022-01-23 18:12:21.509541,0.0,0.0,0.0
2022-01-23 18:12:22.008719,0.0,0.0,0.0
2022-01-23 18:12:22.505283,0.0,0.0,0.0
2022-01-23 18:12:23.002054,0.0,0.0,0.0
2022-01-23 18:12:23.507870,0.0,0.0,0.0
2022-01-23 18:12:24.005527,0.0,0.0,0.0
2022-01-23 18:12:24.510696,0.0,0.0,0.0
2022-01-23 18:12:25.010540,0.0,0.0,0.0
2022-01-23 18:12:25.505104,0.0,0.0,0.0
2022-01-23 18:12:26.001786,0.0,0.0,0.0
2022-01-23 18:12:26.505558,0.0,0.0,0.0
2022-01-23 18:12:27.003825,0.0,0.0,0.0
2022-01-23 18:12:27.508578,0.0,0.0,0.0
2022-01-23 18:12:28.006584,0.0,0.0,0.0
2022-01-23 18:12:28.501737,0.0,0.0,0.0
2022-01-23 18:12:29.009897,0.0,0.0,0.0
2022-01-23 18:12:29.505991,0.0,0.0,0.0
2022-01-23 18:12:30.003784,0.0,0.0,0.0
2022-01-23 18:12:30.509450,0.0,0.0,0.0
2022-01-23 18:12:31.007833,0.0,0.0,0.0
2022-01-23 18:12:31.505155,0.0,0.0,0.0
2022-01-23 18:12:32.003254,0.0,0.0,0.0
2022-01-23 18:12:32.506246,0.0,0.0,0.0
2022-01-23 18:12:33.004548,0.0,0.0,0.0
2022-01-23 18:12:33.510740,0.0,0.0,0.0
2022-01-23 18:12:34.007592,0.0,0.0,0.0
2022-01-23 18:12:34.503757,0.0,0.0,0.0
2022-01-23 18:12:35.002890,0.0,0.0,0.0
2022-01-23 18:12:35.509102,0.0,0.0,0.0
2022-01-23 18:12:36.008165,0.0,0.0,0.0
2022-01-23 18:12:36.504094,0.0,0.0,0.0
2022-01-23 18:12:37.003176,0.0,0.0,0.0
2022-01-23 18:12:37.506767,0.0,0.0,0.0
2022-01-23 18:12:38.004712,0.0,0.0,0.0
2022-01-23 18:12:38.509195,0.0,0.0,0.0
2022-01-23 18:12:39.006217,0.0,0.0,0.0
2022-01-23 18:12:39.510223,0.0,0.0,0.0
2022-01-23 18:12:40.007268,0.0,0.0,0.0
2022-01-23 18:12:40.504529,0.0,0.0,0.0
2022-01-23 18:12:41.002230,0.0,0.0,0.0
2022-01-23 18:12:41.508997,0.0,0.0,0.0
2022-01-23 18:12:42.007192,0.0,0.0,0.0
2022-01-23 18:12:42.503049,0.0,0.0,0.0
2022-01-23 18:12:43.001819,0.0,0.0,0.0
2022-01-23 18:12:43.506387,0.0,0.0,0.0
2022-01-23 18:12:44.004148,0.0,0.0,0.0
2022-01-23 18:12:44.509509,0.0,0.0,0.0
2022-01-23 18:12:45.008033,0.0,0.0,0.0
2022-01-23 18:12:45.502652,0.0,0.0,0.0
2022-01-23 18:12:46.505123,0.0,0.0,0.0
2022-01-23 18:12:47.003809,0.0,0.0,0.0
2022-01-23 18:12:47.509548,0.0,0.0,0.0
2022-01-23 18:12:48.008514,0.0,0.0,0.0
2022-01-23 18:12:48.505166,0.0,0.0,0.0
2022-01-23 18:12:49.003890,0.0,0.0,0.0
2022-01-23 18:12:49.509738,0.0,0.0,0.0
2022-01-23 18:12:50.008995,0.0,0.0,0.0
2022-01-23 18:12:50.504689,0.0,0.0,0.0
2022-01-23 18:12:51.010828,0.0,0.0,0.0
2022-01-23 18:12:51.505657,0.0,0.0,0.0
2022-01-23 18:12:52.004833,0.0,0.0,0.0
2022-01-23 18:12:52.510307,0.0,0.0,0.0
2022-01-23 18:12:53.008625,0.0,0.0,0.0
2022-01-23 18:12:53.503263,0.0,0.0,0.0
2022-01-23 18:12:54.002064,0.0,0.0,0.0
2022-01-23 18:12:54.507787,0.0,0.0,0.0
2022-01-23 18:12:55.005433,0.0,0.0,0.0
2022-01-23 18:12:55.511026,0.0,0.0,0.0
2022-01-23 18:12:56.009085,0.0,0.0,0.0
2022-01-23 18:12:56.503804,0.0,0.0,0.0
2022-01-23 18:12:57.001891,0.0,0.0,0.0
2022-01-23 18:12:57.507617,0.0,0.0,0.0
2022-01-23 18:12:58.005324,0.0,0.0,0.0
2022-01-23 18:12:58.502266,0.0,0.0,0.0
2022-01-23 18:12:59.004446,0.0,0.0,0.0
2022-01-23 18:12:59.509242,0.0,0.0,0.0
2022-01-23 18:13:00.006796,0.0,0.0,0.0
2022-01-23 18:13:00.509805,0.0,0.0,0.0
2022-01-23 18:13:01.009371,0.0,0.0,0.0
2022-01-23 18:13:01.504987,0.0,0.0,0.0
2022-01-23 18:13:02.002883,0.0,0.0,0.0
2022-01-23 18:13:02.510876,0.0,0.0,0.0
2022-01-23 18:13:03.010433,0.0,0.0,0.0
2022-01-23 18:13:03.508279,0.0,0.0,0.0
2022-01-23 18:13:04.007148,0.0,0.0,0.0
2022-01-23 18:13:04.501502,0.0,0.0,0.0
2022-01-23 18:13:05.008969,0.0,0.0,0.0
2022-01-23 18:13:05.502662,0.0,0.0,0.0
2022-01-23 18:13:06.001204,0.0,0.0,0.0
2022-01-23 18:13:06.506898,0.0,0.0,0.0
2022-01-23 18:13:07.006512,0.0,0.0,0.0
2022-01-23 18:13:07.502114,0.0,0.0,0.0
2022-01-23 18:13:08.010899,0.0,0.0,0.0
2022-01-23 18:13:08.505989,0.0,0.0,0.0
2022-01-23 18:13:09.004045,0.0,0.0,0.0
2022-01-23 18:13:09.509253,0.0,0.0,0.0
2022-01-23 18:13:10.006934,0.0,0.0,0.0
2022-01-23 18:13:10.501791,0.0,0.0,0.0
2022-01-23 18:13:11.010527,0.0,0.0,0.0
2022-01-23 18:13:11.508571,0.0,0.0,0.0
2022-01-23 18:13:12.007297,0.0,0.0,0.0
2022-01-23 18:13:12.502470,0.0,0.0,0.0
2022-01-23 18:13:13.010647,0.0,0.0,0.0
2022-01-23 18:13:13.505501,0.0,0.0,0.0
2022-01-23 18:13:14.003691,0.0,0.0,0.0
2022-01-23 18:13:14.510364,0.0,0.0,0.0
2022-01-23 18:13:15.007829,0.0,0.0,0.0
2022-01-23 18:13:15.502433,0.0,0.0,0.0
2022-01-23 18:13:16.010428,0.0,0.0,0.0
2022-01-23 18:13:16.505806,0.0,0.0,0.0
2022-01-23 18:13:17.004506,0.0,0.0,0.0
2022-01-23 18:13:17.510217,0.0,0.0,0.0
2022-01-23 18:13:18.009017,0.0,0.0,0.0
2022-01-23 18:13:18.503386,0.0,0.0,0.0
2022-01-23 18:13:19.001196,0.0,0.0,0.0
2022-01-23 18:13:19.505488,0.0,0.0,0.0
2022-01-23 18:13:20.003380,0.0,0.0,0.0
2022-01-23 18:13:20.510261,0.0,0.0,0.0
2022-01-23 18:13:21.007806,0.0,0.0,0.0
2022-01-23 18:13:21.503654,0.0,0.0,0.0
2022-01-23 18:13:22.002428,0.0,0.0,0.0
2022-01-23 18:13:22.507582,0.0,0.0,0.0
2022-01-23 18:13:23.005964,0.0,0.0,0.0
2022-01-23 18:13:23.501548,0.0,0.0,0.0
2022-01-23 18:13:24.010458,0.0,0.0,0.0
2022-01-23 18:13:24.503846,0.0,0.0,0.0
2022-01-23 18:13:25.002493,0.0,0.0,0.0
2022-01-23 18:13:25.507318,0.0,0.0,0.0
2022-01-23 18:13:26.005749,0.0,0.0,0.0
2022-01-23 18:13:26.501156,0.0,0.0,0.0
2022-01-23 18:13:27.008122,0.0,0.0,0.0
2022-01-23 18:13:27.502628,0.0,0.0,0.0
2022-01-23 18:13:28.001324,0.0,0.0,0.0
2022-01-23 18:13:28.507345,0.0,0.0,0.0
2022-01-23 18:13:29.004979,0.0,0.0,0.0
2022-01-23 18:13:29.502776,0.0,0.0,0.0
2022-01-23 18:13:30.001501,0.0,0.0,0.0
2022-01-23 18:13:30.507214,0.0,0.0,0.0
2022-01-23 18:13:31.004069,0.0,0.0,0.0
2022-01-23 18:13:31.510123,0.0,0.0,0.0
2022-01-23 18:13:32.008806,0.0,0.0,0.0
2022-01-23 18:13:32.503160,0.0,0.0,0.0
2022-01-23 18:13:33.504992,0.0,0.0,0.0
2022-01-23 18:13:34.001562,0.0,0.0,0.0
2022-01-23 18:13:34.506772,0.0,0.0,0.0
2022-01-23 18:13:35.005112,0.0,0.0,0.0
2022-01-23 18:13:35.503077,0.0,0.0,0.0
2022-01-23 18:13:36.010753,0.0,0.0,0.0
2022-01-23 18:13:36.505498,0.0,0.0,0.0
2022-01-23 18:13:37.004059,0.0,0.0,0.0
2022-01-23 18:13:37.510083,0.0,0.0,0.0
2022-01-23 18:13:38.009115,0.0,0.0,0.0
2022-01-23 18:13:38.504540,0.0,0.0,0.0
2022-01-23 18:13:39.002191,0.0,0.0,0.0
2022-01-23 18:13:39.510097,0.0,0.0,0.0
2022-01-23 18:13:40.008327,0.0,0.0,0.0
2022-01-23 18:13:40.505114,0.0,0.0,0.0
2022-01-23 18:13:41.002752,0.0,0.0,0.0
2022-01-23 18:13:41.508182,0.0,0.0,0.0
2022-01-23 18:13:42.007777,0.0,0.0,0.0
2022-01-23 18:13:42.503760,0.0,0.0,0.0
2022-01-23 18:13:43.002563,0.0,0.0,0.0
2022-01-23 18:13:43.508958,0.0,0.0,0.0
2022-01-23 18:13:44.007942,0.0,0.0,0.0
2022-01-23 18:13:44.504017,0.0,0.0,0.0
2022-01-23 18:13:45.002540,0.0,0.0,0.0
2022-01-23 18:13:45.509622,0.0,0.0,0.0
2022-01-23 18:13:46.008378,0.0,0.0,0.0
2022-01-23 18:13:46.503997,0.0,0.0,0.0
2022-01-23 18:13:47.002281,0.0,0.0,0.0
2022-01-23 18:13:47.508517,0.0,0.0,0.0
2022-01-23 18:13:48.006831,0.0,0.0,0.0
2022-01-23 18:13:48.505220,0.0,0.0,0.0
2022-01-23 18:13:49.002750,0.0,0.0,0.0
2022-01-23 18:13:49.509069,0.0,0.0,0.0
2022-01-23 18:13:50.003358,0.0,0.0,0.0
2022-01-23 18:13:50.508396,0.0,0.0,0.0
2022-01-23 18:13:51.008198,0.0,0.0,0.0
2022-01-23 18:13:51.503137,0.0,0.0,0.0
2022-01-23 18:13:52.001065,0.0,0.0,0.0
2022-01-23 18:13:52.508621,0.0,0.0,0.0
2022-01-23 18:13:53.006299,0.0,0.0,0.0
2022-01-23 18:13:53.501015,0.0,0.0,0.0
2022-01-23 18:13:54.009831,0.0,0.0,0.0
2022-01-23 18:13:54.503500,0.0,0.0,0.0
2022-01-23 18:13:55.001356,0.0,0.0,0.0
2022-01-23 18:13:55.505757,0.0,0.0,0.0
2022-01-23 18:13:56.002846,0.0,0.0,0.0
2022-01-23 18:13:56.508752,0.0,0.0,0.0
2022-01-23 18:13:57.007192,0.0,0.0,0.0
2022-01-23 18:13:57.504426,0.0,0.0,0.0
2022-01-23 18:13:58.003461,0.0,0.0,0.0
2022-01-23 18:13:58.509020,0.0,0.0,0.0
2022-01-23 18:13:59.007466,0.0,0.0,0.0
2022-01-23 18:13:59.502551,0.0,0.0,0.0
2022-01-23 18:14:00.010949,0.0,0.0,0.0
2022-01-23 18:14:00.506235,0.0,0.0,0.0
2022-01-23 18:14:01.003551,0.0,0.0,0.0
2022-01-23 18:14:01.509117,0.0,0.0,0.0
2022-01-23 18:14:02.007493,0.0,0.0,0.0
2022-01-23 18:14:02.503209,0.0,0.0,0.0
2022-01-23 18:14:03.002624,0.0,0.0,0.0
2022-01-23 18:14:03.508757,0.0,0.0,0.0
2022-01-23 18:14:04.006843,0.0,0.0,0.0
2022-01-23 18:14:04.501747,0.0,0.0,0.0
2022-01-23 18:14:05.010402,0.0,0.0,0.0
2022-01-23 18:14:05.505715,0.0,0.0,0.0
2022-01-23 18:14:06.003334,0.0,0.0,0.0
2022-01-23 18:14:06.509106,0.0,0.0,0.0
2022-01-23 18:14:07.007853,0.0,0.0,0.0
2022-01-23 18:14:07.502884,0.0,0.0,0.0
2022-01-23 18:14:08.009453,0.0,0.0,0.0
2022-01-23 18:14:08.503929,0.0,0.0,0.0
2022-01-23 18:14:09.002785,0.0,0.0,0.0
2022-01-23 18:14:09.508124,0.0,0.0,0.0
2022-01-23 18:14:10.006737,0.0,0.0,0.0
2022-01-23 18:14:10.503107,0.0,0.0,0.0
2022-01-23 18:14:11.006144,0.0,0.0,0.0
2022-01-23 18:14:11.510593,0.0,0.0,0.0
2022-01-23 18:14:12.007846,0.0,0.0,0.0
2022-01-23 18:14:12.504668,0.0,0.0,0.0
2022-01-23 18:14:13.002748,0.0,0.0,0.0
2022-01-23 18:14:13.508597,0.0,0.0,0.0
2022-01-23 18:14:14.006518,0.0,0.0,0.0
2022-01-23 18:14:14.501906,0.0,0.0,0.0
2022-01-23 18:14:15.010561,0.0,0.0,0.0
2022-01-23 18:14:15.507435,0.0,0.0,0.0
2022-01-23 18:14:16.005023,0.0,0.0,0.0
2022-01-23 18:14:16.510353,0.0,0.0,0.0
2022-01-23 18:14:17.006235,0.0,0.0,0.0
2022-01-23 18:14:17.501249,0.0,0.0,0.0
2022-01-23 18:14:18.010272,0.0,0.0,0.0
2022-01-23 18:14:18.504991,0.0,0.0,0.0
2022-01-23 18:14:19.003315,0.0,0.0,0.0
2022-01-23 18:14:19.509759,0.0,0.0,0.0
2022-01-23 18:14:20.006869,0.0,0.0,0.0
2022-01-23 18:14:20.502432,0.0,0.0,0.0
2022-01-23 18:14:21.009700,0.0,0.0,0.0
2022-01-23 18:14:21.505192,0.0,0.0,0.0
2022-01-23 18:14:22.002869,0.0,0.0,0.0
2022-01-23 18:14:22.509258,0.0,0.0,0.0
2022-01-23 18:14:23.006912,0.0,0.0,0.0
2022-01-23 18:14:23.502889,0.0,0.0,0.0
2022-01-23 18:14:24.001450,0.0,0.0,0.0
2022-01-23 18:14:24.508241,0.0,0.0,0.0
2022-01-23 18:14:25.006162,0.0,0.0,0.0
2022-01-23 18:14:25.502717,0.0,0.0,0.0
2022-01-23 18:14:26.009777,0.0,0.0,0.0
2022-01-23 18:14:26.504277,0.0,0.0,0.0
2022-01-23 18:14:27.002227,0.0,0.0,0.0
2022-01-23 18:14:27.508419,0.0,0.0,0.0
2022-01-23 18:14:28.006554,0.0,0.0,0.0
2022-01-23 18:14:28.503555,0.0,0.0,0.0
2022-01-23 18:14:29.001619,0.0,0.0,0.0
2022-01-23 18:14:29.509117,0.0,0.0,0.0
2022-01-23 18:14:30.006996,0.0,0.0,0.0
2022-01-23 18:14:30.502102,0.0,0.0,0.0
2022-01-23 18:14:31.010750,0.0,0.0,0.0
2022-01-23 18:14:31.505147,0.0,0.0,0.0
2022-01-23 18:14:32.003480,0.0,0.0,0.0
2022-01-23 18:14:32.507996,0.0,0.0,0.0
2022-01-23 18:14:33.007595,0.0,0.0,0.0
2022-01-23 18:14:33.503263,0.0,0.0,0.0
2022-01-23 18:14:34.001061,0.0,0.0,0.0
2022-01-23 18:14:34.507674,0.0,0.0,0.0
2022-01-23 18:14:35.006365,0.0,0.0,0.0
2022-01-23 18:14:35.502679,0.0,0.0,0.0
2022-01-23 18:14:36.010769,0.0,0.0,0.0
2022-01-23 18:14:36.507257,0.0,0.0,0.0
2022-01-23 18:14:37.004397,0.0,0.0,0.0
2022-01-23 18:14:37.503204,0.0,0.0,0.0
2022-01-23 18:14:38.002136,0.0,0.0,0.0
2022-01-23 18:14:38.506969,0.0,0.0,0.0
2022-01-23 18:14:39.004614,0.0,0.0,0.0
2022-01-23 18:14:39.508791,0.0,0.0,0.0
2022-01-23 18:14:40.006897,0.0,0.0,0.0
2022-01-23 18:14:40.501189,0.0,0.0,0.0
2022-01-23 18:14:41.010020,0.0,0.0,0.0
2022-01-23 18:14:41.503976,0.0,0.0,0.0
2022-01-23 18:14:42.002052,0.0,0.0,0.0
2022-01-23 18:14:42.507113,0.0,0.0,0.0
2022-01-23 18:14:43.006294,0.0,0.0,0.0
2022-01-23 18:14:43.501865,0.0,0.0,0.0
2022-01-23 18:14:44.010812,0.0,0.0,0.0
2022-01-23 18:14:44.506451,0.0,0.0,0.0
2022-01-23 18:14:45.004282,0.0,0.0,0.0
2022-01-23 18:14:45.510301,0.0,0.0,0.0
2022-01-23 18:14:46.008317,0.0,0.0,0.0
2022-01-23 18:14:46.501992,0.0,0.0,0.0
2022-01-23 18:14:47.011286,0.0,0.0,0.0
2022-01-23 18:14:47.508090,0.0,0.0,0.0
2022-01-23 18:14:48.007100,0.0,0.0,0.0
2022-01-23 18:14:48.502799,0.0,0.0,0.0
2022-01-23 18:14:49.010664,0.0,0.0,0.0
2022-01-23 18:14:49.503813,0.0,0.0,0.0
2022-01-23 18:14:50.002097,0.0,0.0,0.0
2022-01-23 18:14:50.508110,0.0,0.0,0.0
2022-01-23 18:14:51.005061,0.0,0.0,0.0
2022-01-23 18:14:51.510664,0.0,0.0,0.0
2022-01-23 18:14:52.009869,0.0,0.0,0.0
2022-01-23 18:14:52.506041,0.0,0.0,0.0
2022-01-23 18:14:53.003682,0.0,0.0,0.0
2022-01-23 18:14:53.508631,0.0,0.0,0.0
2022-01-23 18:14:54.006050,0.0,0.0,0.0
2022-01-23 18:14:54.501227,0.0,0.0,0.0
2022-01-23 18:14:55.010289,0.0,0.0,0.0
2022-01-23 18:14:55.505875,0.0,0.0,0.0
2022-01-23 18:14:56.003478,0.0,0.0,0.0
2022-01-23 18:14:56.508146,0.0,0.0,0.0
2022-01-23 18:14:57.007189,0.0,0.0,0.0
2022-01-23 18:14:57.502524,0.0,0.0,0.0
2022-01-23 18:14:58.009296,0.0,0.0,0.0
2022-01-23 18:14:58.505537,0.0,0.0,0.0
2022-01-23 18:14:59.001973,0.0,0.0,0.0
2022-01-23 18:14:59.506066,0.0,0.0,0.0
2022-01-23 18:15:00.004722,0.0,0.0,0.0
2022-01-23 18:15:00.502586,0.0,0.0,0.0
2022-01-23 18:15:01.007501,0.0,0.0,0.0
2022-01-23 18:15:01.503049,0.0,0.0,0.0
2022-01-23 18:15:02.002335,0.0,0.0,0.0
2022-01-23 18:15:02.506767,0.0,0.0,0.0
2022-01-23 18:15:03.004893,0.0,0.0,0.0
2022-01-23 18:15:03.511171,0.0,0.0,0.0
2022-01-23 18:15:04.008426,0.0,0.0,0.0
2022-01-23 18:15:04.503847,0.0,0.0,0.0
2022-01-23 18:15:05.004451,0.0,0.0,0.0
2022-01-23 18:15:05.510514,0.0,0.0,0.0
2022-01-23 18:15:06.007761,0.0,0.0,0.0
2022-01-23 18:15:06.503462,0.0,0.0,0.0
2022-01-23 18:15:07.001181,0.0,0.0,0.0
2022-01-23 18:15:07.505830,0.0,0.0,0.0
2022-01-23 18:15:08.003821,0.0,0.0,0.0
2022-01-23 18:15:08.509180,0.0,0.0,0.0
2022-01-23 18:15:09.006754,0.0,0.0,0.0
2022-01-23 18:15:09.502805,0.0,0.0,0.0
2022-01-23 18:15:10.505074,0.0,0.0,0.0
2022-01-23 18:15:11.002342,0.0,0.0,0.0
2022-01-23 18:15:11.507418,0.0,0.0,0.0
2022-01-23 18:15:12.003799,0.0,0.0,0.0
2022-01-23 18:15:12.507701,0.0,0.0,0.0
2022-01-23 18:15:13.006314,0.0,0.0,0.0
2022-01-23 18:15:13.502186,0.0,0.0,0.0
2022-01-23 18:15:14.010556,0.0,0.0,0.0
2022-01-23 18:15:14.507784,0.0,0.0,0.0
2022-01-23 18:15:15.006523,0.0,0.0,0.0
2022-01-23 18:15:16.004305,0.0,0.0,0.0
2022-01-23 18:15:16.510812,0.0,0.0,0.0
2022-01-23 18:15:17.009066,0.0,0.0,0.0
2022-01-23 18:15:17.504058,0.0,0.0,0.0
2022-01-23 18:15:18.001318,0.0,0.0,0.0
2022-01-23 18:15:18.506736,0.0,0.0,0.0
2022-01-23 18:15:19.003426,0.0,0.0,0.0
2022-01-23 18:15:19.508301,0.0,0.0,0.0
2022-01-23 18:15:20.006297,0.0,0.0,0.0
2022-01-23 18:15:20.501197,0.0,0.0,0.0
2022-01-23 18:15:21.009233,0.0,0.0,0.0
2022-01-23 18:15:21.503343,0.0,0.0,0.0
2022-01-23 18:15:22.001514,0.0,0.0,0.0
2022-01-23 18:15:22.507183,0.0,0.0,0.0
2022-01-23 18:15:23.004485,0.0,0.0,0.0
2022-01-23 18:15:23.509356,0.0,0.0,0.0
2022-01-23 18:15:24.008322,0.0,0.0,0.0
2022-01-23 18:15:24.502106,0.0,0.0,0.0
2022-01-23 18:15:25.010482,0.0,0.0,0.0
2022-01-23 18:15:25.504843,0.0,0.0,0.0
2022-01-23 18:15:26.001852,0.0,0.0,0.0
2022-01-23 18:15:26.507525,0.0,0.0,0.0
2022-01-23 18:15:27.006870,0.0,0.0,0.0
2022-01-23 18:15:27.501188,0.0,0.0,0.0
2022-01-23 18:15:28.009520,0.0,0.0,0.0
2022-01-23 18:15:28.506618,0.0,0.0,0.0
2022-01-23 18:15:29.004399,0.0,0.0,0.0
2022-01-23 18:15:29.509282,0.0,0.0,0.0
2022-01-23 18:15:30.007340,0.0,0.0,0.0
2022-01-23 18:15:30.503319,0.0,0.0,0.0
2022-01-23 18:15:31.001078,0.0,0.0,0.0
2022-01-23 18:15:31.507376,0.0,0.0,0.0
2022-01-23 18:15:32.007111,0.0,0.0,0.0
2022-01-23 18:15:32.503858,0.0,0.0,0.0
2022-01-23 18:15:33.005269,0.0,0.0,0.0
2022-01-23 18:15:33.501152,0.0,0.0,0.0
2022-01-23 18:15:34.009653,0.0,0.0,0.0
2022-01-23 18:15:34.505057,0.0,0.0,0.0
2022-01-23 18:15:35.003645,0.0,0.0,0.0
2022-01-23 18:15:35.509874,0.0,0.0,0.0
2022-01-23 18:15:36.007456,0.0,0.0,0.0
2022-01-23 18:15:36.501141,0.0,0.0,0.0
2022-01-23 18:15:37.009386,0.0,0.0,0.0
2022-01-23 18:15:37.508791,0.0,0.0,0.0
2022-01-23 18:15:38.006998,0.0,0.0,0.0
2022-01-23 18:15:38.502735,0.0,0.0,0.0
2022-01-23 18:15:39.010777,0.0,0.0,0.0
2022-01-23 18:15:39.506573,0.0,0.0,0.0
2022-01-23 18:15:40.003804,0.0,0.0,0.0
2022-01-23 18:15:40.509895,0.0,0.0,0.0
2022-01-23 18:15:41.008044,0.0,0.0,0.0
2022-01-23 18:15:41.504179,0.0,0.0,0.0
2022-01-23 18:15:42.001976,0.0,0.0,0.0
2022-01-23 18:15:42.508088,0.0,0.0,0.0
2022-01-23 18:15:43.006785,0.0,0.0,0.0
2022-01-23 18:15:43.501748,0.0,0.0,0.0
2022-01-23 18:15:44.010781,0.0,0.0,0.0
2022-01-23 18:15:44.504931,0.0,0.0,0.0
2022-01-23 18:15:45.002756,0.0,0.0,0.0
2022-01-23 18:15:45.509306,0.0,0.0,0.0
2022-01-23 18:15:46.007297,0.0,0.0,0.0
2022-01-23 18:15:46.503765,0.0,0.0,0.0
2022-01-23 18:15:47.002301,0.0,0.0,0.0
2022-01-23 18:15:47.507231,0.0,0.0,0.0
2022-01-23 18:15:48.005558,0.0,0.0,0.0
2022-01-23 18:15:48.502090,0.0,0.0,0.0
2022-01-23 18:15:49.010080,0.0,0.0,0.0
2022-01-23 18:15:49.506131,0.0,0.0,0.0
2022-01-23 18:15:50.003148,0.0,0.0,0.0
2022-01-23 18:15:50.507364,0.0,0.0,0.0
2022-01-23 18:15:51.004799,0.0,0.0,0.0
2022-01-23 18:15:52.004805,0.0,0.0,0.0
2022-01-23 18:15:52.510402,0.0,0.0,0.0
2022-01-23 18:15:53.008304,0.0,0.0,0.0
2022-01-23 18:15:53.504636,0.0,0.0,0.0
2022-01-23 18:15:54.002827,0.0,0.0,0.0
2022-01-23 18:15:54.508983,0.0,0.0,0.0
2022-01-23 18:15:55.007003,0.0,0.0,0.0
2022-01-23 18:15:55.503316,0.0,0.0,0.0
2022-01-23 18:15:56.001222,0.0,0.0,0.0
2022-01-23 18:15:56.506418,0.0,0.0,0.0
2022-01-23 18:15:57.005089,0.0,0.0,0.0
2022-01-23 18:15:57.510514,0.0,0.0,0.0
2022-01-23 18:15:58.009088,0.0,0.0,0.0
2022-01-23 18:15:58.503197,0.0,0.0,0.0
2022-01-23 18:15:59.001791,0.0,0.0,0.0
2022-01-23 18:15:59.507095,0.0,0.0,0.0
2022-01-23 18:16:00.005155,0.0,0.0,0.0
2022-01-23 18:16:00.507954,0.0,0.0,0.0
2022-01-23 18:16:01.005654,0.0,0.0,0.0
2022-01-23 18:16:01.501520,0.0,0.0,0.0
2022-01-23 18:16:02.011155,0.0,0.0,0.0
2022-01-23 18:16:02.507164,0.0,0.0,0.0
2022-01-23 18:16:03.005868,0.0,0.0,0.0
2022-01-23 18:16:03.501490,0.0,0.0,0.0
2022-01-23 18:16:04.010181,0.0,0.0,0.0
2022-01-23 18:16:04.505040,0.0,0.0,0.0
2022-01-23 18:16:05.004642,0.0,0.0,0.0
2022-01-23 18:16:05.510168,0.0,0.0,0.0
2022-01-23 18:16:06.008352,0.0,0.0,0.0
2022-01-23 18:16:06.502361,0.0,0.0,0.0
2022-01-23 18:16:07.010880,0.0,0.0,0.0
2022-01-23 18:16:07.503949,0.0,0.0,0.0
2022-01-23 18:16:08.002800,0.0,0.0,0.0
2022-01-23 18:16:08.509869,0.0,0.0,0.0
2022-01-23 18:16:09.007214,0.0,0.0,0.0
2022-01-23 18:16:09.503563,0.0,0.0,0.0
2022-01-23 18:16:10.002125,0.0,0.0,0.0
2022-01-23 18:16:10.507031,0.0,0.0,0.0
2022-01-23 18:16:11.009677,0.0,0.0,0.0
2022-01-23 18:16:11.505341,0.0,0.0,0.0
2022-01-23 18:16:12.003721,0.0,0.0,0.0
2022-01-23 18:16:12.508335,0.0,0.0,0.0
2022-01-23 18:16:13.006363,0.0,0.0,0.0
2022-01-23 18:16:13.501506,0.0,0.0,0.0
2022-01-23 18:16:14.009608,0.0,0.0,0.0
2022-01-23 18:16:14.505523,0.0,0.0,0.0
2022-01-23 18:16:15.003166,0.0,0.0,0.0
2022-01-23 18:16:15.510612,0.0,0.0,0.0
2022-01-23 18:16:16.007569,0.0,0.0,0.0
2022-01-23 18:16:16.502980,0.0,0.0,0.0
2022-01-23 18:16:17.001044,0.0,0.0,0.0
2022-01-23 18:16:17.507442,0.0,0.0,0.0
2022-01-23 18:16:18.003886,0.0,0.0,0.0
2022-01-23 18:16:18.508826,0.0,0.0,0.0
2022-01-23 18:16:19.008553,0.0,0.0,0.0
2022-01-23 18:16:19.503801,0.0,0.0,0.0
2022-01-23 18:16:20.001967,0.0,0.0,0.0
2022-01-23 18:16:20.507374,0.0,0.0,0.0
2022-01-23 18:16:21.005870,0.0,0.0,0.0
2022-01-23 18:16:21.510682,0.0,0.0,0.0
2022-01-23 18:16:22.008800,0.0,0.0,0.0
2022-01-23 18:16:22.504448,0.0,0.0,0.0
2022-01-23 18:16:23.002829,0.0,0.0,0.0
2022-01-23 18:16:23.509218,0.0,0.0,0.0
2022-01-23 18:16:24.007696,0.0,0.0,0.0
2022-01-23 18:16:24.503323,0.0,0.0,0.0
2022-01-23 18:16:25.002120,0.0,0.0,0.0
2022-01-23 18:16:25.508143,0.0,0.0,0.0
2022-01-23 18:16:26.007585,0.0,0.0,0.0
2022-01-23 18:16:26.504067,0.0,0.0,0.0
2022-01-23 18:16:27.002987,0.0,0.0,0.0
2022-01-23 18:16:27.509168,0.0,0.0,0.0
2022-01-23 18:16:28.007738,0.0,0.0,0.0
2022-01-23 18:16:28.502747,0.0,0.0,0.0
2022-01-23 18:16:29.001470,0.0,0.0,0.0
2022-01-23 18:16:29.506405,0.0,0.0,0.0
2022-01-23 18:16:30.002736,0.0,0.0,0.0
2022-01-23 18:16:30.508009,0.0,0.0,0.0
2022-01-23 18:16:31.006262,0.0,0.0,0.0
2022-01-23 18:16:31.502718,0.0,0.0,0.0
2022-01-23 18:16:32.001369,0.0,0.0,0.0
2022-01-23 18:16:32.507165,0.0,0.0,0.0
2022-01-23 18:16:33.008755,0.0,0.0,0.0
2022-01-23 18:16:33.505729,0.0,0.0,0.0
2022-01-23 18:16:34.003980,0.0,0.0,0.0
2022-01-23 18:16:34.501733,0.0,0.0,0.0
2022-01-23 18:16:35.009741,0.0,0.0,0.0
2022-01-23 18:16:35.503371,0.0,0.0,0.0
2022-01-23 18:16:36.002026,0.0,0.0,0.0
2022-01-23 18:16:36.508334,0.0,0.0,0.0
2022-01-23 18:16:37.007978,0.0,0.0,0.0
2022-01-23 18:16:37.505646,0.0,0.0,0.0
2022-01-23 18:16:38.004007,0.0,0.0,0.0
2022-01-23 18:16:38.509415,0.0,0.0,0.0
2022-01-23 18:16:39.008547,0.0,0.0,0.0
2022-01-23 18:16:39.504313,0.0,0.0,0.0
2022-01-23 18:16:40.003296,0.0,0.0,0.0
2022-01-23 18:16:40.509043,0.0,0.0,0.0
2022-01-23 18:16:41.008212,0.0,0.0,0.0
2022-01-23 18:16:41.504555,0.0,0.0,0.0
2022-01-23 18:16:42.002514,0.0,0.0,0.0
2022-01-23 18:16:42.508448,0.0,0.0,0.0
2022-01-23 18:16:43.006846,0.0,0.0,0.0
2022-01-23 18:16:43.502709,0.0,0.0,0.0
2022-01-23 18:16:44.010548,0.0,0.0,0.0
2022-01-23 18:16:44.505413,0.0,0.0,0.0
2022-01-23 18:16:45.003203,0.0,0.0,0.0
2022-01-23 18:16:45.508967,0.0,0.0,0.0
2022-01-23 18:16:46.009531,0.0,0.0,0.0
2022-01-23 18:16:46.504354,0.0,0.0,0.0
2022-01-23 18:16:47.003374,0.0,0.0,0.0
2022-01-23 18:16:47.509353,0.0,0.0,0.0
2022-01-23 18:16:48.009213,0.0,0.0,0.0
2022-01-23 18:16:48.503777,0.0,0.0,0.0
2022-01-23 18:16:49.002553,0.0,0.0,0.0
2022-01-23 18:16:49.509856,0.0,0.0,0.0
2022-01-23 18:16:50.008385,0.0,0.0,0.0
2022-01-23 18:16:50.505783,0.0,0.0,0.0
2022-01-23 18:16:51.002280,0.0,0.0,0.0
2022-01-23 18:16:51.507457,0.0,0.0,0.0
2022-01-23 18:16:52.006134,0.0,0.0,0.0
2022-01-23 18:16:52.501284,0.0,0.0,0.0
2022-01-23 18:16:53.010277,0.0,0.0,0.0
2022-01-23 18:16:53.507187,0.0,0.0,0.0
2022-01-23 18:16:54.005546,0.0,0.0,0.0
2022-01-23 18:16:54.501406,0.0,0.0,0.0
2022-01-23 18:16:55.001518,0.0,0.0,0.0
2022-01-23 18:16:55.507431,0.0,0.0,0.0
2022-01-23 18:16:56.005507,0.0,0.0,0.0
2022-01-23 18:16:56.501250,0.0,0.0,0.0
2022-01-23 18:16:57.008815,0.0,0.0,0.0
2022-01-23 18:16:57.503189,0.0,0.0,0.0
2022-01-23 18:16:58.002117,0.0,0.0,0.0
2022-01-23 18:16:58.507771,0.0,0.0,0.0
2022-01-23 18:16:59.007035,0.0,0.0,0.0
2022-01-23 18:16:59.505567,0.0,0.0,0.0
2022-01-23 18:17:00.004354,0.0,0.0,0.0
2022-01-23 18:17:00.506893,0.0,0.0,0.0
2022-01-23 18:17:01.005881,0.0,0.0,0.0
2022-01-23 18:17:01.510610,0.0,0.0,0.0
2022-01-23 18:17:02.008993,0.0,0.0,0.0
2022-01-23 18:17:02.502896,0.0,0.0,0.0
2022-01-23 18:17:03.001143,0.0,0.0,0.0
2022-01-23 18:17:03.508532,0.0,0.0,0.0
2022-01-23 18:17:04.006402,0.0,0.0,0.0
2022-01-23 18:17:04.501943,0.0,0.0,0.0
2022-01-23 18:17:05.009923,0.0,0.0,0.0
2022-01-23 18:17:05.505146,0.0,0.0,0.0
2022-01-23 18:17:06.003146,0.0,0.0,0.0
2022-01-23 18:17:06.507686,0.0,0.0,0.0
2022-01-23 18:17:07.005336,0.0,0.0,0.0
2022-01-23 18:17:07.510364,0.0,0.0,0.0
2022-01-23 18:17:08.008500,0.0,0.0,0.0
2022-01-23 18:17:08.504611,0.0,0.0,0.0
2022-01-23 18:17:09.003705,0.0,0.0,0.0
2022-01-23 18:17:09.509749,0.0,0.0,0.0
2022-01-23 18:17:10.008307,0.0,0.0,0.0
2022-01-23 18:17:10.501930,0.0,0.0,0.0
2022-01-23 18:17:11.010256,0.0,0.0,0.0
2022-01-23 18:17:11.505872,0.0,0.0,0.0
2022-01-23 18:17:12.004414,0.0,0.0,0.0
2022-01-23 18:17:12.510678,0.0,0.0,0.0
2022-01-23 18:17:13.009007,0.0,0.0,0.0
2022-01-23 18:17:13.504945,0.0,0.0,0.0
2022-01-23 18:17:14.003686,0.0,0.0,0.0
2022-01-23 18:17:14.509711,0.0,0.0,0.0
2022-01-23 18:17:15.009130,0.0,0.0,0.0
2022-01-23 18:17:15.504598,0.0,0.0,0.0
2022-01-23 18:17:16.003474,0.0,0.0,0.0
2022-01-23 18:17:16.508876,0.0,0.0,0.0
2022-01-23 18:17:17.007225,0.0,0.0,0.0
2022-01-23 18:17:17.504230,0.0,0.0,0.0
2022-01-23 18:17:18.003305,0.0,0.0,0.0
2022-01-23 18:17:18.509811,0.0,0.0,0.0
2022-01-23 18:17:19.008077,0.0,0.0,0.0
2022-01-23 18:17:19.503349,0.0,0.0,0.0
2022-01-23 18:17:20.002501,0.0,0.0,0.0
2022-01-23 18:17:20.508331,0.0,0.0,0.0
2022-01-23 18:17:21.007024,0.0,0.0,0.0
2022-01-23 18:17:21.503541,0.0,0.0,0.0
2022-01-23 18:17:22.001742,0.0,0.0,0.0
2022-01-23 18:17:22.507382,0.0,0.0,0.0
2022-01-23 18:17:23.004897,0.0,0.0,0.0
2022-01-23 18:17:23.510982,0.0,0.0,0.0
2022-01-23 18:17:24.010309,0.0,0.0,0.0
2022-01-23 18:17:24.505783,0.0,0.0,0.0
2022-01-23 18:17:25.003971,0.0,0.0,0.0
2022-01-23 18:17:25.508112,0.0,0.0,0.0
2022-01-23 18:17:26.007539,0.0,0.0,0.0
2022-01-23 18:17:26.503642,0.0,0.0,0.0
2022-01-23 18:17:27.001049,0.0,0.0,0.0
2022-01-23 18:17:27.509565,0.0,0.0,0.0
2022-01-23 18:17:28.008175,0.0,0.0,0.0
2022-01-23 18:17:28.505450,0.0,0.0,0.0
2022-01-23 18:17:29.003084,0.0,0.0,0.0
2022-01-23 18:17:29.509125,0.0,0.0,0.0
2022-01-23 18:17:30.007212,0.0,0.0,0.0
2022-01-23 18:17:30.502584,0.0,0.0,0.0
2022-01-23 18:17:31.001142,0.0,0.0,0.0
2022-01-23 18:17:31.507334,0.0,0.0,0.0
2022-01-23 18:17:32.007836,0.0,0.0,0.0
2022-01-23 18:17:32.504368,0.0,0.0,0.0
2022-01-23 18:17:33.002365,0.0,0.0,0.0
2022-01-23 18:17:33.508528,0.0,0.0,0.0
2022-01-23 18:17:34.007492,0.0,0.0,0.0
2022-01-23 18:17:34.505977,0.0,0.0,0.0
2022-01-23 18:17:35.004608,0.0,0.0,0.0
2022-01-23 18:17:35.509530,0.0,0.0,0.0
2022-01-23 18:17:36.008469,0.0,0.0,0.0
2022-01-23 18:17:36.503419,0.0,0.0,0.0
2022-01-23 18:17:37.001806,0.0,0.0,0.0
2022-01-23 18:17:37.507926,0.0,0.0,0.0
2022-01-23 18:17:38.006915,0.0,0.0,0.0
2022-01-23 18:17:38.501499,0.0,0.0,0.0
2022-01-23 18:17:39.010609,0.0,0.0,0.0
2022-01-23 18:17:39.505118,0.0,0.0,0.0
2022-01-23 18:17:40.002801,0.0,0.0,0.0
2022-01-23 18:17:40.510725,0.0,0.0,0.0
2022-01-23 18:17:41.009531,0.0,0.0,0.0
2022-01-23 18:17:41.505091,0.0,0.0,0.0
2022-01-23 18:17:42.002966,0.0,0.0,0.0
2022-01-23 18:17:42.509449,0.0,0.0,0.0
2022-01-23 18:17:43.007998,0.0,0.0,0.0
2022-01-23 18:17:43.506655,0.0,0.0,0.0
2022-01-23 18:17:44.004957,0.0,0.0,0.0
2022-01-23 18:17:44.509423,0.0,0.0,0.0
2022-01-23 18:17:45.007194,0.0,0.0,0.0
2022-01-23 18:17:45.502774,0.0,0.0,0.0
2022-01-23 18:17:46.009708,0.0,0.0,0.0
2022-01-23 18:17:46.505114,0.0,0.0,0.0
2022-01-23 18:17:47.002902,0.0,0.0,0.0
2022-01-23 18:17:47.507888,0.0,0.0,0.0
2022-01-23 18:17:48.007193,0.0,0.0,0.0
2022-01-23 18:17:48.503510,0.0,0.0,0.0
2022-01-23 18:17:49.001495,0.0,0.0,0.0
2022-01-23 18:17:49.506845,0.0,0.0,0.0
2022-01-23 18:17:50.003886,0.0,0.0,0.0
2022-01-23 18:17:50.509904,0.0,0.0,0.0
2022-01-23 18:17:51.008266,0.0,0.0,0.0
2022-01-23 18:17:51.505306,0.0,0.0,0.0
2022-01-23 18:17:52.003272,0.0,0.0,0.0
2022-01-23 18:17:52.510214,0.0,0.0,0.0
2022-01-23 18:17:53.007256,0.0,0.0,0.0
2022-01-23 18:17:53.509676,0.0,0.0,0.0
2022-01-23 18:17:54.008305,0.0,0.0,0.0
2022-01-23 18:17:54.503382,0.0,0.0,0.0
2022-01-23 18:17:55.010478,0.0,0.0,0.0
2022-01-23 18:17:55.506763,0.0,0.0,0.0
2022-01-23 18:17:56.004180,0.0,0.0,0.0
2022-01-23 18:17:56.509790,0.0,0.0,0.0
2022-01-23 18:17:57.007878,0.0,0.0,0.0
2022-01-23 18:17:57.503803,0.0,0.0,0.0
2022-01-23 18:17:58.001852,0.0,0.0,0.0
2022-01-23 18:17:58.507340,0.0,0.0,0.0
2022-01-23 18:17:59.005098,0.0,0.0,0.0
2022-01-23 18:17:59.501403,0.0,0.0,0.0
2022-01-23 18:18:00.010170,0.0,0.0,0.0
2022-01-23 18:18:00.503561,0.0,0.0,0.0
2022-01-23 18:18:01.003346,0.0,0.0,0.0
2022-01-23 18:18:01.509079,0.0,0.0,0.0
2022-01-23 18:18:02.006946,0.0,0.0,0.0
2022-01-23 18:18:02.501694,0.0,0.0,0.0
2022-01-23 18:18:03.010227,0.0,0.0,0.0
2022-01-23 18:18:03.506522,0.0,0.0,0.0
2022-01-23 18:18:04.004011,0.0,0.0,0.0
2022-01-23 18:18:04.509475,0.0,0.0,0.0
2022-01-23 18:18:05.006761,0.0,0.0,0.0
2022-01-23 18:18:05.504252,0.0,0.0,0.0
2022-01-23 18:18:06.002243,0.0,0.0,0.0
2022-01-23 18:18:06.507056,0.0,0.0,0.0
2022-01-23 18:18:07.006393,0.0,0.0,0.0
2022-01-23 18:18:07.510322,0.0,0.0,0.0
2022-01-23 18:18:08.008193,0.0,0.0,0.0
2022-01-23 18:18:08.502406,0.0,0.0,0.0
2022-01-23 18:18:09.002346,0.0,0.0,0.0
2022-01-23 18:18:09.507998,0.0,0.0,0.0
2022-01-23 18:18:10.006233,0.0,0.0,0.0
2022-01-23 18:18:10.510306,0.0,0.0,0.0
2022-01-23 18:18:11.004458,0.0,0.0,0.0
2022-01-23 18:18:11.509933,0.0,0.0,0.0
2022-01-23 18:18:12.007214,0.0,0.0,0.0
2022-01-23 18:18:12.501661,0.0,0.0,0.0
2022-01-23 18:18:13.009852,0.0,0.0,0.0
2022-01-23 18:18:13.506766,0.0,0.0,0.0
2022-01-23 18:18:14.006907,0.0,0.0,0.0
2022-01-23 18:18:14.503660,0.0,0.0,0.0
2022-01-23 18:18:15.002561,0.0,0.0,0.0
2022-01-23 18:18:15.508195,0.0,0.0,0.0
2022-01-23 18:18:16.006317,0.0,0.0,0.0
2022-01-23 18:18:16.501104,0.0,0.0,0.0
2022-01-23 18:18:17.009477,0.0,0.0,0.0
2022-01-23 18:18:17.506579,0.0,0.0,0.0
2022-01-23 18:18:18.003795,0.0,0.0,0.0
2022-01-23 18:18:18.509883,0.0,0.0,0.0
2022-01-23 18:18:19.008667,0.0,0.0,0.0
2022-01-23 18:18:19.505194,0.0,0.0,0.0
2022-01-23 18:18:20.004126,0.0,0.0,0.0
2022-01-23 18:18:20.511080,0.0,0.0,0.0
2022-01-23 18:18:21.001829,0.0,0.0,0.0
2022-01-23 18:18:21.507810,0.0,0.0,0.0
2022-01-23 18:18:22.006346,0.0,0.0,0.0
2022-01-23 18:18:22.502969,0.0,0.0,0.0
2022-01-23 18:18:23.002697,0.0,0.0,0.0
2022-01-23 18:18:23.510215,0.0,0.0,0.0
2022-01-23 18:18:24.007676,0.0,0.0,0.0
2022-01-23 18:18:24.502453,0.0,0.0,0.0
2022-01-23 18:18:25.010675,0.0,0.0,0.0
2022-01-23 18:18:25.507054,0.0,0.0,0.0
2022-01-23 18:18:26.001169,0.0,0.0,0.0
2022-01-23 18:18:26.507512,0.0,0.0,0.0
2022-01-23 18:18:27.005790,0.0,0.0,0.0
2022-01-23 18:18:27.501729,0.0,0.0,0.0
2022-01-23 18:18:28.010422,0.0,0.0,0.0
2022-01-23 18:18:28.507245,0.0,0.0,0.0
2022-01-23 18:18:29.004719,0.0,0.0,0.0
2022-01-23 18:18:29.510305,0.0,0.0,0.0
2022-01-23 18:18:30.007972,0.0,0.0,0.0
2022-01-23 18:18:30.503287,0.0,0.0,0.0
2022-01-23 18:18:31.001855,0.0,0.0,0.0
2022-01-23 18:18:31.508287,0.0,0.0,0.0
2022-01-23 18:18:32.006503,0.0,0.0,0.0
2022-01-23 18:18:32.503301,0.0,0.0,0.0
2022-01-23 18:18:33.001987,0.0,0.0,0.0
2022-01-23 18:18:33.510624,0.0,0.0,0.0
2022-01-23 18:18:34.009638,0.0,0.0,0.0
2022-01-23 18:18:34.505661,0.0,0.0,0.0
2022-01-23 18:18:35.003825,0.0,0.0,0.0
2022-01-23 18:18:35.510048,0.0,0.0,0.0
2022-01-23 18:18:36.009195,0.0,0.0,0.0
2022-01-23 18:18:36.504026,0.0,0.0,0.0
2022-01-23 18:18:37.003986,0.0,0.0,0.0
2022-01-23 18:18:37.508757,0.0,0.0,0.0
2022-01-23 18:18:38.006842,0.0,0.0,0.0
2022-01-23 18:18:38.503099,0.0,0.0,0.0
2022-01-23 18:18:39.001005,0.0,0.0,0.0
2022-01-23 18:18:39.506717,0.0,0.0,0.0
2022-01-23 18:18:40.006475,0.0,0.0,0.0
2022-01-23 18:18:40.510275,0.0,0.0,0.0
2022-01-23 18:18:41.008301,0.0,0.0,0.0
2022-01-23 18:18:41.503825,0.0,0.0,0.0
2022-01-23 18:18:42.002369,0.0,0.0,0.0
2022-01-23 18:18:42.508523,0.0,0.0,0.0
2022-01-23 18:18:43.006387,0.0,0.0,0.0
2022-01-23 18:18:44.005043,0.0,0.0,0.0
2022-01-23 18:18:44.509974,0.0,0.0,0.0
2022-01-23 18:18:45.006853,0.0,0.0,0.0
2022-01-23 18:18:45.501347,0.0,0.0,0.0
2022-01-23 18:18:46.009289,0.0,0.0,0.0
2022-01-23 18:18:46.504888,0.0,0.0,0.0
2022-01-23 18:18:47.004154,0.0,0.0,0.0
2022-01-23 18:18:47.509997,0.0,0.0,0.0
2022-01-23 18:18:48.009064,0.0,0.0,0.0
2022-01-23 18:18:48.506375,0.0,0.0,0.0
2022-01-23 18:18:49.003442,0.0,0.0,0.0
2022-01-23 18:18:49.509359,0.0,0.0,0.0
2022-01-23 18:18:50.007970,0.0,0.0,0.0
2022-01-23 18:18:50.504086,0.0,0.0,0.0
2022-01-23 18:18:51.001200,0.0,0.0,0.0
2022-01-23 18:18:51.507477,0.0,0.0,0.0
2022-01-23 18:18:52.006159,0.0,0.0,0.0
2022-01-23 18:18:52.502710,0.0,0.0,0.0
2022-01-23 18:18:53.010398,0.0,0.0,0.0
2022-01-23 18:18:53.505815,0.0,0.0,0.0
2022-01-23 18:18:54.002773,0.0,0.0,0.0
2022-01-23 18:18:54.507700,0.0,0.0,0.0
2022-01-23 18:18:55.006847,0.0,0.0,0.0
2022-01-23 18:18:55.503363,0.0,0.0,0.0
2022-01-23 18:18:56.002717,0.0,0.0,0.0
2022-01-23 18:18:56.508588,0.0,0.0,0.0
2022-01-23 18:18:57.008353,0.0,0.0,0.0
2022-01-23 18:18:57.503010,0.0,0.0,0.0
2022-01-23 18:18:58.001787,0.0,0.0,0.0
2022-01-23 18:18:58.507702,0.0,0.0,0.0
2022-01-23 18:18:59.006365,0.0,0.0,0.0
2022-01-23 18:18:59.501277,0.0,0.0,0.0
2022-01-23 18:19:00.008208,0.0,0.0,0.0
2022-01-23 18:19:00.504334,0.0,0.0,0.0
2022-01-23 18:19:01.001317,0.0,0.0,0.0
2022-01-23 18:19:01.506585,0.0,0.0,0.0
2022-01-23 18:19:02.003851,0.0,0.0,0.0
2022-01-23 18:19:02.510278,0.0,0.0,0.0
2022-01-23 18:19:03.007402,0.0,0.0,0.0
2022-01-23 18:19:03.502167,0.0,0.0,0.0
2022-01-23 18:19:04.009324,0.0,0.0,0.0
2022-01-23 18:19:04.504794,0.0,0.0,0.0
2022-01-23 18:19:05.003906,0.0,0.0,0.0
2022-01-23 18:19:05.508423,0.0,0.0,0.0
2022-01-23 18:19:06.006749,0.0,0.0,0.0
2022-01-23 18:19:06.501256,0.0,0.0,0.0
2022-01-23 18:19:07.009060,0.0,0.0,0.0
2022-01-23 18:19:07.505179,0.0,0.0,0.0
2022-01-23 18:19:08.003119,0.0,0.0,0.0
2022-01-23 18:19:08.509084,0.0,0.0,0.0
2022-01-23 18:19:09.007627,0.0,0.0,0.0
2022-01-23 18:19:09.504433,0.0,0.0,0.0
2022-01-23 18:19:10.001535,0.0,0.0,0.0
2022-01-23 18:19:10.507412,0.0,0.0,0.0
2022-01-23 18:19:11.006733,0.0,0.0,0.0
2022-01-23 18:19:11.501738,0.0,0.0,0.0
2022-01-23 18:19:12.009642,0.0,0.0,0.0
2022-01-23 18:19:12.504981,0.0,0.0,0.0
2022-01-23 18:19:13.003853,0.0,0.0,0.0
2022-01-23 18:19:13.501259,0.0,0.0,0.0
2022-01-23 18:19:14.009511,0.0,0.0,0.0
2022-01-23 18:19:14.504277,0.0,0.0,0.0
2022-01-23 18:19:15.002790,0.0,0.0,0.0
2022-01-23 18:19:15.510347,0.0,0.0,0.0
2022-01-23 18:19:16.001035,0.0,0.0,0.0
2022-01-23 18:19:16.507248,0.0,0.0,0.0
2022-01-23 18:19:17.006341,0.0,0.0,0.0
2022-01-23 18:19:17.501363,0.0,0.0,0.0
2022-01-23 18:19:18.010314,0.0,0.0,0.0
2022-01-23 18:19:18.506311,0.0,0.0,0.0
2022-01-23 18:19:19.004241,0.0,0.0,0.0
2022-01-23 18:19:19.509506,0.0,0.0,0.0
2022-01-23 18:19:20.007965,0.0,0.0,0.0
2022-01-23 18:19:20.504268,0.0,0.0,0.0
2022-01-23 18:19:21.002315,0.0,0.0,0.0
2022-01-23 18:19:21.509066,0.0,0.0,0.0
2022-01-23 18:19:22.007478,0.0,0.0,0.0
2022-01-23 18:19:22.506011,0.0,0.0,0.0
2022-01-23 18:19:23.003676,0.0,0.0,0.0
2022-01-23 18:19:23.509138,0.0,0.0,0.0
2022-01-23 18:19:24.008395,0.0,0.0,0.0
2022-01-23 18:19:24.502947,0.0,0.0,0.0
2022-01-23 18:19:25.001851,0.0,0.0,0.0
2022-01-23 18:19:25.507255,0.0,0.0,0.0
2022-01-23 18:19:26.005785,0.0,0.0,0.0
2022-01-23 18:19:26.501058,0.0,0.0,0.0
2022-01-23 18:19:27.011041,0.0,0.0,0.0
2022-01-23 18:19:27.503969,0.0,0.0,0.0
2022-01-23 18:19:28.003306,0.0,0.0,0.0
2022-01-23 18:19:28.510001,0.0,0.0,0.0
2022-01-23 18:19:29.008465,0.0,0.0,0.0
2022-01-23 18:19:29.505435,0.0,0.0,0.0
2022-01-23 18:19:30.003394,0.0,0.0,0.0
2022-01-23 18:19:30.507933,0.0,0.0,0.0
2022-01-23 18:19:31.007181,0.0,0.0,0.0
2022-01-23 18:19:31.506557,0.0,0.0,0.0
2022-01-23 18:19:32.004238,0.0,0.0,0.0
2022-01-23 18:19:33.005058,0.0,0.0,0.0
2022-01-23 18:19:33.501465,0.0,0.0,0.0
2022-01-23 18:19:34.010999,0.0,0.0,0.0
2022-01-23 18:19:34.506880,0.0,0.0,0.0
2022-01-23 18:19:35.004441,0.0,0.0,0.0
2022-01-23 18:19:35.510375,0.0,0.0,0.0
2022-01-23 18:19:36.007674,0.0,0.0,0.0
2022-01-23 18:19:36.505469,0.0,0.0,0.0
2022-01-23 18:19:37.004226,0.0,0.0,0.0
2022-01-23 18:19:37.501788,0.0,0.0,0.0
2022-01-23 18:19:38.011235,0.0,0.0,0.0
2022-01-23 18:19:38.506703,0.0,0.0,0.0
2022-01-23 18:19:39.004974,0.0,0.0,0.0
2022-01-23 18:19:39.509294,0.0,0.0,0.0
2022-01-23 18:19:40.008761,0.0,0.0,0.0
2022-01-23 18:19:40.503168,0.0,0.0,0.0
2022-01-23 18:19:41.005563,0.0,0.0,0.0
2022-01-23 18:19:41.511107,0.0,0.0,0.0
2022-01-23 18:19:42.008862,0.0,0.0,0.0
2022-01-23 18:19:42.504754,0.0,0.0,0.0
2022-01-23 18:19:43.003506,0.0,0.0,0.0
2022-01-23 18:19:43.509516,0.0,0.0,0.0
2022-01-23 18:19:44.007401,0.0,0.0,0.0
2022-01-23 18:19:44.504100,0.0,0.0,0.0
2022-01-23 18:19:45.002151,0.0,0.0,0.0
2022-01-23 18:19:45.510008,0.0,0.0,0.0
2022-01-23 18:19:46.007311,0.0,0.0,0.0
2022-01-23 18:19:46.502353,0.0,0.0,0.0
2022-01-23 18:19:47.010320,0.0,0.0,0.0
2022-01-23 18:19:47.506239,0.0,0.0,0.0
2022-01-23 18:19:48.003194,0.0,0.0,0.0
2022-01-23 18:19:48.510780,0.0,0.0,0.0
2022-01-23 18:19:49.009112,0.0,0.0,0.0
2022-01-23 18:19:49.506206,0.0,0.0,0.0
2022-01-23 18:19:50.007576,0.0,0.0,0.0
2022-01-23 18:19:50.502306,0.0,0.0,0.0
2022-01-23 18:19:51.010104,0.0,0.0,0.0
2022-01-23 18:19:51.505652,0.0,0.0,0.0
2022-01-23 18:19:52.004099,0.0,0.0,0.0
2022-01-23 18:19:52.510401,0.0,0.0,0.0
2022-01-23 18:19:53.008720,0.0,0.0,0.0
2022-01-23 18:19:53.504478,0.0,0.0,0.0
2022-01-23 18:19:54.002615,0.0,0.0,0.0
2022-01-23 18:19:54.501240,0.0,0.0,0.0
2022-01-23 18:19:55.009833,0.0,0.0,0.0
2022-01-23 18:19:55.505071,0.0,0.0,0.0
2022-01-23 18:19:56.003434,0.0,0.0,0.0
2022-01-23 18:19:56.507768,0.0,0.0,0.0
2022-01-23 18:19:57.006944,0.0,0.0,0.0
2022-01-23 18:19:57.502229,0.0,0.0,0.0
2022-01-23 18:19:58.011219,0.0,0.0,0.0
2022-01-23 18:19:58.506989,0.0,0.0,0.0
2022-01-23 18:19:59.008487,0.0,0.0,0.0
2022-01-23 18:19:59.504122,0.0,0.0,0.0
2022-01-23 18:20:00.002330,0.0,0.0,0.0
2022-01-23 18:20:00.509025,0.0,0.0,0.0
2022-01-23 18:20:01.007538,0.0,0.0,0.0
2022-01-23 18:20:01.503870,0.0,0.0,0.0
2022-01-23 18:20:02.001822,0.0,0.0,0.0
2022-01-23 18:20:02.508450,0.0,0.0,0.0
2022-01-23 18:20:03.007775,0.0,0.0,0.0
2022-01-23 18:20:03.504056,0.0,0.0,0.0
2022-01-23 18:20:04.001544,0.0,0.0,0.0
2022-01-23 18:20:04.507052,0.0,0.0,0.0
2022-01-23 18:20:05.005414,0.0,0.0,0.0
2022-01-23 18:20:05.500815,0.0,0.0,0.0
2022-01-23 18:20:06.010518,0.0,0.0,0.0
2022-01-23 18:20:06.506273,0.0,0.0,0.0
2022-01-23 18:20:07.004169,0.0,0.0,0.0
2022-01-23 18:20:07.510347,0.0,0.0,0.0
2022-01-23 18:20:08.008753,0.0,0.0,0.0
2022-01-23 18:20:08.503962,0.0,0.0,0.0
2022-01-23 18:20:09.002925,0.0,0.0,0.0
2022-01-23 18:20:09.507777,0.0,0.0,0.0
2022-01-23 18:20:10.006271,0.0,0.0,0.0
2022-01-23 18:20:10.502517,0.0,0.0,0.0
2022-01-23 18:20:11.006221,0.0,0.0,0.0
2022-01-23 18:20:11.501155,0.0,0.0,0.0
2022-01-23 18:20:12.010501,0.0,0.0,0.0
2022-01-23 18:20:12.504987,0.0,0.0,0.0
2022-01-23 18:20:13.003124,0.0,0.0,0.0
2022-01-23 18:20:13.508983,0.0,0.0,0.0
2022-01-23 18:20:14.006495,0.0,0.0,0.0
2022-01-23 18:20:14.510943,0.0,0.0,0.0
2022-01-23 18:20:15.009230,0.0,0.0,0.0
2022-01-23 18:20:15.504514,0.0,0.0,0.0
2022-01-23 18:20:16.002216,0.0,0.0,0.0
2022-01-23 18:20:16.508861,0.0,0.0,0.0
2022-01-23 18:20:17.007247,0.0,0.0,0.0
2022-01-23 18:20:17.503443,0.0,0.0,0.0
2022-01-23 18:20:18.002352,0.0,0.0,0.0
2022-01-23 18:20:18.509400,0.0,0.0,0.0
2022-01-23 18:20:19.009073,0.0,0.0,0.0
2022-01-23 18:20:19.504746,0.0,0.0,0.0
2022-01-23 18:20:20.002431,0.0,0.0,0.0
2022-01-23 18:20:20.508232,0.0,0.0,0.0
2022-01-23 18:20:21.008336,0.0,0.0,0.0
2022-01-23 18:20:21.504610,0.0,0.0,0.0
2022-01-23 18:20:22.002970,0.0,0.0,0.0
2022-01-23 18:20:22.508580,0.0,0.0,0.0
2022-01-23 18:20:23.006957,0.0,0.0,0.0
2022-01-23 18:20:23.502534,0.0,0.0,0.0
2022-01-23 18:20:24.001087,0.0,0.0,0.0
2022-01-23 18:20:24.506706,0.0,0.0,0.0
2022-01-23 18:20:25.005315,0.0,0.0,0.0
2022-01-23 18:20:25.503339,0.0,0.0,0.0
2022-01-23 18:20:26.003080,0.0,0.0,0.0
2022-01-23 18:20:26.508361,0.0,0.0,0.0
2022-01-23 18:20:27.006240,0.0,0.0,0.0
2022-01-23 18:20:27.504007,0.0,0.0,0.0
2022-01-23 18:20:28.001897,0.0,0.0,0.0
2022-01-23 18:20:28.508801,0.0,0.0,0.0
2022-01-23 18:20:29.005156,0.0,0.0,0.0
2022-01-23 18:20:29.502669,0.0,0.0,0.0
2022-01-23 18:20:30.001171,0.0,0.0,0.0
2022-01-23 18:20:30.506759,0.0,0.0,0.0
2022-01-23 18:20:31.004766,0.0,0.0,0.0
2022-01-23 18:20:31.510857,0.0,0.0,0.0
2022-01-23 18:20:32.009430,0.0,0.0,0.0
2022-01-23 18:20:32.504432,0.0,0.0,0.0
2022-01-23 18:20:33.002051,0.0,0.0,0.0
2022-01-23 18:20:33.507085,0.0,0.0,0.0
2022-01-23 18:20:34.003889,0.0,0.0,0.0
2022-01-23 18:20:34.509341,0.0,0.0,0.0
2022-01-23 18:20:35.008301,0.0,0.0,0.0
2022-01-23 18:20:35.503665,0.0,0.0,0.0
2022-01-23 18:20:36.003731,0.0,0.0,0.0
2022-01-23 18:20:36.510209,0.0,0.0,0.0
2022-01-23 18:20:37.008433,0.0,0.0,0.0
2022-01-23 18:20:37.504493,0.0,0.0,0.0
2022-01-23 18:20:38.002749,0.0,0.0,0.0
2022-01-23 18:20:38.509626,0.0,0.0,0.0
2022-01-23 18:20:39.006920,0.0,0.0,0.0
2022-01-23 18:20:39.503125,0.0,0.0,0.0
2022-01-23 18:20:40.002370,0.0,0.0,0.0
2022-01-23 18:20:40.508309,0.0,0.0,0.0
2022-01-23 18:20:41.007031,0.0,0.0,0.0
2022-01-23 18:20:41.502243,0.0,0.0,0.0
2022-01-23 18:20:42.009777,0.0,0.0,0.0
2022-01-23 18:20:42.505530,0.0,0.0,0.0
2022-01-23 18:20:43.004749,0.0,0.0,0.0
2022-01-23 18:20:43.511007,0.0,0.0,0.0
2022-01-23 18:20:44.008103,0.0,0.0,0.0
2022-01-23 18:20:44.502812,0.0,0.0,0.0
2022-01-23 18:20:45.009830,0.0,0.0,0.0
2022-01-23 18:20:45.506574,0.0,0.0,0.0
2022-01-23 18:20:46.006318,0.0,0.0,0.0
2022-01-23 18:20:46.506643,0.0,0.0,0.0
2022-01-23 18:20:47.005690,0.0,0.0,0.0
2022-01-23 18:20:47.504734,0.0,0.0,0.0
2022-01-23 18:20:48.003395,0.0,0.0,0.0
2022-01-23 18:20:48.510758,0.0,0.0,0.0
2022-01-23 18:20:49.009252,0.0,0.0,0.0
2022-01-23 18:20:49.505095,0.0,0.0,0.0
2022-01-23 18:20:50.002801,0.0,0.0,0.0
2022-01-23 18:20:50.509049,0.0,0.0,0.0
2022-01-23 18:20:51.006294,0.0,0.0,0.0
2022-01-23 18:20:51.502572,0.0,0.0,0.0
2022-01-23 18:20:52.011132,0.0,0.0,0.0
2022-01-23 18:20:52.507524,0.0,0.0,0.0
2022-01-23 18:20:53.004319,0.0,0.0,0.0
2022-01-23 18:20:54.004761,0.0,0.0,0.0
2022-01-23 18:20:54.509049,0.0,0.0,0.0
2022-01-23 18:20:55.007419,0.0,0.0,0.0
2022-01-23 18:20:55.502375,0.0,0.0,0.0
2022-01-23 18:20:56.010319,0.0,0.0,0.0
2022-01-23 18:20:56.507163,0.0,0.0,0.0
2022-01-23 18:20:57.006692,0.0,0.0,0.0
2022-01-23 18:20:57.502378,0.0,0.0,0.0
2022-01-23 18:20:58.011324,0.0,0.0,0.0
2022-01-23 18:20:58.506679,0.0,0.0,0.0
2022-01-23 18:20:59.003915,0.0,0.0,0.0
2022-01-23 18:20:59.510585,0.0,0.0,0.0
2022-01-23 18:21:00.009089,0.0,0.0,0.0
2022-01-23 18:21:00.502170,0.0,0.0,0.0
2022-01-23 18:21:01.010217,0.0,0.0,0.0
2022-01-23 18:21:01.506707,0.0,0.0,0.0
2022-01-23 18:21:02.004439,0.0,0.0,0.0
2022-01-23 18:21:02.510407,0.0,0.0,0.0
2022-01-23 18:21:03.007378,0.0,0.0,0.0
2022-01-23 18:21:03.501848,0.0,0.0,0.0
2022-01-23 18:21:04.009432,0.0,0.0,0.0
2022-01-23 18:21:04.505398,0.0,0.0,0.0
2022-01-23 18:21:05.003184,0.0,0.0,0.0
2022-01-23 18:21:05.510309,0.0,0.0,0.0
2022-01-23 18:21:06.008415,0.0,0.0,0.0
2022-01-23 18:21:06.503992,0.0,0.0,0.0
2022-01-23 18:21:07.003108,0.0,0.0,0.0
2022-01-23 18:21:07.509848,0.0,0.0,0.0
2022-01-23 18:21:08.008539,0.0,0.0,0.0
2022-01-23 18:21:08.503882,0.0,0.0,0.0
2022-01-23 18:21:09.002350,0.0,0.0,0.0
2022-01-23 18:21:09.510287,0.0,0.0,0.0
2022-01-23 18:21:10.009105,0.0,0.0,0.0
2022-01-23 18:21:10.505048,0.0,0.0,0.0
2022-01-23 18:21:11.003360,0.0,0.0,0.0
2022-01-23 18:21:11.509499,0.0,0.0,0.0
2022-01-23 18:21:12.006619,0.0,0.0,0.0
2022-01-23 18:21:12.501703,0.0,0.0,0.0
2022-01-23 18:21:13.001036,0.0,0.0,0.0
2022-01-23 18:21:13.507211,0.0,0.0,0.0
2022-01-23 18:21:14.008510,0.0,0.0,0.0
2022-01-23 18:21:14.503002,0.0,0.0,0.0
2022-01-23 18:21:15.001086,0.0,0.0,0.0
2022-01-23 18:21:15.507266,0.0,0.0,0.0
2022-01-23 18:21:16.004966,0.0,0.0,0.0
2022-01-23 18:21:16.509454,0.0,0.0,0.0
2022-01-23 18:21:17.007887,0.0,0.0,0.0
2022-01-23 18:21:17.502419,0.0,0.0,0.0
2022-01-23 18:21:18.001680,0.0,0.0,0.0
2022-01-23 18:21:18.510043,0.0,0.0,0.0
2022-01-23 18:21:19.007312,0.0,0.0,0.0
2022-01-23 18:21:19.503313,0.0,0.0,0.0
2022-01-23 18:21:20.010954,0.0,0.0,0.0
2022-01-23 18:21:20.506736,0.0,0.0,0.0
2022-01-23 18:21:21.005014,0.0,0.0,0.0
2022-01-23 18:21:21.510454,0.0,0.0,0.0
2022-01-23 18:21:22.008272,0.0,0.0,0.0
2022-01-23 18:21:22.505402,0.0,0.0,0.0
2022-01-23 18:21:23.004687,0.0,0.0,0.0
2022-01-23 18:21:23.501818,0.0,0.0,0.0
2022-01-23 18:21:24.009758,0.0,0.0,0.0
2022-01-23 18:21:24.504956,0.0,0.0,0.0
2022-01-23 18:21:25.003389,0.0,0.0,0.0
2022-01-23 18:21:25.510299,0.0,0.0,0.0
2022-01-23 18:21:26.008480,0.0,0.0,0.0
2022-01-23 18:21:26.503024,0.0,0.0,0.0
2022-01-23 18:21:27.001560,0.0,0.0,0.0
2022-01-23 18:21:27.510117,0.0,0.0,0.0
2022-01-23 18:21:28.008844,0.0,0.0,0.0
2022-01-23 18:21:28.503917,0.0,0.0,0.0
2022-01-23 18:21:29.002370,0.0,0.0,0.0
2022-01-23 18:21:29.507602,0.0,0.0,0.0
