時間,回転１,回転２,回転３
2022-01-23 13:00:00.507044,84.67848,84.85375,86.15958
2022-01-23 13:00:01.001742,83.59549,84.08,86.15958
2022-01-23 13:00:01.506622,84.21434,84.54425,86.35656
2022-01-23 13:00:02.002179,84.00888,84.4935,86.35656
2022-01-23 13:00:02.507964,84.36905,84.3895,84.90322
2022-01-23 13:00:03.005403,84.42104,84.699,84.90322
2022-01-23 13:00:03.510554,83.80219,84.33875,86.00312
2022-01-23 13:00:04.008010,84.36905,84.64825,86.00312
2022-01-23 13:00:04.505882,84.00888,84.54425,85.41406
2022-01-23 13:00:05.002268,84.57575,85.0085,85.41406
2022-01-23 13:00:05.507546,83.44078,84.08,86.23875
2022-01-23 13:00:06.004654,84.42104,84.54425,86.23875
2022-01-23 13:00:06.502791,84.21434,84.3895,85.57051
2022-01-23 13:00:07.010666,84.11161,84.4415,85.57051
2022-01-23 13:00:07.506994,84.36905,84.54425,86.00312
2022-01-23 13:00:08.003823,83.7502,84.184,86.00312
2022-01-23 13:00:08.508639,84.36905,84.59625,85.84572
2022-01-23 13:00:09.005406,84.05963,84.751,85.84572
2022-01-23 13:00:09.501904,84.05963,84.23475,85.72791
2022-01-23 13:00:10.009736,84.42104,84.4415,85.72791
2022-01-23 13:00:10.504560,84.00888,84.28675,85.57051
2022-01-23 13:00:11.008609,83.9569,84.28675,85.57051
2022-01-23 13:00:11.503546,84.26632,84.699,85.57051
2022-01-23 13:00:12.001746,84.00888,84.08,85.57051
2022-01-23 13:00:12.507108,84.42104,85.1125,86.04176
2022-01-23 13:00:13.004416,84.1636,84.54425,86.04176
2022-01-23 13:00:13.510124,84.1636,84.3895,85.4527
2022-01-23 13:00:14.009963,84.31831,84.699,85.4527
2022-01-23 13:00:14.506936,84.21434,84.3895,85.80614
2022-01-23 13:00:15.002441,84.31831,84.803,85.80614
2022-01-23 13:00:15.509820,83.80219,83.97725,85.72791
2022-01-23 13:00:16.007272,84.21434,84.85375,85.72791
2022-01-23 13:00:16.503941,84.47302,84.4415,86.00312
2022-01-23 13:00:17.002478,84.31831,84.4935,86.00312
2022-01-23 13:00:17.507222,84.21434,84.28675,85.53187
2022-01-23 13:00:18.005718,84.31831,84.54425,85.53187
2022-01-23 13:00:18.502387,83.90492,84.3895,86.00312
2022-01-23 13:00:19.009842,84.31831,84.59625,86.00312
2022-01-23 13:00:19.505811,84.26632,84.90575,86.15958
2022-01-23 13:00:20.003790,83.90492,84.28675,86.15958
2022-01-23 13:00:20.502725,84.31831,84.699,85.57051
2022-01-23 13:00:21.010787,84.42104,84.64825,85.57051
2022-01-23 13:00:21.506536,84.21434,84.28675,86.00312
2022-01-23 13:00:22.004484,83.90492,84.33875,86.00312
2022-01-23 13:00:22.510702,84.36905,84.64825,85.25666
2022-01-23 13:00:23.008830,83.7502,84.23475,85.25666
2022-01-23 13:00:23.503386,84.42104,84.85375,85.17843
2022-01-23 13:00:24.002084,83.49276,84.184,85.17843
2022-01-23 13:00:24.508341,84.67848,84.803,85.41406
2022-01-23 13:00:25.007045,84.73046,84.751,85.41406
2022-01-23 13:00:25.502379,83.90492,84.23475,86.19916
2022-01-23 13:00:26.010736,84.26632,84.54425,86.19916
2022-01-23 13:00:26.506891,83.7502,84.33875,85.49229
2022-01-23 13:00:27.005806,84.67848,85.0085,85.49229
2022-01-23 13:00:27.501240,83.9569,84.54425,85.53187
2022-01-23 13:00:28.009007,83.85417,83.92525,85.53187
2022-01-23 13:00:28.504992,84.57575,84.64825,85.6101
2022-01-23 13:00:29.003200,84.1636,84.4935,85.6101
2022-01-23 13:00:29.508631,84.78245,84.90575,86.31697
2022-01-23 13:00:30.006243,83.69946,84.23475,86.31697
2022-01-23 13:00:30.501060,84.11161,84.28675,85.02104
2022-01-23 13:00:31.009154,83.7502,84.3895,85.02104
2022-01-23 13:00:31.504680,84.78245,85.16325,85.88531
2022-01-23 13:00:32.003041,84.05963,84.132,85.88531
2022-01-23 13:00:32.509470,84.05963,84.23475,85.37447
2022-01-23 13:00:33.006768,84.47302,84.803,85.37447
2022-01-23 13:00:33.502631,84.31831,84.90575,85.25666
2022-01-23 13:00:34.001113,84.05963,84.28675,85.25666
2022-01-23 13:00:34.505825,84.00888,84.54425,86.19916
2022-01-23 13:00:35.004761,83.90492,84.23475,86.19916
2022-01-23 13:00:35.509651,84.57575,84.85375,85.13885
2022-01-23 13:00:36.008205,84.36905,84.699,85.13885
2022-01-23 13:00:36.504297,83.85417,84.02925,86.23875
2022-01-23 13:00:37.001469,84.1636,84.803,86.23875
2022-01-23 13:00:37.508789,84.1636,84.33875,85.7675
2022-01-23 13:00:38.007289,84.05963,84.64825,85.7675
2022-01-23 13:00:38.503332,84.21434,84.54425,85.64968
2022-01-23 13:00:39.001945,83.69946,84.184,85.64968
2022-01-23 13:00:39.507481,84.57575,84.751,84.90322
2022-01-23 13:00:40.004508,84.31831,84.33875,84.90322
2022-01-23 13:00:40.510655,84.11161,84.699,87.06343
2022-01-23 13:00:41.009252,84.26632,84.33875,87.06343
2022-01-23 13:00:41.506224,84.00888,84.4935,85.6101
2022-01-23 13:00:42.003933,84.1636,84.28675,85.6101
2022-01-23 13:00:42.509023,84.26632,84.803,85.96354
2022-01-23 13:00:43.007369,84.1636,84.33875,85.96354
2022-01-23 13:00:43.503293,83.9569,83.8225,85.92395
2022-01-23 13:00:44.001204,84.42104,84.90575,85.92395
2022-01-23 13:00:44.505796,84.05963,84.184,85.4527
2022-01-23 13:00:45.004134,84.31831,84.803,85.4527
2022-01-23 13:00:45.510555,84.57575,84.751,85.6101
2022-01-23 13:00:46.010809,83.39003,83.8745,85.6101
2022-01-23 13:00:46.507843,84.26632,84.3895,85.49229
2022-01-23 13:00:47.007877,84.36905,84.59625,85.49229
2022-01-23 13:00:47.502825,83.80219,84.132,85.09926
2022-01-23 13:00:48.504961,83.23532,83.7705,85.4527
2022-01-23 13:00:49.002347,84.62773,84.90575,85.4527
2022-01-23 13:00:49.506787,83.9569,84.59625,85.80614
2022-01-23 13:00:50.004417,84.57575,84.803,85.80614
2022-01-23 13:00:50.510339,83.9569,83.97725,85.88531
2022-01-23 13:00:51.008939,84.11161,84.4935,85.88531
2022-01-23 13:00:51.505742,84.42104,84.751,86.08135
2022-01-23 13:00:52.004456,84.11161,84.699,86.08135
2022-01-23 13:00:52.501083,83.90492,84.02925,85.4527
2022-01-23 13:00:53.010118,83.54475,84.184,85.4527
2022-01-23 13:00:53.505173,84.73046,85.16325,85.49229
2022-01-23 13:00:54.003971,84.21434,84.3895,85.49229
2022-01-23 13:00:54.510150,84.11161,84.54425,85.92395
2022-01-23 13:00:55.008462,84.1636,84.184,85.92395
2022-01-23 13:00:55.504979,84.11161,84.751,85.06062
2022-01-23 13:00:56.004449,84.83319,85.1125,85.06062
2022-01-23 13:00:56.501095,83.90492,84.4415,85.80614
2022-01-23 13:00:57.009861,83.90492,84.23475,85.80614
2022-01-23 13:00:57.505316,83.85417,84.08,85.25666
2022-01-23 13:00:58.003082,84.73046,84.95775,85.25666
2022-01-23 13:00:58.508825,84.05963,84.08,85.57051
2022-01-23 13:00:59.006603,84.1636,84.85375,85.57051
2022-01-23 13:00:59.501691,83.90492,83.97725,86.27739
2022-01-23 13:01:00.009877,84.31831,84.751,86.27739
2022-01-23 13:01:00.502510,84.88517,85.0605,86.43479
2022-01-23 13:01:01.010800,83.54475,84.08,86.43479
2022-01-23 13:01:01.506137,84.62773,84.751,85.6101
2022-01-23 13:01:02.004118,83.69946,83.7705,85.6101
2022-01-23 13:01:02.501740,84.67848,85.21525,86.71
2022-01-23 13:01:03.010038,84.05963,84.28675,86.71
2022-01-23 13:01:03.506391,83.85417,84.28675,85.64968
2022-01-23 13:01:04.003642,84.05963,84.28675,85.64968
2022-01-23 13:01:04.510561,84.05963,84.64825,85.49229
2022-01-23 13:01:05.007990,84.47302,84.751,85.49229
2022-01-23 13:01:05.503621,84.36905,84.33875,86.23875
2022-01-23 13:01:06.002321,84.21434,84.751,86.23875
2022-01-23 13:01:06.507192,84.11161,84.54425,85.13885
2022-01-23 13:01:07.004664,84.1636,84.64825,85.13885
2022-01-23 13:01:07.509800,84.00888,84.33875,85.25666
2022-01-23 13:01:08.008564,83.69946,84.3895,85.25666
2022-01-23 13:01:08.503911,84.57575,84.699,85.41406
2022-01-23 13:01:09.003091,83.85417,84.02925,85.41406
2022-01-23 13:01:09.510529,84.21434,84.64825,86.19916
2022-01-23 13:01:10.008486,84.36905,84.4935,86.19916
2022-01-23 13:01:10.502579,84.31831,84.64825,85.33489
2022-01-23 13:01:11.006570,83.85417,84.132,85.33489
2022-01-23 13:01:11.501833,84.00888,84.54425,85.02104
2022-01-23 13:01:12.010715,84.1636,84.4935,85.02104
2022-01-23 13:01:12.505634,84.52377,84.699,85.6101
2022-01-23 13:01:13.003676,83.64747,83.8745,85.6101
2022-01-23 13:01:13.501660,84.57575,84.803,85.68833
2022-01-23 13:01:14.001268,84.05963,84.59625,85.68833
2022-01-23 13:01:14.507017,84.52377,84.64825,85.29625
2022-01-23 13:01:15.004971,84.05963,84.4935,85.29625
2022-01-23 13:01:15.502254,83.9569,84.33875,85.84572
2022-01-23 13:01:16.010000,84.47302,84.699,85.84572
2022-01-23 13:01:16.505726,84.42104,84.699,85.88531
2022-01-23 13:01:17.004854,83.80219,84.08,85.88531
2022-01-23 13:01:17.501148,84.00888,84.4935,85.7675
2022-01-23 13:01:18.009645,84.42104,84.699,85.7675
2022-01-23 13:01:18.506823,83.85417,84.23475,85.72791
2022-01-23 13:01:19.005211,83.9569,84.184,85.72791
2022-01-23 13:01:19.510863,83.64747,83.8745,233.07176
2022-01-23 13:01:20.009473,84.11161,84.33875,233.07176
2022-01-23 13:01:20.505504,84.52377,84.33875,218.73822
2022-01-23 13:01:21.004025,84.21434,84.54425,218.73822
2022-01-23 13:01:21.509496,83.54475,83.71975,167.68583
2022-01-23 13:01:22.007409,84.11161,84.3895,167.68583
2022-01-23 13:01:22.502694,84.11161,84.3895,100.92572
2022-01-23 13:01:23.002481,84.26632,84.64825,100.92572
2022-01-23 13:01:23.509240,83.69946,83.97725,91.38291
2022-01-23 13:01:24.007422,83.90492,83.97725,91.38291
2022-01-23 13:01:24.503807,84.42104,84.85375,92.75708
2022-01-23 13:01:25.001516,84.00888,84.28675,92.75708
2022-01-23 13:01:25.508945,84.11161,84.54425,86.82781
2022-01-23 13:01:26.008774,84.52377,84.699,86.82781
2022-01-23 13:01:26.503934,83.90492,84.3895,86.15958
2022-01-23 13:01:27.003812,84.88517,85.21525,86.15958
2022-01-23 13:01:27.501293,83.7502,84.02925,86.59218
2022-01-23 13:01:28.009140,84.42104,84.85375,86.59218
2022-01-23 13:01:28.503513,83.90492,84.23475,86.12093
2022-01-23 13:01:29.002305,84.31831,84.90575,86.12093
2022-01-23 13:01:29.509755,83.80219,84.08,86.43479
2022-01-23 13:01:30.008170,84.26632,84.699,86.43479
2022-01-23 13:01:30.502948,84.11161,84.28675,86.35656
2022-01-23 13:01:31.001950,84.31831,84.3895,86.35656
2022-01-23 13:01:31.510117,84.52377,84.95775,86.5526
2022-01-23 13:01:32.007518,84.00888,84.23475,86.5526
2022-01-23 13:01:32.504051,84.26632,84.751,85.6101
2022-01-23 13:01:33.002685,84.11161,84.4415,85.6101
2022-01-23 13:01:33.508254,83.90492,84.4415,85.29625
2022-01-23 13:01:34.008008,84.42104,84.699,85.29625
2022-01-23 13:01:34.503074,84.11161,84.132,85.64968
2022-01-23 13:01:35.002545,84.26632,84.85375,85.64968
2022-01-23 13:01:35.509226,84.21434,84.4415,86.12093
2022-01-23 13:01:36.007642,83.9569,84.4415,86.12093
2022-01-23 13:01:36.504712,84.62773,84.803,85.6101
2022-01-23 13:01:37.004481,83.64747,84.23475,85.6101
2022-01-23 13:01:37.509714,84.1636,84.59625,86.23875
2022-01-23 13:01:38.008295,84.05963,84.54425,86.23875
2022-01-23 13:01:38.503844,84.00888,84.28675,85.92395
2022-01-23 13:01:39.002059,84.57575,84.85375,85.92395
2022-01-23 13:01:39.508714,84.05963,84.4935,86.08135
2022-01-23 13:01:40.006842,84.42104,84.751,86.08135
2022-01-23 13:01:40.505723,83.69946,84.132,85.72791
2022-01-23 13:01:41.006371,84.42104,84.751,85.72791
2022-01-23 13:01:41.502921,83.64747,84.33875,85.92395
2022-01-23 13:01:42.002273,84.26632,84.59625,85.92395
2022-01-23 13:01:42.507944,84.47302,84.699,85.53187
2022-01-23 13:01:43.008277,83.90492,84.23475,85.53187
2022-01-23 13:01:43.502762,84.83319,84.95775,85.7675
2022-01-23 13:01:44.504924,84.31831,84.699,85.29625
2022-01-23 13:01:45.004303,83.69946,84.28675,85.29625
2022-01-23 13:01:45.510175,84.42104,84.803,85.57051
2022-01-23 13:01:46.009931,84.26632,84.4935,85.57051
2022-01-23 13:01:46.506876,84.42104,84.751,86.04176
2022-01-23 13:01:47.004391,84.42104,84.751,86.04176
2022-01-23 13:01:47.509245,84.21434,84.54425,86.19916
2022-01-23 13:01:48.006988,84.26632,84.54425,86.19916
2022-01-23 13:01:48.501775,83.44078,83.92525,84.70718
2022-01-23 13:01:49.009473,84.67848,85.16325,84.70718
2022-01-23 13:01:49.504670,83.90492,84.23475,86.98426
2022-01-23 13:01:50.002188,84.42104,84.59625,86.98426
2022-01-23 13:01:50.508979,84.21434,84.23475,85.4527
2022-01-23 13:01:51.008047,84.11161,84.64825,85.4527
2022-01-23 13:01:51.507821,84.67848,85.0605,85.57051
2022-01-23 13:01:52.005428,84.00888,84.28675,85.57051
2022-01-23 13:01:52.510275,84.00888,84.33875,85.25666
2022-01-23 13:01:53.009871,84.00888,84.54425,85.25666
2022-01-23 13:01:53.505722,84.73046,85.1125,87.06343
2022-01-23 13:01:54.003427,83.90492,84.02925,87.06343
2022-01-23 13:01:54.510072,84.31831,84.54425,85.7675
2022-01-23 13:01:55.007831,84.11161,84.4935,85.7675
2022-01-23 13:01:55.503602,84.00888,84.4935,85.88531
2022-01-23 13:01:56.001932,84.73046,85.26725,85.88531
2022-01-23 13:01:56.508276,83.59549,83.8745,85.84572
2022-01-23 13:01:57.006799,84.31831,84.59625,85.84572
2022-01-23 13:01:57.503106,84.31831,84.4415,85.92395
2022-01-23 13:01:58.010905,84.00888,84.3895,85.92395
2022-01-23 13:01:58.506243,84.42104,84.59625,85.80614
2022-01-23 13:01:59.004047,83.59549,83.8225,85.80614
2022-01-23 13:01:59.511011,84.26632,84.699,85.49229
2022-01-23 13:02:00.010127,84.31831,84.85375,85.49229
2022-01-23 13:02:00.505698,84.05963,84.4935,86.00312
2022-01-23 13:02:01.002531,84.73046,84.64825,86.00312
2022-01-23 13:02:01.507971,83.85417,84.28675,85.72791
2022-01-23 13:02:02.005953,84.31831,84.95775,85.72791
2022-01-23 13:02:02.510809,84.11161,84.4415,85.53187
2022-01-23 13:02:03.008279,84.11161,84.4935,85.53187
2022-01-23 13:02:03.506479,83.64747,84.08,86.00312
2022-01-23 13:02:04.008167,84.42104,84.751,86.00312
2022-01-23 13:02:04.502515,84.26632,84.28675,85.57051
2022-01-23 13:02:05.011089,83.90492,84.33875,85.57051
2022-01-23 13:02:05.508352,84.31831,84.59625,86.82781
2022-01-23 13:02:06.007047,83.90492,84.28675,86.82781
2022-01-23 13:02:06.501455,84.36905,84.803,85.4527
2022-01-23 13:02:07.009869,83.85417,84.33875,85.4527
2022-01-23 13:02:07.505720,84.62773,84.95775,85.88531
2022-01-23 13:02:08.005469,84.05963,83.97725,85.88531
2022-01-23 13:02:08.510807,84.47302,84.699,85.49229
2022-01-23 13:02:09.009712,84.21434,84.54425,85.49229
2022-01-23 13:02:09.505008,84.00888,84.28675,85.53187
2022-01-23 13:02:10.002635,84.57575,84.95775,85.53187
2022-01-23 13:02:10.507924,83.33805,83.7705,85.53187
2022-01-23 13:02:11.003404,84.67848,85.0605,85.53187
2022-01-23 13:02:11.509857,83.80219,84.23475,85.64968
2022-01-23 13:02:12.008191,84.83319,85.0085,85.64968
2022-01-23 13:02:12.505807,84.00888,84.184,86.00312
2022-01-23 13:02:13.002843,84.00888,84.4415,86.00312
2022-01-23 13:02:13.508186,84.62773,84.85375,85.41406
2022-01-23 13:02:14.007211,83.85417,84.4935,85.41406
2022-01-23 13:02:14.502820,84.36905,84.803,86.00312
2022-01-23 13:02:15.009735,83.39003,83.8225,86.00312
2022-01-23 13:02:15.504743,84.9879,85.26725,86.51301
2022-01-23 13:02:16.003192,84.26632,84.4935,86.51301
2022-01-23 13:02:16.509310,84.57575,84.85375,85.64968
2022-01-23 13:02:17.006833,83.54475,83.8745,85.64968
2022-01-23 13:02:17.502396,84.31831,84.4935,85.29625
2022-01-23 13:02:18.011085,84.57575,85.0085,85.29625
2022-01-23 13:02:18.506630,83.49276,84.08,85.21708
2022-01-23 13:02:19.004760,84.57575,84.751,85.21708
2022-01-23 13:02:19.502716,83.9569,84.132,86.08135
2022-01-23 13:02:20.000999,84.52377,84.90575,86.08135
2022-01-23 13:02:20.507300,84.47302,84.751,86.04176
2022-01-23 13:02:21.006214,83.85417,84.184,86.04176
2022-01-23 13:02:21.502707,84.21434,84.59625,86.08135
2022-01-23 13:02:22.002334,83.69946,84.28675,86.08135
2022-01-23 13:02:22.508068,84.36905,84.59625,86.08135
2022-01-23 13:02:23.005149,84.52377,84.64825,86.08135
2022-01-23 13:02:23.511141,83.64747,83.97725,85.53187
2022-01-23 13:02:24.009041,84.47302,84.699,85.53187
2022-01-23 13:02:24.504864,84.26632,84.751,85.33489
2022-01-23 13:02:25.002851,84.00888,84.4415,85.33489
2022-01-23 13:02:25.510294,84.21434,84.751,85.80614
2022-01-23 13:02:26.010747,83.64747,83.92525,85.80614
2022-01-23 13:02:26.506534,84.57575,84.95775,85.92395
2022-01-23 13:02:27.004003,84.21434,84.4415,85.92395
2022-01-23 13:02:27.509942,84.26632,84.33875,86.5526
2022-01-23 13:02:28.007506,84.1636,84.4415,86.5526
2022-01-23 13:02:28.504621,84.26632,84.64825,85.25666
2022-01-23 13:02:29.002435,84.1636,84.699,85.25666
2022-01-23 13:02:29.508006,84.05963,84.23475,86.35656
2022-01-23 13:02:30.007312,84.05963,84.3895,86.35656
2022-01-23 13:02:30.504604,84.31831,84.751,85.68833
2022-01-23 13:02:31.002450,84.42104,84.699,85.68833
2022-01-23 13:02:31.509120,84.00888,84.08,86.15958
2022-01-23 13:02:32.007818,84.36905,84.751,86.15958
2022-01-23 13:02:32.502751,83.9569,84.28675,85.68833
2022-01-23 13:02:33.010721,84.47302,84.699,85.68833
2022-01-23 13:02:33.507478,83.49276,83.8745,86.5526
2022-01-23 13:02:34.005049,84.62773,84.751,86.5526
2022-01-23 13:02:34.502394,84.1636,84.33875,86.35656
2022-01-23 13:02:35.010773,84.26632,84.54425,86.35656
2022-01-23 13:02:35.504900,84.26632,84.699,85.06062
2022-01-23 13:02:36.002759,84.11161,84.4935,85.06062
2022-01-23 13:02:36.507916,84.83319,85.1125,85.64968
2022-01-23 13:02:37.004741,83.54475,83.97725,85.64968
2022-01-23 13:02:37.510498,84.36905,84.4935,85.72791
2022-01-23 13:02:38.002789,84.52377,84.59625,85.72791
2022-01-23 13:02:38.509183,84.11161,84.4415,85.4527
2022-01-23 13:02:39.007289,84.21434,84.64825,85.4527
2022-01-23 13:02:39.503961,84.11161,84.3895,86.08135
2022-01-23 13:02:40.001982,84.36905,84.803,86.08135
2022-01-23 13:02:40.507423,83.90492,84.28675,85.53187
2022-01-23 13:02:41.006141,84.73046,85.0085,85.53187
2022-01-23 13:02:41.501568,83.90492,83.97725,85.6101
2022-01-23 13:02:42.002287,84.21434,84.4415,85.6101
2022-01-23 13:02:42.508086,84.26632,84.699,85.80614
2022-01-23 13:02:43.006670,83.85417,84.08,85.80614
2022-01-23 13:02:43.502779,84.31831,84.54425,85.57051
2022-01-23 13:02:44.004024,83.64747,84.33875,85.57051
2022-01-23 13:02:44.508785,84.21434,84.4415,86.3952
2022-01-23 13:02:45.007114,84.67848,84.803,86.3952
2022-01-23 13:02:45.502903,84.05963,84.184,85.49229
2022-01-23 13:02:46.001666,84.00888,84.4935,85.49229
2022-01-23 13:02:46.507267,83.9569,84.3895,85.72791
2022-01-23 13:02:47.007318,84.31831,84.751,85.72791
2022-01-23 13:02:47.501209,84.1636,84.4415,85.13885
2022-01-23 13:02:48.009154,83.69946,84.08,85.13885
2022-01-23 13:02:48.505779,84.62773,85.0085,86.74864
2022-01-23 13:02:49.005170,84.21434,84.33875,86.74864
2022-01-23 13:02:49.509799,84.62773,84.95775,86.35656
2022-01-23 13:02:50.008381,83.90492,84.4415,86.35656
2022-01-23 13:02:50.503685,84.05963,84.59625,86.00312
2022-01-23 13:02:51.001451,84.47302,85.1125,86.00312
2022-01-23 13:02:51.508005,83.85417,84.132,86.08135
2022-01-23 13:02:52.007092,84.21434,84.59625,86.08135
2022-01-23 13:02:52.502110,84.00888,84.184,86.15958
2022-01-23 13:02:53.010692,84.52377,84.85375,86.15958
2022-01-23 13:02:53.504913,84.26632,84.64825,86.04176
2022-01-23 13:02:54.003637,84.05963,84.4415,86.04176
2022-01-23 13:02:54.508295,84.05963,84.4415,86.3952
2022-01-23 13:02:55.006314,84.36905,84.751,86.3952
2022-01-23 13:02:55.502075,83.85417,84.3895,85.29625
2022-01-23 13:02:56.010844,84.1636,84.28675,85.29625
2022-01-23 13:02:56.506738,84.62773,84.85375,85.41406
2022-01-23 13:02:57.006342,83.80219,84.02925,85.41406
2022-01-23 13:02:57.503812,84.88517,85.37,85.84572
2022-01-23 13:02:58.001469,83.44078,83.92525,85.84572
2022-01-23 13:02:58.507394,84.67848,84.90575,85.17843
2022-01-23 13:02:59.006857,83.28607,83.8745,85.17843
2022-01-23 13:02:59.502147,84.67848,84.751,86.19916
2022-01-23 13:03:00.010355,84.31831,84.28675,86.19916
2022-01-23 13:03:00.507472,84.00888,84.28675,86.00312
2022-01-23 13:03:01.006446,84.52377,84.803,86.00312
2022-01-23 13:03:01.502277,83.9569,84.3895,85.68833
2022-01-23 13:03:02.009892,84.78245,85.0605,85.68833
2022-01-23 13:03:02.503992,83.28607,83.7705,86.3952
2022-01-23 13:03:03.002411,84.42104,84.64825,86.3952
2022-01-23 13:03:03.507287,84.05963,84.184,85.09926
2022-01-23 13:03:04.004850,84.47302,84.64825,85.09926
2022-01-23 13:03:04.510620,84.47302,84.90575,85.64968
2022-01-23 13:03:05.007380,83.59549,83.92525,85.64968
2022-01-23 13:03:05.503438,84.78245,84.95775,85.64968
2022-01-23 13:03:06.001135,83.9569,84.4935,85.64968
2022-01-23 13:03:06.505565,84.05963,84.28675,85.7675
2022-01-23 13:03:07.003946,84.26632,84.59625,85.7675
2022-01-23 13:03:07.510864,84.21434,84.3895,86.12093
2022-01-23 13:03:08.009034,84.26632,84.59625,86.12093
2022-01-23 13:03:08.503073,83.9569,84.54425,85.7675
2022-01-23 13:03:09.001352,84.42104,84.64825,85.7675
2022-01-23 13:03:09.507187,84.00888,84.4415,85.09926
2022-01-23 13:03:10.006166,84.31831,84.54425,85.09926
2022-01-23 13:03:10.501990,83.9569,84.4415,85.53187
2022-01-23 13:03:11.006317,84.1636,84.3895,85.53187
2022-01-23 13:03:11.501625,84.52377,84.95775,85.41406
2022-01-23 13:03:12.010683,84.11161,84.4415,85.41406
2022-01-23 13:03:12.505825,83.7502,83.97725,86.19916
2022-01-23 13:03:13.003594,84.36905,84.90575,86.19916
2022-01-23 13:03:13.510247,84.26632,84.4935,85.80614
2022-01-23 13:03:14.008904,84.05963,84.54425,85.80614
2022-01-23 13:03:14.504567,84.00888,83.92525,86.19916
2022-01-23 13:03:15.003197,84.21434,84.64825,86.19916
2022-01-23 13:03:15.508117,84.31831,84.54425,85.17843
2022-01-23 13:03:16.006004,84.1636,84.4935,85.17843
2022-01-23 13:03:16.501762,83.7502,84.08,85.88531
2022-01-23 13:03:17.001063,84.57575,84.85375,85.88531
2022-01-23 13:03:17.506721,83.9569,84.59625,85.41406
2022-01-23 13:03:18.005030,84.67848,84.85375,85.41406
2022-01-23 13:03:18.502536,84.31831,84.28675,85.7675
2022-01-23 13:03:19.011188,83.7502,83.8225,85.7675
2022-01-23 13:03:19.508089,84.31831,84.95775,85.84572
2022-01-23 13:03:20.006855,84.05963,84.4935,85.84572
2022-01-23 13:03:20.502570,84.42104,84.59625,85.84572
2022-01-23 13:03:21.010928,83.85417,84.28675,85.84572
2022-01-23 13:03:21.505422,84.11161,84.4935,85.49229
2022-01-23 13:03:22.004226,84.62773,85.0085,85.49229
2022-01-23 13:03:22.501733,84.26632,84.59625,85.7675
2022-01-23 13:03:23.001134,84.36905,84.64825,85.7675
2022-01-23 13:03:23.509560,83.44078,83.7705,85.33489
2022-01-23 13:03:24.008167,84.62773,85.1125,85.33489
2022-01-23 13:03:24.504299,83.69946,84.33875,85.7675
2022-01-23 13:03:25.003426,84.42104,84.4935,85.7675
2022-01-23 13:03:25.507885,84.1636,84.28675,85.29625
2022-01-23 13:03:26.006190,84.31831,84.699,85.29625
2022-01-23 13:03:26.502990,84.47302,84.803,85.33489
2022-01-23 13:03:27.002455,83.7502,84.132,85.33489
2022-01-23 13:03:27.509040,84.52377,84.85375,85.49229
2022-01-23 13:03:28.008348,83.54475,84.02925,85.49229
2022-01-23 13:03:28.504464,84.47302,84.699,85.68833
2022-01-23 13:03:29.002390,83.69946,84.184,85.68833
2022-01-23 13:03:29.507602,84.31831,84.3895,86.08135
2022-01-23 13:03:30.006798,84.42104,84.803,86.08135
2022-01-23 13:03:30.502767,84.05963,84.54425,85.57051
2022-01-23 13:03:31.505301,84.00888,84.3895,85.49229
2022-01-23 13:03:32.008666,84.42104,84.751,85.49229
2022-01-23 13:03:32.504473,83.9569,84.4415,85.6101
2022-01-23 13:03:33.003974,84.11161,84.3895,85.6101
2022-01-23 13:03:33.510581,84.21434,84.3895,85.72791
2022-01-23 13:03:34.008255,84.36905,84.85375,85.72791
2022-01-23 13:03:34.504491,83.69946,84.02925,85.25666
2022-01-23 13:03:35.002978,84.21434,84.699,85.25666
2022-01-23 13:03:35.509736,84.11161,84.28675,85.64968
2022-01-23 13:03:36.007387,83.9569,84.59625,85.64968
2022-01-23 13:03:36.501195,84.62773,84.699,85.92395
2022-01-23 13:03:37.010618,83.9569,84.28675,85.92395
2022-01-23 13:03:37.507057,84.42104,84.59625,85.6101
2022-01-23 13:03:38.006300,84.1636,84.59625,85.6101
2022-01-23 13:03:38.502886,84.52377,84.90575,86.3952
2022-01-23 13:03:39.001942,84.05963,84.132,86.3952
2022-01-23 13:03:39.507135,83.9569,84.64825,85.4527
2022-01-23 13:03:40.006480,84.36905,84.54425,85.4527
2022-01-23 13:03:40.501959,84.21434,84.4935,85.96354
2022-01-23 13:03:41.505151,83.59549,83.7705,96.9201
2022-01-23 13:03:42.003491,84.31831,84.699,96.9201
2022-01-23 13:03:42.510189,84.36905,84.54425,240.45531
2022-01-23 13:03:43.008828,83.80219,84.08,240.45531
2022-01-23 13:03:43.506642,84.05963,84.184,210.41312
2022-01-23 13:03:44.003977,83.90492,84.3895,210.41312
2022-01-23 13:03:44.509860,84.21434,84.4415,132.7351
2022-01-23 13:03:45.007314,84.42104,84.4935,132.7351
2022-01-23 13:03:45.504452,83.64747,83.97725,90.98989
2022-01-23 13:03:46.003392,84.1636,84.23475,90.98989
2022-01-23 13:03:46.508250,84.47302,84.85375,95.93801
2022-01-23 13:03:47.008873,83.9569,84.132,95.93801
2022-01-23 13:03:47.506000,83.9569,84.4935,88.55541
2022-01-23 13:03:48.003690,84.21434,84.184,88.55541
2022-01-23 13:03:48.508899,84.52377,84.59625,86.5526
2022-01-23 13:03:49.006777,84.1636,84.4935,86.5526
2022-01-23 13:03:49.503210,84.26632,84.54425,86.82781
2022-01-23 13:03:50.001114,83.54475,84.02925,86.82781
2022-01-23 13:03:50.506909,84.73046,85.0085,85.80614
2022-01-23 13:03:51.004903,83.69946,84.3895,85.80614
2022-01-23 13:03:51.502702,84.21434,84.4415,87.06343
2022-01-23 13:03:52.010251,84.42104,84.4415,87.06343
2022-01-23 13:03:52.507255,84.00888,84.33875,86.74864
2022-01-23 13:03:53.005705,84.52377,84.85375,86.74864
2022-01-23 13:03:53.511078,83.49276,84.02925,86.51301
2022-01-23 13:03:54.008359,84.73046,84.699,86.51301
2022-01-23 13:03:54.502489,83.64747,84.54425,86.23875
2022-01-23 13:03:55.010499,84.67848,85.0085,86.23875
2022-01-23 13:03:55.508694,84.42104,84.4415,86.19916
2022-01-23 13:03:56.005624,84.1636,84.23475,86.19916
2022-01-23 13:03:56.501092,84.47302,84.699,84.90322
2022-01-23 13:03:57.009316,84.00888,84.4935,84.90322
2022-01-23 13:03:57.504056,84.36905,84.4935,85.96354
2022-01-23 13:03:58.003411,83.80219,84.4935,85.96354
2022-01-23 13:03:58.509071,84.31831,84.4935,85.88531
2022-01-23 13:03:59.010756,84.47302,84.803,85.88531
2022-01-23 13:03:59.505076,84.21434,84.28675,86.15958
2022-01-23 13:04:00.004287,84.1636,84.4935,86.15958
2022-01-23 13:04:00.502784,84.11161,84.699,85.92395
2022-01-23 13:04:01.004410,84.11161,84.3895,85.92395
2022-01-23 13:04:01.510773,84.21434,84.95775,86.15958
2022-01-23 13:04:02.008928,84.11161,84.3895,86.15958
2022-01-23 13:04:02.506703,84.26632,84.59625,85.64968
2022-01-23 13:04:03.004271,84.93716,85.0085,85.64968
2022-01-23 13:04:03.510681,83.7502,84.132,85.72791
2022-01-23 13:04:04.008329,84.21434,84.803,85.72791
2022-01-23 13:04:04.503448,84.00888,84.132,85.53187
2022-01-23 13:04:05.001816,84.05963,84.54425,85.53187
2022-01-23 13:04:05.501555,84.1636,84.4415,85.72791
2022-01-23 13:04:06.008121,83.90492,84.4415,85.72791
2022-01-23 13:04:06.503221,84.26632,84.4415,85.92395
2022-01-23 13:04:07.003493,84.57575,84.699,85.92395
2022-01-23 13:04:07.507965,84.05963,84.4415,86.15958
2022-01-23 13:04:08.007148,84.1636,84.4415,86.15958
2022-01-23 13:04:08.503292,84.11161,84.59625,85.88531
2022-01-23 13:04:09.001471,84.11161,84.28675,85.88531
2022-01-23 13:04:09.507185,84.26632,84.751,85.88531
2022-01-23 13:04:10.005040,84.00888,84.132,85.88531
2022-01-23 13:04:10.508842,84.36905,84.59625,85.17843
2022-01-23 13:04:11.003236,84.1636,84.54425,85.17843
2022-01-23 13:04:11.509438,84.1636,84.33875,86.71
2022-01-23 13:04:12.007148,83.90492,84.33875,86.71
2022-01-23 13:04:12.502007,84.31831,84.751,85.49229
2022-01-23 13:04:13.011006,83.85417,84.54425,85.49229
2022-01-23 13:04:13.504516,84.42104,84.59625,86.5526
2022-01-23 13:04:14.002632,84.21434,84.33875,86.5526
2022-01-23 13:04:14.508075,83.90492,84.3895,85.92395
2022-01-23 13:04:15.007481,84.57575,85.0085,85.92395
2022-01-23 13:04:15.502878,83.90492,84.3895,85.64968
2022-01-23 13:04:16.011017,84.47302,84.64825,85.64968
2022-01-23 13:04:16.505173,83.69946,84.3895,86.00312
2022-01-23 13:04:17.003783,84.26632,84.4935,86.00312
2022-01-23 13:04:17.510336,84.31831,84.54425,85.72791
2022-01-23 13:04:18.008799,84.00888,84.33875,85.72791
2022-01-23 13:04:18.505358,84.62773,84.751,85.17843
2022-01-23 13:04:19.003324,83.9569,84.3895,85.17843
2022-01-23 13:04:19.509702,84.47302,84.64825,85.33489
2022-01-23 13:04:20.007457,83.7502,84.3895,85.33489
2022-01-23 13:04:20.504271,84.1636,84.4415,85.57051
2022-01-23 13:04:21.003414,84.1636,84.4415,85.57051
2022-01-23 13:04:21.501175,84.31831,84.699,85.6101
2022-01-23 13:04:22.008436,84.21434,84.4415,85.6101
2022-01-23 13:04:22.503999,84.1636,84.59625,85.64968
2022-01-23 13:04:23.004024,84.11161,84.08,85.64968
2022-01-23 13:04:23.502380,84.05963,84.751,86.19916
2022-01-23 13:04:24.010144,84.1636,84.3895,86.19916
2022-01-23 13:04:24.505864,84.26632,84.59625,85.29625
2022-01-23 13:04:25.004651,84.05963,84.132,85.29625
2022-01-23 13:04:25.510743,84.1636,84.3895,86.3952
2022-01-23 13:04:26.008894,84.36905,84.90575,86.3952
2022-01-23 13:04:26.505375,84.00888,84.28675,86.31697
2022-01-23 13:04:27.005516,84.11161,84.54425,86.31697
2022-01-23 13:04:27.504586,84.11161,84.4415,85.4527
2022-01-23 13:04:28.003853,83.85417,84.3895,85.4527
2022-01-23 13:04:28.507263,84.52377,84.699,85.88531
2022-01-23 13:04:29.005913,84.47302,84.4415,85.88531
2022-01-23 13:04:29.502530,83.9569,84.33875,85.72791
2022-01-23 13:04:30.010705,84.21434,84.4935,85.72791
2022-01-23 13:04:30.505792,84.11161,84.699,85.4527
2022-01-23 13:04:31.004087,84.05963,84.28675,85.4527
2022-01-23 13:04:31.510859,84.1636,84.64825,86.00312
2022-01-23 13:04:32.010728,84.05963,84.23475,86.00312
2022-01-23 13:04:32.506529,84.83319,84.751,85.84572
2022-01-23 13:04:33.004750,83.90492,84.23475,85.84572
2022-01-23 13:04:33.510273,84.26632,84.33875,86.3952
2022-01-23 13:04:34.009077,83.9569,84.4935,86.3952
2022-01-23 13:04:34.503919,84.11161,84.28675,86.3952
2022-01-23 13:04:35.001972,83.85417,84.54425,86.3952
2022-01-23 13:04:35.508149,84.57575,84.751,85.92395
2022-01-23 13:04:36.008278,84.1636,84.33875,85.92395
2022-01-23 13:04:36.506240,84.05963,84.23475,85.84572
2022-01-23 13:04:37.004468,84.52377,84.803,85.84572
2022-01-23 13:04:37.509467,83.49276,84.184,85.6101
2022-01-23 13:04:38.008206,84.83319,85.21525,85.6101
2022-01-23 13:04:38.503419,83.59549,84.132,85.49229
2022-01-23 13:04:39.002688,84.1636,84.23475,85.49229
2022-01-23 13:04:39.508170,84.57575,84.85375,86.27739
2022-01-23 13:04:40.007192,84.1636,84.4935,86.27739
2022-01-23 13:04:40.503383,84.47302,84.54425,85.64968
2022-01-23 13:04:41.002379,84.00888,84.54425,85.64968
2022-01-23 13:04:41.507876,84.05963,84.3895,85.7675
2022-01-23 13:04:42.006982,83.90492,84.54425,85.7675
2022-01-23 13:04:42.501910,84.42104,84.59625,85.88531
2022-01-23 13:04:43.010370,83.90492,84.184,85.88531
2022-01-23 13:04:43.506585,84.57575,84.54425,85.68833
2022-01-23 13:04:44.005026,84.21434,84.3895,85.68833
2022-01-23 13:04:44.509328,84.21434,84.751,85.4527
2022-01-23 13:04:45.007311,84.47302,84.59625,85.4527
2022-01-23 13:04:45.503909,83.44078,83.97725,85.72791
2022-01-23 13:04:46.003479,84.47302,84.699,85.72791
2022-01-23 13:04:46.507502,83.85417,84.4415,85.68833
2022-01-23 13:04:47.007136,84.36905,84.54425,85.68833
2022-01-23 13:04:47.501347,84.26632,84.132,86.19916
2022-01-23 13:04:48.009467,84.11161,84.64825,86.19916
2022-01-23 13:04:48.503997,84.11161,84.4935,85.80614
2022-01-23 13:04:49.002371,84.31831,84.699,85.80614
2022-01-23 13:04:49.508586,84.21434,84.33875,85.21708
2022-01-23 13:04:50.007677,83.7502,84.28675,85.21708
2022-01-23 13:04:50.503264,84.93716,85.318,85.41406
2022-01-23 13:04:51.001500,83.90492,84.02925,85.41406
2022-01-23 13:04:51.508005,84.00888,84.54425,86.67041
2022-01-23 13:04:52.006180,84.21434,84.4935,86.67041
2022-01-23 13:04:52.501523,84.00888,84.699,85.37447
2022-01-23 13:04:53.010774,84.31831,84.3895,85.37447
2022-01-23 13:04:53.506305,83.64747,84.132,86.3952
2022-01-23 13:04:54.003994,84.47302,84.59625,86.3952
2022-01-23 13:04:54.502774,84.26632,84.3895,86.19916
2022-01-23 13:04:55.001083,83.9569,84.33875,86.19916
2022-01-23 13:04:55.505259,84.1636,84.33875,85.17843
2022-01-23 13:04:56.002891,84.26632,84.803,85.17843
2022-01-23 13:04:56.506776,84.26632,84.54425,85.72791
2022-01-23 13:04:57.004474,83.7502,84.28675,85.72791
2022-01-23 13:04:57.509141,84.26632,84.59625,85.92395
2022-01-23 13:04:58.007270,84.21434,84.28675,85.92395
2022-01-23 13:04:58.503323,84.42104,84.64825,86.00312
2022-01-23 13:04:59.002361,84.05963,84.28675,86.00312
2022-01-23 13:04:59.508469,83.7502,84.33875,85.7675
2022-01-23 13:05:00.006291,84.88517,85.0085,85.7675
2022-01-23 13:05:00.508700,83.64747,84.02925,85.33489
2022-01-23 13:05:01.002997,84.52377,84.751,85.33489
2022-01-23 13:05:01.509191,84.21434,84.4935,86.04176
2022-01-23 13:05:02.007000,83.90492,84.08,86.04176
2022-01-23 13:05:02.503161,84.52377,84.64825,85.96354
2022-01-23 13:05:03.002347,83.9569,84.4935,85.96354
2022-01-23 13:05:03.509206,84.11161,84.3895,85.4527
2022-01-23 13:05:04.006928,83.90492,84.28675,85.4527
2022-01-23 13:05:04.502357,84.31831,84.54425,85.37447
2022-01-23 13:05:05.010408,84.21434,84.4415,85.37447
2022-01-23 13:05:05.505057,84.47302,84.54425,86.00312
2022-01-23 13:05:06.002700,84.00888,84.132,86.00312
2022-01-23 13:05:06.508435,84.47302,85.0605,85.33489
2022-01-23 13:05:07.007645,84.21434,84.4415,85.33489
2022-01-23 13:05:07.503754,84.1636,84.4415,85.84572
2022-01-23 13:05:08.003114,84.57575,84.90575,85.84572
2022-01-23 13:05:08.509766,83.28607,83.97725,85.06062
2022-01-23 13:05:09.007817,84.93716,85.21525,85.06062
2022-01-23 13:05:09.503539,84.05963,84.08,86.43479
2022-01-23 13:05:10.001145,84.31831,84.85375,86.43479
2022-01-23 13:05:10.506694,83.9569,84.33875,85.64968
2022-01-23 13:05:11.010464,84.21434,84.699,85.64968
2022-01-23 13:05:11.508702,84.11161,84.23475,85.92395
2022-01-23 13:05:12.006696,83.69946,84.28675,85.92395
2022-01-23 13:05:12.502282,84.57575,84.95775,86.00312
2022-01-23 13:05:13.000953,84.05963,83.97725,86.00312
2022-01-23 13:05:13.506594,84.47302,84.803,86.23875
2022-01-23 13:05:14.005094,84.26632,84.33875,86.23875
2022-01-23 13:05:14.510786,84.26632,84.699,85.37447
2022-01-23 13:05:15.008982,84.42104,84.59625,85.37447
2022-01-23 13:05:15.506630,83.39003,83.97725,85.88531
2022-01-23 13:05:16.004489,84.57575,84.751,85.88531
2022-01-23 13:05:16.510304,84.21434,84.28675,86.00312
2022-01-23 13:05:17.008051,84.57575,85.0605,86.00312
2022-01-23 13:05:17.505129,83.90492,84.08,85.53187
2022-01-23 13:05:18.002105,84.1636,84.4935,85.53187
2022-01-23 13:05:18.507912,84.11161,84.3895,86.5526
2022-01-23 13:05:19.006165,84.21434,84.751,86.5526
2022-01-23 13:05:19.502558,83.80219,84.02925,85.96354
2022-01-23 13:05:20.001781,84.36905,84.54425,85.96354
2022-01-23 13:05:20.507908,84.26632,84.4935,84.78541
2022-01-23 13:05:21.006655,84.21434,84.64825,84.78541
2022-01-23 13:05:21.501156,84.26632,84.803,86.04176
2022-01-23 13:05:22.009110,84.26632,84.4415,86.04176
2022-01-23 13:05:22.504407,84.11161,84.54425,86.19916
2022-01-23 13:05:23.004012,84.26632,84.54425,86.19916
2022-01-23 13:05:23.509672,83.9569,84.4935,85.57051
2022-01-23 13:05:24.007206,84.05963,84.33875,85.57051
2022-01-23 13:05:24.505659,84.67848,84.803,85.7675
2022-01-23 13:05:25.004642,83.7502,84.23475,85.7675
2022-01-23 13:05:25.510907,84.36905,84.59625,86.12093
2022-01-23 13:05:26.009311,84.42104,84.85375,86.12093
2022-01-23 13:05:26.504228,83.64747,83.8225,85.72791
2022-01-23 13:05:27.002221,84.31831,84.59625,85.72791
2022-01-23 13:05:27.507697,84.11161,84.4415,86.63083
2022-01-23 13:05:28.007737,84.36905,84.4415,86.63083
2022-01-23 13:05:28.503304,84.11161,84.64825,85.25666
2022-01-23 13:05:29.004257,83.85417,84.33875,85.25666
2022-01-23 13:05:29.510309,84.57575,84.85375,85.72791
2022-01-23 13:05:30.006612,84.26632,84.59625,85.72791
2022-01-23 13:05:30.502368,83.69946,84.08,85.7675
2022-01-23 13:05:31.011144,84.57575,84.803,85.7675
2022-01-23 13:05:31.506707,84.11161,84.132,85.80614
2022-01-23 13:05:32.004932,84.11161,84.64825,85.80614
2022-01-23 13:05:32.501272,84.36905,84.59625,85.92395
2022-01-23 13:05:33.010162,83.7502,84.28675,85.92395
2022-01-23 13:05:33.506780,84.47302,84.751,85.6101
2022-01-23 13:05:34.005539,83.69946,84.08,85.6101
2022-01-23 13:05:34.510460,84.73046,85.0605,85.29625
2022-01-23 13:05:35.009449,83.80219,84.02925,85.29625
2022-01-23 13:05:35.506780,84.67848,85.1125,85.80614
2022-01-23 13:05:36.004699,83.69946,83.8225,85.80614
2022-01-23 13:05:36.510261,84.36905,84.90575,85.13885
2022-01-23 13:05:37.008313,84.42104,84.751,85.13885
2022-01-23 13:05:37.503946,83.80219,84.132,86.51301
2022-01-23 13:05:38.002678,84.36905,84.64825,86.51301
2022-01-23 13:05:38.508969,84.05963,84.184,86.51301
2022-01-23 13:05:39.006751,84.31831,84.699,86.51301
2022-01-23 13:05:39.503858,84.47302,84.59625,85.88531
2022-01-23 13:05:40.002349,83.64747,84.08,85.88531
2022-01-23 13:05:40.506909,84.21434,84.28675,84.98145
2022-01-23 13:05:41.006294,84.00888,84.3895,84.98145
2022-01-23 13:05:41.502487,84.21434,84.64825,85.57051
2022-01-23 13:05:42.010761,84.1636,84.4415,85.57051
2022-01-23 13:05:42.507650,84.26632,84.4935,85.6101
2022-01-23 13:05:43.005728,84.47302,84.59625,85.6101
2022-01-23 13:05:43.501419,84.21434,84.59625,85.37447
2022-01-23 13:05:44.009955,83.9569,84.3895,85.37447
2022-01-23 13:05:44.503829,84.00888,84.28675,85.96354
2022-01-23 13:05:45.002490,84.1636,84.23475,85.96354
2022-01-23 13:05:45.508566,84.1636,84.751,85.33489
2022-01-23 13:05:46.006677,84.26632,84.4415,85.33489
2022-01-23 13:05:46.511132,84.52377,84.699,86.63083
2022-01-23 13:05:47.009238,83.7502,83.97725,86.63083
2022-01-23 13:05:47.507237,84.1636,84.3895,85.88531
2022-01-23 13:05:48.005055,84.47302,84.90575,85.88531
2022-01-23 13:05:48.510919,83.59549,84.02925,85.17843
2022-01-23 13:05:49.009154,84.05963,84.64825,85.17843
2022-01-23 13:05:49.505420,84.05963,84.4415,86.67041
2022-01-23 13:05:50.004432,84.62773,84.803,86.67041
2022-01-23 13:05:50.508928,84.21434,84.4935,86.51301
2022-01-23 13:05:51.008407,84.11161,84.33875,86.51301
2022-01-23 13:05:51.504563,83.90492,84.184,85.21708
2022-01-23 13:05:52.003917,84.1636,84.59625,85.21708
2022-01-23 13:05:52.509547,83.59549,84.132,85.57051
2022-01-23 13:05:53.008782,84.42104,85.0085,85.57051
2022-01-23 13:05:53.502813,84.1636,84.3895,86.15958
2022-01-23 13:05:54.001311,84.47302,84.64825,86.15958
2022-01-23 13:05:54.507830,84.1636,84.4415,85.49229
2022-01-23 13:05:55.006670,83.85417,84.28675,85.49229
2022-01-23 13:05:55.502969,84.47302,84.699,86.15958
2022-01-23 13:05:56.001919,83.64747,84.132,86.15958
2022-01-23 13:05:56.510335,84.26632,84.803,85.09926
2022-01-23 13:05:57.007110,84.00888,84.184,85.09926
2022-01-23 13:05:57.502466,84.47302,84.803,85.88531
2022-01-23 13:05:58.009330,84.52377,84.699,85.88531
2022-01-23 13:05:58.505068,83.85417,84.08,85.84572
2022-01-23 13:05:59.002985,84.57575,84.90575,85.84572
2022-01-23 13:05:59.507779,83.59549,84.08,85.4527
2022-01-23 13:06:00.006171,84.62773,85.0085,85.4527
2022-01-23 13:06:00.500959,83.64747,83.92525,85.84572
2022-01-23 13:06:01.009547,84.47302,84.699,85.84572
2022-01-23 13:06:01.505087,84.21434,84.28675,86.51301
2022-01-23 13:06:02.004373,83.9569,84.4415,86.51301
2022-01-23 13:06:02.510125,84.42104,84.751,85.17843
2022-01-23 13:06:03.007256,83.85417,84.184,85.17843
2022-01-23 13:06:03.503579,84.47302,84.85375,85.92395
2022-01-23 13:06:04.001521,82.9259,83.565,85.92395
2022-01-23 13:06:04.510266,84.93716,85.1125,239.11979
2022-01-23 13:06:05.007825,83.64747,83.41025,239.11979
2022-01-23 13:06:05.501177,84.1636,84.54425,219.24906
2022-01-23 13:06:06.009125,84.21434,84.59625,219.24906
2022-01-23 13:06:06.505180,84.00888,84.28675,166.38989
2022-01-23 13:06:07.003213,84.00888,84.33875,166.38989
2022-01-23 13:06:07.508727,83.7502,83.97725,102.5751
2022-01-23 13:06:08.006686,84.47302,84.699,102.5751
2022-01-23 13:06:08.501891,83.90492,83.92525,91.97197
2022-01-23 13:06:09.001063,84.42104,84.4935,91.97197
2022-01-23 13:06:09.508023,84.00888,84.28675,93.46395
2022-01-23 13:06:10.005812,83.9569,84.33875,93.46395
2022-01-23 13:06:10.510015,84.36905,84.54425,86.5526
2022-01-23 13:06:11.003809,83.85417,84.3895,86.5526
2022-01-23 13:06:11.510319,84.31831,84.699,87.18125
2022-01-23 13:06:12.008500,84.05963,84.28675,87.18125
2022-01-23 13:06:12.503316,84.42104,84.85375,85.92395
2022-01-23 13:06:13.002851,83.90492,84.33875,85.92395
2022-01-23 13:06:14.004906,84.47302,84.803,86.47437
2022-01-23 13:06:14.507499,84.11161,84.54425,86.78822
2022-01-23 13:06:15.005936,83.9569,84.4935,86.78822
2022-01-23 13:06:15.508062,84.47302,84.54425,85.92395
2022-01-23 13:06:16.005980,83.9569,84.23475,85.92395
2022-01-23 13:06:16.502746,84.52377,84.95775,86.78822
2022-01-23 13:06:17.001851,83.80219,84.28675,86.78822
2022-01-23 13:06:17.507353,84.42104,84.59625,85.88531
2022-01-23 13:06:18.006251,84.1636,84.3895,85.88531
2022-01-23 13:06:18.503156,84.47302,85.0605,86.15958
2022-01-23 13:06:19.010661,83.7502,84.23475,86.15958
2022-01-23 13:06:19.506480,84.42104,84.64825,85.96354
2022-01-23 13:06:20.004476,84.52377,84.64825,85.96354
2022-01-23 13:06:20.503179,84.05963,84.4415,85.37447
2022-01-23 13:06:21.001639,84.21434,84.699,85.37447
2022-01-23 13:06:21.506706,83.7502,83.92525,86.15958
2022-01-23 13:06:22.004361,84.52377,84.90575,86.15958
2022-01-23 13:06:22.511105,83.85417,84.33875,86.27739
2022-01-23 13:06:23.010306,84.78245,85.0605,86.27739
2022-01-23 13:06:23.506370,84.11161,84.23475,85.88531
2022-01-23 13:06:24.004156,84.26632,84.64825,85.88531
2022-01-23 13:06:24.508775,84.26632,84.4935,85.92395
2022-01-23 13:06:25.006740,84.00888,84.4415,85.92395
2022-01-23 13:06:25.501192,84.47302,84.90575,86.08135
2022-01-23 13:06:26.008751,83.39003,84.132,86.08135
2022-01-23 13:06:26.504795,84.52377,84.751,86.00312
2022-01-23 13:06:27.003951,84.05963,84.132,86.00312
2022-01-23 13:06:27.508875,84.52377,84.90575,85.49229
2022-01-23 13:06:28.008252,84.26632,84.54425,85.49229
2022-01-23 13:06:28.503694,83.59549,83.8745,86.12093
2022-01-23 13:06:29.002683,84.57575,85.1125,86.12093
2022-01-23 13:06:29.509499,83.69946,84.28675,85.53187
2022-01-23 13:06:30.006985,84.52377,84.803,85.53187
2022-01-23 13:06:30.502913,83.7502,83.97725,85.96354
2022-01-23 13:06:31.001800,84.73046,84.751,85.96354
2022-01-23 13:06:31.506837,84.1636,84.4415,85.7675
2022-01-23 13:06:32.004996,84.31831,84.54425,85.7675
2022-01-23 13:06:32.502046,84.11161,84.59625,84.86364
2022-01-23 13:06:33.009782,83.80219,84.28675,84.86364
2022-01-23 13:06:33.505107,84.21434,84.4935,86.63083
2022-01-23 13:06:34.003360,84.36905,84.64825,86.63083
2022-01-23 13:06:34.508296,84.21434,84.54425,86.27739
2022-01-23 13:06:35.006653,84.31831,84.4415,86.27739
2022-01-23 13:06:35.501188,84.05963,84.23475,85.49229
2022-01-23 13:06:36.009903,84.11161,84.4415,85.49229
2022-01-23 13:06:36.505198,84.21434,84.751,85.37447
2022-01-23 13:06:37.002405,83.90492,84.3895,85.37447
2022-01-23 13:06:37.507563,84.05963,84.28675,85.4527
2022-01-23 13:06:38.005559,84.05963,84.33875,85.4527
2022-01-23 13:06:39.005392,84.31831,84.751,86.00312
2022-01-23 13:06:39.510747,84.11161,84.54425,85.84572
2022-01-23 13:06:40.008338,84.11161,84.59625,85.84572
2022-01-23 13:06:40.503106,84.42104,84.64825,85.4527
2022-01-23 13:06:41.001033,83.80219,84.3895,85.4527
2022-01-23 13:06:41.510248,84.11161,84.28675,86.12093
2022-01-23 13:06:42.007103,84.11161,84.23475,86.12093
2022-01-23 13:06:42.501967,84.1636,84.4935,86.31697
2022-01-23 13:06:43.010205,84.52377,84.90575,86.31697
2022-01-23 13:06:43.507371,84.05963,84.54425,85.72791
2022-01-23 13:06:44.006772,84.21434,84.64825,85.72791
2022-01-23 13:06:44.502528,84.05963,84.3895,85.84572
2022-01-23 13:06:45.009714,84.36905,84.59625,85.84572
2022-01-23 13:06:45.507639,84.11161,84.33875,85.68833
2022-01-23 13:06:46.006140,84.1636,84.33875,85.68833
2022-01-23 13:06:46.501777,84.1636,84.59625,85.41406
2022-01-23 13:06:47.009635,83.9569,84.3895,85.41406
2022-01-23 13:06:47.505131,84.88517,85.47275,86.04176
2022-01-23 13:06:48.002886,83.44078,84.08,86.04176
2022-01-23 13:06:48.509051,84.57575,84.699,86.00312
2022-01-23 13:06:49.007626,84.11161,84.4415,86.00312
2022-01-23 13:06:49.503193,84.78245,85.0085,86.19916
2022-01-23 13:06:50.002892,83.90492,84.28675,86.19916
2022-01-23 13:06:50.508981,83.7502,84.23475,86.00312
2022-01-23 13:06:51.007401,84.36905,84.699,86.00312
2022-01-23 13:06:51.501947,83.80219,84.08,85.96354
2022-01-23 13:06:52.009982,84.67848,85.0085,85.96354
2022-01-23 13:06:52.504835,83.80219,84.02925,85.96354
2022-01-23 13:06:53.001846,84.42104,84.54425,85.96354
2022-01-23 13:06:53.506453,84.26632,84.59625,85.96354
2022-01-23 13:06:54.004565,84.05963,84.4415,85.96354
2022-01-23 13:06:54.501238,84.31831,84.751,85.57051
2022-01-23 13:06:55.009331,83.85417,84.23475,85.57051
2022-01-23 13:06:55.505455,84.31831,84.59625,85.88531
2022-01-23 13:06:56.004191,84.1636,84.59625,85.88531
2022-01-23 13:06:56.501043,84.1636,84.184,86.15958
2022-01-23 13:06:57.009053,84.36905,84.699,86.15958
2022-01-23 13:06:57.504948,83.90492,84.59625,85.7675
2022-01-23 13:06:58.003222,83.80219,84.132,85.7675
2022-01-23 13:06:58.508393,84.1636,84.59625,85.13885
2022-01-23 13:06:59.008514,84.00888,84.4935,85.13885
2022-01-23 13:06:59.503730,84.00888,84.699,85.72791
2022-01-23 13:07:00.002996,84.26632,84.4415,85.72791
2022-01-23 13:07:00.506864,84.11161,84.23475,85.25666
2022-01-23 13:07:01.005253,84.57575,84.751,85.25666
2022-01-23 13:07:01.501059,83.9569,84.4415,86.59218
2022-01-23 13:07:02.009167,84.11161,84.59625,86.59218
2022-01-23 13:07:02.506636,83.80219,84.08,85.7675
2022-01-23 13:07:03.007633,84.36905,85.1125,85.7675
2022-01-23 13:07:03.502759,84.1636,84.4415,85.92395
2022-01-23 13:07:04.001076,84.52377,84.803,85.92395
2022-01-23 13:07:04.507434,84.1636,84.28675,85.7675
2022-01-23 13:07:05.005991,84.36905,84.64825,85.7675
2022-01-23 13:07:05.510399,83.9569,84.23475,85.92395
2022-01-23 13:07:06.008775,84.1636,84.4935,85.92395
2022-01-23 13:07:06.502717,83.64747,84.184,85.21708
2022-01-23 13:07:07.505249,84.26632,84.4935,86.31697
2022-01-23 13:07:08.004240,84.21434,84.699,86.31697
2022-01-23 13:07:08.501442,84.52377,85.0085,85.33489
2022-01-23 13:07:09.007980,83.90492,84.132,85.33489
2022-01-23 13:07:09.503939,84.67848,84.85375,86.12093
2022-01-23 13:07:10.002551,83.7502,84.4415,86.12093
2022-01-23 13:07:10.507886,83.9569,84.28675,85.6101
2022-01-23 13:07:11.004070,84.31831,84.54425,85.6101
2022-01-23 13:07:11.510678,84.11161,84.28675,85.57051
2022-01-23 13:07:12.008995,84.57575,85.1125,85.57051
2022-01-23 13:07:12.506170,83.64747,84.08,85.72791
2022-01-23 13:07:13.005466,84.57575,84.751,85.72791
2022-01-23 13:07:13.501791,83.7502,84.23475,86.08135
2022-01-23 13:07:14.010376,84.52377,84.95775,86.08135
2022-01-23 13:07:14.505260,83.64747,84.08,85.53187
2022-01-23 13:07:15.003250,84.21434,84.33875,85.53187
2022-01-23 13:07:15.510445,84.62773,84.85375,86.3952
2022-01-23 13:07:16.008666,83.90492,84.3895,86.3952
2022-01-23 13:07:16.504318,84.57575,84.85375,85.53187
2022-01-23 13:07:17.003791,83.69946,84.08,85.53187
2022-01-23 13:07:17.508630,84.47302,84.85375,86.35656
2022-01-23 13:07:18.007139,83.9569,84.4415,86.35656
2022-01-23 13:07:18.502906,84.26632,84.23475,85.7675
2022-01-23 13:07:19.010077,84.21434,84.4935,85.7675
2022-01-23 13:07:19.505193,84.31831,84.751,85.92395
2022-01-23 13:07:20.003578,84.26632,84.59625,85.92395
2022-01-23 13:07:20.508339,84.47302,84.803,86.23875
2022-01-23 13:07:21.006607,83.9569,84.23475,86.23875
2022-01-23 13:07:21.504550,84.11161,84.751,86.00312
2022-01-23 13:07:22.005013,83.9569,84.132,86.00312
2022-01-23 13:07:22.502548,84.36905,84.59625,85.37447
2022-01-23 13:07:23.010637,84.11161,84.59625,85.37447
2022-01-23 13:07:23.505073,84.1636,84.699,85.92395
2022-01-23 13:07:24.003850,84.1636,84.64825,85.92395
2022-01-23 13:07:24.510109,84.36905,84.699,85.96354
2022-01-23 13:07:25.007955,83.90492,84.3895,85.96354
2022-01-23 13:07:25.503394,84.42104,84.4415,86.3952
2022-01-23 13:07:26.004116,83.9569,84.3895,86.3952
2022-01-23 13:07:26.501266,84.21434,84.4935,85.13885
2022-01-23 13:07:27.001088,84.31831,84.699,85.13885
2022-01-23 13:07:27.507228,83.9569,84.4415,86.27739
2022-01-23 13:07:28.006311,84.11161,84.4415,86.27739
2022-01-23 13:07:28.501961,84.1636,84.751,84.78541
2022-01-23 13:07:29.009048,84.00888,84.184,84.78541
2022-01-23 13:07:29.505997,84.62773,84.95775,86.15958
2022-01-23 13:07:30.003810,83.69946,83.92525,86.15958
2022-01-23 13:07:30.510266,84.42104,84.751,86.08135
2022-01-23 13:07:31.007601,84.11161,84.3895,86.08135
2022-01-23 13:07:31.501752,84.36905,84.699,85.6101
2022-01-23 13:07:32.010321,83.64747,84.08,85.6101
2022-01-23 13:07:32.505923,84.67848,84.90575,85.41406
2022-01-23 13:07:33.003774,84.00888,84.33875,85.41406
2022-01-23 13:07:33.509110,84.26632,84.3895,86.00312
2022-01-23 13:07:34.007541,84.83319,85.21525,86.00312
2022-01-23 13:07:34.503038,83.54475,83.8225,85.29625
2022-01-23 13:07:35.001401,84.36905,84.699,85.29625
2022-01-23 13:07:35.510706,83.80219,84.184,86.12093
2022-01-23 13:07:36.008717,84.47302,84.751,86.12093
2022-01-23 13:07:36.501373,84.00888,84.54425,85.84572
2022-01-23 13:07:37.008412,84.00888,84.28675,85.84572
2022-01-23 13:07:37.503211,84.36905,84.59625,86.31697
2022-01-23 13:07:38.002773,84.11161,84.33875,86.31697
2022-01-23 13:07:38.509152,84.42104,84.85375,86.19916
2022-01-23 13:07:39.006451,83.54475,83.97725,86.19916
2022-01-23 13:07:39.502091,84.31831,84.54425,86.15958
2022-01-23 13:07:40.001409,83.85417,84.3895,86.15958
2022-01-23 13:07:40.508007,84.67848,84.803,85.09926
2022-01-23 13:07:41.007232,84.26632,84.4935,85.09926
2022-01-23 13:07:41.501446,83.69946,84.08,85.68833
2022-01-23 13:07:42.009913,84.52377,84.699,85.68833
2022-01-23 13:07:42.505364,84.00888,84.54425,85.13885
2022-01-23 13:07:43.002129,84.31831,84.54425,85.13885
2022-01-23 13:07:43.507442,83.54475,84.23475,86.04176
2022-01-23 13:07:44.007956,84.31831,84.54425,86.04176
2022-01-23 13:07:44.503227,84.1636,84.4935,85.80614
2022-01-23 13:07:45.002004,84.93716,85.21525,85.80614
2022-01-23 13:07:45.508109,83.54475,83.7705,85.96354
2022-01-23 13:07:46.007003,84.36905,84.90575,85.96354
2022-01-23 13:07:46.502764,84.36905,84.4935,86.63083
2022-01-23 13:07:47.504888,84.42104,84.803,86.71
2022-01-23 13:07:48.003054,83.80219,84.23475,86.71
2022-01-23 13:07:48.508661,84.31831,84.64825,85.33489
2022-01-23 13:07:49.005932,84.57575,84.85375,85.33489
2022-01-23 13:07:49.501205,84.00888,84.4415,85.64968
2022-01-23 13:07:50.009490,84.47302,84.64825,85.64968
2022-01-23 13:07:50.507246,83.69946,84.28675,85.33489
2022-01-23 13:07:51.005802,84.21434,84.3895,85.33489
2022-01-23 13:07:52.004753,83.90492,84.184,86.90604
2022-01-23 13:07:52.501511,84.31831,84.3895,86.00312
2022-01-23 13:07:53.010142,84.1636,84.59625,86.00312
2022-01-23 13:07:53.505810,84.36905,84.59625,85.68833
2022-01-23 13:07:54.004781,84.31831,84.699,85.68833
2022-01-23 13:07:54.509621,84.26632,84.4935,85.88531
2022-01-23 13:07:55.007793,83.69946,84.4935,85.88531
2022-01-23 13:07:55.503713,84.31831,84.54425,86.94562
2022-01-23 13:07:56.003455,84.57575,84.64825,86.94562
2022-01-23 13:07:56.509615,83.90492,84.23475,84.94281
2022-01-23 13:07:57.006773,84.21434,84.54425,84.94281
2022-01-23 13:07:57.502514,84.00888,84.3895,85.7675
2022-01-23 13:07:58.001707,84.11161,84.33875,85.7675
2022-01-23 13:07:58.507251,84.26632,84.90575,85.49229
2022-01-23 13:07:59.007154,84.31831,84.4415,85.49229
2022-01-23 13:07:59.502462,84.1636,84.23475,85.64968
2022-01-23 13:08:00.010412,84.11161,84.3895,85.64968
2022-01-23 13:08:00.503922,84.67848,85.0085,85.17843
2022-01-23 13:08:01.003020,83.59549,84.08,85.17843
2022-01-23 13:08:01.507554,84.42104,84.54425,86.19916
2022-01-23 13:08:02.007074,83.49276,84.132,86.19916
2022-01-23 13:08:02.503428,84.88517,84.90575,85.4527
2022-01-23 13:08:03.002455,84.26632,84.3895,85.4527
2022-01-23 13:08:03.507618,83.85417,84.28675,85.7675
2022-01-23 13:08:04.008001,83.90492,84.23475,85.7675
2022-01-23 13:08:04.502887,84.31831,84.803,85.06062
2022-01-23 13:08:05.001451,84.47302,84.85375,85.06062
2022-01-23 13:08:05.508305,83.90492,84.803,85.72791
2022-01-23 13:08:06.007256,83.80219,84.132,85.72791
2022-01-23 13:08:06.503664,84.36905,84.54425,86.12093
2022-01-23 13:08:07.002151,84.73046,84.90575,86.12093
2022-01-23 13:08:07.507204,83.59549,84.08,86.00312
2022-01-23 13:08:08.006076,84.11161,84.699,86.00312
2022-01-23 13:08:08.503771,83.80219,84.08,86.04176
2022-01-23 13:08:09.002415,83.9569,84.4935,86.04176
2022-01-23 13:08:09.507295,84.9879,85.422,85.80614
2022-01-23 13:08:10.004170,83.28607,83.71975,85.80614
2022-01-23 13:08:10.510042,84.62773,84.803,85.37447
2022-01-23 13:08:11.003820,83.9569,84.184,85.37447
2022-01-23 13:08:11.509414,84.47302,85.0085,85.68833
2022-01-23 13:08:12.008665,84.21434,84.4415,85.68833
2022-01-23 13:08:12.504239,83.7502,84.28675,85.49229
2022-01-23 13:08:13.002371,84.21434,84.4415,85.49229
2022-01-23 13:08:13.507953,84.00888,84.54425,85.49229
2022-01-23 13:08:14.006464,84.26632,84.33875,85.49229
2022-01-23 13:08:14.501648,84.52377,84.699,86.19916
2022-01-23 13:08:15.009960,84.11161,84.33875,86.19916
2022-01-23 13:08:15.504726,84.05963,84.4935,85.96354
2022-01-23 13:08:16.002653,84.42104,84.803,85.96354
2022-01-23 13:08:16.508367,83.85417,84.08,86.00312
2022-01-23 13:08:17.007567,84.05963,84.64825,86.00312
2022-01-23 13:08:17.504434,84.21434,84.4415,86.04176
2022-01-23 13:08:18.002805,84.26632,84.3895,86.04176
2022-01-23 13:08:18.509741,84.21434,84.64825,85.57051
2022-01-23 13:08:19.006451,84.05963,84.54425,85.57051
2022-01-23 13:08:19.501510,84.36905,84.751,85.84572
2022-01-23 13:08:20.011029,83.9569,84.33875,85.84572
2022-01-23 13:08:20.506155,84.47302,85.0085,86.35656
2022-01-23 13:08:21.003891,83.69946,83.97725,86.35656
2022-01-23 13:08:21.510781,84.78245,85.1125,85.84572
2022-01-23 13:08:22.009647,84.00888,84.28675,85.84572
2022-01-23 13:08:22.505761,84.26632,84.4935,86.82781
2022-01-23 13:08:23.003939,84.26632,84.699,86.82781
2022-01-23 13:08:23.510366,83.85417,84.132,86.15958
2022-01-23 13:08:24.008446,84.1636,84.85375,86.15958
2022-01-23 13:08:24.503697,83.9569,84.28675,85.37447
2022-01-23 13:08:25.002398,84.73046,84.85375,85.37447
2022-01-23 13:08:25.507489,83.9569,84.33875,86.90604
2022-01-23 13:08:26.006170,84.05963,84.02925,86.90604
2022-01-23 13:08:26.503577,83.49276,83.71975,148.915
2022-01-23 13:08:27.002450,84.36905,84.4415,148.915
2022-01-23 13:08:27.508013,84.11161,84.59625,231.5402
2022-01-23 13:08:28.006557,83.90492,84.132,231.5402
2022-01-23 13:08:28.501710,84.1636,84.4415,201.85145
2022-01-23 13:08:29.010467,83.7502,83.7705,201.85145
2022-01-23 13:08:29.506128,84.9879,84.95775,126.45145
2022-01-23 13:08:30.002825,83.9569,84.33875,126.45145
2022-01-23 13:08:30.507951,83.7502,83.97725,91.97197
2022-01-23 13:08:31.007320,84.26632,84.751,91.97197
2022-01-23 13:08:31.504170,83.9569,84.08,92.71843
2022-01-23 13:08:32.003234,84.05963,84.54425,92.71843
2022-01-23 13:08:32.509402,84.21434,84.33875,91.06906
2022-01-23 13:08:33.007061,84.00888,83.8745,91.06906
2022-01-23 13:08:33.503516,84.52377,84.85375,87.41687
2022-01-23 13:08:34.001287,84.26632,84.4935,87.41687
2022-01-23 13:08:34.509668,83.7502,84.54425,86.35656
2022-01-23 13:08:35.009239,84.31831,84.59625,86.35656
2022-01-23 13:08:35.505313,83.80219,84.33875,86.08135
2022-01-23 13:08:36.003938,84.83319,84.90575,86.08135
2022-01-23 13:08:36.510362,83.9569,84.132,86.74864
2022-01-23 13:08:37.007481,83.85417,84.23475,86.74864
2022-01-23 13:08:37.502655,84.21434,84.28675,86.00312
2022-01-23 13:08:38.010903,84.36905,85.0605,86.00312
2022-01-23 13:08:38.505733,83.80219,84.132,87.61291
2022-01-23 13:08:39.004391,84.00888,84.59625,87.61291
2022-01-23 13:08:39.510848,84.26632,84.23475,85.37447
2022-01-23 13:08:40.008703,84.57575,84.699,85.37447
2022-01-23 13:08:40.504623,84.31831,84.59625,86.82781
2022-01-23 13:08:41.003142,83.9569,84.184,86.82781
2022-01-23 13:08:41.509124,83.9569,84.59625,84.90322
2022-01-23 13:08:42.007916,84.62773,84.95775,84.90322
2022-01-23 13:08:42.504527,83.85417,84.54425,85.88531
2022-01-23 13:08:43.001652,84.00888,84.132,85.88531
2022-01-23 13:08:43.506358,84.57575,84.64825,85.13885
2022-01-23 13:08:44.004269,84.1636,84.3895,85.13885
2022-01-23 13:08:44.510334,84.57575,84.751,86.27739
2022-01-23 13:08:45.008569,84.11161,84.64825,86.27739
2022-01-23 13:08:45.503898,83.9569,84.3895,85.92395
2022-01-23 13:08:46.003139,84.26632,84.803,85.92395
2022-01-23 13:08:46.510102,84.1636,84.3895,84.90322
2022-01-23 13:08:47.007975,84.42104,84.751,84.90322
2022-01-23 13:08:47.503361,83.90492,84.08,86.51301
2022-01-23 13:08:48.001709,84.57575,84.64825,86.51301
2022-01-23 13:08:48.507468,83.85417,84.33875,85.7675
2022-01-23 13:08:49.005624,84.52377,84.90575,85.7675
2022-01-23 13:08:49.510766,83.7502,84.33875,85.06062
2022-01-23 13:08:50.007974,84.26632,84.4935,85.06062
2022-01-23 13:08:50.503791,84.26632,84.85375,85.72791
2022-01-23 13:08:51.001702,84.1636,84.33875,85.72791
2022-01-23 13:08:51.507368,84.88517,84.95775,86.04176
2022-01-23 13:08:52.005051,83.39003,83.7705,86.04176
2022-01-23 13:08:52.510792,84.47302,84.64825,86.12093
2022-01-23 13:08:53.009161,84.26632,84.803,86.12093
2022-01-23 13:08:53.503352,84.00888,84.3895,85.7675
2022-01-23 13:08:54.001506,83.90492,84.4415,85.7675
2022-01-23 13:08:54.506069,84.47302,84.90575,85.7675
2022-01-23 13:08:55.003816,84.05963,84.132,85.7675
2022-01-23 13:08:55.508897,84.62773,84.95775,85.09926
2022-01-23 13:08:56.007257,84.21434,84.54425,85.09926
2022-01-23 13:08:56.501487,83.9569,84.4415,85.80614
2022-01-23 13:08:57.001420,84.31831,84.4415,85.80614
2022-01-23 13:08:57.506811,83.54475,84.23475,85.49229
2022-01-23 13:08:58.005558,84.9879,85.37,85.49229
2022-01-23 13:08:58.510944,83.9569,84.23475,86.94562
2022-01-23 13:08:59.009697,84.1636,84.64825,86.94562
2022-01-23 13:08:59.504926,83.85417,84.132,85.37447
2022-01-23 13:09:00.004282,84.21434,84.64825,85.37447
2022-01-23 13:09:00.507784,84.93716,85.0085,86.12093
2022-01-23 13:09:01.007824,83.08061,83.71975,86.12093
2022-01-23 13:09:01.504472,84.36905,84.803,85.21708
2022-01-23 13:09:02.004125,84.1636,84.28675,85.21708
2022-01-23 13:09:02.510579,84.9879,85.26725,85.4527
2022-01-23 13:09:03.008057,83.9569,84.23475,85.4527
2022-01-23 13:09:03.501997,83.9569,84.54425,86.15958
2022-01-23 13:09:04.011005,84.36905,84.54425,86.15958
2022-01-23 13:09:04.507129,84.31831,84.64825,85.64968
2022-01-23 13:09:05.004881,84.62773,84.95775,85.64968
2022-01-23 13:09:06.004995,84.21434,84.54425,86.08135
2022-01-23 13:09:06.510031,84.57575,84.4935,86.12093
2022-01-23 13:09:07.008450,84.21434,84.85375,86.12093
2022-01-23 13:09:07.504277,84.21434,84.28675,85.92395
2022-01-23 13:09:08.003956,83.80219,84.184,85.92395
2022-01-23 13:09:08.500990,84.21434,84.54425,85.7675
2022-01-23 13:09:09.010730,84.26632,84.64825,85.7675
2022-01-23 13:09:09.504850,84.11161,84.4415,85.96354
2022-01-23 13:09:10.003050,84.26632,84.08,85.96354
2022-01-23 13:09:10.508438,83.9569,84.3895,85.7675
2022-01-23 13:09:11.003886,84.57575,84.95775,85.7675
2022-01-23 13:09:11.509961,84.47302,84.751,86.3952
2022-01-23 13:09:12.008662,83.9569,84.132,86.3952
2022-01-23 13:09:12.502624,83.90492,84.54425,86.12093
2022-01-23 13:09:13.010859,84.26632,84.3895,86.12093
2022-01-23 13:09:13.508499,84.73046,84.803,86.51301
2022-01-23 13:09:14.006935,83.69946,84.3895,86.51301
2022-01-23 13:09:14.502739,84.11161,84.4415,85.41406
2022-01-23 13:09:15.011266,84.1636,84.4935,85.41406
2022-01-23 13:09:15.506340,84.36905,84.64825,86.19916
2022-01-23 13:09:16.004574,84.21434,84.59625,86.19916
2022-01-23 13:09:16.509055,83.90492,84.08,85.57051
2022-01-23 13:09:17.007891,84.47302,84.4935,85.57051
2022-01-23 13:09:17.503490,84.42104,84.90575,85.41406
2022-01-23 13:09:18.505197,84.1636,84.64825,85.68833
2022-01-23 13:09:19.003403,84.21434,84.4935,85.68833
2022-01-23 13:09:19.510721,83.59549,83.97725,85.53187
2022-01-23 13:09:20.010229,84.83319,85.0085,85.53187
2022-01-23 13:09:20.504885,84.1636,84.132,86.08135
2022-01-23 13:09:21.004345,84.67848,85.0605,86.08135
2022-01-23 13:09:21.509029,83.9569,84.184,86.12093
2022-01-23 13:09:22.008042,83.90492,84.4415,86.12093
2022-01-23 13:09:22.503528,84.88517,85.0605,86.3952
2022-01-23 13:09:23.003044,83.44078,84.08,86.3952
2022-01-23 13:09:23.509221,84.42104,84.85375,85.6101
2022-01-23 13:09:24.007107,83.9569,83.97725,85.6101
2022-01-23 13:09:24.503429,84.31831,84.699,87.29906
2022-01-23 13:09:25.001545,84.26632,84.54425,87.29906
2022-01-23 13:09:25.508490,84.00888,84.54425,85.72791
2022-01-23 13:09:26.006734,84.00888,84.184,85.72791
2022-01-23 13:09:26.503416,84.1636,84.54425,86.15958
2022-01-23 13:09:27.002361,84.62773,85.0085,86.15958
2022-01-23 13:09:27.508520,83.69946,84.08,85.96354
2022-01-23 13:09:28.007347,84.57575,84.95775,85.96354
2022-01-23 13:09:28.503474,84.21434,84.28675,85.37447
2022-01-23 13:09:29.002940,84.21434,84.751,85.37447
2022-01-23 13:09:29.507633,84.47302,84.751,85.84572
2022-01-23 13:09:30.005700,83.69946,84.132,85.84572
2022-01-23 13:09:30.510602,84.11161,84.33875,85.92395
2022-01-23 13:09:31.008256,84.05963,84.3895,85.92395
2022-01-23 13:09:31.503936,84.52377,84.90575,85.13885
2022-01-23 13:09:32.002801,84.42104,84.54425,85.13885
2022-01-23 13:09:32.507322,83.9569,84.4415,86.00312
2022-01-23 13:09:33.005626,84.11161,84.33875,86.00312
2022-01-23 13:09:33.502214,84.52377,84.95775,85.92395
2022-01-23 13:09:34.002427,83.90492,84.33875,85.92395
2022-01-23 13:09:34.508535,83.64747,84.132,86.19916
2022-01-23 13:09:35.006417,83.85417,84.132,86.19916
2022-01-23 13:09:35.510731,84.88517,85.0605,85.7675
2022-01-23 13:09:36.008759,84.1636,84.59625,85.7675
2022-01-23 13:09:36.504541,84.26632,84.4415,86.19916
2022-01-23 13:09:37.002777,83.9569,84.4415,86.19916
2022-01-23 13:09:37.509006,84.36905,84.59625,85.41406
2022-01-23 13:09:38.007948,84.26632,84.751,85.41406
2022-01-23 13:09:38.503278,83.69946,84.132,86.19916
2022-01-23 13:09:39.001365,84.31831,84.64825,86.19916
2022-01-23 13:09:39.508013,84.1636,84.64825,85.41406
2022-01-23 13:09:40.007218,84.1636,84.4415,85.41406
2022-01-23 13:09:40.503891,84.05963,84.33875,85.88531
2022-01-23 13:09:41.003521,84.11161,84.54425,85.88531
2022-01-23 13:09:41.509023,84.11161,84.4935,85.64968
2022-01-23 13:09:42.009662,84.47302,84.90575,85.64968
2022-01-23 13:09:42.505179,83.69946,83.97725,85.09926
2022-01-23 13:09:43.004220,84.26632,84.59625,85.09926
2022-01-23 13:09:43.510093,84.1636,84.4415,86.12093
2022-01-23 13:09:44.008730,83.90492,84.3895,86.12093
2022-01-23 13:09:44.503456,84.57575,84.803,86.04176
2022-01-23 13:09:45.002400,83.85417,84.132,86.04176
2022-01-23 13:09:45.507830,84.62773,84.85375,85.13885
2022-01-23 13:09:46.004337,83.69946,84.132,85.13885
2022-01-23 13:09:46.501162,84.36905,84.803,85.53187
2022-01-23 13:09:47.009099,84.47302,84.64825,85.53187
2022-01-23 13:09:47.504071,83.90492,84.33875,85.64968
2022-01-23 13:09:48.003165,84.42104,84.90575,85.64968
2022-01-23 13:09:48.508994,84.05963,84.4415,85.6101
2022-01-23 13:09:49.007361,84.21434,84.64825,85.6101
2022-01-23 13:09:49.502702,83.85417,84.23475,85.80614
2022-01-23 13:09:50.010471,84.36905,84.699,85.80614
2022-01-23 13:09:50.505737,84.11161,84.23475,85.41406
2022-01-23 13:09:51.005014,84.1636,84.54425,85.41406
2022-01-23 13:09:51.509569,84.47302,84.751,85.53187
2022-01-23 13:09:52.007545,83.90492,84.33875,85.53187
2022-01-23 13:09:52.502602,84.26632,84.64825,86.86645
2022-01-23 13:09:53.002357,83.7502,84.23475,86.86645
2022-01-23 13:09:53.508976,84.57575,84.751,85.49229
2022-01-23 13:09:54.007596,84.31831,84.23475,85.49229
2022-01-23 13:09:54.503335,84.21434,84.54425,85.64968
2022-01-23 13:09:55.001119,83.9569,84.33875,85.64968
2022-01-23 13:09:55.508633,84.1636,84.54425,86.78822
2022-01-23 13:09:56.006736,84.36905,84.64825,86.78822
2022-01-23 13:09:56.502186,83.69946,84.4415,85.7675
2022-01-23 13:09:57.011002,83.85417,84.28675,85.7675
2022-01-23 13:09:57.507522,84.78245,84.85375,85.41406
2022-01-23 13:09:58.005271,84.26632,84.33875,85.41406
2022-01-23 13:09:58.510613,84.00888,84.33875,85.57051
2022-01-23 13:09:59.009140,84.00888,84.3895,85.57051
2022-01-23 13:09:59.506270,84.05963,84.4415,85.33489
2022-01-23 13:10:00.004976,84.31831,84.803,85.33489
2022-01-23 13:10:00.509060,84.21434,84.699,85.84572
2022-01-23 13:10:01.007551,83.80219,84.132,85.84572
2022-01-23 13:10:01.503877,84.57575,84.699,85.6101
2022-01-23 13:10:02.002103,84.31831,84.699,85.6101
2022-01-23 13:10:02.508005,84.1636,84.54425,86.5526
2022-01-23 13:10:03.007430,83.7502,84.08,86.5526
2022-01-23 13:10:03.503687,83.9569,84.132,85.80614
2022-01-23 13:10:04.004587,84.42104,85.0085,85.80614
2022-01-23 13:10:04.510738,84.00888,84.4415,86.08135
2022-01-23 13:10:05.009403,84.21434,84.4415,86.08135
2022-01-23 13:10:05.506506,84.47302,84.54425,85.25666
2022-01-23 13:10:06.006696,83.90492,84.28675,85.25666
2022-01-23 13:10:06.501890,84.88517,85.21525,85.88531
2022-01-23 13:10:07.010395,83.39003,83.66775,85.88531
2022-01-23 13:10:07.505649,84.57575,84.85375,85.57051
2022-01-23 13:10:08.003482,83.7502,84.23475,85.57051
2022-01-23 13:10:08.501172,84.42104,84.751,85.41406
2022-01-23 13:10:09.009809,84.47302,84.59625,85.41406
2022-01-23 13:10:09.504543,83.7502,84.132,85.68833
2022-01-23 13:10:10.003313,84.52377,84.85375,85.68833
2022-01-23 13:10:10.508659,84.00888,84.33875,85.33489
2022-01-23 13:10:11.002683,84.52377,85.16325,85.33489
2022-01-23 13:10:11.507780,83.7502,84.28675,86.51301
2022-01-23 13:10:12.005299,84.1636,84.4415,86.51301
2022-01-23 13:10:12.510269,84.26632,84.33875,85.21708
2022-01-23 13:10:13.009716,84.62773,85.0085,85.21708
2022-01-23 13:10:13.505663,84.1636,84.4935,85.64968
2022-01-23 13:10:14.004539,83.80219,84.08,85.64968
2022-01-23 13:10:14.510105,84.26632,84.59625,85.13885
2022-01-23 13:10:15.008399,83.85417,84.3895,85.13885
2022-01-23 13:10:15.505248,84.26632,84.64825,85.68833
2022-01-23 13:10:16.002980,84.31831,84.23475,85.68833
2022-01-23 13:10:16.508774,83.7502,84.08,85.13885
2022-01-23 13:10:17.007547,84.26632,84.699,85.13885
2022-01-23 13:10:17.503190,84.11161,84.4935,85.33489
2022-01-23 13:10:18.001133,84.36905,84.4415,85.33489
2022-01-23 13:10:18.505450,83.69946,84.132,85.64968
2022-01-23 13:10:19.004529,84.57575,84.90575,85.64968
2022-01-23 13:10:19.501856,83.90492,84.08,85.6101
2022-01-23 13:10:20.009631,84.47302,84.751,85.6101
2022-01-23 13:10:20.505182,84.05963,84.4935,86.94562
2022-01-23 13:10:21.004454,84.05963,84.3895,86.94562
2022-01-23 13:10:21.511032,83.9569,84.3895,85.37447
2022-01-23 13:10:22.009496,84.31831,84.751,85.37447
2022-01-23 13:10:22.508723,84.26632,84.699,86.12093
2022-01-23 13:10:23.007054,84.00888,84.3895,86.12093
2022-01-23 13:10:23.503198,84.00888,84.184,86.35656
2022-01-23 13:10:24.002344,84.42104,84.4935,86.35656
2022-01-23 13:10:24.507901,84.1636,84.64825,85.41406
2022-01-23 13:10:25.005839,84.36905,84.85375,85.41406
2022-01-23 13:10:25.501123,83.69946,83.97725,85.6101
2022-01-23 13:10:26.009731,84.47302,84.95775,85.6101
2022-01-23 13:10:26.508368,83.80219,84.3895,85.7675
2022-01-23 13:10:27.008831,84.78245,85.0085,85.7675
2022-01-23 13:10:27.504016,83.69946,83.7705,85.33489
2022-01-23 13:10:28.003093,83.80219,84.02925,85.33489
2022-01-23 13:10:28.509216,84.73046,85.0085,85.4527
2022-01-23 13:10:29.007286,83.90492,84.184,85.4527
2022-01-23 13:10:29.502810,84.52377,85.0605,85.88531
2022-01-23 13:10:30.010906,83.54475,84.184,85.88531
2022-01-23 13:10:30.506510,84.31831,84.59625,86.00312
2022-01-23 13:10:31.005763,84.9879,85.16325,86.00312
2022-01-23 13:10:31.501223,84.00888,84.132,85.88531
2022-01-23 13:10:32.009992,84.31831,84.64825,85.88531
2022-01-23 13:10:32.505669,83.49276,83.8745,84.94281
2022-01-23 13:10:33.005647,84.73046,85.16325,84.94281
2022-01-23 13:10:33.511076,83.9569,84.4415,86.15958
2022-01-23 13:10:34.002017,84.1636,84.54425,86.15958
2022-01-23 13:10:34.507574,84.11161,84.08,85.64968
2022-01-23 13:10:35.006399,84.26632,84.54425,85.64968
2022-01-23 13:10:35.503066,84.93716,85.318,85.7675
2022-01-23 13:10:36.002425,83.49276,83.8745,85.7675
2022-01-23 13:10:36.508580,84.31831,84.90575,85.6101
2022-01-23 13:10:37.006822,83.69946,84.28675,85.6101
2022-01-23 13:10:37.502602,84.83319,84.95775,85.88531
2022-01-23 13:10:38.010785,84.05963,84.3895,85.88531
2022-01-23 13:10:38.505536,84.11161,84.184,85.13885
2022-01-23 13:10:39.004740,84.11161,84.33875,85.13885
2022-01-23 13:10:39.510771,84.42104,84.85375,86.35656
2022-01-23 13:10:40.009732,84.00888,84.4935,86.35656
2022-01-23 13:10:40.506630,83.85417,84.4935,85.88531
2022-01-23 13:10:41.004520,84.62773,85.0085,85.88531
2022-01-23 13:10:41.509384,83.80219,84.23475,85.68833
2022-01-23 13:10:42.007232,84.47302,84.59625,85.68833
2022-01-23 13:10:42.502745,84.21434,84.3895,86.59218
2022-01-23 13:10:43.010816,83.85417,84.28675,86.59218
2022-01-23 13:10:43.505697,84.36905,84.803,85.64968
2022-01-23 13:10:44.004326,83.85417,84.33875,85.64968
2022-01-23 13:10:44.502381,84.11161,84.4935,85.68833
2022-01-23 13:10:45.001254,83.9569,84.4935,85.68833
2022-01-23 13:10:45.507546,84.52377,84.751,85.96354
2022-01-23 13:10:46.001013,83.85417,84.02925,85.96354
2022-01-23 13:10:46.507932,84.67848,85.0085,85.68833
2022-01-23 13:10:47.006286,84.05963,84.4935,85.68833
2022-01-23 13:10:47.510288,84.11161,84.33875,85.96354
2022-01-23 13:10:48.007776,84.1636,84.3895,85.96354
2022-01-23 13:10:48.504900,83.54475,83.8745,86.43479
2022-01-23 13:10:49.004156,84.42104,84.4415,86.43479
2022-01-23 13:10:49.509375,84.42104,84.4415,240.0227
2022-01-23 13:10:50.007472,84.00888,84.184,240.0227
2022-01-23 13:10:50.502287,83.85417,84.33875,219.40551
2022-01-23 13:10:51.010791,84.26632,84.59625,219.40551
2022-01-23 13:10:51.506720,84.31831,84.699,158.61426
2022-01-23 13:10:52.004501,83.69946,84.132,158.61426
2022-01-23 13:10:52.508963,83.69946,83.8225,99.43375
2022-01-23 13:10:53.006621,84.47302,84.699,99.43375
2022-01-23 13:10:53.503973,84.1636,84.184,93.34614
2022-01-23 13:10:54.002485,84.31831,84.59625,93.34614
2022-01-23 13:10:54.507964,83.54475,83.8225,88.51583
2022-01-23 13:10:55.007107,84.11161,84.3895,88.51583
2022-01-23 13:10:55.501626,84.21434,84.54425,86.94562
2022-01-23 13:10:56.010306,84.57575,84.90575,86.94562
2022-01-23 13:10:56.505298,83.85417,84.184,85.96354
2022-01-23 13:10:57.003355,84.11161,84.4415,85.96354
2022-01-23 13:10:57.510212,84.36905,84.803,85.72791
2022-01-23 13:10:58.010096,84.21434,84.4935,85.72791
2022-01-23 13:10:58.505090,84.42104,84.699,86.23875
2022-01-23 13:10:59.003587,83.64747,83.97725,86.23875
2022-01-23 13:10:59.510428,84.42104,84.85375,85.88531
2022-01-23 13:11:00.008087,84.21434,84.699,85.88531
2022-01-23 13:11:00.504091,84.1636,84.33875,86.23875
2022-01-23 13:11:01.002520,84.36905,84.54425,86.23875
2022-01-23 13:11:01.509283,84.1636,84.59625,86.15958
2022-01-23 13:11:02.007957,84.42104,84.85375,86.15958
2022-01-23 13:11:02.504699,84.05963,84.33875,85.84572
2022-01-23 13:11:03.004402,84.26632,84.54425,85.84572
2022-01-23 13:11:03.510705,83.80219,84.4935,85.33489
2022-01-23 13:11:04.009386,84.67848,84.803,85.33489
2022-01-23 13:11:04.505406,83.9569,84.184,86.12093
2022-01-23 13:11:05.004600,83.9569,84.4415,86.12093
2022-01-23 13:11:05.502263,84.42104,85.0085,85.25666
2022-01-23 13:11:06.010370,83.9569,84.33875,85.25666
2022-01-23 13:11:06.507977,84.47302,84.803,86.59218
2022-01-23 13:11:07.007099,83.90492,84.59625,86.59218
2022-01-23 13:11:07.502539,84.26632,84.28675,85.57051
2022-01-23 13:11:08.010789,84.42104,84.54425,85.57051
2022-01-23 13:11:08.507275,84.31831,84.59625,85.64968
2022-01-23 13:11:09.005795,84.00888,84.33875,85.64968
2022-01-23 13:11:09.501488,84.31831,84.699,85.13885
2022-01-23 13:11:10.010269,83.90492,84.28675,85.13885
2022-01-23 13:11:10.505730,84.21434,84.95775,86.51301
2022-01-23 13:11:11.010536,84.1636,84.4415,86.51301
2022-01-23 13:11:11.506776,84.1636,84.3895,85.57051
2022-01-23 13:11:12.004134,84.31831,84.59625,85.57051
2022-01-23 13:11:12.501215,84.05963,84.59625,86.04176
2022-01-23 13:11:13.009734,84.05963,84.699,86.04176
2022-01-23 13:11:13.504312,84.11161,84.4415,85.4527
2022-01-23 13:11:14.002039,83.69946,84.184,85.4527
2022-01-23 13:11:14.508189,84.42104,84.90575,85.57051
2022-01-23 13:11:15.006328,84.05963,84.33875,85.57051
2022-01-23 13:11:15.504020,84.11161,84.23475,85.68833
2022-01-23 13:11:16.001461,84.36905,84.59625,85.68833
2022-01-23 13:11:16.507097,84.26632,84.803,86.31697
2022-01-23 13:11:17.007061,84.26632,84.59625,86.31697
2022-01-23 13:11:17.501300,84.21434,84.803,85.17843
2022-01-23 13:11:18.009640,84.26632,84.4415,85.17843
2022-01-23 13:11:18.504415,84.1636,84.64825,85.64968
2022-01-23 13:11:19.001732,83.9569,84.132,85.64968
2022-01-23 13:11:19.508240,84.47302,84.751,85.57051
2022-01-23 13:11:20.007143,83.90492,84.33875,85.57051
2022-01-23 13:11:20.503254,84.73046,85.0085,85.72791
2022-01-23 13:11:21.001735,83.59549,84.02925,85.72791
2022-01-23 13:11:21.511030,84.21434,84.4935,85.17843
2022-01-23 13:11:22.009426,84.1636,84.803,85.17843
2022-01-23 13:11:22.503990,84.21434,84.184,85.29625
2022-01-23 13:11:23.003319,84.31831,84.59625,85.29625
2022-01-23 13:11:23.510225,83.80219,84.08,84.98145
2022-01-23 13:11:24.007774,84.57575,84.95775,84.98145
2022-01-23 13:11:24.503434,83.9569,84.4415,85.84572
2022-01-23 13:11:25.002672,84.21434,84.4935,85.84572
2022-01-23 13:11:25.510272,83.69946,84.28675,85.06062
2022-01-23 13:11:26.009385,84.52377,84.4415,85.06062
2022-01-23 13:11:26.504278,84.62773,85.0085,86.15958
2022-01-23 13:11:27.002222,84.00888,84.184,86.15958
2022-01-23 13:11:27.507197,84.21434,84.59625,85.7675
2022-01-23 13:11:28.007555,83.90492,84.28675,85.7675
2022-01-23 13:11:28.503415,84.52377,84.95775,85.92395
2022-01-23 13:11:29.010384,83.7502,84.33875,85.92395
2022-01-23 13:11:29.505252,83.90492,84.184,85.88531
2022-01-23 13:11:30.003006,84.1636,84.54425,85.88531
2022-01-23 13:11:30.510428,84.36905,84.64825,85.7675
2022-01-23 13:11:31.008811,84.47302,84.90575,85.7675
2022-01-23 13:11:31.502847,83.80219,84.08,85.13885
2022-01-23 13:11:32.009813,84.00888,84.28675,85.13885
2022-01-23 13:11:32.505553,84.11161,84.751,85.41406
2022-01-23 13:11:33.002955,84.52377,84.59625,85.41406
2022-01-23 13:11:33.507215,84.05963,84.28675,85.25666
2022-01-23 13:11:34.004392,84.1636,84.4415,85.25666
2022-01-23 13:11:34.509571,83.9569,84.33875,86.23875
2022-01-23 13:11:35.009507,84.67848,85.21525,86.23875
2022-01-23 13:11:35.503843,83.80219,84.08,87.14166
2022-01-23 13:11:36.001678,83.90492,84.33875,87.14166
2022-01-23 13:11:36.507124,84.52377,84.751,85.53187
2022-01-23 13:11:37.005345,84.00888,84.54425,85.53187
2022-01-23 13:11:37.510231,84.52377,84.699,85.64968
2022-01-23 13:11:38.008024,84.1636,84.3895,85.64968
2022-01-23 13:11:38.503163,83.64747,83.92525,85.64968
2022-01-23 13:11:39.002586,84.67848,85.0085,85.64968
2022-01-23 13:11:39.509822,84.00888,84.699,85.6101
2022-01-23 13:11:40.006682,83.9569,84.33875,85.6101
2022-01-23 13:11:40.510776,84.21434,84.751,85.80614
2022-01-23 13:11:41.008667,84.05963,84.184,85.80614
2022-01-23 13:11:41.505466,84.78245,85.16325,85.6101
2022-01-23 13:11:42.003064,84.11161,84.33875,85.6101
2022-01-23 13:11:42.507397,84.57575,84.85375,85.64968
2022-01-23 13:11:43.006769,83.90492,84.23475,85.64968
2022-01-23 13:11:43.501226,84.31831,84.64825,85.72791
2022-01-23 13:11:44.009234,83.64747,84.28675,85.72791
2022-01-23 13:11:44.505278,84.42104,84.59625,86.04176
2022-01-23 13:11:45.002666,84.52377,84.803,86.04176
2022-01-23 13:11:45.509793,83.64747,83.7705,85.41406
2022-01-23 13:11:46.007156,84.67848,85.0085,85.41406
2022-01-23 13:11:46.502779,83.69946,84.184,85.7675
2022-01-23 13:11:47.010756,84.62773,84.803,85.7675
2022-01-23 13:11:47.506609,83.85417,84.4935,85.68833
2022-01-23 13:11:48.003259,83.90492,84.132,85.68833
2022-01-23 13:11:48.510550,84.78245,85.1125,85.88531
2022-01-23 13:11:49.009044,84.05963,84.28675,85.88531
2022-01-23 13:11:49.506460,84.31831,84.4935,85.41406
2022-01-23 13:11:50.003352,83.59549,84.08,85.41406
2022-01-23 13:11:50.508367,84.57575,84.85375,85.64968
2022-01-23 13:11:51.007438,83.64747,84.23475,85.64968
2022-01-23 13:11:51.503387,84.62773,84.95775,85.80614
2022-01-23 13:11:52.010800,83.69946,84.02925,85.80614
2022-01-23 13:11:52.508452,84.42104,84.64825,85.72791
2022-01-23 13:11:53.007453,84.31831,84.4935,85.72791
2022-01-23 13:11:53.503006,84.21434,84.699,85.41406
2022-01-23 13:11:54.504166,83.7502,84.28675,86.23875
2022-01-23 13:11:55.002732,84.21434,84.4935,86.23875
2022-01-23 13:11:55.509222,84.05963,84.699,85.64968
2022-01-23 13:11:56.007012,84.42104,84.64825,85.64968
2022-01-23 13:11:56.503208,84.05963,84.184,85.4527
2022-01-23 13:11:57.002000,84.31831,84.803,85.4527
2022-01-23 13:11:57.508677,84.57575,84.85375,85.57051
2022-01-23 13:11:58.007229,83.90492,84.28675,85.57051
2022-01-23 13:11:58.502192,84.36905,84.64825,85.25666
2022-01-23 13:11:59.008990,83.13135,83.8745,85.25666
2022-01-23 13:11:59.504571,85.09187,85.318,86.12093
2022-01-23 13:12:00.002604,84.00888,84.08,86.12093
2022-01-23 13:12:00.507574,84.1636,84.751,85.6101
2022-01-23 13:12:01.005561,84.1636,84.33875,85.6101
2022-01-23 13:12:01.502893,84.05963,84.59625,85.53187
2022-01-23 13:12:02.010580,84.42104,84.699,85.53187
2022-01-23 13:12:02.506692,83.64747,84.33875,85.7675
2022-01-23 13:12:03.004242,84.1636,84.184,85.7675
2022-01-23 13:12:03.501191,84.42104,84.59625,85.68833
2022-01-23 13:12:04.008917,84.21434,84.4935,85.68833
2022-01-23 13:12:04.503322,84.1636,84.4935,85.92395
2022-01-23 13:12:05.002472,84.11161,84.54425,85.92395
2022-01-23 13:12:05.510650,84.26632,84.33875,85.29625
2022-01-23 13:12:06.009027,84.11161,84.803,85.29625
2022-01-23 13:12:06.504277,84.1636,84.3895,86.19916
2022-01-23 13:12:07.003569,84.73046,84.85375,86.19916
2022-01-23 13:12:07.508797,84.00888,84.184,85.06062
2022-01-23 13:12:08.005553,84.42104,84.751,85.06062
2022-01-23 13:12:08.510963,83.80219,84.184,85.96354
2022-01-23 13:12:09.008521,84.57575,84.59625,85.96354
2022-01-23 13:12:09.503938,83.69946,84.3895,85.4527
2022-01-23 13:12:10.002299,84.26632,84.4415,85.4527
2022-01-23 13:12:10.510351,84.21434,84.4935,85.49229
2022-01-23 13:12:11.004903,84.26632,84.28675,85.49229
2022-01-23 13:12:11.501357,84.47302,84.85375,85.7675
2022-01-23 13:12:12.009383,83.90492,84.3895,85.7675
2022-01-23 13:12:12.504583,84.05963,84.3895,85.68833
2022-01-23 13:12:13.002584,84.47302,85.0605,85.68833
2022-01-23 13:12:13.507916,83.9569,84.23475,86.19916
2022-01-23 13:12:14.006266,84.36905,84.699,86.19916
2022-01-23 13:12:14.510349,84.11161,84.4415,86.47437
2022-01-23 13:12:15.010157,84.1636,84.184,86.47437
2022-01-23 13:12:15.504764,84.1636,84.64825,85.41406
2022-01-23 13:12:16.002365,84.31831,84.59625,85.41406
2022-01-23 13:12:16.508874,83.64747,84.184,85.84572
2022-01-23 13:12:17.007366,84.47302,84.751,85.84572
2022-01-23 13:12:17.502768,83.49276,84.132,85.6101
2022-01-23 13:12:18.002684,85.09187,85.1125,85.6101
2022-01-23 13:12:18.508547,84.00888,84.08,85.37447
2022-01-23 13:12:19.007149,84.1636,84.59625,85.37447
2022-01-23 13:12:19.505114,84.00888,84.184,86.15958
2022-01-23 13:12:20.002839,84.26632,84.803,86.15958
2022-01-23 13:12:20.508085,84.1636,84.54425,86.00312
2022-01-23 13:12:21.006378,83.64747,84.23475,86.00312
2022-01-23 13:12:21.501915,84.57575,84.85375,84.825
2022-01-23 13:12:22.010566,84.00888,84.28675,84.825
2022-01-23 13:12:22.506277,84.57575,84.803,85.80614
2022-01-23 13:12:23.005069,83.90492,84.02925,85.80614
2022-01-23 13:12:23.501054,83.90492,84.54425,85.41406
2022-01-23 13:12:24.009917,84.73046,85.16325,85.41406
2022-01-23 13:12:24.505731,83.49276,84.184,85.72791
2022-01-23 13:12:25.004376,84.47302,84.4935,85.72791
2022-01-23 13:12:25.510284,84.31831,84.699,85.84572
2022-01-23 13:12:26.009373,84.36905,84.751,85.84572
2022-01-23 13:12:26.505826,84.26632,84.4415,85.6101
2022-01-23 13:12:27.002440,84.05963,84.3895,85.6101
2022-01-23 13:12:27.509060,83.85417,84.184,84.94281
2022-01-23 13:12:28.007258,84.31831,85.0605,84.94281
2022-01-23 13:12:28.502890,84.11161,84.3895,85.6101
2022-01-23 13:12:29.011229,84.11161,84.33875,85.6101
2022-01-23 13:12:29.505485,84.1636,84.4935,85.37447
2022-01-23 13:12:30.003009,84.1636,84.28675,85.37447
2022-01-23 13:12:30.508159,84.57575,85.0085,85.6101
2022-01-23 13:12:31.006197,83.9569,84.23475,85.6101
2022-01-23 13:12:31.502375,83.85417,84.4415,85.80614
2022-01-23 13:12:32.010314,83.85417,84.23475,85.80614
2022-01-23 13:12:32.506108,84.26632,85.0085,85.68833
2022-01-23 13:12:33.004684,83.90492,84.184,85.68833
2022-01-23 13:12:33.510590,84.62773,84.54425,86.08135
2022-01-23 13:12:34.007180,83.7502,84.132,86.08135
2022-01-23 13:12:34.501992,84.52377,84.64825,86.04176
2022-01-23 13:12:35.009881,84.62773,85.1125,86.04176
2022-01-23 13:12:35.505547,83.49276,83.7705,86.71
2022-01-23 13:12:36.002256,84.36905,84.803,86.71
2022-01-23 13:12:36.507646,84.26632,84.4935,85.88531
2022-01-23 13:12:37.005830,84.36905,84.54425,85.88531
2022-01-23 13:12:37.501532,84.21434,84.699,85.64968
2022-01-23 13:12:38.010043,84.05963,84.08,85.64968
2022-01-23 13:12:38.507174,84.26632,84.803,86.19916
2022-01-23 13:12:39.004992,84.31831,84.4935,86.19916
2022-01-23 13:12:39.510359,83.59549,84.23475,85.84572
2022-01-23 13:12:40.008097,84.21434,84.54425,85.84572
2022-01-23 13:12:40.505076,84.47302,84.4935,86.23875
2022-01-23 13:12:41.004571,84.05963,84.59625,86.23875
2022-01-23 13:12:41.510344,84.21434,84.59625,85.6101
2022-01-23 13:12:42.009624,83.80219,84.4415,85.6101
2022-01-23 13:12:42.506665,84.57575,84.90575,85.84572
2022-01-23 13:12:43.003930,83.59549,84.08,85.84572
2022-01-23 13:12:43.510849,84.57575,84.751,85.72791
2022-01-23 13:12:44.008948,84.11161,84.23475,85.72791
2022-01-23 13:12:44.503148,84.47302,84.699,85.88531
2022-01-23 13:12:45.003224,84.1636,84.28675,85.88531
2022-01-23 13:12:45.510774,83.69946,84.3895,85.84572
2022-01-23 13:12:46.008967,84.78245,85.0605,85.84572
2022-01-23 13:12:46.504339,83.54475,84.23475,85.25666
2022-01-23 13:12:47.002104,84.42104,84.59625,85.25666
2022-01-23 13:12:47.507131,83.90492,84.132,86.08135
2022-01-23 13:12:48.006753,84.47302,84.803,86.08135
2022-01-23 13:12:48.501247,84.26632,84.33875,86.08135
2022-01-23 13:12:49.009439,83.9569,84.59625,86.08135
2022-01-23 13:12:49.504941,84.00888,84.132,85.29625
2022-01-23 13:12:50.002244,84.21434,84.85375,85.29625
2022-01-23 13:12:50.506994,84.26632,84.64825,85.64968
2022-01-23 13:12:51.005059,84.1636,84.54425,85.64968
2022-01-23 13:12:51.502716,84.42104,84.54425,85.68833
2022-01-23 13:12:52.001823,84.11161,84.4935,85.68833
2022-01-23 13:12:52.508009,84.21434,84.803,85.6101
2022-01-23 13:12:53.006601,84.11161,84.3895,85.6101
2022-01-23 13:12:53.501439,84.1636,84.59625,85.96354
2022-01-23 13:12:54.009563,83.9569,84.132,85.96354
2022-01-23 13:12:54.504880,84.00888,84.699,85.6101
2022-01-23 13:12:55.002860,84.67848,84.85375,85.6101
2022-01-23 13:12:55.509059,84.57575,84.59625,85.37447
2022-01-23 13:12:56.008154,83.9569,84.4415,85.37447
2022-01-23 13:12:56.502788,83.80219,84.28675,85.96354
2022-01-23 13:12:57.011163,84.42104,85.0085,85.96354
2022-01-23 13:12:57.506666,84.00888,84.28675,85.80614
2022-01-23 13:12:58.004047,84.36905,84.95775,85.80614
2022-01-23 13:12:58.509046,83.64747,83.8225,85.49229
2022-01-23 13:12:59.008620,84.73046,84.803,85.49229
2022-01-23 13:12:59.504185,84.31831,84.751,86.43479
2022-01-23 13:13:00.002786,83.85417,84.23475,86.43479
2022-01-23 13:13:00.507373,83.9569,84.4415,85.6101
2022-01-23 13:13:01.006917,84.26632,84.4415,85.6101
2022-01-23 13:13:01.504038,83.85417,84.54425,85.33489
2022-01-23 13:13:02.003819,84.47302,84.803,85.33489
2022-01-23 13:13:02.509528,84.00888,84.02925,86.00312
2022-01-23 13:13:03.007877,84.36905,84.64825,86.00312
2022-01-23 13:13:03.502946,84.42104,84.64825,85.92395
2022-01-23 13:13:04.002620,83.9569,84.4935,85.92395
2022-01-23 13:13:04.508413,84.57575,84.751,85.88531
2022-01-23 13:13:05.007326,83.44078,83.97725,85.88531
2022-01-23 13:13:05.503675,84.36905,84.90575,85.4527
2022-01-23 13:13:06.001234,84.00888,84.33875,85.4527
2022-01-23 13:13:06.505389,84.26632,84.4935,85.6101
2022-01-23 13:13:07.002988,84.73046,84.85375,85.6101
2022-01-23 13:13:07.507030,83.64747,84.184,85.96354
2022-01-23 13:13:08.004144,84.62773,84.90575,85.96354
2022-01-23 13:13:08.502395,83.80219,84.33875,87.18125
2022-01-23 13:13:09.010626,84.36905,84.803,87.18125
2022-01-23 13:13:09.506327,83.54475,83.92525,86.04176
2022-01-23 13:13:10.004129,84.36905,84.699,86.04176
2022-01-23 13:13:10.509799,84.31831,84.3895,85.72791
2022-01-23 13:13:11.003766,83.85417,84.28675,85.72791
2022-01-23 13:13:11.511169,84.1636,84.23475,162.85551
2022-01-23 13:13:12.010453,84.11161,84.28675,162.85551
2022-01-23 13:13:12.505843,83.90492,84.28675,236.5675
2022-01-23 13:13:13.005507,83.7502,84.184,236.5675
2022-01-23 13:13:13.502094,84.42104,84.699,196.58947
2022-01-23 13:13:14.010334,83.85417,83.66775,196.58947
2022-01-23 13:13:14.505617,84.05963,84.4935,123.27051
2022-01-23 13:13:15.003457,84.21434,84.4415,123.27051
2022-01-23 13:13:15.509974,84.11161,84.33875,91.30468
2022-01-23 13:13:16.008374,84.42104,84.54425,91.30468
2022-01-23 13:13:16.502838,83.02862,83.565,94.95687
2022-01-23 13:13:17.001945,84.78245,85.0085,94.95687
2022-01-23 13:13:17.510289,84.1636,84.23475,88.16239
2022-01-23 13:13:18.008317,84.31831,84.751,88.16239
2022-01-23 13:13:18.503269,84.11161,84.28675,86.51301
2022-01-23 13:13:19.002218,84.00888,84.59625,86.51301
2022-01-23 13:13:19.507419,84.78245,85.0085,86.82781
2022-01-23 13:13:20.006445,83.80219,84.28675,86.82781
2022-01-23 13:13:20.501351,84.00888,84.28675,86.31697
2022-01-23 13:13:21.001046,84.47302,84.33875,86.31697
2022-01-23 13:13:21.506633,84.21434,84.90575,86.19916
2022-01-23 13:13:22.006781,84.26632,84.64825,86.19916
2022-01-23 13:13:22.503033,84.21434,84.699,85.68833
2022-01-23 13:13:23.001472,84.05963,84.4415,85.68833
2022-01-23 13:13:23.506795,84.1636,84.803,86.35656
2022-01-23 13:13:24.005401,84.36905,84.59625,86.35656
2022-01-23 13:13:24.501204,84.31831,84.3895,85.84572
2022-01-23 13:13:25.010759,84.1636,84.54425,85.84572
2022-01-23 13:13:25.506745,84.1636,84.59625,85.68833
2022-01-23 13:13:26.003882,84.11161,84.64825,85.68833
2022-01-23 13:13:26.510104,84.36905,84.4935,85.92395
2022-01-23 13:13:27.010319,84.00888,84.64825,85.92395
2022-01-23 13:13:27.506482,84.42104,84.751,86.12093
2022-01-23 13:13:28.003724,83.85417,84.28675,86.12093
2022-01-23 13:13:28.509823,84.47302,84.803,85.92395
2022-01-23 13:13:29.009938,84.36905,84.4935,85.92395
2022-01-23 13:13:29.505080,83.9569,84.54425,85.64968
2022-01-23 13:13:30.004612,84.26632,84.751,85.64968
2022-01-23 13:13:30.510485,83.80219,84.28675,86.00312
2022-01-23 13:13:31.010258,84.31831,84.803,86.00312
2022-01-23 13:13:31.506476,83.7502,84.28675,85.96354
2022-01-23 13:13:32.003429,84.47302,84.90575,85.96354
2022-01-23 13:13:32.509225,84.36905,84.54425,85.37447
2022-01-23 13:13:33.007241,83.9569,84.3895,85.37447
2022-01-23 13:13:33.504298,84.47302,84.699,85.41406
2022-01-23 13:13:34.002043,83.7502,84.28675,85.41406
2022-01-23 13:13:34.507145,84.62773,84.90575,85.84572
2022-01-23 13:13:35.005057,83.54475,84.02925,85.84572
2022-01-23 13:13:35.503519,84.52377,84.85375,85.4527
2022-01-23 13:13:36.002113,84.26632,84.3895,85.4527
2022-01-23 13:13:36.508387,84.57575,85.0605,85.68833
2022-01-23 13:13:37.006329,83.90492,84.3895,85.68833
2022-01-23 13:13:37.501541,84.11161,84.4415,86.15958
2022-01-23 13:13:38.009652,84.62773,85.1125,86.15958
2022-01-23 13:13:38.504456,83.44078,84.02925,85.72791
2022-01-23 13:13:39.004093,84.73046,84.95775,85.72791
2022-01-23 13:13:39.510208,83.69946,83.8225,85.49229
2022-01-23 13:13:40.009048,84.52377,84.751,85.49229
2022-01-23 13:13:40.504036,84.00888,84.4935,86.12093
2022-01-23 13:13:41.003031,83.85417,84.33875,86.12093
2022-01-23 13:13:41.509469,84.57575,84.85375,85.41406
2022-01-23 13:13:42.007239,83.69946,84.184,85.41406
2022-01-23 13:13:42.503659,84.26632,84.64825,85.49229
2022-01-23 13:13:43.002066,83.85417,84.184,85.49229
2022-01-23 13:13:43.507484,84.57575,84.90575,86.08135
2022-01-23 13:13:44.005273,84.21434,84.28675,86.08135
2022-01-23 13:13:44.501714,84.21434,84.59625,85.88531
2022-01-23 13:13:45.010931,84.05963,84.28675,85.88531
2022-01-23 13:13:45.506789,84.1636,84.699,85.29625
2022-01-23 13:13:46.004928,84.05963,84.54425,85.29625
2022-01-23 13:13:46.510754,83.80219,84.33875,85.68833
2022-01-23 13:13:47.008465,84.31831,84.4935,85.68833
2022-01-23 13:13:47.503838,84.26632,84.4415,85.49229
2022-01-23 13:13:48.001797,84.31831,84.803,85.49229
2022-01-23 13:13:48.507434,84.1636,84.4415,86.19916
2022-01-23 13:13:49.007255,84.26632,84.4935,86.19916
2022-01-23 13:13:49.503595,84.00888,84.33875,86.04176
2022-01-23 13:13:50.002602,83.64747,84.54425,86.04176
2022-01-23 13:13:50.508377,84.57575,84.95775,85.92395
2022-01-23 13:13:51.006200,83.7502,83.8225,85.92395
2022-01-23 13:13:51.502611,84.31831,84.699,85.02104
2022-01-23 13:13:52.010566,84.1636,84.64825,85.02104
2022-01-23 13:13:52.506207,84.11161,84.28675,85.96354
2022-01-23 13:13:53.004381,84.52377,84.803,85.96354
2022-01-23 13:13:53.502892,83.54475,83.8745,85.25666
2022-01-23 13:13:54.001852,84.31831,84.64825,85.25666
2022-01-23 13:13:54.507799,84.47302,84.803,85.37447
2022-01-23 13:13:55.006734,84.05963,84.28675,85.37447
2022-01-23 13:13:55.501506,84.26632,84.699,85.49229
2022-01-23 13:13:56.010570,83.7502,84.02925,85.49229
2022-01-23 13:13:56.506068,84.42104,84.90575,86.31697
2022-01-23 13:13:57.004718,83.80219,84.08,86.31697
2022-01-23 13:13:57.509137,84.26632,84.64825,86.51301
2022-01-23 13:13:58.008888,84.21434,84.33875,86.51301
2022-01-23 13:13:58.503154,84.36905,84.699,85.57051
2022-01-23 13:13:59.001229,84.1636,84.64825,85.57051
2022-01-23 13:13:59.507106,84.00888,84.4935,85.57051
2022-01-23 13:14:00.004370,84.31831,84.4415,85.57051
2022-01-23 13:14:00.505350,83.90492,84.23475,85.64968
2022-01-23 13:14:01.008430,84.67848,85.37,85.64968
2022-01-23 13:14:01.504628,84.11161,84.28675,85.41406
2022-01-23 13:14:02.004478,84.36905,84.4935,85.41406
2022-01-23 13:14:02.509737,84.05963,84.4935,85.06062
2022-01-23 13:14:03.007785,84.21434,84.64825,85.06062
2022-01-23 13:14:03.502000,84.21434,84.54425,85.6101
2022-01-23 13:14:04.009377,84.05963,84.4935,85.6101
2022-01-23 13:14:04.505326,84.21434,84.4935,85.25666
2022-01-23 13:14:05.002901,84.11161,84.3895,85.25666
2022-01-23 13:14:05.508196,84.62773,84.90575,85.68833
2022-01-23 13:14:06.005141,84.21434,84.33875,85.68833
2022-01-23 13:14:06.510964,83.9569,84.4415,85.53187
2022-01-23 13:14:07.009617,84.05963,84.3895,85.53187
2022-01-23 13:14:07.504175,83.9569,84.33875,85.02104
2022-01-23 13:14:08.001931,84.21434,84.64825,85.02104
2022-01-23 13:14:08.507713,84.05963,84.4935,85.84572
2022-01-23 13:14:09.006002,84.42104,84.59625,85.84572
2022-01-23 13:14:09.511372,84.00888,83.92525,85.72791
2022-01-23 13:14:10.010127,84.47302,85.0085,85.72791
2022-01-23 13:14:10.507116,83.85417,84.184,85.57051
2022-01-23 13:14:11.010681,84.21434,84.4935,85.57051
2022-01-23 13:14:11.505987,83.64747,84.132,86.43479
2022-01-23 13:14:12.003968,83.9569,84.751,86.43479
2022-01-23 13:14:12.510345,84.47302,84.59625,85.33489
2022-01-23 13:14:13.009748,84.36905,84.4415,85.33489
2022-01-23 13:14:13.505710,84.42104,84.59625,85.33489
2022-01-23 13:14:14.003534,83.9569,84.4415,85.33489
2022-01-23 13:14:14.511122,84.11161,84.54425,85.72791
2022-01-23 13:14:15.001170,84.47302,84.85375,85.72791
2022-01-23 13:14:15.507457,83.85417,84.3895,85.57051
2022-01-23 13:14:16.005546,84.1636,84.59625,85.57051
2022-01-23 13:14:16.501702,84.26632,84.4935,85.13885
2022-01-23 13:14:17.010922,84.1636,84.28675,85.13885
2022-01-23 13:14:17.508566,84.36905,84.803,86.00312
2022-01-23 13:14:18.006831,83.9569,84.08,86.00312
2022-01-23 13:14:18.501786,84.1636,84.59625,85.80614
2022-01-23 13:14:19.010793,83.85417,84.59625,85.80614
2022-01-23 13:14:19.507885,84.47302,84.85375,85.6101
2022-01-23 13:14:20.007395,84.36905,84.59625,85.6101
2022-01-23 13:14:20.502365,83.80219,83.97725,85.68833
2022-01-23 13:14:21.011230,84.52377,84.90575,85.68833
2022-01-23 13:14:21.511069,84.00888,84.28675,85.6101
2022-01-23 13:14:22.008297,84.26632,84.54425,85.6101
2022-01-23 13:14:22.504654,84.00888,84.3895,85.37447
2022-01-23 13:14:23.002811,84.26632,84.803,85.37447
2022-01-23 13:14:23.507504,83.9569,84.3895,86.04176
2022-01-23 13:14:24.006121,84.31831,84.699,86.04176
2022-01-23 13:14:24.502358,84.52377,84.699,85.88531
2022-01-23 13:14:25.010437,83.69946,84.08,85.88531
2022-01-23 13:14:25.507091,84.78245,85.21525,85.80614
2022-01-23 13:14:26.004615,83.64747,84.02925,85.80614
2022-01-23 13:14:26.510022,84.36905,84.90575,85.96354
2022-01-23 13:14:27.008200,83.64747,84.23475,85.96354
2022-01-23 13:14:27.503638,84.11161,84.28675,85.49229
2022-01-23 13:14:28.010748,84.26632,84.4935,85.49229
2022-01-23 13:14:28.508358,84.31831,84.59625,85.57051
2022-01-23 13:14:29.006318,84.26632,84.54425,85.57051
2022-01-23 13:14:29.502176,84.26632,84.64825,85.21708
2022-01-23 13:14:30.010387,84.11161,84.3895,85.21708
2022-01-23 13:14:30.505198,84.05963,84.4935,86.19916
2022-01-23 13:14:31.005779,84.52377,84.699,86.19916
2022-01-23 13:14:31.501559,84.00888,84.184,85.92395
2022-01-23 13:14:32.010230,84.21434,84.4415,85.92395
2022-01-23 13:14:32.506459,84.21434,84.59625,85.41406
2022-01-23 13:14:33.004749,83.90492,84.23475,85.41406
2022-01-23 13:14:33.510466,84.57575,84.90575,85.96354
2022-01-23 13:14:34.007200,83.54475,84.33875,85.96354
2022-01-23 13:14:34.502989,84.62773,84.751,85.72791
2022-01-23 13:14:35.010685,83.85417,84.132,85.72791
2022-01-23 13:14:35.506175,84.36905,84.54425,85.41406
2022-01-23 13:14:36.002700,84.05963,84.4415,85.41406
2022-01-23 13:14:36.508967,83.9569,84.4415,85.53187
2022-01-23 13:14:37.007162,84.21434,84.54425,85.53187
2022-01-23 13:14:37.503811,83.90492,84.4935,85.49229
2022-01-23 13:14:38.004143,84.57575,84.95775,85.49229
2022-01-23 13:14:38.510008,84.11161,84.4415,85.7675
2022-01-23 13:14:39.007222,84.11161,84.28675,85.7675
2022-01-23 13:14:39.502718,84.67848,85.0085,86.23875
2022-01-23 13:14:40.010466,83.64747,83.7705,86.23875
2022-01-23 13:14:40.506565,84.26632,84.90575,85.68833
2022-01-23 13:14:41.005361,83.7502,84.132,85.68833
2022-01-23 13:14:41.511083,84.31831,84.751,85.37447
2022-01-23 13:14:42.010845,84.26632,84.64825,85.37447
2022-01-23 13:14:42.506293,83.90492,83.97725,86.00312
2022-01-23 13:14:43.003870,84.83319,85.0605,86.00312
2022-01-23 13:14:43.509454,83.69946,84.02925,85.37447
2022-01-23 13:14:44.007642,84.52377,85.0605,85.37447
2022-01-23 13:14:44.503949,83.85417,84.132,85.53187
2022-01-23 13:14:45.002946,84.31831,84.64825,85.53187
2022-01-23 13:14:45.508556,83.85417,84.4935,85.96354
2022-01-23 13:14:46.006072,84.67848,84.85375,85.96354
2022-01-23 13:14:46.503432,84.05963,83.97725,85.33489
2022-01-23 13:14:47.002259,84.00888,84.4935,85.33489
2022-01-23 13:14:47.508474,84.31831,84.90575,85.13885
2022-01-23 13:14:48.006338,83.54475,84.02925,85.13885
2022-01-23 13:14:48.502270,84.42104,84.54425,85.80614
2022-01-23 13:14:49.010668,83.90492,84.4415,85.80614
2022-01-23 13:14:49.505536,84.31831,84.699,85.29625
2022-01-23 13:14:50.003442,84.42104,84.4935,85.29625
2022-01-23 13:14:50.509754,84.21434,84.33875,85.96354
2022-01-23 13:14:51.008471,84.26632,84.59625,85.96354
2022-01-23 13:14:51.505191,83.85417,84.33875,85.33489
2022-01-23 13:14:52.003275,84.36905,84.803,85.33489
2022-01-23 13:14:52.509210,83.44078,84.08,85.72791
2022-01-23 13:14:53.007179,84.73046,84.85375,85.72791
2022-01-23 13:14:53.502370,84.00888,84.132,86.51301
2022-01-23 13:14:54.010643,84.67848,84.803,86.51301
2022-01-23 13:14:54.506567,83.69946,84.184,85.17843
2022-01-23 13:14:55.004675,84.31831,84.699,85.17843
2022-01-23 13:14:55.510572,84.21434,84.33875,86.04176
2022-01-23 13:14:56.010574,83.54475,84.132,86.04176
2022-01-23 13:14:56.506709,84.93716,85.318,86.51301
2022-01-23 13:14:57.005174,83.7502,83.97725,86.51301
2022-01-23 13:14:57.501242,84.52377,84.59625,84.90322
2022-01-23 13:14:58.009097,84.00888,84.4415,84.90322
2022-01-23 13:14:58.505379,84.26632,84.90575,85.80614
2022-01-23 13:14:59.003058,84.26632,84.54425,85.80614
2022-01-23 13:14:59.510636,83.64747,84.08,85.68833
2022-01-23 13:15:00.009449,84.62773,84.803,85.68833
2022-01-23 13:15:00.504395,83.90492,84.3895,85.57051
2022-01-23 13:15:01.001931,84.36905,84.54425,85.57051
2022-01-23 13:15:01.506986,84.1636,84.33875,85.37447
2022-01-23 13:15:02.005365,83.80219,84.23475,85.37447
2022-01-23 13:15:02.511026,84.57575,85.0605,85.68833
2022-01-23 13:15:03.009248,83.80219,84.132,85.68833
2022-01-23 13:15:03.504650,84.31831,84.699,85.96354
2022-01-23 13:15:04.002540,83.85417,84.3895,85.96354
2022-01-23 13:15:04.508546,84.42104,84.4415,85.6101
2022-01-23 13:15:05.007456,84.36905,84.699,85.6101
2022-01-23 13:15:05.503520,83.90492,84.3895,85.4527
2022-01-23 13:15:06.001833,84.42104,84.699,85.4527
2022-01-23 13:15:06.508733,84.26632,84.4415,85.09926
2022-01-23 13:15:07.008400,83.80219,84.28675,85.09926
2022-01-23 13:15:07.503935,84.36905,85.16325,85.88531
2022-01-23 13:15:08.002642,83.80219,83.92525,85.88531
2022-01-23 13:15:08.502784,84.47302,84.751,85.33489
2022-01-23 13:15:09.001643,84.11161,84.3895,85.33489
2022-01-23 13:15:09.510571,84.36905,84.803,85.49229
2022-01-23 13:15:10.008651,84.00888,84.3895,85.49229
2022-01-23 13:15:10.505664,84.47302,84.59625,85.84572
2022-01-23 13:15:11.009670,83.39003,83.8225,85.84572
2022-01-23 13:15:11.505370,84.78245,84.751,85.68833
2022-01-23 13:15:12.003991,84.26632,84.59625,85.68833
2022-01-23 13:15:12.501625,84.1636,84.64825,85.84572
2022-01-23 13:15:13.010749,84.26632,84.54425,85.84572
2022-01-23 13:15:13.506937,84.1636,84.4415,85.68833
2022-01-23 13:15:14.007365,84.26632,84.4415,85.68833
2022-01-23 13:15:14.509714,83.90492,84.64825,85.33489
2022-01-23 13:15:15.008307,84.1636,84.23475,85.33489
2022-01-23 13:15:15.505150,84.21434,84.23475,85.88531
2022-01-23 13:15:16.002665,84.36905,84.4935,85.88531
2022-01-23 13:15:16.508743,84.21434,84.4935,85.96354
2022-01-23 13:15:17.007063,84.36905,84.803,85.96354
2022-01-23 13:15:17.511186,84.11161,84.33875,86.47437
2022-01-23 13:15:18.008920,83.9569,84.4935,86.47437
2022-01-23 13:15:18.504944,84.83319,85.1125,85.7675
2022-01-23 13:15:19.003492,83.49276,84.184,85.7675
2022-01-23 13:15:19.508670,84.57575,84.59625,85.64968
2022-01-23 13:15:20.007795,84.11161,84.4415,85.64968
2022-01-23 13:15:20.503609,84.11161,84.59625,85.41406
2022-01-23 13:15:21.002167,84.57575,85.0605,85.41406
2022-01-23 13:15:21.507454,83.59549,84.132,86.3952
2022-01-23 13:15:22.005394,84.05963,84.33875,86.3952
2022-01-23 13:15:22.503595,83.9569,84.59625,85.6101
2022-01-23 13:15:23.001862,84.52377,84.699,85.6101
2022-01-23 13:15:23.509093,84.1636,84.4935,85.64968
2022-01-23 13:15:24.007312,84.42104,84.64825,85.64968
2022-01-23 13:15:24.503107,84.05963,84.3895,85.7675
2022-01-23 13:15:25.011109,84.21434,84.803,85.7675
2022-01-23 13:15:25.505775,84.05963,84.28675,85.33489
2022-01-23 13:15:26.002978,83.9569,84.4935,85.33489
2022-01-23 13:15:26.509945,84.26632,84.28675,85.80614
2022-01-23 13:15:27.006878,84.52377,84.751,85.80614
2022-01-23 13:15:27.504145,83.80219,84.3895,85.49229
2022-01-23 13:15:28.002955,84.57575,84.803,85.49229
2022-01-23 13:15:28.510583,84.05963,84.4935,85.80614
2022-01-23 13:15:29.007689,84.05963,84.23475,85.80614
2022-01-23 13:15:29.502563,84.05963,84.751,85.33489
2022-01-23 13:15:30.010972,83.90492,84.02925,85.33489
2022-01-23 13:15:30.505812,84.47302,84.751,85.88531
2022-01-23 13:15:31.003939,84.1636,84.3895,85.88531
2022-01-23 13:15:31.501204,84.05963,84.28675,85.41406
2022-01-23 13:15:32.009541,84.42104,84.803,85.41406
2022-01-23 13:15:32.503472,83.9569,84.33875,86.08135
2022-01-23 13:15:33.002756,84.11161,84.64825,86.08135
2022-01-23 13:15:33.510188,83.85417,83.8745,85.4527
2022-01-23 13:15:34.008153,83.7502,84.28675,85.4527
2022-01-23 13:15:34.502698,84.67848,84.699,235.4676
2022-01-23 13:15:35.001419,84.11161,84.33875,235.4676
2022-01-23 13:15:35.508035,84.05963,84.28675,216.775
2022-01-23 13:15:36.005723,83.85417,83.92525,216.775
2022-01-23 13:15:36.502781,84.26632,84.64825,151.30989
2022-01-23 13:15:37.001549,83.9569,84.23475,151.30989
2022-01-23 13:15:37.508409,84.36905,84.90575,92.87489
2022-01-23 13:15:38.006753,83.64747,83.7705,92.87489
2022-01-23 13:15:38.501510,84.57575,84.64825,98.45166
2022-01-23 13:15:39.009014,83.9569,84.23475,98.45166
2022-01-23 13:15:39.505916,84.1636,84.4415,89.30187
2022-01-23 13:15:40.004212,84.00888,84.23475,89.30187
2022-01-23 13:15:40.501697,84.26632,84.4935,87.77031
2022-01-23 13:15:41.010734,83.7502,84.3895,87.77031
2022-01-23 13:15:41.505170,84.52377,84.751,85.96354
2022-01-23 13:15:42.003137,84.05963,84.3895,85.96354
2022-01-23 13:15:42.508796,84.1636,84.3895,86.47437
2022-01-23 13:15:43.006402,84.52377,84.90575,86.47437
2022-01-23 13:15:43.501054,83.7502,84.28675,86.31697
2022-01-23 13:15:44.009006,84.36905,84.54425,86.31697
2022-01-23 13:15:44.503196,83.9569,84.54425,85.49229
2022-01-23 13:15:45.505346,84.1636,84.4935,86.98426
2022-01-23 13:15:46.004540,84.21434,84.59625,86.98426
2022-01-23 13:15:46.509799,84.1636,84.4935,85.72791
2022-01-23 13:15:47.008391,84.1636,84.54425,85.72791
2022-01-23 13:15:47.505228,84.36905,84.803,85.25666
2022-01-23 13:15:48.004264,83.49276,84.184,85.25666
2022-01-23 13:15:48.510526,84.73046,84.64825,85.17843
2022-01-23 13:15:49.008533,84.21434,84.59625,85.17843
2022-01-23 13:15:49.504123,84.26632,84.4935,85.53187
2022-01-23 13:15:50.001431,84.42104,84.751,85.53187
2022-01-23 13:15:50.509095,83.85417,84.3895,85.33489
2022-01-23 13:15:51.008619,84.52377,84.85375,85.33489
