時間,回転１,回転２,回転３
2022-01-17 11:00:00.011321,84.47302,85.0085,85.68833
2022-01-17 11:00:00.505847,84.05963,84.33875,85.4527
2022-01-17 11:00:01.002152,83.9569,84.4415,85.4527
2022-01-17 11:00:01.506309,84.11161,84.4935,85.72791
2022-01-17 11:00:02.004517,84.11161,84.64825,85.72791
2022-01-17 11:00:02.502524,84.52377,84.59625,85.92395
2022-01-17 11:00:03.001569,84.00888,84.08,85.92395
2022-01-17 11:00:03.506215,84.05963,84.59625,86.00312
2022-01-17 11:00:04.007480,84.52377,84.59625,86.00312
2022-01-17 11:00:04.505584,83.90492,84.4415,86.12093
2022-01-17 11:00:05.004009,84.11161,84.4935,86.12093
2022-01-17 11:00:05.505760,84.11161,84.699,85.29625
2022-01-17 11:00:06.004912,84.1636,84.28675,85.29625
2022-01-17 11:00:06.510878,84.42104,84.699,86.08135
2022-01-17 11:00:07.009350,83.85417,84.33875,86.08135
2022-01-17 11:00:07.506307,84.57575,84.64825,85.7675
2022-01-17 11:00:08.005672,83.7502,84.4415,85.7675
2022-01-17 11:00:08.501028,84.11161,84.4415,84.90322
2022-01-17 11:00:09.010422,83.69946,84.3895,84.90322
2022-01-17 11:00:09.501668,84.05963,84.28675,86.08135
2022-01-17 11:00:10.008689,84.36905,84.59625,86.08135
2022-01-17 11:00:10.502854,83.9569,84.64825,85.6101
2022-01-17 11:00:11.010479,84.21434,84.59625,85.6101
2022-01-17 11:00:11.504848,84.00888,84.54425,85.57051
2022-01-17 11:00:12.004458,84.52377,84.751,85.57051
2022-01-17 11:00:12.510381,83.7502,84.4935,85.49229
2022-01-17 11:00:13.008328,84.05963,84.33875,85.49229
2022-01-17 11:00:13.504742,84.1636,84.28675,85.6101
2022-01-17 11:00:14.005142,84.00888,84.4415,85.6101
2022-01-17 11:00:14.509538,84.47302,84.90575,84.825
2022-01-17 11:00:15.009522,83.85417,84.4935,84.825
2022-01-17 11:00:15.504642,83.9569,84.33875,86.35656
2022-01-17 11:00:16.004440,83.80219,84.54425,86.35656
2022-01-17 11:00:16.509599,84.52377,84.64825,85.49229
2022-01-17 11:00:17.009186,84.00888,84.3895,85.49229
2022-01-17 11:00:17.505000,84.00888,84.4415,86.15958
2022-01-17 11:00:18.003619,84.1636,84.4415,86.15958
2022-01-17 11:00:18.509249,84.05963,84.64825,86.04176
2022-01-17 11:00:19.008274,84.36905,84.803,86.04176
2022-01-17 11:00:19.504521,83.39003,84.132,85.29625
2022-01-17 11:00:20.001722,84.52377,84.90575,85.29625
2022-01-17 11:00:20.507524,83.90492,84.23475,85.7675
2022-01-17 11:00:21.005467,84.67848,84.90575,85.7675
2022-01-17 11:00:21.501070,83.9569,84.28675,85.84572
2022-01-17 11:00:22.010807,83.85417,84.3895,85.84572
2022-01-17 11:00:22.508631,84.36905,84.699,85.6101
2022-01-17 11:00:23.005561,84.26632,84.95775,85.6101
2022-01-17 11:00:23.501201,83.59549,83.97725,86.27739
2022-01-17 11:00:24.011016,84.21434,84.699,86.27739
2022-01-17 11:00:24.506024,84.11161,84.3895,85.6101
2022-01-17 11:00:25.005055,84.42104,84.54425,85.6101
2022-01-17 11:00:25.501920,84.36905,84.803,85.68833
2022-01-17 11:00:26.010249,83.80219,84.02925,85.68833
2022-01-17 11:00:26.507256,84.11161,84.699,86.12093
2022-01-17 11:00:27.005009,84.36905,84.699,86.12093
2022-01-17 11:00:27.510692,83.54475,84.23475,85.96354
2022-01-17 11:00:28.008234,84.67848,84.95775,85.96354
2022-01-17 11:00:28.503695,84.11161,84.23475,85.37447
2022-01-17 11:00:29.001161,84.42104,84.751,85.37447
2022-01-17 11:00:29.506072,83.90492,84.02925,85.68833
2022-01-17 11:00:30.004815,84.11161,84.803,85.68833
2022-01-17 11:00:30.510280,84.05963,84.33875,86.04176
2022-01-17 11:00:31.010494,84.21434,84.95775,86.04176
2022-01-17 11:00:31.506913,83.80219,84.132,86.12093
2022-01-17 11:00:32.005630,84.73046,85.1125,86.12093
2022-01-17 11:00:32.510803,83.9569,84.132,85.88531
2022-01-17 11:00:33.008229,84.31831,84.4935,85.88531
2022-01-17 11:00:33.503856,84.00888,84.4935,86.08135
2022-01-17 11:00:34.001278,84.31831,84.54425,86.08135
2022-01-17 11:00:34.507728,83.80219,84.3895,87.06343
2022-01-17 11:00:35.006987,84.26632,84.803,87.06343
2022-01-17 11:00:35.505144,84.05963,84.28675,85.88531
2022-01-17 11:00:36.004577,84.21434,84.4415,85.88531
2022-01-17 11:00:36.509114,84.67848,84.64825,85.57051
2022-01-17 11:00:37.007450,83.9569,84.4935,85.57051
2022-01-17 11:00:37.502002,84.21434,84.4415,86.08135
2022-01-17 11:00:38.010581,84.1636,84.59625,86.08135
2022-01-17 11:00:38.507601,83.9569,84.23475,85.64968
2022-01-17 11:00:39.005612,84.00888,84.59625,85.64968
2022-01-17 11:00:39.502748,83.9569,84.23475,85.80614
2022-01-17 11:00:40.007475,83.80219,83.66775,85.80614
2022-01-17 11:00:40.503422,83.7502,84.184,87.37729
2022-01-17 11:00:41.001806,84.9879,85.21525,87.37729
2022-01-17 11:00:41.506379,83.59549,83.97725,237.11697
2022-01-17 11:00:42.005643,83.44078,83.61575,237.11697
2022-01-17 11:00:42.501170,84.21434,84.699,215.59687
2022-01-17 11:00:43.001927,84.31831,84.59625,215.59687
2022-01-17 11:00:43.507823,84.88517,84.90575,138.5475
2022-01-17 11:00:44.008282,83.28607,83.7705,138.5475
2022-01-17 11:00:44.504914,83.9569,84.23475,89.10489
2022-01-17 11:00:45.002242,84.11161,84.59625,89.10489
2022-01-17 11:00:45.507919,84.62773,84.751,95.15291
2022-01-17 11:00:46.006232,83.44078,83.97725,95.15291
2022-01-17 11:00:46.501601,83.59549,83.92525,88.83062
2022-01-17 11:00:47.010754,84.52377,84.54425,88.83062
2022-01-17 11:00:47.505215,84.73046,85.16325,87.73072
2022-01-17 11:00:48.002396,83.64747,83.92525,87.73072
2022-01-17 11:00:48.509418,84.31831,84.85375,86.23875
2022-01-17 11:00:49.004325,83.9569,84.184,86.23875
2022-01-17 11:00:49.510980,84.21434,84.85375,85.68833
2022-01-17 11:00:50.010028,84.47302,85.1125,85.68833
2022-01-17 11:00:50.505700,83.9569,84.23475,86.43479
2022-01-17 11:00:51.004814,84.05963,84.54425,86.43479
2022-01-17 11:00:51.509742,84.31831,84.4935,86.27739
2022-01-17 11:00:52.009158,84.21434,85.0085,86.27739
2022-01-17 11:00:52.506347,83.90492,84.132,87.37729
2022-01-17 11:00:53.008188,84.00888,84.64825,87.37729
2022-01-17 11:00:53.502926,84.31831,84.699,85.4527
2022-01-17 11:00:54.001850,84.1636,84.4935,85.4527
2022-01-17 11:00:54.507159,84.1636,84.699,85.80614
2022-01-17 11:00:55.005453,84.05963,84.4935,85.80614
2022-01-17 11:00:55.503144,84.26632,84.85375,85.53187
2022-01-17 11:00:56.002339,84.36905,84.64825,85.53187
2022-01-17 11:00:56.507724,84.21434,84.803,85.6101
2022-01-17 11:00:57.006802,83.85417,84.184,85.6101
2022-01-17 11:00:57.501903,84.1636,84.751,85.64968
2022-01-17 11:00:58.009910,84.21434,84.4935,85.64968
2022-01-17 11:00:58.506684,84.26632,84.28675,85.80614
2022-01-17 11:00:59.009018,83.90492,84.751,85.80614
2022-01-17 11:00:59.504425,84.26632,84.64825,85.96354
2022-01-17 11:01:00.004487,84.00888,84.59625,85.96354
2022-01-17 11:01:00.510044,84.21434,84.4415,86.31697
2022-01-17 11:01:01.008797,83.9569,84.4935,86.31697
2022-01-17 11:01:01.506280,84.1636,84.54425,85.37447
2022-01-17 11:01:02.002324,84.52377,84.751,85.37447
2022-01-17 11:01:02.507740,83.80219,84.23475,87.06343
2022-01-17 11:01:03.005856,84.31831,84.699,87.06343
2022-01-17 11:01:03.510653,84.05963,84.54425,85.4527
2022-01-17 11:01:04.001768,84.1636,84.85375,85.4527
2022-01-17 11:01:04.506222,83.44078,83.92525,85.96354
2022-01-17 11:01:05.004510,84.36905,84.699,85.96354
2022-01-17 11:01:05.509688,84.31831,84.64825,85.84572
2022-01-17 11:01:06.008630,84.36905,84.803,85.84572
2022-01-17 11:01:06.503774,83.9569,84.3895,85.88531
2022-01-17 11:01:07.002482,83.69946,84.33875,85.88531
2022-01-17 11:01:07.502028,84.67848,85.0085,85.41406
2022-01-17 11:01:08.010669,83.69946,84.184,85.41406
2022-01-17 11:01:08.507031,84.05963,84.54425,85.84572
2022-01-17 11:01:09.004851,84.1636,84.4415,85.84572
2022-01-17 11:01:09.509977,84.1636,84.59625,85.37447
2022-01-17 11:01:10.006671,84.52377,84.64825,85.37447
2022-01-17 11:01:10.503451,83.9569,84.4935,86.19916
2022-01-17 11:01:11.002449,84.1636,84.4415,86.19916
2022-01-17 11:01:11.507900,84.11161,84.59625,85.84572
2022-01-17 11:01:12.006382,84.42104,84.90575,85.84572
2022-01-17 11:01:12.502197,83.80219,84.184,86.23875
2022-01-17 11:01:13.001564,84.36905,84.90575,86.23875
2022-01-17 11:01:13.506984,83.9569,83.92525,85.49229
2022-01-17 11:01:14.010585,84.36905,84.803,85.49229
2022-01-17 11:01:14.506655,84.31831,84.64825,85.7675
2022-01-17 11:01:15.004971,83.59549,84.23475,85.7675
2022-01-17 11:01:15.502444,84.31831,84.751,85.53187
2022-01-17 11:01:16.504760,84.52377,85.0605,85.84572
2022-01-17 11:01:17.003587,83.90492,84.08,85.84572
2022-01-17 11:01:17.508860,84.00888,84.3895,85.21708
2022-01-17 11:01:18.007784,84.1636,84.4415,85.21708
2022-01-17 11:01:18.502024,84.47302,84.803,86.27739
2022-01-17 11:01:19.001147,83.85417,84.28675,86.27739
2022-01-17 11:01:19.508985,83.7502,84.59625,85.88531
2022-01-17 11:01:20.007676,84.36905,84.85375,85.88531
2022-01-17 11:01:20.507592,84.1636,84.4415,86.04176
2022-01-17 11:01:21.006569,84.42104,84.803,86.04176
2022-01-17 11:01:21.502067,84.05963,84.3895,86.15958
2022-01-17 11:01:22.001833,84.36905,84.90575,86.15958
2022-01-17 11:01:22.507441,84.47302,84.699,86.35656
2022-01-17 11:01:23.005895,83.64747,84.132,86.35656
2022-01-17 11:01:23.510566,84.05963,84.4935,86.00312
2022-01-17 11:01:24.008497,84.42104,84.699,86.00312
2022-01-17 11:01:24.504252,83.9569,84.4935,85.72791
2022-01-17 11:01:25.003550,84.11161,84.4415,85.72791
2022-01-17 11:01:25.510663,84.00888,84.54425,85.4527
2022-01-17 11:01:26.009166,84.26632,84.64825,85.4527
2022-01-17 11:01:26.503777,84.05963,84.4415,85.37447
2022-01-17 11:01:27.002495,84.21434,84.751,85.37447
2022-01-17 11:01:27.509559,84.11161,84.28675,85.84572
2022-01-17 11:01:28.007439,84.31831,84.59625,85.84572
2022-01-17 11:01:28.503079,84.31831,84.64825,85.7675
2022-01-17 11:01:29.002597,83.80219,84.33875,85.7675
2022-01-17 11:01:30.005332,83.59549,84.184,85.33489
2022-01-17 11:01:30.502304,84.42104,84.85375,87.06343
2022-01-17 11:01:31.001322,83.85417,84.28675,87.06343
2022-01-17 11:01:31.505880,84.52377,84.85375,85.80614
2022-01-17 11:01:32.006336,84.36905,84.4935,85.80614
2022-01-17 11:01:32.501794,83.80219,84.33875,85.92395
2022-01-17 11:01:33.011284,84.26632,84.803,85.92395
2022-01-17 11:01:33.505573,83.80219,84.23475,85.88531
2022-01-17 11:01:34.003549,84.42104,85.0085,85.88531
2022-01-17 11:01:34.511141,83.64747,84.184,85.96354
2022-01-17 11:01:35.008800,84.57575,84.90575,85.96354
2022-01-17 11:01:35.502691,83.9569,84.02925,85.29625
2022-01-17 11:01:36.001736,84.1636,84.751,85.29625
2022-01-17 11:01:36.509149,84.57575,85.0605,85.68833
2022-01-17 11:01:37.006771,83.7502,84.184,85.68833
2022-01-17 11:01:37.501162,84.26632,84.64825,85.53187
2022-01-17 11:01:38.009118,83.64747,84.28675,85.53187
2022-01-17 11:01:38.506230,84.67848,85.0605,85.96354
2022-01-17 11:01:39.006263,84.11161,84.02925,85.96354
2022-01-17 11:01:39.503260,84.26632,84.85375,85.68833
2022-01-17 11:01:40.002873,83.90492,84.28675,85.68833
2022-01-17 11:01:40.508194,84.1636,84.4935,85.4527
2022-01-17 11:01:41.007143,84.57575,85.16325,85.4527
2022-01-17 11:01:41.503499,83.33805,83.7705,85.53187
2022-01-17 11:01:42.002915,84.42104,84.90575,85.53187
2022-01-17 11:01:42.508782,84.00888,84.23475,85.57051
2022-01-17 11:01:43.001423,84.78245,85.0085,85.57051
2022-01-17 11:01:43.510510,83.54475,83.8745,86.15958
2022-01-17 11:01:44.010877,84.11161,84.59625,86.15958
2022-01-17 11:01:44.506746,84.31831,84.54425,85.25666
2022-01-17 11:01:45.005894,83.9569,84.751,85.25666
2022-01-17 11:01:45.506594,84.00888,84.59625,85.64968
2022-01-17 11:01:46.004924,83.85417,84.08,85.64968
2022-01-17 11:01:46.508880,84.57575,84.90575,86.00312
2022-01-17 11:01:47.006964,84.21434,84.4935,86.00312
2022-01-17 11:01:47.502530,84.42104,84.85375,85.49229
2022-01-17 11:01:48.003259,83.85417,84.08,85.49229
2022-01-17 11:01:48.508179,83.80219,84.23475,86.31697
2022-01-17 11:01:49.005915,84.31831,84.85375,86.31697
2022-01-17 11:01:49.509919,83.69946,84.23475,84.90322
2022-01-17 11:01:50.008230,84.31831,84.751,84.90322
2022-01-17 11:01:50.503905,84.11161,84.23475,86.31697
2022-01-17 11:01:51.007894,84.21434,84.4935,86.31697
2022-01-17 11:01:51.508842,84.57575,85.0605,85.49229
2022-01-17 11:01:52.001743,84.00888,84.3895,85.49229
2022-01-17 11:01:52.503129,84.1636,84.64825,85.72791
2022-01-17 11:01:53.006305,83.44078,84.132,85.72791
2022-01-17 11:01:53.501269,84.57575,84.85375,85.49229
2022-01-17 11:01:54.011137,84.21434,84.4415,85.49229
2022-01-17 11:01:54.506676,83.7502,84.184,85.6101
2022-01-17 11:01:55.005215,84.36905,84.699,85.6101
2022-01-17 11:01:55.511117,84.1636,84.3895,86.08135
2022-01-17 11:01:56.001206,84.26632,84.803,86.08135
2022-01-17 11:01:56.508416,83.7502,84.33875,86.43479
2022-01-17 11:01:57.009336,84.1636,84.699,86.43479
2022-01-17 11:01:57.508694,84.31831,84.4415,85.25666
2022-01-17 11:01:58.006203,84.1636,84.4415,85.25666
2022-01-17 11:01:58.502212,84.47302,84.751,86.35656
2022-01-17 11:01:59.001830,83.69946,84.23475,86.35656
2022-01-17 11:01:59.506860,84.52377,84.699,85.57051
2022-01-17 11:02:00.005648,83.23532,83.8225,85.57051
2022-01-17 11:02:01.507572,84.47302,84.803,85.80614
2022-01-17 11:02:02.004985,83.9569,84.23475,85.80614
2022-01-17 11:02:02.502180,84.05963,84.59625,86.08135
2022-01-17 11:02:03.010943,84.57575,85.0605,86.08135
2022-01-17 11:02:03.509502,83.7502,84.33875,85.29625
2022-01-17 11:02:04.007492,84.1636,84.4415,85.29625
2022-01-17 11:02:04.503232,83.69946,83.97725,85.68833
2022-01-17 11:02:05.002293,84.67848,84.90575,85.68833
2022-01-17 11:02:05.508540,84.05963,84.33875,85.6101
2022-01-17 11:02:06.008000,83.9569,84.4415,85.6101
2022-01-17 11:02:06.502996,83.90492,84.33875,85.64968
2022-01-17 11:02:07.002519,84.21434,84.803,85.64968
2022-01-17 11:02:07.501940,84.52377,84.85375,86.19916
2022-01-17 11:02:08.003528,83.69946,84.184,86.19916
2022-01-17 11:02:08.509369,84.36905,84.4935,85.29625
2022-01-17 11:02:09.009023,84.11161,84.28675,85.29625
2022-01-17 11:02:09.504253,84.42104,84.90575,86.19916
2022-01-17 11:02:10.009666,83.9569,84.54425,86.19916
2022-01-17 11:02:10.503498,83.90492,84.4935,85.53187
2022-01-17 11:02:11.002417,84.21434,84.4935,85.53187
2022-01-17 11:02:11.507334,83.85417,84.33875,85.57051
2022-01-17 11:02:12.007436,84.73046,84.95775,85.57051
2022-01-17 11:02:12.503979,83.9569,84.132,85.68833
2022-01-17 11:02:13.003454,84.05963,84.3895,85.68833
2022-01-17 11:02:13.510873,84.11161,84.699,85.41406
2022-01-17 11:02:14.009296,84.05963,84.3895,85.41406
2022-01-17 11:02:14.504944,84.11161,84.59625,85.29625
2022-01-17 11:02:15.002301,83.80219,84.4415,85.29625
2022-01-17 11:02:15.508074,84.11161,84.28675,85.53187
2022-01-17 11:02:16.006389,84.62773,84.85375,85.53187
2022-01-17 11:02:16.503292,84.05963,84.3895,86.47437
2022-01-17 11:02:17.009338,84.26632,84.85375,86.47437
2022-01-17 11:02:17.503903,83.90492,84.132,85.41406
2022-01-17 11:02:18.001451,84.42104,84.95775,85.41406
2022-01-17 11:02:18.506135,83.80219,84.23475,86.31697
2022-01-17 11:02:19.004129,84.1636,84.59625,86.31697
2022-01-17 11:02:19.509931,84.11161,84.3895,85.72791
2022-01-17 11:02:20.007890,84.21434,84.4935,85.72791
2022-01-17 11:02:20.501883,84.31831,84.699,86.04176
2022-01-17 11:02:21.010713,84.00888,84.3895,86.04176
2022-01-17 11:02:21.507876,84.31831,84.95775,85.37447
2022-01-17 11:02:22.005755,83.85417,84.28675,85.37447
2022-01-17 11:02:22.506642,84.1636,84.699,84.94281
2022-01-17 11:02:23.006298,84.36905,84.85375,84.94281
2022-01-17 11:02:23.503310,84.00888,84.184,85.72791
2022-01-17 11:02:24.010645,84.31831,84.803,85.72791
2022-01-17 11:02:24.505485,83.85417,84.28675,86.27739
2022-01-17 11:02:25.002733,84.21434,84.59625,86.27739
2022-01-17 11:02:25.508877,83.85417,84.33875,85.33489
2022-01-17 11:02:26.006088,84.11161,84.803,85.33489
2022-01-17 11:02:26.502646,83.49276,83.97725,85.88531
2022-01-17 11:02:27.010341,84.67848,84.95775,85.88531
2022-01-17 11:02:27.506595,84.31831,84.4935,85.6101
2022-01-17 11:02:28.004794,84.05963,84.4415,85.6101
2022-01-17 11:02:28.509843,84.42104,84.803,85.7675
2022-01-17 11:02:29.010571,83.64747,83.97725,85.7675
2022-01-17 11:02:29.508038,84.52377,85.0605,85.92395
2022-01-17 11:02:30.006409,83.64747,84.4935,85.92395
2022-01-17 11:02:30.505749,84.31831,84.59625,86.08135
2022-01-17 11:02:31.004378,84.26632,84.54425,86.08135
2022-01-17 11:02:31.502490,84.05963,84.54425,85.6101
2022-01-17 11:02:32.001037,84.26632,84.699,85.6101
2022-01-17 11:02:32.511276,84.05963,84.4935,85.57051
2022-01-17 11:02:33.008964,84.11161,84.4415,85.57051
2022-01-17 11:02:33.504440,83.7502,84.4935,85.57051
2022-01-17 11:02:34.005692,84.47302,84.85375,85.57051
2022-01-17 11:02:34.505410,83.90492,84.184,85.6101
2022-01-17 11:02:35.005255,84.21434,84.59625,85.6101
2022-01-17 11:02:35.501289,84.36905,84.751,85.92395
2022-01-17 11:02:36.008024,83.7502,84.28675,85.92395
2022-01-17 11:02:36.503500,84.73046,85.1125,85.25666
2022-01-17 11:02:37.001782,83.49276,84.08,85.25666
2022-01-17 11:02:37.506737,84.05963,84.33875,86.51301
2022-01-17 11:02:38.006129,84.26632,84.699,86.51301
2022-01-17 11:02:38.510599,84.1636,84.33875,86.12093
2022-01-17 11:02:39.008771,84.00888,84.4415,86.12093
2022-01-17 11:02:39.503840,84.05963,84.4415,85.6101
2022-01-17 11:02:40.002485,84.36905,84.64825,85.6101
2022-01-17 11:02:40.507117,84.21434,84.85375,85.72791
2022-01-17 11:02:41.004863,84.21434,84.54425,85.72791
2022-01-17 11:02:41.508602,83.7502,84.23475,85.25666
2022-01-17 11:02:42.006654,84.00888,84.132,85.25666
2022-01-17 11:02:42.501253,84.93716,85.37,85.49229
2022-01-17 11:02:43.009786,83.59549,83.97725,85.49229
2022-01-17 11:02:43.502099,84.52377,84.85375,86.12093
2022-01-17 11:02:44.004141,83.59549,84.02925,86.12093
2022-01-17 11:02:44.509220,84.83319,85.1125,85.68833
2022-01-17 11:02:45.008723,83.9569,84.59625,85.68833
2022-01-17 11:02:45.504113,84.05963,84.23475,86.00312
2022-01-17 11:02:46.001762,84.42104,84.751,86.00312
2022-01-17 11:02:46.508256,84.00888,84.4415,85.64968
2022-01-17 11:02:47.005871,84.31831,84.751,85.64968
2022-01-17 11:02:47.500982,84.00888,84.33875,85.13885
2022-01-17 11:02:48.009773,84.1636,84.54425,85.13885
2022-01-17 11:02:48.505159,83.80219,84.3895,85.29625
2022-01-17 11:02:49.004179,84.62773,84.803,85.29625
2022-01-17 11:02:49.502213,84.26632,84.3895,85.64968
2022-01-17 11:02:50.001118,83.90492,84.3895,85.64968
2022-01-17 11:02:50.506763,84.26632,84.59625,85.29625
2022-01-17 11:02:51.005252,83.7502,84.132,85.29625
2022-01-17 11:02:51.510779,84.57575,84.90575,85.57051
2022-01-17 11:02:52.009415,83.49276,84.08,85.57051
2022-01-17 11:02:52.504842,84.26632,84.54425,86.19916
2022-01-17 11:02:53.005095,84.11161,84.33875,86.19916
2022-01-17 11:02:53.510253,84.52377,84.803,85.13885
2022-01-17 11:02:54.008680,84.11161,84.54425,85.13885
2022-01-17 11:02:54.503527,83.54475,83.97725,86.15958
2022-01-17 11:02:55.003645,84.42104,84.751,86.15958
2022-01-17 11:02:55.510211,83.64747,84.28675,85.64968
2022-01-17 11:02:56.008533,84.26632,84.54425,85.64968
2022-01-17 11:02:56.504187,84.00888,84.4415,86.27739
2022-01-17 11:02:57.003586,84.26632,84.4935,86.27739
2022-01-17 11:02:57.507909,84.21434,84.54425,85.41406
2022-01-17 11:02:58.006662,83.80219,84.3895,85.41406
2022-01-17 11:02:58.503276,84.42104,84.699,85.33489
2022-01-17 11:02:59.001359,83.54475,84.132,85.33489
2022-01-17 11:02:59.507199,84.21434,84.54425,85.4527
2022-01-17 11:03:00.004729,83.90492,84.4415,85.4527
2022-01-17 11:03:00.503764,84.57575,84.85375,85.88531
2022-01-17 11:03:01.002279,84.42104,84.699,85.88531
2022-01-17 11:03:01.509605,84.11161,84.3895,86.51301
2022-01-17 11:03:02.007121,83.7502,84.184,86.51301
2022-01-17 11:03:02.504704,83.80219,84.23475,86.08135
2022-01-17 11:03:03.001832,84.31831,84.64825,86.08135
2022-01-17 11:03:03.505568,83.18334,83.71975,238.01989
2022-01-17 11:03:04.005127,84.05963,84.23475,238.01989
2022-01-17 11:03:04.501396,84.52377,84.699,217.95312
2022-01-17 11:03:05.009411,84.47302,84.699,217.95312
2022-01-17 11:03:05.504657,83.90492,84.132,169.57083
2022-01-17 11:03:06.002965,83.59549,83.8745,169.57083
2022-01-17 11:03:06.508492,84.31831,84.64825,109.52604
2022-01-17 11:03:07.007143,84.11161,84.751,109.52604
2022-01-17 11:03:07.502514,83.90492,84.08,93.3075
2022-01-17 11:03:08.001313,84.11161,84.23475,93.3075
2022-01-17 11:03:08.508246,83.69946,83.7705,93.42531
2022-01-17 11:03:09.006154,84.93716,85.21525,93.42531
2022-01-17 11:03:09.501747,84.05963,84.54425,87.84854
2022-01-17 11:03:10.009684,83.9569,84.33875,87.84854
2022-01-17 11:03:10.506216,84.00888,84.699,86.12093
2022-01-17 11:03:11.005861,83.9569,84.33875,86.12093
2022-01-17 11:03:11.503544,84.62773,85.1125,86.63083
2022-01-17 11:03:12.001146,84.11161,84.54425,86.63083
2022-01-17 11:03:12.506199,84.00888,84.4415,86.19916
2022-01-17 11:03:13.004427,83.85417,84.4935,86.19916
2022-01-17 11:03:13.510947,84.62773,84.95775,86.47437
2022-01-17 11:03:14.009180,84.00888,84.59625,86.47437
2022-01-17 11:03:14.506189,83.9569,84.28675,86.35656
2022-01-17 11:03:15.004057,83.85417,84.54425,86.35656
2022-01-17 11:03:15.510264,84.31831,84.64825,86.00312
2022-01-17 11:03:16.006850,84.52377,84.85375,86.00312
2022-01-17 11:03:16.501786,83.90492,84.3895,86.08135
2022-01-17 11:03:17.009016,84.36905,84.64825,86.08135
2022-01-17 11:03:17.505724,83.85417,84.33875,85.96354
2022-01-17 11:03:18.002225,84.42104,84.751,85.96354
2022-01-17 11:03:18.508409,83.7502,84.33875,85.4527
2022-01-17 11:03:19.008801,84.05963,84.28675,85.4527
2022-01-17 11:03:19.503545,84.21434,84.3895,85.64968
2022-01-17 11:03:20.010957,84.1636,84.751,85.64968
2022-01-17 11:03:20.508499,84.26632,84.4415,86.15958
2022-01-17 11:03:21.006139,83.90492,84.4935,86.15958
2022-01-17 11:03:21.511067,84.47302,84.699,85.80614
2022-01-17 11:03:22.008612,83.59549,84.3895,85.80614
2022-01-17 11:03:22.505449,84.57575,84.803,86.19916
2022-01-17 11:03:23.007517,84.36905,84.4415,86.19916
2022-01-17 11:03:23.501278,83.85417,84.4415,85.4527
2022-01-17 11:03:24.001364,84.00888,84.23475,85.4527
2022-01-17 11:03:24.508754,84.11161,84.64825,85.92395
2022-01-17 11:03:25.006420,84.42104,84.54425,85.92395
2022-01-17 11:03:25.501798,84.00888,84.95775,85.96354
2022-01-17 11:03:26.010781,84.05963,84.23475,85.96354
2022-01-17 11:03:26.506633,84.31831,84.4415,85.33489
2022-01-17 11:03:27.005388,84.52377,84.90575,85.33489
2022-01-17 11:03:27.501865,84.1636,84.59625,85.6101
2022-01-17 11:03:28.010570,83.90492,84.3895,85.6101
2022-01-17 11:03:28.504772,84.36905,84.3895,85.53187
2022-01-17 11:03:29.005799,83.80219,84.54425,85.53187
2022-01-17 11:03:29.503227,84.57575,84.90575,85.41406
2022-01-17 11:03:30.003366,83.7502,84.08,85.41406
2022-01-17 11:03:30.503889,84.26632,84.54425,86.27739
2022-01-17 11:03:31.006972,84.47302,84.803,86.27739
2022-01-17 11:03:31.502676,83.80219,84.3895,85.4527
2022-01-17 11:03:32.004230,84.47302,84.803,85.4527
2022-01-17 11:03:32.508363,83.80219,84.4935,86.15958
2022-01-17 11:03:33.006891,83.85417,84.23475,86.15958
2022-01-17 11:03:33.504604,84.42104,84.803,85.49229
2022-01-17 11:03:34.008105,84.05963,84.23475,85.49229
2022-01-17 11:03:34.504474,84.47302,84.59625,86.04176
2022-01-17 11:03:35.004575,83.90492,84.4415,86.04176
2022-01-17 11:03:35.503412,84.05963,84.3895,85.4527
2022-01-17 11:03:36.002362,84.21434,84.85375,85.4527
2022-01-17 11:03:36.508095,84.26632,84.64825,85.7675
2022-01-17 11:03:37.009598,83.85417,84.4415,85.7675
2022-01-17 11:03:37.507324,84.26632,84.4415,85.53187
2022-01-17 11:03:38.005834,84.73046,84.90575,85.53187
2022-01-17 11:03:38.511129,84.11161,84.4935,85.6101
2022-01-17 11:03:39.009149,84.00888,84.184,85.6101
2022-01-17 11:03:39.506232,83.9569,84.59625,85.68833
2022-01-17 11:03:40.009235,84.21434,84.64825,85.68833
2022-01-17 11:03:40.505181,84.00888,84.64825,85.53187
2022-01-17 11:03:41.003271,84.21434,84.4415,85.53187
2022-01-17 11:03:41.508397,84.11161,84.4415,86.47437
2022-01-17 11:03:42.007335,84.42104,84.803,86.47437
2022-01-17 11:03:42.502341,84.26632,84.54425,86.08135
2022-01-17 11:03:43.010665,83.90492,84.4935,86.08135
2022-01-17 11:03:43.508173,84.11161,84.3895,85.06062
2022-01-17 11:03:44.005351,83.64747,84.4935,85.06062
2022-01-17 11:03:44.503469,84.36905,84.59625,85.80614
2022-01-17 11:03:45.003117,83.90492,84.184,85.80614
2022-01-17 11:03:45.508443,84.05963,84.59625,85.6101
2022-01-17 11:03:46.007440,84.1636,84.33875,85.6101
2022-01-17 11:03:46.503717,83.9569,84.64825,85.33489
2022-01-17 11:03:47.002304,84.52377,84.64825,85.33489
2022-01-17 11:03:47.508595,83.90492,84.4935,85.64968
2022-01-17 11:03:48.006243,84.05963,84.54425,85.64968
2022-01-17 11:03:48.502559,84.11161,84.4415,86.3952
2022-01-17 11:03:49.002725,84.52377,84.803,86.3952
2022-01-17 11:03:49.508982,84.1636,84.28675,85.4527
2022-01-17 11:03:50.006675,84.05963,84.64825,85.4527
2022-01-17 11:03:50.504995,83.9569,84.28675,86.27739
2022-01-17 11:03:51.005204,84.26632,84.803,86.27739
2022-01-17 11:03:51.510982,84.05963,84.3895,85.33489
2022-01-17 11:03:52.009630,83.9569,84.54425,85.33489
2022-01-17 11:03:52.504870,84.26632,84.4935,85.7675
2022-01-17 11:03:53.002130,84.31831,84.59625,85.7675
2022-01-17 11:03:53.509457,84.1636,84.64825,85.92395
2022-01-17 11:03:54.010859,84.1636,84.33875,85.92395
2022-01-17 11:03:54.506249,83.9569,84.4415,85.49229
2022-01-17 11:03:55.005304,84.05963,84.4935,85.49229
2022-01-17 11:03:55.504436,83.85417,84.59625,85.68833
2022-01-17 11:03:56.001844,84.11161,84.59625,85.68833
2022-01-17 11:03:56.507735,84.47302,84.4935,85.21708
2022-01-17 11:03:57.005810,83.90492,84.28675,85.21708
2022-01-17 11:03:57.511187,84.21434,84.59625,85.4527
2022-01-17 11:03:58.009252,84.42104,84.90575,85.4527
2022-01-17 11:03:58.506312,84.1636,84.4935,86.00312
2022-01-17 11:03:59.006463,83.9569,84.4935,86.00312
2022-01-17 11:03:59.502917,83.9569,84.28675,85.80614
2022-01-17 11:04:00.001694,84.36905,84.4935,85.80614
2022-01-17 11:04:00.507559,84.00888,84.54425,85.29625
2022-01-17 11:04:01.004558,84.11161,84.4935,85.29625
2022-01-17 11:04:01.509661,84.00888,84.54425,85.96354
2022-01-17 11:04:02.008734,84.36905,84.54425,85.96354
2022-01-17 11:04:02.504595,84.05963,84.699,85.7675
2022-01-17 11:04:03.002707,84.11161,84.4935,85.7675
2022-01-17 11:04:03.508839,84.1636,84.184,85.21708
2022-01-17 11:04:04.006467,84.00888,84.3895,85.21708
2022-01-17 11:04:04.509760,84.62773,84.85375,85.53187
2022-01-17 11:04:05.009116,83.7502,84.28675,85.53187
2022-01-17 11:04:05.504028,84.1636,84.23475,85.33489
2022-01-17 11:04:06.002874,84.1636,84.803,85.33489
2022-01-17 11:04:06.508065,84.31831,84.803,85.92395
2022-01-17 11:04:07.007913,83.90492,84.08,85.92395
2022-01-17 11:04:07.501139,84.57575,84.751,86.19916
2022-01-17 11:04:08.009619,83.9569,84.184,86.19916
2022-01-17 11:04:08.504583,84.11161,84.90575,85.37447
2022-01-17 11:04:09.002207,84.47302,84.751,85.37447
2022-01-17 11:04:09.509207,83.64747,84.132,85.80614
2022-01-17 11:04:10.006604,84.67848,84.95775,85.80614
2022-01-17 11:04:10.510741,83.64747,84.23475,86.15958
2022-01-17 11:04:11.009805,84.57575,85.0605,86.15958
2022-01-17 11:04:11.505568,84.21434,84.184,85.49229
2022-01-17 11:04:12.004246,84.11161,84.751,85.49229
2022-01-17 11:04:13.004994,84.00888,84.54425,85.21708
2022-01-17 11:04:13.508817,84.42104,84.90575,85.6101
2022-01-17 11:04:14.007577,83.80219,84.23475,85.6101
2022-01-17 11:04:14.510998,84.11161,84.3895,85.17843
2022-01-17 11:04:15.009821,84.11161,84.184,85.17843
2022-01-17 11:04:15.505531,84.26632,84.85375,86.19916
2022-01-17 11:04:16.003106,84.11161,84.4415,86.19916
2022-01-17 11:04:16.508520,83.80219,84.23475,85.72791
2022-01-17 11:04:17.007748,84.21434,84.4415,85.72791
2022-01-17 11:04:17.504049,83.90492,84.59625,85.29625
2022-01-17 11:04:18.005915,84.11161,84.54425,85.29625
2022-01-17 11:04:18.501149,84.42104,84.4415,86.27739
2022-01-17 11:04:19.008985,84.05963,84.4935,86.27739
2022-01-17 11:04:19.503013,84.00888,84.33875,85.25666
2022-01-17 11:04:20.003497,84.47302,84.95775,85.25666
2022-01-17 11:04:20.507406,83.85417,84.184,85.37447
2022-01-17 11:04:21.007226,83.9569,84.699,85.37447
2022-01-17 11:04:21.503358,83.90492,84.33875,85.92395
2022-01-17 11:04:22.002375,84.36905,84.699,85.92395
2022-01-17 11:04:22.510006,84.31831,84.85375,85.64968
2022-01-17 11:04:23.008848,84.21434,84.59625,85.64968
2022-01-17 11:04:23.504838,83.85417,84.28675,85.53187
2022-01-17 11:04:24.003076,84.31831,84.4935,85.53187
2022-01-17 11:04:24.508165,83.9569,84.54425,85.33489
2022-01-17 11:04:25.006233,84.21434,84.699,85.33489
2022-01-17 11:04:25.501130,83.90492,84.23475,85.68833
2022-01-17 11:04:26.009318,83.9569,84.54425,85.68833
2022-01-17 11:04:26.504292,84.52377,84.59625,86.04176
2022-01-17 11:04:27.003553,84.05963,84.803,86.04176
2022-01-17 11:04:27.510803,84.36905,84.54425,86.00312
2022-01-17 11:04:28.009809,83.9569,84.33875,86.00312
2022-01-17 11:04:28.504686,84.42104,84.803,85.7675
2022-01-17 11:04:29.002353,83.85417,84.132,85.7675
2022-01-17 11:04:29.507924,84.31831,84.751,86.04176
2022-01-17 11:04:30.005808,83.69946,83.97725,86.04176
2022-01-17 11:04:30.503087,84.26632,84.803,85.17843
2022-01-17 11:04:31.001643,84.42104,84.85375,85.17843
2022-01-17 11:04:31.509705,83.9569,84.54425,85.88531
2022-01-17 11:04:32.008124,84.26632,84.4415,85.88531
2022-01-17 11:04:32.503654,83.64747,84.08,85.64968
2022-01-17 11:04:33.001715,84.31831,84.751,85.64968
2022-01-17 11:04:33.507912,84.31831,84.4935,85.7675
2022-01-17 11:04:34.005927,84.05963,84.59625,85.7675
2022-01-17 11:04:34.506001,84.00888,84.23475,86.3952
2022-01-17 11:04:35.004658,83.69946,84.184,86.3952
2022-01-17 11:04:35.506619,84.88517,85.318,85.49229
2022-01-17 11:04:36.007013,83.33805,83.97725,85.49229
2022-01-17 11:04:36.502252,84.62773,85.0605,85.29625
2022-01-17 11:04:37.011013,83.85417,83.92525,85.29625
2022-01-17 11:04:37.503201,84.47302,84.95775,85.88531
2022-01-17 11:04:38.011150,84.26632,84.64825,85.88531
2022-01-17 11:04:38.506662,84.26632,84.64825,86.43479
2022-01-17 11:04:39.005523,84.05963,84.23475,86.43479
2022-01-17 11:04:39.510798,83.80219,84.4415,84.70718
2022-01-17 11:04:40.009489,84.42104,84.90575,84.70718
2022-01-17 11:04:40.505971,84.11161,84.28675,86.08135
2022-01-17 11:04:41.005903,84.26632,84.751,86.08135
2022-01-17 11:04:41.511296,84.05963,84.184,85.29625
2022-01-17 11:04:42.009541,84.1636,84.85375,85.29625
2022-01-17 11:04:42.504738,84.21434,84.699,85.68833
2022-01-17 11:04:43.005160,83.90492,84.23475,85.68833
2022-01-17 11:04:43.506482,84.31831,84.751,85.88531
2022-01-17 11:04:44.005630,83.7502,84.184,85.88531
2022-01-17 11:04:44.510275,84.78245,85.0085,85.53187
2022-01-17 11:04:45.003869,83.85417,84.02925,85.53187
2022-01-17 11:04:45.503597,84.47302,85.16325,85.72791
2022-01-17 11:04:46.002525,83.64747,84.184,85.72791
2022-01-17 11:04:46.508023,83.9569,84.4415,85.64968
2022-01-17 11:04:47.006689,84.21434,84.699,85.64968
2022-01-17 11:04:47.501868,83.85417,84.59625,85.88531
2022-01-17 11:04:48.010758,84.52377,84.803,85.88531
2022-01-17 11:04:48.505804,84.21434,84.184,85.37447
2022-01-17 11:04:49.004802,84.42104,84.85375,85.37447
2022-01-17 11:04:49.504299,84.31831,84.699,85.68833
2022-01-17 11:04:50.003129,83.80219,84.132,85.68833
2022-01-17 11:04:50.508045,84.05963,84.54425,85.13885
2022-01-17 11:04:51.006666,83.9569,84.4935,85.13885
2022-01-17 11:04:51.510960,84.31831,84.90575,85.7675
2022-01-17 11:04:52.009379,84.36905,84.23475,85.7675
2022-01-17 11:04:52.503515,84.00888,84.3895,85.80614
2022-01-17 11:04:53.005236,84.21434,84.59625,85.80614
2022-01-17 11:04:53.507333,84.00888,84.33875,85.49229
2022-01-17 11:04:54.006878,84.31831,84.699,85.49229
2022-01-17 11:04:54.502981,83.44078,84.132,85.64968
2022-01-17 11:04:55.001768,84.42104,84.699,85.64968
2022-01-17 11:04:55.508661,84.11161,84.33875,85.92395
2022-01-17 11:04:56.007790,84.31831,84.59625,85.92395
2022-01-17 11:04:56.507261,83.90492,84.28675,85.37447
2022-01-17 11:04:57.005078,84.26632,84.59625,85.37447
2022-01-17 11:04:57.510164,84.11161,84.4935,85.84572
2022-01-17 11:04:58.010591,83.80219,84.4415,85.84572
2022-01-17 11:04:58.506900,84.36905,84.85375,85.80614
2022-01-17 11:04:59.006235,83.85417,84.184,85.80614
2022-01-17 11:04:59.511005,84.42104,84.90575,85.88531
2022-01-17 11:05:00.008734,84.11161,84.4935,85.88531
2022-01-17 11:05:00.508152,84.1636,84.54425,85.49229
2022-01-17 11:05:01.005904,84.1636,84.4935,85.49229
2022-01-17 11:05:01.502232,83.80219,84.184,85.53187
2022-01-17 11:05:02.001984,84.52377,85.21525,85.53187
2022-01-17 11:05:03.006040,84.52377,84.64825,86.27739
2022-01-17 11:05:03.501623,83.64747,83.8745,85.53187
2022-01-17 11:05:04.007726,84.52377,85.1125,85.53187
2022-01-17 11:05:04.503041,84.00888,84.28675,85.72791
2022-01-17 11:05:05.002653,84.26632,84.54425,85.72791
2022-01-17 11:05:05.510188,84.1636,84.64825,86.3952
2022-01-17 11:05:06.008933,83.7502,84.28675,86.3952
2022-01-17 11:05:06.503448,84.42104,84.803,85.80614
2022-01-17 11:05:07.011016,83.80219,83.97725,85.80614
2022-01-17 11:05:07.507696,84.57575,84.90575,85.57051
2022-01-17 11:05:08.008964,84.00888,84.3895,85.57051
2022-01-17 11:05:08.502949,84.1636,84.59625,86.08135
2022-01-17 11:05:09.000976,84.1636,84.64825,86.08135
2022-01-17 11:05:09.509253,83.9569,84.4935,86.04176
2022-01-17 11:05:10.007135,84.31831,84.4935,86.04176
2022-01-17 11:05:10.511106,84.05963,84.3895,85.21708
2022-01-17 11:05:11.008740,84.05963,84.4415,85.21708
2022-01-17 11:05:11.503992,84.21434,84.59625,85.96354
2022-01-17 11:05:12.001939,84.1636,84.64825,85.96354
2022-01-17 11:05:12.506763,84.00888,84.54425,85.80614
2022-01-17 11:05:13.003247,83.90492,84.59625,85.80614
2022-01-17 11:05:13.508025,84.47302,84.85375,85.88531
2022-01-17 11:05:14.005335,84.11161,84.132,85.88531
2022-01-17 11:05:14.510592,84.05963,84.59625,86.90604
2022-01-17 11:05:15.010275,84.26632,84.64825,86.90604
2022-01-17 11:05:15.504883,83.9569,84.28675,85.92395
2022-01-17 11:05:16.003479,84.1636,84.59625,85.92395
2022-01-17 11:05:16.511009,83.85417,84.54425,86.23875
2022-01-17 11:05:17.008083,84.11161,84.64825,86.23875
2022-01-17 11:05:17.504047,84.67848,85.0605,86.00312
2022-01-17 11:05:18.002364,83.80219,84.02925,86.00312
2022-01-17 11:05:18.508200,84.52377,84.90575,85.68833
2022-01-17 11:05:19.006541,83.7502,84.23475,85.68833
2022-01-17 11:05:19.503138,84.67848,85.0085,85.88531
2022-01-17 11:05:20.001780,83.59549,84.08,85.88531
2022-01-17 11:05:20.509798,84.26632,84.59625,85.49229
2022-01-17 11:05:21.008886,83.80219,84.23475,85.49229
2022-01-17 11:05:21.502489,84.42104,84.699,85.41406
2022-01-17 11:05:22.010167,84.36905,84.54425,85.41406
2022-01-17 11:05:22.505235,83.9569,84.59625,85.37447
2022-01-17 11:05:23.004040,84.26632,84.85375,85.37447
2022-01-17 11:05:23.511020,83.49276,83.97725,85.7675
2022-01-17 11:05:24.009888,84.57575,85.0085,85.7675
2022-01-17 11:05:24.504818,83.59549,84.23475,85.49229
2022-01-17 11:05:25.005608,83.44078,83.41025,85.49229
2022-01-17 11:05:25.501328,83.9569,83.97725,148.915
2022-01-17 11:05:26.009516,84.67848,84.85375,148.915
2022-01-17 11:05:26.506295,84.11161,84.4935,236.48833
2022-01-17 11:05:27.005449,83.64747,84.08,236.48833
2022-01-17 11:05:27.511020,84.11161,84.3895,204.05125
2022-01-17 11:05:28.009381,83.28607,83.71975,204.05125
2022-01-17 11:05:28.504193,84.78245,85.21525,128.25822
2022-01-17 11:05:29.002046,83.69946,83.7705,128.25822
2022-01-17 11:05:29.509591,84.26632,84.3895,89.14447
2022-01-17 11:05:30.007484,83.9569,84.23475,89.14447
2022-01-17 11:05:30.502112,84.11161,84.4935,96.25281
2022-01-17 11:05:31.001394,84.47302,85.0085,96.25281
2022-01-17 11:05:31.507216,82.97664,83.513,89.34051
2022-01-17 11:05:32.005252,85.14262,85.422,89.34051
2022-01-17 11:05:32.510386,83.80219,84.184,86.15958
2022-01-17 11:05:33.008603,84.21434,84.64825,86.15958
2022-01-17 11:05:33.505202,84.36905,84.699,87.02385
2022-01-17 11:05:34.003529,84.26632,84.3895,87.02385
2022-01-17 11:05:34.509438,84.05963,84.4935,86.27739
2022-01-17 11:05:35.008198,84.05963,84.64825,86.27739
2022-01-17 11:05:35.503678,84.21434,84.64825,86.59218
2022-01-17 11:05:36.010623,83.85417,84.132,86.59218
2022-01-17 11:05:36.506273,84.11161,84.33875,86.35656
2022-01-17 11:05:37.005677,84.42104,84.54425,86.35656
2022-01-17 11:05:37.501313,84.1636,84.699,87.3377
2022-01-17 11:05:38.011050,84.57575,85.0085,87.3377
2022-01-17 11:05:38.508044,83.90492,84.184,86.08135
2022-01-17 11:05:39.005572,84.1636,84.54425,86.08135
2022-01-17 11:05:39.501742,84.05963,84.751,87.29906
2022-01-17 11:05:40.010336,84.11161,84.23475,87.29906
2022-01-17 11:05:40.504023,84.31831,84.4415,85.4527
2022-01-17 11:05:41.001153,84.00888,84.28675,85.4527
2022-01-17 11:05:41.506901,84.21434,84.85375,85.88531
2022-01-17 11:05:42.005656,84.05963,84.4415,85.88531
2022-01-17 11:05:42.502918,84.42104,84.95775,85.53187
2022-01-17 11:05:43.009842,83.80219,84.28675,85.53187
2022-01-17 11:05:43.505359,84.42104,84.699,85.68833
2022-01-17 11:05:44.004384,84.11161,84.33875,85.68833
2022-01-17 11:05:44.502367,84.00888,84.4415,86.00312
2022-01-17 11:05:45.001341,84.47302,85.0085,86.00312
2022-01-17 11:05:45.507421,83.59549,84.184,85.96354
2022-01-17 11:05:46.004745,84.52377,84.85375,85.96354
2022-01-17 11:05:46.503363,84.00888,84.64825,86.59218
2022-01-17 11:05:47.001162,84.36905,84.751,86.59218
2022-01-17 11:05:47.505707,84.1636,84.54425,85.96354
2022-01-17 11:05:48.003555,84.00888,84.33875,85.96354
2022-01-17 11:05:48.509691,84.31831,84.95775,85.64968
2022-01-17 11:05:49.009657,84.00888,84.54425,85.64968
2022-01-17 11:05:49.505356,84.36905,84.699,86.12093
2022-01-17 11:05:50.003826,83.59549,84.08,86.12093
2022-01-17 11:05:50.508609,84.73046,85.0605,86.23875
2022-01-17 11:05:51.006609,83.9569,84.28675,86.23875
2022-01-17 11:05:51.502886,84.36905,84.803,85.6101
2022-01-17 11:05:52.001931,84.00888,84.3895,85.6101
2022-01-17 11:05:52.507890,83.9569,84.4935,85.72791
2022-01-17 11:05:53.005819,84.47302,84.95775,85.72791
2022-01-17 11:05:54.005109,84.67848,84.85375,85.41406
2022-01-17 11:05:54.502409,83.28607,83.71975,85.17843
2022-01-17 11:05:55.504123,84.1636,84.64825,85.29625
2022-01-17 11:05:56.002608,84.11161,84.4935,85.29625
2022-01-17 11:05:56.508761,84.26632,84.751,86.04176
2022-01-17 11:05:57.006459,83.80219,84.28675,86.04176
2022-01-17 11:05:57.501982,84.36905,84.90575,85.64968
2022-01-17 11:05:58.010182,84.05963,84.59625,85.64968
2022-01-17 11:05:58.505009,84.57575,84.64825,86.04176
2022-01-17 11:05:59.004162,84.05963,84.28675,86.04176
2022-01-17 11:05:59.509274,84.31831,84.90575,85.6101
2022-01-17 11:06:00.007757,84.1636,84.54425,85.6101
2022-01-17 11:06:00.502937,83.80219,84.28675,85.49229
2022-01-17 11:06:01.002183,84.21434,84.699,85.49229
2022-01-17 11:06:01.507408,83.49276,84.28675,85.7675
2022-01-17 11:06:02.005684,84.57575,84.90575,85.7675
2022-01-17 11:06:02.510682,84.21434,84.4415,86.23875
2022-01-17 11:06:03.009848,84.42104,84.803,86.23875
2022-01-17 11:06:03.503500,83.9569,84.4415,85.64968
2022-01-17 11:06:04.001595,83.7502,84.184,85.64968
2022-01-17 11:06:04.507405,84.21434,84.59625,85.7675
2022-01-17 11:06:05.005770,83.9569,84.64825,85.7675
2022-01-17 11:06:05.510813,84.11161,84.4935,86.19916
2022-01-17 11:06:06.009880,84.26632,84.54425,86.19916
2022-01-17 11:06:06.507269,84.05963,84.4935,85.84572
2022-01-17 11:06:07.004893,84.31831,84.54425,85.84572
2022-01-17 11:06:07.510358,84.11161,84.59625,86.5526
2022-01-17 11:06:08.008946,84.42104,84.751,86.5526
2022-01-17 11:06:08.506386,83.39003,84.08,85.33489
2022-01-17 11:06:09.002944,84.52377,84.751,85.33489
2022-01-17 11:06:09.509463,84.21434,84.64825,86.43479
2022-01-17 11:06:10.006344,83.9569,84.3895,86.43479
2022-01-17 11:06:10.502414,84.52377,84.95775,86.63083
2022-01-17 11:06:11.010603,83.64747,84.08,86.63083
2022-01-17 11:06:11.504921,84.57575,84.90575,85.37447
2022-01-17 11:06:12.001324,83.90492,84.54425,85.37447
2022-01-17 11:06:12.506289,83.80219,84.33875,85.72791
2022-01-17 11:06:13.005525,84.31831,84.803,85.72791
2022-01-17 11:06:13.501345,84.1636,84.4935,85.84572
2022-01-17 11:06:14.010231,84.21434,84.4935,85.84572
2022-01-17 11:06:14.505088,84.00888,84.4415,85.21708
2022-01-17 11:06:15.003879,84.11161,84.4935,85.21708
2022-01-17 11:06:15.509156,83.9569,84.54425,86.04176
2022-01-17 11:06:16.008277,84.36905,84.64825,86.04176
2022-01-17 11:06:16.504606,83.39003,84.184,85.4527
2022-01-17 11:06:17.001688,84.57575,84.803,85.4527
2022-01-17 11:06:17.508393,84.00888,84.3895,85.92395
2022-01-17 11:06:18.006269,84.21434,84.59625,85.92395
2022-01-17 11:06:18.501697,84.26632,84.59625,85.7675
2022-01-17 11:06:19.005139,84.00888,84.54425,85.7675
2022-01-17 11:06:19.503398,84.21434,84.4935,86.15958
2022-01-17 11:06:20.002322,83.90492,84.699,86.15958
2022-01-17 11:06:20.507536,84.21434,84.33875,85.64968
2022-01-17 11:06:21.004972,83.9569,84.33875,85.64968
2022-01-17 11:06:21.510683,84.42104,84.85375,85.49229
2022-01-17 11:06:22.008978,83.69946,84.23475,85.49229
2022-01-17 11:06:22.506226,84.31831,84.751,85.13885
2022-01-17 11:06:23.005997,84.36905,84.59625,85.13885
2022-01-17 11:06:23.510741,83.59549,84.28675,85.80614
2022-01-17 11:06:24.009450,84.36905,84.64825,85.80614
2022-01-17 11:06:24.504843,84.1636,84.54425,86.08135
2022-01-17 11:06:25.005697,84.1636,84.33875,86.08135
2022-01-17 11:06:25.501489,84.31831,84.751,85.13885
2022-01-17 11:06:26.010086,84.11161,84.85375,85.13885
2022-01-17 11:06:26.505624,84.05963,84.4415,85.96354
2022-01-17 11:06:27.004538,83.85417,84.33875,85.96354
2022-01-17 11:06:27.510290,84.21434,84.64825,85.96354
2022-01-17 11:06:28.010772,84.31831,84.751,85.96354
2022-01-17 11:06:28.506308,84.21434,84.64825,85.6101
2022-01-17 11:06:29.004789,84.11161,84.4935,85.6101
2022-01-17 11:06:30.005419,84.21434,84.4935,85.7675
2022-01-17 11:06:30.509693,84.11161,84.699,86.23875
2022-01-17 11:06:31.010969,83.85417,83.97725,86.23875
2022-01-17 11:06:31.506983,84.11161,84.751,85.33489
2022-01-17 11:06:32.006079,84.21434,84.4935,85.33489
2022-01-17 11:06:32.501101,84.67848,85.16325,85.84572
2022-01-17 11:06:33.008138,83.33805,83.92525,85.84572
2022-01-17 11:06:33.506148,84.57575,85.0085,85.25666
2022-01-17 11:06:34.005519,84.05963,84.4935,85.25666
2022-01-17 11:06:34.501888,84.26632,84.54425,85.80614
2022-01-17 11:06:35.001225,84.11161,84.803,85.80614
2022-01-17 11:06:35.505529,83.85417,84.132,86.15958
2022-01-17 11:06:36.004621,84.78245,84.803,86.15958
2022-01-17 11:06:36.504109,83.80219,84.33875,85.37447
2022-01-17 11:06:37.001305,84.42104,85.0605,85.37447
2022-01-17 11:06:37.506147,83.90492,84.54425,85.92395
2022-01-17 11:06:38.004004,84.05963,84.33875,85.92395
2022-01-17 11:06:38.509908,83.9569,84.64825,86.04176
2022-01-17 11:06:39.008376,84.42104,84.751,86.04176
2022-01-17 11:06:39.503712,84.62773,84.803,85.96354
2022-01-17 11:06:40.001512,84.31831,84.4935,85.96354
2022-01-17 11:06:40.507462,84.31831,84.4935,85.68833
2022-01-17 11:06:41.006422,83.85417,84.4415,85.68833
2022-01-17 11:06:41.501585,84.26632,84.64825,86.15958
2022-01-17 11:06:42.009903,83.69946,84.59625,86.15958
2022-01-17 11:06:42.503704,84.26632,84.64825,85.09926
2022-01-17 11:06:43.001649,84.31831,84.4415,85.09926
2022-01-17 11:06:43.507504,84.11161,84.4935,86.47437
2022-01-17 11:06:44.006340,84.26632,84.4415,86.47437
2022-01-17 11:06:44.501330,84.11161,84.59625,85.6101
2022-01-17 11:06:45.010884,84.31831,84.4415,85.6101
2022-01-17 11:06:45.508724,83.44078,84.28675,86.35656
2022-01-17 11:06:46.011031,84.57575,84.85375,86.35656
2022-01-17 11:06:46.509250,83.90492,84.4415,85.4527
2022-01-17 11:06:47.008663,84.47302,84.64825,85.4527
2022-01-17 11:06:47.501851,84.05963,84.28675,86.27739
2022-01-17 11:06:48.001038,84.00888,84.64825,86.27739
2022-01-17 11:06:48.505669,84.26632,84.59625,85.29625
2022-01-17 11:06:49.005016,83.90492,84.54425,85.29625
2022-01-17 11:06:49.501153,84.26632,84.54425,85.96354
2022-01-17 11:06:50.001826,83.90492,84.4935,85.96354
2022-01-17 11:06:50.507583,84.11161,84.4935,86.08135
2022-01-17 11:06:51.005350,84.67848,84.803,86.08135
2022-01-17 11:06:51.510354,83.59549,84.08,85.25666
2022-01-17 11:06:52.009395,84.42104,84.64825,85.25666
2022-01-17 11:06:52.504195,84.26632,85.0085,85.7675
2022-01-17 11:06:53.002563,83.90492,84.23475,85.7675
2022-01-17 11:06:53.507437,83.85417,84.4935,85.41406
2022-01-17 11:06:54.008145,84.21434,84.23475,85.41406
2022-01-17 11:06:54.506758,84.31831,84.4935,85.53187
2022-01-17 11:06:55.006917,84.05963,84.59625,85.53187
2022-01-17 11:06:55.502528,84.26632,84.54425,85.41406
2022-01-17 11:06:56.002311,83.69946,84.28675,85.41406
2022-01-17 11:06:56.506607,84.57575,84.699,85.41406
2022-01-17 11:06:57.005858,83.9569,84.803,85.41406
2022-01-17 11:06:57.510556,83.69946,84.02925,85.64968
2022-01-17 11:06:58.008327,84.73046,84.85375,85.64968
2022-01-17 11:06:58.508648,83.85417,84.184,86.12093
2022-01-17 11:06:59.008362,84.47302,84.699,86.12093
2022-01-17 11:06:59.504090,83.90492,84.59625,85.92395
2022-01-17 11:07:00.004885,84.1636,84.3895,85.92395
2022-01-17 11:07:00.508524,83.9569,84.4935,86.3952
2022-01-17 11:07:01.006498,84.00888,84.23475,86.3952
2022-01-17 11:07:01.501482,84.1636,84.699,85.7675
2022-01-17 11:07:02.009365,84.21434,84.699,85.7675
2022-01-17 11:07:02.504865,84.1636,84.4415,85.57051
2022-01-17 11:07:03.002729,84.00888,84.54425,85.57051
2022-01-17 11:07:03.506373,84.67848,84.803,86.27739
2022-01-17 11:07:04.004880,83.64747,84.33875,86.27739
2022-01-17 11:07:04.509617,84.47302,84.803,85.29625
2022-01-17 11:07:05.008174,84.1636,84.4415,85.29625
2022-01-17 11:07:05.504621,84.11161,84.59625,85.49229
2022-01-17 11:07:06.003173,83.90492,84.23475,85.49229
2022-01-17 11:07:06.508140,84.21434,84.85375,85.92395
2022-01-17 11:07:07.008193,84.1636,84.4935,85.92395
2022-01-17 11:07:07.503247,84.05963,84.699,85.49229
2022-01-17 11:07:08.001713,84.1636,84.64825,85.49229
2022-01-17 11:07:08.508505,83.85417,84.33875,85.7675
2022-01-17 11:07:09.006491,84.93716,85.16325,85.7675
2022-01-17 11:07:09.501440,83.9569,84.08,85.64968
2022-01-17 11:07:10.010052,83.80219,84.184,85.64968
2022-01-17 11:07:10.507760,84.36905,84.803,85.37447
2022-01-17 11:07:11.005730,84.00888,84.54425,85.37447
2022-01-17 11:07:11.502893,84.36905,84.54425,85.4527
2022-01-17 11:07:12.002596,83.39003,84.23475,85.4527
2022-01-17 11:07:12.507433,84.57575,84.95775,85.49229
2022-01-17 11:07:13.005970,84.52377,84.54425,85.49229
2022-01-17 11:07:13.501621,84.00888,84.64825,86.71
2022-01-17 11:07:14.001122,83.9569,84.33875,86.71
2022-01-17 11:07:14.506494,84.1636,84.751,85.41406
2022-01-17 11:07:15.005064,83.90492,84.23475,85.41406
2022-01-17 11:07:15.510574,84.00888,84.64825,85.84572
2022-01-17 11:07:16.010052,84.11161,84.4415,85.84572
2022-01-17 11:07:16.505779,84.42104,84.4935,84.94281
2022-01-17 11:07:17.005133,84.31831,84.64825,84.94281
2022-01-17 11:07:17.510941,84.11161,84.4935,86.00312
2022-01-17 11:07:18.009559,83.80219,84.4935,86.00312
2022-01-17 11:07:18.504732,84.31831,84.59625,85.96354
2022-01-17 11:07:19.002066,83.69946,84.4935,85.96354
2022-01-17 11:07:19.508534,83.85417,84.33875,85.37447
2022-01-17 11:07:20.005815,84.47302,84.54425,85.37447
2022-01-17 11:07:20.503320,84.36905,84.699,85.84572
2022-01-17 11:07:21.001870,84.1636,83.97725,85.84572
2022-01-17 11:07:21.509582,84.11161,84.85375,85.68833
2022-01-17 11:07:22.008728,84.1636,84.4415,85.68833
2022-01-17 11:07:22.504051,83.80219,84.4415,86.35656
2022-01-17 11:07:23.001791,84.31831,84.54425,86.35656
2022-01-17 11:07:23.508287,84.1636,84.64825,86.90604
2022-01-17 11:07:24.006580,84.21434,84.4415,86.90604
2022-01-17 11:07:24.501473,84.42104,84.4935,85.57051
2022-01-17 11:07:25.002003,84.11161,84.59625,85.57051
2022-01-17 11:07:25.507210,84.47302,84.803,86.19916
2022-01-17 11:07:26.006227,83.90492,84.4415,86.19916
2022-01-17 11:07:26.503423,84.05963,84.28675,85.64968
2022-01-17 11:07:27.001214,83.85417,84.33875,85.64968
2022-01-17 11:07:27.505854,84.52377,84.95775,85.25666
2022-01-17 11:07:28.004970,84.36905,84.4415,85.25666
2022-01-17 11:07:28.511062,83.7502,84.4935,86.00312
2022-01-17 11:07:29.008730,84.1636,84.4415,86.00312
2022-01-17 11:07:29.507363,84.21434,84.64825,85.80614
2022-01-17 11:07:30.005874,84.1636,84.59625,85.80614
2022-01-17 11:07:30.509782,83.33805,83.92525,85.06062
2022-01-17 11:07:31.006399,84.36905,84.59625,85.06062
2022-01-17 11:07:31.504635,84.1636,84.132,86.74864
2022-01-17 11:07:32.002175,84.11161,84.85375,86.74864
2022-01-17 11:07:32.507484,84.00888,84.4415,85.21708
2022-01-17 11:07:33.006228,84.21434,84.64825,85.21708
2022-01-17 11:07:33.502295,84.36905,84.59625,85.57051
2022-01-17 11:07:34.001774,83.9569,84.59625,85.57051
2022-01-17 11:07:34.508143,84.36905,84.59625,86.3952
2022-01-17 11:07:35.007491,84.05963,84.08,86.3952
2022-01-17 11:07:35.502291,84.42104,84.751,85.37447
2022-01-17 11:07:36.011172,84.31831,84.59625,85.37447
2022-01-17 11:07:36.506232,83.69946,84.54425,85.4527
2022-01-17 11:07:37.005199,84.47302,84.59625,85.4527
2022-01-17 11:07:37.510938,83.85417,84.59625,85.72791
2022-01-17 11:07:38.010137,84.26632,84.699,85.72791
2022-01-17 11:07:38.507003,84.26632,84.3895,85.29625
2022-01-17 11:07:39.004200,84.05963,84.4935,85.29625
2022-01-17 11:07:39.510687,83.69946,84.02925,85.92395
2022-01-17 11:07:40.009740,84.47302,84.95775,85.92395
2022-01-17 11:07:40.503529,84.05963,84.23475,85.72791
2022-01-17 11:07:41.001525,84.1636,84.59625,85.72791
2022-01-17 11:07:41.507478,83.80219,84.23475,85.41406
2022-01-17 11:07:42.005121,84.05963,84.3895,85.41406
2022-01-17 11:07:42.501982,84.47302,84.803,85.7675
2022-01-17 11:07:43.001055,84.21434,84.3895,85.7675
2022-01-17 11:07:43.505993,84.00888,84.803,85.37447
2022-01-17 11:07:44.005027,84.00888,84.132,85.37447
2022-01-17 11:07:44.509258,84.11161,84.64825,85.72791
2022-01-17 11:07:45.008286,84.21434,84.4415,85.72791
2022-01-17 11:07:45.502285,83.85417,84.4935,85.57051
2022-01-17 11:07:46.010952,84.36905,84.699,85.57051
2022-01-17 11:07:46.506408,84.05963,84.08,85.72791
2022-01-17 11:07:47.005496,83.85417,84.28675,85.72791
2022-01-17 11:07:47.502997,83.49276,83.71975,85.92395
2022-01-17 11:07:48.010881,84.62773,85.0605,85.92395
2022-01-17 11:07:48.509939,83.59549,83.8225,232.40447
2022-01-17 11:07:49.009050,83.59549,84.02925,232.40447
2022-01-17 11:07:49.505342,84.42104,84.64825,217.67791
2022-01-17 11:07:50.004481,84.31831,84.54425,217.67791
2022-01-17 11:07:50.508817,84.05963,84.3895,159.32114
2022-01-17 11:07:51.005974,83.49276,83.513,159.32114
2022-01-17 11:07:51.508167,84.21434,84.4415,102.26125
2022-01-17 11:07:52.007284,84.11161,84.3895,102.26125
2022-01-17 11:07:52.502538,83.9569,84.4415,95.07468
2022-01-17 11:07:53.001718,83.80219,84.08,95.07468
2022-01-17 11:07:53.508195,83.80219,83.8745,88.55541
2022-01-17 11:07:54.007507,84.73046,85.1125,88.55541
2022-01-17 11:07:54.501307,84.73046,85.0085,87.61291
2022-01-17 11:07:55.001208,83.54475,84.02925,87.61291
2022-01-17 11:07:55.505948,84.42104,84.85375,86.12093
2022-01-17 11:07:56.003680,83.69946,84.08,86.12093
2022-01-17 11:07:56.502100,84.52377,85.0605,86.98426
2022-01-17 11:07:57.009900,83.59549,84.132,86.98426
2022-01-17 11:07:57.504916,84.36905,84.751,86.04176
2022-01-17 11:07:58.001309,84.05963,84.28675,86.04176
2022-01-17 11:07:58.508225,84.57575,85.1125,86.74864
2022-01-17 11:07:59.005570,84.00888,84.54425,86.74864
2022-01-17 11:07:59.510638,83.7502,84.184,87.69114
2022-01-17 11:08:00.008771,84.47302,84.85375,87.69114
2022-01-17 11:08:00.506012,83.80219,84.184,85.64968
2022-01-17 11:08:01.004827,84.57575,85.1125,85.64968
2022-01-17 11:08:01.508136,83.90492,83.97725,86.19916
2022-01-17 11:08:02.005738,84.1636,84.64825,86.19916
2022-01-17 11:08:02.510329,84.11161,84.4935,85.84572
2022-01-17 11:08:03.008471,84.36905,84.85375,85.84572
2022-01-17 11:08:03.504231,84.21434,84.699,85.57051
2022-01-17 11:08:04.002508,83.64747,84.23475,85.57051
2022-01-17 11:08:04.509089,84.52377,84.95775,85.7675
2022-01-17 11:08:05.007482,84.42104,84.3895,85.7675
2022-01-17 11:08:05.501875,84.11161,84.59625,85.29625
2022-01-17 11:08:06.001147,84.00888,84.4415,85.29625
2022-01-17 11:08:06.507258,84.1636,84.751,85.6101
2022-01-17 11:08:07.005636,84.1636,84.4415,85.6101
2022-01-17 11:08:07.510849,83.7502,84.54425,85.7675
2022-01-17 11:08:08.008191,84.31831,84.85375,85.7675
2022-01-17 11:08:08.502978,84.21434,84.3895,86.90604
2022-01-17 11:08:09.002392,84.42104,84.90575,86.90604
2022-01-17 11:08:09.507502,84.00888,84.184,86.04176
2022-01-17 11:08:10.004864,84.11161,84.4415,86.04176
2022-01-17 11:08:10.501119,84.26632,84.64825,85.6101
2022-01-17 11:08:11.009876,83.90492,84.59625,85.6101
2022-01-17 11:08:11.502932,83.85417,84.132,86.43479
2022-01-17 11:08:12.001157,84.36905,84.59625,86.43479
2022-01-17 11:08:12.506832,84.1636,84.59625,85.6101
2022-01-17 11:08:13.003630,84.31831,84.64825,85.6101
2022-01-17 11:08:13.501104,84.1636,84.59625,85.57051
2022-01-17 11:08:14.010068,84.21434,84.4415,85.57051
2022-01-17 11:08:14.505507,84.05963,84.54425,85.33489
2022-01-17 11:08:15.005691,84.21434,84.699,85.33489
2022-01-17 11:08:15.510127,83.85417,84.184,86.19916
2022-01-17 11:08:16.009197,84.47302,84.699,86.19916
2022-01-17 11:08:16.505189,84.05963,84.33875,86.23875
2022-01-17 11:08:17.005350,84.05963,84.751,86.23875
2022-01-17 11:08:17.502105,84.1636,84.4935,85.57051
2022-01-17 11:08:18.011018,83.9569,84.28675,85.57051
2022-01-17 11:08:18.505105,84.42104,85.1125,85.41406
2022-01-17 11:08:19.002468,84.00888,84.4415,85.41406
2022-01-17 11:08:19.505449,84.26632,84.54425,85.88531
2022-01-17 11:08:20.003249,84.31831,84.3895,85.88531
2022-01-17 11:08:20.507874,84.11161,84.4415,85.80614
2022-01-17 11:08:21.008109,84.31831,84.699,85.80614
2022-01-17 11:08:21.502824,83.9569,84.4935,85.41406
2022-01-17 11:08:22.001729,84.26632,84.699,85.41406
2022-01-17 11:08:22.509698,83.59549,84.23475,85.6101
2022-01-17 11:08:23.009124,84.52377,84.90575,85.6101
2022-01-17 11:08:23.504265,84.1636,84.33875,85.21708
2022-01-17 11:08:24.011110,84.05963,84.4935,85.21708
2022-01-17 11:08:24.505111,84.1636,84.54425,86.63083
2022-01-17 11:08:25.004146,83.90492,84.184,86.63083
2022-01-17 11:08:25.510483,84.47302,85.0605,85.49229
2022-01-17 11:08:26.008819,83.54475,84.132,85.49229
2022-01-17 11:08:26.504479,84.1636,84.59625,86.98426
2022-01-17 11:08:27.002808,84.26632,84.4415,86.98426
2022-01-17 11:08:27.509585,84.21434,84.803,85.96354
2022-01-17 11:08:28.009852,84.11161,84.33875,85.96354
2022-01-17 11:08:28.504087,84.05963,84.4935,85.57051
2022-01-17 11:08:29.001168,84.42104,84.751,85.57051
2022-01-17 11:08:29.507316,84.05963,84.54425,85.21708
2022-01-17 11:08:30.005534,84.11161,84.3895,85.21708
2022-01-17 11:08:30.510025,83.90492,84.184,85.33489
2022-01-17 11:08:31.008678,84.52377,84.95775,85.33489
2022-01-17 11:08:31.504108,84.47302,84.64825,85.68833
2022-01-17 11:08:32.001443,83.69946,84.132,85.68833
2022-01-17 11:08:32.507063,84.26632,84.54425,85.88531
2022-01-17 11:08:33.006486,83.90492,84.54425,85.88531
2022-01-17 11:08:33.501702,84.42104,84.85375,85.96354
2022-01-17 11:08:34.009893,84.05963,84.23475,85.96354
2022-01-17 11:08:34.504915,83.9569,84.3895,86.04176
2022-01-17 11:08:35.004045,84.42104,84.699,86.04176
2022-01-17 11:08:35.509205,84.21434,84.4415,85.96354
2022-01-17 11:08:36.009511,84.21434,84.54425,85.96354
2022-01-17 11:08:36.505581,84.05963,84.59625,85.7675
2022-01-17 11:08:37.004343,83.85417,84.4935,85.7675
2022-01-17 11:08:37.509575,83.9569,84.699,85.33489
2022-01-17 11:08:38.006207,84.26632,84.59625,85.33489
2022-01-17 11:08:38.511173,84.31831,84.54425,85.49229
2022-01-17 11:08:39.009292,84.00888,84.4415,85.49229
2022-01-17 11:08:39.505587,84.1636,84.54425,85.96354
2022-01-17 11:08:40.002393,84.05963,84.33875,85.96354
2022-01-17 11:08:40.510936,84.52377,84.90575,85.96354
2022-01-17 11:08:41.007819,83.44078,83.92525,85.96354
2022-01-17 11:08:41.503754,84.52377,84.803,85.57051
2022-01-17 11:08:42.002392,84.36905,84.4935,85.57051
2022-01-17 11:08:42.507492,83.85417,84.23475,85.33489
2022-01-17 11:08:43.005205,84.62773,85.0085,85.33489
2022-01-17 11:08:43.510688,83.69946,84.132,85.92395
2022-01-17 11:08:44.008575,84.52377,84.95775,85.92395
2022-01-17 11:08:44.505684,83.44078,84.02925,86.35656
2022-01-17 11:08:45.002969,84.42104,84.803,86.35656
2022-01-17 11:08:45.510005,84.00888,84.08,85.33489
2022-01-17 11:08:46.007558,84.52377,84.85375,85.33489
2022-01-17 11:08:46.501852,83.9569,84.33875,86.08135
2022-01-17 11:08:47.001412,84.00888,84.28675,86.08135
2022-01-17 11:08:47.505931,84.67848,85.37,85.80614
2022-01-17 11:08:48.004363,83.59549,84.184,85.80614
2022-01-17 11:08:48.509284,84.1636,84.699,85.84572
2022-01-17 11:08:49.004669,83.9569,84.184,85.84572
2022-01-17 11:08:49.505162,84.67848,84.85375,85.17843
2022-01-17 11:08:50.004751,84.21434,84.59625,85.17843
2022-01-17 11:08:50.509596,83.49276,84.02925,85.84572
2022-01-17 11:08:51.007248,84.57575,84.95775,85.84572
2022-01-17 11:08:51.502064,83.90492,84.33875,84.825
2022-01-17 11:08:52.010836,84.62773,85.0605,84.825
2022-01-17 11:08:52.505963,83.44078,83.8745,86.63083
2022-01-17 11:08:53.002851,84.42104,84.699,86.63083
2022-01-17 11:08:53.508082,84.1636,84.33875,85.92395
2022-01-17 11:08:54.006403,84.47302,85.0605,85.92395
2022-01-17 11:08:54.504117,83.80219,84.23475,85.33489
2022-01-17 11:08:55.002355,83.90492,84.28675,85.33489
2022-01-17 11:08:55.508339,84.67848,84.90575,86.82781
2022-01-17 11:08:56.009753,83.85417,84.28675,86.82781
2022-01-17 11:08:56.504364,84.42104,84.699,85.29625
2022-01-17 11:08:57.002268,84.1636,84.3895,85.29625
2022-01-17 11:08:57.507304,84.05963,84.54425,86.08135
2022-01-17 11:08:58.004906,84.21434,84.751,86.08135
2022-01-17 11:08:58.501738,84.05963,84.803,85.68833
2022-01-17 11:08:59.001250,84.05963,84.23475,85.68833
2022-01-17 11:08:59.506714,83.9569,84.4415,85.37447
2022-01-17 11:09:00.005610,84.11161,84.28675,85.37447
2022-01-17 11:09:00.510995,84.47302,84.699,85.72791
2022-01-17 11:09:01.010564,84.00888,84.3895,85.72791
2022-01-17 11:09:01.505842,83.69946,84.184,85.92395
2022-01-17 11:09:02.004849,84.11161,84.4935,85.92395
2022-01-17 11:09:02.511098,84.47302,84.803,85.21708
2022-01-17 11:09:03.007634,83.80219,84.4935,85.21708
2022-01-17 11:09:03.503420,84.11161,84.54425,86.82781
2022-01-17 11:09:04.001623,83.9569,84.23475,86.82781
2022-01-17 11:09:04.507347,84.52377,84.699,85.84572
2022-01-17 11:09:05.006150,84.31831,84.85375,85.84572
2022-01-17 11:09:05.501357,83.64747,84.184,86.35656
2022-01-17 11:09:06.010360,84.21434,84.59625,86.35656
2022-01-17 11:09:06.507552,84.11161,84.54425,85.84572
2022-01-17 11:09:07.007197,84.11161,84.4935,85.84572
2022-01-17 11:09:07.502647,84.21434,84.59625,85.37447
2022-01-17 11:09:08.001756,84.26632,84.54425,85.37447
2022-01-17 11:09:08.507135,84.26632,84.64825,85.57051
2022-01-17 11:09:09.004790,83.7502,84.132,85.57051
2022-01-17 11:09:09.510826,84.67848,85.1125,85.72791
2022-01-17 11:09:10.009145,83.44078,83.7705,85.72791
2022-01-17 11:09:10.503513,84.57575,85.0085,85.09926
2022-01-17 11:09:11.004194,83.44078,83.92525,85.09926
2022-01-17 11:09:11.501763,84.52377,84.59625,86.63083
2022-01-17 11:09:12.010888,84.52377,84.803,86.63083
2022-01-17 11:09:12.506881,83.85417,84.28675,86.51301
2022-01-17 11:09:13.005157,84.00888,84.3895,86.51301
2022-01-17 11:09:14.005123,84.52377,84.95775,85.57051
2022-01-17 11:09:14.510897,83.69946,84.4415,85.57051
2022-01-17 11:09:15.009818,84.1636,84.4935,85.57051
2022-01-17 11:09:15.504685,84.36905,84.4415,85.57051
2022-01-17 11:09:16.004425,84.47302,84.85375,85.57051
2022-01-17 11:09:16.508850,84.00888,84.54425,86.27739
2022-01-17 11:09:17.009792,84.05963,84.4935,86.27739
2022-01-17 11:09:17.507447,84.26632,84.59625,86.12093
2022-01-17 11:09:18.006259,83.49276,84.33875,86.12093
2022-01-17 11:09:18.501170,84.47302,84.90575,85.29625
2022-01-17 11:09:19.009010,84.00888,84.23475,85.29625
2022-01-17 11:09:19.505280,84.21434,84.59625,85.25666
2022-01-17 11:09:20.003056,84.36905,84.59625,85.25666
2022-01-17 11:09:20.509249,84.05963,84.54425,86.59218
2022-01-17 11:09:21.006940,84.47302,84.95775,86.59218
2022-01-17 11:09:21.501576,83.64747,84.4935,85.41406
2022-01-17 11:09:22.009691,84.1636,84.33875,85.41406
2022-01-17 11:09:22.504558,84.26632,84.4935,85.64968
2022-01-17 11:09:23.002481,84.26632,84.803,85.64968
2022-01-17 11:09:23.506886,84.00888,84.4415,86.51301
2022-01-17 11:09:24.005715,84.05963,84.4935,86.51301
2022-01-17 11:09:24.510170,83.9569,84.33875,85.53187
2022-01-17 11:09:25.010066,84.36905,85.0085,85.53187
2022-01-17 11:09:25.505141,83.7502,84.23475,85.92395
2022-01-17 11:09:26.003483,84.00888,84.4935,85.92395
2022-01-17 11:09:26.508523,83.9569,84.184,85.29625
2022-01-17 11:09:27.005228,84.83319,85.1125,85.29625
2022-01-17 11:09:27.510566,83.59549,84.28675,85.64968
2022-01-17 11:09:28.009437,84.52377,84.90575,85.64968
2022-01-17 11:09:28.502891,83.69946,84.28675,86.23875
2022-01-17 11:09:29.010970,84.47302,84.699,86.23875
2022-01-17 11:09:29.509709,84.21434,84.59625,85.96354
2022-01-17 11:09:30.010728,83.90492,84.02925,85.96354
2022-01-17 11:09:30.504782,84.42104,84.803,85.96354
2022-01-17 11:09:31.002579,84.11161,84.4935,85.96354
2022-01-17 11:09:31.508111,84.11161,84.54425,86.31697
2022-01-17 11:09:32.006754,84.11161,84.59625,86.31697
2022-01-17 11:09:32.502498,83.9569,84.28675,86.19916
2022-01-17 11:09:33.010962,84.00888,84.699,86.19916
2022-01-17 11:09:33.505392,84.21434,84.28675,85.53187
2022-01-17 11:09:34.005525,84.47302,84.699,85.53187
2022-01-17 11:09:34.501791,83.85417,84.23475,85.68833
2022-01-17 11:09:35.010296,84.47302,85.0085,85.68833
2022-01-17 11:09:35.506707,83.64747,84.132,85.41406
2022-01-17 11:09:36.005178,84.73046,84.699,85.41406
2022-01-17 11:09:36.510664,83.54475,84.184,85.49229
2022-01-17 11:09:37.008659,84.31831,84.54425,85.49229
2022-01-17 11:09:37.503776,84.62773,84.803,86.19916
2022-01-17 11:09:38.002348,83.85417,84.184,86.19916
2022-01-17 11:09:38.510614,84.31831,84.803,85.06062
2022-01-17 11:09:39.007989,84.11161,84.59625,85.06062
2022-01-17 11:09:39.503816,84.11161,84.33875,86.71
2022-01-17 11:09:40.003283,83.69946,84.33875,86.71
2022-01-17 11:09:40.506433,84.21434,84.4415,85.80614
2022-01-17 11:09:41.005049,84.05963,84.3895,85.80614
2022-01-17 11:09:41.508963,84.73046,84.90575,85.02104
2022-01-17 11:09:42.007314,83.9569,84.28675,85.02104
2022-01-17 11:09:42.506875,83.90492,84.28675,87.73072
2022-01-17 11:09:43.005819,84.62773,84.90575,87.73072
2022-01-17 11:09:43.510324,83.69946,84.33875,86.19916
2022-01-17 11:09:44.009718,84.31831,84.54425,86.19916
2022-01-17 11:09:44.505239,84.05963,84.59625,85.68833
2022-01-17 11:09:45.001106,84.47302,84.699,85.68833
2022-01-17 11:09:45.506499,84.47302,84.54425,85.7675
2022-01-17 11:09:46.004736,83.7502,84.184,85.7675
2022-01-17 11:09:46.510897,84.1636,84.33875,85.57051
2022-01-17 11:09:47.009227,84.1636,84.54425,85.57051
2022-01-17 11:09:47.506544,84.26632,84.59625,85.33489
2022-01-17 11:09:48.005726,83.59549,84.3895,85.33489
2022-01-17 11:09:48.503695,84.26632,84.33875,85.88531
2022-01-17 11:09:49.001139,84.47302,84.64825,85.88531
2022-01-17 11:09:49.509078,84.31831,84.59625,85.49229
2022-01-17 11:09:50.005971,84.36905,84.64825,85.49229
2022-01-17 11:09:50.511186,83.54475,84.02925,85.88531
2022-01-17 11:09:51.009054,84.26632,84.54425,85.88531
2022-01-17 11:09:51.504051,84.00888,84.85375,86.78822
2022-01-17 11:09:52.003489,83.7502,84.02925,86.78822
2022-01-17 11:09:52.508623,84.57575,84.803,85.21708
2022-01-17 11:09:53.006772,83.85417,84.184,85.21708
2022-01-17 11:09:53.501139,84.67848,85.0605,85.68833
2022-01-17 11:09:54.010324,84.1636,84.4935,85.68833
2022-01-17 11:09:54.505411,84.00888,84.4415,85.92395
2022-01-17 11:09:55.004326,83.80219,84.64825,85.92395
2022-01-17 11:09:55.508940,84.11161,84.54425,85.33489
2022-01-17 11:09:56.007988,84.47302,84.64825,85.33489
2022-01-17 11:09:56.502840,83.7502,83.92525,86.08135
2022-01-17 11:09:57.010713,84.42104,84.90575,86.08135
2022-01-17 11:09:57.505739,83.90492,84.4415,85.37447
2022-01-17 11:09:58.004479,84.67848,84.85375,85.37447
2022-01-17 11:09:58.509237,83.49276,84.23475,85.49229
2022-01-17 11:09:59.008273,84.26632,84.59625,85.49229
2022-01-17 11:09:59.503531,84.31831,84.699,86.71
2022-01-17 11:10:00.002842,84.11161,84.3895,86.71
2022-01-17 11:10:00.501568,84.47302,84.64825,85.84572
2022-01-17 11:10:01.011053,83.59549,84.08,85.84572
2022-01-17 11:10:01.506055,84.36905,84.64825,86.63083
2022-01-17 11:10:02.004732,84.11161,84.59625,86.63083
2022-01-17 11:10:02.510087,84.31831,84.699,85.96354
2022-01-17 11:10:03.010930,83.90492,84.33875,85.96354
2022-01-17 11:10:03.505622,84.1636,84.33875,85.68833
2022-01-17 11:10:04.005261,84.36905,84.59625,85.68833
2022-01-17 11:10:04.501866,84.00888,84.64825,85.53187
2022-01-17 11:10:05.011003,84.47302,84.85375,85.53187
2022-01-17 11:10:05.505865,83.44078,83.97725,85.80614
2022-01-17 11:10:06.003855,84.67848,85.0085,85.80614
2022-01-17 11:10:06.509895,83.7502,84.33875,85.64968
2022-01-17 11:10:07.008243,84.62773,84.90575,85.64968
2022-01-17 11:10:07.504122,84.11161,84.3895,86.23875
2022-01-17 11:10:08.002360,83.90492,84.751,86.23875
2022-01-17 11:10:08.508789,84.1636,84.4415,85.88531
2022-01-17 11:10:09.008848,84.00888,84.64825,85.88531
2022-01-17 11:10:09.506229,84.42104,84.54425,85.41406
2022-01-17 11:10:10.003373,83.02862,83.565,85.41406
2022-01-17 11:10:10.508641,84.62773,84.699,225.68916
2022-01-17 11:10:11.006759,84.11161,84.132,225.68916
2022-01-17 11:10:11.502478,84.36905,84.64825,228.47708
2022-01-17 11:10:12.011142,84.05963,84.4415,228.47708
2022-01-17 11:10:12.505132,83.44078,83.8745,185.55468
2022-01-17 11:10:13.003242,84.36905,84.33875,185.55468
2022-01-17 11:10:13.510314,83.7502,84.59625,120.99343
2022-01-17 11:10:14.009637,84.62773,84.803,120.99343
2022-01-17 11:10:14.505406,84.00888,84.08,90.79385
2022-01-17 11:10:15.004916,83.69946,83.97725,90.79385
2022-01-17 11:10:15.509539,84.36905,84.4935,99.31593
2022-01-17 11:10:16.007699,84.05963,84.59625,99.31593
2022-01-17 11:10:16.503008,83.54475,83.66775,88.71281
2022-01-17 11:10:17.010849,84.05963,84.751,88.71281
2022-01-17 11:10:17.506824,83.9569,84.28675,86.86645
2022-01-17 11:10:18.005778,84.42104,84.90575,86.86645
2022-01-17 11:10:18.501780,84.1636,84.4935,86.82781
2022-01-17 11:10:19.010487,84.1636,84.4415,86.82781
2022-01-17 11:10:19.506882,83.7502,84.23475,86.51301
2022-01-17 11:10:20.006291,84.36905,84.59625,86.51301
2022-01-17 11:10:20.503681,84.1636,84.59625,85.80614
2022-01-17 11:10:21.011102,83.85417,84.23475,85.80614
2022-01-17 11:10:21.506579,83.7502,84.33875,86.3952
2022-01-17 11:10:22.003862,84.26632,84.54425,86.3952
2022-01-17 11:10:22.511110,84.83319,85.16325,87.10208
2022-01-17 11:10:23.008757,83.80219,84.4415,87.10208
2022-01-17 11:10:23.504854,84.11161,84.3895,87.10208
2022-01-17 11:10:24.002396,83.7502,84.28675,87.10208
2022-01-17 11:10:24.509223,84.52377,84.90575,85.92395
2022-01-17 11:10:25.006886,84.1636,84.95775,85.92395
2022-01-17 11:10:25.501158,83.7502,84.08,86.12093
2022-01-17 11:10:26.009558,84.36905,84.64825,86.12093
2022-01-17 11:10:26.505686,84.1636,84.54425,85.4527
2022-01-17 11:10:27.004164,84.52377,84.85375,85.4527
2022-01-17 11:10:27.509826,83.80219,84.4415,86.00312
2022-01-17 11:10:28.009353,83.85417,84.184,86.00312
2022-01-17 11:10:28.503449,83.7502,84.54425,85.49229
2022-01-17 11:10:29.001397,84.47302,84.751,85.49229
2022-01-17 11:10:29.506465,84.42104,84.4415,85.72791
2022-01-17 11:10:30.006423,84.21434,84.699,85.72791
2022-01-17 11:10:30.501487,84.1636,84.3895,85.84572
2022-01-17 11:10:31.001355,84.00888,84.54425,85.84572
2022-01-17 11:10:31.505783,84.47302,84.64825,85.02104
2022-01-17 11:10:32.003050,83.59549,84.4415,85.02104
2022-01-17 11:10:32.507819,84.26632,84.699,86.12093
2022-01-17 11:10:33.005791,84.00888,84.3895,86.12093
2022-01-17 11:10:33.501135,84.21434,84.4935,85.53187
2022-01-17 11:10:34.009812,84.47302,84.699,85.53187
2022-01-17 11:10:34.505037,84.1636,84.803,85.49229
2022-01-17 11:10:35.004530,84.1636,84.4415,85.49229
2022-01-17 11:10:35.510818,83.85417,84.3895,86.78822
2022-01-17 11:10:36.008121,84.52377,84.85375,86.78822
2022-01-17 11:10:36.502173,83.64747,84.3895,85.92395
2022-01-17 11:10:37.009607,84.47302,84.64825,85.92395
2022-01-17 11:10:37.505605,84.00888,84.184,85.29625
2022-01-17 11:10:38.003302,84.1636,84.90575,85.29625
2022-01-17 11:10:38.508098,84.42104,84.803,85.96354
2022-01-17 11:10:39.007103,83.9569,84.699,85.96354
2022-01-17 11:10:39.502663,84.26632,84.4415,85.29625
2022-01-17 11:10:40.001787,84.11161,84.64825,85.29625
2022-01-17 11:10:40.509337,84.31831,84.751,85.4527
2022-01-17 11:10:41.008888,84.00888,84.08,85.4527
2022-01-17 11:10:41.504565,84.05963,84.59625,85.4527
2022-01-17 11:10:42.004095,84.11161,84.4935,85.4527
2022-01-17 11:10:42.509105,84.36905,84.803,85.96354
2022-01-17 11:10:43.008296,84.21434,84.64825,85.96354
2022-01-17 11:10:43.503322,83.80219,84.3895,85.68833
2022-01-17 11:10:44.001146,84.05963,84.33875,85.68833
2022-01-17 11:10:44.509088,84.47302,84.4935,86.04176
2022-01-17 11:10:45.007186,84.1636,84.803,86.04176
2022-01-17 11:10:45.501475,84.26632,84.699,85.68833
2022-01-17 11:10:46.010888,83.85417,84.4415,85.68833
2022-01-17 11:10:46.506455,84.42104,84.59625,85.29625
2022-01-17 11:10:47.005727,84.31831,84.85375,85.29625
2022-01-17 11:10:47.510803,84.05963,84.3895,85.92395
2022-01-17 11:10:48.009887,84.21434,84.3895,85.92395
2022-01-17 11:10:48.506024,83.9569,84.54425,85.49229
2022-01-17 11:10:49.005245,84.31831,84.803,85.49229
2022-01-17 11:10:49.510592,84.36905,84.803,85.37447
2022-01-17 11:10:50.008647,83.9569,84.23475,85.37447
2022-01-17 11:10:50.503288,83.90492,84.59625,85.41406
2022-01-17 11:10:51.010885,84.36905,84.85375,85.41406
2022-01-17 11:10:51.506385,84.62773,84.4415,86.19916
2022-01-17 11:10:52.005254,83.9569,84.3895,86.19916
2022-01-17 11:10:52.510294,84.31831,84.59625,85.96354
2022-01-17 11:10:53.008709,84.00888,84.95775,85.96354
2022-01-17 11:10:53.505920,84.05963,84.184,86.15958
2022-01-17 11:10:54.004134,84.00888,84.59625,86.15958
2022-01-17 11:10:54.510793,84.36905,84.85375,85.88531
2022-01-17 11:10:55.008086,83.80219,84.08,85.88531
2022-01-17 11:10:55.502655,84.67848,85.0605,85.7675
2022-01-17 11:10:56.010804,84.11161,84.33875,85.7675
2022-01-17 11:10:56.504378,83.9569,84.59625,85.25666
2022-01-17 11:10:57.002742,84.00888,84.33875,85.25666
2022-01-17 11:10:57.509835,83.9569,84.3895,85.7675
2022-01-17 11:10:58.006770,84.31831,84.85375,85.7675
2022-01-17 11:10:58.501778,83.85417,84.3895,85.92395
2022-01-17 11:10:59.010391,84.21434,84.4935,85.92395
2022-01-17 11:10:59.502900,84.26632,84.3895,85.25666
2022-01-17 11:11:00.002208,84.21434,85.0085,85.25666
2022-01-17 11:11:00.508651,84.31831,84.54425,86.31697
2022-01-17 11:11:01.007189,83.80219,84.3895,86.31697
2022-01-17 11:11:01.503222,84.1636,84.4935,85.41406
2022-01-17 11:11:02.010767,84.05963,84.699,85.41406
2022-01-17 11:11:02.509051,84.47302,84.699,85.21708
2022-01-17 11:11:03.007117,84.05963,84.33875,85.21708
2022-01-17 11:11:03.501868,84.36905,85.0605,86.78822
2022-01-17 11:11:04.010558,83.9569,84.28675,86.78822
2022-01-17 11:11:04.507186,84.1636,84.64825,85.49229
2022-01-17 11:11:05.005321,84.42104,84.751,85.49229
2022-01-17 11:11:05.509167,83.49276,84.184,85.80614
2022-01-17 11:11:06.008088,84.21434,84.4935,85.80614
2022-01-17 11:11:06.503021,84.36905,84.3895,85.53187
2022-01-17 11:11:07.001757,84.00888,84.4935,85.53187
2022-01-17 11:11:07.507326,84.1636,84.4935,85.96354
2022-01-17 11:11:08.005080,84.11161,84.699,85.96354
2022-01-17 11:11:08.501911,84.11161,84.3895,85.53187
2022-01-17 11:11:09.010495,84.1636,84.85375,85.53187
2022-01-17 11:11:09.505047,84.05963,84.54425,85.84572
2022-01-17 11:11:10.002312,84.05963,84.132,85.84572
2022-01-17 11:11:10.508585,84.1636,84.54425,85.68833
2022-01-17 11:11:11.007490,84.67848,84.803,85.68833
2022-01-17 11:11:11.502452,84.05963,84.4415,85.49229
2022-01-17 11:11:12.010649,84.11161,84.4415,85.49229
2022-01-17 11:11:12.507420,84.05963,84.54425,85.72791
2022-01-17 11:11:13.005421,84.05963,84.54425,85.72791
2022-01-17 11:11:13.501626,84.05963,84.64825,85.57051
2022-01-17 11:11:14.010575,84.00888,84.4415,85.57051
2022-01-17 11:11:14.507275,84.21434,84.28675,85.80614
2022-01-17 11:11:15.006371,84.1636,84.751,85.80614
2022-01-17 11:11:15.501157,84.31831,84.803,86.12093
2022-01-17 11:11:16.008769,84.11161,84.54425,86.12093
2022-01-17 11:11:16.504877,84.1636,84.3895,85.41406
2022-01-17 11:11:17.003031,83.7502,84.28675,85.41406
2022-01-17 11:11:17.509099,84.42104,84.85375,85.64968
2022-01-17 11:11:18.007513,84.36905,84.3895,85.64968
2022-01-17 11:11:18.505473,83.90492,84.3895,85.7675
2022-01-17 11:11:19.003927,84.1636,84.4935,85.7675
2022-01-17 11:11:19.510903,83.64747,84.28675,85.53187
2022-01-17 11:11:20.009601,84.78245,85.26725,85.53187
2022-01-17 11:11:20.508816,83.64747,84.08,85.88531
2022-01-17 11:11:21.007325,84.26632,84.751,85.88531
2022-01-17 11:11:21.501750,84.00888,84.02925,86.31697
2022-01-17 11:11:22.010824,84.52377,85.0085,86.31697
2022-01-17 11:11:22.508489,84.1636,84.4415,85.25666
2022-01-17 11:11:23.006029,83.64747,84.28675,85.25666
2022-01-17 11:11:23.501932,84.26632,84.4415,85.72791
2022-01-17 11:11:24.002368,83.9569,84.54425,85.72791
2022-01-17 11:11:24.508770,84.52377,84.95775,85.7675
2022-01-17 11:11:25.010640,84.05963,84.132,85.7675
2022-01-17 11:11:25.511220,83.90492,84.23475,85.72791
2022-01-17 11:11:26.007785,84.11161,84.3895,85.72791
2022-01-17 11:11:26.503649,84.21434,84.751,85.57051
2022-01-17 11:11:27.006375,84.1636,84.4415,85.57051
2022-01-17 11:11:27.504976,83.44078,83.8225,85.49229
2022-01-17 11:11:28.003781,84.52377,85.0605,85.49229
2022-01-17 11:11:28.510776,84.00888,84.28675,86.74864
2022-01-17 11:11:29.008577,84.52377,84.95775,86.74864
2022-01-17 11:11:29.504075,84.00888,84.23475,85.96354
2022-01-17 11:11:30.003418,83.90492,84.4415,85.96354
2022-01-17 11:11:30.508991,84.11161,84.4935,85.09926
2022-01-17 11:11:31.007787,84.21434,84.64825,85.09926
2022-01-17 11:11:31.502185,84.21434,84.64825,86.27739
2022-01-17 11:11:32.001888,83.9569,84.33875,86.27739
2022-01-17 11:11:32.505718,84.31831,84.64825,86.04176
2022-01-17 11:11:33.004024,84.26632,84.3895,86.04176
2022-01-17 11:11:33.511174,84.11161,84.64825,85.25666
2022-01-17 11:11:34.009109,84.1636,84.64825,85.25666
2022-01-17 11:11:34.503811,83.85417,84.184,85.33489
2022-01-17 11:11:35.002190,84.21434,84.751,85.33489
2022-01-17 11:11:35.505916,84.05963,84.4935,85.7675
2022-01-17 11:11:36.006473,84.42104,84.95775,85.7675
2022-01-17 11:11:36.501559,84.11161,84.184,85.25666
2022-01-17 11:11:37.010890,84.21434,84.59625,85.25666
2022-01-17 11:11:37.508915,84.05963,84.54425,85.21708
2022-01-17 11:11:38.007321,83.9569,84.4415,85.21708
2022-01-17 11:11:38.502273,84.05963,84.3895,85.33489
2022-01-17 11:11:39.011150,83.64747,84.23475,85.33489
2022-01-17 11:11:39.505159,84.36905,84.803,85.72791
2022-01-17 11:11:40.002957,84.26632,84.4415,85.72791
2022-01-17 11:11:40.507838,84.62773,85.1125,86.3952
2022-01-17 11:11:41.004921,84.05963,84.23475,86.3952
2022-01-17 11:11:41.509991,83.90492,84.33875,85.84572
2022-01-17 11:11:42.010633,84.42104,85.0085,85.84572
2022-01-17 11:11:42.505667,83.54475,84.132,86.3952
2022-01-17 11:11:43.005572,84.47302,85.0605,86.3952
2022-01-17 11:11:43.510367,83.80219,83.92525,85.68833
2022-01-17 11:11:44.007833,84.21434,84.85375,85.68833
2022-01-17 11:11:44.504623,84.67848,85.1125,85.6101
2022-01-17 11:11:45.003918,83.59549,84.02925,85.6101
2022-01-17 11:11:45.509661,84.52377,84.751,86.27739
2022-01-17 11:11:46.006293,83.54475,84.08,86.27739
2022-01-17 11:11:46.501564,84.57575,85.1125,85.53187
2022-01-17 11:11:47.008570,84.00888,84.33875,85.53187
2022-01-17 11:11:47.502673,84.26632,84.59625,86.98426
2022-01-17 11:11:48.001740,83.90492,84.08,86.98426
2022-01-17 11:11:48.506279,84.31831,84.85375,85.96354
2022-01-17 11:11:49.005480,84.42104,84.59625,85.96354
2022-01-17 11:11:49.504170,83.7502,84.23475,86.43479
2022-01-17 11:11:50.001601,84.31831,84.751,86.43479
2022-01-17 11:11:50.507215,83.49276,84.132,85.53187
2022-01-17 11:11:51.004874,84.62773,85.0085,85.53187
2022-01-17 11:11:51.501989,84.26632,84.4415,86.35656
2022-01-17 11:11:52.000991,83.90492,84.184,86.35656
2022-01-17 11:11:52.510519,84.42104,84.64825,86.15958
2022-01-17 11:11:53.008616,84.11161,84.54425,86.15958
2022-01-17 11:11:53.504772,84.26632,84.64825,85.84572
2022-01-17 11:11:54.004058,83.64747,84.4415,85.84572
2022-01-17 11:11:54.505996,84.42104,84.90575,85.41406
2022-01-17 11:11:55.006012,84.11161,84.33875,85.41406
2022-01-17 11:11:55.506935,84.47302,84.95775,85.21708
2022-01-17 11:11:56.006666,84.05963,84.4935,85.21708
2022-01-17 11:11:56.501353,84.00888,84.4415,85.6101
2022-01-17 11:11:57.010876,84.26632,84.803,85.6101
2022-01-17 11:11:57.505500,83.49276,84.02925,86.3952
2022-01-17 11:11:58.006263,84.47302,84.803,86.3952
2022-01-17 11:11:58.510478,84.05963,84.33875,85.37447
2022-01-17 11:11:59.001902,83.9569,84.54425,85.37447
2022-01-17 11:11:59.507301,84.1636,84.4935,86.08135
2022-01-17 11:12:00.006558,84.21434,84.751,86.08135
2022-01-17 11:12:00.508985,84.47302,84.95775,85.64968
2022-01-17 11:12:01.008201,83.85417,84.4935,85.64968
2022-01-17 11:12:01.501458,83.9569,84.23475,86.15958
2022-01-17 11:12:02.010271,84.47302,84.54425,86.15958
2022-01-17 11:12:02.506425,84.1636,84.4415,85.72791
2022-01-17 11:12:03.005764,83.7502,84.23475,85.72791
2022-01-17 11:12:03.511154,83.90492,84.4935,86.08135
2022-01-17 11:12:04.009117,84.36905,84.751,86.08135
2022-01-17 11:12:04.506109,83.90492,84.3895,85.41406
2022-01-17 11:12:05.003867,84.67848,85.16325,85.41406
2022-01-17 11:12:05.511061,83.69946,83.92525,86.35656
2022-01-17 11:12:06.010907,84.52377,84.803,86.35656
2022-01-17 11:12:06.506411,84.11161,84.3895,86.04176
2022-01-17 11:12:07.005343,84.00888,84.59625,86.04176
2022-01-17 11:12:07.501674,84.1636,84.699,85.4527
2022-01-17 11:12:08.009948,83.59549,84.08,85.4527
2022-01-17 11:12:08.507090,84.47302,84.803,85.6101
2022-01-17 11:12:09.005004,83.90492,84.4935,85.6101
2022-01-17 11:12:09.511130,84.42104,84.64825,85.6101
2022-01-17 11:12:10.008951,84.42104,84.4935,85.6101
2022-01-17 11:12:10.505089,83.85417,84.28675,85.7675
2022-01-17 11:12:11.003551,84.21434,84.90575,85.7675
2022-01-17 11:12:11.508722,83.85417,84.184,85.68833
2022-01-17 11:12:12.006599,84.26632,84.54425,85.68833
2022-01-17 11:12:12.501687,83.54475,84.08,85.57051
2022-01-17 11:12:13.001487,84.78245,85.21525,85.57051
2022-01-17 11:12:13.507388,84.11161,84.33875,86.00312
2022-01-17 11:12:14.005125,84.26632,84.699,86.00312
2022-01-17 11:12:14.506168,84.05963,84.3895,85.6101
2022-01-17 11:12:15.006076,84.21434,84.699,85.6101
2022-01-17 11:12:15.511047,84.21434,84.59625,86.31697
2022-01-17 11:12:16.009591,83.69946,84.33875,86.31697
2022-01-17 11:12:16.503238,84.26632,84.54425,85.64968
2022-01-17 11:12:17.007709,84.11161,84.59625,85.64968
2022-01-17 11:12:17.504908,84.47302,84.751,87.02385
2022-01-17 11:12:18.002115,83.85417,84.33875,87.02385
2022-01-17 11:12:18.505752,84.31831,84.803,85.29625
2022-01-17 11:12:19.005234,84.05963,84.33875,85.29625
2022-01-17 11:12:19.511069,83.9569,84.4415,85.64968
2022-01-17 11:12:20.008464,84.36905,84.751,85.64968
2022-01-17 11:12:20.504102,84.11161,84.3895,86.27739
2022-01-17 11:12:21.002048,84.47302,84.85375,86.27739
2022-01-17 11:12:21.507687,84.1636,84.64825,85.29625
2022-01-17 11:12:22.007496,84.1636,84.4935,85.29625
2022-01-17 11:12:22.503590,84.31831,84.64825,85.4527
2022-01-17 11:12:23.011144,83.64747,84.08,85.4527
2022-01-17 11:12:23.507520,84.1636,84.4935,85.68833
2022-01-17 11:12:24.006505,84.1636,84.803,85.68833
2022-01-17 11:12:25.004916,84.52377,84.803,85.88531
2022-01-17 11:12:25.510249,84.05963,84.4935,86.59218
2022-01-17 11:12:26.006530,84.21434,84.803,86.59218
2022-01-17 11:12:26.502770,84.52377,84.699,85.25666
2022-01-17 11:12:27.002957,83.80219,84.184,85.25666
2022-01-17 11:12:27.507638,83.85417,84.4415,86.5526
2022-01-17 11:12:28.005367,84.31831,84.699,86.5526
2022-01-17 11:12:28.510473,84.42104,84.699,85.68833
2022-01-17 11:12:29.010178,83.80219,84.23475,85.68833
2022-01-17 11:12:29.501335,84.57575,85.0085,85.7675
2022-01-17 11:12:30.010932,83.69946,84.02925,85.7675
2022-01-17 11:12:30.507517,84.57575,85.0085,85.72791
2022-01-17 11:12:31.005548,83.7502,84.4415,85.72791
2022-01-17 11:12:31.503632,84.1636,84.33875,85.7675
2022-01-17 11:12:32.002739,84.05963,84.132,85.7675
2022-01-17 11:12:32.509113,83.08061,83.30625,87.57333
2022-01-17 11:12:33.006558,85.14262,85.57675,87.57333
2022-01-17 11:12:33.501109,83.44078,83.7705,240.69093
2022-01-17 11:12:34.010174,84.26632,84.54425,240.69093
2022-01-17 11:12:34.504787,83.44078,84.02925,217.32447
2022-01-17 11:12:35.002154,84.05963,84.08,217.32447
2022-01-17 11:12:35.508484,84.62773,84.751,147.85468
2022-01-17 11:12:36.006756,83.44078,83.565,147.85468
2022-01-17 11:12:36.502492,84.26632,84.64825,94.32822
2022-01-17 11:12:37.011297,83.39003,83.8745,94.32822
2022-01-17 11:12:37.505441,84.88517,85.26725,92.75708
2022-01-17 11:12:38.004548,83.28607,83.8225,92.75708
2022-01-17 11:12:38.509063,84.00888,84.184,88.47718
2022-01-17 11:12:39.006788,84.36905,84.64825,88.47718
2022-01-17 11:12:39.501068,84.1636,84.3895,86.12093
2022-01-17 11:12:40.009933,84.47302,85.0085,86.12093
2022-01-17 11:12:40.506402,83.69946,84.184,85.92395
2022-01-17 11:12:41.005731,84.1636,84.54425,85.92395
2022-01-17 11:12:41.501015,84.00888,84.4415,86.00312
2022-01-17 11:12:42.009196,84.52377,84.90575,86.00312
2022-01-17 11:12:42.504666,83.90492,84.28675,86.63083
2022-01-17 11:12:43.001835,84.47302,84.54425,86.63083
2022-01-17 11:12:43.509081,83.9569,84.28675,86.23875
2022-01-17 11:12:44.007480,84.21434,85.0085,86.23875
2022-01-17 11:12:44.511065,84.31831,84.803,87.6525
2022-01-17 11:12:45.010854,83.80219,84.132,87.6525
2022-01-17 11:12:45.506170,84.47302,84.751,86.00312
2022-01-17 11:12:46.007852,83.80219,84.59625,86.00312
2022-01-17 11:12:46.502664,84.47302,84.699,86.19916
2022-01-17 11:12:47.001248,84.47302,84.64825,86.19916
2022-01-17 11:12:47.506247,83.85417,84.184,85.96354
2022-01-17 11:12:48.004159,84.1636,84.751,85.96354
2022-01-17 11:12:48.510667,84.21434,84.751,85.33489
2022-01-17 11:12:49.009491,84.00888,84.4415,85.33489
2022-01-17 11:12:49.505992,83.7502,84.4415,86.31697
2022-01-17 11:12:50.005322,84.36905,84.64825,86.31697
2022-01-17 11:12:50.501384,84.36905,84.85375,85.80614
2022-01-17 11:12:51.010741,84.26632,84.699,85.80614
2022-01-17 11:12:51.511062,84.57575,84.803,85.25666
2022-01-17 11:12:52.001611,83.59549,84.08,85.25666
2022-01-17 11:12:52.508053,84.47302,84.85375,86.27739
2022-01-17 11:12:53.007073,83.64747,84.3895,86.27739
2022-01-17 11:12:53.502672,84.11161,84.59625,85.88531
2022-01-17 11:12:54.003366,84.21434,84.699,85.88531
2022-01-17 11:12:54.509732,84.00888,84.23475,85.49229
2022-01-17 11:12:55.008625,84.36905,84.751,85.49229
2022-01-17 11:12:55.503869,84.47302,84.803,85.84572
2022-01-17 11:12:56.002120,84.31831,84.699,85.84572
2022-01-17 11:12:56.508497,83.49276,84.132,85.72791
2022-01-17 11:12:57.007011,84.26632,84.699,85.72791
2022-01-17 11:12:57.502580,84.1636,84.59625,85.72791
2022-01-17 11:12:58.001263,84.26632,84.4935,85.72791
2022-01-17 11:12:58.507589,84.00888,84.4935,86.00312
2022-01-17 11:12:59.006859,83.69946,84.132,86.00312
2022-01-17 11:12:59.502262,84.9879,84.95775,85.80614
2022-01-17 11:13:00.001840,83.54475,84.132,85.80614
2022-01-17 11:13:00.506978,84.73046,84.90575,86.00312
2022-01-17 11:13:01.006259,83.39003,84.132,86.00312
2022-01-17 11:13:01.511005,84.42104,84.90575,85.88531
2022-01-17 11:13:02.009484,84.36905,84.64825,85.88531
2022-01-17 11:13:02.507648,83.90492,84.28675,85.68833
2022-01-17 11:13:03.007127,84.47302,84.90575,85.68833
2022-01-17 11:13:03.502646,83.69946,84.08,86.04176
2022-01-17 11:13:04.001552,84.52377,84.90575,86.04176
2022-01-17 11:13:04.507091,83.59549,84.4415,85.41406
2022-01-17 11:13:05.005647,84.31831,84.699,85.41406
2022-01-17 11:13:05.501543,84.21434,84.33875,86.35656
2022-01-17 11:13:06.011054,84.1636,84.54425,86.35656
2022-01-17 11:13:06.508926,84.47302,84.95775,85.57051
2022-01-17 11:13:07.007444,83.9569,84.4935,85.57051
2022-01-17 11:13:07.502440,84.1636,84.33875,85.68833
2022-01-17 11:13:08.010602,83.44078,84.23475,85.68833
2022-01-17 11:13:08.506433,84.62773,84.85375,85.25666
2022-01-17 11:13:09.005613,84.26632,84.59625,85.25666
2022-01-17 11:13:09.503451,84.05963,84.4415,85.96354
2022-01-17 11:13:10.010740,84.11161,84.4415,85.96354
2022-01-17 11:13:10.506515,84.05963,84.59625,85.37447
2022-01-17 11:13:11.004836,84.26632,84.54425,85.37447
2022-01-17 11:13:11.501650,83.85417,84.4415,86.47437
2022-01-17 11:13:12.001342,84.21434,84.4415,86.47437
2022-01-17 11:13:12.506206,84.11161,84.3895,85.84572
2022-01-17 11:13:13.003430,84.42104,84.751,85.84572
2022-01-17 11:13:13.510202,83.85417,84.08,86.43479
2022-01-17 11:13:14.009896,84.21434,84.751,86.43479
2022-01-17 11:13:14.504823,84.05963,84.3895,85.68833
2022-01-17 11:13:15.001325,84.05963,84.59625,85.68833
2022-01-17 11:13:15.507343,84.21434,84.54425,85.37447
2022-01-17 11:13:16.006878,84.26632,84.59625,85.37447
2022-01-17 11:13:16.502909,84.11161,84.4415,85.41406
2022-01-17 11:13:17.009901,84.42104,84.803,85.41406
2022-01-17 11:13:17.505179,83.7502,84.23475,85.57051
2022-01-17 11:13:18.005378,84.57575,84.90575,85.57051
2022-01-17 11:13:18.501055,83.80219,84.23475,85.64968
2022-01-17 11:13:19.009195,84.11161,84.4935,85.64968
2022-01-17 11:13:19.504080,84.11161,84.64825,85.29625
2022-01-17 11:13:20.002431,84.31831,84.33875,85.29625
2022-01-17 11:13:20.509558,84.42104,84.4415,85.64968
2022-01-17 11:13:21.008710,84.11161,84.751,85.64968
2022-01-17 11:13:21.502734,84.1636,84.54425,85.96354
2022-01-17 11:13:22.001132,84.05963,84.4415,85.96354
2022-01-17 11:13:22.505846,84.26632,84.4415,85.7675
2022-01-17 11:13:23.003124,83.59549,84.3895,85.7675
2022-01-17 11:13:23.508202,84.47302,84.64825,86.23875
2022-01-17 11:13:24.006864,84.36905,84.54425,86.23875
2022-01-17 11:13:24.511127,83.9569,84.3895,85.7675
2022-01-17 11:13:25.009576,84.31831,84.54425,85.7675
2022-01-17 11:13:25.506953,83.64747,84.184,85.80614
2022-01-17 11:13:26.004750,84.42104,84.699,85.80614
2022-01-17 11:13:26.509121,83.85417,84.4415,85.64968
2022-01-17 11:13:27.007281,84.47302,84.751,85.64968
2022-01-17 11:13:27.505634,84.11161,84.132,85.96354
2022-01-17 11:13:28.006395,84.1636,84.59625,85.96354
2022-01-17 11:13:28.501297,84.11161,84.4935,85.57051
2022-01-17 11:13:29.009176,84.11161,84.59625,85.57051
2022-01-17 11:13:29.506835,84.31831,84.54425,85.57051
2022-01-17 11:13:30.006011,83.44078,84.3895,85.57051
2022-01-17 11:13:30.503524,84.47302,84.803,85.57051
2022-01-17 11:13:31.002596,84.26632,84.699,85.57051
2022-01-17 11:13:31.507276,84.52377,84.803,85.96354
2022-01-17 11:13:32.005195,83.9569,84.28675,85.96354
2022-01-17 11:13:32.503360,84.1636,84.64825,85.37447
2022-01-17 11:13:33.002660,84.21434,84.4415,85.37447
2022-01-17 11:13:33.509341,84.11161,84.699,85.6101
2022-01-17 11:13:34.006660,83.85417,84.33875,85.6101
2022-01-17 11:13:34.504030,84.1636,84.59625,85.4527
2022-01-17 11:13:35.002404,84.47302,85.0605,85.4527
2022-01-17 11:13:35.507120,84.05963,84.23475,85.92395
2022-01-17 11:13:36.005633,84.11161,84.64825,85.92395
2022-01-17 11:13:36.510988,84.26632,84.28675,85.02104
2022-01-17 11:13:37.009242,84.05963,84.803,85.02104
2022-01-17 11:13:37.503126,84.21434,84.4415,86.27739
2022-01-17 11:13:38.010652,83.7502,84.4415,86.27739
2022-01-17 11:13:38.506464,84.31831,84.3895,85.96354
2022-01-17 11:13:39.005586,84.26632,84.59625,85.96354
2022-01-17 11:13:39.510124,84.05963,84.751,85.96354
2022-01-17 11:13:40.007832,84.05963,84.08,85.96354
2022-01-17 11:13:40.502657,84.36905,85.0085,85.64968
2022-01-17 11:13:41.001890,83.90492,84.132,85.64968
2022-01-17 11:13:41.507900,84.05963,84.85375,85.6101
2022-01-17 11:13:42.005651,83.9569,84.33875,85.6101
2022-01-17 11:13:42.510324,84.42104,84.4935,86.04176
2022-01-17 11:13:43.009272,83.85417,84.33875,86.04176
2022-01-17 11:13:43.505297,84.36905,84.803,85.53187
2022-01-17 11:13:44.004478,83.9569,84.59625,85.53187
2022-01-17 11:13:44.501250,84.11161,84.4415,85.09926
2022-01-17 11:13:45.009148,84.05963,84.85375,85.09926
2022-01-17 11:13:45.504392,83.85417,84.02925,85.88531
2022-01-17 11:13:46.002806,84.47302,84.90575,85.88531
2022-01-17 11:13:46.507824,83.85417,84.28675,85.80614
2022-01-17 11:13:47.005860,84.42104,84.4935,85.80614
2022-01-17 11:13:47.503139,84.05963,84.64825,85.17843
2022-01-17 11:13:48.001707,84.36905,84.64825,85.17843
2022-01-17 11:13:48.506123,83.80219,84.59625,85.88531
2022-01-17 11:13:49.005584,84.36905,84.4415,85.88531
2022-01-17 11:13:49.510578,84.05963,84.33875,85.64968
2022-01-17 11:13:50.009249,84.21434,84.699,85.64968
2022-01-17 11:13:50.504118,84.1636,84.33875,85.64968
2022-01-17 11:13:51.002527,83.9569,84.54425,85.64968
2022-01-17 11:13:51.508213,84.36905,84.699,85.72791
2022-01-17 11:13:52.008292,83.64747,84.4415,85.72791
2022-01-17 11:13:52.506252,84.42104,84.751,85.6101
2022-01-17 11:13:53.004635,84.05963,84.59625,85.6101
2022-01-17 11:13:53.509950,84.26632,84.33875,85.33489
2022-01-17 11:13:54.008153,84.1636,84.54425,85.33489
2022-01-17 11:13:54.501796,83.90492,84.54425,86.00312
2022-01-17 11:13:55.008607,84.52377,84.90575,86.00312
2022-01-17 11:13:55.502945,83.85417,84.4415,85.96354
2022-01-17 11:13:56.001257,84.31831,84.64825,85.96354
2022-01-17 11:13:56.507488,83.39003,83.97725,85.17843
2022-01-17 11:13:57.005606,84.73046,85.26725,85.17843
2022-01-17 11:13:57.502683,84.31831,84.4935,86.59218
2022-01-17 11:13:58.010988,84.26632,84.699,86.59218
2022-01-17 11:13:58.505113,83.85417,84.184,85.09926
2022-01-17 11:13:59.002641,84.1636,84.751,85.09926
2022-01-17 11:13:59.505546,84.11161,84.54425,85.96354
2022-01-17 11:14:00.002691,83.90492,84.59625,85.96354
2022-01-17 11:14:00.509042,84.1636,84.3895,85.41406
2022-01-17 11:14:01.007272,84.52377,84.59625,85.41406
2022-01-17 11:14:01.502383,84.1636,84.699,85.49229
2022-01-17 11:14:02.001121,84.00888,84.33875,85.49229
2022-01-17 11:14:02.505806,84.00888,84.4935,85.41406
2022-01-17 11:14:03.005549,84.21434,84.33875,85.41406
2022-01-17 11:14:03.510724,84.05963,84.803,85.29625
2022-01-17 11:14:04.005763,84.31831,84.751,85.29625
2022-01-17 11:14:04.505170,84.21434,84.33875,86.08135
2022-01-17 11:14:05.001795,84.05963,84.4935,86.08135
2022-01-17 11:14:05.506699,84.42104,84.64825,86.35656
2022-01-17 11:14:06.005129,84.00888,84.751,86.35656
2022-01-17 11:14:06.505010,84.1636,84.54425,85.96354
2022-01-17 11:14:07.002788,83.90492,84.3895,85.96354
2022-01-17 11:14:07.507851,83.9569,84.3895,86.00312
2022-01-17 11:14:08.007847,84.57575,84.85375,86.00312
2022-01-17 11:14:08.502194,84.26632,84.54425,85.57051
2022-01-17 11:14:09.504957,84.11161,84.59625,86.04176
2022-01-17 11:14:10.002044,84.21434,84.4415,86.04176
2022-01-17 11:14:10.507657,84.00888,84.699,85.57051
2022-01-17 11:14:11.004255,84.05963,84.699,85.57051
2022-01-17 11:14:11.509551,84.05963,84.4415,85.37447
2022-01-17 11:14:12.009399,84.1636,84.59625,85.37447
2022-01-17 11:14:12.505617,84.36905,84.59625,85.02104
2022-01-17 11:14:13.004367,83.9569,84.699,85.02104
2022-01-17 11:14:13.510499,84.36905,84.4935,85.72791
2022-01-17 11:14:14.009209,83.90492,84.33875,85.72791
2022-01-17 11:14:14.505454,84.26632,84.751,85.80614
2022-01-17 11:14:15.003048,83.64747,84.28675,85.80614
2022-01-17 11:14:15.507726,84.52377,84.90575,84.90322
2022-01-17 11:14:16.005659,84.26632,84.23475,84.90322
2022-01-17 11:14:16.510953,84.1636,84.64825,85.84572
2022-01-17 11:14:17.008497,84.26632,84.54425,85.84572
2022-01-17 11:14:17.502674,84.26632,84.699,85.33489
2022-01-17 11:14:18.002225,84.47302,84.751,85.33489
2022-01-17 11:14:18.509217,83.28607,84.02925,86.04176
2022-01-17 11:14:19.007554,84.31831,84.751,86.04176
2022-01-17 11:14:19.501269,83.9569,84.08,85.33489
2022-01-17 11:14:20.010867,84.31831,84.90575,85.33489
2022-01-17 11:14:20.506695,84.21434,84.54425,85.80614
2022-01-17 11:14:21.006974,83.85417,84.33875,85.80614
2022-01-17 11:14:21.502124,84.67848,84.85375,85.25666
2022-01-17 11:14:22.010721,83.54475,84.08,85.25666
2022-01-17 11:14:22.506229,84.67848,85.0085,85.25666
2022-01-17 11:14:23.006342,83.64747,83.92525,85.25666
2022-01-17 11:14:23.501339,84.52377,84.95775,85.57051
2022-01-17 11:14:24.009987,84.00888,84.33875,85.57051
2022-01-17 11:14:24.504606,84.21434,84.64825,85.57051
2022-01-17 11:14:25.003458,84.21434,84.4935,85.57051
2022-01-17 11:14:25.507693,84.1636,84.803,86.51301
2022-01-17 11:14:26.004476,84.21434,84.4935,86.51301
2022-01-17 11:14:26.508925,84.21434,84.4415,85.72791
2022-01-17 11:14:27.009646,84.42104,84.95775,85.72791
2022-01-17 11:14:27.505356,83.85417,83.92525,85.7675
2022-01-17 11:14:28.007653,84.47302,85.0605,85.7675
2022-01-17 11:14:28.511212,84.11161,84.33875,85.80614
2022-01-17 11:14:29.008675,84.26632,84.699,85.80614
2022-01-17 11:14:29.502205,84.1636,84.4935,85.53187
2022-01-17 11:14:30.001978,83.69946,84.02925,85.53187
2022-01-17 11:14:30.507522,84.42104,84.90575,85.72791
2022-01-17 11:14:31.005544,84.42104,84.59625,85.72791
2022-01-17 11:14:31.510531,84.00888,84.4415,85.88531
2022-01-17 11:14:32.007086,84.11161,84.33875,85.88531
2022-01-17 11:14:32.503070,84.21434,84.85375,85.29625
2022-01-17 11:14:33.001733,84.11161,84.4415,85.29625
2022-01-17 11:14:33.506576,84.00888,84.4415,85.96354
2022-01-17 11:14:34.005343,84.00888,84.33875,85.96354
2022-01-17 11:14:34.501798,84.36905,84.54425,85.17843
2022-01-17 11:14:35.001139,84.1636,84.803,85.17843
2022-01-17 11:14:35.508255,83.69946,83.97725,86.23875
2022-01-17 11:14:36.006337,84.1636,84.54425,86.23875
2022-01-17 11:14:36.502113,84.36905,84.751,85.72791
2022-01-17 11:14:37.009940,83.69946,84.28675,85.72791
2022-01-17 11:14:37.503376,84.47302,84.751,85.88531
2022-01-17 11:14:38.011088,84.26632,84.33875,85.88531
2022-01-17 11:14:38.505750,84.26632,84.64825,85.33489
2022-01-17 11:14:39.002910,84.26632,84.699,85.33489
2022-01-17 11:14:39.508666,83.80219,84.33875,85.72791
2022-01-17 11:14:40.005623,84.21434,84.4935,85.72791
2022-01-17 11:14:40.510314,83.69946,84.3895,85.33489
2022-01-17 11:14:41.009058,84.36905,84.85375,85.33489
2022-01-17 11:14:41.504230,83.90492,84.02925,85.68833
2022-01-17 11:14:42.004065,84.67848,85.1125,85.68833
2022-01-17 11:14:42.508648,84.00888,84.132,86.27739
2022-01-17 11:14:43.006407,83.85417,84.4935,86.27739
2022-01-17 11:14:43.510360,84.26632,84.699,85.41406
2022-01-17 11:14:44.008236,83.39003,83.8225,85.41406
2022-01-17 11:14:44.504754,84.62773,85.0085,85.68833
2022-01-17 11:14:45.001239,83.69946,84.08,85.68833
2022-01-17 11:14:45.507757,84.62773,85.1125,85.33489
2022-01-17 11:14:46.005832,84.05963,84.33875,85.33489
2022-01-17 11:14:46.501133,84.47302,84.85375,85.96354
2022-01-17 11:14:47.010817,84.31831,84.64825,85.96354
2022-01-17 11:14:47.507339,83.85417,84.184,86.08135
2022-01-17 11:14:48.005695,84.26632,84.85375,86.08135
2022-01-17 11:14:48.501226,83.59549,84.08,85.53187
2022-01-17 11:14:49.010821,84.67848,84.95775,85.53187
2022-01-17 11:14:49.506541,83.9569,84.184,85.57051
2022-01-17 11:14:50.007272,84.36905,85.0085,85.57051
2022-01-17 11:14:50.502941,83.7502,84.08,85.57051
2022-01-17 11:14:51.001913,84.47302,84.751,85.57051
2022-01-17 11:14:51.506606,84.47302,84.751,85.37447
2022-01-17 11:14:52.006395,83.54475,84.02925,85.37447
2022-01-17 11:14:52.501817,84.26632,84.90575,85.80614
2022-01-17 11:14:53.010859,84.11161,84.08,85.80614
2022-01-17 11:14:53.505269,84.42104,84.803,85.17843
2022-01-17 11:14:54.004981,83.7502,84.184,85.17843
2022-01-17 11:14:54.505417,84.1636,84.33875,86.82781
2022-01-17 11:14:55.004965,83.9569,84.184,86.82781
2022-01-17 11:14:55.501753,84.11161,84.54425,237.58822
2022-01-17 11:14:56.010641,83.64747,83.92525,237.58822
2022-01-17 11:14:56.506331,84.42104,84.4935,220.58364
2022-01-17 11:14:57.005334,84.42104,84.751,220.58364
2022-01-17 11:14:57.501774,83.49276,83.92525,175.9327
2022-01-17 11:14:58.011158,84.52377,84.699,175.9327
2022-01-17 11:14:58.509287,83.64747,83.8225,113.8851
2022-01-17 11:14:59.008360,84.57575,85.0605,113.8851
2022-01-17 11:14:59.503360,84.05963,84.28675,92.40364
2022-01-17 11:15:00.001229,83.44078,83.66775,92.40364
2022-01-17 11:15:00.505377,84.67848,84.803,95.34895
2022-01-17 11:15:01.004318,84.00888,84.132,95.34895
2022-01-17 11:15:01.510180,84.42104,84.95775,88.63364
2022-01-17 11:15:02.009333,84.05963,84.33875,88.63364
2022-01-17 11:15:02.504900,84.05963,84.54425,86.5526
2022-01-17 11:15:03.010778,84.26632,84.751,86.5526
2022-01-17 11:15:03.505598,84.11161,84.751,86.86645
2022-01-17 11:15:04.004970,84.26632,84.54425,86.86645
2022-01-17 11:15:04.509839,83.90492,84.08,86.59218
2022-01-17 11:15:05.008841,84.11161,84.699,86.59218
2022-01-17 11:15:05.504929,84.31831,84.751,85.6101
2022-01-17 11:15:06.002261,83.90492,84.4935,85.6101
2022-01-17 11:15:06.508241,84.42104,84.803,86.27739
2022-01-17 11:15:07.008646,83.49276,83.97725,86.27739
2022-01-17 11:15:07.502942,84.83319,85.1125,86.08135
2022-01-17 11:15:08.001153,84.11161,84.28675,86.08135
2022-01-17 11:15:08.505898,84.36905,84.85375,85.49229
2022-01-17 11:15:09.004637,84.1636,84.54425,85.49229
2022-01-17 11:15:09.510117,83.9569,84.33875,85.6101
2022-01-17 11:15:10.007378,84.73046,85.318,85.6101
2022-01-17 11:15:10.502968,83.54475,84.132,86.74864
2022-01-17 11:15:11.002868,84.57575,85.1125,86.74864
2022-01-17 11:15:11.510654,84.47302,84.33875,85.13885
2022-01-17 11:15:12.010339,84.11161,84.751,85.13885
2022-01-17 11:15:12.505240,83.90492,84.3895,86.35656
2022-01-17 11:15:13.002816,84.00888,84.3895,86.35656
2022-01-17 11:15:13.510278,84.21434,84.59625,85.17843
2022-01-17 11:15:14.009122,83.7502,84.33875,85.17843
2022-01-17 11:15:14.504858,84.47302,84.803,85.64968
2022-01-17 11:15:15.003091,84.05963,84.08,85.64968
2022-01-17 11:15:15.508556,84.62773,85.0605,85.53187
2022-01-17 11:15:16.006433,84.11161,84.23475,85.53187
2022-01-17 11:15:16.504023,83.85417,84.33875,85.6101
2022-01-17 11:15:17.002613,84.36905,84.751,85.6101
2022-01-17 11:15:17.507544,83.85417,84.4415,85.17843
2022-01-17 11:15:18.005101,84.47302,84.90575,85.17843
2022-01-17 11:15:18.509652,84.1636,84.33875,85.88531
2022-01-17 11:15:19.008248,84.31831,84.699,85.88531
2022-01-17 11:15:19.505705,84.11161,84.4415,85.33489
2022-01-17 11:15:20.004308,84.1636,84.699,85.33489
2022-01-17 11:15:20.510847,83.90492,84.28675,86.04176
2022-01-17 11:15:21.009725,84.00888,84.699,86.04176
2022-01-17 11:15:21.504300,84.00888,84.54425,85.72791
2022-01-17 11:15:22.002323,84.00888,84.3895,85.72791
2022-01-17 11:15:22.506814,84.57575,84.751,85.57051
2022-01-17 11:15:23.005710,84.11161,84.33875,85.57051
2022-01-17 11:15:23.510953,84.26632,84.751,85.6101
2022-01-17 11:15:24.009841,84.26632,84.803,85.6101
2022-01-17 11:15:24.509297,83.69946,84.08,85.92395
2022-01-17 11:15:25.009179,84.47302,84.803,85.92395
2022-01-17 11:15:25.502832,83.80219,84.3895,85.72791
2022-01-17 11:15:26.003392,84.26632,84.64825,85.72791
2022-01-17 11:15:26.509801,84.47302,84.751,85.41406
2022-01-17 11:15:27.007457,83.80219,84.02925,85.41406
2022-01-17 11:15:27.502058,84.36905,84.64825,85.13885
2022-01-17 11:15:28.010599,84.31831,84.803,85.13885
2022-01-17 11:15:28.508156,84.21434,84.699,85.49229
2022-01-17 11:15:29.007876,83.54475,84.02925,85.49229
2022-01-17 11:15:29.504264,84.31831,84.64825,85.57051
2022-01-17 11:15:30.002960,84.31831,84.699,85.57051
2022-01-17 11:15:30.507526,84.26632,84.64825,85.53187
2022-01-17 11:15:31.006562,83.69946,84.33875,85.53187
2022-01-17 11:15:31.510310,84.11161,84.4935,86.59218
2022-01-17 11:15:32.006744,84.73046,85.1125,86.59218
2022-01-17 11:15:32.501980,83.7502,84.33875,86.19916
2022-01-17 11:15:33.011070,84.21434,84.64825,86.19916
2022-01-17 11:15:33.510109,84.1636,84.33875,84.98145
2022-01-17 11:15:34.008708,84.00888,84.3895,84.98145
2022-01-17 11:15:34.504073,84.42104,84.95775,85.57051
2022-01-17 11:15:35.001813,83.69946,84.132,85.57051
2022-01-17 11:15:35.507058,84.36905,84.90575,85.96354
2022-01-17 11:15:36.004370,83.9569,84.3895,85.96354
2022-01-17 11:15:36.508770,84.42104,84.85375,85.13885
2022-01-17 11:15:37.006513,83.85417,84.02925,85.13885
2022-01-17 11:15:37.501998,84.52377,84.59625,86.27739
2022-01-17 11:15:38.002273,84.21434,84.3895,86.27739
2022-01-17 11:15:38.510852,83.9569,84.4935,85.84572
2022-01-17 11:15:39.010359,84.52377,84.85375,85.84572
2022-01-17 11:15:39.504633,83.85417,84.33875,85.25666
2022-01-17 11:15:40.002559,84.36905,84.803,85.25666
2022-01-17 11:15:40.507762,83.9569,84.3895,87.02385
2022-01-17 11:15:41.006672,84.05963,84.3895,87.02385
2022-01-17 11:15:41.501126,84.1636,84.28675,85.02104
2022-01-17 11:15:42.009348,84.11161,84.64825,85.02104
2022-01-17 11:15:42.505794,84.52377,84.90575,85.6101
2022-01-17 11:15:43.005928,84.05963,84.3895,85.6101
2022-01-17 11:15:43.510929,83.90492,84.54425,85.84572
2022-01-17 11:15:44.009611,84.00888,84.4935,85.84572
2022-01-17 11:15:44.503655,84.62773,84.64825,85.7675
2022-01-17 11:15:45.002965,84.1636,84.4415,85.7675
2022-01-17 11:15:45.507745,83.90492,84.3895,85.6101
2022-01-17 11:15:46.006350,84.00888,84.59625,85.6101
2022-01-17 11:15:46.501799,84.11161,84.64825,85.57051
2022-01-17 11:15:47.001118,84.36905,84.751,85.57051
2022-01-17 11:15:47.507865,83.44078,84.28675,85.57051
2022-01-17 11:15:48.005398,84.36905,84.699,85.57051
2022-01-17 11:15:48.501122,84.57575,84.54425,85.80614
2022-01-17 11:15:49.009808,84.05963,84.33875,85.80614
2022-01-17 11:15:49.505197,84.1636,84.699,85.41406
