時間,回転１,回転２,回転３
2022-01-17 18:00:00.004144,83.54475,84.132,84.86364
2022-01-17 18:00:00.509637,84.57575,84.90575,84.86364
2022-01-17 18:00:01.008217,84.21434,84.28675,86.08135
2022-01-17 18:00:01.502871,83.9569,84.3895,86.08135
2022-01-17 18:00:02.009847,84.05963,84.28675,85.6101
2022-01-17 18:00:02.506815,84.42104,84.95775,85.6101
2022-01-17 18:00:03.003816,84.47302,84.85375,85.53187
2022-01-17 18:00:03.509791,83.13135,83.71975,85.53187
2022-01-17 18:00:04.008492,84.47302,84.85375,85.96354
2022-01-17 18:00:04.504791,83.7502,83.92525,85.96354
2022-01-17 18:00:05.003288,84.78245,85.318,85.92395
2022-01-17 18:00:05.509037,84.1636,84.28675,85.92395
2022-01-17 18:00:06.010943,83.59549,84.08,85.29625
2022-01-17 18:00:06.507370,84.62773,84.699,85.29625
2022-01-17 18:00:07.005177,84.05963,84.54425,85.53187
2022-01-17 18:00:07.501774,84.05963,84.54425,85.53187
2022-01-17 18:00:08.008763,83.85417,84.28675,86.19916
2022-01-17 18:00:08.504211,84.42104,84.751,86.19916
2022-01-17 18:00:09.002796,84.11161,84.33875,85.13885
2022-01-17 18:00:09.508714,84.67848,85.21525,85.13885
2022-01-17 18:00:10.006336,84.05963,84.33875,86.23875
2022-01-17 18:00:10.505320,84.1636,84.33875,86.23875
2022-01-17 18:00:11.002342,84.1636,84.59625,86.27739
2022-01-17 18:00:11.507597,83.49276,84.132,86.27739
2022-01-17 18:00:12.006066,84.52377,85.0085,85.49229
2022-01-17 18:00:12.501149,84.31831,84.3895,85.49229
2022-01-17 18:00:13.009753,83.9569,84.4415,86.51301
2022-01-17 18:00:13.505551,84.36905,84.4935,86.51301
2022-01-17 18:00:14.004605,84.05963,84.4415,85.41406
2022-01-17 18:00:14.509904,84.57575,84.90575,85.41406
2022-01-17 18:00:15.009892,83.64747,84.08,85.64968
2022-01-17 18:00:15.504883,83.90492,84.4935,85.64968
2022-01-17 18:00:16.005495,84.57575,84.699,86.08135
2022-01-17 18:00:16.501690,84.00888,84.3895,86.08135
2022-01-17 18:00:17.505017,83.90492,84.28675,85.37447
2022-01-17 18:00:18.003870,84.11161,84.54425,85.92395
2022-01-17 18:00:18.510026,83.90492,84.4935,85.92395
2022-01-17 18:00:19.008579,84.21434,84.751,86.00312
2022-01-17 18:00:19.504526,84.1636,84.23475,86.00312
2022-01-17 18:00:20.002362,83.90492,84.33875,85.96354
2022-01-17 18:00:20.508331,84.52377,84.751,85.96354
2022-01-17 18:00:21.005756,83.69946,83.92525,85.21708
2022-01-17 18:00:21.503005,84.26632,84.4935,85.21708
2022-01-17 18:00:22.001199,83.64747,83.8745,231.30458
2022-01-17 18:00:22.505513,84.00888,84.4415,231.30458
2022-01-17 18:00:23.004291,84.67848,84.803,221.52614
2022-01-17 18:00:23.509915,83.90492,84.28675,221.52614
2022-01-17 18:00:24.009051,84.11161,84.08,178.28895
2022-01-17 18:00:24.506767,83.85417,84.28675,178.28895
2022-01-17 18:00:25.007103,84.47302,84.751,106.3451
2022-01-17 18:00:25.502344,83.90492,84.184,106.3451
2022-01-17 18:00:26.010069,84.11161,84.64825,90.63645
2022-01-17 18:00:26.505332,83.28607,83.8225,90.63645
2022-01-17 18:00:27.004339,84.52377,84.803,97.03791
2022-01-17 18:00:27.511269,84.57575,84.4935,97.03791
2022-01-17 18:00:28.007537,83.54475,84.02925,87.73072
2022-01-17 18:00:28.502032,84.83319,85.0605,87.73072
2022-01-17 18:00:29.504971,84.73046,85.16325,87.10208
2022-01-17 18:00:30.003381,83.69946,84.23475,86.19916
2022-01-17 18:00:30.507382,84.11161,84.59625,86.19916
2022-01-17 18:00:31.008754,84.47302,84.33875,85.88531
2022-01-17 18:00:31.506027,84.52377,84.90575,85.88531
2022-01-17 18:00:32.003117,83.9569,84.3895,86.27739
2022-01-17 18:00:32.507772,83.90492,84.23475,86.27739
2022-01-17 18:00:33.004693,84.21434,84.59625,86.12093
2022-01-17 18:00:33.509659,83.59549,84.08,86.12093
2022-01-17 18:00:34.009759,84.78245,85.26725,86.5526
2022-01-17 18:00:34.505035,83.9569,83.97725,86.5526
2022-01-17 18:00:35.004674,84.52377,85.0085,85.88531
2022-01-17 18:00:35.501768,83.90492,84.33875,85.88531
2022-01-17 18:00:36.009076,84.31831,84.90575,85.53187
2022-01-17 18:00:36.504066,84.31831,84.699,85.53187
2022-01-17 18:00:37.002330,83.54475,84.132,86.51301
2022-01-17 18:00:37.508001,84.26632,84.90575,86.51301
2022-01-17 18:00:38.006759,84.11161,84.23475,86.04176
2022-01-17 18:00:38.511010,84.21434,84.699,86.04176
2022-01-17 18:00:39.008557,84.31831,84.54425,86.15958
2022-01-17 18:00:39.503044,83.9569,84.59625,86.15958
2022-01-17 18:00:40.001189,84.11161,84.59625,85.80614
2022-01-17 18:00:40.506459,83.85417,84.4415,85.80614
2022-01-17 18:00:41.005635,84.36905,84.803,85.68833
2022-01-17 18:00:41.501343,83.9569,84.33875,85.68833
2022-01-17 18:00:42.009114,84.42104,84.699,85.49229
2022-01-17 18:00:42.503374,84.1636,84.4935,85.49229
2022-01-17 18:00:43.001168,83.9569,84.23475,85.7675
2022-01-17 18:00:43.507724,84.62773,84.85375,85.7675
2022-01-17 18:00:44.005878,83.80219,84.23475,85.02104
2022-01-17 18:00:44.501760,84.21434,84.803,85.02104
2022-01-17 18:00:45.001864,83.9569,84.3895,85.72791
2022-01-17 18:00:45.507471,84.36905,84.4935,85.72791
2022-01-17 18:00:46.004507,84.78245,84.85375,86.00312
2022-01-17 18:00:46.510383,83.85417,84.28675,86.00312
2022-01-17 18:00:47.010326,84.47302,84.803,85.72791
2022-01-17 18:00:47.505178,84.1636,84.4935,85.72791
2022-01-17 18:00:48.003796,84.31831,84.90575,86.00312
2022-01-17 18:00:48.511043,83.54475,84.132,86.00312
2022-01-17 18:00:49.010093,84.47302,84.803,85.92395
2022-01-17 18:00:49.503740,84.05963,84.132,85.92395
2022-01-17 18:00:50.001540,84.42104,84.95775,85.09926
2022-01-17 18:00:50.506906,84.00888,84.4415,85.09926
2022-01-17 18:00:51.005872,83.7502,84.132,85.68833
2022-01-17 18:00:51.501703,84.93716,85.318,85.68833
2022-01-17 18:00:52.001090,83.33805,84.02925,85.4527
2022-01-17 18:00:52.505659,84.42104,84.699,85.4527
2022-01-17 18:00:53.003124,83.85417,84.02925,85.88531
2022-01-17 18:00:53.506999,84.47302,84.699,85.88531
2022-01-17 18:00:54.005713,84.21434,84.4415,85.96354
2022-01-17 18:00:54.511127,84.11161,84.54425,85.96354
2022-01-17 18:00:55.009308,84.11161,84.64825,86.35656
2022-01-17 18:00:55.504847,83.85417,84.3895,86.35656
2022-01-17 18:00:56.002695,84.73046,85.1125,85.49229
2022-01-17 18:00:56.508888,83.69946,83.8745,85.49229
2022-01-17 18:00:57.007555,84.36905,84.64825,85.88531
2022-01-17 18:00:57.505659,83.85417,84.28675,85.88531
2022-01-17 18:00:58.004434,84.1636,84.4935,85.25666
2022-01-17 18:00:58.509140,84.42104,84.803,85.25666
2022-01-17 18:00:59.008838,83.54475,84.184,86.19916
2022-01-17 18:00:59.503174,84.47302,84.95775,86.19916
2022-01-17 18:01:00.010847,83.85417,84.23475,85.25666
2022-01-17 18:01:00.502990,84.9879,85.21525,85.25666
2022-01-17 18:01:01.002208,84.05963,84.08,86.12093
2022-01-17 18:01:01.508730,84.1636,84.4935,86.12093
2022-01-17 18:01:02.007288,83.85417,84.3895,85.29625
2022-01-17 18:01:02.501994,84.42104,84.85375,85.29625
2022-01-17 18:01:03.009627,84.05963,84.4415,85.53187
2022-01-17 18:01:03.505942,83.90492,84.28675,85.53187
2022-01-17 18:01:04.004475,84.36905,84.54425,85.64968
2022-01-17 18:01:04.510817,84.42104,84.751,85.64968
2022-01-17 18:01:05.009808,83.9569,84.184,85.72791
2022-01-17 18:01:05.505776,84.31831,84.751,85.72791
2022-01-17 18:01:06.004024,83.69946,84.184,85.57051
2022-01-17 18:01:06.509769,84.47302,85.1125,85.57051
2022-01-17 18:01:07.009776,83.7502,84.3895,86.00312
2022-01-17 18:01:07.506317,84.1636,84.184,86.00312
2022-01-17 18:01:08.004265,84.62773,84.699,86.12093
2022-01-17 18:01:08.509043,84.1636,84.59625,86.12093
2022-01-17 18:01:09.006579,84.11161,84.64825,85.88531
2022-01-17 18:01:09.501436,83.90492,84.33875,85.88531
2022-01-17 18:01:10.007666,84.11161,84.699,85.4527
2022-01-17 18:01:10.507904,83.90492,84.33875,85.4527
2022-01-17 18:01:11.005952,84.21434,84.64825,85.21708
2022-01-17 18:01:11.509898,84.57575,84.803,85.21708
2022-01-17 18:01:12.008848,84.31831,84.33875,85.09926
2022-01-17 18:01:12.502631,84.05963,84.64825,85.09926
2022-01-17 18:01:13.001686,83.90492,84.3895,85.68833
2022-01-17 18:01:13.507835,84.42104,84.90575,85.68833
2022-01-17 18:01:14.006848,83.7502,84.23475,85.88531
2022-01-17 18:01:14.502357,84.31831,84.64825,85.88531
2022-01-17 18:01:15.002747,84.00888,84.33875,85.72791
2022-01-17 18:01:15.507598,84.57575,84.699,85.72791
2022-01-17 18:01:16.005823,84.36905,84.699,87.10208
2022-01-17 18:01:16.510643,84.05963,84.4415,87.10208
2022-01-17 18:01:17.009004,84.26632,84.699,85.84572
2022-01-17 18:01:17.505129,83.7502,83.92525,85.84572
2022-01-17 18:01:18.004593,84.78245,85.26725,84.70718
2022-01-17 18:01:18.510414,83.44078,83.92525,84.70718
2022-01-17 18:01:19.008810,84.47302,84.699,85.92395
2022-01-17 18:01:19.506046,83.9569,84.184,85.92395
2022-01-17 18:01:20.005568,84.36905,84.699,85.72791
2022-01-17 18:01:20.510295,84.31831,84.699,85.72791
2022-01-17 18:01:21.009806,84.21434,84.4415,86.04176
2022-01-17 18:01:21.504379,83.9569,84.184,86.04176
2022-01-17 18:01:22.002002,83.64747,84.184,85.6101
2022-01-17 18:01:22.507847,84.73046,84.95775,85.6101
2022-01-17 18:01:23.005991,84.42104,84.64825,86.27739
2022-01-17 18:01:23.501281,84.00888,84.4415,86.27739
2022-01-17 18:01:24.010157,84.05963,84.4415,86.12093
2022-01-17 18:01:24.508172,83.9569,84.3895,86.12093
2022-01-17 18:01:25.005380,84.57575,85.0085,85.96354
2022-01-17 18:01:25.510253,83.7502,84.28675,85.96354
2022-01-17 18:01:26.008723,83.90492,84.132,85.33489
2022-01-17 18:01:26.503464,84.31831,84.4935,85.33489
2022-01-17 18:01:27.001911,84.42104,84.85375,85.53187
2022-01-17 18:01:27.507354,84.11161,84.64825,85.53187
2022-01-17 18:01:28.005723,83.90492,84.33875,85.7675
2022-01-17 18:01:28.502266,84.26632,84.4935,85.7675
2022-01-17 18:01:29.003593,84.26632,85.0605,86.19916
2022-01-17 18:01:29.506975,84.05963,84.23475,86.19916
2022-01-17 18:01:30.005791,84.1636,84.3895,85.57051
2022-01-17 18:01:30.510798,83.9569,84.08,85.57051
2022-01-17 18:01:31.008089,84.62773,85.16325,85.92395
2022-01-17 18:01:31.501635,83.85417,84.33875,85.92395
2022-01-17 18:01:32.010485,84.31831,84.54425,85.64968
2022-01-17 18:01:32.505098,83.90492,84.3895,85.64968
2022-01-17 18:01:33.004017,84.1636,84.54425,86.08135
2022-01-17 18:01:33.501647,84.52377,84.751,86.08135
2022-01-17 18:01:34.001073,84.05963,84.184,85.84572
2022-01-17 18:01:34.506488,84.57575,85.0085,85.84572
2022-01-17 18:01:35.005617,83.54475,84.02925,86.59218
2022-01-17 18:01:35.510660,84.47302,84.90575,86.59218
2022-01-17 18:01:36.008319,83.85417,84.3895,85.88531
2022-01-17 18:01:36.502634,84.21434,84.4415,85.88531
2022-01-17 18:01:37.009806,83.85417,84.184,85.88531
2022-01-17 18:01:37.508179,84.26632,84.4415,85.88531
2022-01-17 18:01:38.006103,84.47302,84.751,85.41406
2022-01-17 18:01:38.511124,83.7502,84.184,85.41406
2022-01-17 18:01:39.010224,84.57575,84.90575,85.68833
2022-01-17 18:01:39.505188,83.69946,84.132,85.68833
2022-01-17 18:01:40.010993,84.36905,84.751,85.29625
2022-01-17 18:01:40.505924,83.59549,84.132,85.29625
2022-01-17 18:01:41.003562,84.62773,84.64825,85.84572
2022-01-17 18:01:41.509689,84.42104,84.4935,85.84572
2022-01-17 18:01:42.008704,83.85417,84.184,85.96354
2022-01-17 18:01:42.503078,84.42104,84.803,85.96354
2022-01-17 18:01:43.011032,83.7502,84.08,85.68833
2022-01-17 18:01:43.505926,84.73046,85.16325,85.68833
2022-01-17 18:01:44.004653,83.33805,83.92525,85.92395
2022-01-17 18:01:44.501179,84.52377,84.64825,85.92395
2022-01-17 18:01:45.010648,84.21434,84.59625,85.57051
2022-01-17 18:01:45.504880,84.36905,84.699,85.57051
2022-01-17 18:01:46.002023,84.1636,84.4935,85.09926
2022-01-17 18:01:47.004783,84.83319,85.0605,85.57051
2022-01-17 18:01:47.509119,83.80219,84.4415,85.57051
2022-01-17 18:01:48.006950,84.05963,84.3895,86.19916
2022-01-17 18:01:48.502648,84.05963,84.28675,86.19916
2022-01-17 18:01:49.002594,84.47302,84.85375,86.35656
2022-01-17 18:01:49.508391,84.47302,84.803,86.35656
2022-01-17 18:01:50.007980,84.05963,84.3895,86.31697
2022-01-17 18:01:50.505210,84.05963,84.4415,86.31697
2022-01-17 18:01:51.004050,83.85417,84.4935,86.04176
2022-01-17 18:01:51.502220,84.36905,84.54425,86.04176
2022-01-17 18:01:52.011018,84.21434,84.699,85.4527
2022-01-17 18:01:52.505833,83.90492,84.02925,85.4527
2022-01-17 18:01:53.005021,84.42104,84.90575,85.4527
2022-01-17 18:01:54.005275,84.26632,84.4935,85.37447
2022-01-17 18:01:54.511075,83.90492,84.3895,85.37447
2022-01-17 18:01:55.008935,84.05963,84.23475,86.23875
2022-01-17 18:01:55.504636,83.85417,84.3895,86.23875
2022-01-17 18:01:56.009568,84.42104,84.64825,85.49229
2022-01-17 18:01:56.504672,84.21434,84.3895,85.49229
2022-01-17 18:01:57.004966,84.00888,84.28675,85.96354
2022-01-17 18:01:57.508915,84.36905,84.85375,85.96354
2022-01-17 18:01:58.007293,83.9569,84.3895,85.80614
2022-01-17 18:01:58.502804,84.26632,84.33875,85.80614
2022-01-17 18:01:59.001810,83.9569,84.699,85.37447
2022-01-17 18:01:59.507797,83.90492,84.184,85.37447
2022-01-17 18:02:00.006994,84.52377,84.90575,85.41406
2022-01-17 18:02:00.503412,83.80219,84.132,85.41406
2022-01-17 18:02:01.007907,84.62773,84.751,86.3952
2022-01-17 18:02:01.506319,83.90492,84.28675,86.3952
2022-01-17 18:02:02.003211,84.67848,84.95775,85.33489
2022-01-17 18:02:02.508532,83.54475,84.132,85.33489
2022-01-17 18:02:03.005236,84.26632,84.59625,85.92395
2022-01-17 18:02:03.510971,84.11161,84.4415,85.92395
2022-01-17 18:02:04.010159,84.57575,84.95775,86.00312
2022-01-17 18:02:04.506302,84.11161,84.59625,86.00312
2022-01-17 18:02:05.004261,83.49276,83.8745,85.7675
2022-01-17 18:02:05.509605,84.73046,84.85375,85.7675
2022-01-17 18:02:06.007463,83.7502,84.33875,85.4527
2022-01-17 18:02:06.501812,84.47302,84.751,85.4527
2022-01-17 18:02:07.010974,84.11161,84.4415,85.96354
2022-01-17 18:02:07.506988,84.05963,84.23475,85.96354
2022-01-17 18:02:08.004985,84.26632,84.59625,85.21708
2022-01-17 18:02:08.509736,83.85417,84.4415,85.21708
2022-01-17 18:02:09.008095,84.36905,84.3895,85.92395
2022-01-17 18:02:09.502716,83.69946,84.3895,85.92395
2022-01-17 18:02:10.000537,84.47302,84.803,85.92395
2022-01-17 18:02:10.510007,83.80219,84.132,85.92395
2022-01-17 18:02:11.008164,84.47302,84.95775,85.53187
2022-01-17 18:02:11.505326,84.26632,84.33875,85.53187
2022-01-17 18:02:12.004409,84.05963,84.59625,86.00312
2022-01-17 18:02:12.509720,84.21434,84.4415,86.00312
2022-01-17 18:02:13.008247,83.80219,84.33875,86.27739
2022-01-17 18:02:13.505866,84.31831,84.54425,86.27739
2022-01-17 18:02:14.003786,83.69946,84.54425,85.21708
2022-01-17 18:02:14.509256,84.67848,84.64825,85.21708
2022-01-17 18:02:15.006909,84.26632,84.23475,85.64968
2022-01-17 18:02:15.502424,84.36905,84.95775,85.64968
2022-01-17 18:02:16.010671,83.7502,83.97725,86.00312
2022-01-17 18:02:16.505628,84.26632,84.64825,86.00312
2022-01-17 18:02:17.002766,83.85417,84.08,85.53187
2022-01-17 18:02:17.508341,83.80219,84.803,85.53187
2022-01-17 18:02:18.006591,84.36905,84.54425,86.08135
2022-01-17 18:02:18.502112,84.26632,84.184,86.08135
2022-01-17 18:02:19.010967,84.26632,84.59625,85.88531
2022-01-17 18:02:19.507388,84.1636,84.4415,85.88531
2022-01-17 18:02:20.005790,84.00888,84.751,85.29625
2022-01-17 18:02:20.511151,84.21434,84.3895,85.29625
2022-01-17 18:02:21.009634,83.7502,84.54425,85.41406
2022-01-17 18:02:21.505116,84.00888,84.33875,85.41406
2022-01-17 18:02:22.005194,84.47302,84.699,85.6101
2022-01-17 18:02:22.501837,84.62773,84.90575,85.6101
2022-01-17 18:02:23.011040,83.90492,84.132,85.53187
2022-01-17 18:02:23.505675,83.9569,84.4415,85.53187
2022-01-17 18:02:24.003852,84.05963,84.184,85.41406
2022-01-17 18:02:24.509733,84.00888,85.0085,85.41406
2022-01-17 18:02:25.008687,84.00888,84.28675,86.63083
2022-01-17 18:02:25.504046,84.05963,84.184,86.63083
2022-01-17 18:02:26.001457,84.05963,84.23475,85.84572
2022-01-17 18:02:26.507685,84.57575,84.751,85.84572
2022-01-17 18:02:27.005460,83.9569,84.54425,86.74864
2022-01-17 18:02:27.501374,84.05963,84.23475,86.74864
2022-01-17 18:02:28.003660,83.49276,84.08,86.04176
2022-01-17 18:02:28.510358,84.52377,84.85375,86.04176
2022-01-17 18:02:29.009310,84.05963,84.4935,85.84572
2022-01-17 18:02:29.503350,84.05963,84.23475,85.84572
2022-01-17 18:02:30.010454,84.57575,84.59625,85.68833
2022-01-17 18:02:30.505797,84.05963,84.4935,85.68833
2022-01-17 18:02:31.002792,84.36905,84.751,86.3952
2022-01-17 18:02:31.511074,83.64747,84.33875,86.3952
2022-01-17 18:02:32.008166,83.9569,84.23475,85.96354
2022-01-17 18:02:32.505273,83.9569,84.4935,85.96354
2022-01-17 18:02:33.005082,84.36905,84.59625,85.17843
2022-01-17 18:02:33.510400,84.26632,84.28675,85.17843
2022-01-17 18:02:34.008614,84.21434,84.803,86.00312
2022-01-17 18:02:34.503869,84.31831,84.4935,86.00312
2022-01-17 18:02:35.003074,84.1636,84.751,86.04176
2022-01-17 18:02:35.508575,84.1636,84.54425,86.04176
2022-01-17 18:02:36.008001,83.69946,84.4415,85.64968
2022-01-17 18:02:36.502919,84.52377,84.59625,85.64968
2022-01-17 18:02:37.001157,84.21434,84.3895,86.08135
2022-01-17 18:02:37.505946,84.11161,84.59625,86.08135
2022-01-17 18:02:38.004736,84.21434,84.3895,86.59218
2022-01-17 18:02:38.510399,84.11161,84.64825,86.59218
2022-01-17 18:02:39.010284,84.31831,84.28675,85.37447
2022-01-17 18:02:39.504821,83.69946,84.54425,85.37447
2022-01-17 18:02:40.003109,84.47302,84.803,86.23875
2022-01-17 18:02:40.510832,84.1636,84.3895,86.23875
2022-01-17 18:02:41.009899,84.57575,84.95775,85.84572
2022-01-17 18:02:41.506437,83.85417,84.02925,85.84572
2022-01-17 18:02:42.006099,84.47302,85.0605,85.4527
2022-01-17 18:02:42.501158,84.26632,84.23475,85.4527
2022-01-17 18:02:43.006597,83.90492,84.54425,86.15958
2022-01-17 18:02:43.510901,83.80219,83.7705,86.15958
2022-01-17 18:02:44.008941,83.44078,83.92525,88.08416
2022-01-17 18:02:44.503114,85.34931,85.37,88.08416
2022-01-17 18:02:45.003209,83.54475,83.8745,232.91531
2022-01-17 18:02:45.507690,84.26632,84.699,232.91531
2022-01-17 18:02:46.006401,83.59549,83.71975,213.7901
2022-01-17 18:02:46.509092,84.36905,84.95775,213.7901
2022-01-17 18:02:47.006476,84.42104,84.59625,133.24593
2022-01-17 18:02:47.502489,84.00888,84.28675,133.24593
2022-01-17 18:02:48.001001,83.80219,83.8745,93.81739
2022-01-17 18:02:48.506861,84.05963,84.132,93.81739
2022-01-17 18:02:49.005565,84.52377,85.16325,94.0926
2022-01-17 18:02:49.503767,83.85417,83.97725,94.0926
2022-01-17 18:02:50.003057,84.11161,84.59625,90.28301
2022-01-17 18:02:50.509040,84.11161,84.54425,90.28301
2022-01-17 18:02:51.007893,84.21434,84.803,86.86645
2022-01-17 18:02:51.503729,84.57575,84.90575,86.86645
2022-01-17 18:02:52.002527,84.21434,84.28675,86.35656
2022-01-17 18:02:52.508507,83.80219,84.33875,86.35656
2022-01-17 18:02:53.009688,84.26632,84.699,86.74864
2022-01-17 18:02:53.504544,84.1636,84.699,86.74864
2022-01-17 18:02:54.005612,84.11161,84.4935,86.43479
2022-01-17 18:02:54.502263,84.11161,84.803,86.43479
2022-01-17 18:02:55.001722,84.1636,84.33875,86.19916
2022-01-17 18:02:55.506832,84.88517,84.699,86.19916
2022-01-17 18:02:56.004883,84.00888,84.4935,86.90604
2022-01-17 18:02:56.503209,84.36905,84.59625,86.90604
2022-01-17 18:02:57.001796,83.80219,84.4935,85.96354
2022-01-17 18:02:57.507257,84.31831,84.751,85.96354
2022-01-17 18:02:58.004934,83.69946,84.4415,85.4527
2022-01-17 18:02:58.502217,84.47302,84.64825,85.4527
2022-01-17 18:02:59.010031,84.26632,84.28675,85.49229
2022-01-17 18:02:59.505555,84.42104,84.85375,85.49229
2022-01-17 18:03:00.003597,84.47302,84.54425,85.37447
2022-01-17 18:03:00.509600,83.90492,84.59625,85.37447
2022-01-17 18:03:01.007772,84.57575,84.803,85.6101
2022-01-17 18:03:01.502908,83.49276,84.23475,85.6101
2022-01-17 18:03:02.001489,84.36905,84.699,85.64968
2022-01-17 18:03:02.508478,84.26632,84.4415,85.64968
2022-01-17 18:03:03.006408,84.26632,84.4935,85.7675
2022-01-17 18:03:03.501261,84.31831,84.3895,85.7675
2022-01-17 18:03:04.009423,84.1636,84.95775,85.33489
2022-01-17 18:03:04.504824,83.90492,84.184,85.33489
2022-01-17 18:03:05.002265,83.9569,84.59625,86.5526
2022-01-17 18:03:05.508381,84.47302,84.85375,86.5526
2022-01-17 18:03:06.005692,83.7502,84.28675,85.37447
2022-01-17 18:03:06.501411,84.57575,84.90575,85.37447
2022-01-17 18:03:07.008319,84.21434,84.3895,86.71
2022-01-17 18:03:07.502981,84.1636,84.85375,86.71
2022-01-17 18:03:08.010965,84.26632,84.59625,87.18125
2022-01-17 18:03:08.505817,83.7502,84.33875,87.18125
2022-01-17 18:03:09.005006,84.1636,84.3895,85.68833
2022-01-17 18:03:09.509632,84.05963,84.64825,85.68833
2022-01-17 18:03:10.005089,84.31831,84.699,84.94281
2022-01-17 18:03:10.501576,84.36905,84.23475,84.94281
2022-01-17 18:03:11.008942,84.42104,84.95775,85.6101
2022-01-17 18:03:11.504333,84.1636,84.33875,85.6101
2022-01-17 18:03:12.001835,84.62773,85.1125,85.92395
2022-01-17 18:03:12.506498,83.64747,83.97725,85.92395
2022-01-17 18:03:13.003514,83.80219,84.3895,85.84572
2022-01-17 18:03:13.506956,84.31831,84.64825,85.84572
2022-01-17 18:03:14.004945,84.31831,84.23475,85.80614
2022-01-17 18:03:14.509750,84.00888,84.699,85.80614
2022-01-17 18:03:15.008347,84.42104,84.85375,85.6101
2022-01-17 18:03:15.501995,83.69946,84.23475,85.6101
2022-01-17 18:03:16.001168,84.73046,84.90575,86.43479
2022-01-17 18:03:16.506842,83.9569,84.3895,86.43479
2022-01-17 18:03:17.005105,84.00888,84.3895,85.4527
2022-01-17 18:03:17.509358,84.21434,84.54425,85.4527
2022-01-17 18:03:18.008944,84.11161,84.59625,85.13885
2022-01-17 18:03:18.503482,84.26632,84.59625,85.13885
2022-01-17 18:03:19.001168,84.11161,84.751,85.49229
2022-01-17 18:03:19.506637,84.21434,84.4935,85.49229
2022-01-17 18:03:20.003882,83.7502,84.33875,85.02104
2022-01-17 18:03:20.510866,84.62773,85.1125,85.02104
2022-01-17 18:03:21.008579,84.00888,84.184,85.53187
2022-01-17 18:03:21.503368,84.26632,84.751,85.53187
2022-01-17 18:03:22.001523,84.36905,84.751,85.53187
2022-01-17 18:03:22.509982,83.85417,84.54425,85.53187
2022-01-17 18:03:23.009340,84.67848,84.90575,85.64968
2022-01-17 18:03:23.504878,83.59549,84.02925,85.64968
2022-01-17 18:03:24.002225,84.78245,85.26725,85.92395
2022-01-17 18:03:24.507513,83.9569,84.23475,85.92395
2022-01-17 18:03:25.006440,84.05963,84.54425,86.19916
2022-01-17 18:03:25.502161,84.31831,84.132,86.19916
2022-01-17 18:03:26.009340,84.31831,85.0085,84.825
2022-01-17 18:03:26.503249,84.26632,84.4935,84.825
2022-01-17 18:03:27.002226,83.7502,84.23475,85.84572
2022-01-17 18:03:27.506025,84.1636,84.54425,85.84572
2022-01-17 18:03:28.004284,83.80219,84.33875,85.37447
2022-01-17 18:03:28.510416,84.88517,85.21525,85.37447
2022-01-17 18:03:29.008686,83.69946,83.61575,85.53187
2022-01-17 18:03:29.504111,84.26632,84.803,85.53187
2022-01-17 18:03:30.002959,84.36905,84.64825,85.33489
2022-01-17 18:03:30.508645,84.1636,84.64825,85.33489
2022-01-17 18:03:31.005509,84.1636,84.59625,85.72791
2022-01-17 18:03:31.510871,83.44078,84.02925,85.72791
2022-01-17 18:03:32.009587,84.83319,85.0085,84.98145
2022-01-17 18:03:32.502238,84.21434,84.28675,84.98145
2022-01-17 18:03:33.011211,84.36905,85.0085,86.19916
2022-01-17 18:03:33.509150,83.80219,84.08,86.19916
2022-01-17 18:03:34.007170,84.11161,84.54425,85.33489
2022-01-17 18:03:34.502624,84.00888,84.4415,85.33489
2022-01-17 18:03:35.010932,83.85417,84.4935,85.92395
2022-01-17 18:03:35.506134,84.42104,84.85375,85.92395
2022-01-17 18:03:36.005736,84.00888,83.97725,85.53187
2022-01-17 18:03:36.502924,84.57575,84.95775,85.53187
2022-01-17 18:03:37.003351,84.05963,84.184,86.15958
2022-01-17 18:03:37.509873,84.21434,84.751,86.15958
2022-01-17 18:03:38.009777,84.05963,84.33875,85.41406
2022-01-17 18:03:38.507443,83.7502,84.28675,85.41406
2022-01-17 18:03:39.005190,84.11161,84.64825,85.49229
2022-01-17 18:03:39.510127,84.26632,84.28675,85.49229
2022-01-17 18:03:40.009895,84.26632,84.803,85.68833
2022-01-17 18:03:40.504881,84.47302,84.33875,85.68833
2022-01-17 18:03:41.002501,84.26632,84.699,85.92395
2022-01-17 18:03:41.508271,84.00888,84.28675,85.92395
2022-01-17 18:03:42.007117,83.85417,84.54425,85.33489
2022-01-17 18:03:42.504940,84.36905,84.803,85.33489
2022-01-17 18:03:43.003118,83.85417,84.02925,86.19916
2022-01-17 18:03:43.509383,84.1636,84.4935,86.19916
2022-01-17 18:03:44.008074,84.26632,84.64825,85.80614
2022-01-17 18:03:44.501582,84.36905,84.90575,85.80614
2022-01-17 18:03:45.010295,84.52377,84.4935,86.3952
2022-01-17 18:03:45.506608,83.80219,84.28675,86.3952
2022-01-17 18:03:46.005637,84.36905,84.751,85.80614
2022-01-17 18:03:46.501259,83.80219,84.33875,85.80614
2022-01-17 18:03:47.009777,84.47302,84.85375,85.80614
2022-01-17 18:03:47.506214,84.26632,84.23475,85.80614
2022-01-17 18:03:48.004295,83.9569,84.33875,85.17843
2022-01-17 18:03:48.509897,84.62773,85.0605,85.17843
2022-01-17 18:03:49.008523,83.9569,84.33875,85.37447
2022-01-17 18:03:49.504074,84.00888,84.28675,85.37447
2022-01-17 18:03:50.002718,83.80219,84.28675,85.6101
2022-01-17 18:03:50.508165,84.52377,84.95775,85.6101
2022-01-17 18:03:51.006423,84.05963,84.02925,85.4527
2022-01-17 18:03:51.502418,84.42104,84.85375,85.4527
2022-01-17 18:03:52.010983,83.85417,84.08,86.12093
2022-01-17 18:03:52.505439,84.36905,84.803,86.12093
2022-01-17 18:03:53.003639,84.57575,84.95775,85.80614
2022-01-17 18:03:53.502556,83.28607,83.7705,85.80614
2022-01-17 18:03:54.010520,84.62773,84.95775,84.78541
2022-01-17 18:03:54.505113,83.85417,84.08,84.78541
2022-01-17 18:03:55.001210,84.52377,85.0605,86.63083
2022-01-17 18:03:55.507576,83.85417,84.184,86.63083
2022-01-17 18:03:56.005338,84.00888,84.4935,85.72791
2022-01-17 18:03:56.501757,84.36905,84.54425,85.72791
2022-01-17 18:03:57.010147,83.85417,84.33875,85.13885
2022-01-17 18:03:57.506786,84.52377,84.95775,85.13885
2022-01-17 18:03:58.004534,84.00888,84.23475,85.49229
2022-01-17 18:03:58.511077,84.31831,84.64825,85.49229
2022-01-17 18:03:59.002213,83.7502,84.08,86.15958
2022-01-17 18:03:59.508581,84.42104,84.95775,86.15958
2022-01-17 18:04:00.010411,84.21434,84.59625,85.68833
2022-01-17 18:04:00.503406,83.9569,84.3895,85.68833
2022-01-17 18:04:01.001379,84.26632,84.803,85.80614
2022-01-17 18:04:01.506283,84.05963,84.33875,85.80614
2022-01-17 18:04:02.004971,84.36905,84.90575,85.41406
2022-01-17 18:04:02.510998,84.42104,84.4415,85.41406
2022-01-17 18:04:03.009175,83.9569,84.4415,86.5526
2022-01-17 18:04:03.503785,83.90492,84.28675,86.5526
2022-01-17 18:04:04.002585,84.1636,84.54425,85.64968
2022-01-17 18:04:04.509760,84.05963,84.59625,85.64968
2022-01-17 18:04:05.009636,84.21434,84.85375,85.57051
2022-01-17 18:04:05.508632,84.31831,84.751,85.57051
2022-01-17 18:04:06.005826,84.36905,84.3895,85.96354
2022-01-17 18:04:06.501729,84.21434,84.64825,85.96354
2022-01-17 18:04:07.009830,84.21434,84.699,85.6101
2022-01-17 18:04:07.505175,84.26632,84.4415,85.6101
2022-01-17 18:04:08.002371,83.9569,84.4415,85.7675
2022-01-17 18:04:08.507058,83.85417,84.4935,85.7675
2022-01-17 18:04:09.006427,84.52377,84.85375,85.57051
2022-01-17 18:04:09.504039,84.36905,84.28675,85.57051
2022-01-17 18:04:10.011231,83.90492,84.3895,85.49229
2022-01-17 18:04:10.506655,84.21434,84.3895,85.49229
2022-01-17 18:04:11.005373,83.85417,84.33875,86.27739
2022-01-17 18:04:11.510295,84.31831,84.751,86.27739
2022-01-17 18:04:12.009305,83.69946,84.184,86.15958
2022-01-17 18:04:12.503260,84.05963,84.54425,86.15958
2022-01-17 18:04:13.001797,84.26632,84.33875,85.72791
2022-01-17 18:04:13.506154,84.52377,84.85375,85.72791
2022-01-17 18:04:14.006173,84.00888,84.23475,85.84572
2022-01-17 18:04:14.510966,84.1636,84.4415,85.84572
2022-01-17 18:04:15.009321,84.21434,84.803,85.37447
2022-01-17 18:04:15.506162,83.54475,84.23475,85.37447
2022-01-17 18:04:16.004072,84.62773,85.1125,85.53187
2022-01-17 18:04:16.509013,83.85417,84.02925,85.53187
2022-01-17 18:04:17.006159,84.57575,84.85375,86.12093
2022-01-17 18:04:17.509855,84.00888,84.23475,86.12093
2022-01-17 18:04:18.008747,84.11161,84.3895,86.86645
2022-01-17 18:04:18.506157,84.26632,84.4935,86.86645
2022-01-17 18:04:19.002899,83.59549,84.132,85.6101
2022-01-17 18:04:19.509530,84.36905,84.95775,85.6101
2022-01-17 18:04:20.008925,83.80219,84.23475,85.41406
2022-01-17 18:04:20.503729,84.62773,84.85375,85.41406
2022-01-17 18:04:21.002812,84.21434,84.4415,86.27739
2022-01-17 18:04:21.508601,84.21434,84.54425,86.27739
2022-01-17 18:04:22.005331,84.05963,84.4935,85.6101
2022-01-17 18:04:22.501163,84.00888,84.23475,85.6101
2022-01-17 18:04:23.009687,84.1636,84.699,86.23875
2022-01-17 18:04:23.504601,83.64747,84.23475,86.23875
2022-01-17 18:04:24.003375,84.42104,84.64825,85.09926
2022-01-17 18:04:24.508502,84.1636,84.23475,85.09926
2022-01-17 18:04:25.005960,84.05963,84.59625,85.7675
2022-01-17 18:04:25.510903,84.11161,84.4415,85.7675
2022-01-17 18:04:26.009455,84.21434,84.699,85.29625
2022-01-17 18:04:26.504247,83.90492,84.4415,85.29625
2022-01-17 18:04:27.003547,83.80219,84.33875,85.96354
2022-01-17 18:04:27.510443,84.1636,84.3895,85.96354
2022-01-17 18:04:28.009441,84.36905,84.54425,85.25666
2022-01-17 18:04:28.503870,83.90492,84.33875,85.25666
2022-01-17 18:04:29.001051,84.11161,84.4415,86.19916
2022-01-17 18:04:29.505681,84.21434,84.59625,86.19916
2022-01-17 18:04:30.004785,84.00888,84.751,85.88531
2022-01-17 18:04:30.510798,83.9569,84.54425,85.88531
2022-01-17 18:04:31.008822,84.00888,84.23475,86.04176
2022-01-17 18:04:31.504632,84.31831,84.59625,86.04176
2022-01-17 18:04:32.002059,84.21434,84.4935,85.6101
2022-01-17 18:04:32.506739,84.1636,84.59625,85.6101
2022-01-17 18:04:33.005579,83.80219,84.132,86.19916
2022-01-17 18:04:33.510564,84.57575,85.0085,86.19916
2022-01-17 18:04:34.007713,83.7502,84.184,85.13885
2022-01-17 18:04:34.503491,84.36905,84.699,85.13885
2022-01-17 18:04:35.010922,84.00888,84.132,85.6101
2022-01-17 18:04:35.503285,84.11161,84.59625,85.6101
2022-01-17 18:04:36.002396,84.47302,84.699,85.09926
2022-01-17 18:04:36.507145,84.05963,84.132,85.09926
2022-01-17 18:04:37.004599,84.31831,84.85375,85.96354
2022-01-17 18:04:37.509796,83.85417,84.132,85.96354
2022-01-17 18:04:38.007516,84.52377,84.90575,86.47437
2022-01-17 18:04:38.502132,84.00888,84.184,86.47437
2022-01-17 18:04:39.001681,84.31831,84.54425,85.84572
2022-01-17 18:04:39.508845,84.21434,84.4935,85.84572
2022-01-17 18:04:40.007280,83.59549,84.02925,85.80614
2022-01-17 18:04:40.504177,84.47302,84.803,85.80614
2022-01-17 18:04:41.003283,83.80219,84.3895,86.00312
2022-01-17 18:04:41.507536,84.73046,85.37,86.00312
2022-01-17 18:04:42.006520,83.23532,83.66775,85.37447
2022-01-17 18:04:42.501968,84.67848,84.90575,85.37447
2022-01-17 18:04:43.010122,84.31831,84.33875,85.49229
2022-01-17 18:04:43.505711,84.1636,84.4935,85.49229
2022-01-17 18:04:44.005184,84.05963,84.699,85.57051
2022-01-17 18:04:44.501559,83.69946,84.02925,85.57051
2022-01-17 18:04:45.010419,84.31831,84.85375,86.12093
2022-01-17 18:04:45.504444,83.85417,84.33875,86.12093
2022-01-17 18:04:46.006266,84.47302,84.85375,85.84572
2022-01-17 18:04:46.501280,84.1636,84.33875,85.84572
2022-01-17 18:04:47.009409,84.00888,84.23475,85.72791
2022-01-17 18:04:47.505298,84.26632,84.4935,85.72791
2022-01-17 18:04:48.003874,84.00888,84.3895,86.19916
2022-01-17 18:04:48.509001,84.67848,85.0085,86.19916
2022-01-17 18:04:49.010860,83.64747,84.02925,86.3952
2022-01-17 18:04:49.506113,84.1636,84.33875,86.3952
2022-01-17 18:04:50.004385,84.21434,84.4415,84.98145
2022-01-17 18:04:50.510385,84.36905,84.803,84.98145
2022-01-17 18:04:51.008505,84.1636,84.3895,85.92395
2022-01-17 18:04:51.502679,83.90492,84.33875,85.92395
2022-01-17 18:04:52.002798,84.1636,84.54425,85.7675
2022-01-17 18:04:52.508514,84.1636,84.64825,85.7675
2022-01-17 18:04:53.006172,83.9569,84.3895,84.825
2022-01-17 18:04:53.504966,84.05963,84.23475,84.825
2022-01-17 18:04:54.002439,84.47302,84.4935,85.57051
2022-01-17 18:04:54.507325,84.26632,84.699,85.57051
2022-01-17 18:04:55.005763,83.90492,84.33875,85.96354
2022-01-17 18:04:55.510455,84.36905,84.803,85.96354
2022-01-17 18:04:56.009023,83.54475,84.08,85.57051
2022-01-17 18:04:56.504733,84.67848,85.0085,85.57051
2022-01-17 18:04:57.002687,83.69946,84.33875,86.15958
2022-01-17 18:04:57.508585,84.21434,84.4415,86.15958
2022-01-17 18:04:58.006586,84.47302,84.54425,85.29625
2022-01-17 18:04:58.502573,83.85417,84.28675,85.29625
2022-01-17 18:04:59.010884,84.52377,85.0085,85.92395
2022-01-17 18:04:59.505781,83.7502,84.23475,85.92395
2022-01-17 18:05:00.006007,84.26632,84.751,86.15958
2022-01-17 18:05:00.501799,83.49276,84.08,86.15958
2022-01-17 18:05:01.010412,84.42104,84.4935,85.49229
2022-01-17 18:05:01.505357,84.42104,84.64825,85.49229
2022-01-17 18:05:02.004896,84.00888,84.33875,85.41406
2022-01-17 18:05:02.510721,84.42104,84.95775,85.41406
2022-01-17 18:05:03.008892,83.90492,84.184,85.68833
2022-01-17 18:05:03.503709,84.62773,84.90575,85.68833
2022-01-17 18:05:04.002143,83.33805,84.08,85.25666
2022-01-17 18:05:04.510563,84.21434,84.4935,85.25666
2022-01-17 18:05:05.009496,84.05963,84.02925,85.29625
2022-01-17 18:05:05.504750,84.36905,84.699,85.29625
2022-01-17 18:05:06.002719,83.85417,84.132,85.57051
2022-01-17 18:05:06.508749,83.80219,84.3895,85.57051
2022-01-17 18:05:07.006595,84.78245,84.95775,230.55906
2022-01-17 18:05:07.502129,82.82193,83.2035,230.55906
2022-01-17 18:05:08.011117,84.9879,85.16325,215.71468
2022-01-17 18:05:08.506644,84.00888,84.132,215.71468
2022-01-17 18:05:09.005120,84.1636,84.33875,171.535
2022-01-17 18:05:09.501534,84.26632,84.54425,171.535
2022-01-17 18:05:10.008121,83.44078,84.02925,101.43656
2022-01-17 18:05:10.500684,84.83319,85.1125,101.43656
2022-01-17 18:05:11.005527,83.59549,84.23475,94.8777
2022-01-17 18:05:11.509139,84.47302,84.4935,94.8777
2022-01-17 18:05:12.007191,83.59549,83.97725,93.07187
2022-01-17 18:05:12.501804,84.42104,84.4935,93.07187
2022-01-17 18:05:13.009665,84.36905,84.803,86.86645
2022-01-17 18:05:13.505451,83.9569,84.54425,86.86645
2022-01-17 18:05:14.005450,84.00888,84.3895,85.6101
2022-01-17 18:05:14.510519,84.1636,84.54425,85.6101
2022-01-17 18:05:15.007443,84.47302,84.95775,86.12093
2022-01-17 18:05:15.504608,83.7502,84.184,86.12093
2022-01-17 18:05:16.002819,84.57575,84.803,86.47437
2022-01-17 18:05:16.507542,84.1636,84.54425,86.47437
2022-01-17 18:05:17.004933,84.1636,84.54425,86.51301
2022-01-17 18:05:17.510117,84.05963,84.699,86.51301
2022-01-17 18:05:18.009594,84.1636,84.3895,86.19916
2022-01-17 18:05:18.504731,84.26632,84.54425,86.19916
2022-01-17 18:05:19.001426,84.11161,84.85375,86.82781
2022-01-17 18:05:19.507381,84.00888,84.184,86.82781
2022-01-17 18:05:20.007146,84.42104,84.699,85.84572
2022-01-17 18:05:20.501177,83.90492,84.28675,85.84572
2022-01-17 18:05:21.009066,84.1636,84.699,85.84572
2022-01-17 18:05:21.504747,84.1636,84.59625,85.84572
2022-01-17 18:05:22.001437,84.26632,84.85375,85.4527
2022-01-17 18:05:22.505590,83.69946,84.33875,85.4527
2022-01-17 18:05:23.003125,84.42104,84.699,86.47437
2022-01-17 18:05:23.506886,84.31831,84.64825,86.47437
2022-01-17 18:05:24.006411,84.31831,84.59625,86.00312
2022-01-17 18:05:24.501757,84.11161,84.751,86.00312
2022-01-17 18:05:25.009944,83.80219,84.23475,86.31697
2022-01-17 18:05:25.505467,84.21434,84.751,86.31697
2022-01-17 18:05:26.004128,83.7502,84.54425,85.4527
2022-01-17 18:05:26.508158,84.31831,84.699,85.4527
2022-01-17 18:05:27.006169,84.26632,84.64825,86.04176
2022-01-17 18:05:27.502049,84.57575,84.90575,86.04176
2022-01-17 18:05:28.002147,84.11161,84.33875,85.68833
2022-01-17 18:05:28.510650,83.9569,84.23475,85.68833
2022-01-17 18:05:29.008342,84.31831,84.751,85.17843
2022-01-17 18:05:29.503904,84.05963,84.54425,85.17843
2022-01-17 18:05:30.001961,84.1636,84.4415,85.96354
2022-01-17 18:05:30.508397,83.80219,84.23475,85.96354
2022-01-17 18:05:31.005716,84.21434,84.59625,84.90322
2022-01-17 18:05:31.510645,84.67848,84.85375,84.90322
2022-01-17 18:05:32.009379,83.9569,84.23475,86.5526
2022-01-17 18:05:32.504711,84.31831,84.59625,86.5526
2022-01-17 18:05:33.002602,83.69946,84.28675,85.53187
2022-01-17 18:05:33.507916,84.36905,84.751,85.53187
2022-01-17 18:05:34.004744,83.80219,84.33875,85.68833
2022-01-17 18:05:34.504503,84.26632,84.4415,85.68833
2022-01-17 18:05:35.002610,84.26632,84.54425,85.80614
2022-01-17 18:05:35.507519,84.26632,84.751,85.80614
2022-01-17 18:05:36.005351,84.11161,84.23475,85.57051
2022-01-17 18:05:36.509428,84.31831,84.803,85.57051
2022-01-17 18:05:37.008819,84.05963,84.33875,86.23875
2022-01-17 18:05:37.506553,83.69946,84.3895,86.23875
2022-01-17 18:05:38.005801,84.21434,84.3895,85.6101
2022-01-17 18:05:38.510959,84.36905,84.59625,85.6101
2022-01-17 18:05:39.008704,84.21434,84.54425,85.84572
2022-01-17 18:05:39.503737,84.31831,84.699,85.84572
2022-01-17 18:05:40.002332,84.11161,84.59625,86.08135
2022-01-17 18:05:40.507730,84.11161,84.28675,86.08135
2022-01-17 18:05:41.004554,83.9569,84.803,86.35656
2022-01-17 18:05:41.511055,83.90492,84.08,86.35656
2022-01-17 18:05:42.009360,84.47302,84.803,85.7675
2022-01-17 18:05:42.504780,84.11161,84.3895,85.7675
2022-01-17 18:05:43.002861,84.21434,84.54425,85.53187
2022-01-17 18:05:43.507613,84.11161,84.59625,85.53187
2022-01-17 18:05:44.005450,84.26632,84.28675,86.12093
2022-01-17 18:05:44.509761,83.9569,84.64825,86.12093
2022-01-17 18:05:45.009607,84.1636,84.23475,85.64968
2022-01-17 18:05:45.506111,84.42104,84.803,85.64968
2022-01-17 18:05:46.005675,84.11161,84.4935,85.21708
2022-01-17 18:05:46.510470,84.31831,84.699,85.21708
2022-01-17 18:05:47.009742,84.00888,84.3895,86.08135
2022-01-17 18:05:47.504651,84.42104,84.64825,86.08135
2022-01-17 18:05:48.004722,84.26632,84.803,85.53187
2022-01-17 18:05:48.509881,83.80219,84.08,85.53187
2022-01-17 18:05:49.008588,84.42104,84.751,86.08135
2022-01-17 18:05:49.504355,84.11161,84.184,86.08135
2022-01-17 18:05:50.002444,84.57575,85.0085,85.37447
2022-01-17 18:05:50.508911,83.44078,83.97725,85.37447
2022-01-17 18:05:51.007372,84.36905,84.54425,87.18125
2022-01-17 18:05:51.503336,84.11161,84.54425,87.18125
2022-01-17 18:05:52.002842,84.52377,84.95775,86.08135
2022-01-17 18:05:52.508631,83.80219,84.33875,86.08135
2022-01-17 18:05:53.007210,84.1636,84.4415,85.96354
2022-01-17 18:05:53.503531,84.42104,84.3895,85.96354
2022-01-17 18:05:54.002218,84.05963,84.3895,85.33489
2022-01-17 18:05:54.508217,84.31831,84.751,85.33489
2022-01-17 18:05:55.007021,83.80219,84.28675,85.92395
2022-01-17 18:05:55.503057,84.47302,84.64825,85.92395
2022-01-17 18:05:56.009560,83.80219,84.59625,85.84572
2022-01-17 18:05:56.504072,84.31831,84.54425,85.84572
2022-01-17 18:05:57.002423,84.57575,84.699,85.13885
2022-01-17 18:05:57.507655,83.85417,84.132,85.13885
2022-01-17 18:05:58.005726,84.42104,84.751,86.23875
2022-01-17 18:05:58.502782,83.9569,84.3895,86.23875
2022-01-17 18:05:59.011012,84.11161,84.23475,85.25666
2022-01-17 18:05:59.507264,83.80219,84.699,85.25666
2022-01-17 18:06:00.006277,84.47302,84.751,86.74864
2022-01-17 18:06:00.511095,84.00888,84.23475,86.74864
2022-01-17 18:06:01.008234,84.78245,85.0605,85.68833
2022-01-17 18:06:01.503186,84.11161,84.3895,85.68833
2022-01-17 18:06:02.002465,83.64747,84.184,85.68833
2022-01-17 18:06:02.506847,84.36905,84.59625,85.68833
2022-01-17 18:06:03.005270,83.69946,84.4935,85.84572
2022-01-17 18:06:03.510806,84.26632,84.699,85.84572
2022-01-17 18:06:04.011180,84.11161,84.59625,85.84572
2022-01-17 18:06:04.504889,84.21434,84.23475,85.84572
2022-01-17 18:06:05.003325,84.47302,84.699,85.29625
2022-01-17 18:06:05.508094,84.1636,84.699,85.29625
2022-01-17 18:06:06.004998,84.00888,84.23475,85.37447
2022-01-17 18:06:06.501793,83.90492,84.54425,85.37447
2022-01-17 18:06:07.008993,83.90492,84.23475,86.3952
2022-01-17 18:06:08.005100,84.36905,84.54425,85.29625
2022-01-17 18:06:08.501199,84.31831,84.54425,85.29625
2022-01-17 18:06:09.010951,84.00888,84.4415,86.47437
2022-01-17 18:06:09.505503,84.47302,84.699,86.47437
2022-01-17 18:06:10.002921,83.9569,84.4935,85.80614
2022-01-17 18:06:10.508875,84.21434,84.699,85.80614
2022-01-17 18:06:11.005841,83.80219,84.4935,85.80614
2022-01-17 18:06:11.506810,84.11161,84.28675,85.80614
2022-01-17 18:06:12.005814,84.83319,84.95775,86.19916
2022-01-17 18:06:12.510893,84.00888,84.54425,86.19916
2022-01-17 18:06:13.008981,84.21434,84.54425,85.96354
2022-01-17 18:06:13.504005,84.05963,84.33875,85.96354
2022-01-17 18:06:14.001903,84.11161,84.28675,85.33489
2022-01-17 18:06:14.507184,84.00888,84.90575,85.33489
2022-01-17 18:06:15.006173,84.1636,84.4415,85.72791
2022-01-17 18:06:15.502033,84.1636,84.08,85.72791
2022-01-17 18:06:16.001091,84.1636,84.64825,86.08135
2022-01-17 18:06:16.510878,84.42104,84.803,86.08135
2022-01-17 18:06:17.001765,83.69946,84.23475,85.4527
2022-01-17 18:06:17.508544,84.57575,84.64825,85.4527
2022-01-17 18:06:18.006491,83.64747,84.28675,85.17843
2022-01-17 18:06:18.501689,84.57575,84.803,85.17843
2022-01-17 18:06:19.008720,84.31831,84.4415,85.88531
2022-01-17 18:06:19.503911,83.9569,84.4415,85.88531
2022-01-17 18:06:20.001554,84.42104,84.64825,86.23875
2022-01-17 18:06:20.507016,83.9569,84.64825,86.23875
2022-01-17 18:06:21.006123,84.36905,84.59625,86.27739
2022-01-17 18:06:21.503309,83.85417,84.59625,86.27739
2022-01-17 18:06:22.004140,84.21434,84.4415,85.68833
2022-01-17 18:06:22.509532,83.9569,84.184,85.68833
2022-01-17 18:06:23.008631,84.73046,85.1125,85.84572
2022-01-17 18:06:23.503993,84.00888,84.132,85.84572
2022-01-17 18:06:24.003006,84.00888,84.59625,85.33489
2022-01-17 18:06:24.507575,84.31831,84.59625,85.33489
2022-01-17 18:06:25.006774,83.7502,84.4415,85.6101
2022-01-17 18:06:25.504244,84.73046,84.85375,85.6101
2022-01-17 18:06:26.003440,83.85417,84.184,85.92395
2022-01-17 18:06:26.510661,84.1636,84.54425,85.92395
2022-01-17 18:06:27.009077,84.11161,84.132,85.13885
2022-01-17 18:06:27.504320,84.31831,84.85375,85.13885
2022-01-17 18:06:28.003225,84.00888,84.08,86.78822
2022-01-17 18:06:28.509048,83.85417,84.54425,86.78822
2022-01-17 18:06:29.007232,84.11161,84.54425,86.23875
2022-01-17 18:06:29.502694,84.00888,84.4415,86.23875
2022-01-17 18:06:30.001750,84.57575,84.699,85.57051
2022-01-17 18:06:30.506973,84.1636,84.28675,85.57051
2022-01-17 18:06:31.007561,84.47302,85.0605,86.63083
2022-01-17 18:06:31.502711,83.90492,83.8745,86.63083
2022-01-17 18:06:32.010805,84.1636,84.751,85.80614
2022-01-17 18:06:32.509157,84.26632,84.59625,85.80614
2022-01-17 18:06:33.007247,83.85417,84.4935,85.53187
2022-01-17 18:06:33.501086,84.42104,84.59625,85.53187
2022-01-17 18:06:34.008671,84.26632,84.33875,86.00312
2022-01-17 18:06:34.505061,84.26632,84.54425,86.00312
2022-01-17 18:06:35.003656,84.36905,84.699,85.4527
2022-01-17 18:06:35.510823,84.05963,84.64825,85.4527
2022-01-17 18:06:36.010938,83.80219,84.02925,85.02104
2022-01-17 18:06:36.508671,84.42104,84.95775,85.02104
2022-01-17 18:06:37.006824,84.00888,84.4415,87.21989
2022-01-17 18:06:37.510632,84.47302,84.54425,87.21989
2022-01-17 18:06:38.008464,84.21434,84.54425,85.68833
2022-01-17 18:06:38.503449,84.26632,84.28675,85.68833
2022-01-17 18:06:39.002389,84.1636,84.803,85.68833
2022-01-17 18:06:39.508538,84.00888,84.33875,85.68833
2022-01-17 18:06:40.006662,83.80219,84.4415,86.35656
2022-01-17 18:06:40.502805,84.36905,84.699,86.35656
2022-01-17 18:06:41.001062,84.11161,84.3895,85.96354
2022-01-17 18:06:41.507710,84.1636,84.699,85.96354
2022-01-17 18:06:42.003847,84.21434,84.28675,85.33489
2022-01-17 18:06:42.501377,84.21434,84.85375,85.33489
2022-01-17 18:06:43.010478,84.36905,84.64825,85.88531
2022-01-17 18:06:43.506536,83.90492,84.59625,85.88531
2022-01-17 18:06:44.006487,83.85417,84.184,85.09926
2022-01-17 18:06:44.502658,84.11161,84.54425,85.09926
2022-01-17 18:06:45.010607,84.11161,84.4935,85.33489
2022-01-17 18:06:45.506061,84.00888,84.184,85.33489
2022-01-17 18:06:46.004175,84.11161,84.803,85.7675
2022-01-17 18:06:46.503924,84.31831,84.4935,85.7675
2022-01-17 18:06:47.001235,84.05963,84.699,86.5526
2022-01-17 18:06:47.507203,84.47302,84.751,86.5526
2022-01-17 18:06:48.006856,83.44078,83.97725,85.4527
2022-01-17 18:06:48.503288,84.62773,84.85375,85.4527
2022-01-17 18:06:49.003684,84.1636,84.08,85.88531
2022-01-17 18:06:49.509975,84.31831,85.0085,85.88531
2022-01-17 18:06:50.008566,84.11161,84.4935,85.4527
2022-01-17 18:06:50.504479,84.00888,84.4935,85.4527
2022-01-17 18:06:51.002659,84.1636,84.3895,85.68833
2022-01-17 18:06:51.507406,83.85417,84.54425,85.68833
2022-01-17 18:06:52.006161,84.57575,84.90575,85.21708
2022-01-17 18:06:52.502966,84.00888,83.8745,85.21708
2022-01-17 18:06:53.001250,84.31831,84.803,85.96354
2022-01-17 18:06:53.508931,83.9569,84.23475,85.96354
2022-01-17 18:06:54.008239,84.62773,85.1125,85.92395
2022-01-17 18:06:54.501589,83.80219,83.92525,85.92395
2022-01-17 18:06:55.011221,83.80219,84.4935,85.41406
2022-01-17 18:06:55.506329,84.47302,84.751,85.41406
2022-01-17 18:06:56.005214,83.9569,83.97725,85.68833
2022-01-17 18:06:56.501347,84.52377,84.803,85.68833
2022-01-17 18:06:57.010626,84.26632,84.59625,85.80614
2022-01-17 18:06:57.507885,83.9569,84.64825,85.80614
2022-01-17 18:06:58.007724,84.36905,84.4935,85.6101
2022-01-17 18:06:58.502818,83.90492,84.54425,85.6101
2022-01-17 18:06:59.001776,83.7502,84.33875,86.08135
2022-01-17 18:06:59.508214,84.47302,84.54425,86.08135
2022-01-17 18:07:00.005290,84.00888,84.3895,85.53187
2022-01-17 18:07:00.508156,84.21434,84.28675,85.53187
2022-01-17 18:07:01.006522,84.36905,85.0605,85.84572
2022-01-17 18:07:01.502308,83.80219,84.02925,85.84572
2022-01-17 18:07:02.001785,84.21434,84.64825,85.96354
2022-01-17 18:07:02.505768,84.11161,84.54425,85.96354
2022-01-17 18:07:03.004563,84.62773,84.85375,85.88531
2022-01-17 18:07:03.510526,83.85417,84.132,85.88531
2022-01-17 18:07:04.008711,84.31831,84.54425,85.53187
2022-01-17 18:07:04.505024,84.00888,84.59625,85.53187
2022-01-17 18:07:05.005136,84.52377,84.751,86.04176
2022-01-17 18:07:05.502484,83.85417,84.4415,86.04176
2022-01-17 18:07:06.001013,84.1636,84.3895,85.84572
2022-01-17 18:07:06.509346,84.1636,84.54425,85.84572
2022-01-17 18:07:07.010573,84.26632,84.59625,85.33489
2022-01-17 18:07:07.507401,84.52377,84.64825,85.33489
2022-01-17 18:07:08.001499,83.90492,84.699,86.08135
2022-01-17 18:07:08.506790,84.05963,84.28675,86.08135
2022-01-17 18:07:09.005505,84.1636,84.59625,85.72791
2022-01-17 18:07:09.509637,84.42104,84.803,85.72791
2022-01-17 18:07:10.005548,83.80219,84.33875,85.02104
2022-01-17 18:07:10.501691,84.42104,84.59625,85.02104
2022-01-17 18:07:11.001094,83.9569,84.132,85.53187
2022-01-17 18:07:11.506843,84.42104,84.90575,85.53187
2022-01-17 18:07:12.005682,84.36905,84.751,85.49229
2022-01-17 18:07:12.511109,83.54475,84.132,85.49229
2022-01-17 18:07:13.010317,84.26632,84.4935,85.53187
2022-01-17 18:07:13.505372,83.59549,84.132,85.53187
2022-01-17 18:07:14.003065,84.67848,85.1125,85.21708
2022-01-17 18:07:14.507467,84.05963,84.02925,85.21708
2022-01-17 18:07:15.006338,83.90492,84.4415,86.27739
2022-01-17 18:07:15.510332,84.05963,84.184,86.27739
2022-01-17 18:07:16.008705,84.31831,84.751,86.12093
2022-01-17 18:07:16.503020,84.31831,84.59625,86.12093
2022-01-17 18:07:17.010803,83.64747,84.23475,85.92395
2022-01-17 18:07:17.505533,84.47302,84.803,85.92395
2022-01-17 18:07:18.003432,84.00888,84.28675,85.02104
2022-01-17 18:07:18.508013,84.83319,85.16325,85.02104
2022-01-17 18:07:19.006138,83.85417,84.08,85.84572
2022-01-17 18:07:19.501501,84.26632,84.59625,85.84572
2022-01-17 18:07:20.010356,84.21434,84.54425,85.6101
2022-01-17 18:07:20.505353,83.9569,84.4415,85.6101
2022-01-17 18:07:21.002940,83.90492,84.3895,85.29625
2022-01-17 18:07:21.508024,84.1636,84.64825,85.29625
2022-01-17 18:07:22.005443,84.1636,84.699,85.49229
2022-01-17 18:07:22.510524,84.57575,84.59625,85.49229
2022-01-17 18:07:23.009200,84.11161,84.803,85.80614
2022-01-17 18:07:23.505267,84.05963,84.28675,85.80614
2022-01-17 18:07:24.002907,84.00888,84.3895,85.96354
2022-01-17 18:07:24.508526,84.11161,84.4935,85.96354
2022-01-17 18:07:25.006100,83.80219,84.184,85.80614
2022-01-17 18:07:25.510992,84.31831,84.803,85.80614
2022-01-17 18:07:26.009400,84.1636,84.33875,85.25666
2022-01-17 18:07:26.503455,84.05963,84.4935,85.25666
2022-01-17 18:07:27.001979,84.26632,84.4415,85.37447
2022-01-17 18:07:27.507384,84.31831,84.803,85.37447
2022-01-17 18:07:28.007320,84.11161,84.4415,85.96354
2022-01-17 18:07:28.505745,83.33805,83.71975,85.96354
2022-01-17 18:07:29.004765,83.9569,84.33875,128.0226
2022-01-17 18:07:29.508732,84.67848,84.64825,128.0226
2022-01-17 18:07:30.006303,83.85417,84.184,233.11135
2022-01-17 18:07:30.510968,84.42104,84.59625,233.11135
2022-01-17 18:07:31.010016,83.85417,84.184,201.02676
2022-01-17 18:07:31.505289,83.90492,84.23475,201.02676
2022-01-17 18:07:32.006078,84.47302,84.751,126.9227
2022-01-17 18:07:32.502268,83.7502,84.28675,126.9227
2022-01-17 18:07:33.001701,83.9569,83.97725,91.06906
2022-01-17 18:07:33.506586,84.1636,84.4935,91.06906
2022-01-17 18:07:34.005866,84.62773,84.64825,93.07187
2022-01-17 18:07:34.502374,83.90492,84.28675,93.07187
2022-01-17 18:07:35.011070,84.31831,84.751,88.55541
2022-01-17 18:07:35.505450,83.33805,83.7705,88.55541
2022-01-17 18:07:36.005560,84.57575,84.90575,86.59218
2022-01-17 18:07:36.510080,84.11161,84.4415,86.59218
2022-01-17 18:07:37.007452,84.00888,84.64825,86.04176
2022-01-17 18:07:37.502248,84.26632,84.28675,86.04176
2022-01-17 18:07:38.010415,83.9569,84.59625,86.23875
2022-01-17 18:07:38.504825,84.78245,85.1125,86.23875
2022-01-17 18:07:39.003038,83.69946,84.08,85.80614
2022-01-17 18:07:39.508100,84.1636,84.803,85.80614
2022-01-17 18:07:40.005831,83.9569,84.28675,86.27739
2022-01-17 18:07:40.510925,84.57575,84.751,86.27739
2022-01-17 18:07:41.008807,84.42104,84.59625,86.15958
2022-01-17 18:07:41.502861,83.80219,84.3895,86.15958
2022-01-17 18:07:42.001794,84.52377,84.85375,84.74583
2022-01-17 18:07:42.508739,83.90492,84.28675,84.74583
2022-01-17 18:07:43.006641,84.78245,85.21525,85.80614
2022-01-17 18:07:43.508778,83.33805,83.92525,85.80614
2022-01-17 18:07:44.006788,84.67848,85.16325,86.08135
2022-01-17 18:07:44.503014,84.26632,84.132,86.08135
2022-01-17 18:07:45.003028,84.1636,84.59625,85.6101
2022-01-17 18:07:45.506757,83.85417,84.184,85.6101
2022-01-17 18:07:46.004814,84.00888,84.3895,85.57051
2022-01-17 18:07:46.510903,84.11161,84.54425,85.57051
2022-01-17 18:07:47.009579,83.9569,84.4935,85.53187
2022-01-17 18:07:47.504280,84.52377,85.0605,85.53187
2022-01-17 18:07:48.002348,84.52377,84.3895,85.25666
2022-01-17 18:07:48.508356,84.36905,84.751,85.25666
2022-01-17 18:07:49.006584,84.05963,84.4415,85.68833
2022-01-17 18:07:49.503342,84.05963,84.33875,85.68833
2022-01-17 18:07:50.001778,84.00888,84.4415,85.68833
2022-01-17 18:07:50.506591,83.69946,84.33875,85.68833
2022-01-17 18:07:51.004858,84.52377,85.1125,86.15958
2022-01-17 18:07:51.502422,84.00888,84.08,86.15958
2022-01-17 18:07:52.001173,84.47302,84.95775,86.35656
2022-01-17 18:07:52.506273,84.21434,84.33875,86.35656
2022-01-17 18:07:53.004459,84.05963,84.64825,85.72791
2022-01-17 18:07:53.509666,84.31831,84.803,85.72791
2022-01-17 18:07:54.007889,83.85417,84.28675,85.64968
2022-01-17 18:07:54.501971,84.21434,84.803,85.64968
2022-01-17 18:07:55.001189,84.26632,84.4935,85.53187
2022-01-17 18:07:55.506956,84.26632,84.59625,85.53187
2022-01-17 18:07:56.005238,84.26632,84.4935,86.08135
2022-01-17 18:07:56.502024,84.21434,84.699,86.08135
2022-01-17 18:07:57.010334,84.26632,84.59625,85.88531
2022-01-17 18:07:57.505173,83.80219,84.28675,85.88531
2022-01-17 18:07:58.003309,84.36905,84.95775,85.37447
2022-01-17 18:07:58.508242,83.90492,84.28675,85.37447
2022-01-17 18:07:59.005995,84.31831,84.59625,86.43479
2022-01-17 18:07:59.511006,84.42104,84.4935,86.43479
2022-01-17 18:08:00.008764,83.85417,84.132,85.64968
2022-01-17 18:08:00.505121,84.62773,84.803,85.64968
2022-01-17 18:08:01.002568,83.39003,83.92525,86.43479
2022-01-17 18:08:01.506632,84.31831,84.85375,86.43479
2022-01-17 18:08:02.005331,83.39003,83.71975,85.09926
2022-01-17 18:08:02.510615,84.62773,84.85375,85.09926
2022-01-17 18:08:03.008754,84.1636,84.184,86.27739
2022-01-17 18:08:03.504616,84.21434,84.59625,86.27739
2022-01-17 18:08:04.002971,84.26632,84.699,85.25666
2022-01-17 18:08:04.501628,84.1636,84.33875,85.25666
2022-01-17 18:08:05.505138,83.28607,83.8225,85.57051
2022-01-17 18:08:06.004776,84.52377,84.95775,85.64968
2022-01-17 18:08:06.508914,84.00888,84.08,85.64968
2022-01-17 18:08:07.005749,84.57575,84.95775,85.13885
2022-01-17 18:08:07.501233,84.26632,84.4415,85.13885
2022-01-17 18:08:08.001275,83.90492,84.28675,85.88531
2022-01-17 18:08:08.506885,84.36905,84.85375,85.88531
2022-01-17 18:08:09.004865,83.80219,84.23475,86.12093
2022-01-17 18:08:09.511003,84.62773,84.90575,86.12093
2022-01-17 18:08:10.009038,83.80219,83.92525,85.17843
2022-01-17 18:08:10.504970,84.1636,84.4415,85.17843
2022-01-17 18:08:11.004003,84.1636,84.4935,86.15958
2022-01-17 18:08:11.509924,84.42104,84.85375,86.15958
2022-01-17 18:08:12.008368,84.00888,84.54425,85.72791
2022-01-17 18:08:12.503760,83.85417,84.23475,85.72791
2022-01-17 18:08:13.001690,84.21434,84.4935,85.92395
2022-01-17 18:08:13.507371,84.11161,84.4935,85.92395
2022-01-17 18:08:14.006339,84.57575,84.751,85.49229
2022-01-17 18:08:14.510741,83.64747,83.7705,85.49229
2022-01-17 18:08:15.008074,84.21434,84.64825,85.72791
2022-01-17 18:08:15.504990,84.21434,84.59625,85.72791
2022-01-17 18:08:16.004686,84.05963,84.751,85.41406
2022-01-17 18:08:16.509773,84.00888,84.33875,85.41406
2022-01-17 18:08:17.007350,83.7502,84.08,86.08135
2022-01-17 18:08:17.502108,84.47302,84.85375,86.08135
2022-01-17 18:08:18.010063,84.26632,84.4415,85.57051
2022-01-17 18:08:18.508430,84.11161,84.4415,85.57051
2022-01-17 18:08:19.006293,84.05963,84.59625,85.72791
2022-01-17 18:08:19.501666,84.00888,84.4415,85.72791
2022-01-17 18:08:20.010459,84.36905,84.95775,86.27739
2022-01-17 18:08:20.504008,83.69946,84.132,86.27739
2022-01-17 18:08:21.001202,84.21434,84.4415,85.72791
2022-01-17 18:08:21.506067,84.31831,84.4935,85.72791
2022-01-17 18:08:22.005798,83.9569,84.28675,85.92395
2022-01-17 18:08:22.501276,84.21434,84.64825,85.92395
2022-01-17 18:08:23.001603,84.00888,84.54425,85.72791
2022-01-17 18:08:23.506564,84.21434,84.59625,85.72791
2022-01-17 18:08:24.006430,83.7502,84.132,86.12093
2022-01-17 18:08:24.502602,84.47302,84.803,86.12093
2022-01-17 18:08:25.001163,84.42104,84.4415,86.51301
2022-01-17 18:08:25.507884,84.11161,84.23475,86.51301
2022-01-17 18:08:26.005327,83.9569,84.4415,85.80614
2022-01-17 18:08:26.511124,83.7502,84.02925,85.80614
2022-01-17 18:08:27.009628,84.62773,85.26725,85.17843
2022-01-17 18:08:27.505569,83.54475,84.184,85.17843
2022-01-17 18:08:28.004926,84.21434,84.59625,86.15958
2022-01-17 18:08:28.510036,84.26632,84.33875,86.15958
2022-01-17 18:08:29.010167,84.36905,84.803,86.59218
2022-01-17 18:08:29.506003,84.47302,84.59625,86.59218
2022-01-17 18:08:30.005168,83.59549,84.08,85.06062
2022-01-17 18:08:30.509884,84.11161,84.59625,85.06062
2022-01-17 18:08:31.007477,83.59549,84.132,85.68833
2022-01-17 18:08:31.502864,84.57575,85.0085,85.68833
2022-01-17 18:08:32.002252,84.05963,84.4415,85.49229
2022-01-17 18:08:32.509258,84.11161,84.3895,85.49229
2022-01-17 18:08:33.007967,83.9569,84.184,85.25666
2022-01-17 18:08:33.503625,84.26632,84.54425,85.25666
2022-01-17 18:08:34.001700,84.42104,84.85375,85.80614
2022-01-17 18:08:34.508272,83.69946,84.08,85.80614
2022-01-17 18:08:35.006459,83.90492,84.33875,85.80614
2022-01-17 18:08:35.501773,84.11161,84.4935,85.80614
2022-01-17 18:08:36.009843,84.57575,84.699,85.64968
2022-01-17 18:08:36.505732,84.21434,84.4935,85.64968
2022-01-17 18:08:37.005822,83.85417,84.33875,85.64968
2022-01-17 18:08:37.510515,83.9569,84.28675,85.64968
2022-01-17 18:08:38.009558,84.42104,85.0605,84.90322
2022-01-17 18:08:38.505250,84.26632,84.59625,84.90322
2022-01-17 18:08:39.002040,83.44078,84.08,86.15958
2022-01-17 18:08:39.506648,84.26632,84.4415,86.15958
2022-01-17 18:08:40.005927,84.47302,84.699,86.12093
2022-01-17 18:08:40.501667,84.31831,84.64825,86.12093
2022-01-17 18:08:41.010678,83.9569,84.4415,85.6101
2022-01-17 18:08:41.506433,83.90492,84.33875,85.6101
2022-01-17 18:08:42.005954,84.57575,84.751,85.92395
2022-01-17 18:08:42.502278,83.9569,84.4935,85.92395
2022-01-17 18:08:43.010276,84.11161,84.33875,86.08135
2022-01-17 18:08:43.505771,84.57575,84.59625,86.08135
2022-01-17 18:08:44.004191,83.80219,84.132,85.49229
2022-01-17 18:08:44.509354,84.31831,84.90575,85.49229
2022-01-17 18:08:45.009671,84.11161,84.4415,86.3952
2022-01-17 18:08:45.504507,84.31831,84.59625,86.3952
2022-01-17 18:08:46.003007,83.7502,84.28675,85.02104
2022-01-17 18:08:46.508442,84.11161,84.33875,85.02104
2022-01-17 18:08:47.007839,84.31831,84.59625,85.96354
2022-01-17 18:08:47.503263,84.05963,84.184,85.96354
2022-01-17 18:08:48.001860,84.36905,84.85375,86.23875
2022-01-17 18:08:48.501062,83.44078,83.8225,86.23875
2022-01-17 18:08:49.001285,84.93716,85.318,85.25666
2022-01-17 18:08:49.508065,83.80219,84.08,85.25666
2022-01-17 18:08:50.004246,84.21434,84.54425,85.84572
2022-01-17 18:08:50.509658,84.1636,84.4415,85.84572
2022-01-17 18:08:51.006877,84.11161,84.23475,85.68833
2022-01-17 18:08:51.510765,84.57575,84.90575,85.68833
2022-01-17 18:08:52.009424,83.59549,84.184,85.09926
2022-01-17 18:08:52.506198,84.36905,84.751,85.09926
2022-01-17 18:08:53.004587,83.69946,84.184,85.6101
2022-01-17 18:08:53.510879,84.47302,84.751,85.6101
2022-01-17 18:08:54.001103,83.9569,84.4415,85.53187
2022-01-17 18:08:54.506027,84.47302,84.64825,85.53187
2022-01-17 18:08:55.005966,84.31831,84.4935,85.33489
2022-01-17 18:08:55.503460,84.00888,84.33875,85.33489
2022-01-17 18:08:56.001773,84.52377,84.85375,85.80614
2022-01-17 18:08:56.508104,83.69946,84.132,85.80614
2022-01-17 18:08:57.005255,84.62773,85.16325,86.04176
2022-01-17 18:08:57.509185,83.44078,83.92525,86.04176
2022-01-17 18:08:58.008730,84.62773,84.95775,85.64968
2022-01-17 18:08:58.505575,84.52377,84.699,85.64968
2022-01-17 18:08:59.003003,84.00888,84.54425,85.57051
2022-01-17 18:08:59.508367,84.05963,84.54425,85.57051
2022-01-17 18:09:00.006440,83.80219,84.23475,85.4527
2022-01-17 18:09:00.511051,84.67848,84.90575,85.4527
2022-01-17 18:09:01.008298,83.33805,84.184,86.12093
2022-01-17 18:09:01.503179,84.42104,84.54425,86.12093
2022-01-17 18:09:02.001344,84.11161,84.28675,85.68833
2022-01-17 18:09:02.507471,84.31831,84.699,85.68833
2022-01-17 18:09:03.005684,84.31831,84.751,85.53187
2022-01-17 18:09:03.503246,83.7502,84.132,85.53187
2022-01-17 18:09:04.011140,84.47302,84.751,86.5526
2022-01-17 18:09:04.508474,83.64747,84.28675,86.5526
2022-01-17 18:09:05.006610,84.47302,84.699,85.7675
2022-01-17 18:09:05.501448,83.90492,84.184,85.7675
2022-01-17 18:09:06.010585,84.1636,84.33875,84.98145
2022-01-17 18:09:06.505562,84.52377,84.803,84.98145
2022-01-17 18:09:07.004620,83.90492,84.28675,86.59218
2022-01-17 18:09:07.510441,84.26632,84.4415,86.59218
2022-01-17 18:09:08.010356,83.80219,84.59625,85.80614
2022-01-17 18:09:08.505688,84.00888,84.28675,85.80614
2022-01-17 18:09:09.004957,84.26632,84.90575,85.02104
2022-01-17 18:09:09.510401,84.36905,84.28675,85.02104
2022-01-17 18:09:10.007699,84.1636,84.59625,85.84572
2022-01-17 18:09:10.501663,84.00888,84.184,85.84572
2022-01-17 18:09:11.010560,84.52377,84.85375,85.41406
2022-01-17 18:09:11.509246,83.7502,84.184,85.41406
2022-01-17 18:09:12.007324,84.26632,84.699,85.29625
2022-01-17 18:09:12.502695,83.80219,84.28675,85.29625
2022-01-17 18:09:13.010526,84.42104,84.85375,85.4527
2022-01-17 18:09:13.505275,84.67848,85.0085,85.4527
2022-01-17 18:09:14.004299,83.59549,84.02925,85.88531
2022-01-17 18:09:14.510713,84.36905,84.751,85.88531
2022-01-17 18:09:15.008151,83.7502,84.28675,85.7675
2022-01-17 18:09:15.504678,84.62773,84.85375,85.7675
2022-01-17 18:09:16.003907,83.59549,84.23475,86.31697
2022-01-17 18:09:16.509291,84.11161,84.28675,86.31697
2022-01-17 18:09:17.008464,84.52377,84.803,85.33489
2022-01-17 18:09:17.504270,84.31831,84.751,85.33489
2022-01-17 18:09:18.002292,83.90492,84.184,85.53187
2022-01-17 18:09:18.509065,84.11161,84.59625,85.53187
2022-01-17 18:09:19.008703,84.47302,84.85375,85.4527
2022-01-17 18:09:19.504281,83.39003,83.92525,85.4527
2022-01-17 18:09:20.003542,84.73046,84.803,85.92395
2022-01-17 18:09:20.510633,84.00888,84.132,85.92395
2022-01-17 18:09:21.009612,84.36905,84.54425,86.43479
2022-01-17 18:09:21.505239,84.42104,84.64825,86.43479
2022-01-17 18:09:22.002924,83.64747,84.132,85.25666
2022-01-17 18:09:22.509306,84.83319,85.1125,85.25666
2022-01-17 18:09:23.008204,83.59549,84.23475,85.68833
2022-01-17 18:09:23.502959,84.57575,84.699,85.68833
2022-01-17 18:09:24.003210,83.9569,84.23475,86.35656
2022-01-17 18:09:24.508206,84.67848,85.0605,86.35656
2022-01-17 18:09:25.006830,84.26632,84.23475,87.06343
2022-01-17 18:09:25.502245,84.1636,84.54425,87.06343
2022-01-17 18:09:26.001700,84.11161,84.33875,85.09926
2022-01-17 18:09:26.507370,83.85417,84.3895,85.09926
2022-01-17 18:09:27.005875,84.57575,84.751,85.4527
2022-01-17 18:09:27.501747,83.80219,84.33875,85.4527
2022-01-17 18:09:28.010293,84.1636,84.28675,85.25666
2022-01-17 18:09:28.506195,84.21434,84.699,85.25666
2022-01-17 18:09:29.004170,84.1636,84.699,85.49229
2022-01-17 18:09:29.502116,84.47302,84.64825,85.49229
2022-01-17 18:09:30.010148,83.80219,84.28675,85.64968
2022-01-17 18:09:30.504488,83.90492,84.08,85.64968
2022-01-17 18:09:31.001159,84.26632,85.0605,84.825
2022-01-17 18:09:31.507035,84.26632,84.28675,84.825
2022-01-17 18:09:32.004735,84.21434,84.3895,85.92395
2022-01-17 18:09:32.510025,84.26632,84.59625,85.92395
2022-01-17 18:09:33.009129,83.9569,84.33875,86.35656
2022-01-17 18:09:33.504929,84.42104,84.90575,86.35656
2022-01-17 18:09:34.003542,84.1636,84.3895,85.33489
2022-01-17 18:09:34.508208,83.28607,83.97725,85.33489
2022-01-17 18:09:35.006397,84.36905,84.4935,85.84572
2022-01-17 18:09:35.502120,84.57575,84.64825,85.84572
2022-01-17 18:09:36.001964,84.1636,84.33875,85.09926
2022-01-17 18:09:36.508262,83.9569,84.33875,85.09926
2022-01-17 18:09:37.006325,83.9569,84.4935,85.33489
2022-01-17 18:09:37.502771,84.36905,84.4935,85.33489
2022-01-17 18:09:38.001108,84.11161,85.0085,85.57051
2022-01-17 18:09:38.508618,83.9569,84.184,85.57051
2022-01-17 18:09:39.005891,84.47302,84.54425,85.68833
2022-01-17 18:09:39.502129,84.1636,84.28675,85.68833
2022-01-17 18:09:40.001647,84.52377,84.699,85.29625
2022-01-17 18:09:40.507074,84.1636,84.59625,85.29625
2022-01-17 18:09:41.005903,83.80219,84.02925,85.96354
2022-01-17 18:09:41.511005,83.7502,84.4415,85.96354
2022-01-17 18:09:42.009794,84.62773,85.0085,84.90322
2022-01-17 18:09:42.505877,83.90492,84.132,84.90322
2022-01-17 18:09:43.004964,84.57575,84.751,86.35656
2022-01-17 18:09:43.511101,84.21434,84.3895,86.35656
2022-01-17 18:09:44.010193,84.11161,84.751,85.6101
2022-01-17 18:09:44.505543,84.31831,84.54425,85.6101
2022-01-17 18:09:45.008844,83.49276,84.184,85.57051
2022-01-17 18:09:45.503520,84.1636,84.4415,85.57051
2022-01-17 18:09:46.003318,83.85417,84.4935,85.64968
2022-01-17 18:09:46.503379,84.47302,84.64825,85.64968
2022-01-17 18:09:47.002577,84.36905,84.59625,85.72791
2022-01-17 18:09:47.507670,84.00888,84.64825,85.72791
2022-01-17 18:09:48.007014,84.31831,84.3895,85.49229
2022-01-17 18:09:48.502854,83.9569,84.54425,85.49229
2022-01-17 18:09:49.011183,84.47302,84.803,85.88531
2022-01-17 18:09:49.505993,83.85417,84.4935,85.88531
2022-01-17 18:09:50.005644,84.1636,84.28675,85.7675
2022-01-17 18:09:50.501509,84.1636,84.132,85.7675
2022-01-17 18:09:51.009556,83.69946,84.08,85.92395
2022-01-17 18:09:51.505708,84.42104,84.3895,85.92395
2022-01-17 18:09:52.004476,83.85417,84.33875,233.03312
2022-01-17 18:09:52.509060,83.80219,83.8225,233.03312
2022-01-17 18:09:53.007222,83.64747,84.4415,214.26135
2022-01-17 18:09:53.510857,84.83319,84.803,214.26135
2022-01-17 18:09:54.010773,84.11161,84.23475,154.37301
2022-01-17 18:09:54.505967,84.1636,84.4935,154.37301
2022-01-17 18:09:55.005848,83.54475,83.71975,91.81458
2022-01-17 18:09:55.502280,84.42104,84.90575,91.81458
2022-01-17 18:09:56.002110,84.31831,84.28675,97.15572
2022-01-17 18:09:56.508496,83.9569,84.699,97.15572
2022-01-17 18:09:57.008032,83.69946,83.8745,91.81458
2022-01-17 18:09:57.504739,84.00888,84.23475,91.81458
2022-01-17 18:09:58.002656,84.73046,85.1125,86.47437
2022-01-17 18:09:58.508493,84.1636,84.4935,86.47437
2022-01-17 18:09:59.006982,83.7502,84.3895,86.63083
2022-01-17 18:09:59.502918,84.26632,84.4935,86.63083
2022-01-17 18:10:00.001764,84.1636,85.0085,86.51301
2022-01-17 18:10:00.506884,84.21434,84.33875,86.51301
2022-01-17 18:10:01.004793,84.00888,84.28675,85.7675
2022-01-17 18:10:01.508679,83.9569,84.132,85.7675
2022-01-17 18:10:02.001477,84.31831,84.751,85.72791
2022-01-17 18:10:02.507763,84.21434,84.85375,85.72791
2022-01-17 18:10:03.005720,83.9569,84.184,86.90604
2022-01-17 18:10:03.506574,84.47302,85.1125,86.90604
2022-01-17 18:10:04.008423,83.90492,84.3895,86.71
2022-01-17 18:10:04.505189,84.52377,84.95775,86.71
2022-01-17 18:10:05.003975,84.21434,84.4415,85.4527
2022-01-17 18:10:05.510367,83.90492,84.02925,85.4527
2022-01-17 18:10:06.009143,84.05963,84.699,85.13885
2022-01-17 18:10:06.504475,84.42104,84.751,85.13885
2022-01-17 18:10:07.001899,83.9569,84.59625,85.68833
2022-01-17 18:10:07.507571,84.52377,84.803,85.68833
2022-01-17 18:10:08.004829,83.59549,84.23475,85.37447
2022-01-17 18:10:08.502313,84.47302,84.54425,85.37447
2022-01-17 18:10:09.505417,84.11161,84.59625,85.96354
2022-01-17 18:10:10.001753,84.21434,84.54425,86.04176
2022-01-17 18:10:10.505199,83.85417,84.54425,86.04176
2022-01-17 18:10:11.004686,84.36905,84.803,85.25666
2022-01-17 18:10:11.509181,83.69946,84.4415,85.25666
2022-01-17 18:10:12.006491,84.36905,84.54425,85.92395
2022-01-17 18:10:12.511124,84.31831,84.3895,85.92395
2022-01-17 18:10:13.008783,84.1636,84.4935,85.37447
2022-01-17 18:10:13.505938,84.31831,84.4415,85.37447
2022-01-17 18:10:14.003648,83.7502,84.3895,85.53187
2022-01-17 18:10:14.508220,84.31831,84.699,85.53187
2022-01-17 18:10:15.005888,83.59549,84.33875,85.49229
2022-01-17 18:10:15.510845,84.47302,84.64825,85.49229
2022-01-17 18:10:16.002203,84.21434,84.3895,85.57051
2022-01-17 18:10:16.507415,84.31831,84.54425,85.57051
2022-01-17 18:10:17.006022,84.42104,84.751,86.43479
2022-01-17 18:10:17.509969,83.90492,84.4935,86.43479
2022-01-17 18:10:18.010321,83.80219,84.184,85.21708
2022-01-17 18:10:18.508993,84.26632,85.0605,85.21708
2022-01-17 18:10:19.007195,83.9569,84.54425,86.5526
2022-01-17 18:10:19.501229,84.11161,84.33875,86.5526
2022-01-17 18:10:20.010699,84.36905,84.59625,85.92395
2022-01-17 18:10:20.505757,84.1636,84.3895,85.92395
2022-01-17 18:10:21.004660,84.42104,85.0085,85.37447
2022-01-17 18:10:21.508967,83.7502,84.02925,85.37447
2022-01-17 18:10:22.007517,83.7502,84.59625,85.6101
2022-01-17 18:10:22.506462,84.42104,84.751,85.6101
2022-01-17 18:10:23.005082,84.21434,84.803,85.84572
2022-01-17 18:10:23.510134,84.00888,84.23475,85.84572
2022-01-17 18:10:24.009417,84.52377,84.64825,85.37447
2022-01-17 18:10:24.503444,83.85417,84.4935,85.37447
2022-01-17 18:10:25.002500,84.62773,84.803,85.4527
2022-01-17 18:10:25.507919,84.05963,84.54425,85.4527
2022-01-17 18:10:26.007068,83.69946,84.132,85.4527
2022-01-17 18:10:26.502698,84.47302,84.90575,85.4527
2022-01-17 18:10:27.003479,84.00888,84.28675,85.64968
2022-01-17 18:10:27.509789,84.26632,84.08,85.64968
2022-01-17 18:10:28.007767,84.05963,84.751,86.78822
2022-01-17 18:10:28.504410,84.11161,84.23475,86.78822
2022-01-17 18:10:29.002984,84.11161,84.64825,85.17843
2022-01-17 18:10:29.506866,84.62773,84.64825,85.17843
2022-01-17 18:10:30.004853,83.54475,84.23475,85.88531
2022-01-17 18:10:30.509146,84.36905,84.85375,85.88531
2022-01-17 18:10:31.003790,84.36905,84.3895,85.80614
2022-01-17 18:10:31.501565,83.90492,84.28675,85.80614
2022-01-17 18:10:32.010382,84.11161,84.3895,85.41406
2022-01-17 18:10:32.507139,83.85417,84.54425,85.41406
2022-01-17 18:10:33.003117,84.62773,84.803,85.84572
2022-01-17 18:10:33.508101,83.80219,84.3895,85.84572
2022-01-17 18:10:34.003814,84.26632,84.4935,85.49229
2022-01-17 18:10:34.508841,84.11161,84.132,85.49229
2022-01-17 18:10:35.005764,84.36905,84.90575,85.84572
2022-01-17 18:10:35.501326,84.36905,84.59625,85.84572
2022-01-17 18:10:36.004550,83.7502,84.28675,86.00312
2022-01-17 18:10:36.509678,84.52377,84.59625,86.00312
2022-01-17 18:10:37.008975,83.59549,84.33875,85.72791
2022-01-17 18:10:37.503254,85.09187,85.37,85.72791
2022-01-17 18:10:38.010780,83.59549,83.61575,85.4527
2022-01-17 18:10:38.505926,84.42104,84.699,85.4527
2022-01-17 18:10:39.004732,84.00888,84.02925,85.7675
2022-01-17 18:10:39.500945,84.31831,85.1125,85.7675
2022-01-17 18:10:40.010242,84.26632,84.54425,85.29625
2022-01-17 18:10:40.508852,83.85417,84.33875,85.29625
2022-01-17 18:10:41.005889,84.21434,84.54425,85.17843
2022-01-17 18:10:41.510796,84.00888,84.28675,85.17843
2022-01-17 18:10:42.008156,84.42104,84.751,85.29625
2022-01-17 18:10:42.502383,83.90492,83.92525,85.29625
2022-01-17 18:10:43.001114,84.26632,85.1125,84.90322
2022-01-17 18:10:43.506053,84.05963,84.33875,84.90322
2022-01-17 18:10:44.002275,84.11161,84.59625,86.00312
2022-01-17 18:10:44.506552,84.42104,84.751,86.00312
2022-01-17 18:10:45.007572,83.64747,84.23475,85.84572
2022-01-17 18:10:45.502634,84.47302,84.699,85.84572
2022-01-17 18:10:46.001902,84.00888,84.132,85.17843
2022-01-17 18:10:46.506687,84.36905,84.95775,85.17843
2022-01-17 18:10:47.005215,84.26632,84.4415,86.31697
2022-01-17 18:10:47.509076,83.85417,84.3895,86.31697
2022-01-17 18:10:48.005697,83.9569,84.23475,85.53187
2022-01-17 18:10:48.510966,83.90492,84.4415,85.53187
2022-01-17 18:10:49.008177,84.1636,84.699,85.92395
2022-01-17 18:10:49.502920,84.42104,84.23475,85.92395
2022-01-17 18:10:50.011224,84.36905,84.751,85.80614
2022-01-17 18:10:50.506852,84.00888,84.33875,85.80614
2022-01-17 18:10:51.010445,84.36905,84.90575,85.25666
2022-01-17 18:10:51.504199,84.00888,84.23475,85.25666
2022-01-17 18:10:52.001207,83.7502,84.4415,85.37447
2022-01-17 18:10:52.507607,84.31831,84.64825,85.37447
2022-01-17 18:10:53.006664,84.11161,84.3895,85.72791
2022-01-17 18:10:53.510733,84.21434,84.699,85.72791
2022-01-17 18:10:54.009279,84.47302,84.4935,85.68833
2022-01-17 18:10:54.504788,83.7502,84.28675,85.68833
2022-01-17 18:10:55.002366,84.21434,84.54425,85.96354
2022-01-17 18:10:55.508510,83.85417,84.3895,85.96354
2022-01-17 18:10:56.005707,84.36905,84.751,85.4527
2022-01-17 18:10:56.501827,84.00888,84.08,85.4527
2022-01-17 18:10:57.010483,84.21434,84.54425,85.49229
2022-01-17 18:10:57.504423,84.52377,84.803,85.49229
2022-01-17 18:10:58.001795,84.21434,84.751,85.96354
2022-01-17 18:10:58.508319,84.05963,84.28675,85.96354
2022-01-17 18:10:59.006730,83.69946,84.132,85.6101
2022-01-17 18:10:59.501995,84.47302,85.0605,85.6101
2022-01-17 18:11:00.001302,83.85417,84.33875,85.25666
2022-01-17 18:11:00.506043,84.62773,84.803,85.25666
2022-01-17 18:11:01.003748,83.80219,83.71975,85.84572
2022-01-17 18:11:01.509770,84.36905,84.85375,85.84572
2022-01-17 18:11:02.007199,84.52377,84.751,85.49229
2022-01-17 18:11:02.502516,83.64747,84.184,85.49229
2022-01-17 18:11:03.001664,84.11161,84.4415,86.31697
2022-01-17 18:11:03.509004,83.54475,83.92525,86.31697
2022-01-17 18:11:04.007221,84.73046,85.318,86.15958
2022-01-17 18:11:04.501437,84.00888,84.132,86.15958
2022-01-17 18:11:05.009988,84.42104,84.90575,85.84572
2022-01-17 18:11:05.506190,83.85417,83.97725,85.84572
2022-01-17 18:11:06.004463,84.31831,84.803,86.08135
2022-01-17 18:11:06.509677,84.47302,84.85375,86.08135
2022-01-17 18:11:07.007456,83.49276,83.97725,85.72791
2022-01-17 18:11:07.501972,84.42104,84.803,85.72791
2022-01-17 18:11:08.001330,83.59549,83.8225,85.72791
2022-01-17 18:11:08.506536,84.78245,85.37,85.72791
2022-01-17 18:11:09.005369,83.9569,84.132,85.41406
2022-01-17 18:11:09.510601,84.26632,84.699,85.41406
2022-01-17 18:11:10.008373,84.11161,84.28675,85.6101
2022-01-17 18:11:10.503040,84.00888,84.4415,85.6101
2022-01-17 18:11:11.002415,84.1636,84.54425,85.29625
2022-01-17 18:11:11.508488,84.26632,84.08,85.29625
2022-01-17 18:11:12.006284,84.11161,84.54425,85.49229
2022-01-17 18:11:12.502815,83.9569,84.132,85.49229
2022-01-17 18:11:13.010850,84.31831,84.85375,85.72791
2022-01-17 18:11:13.505617,83.85417,84.3895,85.72791
2022-01-17 18:11:14.003407,84.21434,84.59625,85.4527
2022-01-17 18:11:14.509022,84.31831,84.64825,85.4527
2022-01-17 18:11:15.006821,83.85417,83.97725,85.92395
2022-01-17 18:11:15.501157,84.52377,85.0085,85.92395
2022-01-17 18:11:16.009738,84.05963,84.3895,85.92395
2022-01-17 18:11:16.504611,84.11161,84.64825,85.92395
2022-01-17 18:11:17.002913,84.11161,84.3895,85.53187
2022-01-17 18:11:17.506368,83.85417,84.4415,85.53187
2022-01-17 18:11:18.003457,84.47302,84.803,85.7675
2022-01-17 18:11:18.509246,84.26632,84.699,85.7675
2022-01-17 18:11:19.008779,84.05963,84.4935,86.04176
2022-01-17 18:11:19.502662,84.31831,84.28675,86.04176
2022-01-17 18:11:20.010349,83.9569,84.4935,85.13885
2022-01-17 18:11:20.506069,84.52377,84.85375,85.13885
2022-01-17 18:11:21.004429,83.90492,84.132,87.10208
2022-01-17 18:11:21.503500,83.9569,84.33875,87.10208
2022-01-17 18:11:22.003169,83.9569,84.33875,85.02104
2022-01-17 18:11:22.509048,84.67848,84.95775,85.02104
2022-01-17 18:11:23.007202,84.31831,84.4415,85.49229
2022-01-17 18:11:23.501877,83.9569,84.33875,85.49229
2022-01-17 18:11:24.009776,84.47302,84.64825,85.57051
2022-01-17 18:11:24.505475,84.00888,84.4935,85.57051
2022-01-17 18:11:25.004322,84.47302,84.699,85.49229
2022-01-17 18:11:25.510363,83.28607,83.8745,85.49229
2022-01-17 18:11:26.009678,84.52377,84.90575,85.53187
2022-01-17 18:11:26.506017,84.11161,84.184,85.53187
2022-01-17 18:11:27.005678,84.36905,84.699,86.00312
2022-01-17 18:11:27.501534,83.69946,83.97725,86.00312
2022-01-17 18:11:28.010026,84.21434,84.803,85.6101
2022-01-17 18:11:28.504436,84.26632,84.64825,85.6101
2022-01-17 18:11:29.002479,83.64747,84.184,85.41406
2022-01-17 18:11:29.507602,84.42104,84.85375,85.41406
2022-01-17 18:11:30.011006,83.85417,84.02925,85.4527
2022-01-17 18:11:30.507994,84.62773,84.90575,85.4527
2022-01-17 18:11:31.008992,84.1636,84.4415,85.09926
2022-01-17 18:11:31.506853,84.00888,84.3895,85.09926
2022-01-17 18:11:32.007419,84.36905,84.699,85.49229
2022-01-17 18:11:32.506265,83.64747,84.28675,85.49229
2022-01-17 18:11:33.009165,84.52377,85.0605,85.37447
2022-01-17 18:11:33.504028,83.69946,84.02925,85.37447
2022-01-17 18:11:34.002045,84.67848,85.0085,85.53187
2022-01-17 18:11:34.508925,83.80219,83.8745,85.53187
2022-01-17 18:11:35.008747,84.47302,84.95775,85.49229
2022-01-17 18:11:35.504011,83.9569,84.23475,85.49229
2022-01-17 18:11:36.002583,84.1636,84.23475,84.78541
2022-01-17 18:11:36.508399,83.80219,84.4935,84.78541
2022-01-17 18:11:37.007101,84.11161,84.59625,85.13885
2022-01-17 18:11:37.502827,84.21434,84.4415,85.13885
2022-01-17 18:11:38.001964,84.47302,84.4415,86.00312
2022-01-17 18:11:38.506964,84.21434,84.59625,86.00312
2022-01-17 18:11:39.010328,84.1636,84.59625,85.17843
2022-01-17 18:11:39.508177,84.11161,84.59625,85.17843
2022-01-17 18:11:40.006778,84.00888,84.33875,86.51301
2022-01-17 18:11:40.501819,83.90492,84.59625,86.51301
2022-01-17 18:11:41.010193,84.26632,84.59625,85.64968
2022-01-17 18:11:42.004976,83.9569,84.184,85.41406
2022-01-17 18:11:42.508909,84.31831,84.699,85.41406
2022-01-17 18:11:43.007174,84.11161,84.4935,86.08135
2022-01-17 18:11:43.502425,84.21434,84.699,86.08135
2022-01-17 18:11:44.011097,83.59549,84.132,85.49229
2022-01-17 18:11:44.508450,84.1636,84.699,85.49229
2022-01-17 18:11:45.005106,84.57575,84.54425,85.92395
2022-01-17 18:11:45.506890,84.11161,84.33875,85.92395
2022-01-17 18:11:46.005420,84.36905,84.85375,86.04176
2022-01-17 18:11:46.510462,83.64747,83.92525,86.04176
2022-01-17 18:11:47.003408,84.31831,84.64825,85.25666
2022-01-17 18:11:47.509001,83.80219,84.3895,85.25666
2022-01-17 18:11:48.007612,84.00888,84.54425,85.4527
2022-01-17 18:11:48.501487,84.21434,84.4415,85.4527
2022-01-17 18:11:49.001860,83.85417,84.33875,85.37447
2022-01-17 18:11:49.508930,84.42104,84.59625,85.37447
2022-01-17 18:11:50.007025,83.85417,84.08,85.41406
2022-01-17 18:11:50.511025,84.52377,85.16325,85.41406
2022-01-17 18:11:51.009113,83.44078,83.71975,85.25666
2022-01-17 18:11:51.504414,84.67848,85.1125,85.25666
2022-01-17 18:11:52.007119,83.7502,83.66775,85.21708
2022-01-17 18:11:52.503112,84.57575,84.85375,85.21708
2022-01-17 18:11:53.504740,83.9569,84.33875,85.17843
2022-01-17 18:11:54.003063,84.42104,84.803,85.68833
2022-01-17 18:11:54.509036,83.80219,84.08,85.68833
2022-01-17 18:11:55.007732,84.36905,84.95775,85.96354
2022-01-17 18:11:55.502313,83.7502,84.02925,85.96354
2022-01-17 18:11:56.001333,84.42104,84.4935,85.84572
2022-01-17 18:11:56.501832,84.00888,84.02925,85.84572
2022-01-17 18:11:57.001136,84.05963,84.751,86.15958
2022-01-17 18:11:57.506195,84.52377,84.95775,86.15958
2022-01-17 18:11:58.008717,83.54475,83.97725,85.57051
2022-01-17 18:11:58.502941,84.42104,84.95775,85.57051
2022-01-17 18:11:59.001952,83.49276,83.92525,85.68833
2022-01-17 18:11:59.505982,84.78245,85.318,85.68833
2022-01-17 18:12:00.005023,84.21434,84.23475,86.12093
2022-01-17 18:12:00.507534,84.00888,84.23475,86.12093
2022-01-17 18:12:01.005727,84.05963,84.4415,85.06062
2022-01-17 18:12:01.501192,84.05963,84.4935,85.06062
2022-01-17 18:12:02.010257,84.52377,85.1125,86.12093
2022-01-17 18:12:02.506283,83.33805,83.8225,86.12093
2022-01-17 18:12:03.005754,84.36905,84.4415,86.08135
2022-01-17 18:12:03.501247,84.26632,84.64825,86.08135
2022-01-17 18:12:04.011125,84.36905,84.699,86.00312
2022-01-17 18:12:04.505780,84.00888,84.184,86.00312
2022-01-17 18:12:05.005276,84.00888,84.4415,85.4527
2022-01-17 18:12:05.501971,84.26632,84.803,85.4527
2022-01-17 18:12:06.010504,84.11161,84.64825,85.41406
2022-01-17 18:12:06.504758,84.00888,84.33875,85.41406
2022-01-17 18:12:07.004722,84.1636,84.23475,85.53187
2022-01-17 18:12:07.501293,84.26632,84.59625,85.53187
2022-01-17 18:12:08.009734,84.26632,84.59625,86.19916
2022-01-17 18:12:08.505947,83.80219,84.08,86.19916
2022-01-17 18:12:09.005259,84.36905,84.95775,85.21708
2022-01-17 18:12:09.504250,83.64747,84.23475,85.21708
2022-01-17 18:12:10.002049,84.47302,84.751,84.90322
2022-01-17 18:12:10.508022,84.00888,84.59625,84.90322
2022-01-17 18:12:11.006280,84.42104,84.4935,85.72791
2022-01-17 18:12:11.507629,84.26632,84.4935,85.72791
2022-01-17 18:12:12.007054,83.85417,84.184,85.29625
2022-01-17 18:12:12.501446,84.36905,84.803,85.29625
2022-01-17 18:12:13.010401,83.59549,84.02925,85.37447
2022-01-17 18:12:13.504590,83.85417,84.23475,85.37447
2022-01-17 18:12:14.002755,84.00888,84.23475,155.43333
2022-01-17 18:12:14.509350,84.21434,84.3895,155.43333
2022-01-17 18:12:15.007096,84.26632,84.3895,238.2951
2022-01-17 18:12:15.501429,83.85417,84.132,238.2951
2022-01-17 18:12:16.505172,83.54475,83.71975,197.06072
2022-01-17 18:12:17.002622,84.26632,84.751,119.42229
2022-01-17 18:12:17.508476,83.69946,84.184,119.42229
2022-01-17 18:12:18.007044,84.52377,84.64825,94.0926
2022-01-17 18:12:18.501774,84.00888,83.97725,94.0926
2022-01-17 18:12:19.001902,84.00888,84.33875,95.93801
2022-01-17 18:12:19.508772,84.31831,84.59625,95.93801
2022-01-17 18:12:20.006008,83.69946,84.28675,89.2227
2022-01-17 18:12:20.501869,84.9879,85.26725,89.2227
2022-01-17 18:12:21.001773,82.9259,83.513,86.23875
2022-01-17 18:12:21.508099,84.88517,85.26725,86.23875
2022-01-17 18:12:22.008605,83.9569,84.08,86.43479
2022-01-17 18:12:22.502939,84.47302,84.803,86.43479
2022-01-17 18:12:23.002653,83.80219,84.28675,85.57051
2022-01-17 18:12:23.507417,83.9569,84.4415,85.57051
2022-01-17 18:12:24.005778,84.88517,85.26725,85.7675
2022-01-17 18:12:24.501219,83.69946,84.23475,85.7675
2022-01-17 18:12:25.009996,84.31831,84.803,86.31697
2022-01-17 18:12:25.507864,83.80219,84.132,86.31697
2022-01-17 18:12:26.006351,84.78245,84.85375,85.6101
2022-01-17 18:12:26.502955,84.11161,84.64825,85.6101
2022-01-17 18:12:27.001589,83.85417,84.184,86.15958
2022-01-17 18:12:27.507820,84.05963,84.4935,86.15958
2022-01-17 18:12:28.005364,84.05963,84.59625,85.49229
2022-01-17 18:12:28.511165,84.21434,84.59625,85.49229
2022-01-17 18:12:29.008987,83.90492,84.23475,85.92395
2022-01-17 18:12:29.503157,84.52377,84.54425,85.92395
2022-01-17 18:12:30.001714,83.80219,84.02925,86.08135
2022-01-17 18:12:30.508292,84.36905,84.85375,86.08135
2022-01-17 18:12:31.006883,84.1636,84.803,85.6101
2022-01-17 18:12:31.503165,84.26632,84.4415,85.6101
2022-01-17 18:12:32.010869,84.05963,84.4415,85.21708
2022-01-17 18:12:32.505770,83.90492,84.64825,85.21708
2022-01-17 18:12:33.003729,84.42104,84.59625,85.29625
2022-01-17 18:12:33.507531,84.21434,84.4415,85.29625
2022-01-17 18:12:34.005557,84.1636,84.4935,85.92395
2022-01-17 18:12:34.503035,83.90492,84.59625,85.92395
2022-01-17 18:12:35.003111,84.05963,84.4935,86.23875
2022-01-17 18:12:35.508317,84.21434,84.59625,86.23875
2022-01-17 18:12:36.005393,83.9569,84.4935,85.17843
2022-01-17 18:12:36.510316,84.31831,84.59625,85.17843
2022-01-17 18:12:37.008099,84.42104,84.54425,85.92395
2022-01-17 18:12:37.503258,84.26632,84.4935,85.92395
2022-01-17 18:12:38.010755,84.00888,84.54425,86.23875
2022-01-17 18:12:38.506842,84.00888,84.4935,86.23875
2022-01-17 18:12:39.008220,84.36905,84.90575,85.80614
2022-01-17 18:12:39.504709,83.54475,84.28675,85.80614
2022-01-17 18:12:40.002398,84.21434,84.4935,85.72791
2022-01-17 18:12:40.507710,84.52377,84.803,85.72791
2022-01-17 18:12:41.003644,84.21434,84.33875,85.96354
2022-01-17 18:12:41.508976,84.36905,84.803,85.96354
2022-01-17 18:12:42.007369,84.00888,84.4415,85.17843
2022-01-17 18:12:42.503429,84.26632,84.59625,85.17843
2022-01-17 18:12:43.001965,83.85417,84.54425,85.57051
2022-01-17 18:12:43.509072,84.21434,84.59625,85.57051
2022-01-17 18:12:44.006159,83.90492,84.184,85.6101
2022-01-17 18:12:44.501551,84.67848,85.0605,85.6101
2022-01-17 18:12:45.009140,84.21434,84.4415,85.88531
2022-01-17 18:12:45.504327,84.11161,84.64825,85.88531
2022-01-17 18:12:46.002251,84.42104,84.64825,85.29625
2022-01-17 18:12:46.506491,83.69946,84.132,85.29625
2022-01-17 18:12:47.006101,84.57575,84.803,85.6101
2022-01-17 18:12:47.502206,83.28607,83.97725,85.6101
2022-01-17 18:12:48.002052,84.31831,84.4935,85.09926
2022-01-17 18:12:48.509161,84.57575,84.85375,85.09926
2022-01-17 18:12:49.006326,83.90492,84.33875,85.96354
2022-01-17 18:12:49.509802,84.42104,84.64825,85.96354
2022-01-17 18:12:50.006915,84.1636,84.64825,86.23875
2022-01-17 18:12:50.510759,83.85417,84.08,86.23875
2022-01-17 18:12:51.008542,84.00888,84.699,84.98145
2022-01-17 18:12:51.504606,84.36905,84.4935,84.98145
2022-01-17 18:12:52.001585,84.21434,84.4935,85.41406
2022-01-17 18:12:52.507716,84.36905,84.803,85.41406
2022-01-17 18:12:53.005529,84.11161,84.4935,85.57051
2022-01-17 18:12:53.509995,84.26632,84.54425,85.57051
2022-01-17 18:12:54.008053,84.1636,84.4415,85.13885
2022-01-17 18:12:54.502155,83.7502,84.64825,85.13885
2022-01-17 18:12:55.010966,84.00888,84.23475,85.72791
2022-01-17 18:12:55.505584,84.57575,84.90575,85.72791
2022-01-17 18:12:56.004113,84.11161,84.28675,86.08135
2022-01-17 18:12:56.509148,84.11161,84.4415,86.08135
2022-01-17 18:12:57.009527,84.26632,84.699,85.92395
2022-01-17 18:12:57.505801,84.05963,84.23475,85.92395
2022-01-17 18:12:58.005285,84.1636,84.699,85.92395
2022-01-17 18:12:58.510618,84.00888,84.28675,85.92395
2022-01-17 18:12:59.009014,84.52377,85.0605,85.80614
2022-01-17 18:12:59.502893,84.21434,84.3895,85.80614
2022-01-17 18:13:00.002453,84.05963,84.132,85.17843
2022-01-17 18:13:00.510752,84.21434,84.4415,85.17843
2022-01-17 18:13:01.004809,84.31831,84.751,85.84572
2022-01-17 18:13:01.510270,83.90492,84.54425,85.84572
2022-01-17 18:13:02.008154,84.26632,84.33875,85.7675
2022-01-17 18:13:02.504947,84.11161,84.3895,85.7675
2022-01-17 18:13:03.002968,84.11161,84.4415,85.37447
2022-01-17 18:13:03.508799,84.73046,85.21525,85.37447
2022-01-17 18:13:04.007462,83.33805,83.7705,86.12093
2022-01-17 18:13:04.508137,84.67848,84.95775,86.12093
2022-01-17 18:13:05.005841,84.00888,84.54425,85.7675
2022-01-17 18:13:05.503351,84.11161,84.59625,85.7675
2022-01-17 18:13:06.001917,83.9569,84.4935,85.37447
2022-01-17 18:13:06.508717,84.05963,84.3895,85.37447
2022-01-17 18:13:07.006685,84.57575,84.803,85.02104
2022-01-17 18:13:07.501163,83.59549,84.08,85.02104
2022-01-17 18:13:08.009989,84.57575,84.90575,86.67041
2022-01-17 18:13:08.506206,83.59549,84.184,86.67041
2022-01-17 18:13:09.005931,84.57575,84.751,86.23875
2022-01-17 18:13:09.503077,83.7502,84.4415,86.23875
2022-01-17 18:13:10.001050,84.57575,84.699,85.37447
2022-01-17 18:13:10.506056,84.36905,84.59625,85.37447
2022-01-17 18:13:11.005185,83.85417,84.23475,86.12093
2022-01-17 18:13:11.510029,84.52377,84.803,86.12093
2022-01-17 18:13:12.001216,83.85417,84.33875,85.80614
2022-01-17 18:13:12.506506,84.31831,84.54425,85.80614
2022-01-17 18:13:13.004759,83.59549,84.28675,85.53187
2022-01-17 18:13:13.510275,84.26632,84.3895,85.53187
2022-01-17 18:13:14.009557,84.47302,84.59625,86.00312
2022-01-17 18:13:14.506366,84.26632,84.54425,86.00312
2022-01-17 18:13:15.004336,84.05963,84.54425,85.72791
2022-01-17 18:13:15.501230,83.69946,84.23475,85.72791
2022-01-17 18:13:16.001148,84.52377,84.59625,85.17843
2022-01-17 18:13:16.507014,83.64747,84.4415,85.17843
2022-01-17 18:13:17.004735,84.31831,84.54425,86.5526
2022-01-17 18:13:17.509264,84.1636,84.64825,86.5526
2022-01-17 18:13:18.008575,84.1636,84.28675,85.25666
2022-01-17 18:13:18.505660,84.05963,84.28675,85.25666
2022-01-17 18:13:19.007301,84.26632,84.85375,84.90322
2022-01-17 18:13:19.502192,84.21434,84.54425,84.90322
2022-01-17 18:13:20.009922,83.90492,84.4415,85.49229
2022-01-17 18:13:20.503365,83.64747,84.02925,85.49229
2022-01-17 18:13:21.001140,84.31831,84.751,86.00312
2022-01-17 18:13:21.506636,84.31831,84.4935,86.00312
2022-01-17 18:13:22.004255,84.31831,84.64825,85.33489
2022-01-17 18:13:22.509387,83.85417,84.23475,85.33489
2022-01-17 18:13:23.006632,84.00888,84.02925,85.84572
2022-01-17 18:13:23.501674,84.21434,84.85375,85.84572
2022-01-17 18:13:24.009430,84.26632,84.54425,85.92395
2022-01-17 18:13:24.504579,83.59549,84.33875,85.92395
2022-01-17 18:13:25.003484,84.57575,84.64825,85.4527
2022-01-17 18:13:25.509174,84.21434,84.4415,85.4527
2022-01-17 18:13:26.007581,83.90492,84.4415,85.49229
2022-01-17 18:13:26.504000,84.42104,84.59625,85.49229
2022-01-17 18:13:27.002297,83.7502,84.02925,85.4527
2022-01-17 18:13:27.508187,84.42104,84.59625,85.4527
2022-01-17 18:13:28.007583,83.85417,84.803,85.25666
2022-01-17 18:13:28.503125,83.90492,84.23475,85.25666
2022-01-17 18:13:29.002386,84.62773,84.54425,85.17843
2022-01-17 18:13:29.506812,83.85417,84.132,85.17843
2022-01-17 18:13:30.006318,84.52377,84.85375,85.7675
2022-01-17 18:13:30.502641,83.80219,84.33875,85.7675
2022-01-17 18:13:31.001218,84.36905,84.54425,85.4527
2022-01-17 18:13:31.506902,83.69946,84.4415,85.4527
2022-01-17 18:13:32.007364,84.42104,84.85375,85.80614
2022-01-17 18:13:32.505603,84.31831,84.4415,85.80614
2022-01-17 18:13:33.004156,84.1636,84.3895,85.37447
2022-01-17 18:13:33.509576,84.21434,84.28675,85.37447
2022-01-17 18:13:34.006987,83.59549,84.23475,86.08135
2022-01-17 18:13:34.510625,84.73046,84.751,86.08135
2022-01-17 18:13:35.007058,83.59549,84.4415,86.12093
2022-01-17 18:13:35.501083,84.1636,84.59625,86.12093
2022-01-17 18:13:36.010597,84.21434,84.4935,86.15958
2022-01-17 18:13:36.507988,84.31831,84.54425,86.15958
2022-01-17 18:13:37.005918,84.11161,84.28675,85.29625
2022-01-17 18:13:37.511113,84.21434,84.59625,85.29625
2022-01-17 18:13:38.009471,83.85417,83.8745,85.92395
2022-01-17 18:13:38.502807,84.00888,84.751,85.92395
2022-01-17 18:13:39.001144,84.52377,84.751,85.21708
2022-01-17 18:13:39.506745,83.64747,84.184,85.21708
2022-01-17 18:13:40.005723,84.73046,84.90575,85.49229
2022-01-17 18:13:40.510628,84.05963,84.28675,85.49229
2022-01-17 18:13:41.008517,84.1636,84.64825,85.09926
2022-01-17 18:13:41.505344,84.21434,84.3895,85.09926
2022-01-17 18:13:42.003246,83.9569,84.59625,85.84572
2022-01-17 18:13:42.509522,84.42104,84.64825,85.84572
2022-01-17 18:13:43.002578,83.59549,84.184,86.43479
2022-01-17 18:13:43.508846,84.1636,84.23475,86.43479
2022-01-17 18:13:44.006926,84.31831,84.3895,85.37447
2022-01-17 18:13:44.503626,84.52377,85.16325,85.37447
2022-01-17 18:13:45.001278,83.7502,83.97725,85.80614
2022-01-17 18:13:45.508583,84.36905,84.95775,85.80614
2022-01-17 18:13:46.007317,83.80219,84.28675,85.53187
2022-01-17 18:13:46.503639,84.26632,84.85375,85.53187
2022-01-17 18:13:47.001140,84.26632,84.132,85.09926
2022-01-17 18:13:47.506552,84.05963,84.184,85.09926
2022-01-17 18:13:48.005972,84.21434,84.751,85.41406
2022-01-17 18:13:48.502294,84.26632,84.751,85.41406
2022-01-17 18:13:49.001246,83.80219,84.3895,86.12093
2022-01-17 18:13:49.506771,84.36905,84.59625,86.12093
2022-01-17 18:13:50.006517,83.80219,84.64825,85.6101
2022-01-17 18:13:50.501324,84.1636,84.33875,85.6101
2022-01-17 18:13:51.010032,84.57575,84.59625,86.00312
2022-01-17 18:13:51.506346,83.90492,84.3895,86.00312
2022-01-17 18:13:52.004776,84.1636,84.4415,86.00312
2022-01-17 18:13:52.509440,84.00888,84.64825,86.00312
2022-01-17 18:13:53.008479,84.05963,84.4415,86.00312
2022-01-17 18:13:53.502262,83.90492,84.54425,86.00312
2022-01-17 18:13:54.008603,84.31831,84.3895,85.57051
2022-01-17 18:13:54.506311,84.11161,84.3895,85.57051
2022-01-17 18:13:55.004588,84.21434,84.4935,85.21708
2022-01-17 18:13:55.509452,84.62773,84.64825,85.21708
2022-01-17 18:13:56.009095,83.69946,84.28675,85.21708
2022-01-17 18:13:56.503892,84.47302,84.4935,85.21708
2022-01-17 18:13:57.002435,83.85417,84.4415,85.21708
2022-01-17 18:13:57.506717,84.11161,84.28675,85.21708
2022-01-17 18:13:58.004992,84.00888,84.3895,85.68833
2022-01-17 18:13:58.510172,84.1636,84.54425,85.68833
2022-01-17 18:13:59.009072,84.31831,84.3895,85.33489
2022-01-17 18:13:59.504949,84.05963,84.54425,85.33489
2022-01-17 18:14:00.003444,84.26632,84.54425,85.92395
2022-01-17 18:14:00.506179,84.1636,84.85375,85.92395
2022-01-17 18:14:01.003533,84.21434,84.54425,85.49229
2022-01-17 18:14:01.508571,83.28607,83.8745,85.49229
2022-01-17 18:14:02.005791,84.73046,84.85375,85.53187
2022-01-17 18:14:02.502733,84.11161,84.23475,85.53187
2022-01-17 18:14:03.001908,84.42104,84.85375,85.4527
2022-01-17 18:14:03.507746,84.00888,83.97725,85.4527
2022-01-17 18:14:04.005770,83.90492,84.59625,86.5526
2022-01-17 18:14:04.502221,84.36905,84.59625,86.5526
2022-01-17 18:14:05.010840,83.80219,84.699,85.7675
2022-01-17 18:14:05.510662,84.21434,84.64825,85.7675
2022-01-17 18:14:06.009197,84.05963,84.08,85.57051
2022-01-17 18:14:06.504679,84.11161,84.64825,85.57051
2022-01-17 18:14:07.002562,84.36905,84.28675,85.17843
2022-01-17 18:14:07.510099,84.11161,84.64825,85.17843
2022-01-17 18:14:08.008325,84.1636,84.3895,85.64968
2022-01-17 18:14:08.502734,83.69946,84.28675,85.64968
2022-01-17 18:14:09.001159,84.1636,84.4415,85.37447
2022-01-17 18:14:09.505527,83.90492,84.184,85.37447
2022-01-17 18:14:10.005080,84.47302,84.85375,86.04176
2022-01-17 18:14:10.509164,83.85417,83.92525,86.04176
2022-01-17 18:14:11.008218,84.62773,85.21525,85.80614
2022-01-17 18:14:11.503172,83.90492,84.23475,85.80614
2022-01-17 18:14:12.002932,84.21434,84.90575,86.5526
2022-01-17 18:14:12.510252,83.9569,84.23475,86.5526
2022-01-17 18:14:13.008214,84.11161,84.4935,86.35656
2022-01-17 18:14:13.502987,84.1636,84.3895,86.35656
2022-01-17 18:14:14.001508,84.42104,84.64825,85.68833
2022-01-17 18:14:14.506090,84.11161,84.699,85.68833
2022-01-17 18:14:15.005554,83.90492,84.08,85.02104
2022-01-17 18:14:15.501179,84.1636,84.64825,85.02104
2022-01-17 18:14:16.009613,84.11161,84.4415,85.4527
2022-01-17 18:14:16.505044,84.11161,84.3895,85.4527
2022-01-17 18:14:17.003190,84.11161,84.4935,85.64968
2022-01-17 18:14:17.507708,84.21434,84.132,85.64968
2022-01-17 18:14:18.006570,84.11161,84.64825,85.13885
2022-01-17 18:14:18.511172,83.9569,84.184,85.13885
2022-01-17 18:14:19.007422,84.1636,84.751,85.68833
2022-01-17 18:14:19.504131,84.26632,84.33875,85.68833
2022-01-17 18:14:20.004405,83.9569,84.54425,85.64968
2022-01-17 18:14:20.507667,84.62773,84.803,85.64968
2022-01-17 18:14:21.007016,84.36905,84.4415,85.17843
2022-01-17 18:14:21.502518,83.80219,84.54425,85.17843
2022-01-17 18:14:22.011176,84.11161,84.4935,86.23875
2022-01-17 18:14:22.506592,83.9569,84.3895,86.23875
2022-01-17 18:14:23.004125,84.31831,84.4935,85.17843
2022-01-17 18:14:23.509600,83.90492,84.4935,85.17843
2022-01-17 18:14:24.007552,84.00888,84.23475,85.64968
2022-01-17 18:14:24.502075,84.47302,84.28675,85.64968
2022-01-17 18:14:25.010343,84.47302,84.85375,85.53187
2022-01-17 18:14:25.507899,84.21434,84.85375,85.53187
2022-01-17 18:14:26.005520,83.54475,84.132,85.80614
2022-01-17 18:14:26.511053,84.47302,84.64825,85.80614
2022-01-17 18:14:27.009037,83.7502,84.23475,85.29625
2022-01-17 18:14:27.505356,84.73046,85.0605,85.29625
2022-01-17 18:14:28.002755,84.00888,84.02925,85.29625
2022-01-17 18:14:28.506939,84.26632,84.59625,85.29625
2022-01-17 18:14:29.004927,84.05963,84.184,84.98145
2022-01-17 18:14:29.508676,84.05963,84.90575,84.98145
2022-01-17 18:14:30.008904,84.21434,84.33875,85.57051
2022-01-17 18:14:30.503889,84.00888,84.54425,85.57051
2022-01-17 18:14:31.001252,84.05963,84.64825,85.57051
2022-01-17 18:14:31.505629,84.42104,84.33875,85.57051
2022-01-17 18:14:32.003804,84.1636,84.699,85.88531
2022-01-17 18:14:32.509158,84.1636,84.33875,85.88531
2022-01-17 18:14:33.006808,84.1636,84.751,85.57051
2022-01-17 18:14:33.502666,83.9569,84.23475,85.57051
2022-01-17 18:14:34.009977,84.00888,84.64825,85.06062
2022-01-17 18:14:34.506057,84.42104,84.85375,85.06062
2022-01-17 18:14:35.003467,83.85417,84.23475,85.13885
2022-01-17 18:14:35.505771,84.31831,84.4935,85.13885
2022-01-17 18:14:36.006039,83.69946,83.61575,85.88531
2022-01-17 18:14:36.511242,84.9879,85.57675,85.88531
2022-01-17 18:14:37.009080,83.64747,83.61575,238.1377
2022-01-17 18:14:37.504165,84.26632,84.59625,238.1377
2022-01-17 18:14:38.002050,84.11161,84.33875,215.16426
2022-01-17 18:14:38.508521,83.44078,83.92525,215.16426
2022-01-17 18:14:39.006908,84.47302,84.85375,156.69062
2022-01-17 18:14:39.502927,84.00888,84.02925,156.69062
2022-01-17 18:14:40.505411,83.69946,83.97725,92.16801
2022-01-17 18:14:41.003533,84.57575,84.90575,93.89656
2022-01-17 18:14:41.508898,83.85417,84.28675,93.89656
2022-01-17 18:14:42.006872,83.85417,84.4415,90.00875
2022-01-17 18:14:42.510862,83.80219,84.08,90.00875
2022-01-17 18:14:43.009559,84.52377,84.59625,87.96635
2022-01-17 18:14:43.504510,84.00888,84.803,87.96635
2022-01-17 18:14:44.003295,84.62773,84.803,86.08135
2022-01-17 18:14:44.508796,83.85417,84.3895,86.08135
2022-01-17 18:14:45.006481,84.57575,84.699,85.53187
2022-01-17 18:14:45.502125,83.85417,84.54425,85.53187
2022-01-17 18:14:46.001132,84.05963,84.699,86.15958
2022-01-17 18:14:46.505821,84.21434,84.28675,86.15958
2022-01-17 18:14:47.004135,84.26632,84.699,86.23875
2022-01-17 18:14:47.510465,84.36905,84.59625,86.23875
2022-01-17 18:14:48.009129,83.85417,84.3895,86.23875
2022-01-17 18:14:48.506778,84.47302,84.85375,86.23875
2022-01-17 18:14:49.005697,83.69946,84.132,85.88531
2022-01-17 18:14:49.511106,84.42104,84.803,85.88531
2022-01-17 18:14:50.009196,83.80219,84.33875,85.96354
2022-01-17 18:14:50.504728,84.1636,84.699,85.96354
2022-01-17 18:14:51.002325,84.62773,84.699,85.6101
2022-01-17 18:14:51.508617,84.05963,84.54425,85.6101
2022-01-17 18:14:52.007088,84.57575,84.85375,85.72791
2022-01-17 18:14:52.502504,83.64747,84.184,85.72791
2022-01-17 18:14:53.001976,84.36905,84.699,84.825
2022-01-17 18:14:53.507839,83.69946,84.184,84.825
2022-01-17 18:14:54.006341,84.11161,84.751,86.00312
2022-01-17 18:14:54.511183,84.26632,84.3895,86.00312
2022-01-17 18:14:55.008949,84.11161,84.751,87.02385
2022-01-17 18:14:55.505062,84.05963,84.33875,87.02385
2022-01-17 18:14:56.002460,84.11161,84.4935,85.41406
2022-01-17 18:14:56.508769,84.31831,84.751,85.41406
2022-01-17 18:14:57.007362,83.85417,84.23475,86.15958
2022-01-17 18:14:57.501184,84.52377,84.95775,86.15958
2022-01-17 18:14:58.001116,84.1636,84.28675,85.6101
2022-01-17 18:14:58.508543,84.05963,84.64825,85.6101
2022-01-17 18:14:59.006232,83.9569,84.23475,84.90322
2022-01-17 18:14:59.501392,83.85417,84.4415,84.90322
2022-01-17 18:15:00.010240,84.36905,84.59625,86.04176
2022-01-17 18:15:00.504600,83.85417,84.33875,86.04176
2022-01-17 18:15:01.004166,84.47302,84.95775,85.84572
2022-01-17 18:15:01.510656,84.1636,84.132,85.84572
2022-01-17 18:15:02.009944,84.26632,84.699,85.49229
2022-01-17 18:15:02.507093,84.26632,84.4935,85.49229
2022-01-17 18:15:03.005320,83.69946,84.23475,85.21708
2022-01-17 18:15:03.511250,84.21434,84.59625,85.21708
2022-01-17 18:15:04.009390,83.90492,84.4935,86.23875
2022-01-17 18:15:04.504345,84.21434,84.59625,86.23875
2022-01-17 18:15:05.002300,84.1636,84.3895,85.21708
2022-01-17 18:15:05.508332,84.26632,84.64825,85.21708
2022-01-17 18:15:06.006186,84.26632,84.59625,85.68833
2022-01-17 18:15:06.503233,84.00888,84.64825,85.68833
2022-01-17 18:15:07.001683,84.26632,84.54425,85.25666
2022-01-17 18:15:07.506817,83.90492,84.4415,85.25666
2022-01-17 18:15:08.006177,84.1636,84.64825,85.6101
2022-01-17 18:15:08.502347,84.00888,84.33875,85.6101
2022-01-17 18:15:09.010434,84.36905,84.59625,85.7675
2022-01-17 18:15:09.506486,84.36905,84.33875,85.7675
2022-01-17 18:15:10.005118,84.05963,84.4935,85.17843
2022-01-17 18:15:10.509791,84.26632,84.751,85.17843
2022-01-17 18:15:11.009005,83.9569,84.132,85.49229
2022-01-17 18:15:11.507082,84.36905,84.85375,85.49229
2022-01-17 18:15:12.006726,83.69946,83.97725,85.68833
2022-01-17 18:15:12.503721,84.62773,84.95775,85.68833
2022-01-17 18:15:13.002350,84.47302,84.54425,85.6101
2022-01-17 18:15:13.507413,83.9569,84.3895,85.6101
2022-01-17 18:15:14.005713,84.52377,84.803,86.19916
2022-01-17 18:15:14.510793,83.59549,83.8225,86.19916
2022-01-17 18:15:15.001166,84.47302,84.95775,86.00312
2022-01-17 18:15:15.508453,83.54475,83.8745,86.00312
2022-01-17 18:15:16.006916,84.78245,85.16325,85.80614
2022-01-17 18:15:16.502624,84.05963,83.8745,85.80614
2022-01-17 18:15:17.011174,84.05963,84.59625,85.88531
2022-01-17 18:15:17.505833,84.42104,84.803,85.88531
2022-01-17 18:15:18.005500,84.00888,84.184,85.7675
2022-01-17 18:15:18.510934,84.21434,84.751,85.7675
2022-01-17 18:15:19.009886,83.18334,83.8225,85.84572
2022-01-17 18:15:19.504081,84.42104,85.0085,85.84572
2022-01-17 18:15:20.007204,84.00888,84.02925,86.27739
2022-01-17 18:15:20.502233,84.47302,84.90575,86.27739
2022-01-17 18:15:21.001222,84.11161,84.28675,85.49229
2022-01-17 18:15:21.505999,83.90492,84.4935,85.49229
2022-01-17 18:15:22.005718,84.57575,84.803,85.53187
2022-01-17 18:15:22.510680,83.69946,84.23475,85.53187
2022-01-17 18:15:23.010518,84.52377,85.1125,86.23875
2022-01-17 18:15:23.506683,83.64747,83.8225,86.23875
2022-01-17 18:15:24.005632,84.52377,84.803,85.33489
2022-01-17 18:15:24.508363,84.1636,84.33875,85.33489
2022-01-17 18:15:25.006074,84.21434,84.751,85.25666
2022-01-17 18:15:25.505646,84.26632,84.699,85.25666
2022-01-17 18:15:26.004736,83.90492,84.02925,85.37447
2022-01-17 18:15:26.508892,84.26632,84.803,85.37447
2022-01-17 18:15:27.005512,84.1636,84.54425,85.13885
2022-01-17 18:15:27.510288,84.00888,84.4415,85.13885
2022-01-17 18:15:28.008387,84.1636,84.28675,86.19916
2022-01-17 18:15:28.504056,84.21434,84.4935,86.19916
2022-01-17 18:15:29.003987,84.11161,84.3895,85.37447
2022-01-17 18:15:29.510987,84.21434,84.699,85.37447
2022-01-17 18:15:30.009331,83.90492,84.28675,85.41406
2022-01-17 18:15:30.505207,84.00888,84.4935,85.41406
2022-01-17 18:15:31.004127,84.21434,84.54425,85.6101
2022-01-17 18:15:31.509525,84.36905,84.23475,85.6101
2022-01-17 18:15:32.009296,84.1636,84.64825,85.29625
2022-01-17 18:15:32.504042,83.85417,84.23475,85.29625
2022-01-17 18:15:33.002277,84.21434,84.59625,85.6101
2022-01-17 18:15:33.507062,84.26632,84.803,85.6101
2022-01-17 18:15:34.007385,83.69946,84.28675,85.88531
2022-01-17 18:15:34.508532,84.62773,84.803,85.88531
2022-01-17 18:15:35.006947,84.00888,84.08,85.49229
2022-01-17 18:15:35.501017,84.31831,84.4935,85.49229
2022-01-17 18:15:36.002173,84.21434,84.751,85.49229
2022-01-17 18:15:36.509488,83.85417,84.28675,85.49229
2022-01-17 18:15:37.009770,84.31831,84.85375,85.84572
2022-01-17 18:15:37.506402,83.7502,84.28675,85.84572
2022-01-17 18:15:38.005561,84.57575,84.90575,85.53187
2022-01-17 18:15:38.502280,84.31831,84.33875,85.53187
2022-01-17 18:15:39.010594,83.90492,84.3895,86.12093
2022-01-17 18:15:39.505759,84.1636,84.4935,86.12093
2022-01-17 18:15:40.004634,83.7502,84.08,85.13885
2022-01-17 18:15:40.509369,84.62773,85.21525,85.13885
2022-01-17 18:15:41.008002,83.44078,83.97725,85.49229
2022-01-17 18:15:41.501627,84.47302,85.0085,85.49229
2022-01-17 18:15:42.009123,84.00888,83.97725,86.3952
2022-01-17 18:15:42.504528,84.57575,84.64825,86.3952
2022-01-17 18:15:43.004302,84.00888,84.3895,85.84572
2022-01-17 18:15:43.510879,83.80219,84.3895,85.84572
2022-01-17 18:15:44.009084,84.26632,84.59625,85.29625
2022-01-17 18:15:44.502680,83.69946,84.132,85.29625
2022-01-17 18:15:45.010735,84.52377,84.90575,85.57051
2022-01-17 18:15:45.505771,84.00888,84.3895,85.57051
2022-01-17 18:15:46.003887,84.42104,84.59625,85.4527
2022-01-17 18:15:46.509606,84.05963,84.132,85.4527
2022-01-17 18:15:47.008030,84.47302,84.90575,85.49229
2022-01-17 18:15:47.505697,84.21434,84.751,85.49229
2022-01-17 18:15:48.004680,83.80219,84.23475,85.4527
2022-01-17 18:15:48.510031,84.1636,84.59625,85.4527
