時間,回転１,回転２,回転３
2022-01-22 18:00:00.007294,0.0,0.0,0.0
2022-01-22 18:00:00.503402,0.0,0.0,0.0
2022-01-22 18:00:01.505249,0.0,0.0,0.0
2022-01-22 18:00:02.004930,0.0,0.0,0.0
2022-01-22 18:00:02.511166,0.0,0.0,0.0
2022-01-22 18:00:03.009703,0.0,0.0,0.0
2022-01-22 18:00:03.505641,0.0,0.0,0.0
2022-01-22 18:00:04.004647,0.0,0.0,0.0
2022-01-22 18:00:04.501203,0.0,0.0,0.0
2022-01-22 18:00:05.010262,0.0,0.0,0.0
2022-01-22 18:00:05.506316,0.0,0.0,0.0
2022-01-22 18:00:06.005236,0.0,0.0,0.0
2022-01-22 18:00:06.501872,0.0,0.0,0.0
2022-01-22 18:00:07.010890,0.0,0.0,0.0
2022-01-22 18:00:07.505242,0.0,0.0,0.0
2022-01-22 18:00:08.003512,0.0,0.0,0.0
2022-01-22 18:00:08.509346,0.0,0.0,0.0
2022-01-22 18:00:09.007569,0.0,0.0,0.0
2022-01-22 18:00:09.503468,0.0,0.0,0.0
2022-01-22 18:00:10.004126,0.0,0.0,0.0
2022-01-22 18:00:10.501354,0.0,0.0,0.0
2022-01-22 18:00:11.004841,0.0,0.0,0.0
2022-01-22 18:00:11.510381,0.0,0.0,0.0
2022-01-22 18:00:12.008136,0.0,0.0,0.0
2022-01-22 18:00:12.503321,0.0,0.0,0.0
2022-01-22 18:00:13.011009,0.0,0.0,0.0
2022-01-22 18:00:13.505927,0.0,0.0,0.0
2022-01-22 18:00:14.002478,0.0,0.0,0.0
2022-01-22 18:00:14.508363,0.0,0.0,0.0
2022-01-22 18:00:15.009125,0.0,0.0,0.0
2022-01-22 18:00:15.509028,0.0,0.0,0.0
2022-01-22 18:00:16.007702,0.0,0.0,0.0
2022-01-22 18:00:16.502540,0.0,0.0,0.0
2022-01-22 18:00:17.010647,0.0,0.0,0.0
2022-01-22 18:00:17.507563,0.0,0.0,0.0
2022-01-22 18:00:18.006617,0.0,0.0,0.0
2022-01-22 18:00:18.501536,0.0,0.0,0.0
2022-01-22 18:00:19.010140,0.0,0.0,0.0
2022-01-22 18:00:19.507413,0.0,0.0,0.0
2022-01-22 18:00:20.006735,0.0,0.0,0.0
2022-01-22 18:00:20.502132,0.0,0.0,0.0
2022-01-22 18:00:21.010410,0.0,0.0,0.0
2022-01-22 18:00:21.505553,0.0,0.0,0.0
2022-01-22 18:00:22.002582,0.0,0.0,0.0
2022-01-22 18:00:22.508578,0.0,0.0,0.0
2022-01-22 18:00:23.006802,0.0,0.0,0.0
2022-01-22 18:00:23.501961,0.0,0.0,0.0
2022-01-22 18:00:24.010591,0.0,0.0,0.0
2022-01-22 18:00:24.507221,0.0,0.0,0.0
2022-01-22 18:00:25.006742,0.0,0.0,0.0
2022-01-22 18:00:25.501782,0.0,0.0,0.0
2022-01-22 18:00:26.010034,0.0,0.0,0.0
2022-01-22 18:00:26.504454,0.0,0.0,0.0
2022-01-22 18:00:27.008284,0.0,0.0,0.0
2022-01-22 18:00:27.502647,0.0,0.0,0.0
2022-01-22 18:00:28.010107,0.0,0.0,0.0
2022-01-22 18:00:28.505535,0.0,0.0,0.0
2022-01-22 18:00:29.004825,0.0,0.0,0.0
2022-01-22 18:00:29.509732,0.0,0.0,0.0
2022-01-22 18:00:30.007864,0.0,0.0,0.0
2022-01-22 18:00:30.502632,0.0,0.0,0.0
2022-01-22 18:00:31.010596,0.0,0.0,0.0
2022-01-22 18:00:31.506379,0.0,0.0,0.0
2022-01-22 18:00:32.003555,0.0,0.0,0.0
2022-01-22 18:00:32.510558,0.0,0.0,0.0
2022-01-22 18:00:33.008518,0.0,0.0,0.0
2022-01-22 18:00:33.505661,0.0,0.0,0.0
2022-01-22 18:00:34.004179,0.0,0.0,0.0
2022-01-22 18:00:34.509651,0.0,0.0,0.0
2022-01-22 18:00:35.007822,0.0,0.0,0.0
2022-01-22 18:00:35.502657,0.0,0.0,0.0
2022-01-22 18:00:36.504990,0.0,0.0,0.0
2022-01-22 18:00:37.005019,0.0,0.0,0.0
2022-01-22 18:00:37.501183,0.0,0.0,0.0
2022-01-22 18:00:38.008785,0.0,0.0,0.0
2022-01-22 18:00:38.504978,0.0,0.0,0.0
2022-01-22 18:00:39.003153,0.0,0.0,0.0
2022-01-22 18:00:39.509052,0.0,0.0,0.0
2022-01-22 18:00:40.006842,0.0,0.0,0.0
2022-01-22 18:00:40.502908,0.0,0.0,0.0
2022-01-22 18:00:41.011175,0.0,0.0,0.0
2022-01-22 18:00:41.506772,0.0,0.0,0.0
2022-01-22 18:00:42.006679,0.0,0.0,0.0
2022-01-22 18:00:42.503464,0.0,0.0,0.0
2022-01-22 18:00:43.002726,0.0,0.0,0.0
2022-01-22 18:00:43.508932,0.0,0.0,0.0
2022-01-22 18:00:44.006772,0.0,0.0,0.0
2022-01-22 18:00:44.501716,0.0,0.0,0.0
2022-01-22 18:00:45.009969,0.0,0.0,0.0
2022-01-22 18:00:45.505067,0.0,0.0,0.0
2022-01-22 18:00:46.002719,0.0,0.0,0.0
2022-01-22 18:00:46.507276,0.0,0.0,0.0
2022-01-22 18:00:47.006622,0.0,0.0,0.0
2022-01-22 18:00:47.501114,0.0,0.0,0.0
2022-01-22 18:00:48.009313,0.0,0.0,0.0
2022-01-22 18:00:48.503728,0.0,0.0,0.0
2022-01-22 18:00:49.001614,0.0,0.0,0.0
2022-01-22 18:00:49.507659,0.0,0.0,0.0
2022-01-22 18:00:50.005682,0.0,0.0,0.0
2022-01-22 18:00:50.510898,0.0,0.0,0.0
2022-01-22 18:00:51.001645,0.0,0.0,0.0
2022-01-22 18:00:51.509499,0.0,0.0,0.0
2022-01-22 18:00:52.008013,0.0,0.0,0.0
2022-01-22 18:00:52.505114,0.0,0.0,0.0
2022-01-22 18:00:53.002930,0.0,0.0,0.0
2022-01-22 18:00:53.508368,0.0,0.0,0.0
2022-01-22 18:00:54.007096,0.0,0.0,0.0
2022-01-22 18:00:54.502218,0.0,0.0,0.0
2022-01-22 18:00:55.010105,0.0,0.0,0.0
2022-01-22 18:00:55.505720,0.0,0.0,0.0
2022-01-22 18:00:56.004940,0.0,0.0,0.0
2022-01-22 18:00:56.510191,0.0,0.0,0.0
2022-01-22 18:00:57.009059,0.0,0.0,0.0
2022-01-22 18:00:57.505159,0.0,0.0,0.0
2022-01-22 18:00:58.002532,0.0,0.0,0.0
2022-01-22 18:00:58.506487,0.0,0.0,0.0
2022-01-22 18:00:59.004942,0.0,0.0,0.0
2022-01-22 18:00:59.501323,0.0,0.0,0.0
2022-01-22 18:01:00.008823,0.0,0.0,0.0
2022-01-22 18:01:00.504574,0.0,0.0,0.0
2022-01-22 18:01:01.001661,0.0,0.0,0.0
2022-01-22 18:01:01.509052,0.0,0.0,0.0
2022-01-22 18:01:02.006754,0.0,0.0,0.0
2022-01-22 18:01:02.501556,0.0,0.0,0.0
2022-01-22 18:01:03.010024,0.0,0.0,0.0
2022-01-22 18:01:03.505071,0.0,0.0,0.0
2022-01-22 18:01:04.003794,0.0,0.0,0.0
2022-01-22 18:01:04.501978,0.0,0.0,0.0
2022-01-22 18:01:05.010335,0.0,0.0,0.0
2022-01-22 18:01:05.506140,0.0,0.0,0.0
2022-01-22 18:01:06.004328,0.0,0.0,0.0
2022-01-22 18:01:06.509286,0.0,0.0,0.0
2022-01-22 18:01:07.005962,0.0,0.0,0.0
2022-01-22 18:01:07.502814,0.0,0.0,0.0
2022-01-22 18:01:08.010690,0.0,0.0,0.0
2022-01-22 18:01:08.506196,0.0,0.0,0.0
2022-01-22 18:01:09.004920,0.0,0.0,0.0
2022-01-22 18:01:09.501229,0.0,0.0,0.0
2022-01-22 18:01:10.010690,0.0,0.0,0.0
2022-01-22 18:01:10.507405,0.0,0.0,0.0
2022-01-22 18:01:11.011013,0.0,0.0,0.0
2022-01-22 18:01:11.508492,0.0,0.0,0.0
2022-01-22 18:01:12.006415,0.0,0.0,0.0
2022-01-22 18:01:12.501310,0.0,0.0,0.0
2022-01-22 18:01:13.009670,0.0,0.0,0.0
2022-01-22 18:01:13.506436,0.0,0.0,0.0
2022-01-22 18:01:14.003767,0.0,0.0,0.0
2022-01-22 18:01:14.509870,0.0,0.0,0.0
2022-01-22 18:01:15.008517,0.0,0.0,0.0
2022-01-22 18:01:15.505234,0.0,0.0,0.0
2022-01-22 18:01:16.003412,0.0,0.0,0.0
2022-01-22 18:01:16.507751,0.0,0.0,0.0
2022-01-22 18:01:17.007242,0.0,0.0,0.0
2022-01-22 18:01:17.503059,0.0,0.0,0.0
2022-01-22 18:01:18.002151,0.0,0.0,0.0
2022-01-22 18:01:18.508323,0.0,0.0,0.0
2022-01-22 18:01:19.006907,0.0,0.0,0.0
2022-01-22 18:01:19.502870,0.0,0.0,0.0
2022-01-22 18:01:20.010850,0.0,0.0,0.0
2022-01-22 18:01:20.505693,0.0,0.0,0.0
2022-01-22 18:01:21.004901,0.0,0.0,0.0
2022-01-22 18:01:21.510729,0.0,0.0,0.0
2022-01-22 18:01:22.009142,0.0,0.0,0.0
2022-01-22 18:01:22.506307,0.0,0.0,0.0
2022-01-22 18:01:23.002722,0.0,0.0,0.0
2022-01-22 18:01:23.507918,0.0,0.0,0.0
2022-01-22 18:01:24.006883,0.0,0.0,0.0
2022-01-22 18:01:24.502776,0.0,0.0,0.0
2022-01-22 18:01:25.003524,0.0,0.0,0.0
2022-01-22 18:01:25.508310,0.0,0.0,0.0
2022-01-22 18:01:26.006760,0.0,0.0,0.0
2022-01-22 18:01:26.503024,0.0,0.0,0.0
2022-01-22 18:01:27.010290,0.0,0.0,0.0
2022-01-22 18:01:27.504732,0.0,0.0,0.0
2022-01-22 18:01:28.004110,0.0,0.0,0.0
2022-01-22 18:01:28.510309,0.0,0.0,0.0
2022-01-22 18:01:29.008861,0.0,0.0,0.0
2022-01-22 18:01:29.503169,0.0,0.0,0.0
2022-01-22 18:01:30.001280,0.0,0.0,0.0
2022-01-22 18:01:30.507390,0.0,0.0,0.0
2022-01-22 18:01:31.007031,0.0,0.0,0.0
2022-01-22 18:01:31.503334,0.0,0.0,0.0
2022-01-22 18:01:32.002362,0.0,0.0,0.0
2022-01-22 18:01:32.507173,0.0,0.0,0.0
2022-01-22 18:01:33.005929,0.0,0.0,0.0
2022-01-22 18:01:33.501282,0.0,0.0,0.0
2022-01-22 18:01:34.008708,0.0,0.0,0.0
2022-01-22 18:01:34.503377,0.0,0.0,0.0
2022-01-22 18:01:35.011104,0.0,0.0,0.0
2022-01-22 18:01:35.507418,0.0,0.0,0.0
2022-01-22 18:01:36.005355,0.0,0.0,0.0
2022-01-22 18:01:36.510861,0.0,0.0,0.0
2022-01-22 18:01:37.008300,0.0,0.0,0.0
2022-01-22 18:01:37.504317,0.0,0.0,0.0
2022-01-22 18:01:38.002725,0.0,0.0,0.0
2022-01-22 18:01:38.509421,0.0,0.0,0.0
2022-01-22 18:01:39.007314,0.0,0.0,0.0
2022-01-22 18:01:39.504568,0.0,0.0,0.0
2022-01-22 18:01:40.002412,0.0,0.0,0.0
2022-01-22 18:01:40.507593,0.0,0.0,0.0
2022-01-22 18:01:41.006401,0.0,0.0,0.0
2022-01-22 18:01:41.501148,0.0,0.0,0.0
2022-01-22 18:01:42.009498,0.0,0.0,0.0
2022-01-22 18:01:42.505445,0.0,0.0,0.0
2022-01-22 18:01:43.002667,0.0,0.0,0.0
2022-01-22 18:01:43.509988,0.0,0.0,0.0
2022-01-22 18:01:44.006798,0.0,0.0,0.0
2022-01-22 18:01:44.503648,0.0,0.0,0.0
2022-01-22 18:01:45.001473,0.0,0.0,0.0
2022-01-22 18:01:45.508842,0.0,0.0,0.0
2022-01-22 18:01:46.006953,0.0,0.0,0.0
2022-01-22 18:01:46.501632,0.0,0.0,0.0
2022-01-22 18:01:47.009847,0.0,0.0,0.0
2022-01-22 18:01:47.506281,0.0,0.0,0.0
2022-01-22 18:01:48.003778,0.0,0.0,0.0
2022-01-22 18:01:48.508998,0.0,0.0,0.0
2022-01-22 18:01:49.007759,0.0,0.0,0.0
2022-01-22 18:01:49.502675,0.0,0.0,0.0
2022-01-22 18:01:50.010453,0.0,0.0,0.0
2022-01-22 18:01:50.506223,0.0,0.0,0.0
2022-01-22 18:01:51.005184,0.0,0.0,0.0
2022-01-22 18:01:51.501836,0.0,0.0,0.0
2022-01-22 18:01:52.009904,0.0,0.0,0.0
2022-01-22 18:01:52.504727,0.0,0.0,0.0
2022-01-22 18:01:53.003219,0.0,0.0,0.0
2022-01-22 18:01:53.509051,0.0,0.0,0.0
2022-01-22 18:01:54.007356,0.0,0.0,0.0
2022-01-22 18:01:54.503350,0.0,0.0,0.0
2022-01-22 18:01:55.001926,0.0,0.0,0.0
2022-01-22 18:01:55.508827,0.0,0.0,0.0
2022-01-22 18:01:56.007422,0.0,0.0,0.0
2022-01-22 18:01:56.503027,0.0,0.0,0.0
2022-01-22 18:01:57.002660,0.0,0.0,0.0
2022-01-22 18:01:57.509934,0.0,0.0,0.0
2022-01-22 18:01:58.007190,0.0,0.0,0.0
2022-01-22 18:01:58.502774,0.0,0.0,0.0
2022-01-22 18:01:59.010542,0.0,0.0,0.0
2022-01-22 18:01:59.505769,0.0,0.0,0.0
2022-01-22 18:02:00.004792,0.0,0.0,0.0
2022-01-22 18:02:00.510104,0.0,0.0,0.0
2022-01-22 18:02:01.007559,0.0,0.0,0.0
2022-01-22 18:02:01.503007,0.0,0.0,0.0
2022-01-22 18:02:02.011087,0.0,0.0,0.0
2022-01-22 18:02:02.505931,0.0,0.0,0.0
2022-01-22 18:02:03.004254,0.0,0.0,0.0
2022-01-22 18:02:03.510612,0.0,0.0,0.0
2022-01-22 18:02:04.008081,0.0,0.0,0.0
2022-01-22 18:02:04.502582,0.0,0.0,0.0
2022-01-22 18:02:05.009857,0.0,0.0,0.0
2022-01-22 18:02:05.504620,0.0,0.0,0.0
2022-01-22 18:02:06.003250,0.0,0.0,0.0
2022-01-22 18:02:06.502221,0.0,0.0,0.0
2022-01-22 18:02:07.009956,0.0,0.0,0.0
2022-01-22 18:02:07.505738,0.0,0.0,0.0
2022-01-22 18:02:08.003869,0.0,0.0,0.0
2022-01-22 18:02:08.508702,0.0,0.0,0.0
2022-01-22 18:02:09.006373,0.0,0.0,0.0
2022-01-22 18:02:09.502645,0.0,0.0,0.0
2022-01-22 18:02:10.002071,0.0,0.0,0.0
2022-01-22 18:02:10.508374,0.0,0.0,0.0
2022-01-22 18:02:11.002801,0.0,0.0,0.0
2022-01-22 18:02:11.508473,0.0,0.0,0.0
2022-01-22 18:02:12.006704,0.0,0.0,0.0
2022-01-22 18:02:12.502784,0.0,0.0,0.0
2022-01-22 18:02:13.001632,0.0,0.0,0.0
2022-01-22 18:02:13.507038,0.0,0.0,0.0
2022-01-22 18:02:14.005442,0.0,0.0,0.0
2022-01-22 18:02:14.510684,0.0,0.0,0.0
2022-01-22 18:02:15.008209,0.0,0.0,0.0
2022-01-22 18:02:15.505411,0.0,0.0,0.0
2022-01-22 18:02:16.003859,0.0,0.0,0.0
2022-01-22 18:02:16.509096,0.0,0.0,0.0
2022-01-22 18:02:17.007325,0.0,0.0,0.0
2022-01-22 18:02:17.502766,0.0,0.0,0.0
2022-01-22 18:02:18.010699,0.0,0.0,0.0
2022-01-22 18:02:18.506204,0.0,0.0,0.0
2022-01-22 18:02:19.005305,0.0,0.0,0.0
2022-01-22 18:02:19.502226,0.0,0.0,0.0
2022-01-22 18:02:20.010759,0.0,0.0,0.0
2022-01-22 18:02:20.505563,0.0,0.0,0.0
2022-01-22 18:02:21.003968,0.0,0.0,0.0
2022-01-22 18:02:22.005508,0.0,0.0,0.0
2022-01-22 18:02:22.510279,0.0,0.0,0.0
2022-01-22 18:02:23.007329,0.0,0.0,0.0
2022-01-22 18:02:23.502972,0.0,0.0,0.0
2022-01-22 18:02:24.504715,0.0,0.0,0.0
2022-01-22 18:02:25.002712,0.0,0.0,0.0
2022-01-22 18:02:25.508859,0.0,0.0,0.0
2022-01-22 18:02:26.005448,0.0,0.0,0.0
2022-01-22 18:02:26.510537,0.0,0.0,0.0
2022-01-22 18:02:27.010215,0.0,0.0,0.0
2022-01-22 18:02:27.507655,0.0,0.0,0.0
2022-01-22 18:02:28.006158,0.0,0.0,0.0
2022-01-22 18:02:28.502302,0.0,0.0,0.0
2022-01-22 18:02:29.010216,0.0,0.0,0.0
2022-01-22 18:02:29.506699,0.0,0.0,0.0
2022-01-22 18:02:30.004949,0.0,0.0,0.0
2022-01-22 18:02:30.501215,0.0,0.0,0.0
2022-01-22 18:02:31.009349,0.0,0.0,0.0
2022-01-22 18:02:31.503601,0.0,0.0,0.0
2022-01-22 18:02:32.011124,0.0,0.0,0.0
2022-01-22 18:02:32.506599,0.0,0.0,0.0
2022-01-22 18:02:33.004566,0.0,0.0,0.0
2022-01-22 18:02:33.510765,0.0,0.0,0.0
2022-01-22 18:02:34.009016,0.0,0.0,0.0
2022-01-22 18:02:34.504151,0.0,0.0,0.0
2022-01-22 18:02:35.002284,0.0,0.0,0.0
2022-01-22 18:02:35.508224,0.0,0.0,0.0
2022-01-22 18:02:36.007043,0.0,0.0,0.0
2022-01-22 18:02:36.501829,0.0,0.0,0.0
2022-01-22 18:02:37.010512,0.0,0.0,0.0
2022-01-22 18:02:37.505787,0.0,0.0,0.0
2022-01-22 18:02:38.007208,0.0,0.0,0.0
2022-01-22 18:02:38.502863,0.0,0.0,0.0
2022-01-22 18:02:39.001614,0.0,0.0,0.0
2022-01-22 18:02:39.507290,0.0,0.0,0.0
2022-01-22 18:02:40.006589,0.0,0.0,0.0
2022-01-22 18:02:40.501201,0.0,0.0,0.0
2022-01-22 18:02:41.010209,0.0,0.0,0.0
2022-01-22 18:02:41.507282,0.0,0.0,0.0
2022-01-22 18:02:42.006904,0.0,0.0,0.0
2022-01-22 18:02:42.505095,0.0,0.0,0.0
2022-01-22 18:02:43.004358,0.0,0.0,0.0
2022-01-22 18:02:43.510420,0.0,0.0,0.0
2022-01-22 18:02:44.010749,0.0,0.0,0.0
2022-01-22 18:02:44.506640,0.0,0.0,0.0
2022-01-22 18:02:45.005124,0.0,0.0,0.0
2022-01-22 18:02:46.004779,0.0,0.0,0.0
2022-01-22 18:02:46.509759,0.0,0.0,0.0
2022-01-22 18:02:47.009928,0.0,0.0,0.0
2022-01-22 18:02:47.506794,0.0,0.0,0.0
2022-01-22 18:02:48.004928,0.0,0.0,0.0
2022-01-22 18:02:48.510056,0.0,0.0,0.0
2022-01-22 18:02:49.008476,0.0,0.0,0.0
2022-01-22 18:02:49.504306,0.0,0.0,0.0
2022-01-22 18:02:50.001864,0.0,0.0,0.0
2022-01-22 18:02:50.509134,0.0,0.0,0.0
2022-01-22 18:02:51.007578,0.0,0.0,0.0
2022-01-22 18:02:51.505022,0.0,0.0,0.0
2022-01-22 18:02:52.003497,0.0,0.0,0.0
2022-01-22 18:02:52.508342,0.0,0.0,0.0
2022-01-22 18:02:53.006742,0.0,0.0,0.0
2022-01-22 18:02:53.501063,0.0,0.0,0.0
2022-01-22 18:02:54.010286,0.0,0.0,0.0
2022-01-22 18:02:54.505675,0.0,0.0,0.0
2022-01-22 18:02:55.003811,0.0,0.0,0.0
2022-01-22 18:02:55.508152,0.0,0.0,0.0
2022-01-22 18:02:56.006230,0.0,0.0,0.0
2022-01-22 18:02:56.502899,0.0,0.0,0.0
2022-01-22 18:02:57.010770,0.0,0.0,0.0
2022-01-22 18:02:57.506265,0.0,0.0,0.0
2022-01-22 18:02:58.003778,0.0,0.0,0.0
2022-01-22 18:02:58.508293,0.0,0.0,0.0
2022-01-22 18:02:59.006265,0.0,0.0,0.0
2022-01-22 18:02:59.501930,0.0,0.0,0.0
2022-01-22 18:03:00.010312,0.0,0.0,0.0
2022-01-22 18:03:00.506637,0.0,0.0,0.0
2022-01-22 18:03:01.003323,0.0,0.0,0.0
2022-01-22 18:03:01.508654,0.0,0.0,0.0
2022-01-22 18:03:02.005457,0.0,0.0,0.0
2022-01-22 18:03:02.511130,0.0,0.0,0.0
2022-01-22 18:03:03.009218,0.0,0.0,0.0
2022-01-22 18:03:03.506284,0.0,0.0,0.0
2022-01-22 18:03:04.006015,0.0,0.0,0.0
2022-01-22 18:03:04.501115,0.0,0.0,0.0
2022-01-22 18:03:05.010311,0.0,0.0,0.0
2022-01-22 18:03:05.504769,0.0,0.0,0.0
2022-01-22 18:03:06.002771,0.0,0.0,0.0
2022-01-22 18:03:06.507917,0.0,0.0,0.0
2022-01-22 18:03:07.004973,0.0,0.0,0.0
2022-01-22 18:03:07.501903,0.0,0.0,0.0
2022-01-22 18:03:08.009048,0.0,0.0,0.0
2022-01-22 18:03:08.502852,0.0,0.0,0.0
2022-01-22 18:03:09.002599,0.0,0.0,0.0
2022-01-22 18:03:09.507378,0.0,0.0,0.0
2022-01-22 18:03:10.006670,0.0,0.0,0.0
2022-01-22 18:03:10.501312,0.0,0.0,0.0
2022-01-22 18:03:11.005080,0.0,0.0,0.0
2022-01-22 18:03:11.509973,0.0,0.0,0.0
2022-01-22 18:03:12.006756,0.0,0.0,0.0
2022-01-22 18:03:12.501158,0.0,0.0,0.0
2022-01-22 18:03:13.008542,0.0,0.0,0.0
2022-01-22 18:03:13.505111,0.0,0.0,0.0
2022-01-22 18:03:14.004041,0.0,0.0,0.0
2022-01-22 18:03:14.508919,0.0,0.0,0.0
2022-01-22 18:03:15.007258,0.0,0.0,0.0
2022-01-22 18:03:15.502390,0.0,0.0,0.0
2022-01-22 18:03:16.001240,0.0,0.0,0.0
2022-01-22 18:03:16.506492,0.0,0.0,0.0
2022-01-22 18:03:17.006488,0.0,0.0,0.0
2022-01-22 18:03:17.502129,0.0,0.0,0.0
2022-01-22 18:03:18.006277,0.0,0.0,0.0
2022-01-22 18:03:18.503109,0.0,0.0,0.0
2022-01-22 18:03:19.010794,0.0,0.0,0.0
2022-01-22 18:03:19.505075,0.0,0.0,0.0
2022-01-22 18:03:20.004604,0.0,0.0,0.0
2022-01-22 18:03:20.510418,0.0,0.0,0.0
2022-01-22 18:03:21.009025,0.0,0.0,0.0
2022-01-22 18:03:21.503192,0.0,0.0,0.0
2022-01-22 18:03:22.011011,0.0,0.0,0.0
2022-01-22 18:03:22.509435,0.0,0.0,0.0
2022-01-22 18:03:23.007545,0.0,0.0,0.0
2022-01-22 18:03:23.502433,0.0,0.0,0.0
2022-01-22 18:03:24.010729,0.0,0.0,0.0
2022-01-22 18:03:24.507359,0.0,0.0,0.0
2022-01-22 18:03:25.006683,0.0,0.0,0.0
2022-01-22 18:03:25.502724,0.0,0.0,0.0
2022-01-22 18:03:26.009540,0.0,0.0,0.0
2022-01-22 18:03:26.503758,0.0,0.0,0.0
2022-01-22 18:03:27.003062,0.0,0.0,0.0
2022-01-22 18:03:27.508942,0.0,0.0,0.0
2022-01-22 18:03:28.006341,0.0,0.0,0.0
2022-01-22 18:03:28.501765,0.0,0.0,0.0
2022-01-22 18:03:29.010535,0.0,0.0,0.0
2022-01-22 18:03:29.506696,0.0,0.0,0.0
2022-01-22 18:03:30.005618,0.0,0.0,0.0
2022-01-22 18:03:30.503797,0.0,0.0,0.0
2022-01-22 18:03:31.001647,0.0,0.0,0.0
2022-01-22 18:03:31.509130,0.0,0.0,0.0
2022-01-22 18:03:32.007841,0.0,0.0,0.0
2022-01-22 18:03:32.503906,0.0,0.0,0.0
2022-01-22 18:03:33.003310,0.0,0.0,0.0
2022-01-22 18:03:33.509077,0.0,0.0,0.0
2022-01-22 18:03:34.007034,0.0,0.0,0.0
2022-01-22 18:03:34.503236,0.0,0.0,0.0
2022-01-22 18:03:35.003721,0.0,0.0,0.0
2022-01-22 18:03:35.502506,0.0,0.0,0.0
2022-01-22 18:03:36.010477,0.0,0.0,0.0
2022-01-22 18:03:36.506431,0.0,0.0,0.0
2022-01-22 18:03:37.004253,0.0,0.0,0.0
2022-01-22 18:03:37.509801,0.0,0.0,0.0
2022-01-22 18:03:38.007707,0.0,0.0,0.0
2022-01-22 18:03:38.503270,0.0,0.0,0.0
2022-01-22 18:03:39.002076,0.0,0.0,0.0
2022-01-22 18:03:39.507182,0.0,0.0,0.0
2022-01-22 18:03:40.006581,0.0,0.0,0.0
2022-01-22 18:03:40.501482,0.0,0.0,0.0
2022-01-22 18:03:41.009120,0.0,0.0,0.0
2022-01-22 18:03:41.504426,0.0,0.0,0.0
2022-01-22 18:03:42.002596,0.0,0.0,0.0
2022-01-22 18:03:42.507258,0.0,0.0,0.0
2022-01-22 18:03:43.005127,0.0,0.0,0.0
2022-01-22 18:03:43.501136,0.0,0.0,0.0
2022-01-22 18:03:44.001793,0.0,0.0,0.0
2022-01-22 18:03:44.503309,0.0,0.0,0.0
2022-01-22 18:03:45.002263,0.0,0.0,0.0
2022-01-22 18:03:45.508140,0.0,0.0,0.0
2022-01-22 18:03:46.007026,0.0,0.0,0.0
2022-01-22 18:03:46.502887,0.0,0.0,0.0
2022-01-22 18:03:47.010771,0.0,0.0,0.0
2022-01-22 18:03:47.506873,0.0,0.0,0.0
2022-01-22 18:03:48.003981,0.0,0.0,0.0
2022-01-22 18:03:48.509780,0.0,0.0,0.0
2022-01-22 18:03:49.008359,0.0,0.0,0.0
2022-01-22 18:03:49.504499,0.0,0.0,0.0
2022-01-22 18:03:50.002463,0.0,0.0,0.0
2022-01-22 18:03:50.507885,0.0,0.0,0.0
2022-01-22 18:03:51.005725,0.0,0.0,0.0
2022-01-22 18:03:51.501364,0.0,0.0,0.0
2022-01-22 18:03:52.010596,0.0,0.0,0.0
2022-01-22 18:03:52.505482,0.0,0.0,0.0
2022-01-22 18:03:53.003002,0.0,0.0,0.0
2022-01-22 18:03:53.508779,0.0,0.0,0.0
2022-01-22 18:03:54.007493,0.0,0.0,0.0
2022-01-22 18:03:54.504139,0.0,0.0,0.0
2022-01-22 18:03:55.001280,0.0,0.0,0.0
2022-01-22 18:03:55.506197,0.0,0.0,0.0
2022-01-22 18:03:56.004808,0.0,0.0,0.0
2022-01-22 18:03:56.510715,0.0,0.0,0.0
2022-01-22 18:03:57.010860,0.0,0.0,0.0
2022-01-22 18:03:57.507037,0.0,0.0,0.0
2022-01-22 18:03:58.006263,0.0,0.0,0.0
2022-01-22 18:03:58.502350,0.0,0.0,0.0
2022-01-22 18:03:59.010463,0.0,0.0,0.0
2022-01-22 18:03:59.505635,0.0,0.0,0.0
2022-01-22 18:04:00.003166,0.0,0.0,0.0
2022-01-22 18:04:00.508661,0.0,0.0,0.0
2022-01-22 18:04:01.006831,0.0,0.0,0.0
2022-01-22 18:04:01.502655,0.0,0.0,0.0
2022-01-22 18:04:02.009534,0.0,0.0,0.0
2022-01-22 18:04:02.507821,0.0,0.0,0.0
2022-01-22 18:04:03.006678,0.0,0.0,0.0
2022-01-22 18:04:03.501745,0.0,0.0,0.0
2022-01-22 18:04:04.010736,0.0,0.0,0.0
2022-01-22 18:04:04.508097,0.0,0.0,0.0
2022-01-22 18:04:05.006245,0.0,0.0,0.0
2022-01-22 18:04:05.501816,0.0,0.0,0.0
2022-01-22 18:04:06.008394,0.0,0.0,0.0
2022-01-22 18:04:06.505171,0.0,0.0,0.0
2022-01-22 18:04:07.004279,0.0,0.0,0.0
2022-01-22 18:04:07.508686,0.0,0.0,0.0
2022-01-22 18:04:08.007523,0.0,0.0,0.0
2022-01-22 18:04:08.501790,0.0,0.0,0.0
2022-01-22 18:04:09.001087,0.0,0.0,0.0
2022-01-22 18:04:09.508305,0.0,0.0,0.0
2022-01-22 18:04:10.007515,0.0,0.0,0.0
2022-01-22 18:04:10.503354,0.0,0.0,0.0
2022-01-22 18:04:11.007846,0.0,0.0,0.0
2022-01-22 18:04:11.505000,0.0,0.0,0.0
2022-01-22 18:04:12.005789,0.0,0.0,0.0
2022-01-22 18:04:12.504041,0.0,0.0,0.0
2022-01-22 18:04:13.002119,0.0,0.0,0.0
2022-01-22 18:04:13.506668,0.0,0.0,0.0
2022-01-22 18:04:14.005183,0.0,0.0,0.0
2022-01-22 18:04:14.510772,0.0,0.0,0.0
2022-01-22 18:04:15.008985,0.0,0.0,0.0
2022-01-22 18:04:15.504298,0.0,0.0,0.0
2022-01-22 18:04:16.003208,0.0,0.0,0.0
2022-01-22 18:04:16.508888,0.0,0.0,0.0
2022-01-22 18:04:17.006704,0.0,0.0,0.0
2022-01-22 18:04:17.502167,0.0,0.0,0.0
2022-01-22 18:04:18.010772,0.0,0.0,0.0
2022-01-22 18:04:18.506568,0.0,0.0,0.0
2022-01-22 18:04:19.004145,0.0,0.0,0.0
2022-01-22 18:04:19.509419,0.0,0.0,0.0
2022-01-22 18:04:20.008771,0.0,0.0,0.0
2022-01-22 18:04:20.504645,0.0,0.0,0.0
2022-01-22 18:04:21.003574,0.0,0.0,0.0
2022-01-22 18:04:21.509486,0.0,0.0,0.0
2022-01-22 18:04:22.008748,0.0,0.0,0.0
2022-01-22 18:04:22.504115,0.0,0.0,0.0
2022-01-22 18:04:23.003996,0.0,0.0,0.0
2022-01-22 18:04:23.511098,0.0,0.0,0.0
2022-01-22 18:04:24.009349,0.0,0.0,0.0
2022-01-22 18:04:24.505510,0.0,0.0,0.0
2022-01-22 18:04:25.003527,0.0,0.0,0.0
2022-01-22 18:04:25.508822,0.0,0.0,0.0
2022-01-22 18:04:26.006617,0.0,0.0,0.0
2022-01-22 18:04:26.501917,0.0,0.0,0.0
2022-01-22 18:04:27.009750,0.0,0.0,0.0
2022-01-22 18:04:27.505180,0.0,0.0,0.0
2022-01-22 18:04:28.003391,0.0,0.0,0.0
2022-01-22 18:04:28.509370,0.0,0.0,0.0
2022-01-22 18:04:29.007344,0.0,0.0,0.0
2022-01-22 18:04:29.503418,0.0,0.0,0.0
2022-01-22 18:04:30.002205,0.0,0.0,0.0
2022-01-22 18:04:30.508059,0.0,0.0,0.0
2022-01-22 18:04:31.007421,0.0,0.0,0.0
2022-01-22 18:04:31.501898,0.0,0.0,0.0
2022-01-22 18:04:32.009057,0.0,0.0,0.0
2022-01-22 18:04:32.505212,0.0,0.0,0.0
2022-01-22 18:04:33.003078,0.0,0.0,0.0
2022-01-22 18:04:33.510709,0.0,0.0,0.0
2022-01-22 18:04:34.007677,0.0,0.0,0.0
2022-01-22 18:04:34.502134,0.0,0.0,0.0
2022-01-22 18:04:35.010053,0.0,0.0,0.0
2022-01-22 18:04:35.505378,0.0,0.0,0.0
2022-01-22 18:04:36.002959,0.0,0.0,0.0
2022-01-22 18:04:36.509135,0.0,0.0,0.0
2022-01-22 18:04:37.007893,0.0,0.0,0.0
2022-01-22 18:04:37.503809,0.0,0.0,0.0
2022-01-22 18:04:38.002850,0.0,0.0,0.0
2022-01-22 18:04:38.508852,0.0,0.0,0.0
2022-01-22 18:04:39.007864,0.0,0.0,0.0
2022-01-22 18:04:39.504027,0.0,0.0,0.0
2022-01-22 18:04:40.001681,0.0,0.0,0.0
2022-01-22 18:04:40.506550,0.0,0.0,0.0
2022-01-22 18:04:41.004645,0.0,0.0,0.0
2022-01-22 18:04:41.510361,0.0,0.0,0.0
2022-01-22 18:04:42.008775,0.0,0.0,0.0
2022-01-22 18:04:42.504913,0.0,0.0,0.0
2022-01-22 18:04:43.003572,0.0,0.0,0.0
2022-01-22 18:04:43.509287,0.0,0.0,0.0
2022-01-22 18:04:44.007425,0.0,0.0,0.0
2022-01-22 18:04:44.503367,0.0,0.0,0.0
2022-01-22 18:04:45.002090,0.0,0.0,0.0
2022-01-22 18:04:45.508205,0.0,0.0,0.0
2022-01-22 18:04:46.007226,0.0,0.0,0.0
2022-01-22 18:04:46.502379,0.0,0.0,0.0
2022-01-22 18:04:47.001449,0.0,0.0,0.0
2022-01-22 18:04:47.507268,0.0,0.0,0.0
2022-01-22 18:04:48.006728,0.0,0.0,0.0
2022-01-22 18:04:48.503079,0.0,0.0,0.0
2022-01-22 18:04:49.010852,0.0,0.0,0.0
2022-01-22 18:04:49.506466,0.0,0.0,0.0
2022-01-22 18:04:50.005375,0.0,0.0,0.0
2022-01-22 18:04:50.510570,0.0,0.0,0.0
2022-01-22 18:04:51.007509,0.0,0.0,0.0
2022-01-22 18:04:51.503964,0.0,0.0,0.0
2022-01-22 18:04:52.001741,0.0,0.0,0.0
2022-01-22 18:04:52.509364,0.0,0.0,0.0
2022-01-22 18:04:53.008718,0.0,0.0,0.0
2022-01-22 18:04:53.502972,0.0,0.0,0.0
2022-01-22 18:04:54.002118,0.0,0.0,0.0
2022-01-22 18:04:54.508537,0.0,0.0,0.0
2022-01-22 18:04:55.006365,0.0,0.0,0.0
2022-01-22 18:04:55.502769,0.0,0.0,0.0
2022-01-22 18:04:56.010835,0.0,0.0,0.0
2022-01-22 18:04:56.506501,0.0,0.0,0.0
2022-01-22 18:04:57.003148,0.0,0.0,0.0
2022-01-22 18:04:57.510207,0.0,0.0,0.0
2022-01-22 18:04:58.008235,0.0,0.0,0.0
2022-01-22 18:04:58.504417,0.0,0.0,0.0
2022-01-22 18:04:59.002086,0.0,0.0,0.0
2022-01-22 18:04:59.507383,0.0,0.0,0.0
2022-01-22 18:05:00.004617,0.0,0.0,0.0
2022-01-22 18:05:00.501855,0.0,0.0,0.0
2022-01-22 18:05:01.001372,0.0,0.0,0.0
2022-01-22 18:05:01.506532,0.0,0.0,0.0
2022-01-22 18:05:02.004501,0.0,0.0,0.0
2022-01-22 18:05:02.510617,0.0,0.0,0.0
2022-01-22 18:05:03.009236,0.0,0.0,0.0
2022-01-22 18:05:03.504742,0.0,0.0,0.0
2022-01-22 18:05:04.002667,0.0,0.0,0.0
2022-01-22 18:05:04.510789,0.0,0.0,0.0
2022-01-22 18:05:05.009237,0.0,0.0,0.0
2022-01-22 18:05:05.505359,0.0,0.0,0.0
2022-01-22 18:05:06.003169,0.0,0.0,0.0
2022-01-22 18:05:06.509447,0.0,0.0,0.0
2022-01-22 18:05:07.008501,0.0,0.0,0.0
2022-01-22 18:05:07.504001,0.0,0.0,0.0
2022-01-22 18:05:08.002648,0.0,0.0,0.0
2022-01-22 18:05:08.508487,0.0,0.0,0.0
2022-01-22 18:05:09.008124,0.0,0.0,0.0
2022-01-22 18:05:09.504831,0.0,0.0,0.0
2022-01-22 18:05:10.003939,0.0,0.0,0.0
2022-01-22 18:05:10.507674,0.0,0.0,0.0
2022-01-22 18:05:11.002977,0.0,0.0,0.0
2022-01-22 18:05:11.509571,0.0,0.0,0.0
2022-01-22 18:05:12.007206,0.0,0.0,0.0
2022-01-22 18:05:12.502176,0.0,0.0,0.0
2022-01-22 18:05:13.010624,0.0,0.0,0.0
2022-01-22 18:05:13.507953,0.0,0.0,0.0
2022-01-22 18:05:14.005493,0.0,0.0,0.0
2022-01-22 18:05:14.512378,0.0,0.0,0.0
2022-01-22 18:05:15.008714,0.0,0.0,0.0
2022-01-22 18:05:15.505568,0.0,0.0,0.0
2022-01-22 18:05:16.004243,0.0,0.0,0.0
2022-01-22 18:05:16.509799,0.0,0.0,0.0
2022-01-22 18:05:17.007950,0.0,0.0,0.0
2022-01-22 18:05:17.502583,0.0,0.0,0.0
2022-01-22 18:05:18.001678,0.0,0.0,0.0
2022-01-22 18:05:18.507357,0.0,0.0,0.0
2022-01-22 18:05:19.004978,0.0,0.0,0.0
2022-01-22 18:05:19.510820,0.0,0.0,0.0
2022-01-22 18:05:20.008740,0.0,0.0,0.0
2022-01-22 18:05:20.502454,0.0,0.0,0.0
2022-01-22 18:05:21.010969,0.0,0.0,0.0
2022-01-22 18:05:21.508314,0.0,0.0,0.0
2022-01-22 18:05:22.005913,0.0,0.0,0.0
2022-01-22 18:05:22.502249,0.0,0.0,0.0
2022-01-22 18:05:23.001270,0.0,0.0,0.0
2022-01-22 18:05:23.506753,0.0,0.0,0.0
2022-01-22 18:05:24.004752,0.0,0.0,0.0
2022-01-22 18:05:24.510655,0.0,0.0,0.0
2022-01-22 18:05:25.009669,0.0,0.0,0.0
2022-01-22 18:05:25.505774,0.0,0.0,0.0
2022-01-22 18:05:26.004007,0.0,0.0,0.0
2022-01-22 18:05:26.509725,0.0,0.0,0.0
2022-01-22 18:05:27.009035,0.0,0.0,0.0
2022-01-22 18:05:27.504443,0.0,0.0,0.0
2022-01-22 18:05:28.004125,0.0,0.0,0.0
2022-01-22 18:05:28.509401,0.0,0.0,0.0
2022-01-22 18:05:29.009074,0.0,0.0,0.0
2022-01-22 18:05:29.504116,0.0,0.0,0.0
2022-01-22 18:05:30.002074,0.0,0.0,0.0
2022-01-22 18:05:30.508396,0.0,0.0,0.0
2022-01-22 18:05:31.006527,0.0,0.0,0.0
2022-01-22 18:05:31.503984,0.0,0.0,0.0
2022-01-22 18:05:32.003521,0.0,0.0,0.0
2022-01-22 18:05:32.509078,0.0,0.0,0.0
2022-01-22 18:05:33.006610,0.0,0.0,0.0
2022-01-22 18:05:33.502512,0.0,0.0,0.0
2022-01-22 18:05:34.009535,0.0,0.0,0.0
2022-01-22 18:05:34.505067,0.0,0.0,0.0
2022-01-22 18:05:35.002797,0.0,0.0,0.0
2022-01-22 18:05:35.508969,0.0,0.0,0.0
2022-01-22 18:05:36.008573,0.0,0.0,0.0
2022-01-22 18:05:36.504442,0.0,0.0,0.0
2022-01-22 18:05:37.003523,0.0,0.0,0.0
2022-01-22 18:05:37.508246,0.0,0.0,0.0
2022-01-22 18:05:38.005173,0.0,0.0,0.0
2022-01-22 18:05:38.510093,0.0,0.0,0.0
2022-01-22 18:05:39.008391,0.0,0.0,0.0
2022-01-22 18:05:39.505183,0.0,0.0,0.0
2022-01-22 18:05:40.003863,0.0,0.0,0.0
2022-01-22 18:05:40.509684,0.0,0.0,0.0
2022-01-22 18:05:41.008474,0.0,0.0,0.0
2022-01-22 18:05:41.503428,0.0,0.0,0.0
2022-01-22 18:05:42.001556,0.0,0.0,0.0
2022-01-22 18:05:42.507679,0.0,0.0,0.0
2022-01-22 18:05:43.006695,0.0,0.0,0.0
2022-01-22 18:05:43.501624,0.0,0.0,0.0
2022-01-22 18:05:44.009800,0.0,0.0,0.0
2022-01-22 18:05:44.507538,0.0,0.0,0.0
2022-01-22 18:05:45.004347,0.0,0.0,0.0
2022-01-22 18:05:45.501142,0.0,0.0,0.0
2022-01-22 18:05:46.010281,0.0,0.0,0.0
2022-01-22 18:05:46.504804,0.0,0.0,0.0
2022-01-22 18:05:47.002254,0.0,0.0,0.0
2022-01-22 18:05:47.508805,0.0,0.0,0.0
2022-01-22 18:05:48.006413,0.0,0.0,0.0
2022-01-22 18:05:49.005230,0.0,0.0,0.0
2022-01-22 18:05:49.503928,0.0,0.0,0.0
2022-01-22 18:05:50.002830,0.0,0.0,0.0
2022-01-22 18:05:50.508542,0.0,0.0,0.0
2022-01-22 18:05:51.005698,0.0,0.0,0.0
2022-01-22 18:05:51.510334,0.0,0.0,0.0
2022-01-22 18:05:52.008775,0.0,0.0,0.0
2022-01-22 18:05:52.504108,0.0,0.0,0.0
2022-01-22 18:05:53.001907,0.0,0.0,0.0
2022-01-22 18:05:53.508881,0.0,0.0,0.0
2022-01-22 18:05:54.008543,0.0,0.0,0.0
2022-01-22 18:05:54.503882,0.0,0.0,0.0
2022-01-22 18:05:55.003316,0.0,0.0,0.0
2022-01-22 18:05:55.509291,0.0,0.0,0.0
2022-01-22 18:05:56.008283,0.0,0.0,0.0
2022-01-22 18:05:56.505081,0.0,0.0,0.0
2022-01-22 18:05:57.002947,0.0,0.0,0.0
2022-01-22 18:05:57.507297,0.0,0.0,0.0
2022-01-22 18:05:58.005486,0.0,0.0,0.0
2022-01-22 18:05:58.502961,0.0,0.0,0.0
2022-01-22 18:05:59.002734,0.0,0.0,0.0
2022-01-22 18:05:59.507905,0.0,0.0,0.0
2022-01-22 18:06:00.006203,0.0,0.0,0.0
2022-01-22 18:06:00.509701,0.0,0.0,0.0
2022-01-22 18:06:01.006960,0.0,0.0,0.0
2022-01-22 18:06:01.501073,0.0,0.0,0.0
2022-01-22 18:06:02.010565,0.0,0.0,0.0
2022-01-22 18:06:02.506392,0.0,0.0,0.0
2022-01-22 18:06:03.003802,0.0,0.0,0.0
2022-01-22 18:06:03.509189,0.0,0.0,0.0
2022-01-22 18:06:04.007156,0.0,0.0,0.0
2022-01-22 18:06:04.502174,0.0,0.0,0.0
2022-01-22 18:06:05.010272,0.0,0.0,0.0
2022-01-22 18:06:05.504394,0.0,0.0,0.0
2022-01-22 18:06:06.002722,0.0,0.0,0.0
2022-01-22 18:06:06.508804,0.0,0.0,0.0
2022-01-22 18:06:07.008279,0.0,0.0,0.0
2022-01-22 18:06:07.504573,0.0,0.0,0.0
2022-01-22 18:06:08.001856,0.0,0.0,0.0
2022-01-22 18:06:08.507576,0.0,0.0,0.0
2022-01-22 18:06:09.005721,0.0,0.0,0.0
2022-01-22 18:06:09.501248,0.0,0.0,0.0
2022-01-22 18:06:10.010066,0.0,0.0,0.0
2022-01-22 18:06:10.505754,0.0,0.0,0.0
2022-01-22 18:06:11.010159,0.0,0.0,0.0
2022-01-22 18:06:11.506719,0.0,0.0,0.0
2022-01-22 18:06:12.005132,0.0,0.0,0.0
2022-01-22 18:06:12.510203,0.0,0.0,0.0
2022-01-22 18:06:13.007016,0.0,0.0,0.0
2022-01-22 18:06:13.501528,0.0,0.0,0.0
2022-01-22 18:06:14.010213,0.0,0.0,0.0
2022-01-22 18:06:14.505107,0.0,0.0,0.0
2022-01-22 18:06:15.001328,0.0,0.0,0.0
2022-01-22 18:06:15.506210,0.0,0.0,0.0
2022-01-22 18:06:16.005200,0.0,0.0,0.0
2022-01-22 18:06:16.508158,0.0,0.0,0.0
2022-01-22 18:06:17.006257,0.0,0.0,0.0
2022-01-22 18:06:17.502024,0.0,0.0,0.0
2022-01-22 18:06:18.010925,0.0,0.0,0.0
2022-01-22 18:06:18.508193,0.0,0.0,0.0
2022-01-22 18:06:19.006368,0.0,0.0,0.0
2022-01-22 18:06:19.504995,0.0,0.0,0.0
2022-01-22 18:06:20.003493,0.0,0.0,0.0
2022-01-22 18:06:20.510540,0.0,0.0,0.0
2022-01-22 18:06:21.007462,0.0,0.0,0.0
2022-01-22 18:06:21.501488,0.0,0.0,0.0
2022-01-22 18:06:22.010479,0.0,0.0,0.0
2022-01-22 18:06:22.506251,0.0,0.0,0.0
2022-01-22 18:06:23.003979,0.0,0.0,0.0
2022-01-22 18:06:23.509688,0.0,0.0,0.0
2022-01-22 18:06:24.006875,0.0,0.0,0.0
2022-01-22 18:06:24.502948,0.0,0.0,0.0
2022-01-22 18:06:25.010851,0.0,0.0,0.0
2022-01-22 18:06:25.504186,0.0,0.0,0.0
2022-01-22 18:06:26.001936,0.0,0.0,0.0
2022-01-22 18:06:26.508182,0.0,0.0,0.0
2022-01-22 18:06:27.006026,0.0,0.0,0.0
2022-01-22 18:06:27.510041,0.0,0.0,0.0
2022-01-22 18:06:28.007258,0.0,0.0,0.0
2022-01-22 18:06:28.502548,0.0,0.0,0.0
2022-01-22 18:06:29.001981,0.0,0.0,0.0
2022-01-22 18:06:29.507470,0.0,0.0,0.0
2022-01-22 18:06:30.005851,0.0,0.0,0.0
2022-01-22 18:06:30.511006,0.0,0.0,0.0
2022-01-22 18:06:31.009566,0.0,0.0,0.0
2022-01-22 18:06:31.504522,0.0,0.0,0.0
2022-01-22 18:06:32.002269,0.0,0.0,0.0
2022-01-22 18:06:32.508384,0.0,0.0,0.0
2022-01-22 18:06:33.007948,0.0,0.0,0.0
2022-01-22 18:06:33.505061,0.0,0.0,0.0
2022-01-22 18:06:34.002732,0.0,0.0,0.0
2022-01-22 18:06:34.510412,0.0,0.0,0.0
2022-01-22 18:06:35.006997,0.0,0.0,0.0
2022-01-22 18:06:35.503267,0.0,0.0,0.0
2022-01-22 18:06:36.001095,0.0,0.0,0.0
2022-01-22 18:06:36.505962,0.0,0.0,0.0
2022-01-22 18:06:37.002939,0.0,0.0,0.0
2022-01-22 18:06:37.509138,0.0,0.0,0.0
2022-01-22 18:06:38.008688,0.0,0.0,0.0
2022-01-22 18:06:38.504068,0.0,0.0,0.0
2022-01-22 18:06:39.002219,0.0,0.0,0.0
2022-01-22 18:06:39.509744,0.0,0.0,0.0
2022-01-22 18:06:40.007787,0.0,0.0,0.0
2022-01-22 18:06:40.502948,0.0,0.0,0.0
2022-01-22 18:06:41.505123,0.0,0.0,0.0
2022-01-22 18:06:42.002373,0.0,0.0,0.0
2022-01-22 18:06:42.507338,0.0,0.0,0.0
2022-01-22 18:06:43.005483,0.0,0.0,0.0
2022-01-22 18:06:43.502327,0.0,0.0,0.0
2022-01-22 18:06:44.010246,0.0,0.0,0.0
2022-01-22 18:06:44.505632,0.0,0.0,0.0
2022-01-22 18:06:45.003792,0.0,0.0,0.0
2022-01-22 18:06:45.508704,0.0,0.0,0.0
2022-01-22 18:06:46.006430,0.0,0.0,0.0
2022-01-22 18:06:46.502327,0.0,0.0,0.0
2022-01-22 18:06:47.009901,0.0,0.0,0.0
2022-01-22 18:06:47.507971,0.0,0.0,0.0
2022-01-22 18:06:48.006442,0.0,0.0,0.0
2022-01-22 18:06:48.501275,0.0,0.0,0.0
2022-01-22 18:06:49.010461,0.0,0.0,0.0
2022-01-22 18:06:49.506039,0.0,0.0,0.0
2022-01-22 18:06:50.005042,0.0,0.0,0.0
2022-01-22 18:06:50.509749,0.0,0.0,0.0
2022-01-22 18:06:51.007305,0.0,0.0,0.0
2022-01-22 18:06:52.005301,0.0,0.0,0.0
2022-01-22 18:06:52.503870,0.0,0.0,0.0
2022-01-22 18:06:53.003475,0.0,0.0,0.0
2022-01-22 18:06:53.510228,0.0,0.0,0.0
2022-01-22 18:06:54.009375,0.0,0.0,0.0
2022-01-22 18:06:54.503003,0.0,0.0,0.0
2022-01-22 18:06:55.001200,0.0,0.0,0.0
2022-01-22 18:06:55.506309,0.0,0.0,0.0
2022-01-22 18:06:56.004065,0.0,0.0,0.0
2022-01-22 18:06:56.509140,0.0,0.0,0.0
2022-01-22 18:06:57.007766,0.0,0.0,0.0
2022-01-22 18:06:57.502342,0.0,0.0,0.0
2022-01-22 18:06:58.010765,0.0,0.0,0.0
2022-01-22 18:06:58.505230,0.0,0.0,0.0
2022-01-22 18:06:59.004125,0.0,0.0,0.0
2022-01-22 18:06:59.501030,0.0,0.0,0.0
2022-01-22 18:07:00.009265,0.0,0.0,0.0
2022-01-22 18:07:00.505955,0.0,0.0,0.0
2022-01-22 18:07:01.005365,0.0,0.0,0.0
2022-01-22 18:07:01.509829,0.0,0.0,0.0
2022-01-22 18:07:02.008698,0.0,0.0,0.0
2022-01-22 18:07:02.505345,0.0,0.0,0.0
2022-01-22 18:07:03.003194,0.0,0.0,0.0
2022-01-22 18:07:03.507970,0.0,0.0,0.0
2022-01-22 18:07:04.005010,0.0,0.0,0.0
2022-01-22 18:07:04.509151,0.0,0.0,0.0
2022-01-22 18:07:05.007745,0.0,0.0,0.0
2022-01-22 18:07:05.504755,0.0,0.0,0.0
2022-01-22 18:07:06.003100,0.0,0.0,0.0
2022-01-22 18:07:06.510251,0.0,0.0,0.0
2022-01-22 18:07:07.008950,0.0,0.0,0.0
2022-01-22 18:07:07.504256,0.0,0.0,0.0
2022-01-22 18:07:08.001436,0.0,0.0,0.0
2022-01-22 18:07:08.506413,0.0,0.0,0.0
2022-01-22 18:07:09.004769,0.0,0.0,0.0
2022-01-22 18:07:09.509113,0.0,0.0,0.0
2022-01-22 18:07:10.007977,0.0,0.0,0.0
2022-01-22 18:07:10.501930,0.0,0.0,0.0
2022-01-22 18:07:11.006329,0.0,0.0,0.0
2022-01-22 18:07:11.501531,0.0,0.0,0.0
2022-01-22 18:07:12.009955,0.0,0.0,0.0
2022-01-22 18:07:12.505149,0.0,0.0,0.0
2022-01-22 18:07:13.004316,0.0,0.0,0.0
2022-01-22 18:07:13.509058,0.0,0.0,0.0
2022-01-22 18:07:14.009137,0.0,0.0,0.0
2022-01-22 18:07:14.503791,0.0,0.0,0.0
2022-01-22 18:07:15.001710,0.0,0.0,0.0
2022-01-22 18:07:15.509196,0.0,0.0,0.0
2022-01-22 18:07:16.007015,0.0,0.0,0.0
2022-01-22 18:07:16.502242,0.0,0.0,0.0
2022-01-22 18:07:17.009511,0.0,0.0,0.0
2022-01-22 18:07:17.505877,0.0,0.0,0.0
2022-01-22 18:07:18.005662,0.0,0.0,0.0
2022-01-22 18:07:18.505238,0.0,0.0,0.0
2022-01-22 18:07:19.002866,0.0,0.0,0.0
2022-01-22 18:07:19.509103,0.0,0.0,0.0
2022-01-22 18:07:20.007237,0.0,0.0,0.0
2022-01-22 18:07:20.502918,0.0,0.0,0.0
2022-01-22 18:07:21.010911,0.0,0.0,0.0
2022-01-22 18:07:21.507588,0.0,0.0,0.0
2022-01-22 18:07:22.007410,0.0,0.0,0.0
2022-01-22 18:07:22.502957,0.0,0.0,0.0
2022-01-22 18:07:23.505075,0.0,0.0,0.0
2022-01-22 18:07:24.003571,0.0,0.0,0.0
2022-01-22 18:07:24.509444,0.0,0.0,0.0
2022-01-22 18:07:25.007164,0.0,0.0,0.0
2022-01-22 18:07:25.502834,0.0,0.0,0.0
2022-01-22 18:07:26.010715,0.0,0.0,0.0
2022-01-22 18:07:26.505993,0.0,0.0,0.0
2022-01-22 18:07:27.003919,0.0,0.0,0.0
2022-01-22 18:07:27.509200,0.0,0.0,0.0
2022-01-22 18:07:28.008561,0.0,0.0,0.0
2022-01-22 18:07:28.504228,0.0,0.0,0.0
2022-01-22 18:07:29.002822,0.0,0.0,0.0
2022-01-22 18:07:29.508244,0.0,0.0,0.0
2022-01-22 18:07:30.006360,0.0,0.0,0.0
2022-01-22 18:07:30.504009,0.0,0.0,0.0
2022-01-22 18:07:31.003034,0.0,0.0,0.0
2022-01-22 18:07:31.508280,0.0,0.0,0.0
2022-01-22 18:07:32.005983,0.0,0.0,0.0
2022-01-22 18:07:32.501231,0.0,0.0,0.0
2022-01-22 18:07:33.010934,0.0,0.0,0.0
2022-01-22 18:07:33.507279,0.0,0.0,0.0
2022-01-22 18:07:34.004504,0.0,0.0,0.0
2022-01-22 18:07:34.510099,0.0,0.0,0.0
2022-01-22 18:07:35.008473,0.0,0.0,0.0
2022-01-22 18:07:35.503511,0.0,0.0,0.0
2022-01-22 18:07:36.001548,0.0,0.0,0.0
2022-01-22 18:07:36.508487,0.0,0.0,0.0
2022-01-22 18:07:37.006253,0.0,0.0,0.0
2022-01-22 18:07:37.504975,0.0,0.0,0.0
2022-01-22 18:07:38.002870,0.0,0.0,0.0
2022-01-22 18:07:38.507265,0.0,0.0,0.0
2022-01-22 18:07:39.005825,0.0,0.0,0.0
2022-01-22 18:07:40.005155,0.0,0.0,0.0
2022-01-22 18:07:40.510739,0.0,0.0,0.0
2022-01-22 18:07:41.009529,0.0,0.0,0.0
2022-01-22 18:07:41.505040,0.0,0.0,0.0
2022-01-22 18:07:42.004041,0.0,0.0,0.0
2022-01-22 18:07:42.501177,0.0,0.0,0.0
2022-01-22 18:07:43.008970,0.0,0.0,0.0
2022-01-22 18:07:43.503701,0.0,0.0,0.0
2022-01-22 18:07:44.002715,0.0,0.0,0.0
2022-01-22 18:07:44.509074,0.0,0.0,0.0
2022-01-22 18:07:45.006594,0.0,0.0,0.0
2022-01-22 18:07:45.502875,0.0,0.0,0.0
2022-01-22 18:07:46.001191,0.0,0.0,0.0
2022-01-22 18:07:46.505993,0.0,0.0,0.0
2022-01-22 18:07:47.004936,0.0,0.0,0.0
2022-01-22 18:07:47.509892,0.0,0.0,0.0
2022-01-22 18:07:48.008436,0.0,0.0,0.0
2022-01-22 18:07:48.504455,0.0,0.0,0.0
2022-01-22 18:07:49.001719,0.0,0.0,0.0
2022-01-22 18:07:49.507281,0.0,0.0,0.0
2022-01-22 18:07:50.006394,0.0,0.0,0.0
2022-01-22 18:07:50.502716,0.0,0.0,0.0
2022-01-22 18:07:51.010593,0.0,0.0,0.0
2022-01-22 18:07:51.507471,0.0,0.0,0.0
2022-01-22 18:07:52.005100,0.0,0.0,0.0
2022-01-22 18:07:52.510362,0.0,0.0,0.0
2022-01-22 18:07:53.008529,0.0,0.0,0.0
2022-01-22 18:07:53.503514,0.0,0.0,0.0
2022-01-22 18:07:54.004825,0.0,0.0,0.0
2022-01-22 18:07:54.510754,0.0,0.0,0.0
2022-01-22 18:07:55.009319,0.0,0.0,0.0
2022-01-22 18:07:55.503502,0.0,0.0,0.0
2022-01-22 18:07:56.003953,0.0,0.0,0.0
2022-01-22 18:07:56.510602,0.0,0.0,0.0
2022-01-22 18:07:57.008634,0.0,0.0,0.0
2022-01-22 18:07:57.503952,0.0,0.0,0.0
2022-01-22 18:07:58.001539,0.0,0.0,0.0
2022-01-22 18:07:58.506529,0.0,0.0,0.0
2022-01-22 18:07:59.004417,0.0,0.0,0.0
2022-01-22 18:07:59.510294,0.0,0.0,0.0
2022-01-22 18:08:00.007221,0.0,0.0,0.0
2022-01-22 18:08:00.503492,0.0,0.0,0.0
2022-01-22 18:08:01.002265,0.0,0.0,0.0
2022-01-22 18:08:01.507927,0.0,0.0,0.0
2022-01-22 18:08:02.006088,0.0,0.0,0.0
2022-01-22 18:08:02.510735,0.0,0.0,0.0
2022-01-22 18:08:03.008639,0.0,0.0,0.0
2022-01-22 18:08:03.503114,0.0,0.0,0.0
2022-01-22 18:08:04.002338,0.0,0.0,0.0
2022-01-22 18:08:04.508996,0.0,0.0,0.0
2022-01-22 18:08:05.006427,0.0,0.0,0.0
2022-01-22 18:08:05.501522,0.0,0.0,0.0
2022-01-22 18:08:06.009557,0.0,0.0,0.0
2022-01-22 18:08:06.503207,0.0,0.0,0.0
2022-01-22 18:08:07.001985,0.0,0.0,0.0
2022-01-22 18:08:07.506308,0.0,0.0,0.0
2022-01-22 18:08:08.004528,0.0,0.0,0.0
2022-01-22 18:08:08.510494,0.0,0.0,0.0
2022-01-22 18:08:09.008839,0.0,0.0,0.0
2022-01-22 18:08:09.505564,0.0,0.0,0.0
2022-01-22 18:08:10.003633,0.0,0.0,0.0
2022-01-22 18:08:10.509507,0.0,0.0,0.0
2022-01-22 18:08:11.003153,0.0,0.0,0.0
2022-01-22 18:08:11.507980,0.0,0.0,0.0
2022-01-22 18:08:12.006063,0.0,0.0,0.0
2022-01-22 18:08:12.501298,0.0,0.0,0.0
2022-01-22 18:08:13.010389,0.0,0.0,0.0
2022-01-22 18:08:13.507387,0.0,0.0,0.0
2022-01-22 18:08:14.005248,0.0,0.0,0.0
2022-01-22 18:08:14.501955,0.0,0.0,0.0
2022-01-22 18:08:15.011136,0.0,0.0,0.0
2022-01-22 18:08:15.506180,0.0,0.0,0.0
2022-01-22 18:08:16.005042,0.0,0.0,0.0
2022-01-22 18:08:16.509513,0.0,0.0,0.0
2022-01-22 18:08:17.007171,0.0,0.0,0.0
2022-01-22 18:08:17.502441,0.0,0.0,0.0
2022-01-22 18:08:18.010415,0.0,0.0,0.0
2022-01-22 18:08:18.505645,0.0,0.0,0.0
2022-01-22 18:08:19.003730,0.0,0.0,0.0
2022-01-22 18:08:19.509268,0.0,0.0,0.0
2022-01-22 18:08:20.006777,0.0,0.0,0.0
2022-01-22 18:08:20.502413,0.0,0.0,0.0
2022-01-22 18:08:21.010731,0.0,0.0,0.0
2022-01-22 18:08:21.506650,0.0,0.0,0.0
2022-01-22 18:08:22.006686,0.0,0.0,0.0
2022-01-22 18:08:22.503630,0.0,0.0,0.0
2022-01-22 18:08:23.001627,0.0,0.0,0.0
2022-01-22 18:08:23.506873,0.0,0.0,0.0
2022-01-22 18:08:24.005732,0.0,0.0,0.0
2022-01-22 18:08:24.502698,0.0,0.0,0.0
2022-01-22 18:08:25.001263,0.0,0.0,0.0
2022-01-22 18:08:25.507908,0.0,0.0,0.0
2022-01-22 18:08:26.006624,0.0,0.0,0.0
2022-01-22 18:08:26.503305,0.0,0.0,0.0
2022-01-22 18:08:27.002736,0.0,0.0,0.0
2022-01-22 18:08:27.508675,0.0,0.0,0.0
2022-01-22 18:08:28.007002,0.0,0.0,0.0
2022-01-22 18:08:28.502977,0.0,0.0,0.0
2022-01-22 18:08:29.001768,0.0,0.0,0.0
2022-01-22 18:08:29.507518,0.0,0.0,0.0
2022-01-22 18:08:30.004891,0.0,0.0,0.0
2022-01-22 18:08:30.509953,0.0,0.0,0.0
2022-01-22 18:08:31.009069,0.0,0.0,0.0
2022-01-22 18:08:31.503752,0.0,0.0,0.0
2022-01-22 18:08:32.003250,0.0,0.0,0.0
2022-01-22 18:08:32.508946,0.0,0.0,0.0
2022-01-22 18:08:33.008069,0.0,0.0,0.0
2022-01-22 18:08:33.503896,0.0,0.0,0.0
2022-01-22 18:08:34.002647,0.0,0.0,0.0
2022-01-22 18:08:34.509290,0.0,0.0,0.0
2022-01-22 18:08:35.007921,0.0,0.0,0.0
2022-01-22 18:08:35.506740,0.0,0.0,0.0
2022-01-22 18:08:36.006179,0.0,0.0,0.0
2022-01-22 18:08:36.502129,0.0,0.0,0.0
2022-01-22 18:08:37.002663,0.0,0.0,0.0
2022-01-22 18:08:37.508471,0.0,0.0,0.0
2022-01-22 18:08:38.006413,0.0,0.0,0.0
2022-01-22 18:08:38.510526,0.0,0.0,0.0
2022-01-22 18:08:39.010772,0.0,0.0,0.0
2022-01-22 18:08:39.507156,0.0,0.0,0.0
2022-01-22 18:08:40.005197,0.0,0.0,0.0
2022-01-22 18:08:40.502656,0.0,0.0,0.0
2022-01-22 18:08:41.010346,0.0,0.0,0.0
2022-01-22 18:08:41.506647,0.0,0.0,0.0
2022-01-22 18:08:42.004918,0.0,0.0,0.0
2022-01-22 18:08:42.510484,0.0,0.0,0.0
2022-01-22 18:08:43.008188,0.0,0.0,0.0
2022-01-22 18:08:43.502992,0.0,0.0,0.0
2022-01-22 18:08:44.001024,0.0,0.0,0.0
2022-01-22 18:08:44.508987,0.0,0.0,0.0
2022-01-22 18:08:45.007028,0.0,0.0,0.0
2022-01-22 18:08:45.503441,0.0,0.0,0.0
2022-01-22 18:08:46.001274,0.0,0.0,0.0
2022-01-22 18:08:46.507533,0.0,0.0,0.0
2022-01-22 18:08:47.005287,0.0,0.0,0.0
2022-01-22 18:08:47.510986,0.0,0.0,0.0
2022-01-22 18:08:48.008976,0.0,0.0,0.0
2022-01-22 18:08:48.503840,0.0,0.0,0.0
2022-01-22 18:08:49.001475,0.0,0.0,0.0
2022-01-22 18:08:49.509846,0.0,0.0,0.0
2022-01-22 18:08:50.008870,0.0,0.0,0.0
2022-01-22 18:08:50.504288,0.0,0.0,0.0
2022-01-22 18:08:51.003470,0.0,0.0,0.0
2022-01-22 18:08:51.508225,0.0,0.0,0.0
2022-01-22 18:08:52.007234,0.0,0.0,0.0
2022-01-22 18:08:52.501449,0.0,0.0,0.0
2022-01-22 18:08:53.009542,0.0,0.0,0.0
2022-01-22 18:08:53.506550,0.0,0.0,0.0
2022-01-22 18:08:54.004870,0.0,0.0,0.0
2022-01-22 18:08:54.501087,0.0,0.0,0.0
2022-01-22 18:08:55.001084,0.0,0.0,0.0
2022-01-22 18:08:55.506116,0.0,0.0,0.0
2022-01-22 18:08:56.003288,0.0,0.0,0.0
2022-01-22 18:08:56.509032,0.0,0.0,0.0
2022-01-22 18:08:57.007165,0.0,0.0,0.0
2022-01-22 18:08:57.502425,0.0,0.0,0.0
2022-01-22 18:08:58.011174,0.0,0.0,0.0
2022-01-22 18:08:58.507442,0.0,0.0,0.0
2022-01-22 18:08:59.006281,0.0,0.0,0.0
2022-01-22 18:08:59.502364,0.0,0.0,0.0
2022-01-22 18:09:00.009986,0.0,0.0,0.0
2022-01-22 18:09:00.501879,0.0,0.0,0.0
2022-01-22 18:09:01.009747,0.0,0.0,0.0
2022-01-22 18:09:01.505815,0.0,0.0,0.0
2022-01-22 18:09:02.006248,0.0,0.0,0.0
2022-01-22 18:09:02.510747,0.0,0.0,0.0
2022-01-22 18:09:03.009452,0.0,0.0,0.0
2022-01-22 18:09:03.505650,0.0,0.0,0.0
2022-01-22 18:09:04.003270,0.0,0.0,0.0
2022-01-22 18:09:04.509400,0.0,0.0,0.0
2022-01-22 18:09:05.007437,0.0,0.0,0.0
2022-01-22 18:09:05.502644,0.0,0.0,0.0
2022-01-22 18:09:06.010410,0.0,0.0,0.0
2022-01-22 18:09:06.508771,0.0,0.0,0.0
2022-01-22 18:09:07.005868,0.0,0.0,0.0
2022-01-22 18:09:07.502227,0.0,0.0,0.0
2022-01-22 18:09:08.010328,0.0,0.0,0.0
2022-01-22 18:09:08.505453,0.0,0.0,0.0
2022-01-22 18:09:09.003232,0.0,0.0,0.0
2022-01-22 18:09:09.507867,0.0,0.0,0.0
2022-01-22 18:09:10.006753,0.0,0.0,0.0
2022-01-22 18:09:10.501675,0.0,0.0,0.0
2022-01-22 18:09:11.006811,0.0,0.0,0.0
2022-01-22 18:09:11.504020,0.0,0.0,0.0
2022-01-22 18:09:12.002259,0.0,0.0,0.0
2022-01-22 18:09:12.508008,0.0,0.0,0.0
2022-01-22 18:09:13.005873,0.0,0.0,0.0
2022-01-22 18:09:13.501348,0.0,0.0,0.0
2022-01-22 18:09:14.009178,0.0,0.0,0.0
2022-01-22 18:09:14.503688,0.0,0.0,0.0
2022-01-22 18:09:15.001544,0.0,0.0,0.0
2022-01-22 18:09:15.509842,0.0,0.0,0.0
2022-01-22 18:09:16.007164,0.0,0.0,0.0
2022-01-22 18:09:16.502415,0.0,0.0,0.0
2022-01-22 18:09:17.002253,0.0,0.0,0.0
2022-01-22 18:09:17.507855,0.0,0.0,0.0
2022-01-22 18:09:18.006730,0.0,0.0,0.0
2022-01-22 18:09:18.501058,0.0,0.0,0.0
2022-01-22 18:09:19.010591,0.0,0.0,0.0
2022-01-22 18:09:19.505042,0.0,0.0,0.0
2022-01-22 18:09:20.005458,0.0,0.0,0.0
2022-01-22 18:09:20.502579,0.0,0.0,0.0
2022-01-22 18:09:21.010033,0.0,0.0,0.0
2022-01-22 18:09:21.505236,0.0,0.0,0.0
2022-01-22 18:09:22.003416,0.0,0.0,0.0
2022-01-22 18:09:22.509830,0.0,0.0,0.0
2022-01-22 18:09:23.007838,0.0,0.0,0.0
2022-01-22 18:09:23.502407,0.0,0.0,0.0
2022-01-22 18:09:24.010579,0.0,0.0,0.0
2022-01-22 18:09:24.506848,0.0,0.0,0.0
2022-01-22 18:09:25.007668,0.0,0.0,0.0
2022-01-22 18:09:25.502780,0.0,0.0,0.0
2022-01-22 18:09:26.001154,0.0,0.0,0.0
2022-01-22 18:09:26.507421,0.0,0.0,0.0
2022-01-22 18:09:27.006268,0.0,0.0,0.0
2022-01-22 18:09:27.510748,0.0,0.0,0.0
2022-01-22 18:09:28.008859,0.0,0.0,0.0
2022-01-22 18:09:28.506955,0.0,0.0,0.0
2022-01-22 18:09:29.006730,0.0,0.0,0.0
2022-01-22 18:09:29.501571,0.0,0.0,0.0
2022-01-22 18:09:30.001786,0.0,0.0,0.0
2022-01-22 18:09:30.507368,0.0,0.0,0.0
2022-01-22 18:09:31.005516,0.0,0.0,0.0
2022-01-22 18:09:31.502306,0.0,0.0,0.0
2022-01-22 18:09:32.009674,0.0,0.0,0.0
2022-01-22 18:09:32.505732,0.0,0.0,0.0
2022-01-22 18:09:33.004140,0.0,0.0,0.0
2022-01-22 18:09:33.501882,0.0,0.0,0.0
2022-01-22 18:09:34.010387,0.0,0.0,0.0
2022-01-22 18:09:34.505567,0.0,0.0,0.0
2022-01-22 18:09:35.003606,0.0,0.0,0.0
2022-01-22 18:09:35.509974,0.0,0.0,0.0
2022-01-22 18:09:36.007805,0.0,0.0,0.0
2022-01-22 18:09:36.504004,0.0,0.0,0.0
2022-01-22 18:09:37.004156,0.0,0.0,0.0
2022-01-22 18:09:37.511123,0.0,0.0,0.0
2022-01-22 18:09:38.009170,0.0,0.0,0.0
2022-01-22 18:09:38.504624,0.0,0.0,0.0
2022-01-22 18:09:39.002643,0.0,0.0,0.0
2022-01-22 18:09:39.508500,0.0,0.0,0.0
2022-01-22 18:09:40.006802,0.0,0.0,0.0
2022-01-22 18:09:40.502358,0.0,0.0,0.0
2022-01-22 18:09:41.009537,0.0,0.0,0.0
2022-01-22 18:09:41.505288,0.0,0.0,0.0
2022-01-22 18:09:42.003417,0.0,0.0,0.0
2022-01-22 18:09:42.511145,0.0,0.0,0.0
2022-01-22 18:09:43.009230,0.0,0.0,0.0
2022-01-22 18:09:43.504658,0.0,0.0,0.0
2022-01-22 18:09:44.002181,0.0,0.0,0.0
2022-01-22 18:09:44.507245,0.0,0.0,0.0
2022-01-22 18:09:45.005130,0.0,0.0,0.0
2022-01-22 18:09:45.509823,0.0,0.0,0.0
2022-01-22 18:09:46.007958,0.0,0.0,0.0
2022-01-22 18:09:46.504158,0.0,0.0,0.0
2022-01-22 18:09:47.003658,0.0,0.0,0.0
2022-01-22 18:09:47.508687,0.0,0.0,0.0
2022-01-22 18:09:48.007737,0.0,0.0,0.0
2022-01-22 18:09:48.502527,0.0,0.0,0.0
2022-01-22 18:09:49.011146,0.0,0.0,0.0
2022-01-22 18:09:49.506896,0.0,0.0,0.0
2022-01-22 18:09:50.004426,0.0,0.0,0.0
2022-01-22 18:09:50.510149,0.0,0.0,0.0
2022-01-22 18:09:51.007807,0.0,0.0,0.0
2022-01-22 18:09:51.505825,0.0,0.0,0.0
2022-01-22 18:09:52.003511,0.0,0.0,0.0
2022-01-22 18:09:52.508379,0.0,0.0,0.0
2022-01-22 18:09:53.006608,0.0,0.0,0.0
2022-01-22 18:09:53.501694,0.0,0.0,0.0
2022-01-22 18:09:54.009636,0.0,0.0,0.0
2022-01-22 18:09:54.505115,0.0,0.0,0.0
2022-01-22 18:09:55.002742,0.0,0.0,0.0
2022-01-22 18:09:55.501199,0.0,0.0,0.0
2022-01-22 18:09:56.010802,0.0,0.0,0.0
2022-01-22 18:09:56.506130,0.0,0.0,0.0
2022-01-22 18:09:57.004242,0.0,0.0,0.0
2022-01-22 18:09:57.510217,0.0,0.0,0.0
2022-01-22 18:09:58.010249,0.0,0.0,0.0
2022-01-22 18:09:58.507946,0.0,0.0,0.0
2022-01-22 18:09:59.006238,0.0,0.0,0.0
2022-01-22 18:09:59.501270,0.0,0.0,0.0
2022-01-22 18:10:00.002086,0.0,0.0,0.0
2022-01-22 18:10:00.508753,0.0,0.0,0.0
2022-01-22 18:10:01.006209,0.0,0.0,0.0
2022-01-22 18:10:01.501762,0.0,0.0,0.0
2022-01-22 18:10:02.009800,0.0,0.0,0.0
2022-01-22 18:10:02.504896,0.0,0.0,0.0
2022-01-22 18:10:03.003214,0.0,0.0,0.0
2022-01-22 18:10:03.509781,0.0,0.0,0.0
2022-01-22 18:10:04.007575,0.0,0.0,0.0
2022-01-22 18:10:04.502785,0.0,0.0,0.0
2022-01-22 18:10:05.010718,0.0,0.0,0.0
2022-01-22 18:10:05.505997,0.0,0.0,0.0
2022-01-22 18:10:06.004116,0.0,0.0,0.0
2022-01-22 18:10:06.510015,0.0,0.0,0.0
2022-01-22 18:10:07.007474,0.0,0.0,0.0
2022-01-22 18:10:07.501886,0.0,0.0,0.0
2022-01-22 18:10:08.001160,0.0,0.0,0.0
2022-01-22 18:10:08.508155,0.0,0.0,0.0
2022-01-22 18:10:09.006796,0.0,0.0,0.0
2022-01-22 18:10:09.502103,0.0,0.0,0.0
2022-01-22 18:10:10.001199,0.0,0.0,0.0
2022-01-22 18:10:10.506232,0.0,0.0,0.0
2022-01-22 18:10:11.002105,0.0,0.0,0.0
2022-01-22 18:10:11.506315,0.0,0.0,0.0
2022-01-22 18:10:12.005109,0.0,0.0,0.0
2022-01-22 18:10:12.510753,0.0,0.0,0.0
2022-01-22 18:10:13.009129,0.0,0.0,0.0
2022-01-22 18:10:13.507140,0.0,0.0,0.0
2022-01-22 18:10:14.005300,0.0,0.0,0.0
2022-01-22 18:10:14.501475,0.0,0.0,0.0
2022-01-22 18:10:15.010412,0.0,0.0,0.0
2022-01-22 18:10:15.505075,0.0,0.0,0.0
2022-01-22 18:10:16.003271,0.0,0.0,0.0
2022-01-22 18:10:16.508864,0.0,0.0,0.0
2022-01-22 18:10:17.007135,0.0,0.0,0.0
2022-01-22 18:10:17.503713,0.0,0.0,0.0
2022-01-22 18:10:18.003847,0.0,0.0,0.0
2022-01-22 18:10:18.501080,0.0,0.0,0.0
2022-01-22 18:10:19.010675,0.0,0.0,0.0
2022-01-22 18:10:19.507293,0.0,0.0,0.0
2022-01-22 18:10:20.005130,0.0,0.0,0.0
2022-01-22 18:10:20.501153,0.0,0.0,0.0
2022-01-22 18:10:21.010785,0.0,0.0,0.0
2022-01-22 18:10:21.506264,0.0,0.0,0.0
2022-01-22 18:10:22.002681,0.0,0.0,0.0
2022-01-22 18:10:22.508650,0.0,0.0,0.0
2022-01-22 18:10:23.006454,0.0,0.0,0.0
2022-01-22 18:10:23.501960,0.0,0.0,0.0
2022-01-22 18:10:24.010692,0.0,0.0,0.0
2022-01-22 18:10:24.506770,0.0,0.0,0.0
2022-01-22 18:10:25.005618,0.0,0.0,0.0
2022-01-22 18:10:25.501493,0.0,0.0,0.0
2022-01-22 18:10:26.010038,0.0,0.0,0.0
2022-01-22 18:10:26.506585,0.0,0.0,0.0
2022-01-22 18:10:27.006875,0.0,0.0,0.0
2022-01-22 18:10:27.503934,0.0,0.0,0.0
2022-01-22 18:10:28.003641,0.0,0.0,0.0
2022-01-22 18:10:28.509038,0.0,0.0,0.0
2022-01-22 18:10:29.006321,0.0,0.0,0.0
2022-01-22 18:10:29.502069,0.0,0.0,0.0
2022-01-22 18:10:30.010609,0.0,0.0,0.0
2022-01-22 18:10:30.510280,0.0,0.0,0.0
2022-01-22 18:10:31.010404,0.0,0.0,0.0
2022-01-22 18:10:31.505492,0.0,0.0,0.0
2022-01-22 18:10:32.005792,0.0,0.0,0.0
2022-01-22 18:10:32.501603,0.0,0.0,0.0
2022-01-22 18:10:33.010265,0.0,0.0,0.0
2022-01-22 18:10:33.505086,0.0,0.0,0.0
2022-01-22 18:10:34.002604,0.0,0.0,0.0
2022-01-22 18:10:34.509132,0.0,0.0,0.0
2022-01-22 18:10:35.006880,0.0,0.0,0.0
2022-01-22 18:10:35.504488,0.0,0.0,0.0
2022-01-22 18:10:36.004714,0.0,0.0,0.0
2022-01-22 18:10:36.510104,0.0,0.0,0.0
2022-01-22 18:10:37.008508,0.0,0.0,0.0
2022-01-22 18:10:37.503210,0.0,0.0,0.0
2022-01-22 18:10:38.002518,0.0,0.0,0.0
2022-01-22 18:10:38.507226,0.0,0.0,0.0
2022-01-22 18:10:39.005003,0.0,0.0,0.0
2022-01-22 18:10:39.510917,0.0,0.0,0.0
2022-01-22 18:10:40.001338,0.0,0.0,0.0
2022-01-22 18:10:40.508515,0.0,0.0,0.0
2022-01-22 18:10:41.007353,0.0,0.0,0.0
2022-01-22 18:10:41.502510,0.0,0.0,0.0
2022-01-22 18:10:42.001289,0.0,0.0,0.0
2022-01-22 18:10:42.507335,0.0,0.0,0.0
2022-01-22 18:10:43.004867,0.0,0.0,0.0
2022-01-22 18:10:43.510621,0.0,0.0,0.0
2022-01-22 18:10:44.008602,0.0,0.0,0.0
2022-01-22 18:10:44.504855,0.0,0.0,0.0
2022-01-22 18:10:45.003113,0.0,0.0,0.0
2022-01-22 18:10:45.508060,0.0,0.0,0.0
2022-01-22 18:10:46.007513,0.0,0.0,0.0
2022-01-22 18:10:46.503180,0.0,0.0,0.0
2022-01-22 18:10:47.010755,0.0,0.0,0.0
2022-01-22 18:10:47.505943,0.0,0.0,0.0
2022-01-22 18:10:48.004723,0.0,0.0,0.0
2022-01-22 18:10:48.509606,0.0,0.0,0.0
2022-01-22 18:10:49.008373,0.0,0.0,0.0
2022-01-22 18:10:49.504094,0.0,0.0,0.0
2022-01-22 18:10:50.002286,0.0,0.0,0.0
2022-01-22 18:10:50.508228,0.0,0.0,0.0
2022-01-22 18:10:51.005852,0.0,0.0,0.0
2022-01-22 18:10:51.510783,0.0,0.0,0.0
2022-01-22 18:10:52.009075,0.0,0.0,0.0
2022-01-22 18:10:52.503905,0.0,0.0,0.0
2022-01-22 18:10:53.002634,0.0,0.0,0.0
2022-01-22 18:10:53.507380,0.0,0.0,0.0
2022-01-22 18:10:54.007265,0.0,0.0,0.0
2022-01-22 18:10:54.502539,0.0,0.0,0.0
2022-01-22 18:10:55.010473,0.0,0.0,0.0
2022-01-22 18:10:55.506237,0.0,0.0,0.0
2022-01-22 18:10:56.004305,0.0,0.0,0.0
2022-01-22 18:10:56.508101,0.0,0.0,0.0
2022-01-22 18:10:57.006810,0.0,0.0,0.0
2022-01-22 18:10:57.502358,0.0,0.0,0.0
2022-01-22 18:10:58.010455,0.0,0.0,0.0
2022-01-22 18:10:58.507092,0.0,0.0,0.0
2022-01-22 18:10:59.005686,0.0,0.0,0.0
2022-01-22 18:10:59.510770,0.0,0.0,0.0
2022-01-22 18:11:00.008273,0.0,0.0,0.0
2022-01-22 18:11:00.501828,0.0,0.0,0.0
2022-01-22 18:11:01.009507,0.0,0.0,0.0
2022-01-22 18:11:01.505045,0.0,0.0,0.0
2022-01-22 18:11:02.004254,0.0,0.0,0.0
2022-01-22 18:11:02.510306,0.0,0.0,0.0
2022-01-22 18:11:03.007740,0.0,0.0,0.0
2022-01-22 18:11:03.503349,0.0,0.0,0.0
2022-01-22 18:11:04.010545,0.0,0.0,0.0
2022-01-22 18:11:04.505459,0.0,0.0,0.0
2022-01-22 18:11:05.003387,0.0,0.0,0.0
2022-01-22 18:11:05.508643,0.0,0.0,0.0
2022-01-22 18:11:06.006674,0.0,0.0,0.0
2022-01-22 18:11:06.502678,0.0,0.0,0.0
2022-01-22 18:11:07.001225,0.0,0.0,0.0
2022-01-22 18:11:07.506232,0.0,0.0,0.0
2022-01-22 18:11:08.003715,0.0,0.0,0.0
2022-01-22 18:11:08.509223,0.0,0.0,0.0
2022-01-22 18:11:09.006486,0.0,0.0,0.0
2022-01-22 18:11:09.511146,0.0,0.0,0.0
2022-01-22 18:11:10.009547,0.0,0.0,0.0
2022-01-22 18:11:10.506135,0.0,0.0,0.0
2022-01-22 18:11:11.010559,0.0,0.0,0.0
2022-01-22 18:11:11.508347,0.0,0.0,0.0
2022-01-22 18:11:12.007349,0.0,0.0,0.0
2022-01-22 18:11:12.503215,0.0,0.0,0.0
2022-01-22 18:11:13.002228,0.0,0.0,0.0
2022-01-22 18:11:13.507251,0.0,0.0,0.0
2022-01-22 18:11:14.006181,0.0,0.0,0.0
2022-01-22 18:11:14.510752,0.0,0.0,0.0
2022-01-22 18:11:15.008695,0.0,0.0,0.0
2022-01-22 18:11:15.503330,0.0,0.0,0.0
2022-01-22 18:11:16.005022,0.0,0.0,0.0
2022-01-22 18:11:16.511019,0.0,0.0,0.0
2022-01-22 18:11:17.001072,0.0,0.0,0.0
2022-01-22 18:11:17.508544,0.0,0.0,0.0
2022-01-22 18:11:18.006738,0.0,0.0,0.0
2022-01-22 18:11:18.502891,0.0,0.0,0.0
2022-01-22 18:11:19.504887,0.0,0.0,0.0
2022-01-22 18:11:20.003820,0.0,0.0,0.0
2022-01-22 18:11:20.509761,0.0,0.0,0.0
2022-01-22 18:11:21.009506,0.0,0.0,0.0
2022-01-22 18:11:21.506183,0.0,0.0,0.0
2022-01-22 18:11:22.004666,0.0,0.0,0.0
2022-01-22 18:11:22.509994,0.0,0.0,0.0
2022-01-22 18:11:23.007557,0.0,0.0,0.0
2022-01-22 18:11:23.502953,0.0,0.0,0.0
2022-01-22 18:11:24.010720,0.0,0.0,0.0
2022-01-22 18:11:24.507296,0.0,0.0,0.0
2022-01-22 18:11:25.006710,0.0,0.0,0.0
2022-01-22 18:11:25.505009,0.0,0.0,0.0
2022-01-22 18:11:26.003071,0.0,0.0,0.0
2022-01-22 18:11:26.507923,0.0,0.0,0.0
2022-01-22 18:11:27.007058,0.0,0.0,0.0
2022-01-22 18:11:27.501779,0.0,0.0,0.0
2022-01-22 18:11:28.010602,0.0,0.0,0.0
2022-01-22 18:11:28.506906,0.0,0.0,0.0
2022-01-22 18:11:29.005845,0.0,0.0,0.0
2022-01-22 18:11:29.510523,0.0,0.0,0.0
2022-01-22 18:11:30.009809,0.0,0.0,0.0
2022-01-22 18:11:30.504419,0.0,0.0,0.0
2022-01-22 18:11:31.001527,0.0,0.0,0.0
2022-01-22 18:11:31.507921,0.0,0.0,0.0
2022-01-22 18:11:32.006727,0.0,0.0,0.0
2022-01-22 18:11:32.501375,0.0,0.0,0.0
2022-01-22 18:11:33.009547,0.0,0.0,0.0
2022-01-22 18:11:33.505687,0.0,0.0,0.0
2022-01-22 18:11:34.004171,0.0,0.0,0.0
2022-01-22 18:11:34.511010,0.0,0.0,0.0
2022-01-22 18:11:35.009769,0.0,0.0,0.0
2022-01-22 18:11:35.505550,0.0,0.0,0.0
2022-01-22 18:11:36.004156,0.0,0.0,0.0
2022-01-22 18:11:36.510265,0.0,0.0,0.0
2022-01-22 18:11:37.009700,0.0,0.0,0.0
2022-01-22 18:11:37.504252,0.0,0.0,0.0
2022-01-22 18:11:38.002783,0.0,0.0,0.0
2022-01-22 18:11:38.506709,0.0,0.0,0.0
2022-01-22 18:11:39.005689,0.0,0.0,0.0
2022-01-22 18:11:39.501690,0.0,0.0,0.0
2022-01-22 18:11:40.010414,0.0,0.0,0.0
2022-01-22 18:11:40.505505,0.0,0.0,0.0
2022-01-22 18:11:41.002932,0.0,0.0,0.0
2022-01-22 18:11:41.509875,0.0,0.0,0.0
2022-01-22 18:11:42.007811,0.0,0.0,0.0
2022-01-22 18:11:42.503124,0.0,0.0,0.0
2022-01-22 18:11:43.010889,0.0,0.0,0.0
2022-01-22 18:11:43.507297,0.0,0.0,0.0
2022-01-22 18:11:44.005141,0.0,0.0,0.0
2022-01-22 18:11:44.510772,0.0,0.0,0.0
2022-01-22 18:11:45.008541,0.0,0.0,0.0
2022-01-22 18:11:45.503587,0.0,0.0,0.0
2022-01-22 18:11:46.002352,0.0,0.0,0.0
2022-01-22 18:11:46.508268,0.0,0.0,0.0
2022-01-22 18:11:47.005711,0.0,0.0,0.0
2022-01-22 18:11:47.510993,0.0,0.0,0.0
2022-01-22 18:11:48.010210,0.0,0.0,0.0
2022-01-22 18:11:48.505132,0.0,0.0,0.0
2022-01-22 18:11:49.003965,0.0,0.0,0.0
2022-01-22 18:11:49.509181,0.0,0.0,0.0
2022-01-22 18:11:50.007842,0.0,0.0,0.0
2022-01-22 18:11:50.502644,0.0,0.0,0.0
2022-01-22 18:11:51.010442,0.0,0.0,0.0
2022-01-22 18:11:51.505910,0.0,0.0,0.0
2022-01-22 18:11:52.003767,0.0,0.0,0.0
2022-01-22 18:11:53.005050,0.0,0.0,0.0
2022-01-22 18:11:53.501192,0.0,0.0,0.0
2022-01-22 18:11:54.008298,0.0,0.0,0.0
2022-01-22 18:11:54.503616,0.0,0.0,0.0
2022-01-22 18:11:55.003161,0.0,0.0,0.0
2022-01-22 18:11:55.507889,0.0,0.0,0.0
2022-01-22 18:11:56.005957,0.0,0.0,0.0
2022-01-22 18:11:56.501539,0.0,0.0,0.0
2022-01-22 18:11:57.002579,0.0,0.0,0.0
2022-01-22 18:11:57.509193,0.0,0.0,0.0
2022-01-22 18:11:58.006711,0.0,0.0,0.0
2022-01-22 18:11:58.501933,0.0,0.0,0.0
2022-01-22 18:11:59.009821,0.0,0.0,0.0
2022-01-22 18:11:59.504922,0.0,0.0,0.0
2022-01-22 18:12:00.003734,0.0,0.0,0.0
2022-01-22 18:12:00.509186,0.0,0.0,0.0
2022-01-22 18:12:01.007124,0.0,0.0,0.0
2022-01-22 18:12:01.502619,0.0,0.0,0.0
2022-01-22 18:12:02.004270,0.0,0.0,0.0
2022-01-22 18:12:02.510253,0.0,0.0,0.0
2022-01-22 18:12:03.007300,0.0,0.0,0.0
2022-01-22 18:12:03.502731,0.0,0.0,0.0
2022-01-22 18:12:04.010883,0.0,0.0,0.0
2022-01-22 18:12:04.506371,0.0,0.0,0.0
2022-01-22 18:12:05.004325,0.0,0.0,0.0
2022-01-22 18:12:05.502688,0.0,0.0,0.0
2022-01-22 18:12:06.010420,0.0,0.0,0.0
2022-01-22 18:12:06.506781,0.0,0.0,0.0
2022-01-22 18:12:07.005493,0.0,0.0,0.0
2022-01-22 18:12:07.503495,0.0,0.0,0.0
2022-01-22 18:12:08.002376,0.0,0.0,0.0
2022-01-22 18:12:08.509122,0.0,0.0,0.0
2022-01-22 18:12:09.007385,0.0,0.0,0.0
2022-01-22 18:12:09.504256,0.0,0.0,0.0
2022-01-22 18:12:10.004108,0.0,0.0,0.0
2022-01-22 18:12:11.004439,0.0,0.0,0.0
2022-01-22 18:12:11.510713,0.0,0.0,0.0
2022-01-22 18:12:12.010547,0.0,0.0,0.0
2022-01-22 18:12:12.504843,0.0,0.0,0.0
2022-01-22 18:12:13.002984,0.0,0.0,0.0
2022-01-22 18:12:13.508740,0.0,0.0,0.0
2022-01-22 18:12:14.006690,0.0,0.0,0.0
2022-01-22 18:12:14.504776,0.0,0.0,0.0
2022-01-22 18:12:15.002645,0.0,0.0,0.0
2022-01-22 18:12:15.508584,0.0,0.0,0.0
2022-01-22 18:12:16.006780,0.0,0.0,0.0
2022-01-22 18:12:16.502007,0.0,0.0,0.0
2022-01-22 18:12:17.009418,0.0,0.0,0.0
2022-01-22 18:12:17.505469,0.0,0.0,0.0
2022-01-22 18:12:18.003379,0.0,0.0,0.0
2022-01-22 18:12:18.509267,0.0,0.0,0.0
2022-01-22 18:12:19.008880,0.0,0.0,0.0
2022-01-22 18:12:19.504799,0.0,0.0,0.0
2022-01-22 18:12:20.002382,0.0,0.0,0.0
2022-01-22 18:12:20.507455,0.0,0.0,0.0
2022-01-22 18:12:21.005799,0.0,0.0,0.0
2022-01-22 18:12:21.510691,0.0,0.0,0.0
2022-01-22 18:12:22.008694,0.0,0.0,0.0
2022-01-22 18:12:22.502482,0.0,0.0,0.0
2022-01-22 18:12:23.010730,0.0,0.0,0.0
2022-01-22 18:12:23.508081,0.0,0.0,0.0
2022-01-22 18:12:24.006168,0.0,0.0,0.0
2022-01-22 18:12:25.004966,0.0,0.0,0.0
2022-01-22 18:12:25.510630,0.0,0.0,0.0
2022-01-22 18:12:26.008733,0.0,0.0,0.0
2022-01-22 18:12:26.503984,0.0,0.0,0.0
2022-01-22 18:12:27.002222,0.0,0.0,0.0
2022-01-22 18:12:27.509241,0.0,0.0,0.0
2022-01-22 18:12:28.007343,0.0,0.0,0.0
2022-01-22 18:12:28.504249,0.0,0.0,0.0
2022-01-22 18:12:29.001950,0.0,0.0,0.0
2022-01-22 18:12:29.507970,0.0,0.0,0.0
2022-01-22 18:12:30.006324,0.0,0.0,0.0
2022-01-22 18:12:30.502239,0.0,0.0,0.0
2022-01-22 18:12:31.001068,0.0,0.0,0.0
2022-01-22 18:12:31.508595,0.0,0.0,0.0
2022-01-22 18:12:32.006713,0.0,0.0,0.0
2022-01-22 18:12:32.502961,0.0,0.0,0.0
2022-01-22 18:12:33.004736,0.0,0.0,0.0
2022-01-22 18:12:33.503274,0.0,0.0,0.0
2022-01-22 18:12:34.000954,0.0,0.0,0.0
2022-01-22 18:12:34.507374,0.0,0.0,0.0
2022-01-22 18:12:35.002794,0.0,0.0,0.0
2022-01-22 18:12:35.510716,0.0,0.0,0.0
2022-01-22 18:12:36.010123,0.0,0.0,0.0
2022-01-22 18:12:36.508011,0.0,0.0,0.0
2022-01-22 18:12:37.008215,0.0,0.0,0.0
2022-01-22 18:12:37.505481,0.0,0.0,0.0
2022-01-22 18:12:38.004985,0.0,0.0,0.0
2022-01-22 18:12:38.510733,0.0,0.0,0.0
2022-01-22 18:12:39.003358,0.0,0.0,0.0
2022-01-22 18:12:39.508330,0.0,0.0,0.0
2022-01-22 18:12:40.006763,0.0,0.0,0.0
2022-01-22 18:12:40.502456,0.0,0.0,0.0
2022-01-22 18:12:41.010951,0.0,0.0,0.0
2022-01-22 18:12:41.506299,0.0,0.0,0.0
2022-01-22 18:12:42.005123,0.0,0.0,0.0
2022-01-22 18:12:42.510908,0.0,0.0,0.0
2022-01-22 18:12:43.001752,0.0,0.0,0.0
2022-01-22 18:12:43.507362,0.0,0.0,0.0
2022-01-22 18:12:44.005022,0.0,0.0,0.0
2022-01-22 18:12:44.510272,0.0,0.0,0.0
2022-01-22 18:12:45.007277,0.0,0.0,0.0
2022-01-22 18:12:45.502625,0.0,0.0,0.0
2022-01-22 18:12:46.010267,0.0,0.0,0.0
2022-01-22 18:12:46.507314,0.0,0.0,0.0
2022-01-22 18:12:47.004817,0.0,0.0,0.0
2022-01-22 18:12:47.509294,0.0,0.0,0.0
2022-01-22 18:12:48.006513,0.0,0.0,0.0
2022-01-22 18:12:48.502250,0.0,0.0,0.0
2022-01-22 18:12:49.009961,0.0,0.0,0.0
2022-01-22 18:12:49.503932,0.0,0.0,0.0
2022-01-22 18:12:50.001837,0.0,0.0,0.0
2022-01-22 18:12:50.506083,0.0,0.0,0.0
2022-01-22 18:12:51.004614,0.0,0.0,0.0
2022-01-22 18:12:51.501611,0.0,0.0,0.0
2022-01-22 18:12:52.009324,0.0,0.0,0.0
2022-01-22 18:12:52.505877,0.0,0.0,0.0
2022-01-22 18:12:53.004480,0.0,0.0,0.0
2022-01-22 18:12:53.501139,0.0,0.0,0.0
2022-01-22 18:12:54.009900,0.0,0.0,0.0
2022-01-22 18:12:54.505415,0.0,0.0,0.0
2022-01-22 18:12:55.003483,0.0,0.0,0.0
2022-01-22 18:12:55.510838,0.0,0.0,0.0
2022-01-22 18:12:56.008624,0.0,0.0,0.0
2022-01-22 18:12:56.504375,0.0,0.0,0.0
2022-01-22 18:12:57.002161,0.0,0.0,0.0
2022-01-22 18:12:57.506890,0.0,0.0,0.0
2022-01-22 18:12:58.004815,0.0,0.0,0.0
2022-01-22 18:12:58.509637,0.0,0.0,0.0
2022-01-22 18:12:59.007012,0.0,0.0,0.0
2022-01-22 18:12:59.501761,0.0,0.0,0.0
2022-01-22 18:13:00.503141,0.0,0.0,0.0
2022-01-22 18:13:01.002969,0.0,0.0,0.0
2022-01-22 18:13:01.508865,0.0,0.0,0.0
2022-01-22 18:13:02.006943,0.0,0.0,0.0
2022-01-22 18:13:02.502611,0.0,0.0,0.0
2022-01-22 18:13:03.010376,0.0,0.0,0.0
2022-01-22 18:13:03.505162,0.0,0.0,0.0
2022-01-22 18:13:04.003197,0.0,0.0,0.0
2022-01-22 18:13:04.509883,0.0,0.0,0.0
2022-01-22 18:13:05.008805,0.0,0.0,0.0
2022-01-22 18:13:05.503696,0.0,0.0,0.0
2022-01-22 18:13:06.002090,0.0,0.0,0.0
2022-01-22 18:13:06.509701,0.0,0.0,0.0
2022-01-22 18:13:07.007175,0.0,0.0,0.0
2022-01-22 18:13:07.503908,0.0,0.0,0.0
2022-01-22 18:13:08.001792,0.0,0.0,0.0
2022-01-22 18:13:08.507399,0.0,0.0,0.0
2022-01-22 18:13:09.006600,0.0,0.0,0.0
2022-01-22 18:13:09.503417,0.0,0.0,0.0
2022-01-22 18:13:10.003678,0.0,0.0,0.0
2022-01-22 18:13:10.501346,0.0,0.0,0.0
2022-01-22 18:13:11.005738,0.0,0.0,0.0
2022-01-22 18:13:11.501941,0.0,0.0,0.0
2022-01-22 18:13:12.010633,0.0,0.0,0.0
2022-01-22 18:13:12.506142,0.0,0.0,0.0
2022-01-22 18:13:13.005116,0.0,0.0,0.0
2022-01-22 18:13:13.501145,0.0,0.0,0.0
2022-01-22 18:13:14.001355,0.0,0.0,0.0
2022-01-22 18:13:14.507756,0.0,0.0,0.0
2022-01-22 18:13:15.006239,0.0,0.0,0.0
2022-01-22 18:13:15.503816,0.0,0.0,0.0
2022-01-22 18:13:16.003574,0.0,0.0,0.0
2022-01-22 18:13:16.510376,0.0,0.0,0.0
2022-01-22 18:13:17.008621,0.0,0.0,0.0
2022-01-22 18:13:17.504878,0.0,0.0,0.0
2022-01-22 18:13:18.002758,0.0,0.0,0.0
2022-01-22 18:13:19.004738,0.0,0.0,0.0
2022-01-22 18:13:19.509000,0.0,0.0,0.0
2022-01-22 18:13:20.007553,0.0,0.0,0.0
2022-01-22 18:13:20.502485,0.0,0.0,0.0
2022-01-22 18:13:21.010661,0.0,0.0,0.0
2022-01-22 18:13:21.505545,0.0,0.0,0.0
2022-01-22 18:13:22.003481,0.0,0.0,0.0
2022-01-22 18:13:22.509635,0.0,0.0,0.0
2022-01-22 18:13:23.008170,0.0,0.0,0.0
2022-01-22 18:13:23.505469,0.0,0.0,0.0
2022-01-22 18:13:24.004028,0.0,0.0,0.0
2022-01-22 18:13:24.510880,0.0,0.0,0.0
2022-01-22 18:13:25.010771,0.0,0.0,0.0
2022-01-22 18:13:25.505206,0.0,0.0,0.0
2022-01-22 18:13:26.003186,0.0,0.0,0.0
2022-01-22 18:13:26.507962,0.0,0.0,0.0
2022-01-22 18:13:27.005014,0.0,0.0,0.0
2022-01-22 18:13:27.509921,0.0,0.0,0.0
2022-01-22 18:13:28.008664,0.0,0.0,0.0
2022-01-22 18:13:28.502728,0.0,0.0,0.0
2022-01-22 18:13:29.001032,0.0,0.0,0.0
2022-01-22 18:13:29.506242,0.0,0.0,0.0
2022-01-22 18:13:30.003683,0.0,0.0,0.0
2022-01-22 18:13:30.510424,0.0,0.0,0.0
2022-01-22 18:13:31.008073,0.0,0.0,0.0
2022-01-22 18:13:31.503451,0.0,0.0,0.0
2022-01-22 18:13:32.002587,0.0,0.0,0.0
2022-01-22 18:13:32.501744,0.0,0.0,0.0
2022-01-22 18:13:33.010278,0.0,0.0,0.0
2022-01-22 18:13:33.505499,0.0,0.0,0.0
2022-01-22 18:13:34.003857,0.0,0.0,0.0
2022-01-22 18:13:34.510180,0.0,0.0,0.0
2022-01-22 18:13:35.007304,0.0,0.0,0.0
2022-01-22 18:13:35.502794,0.0,0.0,0.0
2022-01-22 18:13:36.504952,0.0,0.0,0.0
2022-01-22 18:13:37.003027,0.0,0.0,0.0
2022-01-22 18:13:37.510663,0.0,0.0,0.0
2022-01-22 18:13:38.011179,0.0,0.0,0.0
2022-01-22 18:13:38.506109,0.0,0.0,0.0
2022-01-22 18:13:39.002999,0.0,0.0,0.0
2022-01-22 18:13:39.508906,0.0,0.0,0.0
2022-01-22 18:13:40.006754,0.0,0.0,0.0
2022-01-22 18:13:40.501344,0.0,0.0,0.0
2022-01-22 18:13:41.008854,0.0,0.0,0.0
2022-01-22 18:13:41.503288,0.0,0.0,0.0
2022-01-22 18:13:42.505347,0.0,0.0,0.0
2022-01-22 18:13:43.005344,0.0,0.0,0.0
2022-01-22 18:13:43.501993,0.0,0.0,0.0
2022-01-22 18:13:44.010755,0.0,0.0,0.0
2022-01-22 18:13:44.506267,0.0,0.0,0.0
2022-01-22 18:13:45.004559,0.0,0.0,0.0
2022-01-22 18:13:45.509003,0.0,0.0,0.0
2022-01-22 18:13:46.007627,0.0,0.0,0.0
2022-01-22 18:13:46.502515,0.0,0.0,0.0
2022-01-22 18:13:47.001111,0.0,0.0,0.0
2022-01-22 18:13:47.507660,0.0,0.0,0.0
2022-01-22 18:13:48.007146,0.0,0.0,0.0
2022-01-22 18:13:48.502162,0.0,0.0,0.0
2022-01-22 18:13:49.001521,0.0,0.0,0.0
2022-01-22 18:13:49.507029,0.0,0.0,0.0
2022-01-22 18:13:50.005769,0.0,0.0,0.0
2022-01-22 18:13:50.501765,0.0,0.0,0.0
2022-01-22 18:13:51.009915,0.0,0.0,0.0
2022-01-22 18:13:51.507001,0.0,0.0,0.0
2022-01-22 18:13:52.005743,0.0,0.0,0.0
2022-01-22 18:13:52.501158,0.0,0.0,0.0
2022-01-22 18:13:53.009047,0.0,0.0,0.0
2022-01-22 18:13:53.504354,0.0,0.0,0.0
2022-01-22 18:13:54.002182,0.0,0.0,0.0
2022-01-22 18:13:54.508116,0.0,0.0,0.0
2022-01-22 18:13:55.005461,0.0,0.0,0.0
2022-01-22 18:13:55.501765,0.0,0.0,0.0
2022-01-22 18:13:56.009832,0.0,0.0,0.0
2022-01-22 18:13:56.506657,0.0,0.0,0.0
2022-01-22 18:13:57.003623,0.0,0.0,0.0
2022-01-22 18:13:57.501289,0.0,0.0,0.0
2022-01-22 18:13:58.009830,0.0,0.0,0.0
2022-01-22 18:13:58.506307,0.0,0.0,0.0
2022-01-22 18:13:59.003877,0.0,0.0,0.0
2022-01-22 18:13:59.510137,0.0,0.0,0.0
2022-01-22 18:14:00.007607,0.0,0.0,0.0
2022-01-22 18:14:00.503974,0.0,0.0,0.0
2022-01-22 18:14:01.002327,0.0,0.0,0.0
2022-01-22 18:14:01.507101,0.0,0.0,0.0
2022-01-22 18:14:02.005426,0.0,0.0,0.0
2022-01-22 18:14:02.510299,0.0,0.0,0.0
2022-01-22 18:14:03.007837,0.0,0.0,0.0
2022-01-22 18:14:03.504427,0.0,0.0,0.0
2022-01-22 18:14:04.002756,0.0,0.0,0.0
2022-01-22 18:14:04.508548,0.0,0.0,0.0
2022-01-22 18:14:05.008152,0.0,0.0,0.0
2022-01-22 18:14:05.503486,0.0,0.0,0.0
2022-01-22 18:14:06.010070,0.0,0.0,0.0
2022-01-22 18:14:06.505392,0.0,0.0,0.0
2022-01-22 18:14:07.003423,0.0,0.0,0.0
2022-01-22 18:14:07.509095,0.0,0.0,0.0
2022-01-22 18:14:08.008464,0.0,0.0,0.0
2022-01-22 18:14:08.503202,0.0,0.0,0.0
2022-01-22 18:14:09.002922,0.0,0.0,0.0
2022-01-22 18:14:09.504810,0.0,0.0,0.0
2022-01-22 18:14:10.003688,0.0,0.0,0.0
2022-01-22 18:14:10.508305,0.0,0.0,0.0
2022-01-22 18:14:11.002776,0.0,0.0,0.0
2022-01-22 18:14:11.508312,0.0,0.0,0.0
2022-01-22 18:14:12.006377,0.0,0.0,0.0
2022-01-22 18:14:12.502031,0.0,0.0,0.0
2022-01-22 18:14:13.009563,0.0,0.0,0.0
2022-01-22 18:14:13.506489,0.0,0.0,0.0
2022-01-22 18:14:14.004964,0.0,0.0,0.0
2022-01-22 18:14:14.510598,0.0,0.0,0.0
2022-01-22 18:14:15.007809,0.0,0.0,0.0
2022-01-22 18:14:15.503023,0.0,0.0,0.0
2022-01-22 18:14:16.001078,0.0,0.0,0.0
2022-01-22 18:14:16.506665,0.0,0.0,0.0
2022-01-22 18:14:17.003238,0.0,0.0,0.0
2022-01-22 18:14:17.510918,0.0,0.0,0.0
2022-01-22 18:14:18.001181,0.0,0.0,0.0
2022-01-22 18:14:18.506785,0.0,0.0,0.0
2022-01-22 18:14:19.006009,0.0,0.0,0.0
2022-01-22 18:14:19.501729,0.0,0.0,0.0
2022-01-22 18:14:20.009503,0.0,0.0,0.0
2022-01-22 18:14:20.506014,0.0,0.0,0.0
2022-01-22 18:14:21.004050,0.0,0.0,0.0
2022-01-22 18:14:21.509959,0.0,0.0,0.0
2022-01-22 18:14:22.008908,0.0,0.0,0.0
2022-01-22 18:14:22.506053,0.0,0.0,0.0
2022-01-22 18:14:23.004808,0.0,0.0,0.0
2022-01-22 18:14:23.510721,0.0,0.0,0.0
2022-01-22 18:14:24.008725,0.0,0.0,0.0
2022-01-22 18:14:24.504647,0.0,0.0,0.0
2022-01-22 18:14:25.002203,0.0,0.0,0.0
2022-01-22 18:14:25.506955,0.0,0.0,0.0
2022-01-22 18:14:26.005695,0.0,0.0,0.0
2022-01-22 18:14:26.510370,0.0,0.0,0.0
2022-01-22 18:14:27.010343,0.0,0.0,0.0
2022-01-22 18:14:27.504991,0.0,0.0,0.0
2022-01-22 18:14:28.002617,0.0,0.0,0.0
2022-01-22 18:14:28.507646,0.0,0.0,0.0
2022-01-22 18:14:29.006970,0.0,0.0,0.0
2022-01-22 18:14:29.502993,0.0,0.0,0.0
2022-01-22 18:14:30.001174,0.0,0.0,0.0
2022-01-22 18:14:30.505617,0.0,0.0,0.0
2022-01-22 18:14:31.003061,0.0,0.0,0.0
2022-01-22 18:14:31.510797,0.0,0.0,0.0
2022-01-22 18:14:32.009091,0.0,0.0,0.0
2022-01-22 18:14:32.503273,0.0,0.0,0.0
2022-01-22 18:14:33.002230,0.0,0.0,0.0
2022-01-22 18:14:33.506900,0.0,0.0,0.0
2022-01-22 18:14:34.007569,0.0,0.0,0.0
2022-01-22 18:14:34.503339,0.0,0.0,0.0
2022-01-22 18:14:35.001172,0.0,0.0,0.0
2022-01-22 18:14:35.507568,0.0,0.0,0.0
2022-01-22 18:14:36.007434,0.0,0.0,0.0
2022-01-22 18:14:36.502809,0.0,0.0,0.0
2022-01-22 18:14:37.010604,0.0,0.0,0.0
2022-01-22 18:14:37.505177,0.0,0.0,0.0
2022-01-22 18:14:38.002847,0.0,0.0,0.0
2022-01-22 18:14:38.505064,0.0,0.0,0.0
2022-01-22 18:14:39.003481,0.0,0.0,0.0
2022-01-22 18:14:39.510657,0.0,0.0,0.0
2022-01-22 18:14:40.009050,0.0,0.0,0.0
2022-01-22 18:14:40.504586,0.0,0.0,0.0
2022-01-22 18:14:41.001958,0.0,0.0,0.0
2022-01-22 18:14:41.506958,0.0,0.0,0.0
2022-01-22 18:14:42.004378,0.0,0.0,0.0
2022-01-22 18:14:42.509316,0.0,0.0,0.0
2022-01-22 18:14:43.008546,0.0,0.0,0.0
2022-01-22 18:14:43.510296,0.0,0.0,0.0
2022-01-22 18:14:44.008218,0.0,0.0,0.0
2022-01-22 18:14:44.504780,0.0,0.0,0.0
2022-01-22 18:14:45.002865,0.0,0.0,0.0
2022-01-22 18:14:45.509311,0.0,0.0,0.0
2022-01-22 18:14:46.006734,0.0,0.0,0.0
2022-01-22 18:14:46.510757,0.0,0.0,0.0
2022-01-22 18:14:47.008532,0.0,0.0,0.0
2022-01-22 18:14:47.503479,0.0,0.0,0.0
2022-01-22 18:14:48.001885,0.0,0.0,0.0
2022-01-22 18:14:48.506964,0.0,0.0,0.0
2022-01-22 18:14:49.004087,0.0,0.0,0.0
2022-01-22 18:14:50.004940,0.0,0.0,0.0
2022-01-22 18:14:50.509249,0.0,0.0,0.0
2022-01-22 18:14:51.006906,0.0,0.0,0.0
2022-01-22 18:14:51.501856,0.0,0.0,0.0
2022-01-22 18:14:52.009979,0.0,0.0,0.0
2022-01-22 18:14:52.506464,0.0,0.0,0.0
2022-01-22 18:14:53.005506,0.0,0.0,0.0
2022-01-22 18:14:53.502094,0.0,0.0,0.0
2022-01-22 18:14:54.009724,0.0,0.0,0.0
2022-01-22 18:14:54.506896,0.0,0.0,0.0
2022-01-22 18:14:55.005339,0.0,0.0,0.0
2022-01-22 18:14:55.501190,0.0,0.0,0.0
2022-01-22 18:14:56.009495,0.0,0.0,0.0
2022-01-22 18:14:56.506758,0.0,0.0,0.0
2022-01-22 18:14:57.003905,0.0,0.0,0.0
2022-01-22 18:14:57.509291,0.0,0.0,0.0
2022-01-22 18:14:58.009063,0.0,0.0,0.0
2022-01-22 18:14:58.504894,0.0,0.0,0.0
2022-01-22 18:14:59.002751,0.0,0.0,0.0
2022-01-22 18:14:59.510621,0.0,0.0,0.0
2022-01-22 18:15:00.001897,0.0,0.0,0.0
2022-01-22 18:15:00.504341,0.0,0.0,0.0
2022-01-22 18:15:01.003315,0.0,0.0,0.0
2022-01-22 18:15:01.509092,0.0,0.0,0.0
2022-01-22 18:15:02.007743,0.0,0.0,0.0
2022-01-22 18:15:02.502830,0.0,0.0,0.0
2022-01-22 18:15:03.002263,0.0,0.0,0.0
2022-01-22 18:15:03.509790,0.0,0.0,0.0
2022-01-22 18:15:04.008967,0.0,0.0,0.0
2022-01-22 18:15:04.505075,0.0,0.0,0.0
2022-01-22 18:15:05.002797,0.0,0.0,0.0
2022-01-22 18:15:05.508249,0.0,0.0,0.0
2022-01-22 18:15:06.008022,0.0,0.0,0.0
2022-01-22 18:15:06.503478,0.0,0.0,0.0
2022-01-22 18:15:07.003043,0.0,0.0,0.0
2022-01-22 18:15:07.510310,0.0,0.0,0.0
2022-01-22 18:15:08.010326,0.0,0.0,0.0
2022-01-22 18:15:08.505803,0.0,0.0,0.0
2022-01-22 18:15:09.004356,0.0,0.0,0.0
2022-01-22 18:15:09.510305,0.0,0.0,0.0
2022-01-22 18:15:10.007353,0.0,0.0,0.0
2022-01-22 18:15:10.502908,0.0,0.0,0.0
2022-01-22 18:15:11.006281,0.0,0.0,0.0
2022-01-22 18:15:11.510549,0.0,0.0,0.0
2022-01-22 18:15:12.009103,0.0,0.0,0.0
2022-01-22 18:15:12.505693,0.0,0.0,0.0
2022-01-22 18:15:13.004402,0.0,0.0,0.0
2022-01-22 18:15:13.510117,0.0,0.0,0.0
2022-01-22 18:15:14.008719,0.0,0.0,0.0
2022-01-22 18:15:14.503511,0.0,0.0,0.0
2022-01-22 18:15:15.002400,0.0,0.0,0.0
2022-01-22 18:15:15.508540,0.0,0.0,0.0
2022-01-22 18:15:16.006526,0.0,0.0,0.0
2022-01-22 18:15:16.501905,0.0,0.0,0.0
2022-01-22 18:15:17.001087,0.0,0.0,0.0
2022-01-22 18:15:17.506430,0.0,0.0,0.0
2022-01-22 18:15:18.005804,0.0,0.0,0.0
2022-01-22 18:15:18.510953,0.0,0.0,0.0
2022-01-22 18:15:19.008800,0.0,0.0,0.0
2022-01-22 18:15:19.504691,0.0,0.0,0.0
2022-01-22 18:15:20.003025,0.0,0.0,0.0
2022-01-22 18:15:20.507965,0.0,0.0,0.0
2022-01-22 18:15:21.006770,0.0,0.0,0.0
2022-01-22 18:15:21.503948,0.0,0.0,0.0
2022-01-22 18:15:22.002820,0.0,0.0,0.0
2022-01-22 18:15:22.508891,0.0,0.0,0.0
2022-01-22 18:15:23.006283,0.0,0.0,0.0
2022-01-22 18:15:23.510857,0.0,0.0,0.0
2022-01-22 18:15:24.010443,0.0,0.0,0.0
2022-01-22 18:15:24.507133,0.0,0.0,0.0
2022-01-22 18:15:25.005557,0.0,0.0,0.0
2022-01-22 18:15:25.502820,0.0,0.0,0.0
2022-01-22 18:15:26.002169,0.0,0.0,0.0
2022-01-22 18:15:26.508103,0.0,0.0,0.0
2022-01-22 18:15:27.007118,0.0,0.0,0.0
2022-01-22 18:15:27.502341,0.0,0.0,0.0
2022-01-22 18:15:28.009946,0.0,0.0,0.0
2022-01-22 18:15:28.506856,0.0,0.0,0.0
2022-01-22 18:15:29.004418,0.0,0.0,0.0
2022-01-22 18:15:29.501906,0.0,0.0,0.0
2022-01-22 18:15:30.010555,0.0,0.0,0.0
2022-01-22 18:15:30.505479,0.0,0.0,0.0
2022-01-22 18:15:31.003218,0.0,0.0,0.0
2022-01-22 18:15:31.509287,0.0,0.0,0.0
2022-01-22 18:15:32.007277,0.0,0.0,0.0
2022-01-22 18:15:32.510880,0.0,0.0,0.0
2022-01-22 18:15:33.008304,0.0,0.0,0.0
2022-01-22 18:15:33.501394,0.0,0.0,0.0
2022-01-22 18:15:34.010240,0.0,0.0,0.0
2022-01-22 18:15:34.506695,0.0,0.0,0.0
2022-01-22 18:15:35.003946,0.0,0.0,0.0
2022-01-22 18:15:35.509059,0.0,0.0,0.0
2022-01-22 18:15:36.007590,0.0,0.0,0.0
2022-01-22 18:15:36.501995,0.0,0.0,0.0
2022-01-22 18:15:37.010188,0.0,0.0,0.0
2022-01-22 18:15:37.504027,0.0,0.0,0.0
2022-01-22 18:15:38.002545,0.0,0.0,0.0
2022-01-22 18:15:38.507904,0.0,0.0,0.0
2022-01-22 18:15:39.007586,0.0,0.0,0.0
2022-01-22 18:15:39.503071,0.0,0.0,0.0
2022-01-22 18:15:40.001225,0.0,0.0,0.0
2022-01-22 18:15:40.505957,0.0,0.0,0.0
2022-01-22 18:15:41.004369,0.0,0.0,0.0
2022-01-22 18:15:41.510074,0.0,0.0,0.0
2022-01-22 18:15:42.008257,0.0,0.0,0.0
2022-01-22 18:15:42.504516,0.0,0.0,0.0
2022-01-22 18:15:43.002952,0.0,0.0,0.0
2022-01-22 18:15:43.510485,0.0,0.0,0.0
2022-01-22 18:15:44.009016,0.0,0.0,0.0
2022-01-22 18:15:44.505049,0.0,0.0,0.0
2022-01-22 18:15:45.003168,0.0,0.0,0.0
2022-01-22 18:15:45.509133,0.0,0.0,0.0
2022-01-22 18:15:46.007950,0.0,0.0,0.0
2022-01-22 18:15:46.502410,0.0,0.0,0.0
2022-01-22 18:15:47.011086,0.0,0.0,0.0
2022-01-22 18:15:47.506610,0.0,0.0,0.0
2022-01-22 18:15:48.004180,0.0,0.0,0.0
2022-01-22 18:15:48.510386,0.0,0.0,0.0
2022-01-22 18:15:49.007985,0.0,0.0,0.0
2022-01-22 18:15:49.502859,0.0,0.0,0.0
2022-01-22 18:15:50.011194,0.0,0.0,0.0
2022-01-22 18:15:50.506724,0.0,0.0,0.0
2022-01-22 18:15:51.005252,0.0,0.0,0.0
2022-01-22 18:15:51.510250,0.0,0.0,0.0
2022-01-22 18:15:52.008285,0.0,0.0,0.0
2022-01-22 18:15:52.506340,0.0,0.0,0.0
2022-01-22 18:15:53.002841,0.0,0.0,0.0
2022-01-22 18:15:53.509701,0.0,0.0,0.0
2022-01-22 18:15:54.008720,0.0,0.0,0.0
2022-01-22 18:15:54.503156,0.0,0.0,0.0
2022-01-22 18:15:55.002527,0.0,0.0,0.0
2022-01-22 18:15:55.508056,0.0,0.0,0.0
2022-01-22 18:15:56.007978,0.0,0.0,0.0
2022-01-22 18:15:56.506758,0.0,0.0,0.0
2022-01-22 18:15:57.004625,0.0,0.0,0.0
2022-01-22 18:15:57.510643,0.0,0.0,0.0
2022-01-22 18:15:58.008698,0.0,0.0,0.0
2022-01-22 18:15:58.506341,0.0,0.0,0.0
2022-01-22 18:15:59.005000,0.0,0.0,0.0
2022-01-22 18:15:59.510683,0.0,0.0,0.0
2022-01-22 18:16:00.008881,0.0,0.0,0.0
2022-01-22 18:16:00.506305,0.0,0.0,0.0
2022-01-22 18:16:01.006435,0.0,0.0,0.0
2022-01-22 18:16:01.501863,0.0,0.0,0.0
2022-01-22 18:16:02.009434,0.0,0.0,0.0
2022-01-22 18:16:02.506232,0.0,0.0,0.0
2022-01-22 18:16:03.004521,0.0,0.0,0.0
2022-01-22 18:16:03.509122,0.0,0.0,0.0
2022-01-22 18:16:04.007102,0.0,0.0,0.0
2022-01-22 18:16:04.503460,0.0,0.0,0.0
2022-01-22 18:16:05.002575,0.0,0.0,0.0
2022-01-22 18:16:05.508923,0.0,0.0,0.0
2022-01-22 18:16:06.006708,0.0,0.0,0.0
2022-01-22 18:16:06.502673,0.0,0.0,0.0
2022-01-22 18:16:07.009118,0.0,0.0,0.0
2022-01-22 18:16:07.505644,0.0,0.0,0.0
2022-01-22 18:16:08.003099,0.0,0.0,0.0
2022-01-22 18:16:08.509062,0.0,0.0,0.0
2022-01-22 18:16:09.008601,0.0,0.0,0.0
2022-01-22 18:16:09.505678,0.0,0.0,0.0
2022-01-22 18:16:10.004409,0.0,0.0,0.0
2022-01-22 18:16:10.509251,0.0,0.0,0.0
2022-01-22 18:16:11.007288,0.0,0.0,0.0
2022-01-22 18:16:11.502887,0.0,0.0,0.0
2022-01-22 18:16:12.003615,0.0,0.0,0.0
2022-01-22 18:16:12.509932,0.0,0.0,0.0
2022-01-22 18:16:13.007777,0.0,0.0,0.0
2022-01-22 18:16:13.503591,0.0,0.0,0.0
2022-01-22 18:16:14.004116,0.0,0.0,0.0
2022-01-22 18:16:14.510304,0.0,0.0,0.0
2022-01-22 18:16:15.008570,0.0,0.0,0.0
2022-01-22 18:16:15.503698,0.0,0.0,0.0
2022-01-22 18:16:16.001535,0.0,0.0,0.0
2022-01-22 18:16:16.507381,0.0,0.0,0.0
2022-01-22 18:16:17.006822,0.0,0.0,0.0
2022-01-22 18:16:17.502239,0.0,0.0,0.0
2022-01-22 18:16:18.009659,0.0,0.0,0.0
2022-01-22 18:16:18.503150,0.0,0.0,0.0
2022-01-22 18:16:19.010849,0.0,0.0,0.0
2022-01-22 18:16:19.505937,0.0,0.0,0.0
2022-01-22 18:16:20.003712,0.0,0.0,0.0
2022-01-22 18:16:20.508838,0.0,0.0,0.0
2022-01-22 18:16:21.006365,0.0,0.0,0.0
2022-01-22 18:16:21.501765,0.0,0.0,0.0
2022-01-22 18:16:22.009138,0.0,0.0,0.0
2022-01-22 18:16:22.504880,0.0,0.0,0.0
2022-01-22 18:16:23.003259,0.0,0.0,0.0
2022-01-22 18:16:23.509721,0.0,0.0,0.0
2022-01-22 18:16:24.007848,0.0,0.0,0.0
2022-01-22 18:16:24.503147,0.0,0.0,0.0
2022-01-22 18:16:25.001626,0.0,0.0,0.0
2022-01-22 18:16:25.506270,0.0,0.0,0.0
2022-01-22 18:16:26.004453,0.0,0.0,0.0
2022-01-22 18:16:26.509968,0.0,0.0,0.0
2022-01-22 18:16:27.007819,0.0,0.0,0.0
2022-01-22 18:16:27.503103,0.0,0.0,0.0
2022-01-22 18:16:28.003144,0.0,0.0,0.0
2022-01-22 18:16:28.509008,0.0,0.0,0.0
2022-01-22 18:16:29.006301,0.0,0.0,0.0
2022-01-22 18:16:29.510478,0.0,0.0,0.0
2022-01-22 18:16:30.008360,0.0,0.0,0.0
2022-01-22 18:16:30.505064,0.0,0.0,0.0
2022-01-22 18:16:31.003307,0.0,0.0,0.0
2022-01-22 18:16:31.509500,0.0,0.0,0.0
2022-01-22 18:16:32.008948,0.0,0.0,0.0
2022-01-22 18:16:32.505380,0.0,0.0,0.0
2022-01-22 18:16:33.003784,0.0,0.0,0.0
2022-01-22 18:16:33.510176,0.0,0.0,0.0
2022-01-22 18:16:34.006324,0.0,0.0,0.0
2022-01-22 18:16:34.511149,0.0,0.0,0.0
2022-01-22 18:16:35.010876,0.0,0.0,0.0
2022-01-22 18:16:35.507418,0.0,0.0,0.0
2022-01-22 18:16:36.004633,0.0,0.0,0.0
2022-01-22 18:16:36.510490,0.0,0.0,0.0
2022-01-22 18:16:37.008717,0.0,0.0,0.0
2022-01-22 18:16:37.504705,0.0,0.0,0.0
2022-01-22 18:16:38.001833,0.0,0.0,0.0
2022-01-22 18:16:38.509102,0.0,0.0,0.0
2022-01-22 18:16:39.007140,0.0,0.0,0.0
2022-01-22 18:16:39.501300,0.0,0.0,0.0
2022-01-22 18:16:40.004498,0.0,0.0,0.0
2022-01-22 18:16:40.503214,0.0,0.0,0.0
2022-01-22 18:16:41.010375,0.0,0.0,0.0
2022-01-22 18:16:41.507499,0.0,0.0,0.0
2022-01-22 18:16:42.005446,0.0,0.0,0.0
2022-01-22 18:16:42.511169,0.0,0.0,0.0
2022-01-22 18:16:43.008436,0.0,0.0,0.0
2022-01-22 18:16:43.502913,0.0,0.0,0.0
2022-01-22 18:16:44.011034,0.0,0.0,0.0
2022-01-22 18:16:44.506695,0.0,0.0,0.0
2022-01-22 18:16:45.005420,0.0,0.0,0.0
2022-01-22 18:16:45.502861,0.0,0.0,0.0
2022-01-22 18:16:46.011048,0.0,0.0,0.0
2022-01-22 18:16:46.506767,0.0,0.0,0.0
2022-01-22 18:16:47.005427,0.0,0.0,0.0
2022-01-22 18:16:47.510470,0.0,0.0,0.0
2022-01-22 18:16:48.008008,0.0,0.0,0.0
2022-01-22 18:16:48.503222,0.0,0.0,0.0
2022-01-22 18:16:49.002023,0.0,0.0,0.0
2022-01-22 18:16:49.509253,0.0,0.0,0.0
2022-01-22 18:16:50.006990,0.0,0.0,0.0
2022-01-22 18:16:50.501478,0.0,0.0,0.0
2022-01-22 18:16:51.009322,0.0,0.0,0.0
2022-01-22 18:16:51.504482,0.0,0.0,0.0
2022-01-22 18:16:52.003600,0.0,0.0,0.0
2022-01-22 18:16:52.509569,0.0,0.0,0.0
2022-01-22 18:16:53.007957,0.0,0.0,0.0
2022-01-22 18:16:53.503986,0.0,0.0,0.0
2022-01-22 18:16:54.002591,0.0,0.0,0.0
2022-01-22 18:16:54.509109,0.0,0.0,0.0
2022-01-22 18:16:55.007279,0.0,0.0,0.0
2022-01-22 18:16:55.501209,0.0,0.0,0.0
2022-01-22 18:16:56.009559,0.0,0.0,0.0
2022-01-22 18:16:56.505755,0.0,0.0,0.0
2022-01-22 18:16:57.003524,0.0,0.0,0.0
2022-01-22 18:16:57.511075,0.0,0.0,0.0
2022-01-22 18:16:58.008972,0.0,0.0,0.0
2022-01-22 18:16:58.504829,0.0,0.0,0.0
2022-01-22 18:16:59.003892,0.0,0.0,0.0
2022-01-22 18:16:59.508347,0.0,0.0,0.0
2022-01-22 18:17:00.006463,0.0,0.0,0.0
2022-01-22 18:17:00.501553,0.0,0.0,0.0
2022-01-22 18:17:01.010598,0.0,0.0,0.0
2022-01-22 18:17:01.507599,0.0,0.0,0.0
2022-01-22 18:17:02.007367,0.0,0.0,0.0
2022-01-22 18:17:02.504118,0.0,0.0,0.0
2022-01-22 18:17:03.002841,0.0,0.0,0.0
2022-01-22 18:17:03.508585,0.0,0.0,0.0
2022-01-22 18:17:04.007133,0.0,0.0,0.0
2022-01-22 18:17:04.501662,0.0,0.0,0.0
2022-01-22 18:17:05.001131,0.0,0.0,0.0
2022-01-22 18:17:05.506323,0.0,0.0,0.0
2022-01-22 18:17:06.004203,0.0,0.0,0.0
2022-01-22 18:17:06.501730,0.0,0.0,0.0
2022-01-22 18:17:07.009904,0.0,0.0,0.0
2022-01-22 18:17:07.504028,0.0,0.0,0.0
2022-01-22 18:17:08.001771,0.0,0.0,0.0
2022-01-22 18:17:08.508907,0.0,0.0,0.0
2022-01-22 18:17:09.007209,0.0,0.0,0.0
2022-01-22 18:17:09.503129,0.0,0.0,0.0
2022-01-22 18:17:10.002474,0.0,0.0,0.0
2022-01-22 18:17:10.509702,0.0,0.0,0.0
2022-01-22 18:17:11.007796,0.0,0.0,0.0
2022-01-22 18:17:11.502892,0.0,0.0,0.0
2022-01-22 18:17:12.504854,0.0,0.0,0.0
2022-01-22 18:17:13.004085,0.0,0.0,0.0
2022-01-22 18:17:13.509673,0.0,0.0,0.0
2022-01-22 18:17:14.008003,0.0,0.0,0.0
2022-01-22 18:17:14.503943,0.0,0.0,0.0
2022-01-22 18:17:15.003227,0.0,0.0,0.0
2022-01-22 18:17:15.509701,0.0,0.0,0.0
2022-01-22 18:17:16.007810,0.0,0.0,0.0
2022-01-22 18:17:16.503936,0.0,0.0,0.0
2022-01-22 18:17:17.002211,0.0,0.0,0.0
2022-01-22 18:17:17.508658,0.0,0.0,0.0
2022-01-22 18:17:18.006252,0.0,0.0,0.0
2022-01-22 18:17:18.502455,0.0,0.0,0.0
2022-01-22 18:17:19.009077,0.0,0.0,0.0
2022-01-22 18:17:19.503215,0.0,0.0,0.0
2022-01-22 18:17:20.009222,0.0,0.0,0.0
2022-01-22 18:17:20.508092,0.0,0.0,0.0
2022-01-22 18:17:21.005241,0.0,0.0,0.0
2022-01-22 18:17:21.510604,0.0,0.0,0.0
2022-01-22 18:17:22.008953,0.0,0.0,0.0
2022-01-22 18:17:22.503577,0.0,0.0,0.0
2022-01-22 18:17:23.001161,0.0,0.0,0.0
2022-01-22 18:17:23.507346,0.0,0.0,0.0
2022-01-22 18:17:24.006178,0.0,0.0,0.0
2022-01-22 18:17:24.510842,0.0,0.0,0.0
2022-01-22 18:17:25.010075,0.0,0.0,0.0
2022-01-22 18:17:25.504514,0.0,0.0,0.0
2022-01-22 18:17:26.003976,0.0,0.0,0.0
2022-01-22 18:17:26.509341,0.0,0.0,0.0
2022-01-22 18:17:27.006628,0.0,0.0,0.0
2022-01-22 18:17:27.502369,0.0,0.0,0.0
2022-01-22 18:17:28.009149,0.0,0.0,0.0
2022-01-22 18:17:28.504570,0.0,0.0,0.0
2022-01-22 18:17:29.004568,0.0,0.0,0.0
2022-01-22 18:17:29.502434,0.0,0.0,0.0
2022-01-22 18:17:30.010992,0.0,0.0,0.0
2022-01-22 18:17:30.506329,0.0,0.0,0.0
2022-01-22 18:17:31.004202,0.0,0.0,0.0
2022-01-22 18:17:31.509525,0.0,0.0,0.0
2022-01-22 18:17:32.009070,0.0,0.0,0.0
2022-01-22 18:17:32.505159,0.0,0.0,0.0
2022-01-22 18:17:33.002447,0.0,0.0,0.0
2022-01-22 18:17:33.509072,0.0,0.0,0.0
2022-01-22 18:17:34.006326,0.0,0.0,0.0
2022-01-22 18:17:34.501479,0.0,0.0,0.0
2022-01-22 18:17:35.010034,0.0,0.0,0.0
2022-01-22 18:17:35.504241,0.0,0.0,0.0
2022-01-22 18:17:36.002800,0.0,0.0,0.0
2022-01-22 18:17:36.509025,0.0,0.0,0.0
2022-01-22 18:17:37.005022,0.0,0.0,0.0
2022-01-22 18:17:37.511103,0.0,0.0,0.0
2022-01-22 18:17:38.007100,0.0,0.0,0.0
2022-01-22 18:17:38.501277,0.0,0.0,0.0
2022-01-22 18:17:39.009528,0.0,0.0,0.0
2022-01-22 18:17:39.506033,0.0,0.0,0.0
2022-01-22 18:17:40.003166,0.0,0.0,0.0
2022-01-22 18:17:40.508803,0.0,0.0,0.0
2022-01-22 18:17:41.005130,0.0,0.0,0.0
2022-01-22 18:17:42.004966,0.0,0.0,0.0
2022-01-22 18:17:42.511146,0.0,0.0,0.0
2022-01-22 18:17:43.007060,0.0,0.0,0.0
2022-01-22 18:17:43.501780,0.0,0.0,0.0
2022-01-22 18:17:44.009367,0.0,0.0,0.0
2022-01-22 18:17:44.505943,0.0,0.0,0.0
2022-01-22 18:17:45.003199,0.0,0.0,0.0
2022-01-22 18:17:45.508297,0.0,0.0,0.0
2022-01-22 18:17:46.002250,0.0,0.0,0.0
2022-01-22 18:17:46.507414,0.0,0.0,0.0
2022-01-22 18:17:47.005839,0.0,0.0,0.0
2022-01-22 18:17:47.502395,0.0,0.0,0.0
2022-01-22 18:17:48.003356,0.0,0.0,0.0
2022-01-22 18:17:48.510689,0.0,0.0,0.0
2022-01-22 18:17:49.007409,0.0,0.0,0.0
2022-01-22 18:17:49.503020,0.0,0.0,0.0
2022-01-22 18:17:50.001506,0.0,0.0,0.0
2022-01-22 18:17:50.507403,0.0,0.0,0.0
2022-01-22 18:17:51.003895,0.0,0.0,0.0
2022-01-22 18:17:51.501135,0.0,0.0,0.0
2022-01-22 18:17:52.009803,0.0,0.0,0.0
2022-01-22 18:17:52.504848,0.0,0.0,0.0
2022-01-22 18:17:53.003211,0.0,0.0,0.0
2022-01-22 18:17:53.510164,0.0,0.0,0.0
2022-01-22 18:17:54.006475,0.0,0.0,0.0
2022-01-22 18:17:54.501041,0.0,0.0,0.0
2022-01-22 18:17:55.009869,0.0,0.0,0.0
2022-01-22 18:17:55.506544,0.0,0.0,0.0
2022-01-22 18:17:56.005002,0.0,0.0,0.0
2022-01-22 18:17:56.510258,0.0,0.0,0.0
2022-01-22 18:17:57.007813,0.0,0.0,0.0
2022-01-22 18:17:57.502419,0.0,0.0,0.0
2022-01-22 18:17:58.011286,0.0,0.0,0.0
2022-01-22 18:17:58.508967,0.0,0.0,0.0
2022-01-22 18:17:59.006274,0.0,0.0,0.0
2022-01-22 18:17:59.501319,0.0,0.0,0.0
2022-01-22 18:18:00.008872,0.0,0.0,0.0
2022-01-22 18:18:00.505142,0.0,0.0,0.0
2022-01-22 18:18:01.002547,0.0,0.0,0.0
2022-01-22 18:18:01.511074,0.0,0.0,0.0
2022-01-22 18:18:02.007836,0.0,0.0,0.0
2022-01-22 18:18:02.502866,0.0,0.0,0.0
2022-01-22 18:18:03.010887,0.0,0.0,0.0
2022-01-22 18:18:03.506007,0.0,0.0,0.0
2022-01-22 18:18:04.004408,0.0,0.0,0.0
2022-01-22 18:18:04.501148,0.0,0.0,0.0
2022-01-22 18:18:05.010597,0.0,0.0,0.0
2022-01-22 18:18:05.505127,0.0,0.0,0.0
2022-01-22 18:18:06.003783,0.0,0.0,0.0
2022-01-22 18:18:06.509142,0.0,0.0,0.0
2022-01-22 18:18:07.004974,0.0,0.0,0.0
2022-01-22 18:18:07.510160,0.0,0.0,0.0
2022-01-22 18:18:08.007144,0.0,0.0,0.0
2022-01-22 18:18:08.505900,0.0,0.0,0.0
2022-01-22 18:18:09.004038,0.0,0.0,0.0
2022-01-22 18:18:09.509026,0.0,0.0,0.0
2022-01-22 18:18:10.005971,0.0,0.0,0.0
2022-01-22 18:18:10.501750,0.0,0.0,0.0
2022-01-22 18:18:11.005252,0.0,0.0,0.0
2022-01-22 18:18:11.510953,0.0,0.0,0.0
2022-01-22 18:18:12.007388,0.0,0.0,0.0
2022-01-22 18:18:12.503972,0.0,0.0,0.0
2022-01-22 18:18:13.002949,0.0,0.0,0.0
2022-01-22 18:18:13.507624,0.0,0.0,0.0
2022-01-22 18:18:14.005388,0.0,0.0,0.0
2022-01-22 18:18:14.511119,0.0,0.0,0.0
2022-01-22 18:18:15.007880,0.0,0.0,0.0
2022-01-22 18:18:15.504615,0.0,0.0,0.0
2022-01-22 18:18:16.001502,0.0,0.0,0.0
2022-01-22 18:18:16.508952,0.0,0.0,0.0
2022-01-22 18:18:17.004237,0.0,0.0,0.0
2022-01-22 18:18:17.510051,0.0,0.0,0.0
2022-01-22 18:18:18.006862,0.0,0.0,0.0
2022-01-22 18:18:18.510236,0.0,0.0,0.0
2022-01-22 18:18:19.006775,0.0,0.0,0.0
2022-01-22 18:18:19.502252,0.0,0.0,0.0
2022-01-22 18:18:20.011186,0.0,0.0,0.0
2022-01-22 18:18:20.507809,0.0,0.0,0.0
2022-01-22 18:18:21.005716,0.0,0.0,0.0
2022-01-22 18:18:21.501121,0.0,0.0,0.0
2022-01-22 18:18:22.010301,0.0,0.0,0.0
2022-01-22 18:18:22.506421,0.0,0.0,0.0
2022-01-22 18:18:23.005877,0.0,0.0,0.0
2022-01-22 18:18:23.509022,0.0,0.0,0.0
2022-01-22 18:18:24.006929,0.0,0.0,0.0
2022-01-22 18:18:24.501471,0.0,0.0,0.0
2022-01-22 18:18:25.001013,0.0,0.0,0.0
2022-01-22 18:18:25.505332,0.0,0.0,0.0
2022-01-22 18:18:26.003356,0.0,0.0,0.0
2022-01-22 18:18:26.508253,0.0,0.0,0.0
2022-01-22 18:18:27.006018,0.0,0.0,0.0
2022-01-22 18:18:27.503017,0.0,0.0,0.0
2022-01-22 18:18:28.001912,0.0,0.0,0.0
2022-01-22 18:18:28.507846,0.0,0.0,0.0
2022-01-22 18:18:29.005542,0.0,0.0,0.0
2022-01-22 18:18:30.004780,0.0,0.0,0.0
2022-01-22 18:18:30.510380,0.0,0.0,0.0
2022-01-22 18:18:31.007768,0.0,0.0,0.0
2022-01-22 18:18:31.505810,0.0,0.0,0.0
2022-01-22 18:18:32.003479,0.0,0.0,0.0
2022-01-22 18:18:32.508113,0.0,0.0,0.0
2022-01-22 18:18:33.005969,0.0,0.0,0.0
2022-01-22 18:18:33.501827,0.0,0.0,0.0
2022-01-22 18:18:34.010653,0.0,0.0,0.0
2022-01-22 18:18:34.506343,0.0,0.0,0.0
2022-01-22 18:18:35.007114,0.0,0.0,0.0
2022-01-22 18:18:35.502728,0.0,0.0,0.0
2022-01-22 18:18:36.010662,0.0,0.0,0.0
2022-01-22 18:18:36.507065,0.0,0.0,0.0
2022-01-22 18:18:37.005520,0.0,0.0,0.0
2022-01-22 18:18:37.501881,0.0,0.0,0.0
2022-01-22 18:18:38.009809,0.0,0.0,0.0
2022-01-22 18:18:38.506504,0.0,0.0,0.0
2022-01-22 18:18:39.003058,0.0,0.0,0.0
2022-01-22 18:18:39.507366,0.0,0.0,0.0
2022-01-22 18:18:40.005562,0.0,0.0,0.0
2022-01-22 18:18:41.005401,0.0,0.0,0.0
2022-01-22 18:18:41.511175,0.0,0.0,0.0
2022-01-22 18:18:42.008993,0.0,0.0,0.0
2022-01-22 18:18:42.505196,0.0,0.0,0.0
2022-01-22 18:18:43.003080,0.0,0.0,0.0
2022-01-22 18:18:43.508022,0.0,0.0,0.0
2022-01-22 18:18:44.006854,0.0,0.0,0.0
2022-01-22 18:18:44.501527,0.0,0.0,0.0
2022-01-22 18:18:45.009618,0.0,0.0,0.0
2022-01-22 18:18:45.506102,0.0,0.0,0.0
2022-01-22 18:18:46.006999,0.0,0.0,0.0
2022-01-22 18:18:46.503236,0.0,0.0,0.0
2022-01-22 18:18:47.002182,0.0,0.0,0.0
2022-01-22 18:18:47.507351,0.0,0.0,0.0
2022-01-22 18:18:48.005061,0.0,0.0,0.0
2022-01-22 18:18:48.508953,0.0,0.0,0.0
2022-01-22 18:18:49.006830,0.0,0.0,0.0
2022-01-22 18:18:49.503337,0.0,0.0,0.0
2022-01-22 18:18:50.001664,0.0,0.0,0.0
2022-01-22 18:18:50.507791,0.0,0.0,0.0
2022-01-22 18:18:51.006711,0.0,0.0,0.0
2022-01-22 18:18:51.502132,0.0,0.0,0.0
2022-01-22 18:18:52.010335,0.0,0.0,0.0
2022-01-22 18:18:52.506216,0.0,0.0,0.0
2022-01-22 18:18:53.005403,0.0,0.0,0.0
2022-01-22 18:18:53.501124,0.0,0.0,0.0
2022-01-22 18:18:54.010212,0.0,0.0,0.0
2022-01-22 18:18:54.506991,0.0,0.0,0.0
2022-01-22 18:18:55.005945,0.0,0.0,0.0
2022-01-22 18:18:55.510740,0.0,0.0,0.0
2022-01-22 18:18:56.008193,0.0,0.0,0.0
2022-01-22 18:18:56.505475,0.0,0.0,0.0
2022-01-22 18:18:57.002951,0.0,0.0,0.0
2022-01-22 18:18:57.508674,0.0,0.0,0.0
2022-01-22 18:18:58.007274,0.0,0.0,0.0
2022-01-22 18:18:58.503635,0.0,0.0,0.0
2022-01-22 18:18:59.001145,0.0,0.0,0.0
2022-01-22 18:18:59.505502,0.0,0.0,0.0
2022-01-22 18:19:00.004242,0.0,0.0,0.0
2022-01-22 18:19:00.509361,0.0,0.0,0.0
2022-01-22 18:19:01.006252,0.0,0.0,0.0
2022-01-22 18:19:01.511007,0.0,0.0,0.0
2022-01-22 18:19:02.011090,0.0,0.0,0.0
2022-01-22 18:19:02.505541,0.0,0.0,0.0
2022-01-22 18:19:03.003413,0.0,0.0,0.0
2022-01-22 18:19:03.508817,0.0,0.0,0.0
2022-01-22 18:19:04.009029,0.0,0.0,0.0
2022-01-22 18:19:04.503643,0.0,0.0,0.0
2022-01-22 18:19:05.001164,0.0,0.0,0.0
2022-01-22 18:19:05.506917,0.0,0.0,0.0
2022-01-22 18:19:06.004403,0.0,0.0,0.0
2022-01-22 18:19:06.510336,0.0,0.0,0.0
2022-01-22 18:19:07.006811,0.0,0.0,0.0
2022-01-22 18:19:07.502824,0.0,0.0,0.0
2022-01-22 18:19:08.002599,0.0,0.0,0.0
2022-01-22 18:19:08.508976,0.0,0.0,0.0
2022-01-22 18:19:09.007725,0.0,0.0,0.0
2022-01-22 18:19:09.503179,0.0,0.0,0.0
2022-01-22 18:19:10.011258,0.0,0.0,0.0
2022-01-22 18:19:10.507179,0.0,0.0,0.0
2022-01-22 18:19:11.010566,0.0,0.0,0.0
2022-01-22 18:19:11.506112,0.0,0.0,0.0
2022-01-22 18:19:12.004364,0.0,0.0,0.0
2022-01-22 18:19:12.509928,0.0,0.0,0.0
2022-01-22 18:19:13.007467,0.0,0.0,0.0
2022-01-22 18:19:13.502684,0.0,0.0,0.0
2022-01-22 18:19:14.504416,0.0,0.0,0.0
2022-01-22 18:19:15.002046,0.0,0.0,0.0
2022-01-22 18:19:15.506775,0.0,0.0,0.0
2022-01-22 18:19:16.004638,0.0,0.0,0.0
2022-01-22 18:19:16.510504,0.0,0.0,0.0
2022-01-22 18:19:17.007519,0.0,0.0,0.0
2022-01-22 18:19:17.502582,0.0,0.0,0.0
2022-01-22 18:19:18.504378,0.0,0.0,0.0
2022-01-22 18:19:19.002611,0.0,0.0,0.0
2022-01-22 18:19:19.509570,0.0,0.0,0.0
2022-01-22 18:19:20.008297,0.0,0.0,0.0
2022-01-22 18:19:20.503726,0.0,0.0,0.0
2022-01-22 18:19:21.002039,0.0,0.0,0.0
2022-01-22 18:19:21.508189,0.0,0.0,0.0
2022-01-22 18:19:22.005565,0.0,0.0,0.0
2022-01-22 18:19:22.510829,0.0,0.0,0.0
2022-01-22 18:19:23.010351,0.0,0.0,0.0
2022-01-22 18:19:23.505052,0.0,0.0,0.0
2022-01-22 18:19:24.002901,0.0,0.0,0.0
2022-01-22 18:19:24.507980,0.0,0.0,0.0
2022-01-22 18:19:25.005631,0.0,0.0,0.0
2022-01-22 18:19:25.502046,0.0,0.0,0.0
2022-01-22 18:19:26.001080,0.0,0.0,0.0
2022-01-22 18:19:26.506357,0.0,0.0,0.0
2022-01-22 18:19:27.004260,0.0,0.0,0.0
2022-01-22 18:19:27.501340,0.0,0.0,0.0
2022-01-22 18:19:28.007772,0.0,0.0,0.0
2022-01-22 18:19:28.502701,0.0,0.0,0.0
2022-01-22 18:19:29.006333,0.0,0.0,0.0
2022-01-22 18:19:29.501775,0.0,0.0,0.0
2022-01-22 18:19:30.009434,0.0,0.0,0.0
2022-01-22 18:19:30.504412,0.0,0.0,0.0
2022-01-22 18:19:31.003348,0.0,0.0,0.0
2022-01-22 18:19:31.509369,0.0,0.0,0.0
2022-01-22 18:19:32.007986,0.0,0.0,0.0
2022-01-22 18:19:32.504476,0.0,0.0,0.0
2022-01-22 18:19:33.002761,0.0,0.0,0.0
2022-01-22 18:19:33.508610,0.0,0.0,0.0
2022-01-22 18:19:34.005932,0.0,0.0,0.0
2022-01-22 18:19:34.501395,0.0,0.0,0.0
2022-01-22 18:19:35.009053,0.0,0.0,0.0
2022-01-22 18:19:35.504085,0.0,0.0,0.0
2022-01-22 18:19:36.002600,0.0,0.0,0.0
2022-01-22 18:19:36.509891,0.0,0.0,0.0
2022-01-22 18:19:37.006979,0.0,0.0,0.0
2022-01-22 18:19:37.501678,0.0,0.0,0.0
2022-01-22 18:19:38.010810,0.0,0.0,0.0
2022-01-22 18:19:38.506160,0.0,0.0,0.0
2022-01-22 18:19:39.003545,0.0,0.0,0.0
2022-01-22 18:19:39.509567,0.0,0.0,0.0
2022-01-22 18:19:40.007183,0.0,0.0,0.0
2022-01-22 18:19:40.503907,0.0,0.0,0.0
2022-01-22 18:19:41.002765,0.0,0.0,0.0
2022-01-22 18:19:41.507890,0.0,0.0,0.0
2022-01-22 18:19:42.006629,0.0,0.0,0.0
2022-01-22 18:19:42.508013,0.0,0.0,0.0
2022-01-22 18:19:43.006500,0.0,0.0,0.0
2022-01-22 18:19:43.502072,0.0,0.0,0.0
2022-01-22 18:19:44.008959,0.0,0.0,0.0
2022-01-22 18:19:44.506136,0.0,0.0,0.0
2022-01-22 18:19:45.005323,0.0,0.0,0.0
2022-01-22 18:19:45.501236,0.0,0.0,0.0
2022-01-22 18:19:46.010371,0.0,0.0,0.0
2022-01-22 18:19:46.505790,0.0,0.0,0.0
2022-01-22 18:19:47.003220,0.0,0.0,0.0
2022-01-22 18:19:47.509754,0.0,0.0,0.0
2022-01-22 18:19:48.006543,0.0,0.0,0.0
2022-01-22 18:19:48.501092,0.0,0.0,0.0
2022-01-22 18:19:49.010139,0.0,0.0,0.0
2022-01-22 18:19:49.507105,0.0,0.0,0.0
2022-01-22 18:19:50.004186,0.0,0.0,0.0
2022-01-22 18:19:50.509247,0.0,0.0,0.0
2022-01-22 18:19:51.007672,0.0,0.0,0.0
2022-01-22 18:19:51.502802,0.0,0.0,0.0
2022-01-22 18:19:52.001770,0.0,0.0,0.0
2022-01-22 18:19:52.507297,0.0,0.0,0.0
2022-01-22 18:19:53.005557,0.0,0.0,0.0
2022-01-22 18:19:53.501000,0.0,0.0,0.0
2022-01-22 18:19:54.010601,0.0,0.0,0.0
2022-01-22 18:19:54.505627,0.0,0.0,0.0
2022-01-22 18:19:55.003323,0.0,0.0,0.0
2022-01-22 18:19:55.508094,0.0,0.0,0.0
2022-01-22 18:19:56.003056,0.0,0.0,0.0
2022-01-22 18:19:56.510269,0.0,0.0,0.0
2022-01-22 18:19:57.008376,0.0,0.0,0.0
2022-01-22 18:19:57.505071,0.0,0.0,0.0
2022-01-22 18:19:58.002475,0.0,0.0,0.0
2022-01-22 18:19:58.509545,0.0,0.0,0.0
2022-01-22 18:19:59.007144,0.0,0.0,0.0
2022-01-22 18:19:59.502377,0.0,0.0,0.0
2022-01-22 18:20:00.010500,0.0,0.0,0.0
2022-01-22 18:20:00.504336,0.0,0.0,0.0
2022-01-22 18:20:01.003559,0.0,0.0,0.0
2022-01-22 18:20:01.509180,0.0,0.0,0.0
2022-01-22 18:20:02.007276,0.0,0.0,0.0
2022-01-22 18:20:02.503725,0.0,0.0,0.0
2022-01-22 18:20:03.002100,0.0,0.0,0.0
2022-01-22 18:20:03.508101,0.0,0.0,0.0
2022-01-22 18:20:04.006223,0.0,0.0,0.0
2022-01-22 18:20:04.510333,0.0,0.0,0.0
2022-01-22 18:20:05.008386,0.0,0.0,0.0
2022-01-22 18:20:05.502719,0.0,0.0,0.0
2022-01-22 18:20:06.010800,0.0,0.0,0.0
2022-01-22 18:20:06.506710,0.0,0.0,0.0
2022-01-22 18:20:07.005370,0.0,0.0,0.0
2022-01-22 18:20:07.510481,0.0,0.0,0.0
2022-01-22 18:20:08.007627,0.0,0.0,0.0
2022-01-22 18:20:08.501478,0.0,0.0,0.0
2022-01-22 18:20:09.009810,0.0,0.0,0.0
2022-01-22 18:20:09.505853,0.0,0.0,0.0
2022-01-22 18:20:10.004668,0.0,0.0,0.0
2022-01-22 18:20:10.508803,0.0,0.0,0.0
2022-01-22 18:20:11.005973,0.0,0.0,0.0
2022-01-22 18:20:11.502622,0.0,0.0,0.0
2022-01-22 18:20:12.010220,0.0,0.0,0.0
2022-01-22 18:20:12.507252,0.0,0.0,0.0
2022-01-22 18:20:13.004990,0.0,0.0,0.0
2022-01-22 18:20:13.510649,0.0,0.0,0.0
2022-01-22 18:20:14.008917,0.0,0.0,0.0
2022-01-22 18:20:14.502530,0.0,0.0,0.0
2022-01-22 18:20:15.009742,0.0,0.0,0.0
2022-01-22 18:20:15.506851,0.0,0.0,0.0
2022-01-22 18:20:16.006398,0.0,0.0,0.0
2022-01-22 18:20:16.501527,0.0,0.0,0.0
2022-01-22 18:20:17.008808,0.0,0.0,0.0
2022-01-22 18:20:17.504486,0.0,0.0,0.0
2022-01-22 18:20:18.002189,0.0,0.0,0.0
2022-01-22 18:20:18.508348,0.0,0.0,0.0
2022-01-22 18:20:19.006778,0.0,0.0,0.0
2022-01-22 18:20:19.501501,0.0,0.0,0.0
2022-01-22 18:20:20.010517,0.0,0.0,0.0
2022-01-22 18:20:20.508964,0.0,0.0,0.0
2022-01-22 18:20:21.006729,0.0,0.0,0.0
2022-01-22 18:20:21.502194,0.0,0.0,0.0
2022-01-22 18:20:22.505033,0.0,0.0,0.0
2022-01-22 18:20:23.002467,0.0,0.0,0.0
2022-01-22 18:20:23.507871,0.0,0.0,0.0
2022-01-22 18:20:24.005781,0.0,0.0,0.0
2022-01-22 18:20:24.510685,0.0,0.0,0.0
2022-01-22 18:20:25.010454,0.0,0.0,0.0
2022-01-22 18:20:25.507794,0.0,0.0,0.0
2022-01-22 18:20:26.006654,0.0,0.0,0.0
2022-01-22 18:20:26.502670,0.0,0.0,0.0
2022-01-22 18:20:27.010767,0.0,0.0,0.0
2022-01-22 18:20:27.505138,0.0,0.0,0.0
2022-01-22 18:20:28.002386,0.0,0.0,0.0
2022-01-22 18:20:28.506798,0.0,0.0,0.0
2022-01-22 18:20:29.004235,0.0,0.0,0.0
2022-01-22 18:20:29.510709,0.0,0.0,0.0
2022-01-22 18:20:30.009152,0.0,0.0,0.0
2022-01-22 18:20:30.505734,0.0,0.0,0.0
2022-01-22 18:20:31.003757,0.0,0.0,0.0
2022-01-22 18:20:31.509251,0.0,0.0,0.0
2022-01-22 18:20:32.005929,0.0,0.0,0.0
2022-01-22 18:20:32.511180,0.0,0.0,0.0
2022-01-22 18:20:33.008538,0.0,0.0,0.0
2022-01-22 18:20:33.503658,0.0,0.0,0.0
2022-01-22 18:20:34.003159,0.0,0.0,0.0
2022-01-22 18:20:34.510014,0.0,0.0,0.0
2022-01-22 18:20:35.008178,0.0,0.0,0.0
2022-01-22 18:20:35.505262,0.0,0.0,0.0
2022-01-22 18:20:36.003222,0.0,0.0,0.0
2022-01-22 18:20:36.510630,0.0,0.0,0.0
2022-01-22 18:20:37.009286,0.0,0.0,0.0
2022-01-22 18:20:37.505944,0.0,0.0,0.0
2022-01-22 18:20:38.004158,0.0,0.0,0.0
2022-01-22 18:20:38.510416,0.0,0.0,0.0
2022-01-22 18:20:39.010382,0.0,0.0,0.0
2022-01-22 18:20:39.504987,0.0,0.0,0.0
2022-01-22 18:20:40.009823,0.0,0.0,0.0
2022-01-22 18:20:40.504578,0.0,0.0,0.0
2022-01-22 18:20:41.003069,0.0,0.0,0.0
2022-01-22 18:20:41.508091,0.0,0.0,0.0
2022-01-22 18:20:42.005345,0.0,0.0,0.0
2022-01-22 18:20:42.510221,0.0,0.0,0.0
2022-01-22 18:20:43.008737,0.0,0.0,0.0
2022-01-22 18:20:43.505085,0.0,0.0,0.0
2022-01-22 18:20:44.003141,0.0,0.0,0.0
2022-01-22 18:20:44.508997,0.0,0.0,0.0
2022-01-22 18:20:45.006365,0.0,0.0,0.0
2022-01-22 18:20:45.510937,0.0,0.0,0.0
2022-01-22 18:20:46.001244,0.0,0.0,0.0
2022-01-22 18:20:46.506331,0.0,0.0,0.0
2022-01-22 18:20:47.006786,0.0,0.0,0.0
2022-01-22 18:20:47.502200,0.0,0.0,0.0
2022-01-22 18:20:48.001082,0.0,0.0,0.0
2022-01-22 18:20:48.506834,0.0,0.0,0.0
2022-01-22 18:20:49.006993,0.0,0.0,0.0
2022-01-22 18:20:49.504005,0.0,0.0,0.0
2022-01-22 18:20:50.003216,0.0,0.0,0.0
2022-01-22 18:20:50.509679,0.0,0.0,0.0
2022-01-22 18:20:51.007481,0.0,0.0,0.0
2022-01-22 18:20:51.504688,0.0,0.0,0.0
2022-01-22 18:20:52.003423,0.0,0.0,0.0
2022-01-22 18:20:52.510075,0.0,0.0,0.0
2022-01-22 18:20:53.006903,0.0,0.0,0.0
2022-01-22 18:20:53.502264,0.0,0.0,0.0
2022-01-22 18:20:54.010694,0.0,0.0,0.0
2022-01-22 18:20:54.506675,0.0,0.0,0.0
2022-01-22 18:20:55.003680,0.0,0.0,0.0
2022-01-22 18:20:55.510139,0.0,0.0,0.0
2022-01-22 18:20:56.009419,0.0,0.0,0.0
2022-01-22 18:20:56.506517,0.0,0.0,0.0
2022-01-22 18:20:57.004529,0.0,0.0,0.0
2022-01-22 18:20:57.509509,0.0,0.0,0.0
2022-01-22 18:20:58.007473,0.0,0.0,0.0
2022-01-22 18:20:58.503908,0.0,0.0,0.0
2022-01-22 18:20:59.001518,0.0,0.0,0.0
2022-01-22 18:20:59.507369,0.0,0.0,0.0
2022-01-22 18:21:00.006058,0.0,0.0,0.0
2022-01-22 18:21:00.503937,0.0,0.0,0.0
2022-01-22 18:21:01.001389,0.0,0.0,0.0
2022-01-22 18:21:01.507216,0.0,0.0,0.0
2022-01-22 18:21:02.005828,0.0,0.0,0.0
2022-01-22 18:21:02.501138,0.0,0.0,0.0
2022-01-22 18:21:03.010281,0.0,0.0,0.0
2022-01-22 18:21:03.504103,0.0,0.0,0.0
2022-01-22 18:21:04.001959,0.0,0.0,0.0
2022-01-22 18:21:04.506521,0.0,0.0,0.0
2022-01-22 18:21:05.003258,0.0,0.0,0.0
2022-01-22 18:21:05.502216,0.0,0.0,0.0
2022-01-22 18:21:06.009368,0.0,0.0,0.0
2022-01-22 18:21:06.506165,0.0,0.0,0.0
2022-01-22 18:21:07.004494,0.0,0.0,0.0
2022-01-22 18:21:07.501146,0.0,0.0,0.0
2022-01-22 18:21:08.009444,0.0,0.0,0.0
2022-01-22 18:21:08.505073,0.0,0.0,0.0
2022-01-22 18:21:09.003996,0.0,0.0,0.0
2022-01-22 18:21:09.501961,0.0,0.0,0.0
2022-01-22 18:21:10.010450,0.0,0.0,0.0
2022-01-22 18:21:10.505661,0.0,0.0,0.0
2022-01-22 18:21:11.008876,0.0,0.0,0.0
2022-01-22 18:21:11.503461,0.0,0.0,0.0
2022-01-22 18:21:12.003298,0.0,0.0,0.0
2022-01-22 18:21:12.508507,0.0,0.0,0.0
2022-01-22 18:21:13.007250,0.0,0.0,0.0
2022-01-22 18:21:13.502359,0.0,0.0,0.0
2022-01-22 18:21:14.003313,0.0,0.0,0.0
2022-01-22 18:21:14.508838,0.0,0.0,0.0
2022-01-22 18:21:15.006890,0.0,0.0,0.0
2022-01-22 18:21:15.502274,0.0,0.0,0.0
2022-01-22 18:21:16.001570,0.0,0.0,0.0
2022-01-22 18:21:16.505516,0.0,0.0,0.0
2022-01-22 18:21:17.005196,0.0,0.0,0.0
2022-01-22 18:21:17.509657,0.0,0.0,0.0
2022-01-22 18:21:18.008140,0.0,0.0,0.0
2022-01-22 18:21:18.503926,0.0,0.0,0.0
2022-01-22 18:21:19.001980,0.0,0.0,0.0
2022-01-22 18:21:19.508013,0.0,0.0,0.0
2022-01-22 18:21:20.006760,0.0,0.0,0.0
2022-01-22 18:21:20.502139,0.0,0.0,0.0
2022-01-22 18:21:21.010961,0.0,0.0,0.0
2022-01-22 18:21:21.504643,0.0,0.0,0.0
2022-01-22 18:21:22.003258,0.0,0.0,0.0
2022-01-22 18:21:22.508558,0.0,0.0,0.0
2022-01-22 18:21:23.007944,0.0,0.0,0.0
2022-01-22 18:21:23.508625,0.0,0.0,0.0
2022-01-22 18:21:24.006465,0.0,0.0,0.0
2022-01-22 18:21:24.501951,0.0,0.0,0.0
2022-01-22 18:21:25.010937,0.0,0.0,0.0
2022-01-22 18:21:25.507169,0.0,0.0,0.0
2022-01-22 18:21:26.006963,0.0,0.0,0.0
2022-01-22 18:21:26.510754,0.0,0.0,0.0
2022-01-22 18:21:27.007211,0.0,0.0,0.0
2022-01-22 18:21:27.503470,0.0,0.0,0.0
2022-01-22 18:21:28.001937,0.0,0.0,0.0
2022-01-22 18:21:28.506068,0.0,0.0,0.0
2022-01-22 18:21:29.004475,0.0,0.0,0.0
2022-01-22 18:21:29.511124,0.0,0.0,0.0
2022-01-22 18:21:30.007857,0.0,0.0,0.0
2022-01-22 18:21:30.502004,0.0,0.0,0.0
2022-01-22 18:21:31.009842,0.0,0.0,0.0
2022-01-22 18:21:31.506114,0.0,0.0,0.0
2022-01-22 18:21:32.005378,0.0,0.0,0.0
2022-01-22 18:21:32.501516,0.0,0.0,0.0
2022-01-22 18:21:33.010444,0.0,0.0,0.0
2022-01-22 18:21:33.506145,0.0,0.0,0.0
2022-01-22 18:21:34.003823,0.0,0.0,0.0
