時間,回転１,回転２,回転３
2022-01-22 08:00:07.516063,0.0,0.0,0.0
2022-01-22 08:00:08.001431,0.0,0.0,0.0
2022-01-22 08:00:08.507473,0.0,0.0,0.0
2022-01-22 08:00:09.005984,0.0,0.0,0.0
2022-01-22 08:00:09.502755,0.0,0.0,0.0
2022-01-22 08:00:10.010216,0.0,0.0,0.0
2022-01-22 08:00:10.505854,0.0,0.0,0.0
2022-01-22 08:00:11.002955,0.0,0.0,0.0
2022-01-22 08:00:11.508752,0.0,0.0,0.0
2022-01-22 08:00:12.007460,0.0,0.0,0.0
2022-01-22 08:00:12.502875,0.0,0.0,0.0
2022-01-22 08:00:13.010644,0.0,0.0,0.0
2022-01-22 08:00:13.507440,0.0,0.0,0.0
2022-01-22 08:00:14.006558,0.0,0.0,0.0
2022-01-22 08:00:14.502623,0.0,0.0,0.0
2022-01-22 08:00:15.010465,0.0,0.0,0.0
2022-01-22 08:00:15.506108,0.0,0.0,0.0
2022-01-22 08:00:16.004668,0.0,0.0,0.0
2022-01-22 08:00:16.509722,0.0,0.0,0.0
2022-01-22 08:00:17.007181,0.0,0.0,0.0
2022-01-22 08:00:17.503681,0.0,0.0,0.0
2022-01-22 08:00:18.003706,0.0,0.0,0.0
2022-01-22 08:00:18.507519,0.0,0.0,0.0
2022-01-22 08:00:19.007068,0.0,0.0,0.0
2022-01-22 08:00:19.503217,0.0,0.0,0.0
2022-01-22 08:00:20.001166,0.0,0.0,0.0
2022-01-22 08:00:20.506229,0.0,0.0,0.0
2022-01-22 08:00:21.003493,0.0,0.0,0.0
2022-01-22 08:00:21.509383,0.0,0.0,0.0
2022-01-22 08:00:22.007606,0.0,0.0,0.0
2022-01-22 08:00:22.502373,0.0,0.0,0.0
2022-01-22 08:00:23.010144,0.0,0.0,0.0
2022-01-22 08:00:23.506325,0.0,0.0,0.0
2022-01-22 08:00:24.004317,0.0,0.0,0.0
2022-01-22 08:00:24.501058,0.0,0.0,0.0
2022-01-22 08:00:25.010371,0.0,0.0,0.0
2022-01-22 08:00:25.506756,0.0,0.0,0.0
2022-01-22 08:00:26.005180,0.0,0.0,0.0
2022-01-22 08:00:26.510561,0.0,0.0,0.0
2022-01-22 08:00:27.008600,0.0,0.0,0.0
2022-01-22 08:00:27.505238,0.0,0.0,0.0
2022-01-22 08:00:28.004589,0.0,0.0,0.0
2022-01-22 08:00:28.510849,0.0,0.0,0.0
2022-01-22 08:00:29.010373,0.0,0.0,0.0
2022-01-22 08:00:29.506927,0.0,0.0,0.0
2022-01-22 08:00:30.005373,0.0,0.0,0.0
2022-01-22 08:00:30.503247,0.0,0.0,0.0
2022-01-22 08:00:31.003209,0.0,0.0,0.0
2022-01-22 08:00:31.508752,0.0,0.0,0.0
2022-01-22 08:00:32.007352,0.0,0.0,0.0
2022-01-22 08:00:32.504690,0.0,0.0,0.0
2022-01-22 08:00:33.007164,0.0,0.0,0.0
2022-01-22 08:00:33.501666,0.0,0.0,0.0
2022-01-22 08:00:34.009993,0.0,0.0,0.0
2022-01-22 08:00:34.502717,0.0,0.0,0.0
2022-01-22 08:00:35.010785,0.0,0.0,0.0
2022-01-22 08:00:35.503329,0.0,0.0,0.0
2022-01-22 08:00:36.002629,0.0,0.0,0.0
2022-01-22 08:00:36.507771,0.0,0.0,0.0
2022-01-22 08:00:37.005536,0.0,0.0,0.0
2022-01-22 08:00:37.509025,0.0,0.0,0.0
2022-01-22 08:00:38.008432,0.0,0.0,0.0
2022-01-22 08:00:38.502719,0.0,0.0,0.0
2022-01-22 08:00:39.010857,0.0,0.0,0.0
2022-01-22 08:00:39.506925,0.0,0.0,0.0
2022-01-22 08:00:40.004987,0.0,0.0,0.0
2022-01-22 08:00:40.507589,0.0,0.0,0.0
2022-01-22 08:00:41.004615,0.0,0.0,0.0
2022-01-22 08:00:41.508330,0.0,0.0,0.0
2022-01-22 08:00:42.005755,0.0,0.0,0.0
2022-01-22 08:00:42.508982,0.0,0.0,0.0
2022-01-22 08:00:43.006741,0.0,0.0,0.0
2022-01-22 08:00:43.509332,0.0,0.0,0.0
2022-01-22 08:00:44.007648,0.0,0.0,0.0
2022-01-22 08:00:44.502208,0.0,0.0,0.0
2022-01-22 08:00:45.010875,0.0,0.0,0.0
2022-01-22 08:00:45.504679,0.0,0.0,0.0
2022-01-22 08:00:46.002250,0.0,0.0,0.0
2022-01-22 08:00:46.506304,0.0,0.0,0.0
2022-01-22 08:00:47.003870,0.0,0.0,0.0
2022-01-22 08:00:47.510417,0.0,0.0,0.0
2022-01-22 08:00:48.009772,0.0,0.0,0.0
2022-01-22 08:00:48.504713,0.0,0.0,0.0
2022-01-22 08:00:49.001535,0.0,0.0,0.0
2022-01-22 08:00:49.506325,0.0,0.0,0.0
2022-01-22 08:00:50.004151,0.0,0.0,0.0
2022-01-22 08:00:50.509680,0.0,0.0,0.0
2022-01-22 08:00:51.007392,0.0,0.0,0.0
2022-01-22 08:00:51.502538,0.0,0.0,0.0
2022-01-22 08:00:52.009766,0.0,0.0,0.0
2022-01-22 08:00:52.507451,0.0,0.0,0.0
2022-01-22 08:00:53.005200,0.0,0.0,0.0
2022-01-22 08:00:53.510425,0.0,0.0,0.0
2022-01-22 08:00:54.009977,0.0,0.0,0.0
2022-01-22 08:00:54.505143,0.0,0.0,0.0
2022-01-22 08:00:55.003407,0.0,0.0,0.0
2022-01-22 08:00:55.509135,0.0,0.0,0.0
2022-01-22 08:00:56.007457,0.0,0.0,0.0
2022-01-22 08:00:56.503028,0.0,0.0,0.0
2022-01-22 08:00:57.003127,0.0,0.0,0.0
2022-01-22 08:00:57.507739,0.0,0.0,0.0
2022-01-22 08:00:58.006608,0.0,0.0,0.0
2022-01-22 08:00:58.501255,0.0,0.0,0.0
2022-01-22 08:00:59.009281,0.0,0.0,0.0
2022-01-22 08:00:59.503549,0.0,0.0,0.0
2022-01-22 08:01:00.010843,0.0,0.0,0.0
2022-01-22 08:01:00.502817,0.0,0.0,0.0
2022-01-22 08:01:01.001146,0.0,0.0,0.0
2022-01-22 08:01:01.507331,0.0,0.0,0.0
2022-01-22 08:01:02.004546,0.0,0.0,0.0
2022-01-22 08:01:02.509939,0.0,0.0,0.0
2022-01-22 08:01:03.006565,0.0,0.0,0.0
2022-01-22 08:01:03.501719,0.0,0.0,0.0
2022-01-22 08:01:04.009901,0.0,0.0,0.0
2022-01-22 08:01:04.504953,0.0,0.0,0.0
2022-01-22 08:01:05.003319,0.0,0.0,0.0
2022-01-22 08:01:06.005173,0.0,0.0,0.0
2022-01-22 08:01:06.510327,0.0,0.0,0.0
2022-01-22 08:01:07.007317,0.0,0.0,0.0
2022-01-22 08:01:07.501706,0.0,0.0,0.0
2022-01-22 08:01:08.009755,0.0,0.0,0.0
2022-01-22 08:01:08.505517,0.0,0.0,0.0
2022-01-22 08:01:09.002962,0.0,0.0,0.0
2022-01-22 08:01:09.507619,0.0,0.0,0.0
2022-01-22 08:01:10.006439,0.0,0.0,0.0
2022-01-22 08:01:10.501886,0.0,0.0,0.0
2022-01-22 08:01:11.005807,0.0,0.0,0.0
2022-01-22 08:01:11.510631,0.0,0.0,0.0
2022-01-22 08:01:12.010296,0.0,0.0,0.0
2022-01-22 08:01:12.505330,0.0,0.0,0.0
2022-01-22 08:01:13.003450,0.0,0.0,0.0
2022-01-22 08:01:13.508623,0.0,0.0,0.0
2022-01-22 08:01:14.007011,0.0,0.0,0.0
2022-01-22 08:01:14.503710,0.0,0.0,0.0
2022-01-22 08:01:15.003222,0.0,0.0,0.0
2022-01-22 08:01:15.508903,0.0,0.0,0.0
2022-01-22 08:01:16.007333,0.0,0.0,0.0
2022-01-22 08:01:16.502672,0.0,0.0,0.0
2022-01-22 08:01:17.003711,0.0,0.0,0.0
2022-01-22 08:01:17.508599,0.0,0.0,0.0
2022-01-22 08:01:18.006669,0.0,0.0,0.0
2022-01-22 08:01:18.503929,0.0,0.0,0.0
2022-01-22 08:01:19.001905,0.0,0.0,0.0
2022-01-22 08:01:19.508350,0.0,0.0,0.0
2022-01-22 08:01:20.007225,0.0,0.0,0.0
2022-01-22 08:01:20.502364,0.0,0.0,0.0
2022-01-22 08:01:21.009530,0.0,0.0,0.0
2022-01-22 08:01:21.504061,0.0,0.0,0.0
2022-01-22 08:01:22.001837,0.0,0.0,0.0
2022-01-22 08:01:22.508307,0.0,0.0,0.0
2022-01-22 08:01:23.008873,0.0,0.0,0.0
2022-01-22 08:01:23.504917,0.0,0.0,0.0
2022-01-22 08:01:24.003159,0.0,0.0,0.0
2022-01-22 08:01:24.509809,0.0,0.0,0.0
2022-01-22 08:01:25.010568,0.0,0.0,0.0
2022-01-22 08:01:25.506779,0.0,0.0,0.0
2022-01-22 08:01:26.005113,0.0,0.0,0.0
2022-01-22 08:01:26.509645,0.0,0.0,0.0
2022-01-22 08:01:27.008383,0.0,0.0,0.0
2022-01-22 08:01:27.506109,0.0,0.0,0.0
2022-01-22 08:01:28.004742,0.0,0.0,0.0
2022-01-22 08:01:28.509551,0.0,0.0,0.0
2022-01-22 08:01:29.007792,0.0,0.0,0.0
2022-01-22 08:01:29.503329,0.0,0.0,0.0
2022-01-22 08:01:30.001837,0.0,0.0,0.0
2022-01-22 08:01:30.507686,0.0,0.0,0.0
2022-01-22 08:01:31.006283,0.0,0.0,0.0
2022-01-22 08:01:31.502201,0.0,0.0,0.0
2022-01-22 08:01:32.010735,0.0,0.0,0.0
2022-01-22 08:01:32.504979,0.0,0.0,0.0
2022-01-22 08:01:33.002265,0.0,0.0,0.0
2022-01-22 08:01:33.508587,0.0,0.0,0.0
2022-01-22 08:01:34.006923,0.0,0.0,0.0
2022-01-22 08:01:34.502037,0.0,0.0,0.0
2022-01-22 08:01:35.010742,0.0,0.0,0.0
2022-01-22 08:01:35.505300,0.0,0.0,0.0
2022-01-22 08:01:36.003158,0.0,0.0,0.0
2022-01-22 08:01:36.501080,0.0,0.0,0.0
2022-01-22 08:01:37.008939,0.0,0.0,0.0
2022-01-22 08:01:37.505028,0.0,0.0,0.0
2022-01-22 08:01:38.004165,0.0,0.0,0.0
2022-01-22 08:01:38.510264,0.0,0.0,0.0
2022-01-22 08:01:39.006779,0.0,0.0,0.0
2022-01-22 08:01:39.501718,0.0,0.0,0.0
2022-01-22 08:01:40.009648,0.0,0.0,0.0
2022-01-22 08:01:40.505707,0.0,0.0,0.0
2022-01-22 08:01:41.004879,0.0,0.0,0.0
2022-01-22 08:01:41.510916,0.0,0.0,0.0
2022-01-22 08:01:42.009182,0.0,0.0,0.0
2022-01-22 08:01:42.503780,0.0,0.0,0.0
2022-01-22 08:01:43.002822,0.0,0.0,0.0
2022-01-22 08:01:43.509826,0.0,0.0,0.0
2022-01-22 08:01:44.009076,0.0,0.0,0.0
2022-01-22 08:01:44.505278,0.0,0.0,0.0
2022-01-22 08:01:45.005898,0.0,0.0,0.0
2022-01-22 08:01:45.502856,0.0,0.0,0.0
2022-01-22 08:01:46.002082,0.0,0.0,0.0
2022-01-22 08:01:46.506503,0.0,0.0,0.0
2022-01-22 08:01:47.005151,0.0,0.0,0.0
2022-01-22 08:01:47.501125,0.0,0.0,0.0
2022-01-22 08:01:48.009394,0.0,0.0,0.0
2022-01-22 08:01:48.505518,0.0,0.0,0.0
2022-01-22 08:01:49.007649,0.0,0.0,0.0
2022-01-22 08:01:49.503547,0.0,0.0,0.0
2022-01-22 08:01:50.001146,0.0,0.0,0.0
2022-01-22 08:01:50.505505,0.0,0.0,0.0
2022-01-22 08:01:51.003432,0.0,0.0,0.0
2022-01-22 08:01:51.508298,0.0,0.0,0.0
2022-01-22 08:01:52.006727,0.0,0.0,0.0
2022-01-22 08:01:52.501952,0.0,0.0,0.0
2022-01-22 08:01:53.009205,0.0,0.0,0.0
2022-01-22 08:01:53.502652,0.0,0.0,0.0
2022-01-22 08:01:54.001625,0.0,0.0,0.0
2022-01-22 08:01:54.507420,0.0,0.0,0.0
2022-01-22 08:01:55.005214,0.0,0.0,0.0
2022-01-22 08:01:55.501960,0.0,0.0,0.0
2022-01-22 08:01:56.009173,0.0,0.0,0.0
2022-01-22 08:01:56.503457,0.0,0.0,0.0
2022-01-22 08:01:57.011148,0.0,0.0,0.0
2022-01-22 08:01:57.508238,0.0,0.0,0.0
2022-01-22 08:01:58.006442,0.0,0.0,0.0
2022-01-22 08:01:58.503263,0.0,0.0,0.0
2022-01-22 08:01:59.505100,0.0,0.0,0.0
2022-01-22 08:02:00.003629,0.0,0.0,0.0
2022-01-22 08:02:00.509621,0.0,0.0,0.0
2022-01-22 08:02:01.007138,0.0,0.0,0.0
2022-01-22 08:02:01.501287,0.0,0.0,0.0
2022-01-22 08:02:02.009268,0.0,0.0,0.0
2022-01-22 08:02:02.504472,0.0,0.0,0.0
2022-01-22 08:02:03.003973,0.0,0.0,0.0
2022-01-22 08:02:03.509110,0.0,0.0,0.0
2022-01-22 08:02:04.008170,0.0,0.0,0.0
2022-01-22 08:02:04.502977,0.0,0.0,0.0
2022-01-22 08:02:05.001687,0.0,0.0,0.0
2022-01-22 08:02:05.508173,0.0,0.0,0.0
2022-01-22 08:02:06.005970,0.0,0.0,0.0
2022-01-22 08:02:06.501268,0.0,0.0,0.0
2022-01-22 08:02:07.009141,0.0,0.0,0.0
2022-01-22 08:02:07.505568,0.0,0.0,0.0
2022-01-22 08:02:08.003631,0.0,0.0,0.0
2022-01-22 08:02:08.509508,0.0,0.0,0.0
2022-01-22 08:02:09.007376,0.0,0.0,0.0
2022-01-22 08:02:09.502361,0.0,0.0,0.0
2022-01-22 08:02:10.010526,0.0,0.0,0.0
2022-01-22 08:02:10.505672,0.0,0.0,0.0
2022-01-22 08:02:11.009551,0.0,0.0,0.0
2022-01-22 08:02:11.504730,0.0,0.0,0.0
2022-01-22 08:02:12.004329,0.0,0.0,0.0
2022-01-22 08:02:12.501033,0.0,0.0,0.0
2022-01-22 08:02:13.010721,0.0,0.0,0.0
2022-01-22 08:02:13.505936,0.0,0.0,0.0
2022-01-22 08:02:14.003870,0.0,0.0,0.0
2022-01-22 08:02:14.509944,0.0,0.0,0.0
2022-01-22 08:02:15.007338,0.0,0.0,0.0
2022-01-22 08:02:15.501743,0.0,0.0,0.0
2022-01-22 08:02:16.010342,0.0,0.0,0.0
2022-01-22 08:02:16.507271,0.0,0.0,0.0
2022-01-22 08:02:17.004962,0.0,0.0,0.0
2022-01-22 08:02:17.510885,0.0,0.0,0.0
2022-01-22 08:02:18.009867,0.0,0.0,0.0
2022-01-22 08:02:18.505625,0.0,0.0,0.0
2022-01-22 08:02:19.004826,0.0,0.0,0.0
2022-01-22 08:02:19.510392,0.0,0.0,0.0
2022-01-22 08:02:20.007985,0.0,0.0,0.0
2022-01-22 08:02:20.503232,0.0,0.0,0.0
2022-01-22 08:02:21.001958,0.0,0.0,0.0
2022-01-22 08:02:21.508688,0.0,0.0,0.0
2022-01-22 08:02:22.006579,0.0,0.0,0.0
2022-01-22 08:02:22.501687,0.0,0.0,0.0
2022-01-22 08:02:23.010032,0.0,0.0,0.0
2022-01-22 08:02:23.504943,0.0,0.0,0.0
2022-01-22 08:02:24.003371,0.0,0.0,0.0
2022-01-22 08:02:24.508929,0.0,0.0,0.0
2022-01-22 08:02:25.005853,0.0,0.0,0.0
2022-01-22 08:02:25.502298,0.0,0.0,0.0
2022-01-22 08:02:26.011044,0.0,0.0,0.0
2022-01-22 08:02:26.506861,0.0,0.0,0.0
2022-01-22 08:02:27.003872,0.0,0.0,0.0
2022-01-22 08:02:27.508484,0.0,0.0,0.0
2022-01-22 08:02:28.007587,0.0,0.0,0.0
2022-01-22 08:02:28.502343,0.0,0.0,0.0
2022-01-22 08:02:29.010789,0.0,0.0,0.0
2022-01-22 08:02:29.506216,0.0,0.0,0.0
2022-01-22 08:02:30.004972,0.0,0.0,0.0
2022-01-22 08:02:30.509353,0.0,0.0,0.0
2022-01-22 08:02:31.007356,0.0,0.0,0.0
2022-01-22 08:02:31.502444,0.0,0.0,0.0
2022-01-22 08:02:32.010805,0.0,0.0,0.0
2022-01-22 08:02:32.507163,0.0,0.0,0.0
2022-01-22 08:02:33.004699,0.0,0.0,0.0
2022-01-22 08:02:33.501141,0.0,0.0,0.0
2022-01-22 08:02:34.009749,0.0,0.0,0.0
2022-01-22 08:02:34.505553,0.0,0.0,0.0
2022-01-22 08:02:35.003382,0.0,0.0,0.0
2022-01-22 08:02:35.508818,0.0,0.0,0.0
2022-01-22 08:02:36.006968,0.0,0.0,0.0
2022-01-22 08:02:36.503267,0.0,0.0,0.0
2022-01-22 08:02:37.002380,0.0,0.0,0.0
2022-01-22 08:02:37.508124,0.0,0.0,0.0
2022-01-22 08:02:38.005338,0.0,0.0,0.0
2022-01-22 08:02:38.501857,0.0,0.0,0.0
2022-01-22 08:02:39.009775,0.0,0.0,0.0
2022-01-22 08:02:39.504648,0.0,0.0,0.0
2022-01-22 08:02:40.001913,0.0,0.0,0.0
2022-01-22 08:02:40.508114,0.0,0.0,0.0
2022-01-22 08:02:41.008621,0.0,0.0,0.0
2022-01-22 08:02:41.502948,0.0,0.0,0.0
2022-01-22 08:02:42.010667,0.0,0.0,0.0
2022-01-22 08:02:42.505272,0.0,0.0,0.0
2022-01-22 08:02:43.002292,0.0,0.0,0.0
2022-01-22 08:02:43.510140,0.0,0.0,0.0
2022-01-22 08:02:44.007863,0.0,0.0,0.0
2022-01-22 08:02:44.503593,0.0,0.0,0.0
2022-01-22 08:02:45.001674,0.0,0.0,0.0
2022-01-22 08:02:45.506760,0.0,0.0,0.0
2022-01-22 08:02:46.004519,0.0,0.0,0.0
2022-01-22 08:02:46.509137,0.0,0.0,0.0
2022-01-22 08:02:47.006737,0.0,0.0,0.0
2022-01-22 08:02:47.501742,0.0,0.0,0.0
2022-01-22 08:02:48.001676,0.0,0.0,0.0
2022-01-22 08:02:48.506639,0.0,0.0,0.0
2022-01-22 08:02:49.004479,0.0,0.0,0.0
2022-01-22 08:02:49.504712,0.0,0.0,0.0
2022-01-22 08:02:50.001743,0.0,0.0,0.0
2022-01-22 08:02:50.508169,0.0,0.0,0.0
2022-01-22 08:02:51.006262,0.0,0.0,0.0
2022-01-22 08:02:51.510388,0.0,0.0,0.0
2022-01-22 08:02:52.010266,0.0,0.0,0.0
2022-01-22 08:02:52.506406,0.0,0.0,0.0
2022-01-22 08:02:53.004276,0.0,0.0,0.0
2022-01-22 08:02:53.509050,0.0,0.0,0.0
2022-01-22 08:02:54.007242,0.0,0.0,0.0
2022-01-22 08:02:54.503535,0.0,0.0,0.0
2022-01-22 08:02:55.011120,0.0,0.0,0.0
2022-01-22 08:02:55.507393,0.0,0.0,0.0
2022-01-22 08:02:56.006052,0.0,0.0,0.0
2022-01-22 08:02:56.501716,0.0,0.0,0.0
2022-01-22 08:02:57.505013,0.0,0.0,0.0
2022-01-22 08:02:58.002527,0.0,0.0,0.0
2022-01-22 08:02:58.508098,0.0,0.0,0.0
2022-01-22 08:02:59.006281,0.0,0.0,0.0
2022-01-22 08:02:59.510493,0.0,0.0,0.0
2022-01-22 08:03:00.007788,0.0,0.0,0.0
2022-01-22 08:03:00.501972,0.0,0.0,0.0
2022-01-22 08:03:01.010575,0.0,0.0,0.0
2022-01-22 08:03:01.506545,0.0,0.0,0.0
2022-01-22 08:03:02.004492,0.0,0.0,0.0
2022-01-22 08:03:02.509337,0.0,0.0,0.0
2022-01-22 08:03:03.008111,0.0,0.0,0.0
2022-01-22 08:03:03.503556,0.0,0.0,0.0
2022-01-22 08:03:04.003561,0.0,0.0,0.0
2022-01-22 08:03:04.510039,0.0,0.0,0.0
2022-01-22 08:03:05.008351,0.0,0.0,0.0
2022-01-22 08:03:05.504113,0.0,0.0,0.0
2022-01-22 08:03:06.003136,0.0,0.0,0.0
2022-01-22 08:03:06.509386,0.0,0.0,0.0
2022-01-22 08:03:07.007218,0.0,0.0,0.0
2022-01-22 08:03:07.503317,0.0,0.0,0.0
2022-01-22 08:03:08.011101,0.0,0.0,0.0
2022-01-22 08:03:08.507611,0.0,0.0,0.0
2022-01-22 08:03:09.005697,0.0,0.0,0.0
2022-01-22 08:03:09.510989,0.0,0.0,0.0
2022-01-22 08:03:10.008856,0.0,0.0,0.0
2022-01-22 08:03:10.504211,0.0,0.0,0.0
2022-01-22 08:03:11.010106,0.0,0.0,0.0
2022-01-22 08:03:11.505126,0.0,0.0,0.0
2022-01-22 08:03:12.003232,0.0,0.0,0.0
2022-01-22 08:03:12.509867,0.0,0.0,0.0
2022-01-22 08:03:13.007986,0.0,0.0,0.0
2022-01-22 08:03:13.502799,0.0,0.0,0.0
2022-01-22 08:03:14.001045,0.0,0.0,0.0
2022-01-22 08:03:14.506571,0.0,0.0,0.0
2022-01-22 08:03:15.005964,0.0,0.0,0.0
2022-01-22 08:03:15.510825,0.0,0.0,0.0
2022-01-22 08:03:16.009784,0.0,0.0,0.0
2022-01-22 08:03:16.506802,0.0,0.0,0.0
2022-01-22 08:03:17.003845,0.0,0.0,0.0
2022-01-22 08:03:17.509924,0.0,0.0,0.0
2022-01-22 08:03:18.007952,0.0,0.0,0.0
2022-01-22 08:03:18.503927,0.0,0.0,0.0
2022-01-22 08:03:19.002520,0.0,0.0,0.0
2022-01-22 08:03:19.510396,0.0,0.0,0.0
2022-01-22 08:03:20.008190,0.0,0.0,0.0
2022-01-22 08:03:20.503849,0.0,0.0,0.0
2022-01-22 08:03:21.003468,0.0,0.0,0.0
2022-01-22 08:03:21.508201,0.0,0.0,0.0
2022-01-22 08:03:22.007431,0.0,0.0,0.0
2022-01-22 08:03:22.502436,0.0,0.0,0.0
2022-01-22 08:03:23.505270,0.0,0.0,0.0
2022-01-22 08:03:24.002798,0.0,0.0,0.0
2022-01-22 08:03:24.510724,0.0,0.0,0.0
2022-01-22 08:03:25.008269,0.0,0.0,0.0
2022-01-22 08:03:25.503169,0.0,0.0,0.0
2022-01-22 08:03:26.001044,0.0,0.0,0.0
2022-01-22 08:03:26.507441,0.0,0.0,0.0
2022-01-22 08:03:27.007009,0.0,0.0,0.0
2022-01-22 08:03:28.004756,0.0,0.0,0.0
2022-01-22 08:03:28.510214,0.0,0.0,0.0
2022-01-22 08:03:29.010675,0.0,0.0,0.0
2022-01-22 08:03:29.507747,0.0,0.0,0.0
2022-01-22 08:03:30.006521,0.0,0.0,0.0
2022-01-22 08:03:30.502477,0.0,0.0,0.0
2022-01-22 08:03:31.010789,0.0,0.0,0.0
2022-01-22 08:03:31.505795,0.0,0.0,0.0
2022-01-22 08:03:32.004948,0.0,0.0,0.0
2022-01-22 08:03:32.501242,0.0,0.0,0.0
2022-01-22 08:03:33.010269,0.0,0.0,0.0
2022-01-22 08:03:33.507447,0.0,0.0,0.0
2022-01-22 08:03:34.005189,0.0,0.0,0.0
2022-01-22 08:03:34.502165,0.0,0.0,0.0
2022-01-22 08:03:35.009976,0.0,0.0,0.0
2022-01-22 08:03:35.506597,0.0,0.0,0.0
2022-01-22 08:03:36.004608,0.0,0.0,0.0
2022-01-22 08:03:36.511285,0.0,0.0,0.0
2022-01-22 08:03:37.009857,0.0,0.0,0.0
2022-01-22 08:03:37.504414,0.0,0.0,0.0
2022-01-22 08:03:38.004687,0.0,0.0,0.0
2022-01-22 08:03:38.509196,0.0,0.0,0.0
2022-01-22 08:03:39.006880,0.0,0.0,0.0
2022-01-22 08:03:39.502441,0.0,0.0,0.0
2022-01-22 08:03:40.010809,0.0,0.0,0.0
2022-01-22 08:03:40.505552,0.0,0.0,0.0
2022-01-22 08:03:41.003102,0.0,0.0,0.0
2022-01-22 08:03:41.508891,0.0,0.0,0.0
2022-01-22 08:03:42.007650,0.0,0.0,0.0
2022-01-22 08:03:42.504631,0.0,0.0,0.0
2022-01-22 08:03:43.009935,0.0,0.0,0.0
2022-01-22 08:03:43.506117,0.0,0.0,0.0
2022-01-22 08:03:44.003290,0.0,0.0,0.0
2022-01-22 08:03:44.508964,0.0,0.0,0.0
2022-01-22 08:03:45.007917,0.0,0.0,0.0
2022-01-22 08:03:45.503273,0.0,0.0,0.0
2022-01-22 08:03:46.002302,0.0,0.0,0.0
2022-01-22 08:03:46.507894,0.0,0.0,0.0
2022-01-22 08:03:47.005679,0.0,0.0,0.0
2022-01-22 08:03:47.504925,0.0,0.0,0.0
2022-01-22 08:03:48.002323,0.0,0.0,0.0
2022-01-22 08:03:48.506292,0.0,0.0,0.0
2022-01-22 08:03:49.004873,0.0,0.0,0.0
2022-01-22 08:03:49.509950,0.0,0.0,0.0
2022-01-22 08:03:50.008405,0.0,0.0,0.0
2022-01-22 08:03:50.504343,0.0,0.0,0.0
2022-01-22 08:03:51.001760,0.0,0.0,0.0
2022-01-22 08:03:51.509151,0.0,0.0,0.0
2022-01-22 08:03:52.007266,0.0,0.0,0.0
2022-01-22 08:03:52.503082,0.0,0.0,0.0
2022-01-22 08:03:53.010816,0.0,0.0,0.0
2022-01-22 08:03:53.507399,0.0,0.0,0.0
2022-01-22 08:03:54.006332,0.0,0.0,0.0
2022-01-22 08:03:54.502327,0.0,0.0,0.0
2022-01-22 08:03:55.010471,0.0,0.0,0.0
2022-01-22 08:03:55.506322,0.0,0.0,0.0
2022-01-22 08:03:56.006433,0.0,0.0,0.0
2022-01-22 08:03:56.502203,0.0,0.0,0.0
2022-01-22 08:03:57.005452,0.0,0.0,0.0
2022-01-22 08:03:57.501319,0.0,0.0,0.0
2022-01-22 08:03:58.009751,0.0,0.0,0.0
2022-01-22 08:03:58.506379,0.0,0.0,0.0
2022-01-22 08:03:59.003195,0.0,0.0,0.0
2022-01-22 08:03:59.509214,0.0,0.0,0.0
2022-01-22 08:04:00.007377,0.0,0.0,0.0
2022-01-22 08:04:00.502306,0.0,0.0,0.0
2022-01-22 08:04:01.010015,0.0,0.0,0.0
2022-01-22 08:04:01.505655,0.0,0.0,0.0
2022-01-22 08:04:02.003186,0.0,0.0,0.0
2022-01-22 08:04:02.507452,0.0,0.0,0.0
2022-01-22 08:04:03.005176,0.0,0.0,0.0
2022-01-22 08:04:03.510617,0.0,0.0,0.0
2022-01-22 08:04:04.008199,0.0,0.0,0.0
2022-01-22 08:04:04.504999,0.0,0.0,0.0
2022-01-22 08:04:05.003819,0.0,0.0,0.0
2022-01-22 08:04:05.509822,0.0,0.0,0.0
2022-01-22 08:04:06.006197,0.0,0.0,0.0
2022-01-22 08:04:06.510978,0.0,0.0,0.0
2022-01-22 08:04:07.009501,0.0,0.0,0.0
2022-01-22 08:04:07.506585,0.0,0.0,0.0
2022-01-22 08:04:08.004422,0.0,0.0,0.0
2022-01-22 08:04:09.005080,0.0,0.0,0.0
2022-01-22 08:04:09.509725,0.0,0.0,0.0
2022-01-22 08:04:10.007446,0.0,0.0,0.0
2022-01-22 08:04:10.502722,0.0,0.0,0.0
2022-01-22 08:04:11.007267,0.0,0.0,0.0
2022-01-22 08:04:11.503334,0.0,0.0,0.0
2022-01-22 08:04:12.004360,0.0,0.0,0.0
2022-01-22 08:04:12.509728,0.0,0.0,0.0
2022-01-22 08:04:13.007149,0.0,0.0,0.0
2022-01-22 08:04:13.501754,0.0,0.0,0.0
2022-01-22 08:04:14.011091,0.0,0.0,0.0
2022-01-22 08:04:14.508405,0.0,0.0,0.0
2022-01-22 08:04:15.006454,0.0,0.0,0.0
2022-01-22 08:04:15.501172,0.0,0.0,0.0
2022-01-22 08:04:16.009808,0.0,0.0,0.0
2022-01-22 08:04:16.505757,0.0,0.0,0.0
2022-01-22 08:04:17.004066,0.0,0.0,0.0
2022-01-22 08:04:17.510864,0.0,0.0,0.0
2022-01-22 08:04:18.009809,0.0,0.0,0.0
2022-01-22 08:04:18.505082,0.0,0.0,0.0
2022-01-22 08:04:19.004321,0.0,0.0,0.0
2022-01-22 08:04:19.509874,0.0,0.0,0.0
2022-01-22 08:04:20.010056,0.0,0.0,0.0
2022-01-22 08:04:20.505114,0.0,0.0,0.0
2022-01-22 08:04:21.003457,0.0,0.0,0.0
2022-01-22 08:04:21.509053,0.0,0.0,0.0
2022-01-22 08:04:22.007830,0.0,0.0,0.0
2022-01-22 08:04:22.503173,0.0,0.0,0.0
2022-01-22 08:04:23.002118,0.0,0.0,0.0
2022-01-22 08:04:23.506672,0.0,0.0,0.0
2022-01-22 08:04:24.003973,0.0,0.0,0.0
2022-01-22 08:04:24.510983,0.0,0.0,0.0
2022-01-22 08:04:25.008454,0.0,0.0,0.0
2022-01-22 08:04:25.503921,0.0,0.0,0.0
2022-01-22 08:04:26.001758,0.0,0.0,0.0
2022-01-22 08:04:26.507302,0.0,0.0,0.0
2022-01-22 08:04:27.006355,0.0,0.0,0.0
2022-01-22 08:04:27.503403,0.0,0.0,0.0
2022-01-22 08:04:28.001790,0.0,0.0,-0.03864
2022-01-22 08:04:28.506165,0.0,0.0,-0.03864
2022-01-22 08:04:29.003331,0.0,0.0,0.0
2022-01-22 08:04:29.509758,0.0,0.0,0.0
2022-01-22 08:04:30.007678,0.0,0.0,0.0
2022-01-22 08:04:30.504977,0.0,0.0,0.0
2022-01-22 08:04:31.002744,0.0,0.0,0.0
2022-01-22 08:04:31.503312,0.0,0.0,0.0
2022-01-22 08:04:32.007135,0.0,0.0,0.0
2022-01-22 08:04:32.503609,0.0,0.0,0.0
2022-01-22 08:04:33.001799,0.0,0.0,0.0
2022-01-22 08:04:33.507866,0.0,0.0,0.0
2022-01-22 08:04:34.007423,0.0,0.0,0.0
2022-01-22 08:04:34.501233,0.0,0.0,0.0
2022-01-22 08:04:35.009553,0.0,0.0,0.0
2022-01-22 08:04:35.504173,0.0,0.0,0.0
2022-01-22 08:04:36.001898,0.0,0.0,0.0
2022-01-22 08:04:36.502870,0.0,0.0,0.0
2022-01-22 08:04:37.002333,0.0,0.0,0.0
2022-01-22 08:04:37.507614,0.0,0.0,0.0
2022-01-22 08:04:38.007823,0.0,0.0,0.0
2022-01-22 08:04:38.502732,0.0,0.0,0.0
2022-01-22 08:04:39.009559,0.0,0.0,0.0
2022-01-22 08:04:39.504915,0.0,0.0,0.0
2022-01-22 08:04:40.003735,0.0,0.0,0.0
2022-01-22 08:04:40.508671,0.0,0.0,0.0
2022-01-22 08:04:41.007421,0.0,0.0,0.0
2022-01-22 08:04:41.504954,0.0,0.0,0.0
2022-01-22 08:04:42.002936,0.0,0.0,0.0
2022-01-22 08:04:42.508186,0.0,0.0,0.0
2022-01-22 08:04:43.005876,0.0,0.0,0.0
2022-01-22 08:04:43.501153,0.0,0.0,0.0
2022-01-22 08:04:44.008512,0.0,0.0,0.0
2022-01-22 08:04:44.503285,0.0,0.0,0.0
2022-01-22 08:04:45.002182,0.0,0.0,0.0
2022-01-22 08:04:45.501155,0.0,0.0,0.0
2022-01-22 08:04:46.009856,0.0,0.0,0.0
2022-01-22 08:04:46.507212,0.0,0.0,0.0
2022-01-22 08:04:47.005148,0.0,0.0,0.0
2022-01-22 08:04:47.509871,0.0,0.0,0.0
2022-01-22 08:04:48.007762,0.0,0.0,0.0
2022-01-22 08:04:48.503571,0.0,0.0,0.0
2022-01-22 08:04:49.010977,0.0,0.0,0.03864
2022-01-22 08:04:49.507331,0.0,0.0,0.03864
2022-01-22 08:04:50.007056,0.0,0.0,-0.03864
2022-01-22 08:04:50.501129,0.0,0.0,-0.03864
2022-01-22 08:04:51.010816,0.0,0.0,0.03864
2022-01-22 08:04:51.506717,0.0,0.0,0.03864
2022-01-22 08:04:52.005120,0.0,0.0,-0.03864
2022-01-22 08:04:52.501011,0.0,0.0,-0.03864
2022-01-22 08:04:53.009323,0.0,0.0,0.0
2022-01-22 08:04:53.505444,0.0,0.0,0.0
2022-01-22 08:04:54.003561,0.0,0.0,0.03864
2022-01-22 08:04:55.005165,0.0,0.0,-0.03864
2022-01-22 08:04:55.509960,0.0,0.0,-0.03864
2022-01-22 08:04:56.008121,0.0,0.0,0.0
2022-01-22 08:04:56.503302,0.0,0.0,0.0
2022-01-22 08:04:57.003896,0.0,0.0,0.0
2022-01-22 08:04:57.503017,0.0,0.0,0.0
2022-01-22 08:04:58.004446,0.0,0.0,0.0
2022-01-22 08:04:58.502996,0.0,0.0,0.0
2022-01-22 08:04:59.005332,0.0,0.0,0.0
2022-01-22 08:04:59.509348,0.0,0.0,0.0
2022-01-22 08:05:00.001564,0.0,0.0,0.0
2022-01-22 08:05:01.006151,0.0,0.0,0.0
2022-01-22 08:05:01.501507,0.0,0.0,0.0
2022-01-22 08:05:02.002238,0.0,0.0,0.03864
2022-01-22 08:05:02.507335,0.0,0.0,0.03864
2022-01-22 08:05:03.004851,0.0,0.0,-0.03864
2022-01-22 08:05:03.510553,0.0,0.0,-0.03864
2022-01-22 08:05:04.009677,0.0,0.0,-0.03864
2022-01-22 08:05:04.505052,0.0,0.0,-0.03864
2022-01-22 08:05:05.003233,0.0,0.0,0.0
2022-01-22 08:05:05.509069,0.0,0.0,0.0
2022-01-22 08:05:06.008127,0.0,0.0,0.0
2022-01-22 08:05:06.502669,0.0,0.0,0.0
2022-01-22 08:05:07.009217,0.0,0.0,0.0
2022-01-22 08:05:07.503306,0.0,0.0,0.0
2022-01-22 08:05:08.001809,0.0,0.0,0.0
2022-01-22 08:05:08.511205,0.0,0.0,0.0
2022-01-22 08:05:09.010171,0.0,0.0,0.0
2022-01-22 08:05:09.505322,0.0,0.0,0.0
2022-01-22 08:05:10.003485,0.0,0.0,0.03864
2022-01-22 08:05:10.508226,0.0,0.0,0.03864
2022-01-22 08:05:11.001474,0.0,0.0,-0.03864
2022-01-22 08:05:11.505764,0.0,0.0,-0.03864
2022-01-22 08:05:12.003903,0.0,0.0,0.0
2022-01-22 08:05:12.507391,0.0,0.0,0.0
2022-01-22 08:05:13.007839,0.0,0.0,0.0
2022-01-22 08:05:13.503448,0.0,0.0,0.0
2022-01-22 08:05:14.002475,0.0,0.0,0.0
2022-01-22 08:05:14.508991,0.0,0.0,0.0
2022-01-22 08:05:15.007477,0.0,0.0,0.0
2022-01-22 08:05:15.502391,0.0,0.0,0.0
2022-01-22 08:05:16.010870,0.0,0.0,0.0
2022-01-22 08:05:16.506479,0.0,0.0,0.0
2022-01-22 08:05:17.004042,0.0,0.0,0.0
2022-01-22 08:05:17.502186,0.0,0.0,0.0
2022-01-22 08:05:18.010697,0.0,0.0,0.0
2022-01-22 08:05:18.507103,0.0,0.0,0.0
2022-01-22 08:05:19.005768,0.0,0.0,0.0
2022-01-22 08:05:19.501329,0.0,0.0,0.0
2022-01-22 08:05:20.009537,0.0,0.0,0.0
2022-01-22 08:05:20.506103,0.0,0.0,0.0
2022-01-22 08:05:21.003796,0.0,0.0,0.0
2022-01-22 08:05:21.501786,0.0,0.0,0.0
2022-01-22 08:05:22.001665,0.0,0.0,0.0
2022-01-22 08:05:22.507739,0.0,0.0,0.0
2022-01-22 08:05:23.006170,0.0,0.0,0.0
2022-01-22 08:05:23.502235,0.0,0.0,0.0
2022-01-22 08:05:24.010085,0.0,0.0,0.0
2022-01-22 08:05:24.504569,0.0,0.0,0.0
2022-01-22 08:05:25.010621,0.0,0.0,0.0
2022-01-22 08:05:25.506300,0.0,0.0,0.0
2022-01-22 08:05:26.005211,0.0,0.0,0.0
2022-01-22 08:05:26.510692,0.0,0.0,0.0
2022-01-22 08:05:27.007142,0.0,0.0,0.0
2022-01-22 08:05:27.502651,0.0,0.0,0.0
2022-01-22 08:05:28.001028,0.0,0.0,0.0
2022-01-22 08:05:28.507332,0.0,0.0,0.0
2022-01-22 08:05:29.004818,0.0,0.0,0.0
2022-01-22 08:05:29.510560,0.0,0.0,0.0
2022-01-22 08:05:30.007313,0.0,0.0,0.0
2022-01-22 08:05:30.504205,0.0,0.0,0.0
2022-01-22 08:05:31.002708,0.0,0.0,0.0
2022-01-22 08:05:31.509818,0.0,0.0,0.0
2022-01-22 08:05:32.006982,0.0,0.0,0.0
2022-01-22 08:05:32.501166,0.0,0.0,0.0
2022-01-22 08:05:33.009493,0.0,0.0,0.0
2022-01-22 08:05:33.504952,0.0,0.0,0.0
2022-01-22 08:05:34.002868,0.0,0.0,0.0
2022-01-22 08:05:34.509669,0.0,0.0,0.0
2022-01-22 08:05:35.010162,0.0,0.0,0.0
2022-01-22 08:05:35.505417,0.0,0.0,0.0
2022-01-22 08:05:36.003388,0.0,0.0,0.0
2022-01-22 08:05:36.509143,0.0,0.0,0.0
2022-01-22 08:05:37.007410,0.0,0.0,0.0
2022-01-22 08:05:37.502584,0.0,0.0,0.0
2022-01-22 08:05:38.010768,0.0,0.0,0.0
2022-01-22 08:05:38.508547,0.0,0.0,0.0
2022-01-22 08:05:39.007530,0.0,0.0,0.0
2022-01-22 08:05:39.504671,0.0,0.0,0.0
2022-01-22 08:05:40.002381,0.0,0.0,0.0
2022-01-22 08:05:40.508701,0.0,0.0,0.0
2022-01-22 08:05:41.006202,0.0,0.0,0.0
2022-01-22 08:05:41.501665,0.0,0.0,0.0
2022-01-22 08:05:42.010291,0.0,0.0,0.0
2022-01-22 08:05:42.504898,0.0,0.0,0.0
2022-01-22 08:05:43.002821,0.0,0.0,0.0
2022-01-22 08:05:43.508851,0.0,0.0,0.0
2022-01-22 08:05:44.009078,0.0,0.0,0.0
2022-01-22 08:05:44.505898,0.0,0.0,0.0
2022-01-22 08:05:45.004033,0.0,0.0,0.0
2022-01-22 08:05:45.508628,0.0,0.0,0.0
2022-01-22 08:05:46.006024,0.0,0.0,0.0
2022-01-22 08:05:46.510478,0.0,0.0,0.0
2022-01-22 08:05:47.007950,0.0,0.0,0.0
2022-01-22 08:05:47.503708,0.0,0.0,0.0
2022-01-22 08:05:48.002182,0.0,0.0,0.0
2022-01-22 08:05:48.510212,0.0,0.0,0.0
2022-01-22 08:05:49.008324,0.0,0.0,0.0
2022-01-22 08:05:49.504487,0.0,0.0,0.0
2022-01-22 08:05:50.003138,0.0,0.0,0.0
2022-01-22 08:05:50.508897,0.0,0.0,0.0
2022-01-22 08:05:51.006220,0.0,0.0,0.0
2022-01-22 08:05:51.510962,0.0,0.0,0.0
2022-01-22 08:05:52.009174,0.0,0.0,0.0
2022-01-22 08:05:52.505401,0.0,0.0,0.0
2022-01-22 08:05:53.006635,0.0,0.0,0.0
2022-01-22 08:05:53.502376,0.0,0.0,0.0
2022-01-22 08:05:54.010693,0.0,0.0,0.0
2022-01-22 08:05:54.505328,0.0,0.0,0.0
2022-01-22 08:05:55.003968,0.0,0.0,0.0
2022-01-22 08:05:55.509248,0.0,0.0,0.0
2022-01-22 08:05:56.007659,0.0,0.0,0.0
2022-01-22 08:05:56.502625,0.0,0.0,0.0
2022-01-22 08:05:57.010315,0.0,0.0,0.0
2022-01-22 08:05:57.502364,0.0,0.0,0.0
2022-01-22 08:05:58.505107,0.0,0.0,0.0
2022-01-22 08:05:59.003091,0.0,0.0,0.0
2022-01-22 08:05:59.509081,0.0,0.0,0.0
2022-01-22 08:06:00.006008,0.0,0.0,0.0
2022-01-22 08:06:00.509829,0.0,0.0,0.0
2022-01-22 08:06:01.009372,0.0,0.0,0.0
2022-01-22 08:06:01.505050,0.0,0.0,0.0
2022-01-22 08:06:02.004115,0.0,0.0,0.0
2022-01-22 08:06:02.509817,0.0,0.0,0.0
2022-01-22 08:06:03.008790,0.0,0.0,0.0
2022-01-22 08:06:03.504478,0.0,0.0,0.0
2022-01-22 08:06:04.003662,0.0,0.0,0.0
2022-01-22 08:06:04.509320,0.0,0.0,0.0
2022-01-22 08:06:05.007617,0.0,0.0,0.0
2022-01-22 08:06:05.503785,0.0,0.0,0.0
2022-01-22 08:06:06.003288,0.0,0.0,0.0
2022-01-22 08:06:06.509088,0.0,0.0,0.0
2022-01-22 08:06:07.007606,0.0,0.0,0.0
2022-01-22 08:06:07.502352,0.0,0.0,0.0
2022-01-22 08:06:08.010968,0.0,0.0,0.0
2022-01-22 08:06:08.507601,0.0,0.0,0.0
2022-01-22 08:06:09.007948,0.0,0.0,0.0
2022-01-22 08:06:09.506051,0.0,0.0,0.0
2022-01-22 08:06:10.005486,0.0,0.0,0.0
2022-01-22 08:06:10.510370,0.0,0.0,0.0
2022-01-22 08:06:11.009976,0.0,0.0,0.0
2022-01-22 08:06:11.506642,0.0,0.0,0.0
2022-01-22 08:06:12.004661,0.0,0.0,0.0
2022-01-22 08:06:12.511655,0.0,0.0,0.0
2022-01-22 08:06:13.010547,0.0,0.0,0.0
2022-01-22 08:06:13.505911,0.0,0.0,0.0
2022-01-22 08:06:14.005980,0.0,0.0,0.0
2022-01-22 08:06:14.504519,0.0,0.0,0.0
2022-01-22 08:06:15.003452,0.0,0.0,0.0
2022-01-22 08:06:15.509997,0.0,0.0,0.0
2022-01-22 08:06:16.007744,0.0,0.0,0.0
2022-01-22 08:06:16.504552,0.0,0.0,0.0
2022-01-22 08:06:17.002967,0.0,0.0,0.0
2022-01-22 08:06:17.509181,0.0,0.0,0.0
2022-01-22 08:06:18.007932,0.0,0.0,0.0
2022-01-22 08:06:18.505260,0.0,0.0,0.0
2022-01-22 08:06:19.005888,0.0,0.0,0.0
2022-01-22 08:06:19.510903,0.0,0.0,0.0
2022-01-22 08:06:20.009090,0.0,0.0,0.0
2022-01-22 08:06:20.504115,0.0,0.0,0.0
2022-01-22 08:06:21.003200,0.0,0.0,0.0
2022-01-22 08:06:21.508763,0.0,0.0,0.0
2022-01-22 08:06:22.007624,0.0,0.0,0.0
2022-01-22 08:06:22.502410,0.0,0.0,0.0
2022-01-22 08:06:23.001928,0.0,0.0,0.0
2022-01-22 08:06:23.508237,0.0,0.0,0.0
2022-01-22 08:06:24.006205,0.0,0.0,0.0
2022-01-22 08:06:24.502836,0.0,0.0,0.0
2022-01-22 08:06:25.010772,0.0,0.0,0.0
2022-01-22 08:06:25.507420,0.0,0.0,0.0
2022-01-22 08:06:26.005909,0.0,0.0,0.0
2022-01-22 08:06:26.501942,0.0,0.0,0.0
2022-01-22 08:06:27.009714,0.0,0.0,0.0
2022-01-22 08:06:27.506723,0.0,0.0,0.0
2022-01-22 08:06:28.011801,0.0,0.0,0.0
2022-01-22 08:06:28.507179,0.0,0.0,0.0
2022-01-22 08:06:29.004264,0.0,0.0,0.0
2022-01-22 08:06:29.509087,0.0,0.0,0.0
2022-01-22 08:06:30.007697,0.0,0.0,0.0
2022-01-22 08:06:30.503055,0.0,0.0,0.0
2022-01-22 08:06:31.011161,0.0,0.0,0.0
2022-01-22 08:06:31.505185,0.0,0.0,0.0
2022-01-22 08:06:32.003054,0.0,0.0,0.0
2022-01-22 08:06:32.510383,0.0,0.0,0.0
2022-01-22 08:06:33.009268,0.0,0.0,0.0
2022-01-22 08:06:33.504934,0.0,0.0,0.0
2022-01-22 08:06:34.003823,0.0,0.0,0.0
2022-01-22 08:06:34.509541,0.0,0.0,0.0
2022-01-22 08:06:35.006967,0.0,0.0,0.0
2022-01-22 08:06:36.005630,0.0,0.0,0.0
2022-01-22 08:06:36.502493,0.0,0.0,0.0
2022-01-22 08:06:37.009549,0.0,0.0,0.0
2022-01-22 08:06:37.505461,0.0,0.0,0.0
2022-01-22 08:06:38.004164,0.0,0.0,0.0
2022-01-22 08:06:38.508678,0.0,0.0,0.0
2022-01-22 08:06:39.006908,0.0,0.0,0.0
2022-01-22 08:06:40.005460,0.0,0.0,0.0
2022-01-22 08:06:40.510427,0.0,0.0,0.0
2022-01-22 08:06:41.007904,0.0,0.0,0.0
2022-01-22 08:06:41.502764,0.0,0.0,0.0
2022-01-22 08:06:42.001744,0.0,0.0,0.0
2022-01-22 08:06:42.508620,0.0,0.0,0.0
2022-01-22 08:06:43.005433,0.0,0.0,0.0
2022-01-22 08:06:43.510754,0.0,0.0,0.0
2022-01-22 08:06:44.008640,0.0,0.0,0.0
2022-01-22 08:06:44.502949,0.0,0.0,0.0
2022-01-22 08:06:45.002564,0.0,0.0,0.0
2022-01-22 08:06:45.506711,0.0,0.0,0.0
2022-01-22 08:06:46.004063,0.0,0.0,0.0
2022-01-22 08:06:46.510811,0.0,0.0,0.0
2022-01-22 08:06:47.007737,0.0,0.0,0.0
2022-01-22 08:06:47.503233,0.0,0.0,0.0
2022-01-22 08:06:48.001648,0.0,0.0,0.0
2022-01-22 08:06:48.508131,0.0,0.0,0.0
2022-01-22 08:06:49.006958,0.0,0.0,0.0
2022-01-22 08:06:49.502956,0.0,0.0,0.0
2022-01-22 08:06:50.002204,0.0,0.0,0.0
2022-01-22 08:06:50.509722,0.0,0.0,0.0
2022-01-22 08:06:51.008550,0.0,0.0,0.0
2022-01-22 08:06:51.504170,0.0,0.0,0.0
2022-01-22 08:06:52.010854,0.0,0.0,0.0
2022-01-22 08:06:52.504638,0.0,0.0,0.0
2022-01-22 08:06:53.002734,0.0,0.0,0.0
2022-01-22 08:06:53.509938,0.0,0.0,0.0
2022-01-22 08:06:54.006597,0.0,0.0,0.0
2022-01-22 08:06:54.502724,0.0,0.0,0.0
2022-01-22 08:06:55.010746,0.0,0.0,0.07822
2022-01-22 08:06:55.509024,0.0,0.0,0.07822
2022-01-22 08:06:56.007694,0.0,0.0,-0.03864
2022-01-22 08:06:56.501858,0.0,0.0,-0.03864
2022-01-22 08:06:57.003069,0.0,0.0,-0.03864
2022-01-22 08:06:57.501713,0.0,0.0,-0.03864
2022-01-22 08:06:58.010169,0.0,0.0,-0.03864
2022-01-22 08:06:58.505864,0.0,0.0,-0.03864
2022-01-22 08:06:59.004096,0.0,0.0,-0.03864
2022-01-22 08:06:59.509803,0.0,0.0,-0.03864
2022-01-22 08:07:00.002253,0.0,0.0,0.03864
2022-01-22 08:07:00.506488,0.0,0.0,0.03864
2022-01-22 08:07:01.005480,0.0,0.0,-0.03864
2022-01-22 08:07:01.501504,0.0,0.0,-0.03864
2022-01-22 08:07:02.008525,0.0,0.0,0.0
2022-01-22 08:07:02.503838,0.0,0.0,0.0
2022-01-22 08:07:03.000980,0.0,0.0,-0.03864
2022-01-22 08:07:03.507236,0.0,0.0,-0.03864
2022-01-22 08:07:04.006232,0.0,0.0,0.0
2022-01-22 08:07:04.502117,0.0,0.0,0.0
2022-01-22 08:07:05.001026,0.0,0.0,0.0
2022-01-22 08:07:05.505172,0.0,0.0,0.0
2022-01-22 08:07:06.003123,0.0,0.0,0.0
2022-01-22 08:07:06.509010,0.0,0.0,0.0
2022-01-22 08:07:07.007044,0.0,0.0,0.0
2022-01-22 08:07:07.502944,0.0,0.0,0.0
2022-01-22 08:07:08.001292,0.0,0.0,0.0
2022-01-22 08:07:08.508212,0.0,0.0,0.0
2022-01-22 08:07:09.006607,0.0,0.0,0.0
2022-01-22 08:07:09.503519,0.0,0.0,0.0
2022-01-22 08:07:10.001969,0.0,0.0,0.0
2022-01-22 08:07:10.506608,0.0,0.0,0.0
2022-01-22 08:07:11.001256,0.0,0.0,0.0
2022-01-22 08:07:11.506187,0.0,0.0,0.0
2022-01-22 08:07:12.003185,0.0,0.0,0.0
2022-01-22 08:07:13.005527,0.0,0.0,0.0
2022-01-22 08:07:13.501428,0.0,0.0,0.0
2022-01-22 08:07:14.009244,0.0,0.0,0.0
2022-01-22 08:07:14.504543,0.0,0.0,0.0
2022-01-22 08:07:15.003333,0.0,0.0,0.0
2022-01-22 08:07:15.502892,0.0,0.0,0.0
2022-01-22 08:07:16.504677,0.0,0.0,0.0
2022-01-22 08:07:17.003243,0.0,0.0,-0.03864
2022-01-22 08:07:17.507703,0.0,0.0,-0.03864
2022-01-22 08:07:18.006782,0.0,0.0,0.0
2022-01-22 08:07:18.501200,0.0,0.0,0.0
2022-01-22 08:07:19.504985,0.0,0.0,0.0
2022-01-22 08:07:20.001961,0.0,0.0,0.0
2022-01-22 08:07:20.507738,0.0,0.0,0.0
2022-01-22 08:07:21.005618,0.0,0.0,0.0
2022-01-22 08:07:21.510588,0.0,0.0,0.0
2022-01-22 08:07:22.008481,0.0,0.0,-0.03864
2022-01-22 08:07:22.509570,0.0,0.0,-0.03864
2022-01-22 08:07:23.009535,0.0,0.0,0.0
2022-01-22 08:07:23.506061,0.0,0.0,0.0
2022-01-22 08:07:24.003276,0.0,0.0,0.0
2022-01-22 08:07:24.509722,0.0,0.0,0.0
2022-01-22 08:07:25.007856,0.0,0.0,0.0
2022-01-22 08:07:25.502182,0.0,0.0,0.0
2022-01-22 08:07:26.009935,0.0,0.0,0.0
2022-01-22 08:07:26.506783,0.0,0.0,0.0
2022-01-22 08:07:27.005923,0.0,0.0,0.0
2022-01-22 08:07:27.504041,0.0,0.0,0.0
2022-01-22 08:07:28.003276,0.0,0.0,0.0
2022-01-22 08:07:28.509682,0.0,0.0,0.0
2022-01-22 08:07:29.008482,0.0,0.0,0.0
2022-01-22 08:07:29.502800,0.0,0.0,0.0
2022-01-22 08:07:30.010853,0.0,0.0,0.0
2022-01-22 08:07:30.506237,0.0,0.0,0.0
2022-01-22 08:07:31.003917,0.0,0.0,0.0
2022-01-22 08:07:31.509228,0.0,0.0,0.0
2022-01-22 08:07:32.008668,0.0,0.0,0.0
2022-01-22 08:07:32.503643,0.0,0.0,0.0
2022-01-22 08:07:33.003514,0.0,0.0,0.0
2022-01-22 08:07:33.509414,0.0,0.0,0.0
2022-01-22 08:07:34.007463,0.0,0.0,0.0
2022-01-22 08:07:34.502201,0.0,0.0,0.0
2022-01-22 08:07:35.010783,0.0,0.0,0.0
2022-01-22 08:07:35.506009,0.0,0.0,0.0
2022-01-22 08:07:36.002766,0.0,0.0,0.0
2022-01-22 08:07:36.510732,0.0,0.0,0.0
2022-01-22 08:07:37.008592,0.0,0.0,0.0
2022-01-22 08:07:37.501898,0.0,0.0,0.0
2022-01-22 08:07:38.010121,0.0,0.0,0.0
2022-01-22 08:07:38.506655,0.0,0.0,0.0
2022-01-22 08:07:39.004381,0.0,0.0,0.0
2022-01-22 08:07:39.503562,0.0,0.0,0.0
2022-01-22 08:07:40.004032,0.0,0.0,0.0
2022-01-22 08:07:40.510860,0.0,0.0,0.0
2022-01-22 08:07:41.010852,0.0,0.0,0.0
2022-01-22 08:07:41.505079,0.0,0.0,0.0
2022-01-22 08:07:42.004257,0.0,0.0,0.0
2022-01-22 08:07:42.509658,0.0,0.0,0.0
2022-01-22 08:07:43.007954,0.0,0.0,0.0
2022-01-22 08:07:43.503204,0.0,0.0,0.0
2022-01-22 08:07:44.010809,0.0,0.0,0.0
2022-01-22 08:07:44.505418,0.0,0.0,0.0
2022-01-22 08:07:45.002475,0.0,0.0,0.0
2022-01-22 08:07:45.507607,0.0,0.0,0.0
2022-01-22 08:07:46.005979,0.0,0.0,0.0
2022-01-22 08:07:46.504435,0.0,0.0,0.0
2022-01-22 08:07:47.003297,0.0,0.0,0.0
2022-01-22 08:07:47.509141,0.0,0.0,0.0
2022-01-22 08:07:48.007076,0.0,0.0,0.0
2022-01-22 08:07:48.502261,0.0,0.0,0.0
2022-01-22 08:07:49.010639,0.0,0.0,0.0
2022-01-22 08:07:49.506219,0.0,0.0,0.0
2022-01-22 08:07:50.003103,0.0,0.0,0.0
2022-01-22 08:07:50.509730,0.0,0.0,0.0
2022-01-22 08:07:51.008974,0.0,0.0,0.0
2022-01-22 08:07:51.503536,0.0,0.0,0.0
2022-01-22 08:07:52.001447,0.0,0.0,0.0
2022-01-22 08:07:52.509977,0.0,0.0,0.0
2022-01-22 08:07:53.007493,0.0,0.0,0.0
2022-01-22 08:07:53.505121,0.0,0.0,0.0
2022-01-22 08:07:54.003659,0.0,0.0,0.0
2022-01-22 08:07:54.508619,0.0,0.0,0.0
2022-01-22 08:07:55.007482,0.0,0.0,0.0
2022-01-22 08:07:55.502488,0.0,0.0,0.0
2022-01-22 08:07:56.010328,0.0,0.0,0.0
2022-01-22 08:07:56.505139,0.0,0.0,0.0
2022-01-22 08:07:57.002967,0.0,0.0,0.0
2022-01-22 08:07:57.510785,0.0,0.0,0.0
2022-01-22 08:07:58.009091,0.0,0.0,0.0
2022-01-22 08:07:58.503908,0.0,0.0,0.0
2022-01-22 08:07:59.003373,0.0,0.0,0.0
2022-01-22 08:07:59.511063,0.0,0.0,0.0
2022-01-22 08:08:00.009614,0.0,0.0,0.0
2022-01-22 08:08:00.508747,0.0,0.0,0.0
2022-01-22 08:08:01.006655,0.0,0.0,0.0
2022-01-22 08:08:01.503547,0.0,0.0,0.0
2022-01-22 08:08:02.002294,0.0,0.0,0.0
2022-01-22 08:08:02.507733,0.0,0.0,0.0
2022-01-22 08:08:03.006284,0.0,0.0,0.0
2022-01-22 08:08:03.505077,0.0,0.0,0.0
2022-01-22 08:08:04.003207,0.0,0.0,0.0
2022-01-22 08:08:04.508273,0.0,0.0,0.0
2022-01-22 08:08:05.006522,0.0,0.0,0.0
2022-01-22 08:08:05.502486,0.0,0.0,0.0
2022-01-22 08:08:06.010134,0.0,0.0,0.0
2022-01-22 08:08:06.505147,0.0,0.0,0.0
2022-01-22 08:08:07.003213,0.0,0.0,0.0
2022-01-22 08:08:07.508645,0.0,0.0,0.0
2022-01-22 08:08:08.008036,0.0,0.0,0.0
2022-01-22 08:08:08.504521,0.0,0.0,0.0
2022-01-22 08:08:09.005008,0.0,0.0,0.0
2022-01-22 08:08:09.510061,0.0,0.0,0.0
2022-01-22 08:08:10.007856,0.0,0.0,0.0
2022-01-22 08:08:10.504409,0.0,0.0,0.0
2022-01-22 08:08:11.009415,0.0,0.0,0.0
2022-01-22 08:08:11.504621,0.0,0.0,0.0
2022-01-22 08:08:12.003276,0.0,0.0,0.0
2022-01-22 08:08:12.509567,0.0,0.0,0.0
2022-01-22 08:08:13.006849,0.0,0.0,0.0
2022-01-22 08:08:13.502728,0.0,0.0,0.0
2022-01-22 08:08:14.001723,0.0,0.0,0.0
2022-01-22 08:08:14.507533,0.0,0.0,0.0
2022-01-22 08:08:15.006030,0.0,0.0,0.0
2022-01-22 08:08:15.510670,0.0,0.0,0.0
2022-01-22 08:08:16.009016,0.0,0.0,0.0
2022-01-22 08:08:16.505749,0.0,0.0,0.0
2022-01-22 08:08:17.003575,0.0,0.0,0.0
2022-01-22 08:08:17.509012,0.0,0.0,0.0
2022-01-22 08:08:18.006503,0.0,0.0,0.0
2022-01-22 08:08:18.501201,0.0,0.0,0.0
2022-01-22 08:08:19.009958,0.0,0.0,0.0
2022-01-22 08:08:19.507327,0.0,0.0,0.0
2022-01-22 08:08:20.006288,0.0,0.0,0.0
2022-01-22 08:08:20.501307,0.0,0.0,0.0
2022-01-22 08:08:21.011155,0.0,0.0,0.0
2022-01-22 08:08:21.506804,0.0,0.0,0.0
2022-01-22 08:08:22.005987,0.0,0.0,0.0
2022-01-22 08:08:22.510648,0.0,0.0,0.0
2022-01-22 08:08:23.008605,0.0,0.0,0.0
2022-01-22 08:08:23.502792,0.0,0.0,0.0
2022-01-22 08:08:24.002448,0.0,0.0,0.0
2022-01-22 08:08:24.507357,0.0,0.0,0.0
2022-01-22 08:08:25.006318,0.0,0.0,0.0
2022-01-22 08:08:25.503949,0.0,0.0,0.0
2022-01-22 08:08:26.001253,0.0,0.0,0.0
2022-01-22 08:08:26.506736,0.0,0.0,0.0
2022-01-22 08:08:27.004975,0.0,0.0,0.0
2022-01-22 08:08:27.501110,0.0,0.0,0.0
2022-01-22 08:08:28.010470,0.0,0.0,0.0
2022-01-22 08:08:28.505052,0.0,0.0,0.0
2022-01-22 08:08:29.003034,0.0,0.0,0.0
2022-01-22 08:08:29.508449,0.0,0.0,0.0
2022-01-22 08:08:30.007495,0.0,0.0,0.0
2022-01-22 08:08:30.504279,0.0,0.0,0.0
2022-01-22 08:08:31.002895,0.0,0.0,0.0
2022-01-22 08:08:31.506599,0.0,0.0,0.0
2022-01-22 08:08:32.005953,0.0,0.0,0.0
2022-01-22 08:08:33.005235,0.0,0.0,0.0
2022-01-22 08:08:33.501241,0.0,0.0,0.0
2022-01-22 08:08:34.009018,0.0,0.0,0.0
2022-01-22 08:08:34.507258,0.0,0.0,0.0
2022-01-22 08:08:35.005539,0.0,0.0,0.0
2022-01-22 08:08:35.502136,0.0,0.0,0.0
2022-01-22 08:08:36.010752,0.0,0.0,0.0
2022-01-22 08:08:36.506222,0.0,0.0,0.0
2022-01-22 08:08:37.003831,0.0,0.0,0.0
2022-01-22 08:08:37.510047,0.0,0.0,0.0
2022-01-22 08:08:38.009219,0.0,0.0,0.0
2022-01-22 08:08:38.504911,0.0,0.0,0.0
2022-01-22 08:08:39.003202,0.0,0.0,0.0
2022-01-22 08:08:39.502247,0.0,0.0,0.0
2022-01-22 08:08:40.010690,0.0,0.0,0.0
2022-01-22 08:08:40.506783,0.0,0.0,0.0
2022-01-22 08:08:41.004430,0.0,0.0,0.0
2022-01-22 08:08:41.508836,0.0,0.0,0.0
2022-01-22 08:08:42.006931,0.0,0.0,0.0
2022-01-22 08:08:42.506081,0.0,0.0,0.0
2022-01-22 08:08:43.004339,0.0,0.0,0.0
2022-01-22 08:08:43.510373,0.0,0.0,0.0
2022-01-22 08:08:44.010268,0.0,0.0,0.0
2022-01-22 08:08:44.504238,0.0,0.0,0.0
2022-01-22 08:08:45.002115,0.0,0.0,0.0
2022-01-22 08:08:45.506274,0.0,0.0,0.0
2022-01-22 08:08:46.004752,0.0,0.0,0.0
2022-01-22 08:08:46.510061,0.0,0.0,0.0
2022-01-22 08:08:47.007797,0.0,0.0,0.0
2022-01-22 08:08:47.503700,0.0,0.0,0.0
2022-01-22 08:08:48.001539,0.0,0.0,0.0
2022-01-22 08:08:48.510353,0.0,0.0,0.0
2022-01-22 08:08:49.007989,0.0,0.0,0.0
2022-01-22 08:08:49.503405,0.0,0.0,0.0
2022-01-22 08:08:50.001912,0.0,0.0,0.0
2022-01-22 08:08:50.507184,0.0,0.0,0.0
2022-01-22 08:08:51.006637,0.0,0.0,0.0
2022-01-22 08:08:51.502812,0.0,0.0,0.0
2022-01-22 08:08:52.002766,0.0,0.0,0.0
2022-01-22 08:08:52.508307,0.0,0.0,0.0
2022-01-22 08:08:53.006541,0.0,0.0,0.0
2022-01-22 08:08:53.502001,0.0,0.0,0.0
2022-01-22 08:08:54.010376,0.0,0.0,0.0
2022-01-22 08:08:54.506448,0.0,0.0,0.0
2022-01-22 08:08:55.004910,0.0,0.0,0.0
2022-01-22 08:08:55.501186,0.0,0.0,0.0
2022-01-22 08:08:56.008296,0.0,0.0,0.0
2022-01-22 08:08:56.503200,0.0,0.0,0.0
2022-01-22 08:08:57.002029,0.0,0.0,0.0
2022-01-22 08:08:57.508925,0.0,0.0,0.0
2022-01-22 08:08:58.006082,0.0,0.0,0.0
2022-01-22 08:08:58.510791,0.0,0.0,0.0
2022-01-22 08:08:59.010081,0.0,0.0,0.0
2022-01-22 08:08:59.505882,0.0,0.0,0.0
2022-01-22 08:09:00.004394,0.0,0.0,0.0
2022-01-22 08:09:00.509472,0.0,0.0,0.0
2022-01-22 08:09:01.007411,0.0,0.0,0.0
2022-01-22 08:09:01.506649,0.0,0.0,0.0
2022-01-22 08:09:02.005166,0.0,0.0,0.0
2022-01-22 08:09:02.510961,0.0,0.0,0.0
2022-01-22 08:09:03.008636,0.0,0.0,0.0
2022-01-22 08:09:03.503522,0.0,0.0,0.0
2022-01-22 08:09:04.004068,0.0,0.0,0.0
2022-01-22 08:09:04.509244,0.0,0.0,0.0
2022-01-22 08:09:05.007169,0.0,0.0,0.0
2022-01-22 08:09:05.503644,0.0,0.0,0.0
2022-01-22 08:09:06.002729,0.0,0.0,0.0
2022-01-22 08:09:06.508869,0.0,0.0,0.0
2022-01-22 08:09:07.007891,0.0,0.0,0.0
2022-01-22 08:09:07.503798,0.0,0.0,0.0
2022-01-22 08:09:08.001289,0.0,0.0,0.0
2022-01-22 08:09:08.507438,0.0,0.0,0.0
2022-01-22 08:09:09.006356,0.0,0.0,0.0
2022-01-22 08:09:09.510995,0.0,0.0,0.0
2022-01-22 08:09:10.009751,0.0,0.0,0.0
2022-01-22 08:09:10.506319,0.0,0.0,0.0
2022-01-22 08:09:11.011099,0.0,0.0,0.0
2022-01-22 08:09:11.507285,0.0,0.0,0.0
2022-01-22 08:09:12.005856,0.0,0.0,0.0
2022-01-22 08:09:12.510319,0.0,0.0,0.0
2022-01-22 08:09:13.010579,0.0,0.0,0.0
2022-01-22 08:09:13.506966,0.0,0.0,0.0
2022-01-22 08:09:14.004732,0.0,0.0,0.0
2022-01-22 08:09:14.502321,0.0,0.0,0.0
2022-01-22 08:09:15.001382,0.0,0.0,0.0
2022-01-22 08:09:15.505680,0.0,0.0,0.0
2022-01-22 08:09:16.003819,0.0,0.0,0.0
2022-01-22 08:09:16.510480,0.0,0.0,0.0
2022-01-22 08:09:17.007867,0.0,0.0,0.0
2022-01-22 08:09:17.504493,0.0,0.0,0.0
2022-01-22 08:09:18.002850,0.0,0.0,0.0
2022-01-22 08:09:18.510042,0.0,0.0,0.0
2022-01-22 08:09:19.009104,0.0,0.0,0.0
2022-01-22 08:09:19.503926,0.0,0.0,0.0
2022-01-22 08:09:20.003186,0.0,0.0,0.0
2022-01-22 08:09:20.507934,0.0,0.0,0.0
2022-01-22 08:09:21.006076,0.0,0.0,0.0
2022-01-22 08:09:21.511161,0.0,0.0,0.0
2022-01-22 08:09:22.009372,0.0,0.0,0.0
2022-01-22 08:09:22.505829,0.0,0.0,0.0
2022-01-22 08:09:23.002988,0.0,0.0,0.0
2022-01-22 08:09:23.509069,0.0,0.0,0.0
2022-01-22 08:09:24.007378,0.0,0.0,0.0
2022-01-22 08:09:24.503145,0.0,0.0,0.0
2022-01-22 08:09:25.001647,0.0,0.0,0.0
2022-01-22 08:09:25.506631,0.0,0.0,0.0
2022-01-22 08:09:26.004943,0.0,0.0,0.0
2022-01-22 08:09:26.509558,0.0,0.0,0.0
2022-01-22 08:09:27.009055,0.0,0.0,0.0
2022-01-22 08:09:27.505796,0.0,0.0,0.0
2022-01-22 08:09:28.004701,0.0,0.0,0.0
2022-01-22 08:09:28.502401,0.0,0.0,0.0
2022-01-22 08:09:29.009694,0.0,0.0,0.0
2022-01-22 08:09:29.505312,0.0,0.0,0.0
2022-01-22 08:09:30.003954,0.0,0.0,0.0
2022-01-22 08:09:30.510157,0.0,0.0,0.0
2022-01-22 08:09:31.008614,0.0,0.0,0.0
2022-01-22 08:09:31.503620,0.0,0.0,0.0
2022-01-22 08:09:32.004392,0.0,0.0,0.0
2022-01-22 08:09:32.509270,0.0,0.0,0.0
2022-01-22 08:09:33.007290,0.0,0.0,0.0
2022-01-22 08:09:33.503946,0.0,0.0,0.0
2022-01-22 08:09:34.002657,0.0,0.0,0.0
2022-01-22 08:09:34.508459,0.0,0.0,0.0
2022-01-22 08:09:35.006534,0.0,0.0,0.0
2022-01-22 08:09:35.503295,0.0,0.0,0.0
2022-01-22 08:09:36.002423,0.0,0.0,0.0
2022-01-22 08:09:36.508145,0.0,0.0,0.0
2022-01-22 08:09:37.006790,0.0,0.0,0.0
2022-01-22 08:09:37.504072,0.0,0.0,0.0
2022-01-22 08:09:38.002377,0.0,0.0,0.0
2022-01-22 08:09:38.507200,0.0,0.0,0.0
2022-01-22 08:09:39.005065,0.0,0.0,0.0
2022-01-22 08:09:39.501028,0.0,0.0,0.0
2022-01-22 08:09:40.008474,0.0,0.0,0.0
2022-01-22 08:09:40.504472,0.0,0.0,0.0
2022-01-22 08:09:41.003164,0.0,0.0,0.0
2022-01-22 08:09:41.509801,0.0,0.0,0.0
2022-01-22 08:09:42.007325,0.0,0.0,0.0
2022-01-22 08:09:42.501726,0.0,0.0,0.0
2022-01-22 08:09:43.001687,0.0,0.0,0.0
2022-01-22 08:09:43.507348,0.0,0.0,0.0
2022-01-22 08:09:44.005437,0.0,0.0,0.0
2022-01-22 08:09:44.501146,0.0,0.0,0.0
2022-01-22 08:09:45.010723,0.0,0.0,0.0
2022-01-22 08:09:45.507241,0.0,0.0,0.0
2022-01-22 08:09:46.007893,0.0,0.0,0.0
2022-01-22 08:09:46.503774,0.0,0.0,0.0
2022-01-22 08:09:47.003285,0.0,0.0,0.0
2022-01-22 08:09:47.507973,0.0,0.0,0.0
2022-01-22 08:09:48.006769,0.0,0.0,0.0
2022-01-22 08:09:48.502277,0.0,0.0,0.0
2022-01-22 08:09:49.009956,0.0,0.0,0.0
2022-01-22 08:09:49.505138,0.0,0.0,0.0
2022-01-22 08:09:50.003547,0.0,0.0,0.0
2022-01-22 08:09:50.502200,0.0,0.0,0.0
2022-01-22 08:09:51.002298,0.0,0.0,0.0
2022-01-22 08:09:51.505284,0.0,0.0,0.0
2022-01-22 08:09:52.009066,0.0,0.0,0.0
2022-01-22 08:09:52.508012,0.0,0.0,0.0
2022-01-22 08:09:53.002006,0.0,0.0,0.0
2022-01-22 08:09:53.506352,0.0,0.0,0.0
2022-01-22 08:09:54.010563,0.0,0.0,0.0
2022-01-22 08:09:54.510587,0.0,0.0,0.0
2022-01-22 08:09:55.003759,0.0,0.0,0.0
2022-01-22 08:09:55.508651,0.0,0.0,0.0
2022-01-22 08:09:56.009936,0.0,0.0,0.0
2022-01-22 08:09:56.501198,0.0,0.0,0.0
2022-01-22 08:09:57.009774,0.0,0.0,0.0
2022-01-22 08:09:57.503514,0.0,0.0,0.0
2022-01-22 08:09:58.005152,0.0,0.0,0.0
2022-01-22 08:09:58.503531,0.0,0.0,0.0
2022-01-22 08:09:59.004419,0.0,0.0,0.0
2022-01-22 08:09:59.509532,0.0,0.0,0.0
2022-01-22 08:10:00.001461,0.0,0.0,0.0
2022-01-22 08:10:00.510771,0.0,0.0,0.0
2022-01-22 08:10:01.007834,0.0,0.0,0.0
2022-01-22 08:10:01.503179,0.0,0.0,0.0
2022-01-22 08:10:02.001040,0.0,0.0,0.0
2022-01-22 08:10:02.505626,0.0,0.0,0.0
2022-01-22 08:10:03.003113,0.0,0.0,0.0
2022-01-22 08:10:03.507405,0.0,0.0,0.0
2022-01-22 08:10:04.006702,0.0,0.0,0.0
2022-01-22 08:10:04.504208,0.0,0.0,0.0
2022-01-22 08:10:05.003962,0.0,0.0,0.0
2022-01-22 08:10:05.509532,0.0,0.0,0.0
2022-01-22 08:10:06.007823,0.0,0.0,0.0
2022-01-22 08:10:06.503934,0.0,0.0,0.0
2022-01-22 08:10:07.005010,0.0,0.0,0.0
2022-01-22 08:10:07.508863,0.0,0.0,0.0
2022-01-22 08:10:08.007197,0.0,0.0,0.0
2022-01-22 08:10:08.504928,0.0,0.0,0.0
2022-01-22 08:10:09.003041,0.0,0.0,0.0
2022-01-22 08:10:09.508496,0.0,0.0,0.0
2022-01-22 08:10:10.007998,0.0,0.0,0.0
2022-01-22 08:10:10.503237,0.0,0.0,0.0
2022-01-22 08:10:11.006644,0.0,0.0,0.0
2022-01-22 08:10:11.501547,0.0,0.0,0.0
2022-01-22 08:10:12.008863,0.0,0.0,0.0
2022-01-22 08:10:12.503372,0.0,0.0,0.0
2022-01-22 08:10:13.002585,0.0,0.0,0.0
2022-01-22 08:10:13.508707,0.0,0.0,0.0
2022-01-22 08:10:14.006958,0.0,0.0,0.0
2022-01-22 08:10:14.503582,0.0,0.0,0.0
2022-01-22 08:10:15.002854,0.0,0.0,0.0
2022-01-22 08:10:15.509842,0.0,0.0,0.0
2022-01-22 08:10:16.008635,0.0,0.0,0.0
2022-01-22 08:10:16.502604,0.0,0.0,0.0
2022-01-22 08:10:17.001735,0.0,0.0,0.0
2022-01-22 08:10:17.508429,0.0,0.0,0.0
2022-01-22 08:10:18.008114,0.0,0.0,0.0
2022-01-22 08:10:18.504579,0.0,0.0,0.0
2022-01-22 08:10:19.003309,0.0,0.0,0.0
2022-01-22 08:10:19.509228,0.0,0.0,0.0
2022-01-22 08:10:20.007438,0.0,0.0,0.0
2022-01-22 08:10:20.503205,0.0,0.0,0.0
2022-01-22 08:10:21.002011,0.0,0.0,0.0
2022-01-22 08:10:21.506887,0.0,0.0,0.0
2022-01-22 08:10:22.007434,0.0,0.0,0.0
2022-01-22 08:10:22.501646,0.0,0.0,0.0
2022-01-22 08:10:23.008871,0.0,0.0,0.0
2022-01-22 08:10:23.503555,0.0,0.0,0.0
2022-01-22 08:10:24.001400,0.0,0.0,0.0
2022-01-22 08:10:24.507357,0.0,0.0,0.0
2022-01-22 08:10:25.006691,0.0,0.0,0.0
2022-01-22 08:10:25.501807,0.0,0.0,0.0
2022-01-22 08:10:26.004344,0.0,0.0,0.0
2022-01-22 08:10:26.504069,0.0,0.0,0.0
2022-01-22 08:10:27.002116,0.0,0.0,0.0
2022-01-22 08:10:27.507550,0.0,0.0,0.0
2022-01-22 08:10:28.006354,0.0,0.0,0.0
2022-01-22 08:10:28.502317,0.0,0.0,0.0
2022-01-22 08:10:29.010655,0.0,0.0,0.0
2022-01-22 08:10:29.506103,0.0,0.0,0.0
2022-01-22 08:10:30.004028,0.0,0.0,0.0
2022-01-22 08:10:30.510127,0.0,0.0,0.0
2022-01-22 08:10:31.010951,0.0,0.0,0.0
2022-01-22 08:10:31.507208,0.0,0.0,0.0
2022-01-22 08:10:32.006212,0.0,0.0,0.0
2022-01-22 08:10:32.501405,0.0,0.0,0.0
2022-01-22 08:10:33.010282,0.0,0.0,0.0
2022-01-22 08:10:33.505515,0.0,0.0,0.0
2022-01-22 08:10:34.002542,0.0,0.0,0.0
2022-01-22 08:10:34.510271,0.0,0.0,0.0
2022-01-22 08:10:35.008773,0.0,0.0,0.0
2022-01-22 08:10:35.504628,0.0,0.0,0.0
2022-01-22 08:10:36.002074,0.0,0.0,0.0
2022-01-22 08:10:36.507480,0.0,0.0,0.0
2022-01-22 08:10:37.004186,0.0,0.0,0.0
2022-01-22 08:10:37.509383,0.0,0.0,0.0
2022-01-22 08:10:38.009925,0.0,0.0,0.0
2022-01-22 08:10:38.505572,0.0,0.0,0.0
2022-01-22 08:10:39.003835,0.0,0.0,0.0
2022-01-22 08:10:39.508732,0.0,0.0,0.0
2022-01-22 08:10:40.009143,0.0,0.0,0.0
2022-01-22 08:10:40.503776,0.0,0.0,0.0
2022-01-22 08:10:41.003894,0.0,0.0,0.0
2022-01-22 08:10:41.510829,0.0,0.0,0.0
2022-01-22 08:10:42.007351,0.0,0.0,0.0
2022-01-22 08:10:42.502235,0.0,0.0,0.0
2022-01-22 08:10:43.009390,0.0,0.0,0.0
2022-01-22 08:10:43.504075,0.0,0.0,0.0
2022-01-22 08:10:44.003983,0.0,0.0,0.0
2022-01-22 08:10:44.510693,0.0,0.0,0.0
2022-01-22 08:10:45.009475,0.0,0.0,0.0
2022-01-22 08:10:45.505543,0.0,0.0,0.0
2022-01-22 08:10:46.004199,0.0,0.0,0.0
2022-01-22 08:10:46.510046,0.0,0.0,0.0
2022-01-22 08:10:47.008581,0.0,0.0,0.0
2022-01-22 08:10:47.504380,0.0,0.0,0.0
2022-01-22 08:10:48.002710,0.0,0.0,0.0
2022-01-22 08:10:48.509775,0.0,0.0,0.0
2022-01-22 08:10:49.009158,0.0,0.0,0.0
2022-01-22 08:10:49.504547,0.0,0.0,0.0
2022-01-22 08:10:50.002742,0.0,0.0,0.0
2022-01-22 08:10:50.509911,0.0,0.0,0.0
2022-01-22 08:10:51.008957,0.0,0.0,0.0
2022-01-22 08:10:51.503861,0.0,0.0,0.0
2022-01-22 08:10:52.003268,0.0,0.0,0.0
2022-01-22 08:10:52.509775,0.0,0.0,0.0
2022-01-22 08:10:53.006581,0.0,0.0,0.0
2022-01-22 08:10:53.502606,0.0,0.0,0.0
2022-01-22 08:10:54.001478,0.0,0.0,0.0
2022-01-22 08:10:54.508151,0.0,0.0,0.0
2022-01-22 08:10:55.007133,0.0,0.0,0.0
2022-01-22 08:10:55.502235,0.0,0.0,0.0
2022-01-22 08:10:56.002207,0.0,0.0,0.0
2022-01-22 08:10:56.508498,0.0,0.0,0.0
2022-01-22 08:10:57.006419,0.0,0.0,0.0
2022-01-22 08:10:57.503793,0.0,0.0,0.0
2022-01-22 08:10:58.008642,0.0,0.0,0.0
2022-01-22 08:10:58.504268,0.0,0.0,0.0
2022-01-22 08:10:59.002739,0.0,0.0,0.0
2022-01-22 08:10:59.508677,0.0,0.0,0.0
2022-01-22 08:11:00.006824,0.0,0.0,0.0
2022-01-22 08:11:00.503236,0.0,0.0,0.0
2022-01-22 08:11:01.001887,0.0,0.0,0.0
2022-01-22 08:11:01.508937,0.0,0.0,0.0
2022-01-22 08:11:02.007150,0.0,0.0,0.0
2022-01-22 08:11:02.502438,0.0,0.0,0.0
2022-01-22 08:11:03.011169,0.0,0.0,0.0
2022-01-22 08:11:03.506665,0.0,0.0,0.0
2022-01-22 08:11:04.005994,0.0,0.0,0.0
2022-01-22 08:11:04.503054,0.0,0.0,0.0
2022-01-22 08:11:05.001529,0.0,0.0,0.0
2022-01-22 08:11:05.508032,0.0,0.0,0.0
2022-01-22 08:11:06.006846,0.0,0.0,0.0
2022-01-22 08:11:06.502905,0.0,0.0,0.0
2022-01-22 08:11:07.001188,0.0,0.0,0.0
2022-01-22 08:11:07.509183,0.0,0.0,0.0
2022-01-22 08:11:08.006395,0.0,0.0,0.0
2022-01-22 08:11:08.501183,0.0,0.0,0.0
2022-01-22 08:11:09.002598,0.0,0.0,0.0
2022-01-22 08:11:09.508559,0.0,0.0,0.0
2022-01-22 08:11:10.008343,0.0,0.0,0.0
2022-01-22 08:11:10.505526,0.0,0.0,0.0
2022-01-22 08:11:11.009529,0.0,0.0,0.0
2022-01-22 08:11:11.503807,0.0,0.0,0.0
2022-01-22 08:11:12.002724,0.0,0.0,0.0
2022-01-22 08:11:12.508586,0.0,0.0,0.0
2022-01-22 08:11:13.006883,0.0,0.0,0.0
2022-01-22 08:11:13.501940,0.0,0.0,0.0
2022-01-22 08:11:14.010352,0.0,0.0,0.0
2022-01-22 08:11:14.508964,0.0,0.0,0.0
2022-01-22 08:11:15.007782,0.0,0.0,0.0
2022-01-22 08:11:15.503996,0.0,0.0,0.0
2022-01-22 08:11:16.002800,0.0,0.0,0.0
2022-01-22 08:11:16.507988,0.0,0.0,0.0
2022-01-22 08:11:17.005488,0.0,0.0,0.0
2022-01-22 08:11:17.502564,0.0,0.0,0.0
2022-01-22 08:11:18.010781,0.0,0.0,0.0
2022-01-22 08:11:18.507756,0.0,0.0,0.0
2022-01-22 08:11:19.006081,0.0,0.0,0.0
2022-01-22 08:11:19.502495,0.0,0.0,0.0
2022-01-22 08:11:20.009532,0.0,0.0,0.0
2022-01-22 08:11:20.504367,0.0,0.0,0.0
2022-01-22 08:11:21.003270,0.0,0.0,0.0
2022-01-22 08:11:21.509032,0.0,0.0,0.0
2022-01-22 08:11:22.007534,0.0,0.0,0.0
2022-01-22 08:11:22.501980,0.0,0.0,0.0
2022-01-22 08:11:23.009301,0.0,0.0,0.0
2022-01-22 08:11:23.503049,0.0,0.0,0.0
2022-01-22 08:11:24.001762,0.0,0.0,0.0
2022-01-22 08:11:24.508492,0.0,0.0,0.0
2022-01-22 08:11:25.006147,0.0,0.0,0.0
2022-01-22 08:11:25.502229,0.0,0.0,0.0
2022-01-22 08:11:26.010938,0.0,0.0,0.0
2022-01-22 08:11:26.506294,0.0,0.0,0.0
2022-01-22 08:11:27.003435,0.0,0.0,0.0
2022-01-22 08:11:27.509059,0.0,0.0,0.0
2022-01-22 08:11:28.007344,0.0,0.0,0.0
2022-01-22 08:11:28.508941,0.0,0.0,0.0
2022-01-22 08:11:29.002842,0.0,0.0,0.0
2022-01-22 08:11:29.509286,0.0,0.0,0.0
2022-01-22 08:11:30.007601,0.0,0.0,0.0
2022-01-22 08:11:30.504841,0.0,0.0,0.0
2022-01-22 08:11:31.003831,0.0,0.0,0.0
2022-01-22 08:11:31.501150,0.0,0.0,0.0
2022-01-22 08:11:32.008829,0.0,0.0,0.0
2022-01-22 08:11:32.502664,0.0,0.0,0.0
2022-01-22 08:11:33.010098,0.0,0.0,0.0
2022-01-22 08:11:33.509025,0.0,0.0,0.0
2022-01-22 08:11:34.007179,0.0,0.0,0.0
2022-01-22 08:11:34.502608,0.0,0.0,0.0
2022-01-22 08:11:35.010351,0.0,0.0,0.0
2022-01-22 08:11:35.506269,0.0,0.0,0.0
2022-01-22 08:11:36.004747,0.0,0.0,0.0
2022-01-22 08:11:36.509830,0.0,0.0,0.0
2022-01-22 08:11:37.007328,0.0,0.0,0.0
2022-01-22 08:11:37.502827,0.0,0.0,0.0
2022-01-22 08:11:38.001105,0.0,0.0,0.0
2022-01-22 08:11:38.506102,0.0,0.0,0.0
2022-01-22 08:11:39.004310,0.0,0.0,0.0
2022-01-22 08:11:39.510660,0.0,0.0,0.0
2022-01-22 08:11:40.007469,0.0,0.0,0.0
2022-01-22 08:11:40.502806,0.0,0.0,0.0
2022-01-22 08:11:41.001324,0.0,0.0,0.0
2022-01-22 08:11:41.507607,0.0,0.0,0.0
2022-01-22 08:11:42.005512,0.0,0.0,0.0
2022-01-22 08:11:42.501845,0.0,0.0,0.0
2022-01-22 08:11:43.009407,0.0,0.0,0.0
2022-01-22 08:11:43.503992,0.0,0.0,0.0
2022-01-22 08:11:44.003619,0.0,0.0,0.0
2022-01-22 08:11:44.510329,0.0,0.0,0.0
2022-01-22 08:11:45.009943,0.0,0.0,0.0
2022-01-22 08:11:45.505849,0.0,0.0,0.0
2022-01-22 08:11:46.003774,0.0,0.0,0.0
2022-01-22 08:11:46.510864,0.0,0.0,0.0
2022-01-22 08:11:47.010279,0.0,0.0,0.0
2022-01-22 08:11:47.505446,0.0,0.0,0.0
2022-01-22 08:11:48.004085,0.0,0.0,0.0
2022-01-22 08:11:48.510901,0.0,0.0,0.0
2022-01-22 08:11:49.009911,0.0,0.0,0.0
2022-01-22 08:11:49.505102,0.0,0.0,0.0
2022-01-22 08:11:50.003082,0.0,0.0,0.0
2022-01-22 08:11:50.508821,0.0,0.0,0.0
2022-01-22 08:11:51.007643,0.0,0.0,0.0
2022-01-22 08:11:51.504348,0.0,0.0,0.0
2022-01-22 08:11:52.003281,0.0,0.0,0.0
2022-01-22 08:11:52.510115,0.0,0.0,0.0
2022-01-22 08:11:53.008005,0.0,0.0,0.0
2022-01-22 08:11:53.504520,0.0,0.0,0.0
2022-01-22 08:11:54.002758,0.0,0.0,0.0
2022-01-22 08:11:54.507752,0.0,0.0,0.0
2022-01-22 08:11:55.006196,0.0,0.0,0.0
2022-01-22 08:11:55.503503,0.0,0.0,0.0
2022-01-22 08:11:56.003441,0.0,0.0,0.0
2022-01-22 08:11:56.509033,0.0,0.0,0.0
2022-01-22 08:11:57.007331,0.0,0.0,0.0
2022-01-22 08:11:57.503938,0.0,0.0,0.0
2022-01-22 08:11:58.002268,0.0,0.0,0.0
2022-01-22 08:11:58.507293,0.0,0.0,0.0
2022-01-22 08:11:59.005849,0.0,0.0,0.0
2022-01-22 08:11:59.501523,0.0,0.0,0.0
2022-01-22 08:12:00.008871,0.0,0.0,0.0
2022-01-22 08:12:00.504802,0.0,0.0,0.0
2022-01-22 08:12:01.002412,0.0,0.0,0.0
2022-01-22 08:12:01.507383,0.0,0.0,0.0
2022-01-22 08:12:02.005048,0.0,0.0,0.0
2022-01-22 08:12:02.510167,0.0,0.0,0.0
2022-01-22 08:12:03.007874,0.0,0.0,0.0
2022-01-22 08:12:03.503167,0.0,0.0,0.0
2022-01-22 08:12:04.001930,0.0,0.0,0.0
2022-01-22 08:12:04.505406,0.0,0.0,0.0
2022-01-22 08:12:05.003310,0.0,0.0,0.0
2022-01-22 08:12:05.509068,0.0,0.0,0.0
2022-01-22 08:12:06.006895,0.0,0.0,0.0
2022-01-22 08:12:06.502322,0.0,0.0,0.0
2022-01-22 08:12:07.010593,0.0,0.0,0.0
2022-01-22 08:12:07.505169,0.0,0.0,0.0
2022-01-22 08:12:08.005880,0.0,0.0,0.0
2022-01-22 08:12:08.503597,0.0,0.0,0.0
2022-01-22 08:12:09.001792,0.0,0.0,0.0
2022-01-22 08:12:09.508384,0.0,0.0,0.0
2022-01-22 08:12:10.007905,0.0,0.0,0.0
2022-01-22 08:12:10.502454,0.0,0.0,0.0
2022-01-22 08:12:11.007826,0.0,0.0,0.0
2022-01-22 08:12:11.503439,0.0,0.0,0.0
2022-01-22 08:12:12.002328,0.0,0.0,0.0
2022-01-22 08:12:12.507835,0.0,0.0,0.0
2022-01-22 08:12:13.007574,0.0,0.0,0.0
2022-01-22 08:12:13.505248,0.0,0.0,0.0
2022-01-22 08:12:14.003645,0.0,0.0,0.0
2022-01-22 08:12:14.509569,0.0,0.0,0.0
2022-01-22 08:12:15.007624,0.0,0.0,0.0
2022-01-22 08:12:15.506305,0.0,0.0,0.0
2022-01-22 08:12:16.007492,0.0,0.0,0.0
2022-01-22 08:12:16.502382,0.0,0.0,0.0
2022-01-22 08:12:17.010014,0.0,0.0,0.0
2022-01-22 08:12:17.506081,0.0,0.0,0.0
2022-01-22 08:12:18.004687,0.0,0.0,0.0
2022-01-22 08:12:18.509864,0.0,0.0,0.0
2022-01-22 08:12:19.008517,0.0,0.0,0.0
2022-01-22 08:12:19.503980,0.0,0.0,0.0
2022-01-22 08:12:20.003200,0.0,0.0,0.0
2022-01-22 08:12:20.508290,0.0,0.0,0.0
2022-01-22 08:12:21.006580,0.0,0.0,0.0
2022-01-22 08:12:21.501646,0.0,0.0,0.0
2022-01-22 08:12:22.010057,0.0,0.0,0.0
2022-01-22 08:12:22.507073,0.0,0.0,0.0
2022-01-22 08:12:23.005350,0.0,0.0,0.0
2022-01-22 08:12:23.501132,0.0,0.0,0.0
2022-01-22 08:12:24.009054,0.0,0.0,0.0
2022-01-22 08:12:24.504391,0.0,0.0,0.0
2022-01-22 08:12:25.003567,0.0,0.0,0.0
2022-01-22 08:12:25.509873,0.0,0.0,0.0
2022-01-22 08:12:26.008531,0.0,0.0,0.0
2022-01-22 08:12:26.506202,0.0,0.0,0.0
2022-01-22 08:12:27.003778,0.0,0.0,0.0
2022-01-22 08:12:27.510713,0.0,0.0,0.0
2022-01-22 08:12:28.008832,0.0,0.0,0.0
2022-01-22 08:12:28.503198,0.0,0.0,0.0
2022-01-22 08:12:29.001158,0.0,0.0,0.0
2022-01-22 08:12:29.505214,0.0,0.0,0.0
2022-01-22 08:12:30.002369,0.0,0.0,0.0
2022-01-22 08:12:30.506844,0.0,0.0,0.0
2022-01-22 08:12:31.006541,0.0,0.0,0.0
2022-01-22 08:12:31.510444,0.0,0.0,0.0
2022-01-22 08:12:32.007614,0.0,0.0,0.0
2022-01-22 08:12:32.502362,0.0,0.0,0.0
2022-01-22 08:12:33.010147,0.0,0.0,0.0
2022-01-22 08:12:33.504678,0.0,0.0,0.0
2022-01-22 08:12:34.002264,0.0,0.0,0.0
2022-01-22 08:12:34.507300,0.0,0.0,0.0
2022-01-22 08:12:35.005459,0.0,0.0,0.0
2022-01-22 08:12:35.503097,0.0,0.0,0.0
2022-01-22 08:12:36.011078,0.0,0.0,0.0
2022-01-22 08:12:36.507713,0.0,0.0,0.0
2022-01-22 08:12:37.004994,0.0,0.0,0.0
2022-01-22 08:12:37.501082,0.0,0.0,0.0
2022-01-22 08:12:38.009111,0.0,0.0,0.0
2022-01-22 08:12:38.503882,0.0,0.0,0.0
2022-01-22 08:12:39.002374,0.0,0.0,0.0
2022-01-22 08:12:39.507967,0.0,0.0,0.0
2022-01-22 08:12:40.007270,0.0,0.0,0.0
2022-01-22 08:12:40.502497,0.0,0.0,0.0
2022-01-22 08:12:41.010370,0.0,0.0,0.0
2022-01-22 08:12:41.505471,0.0,0.0,0.0
2022-01-22 08:12:42.003624,0.0,0.0,0.0
2022-01-22 08:12:42.508896,0.0,0.0,0.0
2022-01-22 08:12:43.006737,0.0,0.0,0.0
2022-01-22 08:12:43.502051,0.0,0.0,0.0
2022-01-22 08:12:44.009969,0.0,0.0,0.0
2022-01-22 08:12:44.504992,0.0,0.0,0.0
2022-01-22 08:12:45.003992,0.0,0.0,0.0
2022-01-22 08:12:45.508388,0.0,0.0,0.0
2022-01-22 08:12:46.005788,0.0,0.0,0.0
2022-01-22 08:12:46.510683,0.0,0.0,0.0
2022-01-22 08:12:47.007549,0.0,0.0,0.0
2022-01-22 08:12:47.503929,0.0,0.0,0.0
2022-01-22 08:12:48.003191,0.0,0.0,0.0
2022-01-22 08:12:48.509758,0.0,0.0,0.0
2022-01-22 08:12:49.009834,0.0,0.0,0.0
2022-01-22 08:12:49.507531,0.0,0.0,0.0
2022-01-22 08:12:50.006895,0.0,0.0,0.0
2022-01-22 08:12:50.501035,0.0,0.0,0.0
2022-01-22 08:12:51.009438,0.0,0.0,0.0
2022-01-22 08:12:51.505946,0.0,0.0,0.0
2022-01-22 08:12:52.003570,0.0,0.0,0.0
2022-01-22 08:12:52.508748,0.0,0.0,0.0
2022-01-22 08:12:53.008525,0.0,0.0,0.0
2022-01-22 08:12:53.504807,0.0,0.0,0.0
2022-01-22 08:12:54.003146,0.0,0.0,0.0
2022-01-22 08:12:54.510397,0.0,0.0,0.0
2022-01-22 08:12:55.008515,0.0,0.0,0.0
2022-01-22 08:12:55.504498,0.0,0.0,0.0
2022-01-22 08:12:56.002733,0.0,0.0,0.0
2022-01-22 08:12:56.508277,0.0,0.0,0.0
2022-01-22 08:12:57.007251,0.0,0.0,0.0
2022-01-22 08:12:57.503001,0.0,0.0,0.0
2022-01-22 08:12:58.002903,0.0,0.0,0.0
2022-01-22 08:12:58.509048,0.0,0.0,0.0
2022-01-22 08:12:59.007114,0.0,0.0,0.0
2022-01-22 08:12:59.502552,0.0,0.0,0.0
2022-01-22 08:13:00.010900,0.0,0.0,0.0
2022-01-22 08:13:00.503848,0.0,0.0,0.0
2022-01-22 08:13:01.002826,0.0,0.0,0.0
2022-01-22 08:13:01.510522,0.0,0.0,0.0
2022-01-22 08:13:02.008046,0.0,0.0,0.0
2022-01-22 08:13:02.504000,0.0,0.0,0.0
2022-01-22 08:13:03.003071,0.0,0.0,0.0
2022-01-22 08:13:03.509446,0.0,0.0,0.0
2022-01-22 08:13:04.007519,0.0,0.0,0.0
2022-01-22 08:13:04.503891,0.0,0.0,0.0
2022-01-22 08:13:05.001794,0.0,0.0,0.0
2022-01-22 08:13:05.508070,0.0,0.0,0.0
2022-01-22 08:13:06.007737,0.0,0.0,0.0
2022-01-22 08:13:06.502358,0.0,0.0,0.0
2022-01-22 08:13:07.010305,0.0,0.0,0.0
2022-01-22 08:13:07.506139,0.0,0.0,0.0
2022-01-22 08:13:08.002757,0.0,0.0,0.0
2022-01-22 08:13:08.507138,0.0,0.0,0.0
2022-01-22 08:13:09.005168,0.0,0.0,0.0
2022-01-22 08:13:09.509134,0.0,0.0,0.0
2022-01-22 08:13:10.006689,0.0,0.0,0.0
2022-01-22 08:13:10.502383,0.0,0.0,0.0
2022-01-22 08:13:11.006602,0.0,0.0,0.0
2022-01-22 08:13:11.510660,0.0,0.0,0.0
2022-01-22 08:13:12.008137,0.0,0.0,0.0
2022-01-22 08:13:12.505686,0.0,0.0,0.0
2022-01-22 08:13:13.004205,0.0,0.0,0.0
2022-01-22 08:13:13.510749,0.0,0.0,0.0
2022-01-22 08:13:14.008757,0.0,0.0,0.0
2022-01-22 08:13:14.504759,0.0,0.0,0.0
2022-01-22 08:13:15.003551,0.0,0.0,0.0
2022-01-22 08:13:15.510120,0.0,0.0,0.0
2022-01-22 08:13:16.010577,0.0,0.0,0.0
2022-01-22 08:13:16.505255,0.0,0.0,0.0
2022-01-22 08:13:17.002811,0.0,0.0,0.0
2022-01-22 08:13:17.507200,0.0,0.0,0.0
2022-01-22 08:13:18.007286,0.0,0.0,0.0
2022-01-22 08:13:18.503334,0.0,0.0,0.0
2022-01-22 08:13:19.002702,0.0,0.0,0.0
2022-01-22 08:13:19.509057,0.0,0.0,0.0
2022-01-22 08:13:20.008013,0.0,0.0,0.0
2022-01-22 08:13:20.503173,0.0,0.0,0.0
2022-01-22 08:13:21.002724,0.0,0.0,0.0
2022-01-22 08:13:21.509477,0.0,0.0,0.0
2022-01-22 08:13:22.006861,0.0,0.0,0.0
2022-01-22 08:13:22.501148,0.0,0.0,0.0
2022-01-22 08:13:23.008723,0.0,0.0,0.0
2022-01-22 08:13:23.506405,0.0,0.0,0.0
2022-01-22 08:13:24.005011,0.0,0.0,0.0
2022-01-22 08:13:24.509774,0.0,0.0,0.0
2022-01-22 08:13:25.006749,0.0,0.0,0.0
2022-01-22 08:13:25.501449,0.0,0.0,0.0
2022-01-22 08:13:26.009564,0.0,0.0,0.0
2022-01-22 08:13:26.504252,0.0,0.0,0.0
2022-01-22 08:13:27.002137,0.0,0.0,0.0
2022-01-22 08:13:27.506774,0.0,0.0,0.0
2022-01-22 08:13:28.003991,0.0,0.0,0.0
2022-01-22 08:13:28.510525,0.0,0.0,0.0
2022-01-22 08:13:29.008009,0.0,0.0,0.0
2022-01-22 08:13:29.503775,0.0,0.0,0.0
2022-01-22 08:13:30.001782,0.0,0.0,0.0
2022-01-22 08:13:30.508205,0.0,0.0,0.0
2022-01-22 08:13:31.005926,0.0,0.0,0.0
2022-01-22 08:13:31.510937,0.0,0.0,0.0
2022-01-22 08:13:32.010499,0.0,0.0,0.0
2022-01-22 08:13:32.505797,0.0,0.0,0.0
2022-01-22 08:13:33.004692,0.0,0.0,0.0
2022-01-22 08:13:33.502367,0.0,0.0,0.0
2022-01-22 08:13:34.010963,0.0,0.0,0.0
2022-01-22 08:13:34.504972,0.0,0.0,0.0
2022-01-22 08:13:35.003253,0.0,0.0,0.0
2022-01-22 08:13:35.508992,0.0,0.0,0.0
2022-01-22 08:13:36.008346,0.0,0.0,0.0
2022-01-22 08:13:36.504534,0.0,0.0,0.0
2022-01-22 08:13:37.002708,0.0,0.0,0.0
2022-01-22 08:13:37.502268,0.0,0.0,0.0
2022-01-22 08:13:38.001943,0.0,0.0,0.0
2022-01-22 08:13:38.508166,0.0,0.0,0.0
2022-01-22 08:13:39.007208,0.0,0.0,0.0
2022-01-22 08:13:39.502892,0.0,0.0,0.0
2022-01-22 08:13:40.001076,0.0,0.0,0.0
2022-01-22 08:13:40.506283,0.0,0.0,0.0
2022-01-22 08:13:41.004358,0.0,0.0,0.0
2022-01-22 08:13:41.510657,0.0,0.0,0.0
2022-01-22 08:13:42.009678,0.0,0.0,0.0
2022-01-22 08:13:42.505543,0.0,0.0,0.0
2022-01-22 08:13:43.004482,0.0,0.0,0.0
2022-01-22 08:13:43.509642,0.0,0.0,0.0
2022-01-22 08:13:44.007142,0.0,0.0,0.0
2022-01-22 08:13:44.502714,0.0,0.0,0.0
2022-01-22 08:13:45.001562,0.0,0.0,0.0
2022-01-22 08:13:45.507942,0.0,0.0,0.0
2022-01-22 08:13:46.006863,0.0,0.0,0.0
2022-01-22 08:13:46.505895,0.0,0.0,0.0
2022-01-22 08:13:47.004493,0.0,0.0,0.0
2022-01-22 08:13:48.005168,0.0,0.0,0.0
2022-01-22 08:13:48.501274,0.0,0.0,0.0
2022-01-22 08:13:49.009447,0.0,0.0,0.0
2022-01-22 08:13:49.504951,0.0,0.0,0.0
2022-01-22 08:13:50.002713,0.0,0.0,0.0
2022-01-22 08:13:50.509805,0.0,0.0,0.0
2022-01-22 08:13:51.007269,0.0,0.0,0.0
2022-01-22 08:13:51.505888,0.0,0.0,0.0
2022-01-22 08:13:52.004278,0.0,0.0,0.0
2022-01-22 08:13:52.510329,0.0,0.0,0.0
2022-01-22 08:13:53.008612,0.0,0.0,0.0
2022-01-22 08:13:53.502913,0.0,0.0,0.0
2022-01-22 08:13:54.010627,0.0,0.0,0.0
2022-01-22 08:13:54.506963,0.0,0.0,0.0
2022-01-22 08:13:55.005622,0.0,0.0,0.0
2022-01-22 08:13:55.502347,0.0,0.0,0.0
2022-01-22 08:13:56.001202,0.0,0.0,0.0
2022-01-22 08:13:56.506993,0.0,0.0,0.0
2022-01-22 08:13:57.005388,0.0,0.0,0.0
2022-01-22 08:13:57.501495,0.0,0.0,0.0
2022-01-22 08:13:58.009304,0.0,0.0,0.0
2022-01-22 08:13:58.505477,0.0,0.0,0.0
2022-01-22 08:13:59.003999,0.0,0.0,0.0
2022-01-22 08:13:59.501272,0.0,0.0,0.0
2022-01-22 08:14:00.008879,0.0,0.0,0.0
2022-01-22 08:14:00.510846,0.0,0.0,0.0
2022-01-22 08:14:01.010128,0.0,0.0,0.0
2022-01-22 08:14:01.506044,0.0,0.0,0.0
2022-01-22 08:14:02.003649,0.0,0.0,0.0
2022-01-22 08:14:02.510000,0.0,0.0,0.0
2022-01-22 08:14:03.010939,0.0,0.0,0.0
2022-01-22 08:14:03.507610,0.0,0.0,0.0
2022-01-22 08:14:04.007225,0.0,0.0,0.0
2022-01-22 08:14:04.502280,0.0,0.0,0.0
2022-01-22 08:14:05.009543,0.0,0.0,0.0
2022-01-22 08:14:05.504801,0.0,0.0,0.0
2022-01-22 08:14:06.011001,0.0,0.0,0.0
2022-01-22 08:14:06.506835,0.0,0.0,0.0
2022-01-22 08:14:07.004427,0.0,0.0,0.0
2022-01-22 08:14:07.510553,0.0,0.0,0.0
2022-01-22 08:14:08.504331,0.0,0.0,0.0
2022-01-22 08:14:09.003246,0.0,0.0,0.0
2022-01-22 08:14:09.501210,0.0,0.0,0.0
2022-01-22 08:14:10.009484,0.0,0.0,0.0
2022-01-22 08:14:10.503604,0.0,0.0,0.0
2022-01-22 08:14:11.007139,0.0,0.0,0.0
2022-01-22 08:14:11.502331,0.0,0.0,0.0
2022-01-22 08:14:12.008949,0.0,0.0,0.0
2022-01-22 08:14:12.504607,0.0,0.0,0.0
2022-01-22 08:14:13.003205,0.0,0.0,0.0
2022-01-22 08:14:13.501223,0.0,0.0,0.0
2022-01-22 08:14:14.009764,0.0,0.0,0.0
2022-01-22 08:14:14.504368,0.0,0.0,0.0
2022-01-22 08:14:15.002096,0.0,0.0,0.0
2022-01-22 08:14:15.508337,0.0,0.0,0.0
2022-01-22 08:14:16.008411,0.0,0.0,0.0
2022-01-22 08:14:16.503515,0.0,0.0,0.0
2022-01-22 08:14:17.002739,0.0,0.0,0.0
2022-01-22 08:14:17.508632,0.0,0.0,0.0
2022-01-22 08:14:18.007744,0.0,0.0,0.0
2022-01-22 08:14:18.502735,0.0,0.0,0.0
2022-01-22 08:14:19.003432,0.0,0.0,0.0
2022-01-22 08:14:19.508435,0.0,0.0,0.0
2022-01-22 08:14:20.005430,0.0,0.0,0.0
2022-01-22 08:14:20.510686,0.0,0.0,0.0
2022-01-22 08:14:21.007457,0.0,0.0,0.0
2022-01-22 08:14:21.502783,0.0,0.0,0.0
2022-01-22 08:14:22.001337,0.0,0.0,0.0
2022-01-22 08:14:22.507927,0.0,0.0,0.0
2022-01-22 08:14:23.007794,0.0,0.0,0.0
2022-01-22 08:14:23.502709,0.0,0.0,0.0
2022-01-22 08:14:24.505069,0.0,0.0,0.0
2022-01-22 08:14:25.003562,0.0,0.0,0.0
2022-01-22 08:14:25.510705,0.0,0.0,0.0
2022-01-22 08:14:26.007994,0.0,0.0,0.0
2022-01-22 08:14:26.503469,0.0,0.0,0.0
2022-01-22 08:14:27.002612,0.0,0.0,0.0
2022-01-22 08:14:27.509777,0.0,0.0,0.0
2022-01-22 08:14:28.007894,0.0,0.0,0.0
2022-01-22 08:14:28.503958,0.0,0.0,0.0
2022-01-22 08:14:29.002390,0.0,0.0,0.0
2022-01-22 08:14:29.506943,0.0,0.0,0.0
2022-01-22 08:14:30.004702,0.0,0.0,0.0
2022-01-22 08:14:30.509629,0.0,0.0,0.0
2022-01-22 08:14:31.007949,0.0,0.0,0.0
2022-01-22 08:14:31.503202,0.0,0.0,0.0
2022-01-22 08:14:32.003329,0.0,0.0,0.0
2022-01-22 08:14:32.507678,0.0,0.0,0.0
2022-01-22 08:14:33.006498,0.0,0.0,0.0
2022-01-22 08:14:33.501051,0.0,0.0,0.0
2022-01-22 08:14:34.010310,0.0,0.0,0.0
2022-01-22 08:14:34.502430,0.0,0.0,0.0
2022-01-22 08:14:35.010245,0.0,0.0,0.0
2022-01-22 08:14:35.506373,0.0,0.0,0.0
2022-01-22 08:14:36.005165,0.0,0.0,0.0
2022-01-22 08:14:36.503314,0.0,0.0,0.0
2022-01-22 08:14:37.003457,0.0,0.0,0.0
2022-01-22 08:14:37.509987,0.0,0.0,0.0
2022-01-22 08:14:38.007854,0.0,0.0,0.0
2022-01-22 08:14:38.503336,0.0,0.0,0.0
2022-01-22 08:14:39.002525,0.0,0.0,0.0
2022-01-22 08:14:39.508168,0.0,0.0,0.0
2022-01-22 08:14:40.007100,0.0,0.0,0.0
2022-01-22 08:14:40.504558,0.0,0.0,0.0
2022-01-22 08:14:41.002550,0.0,0.0,0.0
2022-01-22 08:14:41.508022,0.0,0.0,0.0
2022-01-22 08:14:42.005999,0.0,0.0,0.0
2022-01-22 08:14:42.501676,0.0,0.0,0.0
2022-01-22 08:14:43.008772,0.0,0.0,0.0
2022-01-22 08:14:43.503377,0.0,0.0,0.0
2022-01-22 08:14:44.003336,0.0,0.0,0.0
2022-01-22 08:14:44.508499,0.0,0.0,0.0
2022-01-22 08:14:45.008480,0.0,0.0,0.0
2022-01-22 08:14:45.502676,0.0,0.0,0.0
2022-01-22 08:14:46.001127,0.0,0.0,0.0
2022-01-22 08:14:46.505743,0.0,0.0,0.0
2022-01-22 08:14:47.004020,0.0,0.0,0.0
2022-01-22 08:14:47.509035,0.0,0.0,0.0
2022-01-22 08:14:48.006749,0.0,0.0,0.0
2022-01-22 08:14:48.501736,0.0,0.0,0.0
2022-01-22 08:14:49.009516,0.0,0.0,0.0
2022-01-22 08:14:49.507041,0.0,0.0,0.0
2022-01-22 08:14:50.006386,0.0,0.0,0.0
2022-01-22 08:14:50.501413,0.0,0.0,0.0
2022-01-22 08:14:51.009043,0.0,0.0,0.0
2022-01-22 08:14:51.503294,0.0,0.0,0.0
2022-01-22 08:14:52.011124,0.0,0.0,0.0
2022-01-22 08:14:52.506973,0.0,0.0,0.0
2022-01-22 08:14:53.003982,0.0,0.0,0.0
2022-01-22 08:14:53.510807,0.0,0.0,0.0
2022-01-22 08:14:54.009952,0.0,0.0,0.0
2022-01-22 08:14:54.503767,0.0,0.0,0.0
2022-01-22 08:14:55.002856,0.0,0.0,0.0
2022-01-22 08:14:55.508438,0.0,0.0,0.0
2022-01-22 08:14:56.006707,0.0,0.0,0.0
2022-01-22 08:14:56.502874,0.0,0.0,0.0
2022-01-22 08:14:57.001223,0.0,0.0,0.0
2022-01-22 08:14:57.508525,0.0,0.0,0.0
2022-01-22 08:14:58.010627,0.0,0.0,0.0
2022-01-22 08:14:58.507146,0.0,0.0,0.0
2022-01-22 08:14:59.004906,0.0,0.0,0.0
2022-01-22 08:14:59.509338,0.0,0.0,0.0
2022-01-22 08:15:00.007344,0.0,0.0,0.0
2022-01-22 08:15:00.503282,0.0,0.0,0.0
2022-01-22 08:15:01.001721,0.0,0.0,0.0
2022-01-22 08:15:01.506830,0.0,0.0,0.0
2022-01-22 08:15:02.005419,0.0,0.0,0.0
2022-01-22 08:15:02.502448,0.0,0.0,0.0
2022-01-22 08:15:03.001639,0.0,0.0,0.0
2022-01-22 08:15:03.506793,0.0,0.0,0.0
2022-01-22 08:15:04.004738,0.0,0.0,0.0
2022-01-22 08:15:04.509873,0.0,0.0,0.0
2022-01-22 08:15:05.006099,0.0,0.0,0.0
2022-01-22 08:15:05.502379,0.0,0.0,0.0
2022-01-22 08:15:06.010329,0.0,0.0,0.0
2022-01-22 08:15:06.506093,0.0,0.0,0.0
2022-01-22 08:15:07.004651,0.0,0.0,0.0
2022-01-22 08:15:07.510691,0.0,0.0,0.0
2022-01-22 08:15:08.011045,0.0,0.0,0.0
2022-01-22 08:15:08.508082,0.0,0.0,0.0
2022-01-22 08:15:09.006833,0.0,0.0,0.0
2022-01-22 08:15:09.502726,0.0,0.0,0.0
2022-01-22 08:15:10.001173,0.0,0.0,0.0
2022-01-22 08:15:10.508096,0.0,0.0,0.0
2022-01-22 08:15:11.005144,0.0,0.0,0.0
2022-01-22 08:15:11.510829,0.0,0.0,0.0
2022-01-22 08:15:12.008984,0.0,0.0,0.0
2022-01-22 08:15:12.504920,0.0,0.0,0.0
2022-01-22 08:15:13.003193,0.0,0.0,0.0
2022-01-22 08:15:13.508618,0.0,0.0,0.0
2022-01-22 08:15:14.006503,0.0,0.0,0.0
2022-01-22 08:15:14.502165,0.0,0.0,0.0
2022-01-22 08:15:15.011206,0.0,0.0,0.0
2022-01-22 08:15:15.506840,0.0,0.0,0.0
2022-01-22 08:15:16.003792,0.0,0.0,0.0
2022-01-22 08:15:16.502526,0.0,0.0,0.0
2022-01-22 08:15:17.001696,0.0,0.0,0.0
2022-01-22 08:15:17.507852,0.0,0.0,0.0
2022-01-22 08:15:18.006499,0.0,0.0,0.0
2022-01-22 08:15:18.501100,0.0,0.0,0.0
2022-01-22 08:15:19.010351,0.0,0.0,0.0
2022-01-22 08:15:19.506677,0.0,0.0,0.0
2022-01-22 08:15:20.005013,0.0,0.0,0.0
2022-01-22 08:15:20.510708,0.0,0.0,0.0
2022-01-22 08:15:21.010754,0.0,0.0,0.0
2022-01-22 08:15:21.504736,0.0,0.0,0.0
2022-01-22 08:15:22.002864,0.0,0.0,0.0
2022-01-22 08:15:22.508883,0.0,0.0,0.0
2022-01-22 08:15:23.006206,0.0,0.0,0.0
2022-01-22 08:15:23.501215,0.0,0.0,0.0
2022-01-22 08:15:24.008659,0.0,0.0,0.0
2022-01-22 08:15:24.505804,0.0,0.0,0.0
2022-01-22 08:15:25.004313,0.0,0.0,0.0
2022-01-22 08:15:25.510935,0.0,0.0,0.0
2022-01-22 08:15:26.008076,0.0,0.0,0.0
2022-01-22 08:15:26.502994,0.0,0.0,0.0
2022-01-22 08:15:27.001430,0.0,0.0,0.0
2022-01-22 08:15:27.506647,0.0,0.0,0.0
2022-01-22 08:15:28.004463,0.0,0.0,0.0
2022-01-22 08:15:28.510717,0.0,0.0,0.0
2022-01-22 08:15:29.007541,0.0,0.0,0.0
2022-01-22 08:15:29.502546,0.0,0.0,0.0
2022-01-22 08:15:30.001808,0.0,0.0,0.0
2022-01-22 08:15:30.507277,0.0,0.0,0.0
2022-01-22 08:15:31.007341,0.0,0.0,0.0
2022-01-22 08:15:31.504869,0.0,0.0,0.0
2022-01-22 08:15:32.002301,0.0,0.0,0.0
2022-01-22 08:15:32.508241,0.0,0.0,0.0
2022-01-22 08:15:33.007230,0.0,0.0,0.0
2022-01-22 08:15:33.503379,0.0,0.0,0.0
2022-01-22 08:15:34.002338,0.0,0.0,0.0
2022-01-22 08:15:34.509076,0.0,0.0,0.0
2022-01-22 08:15:35.007406,0.0,0.0,0.0
2022-01-22 08:15:35.504135,0.0,0.0,0.0
2022-01-22 08:15:36.002378,0.0,0.0,0.0
2022-01-22 08:15:36.509564,0.0,0.0,0.0
2022-01-22 08:15:37.009817,0.0,0.0,0.0
2022-01-22 08:15:37.506220,0.0,0.0,0.0
2022-01-22 08:15:38.004369,0.0,0.0,0.0
2022-01-22 08:15:38.509175,0.0,0.0,0.0
2022-01-22 08:15:39.009689,0.0,0.0,0.0
2022-01-22 08:15:39.504254,0.0,0.0,0.0
2022-01-22 08:15:40.002213,0.0,0.0,0.0
2022-01-22 08:15:40.507945,0.0,0.0,0.0
2022-01-22 08:15:41.007269,0.0,0.0,0.0
2022-01-22 08:15:41.504097,0.0,0.0,0.0
2022-01-22 08:15:42.003402,0.0,0.0,0.0
2022-01-22 08:15:42.509710,0.0,0.0,0.0
2022-01-22 08:15:43.006968,0.0,0.0,0.0
2022-01-22 08:15:43.504434,0.0,0.0,0.0
2022-01-22 08:15:44.002413,0.0,0.0,0.0
2022-01-22 08:15:44.509746,0.0,0.0,0.0
2022-01-22 08:15:45.008223,0.0,0.0,0.0
2022-01-22 08:15:45.504049,0.0,0.0,0.0
2022-01-22 08:15:46.010781,0.0,0.0,0.0
2022-01-22 08:15:46.505534,0.0,0.0,0.0
2022-01-22 08:15:47.003814,0.0,0.0,0.0
2022-01-22 08:15:47.502163,0.0,0.0,0.0
2022-01-22 08:15:48.010746,0.0,0.0,0.0
2022-01-22 08:15:48.506625,0.0,0.0,0.0
2022-01-22 08:15:49.003514,0.0,0.0,0.0
2022-01-22 08:15:49.509692,0.0,0.0,0.0
2022-01-22 08:15:50.007871,0.0,0.0,0.0
2022-01-22 08:15:50.503121,0.0,0.0,0.0
2022-01-22 08:15:51.010530,0.0,0.0,0.0
2022-01-22 08:15:51.506370,0.0,0.0,0.0
2022-01-22 08:15:52.004396,0.0,0.0,0.0
2022-01-22 08:15:52.501412,0.0,0.0,0.0
2022-01-22 08:15:53.008720,0.0,0.0,0.0
2022-01-22 08:15:53.504431,0.0,0.0,0.0
2022-01-22 08:15:54.003229,0.0,0.0,0.0
2022-01-22 08:15:54.510710,0.0,0.0,0.0
2022-01-22 08:15:55.008568,0.0,0.0,0.0
2022-01-22 08:15:55.504641,0.0,0.0,0.0
2022-01-22 08:15:56.008460,0.0,0.0,0.0
2022-01-22 08:15:56.505464,0.0,0.0,0.0
2022-01-22 08:15:57.003837,0.0,0.0,0.0
2022-01-22 08:15:57.510790,0.0,0.0,0.0
2022-01-22 08:15:58.007999,0.0,0.0,0.0
2022-01-22 08:15:58.504268,0.0,0.0,0.0
2022-01-22 08:15:59.005613,0.0,0.0,0.0
2022-01-22 08:15:59.501545,0.0,0.0,0.0
2022-01-22 08:16:00.010756,0.0,0.0,0.0
2022-01-22 08:16:00.506441,0.0,0.0,0.0
2022-01-22 08:16:01.005512,0.0,0.0,0.0
2022-01-22 08:16:01.510999,0.0,0.0,0.0
2022-01-22 08:16:02.010232,0.0,0.0,0.0
2022-01-22 08:16:02.505550,0.0,0.0,0.0
2022-01-22 08:16:03.003102,0.0,0.0,0.0
2022-01-22 08:16:03.510315,0.0,0.0,0.0
2022-01-22 08:16:04.010755,0.0,0.0,0.0
2022-01-22 08:16:04.505856,0.0,0.0,0.0
2022-01-22 08:16:05.003817,0.0,0.0,0.0
2022-01-22 08:16:05.501991,0.0,0.0,0.0
2022-01-22 08:16:06.010644,0.0,0.0,0.0
2022-01-22 08:16:06.506609,0.0,0.0,0.0
2022-01-22 08:16:07.004735,0.0,0.0,0.0
2022-01-22 08:16:07.510104,0.0,0.0,0.0
2022-01-22 08:16:08.008193,0.0,0.0,0.0
2022-01-22 08:16:08.503715,0.0,0.0,0.0
2022-01-22 08:16:09.002791,0.0,0.0,0.0
2022-01-22 08:16:09.508439,0.0,0.0,0.0
2022-01-22 08:16:10.007741,0.0,0.0,0.0
2022-01-22 08:16:10.503516,0.0,0.0,0.0
2022-01-22 08:16:11.001858,0.0,0.0,0.0
2022-01-22 08:16:11.507209,0.0,0.0,0.0
2022-01-22 08:16:12.004854,0.0,0.0,0.0
2022-01-22 08:16:12.510721,0.0,0.0,0.0
2022-01-22 08:16:13.007980,0.0,0.0,0.0
2022-01-22 08:16:13.505547,0.0,0.0,0.0
2022-01-22 08:16:14.002614,0.0,0.0,0.0
2022-01-22 08:16:14.509748,0.0,0.0,0.0
2022-01-22 08:16:15.007446,0.0,0.0,0.0
2022-01-22 08:16:15.503374,0.0,0.0,0.0
2022-01-22 08:16:16.002455,0.0,0.0,0.0
2022-01-22 08:16:16.509642,0.0,0.0,0.0
2022-01-22 08:16:17.006912,0.0,0.0,0.0
2022-01-22 08:16:17.503766,0.0,0.0,0.0
2022-01-22 08:16:18.010910,0.0,0.0,0.0
2022-01-22 08:16:18.506720,0.0,0.0,0.0
2022-01-22 08:16:19.004938,0.0,0.0,0.0
2022-01-22 08:16:19.509034,0.0,0.0,0.0
2022-01-22 08:16:20.007886,0.0,0.0,0.0
2022-01-22 08:16:20.503395,0.0,0.0,0.0
2022-01-22 08:16:21.001767,0.0,0.0,0.0
2022-01-22 08:16:21.507342,0.0,0.0,0.0
2022-01-22 08:16:22.004747,0.0,0.0,0.0
2022-01-22 08:16:22.511023,0.0,0.0,0.0
2022-01-22 08:16:23.010403,0.0,0.0,0.0
2022-01-22 08:16:23.506972,0.0,0.0,0.0
2022-01-22 08:16:24.005016,0.0,0.0,0.0
2022-01-22 08:16:24.501101,0.0,0.0,0.0
2022-01-22 08:16:25.009388,0.0,0.0,0.0
2022-01-22 08:16:25.504644,0.0,0.0,0.0
2022-01-22 08:16:26.003498,0.0,0.0,0.0
2022-01-22 08:16:26.510322,0.0,0.0,0.0
2022-01-22 08:16:27.008290,0.0,0.0,0.0
2022-01-22 08:16:27.503607,0.0,0.0,0.0
2022-01-22 08:16:28.003159,0.0,0.0,0.0
2022-01-22 08:16:28.509685,0.0,0.0,0.0
2022-01-22 08:16:29.007400,0.0,0.0,0.0
2022-01-22 08:16:29.502634,0.0,0.0,0.0
2022-01-22 08:16:30.002560,0.0,0.0,0.0
2022-01-22 08:16:30.507969,0.0,0.0,0.0
2022-01-22 08:16:31.005830,0.0,0.0,0.0
2022-01-22 08:16:31.503042,0.0,0.0,0.0
2022-01-22 08:16:32.001464,0.0,0.0,0.0
2022-01-22 08:16:32.507043,0.0,0.0,0.0
2022-01-22 08:16:33.004873,0.0,0.0,0.0
2022-01-22 08:16:33.511142,0.0,0.0,0.0
2022-01-22 08:16:34.010572,0.0,0.0,0.0
2022-01-22 08:16:34.505860,0.0,0.0,0.0
2022-01-22 08:16:35.004076,0.0,0.0,0.0
2022-01-22 08:16:35.501092,0.0,0.0,0.0
2022-01-22 08:16:36.008553,0.0,0.0,0.0
2022-01-22 08:16:36.503925,0.0,0.0,0.0
2022-01-22 08:16:37.002751,0.0,0.0,0.0
2022-01-22 08:16:37.509791,0.0,0.0,0.0
2022-01-22 08:16:38.008501,0.0,0.0,0.0
2022-01-22 08:16:38.506519,0.0,0.0,0.0
2022-01-22 08:16:39.003360,0.0,0.0,0.0
2022-01-22 08:16:39.509739,0.0,0.0,0.0
2022-01-22 08:16:40.007409,0.0,0.0,0.0
2022-01-22 08:16:40.501907,0.0,0.0,0.0
2022-01-22 08:16:41.001160,0.0,0.0,0.0
2022-01-22 08:16:41.507532,0.0,0.0,0.0
2022-01-22 08:16:42.006706,0.0,0.0,0.0
2022-01-22 08:16:42.502000,0.0,0.0,0.0
2022-01-22 08:16:43.010563,0.0,0.0,0.0
2022-01-22 08:16:43.505106,0.0,0.0,0.0
2022-01-22 08:16:44.003946,0.0,0.0,0.0
2022-01-22 08:16:44.510103,0.0,0.0,0.0
2022-01-22 08:16:45.008439,0.0,0.0,0.0
2022-01-22 08:16:45.505609,0.0,0.0,0.0
2022-01-22 08:16:46.003847,0.0,0.0,0.0
2022-01-22 08:16:46.508691,0.0,0.0,0.0
2022-01-22 08:16:47.006443,0.0,0.0,0.0
2022-01-22 08:16:47.510857,0.0,0.0,0.0
2022-01-22 08:16:48.009286,0.0,0.0,0.0
2022-01-22 08:16:48.505059,0.0,0.0,0.0
2022-01-22 08:16:49.004994,0.0,0.0,0.0
2022-01-22 08:16:49.501852,0.0,0.0,0.0
2022-01-22 08:16:50.010808,0.0,0.0,0.0
2022-01-22 08:16:50.504510,0.0,0.0,0.0
2022-01-22 08:16:51.002138,0.0,0.0,0.0
2022-01-22 08:16:51.509135,0.0,0.0,0.0
2022-01-22 08:16:52.008912,0.0,0.0,0.0
2022-01-22 08:16:52.504110,0.0,0.0,0.0
2022-01-22 08:16:53.003146,0.0,0.0,0.0
2022-01-22 08:16:53.509722,0.0,0.0,0.0
2022-01-22 08:16:54.006939,0.0,0.0,0.0
2022-01-22 08:16:54.504922,0.0,0.0,0.0
2022-01-22 08:16:55.002929,0.0,0.0,0.0
2022-01-22 08:16:55.508544,0.0,0.0,0.0
2022-01-22 08:16:56.006780,0.0,0.0,0.0
2022-01-22 08:16:56.501791,0.0,0.0,0.0
2022-01-22 08:16:57.009873,0.0,0.0,0.0
2022-01-22 08:16:57.506555,0.0,0.0,0.0
2022-01-22 08:16:58.003944,0.0,0.0,0.0
2022-01-22 08:16:58.510442,0.0,0.0,0.0
2022-01-22 08:16:59.009843,0.0,0.0,0.0
2022-01-22 08:16:59.505378,0.0,0.0,0.0
2022-01-22 08:17:00.010509,0.0,0.0,0.0
2022-01-22 08:17:00.507735,0.0,0.0,0.0
2022-01-22 08:17:01.005724,0.0,0.0,0.0
2022-01-22 08:17:01.503189,0.0,0.0,0.0
2022-01-22 08:17:02.001407,0.0,0.0,0.0
2022-01-22 08:17:02.509251,0.0,0.0,0.0
2022-01-22 08:17:03.007245,0.0,0.0,0.0
2022-01-22 08:17:03.503368,0.0,0.10275,0.0
2022-01-22 08:17:04.003200,0.0,0.66975,0.0
2022-01-22 08:17:04.510237,0.0,2.372,0.0
2022-01-22 08:17:05.008275,0.56686,1.70225,0.0
2022-01-22 08:17:05.503365,2.4754,1.03125,0.0
2022-01-22 08:17:06.002814,1.59787,0.97925,0.0
2022-01-22 08:17:06.509183,1.2377,2.52675,0.0
2022-01-22 08:17:07.007300,1.18571,2.1665,0.0
2022-01-22 08:17:07.503780,2.99028,2.0625,0.0
2022-01-22 08:17:08.001637,2.4754,2.57875,0.0
2022-01-22 08:17:08.508017,2.21672,2.476,0.0
2022-01-22 08:17:09.005557,1.85655,2.1145,0.0
2022-01-22 08:17:09.502656,2.63011,2.32125,0.0
2022-01-22 08:17:10.010361,2.57812,2.57875,0.0
2022-01-22 08:17:10.506039,1.75258,1.4955,0.0
2022-01-22 08:17:11.010034,0.97902,1.08325,0.0
2022-01-22 08:17:11.506952,-0.20545,-0.05075,0.0
2022-01-22 08:17:12.003385,-0.20545,-0.15475,0.0
2022-01-22 08:17:12.509745,0.0,0.0,0.0
2022-01-22 08:17:13.008301,0.0,0.0,0.0
2022-01-22 08:17:13.502857,0.0,0.05075,0.0
2022-01-22 08:17:14.000959,0.0,0.0,0.0
2022-01-22 08:17:14.506423,0.0,0.0,0.0
2022-01-22 08:17:15.004933,0.0,0.0,0.0
2022-01-22 08:17:15.502680,0.0,0.05075,0.0
2022-01-22 08:17:16.010092,0.0,0.0,0.0
2022-01-22 08:17:16.507338,0.0,0.0,0.0
2022-01-22 08:17:17.004334,0.0,0.0,0.0
2022-01-22 08:17:17.509770,0.0,0.0,0.0
2022-01-22 08:17:18.007660,0.0,0.0,0.0
2022-01-22 08:17:18.504237,0.0,0.0,0.0
2022-01-22 08:17:19.001965,0.0,0.0,0.0
2022-01-22 08:17:19.508173,0.05074,0.0,0.0
2022-01-22 08:17:20.007141,0.05074,0.0,0.0
2022-01-22 08:17:20.501758,0.05074,0.0,0.0
2022-01-22 08:17:21.011172,0.0,0.0,0.0
2022-01-22 08:17:21.506194,0.0,0.0,0.0
2022-01-22 08:17:22.004159,0.0,0.0,0.0
2022-01-22 08:17:22.510385,0.0,0.0,0.0
2022-01-22 08:17:23.008034,0.0,0.0,0.0
2022-01-22 08:17:23.503152,0.0,0.0,0.0
2022-01-22 08:17:24.010672,0.0,0.0,0.0
2022-01-22 08:17:24.505910,0.0,0.0,0.0
2022-01-22 08:17:25.004396,0.0,0.0,0.0
2022-01-22 08:17:25.511063,0.0,0.0,0.0
2022-01-22 08:17:26.007809,0.0,0.0,0.0
2022-01-22 08:17:26.503546,0.0,0.0,0.0
2022-01-22 08:17:27.001557,0.0,0.05075,0.0
2022-01-22 08:17:27.508399,0.05074,0.0,0.0
2022-01-22 08:17:28.007996,0.0,0.05075,0.0
2022-01-22 08:17:28.504169,0.0,0.0,0.0
2022-01-22 08:17:29.003079,0.0,0.05075,0.0
2022-01-22 08:17:29.508891,0.0,0.05075,0.0
2022-01-22 08:17:30.006572,0.0,0.0,0.0
2022-01-22 08:17:30.502141,0.0,0.0,0.0
2022-01-22 08:17:31.001092,0.0,0.0,0.0
2022-01-22 08:17:31.506179,0.0,0.0,0.0
2022-01-22 08:17:32.004070,0.05074,0.0,0.0
2022-01-22 08:17:32.508928,0.05074,0.0,0.0
2022-01-22 08:17:33.006693,0.0,-0.05075,0.0
2022-01-22 08:17:33.504596,0.0,0.0,0.0
2022-01-22 08:17:34.002051,0.0,0.0,0.0
2022-01-22 08:17:34.506710,0.0,0.0,0.0
2022-01-22 08:17:35.005690,0.05074,0.05075,0.0
2022-01-22 08:17:35.503418,0.05074,0.05075,0.0
2022-01-22 08:17:36.002241,0.05074,0.10275,0.0
2022-01-22 08:17:36.509110,0.05074,0.05075,0.0
2022-01-22 08:17:37.006752,0.0,0.05075,0.0
2022-01-22 08:17:37.506158,0.0,0.0,0.0
2022-01-22 08:17:38.002745,0.0,0.0,0.0
2022-01-22 08:17:38.509221,0.05074,0.10275,0.0
2022-01-22 08:17:39.007481,0.05074,0.10275,0.0
2022-01-22 08:17:39.503594,0.05074,0.05075,0.0
2022-01-22 08:17:40.002428,0.0,0.0,0.0
2022-01-22 08:17:40.507860,0.0,0.0,0.0
2022-01-22 08:17:41.006035,0.0,0.05075,0.0
2022-01-22 08:17:41.502356,0.05074,0.05075,0.0
2022-01-22 08:17:42.002537,0.10272,0.10275,0.0
2022-01-22 08:17:42.507632,0.05074,0.05075,0.0
2022-01-22 08:17:43.004961,0.0,0.0,0.0
2022-01-22 08:17:43.510880,0.0,0.0,0.0
2022-01-22 08:17:44.010065,0.0,0.0,0.0
2022-01-22 08:17:44.506485,0.05074,0.05075,0.0
2022-01-22 08:17:45.003408,0.10272,0.10275,0.0
2022-01-22 08:17:45.509448,0.10272,0.10275,0.0
2022-01-22 08:17:46.007332,0.05074,0.05075,0.0
2022-01-22 08:17:46.504712,0.0,0.0,0.0
2022-01-22 08:17:47.002887,0.0,0.0,0.0
2022-01-22 08:17:47.509266,0.0,0.0,0.0
2022-01-22 08:17:48.007932,0.05074,0.05075,0.0
2022-01-22 08:17:48.504097,0.10272,0.10275,0.0
2022-01-22 08:17:49.002200,0.10272,0.10275,0.0
2022-01-22 08:17:49.509074,0.05074,0.05075,0.0
2022-01-22 08:17:50.007484,0.0,0.05075,0.0
2022-01-22 08:17:50.504416,0.0,0.0,0.0
2022-01-22 08:17:51.004865,0.0,0.0,0.0
2022-01-22 08:17:51.501092,0.05074,0.05075,0.0
2022-01-22 08:17:52.009718,0.20545,0.2055,0.0
2022-01-22 08:17:52.505200,1.34042,1.39275,0.0
2022-01-22 08:17:53.003236,1.64985,1.5475,0.0
2022-01-22 08:17:53.508886,1.49514,1.4955,0.0
2022-01-22 08:17:54.008487,1.70183,1.90775,0.0
2022-01-22 08:17:54.503728,2.57812,2.476,0.0
2022-01-22 08:17:55.002364,2.83557,2.6815,0.0
2022-01-22 08:17:55.510412,3.24896,3.662,0.0
2022-01-22 08:17:56.008223,3.66111,3.662,0.0
2022-01-22 08:17:56.504069,3.76384,3.45525,0.0
2022-01-22 08:17:57.002702,4.69212,5.519,0.0
2022-01-22 08:17:57.508901,5.7751,5.519,0.0
2022-01-22 08:17:58.006721,6.80735,6.85975,0.0
2022-01-22 08:17:58.502456,7.78637,8.047,0.0
2022-01-22 08:17:59.010471,8.61191,8.45925,0.0
2022-01-22 08:17:59.505665,9.59217,10.2135,0.0
2022-01-22 08:18:00.005198,11.29401,11.142,0.0
2022-01-22 08:18:00.504240,12.06757,11.86375,0.0
2022-01-22 08:18:01.002714,13.04659,13.566,0.0
2022-01-22 08:18:01.508847,13.97487,14.03025,0.0
2022-01-22 08:18:02.007787,14.18156,14.4425,0.0
2022-01-22 08:18:02.504424,15.8834,16.2995,0.0
2022-01-22 08:18:03.003563,16.65696,16.55825,0.0
2022-01-22 08:18:03.509166,16.39952,16.042,0.0
2022-01-22 08:18:04.009005,15.93538,16.14475,0.0
2022-01-22 08:18:04.504491,16.0901,16.4035,0.0
2022-01-22 08:18:05.002788,15.83142,16.042,0.0
2022-01-22 08:18:05.508147,15.72869,15.88725,0.0
2022-01-22 08:18:06.005628,15.93538,16.19675,0.0
2022-01-22 08:18:06.503353,16.03811,16.19675,0.0
2022-01-22 08:18:07.001906,18.97765,19.3945,0.0
2022-01-22 08:18:07.508128,20.78222,20.7365,0.0
2022-01-22 08:18:08.006311,21.09164,21.2515,0.0
2022-01-22 08:18:08.502835,23.41233,24.3465,0.0
2022-01-22 08:18:09.011199,24.70201,24.3465,0.0
2022-01-22 08:18:09.502139,24.44457,25.327,0.0
2022-01-22 08:18:10.010623,25.63029,26.46225,0.0
2022-01-22 08:18:10.506063,27.48684,26.513,0.0
2022-01-22 08:18:11.009953,26.816,27.02925,0.0
2022-01-22 08:18:11.505476,26.76526,27.08125,0.0
2022-01-22 08:18:12.003521,26.35187,27.803,0.0
2022-01-22 08:18:12.508495,27.17741,28.1645,0.0
2022-01-22 08:18:13.006720,28.98198,28.62875,0.0
2022-01-22 08:18:13.503386,28.93123,29.19575,0.0
2022-01-22 08:18:14.505214,28.93123,29.2985,0.0
2022-01-22 08:18:15.004627,29.4981,29.55725,0.0
2022-01-22 08:18:15.510484,29.4981,29.4025,0.0
2022-01-22 08:18:16.008281,29.34339,29.76275,0.0
2022-01-22 08:18:16.504095,28.98198,29.81475,0.0
2022-01-22 08:18:17.002864,29.55008,29.9695,0.0
2022-01-22 08:18:17.509828,29.7048,29.86675,0.0
2022-01-22 08:18:18.008049,30.06497,30.279,0.0
2022-01-22 08:18:18.503835,29.65281,30.17625,0.0
2022-01-22 08:18:19.003828,29.80752,30.279,0.0
2022-01-22 08:18:19.509725,29.96224,30.5365,0.0
2022-01-22 08:18:20.006788,30.06497,29.86675,0.0
2022-01-22 08:18:20.502375,29.44612,29.9695,0.0
2022-01-22 08:18:21.010782,29.91025,30.5365,0.0
2022-01-22 08:18:21.505377,30.01422,29.9695,0.0
2022-01-22 08:18:22.004444,30.21968,30.38175,0.0
2022-01-22 08:18:22.509938,29.75554,30.331,0.0
2022-01-22 08:18:23.008172,29.60083,29.81475,0.0
2022-01-22 08:18:23.505767,29.96224,30.38175,0.0
2022-01-22 08:18:24.003943,30.11695,30.279,0.0
2022-01-22 08:18:24.502037,30.21968,29.9695,0.0
2022-01-22 08:18:25.001340,29.4981,30.07225,0.0
2022-01-22 08:18:25.508499,29.2914,30.5885,0.0
2022-01-22 08:18:26.006203,29.60083,29.81475,0.0
2022-01-22 08:18:26.501165,30.78778,30.07225,0.0
2022-01-22 08:18:27.010102,30.27166,30.69125,0.0
2022-01-22 08:18:27.504912,29.65281,29.712,0.0
2022-01-22 08:18:28.004318,28.72454,30.0215,0.0
2022-01-22 08:18:28.508774,29.44612,31.00075,0.0
2022-01-22 08:18:29.006366,30.83853,30.43375,0.0
2022-01-22 08:18:29.501840,30.27166,29.86675,0.0
2022-01-22 08:18:30.009554,29.34339,30.0215,0.0
2022-01-22 08:18:30.504669,28.62181,30.17625,0.0
2022-01-22 08:18:31.003161,30.01422,30.279,0.0
2022-01-22 08:18:31.508551,30.47836,30.12425,0.0
2022-01-22 08:18:32.006607,30.21968,30.279,0.0
2022-01-22 08:18:32.503591,29.7048,30.12425,0.0
2022-01-22 08:18:33.001915,29.03396,30.0215,0.0
2022-01-22 08:18:33.509125,30.16893,30.5885,0.0
2022-01-22 08:18:34.008279,30.47836,30.227,0.0
2022-01-22 08:18:34.503941,30.32365,30.07225,0.0
2022-01-22 08:18:35.003798,29.55008,30.79525,0.0
2022-01-22 08:18:35.510845,28.36313,29.66,0.0
2022-01-22 08:18:36.009737,29.7048,29.608,0.0
2022-01-22 08:18:36.504328,30.9425,30.898,0.0
2022-01-22 08:18:37.005757,30.27166,30.43375,0.0
2022-01-22 08:18:37.501423,29.85951,29.50525,0.0
2022-01-22 08:18:38.010341,28.62181,29.86675,0.0
2022-01-22 08:18:38.506911,30.01422,30.69125,0.0
2022-01-22 08:18:39.004946,30.37439,30.38175,0.0
2022-01-22 08:18:39.501339,29.75554,30.0215,0.0
2022-01-22 08:18:40.009465,29.60083,30.48575,0.0
2022-01-22 08:18:40.504339,28.98198,29.86675,0.0
2022-01-22 08:18:41.002260,30.5291,30.5365,0.0
2022-01-22 08:18:41.510651,30.21968,30.5885,0.0
2022-01-22 08:18:42.008087,29.80752,29.712,0.0
2022-01-22 08:18:42.502728,29.39537,29.50525,0.0
2022-01-22 08:18:43.001126,29.60083,30.6405,0.0
2022-01-22 08:18:43.506833,30.32365,30.43375,0.0
2022-01-22 08:18:44.005394,30.5291,30.43375,0.0
2022-01-22 08:18:44.501802,29.65281,30.12425,0.0
2022-01-22 08:18:45.010063,29.75554,30.17625,0.0
2022-01-22 08:18:45.506718,29.91025,30.331,0.0
2022-01-22 08:18:46.005808,30.16893,30.43375,0.0
2022-01-22 08:18:46.502306,30.06497,30.227,0.0
2022-01-22 08:18:47.010605,29.85951,29.76275,0.0
2022-01-22 08:18:47.506621,29.18867,30.43375,0.0
2022-01-22 08:18:48.005401,29.85951,30.07225,0.0
2022-01-22 08:18:48.502625,30.68382,30.0215,0.0
2022-01-22 08:18:49.011042,30.42637,30.0215,0.0
2022-01-22 08:18:49.505822,29.91025,29.76275,0.0
2022-01-22 08:18:50.004321,29.39537,30.43375,0.0
2022-01-22 08:18:50.510785,30.01422,30.331,0.0
2022-01-22 08:18:51.008579,31.30267,29.81475,0.0
2022-01-22 08:18:51.502752,30.58109,30.43375,0.0
2022-01-22 08:18:52.010983,29.91025,30.38175,0.0
2022-01-22 08:18:52.506894,29.24066,30.07225,0.0
2022-01-22 08:18:53.005567,29.03396,30.227,0.0
2022-01-22 08:18:53.501138,30.11695,29.9695,0.0
2022-01-22 08:18:54.009725,30.78778,30.331,0.0
2022-01-22 08:18:54.505083,30.01422,30.279,0.0
2022-01-22 08:18:55.003222,29.4981,29.86675,0.0
2022-01-22 08:18:55.501234,29.34339,30.5365,0.0
2022-01-22 08:18:56.008673,30.99324,30.12425,0.0
2022-01-22 08:18:56.503430,30.32365,30.43375,0.0
2022-01-22 08:18:57.002799,30.37439,30.43375,0.0
2022-01-22 08:18:57.508485,29.7048,29.86675,0.0
2022-01-22 08:18:58.006750,29.75554,30.331,0.0
2022-01-22 08:18:58.503247,30.27166,30.43375,0.0
2022-01-22 08:18:59.001892,30.01422,30.12425,0.0
2022-01-22 08:18:59.507656,29.80752,29.9695,0.0
2022-01-22 08:19:00.006850,29.08595,30.12425,0.0
2022-01-22 08:19:00.510333,29.03396,29.9695,0.0
2022-01-22 08:19:01.008125,29.75554,30.5885,0.0
2022-01-22 08:19:01.503016,30.27166,30.17625,0.0
2022-01-22 08:19:02.010515,30.27166,29.9175,0.0
2022-01-22 08:19:02.506317,29.75554,30.38175,0.0
2022-01-22 08:19:03.003789,29.18867,30.38175,0.0
2022-01-22 08:19:03.510704,30.58109,30.17625,0.0
2022-01-22 08:19:04.010663,29.91025,30.227,0.0
2022-01-22 08:19:04.504401,29.60083,30.12425,0.0
2022-01-22 08:19:05.002096,29.24066,29.9695,0.0
2022-01-22 08:19:05.509190,29.85951,30.5365,0.0
2022-01-22 08:19:06.006697,30.01422,30.17625,0.0
2022-01-22 08:19:06.503125,30.01422,29.9175,0.0
2022-01-22 08:19:07.010807,29.7048,30.279,0.0
2022-01-22 08:19:07.506164,29.44612,30.331,0.0
2022-01-22 08:19:08.004837,29.96224,30.227,0.0
2022-01-22 08:19:08.510571,30.32365,30.5365,0.0
2022-01-22 08:19:09.009449,30.37439,30.227,0.0
2022-01-22 08:19:09.504519,30.06497,29.9695,0.0
2022-01-22 08:19:10.002495,29.44612,30.43375,0.0
2022-01-22 08:19:10.507272,29.18867,30.17625,0.0
2022-01-22 08:19:11.001019,30.5291,30.0215,0.0
2022-01-22 08:19:11.505676,30.58109,30.331,0.0
2022-01-22 08:19:12.003999,30.11695,30.279,0.0
2022-01-22 08:19:12.501041,28.98198,29.81475,0.0
2022-01-22 08:19:13.008581,29.34339,30.43375,0.0
2022-01-22 08:19:13.504155,30.32365,30.48575,0.0
2022-01-22 08:19:14.002931,30.42637,30.0215,0.0
2022-01-22 08:19:14.509715,30.11695,30.38175,0.0
2022-01-22 08:19:15.008096,29.39537,30.279,0.0
2022-01-22 08:19:15.504093,29.34339,29.9175,0.0
2022-01-22 08:19:16.002541,31.14795,30.48575,0.0
2022-01-22 08:19:16.510392,30.58109,30.17625,0.0
2022-01-22 08:19:17.007941,29.55008,29.9695,0.0
2022-01-22 08:19:17.503389,29.03396,30.17625,0.0
2022-01-22 08:19:18.001826,28.93123,30.227,0.0
2022-01-22 08:19:18.507504,30.58109,30.227,0.0
2022-01-22 08:19:19.007724,30.47836,29.9175,0.0
2022-01-22 08:19:19.508253,29.85951,30.331,0.0
2022-01-22 08:19:20.006824,28.56982,30.5885,0.0
2022-01-22 08:19:20.501888,30.21968,30.07225,0.0
2022-01-22 08:19:21.010558,30.68382,30.5885,0.0
2022-01-22 08:19:21.508091,30.42637,30.227,0.0
2022-01-22 08:19:22.006747,29.60083,29.3505,0.0
2022-01-22 08:19:22.502709,28.77652,30.5365,0.0
2022-01-22 08:19:23.011248,30.01422,30.6405,0.0
2022-01-22 08:19:23.505777,30.27166,30.0215,0.0
2022-01-22 08:19:24.004442,30.01422,29.55725,0.0
2022-01-22 08:19:24.510958,29.7048,30.43375,0.0
2022-01-22 08:19:25.009796,29.24066,30.07225,0.0
2022-01-22 08:19:25.506761,30.16893,30.12425,0.0
2022-01-22 08:19:26.005374,29.91025,30.74325,0.0
2022-01-22 08:19:26.502004,29.85951,30.17625,0.0
2022-01-22 08:19:27.009529,29.55008,29.712,0.0
2022-01-22 08:19:27.502705,29.80752,30.846,0.0
2022-01-22 08:19:28.002483,29.80752,30.331,0.0
2022-01-22 08:19:28.506706,29.7048,30.17625,0.0
2022-01-22 08:19:29.004436,29.96224,29.76275,0.0
2022-01-22 08:19:29.501369,29.80752,30.48575,0.0
2022-01-22 08:19:30.010999,29.65281,30.38175,0.0
2022-01-22 08:19:30.509158,29.80752,30.12425,0.0
2022-01-22 08:19:31.006752,30.32365,30.331,0.0
2022-01-22 08:19:31.501899,30.16893,30.227,0.0
2022-01-22 08:19:32.010315,29.44612,30.38175,0.0
2022-01-22 08:19:32.507199,29.39537,30.79525,0.0
2022-01-22 08:19:33.009736,30.01422,30.38175,0.0
2022-01-22 08:19:33.501892,30.42637,29.9175,0.0
2022-01-22 08:19:34.010456,30.32365,30.12425,0.0
2022-01-22 08:19:34.504561,30.01422,30.17625,0.0
2022-01-22 08:19:35.003329,29.24066,30.17625,0.0
2022-01-22 08:19:35.507895,29.44612,30.227,0.0
2022-01-22 08:19:36.007683,30.32365,30.12425,0.0
2022-01-22 08:19:36.503284,30.01422,30.331,0.0
2022-01-22 08:19:37.011034,29.7048,30.38175,0.0
2022-01-22 08:19:37.505743,28.62181,29.9695,0.0
2022-01-22 08:19:38.003283,30.32365,30.07225,0.0
2022-01-22 08:19:38.508936,30.21968,30.5365,0.0
2022-01-22 08:19:39.007029,30.11695,30.43375,0.0
2022-01-22 08:19:39.505821,29.24066,29.712,0.0
2022-01-22 08:19:40.003176,29.39537,30.38175,0.0
2022-01-22 08:19:40.506157,30.78778,30.17625,0.0
2022-01-22 08:19:41.004878,30.32365,29.86675,0.0
2022-01-22 08:19:41.510798,30.16893,30.38175,0.0
2022-01-22 08:19:42.008612,29.18867,30.0215,0.0
2022-01-22 08:19:42.504807,29.85951,30.227,0.0
2022-01-22 08:19:43.002706,31.04522,30.69125,0.0
2022-01-22 08:19:43.508774,30.32365,30.0215,0.0
2022-01-22 08:19:44.006842,30.11695,29.9175,0.0
2022-01-22 08:19:44.501148,29.44612,30.331,0.0
2022-01-22 08:19:45.008405,29.24066,30.38175,0.0
2022-01-22 08:19:45.506099,30.58109,30.43375,0.0
2022-01-22 08:19:46.004016,30.06497,30.17625,0.0
2022-01-22 08:19:46.508586,29.65281,29.712,0.0
2022-01-22 08:19:47.006898,29.75554,30.17625,0.0
2022-01-22 08:19:47.502573,29.7048,30.48575,0.0
2022-01-22 08:19:48.010845,30.11695,30.17625,0.0
2022-01-22 08:19:48.506745,30.27166,29.9175,0.0
2022-01-22 08:19:49.004165,29.60083,30.38175,0.0
2022-01-22 08:19:49.509437,29.7048,30.227,0.0
2022-01-22 08:19:50.007781,29.85951,30.38175,0.0
2022-01-22 08:19:50.503381,30.01422,30.43375,0.0
2022-01-22 08:19:51.010475,29.96224,29.81475,0.0
2022-01-22 08:19:51.507575,29.65281,30.38175,0.0
2022-01-22 08:19:52.006288,29.60083,30.6405,0.0
2022-01-22 08:19:52.503346,29.80752,30.12425,0.0
2022-01-22 08:19:53.001563,30.42637,29.9695,0.0
2022-01-22 08:19:53.507289,30.16893,30.12425,0.0
2022-01-22 08:19:54.005471,29.91025,30.279,0.0
2022-01-22 08:19:54.501528,28.98198,30.38175,0.0
2022-01-22 08:19:55.010048,29.4981,30.331,0.0
2022-01-22 08:19:55.504992,30.01422,30.17625,0.0
2022-01-22 08:19:56.003308,29.96224,30.07225,0.0
2022-01-22 08:19:56.508704,30.11695,30.227,0.0
2022-01-22 08:19:57.009284,28.98198,30.279,0.0
2022-01-22 08:19:57.506313,29.65281,30.331,0.0
2022-01-22 08:19:58.003008,30.68382,30.279,0.0
2022-01-22 08:19:58.508017,30.68382,30.331,0.0
2022-01-22 08:19:59.006371,30.11695,29.9175,0.0
2022-01-22 08:19:59.501214,29.18867,30.227,0.0
2022-01-22 08:20:00.008852,30.06497,30.38175,0.0
2022-01-22 08:20:00.505370,31.25192,30.0215,0.0
2022-01-22 08:20:01.003216,30.37439,30.12425,0.0
2022-01-22 08:20:01.510585,29.75554,30.279,0.0
2022-01-22 08:20:02.008152,29.08595,30.0215,0.0
2022-01-22 08:20:02.504462,28.93123,30.17625,0.0
2022-01-22 08:20:03.002327,30.42637,30.5885,0.0
2022-01-22 08:20:03.508465,30.27166,30.12425,0.0
2022-01-22 08:20:04.007777,29.85951,29.9175,0.0
2022-01-22 08:20:04.503579,29.4981,30.846,0.0
2022-01-22 08:20:05.003340,30.78778,30.69125,0.0
2022-01-22 08:20:05.508978,30.5291,30.07225,0.0
2022-01-22 08:20:06.007234,29.80752,30.12425,0.0
2022-01-22 08:20:06.501528,29.60083,30.279,0.0
2022-01-22 08:20:07.002093,30.11695,30.5365,0.0
2022-01-22 08:20:07.507974,29.85951,30.17625,0.0
2022-01-22 08:20:08.008002,30.16893,30.07225,0.0
2022-01-22 08:20:08.504797,29.91025,29.9175,0.0
2022-01-22 08:20:09.002677,29.4981,30.43375,0.0
2022-01-22 08:20:09.509887,29.18867,30.48575,0.0
2022-01-22 08:20:10.007375,30.42637,30.12425,0.0
2022-01-22 08:20:10.501905,30.16893,30.227,0.0
2022-01-22 08:20:11.006242,29.55008,30.43375,0.0
2022-01-22 08:20:11.502330,30.27166,29.9695,0.0
2022-01-22 08:20:12.001053,29.75554,30.6405,0.0
2022-01-22 08:20:12.505818,29.2914,30.227,0.0
2022-01-22 08:20:13.004386,30.11695,29.2985,0.0
2022-01-22 08:20:13.510226,30.42637,30.0215,0.0
2022-01-22 08:20:14.008256,29.91025,30.5365,0.0
2022-01-22 08:20:14.504546,29.03396,29.9175,0.0
2022-01-22 08:20:15.002124,29.65281,30.07225,0.0
2022-01-22 08:20:15.508277,30.78778,30.48575,0.0
2022-01-22 08:20:16.007056,30.37439,30.0215,0.0
2022-01-22 08:20:16.501008,29.75554,30.38175,0.0
2022-01-22 08:20:17.009521,29.39537,30.846,0.0
2022-01-22 08:20:17.507916,30.01422,30.17625,0.0
2022-01-22 08:20:18.007175,30.47836,30.0215,0.0
2022-01-22 08:20:18.504345,30.21968,30.331,0.0
2022-01-22 08:20:19.004023,30.06497,30.48575,0.0
2022-01-22 08:20:19.510133,28.82727,29.9175,0.0
2022-01-22 08:20:20.007300,29.13669,29.9695,0.0
2022-01-22 08:20:20.503506,29.75554,30.5885,0.0
2022-01-22 08:20:21.002030,30.21968,29.66,0.0
2022-01-22 08:20:21.507983,30.06497,30.227,0.0
2022-01-22 08:20:22.004755,29.55008,30.6405,0.0
2022-01-22 08:20:22.509027,29.75554,30.07225,0.0
2022-01-22 08:20:23.009466,30.83853,29.9695,0.0
2022-01-22 08:20:23.507352,30.37439,30.79525,0.0
2022-01-22 08:20:24.006636,29.60083,30.12425,0.0
2022-01-22 08:20:25.004888,29.7048,30.38175,0.0
2022-01-22 08:20:25.510746,30.58109,29.9695,0.0
2022-01-22 08:20:26.007928,30.32365,30.07225,0.0
2022-01-22 08:20:26.504105,29.2914,30.17625,0.0
2022-01-22 08:20:27.002685,28.87925,30.17625,0.0
2022-01-22 08:20:27.509829,29.34339,30.17625,0.0
2022-01-22 08:20:28.008895,30.21968,30.331,0.0
2022-01-22 08:20:28.504906,30.11695,30.279,0.0
2022-01-22 08:20:29.002780,29.24066,30.38175,0.0
2022-01-22 08:20:29.508918,28.98198,30.74325,0.0
2022-01-22 08:20:30.008449,30.63307,30.279,0.0
2022-01-22 08:20:30.503959,30.47836,29.76275,0.0
2022-01-22 08:20:31.003447,30.16893,30.17625,0.0
2022-01-22 08:20:31.509911,29.60083,30.38175,0.0
2022-01-22 08:20:32.008126,28.67255,30.07225,0.0
2022-01-22 08:20:32.505366,30.16893,29.81475,0.0
2022-01-22 08:20:33.003757,30.27166,30.07225,-0.03864
2022-01-22 08:20:33.508984,29.7048,29.9695,-0.03864
2022-01-22 08:20:34.007984,29.75554,30.69125,0.0
2022-01-22 08:20:34.504655,29.24066,30.5365,0.0
2022-01-22 08:20:35.003453,30.68382,29.9695,0.0
2022-01-22 08:20:35.509514,30.11695,30.227,0.0
2022-01-22 08:20:36.008285,29.75554,30.5885,0.0
2022-01-22 08:20:36.505118,29.55008,30.227,0.0
2022-01-22 08:20:37.004337,29.85951,30.0215,0.0
2022-01-22 08:20:37.510331,30.37439,30.0215,0.0
2022-01-22 08:20:38.007982,30.01422,30.12425,0.0
2022-01-22 08:20:38.505514,29.7048,30.07225,0.0
2022-01-22 08:20:39.003876,29.13669,30.38175,0.0
2022-01-22 08:20:39.509514,29.4981,29.9695,0.0
2022-01-22 08:20:40.008925,30.27166,30.0215,0.0
2022-01-22 08:20:40.503319,29.7048,30.69125,0.0
2022-01-22 08:20:41.003249,29.96224,30.331,0.0
2022-01-22 08:20:41.501161,29.03396,30.227,0.0
2022-01-22 08:20:42.008980,29.4981,30.17625,0.0
2022-01-22 08:20:42.504434,30.42637,30.12425,0.0
2022-01-22 08:20:43.002433,29.96224,30.43375,0.0
2022-01-22 08:20:43.508834,30.21968,30.12425,0.0
2022-01-22 08:20:44.007422,29.91025,29.9695,0.0
2022-01-22 08:20:44.501542,29.60083,30.279,0.0
2022-01-22 08:20:45.009393,30.9425,30.279,0.0
2022-01-22 08:20:45.505051,30.16893,29.9175,0.0
2022-01-22 08:20:46.004536,29.91025,30.227,0.0
2022-01-22 08:20:46.509785,29.08595,30.5885,0.0
2022-01-22 08:20:47.006706,29.4981,30.17625,0.0
2022-01-22 08:20:47.501639,30.7358,30.38175,0.0
2022-01-22 08:20:48.010202,30.16893,30.331,0.0
2022-01-22 08:20:48.505444,29.91025,29.86675,0.0
2022-01-22 08:20:49.002906,28.82727,30.43375,0.0
2022-01-22 08:20:49.508840,29.39537,30.48575,0.0
2022-01-22 08:20:50.006744,30.37439,29.76275,0.0
