時間,回転１,回転２,回転３
2022-01-22 13:00:00.004857,28.56982,28.474,0.0
2022-01-22 13:00:00.502357,29.24066,28.31925,0.0
2022-01-22 13:00:01.003840,28.98198,28.93825,0.0
2022-01-22 13:00:01.509512,28.72454,28.57675,0.0
2022-01-22 13:00:02.007483,28.0537,28.57675,0.0
2022-01-22 13:00:02.502714,27.64155,28.52475,0.0
2022-01-22 13:00:03.010642,28.56982,28.6795,0.0
2022-01-22 13:00:03.507176,28.82727,28.62875,0.0
2022-01-22 13:00:04.005419,28.93123,28.83425,0.0
2022-01-22 13:00:04.510786,28.62181,29.093,0.0
2022-01-22 13:00:05.008459,28.2604,28.7835,0.0
2022-01-22 13:00:05.506397,27.95097,28.474,0.0
2022-01-22 13:00:06.004467,28.77652,28.6795,0.0
2022-01-22 13:00:06.509976,28.77652,28.52475,0.0
2022-01-22 13:00:07.008261,27.84825,28.52475,0.0
2022-01-22 13:00:07.504658,28.20842,28.62875,0.0
2022-01-22 13:00:08.002647,28.82727,28.7315,0.0
2022-01-22 13:00:08.508380,29.18867,28.62875,0.0
2022-01-22 13:00:09.007759,28.93123,28.37,0.0
2022-01-22 13:00:09.503143,28.15767,28.93825,0.0
2022-01-22 13:00:10.504426,27.17741,28.6795,0.0
2022-01-22 13:00:11.010771,29.34339,28.93825,0.0
2022-01-22 13:00:11.506767,29.03396,28.83425,0.0
2022-01-22 13:00:12.005019,28.87925,28.62875,0.0
2022-01-22 13:00:12.510751,28.2604,28.52475,0.0
2022-01-22 13:00:13.010414,27.84825,28.83425,0.0
2022-01-22 13:00:13.504646,27.58957,28.422,0.0
2022-01-22 13:00:14.002224,29.39537,28.37,0.0
2022-01-22 13:00:14.507812,29.13669,28.62875,0.0
2022-01-22 13:00:15.005408,28.72454,28.7835,0.0
2022-01-22 13:00:16.005080,28.4671,28.37,0.0
2022-01-22 13:00:16.510240,28.51784,28.88625,0.0
2022-01-22 13:00:17.007497,28.87925,28.989,0.0
2022-01-22 13:00:17.504230,28.82727,28.83425,0.0
2022-01-22 13:00:18.003438,28.2604,28.7835,0.0
2022-01-22 13:00:18.510464,28.36313,28.6795,0.0
2022-01-22 13:00:19.008916,28.41511,28.26725,0.0
2022-01-22 13:00:19.507225,28.56982,28.7315,0.0
2022-01-22 13:00:20.005745,28.36313,28.989,0.0
2022-01-22 13:00:20.501077,28.31238,28.57675,0.0
2022-01-22 13:00:21.010268,28.0537,28.21525,0.0
2022-01-22 13:00:21.505101,28.77652,28.474,0.0
2022-01-22 13:00:22.004246,28.77652,29.19575,0.0
2022-01-22 13:00:22.508966,28.51784,28.7315,0.0
2022-01-22 13:00:23.009041,27.89899,28.7835,0.0
2022-01-22 13:00:23.503584,28.10569,28.62875,0.0
2022-01-22 13:00:24.002313,29.2914,28.6795,0.0
2022-01-22 13:00:24.508024,29.60083,29.041,0.0
2022-01-22 13:00:25.007095,29.08595,29.14375,0.0
2022-01-22 13:00:25.502035,28.51784,28.474,0.0
2022-01-22 13:00:26.010799,27.89899,28.26725,0.0
2022-01-22 13:00:26.506578,27.64155,28.26725,0.0
2022-01-22 13:00:27.005558,29.2914,28.989,0.0
2022-01-22 13:00:27.502409,28.87925,28.88625,0.0
2022-01-22 13:00:28.010768,28.56982,28.422,0.0
2022-01-22 13:00:28.506276,28.2604,28.1645,0.0
2022-01-22 13:00:29.003451,27.89899,28.88625,0.0
2022-01-22 13:00:29.509026,28.4671,29.093,0.0
2022-01-22 13:00:30.007178,28.56982,28.52475,0.0
2022-01-22 13:00:30.502750,27.89899,28.83425,0.0
2022-01-22 13:00:31.010329,28.10569,28.7315,0.0
2022-01-22 13:00:31.507066,28.20842,28.989,0.0
2022-01-22 13:00:32.005068,29.4981,28.474,0.0
2022-01-22 13:00:32.510681,29.34339,28.31925,0.0
2022-01-22 13:00:33.009460,28.41511,28.6795,0.0
2022-01-22 13:00:33.505847,28.15767,28.57675,0.0
2022-01-22 13:00:34.004473,27.79626,28.37,0.0
2022-01-22 13:00:34.501098,28.56982,28.7315,0.0
2022-01-22 13:00:35.008280,28.87925,28.6795,0.0
2022-01-22 13:00:35.506550,28.31238,28.57675,0.0
2022-01-22 13:00:36.004831,27.79626,28.57675,0.0
2022-01-22 13:00:36.501130,27.79626,29.093,0.0
2022-01-22 13:00:37.009554,28.93123,28.7315,0.0
2022-01-22 13:00:37.505069,28.98198,28.26725,0.0
2022-01-22 13:00:38.003828,28.41511,29.24775,0.0
2022-01-22 13:00:38.508030,28.36313,29.3505,0.0
2022-01-22 13:00:39.006149,27.89899,28.7315,0.0
2022-01-22 13:00:39.502321,28.51784,27.95775,0.0
2022-01-22 13:00:40.002232,29.03396,28.26725,0.0
2022-01-22 13:00:40.507969,28.98198,29.19575,0.0
2022-01-22 13:00:41.005898,28.51784,28.7835,0.0
2022-01-22 13:00:41.510639,28.4671,28.21525,0.0
2022-01-22 13:00:42.008952,28.0537,28.1645,0.0
2022-01-22 13:00:42.503214,28.77652,28.7835,0.0
2022-01-22 13:00:43.010803,28.2604,28.989,0.0
2022-01-22 13:00:43.507314,27.95097,28.88625,0.0
2022-01-22 13:00:44.005187,28.10569,28.57675,0.0
2022-01-22 13:00:44.503750,28.4671,28.474,0.0
2022-01-22 13:00:45.001697,29.13669,28.93825,0.0
2022-01-22 13:00:45.508245,29.03396,28.83425,0.0
2022-01-22 13:00:46.006336,28.98198,28.57675,0.0
2022-01-22 13:00:46.501808,27.89899,28.422,0.0
2022-01-22 13:00:47.010140,27.74428,28.52475,0.0
2022-01-22 13:00:47.504963,28.67255,28.7315,0.0
2022-01-22 13:00:48.003056,29.24066,28.88625,0.0
2022-01-22 13:00:48.507457,28.93123,28.57675,0.0
2022-01-22 13:00:49.008034,28.2604,28.37,0.0
2022-01-22 13:00:49.505221,27.95097,28.7835,0.0
2022-01-22 13:00:50.002601,27.69353,28.88625,0.0
2022-01-22 13:00:50.508395,28.98198,28.6795,0.0
2022-01-22 13:00:51.006048,29.08595,28.83425,0.0
2022-01-22 13:00:51.501534,28.51784,28.83425,0.0
2022-01-22 13:00:52.010301,28.36313,28.57675,0.0
2022-01-22 13:00:52.505105,28.0537,28.7315,0.0
2022-01-22 13:00:53.004209,28.67255,28.7835,0.0
2022-01-22 13:00:53.510459,28.56982,28.7315,0.0
2022-01-22 13:00:54.009387,28.31238,28.422,0.0
2022-01-22 13:00:54.504379,28.56982,28.57675,0.0
2022-01-22 13:00:55.003769,28.41511,28.57675,0.0
2022-01-22 13:00:55.508023,28.56982,28.31925,0.0
2022-01-22 13:00:56.007358,28.72454,28.83425,0.0
2022-01-22 13:00:56.502612,28.2604,29.041,0.0
2022-01-22 13:00:57.010998,28.31238,28.62875,0.0
2022-01-22 13:00:57.506555,27.84825,28.26725,0.0
2022-01-22 13:00:58.005044,29.08595,28.88625,0.0
2022-01-22 13:00:58.510539,28.56982,28.7835,0.0
2022-01-22 13:00:59.010312,28.4671,28.83425,0.0
2022-01-22 13:00:59.505877,28.0537,28.62875,0.0
2022-01-22 13:01:00.003374,27.69353,28.52475,0.0
2022-01-22 13:01:00.509863,28.4671,28.52475,0.0
2022-01-22 13:01:01.007974,28.98198,28.62875,0.0
2022-01-22 13:01:01.505318,28.82727,28.7315,0.0
2022-01-22 13:01:02.005160,27.95097,28.62875,0.0
2022-01-22 13:01:03.004808,28.0537,28.62875,0.0
2022-01-22 13:01:03.502418,29.03396,28.83425,0.0
2022-01-22 13:01:04.011193,28.62181,29.041,0.0
2022-01-22 13:01:04.507397,28.77652,28.57675,0.0
2022-01-22 13:01:05.006811,28.00296,28.474,0.0
2022-01-22 13:01:05.501814,28.41511,28.83425,0.0
2022-01-22 13:01:06.009263,28.51784,28.52475,0.0
2022-01-22 13:01:06.505157,28.87925,28.7835,0.0
2022-01-22 13:01:07.003761,28.10569,28.6795,0.0
2022-01-22 13:01:07.510464,28.10569,28.21525,0.0
2022-01-22 13:01:08.007832,27.79626,28.37,0.0
2022-01-22 13:01:08.502155,28.77652,28.989,0.0
2022-01-22 13:01:09.010228,29.39537,28.83425,0.0
2022-01-22 13:01:09.507354,28.41511,28.6795,0.0
2022-01-22 13:01:10.008692,28.10569,28.52475,0.0
2022-01-22 13:01:10.504704,28.0537,28.7835,0.0
2022-01-22 13:01:11.007685,28.41511,28.88625,0.0
2022-01-22 13:01:11.504910,28.82727,28.7315,0.0
2022-01-22 13:01:12.003494,28.20842,28.7315,0.0
2022-01-22 13:01:12.509085,28.10569,28.52475,0.0
2022-01-22 13:01:13.007008,28.62181,28.1645,0.0
2022-01-22 13:01:13.503922,28.98198,28.83425,0.0
2022-01-22 13:01:14.003170,28.98198,28.52475,0.0
2022-01-22 13:01:14.510296,28.4671,28.52475,0.0
2022-01-22 13:01:15.007222,28.0537,28.26725,0.0
2022-01-22 13:01:15.503332,28.31238,29.041,0.0
2022-01-22 13:01:16.004150,27.84825,28.83425,0.0
2022-01-22 13:01:16.508954,29.39537,28.62875,0.0
2022-01-22 13:01:17.006283,28.62181,29.093,0.0
2022-01-22 13:01:17.501442,28.2604,28.7315,0.0
2022-01-22 13:01:18.008647,28.56982,28.474,0.0
2022-01-22 13:01:18.503321,28.82727,28.989,0.0
2022-01-22 13:01:19.002007,28.98198,28.62875,0.0
2022-01-22 13:01:19.508779,29.03396,28.422,0.0
2022-01-22 13:01:20.006457,28.67255,28.31925,0.0
2022-01-22 13:01:20.504848,28.15767,28.62875,0.0
2022-01-22 13:01:21.002714,27.28014,28.474,0.0
2022-01-22 13:01:21.508273,28.15767,28.31925,0.0
2022-01-22 13:01:22.006942,28.20842,28.989,0.0
2022-01-22 13:01:22.503407,28.51784,29.093,0.0
2022-01-22 13:01:23.002543,28.67255,28.62875,0.0
2022-01-22 13:01:23.507582,28.31238,28.83425,0.0
2022-01-22 13:01:24.005861,28.62181,28.6795,0.0
2022-01-22 13:01:24.507241,28.87925,28.474,0.0
2022-01-22 13:01:25.007866,28.4671,28.93825,0.0
2022-01-22 13:01:25.502851,28.41511,28.7315,0.0
2022-01-22 13:01:26.001493,28.36313,28.1645,0.0
2022-01-22 13:01:26.506748,28.36313,28.31925,0.0
2022-01-22 13:01:27.006663,28.72454,28.93825,0.0
2022-01-22 13:01:27.502331,28.98198,28.7835,0.0
2022-01-22 13:01:28.011193,28.51784,28.31925,0.0
2022-01-22 13:01:28.506768,28.67255,28.52475,0.0
2022-01-22 13:01:29.004735,28.20842,29.093,0.0
2022-01-22 13:01:29.510860,29.03396,28.88625,0.0
2022-01-22 13:01:30.008703,28.62181,29.041,0.0
2022-01-22 13:01:30.505795,28.2604,28.7315,0.0
2022-01-22 13:01:31.004229,28.56982,28.37,0.0
2022-01-22 13:01:31.510564,27.95097,28.422,0.0
2022-01-22 13:01:32.008692,28.67255,29.041,0.0
2022-01-22 13:01:32.502732,28.67255,28.83425,0.0
2022-01-22 13:01:33.001065,28.82727,28.422,0.0
2022-01-22 13:01:33.507407,28.51784,28.1125,0.0
2022-01-22 13:01:34.007599,27.95097,28.62875,0.0
2022-01-22 13:01:34.503721,28.67255,28.7315,0.0
2022-01-22 13:01:35.001314,28.77652,28.93825,0.0
2022-01-22 13:01:35.508582,28.82727,28.7835,0.0
2022-01-22 13:01:36.006177,28.20842,28.52475,0.0
2022-01-22 13:01:36.509504,28.31238,28.93825,0.0
2022-01-22 13:01:37.007698,28.72454,28.93825,0.0
2022-01-22 13:01:37.502779,29.4981,28.57675,0.0
2022-01-22 13:01:38.010420,28.77652,28.474,0.0
2022-01-22 13:01:38.507496,28.15767,28.62875,0.0
2022-01-22 13:01:39.006042,28.41511,28.7835,0.0
2022-01-22 13:01:39.501563,28.67255,28.37,0.0
2022-01-22 13:01:40.010038,29.08595,28.7315,0.0
2022-01-22 13:01:40.505617,28.98198,28.6795,0.0
2022-01-22 13:01:41.003220,28.31238,28.422,0.0
2022-01-22 13:01:41.508208,28.2604,28.83425,0.0
2022-01-22 13:01:42.007647,28.41511,29.14375,0.0
2022-01-22 13:01:42.502750,28.72454,28.7835,0.0
2022-01-22 13:01:43.001185,28.77652,28.57675,0.0
2022-01-22 13:01:43.506905,27.95097,28.7835,0.0
2022-01-22 13:01:44.005752,27.95097,28.62875,0.0
2022-01-22 13:01:44.510725,27.48684,28.37,0.0
2022-01-22 13:01:45.010288,28.56982,28.88625,0.0
2022-01-22 13:01:45.506073,29.03396,28.7835,0.0
2022-01-22 13:01:46.003494,28.62181,28.57675,0.0
2022-01-22 13:01:46.509837,28.0537,28.26725,0.0
2022-01-22 13:01:47.008721,28.00296,28.7315,0.0
2022-01-22 13:01:47.504060,28.77652,28.52475,0.0
2022-01-22 13:01:48.003674,28.51784,28.7835,0.0
2022-01-22 13:01:48.507145,28.31238,28.93825,0.0
2022-01-22 13:01:49.008173,28.0537,28.57675,0.0
2022-01-22 13:01:49.503728,27.58957,28.474,0.0
2022-01-22 13:01:50.002156,29.13669,28.57675,0.0
2022-01-22 13:01:50.509786,29.18867,28.88625,0.0
2022-01-22 13:01:51.008791,28.77652,28.7835,0.0
2022-01-22 13:01:51.505963,28.15767,28.422,0.0
2022-01-22 13:01:52.005064,28.56982,28.474,0.0
2022-01-22 13:01:52.510136,28.41511,28.93825,0.0
2022-01-22 13:01:53.008700,29.2914,28.83425,0.0
2022-01-22 13:01:53.504134,28.56982,28.52475,0.0
2022-01-22 13:01:54.002333,28.41511,28.31925,0.0
2022-01-22 13:01:54.508012,27.95097,28.62875,0.0
2022-01-22 13:01:55.006769,28.56982,28.93825,0.0
2022-01-22 13:01:55.503563,28.72454,28.6795,0.0
2022-01-22 13:01:56.004002,28.41511,28.62875,0.0
2022-01-22 13:01:56.509833,28.2604,28.474,0.0
2022-01-22 13:01:57.007345,28.00296,28.62875,0.0
2022-01-22 13:01:57.502947,27.58957,28.7315,0.0
2022-01-22 13:01:58.001983,29.24066,28.57675,0.0
2022-01-22 13:01:58.506753,28.82727,28.6795,0.0
2022-01-22 13:01:59.004521,28.77652,28.62875,0.0
2022-01-22 13:01:59.511222,28.31238,28.57675,0.0
2022-01-22 13:02:00.009137,27.84825,28.6795,0.0
2022-01-22 13:02:00.504792,28.56982,28.474,0.0
2022-01-22 13:02:01.002349,29.08595,28.57675,0.0
2022-01-22 13:02:01.508576,28.36313,28.6795,0.0
2022-01-22 13:02:02.006576,28.00296,28.6795,0.0
2022-01-22 13:02:02.501482,28.82727,28.7835,0.0
2022-01-22 13:02:03.010690,29.03396,28.57675,0.0
2022-01-22 13:02:03.505774,28.77652,28.7835,0.0
2022-01-22 13:02:04.003641,28.4671,28.7315,0.0
2022-01-22 13:02:04.509124,28.15767,28.62875,0.0
2022-01-22 13:02:05.009004,28.00296,28.52475,0.0
2022-01-22 13:02:05.502817,29.24066,28.62875,0.0
2022-01-22 13:02:06.010535,29.13669,28.989,0.0
2022-01-22 13:02:06.506729,28.93123,28.6795,0.0
2022-01-22 13:02:07.006810,28.31238,28.21525,0.0
2022-01-22 13:02:07.503784,27.74428,28.57675,0.0
2022-01-22 13:02:08.002486,27.33212,28.52475,0.0
2022-01-22 13:02:08.508992,28.10569,28.6795,0.0
2022-01-22 13:02:09.006507,28.77652,28.989,0.0
2022-01-22 13:02:09.503555,28.82727,28.7835,0.0
2022-01-22 13:02:10.001334,28.98198,28.31925,0.0
2022-01-22 13:02:10.506615,28.82727,28.57675,0.0
2022-01-22 13:02:11.006210,28.72454,29.041,0.0
2022-01-22 13:02:11.501204,28.4671,28.88625,0.0
2022-01-22 13:02:12.009486,28.41511,28.52475,0.0
2022-01-22 13:02:12.505095,28.15767,28.6795,0.0
2022-01-22 13:02:13.004104,27.79626,28.52475,0.0
2022-01-22 13:02:13.510767,28.20842,28.62875,0.0
2022-01-22 13:02:14.009014,29.08595,28.989,0.0
2022-01-22 13:02:14.503245,28.62181,28.57675,0.0
2022-01-22 13:02:15.002038,28.2604,28.26725,0.0
2022-01-22 13:02:15.507120,28.51784,28.7315,0.0
2022-01-22 13:02:16.005646,28.4671,29.041,0.0
2022-01-22 13:02:17.004276,29.13669,28.57675,0.0
2022-01-22 13:02:17.507654,28.41511,28.52475,0.0
2022-01-22 13:02:18.005705,28.31238,28.6795,0.0
2022-01-22 13:02:18.504532,28.31238,28.62875,0.0
2022-01-22 13:02:19.002182,28.93123,28.93825,0.0
2022-01-22 13:02:19.509052,28.82727,28.6795,0.0
2022-01-22 13:02:20.006628,28.41511,28.1645,0.0
2022-01-22 13:02:20.502166,28.00296,28.26725,0.0
2022-01-22 13:02:21.009734,27.17741,29.24775,0.0
2022-01-22 13:02:21.505934,29.03396,28.83425,0.0
2022-01-22 13:02:22.003463,28.77652,28.37,0.0
2022-01-22 13:02:22.508707,28.36313,28.0605,0.0
2022-01-22 13:02:23.009512,28.31238,28.474,0.0
2022-01-22 13:02:23.504924,28.15767,29.093,0.0
2022-01-22 13:02:24.002874,28.67255,28.93825,0.0
2022-01-22 13:02:24.509398,28.56982,28.52475,0.0
2022-01-22 13:02:25.008035,28.4671,28.31925,0.0
2022-01-22 13:02:25.503288,27.89899,28.62875,0.0
2022-01-22 13:02:26.002291,27.69353,29.14375,0.0
2022-01-22 13:02:26.507733,29.18867,28.57675,0.0
2022-01-22 13:02:27.006765,29.08595,28.52475,0.0
2022-01-22 13:02:27.505119,28.56982,28.21525,0.0
2022-01-22 13:02:28.003373,27.84825,28.52475,0.0
2022-01-22 13:02:28.508265,28.51784,29.14375,0.0
2022-01-22 13:02:29.006268,29.03396,28.83425,0.0
2022-01-22 13:02:29.510793,28.98198,28.93825,0.0
2022-01-22 13:02:30.010203,28.77652,28.37,0.0
2022-01-22 13:02:30.505691,28.15767,28.88625,0.0
2022-01-22 13:02:31.005238,28.82727,29.14375,0.0
2022-01-22 13:02:31.509655,28.36313,28.1645,0.0
2022-01-22 13:02:32.007990,28.98198,28.37,0.0
2022-01-22 13:02:32.504358,28.2604,29.041,0.0
2022-01-22 13:02:33.003254,27.53882,28.62875,0.0
2022-01-22 13:02:33.508191,27.74428,28.21525,0.0
2022-01-22 13:02:34.006703,28.51784,28.6795,0.0
2022-01-22 13:02:34.501117,28.77652,28.989,0.0
2022-01-22 13:02:35.009640,28.77652,28.6795,0.0
2022-01-22 13:02:35.505871,28.20842,28.57675,0.0
2022-01-22 13:02:36.003662,28.56982,28.6795,0.0
2022-01-22 13:02:36.509986,27.89899,28.7315,0.0
2022-01-22 13:02:37.007212,28.77652,28.83425,0.0
2022-01-22 13:02:37.501347,28.72454,29.041,0.0
2022-01-22 13:02:38.009436,28.56982,28.57675,0.0
2022-01-22 13:02:38.504704,28.31238,28.1645,0.0
2022-01-22 13:02:39.004526,28.2604,28.7835,0.0
2022-01-22 13:02:39.509912,28.77652,28.989,0.0
2022-01-22 13:02:40.009437,29.08595,28.57675,0.0
2022-01-22 13:02:40.503933,28.72454,28.422,0.0
2022-01-22 13:02:41.003368,28.2604,28.52475,0.0
2022-01-22 13:02:41.508888,28.51784,28.93825,0.0
2022-01-22 13:02:42.006535,28.87925,29.14375,0.0
2022-01-22 13:02:42.502456,28.93123,28.83425,0.0
2022-01-22 13:02:43.009426,28.82727,28.62875,0.0
2022-01-22 13:02:43.507416,28.41511,28.52475,0.0
2022-01-22 13:02:44.005530,27.95097,29.093,0.0
2022-01-22 13:02:44.503705,27.58957,28.7315,0.0
2022-01-22 13:02:45.002051,28.62181,28.57675,0.0
2022-01-22 13:02:45.507394,28.72454,28.31925,0.0
2022-01-22 13:02:46.005166,28.77652,28.62875,0.0
2022-01-22 13:02:46.511122,28.15767,28.88625,0.0
2022-01-22 13:02:47.008329,28.36313,28.474,0.0
2022-01-22 13:02:47.502566,28.93123,28.7315,0.0
2022-01-22 13:02:48.009777,28.82727,28.7835,0.0
2022-01-22 13:02:48.505820,28.36313,28.62875,0.0
2022-01-22 13:02:49.003958,28.2604,28.62875,0.0
2022-01-22 13:02:49.501685,27.89899,28.7315,0.0
2022-01-22 13:02:50.010245,29.34339,28.83425,0.0
2022-01-22 13:02:50.504895,28.77652,28.62875,0.0
2022-01-22 13:02:51.003175,28.62181,28.6795,0.0
2022-01-22 13:02:51.509530,28.10569,28.7315,0.0
2022-01-22 13:02:52.007460,28.15767,28.422,0.0
2022-01-22 13:02:52.501742,28.98198,28.7315,0.0
2022-01-22 13:02:53.010034,28.98198,28.93825,0.0
2022-01-22 13:02:53.506140,28.77652,28.7835,0.0
2022-01-22 13:02:54.005470,27.95097,28.57675,0.0
2022-01-22 13:02:54.501474,28.82727,28.93825,0.0
2022-01-22 13:02:55.009835,28.67255,28.57675,0.0
2022-01-22 13:02:55.505718,29.18867,28.7315,0.0
2022-01-22 13:02:56.003748,28.36313,28.57675,0.0
2022-01-22 13:02:56.510036,28.41511,28.57675,0.0
2022-01-22 13:02:57.008187,28.4671,28.37,0.0
2022-01-22 13:02:57.504571,27.89899,28.88625,0.0
2022-01-22 13:02:58.002774,28.62181,28.88625,0.0
2022-01-22 13:02:58.507970,29.03396,28.37,0.0
2022-01-22 13:02:59.006700,28.51784,28.21525,0.0
2022-01-22 13:02:59.503403,28.20842,28.93825,0.0
2022-01-22 13:03:00.002332,28.31238,28.83425,0.0
2022-01-22 13:03:00.508946,28.98198,28.83425,0.0
2022-01-22 13:03:01.008390,28.98198,28.7315,0.0
2022-01-22 13:03:01.504851,28.20842,28.52475,0.0
2022-01-22 13:03:02.002771,28.00296,28.37,0.0
2022-01-22 13:03:02.508979,27.89899,28.7835,0.0
2022-01-22 13:03:03.007285,29.08595,28.7835,0.0
2022-01-22 13:03:03.502712,29.34339,28.62875,0.0
2022-01-22 13:03:04.010566,28.87925,28.21525,0.0
2022-01-22 13:03:04.506261,28.31238,28.6795,0.0
2022-01-22 13:03:05.002516,28.4671,28.7835,0.0
2022-01-22 13:03:05.509360,28.31238,28.7315,0.0
2022-01-22 13:03:06.006628,28.51784,28.88625,0.0
2022-01-22 13:03:06.502444,28.98198,28.989,0.0
2022-01-22 13:03:07.010297,28.36313,28.62875,0.0
2022-01-22 13:03:07.505216,28.36313,28.88625,0.0
2022-01-22 13:03:08.003671,28.15767,28.88625,0.0
2022-01-22 13:03:08.508381,28.56982,28.474,0.0
2022-01-22 13:03:09.006305,28.20842,28.26725,0.0
2022-01-22 13:03:09.510923,28.0537,28.62875,0.0
2022-01-22 13:03:10.008852,28.0537,28.93825,0.0
2022-01-22 13:03:10.502703,29.39537,28.52475,0.0
2022-01-22 13:03:11.006593,28.93123,28.57675,0.0
2022-01-22 13:03:11.502192,28.87925,28.31925,0.0
2022-01-22 13:03:12.009019,28.15767,28.6795,0.0
2022-01-22 13:03:12.502633,27.43485,28.93825,0.0
2022-01-22 13:03:13.009689,27.12543,28.88625,0.0
2022-01-22 13:03:13.506817,28.82727,28.6795,0.0
2022-01-22 13:03:14.005993,28.4671,28.474,0.0
2022-01-22 13:03:14.501090,28.62181,28.7835,0.0
2022-01-22 13:03:15.009392,28.10569,28.37,0.0
2022-01-22 13:03:15.504928,28.36313,28.474,0.0
2022-01-22 13:03:16.002169,28.62181,28.7835,0.0
2022-01-22 13:03:16.507799,28.87925,28.62875,0.0
2022-01-22 13:03:17.007725,28.36313,28.422,0.0
2022-01-22 13:03:17.504887,28.67255,28.7315,0.0
2022-01-22 13:03:18.002628,28.56982,28.83425,0.0
2022-01-22 13:03:18.509165,28.98198,28.7315,0.0
2022-01-22 13:03:19.007076,28.87925,28.57675,0.0
2022-01-22 13:03:19.502389,28.4671,29.14375,0.0
2022-01-22 13:03:20.010875,28.10569,28.6795,0.0
2022-01-22 13:03:20.506366,27.69353,28.37,0.0
2022-01-22 13:03:21.003520,28.31238,29.041,0.0
2022-01-22 13:03:21.509230,28.36313,28.83425,0.0
2022-01-22 13:03:22.007795,28.00296,28.37,0.0
2022-01-22 13:03:22.503185,28.2604,28.0605,0.0
2022-01-22 13:03:23.002288,28.41511,28.93825,0.0
2022-01-22 13:03:23.508681,28.41511,28.7835,0.0
2022-01-22 13:03:24.003783,28.82727,28.62875,0.0
2022-01-22 13:03:24.509359,28.82727,28.52475,0.0
2022-01-22 13:03:25.007570,28.4671,28.62875,0.0
2022-01-22 13:03:25.503323,28.41511,28.52475,0.0
2022-01-22 13:03:26.002218,28.15767,29.24775,0.0
2022-01-22 13:03:26.506692,28.72454,29.041,0.0
2022-01-22 13:03:27.005100,28.82727,28.474,0.0
2022-01-22 13:03:27.501530,28.56982,28.0605,0.0
2022-01-22 13:03:28.009834,28.20842,28.57675,0.0
2022-01-22 13:03:28.504830,27.84825,29.041,0.0
2022-01-22 13:03:29.002653,29.03396,28.88625,0.0
2022-01-22 13:03:29.510484,29.34339,28.474,0.0
2022-01-22 13:03:30.007790,28.67255,28.26725,0.0
2022-01-22 13:03:30.503062,28.31238,29.041,0.0
2022-01-22 13:03:31.001979,28.67255,28.88625,0.0
2022-01-22 13:03:31.508683,28.20842,28.7835,0.0
2022-01-22 13:03:32.006898,29.03396,28.21525,0.0
2022-01-22 13:03:32.502419,28.72454,28.26725,0.0
2022-01-22 13:03:33.010301,28.10569,28.83425,0.0
2022-01-22 13:03:33.507102,28.31238,28.7315,0.0
2022-01-22 13:03:34.004914,27.79626,28.83425,0.0
2022-01-22 13:03:34.510313,29.08595,28.37,0.0
2022-01-22 13:03:35.007791,28.51784,28.37,0.0
2022-01-22 13:03:35.509785,28.51784,28.83425,0.0
2022-01-22 13:03:36.007995,28.20842,28.83425,0.0
2022-01-22 13:03:36.505421,28.4671,28.7315,0.0
2022-01-22 13:03:37.003548,28.98198,28.52475,0.0
2022-01-22 13:03:37.510371,28.67255,28.6795,0.0
2022-01-22 13:03:38.008369,28.20842,28.7315,0.0
2022-01-22 13:03:38.502613,28.0537,28.57675,0.0
2022-01-22 13:03:39.001223,28.15767,28.7835,0.0
2022-01-22 13:03:39.501928,29.39537,28.6795,0.0
2022-01-22 13:03:40.010449,29.08595,28.88625,0.0
2022-01-22 13:03:40.502259,28.36313,28.57675,0.0
2022-01-22 13:03:41.001490,27.84825,28.474,0.0
2022-01-22 13:03:41.508853,27.74428,28.57675,0.0
2022-01-22 13:03:42.007286,28.93123,28.83425,0.0
2022-01-22 13:03:42.504487,29.24066,28.7835,0.0
2022-01-22 13:03:43.008262,28.4671,28.6795,0.0
2022-01-22 13:03:43.505132,28.15767,28.57675,0.0
2022-01-22 13:03:44.005106,28.2604,28.62875,0.0
2022-01-22 13:03:44.510778,28.62181,28.83425,0.0
2022-01-22 13:03:45.008518,28.31238,28.7315,0.0
2022-01-22 13:03:45.504341,28.31238,28.474,0.0
2022-01-22 13:03:46.002526,28.0537,28.6795,0.0
2022-01-22 13:03:46.508892,27.95097,28.88625,0.0
2022-01-22 13:03:47.010623,28.62181,28.83425,0.0
2022-01-22 13:03:47.504979,29.2914,28.52475,0.0
2022-01-22 13:03:48.002600,28.87925,28.31925,0.0
2022-01-22 13:03:48.508648,28.56982,28.6795,0.0
2022-01-22 13:03:49.006655,28.41511,28.83425,0.0
2022-01-22 13:03:49.502789,28.2604,28.7835,0.0
2022-01-22 13:03:50.010098,28.4671,28.7315,0.0
2022-01-22 13:03:50.507499,28.31238,28.57675,0.0
2022-01-22 13:03:51.009066,28.31238,28.31925,0.0
2022-01-22 13:03:51.506750,28.15767,28.88625,0.0
2022-01-22 13:03:52.004616,28.51784,29.14375,0.0
2022-01-22 13:03:52.511033,28.93123,28.7315,0.0
2022-01-22 13:03:53.010852,28.93123,28.422,0.0
2022-01-22 13:03:53.505326,28.72454,28.83425,0.0
2022-01-22 13:03:54.003857,27.95097,28.83425,0.0
2022-01-22 13:03:54.502405,28.15767,28.474,0.0
2022-01-22 13:03:55.010954,28.93123,28.6795,0.0
2022-01-22 13:03:55.510298,29.24066,28.474,0.0
2022-01-22 13:03:56.007824,28.56982,28.52475,0.0
2022-01-22 13:03:56.504601,28.00296,28.7315,0.0
2022-01-22 13:03:57.006581,28.00296,28.57675,0.0
2022-01-22 13:03:57.501449,28.0537,28.57675,0.0
2022-01-22 13:03:58.009532,28.36313,28.62875,0.0
2022-01-22 13:03:58.504903,27.48684,28.93825,0.0
2022-01-22 13:03:59.003768,28.15767,28.7315,0.0
2022-01-22 13:03:59.509532,29.03396,28.7315,0.0
2022-01-22 13:04:00.007438,28.67255,29.093,0.0
2022-01-22 13:04:00.502295,28.82727,28.7315,0.0
2022-01-22 13:04:01.002256,28.62181,28.37,0.0
2022-01-22 13:04:01.508164,28.15767,28.62875,0.0
2022-01-22 13:04:02.006463,28.10569,28.52475,0.0
2022-01-22 13:04:02.501389,29.24066,28.62875,0.0
2022-01-22 13:04:03.010348,28.98198,28.57675,0.0
2022-01-22 13:04:03.505447,28.72454,28.62875,0.0
2022-01-22 13:04:04.004440,28.36313,28.422,0.0
2022-01-22 13:04:04.501551,28.0537,28.31925,0.0
2022-01-22 13:04:05.001489,27.53882,29.24775,0.0
2022-01-22 13:04:05.508672,28.56982,28.93825,0.0
2022-01-22 13:04:06.004565,28.98198,28.422,0.0
2022-01-22 13:04:06.502511,28.67255,28.52475,0.0
2022-01-22 13:04:07.002443,27.95097,29.19575,0.0
2022-01-22 13:04:07.507842,28.51784,28.7835,0.0
2022-01-22 13:04:08.007136,28.82727,28.7315,0.0
2022-01-22 13:04:08.502313,28.67255,28.57675,0.0
2022-01-22 13:04:09.010456,28.4671,28.62875,0.0
2022-01-22 13:04:09.506832,28.82727,28.422,0.0
2022-01-22 13:04:10.008048,27.89899,28.83425,0.0
2022-01-22 13:04:10.503077,28.41511,28.88625,0.0
2022-01-22 13:04:11.006744,28.56982,28.26725,0.0
2022-01-22 13:04:11.501558,28.87925,28.57675,0.0
2022-01-22 13:04:12.010137,28.2604,28.989,0.0
2022-01-22 13:04:12.505069,28.15767,29.041,0.0
2022-01-22 13:04:13.003511,27.58957,28.88625,0.0
2022-01-22 13:04:13.510765,28.82727,28.7315,0.0
2022-01-22 13:04:14.009808,28.82727,28.37,0.0
2022-01-22 13:04:14.508651,28.15767,28.57675,0.0
2022-01-22 13:04:15.005540,28.20842,28.88625,0.0
2022-01-22 13:04:15.501404,28.51784,28.62875,0.0
2022-01-22 13:04:16.010287,29.08595,28.422,0.0
2022-01-22 13:04:16.505146,28.87925,28.21525,0.0
2022-01-22 13:04:17.004896,29.18867,28.62875,0.0
2022-01-22 13:04:17.510366,28.41511,28.6795,0.0
2022-01-22 13:04:18.009083,27.64155,28.83425,0.0
2022-01-22 13:04:18.506682,28.98198,28.83425,0.0
2022-01-22 13:04:19.005010,29.08595,28.7835,0.0
2022-01-22 13:04:19.510205,28.77652,28.93825,0.0
2022-01-22 13:04:20.009306,28.00296,28.83425,0.0
2022-01-22 13:04:20.506746,28.67255,28.88625,0.0
2022-01-22 13:04:21.005666,28.56982,28.52475,0.0
2022-01-22 13:04:21.502410,28.62181,28.31925,0.0
2022-01-22 13:04:22.010622,28.56982,28.7315,0.0
2022-01-22 13:04:22.506076,27.64155,28.57675,0.0
2022-01-22 13:04:23.004669,27.89899,28.57675,0.0
2022-01-22 13:04:23.502490,28.41511,28.422,0.0
2022-01-22 13:04:24.010323,29.03396,28.52475,0.0
2022-01-22 13:04:24.504934,28.67255,28.88625,0.0
2022-01-22 13:04:25.003132,28.31238,28.93825,0.0
2022-01-22 13:04:25.510000,28.00296,28.62875,0.0
2022-01-22 13:04:26.007830,28.72454,28.6795,0.0
2022-01-22 13:04:26.504469,28.62181,28.7315,0.0
2022-01-22 13:04:27.003257,28.31238,28.7315,0.0
2022-01-22 13:04:27.510383,27.95097,28.474,0.0
2022-01-22 13:04:28.008343,28.4671,28.422,0.0
2022-01-22 13:04:28.504593,28.87925,28.7835,0.0
2022-01-22 13:04:29.002775,28.87925,28.474,0.0
2022-01-22 13:04:29.508297,28.87925,28.37,0.0
2022-01-22 13:04:30.006571,28.56982,28.52475,0.0
2022-01-22 13:04:30.501505,28.31238,28.474,0.0
2022-01-22 13:04:31.010025,28.10569,29.041,0.0
2022-01-22 13:04:31.505199,29.08595,28.989,0.0
2022-01-22 13:04:32.005752,29.13669,28.62875,0.0
2022-01-22 13:04:32.504041,28.36313,28.474,0.0
2022-01-22 13:04:33.003831,28.31238,28.7315,0.0
2022-01-22 13:04:33.501341,28.77652,28.88625,0.0
2022-01-22 13:04:34.010252,28.72454,28.7315,0.0
2022-01-22 13:04:34.507697,28.82727,28.474,0.0
2022-01-22 13:04:35.007121,28.20842,28.31925,0.0
2022-01-22 13:04:35.504857,28.10569,28.62875,0.0
2022-01-22 13:04:36.002959,27.64155,28.989,0.0
2022-01-22 13:04:36.502257,28.82727,28.62875,0.0
2022-01-22 13:04:37.010733,29.2914,28.31925,0.0
2022-01-22 13:04:37.506094,28.67255,28.7835,0.0
2022-01-22 13:04:38.003979,28.51784,28.93825,0.0
2022-01-22 13:04:38.510013,27.95097,28.93825,0.0
2022-01-22 13:04:39.007454,27.33212,28.93825,0.0
2022-01-22 13:04:39.501778,29.18867,28.422,0.0
2022-01-22 13:04:40.009859,28.87925,28.31925,0.0
2022-01-22 13:04:40.506082,28.72454,28.93825,0.0
2022-01-22 13:04:41.006064,28.36313,28.7315,0.0
2022-01-22 13:04:41.501818,28.36313,28.62875,0.0
2022-01-22 13:04:42.011299,29.13669,28.31925,0.0
2022-01-22 13:04:42.506748,29.34339,28.474,0.0
2022-01-22 13:04:43.004413,28.87925,29.041,0.0
2022-01-22 13:04:43.510631,28.20842,28.57675,0.0
2022-01-22 13:04:44.007672,28.0537,28.6795,0.0
2022-01-22 13:04:44.505229,28.31238,28.6795,0.0
2022-01-22 13:04:45.003878,28.4671,28.62875,0.0
2022-01-22 13:04:45.510476,28.2604,28.7315,0.0
2022-01-22 13:04:46.008866,28.10569,28.62875,0.0
2022-01-22 13:04:46.503063,28.51784,28.62875,0.0
2022-01-22 13:04:47.001621,29.13669,28.6795,0.0
2022-01-22 13:04:47.507488,29.03396,28.7835,0.0
2022-01-22 13:04:48.004930,28.72454,28.474,0.0
2022-01-22 13:04:48.510773,28.36313,28.6795,0.0
2022-01-22 13:04:49.009891,28.4671,28.93825,0.0
2022-01-22 13:04:49.504506,28.56982,28.52475,0.0
2022-01-22 13:04:50.003807,28.67255,28.37,0.0
2022-01-22 13:04:50.501340,28.67255,28.93825,0.0
2022-01-22 13:04:51.010017,28.10569,28.6795,0.0
2022-01-22 13:04:51.505388,27.84825,28.83425,0.0
2022-01-22 13:04:52.002537,28.00296,28.83425,0.0
2022-01-22 13:04:52.506679,28.82727,28.88625,0.0
2022-01-22 13:04:53.003968,28.93123,28.31925,0.0
2022-01-22 13:04:53.509671,28.51784,28.37,0.0
2022-01-22 13:04:54.007359,28.20842,29.24775,0.0
2022-01-22 13:04:54.501407,28.10569,28.88625,0.0
2022-01-22 13:04:55.010775,29.2914,28.1645,0.0
2022-01-22 13:04:55.506474,29.24066,28.474,0.0
2022-01-22 13:04:56.004409,28.62181,28.7315,0.0
2022-01-22 13:04:56.509264,28.36313,28.83425,0.0
2022-01-22 13:04:57.006662,27.79626,28.88625,0.0
2022-01-22 13:04:57.510294,28.67255,28.83425,0.0
2022-01-22 13:04:58.007756,29.08595,28.422,0.0
2022-01-22 13:04:58.503148,28.2604,28.93825,0.0
2022-01-22 13:04:59.000975,27.95097,28.88625,0.0
2022-01-22 13:04:59.508981,27.89899,28.57675,0.0
2022-01-22 13:05:00.005840,28.41511,28.31925,0.0
2022-01-22 13:05:00.502361,29.55008,28.62875,0.0
2022-01-22 13:05:01.010453,28.51784,28.7315,0.0
2022-01-22 13:05:01.505342,28.36313,28.83425,0.0
2022-01-22 13:05:02.002115,28.15767,28.6795,0.0
2022-01-22 13:05:02.507456,27.69353,28.422,0.0
2022-01-22 13:05:03.005793,28.98198,28.1645,0.0
2022-01-22 13:05:03.504541,28.56982,28.83425,0.0
2022-01-22 13:05:04.001877,27.69353,28.83425,0.0
2022-01-22 13:05:04.507741,27.79626,28.7835,0.0
2022-01-22 13:05:05.006284,28.51784,28.57675,0.0
2022-01-22 13:05:05.501894,29.08595,28.62875,0.0
2022-01-22 13:05:06.001149,29.03396,28.6795,0.0
2022-01-22 13:05:06.505804,28.36313,28.6795,0.0
2022-01-22 13:05:07.003626,28.56982,29.041,0.0
2022-01-22 13:05:07.508571,27.95097,28.88625,0.0
2022-01-22 13:05:08.007186,29.2914,28.52475,0.0
2022-01-22 13:05:08.504342,28.67255,28.474,0.0
2022-01-22 13:05:09.003117,28.67255,28.7315,0.0
2022-01-22 13:05:09.509076,28.36313,28.26725,0.0
2022-01-22 13:05:10.007350,28.31238,28.57675,0.0
2022-01-22 13:05:10.503318,28.93123,28.93825,0.0
2022-01-22 13:05:11.006363,28.82727,28.7315,0.0
2022-01-22 13:05:11.502041,28.15767,28.474,0.0
2022-01-22 13:05:12.010568,28.0537,28.83425,0.0
2022-01-22 13:05:12.507339,28.51784,28.7835,0.0
2022-01-22 13:05:13.007213,28.41511,28.474,0.0
2022-01-22 13:05:13.502535,28.77652,28.7315,0.0
2022-01-22 13:05:14.010714,28.4671,28.989,0.0
2022-01-22 13:05:14.506130,28.31238,28.1645,0.0
2022-01-22 13:05:15.004483,27.84825,28.474,0.0
2022-01-22 13:05:15.509466,28.4671,28.88625,0.0
2022-01-22 13:05:16.008248,28.77652,28.52475,0.0
2022-01-22 13:05:16.505428,28.77652,28.21525,0.0
2022-01-22 13:05:17.004229,28.56982,28.7315,0.0
2022-01-22 13:05:17.510368,28.51784,28.93825,0.0
2022-01-22 13:05:18.010749,28.0537,28.6795,0.0
2022-01-22 13:05:18.505905,29.18867,28.57675,0.0
2022-01-22 13:05:19.003736,28.93123,28.6795,0.0
2022-01-22 13:05:19.508574,28.20842,28.7315,0.0
2022-01-22 13:05:20.006068,28.10569,28.989,0.0
2022-01-22 13:05:20.502706,28.41511,28.88625,0.0
2022-01-22 13:05:21.001076,28.93123,28.57675,0.0
2022-01-22 13:05:21.508323,29.03396,28.1645,0.0
2022-01-22 13:05:22.005717,28.2604,28.52475,0.0
2022-01-22 13:05:22.501774,28.00296,28.83425,0.0
2022-01-22 13:05:23.010600,27.95097,28.6795,0.0
2022-01-22 13:05:23.505546,28.4671,28.422,0.0
2022-01-22 13:05:24.003761,29.18867,28.474,0.0
2022-01-22 13:05:24.509762,28.87925,29.041,0.0
2022-01-22 13:05:25.008124,28.10569,28.7835,0.0
2022-01-22 13:05:25.505091,28.2604,28.88625,0.0
2022-01-22 13:05:26.003745,27.84825,28.52475,0.0
2022-01-22 13:05:26.510349,29.13669,28.31925,0.0
2022-01-22 13:05:27.008039,28.41511,28.989,0.0
2022-01-22 13:05:27.503659,28.15767,28.7315,0.0
2022-01-22 13:05:28.001535,28.00296,28.6795,0.0
2022-01-22 13:05:28.507467,28.2604,28.422,0.0
2022-01-22 13:05:29.005704,29.03396,28.21525,0.0
2022-01-22 13:05:29.510890,28.67255,28.7835,0.0
2022-01-22 13:05:30.010030,28.62181,28.88625,0.0
2022-01-22 13:05:30.504909,28.0537,28.7835,0.0
2022-01-22 13:05:31.004133,28.15767,28.7315,0.0
2022-01-22 13:05:31.509445,28.82727,28.57675,0.0
2022-01-22 13:05:32.007821,28.93123,28.7835,0.0
2022-01-22 13:05:32.502584,28.31238,29.24775,0.0
2022-01-22 13:05:33.009727,28.0537,28.7835,0.0
2022-01-22 13:05:33.505010,28.31238,28.52475,0.0
2022-01-22 13:05:34.004136,28.87925,28.37,0.0
2022-01-22 13:05:34.510668,28.87925,28.83425,0.0
2022-01-22 13:05:35.010248,28.72454,28.62875,0.0
2022-01-22 13:05:35.506575,28.10569,28.26725,0.0
2022-01-22 13:05:36.004784,28.15767,28.6795,0.0
2022-01-22 13:05:36.510768,27.95097,28.88625,0.0
2022-01-22 13:05:37.009088,28.31238,28.6795,0.0
2022-01-22 13:05:37.504043,28.77652,28.7835,0.0
2022-01-22 13:05:38.002038,28.41511,28.93825,0.0
2022-01-22 13:05:38.507951,28.36313,28.6795,0.0
2022-01-22 13:05:39.007073,28.51784,28.422,0.0
2022-01-22 13:05:39.504169,28.62181,28.7315,0.0
2022-01-22 13:05:40.002917,28.62181,28.37,0.0
2022-01-22 13:05:40.509959,27.79626,28.474,0.0
2022-01-22 13:05:41.007709,28.31238,29.041,0.0
2022-01-22 13:05:41.503701,28.93123,28.6795,0.0
2022-01-22 13:05:42.001565,28.87925,28.1645,0.0
2022-01-22 13:05:42.506810,28.4671,28.52475,0.0
2022-01-22 13:05:43.004611,28.20842,28.93825,0.0
2022-01-22 13:05:43.510900,27.74428,29.041,0.0
2022-01-22 13:05:44.010739,28.72454,28.6795,0.0
2022-01-22 13:05:44.506162,29.03396,28.7315,0.0
2022-01-22 13:05:45.004343,28.82727,28.57675,0.0
2022-01-22 13:05:45.501733,28.20842,28.7315,0.0
2022-01-22 13:05:46.002143,28.36313,28.989,0.0
2022-01-22 13:05:46.506400,27.89899,28.57675,0.0
2022-01-22 13:05:47.003438,28.56982,28.26725,0.0
2022-01-22 13:05:47.508965,28.36313,28.57675,0.0
2022-01-22 13:05:48.006366,28.4671,28.93825,0.0
2022-01-22 13:05:48.504050,28.67255,28.57675,0.0
2022-01-22 13:05:49.001689,28.2604,28.7315,0.0
2022-01-22 13:05:49.507892,28.67255,28.57675,0.0
2022-01-22 13:05:50.006292,28.87925,28.7315,0.0
2022-01-22 13:05:50.501753,28.67255,28.7835,0.0
2022-01-22 13:05:51.009537,28.36313,29.041,0.0
2022-01-22 13:05:51.504050,27.53882,28.52475,0.0
2022-01-22 13:05:52.002249,27.58957,28.26725,0.0
2022-01-22 13:05:52.509482,28.62181,28.7315,0.0
2022-01-22 13:05:53.007900,28.87925,28.88625,0.0
2022-01-22 13:05:53.503386,28.41511,28.57675,0.0
2022-01-22 13:05:54.001621,28.36313,28.62875,0.0
2022-01-22 13:05:54.506119,28.0537,28.52475,0.0
2022-01-22 13:05:55.004707,29.44612,28.474,0.0
2022-01-22 13:05:55.510137,28.93123,28.7315,0.0
2022-01-22 13:05:56.008961,28.67255,29.041,0.0
2022-01-22 13:05:56.503430,28.15767,28.6795,0.0
2022-01-22 13:05:57.003697,28.10569,28.57675,0.0
2022-01-22 13:05:57.501024,29.08595,28.83425,0.0
2022-01-22 13:05:58.009384,28.93123,28.474,0.0
2022-01-22 13:05:58.504196,28.4671,28.474,0.0
2022-01-22 13:05:59.002257,28.0537,29.041,0.0
2022-01-22 13:05:59.507314,28.10569,28.6795,0.0
2022-01-22 13:06:00.004508,28.10569,28.31925,0.0
2022-01-22 13:06:00.508734,29.03396,28.422,0.0
2022-01-22 13:06:01.008353,28.87925,28.989,0.0
2022-01-22 13:06:01.503999,28.36313,28.7315,0.0
2022-01-22 13:06:02.001994,28.00296,28.83425,0.0
2022-01-22 13:06:02.506792,28.36313,28.474,0.0
2022-01-22 13:06:03.004122,28.56982,28.7315,0.0
2022-01-22 13:06:03.510558,28.4671,28.57675,0.0
2022-01-22 13:06:04.007727,28.0537,29.093,0.0
2022-01-22 13:06:04.503416,28.31238,28.7315,0.0
2022-01-22 13:06:05.001799,28.4671,28.31925,0.0
2022-01-22 13:06:05.510395,28.93123,28.62875,0.0
2022-01-22 13:06:06.008442,29.03396,28.989,0.0
2022-01-22 13:06:06.504064,28.62181,28.88625,0.0
2022-01-22 13:06:07.002201,28.31238,28.62875,0.0
2022-01-22 13:06:07.508178,27.74428,28.57675,0.0
2022-01-22 13:06:08.006057,29.44612,28.6795,0.0
2022-01-22 13:06:08.500993,29.03396,28.62875,0.0
2022-01-22 13:06:09.010499,28.72454,28.93825,0.0
2022-01-22 13:06:09.507529,28.51784,28.83425,0.0
2022-01-22 13:06:10.007711,28.00296,28.52475,0.0
2022-01-22 13:06:10.503023,29.13669,28.26725,0.0
2022-01-22 13:06:11.008054,29.03396,28.88625,0.0
2022-01-22 13:06:11.504541,28.51784,28.88625,0.0
2022-01-22 13:06:12.003676,28.20842,28.52475,0.0
2022-01-22 13:06:12.509350,28.15767,28.37,0.0
2022-01-22 13:06:13.008780,28.15767,28.37,0.0
2022-01-22 13:06:13.504314,28.51784,28.6795,0.0
2022-01-22 13:06:14.002867,28.56982,28.7315,0.0
2022-01-22 13:06:14.501102,28.10569,28.7835,0.0
2022-01-22 13:06:15.009762,28.67255,28.474,0.0
2022-01-22 13:06:15.504662,28.98198,28.6795,0.0
2022-01-22 13:06:16.002780,28.77652,28.83425,0.0
2022-01-22 13:06:16.507677,28.20842,28.57675,0.0
2022-01-22 13:06:17.005278,28.0537,28.6795,0.0
2022-01-22 13:06:17.501450,27.95097,28.62875,0.0
2022-01-22 13:06:18.011154,29.08595,28.52475,0.0
2022-01-22 13:06:18.505259,29.24066,28.83425,0.0
2022-01-22 13:06:19.006166,28.72454,28.57675,0.0
2022-01-22 13:06:19.501197,28.31238,28.88625,0.0
2022-01-22 13:06:20.009077,28.36313,28.93825,0.0
2022-01-22 13:06:20.505762,28.31238,28.52475,0.0
2022-01-22 13:06:21.003920,29.4981,28.6795,0.0
2022-01-22 13:06:21.510365,29.39537,28.88625,0.0
2022-01-22 13:06:22.001343,28.67255,28.474,0.0
2022-01-22 13:06:22.507547,27.95097,28.62875,0.0
2022-01-22 13:06:23.005851,28.31238,28.7315,0.0
2022-01-22 13:06:23.502620,28.41511,28.6795,0.0
2022-01-22 13:06:24.001132,28.20842,28.26725,0.0
2022-01-22 13:06:24.506657,27.69353,28.6795,0.0
2022-01-22 13:06:25.005114,28.41511,29.041,0.0
2022-01-22 13:06:25.510536,29.24066,28.57675,0.0
2022-01-22 13:06:26.008482,28.72454,28.37,0.0
2022-01-22 13:06:26.503480,28.67255,28.88625,0.0
2022-01-22 13:06:27.010593,28.0537,28.52475,0.0
2022-01-22 13:06:27.505066,27.43485,28.7315,0.0
2022-01-22 13:06:28.004339,28.56982,28.7315,0.0
2022-01-22 13:06:28.501227,28.20842,28.62875,0.0
2022-01-22 13:06:29.009774,28.31238,28.26725,0.0
2022-01-22 13:06:29.505760,28.87925,28.83425,0.0
2022-01-22 13:06:30.004630,28.20842,28.989,0.0
2022-01-22 13:06:30.510284,27.89899,28.7315,0.0
2022-01-22 13:06:31.008331,28.20842,28.37,0.0
2022-01-22 13:06:31.502772,29.03396,28.52475,0.0
2022-01-22 13:06:32.010825,29.13669,29.093,0.0
2022-01-22 13:06:32.508536,29.24066,28.83425,0.0
2022-01-22 13:06:33.006761,28.72454,28.62875,0.0
2022-01-22 13:06:33.502159,27.89899,28.422,0.0
2022-01-22 13:06:34.010275,29.2914,28.422,0.0
2022-01-22 13:06:34.506071,28.93123,28.88625,0.0
2022-01-22 13:06:35.002672,28.82727,29.093,0.0
2022-01-22 13:06:35.510196,28.36313,28.6795,0.0
2022-01-22 13:06:36.007893,27.79626,28.31925,0.0
2022-01-22 13:06:36.503272,27.79626,28.474,0.0
2022-01-22 13:06:37.001637,28.15767,28.93825,0.0
2022-01-22 13:06:37.508037,28.41511,28.62875,0.0
2022-01-22 13:06:38.006349,28.31238,28.6795,0.0
2022-01-22 13:06:38.502122,28.82727,28.62875,0.0
2022-01-22 13:06:39.010234,28.98198,28.474,0.0
2022-01-22 13:06:39.505238,28.87925,28.93825,0.0
2022-01-22 13:06:40.003423,28.41511,28.6795,0.0
2022-01-22 13:06:40.509678,27.84825,28.474,0.0
2022-01-22 13:06:41.006809,28.0537,28.21525,0.0
2022-01-22 13:06:41.502285,28.67255,28.88625,0.0
2022-01-22 13:06:42.010677,28.87925,28.57675,0.0
2022-01-22 13:06:42.507257,28.67255,28.62875,0.0
2022-01-22 13:06:43.005392,28.10569,28.7835,0.0
2022-01-22 13:06:43.502246,27.69353,28.52475,0.0
2022-01-22 13:06:44.010409,28.15767,28.7315,0.0
2022-01-22 13:06:44.506099,29.03396,28.93825,0.0
2022-01-22 13:06:45.003959,28.93123,28.422,0.0
2022-01-22 13:06:45.501349,28.4671,28.57675,0.0
2022-01-22 13:06:46.009099,28.4671,28.7835,0.0
2022-01-22 13:06:46.507383,28.10569,28.6795,0.0
2022-01-22 13:06:47.004883,29.2914,28.26725,0.0
2022-01-22 13:06:47.510869,28.82727,28.52475,0.0
2022-01-22 13:06:48.008651,28.51784,29.3505,0.0
2022-01-22 13:06:48.502972,27.69353,28.989,0.0
2022-01-22 13:06:49.001540,27.89899,28.1645,0.0
2022-01-22 13:06:49.506797,28.2604,28.474,0.0
2022-01-22 13:06:50.003434,28.82727,28.7315,0.0
2022-01-22 13:06:50.510614,28.36313,28.7315,0.0
2022-01-22 13:06:51.007960,27.84825,28.6795,0.0
2022-01-22 13:06:51.502502,28.00296,28.6795,0.0
2022-01-22 13:06:52.001401,29.03396,28.57675,0.0
2022-01-22 13:06:52.507015,28.62181,28.31925,0.0
2022-01-22 13:06:53.004652,28.51784,28.93825,0.0
2022-01-22 13:06:53.509126,27.74428,28.989,0.0
2022-01-22 13:06:54.007166,28.00296,28.37,0.0
2022-01-22 13:06:54.502831,28.67255,28.21525,0.0
2022-01-22 13:06:55.001408,29.18867,29.2985,0.0
2022-01-22 13:06:55.505637,28.62181,28.88625,0.0
2022-01-22 13:06:56.004036,28.36313,28.7835,0.0
2022-01-22 13:06:56.509519,27.89899,28.31925,0.0
2022-01-22 13:06:57.008349,28.15767,28.37,0.0
2022-01-22 13:06:57.503009,29.24066,28.7835,0.0
2022-01-22 13:06:58.001565,28.93123,28.7835,0.0
2022-01-22 13:06:58.508095,28.62181,28.57675,0.0
2022-01-22 13:06:59.003660,28.10569,28.422,0.0
2022-01-22 13:06:59.501223,28.0537,28.57675,0.0
2022-01-22 13:07:00.010337,28.67255,28.7315,0.0
2022-01-22 13:07:00.504604,28.15767,28.37,0.0
2022-01-22 13:07:01.002309,27.43485,28.7835,0.0
2022-01-22 13:07:01.509060,28.31238,28.989,0.0
2022-01-22 13:07:02.007157,28.51784,28.52475,0.0
2022-01-22 13:07:02.502816,29.65281,28.7835,0.0
2022-01-22 13:07:03.010681,29.08595,28.83425,0.0
2022-01-22 13:07:03.506752,28.31238,28.6795,0.0
2022-01-22 13:07:04.005216,27.58957,28.57675,0.0
2022-01-22 13:07:04.510765,27.38411,28.6795,0.0
2022-01-22 13:07:05.008867,28.62181,28.52475,0.0
2022-01-22 13:07:05.503384,28.77652,28.62875,0.0
2022-01-22 13:07:06.001745,28.93123,28.6795,0.0
2022-01-22 13:07:06.507984,27.95097,28.6795,0.0
2022-01-22 13:07:07.006601,28.0537,28.57675,0.0
2022-01-22 13:07:07.502818,28.2604,28.62875,0.0
2022-01-22 13:07:08.011139,29.08595,29.093,0.0
2022-01-22 13:07:08.506749,28.56982,28.83425,0.0
2022-01-22 13:07:09.004999,28.77652,28.83425,0.0
2022-01-22 13:07:09.509752,27.95097,28.57675,0.0
2022-01-22 13:07:10.009024,29.13669,28.52475,0.0
2022-01-22 13:07:10.506572,28.98198,28.422,0.0
2022-01-22 13:07:11.010803,28.62181,28.52475,0.0
2022-01-22 13:07:11.507908,28.2604,28.7835,0.0
2022-01-22 13:07:12.007336,28.56982,28.62875,0.0
2022-01-22 13:07:12.503809,28.0537,28.1125,0.0
2022-01-22 13:07:13.001897,28.20842,28.52475,0.0
2022-01-22 13:07:13.506401,28.20842,28.7315,0.0
2022-01-22 13:07:14.004667,28.56982,28.7835,0.0
2022-01-22 13:07:14.501532,28.4671,28.83425,0.0
2022-01-22 13:07:15.010518,28.51784,28.88625,0.0
2022-01-22 13:07:15.505222,28.51784,28.57675,0.0
2022-01-22 13:07:16.004208,28.98198,28.422,0.0
2022-01-22 13:07:16.501355,28.2604,29.093,0.0
2022-01-22 13:07:17.001379,27.84825,28.7315,0.0
2022-01-22 13:07:17.506664,27.69353,28.26725,0.0
2022-01-22 13:07:18.004169,28.51784,28.21525,0.0
2022-01-22 13:07:18.510044,29.08595,28.989,0.0
2022-01-22 13:07:19.008185,28.98198,28.7835,0.0
2022-01-22 13:07:19.501911,28.20842,28.474,0.0
2022-01-22 13:07:20.010430,28.15767,28.37,0.0
2022-01-22 13:07:20.507859,28.0537,28.7835,0.0
2022-01-22 13:07:21.006172,29.4981,29.041,0.0
2022-01-22 13:07:21.502548,28.87925,28.88625,0.0
2022-01-22 13:07:22.002365,28.51784,28.989,0.0
2022-01-22 13:07:22.507138,28.15767,28.52475,0.0
2022-01-22 13:07:23.005555,27.95097,28.0605,0.0
2022-01-22 13:07:23.502788,28.36313,28.7835,0.0
2022-01-22 13:07:24.010409,28.72454,28.88625,0.0
2022-01-22 13:07:24.506609,28.56982,28.52475,0.0
2022-01-22 13:07:25.005019,28.4671,28.37,0.0
2022-01-22 13:07:25.502735,28.62181,28.26725,0.0
2022-01-22 13:07:26.011120,28.93123,28.7835,0.0
2022-01-22 13:07:26.507158,28.51784,28.7315,0.0
2022-01-22 13:07:27.006586,28.72454,28.989,0.0
2022-01-22 13:07:27.502357,28.20842,28.62875,0.0
2022-01-22 13:07:28.009992,27.74428,28.62875,0.0
2022-01-22 13:07:28.504936,28.62181,29.19575,0.0
2022-01-22 13:07:29.003299,28.51784,28.37,0.0
2022-01-22 13:07:29.507038,28.4671,28.62875,0.0
2022-01-22 13:07:30.006759,27.79626,28.57675,0.0
2022-01-22 13:07:30.504094,27.95097,28.57675,0.0
2022-01-22 13:07:31.002880,29.65281,28.52475,0.0
2022-01-22 13:07:31.508278,29.2914,28.52475,0.0
2022-01-22 13:07:32.007435,28.51784,28.7315,0.0
2022-01-22 13:07:32.504165,27.89899,28.62875,0.0
2022-01-22 13:07:33.002492,27.84825,28.6795,0.0
2022-01-22 13:07:33.508021,29.08595,28.989,0.0
2022-01-22 13:07:34.007367,28.77652,28.6795,0.0
2022-01-22 13:07:34.503204,28.77652,28.57675,0.0
2022-01-22 13:07:35.002795,28.00296,29.093,0.0
2022-01-22 13:07:35.509094,27.84825,28.7835,0.0
2022-01-22 13:07:36.007746,28.20842,28.37,0.0
2022-01-22 13:07:36.503488,28.98198,28.422,0.0
2022-01-22 13:07:37.002492,28.98198,28.93825,0.0
2022-01-22 13:07:37.508910,28.20842,28.62875,0.0
2022-01-22 13:07:38.006669,27.64155,28.422,0.0
2022-01-22 13:07:38.502677,28.62181,28.6795,0.0
2022-01-22 13:07:39.001260,29.18867,28.7315,0.0
2022-01-22 13:07:39.507647,28.93123,28.474,0.0
2022-01-22 13:07:40.007917,28.77652,29.19575,0.0
2022-01-22 13:07:40.504994,28.20842,28.989,0.0
2022-01-22 13:07:41.004243,27.53882,28.37,0.0
2022-01-22 13:07:41.508645,28.20842,28.37,0.0
2022-01-22 13:07:42.007678,28.36313,29.19575,0.0
2022-01-22 13:07:42.502286,28.87925,29.24775,0.0
2022-01-22 13:07:43.011092,28.51784,28.52475,0.0
2022-01-22 13:07:43.505757,28.15767,27.95775,0.0
2022-01-22 13:07:44.002716,28.36313,28.6795,0.0
2022-01-22 13:07:44.510900,29.03396,29.093,0.0
2022-01-22 13:07:45.009760,28.98198,28.7835,0.0
2022-01-22 13:07:45.504502,28.41511,28.474,0.0
2022-01-22 13:07:46.003370,28.4671,28.474,0.0
2022-01-22 13:07:46.509369,28.10569,28.88625,0.0
2022-01-22 13:07:47.007067,28.87925,28.93825,0.0
2022-01-22 13:07:47.502690,28.87925,28.62875,0.0
2022-01-22 13:07:48.010733,28.56982,28.7315,0.0
2022-01-22 13:07:48.505041,28.36313,28.6795,0.0
2022-01-22 13:07:49.003813,27.69353,28.474,0.0
2022-01-22 13:07:49.508542,28.51784,28.6795,0.0
2022-01-22 13:07:50.007648,28.00296,28.7835,0.0
2022-01-22 13:07:50.502226,28.41511,28.6795,0.0
2022-01-22 13:07:51.010966,28.0537,28.474,0.0
2022-01-22 13:07:51.508398,29.03396,28.6795,0.0
2022-01-22 13:07:52.005963,29.13669,28.7315,0.0
2022-01-22 13:07:52.501162,28.62181,28.474,0.0
2022-01-22 13:07:53.009402,28.00296,28.62875,0.0
2022-01-22 13:07:53.507396,27.79626,28.88625,0.0
2022-01-22 13:07:54.006041,27.43485,28.7835,0.0
2022-01-22 13:07:54.501302,28.93123,28.52475,0.0
2022-01-22 13:07:55.010020,28.98198,28.7835,0.0
2022-01-22 13:07:55.504586,28.62181,28.83425,0.0
2022-01-22 13:07:56.002762,28.00296,28.57675,0.0
2022-01-22 13:07:56.508496,28.36313,28.474,0.0
2022-01-22 13:07:57.007729,29.03396,28.83425,0.0
2022-01-22 13:07:57.503266,28.98198,28.52475,0.0
2022-01-22 13:07:58.003306,28.67255,28.57675,0.0
2022-01-22 13:07:58.509064,28.36313,28.7835,0.0
2022-01-22 13:07:59.005742,28.36313,28.52475,0.0
2022-01-22 13:07:59.501913,28.20842,28.474,0.0
2022-01-22 13:08:00.008433,28.77652,28.989,0.0
2022-01-22 13:08:00.505184,28.31238,28.88625,0.0
2022-01-22 13:08:01.002516,28.2604,28.7835,0.0
2022-01-22 13:08:01.510450,28.41511,28.31925,0.0
2022-01-22 13:08:02.008027,28.62181,28.57675,0.0
2022-01-22 13:08:02.503738,28.93123,28.83425,0.0
2022-01-22 13:08:03.002582,28.67255,28.83425,0.0
2022-01-22 13:08:03.508741,28.0537,28.62875,0.0
2022-01-22 13:08:04.006891,28.4671,28.37,0.0
2022-01-22 13:08:04.502772,28.2604,28.422,0.0
2022-01-22 13:08:05.010758,28.87925,28.7835,0.0
2022-01-22 13:08:05.505538,28.72454,28.57675,0.0
2022-01-22 13:08:06.004831,28.56982,28.7315,0.0
2022-01-22 13:08:06.510951,27.69353,28.62875,0.0
2022-01-22 13:08:07.010398,28.15767,28.62875,0.0
2022-01-22 13:08:07.506349,29.24066,29.093,0.0
2022-01-22 13:08:08.003413,29.4981,28.7315,0.0
2022-01-22 13:08:08.508690,29.08595,28.62875,0.0
2022-01-22 13:08:09.007397,28.20842,28.7315,0.0
2022-01-22 13:08:09.503618,27.74428,28.52475,0.0
2022-01-22 13:08:10.001164,28.41511,28.6795,0.0
2022-01-22 13:08:10.508182,28.98198,28.6795,0.0
2022-01-22 13:08:11.002235,28.98198,28.52475,0.0
2022-01-22 13:08:11.508109,28.56982,28.26725,0.0
2022-01-22 13:08:12.005945,28.36313,28.422,0.0
2022-01-22 13:08:12.511174,28.10569,29.093,0.0
2022-01-22 13:08:13.010704,29.34339,28.6795,0.0
2022-01-22 13:08:13.506105,28.62181,28.52475,0.0
2022-01-22 13:08:14.004803,28.20842,28.62875,0.0
2022-01-22 13:08:15.004534,27.43485,28.62875,0.0
2022-01-22 13:08:15.503210,28.51784,28.83425,0.0
2022-01-22 13:08:16.001362,28.82727,28.93825,0.0
2022-01-22 13:08:16.504853,28.2604,28.57675,0.0
2022-01-22 13:08:17.002549,28.36313,28.474,0.0
2022-01-22 13:08:17.507880,28.72454,28.6795,0.0
2022-01-22 13:08:18.007165,28.67255,28.52475,0.0
2022-01-22 13:08:18.502919,28.67255,28.57675,0.0
2022-01-22 13:08:19.011061,28.15767,28.83425,0.0
2022-01-22 13:08:19.507303,27.95097,28.93825,0.0
2022-01-22 13:08:20.006130,27.89899,28.52475,0.0
2022-01-22 13:08:20.511122,29.24066,29.041,0.0
2022-01-22 13:08:21.009130,29.08595,28.83425,0.0
2022-01-22 13:08:21.505035,28.4671,28.6795,0.0
2022-01-22 13:08:22.003539,28.00296,28.57675,0.0
2022-01-22 13:08:22.508483,27.74428,28.7315,0.0
2022-01-22 13:08:23.006172,28.77652,28.422,0.0
2022-01-22 13:08:23.501052,29.03396,28.31925,0.0
2022-01-22 13:08:24.010618,28.67255,28.88625,0.0
2022-01-22 13:08:24.505720,28.10569,28.57675,0.0
2022-01-22 13:08:25.003600,28.56982,27.95775,0.0
2022-01-22 13:08:25.502100,28.72454,28.422,0.0
2022-01-22 13:08:26.010053,28.51784,29.2985,0.0
2022-01-22 13:08:26.505219,28.20842,29.24775,0.0
2022-01-22 13:08:27.003523,28.41511,28.7315,0.0
2022-01-22 13:08:27.509128,28.00296,28.7835,0.0
2022-01-22 13:08:28.006339,28.15767,28.422,0.0
2022-01-22 13:08:28.503355,28.56982,28.93825,0.0
2022-01-22 13:08:29.002737,28.31238,29.093,0.0
2022-01-22 13:08:29.509865,28.31238,28.7315,0.0
2022-01-22 13:08:30.009299,28.0537,28.0605,0.0
2022-01-22 13:08:30.505499,28.4671,28.1645,0.0
2022-01-22 13:08:31.003858,28.87925,28.989,0.0
2022-01-22 13:08:31.511073,28.98198,28.7315,0.0
2022-01-22 13:08:32.008226,28.56982,28.6795,0.0
2022-01-22 13:08:32.504463,27.79626,28.422,0.0
2022-01-22 13:08:33.002265,27.79626,28.93825,0.0
2022-01-22 13:08:33.509978,28.77652,28.989,0.0
2022-01-22 13:08:34.007380,29.2914,28.83425,0.0
2022-01-22 13:08:34.504666,28.77652,28.422,0.0
2022-01-22 13:08:35.005525,28.41511,28.37,0.0
2022-01-22 13:08:35.501138,27.79626,28.62875,0.0
2022-01-22 13:08:36.009415,28.0537,28.93825,0.0
2022-01-22 13:08:36.504633,29.03396,28.7835,0.0
2022-01-22 13:08:37.002378,28.72454,28.62875,0.0
2022-01-22 13:08:37.508699,28.51784,28.31925,0.0
2022-01-22 13:08:38.007952,28.2604,28.57675,0.0
2022-01-22 13:08:38.503540,27.84825,28.88625,0.0
2022-01-22 13:08:39.002757,28.93123,28.7315,0.0
2022-01-22 13:08:39.508470,28.87925,28.7835,0.0
2022-01-22 13:08:40.007657,28.4671,28.62875,0.0
2022-01-22 13:08:40.502830,28.4671,28.88625,0.0
2022-01-22 13:08:41.011126,28.0537,28.7315,0.0
2022-01-22 13:08:41.506552,29.2914,28.37,0.0
2022-01-22 13:08:42.004837,28.98198,28.7315,0.0
2022-01-22 13:08:42.501336,28.41511,28.93825,0.0
2022-01-22 13:08:43.009317,27.69353,28.52475,0.0
2022-01-22 13:08:43.510749,28.0537,28.1645,0.0
2022-01-22 13:08:44.009387,28.67255,28.7835,0.0
2022-01-22 13:08:44.504812,29.34339,28.52475,0.0
2022-01-22 13:08:45.002032,28.36313,28.52475,0.0
2022-01-22 13:08:45.507437,28.4671,28.88625,0.0
2022-01-22 13:08:46.006145,28.77652,28.6795,0.0
2022-01-22 13:08:46.502865,28.82727,28.57675,0.0
2022-01-22 13:08:47.011300,28.82727,28.989,0.0
2022-01-22 13:08:47.507534,28.31238,28.989,0.0
2022-01-22 13:08:48.006982,27.79626,28.37,0.0
2022-01-22 13:08:48.501643,28.0537,28.0605,0.0
2022-01-22 13:08:49.009511,28.87925,29.14375,0.0
2022-01-22 13:08:49.507283,29.13669,28.7835,0.0
2022-01-22 13:08:50.004821,28.4671,28.52475,0.0
2022-01-22 13:08:50.509372,28.20842,28.0605,0.0
2022-01-22 13:08:51.006527,28.0537,28.474,0.0
2022-01-22 13:08:51.503426,27.43485,28.7835,0.0
2022-01-22 13:08:52.001885,28.82727,29.041,0.0
2022-01-22 13:08:52.507376,28.82727,28.83425,0.0
2022-01-22 13:08:53.005770,28.51784,28.474,0.0
2022-01-22 13:08:53.510309,28.20842,28.31925,0.0
2022-01-22 13:08:54.008671,28.20842,28.7835,0.0
2022-01-22 13:08:54.503938,28.67255,28.83425,0.0
2022-01-22 13:08:55.001874,28.77652,28.6795,0.0
2022-01-22 13:08:55.509199,28.77652,28.422,0.0
2022-01-22 13:08:56.006368,28.36313,28.57675,0.0
2022-01-22 13:08:56.502243,27.74428,28.83425,0.0
2022-01-22 13:08:57.010658,29.39537,28.57675,0.0
2022-01-22 13:08:57.506095,29.44612,28.7315,0.0
2022-01-22 13:08:58.005058,28.72454,28.57675,0.0
2022-01-22 13:08:58.510034,28.0537,28.7315,0.0
2022-01-22 13:08:59.008524,28.36313,28.88625,0.0
2022-01-22 13:08:59.503165,28.77652,28.6795,0.0
2022-01-22 13:09:00.003496,28.67255,28.7315,0.0
2022-01-22 13:09:00.508697,28.4671,28.62875,0.0
2022-01-22 13:09:01.006767,28.2604,28.6795,0.0
2022-01-22 13:09:01.502882,28.00296,28.52475,0.0
2022-01-22 13:09:02.001892,28.36313,28.52475,0.0
2022-01-22 13:09:02.507936,28.56982,28.88625,0.0
2022-01-22 13:09:03.006360,28.4671,28.7315,0.0
2022-01-22 13:09:03.501750,28.36313,28.62875,0.0
2022-01-22 13:09:04.010338,28.56982,28.57675,0.0
2022-01-22 13:09:04.505789,28.87925,28.57675,0.0
2022-01-22 13:09:05.003944,28.67255,28.83425,0.0
2022-01-22 13:09:05.509016,28.62181,28.83425,0.0
2022-01-22 13:09:06.007788,28.62181,28.62875,0.0
2022-01-22 13:09:06.504571,27.74428,28.7315,0.0
2022-01-22 13:09:07.002192,27.64155,28.37,0.0
2022-01-22 13:09:07.507800,28.82727,28.6795,0.0
2022-01-22 13:09:08.007404,29.03396,29.14375,0.0
2022-01-22 13:09:08.504741,28.4671,28.52475,0.0
2022-01-22 13:09:09.003961,27.89899,28.26725,0.0
2022-01-22 13:09:09.501126,27.64155,28.989,0.0
2022-01-22 13:09:10.010339,29.03396,28.7315,0.0
2022-01-22 13:09:10.506630,29.13669,28.62875,0.0
2022-01-22 13:09:11.010028,28.4671,28.6795,0.0
2022-01-22 13:09:11.505110,27.95097,28.474,0.0
2022-01-22 13:09:12.004197,28.0537,28.52475,0.0
2022-01-22 13:09:12.510164,29.08595,28.93825,0.0
2022-01-22 13:09:13.008554,28.82727,29.14375,0.0
2022-01-22 13:09:13.502400,28.36313,28.422,0.0
2022-01-22 13:09:14.010131,27.89899,28.26725,0.0
2022-01-22 13:09:14.506926,27.74428,28.57675,0.0
2022-01-22 13:09:15.004512,28.36313,28.88625,0.0
2022-01-22 13:09:15.509700,29.44612,29.093,0.0
2022-01-22 13:09:16.008003,28.98198,28.62875,0.0
2022-01-22 13:09:16.502750,28.62181,28.422,0.0
2022-01-22 13:09:17.010848,27.89899,28.21525,0.0
2022-01-22 13:09:17.508470,27.79626,28.989,0.0
2022-01-22 13:09:18.006639,28.98198,29.093,0.0
2022-01-22 13:09:18.502238,28.82727,28.52475,0.0
2022-01-22 13:09:19.010297,28.10569,28.1645,0.0
2022-01-22 13:09:19.505329,27.95097,28.62875,0.0
2022-01-22 13:09:20.005045,27.53882,28.989,0.0
2022-01-22 13:09:20.510361,29.18867,28.7315,0.0
2022-01-22 13:09:21.008281,29.03396,28.474,0.0
2022-01-22 13:09:21.503350,28.31238,28.422,0.0
2022-01-22 13:09:22.002658,27.58957,28.52475,0.0
2022-01-22 13:09:22.504239,28.41511,28.83425,0.0
2022-01-22 13:09:23.002662,29.34339,28.7315,0.0
2022-01-22 13:09:23.508562,29.08595,28.57675,0.0
2022-01-22 13:09:24.007395,28.56982,28.1645,0.0
2022-01-22 13:09:24.501134,28.2604,28.6795,0.0
2022-01-22 13:09:25.008193,28.0537,28.83425,0.0
2022-01-22 13:09:25.502812,28.72454,28.62875,0.0
2022-01-22 13:09:26.001338,29.03396,28.7835,0.0
2022-01-22 13:09:26.508957,28.36313,28.62875,0.0
2022-01-22 13:09:27.006280,28.10569,28.62875,0.0
2022-01-22 13:09:27.501713,27.89899,28.88625,0.0
2022-01-22 13:09:28.009959,27.79626,28.57675,0.0
2022-01-22 13:09:28.505748,29.08595,28.62875,0.0
2022-01-22 13:09:29.003798,28.51784,28.57675,0.0
2022-01-22 13:09:29.510821,28.36313,28.93825,0.0
2022-01-22 13:09:30.008762,28.20842,28.474,0.0
2022-01-22 13:09:30.506017,28.56982,28.1645,0.0
2022-01-22 13:09:31.004371,28.51784,28.989,0.0
2022-01-22 13:09:31.510748,28.51784,29.093,0.0
2022-01-22 13:09:32.008261,28.36313,28.474,0.0
2022-01-22 13:09:32.502908,28.93123,28.52475,0.0
2022-01-22 13:09:33.011113,28.93123,28.83425,0.0
2022-01-22 13:09:33.507716,28.82727,28.88625,0.0
2022-01-22 13:09:34.006485,28.62181,28.83425,0.0
2022-01-22 13:09:34.510894,28.10569,28.83425,0.0
2022-01-22 13:09:35.009655,28.41511,28.474,0.0
2022-01-22 13:09:35.508481,28.93123,28.26725,0.0
2022-01-22 13:09:36.006451,28.82727,28.989,0.0
2022-01-22 13:09:36.502023,28.62181,28.88625,0.0
2022-01-22 13:09:37.010387,28.4671,28.37,0.0
2022-01-22 13:09:37.506832,27.79626,28.00975,0.0
2022-01-22 13:09:38.004902,27.69353,28.7315,0.0
2022-01-22 13:09:38.501058,28.98198,28.989,0.0
2022-01-22 13:09:39.009080,29.13669,28.83425,0.0
2022-01-22 13:09:39.505192,28.72454,28.52475,0.0
2022-01-22 13:09:40.005745,28.31238,28.57675,0.0
2022-01-22 13:09:40.501701,28.15767,28.7315,0.0
2022-01-22 13:09:41.008842,28.0537,28.6795,0.0
2022-01-22 13:09:41.504697,28.93123,28.7835,0.0
2022-01-22 13:09:42.002291,28.56982,28.6795,0.0
2022-01-22 13:09:42.508926,28.4671,28.26725,0.0
2022-01-22 13:09:43.007085,27.95097,28.6795,0.0
2022-01-22 13:09:43.502883,28.10569,28.7835,0.0
2022-01-22 13:09:44.001815,28.4671,28.7315,0.0
2022-01-22 13:09:44.507357,28.87925,28.62875,0.0
2022-01-22 13:09:45.006386,28.2604,28.37,0.0
2022-01-22 13:09:45.501712,28.0537,28.88625,0.0
2022-01-22 13:09:46.010030,28.15767,28.88625,0.0
2022-01-22 13:09:46.504039,28.87925,28.6795,0.0
2022-01-22 13:09:47.002231,28.87925,28.57675,0.0
2022-01-22 13:09:47.507857,28.2604,28.6795,0.0
2022-01-22 13:09:48.006130,28.2604,28.7315,0.0
2022-01-22 13:09:48.501126,28.72454,28.37,0.0
2022-01-22 13:09:49.010195,28.98198,28.7315,0.0
2022-01-22 13:09:49.508007,28.87925,28.62875,0.0
2022-01-22 13:09:50.007328,28.56982,28.422,0.0
2022-01-22 13:09:50.504111,28.0537,28.6795,0.0
2022-01-22 13:09:51.004534,28.36313,28.6795,0.0
2022-01-22 13:09:51.501884,28.2604,28.62875,0.0
2022-01-22 13:09:52.010289,28.98198,28.93825,0.0
2022-01-22 13:09:52.506172,28.62181,28.62875,0.0
2022-01-22 13:09:53.004130,28.15767,28.422,0.0
2022-01-22 13:09:53.501267,28.15767,28.7835,0.0
2022-01-22 13:09:54.010870,28.67255,28.52475,0.0
2022-01-22 13:09:54.505748,28.77652,28.7315,0.0
2022-01-22 13:09:55.002692,28.56982,28.7835,0.0
2022-01-22 13:09:55.508526,28.00296,28.474,0.0
2022-01-22 13:09:56.006756,28.41511,28.21525,0.0
2022-01-22 13:09:56.501931,28.77652,28.88625,0.0
2022-01-22 13:09:57.011097,28.93123,29.041,0.0
2022-01-22 13:09:57.507412,28.77652,28.57675,0.0
2022-01-22 13:09:58.006291,28.31238,28.52475,0.0
2022-01-22 13:09:58.504930,28.20842,28.83425,0.0
2022-01-22 13:09:59.002766,28.15767,28.57675,0.0
2022-01-22 13:09:59.508415,29.03396,28.62875,0.0
2022-01-22 13:10:00.006073,28.87925,28.7835,0.0
2022-01-22 13:10:00.501119,28.4671,28.422,0.0
2022-01-22 13:10:01.009043,28.10569,28.31925,0.0
2022-01-22 13:10:01.504947,27.69353,28.93825,0.0
2022-01-22 13:10:02.003943,28.67255,28.7315,0.0
2022-01-22 13:10:02.509979,28.56982,28.474,0.0
2022-01-22 13:10:03.007293,28.62181,28.37,0.0
2022-01-22 13:10:03.502540,27.89899,28.83425,0.0
2022-01-22 13:10:04.503941,28.51784,28.6795,0.0
2022-01-22 13:10:05.003832,29.24066,28.7315,0.0
2022-01-22 13:10:05.509778,28.82727,28.474,0.0
2022-01-22 13:10:06.006749,28.56982,28.52475,0.0
2022-01-22 13:10:06.501425,27.95097,28.83425,0.0
2022-01-22 13:10:07.010839,27.53882,28.7835,0.0
2022-01-22 13:10:07.505967,28.56982,28.57675,0.0
2022-01-22 13:10:08.003619,28.20842,28.37,0.0
2022-01-22 13:10:08.509538,28.72454,28.7835,0.0
2022-01-22 13:10:09.008115,28.4671,28.62875,0.0
2022-01-22 13:10:09.502377,28.72454,28.62875,0.0
2022-01-22 13:10:10.009414,29.24066,29.19575,0.0
2022-01-22 13:10:10.506124,28.98198,28.989,0.0
2022-01-22 13:10:11.010072,28.36313,28.26725,0.0
2022-01-22 13:10:11.509066,27.89899,28.62875,0.0
2022-01-22 13:10:12.007366,28.4671,28.57675,0.0
2022-01-22 13:10:12.506815,29.34339,28.57675,0.0
2022-01-22 13:10:13.005558,28.82727,28.26725,0.0
2022-01-22 13:10:13.501188,28.77652,28.7835,0.0
2022-01-22 13:10:14.010230,28.10569,28.62875,0.0
2022-01-22 13:10:14.505734,27.84825,28.474,0.0
2022-01-22 13:10:15.003901,28.00296,28.7315,0.0
2022-01-22 13:10:15.509248,28.4671,28.7315,0.0
2022-01-22 13:10:16.007284,28.15767,28.57675,0.0
2022-01-22 13:10:16.502325,28.56982,28.93825,0.0
2022-01-22 13:10:17.001212,28.82727,28.6795,0.0
2022-01-22 13:10:17.508065,28.51784,28.62875,0.0
2022-01-22 13:10:18.006265,28.87925,28.989,0.0
2022-01-22 13:10:18.502171,28.67255,28.7315,0.0
2022-01-22 13:10:19.010499,28.0537,28.1125,0.0
2022-01-22 13:10:19.505803,28.4671,28.62875,0.0
2022-01-22 13:10:20.003906,27.89899,28.93825,0.0
2022-01-22 13:10:20.510713,28.62181,28.7315,0.0
2022-01-22 13:10:21.010818,28.56982,28.37,0.0
2022-01-22 13:10:21.505611,28.77652,28.6795,0.0
2022-01-22 13:10:22.004464,28.51784,28.7315,0.0
2022-01-22 13:10:22.509747,28.41511,28.474,0.0
2022-01-22 13:10:23.007120,28.56982,29.24775,0.0
2022-01-22 13:10:23.502658,29.18867,28.989,0.0
2022-01-22 13:10:24.010389,28.31238,28.37,0.0
2022-01-22 13:10:24.506714,28.67255,28.1125,0.0
2022-01-22 13:10:25.005538,28.41511,29.041,0.0
2022-01-22 13:10:25.501839,28.98198,28.88625,0.0
2022-01-22 13:10:26.010265,28.82727,28.52475,0.0
2022-01-22 13:10:26.505731,28.36313,28.00975,0.0
2022-01-22 13:10:27.003788,28.31238,28.93825,0.0
2022-01-22 13:10:27.501249,27.89899,28.88625,0.0
2022-01-22 13:10:28.008586,28.00296,28.57675,0.0
2022-01-22 13:10:28.503729,28.51784,28.52475,0.0
2022-01-22 13:10:29.002065,28.82727,28.52475,0.0
2022-01-22 13:10:29.508620,28.41511,28.57675,0.0
2022-01-22 13:10:30.007350,28.15767,29.19575,0.0
2022-01-22 13:10:30.502873,28.56982,28.83425,0.0
2022-01-22 13:10:31.001152,28.98198,28.31925,0.0
2022-01-22 13:10:31.506714,28.56982,28.21525,0.0
2022-01-22 13:10:32.004898,28.77652,28.474,0.0
2022-01-22 13:10:32.501361,27.79626,28.989,0.0
2022-01-22 13:10:33.008979,27.69353,28.83425,0.0
2022-01-22 13:10:33.504128,28.67255,28.422,0.0
2022-01-22 13:10:34.004035,29.03396,28.37,0.0
2022-01-22 13:10:34.509761,28.41511,28.7315,0.0
2022-01-22 13:10:35.003652,28.00296,29.041,0.0
2022-01-22 13:10:35.509219,27.84825,28.37,0.0
2022-01-22 13:10:36.007835,29.44612,28.422,0.0
2022-01-22 13:10:36.502741,29.4981,28.93825,0.0
2022-01-22 13:10:37.002286,28.56982,28.7835,0.0
2022-01-22 13:10:37.507365,28.15767,28.474,0.0
2022-01-22 13:10:38.006066,27.64155,28.474,0.0
2022-01-22 13:10:38.503002,28.31238,28.57675,0.0
2022-01-22 13:10:39.010805,28.67255,28.422,0.0
2022-01-22 13:10:39.506417,28.31238,28.62875,0.0
2022-01-22 13:10:40.003917,28.15767,28.7315,0.0
2022-01-22 13:10:40.500927,28.87925,28.52475,0.0
2022-01-22 13:10:41.001092,28.72454,28.7315,0.0
2022-01-22 13:10:41.506199,28.62181,28.6795,0.0
2022-01-22 13:10:42.005073,28.77652,28.57675,0.0
2022-01-22 13:10:42.502262,28.36313,28.57675,0.0
2022-01-22 13:10:43.002049,27.69353,28.62875,0.0
2022-01-22 13:10:43.508010,28.20842,28.989,0.0
2022-01-22 13:10:44.007555,28.56982,28.88625,0.0
2022-01-22 13:10:44.503685,28.41511,28.474,0.0
2022-01-22 13:10:45.002152,27.74428,28.1125,0.0
2022-01-22 13:10:45.508450,28.93123,28.7835,0.0
2022-01-22 13:10:46.006797,28.93123,29.041,0.0
2022-01-22 13:10:46.501825,28.82727,28.7315,0.0
2022-01-22 13:10:47.505075,28.41511,28.57675,0.0
2022-01-22 13:10:48.002405,28.56982,28.62875,0.0
2022-01-22 13:10:48.509962,28.87925,28.7835,0.0
2022-01-22 13:10:49.008933,28.98198,28.88625,0.0
2022-01-22 13:10:49.502824,28.62181,28.52475,0.0
2022-01-22 13:10:50.002072,28.67255,28.57675,0.0
2022-01-22 13:10:50.507716,28.10569,28.93825,0.0
2022-01-22 13:10:51.005554,27.84825,28.6795,0.0
2022-01-22 13:10:51.502399,28.62181,28.57675,0.0
2022-01-22 13:10:52.010945,28.36313,28.37,0.0
2022-01-22 13:10:52.507216,27.84825,28.422,0.0
2022-01-22 13:10:53.006023,27.74428,28.93825,0.0
2022-01-22 13:10:53.510849,27.89899,28.57675,0.0
2022-01-22 13:10:54.009703,29.7048,28.474,0.0
2022-01-22 13:10:54.506234,29.4981,28.474,0.0
2022-01-22 13:10:55.004450,28.82727,28.37,0.0
2022-01-22 13:10:55.511055,28.31238,28.93825,0.0
2022-01-22 13:10:56.001055,27.79626,28.7835,0.0
2022-01-22 13:10:56.506454,27.33212,28.88625,0.0
2022-01-22 13:10:57.009089,27.95097,28.88625,0.0
2022-01-22 13:10:57.505123,28.93123,28.83425,0.0
2022-01-22 13:10:58.003111,28.62181,28.474,0.0
2022-01-22 13:10:58.509649,28.2604,28.83425,0.0
2022-01-22 13:10:59.007687,28.0537,28.93825,0.0
2022-01-22 13:10:59.502779,28.4671,28.52475,0.0
2022-01-22 13:11:00.010588,29.03396,28.37,0.0
2022-01-22 13:11:00.507226,28.56982,28.6795,0.0
2022-01-22 13:11:01.007987,28.41511,28.31925,0.0
2022-01-22 13:11:01.502600,28.72454,28.88625,0.0
2022-01-22 13:11:02.010356,29.34339,29.041,0.0
2022-01-22 13:11:02.505834,29.24066,28.7315,0.0
2022-01-22 13:11:03.004385,28.72454,28.52475,0.0
2022-01-22 13:11:03.510234,28.0537,28.83425,0.0
2022-01-22 13:11:04.008825,27.58957,29.14375,0.0
2022-01-22 13:11:04.503350,28.20842,28.7835,0.0
2022-01-22 13:11:05.010725,28.20842,28.31925,0.0
2022-01-22 13:11:05.505691,28.31238,28.57675,0.0
2022-01-22 13:11:06.003350,28.56982,28.6795,0.0
2022-01-22 13:11:06.508234,28.41511,28.62875,0.0
2022-01-22 13:11:07.006436,28.15767,28.7835,0.0
2022-01-22 13:11:07.501665,28.77652,28.62875,0.0
2022-01-22 13:11:08.010538,28.15767,28.21525,0.0
2022-01-22 13:11:08.506036,28.10569,28.6795,0.0
2022-01-22 13:11:09.005034,27.89899,29.041,0.0
2022-01-22 13:11:09.503324,28.4671,28.989,0.0
2022-01-22 13:11:10.011136,29.18867,28.422,0.0
2022-01-22 13:11:10.505872,28.77652,28.7835,0.0
2022-01-22 13:11:11.505170,28.31238,28.7315,0.0
2022-01-22 13:11:12.002840,28.0537,28.7315,0.0
2022-01-22 13:11:12.507655,29.13669,28.57675,0.0
2022-01-22 13:11:13.005789,28.87925,28.21525,0.0
2022-01-22 13:11:13.501485,28.4671,28.62875,0.0
2022-01-22 13:11:14.008663,28.2604,28.93825,0.0
2022-01-22 13:11:14.504004,27.84825,28.7835,0.0
2022-01-22 13:11:15.002947,28.41511,28.7315,0.0
2022-01-22 13:11:15.508945,28.67255,28.7835,0.0
2022-01-22 13:11:16.005761,28.62181,28.93825,0.0
2022-01-22 13:11:16.502301,28.00296,29.041,0.0
2022-01-22 13:11:17.009369,28.41511,28.7835,0.0
2022-01-22 13:11:17.504349,29.13669,28.7835,0.0
2022-01-22 13:11:18.001931,28.98198,28.37,0.0
2022-01-22 13:11:18.506767,28.87925,28.52475,0.0
2022-01-22 13:11:19.003578,28.36313,29.041,0.0
2022-01-22 13:11:19.508992,28.00296,28.26725,0.0
2022-01-22 13:11:20.007915,27.69353,28.37,0.0
2022-01-22 13:11:20.502477,28.62181,28.37,0.0
2022-01-22 13:11:21.001351,28.20842,28.6795,0.0
2022-01-22 13:11:21.507861,28.00296,28.6795,0.0
2022-01-22 13:11:22.006558,27.95097,28.7835,0.0
2022-01-22 13:11:22.503175,29.39537,28.989,0.0
2022-01-22 13:11:23.011020,28.77652,28.7835,0.0
2022-01-22 13:11:23.507668,28.56982,28.6795,0.0
2022-01-22 13:11:24.006113,28.36313,28.88625,0.0
2022-01-22 13:11:24.502621,27.69353,28.474,0.0
2022-01-22 13:11:25.010658,28.56982,28.52475,0.0
2022-01-22 13:11:25.507990,29.18867,28.7315,0.0
2022-01-22 13:11:26.006766,28.77652,28.6795,0.0
2022-01-22 13:11:26.502674,28.56982,28.21525,0.0
2022-01-22 13:11:27.010152,27.89899,28.52475,0.0
2022-01-22 13:11:27.504563,28.36313,28.83425,0.0
2022-01-22 13:11:28.003454,29.08595,28.62875,0.0
2022-01-22 13:11:28.507767,28.87925,28.88625,0.0
2022-01-22 13:11:29.006011,28.4671,28.83425,0.0
2022-01-22 13:11:29.501559,27.89899,28.52475,0.0
2022-01-22 13:11:30.001399,27.38411,28.93825,0.0
2022-01-22 13:11:30.506362,28.4671,28.93825,0.0
2022-01-22 13:11:31.003289,28.93123,28.52475,0.0
2022-01-22 13:11:31.507811,28.62181,28.1645,0.0
2022-01-22 13:11:32.006376,27.95097,28.474,0.0
2022-01-22 13:11:32.502693,28.00296,29.041,0.0
2022-01-22 13:11:33.010810,28.10569,28.6795,0.0
2022-01-22 13:11:33.506677,28.98198,28.21525,0.03864
2022-01-22 13:11:34.005280,28.72454,28.37,0.03864
2022-01-22 13:11:34.502492,28.62181,28.989,0.0
2022-01-22 13:11:35.009679,27.95097,29.041,0.0
2022-01-22 13:11:35.505315,28.2604,28.989,0.0
2022-01-22 13:11:36.003192,28.77652,28.6795,0.0
2022-01-22 13:11:36.508061,28.93123,28.52475,0.0
2022-01-22 13:11:37.005895,28.4671,28.474,0.0
2022-01-22 13:11:37.501479,28.56982,28.93825,0.0
2022-01-22 13:11:38.009727,27.89899,28.7835,0.0
2022-01-22 13:11:38.505271,28.67255,28.422,0.0
2022-01-22 13:11:39.004222,28.77652,28.00975,0.0
2022-01-22 13:11:39.509252,28.56982,28.83425,0.0
2022-01-22 13:11:40.006420,28.36313,28.93825,0.0
2022-01-22 13:11:40.501144,28.62181,28.83425,0.0
2022-01-22 13:11:41.010149,28.51784,28.83425,0.0
2022-01-22 13:11:41.504897,28.4671,28.93825,0.0
2022-01-22 13:11:42.002385,28.31238,28.6795,0.0
2022-01-22 13:11:42.507167,28.51784,29.14375,0.0
2022-01-22 13:11:43.006766,28.0537,28.62875,0.0
2022-01-22 13:11:43.503213,28.41511,28.474,0.0
2022-01-22 13:11:44.002090,28.72454,28.6795,0.0
2022-01-22 13:11:44.508249,28.41511,28.6795,0.0
2022-01-22 13:11:45.006370,27.89899,28.57675,0.0
2022-01-22 13:11:45.502605,28.4671,28.83425,0.0
2022-01-22 13:11:46.001214,28.72454,28.422,0.0
2022-01-22 13:11:46.507494,28.77652,28.52475,0.0
2022-01-22 13:11:47.006409,28.67255,28.7835,0.0
2022-01-22 13:11:47.502594,28.2604,28.57675,0.0
2022-01-22 13:11:48.001514,28.15767,28.83425,0.0
2022-01-22 13:11:48.508054,29.08595,28.93825,0.0
2022-01-22 13:11:49.007722,28.98198,28.7315,0.0
2022-01-22 13:11:49.503533,28.77652,28.57675,0.0
2022-01-22 13:11:50.001787,28.2604,28.52475,0.0
2022-01-22 13:11:50.506630,27.74428,28.6795,0.0
2022-01-22 13:11:51.007964,27.43485,28.93825,0.0
2022-01-22 13:11:51.503911,28.62181,28.52475,0.0
2022-01-22 13:11:52.002308,28.82727,28.1645,0.0
2022-01-22 13:11:52.509121,28.15767,28.83425,0.0
2022-01-22 13:11:53.007375,28.77652,28.62875,0.0
2022-01-22 13:11:53.502795,29.08595,28.6795,0.0
2022-01-22 13:11:54.010617,29.08595,28.7315,0.0
2022-01-22 13:11:54.504988,28.56982,28.83425,0.0
2022-01-22 13:11:55.003828,28.62181,28.52475,0.0
2022-01-22 13:11:55.501127,27.74428,28.7315,0.0
2022-01-22 13:11:56.009227,27.95097,29.19575,0.0
2022-01-22 13:11:56.504626,28.82727,28.88625,0.0
2022-01-22 13:11:57.003161,28.87925,27.90575,0.0
2022-01-22 13:11:57.509010,28.2604,28.31925,0.0
2022-01-22 13:11:58.005970,27.64155,29.19575,0.0
2022-01-22 13:11:58.502383,28.4671,28.93825,0.0
2022-01-22 13:11:59.001101,28.98198,28.1645,0.0
2022-01-22 13:11:59.505904,29.13669,28.21525,0.0
2022-01-22 13:12:00.004207,28.67255,28.7835,0.0
2022-01-22 13:12:00.509400,28.15767,28.52475,0.0
2022-01-22 13:12:01.008826,28.10569,28.7835,0.0
2022-01-22 13:12:01.503676,28.77652,28.62875,0.0
2022-01-22 13:12:02.504933,28.93123,28.989,0.0
2022-01-22 13:12:03.003406,29.03396,28.52475,0.0
2022-01-22 13:12:03.507910,28.20842,28.52475,0.0
2022-01-22 13:12:04.006096,28.31238,29.041,0.0
2022-01-22 13:12:04.501865,28.72454,28.6795,0.0
2022-01-22 13:12:05.010960,28.93123,28.37,0.0
2022-01-22 13:12:05.509305,28.20842,28.93825,0.0
2022-01-22 13:12:06.008204,27.84825,28.62875,0.0
2022-01-22 13:12:06.502150,28.10569,28.31925,0.0
2022-01-22 13:12:07.010647,28.2604,28.0605,0.0
2022-01-22 13:12:07.505259,29.13669,28.989,0.0
2022-01-22 13:12:08.003659,28.87925,28.62875,0.0
2022-01-22 13:12:08.508900,28.36313,28.474,0.0
2022-01-22 13:12:09.007500,28.10569,28.83425,0.0
2022-01-22 13:12:09.503493,28.51784,28.83425,0.0
2022-01-22 13:12:10.002890,29.13669,28.57675,0.0
2022-01-22 13:12:10.508961,28.77652,28.474,0.0
2022-01-22 13:12:11.005713,28.4671,29.041,0.0
2022-01-22 13:12:11.501205,28.00296,28.83425,0.0
2022-01-22 13:12:12.009876,28.67255,28.31925,0.0
2022-01-22 13:12:12.504963,28.72454,28.57675,0.0
2022-01-22 13:12:13.002437,28.77652,28.474,0.0
2022-01-22 13:12:13.507784,28.20842,28.21525,0.0
2022-01-22 13:12:14.007379,28.67255,28.93825,0.0
2022-01-22 13:12:14.503252,28.82727,29.041,0.0
2022-01-22 13:12:15.002281,28.87925,28.474,0.0
2022-01-22 13:12:15.508266,28.82727,28.474,0.0
2022-01-22 13:12:16.006179,28.41511,28.88625,0.0
2022-01-22 13:12:16.511061,27.74428,28.6795,0.0
2022-01-22 13:12:17.008862,27.74428,28.83425,0.0
2022-01-22 13:12:17.503312,28.41511,28.7315,0.0
2022-01-22 13:12:18.003867,28.20842,28.52475,0.0
2022-01-22 13:12:18.510459,28.62181,28.26725,0.0
2022-01-22 13:12:19.008030,28.51784,28.989,0.0
2022-01-22 13:12:19.504364,28.41511,28.88625,0.0
2022-01-22 13:12:20.002086,28.62181,28.1645,0.0
2022-01-22 13:12:20.508633,28.72454,28.26725,0.0
2022-01-22 13:12:21.006653,28.0537,28.989,0.0
2022-01-22 13:12:21.502333,27.84825,28.7835,0.0
2022-01-22 13:12:22.010852,28.20842,28.6795,0.0
2022-01-22 13:12:22.505961,28.98198,28.7315,0.0
2022-01-22 13:12:23.002640,28.93123,28.57675,0.0
2022-01-22 13:12:23.508092,28.67255,28.62875,0.0
2022-01-22 13:12:24.007154,28.2604,28.88625,0.0
2022-01-22 13:12:24.503877,27.95097,28.88625,0.0
2022-01-22 13:12:25.002029,28.20842,28.422,0.0
2022-01-22 13:12:25.507025,29.08595,28.1125,0.0
2022-01-22 13:12:26.006154,28.82727,28.57675,0.0
2022-01-22 13:12:26.501646,28.62181,28.7835,0.0
2022-01-22 13:12:27.001717,27.95097,28.6795,0.0
2022-01-22 13:12:27.507736,28.00296,28.52475,0.0
2022-01-22 13:12:28.005748,28.87925,28.6795,0.0
2022-01-22 13:12:28.502299,28.72454,28.93825,0.0
2022-01-22 13:12:29.010904,28.31238,28.62875,0.0
2022-01-22 13:12:29.506012,27.84825,28.88625,0.0
2022-01-22 13:12:30.004172,28.2604,28.7835,0.0
2022-01-22 13:12:30.509531,29.39537,28.474,0.0
2022-01-22 13:12:31.006957,29.44612,28.7315,0.0
2022-01-22 13:12:31.502888,28.67255,28.88625,0.0
2022-01-22 13:12:32.009383,28.00296,28.26725,0.0
2022-01-22 13:12:32.503866,27.79626,28.37,0.0
2022-01-22 13:12:33.003799,28.2604,28.52475,0.0
2022-01-22 13:12:33.510641,28.56982,28.7315,0.0
2022-01-22 13:12:34.007720,28.56982,28.62875,0.0
2022-01-22 13:12:34.503758,27.89899,28.57675,0.0
2022-01-22 13:12:35.002432,28.0537,29.14375,0.0
2022-01-22 13:12:35.507221,28.82727,28.83425,0.0
2022-01-22 13:12:36.003920,28.82727,28.422,0.0
2022-01-22 13:12:36.509612,28.77652,28.7835,0.0
2022-01-22 13:12:37.006624,28.51784,28.474,0.0
2022-01-22 13:12:37.503986,27.89899,28.422,0.0
2022-01-22 13:12:38.003038,28.36313,28.7835,0.0
2022-01-22 13:12:38.510414,29.03396,28.7315,0.0
2022-01-22 13:12:39.008044,28.67255,28.1645,0.0
2022-01-22 13:12:39.503142,28.0537,28.37,0.0
2022-01-22 13:12:40.001973,28.72454,29.041,0.0
2022-01-22 13:12:40.507352,28.87925,28.7315,0.0
2022-01-22 13:12:41.005657,29.03396,28.474,0.0
2022-01-22 13:12:41.501086,29.03396,28.93825,0.0
2022-01-22 13:12:42.009881,28.2604,28.7835,0.0
2022-01-22 13:12:42.505717,27.89899,28.62875,0.0
2022-01-22 13:12:43.005014,27.48684,28.93825,0.0
2022-01-22 13:12:43.509837,28.20842,28.62875,0.0
2022-01-22 13:12:44.007328,28.20842,28.1645,0.0
2022-01-22 13:12:44.503816,28.77652,28.83425,0.0
2022-01-22 13:12:45.001896,28.2604,29.093,0.0
2022-01-22 13:12:45.507697,27.95097,28.62875,0.0
2022-01-22 13:12:46.005740,28.56982,28.0605,0.0
2022-01-22 13:12:46.503803,28.87925,28.52475,0.0
2022-01-22 13:12:47.001369,28.72454,29.14375,0.0
2022-01-22 13:12:47.505701,28.36313,28.7835,0.0
2022-01-22 13:12:48.004219,28.0537,28.7315,0.0
2022-01-22 13:12:48.509445,28.4671,28.52475,0.0
2022-01-22 13:12:49.007019,29.03396,28.422,0.0
2022-01-22 13:12:49.501358,28.98198,28.88625,0.0
2022-01-22 13:12:50.009434,28.31238,28.62875,0.0
2022-01-22 13:12:50.505571,28.20842,28.422,0.0
2022-01-22 13:12:51.004841,27.79626,28.474,0.0
2022-01-22 13:12:52.004957,28.67255,28.57675,0.0
2022-01-22 13:12:52.510429,28.4671,28.37,0.0
2022-01-22 13:12:53.010035,28.10569,28.88625,0.0
2022-01-22 13:12:53.505924,27.84825,28.6795,0.0
2022-01-22 13:12:54.003831,28.41511,28.422,0.0
2022-01-22 13:12:54.510404,28.98198,29.041,0.0
2022-01-22 13:12:55.008537,28.4671,28.57675,0.0
2022-01-22 13:12:55.505310,28.31238,28.6795,0.0
2022-01-22 13:12:56.003568,28.0537,28.7315,0.0
2022-01-22 13:12:56.509013,28.82727,28.93825,0.0
2022-01-22 13:12:57.006074,28.56982,28.52475,0.0
2022-01-22 13:12:57.501318,28.62181,28.21525,0.0
2022-01-22 13:12:58.008583,27.79626,29.24775,0.0
2022-01-22 13:12:58.503840,28.10569,28.93825,0.0
2022-01-22 13:12:59.003325,29.44612,28.31925,0.0
2022-01-22 13:12:59.509202,29.18867,28.52475,0.0
2022-01-22 13:13:00.007668,28.72454,29.14375,0.0
2022-01-22 13:13:00.510727,28.15767,28.6795,0.0
2022-01-22 13:13:01.010089,28.0537,28.422,0.0
2022-01-22 13:13:01.505800,29.03396,28.88625,0.0
2022-01-22 13:13:02.003351,29.44612,28.1125,0.0
2022-01-22 13:13:02.509969,28.77652,28.31925,0.0
2022-01-22 13:13:03.006830,28.20842,28.93825,0.0
2022-01-22 13:13:03.501923,27.64155,28.83425,0.0
2022-01-22 13:13:04.001678,28.36313,28.1125,0.0
2022-01-22 13:13:04.508033,28.87925,28.37,0.0
2022-01-22 13:13:05.005975,28.51784,29.093,0.0
2022-01-22 13:13:05.501744,27.95097,28.52475,0.0
2022-01-22 13:13:06.009456,28.00296,28.6795,0.0
2022-01-22 13:13:06.504742,28.36313,28.88625,0.0
2022-01-22 13:13:07.002500,29.13669,28.422,0.0
2022-01-22 13:13:07.509158,28.98198,28.62875,0.0
2022-01-22 13:13:08.007275,28.41511,28.83425,0.0
2022-01-22 13:13:08.502589,27.79626,28.6795,0.0
2022-01-22 13:13:09.010717,28.2604,28.31925,0.0
2022-01-22 13:13:09.504433,28.72454,28.422,0.0
2022-01-22 13:13:10.002381,28.82727,28.83425,0.0
2022-01-22 13:13:10.507491,28.62181,28.62875,0.0
2022-01-22 13:13:11.002353,27.84825,28.6795,0.0
2022-01-22 13:13:11.508121,28.10569,28.88625,0.0
2022-01-22 13:13:12.006114,29.18867,28.52475,0.0
2022-01-22 13:13:12.510453,29.34339,28.62875,0.0
2022-01-22 13:13:13.008219,28.98198,28.989,0.0
2022-01-22 13:13:13.505040,28.31238,28.6795,0.0
2022-01-22 13:13:14.002901,28.0537,28.422,0.0
2022-01-22 13:13:14.507555,27.74428,28.57675,0.0
2022-01-22 13:13:15.005648,29.13669,28.7315,0.0
2022-01-22 13:13:15.502594,28.51784,28.6795,0.0
2022-01-22 13:13:16.505199,27.89899,28.88625,0.0
2022-01-22 13:13:17.002960,28.41511,28.52475,0.0
2022-01-22 13:13:17.508907,28.72454,28.62875,0.0
2022-01-22 13:13:18.008063,28.56982,29.093,0.0
2022-01-22 13:13:18.505026,28.10569,28.474,0.0
2022-01-22 13:13:19.002954,28.0537,28.37,0.0
2022-01-22 13:13:19.508364,28.98198,28.88625,0.0
2022-01-22 13:13:20.007620,28.77652,28.62875,0.0
2022-01-22 13:13:20.502026,28.93123,28.31925,0.0
2022-01-22 13:13:21.010120,28.41511,28.6795,0.0
2022-01-22 13:13:21.506012,27.84825,28.6795,0.0
2022-01-22 13:13:22.004196,28.51784,28.57675,0.0
2022-01-22 13:13:22.510451,28.72454,28.57675,0.0
2022-01-22 13:13:23.010214,28.51784,28.62875,0.0
2022-01-22 13:13:23.506769,28.36313,28.6795,0.0
2022-01-22 13:13:24.004586,28.2604,28.7835,0.0
2022-01-22 13:13:24.509880,28.62181,28.7315,0.0
2022-01-22 13:13:25.008349,28.93123,28.6795,0.0
2022-01-22 13:13:25.503593,28.93123,28.7835,0.0
2022-01-22 13:13:26.001645,28.62181,28.474,0.0
2022-01-22 13:13:26.509129,27.95097,28.88625,0.0
2022-01-22 13:13:27.006534,28.67255,28.83425,0.0
2022-01-22 13:13:27.503616,28.82727,28.31925,0.0
2022-01-22 13:13:28.002926,28.67255,28.1645,0.0
2022-01-22 13:13:28.508336,28.87925,28.989,0.0
2022-01-22 13:13:29.006373,27.84825,28.93825,0.0
2022-01-22 13:13:29.501669,28.56982,28.57675,0.0
2022-01-22 13:13:30.009497,27.84825,28.62875,0.0
2022-01-22 13:13:30.505475,28.51784,28.62875,0.0
2022-01-22 13:13:31.003225,28.82727,28.31925,0.0
2022-01-22 13:13:31.510233,28.62181,29.093,0.0
2022-01-22 13:13:32.008338,28.62181,29.19575,0.0
2022-01-22 13:13:32.503683,28.36313,28.474,0.0
2022-01-22 13:13:33.003026,28.62181,28.0605,0.0
2022-01-22 13:13:33.509128,28.77652,29.19575,0.0
2022-01-22 13:13:34.007190,28.4671,28.7835,0.0
2022-01-22 13:13:34.501756,28.15767,28.474,0.0
2022-01-22 13:13:35.008609,27.84825,28.21525,0.0
2022-01-22 13:13:35.504248,28.41511,28.88625,0.0
2022-01-22 13:13:36.002333,28.93123,28.57675,0.0
2022-01-22 13:13:36.509308,28.56982,28.83425,0.0
2022-01-22 13:13:37.008319,27.84825,28.6795,0.0
2022-01-22 13:13:37.503963,27.64155,28.37,0.0
2022-01-22 13:13:38.002781,28.87925,28.26725,0.0
2022-01-22 13:13:38.509330,29.85951,28.989,0.0
2022-01-22 13:13:39.008070,28.77652,28.7835,0.0
2022-01-22 13:13:39.502658,28.56982,28.57675,0.0
2022-01-22 13:13:40.504745,27.43485,28.7835,0.0
2022-01-22 13:13:41.002839,29.08595,28.62875,0.0
2022-01-22 13:13:41.509455,29.18867,28.7315,0.0
2022-01-22 13:13:42.006745,28.51784,29.093,0.0
2022-01-22 13:13:42.502184,27.95097,28.57675,0.0
2022-01-22 13:13:43.010730,27.53882,28.26725,0.0
2022-01-22 13:13:43.506340,28.67255,28.989,0.0
2022-01-22 13:13:44.003783,28.72454,28.57675,0.0
2022-01-22 13:13:44.509458,28.36313,28.21525,0.0
2022-01-22 13:13:45.006042,27.79626,29.093,0.0
2022-01-22 13:13:45.502945,27.89899,28.989,0.0
2022-01-22 13:13:46.001837,28.98198,28.31925,0.0
2022-01-22 13:13:46.508089,28.72454,28.7315,0.0
2022-01-22 13:13:47.007439,28.15767,28.7835,0.0
2022-01-22 13:13:47.505080,27.64155,28.52475,0.0
2022-01-22 13:13:48.002849,28.10569,28.7315,0.0
2022-01-22 13:13:48.508324,28.72454,28.88625,0.0
2022-01-22 13:13:49.007716,28.62181,28.62875,0.0
2022-01-22 13:13:49.502654,28.4671,28.52475,0.0
2022-01-22 13:13:50.001087,28.20842,29.093,0.0
2022-01-22 13:13:50.507938,27.79626,28.6795,0.0
2022-01-22 13:13:51.006654,28.87925,27.95775,0.0
2022-01-22 13:13:51.503469,29.08595,28.474,0.0
2022-01-22 13:13:52.002357,28.67255,29.19575,0.0
2022-01-22 13:13:52.508478,28.67255,29.14375,0.0
2022-01-22 13:13:53.006213,28.00296,28.57675,0.0
2022-01-22 13:13:53.511120,27.69353,28.52475,0.0
2022-01-22 13:13:54.010685,29.08595,28.474,0.0
2022-01-22 13:13:54.507663,28.77652,28.6795,0.0
2022-01-22 13:13:55.007420,28.62181,29.14375,0.0
2022-01-22 13:13:55.503230,28.20842,28.7835,0.0
2022-01-22 13:13:56.001049,28.20842,28.26725,0.0
2022-01-22 13:13:56.505222,28.62181,28.57675,0.0
2022-01-22 13:13:57.003333,28.51784,28.93825,0.0
2022-01-22 13:13:57.509296,28.2604,28.62875,0.0
2022-01-22 13:13:58.008173,28.0537,28.474,0.0
2022-01-22 13:13:58.503499,28.15767,28.7835,0.0
2022-01-22 13:13:59.001961,28.56982,28.83425,0.0
2022-01-22 13:13:59.509895,28.87925,28.6795,0.0
2022-01-22 13:14:00.007313,28.31238,28.93825,0.0
2022-01-22 13:14:00.501245,28.00296,28.62875,0.0
2022-01-22 13:14:01.009212,28.41511,28.31925,0.0
2022-01-22 13:14:01.505511,29.13669,28.6795,0.0
2022-01-22 13:14:02.003215,29.18867,28.93825,0.0
2022-01-22 13:14:02.508557,28.82727,28.37,0.0
2022-01-22 13:14:03.009355,28.15767,28.474,0.0
2022-01-22 13:14:03.503160,28.0537,28.83425,0.0
2022-01-22 13:14:04.011225,28.56982,28.37,0.0
2022-01-22 13:14:04.507521,29.13669,28.422,0.0
2022-01-22 13:14:05.007134,29.08595,29.14375,0.0
2022-01-22 13:14:05.502249,28.4671,28.93825,0.0
2022-01-22 13:14:06.008148,27.95097,28.474,0.0
2022-01-22 13:14:06.503301,27.69353,28.83425,0.0
2022-01-22 13:14:07.002257,28.31238,28.7835,0.0
2022-01-22 13:14:07.510074,28.00296,28.1125,0.0
2022-01-22 13:14:08.007736,28.15767,28.93825,0.0
2022-01-22 13:14:08.501356,28.4671,28.7315,0.0
2022-01-22 13:14:09.010061,28.62181,28.422,0.0
2022-01-22 13:14:09.506266,28.67255,28.422,0.0
2022-01-22 13:14:10.004373,28.56982,28.7315,0.0
2022-01-22 13:14:10.501357,28.20842,28.7315,0.0
2022-01-22 13:14:11.005093,27.84825,28.62875,0.0
2022-01-22 13:14:11.509743,28.36313,28.7835,0.0
2022-01-22 13:14:12.008852,28.82727,28.93825,0.0
2022-01-22 13:14:12.505178,28.72454,28.7315,0.0
2022-01-22 13:14:13.009061,28.41511,28.83425,0.0
2022-01-22 13:14:13.506092,27.74428,28.7315,0.0
2022-01-22 13:14:14.003236,27.79626,28.37,0.0
2022-01-22 13:14:14.509048,29.08595,28.31925,0.0
2022-01-22 13:14:15.007187,28.62181,28.7835,0.0
2022-01-22 13:14:15.502355,28.36313,28.83425,0.0
2022-01-22 13:14:16.002327,27.84825,28.57675,0.0
2022-01-22 13:14:16.507423,28.10569,28.37,0.0
2022-01-22 13:14:17.006396,28.77652,28.52475,0.0
2022-01-22 13:14:17.501886,28.72454,28.62875,0.0
2022-01-22 13:14:18.009324,28.82727,29.041,0.0
2022-01-22 13:14:18.505254,28.82727,28.989,0.0
2022-01-22 13:14:19.003931,28.31238,28.6795,0.0
2022-01-22 13:14:19.509153,27.79626,28.37,0.0
2022-01-22 13:14:20.007323,28.67255,28.6795,0.0
2022-01-22 13:14:20.504458,28.93123,28.7835,0.0
2022-01-22 13:14:21.002747,28.51784,28.52475,0.0
2022-01-22 13:14:21.508633,27.95097,28.422,0.0
2022-01-22 13:14:22.007508,28.20842,28.422,0.0
2022-01-22 13:14:22.503213,29.39537,28.7835,0.0
2022-01-22 13:14:23.001270,29.08595,28.62875,0.0
2022-01-22 13:14:23.506364,28.56982,28.52475,0.0
2022-01-22 13:14:24.004471,28.00296,28.7315,0.0
2022-01-22 13:14:24.510451,27.69353,28.93825,0.0
2022-01-22 13:14:25.008763,28.93123,28.7315,0.0
2022-01-22 13:14:25.507133,29.18867,28.93825,0.0
2022-01-22 13:14:26.005092,28.72454,28.93825,0.0
2022-01-22 13:14:26.510074,28.0537,28.422,0.0
2022-01-22 13:14:27.007753,27.74428,28.1645,0.0
2022-01-22 13:14:27.503922,28.15767,28.88625,0.0
2022-01-22 13:14:28.002332,28.77652,28.62875,0.0
2022-01-22 13:14:28.506743,28.82727,28.474,0.0
2022-01-22 13:14:29.006373,28.15767,28.57675,0.0
2022-01-22 13:14:29.502263,28.00296,28.7835,0.0
2022-01-22 13:14:30.001410,28.0537,28.422,0.0
2022-01-22 13:14:30.507422,28.82727,28.88625,0.0
2022-01-22 13:14:31.004492,28.67255,29.041,0.0
2022-01-22 13:14:32.004954,28.2604,28.62875,0.0
2022-01-22 13:14:32.509954,29.34339,29.14375,0.0
2022-01-22 13:14:33.007917,28.87925,28.1125,0.0
2022-01-22 13:14:33.503365,28.56982,28.1125,0.0
2022-01-22 13:14:34.002287,28.0537,28.989,0.0
2022-01-22 13:14:34.508476,27.84825,28.6795,0.0
2022-01-22 13:14:35.008381,28.41511,28.1645,0.0
2022-01-22 13:14:35.504456,28.51784,28.6795,0.0
2022-01-22 13:14:36.002764,28.2604,28.83425,0.0
2022-01-22 13:14:36.501148,28.20842,28.62875,0.0
2022-01-22 13:14:37.008437,28.20842,28.7835,0.0
2022-01-22 13:14:37.503626,29.2914,29.041,0.0
2022-01-22 13:14:38.001103,28.82727,28.52475,0.0
2022-01-22 13:14:38.506293,28.56982,28.52475,0.0
2022-01-22 13:14:39.004349,28.31238,29.55725,0.0
2022-01-22 13:14:39.502428,27.74428,28.7315,0.0
2022-01-22 13:14:40.010736,28.98198,27.90575,0.0
2022-01-22 13:14:40.506508,28.72454,27.95775,0.0
2022-01-22 13:14:41.003888,28.56982,29.2985,0.0
2022-01-22 13:14:41.508966,28.41511,28.83425,0.0
2022-01-22 13:14:42.007805,27.84825,28.31925,0.0
2022-01-22 13:14:42.503310,28.15767,28.52475,0.0
2022-01-22 13:14:43.002353,28.72454,28.52475,0.0
2022-01-22 13:14:43.509246,28.56982,28.7315,0.0
2022-01-22 13:14:44.009559,28.20842,29.4025,0.0
2022-01-22 13:14:44.505052,27.69353,28.83425,0.0
2022-01-22 13:14:45.004466,28.15767,28.26725,0.0
2022-01-22 13:14:45.509900,29.03396,28.62875,0.0
2022-01-22 13:14:46.009205,28.72454,29.093,0.0
2022-01-22 13:14:46.506259,29.03396,28.422,0.0
2022-01-22 13:14:47.004407,28.10569,28.422,0.0
2022-01-22 13:14:47.510364,27.89899,28.62875,0.0
2022-01-22 13:14:48.007187,27.38411,28.474,0.0
2022-01-22 13:14:48.502706,28.67255,28.93825,0.0
2022-01-22 13:14:49.010381,28.93123,28.7315,0.0
2022-01-22 13:14:49.505688,28.62181,28.57675,0.0
2022-01-22 13:14:50.003684,28.51784,28.474,0.0
2022-01-22 13:14:50.510802,27.64155,28.93825,0.0
2022-01-22 13:14:51.009556,28.36313,28.83425,0.0
2022-01-22 13:14:51.505455,29.03396,28.57675,0.0
2022-01-22 13:14:52.002708,28.93123,29.14375,0.0
2022-01-22 13:14:52.508543,28.31238,28.62875,0.0
2022-01-22 13:14:53.007337,27.89899,28.31925,0.0
2022-01-22 13:14:53.501276,27.79626,28.62875,0.0
2022-01-22 13:14:54.010285,28.98198,28.7315,0.0
2022-01-22 13:14:54.504921,28.67255,28.62875,0.0
2022-01-22 13:14:55.002730,28.41511,28.6795,0.0
2022-01-22 13:14:55.508151,27.79626,28.7835,0.0
2022-01-22 13:14:56.006757,28.31238,28.422,0.0
2022-01-22 13:14:56.502176,28.77652,28.52475,0.0
2022-01-22 13:14:57.001825,28.87925,28.93825,0.0
2022-01-22 13:14:57.506626,28.31238,28.88625,0.0
2022-01-22 13:14:58.003799,28.36313,28.6795,0.0
2022-01-22 13:14:58.510273,28.56982,28.52475,0.0
2022-01-22 13:14:59.007783,28.82727,28.88625,0.0
2022-01-22 13:14:59.502202,28.82727,28.6795,0.0
2022-01-22 13:15:00.009784,28.00296,28.62875,0.0
2022-01-22 13:15:00.504934,27.84825,28.7315,0.0
2022-01-22 13:15:01.003837,28.0537,28.52475,0.0
2022-01-22 13:15:01.509758,28.56982,28.37,0.0
2022-01-22 13:15:02.007966,29.03396,29.093,0.0
2022-01-22 13:15:02.502756,28.31238,28.83425,0.0
2022-01-22 13:15:03.010859,27.79626,28.21525,0.0
2022-01-22 13:15:03.506804,28.15767,28.37,0.0
2022-01-22 13:15:04.004995,28.82727,29.24775,0.0
2022-01-22 13:15:04.501073,28.72454,28.57675,0.0
2022-01-22 13:15:05.008678,28.62181,28.474,0.0
2022-01-22 13:15:05.504645,27.84825,28.7315,0.0
2022-01-22 13:15:06.002104,28.62181,28.6795,0.0
2022-01-22 13:15:06.507992,28.15767,28.62875,0.0
2022-01-22 13:15:07.005730,28.93123,28.7835,0.0
2022-01-22 13:15:07.500979,28.36313,28.88625,0.0
2022-01-22 13:15:08.009864,28.36313,28.26725,0.0
2022-01-22 13:15:08.504867,28.41511,28.26725,0.0
2022-01-22 13:15:09.002831,28.56982,28.83425,0.0
2022-01-22 13:15:09.509175,28.87925,28.62875,0.0
2022-01-22 13:15:10.010171,28.87925,28.6795,0.0
2022-01-22 13:15:10.505913,28.4671,28.7315,0.0
2022-01-22 13:15:11.010216,28.00296,28.62875,0.0
2022-01-22 13:15:11.505766,28.31238,28.88625,0.0
2022-01-22 13:15:12.003269,28.87925,28.6795,0.0
2022-01-22 13:15:12.509279,28.77652,28.88625,0.0
2022-01-22 13:15:13.007928,27.84825,28.7835,0.0
2022-01-22 13:15:13.503172,27.69353,28.474,0.0
2022-01-22 13:15:14.001024,28.4671,28.52475,0.0
2022-01-22 13:15:14.507782,28.93123,28.83425,0.0
2022-01-22 13:15:15.006631,29.03396,28.422,0.0
2022-01-22 13:15:15.502429,28.36313,28.422,0.0
2022-01-22 13:15:16.009928,27.89899,28.7315,0.0
2022-01-22 13:15:16.504723,27.69353,28.83425,0.0
2022-01-22 13:15:17.002067,28.93123,28.422,0.0
2022-01-22 13:15:17.507937,29.08595,28.93825,0.0
2022-01-22 13:15:18.007379,28.72454,28.83425,0.0
2022-01-22 13:15:18.502373,28.00296,28.52475,0.0
2022-01-22 13:15:19.009855,28.67255,28.7835,0.0
2022-01-22 13:15:19.508380,28.98198,28.93825,0.0
2022-01-22 13:15:20.006421,28.72454,28.37,0.0
2022-01-22 13:15:20.510828,28.67255,28.52475,0.0
2022-01-22 13:15:21.007601,28.10569,28.88625,0.0
2022-01-22 13:15:21.502492,27.84825,28.37,0.0
2022-01-22 13:15:22.504698,28.67255,28.57675,0.0
2022-01-22 13:15:23.002688,28.36313,28.93825,0.0
2022-01-22 13:15:23.507045,28.56982,28.6795,0.0
2022-01-22 13:15:24.005616,28.10569,28.52475,0.0
2022-01-22 13:15:24.501491,28.77652,29.041,0.0
2022-01-22 13:15:25.010442,28.67255,28.57675,0.0
2022-01-22 13:15:25.506066,28.72454,28.7835,0.0
2022-01-22 13:15:26.004388,28.20842,29.14375,0.0
2022-01-22 13:15:26.508470,28.62181,28.7315,0.0
2022-01-22 13:15:27.006005,28.00296,27.855,0.0
2022-01-22 13:15:27.501957,28.67255,28.7835,0.0
2022-01-22 13:15:28.009041,28.93123,28.989,0.0
2022-01-22 13:15:28.504942,28.62181,28.37,0.0
2022-01-22 13:15:29.003262,28.00296,27.751,0.0
2022-01-22 13:15:29.508979,28.10569,28.62875,0.0
2022-01-22 13:15:30.007390,28.72454,29.093,0.0
2022-01-22 13:15:30.502022,28.82727,28.7315,0.0
2022-01-22 13:15:31.001151,28.36313,29.093,0.0
2022-01-22 13:15:31.508322,28.41511,28.7315,0.0
2022-01-22 13:15:32.007563,27.89899,28.1645,0.0
2022-01-22 13:15:32.503350,28.77652,29.093,0.0
2022-01-22 13:15:33.002219,29.08595,29.041,0.0
2022-01-22 13:15:33.509656,29.08595,28.52475,0.0
2022-01-22 13:15:34.007542,28.2604,27.90575,0.0
2022-01-22 13:15:34.503659,28.00296,28.52475,0.0
2022-01-22 13:15:35.001558,27.28014,28.7835,0.0
2022-01-22 13:15:35.506367,28.87925,28.37,0.0
2022-01-22 13:15:36.003243,28.72454,28.989,0.0
2022-01-22 13:15:36.508117,28.15767,28.83425,0.0
2022-01-22 13:15:37.006964,27.89899,28.52475,0.0
2022-01-22 13:15:37.502273,28.2604,29.2985,0.0
2022-01-22 13:15:38.010176,29.39537,28.7315,0.0
2022-01-22 13:15:38.507171,28.93123,28.474,0.0
2022-01-22 13:15:39.007175,28.4671,28.52475,0.0
2022-01-22 13:15:39.502123,28.31238,28.989,0.0
2022-01-22 13:15:40.010026,27.48684,28.52475,0.0
2022-01-22 13:15:40.504613,29.03396,28.37,0.0
2022-01-22 13:15:41.003241,28.93123,28.6795,0.0
2022-01-22 13:15:41.509387,28.51784,28.52475,0.0
2022-01-22 13:15:42.007745,27.89899,28.37,0.0
2022-01-22 13:15:42.505311,28.15767,28.93825,0.0
2022-01-22 13:15:43.003128,28.77652,28.7315,0.0
2022-01-22 13:15:43.508157,28.62181,28.62875,0.0
2022-01-22 13:15:44.005781,28.56982,28.989,0.0
2022-01-22 13:15:44.511167,28.00296,28.83425,0.0
2022-01-22 13:15:45.010184,28.00296,28.31925,0.0
2022-01-22 13:15:45.506993,28.82727,28.474,0.0
2022-01-22 13:15:46.004906,28.93123,29.041,0.0
2022-01-22 13:15:46.510831,28.67255,28.88625,0.0
2022-01-22 13:15:47.010193,28.0537,28.26725,0.0
2022-01-22 13:15:47.504417,28.36313,28.422,0.0
2022-01-22 13:15:48.002163,29.03396,28.62875,0.0
2022-01-22 13:15:48.506769,29.08595,28.422,0.0
2022-01-22 13:15:49.004762,28.51784,29.2985,0.0
2022-01-22 13:15:49.510319,28.20842,28.88625,0.0
2022-01-22 13:15:50.008271,27.74428,28.21525,0.0
2022-01-22 13:15:50.503186,28.82727,28.57675,0.0
2022-01-22 13:15:51.011342,29.08595,29.19575,0.0
2022-01-22 13:15:51.509020,28.77652,28.57675,0.0
2022-01-22 13:15:52.007194,28.36313,28.37,0.0
2022-01-22 13:15:52.502907,27.84825,28.422,0.0
2022-01-22 13:15:53.010894,28.10569,28.88625,0.0
2022-01-22 13:15:53.506477,28.4671,28.6795,0.0
2022-01-22 13:15:54.005099,28.82727,28.52475,0.0
2022-01-22 13:15:54.509680,28.67255,28.7835,0.0
2022-01-22 13:15:55.008955,28.36313,28.37,0.0
2022-01-22 13:15:55.507108,28.15767,28.57675,0.0
2022-01-22 13:15:56.004194,28.77652,29.24775,0.0
2022-01-22 13:15:56.509329,28.87925,28.7835,0.0
2022-01-22 13:15:57.007359,28.4671,28.52475,0.0
2022-01-22 13:15:57.502680,27.95097,28.57675,0.0
2022-01-22 13:15:58.010648,28.10569,28.62875,0.0
2022-01-22 13:15:58.505188,28.93123,28.7835,0.0
2022-01-22 13:15:59.003099,28.93123,28.62875,0.0
2022-01-22 13:15:59.508328,28.87925,28.62875,0.0
2022-01-22 13:16:00.007136,28.10569,28.6795,0.0
2022-01-22 13:16:00.503340,28.00296,28.474,0.0
2022-01-22 13:16:01.001063,27.74428,28.7315,0.0
2022-01-22 13:16:01.507212,28.82727,28.52475,0.0
2022-01-22 13:16:02.004944,28.93123,28.7315,0.0
2022-01-22 13:16:02.510758,28.36313,28.7315,0.0
2022-01-22 13:16:03.009720,27.79626,28.7315,0.0
2022-01-22 13:16:03.505964,28.62181,28.62875,0.0
2022-01-22 13:16:04.004392,28.98198,28.52475,0.0
2022-01-22 13:16:04.500989,29.08595,28.7835,0.0
2022-01-22 13:16:05.010217,28.51784,28.6795,0.0
2022-01-22 13:16:05.506144,28.00296,28.422,0.0
2022-01-22 13:16:06.003095,28.82727,28.6795,0.0
2022-01-22 13:16:06.508511,28.87925,28.7315,0.0
2022-01-22 13:16:07.006162,28.72454,28.62875,0.0
2022-01-22 13:16:07.501817,28.36313,28.57675,0.0
2022-01-22 13:16:08.010084,28.20842,28.62875,0.0
2022-01-22 13:16:08.507663,27.53882,28.422,0.0
2022-01-22 13:16:09.008468,28.41511,28.88625,0.0
2022-01-22 13:16:09.502766,28.98198,28.93825,0.0
2022-01-22 13:16:10.001804,28.93123,28.62875,0.0
2022-01-22 13:16:10.506188,28.4671,28.57675,0.0
2022-01-22 13:16:11.009675,28.20842,28.31925,0.0
2022-01-22 13:16:11.504500,28.20842,28.93825,0.0
2022-01-22 13:16:12.001816,29.13669,28.989,0.0
2022-01-22 13:16:12.507833,28.4671,28.52475,0.0
2022-01-22 13:16:13.006163,28.0537,28.57675,0.0
2022-01-22 13:16:13.503407,28.15767,28.83425,0.0
2022-01-22 13:16:14.001327,29.08595,28.31925,0.0
2022-01-22 13:16:14.507967,29.13669,28.57675,0.0
2022-01-22 13:16:15.006347,28.51784,28.989,0.0
2022-01-22 13:16:15.501149,28.41511,28.422,0.0
2022-01-22 13:16:16.008524,27.79626,28.26725,0.0
2022-01-22 13:16:16.504290,28.20842,29.24775,0.0
2022-01-22 13:16:17.002987,29.18867,28.7835,0.0
2022-01-22 13:16:17.508817,29.08595,28.31925,0.0
2022-01-22 13:16:18.007117,28.41511,28.52475,0.0
2022-01-22 13:16:18.502738,27.84825,28.52475,0.0
2022-01-22 13:16:19.010020,28.31238,28.88625,0.0
2022-01-22 13:16:19.505410,28.62181,28.7835,0.0
2022-01-22 13:16:20.003060,28.93123,29.093,0.0
2022-01-22 13:16:20.507731,28.77652,28.422,0.0
2022-01-22 13:16:21.005973,28.10569,28.0605,0.0
2022-01-22 13:16:21.501782,28.00296,28.989,0.0
2022-01-22 13:16:22.009449,28.82727,28.57675,0.0
2022-01-22 13:16:22.507509,29.34339,28.62875,0.0
2022-01-22 13:16:23.005960,29.03396,28.7315,0.0
2022-01-22 13:16:23.501354,28.36313,28.7835,0.0
2022-01-22 13:16:24.008822,28.20842,28.474,0.0
2022-01-22 13:16:24.503009,27.58957,28.7835,0.0
2022-01-22 13:16:25.002019,28.82727,29.14375,0.0
2022-01-22 13:16:25.507955,28.82727,28.62875,0.0
2022-01-22 13:16:26.005540,28.0537,28.422,0.0
2022-01-22 13:16:26.511088,28.00296,29.14375,0.0
2022-01-22 13:16:27.008242,28.15767,28.52475,0.0
2022-01-22 13:16:27.502797,29.24066,28.21525,0.0
2022-01-22 13:16:28.010102,28.82727,28.7315,0.0
2022-01-22 13:16:28.504482,28.36313,28.989,0.0
2022-01-22 13:16:29.003535,27.74428,28.37,0.0
2022-01-22 13:16:29.510571,27.74428,28.474,0.0
2022-01-22 13:16:30.009020,29.2914,28.989,0.0
2022-01-22 13:16:30.503611,28.93123,28.6795,0.0
2022-01-22 13:16:31.010469,28.36313,28.31925,0.0
2022-01-22 13:16:31.507031,28.10569,29.093,0.0
2022-01-22 13:16:32.004603,28.00296,28.7315,0.0
2022-01-22 13:16:32.509842,28.51784,28.26725,0.0
2022-01-22 13:16:33.008033,28.62181,29.19575,0.0
2022-01-22 13:16:33.502722,28.56982,28.93825,0.0
2022-01-22 13:16:34.002315,28.0537,28.26725,0.0
2022-01-22 13:16:34.506329,28.36313,28.00975,0.0
2022-01-22 13:16:35.005090,28.56982,29.24775,0.0
2022-01-22 13:16:35.510684,28.62181,29.041,0.0
2022-01-22 13:16:36.010679,28.72454,28.31925,0.0
2022-01-22 13:16:36.505929,28.15767,28.57675,0.0
2022-01-22 13:16:37.004628,27.89899,28.88625,0.0
2022-01-22 13:16:37.509488,28.36313,28.7315,0.0
2022-01-22 13:16:38.007987,28.56982,28.93825,0.0
2022-01-22 13:16:38.503893,28.98198,28.83425,0.0
2022-01-22 13:16:39.002075,28.2604,28.422,0.0
2022-01-22 13:16:39.508528,27.95097,28.26725,0.0
2022-01-22 13:16:40.006655,27.89899,29.24775,0.0
2022-01-22 13:16:40.501084,29.2914,28.93825,0.0
2022-01-22 13:16:41.009801,29.08595,28.57675,0.0
2022-01-22 13:16:41.505616,28.56982,28.52475,0.0
2022-01-22 13:16:42.003382,28.20842,28.7835,0.0
2022-01-22 13:16:42.506624,28.4671,28.7315,0.0
2022-01-22 13:16:43.004225,28.87925,28.989,0.0
2022-01-22 13:16:43.509960,28.87925,28.474,0.0
2022-01-22 13:16:44.007963,28.62181,28.57675,0.0
2022-01-22 13:16:44.506255,28.20842,28.7315,0.0
2022-01-22 13:16:45.004910,28.10569,28.83425,0.0
2022-01-22 13:16:45.510658,27.33212,28.7315,0.0
2022-01-22 13:16:46.010729,28.82727,28.474,0.0
2022-01-22 13:16:46.505221,28.87925,28.52475,0.0
2022-01-22 13:16:47.003551,28.72454,28.7315,0.0
2022-01-22 13:16:47.509226,28.10569,28.52475,0.0
2022-01-22 13:16:48.010297,28.15767,28.7835,0.0
2022-01-22 13:16:48.504273,28.62181,28.7835,0.0
2022-01-22 13:16:49.003231,28.82727,28.422,0.0
2022-01-22 13:16:49.505074,28.56982,28.93825,0.0
2022-01-22 13:16:50.002953,28.0537,28.6795,0.0
2022-01-22 13:16:50.508967,27.58957,28.422,0.0
2022-01-22 13:16:51.006567,28.67255,28.7835,0.0
2022-01-22 13:16:51.501419,29.08595,28.6795,0.0
2022-01-22 13:16:52.010219,28.41511,28.52475,0.0
2022-01-22 13:16:52.506284,27.79626,28.474,0.0
2022-01-22 13:16:53.003657,27.89899,28.7835,0.0
2022-01-22 13:16:53.510727,29.44612,28.57675,0.0
2022-01-22 13:16:54.008871,29.08595,28.6795,0.0
2022-01-22 13:16:54.502808,28.51784,28.83425,0.0
2022-01-22 13:16:55.001954,28.72454,28.57675,0.0
2022-01-22 13:16:55.508392,28.41511,28.7315,0.0
2022-01-22 13:16:56.006361,28.82727,29.041,0.0
2022-01-22 13:16:57.004719,28.51784,28.31925,0.0
2022-01-22 13:16:57.511161,27.84825,28.62875,0.0
2022-01-22 13:16:58.504665,29.39537,28.7315,0.0
2022-01-22 13:16:59.003294,28.93123,28.93825,0.0
2022-01-22 13:17:00.004892,28.0537,28.1645,0.0
2022-01-22 13:17:00.510538,27.79626,29.14375,0.0
2022-01-22 13:17:01.007870,28.51784,28.83425,0.0
2022-01-22 13:17:01.504767,28.87925,28.6795,0.0
2022-01-22 13:17:02.001560,29.18867,28.62875,0.0
2022-01-22 13:17:02.507678,28.56982,28.6795,0.0
2022-01-22 13:17:03.007469,27.95097,28.474,0.0
2022-01-22 13:17:03.503192,27.79626,28.83425,0.0
2022-01-22 13:17:04.001492,29.39537,28.83425,0.0
2022-01-22 13:17:04.508368,29.13669,28.37,0.0
2022-01-22 13:17:05.006789,28.20842,28.422,0.0
2022-01-22 13:17:05.502970,28.31238,28.989,0.0
2022-01-22 13:17:06.001084,28.4671,28.422,0.0
2022-01-22 13:17:06.506220,28.51784,28.37,0.0
2022-01-22 13:17:07.003003,28.56982,29.041,0.0
2022-01-22 13:17:07.509855,28.51784,28.83425,0.0
2022-01-22 13:17:08.008743,27.74428,28.422,0.0
2022-01-22 13:17:08.502755,28.10569,28.989,0.0
2022-01-22 13:17:09.010741,28.93123,28.7835,0.0
2022-01-22 13:17:09.505852,29.34339,28.31925,0.0
2022-01-22 13:17:10.002854,28.67255,28.474,0.0
2022-01-22 13:17:10.506495,28.10569,28.88625,0.0
2022-01-22 13:17:11.010250,27.95097,28.52475,0.0
2022-01-22 13:17:11.504971,28.41511,28.52475,0.0
2022-01-22 13:17:12.004432,28.93123,28.83425,0.0
2022-01-22 13:17:12.510979,28.87925,28.62875,0.0
2022-01-22 13:17:13.009240,28.15767,28.26725,0.0
2022-01-22 13:17:13.504975,28.0537,29.041,0.0
2022-01-22 13:17:14.003308,27.74428,29.19575,0.0
2022-01-22 13:17:14.509183,28.82727,28.83425,0.0
2022-01-22 13:17:15.007430,28.93123,28.422,0.0
2022-01-22 13:17:15.502847,28.41511,28.93825,0.0
2022-01-22 13:17:16.002663,27.74428,28.21525,0.0
2022-01-22 13:17:16.510742,28.98198,28.37,0.0
2022-01-22 13:17:17.007917,28.82727,29.2985,0.0
2022-01-22 13:17:17.502307,28.82727,28.6795,0.0
2022-01-22 13:17:18.010386,28.51784,28.00975,0.0
2022-01-22 13:17:18.506272,28.0537,28.88625,0.0
2022-01-22 13:17:19.004607,28.72454,28.7315,0.0
2022-01-22 13:17:20.004974,28.87925,28.62875,0.0
2022-01-22 13:17:20.510809,28.2604,29.24775,0.0
2022-01-22 13:17:21.008611,28.10569,28.26725,0.0
2022-01-22 13:17:21.504602,27.79626,28.57675,0.0
2022-01-22 13:17:22.001864,28.00296,29.14375,0.0
2022-01-22 13:17:22.507888,28.41511,28.7315,0.0
2022-01-22 13:17:23.006415,29.03396,28.1645,0.0
2022-01-22 13:17:23.501310,28.36313,28.52475,0.0
2022-01-22 13:17:24.009488,28.36313,29.14375,0.0
2022-01-22 13:17:24.504859,28.4671,28.93825,0.0
2022-01-22 13:17:25.003354,28.62181,28.6795,0.0
2022-01-22 13:17:25.510710,28.56982,28.52475,0.0
2022-01-22 13:17:26.010501,28.15767,28.62875,0.0
2022-01-22 13:17:26.505412,27.79626,28.7315,0.0
2022-01-22 13:17:27.002712,28.36313,29.19575,0.0
