時間,回転１,回転２,回転３
2022-01-22 10:00:00.005524,83.9569,84.184,86.94562
2022-01-22 10:00:00.501361,83.64747,84.184,86.94562
2022-01-22 10:00:01.009895,84.26632,84.59625,85.4527
2022-01-22 10:00:01.506150,83.49276,84.33875,85.4527
2022-01-22 10:00:02.005044,84.47302,84.751,86.94562
2022-01-22 10:00:02.511087,83.9569,84.08,86.94562
2022-01-22 10:00:03.008198,84.42104,84.64825,86.00312
2022-01-22 10:00:03.503166,83.90492,84.184,86.00312
2022-01-22 10:00:04.002037,84.21434,84.699,86.27739
2022-01-22 10:00:04.507782,83.9569,84.184,86.27739
2022-01-22 10:00:05.006830,83.80219,84.3895,85.88531
2022-01-22 10:00:05.502236,83.9569,84.4415,85.88531
2022-01-22 10:00:06.001039,83.9569,84.54425,85.53187
2022-01-22 10:00:06.505550,84.21434,84.54425,85.53187
2022-01-22 10:00:07.004071,83.90492,84.08,86.04176
2022-01-22 10:00:07.510530,83.85417,84.33875,86.04176
2022-01-22 10:00:08.009812,84.1636,84.59625,85.84572
2022-01-22 10:00:08.506017,84.1636,84.699,85.84572
2022-01-22 10:00:09.004108,84.05963,84.3895,85.64968
2022-01-22 10:00:09.509863,84.31831,84.33875,85.64968
2022-01-22 10:00:10.009239,84.21434,84.54425,86.00312
2022-01-22 10:00:10.504170,84.36905,84.64825,86.00312
2022-01-22 10:00:11.009556,84.05963,84.3895,86.63083
2022-01-22 10:00:11.507119,83.54475,83.97725,86.63083
2022-01-22 10:00:12.004981,84.11161,84.699,86.19916
2022-01-22 10:00:12.501661,83.44078,83.97725,86.19916
2022-01-22 10:00:13.002733,84.11161,84.803,86.19916
2022-01-22 10:00:13.508610,83.85417,84.132,86.19916
2022-01-22 10:00:14.008977,84.31831,84.803,86.04176
2022-01-22 10:00:14.503453,83.9569,84.4415,86.04176
2022-01-22 10:00:15.010681,84.26632,84.59625,86.15958
2022-01-22 10:00:15.506258,84.47302,84.751,86.15958
2022-01-22 10:00:16.003699,83.7502,84.184,85.53187
2022-01-22 10:00:16.510177,83.54475,84.02925,85.53187
2022-01-22 10:00:17.008472,84.1636,84.59625,85.72791
2022-01-22 10:00:17.506364,84.1636,84.4935,85.72791
2022-01-22 10:00:18.003774,84.21434,84.699,85.84572
2022-01-22 10:00:18.510951,84.11161,84.4935,85.84572
2022-01-22 10:00:19.008947,83.64747,84.132,86.86645
2022-01-22 10:00:19.504377,84.78245,84.90575,86.86645
2022-01-22 10:00:20.002789,83.54475,83.97725,85.80614
2022-01-22 10:00:20.508633,84.00888,84.3895,85.80614
2022-01-22 10:00:21.007354,83.44078,84.132,85.53187
2022-01-22 10:00:21.503291,84.21434,84.699,85.53187
2022-01-22 10:00:22.001440,84.26632,84.699,87.3377
2022-01-22 10:00:22.505867,83.7502,84.3895,87.3377
2022-01-22 10:00:23.003215,84.05963,84.28675,84.98145
2022-01-22 10:00:23.508710,83.69946,84.23475,84.98145
2022-01-22 10:00:24.007663,84.26632,84.54425,85.72791
2022-01-22 10:00:24.502990,83.7502,84.28675,85.72791
2022-01-22 10:00:25.001363,83.64747,84.08,85.4527
2022-01-22 10:00:25.508157,84.21434,84.33875,85.4527
2022-01-22 10:00:26.007980,84.00888,84.4415,86.12093
2022-01-22 10:00:26.504780,84.1636,84.699,86.12093
2022-01-22 10:00:27.002685,83.85417,84.28675,86.00312
2022-01-22 10:00:27.510725,84.36905,84.699,86.00312
2022-01-22 10:00:28.009057,83.85417,84.23475,85.96354
2022-01-22 10:00:28.503345,84.47302,84.95775,85.96354
2022-01-22 10:00:29.001841,84.05963,84.33875,85.37447
2022-01-22 10:00:29.507938,83.59549,84.02925,85.37447
2022-01-22 10:00:30.007053,83.90492,84.28675,86.74864
2022-01-22 10:00:30.503884,84.26632,84.95775,86.74864
2022-01-22 10:00:31.001401,83.85417,84.184,86.3952
2022-01-22 10:00:31.506867,83.90492,84.23475,86.3952
2022-01-22 10:00:32.010010,83.80219,84.184,85.72791
2022-01-22 10:00:32.505101,83.9569,84.23475,85.72791
2022-01-22 10:00:33.003568,84.67848,85.21525,86.19916
2022-01-22 10:00:33.509550,83.9569,84.3895,86.19916
2022-01-22 10:00:34.007878,84.00888,84.4415,85.96354
2022-01-22 10:00:34.505037,83.90492,84.23475,85.96354
2022-01-22 10:00:35.003968,84.11161,84.4935,85.57051
2022-01-22 10:00:35.507391,84.05963,84.3895,85.57051
2022-01-22 10:00:36.005796,83.69946,84.132,85.72791
2022-01-22 10:00:36.501495,84.21434,84.4935,85.72791
2022-01-22 10:00:37.001261,84.05963,84.33875,86.27739
2022-01-22 10:00:37.506415,84.05963,84.64825,86.27739
2022-01-22 10:00:38.004215,84.00888,84.33875,86.67041
2022-01-22 10:00:38.510592,83.59549,84.23475,86.67041
2022-01-22 10:00:39.008698,84.05963,84.4935,86.35656
2022-01-22 10:00:39.505172,83.54475,84.184,86.35656
2022-01-22 10:00:40.004596,84.57575,84.803,86.00312
2022-01-22 10:00:40.501006,83.85417,84.08,86.00312
2022-01-22 10:00:41.009695,83.69946,84.132,85.80614
2022-01-22 10:00:41.507257,84.21434,84.803,85.80614
2022-01-22 10:00:42.006145,83.7502,84.28675,86.08135
2022-01-22 10:00:42.510675,84.62773,85.0605,86.08135
2022-01-22 10:00:43.007796,83.28607,84.08,85.29625
2022-01-22 10:00:43.502299,83.64747,84.02925,85.29625
2022-01-22 10:00:44.010616,84.73046,84.90575,85.4527
2022-01-22 10:00:44.506877,83.64747,84.08,85.4527
2022-01-22 10:00:45.005105,84.47302,84.751,85.72791
2022-01-22 10:00:45.508955,83.39003,83.92525,85.72791
2022-01-22 10:00:46.007092,84.05963,84.4935,85.17843
2022-01-22 10:00:46.502347,83.85417,84.4415,85.17843
2022-01-22 10:00:47.010581,84.36905,84.751,85.84572
2022-01-22 10:00:47.505374,83.90492,84.02925,85.84572
2022-01-22 10:00:48.003219,84.05963,84.3895,85.57051
2022-01-22 10:00:48.510739,84.47302,84.751,85.57051
2022-01-22 10:00:49.009426,83.64747,83.8745,85.6101
2022-01-22 10:00:49.505283,84.36905,84.803,85.6101
2022-01-22 10:00:50.003092,83.18334,83.71975,86.04176
2022-01-22 10:00:50.508898,84.62773,85.0605,86.04176
2022-01-22 10:00:51.006579,83.64747,84.28675,85.68833
2022-01-22 10:00:51.501907,84.00888,84.33875,85.68833
2022-01-22 10:00:52.010238,84.05963,84.3895,85.64968
2022-01-22 10:00:52.504932,83.85417,84.28675,85.64968
2022-01-22 10:00:53.003785,84.21434,84.64825,85.72791
2022-01-22 10:00:53.509999,83.69946,84.54425,85.72791
2022-01-22 10:00:54.007855,83.7502,84.28675,85.33489
2022-01-22 10:00:54.502077,83.54475,84.23475,85.33489
2022-01-22 10:00:55.010880,84.52377,85.0085,85.92395
2022-01-22 10:00:55.505569,83.80219,84.02925,85.92395
2022-01-22 10:00:56.004432,84.05963,84.59625,85.41406
2022-01-22 10:00:56.509457,84.00888,84.33875,85.41406
2022-01-22 10:00:57.008059,83.80219,84.23475,86.00312
2022-01-22 10:00:57.506387,84.62773,85.0605,86.00312
2022-01-22 10:00:58.003953,83.33805,84.02925,86.51301
2022-01-22 10:00:58.509463,84.21434,84.4935,86.51301
2022-01-22 10:00:59.007571,83.85417,84.132,86.19916
2022-01-22 10:00:59.503203,84.36905,84.751,86.19916
2022-01-22 10:01:00.003431,83.64747,84.132,85.41406
2022-01-22 10:01:00.508179,83.85417,84.3895,85.41406
2022-01-22 10:01:01.005568,84.36905,84.85375,86.15958
2022-01-22 10:01:01.503467,83.44078,84.08,86.15958
2022-01-22 10:01:02.001079,84.21434,84.4935,85.09926
2022-01-22 10:01:02.507596,83.08061,83.30625,85.09926
2022-01-22 10:01:03.007624,84.36905,84.64825,180.96
2022-01-22 10:01:03.504743,84.1636,84.3895,180.96
2022-01-22 10:01:04.002361,83.49276,83.8225,232.28666
2022-01-22 10:01:04.506888,84.62773,84.803,232.28666
2022-01-22 10:01:05.005191,83.28607,83.61575,189.63854
2022-01-22 10:01:05.509443,84.52377,84.699,189.63854
2022-01-22 10:01:06.010145,83.23532,83.8225,111.33281
2022-01-22 10:01:06.504985,84.05963,84.184,111.33281
2022-01-22 10:01:07.003476,84.31831,84.4935,93.69958
2022-01-22 10:01:07.507194,83.7502,84.02925,93.69958
2022-01-22 10:01:08.004675,84.1636,84.4415,89.41968
2022-01-22 10:01:08.509885,83.80219,84.3895,89.41968
2022-01-22 10:01:09.008764,84.05963,84.28675,90.48
2022-01-22 10:01:09.502780,83.85417,84.4415,90.48
2022-01-22 10:01:10.010099,83.90492,84.4935,86.19916
2022-01-22 10:01:10.506239,84.1636,84.4935,86.19916
2022-01-22 10:01:11.010297,83.59549,83.97725,85.96354
2022-01-22 10:01:11.505782,84.36905,84.85375,85.96354
2022-01-22 10:01:12.003215,83.59549,84.184,87.45551
2022-01-22 10:01:12.509326,84.47302,84.85375,87.45551
2022-01-22 10:01:13.006774,83.7502,84.23475,86.51301
2022-01-22 10:01:13.502168,84.31831,84.699,86.51301
2022-01-22 10:01:14.009253,84.05963,84.54425,87.02385
2022-01-22 10:01:14.503924,83.44078,83.8225,87.02385
2022-01-22 10:01:15.004049,84.47302,84.803,86.71
2022-01-22 10:01:15.510549,83.7502,84.08,86.71
2022-01-22 10:01:16.007465,83.90492,84.4935,86.71
2022-01-22 10:01:16.504472,83.69946,84.23475,86.71
2022-01-22 10:01:17.005369,84.42104,84.751,85.29625
2022-01-22 10:01:17.510706,84.00888,84.23475,85.29625
2022-01-22 10:01:18.009544,84.52377,84.85375,86.71
2022-01-22 10:01:18.504274,83.7502,84.02925,86.71
2022-01-22 10:01:19.001497,84.00888,84.4935,85.41406
2022-01-22 10:01:19.510122,84.52377,85.1125,85.41406
2022-01-22 10:01:20.008571,83.39003,83.7705,86.12093
2022-01-22 10:01:20.503073,84.52377,84.699,86.12093
2022-01-22 10:01:21.001473,83.28607,83.8745,85.53187
2022-01-22 10:01:21.507949,84.83319,85.21525,85.53187
2022-01-22 10:01:22.006508,83.85417,84.132,87.02385
2022-01-22 10:01:22.502745,83.9569,84.3895,87.02385
2022-01-22 10:01:23.011020,83.85417,84.23475,86.08135
2022-01-22 10:01:23.507244,83.7502,84.23475,86.08135
2022-01-22 10:01:24.001892,84.67848,85.0605,86.67041
2022-01-22 10:01:24.508339,83.08061,83.61575,86.67041
2022-01-22 10:01:25.006587,84.42104,84.59625,85.6101
2022-01-22 10:01:25.501225,83.85417,83.92525,85.6101
2022-01-22 10:01:26.009090,84.52377,84.751,86.35656
2022-01-22 10:01:26.503179,83.69946,84.33875,86.35656
2022-01-22 10:01:27.001980,83.9569,84.33875,85.57051
2022-01-22 10:01:27.508024,84.26632,84.699,85.57051
2022-01-22 10:01:28.005613,83.33805,83.97725,85.64968
2022-01-22 10:01:28.504378,84.93716,85.47275,85.64968
2022-01-22 10:01:29.003091,83.54475,83.7705,86.27739
2022-01-22 10:01:29.510992,83.54475,84.08,86.27739
2022-01-22 10:01:30.010352,84.26632,84.751,85.72791
2022-01-22 10:01:30.507001,83.90492,84.54425,85.72791
2022-01-22 10:01:31.006273,84.00888,84.3895,86.35656
2022-01-22 10:01:31.501012,83.7502,84.33875,86.35656
2022-01-22 10:01:32.009056,83.80219,84.184,86.19916
2022-01-22 10:01:32.505731,84.31831,84.95775,86.19916
2022-01-22 10:01:33.005030,84.1636,84.3895,85.33489
2022-01-22 10:01:33.510946,84.21434,84.54425,85.33489
2022-01-22 10:01:34.010453,83.90492,84.4415,86.59218
2022-01-22 10:01:34.505014,84.00888,84.4935,86.59218
2022-01-22 10:01:35.003793,83.90492,84.3895,86.27739
2022-01-22 10:01:35.508943,83.9569,84.3895,86.27739
2022-01-22 10:01:36.006686,83.64747,84.33875,86.82781
2022-01-22 10:01:36.501933,84.11161,84.4415,86.82781
2022-01-22 10:01:37.009803,84.36905,84.90575,85.4527
2022-01-22 10:01:37.506428,84.11161,84.59625,85.4527
2022-01-22 10:01:38.004332,84.26632,84.54425,86.35656
2022-01-22 10:01:38.510329,84.00888,84.33875,86.35656
2022-01-22 10:01:39.008371,83.69946,84.28675,85.4527
2022-01-22 10:01:39.504521,83.85417,84.59625,85.4527
2022-01-22 10:01:40.003380,84.00888,84.28675,87.41687
2022-01-22 10:01:40.509075,83.69946,84.23475,87.41687
2022-01-22 10:01:41.006818,83.7502,84.28675,85.53187
2022-01-22 10:01:41.502192,84.47302,85.0605,85.53187
2022-01-22 10:01:42.010446,83.64747,84.23475,86.67041
2022-01-22 10:01:42.505272,84.57575,84.803,86.67041
2022-01-22 10:01:43.005094,83.08061,83.61575,86.04176
2022-01-22 10:01:43.502563,84.52377,85.0605,86.04176
2022-01-22 10:01:44.010657,84.11161,84.54425,85.64968
2022-01-22 10:01:44.507156,84.11161,84.4935,85.64968
2022-01-22 10:01:45.005352,84.05963,84.3895,85.88531
2022-01-22 10:01:45.501767,83.49276,84.132,85.88531
2022-01-22 10:01:46.010171,84.21434,84.64825,86.12093
2022-01-22 10:01:46.505808,83.7502,84.4935,86.12093
2022-01-22 10:01:47.004514,83.9569,84.28675,86.31697
2022-01-22 10:01:47.509670,83.9569,84.132,86.31697
2022-01-22 10:01:48.007923,84.21434,84.59625,86.00312
2022-01-22 10:01:48.504008,84.52377,84.85375,86.00312
2022-01-22 10:01:49.002038,84.21434,84.64825,85.33489
2022-01-22 10:01:49.509229,83.90492,84.184,85.33489
2022-01-22 10:01:50.006595,83.64747,84.184,85.88531
2022-01-22 10:01:50.510214,84.9879,85.21525,85.88531
2022-01-22 10:01:51.007562,83.13135,83.92525,86.74864
2022-01-22 10:01:51.504804,84.00888,84.4415,86.74864
2022-01-22 10:01:52.002810,83.9569,84.28675,86.19916
2022-01-22 10:01:52.507894,84.00888,84.54425,86.19916
2022-01-22 10:01:53.006262,84.67848,85.0085,85.68833
2022-01-22 10:01:53.501622,83.59549,84.132,85.68833
2022-01-22 10:01:54.009646,83.9569,84.184,86.12093
2022-01-22 10:01:54.505156,84.00888,84.751,86.12093
2022-01-22 10:01:55.002917,84.1636,84.4935,86.08135
2022-01-22 10:01:55.508131,83.85417,84.23475,86.08135
2022-01-22 10:01:56.007898,84.05963,84.59625,85.6101
2022-01-22 10:01:56.503167,83.59549,84.08,85.6101
2022-01-22 10:01:57.011078,84.31831,85.0605,86.31697
2022-01-22 10:01:57.505046,83.85417,84.132,86.31697
2022-01-22 10:01:58.003958,84.00888,84.59625,85.29625
2022-01-22 10:01:59.005082,84.05963,84.54425,85.53187
2022-01-22 10:01:59.511209,83.59549,84.132,85.53187
2022-01-22 10:02:00.009754,84.1636,84.3895,85.96354
2022-01-22 10:02:00.501894,83.80219,84.3895,85.96354
2022-01-22 10:02:01.010329,84.00888,84.33875,85.37447
2022-01-22 10:02:01.506772,84.00888,84.64825,85.37447
2022-01-22 10:02:02.003835,84.21434,84.54425,86.19916
2022-01-22 10:02:02.509832,83.9569,84.4935,86.19916
2022-01-22 10:02:03.008781,83.85417,84.02925,85.7675
2022-01-22 10:02:03.504000,83.85417,84.23475,85.7675
2022-01-22 10:02:04.002215,84.00888,84.33875,85.68833
2022-01-22 10:02:04.508969,84.05963,84.4935,85.68833
2022-01-22 10:02:05.009809,83.49276,84.184,86.12093
2022-01-22 10:02:05.506288,83.69946,84.02925,86.12093
2022-01-22 10:02:06.003978,83.9569,84.699,85.33489
2022-01-22 10:02:06.509868,83.9569,84.23475,85.33489
2022-01-22 10:02:07.008678,84.83319,85.0605,85.64968
2022-01-22 10:02:07.503816,83.18334,83.66775,85.64968
2022-01-22 10:02:08.003911,84.26632,84.803,86.5526
2022-01-22 10:02:08.509910,83.7502,84.184,86.5526
2022-01-22 10:02:09.009842,84.36905,84.4935,85.4527
2022-01-22 10:02:09.507389,83.49276,84.28675,85.4527
2022-01-22 10:02:10.005154,83.90492,84.184,86.15958
2022-01-22 10:02:10.500981,84.31831,84.699,86.15958
2022-01-22 10:02:11.005705,84.1636,84.23475,86.35656
2022-01-22 10:02:11.502678,84.1636,84.751,86.35656
2022-01-22 10:02:12.011131,83.49276,84.02925,85.84572
2022-01-22 10:02:12.506400,84.26632,84.59625,85.84572
2022-01-22 10:02:13.003082,83.9569,84.4415,85.64968
2022-01-22 10:02:13.509070,84.21434,84.3895,85.64968
2022-01-22 10:02:14.007531,83.69946,84.33875,85.64968
2022-01-22 10:02:14.503133,84.11161,84.23475,85.64968
2022-01-22 10:02:15.002224,84.62773,84.90575,85.4527
2022-01-22 10:02:15.508488,83.49276,84.132,85.4527
2022-01-22 10:02:16.006565,84.11161,84.4415,85.68833
2022-01-22 10:02:16.502420,83.64747,84.184,85.68833
2022-01-22 10:02:17.010640,84.21434,84.4935,85.17843
2022-01-22 10:02:17.506670,83.9569,84.699,85.17843
2022-01-22 10:02:18.005680,84.00888,84.33875,85.96354
2022-01-22 10:02:18.501265,84.05963,84.184,85.96354
2022-01-22 10:02:19.001230,84.11161,84.4935,87.18125
2022-01-22 10:02:19.508307,84.1636,84.4415,87.18125
2022-01-22 10:02:20.007341,83.85417,84.33875,85.09926
2022-01-22 10:02:20.501982,84.00888,84.184,85.09926
2022-01-22 10:02:21.010761,83.49276,84.3895,86.31697
2022-01-22 10:02:21.506676,84.52377,84.90575,86.31697
2022-01-22 10:02:22.004338,84.00888,84.28675,85.84572
2022-01-22 10:02:22.504694,84.36905,84.803,85.84572
2022-01-22 10:02:23.002773,83.85417,84.23475,85.6101
2022-01-22 10:02:23.508694,84.05963,84.4935,85.6101
2022-01-22 10:02:24.008164,84.05963,84.28675,86.12093
2022-01-22 10:02:24.503499,83.64747,84.3895,86.12093
2022-01-22 10:02:25.001306,84.11161,84.4935,86.3952
2022-01-22 10:02:25.506718,84.31831,84.699,86.3952
2022-01-22 10:02:26.005070,84.00888,84.28675,85.09926
2022-01-22 10:02:26.510941,84.47302,84.54425,85.09926
2022-01-22 10:02:27.002831,83.85417,84.184,87.02385
2022-01-22 10:02:27.509799,84.21434,84.59625,87.02385
2022-01-22 10:02:28.007806,83.69946,84.3895,85.41406
2022-01-22 10:02:28.503960,83.85417,84.23475,85.41406
2022-01-22 10:02:29.002789,84.1636,84.4415,86.23875
2022-01-22 10:02:29.509733,84.05963,84.23475,86.23875
2022-01-22 10:02:30.008440,84.57575,85.0085,86.19916
2022-01-22 10:02:30.504901,83.28607,83.92525,86.19916
2022-01-22 10:02:31.003394,84.21434,84.3895,86.27739
2022-01-22 10:02:31.508137,84.21434,84.803,86.27739
2022-01-22 10:02:32.006382,83.80219,84.184,85.84572
2022-01-22 10:02:32.503417,84.31831,84.90575,85.84572
2022-01-22 10:02:33.001400,83.59549,83.92525,85.80614
2022-01-22 10:02:33.508822,84.57575,84.699,85.80614
2022-01-22 10:02:34.007400,83.64747,84.08,85.29625
2022-01-22 10:02:34.502078,83.90492,84.4415,85.29625
2022-01-22 10:02:35.010770,83.9569,84.4415,85.29625
2022-01-22 10:02:35.506466,83.90492,84.3895,85.29625
2022-01-22 10:02:36.005708,84.05963,84.751,85.68833
2022-01-22 10:02:36.510617,83.80219,84.184,85.68833
2022-01-22 10:02:37.008266,84.31831,84.59625,86.27739
2022-01-22 10:02:37.503875,83.64747,84.132,86.27739
2022-01-22 10:02:38.001730,84.47302,84.803,85.88531
2022-01-22 10:02:38.509568,83.39003,83.97725,85.88531
2022-01-22 10:02:39.008484,84.42104,84.54425,86.12093
2022-01-22 10:02:39.503388,83.69946,84.4415,86.12093
2022-01-22 10:02:40.011277,84.52377,84.699,85.80614
2022-01-22 10:02:40.505762,83.80219,84.02925,85.80614
2022-01-22 10:02:41.005149,84.00888,84.751,86.23875
2022-01-22 10:02:41.510358,84.00888,84.33875,86.23875
2022-01-22 10:02:42.007711,83.9569,84.54425,85.92395
2022-01-22 10:02:42.504527,84.31831,84.4935,85.92395
2022-01-22 10:02:43.002563,83.49276,84.132,85.37447
2022-01-22 10:02:43.508144,84.42104,84.64825,85.37447
2022-01-22 10:02:44.005756,83.80219,84.28675,86.04176
2022-01-22 10:02:44.510304,84.00888,84.184,86.04176
2022-01-22 10:02:45.007914,84.05963,84.23475,85.33489
2022-01-22 10:02:45.502903,83.80219,84.4935,85.33489
2022-01-22 10:02:46.011312,84.31831,84.64825,87.10208
2022-01-22 10:02:46.506989,83.59549,84.184,87.10208
2022-01-22 10:02:47.005294,84.47302,84.64825,86.12093
2022-01-22 10:02:47.501474,83.49276,84.08,86.12093
2022-01-22 10:02:48.009208,84.52377,84.85375,84.86364
2022-01-22 10:02:48.503969,84.05963,84.132,84.86364
2022-01-22 10:02:49.003176,83.90492,84.33875,86.98426
2022-01-22 10:02:49.507292,83.85417,84.28675,86.98426
2022-01-22 10:02:50.006438,84.11161,84.699,86.5526
2022-01-22 10:02:50.511336,84.26632,84.803,86.5526
2022-01-22 10:02:51.009534,83.44078,84.184,86.31697
2022-01-22 10:02:51.505518,84.05963,84.28675,86.31697
2022-01-22 10:02:52.010718,84.26632,84.699,85.17843
2022-01-22 10:02:52.505353,84.21434,84.59625,85.17843
2022-01-22 10:02:53.003425,83.90492,84.33875,85.6101
2022-01-22 10:02:53.508822,83.85417,84.28675,85.6101
2022-01-22 10:02:54.007137,83.7502,84.02925,85.17843
2022-01-22 10:02:54.503684,84.00888,84.95775,85.17843
2022-01-22 10:02:55.002168,83.69946,84.184,85.7675
2022-01-22 10:02:55.507732,84.26632,84.4935,85.7675
2022-01-22 10:02:56.007153,83.9569,84.33875,85.53187
2022-01-22 10:02:56.502030,84.31831,84.54425,85.53187
2022-01-22 10:02:57.009534,83.80219,84.4935,85.53187
2022-01-22 10:02:57.506366,83.90492,84.23475,85.53187
2022-01-22 10:02:58.004930,84.05963,84.4415,86.19916
2022-01-22 10:02:58.509926,84.11161,84.4415,86.19916
2022-01-22 10:02:59.008811,84.05963,84.64825,86.04176
2022-01-22 10:02:59.505874,84.00888,84.132,86.04176
2022-01-22 10:03:00.004208,84.26632,84.4415,85.4527
2022-01-22 10:03:00.501061,84.11161,84.59625,85.4527
2022-01-22 10:03:01.009876,83.9569,84.4415,85.80614
2022-01-22 10:03:01.506171,84.00888,84.59625,85.80614
2022-01-22 10:03:02.004938,84.31831,84.64825,85.17843
2022-01-22 10:03:02.508349,83.80219,84.23475,85.17843
2022-01-22 10:03:03.006993,84.11161,84.3895,86.00312
2022-01-22 10:03:03.503570,84.1636,84.23475,86.00312
2022-01-22 10:03:04.003776,83.90492,84.4415,85.49229
2022-01-22 10:03:04.509798,84.1636,84.4935,85.49229
2022-01-22 10:03:05.007210,83.33805,83.7705,87.06343
2022-01-22 10:03:05.502236,84.52377,85.0085,87.06343
2022-01-22 10:03:06.011085,83.64747,84.28675,86.19916
2022-01-22 10:03:06.507183,84.21434,84.699,86.19916
2022-01-22 10:03:07.005267,84.11161,84.33875,86.19916
2022-01-22 10:03:07.502874,83.64747,84.132,86.19916
2022-01-22 10:03:08.001139,84.52377,85.0085,85.25666
2022-01-22 10:03:08.509111,83.59549,84.132,85.25666
2022-01-22 10:03:09.007863,84.52377,84.803,85.6101
2022-01-22 10:03:09.502924,83.02862,83.71975,85.6101
2022-01-22 10:03:10.002082,84.42104,84.803,85.64968
2022-01-22 10:03:10.506019,84.05963,84.3895,85.64968
2022-01-22 10:03:11.009790,84.00888,84.751,86.00312
2022-01-22 10:03:11.504054,84.05963,84.33875,86.00312
2022-01-22 10:03:12.003074,83.7502,84.23475,85.64968
2022-01-22 10:03:12.510345,84.26632,84.59625,85.64968
2022-01-22 10:03:13.008163,83.90492,84.4935,85.37447
2022-01-22 10:03:13.503365,84.21434,84.4935,85.37447
2022-01-22 10:03:14.001526,83.23532,83.61575,86.00312
2022-01-22 10:03:14.506729,84.47302,84.751,86.00312
2022-01-22 10:03:15.003902,83.9569,84.4935,86.08135
2022-01-22 10:03:15.509048,83.9569,84.54425,86.08135
2022-01-22 10:03:16.006773,83.9569,84.02925,85.37447
2022-01-22 10:03:16.502232,83.90492,84.3895,85.37447
2022-01-22 10:03:17.008642,84.42104,84.699,86.08135
2022-01-22 10:03:17.505827,83.69946,84.184,86.08135
2022-01-22 10:03:18.003677,84.36905,84.64825,85.68833
2022-01-22 10:03:18.509785,83.80219,83.97725,85.68833
2022-01-22 10:03:19.008532,84.42104,85.21525,86.15958
2022-01-22 10:03:19.502518,83.7502,84.184,86.15958
2022-01-22 10:03:20.004468,84.11161,84.59625,85.4527
2022-01-22 10:03:20.511235,84.1636,84.3895,85.4527
2022-01-22 10:03:21.010656,83.7502,84.28675,85.33489
2022-01-22 10:03:21.506615,84.42104,84.803,85.33489
2022-01-22 10:03:22.005003,83.80219,83.92525,86.19916
2022-01-22 10:03:22.510754,84.42104,84.803,86.19916
2022-01-22 10:03:23.009026,83.7502,84.184,85.53187
2022-01-22 10:03:23.503743,84.11161,84.751,85.53187
2022-01-22 10:03:24.001690,83.90492,84.28675,85.17843
2022-01-22 10:03:24.508353,83.85417,84.33875,85.17843
2022-01-22 10:03:25.007879,83.69946,84.02925,85.7675
2022-01-22 10:03:25.504994,83.80219,83.92525,85.7675
2022-01-22 10:03:26.003147,84.47302,84.751,236.76354
2022-01-22 10:03:26.508283,83.39003,83.565,236.76354
2022-01-22 10:03:27.008569,84.57575,84.90575,218.89562
2022-01-22 10:03:27.506051,83.7502,84.02925,218.89562
2022-01-22 10:03:28.003230,83.39003,83.71975,154.09875
2022-01-22 10:03:28.509467,84.42104,84.64825,154.09875
2022-01-22 10:03:29.006817,83.39003,83.61575,93.34614
2022-01-22 10:03:29.501477,84.78245,85.0605,93.34614
2022-01-22 10:03:30.009770,83.69946,83.7705,93.46395
2022-01-22 10:03:30.505328,83.80219,84.184,93.46395
2022-01-22 10:03:31.003731,84.36905,84.59625,91.02947
2022-01-22 10:03:31.510716,83.80219,84.23475,91.02947
2022-01-22 10:03:32.008420,84.00888,84.23475,86.74864
2022-01-22 10:03:32.504411,83.80219,84.4415,86.74864
2022-01-22 10:03:33.003745,84.26632,84.64825,87.29906
2022-01-22 10:03:33.509130,84.78245,84.803,87.29906
2022-01-22 10:03:34.006770,83.44078,84.132,86.5526
2022-01-22 10:03:34.502647,84.21434,84.4935,86.5526
2022-01-22 10:03:35.011264,83.54475,84.08,86.08135
2022-01-22 10:03:35.507377,84.47302,84.90575,86.08135
2022-01-22 10:03:36.005832,83.28607,83.97725,87.29906
2022-01-22 10:03:36.502755,84.31831,84.699,87.29906
2022-01-22 10:03:37.010568,83.7502,83.92525,86.47437
2022-01-22 10:03:37.506251,84.1636,84.59625,86.47437
2022-01-22 10:03:38.002749,84.26632,84.4935,85.49229
2022-01-22 10:03:38.507600,83.39003,83.92525,85.49229
2022-01-22 10:03:39.005690,84.42104,84.803,85.68833
2022-01-22 10:03:39.510396,83.69946,84.3895,85.68833
2022-01-22 10:03:40.009870,84.11161,84.4935,85.96354
2022-01-22 10:03:40.508003,83.90492,84.3895,85.96354
2022-01-22 10:03:41.005843,84.57575,85.0605,85.7675
2022-01-22 10:03:41.501559,83.7502,84.132,85.7675
2022-01-22 10:03:42.010473,84.36905,85.0605,85.49229
2022-01-22 10:03:42.506367,83.80219,84.08,85.49229
2022-01-22 10:03:43.007721,83.64747,84.4415,86.04176
2022-01-22 10:03:43.503058,84.31831,84.751,86.04176
2022-01-22 10:03:44.010765,83.54475,83.97725,85.64968
2022-01-22 10:03:44.506498,84.47302,84.751,85.64968
2022-01-22 10:03:45.007345,83.80219,83.8745,85.84572
2022-01-22 10:03:45.504079,84.31831,84.803,85.84572
2022-01-22 10:03:46.002283,84.05963,84.4415,85.57051
2022-01-22 10:03:46.506299,84.00888,84.4415,85.57051
2022-01-22 10:03:47.004097,84.31831,84.699,86.00312
2022-01-22 10:03:47.509384,83.44078,84.23475,86.00312
2022-01-22 10:03:48.007942,84.47302,84.95775,85.92395
2022-01-22 10:03:48.502807,83.64747,83.8745,85.92395
2022-01-22 10:03:49.010891,84.42104,84.85375,86.12093
2022-01-22 10:03:49.507508,83.54475,83.97725,86.12093
2022-01-22 10:03:50.005741,84.47302,84.85375,85.80614
2022-01-22 10:03:50.501081,83.80219,84.132,85.80614
2022-01-22 10:03:51.009068,83.49276,84.08,85.88531
2022-01-22 10:03:51.505307,84.62773,84.90575,85.88531
2022-01-22 10:03:52.003735,84.00888,84.4415,85.7675
2022-01-22 10:03:52.508609,83.9569,84.33875,85.7675
2022-01-22 10:03:53.007175,84.1636,84.59625,86.71
2022-01-22 10:03:53.503982,83.7502,84.02925,86.71
2022-01-22 10:03:54.003487,84.67848,85.0085,85.92395
2022-01-22 10:03:54.501194,83.7502,84.3895,85.92395
2022-01-22 10:03:55.010319,83.85417,84.3895,85.88531
2022-01-22 10:03:55.510760,84.11161,84.33875,85.88531
2022-01-22 10:03:56.008548,84.21434,84.59625,85.92395
2022-01-22 10:03:56.504915,84.00888,84.54425,85.92395
2022-01-22 10:03:57.003087,83.69946,84.23475,85.53187
2022-01-22 10:03:57.509007,84.11161,84.23475,85.53187
2022-01-22 10:03:58.006823,83.64747,84.132,85.6101
2022-01-22 10:03:58.509049,84.1636,84.54425,85.6101
2022-01-22 10:03:59.007046,83.7502,84.3895,85.92395
2022-01-22 10:03:59.502645,83.90492,84.132,85.92395
2022-01-22 10:04:00.001067,84.52377,84.751,85.17843
2022-01-22 10:04:00.505237,83.7502,84.28675,85.17843
2022-01-22 10:04:01.004882,84.1636,84.59625,87.02385
2022-01-22 10:04:01.502938,83.9569,84.4415,87.02385
2022-01-22 10:04:02.002395,83.9569,84.54425,86.27739
2022-01-22 10:04:02.508859,84.26632,84.751,86.27739
2022-01-22 10:04:03.007311,83.7502,84.184,85.49229
2022-01-22 10:04:03.502800,84.11161,84.3895,85.49229
2022-01-22 10:04:04.505116,83.59549,83.8225,86.78822
2022-01-22 10:04:05.003476,83.7502,84.08,85.57051
2022-01-22 10:04:05.509788,84.26632,84.90575,85.57051
2022-01-22 10:04:06.007239,83.39003,84.132,84.94281
2022-01-22 10:04:06.504407,84.83319,84.90575,84.94281
2022-01-22 10:04:07.003873,83.7502,83.7705,85.64968
2022-01-22 10:04:07.509136,84.31831,84.751,85.64968
2022-01-22 10:04:08.007370,83.90492,84.3895,85.92395
2022-01-22 10:04:08.503836,83.7502,84.184,85.92395
2022-01-22 10:04:09.003641,84.05963,84.33875,85.68833
2022-01-22 10:04:09.508349,83.59549,84.23475,85.68833
2022-01-22 10:04:10.006975,84.31831,84.85375,86.19916
2022-01-22 10:04:10.501931,84.05963,84.3895,86.19916
2022-01-22 10:04:11.005460,84.26632,84.4935,85.72791
2022-01-22 10:04:11.502666,84.00888,84.184,85.72791
2022-01-22 10:04:12.504519,83.9569,84.54425,86.23875
2022-01-22 10:04:13.002554,83.80219,84.33875,85.72791
2022-01-22 10:04:13.508363,84.21434,84.3895,85.72791
2022-01-22 10:04:14.006828,83.59549,84.02925,85.41406
2022-01-22 10:04:14.502957,84.67848,85.16325,85.41406
2022-01-22 10:04:15.002521,84.21434,84.54425,85.92395
2022-01-22 10:04:15.508570,83.59549,83.7705,85.92395
2022-01-22 10:04:16.006262,84.31831,84.699,85.88531
2022-01-22 10:04:16.503907,83.7502,84.3895,85.88531
2022-01-22 10:04:17.001504,84.05963,84.64825,85.64968
2022-01-22 10:04:17.502743,83.85417,84.33875,85.64968
2022-01-22 10:04:18.010262,83.85417,84.02925,85.17843
2022-01-22 10:04:18.506445,84.78245,85.0085,85.17843
2022-01-22 10:04:19.004071,83.69946,84.132,86.67041
2022-01-22 10:04:19.510772,83.9569,84.4935,86.67041
2022-01-22 10:04:20.008407,83.90492,84.4935,85.7675
2022-01-22 10:04:20.506848,84.1636,84.59625,85.7675
2022-01-22 10:04:21.006302,83.9569,84.699,86.15958
2022-01-22 10:04:21.501744,83.69946,83.97725,86.15958
2022-01-22 10:04:22.008327,84.62773,84.90575,85.25666
2022-01-22 10:04:22.505372,83.9569,84.184,85.25666
2022-01-22 10:04:23.003889,84.1636,84.54425,85.92395
2022-01-22 10:04:23.509016,83.54475,84.08,85.92395
2022-01-22 10:04:24.007257,84.11161,84.4935,85.68833
2022-01-22 10:04:24.501768,83.69946,84.33875,85.68833
2022-01-22 10:04:25.009912,84.11161,84.59625,85.88531
2022-01-22 10:04:25.508853,84.21434,84.59625,85.88531
2022-01-22 10:04:26.006429,84.05963,84.33875,85.80614
2022-01-22 10:04:26.502169,84.1636,84.54425,85.80614
2022-01-22 10:04:27.009794,83.9569,84.3895,85.4527
2022-01-22 10:04:27.504185,84.31831,84.699,85.4527
2022-01-22 10:04:28.002848,83.44078,83.92525,84.98145
2022-01-22 10:04:28.507925,84.26632,84.699,84.98145
2022-01-22 10:04:29.005411,83.54475,84.02925,85.7675
2022-01-22 10:04:29.502271,84.1636,84.4935,85.7675
2022-01-22 10:04:30.010716,84.31831,84.59625,85.68833
2022-01-22 10:04:30.506157,83.54475,83.92525,85.68833
2022-01-22 10:04:31.003255,84.93716,85.57675,85.72791
2022-01-22 10:04:31.508341,83.44078,83.71975,85.72791
2022-01-22 10:04:32.006805,84.62773,84.90575,85.57051
2022-01-22 10:04:32.503065,83.18334,83.92525,85.57051
2022-01-22 10:04:33.001118,84.47302,84.699,85.84572
2022-01-22 10:04:33.505524,84.42104,84.4935,85.84572
2022-01-22 10:04:34.003864,83.39003,83.92525,85.53187
2022-01-22 10:04:34.501805,84.1636,84.699,85.53187
2022-01-22 10:04:35.009948,83.85417,84.3895,85.57051
2022-01-22 10:04:35.505069,84.36905,84.64825,85.57051
2022-01-22 10:04:36.003709,83.39003,84.02925,85.80614
2022-01-22 10:04:36.509562,84.21434,84.59625,85.80614
2022-01-22 10:04:37.007397,83.9569,84.4415,85.17843
2022-01-22 10:04:37.502768,84.31831,84.4935,85.17843
2022-01-22 10:04:38.001096,84.05963,84.4415,85.64968
2022-01-22 10:04:38.508783,83.44078,83.71975,85.64968
2022-01-22 10:04:39.006126,84.83319,85.21525,85.92395
2022-01-22 10:04:39.508999,83.49276,84.08,85.92395
2022-01-22 10:04:40.006767,84.11161,84.33875,86.27739
2022-01-22 10:04:40.502038,84.21434,84.64825,86.27739
2022-01-22 10:04:41.010349,83.90492,84.33875,85.7675
2022-01-22 10:04:41.505963,84.21434,84.59625,85.7675
2022-01-22 10:04:42.003352,83.90492,84.4415,84.94281
2022-01-22 10:04:42.509372,83.9569,84.184,84.94281
2022-01-22 10:04:43.008299,84.00888,84.54425,85.53187
2022-01-22 10:04:43.503686,83.9569,84.28675,85.53187
2022-01-22 10:04:44.002411,83.7502,84.23475,85.06062
2022-01-22 10:04:44.506377,84.05963,84.28675,85.06062
2022-01-22 10:04:45.003661,84.31831,84.59625,85.7675
2022-01-22 10:04:45.509936,83.7502,84.3895,85.7675
2022-01-22 10:04:46.007842,84.05963,84.59625,86.27739
2022-01-22 10:04:46.501730,83.7502,84.132,86.27739
2022-01-22 10:04:47.009921,84.42104,84.85375,85.25666
2022-01-22 10:04:47.505106,83.80219,84.64825,85.25666
2022-01-22 10:04:48.002783,84.1636,84.33875,85.33489
2022-01-22 10:04:48.508051,84.11161,84.184,85.33489
2022-01-22 10:04:49.006741,83.9569,84.28675,85.7675
2022-01-22 10:04:49.504498,84.26632,84.85375,85.7675
2022-01-22 10:04:50.004746,83.90492,84.28675,86.04176
2022-01-22 10:04:50.510102,84.1636,84.699,86.04176
2022-01-22 10:04:51.008481,83.54475,84.132,85.84572
2022-01-22 10:04:51.505467,84.62773,85.0085,85.84572
2022-01-22 10:04:52.002664,84.05963,84.3895,86.15958
2022-01-22 10:04:52.510102,83.59549,83.97725,86.15958
2022-01-22 10:04:53.008252,84.47302,84.85375,85.49229
2022-01-22 10:04:53.503885,83.44078,83.92525,85.49229
2022-01-22 10:04:54.003343,84.73046,85.21525,85.29625
2022-01-22 10:04:54.509111,82.97664,83.66775,85.29625
2022-01-22 10:04:55.007825,84.36905,84.59625,86.27739
2022-01-22 10:04:55.504706,84.31831,84.54425,86.27739
2022-01-22 10:04:56.003917,84.11161,84.4415,85.09926
2022-01-22 10:04:56.509046,84.31831,84.803,85.09926
2022-01-22 10:04:57.008172,83.44078,84.132,86.31697
2022-01-22 10:04:57.504083,84.26632,84.64825,86.31697
2022-01-22 10:04:58.003070,83.69946,84.28675,85.72791
2022-01-22 10:04:58.509144,84.21434,84.54425,85.72791
2022-01-22 10:04:59.007504,83.49276,84.08,86.08135
2022-01-22 10:04:59.502259,84.36905,84.4415,86.08135
2022-01-22 10:05:00.010187,84.31831,84.54425,85.96354
2022-01-22 10:05:00.504115,84.00888,84.3895,85.96354
2022-01-22 10:05:01.001557,84.05963,84.59625,85.4527
2022-01-22 10:05:01.508611,83.59549,84.02925,85.4527
2022-01-22 10:05:02.007391,84.42104,84.751,85.29625
2022-01-22 10:05:02.502781,83.59549,84.184,85.29625
2022-01-22 10:05:03.010710,84.31831,84.4415,86.86645
2022-01-22 10:05:03.506677,83.9569,84.3895,86.86645
2022-01-22 10:05:04.006022,84.1636,84.751,85.37447
2022-01-22 10:05:04.503426,84.05963,84.28675,85.37447
2022-01-22 10:05:05.001929,84.00888,84.4935,85.4527
2022-01-22 10:05:05.507961,84.05963,84.4415,85.4527
2022-01-22 10:05:06.006207,83.54475,84.3895,86.12093
2022-01-22 10:05:06.501660,84.1636,84.4415,86.12093
2022-01-22 10:05:07.009354,84.11161,84.3895,85.33489
2022-01-22 10:05:07.503365,84.21434,84.4415,85.33489
2022-01-22 10:05:08.001518,83.80219,84.28675,85.7675
2022-01-22 10:05:08.508851,84.11161,84.4935,85.7675
2022-01-22 10:05:09.006121,84.26632,84.4415,86.35656
2022-01-22 10:05:09.510623,83.80219,84.33875,86.35656
2022-01-22 10:05:10.008539,84.31831,84.85375,85.25666
2022-01-22 10:05:10.504877,83.39003,83.97725,85.25666
2022-01-22 10:05:11.010463,84.42104,84.699,85.68833
2022-01-22 10:05:11.507318,84.36905,84.699,85.68833
2022-01-22 10:05:12.006219,83.9569,84.4415,85.17843
2022-01-22 10:05:12.510988,84.05963,84.54425,85.17843
2022-01-22 10:05:13.009999,83.85417,84.33875,86.12093
2022-01-22 10:05:13.506535,83.85417,84.02925,86.12093
2022-01-22 10:05:14.004611,84.05963,84.803,85.49229
2022-01-22 10:05:14.510254,83.90492,84.4415,85.49229
2022-01-22 10:05:15.007803,84.26632,84.59625,85.41406
2022-01-22 10:05:15.504522,83.80219,83.97725,85.41406
2022-01-22 10:05:16.003855,84.47302,84.85375,84.90322
2022-01-22 10:05:16.510479,84.00888,84.54425,84.90322
2022-01-22 10:05:17.007895,83.90492,84.184,86.15958
2022-01-22 10:05:17.503399,83.49276,84.184,86.15958
2022-01-22 10:05:18.001050,84.11161,84.3895,85.29625
2022-01-22 10:05:18.506021,84.62773,85.1125,85.29625
2022-01-22 10:05:19.002898,83.44078,84.02925,85.53187
2022-01-22 10:05:19.509743,84.36905,84.64825,85.53187
2022-01-22 10:05:20.007472,83.64747,84.132,86.08135
2022-01-22 10:05:20.510714,84.57575,84.85375,86.08135
2022-01-22 10:05:21.008521,83.90492,84.54425,85.49229
2022-01-22 10:05:21.504559,83.9569,84.132,85.49229
2022-01-22 10:05:22.003937,84.26632,84.64825,86.00312
2022-01-22 10:05:22.509977,84.00888,84.184,86.00312
2022-01-22 10:05:23.008214,84.11161,84.64825,85.68833
2022-01-22 10:05:23.503688,83.59549,84.08,85.68833
2022-01-22 10:05:24.002003,84.11161,84.54425,85.02104
2022-01-22 10:05:24.508106,83.59549,84.23475,85.02104
2022-01-22 10:05:25.006056,84.42104,84.699,86.74864
2022-01-22 10:05:25.510370,83.9569,84.4415,86.74864
2022-01-22 10:05:26.008524,84.1636,84.4415,85.57051
2022-01-22 10:05:26.502443,84.36905,84.54425,85.57051
2022-01-22 10:05:27.001626,83.64747,84.33875,85.4527
2022-01-22 10:05:27.509223,84.31831,84.59625,85.4527
2022-01-22 10:05:28.007246,83.59549,84.23475,86.04176
2022-01-22 10:05:28.504136,84.31831,84.64825,86.04176
2022-01-22 10:05:29.002185,83.44078,84.02925,85.7675
2022-01-22 10:05:29.508206,84.67848,85.0605,85.7675
2022-01-22 10:05:30.006616,83.69946,84.02925,85.64968
2022-01-22 10:05:30.502722,84.21434,84.699,85.64968
2022-01-22 10:05:31.001420,83.9569,84.3895,85.57051
2022-01-22 10:05:31.509876,84.00888,84.3895,85.57051
2022-01-22 10:05:32.008497,84.26632,84.4415,85.37447
2022-01-22 10:05:32.503622,83.59549,84.4415,85.37447
2022-01-22 10:05:33.002721,84.36905,84.4935,85.33489
2022-01-22 10:05:33.509064,84.36905,84.33875,85.33489
2022-01-22 10:05:34.007138,83.85417,84.28675,85.7675
2022-01-22 10:05:34.502337,84.00888,84.54425,85.7675
2022-01-22 10:05:35.010837,83.80219,84.4415,85.6101
2022-01-22 10:05:35.505923,84.05963,84.4415,85.6101
2022-01-22 10:05:36.005383,83.7502,84.4415,85.29625
2022-01-22 10:05:36.510655,83.9569,84.3895,85.29625
2022-01-22 10:05:37.009006,84.26632,84.64825,86.00312
2022-01-22 10:05:37.503041,84.31831,84.59625,86.00312
2022-01-22 10:05:38.001462,83.69946,83.97725,85.49229
2022-01-22 10:05:38.506771,84.05963,84.59625,85.49229
2022-01-22 10:05:39.004341,83.85417,84.3895,85.80614
2022-01-22 10:05:39.510079,83.7502,84.4415,85.80614
2022-01-22 10:05:40.007655,83.90492,84.184,85.29625
2022-01-22 10:05:40.503783,84.26632,84.803,85.29625
2022-01-22 10:05:41.002527,84.26632,84.59625,85.92395
2022-01-22 10:05:41.508738,83.9569,84.132,85.92395
2022-01-22 10:05:42.006773,84.05963,84.54425,85.53187
2022-01-22 10:05:42.502609,84.05963,84.23475,85.53187
2022-01-22 10:05:43.001333,84.26632,84.90575,86.12093
2022-01-22 10:05:43.506967,83.69946,84.132,86.12093
2022-01-22 10:05:44.005066,83.69946,84.3895,86.04176
2022-01-22 10:05:44.510813,84.1636,84.54425,86.04176
2022-01-22 10:05:45.010762,84.21434,84.699,86.08135
2022-01-22 10:05:45.504203,83.85417,84.28675,86.08135
2022-01-22 10:05:46.504807,83.90492,84.3895,85.02104
2022-01-22 10:05:47.003130,84.31831,84.54425,85.84572
2022-01-22 10:05:47.509463,83.39003,84.132,85.84572
2022-01-22 10:05:48.007741,83.44078,83.61575,102.69291
2022-01-22 10:05:48.502891,84.52377,84.54425,102.69291
2022-01-22 10:05:49.010462,83.64747,83.8745,239.35541
2022-01-22 10:05:49.506490,84.47302,84.4935,239.35541
2022-01-22 10:05:50.005389,83.64747,84.08,210.56958
2022-01-22 10:05:50.503557,84.05963,84.28675,210.56958
2022-01-22 10:05:51.002257,83.85417,84.54425,127.43354
2022-01-22 10:05:51.506918,84.11161,84.184,127.43354
2022-01-22 10:05:52.005524,83.85417,84.08,92.9927
2022-01-22 10:05:52.510573,83.90492,84.184,92.9927
2022-01-22 10:05:53.008504,84.52377,84.64825,92.91447
2022-01-22 10:05:53.503723,83.54475,84.08,92.91447
2022-01-22 10:05:54.001070,83.85417,84.751,90.75426
2022-01-22 10:05:54.508176,82.10035,84.699,90.75426
2022-01-22 10:05:55.007020,80.86265,84.3895,69.07676
2022-01-22 10:05:55.502723,82.66722,84.85375,69.07676
2022-01-22 10:05:56.001145,85.03989,83.61575,-0.03864
2022-01-22 10:05:56.507186,83.39003,84.132,-0.03864
2022-01-22 10:05:57.005758,82.10035,82.79125,-0.03864
2022-01-22 10:05:57.510339,83.13135,85.6795,-0.03864
2022-01-22 10:05:58.009684,84.31831,83.97725,0.0
2022-01-22 10:05:58.506708,83.59549,83.71975,0.0
2022-01-22 10:05:59.004155,83.02862,84.64825,-0.03864
2022-01-22 10:05:59.501803,82.7192,84.23475,-0.03864
2022-01-22 10:06:00.010368,82.40977,83.71975,0.0
2022-01-22 10:06:00.503057,81.79092,82.17225,0.0
2022-01-22 10:06:01.001203,79.2128,79.38675,-0.03864
2022-01-22 10:06:01.508573,70.75435,72.371,-0.03864
2022-01-22 10:06:02.007737,70.3422,70.2565,-0.03864
2022-01-22 10:06:02.502263,69.20723,68.45025,-0.03864
2022-01-22 10:06:03.010200,66.8358,67.367,0.0
2022-01-22 10:06:03.504047,59.82175,60.71275,0.0
2022-01-22 10:06:04.003427,58.63603,59.0625,0.0
2022-01-22 10:06:04.509901,57.91322,56.6385,0.0
2022-01-22 10:06:05.008570,51.72472,52.8725,0.0
2022-01-22 10:06:05.504138,49.61072,50.706,0.0
2022-01-22 10:06:06.002293,48.21831,47.40425,0.0
2022-01-22 10:06:06.508133,44.09306,44.516,0.0
2022-01-22 10:06:07.005811,40.6374,41.93725,0.0
2022-01-22 10:06:07.501227,39.76111,38.79025,0.0
2022-01-22 10:06:08.009561,40.07053,37.29475,0.0
2022-01-22 10:06:08.505491,39.193,38.5835,0.0
2022-01-22 10:06:09.003815,38.67812,42.24675,0.0
2022-01-22 10:06:09.510461,39.24499,40.33775,0.0
2022-01-22 10:06:10.008324,40.17326,39.09975,0.0
2022-01-22 10:06:10.502688,40.22525,38.6875,0.0
2022-01-22 10:06:11.006312,40.07053,40.854,0.0
2022-01-22 10:06:11.501195,39.45168,40.5445,0.0
2022-01-22 10:06:12.009568,39.6064,39.77075,0.0
2022-01-22 10:06:12.505982,39.14226,39.66675,0.0
2022-01-22 10:06:13.004144,39.50243,40.5445,0.0
2022-01-22 10:06:13.502009,40.27599,40.235,0.0
2022-01-22 10:06:14.001110,39.6064,39.8215,0.0
2022-01-22 10:06:14.506681,39.3997,40.131,0.0
2022-01-22 10:06:15.006855,39.09027,40.08025,0.0
2022-01-22 10:06:15.502835,40.89484,39.9255,0.0
2022-01-22 10:06:16.010365,39.6064,40.235,0.0
2022-01-22 10:06:16.505438,37.23372,39.71875,0.0
2022-01-22 10:06:17.002676,35.4799,35.179,0.0
2022-01-22 10:06:17.507490,33.10847,32.188,0.0
2022-01-22 10:06:18.005698,33.36591,31.98125,0.0
2022-01-22 10:06:18.501462,32.79905,36.417,0.0
2022-01-22 10:06:19.009995,33.77807,35.02425,0.0
2022-01-22 10:06:19.505885,34.55163,33.374,0.0
2022-01-22 10:06:20.003119,34.03675,32.4975,0.0
2022-01-22 10:06:20.509284,33.72732,33.993,0.0
2022-01-22 10:06:21.007400,33.10847,35.69525,0.0
2022-01-22 10:06:21.502255,33.26318,34.045,0.0
2022-01-22 10:06:22.002076,34.60361,32.96175,0.0
2022-01-22 10:06:22.508587,33.93278,33.374,0.0
2022-01-22 10:06:23.007460,33.52062,34.612,0.0
2022-01-22 10:06:23.503596,33.88203,33.27125,0.0
2022-01-22 10:06:24.002337,34.03675,34.19975,0.0
2022-01-22 10:06:24.507739,34.50088,34.50925,0.0
2022-01-22 10:06:25.005701,34.2422,34.19975,0.0
2022-01-22 10:06:25.501197,34.19146,33.374,0.0
2022-01-22 10:06:26.010110,33.83005,34.71475,0.0
2022-01-22 10:06:26.504450,33.98476,34.76675,0.0
2022-01-22 10:06:27.001925,34.03675,34.19975,0.0
2022-01-22 10:06:27.508546,33.62335,33.27125,0.0
2022-01-22 10:06:28.006882,32.90177,33.941,0.0
2022-01-22 10:06:28.507954,34.39692,34.76675,0.0
2022-01-22 10:06:29.005886,34.50088,33.83825,0.0
2022-01-22 10:06:29.501396,33.77807,33.52875,0.0
2022-01-22 10:06:30.009418,33.46864,34.50925,0.0
2022-01-22 10:06:30.504944,34.34617,34.045,0.0
2022-01-22 10:06:31.003949,33.98476,33.941,0.0
2022-01-22 10:06:31.510974,33.72732,34.612,0.0
2022-01-22 10:06:32.008440,32.90177,34.14775,0.0
2022-01-22 10:06:32.503056,34.08749,34.2505,0.0
2022-01-22 10:06:33.001949,34.08749,33.941,0.0
2022-01-22 10:06:33.506755,33.52062,33.89025,0.0
2022-01-22 10:06:34.004539,34.03675,34.14775,0.0
2022-01-22 10:06:35.004902,33.83005,33.83825,0.0
2022-01-22 10:06:35.501365,33.83005,34.45725,0.0
2022-01-22 10:06:36.009391,33.57261,33.993,0.0
2022-01-22 10:06:36.508575,34.13947,33.993,0.0
2022-01-22 10:06:37.006935,34.29419,34.45725,0.0
2022-01-22 10:06:37.503350,33.98476,34.09575,0.0
2022-01-22 10:06:38.001524,33.72732,34.664,0.0
2022-01-22 10:06:38.508792,33.57261,33.993,0.0
2022-01-22 10:06:39.007387,33.2112,33.47675,0.0
2022-01-22 10:06:39.502725,34.2422,34.40525,0.0
2022-01-22 10:06:40.001035,34.13947,34.40525,0.0
2022-01-22 10:06:40.508368,33.52062,33.7355,0.0
2022-01-22 10:06:41.008797,33.52062,33.6835,0.0
2022-01-22 10:06:41.503353,34.13947,34.76675,0.0
2022-01-22 10:06:42.002568,34.19146,34.3545,0.0
2022-01-22 10:06:42.507836,33.62335,33.993,0.0
2022-01-22 10:06:43.006402,33.52062,33.89025,0.0
2022-01-22 10:06:43.502667,33.88203,34.612,0.0
2022-01-22 10:06:44.010661,34.50088,34.3025,0.0
2022-01-22 10:06:44.506253,34.03675,33.83825,0.0
2022-01-22 10:06:45.004725,33.77807,33.426,0.0
2022-01-22 10:06:45.509410,33.57261,34.45725,0.0
2022-01-22 10:06:46.008348,34.19146,34.09575,0.0
2022-01-22 10:06:46.504532,34.03675,33.941,0.0
2022-01-22 10:06:47.002714,33.46864,33.941,0.0
2022-01-22 10:06:47.508360,33.26318,34.19975,0.0
2022-01-22 10:06:48.006827,34.34617,34.45725,0.0
2022-01-22 10:06:48.502536,34.19146,34.09575,0.0
2022-01-22 10:06:49.003475,33.83005,33.941,0.0
2022-01-22 10:06:49.501493,33.88203,34.2505,0.0
2022-01-22 10:06:50.009722,33.26318,33.83825,0.0
2022-01-22 10:06:50.505900,34.50088,34.14775,0.0
2022-01-22 10:06:51.004246,33.72732,33.941,0.0
2022-01-22 10:06:51.509763,33.67534,33.993,0.0
2022-01-22 10:06:52.008566,34.19146,34.3545,0.0
2022-01-22 10:06:52.504118,34.75832,33.78625,0.0
2022-01-22 10:06:53.002639,33.93278,34.045,0.0
2022-01-22 10:06:53.507605,33.83005,34.50925,0.0
2022-01-22 10:06:54.007672,33.4179,33.7355,0.0
2022-01-22 10:06:54.504856,34.2422,34.2505,0.0
2022-01-22 10:06:55.004029,34.08749,34.40525,0.0
2022-01-22 10:06:56.004997,33.77807,33.6835,0.0
2022-01-22 10:06:56.509167,33.72732,34.3025,0.0
2022-01-22 10:06:57.006363,34.19146,34.045,0.0
2022-01-22 10:06:57.502516,33.72732,34.09575,0.0
2022-01-22 10:06:58.010205,33.72732,33.941,0.0
2022-01-22 10:06:58.507172,33.4179,33.78625,0.0
2022-01-22 10:06:59.006559,34.2422,34.50925,0.0
2022-01-22 10:06:59.501392,34.2422,34.2505,0.0
2022-01-22 10:07:00.009737,33.77807,33.7355,0.0
2022-01-22 10:07:00.503921,33.62335,33.993,0.0
2022-01-22 10:07:01.002500,33.46864,34.2505,0.0
2022-01-22 10:07:01.508145,34.03675,34.2505,0.0
2022-01-22 10:07:02.007776,34.08749,34.045,0.0
2022-01-22 10:07:02.502327,33.62335,33.78625,0.0
2022-01-22 10:07:03.011026,33.72732,34.45725,0.0
2022-01-22 10:07:03.506544,33.93278,33.993,0.0
2022-01-22 10:07:04.004416,34.13947,33.83825,0.0
2022-01-22 10:07:04.510304,33.93278,34.3025,0.0
2022-01-22 10:07:05.007097,33.67534,34.2505,0.0
2022-01-22 10:07:05.502869,33.88203,34.14775,0.0
2022-01-22 10:07:06.002090,33.72732,34.2505,0.0
2022-01-22 10:07:06.506556,33.77807,34.045,0.0
2022-01-22 10:07:07.004154,33.93278,34.09575,0.0
2022-01-22 10:07:07.508881,33.72732,34.14775,0.0
2022-01-22 10:07:08.006750,34.2422,33.941,0.0
2022-01-22 10:07:08.501428,33.98476,34.045,0.0
2022-01-22 10:07:09.009961,33.31393,33.993,0.0
2022-01-22 10:07:09.505013,33.2112,34.09575,0.0
2022-01-22 10:07:10.003423,34.13947,34.3545,0.0
2022-01-22 10:07:10.501845,33.4179,34.14775,0.0
2022-01-22 10:07:11.005725,33.98476,34.19975,0.0
2022-01-22 10:07:11.501689,34.03675,33.993,0.0
2022-01-22 10:07:12.010741,33.83005,34.40525,0.0
2022-01-22 10:07:12.505026,34.03675,34.3025,0.0
2022-01-22 10:07:13.002707,33.4179,33.78625,0.0
2022-01-22 10:07:13.508240,33.46864,33.941,0.0
2022-01-22 10:07:14.005780,33.72732,33.941,0.0
2022-01-22 10:07:14.501178,34.29419,33.941,0.0
2022-01-22 10:07:15.011111,34.08749,34.40525,0.0
2022-01-22 10:07:15.508173,33.31393,33.941,0.0
2022-01-22 10:07:16.005969,33.26318,33.941,0.0
2022-01-22 10:07:17.004829,34.50088,34.2505,0.0
2022-01-22 10:07:17.509549,33.83005,33.89025,0.0
2022-01-22 10:07:18.008217,33.77807,34.045,0.0
2022-01-22 10:07:18.503396,33.15922,34.14775,0.0
2022-01-22 10:07:19.001245,34.03675,34.14775,0.0
2022-01-22 10:07:19.507282,33.77807,33.6835,0.0
2022-01-22 10:07:20.007701,33.72732,33.7355,0.0
2022-01-22 10:07:21.005013,34.08749,34.45725,0.0
2022-01-22 10:07:21.509676,33.98476,34.19975,0.0
2022-01-22 10:07:22.008461,33.4179,33.941,0.0
2022-01-22 10:07:22.504096,33.83005,34.3025,0.0
2022-01-22 10:07:23.002582,34.13947,34.40525,0.0
2022-01-22 10:07:23.508110,34.13947,34.2505,0.0
2022-01-22 10:07:24.006529,33.52062,33.322,0.0
2022-01-22 10:07:24.510911,33.4179,33.941,0.0
2022-01-22 10:07:25.010110,32.84979,34.45725,0.0
2022-01-22 10:07:25.506276,34.29419,33.89025,0.0
2022-01-22 10:07:26.003809,34.34617,33.27125,0.0
2022-01-22 10:07:26.510200,33.72732,34.50925,0.0
2022-01-22 10:07:27.008304,33.62335,34.40525,0.0
2022-01-22 10:07:27.505770,33.88203,34.3545,0.0
2022-01-22 10:07:28.003329,34.19146,33.7355,0.0
2022-01-22 10:07:28.508651,34.03675,34.045,0.0
2022-01-22 10:07:29.006779,33.98476,34.612,0.0
2022-01-22 10:07:29.503232,33.31393,33.6835,0.0
2022-01-22 10:07:30.504687,33.2112,34.14775,0.0
2022-01-22 10:07:31.002822,33.67534,33.6315,0.0
2022-01-22 10:07:31.507034,34.50088,34.09575,0.0
2022-01-22 10:07:32.005450,34.13947,34.664,0.0
2022-01-22 10:07:32.510573,33.83005,34.09575,0.0
2022-01-22 10:07:33.009426,33.15922,34.3545,0.0
2022-01-22 10:07:33.503366,33.0045,33.993,0.0
2022-01-22 10:07:34.001045,33.77807,33.83825,0.0
2022-01-22 10:07:34.506701,34.13947,34.56,0.0
2022-01-22 10:07:35.004807,33.36591,33.83825,0.0
2022-01-22 10:07:35.509965,33.72732,33.426,0.0
2022-01-22 10:07:36.007250,34.29419,34.2505,0.0
2022-01-22 10:07:36.509648,34.08749,34.2505,0.0
2022-01-22 10:07:37.008295,34.08749,33.89025,0.0
2022-01-22 10:07:37.503184,33.83005,34.3025,0.0
2022-01-22 10:07:38.001741,33.77807,34.2505,0.0
2022-01-22 10:07:38.508358,34.2422,34.40525,0.0
2022-01-22 10:07:39.008907,33.98476,34.14775,0.0
2022-01-22 10:07:39.502762,33.77807,33.6835,0.0
2022-01-22 10:07:40.002230,33.77807,34.09575,0.0
2022-01-22 10:07:40.508367,33.77807,34.664,0.0
2022-01-22 10:07:41.007351,33.72732,33.6835,0.0
2022-01-22 10:07:41.501500,33.26318,33.374,0.0
2022-01-22 10:07:42.010009,33.46864,33.993,0.0
2022-01-22 10:07:42.506668,33.83005,35.12825,0.0
2022-01-22 10:07:43.004303,34.4489,34.2505,0.0
2022-01-22 10:07:43.503665,34.13947,33.374,0.0
2022-01-22 10:07:44.002025,33.15922,34.3025,0.0
2022-01-22 10:07:44.508758,33.88203,34.19975,0.0
2022-01-22 10:07:45.007791,34.4489,34.14775,0.0
2022-01-22 10:07:45.502895,34.4489,33.89025,0.0
2022-01-22 10:07:46.010737,34.08749,34.14775,0.0
2022-01-22 10:07:46.505999,33.62335,34.09575,0.0
2022-01-22 10:07:47.003502,33.62335,33.941,0.0
2022-01-22 10:07:47.509035,34.6556,33.89025,0.0
2022-01-22 10:07:48.008966,34.19146,34.3545,0.0
2022-01-22 10:07:48.505509,33.88203,34.3545,0.0
2022-01-22 10:07:49.004506,33.4179,34.045,0.0
2022-01-22 10:07:49.510379,33.31393,34.2505,0.0
2022-01-22 10:07:50.007665,34.08749,33.941,0.0
2022-01-22 10:07:50.502886,33.83005,34.09575,0.0
2022-01-22 10:07:51.001295,33.36591,33.993,0.0
2022-01-22 10:07:51.506864,34.55163,34.3025,0.0
2022-01-22 10:07:52.005874,34.08749,33.941,0.0
2022-01-22 10:07:52.503988,33.67534,34.09575,0.0
2022-01-22 10:07:53.003099,33.77807,33.83825,0.0
2022-01-22 10:07:53.508628,34.2422,34.2505,0.0
2022-01-22 10:07:54.006360,34.13947,34.3545,0.0
2022-01-22 10:07:54.503146,33.62335,34.045,0.0
2022-01-22 10:07:55.000955,32.95376,33.83825,0.0
2022-01-22 10:07:55.506341,33.0045,34.2505,0.0
2022-01-22 10:07:56.004352,34.70634,34.3545,0.0
2022-01-22 10:07:56.503861,34.39692,33.6835,0.0
2022-01-22 10:07:57.002028,33.77807,33.89025,0.0
2022-01-22 10:07:57.508508,33.57261,34.40525,0.0
2022-01-22 10:07:58.007138,33.83005,34.14775,0.0
2022-01-22 10:07:58.501684,34.75832,33.78625,0.0
2022-01-22 10:07:59.010021,34.19146,33.941,0.0
2022-01-22 10:07:59.503916,34.13947,34.19975,0.0
2022-01-22 10:08:00.002578,33.93278,34.045,0.0
2022-01-22 10:08:00.510432,33.67534,34.2505,0.0
2022-01-22 10:08:01.008551,33.72732,33.6315,0.0
2022-01-22 10:08:01.504615,33.31393,33.993,0.0
2022-01-22 10:08:02.002274,33.10847,34.56,0.0
2022-01-22 10:08:02.507682,34.70634,34.14775,0.0
2022-01-22 10:08:03.006167,34.50088,33.941,0.0
2022-01-22 10:08:03.501303,33.52062,34.09575,0.0
2022-01-22 10:08:04.010327,33.36591,34.14775,0.0
2022-01-22 10:08:04.505565,33.4179,34.09575,0.0
2022-01-22 10:08:05.003561,34.34617,33.89025,0.0
2022-01-22 10:08:05.501404,34.19146,34.09575,0.0
2022-01-22 10:08:06.010352,33.52062,34.40525,0.0
2022-01-22 10:08:06.505705,32.95376,33.6835,0.0
2022-01-22 10:08:07.003899,34.4489,34.14775,0.0
2022-01-22 10:08:07.510204,34.08749,33.993,0.0
2022-01-22 10:08:08.008185,33.88203,34.14775,0.0
2022-01-22 10:08:08.502292,33.36591,34.40525,0.0
2022-01-22 10:08:09.010152,33.88203,34.09575,0.0
2022-01-22 10:08:09.507200,34.13947,33.6315,0.0
2022-01-22 10:08:10.006870,33.57261,34.14775,0.0
2022-01-22 10:08:10.501803,34.29419,34.3025,0.0
2022-01-22 10:08:11.005917,34.34617,34.045,0.0
2022-01-22 10:08:11.501388,34.4489,34.3025,0.0
2022-01-22 10:08:12.009454,33.77807,33.993,0.0
2022-01-22 10:08:12.504422,33.0045,33.941,0.0
2022-01-22 10:08:13.001610,32.95376,34.3545,0.0
2022-01-22 10:08:13.507261,34.50088,34.19975,0.0
2022-01-22 10:08:14.004432,34.13947,34.045,0.0
2022-01-22 10:08:14.511098,33.62335,33.941,0.0
2022-01-22 10:08:15.009830,33.31393,33.426,0.0
2022-01-22 10:08:15.505521,33.57261,34.71475,0.0
2022-01-22 10:08:16.002513,34.50088,34.2505,0.0
2022-01-22 10:08:16.507636,34.2422,33.6315,0.0
2022-01-22 10:08:17.004917,33.77807,34.2505,0.0
2022-01-22 10:08:17.509627,33.88203,34.40525,0.0
2022-01-22 10:08:18.008588,33.98476,34.2505,0.0
2022-01-22 10:08:18.503868,33.83005,34.045,0.0
2022-01-22 10:08:19.003170,34.13947,33.83825,0.0
2022-01-22 10:08:19.509369,33.52062,34.50925,0.0
2022-01-22 10:08:20.006364,33.72732,34.40525,0.0
2022-01-22 10:08:20.502406,33.62335,33.78625,0.0
2022-01-22 10:08:21.010691,33.57261,33.0125,0.0
2022-01-22 10:08:21.509814,33.31393,34.76675,0.0
2022-01-22 10:08:22.007178,34.13947,34.3545,0.0
2022-01-22 10:08:22.502825,34.34617,34.14775,0.0
2022-01-22 10:08:23.010871,34.08749,33.47675,0.0
2022-01-22 10:08:23.507822,33.57261,34.81875,0.0
2022-01-22 10:08:24.006296,33.2112,34.56,0.0
2022-01-22 10:08:24.502496,34.29419,33.89025,0.0
2022-01-22 10:08:25.009923,34.39692,33.322,0.0
2022-01-22 10:08:25.504962,33.67534,34.2505,0.0
2022-01-22 10:08:26.003182,33.10847,34.664,0.0
2022-01-22 10:08:26.508331,33.67534,33.78625,0.0
2022-01-22 10:08:27.006176,34.6556,33.426,0.0
2022-01-22 10:08:27.501636,33.98476,34.40525,0.0
2022-01-22 10:08:28.001192,33.72732,34.40525,0.0
2022-01-22 10:08:28.507930,33.57261,34.2505,0.0
2022-01-22 10:08:29.006708,34.6556,34.09575,0.0
2022-01-22 10:08:29.502476,33.88203,33.941,0.0
2022-01-22 10:08:30.011068,33.88203,34.2505,0.0
2022-01-22 10:08:30.506749,33.2112,34.045,0.0
2022-01-22 10:08:31.004403,33.77807,34.045,0.0
2022-01-22 10:08:31.510334,33.83005,34.14775,0.0
2022-01-22 10:08:32.007231,33.52062,34.09575,0.0
2022-01-22 10:08:32.503148,33.72732,33.993,0.0
2022-01-22 10:08:33.001913,34.29419,34.3545,0.0
2022-01-22 10:08:33.508164,34.29419,34.40525,0.0
2022-01-22 10:08:34.006374,33.93278,33.83825,0.0
2022-01-22 10:08:34.501422,33.10847,33.993,0.0
2022-01-22 10:08:35.008176,32.95376,34.56,0.0
2022-01-22 10:08:35.502789,34.34617,34.045,0.0
2022-01-22 10:08:36.002115,33.67534,33.58075,0.0
2022-01-22 10:08:36.507154,33.77807,34.09575,0.0
2022-01-22 10:08:37.006293,33.10847,34.2505,0.0
2022-01-22 10:08:37.503404,34.34617,34.09575,0.0
2022-01-22 10:08:38.000955,34.13947,34.09575,0.0
2022-01-22 10:08:38.505973,33.88203,34.14775,0.0
2022-01-22 10:08:39.003917,33.62335,34.3545,0.0
2022-01-22 10:08:39.510386,33.62335,34.19975,0.0
2022-01-22 10:08:40.008681,34.13947,33.941,0.0
2022-01-22 10:08:40.502445,33.98476,33.78625,0.0
2022-01-22 10:08:41.010461,33.67534,34.3025,0.0
2022-01-22 10:08:41.506769,33.93278,33.993,0.0
2022-01-22 10:08:42.004080,33.93278,33.993,0.0
2022-01-22 10:08:42.508980,34.08749,33.78625,0.0
2022-01-22 10:08:43.006731,34.08749,34.50925,0.0
2022-01-22 10:08:43.502192,33.62335,34.3025,0.0
2022-01-22 10:08:44.009035,33.10847,34.09575,0.0
2022-01-22 10:08:44.505106,34.34617,33.993,0.0
2022-01-22 10:08:45.003434,33.88203,34.14775,0.0
2022-01-22 10:08:45.509186,33.52062,34.045,0.0
2022-01-22 10:08:46.008510,33.05649,34.045,0.0
2022-01-22 10:08:46.502499,34.6556,34.09575,0.0
2022-01-22 10:08:47.001921,34.08749,34.09575,0.0
2022-01-22 10:08:47.508699,33.77807,33.7355,0.0
2022-01-22 10:08:48.006611,33.72732,34.3025,0.0
2022-01-22 10:08:48.502407,33.88203,34.45725,0.0
2022-01-22 10:08:49.010301,34.50088,33.993,0.0
2022-01-22 10:08:49.506030,34.19146,34.14775,0.0
2022-01-22 10:08:50.004542,33.62335,33.993,0.0
2022-01-22 10:08:50.501946,33.62335,33.941,0.0
2022-01-22 10:08:51.009741,34.34617,34.09575,0.0
2022-01-22 10:08:51.506316,33.4179,33.941,0.0
2022-01-22 10:08:52.004247,32.95376,33.83825,0.0
2022-01-22 10:08:52.510191,33.57261,34.50925,0.0
2022-01-22 10:08:53.008805,34.39692,33.993,0.0
2022-01-22 10:08:53.503933,33.83005,33.52875,0.0
2022-01-22 10:08:54.002354,33.77807,34.664,0.0
2022-01-22 10:08:54.508876,34.13947,34.40525,0.0
2022-01-22 10:08:55.008346,33.88203,34.3025,0.0
2022-01-22 10:08:55.504179,33.88203,33.58075,0.0
2022-01-22 10:08:56.002063,33.77807,33.7355,0.0
2022-01-22 10:08:56.507947,33.46864,34.45725,0.0
2022-01-22 10:08:57.006289,32.90177,34.2505,0.0
2022-01-22 10:08:57.501288,34.70634,33.6315,0.0
2022-01-22 10:08:58.010237,34.2422,33.941,0.0
2022-01-22 10:08:58.504924,33.83005,34.3545,0.0
2022-01-22 10:08:59.002261,33.4179,34.40525,0.0
2022-01-22 10:08:59.510338,34.13947,34.09575,0.0
2022-01-22 10:09:00.008493,34.60361,33.83825,0.0
2022-01-22 10:09:00.503410,33.93278,34.50925,0.0
2022-01-22 10:09:01.002067,33.93278,34.3025,0.0
2022-01-22 10:09:01.509678,33.36591,33.6835,0.0
2022-01-22 10:09:02.008599,34.29419,33.47675,0.0
2022-01-22 10:09:02.503142,33.46864,34.40525,0.0
2022-01-22 10:09:03.010822,33.52062,34.3545,0.0
2022-01-22 10:09:03.508982,33.10847,33.83825,0.0
2022-01-22 10:09:04.008547,34.34617,33.83825,0.0
2022-01-22 10:09:04.503813,33.62335,34.09575,0.0
2022-01-22 10:09:05.003618,33.67534,34.71475,0.0
2022-01-22 10:09:05.510834,33.98476,34.09575,0.0
2022-01-22 10:09:06.009548,34.4489,33.78625,0.0
2022-01-22 10:09:06.505099,33.98476,33.83825,0.0
2022-01-22 10:09:07.001832,33.67534,34.40525,0.0
2022-01-22 10:09:07.506894,33.36591,34.3545,0.0
2022-01-22 10:09:08.007261,33.26318,33.78625,0.0
2022-01-22 10:09:08.502687,34.19146,33.993,0.0
2022-01-22 10:09:09.001117,34.08749,34.612,0.0
2022-01-22 10:09:09.505800,33.36591,34.045,0.0
2022-01-22 10:09:10.004544,34.13947,34.3025,0.0
2022-01-22 10:09:10.500982,33.98476,34.40525,0.0
2022-01-22 10:09:11.005909,34.03675,34.14775,0.0
2022-01-22 10:09:11.502043,33.77807,33.78625,0.0
2022-01-22 10:09:12.010614,33.93278,34.09575,0.0
2022-01-22 10:09:12.507425,33.83005,34.3025,0.0
2022-01-22 10:09:13.005886,33.88203,33.83825,0.0
2022-01-22 10:09:13.510587,34.03675,33.89025,0.0
2022-01-22 10:09:14.009609,33.77807,34.45725,0.0
2022-01-22 10:09:14.503139,33.52062,34.3025,0.0
2022-01-22 10:09:15.001195,34.08749,33.941,0.0
2022-01-22 10:09:15.506184,33.52062,33.78625,0.0
2022-01-22 10:09:16.004144,33.88203,34.3545,0.0
2022-01-22 10:09:16.502748,33.88203,34.50925,0.0
2022-01-22 10:09:17.001856,33.67534,33.941,0.0
2022-01-22 10:09:17.507019,34.13947,33.426,0.0
2022-01-22 10:09:18.005013,33.62335,34.3025,0.0
2022-01-22 10:09:18.510598,33.98476,34.3545,0.0
2022-01-22 10:09:19.008558,33.62335,33.89025,0.0
2022-01-22 10:09:19.504226,34.39692,33.6835,0.0
2022-01-22 10:09:20.003712,34.08749,34.3545,0.0
2022-01-22 10:09:20.509721,33.88203,34.2505,0.0
2022-01-22 10:09:21.007077,33.52062,34.045,0.0
2022-01-22 10:09:21.503150,34.08749,33.6835,0.0
2022-01-22 10:09:22.001186,34.08749,34.50925,0.0
2022-01-22 10:09:22.507897,33.67534,34.3545,0.0
2022-01-22 10:09:23.005740,33.46864,33.993,0.0
2022-01-22 10:09:23.501515,33.26318,33.52875,0.0
2022-01-22 10:09:24.010635,33.72732,33.993,0.0
2022-01-22 10:09:24.505046,33.93278,34.56,0.0
2022-01-22 10:09:25.004440,33.72732,34.2505,0.0
2022-01-22 10:09:25.510992,33.26318,34.09575,0.0
2022-01-22 10:09:26.009988,34.19146,33.6835,0.0
2022-01-22 10:09:26.504944,33.77807,34.3025,0.0
2022-01-22 10:09:27.002470,33.52062,34.14775,0.0
2022-01-22 10:09:27.507596,33.52062,34.09575,0.0
2022-01-22 10:09:28.005836,33.98476,34.3545,0.0
2022-01-22 10:09:28.511266,34.19146,33.941,0.0
2022-01-22 10:09:29.009349,33.57261,33.78625,0.0
2022-01-22 10:09:29.503958,34.03675,34.40525,0.0
2022-01-22 10:09:30.002718,33.72732,34.045,0.0
2022-01-22 10:09:30.501679,34.34617,33.78625,0.0
2022-01-22 10:09:31.010877,33.77807,34.14775,0.0
2022-01-22 10:09:31.505981,33.4179,33.993,0.0
2022-01-22 10:09:32.003069,33.52062,34.19975,0.0
2022-01-22 10:09:32.509416,34.4489,34.3545,0.0
2022-01-22 10:09:33.007766,33.83005,33.89025,0.0
2022-01-22 10:09:33.503680,33.98476,34.50925,0.0
2022-01-22 10:09:34.001332,33.15922,34.3545,0.0
2022-01-22 10:09:34.505665,33.93278,33.58075,0.0
2022-01-22 10:09:35.005291,33.72732,33.6835,0.0
2022-01-22 10:09:35.509778,33.72732,34.45725,0.0
2022-01-22 10:09:36.006755,33.93278,34.2505,0.0
2022-01-22 10:09:36.502777,33.52062,33.7355,0.0
2022-01-22 10:09:37.010780,34.2422,33.47675,0.0
2022-01-22 10:09:37.505264,33.46864,34.664,0.0
2022-01-22 10:09:38.003639,33.52062,34.45725,0.0
2022-01-22 10:09:38.509006,33.15922,33.941,0.0
2022-01-22 10:09:39.006475,34.6556,33.993,0.0
2022-01-22 10:09:39.504414,34.4489,34.19975,0.0
2022-01-22 10:09:40.003209,33.93278,34.40525,0.0
2022-01-22 10:09:40.508422,33.88203,34.14775,0.0
2022-01-22 10:09:41.007204,33.83005,33.78625,0.0
2022-01-22 10:09:41.501372,34.6556,33.89025,0.0
2022-01-22 10:09:42.009317,34.13947,34.3545,0.0
2022-01-22 10:09:42.504001,33.4179,34.14775,0.0
2022-01-22 10:09:43.002620,33.26318,33.58075,0.0
2022-01-22 10:09:43.510901,33.98476,34.3545,0.0
2022-01-22 10:09:44.008262,33.98476,34.40525,0.0
2022-01-22 10:09:44.505025,33.77807,34.19975,0.0
2022-01-22 10:09:45.002525,33.88203,34.2505,0.0
2022-01-22 10:09:45.509026,33.83005,33.89025,0.0
2022-01-22 10:09:46.007596,34.19146,34.09575,0.0
2022-01-22 10:09:46.502605,33.26318,33.83825,0.0
2022-01-22 10:09:47.011241,33.77807,33.89025,0.0
2022-01-22 10:09:47.507226,33.52062,34.09575,0.0
2022-01-22 10:09:48.006093,34.39692,33.78625,0.0
2022-01-22 10:09:48.502712,33.57261,33.941,0.0
2022-01-22 10:09:49.010541,33.57261,34.50925,0.0
2022-01-22 10:09:49.506570,33.77807,34.19975,0.0
2022-01-22 10:09:50.004823,34.39692,33.941,0.0
2022-01-22 10:09:50.509165,34.19146,34.3025,0.0
2022-01-22 10:09:51.007169,34.08749,34.045,0.0
2022-01-22 10:09:51.502535,33.72732,34.09575,0.0
2022-01-22 10:09:52.010225,33.93278,34.045,0.0
2022-01-22 10:09:52.507736,34.39692,33.52875,0.0
2022-01-22 10:09:53.007285,33.83005,34.19975,0.0
2022-01-22 10:09:53.503325,33.57261,34.3025,0.0
2022-01-22 10:09:54.002564,33.15922,33.89025,0.0
2022-01-22 10:09:54.509938,33.36591,34.14775,0.0
2022-01-22 10:09:55.007872,34.2422,34.3025,0.0
2022-01-22 10:09:55.505878,34.03675,34.612,0.0
2022-01-22 10:09:56.004134,33.98476,34.19975,0.0
2022-01-22 10:09:56.509317,33.67534,33.52875,0.0
2022-01-22 10:09:57.007438,34.34617,33.89025,0.0
2022-01-22 10:09:57.502934,33.67534,34.50925,0.0
2022-01-22 10:09:58.001172,33.77807,34.045,0.0
2022-01-22 10:09:58.507991,34.03675,33.27125,0.0
2022-01-22 10:09:59.006711,34.39692,33.6835,0.0
2022-01-22 10:09:59.502724,33.83005,34.56,0.0
2022-01-22 10:10:00.011042,33.4179,34.56,0.0
2022-01-22 10:10:00.504075,33.57261,33.993,0.0
2022-01-22 10:10:01.004288,34.55163,33.374,0.0
2022-01-22 10:10:01.510414,34.96502,34.81875,0.0
2022-01-22 10:10:02.007389,34.19146,34.19975,0.0
2022-01-22 10:10:02.501913,33.72732,33.993,0.0
2022-01-22 10:10:03.010185,32.95376,33.0645,0.0
2022-01-22 10:10:03.506311,33.77807,34.045,0.0
2022-01-22 10:10:04.004931,33.83005,34.8695,0.0
2022-01-22 10:10:04.510675,33.88203,34.19975,0.0
2022-01-22 10:10:05.009293,33.88203,33.374,0.0
2022-01-22 10:10:05.507860,34.19146,34.8695,0.0
2022-01-22 10:10:06.011047,33.77807,34.9215,0.0
2022-01-22 10:10:06.506220,33.36591,34.19975,0.0
2022-01-22 10:10:07.004680,33.83005,33.89025,0.0
2022-01-22 10:10:07.509661,34.70634,34.14775,0.0
2022-01-22 10:10:08.008652,34.13947,34.612,0.0
2022-01-22 10:10:08.504017,33.57261,33.7355,0.0
2022-01-22 10:10:09.002328,33.4179,34.045,0.0
2022-01-22 10:10:09.510259,33.98476,34.2505,0.0
2022-01-22 10:10:10.007820,34.19146,33.78625,0.0
2022-01-22 10:10:10.502670,33.93278,34.045,0.0
2022-01-22 10:10:11.006700,33.36591,34.71475,0.0
2022-01-22 10:10:11.501944,33.52062,34.09575,0.0
2022-01-22 10:10:12.001048,34.6556,33.83825,0.0
2022-01-22 10:10:12.507592,33.98476,33.83825,0.0
2022-01-22 10:10:13.005748,33.57261,34.664,0.0
2022-01-22 10:10:13.502214,34.19146,33.993,0.0
2022-01-22 10:10:14.010859,33.57261,33.6315,0.0
2022-01-22 10:10:14.506492,33.77807,33.993,0.0
2022-01-22 10:10:15.003361,33.88203,34.56,0.0
2022-01-22 10:10:15.508045,34.03675,34.09575,0.0
2022-01-22 10:10:16.006698,33.77807,33.78625,0.0
2022-01-22 10:10:16.501372,33.77807,34.19975,0.0
2022-01-22 10:10:17.010149,33.83005,34.45725,0.0
2022-01-22 10:10:17.505253,33.83005,34.14775,0.0
2022-01-22 10:10:18.002603,33.46864,33.83825,0.0
2022-01-22 10:10:18.501187,34.2422,33.89025,0.0
2022-01-22 10:10:19.009468,33.52062,34.3025,0.0
2022-01-22 10:10:19.504117,33.93278,34.2505,0.0
2022-01-22 10:10:20.002111,33.52062,33.6315,0.0
2022-01-22 10:10:20.506809,33.98476,33.6315,0.0
2022-01-22 10:10:21.004134,34.34617,34.3025,0.0
2022-01-22 10:10:21.509827,33.83005,34.19975,0.0
2022-01-22 10:10:22.007607,33.57261,33.993,0.0
2022-01-22 10:10:22.510699,33.2112,34.14775,0.0
2022-01-22 10:10:23.009024,34.4489,34.3545,0.0
2022-01-22 10:10:23.503877,34.03675,33.83825,0.0
2022-01-22 10:10:24.003453,33.62335,33.993,0.0
2022-01-22 10:10:24.507967,33.93278,34.19975,0.0
2022-01-22 10:10:25.006576,33.52062,33.89025,0.0
2022-01-22 10:10:25.511103,33.52062,34.19975,0.0
2022-01-22 10:10:26.009716,33.98476,34.3025,0.0
2022-01-22 10:10:26.503568,33.31393,33.993,0.0
2022-01-22 10:10:27.002399,33.77807,34.14775,0.0
2022-01-22 10:10:27.510685,34.19146,34.3025,0.0
2022-01-22 10:10:28.007630,33.52062,34.2505,0.0
2022-01-22 10:10:28.503988,33.10847,34.40525,0.0
2022-01-22 10:10:29.003030,33.77807,33.83825,0.0
2022-01-22 10:10:29.508939,34.4489,33.7355,0.0
2022-01-22 10:10:30.007301,33.98476,34.56,0.0
2022-01-22 10:10:30.504599,33.72732,34.2505,0.0
2022-01-22 10:10:31.002014,33.26318,33.993,0.0
2022-01-22 10:10:31.507661,33.88203,33.6835,0.0
2022-01-22 10:10:32.008463,34.2422,34.045,0.0
2022-01-22 10:10:32.503283,33.77807,34.40525,0.0
2022-01-22 10:10:33.002587,33.88203,34.14775,0.0
2022-01-22 10:10:33.508961,33.15922,33.83825,0.0
2022-01-22 10:10:34.007064,34.2422,34.45725,0.0
2022-01-22 10:10:34.502834,34.19146,34.19975,0.0
2022-01-22 10:10:35.505041,33.77807,34.2505,0.0
2022-01-22 10:10:36.002785,33.62335,34.045,0.0
2022-01-22 10:10:36.509262,34.29419,33.993,0.0
2022-01-22 10:10:37.007507,33.98476,34.2505,0.0
2022-01-22 10:10:37.503235,33.62335,33.58075,0.0
2022-01-22 10:10:38.002012,32.95376,33.6315,0.0
2022-01-22 10:10:38.506294,34.55163,34.8695,0.0
2022-01-22 10:10:39.004649,33.88203,34.56,0.0
2022-01-22 10:10:39.509703,33.46864,33.89025,0.0
2022-01-22 10:10:40.006791,33.52062,33.6315,0.0
2022-01-22 10:10:40.502378,33.98476,34.56,0.0
2022-01-22 10:10:41.009464,34.19146,34.3025,0.0
2022-01-22 10:10:41.503713,33.57261,33.941,0.0
2022-01-22 10:10:42.003753,33.88203,33.6315,0.0
2022-01-22 10:10:42.509927,34.34617,33.6835,0.0
2022-01-22 10:10:43.006283,34.55163,34.045,0.0
2022-01-22 10:10:43.502711,34.03675,34.045,0.0
2022-01-22 10:10:44.010735,33.67534,34.045,0.0
2022-01-22 10:10:44.506936,33.05649,34.3025,0.0
2022-01-22 10:10:45.005083,34.08749,34.19975,0.0
2022-01-22 10:10:45.501777,33.15922,34.09575,0.0
2022-01-22 10:10:46.010478,33.31393,34.14775,0.0
2022-01-22 10:10:46.505091,33.57261,34.2505,0.0
2022-01-22 10:10:47.003441,34.4489,34.09575,0.0
2022-01-22 10:10:47.507774,33.88203,33.83825,0.0
2022-01-22 10:10:48.006971,33.4179,33.941,0.0
2022-01-22 10:10:48.503783,33.72732,33.941,0.0
2022-01-22 10:10:49.002371,33.98476,33.941,0.0
2022-01-22 10:10:49.506984,33.72732,34.09575,0.0
2022-01-22 10:10:50.006531,33.88203,34.3545,0.0
2022-01-22 10:10:50.504220,34.13947,34.2505,0.0
2022-01-22 10:10:51.003881,33.77807,33.993,0.0
2022-01-22 10:10:51.510055,34.55163,34.045,0.0
2022-01-22 10:10:52.007905,33.93278,34.3545,0.0
2022-01-22 10:10:52.502977,33.4179,34.3025,0.0
2022-01-22 10:10:53.002745,33.2112,33.78625,0.0
2022-01-22 10:10:53.509868,34.2422,33.52875,0.0
2022-01-22 10:10:54.007836,33.83005,34.2505,0.0
2022-01-22 10:10:54.503915,33.98476,34.40525,0.0
2022-01-22 10:10:55.002617,33.62335,33.78625,0.0
2022-01-22 10:10:55.508671,33.93278,34.14775,0.0
2022-01-22 10:10:56.007560,34.4489,34.56,0.0
2022-01-22 10:10:56.503085,33.77807,34.3025,0.0
2022-01-22 10:10:57.001414,34.03675,34.045,0.0
2022-01-22 10:10:57.507549,33.31393,33.78625,0.0
2022-01-22 10:10:58.006664,34.08749,34.19975,0.0
2022-01-22 10:10:58.502168,34.08749,34.50925,0.0
2022-01-22 10:10:59.001953,33.72732,33.941,0.0
2022-01-22 10:10:59.506907,33.4179,33.0125,0.0
2022-01-22 10:11:00.004590,33.36591,34.09575,0.0
2022-01-22 10:11:00.503715,34.13947,34.9735,0.0
2022-01-22 10:11:01.001524,34.03675,34.3025,0.0
2022-01-22 10:11:01.507828,33.62335,33.6315,0.0
2022-01-22 10:11:02.006748,33.83005,33.52875,0.0
2022-01-22 10:11:02.502534,34.6556,34.76675,0.0
2022-01-22 10:11:03.010845,34.08749,34.9215,0.0
2022-01-22 10:11:03.507349,33.83005,33.6835,0.0
2022-01-22 10:11:04.003956,34.13947,32.96175,0.0
2022-01-22 10:11:04.510997,33.31393,34.71475,0.0
2022-01-22 10:11:05.008925,33.46864,33.83825,0.0
2022-01-22 10:11:05.505164,33.67534,33.7355,0.0
2022-01-22 10:11:06.004644,33.26318,34.45725,0.0
2022-01-22 10:11:06.508934,34.60361,34.40525,0.0
2022-01-22 10:11:07.006350,34.2422,33.78625,0.0
2022-01-22 10:11:07.502101,33.72732,34.40525,0.0
2022-01-22 10:11:08.010249,33.2112,33.83825,0.0
2022-01-22 10:11:08.505206,32.95376,34.2505,0.0
2022-01-22 10:11:09.003444,34.6556,33.941,0.0
2022-01-22 10:11:09.510048,34.13947,34.14775,0.0
2022-01-22 10:11:10.007934,33.67534,34.14775,0.0
2022-01-22 10:11:10.503393,32.90177,33.6315,0.0
2022-01-22 10:11:11.007834,33.62335,34.19975,0.0
2022-01-22 10:11:11.503320,34.13947,34.45725,0.0
2022-01-22 10:11:12.001820,33.52062,34.3025,0.0
2022-01-22 10:11:12.506931,33.98476,33.89025,0.0
2022-01-22 10:11:13.005399,33.57261,33.83825,0.0
2022-01-22 10:11:13.502795,34.39692,34.40525,0.0
2022-01-22 10:11:14.010315,33.36591,34.2505,0.0
2022-01-22 10:11:14.505554,33.67534,33.6315,0.0
2022-01-22 10:11:15.006242,33.52062,33.89025,0.0
2022-01-22 10:11:16.004625,33.26318,34.3025,0.0
2022-01-22 10:11:16.509448,33.57261,34.045,0.0
2022-01-22 10:11:17.008420,32.79905,34.045,0.0
2022-01-22 10:11:17.502364,33.77807,34.3025,0.0
2022-01-22 10:11:18.010285,34.03675,34.40525,0.0
2022-01-22 10:11:18.506715,33.83005,33.78625,0.0
2022-01-22 10:11:19.005883,34.2422,33.6835,0.0
2022-01-22 10:11:19.501626,33.36591,34.50925,0.0
2022-01-22 10:11:20.009985,33.83005,34.045,0.0
2022-01-22 10:11:20.504940,34.13947,33.89025,0.0
2022-01-22 10:11:21.003684,33.83005,34.09575,0.0
2022-01-22 10:11:21.508035,33.26318,33.993,0.0
2022-01-22 10:11:22.006802,33.62335,34.3025,0.0
2022-01-22 10:11:22.502607,34.13947,34.045,0.0
2022-01-22 10:11:23.002422,33.77807,33.993,0.0
2022-01-22 10:11:23.508235,33.98476,34.14775,0.0
2022-01-22 10:11:24.006150,34.03675,33.941,0.0
2022-01-22 10:11:24.502002,34.4489,34.09575,0.0
2022-01-22 10:11:25.010111,34.03675,34.19975,0.0
2022-01-22 10:11:25.505781,33.10847,34.045,0.0
2022-01-22 10:11:26.003961,33.72732,33.941,0.0
2022-01-22 10:11:26.509976,33.98476,34.19975,0.0
2022-01-22 10:11:27.007634,33.77807,34.14775,0.0
2022-01-22 10:11:27.505908,33.88203,34.045,0.0
2022-01-22 10:11:28.004486,33.0045,34.14775,0.0
2022-01-22 10:11:28.510984,34.03675,33.7355,0.0
2022-01-22 10:11:29.009326,33.72732,34.3025,0.0
2022-01-22 10:11:29.504066,33.77807,34.2505,0.0
2022-01-22 10:11:30.002199,33.4179,33.7355,0.0
2022-01-22 10:11:30.508950,33.88203,34.045,0.0
2022-01-22 10:11:31.007374,34.29419,34.2505,0.0
2022-01-22 10:11:31.502282,34.03675,34.3025,0.0
2022-01-22 10:11:32.001794,33.46864,33.993,0.0
2022-01-22 10:11:32.506016,33.31393,33.78625,0.0
2022-01-22 10:11:33.003267,34.2422,34.2505,0.0
2022-01-22 10:11:33.508308,34.19146,34.40525,0.0
2022-01-22 10:11:34.005880,33.93278,33.941,0.0
2022-01-22 10:11:34.510693,33.72732,33.47675,0.0
2022-01-22 10:11:35.008584,34.03675,34.14775,0.0
2022-01-22 10:11:35.503516,34.2422,34.612,0.0
2022-01-22 10:11:36.003413,33.57261,34.09575,0.0
2022-01-22 10:11:36.509149,33.15922,33.83825,0.0
2022-01-22 10:11:37.007685,33.4179,34.19975,0.0
2022-01-22 10:11:37.503969,34.75832,34.664,0.0
2022-01-22 10:11:38.001516,34.13947,34.3025,0.0
2022-01-22 10:11:38.507932,33.31393,33.6315,0.0
2022-01-22 10:11:39.006809,32.95376,33.941,0.0
2022-01-22 10:11:39.504080,34.03675,34.50925,0.0
2022-01-22 10:11:40.002437,34.19146,34.50925,0.0
2022-01-22 10:11:40.507342,33.93278,33.7355,0.0
2022-01-22 10:11:41.005894,33.26318,33.1165,0.0
2022-01-22 10:11:41.502350,33.57261,35.12825,0.0
2022-01-22 10:11:42.011262,34.6556,34.50925,0.0
2022-01-22 10:11:42.506485,34.34617,33.78625,0.0
2022-01-22 10:11:43.003551,33.52062,33.52875,0.0
2022-01-22 10:11:43.508657,33.05649,34.50925,0.0
2022-01-22 10:11:44.007555,34.29419,34.9735,0.0
2022-01-22 10:11:44.502164,33.98476,33.7355,0.0
2022-01-22 10:11:45.010515,34.08749,33.0125,0.0
2022-01-22 10:11:45.506495,33.62335,34.19975,0.0
2022-01-22 10:11:46.004398,33.93278,34.612,0.0
2022-01-22 10:11:46.509792,34.4489,33.89025,0.0
2022-01-22 10:11:47.007830,34.08749,33.6835,0.0
2022-01-22 10:11:47.504515,33.36591,34.09575,0.0
2022-01-22 10:11:48.004208,33.26318,34.3545,0.0
2022-01-22 10:11:48.508987,34.4489,33.7355,0.0
2022-01-22 10:11:49.006846,33.57261,34.045,0.0
2022-01-22 10:11:49.502186,33.36591,34.50925,0.0
2022-01-22 10:11:50.009932,33.0045,33.7355,0.0
2022-01-22 10:11:50.504645,34.13947,33.89025,0.0
2022-01-22 10:11:51.003122,33.77807,34.56,0.0
2022-01-22 10:11:51.509147,33.77807,34.045,0.0
2022-01-22 10:11:52.005901,33.88203,33.58075,0.0
2022-01-22 10:11:52.501277,34.19146,34.40525,0.0
2022-01-22 10:11:53.009628,33.72732,34.3545,0.0
2022-01-22 10:11:53.505111,33.83005,33.89025,0.0
2022-01-22 10:11:54.003815,33.62335,33.6835,0.0
2022-01-22 10:11:54.510700,34.08749,34.045,0.0
2022-01-22 10:11:55.010347,34.08749,34.76675,0.0
2022-01-22 10:11:55.505975,33.93278,33.89025,0.0
2022-01-22 10:11:56.005160,33.31393,33.47675,0.0
2022-01-22 10:11:56.509739,33.83005,33.6835,0.0
2022-01-22 10:11:57.007758,33.83005,34.664,0.0
2022-01-22 10:11:57.502876,34.19146,34.76675,0.0
2022-01-22 10:11:58.002622,34.29419,33.83825,0.0
2022-01-22 10:11:58.508046,33.52062,33.52875,0.0
2022-01-22 10:11:59.007493,33.05649,34.81875,0.0
2022-01-22 10:11:59.502776,34.19146,34.50925,0.0
2022-01-22 10:12:00.001273,33.98476,33.6315,0.0
2022-01-22 10:12:00.501240,33.72732,33.322,0.0
2022-01-22 10:12:01.010798,33.57261,34.76675,0.0
2022-01-22 10:12:01.506741,33.77807,34.3545,0.0
2022-01-22 10:12:02.004373,34.2422,33.993,0.0
2022-01-22 10:12:02.501456,33.72732,33.83825,0.0
2022-01-22 10:12:03.000893,33.77807,33.89025,0.0
2022-01-22 10:12:03.507698,33.72732,34.56,0.0
2022-01-22 10:12:04.006039,34.34617,33.89025,0.0
2022-01-22 10:12:04.502129,34.08749,33.52875,0.0
2022-01-22 10:12:05.010527,33.46864,33.993,0.0
2022-01-22 10:12:05.505445,34.29419,34.14775,0.0
2022-01-22 10:12:06.002763,34.03675,34.664,0.0
2022-01-22 10:12:06.507916,34.08749,34.3025,0.0
2022-01-22 10:12:07.006345,33.52062,33.83825,0.0
2022-01-22 10:12:07.504389,33.72732,34.2505,0.0
2022-01-22 10:12:08.002725,34.08749,34.09575,0.0
2022-01-22 10:12:08.508855,34.4489,34.14775,0.0
2022-01-22 10:12:09.006894,34.19146,34.09575,0.0
2022-01-22 10:12:09.501678,33.52062,33.6835,0.0
2022-01-22 10:12:10.008944,33.36591,34.2505,0.0
2022-01-22 10:12:10.503492,34.13947,34.3025,0.0
2022-01-22 10:12:11.007864,34.03675,33.7355,0.0
2022-01-22 10:12:11.504636,33.83005,33.993,0.0
2022-01-22 10:12:12.004650,33.36591,34.612,0.0
2022-01-22 10:12:12.509811,33.98476,34.45725,0.0
2022-01-22 10:12:13.008355,34.08749,33.993,0.0
2022-01-22 10:12:13.504039,33.72732,33.58075,0.0
2022-01-22 10:12:14.004196,33.98476,34.14775,0.0
2022-01-22 10:12:14.509699,33.93278,34.3025,0.0
2022-01-22 10:12:15.006983,34.2422,34.14775,0.0
2022-01-22 10:12:15.504115,33.52062,33.78625,0.0
2022-01-22 10:12:16.001484,33.72732,33.941,0.0
2022-01-22 10:12:16.509098,33.26318,34.40525,0.0
2022-01-22 10:12:17.006875,34.60361,34.40525,0.0
2022-01-22 10:12:17.503139,34.50088,34.19975,0.0
2022-01-22 10:12:18.004469,33.98476,34.19975,0.0
2022-01-22 10:12:18.509463,33.83005,34.045,0.0
2022-01-22 10:12:19.008224,33.93278,34.19975,0.0
2022-01-22 10:12:19.503385,34.29419,33.89025,0.0
2022-01-22 10:12:20.001961,34.08749,33.83825,0.0
2022-01-22 10:12:20.507977,33.72732,34.40525,0.0
2022-01-22 10:12:21.007333,32.84979,33.83825,0.0
2022-01-22 10:12:21.502985,34.34617,33.89025,0.0
2022-01-22 10:12:22.003420,33.88203,34.2505,0.0
2022-01-22 10:12:22.508530,34.03675,34.45725,0.0
2022-01-22 10:12:23.006079,33.46864,34.19975,0.0
2022-01-22 10:12:23.510369,34.08749,34.3025,0.0
2022-01-22 10:12:24.008515,34.29419,33.83825,0.0
2022-01-22 10:12:24.504088,33.88203,33.89025,0.0
2022-01-22 10:12:25.002835,34.13947,34.045,0.0
2022-01-22 10:12:25.510205,34.13947,34.09575,0.0
2022-01-22 10:12:26.007867,34.4489,34.045,0.0
2022-01-22 10:12:26.502148,33.83005,34.2505,0.0
2022-01-22 10:12:27.009995,33.57261,33.78625,0.0
2022-01-22 10:12:27.504555,32.64433,34.40525,0.0
2022-01-22 10:12:28.002275,34.03675,34.56,0.0
2022-01-22 10:12:28.507730,33.83005,34.09575,0.0
2022-01-22 10:12:29.005116,34.19146,33.89025,0.0
2022-01-22 10:12:29.511065,34.03675,33.7355,0.0
2022-01-22 10:12:30.505173,33.62335,34.09575,0.0
2022-01-22 10:12:31.004539,33.46864,33.6835,0.0
2022-01-22 10:12:31.509996,33.46864,33.993,0.0
2022-01-22 10:12:32.008420,33.93278,34.56,0.0
2022-01-22 10:12:32.502729,33.98476,34.09575,0.0
2022-01-22 10:12:33.001111,33.57261,33.89025,0.0
2022-01-22 10:12:33.507461,33.67534,34.09575,0.0
2022-01-22 10:12:34.006428,33.67534,34.612,0.0
2022-01-22 10:12:34.501632,34.08749,34.40525,0.0
2022-01-22 10:12:35.505055,33.83005,33.1165,0.0
2022-01-22 10:12:36.002371,33.98476,34.45725,0.0
2022-01-22 10:12:36.509840,34.2422,34.45725,0.0
2022-01-22 10:12:37.007106,34.34617,33.83825,0.0
2022-01-22 10:12:37.502919,33.98476,33.47675,0.0
2022-01-22 10:12:38.009683,33.67534,34.56,0.0
2022-01-22 10:12:38.504416,33.31393,34.664,0.0
2022-01-22 10:12:39.002790,34.34617,34.14775,0.0
2022-01-22 10:12:39.508094,33.93278,33.374,0.0
2022-01-22 10:12:40.004975,33.57261,34.3545,0.0
2022-01-22 10:12:41.005162,34.08749,33.6835,0.0
2022-01-22 10:12:41.501069,34.03675,33.27125,0.0
2022-01-22 10:12:42.010321,33.77807,33.7355,0.0
2022-01-22 10:12:42.504952,33.62335,34.664,0.0
2022-01-22 10:12:43.002384,33.52062,33.89025,0.0
2022-01-22 10:12:43.506302,34.34617,33.89025,0.0
2022-01-22 10:12:44.004049,34.08749,34.14775,0.0
2022-01-22 10:12:44.509891,33.52062,34.81875,0.0
2022-01-22 10:12:45.009841,33.2112,33.58075,0.0
2022-01-22 10:12:45.505892,34.2422,34.14775,0.0
2022-01-22 10:12:46.004822,34.13947,34.45725,0.0
2022-01-22 10:12:46.508942,33.52062,33.52875,0.0
2022-01-22 10:12:47.007284,33.93278,33.993,0.0
2022-01-22 10:12:47.503725,34.13947,34.3545,0.0
2022-01-22 10:12:48.001984,34.03675,34.045,0.0
2022-01-22 10:12:48.509456,33.67534,33.83825,0.0
2022-01-22 10:12:49.007346,34.08749,34.14775,0.0
2022-01-22 10:12:49.506828,33.52062,34.3025,0.0
2022-01-22 10:12:50.004792,34.34617,34.3025,0.0
2022-01-22 10:12:50.509169,33.77807,33.89025,0.0
2022-01-22 10:12:51.005173,33.2112,33.993,0.0
2022-01-22 10:12:51.511299,33.57261,34.2505,0.0
2022-01-22 10:12:52.009060,33.93278,34.14775,0.0
2022-01-22 10:12:52.505505,33.98476,33.6835,0.0
2022-01-22 10:12:53.003881,33.67534,33.83825,0.0
2022-01-22 10:12:53.501270,33.26318,34.56,0.0
2022-01-22 10:12:54.010789,34.03675,34.3025,0.0
2022-01-22 10:12:54.506481,34.19146,33.6835,0.0
2022-01-22 10:12:55.004894,33.88203,33.83825,0.0
2022-01-22 10:12:55.511098,33.67534,34.612,0.0
2022-01-22 10:12:56.008287,33.72732,34.40525,0.0
2022-01-22 10:12:56.503367,34.4489,33.993,0.0
2022-01-22 10:12:57.001641,33.93278,33.83825,0.0
2022-01-22 10:12:57.506802,33.88203,34.3545,0.0
2022-01-22 10:12:58.004267,33.4179,34.2505,0.0
2022-01-22 10:12:58.501011,33.31393,33.89025,0.0
2022-01-22 10:12:59.009947,33.72732,33.52875,0.0
2022-01-22 10:12:59.505760,33.77807,34.3025,0.0
2022-01-22 10:13:00.004230,33.72732,34.045,0.0
2022-01-22 10:13:00.509233,34.2422,33.89025,0.0
2022-01-22 10:13:01.007211,34.08749,34.45725,0.0
2022-01-22 10:13:01.502850,33.4179,34.19975,0.0
2022-01-22 10:13:02.001440,33.0045,33.89025,0.0
2022-01-22 10:13:02.508734,33.05649,34.3025,0.0
2022-01-22 10:13:03.006744,34.03675,34.3025,0.0
2022-01-22 10:13:03.501907,34.2422,33.941,0.0
2022-01-22 10:13:04.008774,33.72732,33.83825,0.0
2022-01-22 10:13:04.504197,33.36591,33.993,0.0
2022-01-22 10:13:05.002692,33.52062,34.09575,0.0
2022-01-22 10:13:05.508759,34.08749,33.78625,0.0
2022-01-22 10:13:06.007352,34.08749,34.09575,0.0
2022-01-22 10:13:06.502212,33.62335,34.09575,0.0
2022-01-22 10:13:07.001780,33.62335,34.40525,0.0
2022-01-22 10:13:07.507482,33.83005,34.2505,0.0
2022-01-22 10:13:08.006472,34.03675,33.78625,0.0
2022-01-22 10:13:08.501636,33.72732,34.45725,0.0
2022-01-22 10:13:09.009510,33.83005,34.19975,0.0
2022-01-22 10:13:09.505050,33.93278,34.045,0.0
2022-01-22 10:13:10.003683,33.93278,33.58075,0.0
2022-01-22 10:13:10.506906,33.15922,33.78625,0.0
2022-01-22 10:13:11.001284,33.98476,34.19975,0.0
2022-01-22 10:13:11.507826,33.88203,34.45725,0.0
2022-01-22 10:13:12.005467,34.55163,33.89025,0.0
2022-01-22 10:13:12.501520,33.62335,33.83825,0.0
2022-01-22 10:13:13.010714,33.36591,34.71475,0.0
2022-01-22 10:13:13.507199,33.57261,34.19975,0.0
2022-01-22 10:13:14.005257,34.60361,33.89025,0.0
2022-01-22 10:13:14.509299,34.03675,33.7355,0.0
2022-01-22 10:13:15.008657,33.88203,34.2505,0.0
2022-01-22 10:13:15.505230,33.52062,34.3025,0.0
2022-01-22 10:13:16.005373,33.4179,33.58075,0.0
2022-01-22 10:13:16.510177,34.50088,33.47675,0.0
2022-01-22 10:13:17.008240,33.88203,34.56,0.0
2022-01-22 10:13:17.502748,33.88203,34.40525,0.0
2022-01-22 10:13:18.001836,33.57261,34.3025,0.0
2022-01-22 10:13:18.507037,34.13947,33.78625,0.0
2022-01-22 10:13:19.006458,34.2422,34.3025,0.0
2022-01-22 10:13:19.501149,33.72732,34.76675,0.0
2022-01-22 10:13:20.009758,33.62335,34.2505,0.0
2022-01-22 10:13:20.508123,34.39692,33.89025,0.0
2022-01-22 10:13:21.007092,34.03675,33.6315,0.0
2022-01-22 10:13:21.502688,34.08749,34.09575,0.0
2022-01-22 10:13:22.001835,33.4179,33.993,0.0
2022-01-22 10:13:22.507267,32.84979,33.941,0.0
2022-01-22 10:13:23.005211,34.2422,34.3025,0.0
2022-01-22 10:13:23.510562,33.93278,34.56,0.0
2022-01-22 10:13:24.008709,33.83005,34.2505,0.0
2022-01-22 10:13:24.505107,34.03675,33.993,0.0
2022-01-22 10:13:25.003037,34.55163,34.3545,0.0
2022-01-22 10:13:25.509059,33.93278,34.2505,0.0
2022-01-22 10:13:26.006853,33.31393,33.78625,0.0
2022-01-22 10:13:26.502401,33.57261,34.09575,0.0
2022-01-22 10:13:27.010039,34.4489,34.2505,0.0
2022-01-22 10:13:27.504621,34.2422,33.6835,0.0
2022-01-22 10:13:28.004042,33.93278,34.045,0.0
2022-01-22 10:13:28.501184,33.57261,34.612,0.0
2022-01-22 10:13:29.001967,33.31393,34.45725,0.0
2022-01-22 10:13:29.501360,33.98476,34.09575,0.0
2022-01-22 10:13:30.010138,32.90177,33.83825,0.0
2022-01-22 10:13:30.505287,33.77807,34.045,0.0
2022-01-22 10:13:31.003020,34.19146,34.664,0.0
2022-01-22 10:13:31.508550,34.03675,34.09575,0.0
2022-01-22 10:13:32.006402,33.83005,33.21925,0.0
2022-01-22 10:13:32.501700,33.36591,34.045,0.0
2022-01-22 10:13:33.010539,33.26318,34.612,0.0
2022-01-22 10:13:33.505966,34.03675,34.14775,0.0
2022-01-22 10:13:34.005019,34.08749,33.78625,0.0
2022-01-22 10:13:34.510034,33.88203,34.45725,0.0
2022-01-22 10:13:35.006568,33.72732,34.45725,0.0
2022-01-22 10:13:35.501916,33.10847,33.941,0.0
2022-01-22 10:13:36.001836,34.70634,33.47675,0.0
2022-01-22 10:13:36.506750,34.34617,34.09575,0.0
2022-01-22 10:13:37.004006,33.88203,34.3545,0.0
2022-01-22 10:13:37.509233,34.13947,34.2505,0.0
2022-01-22 10:13:38.009355,33.31393,33.16725,0.0
2022-01-22 10:13:38.505871,34.2422,33.426,0.0
2022-01-22 10:13:39.003872,33.83005,35.231,0.0
2022-01-22 10:13:39.510404,33.52062,34.9735,0.0
2022-01-22 10:13:40.008368,33.98476,33.83825,0.0
2022-01-22 10:13:40.503733,34.08749,33.47675,0.0
2022-01-22 10:13:41.001123,33.98476,34.45725,0.0
2022-01-22 10:13:41.506724,33.4179,34.71475,0.0
2022-01-22 10:13:42.006743,33.2112,33.993,0.0
2022-01-22 10:13:42.504813,34.6556,33.83825,0.0
2022-01-22 10:13:43.003067,34.03675,34.09575,0.0
2022-01-22 10:13:43.505746,33.10847,34.2505,0.0
2022-01-22 10:13:44.003749,33.05649,33.89025,0.0
2022-01-22 10:13:44.509631,33.83005,34.3025,0.0
2022-01-22 10:13:45.009745,34.4489,34.40525,0.0
2022-01-22 10:13:45.504344,33.62335,33.89025,0.0
2022-01-22 10:13:46.003305,33.67534,34.2505,0.0
2022-01-22 10:13:46.508939,33.2112,34.2505,0.0
2022-01-22 10:13:47.009317,34.6556,33.89025,0.0
2022-01-22 10:13:47.506127,33.93278,33.7355,0.0
2022-01-22 10:13:48.004144,34.2422,34.40525,0.0
2022-01-22 10:13:48.510156,33.46864,34.14775,0.0
2022-01-22 10:13:49.009111,33.93278,33.78625,0.0
2022-01-22 10:13:49.504047,33.46864,33.83825,0.0
2022-01-22 10:13:50.011188,33.57261,34.45725,0.0
2022-01-22 10:13:50.506714,33.77807,34.45725,0.0
2022-01-22 10:13:51.005510,33.98476,33.941,0.0
2022-01-22 10:13:51.502788,34.08749,33.6835,0.0
2022-01-22 10:13:52.504234,33.77807,34.2505,0.0
2022-01-22 10:13:53.003283,33.98476,33.993,0.0
2022-01-22 10:13:53.509210,34.08749,34.045,0.0
2022-01-22 10:13:54.006697,33.93278,34.19975,0.0
2022-01-22 10:13:54.501616,33.31393,34.09575,0.0
2022-01-22 10:13:55.010663,33.83005,34.045,0.0
2022-01-22 10:13:55.505794,34.29419,33.6835,0.0
2022-01-22 10:13:56.003945,34.13947,34.40525,0.0
2022-01-22 10:13:56.502569,33.83005,34.3025,0.0
2022-01-22 10:13:57.009873,33.52062,34.09575,0.0
2022-01-22 10:13:57.506635,33.31393,33.83825,0.0
2022-01-22 10:13:58.004318,34.4489,34.14775,0.0
2022-01-22 10:13:58.509385,34.29419,34.14775,0.0
2022-01-22 10:13:59.008032,34.03675,34.09575,0.0
2022-01-22 10:13:59.503640,33.46864,34.3545,0.0
2022-01-22 10:14:00.001856,33.77807,33.83825,0.0
2022-01-22 10:14:00.504002,33.46864,33.89025,0.0
2022-01-22 10:14:01.003067,33.2112,34.19975,0.0
2022-01-22 10:14:01.508810,33.2112,34.045,0.0
2022-01-22 10:14:02.007685,34.60361,34.045,0.0
2022-01-22 10:14:02.502661,34.2422,34.2505,0.0
2022-01-22 10:14:03.009385,33.77807,33.78625,0.0
2022-01-22 10:14:03.504514,33.15922,34.2505,0.0
2022-01-22 10:14:04.002187,33.57261,34.14775,0.0
2022-01-22 10:14:04.508470,34.55163,33.941,0.0
2022-01-22 10:14:05.008307,34.29419,34.19975,0.0
2022-01-22 10:14:05.506467,33.72732,33.941,0.0
2022-01-22 10:14:06.002796,33.26318,33.993,0.0
2022-01-22 10:14:06.508838,33.0045,34.19975,0.0
2022-01-22 10:14:07.006441,33.46864,33.83825,0.0
2022-01-22 10:14:07.501368,34.2422,34.14775,0.0
2022-01-22 10:14:08.008890,33.77807,34.664,0.0
2022-01-22 10:14:08.505641,33.77807,33.941,0.0
2022-01-22 10:14:09.003892,33.83005,33.6835,0.0
2022-01-22 10:14:09.509708,33.26318,34.3545,0.0
2022-01-22 10:14:10.008831,34.03675,34.3025,0.0
2022-01-22 10:14:10.502690,34.19146,34.14775,0.0
2022-01-22 10:14:11.006283,34.03675,33.7355,0.0
2022-01-22 10:14:11.501681,33.62335,33.58075,0.0
2022-01-22 10:14:12.009462,33.67534,34.664,0.0
2022-01-22 10:14:12.505302,33.10847,34.40525,0.0
2022-01-22 10:14:13.003575,33.98476,33.6835,0.0
2022-01-22 10:14:13.507795,34.08749,33.6835,0.0
2022-01-22 10:14:14.005108,33.72732,34.56,0.0
2022-01-22 10:14:15.004741,33.57261,33.7355,0.0
2022-01-22 10:14:15.509967,34.2422,33.7355,0.0
2022-01-22 10:14:16.007682,34.08749,34.76675,0.0
2022-01-22 10:14:16.502400,33.57261,34.71475,0.0
2022-01-22 10:14:17.011020,33.67534,33.83825,0.0
2022-01-22 10:14:17.505305,34.2422,32.96175,0.0
2022-01-22 10:14:18.003277,34.75832,34.3025,0.0
2022-01-22 10:14:18.509739,34.13947,34.8695,0.0
2022-01-22 10:14:19.007815,33.46864,34.40525,0.0
2022-01-22 10:14:19.505815,33.31393,33.6835,0.0
2022-01-22 10:14:20.003216,34.13947,34.2505,0.0
2022-01-22 10:14:20.508911,33.72732,34.76675,0.0
2022-01-22 10:14:21.006862,34.13947,34.3025,0.0
2022-01-22 10:14:21.501401,34.29419,33.6315,0.0
2022-01-22 10:14:22.009916,34.08749,33.426,0.0
2022-01-22 10:14:22.506656,33.83005,34.50925,0.0
2022-01-22 10:14:23.003559,33.31393,34.19975,0.0
2022-01-22 10:14:23.501255,33.15922,33.47675,0.0
2022-01-22 10:14:24.009429,34.81031,34.3025,0.0
2022-01-22 10:14:24.503330,34.13947,34.09575,0.0
2022-01-22 10:14:25.505097,33.2112,34.56,0.0
2022-01-22 10:14:26.003567,33.26318,34.3545,0.0
2022-01-22 10:14:26.510557,34.29419,33.52875,0.0
2022-01-22 10:14:27.008373,34.19146,33.7355,0.0
2022-01-22 10:14:27.504482,33.88203,34.71475,0.0
2022-01-22 10:14:28.002741,34.2422,34.14775,0.0
2022-01-22 10:14:28.509425,33.57261,33.426,0.0
2022-01-22 10:14:29.007299,33.26318,34.19975,0.0
2022-01-22 10:14:29.502764,33.98476,34.81875,0.0
2022-01-22 10:14:30.010025,33.31393,34.3025,0.0
2022-01-22 10:14:30.505541,33.98476,33.58075,0.0
2022-01-22 10:14:31.002839,33.88203,33.6835,0.0
2022-01-22 10:14:31.509889,33.93278,34.40525,0.0
2022-01-22 10:14:32.007841,33.52062,34.045,0.0
2022-01-22 10:14:32.503451,33.83005,33.374,0.0
2022-01-22 10:14:33.001476,34.03675,33.6835,0.0
2022-01-22 10:14:33.507754,33.88203,34.664,0.0
2022-01-22 10:14:34.005058,33.46864,34.3545,0.0
2022-01-22 10:14:34.510427,33.26318,33.89025,0.0
2022-01-22 10:14:35.008890,33.98476,33.78625,0.0
2022-01-22 10:14:35.505030,34.13947,34.3025,0.0
2022-01-22 10:14:36.003662,33.72732,34.3545,0.0
2022-01-22 10:14:36.510988,33.93278,34.3025,0.0
2022-01-22 10:14:37.009469,33.88203,33.78625,0.0
2022-01-22 10:14:37.506691,34.34617,34.3545,0.0
2022-01-22 10:14:38.004243,34.03675,34.045,0.0
2022-01-22 10:14:38.501417,33.67534,33.941,0.0
2022-01-22 10:14:39.009896,33.31393,33.78625,0.0
2022-01-22 10:14:39.506614,33.98476,34.50925,0.0
2022-01-22 10:14:40.003107,33.88203,34.19975,0.0
2022-01-22 10:14:40.507678,33.26318,33.993,0.0
2022-01-22 10:14:41.005478,32.84979,33.83825,0.0
2022-01-22 10:14:41.501327,34.96502,34.09575,0.0
2022-01-22 10:14:42.009956,34.4489,33.993,0.0
2022-01-22 10:14:42.505414,34.08749,34.09575,0.0
2022-01-22 10:14:43.003308,33.67534,34.45725,0.0
2022-01-22 10:14:43.508861,32.79905,33.78625,0.0
2022-01-22 10:14:44.007277,34.34617,33.47675,0.0
2022-01-22 10:14:44.503108,34.03675,34.45725,0.0
2022-01-22 10:14:45.001053,33.83005,34.76675,0.0
2022-01-22 10:14:45.507886,33.31393,33.941,0.0
2022-01-22 10:14:46.005839,34.08749,33.7355,0.0
2022-01-22 10:14:46.501823,33.67534,34.09575,0.0
2022-01-22 10:14:47.010584,33.67534,34.2505,0.0
2022-01-22 10:14:47.505902,33.72732,33.89025,0.0
2022-01-22 10:14:48.003291,34.08749,33.7355,0.0
2022-01-22 10:14:48.508224,34.19146,34.045,0.0
2022-01-22 10:14:49.007911,34.29419,34.3545,0.0
2022-01-22 10:14:49.503516,33.77807,33.993,0.0
2022-01-22 10:14:50.002676,33.62335,33.89025,0.0
2022-01-22 10:14:50.507215,34.4489,34.3545,0.0
2022-01-22 10:14:51.005071,33.62335,34.3025,0.0
2022-01-22 10:14:51.511168,33.26318,34.3025,0.0
2022-01-22 10:14:52.009477,32.74706,33.6835,0.0
2022-01-22 10:14:52.504290,33.93278,33.52875,0.0
2022-01-22 10:14:53.001769,34.70634,34.664,0.0
2022-01-22 10:14:53.506187,33.93278,34.2505,0.0
2022-01-22 10:14:54.003641,33.98476,33.78625,0.0
2022-01-22 10:14:54.508319,32.95376,33.374,0.0
2022-01-22 10:14:55.005762,33.26318,34.3545,0.0
2022-01-22 10:14:55.509899,33.77807,34.81875,0.0
2022-01-22 10:14:56.010120,34.13947,34.2505,0.0
2022-01-22 10:14:56.505944,33.46864,33.52875,0.0
2022-01-22 10:14:57.003201,34.19146,34.3025,0.0
2022-01-22 10:14:57.508384,33.46864,34.045,0.0
2022-01-22 10:14:58.006722,33.88203,34.40525,0.0
2022-01-22 10:14:58.503063,33.36591,33.993,0.0
2022-01-22 10:14:59.010253,33.93278,34.045,0.0
2022-01-22 10:14:59.503613,34.60361,34.3545,0.0
2022-01-22 10:15:00.001148,33.77807,34.19975,0.0
2022-01-22 10:15:00.509758,33.67534,34.09575,0.0
2022-01-22 10:15:01.008606,33.67534,34.3025,0.0
2022-01-22 10:15:01.503523,34.91304,34.40525,0.0
2022-01-22 10:15:02.001998,33.83005,33.89025,0.0
2022-01-22 10:15:02.508185,33.62335,33.941,0.0
2022-01-22 10:15:03.006531,33.15922,34.09575,0.0
2022-01-22 10:15:03.510515,33.98476,33.89025,0.0
2022-01-22 10:15:04.007414,33.67534,33.83825,0.0
2022-01-22 10:15:04.503516,33.83005,34.3025,0.0
2022-01-22 10:15:05.011250,33.62335,34.045,0.0
2022-01-22 10:15:05.507426,33.72732,34.045,0.0
2022-01-22 10:15:06.005687,34.03675,33.83825,0.0
2022-01-22 10:15:06.511239,33.46864,34.3025,0.0
2022-01-22 10:15:07.009408,34.39692,34.76675,0.0
2022-01-22 10:15:07.504620,33.98476,34.14775,0.0
2022-01-22 10:15:08.002898,34.03675,33.52875,0.0
2022-01-22 10:15:08.510273,33.67534,34.3025,0.0
2022-01-22 10:15:09.008116,33.57261,34.3025,0.0
2022-01-22 10:15:09.504466,33.4179,33.7355,0.0
2022-01-22 10:15:10.001767,34.60361,33.6835,0.0
2022-01-22 10:15:10.506433,34.2422,34.664,0.0
2022-01-22 10:15:11.001260,33.77807,34.40525,0.0
2022-01-22 10:15:11.506752,33.67534,33.941,0.0
2022-01-22 10:15:12.005050,32.95376,33.374,0.0
2022-01-22 10:15:12.509989,33.46864,34.664,0.0
2022-01-22 10:15:13.007176,34.29419,34.664,0.0
2022-01-22 10:15:13.504422,33.77807,34.045,0.0
2022-01-22 10:15:14.002189,33.4179,33.21925,0.0
2022-01-22 10:15:14.507735,33.52062,33.374,0.0
2022-01-22 10:15:15.006452,33.93278,35.179,0.0
2022-01-22 10:15:15.502314,34.29419,34.9735,0.0
2022-01-22 10:15:16.008901,33.67534,33.83825,0.0
2022-01-22 10:15:16.503068,33.0045,33.426,0.0
2022-01-22 10:15:17.001688,34.34617,34.76675,0.0
2022-01-22 10:15:17.508013,34.19146,34.56,0.0
2022-01-22 10:15:18.007012,33.98476,33.993,0.0
2022-01-22 10:15:18.502631,33.36591,33.374,0.0
2022-01-22 10:15:19.010540,34.60361,34.45725,0.0
2022-01-22 10:15:19.506159,34.2422,34.09575,0.0
2022-01-22 10:15:20.004642,33.77807,33.52875,0.0
2022-01-22 10:15:20.510190,33.72732,33.941,0.0
2022-01-22 10:15:21.007980,33.93278,34.664,0.0
2022-01-22 10:15:21.505044,33.67534,33.6315,0.0
2022-01-22 10:15:22.002974,34.03675,33.83825,0.0
2022-01-22 10:15:22.509695,33.62335,34.045,0.0
2022-01-22 10:15:23.007453,33.0045,34.14775,0.0
2022-01-22 10:15:23.502738,34.19146,33.993,0.0
2022-01-22 10:15:24.003128,33.83005,34.3025,0.0
2022-01-22 10:15:24.508450,34.13947,34.2505,0.0
2022-01-22 10:15:25.006692,33.62335,33.6835,0.0
2022-01-22 10:15:25.501791,34.2422,33.993,0.0
2022-01-22 10:15:26.010255,33.4179,34.45725,0.0
2022-01-22 10:15:26.505955,33.67534,34.14775,0.0
2022-01-22 10:15:27.004570,33.77807,33.78625,0.0
2022-01-22 10:15:27.509084,34.34617,33.941,0.0
2022-01-22 10:15:28.007561,34.19146,33.941,0.0
2022-01-22 10:15:28.502146,33.83005,34.40525,0.0
2022-01-22 10:15:29.004112,33.52062,34.045,0.0
2022-01-22 10:15:29.509965,33.26318,33.7355,0.0
2022-01-22 10:15:30.007891,34.70634,34.45725,0.0
2022-01-22 10:15:30.504456,33.72732,34.3545,0.0
2022-01-22 10:15:31.003270,33.62335,33.993,0.0
2022-01-22 10:15:31.508070,33.2112,33.58075,0.0
2022-01-22 10:15:32.007349,34.2422,34.3545,0.0
2022-01-22 10:15:32.504041,34.4489,34.2505,0.0
2022-01-22 10:15:33.010767,33.83005,33.941,0.0
2022-01-22 10:15:33.505087,33.4179,33.52875,0.0
2022-01-22 10:15:34.002820,33.4179,34.40525,0.0
2022-01-22 10:15:34.508429,34.13947,34.14775,0.0
2022-01-22 10:15:35.006729,33.72732,34.3025,0.0
2022-01-22 10:15:35.503668,33.46864,34.2505,0.0
2022-01-22 10:15:36.001973,33.36591,34.09575,0.0
2022-01-22 10:15:36.507159,34.08749,34.14775,0.0
2022-01-22 10:15:37.004909,34.08749,34.14775,0.0
2022-01-22 10:15:37.510862,34.08749,33.6835,0.0
2022-01-22 10:15:38.009622,33.88203,33.993,0.0
2022-01-22 10:15:38.505619,33.57261,34.09575,0.0
2022-01-22 10:15:39.003709,33.72732,33.83825,0.0
2022-01-22 10:15:39.509455,34.08749,34.2505,0.0
2022-01-22 10:15:40.008343,34.08749,34.3545,0.0
2022-01-22 10:15:40.504040,33.52062,33.941,0.0
2022-01-22 10:15:41.003280,34.2422,34.45725,0.0
2022-01-22 10:15:41.509842,33.93278,34.45725,0.0
2022-01-22 10:15:42.007746,33.57261,33.83825,0.0
2022-01-22 10:15:42.506940,33.36591,33.89025,0.0
2022-01-22 10:15:43.005561,33.67534,33.941,0.0
2022-01-22 10:15:43.501265,33.72732,34.09575,0.0
2022-01-22 10:15:44.008933,33.83005,34.2505,0.0
2022-01-22 10:15:44.506562,33.98476,33.7355,0.0
2022-01-22 10:15:45.005623,33.67534,34.045,0.0
2022-01-22 10:15:45.502791,33.77807,34.40525,0.0
2022-01-22 10:15:46.011254,33.36591,34.3025,0.0
2022-01-22 10:15:46.507614,33.57261,34.2505,0.0
2022-01-22 10:15:47.006064,33.88203,33.941,0.0
2022-01-22 10:15:47.501985,33.88203,33.993,0.0
2022-01-22 10:15:48.010281,33.93278,34.45725,0.0
2022-01-22 10:15:48.506870,33.57261,33.89025,0.0
2022-01-22 10:15:49.005099,33.67534,33.322,0.0
2022-01-22 10:15:49.510458,34.50088,34.2505,0.0
2022-01-22 10:15:50.009325,34.03675,34.40525,0.0
2022-01-22 10:15:50.504292,33.4179,34.09575,0.0
2022-01-22 10:15:51.003719,34.08749,33.941,0.0
2022-01-22 10:15:51.507906,33.67534,34.40525,0.0
2022-01-22 10:15:52.006081,33.67534,34.612,0.0
2022-01-22 10:15:52.501334,33.93278,34.14775,0.0
2022-01-22 10:15:53.010189,33.57261,33.6835,0.0
2022-01-22 10:15:53.508013,33.46864,33.78625,0.0
2022-01-22 10:15:54.007368,33.93278,34.40525,0.0
2022-01-22 10:15:54.502455,34.29419,33.993,0.0
2022-01-22 10:15:55.010282,34.08749,33.6315,0.0
2022-01-22 10:15:55.505992,33.57261,33.89025,0.0
2022-01-22 10:15:56.004116,33.46864,34.71475,0.0
2022-01-22 10:15:56.510741,34.03675,34.3025,0.0
2022-01-22 10:15:57.009366,33.98476,34.19975,0.0
2022-01-22 10:15:57.507098,33.62335,33.89025,0.0
2022-01-22 10:15:58.005571,33.46864,34.40525,0.0
2022-01-22 10:15:58.501420,33.93278,33.78625,0.0
2022-01-22 10:15:59.009791,34.03675,34.14775,0.0
2022-01-22 10:15:59.506743,33.67534,33.7355,0.0
2022-01-22 10:16:00.005269,33.62335,33.993,0.0
2022-01-22 10:16:00.509104,34.29419,33.89025,0.0
2022-01-22 10:16:01.008418,34.08749,34.045,0.0
2022-01-22 10:16:01.506005,33.72732,34.3545,0.0
2022-01-22 10:16:02.004347,33.52062,34.50925,0.0
2022-01-22 10:16:02.509483,33.46864,33.993,0.0
2022-01-22 10:16:03.009021,34.29419,33.993,0.0
2022-01-22 10:16:03.504024,34.08749,34.3545,0.0
2022-01-22 10:16:04.002276,34.19146,34.09575,0.0
2022-01-22 10:16:04.508145,33.93278,33.58075,0.0
2022-01-22 10:16:05.006711,34.03675,33.941,0.0
2022-01-22 10:16:05.501872,34.08749,34.3545,0.0
2022-01-22 10:16:06.009917,33.62335,33.83825,0.0
2022-01-22 10:16:06.505856,33.05649,33.7355,0.0
2022-01-22 10:16:07.004712,34.03675,34.56,0.0
2022-01-22 10:16:07.509691,33.88203,34.56,0.0
2022-01-22 10:16:08.007065,33.88203,34.14775,0.0
2022-01-22 10:16:08.502692,34.13947,33.89025,0.0
2022-01-22 10:16:09.010847,33.98476,33.83825,0.0
2022-01-22 10:16:09.507271,34.13947,34.50925,0.0
2022-01-22 10:16:10.006136,33.31393,34.09575,0.0
2022-01-22 10:16:10.502033,33.93278,33.374,0.0
2022-01-22 10:16:11.006633,33.77807,33.6315,0.0
2022-01-22 10:16:11.501863,34.6556,34.8695,0.0
2022-01-22 10:16:12.010888,33.98476,34.56,0.0
2022-01-22 10:16:12.505055,33.88203,34.09575,0.0
2022-01-22 10:16:13.002555,33.36591,33.7355,0.0
2022-01-22 10:16:13.508197,33.52062,34.8695,0.0
2022-01-22 10:16:14.007071,33.67534,34.3545,0.0
2022-01-22 10:16:14.502924,33.77807,33.83825,0.0
2022-01-22 10:16:15.001878,33.88203,33.374,0.0
2022-01-22 10:16:15.507683,33.77807,34.664,0.0
2022-01-22 10:16:16.005817,34.34617,34.045,0.0
2022-01-22 10:16:16.502298,33.77807,34.14775,0.0
2022-01-22 10:16:17.010666,33.72732,33.374,0.0
2022-01-22 10:16:17.506690,33.52062,34.19975,0.0
2022-01-22 10:16:18.006304,33.77807,34.50925,0.0
2022-01-22 10:16:18.501131,33.93278,34.045,0.0
2022-01-22 10:16:19.008932,34.13947,33.78625,0.0
2022-01-22 10:16:19.506402,33.62335,34.3025,0.0
2022-01-22 10:16:20.003618,32.90177,33.78625,0.0
2022-01-22 10:16:20.509737,34.34617,34.045,0.0
2022-01-22 10:16:21.008339,34.03675,34.40525,0.0
2022-01-22 10:16:21.505382,33.72732,33.83825,0.0
2022-01-22 10:16:22.004212,33.2112,33.89025,0.0
2022-01-22 10:16:22.508821,34.50088,34.045,0.0
2022-01-22 10:16:23.006457,34.08749,34.14775,0.0
2022-01-22 10:16:23.502029,33.93278,34.09575,0.0
2022-01-22 10:16:24.003808,33.57261,34.045,0.0
2022-01-22 10:16:24.501284,33.67534,34.3025,0.0
2022-01-22 10:16:25.010376,33.88203,34.3545,0.0
2022-01-22 10:16:25.505139,33.67534,33.6835,0.0
2022-01-22 10:16:26.003451,33.88203,33.6315,0.0
2022-01-22 10:16:26.508666,33.67534,34.50925,0.0
2022-01-22 10:16:27.007172,33.93278,34.40525,0.0
2022-01-22 10:16:27.502672,33.62335,33.78625,0.0
2022-01-22 10:16:28.010616,33.31393,33.426,0.0
2022-01-22 10:16:28.507525,33.26318,34.09575,0.0
2022-01-22 10:16:29.007752,34.4489,34.50925,0.0
2022-01-22 10:16:29.503251,33.98476,34.2505,0.0
2022-01-22 10:16:30.001416,33.67534,33.83825,0.0
2022-01-22 10:16:30.506743,33.31393,34.14775,0.0
2022-01-22 10:16:31.005054,33.72732,34.40525,0.0
2022-01-22 10:16:31.501186,33.72732,34.3545,0.0
2022-01-22 10:16:32.010088,33.67534,33.993,0.0
2022-01-22 10:16:32.505844,34.29419,33.993,0.0
2022-01-22 10:16:33.005317,33.46864,34.2505,0.0
2022-01-22 10:16:33.501232,34.13947,33.941,0.0
2022-01-22 10:16:34.010407,33.77807,33.78625,0.0
2022-01-22 10:16:34.505780,33.98476,34.09575,0.0
2022-01-22 10:16:35.003915,33.62335,34.56,0.0
2022-01-22 10:16:35.510028,33.98476,33.941,0.0
2022-01-22 10:16:36.007300,34.08749,34.045,0.0
2022-01-22 10:16:36.501924,33.88203,34.045,0.0
2022-01-22 10:16:37.010777,33.36591,34.14775,0.0
2022-01-22 10:16:37.509892,33.0045,34.3545,0.0
2022-01-22 10:16:38.009155,34.6556,34.09575,0.0
2022-01-22 10:16:38.505127,33.88203,33.78625,0.0
2022-01-22 10:16:39.004417,33.93278,33.89025,0.0
2022-01-22 10:16:39.510818,33.10847,33.83825,0.0
2022-01-22 10:16:40.007916,33.72732,34.19975,0.0
2022-01-22 10:16:40.503163,34.39692,34.2505,0.0
2022-01-22 10:16:41.001445,33.88203,34.14775,0.0
2022-01-22 10:16:41.506908,33.46864,34.14775,0.0
2022-01-22 10:16:42.004940,33.52062,33.993,0.0
2022-01-22 10:16:42.502163,34.13947,34.56,0.0
2022-01-22 10:16:43.010998,33.88203,34.045,0.0
2022-01-22 10:16:43.506228,33.98476,33.78625,0.0
2022-01-22 10:16:44.004473,33.36591,33.7355,0.0
2022-01-22 10:16:44.508895,33.93278,34.14775,0.0
2022-01-22 10:16:45.007223,33.2112,34.045,0.0
2022-01-22 10:16:45.501784,33.4179,33.83825,0.0
2022-01-22 10:16:46.010082,33.88203,33.993,0.0
2022-01-22 10:16:46.505815,34.34617,34.45725,0.0
2022-01-22 10:16:47.004418,33.93278,34.3545,0.0
2022-01-22 10:16:47.510601,33.26318,33.89025,0.0
2022-01-22 10:16:48.010283,33.2112,33.7355,0.0
2022-01-22 10:16:48.505041,33.4179,34.612,0.0
2022-01-22 10:16:49.003815,34.2422,34.664,0.0
2022-01-22 10:16:49.510547,34.2422,33.78625,0.0
2022-01-22 10:16:50.008513,33.62335,33.21925,0.0
2022-01-22 10:16:50.504229,33.52062,34.3025,0.0
2022-01-22 10:16:51.002184,33.72732,35.231,0.0
2022-01-22 10:16:51.510333,34.2422,34.2505,0.0
