時間,回転１,回転２,回転３
2022-01-22 12:00:00.007097,83.39003,83.71975,237.54864
2022-01-22 12:00:00.501867,84.05963,84.33875,223.56854
2022-01-22 12:00:01.009623,84.31831,84.33875,223.56854
2022-01-22 12:00:01.504724,84.26632,84.64825,174.67635
2022-01-22 12:00:02.004051,83.90492,84.132,174.67635
2022-01-22 12:00:02.510760,83.69946,84.02925,106.06989
2022-01-22 12:00:03.009777,84.31831,84.59625,106.06989
2022-01-22 12:00:03.503962,83.54475,83.71975,91.54031
2022-01-22 12:00:04.002985,84.52377,84.95775,91.54031
2022-01-22 12:00:04.506435,83.39003,83.71975,91.22551
2022-01-22 12:00:05.003294,84.52377,84.64825,91.22551
2022-01-22 12:00:05.507875,84.31831,84.4935,87.37729
2022-01-22 12:00:06.005809,83.7502,84.28675,87.37729
2022-01-22 12:00:06.505949,84.21434,84.4935,86.47437
2022-01-22 12:00:07.007543,83.59549,84.02925,86.47437
2022-01-22 12:00:07.504970,84.62773,84.90575,86.5526
2022-01-22 12:00:08.002875,83.44078,83.71975,86.5526
2022-01-22 12:00:08.507965,84.57575,85.16325,86.98426
2022-01-22 12:00:09.005375,84.1636,84.132,86.98426
2022-01-22 12:00:10.004869,84.00888,84.28675,86.59218
2022-01-22 12:00:10.508888,83.69946,84.28675,86.82781
2022-01-22 12:00:11.007451,84.52377,84.803,86.82781
2022-01-22 12:00:11.503602,83.64747,84.132,86.71
2022-01-22 12:00:12.003151,84.67848,85.0605,86.71
2022-01-22 12:00:12.509939,84.21434,84.23475,86.35656
2022-01-22 12:00:13.008340,84.36905,84.751,86.35656
2022-01-22 12:00:13.504582,84.67848,84.95775,85.4527
2022-01-22 12:00:14.001990,83.90492,84.08,85.4527
2022-01-22 12:00:14.507688,83.7502,84.132,85.68833
2022-01-22 12:00:15.004593,83.90492,84.54425,85.68833
2022-01-22 12:00:15.501651,84.47302,84.95775,86.08135
2022-01-22 12:00:16.010690,83.9569,84.08,86.08135
2022-01-22 12:00:16.505661,84.05963,84.3895,85.92395
2022-01-22 12:00:17.005105,84.52377,84.699,85.92395
2022-01-22 12:00:17.501479,84.57575,84.95775,85.37447
2022-01-22 12:00:18.010739,84.00888,84.33875,85.37447
2022-01-22 12:00:18.506104,84.00888,84.4415,86.98426
2022-01-22 12:00:19.004339,84.05963,84.4415,86.98426
2022-01-22 12:00:19.511092,84.36905,84.751,85.41406
2022-01-22 12:00:20.010381,84.00888,84.28675,85.41406
2022-01-22 12:00:20.507948,84.26632,84.184,85.6101
2022-01-22 12:00:21.006406,84.1636,84.803,85.6101
2022-01-22 12:00:21.501383,84.05963,84.4415,86.08135
2022-01-22 12:00:22.009874,84.21434,84.699,86.08135
2022-01-22 12:00:22.504832,83.69946,84.132,86.15958
2022-01-22 12:00:23.003831,84.26632,84.64825,86.15958
2022-01-22 12:00:23.509623,84.05963,84.4415,84.94281
2022-01-22 12:00:24.006269,84.57575,84.699,84.94281
2022-01-22 12:00:24.503581,84.47302,84.95775,85.57051
2022-01-22 12:00:25.001560,83.90492,84.23475,85.57051
2022-01-22 12:00:25.507501,84.11161,84.54425,85.72791
2022-01-22 12:00:26.005057,84.31831,84.85375,85.72791
2022-01-22 12:00:26.509985,83.59549,84.33875,86.27739
2022-01-22 12:00:27.007808,84.67848,85.1125,86.27739
2022-01-22 12:00:27.503957,83.69946,83.66775,86.78822
2022-01-22 12:00:28.002992,84.47302,84.803,86.78822
2022-01-22 12:00:28.509218,84.31831,84.803,86.00312
2022-01-22 12:00:29.007634,83.59549,83.92525,86.00312
2022-01-22 12:00:29.501649,84.67848,84.85375,85.4527
2022-01-22 12:00:30.009192,83.23532,83.8225,85.4527
2022-01-22 12:00:30.504695,84.47302,85.0085,86.08135
2022-01-22 12:00:31.003053,84.05963,84.28675,86.08135
2022-01-22 12:00:31.509425,84.31831,84.59625,85.7675
2022-01-22 12:00:32.007420,84.26632,84.59625,85.7675
2022-01-22 12:00:32.502339,84.11161,84.33875,85.4527
2022-01-22 12:00:33.009962,84.26632,84.59625,85.4527
2022-01-22 12:00:33.506257,83.9569,84.3895,86.23875
2022-01-22 12:00:34.004383,84.42104,84.803,86.23875
2022-01-22 12:00:34.510046,83.85417,83.97725,85.7675
2022-01-22 12:00:35.007909,84.21434,84.64825,85.7675
2022-01-22 12:00:35.503341,83.9569,84.3895,85.29625
2022-01-22 12:00:36.001099,83.9569,84.28675,85.29625
2022-01-22 12:00:36.506310,84.36905,84.64825,85.68833
2022-01-22 12:00:37.003410,83.59549,83.97725,85.68833
2022-01-22 12:00:37.510472,84.52377,85.0605,85.33489
2022-01-22 12:00:38.008186,84.52377,84.699,85.33489
2022-01-22 12:00:38.503305,84.42104,84.59625,86.23875
2022-01-22 12:00:39.002413,83.80219,83.97725,86.23875
2022-01-22 12:00:39.508666,84.26632,84.751,85.68833
2022-01-22 12:00:40.006044,84.00888,84.4415,85.68833
2022-01-22 12:00:40.502132,84.26632,84.59625,85.68833
2022-01-22 12:00:41.010162,83.69946,84.184,85.68833
2022-01-22 12:00:41.504735,84.31831,84.85375,85.7675
2022-01-22 12:00:42.003892,84.1636,84.3895,85.7675
2022-01-22 12:00:42.501154,84.52377,84.751,86.00312
2022-01-22 12:00:43.009688,83.80219,84.08,86.00312
2022-01-22 12:00:43.504312,84.11161,84.33875,86.00312
2022-01-22 12:00:44.003675,84.00888,84.54425,86.00312
2022-01-22 12:00:44.509866,84.26632,84.699,85.72791
2022-01-22 12:00:45.007926,84.05963,84.699,85.72791
2022-01-22 12:00:45.505103,83.90492,84.23475,85.80614
2022-01-22 12:00:46.003211,84.57575,84.59625,85.80614
2022-01-22 12:00:46.509614,84.42104,84.85375,86.27739
2022-01-22 12:00:47.008125,83.69946,83.97725,86.27739
2022-01-22 12:00:47.503391,84.31831,84.751,85.96354
2022-01-22 12:00:48.002716,83.80219,84.23475,85.96354
2022-01-22 12:00:48.508833,84.05963,84.64825,85.4527
2022-01-22 12:00:49.007772,84.57575,84.85375,85.4527
2022-01-22 12:00:49.502698,84.00888,84.08,85.64968
2022-01-22 12:00:50.011076,84.05963,84.33875,85.64968
2022-01-22 12:00:50.505887,84.83319,85.16325,85.80614
2022-01-22 12:00:51.003866,83.59549,83.92525,85.80614
2022-01-22 12:00:51.501792,84.67848,85.1125,85.72791
2022-01-22 12:00:52.010285,83.18334,83.66775,85.72791
2022-01-22 12:00:52.506455,84.57575,85.0605,86.19916
2022-01-22 12:00:53.004433,84.1636,84.33875,86.19916
2022-01-22 12:00:53.508878,84.00888,84.28675,86.12093
2022-01-22 12:00:54.007492,84.78245,84.85375,86.12093
2022-01-22 12:00:54.502131,83.80219,84.132,85.88531
2022-01-22 12:00:55.010538,84.47302,85.1125,85.88531
2022-01-22 12:00:55.504118,83.33805,83.8225,85.92395
2022-01-22 12:00:56.003678,84.31831,84.64825,85.92395
2022-01-22 12:00:56.510128,83.9569,84.4415,86.12093
2022-01-22 12:00:57.008430,84.26632,84.64825,86.12093
2022-01-22 12:00:57.502457,84.36905,84.64825,85.53187
2022-01-22 12:00:58.010825,84.05963,84.4935,85.53187
2022-01-22 12:00:58.505729,84.57575,85.0085,85.53187
2022-01-22 12:00:59.003668,83.64747,84.184,85.53187
2022-01-22 12:00:59.509796,84.11161,84.54425,85.64968
2022-01-22 12:01:00.006229,83.80219,84.184,85.64968
2022-01-22 12:01:00.510842,84.42104,84.699,85.64968
2022-01-22 12:01:01.009153,84.36905,84.3895,85.64968
2022-01-22 12:01:01.503518,83.90492,84.33875,86.43479
2022-01-22 12:01:02.001627,84.31831,84.59625,86.43479
2022-01-22 12:01:02.507030,84.11161,84.4415,86.15958
2022-01-22 12:01:03.005528,84.57575,84.85375,86.15958
2022-01-22 12:01:03.511025,83.28607,83.8225,85.7675
2022-01-22 12:01:04.007861,84.42104,84.699,85.7675
2022-01-22 12:01:04.504924,84.31831,84.54425,85.37447
2022-01-22 12:01:05.002212,84.47302,84.59625,85.37447
2022-01-22 12:01:05.506782,83.69946,84.23475,85.88531
2022-01-22 12:01:06.005484,84.1636,84.54425,85.88531
2022-01-22 12:01:06.510788,84.1636,84.4415,85.4527
2022-01-22 12:01:07.010258,83.90492,84.54425,85.4527
2022-01-22 12:01:07.505810,83.9569,84.33875,85.09926
2022-01-22 12:01:08.004019,84.1636,84.33875,85.09926
2022-01-22 12:01:08.510422,83.80219,84.28675,85.4527
2022-01-22 12:01:09.010113,84.36905,84.699,85.4527
2022-01-22 12:01:09.505929,83.9569,84.3895,85.96354
2022-01-22 12:01:10.003670,84.11161,84.64825,85.96354
2022-01-22 12:01:10.509845,83.90492,84.33875,85.96354
2022-01-22 12:01:11.003940,84.36905,84.751,85.96354
2022-01-22 12:01:11.510877,83.85417,84.08,85.6101
2022-01-22 12:01:12.008937,84.36905,84.4415,85.6101
2022-01-22 12:01:12.502764,84.21434,84.59625,85.57051
2022-01-22 12:01:13.001348,83.69946,84.08,85.57051
2022-01-22 12:01:13.509123,84.62773,85.1125,85.68833
2022-01-22 12:01:14.009338,83.7502,83.97725,85.68833
2022-01-22 12:01:14.503902,84.31831,84.699,86.43479
2022-01-22 12:01:15.002264,84.1636,84.64825,86.43479
2022-01-22 12:01:15.506939,84.26632,84.33875,85.88531
2022-01-22 12:01:16.006740,84.11161,84.33875,85.88531
2022-01-22 12:01:17.004766,84.73046,85.318,85.41406
2022-01-22 12:01:17.509124,83.7502,84.08,85.80614
2022-01-22 12:01:18.006845,84.1636,84.59625,85.80614
2022-01-22 12:01:18.506256,84.00888,84.28675,85.92395
2022-01-22 12:01:19.005311,84.21434,84.4415,85.92395
2022-01-22 12:01:19.510963,84.62773,84.85375,85.84572
2022-01-22 12:01:20.007789,83.7502,83.97725,85.84572
2022-01-22 12:01:20.504775,84.42104,84.90575,86.59218
2022-01-22 12:01:21.002751,83.9569,84.3895,86.59218
2022-01-22 12:01:21.508280,84.42104,84.90575,85.72791
2022-01-22 12:01:22.006080,83.59549,83.97725,85.72791
2022-01-22 12:01:22.501058,84.36905,84.54425,86.31697
2022-01-22 12:01:23.007849,84.26632,84.28675,86.31697
2022-01-22 12:01:23.504054,84.1636,84.4935,85.88531
2022-01-22 12:01:24.002257,84.00888,84.3895,85.88531
2022-01-22 12:01:24.506412,84.05963,84.4935,85.64968
2022-01-22 12:01:25.004226,84.26632,84.64825,85.64968
2022-01-22 12:01:25.508961,83.90492,84.54425,85.17843
2022-01-22 12:01:26.006210,84.26632,84.64825,85.17843
2022-01-22 12:01:26.501643,84.1636,84.23475,85.64968
2022-01-22 12:01:27.008217,84.26632,84.33875,85.64968
2022-01-22 12:01:27.506716,84.31831,84.64825,85.92395
2022-01-22 12:01:28.004399,84.00888,84.54425,85.92395
2022-01-22 12:01:28.510206,84.26632,84.4935,85.4527
2022-01-22 12:01:29.007215,83.80219,84.23475,85.4527
2022-01-22 12:01:29.504138,84.42104,84.699,85.68833
2022-01-22 12:01:30.002308,84.05963,84.4415,85.68833
2022-01-22 12:01:30.510754,84.47302,84.803,85.37447
2022-01-22 12:01:31.008650,84.05963,84.28675,85.37447
2022-01-22 12:01:31.503263,84.21434,84.64825,86.04176
2022-01-22 12:01:32.002469,84.42104,84.699,86.04176
2022-01-22 12:01:32.506908,83.69946,84.132,85.53187
2022-01-22 12:01:33.006781,84.31831,84.699,85.53187
2022-01-22 12:01:33.502754,83.69946,84.184,85.6101
2022-01-22 12:01:34.001110,84.47302,84.64825,85.6101
2022-01-22 12:01:34.506689,84.05963,84.33875,85.96354
2022-01-22 12:01:35.004972,83.85417,84.28675,85.96354
2022-01-22 12:01:35.509555,84.52377,85.1125,85.6101
2022-01-22 12:01:36.009197,83.85417,84.132,85.6101
2022-01-22 12:01:36.505484,84.11161,84.4415,85.68833
2022-01-22 12:01:37.003445,84.42104,84.85375,85.68833
2022-01-22 12:01:37.501370,83.7502,84.02925,85.49229
2022-01-22 12:01:38.009830,84.42104,84.803,85.49229
2022-01-22 12:01:38.511199,83.54475,83.8745,85.7675
2022-01-22 12:01:39.010974,84.52377,84.85375,85.7675
2022-01-22 12:01:39.506651,83.7502,84.28675,84.86364
2022-01-22 12:01:40.003354,84.52377,84.803,84.86364
2022-01-22 12:01:40.510142,83.49276,84.132,85.64968
2022-01-22 12:01:41.001308,84.26632,84.4935,85.64968
2022-01-22 12:01:41.508167,84.52377,84.803,85.4527
2022-01-22 12:01:42.007129,84.1636,84.4935,85.4527
2022-01-22 12:01:42.502877,84.00888,84.28675,86.35656
2022-01-22 12:01:43.002680,83.90492,84.132,86.35656
2022-01-22 12:01:43.508271,84.62773,85.0605,85.68833
2022-01-22 12:01:44.008201,83.7502,84.4935,85.68833
2022-01-22 12:01:44.503276,84.21434,84.28675,85.09926
2022-01-22 12:01:45.005347,84.05963,84.33875,85.09926
2022-01-22 12:01:45.507934,84.1636,84.33875,86.15958
2022-01-22 12:01:46.002748,84.47302,85.0085,86.15958
2022-01-22 12:01:46.508091,83.80219,84.33875,85.80614
2022-01-22 12:01:47.005855,84.21434,84.4415,85.80614
2022-01-22 12:01:47.501337,83.64747,84.184,85.4527
2022-01-22 12:01:48.010199,84.62773,85.16325,85.4527
2022-01-22 12:01:48.505277,84.00888,84.33875,86.51301
2022-01-22 12:01:49.003922,84.52377,84.751,86.51301
2022-01-22 12:01:49.501302,83.90492,84.02925,85.72791
2022-01-22 12:01:50.010828,84.11161,84.54425,85.72791
2022-01-22 12:01:50.505751,84.36905,84.85375,85.53187
2022-01-22 12:01:51.004027,83.69946,84.23475,85.53187
2022-01-22 12:01:51.510602,84.00888,84.02925,86.31697
2022-01-22 12:01:52.010386,84.36905,84.64825,86.31697
2022-01-22 12:01:52.505027,84.36905,84.85375,85.37447
2022-01-22 12:01:53.009967,83.64747,83.92525,85.37447
2022-01-22 12:01:53.506764,84.1636,84.54425,85.88531
2022-01-22 12:01:54.008330,84.00888,84.23475,85.88531
2022-01-22 12:01:54.506091,84.11161,84.699,85.68833
2022-01-22 12:01:55.004724,84.05963,84.28675,85.68833
2022-01-22 12:01:55.510732,83.44078,84.23475,85.80614
2022-01-22 12:01:56.008798,84.62773,84.54425,85.80614
2022-01-22 12:01:56.503600,84.26632,84.54425,85.64968
2022-01-22 12:01:57.008133,84.00888,84.33875,85.64968
2022-01-22 12:01:57.503180,84.31831,84.751,85.68833
2022-01-22 12:01:58.010299,83.80219,84.132,85.68833
2022-01-22 12:01:58.507274,84.78245,85.0605,85.41406
2022-01-22 12:01:59.007924,83.54475,84.184,85.41406
2022-01-22 12:01:59.509737,84.00888,84.132,85.6101
2022-01-22 12:02:00.003568,84.62773,85.0605,85.6101
2022-01-22 12:02:00.501940,84.00888,84.132,85.80614
2022-01-22 12:02:01.009451,84.31831,84.59625,85.80614
2022-01-22 12:02:01.507971,84.00888,84.59625,85.88531
2022-01-22 12:02:02.007127,84.11161,84.33875,85.88531
2022-01-22 12:02:02.504946,84.00888,84.4415,85.72791
2022-01-22 12:02:03.004992,83.85417,84.184,85.72791
2022-01-22 12:02:03.509809,84.11161,84.59625,85.96354
2022-01-22 12:02:04.006725,84.31831,84.59625,85.96354
2022-01-22 12:02:04.510663,84.52377,84.803,85.29625
2022-01-22 12:02:05.008810,83.54475,83.92525,85.29625
2022-01-22 12:02:05.501510,84.26632,84.699,86.04176
2022-01-22 12:02:06.006045,84.05963,84.4935,86.04176
2022-01-22 12:02:06.504589,84.05963,84.4415,85.64968
2022-01-22 12:02:07.004643,83.69946,84.28675,85.64968
2022-01-22 12:02:07.501212,84.05963,84.28675,85.21708
2022-01-22 12:02:08.009272,84.52377,84.751,85.21708
2022-01-22 12:02:08.507193,84.11161,84.4935,85.68833
2022-01-22 12:02:09.005718,84.57575,84.85375,85.68833
2022-01-22 12:02:09.506358,83.85417,84.132,86.47437
2022-01-22 12:02:10.004490,84.1636,84.3895,86.47437
2022-01-22 12:02:10.506166,84.36905,84.59625,86.04176
2022-01-22 12:02:11.003227,84.57575,85.0085,86.04176
2022-01-22 12:02:11.507251,84.00888,84.02925,86.27739
2022-01-22 12:02:12.007420,84.21434,84.803,86.27739
2022-01-22 12:02:12.502357,84.26632,84.59625,85.41406
2022-01-22 12:02:13.001746,84.26632,84.699,85.41406
2022-01-22 12:02:13.508173,84.11161,84.4415,85.96354
2022-01-22 12:02:14.006598,83.64747,84.23475,85.96354
2022-01-22 12:02:14.501972,84.21434,84.59625,85.6101
2022-01-22 12:02:15.010917,84.31831,84.59625,85.6101
2022-01-22 12:02:15.508456,84.00888,84.184,85.7675
2022-01-22 12:02:16.008409,84.1636,84.4415,85.7675
2022-01-22 12:02:16.505731,83.90492,84.59625,86.12093
2022-01-22 12:02:17.006031,84.31831,84.59625,86.12093
2022-01-22 12:02:17.500982,83.54475,84.132,86.00312
2022-01-22 12:02:18.009166,84.36905,84.59625,86.00312
2022-01-22 12:02:18.504412,84.11161,84.3895,85.41406
2022-01-22 12:02:19.006301,84.36905,84.699,85.41406
2022-01-22 12:02:19.503521,84.00888,84.28675,86.15958
2022-01-22 12:02:20.002758,83.7502,84.28675,86.15958
2022-01-22 12:02:20.509540,84.26632,84.54425,85.4527
2022-01-22 12:02:21.008850,83.28607,83.7705,85.4527
2022-01-22 12:02:21.502389,84.21434,84.4415,87.84854
2022-01-22 12:02:22.002326,84.11161,84.23475,87.84854
2022-01-22 12:02:22.503595,83.7502,84.02925,241.9077
2022-01-22 12:02:23.505278,83.85417,84.3895,215.55729
2022-01-22 12:02:24.010454,83.44078,83.565,215.55729
2022-01-22 12:02:24.502068,84.42104,84.85375,135.79822
2022-01-22 12:02:25.001612,83.90492,84.08,135.79822
2022-01-22 12:02:25.507982,84.52377,84.54425,92.12937
2022-01-22 12:02:26.006731,83.33805,83.61575,92.12937
2022-01-22 12:02:26.502556,84.1636,84.08,93.22833
2022-01-22 12:02:27.007663,84.1636,84.4935,93.22833
2022-01-22 12:02:27.509078,83.7502,84.08,88.86926
2022-01-22 12:02:28.002488,84.1636,84.59625,88.86926
2022-01-22 12:02:28.505563,83.90492,84.28675,86.27739
2022-01-22 12:02:29.003752,84.21434,84.85375,86.27739
2022-01-22 12:02:29.503435,84.47302,84.59625,85.57051
2022-01-22 12:02:30.004909,84.42104,84.64825,85.57051
2022-01-22 12:02:30.509835,83.64747,84.02925,86.23875
2022-01-22 12:02:31.008408,84.47302,84.699,86.23875
2022-01-22 12:02:31.509977,83.80219,84.59625,86.15958
2022-01-22 12:02:32.004966,84.00888,84.28675,86.15958
2022-01-22 12:02:32.501124,84.26632,84.54425,86.3952
2022-01-22 12:02:33.006809,84.00888,84.184,86.3952
2022-01-22 12:02:33.508447,84.83319,84.90575,86.82781
2022-01-22 12:02:34.010602,83.85417,84.33875,86.82781
2022-01-22 12:02:34.509686,84.36905,84.751,85.53187
2022-01-22 12:02:35.006658,83.9569,84.33875,85.53187
2022-01-22 12:02:35.506267,84.42104,84.751,87.41687
2022-01-22 12:02:36.005779,84.05963,84.33875,87.41687
2022-01-22 12:02:36.503038,84.42104,84.751,85.80614
2022-01-22 12:02:37.003515,84.26632,84.59625,85.80614
2022-01-22 12:02:37.510725,84.00888,84.4935,85.09926
2022-01-22 12:02:38.001943,84.21434,84.33875,85.09926
2022-01-22 12:02:38.510793,84.1636,84.803,85.80614
2022-01-22 12:02:39.002772,84.36905,84.699,85.80614
2022-01-22 12:02:39.509785,84.00888,84.751,85.72791
2022-01-22 12:02:40.008277,83.9569,84.184,85.72791
2022-01-22 12:02:40.509344,84.47302,84.54425,85.41406
2022-01-22 12:02:41.005914,84.1636,84.4935,85.41406
2022-01-22 12:02:41.501701,84.21434,84.54425,85.33489
2022-01-22 12:02:42.009569,84.21434,84.699,85.33489
2022-01-22 12:02:42.506376,84.05963,84.33875,86.08135
2022-01-22 12:02:43.010227,83.44078,84.184,86.08135
2022-01-22 12:02:43.504903,84.62773,84.95775,85.96354
2022-01-22 12:02:44.004990,84.11161,84.132,85.96354
2022-01-22 12:02:44.506303,84.05963,84.4935,86.67041
2022-01-22 12:02:45.007289,84.31831,84.59625,86.67041
2022-01-22 12:02:45.508322,83.90492,84.4935,85.33489
2022-01-22 12:02:46.005709,84.36905,84.803,85.33489
2022-01-22 12:02:46.503642,83.7502,84.3895,86.04176
2022-01-22 12:02:47.009027,84.1636,84.33875,86.04176
2022-01-22 12:02:47.508496,84.47302,84.803,85.84572
2022-01-22 12:02:48.006498,84.1636,84.699,85.84572
2022-01-22 12:02:48.507301,83.7502,84.02925,85.72791
2022-01-22 12:02:49.010877,84.1636,84.699,85.72791
2022-01-22 12:02:49.503698,84.42104,84.64825,85.29625
2022-01-22 12:02:50.010311,84.05963,84.64825,85.29625
2022-01-22 12:02:50.506799,83.85417,84.28675,86.00312
2022-01-22 12:02:51.008867,83.90492,84.08,86.00312
2022-01-22 12:02:51.508530,84.42104,84.64825,85.29625
2022-01-22 12:02:52.005656,84.78245,85.0605,85.29625
2022-01-22 12:02:52.501851,83.69946,84.184,85.68833
2022-01-22 12:02:53.008333,84.57575,84.85375,85.68833
2022-01-22 12:02:53.503895,83.64747,84.184,85.09926
2022-01-22 12:02:54.006647,84.67848,85.0605,85.09926
2022-01-22 12:02:54.503154,83.7502,84.28675,86.04176
2022-01-22 12:02:55.002204,84.05963,84.4935,86.04176
2022-01-22 12:02:55.507428,84.36905,84.64825,85.80614
2022-01-22 12:02:56.010026,84.11161,84.4935,85.80614
2022-01-22 12:02:56.504815,84.00888,84.4415,85.57051
2022-01-22 12:02:57.003748,84.05963,84.59625,85.57051
2022-01-22 12:02:57.501709,84.21434,84.3895,85.4527
2022-01-22 12:02:58.002295,83.90492,84.3895,85.4527
2022-01-22 12:02:58.506735,84.57575,84.803,85.88531
2022-01-22 12:02:59.007544,83.9569,84.28675,85.88531
2022-01-22 12:02:59.505268,84.26632,84.54425,85.25666
2022-01-22 12:03:00.006082,84.31831,84.4935,85.25666
2022-01-22 12:03:00.508522,83.7502,84.28675,85.92395
2022-01-22 12:03:01.002204,84.42104,84.59625,85.92395
2022-01-22 12:03:01.505114,83.90492,84.54425,85.53187
2022-01-22 12:03:02.004187,84.47302,84.803,85.53187
2022-01-22 12:03:02.501108,83.7502,84.08,85.80614
2022-01-22 12:03:03.009671,84.52377,84.751,85.80614
2022-01-22 12:03:03.505960,84.26632,84.28675,86.35656
2022-01-22 12:03:04.005712,84.1636,84.803,86.35656
2022-01-22 12:03:04.501483,84.1636,84.54425,85.96354
2022-01-22 12:03:05.003706,83.64747,84.184,85.96354
2022-01-22 12:03:05.511161,84.78245,85.21525,85.33489
2022-01-22 12:03:06.002490,83.23532,84.02925,85.33489
2022-01-22 12:03:06.509847,84.83319,85.1125,86.5526
2022-01-22 12:03:07.010493,83.85417,83.71975,86.5526
2022-01-22 12:03:07.507359,84.21434,84.64825,85.68833
2022-01-22 12:03:08.005799,84.31831,84.59625,85.68833
2022-01-22 12:03:08.510525,83.69946,84.3895,85.57051
2022-01-22 12:03:09.010644,84.36905,84.59625,85.57051
2022-01-22 12:03:09.506215,83.80219,84.28675,85.37447
2022-01-22 12:03:10.004035,84.31831,84.699,85.37447
2022-01-22 12:03:10.509500,84.26632,84.4415,85.80614
2022-01-22 12:03:11.003875,84.31831,84.59625,85.80614
2022-01-22 12:03:11.501815,83.90492,83.97725,85.84572
2022-01-22 12:03:12.010435,84.00888,84.751,85.84572
2022-01-22 12:03:12.507011,84.1636,84.59625,86.47437
2022-01-22 12:03:13.005206,83.9569,84.59625,86.47437
2022-01-22 12:03:13.501693,84.26632,84.4935,85.57051
2022-01-22 12:03:14.010759,84.21434,84.33875,85.57051
2022-01-22 12:03:14.506318,84.57575,84.90575,85.72791
2022-01-22 12:03:15.004363,84.21434,84.33875,85.72791
2022-01-22 12:03:15.509022,84.05963,84.64825,85.92395
2022-01-22 12:03:16.008543,84.05963,84.28675,85.92395
2022-01-22 12:03:16.503386,84.21434,84.64825,85.84572
2022-01-22 12:03:17.001937,83.85417,84.184,85.84572
2022-01-22 12:03:17.507991,83.90492,84.28675,86.00312
2022-01-22 12:03:18.006116,84.05963,84.4415,86.00312
2022-01-22 12:03:18.506253,84.52377,84.59625,86.00312
2022-01-22 12:03:19.001617,84.1636,84.54425,86.00312
2022-01-22 12:03:19.506375,83.80219,84.184,85.4527
2022-01-22 12:03:20.008211,84.36905,84.90575,85.4527
2022-01-22 12:03:20.505785,84.26632,84.59625,86.35656
2022-01-22 12:03:21.004376,83.49276,84.08,86.35656
2022-01-22 12:03:21.510237,84.36905,84.699,85.88531
2022-01-22 12:03:22.008848,84.00888,83.97725,85.88531
2022-01-22 12:03:22.503797,84.36905,85.1125,85.57051
2022-01-22 12:03:23.001058,84.05963,84.3895,85.57051
2022-01-22 12:03:23.507306,84.00888,84.4935,85.80614
2022-01-22 12:03:24.005645,84.21434,84.54425,85.80614
2022-01-22 12:03:24.511223,84.05963,84.23475,85.96354
2022-01-22 12:03:25.006380,84.57575,84.803,85.96354
2022-01-22 12:03:25.502675,83.80219,83.97725,85.4527
2022-01-22 12:03:26.010299,84.11161,84.59625,85.4527
2022-01-22 12:03:26.505565,84.31831,84.4935,85.96354
2022-01-22 12:03:27.008463,84.21434,84.54425,85.96354
2022-01-22 12:03:27.501780,84.47302,84.699,84.94281
2022-01-22 12:03:28.010684,83.39003,83.92525,84.94281
2022-01-22 12:03:28.506387,84.52377,84.85375,86.19916
2022-01-22 12:03:29.004873,83.80219,83.92525,86.19916
2022-01-22 12:03:29.501175,84.67848,85.0085,85.88531
2022-01-22 12:03:30.009903,84.05963,84.33875,85.88531
2022-01-22 12:03:30.504508,83.80219,84.3895,85.4527
2022-01-22 12:03:31.002920,85.03989,85.1125,85.4527
2022-01-22 12:03:31.509182,83.49276,83.92525,86.3952
2022-01-22 12:03:32.006780,84.21434,84.54425,86.3952
2022-01-22 12:03:32.502501,83.80219,84.23475,85.88531
2022-01-22 12:03:33.010528,84.11161,84.59625,85.88531
2022-01-22 12:03:33.505745,84.31831,84.59625,84.86364
2022-01-22 12:03:34.005184,84.00888,84.59625,84.86364
2022-01-22 12:03:34.502087,83.7502,84.132,86.19916
2022-01-22 12:03:35.010744,84.52377,85.1125,86.19916
2022-01-22 12:03:35.507967,84.00888,84.33875,85.7675
2022-01-22 12:03:36.007502,84.11161,84.4415,85.7675
2022-01-22 12:03:36.506727,84.11161,84.54425,85.17843
2022-01-22 12:03:37.004599,84.00888,84.132,85.17843
2022-01-22 12:03:37.510850,84.31831,84.85375,85.53187
2022-01-22 12:03:38.007371,83.85417,84.184,85.53187
2022-01-22 12:03:38.504337,84.42104,84.90575,85.53187
2022-01-22 12:03:39.002723,84.11161,84.4415,85.53187
2022-01-22 12:03:39.508498,83.9569,84.3895,86.08135
2022-01-22 12:03:40.008569,84.26632,84.4415,86.08135
2022-01-22 12:03:40.506755,84.47302,84.33875,86.04176
2022-01-22 12:03:41.004487,84.21434,84.803,86.04176
2022-01-22 12:03:41.509945,83.54475,83.7705,85.41406
2022-01-22 12:03:42.007346,84.26632,84.54425,85.41406
2022-01-22 12:03:42.503693,83.90492,84.33875,85.88531
2022-01-22 12:03:43.003676,84.57575,85.21525,85.88531
2022-01-22 12:03:43.510347,83.90492,84.23475,86.23875
2022-01-22 12:03:44.008726,83.9569,83.92525,86.23875
2022-01-22 12:03:44.505288,84.36905,84.699,85.33489
2022-01-22 12:03:45.003555,84.21434,84.59625,85.33489
2022-01-22 12:03:45.501528,83.90492,84.4935,85.49229
2022-01-22 12:03:46.010343,84.00888,84.3895,85.49229
2022-01-22 12:03:46.503207,83.64747,84.28675,85.7675
2022-01-22 12:03:47.000942,84.36905,84.64825,85.7675
2022-01-22 12:03:47.508067,84.21434,84.59625,85.33489
2022-01-22 12:03:48.006010,84.05963,84.59625,85.33489
2022-01-22 12:03:48.501259,84.11161,84.28675,86.15958
2022-01-22 12:03:49.009233,83.80219,84.28675,86.15958
2022-01-22 12:03:49.505827,84.67848,85.0605,85.84572
2022-01-22 12:03:50.004821,83.69946,84.08,85.84572
2022-01-22 12:03:50.510888,84.05963,84.4415,86.5526
2022-01-22 12:03:51.010101,83.9569,84.132,86.5526
2022-01-22 12:03:51.504814,84.62773,85.0085,85.49229
2022-01-22 12:03:52.004818,84.42104,84.59625,85.49229
2022-01-22 12:03:52.501089,83.44078,83.92525,85.84572
2022-01-22 12:03:53.008906,84.57575,84.751,85.84572
2022-01-22 12:03:53.507429,83.7502,84.184,85.37447
2022-01-22 12:03:54.006741,84.57575,84.90575,85.37447
2022-01-22 12:03:54.502119,83.7502,84.184,85.6101
2022-01-22 12:03:55.010088,84.00888,84.3895,85.6101
2022-01-22 12:03:55.506418,84.93716,85.0605,84.90322
2022-01-22 12:03:56.005013,84.00888,84.33875,84.90322
2022-01-22 12:03:56.510555,84.11161,84.33875,85.4527
2022-01-22 12:03:57.009788,83.9569,84.28675,85.4527
2022-01-22 12:03:57.505518,84.1636,84.4935,85.92395
2022-01-22 12:03:58.004420,83.59549,84.08,85.92395
2022-01-22 12:03:58.510059,84.52377,85.0085,85.53187
2022-01-22 12:03:59.008355,84.11161,84.3895,85.53187
2022-01-22 12:03:59.504812,84.26632,84.59625,86.43479
2022-01-22 12:04:00.001878,84.21434,84.4935,86.43479
2022-01-22 12:04:00.507271,84.21434,84.54425,86.23875
2022-01-22 12:04:01.003743,83.90492,84.28675,86.23875
2022-01-22 12:04:01.510345,83.54475,84.33875,85.41406
2022-01-22 12:04:02.007819,84.21434,84.59625,85.41406
2022-01-22 12:04:02.503247,84.00888,84.132,85.92395
2022-01-22 12:04:03.001825,84.67848,85.26725,85.92395
2022-01-22 12:04:03.507651,84.00888,84.3895,86.08135
2022-01-22 12:04:04.006340,84.00888,84.4415,86.08135
2022-01-22 12:04:04.500932,84.21434,84.4415,86.15958
2022-01-22 12:04:05.000961,84.11161,84.3895,86.15958
2022-01-22 12:04:05.509652,83.9569,84.59625,85.29625
2022-01-22 12:04:06.005869,83.90492,84.23475,85.29625
2022-01-22 12:04:06.502045,84.42104,84.64825,85.49229
2022-01-22 12:04:07.009189,84.21434,84.23475,85.49229
2022-01-22 12:04:07.505270,84.26632,84.803,85.33489
2022-01-22 12:04:08.002792,84.36905,84.699,85.33489
2022-01-22 12:04:08.508162,83.7502,84.02925,86.08135
2022-01-22 12:04:09.009537,84.21434,84.59625,86.08135
2022-01-22 12:04:09.506897,83.90492,84.4935,85.37447
2022-01-22 12:04:10.006984,84.05963,84.3895,85.37447
2022-01-22 12:04:10.505441,84.42104,84.59625,85.6101
2022-01-22 12:04:11.010107,83.64747,83.8745,85.6101
2022-01-22 12:04:11.510052,84.78245,84.95775,85.4527
2022-01-22 12:04:12.006573,83.9569,84.33875,85.4527
2022-01-22 12:04:12.505977,84.26632,84.85375,85.72791
2022-01-22 12:04:13.003869,83.85417,84.3895,85.72791
2022-01-22 12:04:13.510738,83.80219,84.33875,86.47437
2022-01-22 12:04:14.009644,84.88517,85.0085,86.47437
2022-01-22 12:04:14.503948,83.69946,84.132,86.12093
2022-01-22 12:04:15.001801,84.31831,84.85375,86.12093
2022-01-22 12:04:15.508018,83.90492,84.132,85.37447
2022-01-22 12:04:16.005522,84.47302,84.751,85.37447
2022-01-22 12:04:16.510780,83.80219,84.4935,85.57051
2022-01-22 12:04:17.009525,84.1636,84.4415,85.57051
2022-01-22 12:04:17.505766,84.00888,83.97725,86.19916
2022-01-22 12:04:18.003635,84.11161,84.33875,86.19916
2022-01-22 12:04:18.510190,84.67848,85.0605,85.25666
2022-01-22 12:04:19.008128,83.69946,84.08,85.25666
2022-01-22 12:04:19.503566,84.31831,84.751,86.5526
2022-01-22 12:04:20.002538,83.59549,84.184,86.5526
2022-01-22 12:04:20.507345,84.57575,85.0085,85.88531
2022-01-22 12:04:21.005134,84.1636,83.97725,85.88531
2022-01-22 12:04:21.510465,84.21434,84.54425,85.84572
2022-01-22 12:04:22.008586,84.00888,84.3895,85.84572
2022-01-22 12:04:22.504637,83.9569,84.33875,85.41406
2022-01-22 12:04:23.004998,84.42104,84.803,85.41406
2022-01-22 12:04:23.501392,83.64747,84.23475,84.98145
2022-01-22 12:04:24.009457,84.42104,85.0605,84.98145
2022-01-22 12:04:24.506410,83.80219,84.184,85.7675
2022-01-22 12:04:25.003934,84.93716,85.0085,85.7675
2022-01-22 12:04:25.510782,83.90492,84.28675,86.04176
2022-01-22 12:04:26.010815,83.80219,84.28675,86.04176
2022-01-22 12:04:26.506359,84.36905,84.699,85.53187
2022-01-22 12:04:27.005006,83.69946,84.132,85.53187
2022-01-22 12:04:27.503228,84.52377,85.16325,85.53187
2022-01-22 12:04:28.001250,83.44078,83.92525,85.53187
2022-01-22 12:04:28.505535,84.73046,85.16325,86.12093
2022-01-22 12:04:29.005916,84.00888,83.92525,86.12093
2022-01-22 12:04:29.502368,84.67848,84.95775,85.17843
2022-01-22 12:04:30.010769,83.64747,84.132,85.17843
2022-01-22 12:04:30.505879,84.00888,84.23475,86.3952
2022-01-22 12:04:31.002983,84.52377,84.90575,86.3952
2022-01-22 12:04:31.510873,83.54475,83.92525,85.6101
2022-01-22 12:04:32.010814,84.36905,84.54425,85.6101
2022-01-22 12:04:32.504950,84.42104,84.751,85.37447
2022-01-22 12:04:33.003970,83.7502,84.08,85.37447
2022-01-22 12:04:33.501302,84.42104,84.751,85.72791
2022-01-22 12:04:34.009557,83.69946,84.02925,85.72791
2022-01-22 12:04:34.504774,84.36905,84.90575,85.33489
2022-01-22 12:04:35.002726,83.85417,84.4935,85.33489
2022-01-22 12:04:35.509384,84.11161,84.28675,86.5526
2022-01-22 12:04:36.007245,84.52377,84.4935,86.5526
2022-01-22 12:04:36.504889,84.1636,84.54425,86.47437
2022-01-22 12:04:37.003352,84.26632,84.59625,86.47437
2022-01-22 12:04:37.501711,83.9569,84.3895,84.98145
2022-01-22 12:04:38.004497,84.11161,84.64825,84.98145
2022-01-22 12:04:38.509448,84.1636,84.85375,86.15958
2022-01-22 12:04:39.008402,83.85417,84.23475,86.15958
2022-01-22 12:04:39.503681,84.31831,84.699,86.19916
2022-01-22 12:04:40.002070,84.11161,84.23475,86.19916
2022-01-22 12:04:40.508595,84.57575,84.90575,85.49229
2022-01-22 12:04:41.008112,84.05963,84.3895,85.49229
2022-01-22 12:04:41.502202,84.00888,84.4415,85.88531
2022-01-22 12:04:42.009785,83.69946,84.132,85.88531
2022-01-22 12:04:42.504244,84.42104,84.95775,85.49229
2022-01-22 12:04:43.003001,83.59549,83.92525,85.49229
2022-01-22 12:04:43.508776,83.7502,83.8745,85.21708
2022-01-22 12:04:44.007590,84.26632,84.23475,85.21708
2022-01-22 12:04:44.502936,83.85417,84.132,235.27156
2022-01-22 12:04:45.011113,84.67848,85.1125,235.27156
2022-01-22 12:04:45.507438,83.08061,83.2035,219.05208
2022-01-22 12:04:46.005491,84.47302,84.751,219.05208
2022-01-22 12:04:46.501649,83.54475,83.97725,170.63114
2022-01-22 12:04:47.010464,84.47302,84.64825,170.63114
2022-01-22 12:04:47.503859,84.31831,84.33875,101.98604
2022-01-22 12:04:48.001519,83.54475,83.7705,101.98604
2022-01-22 12:04:48.507079,84.73046,85.0085,92.71843
2022-01-22 12:04:49.004514,83.7502,84.08,92.71843
2022-01-22 12:04:49.501807,84.67848,85.0605,89.49791
2022-01-22 12:04:50.010293,83.18334,83.565,89.49791
2022-01-22 12:04:50.505875,84.57575,84.90575,87.41687
2022-01-22 12:04:51.005756,84.26632,84.28675,87.41687
2022-01-22 12:04:51.511168,84.47302,84.751,85.64968
2022-01-22 12:04:52.009126,83.85417,84.184,85.64968
2022-01-22 12:04:52.503804,84.05963,84.3895,86.19916
2022-01-22 12:04:53.002611,84.57575,85.1125,86.19916
2022-01-22 12:04:53.507585,83.69946,84.28675,85.96354
2022-01-22 12:04:54.006218,84.83319,85.1125,85.96354
2022-01-22 12:04:54.504393,83.64747,83.8225,86.98426
2022-01-22 12:04:55.002698,84.42104,84.64825,86.98426
2022-01-22 12:04:55.510770,84.21434,84.64825,86.98426
2022-01-22 12:04:56.007422,84.05963,84.4935,86.98426
2022-01-22 12:04:56.502749,83.9569,84.28675,86.47437
2022-01-22 12:04:57.009830,83.9569,84.4935,86.47437
2022-01-22 12:04:57.505430,84.21434,84.64825,85.53187
2022-01-22 12:04:58.003621,84.21434,84.33875,85.53187
2022-01-22 12:04:58.509005,84.47302,84.803,86.19916
2022-01-22 12:04:59.008866,84.05963,84.3895,86.19916
2022-01-22 12:04:59.504707,83.80219,84.184,85.25666
2022-01-22 12:05:00.002581,84.26632,84.803,85.25666
2022-01-22 12:05:00.509277,84.05963,84.54425,85.88531
2022-01-22 12:05:01.008114,84.00888,84.4415,85.88531
2022-01-22 12:05:01.503363,83.90492,84.4415,85.88531
2022-01-22 12:05:02.003254,83.9569,83.92525,85.88531
2022-01-22 12:05:02.510172,84.78245,84.85375,85.6101
2022-01-22 12:05:03.008574,83.80219,84.28675,85.6101
2022-01-22 12:05:03.504540,84.1636,84.751,86.47437
2022-01-22 12:05:04.001681,83.80219,84.23475,86.47437
2022-01-22 12:05:04.507409,84.26632,84.699,86.08135
2022-01-22 12:05:05.004494,84.11161,84.90575,86.08135
2022-01-22 12:05:05.509197,84.1636,84.28675,85.80614
2022-01-22 12:05:06.007853,84.05963,84.23475,85.80614
2022-01-22 12:05:06.502122,84.31831,84.54425,85.80614
2022-01-22 12:05:07.010705,83.90492,84.28675,85.80614
2022-01-22 12:05:07.507640,84.00888,84.4935,86.27739
2022-01-22 12:05:08.008016,84.11161,84.4415,86.27739
2022-01-22 12:05:08.503093,83.80219,84.3895,85.68833
2022-01-22 12:05:09.010914,84.36905,84.699,85.68833
2022-01-22 12:05:09.506524,84.47302,84.803,85.68833
2022-01-22 12:05:10.005549,83.90492,84.132,85.68833
2022-01-22 12:05:10.502127,84.26632,84.751,85.57051
2022-01-22 12:05:11.006456,83.9569,84.33875,85.57051
2022-01-22 12:05:11.502144,84.42104,84.699,86.59218
2022-01-22 12:05:12.011004,83.49276,84.184,86.59218
2022-01-22 12:05:12.507997,84.31831,84.64825,85.80614
2022-01-22 12:05:13.006748,83.85417,84.08,85.80614
2022-01-22 12:05:14.004764,84.21434,84.699,85.4527
2022-01-22 12:05:14.510659,84.00888,84.4415,86.08135
2022-01-22 12:05:15.008308,84.1636,84.3895,86.08135
2022-01-22 12:05:15.505249,83.7502,84.28675,85.84572
2022-01-22 12:05:16.003481,84.57575,85.0085,85.84572
2022-01-22 12:05:16.510186,83.54475,83.97725,86.23875
2022-01-22 12:05:17.007776,84.21434,84.3895,86.23875
2022-01-22 12:05:17.502911,84.21434,84.59625,85.4527
2022-01-22 12:05:18.002991,84.36905,84.95775,85.4527
2022-01-22 12:05:18.509287,84.21434,84.4935,86.19916
2022-01-22 12:05:19.006775,83.9569,84.33875,86.19916
2022-01-22 12:05:19.502510,84.1636,84.59625,85.72791
2022-01-22 12:05:20.009889,83.80219,84.4415,85.72791
2022-01-22 12:05:20.504949,84.62773,84.751,86.19916
2022-01-22 12:05:21.003272,84.05963,84.33875,86.19916
2022-01-22 12:05:21.508640,84.21434,84.54425,85.68833
2022-01-22 12:05:22.007251,84.11161,84.4935,85.68833
2022-01-22 12:05:22.502354,84.05963,84.3895,86.04176
2022-01-22 12:05:23.009745,84.36905,84.699,86.04176
2022-01-22 12:05:23.505114,83.69946,84.4415,85.80614
2022-01-22 12:05:24.002870,83.9569,84.08,85.80614
2022-01-22 12:05:24.507992,84.62773,84.95775,86.12093
2022-01-22 12:05:25.007194,84.42104,84.64825,86.12093
2022-01-22 12:05:25.504272,84.11161,84.54425,85.49229
2022-01-22 12:05:26.003973,83.9569,84.4415,85.49229
2022-01-22 12:05:26.508972,83.7502,83.92525,85.80614
2022-01-22 12:05:27.007159,84.62773,85.16325,85.80614
2022-01-22 12:05:27.501486,83.54475,83.7705,85.21708
2022-01-22 12:05:28.009198,84.52377,85.0085,85.21708
2022-01-22 12:05:28.503849,83.80219,84.184,85.80614
2022-01-22 12:05:29.002080,84.47302,85.0085,85.80614
2022-01-22 12:05:29.508004,84.57575,84.90575,86.35656
2022-01-22 12:05:30.007628,83.90492,84.28675,86.35656
2022-01-22 12:05:30.502286,83.9569,84.59625,86.3952
2022-01-22 12:05:31.010289,84.21434,84.4935,86.3952
2022-01-22 12:05:31.505794,84.31831,84.59625,85.84572
2022-01-22 12:05:32.005333,84.05963,84.3895,85.84572
2022-01-22 12:05:33.005381,84.00888,84.28675,86.04176
2022-01-22 12:05:33.501460,84.26632,84.699,85.57051
2022-01-22 12:05:34.009081,84.21434,84.85375,85.57051
2022-01-22 12:05:34.503309,84.1636,84.3895,86.23875
2022-01-22 12:05:35.002737,84.11161,84.4935,86.23875
2022-01-22 12:05:35.509313,84.05963,84.08,85.25666
2022-01-22 12:05:36.003184,84.57575,84.85375,85.25666
2022-01-22 12:05:36.509012,83.85417,84.33875,85.21708
2022-01-22 12:05:37.007426,84.00888,84.33875,85.21708
2022-01-22 12:05:37.510811,83.69946,84.132,86.04176
2022-01-22 12:05:38.008506,84.67848,85.0085,86.04176
2022-01-22 12:05:38.503798,83.7502,84.23475,85.96354
2022-01-22 12:05:39.002083,84.36905,84.4935,85.96354
2022-01-22 12:05:39.510954,84.36905,84.4935,86.08135
2022-01-22 12:05:40.009063,83.90492,84.23475,86.08135
2022-01-22 12:05:40.504025,84.67848,85.0085,85.72791
2022-01-22 12:05:41.002783,83.54475,84.02925,85.72791
2022-01-22 12:05:41.509012,84.36905,84.699,85.6101
2022-01-22 12:05:42.005803,83.90492,84.4415,85.6101
2022-01-22 12:05:42.510823,84.21434,84.4415,86.47437
2022-01-22 12:05:43.008854,84.1636,84.4415,86.47437
2022-01-22 12:05:43.503954,84.05963,84.4935,85.7675
2022-01-22 12:05:44.002704,84.11161,84.54425,85.7675
2022-01-22 12:05:44.509038,83.9569,84.4415,85.29625
2022-01-22 12:05:45.008058,84.26632,84.4415,85.29625
2022-01-22 12:05:45.502575,83.59549,84.28675,85.57051
2022-01-22 12:05:46.010252,84.1636,84.33875,85.57051
2022-01-22 12:05:46.507502,84.47302,84.699,86.08135
2022-01-22 12:05:47.005375,84.00888,84.23475,86.08135
2022-01-22 12:05:47.510554,84.47302,84.85375,85.80614
2022-01-22 12:05:48.009228,83.39003,83.97725,85.80614
2022-01-22 12:05:48.505765,84.36905,84.699,86.12093
2022-01-22 12:05:49.003606,84.05963,84.803,86.12093
2022-01-22 12:05:49.510179,84.1636,84.28675,85.6101
2022-01-22 12:05:50.007964,84.31831,84.751,85.6101
2022-01-22 12:05:50.503093,84.05963,84.4935,86.19916
2022-01-22 12:05:51.001348,84.47302,84.59625,86.19916
2022-01-22 12:05:51.508606,84.42104,84.751,85.88531
2022-01-22 12:05:52.007273,83.7502,84.132,85.88531
2022-01-22 12:05:52.505066,84.11161,84.64825,85.64968
2022-01-22 12:05:53.003774,84.1636,84.4935,85.64968
2022-01-22 12:05:53.508626,83.90492,84.4415,85.29625
2022-01-22 12:05:54.007181,84.47302,84.64825,85.29625
2022-01-22 12:05:54.502383,84.26632,84.54425,85.72791
2022-01-22 12:05:55.010931,83.80219,84.184,85.72791
2022-01-22 12:05:55.508221,84.47302,84.64825,85.80614
2022-01-22 12:05:56.006292,83.85417,84.132,85.80614
2022-01-22 12:05:56.503296,84.00888,84.184,85.49229
2022-01-22 12:05:57.003064,83.9569,84.803,85.49229
2022-01-22 12:05:57.509548,83.80219,84.132,85.09926
2022-01-22 12:05:58.007636,84.47302,84.64825,85.09926
2022-01-22 12:05:58.502811,84.05963,84.54425,86.82781
2022-01-22 12:05:59.010724,84.21434,84.54425,86.82781
2022-01-22 12:05:59.506016,83.7502,84.184,86.5526
2022-01-22 12:06:00.003825,84.57575,84.803,86.5526
2022-01-22 12:06:00.506928,83.54475,84.28675,86.27739
2022-01-22 12:06:01.007237,84.31831,84.64825,86.27739
2022-01-22 12:06:01.502747,84.00888,84.184,85.64968
2022-01-22 12:06:02.010629,84.26632,84.4935,85.64968
2022-01-22 12:06:02.507483,84.73046,85.0605,85.29625
2022-01-22 12:06:03.004901,83.33805,83.92525,85.29625
2022-01-22 12:06:03.510385,84.52377,84.751,85.4527
2022-01-22 12:06:04.007434,83.59549,84.33875,85.4527
2022-01-22 12:06:04.502142,84.47302,84.751,85.33489
2022-01-22 12:06:05.010598,84.1636,84.54425,85.33489
2022-01-22 12:06:05.506416,83.85417,83.97725,87.29906
2022-01-22 12:06:06.004846,84.36905,84.4415,87.29906
2022-01-22 12:06:06.509689,84.1636,84.59625,85.4527
2022-01-22 12:06:07.007436,84.47302,84.699,85.4527
2022-01-22 12:06:07.503111,83.49276,84.132,85.92395
2022-01-22 12:06:08.010937,84.47302,84.699,85.92395
2022-01-22 12:06:08.507871,84.00888,84.3895,85.92395
2022-01-22 12:06:09.005303,84.42104,84.64825,85.92395
2022-01-22 12:06:09.505889,84.1636,84.3895,85.41406
2022-01-22 12:06:10.003915,83.80219,84.23475,85.41406
2022-01-22 12:06:10.508825,84.00888,84.23475,86.00312
2022-01-22 12:06:11.008992,84.1636,84.85375,86.00312
2022-01-22 12:06:11.503220,84.42104,84.59625,85.37447
2022-01-22 12:06:12.505040,84.42104,84.59625,86.08135
2022-01-22 12:06:13.003235,83.90492,84.23475,86.08135
2022-01-22 12:06:13.508046,84.52377,85.21525,85.4527
2022-01-22 12:06:14.005474,83.59549,84.08,85.4527
2022-01-22 12:06:14.501484,84.21434,84.64825,85.6101
2022-01-22 12:06:15.008174,83.85417,84.28675,85.6101
2022-01-22 12:06:15.502167,84.11161,84.751,85.53187
2022-01-22 12:06:16.003334,84.67848,84.59625,85.53187
2022-01-22 12:06:16.508884,83.7502,83.71975,86.5526
2022-01-22 12:06:17.006531,84.36905,84.803,86.5526
2022-01-22 12:06:17.501012,84.00888,84.3895,85.4527
2022-01-22 12:06:18.008730,83.85417,84.3895,85.4527
2022-01-22 12:06:18.505185,84.21434,84.59625,86.08135
2022-01-22 12:06:19.003383,83.49276,84.28675,86.08135
2022-01-22 12:06:19.510218,84.62773,84.803,86.08135
2022-01-22 12:06:20.007481,84.31831,84.54425,86.08135
2022-01-22 12:06:20.505061,84.36905,84.4935,85.21708
2022-01-22 12:06:21.003486,83.85417,84.08,85.21708
2022-01-22 12:06:21.501213,84.11161,84.54425,85.49229
2022-01-22 12:06:22.009772,84.1636,84.4935,85.49229
2022-01-22 12:06:22.505779,84.00888,84.64825,85.64968
2022-01-22 12:06:23.003390,84.05963,84.54425,85.64968
2022-01-22 12:06:23.508995,84.11161,84.28675,85.53187
2022-01-22 12:06:24.008265,84.05963,84.4935,85.53187
2022-01-22 12:06:24.506284,84.42104,84.59625,86.04176
2022-01-22 12:06:25.007803,84.11161,84.4415,86.04176
2022-01-22 12:06:25.504991,84.36905,84.64825,85.33489
2022-01-22 12:06:26.003790,83.18334,83.71975,85.33489
2022-01-22 12:06:26.509284,84.67848,84.95775,85.33489
2022-01-22 12:06:27.007035,84.00888,84.33875,85.33489
2022-01-22 12:06:27.501388,84.11161,84.54425,86.43479
2022-01-22 12:06:28.009521,84.36905,84.4935,86.43479
2022-01-22 12:06:28.503885,83.80219,84.33875,86.31697
2022-01-22 12:06:29.001885,84.57575,84.751,86.31697
2022-01-22 12:06:29.508564,84.11161,84.699,85.21708
2022-01-22 12:06:30.006769,83.69946,83.97725,85.21708
2022-01-22 12:06:30.505977,83.90492,84.3895,85.49229
2022-01-22 12:06:31.003199,84.31831,84.59625,85.49229
2022-01-22 12:06:31.508432,84.42104,84.59625,85.13885
2022-01-22 12:06:32.006776,84.11161,84.59625,85.13885
2022-01-22 12:06:32.501522,83.9569,84.23475,85.4527
2022-01-22 12:06:33.010973,84.36905,84.90575,85.4527
2022-01-22 12:06:33.506920,84.1636,84.54425,85.53187
2022-01-22 12:06:34.007437,83.85417,84.54425,85.53187
2022-01-22 12:06:34.503443,84.00888,84.3895,85.92395
2022-01-22 12:06:35.001355,84.11161,84.23475,85.92395
2022-01-22 12:06:35.506961,84.57575,84.95775,85.96354
2022-01-22 12:06:36.004295,84.11161,84.23475,85.96354
2022-01-22 12:06:36.505653,84.21434,84.751,85.68833
2022-01-22 12:06:37.002786,83.80219,83.92525,85.68833
2022-01-22 12:06:37.510224,84.21434,84.803,85.41406
2022-01-22 12:06:38.008810,84.36905,84.85375,85.41406
2022-01-22 12:06:38.504055,83.69946,83.92525,86.31697
2022-01-22 12:06:39.002519,84.62773,84.95775,86.31697
2022-01-22 12:06:39.508112,83.64747,83.66775,85.09926
2022-01-22 12:06:40.005842,84.62773,85.26725,85.09926
2022-01-22 12:06:40.510520,84.1636,84.4415,86.31697
2022-01-22 12:06:41.008985,83.49276,84.184,86.31697
2022-01-22 12:06:41.503916,84.36905,84.59625,85.7675
2022-01-22 12:06:42.002807,84.36905,84.59625,85.7675
2022-01-22 12:06:43.004971,84.1636,84.23475,86.23875
2022-01-22 12:06:43.509315,84.05963,84.751,85.49229
2022-01-22 12:06:44.007591,84.21434,84.54425,85.49229
2022-01-22 12:06:44.501271,84.36905,84.85375,86.35656
2022-01-22 12:06:45.009382,83.80219,84.184,86.35656
2022-01-22 12:06:45.504664,84.00888,84.4415,85.68833
2022-01-22 12:06:46.003034,84.1636,84.33875,85.68833
2022-01-22 12:06:46.510004,84.1636,84.4415,87.21989
2022-01-22 12:06:47.008312,84.00888,84.4415,87.21989
2022-01-22 12:06:47.504618,84.36905,84.59625,86.00312
2022-01-22 12:06:48.003091,83.64747,84.132,86.00312
2022-01-22 12:06:48.508445,84.1636,84.3895,85.57051
2022-01-22 12:06:49.007550,83.85417,84.4415,85.57051
2022-01-22 12:06:49.504824,84.42104,84.54425,85.06062
2022-01-22 12:06:50.004309,84.42104,84.4935,85.06062
2022-01-22 12:06:50.509395,83.44078,83.97725,85.37447
2022-01-22 12:06:51.007265,84.62773,84.85375,85.37447
2022-01-22 12:06:51.503793,84.05963,84.59625,85.6101
2022-01-22 12:06:52.002578,84.00888,84.184,85.6101
2022-01-22 12:06:52.508518,84.11161,84.90575,86.19916
2022-01-22 12:06:53.006604,83.85417,84.23475,86.19916
2022-01-22 12:06:53.501924,84.78245,84.803,85.37447
2022-01-22 12:06:54.010726,83.9569,84.4415,85.37447
2022-01-22 12:06:54.506316,83.90492,84.33875,86.23875
2022-01-22 12:06:55.003853,83.90492,84.4415,86.23875
2022-01-22 12:06:55.508370,84.47302,84.64825,86.15958
2022-01-22 12:06:56.006842,83.64747,84.23475,86.15958
2022-01-22 12:06:56.510671,84.26632,84.64825,85.64968
2022-01-22 12:06:57.008342,83.90492,83.97725,85.64968
2022-01-22 12:06:57.502935,84.57575,84.90575,85.72791
2022-01-22 12:06:58.010824,83.90492,84.23475,85.72791
2022-01-22 12:06:58.506262,84.11161,84.803,85.53187
2022-01-22 12:06:59.005813,83.90492,84.132,85.53187
2022-01-22 12:06:59.502524,83.85417,84.3895,85.41406
2022-01-22 12:07:00.010595,84.31831,84.64825,85.41406
2022-01-22 12:07:00.505902,84.1636,84.33875,85.41406
2022-01-22 12:07:01.003627,84.1636,84.3895,85.41406
2022-01-22 12:07:01.509520,84.05963,84.33875,85.68833
2022-01-22 12:07:02.006780,84.26632,84.85375,85.68833
2022-01-22 12:07:02.503538,84.21434,84.59625,85.49229
2022-01-22 12:07:03.002087,83.54475,83.97725,85.49229
2022-01-22 12:07:03.509095,84.47302,84.90575,86.47437
2022-01-22 12:07:04.008864,83.90492,84.28675,86.47437
2022-01-22 12:07:04.505333,84.36905,84.751,86.19916
2022-01-22 12:07:05.003833,84.11161,84.08,86.19916
2022-01-22 12:07:05.506445,83.85417,84.28675,85.29625
2022-01-22 12:07:06.007607,83.44078,83.61575,85.29625
2022-01-22 12:07:06.503470,84.62773,84.90575,89.49791
2022-01-22 12:07:07.001474,83.85417,83.97725,89.49791
2022-01-22 12:07:07.507405,83.64747,84.08,229.97
2022-01-22 12:07:08.006404,84.47302,84.59625,229.97
2022-01-22 12:07:08.510428,84.05963,84.4415,210.8052
2022-01-22 12:07:09.001826,84.42104,84.803,210.8052
2022-01-22 12:07:09.507234,83.64747,84.08,131.59656
2022-01-22 12:07:10.005476,84.62773,84.751,131.59656
2022-01-22 12:07:10.501074,83.69946,83.97725,90.83343
2022-01-22 12:07:11.005187,84.11161,84.751,90.83343
2022-01-22 12:07:11.501498,83.64747,83.8745,92.48281
2022-01-22 12:07:12.010028,84.11161,84.08,92.48281
2022-01-22 12:07:12.506357,84.11161,84.59625,90.40083
2022-01-22 12:07:13.004299,84.73046,85.0605,90.40083
2022-01-22 12:07:13.501821,83.80219,84.184,87.77031
2022-01-22 12:07:14.010790,84.36905,84.54425,87.77031
2022-01-22 12:07:14.506069,83.85417,84.3895,87.10208
2022-01-22 12:07:15.004339,83.85417,84.3895,87.10208
2022-01-22 12:07:15.508689,84.62773,84.751,86.67041
2022-01-22 12:07:16.006819,83.7502,84.132,86.67041
2022-01-22 12:07:16.502752,84.31831,84.3895,86.51301
2022-01-22 12:07:17.002331,83.90492,84.33875,86.51301
2022-01-22 12:07:17.510322,84.36905,84.59625,86.98426
2022-01-22 12:07:18.009027,83.9569,84.33875,86.98426
2022-01-22 12:07:18.506387,83.90492,84.28675,87.57333
2022-01-22 12:07:19.004898,84.21434,84.751,87.57333
2022-01-22 12:07:19.501752,83.9569,84.3895,87.02385
2022-01-22 12:07:20.010377,84.73046,84.85375,87.02385
2022-01-22 12:07:20.510421,83.69946,84.33875,86.74864
2022-01-22 12:07:21.007203,84.52377,84.803,86.74864
2022-01-22 12:07:21.504032,83.7502,84.08,85.37447
2022-01-22 12:07:22.002832,84.47302,84.85375,85.37447
2022-01-22 12:07:22.509283,83.7502,84.23475,86.12093
2022-01-22 12:07:23.007258,83.9569,84.54425,86.12093
2022-01-22 12:07:23.507968,84.1636,84.33875,85.6101
2022-01-22 12:07:24.007017,84.47302,85.1125,85.6101
2022-01-22 12:07:24.502162,84.11161,84.4415,86.00312
2022-01-22 12:07:25.007167,84.26632,84.699,86.00312
2022-01-22 12:07:25.501559,83.85417,84.132,85.41406
2022-01-22 12:07:26.011042,83.85417,84.3895,85.41406
2022-01-22 12:07:26.507972,84.83319,85.1125,86.00312
2022-01-22 12:07:27.006061,83.9569,84.132,86.00312
2022-01-22 12:07:27.501339,84.11161,84.64825,85.21708
2022-01-22 12:07:28.009988,83.9569,84.184,85.21708
2022-01-22 12:07:28.504916,84.26632,84.90575,86.12093
2022-01-22 12:07:29.003312,84.57575,85.1125,86.12093
2022-01-22 12:07:29.507404,83.80219,84.184,86.3952
2022-01-22 12:07:30.004021,84.21434,84.59625,86.3952
2022-01-22 12:07:30.509735,84.21434,84.23475,85.33489
2022-01-22 12:07:31.009150,84.42104,84.90575,85.33489
2022-01-22 12:07:31.506009,84.1636,84.23475,86.35656
2022-01-22 12:07:32.003880,83.90492,84.3895,86.35656
2022-01-22 12:07:32.508003,83.90492,84.3895,85.57051
2022-01-22 12:07:33.006043,84.00888,84.699,85.57051
2022-01-22 12:07:33.501934,84.47302,84.90575,85.17843
2022-01-22 12:07:34.009948,83.85417,83.97725,85.17843
2022-01-22 12:07:34.504897,84.26632,84.59625,86.35656
2022-01-22 12:07:35.003245,84.26632,84.59625,86.35656
2022-01-22 12:07:35.510099,83.9569,84.54425,86.23875
2022-01-22 12:07:36.008696,84.62773,84.803,86.23875
2022-01-22 12:07:36.504510,83.23532,83.8745,85.80614
2022-01-22 12:07:37.001476,84.36905,84.699,85.80614
2022-01-22 12:07:37.506906,84.42104,84.699,85.88531
2022-01-22 12:07:38.005335,84.00888,84.3895,85.88531
2022-01-22 12:07:38.502336,84.36905,84.4935,85.92395
2022-01-22 12:07:39.010346,83.80219,84.28675,85.92395
2022-01-22 12:07:39.505803,84.21434,84.59625,86.31697
2022-01-22 12:07:40.004045,84.00888,84.4415,86.31697
2022-01-22 12:07:40.501476,84.1636,84.54425,85.96354
2022-01-22 12:07:41.008292,83.9569,84.4415,85.96354
2022-01-22 12:07:41.503228,84.21434,84.54425,85.25666
2022-01-22 12:07:42.010360,84.47302,84.64825,85.25666
2022-01-22 12:07:42.504051,83.85417,84.28675,86.04176
2022-01-22 12:07:43.003343,84.57575,84.751,86.04176
2022-01-22 12:07:43.508488,83.7502,84.132,86.04176
2022-01-22 12:07:44.006073,84.00888,84.4935,86.04176
2022-01-22 12:07:44.501993,83.90492,84.33875,85.6101
2022-01-22 12:07:45.001074,84.57575,84.95775,85.6101
2022-01-22 12:07:45.507106,84.11161,84.23475,85.7675
2022-01-22 12:07:46.004598,84.21434,84.64825,85.7675
2022-01-22 12:07:46.509565,84.31831,84.64825,85.92395
2022-01-22 12:07:47.007341,84.21434,84.4935,85.92395
2022-01-22 12:07:47.502532,84.26632,84.59625,86.59218
2022-01-22 12:07:48.009831,83.33805,83.8745,86.59218
2022-01-22 12:07:48.506109,84.67848,85.21525,86.15958
2022-01-22 12:07:49.004666,83.85417,84.23475,86.15958
2022-01-22 12:07:49.502324,84.78245,84.95775,86.19916
2022-01-22 12:07:50.011003,83.90492,84.28675,86.19916
2022-01-22 12:07:50.507329,83.90492,84.33875,86.00312
2022-01-22 12:07:51.006077,84.57575,84.85375,86.00312
2022-01-22 12:07:51.500902,83.85417,84.33875,86.47437
2022-01-22 12:07:52.010374,84.05963,84.59625,86.47437
2022-01-22 12:07:52.505744,83.69946,83.92525,85.96354
2022-01-22 12:07:53.005274,84.62773,85.16325,85.96354
2022-01-22 12:07:53.501145,84.05963,84.3895,85.09926
2022-01-22 12:07:54.001053,84.31831,84.751,85.09926
2022-01-22 12:07:54.507762,84.11161,84.4415,86.19916
2022-01-22 12:07:55.007196,84.1636,84.23475,86.19916
2022-01-22 12:07:55.503517,84.47302,85.0605,84.70718
2022-01-22 12:07:56.003204,83.85417,84.3895,84.70718
2022-01-22 12:07:56.508293,84.26632,84.59625,85.80614
2022-01-22 12:07:57.002186,84.1636,84.28675,85.80614
2022-01-22 12:07:57.510249,84.52377,84.803,85.68833
2022-01-22 12:07:58.009780,84.31831,84.751,85.68833
2022-01-22 12:07:58.507740,83.59549,84.02925,85.64968
2022-01-22 12:07:59.005424,84.05963,84.4935,85.64968
2022-01-22 12:07:59.510463,84.00888,84.3895,86.00312
2022-01-22 12:08:00.009044,84.31831,84.751,86.00312
2022-01-22 12:08:00.502969,84.42104,84.33875,86.31697
2022-01-22 12:08:01.001798,83.80219,84.184,86.31697
2022-01-22 12:08:01.507680,84.26632,84.59625,85.7675
2022-01-22 12:08:02.005380,84.36905,84.751,85.7675
2022-01-22 12:08:02.511070,84.1636,84.54425,86.43479
2022-01-22 12:08:03.008288,83.80219,84.4935,86.43479
2022-01-22 12:08:03.503997,83.80219,84.184,85.6101
2022-01-22 12:08:04.001464,84.62773,84.699,85.6101
2022-01-22 12:08:04.507902,83.90492,84.132,85.17843
2022-01-22 12:08:05.004854,84.31831,84.54425,85.17843
2022-01-22 12:08:05.510173,84.11161,84.4935,86.31697
2022-01-22 12:08:06.008264,84.00888,84.4415,86.31697
2022-01-22 12:08:06.503554,83.90492,84.699,86.23875
2022-01-22 12:08:07.002182,84.31831,84.64825,86.23875
2022-01-22 12:08:07.509321,84.21434,84.28675,86.71
2022-01-22 12:08:08.007470,84.21434,84.751,86.71
2022-01-22 12:08:08.501092,84.11161,84.4935,86.23875
2022-01-22 12:08:09.009416,83.9569,84.3895,86.23875
2022-01-22 12:08:09.504733,84.42104,85.0085,85.53187
2022-01-22 12:08:10.002821,83.44078,84.08,85.53187
2022-01-22 12:08:10.508188,84.67848,85.16325,85.21708
2022-01-22 12:08:11.004019,83.7502,84.184,85.21708
2022-01-22 12:08:12.005327,84.21434,84.4415,86.94562
2022-01-22 12:08:12.502967,83.9569,84.3895,85.7675
2022-01-22 12:08:13.000937,84.21434,84.751,85.7675
2022-01-22 12:08:13.506568,83.49276,84.02925,86.15958
2022-01-22 12:08:14.003700,84.73046,85.21525,86.15958
2022-01-22 12:08:14.501845,83.7502,84.132,85.64968
2022-01-22 12:08:15.010598,84.36905,84.59625,85.64968
2022-01-22 12:08:15.505118,84.26632,84.4415,86.67041
2022-01-22 12:08:16.003318,84.1636,84.4935,86.67041
2022-01-22 12:08:16.509970,84.00888,84.28675,85.88531
2022-01-22 12:08:17.007991,83.9569,84.4935,85.88531
2022-01-22 12:08:17.505009,84.42104,84.751,85.57051
2022-01-22 12:08:18.002786,83.80219,84.184,85.57051
2022-01-22 12:08:18.509417,84.26632,84.751,86.23875
2022-01-22 12:08:19.007381,84.11161,84.23475,86.23875
2022-01-22 12:08:19.503585,84.31831,84.4935,86.67041
2022-01-22 12:08:20.001937,83.90492,84.28675,86.67041
2022-01-22 12:08:20.508231,84.31831,84.751,85.68833
2022-01-22 12:08:21.009043,84.11161,84.54425,85.68833
2022-01-22 12:08:21.504648,83.64747,84.28675,85.72791
2022-01-22 12:08:22.002718,84.47302,84.59625,85.72791
2022-01-22 12:08:22.509229,84.47302,84.803,86.23875
2022-01-22 12:08:23.005511,83.85417,84.184,86.23875
2022-01-22 12:08:23.501709,84.00888,84.33875,85.02104
2022-01-22 12:08:24.002278,84.31831,84.699,85.02104
2022-01-22 12:08:24.508304,84.11161,84.4415,86.15958
2022-01-22 12:08:25.006787,84.00888,84.4415,86.15958
2022-01-22 12:08:25.505146,83.69946,83.92525,85.49229
2022-01-22 12:08:26.003250,84.31831,84.64825,85.49229
2022-01-22 12:08:26.508499,84.36905,84.59625,85.92395
2022-01-22 12:08:27.008208,84.05963,84.33875,85.92395
2022-01-22 12:08:27.503922,83.9569,84.132,86.19916
2022-01-22 12:08:28.004026,84.1636,84.751,86.19916
2022-01-22 12:08:28.509023,84.42104,84.95775,85.4527
2022-01-22 12:08:29.008201,83.69946,83.97725,85.4527
2022-01-22 12:08:29.503939,84.00888,84.4415,85.84572
2022-01-22 12:08:30.004276,84.21434,84.54425,85.84572
2022-01-22 12:08:30.509887,84.42104,84.699,85.6101
2022-01-22 12:08:31.008286,83.90492,84.4415,85.6101
2022-01-22 12:08:31.503514,84.05963,84.4415,85.53187
2022-01-22 12:08:32.002287,83.9569,84.4415,85.53187
2022-01-22 12:08:32.509074,84.42104,84.85375,85.13885
2022-01-22 12:08:33.007265,83.90492,84.4935,85.13885
2022-01-22 12:08:33.501819,84.05963,84.33875,85.49229
2022-01-22 12:08:34.010211,84.05963,84.33875,85.49229
2022-01-22 12:08:34.507100,83.85417,84.08,85.68833
2022-01-22 12:08:35.005447,84.88517,85.6795,85.68833
2022-01-22 12:08:35.501064,83.23532,83.61575,85.92395
2022-01-22 12:08:36.009988,84.62773,85.0085,85.92395
2022-01-22 12:08:36.508912,83.64747,84.184,86.19916
2022-01-22 12:08:37.006687,84.42104,84.64825,86.19916
2022-01-22 12:08:37.503141,84.67848,84.803,85.96354
2022-01-22 12:08:38.002311,83.54475,83.66775,85.96354
2022-01-22 12:08:38.509786,84.36905,84.803,85.64968
2022-01-22 12:08:39.007527,83.9569,84.4415,85.64968
2022-01-22 12:08:39.502857,84.26632,84.751,85.7675
2022-01-22 12:08:40.004284,83.64747,84.02925,85.7675
2022-01-22 12:08:40.509074,84.36905,84.64825,85.6101
2022-01-22 12:08:41.002359,84.36905,84.4935,85.6101
2022-01-22 12:08:41.507083,83.9569,84.28675,86.35656
2022-01-22 12:08:42.006347,84.52377,84.803,86.35656
2022-01-22 12:08:42.501759,83.59549,83.7705,86.12093
2022-01-22 12:08:43.010490,84.52377,85.0085,86.12093
2022-01-22 12:08:43.509162,83.69946,84.28675,85.92395
2022-01-22 12:08:44.008822,84.05963,84.4415,85.92395
2022-01-22 12:08:44.506295,84.47302,84.64825,85.84572
2022-01-22 12:08:45.003371,84.36905,84.4935,85.84572
2022-01-22 12:08:45.510207,84.1636,84.33875,85.06062
2022-01-22 12:08:46.008075,84.1636,84.699,85.06062
2022-01-22 12:08:46.503090,84.11161,84.54425,86.31697
2022-01-22 12:08:47.011070,84.1636,84.59625,86.31697
2022-01-22 12:08:47.508600,83.85417,84.08,85.80614
2022-01-22 12:08:48.007211,83.90492,84.3895,85.80614
2022-01-22 12:08:48.504942,84.67848,84.85375,85.53187
2022-01-22 12:08:49.003652,84.42104,84.64825,85.53187
2022-01-22 12:08:49.508673,83.7502,84.23475,86.15958
2022-01-22 12:08:50.006789,84.00888,84.54425,86.15958
2022-01-22 12:08:50.502170,84.21434,84.699,85.57051
2022-01-22 12:08:51.010887,84.1636,84.699,85.57051
2022-01-22 12:08:51.506642,84.1636,84.699,85.49229
2022-01-22 12:08:52.004052,83.80219,83.8745,85.49229
2022-01-22 12:08:52.510214,84.67848,84.803,86.3952
2022-01-22 12:08:53.007413,84.21434,84.54425,86.3952
2022-01-22 12:08:53.504287,84.11161,84.54425,85.84572
2022-01-22 12:08:54.003009,83.80219,84.132,85.84572
2022-01-22 12:08:54.509094,84.26632,84.59625,85.7675
2022-01-22 12:08:55.007409,83.85417,84.4415,85.7675
2022-01-22 12:08:55.501682,84.52377,84.803,85.68833
2022-01-22 12:08:56.000963,84.1636,84.28675,85.68833
2022-01-22 12:08:56.506356,83.90492,84.02925,85.41406
2022-01-22 12:08:57.004721,84.67848,85.16325,85.41406
2022-01-22 12:08:57.502836,83.85417,84.184,85.49229
2022-01-22 12:08:58.010929,84.42104,84.751,85.49229
2022-01-22 12:08:58.506322,83.49276,84.02925,86.15958
2022-01-22 12:08:59.003554,84.05963,84.3895,86.15958
2022-01-22 12:08:59.510855,84.73046,85.0605,85.33489
2022-01-22 12:09:00.008439,83.69946,84.08,85.33489
2022-01-22 12:09:00.505989,84.73046,85.26725,86.19916
2022-01-22 12:09:01.004975,83.39003,83.71975,86.19916
2022-01-22 12:09:01.510339,84.83319,85.16325,85.57051
2022-01-22 12:09:02.008326,83.54475,84.23475,85.57051
2022-01-22 12:09:02.503926,84.1636,84.33875,86.47437
2022-01-22 12:09:03.002969,84.00888,84.23475,86.47437
2022-01-22 12:09:03.508368,84.1636,84.4415,85.6101
2022-01-22 12:09:04.006253,84.42104,84.85375,85.6101
2022-01-22 12:09:04.502058,83.54475,83.92525,86.35656
2022-01-22 12:09:05.010174,84.83319,85.0605,86.35656
2022-01-22 12:09:05.507634,83.69946,83.97725,85.37447
2022-01-22 12:09:06.006340,84.1636,84.54425,85.37447
2022-01-22 12:09:06.502163,83.85417,84.4415,86.35656
2022-01-22 12:09:07.002833,84.26632,84.4935,86.35656
2022-01-22 12:09:07.508690,84.21434,84.54425,86.08135
2022-01-22 12:09:08.008385,83.9569,84.28675,86.08135
2022-01-22 12:09:08.504020,84.05963,84.33875,85.7675
2022-01-22 12:09:09.001643,84.1636,84.59625,85.7675
2022-01-22 12:09:09.509104,84.11161,84.33875,85.68833
2022-01-22 12:09:10.007310,83.69946,84.33875,85.68833
2022-01-22 12:09:10.505570,84.26632,84.54425,85.64968
2022-01-22 12:09:11.010069,84.1636,84.4415,85.64968
2022-01-22 12:09:11.506954,84.52377,85.0605,85.53187
2022-01-22 12:09:12.007283,83.7502,84.132,85.53187
2022-01-22 12:09:12.509912,83.9569,84.3895,85.41406
2022-01-22 12:09:13.007280,84.47302,84.803,85.41406
2022-01-22 12:09:13.503216,83.39003,83.92525,85.02104
2022-01-22 12:09:14.002694,84.67848,85.0605,85.02104
2022-01-22 12:09:14.508441,83.59549,83.92525,86.08135
2022-01-22 12:09:15.007255,84.57575,84.751,86.08135
2022-01-22 12:09:15.502640,83.9569,84.3895,85.88531
2022-01-22 12:09:16.003471,84.1636,84.54425,85.88531
2022-01-22 12:09:16.510238,84.00888,84.28675,85.80614
2022-01-22 12:09:17.009022,83.80219,84.59625,85.80614
2022-01-22 12:09:17.506161,84.31831,84.3895,85.57051
2022-01-22 12:09:18.003635,84.36905,84.803,85.57051
2022-01-22 12:09:18.510554,83.85417,83.97725,86.23875
2022-01-22 12:09:19.010117,84.21434,84.4935,86.23875
2022-01-22 12:09:19.506215,83.90492,84.28675,85.33489
2022-01-22 12:09:20.004153,84.67848,85.1125,85.33489
2022-01-22 12:09:20.501257,83.49276,83.97725,87.37729
2022-01-22 12:09:21.009154,84.21434,84.59625,87.37729
2022-01-22 12:09:21.505135,83.85417,84.4415,85.37447
2022-01-22 12:09:22.002842,84.52377,84.751,85.37447
2022-01-22 12:09:22.510386,84.67848,84.751,85.84572
2022-01-22 12:09:23.009749,83.33805,83.7705,85.84572
2022-01-22 12:09:23.505904,84.1636,84.54425,85.96354
2022-01-22 12:09:24.004665,84.36905,84.85375,85.96354
2022-01-22 12:09:24.510137,83.80219,84.3895,86.98426
2022-01-22 12:09:25.008624,84.21434,84.751,86.98426
2022-01-22 12:09:25.504269,84.05963,84.184,85.88531
2022-01-22 12:09:26.002416,84.83319,85.0085,85.88531
2022-01-22 12:09:26.507982,84.00888,84.28675,85.84572
2022-01-22 12:09:27.006774,84.26632,84.54425,85.84572
2022-01-22 12:09:27.502739,83.80219,84.23475,85.13885
2022-01-22 12:09:28.011059,84.11161,84.3895,85.13885
2022-01-22 12:09:28.506338,83.18334,83.66775,85.80614
2022-01-22 12:09:29.003809,84.36905,84.4935,85.80614
2022-01-22 12:09:29.509056,84.47302,84.4935,235.50718
2022-01-22 12:09:30.008190,83.90492,84.132,235.50718
2022-01-22 12:09:30.506020,84.73046,84.90575,216.38197
2022-01-22 12:09:31.004467,83.23532,83.66775,216.38197
2022-01-22 12:09:31.510502,84.36905,84.59625,172.1627
2022-01-22 12:09:32.008865,83.54475,84.132,172.1627
2022-01-22 12:09:32.504719,84.21434,84.4935,105.52041
2022-01-22 12:09:33.003192,83.85417,83.92525,105.52041
2022-01-22 12:09:33.508524,84.26632,84.4415,95.46676
2022-01-22 12:09:34.008061,84.21434,84.28675,95.46676
2022-01-22 12:09:34.504495,84.47302,84.90575,92.87489
2022-01-22 12:09:35.002667,83.9569,84.02925,92.87489
2022-01-22 12:09:35.509273,83.54475,84.184,88.35937
2022-01-22 12:09:36.007733,84.62773,84.751,88.35937
2022-01-22 12:09:36.506232,83.85417,84.3895,86.74864
2022-01-22 12:09:37.004559,84.47302,84.803,86.74864
2022-01-22 12:09:37.510400,83.80219,84.132,86.74864
2022-01-22 12:09:38.007338,84.1636,84.54425,86.74864
2022-01-22 12:09:38.505025,84.31831,84.54425,85.80614
2022-01-22 12:09:39.003435,83.9569,84.54425,85.80614
2022-01-22 12:09:39.509002,83.90492,84.23475,87.21989
2022-01-22 12:09:40.007995,83.9569,84.54425,87.21989
2022-01-22 12:09:40.505474,84.88517,84.95775,86.19916
2022-01-22 12:09:41.003148,83.9569,84.132,86.19916
2022-01-22 12:09:41.508939,84.57575,84.95775,87.18125
2022-01-22 12:09:42.009019,83.7502,84.02925,87.18125
2022-01-22 12:09:42.504250,84.62773,84.90575,86.15958
2022-01-22 12:09:43.003395,84.05963,84.33875,86.15958
2022-01-22 12:09:43.509065,83.49276,84.28675,85.53187
2022-01-22 12:09:44.007520,84.31831,84.59625,85.53187
2022-01-22 12:09:44.502403,84.47302,84.699,85.02104
2022-01-22 12:09:45.010704,83.85417,84.184,85.02104
2022-01-22 12:09:45.506675,84.36905,84.54425,86.08135
2022-01-22 12:09:46.006201,84.00888,84.4415,86.08135
2022-01-22 12:09:46.502110,84.1636,84.33875,85.49229
2022-01-22 12:09:47.010721,84.1636,84.85375,85.49229
2022-01-22 12:09:47.506213,83.44078,83.8745,85.92395
2022-01-22 12:09:48.004002,84.83319,85.1125,85.92395
2022-01-22 12:09:48.510767,84.05963,84.4415,86.35656
2022-01-22 12:09:49.009006,84.26632,84.4935,86.35656
2022-01-22 12:09:49.502789,83.90492,84.184,85.4527
2022-01-22 12:09:50.010404,84.1636,84.4415,85.4527
2022-01-22 12:09:50.505447,84.00888,84.751,85.57051
2022-01-22 12:09:51.005910,84.26632,84.59625,85.57051
2022-01-22 12:09:51.502724,84.26632,84.4415,85.92395
2022-01-22 12:09:52.001104,83.9569,84.184,85.92395
2022-01-22 12:09:52.506373,84.57575,85.0085,86.00312
2022-01-22 12:09:53.003879,83.85417,84.4415,86.00312
2022-01-22 12:09:53.509132,84.05963,84.28675,85.92395
2022-01-22 12:09:54.008029,83.90492,84.4935,85.92395
2022-01-22 12:09:54.502632,84.00888,84.4415,85.84572
2022-01-22 12:09:55.010880,84.78245,85.21525,85.84572
2022-01-22 12:09:55.509353,83.64747,83.8745,85.88531
2022-01-22 12:09:56.007583,84.47302,84.54425,85.88531
2022-01-22 12:09:56.502648,83.9569,84.4935,86.27739
2022-01-22 12:09:57.001015,84.31831,84.64825,86.27739
2022-01-22 12:09:57.507229,84.05963,84.699,85.6101
2022-01-22 12:09:58.004633,84.05963,84.23475,85.6101
2022-01-22 12:09:58.508093,83.7502,84.28675,86.00312
2022-01-22 12:09:59.005882,84.36905,84.59625,86.00312
2022-01-22 12:09:59.501639,84.26632,84.4415,85.80614
2022-01-22 12:10:00.503795,84.26632,84.28675,85.4527
2022-01-22 12:10:01.002155,84.05963,84.59625,85.4527
2022-01-22 12:10:01.508387,84.26632,84.699,85.7675
2022-01-22 12:10:02.006370,83.9569,84.54425,85.7675
2022-01-22 12:10:02.509789,84.21434,84.3895,85.57051
2022-01-22 12:10:03.007696,84.05963,84.08,85.57051
2022-01-22 12:10:03.502797,84.62773,85.21525,85.57051
2022-01-22 12:10:04.010808,83.69946,84.02925,85.57051
2022-01-22 12:10:04.505418,83.9569,84.33875,85.84572
2022-01-22 12:10:05.003210,84.1636,84.4935,85.84572
2022-01-22 12:10:05.510654,83.54475,84.3895,85.88531
2022-01-22 12:10:06.008703,84.52377,84.59625,85.88531
2022-01-22 12:10:06.503670,84.11161,84.33875,85.21708
2022-01-22 12:10:07.001941,84.26632,84.64825,85.21708
2022-01-22 12:10:07.507425,84.36905,84.54425,85.88531
2022-01-22 12:10:08.005325,83.69946,84.33875,85.88531
2022-01-22 12:10:08.510749,84.47302,84.699,85.49229
2022-01-22 12:10:09.009768,83.64747,84.4415,85.49229
2022-01-22 12:10:09.506380,84.11161,84.3895,86.51301
2022-01-22 12:10:10.003572,84.31831,84.54425,86.51301
2022-01-22 12:10:10.509932,84.11161,84.4415,85.96354
2022-01-22 12:10:11.007134,84.62773,84.85375,85.96354
2022-01-22 12:10:11.503591,84.21434,84.59625,86.15958
2022-01-22 12:10:12.002400,83.7502,84.132,86.15958
2022-01-22 12:10:12.507860,84.21434,84.95775,85.09926
2022-01-22 12:10:13.005653,83.90492,84.28675,85.09926
2022-01-22 12:10:13.510487,84.36905,84.699,85.84572
2022-01-22 12:10:14.001218,83.80219,84.02925,85.84572
2022-01-22 12:10:14.506668,84.31831,84.54425,85.57051
2022-01-22 12:10:15.003942,83.85417,84.28675,85.57051
2022-01-22 12:10:15.501209,84.78245,84.90575,85.7675
2022-01-22 12:10:16.010126,83.85417,84.3895,85.7675
2022-01-22 12:10:16.505544,83.7502,83.92525,86.67041
2022-01-22 12:10:17.003035,84.26632,84.803,86.67041
2022-01-22 12:10:17.508182,84.1636,84.4415,86.00312
2022-01-22 12:10:18.006531,84.62773,84.59625,86.00312
2022-01-22 12:10:18.502260,83.69946,84.184,85.57051
2022-01-22 12:10:19.002621,84.21434,84.28675,85.57051
2022-01-22 12:10:19.508417,84.47302,84.95775,85.4527
2022-01-22 12:10:20.007633,84.1636,84.3895,85.4527
2022-01-22 12:10:20.503645,83.80219,84.3895,86.04176
2022-01-22 12:10:21.004823,84.05963,84.28675,86.04176
2022-01-22 12:10:21.510221,84.31831,84.4935,85.6101
2022-01-22 12:10:22.007259,84.36905,84.751,85.6101
2022-01-22 12:10:22.502236,83.9569,84.08,85.64968
2022-01-22 12:10:23.001089,83.69946,84.23475,85.64968
2022-01-22 12:10:23.508688,84.78245,85.0605,85.88531
2022-01-22 12:10:24.007077,83.85417,84.3895,85.88531
2022-01-22 12:10:24.501072,84.11161,84.4415,86.35656
2022-01-22 12:10:25.009854,84.11161,84.28675,86.35656
2022-01-22 12:10:25.505018,84.26632,84.64825,86.19916
2022-01-22 12:10:26.002820,84.21434,84.54425,86.19916
2022-01-22 12:10:26.507714,84.00888,84.64825,86.00312
2022-01-22 12:10:27.007094,84.42104,84.751,86.00312
2022-01-22 12:10:27.504507,83.85417,84.4415,86.23875
2022-01-22 12:10:28.003344,84.73046,85.1125,86.23875
2022-01-22 12:10:28.508352,83.54475,83.71975,85.37447
2022-01-22 12:10:29.007382,84.42104,84.64825,85.37447
2022-01-22 12:10:29.506892,83.9569,84.184,85.57051
2022-01-22 12:10:30.008024,84.00888,84.64825,85.57051
2022-01-22 12:10:30.502831,84.26632,84.4415,85.88531
2022-01-22 12:10:31.010936,83.90492,84.4935,85.88531
2022-01-22 12:10:31.505994,84.42104,84.64825,84.94281
2022-01-22 12:10:32.004388,84.11161,84.4935,84.94281
2022-01-22 12:10:32.502537,84.1636,84.33875,86.59218
2022-01-22 12:10:33.010370,84.57575,84.54425,86.59218
2022-01-22 12:10:33.506373,83.90492,84.54425,86.00312
2022-01-22 12:10:34.004290,84.05963,84.4415,86.00312
2022-01-22 12:10:34.509849,84.11161,84.59625,85.13885
2022-01-22 12:10:35.007432,83.90492,84.28675,85.13885
2022-01-22 12:10:35.504894,84.1636,84.699,86.71
2022-01-22 12:10:36.002702,84.26632,84.4415,86.71
2022-01-22 12:10:36.501561,84.36905,84.33875,85.25666
2022-01-22 12:10:37.009558,83.90492,84.33875,85.25666
2022-01-22 12:10:37.505560,84.26632,84.59625,85.84572
2022-01-22 12:10:38.003210,83.9569,84.3895,85.84572
2022-01-22 12:10:38.509067,84.05963,84.33875,85.6101
2022-01-22 12:10:39.006546,83.64747,84.33875,85.6101
2022-01-22 12:10:39.510811,84.11161,84.4415,86.23875
2022-01-22 12:10:40.008919,84.73046,84.64825,86.23875
2022-01-22 12:10:40.502654,84.11161,84.54425,85.37447
2022-01-22 12:10:41.001883,83.69946,84.02925,85.37447
2022-01-22 12:10:41.508166,84.00888,84.699,85.49229
2022-01-22 12:10:42.004668,84.11161,84.3895,85.49229
2022-01-22 12:10:42.509008,84.00888,84.59625,85.4527
2022-01-22 12:10:43.006222,83.7502,84.23475,85.4527
2022-01-22 12:10:43.501045,83.9569,83.92525,86.00312
2022-01-22 12:10:44.008861,84.57575,84.803,86.00312
2022-01-22 12:10:44.502783,84.57575,84.59625,86.23875
2022-01-22 12:10:45.010846,83.44078,83.97725,86.23875
2022-01-22 12:10:45.508581,84.42104,84.699,85.53187
2022-01-22 12:10:46.006840,83.39003,84.132,85.53187
2022-01-22 12:10:46.502922,84.83319,85.1125,85.49229
2022-01-22 12:10:47.001336,83.90492,84.02925,85.49229
2022-01-22 12:10:47.505428,84.36905,84.85375,86.71
2022-01-22 12:10:48.005158,84.36905,84.59625,86.71
2022-01-22 12:10:48.511145,83.90492,84.3895,85.21708
2022-01-22 12:10:49.008623,84.31831,84.4415,85.21708
2022-01-22 12:10:49.504740,83.64747,84.23475,85.68833
2022-01-22 12:10:50.003752,84.26632,84.90575,85.68833
2022-01-22 12:10:50.509017,83.44078,83.92525,85.33489
2022-01-22 12:10:51.006231,84.36905,84.699,85.33489
2022-01-22 12:10:51.501371,84.57575,84.64825,86.19916
2022-01-22 12:10:52.009415,84.05963,84.64825,86.19916
2022-01-22 12:10:52.504757,84.26632,84.54425,85.72791
2022-01-22 12:10:53.001913,83.80219,84.184,85.72791
2022-01-22 12:10:53.508032,84.31831,84.59625,85.37447
2022-01-22 12:10:54.006316,83.7502,84.28675,85.37447
2022-01-22 12:10:54.504011,84.42104,84.95775,86.00312
2022-01-22 12:10:55.003330,84.11161,84.184,86.00312
2022-01-22 12:10:55.508312,84.26632,84.90575,85.92395
2022-01-22 12:10:56.006814,84.21434,84.54425,85.92395
2022-01-22 12:10:56.502132,84.36905,84.803,85.17843
2022-01-22 12:10:57.010434,84.21434,84.54425,85.17843
2022-01-22 12:10:57.508275,83.85417,84.33875,86.19916
2022-01-22 12:10:58.005681,84.05963,84.3895,86.19916
2022-01-22 12:10:58.510567,83.9569,84.132,86.12093
2022-01-22 12:10:59.001117,84.57575,85.16325,86.12093
2022-01-22 12:10:59.508595,83.7502,84.08,85.96354
2022-01-22 12:11:00.006093,84.1636,84.54425,85.96354
2022-01-22 12:11:00.501970,84.00888,84.28675,86.3952
2022-01-22 12:11:01.009656,84.11161,84.803,86.3952
2022-01-22 12:11:01.505504,83.90492,84.132,86.23875
2022-01-22 12:11:02.004369,84.1636,84.33875,86.23875
2022-01-22 12:11:02.511102,84.42104,84.803,85.4527
2022-01-22 12:11:03.009131,84.26632,84.4935,85.4527
2022-01-22 12:11:03.506255,83.9569,84.4935,85.64968
2022-01-22 12:11:04.003464,84.21434,84.4415,85.64968
2022-01-22 12:11:04.509690,84.00888,84.33875,85.53187
2022-01-22 12:11:05.006798,84.47302,84.751,85.53187
2022-01-22 12:11:05.501810,83.7502,84.184,86.08135
2022-01-22 12:11:06.009957,84.31831,84.85375,86.08135
2022-01-22 12:11:06.505184,84.00888,84.33875,85.84572
2022-01-22 12:11:07.003233,84.36905,84.751,85.84572
2022-01-22 12:11:07.508954,84.05963,84.33875,86.31697
2022-01-22 12:11:08.007697,83.9569,84.4415,86.31697
2022-01-22 12:11:08.503927,84.21434,84.4415,85.17843
2022-01-22 12:11:09.002245,83.90492,84.23475,85.17843
2022-01-22 12:11:09.509643,84.31831,84.751,85.64968
2022-01-22 12:11:10.006350,84.36905,84.699,85.64968
2022-01-22 12:11:10.501900,83.59549,84.132,85.80614
2022-01-22 12:11:11.006314,84.52377,84.803,85.80614
2022-01-22 12:11:11.502082,83.69946,84.08,86.15958
2022-01-22 12:11:12.001495,84.83319,85.0605,86.15958
2022-01-22 12:11:12.507405,83.33805,83.8745,85.72791
2022-01-22 12:11:13.005912,84.62773,84.90575,85.72791
2022-01-22 12:11:13.501792,84.1636,84.08,86.51301
2022-01-22 12:11:14.009735,84.1636,84.59625,86.51301
2022-01-22 12:11:14.504791,84.11161,84.59625,85.41406
2022-01-22 12:11:15.002781,84.00888,84.33875,85.41406
2022-01-22 12:11:15.507251,84.26632,84.59625,85.49229
2022-01-22 12:11:16.006783,83.7502,84.33875,85.49229
2022-01-22 12:11:16.504379,84.1636,84.54425,85.92395
2022-01-22 12:11:17.002396,84.21434,84.59625,85.92395
2022-01-22 12:11:17.508234,84.52377,84.803,85.25666
2022-01-22 12:11:18.007878,84.00888,84.23475,85.25666
2022-01-22 12:11:18.503991,84.11161,84.59625,84.86364
2022-01-22 12:11:19.001630,84.1636,84.64825,84.86364
2022-01-22 12:11:19.507918,84.05963,84.751,86.63083
2022-01-22 12:11:20.004968,83.90492,84.3895,86.63083
2022-01-22 12:11:20.509783,84.05963,84.28675,86.00312
2022-01-22 12:11:21.009722,84.47302,85.0085,86.00312
2022-01-22 12:11:21.505075,83.9569,84.08,86.98426
2022-01-22 12:11:22.003500,84.42104,84.85375,86.98426
2022-01-22 12:11:22.509452,83.7502,83.97725,86.04176
2022-01-22 12:11:23.007720,84.1636,84.4415,86.04176
2022-01-22 12:11:23.503790,84.26632,84.699,86.19916
2022-01-22 12:11:24.001818,83.64747,83.97725,86.19916
2022-01-22 12:11:24.504805,84.31831,84.4935,85.09926
2022-01-22 12:11:25.005697,84.11161,84.184,85.09926
2022-01-22 12:11:25.511139,84.52377,85.1125,86.59218
2022-01-22 12:11:26.009398,83.64747,83.97725,86.59218
2022-01-22 12:11:26.505510,84.00888,84.3895,85.92395
2022-01-22 12:11:27.003489,84.00888,84.3895,85.92395
2022-01-22 12:11:27.508398,84.00888,84.4415,85.57051
2022-01-22 12:11:28.009486,84.26632,84.803,85.57051
2022-01-22 12:11:28.502766,84.26632,84.23475,85.80614
2022-01-22 12:11:29.001168,84.11161,84.4935,85.80614
2022-01-22 12:11:29.507311,84.11161,84.4935,85.53187
2022-01-22 12:11:30.005197,83.9569,84.4415,85.53187
2022-01-22 12:11:30.510139,84.31831,84.803,85.17843
2022-01-22 12:11:31.007436,83.7502,84.4415,85.17843
2022-01-22 12:11:31.503492,84.31831,84.64825,85.96354
2022-01-22 12:11:32.002761,84.47302,84.59625,85.96354
2022-01-22 12:11:32.507619,83.85417,84.23475,85.4527
2022-01-22 12:11:33.006807,84.47302,84.699,85.4527
2022-01-22 12:11:33.501794,83.9569,84.08,85.53187
2022-01-22 12:11:34.001129,84.11161,84.3895,85.53187
2022-01-22 12:11:34.508022,83.69946,84.132,85.25666
2022-01-22 12:11:35.006413,84.26632,84.751,85.25666
2022-01-22 12:11:35.503679,84.62773,84.751,85.84572
2022-01-22 12:11:36.011049,84.05963,84.3895,85.84572
2022-01-22 12:11:36.506768,84.36905,84.751,86.00312
2022-01-22 12:11:37.003313,83.59549,83.8745,86.00312
2022-01-22 12:11:37.509400,84.62773,85.0085,85.25666
2022-01-22 12:11:38.010311,84.00888,84.33875,85.25666
2022-01-22 12:11:38.509166,83.9569,84.4415,85.25666
2022-01-22 12:11:39.007421,84.11161,84.3895,85.25666
2022-01-22 12:11:39.504482,84.1636,84.4415,86.00312
2022-01-22 12:11:40.002517,84.52377,84.699,86.00312
2022-01-22 12:11:40.508303,83.9569,84.33875,86.5526
2022-01-22 12:11:41.006593,84.21434,84.54425,86.5526
2022-01-22 12:11:41.502316,83.9569,84.59625,86.15958
2022-01-22 12:11:42.010259,84.26632,84.90575,86.15958
2022-01-22 12:11:42.506610,83.90492,84.132,85.64968
2022-01-22 12:11:43.005127,84.26632,84.4415,85.64968
2022-01-22 12:11:43.510779,84.00888,84.132,85.41406
2022-01-22 12:11:44.008528,84.31831,84.751,85.41406
2022-01-22 12:11:44.503708,83.85417,84.184,86.12093
2022-01-22 12:11:45.002967,84.00888,84.33875,86.12093
2022-01-22 12:11:45.509032,84.1636,84.803,85.41406
2022-01-22 12:11:46.006756,83.85417,84.54425,85.41406
2022-01-22 12:11:46.501839,84.26632,84.4935,85.33489
2022-01-22 12:11:47.001335,84.1636,84.184,85.33489
2022-01-22 12:11:47.507274,84.05963,84.4935,85.92395
2022-01-22 12:11:48.005842,83.9569,84.33875,85.92395
2022-01-22 12:11:48.509506,84.1636,84.54425,86.12093
2022-01-22 12:11:49.008408,84.21434,84.4935,86.12093
2022-01-22 12:11:49.504007,83.80219,84.3895,86.51301
2022-01-22 12:11:50.001968,84.42104,84.803,86.51301
2022-01-22 12:11:50.506997,83.85417,83.8225,85.49229
2022-01-22 12:11:51.005934,83.59549,83.71975,85.49229
2022-01-22 12:11:51.505675,84.21434,84.4935,88.31979
2022-01-22 12:11:52.003082,84.42104,84.751,88.31979
2022-01-22 12:11:52.508797,83.80219,84.02925,233.5826
2022-01-22 12:11:53.006275,83.90492,84.4935,233.5826
2022-01-22 12:11:53.503412,83.7502,84.02925,212.61197
2022-01-22 12:11:54.001158,84.42104,84.54425,212.61197
2022-01-22 12:11:54.506496,83.90492,83.92525,134.69833
2022-01-22 12:11:55.004570,84.05963,84.132,134.69833
2022-01-22 12:11:55.510056,84.1636,84.4415,91.93239
2022-01-22 12:11:56.007884,84.11161,84.59625,91.93239
2022-01-22 12:11:56.504906,83.90492,84.54425,90.3226
2022-01-22 12:11:57.002824,83.54475,83.92525,90.3226
2022-01-22 12:11:57.510544,84.26632,84.4935,87.92676
2022-01-22 12:11:58.009395,84.31831,84.4935,87.92676
2022-01-22 12:11:58.503757,84.42104,84.751,87.14166
2022-01-22 12:11:59.002470,83.54475,83.92525,87.14166
2022-01-22 12:11:59.508385,84.42104,84.751,86.23875
2022-01-22 12:12:00.006786,83.69946,84.02925,86.23875
2022-01-22 12:12:00.502782,84.62773,85.318,85.64968
2022-01-22 12:12:01.010238,83.7502,84.28675,85.64968
2022-01-22 12:12:01.507759,84.1636,84.33875,86.12093
2022-01-22 12:12:02.006392,84.78245,84.90575,86.12093
2022-01-22 12:12:02.511169,84.11161,84.3895,86.27739
2022-01-22 12:12:03.010432,84.31831,84.64825,86.27739
2022-01-22 12:12:03.504683,83.54475,83.8745,86.59218
2022-01-22 12:12:04.002890,84.42104,84.90575,86.59218
2022-01-22 12:12:04.502216,83.7502,84.23475,85.37447
2022-01-22 12:12:05.001317,84.31831,84.64825,85.37447
2022-01-22 12:12:05.507151,84.42104,84.54425,85.84572
2022-01-22 12:12:06.004637,84.05963,84.3895,85.84572
2022-01-22 12:12:06.510716,84.47302,84.803,85.4527
2022-01-22 12:12:07.009484,84.1636,84.4935,85.4527
2022-01-22 12:12:07.507373,84.21434,84.699,85.92395
2022-01-22 12:12:08.006014,83.49276,84.132,85.92395
2022-01-22 12:12:08.502411,84.47302,84.803,85.72791
2022-01-22 12:12:09.001199,84.11161,84.23475,85.72791
2022-01-22 12:12:09.505486,84.21434,84.4415,86.3952
2022-01-22 12:12:10.003731,84.00888,84.3895,86.3952
2022-01-22 12:12:10.508672,84.05963,84.28675,85.84572
2022-01-22 12:12:11.002223,84.11161,84.4415,85.84572
2022-01-22 12:12:11.509881,84.1636,84.64825,85.4527
2022-01-22 12:12:12.008096,84.26632,84.64825,85.4527
2022-01-22 12:12:12.502802,83.85417,84.23475,85.88531
2022-01-22 12:12:13.010451,84.31831,84.4415,85.88531
2022-01-22 12:12:13.506447,84.1636,84.33875,85.41406
2022-01-22 12:12:14.003356,84.11161,84.33875,85.41406
2022-01-22 12:12:14.510752,84.26632,84.751,85.37447
2022-01-22 12:12:15.009619,83.64747,83.97725,85.37447
2022-01-22 12:12:15.508796,84.62773,84.85375,85.84572
2022-01-22 12:12:16.006554,83.85417,84.23475,85.84572
2022-01-22 12:12:16.501479,84.52377,85.0085,85.7675
2022-01-22 12:12:17.010938,83.9569,84.132,85.7675
2022-01-22 12:12:17.509431,84.1636,84.3895,86.19916
2022-01-22 12:12:18.007643,84.31831,84.751,86.19916
2022-01-22 12:12:18.502761,83.9569,84.54425,85.68833
2022-01-22 12:12:19.008075,84.31831,84.699,85.68833
2022-01-22 12:12:19.502051,83.90492,84.28675,85.72791
2022-01-22 12:12:20.010609,84.21434,84.28675,85.72791
2022-01-22 12:12:20.507246,84.47302,84.803,84.86364
2022-01-22 12:12:21.004083,84.11161,84.751,84.86364
2022-01-22 12:12:21.509093,84.05963,84.4935,86.43479
2022-01-22 12:12:22.007942,83.90492,84.23475,86.43479
2022-01-22 12:12:22.504029,84.52377,84.90575,85.37447
2022-01-22 12:12:23.001823,83.69946,84.28675,85.37447
2022-01-22 12:12:23.508208,84.36905,84.4935,84.94281
2022-01-22 12:12:24.006233,84.11161,84.184,84.94281
2022-01-22 12:12:24.501114,83.90492,84.184,85.7675
2022-01-22 12:12:25.008661,84.67848,85.422,85.7675
2022-01-22 12:12:25.503921,83.80219,84.28675,86.00312
2022-01-22 12:12:26.002212,84.21434,84.59625,86.00312
2022-01-22 12:12:26.507964,83.9569,84.4415,85.57051
2022-01-22 12:12:27.008529,84.31831,84.64825,85.57051
2022-01-22 12:12:27.504615,84.52377,84.64825,85.84572
2022-01-22 12:12:28.001745,83.80219,84.08,85.84572
2022-01-22 12:12:28.506972,84.36905,84.64825,85.09926
2022-01-22 12:12:29.004975,84.21434,84.64825,85.09926
2022-01-22 12:12:29.509436,84.1636,84.64825,85.7675
2022-01-22 12:12:30.007128,83.54475,84.08,85.7675
2022-01-22 12:12:30.501330,84.47302,84.803,85.84572
2022-01-22 12:12:31.010738,83.85417,84.132,85.84572
2022-01-22 12:12:31.508773,84.83319,84.699,86.04176
2022-01-22 12:12:32.007297,84.21434,84.59625,86.04176
2022-01-22 12:12:32.503328,83.9569,84.3895,85.88531
2022-01-22 12:12:33.002373,84.52377,84.699,85.88531
2022-01-22 12:12:33.508025,83.7502,84.28675,86.12093
2022-01-22 12:12:34.007245,84.1636,84.4415,86.12093
2022-01-22 12:12:34.511004,83.90492,84.3895,85.84572
2022-01-22 12:12:35.009453,84.26632,84.3895,85.84572
2022-01-22 12:12:35.503850,84.21434,84.33875,85.7675
2022-01-22 12:12:36.002801,84.73046,85.16325,85.7675
2022-01-22 12:12:36.508237,83.85417,84.184,85.49229
2022-01-22 12:12:37.004864,83.9569,84.4415,85.49229
2022-01-22 12:12:37.510102,84.26632,84.54425,85.7675
2022-01-22 12:12:38.007791,83.44078,83.97725,85.7675
2022-01-22 12:12:38.502569,84.62773,84.85375,85.68833
2022-01-22 12:12:39.001712,83.9569,84.23475,85.68833
2022-01-22 12:12:39.507013,84.31831,84.751,85.37447
2022-01-22 12:12:40.005033,84.1636,84.54425,85.37447
2022-01-22 12:12:40.510042,83.69946,84.23475,85.84572
2022-01-22 12:12:41.008297,84.1636,84.64825,85.84572
2022-01-22 12:12:41.504064,83.80219,84.751,86.15958
2022-01-22 12:12:42.002840,84.00888,84.184,86.15958
2022-01-22 12:12:42.508376,84.62773,84.699,85.33489
2022-01-22 12:12:43.006805,84.11161,84.4415,85.33489
2022-01-22 12:12:43.502164,84.36905,84.85375,85.96354
2022-01-22 12:12:44.001735,84.00888,84.132,85.96354
2022-01-22 12:12:44.507850,84.11161,84.184,85.6101
2022-01-22 12:12:45.008613,83.69946,84.4935,85.6101
2022-01-22 12:12:45.504416,84.36905,84.751,85.92395
2022-01-22 12:12:46.002849,84.21434,84.4935,85.92395
2022-01-22 12:12:46.507899,84.11161,84.23475,85.88531
2022-01-22 12:12:47.006551,84.52377,85.0085,85.88531
2022-01-22 12:12:47.503642,84.11161,84.4935,85.68833
2022-01-22 12:12:48.007824,84.21434,84.4415,85.68833
2022-01-22 12:12:48.502132,84.26632,84.699,85.72791
2022-01-22 12:12:49.010220,83.64747,83.8745,85.72791
2022-01-22 12:12:49.507858,84.47302,84.95775,85.37447
2022-01-22 12:12:50.004414,83.80219,84.132,85.37447
2022-01-22 12:12:50.510153,84.47302,84.85375,85.92395
2022-01-22 12:12:51.007960,84.05963,84.4415,85.92395
2022-01-22 12:12:51.502397,84.26632,84.64825,85.96354
2022-01-22 12:12:52.009553,84.21434,84.64825,85.96354
2022-01-22 12:12:52.504630,84.36905,84.54425,85.88531
2022-01-22 12:12:53.003388,84.11161,84.54425,85.88531
2022-01-22 12:12:53.509647,84.21434,84.4935,85.84572
2022-01-22 12:12:54.008891,84.31831,84.751,85.84572
2022-01-22 12:12:54.503172,83.90492,84.4415,86.19916
2022-01-22 12:12:55.001535,84.26632,84.64825,86.19916
2022-01-22 12:12:55.507416,83.64747,84.184,86.04176
2022-01-22 12:12:56.005122,84.47302,84.85375,86.04176
2022-01-22 12:12:56.509795,83.90492,84.4415,85.33489
2022-01-22 12:12:57.007725,84.26632,84.3895,85.33489
2022-01-22 12:12:57.505119,84.00888,84.33875,85.53187
2022-01-22 12:12:58.003647,84.42104,84.699,85.53187
2022-01-22 12:12:58.501285,83.85417,84.132,85.49229
2022-01-22 12:12:59.009397,84.05963,84.54425,85.49229
2022-01-22 12:12:59.505694,84.21434,84.54425,85.6101
2022-01-22 12:13:00.004152,83.90492,84.4415,85.6101
2022-01-22 12:13:00.502616,84.57575,84.803,85.29625
2022-01-22 12:13:01.001834,83.80219,84.02925,85.29625
2022-01-22 12:13:01.508041,84.26632,84.64825,85.88531
2022-01-22 12:13:02.007312,84.52377,84.751,85.88531
2022-01-22 12:13:02.503845,83.7502,84.132,85.7675
2022-01-22 12:13:03.002176,84.52377,84.751,85.7675
2022-01-22 12:13:03.507647,83.28607,83.92525,85.41406
2022-01-22 12:13:04.005321,84.83319,85.0085,85.41406
2022-01-22 12:13:04.510228,84.1636,84.4415,85.88531
2022-01-22 12:13:05.008371,84.00888,84.184,85.88531
2022-01-22 12:13:05.503359,84.42104,84.751,85.84572
2022-01-22 12:13:06.002094,83.9569,84.4935,85.84572
2022-01-22 12:13:06.509086,83.85417,84.184,85.96354
2022-01-22 12:13:07.006775,84.26632,84.85375,85.96354
2022-01-22 12:13:07.501131,83.7502,83.8225,85.37447
2022-01-22 12:13:08.009249,84.52377,85.16325,85.37447
2022-01-22 12:13:08.504313,84.05963,84.33875,85.49229
2022-01-22 12:13:09.002316,84.52377,84.751,85.49229
2022-01-22 12:13:09.509347,83.7502,84.132,85.6101
2022-01-22 12:13:10.008125,84.26632,84.699,85.6101
2022-01-22 12:13:10.505505,83.90492,84.28675,85.25666
2022-01-22 12:13:11.010635,84.11161,84.23475,85.25666
2022-01-22 12:13:11.505078,84.31831,84.95775,86.08135
2022-01-22 12:13:12.003361,83.85417,84.08,86.08135
2022-01-22 12:13:12.509881,84.67848,84.64825,85.88531
2022-01-22 12:13:13.008582,84.00888,84.23475,85.88531
2022-01-22 12:13:13.506466,84.42104,84.64825,85.64968
2022-01-22 12:13:14.004367,84.11161,84.64825,85.64968
2022-01-22 12:13:14.501953,83.80219,84.23475,86.23875
2022-01-22 12:13:15.010643,84.1636,84.64825,86.23875
2022-01-22 12:13:15.505044,84.00888,84.28675,86.35656
2022-01-22 12:13:16.003222,84.47302,84.803,86.35656
2022-01-22 12:13:16.509217,84.05963,84.33875,85.64968
2022-01-22 12:13:17.007241,84.1636,84.3895,85.64968
2022-01-22 12:13:17.502589,83.7502,84.08,85.29625
2022-01-22 12:13:18.009510,84.47302,84.699,85.29625
2022-01-22 12:13:18.505671,83.49276,84.28675,85.64968
2022-01-22 12:13:19.002786,83.9569,84.23475,85.64968
2022-01-22 12:13:19.510478,84.47302,84.59625,85.64968
2022-01-22 12:13:20.001801,84.00888,84.33875,85.64968
2022-01-22 12:13:20.506743,84.73046,85.1125,86.5526
2022-01-22 12:13:21.004639,83.69946,84.132,86.5526
2022-01-22 12:13:21.509808,84.26632,84.3895,85.7675
2022-01-22 12:13:22.006980,83.69946,84.33875,85.7675
2022-01-22 12:13:22.502677,84.62773,84.95775,85.33489
2022-01-22 12:13:23.010731,83.59549,83.7705,85.33489
2022-01-22 12:13:23.507166,84.57575,84.751,86.08135
2022-01-22 12:13:24.004977,83.90492,84.02925,86.08135
2022-01-22 12:13:24.502666,84.36905,84.803,85.17843
2022-01-22 12:13:25.010941,84.57575,84.90575,85.17843
2022-01-22 12:13:25.508795,83.13135,83.8745,86.04176
2022-01-22 12:13:26.007188,84.62773,84.90575,86.04176
2022-01-22 12:13:26.503340,83.9569,84.59625,85.09926
2022-01-22 12:13:27.002295,84.11161,84.23475,85.09926
2022-01-22 12:13:27.506602,84.52377,84.59625,85.80614
2022-01-22 12:13:28.005496,83.49276,83.92525,85.80614
2022-01-22 12:13:28.501225,84.67848,84.803,85.4527
2022-01-22 12:13:29.009480,83.9569,84.33875,85.4527
2022-01-22 12:13:29.505151,84.11161,84.4415,85.37447
2022-01-22 12:13:30.003243,83.7502,84.3895,85.37447
2022-01-22 12:13:30.508596,84.31831,84.59625,85.53187
2022-01-22 12:13:31.006846,84.26632,84.33875,85.53187
2022-01-22 12:13:31.502585,84.62773,85.0085,86.51301
2022-01-22 12:13:32.010893,83.90492,84.132,86.51301
2022-01-22 12:13:32.506294,83.9569,84.4415,85.80614
2022-01-22 12:13:33.004331,84.11161,84.33875,85.80614
2022-01-22 12:13:33.510401,84.05963,84.803,85.80614
2022-01-22 12:13:34.007944,84.21434,84.54425,85.80614
2022-01-22 12:13:34.504227,84.47302,84.85375,86.31697
2022-01-22 12:13:35.001787,83.90492,84.33875,86.31697
2022-01-22 12:13:35.506994,84.00888,84.28675,85.7675
2022-01-22 12:13:36.005418,84.52377,85.0605,85.7675
2022-01-22 12:13:36.510764,83.9569,84.33875,86.5526
2022-01-22 12:13:37.010269,83.90492,84.59625,86.5526
2022-01-22 12:13:37.504711,83.90492,84.08,86.15958
2022-01-22 12:13:38.003346,84.67848,84.751,86.15958
2022-01-22 12:13:38.509049,83.9569,84.23475,85.37447
2022-01-22 12:13:39.007917,84.26632,84.54425,85.37447
2022-01-22 12:13:39.503922,83.85417,84.23475,86.15958
2022-01-22 12:13:40.002371,84.42104,84.59625,86.15958
2022-01-22 12:13:40.507295,83.80219,84.64825,85.57051
2022-01-22 12:13:41.006400,84.1636,84.699,85.57051
2022-01-22 12:13:41.504295,84.00888,84.08,85.84572
2022-01-22 12:13:42.003026,84.26632,84.4415,85.84572
2022-01-22 12:13:42.508177,84.52377,84.64825,85.84572
2022-01-22 12:13:43.006353,83.9569,84.4935,85.84572
2022-01-22 12:13:43.503056,84.00888,84.184,85.80614
2022-01-22 12:13:44.010977,83.90492,84.33875,85.80614
2022-01-22 12:13:44.507902,84.21434,84.751,85.4527
2022-01-22 12:13:45.006583,84.00888,84.4935,85.4527
2022-01-22 12:13:45.502486,84.36905,84.64825,85.53187
2022-01-22 12:13:46.009442,84.26632,84.33875,85.53187
2022-01-22 12:13:46.503909,83.85417,84.33875,85.4527
2022-01-22 12:13:47.003054,84.78245,85.0605,85.4527
2022-01-22 12:13:47.510042,83.39003,84.08,86.08135
2022-01-22 12:13:48.007967,84.52377,84.751,86.08135
2022-01-22 12:13:48.504215,83.28607,83.8745,85.84572
2022-01-22 12:13:49.002334,84.88517,85.0605,85.84572
2022-01-22 12:13:49.509732,84.05963,84.23475,86.19916
2022-01-22 12:13:50.007523,83.85417,84.23475,86.19916
2022-01-22 12:13:50.504847,84.31831,84.4935,85.88531
2022-01-22 12:13:51.002825,83.80219,84.4415,85.88531
2022-01-22 12:13:51.508892,84.42104,84.699,85.88531
2022-01-22 12:13:52.009534,83.80219,84.33875,85.88531
2022-01-22 12:13:52.505042,84.11161,84.28675,86.12093
2022-01-22 12:13:53.002757,84.26632,84.28675,86.12093
2022-01-22 12:13:53.509647,84.47302,84.751,85.68833
2022-01-22 12:13:54.009003,83.9569,84.184,85.68833
2022-01-22 12:13:54.503306,84.42104,84.90575,85.29625
2022-01-22 12:13:55.002153,84.00888,84.33875,85.29625
2022-01-22 12:13:55.508161,83.80219,84.54425,86.00312
2022-01-22 12:13:56.006286,84.52377,84.699,86.00312
2022-01-22 12:13:56.502820,84.05963,84.23475,85.64968
2022-01-22 12:13:57.001126,84.42104,84.699,85.64968
2022-01-22 12:13:57.507404,84.11161,84.33875,85.88531
2022-01-22 12:13:58.004341,84.42104,84.95775,85.88531
2022-01-22 12:13:58.508891,83.9569,84.33875,85.25666
2022-01-22 12:13:59.007469,83.7502,84.4415,85.25666
2022-01-22 12:13:59.503801,84.05963,84.3895,85.80614
2022-01-22 12:14:00.001913,84.21434,84.4935,85.80614
2022-01-22 12:14:00.508572,84.42104,84.751,85.64968
2022-01-22 12:14:01.007141,84.1636,84.33875,85.64968
2022-01-22 12:14:01.503044,84.31831,84.85375,86.04176
2022-01-22 12:14:02.005010,84.05963,84.23475,86.04176
2022-01-22 12:14:02.509007,84.26632,84.803,86.23875
2022-01-22 12:14:03.007874,84.05963,84.28675,86.23875
2022-01-22 12:14:03.502778,84.00888,84.3895,85.41406
2022-01-22 12:14:04.010291,84.26632,84.64825,85.41406
2022-01-22 12:14:04.505711,84.52377,84.3895,86.04176
2022-01-22 12:14:05.005837,83.59549,84.132,86.04176
2022-01-22 12:14:05.501393,84.57575,84.85375,85.37447
2022-01-22 12:14:06.010730,83.69946,84.23475,85.37447
2022-01-22 12:14:06.506402,84.26632,84.4935,85.41406
2022-01-22 12:14:07.003753,83.9569,84.4415,85.41406
2022-01-22 12:14:07.509555,84.1636,84.54425,86.27739
2022-01-22 12:14:08.007622,84.36905,84.4415,86.27739
2022-01-22 12:14:08.503223,83.9569,84.33875,86.3952
2022-01-22 12:14:09.002868,84.1636,84.4935,86.3952
2022-01-22 12:14:09.509377,83.85417,84.4415,85.68833
2022-01-22 12:14:10.008477,84.47302,84.803,85.68833
2022-01-22 12:14:10.503253,83.59549,84.132,85.53187
2022-01-22 12:14:11.007174,84.42104,84.54425,85.53187
2022-01-22 12:14:11.501992,84.47302,84.64825,85.57051
2022-01-22 12:14:12.010580,83.85417,84.28675,85.57051
2022-01-22 12:14:12.506316,84.26632,84.4415,85.4527
2022-01-22 12:14:13.003887,83.64747,84.23475,85.4527
2022-01-22 12:14:13.502470,84.05963,84.132,85.53187
2022-01-22 12:14:14.010196,83.90492,84.33875,85.53187
2022-01-22 12:14:14.506638,84.00888,84.132,236.33187
2022-01-22 12:14:15.003263,84.21434,84.28675,236.33187
2022-01-22 12:14:15.508629,84.42104,84.803,214.06531
2022-01-22 12:14:16.005827,83.7502,84.08,214.06531
2022-01-22 12:14:16.511074,83.59549,84.132,169.57083
2022-01-22 12:14:17.009790,84.31831,84.59625,169.57083
2022-01-22 12:14:17.505878,83.80219,84.23475,102.65333
2022-01-22 12:14:18.006032,84.88517,85.0605,102.65333
2022-01-22 12:14:18.510931,83.23532,83.35825,90.08697
2022-01-22 12:14:19.009923,84.47302,84.64825,90.08697
2022-01-22 12:14:19.505240,84.05963,84.02925,88.39801
2022-01-22 12:14:20.003643,84.31831,84.90575,88.39801
2022-01-22 12:14:20.509072,84.00888,84.33875,87.06343
2022-01-22 12:14:21.007903,84.1636,84.59625,87.06343
2022-01-22 12:14:21.503045,84.1636,84.4935,86.67041
2022-01-22 12:14:22.001743,84.11161,84.699,86.67041
2022-01-22 12:14:22.509299,84.62773,84.90575,85.72791
2022-01-22 12:14:23.007470,83.85417,83.71975,85.72791
2022-01-22 12:14:23.503514,84.1636,84.751,86.94562
2022-01-22 12:14:24.001389,84.1636,84.4935,86.94562
2022-01-22 12:14:24.506293,84.62773,85.0085,86.19916
2022-01-22 12:14:25.004394,83.7502,84.08,86.19916
2022-01-22 12:14:25.510376,83.69946,84.23475,85.64968
2022-01-22 12:14:26.008179,84.67848,85.0085,85.64968
2022-01-22 12:14:26.503182,84.26632,84.4415,86.74864
2022-01-22 12:14:27.002200,84.36905,84.85375,86.74864
2022-01-22 12:14:27.508986,83.9569,84.132,86.59218
2022-01-22 12:14:28.006948,84.1636,84.90575,86.59218
2022-01-22 12:14:28.501535,84.05963,84.28675,85.37447
2022-01-22 12:14:29.009969,83.9569,84.54425,85.37447
2022-01-22 12:14:29.505523,83.85417,84.184,86.86645
2022-01-22 12:14:30.003674,84.36905,84.4415,86.86645
2022-01-22 12:14:30.510565,84.11161,84.54425,85.49229
2022-01-22 12:14:31.008529,84.00888,84.28675,85.49229
2022-01-22 12:14:31.504470,84.47302,85.0605,85.53187
2022-01-22 12:14:32.003131,83.7502,84.02925,85.53187
2022-01-22 12:14:32.510463,84.05963,84.64825,86.67041
2022-01-22 12:14:33.008337,84.1636,84.64825,86.67041
2022-01-22 12:14:33.506806,84.52377,84.64825,85.7675
2022-01-22 12:14:34.005433,84.11161,84.3895,85.7675
2022-01-22 12:14:34.510641,84.26632,84.4935,85.92395
2022-01-22 12:14:35.008394,83.85417,84.28675,85.92395
2022-01-22 12:14:35.503669,84.93716,85.16325,86.15958
2022-01-22 12:14:36.001777,83.44078,84.132,86.15958
2022-01-22 12:14:36.508453,84.36905,84.751,86.00312
2022-01-22 12:14:37.006481,83.7502,84.08,86.00312
2022-01-22 12:14:37.501389,84.47302,84.751,85.53187
2022-01-22 12:14:38.009086,84.57575,84.59625,85.53187
2022-01-22 12:14:38.505093,83.59549,84.184,85.57051
2022-01-22 12:14:39.002888,84.42104,84.64825,85.57051
2022-01-22 12:14:39.508488,84.05963,84.33875,85.4527
2022-01-22 12:14:40.006793,84.31831,84.803,85.4527
2022-01-22 12:14:40.503709,83.80219,84.4415,85.29625
2022-01-22 12:14:41.001424,84.21434,84.54425,85.29625
2022-01-22 12:14:41.507252,84.31831,84.3895,85.96354
2022-01-22 12:14:42.005707,84.31831,84.803,85.96354
2022-01-22 12:14:42.510349,84.62773,84.803,86.5526
2022-01-22 12:14:43.009914,83.85417,84.4415,86.5526
2022-01-22 12:14:43.505197,84.11161,84.33875,85.84572
2022-01-22 12:14:44.003697,83.90492,84.4415,85.84572
2022-01-22 12:14:44.501707,84.67848,85.1125,85.80614
2022-01-22 12:14:45.010364,84.11161,84.184,85.80614
2022-01-22 12:14:45.506243,84.00888,84.64825,86.23875
2022-01-22 12:14:46.003823,83.85417,84.02925,86.23875
2022-01-22 12:14:46.509693,84.47302,85.0605,85.80614
2022-01-22 12:14:47.007954,84.36905,84.90575,85.80614
2022-01-22 12:14:47.504125,83.44078,83.92525,86.15958
2022-01-22 12:14:48.002892,84.52377,84.751,86.15958
2022-01-22 12:14:48.507911,84.21434,84.33875,85.41406
2022-01-22 12:14:49.006058,84.52377,85.0085,85.41406
2022-01-22 12:14:49.502952,83.64747,84.08,85.84572
2022-01-22 12:14:50.001159,84.11161,84.4415,85.84572
2022-01-22 12:14:50.506047,84.00888,84.3895,85.57051
2022-01-22 12:14:51.003631,84.26632,84.85375,85.57051
2022-01-22 12:14:51.507960,83.9569,84.184,85.80614
2022-01-22 12:14:52.007302,84.52377,84.54425,85.80614
2022-01-22 12:14:52.502561,84.00888,84.4935,85.37447
2022-01-22 12:14:53.009963,84.47302,84.64825,85.37447
2022-01-22 12:14:53.506430,84.1636,84.54425,85.49229
2022-01-22 12:14:54.003422,84.26632,84.54425,85.49229
2022-01-22 12:14:54.509016,83.64747,84.02925,85.88531
2022-01-22 12:14:55.007742,84.52377,84.90575,85.88531
2022-01-22 12:14:55.503513,84.05963,84.33875,86.27739
2022-01-22 12:14:56.002647,84.31831,84.59625,86.27739
2022-01-22 12:14:56.509619,84.11161,84.4415,84.98145
2022-01-22 12:14:57.007729,83.64747,84.132,84.98145
2022-01-22 12:14:57.502721,84.57575,84.85375,85.57051
2022-01-22 12:14:58.002188,84.05963,84.4935,85.57051
2022-01-22 12:14:58.506723,84.05963,84.3895,85.68833
2022-01-22 12:14:59.004043,83.90492,84.4935,85.68833
2022-01-22 12:14:59.501122,84.21434,84.4935,85.37447
2022-01-22 12:15:00.009188,84.78245,84.95775,85.37447
2022-01-22 12:15:00.503194,83.7502,84.184,85.41406
2022-01-22 12:15:01.001048,84.36905,84.803,85.41406
2022-01-22 12:15:01.506810,83.49276,83.8745,85.72791
2022-01-22 12:15:02.004991,84.47302,84.751,85.72791
2022-01-22 12:15:02.510226,83.80219,84.33875,85.37447
2022-01-22 12:15:03.008206,84.47302,85.0085,85.37447
2022-01-22 12:15:03.503467,84.31831,84.4415,86.51301
2022-01-22 12:15:04.002056,83.9569,84.184,86.51301
2022-01-22 12:15:04.507788,84.78245,84.90575,85.84572
2022-01-22 12:15:05.006578,83.7502,84.184,85.84572
2022-01-22 12:15:05.501897,84.42104,84.803,85.84572
2022-01-22 12:15:06.009740,83.39003,83.71975,85.84572
2022-01-22 12:15:06.508041,84.36905,84.85375,85.57051
2022-01-22 12:15:07.007639,84.00888,84.33875,85.57051
2022-01-22 12:15:07.502789,84.21434,84.64825,85.84572
2022-01-22 12:15:08.002727,84.1636,84.08,85.84572
2022-01-22 12:15:08.508149,84.26632,84.64825,85.33489
2022-01-22 12:15:09.008770,84.62773,84.803,85.33489
2022-01-22 12:15:09.504498,83.59549,84.02925,85.33489
2022-01-22 12:15:10.002841,84.31831,84.95775,85.33489
2022-01-22 12:15:10.508356,83.85417,83.97725,85.84572
2022-01-22 12:15:11.004988,84.83319,85.318,85.84572
2022-01-22 12:15:12.005079,83.9569,84.3895,85.84572
2022-01-22 12:15:12.501160,84.52377,84.64825,86.19916
2022-01-22 12:15:13.009623,83.69946,84.28675,86.19916
2022-01-22 12:15:13.505753,84.93716,85.26725,85.68833
2022-01-22 12:15:14.003776,83.08061,83.66775,85.68833
2022-01-22 12:15:14.508397,84.73046,85.1125,86.19916
2022-01-22 12:15:15.006486,83.90492,83.97725,86.19916
2022-01-22 12:15:15.503511,84.52377,85.0085,85.53187
2022-01-22 12:15:16.002004,83.90492,84.132,85.53187
2022-01-22 12:15:16.507540,84.11161,84.4415,85.7675
2022-01-22 12:15:17.006958,84.05963,84.4415,85.7675
2022-01-22 12:15:17.502838,83.64747,84.132,85.7675
2022-01-22 12:15:18.010557,84.62773,84.95775,85.7675
2022-01-22 12:15:18.505634,84.1636,84.08,85.64968
2022-01-22 12:15:19.004157,83.9569,84.3895,85.64968
2022-01-22 12:15:19.509867,84.57575,84.95775,85.64968
2022-01-22 12:15:20.009504,83.59549,83.8225,85.64968
2022-01-22 12:15:20.506495,84.47302,84.85375,86.12093
2022-01-22 12:15:21.004776,83.59549,84.4415,86.12093
2022-01-22 12:15:21.511100,84.05963,84.4415,85.80614
2022-01-22 12:15:22.001715,84.57575,84.64825,85.80614
2022-01-22 12:15:22.508931,83.90492,84.132,85.7675
2022-01-22 12:15:23.006251,84.42104,84.59625,85.7675
2022-01-22 12:15:23.502299,84.1636,84.59625,86.67041
2022-01-22 12:15:24.010489,84.26632,84.59625,86.67041
2022-01-22 12:15:24.506454,83.69946,84.23475,85.09926
2022-01-22 12:15:25.004322,84.1636,84.64825,85.09926
2022-01-22 12:15:25.510011,84.36905,84.54425,85.72791
2022-01-22 12:15:26.008916,84.31831,84.64825,85.72791
2022-01-22 12:15:26.504213,83.80219,84.23475,86.19916
2022-01-22 12:15:27.002738,84.1636,84.4415,86.19916
2022-01-22 12:15:27.509082,84.31831,84.803,85.53187
2022-01-22 12:15:28.007574,83.54475,84.132,85.53187
2022-01-22 12:15:28.503228,84.52377,84.85375,86.04176
2022-01-22 12:15:29.001436,84.05963,84.28675,86.04176
2022-01-22 12:15:29.507291,84.36905,84.59625,85.84572
2022-01-22 12:15:30.007173,84.00888,84.4415,85.84572
2022-01-22 12:15:30.502573,84.11161,84.4935,85.29625
2022-01-22 12:15:31.010762,84.1636,84.4415,85.29625
2022-01-22 12:15:31.505943,83.90492,84.33875,85.84572
2022-01-22 12:15:32.004322,84.26632,84.85375,85.84572
2022-01-22 12:15:32.509735,83.39003,83.7705,85.29625
2022-01-22 12:15:33.009749,84.9879,85.26725,85.29625
2022-01-22 12:15:33.505122,83.90492,83.97725,85.57051
2022-01-22 12:15:34.003405,84.11161,84.4935,85.57051
2022-01-22 12:15:34.510189,84.1636,84.54425,85.7675
2022-01-22 12:15:35.001143,84.00888,84.33875,85.7675
2022-01-22 12:15:35.506672,84.52377,84.90575,85.41406
2022-01-22 12:15:36.005838,83.49276,84.02925,85.41406
2022-01-22 12:15:36.510203,84.11161,84.28675,85.80614
2022-01-22 12:15:37.009041,84.36905,84.4935,85.80614
2022-01-22 12:15:37.502959,84.52377,84.85375,85.49229
2022-01-22 12:15:38.011162,83.90492,84.132,85.49229
2022-01-22 12:15:38.507582,83.7502,84.23475,85.7675
2022-01-22 12:15:39.006257,84.11161,84.751,85.7675
2022-01-22 12:15:39.501761,83.85417,84.4935,85.6101
2022-01-22 12:15:40.010242,84.67848,84.95775,85.6101
2022-01-22 12:15:40.509055,83.44078,83.565,85.6101
2022-01-22 12:15:41.006575,84.52377,84.803,85.6101
2022-01-22 12:15:41.502173,84.36905,84.59625,85.21708
2022-01-22 12:15:42.010217,84.00888,84.4415,85.21708
2022-01-22 12:15:42.505091,84.31831,84.751,85.84572
2022-01-22 12:15:43.003203,83.54475,84.08,85.84572
2022-01-22 12:15:43.508742,84.11161,84.33875,85.49229
2022-01-22 12:15:44.007053,84.42104,84.803,85.49229
2022-01-22 12:15:45.004201,84.26632,84.4935,85.09926
2022-01-22 12:15:45.509112,84.21434,84.4415,85.72791
2022-01-22 12:15:46.006675,84.00888,84.59625,85.72791
2022-01-22 12:15:46.501053,84.57575,85.0605,85.02104
2022-01-22 12:15:47.008522,83.59549,83.92525,85.02104
2022-01-22 12:15:47.505145,84.11161,84.33875,86.12093
2022-01-22 12:15:48.003711,84.05963,84.23475,86.12093
2022-01-22 12:15:48.509641,84.78245,85.1125,86.08135
