時間,回転１,回転２,回転３
2022-01-22 11:00:00.009146,40.4307,40.38975,0.0
2022-01-22 11:00:00.503120,40.01855,40.02825,0.0
2022-01-22 11:00:01.001569,40.32797,39.66675,0.0
2022-01-22 11:00:01.508605,40.17326,41.00875,0.0
2022-01-22 11:00:02.006962,39.91582,40.235,0.0
2022-01-22 11:00:02.510668,39.81185,39.40925,0.0
2022-01-22 11:00:03.008446,39.65714,40.59525,0.0
2022-01-22 11:00:03.504075,40.22525,40.90475,0.0
2022-01-22 11:00:04.001119,40.53467,40.33775,0.0
2022-01-22 11:00:04.510011,40.37996,39.9255,0.0
2022-01-22 11:00:05.007924,40.07053,41.62775,0.0
2022-01-22 11:00:05.507152,39.91582,40.802,0.0
2022-01-22 11:00:06.006301,39.50243,39.616,0.0
2022-01-22 11:00:06.501642,40.53467,39.09975,0.0
2022-01-22 11:00:07.009961,40.32797,41.0595,0.0
2022-01-22 11:00:07.505131,39.50243,40.33775,0.0
2022-01-22 11:00:08.003515,40.32797,39.66675,0.0
2022-01-22 11:00:08.509119,39.86384,40.802,0.0
2022-01-22 11:00:09.007485,39.76111,41.26625,0.0
2022-01-22 11:00:09.503679,39.96657,40.59525,0.0
2022-01-22 11:00:10.001275,40.68938,39.46125,0.0
2022-01-22 11:00:10.506839,40.22525,41.1115,0.0
2022-01-22 11:00:11.010768,40.27599,40.4925,0.0
2022-01-22 11:00:11.506187,39.76111,39.512,0.0
2022-01-22 11:00:12.004429,40.01855,39.8735,0.0
2022-01-22 11:00:12.510656,40.12128,41.369,0.0
2022-01-22 11:00:13.008837,40.22525,40.854,0.0
2022-01-22 11:00:13.504535,40.07053,40.02825,0.0
2022-01-22 11:00:14.002423,39.76111,40.33775,0.0
2022-01-22 11:00:14.506930,40.37996,40.69925,0.0
2022-01-22 11:00:15.005480,40.32797,40.28575,0.0
2022-01-22 11:00:15.501340,40.48269,39.71875,0.0
2022-01-22 11:00:16.010190,40.4307,40.64725,0.0
2022-01-22 11:00:16.505414,40.4307,40.4925,0.0
2022-01-22 11:00:17.004568,39.96657,39.9255,0.0
2022-01-22 11:00:17.510980,40.99881,40.69925,0.0
2022-01-22 11:00:18.008934,40.17326,41.1635,0.0
2022-01-22 11:00:18.503891,39.96657,40.5445,0.0
2022-01-22 11:00:19.003145,39.3997,39.46125,0.0
2022-01-22 11:00:19.509110,39.6064,40.90475,0.0
2022-01-22 11:00:20.006910,40.94682,41.00875,0.0
2022-01-22 11:00:20.502755,40.6374,39.77075,0.0
2022-01-22 11:00:21.001299,40.4307,39.616,0.0
2022-01-22 11:00:21.507377,39.96657,41.00875,0.0
2022-01-22 11:00:22.005204,39.34772,40.802,0.0
2022-01-22 11:00:22.502526,39.29697,40.235,0.0
2022-01-22 11:00:23.011001,40.79211,39.77075,0.0
2022-01-22 11:00:23.508045,40.4307,41.0595,0.0
2022-01-22 11:00:24.005938,40.89484,40.4405,0.0
2022-01-22 11:00:24.503415,40.17326,39.40925,0.0
2022-01-22 11:00:25.003110,39.96657,40.5445,0.0
2022-01-22 11:00:25.509535,40.01855,40.5445,0.0
2022-01-22 11:00:26.007776,40.27599,40.38975,0.0
2022-01-22 11:00:26.503721,40.74013,39.8215,0.0
2022-01-22 11:00:27.003245,40.22525,41.473,0.0
2022-01-22 11:00:27.508308,39.70912,41.00875,0.0
2022-01-22 11:00:28.007274,39.70912,39.97625,0.0
2022-01-22 11:00:28.501813,39.55441,39.9255,0.0
2022-01-22 11:00:29.009061,39.65714,41.31825,0.0
2022-01-22 11:00:29.503699,40.27599,40.95675,0.0
2022-01-22 11:00:30.002201,40.17326,39.9255,0.0
2022-01-22 11:00:30.506989,40.01855,39.8215,0.0
2022-01-22 11:00:31.006610,39.70912,40.64725,0.0
2022-01-22 11:00:31.502012,40.12128,40.4405,0.0
2022-01-22 11:00:32.010072,40.68938,39.8735,0.0
2022-01-22 11:00:32.506512,40.22525,40.64725,0.0
2022-01-22 11:00:33.003875,39.91582,40.75,0.0
2022-01-22 11:00:33.509223,39.24499,39.9255,0.0
2022-01-22 11:00:34.009059,40.74013,39.512,0.0
2022-01-22 11:00:34.506790,40.58542,41.1115,0.0
2022-01-22 11:00:35.004610,40.58542,40.5445,0.0
2022-01-22 11:00:35.503104,40.17326,39.2545,0.0
2022-01-22 11:00:36.007975,40.01855,39.66675,0.0
2022-01-22 11:00:36.504159,39.34772,41.6785,0.0
2022-01-22 11:00:37.004183,40.6374,40.69925,0.0
2022-01-22 11:00:37.510500,40.99881,39.46125,0.0
2022-01-22 11:00:38.008296,40.37996,40.64725,0.0
2022-01-22 11:00:38.504603,39.76111,41.0595,0.0
2022-01-22 11:00:39.002132,39.65714,40.183,0.0
2022-01-22 11:00:39.508922,40.17326,39.15175,0.0
2022-01-22 11:00:40.007914,40.17326,40.4925,0.0
2022-01-22 11:00:40.501513,40.12128,40.69925,0.0
2022-01-22 11:00:41.010672,40.32797,39.8735,0.0
2022-01-22 11:00:41.506920,39.96657,40.69925,0.0
2022-01-22 11:00:42.004298,40.01855,41.0595,0.0
2022-01-22 11:00:42.509696,40.48269,40.28575,0.0
2022-01-22 11:00:43.007847,40.79211,39.71875,0.0
2022-01-22 11:00:43.503594,40.4307,41.00875,0.0
2022-01-22 11:00:44.002435,40.12128,39.9255,0.0
2022-01-22 11:00:44.508920,39.76111,39.35725,0.0
2022-01-22 11:00:45.006603,39.50243,40.59525,0.0
2022-01-22 11:00:45.503246,40.07053,40.95675,0.0
2022-01-22 11:00:46.002412,40.07053,40.235,0.0
2022-01-22 11:00:46.507281,40.32797,39.8215,0.0
2022-01-22 11:00:47.006547,40.68938,40.854,0.0
2022-01-22 11:00:47.501663,40.27599,41.00875,0.0
2022-01-22 11:00:48.009360,40.07053,40.08025,0.0
2022-01-22 11:00:48.506784,39.29697,39.564,0.0
2022-01-22 11:00:49.004070,40.4307,40.69925,0.0
2022-01-22 11:00:49.510558,40.12128,40.4925,0.0
2022-01-22 11:00:50.009820,39.76111,39.77075,0.0
2022-01-22 11:00:50.503764,40.53467,40.4405,0.0
2022-01-22 11:00:51.001870,39.91582,41.473,0.0
2022-01-22 11:00:51.508962,40.27599,40.64725,0.0
2022-01-22 11:00:52.006752,39.76111,39.66675,0.0
2022-01-22 11:00:52.502506,40.89484,40.802,0.0
2022-01-22 11:00:53.001837,40.32797,40.69925,0.0
2022-01-22 11:00:53.508067,40.6374,40.235,0.0
2022-01-22 11:00:54.006859,39.45168,39.04775,0.0
2022-01-22 11:00:54.503399,40.07053,41.1115,0.0
2022-01-22 11:00:55.002018,40.27599,41.473,0.0
2022-01-22 11:00:55.507517,39.96657,40.33775,0.0
2022-01-22 11:00:56.005711,40.53467,39.46125,0.0
2022-01-22 11:00:56.501754,39.86384,41.57575,0.0
2022-01-22 11:00:57.010367,39.86384,40.90475,0.0
2022-01-22 11:00:57.506609,39.81185,39.66675,0.0
2022-01-22 11:00:58.004499,40.89484,39.512,0.0
2022-01-22 11:00:58.510788,40.32797,40.90475,0.0
2022-01-22 11:00:59.008427,40.12128,40.235,0.0
2022-01-22 11:00:59.505467,39.50243,39.9255,0.0
2022-01-22 11:01:00.003002,40.6374,41.369,0.0
2022-01-22 11:01:00.507473,40.27599,41.00875,0.0
2022-01-22 11:01:01.005064,40.27599,39.8215,0.0
2022-01-22 11:01:01.504041,39.55441,39.46125,0.0
2022-01-22 11:01:02.002329,40.4307,40.802,0.0
2022-01-22 11:01:02.508088,40.32797,40.75,0.0
2022-01-22 11:01:03.010006,39.76111,39.8215,0.0
2022-01-22 11:01:03.505956,40.79211,40.02825,0.0
2022-01-22 11:01:04.004395,40.22525,41.26625,0.0
2022-01-22 11:01:04.509884,39.81185,40.4925,0.0
2022-01-22 11:01:05.008812,39.193,39.77075,0.0
2022-01-22 11:01:05.503292,40.58542,40.28575,0.0
2022-01-22 11:01:06.003489,40.27599,40.95675,0.0
2022-01-22 11:01:06.508659,40.4307,40.183,0.0
2022-01-22 11:01:07.006862,40.07053,39.97625,0.0
2022-01-22 11:01:07.502486,40.68938,41.31825,0.0
2022-01-22 11:01:08.010477,40.22525,40.59525,0.0
2022-01-22 11:01:08.505890,40.79211,39.46125,0.0
2022-01-22 11:01:09.003584,40.53467,41.0595,0.0
2022-01-22 11:01:09.511336,39.86384,41.6785,0.0
2022-01-22 11:01:10.010880,39.96657,40.38975,0.0
2022-01-22 11:01:10.504924,39.70912,38.5835,0.0
2022-01-22 11:01:11.008518,40.27599,40.69925,0.0
2022-01-22 11:01:11.505163,39.29697,41.21425,0.0
2022-01-22 11:01:12.003339,40.07053,40.183,0.0
2022-01-22 11:01:12.510703,40.48269,39.616,0.0
2022-01-22 11:01:13.010510,40.32797,41.1635,0.0
2022-01-22 11:01:13.506753,40.01855,41.21425,0.0
2022-01-22 11:01:14.007295,39.91582,40.08025,0.0
2022-01-22 11:01:14.503305,39.65714,39.66675,0.0
2022-01-22 11:01:15.001682,40.01855,41.1635,0.0
2022-01-22 11:01:15.509232,40.48269,40.802,0.0
2022-01-22 11:01:16.007197,39.70912,39.77075,0.0
2022-01-22 11:01:16.503219,40.27599,40.28575,0.0
2022-01-22 11:01:17.001164,40.12128,41.0595,0.0
2022-01-22 11:01:17.507451,39.96657,40.02825,0.0
2022-01-22 11:01:18.007188,40.27599,40.02825,0.0
2022-01-22 11:01:18.501792,40.27599,41.1115,0.0
2022-01-22 11:01:19.010447,40.27599,40.38975,0.0
2022-01-22 11:01:19.506095,39.96657,39.616,0.0
2022-01-22 11:01:20.005047,40.27599,40.28575,0.0
2022-01-22 11:01:20.509737,40.74013,41.369,0.0
2022-01-22 11:01:21.007734,40.07053,40.4405,0.0
2022-01-22 11:01:21.503746,39.91582,39.40925,0.0
2022-01-22 11:01:22.002698,39.86384,40.4925,0.0
2022-01-22 11:01:22.506796,39.55441,41.0595,0.0
2022-01-22 11:01:23.004498,39.81185,40.02825,0.0
2022-01-22 11:01:23.510355,39.65714,39.71875,0.0
2022-01-22 11:01:24.007035,40.94682,41.473,0.0
2022-01-22 11:01:24.503968,40.27599,41.00875,0.0
2022-01-22 11:01:25.011241,40.12128,39.97625,0.0
2022-01-22 11:01:25.505839,40.4307,39.8215,0.0
2022-01-22 11:01:26.002790,40.22525,41.421,0.0
2022-01-22 11:01:26.508619,40.32797,40.59525,0.0
2022-01-22 11:01:27.006397,40.37996,39.512,0.0
2022-01-22 11:01:27.501722,40.17326,40.95675,0.0
2022-01-22 11:01:28.009936,39.50243,41.421,0.0
2022-01-22 11:01:28.506171,39.65714,40.4405,0.0
2022-01-22 11:01:29.005154,40.27599,39.2025,0.0
2022-01-22 11:01:29.501716,40.74013,40.802,0.0
2022-01-22 11:01:30.010925,40.48269,41.00875,0.0
2022-01-22 11:01:30.506964,39.6064,39.97625,0.0
2022-01-22 11:01:31.006588,39.76111,39.564,0.0
2022-01-22 11:01:31.501933,39.96657,41.1635,0.0
2022-01-22 11:01:32.010102,40.32797,40.5445,0.0
2022-01-22 11:01:32.505544,40.37996,39.512,0.0
2022-01-22 11:01:33.005371,40.4307,39.8215,0.0
2022-01-22 11:01:33.503405,40.12128,40.95675,0.0
2022-01-22 11:01:34.001025,40.17326,40.235,0.0
2022-01-22 11:01:34.507715,40.32797,40.235,0.0
2022-01-22 11:01:35.006719,40.68938,40.5445,0.0
2022-01-22 11:01:35.510829,40.32797,40.38975,0.0
2022-01-22 11:01:36.008035,40.32797,40.183,0.0
2022-01-22 11:01:36.503579,39.96657,40.5445,0.0
2022-01-22 11:01:37.002240,40.07053,40.59525,0.0
2022-01-22 11:01:37.509487,39.45168,40.28575,0.0
2022-01-22 11:01:38.007493,39.65714,40.08025,0.0
2022-01-22 11:01:38.503753,40.99881,40.802,0.0
2022-01-22 11:01:39.001542,40.68938,40.59525,0.0
2022-01-22 11:01:39.507230,39.96657,40.235,0.0
2022-01-22 11:01:40.006645,39.91582,39.71875,0.0
2022-01-22 11:01:40.510674,40.32797,41.421,0.0
2022-01-22 11:01:41.008614,40.32797,40.854,0.0
2022-01-22 11:01:41.506182,40.6374,40.02825,0.0
2022-01-22 11:01:42.005538,39.6064,39.66675,0.0
2022-01-22 11:01:42.502341,40.58542,41.369,0.0
2022-01-22 11:01:43.010947,40.12128,40.5445,0.0
2022-01-22 11:01:43.507012,40.48269,39.2545,0.0
2022-01-22 11:01:44.006375,40.58542,40.802,0.0
2022-01-22 11:01:44.502117,40.58542,40.802,0.0
2022-01-22 11:01:45.010244,39.96657,40.33775,0.0
2022-01-22 11:01:45.506363,40.22525,39.2545,0.0
2022-01-22 11:01:46.004749,40.6374,41.421,0.0
2022-01-22 11:01:46.501080,40.22525,41.1635,0.0
2022-01-22 11:01:47.010869,40.79211,40.08025,0.0
2022-01-22 11:01:47.506557,40.01855,39.616,0.0
2022-01-22 11:01:48.004242,40.12128,41.00875,0.0
2022-01-22 11:01:48.501415,40.17326,40.28575,0.0
2022-01-22 11:01:49.010892,39.86384,39.15175,0.0
2022-01-22 11:01:49.506771,40.4307,40.33775,0.0
2022-01-22 11:01:50.003842,40.48269,41.21425,0.0
2022-01-22 11:01:50.509039,39.96657,40.4925,0.0
2022-01-22 11:01:51.008223,40.01855,39.46125,0.0
2022-01-22 11:01:51.504688,40.4307,40.4925,0.0
2022-01-22 11:01:52.002872,40.53467,40.802,0.0
2022-01-22 11:01:52.508306,40.32797,40.08025,0.0
2022-01-22 11:01:53.007342,39.96657,39.77075,0.0
2022-01-22 11:01:53.503609,40.4307,41.00875,0.0
2022-01-22 11:01:54.001536,39.70912,40.28575,0.0
2022-01-22 11:01:54.507367,39.91582,39.66675,0.0
2022-01-22 11:01:55.006250,39.50243,40.69925,0.0
2022-01-22 11:01:55.504578,40.79211,40.95675,0.0
2022-01-22 11:01:56.002488,40.07053,40.38975,0.0
2022-01-22 11:01:56.507930,39.3997,39.40925,0.0
2022-01-22 11:01:57.006316,40.58542,40.854,0.0
2022-01-22 11:01:57.501056,40.32797,40.854,0.0
2022-01-22 11:01:58.009692,40.01855,39.77075,0.0
2022-01-22 11:01:58.505481,39.6064,38.997,0.0
2022-01-22 11:01:59.002863,40.79211,40.802,0.0
2022-01-22 11:01:59.509120,40.17326,40.69925,0.0
2022-01-22 11:02:00.008998,40.48269,39.97625,0.0
2022-01-22 11:02:00.503280,40.17326,40.95675,0.0
2022-01-22 11:02:01.505101,40.22525,40.131,0.0
2022-01-22 11:02:02.004348,40.48269,38.79025,0.0
2022-01-22 11:02:02.509444,40.32797,41.1115,0.0
2022-01-22 11:02:03.008508,40.07053,40.4925,0.0
2022-01-22 11:02:03.504874,39.91582,39.77075,0.0
2022-01-22 11:02:04.004151,40.32797,40.5445,0.0
2022-01-22 11:02:04.502214,40.58542,41.473,0.0
2022-01-22 11:02:05.002005,40.22525,40.95675,0.0
2022-01-22 11:02:05.508413,40.37996,39.46125,0.0
2022-01-22 11:02:06.006476,39.55441,39.512,0.0
2022-01-22 11:02:06.502419,40.74013,41.21425,0.0
2022-01-22 11:02:07.010645,40.6374,40.4925,0.0
2022-01-22 11:02:07.506743,40.07053,39.616,0.0
2022-01-22 11:02:08.005632,40.17326,40.5445,0.0
2022-01-22 11:02:09.005191,40.53467,40.4405,0.0
2022-01-22 11:02:09.502848,40.12128,40.28575,0.0
2022-01-22 11:02:10.001082,40.27599,40.64725,0.0
2022-01-22 11:02:10.506967,39.45168,40.131,0.0
2022-01-22 11:02:11.001389,39.86384,39.77075,0.0
2022-01-22 11:02:11.508514,39.96657,40.59525,0.0
2022-01-22 11:02:12.007360,40.48269,40.69925,0.0
2022-01-22 11:02:12.502036,40.53467,39.97625,0.0
2022-01-22 11:02:13.009550,39.96657,40.28575,0.0
2022-01-22 11:02:13.505513,39.29697,41.31825,0.0
2022-01-22 11:02:14.003188,40.53467,40.69925,0.0
2022-01-22 11:02:14.508502,39.96657,39.97625,0.0
2022-01-22 11:02:15.007172,39.45168,39.9255,0.0
2022-01-22 11:02:15.502790,40.32797,41.1635,0.0
2022-01-22 11:02:16.002080,40.74013,40.5445,0.0
2022-01-22 11:02:16.507265,40.01855,39.8215,0.0
2022-01-22 11:02:17.004718,40.37996,40.59525,0.0
2022-01-22 11:02:17.509907,40.48269,41.473,0.0
2022-01-22 11:02:18.007239,40.01855,40.64725,0.0
2022-01-22 11:02:18.502486,40.79211,39.512,0.0
2022-01-22 11:02:19.002346,40.01855,41.1115,0.0
2022-01-22 11:02:19.508377,39.91582,40.75,0.0
2022-01-22 11:02:20.007224,39.81185,39.97625,0.0
2022-01-22 11:02:20.506321,39.65714,39.512,0.0
2022-01-22 11:02:21.003435,40.68938,41.1115,0.0
2022-01-22 11:02:21.508367,40.58542,40.4925,0.0
2022-01-22 11:02:22.006656,39.96657,39.8215,0.0
2022-01-22 11:02:22.501650,40.12128,41.0595,0.0
2022-01-22 11:02:23.010638,39.81185,40.802,0.0
2022-01-22 11:02:23.505960,39.34772,39.8735,0.0
2022-01-22 11:02:24.004071,40.4307,40.08025,0.0
2022-01-22 11:02:24.510756,39.65714,40.59525,0.0
2022-01-22 11:02:25.009461,40.89484,40.02825,0.0
2022-01-22 11:02:25.502778,40.12128,39.616,0.0
2022-01-22 11:02:26.011225,40.27599,40.854,0.0
2022-01-22 11:02:26.505767,40.07053,40.75,0.0
2022-01-22 11:02:27.003803,40.07053,40.5445,0.0
2022-01-22 11:02:27.510702,40.27599,40.02825,0.0
2022-01-22 11:02:28.006822,39.65714,40.802,0.0
2022-01-22 11:02:28.502679,40.48269,40.64725,0.0
2022-01-22 11:02:29.010686,39.81185,39.97625,0.0
2022-01-22 11:02:29.510195,40.4307,39.71875,0.0
2022-01-22 11:02:30.007928,40.17326,41.0595,0.0
2022-01-22 11:02:30.503343,40.32797,40.5445,0.0
2022-01-22 11:02:31.001989,40.17326,40.08025,0.0
2022-01-22 11:02:31.507442,39.81185,39.66675,0.0
2022-01-22 11:02:32.005660,39.3997,41.52375,0.0
2022-01-22 11:02:32.511027,39.70912,40.802,0.0
2022-01-22 11:02:33.008404,40.22525,39.616,0.0
2022-01-22 11:02:33.503959,39.96657,40.38975,0.0
2022-01-22 11:02:34.003170,40.53467,40.95675,0.0
2022-01-22 11:02:34.508574,39.91582,40.33775,0.0
2022-01-22 11:02:35.006531,40.6374,39.04775,0.0
2022-01-22 11:02:35.501285,40.17326,40.64725,0.0
2022-01-22 11:02:36.010390,40.74013,40.33775,0.0
2022-01-22 11:02:36.506348,40.17326,39.77075,0.0
2022-01-22 11:02:37.003274,40.17326,40.69925,0.0
2022-01-22 11:02:37.508527,39.3997,41.369,0.0
2022-01-22 11:02:38.006373,39.34772,40.5445,0.0
2022-01-22 11:02:38.503748,40.37996,39.564,0.0
2022-01-22 11:02:39.003096,40.22525,40.4925,0.0
2022-01-22 11:02:39.509808,40.17326,40.59525,0.0
2022-01-22 11:02:40.007935,39.96657,39.9255,0.0
2022-01-22 11:02:40.503341,39.29697,39.512,0.0
2022-01-22 11:02:41.010908,39.70912,41.421,0.0
2022-01-22 11:02:41.506786,40.99881,40.64725,0.0
2022-01-22 11:02:42.002881,40.32797,40.28575,0.0
2022-01-22 11:02:42.507476,40.07053,39.09975,0.0
2022-01-22 11:02:43.008378,39.55441,41.369,0.0
2022-01-22 11:02:43.503978,40.12128,40.5445,0.0
2022-01-22 11:02:44.002500,40.53467,39.71875,0.0
2022-01-22 11:02:44.508339,40.4307,39.8215,0.0
2022-01-22 11:02:45.006753,40.27599,41.369,0.0
2022-01-22 11:02:45.502035,39.86384,40.64725,0.0
2022-01-22 11:02:46.010538,39.70912,39.2025,0.0
2022-01-22 11:02:46.506756,39.91582,40.90475,0.0
2022-01-22 11:02:47.005203,39.86384,40.90475,0.0
2022-01-22 11:02:47.511080,40.12128,40.235,0.0
2022-01-22 11:02:48.009566,40.17326,39.40925,0.0
2022-01-22 11:02:48.504302,40.17326,41.26625,0.0
2022-01-22 11:02:49.002167,40.12128,40.64725,0.0
2022-01-22 11:02:49.507162,39.70912,39.2545,0.0
2022-01-22 11:02:50.004599,40.32797,39.9255,0.0
2022-01-22 11:02:50.509161,40.79211,41.57575,0.0
2022-01-22 11:02:51.008003,40.12128,40.4925,0.0
2022-01-22 11:02:51.503236,39.81185,39.512,0.0
2022-01-22 11:02:52.001718,40.58542,41.421,0.0
2022-01-22 11:02:52.508860,40.58542,41.1115,0.0
2022-01-22 11:02:53.008407,40.32797,39.9255,0.0
2022-01-22 11:02:53.503118,40.48269,39.09975,0.0
2022-01-22 11:02:54.002174,40.01855,40.28575,0.0
2022-01-22 11:02:54.507852,40.53467,40.4405,0.0
2022-01-22 11:02:55.006161,39.91582,39.8215,0.0
2022-01-22 11:02:55.501858,40.37996,41.0595,0.0
2022-01-22 11:02:56.010707,40.07053,41.0595,0.0
2022-01-22 11:02:56.508675,40.32797,40.28575,0.0
2022-01-22 11:02:57.006156,40.07053,39.35725,0.0
2022-01-22 11:02:57.510832,39.96657,40.5445,0.0
2022-01-22 11:02:58.009559,40.53467,40.28575,0.0
2022-01-22 11:02:58.505963,40.32797,39.616,0.0
2022-01-22 11:02:59.003576,40.37996,40.02825,0.0
2022-01-22 11:02:59.509540,39.65714,41.00875,0.0
2022-01-22 11:03:00.006797,40.74013,40.59525,0.0
2022-01-22 11:03:00.504366,40.53467,40.131,0.0
2022-01-22 11:03:01.002389,40.12128,40.33775,0.0
2022-01-22 11:03:01.507315,39.81185,41.00875,0.0
2022-01-22 11:03:02.005400,40.58542,40.4925,0.0
2022-01-22 11:03:02.501557,40.48269,39.35725,0.0
2022-01-22 11:03:03.010041,39.6064,40.38975,0.0
2022-01-22 11:03:03.505978,39.55441,40.854,0.0
2022-01-22 11:03:04.004144,40.07053,40.08025,0.0
2022-01-22 11:03:04.510658,39.91582,40.183,0.0
2022-01-22 11:03:05.008319,39.86384,41.88525,0.0
2022-01-22 11:03:05.503338,40.68938,41.369,0.0
2022-01-22 11:03:06.003364,39.81185,39.564,0.0
2022-01-22 11:03:06.510065,39.91582,39.2545,0.0
2022-01-22 11:03:07.007187,39.29697,40.5445,0.0
2022-01-22 11:03:07.501793,40.79211,40.59525,0.0
2022-01-22 11:03:08.010066,40.4307,39.15175,0.0
2022-01-22 11:03:08.505296,39.6064,40.183,0.0
2022-01-22 11:03:09.005100,40.4307,41.1115,0.0
2022-01-22 11:03:09.501217,39.86384,40.4405,0.0
2022-01-22 11:03:10.008839,40.22525,39.9255,0.0
2022-01-22 11:03:10.502737,39.81185,41.1115,0.0
2022-01-22 11:03:11.005725,40.94682,40.64725,0.0
2022-01-22 11:03:11.502572,39.91582,39.71875,0.0
2022-01-22 11:03:12.010180,40.07053,39.8215,0.0
2022-01-22 11:03:12.506016,39.193,40.69925,0.0
2022-01-22 11:03:13.004995,40.6374,40.28575,0.0
2022-01-22 11:03:13.501769,40.32797,40.235,0.0
2022-01-22 11:03:14.010169,40.12128,41.0595,0.0
2022-01-22 11:03:14.506382,39.81185,40.33775,0.0
2022-01-22 11:03:15.003443,39.91582,40.28575,0.0
2022-01-22 11:03:15.508976,39.86384,40.28575,0.0
2022-01-22 11:03:16.008635,40.17326,40.95675,0.0
2022-01-22 11:03:16.503713,40.94682,40.235,0.0
2022-01-22 11:03:17.002846,40.58542,39.77075,0.0
2022-01-22 11:03:17.507832,39.70912,40.64725,0.0
2022-01-22 11:03:18.008368,39.6064,41.00875,0.0
2022-01-22 11:03:18.503774,40.79211,40.28575,0.0
2022-01-22 11:03:19.504975,40.17326,40.854,0.0
2022-01-22 11:03:20.002351,39.76111,40.854,0.0
2022-01-22 11:03:20.508231,40.27599,40.02825,0.0
2022-01-22 11:03:21.006590,40.32797,39.564,0.0
2022-01-22 11:03:21.501200,40.01855,41.421,0.0
2022-01-22 11:03:22.009928,40.8441,41.26625,0.0
2022-01-22 11:03:22.505978,40.22525,39.8215,0.0
2022-01-22 11:03:23.004090,39.76111,39.512,0.0
2022-01-22 11:03:23.501164,39.03829,41.369,0.0
2022-01-22 11:03:24.009852,40.12128,40.64725,0.0
2022-01-22 11:03:24.505481,40.4307,39.2545,0.0
2022-01-22 11:03:25.002971,40.79211,40.02825,0.0
2022-01-22 11:03:25.507562,40.48269,41.369,0.0
2022-01-22 11:03:26.005871,40.58542,40.183,0.0
2022-01-22 11:03:26.502125,39.86384,39.3065,0.0
2022-01-22 11:03:27.001555,40.01855,41.00875,0.0
2022-01-22 11:03:27.507482,40.48269,40.59525,0.0
2022-01-22 11:03:28.007294,40.58542,39.512,0.0
2022-01-22 11:03:28.501212,39.65714,39.9255,0.0
2022-01-22 11:03:29.009280,40.32797,40.854,0.0
2022-01-22 11:03:29.504507,39.76111,40.4925,0.0
2022-01-22 11:03:30.003469,39.03829,39.616,0.0
2022-01-22 11:03:30.507305,39.91582,41.26625,0.0
2022-01-22 11:03:31.005902,40.27599,41.0595,0.0
2022-01-22 11:03:31.501045,40.58542,39.97625,0.0
2022-01-22 11:03:32.009256,39.81185,39.71875,0.0
2022-01-22 11:03:32.508414,39.76111,41.31825,0.0
2022-01-22 11:03:33.007119,39.65714,40.64725,0.0
2022-01-22 11:03:33.502480,40.01855,39.66675,0.0
2022-01-22 11:03:34.010386,39.91582,39.97625,0.0
2022-01-22 11:03:34.504886,39.50243,41.52375,0.0
2022-01-22 11:03:35.002677,40.68938,40.64725,0.0
2022-01-22 11:03:35.508722,40.74013,40.08025,0.0
2022-01-22 11:03:36.006302,40.32797,39.9255,0.0
2022-01-22 11:03:36.503537,39.55441,41.369,0.0
2022-01-22 11:03:37.010396,40.22525,40.131,0.0
2022-01-22 11:03:37.506064,39.55441,39.2545,0.0
2022-01-22 11:03:38.004614,40.4307,40.802,0.0
2022-01-22 11:03:38.509187,39.96657,40.75,0.0
2022-01-22 11:03:39.007243,39.65714,39.8735,0.0
2022-01-22 11:03:39.502530,39.81185,39.8735,0.0
2022-01-22 11:03:40.001290,39.6064,41.473,0.0
2022-01-22 11:03:40.509025,40.48269,40.75,0.0
2022-01-22 11:03:41.008583,40.22525,39.15175,0.0
2022-01-22 11:03:41.503397,39.6064,39.71875,0.0
2022-01-22 11:03:42.002920,39.55441,41.473,0.0
2022-01-22 11:03:42.509116,40.8441,40.64725,0.0
2022-01-22 11:03:43.006258,40.27599,39.616,0.0
2022-01-22 11:03:43.501763,40.58542,40.95675,0.0
2022-01-22 11:03:44.009719,40.37996,40.5445,0.0
2022-01-22 11:03:44.505302,40.68938,40.235,0.0
2022-01-22 11:03:45.005220,40.07053,39.71875,0.0
2022-01-22 11:03:45.503315,39.91582,40.90475,0.0
2022-01-22 11:03:46.003534,39.91582,40.4925,0.0
2022-01-22 11:03:46.510172,39.3997,40.183,0.0
2022-01-22 11:03:47.007212,39.70912,40.854,0.0
2022-01-22 11:03:47.503391,39.86384,40.75,0.0
2022-01-22 11:03:48.010799,40.37996,40.4405,0.0
2022-01-22 11:03:48.507294,40.12128,40.38975,0.0
2022-01-22 11:03:49.008465,40.27599,40.4405,0.0
2022-01-22 11:03:49.503867,39.70912,40.33775,0.0
2022-01-22 11:03:50.004320,40.58542,40.08025,0.0
2022-01-22 11:03:50.510445,40.01855,40.183,0.0
2022-01-22 11:03:51.008188,40.4307,40.75,0.0
2022-01-22 11:03:51.506145,40.07053,40.33775,0.0
2022-01-22 11:03:52.004622,40.01855,40.131,0.0
2022-01-22 11:03:52.503336,40.07053,40.5445,0.0
2022-01-22 11:03:53.001540,39.6064,40.802,0.0
2022-01-22 11:03:53.510978,41.10154,39.8735,0.0
2022-01-22 11:03:54.009772,40.4307,39.77075,0.0
2022-01-22 11:03:54.506804,40.27599,41.0595,0.0
2022-01-22 11:03:55.005623,39.55441,40.4405,0.0
2022-01-22 11:03:55.501462,39.91582,39.8735,0.0
2022-01-22 11:03:56.010298,39.81185,40.38975,0.0
2022-01-22 11:03:56.506445,39.50243,41.421,0.0
2022-01-22 11:03:57.004190,40.74013,40.64725,0.0
2022-01-22 11:03:57.509651,40.07053,39.3065,0.0
2022-01-22 11:03:58.006298,39.86384,40.64725,0.0
2022-01-22 11:03:58.501774,39.45168,40.802,0.0
2022-01-22 11:03:59.002322,40.79211,40.183,0.0
2022-01-22 11:03:59.507452,40.32797,39.40925,0.0
2022-01-22 11:04:00.004800,40.4307,41.369,0.0
2022-01-22 11:04:00.508510,39.86384,40.75,0.0
2022-01-22 11:04:01.006584,40.4307,39.71875,0.0
2022-01-22 11:04:01.510803,40.32797,39.564,0.0
2022-01-22 11:04:02.010604,40.48269,41.1115,0.0
2022-01-22 11:04:02.507340,40.22525,40.38975,0.0
2022-01-22 11:04:03.006765,39.91582,39.616,0.0
2022-01-22 11:04:03.504274,40.22525,40.38975,0.0
2022-01-22 11:04:04.001039,39.81185,41.1635,0.0
2022-01-22 11:04:04.505690,40.53467,40.33775,0.0
2022-01-22 11:04:05.003540,40.22525,40.02825,0.0
2022-01-22 11:04:05.509685,39.91582,41.1115,0.0
2022-01-22 11:04:06.005780,39.45168,40.4925,0.0
2022-01-22 11:04:06.501237,40.37996,39.71875,0.0
2022-01-22 11:04:07.001049,40.12128,40.4925,0.0
2022-01-22 11:04:07.506752,40.01855,40.802,0.0
2022-01-22 11:04:08.004931,39.96657,40.33775,0.0
2022-01-22 11:04:08.511005,40.74013,39.3065,0.0
2022-01-22 11:04:09.009784,40.17326,41.31825,0.0
2022-01-22 11:04:09.505832,39.45168,41.26625,0.0
2022-01-22 11:04:10.003989,41.04955,40.235,0.0
2022-01-22 11:04:10.509201,40.94682,38.84225,0.0
2022-01-22 11:04:11.002992,39.65714,40.75,0.0
2022-01-22 11:04:11.510898,39.86384,40.69925,0.0
2022-01-22 11:04:12.010515,40.27599,40.235,0.0
2022-01-22 11:04:12.509838,40.07053,39.2545,0.0
2022-01-22 11:04:13.006701,39.96657,40.854,0.0
2022-01-22 11:04:13.501899,40.22525,41.00875,0.0
2022-01-22 11:04:14.010011,40.48269,40.33775,0.0
2022-01-22 11:04:14.504420,40.07053,39.8215,0.0
2022-01-22 11:04:15.003071,39.45168,40.90475,0.0
2022-01-22 11:04:15.510377,40.01855,40.08025,0.0
2022-01-22 11:04:16.009090,40.22525,39.8735,0.0
2022-01-22 11:04:16.503407,40.58542,40.95675,0.0
2022-01-22 11:04:17.002727,40.37996,40.4925,0.0
2022-01-22 11:04:17.509114,40.48269,39.8215,0.0
2022-01-22 11:04:18.006976,39.91582,41.0595,0.0
2022-01-22 11:04:18.502782,40.53467,41.1115,0.0
2022-01-22 11:04:19.010415,40.01855,40.38975,0.0
2022-01-22 11:04:19.507420,40.74013,39.40925,0.0
2022-01-22 11:04:20.006335,40.22525,39.97625,0.0
2022-01-22 11:04:20.501123,40.68938,41.1115,0.0
2022-01-22 11:04:21.007544,40.22525,40.235,0.0
2022-01-22 11:04:21.504629,39.76111,39.77075,0.0
2022-01-22 11:04:22.002697,39.86384,40.90475,0.0
2022-01-22 11:04:22.509147,39.55441,40.75,0.0
2022-01-22 11:04:23.007015,41.15352,40.08025,0.0
2022-01-22 11:04:23.502477,40.07053,40.28575,0.0
2022-01-22 11:04:24.010446,39.70912,40.854,0.0
2022-01-22 11:04:24.505892,39.45168,40.235,0.0
2022-01-22 11:04:25.004909,40.27599,39.8215,0.0
2022-01-22 11:04:25.510527,40.4307,40.59525,0.0
2022-01-22 11:04:26.008998,40.48269,41.0595,0.0
2022-01-22 11:04:26.504210,40.17326,40.28575,0.0
2022-01-22 11:04:27.001869,40.53467,39.2025,0.0
2022-01-22 11:04:27.506350,40.12128,41.62775,0.0
2022-01-22 11:04:28.005162,39.96657,41.21425,0.0
2022-01-22 11:04:28.501464,40.22525,40.131,0.0
2022-01-22 11:04:29.009571,40.27599,39.564,0.0
2022-01-22 11:04:29.506424,39.34772,41.369,0.0
2022-01-22 11:04:30.006638,39.14226,41.26625,0.0
2022-01-22 11:04:30.502635,40.27599,40.02825,0.0
2022-01-22 11:04:31.011263,40.6374,39.71875,0.0
2022-01-22 11:04:31.507302,40.32797,41.21425,0.0
2022-01-22 11:04:32.005084,39.81185,40.08025,0.0
2022-01-22 11:04:32.511148,40.22525,39.616,0.0
2022-01-22 11:04:33.009251,39.81185,41.421,0.0
2022-01-22 11:04:33.504497,39.29697,40.95675,0.0
2022-01-22 11:04:34.003275,40.8441,39.512,0.0
2022-01-22 11:04:34.509685,40.4307,39.15175,0.0
2022-01-22 11:04:35.009552,39.65714,41.1635,0.0
2022-01-22 11:04:35.504130,39.81185,40.59525,0.0
2022-01-22 11:04:36.001931,40.8441,39.616,0.0
2022-01-22 11:04:36.508097,40.07053,39.512,0.0
2022-01-22 11:04:37.006459,40.68938,41.0595,0.0
2022-01-22 11:04:37.510482,39.96657,40.59525,0.0
2022-01-22 11:04:38.008942,40.6374,39.9255,0.0
2022-01-22 11:04:38.504220,39.91582,40.4925,0.0
2022-01-22 11:04:39.004087,39.03829,40.90475,0.0
2022-01-22 11:04:39.508591,40.6374,40.235,0.0
2022-01-22 11:04:40.006899,40.94682,39.71875,0.0
2022-01-22 11:04:40.501535,40.07053,41.00875,0.0
2022-01-22 11:04:41.010828,39.86384,40.59525,0.0
2022-01-22 11:04:41.506879,39.70912,39.77075,0.0
2022-01-22 11:04:42.005284,40.4307,40.69925,0.0
2022-01-22 11:04:42.510626,40.12128,41.21425,0.0
2022-01-22 11:04:43.010370,40.17326,40.4405,0.0
2022-01-22 11:04:43.505449,40.53467,38.997,0.0
2022-01-22 11:04:44.002912,39.96657,40.4925,0.0
2022-01-22 11:04:44.509627,39.34772,41.421,0.0
2022-01-22 11:04:45.008327,40.58542,40.4405,0.0
2022-01-22 11:04:45.505121,40.68938,39.2025,0.0
2022-01-22 11:04:46.003326,40.22525,41.1115,0.0
2022-01-22 11:04:46.508970,39.86384,41.421,0.0
2022-01-22 11:04:47.007554,40.17326,40.33775,0.0
2022-01-22 11:04:47.503850,39.50243,39.46125,0.0
2022-01-22 11:04:48.001782,40.27599,40.854,0.0
2022-01-22 11:04:48.508707,39.81185,40.75,0.0
2022-01-22 11:04:49.007450,40.6374,39.71875,0.0
2022-01-22 11:04:49.502163,40.01855,40.38975,0.0
2022-01-22 11:04:50.009670,40.48269,40.59525,0.0
2022-01-22 11:04:50.505515,40.01855,40.131,0.0
2022-01-22 11:04:51.003670,39.76111,40.4405,0.0
2022-01-22 11:04:51.501288,40.58542,41.1115,0.0
2022-01-22 11:04:52.001472,40.17326,40.235,0.0
2022-01-22 11:04:52.506248,40.27599,40.08025,0.0
2022-01-22 11:04:53.004724,40.12128,40.33775,0.0
2022-01-22 11:04:53.510723,40.27599,41.00875,0.0
2022-01-22 11:04:54.009518,40.4307,40.28575,0.0
2022-01-22 11:04:54.503914,40.48269,39.616,0.0
2022-01-22 11:04:55.002610,40.01855,41.21425,0.0
2022-01-22 11:04:55.508503,40.07053,40.90475,0.0
2022-01-22 11:04:56.005686,39.91582,40.235,0.0
2022-01-22 11:04:56.503025,40.89484,39.97625,0.0
2022-01-22 11:04:57.011166,40.37996,40.90475,0.0
2022-01-22 11:04:57.508081,40.27599,40.69925,0.0
2022-01-22 11:04:58.006363,39.76111,39.564,0.0
2022-01-22 11:04:58.502955,40.4307,39.97625,0.0
2022-01-22 11:04:59.010044,39.76111,41.31825,0.0
2022-01-22 11:04:59.506687,39.55441,40.28575,0.0
2022-01-22 11:05:00.004778,41.20427,38.945,0.0
2022-01-22 11:05:00.510114,40.12128,41.52375,0.0
2022-01-22 11:05:01.007340,40.37996,41.7825,0.0
2022-01-22 11:05:01.503446,40.37996,41.00875,0.0
2022-01-22 11:05:02.002601,40.74013,38.945,0.0
2022-01-22 11:05:02.508253,40.12128,39.04775,0.0
2022-01-22 11:05:03.006278,40.01855,41.1635,0.0
2022-01-22 11:05:03.502247,40.37996,40.235,0.0
2022-01-22 11:05:04.010015,40.6374,39.66675,0.0
2022-01-22 11:05:04.507913,39.70912,41.473,0.0
2022-01-22 11:05:05.006249,39.65714,41.0595,0.0
2022-01-22 11:05:05.501562,39.193,39.77075,0.0
2022-01-22 11:05:06.008475,40.27599,40.4405,0.0
2022-01-22 11:05:06.504203,40.48269,40.4405,0.0
2022-01-22 11:05:07.003580,40.27599,39.97625,0.0
2022-01-22 11:05:07.510555,40.07053,40.38975,0.0
2022-01-22 11:05:08.008504,39.50243,40.59525,0.0
2022-01-22 11:05:08.502698,40.89484,39.97625,0.0
2022-01-22 11:05:09.001773,40.8441,40.28575,0.0
2022-01-22 11:05:09.508217,40.37996,41.0595,0.0
2022-01-22 11:05:10.006831,40.17326,40.69925,0.0
2022-01-22 11:05:10.501902,39.45168,39.97625,0.0
2022-01-22 11:05:11.009065,40.27599,40.38975,0.0
2022-01-22 11:05:11.504341,39.76111,40.33775,0.0
2022-01-22 11:05:12.002274,40.37996,40.4405,0.0
2022-01-22 11:05:12.509005,39.86384,40.183,0.0
2022-01-22 11:05:13.006512,41.10154,40.183,0.0
2022-01-22 11:05:13.503047,40.27599,41.1635,0.0
2022-01-22 11:05:14.002830,40.32797,40.854,0.0
2022-01-22 11:05:14.508461,39.50243,39.97625,0.0
2022-01-22 11:05:15.007433,40.37996,39.8735,0.0
2022-01-22 11:05:15.503891,39.81185,41.21425,0.0
2022-01-22 11:05:16.001931,40.58542,40.802,0.0
2022-01-22 11:05:16.507687,40.07053,39.40925,0.0
2022-01-22 11:05:17.007191,39.86384,40.02825,0.0
2022-01-22 11:05:17.502553,39.91582,41.26625,0.0
2022-01-22 11:05:18.001554,40.12128,40.08025,0.0
2022-01-22 11:05:18.506820,40.99881,39.71875,0.0
2022-01-22 11:05:19.004679,40.37996,41.88525,0.0
2022-01-22 11:05:19.502781,40.4307,40.64725,0.0
2022-01-22 11:05:20.001466,39.91582,40.131,0.0
2022-01-22 11:05:20.506487,40.6374,39.40925,0.0
2022-01-22 11:05:21.005173,40.4307,41.26625,0.0
2022-01-22 11:05:21.501045,39.91582,40.5445,0.0
2022-01-22 11:05:22.008805,39.3997,39.564,0.0
2022-01-22 11:05:22.506109,39.76111,40.4925,0.0
2022-01-22 11:05:23.004720,40.27599,41.83325,0.0
2022-01-22 11:05:23.509527,39.91582,41.0595,0.0
2022-01-22 11:05:24.009261,40.32797,39.66675,0.0
2022-01-22 11:05:24.505347,39.65714,40.08025,0.0
2022-01-22 11:05:25.003207,40.27599,40.75,0.0
2022-01-22 11:05:25.510091,39.86384,40.08025,0.0
2022-01-22 11:05:26.008895,40.27599,39.66675,0.0
2022-01-22 11:05:26.504070,40.58542,41.0595,0.0
2022-01-22 11:05:27.002285,40.32797,40.5445,0.0
2022-01-22 11:05:27.506968,39.81185,39.77075,0.0
2022-01-22 11:05:28.005327,40.27599,40.854,0.0
2022-01-22 11:05:28.510993,40.53467,40.95675,0.0
2022-01-22 11:05:29.008586,40.27599,40.08025,0.0
2022-01-22 11:05:29.503895,40.48269,39.77075,0.0
2022-01-22 11:05:30.003767,39.65714,40.90475,0.0
2022-01-22 11:05:30.508106,39.55441,40.4405,0.0
2022-01-22 11:05:31.007758,39.14226,40.02825,0.0
2022-01-22 11:05:31.507064,40.01855,40.08025,0.0
2022-01-22 11:05:32.006164,40.58542,41.57575,0.0
2022-01-22 11:05:32.501562,40.07053,40.59525,0.0
2022-01-22 11:05:33.010258,39.50243,39.35725,0.0
2022-01-22 11:05:33.506322,40.32797,40.59525,0.0
2022-01-22 11:05:34.003418,39.81185,41.00875,0.0
2022-01-22 11:05:34.509753,39.96657,40.28575,0.0
2022-01-22 11:05:35.007236,40.89484,39.35725,0.0
2022-01-22 11:05:35.504165,39.86384,41.26625,0.0
2022-01-22 11:05:36.003373,40.4307,40.69925,0.0
2022-01-22 11:05:36.509443,40.22525,39.512,0.0
2022-01-22 11:05:37.007663,40.6374,39.616,0.0
2022-01-22 11:05:37.502530,40.32797,41.31825,0.0
2022-01-22 11:05:38.010969,39.96657,40.95675,0.0
2022-01-22 11:05:38.506574,39.3997,39.40925,0.0
2022-01-22 11:05:39.005463,40.8441,40.08025,0.0
2022-01-22 11:05:39.501080,40.32797,41.31825,0.0
2022-01-22 11:05:40.009272,40.17326,40.28575,0.0
2022-01-22 11:05:40.505865,40.07053,39.15175,0.0
2022-01-22 11:05:41.003838,40.17326,39.46125,0.0
2022-01-22 11:05:41.510835,40.07053,41.00875,0.0
2022-01-22 11:05:42.008307,39.96657,40.183,0.0
2022-01-22 11:05:42.505163,40.27599,39.40925,0.0
2022-01-22 11:05:43.002709,39.91582,41.0595,0.0
2022-01-22 11:05:43.507547,40.32797,40.90475,0.0
2022-01-22 11:05:44.005981,39.55441,39.8215,0.0
2022-01-22 11:05:44.503271,40.94682,39.97625,0.0
2022-01-22 11:05:45.002838,40.8441,40.854,0.0
2022-01-22 11:05:45.509028,40.4307,40.28575,0.0
2022-01-22 11:05:46.006618,39.96657,39.46125,0.0
2022-01-22 11:05:46.501041,40.58542,41.31825,0.0
2022-01-22 11:05:47.008501,40.17326,40.802,0.0
2022-01-22 11:05:47.502874,39.3997,40.02825,0.0
2022-01-22 11:05:48.002144,40.01855,40.02825,0.0
2022-01-22 11:05:48.508248,39.3997,41.88525,0.0
2022-01-22 11:05:49.008209,39.86384,40.854,0.0
2022-01-22 11:05:49.504752,40.17326,40.02825,0.0
2022-01-22 11:05:50.003725,40.89484,39.512,0.0
2022-01-22 11:05:50.508595,40.22525,41.1635,0.0
2022-01-22 11:05:51.006928,39.6064,40.64725,0.0
2022-01-22 11:05:51.502290,39.86384,39.35725,0.0
2022-01-22 11:05:52.010869,40.94682,41.00875,0.0
2022-01-22 11:05:52.506391,40.37996,40.95675,0.0
2022-01-22 11:05:53.004349,39.70912,40.131,0.0
2022-01-22 11:05:54.005274,40.37996,41.1635,0.0
2022-01-22 11:05:54.502170,40.17326,40.38975,0.0
2022-01-22 11:05:55.009832,39.70912,39.3065,0.0
2022-01-22 11:05:55.505867,40.4307,40.802,0.0
2022-01-22 11:05:56.004518,40.17326,41.00875,0.0
2022-01-22 11:05:56.509781,39.96657,40.183,0.0
2022-01-22 11:05:57.008345,39.86384,39.512,0.0
2022-01-22 11:05:57.503338,39.6064,41.1635,0.0
2022-01-22 11:05:58.001615,40.22525,40.33775,0.0
2022-01-22 11:05:58.509434,39.6064,39.77075,0.0
2022-01-22 11:05:59.007704,40.6374,40.08025,0.0
2022-01-22 11:05:59.504525,39.96657,40.69925,0.0
2022-01-22 11:06:00.003509,39.76111,40.4405,0.0
2022-01-22 11:06:00.509748,39.6064,40.38975,0.0
2022-01-22 11:06:01.007762,40.89484,40.69925,0.0
2022-01-22 11:06:01.505094,40.17326,40.5445,0.0
2022-01-22 11:06:02.003419,40.79211,40.02825,0.0
2022-01-22 11:06:02.509890,40.12128,40.08025,0.0
2022-01-22 11:06:03.008588,39.96657,40.95675,0.0
2022-01-22 11:06:03.504902,40.27599,40.38975,0.0
2022-01-22 11:06:04.001941,39.91582,39.77075,0.0
2022-01-22 11:06:04.507314,39.70912,39.77075,0.0
2022-01-22 11:06:05.004275,40.27599,41.83325,0.0
2022-01-22 11:06:05.509861,40.12128,41.26625,0.0
2022-01-22 11:06:06.007955,40.17326,39.66675,0.0
2022-01-22 11:06:06.511234,40.8441,39.616,0.0
2022-01-22 11:06:07.010158,40.22525,41.421,0.0
2022-01-22 11:06:07.506187,40.12128,40.5445,0.0
2022-01-22 11:06:08.003775,39.65714,39.09975,0.0
2022-01-22 11:06:08.509684,40.22525,40.59525,0.0
2022-01-22 11:06:09.007184,40.68938,40.95675,0.0
2022-01-22 11:06:09.503438,40.22525,40.02825,0.0
2022-01-22 11:06:10.003538,40.22525,39.77075,0.0
2022-01-22 11:06:10.507527,40.07053,41.21425,0.0
2022-01-22 11:06:11.004546,40.17326,40.59525,0.0
2022-01-22 11:06:11.509859,40.53467,39.77075,0.0
2022-01-22 11:06:12.007982,40.53467,40.235,0.0
2022-01-22 11:06:12.502686,40.37996,40.854,0.0
2022-01-22 11:06:13.010895,40.17326,40.59525,0.0
2022-01-22 11:06:13.507209,39.3997,39.8735,0.0
2022-01-22 11:06:14.005672,39.96657,41.1115,0.0
2022-01-22 11:06:14.510221,39.81185,40.5445,0.0
2022-01-22 11:06:15.007548,40.07053,39.97625,0.0
2022-01-22 11:06:15.503919,40.32797,39.8215,0.0
2022-01-22 11:06:16.001914,39.96657,41.0595,0.0
2022-01-22 11:06:16.509219,39.45168,40.4405,0.0
2022-01-22 11:06:17.007405,40.48269,39.512,0.0
2022-01-22 11:06:17.501739,41.25625,40.08025,0.0
2022-01-22 11:06:18.009888,40.68938,40.90475,0.0
2022-01-22 11:06:18.506387,40.17326,40.64725,0.0
2022-01-22 11:06:19.003132,39.50243,39.40925,0.0
2022-01-22 11:06:19.510210,40.27599,40.90475,0.0
2022-01-22 11:06:20.008271,40.17326,40.69925,0.0
2022-01-22 11:06:20.502535,40.12128,39.97625,0.0
2022-01-22 11:06:21.009889,39.55441,39.97625,0.0
2022-01-22 11:06:21.505060,40.79211,41.57575,0.0
2022-01-22 11:06:22.002680,40.17326,40.69925,0.0
2022-01-22 11:06:22.509391,39.81185,40.131,0.0
2022-01-22 11:06:23.007583,40.89484,40.183,0.0
2022-01-22 11:06:23.504093,40.48269,41.62775,0.0
2022-01-22 11:06:24.003129,40.17326,40.08025,0.0
2022-01-22 11:06:24.508187,39.34772,39.46125,0.0
2022-01-22 11:06:25.006746,40.32797,40.5445,0.0
2022-01-22 11:06:25.502183,40.17326,41.00875,0.0
2022-01-22 11:06:26.010049,40.37996,40.235,0.0
2022-01-22 11:06:26.504498,40.6374,39.77075,0.0
2022-01-22 11:06:27.002335,40.53467,41.21425,0.0
2022-01-22 11:06:27.506786,40.12128,41.0595,0.0
2022-01-22 11:06:28.004414,40.32797,39.8735,0.0
2022-01-22 11:06:28.501449,40.79211,39.512,0.0
2022-01-22 11:06:29.009168,40.17326,40.802,0.0
2022-01-22 11:06:29.506111,39.96657,40.38975,0.0
2022-01-22 11:06:30.002752,39.50243,39.8735,0.0
2022-01-22 11:06:30.508391,40.07053,41.26625,0.0
2022-01-22 11:06:31.007064,39.91582,40.64725,0.0
2022-01-22 11:06:31.504373,40.48269,40.08025,0.0
2022-01-22 11:06:32.002067,40.74013,40.131,0.0
2022-01-22 11:06:32.507614,40.53467,40.64725,0.0
2022-01-22 11:06:33.008471,40.32797,40.5445,0.0
2022-01-22 11:06:33.504119,39.86384,40.131,0.0
2022-01-22 11:06:34.001288,39.55441,40.38975,0.0
2022-01-22 11:06:34.507273,39.65714,40.90475,0.0
2022-01-22 11:06:35.004469,40.07053,40.28575,0.0
2022-01-22 11:06:35.509705,40.22525,40.183,0.0
2022-01-22 11:06:36.007947,40.4307,40.4925,0.0
2022-01-22 11:06:36.503622,40.22525,40.64725,0.0
2022-01-22 11:06:37.001722,40.27599,40.28575,0.0
2022-01-22 11:06:37.508479,39.76111,40.08025,0.0
2022-01-22 11:06:38.006607,40.79211,40.95675,0.0
2022-01-22 11:06:38.502710,40.53467,40.33775,0.0
2022-01-22 11:06:39.002541,40.12128,39.77075,0.0
2022-01-22 11:06:39.509281,39.96657,41.00875,0.0
2022-01-22 11:06:40.006780,39.50243,41.52375,0.0
2022-01-22 11:06:40.503429,39.91582,40.59525,0.0
2022-01-22 11:06:41.003935,39.96657,39.2545,0.0
2022-01-22 11:06:41.509937,40.89484,40.90475,0.0
2022-01-22 11:06:42.008000,40.12128,41.1635,0.0
2022-01-22 11:06:42.505750,39.91582,40.28575,0.0
2022-01-22 11:06:43.004517,39.193,39.09975,0.0
2022-01-22 11:06:43.501361,40.53467,41.31825,0.0
2022-01-22 11:06:44.010740,40.27599,41.31825,0.0
2022-01-22 11:06:44.508461,40.4307,40.131,0.0
2022-01-22 11:06:45.007932,40.17326,39.15175,0.0
2022-01-22 11:06:45.503478,40.58542,41.1115,0.0
2022-01-22 11:06:46.001837,40.12128,40.4405,0.0
2022-01-22 11:06:46.509132,40.07053,40.08025,0.0
2022-01-22 11:06:47.007274,40.17326,40.64725,0.0
2022-01-22 11:06:47.502759,40.07053,40.64725,0.0
2022-01-22 11:06:48.011071,39.50243,40.131,0.0
2022-01-22 11:06:48.507616,39.6064,40.183,0.0
2022-01-22 11:06:49.006851,40.94682,40.64725,0.0
2022-01-22 11:06:49.501625,40.12128,39.97625,0.0
2022-01-22 11:06:50.009695,39.76111,39.9255,0.0
2022-01-22 11:06:50.507745,39.6064,40.59525,0.0
2022-01-22 11:06:51.005714,40.12128,40.854,0.0
2022-01-22 11:06:51.501483,40.27599,40.183,0.0
2022-01-22 11:06:52.009647,40.32797,39.8215,0.0
2022-01-22 11:06:52.505546,40.01855,40.95675,0.0
2022-01-22 11:06:53.003090,39.91582,40.59525,0.0
2022-01-22 11:06:53.508663,40.27599,40.08025,0.0
2022-01-22 11:06:54.006428,40.07053,39.97625,0.0
2022-01-22 11:06:54.501971,40.8441,41.26625,0.0
2022-01-22 11:06:55.001461,40.79211,40.90475,0.0
2022-01-22 11:06:55.508234,40.8441,39.8215,0.0
2022-01-22 11:06:56.005649,39.86384,40.59525,0.0
2022-01-22 11:06:56.510461,40.53467,41.26625,0.0
2022-01-22 11:06:57.007892,39.91582,40.5445,0.0
2022-01-22 11:06:57.502376,39.50243,39.616,0.0
2022-01-22 11:06:58.010928,40.4307,39.9255,0.0
2022-01-22 11:06:58.507304,40.48269,41.421,0.0
2022-01-22 11:06:59.005618,40.01855,40.131,0.0
2022-01-22 11:06:59.503162,40.32797,39.512,0.0
2022-01-22 11:07:00.003394,40.32797,40.802,0.0
2022-01-22 11:07:00.501135,39.96657,41.26625,0.0
2022-01-22 11:07:01.009981,40.89484,40.08025,0.0
2022-01-22 11:07:01.505683,40.07053,39.8735,0.0
2022-01-22 11:07:02.003746,40.27599,40.90475,0.0
2022-01-22 11:07:02.508836,40.17326,40.5445,0.0
2022-01-22 11:07:03.006848,39.70912,39.512,0.0
2022-01-22 11:07:03.503375,40.37996,40.4925,0.0
2022-01-22 11:07:04.002279,39.96657,40.802,0.0
2022-01-22 11:07:04.508738,39.96657,40.02825,0.0
2022-01-22 11:07:05.006449,39.76111,40.235,0.0
2022-01-22 11:07:05.501065,40.53467,41.1635,0.0
2022-01-22 11:07:06.009806,39.96657,40.5445,0.0
2022-01-22 11:07:06.505099,40.07053,39.564,0.0
2022-01-22 11:07:07.003348,39.45168,39.8735,0.0
2022-01-22 11:07:07.509095,40.48269,40.95675,0.0
2022-01-22 11:07:08.007034,40.07053,40.28575,0.0
2022-01-22 11:07:08.503906,40.37996,39.2545,0.0
2022-01-22 11:07:09.001985,39.91582,40.69925,0.0
2022-01-22 11:07:09.508582,40.53467,41.52375,0.0
2022-01-22 11:07:10.006715,40.37996,41.0595,0.0
2022-01-22 11:07:10.502512,39.91582,39.46125,0.0
2022-01-22 11:07:11.006379,39.70912,39.97625,0.0
2022-01-22 11:07:11.502588,39.96657,40.69925,0.0
2022-01-22 11:07:12.010848,40.01855,39.616,0.0
2022-01-22 11:07:12.507362,40.58542,39.8735,0.0
2022-01-22 11:07:13.005971,40.37996,41.1635,0.0
2022-01-22 11:07:13.501531,40.07053,40.69925,0.0
2022-01-22 11:07:14.010351,40.17326,39.35725,0.0
2022-01-22 11:07:14.507254,40.68938,41.369,0.0
2022-01-22 11:07:15.001088,40.4307,41.473,0.0
2022-01-22 11:07:15.506523,40.07053,40.95675,0.0
2022-01-22 11:07:16.004494,39.55441,38.945,0.0
2022-01-22 11:07:16.510433,39.81185,39.66675,0.0
2022-01-22 11:07:17.008350,39.96657,41.21425,0.0
2022-01-22 11:07:17.504038,39.91582,40.4405,0.0
2022-01-22 11:07:18.002640,40.01855,39.71875,0.0
2022-01-22 11:07:18.509402,40.4307,41.00875,0.0
2022-01-22 11:07:19.008512,39.96657,40.95675,0.0
2022-01-22 11:07:19.505035,40.48269,40.4405,0.0
2022-01-22 11:07:20.002972,40.17326,39.8735,0.0
2022-01-22 11:07:20.510355,40.07053,40.69925,0.0
2022-01-22 11:07:21.007961,40.4307,40.4405,0.0
2022-01-22 11:07:21.504683,40.07053,39.77075,0.0
2022-01-22 11:07:22.002583,40.4307,40.854,0.0
2022-01-22 11:07:22.508774,40.12128,40.4405,0.0
2022-01-22 11:07:23.008804,39.55441,40.02825,0.0
2022-01-22 11:07:23.505825,39.76111,40.59525,0.0
2022-01-22 11:07:24.001999,40.8441,40.75,0.0
2022-01-22 11:07:24.507110,40.58542,40.33775,0.0
2022-01-22 11:07:25.005286,39.91582,39.9255,0.0
2022-01-22 11:07:25.501808,39.193,40.28575,0.0
2022-01-22 11:07:26.010744,40.8441,40.59525,0.0
2022-01-22 11:07:26.505037,40.27599,40.08025,0.0
2022-01-22 11:07:27.003440,39.45168,40.02825,0.0
2022-01-22 11:07:27.509713,40.53467,40.95675,0.0
2022-01-22 11:07:28.007387,40.53467,40.90475,0.0
2022-01-22 11:07:28.502795,40.27599,40.02825,0.0
2022-01-22 11:07:29.001108,39.96657,40.131,0.0
2022-01-22 11:07:29.506793,40.48269,41.0595,0.0
2022-01-22 11:07:30.004306,39.96657,40.59525,0.0
2022-01-22 11:07:30.510966,39.70912,39.2545,0.0
2022-01-22 11:07:31.008880,40.01855,41.21425,0.0
2022-01-22 11:07:31.503483,40.4307,41.21425,0.0
2022-01-22 11:07:32.002260,40.01855,40.33775,0.0
2022-01-22 11:07:32.507700,39.91582,39.564,0.0
2022-01-22 11:07:33.008334,40.17326,41.52375,0.0
2022-01-22 11:07:33.503814,40.37996,41.26625,0.0
2022-01-22 11:07:34.002225,39.81185,40.08025,0.0
2022-01-22 11:07:34.506829,39.81185,39.46125,0.0
2022-01-22 11:07:35.005212,40.32797,41.21425,0.0
2022-01-22 11:07:35.501087,40.22525,40.90475,0.0
2022-01-22 11:07:36.009620,39.70912,39.66675,0.0
2022-01-22 11:07:36.503451,40.32797,39.97625,0.0
2022-01-22 11:07:37.001450,40.53467,40.95675,0.0
2022-01-22 11:07:37.506956,40.01855,40.235,0.0
2022-01-22 11:07:38.007463,40.07053,39.97625,0.0
2022-01-22 11:07:38.502645,40.37996,40.95675,0.0
2022-01-22 11:07:39.010571,40.48269,40.4925,0.0
2022-01-22 11:07:39.506994,40.07053,39.97625,0.0
2022-01-22 11:07:40.005056,39.6064,40.4405,0.0
2022-01-22 11:07:40.501890,40.17326,40.75,0.0
2022-01-22 11:07:41.001031,40.6374,40.02825,0.0
2022-01-22 11:07:41.506502,39.96657,39.71875,0.0
2022-01-22 11:07:42.003604,40.07053,41.26625,0.0
2022-01-22 11:07:42.509978,40.07053,40.59525,0.0
2022-01-22 11:07:43.007872,40.17326,39.8215,0.0
2022-01-22 11:07:43.502930,40.32797,39.40925,0.0
2022-01-22 11:07:44.010817,39.6064,41.1115,0.0
2022-01-22 11:07:44.507974,40.12128,40.69925,0.0
2022-01-22 11:07:45.007810,40.17326,39.97625,0.0
2022-01-22 11:07:45.503719,39.91582,39.66675,0.0
2022-01-22 11:07:46.001697,40.37996,41.52375,0.0
2022-01-22 11:07:46.509840,40.53467,40.802,0.0
2022-01-22 11:07:47.008044,40.17326,39.8215,0.0
2022-01-22 11:07:47.503635,39.81185,40.5445,0.0
2022-01-22 11:07:48.009044,40.48269,41.369,0.0
2022-01-22 11:07:48.506741,39.86384,40.59525,0.0
2022-01-22 11:07:49.004028,40.07053,39.2545,0.0
2022-01-22 11:07:49.509005,40.37996,40.75,0.0
2022-01-22 11:07:50.007372,40.22525,40.38975,0.0
2022-01-22 11:07:50.502719,39.81185,39.8215,0.0
2022-01-22 11:07:51.010943,40.01855,40.183,0.0
2022-01-22 11:07:51.506724,40.17326,41.31825,0.0
2022-01-22 11:07:52.004757,40.17326,40.854,0.0
2022-01-22 11:07:52.509748,39.76111,39.2025,0.0
2022-01-22 11:07:53.007587,39.6064,41.21425,0.0
2022-01-22 11:07:53.502348,40.79211,40.90475,0.0
2022-01-22 11:07:54.011098,40.22525,39.8735,0.0
2022-01-22 11:07:54.507446,40.07053,39.46125,0.0
2022-01-22 11:07:55.005014,39.96657,41.0595,0.0
2022-01-22 11:07:55.509884,40.79211,40.854,0.0
2022-01-22 11:07:56.007671,39.55441,39.97625,0.0
2022-01-22 11:07:56.502725,39.76111,40.64725,0.0
2022-01-22 11:07:57.010525,39.76111,41.1115,0.0
2022-01-22 11:07:57.509068,40.48269,40.38975,0.0
2022-01-22 11:07:58.007209,40.32797,39.564,0.0
2022-01-22 11:07:58.503052,40.22525,40.4405,0.0
2022-01-22 11:07:59.010725,39.70912,40.75,0.0
2022-01-22 11:07:59.507094,40.01855,40.02825,0.0
2022-01-22 11:08:00.004922,40.4307,39.66675,0.0
2022-01-22 11:08:00.508601,39.65714,41.52375,0.0
2022-01-22 11:08:01.006181,40.37996,41.00875,0.0
2022-01-22 11:08:01.503332,40.12128,40.08025,0.0
2022-01-22 11:08:02.001659,39.70912,39.66675,0.0
2022-01-22 11:08:02.508621,40.01855,41.421,0.03864
2022-01-22 11:08:03.007033,40.8441,40.802,0.03864
2022-01-22 11:08:03.503440,40.37996,39.09975,0.0
2022-01-22 11:08:04.003790,40.27599,39.46125,0.0
2022-01-22 11:08:04.501166,40.17326,41.473,0.0
2022-01-22 11:08:05.009818,40.37996,40.5445,0.0
2022-01-22 11:08:05.505843,40.01855,39.564,0.0
2022-01-22 11:08:06.005515,40.01855,41.31825,0.0
2022-01-22 11:08:07.004825,40.37996,40.235,0.0
2022-01-22 11:08:07.510715,40.07053,39.616,0.0
2022-01-22 11:08:08.504514,40.4307,40.02825,0.0
2022-01-22 11:08:09.002971,40.12128,39.2545,0.0
2022-01-22 11:08:09.507481,40.17326,41.1635,0.0
2022-01-22 11:08:10.006320,40.4307,41.421,0.0
2022-01-22 11:08:10.502087,40.17326,40.4925,0.0
2022-01-22 11:08:11.006063,39.76111,39.15175,0.0
2022-01-22 11:08:11.502789,40.32797,40.90475,0.0
2022-01-22 11:08:12.001153,40.4307,40.854,0.0
2022-01-22 11:08:12.509829,40.32797,39.9255,0.0
2022-01-22 11:08:13.006854,39.76111,39.66675,0.0
2022-01-22 11:08:13.502799,39.50243,41.26625,0.0
2022-01-22 11:08:14.011104,40.6374,40.75,0.0
2022-01-22 11:08:14.505135,40.48269,40.131,0.0
2022-01-22 11:08:15.002545,40.01855,40.75,0.0
2022-01-22 11:08:15.506800,39.34772,40.802,0.0
2022-01-22 11:08:16.004252,40.48269,40.235,0.0
2022-01-22 11:08:16.510398,40.12128,39.616,0.0
2022-01-22 11:08:17.008232,39.81185,41.21425,0.0
2022-01-22 11:08:17.502804,40.32797,40.75,0.0
2022-01-22 11:08:18.009494,40.27599,39.66675,0.0
2022-01-22 11:08:18.504928,39.70912,39.8735,0.0
2022-01-22 11:08:19.003308,40.01855,41.7305,0.0
2022-01-22 11:08:19.507920,41.15352,40.854,0.0
2022-01-22 11:08:20.006570,40.8441,39.616,0.0
2022-01-22 11:08:20.501033,40.12128,39.2545,0.0
2022-01-22 11:08:21.009928,39.55441,41.31825,0.0
2022-01-22 11:08:21.506457,40.12128,40.28575,0.0
2022-01-22 11:08:22.003903,40.17326,38.997,0.0
2022-01-22 11:08:22.501992,39.81185,40.75,0.0
2022-01-22 11:08:23.010037,39.6064,41.00875,0.0
2022-01-22 11:08:23.505297,39.96657,40.183,0.0
2022-01-22 11:08:24.007555,40.4307,39.8735,0.0
2022-01-22 11:08:24.504705,39.96657,40.90475,0.0
2022-01-22 11:08:25.003881,40.48269,40.38975,0.0
2022-01-22 11:08:25.510194,39.45168,39.512,0.0
2022-01-22 11:08:26.008148,39.55441,40.802,0.0
2022-01-22 11:08:26.503627,40.12128,40.854,0.0
2022-01-22 11:08:27.002711,40.07053,40.235,0.0
2022-01-22 11:08:27.508371,40.01855,39.71875,0.0
2022-01-22 11:08:28.007534,40.22525,41.1115,0.0
2022-01-22 11:08:28.502222,40.32797,40.59525,0.0
2022-01-22 11:08:29.009839,40.53467,40.02825,0.0
2022-01-22 11:08:29.506146,40.07053,40.235,0.0
2022-01-22 11:08:30.005017,40.32797,40.95675,0.0
2022-01-22 11:08:30.501433,40.48269,40.28575,0.0
2022-01-22 11:08:31.009686,40.22525,39.71875,0.0
2022-01-22 11:08:31.506255,40.32797,40.95675,0.0
2022-01-22 11:08:32.004499,40.01855,40.75,0.0
2022-01-22 11:08:32.501781,40.01855,39.97625,0.0
2022-01-22 11:08:33.010342,40.48269,39.77075,0.0
2022-01-22 11:08:33.505131,39.86384,41.57575,0.0
2022-01-22 11:08:34.002634,40.37996,40.95675,0.0
2022-01-22 11:08:34.501762,40.07053,39.66675,0.0
2022-01-22 11:08:35.010628,39.81185,39.09975,0.0
2022-01-22 11:08:35.506111,39.55441,41.57575,0.0
2022-01-22 11:08:36.003212,40.79211,40.90475,0.0
2022-01-22 11:08:36.509907,40.4307,39.8215,0.0
2022-01-22 11:08:37.007385,39.70912,39.2025,0.0
2022-01-22 11:08:37.502545,39.65714,41.57575,0.0
2022-01-22 11:08:38.010660,40.79211,40.59525,0.0
2022-01-22 11:08:38.505490,40.17326,39.35725,0.0
2022-01-22 11:08:39.003523,40.01855,40.02825,0.0
2022-01-22 11:08:39.509726,39.29697,41.57575,0.0
2022-01-22 11:08:40.007944,40.4307,40.4925,0.0
2022-01-22 11:08:40.503386,40.27599,39.15175,0.0
2022-01-22 11:08:41.001738,40.07053,40.95675,0.0
2022-01-22 11:08:41.507857,40.74013,40.802,0.0
2022-01-22 11:08:42.008387,40.22525,39.616,0.0
2022-01-22 11:08:42.503673,39.91582,40.4925,0.0
2022-01-22 11:08:43.003336,40.12128,41.00875,0.0
2022-01-22 11:08:43.511213,40.53467,40.08025,0.0
2022-01-22 11:08:44.010873,40.01855,40.08025,0.0
2022-01-22 11:08:44.506592,40.48269,41.0595,0.0
2022-01-22 11:08:45.006123,40.07053,40.5445,0.0
2022-01-22 11:08:45.501481,40.48269,39.97625,0.0
2022-01-22 11:08:46.010631,40.6374,39.77075,0.0
2022-01-22 11:08:46.506323,40.58542,41.0595,0.0
2022-01-22 11:08:47.004747,40.37996,40.183,0.0
2022-01-22 11:08:47.509837,40.27599,39.77075,0.0
2022-01-22 11:08:48.009664,40.01855,40.5445,0.0
2022-01-22 11:08:48.506200,39.86384,40.854,0.0
2022-01-22 11:08:49.004844,39.65714,40.183,0.0
2022-01-22 11:08:49.510147,40.12128,39.616,0.0
2022-01-22 11:08:50.007478,40.32797,40.854,0.0
2022-01-22 11:08:50.503887,40.17326,40.64725,0.0
2022-01-22 11:08:51.002643,40.48269,39.66675,0.0
2022-01-22 11:08:51.507270,40.22525,39.616,0.0
2022-01-22 11:08:52.006592,40.07053,41.93725,0.0
2022-01-22 11:08:52.504646,39.24499,40.4405,0.0
2022-01-22 11:08:53.002731,40.58542,39.77075,0.0
2022-01-22 11:08:53.508540,40.32797,39.616,0.0
2022-01-22 11:08:54.006277,39.76111,41.52375,0.0
2022-01-22 11:08:54.511225,40.58542,40.4925,0.0
2022-01-22 11:08:55.010359,39.70912,39.564,0.0
2022-01-22 11:08:55.504002,39.96657,40.235,0.0
2022-01-22 11:08:56.001251,39.76111,41.62775,0.0
2022-01-22 11:08:56.505523,40.89484,40.59525,0.0
2022-01-22 11:08:57.003299,40.07053,39.2545,0.0
2022-01-22 11:08:57.509887,40.12128,40.854,0.0
2022-01-22 11:08:58.007104,39.65714,40.69925,0.0
2022-01-22 11:08:58.503080,39.55441,39.8735,0.0
2022-01-22 11:08:59.001781,40.48269,39.40925,0.0
2022-01-22 11:08:59.508551,40.37996,41.21425,0.0
2022-01-22 11:09:00.007170,40.07053,40.4925,0.0
2022-01-22 11:09:00.501880,39.96657,39.71875,0.0
2022-01-22 11:09:01.010661,39.96657,41.0595,0.0
2022-01-22 11:09:01.508229,40.22525,40.95675,0.0
2022-01-22 11:09:02.006235,40.6374,39.9255,0.0
2022-01-22 11:09:02.501225,40.22525,39.9255,0.0
2022-01-22 11:09:03.009513,40.01855,41.1635,0.0
2022-01-22 11:09:03.505427,39.76111,40.28575,0.0
2022-01-22 11:09:04.004191,40.4307,39.564,0.0
2022-01-22 11:09:04.509461,40.17326,40.802,0.0
2022-01-22 11:09:05.007012,39.91582,41.1635,0.0
2022-01-22 11:09:05.503394,40.27599,40.28575,0.0
2022-01-22 11:09:06.002354,40.17326,39.616,0.0
2022-01-22 11:09:06.508074,40.07053,41.0595,0.0
2022-01-22 11:09:07.006385,40.22525,40.4405,0.0
2022-01-22 11:09:07.501298,40.68938,40.02825,0.0
2022-01-22 11:09:08.505711,39.86384,41.21425,0.0
2022-01-22 11:09:09.003880,39.14226,40.59525,0.0
2022-01-22 11:09:09.509655,40.94682,39.35725,0.0
2022-01-22 11:09:10.008112,40.27599,41.31825,0.0
2022-01-22 11:09:10.504716,40.27599,41.26625,0.0
2022-01-22 11:09:11.010006,40.4307,39.97625,0.0
2022-01-22 11:09:11.506363,40.07053,38.6355,0.0
2022-01-22 11:09:12.004177,40.22525,40.802,0.0
2022-01-22 11:09:12.501681,39.81185,41.21425,0.0
2022-01-22 11:09:13.001552,40.94682,40.131,0.0
2022-01-22 11:09:13.507526,40.4307,38.997,0.0
2022-01-22 11:09:14.007804,40.53467,41.7305,0.0
2022-01-22 11:09:14.502713,40.07053,41.26625,0.0
2022-01-22 11:09:15.010942,40.37996,40.5445,0.0
2022-01-22 11:09:15.505010,39.29697,39.15175,0.0
2022-01-22 11:09:16.002522,39.86384,40.95675,0.0
2022-01-22 11:09:16.507447,40.4307,40.802,0.0
2022-01-22 11:09:17.004912,40.22525,39.77075,0.0
2022-01-22 11:09:17.509686,39.65714,40.75,0.0
2022-01-22 11:09:18.007745,39.55441,40.90475,0.0
2022-01-22 11:09:18.504334,40.4307,40.33775,0.0
2022-01-22 11:09:19.003377,40.4307,40.28575,0.0
2022-01-22 11:09:19.510301,40.01855,40.854,0.0
2022-01-22 11:09:20.007738,39.96657,40.33775,0.0
2022-01-22 11:09:20.503205,40.8441,39.8215,0.0
2022-01-22 11:09:21.001700,40.6374,40.235,0.0
2022-01-22 11:09:21.508106,40.58542,41.00875,0.0
2022-01-22 11:09:22.006315,39.45168,40.28575,0.0
2022-01-22 11:09:22.502619,40.12128,39.512,0.0
2022-01-22 11:09:23.003887,39.86384,40.95675,0.0
2022-01-22 11:09:23.510477,39.81185,41.00875,0.0
2022-01-22 11:09:24.008814,40.58542,40.131,0.0
2022-01-22 11:09:24.504811,40.68938,39.616,0.0
2022-01-22 11:09:25.004335,39.65714,41.31825,0.0
2022-01-22 11:09:26.004392,40.58542,39.616,0.0
2022-01-22 11:09:26.508831,40.22525,39.9255,0.0
2022-01-22 11:09:27.006839,39.6064,41.7305,0.0
2022-01-22 11:09:27.501709,39.65714,40.854,0.0
2022-01-22 11:09:28.010755,40.79211,39.46125,0.0
2022-01-22 11:09:28.507069,40.32797,39.77075,0.0
2022-01-22 11:09:29.007183,39.86384,41.88525,0.0
2022-01-22 11:09:29.501617,40.32797,40.4405,0.0
2022-01-22 11:09:30.010262,40.48269,38.945,0.0
2022-01-22 11:09:30.506956,40.12128,40.64725,0.0
2022-01-22 11:09:31.005067,39.81185,41.0595,0.0
2022-01-22 11:09:31.510947,40.17326,40.38975,0.0
2022-01-22 11:09:32.009691,39.45168,39.35725,0.0
2022-01-22 11:09:32.505675,40.58542,41.0595,0.0
2022-01-22 11:09:33.004114,40.8441,40.4925,0.0
2022-01-22 11:09:33.501862,40.6374,39.8735,0.0
2022-01-22 11:09:34.010262,39.91582,40.38975,0.0
2022-01-22 11:09:34.505144,39.6064,40.33775,0.0
2022-01-22 11:09:35.003660,40.32797,39.9255,0.0
2022-01-22 11:09:35.501205,40.37996,40.59525,0.0
2022-01-22 11:09:36.009990,39.91582,40.75,0.0
2022-01-22 11:09:36.506220,39.65714,40.183,0.0
2022-01-22 11:09:37.004694,40.17326,40.183,0.0
2022-01-22 11:09:37.509826,40.58542,40.4925,0.0
2022-01-22 11:09:38.010160,39.86384,40.75,0.0
2022-01-22 11:09:38.506305,40.01855,40.38975,0.0
2022-01-22 11:09:39.003186,40.68938,39.71875,0.0
2022-01-22 11:09:39.501386,40.4307,40.4405,0.0
2022-01-22 11:09:40.009830,40.07053,41.21425,0.0
2022-01-22 11:09:40.506282,40.12128,40.08025,0.0
2022-01-22 11:09:41.003809,40.01855,39.616,0.0
2022-01-22 11:09:41.510346,39.29697,41.1635,0.0
2022-01-22 11:09:42.009380,40.4307,40.75,0.0
2022-01-22 11:09:42.503273,40.79211,39.9255,0.0
2022-01-22 11:09:43.002249,40.32797,40.33775,0.0
2022-01-22 11:09:43.509148,39.86384,41.26625,0.0
2022-01-22 11:09:44.007934,39.65714,40.28575,0.0
2022-01-22 11:09:44.503534,40.79211,39.46125,0.0
2022-01-22 11:09:45.010408,40.17326,41.00875,0.0
2022-01-22 11:09:45.505267,39.70912,41.21425,0.0
2022-01-22 11:09:46.004494,39.91582,40.235,0.0
2022-01-22 11:09:46.502343,40.48269,39.3065,0.0
2022-01-22 11:09:47.010345,40.27599,41.421,0.0
2022-01-22 11:09:47.506460,40.12128,40.95675,0.0
2022-01-22 11:09:48.004477,40.17326,40.28575,0.0
2022-01-22 11:09:48.510291,39.96657,39.77075,0.0
2022-01-22 11:09:49.008197,39.76111,41.26625,0.0
2022-01-22 11:09:49.504873,40.27599,40.235,0.0
2022-01-22 11:09:50.002780,40.48269,39.15175,0.0
2022-01-22 11:09:50.508055,39.6064,40.59525,0.0
2022-01-22 11:09:51.007679,40.17326,41.00875,0.0
2022-01-22 11:09:51.504223,40.32797,40.33775,0.0
2022-01-22 11:09:52.003265,40.53467,39.512,0.0
2022-01-22 11:09:52.509053,39.81185,41.57575,0.0
2022-01-22 11:09:53.007274,39.45168,40.75,0.0
2022-01-22 11:09:53.502404,40.48269,39.97625,0.0
2022-01-22 11:09:54.010661,40.48269,38.945,0.0
2022-01-22 11:09:54.509384,39.76111,41.21425,0.0
2022-01-22 11:09:55.006296,39.6064,40.4925,0.0
2022-01-22 11:09:55.504002,40.6374,39.564,0.0
2022-01-22 11:09:56.002372,40.53467,40.33775,0.0
2022-01-22 11:09:56.509271,40.12128,41.6785,0.0
2022-01-22 11:09:57.007738,39.45168,40.69925,0.0
2022-01-22 11:09:57.502769,40.37996,39.40925,0.0
2022-01-22 11:09:58.001744,39.81185,40.38975,0.0
2022-01-22 11:09:58.506985,39.86384,41.421,0.0
2022-01-22 11:09:59.003457,40.32797,39.564,0.0
2022-01-22 11:09:59.509099,40.22525,39.2025,0.0
2022-01-22 11:10:00.009702,39.76111,41.369,0.0
2022-01-22 11:10:00.503449,40.01855,40.802,0.0
2022-01-22 11:10:01.002860,40.79211,39.66675,0.0
2022-01-22 11:10:01.507467,40.12128,41.0595,0.0
2022-01-22 11:10:02.006321,39.70912,41.31825,0.0
2022-01-22 11:10:03.004700,40.8441,39.09975,0.0
2022-01-22 11:10:03.509366,40.12128,40.59525,0.0
2022-01-22 11:10:04.006562,39.81185,41.1115,0.0
2022-01-22 11:10:04.502997,40.07053,40.131,0.0
2022-01-22 11:10:05.001333,40.22525,39.512,0.0
2022-01-22 11:10:05.508156,40.12128,41.988,0.0
2022-01-22 11:10:06.006179,40.22525,40.95675,0.0
2022-01-22 11:10:06.510790,40.58542,39.66675,0.0
2022-01-22 11:10:07.010128,40.07053,39.564,0.0
2022-01-22 11:10:07.504523,39.50243,41.1115,0.0
2022-01-22 11:10:08.002531,39.91582,40.235,0.0
2022-01-22 11:10:08.509841,40.37996,39.40925,0.0
2022-01-22 11:10:09.009195,40.01855,40.69925,0.0
2022-01-22 11:10:09.504646,39.76111,40.95675,0.0
2022-01-22 11:10:10.002873,39.91582,40.131,0.0
2022-01-22 11:10:10.506635,40.53467,40.38975,0.0
2022-01-22 11:10:11.010553,40.07053,41.00875,0.0
2022-01-22 11:10:11.507870,39.65714,40.38975,0.0
2022-01-22 11:10:12.005960,40.53467,39.512,0.0
2022-01-22 11:10:12.502827,40.6374,40.5445,0.0
2022-01-22 11:10:13.001763,40.12128,40.75,0.0
2022-01-22 11:10:13.508465,39.81185,40.02825,0.0
2022-01-22 11:10:14.006871,40.07053,39.97625,0.0
2022-01-22 11:10:14.502179,39.70912,41.62775,0.0
2022-01-22 11:10:15.008877,39.6064,40.90475,0.0
2022-01-22 11:10:15.503539,40.53467,40.02825,0.0
2022-01-22 11:10:16.010403,40.68938,39.09975,0.0
2022-01-22 11:10:16.504556,40.22525,41.7305,0.0
2022-01-22 11:10:17.001219,39.50243,40.854,0.0
2022-01-22 11:10:17.507977,40.12128,39.66675,0.0
2022-01-22 11:10:18.006113,40.48269,39.66675,0.0
2022-01-22 11:10:18.510398,39.76111,41.473,0.0
2022-01-22 11:10:19.008083,39.29697,40.90475,0.0
2022-01-22 11:10:19.503714,40.53467,39.512,0.0
2022-01-22 11:10:20.002114,40.53467,41.00875,0.0
2022-01-22 11:10:20.506650,40.01855,40.854,0.0
2022-01-22 11:10:21.004519,40.17326,39.8735,0.0
2022-01-22 11:10:21.501663,40.58542,39.564,0.0
2022-01-22 11:10:22.010262,39.76111,40.95675,0.0
2022-01-22 11:10:22.506912,40.12128,40.183,0.0
2022-01-22 11:10:23.005632,40.22525,39.564,0.0
2022-01-22 11:10:23.510404,40.32797,40.95675,0.0
2022-01-22 11:10:24.009383,39.29697,41.1115,0.0
2022-01-22 11:10:24.504191,39.70912,40.08025,0.0
2022-01-22 11:10:25.001796,40.89484,39.77075,0.0
2022-01-22 11:10:25.505866,40.53467,41.0595,0.0
2022-01-22 11:10:26.002725,39.70912,40.5445,0.0
2022-01-22 11:10:26.509185,38.98755,40.08025,0.0
2022-01-22 11:10:27.007486,40.94682,39.66675,0.0
2022-01-22 11:10:27.503411,40.53467,41.473,0.0
2022-01-22 11:10:28.002462,39.86384,40.38975,0.0
2022-01-22 11:10:28.509213,39.34772,39.35725,0.0
2022-01-22 11:10:29.007480,40.58542,40.90475,0.0
2022-01-22 11:10:29.504845,40.4307,41.57575,0.0
2022-01-22 11:10:30.002629,39.65714,40.4405,0.0
2022-01-22 11:10:30.508386,40.32797,39.2025,0.0
2022-01-22 11:10:31.005878,40.6374,40.4405,0.0
2022-01-22 11:10:31.510594,39.76111,41.52375,0.0
2022-01-22 11:10:32.006943,39.34772,40.4925,0.0
2022-01-22 11:10:32.504350,40.27599,38.893,0.0
2022-01-22 11:10:33.002868,40.17326,41.369,0.0
2022-01-22 11:10:33.508628,39.86384,41.1115,0.0
2022-01-22 11:10:34.006848,40.17326,40.131,0.0
2022-01-22 11:10:34.502439,40.27599,39.40925,0.0
2022-01-22 11:10:35.011295,39.96657,41.57575,0.0
2022-01-22 11:10:35.508445,39.65714,40.854,0.0
2022-01-22 11:10:36.006643,40.01855,39.46125,0.0
2022-01-22 11:10:36.501834,40.27599,40.33775,0.0
2022-01-22 11:10:37.010023,39.96657,40.95675,0.0
2022-01-22 11:10:37.505941,40.48269,40.131,0.0
2022-01-22 11:10:38.003936,40.53467,40.4405,0.0
2022-01-22 11:10:38.508972,40.12128,41.21425,0.0
2022-01-22 11:10:39.006997,40.32797,40.235,0.0
2022-01-22 11:10:39.502331,40.48269,39.8215,0.0
2022-01-22 11:10:40.010495,40.48269,41.1115,0.0
2022-01-22 11:10:40.507150,39.96657,40.64725,0.0
2022-01-22 11:10:41.005086,39.3997,39.8215,0.0
2022-01-22 11:10:41.510478,40.22525,39.71875,0.0
2022-01-22 11:10:42.008092,40.12128,40.90475,0.0
2022-01-22 11:10:42.510413,39.91582,40.802,0.0
2022-01-22 11:10:43.007910,39.55441,39.9255,0.0
2022-01-22 11:10:43.502708,40.8441,40.131,0.0
2022-01-22 11:10:44.002900,40.32797,41.00875,0.0
2022-01-22 11:10:44.509566,39.91582,40.5445,0.0
2022-01-22 11:10:45.009691,39.193,39.8215,0.0
2022-01-22 11:10:45.506240,40.58542,40.4925,0.0
2022-01-22 11:10:46.003863,40.27599,40.802,0.0
2022-01-22 11:10:46.508010,39.86384,40.02825,0.0
2022-01-22 11:10:47.007048,40.01855,39.35725,0.0
2022-01-22 11:10:47.502945,40.6374,41.52375,0.0
2022-01-22 11:10:48.001655,40.27599,40.95675,0.0
2022-01-22 11:10:48.506365,39.91582,40.02825,0.0
2022-01-22 11:10:49.004356,40.17326,39.2025,0.0
2022-01-22 11:10:49.509792,40.27599,42.24675,0.0
2022-01-22 11:10:50.007344,39.91582,41.00875,0.0
2022-01-22 11:10:50.504148,39.76111,39.77075,0.0
2022-01-22 11:10:51.003340,40.37996,38.945,0.0
2022-01-22 11:10:51.508156,39.86384,41.473,0.0
2022-01-22 11:10:52.006731,40.07053,40.95675,0.0
2022-01-22 11:10:52.500965,40.4307,39.40925,0.0
2022-01-22 11:10:53.009273,40.37996,39.9255,0.0
2022-01-22 11:10:53.507131,39.86384,41.1115,0.0
2022-01-22 11:10:54.005155,39.86384,40.38975,0.0
2022-01-22 11:10:54.509913,40.58542,38.893,0.0
2022-01-22 11:10:55.008348,40.22525,41.0595,0.0
2022-01-22 11:10:55.505062,39.76111,40.5445,0.0
2022-01-22 11:10:56.004030,39.34772,39.512,0.0
2022-01-22 11:10:56.510580,40.6374,40.90475,0.0
2022-01-22 11:10:57.008470,40.4307,41.1635,0.0
2022-01-22 11:10:57.503972,39.81185,40.28575,0.0
2022-01-22 11:10:58.003340,39.81185,39.564,0.0
2022-01-22 11:10:58.508780,40.8441,40.59525,0.0
2022-01-22 11:10:59.006217,40.12128,40.38975,0.0
2022-01-22 11:10:59.510756,39.55441,39.9255,0.0
2022-01-22 11:11:00.009174,40.4307,40.02825,0.0
2022-01-22 11:11:00.506694,40.01855,40.69925,0.0
2022-01-22 11:11:01.003760,39.91582,40.5445,0.0
2022-01-22 11:11:01.509262,39.86384,40.33775,0.0
2022-01-22 11:11:02.008091,40.37996,40.4925,0.0
2022-01-22 11:11:02.503308,40.37996,40.69925,0.0
2022-01-22 11:11:03.001458,39.91582,40.4925,0.0
2022-01-22 11:11:03.507954,40.07053,39.71875,0.0
2022-01-22 11:11:04.006774,40.6374,40.90475,0.0
2022-01-22 11:11:04.502500,40.27599,40.5445,0.0
2022-01-22 11:11:05.011134,39.96657,39.77075,0.0
2022-01-22 11:11:05.506982,40.17326,40.183,0.0
2022-01-22 11:11:06.005001,40.6374,41.88525,0.0
2022-01-22 11:11:06.510773,40.17326,41.00875,0.0
2022-01-22 11:11:07.010247,39.70912,39.616,0.0
2022-01-22 11:11:07.505445,40.22525,39.04775,0.0
2022-01-22 11:11:08.003414,40.32797,41.62775,0.0
2022-01-22 11:11:08.508844,39.91582,40.854,0.0
2022-01-22 11:11:09.006092,40.07053,39.46125,0.0
2022-01-22 11:11:09.501427,40.4307,39.35725,0.0
2022-01-22 11:11:10.009482,40.07053,41.57575,0.0
2022-01-22 11:11:10.505960,39.81185,40.33775,0.0
2022-01-22 11:11:11.002121,40.07053,39.40925,0.0
2022-01-22 11:11:11.506257,40.4307,40.90475,0.0
2022-01-22 11:11:12.003450,39.96657,40.59525,0.0
2022-01-22 11:11:12.509837,40.01855,39.97625,0.0
2022-01-22 11:11:13.007146,40.37996,39.9255,0.0
2022-01-22 11:11:13.503892,40.32797,41.1635,0.0
2022-01-22 11:11:14.003889,39.96657,40.235,0.0
2022-01-22 11:11:14.509739,40.17326,39.3065,0.0
2022-01-22 11:11:15.008297,40.37996,41.1115,0.0
2022-01-22 11:11:15.505113,40.22525,41.0595,0.0
2022-01-22 11:11:16.002724,40.01855,40.02825,0.0
2022-01-22 11:11:16.508056,39.96657,39.3065,0.0
2022-01-22 11:11:17.006432,40.27599,41.52375,0.0
2022-01-22 11:11:17.502954,40.12128,40.802,0.0
2022-01-22 11:11:18.002693,39.6064,40.02825,0.0
2022-01-22 11:11:18.509115,40.27599,38.73825,0.0
2022-01-22 11:11:19.006876,40.4307,41.988,0.0
2022-01-22 11:11:19.503988,39.70912,41.21425,0.0
2022-01-22 11:11:20.003877,39.50243,39.77075,0.0
2022-01-22 11:11:20.509701,40.6374,39.71875,0.0
2022-01-22 11:11:21.007458,40.37996,41.7825,0.0
2022-01-22 11:11:21.503518,40.12128,40.38975,0.0
2022-01-22 11:11:22.001272,39.86384,39.2545,0.0
2022-01-22 11:11:22.507178,40.53467,40.90475,0.0
2022-01-22 11:11:23.005208,40.22525,41.473,0.0
2022-01-22 11:11:23.508240,39.55441,40.28575,0.0
2022-01-22 11:11:24.007617,40.12128,38.84225,0.0
2022-01-22 11:11:24.505344,40.53467,41.26625,0.0
2022-01-22 11:11:25.002872,39.96657,40.5445,0.0
2022-01-22 11:11:25.504318,40.4307,39.3065,0.0
2022-01-22 11:11:26.003410,40.27599,40.4925,0.0
2022-01-22 11:11:26.508797,40.01855,41.0595,0.0
2022-01-22 11:11:27.006676,39.65714,40.235,0.0
2022-01-22 11:11:27.502599,39.91582,39.35725,0.0
2022-01-22 11:11:28.010212,40.32797,41.21425,0.0
2022-01-22 11:11:28.506976,39.65714,40.5445,0.0
2022-01-22 11:11:29.004556,40.32797,39.77075,0.0
2022-01-22 11:11:29.510021,40.37996,40.38975,0.0
2022-01-22 11:11:30.008648,40.12128,40.90475,0.0
2022-01-22 11:11:30.504986,39.81185,40.131,0.0
2022-01-22 11:11:31.003150,40.12128,39.8215,0.0
2022-01-22 11:11:31.507480,40.79211,41.00875,0.0
2022-01-22 11:11:32.005699,40.22525,40.4405,0.0
2022-01-22 11:11:32.502218,39.81185,40.02825,0.0
2022-01-22 11:11:33.002668,39.76111,40.38975,0.0
2022-01-22 11:11:33.507971,39.70912,40.69925,0.0
2022-01-22 11:11:34.005034,40.32797,40.33775,0.0
2022-01-22 11:11:34.510801,40.07053,39.9255,0.0
2022-01-22 11:11:35.007839,39.96657,40.28575,0.0
2022-01-22 11:11:35.503805,40.32797,41.00875,0.0
2022-01-22 11:11:36.001403,40.01855,40.33775,0.0
2022-01-22 11:11:36.506818,39.6064,39.77075,0.0
2022-01-22 11:11:37.005367,40.22525,40.854,0.0
2022-01-22 11:11:37.503222,40.58542,41.1635,0.0
2022-01-22 11:11:38.010749,40.01855,40.02825,0.0
2022-01-22 11:11:38.505544,39.45168,39.2545,0.0
2022-01-22 11:11:39.003528,40.89484,41.473,0.0
2022-01-22 11:11:39.508414,40.6374,40.59525,0.0
2022-01-22 11:11:40.006203,39.81185,39.8215,0.0
2022-01-22 11:11:40.510841,39.50243,39.8215,0.0
2022-01-22 11:11:41.009612,40.6374,41.62775,0.0
2022-01-22 11:11:41.505932,39.86384,40.90475,0.0
2022-01-22 11:11:42.003604,39.86384,39.2025,0.0
2022-01-22 11:11:42.501415,40.12128,40.08025,0.0
2022-01-22 11:11:43.010895,40.07053,41.369,0.0
2022-01-22 11:11:43.506800,39.86384,40.38975,0.0
2022-01-22 11:11:44.003326,40.37996,39.09975,0.0
2022-01-22 11:11:44.509468,40.22525,41.1635,0.0
2022-01-22 11:11:45.007201,39.96657,41.00875,0.0
2022-01-22 11:11:45.504597,39.3997,40.183,0.0
2022-01-22 11:11:46.001639,40.01855,38.84225,0.0
2022-01-22 11:11:46.508111,40.79211,41.21425,0.0
2022-01-22 11:11:47.007451,40.12128,40.90475,0.0
2022-01-22 11:11:47.503372,39.76111,39.616,0.0
2022-01-22 11:11:48.001228,40.37996,40.131,0.0
2022-01-22 11:11:48.506457,40.6374,41.26625,0.0
2022-01-22 11:11:49.003690,40.01855,40.4925,0.0
2022-01-22 11:11:49.510353,39.76111,39.564,0.0
2022-01-22 11:11:50.008930,40.17326,41.0595,0.0
2022-01-22 11:11:50.502545,40.01855,40.802,0.0
2022-01-22 11:11:51.001873,39.96657,39.9255,0.0
2022-01-22 11:11:51.507074,39.50243,39.512,0.0
2022-01-22 11:11:52.007557,40.99881,41.88525,0.0
2022-01-22 11:11:52.502397,40.37996,40.69925,0.0
2022-01-22 11:11:53.011178,39.96657,39.8215,0.0
2022-01-22 11:11:53.508584,39.70912,39.616,0.0
2022-01-22 11:11:54.007374,40.53467,41.7305,0.0
2022-01-22 11:11:54.502346,39.91582,40.38975,0.0
2022-01-22 11:11:55.011096,39.76111,39.2025,0.0
2022-01-22 11:11:55.506528,40.4307,40.28575,0.0
2022-01-22 11:11:56.004130,40.37996,41.31825,0.0
2022-01-22 11:11:56.502500,39.6064,40.4405,0.0
2022-01-22 11:11:57.001954,40.17326,39.8735,0.0
2022-01-22 11:11:57.509067,40.89484,41.52375,0.0
2022-01-22 11:11:58.007058,40.48269,40.64725,0.0
2022-01-22 11:11:58.501271,40.07053,39.35725,0.0
2022-01-22 11:11:59.010043,39.96657,40.183,0.0
2022-01-22 11:11:59.504033,40.17326,40.95675,0.0
2022-01-22 11:12:00.001792,39.50243,40.02825,0.0
2022-01-22 11:12:00.506305,40.17326,39.3065,0.0
2022-01-22 11:12:01.004883,40.12128,41.52375,0.0
2022-01-22 11:12:02.005134,39.70912,40.131,0.0
2022-01-22 11:12:02.501679,39.70912,39.46125,0.0
2022-01-22 11:12:03.009965,40.79211,41.31825,0.0
2022-01-22 11:12:03.505876,39.96657,40.235,0.0
2022-01-22 11:12:04.003795,40.12128,39.3065,0.0
2022-01-22 11:12:04.507594,40.12128,40.28575,0.0
2022-01-22 11:12:05.006281,40.53467,41.1115,0.0
2022-01-22 11:12:05.503850,40.32797,40.235,0.0
2022-01-22 11:12:06.002233,40.12128,40.131,0.0
2022-01-22 11:12:06.507074,39.81185,41.1635,0.0
2022-01-22 11:12:07.006660,40.27599,40.75,0.0
2022-01-22 11:12:07.501867,40.32797,39.564,0.0
2022-01-22 11:12:08.010521,39.76111,39.564,0.0
2022-01-22 11:12:08.505402,40.37996,41.473,0.0
2022-01-22 11:12:09.003098,40.37996,40.75,0.0
2022-01-22 11:12:09.507994,39.70912,39.8215,0.0
2022-01-22 11:12:10.007372,39.24499,39.40925,0.0
2022-01-22 11:12:10.502685,40.12128,42.092,0.0
2022-01-22 11:12:11.006992,40.01855,40.95675,0.0
2022-01-22 11:12:11.501678,39.70912,39.15175,0.0
2022-01-22 11:12:12.010735,40.48269,39.3065,0.0
2022-01-22 11:12:12.505689,40.6374,41.31825,0.0
2022-01-22 11:12:13.004679,40.12128,40.4925,0.0
2022-01-22 11:12:13.509841,39.55441,39.3065,0.0
2022-01-22 11:12:14.007059,40.48269,40.95675,0.0
2022-01-22 11:12:14.502198,40.53467,40.64725,0.0
2022-01-22 11:12:15.010742,39.81185,40.131,0.0
2022-01-22 11:12:15.505827,39.55441,40.75,0.0
2022-01-22 11:12:16.003455,40.37996,40.802,0.0
2022-01-22 11:12:16.508785,40.01855,40.131,0.0
2022-01-22 11:12:17.006488,40.4307,38.997,0.0
2022-01-22 11:12:17.502224,40.22525,41.0595,0.0
2022-01-22 11:12:18.001098,40.17326,40.4405,0.0
2022-01-22 11:12:18.507269,39.96657,39.8735,0.0
2022-01-22 11:12:19.007197,39.65714,40.183,0.0
2022-01-22 11:12:19.504649,40.32797,41.57575,0.0
2022-01-22 11:12:20.002569,39.81185,40.75,0.0
2022-01-22 11:12:20.507993,39.76111,39.66675,0.0
2022-01-22 11:12:21.006006,40.22525,40.28575,0.0
2022-01-22 11:12:21.510932,40.68938,40.75,0.0
2022-01-22 11:12:22.009355,40.17326,40.33775,0.0
2022-01-22 11:12:22.505440,39.81185,39.512,0.0
2022-01-22 11:12:23.002576,39.81185,41.0595,0.0
2022-01-22 11:12:23.509742,40.74013,40.854,0.0
2022-01-22 11:12:24.007379,40.17326,39.97625,0.0
2022-01-22 11:12:24.502381,40.12128,39.9255,0.0
2022-01-22 11:12:25.010353,39.86384,41.57575,0.0
2022-01-22 11:12:25.506611,40.37996,40.4925,0.0
2022-01-22 11:12:26.003851,39.96657,39.71875,0.0
2022-01-22 11:12:26.509044,39.96657,39.2545,0.0
2022-01-22 11:12:27.007023,40.32797,41.473,0.0
2022-01-22 11:12:27.503122,39.91582,40.4405,0.0
2022-01-22 11:12:28.001937,39.55441,39.15175,0.0
2022-01-22 11:12:28.508596,39.96657,39.77075,0.0
2022-01-22 11:12:29.006506,40.94682,42.092,0.0
2022-01-22 11:12:29.510959,40.12128,40.183,0.0
2022-01-22 11:12:30.009042,40.12128,38.6875,0.0
2022-01-22 11:12:30.504064,40.6374,41.21425,0.0
2022-01-22 11:12:31.001696,40.4307,40.64725,0.0
2022-01-22 11:12:31.507227,40.01855,40.02825,0.0
2022-01-22 11:12:32.006317,39.81185,39.35725,0.0
2022-01-22 11:12:32.501684,40.07053,41.369,0.0
2022-01-22 11:12:33.009527,40.12128,40.75,0.0
2022-01-22 11:12:33.503468,39.76111,39.3065,0.0
2022-01-22 11:12:34.002672,40.6374,40.4925,0.0
2022-01-22 11:12:34.507555,40.53467,41.1115,0.0
2022-01-22 11:12:35.006756,40.32797,40.28575,0.0
2022-01-22 11:12:35.501353,39.3997,39.3065,0.0
2022-01-22 11:12:36.009352,39.55441,41.0595,0.0
2022-01-22 11:12:36.505204,40.4307,40.4925,0.0
2022-01-22 11:12:37.004507,39.81185,39.46125,0.0
2022-01-22 11:12:37.510579,39.45168,40.4925,0.0
2022-01-22 11:12:38.010761,40.32797,41.31825,0.0
2022-01-22 11:12:38.505951,40.22525,40.28575,0.0
2022-01-22 11:12:39.005111,39.81185,39.616,0.0
2022-01-22 11:12:39.501152,39.91582,41.00875,0.0
2022-01-22 11:12:40.009068,40.74013,40.69925,0.0
2022-01-22 11:12:40.503806,40.22525,40.235,0.0
2022-01-22 11:12:41.002596,40.22525,39.40925,0.0
2022-01-22 11:12:41.509109,39.70912,41.421,0.0
2022-01-22 11:12:42.007496,40.17326,40.802,0.0
2022-01-22 11:12:42.503187,39.3997,39.616,0.0
2022-01-22 11:12:43.010884,39.45168,40.08025,0.0
2022-01-22 11:12:43.506001,40.99881,41.1635,0.0
2022-01-22 11:12:44.004281,40.68938,40.4925,0.0
2022-01-22 11:12:44.508992,40.01855,39.2545,0.0
2022-01-22 11:12:45.006674,39.29697,41.1635,0.0
2022-01-22 11:12:45.501087,40.68938,41.1115,0.0
2022-01-22 11:12:46.010201,40.27599,39.8215,0.0
2022-01-22 11:12:46.506749,39.65714,38.73825,0.0
2022-01-22 11:12:47.004407,39.91582,41.7825,0.0
2022-01-22 11:12:47.510645,40.4307,41.00875,0.0
2022-01-22 11:12:48.008882,39.91582,40.28575,0.0
2022-01-22 11:12:48.504346,40.07053,39.71875,0.0
2022-01-22 11:12:49.003065,40.27599,41.473,0.0
2022-01-22 11:12:49.507791,40.74013,40.95675,0.0
2022-01-22 11:12:50.005840,39.70912,39.616,0.0
2022-01-22 11:12:50.502766,40.12128,39.46125,0.0
2022-01-22 11:12:51.010761,39.96657,41.26625,0.0
2022-01-22 11:12:51.504740,40.27599,40.235,0.0
2022-01-22 11:12:52.002102,40.27599,39.71875,0.0
2022-01-22 11:12:52.507410,39.76111,41.1635,0.0
2022-01-22 11:12:53.006041,40.4307,40.59525,0.0
2022-01-22 11:12:53.501535,40.17326,39.9255,0.0
2022-01-22 11:12:54.010137,40.07053,40.38975,0.0
2022-01-22 11:12:54.504391,39.86384,40.802,0.0
2022-01-22 11:12:55.003044,40.07053,40.183,0.0
2022-01-22 11:12:55.510378,40.12128,39.564,0.0
2022-01-22 11:12:56.008639,39.81185,40.90475,0.0
2022-01-22 11:12:56.502807,40.32797,40.854,0.0
2022-01-22 11:12:57.010658,40.48269,40.235,0.0
2022-01-22 11:12:57.506835,40.07053,40.28575,0.0
2022-01-22 11:12:58.005000,40.22525,41.0595,0.0
2022-01-22 11:12:58.509346,40.4307,40.5445,0.0
2022-01-22 11:12:59.006722,39.91582,39.66675,0.0
2022-01-22 11:12:59.502979,39.86384,40.131,0.0
2022-01-22 11:13:00.002462,40.07053,40.802,0.0
2022-01-22 11:13:00.508015,40.68938,39.97625,0.0
2022-01-22 11:13:01.005379,39.91582,39.3065,0.0
2022-01-22 11:13:01.501952,39.81185,41.473,0.0
2022-01-22 11:13:02.009500,40.32797,41.31825,0.0
2022-01-22 11:13:02.504349,40.74013,40.4925,0.0
2022-01-22 11:13:03.002429,40.22525,39.15175,0.0
2022-01-22 11:13:03.510563,39.3997,40.131,0.0
2022-01-22 11:13:04.007731,40.07053,41.0595,0.0
2022-01-22 11:13:04.503191,40.22525,39.97625,0.0
2022-01-22 11:13:05.001138,39.96657,38.893,0.0
2022-01-22 11:13:05.506300,40.27599,41.31825,0.0
2022-01-22 11:13:06.004514,40.4307,41.0595,0.0
2022-01-22 11:13:06.509758,39.86384,39.97625,0.0
2022-01-22 11:13:07.008165,40.01855,39.97625,0.0
2022-01-22 11:13:07.504225,40.22525,40.64725,0.0
2022-01-22 11:13:08.003922,40.53467,40.02825,0.0
2022-01-22 11:13:08.509113,39.70912,40.131,0.0
2022-01-22 11:13:09.007085,39.81185,40.33775,0.0
2022-01-22 11:13:09.502795,40.68938,40.02825,0.0
2022-01-22 11:13:10.001320,40.4307,40.131,0.0
2022-01-22 11:13:10.505970,39.81185,40.854,0.0
2022-01-22 11:13:11.009515,39.65714,40.59525,0.0
2022-01-22 11:13:11.505162,40.37996,40.28575,0.0
2022-01-22 11:13:12.004451,40.48269,40.02825,0.0
2022-01-22 11:13:12.510697,39.81185,40.4405,0.0
2022-01-22 11:13:13.008382,40.17326,40.75,0.0
2022-01-22 11:13:13.503838,40.37996,39.8735,0.0
2022-01-22 11:13:14.002122,40.07053,39.616,0.0
2022-01-22 11:13:14.507449,39.86384,41.1635,0.0
2022-01-22 11:13:15.006792,40.37996,40.90475,0.0
2022-01-22 11:13:15.504702,40.32797,40.131,0.0
2022-01-22 11:13:16.003380,39.65714,39.77075,0.0
2022-01-22 11:13:16.508275,39.76111,41.1115,0.0
2022-01-22 11:13:17.005183,40.89484,40.5445,0.0
2022-01-22 11:13:17.510481,40.22525,39.3065,0.0
2022-01-22 11:13:18.010311,39.86384,40.64725,0.0
2022-01-22 11:13:18.506499,39.76111,41.1635,0.0
2022-01-22 11:13:19.004618,40.6374,39.9255,0.0
2022-01-22 11:13:19.508632,39.91582,39.15175,0.0
2022-01-22 11:13:20.006670,39.6064,41.21425,0.0
2022-01-22 11:13:20.503400,40.01855,41.0595,0.0
2022-01-22 11:13:21.003209,40.6374,40.02825,0.0
2022-01-22 11:13:21.509341,39.86384,39.512,0.0
2022-01-22 11:13:22.007298,40.17326,41.369,0.0
2022-01-22 11:13:22.502308,40.4307,40.4925,0.0
2022-01-22 11:13:23.010476,40.12128,39.616,0.0
2022-01-22 11:13:23.506544,40.17326,40.02825,0.0
2022-01-22 11:13:24.005154,40.27599,41.1635,0.0
2022-01-22 11:13:24.510156,40.58542,40.33775,0.0
2022-01-22 11:13:25.007354,39.96657,39.616,0.0
2022-01-22 11:13:25.506481,39.76111,41.0595,0.0
2022-01-22 11:13:26.004134,39.70912,40.802,0.0
2022-01-22 11:13:26.510269,40.27599,39.9255,0.0
2022-01-22 11:13:27.009887,40.22525,40.02825,0.0
2022-01-22 11:13:27.505815,40.01855,41.421,0.0
2022-01-22 11:13:28.003943,40.32797,40.59525,0.0
2022-01-22 11:13:28.510276,40.32797,39.40925,0.0
2022-01-22 11:13:29.007540,39.76111,40.38975,0.0
2022-01-22 11:13:29.503914,39.6064,41.21425,0.0
2022-01-22 11:13:30.002735,40.58542,40.4925,0.0
2022-01-22 11:13:30.506385,40.37996,39.15175,0.0
2022-01-22 11:13:31.003595,40.01855,40.08025,0.0
2022-01-22 11:13:31.508584,39.76111,41.52375,0.0
2022-01-22 11:13:32.007236,40.53467,40.4405,0.0
2022-01-22 11:13:32.503978,40.22525,39.564,0.0
2022-01-22 11:13:33.001402,39.50243,40.854,0.0
2022-01-22 11:13:33.507208,39.96657,40.90475,0.0
2022-01-22 11:13:34.004801,39.81185,39.77075,0.0
2022-01-22 11:13:34.503131,39.70912,40.02825,0.0
2022-01-22 11:13:35.002536,39.6064,40.802,0.0
2022-01-22 11:13:35.508080,40.53467,40.28575,0.0
2022-01-22 11:13:36.006572,40.17326,39.71875,0.0
2022-01-22 11:13:36.506717,39.76111,41.369,0.0
2022-01-22 11:13:37.004372,40.01855,41.26625,0.0
2022-01-22 11:13:37.510982,40.27599,39.8215,0.0
2022-01-22 11:13:38.008615,39.6064,38.326,0.0
2022-01-22 11:13:38.503856,39.193,41.88525,0.0
2022-01-22 11:13:39.002251,40.53467,40.854,0.0
2022-01-22 11:13:39.508077,40.27599,39.512,0.0
2022-01-22 11:13:40.006075,39.96657,39.616,0.0
2022-01-22 11:13:40.502659,40.53467,41.26625,0.0
2022-01-22 11:13:41.010118,40.8441,40.5445,0.0
2022-01-22 11:13:41.505051,40.22525,39.616,0.0
2022-01-22 11:13:42.002427,39.65714,39.77075,0.0
2022-01-22 11:13:42.508678,39.24499,41.0595,0.0
2022-01-22 11:13:43.006188,40.32797,40.38975,0.0
2022-01-22 11:13:43.503365,40.12128,39.8215,0.0
2022-01-22 11:13:44.001798,39.96657,40.95675,0.0
2022-01-22 11:13:44.507750,40.12128,40.64725,0.0
2022-01-22 11:13:45.006767,40.48269,40.08025,0.0
2022-01-22 11:13:45.501894,39.96657,40.08025,0.0
2022-01-22 11:13:46.009683,39.76111,41.1635,0.0
2022-01-22 11:13:46.505010,40.12128,40.59525,0.0
2022-01-22 11:13:47.002489,40.27599,39.2545,0.0
2022-01-22 11:13:47.507308,39.96657,40.4925,0.0
2022-01-22 11:13:48.005831,39.81185,41.1115,0.0
2022-01-22 11:13:48.501259,40.48269,40.38975,0.0
2022-01-22 11:13:49.010313,40.68938,39.66675,0.0
2022-01-22 11:13:49.505890,40.17326,41.26625,0.0
2022-01-22 11:13:50.005180,40.4307,40.90475,0.0
2022-01-22 11:13:50.501212,40.6374,39.9255,0.0
2022-01-22 11:13:51.010361,40.01855,38.945,0.0
2022-01-22 11:13:51.505203,39.65714,41.7305,0.0
2022-01-22 11:13:52.002830,39.3997,40.802,0.0
2022-01-22 11:13:52.510301,39.50243,39.512,0.0
2022-01-22 11:13:53.008733,39.55441,40.235,0.0
2022-01-22 11:13:53.504479,39.96657,41.421,0.0
2022-01-22 11:13:54.004483,40.68938,40.59525,0.0
2022-01-22 11:13:54.511104,39.86384,39.8215,0.0
2022-01-22 11:13:55.009843,39.91582,40.64725,0.0
2022-01-22 11:13:55.506342,40.48269,40.75,0.0
2022-01-22 11:13:56.002788,40.4307,39.9255,0.0
2022-01-22 11:13:56.509757,40.01855,40.4925,0.0
2022-01-22 11:13:57.007910,39.50243,40.90475,0.0
2022-01-22 11:13:57.503286,40.4307,40.4405,0.0
2022-01-22 11:13:58.000965,40.22525,39.66675,0.0
2022-01-22 11:13:58.507785,40.07053,41.00875,0.0
2022-01-22 11:13:59.005841,40.12128,41.00875,0.0
2022-01-22 11:13:59.501147,40.27599,40.183,0.0
2022-01-22 11:14:00.009938,40.01855,39.8215,0.0
2022-01-22 11:14:00.507913,40.22525,41.00875,0.0
2022-01-22 11:14:01.006960,39.96657,40.5445,0.0
2022-01-22 11:14:01.503045,40.58542,39.8735,0.0
2022-01-22 11:14:02.001216,39.70912,40.75,0.0
2022-01-22 11:14:02.507294,39.81185,41.0595,0.0
2022-01-22 11:14:03.006203,40.07053,40.183,0.0
2022-01-22 11:14:03.510770,40.53467,39.15175,0.0
2022-01-22 11:14:04.010028,39.96657,40.95675,0.0
2022-01-22 11:14:04.504541,39.24499,40.802,0.0
2022-01-22 11:14:05.005068,40.94682,40.38975,0.0
2022-01-22 11:14:05.507189,40.74013,39.512,0.0
2022-01-22 11:14:06.003344,39.81185,41.26625,0.0
2022-01-22 11:14:06.502428,39.24499,41.31825,0.0
2022-01-22 11:14:07.010075,40.68938,40.08025,0.0
2022-01-22 11:14:07.505159,40.22525,39.15175,0.0
2022-01-22 11:14:08.002773,39.65714,41.473,0.0
2022-01-22 11:14:08.507883,39.6064,40.69925,0.0
2022-01-22 11:14:09.006593,39.65714,39.77075,0.0
2022-01-22 11:14:09.501843,40.48269,39.512,0.0
2022-01-22 11:14:10.010265,40.58542,40.90475,0.0
2022-01-22 11:14:10.505977,40.32797,40.5445,0.0
2022-01-22 11:14:11.009459,39.76111,39.8735,0.0
2022-01-22 11:14:11.504034,39.65714,40.802,0.0
2022-01-22 11:14:12.002310,40.27599,40.28575,0.0
2022-01-22 11:14:12.509414,40.53467,39.71875,0.0
2022-01-22 11:14:13.006922,40.07053,40.4925,0.0
2022-01-22 11:14:13.503492,39.76111,40.5445,0.0
2022-01-22 11:14:14.002841,40.58542,40.131,0.0
2022-01-22 11:14:14.508762,40.37996,39.9255,0.0
2022-01-22 11:14:15.006730,39.81185,41.21425,0.0
2022-01-22 11:14:15.501535,40.17326,40.75,0.0
2022-01-22 11:14:16.010747,40.32797,40.235,0.0
2022-01-22 11:14:16.506979,40.37996,39.40925,0.0
2022-01-22 11:14:17.003978,40.22525,41.00875,0.0
2022-01-22 11:14:17.510654,40.01855,40.75,0.0
2022-01-22 11:14:18.009849,39.76111,40.08025,0.0
2022-01-22 11:14:18.504587,40.12128,39.66675,0.0
2022-01-22 11:14:19.003694,40.58542,41.26625,0.0
2022-01-22 11:14:19.508122,40.12128,40.802,0.0
2022-01-22 11:14:20.005899,40.68938,39.8735,0.0
2022-01-22 11:14:20.501158,39.76111,40.59525,0.0
2022-01-22 11:14:21.009707,39.09027,41.0595,0.0
2022-01-22 11:14:21.506345,40.68938,40.4405,0.0
2022-01-22 11:14:22.004424,40.8441,39.09975,0.0
2022-01-22 11:14:22.511113,40.07053,41.21425,0.0
2022-01-22 11:14:23.009187,39.76111,40.90475,0.0
2022-01-22 11:14:23.504896,40.4307,40.08025,0.0
2022-01-22 11:14:24.002333,40.4307,39.66675,0.0
2022-01-22 11:14:24.507039,40.12128,41.88525,0.0
2022-01-22 11:14:25.006051,39.29697,40.802,0.0
2022-01-22 11:14:25.501835,40.79211,39.35725,0.0
2022-01-22 11:14:26.010298,39.96657,39.46125,0.0
2022-01-22 11:14:26.504896,39.6064,41.473,0.0
2022-01-22 11:14:27.004143,40.58542,40.69925,0.0
2022-01-22 11:14:27.509317,40.27599,39.35725,0.0
2022-01-22 11:14:28.008289,39.6064,41.00875,0.0
2022-01-22 11:14:28.504326,39.3997,40.59525,0.0
2022-01-22 11:14:29.003248,40.27599,40.02825,0.0
2022-01-22 11:14:29.509468,40.01855,39.8215,0.0
2022-01-22 11:14:30.006075,39.76111,41.1115,0.0
2022-01-22 11:14:30.511231,40.22525,40.4405,0.0
2022-01-22 11:14:31.009043,40.53467,39.3065,0.0
2022-01-22 11:14:31.507666,40.07053,40.59525,0.0
2022-01-22 11:14:32.006535,39.96657,40.854,0.0
2022-01-22 11:14:32.502697,40.27599,40.38975,0.0
2022-01-22 11:14:33.010167,40.48269,40.183,0.0
2022-01-22 11:14:33.505506,40.01855,41.00875,0.0
2022-01-22 11:14:34.005017,39.86384,40.75,0.0
2022-01-22 11:14:34.509932,39.96657,39.97625,0.0
2022-01-22 11:14:35.008697,40.01855,39.616,0.0
2022-01-22 11:14:35.503549,40.07053,41.1635,0.0
2022-01-22 11:14:36.002269,40.07053,40.59525,0.0
2022-01-22 11:14:36.507504,40.37996,40.02825,0.0
2022-01-22 11:14:37.005725,39.96657,40.38975,0.0
2022-01-22 11:14:37.501624,40.12128,40.95675,0.0
2022-01-22 11:14:38.009470,39.76111,40.33775,0.0
2022-01-22 11:14:38.505152,40.68938,39.71875,0.0
2022-01-22 11:14:39.002419,39.70912,41.6785,0.0
2022-01-22 11:14:39.507032,39.86384,40.90475,0.0
2022-01-22 11:14:40.003863,40.94682,39.97625,0.0
2022-01-22 11:14:41.005196,40.12128,41.7825,0.0
2022-01-22 11:14:41.502700,39.6064,40.854,0.0
2022-01-22 11:14:42.010667,40.74013,39.15175,0.0
2022-01-22 11:14:42.505717,40.37996,39.40925,0.0
2022-01-22 11:14:43.004373,40.22525,41.93725,0.0
2022-01-22 11:14:43.509098,39.50243,40.69925,0.0
2022-01-22 11:14:44.007428,40.01855,39.71875,0.0
2022-01-22 11:14:44.503000,39.86384,39.71875,0.0
2022-01-22 11:14:45.002497,40.68938,41.0595,0.0
2022-01-22 11:14:45.509195,40.53467,40.183,0.0
2022-01-22 11:14:46.006975,39.81185,39.46125,0.0
2022-01-22 11:14:46.503621,40.01855,40.64725,0.0
2022-01-22 11:14:47.001732,39.70912,40.75,0.0
2022-01-22 11:14:47.508051,40.74013,40.02825,0.0
2022-01-22 11:14:48.006933,40.22525,40.64725,0.0
2022-01-22 11:14:48.502413,39.70912,41.369,0.0
2022-01-22 11:14:49.010357,39.65714,40.64725,0.0
2022-01-22 11:14:49.505461,40.4307,39.46125,0.0
2022-01-22 11:14:50.003873,40.58542,40.28575,0.0
2022-01-22 11:14:50.509656,39.96657,40.5445,0.0
2022-01-22 11:14:51.007336,39.86384,39.97625,0.0
2022-01-22 11:14:51.503108,40.53467,39.564,0.0
2022-01-22 11:14:52.001203,40.07053,41.83325,0.0
2022-01-22 11:14:52.505301,39.70912,40.90475,0.0
2022-01-22 11:14:53.002896,40.79211,40.08025,0.0
2022-01-22 11:14:53.508818,40.27599,39.8215,0.0
2022-01-22 11:14:54.007113,39.76111,41.31825,0.0
2022-01-22 11:14:54.504585,39.55441,40.38975,0.0
2022-01-22 11:14:55.003212,40.68938,39.46125,0.0
2022-01-22 11:14:55.507327,40.12128,40.131,0.0
2022-01-22 11:14:56.005760,39.70912,40.95675,0.0
2022-01-22 11:14:56.501666,39.14226,40.4925,0.0
2022-01-22 11:14:57.010821,40.74013,39.40925,0.0
2022-01-22 11:14:57.505871,40.07053,41.473,0.0
2022-01-22 11:14:58.003581,40.27599,41.0595,0.0
2022-01-22 11:14:58.508718,40.79211,40.08025,0.0
2022-01-22 11:14:59.006447,40.32797,39.3065,0.0
2022-01-22 11:14:59.504025,39.81185,40.854,0.0
2022-01-22 11:15:00.003152,39.50243,40.59525,0.0
2022-01-22 11:15:00.509117,40.58542,39.8215,0.0
2022-01-22 11:15:01.006854,39.6064,40.4925,0.0
2022-01-22 11:15:01.505551,40.4307,41.0595,0.0
2022-01-22 11:15:02.004621,40.53467,40.4405,0.0
2022-01-22 11:15:02.510780,40.37996,40.28575,0.0
2022-01-22 11:15:03.008882,39.96657,40.95675,0.0
2022-01-22 11:15:03.503933,39.45168,40.33775,0.0
2022-01-22 11:15:04.001927,40.12128,39.616,0.0
2022-01-22 11:15:04.507161,40.07053,40.5445,0.0
2022-01-22 11:15:05.005744,39.96657,40.64725,0.0
2022-01-22 11:15:05.502304,40.12128,39.9255,0.0
2022-01-22 11:15:06.010681,40.4307,40.38975,0.0
2022-01-22 11:15:06.505559,40.01855,41.21425,0.0
2022-01-22 11:15:07.004276,39.91582,40.64725,0.0
2022-01-22 11:15:07.509215,39.96657,40.02825,0.0
2022-01-22 11:15:08.006870,40.37996,40.08025,0.0
2022-01-22 11:15:08.502742,40.12128,40.90475,0.0
2022-01-22 11:15:09.001710,39.96657,40.235,0.0
2022-01-22 11:15:09.507233,39.96657,39.564,0.0
2022-01-22 11:15:10.004905,40.12128,40.38975,0.0
2022-01-22 11:15:10.509358,39.96657,41.369,0.0
2022-01-22 11:15:11.003915,39.70912,40.69925,0.0
2022-01-22 11:15:11.510430,40.48269,39.512,0.0
2022-01-22 11:15:12.002192,40.17326,41.00875,0.0
2022-01-22 11:15:12.501251,39.86384,41.1635,0.0
2022-01-22 11:15:13.009707,39.24499,40.28575,0.0
2022-01-22 11:15:13.504432,40.58542,39.35725,0.0
2022-01-22 11:15:14.002966,40.27599,41.26625,0.0
2022-01-22 11:15:14.507443,39.81185,40.90475,0.0
2022-01-22 11:15:15.006438,39.81185,40.131,0.0
2022-01-22 11:15:15.510270,40.53467,40.183,0.0
2022-01-22 11:15:16.007992,39.81185,41.21425,0.0
2022-01-22 11:15:16.504472,40.17326,40.69925,0.0
2022-01-22 11:15:17.003488,39.81185,39.512,0.0
2022-01-22 11:15:17.509102,40.22525,40.4925,0.0
2022-01-22 11:15:18.008438,40.12128,40.95675,0.0
2022-01-22 11:15:18.503361,40.94682,39.77075,0.0
2022-01-22 11:15:19.002373,40.4307,39.616,0.0
2022-01-22 11:15:19.506736,39.96657,41.31825,0.0
2022-01-22 11:15:20.004931,39.3997,40.38975,0.0
2022-01-22 11:15:20.509041,40.17326,39.97625,0.0
2022-01-22 11:15:21.010936,40.58542,39.564,0.0
2022-01-22 11:15:21.508004,40.12128,40.95675,0.0
2022-01-22 11:15:22.007217,39.55441,40.5445,0.0
2022-01-22 11:15:22.503879,40.22525,39.3065,0.0
2022-01-22 11:15:23.002193,40.58542,40.33775,0.0
2022-01-22 11:15:23.506407,40.07053,40.95675,0.0
2022-01-22 11:15:24.003866,39.76111,40.33775,0.0
2022-01-22 11:15:24.509773,40.74013,39.8215,0.0
2022-01-22 11:15:25.007384,40.07053,41.00875,0.0
2022-01-22 11:15:25.502604,40.01855,40.69925,0.0
2022-01-22 11:15:26.000967,39.91582,39.8735,0.0
2022-01-22 11:15:26.505714,40.32797,39.8215,0.0
2022-01-22 11:15:27.003302,39.81185,40.95675,0.0
2022-01-22 11:15:27.508835,39.55441,40.28575,0.0
2022-01-22 11:15:28.007293,40.48269,39.04775,0.0
2022-01-22 11:15:28.502184,40.6374,41.1115,0.0
2022-01-22 11:15:29.010083,40.17326,41.52375,0.0
2022-01-22 11:15:29.506338,39.70912,40.5445,0.0
2022-01-22 11:15:30.005139,40.53467,39.35725,0.0
2022-01-22 11:15:30.510314,40.37996,41.0595,0.0
2022-01-22 11:15:31.009303,39.96657,40.69925,0.0
2022-01-22 11:15:31.505893,40.27599,39.9255,0.0
2022-01-22 11:15:32.003561,40.48269,39.8215,0.0
2022-01-22 11:15:32.509623,40.17326,41.21425,0.0
2022-01-22 11:15:33.010015,39.76111,40.802,0.0
2022-01-22 11:15:33.506633,40.32797,39.66675,0.0
2022-01-22 11:15:34.004415,40.32797,40.38975,0.0
2022-01-22 11:15:34.502338,39.70912,41.31825,0.0
2022-01-22 11:15:35.008760,39.34772,40.38975,0.0
2022-01-22 11:15:35.505011,40.4307,39.3065,0.0
2022-01-22 11:15:36.004689,40.58542,41.31825,0.0
2022-01-22 11:15:36.510446,40.07053,40.64725,0.0
2022-01-22 11:15:37.008289,40.12128,39.71875,0.0
2022-01-22 11:15:37.505937,40.07053,39.2025,0.0
2022-01-22 11:15:38.004400,39.96657,40.33775,0.0
2022-01-22 11:15:38.501238,39.86384,40.64725,0.0
2022-01-22 11:15:39.010413,40.01855,40.235,0.0
2022-01-22 11:15:39.505337,40.22525,40.69925,0.0
2022-01-22 11:15:40.002790,39.96657,40.802,0.0
2022-01-22 11:15:40.510017,40.32797,40.28575,0.0
2022-01-22 11:15:41.008448,40.4307,39.97625,0.0
2022-01-22 11:15:41.503750,40.68938,41.0595,0.0
2022-01-22 11:15:42.003152,40.22525,40.38975,0.0
2022-01-22 11:15:42.510143,40.07053,39.616,0.0
2022-01-22 11:15:43.008159,40.4307,39.40925,0.0
2022-01-22 11:15:43.504599,39.91582,41.421,0.0
2022-01-22 11:15:44.003724,40.01855,40.90475,0.0
2022-01-22 11:15:44.509959,39.55441,39.66675,0.0
2022-01-22 11:15:45.007927,40.89484,39.8215,0.0
2022-01-22 11:15:45.505499,40.4307,41.83325,0.0
2022-01-22 11:15:46.004106,39.70912,40.4405,0.0
2022-01-22 11:15:46.509082,40.07053,39.2025,0.0
2022-01-22 11:15:47.006998,40.37996,39.512,0.0
2022-01-22 11:15:47.503269,39.70912,41.369,0.0
2022-01-22 11:15:48.002069,39.29697,40.183,0.0
2022-01-22 11:15:48.509008,40.48269,39.8215,0.0
2022-01-22 11:15:49.009794,40.17326,40.69925,0.0
2022-01-22 11:15:49.505893,40.01855,40.75,0.0
2022-01-22 11:15:50.003293,39.96657,39.66675,0.0
2022-01-22 11:15:50.508991,40.8441,40.4925,0.0
2022-01-22 11:15:51.007286,39.96657,40.854,0.0
2022-01-22 11:15:51.503006,39.65714,40.02825,0.0
2022-01-22 11:15:52.002621,40.27599,39.77075,0.0
2022-01-22 11:15:52.507310,40.27599,41.21425,0.0
2022-01-22 11:15:53.003625,39.86384,40.59525,0.0
2022-01-22 11:15:53.509105,39.81185,39.616,0.0
2022-01-22 11:15:54.008072,40.07053,41.00875,0.0
2022-01-22 11:15:54.507202,40.27599,40.75,0.0
2022-01-22 11:15:55.005994,40.01855,40.235,0.0
2022-01-22 11:15:55.510891,40.32797,40.02825,0.0
2022-01-22 11:15:56.008220,40.17326,40.183,0.0
2022-01-22 11:15:56.504218,39.91582,40.5445,0.0
2022-01-22 11:15:57.002902,40.17326,40.183,0.0
2022-01-22 11:15:57.508131,40.37996,40.4925,0.0
2022-01-22 11:15:58.006554,40.48269,41.0595,0.0
2022-01-22 11:15:58.501922,39.96657,40.5445,0.0
2022-01-22 11:15:59.009557,39.70912,40.02825,0.0
2022-01-22 11:15:59.505703,40.27599,40.131,0.0
2022-01-22 11:16:00.004288,40.32797,41.0595,0.0
2022-01-22 11:16:00.508769,39.81185,40.38975,0.0
2022-01-22 11:16:01.006040,39.65714,39.2025,0.0
2022-01-22 11:16:01.502757,40.74013,40.5445,0.0
2022-01-22 11:16:02.001121,40.12128,41.473,0.0
2022-01-22 11:16:02.506635,39.91582,40.4925,0.0
2022-01-22 11:16:03.004518,39.24499,39.3065,0.0
2022-01-22 11:16:03.510792,40.79211,41.369,0.0
2022-01-22 11:16:04.008954,40.32797,41.21425,0.0
2022-01-22 11:16:04.503333,39.55441,39.564,0.0
2022-01-22 11:16:05.002472,40.53467,39.2025,0.0
2022-01-22 11:16:05.509030,40.32797,41.31825,0.0
2022-01-22 11:16:06.007482,39.91582,40.38975,0.0
2022-01-22 11:16:06.502821,40.07053,39.71875,0.0
2022-01-22 11:16:07.010741,40.74013,40.802,0.0
2022-01-22 11:16:07.508109,40.27599,41.1115,0.0
2022-01-22 11:16:08.006682,40.07053,40.4405,0.0
2022-01-22 11:16:08.501204,40.32797,39.04775,0.0
2022-01-22 11:16:09.010353,40.58542,40.4405,0.0
2022-01-22 11:16:09.510318,40.07053,40.854,0.0
2022-01-22 11:16:10.008425,39.86384,40.08025,0.0
2022-01-22 11:16:10.502741,39.50243,39.9255,0.0
2022-01-22 11:16:11.007348,39.91582,41.421,0.0
2022-01-22 11:16:11.502687,40.4307,40.802,0.0
2022-01-22 11:16:12.010524,39.91582,39.97625,0.0
2022-01-22 11:16:12.505507,40.12128,39.77075,0.0
2022-01-22 11:16:13.003458,39.76111,41.31825,0.0
2022-01-22 11:16:13.510784,39.96657,40.4925,0.0
2022-01-22 11:16:14.010771,40.22525,39.09975,0.0
2022-01-22 11:16:14.507438,40.32797,40.28575,0.0
2022-01-22 11:16:15.007163,39.96657,40.802,0.0
2022-01-22 11:16:15.503884,39.86384,40.235,0.0
2022-01-22 11:16:16.003371,40.32797,39.564,0.0
2022-01-22 11:16:16.501162,40.37996,40.802,0.0
2022-01-22 11:16:17.010107,40.07053,40.95675,0.0
2022-01-22 11:16:17.505788,39.55441,39.71875,0.0
2022-01-22 11:16:18.003195,40.6374,39.77075,0.0
2022-01-22 11:16:18.501124,40.6374,41.21425,0.0
2022-01-22 11:16:19.009787,40.07053,40.38975,0.0
2022-01-22 11:16:19.504762,39.45168,39.66675,0.0
2022-01-22 11:16:20.002595,40.27599,41.52375,0.0
2022-01-22 11:16:20.508869,39.96657,40.90475,0.0
2022-01-22 11:16:21.006139,39.76111,39.8215,0.0
2022-01-22 11:16:21.502725,40.22525,39.3065,0.0
2022-01-22 11:16:22.001565,40.22525,40.4925,0.0
2022-01-22 11:16:22.508141,39.81185,40.69925,0.0
2022-01-22 11:16:23.008423,40.22525,39.66675,0.0
2022-01-22 11:16:23.504049,40.99881,40.38975,0.0
2022-01-22 11:16:24.002210,40.37996,41.21425,0.0
2022-01-22 11:16:24.508525,39.76111,40.5445,0.0
2022-01-22 11:16:25.005691,39.65714,39.97625,0.0
2022-01-22 11:16:25.502145,40.94682,40.90475,0.0
2022-01-22 11:16:26.009739,40.27599,40.64725,0.0
2022-01-22 11:16:26.504429,39.86384,39.97625,0.0
2022-01-22 11:16:27.004192,39.45168,40.183,0.0
2022-01-22 11:16:27.510817,40.4307,40.64725,0.0
2022-01-22 11:16:28.009301,40.07053,40.38975,0.0
2022-01-22 11:16:28.505780,39.6064,39.8735,0.0
2022-01-22 11:16:29.003847,40.17326,40.75,0.0
2022-01-22 11:16:29.509009,40.4307,40.75,0.0
2022-01-22 11:16:30.006567,39.81185,40.08025,0.0
2022-01-22 11:16:30.502383,39.3997,40.4405,0.0
2022-01-22 11:16:31.009948,40.53467,40.64725,0.0
2022-01-22 11:16:31.505218,39.96657,40.5445,0.0
2022-01-22 11:16:32.003551,39.91582,40.33775,0.0
2022-01-22 11:16:32.508672,40.22525,40.4405,0.0
2022-01-22 11:16:33.006706,40.53467,40.33775,0.0
2022-01-22 11:16:33.502799,40.07053,40.38975,0.0
2022-01-22 11:16:34.001434,39.34772,40.183,0.0
2022-01-22 11:16:34.507487,40.79211,40.75,0.0
2022-01-22 11:16:35.004391,40.32797,40.08025,0.0
2022-01-22 11:16:35.509637,39.6064,39.8215,0.0
2022-01-22 11:16:36.007446,39.14226,40.75,0.0
2022-01-22 11:16:36.503027,41.25625,40.235,0.0
2022-01-22 11:16:37.002455,40.32797,40.64725,0.0
2022-01-22 11:16:37.507994,38.78085,39.71875,0.0
2022-01-22 11:16:38.006416,40.79211,41.21425,0.0
2022-01-22 11:16:38.510834,40.37996,40.131,0.0
2022-01-22 11:16:39.007330,39.29697,39.8735,0.0
2022-01-22 11:16:39.502828,39.91582,41.26625,0.0
2022-01-22 11:16:40.010237,40.8441,39.40925,0.0
2022-01-22 11:16:40.505313,39.6064,40.90475,0.0
2022-01-22 11:16:41.003102,39.45168,40.131,0.0
2022-01-22 11:16:41.501069,40.94682,40.75,0.0
2022-01-22 11:16:42.009564,39.86384,40.02825,0.0
2022-01-22 11:16:42.505319,39.55441,39.77075,0.0
2022-01-22 11:16:43.003453,40.37996,41.369,0.0
2022-01-22 11:16:43.507768,40.4307,39.8735,0.0
2022-01-22 11:16:44.005266,39.29697,40.4405,0.0
2022-01-22 11:16:44.509889,40.27599,40.4925,0.0
2022-01-22 11:16:45.007824,40.07053,39.97625,0.0
2022-01-22 11:16:45.502711,39.50243,40.802,0.0
2022-01-22 11:16:46.001105,40.4307,39.77075,0.0
2022-01-22 11:16:46.506112,39.86384,40.95675,0.0
2022-01-22 11:16:47.004142,40.17326,39.46125,0.0
2022-01-22 11:16:47.508078,39.96657,40.75,0.0
2022-01-22 11:16:48.005394,39.76111,41.00875,0.0
2022-01-22 11:16:48.510041,40.17326,39.512,0.0
2022-01-22 11:16:49.007981,39.81185,40.95675,0.0
2022-01-22 11:16:49.504163,40.4307,40.131,0.0
2022-01-22 11:16:50.003164,40.01855,40.59525,0.0
2022-01-22 11:16:50.508952,39.70912,40.28575,0.0
2022-01-22 11:16:51.006944,40.27599,40.5445,0.0
2022-01-22 11:16:51.501111,40.22525,40.131,0.0
2022-01-22 11:16:52.008554,40.12128,39.77075,0.0
2022-01-22 11:16:52.504406,39.29697,40.95675,0.0
2022-01-22 11:16:53.003179,40.79211,40.02825,0.0
2022-01-22 11:16:53.508021,40.12128,40.802,0.0
2022-01-22 11:16:54.004807,39.29697,39.8735,0.0
2022-01-22 11:16:54.502373,40.32797,41.1635,0.0
2022-01-22 11:16:55.001884,40.22525,39.9255,0.0
2022-01-22 11:16:55.506344,40.07053,40.235,0.0
2022-01-22 11:16:56.003764,39.50243,40.69925,0.0
2022-01-22 11:16:56.510145,40.48269,39.77075,0.0
2022-01-22 11:16:57.007857,39.76111,41.0595,0.0
2022-01-22 11:16:57.503465,39.91582,39.97625,0.0
2022-01-22 11:16:58.003683,40.12128,41.26625,0.0
2022-01-22 11:16:58.509361,40.12128,39.97625,0.0
2022-01-22 11:16:59.008395,39.91582,40.131,0.0
2022-01-22 11:16:59.504143,39.96657,40.95675,0.0
2022-01-22 11:17:00.003267,40.68938,39.616,0.0
2022-01-22 11:17:00.507267,39.91582,41.1115,0.0
2022-01-22 11:17:01.005082,40.01855,39.8215,0.0
2022-01-22 11:17:01.510473,40.32797,40.5445,0.0
2022-01-22 11:17:02.008057,40.01855,41.1115,0.0
2022-01-22 11:17:02.502873,39.96657,39.97625,0.0
2022-01-22 11:17:03.007436,40.22525,40.69925,0.0
2022-01-22 11:17:03.502761,39.86384,39.8215,0.0
2022-01-22 11:17:04.001475,39.65714,40.4925,0.0
2022-01-22 11:17:04.506358,40.79211,40.33775,0.0
2022-01-22 11:17:05.004122,40.01855,40.08025,0.0
2022-01-22 11:17:05.508698,39.29697,40.59525,0.0
2022-01-22 11:17:06.006932,40.74013,40.183,0.0
2022-01-22 11:17:06.502253,40.01855,40.802,0.0
2022-01-22 11:17:07.010923,39.6064,40.59525,0.0
2022-01-22 11:17:07.509025,40.27599,40.4405,0.0
2022-01-22 11:17:08.006279,40.74013,40.08025,0.0
2022-01-22 11:17:08.503134,39.86384,39.8735,0.0
2022-01-22 11:17:09.002822,39.14226,40.75,0.0
2022-01-22 11:17:09.508033,40.79211,40.131,0.0
2022-01-22 11:17:10.006353,40.27599,40.38975,0.0
2022-01-22 11:17:10.501981,39.50243,40.235,0.0
2022-01-22 11:17:11.006072,40.27599,40.95675,0.0
2022-01-22 11:17:11.501417,40.53467,40.4405,0.0
2022-01-22 11:17:12.010994,39.65714,40.183,0.0
2022-01-22 11:17:12.506537,39.50243,40.5445,0.0
2022-01-22 11:17:13.004101,40.6374,40.02825,0.0
2022-01-22 11:17:13.508674,39.76111,40.08025,0.0
2022-01-22 11:17:14.006227,39.55441,40.28575,0.0
2022-01-22 11:17:14.501707,40.12128,40.5445,0.0
2022-01-22 11:17:15.010289,40.37996,40.131,0.0
2022-01-22 11:17:15.504864,39.81185,40.95675,0.0
2022-01-22 11:17:16.002322,40.07053,40.4405,0.0
2022-01-22 11:17:16.510029,40.58542,40.95675,0.0
2022-01-22 11:17:17.007270,39.96657,39.3065,0.0
2022-01-22 11:17:17.502711,39.81185,40.854,0.0
2022-01-22 11:17:18.010729,39.76111,40.131,0.0
2022-01-22 11:17:18.506251,40.68938,39.8735,0.0
2022-01-22 11:17:19.004260,39.91582,40.802,0.0
2022-01-22 11:17:19.509774,39.76111,39.9255,0.0
2022-01-22 11:17:20.007594,40.37996,41.1115,0.0
2022-01-22 11:17:20.502578,39.86384,39.616,0.0
2022-01-22 11:17:21.001433,39.86384,41.62775,0.0
2022-01-22 11:17:21.508009,40.12128,39.71875,0.0
2022-01-22 11:17:22.005989,39.76111,40.131,0.0
2022-01-22 11:17:23.004758,40.6374,39.40925,0.0
2022-01-22 11:17:23.509885,40.17326,40.802,0.0
2022-01-22 11:17:24.007411,39.50243,40.235,0.0
