時間,回転１,回転２,回転３
2022-01-22 15:00:00.007529,0.0,0.0,0.0
2022-01-22 15:00:00.505474,0.0,0.0,0.0
2022-01-22 15:00:01.003909,0.0,0.0,0.0
2022-01-22 15:00:01.501696,0.0,0.0,0.0
2022-01-22 15:00:02.009450,0.0,0.0,0.0
2022-01-22 15:00:02.503742,0.0,0.0,0.0
2022-01-22 15:00:03.001889,0.0,0.0,0.0
2022-01-22 15:00:03.508348,0.0,0.0,0.0
2022-01-22 15:00:04.010733,0.0,0.0,0.0
2022-01-22 15:00:04.509284,0.0,0.0,0.0
2022-01-22 15:00:05.007546,0.0,0.0,0.0
2022-01-22 15:00:05.504887,0.0,0.0,0.0
2022-01-22 15:00:06.002663,0.0,0.0,0.0
2022-01-22 15:00:06.509737,0.0,0.0,0.0
2022-01-22 15:00:07.007999,0.0,0.0,0.0
2022-01-22 15:00:07.504527,0.0,0.0,0.0
2022-01-22 15:00:08.001405,0.0,0.0,0.0
2022-01-22 15:00:08.507641,0.0,0.0,0.0
2022-01-22 15:00:09.008058,0.0,0.0,0.0
2022-01-22 15:00:09.503151,0.0,0.0,0.0
2022-01-22 15:00:10.001532,0.0,0.0,0.0
2022-01-22 15:00:10.505846,0.0,0.0,0.0
2022-01-22 15:00:11.009100,0.0,0.0,0.0
2022-01-22 15:00:11.503983,0.0,0.0,0.0
2022-01-22 15:00:12.001454,0.0,0.0,0.0
2022-01-22 15:00:12.508179,0.0,0.0,0.0
2022-01-22 15:00:13.006791,0.0,0.0,0.0
2022-01-22 15:00:13.503428,0.0,0.0,0.0
2022-01-22 15:00:14.003771,0.0,0.0,0.0
2022-01-22 15:00:14.510242,0.0,0.0,0.0
2022-01-22 15:00:15.010285,0.0,0.0,0.0
2022-01-22 15:00:15.506651,0.0,0.0,0.0
2022-01-22 15:00:16.005344,0.0,0.0,0.0
2022-01-22 15:00:16.510733,0.0,0.0,0.0
2022-01-22 15:00:17.008709,0.0,0.0,0.0
2022-01-22 15:00:17.504788,0.0,0.0,0.0
2022-01-22 15:00:18.003193,0.0,0.0,0.0
2022-01-22 15:00:18.509765,0.0,0.0,0.0
2022-01-22 15:00:19.008068,0.0,0.0,0.0
2022-01-22 15:00:19.503522,0.0,0.0,0.0
2022-01-22 15:00:20.003423,0.0,0.0,0.0
2022-01-22 15:00:20.508187,0.0,0.0,0.0
2022-01-22 15:00:21.007517,0.0,0.0,0.0
2022-01-22 15:00:21.502712,0.0,0.0,0.0
2022-01-22 15:00:22.002311,0.0,0.0,0.0
2022-01-22 15:00:22.506773,0.0,0.0,0.0
2022-01-22 15:00:23.004969,0.0,0.0,0.0
2022-01-22 15:00:23.510350,0.0,0.0,0.0
2022-01-22 15:00:24.009919,0.0,0.0,0.0
2022-01-22 15:00:24.506631,0.0,0.0,0.0
2022-01-22 15:00:25.006593,0.0,0.0,0.0
2022-01-22 15:00:25.502786,0.0,0.0,0.0
2022-01-22 15:00:26.010748,0.0,0.0,0.0
2022-01-22 15:00:26.508730,0.0,0.0,0.0
2022-01-22 15:00:27.007475,0.0,0.0,0.0
2022-01-22 15:00:27.502740,0.0,0.0,0.0
2022-01-22 15:00:28.010253,0.0,0.0,0.0
2022-01-22 15:00:28.506219,0.0,0.0,0.0
2022-01-22 15:00:29.003398,0.0,0.0,0.0
2022-01-22 15:00:29.509166,0.0,0.0,0.0
2022-01-22 15:00:30.006683,0.0,0.0,0.0
2022-01-22 15:00:30.503276,0.0,0.0,0.0
2022-01-22 15:00:31.001996,0.0,0.0,0.0
2022-01-22 15:00:31.507731,0.0,0.0,0.0
2022-01-22 15:00:32.006603,0.0,0.0,0.0
2022-01-22 15:00:32.501035,0.0,0.0,0.0
2022-01-22 15:00:33.008970,0.0,0.0,0.0
2022-01-22 15:00:33.505089,0.0,0.0,0.0
2022-01-22 15:00:34.003177,0.0,0.0,0.0
2022-01-22 15:00:34.508489,0.0,0.0,0.0
2022-01-22 15:00:35.006361,0.0,0.0,0.0
2022-01-22 15:00:35.504377,0.0,0.0,0.0
2022-01-22 15:00:36.001967,0.0,0.0,0.0
2022-01-22 15:00:36.505805,0.0,0.0,0.0
2022-01-22 15:00:37.004527,0.0,0.0,0.0
2022-01-22 15:00:37.510301,0.0,0.0,0.0
2022-01-22 15:00:38.008343,0.0,0.0,0.0
2022-01-22 15:00:38.502886,0.0,0.0,0.0
2022-01-22 15:00:39.001208,0.0,0.0,0.0
2022-01-22 15:00:39.506728,0.0,0.0,0.0
2022-01-22 15:00:40.006306,0.0,0.0,0.0
2022-01-22 15:00:40.502064,0.0,0.0,0.0
2022-01-22 15:00:41.001138,0.0,0.0,0.0
2022-01-22 15:00:41.505899,0.0,0.0,0.0
2022-01-22 15:00:42.003921,0.0,0.0,0.0
2022-01-22 15:00:42.507537,0.0,0.0,0.0
2022-01-22 15:00:43.007122,0.0,0.0,0.0
2022-01-22 15:00:43.503263,0.0,0.0,0.0
2022-01-22 15:00:44.001088,0.0,0.0,0.0
2022-01-22 15:00:44.507548,0.0,0.0,0.0
2022-01-22 15:00:45.005041,0.0,0.0,0.0
2022-01-22 15:00:45.501148,0.0,0.0,0.0
2022-01-22 15:00:46.009360,0.0,0.0,0.0
2022-01-22 15:00:46.506307,0.0,0.0,0.0
2022-01-22 15:00:47.006534,0.0,0.0,0.0
2022-01-22 15:00:47.502756,0.0,0.0,0.0
2022-01-22 15:00:48.001087,0.0,0.0,0.0
2022-01-22 15:00:48.506767,0.0,0.0,0.0
2022-01-22 15:00:49.006468,0.0,0.0,0.0
2022-01-22 15:00:49.501624,0.0,0.0,0.0
2022-01-22 15:00:50.009722,0.0,0.0,0.0
2022-01-22 15:00:50.504456,0.0,0.0,0.0
2022-01-22 15:00:51.002317,0.0,0.0,0.0
2022-01-22 15:00:51.507447,0.0,0.0,0.0
2022-01-22 15:00:52.006531,0.0,0.0,0.0
2022-01-22 15:00:52.511007,0.0,0.0,0.0
2022-01-22 15:00:53.008604,0.0,0.0,0.0
2022-01-22 15:00:53.506557,0.0,0.0,0.0
2022-01-22 15:00:54.004863,0.0,0.0,0.0
2022-01-22 15:00:54.510214,0.0,0.0,0.0
2022-01-22 15:00:55.007870,0.0,0.0,0.0
2022-01-22 15:00:55.500952,0.0,0.0,0.0
2022-01-22 15:00:56.008137,0.0,0.0,0.0
2022-01-22 15:00:56.503331,0.0,0.0,0.0
2022-01-22 15:00:57.001728,0.0,0.0,0.0
2022-01-22 15:00:57.507265,0.0,0.0,0.0
2022-01-22 15:00:58.007106,0.0,0.0,0.0
2022-01-22 15:00:58.501764,0.0,0.0,0.0
2022-01-22 15:00:59.010227,0.0,0.0,0.0
2022-01-22 15:00:59.506218,0.0,0.0,0.0
2022-01-22 15:01:00.004052,0.0,0.0,0.0
2022-01-22 15:01:00.509330,0.0,0.0,0.0
2022-01-22 15:01:01.006669,0.0,0.0,0.0
2022-01-22 15:01:01.503191,0.0,0.0,0.0
2022-01-22 15:01:02.001799,0.0,0.0,0.0
2022-01-22 15:01:02.507874,0.0,0.0,0.0
2022-01-22 15:01:03.006361,0.0,0.0,0.0
2022-01-22 15:01:03.501774,0.0,0.0,0.0
2022-01-22 15:01:04.009751,0.0,0.0,0.0
2022-01-22 15:01:04.505106,0.0,0.0,0.0
2022-01-22 15:01:05.003064,0.0,0.0,0.0
2022-01-22 15:01:05.510523,0.0,0.0,0.0
2022-01-22 15:01:06.009515,0.0,0.0,0.0
2022-01-22 15:01:06.506010,0.0,0.0,0.0
2022-01-22 15:01:07.002402,0.0,0.0,0.0
2022-01-22 15:01:07.508636,0.0,0.0,0.0
2022-01-22 15:01:08.008007,0.0,0.0,0.0
2022-01-22 15:01:08.503299,0.0,0.0,0.0
2022-01-22 15:01:09.001269,0.0,0.0,0.0
2022-01-22 15:01:09.508116,0.0,0.0,0.0
2022-01-22 15:01:10.006037,0.0,0.0,0.0
2022-01-22 15:01:10.503421,0.0,0.0,0.0
2022-01-22 15:01:11.006298,0.0,0.0,0.0
2022-01-22 15:01:11.502054,0.0,0.0,0.0
2022-01-22 15:01:12.010358,0.0,0.0,0.0
2022-01-22 15:01:12.507349,0.0,0.0,0.0
2022-01-22 15:01:13.004473,0.0,0.0,0.0
2022-01-22 15:01:13.510095,0.0,0.0,0.0
2022-01-22 15:01:14.008773,0.0,0.0,0.0
2022-01-22 15:01:14.504774,0.0,0.0,0.0
2022-01-22 15:01:15.004894,0.0,0.0,0.0
2022-01-22 15:01:15.501456,0.0,0.0,0.0
2022-01-22 15:01:16.009976,0.0,0.0,0.0
2022-01-22 15:01:16.505193,0.0,0.0,0.0
2022-01-22 15:01:17.003152,0.0,0.0,0.0
2022-01-22 15:01:17.510160,0.0,0.0,0.0
2022-01-22 15:01:18.008697,0.0,0.0,0.0
2022-01-22 15:01:18.503728,0.0,0.0,0.0
2022-01-22 15:01:19.010919,0.0,0.0,0.0
2022-01-22 15:01:19.507924,0.0,0.0,0.0
2022-01-22 15:01:20.006633,0.0,0.0,0.0
2022-01-22 15:01:20.501241,0.0,0.0,0.0
2022-01-22 15:01:21.008859,0.0,0.0,0.0
2022-01-22 15:01:21.505223,0.0,0.0,0.0
2022-01-22 15:01:22.002412,0.0,0.0,0.0
2022-01-22 15:01:22.507623,0.0,0.0,0.0
2022-01-22 15:01:23.004076,0.0,0.0,0.0
2022-01-22 15:01:23.509693,0.0,0.0,0.0
2022-01-22 15:01:24.010601,0.0,0.0,0.0
2022-01-22 15:01:24.505706,0.0,0.0,0.0
2022-01-22 15:01:25.005074,0.0,0.0,0.0
2022-01-22 15:01:25.510898,0.0,0.0,0.0
2022-01-22 15:01:26.010479,0.0,0.0,0.0
2022-01-22 15:01:26.505521,0.0,0.0,0.0
2022-01-22 15:01:27.003502,0.0,0.0,0.0
2022-01-22 15:01:27.509569,0.0,0.0,0.0
2022-01-22 15:01:28.008003,0.0,0.0,0.0
2022-01-22 15:01:28.505017,0.0,0.0,0.0
2022-01-22 15:01:29.003148,0.0,0.0,0.0
2022-01-22 15:01:29.509681,0.0,0.0,0.0
2022-01-22 15:01:30.007404,0.0,0.0,0.0
2022-01-22 15:01:30.502723,0.0,0.0,0.0
2022-01-22 15:01:31.009543,0.0,0.0,0.0
2022-01-22 15:01:31.505380,0.0,0.0,0.0
2022-01-22 15:01:32.003707,0.0,0.0,0.0
2022-01-22 15:01:32.509370,0.0,0.0,0.0
2022-01-22 15:01:33.008928,0.0,0.0,0.0
2022-01-22 15:01:33.505445,0.0,0.0,0.0
2022-01-22 15:01:34.004002,0.0,0.0,0.0
2022-01-22 15:01:34.509839,0.0,0.0,0.0
2022-01-22 15:01:35.007617,0.0,0.0,0.0
2022-01-22 15:01:35.503793,0.0,0.0,0.0
2022-01-22 15:01:36.011161,0.0,0.0,0.0
2022-01-22 15:01:36.504447,0.0,0.0,0.0
2022-01-22 15:01:37.002600,0.0,0.0,0.0
2022-01-22 15:01:37.510483,0.0,0.0,0.0
2022-01-22 15:01:38.008086,0.0,0.0,0.0
2022-01-22 15:01:38.503019,0.0,0.0,0.0
2022-01-22 15:01:39.001624,0.0,0.0,0.0
2022-01-22 15:01:39.506240,0.0,0.0,0.0
2022-01-22 15:01:40.003629,0.0,0.0,0.0
2022-01-22 15:01:40.508718,0.0,0.0,0.0
2022-01-22 15:01:41.006819,0.0,0.0,0.0
2022-01-22 15:01:41.501568,0.0,0.0,0.0
2022-01-22 15:01:42.011049,0.0,0.0,0.0
2022-01-22 15:01:42.506798,0.0,0.0,0.0
2022-01-22 15:01:43.004660,0.0,0.0,0.0
2022-01-22 15:01:43.509020,0.0,0.0,0.0
2022-01-22 15:01:44.006356,0.0,0.0,0.0
2022-01-22 15:01:44.501301,0.0,0.0,0.0
2022-01-22 15:01:45.010143,0.0,0.0,0.0
2022-01-22 15:01:45.505505,0.0,0.0,0.0
2022-01-22 15:01:46.002719,0.0,0.0,0.0
2022-01-22 15:01:46.509407,0.0,0.0,0.0
2022-01-22 15:01:47.007119,0.0,0.0,0.0
2022-01-22 15:01:47.502919,0.0,0.0,0.0
2022-01-22 15:01:48.001478,0.0,0.0,0.0
2022-01-22 15:01:48.506763,0.0,0.0,0.0
2022-01-22 15:01:49.003773,0.0,0.0,0.0
2022-01-22 15:01:49.501347,0.0,0.0,0.0
2022-01-22 15:01:50.010308,0.0,0.0,0.0
2022-01-22 15:01:50.504428,0.0,0.0,0.0
2022-01-22 15:01:51.004271,0.0,0.0,0.0
2022-01-22 15:01:51.508998,0.0,0.0,0.0
2022-01-22 15:01:52.007195,0.0,0.0,0.0
2022-01-22 15:01:52.502752,0.0,0.0,0.0
2022-01-22 15:01:53.001037,0.0,0.0,0.0
2022-01-22 15:01:53.505898,0.0,0.0,0.0
2022-01-22 15:01:54.003846,0.0,0.0,0.0
2022-01-22 15:01:54.509349,0.0,0.0,0.0
2022-01-22 15:01:55.006981,0.0,0.0,0.0
2022-01-22 15:01:55.504855,0.0,0.0,0.0
2022-01-22 15:01:56.002353,0.0,0.0,0.0
2022-01-22 15:01:56.508755,0.0,0.0,0.0
2022-01-22 15:01:57.006438,0.0,0.0,0.0
2022-01-22 15:01:57.503870,0.0,0.0,0.0
2022-01-22 15:01:58.002137,0.0,0.0,0.0
2022-01-22 15:01:58.506604,0.0,0.0,0.0
2022-01-22 15:01:59.004199,0.0,0.0,0.0
2022-01-22 15:01:59.501040,0.0,0.0,0.0
2022-01-22 15:02:00.010050,0.0,0.0,0.0
2022-01-22 15:02:00.503609,0.0,0.0,0.0
2022-01-22 15:02:01.002095,0.0,0.0,0.0
2022-01-22 15:02:01.509171,0.0,0.0,0.0
2022-01-22 15:02:02.006897,0.0,0.0,0.0
2022-01-22 15:02:02.502286,0.0,0.0,0.0
2022-01-22 15:02:03.010484,0.0,0.0,0.0
2022-01-22 15:02:03.507745,0.0,0.0,0.0
2022-01-22 15:02:04.004523,0.0,0.0,0.0
2022-01-22 15:02:04.509209,0.0,0.0,0.0
2022-01-22 15:02:05.007653,0.0,0.0,0.0
2022-01-22 15:02:05.505545,0.0,0.0,0.0
2022-01-22 15:02:06.003853,0.0,0.0,0.0
2022-01-22 15:02:06.509198,0.0,0.0,0.0
2022-01-22 15:02:07.006925,0.0,0.0,0.0
2022-01-22 15:02:07.502770,0.0,0.0,0.0
2022-01-22 15:02:08.003228,0.0,0.0,0.0
2022-01-22 15:02:08.510260,0.0,0.0,0.0
2022-01-22 15:02:09.006838,0.0,0.0,0.0
2022-01-22 15:02:09.501116,0.0,0.0,0.0
2022-01-22 15:02:10.010041,0.0,0.0,0.0
2022-01-22 15:02:10.505734,0.0,0.0,0.0
2022-01-22 15:02:11.009682,0.0,0.0,0.0
2022-01-22 15:02:11.505565,0.0,0.0,0.0
2022-01-22 15:02:12.004371,0.0,0.0,0.0
2022-01-22 15:02:12.502997,0.0,0.0,0.0
2022-01-22 15:02:13.505036,0.0,0.0,0.0
2022-01-22 15:02:14.002538,0.0,0.0,0.0
2022-01-22 15:02:14.507956,0.0,0.0,0.0
2022-01-22 15:02:15.005716,0.0,0.0,0.0
2022-01-22 15:02:15.502396,0.0,0.0,0.0
2022-01-22 15:02:16.010701,0.0,0.0,0.0
2022-01-22 15:02:16.505841,0.0,0.0,0.0
2022-01-22 15:02:17.002774,0.0,0.0,0.0
2022-01-22 15:02:17.507886,0.0,0.0,0.0
2022-01-22 15:02:18.005086,0.0,0.0,0.0
2022-01-22 15:02:18.509415,0.0,0.0,0.0
2022-01-22 15:02:19.007214,0.0,0.0,0.0
2022-01-22 15:02:19.503204,0.0,0.0,0.0
2022-01-22 15:02:20.001701,0.0,0.0,0.0
2022-01-22 15:02:20.506963,0.0,0.0,0.0
2022-01-22 15:02:21.004915,0.0,0.0,0.0
2022-01-22 15:02:21.501285,0.0,0.0,0.0
2022-01-22 15:02:22.009972,0.0,0.0,0.0
2022-01-22 15:02:22.505621,0.0,0.0,0.0
2022-01-22 15:02:23.003363,0.0,0.0,0.0
2022-01-22 15:02:23.508122,0.0,0.0,0.0
2022-01-22 15:02:24.006189,0.0,0.0,0.0
2022-01-22 15:02:24.503251,0.0,0.0,0.0
2022-01-22 15:02:25.001072,0.0,0.0,0.0
2022-01-22 15:02:25.508037,0.0,0.0,0.0
2022-01-22 15:02:26.005472,0.0,0.0,0.0
2022-01-22 15:02:26.510695,0.0,0.0,0.0
2022-01-22 15:02:27.008599,0.0,0.0,0.0
2022-01-22 15:02:27.502047,0.0,0.0,0.0
2022-01-22 15:02:28.009074,0.0,0.0,0.0
2022-01-22 15:02:28.503975,0.0,0.0,0.0
2022-01-22 15:02:29.001929,0.0,0.0,0.0
2022-01-22 15:02:29.506699,0.0,0.0,0.0
2022-01-22 15:02:30.004578,0.0,0.0,0.0
2022-01-22 15:02:30.508020,0.0,0.0,0.0
2022-01-22 15:02:31.006378,0.0,0.0,0.0
2022-01-22 15:02:31.502625,0.0,0.0,0.0
2022-01-22 15:02:32.010617,0.0,0.0,0.0
2022-01-22 15:02:32.507132,0.0,0.0,0.0
2022-01-22 15:02:33.005353,0.0,0.0,0.0
2022-01-22 15:02:33.501055,0.0,0.0,0.0
2022-01-22 15:02:34.008536,0.0,0.0,0.0
2022-01-22 15:02:34.504446,0.0,0.0,0.0
2022-01-22 15:02:35.003431,0.0,0.0,0.0
2022-01-22 15:02:35.510355,0.0,0.0,0.0
2022-01-22 15:02:36.007537,0.0,0.0,0.0
2022-01-22 15:02:36.502832,0.0,0.0,0.0
2022-01-22 15:02:37.001268,0.0,0.0,0.0
2022-01-22 15:02:37.507708,0.0,0.0,0.0
2022-01-22 15:02:38.006031,0.0,0.0,0.0
2022-01-22 15:02:38.503403,0.0,0.0,0.0
2022-01-22 15:02:39.001102,0.0,0.0,0.0
2022-01-22 15:02:39.506803,0.0,0.0,0.0
2022-01-22 15:02:40.005885,0.0,0.0,0.0
2022-01-22 15:02:40.503310,0.0,0.0,0.0
2022-01-22 15:02:41.002365,0.0,0.0,0.0
2022-01-22 15:02:41.509025,0.0,0.0,0.0
2022-01-22 15:02:42.005862,0.0,0.0,0.0
2022-01-22 15:02:42.507201,0.0,0.0,0.0
2022-01-22 15:02:43.005161,0.0,0.0,0.0
2022-01-22 15:02:43.509469,0.0,0.0,0.0
2022-01-22 15:02:44.008256,0.0,0.0,0.0
2022-01-22 15:02:44.505138,0.0,0.0,0.0
2022-01-22 15:02:45.003280,0.0,0.0,0.0
2022-01-22 15:02:45.509294,0.0,0.0,0.0
2022-01-22 15:02:46.008518,0.0,0.0,0.0
2022-01-22 15:02:46.503013,0.0,0.0,0.0
2022-01-22 15:02:47.010833,0.0,0.0,0.0
2022-01-22 15:02:47.504637,0.0,0.0,0.0
2022-01-22 15:02:48.003064,0.0,0.0,0.0
2022-01-22 15:02:48.508355,0.0,0.0,0.0
2022-01-22 15:02:49.007739,0.0,0.0,0.0
2022-01-22 15:02:49.502326,0.0,0.0,0.0
2022-01-22 15:02:50.504218,0.0,0.0,0.0
2022-01-22 15:02:51.002642,0.0,0.0,0.0
2022-01-22 15:02:51.508367,0.0,0.0,0.0
2022-01-22 15:02:52.006173,0.0,0.0,0.0
2022-01-22 15:02:53.005002,0.0,0.0,0.0
2022-01-22 15:02:53.501136,0.0,0.0,0.0
2022-01-22 15:02:54.009773,0.0,0.0,0.0
2022-01-22 15:02:54.508456,0.0,0.0,0.0
2022-01-22 15:02:55.006439,0.0,0.0,0.0
2022-01-22 15:02:55.501242,0.0,0.0,0.0
2022-01-22 15:02:56.009790,0.0,0.0,0.0
2022-01-22 15:02:56.505040,0.0,0.0,0.0
2022-01-22 15:02:57.002737,0.0,0.0,0.0
2022-01-22 15:02:57.508989,0.0,0.0,0.0
2022-01-22 15:02:58.008280,0.0,0.0,0.0
2022-01-22 15:02:58.502216,0.0,0.0,0.0
2022-01-22 15:02:59.001053,0.0,0.0,0.0
2022-01-22 15:02:59.506837,0.0,0.0,0.0
2022-01-22 15:03:00.005122,0.0,0.0,0.0
2022-01-22 15:03:00.509102,0.0,0.0,0.0
2022-01-22 15:03:01.007126,0.0,0.0,0.0
2022-01-22 15:03:01.502323,0.0,0.0,0.0
2022-01-22 15:03:02.001656,0.0,0.0,0.0
2022-01-22 15:03:02.506731,0.0,0.0,0.0
2022-01-22 15:03:03.007589,0.0,0.0,0.0
2022-01-22 15:03:03.502527,0.0,0.0,0.0
2022-01-22 15:03:04.001354,0.0,0.0,0.0
2022-01-22 15:03:04.508023,0.0,0.0,0.0
2022-01-22 15:03:05.007312,0.0,0.0,0.0
2022-01-22 15:03:05.501333,0.0,0.0,0.0
2022-01-22 15:03:06.010108,0.0,0.0,0.0
2022-01-22 15:03:06.504478,0.0,0.0,0.0
2022-01-22 15:03:07.001938,0.0,0.0,0.0
2022-01-22 15:03:07.509622,0.0,0.0,0.0
2022-01-22 15:03:08.009081,0.0,0.0,0.0
2022-01-22 15:03:08.505077,0.0,0.0,0.0
2022-01-22 15:03:09.002277,0.0,0.0,0.0
2022-01-22 15:03:09.508232,0.0,0.0,0.0
2022-01-22 15:03:10.007128,0.0,0.0,0.0
2022-01-22 15:03:10.503035,0.0,0.0,0.0
2022-01-22 15:03:11.008360,0.0,0.0,0.0
2022-01-22 15:03:11.505747,0.0,0.0,0.0
2022-01-22 15:03:12.002986,0.0,0.0,0.0
2022-01-22 15:03:12.508347,0.0,0.0,0.0
2022-01-22 15:03:13.006663,0.0,0.0,0.0
2022-01-22 15:03:13.510292,0.0,0.0,0.0
2022-01-22 15:03:14.006793,0.0,0.0,0.0
2022-01-22 15:03:14.503200,0.0,0.0,0.0
2022-01-22 15:03:15.001250,0.0,0.0,0.0
2022-01-22 15:03:15.510484,0.0,0.0,0.0
2022-01-22 15:03:16.007031,0.0,0.0,0.0
2022-01-22 15:03:16.504600,0.0,0.0,0.0
2022-01-22 15:03:17.003593,0.0,0.0,0.0
2022-01-22 15:03:17.510267,0.0,0.0,0.0
2022-01-22 15:03:18.006385,0.0,0.0,0.0
2022-01-22 15:03:18.510198,0.0,0.0,0.0
2022-01-22 15:03:19.007612,0.0,0.0,0.0
2022-01-22 15:03:19.503227,0.0,0.0,0.0
2022-01-22 15:03:20.001266,0.0,0.0,0.0
2022-01-22 15:03:20.506286,0.0,0.0,0.0
2022-01-22 15:03:21.005483,0.0,0.0,0.0
2022-01-22 15:03:21.502904,0.0,0.0,0.0
2022-01-22 15:03:22.001172,0.0,0.0,0.0
2022-01-22 15:03:22.506858,0.0,0.0,0.0
2022-01-22 15:03:23.003863,0.0,0.0,0.0
2022-01-22 15:03:23.510702,0.0,0.0,0.0
2022-01-22 15:03:24.009025,0.0,0.0,0.0
2022-01-22 15:03:24.505103,0.0,0.0,0.0
2022-01-22 15:03:25.003392,0.0,0.0,0.0
2022-01-22 15:03:25.509938,0.0,0.0,0.0
2022-01-22 15:03:26.007841,0.0,0.0,0.0
2022-01-22 15:03:26.503222,0.0,0.0,0.0
2022-01-22 15:03:27.002240,0.0,0.0,0.0
2022-01-22 15:03:27.509607,0.0,0.0,0.0
2022-01-22 15:03:28.008500,0.0,0.0,0.0
2022-01-22 15:03:28.504032,0.0,0.0,0.0
2022-01-22 15:03:29.002289,0.0,0.0,0.0
2022-01-22 15:03:29.507386,0.0,0.0,0.0
2022-01-22 15:03:30.008722,0.0,0.0,0.0
2022-01-22 15:03:30.502832,0.0,0.0,0.0
2022-01-22 15:03:31.001055,0.0,0.0,0.0
2022-01-22 15:03:31.506524,0.0,0.0,0.0
2022-01-22 15:03:32.005041,0.0,0.0,0.0
2022-01-22 15:03:32.510235,0.0,0.0,0.0
2022-01-22 15:03:33.006562,0.0,0.0,0.0
2022-01-22 15:03:33.502203,0.0,0.0,0.0
2022-01-22 15:03:34.010591,0.0,0.0,0.0
2022-01-22 15:03:34.507558,0.0,0.0,0.0
2022-01-22 15:03:35.007246,0.0,0.0,0.0
2022-01-22 15:03:35.504052,0.0,0.0,0.0
2022-01-22 15:03:36.002342,0.0,0.0,0.0
2022-01-22 15:03:36.508158,0.0,0.0,0.0
2022-01-22 15:03:37.005856,0.0,0.0,0.0
2022-01-22 15:03:37.502068,0.0,0.0,0.0
2022-01-22 15:03:38.010349,0.0,0.0,0.0
2022-01-22 15:03:38.504502,0.0,0.0,0.0
2022-01-22 15:03:39.003857,0.0,0.0,0.0
2022-01-22 15:03:39.509879,0.0,0.0,0.0
2022-01-22 15:03:40.007997,0.0,0.0,0.0
2022-01-22 15:03:40.503061,0.0,0.0,0.0
2022-01-22 15:03:41.001270,0.0,0.0,0.0
2022-01-22 15:03:41.507940,0.0,0.0,0.0
2022-01-22 15:03:42.006792,0.0,0.0,0.0
2022-01-22 15:03:42.503552,0.0,0.0,0.0
2022-01-22 15:03:43.011147,0.0,0.0,0.0
2022-01-22 15:03:43.507892,0.0,0.0,0.0
2022-01-22 15:03:44.005305,0.0,0.0,0.0
2022-01-22 15:03:44.511072,0.0,0.0,0.0
2022-01-22 15:03:45.009499,0.0,0.0,0.0
2022-01-22 15:03:45.503886,0.0,0.0,0.0
2022-01-22 15:03:46.001545,0.0,0.0,0.0
2022-01-22 15:03:46.506552,0.0,0.0,0.0
2022-01-22 15:03:47.005047,0.0,0.0,0.0
2022-01-22 15:03:47.502339,0.0,0.0,0.0
2022-01-22 15:03:48.011094,0.0,0.0,0.0
2022-01-22 15:03:48.506735,0.0,0.0,0.0
2022-01-22 15:03:49.004950,0.0,0.0,0.0
2022-01-22 15:03:49.511131,0.0,0.0,0.0
2022-01-22 15:03:50.008549,0.0,0.0,0.0
2022-01-22 15:03:50.503743,0.0,0.0,0.0
2022-01-22 15:03:51.001708,0.0,0.0,0.0
2022-01-22 15:03:51.507908,0.0,0.0,0.0
2022-01-22 15:03:52.006931,0.0,0.0,0.0
2022-01-22 15:03:52.504744,0.0,0.0,0.0
2022-01-22 15:03:53.005149,0.0,0.0,0.0
2022-01-22 15:03:53.501171,0.0,0.0,0.0
2022-01-22 15:03:54.009773,0.0,0.0,0.0
2022-01-22 15:03:54.508608,0.0,0.0,0.0
2022-01-22 15:03:55.008191,0.0,0.0,0.0
2022-01-22 15:03:55.503392,0.0,0.0,0.0
2022-01-22 15:03:56.000981,0.0,0.0,0.0
2022-01-22 15:03:56.507887,0.0,0.0,0.0
2022-01-22 15:03:57.005514,0.0,0.0,0.0
2022-01-22 15:03:57.511131,0.0,0.0,0.0
2022-01-22 15:03:58.008436,0.0,0.0,0.0
2022-01-22 15:03:58.504151,0.0,0.0,0.0
2022-01-22 15:03:59.003298,0.0,0.0,0.0
2022-01-22 15:03:59.510013,0.0,0.0,0.0
2022-01-22 15:04:00.010855,0.0,0.0,0.0
2022-01-22 15:04:00.504957,0.0,0.0,0.0
2022-01-22 15:04:01.003316,0.0,0.0,0.0
2022-01-22 15:04:01.508415,0.0,0.0,0.0
2022-01-22 15:04:02.007041,0.0,0.0,0.0
2022-01-22 15:04:02.502470,0.0,0.0,0.0
2022-01-22 15:04:03.002778,0.0,0.0,0.0
2022-01-22 15:04:03.509259,0.0,0.0,0.0
2022-01-22 15:04:04.009209,0.0,0.0,0.0
2022-01-22 15:04:04.504977,0.0,0.0,0.0
2022-01-22 15:04:05.004994,0.0,0.0,0.0
2022-01-22 15:04:05.502728,0.0,0.0,0.0
2022-01-22 15:04:06.008820,0.0,0.0,0.0
2022-01-22 15:04:06.505108,0.0,0.0,0.0
2022-01-22 15:04:07.002905,0.0,0.0,0.0
2022-01-22 15:04:07.509714,0.0,0.0,0.0
2022-01-22 15:04:08.007298,0.0,0.0,0.0
2022-01-22 15:04:08.501355,0.0,0.0,0.0
2022-01-22 15:04:09.010380,0.0,0.0,0.0
2022-01-22 15:04:09.505874,0.0,0.0,0.0
2022-01-22 15:04:10.004809,0.0,0.0,0.0
2022-01-22 15:04:10.501202,0.0,0.0,0.0
2022-01-22 15:04:11.006306,0.0,0.0,0.0
2022-01-22 15:04:11.510931,0.0,0.0,0.0
2022-01-22 15:04:12.010735,0.0,0.0,0.0
2022-01-22 15:04:12.504981,0.0,0.0,0.0
2022-01-22 15:04:13.004839,0.0,0.0,0.0
2022-01-22 15:04:13.501480,0.0,0.0,0.0
2022-01-22 15:04:14.009801,0.0,0.0,0.0
2022-01-22 15:04:14.505452,0.0,0.0,0.0
2022-01-22 15:04:15.002690,0.0,0.0,0.0
2022-01-22 15:04:15.508026,0.0,0.0,0.0
2022-01-22 15:04:16.006329,0.0,0.0,0.0
2022-01-22 15:04:16.502491,0.0,0.0,0.0
2022-01-22 15:04:17.002077,0.0,0.0,0.0
2022-01-22 15:04:17.508159,0.0,0.0,0.0
2022-01-22 15:04:18.006558,0.0,0.0,0.0
2022-01-22 15:04:18.503904,0.0,0.0,0.0
2022-01-22 15:04:19.004313,0.0,0.0,0.0
2022-01-22 15:04:19.509797,0.0,0.0,0.0
2022-01-22 15:04:20.008394,0.0,0.0,0.0
2022-01-22 15:04:20.504405,0.0,0.0,0.0
2022-01-22 15:04:21.002855,0.0,0.0,0.0
2022-01-22 15:04:21.508623,0.0,0.0,0.0
2022-01-22 15:04:22.007212,0.0,0.0,0.0
2022-01-22 15:04:22.503605,0.0,0.0,0.0
2022-01-22 15:04:23.002956,0.0,0.0,0.0
2022-01-22 15:04:23.508657,0.0,0.0,0.0
2022-01-22 15:04:24.007927,0.0,0.0,0.0
2022-01-22 15:04:24.503915,0.0,0.0,0.0
2022-01-22 15:04:25.001280,0.0,0.0,0.0
2022-01-22 15:04:25.506289,0.0,0.0,0.0
2022-01-22 15:04:26.003429,0.0,0.0,0.0
2022-01-22 15:04:26.509093,0.0,0.0,0.0
2022-01-22 15:04:27.007379,0.0,0.0,0.0
2022-01-22 15:04:27.504637,0.0,0.0,0.0
2022-01-22 15:04:28.002754,0.0,0.0,0.0
2022-01-22 15:04:28.507825,0.0,0.0,0.0
2022-01-22 15:04:29.006316,0.0,0.0,0.0
2022-01-22 15:04:29.501332,0.0,0.0,0.0
2022-01-22 15:04:30.009413,0.0,0.0,0.0
2022-01-22 15:04:30.504990,0.0,0.0,0.0
2022-01-22 15:04:31.002569,0.0,0.0,0.0
2022-01-22 15:04:31.508118,0.0,0.0,0.0
2022-01-22 15:04:32.008493,0.0,0.0,0.0
2022-01-22 15:04:32.503808,0.0,0.0,0.0
2022-01-22 15:04:33.011177,0.0,0.0,0.0
2022-01-22 15:04:33.505544,0.0,0.0,0.0
2022-01-22 15:04:34.003913,0.0,0.0,0.0
2022-01-22 15:04:34.508776,0.0,0.0,0.0
2022-01-22 15:04:35.005991,0.0,0.0,0.0
2022-01-22 15:04:35.501686,0.0,0.0,0.0
2022-01-22 15:04:36.009172,0.0,0.0,0.0
2022-01-22 15:04:36.507874,0.0,0.0,0.0
2022-01-22 15:04:37.006709,0.0,0.0,0.0
2022-01-22 15:04:37.501310,0.0,0.0,0.0
2022-01-22 15:04:38.009437,0.0,0.0,0.0
2022-01-22 15:04:38.504801,0.0,0.0,0.0
2022-01-22 15:04:39.003158,0.0,0.0,0.0
2022-01-22 15:04:39.507349,0.0,0.0,0.0
2022-01-22 15:04:40.005065,0.0,0.0,0.0
2022-01-22 15:04:40.511217,0.0,0.0,0.0
2022-01-22 15:04:41.008628,0.0,0.0,0.0
2022-01-22 15:04:41.503331,0.0,0.0,0.0
2022-01-22 15:04:42.001088,0.0,0.0,0.0
2022-01-22 15:04:42.506698,0.0,0.0,0.0
2022-01-22 15:04:43.003446,0.0,0.0,0.0
2022-01-22 15:04:43.508870,0.0,0.0,0.0
2022-01-22 15:04:44.007798,0.0,0.0,0.0
2022-01-22 15:04:44.502692,0.0,0.0,0.0
2022-01-22 15:04:45.010522,0.0,0.0,0.0
2022-01-22 15:04:45.508517,0.0,0.0,0.0
2022-01-22 15:04:46.004777,0.0,0.0,0.0
2022-01-22 15:04:46.509904,0.0,0.0,0.0
2022-01-22 15:04:47.006900,0.0,0.0,0.0
2022-01-22 15:04:47.510959,0.0,0.0,0.0
2022-01-22 15:04:48.008354,0.0,0.0,0.0
2022-01-22 15:04:48.503256,0.0,0.0,0.0
2022-01-22 15:04:49.001127,0.0,0.0,0.0
2022-01-22 15:04:49.508224,0.0,0.0,0.0
2022-01-22 15:04:50.008430,0.0,0.0,0.0
2022-01-22 15:04:50.502802,0.0,0.0,0.0
2022-01-22 15:04:51.009986,0.0,0.0,0.0
2022-01-22 15:04:51.503750,0.0,0.0,0.0
2022-01-22 15:04:52.002694,0.0,0.0,0.0
2022-01-22 15:04:52.510289,0.0,0.0,0.0
2022-01-22 15:04:53.007077,0.0,0.0,0.0
2022-01-22 15:04:53.502317,0.0,0.0,0.0
2022-01-22 15:04:54.010082,0.0,0.0,0.0
2022-01-22 15:04:54.507270,0.0,0.0,0.0
2022-01-22 15:04:55.006618,0.0,0.0,0.0
2022-01-22 15:04:55.501322,0.0,0.0,0.0
2022-01-22 15:04:56.009379,0.0,0.0,0.0
2022-01-22 15:04:56.504444,0.0,0.0,0.0
2022-01-22 15:04:57.002330,0.0,0.0,0.0
2022-01-22 15:04:57.508552,0.0,0.0,0.0
2022-01-22 15:04:58.006631,0.0,0.0,0.0
2022-01-22 15:04:58.503779,0.0,0.0,0.0
2022-01-22 15:04:59.002095,0.0,0.0,0.0
2022-01-22 15:04:59.507328,0.0,0.0,0.0
2022-01-22 15:05:00.007815,0.0,0.0,0.0
2022-01-22 15:05:00.502627,0.0,0.0,0.0
2022-01-22 15:05:01.010503,0.0,0.0,0.0
2022-01-22 15:05:01.506089,0.0,0.0,0.0
2022-01-22 15:05:02.003760,0.0,0.0,0.0
2022-01-22 15:05:02.508786,0.0,0.0,0.0
2022-01-22 15:05:03.007761,0.0,0.0,0.0
2022-01-22 15:05:03.502865,0.0,0.0,0.0
2022-01-22 15:05:04.011015,0.0,0.0,0.0
2022-01-22 15:05:04.506999,0.0,0.0,0.0
2022-01-22 15:05:05.004944,0.0,0.0,0.0
2022-01-22 15:05:05.510365,0.0,0.0,0.0
2022-01-22 15:05:06.010080,0.0,0.0,0.0
2022-01-22 15:05:06.504844,0.0,0.0,0.0
2022-01-22 15:05:07.003443,0.0,0.0,0.0
2022-01-22 15:05:07.509650,0.0,0.0,0.0
2022-01-22 15:05:08.007859,0.0,0.0,0.0
2022-01-22 15:05:08.503908,0.0,0.0,0.0
2022-01-22 15:05:09.011123,0.0,0.0,0.0
2022-01-22 15:05:09.505540,0.0,0.0,0.0
2022-01-22 15:05:10.003876,0.0,0.0,0.0
2022-01-22 15:05:10.507647,0.0,0.0,0.0
2022-01-22 15:05:11.001509,0.0,0.0,0.0
2022-01-22 15:05:11.509224,0.0,0.0,0.0
2022-01-22 15:05:12.006538,0.0,0.0,0.0
2022-01-22 15:05:12.502428,0.0,0.0,0.0
2022-01-22 15:05:13.010727,0.0,0.0,0.0
2022-01-22 15:05:13.504903,0.0,0.0,0.0
2022-01-22 15:05:14.002780,0.0,0.0,0.0
2022-01-22 15:05:14.508639,0.0,0.0,0.0
2022-01-22 15:05:15.006115,0.0,0.0,0.0
2022-01-22 15:05:15.502233,0.0,0.0,0.0
2022-01-22 15:05:16.001257,0.0,0.0,0.0
2022-01-22 15:05:16.508504,0.0,0.0,0.0
2022-01-22 15:05:17.007191,0.0,0.0,0.0
2022-01-22 15:05:17.502382,0.0,0.0,0.0
2022-01-22 15:05:18.010664,0.0,0.0,0.0
2022-01-22 15:05:18.505537,0.0,0.0,0.0
2022-01-22 15:05:19.004459,0.0,0.0,0.0
2022-01-22 15:05:19.509641,0.0,0.0,0.0
2022-01-22 15:05:20.006694,0.0,0.0,0.0
2022-01-22 15:05:20.503843,0.0,0.0,0.0
2022-01-22 15:05:21.000955,0.0,0.0,0.0
2022-01-22 15:05:21.506017,0.0,0.0,0.0
2022-01-22 15:05:22.004542,0.0,0.0,0.0
2022-01-22 15:05:22.501208,0.0,0.0,0.0
2022-01-22 15:05:23.009672,0.0,0.0,0.0
2022-01-22 15:05:23.505871,0.0,0.0,0.0
2022-01-22 15:05:24.003248,0.0,0.0,0.0
2022-01-22 15:05:24.507884,0.0,0.0,0.0
2022-01-22 15:05:25.007390,0.0,0.0,0.0
2022-01-22 15:05:25.502729,0.0,0.0,0.0
2022-01-22 15:05:26.010767,0.0,0.0,0.0
2022-01-22 15:05:26.505312,0.0,0.0,0.0
2022-01-22 15:05:27.003951,0.0,0.0,0.0
2022-01-22 15:05:27.509103,0.0,0.0,0.0
2022-01-22 15:05:28.007587,0.0,0.0,0.0
2022-01-22 15:05:28.502541,0.0,0.0,0.0
2022-01-22 15:05:29.009879,0.0,0.0,0.0
2022-01-22 15:05:29.505696,0.0,0.0,0.0
2022-01-22 15:05:30.004955,0.0,0.0,0.0
2022-01-22 15:05:30.510741,0.0,0.0,0.0
2022-01-22 15:05:31.009255,0.0,0.0,0.0
2022-01-22 15:05:31.504843,0.0,0.0,0.0
2022-01-22 15:05:32.003457,0.0,0.0,0.0
2022-01-22 15:05:32.509653,0.0,0.0,0.0
2022-01-22 15:05:33.007314,0.0,0.0,0.0
2022-01-22 15:05:33.502886,0.0,0.0,0.0
2022-01-22 15:05:34.010616,0.0,0.0,0.0
2022-01-22 15:05:34.508123,0.0,0.0,0.0
2022-01-22 15:05:35.007231,0.0,0.0,0.0
2022-01-22 15:05:35.502723,0.0,0.0,0.0
2022-01-22 15:05:36.010688,0.0,0.0,0.0
2022-01-22 15:05:36.506392,0.0,0.0,0.0
2022-01-22 15:05:37.003624,0.0,0.0,0.0
2022-01-22 15:05:37.509060,0.0,0.0,0.0
2022-01-22 15:05:38.008141,0.0,0.0,0.0
2022-01-22 15:05:38.506790,0.0,0.0,0.0
2022-01-22 15:05:39.004292,0.0,0.0,0.0
2022-01-22 15:05:39.508612,0.0,0.0,0.0
2022-01-22 15:05:40.006780,0.0,0.0,0.0
2022-01-22 15:05:40.502183,0.0,0.0,0.0
2022-01-22 15:05:41.010382,0.0,0.0,0.0
2022-01-22 15:05:41.505692,0.0,0.0,0.0
2022-01-22 15:05:42.004014,0.0,0.0,0.0
2022-01-22 15:05:42.508196,0.0,0.0,0.0
2022-01-22 15:05:43.007191,0.0,0.0,0.0
2022-01-22 15:05:43.502271,0.0,0.0,0.0
2022-01-22 15:05:44.002023,0.0,0.0,0.0
2022-01-22 15:05:44.507415,0.0,0.0,0.0
2022-01-22 15:05:45.005821,0.0,0.0,0.0
2022-01-22 15:05:45.502087,0.0,0.0,0.0
2022-01-22 15:05:46.010733,0.0,0.0,0.0
2022-01-22 15:05:46.506448,0.0,0.0,0.0
2022-01-22 15:05:47.004457,0.0,0.0,0.0
2022-01-22 15:05:47.501843,0.0,0.0,0.0
2022-01-22 15:05:48.009986,0.0,0.0,0.0
2022-01-22 15:05:48.506299,0.0,0.0,0.0
2022-01-22 15:05:49.004233,0.0,0.0,0.0
2022-01-22 15:05:49.510623,0.0,0.0,0.0
2022-01-22 15:05:50.007521,0.0,0.0,0.0
2022-01-22 15:05:50.503132,0.0,0.0,0.0
2022-01-22 15:05:51.504718,0.0,0.0,0.0
2022-01-22 15:05:52.002606,0.0,0.0,0.0
2022-01-22 15:05:52.501435,0.0,0.0,0.0
2022-01-22 15:05:53.010464,0.0,0.0,0.0
2022-01-22 15:05:53.505553,0.0,0.0,0.0
2022-01-22 15:05:54.005506,0.0,0.0,0.0
2022-01-22 15:05:54.510830,0.0,0.0,0.0
2022-01-22 15:05:55.009989,0.0,0.0,0.0
2022-01-22 15:05:55.504322,0.0,0.0,0.0
2022-01-22 15:05:56.002549,0.0,0.0,0.0
2022-01-22 15:05:56.509450,0.0,0.0,0.0
2022-01-22 15:05:57.009190,0.0,0.0,0.0
2022-01-22 15:05:57.505128,0.0,0.0,0.0
2022-01-22 15:05:58.004060,0.0,0.0,0.0
2022-01-22 15:05:58.508609,0.0,0.0,0.0
2022-01-22 15:05:59.006669,0.0,0.0,0.0
2022-01-22 15:05:59.502757,0.0,0.0,0.0
2022-01-22 15:06:00.003728,0.0,0.0,0.0
2022-01-22 15:06:00.508642,0.0,0.0,0.0
2022-01-22 15:06:01.008804,0.0,0.0,0.0
2022-01-22 15:06:01.503150,0.0,0.0,0.0
2022-01-22 15:06:02.010104,0.0,0.0,0.0
2022-01-22 15:06:02.505220,0.0,0.0,0.0
2022-01-22 15:06:03.003548,0.0,0.0,0.0
2022-01-22 15:06:03.508661,0.0,0.0,0.0
2022-01-22 15:06:04.008388,0.0,0.0,0.0
2022-01-22 15:06:04.503802,0.0,0.0,0.0
2022-01-22 15:06:05.002614,0.0,0.0,0.0
2022-01-22 15:06:05.506716,0.0,0.0,0.0
2022-01-22 15:06:06.004123,0.0,0.0,0.0
2022-01-22 15:06:06.510704,0.0,0.0,0.0
2022-01-22 15:06:07.006676,0.0,0.0,0.0
2022-01-22 15:06:07.501006,0.0,0.0,0.0
2022-01-22 15:06:08.011081,0.0,0.0,0.0
2022-01-22 15:06:08.505566,0.0,0.0,0.0
2022-01-22 15:06:09.002628,0.0,0.0,0.0
2022-01-22 15:06:09.509374,0.0,0.0,0.0
2022-01-22 15:06:10.008152,0.0,0.0,0.0
2022-01-22 15:06:10.503793,0.0,0.0,0.0
2022-01-22 15:06:11.008015,0.0,0.0,0.0
2022-01-22 15:06:11.503212,0.0,0.0,0.0
2022-01-22 15:06:12.002834,0.0,0.0,0.0
2022-01-22 15:06:12.508991,0.0,0.0,0.0
2022-01-22 15:06:13.008330,0.0,0.0,0.0
2022-01-22 15:06:13.502971,0.0,0.0,0.0
2022-01-22 15:06:14.002228,0.0,0.0,0.0
2022-01-22 15:06:14.510486,0.0,0.0,0.0
2022-01-22 15:06:15.008507,0.0,0.0,0.0
2022-01-22 15:06:15.503167,0.0,0.0,0.0
2022-01-22 15:06:16.002395,0.0,0.0,0.0
2022-01-22 15:06:16.507803,0.0,0.0,0.0
2022-01-22 15:06:17.006516,0.0,0.0,0.0
2022-01-22 15:06:17.502284,0.0,0.0,0.0
2022-01-22 15:06:18.010753,0.0,0.0,0.0
2022-01-22 15:06:18.510570,0.0,0.0,0.0
2022-01-22 15:06:19.004239,0.0,0.0,0.0
2022-01-22 15:06:19.501133,0.0,0.0,0.0
2022-01-22 15:06:20.008902,0.0,0.0,0.0
2022-01-22 15:06:20.503870,0.0,0.0,0.0
2022-01-22 15:06:21.002488,0.0,0.0,0.0
2022-01-22 15:06:21.507335,0.0,0.0,0.0
2022-01-22 15:06:22.006664,0.0,0.0,0.0
2022-01-22 15:06:22.502190,0.0,0.0,0.0
2022-01-22 15:06:23.010557,0.0,0.0,0.0
2022-01-22 15:06:23.507923,0.0,0.0,0.0
2022-01-22 15:06:24.007377,0.0,0.0,0.0
2022-01-22 15:06:24.502294,0.0,0.0,0.0
2022-01-22 15:06:25.009907,0.0,0.0,0.0
2022-01-22 15:06:25.506223,0.0,0.0,0.0
2022-01-22 15:06:26.004981,0.0,0.0,0.0
2022-01-22 15:06:26.510303,0.0,0.0,0.0
2022-01-22 15:06:27.008044,0.0,0.0,0.0
2022-01-22 15:06:27.502818,0.0,0.0,0.0
2022-01-22 15:06:28.001910,0.0,0.0,0.0
2022-01-22 15:06:28.506136,0.0,0.0,0.0
2022-01-22 15:06:29.004711,0.0,0.0,0.0
2022-01-22 15:06:29.510901,0.0,0.0,0.0
2022-01-22 15:06:30.009505,0.0,0.0,0.0
2022-01-22 15:06:30.504703,0.0,0.0,0.0
2022-01-22 15:06:31.003387,0.0,0.0,0.0
2022-01-22 15:06:31.509850,0.0,0.0,0.0
2022-01-22 15:06:32.007820,0.0,0.0,0.0
2022-01-22 15:06:32.503887,0.0,0.0,0.0
2022-01-22 15:06:33.002743,0.0,0.0,0.0
2022-01-22 15:06:33.508393,0.0,0.0,0.0
2022-01-22 15:06:34.006723,0.0,0.0,0.0
2022-01-22 15:06:34.509739,0.0,0.0,0.0
2022-01-22 15:06:35.007203,0.0,0.0,0.0
2022-01-22 15:06:35.501719,0.0,0.0,0.0
2022-01-22 15:06:36.009520,0.0,0.0,0.0
2022-01-22 15:06:36.505446,0.0,0.0,0.0
2022-01-22 15:06:37.004387,0.0,0.0,0.0
2022-01-22 15:06:37.509186,0.0,0.0,0.0
2022-01-22 15:06:38.008231,0.0,0.0,0.0
2022-01-22 15:06:38.504063,0.0,0.0,0.0
2022-01-22 15:06:39.002775,0.0,0.0,0.0
2022-01-22 15:06:39.508322,0.0,0.0,0.0
2022-01-22 15:06:40.006260,0.0,0.0,0.0
2022-01-22 15:06:40.501783,0.0,0.0,0.0
2022-01-22 15:06:41.001422,0.0,0.0,0.0
2022-01-22 15:06:41.508537,0.0,0.0,0.0
2022-01-22 15:06:42.005822,0.0,0.0,0.0
2022-01-22 15:06:42.501794,0.0,0.0,0.0
2022-01-22 15:06:43.010736,0.0,0.0,0.0
2022-01-22 15:06:43.506604,0.0,0.0,0.0
2022-01-22 15:06:44.004536,0.0,0.0,0.0
2022-01-22 15:06:44.509220,0.0,0.0,0.0
2022-01-22 15:06:45.008345,0.0,0.0,0.0
2022-01-22 15:06:45.505113,0.0,0.0,0.0
2022-01-22 15:06:46.002860,0.0,0.0,0.0
2022-01-22 15:06:46.508230,0.0,0.0,0.0
2022-01-22 15:06:47.007750,0.0,0.0,0.0
2022-01-22 15:06:47.504566,0.0,0.0,0.0
2022-01-22 15:06:48.002662,0.0,0.0,0.0
2022-01-22 15:06:48.508353,0.0,0.0,0.0
2022-01-22 15:06:49.007434,0.0,0.0,0.0
2022-01-22 15:06:49.503197,0.0,0.0,0.0
2022-01-22 15:06:50.001552,0.0,0.0,0.0
2022-01-22 15:06:50.506730,0.0,0.0,0.0
2022-01-22 15:06:51.006723,0.0,0.0,0.0
2022-01-22 15:06:51.503159,0.0,0.0,0.0
2022-01-22 15:06:52.002406,0.0,0.0,0.0
2022-01-22 15:06:52.506746,0.0,0.0,0.0
2022-01-22 15:06:53.005985,0.0,0.0,0.0
2022-01-22 15:06:53.502782,0.0,0.0,0.0
2022-01-22 15:06:54.001086,0.0,0.0,0.0
2022-01-22 15:06:54.507133,0.0,0.0,0.0
2022-01-22 15:06:55.005942,0.0,0.0,0.0
2022-01-22 15:06:55.504142,0.0,0.0,0.0
2022-01-22 15:06:56.002747,0.0,0.0,0.0
2022-01-22 15:06:56.507823,0.0,0.0,0.0
2022-01-22 15:06:57.006408,0.0,0.0,0.0
2022-01-22 15:06:57.502058,0.0,0.0,0.0
2022-01-22 15:06:58.009697,0.0,0.0,0.0
2022-01-22 15:06:58.506920,0.0,0.0,0.0
2022-01-22 15:06:59.005881,0.0,0.0,0.0
2022-01-22 15:06:59.501711,0.0,0.0,0.0
2022-01-22 15:07:00.010535,0.0,0.0,0.0
2022-01-22 15:07:00.504509,0.0,0.0,0.0
2022-01-22 15:07:01.002577,0.0,0.0,0.0
2022-01-22 15:07:01.507356,0.0,0.0,0.0
2022-01-22 15:07:02.005734,0.0,0.0,0.0
2022-01-22 15:07:02.510845,0.0,0.0,0.0
2022-01-22 15:07:03.009568,0.0,0.0,0.0
2022-01-22 15:07:03.505380,0.0,0.0,0.0
2022-01-22 15:07:04.003871,0.0,0.0,0.0
2022-01-22 15:07:04.510358,0.0,0.0,0.0
2022-01-22 15:07:05.008922,0.0,0.0,0.0
2022-01-22 15:07:05.502840,0.0,0.0,0.0
2022-01-22 15:07:06.001730,0.0,0.0,0.0
2022-01-22 15:07:06.506992,0.0,0.0,0.0
2022-01-22 15:07:07.004939,0.0,0.0,0.0
2022-01-22 15:07:07.510684,0.0,0.0,0.0
2022-01-22 15:07:08.008994,0.0,0.0,0.0
2022-01-22 15:07:08.506673,0.0,0.0,0.0
2022-01-22 15:07:09.005340,0.0,0.0,0.0
2022-01-22 15:07:09.501473,0.0,0.0,0.0
2022-01-22 15:07:10.009728,0.0,0.0,0.0
2022-01-22 15:07:10.505648,0.0,0.0,0.0
2022-01-22 15:07:11.005159,0.0,0.0,0.0
2022-01-22 15:07:11.501302,0.0,0.0,0.0
2022-01-22 15:07:12.009565,0.0,0.0,0.0
2022-01-22 15:07:12.504986,0.0,0.0,0.0
2022-01-22 15:07:13.003883,0.0,0.0,0.0
2022-01-22 15:07:13.510980,0.0,0.0,0.0
2022-01-22 15:07:14.010093,0.0,0.0,0.0
2022-01-22 15:07:14.506181,0.0,0.0,0.0
2022-01-22 15:07:15.003328,0.0,0.0,0.0
2022-01-22 15:07:15.507508,0.0,0.0,0.0
2022-01-22 15:07:16.005448,0.0,0.0,0.0
2022-01-22 15:07:16.501818,0.0,0.0,0.0
2022-01-22 15:07:17.009893,0.0,0.0,0.0
2022-01-22 15:07:17.508110,0.0,0.0,0.0
2022-01-22 15:07:18.006527,0.0,0.0,0.0
2022-01-22 15:07:19.004998,0.0,0.0,0.0
2022-01-22 15:07:19.509212,0.0,0.0,0.0
2022-01-22 15:07:20.007383,0.0,0.0,0.0
2022-01-22 15:07:20.501158,0.0,0.0,0.0
2022-01-22 15:07:21.009973,0.0,0.0,0.0
2022-01-22 15:07:21.505403,0.0,0.0,0.0
2022-01-22 15:07:22.003882,0.0,0.0,0.0
2022-01-22 15:07:22.510358,0.0,0.0,0.0
2022-01-22 15:07:23.008596,0.0,0.0,0.0
2022-01-22 15:07:23.504640,0.0,0.0,0.0
2022-01-22 15:07:24.002851,0.0,0.0,0.0
2022-01-22 15:07:24.509857,0.0,0.0,0.0
2022-01-22 15:07:25.009186,0.0,0.0,0.0
2022-01-22 15:07:25.504018,0.0,0.0,0.0
2022-01-22 15:07:26.002843,0.0,0.0,0.0
2022-01-22 15:07:26.509118,0.0,0.0,0.0
2022-01-22 15:07:27.007725,0.0,0.0,0.0
2022-01-22 15:07:27.504905,0.0,0.0,0.0
2022-01-22 15:07:28.003328,0.0,0.0,0.0
2022-01-22 15:07:28.507941,0.0,0.0,0.0
2022-01-22 15:07:29.006474,0.0,0.0,0.0
2022-01-22 15:07:29.502184,0.0,0.0,0.0
2022-01-22 15:07:30.011123,0.0,0.0,0.0
2022-01-22 15:07:30.507855,0.0,0.0,0.0
2022-01-22 15:07:31.006874,0.0,0.0,0.0
2022-01-22 15:07:31.502352,0.0,0.0,0.0
2022-01-22 15:07:32.010411,0.0,0.0,0.0
2022-01-22 15:07:32.507354,0.0,0.0,0.0
2022-01-22 15:07:33.004245,0.0,0.0,0.0
2022-01-22 15:07:33.510839,0.0,0.0,0.0
2022-01-22 15:07:34.008429,0.0,0.0,0.0
2022-01-22 15:07:34.503785,0.0,0.0,0.0
2022-01-22 15:07:35.001706,0.0,0.0,0.0
2022-01-22 15:07:35.509446,0.0,0.0,0.0
2022-01-22 15:07:36.007590,0.0,0.0,0.0
2022-01-22 15:07:36.503801,0.0,0.0,0.0
2022-01-22 15:07:37.002077,0.0,0.0,0.0
2022-01-22 15:07:37.507856,0.0,0.0,0.0
2022-01-22 15:07:38.009068,0.0,0.0,0.0
2022-01-22 15:07:38.504441,0.0,0.0,0.0
2022-01-22 15:07:39.003148,0.0,0.0,0.0
2022-01-22 15:07:39.508284,0.0,0.0,0.0
2022-01-22 15:07:40.007543,0.0,0.0,0.0
2022-01-22 15:07:40.502374,0.0,0.0,0.0
2022-01-22 15:07:41.010717,0.0,0.0,0.0
2022-01-22 15:07:41.504765,0.0,0.0,0.0
2022-01-22 15:07:42.002228,0.0,0.0,0.0
2022-01-22 15:07:42.506133,0.0,0.0,0.0
2022-01-22 15:07:43.004935,0.0,0.0,0.0
2022-01-22 15:07:43.511177,0.0,0.0,0.0
2022-01-22 15:07:44.009373,0.0,0.0,0.0
2022-01-22 15:07:44.507318,0.0,0.0,0.0
2022-01-22 15:07:45.005125,0.0,0.0,0.0
2022-01-22 15:07:45.510716,0.0,0.0,0.0
2022-01-22 15:07:46.007920,0.0,0.0,0.0
2022-01-22 15:07:46.503069,0.0,0.0,0.0
2022-01-22 15:07:47.011208,0.0,0.0,0.0
2022-01-22 15:07:47.506656,0.0,0.0,0.0
2022-01-22 15:07:48.003704,0.0,0.0,0.0
2022-01-22 15:07:48.501702,0.0,0.0,0.0
2022-01-22 15:07:49.009467,0.0,0.0,0.0
2022-01-22 15:07:49.503291,0.0,0.0,0.0
2022-01-22 15:07:50.001240,0.0,0.0,0.0
2022-01-22 15:07:50.505465,0.0,0.0,0.0
2022-01-22 15:07:51.003338,0.0,0.0,0.0
2022-01-22 15:07:51.509079,0.0,0.0,0.0
2022-01-22 15:07:52.008353,0.0,0.0,0.0
2022-01-22 15:07:52.503878,0.0,0.0,0.0
2022-01-22 15:07:53.003309,0.0,0.0,0.0
2022-01-22 15:07:53.509124,0.0,0.0,0.0
2022-01-22 15:07:54.007551,0.0,0.0,0.0
2022-01-22 15:07:54.504649,0.0,0.0,0.0
2022-01-22 15:07:55.002326,0.0,0.0,0.0
2022-01-22 15:07:55.506470,0.0,0.0,0.0
2022-01-22 15:07:56.005760,0.0,0.0,0.0
2022-01-22 15:07:57.004691,0.0,0.0,0.0
2022-01-22 15:07:57.509948,0.0,0.0,0.0
2022-01-22 15:07:58.010033,0.0,0.0,0.0
2022-01-22 15:07:58.507336,0.0,0.0,0.0
2022-01-22 15:07:59.004643,0.0,0.0,0.0
2022-01-22 15:07:59.511294,0.0,0.0,0.0
2022-01-22 15:08:00.009691,0.0,0.0,0.0
2022-01-22 15:08:00.503772,0.0,0.0,0.0
2022-01-22 15:08:01.003002,0.0,0.0,0.0
2022-01-22 15:08:01.509616,0.0,0.0,0.0
2022-01-22 15:08:02.009220,0.0,0.0,0.0
2022-01-22 15:08:02.503775,0.0,0.0,0.0
2022-01-22 15:08:03.002294,0.0,0.0,0.0
2022-01-22 15:08:03.506081,0.0,0.0,0.0
2022-01-22 15:08:04.003772,0.0,0.0,0.0
2022-01-22 15:08:04.510298,0.0,0.0,0.0
2022-01-22 15:08:05.009058,0.0,0.0,0.0
2022-01-22 15:08:05.504739,0.0,0.0,0.0
2022-01-22 15:08:06.002176,0.0,0.0,0.0
2022-01-22 15:08:06.510177,0.0,0.0,0.0
2022-01-22 15:08:07.006658,0.0,0.0,0.0
2022-01-22 15:08:07.501366,0.0,0.0,0.0
2022-01-22 15:08:08.003227,0.0,0.0,0.0
2022-01-22 15:08:08.509093,0.0,0.0,0.0
2022-01-22 15:08:09.007096,0.0,0.0,0.0
2022-01-22 15:08:09.502802,0.0,0.0,0.0
2022-01-22 15:08:10.002176,0.0,0.0,0.0
2022-01-22 15:08:10.507433,0.0,0.0,0.0
2022-01-22 15:08:11.010735,0.0,0.0,0.0
2022-01-22 15:08:11.505117,0.0,0.0,0.0
2022-01-22 15:08:12.003339,0.0,0.0,0.0
2022-01-22 15:08:12.509402,0.0,0.0,0.0
2022-01-22 15:08:13.003935,0.0,0.0,0.0
2022-01-22 15:08:13.509945,0.0,0.0,0.0
2022-01-22 15:08:14.008170,0.0,0.0,0.0
2022-01-22 15:08:14.504951,0.0,0.0,0.0
2022-01-22 15:08:15.002718,0.0,0.0,0.0
2022-01-22 15:08:15.508357,0.0,0.0,0.0
2022-01-22 15:08:16.007201,0.0,0.0,0.0
2022-01-22 15:08:16.501274,0.0,0.0,0.0
2022-01-22 15:08:17.009548,0.0,0.0,0.0
2022-01-22 15:08:17.507164,0.0,0.0,0.0
2022-01-22 15:08:18.005392,0.0,0.0,0.0
2022-01-22 15:08:18.510074,0.0,0.0,0.0
2022-01-22 15:08:19.007919,0.0,0.0,0.0
2022-01-22 15:08:19.503376,0.0,0.0,0.0
2022-01-22 15:08:20.004630,0.0,0.0,0.0
2022-01-22 15:08:20.509341,0.0,0.0,0.0
2022-01-22 15:08:21.006397,0.0,0.0,0.0
2022-01-22 15:08:21.501662,0.0,0.0,0.0
2022-01-22 15:08:22.010194,0.0,0.0,0.0
2022-01-22 15:08:22.505479,0.0,0.0,0.0
2022-01-22 15:08:23.003958,0.0,0.0,0.0
2022-01-22 15:08:23.501456,0.0,0.0,0.0
2022-01-22 15:08:24.010091,0.0,0.0,0.0
2022-01-22 15:08:24.504973,0.0,0.0,0.0
2022-01-22 15:08:25.002624,0.0,0.0,0.0
2022-01-22 15:08:25.508808,0.0,0.0,0.0
2022-01-22 15:08:26.007251,0.0,0.0,0.0
2022-01-22 15:08:26.502574,0.0,0.0,0.0
2022-01-22 15:08:27.010772,0.0,0.0,0.0
2022-01-22 15:08:27.506163,0.0,0.0,0.0
2022-01-22 15:08:28.004724,0.0,0.0,0.0
2022-01-22 15:08:28.509787,0.0,0.0,0.0
2022-01-22 15:08:29.007858,0.0,0.0,0.0
2022-01-22 15:08:29.503665,0.0,0.0,0.0
2022-01-22 15:08:30.002146,0.0,0.0,0.0
2022-01-22 15:08:30.506739,0.0,0.0,0.0
2022-01-22 15:08:31.005972,0.0,0.0,0.0
2022-01-22 15:08:32.003764,0.0,0.0,0.0
2022-01-22 15:08:32.508435,0.0,0.0,0.0
2022-01-22 15:08:33.007692,0.0,0.0,0.0
2022-01-22 15:08:33.502257,0.0,0.0,0.0
2022-01-22 15:08:34.010880,0.0,0.0,0.0
2022-01-22 15:08:34.505274,0.0,0.0,0.0
2022-01-22 15:08:35.003826,0.0,0.0,0.0
2022-01-22 15:08:35.508928,0.0,0.0,0.0
2022-01-22 15:08:36.006284,0.0,0.0,0.0
2022-01-22 15:08:36.501329,0.0,0.0,0.0
2022-01-22 15:08:37.009929,0.0,0.0,0.0
2022-01-22 15:08:37.508273,0.0,0.0,0.0
2022-01-22 15:08:38.005988,0.0,0.0,0.0
2022-01-22 15:08:38.510786,0.0,0.0,0.0
2022-01-22 15:08:39.007905,0.0,0.0,0.0
2022-01-22 15:08:39.503243,0.0,0.0,0.0
2022-01-22 15:08:40.001629,0.0,0.0,0.0
2022-01-22 15:08:40.508113,0.0,0.0,0.0
2022-01-22 15:08:41.005848,0.0,0.0,0.0
2022-01-22 15:08:41.501790,0.0,0.0,0.0
2022-01-22 15:08:42.010359,0.0,0.0,0.0
2022-01-22 15:08:42.506719,0.0,0.0,0.0
2022-01-22 15:08:43.004936,0.0,0.0,0.0
2022-01-22 15:08:44.004860,0.0,0.0,0.0
2022-01-22 15:08:44.509203,0.0,0.0,0.0
2022-01-22 15:08:45.008559,0.0,0.0,0.0
2022-01-22 15:08:45.503722,0.0,0.0,0.0
2022-01-22 15:08:46.003080,0.0,0.0,0.0
2022-01-22 15:08:46.508803,0.0,0.0,0.0
2022-01-22 15:08:47.007203,0.0,0.0,0.0
2022-01-22 15:08:47.503152,0.0,0.0,0.0
2022-01-22 15:08:48.002844,0.0,0.0,0.0
2022-01-22 15:08:48.508734,0.0,0.0,0.0
2022-01-22 15:08:49.006696,0.0,0.0,0.0
2022-01-22 15:08:49.502484,0.0,0.0,0.0
2022-01-22 15:08:50.001414,0.0,0.0,0.0
2022-01-22 15:08:50.506405,0.0,0.0,0.0
2022-01-22 15:08:51.005187,0.0,0.0,0.0
2022-01-22 15:08:51.501467,0.0,0.0,0.0
2022-01-22 15:08:52.008920,0.0,0.0,0.0
2022-01-22 15:08:52.503110,0.0,0.0,0.0
2022-01-22 15:08:53.002012,0.0,0.0,0.0
2022-01-22 15:08:53.509360,0.0,0.0,0.0
2022-01-22 15:08:54.002226,0.0,0.0,0.0
2022-01-22 15:08:54.508475,0.0,0.0,0.0
2022-01-22 15:08:55.008071,0.0,0.0,0.0
2022-01-22 15:08:55.506264,0.0,0.0,0.0
2022-01-22 15:08:56.004039,0.0,0.0,0.0
2022-01-22 15:08:56.509371,0.0,0.0,0.0
2022-01-22 15:08:57.007868,0.0,0.0,0.0
2022-01-22 15:08:57.504278,0.0,0.0,0.0
2022-01-22 15:08:58.003132,0.0,0.0,0.0
2022-01-22 15:08:58.510342,0.0,0.0,0.0
2022-01-22 15:08:59.008641,0.0,0.0,0.0
2022-01-22 15:08:59.503504,0.0,0.0,0.0
2022-01-22 15:09:00.004056,0.0,0.0,0.0
2022-01-22 15:09:00.506678,0.0,0.0,0.0
2022-01-22 15:09:01.003678,0.0,0.0,0.0
2022-01-22 15:09:01.511145,0.0,0.0,0.0
2022-01-22 15:09:02.008411,0.0,0.0,0.0
2022-01-22 15:09:02.503517,0.0,0.0,0.0
2022-01-22 15:09:03.002032,0.0,0.0,0.0
2022-01-22 15:09:03.510318,0.0,0.0,0.0
2022-01-22 15:09:04.006264,0.0,0.0,0.0
2022-01-22 15:09:04.502342,0.0,0.0,0.0
2022-01-22 15:09:05.004559,0.0,0.0,0.0
2022-01-22 15:09:05.508417,0.0,0.0,0.0
2022-01-22 15:09:06.005296,0.0,0.0,0.0
2022-01-22 15:09:06.505159,0.0,0.0,0.0
2022-01-22 15:09:07.003489,0.0,0.0,0.0
2022-01-22 15:09:07.509296,0.0,0.0,0.0
2022-01-22 15:09:08.008443,0.0,0.0,0.0
2022-01-22 15:09:08.506750,0.0,0.0,0.0
2022-01-22 15:09:09.006638,0.0,0.0,0.0
2022-01-22 15:09:09.511370,0.0,0.0,0.0
2022-01-22 15:09:10.010683,0.0,0.0,0.0
2022-01-22 15:09:10.505506,0.0,0.0,0.0
2022-01-22 15:09:11.010842,0.0,0.0,0.0
2022-01-22 15:09:11.507040,0.0,0.0,0.0
2022-01-22 15:09:12.005999,0.0,0.0,0.0
2022-01-22 15:09:12.510176,0.0,0.0,0.0
2022-01-22 15:09:13.008686,0.0,0.0,0.0
2022-01-22 15:09:13.502565,0.0,0.0,0.0
2022-01-22 15:09:14.001058,0.0,0.0,0.0
2022-01-22 15:09:14.505095,0.0,0.0,0.0
2022-01-22 15:09:15.003224,0.0,0.0,0.0
2022-01-22 15:09:15.509027,0.0,0.0,0.0
2022-01-22 15:09:16.006424,0.0,0.0,0.0
2022-01-22 15:09:16.501309,0.0,0.0,0.0
2022-01-22 15:09:17.009915,0.0,0.0,0.0
2022-01-22 15:09:17.506218,0.0,0.0,0.0
2022-01-22 15:09:18.004846,0.0,0.0,0.0
2022-01-22 15:09:18.510284,0.0,0.0,0.0
2022-01-22 15:09:19.008783,0.0,0.0,0.0
2022-01-22 15:09:19.503407,0.0,0.0,0.0
2022-01-22 15:09:20.002516,0.0,0.0,0.0
2022-01-22 15:09:20.507796,0.0,0.0,0.0
2022-01-22 15:09:21.006583,0.0,0.0,0.0
2022-01-22 15:09:21.502608,0.0,0.0,0.0
2022-01-22 15:09:22.003853,0.0,0.0,0.0
2022-01-22 15:09:22.509068,0.0,0.0,0.0
2022-01-22 15:09:23.006824,0.0,0.0,0.0
2022-01-22 15:09:23.501401,0.0,0.0,0.0
2022-01-22 15:09:24.008566,0.0,0.0,0.0
2022-01-22 15:09:24.503462,0.0,0.0,0.0
2022-01-22 15:09:25.004503,0.0,0.0,0.0
2022-01-22 15:09:25.510393,0.0,0.0,0.0
2022-01-22 15:09:26.008432,0.0,0.0,0.0
2022-01-22 15:09:26.503811,0.0,0.0,0.0
2022-01-22 15:09:27.001939,0.0,0.0,0.0
2022-01-22 15:09:27.508841,0.0,0.0,0.0
2022-01-22 15:09:28.006755,0.0,0.0,0.0
2022-01-22 15:09:28.501871,0.0,0.0,0.0
2022-01-22 15:09:29.010002,0.0,0.0,0.0
2022-01-22 15:09:29.504718,0.0,0.0,0.0
2022-01-22 15:09:30.002811,0.0,0.0,0.0
2022-01-22 15:09:30.508660,0.0,0.0,0.0
2022-01-22 15:09:31.007714,0.0,0.0,0.0
2022-01-22 15:09:31.502904,0.0,0.0,0.0
2022-01-22 15:09:32.010705,0.0,0.0,0.0
2022-01-22 15:09:32.506087,0.0,0.0,0.0
2022-01-22 15:09:33.003105,0.0,0.0,0.0
2022-01-22 15:09:33.509802,0.0,0.0,0.0
2022-01-22 15:09:34.007343,0.0,0.0,0.0
2022-01-22 15:09:34.501151,0.0,0.0,0.0
2022-01-22 15:09:35.008315,0.0,0.0,0.0
2022-01-22 15:09:35.504450,0.0,0.0,0.0
2022-01-22 15:09:36.004921,0.0,0.0,0.0
2022-01-22 15:09:36.508996,0.0,0.0,0.0
2022-01-22 15:09:37.006288,0.0,0.0,0.0
2022-01-22 15:09:37.503230,0.0,0.0,0.0
2022-01-22 15:09:38.011113,0.0,0.0,0.0
2022-01-22 15:09:38.506360,0.0,0.0,0.0
2022-01-22 15:09:39.004549,0.0,0.0,0.0
2022-01-22 15:09:39.509799,0.0,0.0,0.0
2022-01-22 15:09:40.008376,0.0,0.0,0.0
2022-01-22 15:09:40.504779,0.0,0.0,0.0
2022-01-22 15:09:41.002327,0.0,0.0,0.0
2022-01-22 15:09:41.508162,0.0,0.0,0.0
2022-01-22 15:09:42.006915,0.0,0.0,0.0
2022-01-22 15:09:42.501184,0.0,0.0,0.0
2022-01-22 15:09:43.001030,0.0,0.0,0.0
2022-01-22 15:09:43.507632,0.0,0.0,0.0
2022-01-22 15:09:44.006256,0.0,0.0,0.0
2022-01-22 15:09:44.503099,0.0,0.0,0.0
2022-01-22 15:09:45.001420,0.0,0.0,0.0
2022-01-22 15:09:45.507795,0.0,0.0,0.0
2022-01-22 15:09:46.005986,0.0,0.0,0.0
2022-01-22 15:09:46.501131,0.0,0.0,0.0
2022-01-22 15:09:47.010461,0.0,0.0,0.0
2022-01-22 15:09:47.506195,0.0,0.0,0.0
2022-01-22 15:09:48.004565,0.0,0.0,0.0
2022-01-22 15:09:48.510680,0.0,0.0,0.0
2022-01-22 15:09:49.010202,0.0,0.0,0.0
2022-01-22 15:09:49.506724,0.0,0.0,0.0
2022-01-22 15:09:50.005996,0.0,0.0,0.0
2022-01-22 15:09:50.511177,0.0,0.0,0.0
2022-01-22 15:09:51.009936,0.0,0.0,0.0
2022-01-22 15:09:51.505079,0.0,0.0,0.0
2022-01-22 15:09:52.003110,0.0,0.0,0.0
2022-01-22 15:09:52.508300,0.0,0.0,0.0
2022-01-22 15:09:53.006404,0.0,0.0,0.0
2022-01-22 15:09:53.502852,0.0,0.0,0.0
2022-01-22 15:09:54.002357,0.0,0.0,0.0
2022-01-22 15:09:54.507823,0.0,0.0,0.0
2022-01-22 15:09:55.005274,0.0,0.0,0.0
2022-01-22 15:09:55.511069,0.0,0.0,0.0
2022-01-22 15:09:56.005441,0.0,0.0,0.0
2022-01-22 15:09:56.511028,0.0,0.0,0.0
2022-01-22 15:09:57.009108,0.0,0.0,0.0
2022-01-22 15:09:57.504732,0.0,0.0,0.0
2022-01-22 15:09:58.003756,0.0,0.0,0.0
2022-01-22 15:09:58.509428,0.0,0.0,0.0
2022-01-22 15:09:59.008067,0.0,0.0,0.0
2022-01-22 15:09:59.502294,0.0,0.0,0.0
2022-01-22 15:10:00.009941,0.0,0.0,0.0
2022-01-22 15:10:00.508537,0.0,0.0,0.0
2022-01-22 15:10:01.006522,0.0,0.0,0.0
2022-01-22 15:10:01.502810,0.0,0.0,0.0
2022-01-22 15:10:02.003420,0.0,0.0,0.0
2022-01-22 15:10:02.508420,0.0,0.0,0.0
2022-01-22 15:10:03.005447,0.0,0.0,0.0
2022-01-22 15:10:03.503352,0.0,0.0,0.0
2022-01-22 15:10:04.001714,0.0,0.0,0.0
2022-01-22 15:10:04.507691,0.0,0.0,0.0
2022-01-22 15:10:05.006202,0.0,0.0,0.0
2022-01-22 15:10:05.501563,0.0,0.0,0.0
2022-01-22 15:10:06.010042,0.0,0.0,0.0
2022-01-22 15:10:06.507809,0.0,0.0,0.0
2022-01-22 15:10:07.005235,0.0,0.0,0.0
2022-01-22 15:10:07.510322,0.0,0.0,0.0
2022-01-22 15:10:08.006811,0.0,0.0,0.0
2022-01-22 15:10:08.506562,0.0,0.0,0.0
2022-01-22 15:10:09.006802,0.0,0.0,0.0
2022-01-22 15:10:10.004901,0.0,0.0,0.0
2022-01-22 15:10:10.503875,0.0,0.0,0.0
2022-01-22 15:10:11.007793,0.0,0.0,0.0
2022-01-22 15:10:11.508553,0.0,0.0,0.0
2022-01-22 15:10:12.003371,0.0,0.0,0.0
2022-01-22 15:10:12.508351,0.0,0.0,0.0
2022-01-22 15:10:13.006889,0.0,0.0,0.0
2022-01-22 15:10:13.501955,0.0,0.0,0.0
2022-01-22 15:10:14.009930,0.0,0.0,0.0
2022-01-22 15:10:14.505142,0.0,0.0,0.0
2022-01-22 15:10:15.002867,0.0,0.0,0.0
2022-01-22 15:10:15.509212,0.0,0.0,0.0
2022-01-22 15:10:16.007479,0.0,0.0,0.0
2022-01-22 15:10:16.502873,0.0,0.0,0.0
2022-01-22 15:10:17.002701,0.0,0.0,0.0
2022-01-22 15:10:17.509836,0.0,0.0,0.0
2022-01-22 15:10:18.008368,0.0,0.0,0.0
2022-01-22 15:10:18.502510,0.0,0.0,0.0
2022-01-22 15:10:19.010238,0.0,0.0,0.0
2022-01-22 15:10:19.505991,0.0,0.0,0.0
2022-01-22 15:10:20.004637,0.0,0.0,0.0
2022-01-22 15:10:20.510117,0.0,0.0,0.0
2022-01-22 15:10:21.007974,0.0,0.0,0.0
2022-01-22 15:10:21.503979,0.0,0.0,0.0
2022-01-22 15:10:22.010727,0.0,0.0,0.0
2022-01-22 15:10:22.506044,0.0,0.0,0.0
2022-01-22 15:10:23.004344,0.0,0.0,0.0
2022-01-22 15:10:23.501364,0.0,0.0,0.0
2022-01-22 15:10:24.008964,0.0,0.0,0.0
2022-01-22 15:10:24.506024,0.0,0.0,0.0
2022-01-22 15:10:25.003599,0.0,0.0,0.0
2022-01-22 15:10:25.509859,0.0,0.0,0.0
2022-01-22 15:10:26.005919,0.0,0.0,0.0
2022-01-22 15:10:26.501429,0.0,0.0,0.0
2022-01-22 15:10:27.010318,0.0,0.0,0.0
2022-01-22 15:10:27.504916,0.0,0.0,0.0
2022-01-22 15:10:28.001656,0.0,0.0,0.0
2022-01-22 15:10:28.508769,0.0,0.0,0.0
2022-01-22 15:10:29.008232,0.0,0.0,0.0
2022-01-22 15:10:29.506331,0.0,0.0,0.0
2022-01-22 15:10:30.004341,0.0,0.0,0.0
2022-01-22 15:10:30.510817,0.0,0.0,0.0
2022-01-22 15:10:31.008078,0.0,0.0,0.0
2022-01-22 15:10:31.502891,0.0,0.0,0.0
2022-01-22 15:10:32.011133,0.0,0.0,0.0
2022-01-22 15:10:32.506444,0.0,0.0,0.0
2022-01-22 15:10:33.004443,0.0,0.0,0.0
2022-01-22 15:10:33.501662,0.0,0.0,0.0
2022-01-22 15:10:34.001106,0.0,0.0,0.0
2022-01-22 15:10:34.507949,0.0,0.0,0.0
2022-01-22 15:10:35.005902,0.0,0.0,0.0
2022-01-22 15:10:35.501271,0.0,0.0,0.0
2022-01-22 15:10:36.010140,0.0,0.0,0.0
2022-01-22 15:10:36.505147,0.0,0.0,0.0
2022-01-22 15:10:37.002673,0.0,0.0,0.0
2022-01-22 15:10:37.508607,0.0,0.0,0.0
2022-01-22 15:10:38.006179,0.0,0.0,0.0
2022-01-22 15:10:38.501287,0.0,0.0,0.0
2022-01-22 15:10:39.009922,0.0,0.0,0.0
2022-01-22 15:10:39.509054,0.0,0.0,0.0
2022-01-22 15:10:40.007873,0.0,0.0,0.0
2022-01-22 15:10:40.503716,0.0,0.0,0.0
2022-01-22 15:10:41.001507,0.0,0.0,0.0
2022-01-22 15:10:41.506770,0.0,0.0,0.0
2022-01-22 15:10:42.005471,0.0,0.0,0.0
2022-01-22 15:10:42.501074,0.0,0.0,0.0
2022-01-22 15:10:43.010440,0.0,0.0,0.0
2022-01-22 15:10:43.506304,0.0,0.0,0.0
2022-01-22 15:10:44.006170,0.0,0.0,0.0
2022-01-22 15:10:44.501244,0.0,0.0,0.0
2022-01-22 15:10:45.010747,0.0,0.0,0.0
2022-01-22 15:10:45.506400,0.0,0.0,0.0
2022-01-22 15:10:46.004472,0.0,0.0,0.0
2022-01-22 15:10:46.508292,0.0,0.0,0.0
2022-01-22 15:10:47.007228,0.0,0.0,0.0
2022-01-22 15:10:47.504545,0.0,0.0,0.0
2022-01-22 15:10:48.003735,0.0,0.0,0.0
2022-01-22 15:10:48.509055,0.0,0.0,0.0
2022-01-22 15:10:49.006467,0.0,0.0,0.0
2022-01-22 15:10:49.510691,0.0,0.0,0.0
2022-01-22 15:10:50.007867,0.0,0.0,0.0
2022-01-22 15:10:50.503865,0.0,0.0,0.0
2022-01-22 15:10:51.002734,0.0,0.0,0.0
2022-01-22 15:10:51.510324,0.0,0.0,0.0
2022-01-22 15:10:52.008023,0.0,0.0,0.0
2022-01-22 15:10:52.502708,0.0,0.0,0.0
2022-01-22 15:10:53.010077,0.0,0.0,0.0
2022-01-22 15:10:53.506146,0.0,0.0,0.0
2022-01-22 15:10:54.003858,0.0,0.0,0.0
2022-01-22 15:10:54.508749,0.0,0.0,0.0
2022-01-22 15:10:55.005468,0.0,0.0,0.0
2022-01-22 15:10:55.502091,0.0,0.0,0.0
2022-01-22 15:10:56.010224,0.0,0.0,0.0
2022-01-22 15:10:56.506703,0.0,0.0,0.0
2022-01-22 15:10:57.004922,0.0,0.0,0.0
2022-01-22 15:10:57.510985,0.0,0.0,0.0
2022-01-22 15:10:58.010022,0.0,0.0,0.0
2022-01-22 15:10:58.505334,0.0,0.0,0.0
2022-01-22 15:10:59.010323,0.0,0.0,0.0
2022-01-22 15:10:59.504343,0.0,0.0,0.0
2022-01-22 15:11:00.004459,0.0,0.0,0.0
2022-01-22 15:11:00.501241,0.0,0.0,0.0
2022-01-22 15:11:01.010053,0.0,0.0,0.0
2022-01-22 15:11:01.505117,0.0,0.0,0.0
2022-01-22 15:11:02.002525,0.0,0.0,0.0
2022-01-22 15:11:02.508427,0.0,0.0,0.0
2022-01-22 15:11:03.007196,0.0,0.0,0.0
2022-01-22 15:11:03.502467,0.0,0.0,0.0
2022-01-22 15:11:04.009758,0.0,0.0,0.0
2022-01-22 15:11:04.505646,0.0,0.0,0.0
2022-01-22 15:11:05.005868,0.0,0.0,0.0
2022-01-22 15:11:05.501217,0.0,0.0,0.0
2022-01-22 15:11:06.008975,0.0,0.0,0.0
2022-01-22 15:11:06.501923,0.0,0.0,0.0
2022-01-22 15:11:07.009427,0.0,0.0,0.0
2022-01-22 15:11:07.505272,0.0,0.0,0.0
2022-01-22 15:11:08.001433,0.0,0.0,0.0
2022-01-22 15:11:08.507876,0.0,0.0,0.0
2022-01-22 15:11:09.005872,0.0,0.0,0.0
2022-01-22 15:11:09.503468,0.0,0.0,0.0
2022-01-22 15:11:10.003216,0.0,0.0,0.0
2022-01-22 15:11:10.507155,0.0,0.0,0.0
2022-01-22 15:11:11.010755,0.0,0.0,0.0
2022-01-22 15:11:11.510017,0.0,0.0,0.0
2022-01-22 15:11:12.007364,0.0,0.0,0.0
2022-01-22 15:11:12.503785,0.0,0.0,0.0
2022-01-22 15:11:13.002324,0.0,0.0,0.0
2022-01-22 15:11:13.507495,0.0,0.0,0.0
2022-01-22 15:11:14.007745,0.0,0.0,0.0
2022-01-22 15:11:14.503842,0.0,0.0,0.0
2022-01-22 15:11:15.002201,0.0,0.0,0.0
2022-01-22 15:11:15.508798,0.0,0.0,0.0
2022-01-22 15:11:16.006880,0.0,0.0,0.0
2022-01-22 15:11:16.501464,0.0,0.0,0.0
2022-01-22 15:11:17.010577,0.0,0.0,0.0
2022-01-22 15:11:17.506397,0.0,0.0,0.0
2022-01-22 15:11:18.004381,0.0,0.0,0.0
2022-01-22 15:11:18.501558,0.0,0.0,0.0
2022-01-22 15:11:19.010400,0.0,0.0,0.0
2022-01-22 15:11:19.507868,0.0,0.0,0.0
2022-01-22 15:11:20.006567,0.0,0.0,0.0
2022-01-22 15:11:21.005120,0.0,0.0,0.0
2022-01-22 15:11:21.501480,0.0,0.0,0.0
2022-01-22 15:11:22.008831,0.0,0.0,0.0
2022-01-22 15:11:22.503011,0.0,0.0,0.0
2022-01-22 15:11:23.010849,0.0,0.0,0.0
2022-01-22 15:11:23.509533,0.0,0.0,0.0
2022-01-22 15:11:24.007125,0.0,0.0,0.0
2022-01-22 15:11:24.502690,0.0,0.0,0.0
2022-01-22 15:11:25.010649,0.0,0.0,0.0
2022-01-22 15:11:25.506428,0.0,0.0,0.0
2022-01-22 15:11:26.003732,0.0,0.0,0.0
2022-01-22 15:11:26.509621,0.0,0.0,0.0
2022-01-22 15:11:27.007431,0.0,0.0,0.0
2022-01-22 15:11:27.503992,0.0,0.0,0.0
2022-01-22 15:11:28.001456,0.0,0.0,0.0
2022-01-22 15:11:28.506404,0.0,0.0,0.0
2022-01-22 15:11:29.003856,0.0,0.0,0.0
2022-01-22 15:11:29.509106,0.0,0.0,0.0
2022-01-22 15:11:30.007323,0.0,0.0,0.0
2022-01-22 15:11:30.502088,0.0,0.0,0.0
2022-01-22 15:11:31.010465,0.0,0.0,0.0
2022-01-22 15:11:31.505148,0.0,0.0,0.0
2022-01-22 15:11:32.002613,0.0,0.0,0.0
2022-01-22 15:11:32.502129,0.0,0.0,0.0
2022-01-22 15:11:33.001989,0.0,0.0,0.0
2022-01-22 15:11:33.507149,0.0,0.0,0.0
2022-01-22 15:11:34.005257,0.0,0.0,0.0
2022-01-22 15:11:34.511073,0.0,0.0,0.0
2022-01-22 15:11:35.009809,0.0,0.0,0.0
2022-01-22 15:11:35.505913,0.0,0.0,0.0
2022-01-22 15:11:36.003919,0.0,0.0,0.0
2022-01-22 15:11:36.502071,0.0,0.0,0.0
2022-01-22 15:11:37.001229,0.0,0.0,0.0
2022-01-22 15:11:37.506176,0.0,0.0,0.0
2022-01-22 15:11:38.003803,0.0,0.0,0.0
2022-01-22 15:11:38.510910,0.0,0.0,0.0
2022-01-22 15:11:39.009134,0.0,0.0,0.0
2022-01-22 15:11:39.504089,0.0,0.0,0.0
2022-01-22 15:11:40.002455,0.0,0.0,0.0
2022-01-22 15:11:40.507362,0.0,0.0,0.0
2022-01-22 15:11:41.005143,0.0,0.0,0.0
2022-01-22 15:11:41.502679,0.0,0.0,0.0
2022-01-22 15:11:42.010777,0.0,0.0,0.0
2022-01-22 15:11:42.506265,0.0,0.0,0.0
2022-01-22 15:11:43.002071,0.0,0.0,0.0
2022-01-22 15:11:43.507773,0.0,0.0,0.0
2022-01-22 15:11:44.005000,0.0,0.0,0.0
2022-01-22 15:11:44.510741,0.0,0.0,0.0
2022-01-22 15:11:45.009777,0.0,0.0,0.0
2022-01-22 15:11:45.506893,0.0,0.0,0.0
2022-01-22 15:11:46.005878,0.0,0.0,0.0
2022-01-22 15:11:46.502086,0.0,0.0,0.0
2022-01-22 15:11:47.010807,0.0,0.0,0.0
2022-01-22 15:11:47.506860,0.0,0.0,0.0
2022-01-22 15:11:48.005290,0.0,0.0,0.0
2022-01-22 15:11:48.501059,0.0,0.0,0.0
2022-01-22 15:11:49.010297,0.0,0.0,0.0
2022-01-22 15:11:49.506326,0.0,0.0,0.0
2022-01-22 15:11:50.004376,0.0,0.0,0.0
2022-01-22 15:11:50.503087,0.0,0.0,0.0
2022-01-22 15:11:51.001948,0.0,0.0,0.0
2022-01-22 15:11:51.508187,0.0,0.0,0.0
2022-01-22 15:11:52.006497,0.0,0.0,0.0
2022-01-22 15:11:52.501033,0.0,0.0,0.0
2022-01-22 15:11:53.010826,0.0,0.0,0.0
2022-01-22 15:11:53.506759,0.0,0.0,0.0
2022-01-22 15:11:54.004709,0.0,0.0,0.0
2022-01-22 15:11:54.508985,0.0,0.0,0.0
2022-01-22 15:11:55.009057,0.0,0.0,0.0
2022-01-22 15:11:55.504147,0.0,0.0,0.0
2022-01-22 15:11:56.003972,0.0,0.0,0.0
2022-01-22 15:11:56.509987,0.0,0.0,0.0
2022-01-22 15:11:57.007031,0.0,0.0,0.0
2022-01-22 15:11:57.504555,0.0,0.0,0.0
2022-01-22 15:11:58.002920,0.0,0.0,0.0
2022-01-22 15:11:58.509053,0.0,0.0,0.0
2022-01-22 15:11:59.008824,0.0,0.0,0.0
2022-01-22 15:11:59.506698,0.0,0.0,0.0
2022-01-22 15:12:00.004783,0.0,0.0,0.0
2022-01-22 15:12:00.506328,0.0,0.0,0.0
2022-01-22 15:12:01.003195,0.0,0.0,0.0
2022-01-22 15:12:01.509072,0.0,0.0,0.0
2022-01-22 15:12:02.007271,0.0,0.0,0.0
2022-01-22 15:12:02.503608,0.0,0.0,0.0
2022-01-22 15:12:03.003865,0.0,0.0,0.0
2022-01-22 15:12:03.510287,0.0,0.0,0.0
2022-01-22 15:12:04.009229,0.0,0.0,0.0
2022-01-22 15:12:04.503098,0.0,0.0,0.0
2022-01-22 15:12:05.001199,0.0,0.0,0.0
2022-01-22 15:12:05.507385,0.0,0.0,0.0
2022-01-22 15:12:06.006285,0.0,0.0,0.0
2022-01-22 15:12:06.502070,0.0,0.0,0.0
2022-01-22 15:12:07.010357,0.0,0.0,0.0
2022-01-22 15:12:07.506738,0.0,0.0,0.0
2022-01-22 15:12:08.006176,0.0,0.0,0.0
2022-01-22 15:12:08.502183,0.0,0.0,0.0
2022-01-22 15:12:09.008994,0.0,0.0,0.0
2022-01-22 15:12:09.503954,0.0,0.0,0.0
2022-01-22 15:12:10.002642,0.0,0.0,0.0
2022-01-22 15:12:10.507415,0.0,0.0,0.0
2022-01-22 15:12:11.001833,0.0,0.0,0.0
2022-01-22 15:12:11.507813,0.0,0.0,0.0
2022-01-22 15:12:12.006460,0.0,0.0,0.0
2022-01-22 15:12:12.503038,0.0,0.0,0.0
2022-01-22 15:12:13.002238,0.0,0.0,0.0
2022-01-22 15:12:13.509571,0.0,0.0,0.0
2022-01-22 15:12:14.007818,0.0,0.0,0.0
2022-01-22 15:12:14.503326,0.0,0.0,0.0
2022-01-22 15:12:15.002778,0.0,0.0,0.0
2022-01-22 15:12:15.508407,0.0,0.0,0.0
2022-01-22 15:12:16.007876,0.0,0.0,0.0
2022-01-22 15:12:16.506213,0.0,0.0,0.0
2022-01-22 15:12:17.003439,0.0,0.0,0.0
2022-01-22 15:12:17.505186,0.0,0.0,0.0
2022-01-22 15:12:18.003671,0.0,0.0,0.0
2022-01-22 15:12:18.508494,0.0,0.0,0.0
2022-01-22 15:12:19.006700,0.0,0.0,0.0
2022-01-22 15:12:19.502875,0.0,0.0,0.0
2022-01-22 15:12:20.000966,0.0,0.0,0.0
2022-01-22 15:12:20.508170,0.0,0.0,0.0
2022-01-22 15:12:21.007210,0.0,0.0,0.0
2022-01-22 15:12:21.502316,0.0,0.0,0.0
2022-01-22 15:12:22.009370,0.0,0.0,0.0
2022-01-22 15:12:22.504245,0.0,0.0,0.0
2022-01-22 15:12:23.002235,0.0,0.0,0.0
2022-01-22 15:12:23.507935,0.0,0.0,0.0
2022-01-22 15:12:24.007320,0.0,0.0,0.0
2022-01-22 15:12:24.503851,0.0,0.0,0.0
2022-01-22 15:12:25.002811,0.0,0.0,0.0
2022-01-22 15:12:25.509103,0.0,0.0,0.0
2022-01-22 15:12:26.007167,0.0,0.0,0.0
2022-01-22 15:12:26.503769,0.0,0.0,0.0
2022-01-22 15:12:27.001526,0.0,0.0,0.0
2022-01-22 15:12:27.507756,0.0,0.0,0.0
2022-01-22 15:12:28.006325,0.0,0.0,0.0
2022-01-22 15:12:28.501444,0.0,0.0,0.0
2022-01-22 15:12:29.009571,0.0,0.0,0.0
2022-01-22 15:12:29.506792,0.0,0.0,0.0
2022-01-22 15:12:30.005877,0.0,0.0,0.0
2022-01-22 15:12:30.511209,0.0,0.0,0.0
2022-01-22 15:12:31.010727,0.0,0.0,0.0
2022-01-22 15:12:32.004678,0.0,0.0,0.0
2022-01-22 15:12:32.510391,0.0,0.0,0.0
2022-01-22 15:12:33.007815,0.0,0.0,0.0
2022-01-22 15:12:33.505010,0.0,0.0,0.0
2022-01-22 15:12:34.003290,0.0,0.0,0.0
2022-01-22 15:12:34.509058,0.0,0.0,0.0
2022-01-22 15:12:35.008984,0.0,0.0,0.0
2022-01-22 15:12:35.503246,0.0,0.0,0.0
2022-01-22 15:12:36.001708,0.0,0.0,0.0
2022-01-22 15:12:36.507333,0.0,0.0,0.0
2022-01-22 15:12:37.004927,0.0,0.0,0.0
2022-01-22 15:12:37.510737,0.0,0.0,0.0
2022-01-22 15:12:38.010390,0.0,0.0,0.0
2022-01-22 15:12:38.504707,0.0,0.0,0.0
2022-01-22 15:12:39.003276,0.0,0.0,0.0
2022-01-22 15:12:39.510432,0.0,0.0,0.0
2022-01-22 15:12:40.009061,0.0,0.0,0.0
2022-01-22 15:12:40.503192,0.0,0.0,0.0
2022-01-22 15:12:41.001918,0.0,0.0,0.0
2022-01-22 15:12:41.507785,0.0,0.0,0.0
2022-01-22 15:12:42.006504,0.0,0.0,0.0
2022-01-22 15:12:42.501087,0.0,0.0,0.0
2022-01-22 15:12:43.009420,0.0,0.0,0.0
2022-01-22 15:12:43.504389,0.0,0.0,0.0
2022-01-22 15:12:44.004326,0.0,0.0,0.0
2022-01-22 15:12:44.501768,0.0,0.0,0.0
2022-01-22 15:12:45.001162,0.0,0.0,0.0
2022-01-22 15:12:45.505450,0.0,0.0,0.0
2022-01-22 15:12:46.005200,0.0,0.0,0.0
2022-01-22 15:12:46.509391,0.0,0.0,0.0
2022-01-22 15:12:47.008126,0.0,0.0,0.0
2022-01-22 15:12:47.502926,0.0,0.0,0.0
2022-01-22 15:12:48.002644,0.0,0.0,0.0
2022-01-22 15:12:48.503888,0.0,0.0,0.0
2022-01-22 15:12:49.001807,0.0,0.0,0.0
2022-01-22 15:12:49.505093,0.0,0.0,0.0
2022-01-22 15:12:50.003040,0.0,0.0,0.0
2022-01-22 15:12:50.508963,0.0,0.0,0.0
2022-01-22 15:12:51.006268,0.0,0.0,0.0
2022-01-22 15:12:51.511107,0.0,0.0,0.0
2022-01-22 15:12:52.008581,0.0,0.0,0.0
2022-01-22 15:12:52.502083,0.0,0.0,0.0
2022-01-22 15:12:53.009745,0.0,0.0,0.0
2022-01-22 15:12:53.506168,0.0,0.0,0.0
2022-01-22 15:12:54.003775,0.0,0.0,0.0
2022-01-22 15:12:54.509688,0.0,0.0,0.0
2022-01-22 15:12:55.007622,0.0,0.0,0.0
2022-01-22 15:12:55.503071,0.0,0.0,0.0
2022-01-22 15:12:56.001299,0.0,0.0,0.0
2022-01-22 15:12:56.511199,0.0,0.0,0.0
2022-01-22 15:12:57.009947,0.0,0.0,0.0
2022-01-22 15:12:57.505550,0.0,0.0,0.0
2022-01-22 15:12:58.003410,0.0,0.0,0.0
2022-01-22 15:12:58.509992,0.0,0.0,0.0
2022-01-22 15:12:59.009271,0.0,0.0,0.0
2022-01-22 15:12:59.505092,0.0,0.0,0.0
2022-01-22 15:13:00.003811,0.0,0.0,0.0
2022-01-22 15:13:00.508332,0.0,0.0,0.0
2022-01-22 15:13:01.006548,0.0,0.0,0.0
2022-01-22 15:13:01.502159,0.0,0.0,0.0
2022-01-22 15:13:02.010888,0.0,0.0,0.0
2022-01-22 15:13:02.507189,0.0,0.0,0.0
2022-01-22 15:13:03.004791,0.0,0.0,0.0
2022-01-22 15:13:03.501272,0.0,0.0,0.0
2022-01-22 15:13:04.009318,0.0,0.0,0.0
2022-01-22 15:13:04.503870,0.0,0.0,0.0
2022-01-22 15:13:05.002622,0.0,0.0,0.0
2022-01-22 15:13:05.510126,0.0,0.0,0.0
2022-01-22 15:13:06.007379,0.0,0.0,0.0
2022-01-22 15:13:06.502755,0.0,0.0,0.0
2022-01-22 15:13:07.001968,0.0,0.0,0.0
2022-01-22 15:13:07.506909,0.0,0.0,0.0
2022-01-22 15:13:08.004847,0.0,0.0,0.0
2022-01-22 15:13:08.510684,0.0,0.0,0.0
2022-01-22 15:13:09.009437,0.0,0.0,0.0
2022-01-22 15:13:09.507805,0.0,0.0,0.0
2022-01-22 15:13:10.005067,0.0,0.0,0.0
2022-01-22 15:13:10.501048,0.0,0.0,0.0
2022-01-22 15:13:11.006042,0.0,0.0,0.0
2022-01-22 15:13:11.501545,0.0,0.0,0.0
2022-01-22 15:13:12.009907,0.0,0.0,0.0
2022-01-22 15:13:12.504434,0.0,0.0,0.0
2022-01-22 15:13:13.006630,0.0,0.0,0.0
2022-01-22 15:13:13.502755,0.0,0.0,0.0
2022-01-22 15:13:14.010343,0.0,0.0,0.0
2022-01-22 15:13:14.506264,0.0,0.0,0.0
2022-01-22 15:13:15.004437,0.0,0.0,0.0
2022-01-22 15:13:15.509768,0.0,0.0,0.0
2022-01-22 15:13:16.007962,0.0,0.0,0.0
2022-01-22 15:13:16.502819,0.0,0.0,0.0
2022-01-22 15:13:17.002066,0.0,0.0,0.0
2022-01-22 15:13:17.508291,0.0,0.0,0.0
2022-01-22 15:13:18.006692,0.0,0.0,0.0
2022-01-22 15:13:18.503742,0.0,0.0,0.0
2022-01-22 15:13:19.001749,0.0,0.0,0.0
2022-01-22 15:13:19.509119,0.0,0.0,0.0
2022-01-22 15:13:20.006876,0.0,0.0,0.0
2022-01-22 15:13:20.502336,0.0,0.0,0.0
2022-01-22 15:13:21.010671,0.0,0.0,0.0
2022-01-22 15:13:21.506440,0.0,0.0,0.0
2022-01-22 15:13:22.003207,0.0,0.0,0.0
2022-01-22 15:13:22.509235,0.0,0.0,0.0
2022-01-22 15:13:23.007290,0.0,0.0,0.0
2022-01-22 15:13:23.504043,0.0,0.0,0.0
2022-01-22 15:13:24.002762,0.0,0.0,0.0
2022-01-22 15:13:24.507771,0.0,0.0,0.0
2022-01-22 15:13:25.006671,0.0,0.0,0.0
2022-01-22 15:13:25.501611,0.0,0.0,0.0
2022-01-22 15:13:26.010737,0.0,0.0,0.0
2022-01-22 15:13:26.508982,0.0,0.0,0.0
2022-01-22 15:13:27.007037,0.0,0.0,0.0
2022-01-22 15:13:27.503512,0.0,0.0,0.0
2022-01-22 15:13:28.001528,0.0,0.0,0.0
2022-01-22 15:13:28.507162,0.0,0.0,0.0
2022-01-22 15:13:29.006338,0.0,0.0,0.0
2022-01-22 15:13:29.503400,0.0,0.0,0.0
2022-01-22 15:13:30.001191,0.0,0.0,0.0
2022-01-22 15:13:30.507172,0.0,0.0,0.0
2022-01-22 15:13:31.004518,0.0,0.0,0.0
2022-01-22 15:13:31.508524,0.0,0.0,0.0
2022-01-22 15:13:32.006419,0.0,0.0,0.0
2022-01-22 15:13:32.509369,0.0,0.0,0.0
2022-01-22 15:13:33.008303,0.0,0.0,0.0
2022-01-22 15:13:33.503350,0.0,0.0,0.0
2022-01-22 15:13:34.001621,0.0,0.0,0.0
2022-01-22 15:13:34.506741,0.0,0.0,0.0
2022-01-22 15:13:35.005776,0.0,0.0,0.0
2022-01-22 15:13:35.502470,0.0,0.0,0.0
2022-01-22 15:13:36.010753,0.0,0.0,0.0
2022-01-22 15:13:36.508321,0.0,0.0,0.0
2022-01-22 15:13:37.006216,0.0,0.0,0.0
2022-01-22 15:13:37.502213,0.0,0.0,0.0
2022-01-22 15:13:38.009746,0.0,0.0,0.0
2022-01-22 15:13:38.504781,0.0,0.0,0.0
2022-01-22 15:13:39.002517,0.0,0.0,0.0
2022-01-22 15:13:39.508526,0.0,0.0,0.0
2022-01-22 15:13:40.006657,0.0,0.0,0.0
2022-01-22 15:13:40.511045,0.0,0.0,0.0
2022-01-22 15:13:41.001150,0.0,0.0,0.0
2022-01-22 15:13:41.507612,0.0,0.0,0.0
2022-01-22 15:13:42.004025,0.0,0.0,0.0
2022-01-22 15:13:42.510741,0.0,0.0,0.0
2022-01-22 15:13:43.008555,0.0,0.0,0.0
2022-01-22 15:13:43.502194,0.0,0.0,0.0
2022-01-22 15:13:44.001036,0.0,0.0,0.0
2022-01-22 15:13:44.506042,0.0,0.0,0.0
2022-01-22 15:13:45.003105,0.0,0.0,0.0
2022-01-22 15:13:45.510540,0.0,0.0,0.0
2022-01-22 15:13:46.009083,0.0,0.0,0.0
2022-01-22 15:13:46.504885,0.0,0.0,0.0
2022-01-22 15:13:47.003256,0.0,0.0,0.0
2022-01-22 15:13:47.507883,0.0,0.0,0.0
2022-01-22 15:13:48.006137,0.0,0.0,0.0
2022-01-22 15:13:48.501050,0.0,0.0,0.0
2022-01-22 15:13:49.010796,0.0,0.0,0.0
2022-01-22 15:13:49.506765,0.0,0.0,0.0
2022-01-22 15:13:50.005911,0.0,0.0,0.0
2022-01-22 15:13:50.502362,0.0,0.0,0.0
2022-01-22 15:13:51.008368,0.0,0.0,0.0
2022-01-22 15:13:51.504092,0.0,0.0,0.0
2022-01-22 15:13:52.002199,0.0,0.0,0.0
2022-01-22 15:13:52.507418,0.0,0.0,0.0
2022-01-22 15:13:53.005356,0.0,0.0,0.0
2022-01-22 15:13:53.501014,0.0,0.0,0.0
2022-01-22 15:13:54.009099,0.0,0.0,0.0
2022-01-22 15:13:54.505767,0.0,0.0,0.0
2022-01-22 15:13:55.003258,0.0,0.0,0.0
2022-01-22 15:13:55.508903,0.0,0.0,0.0
2022-01-22 15:13:56.006525,0.0,0.0,0.0
2022-01-22 15:13:56.502027,0.0,0.0,0.0
2022-01-22 15:13:57.009932,0.0,0.0,0.0
2022-01-22 15:13:57.505854,0.0,0.0,0.0
2022-01-22 15:13:58.003653,0.0,0.0,0.0
2022-01-22 15:13:58.508430,0.0,0.0,0.0
2022-01-22 15:13:59.007211,0.0,0.0,0.0
2022-01-22 15:13:59.502355,0.0,0.0,0.0
2022-01-22 15:14:00.010279,0.0,0.0,0.0
2022-01-22 15:14:00.507661,0.0,0.0,0.0
2022-01-22 15:14:01.005019,0.0,0.0,0.0
2022-01-22 15:14:01.510229,0.0,0.0,0.0
2022-01-22 15:14:02.007986,0.0,0.0,0.0
2022-01-22 15:14:02.502739,0.0,0.0,0.0
2022-01-22 15:14:03.011042,0.0,0.0,0.0
2022-01-22 15:14:03.507928,0.0,0.0,0.0
2022-01-22 15:14:04.007764,0.0,0.0,0.0
2022-01-22 15:14:04.503977,0.0,0.0,0.0
2022-01-22 15:14:05.002545,0.0,0.0,0.0
2022-01-22 15:14:05.507586,0.0,0.0,0.0
2022-01-22 15:14:06.004306,0.0,0.0,0.0
2022-01-22 15:14:06.508446,0.0,0.0,0.0
2022-01-22 15:14:07.006810,0.0,0.0,0.0
2022-01-22 15:14:07.503872,0.0,0.0,0.0
2022-01-22 15:14:08.003314,0.0,0.0,0.0
2022-01-22 15:14:08.509570,0.0,0.0,0.0
2022-01-22 15:14:09.007537,0.0,0.0,0.0
2022-01-22 15:14:09.502981,0.0,0.0,0.0
2022-01-22 15:14:10.001316,0.0,0.0,0.0
2022-01-22 15:14:10.506833,0.0,0.0,0.0
2022-01-22 15:14:11.001179,0.0,0.0,0.0
2022-01-22 15:14:11.506113,0.0,0.0,0.0
2022-01-22 15:14:12.003533,0.0,0.0,0.0
2022-01-22 15:14:12.510041,0.0,0.0,0.0
2022-01-22 15:14:13.007752,0.0,0.0,0.0
2022-01-22 15:14:13.503445,0.0,0.0,0.0
2022-01-22 15:14:14.009321,0.0,0.0,0.0
2022-01-22 15:14:14.505125,0.0,0.0,0.0
2022-01-22 15:14:15.003055,0.0,0.0,0.0
2022-01-22 15:14:15.509179,0.0,0.0,0.0
2022-01-22 15:14:16.006959,0.0,0.0,0.0
2022-01-22 15:14:16.502634,0.0,0.0,0.0
2022-01-22 15:14:17.011102,0.0,0.0,0.0
2022-01-22 15:14:17.505424,0.0,0.0,0.0
2022-01-22 15:14:18.004202,0.0,0.0,0.0
2022-01-22 15:14:18.509272,0.0,0.0,0.0
2022-01-22 15:14:19.006949,0.0,0.0,0.0
2022-01-22 15:14:19.501963,0.0,0.0,0.0
2022-01-22 15:14:20.010797,0.0,0.0,0.0
2022-01-22 15:14:20.505412,0.0,0.0,0.0
2022-01-22 15:14:21.003905,0.0,0.0,0.0
2022-01-22 15:14:21.501813,0.0,0.0,0.0
2022-01-22 15:14:22.010184,0.0,0.0,0.0
2022-01-22 15:14:22.505238,0.0,0.0,0.0
2022-01-22 15:14:23.001933,0.0,0.0,0.0
2022-01-22 15:14:23.507724,0.0,0.0,0.0
2022-01-22 15:14:24.007274,0.0,0.0,0.0
2022-01-22 15:14:24.501176,0.0,0.0,0.0
2022-01-22 15:14:25.009570,0.0,0.0,0.0
2022-01-22 15:14:25.505823,0.0,0.0,0.0
2022-01-22 15:14:26.003947,0.0,0.0,0.0
2022-01-22 15:14:26.501126,0.0,0.0,0.0
2022-01-22 15:14:27.009016,0.0,0.0,0.0
2022-01-22 15:14:27.503725,0.0,0.0,0.0
2022-01-22 15:14:28.002344,0.0,0.0,0.0
2022-01-22 15:14:28.510110,0.0,0.0,0.0
2022-01-22 15:14:29.007663,0.0,0.0,0.0
2022-01-22 15:14:29.502275,0.0,0.0,0.0
2022-01-22 15:14:30.010921,0.0,0.0,0.0
2022-01-22 15:14:30.508878,0.0,0.0,0.0
2022-01-22 15:14:31.006985,0.0,0.0,0.0
2022-01-22 15:14:31.502552,0.0,0.0,0.0
2022-01-22 15:14:32.009063,0.0,0.0,0.0
2022-01-22 15:14:32.505811,0.0,0.0,0.0
2022-01-22 15:14:33.003297,0.0,0.0,0.0
2022-01-22 15:14:33.509108,0.0,0.0,0.0
2022-01-22 15:14:34.006450,0.0,0.0,0.0
2022-01-22 15:14:34.503611,0.0,0.0,0.0
2022-01-22 15:14:35.002211,0.0,0.0,0.0
2022-01-22 15:14:35.507777,0.0,0.0,0.0
2022-01-22 15:14:36.006428,0.0,0.0,0.0
2022-01-22 15:14:36.501439,0.0,0.0,0.0
2022-01-22 15:14:37.010087,0.0,0.0,0.0
2022-01-22 15:14:37.506147,0.0,0.0,0.0
2022-01-22 15:14:38.003842,0.0,0.0,0.0
2022-01-22 15:14:38.510764,0.0,0.0,0.0
2022-01-22 15:14:39.008717,0.0,0.0,0.0
2022-01-22 15:14:39.504352,0.0,0.0,0.0
2022-01-22 15:14:40.003814,0.0,0.0,0.0
2022-01-22 15:14:40.508948,0.0,0.0,0.0
2022-01-22 15:14:41.008235,0.0,0.0,0.0
2022-01-22 15:14:41.503875,0.0,0.0,0.0
2022-01-22 15:14:42.003257,0.0,0.0,0.0
2022-01-22 15:14:42.510483,0.0,0.0,0.0
2022-01-22 15:14:43.008034,0.0,0.0,0.0
2022-01-22 15:14:43.504670,0.0,0.0,0.0
2022-01-22 15:14:44.002840,0.0,0.0,0.0
2022-01-22 15:14:44.508390,0.0,0.0,0.0
2022-01-22 15:14:45.007592,0.0,0.0,0.0
2022-01-22 15:14:45.502739,0.0,0.0,0.0
2022-01-22 15:14:46.010266,0.0,0.0,0.0
2022-01-22 15:14:46.505416,0.0,0.0,0.0
2022-01-22 15:14:47.003270,0.0,0.0,0.0
2022-01-22 15:14:47.510977,0.0,0.0,0.0
2022-01-22 15:14:48.009445,0.0,0.0,0.0
2022-01-22 15:14:48.504889,0.0,0.0,0.0
2022-01-22 15:14:49.002373,0.0,0.0,0.0
2022-01-22 15:14:49.508506,0.0,0.0,0.0
2022-01-22 15:14:50.007024,0.0,0.0,0.0
2022-01-22 15:14:50.501898,0.0,0.0,0.0
2022-01-22 15:14:51.009513,0.0,0.0,0.0
2022-01-22 15:14:51.505215,0.0,0.0,0.0
2022-01-22 15:14:52.003205,0.0,0.0,0.0
2022-01-22 15:14:52.507382,0.0,0.0,0.0
2022-01-22 15:14:53.004041,0.0,0.0,0.0
2022-01-22 15:14:53.510398,0.0,0.0,0.0
2022-01-22 15:14:54.007589,0.0,0.0,0.0
2022-01-22 15:14:54.501456,0.0,0.0,0.0
2022-01-22 15:14:55.009865,0.0,0.0,0.0
2022-01-22 15:14:55.506462,0.0,0.0,0.0
2022-01-22 15:14:56.003579,0.0,0.0,0.0
2022-01-22 15:14:56.501088,0.0,0.0,0.0
2022-01-22 15:14:57.009164,0.0,0.0,0.0
2022-01-22 15:14:57.504582,0.0,0.0,0.0
2022-01-22 15:14:58.002302,0.0,0.0,0.0
2022-01-22 15:14:58.508959,0.0,0.0,0.0
2022-01-22 15:14:59.007654,0.0,0.0,0.0
2022-01-22 15:14:59.501567,0.0,0.0,0.0
2022-01-22 15:15:00.009604,0.0,0.0,0.0
2022-01-22 15:15:00.506013,0.0,0.0,0.0
2022-01-22 15:15:01.003539,0.0,0.0,0.0
2022-01-22 15:15:01.509171,0.0,0.0,0.0
2022-01-22 15:15:02.007212,0.0,0.0,0.0
2022-01-22 15:15:02.503333,0.0,0.0,0.0
2022-01-22 15:15:03.002652,0.0,0.0,0.0
2022-01-22 15:15:03.508472,0.0,0.0,0.0
2022-01-22 15:15:04.006911,0.0,0.0,0.0
2022-01-22 15:15:04.502950,0.0,0.0,0.0
2022-01-22 15:15:05.002829,0.0,0.0,0.0
2022-01-22 15:15:05.508185,0.0,0.0,0.0
2022-01-22 15:15:06.008399,0.0,0.0,0.0
2022-01-22 15:15:06.503632,0.0,0.0,0.0
2022-01-22 15:15:07.000972,0.0,0.0,0.0
2022-01-22 15:15:07.506258,0.0,0.0,0.0
2022-01-22 15:15:08.004637,0.0,0.0,0.0
2022-01-22 15:15:08.509903,0.0,0.0,0.0
2022-01-22 15:15:09.008288,0.0,0.0,0.0
2022-01-22 15:15:09.504952,0.0,0.0,0.0
2022-01-22 15:15:10.002709,0.0,0.0,0.0
2022-01-22 15:15:10.508198,0.0,0.0,0.0
2022-01-22 15:15:11.006467,0.0,0.0,0.0
2022-01-22 15:15:11.502273,0.0,0.0,0.0
2022-01-22 15:15:12.009877,0.0,0.0,0.0
2022-01-22 15:15:12.504267,0.0,0.0,0.0
2022-01-22 15:15:13.003155,0.0,0.0,0.0
2022-01-22 15:15:13.509098,0.0,0.0,0.0
2022-01-22 15:15:14.008296,0.0,0.0,0.0
2022-01-22 15:15:14.504104,0.0,0.0,0.0
2022-01-22 15:15:15.002271,0.0,0.0,0.0
2022-01-22 15:15:15.507576,0.0,0.0,0.0
2022-01-22 15:15:16.005555,0.0,0.0,0.0
2022-01-22 15:15:16.510860,0.0,0.0,0.0
2022-01-22 15:15:17.010542,0.0,0.0,0.0
2022-01-22 15:15:17.504976,0.0,0.0,0.0
2022-01-22 15:15:18.002677,0.0,0.0,0.0
2022-01-22 15:15:18.510607,0.0,0.0,0.0
2022-01-22 15:15:19.008086,0.0,0.0,0.0
2022-01-22 15:15:19.502981,0.0,0.0,0.0
2022-01-22 15:15:20.000958,0.0,0.0,0.0
2022-01-22 15:15:20.506736,0.0,0.0,0.0
2022-01-22 15:15:21.005483,0.0,0.0,0.0
2022-01-22 15:15:21.502397,0.0,0.0,0.0
2022-01-22 15:15:22.010488,0.0,0.0,0.0
2022-01-22 15:15:22.507269,0.0,0.0,0.0
2022-01-22 15:15:23.006534,0.0,0.0,0.0
2022-01-22 15:15:23.501131,0.0,0.0,0.0
2022-01-22 15:15:24.009249,0.0,0.0,0.0
2022-01-22 15:15:24.506644,0.0,0.0,0.0
2022-01-22 15:15:25.004374,0.0,0.0,0.0
2022-01-22 15:15:25.501303,0.0,0.0,0.0
2022-01-22 15:15:26.008991,0.0,0.0,0.0
2022-01-22 15:15:26.503326,0.0,0.0,0.0
2022-01-22 15:15:27.002134,0.0,0.0,0.0
2022-01-22 15:15:27.510519,0.0,0.0,0.0
2022-01-22 15:15:28.009348,0.0,0.0,0.0
2022-01-22 15:15:28.504302,0.0,0.0,0.0
2022-01-22 15:15:29.001420,0.0,0.0,0.0
2022-01-22 15:15:29.507683,0.0,0.0,0.0
2022-01-22 15:15:30.006561,0.0,0.0,0.0
2022-01-22 15:15:30.504637,0.0,0.0,0.0
2022-01-22 15:15:31.002785,0.0,0.0,0.0
2022-01-22 15:15:31.508007,0.0,0.0,0.0
2022-01-22 15:15:32.008478,0.0,0.0,0.0
2022-01-22 15:15:32.503306,0.0,0.0,0.0
2022-01-22 15:15:33.010830,0.0,0.0,0.0
2022-01-22 15:15:33.506819,0.0,0.0,0.0
2022-01-22 15:15:34.007510,0.0,0.0,0.0
2022-01-22 15:15:34.503516,0.0,0.0,0.0
2022-01-22 15:15:35.002093,0.0,0.0,0.0
2022-01-22 15:15:35.507229,0.0,0.0,0.0
2022-01-22 15:15:36.004527,0.0,0.0,0.0
2022-01-22 15:15:36.510130,0.0,0.0,0.0
2022-01-22 15:15:37.008465,0.0,0.0,0.0
2022-01-22 15:15:37.503555,0.0,0.0,0.0
2022-01-22 15:15:38.001358,0.0,0.0,0.0
2022-01-22 15:15:38.506099,0.0,0.0,0.0
2022-01-22 15:15:39.003920,0.0,0.0,0.0
2022-01-22 15:15:39.509204,0.0,0.0,0.0
2022-01-22 15:15:40.007656,0.0,0.0,0.0
2022-01-22 15:15:40.502399,0.0,0.0,0.0
2022-01-22 15:15:41.010763,0.0,0.0,0.0
2022-01-22 15:15:41.506700,0.0,0.0,0.0
2022-01-22 15:15:42.003979,0.0,0.0,0.0
2022-01-22 15:15:42.509205,0.0,0.0,0.0
2022-01-22 15:15:43.007624,0.0,0.0,0.0
2022-01-22 15:15:43.502289,0.0,0.0,0.0
2022-01-22 15:15:44.010256,0.0,0.0,0.0
2022-01-22 15:15:44.504909,0.0,0.0,0.0
2022-01-22 15:15:45.002879,0.0,0.0,0.0
2022-01-22 15:15:46.004856,0.0,0.0,0.0
2022-01-22 15:15:46.510247,0.0,0.0,0.0
2022-01-22 15:15:47.008541,0.0,0.0,0.0
2022-01-22 15:15:47.503551,0.0,0.0,0.0
2022-01-22 15:15:48.004048,0.0,0.0,0.0
2022-01-22 15:15:48.501442,0.0,0.0,0.0
2022-01-22 15:15:49.010767,0.0,0.0,0.0
2022-01-22 15:15:49.505842,0.0,0.0,0.0
2022-01-22 15:15:50.004498,0.0,0.0,0.0
2022-01-22 15:15:50.501150,0.0,0.0,0.0
2022-01-22 15:15:51.009259,0.0,0.0,0.0
2022-01-22 15:15:51.506008,0.0,0.0,0.0
2022-01-22 15:15:52.004884,0.0,0.0,0.0
2022-01-22 15:15:52.509874,0.0,0.0,0.0
2022-01-22 15:15:53.007445,0.0,0.0,0.0
2022-01-22 15:15:53.502725,0.0,0.0,0.0
2022-01-22 15:15:54.504439,0.0,0.0,0.0
2022-01-22 15:15:55.003471,0.0,0.0,0.0
2022-01-22 15:15:55.501269,0.0,0.0,0.0
2022-01-22 15:15:56.009495,0.0,0.0,0.0
2022-01-22 15:15:56.504255,0.0,0.0,0.0
2022-01-22 15:15:57.002486,0.0,0.0,0.0
2022-01-22 15:15:57.508211,0.0,0.0,0.0
2022-01-22 15:15:58.005548,0.0,0.0,0.0
2022-01-22 15:15:58.510987,0.0,0.0,0.0
2022-01-22 15:15:59.009748,0.0,0.0,0.0
2022-01-22 15:15:59.504699,0.0,0.0,0.0
2022-01-22 15:16:00.003687,0.0,0.0,0.0
2022-01-22 15:16:00.507858,0.0,0.0,0.0
2022-01-22 15:16:01.006446,0.0,0.0,0.0
2022-01-22 15:16:01.502705,0.0,0.0,0.0
2022-01-22 15:16:02.010509,0.0,0.0,0.0
2022-01-22 15:16:02.506331,0.0,0.0,0.0
2022-01-22 15:16:03.004794,0.0,0.0,0.0
2022-01-22 15:16:03.501084,0.0,0.0,0.0
2022-01-22 15:16:04.010315,0.0,0.0,0.0
2022-01-22 15:16:04.506349,0.0,0.0,0.0
2022-01-22 15:16:05.004819,0.0,0.0,0.0
2022-01-22 15:16:05.510254,0.0,0.0,0.0
2022-01-22 15:16:06.009109,0.0,0.0,0.0
2022-01-22 15:16:06.502829,0.0,0.0,0.0
2022-01-22 15:16:07.504726,0.0,0.0,0.0
2022-01-22 15:16:08.003056,0.0,0.0,0.0
2022-01-22 15:16:08.508714,0.0,0.0,0.0
2022-01-22 15:16:09.006773,0.0,0.0,0.0
2022-01-22 15:16:09.503565,0.0,0.0,0.0
2022-01-22 15:16:10.001621,0.0,0.0,0.0
2022-01-22 15:16:10.508176,0.0,0.0,0.0
2022-01-22 15:16:11.001486,0.0,0.0,0.0
2022-01-22 15:16:11.508020,0.0,0.0,0.0
2022-01-22 15:16:12.007062,0.0,0.0,0.0
2022-01-22 15:16:12.503718,0.0,0.0,0.0
2022-01-22 15:16:13.001905,0.0,0.0,0.0
2022-01-22 15:16:13.507556,0.0,0.0,0.0
2022-01-22 15:16:14.006937,0.0,0.0,0.0
2022-01-22 15:16:14.502063,0.0,0.0,0.0
2022-01-22 15:16:15.010193,0.0,0.0,0.0
2022-01-22 15:16:15.505843,0.0,0.0,0.0
2022-01-22 15:16:16.003321,0.0,0.0,0.0
2022-01-22 15:16:16.508620,0.0,0.0,0.0
2022-01-22 15:16:17.004837,0.0,0.0,0.0
2022-01-22 15:16:17.509043,0.0,0.0,0.0
2022-01-22 15:16:18.006632,0.0,0.0,0.0
2022-01-22 15:16:18.501773,0.0,0.0,0.0
2022-01-22 15:16:19.010876,0.0,0.0,0.0
2022-01-22 15:16:19.505110,0.0,0.0,0.0
2022-01-22 15:16:20.003804,0.0,0.0,0.0
2022-01-22 15:16:20.509230,0.0,0.0,0.0
2022-01-22 15:16:21.007238,0.0,0.0,0.0
2022-01-22 15:16:21.502303,0.0,0.0,0.0
2022-01-22 15:16:22.011190,0.0,0.0,0.0
2022-01-22 15:16:22.506695,0.0,0.0,0.0
2022-01-22 15:16:23.005890,0.0,0.0,0.0
2022-01-22 15:16:23.501273,0.0,0.0,0.0
2022-01-22 15:16:24.008358,0.0,0.0,0.0
2022-01-22 15:16:24.503306,0.0,0.0,0.0
2022-01-22 15:16:25.001297,0.0,0.0,0.0
2022-01-22 15:16:25.506713,0.0,0.0,0.0
2022-01-22 15:16:26.004982,0.0,0.0,0.0
2022-01-22 15:16:26.510295,0.0,0.0,0.0
2022-01-22 15:16:27.008180,0.0,0.0,0.0
2022-01-22 15:16:27.505743,0.0,0.0,0.0
2022-01-22 15:16:28.006041,0.0,0.0,0.0
2022-01-22 15:16:28.510680,0.0,0.0,0.0
2022-01-22 15:16:29.008793,0.0,0.0,0.0
2022-01-22 15:16:29.504662,0.0,0.0,0.0
2022-01-22 15:16:30.002444,0.0,0.0,0.0
2022-01-22 15:16:30.508686,0.0,0.0,0.0
2022-01-22 15:16:31.007762,0.0,0.0,0.0
2022-01-22 15:16:31.505151,0.0,0.0,0.0
2022-01-22 15:16:32.003382,0.0,0.0,0.0
2022-01-22 15:16:32.509770,0.0,0.0,0.0
2022-01-22 15:16:33.007402,0.0,0.0,0.0
2022-01-22 15:16:33.502761,0.0,0.0,0.0
2022-01-22 15:16:34.010735,0.0,0.0,0.0
2022-01-22 15:16:34.506298,0.0,0.0,0.0
2022-01-22 15:16:35.003741,0.0,0.0,0.0
2022-01-22 15:16:35.510536,0.0,0.0,0.0
2022-01-22 15:16:36.009771,0.0,0.0,0.0
2022-01-22 15:16:36.505698,0.0,0.0,0.0
2022-01-22 15:16:37.004381,0.0,0.0,0.0
2022-01-22 15:16:37.510121,0.0,0.0,0.0
2022-01-22 15:16:38.008024,0.0,0.0,0.0
2022-01-22 15:16:38.503140,0.0,0.0,0.0
2022-01-22 15:16:39.001430,0.0,0.0,0.0
2022-01-22 15:16:39.508770,0.0,0.0,0.0
2022-01-22 15:16:40.007929,0.0,0.0,0.0
2022-01-22 15:16:40.503160,0.0,0.0,0.0
2022-01-22 15:16:41.001816,0.0,0.0,0.0
2022-01-22 15:16:41.507459,0.0,0.0,0.0
2022-01-22 15:16:42.005024,0.0,0.0,0.0
2022-01-22 15:16:42.510628,0.0,0.0,0.0
2022-01-22 15:16:43.007546,0.0,0.0,0.0
2022-01-22 15:16:43.502774,0.0,0.0,0.0
2022-01-22 15:16:44.009944,0.0,0.0,0.0
2022-01-22 15:16:44.503982,0.0,0.0,0.0
2022-01-22 15:16:45.002767,0.0,0.0,0.0
2022-01-22 15:16:45.511075,0.0,0.0,0.0
2022-01-22 15:16:46.009768,0.0,0.0,0.0
2022-01-22 15:16:46.505452,0.0,0.0,0.0
2022-01-22 15:16:47.004140,0.0,0.0,0.0
2022-01-22 15:16:47.509792,0.0,0.0,0.0
2022-01-22 15:16:48.008064,0.0,0.0,0.0
2022-01-22 15:16:48.504543,0.0,0.0,0.0
2022-01-22 15:16:49.004305,0.0,0.0,0.0
2022-01-22 15:16:49.510233,0.0,0.0,0.0
2022-01-22 15:16:50.009238,0.0,0.0,0.0
2022-01-22 15:16:50.505031,0.0,0.0,0.0
2022-01-22 15:16:51.003302,0.0,0.0,0.0
2022-01-22 15:16:51.508477,0.0,0.0,0.0
2022-01-22 15:16:52.005934,0.0,0.0,0.0
2022-01-22 15:16:52.502687,0.0,0.0,0.0
2022-01-22 15:16:53.001837,0.0,0.0,0.0
2022-01-22 15:16:53.508265,0.0,0.0,0.0
2022-01-22 15:16:54.005939,0.0,0.0,0.0
2022-01-22 15:16:54.503660,0.0,0.0,0.0
2022-01-22 15:16:55.001416,0.0,0.0,0.0
2022-01-22 15:16:55.507418,0.0,0.0,0.0
2022-01-22 15:16:56.005419,0.0,0.0,0.0
2022-01-22 15:16:56.501793,0.0,0.0,0.0
2022-01-22 15:16:57.010784,0.0,0.0,0.0
2022-01-22 15:16:57.507534,0.0,0.0,0.0
2022-01-22 15:16:58.004493,0.0,0.0,0.0
2022-01-22 15:16:58.509322,0.0,0.0,0.0
2022-01-22 15:16:59.008013,0.0,0.0,0.0
2022-01-22 15:16:59.502036,0.0,0.0,0.0
2022-01-22 15:17:00.010417,0.0,0.0,0.0
2022-01-22 15:17:00.503764,0.0,0.0,0.0
2022-01-22 15:17:01.002132,0.0,0.0,0.0
2022-01-22 15:17:01.504960,0.0,0.0,0.0
2022-01-22 15:17:02.003349,0.0,0.0,0.0
2022-01-22 15:17:02.508705,0.0,0.0,0.0
2022-01-22 15:17:03.007625,0.0,0.0,0.0
2022-01-22 15:17:03.503363,0.0,0.0,0.0
2022-01-22 15:17:04.001309,0.0,0.0,0.0
2022-01-22 15:17:04.506701,0.0,0.0,0.0
2022-01-22 15:17:05.003607,0.0,0.0,0.0
2022-01-22 15:17:05.508454,0.0,0.0,0.0
2022-01-22 15:17:06.006239,0.0,0.0,0.0
2022-01-22 15:17:06.502256,0.0,0.0,0.0
2022-01-22 15:17:07.009892,0.0,0.0,0.0
2022-01-22 15:17:07.506769,0.0,0.0,0.0
2022-01-22 15:17:08.001361,0.0,0.0,0.0
2022-01-22 15:17:08.508213,0.0,0.0,0.0
2022-01-22 15:17:09.001547,0.0,0.0,0.0
2022-01-22 15:17:09.509336,0.0,0.0,0.0
2022-01-22 15:17:10.007853,0.0,0.0,0.0
2022-01-22 15:17:10.502918,0.0,0.0,0.0
2022-01-22 15:17:11.006801,0.0,0.0,0.0
2022-01-22 15:17:11.505280,0.0,0.0,0.0
2022-01-22 15:17:12.003561,0.0,0.0,0.0
2022-01-22 15:17:12.510864,0.0,0.0,0.0
2022-01-22 15:17:13.010051,0.0,0.0,0.0
2022-01-22 15:17:13.505514,0.0,0.0,0.0
2022-01-22 15:17:14.003876,0.0,0.0,0.0
2022-01-22 15:17:14.509796,0.0,0.0,0.0
2022-01-22 15:17:15.007812,0.0,0.0,0.0
2022-01-22 15:17:15.503363,0.0,0.0,0.0
2022-01-22 15:17:16.003331,0.0,0.0,0.0
2022-01-22 15:17:16.508580,0.0,0.0,0.0
2022-01-22 15:17:17.006786,0.0,0.0,0.0
2022-01-22 15:17:17.502585,0.0,0.0,0.0
2022-01-22 15:17:18.010680,0.0,0.0,0.0
2022-01-22 15:17:18.505740,0.0,0.0,0.0
2022-01-22 15:17:19.003289,0.0,0.0,0.0
2022-01-22 15:17:19.507808,0.0,0.0,0.0
2022-01-22 15:17:20.004905,0.0,0.0,0.0
2022-01-22 15:17:20.510669,0.0,0.0,0.0
2022-01-22 15:17:21.009395,0.0,0.0,0.0
2022-01-22 15:17:21.506516,0.0,0.0,0.0
2022-01-22 15:17:22.004061,0.0,0.0,0.0
2022-01-22 15:17:22.511161,0.0,0.0,0.0
2022-01-22 15:17:23.002421,0.0,0.0,0.0
2022-01-22 15:17:23.507565,0.0,0.0,0.0
2022-01-22 15:17:24.006479,0.0,0.0,0.0
2022-01-22 15:17:24.502737,0.0,0.0,0.0
2022-01-22 15:17:25.001614,0.0,0.0,0.0
2022-01-22 15:17:25.507406,0.0,0.0,0.0
2022-01-22 15:17:26.004836,0.0,0.0,0.0
2022-01-22 15:17:26.501009,0.0,0.0,0.0
2022-01-22 15:17:27.009049,0.0,0.0,0.0
2022-01-22 15:17:27.503891,0.0,0.0,0.0
2022-01-22 15:17:28.005472,0.0,0.0,0.0
2022-01-22 15:17:28.501196,0.0,0.0,0.0
2022-01-22 15:17:29.009341,0.0,0.0,0.0
2022-01-22 15:17:29.506741,0.0,0.0,0.0
2022-01-22 15:17:30.004539,0.0,0.0,0.0
2022-01-22 15:17:30.510134,0.0,0.0,0.0
2022-01-22 15:17:31.008700,0.0,0.0,0.0
2022-01-22 15:17:31.504524,0.0,0.0,0.0
2022-01-22 15:17:32.002262,0.0,0.0,0.0
2022-01-22 15:17:32.508009,0.0,0.0,0.0
2022-01-22 15:17:33.006197,0.0,0.0,0.0
2022-01-22 15:17:33.501491,0.0,0.0,0.0
2022-01-22 15:17:34.001400,0.0,0.0,0.0
2022-01-22 15:17:34.507495,0.0,0.0,0.0
2022-01-22 15:17:35.007006,0.0,0.0,0.0
2022-01-22 15:17:35.502882,0.0,0.0,0.0
2022-01-22 15:17:36.002107,0.0,0.0,0.0
2022-01-22 15:17:36.507107,0.0,0.0,0.0
2022-01-22 15:17:37.004752,0.0,0.0,0.0
2022-01-22 15:17:37.501871,0.0,0.0,0.0
2022-01-22 15:17:38.011173,0.0,0.0,0.0
2022-01-22 15:17:38.508040,0.0,0.0,0.0
2022-01-22 15:17:39.004842,0.0,0.0,0.0
2022-01-22 15:17:39.510064,0.0,0.0,0.0
2022-01-22 15:17:40.007576,0.0,0.0,0.0
2022-01-22 15:17:40.502000,0.0,0.0,0.0
2022-01-22 15:17:41.010900,0.0,0.0,0.0
2022-01-22 15:17:41.505714,0.0,0.0,0.0
2022-01-22 15:17:42.003196,0.0,0.0,0.0
2022-01-22 15:17:42.509717,0.0,0.0,0.0
2022-01-22 15:17:43.008907,0.0,0.0,0.0
2022-01-22 15:17:43.505002,0.0,0.0,0.0
2022-01-22 15:17:44.003273,0.0,0.0,0.0
2022-01-22 15:17:44.509179,0.0,0.0,0.0
2022-01-22 15:17:45.007869,0.0,0.0,0.0
2022-01-22 15:17:45.502876,0.0,0.0,0.0
2022-01-22 15:17:46.010841,0.0,0.0,0.0
2022-01-22 15:17:46.507126,0.0,0.0,0.0
2022-01-22 15:17:47.006252,0.0,0.0,0.0
2022-01-22 15:17:47.503443,0.0,0.0,0.0
2022-01-22 15:17:48.011077,0.0,0.0,0.0
2022-01-22 15:17:48.510104,0.0,0.0,0.0
2022-01-22 15:17:49.008505,0.0,0.0,0.0
2022-01-22 15:17:49.503435,0.0,0.0,0.0
2022-01-22 15:17:50.010904,0.0,0.0,0.0
2022-01-22 15:17:50.505558,0.0,0.0,0.0
2022-01-22 15:17:51.005891,0.0,0.0,0.0
2022-01-22 15:17:51.502491,0.0,0.0,0.0
2022-01-22 15:17:52.504418,0.0,0.0,0.0
2022-01-22 15:17:53.003694,0.0,0.0,0.0
2022-01-22 15:17:53.502364,0.0,0.0,0.0
2022-01-22 15:17:54.009837,0.0,0.0,0.0
2022-01-22 15:17:54.506586,0.0,0.0,0.0
2022-01-22 15:17:55.004237,0.0,0.0,0.0
2022-01-22 15:17:55.510764,0.0,0.0,0.0
2022-01-22 15:17:56.009069,0.0,0.0,0.0
2022-01-22 15:17:56.506804,0.0,0.0,0.0
2022-01-22 15:17:57.006716,0.0,0.0,0.0
2022-01-22 15:17:57.502374,0.0,0.0,0.0
2022-01-22 15:17:58.001152,0.0,0.0,0.0
2022-01-22 15:17:58.506722,0.0,0.0,0.0
2022-01-22 15:17:59.004030,0.0,0.0,0.0
2022-01-22 15:17:59.509373,0.0,0.0,0.0
2022-01-22 15:18:00.007505,0.0,0.0,0.0
2022-01-22 15:18:00.501452,0.0,0.0,0.0
2022-01-22 15:18:01.010776,0.0,0.0,0.0
2022-01-22 15:18:01.506775,0.0,0.0,0.0
2022-01-22 15:18:02.004483,0.0,0.0,0.0
2022-01-22 15:18:02.509466,0.0,0.0,0.0
2022-01-22 15:18:03.007305,0.0,0.0,0.0
2022-01-22 15:18:03.503265,0.0,0.0,0.0
2022-01-22 15:18:04.002563,0.0,0.0,0.0
2022-01-22 15:18:04.507491,0.0,0.0,0.0
2022-01-22 15:18:05.004903,0.0,0.0,0.0
2022-01-22 15:18:05.510905,0.0,0.0,0.0
2022-01-22 15:18:06.009208,0.0,0.0,0.0
2022-01-22 15:18:06.505301,0.0,0.0,0.0
2022-01-22 15:18:07.003724,0.0,0.0,0.0
2022-01-22 15:18:07.507830,0.0,0.0,0.0
2022-01-22 15:18:08.006182,0.0,0.0,0.0
2022-01-22 15:18:08.510860,0.0,0.0,0.0
2022-01-22 15:18:09.010352,0.0,0.0,0.0
2022-01-22 15:18:09.506143,0.0,0.0,0.0
2022-01-22 15:18:10.006545,0.0,0.0,0.0
2022-01-22 15:18:10.510329,0.0,0.0,0.0
2022-01-22 15:18:11.007774,0.0,0.0,0.0
2022-01-22 15:18:11.505038,0.0,0.0,0.0
2022-01-22 15:18:12.002627,0.0,0.0,0.0
2022-01-22 15:18:12.508805,0.0,0.0,0.0
2022-01-22 15:18:13.006748,0.0,0.0,0.0
2022-01-22 15:18:13.503644,0.0,0.0,0.0
2022-01-22 15:18:14.001158,0.0,0.0,0.0
2022-01-22 15:18:14.507270,0.0,0.0,0.0
2022-01-22 15:18:15.007850,0.0,0.0,0.0
2022-01-22 15:18:15.503526,0.0,0.0,0.0
2022-01-22 15:18:16.001303,0.0,0.0,0.0
2022-01-22 15:18:16.507862,0.0,0.0,0.0
2022-01-22 15:18:17.006160,0.0,0.0,0.0
2022-01-22 15:18:17.501123,0.0,0.0,0.0
2022-01-22 15:18:18.008533,0.0,0.0,0.0
2022-01-22 15:18:18.503594,0.0,0.0,0.0
2022-01-22 15:18:19.003300,0.0,0.0,0.0
2022-01-22 15:18:19.508809,0.0,0.0,0.0
2022-01-22 15:18:20.006057,0.0,0.0,0.0
2022-01-22 15:18:20.510407,0.0,0.0,0.0
2022-01-22 15:18:21.007356,0.0,0.0,0.0
2022-01-22 15:18:21.502314,0.0,0.0,0.0
2022-01-22 15:18:22.010859,0.0,0.0,0.0
2022-01-22 15:18:22.506160,0.0,0.0,0.0
2022-01-22 15:18:23.003746,0.0,0.0,0.0
2022-01-22 15:18:23.501233,0.0,0.0,0.0
2022-01-22 15:18:24.009328,0.0,0.0,0.0
2022-01-22 15:18:24.504036,0.0,0.0,0.0
2022-01-22 15:18:25.001704,0.0,0.0,0.0
2022-01-22 15:18:25.505558,0.0,0.0,0.0
2022-01-22 15:18:26.004006,0.0,0.0,0.0
2022-01-22 15:18:26.510799,0.0,0.0,0.0
2022-01-22 15:18:27.009568,0.0,0.0,0.0
2022-01-22 15:18:27.505659,0.0,0.0,0.0
2022-01-22 15:18:28.004822,0.0,0.0,0.0
2022-01-22 15:18:28.509483,0.0,0.0,0.0
2022-01-22 15:18:29.007522,0.0,0.0,0.0
2022-01-22 15:18:29.502617,0.0,0.0,0.0
2022-01-22 15:18:30.011126,0.0,0.0,0.0
2022-01-22 15:18:30.505962,0.0,0.0,0.0
2022-01-22 15:18:31.005185,0.0,0.0,0.0
2022-01-22 15:18:31.501406,0.0,0.0,0.0
2022-01-22 15:18:32.009770,0.0,0.0,0.0
2022-01-22 15:18:32.506238,0.0,0.0,0.0
2022-01-22 15:18:33.004193,0.0,0.0,0.0
2022-01-22 15:18:33.509099,0.0,0.0,0.0
2022-01-22 15:18:34.006609,0.0,0.0,0.0
2022-01-22 15:18:34.501694,0.0,0.0,0.0
2022-01-22 15:18:35.009452,0.0,0.0,0.0
2022-01-22 15:18:35.506097,0.0,0.0,0.0
2022-01-22 15:18:36.006022,0.0,0.0,0.0
2022-01-22 15:18:36.503241,0.0,0.0,0.0
2022-01-22 15:18:37.011040,0.0,0.0,0.0
2022-01-22 15:18:37.508055,0.0,0.0,0.0
2022-01-22 15:18:38.007977,0.0,0.0,0.0
2022-01-22 15:18:38.503320,0.0,0.0,0.0
2022-01-22 15:18:39.000988,0.0,0.0,0.0
2022-01-22 15:18:39.506213,0.0,0.0,0.0
2022-01-22 15:18:40.003234,0.0,0.0,0.0
2022-01-22 15:18:40.508249,0.0,0.0,0.0
2022-01-22 15:18:41.006378,0.0,0.0,0.0
2022-01-22 15:18:41.503554,0.0,0.0,0.0
2022-01-22 15:18:42.002081,0.0,0.0,0.0
2022-01-22 15:18:42.506798,0.0,0.0,0.0
2022-01-22 15:18:43.004554,0.0,0.0,0.0
2022-01-22 15:18:43.510220,0.0,0.0,0.0
2022-01-22 15:18:44.011195,0.0,0.0,0.0
2022-01-22 15:18:44.507044,0.0,0.0,0.0
2022-01-22 15:18:45.006691,0.0,0.0,0.0
2022-01-22 15:18:45.502273,0.0,0.0,0.0
2022-01-22 15:18:46.002388,0.0,0.0,0.0
2022-01-22 15:18:46.508243,0.0,0.0,0.0
2022-01-22 15:18:47.007734,0.0,0.0,0.0
2022-01-22 15:18:47.504148,0.0,0.0,0.0
2022-01-22 15:18:48.002925,0.0,0.0,0.0
2022-01-22 15:18:48.508450,0.0,0.0,0.0
2022-01-22 15:18:49.006154,0.0,0.0,0.0
2022-01-22 15:18:49.511173,0.0,0.0,0.0
2022-01-22 15:18:50.010528,0.0,0.0,0.0
2022-01-22 15:18:50.509530,0.0,0.0,0.0
2022-01-22 15:18:51.007728,0.0,0.0,0.0
2022-01-22 15:18:51.503900,0.0,0.0,0.0
2022-01-22 15:18:52.001959,0.0,0.0,0.0
2022-01-22 15:18:52.507637,0.0,0.0,0.0
2022-01-22 15:18:53.006984,0.0,0.0,0.0
2022-01-22 15:18:53.500972,0.0,0.0,0.0
2022-01-22 15:18:54.009748,0.0,0.0,0.0
2022-01-22 15:18:54.505854,0.0,0.0,0.0
2022-01-22 15:18:55.006116,0.0,0.0,0.0
2022-01-22 15:18:55.502780,0.0,0.0,0.0
2022-01-22 15:18:56.001298,0.0,0.0,0.0
2022-01-22 15:18:56.507633,0.0,0.0,0.0
2022-01-22 15:18:57.004911,0.0,0.0,0.0
2022-01-22 15:18:57.509128,0.0,0.0,0.0
2022-01-22 15:18:58.007020,0.0,0.0,0.0
2022-01-22 15:18:58.502934,0.0,0.0,0.0
2022-01-22 15:18:59.010582,0.0,0.0,0.0
2022-01-22 15:18:59.505166,0.0,0.0,0.0
2022-01-22 15:19:00.003571,0.0,0.0,0.0
2022-01-22 15:19:00.508402,0.0,0.0,0.0
2022-01-22 15:19:01.006675,0.0,0.0,0.0
2022-01-22 15:19:01.501836,0.0,0.0,0.0
2022-01-22 15:19:02.002537,0.0,0.0,0.0
2022-01-22 15:19:02.508066,0.0,0.0,0.0
2022-01-22 15:19:03.006937,0.0,0.0,0.0
2022-01-22 15:19:03.505320,0.0,0.0,0.0
2022-01-22 15:19:04.003879,0.0,0.0,0.0
2022-01-22 15:19:04.508963,0.0,0.0,0.0
2022-01-22 15:19:05.007950,0.0,0.0,0.0
2022-01-22 15:19:05.502698,0.0,0.0,0.0
2022-01-22 15:19:06.001214,0.0,0.0,0.0
2022-01-22 15:19:06.506648,0.0,0.0,0.0
2022-01-22 15:19:07.004003,0.0,0.0,0.0
2022-01-22 15:19:07.501195,0.0,0.0,0.0
2022-01-22 15:19:08.008816,0.0,0.0,0.0
2022-01-22 15:19:08.503356,0.0,0.0,0.0
2022-01-22 15:19:09.001078,0.0,0.0,0.0
2022-01-22 15:19:09.504290,0.0,0.0,0.0
2022-01-22 15:19:10.003389,0.0,0.0,0.0
2022-01-22 15:19:10.508374,0.0,0.0,0.0
2022-01-22 15:19:11.002977,0.0,0.0,0.0
2022-01-22 15:19:11.508484,0.0,0.0,0.0
2022-01-22 15:19:12.009192,0.0,0.0,0.0
2022-01-22 15:19:12.505772,0.0,0.0,0.0
2022-01-22 15:19:13.005102,0.0,0.0,0.0
2022-01-22 15:19:14.005095,0.0,0.0,0.0
2022-01-22 15:19:14.510736,0.0,0.0,0.0
2022-01-22 15:19:15.009865,0.0,0.0,0.0
2022-01-22 15:19:15.505976,0.0,0.0,0.0
2022-01-22 15:19:16.004512,0.0,0.0,0.0
2022-01-22 15:19:16.509957,0.0,0.0,0.0
2022-01-22 15:19:17.009086,0.0,0.0,0.0
2022-01-22 15:19:17.502793,0.0,0.0,0.0
2022-01-22 15:19:18.010515,0.0,0.0,0.0
2022-01-22 15:19:18.504526,0.0,0.0,0.0
2022-01-22 15:19:19.002484,0.0,0.0,0.0
2022-01-22 15:19:19.508836,0.0,0.0,0.0
2022-01-22 15:19:20.006934,0.0,0.0,0.0
2022-01-22 15:19:20.501944,0.0,0.0,0.0
2022-01-22 15:19:21.010700,0.0,0.0,0.0
2022-01-22 15:19:21.510274,0.0,0.0,0.0
2022-01-22 15:19:22.008893,0.0,0.0,0.0
2022-01-22 15:19:22.503773,0.0,0.0,0.0
2022-01-22 15:19:23.004447,0.0,0.0,0.0
2022-01-22 15:19:23.510135,0.0,0.0,0.0
2022-01-22 15:19:24.009016,0.0,0.0,0.0
2022-01-22 15:19:24.504047,0.0,0.0,0.0
2022-01-22 15:19:25.002733,0.0,0.0,0.0
2022-01-22 15:19:25.507963,0.0,0.0,0.0
2022-01-22 15:19:26.007511,0.0,0.0,0.0
2022-01-22 15:19:26.502783,0.0,0.0,0.0
2022-01-22 15:19:27.010288,0.0,0.0,0.0
2022-01-22 15:19:27.505528,0.0,0.0,0.0
2022-01-22 15:19:28.003594,0.0,0.0,0.0
2022-01-22 15:19:28.509773,0.0,0.0,0.0
2022-01-22 15:19:29.008533,0.0,0.0,0.0
2022-01-22 15:19:29.503684,0.0,0.0,0.0
2022-01-22 15:19:30.010717,0.0,0.0,0.0
2022-01-22 15:19:30.507211,0.0,0.0,0.0
2022-01-22 15:19:31.005053,0.0,0.0,0.0
2022-01-22 15:19:31.501621,0.0,0.0,0.0
2022-01-22 15:19:32.001438,0.0,0.0,0.0
2022-01-22 15:19:32.507665,0.0,0.0,0.0
2022-01-22 15:19:33.006020,0.0,0.0,0.0
2022-01-22 15:19:33.502308,0.0,0.0,0.0
2022-01-22 15:19:34.009843,0.0,0.0,0.0
2022-01-22 15:19:34.507175,0.0,0.0,0.0
2022-01-22 15:19:35.005936,0.0,0.0,0.0
2022-01-22 15:19:35.501876,0.0,0.0,0.0
2022-01-22 15:19:36.009836,0.0,0.0,0.0
2022-01-22 15:19:36.506347,0.0,0.0,0.0
2022-01-22 15:19:37.005025,0.0,0.0,0.0
2022-01-22 15:19:37.509199,0.0,0.0,0.0
2022-01-22 15:19:38.007280,0.0,0.0,0.0
2022-01-22 15:19:38.502840,0.0,0.0,0.0
2022-01-22 15:19:39.010902,0.0,0.0,0.0
2022-01-22 15:19:39.507450,0.0,0.0,0.0
2022-01-22 15:19:40.006740,0.0,0.0,0.0
2022-01-22 15:19:40.501679,0.0,0.0,0.0
2022-01-22 15:19:41.010160,0.0,0.0,0.0
2022-01-22 15:19:41.505191,0.0,0.0,0.0
2022-01-22 15:19:42.002453,0.0,0.0,0.0
2022-01-22 15:19:42.508953,0.0,0.0,0.0
2022-01-22 15:19:43.006208,0.0,0.0,0.0
2022-01-22 15:19:43.502326,0.0,0.0,0.0
2022-01-22 15:19:44.010699,0.0,0.0,0.0
2022-01-22 15:19:44.506798,0.0,0.0,0.0
2022-01-22 15:19:45.003465,0.0,0.0,0.0
2022-01-22 15:19:45.508010,0.0,0.0,0.0
2022-01-22 15:19:46.005683,0.0,0.0,0.0
2022-01-22 15:19:46.511009,0.0,0.0,0.0
2022-01-22 15:19:47.010653,0.0,0.0,0.0
2022-01-22 15:19:47.506768,0.0,0.0,0.0
2022-01-22 15:19:48.006438,0.0,0.0,0.0
2022-01-22 15:19:48.502562,0.0,0.0,0.0
2022-01-22 15:19:49.010724,0.0,0.0,0.0
2022-01-22 15:19:49.507373,0.0,0.0,0.0
2022-01-22 15:19:50.006354,0.0,0.0,0.0
2022-01-22 15:19:50.502159,0.0,0.0,0.0
2022-01-22 15:19:51.011254,0.0,0.0,0.0
2022-01-22 15:19:51.505854,0.0,0.0,0.0
2022-01-22 15:19:52.003440,0.0,0.0,0.0
2022-01-22 15:19:52.510456,0.0,0.0,0.0
2022-01-22 15:19:53.008907,0.0,0.0,0.0
2022-01-22 15:19:53.503497,0.0,0.0,0.0
2022-01-22 15:19:54.010734,0.0,0.0,0.0
2022-01-22 15:19:54.506359,0.0,0.0,0.0
2022-01-22 15:19:55.004146,0.0,0.0,0.0
2022-01-22 15:19:55.509730,0.0,0.0,0.0
2022-01-22 15:19:56.007212,0.0,0.0,0.0
2022-01-22 15:19:56.501055,0.0,0.0,0.0
2022-01-22 15:19:57.009219,0.0,0.0,0.0
2022-01-22 15:19:57.504885,0.0,0.0,0.0
2022-01-22 15:19:58.002534,0.0,0.0,0.0
2022-01-22 15:19:58.507006,0.0,0.0,0.0
2022-01-22 15:19:59.004437,0.0,0.0,0.0
2022-01-22 15:19:59.501192,0.0,0.0,0.0
2022-01-22 15:20:00.009425,0.0,0.0,0.0
2022-01-22 15:20:00.506361,0.0,0.0,0.0
2022-01-22 15:20:01.004493,0.0,0.0,0.0
2022-01-22 15:20:01.510600,0.0,0.0,0.0
2022-01-22 15:20:02.008148,0.0,0.0,0.0
2022-01-22 15:20:02.503303,0.0,0.0,0.0
2022-01-22 15:20:03.001670,0.0,0.0,0.0
2022-01-22 15:20:03.507502,0.0,0.0,0.0
2022-01-22 15:20:04.005042,0.0,0.0,0.0
2022-01-22 15:20:04.510178,0.0,0.0,0.0
2022-01-22 15:20:05.008992,0.0,0.0,0.0
2022-01-22 15:20:05.507471,0.0,0.0,0.0
2022-01-22 15:20:06.005086,0.0,0.0,0.0
2022-01-22 15:20:06.510560,0.0,0.0,0.0
2022-01-22 15:20:07.009093,0.0,0.0,0.0
2022-01-22 15:20:07.504697,0.0,0.0,0.0
2022-01-22 15:20:08.004430,0.0,0.0,0.0
2022-01-22 15:20:08.501305,0.0,0.0,0.0
2022-01-22 15:20:09.010688,0.0,0.0,0.0
2022-01-22 15:20:09.507328,0.0,0.0,0.0
2022-01-22 15:20:10.007104,0.0,0.0,0.0
2022-01-22 15:20:10.501225,0.0,0.0,0.0
2022-01-22 15:20:11.005688,0.0,0.0,0.0
2022-01-22 15:20:11.502168,0.0,0.0,0.0
2022-01-22 15:20:12.011153,0.0,0.0,0.0
2022-01-22 15:20:12.506750,0.0,0.0,0.0
2022-01-22 15:20:13.003912,0.0,0.0,0.0
2022-01-22 15:20:13.509857,0.0,0.0,0.0
2022-01-22 15:20:14.008500,0.0,0.0,0.0
2022-01-22 15:20:14.505851,0.0,0.0,0.0
2022-01-22 15:20:15.004015,0.0,0.0,0.0
2022-01-22 15:20:15.509017,0.0,0.0,0.0
2022-01-22 15:20:16.006692,0.0,0.0,0.0
2022-01-22 15:20:16.503021,0.0,0.0,0.0
2022-01-22 15:20:17.003025,0.0,0.0,0.0
2022-01-22 15:20:17.508489,0.0,0.0,0.0
2022-01-22 15:20:18.007519,0.0,0.0,0.0
2022-01-22 15:20:18.502025,0.0,0.0,0.0
2022-01-22 15:20:19.003047,0.0,0.0,0.0
2022-01-22 15:20:19.509091,0.0,0.0,0.0
2022-01-22 15:20:20.007295,0.0,0.0,0.0
2022-01-22 15:20:20.502738,0.0,0.0,0.0
2022-01-22 15:20:21.010669,0.0,0.0,0.0
2022-01-22 15:20:21.505275,0.0,0.0,0.0
2022-01-22 15:20:22.002742,0.0,0.0,0.0
2022-01-22 15:20:22.506737,0.0,0.0,0.0
2022-01-22 15:20:23.004506,0.0,0.0,0.0
2022-01-22 15:20:23.510149,0.0,0.0,0.0
2022-01-22 15:20:24.007841,0.0,0.0,0.0
2022-01-22 15:20:24.502942,0.0,0.0,0.0
2022-01-22 15:20:25.001385,0.0,0.0,0.0
2022-01-22 15:20:25.507921,0.0,0.0,0.0
2022-01-22 15:20:26.005503,0.0,0.0,0.0
2022-01-22 15:20:26.511021,0.0,0.0,0.0
2022-01-22 15:20:27.008921,0.0,0.0,0.0
2022-01-22 15:20:27.506291,0.0,0.0,0.0
2022-01-22 15:20:28.005017,0.0,0.0,0.0
2022-01-22 15:20:28.510709,0.0,0.0,0.0
2022-01-22 15:20:29.007707,0.0,0.0,0.0
2022-01-22 15:20:29.502886,0.0,0.0,0.0
2022-01-22 15:20:30.001162,0.0,0.0,0.0
2022-01-22 15:20:30.504185,0.0,0.0,0.0
2022-01-22 15:20:31.002697,0.0,0.0,0.0
2022-01-22 15:20:31.508945,0.0,0.0,0.0
2022-01-22 15:20:32.009224,0.0,0.0,0.0
2022-01-22 15:20:32.503821,0.0,0.0,0.0
2022-01-22 15:20:33.003433,0.0,0.0,0.0
2022-01-22 15:20:33.509143,0.0,0.0,0.0
2022-01-22 15:20:34.006432,0.0,0.0,0.0
2022-01-22 15:20:34.510220,0.0,0.0,0.0
2022-01-22 15:20:35.008364,0.0,0.0,0.0
2022-01-22 15:20:35.502918,0.0,0.0,0.0
2022-01-22 15:20:36.010854,0.0,0.0,0.0
2022-01-22 15:20:36.507650,0.0,0.0,0.0
2022-01-22 15:20:37.007028,0.0,0.0,0.0
2022-01-22 15:20:37.502161,0.0,0.0,0.0
2022-01-22 15:20:38.010830,0.0,0.0,0.0
2022-01-22 15:20:38.506018,0.0,0.0,0.0
2022-01-22 15:20:39.003811,0.0,0.0,0.0
2022-01-22 15:20:39.509713,0.0,0.0,0.0
2022-01-22 15:20:40.007511,0.0,0.0,0.0
2022-01-22 15:20:40.503077,0.0,0.0,0.0
2022-01-22 15:20:41.001619,0.0,0.0,0.0
2022-01-22 15:20:41.509359,0.0,0.0,0.0
2022-01-22 15:20:42.007238,0.0,0.0,0.0
2022-01-22 15:20:42.503114,0.0,0.0,0.0
2022-01-22 15:20:43.002302,0.0,0.0,0.0
2022-01-22 15:20:43.507849,0.0,0.0,0.0
2022-01-22 15:20:44.006304,0.0,0.0,0.0
2022-01-22 15:20:44.510966,0.0,0.0,0.0
2022-01-22 15:20:45.004092,0.0,0.0,0.0
2022-01-22 15:20:45.501702,0.0,0.0,0.0
2022-01-22 15:20:46.009695,0.0,0.0,0.0
2022-01-22 15:20:46.504356,0.0,0.0,0.0
2022-01-22 15:20:47.002620,0.0,0.0,0.0
2022-01-22 15:20:47.506872,0.0,0.0,0.0
2022-01-22 15:20:48.005644,0.0,0.0,0.0
2022-01-22 15:20:48.501846,0.0,0.0,0.0
2022-01-22 15:20:49.010458,0.0,0.0,0.0
2022-01-22 15:20:49.505456,0.0,0.0,0.0
2022-01-22 15:20:50.005072,0.0,0.0,0.0
2022-01-22 15:20:50.501461,0.0,0.0,0.0
2022-01-22 15:20:51.010237,0.0,0.0,0.0
2022-01-22 15:20:51.505812,0.0,0.0,0.0
2022-01-22 15:20:52.003431,0.0,0.0,0.0
2022-01-22 15:20:52.509324,0.0,0.0,0.0
2022-01-22 15:20:53.007415,0.0,0.0,0.0
2022-01-22 15:20:53.502901,0.0,0.0,0.0
2022-01-22 15:20:54.002331,0.0,0.0,0.0
2022-01-22 15:20:54.507746,0.0,0.0,0.0
2022-01-22 15:20:55.007338,0.0,0.0,0.0
2022-01-22 15:20:55.502542,0.0,0.0,0.0
2022-01-22 15:20:56.010466,0.0,0.0,0.0
2022-01-22 15:20:56.505098,0.0,0.0,0.0
2022-01-22 15:20:57.003742,0.0,0.0,0.0
2022-01-22 15:20:57.510266,0.0,0.0,0.0
2022-01-22 15:20:58.007721,0.0,0.0,0.0
2022-01-22 15:20:58.502972,0.0,0.0,0.0
2022-01-22 15:20:59.001078,0.0,0.0,0.0
2022-01-22 15:20:59.507419,0.0,0.0,0.0
2022-01-22 15:21:00.004873,0.0,0.0,0.0
2022-01-22 15:21:00.509690,0.0,0.0,0.0
2022-01-22 15:21:01.008030,0.0,0.0,0.0
2022-01-22 15:21:01.505266,0.0,0.0,0.0
2022-01-22 15:21:02.003273,0.0,0.0,0.0
2022-01-22 15:21:02.509095,0.0,0.0,0.0
2022-01-22 15:21:03.008379,0.0,0.0,0.0
2022-01-22 15:21:03.502988,0.0,0.0,0.0
2022-01-22 15:21:04.010666,0.0,0.0,0.0
2022-01-22 15:21:04.505747,0.0,0.0,0.0
2022-01-22 15:21:05.003983,0.0,0.0,0.0
2022-01-22 15:21:05.510744,0.0,0.0,0.0
2022-01-22 15:21:06.009237,0.0,0.0,0.0
2022-01-22 15:21:06.503853,0.0,0.0,0.0
2022-01-22 15:21:07.002366,0.0,0.0,0.0
2022-01-22 15:21:07.510844,0.0,0.0,0.0
2022-01-22 15:21:08.007715,0.0,0.0,0.0
2022-01-22 15:21:08.503655,0.0,0.0,0.0
2022-01-22 15:21:09.002242,0.0,0.0,0.0
2022-01-22 15:21:09.509933,0.0,0.0,0.0
2022-01-22 15:21:10.008442,0.0,0.0,0.0
2022-01-22 15:21:10.503490,0.0,0.0,0.0
2022-01-22 15:21:11.008141,0.0,0.0,0.0
2022-01-22 15:21:11.503891,0.0,0.0,0.0
2022-01-22 15:21:12.003337,0.0,0.0,0.0
2022-01-22 15:21:12.508727,0.0,0.0,0.0
2022-01-22 15:21:13.006034,0.0,0.0,0.0
2022-01-22 15:21:13.501080,0.0,0.0,0.0
2022-01-22 15:21:14.009820,0.0,0.0,0.0
2022-01-22 15:21:14.504196,0.0,0.0,0.0
2022-01-22 15:21:15.003855,0.0,0.0,0.0
2022-01-22 15:21:15.510028,0.0,0.0,0.0
2022-01-22 15:21:16.007446,0.0,0.0,0.0
2022-01-22 15:21:16.503648,0.0,0.0,0.0
2022-01-22 15:21:17.000934,0.0,0.0,0.0
2022-01-22 15:21:17.503853,0.0,0.0,0.0
2022-01-22 15:21:18.001815,0.0,0.0,0.0
2022-01-22 15:21:18.506768,0.0,0.0,0.0
2022-01-22 15:21:19.005422,0.0,0.0,0.0
2022-01-22 15:21:19.511036,0.0,0.0,0.0
2022-01-22 15:21:20.009895,0.0,0.0,0.0
2022-01-22 15:21:20.505927,0.0,0.0,0.0
2022-01-22 15:21:21.003207,0.0,0.0,0.0
2022-01-22 15:21:21.510874,0.0,0.0,0.0
2022-01-22 15:21:22.007791,0.0,0.0,0.0
2022-01-22 15:21:22.502800,0.0,0.0,0.0
2022-01-22 15:21:23.011286,0.0,0.0,0.0
2022-01-22 15:21:23.505845,0.0,0.0,0.0
2022-01-22 15:21:24.004113,0.0,0.0,0.0
2022-01-22 15:21:24.510580,0.0,0.0,0.0
2022-01-22 15:21:25.008069,0.0,0.0,0.0
2022-01-22 15:21:25.504771,0.0,0.0,0.0
2022-01-22 15:21:26.003683,0.0,0.0,0.0
2022-01-22 15:21:26.509515,0.0,0.0,0.0
2022-01-22 15:21:27.007781,0.0,0.0,0.0
2022-01-22 15:21:27.504891,0.0,0.0,0.0
2022-01-22 15:21:28.003850,0.0,0.0,0.0
2022-01-22 15:21:28.510617,0.0,0.0,0.0
2022-01-22 15:21:29.009168,0.0,0.0,0.0
