時間,回転１,回転２,回転３
2022-01-21 20:00:00.010025,0.0,0.0,0.0
2022-01-21 20:00:00.505767,0.0,0.0,0.0
2022-01-21 20:00:01.003690,0.0,0.0,0.0
2022-01-21 20:00:01.509752,0.0,0.0,0.0
2022-01-21 20:00:02.008496,0.0,0.0,0.0
2022-01-21 20:00:02.504975,0.0,0.0,0.0
2022-01-21 20:00:03.002299,0.0,0.0,0.0
2022-01-21 20:00:03.508366,0.0,0.0,0.0
2022-01-21 20:00:04.007832,0.0,0.0,0.0
2022-01-21 20:00:04.503079,0.0,0.0,0.0
2022-01-21 20:00:05.002512,0.0,0.0,0.0
2022-01-21 20:00:05.508116,0.0,0.0,0.0
2022-01-21 20:00:06.006280,0.0,0.0,0.0
2022-01-21 20:00:06.504136,0.0,0.0,0.0
2022-01-21 20:00:07.005012,0.0,0.0,0.0
2022-01-21 20:00:07.501302,0.0,0.0,0.0
2022-01-21 20:00:08.010098,0.0,0.0,0.0
2022-01-21 20:00:08.506001,0.0,0.0,0.0
2022-01-21 20:00:09.003864,0.0,0.0,0.0
2022-01-21 20:00:09.509191,0.0,0.0,0.0
2022-01-21 20:00:10.007245,0.0,0.0,0.0
2022-01-21 20:00:10.502645,0.0,0.0,0.0
2022-01-21 20:00:11.006914,0.0,0.0,0.0
2022-01-21 20:00:11.503617,0.0,0.0,0.0
2022-01-21 20:00:12.002503,0.0,0.0,0.0
2022-01-21 20:00:12.509040,0.0,0.0,0.0
2022-01-21 20:00:13.006537,0.0,0.0,0.0
2022-01-21 20:00:13.502531,0.0,0.0,0.0
2022-01-21 20:00:14.001088,0.0,0.0,0.0
2022-01-21 20:00:14.506922,0.0,0.0,0.0
2022-01-21 20:00:15.006323,0.0,0.0,0.0
2022-01-21 20:00:15.502420,0.0,0.0,0.0
2022-01-21 20:00:16.010107,0.0,0.0,0.0
2022-01-21 20:00:16.504468,0.0,0.0,0.0
2022-01-21 20:00:17.002173,0.0,0.0,0.0
2022-01-21 20:00:17.504413,0.0,0.0,0.0
2022-01-21 20:00:18.002249,0.0,0.0,0.0
2022-01-21 20:00:18.508044,0.0,0.0,0.0
2022-01-21 20:00:19.006375,0.0,0.0,0.0
2022-01-21 20:00:19.501147,0.0,0.0,0.0
2022-01-21 20:00:20.008885,0.0,0.0,0.0
2022-01-21 20:00:20.505571,0.0,0.0,0.0
2022-01-21 20:00:21.002742,0.0,0.0,0.0
2022-01-21 20:00:21.507341,0.0,0.0,0.0
2022-01-21 20:00:22.006340,0.0,0.0,0.0
2022-01-21 20:00:22.501127,0.0,0.0,0.0
2022-01-21 20:00:23.010374,0.0,0.0,0.0
2022-01-21 20:00:23.502918,0.0,0.0,0.0
2022-01-21 20:00:24.009460,0.0,0.0,0.0
2022-01-21 20:00:24.505169,0.0,0.0,0.0
2022-01-21 20:00:25.004524,0.0,0.0,0.0
2022-01-21 20:00:25.509003,0.0,0.0,0.0
2022-01-21 20:00:26.008967,0.0,0.0,0.0
2022-01-21 20:00:26.505073,0.0,0.0,0.0
2022-01-21 20:00:27.003860,0.0,0.0,0.0
2022-01-21 20:00:27.509802,0.0,0.0,0.0
2022-01-21 20:00:28.007614,0.0,0.0,0.0
2022-01-21 20:00:28.503403,0.0,0.0,0.0
2022-01-21 20:00:29.001880,0.0,0.0,0.0
2022-01-21 20:00:29.508426,0.0,0.0,0.0
2022-01-21 20:00:30.007826,0.0,0.0,0.0
2022-01-21 20:00:30.504205,0.0,0.0,0.0
2022-01-21 20:00:31.002853,0.0,0.0,0.0
2022-01-21 20:00:31.507776,0.0,0.0,0.0
2022-01-21 20:00:32.005851,0.0,0.0,0.0
2022-01-21 20:00:32.510733,0.0,0.0,0.0
2022-01-21 20:00:33.007654,0.0,0.0,0.0
2022-01-21 20:00:33.502301,0.0,0.0,0.0
2022-01-21 20:00:34.010997,0.0,0.0,0.0
2022-01-21 20:00:34.507029,0.0,0.0,0.0
2022-01-21 20:00:35.004784,0.0,0.0,0.0
2022-01-21 20:00:35.509844,0.0,0.0,0.0
2022-01-21 20:00:36.008104,0.0,0.0,0.0
2022-01-21 20:00:36.503978,0.0,0.0,0.0
2022-01-21 20:00:37.003412,0.0,0.0,0.0
2022-01-21 20:00:37.509000,0.0,0.0,0.0
2022-01-21 20:00:38.009307,0.0,0.0,0.0
2022-01-21 20:00:38.504947,0.0,0.0,0.0
2022-01-21 20:00:39.002787,0.0,0.0,0.0
2022-01-21 20:00:39.509044,0.0,0.0,0.0
2022-01-21 20:00:40.006426,0.0,0.0,0.0
2022-01-21 20:00:40.502177,0.0,0.0,0.0
2022-01-21 20:00:41.010031,0.0,0.0,0.0
2022-01-21 20:00:41.505284,0.0,0.0,0.0
2022-01-21 20:00:42.004034,0.0,0.0,0.0
2022-01-21 20:00:42.503294,0.0,0.0,0.0
2022-01-21 20:00:43.002141,0.0,0.0,0.0
2022-01-21 20:00:43.509311,0.0,0.0,0.0
2022-01-21 20:00:44.007412,0.0,0.0,0.0
2022-01-21 20:00:44.502627,0.0,0.0,0.0
2022-01-21 20:00:45.010641,0.0,0.0,0.0
2022-01-21 20:00:45.506640,0.0,0.0,0.0
2022-01-21 20:00:46.004376,0.0,0.0,0.0
2022-01-21 20:00:46.510084,0.0,0.0,0.0
2022-01-21 20:00:47.009028,0.0,0.0,0.0
2022-01-21 20:00:47.504116,0.0,0.0,0.0
2022-01-21 20:00:48.003207,0.0,0.0,0.0
2022-01-21 20:00:48.508617,0.0,0.0,0.0
2022-01-21 20:00:49.006703,0.0,0.0,0.0
2022-01-21 20:00:49.502806,0.0,0.0,0.0
2022-01-21 20:00:50.001708,0.0,0.0,0.0
2022-01-21 20:00:50.506793,0.0,0.0,0.0
2022-01-21 20:00:51.005916,0.0,0.0,0.0
2022-01-21 20:00:51.504599,0.0,0.0,0.0
2022-01-21 20:00:52.002847,0.0,0.0,0.0
2022-01-21 20:00:52.508888,0.0,0.0,0.0
2022-01-21 20:00:53.006651,0.0,0.0,0.0
2022-01-21 20:00:53.501469,0.0,0.0,0.0
2022-01-21 20:00:54.009737,0.0,0.0,0.0
2022-01-21 20:00:54.503783,0.0,0.0,0.0
2022-01-21 20:00:55.002788,0.0,0.0,0.0
2022-01-21 20:00:55.508922,0.0,0.0,0.0
2022-01-21 20:00:56.007628,0.0,0.0,0.0
2022-01-21 20:00:56.503415,0.0,0.0,0.0
2022-01-21 20:00:57.003752,0.0,0.0,0.0
2022-01-21 20:00:57.509229,0.0,0.0,0.0
2022-01-21 20:00:58.007846,0.0,0.0,0.0
2022-01-21 20:00:58.504475,0.0,0.0,0.0
2022-01-21 20:00:59.002144,0.0,0.0,0.0
2022-01-21 20:00:59.507627,0.0,0.0,0.0
2022-01-21 20:01:00.006261,0.0,0.0,0.0
2022-01-21 20:01:00.501855,0.0,0.0,0.0
2022-01-21 20:01:01.009922,0.0,0.0,0.0
2022-01-21 20:01:01.505774,0.0,0.0,0.0
2022-01-21 20:01:02.003734,0.0,0.0,0.0
2022-01-21 20:01:02.508319,0.0,0.0,0.0
2022-01-21 20:01:03.006992,0.0,0.0,0.0
2022-01-21 20:01:03.502380,0.0,0.0,0.0
2022-01-21 20:01:04.010512,0.0,0.0,0.0
2022-01-21 20:01:04.508639,0.0,0.0,0.0
2022-01-21 20:01:05.009079,0.0,0.0,0.0
2022-01-21 20:01:05.506770,0.0,0.0,0.0
2022-01-21 20:01:06.005505,0.0,0.0,0.0
2022-01-21 20:01:06.501705,0.0,0.0,0.0
2022-01-21 20:01:07.010609,0.0,0.0,0.0
2022-01-21 20:01:07.505918,0.0,0.0,0.0
2022-01-21 20:01:08.004818,0.0,0.0,0.0
2022-01-21 20:01:08.511191,0.0,0.0,0.0
2022-01-21 20:01:09.002256,0.0,0.0,0.0
2022-01-21 20:01:09.507712,0.0,0.0,0.0
2022-01-21 20:01:10.006679,0.0,0.0,0.0
2022-01-21 20:01:10.502480,0.0,0.0,0.0
2022-01-21 20:01:11.006187,0.0,0.0,0.0
2022-01-21 20:01:11.510839,0.0,0.0,0.0
2022-01-21 20:01:12.008613,0.0,0.0,0.0
2022-01-21 20:01:12.503443,0.0,0.0,0.0
2022-01-21 20:01:13.001673,0.0,0.0,0.0
2022-01-21 20:01:13.510014,0.0,0.0,0.0
2022-01-21 20:01:14.007131,0.0,0.0,0.0
2022-01-21 20:01:14.510653,0.0,0.0,0.0
2022-01-21 20:01:15.008605,0.0,0.0,0.0
2022-01-21 20:01:15.504267,0.0,0.0,0.0
2022-01-21 20:01:16.002846,0.0,0.0,0.0
2022-01-21 20:01:16.509803,0.0,0.0,0.0
2022-01-21 20:01:17.007806,0.0,0.0,0.0
2022-01-21 20:01:17.503721,0.0,0.0,0.0
2022-01-21 20:01:18.003508,0.0,0.0,0.0
2022-01-21 20:01:18.510009,0.0,0.0,0.0
2022-01-21 20:01:19.008302,0.0,0.0,0.0
2022-01-21 20:01:19.503380,0.0,0.0,0.0
2022-01-21 20:01:20.003028,0.0,0.0,0.0
2022-01-21 20:01:20.508508,0.0,0.0,0.0
2022-01-21 20:01:21.006756,0.0,0.0,0.0
2022-01-21 20:01:21.502554,0.0,0.0,0.0
2022-01-21 20:01:22.011005,0.0,0.0,0.0
2022-01-21 20:01:22.508900,0.0,0.0,0.0
2022-01-21 20:01:23.007889,0.0,0.0,0.0
2022-01-21 20:01:23.502774,0.0,0.0,0.0
2022-01-21 20:01:24.010983,0.0,0.0,0.0
2022-01-21 20:01:24.506829,0.0,0.0,0.0
2022-01-21 20:01:25.006091,0.0,0.0,0.0
2022-01-21 20:01:25.502400,0.0,0.0,0.0
2022-01-21 20:01:26.010026,0.0,0.0,0.0
2022-01-21 20:01:26.506225,0.0,0.0,0.0
2022-01-21 20:01:27.005047,0.0,0.0,0.0
2022-01-21 20:01:27.502191,0.0,0.0,0.0
2022-01-21 20:01:28.009913,0.0,0.0,0.0
2022-01-21 20:01:28.506477,0.0,0.0,0.0
2022-01-21 20:01:29.004403,0.0,0.0,0.0
2022-01-21 20:01:30.005530,0.0,0.0,0.0
2022-01-21 20:01:30.511198,0.0,0.0,0.0
2022-01-21 20:01:31.009033,0.0,0.0,0.0
2022-01-21 20:01:31.506678,0.0,0.0,0.0
2022-01-21 20:01:32.004729,0.0,0.0,0.0
2022-01-21 20:01:32.501271,0.0,0.0,0.0
2022-01-21 20:01:33.009244,0.0,0.0,0.0
2022-01-21 20:01:33.504791,0.0,0.0,0.0
2022-01-21 20:01:34.001909,0.0,0.0,0.0
2022-01-21 20:01:34.507729,0.0,0.0,0.0
2022-01-21 20:01:35.006387,0.0,0.0,0.0
2022-01-21 20:01:35.501464,0.0,0.0,0.0
2022-01-21 20:01:36.001821,0.0,0.0,0.0
2022-01-21 20:01:36.509420,0.0,0.0,0.0
2022-01-21 20:01:37.008290,0.0,0.0,0.0
2022-01-21 20:01:37.503320,0.0,0.0,0.0
2022-01-21 20:01:38.002842,0.0,0.0,0.0
2022-01-21 20:01:38.510373,0.0,0.0,0.0
2022-01-21 20:01:39.007430,0.0,0.0,0.0
2022-01-21 20:01:39.503639,0.0,0.0,0.0
2022-01-21 20:01:40.003915,0.0,0.0,0.0
2022-01-21 20:01:40.510124,0.0,0.0,0.0
2022-01-21 20:01:41.008583,0.0,0.0,0.0
2022-01-21 20:01:41.504047,0.0,0.0,0.0
2022-01-21 20:01:42.002673,0.0,0.0,0.0
2022-01-21 20:01:42.508198,0.0,0.0,0.0
2022-01-21 20:01:43.007828,0.0,0.0,0.0
2022-01-21 20:01:43.503951,0.0,0.0,0.0
2022-01-21 20:01:44.003300,0.0,0.0,0.0
2022-01-21 20:01:44.508968,0.0,0.0,0.0
2022-01-21 20:01:45.007415,0.0,0.0,0.0
2022-01-21 20:01:45.504578,0.0,0.0,0.0
2022-01-21 20:01:46.004412,0.0,0.0,0.0
2022-01-21 20:01:46.509996,0.0,0.0,0.0
2022-01-21 20:01:47.008688,0.0,0.0,0.0
2022-01-21 20:01:47.504424,0.0,0.0,0.0
2022-01-21 20:01:48.003007,0.0,0.0,0.0
2022-01-21 20:01:48.508986,0.0,0.0,0.0
2022-01-21 20:01:49.007436,0.0,0.0,0.0
2022-01-21 20:01:49.505412,0.0,0.0,0.0
2022-01-21 20:01:50.003075,0.0,0.0,0.0
2022-01-21 20:01:50.508763,0.0,0.0,0.0
2022-01-21 20:01:51.006680,0.0,0.0,0.0
2022-01-21 20:01:51.502972,0.0,0.0,0.0
2022-01-21 20:01:52.002502,0.0,0.0,0.0
2022-01-21 20:01:52.508274,0.0,0.0,0.0
2022-01-21 20:01:53.008333,0.0,0.0,0.0
2022-01-21 20:01:53.504324,0.0,0.0,0.0
2022-01-21 20:01:54.003957,0.0,0.0,0.0
2022-01-21 20:01:54.509968,0.0,0.0,0.0
2022-01-21 20:01:55.008070,0.0,0.0,0.0
2022-01-21 20:01:55.502761,0.0,0.0,0.0
2022-01-21 20:01:56.010746,0.0,0.0,0.0
2022-01-21 20:01:56.506653,0.0,0.0,0.0
2022-01-21 20:01:57.004419,0.0,0.0,0.0
2022-01-21 20:01:57.509743,0.0,0.0,0.0
2022-01-21 20:01:58.007979,0.0,0.0,0.0
2022-01-21 20:01:58.505953,0.0,0.0,0.0
2022-01-21 20:01:59.005543,0.0,0.0,0.0
2022-01-21 20:01:59.501986,0.0,0.0,0.0
2022-01-21 20:02:00.009295,0.0,0.0,0.0
2022-01-21 20:02:00.502908,0.0,0.0,0.0
2022-01-21 20:02:01.002395,0.0,0.0,0.0
2022-01-21 20:02:01.508105,0.0,0.0,0.0
2022-01-21 20:02:02.006273,0.0,0.0,0.0
2022-01-21 20:02:02.502869,0.0,0.0,0.0
2022-01-21 20:02:03.001993,0.0,0.0,0.0
2022-01-21 20:02:03.508671,0.0,0.0,0.0
2022-01-21 20:02:04.006748,0.0,0.0,0.0
2022-01-21 20:02:04.503157,0.0,0.0,0.0
2022-01-21 20:02:05.504638,0.0,0.0,0.0
2022-01-21 20:02:06.002690,0.0,0.0,0.0
2022-01-21 20:02:06.507828,0.0,0.0,0.0
2022-01-21 20:02:07.007700,0.0,0.0,0.0
2022-01-21 20:02:07.504497,0.0,0.0,0.0
2022-01-21 20:02:08.010963,0.0,0.0,0.0
2022-01-21 20:02:08.506570,0.0,0.0,0.0
2022-01-21 20:02:09.004404,0.0,0.0,0.0
2022-01-21 20:02:09.510436,0.0,0.0,0.0
2022-01-21 20:02:10.008797,0.0,0.0,0.0
2022-01-21 20:02:10.502704,0.0,0.0,0.0
2022-01-21 20:02:11.006739,0.0,0.0,0.0
2022-01-21 20:02:11.502761,0.0,0.0,0.0
2022-01-21 20:02:12.011250,0.0,0.0,0.0
2022-01-21 20:02:12.507572,0.0,0.0,0.0
2022-01-21 20:02:13.005154,0.0,0.0,0.0
2022-01-21 20:02:13.510684,0.0,0.0,0.0
2022-01-21 20:02:14.007917,0.0,0.0,0.0
2022-01-21 20:02:14.505033,0.0,0.0,0.0
2022-01-21 20:02:15.002774,0.0,0.0,0.0
2022-01-21 20:02:15.507780,0.0,0.0,0.0
2022-01-21 20:02:16.006494,0.0,0.0,0.0
2022-01-21 20:02:16.503017,0.0,0.0,0.0
2022-01-21 20:02:17.009909,0.0,0.0,0.0
2022-01-21 20:02:17.505528,0.0,0.0,0.0
2022-01-21 20:02:18.004326,0.0,0.0,0.0
2022-01-21 20:02:18.509409,0.0,0.0,0.0
2022-01-21 20:02:19.008367,0.0,0.0,0.0
2022-01-21 20:02:19.505060,0.0,0.0,0.0
2022-01-21 20:02:20.002983,0.0,0.0,0.0
2022-01-21 20:02:20.510179,0.0,0.0,0.0
2022-01-21 20:02:21.009684,0.0,0.0,0.0
2022-01-21 20:02:21.504537,0.0,0.0,0.0
2022-01-21 20:02:22.002394,0.0,0.0,0.0
2022-01-21 20:02:22.508168,0.0,0.0,0.0
2022-01-21 20:02:23.005836,0.0,0.0,0.0
2022-01-21 20:02:23.510792,0.0,0.0,0.0
2022-01-21 20:02:24.008989,0.0,0.0,0.0
2022-01-21 20:02:24.503497,0.0,0.0,0.0
2022-01-21 20:02:25.001435,0.0,0.0,0.0
2022-01-21 20:02:26.005200,0.0,0.0,0.0
2022-01-21 20:02:26.502110,0.0,0.0,0.0
2022-01-21 20:02:27.009704,0.0,0.0,0.0
2022-01-21 20:02:27.504527,0.0,0.0,0.0
2022-01-21 20:02:28.002517,0.0,0.0,0.0
2022-01-21 20:02:28.508777,0.0,0.0,0.0
2022-01-21 20:02:29.007375,0.0,0.0,0.0
2022-01-21 20:02:29.502537,0.0,0.0,0.0
2022-01-21 20:02:30.010793,0.0,0.0,0.0
2022-01-21 20:02:30.507792,0.0,0.0,0.0
2022-01-21 20:02:31.006109,0.0,0.0,0.0
2022-01-21 20:02:31.502807,0.0,0.0,0.0
2022-01-21 20:02:32.010802,0.0,0.0,0.0
2022-01-21 20:02:32.506951,0.0,0.0,0.0
2022-01-21 20:02:33.006379,0.0,0.0,0.0
2022-01-21 20:02:33.510493,0.0,0.0,0.0
2022-01-21 20:02:34.008613,0.0,0.0,0.0
2022-01-21 20:02:34.504040,0.0,0.0,0.0
2022-01-21 20:02:35.004758,0.0,0.0,0.0
2022-01-21 20:02:35.502640,0.0,0.0,0.0
2022-01-21 20:02:36.504498,0.0,0.0,0.0
2022-01-21 20:02:37.002594,0.0,0.0,0.0
2022-01-21 20:02:37.508545,0.0,0.0,0.0
2022-01-21 20:02:38.006685,0.0,0.0,0.0
2022-01-21 20:02:38.502852,0.0,0.0,0.0
2022-01-21 20:02:39.010854,0.0,0.0,0.0
2022-01-21 20:02:39.505858,0.0,0.0,0.0
2022-01-21 20:02:40.005553,0.0,0.0,0.0
2022-01-21 20:02:40.503692,0.0,0.0,0.0
2022-01-21 20:02:41.002424,0.0,0.0,0.0
2022-01-21 20:02:41.507374,0.0,0.0,0.0
2022-01-21 20:02:42.006785,0.0,0.0,0.0
2022-01-21 20:02:42.502720,0.0,0.0,0.0
2022-01-21 20:02:43.009571,0.0,0.0,0.0
2022-01-21 20:02:43.504851,0.0,0.0,0.0
2022-01-21 20:02:44.002494,0.0,0.0,0.0
2022-01-21 20:02:44.510829,0.0,0.0,0.0
2022-01-21 20:02:45.002537,0.0,0.0,0.0
2022-01-21 20:02:45.507815,0.0,0.0,0.0
2022-01-21 20:02:46.006150,0.0,0.0,0.0
2022-01-21 20:02:46.501188,0.0,0.0,0.0
2022-01-21 20:02:47.010406,0.0,0.0,0.0
2022-01-21 20:02:47.506797,0.0,0.0,0.0
2022-01-21 20:02:48.006288,0.0,0.0,0.0
2022-01-21 20:02:48.501176,0.0,0.0,0.0
2022-01-21 20:02:49.011170,0.0,0.0,0.0
2022-01-21 20:02:49.507019,0.0,0.0,0.0
2022-01-21 20:02:50.006308,0.0,0.0,0.0
2022-01-21 20:02:51.004549,0.0,0.0,0.0
2022-01-21 20:02:51.501722,0.0,0.0,0.0
2022-01-21 20:02:52.009255,0.0,0.0,0.0
2022-01-21 20:02:52.505819,0.0,0.0,0.0
2022-01-21 20:02:53.004021,0.0,0.0,0.0
2022-01-21 20:02:53.501898,0.0,0.0,0.0
2022-01-21 20:02:54.001157,0.0,0.0,0.0
2022-01-21 20:02:54.508174,0.0,0.0,0.0
2022-01-21 20:02:55.007025,0.0,0.0,0.0
2022-01-21 20:02:55.503262,0.0,0.0,0.0
2022-01-21 20:02:56.005824,0.0,0.0,0.0
2022-01-21 20:02:56.509870,0.0,0.0,0.0
2022-01-21 20:02:57.008384,0.0,0.0,0.0
2022-01-21 20:02:57.504674,0.0,0.0,0.0
2022-01-21 20:02:58.002351,0.0,0.0,0.0
2022-01-21 20:02:58.509944,0.0,0.0,0.0
2022-01-21 20:02:59.007964,0.0,0.0,0.0
2022-01-21 20:02:59.503700,0.0,0.0,0.0
2022-01-21 20:03:00.001207,0.0,0.0,0.0
2022-01-21 20:03:00.508088,0.0,0.0,0.0
2022-01-21 20:03:01.006296,0.0,0.0,0.0
2022-01-21 20:03:01.501285,0.0,0.0,0.0
2022-01-21 20:03:02.008530,0.0,0.0,0.0
2022-01-21 20:03:02.507076,0.0,0.0,0.0
2022-01-21 20:03:03.006642,0.0,0.0,0.0
2022-01-21 20:03:03.503092,0.0,0.0,0.0
2022-01-21 20:03:04.011297,0.0,0.0,0.0
2022-01-21 20:03:04.505808,0.0,0.0,0.0
2022-01-21 20:03:05.003974,0.0,0.0,0.0
2022-01-21 20:03:05.511254,0.0,0.0,0.0
2022-01-21 20:03:06.010724,0.0,0.0,0.0
2022-01-21 20:03:06.506305,0.0,0.0,0.0
2022-01-21 20:03:07.005853,0.0,0.0,0.0
2022-01-21 20:03:07.501539,0.0,0.0,0.0
2022-01-21 20:03:08.009166,0.0,0.0,0.0
2022-01-21 20:03:08.505958,0.0,0.0,0.0
2022-01-21 20:03:09.005492,0.0,0.0,0.0
2022-01-21 20:03:09.501695,0.0,0.0,0.0
2022-01-21 20:03:10.009471,0.0,0.0,0.0
2022-01-21 20:03:10.506554,0.0,0.0,0.0
2022-01-21 20:03:11.009812,0.0,0.0,0.0
2022-01-21 20:03:11.507426,0.0,0.0,0.0
2022-01-21 20:03:12.005377,0.0,0.0,0.0
2022-01-21 20:03:12.502423,0.0,0.0,0.0
2022-01-21 20:03:13.010435,0.0,0.0,0.0
2022-01-21 20:03:13.506277,0.0,0.0,0.0
2022-01-21 20:03:14.004209,0.0,0.0,0.0
2022-01-21 20:03:14.508900,0.0,0.0,0.0
2022-01-21 20:03:15.006770,0.0,0.0,0.0
2022-01-21 20:03:15.503704,0.0,0.0,0.0
2022-01-21 20:03:16.004036,0.0,0.0,0.0
2022-01-21 20:03:16.510340,0.0,0.0,0.0
2022-01-21 20:03:17.008583,0.0,0.0,0.0
2022-01-21 20:03:17.504322,0.0,0.0,0.0
2022-01-21 20:03:18.001908,0.0,0.0,0.0
2022-01-21 20:03:18.507779,0.0,0.0,0.0
2022-01-21 20:03:19.005774,0.0,0.0,0.0
2022-01-21 20:03:19.501321,0.0,0.0,0.0
2022-01-21 20:03:20.009148,0.0,0.0,0.0
2022-01-21 20:03:20.504632,0.0,0.0,0.0
2022-01-21 20:03:21.002757,0.0,0.0,0.0
2022-01-21 20:03:21.508361,0.0,0.0,0.0
2022-01-21 20:03:22.005889,0.0,0.0,0.0
2022-01-21 20:03:22.501736,0.0,0.0,0.0
2022-01-21 20:03:23.010462,0.0,0.0,0.0
2022-01-21 20:03:23.506791,0.0,0.0,0.0
2022-01-21 20:03:24.004455,0.0,0.0,0.0
2022-01-21 20:03:24.510080,0.0,0.0,0.0
2022-01-21 20:03:25.009073,0.0,0.0,0.0
2022-01-21 20:03:25.505332,0.0,0.0,0.0
2022-01-21 20:03:26.003850,0.0,0.0,0.0
2022-01-21 20:03:26.509034,0.0,0.0,0.0
2022-01-21 20:03:27.007370,0.0,0.0,0.0
2022-01-21 20:03:27.502585,0.0,0.0,0.0
2022-01-21 20:03:28.010814,0.0,0.0,0.0
2022-01-21 20:03:28.506358,0.0,0.0,0.0
2022-01-21 20:03:29.005682,0.0,0.0,0.0
2022-01-21 20:03:29.502429,0.0,0.0,0.0
2022-01-21 20:03:30.010889,0.0,0.0,0.0
2022-01-21 20:03:30.507349,0.0,0.0,0.0
2022-01-21 20:03:31.006391,0.0,0.0,0.0
2022-01-21 20:03:31.502697,0.0,0.0,0.0
2022-01-21 20:03:32.010620,0.0,0.0,0.0
2022-01-21 20:03:32.505505,0.0,0.0,0.0
2022-01-21 20:03:33.005157,0.0,0.0,0.0
2022-01-21 20:03:33.510988,0.0,0.0,0.0
2022-01-21 20:03:34.004943,0.0,0.0,0.0
2022-01-21 20:03:34.510809,0.0,0.0,0.0
2022-01-21 20:03:35.008383,0.0,0.0,0.0
2022-01-21 20:03:35.505077,0.0,0.0,0.0
2022-01-21 20:03:36.004190,0.0,0.0,0.0
2022-01-21 20:03:36.510613,0.0,0.0,0.0
2022-01-21 20:03:37.009429,0.0,0.0,0.0
2022-01-21 20:03:37.505455,0.0,0.0,0.0
2022-01-21 20:03:38.003560,0.0,0.0,0.0
2022-01-21 20:03:39.005436,0.0,0.0,0.0
2022-01-21 20:03:39.501633,0.0,0.0,0.0
2022-01-21 20:03:40.004245,0.0,0.0,0.0
2022-01-21 20:03:40.510418,0.0,0.0,0.0
2022-01-21 20:03:41.008534,0.0,0.0,0.0
2022-01-21 20:03:41.504479,0.0,0.0,0.0
2022-01-21 20:03:42.004516,0.0,0.0,0.0
2022-01-21 20:03:42.501107,0.0,0.0,0.0
2022-01-21 20:03:43.009300,0.0,0.0,0.0
2022-01-21 20:03:43.507017,0.0,0.0,0.0
2022-01-21 20:03:44.005873,0.0,0.0,0.0
2022-01-21 20:03:44.502041,0.0,0.0,0.0
2022-01-21 20:03:45.010786,0.0,0.0,0.0
2022-01-21 20:03:45.507637,0.0,0.0,0.0
2022-01-21 20:03:46.005927,0.0,0.0,0.0
2022-01-21 20:03:46.502672,0.0,0.0,0.0
2022-01-21 20:03:47.010999,0.0,0.0,0.0
2022-01-21 20:03:47.506760,0.0,0.0,0.0
2022-01-21 20:03:48.009820,0.0,0.0,0.0
2022-01-21 20:03:48.506581,0.0,0.0,0.0
2022-01-21 20:03:49.004582,0.0,0.0,0.0
2022-01-21 20:03:49.501917,0.0,0.0,0.0
2022-01-21 20:03:50.010520,0.0,0.0,0.0
2022-01-21 20:03:50.510480,0.0,0.0,0.0
2022-01-21 20:03:51.007486,0.0,0.0,0.0
2022-01-21 20:03:51.504579,0.0,0.0,0.0
2022-01-21 20:03:52.002759,0.0,0.0,0.0
2022-01-21 20:03:52.509149,0.0,0.0,0.0
2022-01-21 20:03:53.007016,0.0,0.0,0.0
2022-01-21 20:03:53.504151,0.0,0.0,0.0
2022-01-21 20:03:54.004339,0.0,0.0,0.0
2022-01-21 20:03:54.509558,0.0,0.0,0.0
2022-01-21 20:03:55.008135,0.0,0.0,0.0
2022-01-21 20:03:55.504028,0.0,0.0,0.0
2022-01-21 20:03:56.002440,0.0,0.0,0.0
2022-01-21 20:03:56.508960,0.0,0.0,0.0
2022-01-21 20:03:57.007856,0.0,0.0,0.0
2022-01-21 20:03:57.503090,0.0,0.0,0.0
2022-01-21 20:03:58.002367,0.0,0.0,0.0
2022-01-21 20:03:58.508538,0.0,0.0,0.0
2022-01-21 20:03:59.006181,0.0,0.0,0.0
2022-01-21 20:03:59.502132,0.0,0.0,0.0
2022-01-21 20:04:00.009924,0.0,0.0,0.0
2022-01-21 20:04:00.504480,0.0,0.0,0.0
2022-01-21 20:04:01.002829,0.0,0.0,0.0
2022-01-21 20:04:01.507957,0.0,0.0,0.0
2022-01-21 20:04:02.005772,0.0,0.0,0.0
2022-01-21 20:04:02.510365,0.0,0.0,0.0
2022-01-21 20:04:03.008248,0.0,0.0,0.0
2022-01-21 20:04:03.506620,0.0,0.0,0.0
2022-01-21 20:04:04.006393,0.0,0.0,0.0
2022-01-21 20:04:04.501299,0.0,0.0,0.0
2022-01-21 20:04:05.009914,0.0,0.0,0.0
2022-01-21 20:04:05.505338,0.0,0.0,0.0
2022-01-21 20:04:06.011085,0.0,0.0,0.0
2022-01-21 20:04:06.506855,0.0,0.0,0.0
2022-01-21 20:04:07.007991,0.0,0.0,0.0
2022-01-21 20:04:07.502534,0.0,0.0,0.0
2022-01-21 20:04:08.009640,0.0,0.0,0.0
2022-01-21 20:04:08.503361,0.0,0.0,0.0
2022-01-21 20:04:09.010935,0.0,0.0,0.0
2022-01-21 20:04:09.506287,0.0,0.0,0.0
2022-01-21 20:04:10.004526,0.0,0.0,0.0
2022-01-21 20:04:10.510089,0.0,0.0,0.0
2022-01-21 20:04:11.004359,0.0,0.0,0.0
2022-01-21 20:04:11.509346,0.0,0.0,0.0
2022-01-21 20:04:12.008028,0.0,0.0,0.0
2022-01-21 20:04:12.503905,0.0,0.0,0.0
2022-01-21 20:04:13.002094,0.0,0.0,0.0
2022-01-21 20:04:13.508296,0.0,0.0,0.0
2022-01-21 20:04:14.006186,0.0,0.0,0.0
2022-01-21 20:04:14.507975,0.0,0.0,0.0
2022-01-21 20:04:15.007411,0.0,0.0,0.0
2022-01-21 20:04:15.502726,0.0,0.0,0.0
2022-01-21 20:04:16.001664,0.0,0.0,0.0
2022-01-21 20:04:16.507412,0.0,0.0,0.0
2022-01-21 20:04:17.006213,0.0,0.0,0.0
2022-01-21 20:04:17.501332,0.0,0.0,0.0
2022-01-21 20:04:18.009863,0.0,0.0,0.0
2022-01-21 20:04:18.506776,0.0,0.0,0.0
2022-01-21 20:04:19.006235,0.0,0.0,0.0
2022-01-21 20:04:19.505548,0.0,0.0,0.0
2022-01-21 20:04:20.003682,0.0,0.0,0.0
2022-01-21 20:04:20.510195,0.0,0.0,0.0
2022-01-21 20:04:21.007504,0.0,0.0,0.0
2022-01-21 20:04:21.503447,0.0,0.0,0.0
2022-01-21 20:04:22.002824,0.0,0.0,0.0
2022-01-21 20:04:22.508175,0.0,0.0,0.0
2022-01-21 20:04:23.005878,0.0,0.0,0.0
2022-01-21 20:04:23.502639,0.0,0.0,0.0
2022-01-21 20:04:24.001345,0.0,0.0,0.0
2022-01-21 20:04:24.506771,0.0,0.0,0.0
2022-01-21 20:04:25.006870,0.0,0.0,0.0
2022-01-21 20:04:25.502188,0.0,0.0,0.0
2022-01-21 20:04:26.010733,0.0,0.0,0.0
2022-01-21 20:04:26.506152,0.0,0.0,0.0
2022-01-21 20:04:27.002866,0.0,0.0,0.0
2022-01-21 20:04:27.508039,0.0,0.0,0.0
2022-01-21 20:04:28.006138,0.0,0.0,0.0
2022-01-21 20:04:28.502676,0.0,0.0,0.0
2022-01-21 20:04:29.010654,0.0,0.0,0.0
2022-01-21 20:04:29.505844,0.0,0.0,0.0
2022-01-21 20:04:30.003293,0.0,0.0,0.0
2022-01-21 20:04:30.507777,0.0,0.0,0.0
2022-01-21 20:04:31.006118,0.0,0.0,0.0
2022-01-21 20:04:31.501120,0.0,0.0,0.0
2022-01-21 20:04:32.009040,0.0,0.0,0.0
2022-01-21 20:04:32.505361,0.0,0.0,0.0
2022-01-21 20:04:33.005303,0.0,0.0,0.0
2022-01-21 20:04:33.510761,0.0,0.0,0.0
2022-01-21 20:04:34.010571,0.0,0.0,0.0
2022-01-21 20:04:34.505278,0.0,0.0,0.0
2022-01-21 20:04:35.003758,0.0,0.0,0.0
2022-01-21 20:04:35.510225,0.0,0.0,0.0
2022-01-21 20:04:36.008565,0.0,0.0,0.0
2022-01-21 20:04:36.504137,0.0,0.0,0.0
2022-01-21 20:04:37.002767,0.0,0.0,0.0
2022-01-21 20:04:37.509937,0.0,0.0,0.0
2022-01-21 20:04:38.008467,0.0,0.0,0.0
2022-01-21 20:04:38.504516,0.0,0.0,0.0
2022-01-21 20:04:39.003766,0.0,0.0,0.0
2022-01-21 20:04:39.510806,0.0,0.0,0.0
2022-01-21 20:04:40.009290,0.0,0.0,0.0
2022-01-21 20:04:40.503830,0.0,0.0,0.0
2022-01-21 20:04:41.002636,0.0,0.0,0.0
2022-01-21 20:04:41.509022,0.0,0.0,0.0
2022-01-21 20:04:42.007027,0.0,0.0,0.0
2022-01-21 20:04:42.502145,0.0,0.0,0.0
2022-01-21 20:04:43.009625,0.0,0.0,0.0
2022-01-21 20:04:43.505085,0.0,0.0,0.0
2022-01-21 20:04:44.003651,0.0,0.0,0.0
2022-01-21 20:04:44.508345,0.0,0.0,0.0
2022-01-21 20:04:45.005310,0.0,0.0,0.0
2022-01-21 20:04:45.501435,0.0,0.0,0.0
2022-01-21 20:04:46.010128,0.0,0.0,0.0
2022-01-21 20:04:46.506386,0.0,0.0,0.0
2022-01-21 20:04:47.005074,0.0,0.0,0.0
2022-01-21 20:04:48.004471,0.0,0.0,0.0
2022-01-21 20:04:48.509885,0.0,0.0,0.0
2022-01-21 20:04:49.007956,0.0,0.0,0.0
2022-01-21 20:04:49.502826,0.0,0.0,0.0
2022-01-21 20:04:50.002668,0.0,0.0,0.0
2022-01-21 20:04:50.508208,0.0,0.0,0.0
2022-01-21 20:04:51.007978,0.0,0.0,0.0
2022-01-21 20:04:51.504117,0.0,0.0,0.0
2022-01-21 20:04:52.004705,0.0,0.0,0.0
2022-01-21 20:04:52.510710,0.0,0.0,0.0
2022-01-21 20:04:53.010755,0.0,0.0,0.0
2022-01-21 20:04:53.506569,0.0,0.0,0.0
2022-01-21 20:04:54.003704,0.0,0.0,0.0
2022-01-21 20:04:54.508429,0.0,0.0,0.0
2022-01-21 20:04:55.007415,0.0,0.0,0.0
2022-01-21 20:04:55.504374,0.0,0.0,0.0
2022-01-21 20:04:56.001465,0.0,0.0,0.0
2022-01-21 20:04:56.507703,0.0,0.0,0.0
2022-01-21 20:04:57.007270,0.0,0.0,0.0
2022-01-21 20:04:57.503889,0.0,0.0,0.0
2022-01-21 20:04:58.002545,0.0,0.0,0.0
2022-01-21 20:04:58.506719,0.0,0.0,0.0
2022-01-21 20:04:59.004196,0.0,0.0,0.0
2022-01-21 20:04:59.509260,0.0,0.0,0.0
2022-01-21 20:05:00.007348,0.0,0.0,0.0
2022-01-21 20:05:00.510516,0.0,0.0,0.0
2022-01-21 20:05:01.007792,0.0,0.0,0.0
2022-01-21 20:05:01.503871,0.0,0.0,0.0
2022-01-21 20:05:02.002743,0.0,0.0,0.0
2022-01-21 20:05:02.508552,0.0,0.0,0.0
2022-01-21 20:05:03.006201,0.0,0.0,0.0
2022-01-21 20:05:03.510807,0.0,0.0,0.0
2022-01-21 20:05:04.009623,0.0,0.0,0.0
2022-01-21 20:05:04.505715,0.0,0.0,0.0
2022-01-21 20:05:05.003830,0.0,0.0,0.0
2022-01-21 20:05:05.510337,0.0,0.0,0.0
2022-01-21 20:05:06.008581,0.0,0.0,0.0
2022-01-21 20:05:06.503131,0.0,0.0,0.0
2022-01-21 20:05:07.002780,0.0,0.0,0.0
2022-01-21 20:05:07.507353,0.0,0.0,0.0
2022-01-21 20:05:08.004768,0.0,0.0,0.0
2022-01-21 20:05:08.501064,0.0,0.0,0.0
2022-01-21 20:05:09.505095,0.0,0.0,0.0
2022-01-21 20:05:10.002282,0.0,0.0,0.0
2022-01-21 20:05:10.506221,0.0,0.0,0.0
2022-01-21 20:05:11.010840,0.0,0.0,0.0
2022-01-21 20:05:11.506516,0.0,0.0,0.0
2022-01-21 20:05:12.004634,0.0,0.0,0.0
2022-01-21 20:05:12.510800,0.0,0.0,0.0
2022-01-21 20:05:13.009878,0.0,0.0,0.0
2022-01-21 20:05:13.506325,0.0,0.0,0.0
2022-01-21 20:05:14.003314,0.0,0.0,0.0
2022-01-21 20:05:14.507896,0.0,0.0,0.0
2022-01-21 20:05:15.006325,0.0,0.0,0.0
2022-01-21 20:05:15.511009,0.0,0.0,0.0
2022-01-21 20:05:16.009339,0.0,0.0,0.0
2022-01-21 20:05:16.503684,0.0,0.0,0.0
2022-01-21 20:05:17.003329,0.0,0.0,0.0
2022-01-21 20:05:17.502901,0.0,0.0,0.0
2022-01-21 20:05:18.006159,0.0,0.0,0.0
2022-01-21 20:05:18.501363,0.0,0.0,0.0
2022-01-21 20:05:19.009488,0.0,0.0,0.0
2022-01-21 20:05:19.506690,0.0,0.0,0.0
2022-01-21 20:05:20.004614,0.0,0.0,0.0
2022-01-21 20:05:20.509959,0.0,0.0,0.0
2022-01-21 20:05:21.008303,0.0,0.0,0.0
2022-01-21 20:05:21.504616,0.0,0.0,0.0
2022-01-21 20:05:22.002866,0.0,0.0,0.0
2022-01-21 20:05:22.501822,0.0,0.0,0.0
2022-01-21 20:05:23.010200,0.0,0.0,0.0
2022-01-21 20:05:23.504652,0.0,0.0,0.0
2022-01-21 20:05:24.002375,0.0,0.0,0.0
2022-01-21 20:05:24.508276,0.0,0.0,0.0
2022-01-21 20:05:25.004000,0.0,0.0,0.0
2022-01-21 20:05:25.503920,0.0,0.0,0.0
2022-01-21 20:05:26.002805,0.0,0.0,0.0
2022-01-21 20:05:26.507862,0.0,0.0,0.0
2022-01-21 20:05:27.006603,0.0,0.0,0.0
2022-01-21 20:05:27.505668,0.0,0.0,0.0
2022-01-21 20:05:28.004178,0.0,0.0,0.0
2022-01-21 20:05:28.509432,0.0,0.0,0.0
2022-01-21 20:05:29.011385,0.0,0.0,0.0
2022-01-21 20:05:29.506263,0.0,0.0,0.0
2022-01-21 20:05:30.003302,0.0,0.0,0.0
2022-01-21 20:05:30.509029,0.0,0.0,0.0
2022-01-21 20:05:31.007149,0.0,0.0,0.0
2022-01-21 20:05:31.504101,0.0,0.0,0.0
2022-01-21 20:05:32.002328,0.0,0.0,0.0
2022-01-21 20:05:32.508867,0.0,0.0,0.0
2022-01-21 20:05:33.007207,0.0,0.0,0.0
2022-01-21 20:05:33.502166,0.0,0.0,0.0
2022-01-21 20:05:34.011272,0.0,0.0,0.0
2022-01-21 20:05:34.507404,0.0,0.0,0.0
2022-01-21 20:05:35.005411,0.0,0.0,0.0
2022-01-21 20:05:35.510419,0.0,0.0,0.0
2022-01-21 20:05:36.003262,0.0,0.0,0.0
2022-01-21 20:05:36.508950,0.0,0.0,0.0
2022-01-21 20:05:37.006747,0.0,0.0,0.0
2022-01-21 20:05:37.502268,0.0,0.0,0.0
2022-01-21 20:05:38.010662,0.0,0.0,0.0
2022-01-21 20:05:38.505701,0.0,0.0,0.0
2022-01-21 20:05:39.003691,0.0,0.0,0.0
2022-01-21 20:05:39.508093,0.0,0.0,0.0
2022-01-21 20:05:40.007477,0.0,0.0,0.0
2022-01-21 20:05:40.504616,0.0,0.0,0.0
2022-01-21 20:05:41.002800,0.0,0.0,0.0
2022-01-21 20:05:41.508273,0.0,0.0,0.0
2022-01-21 20:05:42.005544,0.0,0.0,0.0
2022-01-21 20:05:42.510361,0.0,0.0,0.0
2022-01-21 20:05:43.007928,0.0,0.0,0.0
2022-01-21 20:05:43.503981,0.0,0.0,0.0
2022-01-21 20:05:44.002315,0.0,0.0,0.0
2022-01-21 20:05:44.508703,0.0,0.0,0.0
2022-01-21 20:05:45.008242,0.0,0.0,0.0
2022-01-21 20:05:45.503407,0.0,0.0,0.0
2022-01-21 20:05:46.001987,0.0,0.0,0.0
2022-01-21 20:05:46.509550,0.0,0.0,0.0
2022-01-21 20:05:47.007825,0.0,0.0,0.0
2022-01-21 20:05:47.504388,0.0,0.0,0.0
2022-01-21 20:05:48.002401,0.0,0.0,0.0
2022-01-21 20:05:48.507867,0.0,0.0,0.0
2022-01-21 20:05:49.005918,0.0,0.0,0.0
2022-01-21 20:05:49.503302,0.0,0.0,0.0
2022-01-21 20:05:50.003308,0.0,0.0,0.0
2022-01-21 20:05:50.509065,0.0,0.0,0.0
2022-01-21 20:05:51.007530,0.0,0.0,0.0
2022-01-21 20:05:51.505069,0.0,0.0,0.0
2022-01-21 20:05:52.003388,0.0,0.0,0.0
2022-01-21 20:05:52.508539,0.0,0.0,0.0
2022-01-21 20:05:53.008167,0.0,0.0,0.0
2022-01-21 20:05:53.505130,0.0,0.0,0.0
2022-01-21 20:05:54.003289,0.0,0.0,0.0
2022-01-21 20:05:54.508431,0.0,0.0,0.0
2022-01-21 20:05:55.008084,0.0,0.0,0.0
2022-01-21 20:05:55.504034,0.0,0.0,0.0
2022-01-21 20:05:56.002929,0.0,0.0,0.0
2022-01-21 20:05:56.509072,0.0,0.0,0.0
2022-01-21 20:05:57.006732,0.0,0.0,0.0
2022-01-21 20:05:57.502261,0.0,0.0,0.0
2022-01-21 20:05:58.011077,0.0,0.0,0.0
2022-01-21 20:05:58.506811,0.0,0.0,0.0
2022-01-21 20:05:59.004166,0.0,0.0,0.0
2022-01-21 20:05:59.510592,0.0,0.0,0.0
2022-01-21 20:06:00.009941,0.0,0.0,0.0
2022-01-21 20:06:00.505878,0.0,0.0,0.0
2022-01-21 20:06:01.004260,0.0,0.0,0.0
2022-01-21 20:06:01.509182,0.0,0.0,0.0
2022-01-21 20:06:02.008592,0.0,0.0,0.0
2022-01-21 20:06:02.503123,0.0,0.0,0.0
2022-01-21 20:06:03.505086,0.0,0.0,0.0
2022-01-21 20:06:04.002572,0.0,0.0,0.0
2022-01-21 20:06:04.508994,0.0,0.0,0.0
2022-01-21 20:06:05.006554,0.0,0.0,0.0
2022-01-21 20:06:05.501110,0.0,0.0,0.0
2022-01-21 20:06:06.010392,0.0,0.0,0.0
2022-01-21 20:06:06.505121,0.0,0.0,0.0
2022-01-21 20:06:07.002744,0.0,0.0,0.0
2022-01-21 20:06:07.508539,0.0,0.0,0.0
2022-01-21 20:06:08.007267,0.0,0.0,0.0
2022-01-21 20:06:08.504203,0.0,0.0,0.0
2022-01-21 20:06:09.001336,0.0,0.0,0.0
2022-01-21 20:06:09.507923,0.0,0.0,0.0
2022-01-21 20:06:10.006368,0.0,0.0,0.0
2022-01-21 20:06:10.509946,0.0,0.0,0.0
2022-01-21 20:06:11.006063,0.0,0.0,0.0
2022-01-21 20:06:11.501914,0.0,0.0,0.0
2022-01-21 20:06:12.010347,0.0,0.0,0.0
2022-01-21 20:06:12.506229,0.0,0.0,0.0
2022-01-21 20:06:13.004756,0.0,0.0,0.0
2022-01-21 20:06:13.509096,0.0,0.0,0.0
2022-01-21 20:06:14.006673,0.0,0.0,0.0
2022-01-21 20:06:14.511107,0.0,0.0,0.0
2022-01-21 20:06:15.009160,0.0,0.0,0.0
2022-01-21 20:06:15.506014,0.0,0.0,0.0
2022-01-21 20:06:16.002795,0.0,0.0,0.0
2022-01-21 20:06:16.501072,0.0,0.0,0.0
2022-01-21 20:06:17.009344,0.0,0.0,0.0
2022-01-21 20:06:17.506412,0.0,0.0,0.0
2022-01-21 20:06:18.004701,0.0,0.0,0.0
2022-01-21 20:06:18.510070,0.0,0.0,0.0
2022-01-21 20:06:19.007101,0.0,0.0,0.0
2022-01-21 20:06:19.502909,0.0,0.0,0.0
2022-01-21 20:06:20.001135,0.0,0.0,0.0
2022-01-21 20:06:20.506692,0.0,0.0,0.0
2022-01-21 20:06:21.005398,0.0,0.0,0.0
2022-01-21 20:06:21.501109,0.0,0.0,0.0
2022-01-21 20:06:22.009856,0.0,0.0,0.0
2022-01-21 20:06:22.505894,0.0,0.0,0.0
2022-01-21 20:06:23.004629,0.0,0.0,0.0
2022-01-21 20:06:23.510347,0.0,0.0,0.0
2022-01-21 20:06:24.008598,0.0,0.0,0.0
2022-01-21 20:06:24.503216,0.0,0.0,0.0
2022-01-21 20:06:25.001965,0.0,0.0,0.0
2022-01-21 20:06:25.509790,0.0,0.0,0.0
2022-01-21 20:06:26.008058,0.0,0.0,0.0
2022-01-21 20:06:26.505329,0.0,0.0,0.0
2022-01-21 20:06:27.003825,0.0,0.0,0.0
2022-01-21 20:06:27.509895,0.0,0.0,0.0
2022-01-21 20:06:28.008551,0.0,0.0,0.0
2022-01-21 20:06:28.504971,0.0,0.0,0.0
2022-01-21 20:06:29.001656,0.0,0.0,0.0
2022-01-21 20:06:29.509488,0.0,0.0,0.0
2022-01-21 20:06:30.009060,0.0,0.0,0.0
2022-01-21 20:06:30.504844,0.0,0.0,0.0
2022-01-21 20:06:31.003486,0.0,0.0,0.0
2022-01-21 20:06:31.508716,0.0,0.0,0.0
2022-01-21 20:06:32.006725,0.0,0.0,0.0
2022-01-21 20:06:32.503448,0.0,0.0,0.0
2022-01-21 20:06:33.001928,0.0,0.0,0.0
2022-01-21 20:06:33.507809,0.0,0.0,0.0
2022-01-21 20:06:34.007173,0.0,0.0,0.0
2022-01-21 20:06:34.502303,0.0,0.0,0.0
2022-01-21 20:06:35.011067,0.0,0.0,0.0
2022-01-21 20:06:35.505263,0.0,0.0,0.0
2022-01-21 20:06:36.002739,0.0,0.0,0.0
2022-01-21 20:06:36.508402,0.0,0.0,0.0
2022-01-21 20:06:37.002208,0.0,0.0,0.0
2022-01-21 20:06:37.508629,0.0,0.0,0.0
2022-01-21 20:06:38.006319,0.0,0.0,0.0
2022-01-21 20:06:38.501853,0.0,0.0,0.0
2022-01-21 20:06:39.010417,0.0,0.0,0.0
2022-01-21 20:06:39.507425,0.0,0.0,0.0
2022-01-21 20:06:40.005168,0.0,0.0,0.0
2022-01-21 20:06:40.509801,0.0,0.0,0.0
2022-01-21 20:06:41.008247,0.0,0.0,0.0
2022-01-21 20:06:41.503989,0.0,0.0,0.0
2022-01-21 20:06:42.002676,0.0,0.0,0.0
2022-01-21 20:06:42.507908,0.0,0.0,0.0
2022-01-21 20:06:43.006819,0.0,0.0,0.0
2022-01-21 20:06:43.504121,0.0,0.0,0.0
2022-01-21 20:06:44.002720,0.0,0.0,0.0
2022-01-21 20:06:44.508209,0.0,0.0,0.0
2022-01-21 20:06:45.006852,0.0,0.0,0.0
2022-01-21 20:06:45.502242,0.0,0.0,0.0
2022-01-21 20:06:46.001560,0.0,0.0,0.0
2022-01-21 20:06:46.507958,0.0,0.0,0.0
2022-01-21 20:06:47.008250,0.0,0.0,0.0
2022-01-21 20:06:47.505146,0.0,0.0,0.0
2022-01-21 20:06:48.003754,0.0,0.0,0.0
2022-01-21 20:06:48.510759,0.0,0.0,0.0
2022-01-21 20:06:49.009336,0.0,0.0,0.0
2022-01-21 20:06:49.505556,0.0,0.0,0.0
2022-01-21 20:06:50.003921,0.0,0.0,0.0
2022-01-21 20:06:50.509496,0.0,0.0,0.0
2022-01-21 20:06:51.007936,0.0,0.0,0.0
2022-01-21 20:06:51.502774,0.0,0.0,0.0
2022-01-21 20:06:52.010766,0.0,0.0,0.0
2022-01-21 20:06:52.510419,0.0,0.0,0.0
2022-01-21 20:06:53.009153,0.0,0.0,0.0
2022-01-21 20:06:53.504090,0.0,0.0,0.0
2022-01-21 20:06:54.002280,0.0,0.0,0.0
2022-01-21 20:06:54.509044,0.0,0.0,0.0
2022-01-21 20:06:55.006287,0.0,0.0,0.0
2022-01-21 20:06:55.501202,0.0,0.0,0.0
2022-01-21 20:06:56.009128,0.0,0.0,0.0
2022-01-21 20:06:56.506218,0.0,0.0,0.0
2022-01-21 20:06:57.004002,0.0,0.0,0.0
2022-01-21 20:06:57.508798,0.0,0.0,0.0
2022-01-21 20:06:58.006852,0.0,0.0,0.0
2022-01-21 20:06:58.502260,0.0,0.0,0.0
2022-01-21 20:06:59.010835,0.0,0.0,0.0
2022-01-21 20:06:59.505809,0.0,0.0,0.0
2022-01-21 20:07:00.002564,0.0,0.0,0.0
2022-01-21 20:07:00.508236,0.0,0.0,0.0
2022-01-21 20:07:01.006480,0.0,0.0,0.0
2022-01-21 20:07:01.501774,0.0,0.0,0.0
2022-01-21 20:07:02.010237,0.0,0.0,0.0
2022-01-21 20:07:02.505766,0.0,0.0,0.0
2022-01-21 20:07:03.002809,0.0,0.0,0.0
2022-01-21 20:07:03.508328,0.0,0.0,0.0
2022-01-21 20:07:04.007193,0.0,0.0,0.0
2022-01-21 20:07:04.502495,0.0,0.0,0.0
2022-01-21 20:07:05.504493,0.0,0.0,0.0
2022-01-21 20:07:06.002710,0.0,0.0,0.0
2022-01-21 20:07:06.508880,0.0,0.0,0.0
2022-01-21 20:07:07.006256,0.0,0.0,0.0
2022-01-21 20:07:07.510394,0.0,0.0,0.0
2022-01-21 20:07:08.008595,0.0,0.0,0.0
2022-01-21 20:07:08.504726,0.0,0.0,0.0
2022-01-21 20:07:09.005632,0.0,0.0,0.0
2022-01-21 20:07:09.501731,0.0,0.0,0.0
2022-01-21 20:07:10.505083,0.0,0.0,0.0
2022-01-21 20:07:11.009564,0.0,0.0,0.0
2022-01-21 20:07:11.505875,0.0,0.0,0.0
2022-01-21 20:07:12.003947,0.0,0.0,0.0
2022-01-21 20:07:12.509443,0.0,0.0,0.0
2022-01-21 20:07:13.008058,0.0,0.0,0.0
2022-01-21 20:07:13.503252,0.0,0.0,0.0
2022-01-21 20:07:14.002984,0.0,0.0,0.0
2022-01-21 20:07:14.509039,0.0,0.0,0.0
2022-01-21 20:07:15.009725,0.0,0.0,0.0
2022-01-21 20:07:15.505186,0.0,0.0,0.0
2022-01-21 20:07:16.003340,0.0,0.0,0.0
2022-01-21 20:07:16.508072,0.0,0.0,0.0
2022-01-21 20:07:17.005895,0.0,0.0,0.0
2022-01-21 20:07:17.500985,0.0,0.0,0.0
2022-01-21 20:07:18.010475,0.0,0.0,0.0
2022-01-21 20:07:18.506250,0.0,0.0,0.0
2022-01-21 20:07:19.004306,0.0,0.0,0.0
2022-01-21 20:07:19.509446,0.0,0.0,0.0
2022-01-21 20:07:20.007910,0.0,0.0,0.0
2022-01-21 20:07:20.505528,0.0,0.0,0.0
2022-01-21 20:07:21.005122,0.0,0.0,0.0
2022-01-21 20:07:21.501027,0.0,0.0,0.0
2022-01-21 20:07:22.009192,0.0,0.0,0.0
2022-01-21 20:07:22.508407,0.0,0.0,0.0
2022-01-21 20:07:23.007659,0.0,0.0,0.0
2022-01-21 20:07:23.503809,0.0,0.0,0.0
2022-01-21 20:07:24.002035,0.0,0.0,0.0
2022-01-21 20:07:24.510502,0.0,0.0,0.0
2022-01-21 20:07:25.008722,0.0,0.0,0.0
2022-01-21 20:07:25.505936,0.0,0.0,0.0
2022-01-21 20:07:26.004159,0.0,0.0,0.0
2022-01-21 20:07:26.510161,0.0,0.0,0.0
2022-01-21 20:07:27.007717,0.0,0.0,0.0
2022-01-21 20:07:27.503209,0.0,0.0,0.0
2022-01-21 20:07:28.010619,0.0,0.0,0.0
2022-01-21 20:07:28.506294,0.0,0.0,0.0
2022-01-21 20:07:29.003464,0.0,0.0,0.0
2022-01-21 20:07:29.508940,0.0,0.0,0.0
2022-01-21 20:07:30.008105,0.0,0.0,0.0
2022-01-21 20:07:30.504465,0.0,0.0,0.0
2022-01-21 20:07:31.003080,0.0,0.0,0.0
2022-01-21 20:07:31.507606,0.0,0.0,0.0
2022-01-21 20:07:32.006562,0.0,0.0,0.0
2022-01-21 20:07:32.501868,0.0,0.0,0.0
2022-01-21 20:07:33.009983,0.0,0.0,0.0
2022-01-21 20:07:33.507083,0.0,0.0,0.0
2022-01-21 20:07:34.008070,0.0,0.0,0.0
2022-01-21 20:07:34.503358,0.0,0.0,0.0
2022-01-21 20:07:35.010864,0.0,0.0,0.0
2022-01-21 20:07:35.505913,0.0,0.0,0.0
2022-01-21 20:07:36.004622,0.0,0.0,0.0
2022-01-21 20:07:36.510696,0.0,0.0,0.0
2022-01-21 20:07:37.007026,0.0,0.0,0.0
2022-01-21 20:07:37.502880,0.0,0.0,0.0
2022-01-21 20:07:38.001793,0.0,0.0,0.0
2022-01-21 20:07:38.508421,0.0,0.0,0.0
2022-01-21 20:07:39.010224,0.0,0.0,0.0
2022-01-21 20:07:39.505852,0.0,0.0,0.0
2022-01-21 20:07:40.004633,0.0,0.0,0.0
2022-01-21 20:07:40.509269,0.0,0.0,0.0
2022-01-21 20:07:41.007273,0.0,0.0,0.0
2022-01-21 20:07:41.502832,0.0,0.0,0.0
2022-01-21 20:07:42.011162,0.0,0.0,0.0
2022-01-21 20:07:42.505987,0.0,0.0,0.0
2022-01-21 20:07:43.005110,0.0,0.0,0.0
2022-01-21 20:07:43.501665,0.0,0.0,0.0
2022-01-21 20:07:44.009391,0.0,0.0,0.0
2022-01-21 20:07:44.504630,0.0,0.0,0.0
2022-01-21 20:07:45.002545,0.0,0.0,0.0
2022-01-21 20:07:45.509305,0.0,0.0,0.0
2022-01-21 20:07:46.007925,0.0,0.0,0.0
2022-01-21 20:07:46.501296,0.0,0.0,0.0
2022-01-21 20:07:47.010978,0.0,0.0,0.0
2022-01-21 20:07:47.505973,0.0,0.0,0.0
2022-01-21 20:07:48.005478,0.0,0.0,0.0
2022-01-21 20:07:48.510339,0.0,0.0,0.0
2022-01-21 20:07:49.008272,0.0,0.0,0.0
2022-01-21 20:07:49.503618,0.0,0.0,0.0
2022-01-21 20:07:50.001418,0.0,0.0,0.0
2022-01-21 20:07:50.508751,0.0,0.0,0.0
2022-01-21 20:07:51.006655,0.0,0.0,0.0
2022-01-21 20:07:51.503430,0.0,0.0,0.0
2022-01-21 20:07:52.002371,0.0,0.0,0.0
2022-01-21 20:07:52.508981,0.0,0.0,0.0
2022-01-21 20:07:53.007142,0.0,0.0,0.0
2022-01-21 20:07:53.502735,0.0,0.0,0.0
2022-01-21 20:07:54.011239,0.0,0.0,0.0
2022-01-21 20:07:54.507470,0.0,0.0,0.0
2022-01-21 20:07:55.006514,0.0,0.0,0.0
2022-01-21 20:07:55.501255,0.0,0.0,0.0
2022-01-21 20:07:56.001204,0.0,0.0,0.0
2022-01-21 20:07:56.506346,0.0,0.0,0.0
2022-01-21 20:07:57.004988,0.0,0.0,0.0
2022-01-21 20:07:57.510458,0.0,0.0,0.0
2022-01-21 20:07:58.007371,0.0,0.0,0.0
2022-01-21 20:07:58.504017,0.0,0.0,0.0
2022-01-21 20:07:59.002640,0.0,0.0,0.0
2022-01-21 20:07:59.507716,0.0,0.0,0.0
2022-01-21 20:08:00.004846,0.0,0.0,0.0
2022-01-21 20:08:00.502291,0.0,0.0,0.0
2022-01-21 20:08:01.009496,0.0,0.0,0.0
2022-01-21 20:08:01.505488,0.0,0.0,0.0
2022-01-21 20:08:02.004293,0.0,0.0,0.0
2022-01-21 20:08:02.509212,0.0,0.0,0.0
2022-01-21 20:08:03.007808,0.0,0.0,0.0
2022-01-21 20:08:03.504643,0.0,0.0,0.0
2022-01-21 20:08:04.003352,0.0,0.0,0.0
2022-01-21 20:08:04.510146,0.0,0.0,0.0
2022-01-21 20:08:05.009252,0.0,0.0,0.0
2022-01-21 20:08:05.505830,0.0,0.0,0.0
2022-01-21 20:08:06.003958,0.0,0.0,0.0
2022-01-21 20:08:06.508510,0.0,0.0,0.0
2022-01-21 20:08:07.006986,0.0,0.0,0.0
2022-01-21 20:08:07.501097,0.0,0.0,0.0
2022-01-21 20:08:08.010277,0.0,0.0,0.0
2022-01-21 20:08:08.504660,0.0,0.0,0.0
2022-01-21 20:08:09.002373,0.0,0.0,0.0
2022-01-21 20:08:09.509264,0.0,0.0,0.0
2022-01-21 20:08:10.007283,0.0,0.0,0.0
2022-01-21 20:08:10.502387,0.0,0.0,0.0
2022-01-21 20:08:11.006228,0.0,0.0,0.0
2022-01-21 20:08:11.502412,0.0,0.0,0.0
2022-01-21 20:08:12.002729,0.0,0.0,0.0
2022-01-21 20:08:12.508202,0.0,0.0,0.0
2022-01-21 20:08:13.007432,0.0,0.0,0.0
2022-01-21 20:08:13.502767,0.0,0.0,0.0
2022-01-21 20:08:14.001989,0.0,0.0,0.0
2022-01-21 20:08:14.507593,0.0,0.0,0.0
2022-01-21 20:08:15.006672,0.0,0.0,0.0
2022-01-21 20:08:15.502407,0.0,0.0,0.0
2022-01-21 20:08:16.009494,0.0,0.0,0.0
2022-01-21 20:08:16.504768,0.0,0.0,0.0
2022-01-21 20:08:17.003328,0.0,0.0,0.0
2022-01-21 20:08:17.511152,0.0,0.0,0.0
2022-01-21 20:08:18.008556,0.0,0.0,0.0
2022-01-21 20:08:18.506252,0.0,0.0,0.0
2022-01-21 20:08:19.004975,0.0,0.0,0.0
2022-01-21 20:08:19.501904,0.0,0.0,0.0
2022-01-21 20:08:20.010529,0.0,0.0,0.0
2022-01-21 20:08:20.506876,0.0,0.0,0.0
2022-01-21 20:08:21.005903,0.0,0.0,0.0
2022-01-21 20:08:21.510404,0.0,0.0,0.0
2022-01-21 20:08:22.009877,0.0,0.0,0.0
2022-01-21 20:08:22.505781,0.0,0.0,0.0
2022-01-21 20:08:23.004913,0.0,0.0,0.0
2022-01-21 20:08:23.511137,0.0,0.0,0.0
2022-01-21 20:08:24.009411,0.0,0.0,0.0
2022-01-21 20:08:24.504719,0.0,0.0,0.0
2022-01-21 20:08:25.002650,0.0,0.0,0.0
2022-01-21 20:08:25.509187,0.0,0.0,0.0
2022-01-21 20:08:26.006747,0.0,0.0,0.0
2022-01-21 20:08:26.502440,0.0,0.0,0.0
2022-01-21 20:08:27.001189,0.0,0.0,0.0
2022-01-21 20:08:27.507419,0.0,0.0,0.0
2022-01-21 20:08:28.008809,0.0,0.0,0.0
2022-01-21 20:08:28.503488,0.0,0.0,0.0
2022-01-21 20:08:29.001676,0.0,0.0,0.0
2022-01-21 20:08:29.508632,0.0,0.0,0.0
2022-01-21 20:08:30.007273,0.0,0.0,0.0
2022-01-21 20:08:30.503258,0.0,0.0,0.0
2022-01-21 20:08:31.010878,0.0,0.0,0.0
2022-01-21 20:08:31.506411,0.0,0.0,0.0
2022-01-21 20:08:32.005066,0.0,0.0,0.0
2022-01-21 20:08:32.502390,0.0,0.0,0.0
2022-01-21 20:08:33.010970,0.0,0.0,0.0
2022-01-21 20:08:33.503044,0.0,0.0,0.0
2022-01-21 20:08:34.001507,0.0,0.0,0.0
2022-01-21 20:08:34.507056,0.0,0.0,0.0
2022-01-21 20:08:35.006786,0.0,0.0,0.0
2022-01-21 20:08:35.502398,0.0,0.0,0.0
2022-01-21 20:08:36.010355,0.0,0.0,0.0
2022-01-21 20:08:36.504715,0.0,0.0,0.0
2022-01-21 20:08:37.004848,0.0,0.0,0.0
2022-01-21 20:08:37.509846,0.0,0.0,0.0
2022-01-21 20:08:38.008554,0.0,0.0,0.0
2022-01-21 20:08:38.502788,0.0,0.0,0.0
2022-01-21 20:08:39.001620,0.0,0.0,0.0
2022-01-21 20:08:39.510619,0.0,0.0,0.0
2022-01-21 20:08:40.008470,0.0,0.0,0.0
2022-01-21 20:08:40.504542,0.0,0.0,0.0
2022-01-21 20:08:41.002921,0.0,0.0,0.0
2022-01-21 20:08:41.511044,0.0,0.0,0.0
2022-01-21 20:08:42.003913,0.0,0.0,0.0
2022-01-21 20:08:42.510808,0.0,0.0,0.0
2022-01-21 20:08:43.008375,0.0,0.0,0.0
2022-01-21 20:08:43.504930,0.0,0.0,0.0
2022-01-21 20:08:44.003121,0.0,0.0,0.0
2022-01-21 20:08:44.508001,0.0,0.0,0.0
2022-01-21 20:08:45.006474,0.0,0.0,0.0
2022-01-21 20:08:45.504137,0.0,0.0,0.0
2022-01-21 20:08:46.003184,0.0,0.0,0.0
2022-01-21 20:08:46.508928,0.0,0.0,0.0
2022-01-21 20:08:47.006779,0.0,0.0,0.0
2022-01-21 20:08:47.501073,0.0,0.0,0.0
2022-01-21 20:08:48.010046,0.0,0.0,0.0
2022-01-21 20:08:48.506403,0.0,0.0,0.0
2022-01-21 20:08:49.003697,0.0,0.0,0.0
2022-01-21 20:08:49.508729,0.0,0.0,0.0
2022-01-21 20:08:50.006742,0.0,0.0,0.0
2022-01-21 20:08:50.502949,0.0,0.0,0.0
2022-01-21 20:08:51.010499,0.0,0.0,0.0
2022-01-21 20:08:51.507248,0.0,0.0,0.0
2022-01-21 20:08:52.005667,0.0,0.0,0.0
2022-01-21 20:08:52.501478,0.0,0.0,0.0
2022-01-21 20:08:53.010303,0.0,0.0,0.0
2022-01-21 20:08:53.506803,0.0,0.0,0.0
2022-01-21 20:08:54.003922,0.0,0.0,0.0
2022-01-21 20:08:54.502768,0.0,0.0,0.0
2022-01-21 20:08:55.001206,0.0,0.0,0.0
2022-01-21 20:08:55.506086,0.0,0.0,0.0
2022-01-21 20:08:56.003855,0.0,0.0,0.0
2022-01-21 20:08:56.509139,0.0,0.0,0.0
2022-01-21 20:08:57.006879,0.0,0.0,0.0
2022-01-21 20:08:57.503427,0.0,0.0,0.0
2022-01-21 20:08:58.002654,0.0,0.0,0.0
2022-01-21 20:08:58.510701,0.0,0.0,0.0
2022-01-21 20:08:59.010201,0.0,0.0,0.0
2022-01-21 20:08:59.505059,0.0,0.0,0.0
2022-01-21 20:09:00.003161,0.0,0.0,0.0
2022-01-21 20:09:00.506509,0.0,0.0,0.0
2022-01-21 20:09:01.004050,0.0,0.0,0.0
2022-01-21 20:09:01.509088,0.0,0.0,0.0
2022-01-21 20:09:02.007153,0.0,0.0,0.0
2022-01-21 20:09:02.504505,0.0,0.0,0.0
2022-01-21 20:09:03.001431,0.0,0.0,0.0
2022-01-21 20:09:03.506459,0.0,0.0,0.0
2022-01-21 20:09:04.005255,0.0,0.0,0.0
2022-01-21 20:09:04.502092,0.0,0.0,0.0
2022-01-21 20:09:05.010671,0.0,0.0,0.0
2022-01-21 20:09:05.506786,0.0,0.0,0.0
2022-01-21 20:09:06.006496,0.0,0.0,0.0
2022-01-21 20:09:06.502375,0.0,0.0,0.0
2022-01-21 20:09:07.001531,0.0,0.0,0.0
2022-01-21 20:09:07.508339,0.0,0.0,0.0
2022-01-21 20:09:08.007059,0.0,0.0,0.0
2022-01-21 20:09:08.501431,0.0,0.0,0.0
2022-01-21 20:09:09.010216,0.0,0.0,0.0
2022-01-21 20:09:09.506623,0.0,0.0,0.0
2022-01-21 20:09:10.003991,0.0,0.0,0.0
2022-01-21 20:09:10.509037,0.0,0.0,0.0
2022-01-21 20:09:11.002634,0.0,0.0,0.0
2022-01-21 20:09:11.510022,0.0,0.0,0.0
2022-01-21 20:09:12.003152,0.0,0.0,0.0
2022-01-21 20:09:12.508519,0.0,0.0,0.0
2022-01-21 20:09:13.006456,0.0,0.0,0.0
2022-01-21 20:09:13.504571,0.0,0.0,0.0
2022-01-21 20:09:14.002232,0.0,0.0,0.0
2022-01-21 20:09:14.507867,0.0,0.0,0.0
2022-01-21 20:09:15.007056,0.0,0.0,0.0
2022-01-21 20:09:15.501940,0.0,0.0,0.0
2022-01-21 20:09:16.001122,0.0,0.0,0.0
2022-01-21 20:09:16.506701,0.0,0.0,0.0
2022-01-21 20:09:17.006176,0.0,0.0,0.0
2022-01-21 20:09:17.502737,0.0,0.0,0.0
2022-01-21 20:09:18.001116,0.0,0.0,0.0
2022-01-21 20:09:18.506309,0.0,0.0,0.0
2022-01-21 20:09:19.006224,0.0,0.0,0.0
2022-01-21 20:09:19.501678,0.0,0.0,0.0
2022-01-21 20:09:20.002712,0.0,0.0,0.0
2022-01-21 20:09:20.508657,0.0,0.0,0.0
2022-01-21 20:09:21.007107,0.0,0.0,0.0
2022-01-21 20:09:21.503587,0.0,0.0,0.0
2022-01-21 20:09:22.001300,0.0,0.0,0.0
2022-01-21 20:09:22.508429,0.0,0.0,0.0
2022-01-21 20:09:23.007529,0.0,0.0,0.0
2022-01-21 20:09:23.503135,0.0,0.0,0.0
2022-01-21 20:09:24.002414,0.0,0.0,0.0
2022-01-21 20:09:24.509028,0.0,0.0,0.0
2022-01-21 20:09:25.007802,0.0,0.0,0.0
2022-01-21 20:09:25.502724,0.0,0.0,0.0
2022-01-21 20:09:26.011135,0.0,0.0,0.0
2022-01-21 20:09:26.506764,0.0,0.0,0.0
2022-01-21 20:09:27.004396,0.0,0.0,0.0
2022-01-21 20:09:27.501336,0.0,0.0,0.0
2022-01-21 20:09:28.010514,0.0,0.0,0.0
2022-01-21 20:09:28.506787,0.0,0.0,0.0
2022-01-21 20:09:29.005935,0.0,0.0,0.0
2022-01-21 20:09:29.510669,0.0,0.0,0.0
2022-01-21 20:09:30.007836,0.0,0.0,0.0
2022-01-21 20:09:30.504677,0.0,0.0,0.0
2022-01-21 20:09:31.002257,0.0,0.0,0.0
2022-01-21 20:09:31.507474,0.0,0.0,0.0
2022-01-21 20:09:32.007363,0.0,0.0,0.0
2022-01-21 20:09:32.502650,0.0,0.0,0.0
2022-01-21 20:09:33.001201,0.0,0.0,0.0
2022-01-21 20:09:33.508483,0.0,0.0,0.0
2022-01-21 20:09:34.006831,0.0,0.0,0.0
2022-01-21 20:09:34.502043,0.0,0.0,0.0
2022-01-21 20:09:35.010503,0.0,0.0,0.0
2022-01-21 20:09:35.504151,0.0,0.0,0.0
2022-01-21 20:09:36.005033,0.0,0.0,0.0
2022-01-21 20:09:36.510084,0.0,0.0,0.0
2022-01-21 20:09:37.010379,0.0,0.0,0.0
2022-01-21 20:09:37.506359,0.0,0.0,0.0
2022-01-21 20:09:38.006991,0.0,0.0,0.0
2022-01-21 20:09:38.502767,0.0,0.0,0.0
2022-01-21 20:09:39.003622,0.0,0.0,0.0
2022-01-21 20:09:39.510127,0.0,0.0,0.0
2022-01-21 20:09:40.008515,0.0,0.0,0.0
2022-01-21 20:09:40.503985,0.0,0.0,0.0
2022-01-21 20:09:41.002812,0.0,0.0,0.0
2022-01-21 20:09:41.508984,0.0,0.0,0.0
2022-01-21 20:09:42.003988,0.0,0.0,0.0
2022-01-21 20:09:42.511000,0.0,0.0,0.0
2022-01-21 20:09:43.009181,0.0,0.0,0.0
2022-01-21 20:09:43.507264,0.0,0.0,0.0
2022-01-21 20:09:44.005653,0.0,0.0,0.0
2022-01-21 20:09:44.502114,0.0,0.0,0.0
2022-01-21 20:09:45.010770,0.0,0.0,0.0
2022-01-21 20:09:45.506505,0.0,0.0,0.0
2022-01-21 20:09:46.004982,0.0,0.0,0.0
2022-01-21 20:09:46.510653,0.0,0.0,0.0
2022-01-21 20:09:47.008555,0.0,0.0,0.0
2022-01-21 20:09:47.504457,0.0,0.0,0.0
2022-01-21 20:09:48.004347,0.0,0.0,0.0
2022-01-21 20:09:48.510280,0.0,0.0,0.0
2022-01-21 20:09:49.007928,0.0,0.0,0.0
2022-01-21 20:09:50.005522,0.0,0.0,0.0
2022-01-21 20:09:50.501802,0.0,0.0,0.0
2022-01-21 20:09:51.010995,0.0,0.0,0.0
2022-01-21 20:09:51.506519,0.0,0.0,0.0
2022-01-21 20:09:52.005500,0.0,0.0,0.0
2022-01-21 20:09:52.501492,0.0,0.0,0.0
2022-01-21 20:09:53.010236,0.0,0.0,0.0
2022-01-21 20:09:53.505847,0.0,0.0,0.0
2022-01-21 20:09:54.004317,0.0,0.0,0.0
2022-01-21 20:09:54.508675,0.0,0.0,0.0
2022-01-21 20:09:55.007820,0.0,0.0,0.0
2022-01-21 20:09:55.502651,0.0,0.0,0.0
2022-01-21 20:09:56.010297,0.0,0.0,0.0
2022-01-21 20:09:56.506298,0.0,0.0,0.0
2022-01-21 20:09:57.004153,0.0,0.0,0.0
2022-01-21 20:09:57.509719,0.0,0.0,0.0
2022-01-21 20:09:58.007465,0.0,0.0,0.0
2022-01-21 20:09:58.503362,0.0,0.0,0.0
2022-01-21 20:09:59.001819,0.0,0.0,0.0
2022-01-21 20:09:59.507423,0.0,0.0,0.0
2022-01-21 20:10:00.006048,0.0,0.0,0.0
2022-01-21 20:10:00.501450,0.0,0.0,0.0
2022-01-21 20:10:01.008984,0.0,0.0,0.0
2022-01-21 20:10:01.505831,0.0,0.0,0.0
2022-01-21 20:10:02.004073,0.0,0.0,0.0
2022-01-21 20:10:02.509176,0.0,0.0,0.0
2022-01-21 20:10:03.006814,0.0,0.0,0.0
2022-01-21 20:10:03.501434,0.0,0.0,0.0
2022-01-21 20:10:04.006718,0.0,0.0,0.0
2022-01-21 20:10:04.503309,0.0,0.0,0.0
2022-01-21 20:10:05.003245,0.0,0.0,0.0
2022-01-21 20:10:05.509351,0.0,0.0,0.0
2022-01-21 20:10:06.008334,0.0,0.0,0.0
2022-01-21 20:10:06.502553,0.0,0.0,0.0
2022-01-21 20:10:07.010787,0.0,0.0,0.0
2022-01-21 20:10:07.504998,0.0,0.0,0.0
2022-01-21 20:10:08.003406,0.0,0.0,0.0
2022-01-21 20:10:08.508102,0.0,0.0,0.0
2022-01-21 20:10:09.006694,0.0,0.0,0.0
2022-01-21 20:10:09.504563,0.0,0.0,0.0
2022-01-21 20:10:10.004070,0.0,0.0,0.0
2022-01-21 20:10:10.509858,0.0,0.0,0.0
2022-01-21 20:10:11.004280,0.0,0.0,0.0
2022-01-21 20:10:11.501678,0.0,0.0,0.0
2022-01-21 20:10:12.010969,0.0,0.0,0.0
2022-01-21 20:10:12.506852,0.0,0.0,0.0
2022-01-21 20:10:13.005465,0.0,0.0,0.0
2022-01-21 20:10:13.506301,0.0,0.0,0.0
2022-01-21 20:10:14.004693,0.0,0.0,0.0
2022-01-21 20:10:14.509487,0.0,0.0,0.0
2022-01-21 20:10:15.008747,0.0,0.0,0.0
2022-01-21 20:10:15.502812,0.0,0.0,0.0
2022-01-21 20:10:16.002136,0.0,0.0,0.0
2022-01-21 20:10:16.508234,0.0,0.0,0.0
2022-01-21 20:10:17.006054,0.0,0.0,0.0
2022-01-21 20:10:17.501923,0.0,0.0,0.0
2022-01-21 20:10:18.010705,0.0,0.0,0.0
2022-01-21 20:10:18.506183,0.0,0.0,0.0
2022-01-21 20:10:19.004031,0.0,0.0,0.0
2022-01-21 20:10:19.509738,0.0,0.0,0.0
2022-01-21 20:10:20.008586,0.0,0.0,0.0
2022-01-21 20:10:20.505107,0.0,0.0,0.0
2022-01-21 20:10:21.003181,0.0,0.0,0.0
2022-01-21 20:10:21.507526,0.0,0.0,0.0
2022-01-21 20:10:22.006932,0.0,0.0,0.0
2022-01-21 20:10:22.504318,0.0,0.0,0.0
2022-01-21 20:10:23.001997,0.0,0.0,0.0
2022-01-21 20:10:23.508432,0.0,0.0,0.0
2022-01-21 20:10:24.008418,0.0,0.0,0.0
2022-01-21 20:10:24.503284,0.0,0.0,0.0
2022-01-21 20:10:25.002607,0.0,0.0,0.0
2022-01-21 20:10:25.510672,0.0,0.0,0.0
2022-01-21 20:10:26.008563,0.0,0.0,0.0
2022-01-21 20:10:26.502407,0.0,0.0,0.0
2022-01-21 20:10:27.002448,0.0,0.0,0.0
2022-01-21 20:10:27.508836,0.0,0.0,0.0
2022-01-21 20:10:28.005875,0.0,0.0,0.0
2022-01-21 20:10:28.501667,0.0,0.0,0.0
2022-01-21 20:10:29.010158,0.0,0.0,0.0
2022-01-21 20:10:29.505327,0.0,0.0,0.0
2022-01-21 20:10:30.004216,0.0,0.0,0.0
2022-01-21 20:10:30.509498,0.0,0.0,0.0
2022-01-21 20:10:31.007506,0.0,0.0,0.0
2022-01-21 20:10:31.505075,0.0,0.0,0.0
2022-01-21 20:10:32.002690,0.0,0.0,0.0
2022-01-21 20:10:32.507890,0.0,0.0,0.0
2022-01-21 20:10:33.006071,0.0,0.0,0.0
2022-01-21 20:10:33.501940,0.0,0.0,0.0
2022-01-21 20:10:34.008945,0.0,0.0,0.0
2022-01-21 20:10:34.504969,0.0,0.0,0.0
2022-01-21 20:10:35.003958,0.0,0.0,0.0
2022-01-21 20:10:35.508182,0.0,0.0,0.0
2022-01-21 20:10:36.007171,0.0,0.0,0.0
2022-01-21 20:10:36.503253,0.0,0.0,0.0
2022-01-21 20:10:37.001338,0.0,0.0,0.0
2022-01-21 20:10:37.508235,0.0,0.0,0.0
2022-01-21 20:10:38.006762,0.0,0.0,0.0
2022-01-21 20:10:38.502414,0.0,0.0,0.0
2022-01-21 20:10:39.009680,0.0,0.0,0.0
2022-01-21 20:10:39.509265,0.0,0.0,0.0
2022-01-21 20:10:40.006850,0.0,0.0,0.0
2022-01-21 20:10:40.503390,0.0,0.0,0.0
2022-01-21 20:10:41.002362,0.0,0.0,0.0
2022-01-21 20:10:41.509342,0.0,0.0,0.0
2022-01-21 20:10:42.007812,0.0,0.0,0.0
2022-01-21 20:10:42.504681,0.0,0.0,0.0
2022-01-21 20:10:43.004220,0.0,0.0,0.0
2022-01-21 20:10:43.509012,0.0,0.0,0.0
2022-01-21 20:10:44.006950,0.0,0.0,0.0
2022-01-21 20:10:44.503592,0.0,0.0,0.0
2022-01-21 20:10:45.002707,0.0,0.0,0.0
2022-01-21 20:10:45.508046,0.0,0.0,0.0
2022-01-21 20:10:46.008512,0.0,0.0,0.0
2022-01-21 20:10:46.502743,0.0,0.0,0.0
2022-01-21 20:10:47.002695,0.0,0.0,0.0
2022-01-21 20:10:47.508770,0.0,0.0,0.0
2022-01-21 20:10:48.007885,0.0,0.0,0.0
2022-01-21 20:10:48.504981,0.0,0.0,0.0
2022-01-21 20:10:49.003991,0.0,0.0,0.0
2022-01-21 20:10:49.501765,0.0,0.0,0.0
2022-01-21 20:10:50.010420,0.0,0.0,0.0
2022-01-21 20:10:50.509295,0.0,0.0,0.0
2022-01-21 20:10:51.008626,0.0,0.0,0.0
2022-01-21 20:10:51.504668,0.0,0.0,0.0
2022-01-21 20:10:52.003726,0.0,0.0,0.0
2022-01-21 20:10:52.508873,0.0,0.0,0.0
2022-01-21 20:10:53.007180,0.0,0.0,0.0
2022-01-21 20:10:53.502332,0.0,0.0,0.0
2022-01-21 20:10:54.010568,0.0,0.0,0.0
2022-01-21 20:10:54.506376,0.0,0.0,0.0
2022-01-21 20:10:55.006157,0.0,0.0,0.0
2022-01-21 20:10:55.501719,0.0,0.0,0.0
2022-01-21 20:10:56.010324,0.0,0.0,0.0
2022-01-21 20:10:56.505349,0.0,0.0,0.0
2022-01-21 20:10:57.004999,0.0,0.0,0.0
2022-01-21 20:10:57.510414,0.0,0.0,0.0
2022-01-21 20:10:58.008727,0.0,0.0,0.0
2022-01-21 20:10:58.504697,0.0,0.0,0.0
2022-01-21 20:10:59.002643,0.0,0.0,0.0
2022-01-21 20:10:59.510146,0.0,0.0,0.0
2022-01-21 20:11:00.009144,0.0,0.0,0.0
2022-01-21 20:11:00.503378,0.0,0.0,0.0
2022-01-21 20:11:01.002308,0.0,0.0,0.0
2022-01-21 20:11:01.506375,0.0,0.0,0.0
2022-01-21 20:11:02.005533,0.0,0.0,0.0
2022-01-21 20:11:02.501238,0.0,0.0,0.0
2022-01-21 20:11:03.010314,0.0,0.0,0.0
2022-01-21 20:11:03.505728,0.0,0.0,0.0
2022-01-21 20:11:04.003601,0.0,0.0,0.0
2022-01-21 20:11:04.510469,0.0,0.0,0.0
2022-01-21 20:11:05.007564,0.0,0.0,0.0
2022-01-21 20:11:05.501768,0.0,0.0,0.0
2022-01-21 20:11:06.009789,0.0,0.0,0.0
2022-01-21 20:11:06.505148,0.0,0.0,0.0
2022-01-21 20:11:07.002603,0.0,0.0,0.0
2022-01-21 20:11:07.508751,0.0,0.0,0.0
2022-01-21 20:11:08.007908,0.0,0.0,0.0
2022-01-21 20:11:08.503190,0.0,0.0,0.0
2022-01-21 20:11:09.002201,0.0,0.0,0.0
2022-01-21 20:11:09.507522,0.0,0.0,0.0
2022-01-21 20:11:10.007034,0.0,0.0,0.0
2022-01-21 20:11:10.502035,0.0,0.0,0.0
2022-01-21 20:11:11.006312,0.0,0.0,0.0
2022-01-21 20:11:11.502970,0.0,0.0,0.0
2022-01-21 20:11:12.002586,0.0,0.0,0.0
2022-01-21 20:11:12.509789,0.0,0.0,0.0
2022-01-21 20:11:13.008010,0.0,0.0,0.0
2022-01-21 20:11:13.503472,0.0,0.0,0.0
2022-01-21 20:11:14.001559,0.0,0.0,0.0
2022-01-21 20:11:14.506805,0.0,0.0,0.0
2022-01-21 20:11:15.004609,0.0,0.0,0.0
2022-01-21 20:11:15.510419,0.0,0.0,0.0
2022-01-21 20:11:16.009737,0.0,0.0,0.0
2022-01-21 20:11:16.507003,0.0,0.0,0.0
2022-01-21 20:11:17.005163,0.0,0.0,0.0
2022-01-21 20:11:17.501211,0.0,0.0,0.0
2022-01-21 20:11:18.003495,0.0,0.0,0.0
2022-01-21 20:11:18.510043,0.0,0.0,0.0
2022-01-21 20:11:19.009914,0.0,0.0,0.0
2022-01-21 20:11:19.506319,0.0,0.0,0.0
2022-01-21 20:11:20.005085,0.0,0.0,0.0
2022-01-21 20:11:20.509375,0.0,0.0,0.0
2022-01-21 20:11:21.008676,0.0,0.0,0.0
2022-01-21 20:11:21.504728,0.0,0.0,0.0
2022-01-21 20:11:22.004507,0.0,0.0,0.0
2022-01-21 20:11:22.510077,0.0,0.0,0.0
2022-01-21 20:11:23.008359,0.0,0.0,0.0
2022-01-21 20:11:23.503892,0.0,0.0,0.0
2022-01-21 20:11:24.003430,0.0,0.0,0.0
2022-01-21 20:11:24.509157,0.0,0.0,0.0
2022-01-21 20:11:25.007659,0.0,0.0,0.0
2022-01-21 20:11:25.505828,0.0,0.0,0.0
2022-01-21 20:11:26.004012,0.0,0.0,0.0
2022-01-21 20:11:27.005143,0.0,0.0,0.0
2022-01-21 20:11:27.501320,0.0,0.0,0.0
2022-01-21 20:11:28.009822,0.0,0.0,0.0
2022-01-21 20:11:28.505158,0.0,0.0,0.0
2022-01-21 20:11:29.004712,0.0,0.0,0.0
2022-01-21 20:11:29.510779,0.0,0.0,0.0
2022-01-21 20:11:30.009547,0.0,0.0,0.0
2022-01-21 20:11:30.505155,0.0,0.0,0.0
2022-01-21 20:11:31.002552,0.0,0.0,0.0
2022-01-21 20:11:31.509087,0.0,0.0,0.0
2022-01-21 20:11:32.006859,0.0,0.0,0.0
2022-01-21 20:11:32.502892,0.0,0.0,0.0
2022-01-21 20:11:33.002306,0.0,0.0,0.0
2022-01-21 20:11:33.507381,0.0,0.0,0.0
2022-01-21 20:11:34.007259,0.0,0.0,0.0
2022-01-21 20:11:34.501967,0.0,0.0,0.0
2022-01-21 20:11:35.001057,0.0,0.0,0.0
2022-01-21 20:11:35.508502,0.0,0.0,0.0
2022-01-21 20:11:36.007819,0.0,0.0,0.0
2022-01-21 20:11:36.503485,0.0,0.0,0.0
2022-01-21 20:11:37.010967,0.0,0.0,0.0
2022-01-21 20:11:37.506395,0.0,0.0,0.0
2022-01-21 20:11:38.004460,0.0,0.0,0.0
2022-01-21 20:11:38.510385,0.0,0.0,0.0
2022-01-21 20:11:39.008562,0.0,0.0,0.0
2022-01-21 20:11:39.504027,0.0,0.0,0.0
2022-01-21 20:11:40.002565,0.0,0.0,0.0
2022-01-21 20:11:40.504488,0.0,0.0,0.0
2022-01-21 20:11:41.001756,0.0,0.0,0.0
2022-01-21 20:11:41.507667,0.0,0.0,0.0
2022-01-21 20:11:42.006239,0.0,0.0,0.0
2022-01-21 20:11:42.501368,0.0,0.0,0.0
2022-01-21 20:11:43.009397,0.0,0.0,0.0
2022-01-21 20:11:43.506224,0.0,0.0,0.0
2022-01-21 20:11:44.004045,0.0,0.0,0.0
2022-01-21 20:11:44.511243,0.0,0.0,0.0
2022-01-21 20:11:45.011094,0.0,0.0,0.0
2022-01-21 20:11:45.506767,0.0,0.0,0.0
2022-01-21 20:11:46.004925,0.0,0.0,0.0
2022-01-21 20:11:46.501201,0.0,0.0,0.0
2022-01-21 20:11:47.008787,0.0,0.0,0.0
2022-01-21 20:11:47.505139,0.0,0.0,0.0
2022-01-21 20:11:48.003822,0.0,0.0,0.0
2022-01-21 20:11:48.509553,0.0,0.0,0.0
2022-01-21 20:11:49.009494,0.0,0.0,0.0
2022-01-21 20:11:49.506378,0.0,0.0,0.0
2022-01-21 20:11:50.003978,0.0,0.0,0.0
2022-01-21 20:11:50.509529,0.0,0.0,0.0
2022-01-21 20:11:51.007939,0.0,0.0,0.0
2022-01-21 20:11:51.504257,0.0,0.0,0.0
2022-01-21 20:11:52.002934,0.0,0.0,0.0
2022-01-21 20:11:52.506737,0.0,0.0,0.0
2022-01-21 20:11:53.005294,0.0,0.0,0.0
2022-01-21 20:11:53.502422,0.0,0.0,0.0
2022-01-21 20:11:54.010764,0.0,0.0,0.0
2022-01-21 20:11:54.506111,0.0,0.0,0.0
2022-01-21 20:11:55.005690,0.0,0.0,0.0
2022-01-21 20:11:55.501355,0.0,0.0,0.0
2022-01-21 20:11:56.010742,0.0,0.0,0.0
2022-01-21 20:11:56.506446,0.0,0.0,0.0
2022-01-21 20:11:57.004195,0.0,0.0,0.0
2022-01-21 20:11:57.509970,0.0,0.0,0.0
2022-01-21 20:11:58.008626,0.0,0.0,0.0
2022-01-21 20:11:58.505072,0.0,0.0,0.0
2022-01-21 20:11:59.003129,0.0,0.0,0.0
2022-01-21 20:11:59.510761,0.0,0.0,0.0
2022-01-21 20:12:00.008957,0.0,0.0,0.0
2022-01-21 20:12:00.501405,0.0,0.0,0.0
2022-01-21 20:12:01.010760,0.0,0.0,0.0
2022-01-21 20:12:01.507498,0.0,0.0,0.0
2022-01-21 20:12:02.006617,0.0,0.0,0.0
2022-01-21 20:12:02.511016,0.0,0.0,0.0
2022-01-21 20:12:03.009145,0.0,0.0,0.0
2022-01-21 20:12:03.505941,0.0,0.0,0.0
2022-01-21 20:12:04.004126,0.0,0.0,0.0
2022-01-21 20:12:04.508888,0.0,0.0,0.0
2022-01-21 20:12:05.008156,0.0,0.0,0.0
2022-01-21 20:12:05.504909,0.0,0.0,0.0
2022-01-21 20:12:06.004570,0.0,0.0,0.0
2022-01-21 20:12:06.502136,0.0,0.0,0.0
2022-01-21 20:12:07.010851,0.0,0.0,0.0
2022-01-21 20:12:07.507314,0.0,0.0,0.0
2022-01-21 20:12:08.006355,0.0,0.0,0.0
2022-01-21 20:12:08.502976,0.0,0.0,0.0
2022-01-21 20:12:09.001765,0.0,0.0,0.0
2022-01-21 20:12:09.507325,0.0,0.0,0.0
2022-01-21 20:12:10.005010,0.0,0.0,0.0
2022-01-21 20:12:10.502673,0.0,0.0,0.0
2022-01-21 20:12:11.007441,0.0,0.0,0.0
2022-01-21 20:12:11.503506,0.0,0.0,0.0
2022-01-21 20:12:12.002342,0.0,0.0,0.0
2022-01-21 20:12:12.510493,0.0,0.0,0.0
2022-01-21 20:12:13.008940,0.0,0.0,0.0
2022-01-21 20:12:13.502864,0.0,0.0,0.0
2022-01-21 20:12:14.002320,0.0,0.0,0.0
2022-01-21 20:12:14.508381,0.0,0.0,0.0
2022-01-21 20:12:15.008425,0.0,0.0,0.0
2022-01-21 20:12:15.504117,0.0,0.0,0.0
2022-01-21 20:12:16.002876,0.0,0.0,0.0
2022-01-21 20:12:16.508117,0.0,0.0,0.0
2022-01-21 20:12:17.007440,0.0,0.0,0.0
2022-01-21 20:12:17.503817,0.0,0.0,0.0
2022-01-21 20:12:18.002774,0.0,0.0,0.0
2022-01-21 20:12:18.509558,0.0,0.0,0.0
2022-01-21 20:12:19.007869,0.0,0.0,0.0
2022-01-21 20:12:19.506531,0.0,0.0,0.0
2022-01-21 20:12:20.004147,0.0,0.0,0.0
2022-01-21 20:12:20.510776,0.0,0.0,0.0
2022-01-21 20:12:21.009009,0.0,0.0,0.0
2022-01-21 20:12:21.503572,0.0,0.0,0.0
2022-01-21 20:12:22.001968,0.0,0.0,0.0
2022-01-21 20:12:22.506872,0.0,0.0,0.0
2022-01-21 20:12:23.003156,0.0,0.0,0.0
2022-01-21 20:12:23.510626,0.0,0.0,0.0
2022-01-21 20:12:24.011244,0.0,0.0,0.0
2022-01-21 20:12:24.506402,0.0,0.0,0.0
2022-01-21 20:12:25.003977,0.0,0.0,0.0
2022-01-21 20:12:25.509125,0.0,0.0,0.0
2022-01-21 20:12:26.006646,0.0,0.0,0.0
2022-01-21 20:12:26.502767,0.0,0.0,0.0
2022-01-21 20:12:27.011388,0.0,0.0,0.0
2022-01-21 20:12:27.507766,0.0,0.0,0.0
2022-01-21 20:12:28.006682,0.0,0.0,0.0
2022-01-21 20:12:28.503976,0.0,0.0,0.0
2022-01-21 20:12:29.002142,0.0,0.0,0.0
2022-01-21 20:12:29.508333,0.0,0.0,0.0
2022-01-21 20:12:30.008103,0.0,0.0,0.0
2022-01-21 20:12:30.502249,0.0,0.0,0.0
2022-01-21 20:12:31.010467,0.0,0.0,0.0
2022-01-21 20:12:31.505916,0.0,0.0,0.0
2022-01-21 20:12:32.004580,0.0,0.0,0.0
2022-01-21 20:12:32.510221,0.0,0.0,0.0
2022-01-21 20:12:33.008019,0.0,0.0,0.0
2022-01-21 20:12:33.503751,0.0,0.0,0.0
2022-01-21 20:12:34.010810,0.0,0.0,0.0
2022-01-21 20:12:34.506085,0.0,0.0,0.0
2022-01-21 20:12:35.004670,0.0,0.0,0.0
2022-01-21 20:12:35.511005,0.0,0.0,0.0
2022-01-21 20:12:36.001480,0.0,0.0,0.0
2022-01-21 20:12:36.507107,0.0,0.0,0.0
2022-01-21 20:12:37.004400,0.0,0.0,0.0
2022-01-21 20:12:37.510190,0.0,0.0,0.0
2022-01-21 20:12:38.011109,0.0,0.0,0.0
2022-01-21 20:12:38.506246,0.0,0.0,0.0
2022-01-21 20:12:39.003873,0.0,0.0,0.0
2022-01-21 20:12:39.509257,0.0,0.0,0.0
2022-01-21 20:12:40.006998,0.0,0.0,0.0
2022-01-21 20:12:40.501815,0.0,0.0,0.0
2022-01-21 20:12:41.009858,0.0,0.0,0.0
2022-01-21 20:12:41.505668,0.0,0.0,0.0
2022-01-21 20:12:42.003699,0.0,0.0,0.0
2022-01-21 20:12:42.508935,0.0,0.0,0.0
2022-01-21 20:12:43.007350,0.0,0.0,0.0
2022-01-21 20:12:43.502286,0.0,0.0,0.0
2022-01-21 20:12:44.011120,0.0,0.0,0.0
2022-01-21 20:12:44.506345,0.0,0.0,0.0
2022-01-21 20:12:45.003977,0.0,0.0,0.0
2022-01-21 20:12:45.510206,0.0,0.0,0.0
2022-01-21 20:12:46.009451,0.0,0.0,0.0
2022-01-21 20:12:46.503420,0.0,0.0,0.0
2022-01-21 20:12:47.001729,0.0,0.0,0.0
2022-01-21 20:12:47.507386,0.0,0.0,0.0
2022-01-21 20:12:48.006138,0.0,0.0,0.0
2022-01-21 20:12:48.500956,0.0,0.0,0.0
2022-01-21 20:12:49.009566,0.0,0.0,0.0
2022-01-21 20:12:49.504752,0.0,0.0,0.0
2022-01-21 20:12:50.001764,0.0,0.0,0.0
2022-01-21 20:12:50.507112,0.0,0.0,0.0
2022-01-21 20:12:51.005195,0.0,0.0,0.0
2022-01-21 20:12:51.501439,0.0,0.0,0.0
2022-01-21 20:12:52.010523,0.0,0.0,0.0
2022-01-21 20:12:52.505849,0.0,0.0,0.0
2022-01-21 20:12:53.002789,0.0,0.0,0.0
2022-01-21 20:12:53.506920,0.0,0.0,0.0
2022-01-21 20:12:54.006159,0.0,0.0,0.0
2022-01-21 20:12:54.501787,0.0,0.0,0.0
2022-01-21 20:12:55.010743,0.0,0.0,0.0
2022-01-21 20:12:55.505429,0.0,0.0,0.0
2022-01-21 20:12:56.005655,0.0,0.0,0.0
2022-01-21 20:12:56.506112,0.0,0.0,0.0
2022-01-21 20:12:57.004995,0.0,0.0,0.0
2022-01-21 20:12:57.509336,0.0,0.0,0.0
2022-01-21 20:12:58.007530,0.0,0.0,0.0
2022-01-21 20:12:58.503967,0.0,0.0,0.0
2022-01-21 20:12:59.002160,0.0,0.0,0.0
2022-01-21 20:12:59.508023,0.0,0.0,0.0
2022-01-21 20:13:00.005915,0.0,0.0,0.0
2022-01-21 20:13:00.510442,0.0,0.0,0.0
2022-01-21 20:13:01.007838,0.0,0.0,0.0
2022-01-21 20:13:01.503432,0.0,0.0,0.0
2022-01-21 20:13:02.010875,0.0,0.0,0.0
2022-01-21 20:13:02.505193,0.0,0.0,0.0
2022-01-21 20:13:03.003295,0.0,0.0,0.0
2022-01-21 20:13:03.508886,0.0,0.0,0.0
2022-01-21 20:13:04.007499,0.0,0.0,0.0
2022-01-21 20:13:04.505329,0.0,0.0,0.0
2022-01-21 20:13:05.003531,0.0,0.0,0.0
2022-01-21 20:13:05.508992,0.0,0.0,0.0
2022-01-21 20:13:06.006677,0.0,0.0,0.0
2022-01-21 20:13:06.502521,0.0,0.0,0.0
2022-01-21 20:13:07.505234,0.0,0.0,0.0
2022-01-21 20:13:08.002841,0.0,0.0,0.0
2022-01-21 20:13:08.508964,0.0,0.0,0.0
2022-01-21 20:13:09.007451,0.0,0.0,0.0
2022-01-21 20:13:09.505544,0.0,0.0,0.0
2022-01-21 20:13:10.003678,0.0,0.0,0.0
2022-01-21 20:13:10.508499,0.0,0.0,0.0
2022-01-21 20:13:11.004680,0.0,0.0,0.0
2022-01-21 20:13:11.509751,0.0,0.0,0.0
2022-01-21 20:13:12.008178,0.0,0.0,0.0
2022-01-21 20:13:12.503884,0.0,0.0,0.0
2022-01-21 20:13:13.002250,0.0,0.0,0.0
2022-01-21 20:13:13.507310,0.0,0.0,0.0
2022-01-21 20:13:14.007378,0.0,0.0,0.0
2022-01-21 20:13:14.503245,0.0,0.0,0.0
2022-01-21 20:13:15.001234,0.0,0.0,0.0
2022-01-21 20:13:15.508149,0.0,0.0,0.0
2022-01-21 20:13:16.007169,0.0,0.0,0.0
2022-01-21 20:13:16.502512,0.0,0.0,0.0
2022-01-21 20:13:17.010822,0.0,0.0,0.0
2022-01-21 20:13:17.506507,0.0,0.0,0.0
2022-01-21 20:13:18.003892,0.0,0.0,0.0
2022-01-21 20:13:19.004691,0.0,0.0,0.0
2022-01-21 20:13:19.501245,0.0,0.0,0.0
2022-01-21 20:13:20.009098,0.0,0.0,0.0
2022-01-21 20:13:20.503513,0.0,0.0,0.0
2022-01-21 20:13:21.002656,0.0,0.0,0.0
2022-01-21 20:13:21.507499,0.0,0.0,0.0
2022-01-21 20:13:22.005439,0.0,0.0,0.0
2022-01-21 20:13:22.510983,0.0,0.0,0.0
2022-01-21 20:13:23.001376,0.0,0.0,0.0
2022-01-21 20:13:23.511013,0.0,0.0,0.0
2022-01-21 20:13:24.008948,0.0,0.0,0.0
2022-01-21 20:13:24.503379,0.0,0.0,0.0
2022-01-21 20:13:25.001700,0.0,0.0,0.0
2022-01-21 20:13:25.508006,0.0,0.0,0.0
2022-01-21 20:13:26.005121,0.0,0.0,0.0
2022-01-21 20:13:26.510078,0.0,0.0,0.0
2022-01-21 20:13:27.007164,0.0,0.0,0.0
2022-01-21 20:13:27.504497,0.0,0.0,0.0
2022-01-21 20:13:28.003781,0.0,0.0,0.0
2022-01-21 20:13:28.508759,0.0,0.0,0.0
2022-01-21 20:13:29.006696,0.0,0.0,0.0
2022-01-21 20:13:29.502812,0.0,0.0,0.0
2022-01-21 20:13:30.002448,0.0,0.0,0.0
2022-01-21 20:13:30.508012,0.0,0.0,0.0
2022-01-21 20:13:31.005330,0.0,0.0,0.0
2022-01-21 20:13:31.501978,0.0,0.0,0.0
2022-01-21 20:13:32.001276,0.0,0.0,0.0
2022-01-21 20:13:32.507953,0.0,0.0,0.0
2022-01-21 20:13:33.006294,0.0,0.0,0.0
2022-01-21 20:13:34.005291,0.0,0.0,0.0
2022-01-21 20:13:34.509970,0.0,0.0,0.0
2022-01-21 20:13:35.008695,0.0,0.0,0.0
2022-01-21 20:13:35.504689,0.0,0.0,0.0
2022-01-21 20:13:36.003181,0.0,0.0,0.0
2022-01-21 20:13:36.509270,0.0,0.0,0.0
2022-01-21 20:13:37.010004,0.0,0.0,0.0
2022-01-21 20:13:37.506346,0.0,0.0,0.0
2022-01-21 20:13:38.005241,0.0,0.0,0.0
2022-01-21 20:13:38.501936,0.0,0.0,0.0
2022-01-21 20:13:39.010661,0.0,0.0,0.0
2022-01-21 20:13:39.506403,0.0,0.0,0.0
2022-01-21 20:13:40.007133,0.0,0.0,0.0
2022-01-21 20:13:40.510650,0.0,0.0,0.0
2022-01-21 20:13:41.006332,0.0,0.0,0.0
2022-01-21 20:13:41.502723,0.0,0.0,0.0
2022-01-21 20:13:42.001816,0.0,0.0,0.0
2022-01-21 20:13:42.508095,0.0,0.0,0.0
2022-01-21 20:13:43.007103,0.0,0.0,0.0
2022-01-21 20:13:43.503017,0.0,0.0,0.0
2022-01-21 20:13:44.000723,0.0,0.0,0.0
2022-01-21 20:13:44.506300,0.0,0.0,0.0
2022-01-21 20:13:45.005068,0.0,0.0,0.0
2022-01-21 20:13:45.501465,0.0,0.0,0.0
2022-01-21 20:13:46.010585,0.0,0.0,0.0
2022-01-21 20:13:46.505653,0.0,0.0,0.0
2022-01-21 20:13:47.003064,0.0,0.0,0.0
2022-01-21 20:13:47.508837,0.0,0.0,0.0
2022-01-21 20:13:48.005855,0.0,0.0,0.0
2022-01-21 20:13:48.501660,0.0,0.0,0.0
2022-01-21 20:13:49.010818,0.0,0.0,0.0
2022-01-21 20:13:49.507937,0.0,0.0,0.0
2022-01-21 20:13:50.005813,0.0,0.0,0.0
2022-01-21 20:13:50.510754,0.0,0.0,0.0
2022-01-21 20:13:51.009312,0.0,0.0,0.0
2022-01-21 20:13:51.504007,0.0,0.0,0.0
2022-01-21 20:13:52.002281,0.0,0.0,0.0
2022-01-21 20:13:52.507933,0.0,0.0,0.0
2022-01-21 20:13:53.005987,0.0,0.0,0.0
2022-01-21 20:13:53.501657,0.0,0.0,0.0
2022-01-21 20:13:54.009279,0.0,0.0,0.0
2022-01-21 20:13:54.505752,0.0,0.0,0.0
2022-01-21 20:13:55.005106,0.0,0.0,0.0
2022-01-21 20:13:55.501194,0.0,0.0,0.0
2022-01-21 20:13:56.010309,0.0,0.0,0.0
2022-01-21 20:13:56.505065,0.0,0.0,0.0
2022-01-21 20:13:57.002673,0.0,0.0,0.0
2022-01-21 20:13:57.507933,0.0,0.0,0.0
2022-01-21 20:13:58.005953,0.0,0.0,0.0
2022-01-21 20:13:58.511188,0.0,0.0,0.0
2022-01-21 20:13:59.011121,0.0,0.0,0.0
2022-01-21 20:13:59.507614,0.0,0.0,0.0
2022-01-21 20:14:00.005730,0.0,0.0,0.0
2022-01-21 20:14:00.501192,0.0,0.0,0.0
2022-01-21 20:14:01.010502,0.0,0.0,0.0
2022-01-21 20:14:01.511346,0.0,0.0,0.0
2022-01-21 20:14:02.010902,0.0,0.0,0.0
2022-01-21 20:14:02.506176,0.0,0.0,0.0
2022-01-21 20:14:03.004546,0.0,0.0,0.0
2022-01-21 20:14:03.501463,0.0,0.0,0.0
2022-01-21 20:14:04.001493,0.0,0.0,0.0
2022-01-21 20:14:04.507359,0.0,0.0,0.0
2022-01-21 20:14:05.004760,0.0,0.0,0.0
2022-01-21 20:14:05.510175,0.0,0.0,0.0
2022-01-21 20:14:06.007802,0.0,0.0,0.0
2022-01-21 20:14:06.503097,0.0,0.0,0.0
2022-01-21 20:14:07.002319,0.0,0.0,0.0
2022-01-21 20:14:07.509138,0.0,0.0,0.0
2022-01-21 20:14:08.008231,0.0,0.0,0.0
2022-01-21 20:14:08.503380,0.0,0.0,0.0
2022-01-21 20:14:09.011189,0.0,0.0,0.0
2022-01-21 20:14:09.504990,0.0,0.0,0.0
2022-01-21 20:14:10.002146,0.0,0.0,0.0
2022-01-21 20:14:10.506413,0.0,0.0,0.0
2022-01-21 20:14:11.002095,0.0,0.0,0.0
2022-01-21 20:14:11.506768,0.0,0.0,0.0
2022-01-21 20:14:12.006669,0.0,0.0,0.0
2022-01-21 20:14:12.502310,0.0,0.0,0.0
2022-01-21 20:14:13.010511,0.0,0.0,0.0
2022-01-21 20:14:13.506050,0.0,0.0,0.0
2022-01-21 20:14:14.005116,0.0,0.0,0.0
2022-01-21 20:14:14.510599,0.0,0.0,0.0
2022-01-21 20:14:15.008112,0.0,0.0,0.0
2022-01-21 20:14:15.504067,0.0,0.0,0.0
2022-01-21 20:14:16.002269,0.0,0.0,0.0
2022-01-21 20:14:16.509993,0.0,0.0,0.0
2022-01-21 20:14:17.007655,0.0,0.0,0.0
2022-01-21 20:14:17.502604,0.0,0.0,0.0
2022-01-21 20:14:18.010268,0.0,0.0,0.0
2022-01-21 20:14:18.506233,0.0,0.0,0.0
2022-01-21 20:14:19.004730,0.0,0.0,0.0
2022-01-21 20:14:19.510761,0.0,0.0,0.0
2022-01-21 20:14:20.007988,0.0,0.0,0.0
2022-01-21 20:14:20.502457,0.0,0.0,0.0
2022-01-21 20:14:21.011144,0.0,0.0,0.0
2022-01-21 20:14:21.507536,0.0,0.0,0.0
2022-01-21 20:14:22.007570,0.0,0.0,0.0
2022-01-21 20:14:22.504757,0.0,0.0,0.0
2022-01-21 20:14:23.003531,0.0,0.0,0.0
2022-01-21 20:14:23.504662,0.0,0.0,0.0
2022-01-21 20:14:24.008155,0.0,0.0,0.0
2022-01-21 20:14:24.503875,0.0,0.0,0.0
2022-01-21 20:14:25.002138,0.0,0.0,0.0
2022-01-21 20:14:25.509144,0.0,0.0,0.0
2022-01-21 20:14:26.006293,0.0,0.0,0.0
2022-01-21 20:14:26.502697,0.0,0.0,0.0
2022-01-21 20:14:27.001015,0.0,0.0,0.0
2022-01-21 20:14:27.506840,0.0,0.0,0.0
2022-01-21 20:14:28.004270,0.0,0.0,0.0
2022-01-21 20:14:28.510397,0.0,0.0,0.0
2022-01-21 20:14:29.008468,0.0,0.0,0.0
2022-01-21 20:14:29.502532,0.0,0.0,0.0
2022-01-21 20:14:30.010744,0.0,0.0,0.0
2022-01-21 20:14:30.505248,0.0,0.0,0.0
2022-01-21 20:14:31.010855,0.0,0.0,0.0
2022-01-21 20:14:31.508159,0.0,0.0,0.0
2022-01-21 20:14:32.006222,0.0,0.0,0.0
2022-01-21 20:14:32.502306,0.0,0.0,0.0
2022-01-21 20:14:33.010504,0.0,0.0,0.0
2022-01-21 20:14:33.504506,0.0,0.0,0.0
2022-01-21 20:14:34.001569,0.0,0.0,0.0
2022-01-21 20:14:34.507520,0.0,0.0,0.0
2022-01-21 20:14:35.004944,0.0,0.0,0.0
2022-01-21 20:14:35.511297,0.0,0.0,0.0
2022-01-21 20:14:36.001695,0.0,0.0,0.0
2022-01-21 20:14:36.508630,0.0,0.0,0.0
2022-01-21 20:14:37.006814,0.0,0.0,0.0
2022-01-21 20:14:37.503458,0.0,0.0,0.0
2022-01-21 20:14:38.003124,0.0,0.0,0.0
2022-01-21 20:14:38.510134,0.0,0.0,0.0
2022-01-21 20:14:39.008037,0.0,0.0,0.0
2022-01-21 20:14:39.503539,0.0,0.0,0.0
2022-01-21 20:14:40.002368,0.0,0.0,0.0
2022-01-21 20:14:40.510413,0.0,0.0,0.0
2022-01-21 20:14:41.008805,0.0,0.0,0.0
2022-01-21 20:14:41.504402,0.0,0.0,0.0
2022-01-21 20:14:42.001364,0.0,0.0,0.0
2022-01-21 20:14:42.505711,0.0,0.0,0.0
2022-01-21 20:14:43.004901,0.0,0.0,0.0
2022-01-21 20:14:43.510748,0.0,0.0,0.0
2022-01-21 20:14:44.008276,0.0,0.0,0.0
2022-01-21 20:14:44.503075,0.0,0.0,0.0
2022-01-21 20:14:45.001916,0.0,0.0,0.0
2022-01-21 20:14:45.508654,0.0,0.0,0.0
2022-01-21 20:14:46.007216,0.0,0.0,0.0
2022-01-21 20:14:46.502385,0.0,0.0,0.0
2022-01-21 20:14:47.009891,0.0,0.0,0.0
2022-01-21 20:14:47.505116,0.0,0.0,0.0
2022-01-21 20:14:48.004468,0.0,0.0,0.0
2022-01-21 20:14:48.510353,0.0,0.0,0.0
2022-01-21 20:14:49.008157,0.0,0.0,0.0
2022-01-21 20:14:49.506575,0.0,0.0,0.0
2022-01-21 20:14:50.004352,0.0,0.0,0.0
2022-01-21 20:14:50.502191,0.0,0.0,0.0
2022-01-21 20:14:51.001746,0.0,0.0,0.0
2022-01-21 20:14:51.506684,0.0,0.0,0.0
2022-01-21 20:14:52.003709,0.0,0.0,0.0
2022-01-21 20:14:52.510251,0.0,0.0,0.0
2022-01-21 20:14:53.006734,0.0,0.0,0.0
2022-01-21 20:14:53.501534,0.0,0.0,0.0
2022-01-21 20:14:54.001145,0.0,0.0,0.0
2022-01-21 20:14:54.506346,0.0,0.0,0.0
2022-01-21 20:14:55.004235,0.0,0.0,0.0
2022-01-21 20:14:55.510717,0.0,0.0,0.0
2022-01-21 20:14:56.007365,0.0,0.0,0.0
2022-01-21 20:14:56.502781,0.0,0.0,0.0
2022-01-21 20:14:57.010520,0.0,0.0,0.0
2022-01-21 20:14:57.506600,0.0,0.0,0.0
2022-01-21 20:14:58.005682,0.0,0.0,0.0
2022-01-21 20:14:58.501903,0.0,0.0,0.0
2022-01-21 20:14:59.010627,0.0,0.0,0.0
2022-01-21 20:14:59.505952,0.0,0.0,0.0
2022-01-21 20:15:00.003914,0.0,0.0,0.0
2022-01-21 20:15:00.509501,0.0,0.0,0.0
2022-01-21 20:15:01.007733,0.0,0.0,0.0
2022-01-21 20:15:01.502829,0.0,0.0,0.0
2022-01-21 20:15:02.001734,0.0,0.0,0.0
2022-01-21 20:15:02.509409,0.0,0.0,0.0
2022-01-21 20:15:03.008101,0.0,0.0,0.0
2022-01-21 20:15:03.504126,0.0,0.0,0.0
2022-01-21 20:15:04.003617,0.0,0.0,0.0
2022-01-21 20:15:04.511175,0.0,0.0,0.0
2022-01-21 20:15:05.007830,0.0,0.0,0.0
2022-01-21 20:15:05.501973,0.0,0.0,0.0
2022-01-21 20:15:06.001224,0.0,0.0,0.0
2022-01-21 20:15:06.505657,0.0,0.0,0.0
2022-01-21 20:15:07.005163,0.0,0.0,0.0
2022-01-21 20:15:07.510260,0.0,0.0,0.0
2022-01-21 20:15:08.007497,0.0,0.0,0.0
2022-01-21 20:15:08.502292,0.0,0.0,0.0
2022-01-21 20:15:09.010863,0.0,0.0,0.0
2022-01-21 20:15:09.506010,0.0,0.0,0.0
2022-01-21 20:15:10.004221,0.0,0.0,0.0
2022-01-21 20:15:10.509294,0.0,0.0,0.0
2022-01-21 20:15:11.004468,0.0,0.0,0.0
2022-01-21 20:15:11.507916,0.0,0.0,0.0
2022-01-21 20:15:12.005484,0.0,0.0,0.0
2022-01-21 20:15:12.501222,0.0,0.0,0.0
2022-01-21 20:15:13.010307,0.0,0.0,0.0
2022-01-21 20:15:13.505563,0.0,0.0,0.0
2022-01-21 20:15:14.004837,0.0,0.0,0.0
2022-01-21 20:15:14.501543,0.0,0.0,0.0
2022-01-21 20:15:15.009494,0.0,0.0,0.0
2022-01-21 20:15:15.506237,0.0,0.0,0.0
2022-01-21 20:15:16.004219,0.0,0.0,0.0
2022-01-21 20:15:16.509086,0.0,0.0,0.0
2022-01-21 20:15:17.008902,0.0,0.0,0.0
2022-01-21 20:15:17.504405,0.0,0.0,0.0
2022-01-21 20:15:18.002548,0.0,0.0,0.0
2022-01-21 20:15:18.508168,0.0,0.0,0.0
2022-01-21 20:15:19.006391,0.0,0.0,0.0
2022-01-21 20:15:19.510971,0.0,0.0,0.0
2022-01-21 20:15:20.010631,0.0,0.0,0.0
2022-01-21 20:15:20.505670,0.0,0.0,0.0
2022-01-21 20:15:21.004725,0.0,0.0,0.0
2022-01-21 20:15:21.510018,0.0,0.0,0.0
2022-01-21 20:15:22.008426,0.0,0.0,0.0
2022-01-21 20:15:22.503970,0.0,0.0,0.0
2022-01-21 20:15:23.002641,0.0,0.0,0.0
2022-01-21 20:15:23.509760,0.0,0.0,0.0
2022-01-21 20:15:24.007197,0.0,0.0,0.0
2022-01-21 20:15:24.504505,0.0,0.0,0.0
2022-01-21 20:15:25.001853,0.0,0.0,0.0
2022-01-21 20:15:25.508613,0.0,0.0,0.0
2022-01-21 20:15:26.007006,0.0,0.0,0.0
2022-01-21 20:15:26.502922,0.0,0.0,0.0
2022-01-21 20:15:27.001755,0.0,0.0,0.0
2022-01-21 20:15:27.506719,0.0,0.0,0.0
2022-01-21 20:15:28.005100,0.0,0.0,0.0
2022-01-21 20:15:28.509950,0.0,0.0,0.0
2022-01-21 20:15:29.009109,0.0,0.0,0.0
2022-01-21 20:15:29.504873,0.0,0.0,0.0
2022-01-21 20:15:30.003241,0.0,0.0,0.0
2022-01-21 20:15:30.501093,0.0,0.0,0.0
2022-01-21 20:15:31.010354,0.0,0.0,0.0
2022-01-21 20:15:31.505117,0.0,0.0,0.0
2022-01-21 20:15:32.003011,0.0,0.0,0.0
2022-01-21 20:15:32.509250,0.0,0.0,0.0
2022-01-21 20:15:33.007576,0.0,0.0,0.0
2022-01-21 20:15:33.504491,0.0,0.0,0.0
2022-01-21 20:15:34.002024,0.0,0.0,0.0
2022-01-21 20:15:34.508377,0.0,0.0,0.0
2022-01-21 20:15:35.006694,0.0,0.0,0.0
2022-01-21 20:15:35.501649,0.0,0.0,0.0
2022-01-21 20:15:36.010603,0.0,0.0,0.0
2022-01-21 20:15:36.506333,0.0,0.0,0.0
2022-01-21 20:15:37.003746,0.0,0.0,0.0
2022-01-21 20:15:37.509044,0.0,0.0,0.0
2022-01-21 20:15:38.009509,0.0,0.0,0.0
2022-01-21 20:15:38.504775,0.0,0.0,0.0
2022-01-21 20:15:39.003408,0.0,0.0,0.0
2022-01-21 20:15:39.508034,0.0,0.0,0.0
2022-01-21 20:15:40.007229,0.0,0.0,0.0
2022-01-21 20:15:40.501176,0.0,0.0,0.0
2022-01-21 20:15:41.010101,0.0,0.0,0.0
2022-01-21 20:15:41.504169,0.0,0.0,0.0
2022-01-21 20:15:42.002640,0.0,0.0,0.0
2022-01-21 20:15:42.509674,0.0,0.0,0.0
2022-01-21 20:15:43.008178,0.0,0.0,0.0
2022-01-21 20:15:43.504677,0.0,0.0,0.0
2022-01-21 20:15:44.002835,0.0,0.0,0.0
2022-01-21 20:15:44.508096,0.0,0.0,0.0
2022-01-21 20:15:45.006970,0.0,0.0,0.0
2022-01-21 20:15:45.503671,0.0,0.0,0.0
2022-01-21 20:15:46.001907,0.0,0.0,0.0
2022-01-21 20:15:46.508513,0.0,0.0,0.0
2022-01-21 20:15:47.007539,0.0,0.0,0.0
2022-01-21 20:15:47.503111,0.0,0.0,0.0
2022-01-21 20:15:48.002410,0.0,0.0,0.0
2022-01-21 20:15:48.507791,0.0,0.0,0.0
2022-01-21 20:15:49.006163,0.0,0.0,0.0
2022-01-21 20:15:49.501693,0.0,0.0,0.0
2022-01-21 20:15:50.009716,0.0,0.0,0.0
2022-01-21 20:15:50.505337,0.0,0.0,0.0
2022-01-21 20:15:51.002729,0.0,0.0,0.0
2022-01-21 20:15:51.510471,0.0,0.0,0.0
2022-01-21 20:15:52.007659,0.0,0.0,0.0
2022-01-21 20:15:52.502499,0.0,0.0,0.0
2022-01-21 20:15:53.505081,0.0,0.0,0.0
2022-01-21 20:15:54.003493,0.0,0.0,0.0
2022-01-21 20:15:54.509026,0.0,0.0,0.0
2022-01-21 20:15:55.007096,0.0,0.0,0.0
2022-01-21 20:15:55.502720,0.0,0.0,0.0
2022-01-21 20:15:56.001456,0.0,0.0,0.0
2022-01-21 20:15:56.508416,0.0,0.0,0.0
2022-01-21 20:15:57.007406,0.0,0.0,0.0
2022-01-21 20:15:57.503038,0.0,0.0,0.0
2022-01-21 20:15:58.011111,0.0,0.0,0.0
2022-01-21 20:15:58.506574,0.0,0.0,0.0
2022-01-21 20:15:59.005202,0.0,0.0,0.0
2022-01-21 20:15:59.511060,0.0,0.0,0.0
2022-01-21 20:16:00.008831,0.0,0.0,0.0
2022-01-21 20:16:00.507513,0.0,0.0,0.0
2022-01-21 20:16:01.005746,0.0,0.0,0.0
2022-01-21 20:16:01.502459,0.0,0.0,0.0
2022-01-21 20:16:02.009826,0.0,0.0,0.0
2022-01-21 20:16:02.505836,0.0,0.0,0.0
2022-01-21 20:16:03.004680,0.0,0.0,0.0
2022-01-21 20:16:03.510013,0.0,0.0,0.0
2022-01-21 20:16:04.008398,0.0,0.0,0.0
2022-01-21 20:16:04.504598,0.0,0.0,0.0
2022-01-21 20:16:05.006404,0.0,0.0,0.0
2022-01-21 20:16:05.501470,0.0,0.0,0.0
2022-01-21 20:16:06.010781,0.0,0.0,0.0
2022-01-21 20:16:06.506249,0.0,0.0,0.0
2022-01-21 20:16:07.004807,0.0,0.0,0.0
2022-01-21 20:16:07.510143,0.0,0.0,0.0
2022-01-21 20:16:08.008611,0.0,0.0,0.0
2022-01-21 20:16:08.504355,0.0,0.0,0.0
2022-01-21 20:16:09.003315,0.0,0.0,0.0
2022-01-21 20:16:09.509877,0.0,0.0,0.0
2022-01-21 20:16:10.008702,0.0,0.0,0.0
2022-01-21 20:16:10.503174,0.0,0.0,0.0
2022-01-21 20:16:11.008286,0.0,0.0,0.0
2022-01-21 20:16:11.505052,0.0,0.0,0.0
2022-01-21 20:16:12.002253,0.0,0.0,0.0
2022-01-21 20:16:12.508018,0.0,0.0,0.0
2022-01-21 20:16:13.005461,0.0,0.0,0.0
2022-01-21 20:16:13.510419,0.0,0.0,0.0
2022-01-21 20:16:14.011151,0.0,0.0,0.0
2022-01-21 20:16:14.506246,0.0,0.0,0.0
2022-01-21 20:16:15.004481,0.0,0.0,0.0
2022-01-21 20:16:15.510522,0.0,0.0,0.0
2022-01-21 20:16:16.008706,0.0,0.0,0.0
2022-01-21 20:16:16.503622,0.0,0.0,0.0
2022-01-21 20:16:17.002681,0.0,0.0,0.0
2022-01-21 20:16:17.508005,0.0,0.0,0.0
2022-01-21 20:16:18.007300,0.0,0.0,0.0
2022-01-21 20:16:18.503828,0.0,0.0,0.0
2022-01-21 20:16:19.003194,0.0,0.0,0.0
2022-01-21 20:16:19.508902,0.0,0.0,0.0
2022-01-21 20:16:20.007924,0.0,0.0,0.0
2022-01-21 20:16:20.505186,0.0,0.0,0.0
2022-01-21 20:16:21.004033,0.0,0.0,0.0
2022-01-21 20:16:21.509308,0.0,0.0,0.0
2022-01-21 20:16:22.007923,0.0,0.0,0.0
2022-01-21 20:16:22.503489,0.0,0.0,0.0
2022-01-21 20:16:23.003930,0.0,0.0,0.0
2022-01-21 20:16:23.501825,0.0,0.0,0.0
2022-01-21 20:16:24.011007,0.0,0.0,0.0
2022-01-21 20:16:24.507280,0.0,0.0,0.0
2022-01-21 20:16:25.005651,0.0,0.0,0.0
2022-01-21 20:16:25.510765,0.0,0.0,0.0
2022-01-21 20:16:26.008640,0.0,0.0,0.0
2022-01-21 20:16:26.504968,0.0,0.0,0.0
2022-01-21 20:16:27.003686,0.0,0.0,0.0
2022-01-21 20:16:27.502699,0.0,0.0,0.0
2022-01-21 20:16:28.011308,0.0,0.0,0.0
2022-01-21 20:16:28.506448,0.0,0.0,0.0
2022-01-21 20:16:29.004465,0.0,0.0,0.0
2022-01-21 20:16:29.508897,0.0,0.0,0.0
2022-01-21 20:16:30.007836,0.0,0.0,0.0
2022-01-21 20:16:30.504599,0.0,0.0,0.0
2022-01-21 20:16:31.003930,0.0,0.0,0.0
2022-01-21 20:16:31.508547,0.0,0.0,0.0
2022-01-21 20:16:32.007477,0.0,0.0,0.0
2022-01-21 20:16:32.502884,0.0,0.0,0.0
2022-01-21 20:16:33.011265,0.0,0.0,0.0
2022-01-21 20:16:33.508739,0.0,0.0,0.0
2022-01-21 20:16:34.007384,0.0,0.0,0.0
2022-01-21 20:16:34.501720,0.0,0.0,0.0
2022-01-21 20:16:35.009005,0.0,0.0,0.0
2022-01-21 20:16:35.504447,0.0,0.0,0.0
2022-01-21 20:16:36.002322,0.0,0.0,0.0
2022-01-21 20:16:36.509272,0.0,0.0,0.0
2022-01-21 20:16:37.009318,0.0,0.0,0.0
2022-01-21 20:16:37.505200,0.0,0.0,0.0
2022-01-21 20:16:38.003306,0.0,0.0,0.0
2022-01-21 20:16:38.508708,0.0,0.0,0.0
2022-01-21 20:16:39.006145,0.0,0.0,0.0
2022-01-21 20:16:39.502694,0.0,0.0,0.0
2022-01-21 20:16:40.010538,0.0,0.0,0.0
2022-01-21 20:16:40.506846,0.0,0.0,0.0
2022-01-21 20:16:41.005421,0.0,0.0,0.0
2022-01-21 20:16:41.510401,0.0,0.0,0.0
2022-01-21 20:16:42.008192,0.0,0.0,0.0
2022-01-21 20:16:42.503926,0.0,0.0,0.0
2022-01-21 20:16:43.003769,0.0,0.0,0.0
2022-01-21 20:16:43.509180,0.0,0.0,0.0
2022-01-21 20:16:44.006899,0.0,0.0,0.0
2022-01-21 20:16:44.502353,0.0,0.0,0.0
2022-01-21 20:16:45.010657,0.0,0.0,0.0
2022-01-21 20:16:45.507204,0.0,0.0,0.0
2022-01-21 20:16:46.007297,0.0,0.0,0.0
2022-01-21 20:16:46.503587,0.0,0.0,0.0
2022-01-21 20:16:47.002222,0.0,0.0,0.0
2022-01-21 20:16:47.507464,0.0,0.0,0.0
2022-01-21 20:16:48.006731,0.0,0.0,0.0
2022-01-21 20:16:48.502045,0.0,0.0,0.0
2022-01-21 20:16:49.010406,0.0,0.0,0.0
2022-01-21 20:16:49.506833,0.0,0.0,0.0
2022-01-21 20:16:50.004916,0.0,0.0,0.0
2022-01-21 20:16:50.510426,0.0,0.0,0.0
2022-01-21 20:16:51.008638,0.0,0.0,0.0
2022-01-21 20:16:51.504303,0.0,0.0,0.0
2022-01-21 20:16:52.002744,0.0,0.0,0.0
2022-01-21 20:16:52.507770,0.0,0.0,0.0
2022-01-21 20:16:53.005820,0.0,0.0,0.0
2022-01-21 20:16:53.502758,0.0,0.0,0.0
2022-01-21 20:16:54.003829,0.0,0.0,0.0
2022-01-21 20:16:54.510079,0.0,0.0,0.0
2022-01-21 20:16:55.009224,0.0,0.0,0.0
2022-01-21 20:16:55.505064,0.0,0.0,0.0
2022-01-21 20:16:56.003201,0.0,0.0,0.0
2022-01-21 20:16:56.508547,0.0,0.0,0.0
2022-01-21 20:16:57.006321,0.0,0.0,0.0
2022-01-21 20:16:57.502359,0.0,0.0,0.0
2022-01-21 20:16:58.010759,0.0,0.0,0.0
2022-01-21 20:16:58.507762,0.0,0.0,0.0
2022-01-21 20:16:59.007540,0.0,0.0,0.0
2022-01-21 20:16:59.503607,0.0,0.0,0.0
2022-01-21 20:17:00.008545,0.0,0.0,0.0
2022-01-21 20:17:00.502494,0.0,0.0,0.0
2022-01-21 20:17:01.506461,0.0,0.0,0.0
2022-01-21 20:17:02.004849,0.0,0.0,0.0
2022-01-21 20:17:02.509932,0.0,0.0,0.0
2022-01-21 20:17:03.008027,0.0,0.0,0.0
2022-01-21 20:17:03.505402,0.0,0.0,0.0
2022-01-21 20:17:04.003491,0.0,0.0,0.0
2022-01-21 20:17:04.510067,0.0,0.0,0.0
2022-01-21 20:17:05.009120,0.0,0.0,0.0
2022-01-21 20:17:05.504912,0.0,0.0,0.0
2022-01-21 20:17:06.002447,0.0,0.0,0.0
2022-01-21 20:17:06.508494,0.0,0.0,0.0
2022-01-21 20:17:07.006633,0.0,0.0,0.0
2022-01-21 20:17:07.503972,0.0,0.0,0.0
2022-01-21 20:17:08.002774,0.0,0.0,0.0
2022-01-21 20:17:08.508323,0.0,0.0,0.0
2022-01-21 20:17:09.006564,0.0,0.0,0.0
2022-01-21 20:17:09.503299,0.0,0.0,0.0
2022-01-21 20:17:10.010960,0.0,0.0,0.0
2022-01-21 20:17:10.506420,0.0,0.0,0.0
2022-01-21 20:17:11.010550,0.0,0.0,0.0
2022-01-21 20:17:11.505797,0.0,0.0,0.0
2022-01-21 20:17:12.006215,0.0,0.0,0.0
2022-01-21 20:17:12.501024,0.0,0.0,0.0
2022-01-21 20:17:13.008896,0.0,0.0,0.0
2022-01-21 20:17:13.503199,0.0,0.0,0.0
2022-01-21 20:17:14.001138,0.0,0.0,0.0
2022-01-21 20:17:14.507241,0.0,0.0,0.0
2022-01-21 20:17:15.006001,0.0,0.0,0.0
2022-01-21 20:17:15.501275,0.0,0.0,0.0
2022-01-21 20:17:16.010472,0.0,0.0,0.0
2022-01-21 20:17:16.508365,0.0,0.0,0.0
2022-01-21 20:17:17.007988,0.0,0.0,0.0
2022-01-21 20:17:17.503957,0.0,0.0,0.0
2022-01-21 20:17:18.004008,0.0,0.0,0.0
2022-01-21 20:17:18.510440,0.0,0.0,0.0
2022-01-21 20:17:19.008883,0.0,0.0,0.0
2022-01-21 20:17:19.503706,0.0,0.0,0.0
2022-01-21 20:17:20.002469,0.0,0.0,0.0
2022-01-21 20:17:20.508135,0.0,0.0,0.0
2022-01-21 20:17:21.008610,0.0,0.0,0.0
2022-01-21 20:17:21.504155,0.0,0.0,0.0
2022-01-21 20:17:22.002173,0.0,0.0,0.0
2022-01-21 20:17:22.506882,0.0,0.0,0.0
2022-01-21 20:17:23.005547,0.0,0.0,0.0
2022-01-21 20:17:23.501439,0.0,0.0,0.0
2022-01-21 20:17:24.009663,0.0,0.0,0.0
2022-01-21 20:17:24.504428,0.0,0.0,0.0
2022-01-21 20:17:25.002688,0.0,0.0,0.0
2022-01-21 20:17:25.509147,0.0,0.0,0.0
2022-01-21 20:17:26.007911,0.0,0.0,0.0
2022-01-21 20:17:26.510713,0.0,0.0,0.0
2022-01-21 20:17:27.008670,0.0,0.0,0.0
2022-01-21 20:17:27.504128,0.0,0.0,0.0
2022-01-21 20:17:28.002653,0.0,0.0,0.0
2022-01-21 20:17:28.507801,0.0,0.0,0.0
2022-01-21 20:17:29.005421,0.0,0.0,0.0
2022-01-21 20:17:29.501274,0.0,0.0,0.0
2022-01-21 20:17:30.009920,0.0,0.0,0.0
2022-01-21 20:17:30.505166,0.0,0.0,0.0
2022-01-21 20:17:31.002928,0.0,0.0,0.0
2022-01-21 20:17:31.508838,0.0,0.0,0.0
2022-01-21 20:17:32.007955,0.0,0.0,0.0
2022-01-21 20:17:32.503030,0.0,0.0,0.0
2022-01-21 20:17:33.505234,0.0,0.0,0.0
2022-01-21 20:17:34.002450,0.0,0.0,0.0
2022-01-21 20:17:34.506695,0.0,0.0,0.0
2022-01-21 20:17:35.004506,0.0,0.0,0.0
2022-01-21 20:17:35.501197,0.0,0.0,0.0
2022-01-21 20:17:36.009074,0.0,0.0,0.0
2022-01-21 20:17:36.505655,0.0,0.0,0.0
2022-01-21 20:17:37.004717,0.0,0.0,0.0
2022-01-21 20:17:37.509923,0.0,0.0,0.0
2022-01-21 20:17:38.008703,0.0,0.0,0.0
2022-01-21 20:17:38.502712,0.0,0.0,0.0
2022-01-21 20:17:39.001211,0.0,0.0,0.0
2022-01-21 20:17:39.506925,0.0,0.0,0.0
2022-01-21 20:17:40.006336,0.0,0.0,0.0
2022-01-21 20:17:40.501850,0.0,0.0,0.0
2022-01-21 20:17:41.010015,0.0,0.0,0.0
2022-01-21 20:17:41.505739,0.0,0.0,0.0
2022-01-21 20:17:42.006096,0.0,0.0,0.0
2022-01-21 20:17:42.503620,0.0,0.0,0.0
2022-01-21 20:17:43.001064,0.0,0.0,0.0
2022-01-21 20:17:43.506402,0.0,0.0,0.0
2022-01-21 20:17:44.005315,0.0,0.0,0.0
2022-01-21 20:17:44.502385,0.0,0.0,0.0
2022-01-21 20:17:45.001803,0.0,0.0,0.0
2022-01-21 20:17:45.506877,0.0,0.0,0.0
2022-01-21 20:17:46.005749,0.0,0.0,0.0
2022-01-21 20:17:46.510654,0.0,0.0,0.0
2022-01-21 20:17:47.008548,0.0,0.0,0.0
2022-01-21 20:17:47.505173,0.0,0.0,0.0
2022-01-21 20:17:48.003134,0.0,0.0,0.0
2022-01-21 20:17:48.508199,0.0,0.0,0.0
2022-01-21 20:17:49.006992,0.0,0.0,0.0
2022-01-21 20:17:49.505843,0.0,0.0,0.0
2022-01-21 20:17:50.004805,0.0,0.0,0.0
2022-01-21 20:17:50.510785,0.0,0.0,0.0
2022-01-21 20:17:51.009701,0.0,0.0,0.0
2022-01-21 20:17:51.505871,0.0,0.0,0.0
2022-01-21 20:17:52.005730,0.0,0.0,0.0
2022-01-21 20:17:52.502358,0.0,0.0,0.0
2022-01-21 20:17:53.010908,0.0,0.0,0.0
2022-01-21 20:17:53.507265,0.0,0.0,0.0
2022-01-21 20:17:54.007521,0.0,0.0,0.0
2022-01-21 20:17:54.502698,0.0,0.0,0.0
2022-01-21 20:17:55.010884,0.0,0.0,0.0
2022-01-21 20:17:55.506615,0.0,0.0,0.0
2022-01-21 20:17:56.005053,0.0,0.0,0.0
2022-01-21 20:17:56.509383,0.0,0.0,0.0
2022-01-21 20:17:57.007697,0.0,0.0,0.0
2022-01-21 20:17:57.503955,0.0,0.0,0.0
2022-01-21 20:17:58.003129,0.0,0.0,0.0
2022-01-21 20:17:58.501177,0.0,0.0,0.0
2022-01-21 20:17:59.002053,0.0,0.0,0.0
2022-01-21 20:17:59.508037,0.0,0.0,0.0
2022-01-21 20:18:00.006408,0.0,0.0,0.0
2022-01-21 20:18:00.510872,0.0,0.0,0.0
2022-01-21 20:18:01.010087,0.0,0.0,0.0
2022-01-21 20:18:01.505380,0.0,0.0,0.0
2022-01-21 20:18:02.004443,0.0,0.0,0.0
2022-01-21 20:18:02.502400,0.0,0.0,0.0
2022-01-21 20:18:03.505350,0.0,0.0,0.0
2022-01-21 20:18:04.003565,0.0,0.0,0.0
2022-01-21 20:18:04.507679,0.0,0.0,0.0
2022-01-21 20:18:05.006403,0.0,0.0,0.0
2022-01-21 20:18:05.503173,0.0,0.0,0.0
2022-01-21 20:18:06.001179,0.0,0.0,0.0
2022-01-21 20:18:06.507543,0.0,0.0,0.0
2022-01-21 20:18:07.009397,0.0,0.0,0.0
2022-01-21 20:18:07.507612,0.0,0.0,0.0
2022-01-21 20:18:08.006323,0.0,0.0,0.0
2022-01-21 20:18:08.503007,0.0,0.0,0.0
2022-01-21 20:18:09.002727,0.0,0.0,0.0
2022-01-21 20:18:09.508779,0.0,0.0,0.0
2022-01-21 20:18:10.007062,0.0,0.0,0.0
2022-01-21 20:18:10.502733,0.0,0.0,0.0
2022-01-21 20:18:11.007140,0.0,0.0,0.0
2022-01-21 20:18:11.503270,0.0,0.0,0.0
2022-01-21 20:18:12.504838,0.0,0.0,0.0
2022-01-21 20:18:13.004090,0.0,0.0,0.0
2022-01-21 20:18:13.501230,0.0,0.0,0.0
2022-01-21 20:18:14.009749,0.0,0.0,0.0
2022-01-21 20:18:14.505652,0.0,0.0,0.0
2022-01-21 20:18:15.004462,0.0,0.0,0.0
2022-01-21 20:18:15.501109,0.0,0.0,0.0
2022-01-21 20:18:16.009193,0.0,0.0,0.0
2022-01-21 20:18:16.506897,0.0,0.0,0.0
2022-01-21 20:18:17.006294,0.0,0.0,0.0
2022-01-21 20:18:17.503135,0.0,0.0,0.0
2022-01-21 20:18:18.001767,0.0,0.0,0.0
2022-01-21 20:18:18.508832,0.0,0.0,0.0
2022-01-21 20:18:19.006729,0.0,0.0,0.0
2022-01-21 20:18:19.502252,0.0,0.0,0.0
2022-01-21 20:18:20.010785,0.0,0.0,0.0
2022-01-21 20:18:20.506940,0.0,0.0,0.0
2022-01-21 20:18:21.006391,0.0,0.0,0.0
2022-01-21 20:18:21.501501,0.0,0.0,0.0
2022-01-21 20:18:22.009725,0.0,0.0,0.0
2022-01-21 20:18:22.505377,0.0,0.0,0.0
2022-01-21 20:18:23.004740,0.0,0.0,0.0
2022-01-21 20:18:23.502002,0.0,0.0,0.0
2022-01-21 20:18:24.010109,0.0,0.0,0.0
2022-01-21 20:18:24.504816,0.0,0.0,0.0
2022-01-21 20:18:25.005035,0.0,0.0,0.0
2022-01-21 20:18:26.004773,0.0,0.0,0.0
2022-01-21 20:18:26.510749,0.0,0.0,0.0
2022-01-21 20:18:27.009148,0.0,0.0,0.0
2022-01-21 20:18:27.506201,0.0,0.0,0.0
2022-01-21 20:18:28.005194,0.0,0.0,0.0
2022-01-21 20:18:28.501401,0.0,0.0,0.0
2022-01-21 20:18:29.001147,0.0,0.0,0.0
2022-01-21 20:18:29.506852,0.0,0.0,0.0
2022-01-21 20:18:30.005151,0.0,0.0,0.0
2022-01-21 20:18:30.503524,0.0,0.0,0.0
2022-01-21 20:18:31.002409,0.0,0.0,0.0
2022-01-21 20:18:31.507851,0.0,0.0,0.0
2022-01-21 20:18:32.004482,0.0,0.0,0.0
2022-01-21 20:18:32.509450,0.0,0.0,0.0
2022-01-21 20:18:33.007381,0.0,0.0,0.0
2022-01-21 20:18:33.502063,0.0,0.0,0.0
2022-01-21 20:18:34.010432,0.0,0.0,0.0
2022-01-21 20:18:34.507487,0.0,0.0,0.0
2022-01-21 20:18:35.006006,0.0,0.0,0.0
2022-01-21 20:18:35.502728,0.0,0.0,0.0
2022-01-21 20:18:36.011008,0.0,0.0,0.0
2022-01-21 20:18:36.506351,0.0,0.0,0.0
2022-01-21 20:18:37.004563,0.0,0.0,0.0
2022-01-21 20:18:37.501290,0.0,0.0,0.0
2022-01-21 20:18:38.009466,0.0,0.0,0.0
2022-01-21 20:18:38.505045,0.0,0.0,0.0
2022-01-21 20:18:39.003228,0.0,0.0,0.0
2022-01-21 20:18:39.509906,0.0,0.0,0.0
2022-01-21 20:18:40.007675,0.0,0.0,0.0
2022-01-21 20:18:40.503399,0.0,0.0,0.0
2022-01-21 20:18:41.001476,0.0,0.0,0.0
2022-01-21 20:18:41.508988,0.0,0.0,0.0
2022-01-21 20:18:42.006637,0.0,0.0,0.0
2022-01-21 20:18:42.501297,0.0,0.0,0.0
2022-01-21 20:18:43.010669,0.0,0.0,0.0
2022-01-21 20:18:43.509550,0.0,0.0,0.0
2022-01-21 20:18:44.008287,0.0,0.0,0.0
2022-01-21 20:18:44.504410,0.0,0.0,0.0
2022-01-21 20:18:45.003840,0.0,0.0,0.0
2022-01-21 20:18:45.509017,0.0,0.0,0.0
2022-01-21 20:18:46.007896,0.0,0.0,0.0
2022-01-21 20:18:46.506759,0.0,0.0,0.0
2022-01-21 20:18:47.004510,0.0,0.0,0.0
2022-01-21 20:18:47.501107,0.0,0.0,0.0
2022-01-21 20:18:48.010347,0.0,0.0,0.0
2022-01-21 20:18:48.505833,0.0,0.0,0.0
2022-01-21 20:18:49.004686,0.0,0.0,0.0
2022-01-21 20:18:50.005214,0.0,0.0,0.0
2022-01-21 20:18:50.501243,0.0,0.0,0.0
2022-01-21 20:18:51.011107,0.0,0.0,0.0
2022-01-21 20:18:51.506652,0.0,0.0,0.0
2022-01-21 20:18:52.005543,0.0,0.0,0.0
2022-01-21 20:18:52.510957,0.0,0.0,0.0
2022-01-21 20:18:53.010551,0.0,0.0,0.0
2022-01-21 20:18:53.507195,0.0,0.0,0.0
2022-01-21 20:18:54.006304,0.0,0.0,0.0
2022-01-21 20:18:54.502264,0.0,0.0,0.0
2022-01-21 20:18:55.010275,0.0,0.0,0.0
2022-01-21 20:18:55.506027,0.0,0.0,0.0
2022-01-21 20:18:56.003869,0.0,0.0,0.0
2022-01-21 20:18:56.509747,0.0,0.0,0.0
2022-01-21 20:18:57.007530,0.0,0.0,0.0
2022-01-21 20:18:57.505015,0.0,0.0,0.0
2022-01-21 20:18:58.003839,0.0,0.0,0.0
2022-01-21 20:18:58.508210,0.0,0.0,0.0
2022-01-21 20:18:59.007206,0.0,0.0,0.0
2022-01-21 20:18:59.501774,0.0,0.0,0.0
2022-01-21 20:19:00.010029,0.0,0.0,0.0
2022-01-21 20:19:00.501803,0.0,0.0,0.0
2022-01-21 20:19:01.001472,0.0,0.0,0.0
2022-01-21 20:19:01.507974,0.0,0.0,0.0
2022-01-21 20:19:02.005360,0.0,0.0,0.0
2022-01-21 20:19:02.510321,0.0,0.0,0.0
2022-01-21 20:19:03.007509,0.0,0.0,0.0
2022-01-21 20:19:03.503857,0.0,0.0,0.0
2022-01-21 20:19:04.002176,0.0,0.0,0.0
2022-01-21 20:19:04.508922,0.0,0.0,0.0
2022-01-21 20:19:05.008211,0.0,0.0,0.0
2022-01-21 20:19:05.503878,0.0,0.0,0.0
2022-01-21 20:19:06.005298,0.0,0.0,0.0
2022-01-21 20:19:06.510727,0.0,0.0,0.0
2022-01-21 20:19:07.009195,0.0,0.0,0.0
2022-01-21 20:19:07.505256,0.0,0.0,0.0
2022-01-21 20:19:08.002957,0.0,0.0,0.0
2022-01-21 20:19:08.507207,0.0,0.0,0.0
2022-01-21 20:19:09.006408,0.0,0.0,0.0
2022-01-21 20:19:09.503342,0.0,0.0,0.0
2022-01-21 20:19:10.011209,0.0,0.0,0.0
2022-01-21 20:19:10.506393,0.0,0.0,0.0
2022-01-21 20:19:11.001183,0.0,0.0,0.0
2022-01-21 20:19:11.508247,0.0,0.0,0.0
2022-01-21 20:19:12.008102,0.0,0.0,0.0
2022-01-21 20:19:12.504105,0.0,0.0,0.0
2022-01-21 20:19:13.002692,0.0,0.0,0.0
2022-01-21 20:19:13.509159,0.0,0.0,0.0
2022-01-21 20:19:14.007504,0.0,0.0,0.0
2022-01-21 20:19:14.503163,0.0,0.0,0.0
2022-01-21 20:19:15.001704,0.0,0.0,0.0
2022-01-21 20:19:15.507251,0.0,0.0,0.0
2022-01-21 20:19:16.004853,0.0,0.0,0.0
2022-01-21 20:19:16.509200,0.0,0.0,0.0
2022-01-21 20:19:17.007893,0.0,0.0,0.0
2022-01-21 20:19:17.502487,0.0,0.0,0.0
2022-01-21 20:19:18.010564,0.0,0.0,0.0
2022-01-21 20:19:18.506281,0.0,0.0,0.0
2022-01-21 20:19:19.004284,0.0,0.0,0.0
2022-01-21 20:19:19.501990,0.0,0.0,0.0
2022-01-21 20:19:20.001024,0.0,0.0,0.0
2022-01-21 20:19:20.507097,0.0,0.0,0.0
2022-01-21 20:19:21.004726,0.0,0.0,0.0
2022-01-21 20:19:21.509318,0.0,0.0,0.0
2022-01-21 20:19:22.008454,0.0,0.0,0.0
2022-01-21 20:19:22.503288,0.0,0.0,0.0
2022-01-21 20:19:23.010748,0.0,0.0,0.0
2022-01-21 20:19:23.507026,0.0,0.0,0.0
2022-01-21 20:19:24.006807,0.0,0.0,0.0
2022-01-21 20:19:24.503139,0.0,0.0,0.0
2022-01-21 20:19:25.002580,0.0,0.0,0.0
2022-01-21 20:19:25.508147,0.0,0.0,0.0
2022-01-21 20:19:26.007433,0.0,0.0,0.0
2022-01-21 20:19:26.502550,0.0,0.0,0.0
2022-01-21 20:19:27.001139,0.0,0.0,0.0
2022-01-21 20:19:27.506707,0.0,0.0,0.0
2022-01-21 20:19:28.004568,0.0,0.0,0.0
2022-01-21 20:19:28.501887,0.0,0.0,0.0
2022-01-21 20:19:29.010437,0.0,0.0,0.0
2022-01-21 20:19:29.506024,0.0,0.0,0.0
2022-01-21 20:19:30.003837,0.0,0.0,0.0
2022-01-21 20:19:30.508965,0.0,0.0,0.0
2022-01-21 20:19:31.007388,0.0,0.0,0.0
2022-01-21 20:19:31.503526,0.0,0.0,0.0
2022-01-21 20:19:32.001763,0.0,0.0,0.0
2022-01-21 20:19:32.508351,0.0,0.0,0.0
2022-01-21 20:19:33.008183,0.0,0.0,0.0
2022-01-21 20:19:33.504314,0.0,0.0,0.0
2022-01-21 20:19:34.002652,0.0,0.0,0.0
2022-01-21 20:19:34.508078,0.0,0.0,0.0
2022-01-21 20:19:35.006136,0.0,0.0,0.0
2022-01-21 20:19:35.501880,0.0,0.0,0.0
2022-01-21 20:19:36.010346,0.0,0.0,0.0
2022-01-21 20:19:36.505444,0.0,0.0,0.0
2022-01-21 20:19:37.003938,0.0,0.0,0.0
2022-01-21 20:19:37.501029,0.0,0.0,0.0
2022-01-21 20:19:38.008765,0.0,0.0,0.0
2022-01-21 20:19:38.503358,0.0,0.0,0.0
2022-01-21 20:19:39.002751,0.0,0.0,0.0
2022-01-21 20:19:39.509288,0.0,0.0,0.0
2022-01-21 20:19:40.006817,0.0,0.0,0.0
2022-01-21 20:19:40.501865,0.0,0.0,0.0
2022-01-21 20:19:41.009185,0.0,0.0,0.0
2022-01-21 20:19:41.505970,0.0,0.0,0.0
2022-01-21 20:19:42.004439,0.0,0.0,0.0
2022-01-21 20:19:42.510598,0.0,0.0,0.0
2022-01-21 20:19:43.008082,0.0,0.0,0.0
2022-01-21 20:19:43.505105,0.0,0.0,0.0
2022-01-21 20:19:44.004120,0.0,0.0,0.0
2022-01-21 20:19:44.510141,0.0,0.0,0.0
2022-01-21 20:19:45.010145,0.0,0.0,0.0
2022-01-21 20:19:45.505314,0.0,0.0,0.0
2022-01-21 20:19:46.003745,0.0,0.0,0.0
2022-01-21 20:19:46.502364,0.0,0.0,0.0
2022-01-21 20:19:47.002215,0.0,0.0,0.0
2022-01-21 20:19:47.508384,0.0,0.0,0.0
2022-01-21 20:19:48.006815,0.0,0.0,0.0
2022-01-21 20:19:48.503290,0.0,0.0,0.0
2022-01-21 20:19:49.002958,0.0,0.0,0.0
2022-01-21 20:19:49.510325,0.0,0.0,0.0
2022-01-21 20:19:50.009093,0.0,0.0,0.0
2022-01-21 20:19:50.505198,0.0,0.0,0.0
2022-01-21 20:19:51.004302,0.0,0.0,0.0
2022-01-21 20:19:51.501689,0.0,0.0,0.0
2022-01-21 20:19:52.001200,0.0,0.0,0.0
2022-01-21 20:19:52.507234,0.0,0.0,0.0
2022-01-21 20:19:53.006850,0.0,0.0,0.0
2022-01-21 20:19:53.503345,0.0,0.0,0.0
2022-01-21 20:19:54.001847,0.0,0.0,0.0
2022-01-21 20:19:54.509047,0.0,0.0,0.0
2022-01-21 20:19:55.007895,0.0,0.0,0.0
2022-01-21 20:19:55.504471,0.0,0.0,0.0
2022-01-21 20:19:56.003033,0.0,0.0,0.0
2022-01-21 20:19:56.509324,0.0,0.0,0.0
2022-01-21 20:19:57.007464,0.0,0.0,0.0
2022-01-21 20:19:57.502842,0.0,0.0,0.0
2022-01-21 20:19:58.010633,0.0,0.0,0.0
2022-01-21 20:19:58.506826,0.0,0.0,0.0
2022-01-21 20:19:59.006850,0.0,0.0,0.0
2022-01-21 20:19:59.502791,0.0,0.0,0.0
2022-01-21 20:20:00.002577,0.0,0.0,0.0
2022-01-21 20:20:00.508223,0.0,0.0,0.0
2022-01-21 20:20:01.006944,0.0,0.0,0.0
2022-01-21 20:20:01.502752,0.0,0.0,0.0
2022-01-21 20:20:02.001271,0.0,0.0,0.0
2022-01-21 20:20:02.506981,0.0,0.0,0.0
2022-01-21 20:20:03.003605,0.0,0.0,0.0
2022-01-21 20:20:03.509351,0.0,0.0,0.0
2022-01-21 20:20:04.009521,0.0,0.0,0.0
2022-01-21 20:20:04.505101,0.0,0.0,0.0
2022-01-21 20:20:05.003899,0.0,0.0,0.0
2022-01-21 20:20:05.509352,0.0,0.0,0.0
2022-01-21 20:20:06.006839,0.0,0.0,0.0
2022-01-21 20:20:06.502384,0.0,0.0,0.0
2022-01-21 20:20:07.009642,0.0,0.0,0.0
2022-01-21 20:20:07.505478,0.0,0.0,0.0
2022-01-21 20:20:08.004019,0.0,0.0,0.0
2022-01-21 20:20:08.501276,0.0,0.0,0.0
2022-01-21 20:20:09.009831,0.0,0.0,0.0
2022-01-21 20:20:09.505836,0.0,0.0,0.0
2022-01-21 20:20:10.003537,0.0,0.0,0.0
2022-01-21 20:20:10.509964,0.0,0.0,0.0
2022-01-21 20:20:11.004946,0.0,0.0,0.0
2022-01-21 20:20:11.509012,0.0,0.0,0.0
2022-01-21 20:20:12.009482,0.0,0.0,0.0
2022-01-21 20:20:12.505650,0.0,0.0,0.0
2022-01-21 20:20:13.002879,0.0,0.0,0.0
2022-01-21 20:20:13.510967,0.0,0.0,0.0
2022-01-21 20:20:14.009435,0.0,0.0,0.0
2022-01-21 20:20:14.505463,0.0,0.0,0.0
2022-01-21 20:20:15.002790,0.0,0.0,0.0
2022-01-21 20:20:15.507543,0.0,0.0,0.0
2022-01-21 20:20:16.005061,0.0,0.0,0.0
2022-01-21 20:20:16.509858,0.0,0.0,0.0
2022-01-21 20:20:17.008540,0.0,0.0,0.0
2022-01-21 20:20:17.504597,0.0,0.0,0.0
2022-01-21 20:20:18.002745,0.0,0.0,0.0
2022-01-21 20:20:18.509097,0.0,0.0,0.0
2022-01-21 20:20:19.007445,0.0,0.0,0.0
2022-01-21 20:20:19.501365,0.0,0.0,0.0
2022-01-21 20:20:20.010484,0.0,0.0,0.0
2022-01-21 20:20:20.505748,0.0,0.0,0.0
2022-01-21 20:20:21.003973,0.0,0.0,0.0
2022-01-21 20:20:21.510247,0.0,0.0,0.0
2022-01-21 20:20:22.009848,0.0,0.0,0.0
2022-01-21 20:20:22.506623,0.0,0.0,0.0
2022-01-21 20:20:23.005155,0.0,0.0,0.0
2022-01-21 20:20:23.510292,0.0,0.0,0.0
2022-01-21 20:20:24.007573,0.0,0.0,0.0
2022-01-21 20:20:24.504417,0.0,0.0,0.0
2022-01-21 20:20:25.003241,0.0,0.0,0.0
2022-01-21 20:20:25.509569,0.0,0.0,0.0
2022-01-21 20:20:26.006205,0.0,0.0,0.0
2022-01-21 20:20:26.502284,0.0,0.0,0.0
2022-01-21 20:20:27.001452,0.0,0.0,0.0
2022-01-21 20:20:27.508158,0.0,0.0,0.0
2022-01-21 20:20:28.006430,0.0,0.0,0.0
2022-01-21 20:20:28.501735,0.0,0.0,0.0
2022-01-21 20:20:29.010713,0.0,0.0,0.0
2022-01-21 20:20:29.504842,0.0,0.0,0.0
2022-01-21 20:20:30.002622,0.0,0.0,0.0
2022-01-21 20:20:30.507752,0.0,0.0,0.0
2022-01-21 20:20:31.007296,0.0,0.0,0.0
2022-01-21 20:20:31.503039,0.0,0.0,0.0
2022-01-21 20:20:32.011161,0.0,0.0,0.0
2022-01-21 20:20:32.507484,0.0,0.0,0.0
2022-01-21 20:20:33.006006,0.0,0.0,0.0
2022-01-21 20:20:33.501182,0.0,0.0,0.0
2022-01-21 20:20:34.009140,0.0,0.0,0.0
2022-01-21 20:20:34.503705,0.0,0.0,0.0
2022-01-21 20:20:35.002418,0.0,0.0,0.0
2022-01-21 20:20:35.510842,0.0,0.0,0.0
2022-01-21 20:20:36.008919,0.0,0.0,0.0
2022-01-21 20:20:36.504554,0.0,0.0,0.0
2022-01-21 20:20:37.002309,0.0,0.0,0.0
2022-01-21 20:20:37.509292,0.0,0.0,0.0
2022-01-21 20:20:38.006878,0.0,0.0,0.0
2022-01-21 20:20:38.501792,0.0,0.0,0.0
2022-01-21 20:20:39.010863,0.0,0.0,0.0
2022-01-21 20:20:39.507337,0.0,0.0,0.0
2022-01-21 20:20:40.007018,0.0,0.0,0.0
2022-01-21 20:20:40.502669,0.0,0.0,0.0
2022-01-21 20:20:41.001073,0.0,0.0,0.0
2022-01-21 20:20:41.506882,0.0,0.0,0.0
2022-01-21 20:20:42.007156,0.0,0.0,0.0
2022-01-21 20:20:42.502422,0.0,0.0,0.0
2022-01-21 20:20:43.010400,0.0,0.0,0.0
2022-01-21 20:20:43.506351,0.0,0.0,0.0
2022-01-21 20:20:44.003902,0.0,0.0,0.0
2022-01-21 20:20:44.510805,0.0,0.0,0.0
2022-01-21 20:20:45.010589,0.0,0.0,0.0
2022-01-21 20:20:45.505776,0.0,0.0,0.0
2022-01-21 20:20:46.004347,0.0,0.0,0.0
2022-01-21 20:20:46.510785,0.0,0.0,0.0
2022-01-21 20:20:47.009021,0.0,0.0,0.0
2022-01-21 20:20:47.504582,0.0,0.0,0.0
2022-01-21 20:20:48.002544,0.0,0.0,0.0
2022-01-21 20:20:48.507524,0.0,0.0,0.0
2022-01-21 20:20:49.007656,0.0,0.0,0.0
2022-01-21 20:20:49.503422,0.0,0.0,0.0
2022-01-21 20:20:50.002379,0.0,0.0,0.0
2022-01-21 20:20:50.507385,0.0,0.0,0.0
2022-01-21 20:20:51.006545,0.0,0.0,0.0
2022-01-21 20:20:51.501195,0.0,0.0,0.0
2022-01-21 20:20:52.001788,0.0,0.0,0.0
2022-01-21 20:20:52.508943,0.0,0.0,0.0
2022-01-21 20:20:53.007658,0.0,0.0,0.0
2022-01-21 20:20:53.505883,0.0,0.0,0.0
2022-01-21 20:20:54.003934,0.0,0.0,0.0
2022-01-21 20:20:54.511077,0.0,0.0,0.0
2022-01-21 20:20:55.505229,0.0,0.0,0.0
2022-01-21 20:20:56.002797,0.0,0.0,0.0
2022-01-21 20:20:56.509332,0.0,0.0,0.0
2022-01-21 20:20:57.009483,0.0,0.0,0.0
2022-01-21 20:20:57.506198,0.0,0.0,0.0
2022-01-21 20:20:58.004620,0.0,0.0,0.0
2022-01-21 20:20:58.510625,0.0,0.0,0.0
2022-01-21 20:20:59.007516,0.0,0.0,0.0
2022-01-21 20:20:59.502263,0.0,0.0,0.0
2022-01-21 20:21:00.001485,0.0,0.0,0.0
2022-01-21 20:21:00.507442,0.0,0.0,0.0
2022-01-21 20:21:01.006418,0.0,0.0,0.0
2022-01-21 20:21:01.502276,0.0,0.0,0.0
2022-01-21 20:21:02.009980,0.0,0.0,0.0
2022-01-21 20:21:02.508122,0.0,0.0,0.0
2022-01-21 20:21:03.006311,0.0,0.0,0.0
2022-01-21 20:21:03.501831,0.0,0.0,0.0
2022-01-21 20:21:04.010348,0.0,0.0,0.0
2022-01-21 20:21:04.502739,0.0,0.0,0.0
2022-01-21 20:21:05.010994,0.0,0.0,0.0
2022-01-21 20:21:05.506034,0.0,0.0,0.0
2022-01-21 20:21:06.003297,0.0,0.0,0.0
2022-01-21 20:21:06.508467,0.0,0.0,0.0
2022-01-21 20:21:07.006978,0.0,0.0,0.0
2022-01-21 20:21:07.504521,0.0,0.0,0.0
2022-01-21 20:21:08.003043,0.0,0.0,0.0
2022-01-21 20:21:08.508549,0.0,0.0,0.0
2022-01-21 20:21:09.006647,0.0,0.0,0.0
2022-01-21 20:21:09.501696,0.0,0.0,0.0
2022-01-21 20:21:10.010239,0.0,0.0,0.0
2022-01-21 20:21:10.505377,0.0,0.0,0.0
2022-01-21 20:21:11.010148,0.0,0.0,0.0
2022-01-21 20:21:11.507476,0.0,0.0,0.0
2022-01-21 20:21:12.006260,0.0,0.0,0.0
2022-01-21 20:21:12.501454,0.0,0.0,0.0
2022-01-21 20:21:13.009789,0.0,0.0,0.0
2022-01-21 20:21:13.504048,0.0,0.0,0.0
2022-01-21 20:21:14.002481,0.0,0.0,0.0
2022-01-21 20:21:14.507196,0.0,0.0,0.0
2022-01-21 20:21:15.006328,0.0,0.0,0.0
2022-01-21 20:21:15.503138,0.0,0.0,0.0
2022-01-21 20:21:16.001257,0.0,0.0,0.0
2022-01-21 20:21:16.507954,0.0,0.0,0.0
2022-01-21 20:21:17.005080,0.0,0.0,0.0
2022-01-21 20:21:17.510184,0.0,0.0,0.0
2022-01-21 20:21:18.007700,0.0,0.0,0.0
2022-01-21 20:21:18.502297,0.0,0.0,0.0
2022-01-21 20:21:19.011317,0.0,0.0,0.0
2022-01-21 20:21:19.506694,0.0,0.0,0.0
2022-01-21 20:21:20.005017,0.0,0.0,0.0
2022-01-21 20:21:20.501641,0.0,0.0,0.0
2022-01-21 20:21:21.010303,0.0,0.0,0.0
2022-01-21 20:21:21.504930,0.0,0.0,0.0
2022-01-21 20:21:22.003397,0.0,0.0,0.0
2022-01-21 20:21:22.509003,0.0,0.0,0.0
2022-01-21 20:21:23.006642,0.0,0.0,0.0
2022-01-21 20:21:23.502958,0.0,0.0,0.0
2022-01-21 20:21:24.002216,0.0,0.0,0.0
2022-01-21 20:21:24.508637,0.0,0.0,0.0
2022-01-21 20:21:25.006708,0.0,0.0,0.0
2022-01-21 20:21:25.502459,0.0,0.0,0.0
2022-01-21 20:21:26.010071,0.0,0.0,0.0
2022-01-21 20:21:26.505398,0.0,0.0,0.0
2022-01-21 20:21:27.003797,0.0,0.0,0.0
2022-01-21 20:21:27.509817,0.0,0.0,0.0
2022-01-21 20:21:28.008218,0.0,0.0,0.0
2022-01-21 20:21:28.503363,0.0,0.0,0.0
2022-01-21 20:21:29.002583,0.0,0.0,0.0
2022-01-21 20:21:29.508487,0.0,0.0,0.0
2022-01-21 20:21:30.007864,0.0,0.0,0.0
2022-01-21 20:21:30.502918,0.0,0.0,0.0
2022-01-21 20:21:31.003502,0.0,0.0,0.0
2022-01-21 20:21:31.509819,0.0,0.0,0.0
2022-01-21 20:21:32.007826,0.0,0.0,0.0
2022-01-21 20:21:32.503427,0.0,0.0,0.0
2022-01-21 20:21:33.001706,0.0,0.0,0.0
