時間,回転１,回転２,回転３
2022-01-21 10:00:00.007833,84.05963,84.4415,85.4527
2022-01-21 10:00:00.505338,83.64747,84.184,85.4527
2022-01-21 10:00:01.003211,84.47302,84.803,85.21708
2022-01-21 10:00:01.506333,83.59549,84.08,85.21708
2022-01-21 10:00:02.005511,84.05963,84.132,86.86645
2022-01-21 10:00:02.505060,83.7502,83.8745,86.86645
2022-01-21 10:00:03.002155,84.42104,84.64825,85.13885
2022-01-21 10:00:03.506222,84.52377,85.0085,85.13885
2022-01-21 10:00:04.006378,83.49276,83.8745,85.57051
2022-01-21 10:00:04.502408,84.47302,84.699,85.57051
2022-01-21 10:00:05.007714,83.49276,83.97725,85.49229
2022-01-21 10:00:05.503606,85.09187,85.16325,85.49229
2022-01-21 10:00:06.002005,83.39003,83.7705,86.31697
2022-01-21 10:00:06.507760,84.05963,84.33875,86.31697
2022-01-21 10:00:07.006364,84.36905,84.699,85.4527
2022-01-21 10:00:07.502010,84.1636,84.54425,85.4527
2022-01-21 10:00:08.001146,84.21434,84.3895,85.84572
2022-01-21 10:00:08.509754,83.64747,84.02925,85.84572
2022-01-21 10:00:09.008650,84.42104,84.4935,85.57051
2022-01-21 10:00:09.504819,83.64747,84.184,85.57051
2022-01-21 10:00:10.004020,84.47302,84.699,84.825
2022-01-21 10:00:10.508991,83.85417,84.02925,84.825
2022-01-21 10:00:11.003178,83.90492,84.33875,85.7675
2022-01-21 10:00:11.509265,84.1636,84.4415,85.7675
2022-01-21 10:00:12.007656,84.26632,84.54425,85.80614
2022-01-21 10:00:12.503396,84.1636,84.33875,85.80614
2022-01-21 10:00:13.002334,83.28607,83.8225,85.57051
2022-01-21 10:00:13.507562,84.26632,84.3895,85.57051
2022-01-21 10:00:14.006429,84.26632,84.699,85.57051
2022-01-21 10:00:14.501922,84.11161,84.33875,85.57051
2022-01-21 10:00:15.009257,84.26632,84.4935,86.00312
2022-01-21 10:00:15.504790,83.64747,84.02925,86.00312
2022-01-21 10:00:16.002438,84.31831,84.4935,86.00312
2022-01-21 10:00:16.507610,83.85417,84.28675,86.00312
2022-01-21 10:00:17.006528,84.21434,84.4935,85.7675
2022-01-21 10:00:17.503596,83.7502,84.08,85.7675
2022-01-21 10:00:18.002134,84.42104,84.85375,85.92395
2022-01-21 10:00:18.509373,84.11161,84.4935,85.92395
2022-01-21 10:00:19.008088,83.85417,84.28675,85.7675
2022-01-21 10:00:19.505221,84.57575,84.751,85.7675
2022-01-21 10:00:20.003671,83.90492,84.184,86.47437
2022-01-21 10:00:20.510594,84.1636,84.132,86.47437
2022-01-21 10:00:21.008590,84.21434,84.699,85.92395
2022-01-21 10:00:21.504054,84.11161,84.28675,85.92395
2022-01-21 10:00:22.003224,84.00888,83.97725,85.92395
2022-01-21 10:00:22.509317,83.39003,83.66775,85.92395
2022-01-21 10:00:23.007637,84.57575,84.64825,230.95114
2022-01-21 10:00:23.503484,83.80219,84.08,230.95114
2022-01-21 10:00:24.004097,84.73046,84.803,224.51104
2022-01-21 10:00:24.510835,83.13135,83.513,224.51104
2022-01-21 10:00:25.010760,84.31831,84.4415,182.33416
2022-01-21 10:00:25.508145,84.57575,84.59625,182.33416
2022-01-21 10:00:26.008886,83.9569,84.33875,114.23854
2022-01-21 10:00:26.504091,84.00888,84.23475,114.23854
2022-01-21 10:00:27.002476,83.28607,83.461,91.54031
2022-01-21 10:00:27.509146,84.83319,84.90575,91.54031
2022-01-21 10:00:28.007501,83.44078,83.92525,94.56385
2022-01-21 10:00:28.504584,84.62773,84.699,94.56385
2022-01-21 10:00:29.004162,83.80219,84.08,87.37729
2022-01-21 10:00:29.501207,84.26632,84.699,87.37729
2022-01-21 10:00:30.009912,84.67848,85.1125,87.06343
2022-01-21 10:00:30.507250,83.7502,84.23475,87.06343
2022-01-21 10:00:31.005550,83.9569,84.08,87.3377
2022-01-21 10:00:31.510785,83.44078,83.8745,87.3377
2022-01-21 10:00:32.008352,84.57575,84.803,85.25666
2022-01-21 10:00:32.503345,84.11161,84.33875,85.25666
2022-01-21 10:00:33.010371,83.9569,84.3895,86.3952
2022-01-21 10:00:33.505198,83.80219,83.8745,86.3952
2022-01-21 10:00:34.002719,83.9569,84.33875,85.53187
2022-01-21 10:00:34.508223,84.57575,84.699,85.53187
2022-01-21 10:00:35.009866,83.44078,83.8745,85.53187
2022-01-21 10:00:35.503776,84.21434,84.132,85.53187
2022-01-21 10:00:36.002075,83.7502,84.23475,85.13885
2022-01-21 10:00:36.506336,84.83319,85.0085,85.13885
2022-01-21 10:00:37.004995,83.80219,83.92525,86.00312
2022-01-21 10:00:37.501245,83.80219,84.28675,86.00312
2022-01-21 10:00:38.010246,83.7502,84.08,84.86364
2022-01-21 10:00:38.504788,84.21434,84.54425,84.86364
2022-01-21 10:00:39.003128,84.00888,84.08,86.31697
2022-01-21 10:00:39.509025,84.05963,84.59625,86.31697
2022-01-21 10:00:40.008051,84.00888,84.28675,85.33489
2022-01-21 10:00:40.504709,84.21434,84.28675,85.33489
2022-01-21 10:00:41.002197,84.00888,84.4415,85.37447
2022-01-21 10:00:41.507102,84.00888,84.08,85.37447
2022-01-21 10:00:42.007440,83.69946,83.97725,85.37447
2022-01-21 10:00:42.503887,84.1636,84.33875,85.37447
2022-01-21 10:00:43.001773,83.59549,84.28675,86.31697
2022-01-21 10:00:43.508361,84.36905,84.4935,86.31697
2022-01-21 10:00:44.006392,84.36905,84.64825,85.7675
2022-01-21 10:00:44.501183,84.11161,84.3895,85.7675
2022-01-21 10:00:45.010545,83.69946,83.97725,85.37447
2022-01-21 10:00:45.504958,84.1636,84.64825,85.37447
2022-01-21 10:00:46.003785,84.00888,84.08,84.98145
2022-01-21 10:00:46.509066,84.00888,84.64825,84.98145
2022-01-21 10:00:47.008333,83.80219,84.08,85.37447
2022-01-21 10:00:47.504328,84.21434,84.59625,85.37447
2022-01-21 10:00:48.002699,84.21434,84.3895,85.49229
2022-01-21 10:00:48.509538,84.26632,84.4415,85.49229
2022-01-21 10:00:49.006624,84.21434,84.54425,86.3952
2022-01-21 10:00:49.501132,84.00888,84.02925,86.3952
2022-01-21 10:00:50.008596,84.11161,84.54425,85.88531
2022-01-21 10:00:50.503573,84.31831,84.751,85.88531
2022-01-21 10:00:51.002091,83.80219,84.23475,85.17843
2022-01-21 10:00:51.506381,83.90492,84.02925,85.17843
2022-01-21 10:00:52.004197,84.47302,84.751,85.49229
2022-01-21 10:00:52.502259,83.49276,83.8225,85.49229
2022-01-21 10:00:53.001244,84.78245,84.803,86.04176
2022-01-21 10:00:53.501200,83.39003,83.8745,86.04176
2022-01-21 10:00:54.006456,84.21434,84.4935,85.09926
2022-01-21 10:00:54.506040,84.00888,84.59625,85.09926
2022-01-21 10:00:55.008222,84.11161,84.28675,85.29625
2022-01-21 10:00:55.510026,84.00888,84.02925,85.29625
2022-01-21 10:00:56.003301,83.9569,84.33875,85.96354
2022-01-21 10:00:56.503963,84.21434,84.4415,85.96354
2022-01-21 10:00:57.006118,84.05963,84.3895,85.37447
2022-01-21 10:00:57.508558,83.90492,84.33875,85.37447
2022-01-21 10:00:58.005781,83.59549,84.33875,85.80614
2022-01-21 10:00:58.504481,84.21434,84.4415,85.80614
2022-01-21 10:00:59.006362,84.57575,84.699,85.37447
2022-01-21 10:00:59.510728,83.90492,84.184,85.37447
2022-01-21 10:01:00.005080,84.21434,84.3895,84.825
2022-01-21 10:01:00.508051,83.64747,84.08,84.825
2022-01-21 10:01:01.011088,84.57575,84.699,85.53187
2022-01-21 10:01:01.509888,83.80219,84.4415,85.53187
2022-01-21 10:01:02.007910,83.80219,84.02925,85.17843
2022-01-21 10:01:02.502805,84.11161,84.184,85.17843
2022-01-21 10:01:03.001241,84.42104,84.699,85.41406
2022-01-21 10:01:03.506367,83.80219,84.02925,85.41406
2022-01-21 10:01:04.004999,84.1636,84.4935,86.15958
2022-01-21 10:01:04.510195,83.9569,84.08,86.15958
2022-01-21 10:01:05.008346,84.11161,84.751,85.72791
2022-01-21 10:01:05.505184,84.42104,84.64825,85.72791
2022-01-21 10:01:06.003563,83.80219,83.92525,85.29625
2022-01-21 10:01:06.509817,84.26632,84.33875,85.29625
2022-01-21 10:01:07.008836,84.11161,84.33875,86.35656
2022-01-21 10:01:07.505903,84.11161,84.59625,86.35656
2022-01-21 10:01:08.005038,83.59549,83.92525,85.29625
2022-01-21 10:01:08.509297,84.42104,84.95775,85.29625
2022-01-21 10:01:09.007790,83.9569,84.33875,85.37447
2022-01-21 10:01:09.505165,84.47302,84.90575,85.37447
2022-01-21 10:01:10.002808,84.11161,84.184,84.94281
2022-01-21 10:01:10.508788,84.26632,84.132,84.94281
2022-01-21 10:01:11.003833,83.9569,84.28675,85.80614
2022-01-21 10:01:11.509956,83.7502,84.08,85.80614
2022-01-21 10:01:12.008496,84.11161,84.54425,85.57051
2022-01-21 10:01:12.503875,84.05963,84.3895,85.57051
2022-01-21 10:01:13.001968,83.7502,84.33875,85.37447
2022-01-21 10:01:13.509150,84.42104,84.54425,85.37447
2022-01-21 10:01:14.009089,84.11161,84.184,85.21708
2022-01-21 10:01:14.504638,83.90492,84.08,85.21708
2022-01-21 10:01:15.003134,84.36905,84.699,85.49229
2022-01-21 10:01:15.508718,83.39003,83.8745,85.49229
2022-01-21 10:01:16.006449,84.31831,84.699,85.72791
2022-01-21 10:01:16.501513,84.1636,84.803,85.72791
2022-01-21 10:01:17.009810,83.64747,83.7705,86.51301
2022-01-21 10:01:17.506432,84.78245,84.95775,86.51301
2022-01-21 10:01:18.004045,83.64747,83.8745,86.31697
2022-01-21 10:01:18.502574,84.26632,84.4415,86.31697
2022-01-21 10:01:19.001268,83.54475,84.08,85.53187
2022-01-21 10:01:19.507480,84.47302,84.751,85.53187
2022-01-21 10:01:20.006919,83.44078,84.08,85.41406
2022-01-21 10:01:20.510765,84.31831,84.54425,85.41406
2022-01-21 10:01:21.008022,84.26632,84.4935,85.53187
2022-01-21 10:01:21.503379,84.11161,84.23475,85.53187
2022-01-21 10:01:22.004339,84.52377,84.4415,85.41406
2022-01-21 10:01:22.510394,83.54475,83.8745,85.41406
2022-01-21 10:01:23.009017,84.47302,84.803,85.68833
2022-01-21 10:01:23.504346,83.90492,84.54425,85.68833
2022-01-21 10:01:24.002251,84.26632,84.4935,85.96354
2022-01-21 10:01:24.509048,83.69946,84.02925,85.96354
2022-01-21 10:01:25.007197,84.31831,84.3895,84.94281
2022-01-21 10:01:25.503296,84.78245,84.751,84.94281
2022-01-21 10:01:26.001420,83.80219,84.132,86.27739
2022-01-21 10:01:26.507292,83.80219,83.97725,86.27739
2022-01-21 10:01:27.004964,83.80219,84.33875,84.74583
2022-01-21 10:01:27.501865,84.57575,84.95775,84.74583
2022-01-21 10:01:28.009852,83.33805,83.92525,85.02104
2022-01-21 10:01:28.505311,84.26632,84.3895,85.02104
2022-01-21 10:01:29.002625,83.90492,83.97725,85.68833
2022-01-21 10:01:29.509385,84.36905,84.64825,85.68833
2022-01-21 10:01:30.007982,84.26632,84.4935,85.72791
2022-01-21 10:01:30.502000,83.64747,84.132,85.72791
2022-01-21 10:01:31.009869,83.9569,84.23475,85.33489
2022-01-21 10:01:31.507123,83.54475,84.184,85.33489
2022-01-21 10:01:32.006642,84.52377,84.54425,85.33489
2022-01-21 10:01:32.510245,83.90492,84.132,85.33489
2022-01-21 10:01:33.009204,83.85417,84.08,85.02104
2022-01-21 10:01:33.505169,83.9569,84.132,85.02104
2022-01-21 10:01:34.006007,84.36905,84.95775,84.98145
2022-01-21 10:01:34.502448,83.9569,84.3895,84.98145
2022-01-21 10:01:35.010829,84.11161,84.4935,85.29625
2022-01-21 10:01:35.507746,83.85417,83.92525,85.29625
2022-01-21 10:01:36.007477,84.05963,84.33875,85.64968
2022-01-21 10:01:36.502424,84.67848,84.85375,85.64968
2022-01-21 10:01:37.010877,84.21434,84.23475,85.84572
2022-01-21 10:01:37.505456,83.80219,84.184,85.84572
2022-01-21 10:01:38.002947,84.52377,84.85375,85.80614
2022-01-21 10:01:38.509095,83.90492,84.3895,85.80614
2022-01-21 10:01:39.006610,83.9569,84.184,85.33489
2022-01-21 10:01:39.501363,84.1636,84.59625,85.33489
2022-01-21 10:01:40.009831,83.80219,84.02925,85.84572
2022-01-21 10:01:40.506762,84.42104,84.4935,85.84572
2022-01-21 10:01:41.006844,83.90492,84.3895,85.57051
2022-01-21 10:01:41.502444,83.80219,84.132,85.57051
2022-01-21 10:01:42.009959,84.36905,84.85375,85.33489
2022-01-21 10:01:42.506419,83.85417,84.02925,85.33489
2022-01-21 10:01:43.004718,83.9569,84.54425,85.33489
2022-01-21 10:01:43.509867,84.11161,84.23475,85.33489
2022-01-21 10:01:44.008049,84.36905,84.28675,85.02104
2022-01-21 10:01:44.503177,83.69946,84.132,85.02104
2022-01-21 10:01:45.004146,84.05963,84.4415,85.57051
2022-01-21 10:01:45.509633,83.9569,84.4415,85.57051
2022-01-21 10:01:46.008498,84.47302,84.803,86.3952
2022-01-21 10:01:46.504066,83.44078,83.8225,86.3952
2022-01-21 10:01:47.001758,84.05963,84.184,85.02104
2022-01-21 10:01:47.507085,84.42104,84.64825,85.02104
2022-01-21 10:01:48.005569,83.80219,84.184,85.88531
2022-01-21 10:01:48.501508,84.05963,84.4415,85.88531
2022-01-21 10:01:49.009881,83.59549,84.132,86.00312
2022-01-21 10:01:49.506808,84.21434,84.54425,86.00312
2022-01-21 10:01:50.005048,84.1636,84.54425,84.825
2022-01-21 10:01:50.509162,84.26632,84.54425,84.825
2022-01-21 10:01:51.007328,83.59549,83.565,85.57051
2022-01-21 10:01:51.502724,84.36905,84.4415,85.57051
2022-01-21 10:01:52.010790,84.1636,84.64825,85.88531
2022-01-21 10:01:52.504300,83.49276,84.184,85.88531
2022-01-21 10:01:53.003270,84.62773,84.95775,85.53187
2022-01-21 10:01:53.508574,83.18334,83.513,85.53187
2022-01-21 10:01:54.010654,84.67848,84.90575,85.29625
2022-01-21 10:01:54.506669,83.9569,84.28675,85.29625
2022-01-21 10:01:55.011043,84.36905,84.4415,85.68833
2022-01-21 10:01:55.506698,84.00888,84.132,85.68833
2022-01-21 10:01:56.005872,83.7502,84.28675,85.49229
2022-01-21 10:01:56.503069,84.36905,84.803,85.49229
2022-01-21 10:01:57.001830,84.00888,84.23475,85.92395
2022-01-21 10:01:57.507332,83.85417,84.08,85.92395
2022-01-21 10:01:58.004527,83.64747,84.02925,86.15958
2022-01-21 10:01:58.501278,84.78245,84.95775,86.15958
2022-01-21 10:01:59.009835,84.11161,84.08,85.17843
2022-01-21 10:01:59.505627,84.31831,84.751,85.17843
2022-01-21 10:02:00.004617,83.9569,84.33875,85.53187
2022-01-21 10:02:00.509248,83.85417,84.23475,85.53187
2022-01-21 10:02:01.007520,84.67848,84.803,85.09926
2022-01-21 10:02:01.503022,83.69946,84.132,85.09926
2022-01-21 10:02:02.004943,84.1636,84.23475,85.41406
2022-01-21 10:02:02.501419,84.31831,84.4415,85.41406
2022-01-21 10:02:03.505833,83.7502,84.08,85.41406
2022-01-21 10:02:04.005279,84.36905,84.699,86.51301
2022-01-21 10:02:04.510879,83.69946,83.92525,86.51301
2022-01-21 10:02:05.007194,83.9569,84.4935,85.7675
2022-01-21 10:02:05.501843,84.36905,84.59625,85.7675
2022-01-21 10:02:06.010039,83.9569,83.92525,86.27739
2022-01-21 10:02:06.506665,84.42104,84.699,86.27739
2022-01-21 10:02:07.004766,84.00888,84.33875,85.21708
2022-01-21 10:02:07.502651,84.00888,84.59625,85.21708
2022-01-21 10:02:08.010839,84.05963,84.4415,85.84572
2022-01-21 10:02:08.508359,83.59549,84.02925,85.84572
2022-01-21 10:02:09.007379,84.26632,84.4415,85.17843
2022-01-21 10:02:09.502496,83.9569,84.23475,85.17843
2022-01-21 10:02:10.009537,84.05963,84.33875,85.09926
2022-01-21 10:02:10.505310,84.52377,84.64825,85.09926
2022-01-21 10:02:11.009992,83.7502,84.23475,85.17843
2022-01-21 10:02:11.504359,84.21434,84.54425,85.17843
2022-01-21 10:02:12.008655,83.90492,84.184,85.13885
2022-01-21 10:02:12.504062,84.00888,84.28675,85.13885
2022-01-21 10:02:13.003937,84.11161,84.54425,86.15958
2022-01-21 10:02:13.508710,84.26632,84.4935,86.15958
2022-01-21 10:02:14.007193,84.11161,83.97725,85.29625
2022-01-21 10:02:14.502525,84.11161,84.59625,85.29625
2022-01-21 10:02:15.009926,84.42104,84.751,85.29625
2022-01-21 10:02:15.510190,83.54475,83.8225,85.29625
2022-01-21 10:02:16.008571,84.62773,84.803,85.84572
2022-01-21 10:02:16.505444,83.33805,83.8225,85.84572
2022-01-21 10:02:17.005187,84.57575,84.64825,86.04176
2022-01-21 10:02:17.501140,84.21434,84.33875,86.04176
2022-01-21 10:02:18.010114,83.85417,84.3895,85.09926
2022-01-21 10:02:18.508789,84.47302,84.85375,85.09926
2022-01-21 10:02:19.007970,83.80219,84.08,85.96354
2022-01-21 10:02:19.502485,84.52377,84.699,85.96354
2022-01-21 10:02:20.009775,83.39003,83.8225,85.09926
2022-01-21 10:02:20.503583,84.26632,84.3895,85.09926
2022-01-21 10:02:21.003511,84.05963,84.08,85.06062
2022-01-21 10:02:21.509032,84.42104,84.751,85.06062
2022-01-21 10:02:22.007116,83.69946,84.02925,86.31697
2022-01-21 10:02:22.502684,83.90492,84.4415,86.31697
2022-01-21 10:02:23.001874,84.36905,84.54425,85.49229
2022-01-21 10:02:23.505440,83.49276,84.02925,85.49229
2022-01-21 10:02:24.004316,84.57575,84.699,86.23875
2022-01-21 10:02:24.511144,83.44078,83.71975,86.23875
2022-01-21 10:02:25.003926,84.67848,85.1125,85.4527
2022-01-21 10:02:25.501385,83.9569,84.184,85.4527
2022-01-21 10:02:26.009798,84.05963,84.4415,85.13885
2022-01-21 10:02:26.505069,83.64747,83.7705,85.13885
2022-01-21 10:02:27.003066,84.11161,84.4935,85.17843
2022-01-21 10:02:27.508452,84.52377,84.751,85.17843
2022-01-21 10:02:28.007152,83.64747,83.92525,85.64968
2022-01-21 10:02:28.502072,84.62773,84.85375,85.64968
2022-01-21 10:02:29.011033,83.7502,84.02925,84.98145
2022-01-21 10:02:29.506897,84.73046,85.318,84.98145
2022-01-21 10:02:30.007042,83.69946,83.97725,85.68833
2022-01-21 10:02:30.505213,84.00888,84.132,85.68833
2022-01-21 10:02:31.003448,84.26632,84.64825,85.53187
2022-01-21 10:02:31.501830,83.80219,84.3895,85.53187
2022-01-21 10:02:32.010258,84.62773,84.751,85.72791
2022-01-21 10:02:32.505239,83.69946,83.8225,85.72791
2022-01-21 10:02:33.002832,84.05963,84.4935,85.7675
2022-01-21 10:02:33.509154,84.1636,84.54425,85.7675
2022-01-21 10:02:34.006472,83.90492,84.23475,86.19916
2022-01-21 10:02:34.503783,83.9569,84.184,86.19916
2022-01-21 10:02:35.002067,84.11161,84.4935,86.04176
2022-01-21 10:02:35.508068,83.80219,84.184,86.04176
2022-01-21 10:02:36.005904,84.42104,84.85375,85.37447
2022-01-21 10:02:36.510849,84.1636,84.4935,85.37447
2022-01-21 10:02:37.010156,83.7502,83.97725,84.825
2022-01-21 10:02:37.505441,84.05963,84.4415,84.825
2022-01-21 10:02:38.003096,84.11161,84.4415,85.06062
2022-01-21 10:02:38.507993,83.85417,84.28675,85.06062
2022-01-21 10:02:39.007772,84.26632,84.54425,86.08135
2022-01-21 10:02:39.503536,83.9569,84.28675,86.08135
2022-01-21 10:02:40.505476,84.52377,84.751,84.74583
2022-01-21 10:02:41.004448,83.7502,84.184,86.04176
2022-01-21 10:02:41.510540,84.21434,84.23475,86.04176
2022-01-21 10:02:42.008436,83.7502,84.08,86.23875
2022-01-21 10:02:42.504389,84.11161,84.3895,86.23875
2022-01-21 10:02:43.002259,84.00888,84.3895,85.53187
2022-01-21 10:02:43.505727,84.21434,84.54425,85.53187
2022-01-21 10:02:44.002197,84.26632,84.4415,86.08135
2022-01-21 10:02:44.502461,83.9569,84.132,86.08135
2022-01-21 10:02:45.009646,84.00888,84.28675,85.4527
2022-01-21 10:02:45.505116,84.05963,84.3895,85.4527
2022-01-21 10:02:46.004710,84.36905,84.54425,85.37447
2022-01-21 10:02:46.509557,83.13135,83.66775,85.37447
2022-01-21 10:02:47.006609,84.67848,84.85375,85.68833
2022-01-21 10:02:47.504079,84.1636,84.28675,85.68833
2022-01-21 10:02:48.002239,84.26632,84.64825,85.25666
2022-01-21 10:02:48.510379,83.69946,83.92525,85.25666
2022-01-21 10:02:49.002821,84.00888,84.184,85.88531
2022-01-21 10:02:49.507548,84.26632,84.54425,85.88531
2022-01-21 10:02:50.008522,83.80219,84.132,86.63083
2022-01-21 10:02:50.502530,84.21434,84.54425,86.63083
2022-01-21 10:02:51.001123,83.54475,83.66775,84.58937
2022-01-21 10:02:51.507105,84.67848,84.90575,84.58937
2022-01-21 10:02:52.008890,83.7502,83.97725,85.21708
2022-01-21 10:02:52.502940,84.21434,84.59625,85.21708
2022-01-21 10:02:53.002513,83.9569,84.184,86.04176
2022-01-21 10:02:53.508657,83.64747,84.132,86.04176
2022-01-21 10:02:54.005774,84.73046,85.21525,85.72791
2022-01-21 10:02:54.503114,83.69946,83.92525,85.72791
2022-01-21 10:02:55.003516,84.42104,84.54425,85.88531
2022-01-21 10:02:55.510151,83.59549,83.8745,85.88531
2022-01-21 10:02:56.006756,84.00888,84.4935,85.37447
2022-01-21 10:02:56.502680,84.42104,84.59625,85.37447
2022-01-21 10:02:57.010754,84.11161,84.33875,85.92395
2022-01-21 10:02:57.507732,83.7502,84.08,85.92395
2022-01-21 10:02:58.007858,84.1636,84.54425,86.15958
2022-01-21 10:02:58.501918,84.36905,84.64825,86.15958
2022-01-21 10:02:59.010658,84.11161,84.28675,85.7675
2022-01-21 10:02:59.505064,84.36905,84.64825,85.7675
2022-01-21 10:03:00.004792,83.28607,83.7705,85.96354
2022-01-21 10:03:00.508196,84.67848,85.16325,85.96354
2022-01-21 10:03:01.006734,84.11161,84.3895,86.67041
2022-01-21 10:03:01.503953,83.85417,84.28675,86.67041
2022-01-21 10:03:02.002162,84.05963,84.184,84.825
2022-01-21 10:03:02.509073,84.31831,84.4935,84.825
2022-01-21 10:03:03.007127,83.7502,84.132,85.17843
2022-01-21 10:03:03.501902,84.11161,84.3895,85.17843
2022-01-21 10:03:04.009779,83.80219,84.184,86.08135
2022-01-21 10:03:04.502639,84.26632,84.4935,86.08135
2022-01-21 10:03:05.008226,84.00888,84.4935,85.02104
2022-01-21 10:03:05.504355,84.21434,84.4415,85.02104
2022-01-21 10:03:06.003439,84.1636,84.23475,85.96354
2022-01-21 10:03:06.509922,83.85417,84.08,85.96354
2022-01-21 10:03:07.006908,83.9569,84.33875,85.92395
2022-01-21 10:03:07.503601,83.90492,84.23475,85.92395
2022-01-21 10:03:08.002669,84.21434,84.54425,84.94281
2022-01-21 10:03:08.503412,84.1636,84.803,84.94281
2022-01-21 10:03:09.010612,83.90492,84.23475,86.3952
2022-01-21 10:03:09.504835,84.36905,84.4415,86.3952
2022-01-21 10:03:10.002392,84.00888,84.184,86.71
2022-01-21 10:03:10.509212,84.36905,84.59625,86.71
2022-01-21 10:03:11.005793,83.33805,83.565,85.21708
2022-01-21 10:03:11.510388,84.42104,84.59625,85.21708
2022-01-21 10:03:12.008039,83.64747,84.132,85.53187
2022-01-21 10:03:12.503816,84.62773,84.95775,85.53187
2022-01-21 10:03:13.001268,83.7502,84.23475,85.49229
2022-01-21 10:03:13.508204,84.26632,84.4415,85.49229
2022-01-21 10:03:14.008588,84.26632,84.3895,85.37447
2022-01-21 10:03:14.504004,83.9569,84.28675,85.37447
2022-01-21 10:03:15.003223,84.21434,84.4935,85.4527
2022-01-21 10:03:15.508699,83.49276,83.7705,85.4527
2022-01-21 10:03:16.007268,84.47302,84.85375,85.02104
2022-01-21 10:03:16.501848,83.59549,84.23475,85.02104
2022-01-21 10:03:17.001203,84.83319,84.85375,85.33489
2022-01-21 10:03:17.502543,83.7502,83.92525,85.33489
2022-01-21 10:03:18.009828,83.85417,84.184,85.06062
2022-01-21 10:03:18.504659,84.21434,84.54425,85.06062
2022-01-21 10:03:19.003306,83.7502,84.132,85.13885
2022-01-21 10:03:19.510011,84.42104,84.64825,85.13885
2022-01-21 10:03:20.001925,82.5125,83.04875,85.6101
2022-01-21 10:03:20.506962,84.93716,85.0605,85.6101
2022-01-21 10:03:21.005781,83.9569,83.92525,234.09343
2022-01-21 10:03:21.502117,84.21434,84.28675,234.09343
2022-01-21 10:03:22.003704,83.80219,83.92525,218.30656
2022-01-21 10:03:22.508159,83.90492,84.08,218.30656
2022-01-21 10:03:23.007133,84.47302,84.90575,174.32291
2022-01-21 10:03:23.502576,83.08061,83.7705,174.32291
2022-01-21 10:03:24.004533,84.67848,84.751,108.97656
2022-01-21 10:03:24.507937,83.59549,83.66775,108.97656
2022-01-21 10:03:25.006689,84.42104,84.4935,95.0351
2022-01-21 10:03:25.504908,83.90492,84.132,95.0351
2022-01-21 10:03:26.001425,84.1636,84.3895,92.9927
2022-01-21 10:03:26.506268,83.54475,83.7705,92.9927
2022-01-21 10:03:27.010499,84.31831,84.90575,87.88812
2022-01-21 10:03:27.506300,83.85417,84.184,87.88812
2022-01-21 10:03:28.007886,84.05963,84.3895,87.06343
2022-01-21 10:03:28.503361,84.21434,84.33875,87.06343
2022-01-21 10:03:29.002572,84.57575,84.699,87.18125
2022-01-21 10:03:29.506909,83.90492,84.28675,87.18125
2022-01-21 10:03:30.007190,84.05963,84.23475,86.43479
2022-01-21 10:03:30.508965,83.9569,84.23475,86.43479
2022-01-21 10:03:31.008814,83.85417,84.28675,85.80614
2022-01-21 10:03:31.510475,83.90492,84.4935,85.80614
2022-01-21 10:03:32.007643,84.1636,84.08,85.92395
2022-01-21 10:03:32.502271,84.1636,84.02925,85.92395
2022-01-21 10:03:33.003317,84.11161,84.3895,85.21708
2022-01-21 10:03:33.508598,84.31831,84.699,85.21708
2022-01-21 10:03:34.006972,83.7502,83.92525,85.13885
2022-01-21 10:03:34.504239,84.31831,84.4935,85.13885
2022-01-21 10:03:35.001496,83.85417,84.59625,85.33489
2022-01-21 10:03:35.506446,83.85417,84.02925,85.33489
2022-01-21 10:03:36.003238,84.52377,84.4935,84.98145
2022-01-21 10:03:36.508652,83.59549,83.7705,84.98145
2022-01-21 10:03:37.007943,84.36905,84.54425,86.08135
2022-01-21 10:03:37.506387,83.69946,84.132,86.08135
2022-01-21 10:03:38.005235,84.31831,84.85375,85.53187
2022-01-21 10:03:38.509789,83.49276,83.92525,85.53187
2022-01-21 10:03:39.009178,84.42104,84.64825,85.53187
2022-01-21 10:03:39.504030,83.9569,84.132,85.53187
2022-01-21 10:03:40.003644,84.21434,84.28675,85.68833
2022-01-21 10:03:40.510136,84.05963,84.3895,85.68833
2022-01-21 10:03:41.008282,83.59549,83.71975,85.33489
2022-01-21 10:03:41.503994,84.67848,85.0605,85.33489
2022-01-21 10:03:42.001766,83.18334,83.66775,84.98145
2022-01-21 10:03:42.508319,84.93716,85.1125,84.98145
2022-01-21 10:03:43.007331,83.39003,83.565,85.68833
2022-01-21 10:03:43.504767,84.42104,84.59625,85.68833
2022-01-21 10:03:44.002457,84.1636,84.23475,85.80614
2022-01-21 10:03:44.509839,83.9569,84.28675,85.80614
2022-01-21 10:03:45.007201,84.47302,84.85375,85.57051
2022-01-21 10:03:45.505720,83.64747,84.08,85.57051
2022-01-21 10:03:46.003350,84.73046,84.95775,85.4527
2022-01-21 10:03:46.509082,83.44078,83.71975,85.4527
2022-01-21 10:03:47.007904,84.31831,84.54425,85.49229
2022-01-21 10:03:47.504344,84.1636,84.33875,85.49229
2022-01-21 10:03:48.002441,83.80219,83.8745,85.29625
2022-01-21 10:03:48.508933,84.31831,84.54425,85.29625
2022-01-21 10:03:49.007451,83.64747,84.08,85.57051
2022-01-21 10:03:49.503732,84.62773,85.1125,85.57051
2022-01-21 10:03:50.002318,83.7502,84.132,85.09926
2022-01-21 10:03:50.510767,84.26632,84.28675,85.09926
2022-01-21 10:03:51.009313,83.9569,83.8745,85.41406
2022-01-21 10:03:51.504314,84.21434,84.64825,85.41406
2022-01-21 10:03:52.004786,84.00888,84.33875,86.08135
2022-01-21 10:03:52.508667,83.80219,84.08,86.08135
2022-01-21 10:03:53.007150,84.1636,84.4935,85.4527
2022-01-21 10:03:53.503982,83.9569,84.54425,85.4527
2022-01-21 10:03:54.003447,84.52377,84.699,85.53187
2022-01-21 10:03:54.508569,83.69946,83.8225,85.53187
2022-01-21 10:03:55.007127,84.36905,84.3895,84.90322
2022-01-21 10:03:55.504578,83.64747,83.97725,84.90322
2022-01-21 10:03:56.002063,84.1636,84.59625,86.3952
2022-01-21 10:03:56.509495,84.11161,84.3895,86.3952
2022-01-21 10:03:57.001216,83.49276,83.97725,86.35656
2022-01-21 10:03:57.508011,84.21434,84.33875,86.35656
2022-01-21 10:03:58.007996,84.47302,84.85375,85.49229
2022-01-21 10:03:58.502671,83.64747,83.7705,85.49229
2022-01-21 10:03:59.001310,84.57575,84.64825,85.49229
2022-01-21 10:03:59.509923,83.49276,83.97725,85.49229
2022-01-21 10:04:00.008243,84.42104,84.751,85.37447
2022-01-21 10:04:01.005988,84.52377,84.699,85.13885
2022-01-21 10:04:01.501449,83.49276,83.71975,85.13885
2022-01-21 10:04:02.009909,84.47302,84.54425,86.19916
2022-01-21 10:04:02.506206,84.31831,84.4415,86.19916
2022-01-21 10:04:03.004753,83.9569,84.28675,85.4527
2022-01-21 10:04:03.501567,84.1636,84.4415,85.4527
2022-01-21 10:04:04.010733,83.80219,84.28675,85.4527
2022-01-21 10:04:04.505256,84.52377,84.54425,85.4527
2022-01-21 10:04:05.003527,83.7502,84.28675,86.27739
2022-01-21 10:04:05.510967,84.11161,84.08,86.27739
2022-01-21 10:04:06.002429,84.52377,84.4935,85.72791
2022-01-21 10:04:06.509003,83.59549,83.92525,85.72791
2022-01-21 10:04:07.006840,84.31831,84.90575,85.84572
2022-01-21 10:04:07.502491,83.44078,83.71975,85.84572
2022-01-21 10:04:08.010414,84.73046,85.1125,85.72791
2022-01-21 10:04:08.506160,83.23532,83.7705,85.72791
2022-01-21 10:04:09.004307,84.73046,84.699,85.09926
2022-01-21 10:04:09.501066,84.11161,84.28675,85.09926
2022-01-21 10:04:10.010093,84.21434,84.54425,85.49229
2022-01-21 10:04:10.506774,84.26632,84.59625,85.49229
2022-01-21 10:04:11.003636,83.18334,83.565,85.68833
2022-01-21 10:04:11.510467,84.62773,84.95775,85.68833
2022-01-21 10:04:12.008161,83.39003,83.92525,85.88531
2022-01-21 10:04:12.503308,84.47302,84.59625,85.88531
2022-01-21 10:04:13.002632,83.49276,83.61575,86.00312
2022-01-21 10:04:13.509758,84.47302,84.59625,86.00312
2022-01-21 10:04:14.009079,84.1636,84.4935,86.23875
2022-01-21 10:04:14.505737,84.00888,84.54425,86.23875
2022-01-21 10:04:15.003731,84.31831,84.3895,85.33489
2022-01-21 10:04:15.509385,83.54475,83.97725,85.33489
2022-01-21 10:04:16.009566,84.31831,84.64825,85.37447
2022-01-21 10:04:16.504924,83.69946,84.02925,85.37447
2022-01-21 10:04:17.004095,84.47302,84.54425,85.49229
2022-01-21 10:04:17.501117,83.9569,84.132,85.49229
2022-01-21 10:04:18.010266,84.11161,84.54425,85.21708
2022-01-21 10:04:18.506773,84.21434,84.803,85.21708
2022-01-21 10:04:19.003826,83.59549,83.97725,85.53187
2022-01-21 10:04:19.503215,84.67848,84.803,85.53187
2022-01-21 10:04:20.002315,83.28607,83.71975,85.17843
2022-01-21 10:04:20.507179,84.78245,84.699,85.17843
2022-01-21 10:04:21.005694,84.1636,84.23475,85.57051
2022-01-21 10:04:21.501524,84.00888,84.33875,85.57051
2022-01-21 10:04:22.010463,83.80219,84.23475,85.7675
2022-01-21 10:04:22.505628,84.00888,84.54425,85.7675
2022-01-21 10:04:23.004381,84.1636,84.33875,84.94281
2022-01-21 10:04:23.510864,83.80219,84.23475,84.94281
2022-01-21 10:04:24.001374,84.26632,84.23475,86.23875
2022-01-21 10:04:24.509083,84.1636,84.33875,86.23875
2022-01-21 10:04:25.006733,84.05963,84.28675,85.80614
2022-01-21 10:04:25.501628,84.21434,84.59625,85.80614
2022-01-21 10:04:26.010497,83.69946,84.08,85.64968
2022-01-21 10:04:26.509815,84.26632,84.4415,85.64968
2022-01-21 10:04:27.008259,83.85417,84.3895,85.06062
2022-01-21 10:04:27.503457,84.1636,84.28675,85.06062
2022-01-21 10:04:28.010796,84.1636,84.23475,85.13885
2022-01-21 10:04:28.506756,84.00888,84.184,85.13885
2022-01-21 10:04:29.005338,84.31831,84.699,84.94281
2022-01-21 10:04:29.511062,83.7502,84.184,84.94281
2022-01-21 10:04:30.001779,84.42104,84.64825,85.29625
2022-01-21 10:04:30.507349,84.00888,84.4415,85.29625
2022-01-21 10:04:31.004852,84.26632,84.3895,85.17843
2022-01-21 10:04:31.501045,83.7502,84.08,85.17843
2022-01-21 10:04:32.010954,84.57575,84.59625,86.04176
2022-01-21 10:04:32.505454,84.05963,84.4415,86.04176
2022-01-21 10:04:33.003723,83.9569,84.4415,85.64968
2022-01-21 10:04:33.509454,84.1636,84.4415,85.64968
2022-01-21 10:04:34.006933,83.59549,83.8225,85.92395
2022-01-21 10:04:34.502801,84.62773,84.90575,85.92395
2022-01-21 10:04:35.010861,83.54475,84.02925,86.04176
2022-01-21 10:04:35.506360,84.21434,84.23475,86.04176
2022-01-21 10:04:36.006915,84.62773,84.803,85.72791
2022-01-21 10:04:36.502351,83.80219,84.132,85.72791
2022-01-21 10:04:37.011069,84.42104,84.751,84.98145
2022-01-21 10:04:37.505924,83.39003,83.8745,84.98145
2022-01-21 10:04:38.003134,84.52377,84.64825,85.64968
2022-01-21 10:04:38.510826,83.33805,83.8225,85.64968
2022-01-21 10:04:39.010953,84.67848,84.85375,85.41406
2022-01-21 10:04:39.506676,84.1636,84.23475,85.41406
2022-01-21 10:04:40.008960,84.31831,84.699,85.68833
2022-01-21 10:04:40.504714,83.64747,83.97725,85.68833
2022-01-21 10:04:41.003841,84.00888,84.28675,85.6101
2022-01-21 10:04:41.511238,84.57575,84.85375,85.6101
2022-01-21 10:04:42.008418,83.02862,83.71975,86.31697
2022-01-21 10:04:42.504118,84.52377,84.64825,86.31697
2022-01-21 10:04:43.001740,83.85417,84.08,85.29625
2022-01-21 10:04:43.501093,84.36905,84.699,85.29625
2022-01-21 10:04:44.010252,84.31831,84.59625,85.4527
2022-01-21 10:04:44.507638,83.9569,84.3895,85.4527
2022-01-21 10:04:45.006783,83.80219,84.02925,85.49229
2022-01-21 10:04:45.503000,83.80219,84.33875,85.49229
2022-01-21 10:04:46.002082,84.26632,84.23475,85.17843
2022-01-21 10:04:46.509169,83.7502,83.97725,85.17843
2022-01-21 10:04:47.010337,84.52377,84.85375,85.4527
2022-01-21 10:04:47.505327,84.11161,84.3895,85.4527
2022-01-21 10:04:48.007364,83.7502,84.23475,84.90322
2022-01-21 10:04:48.501565,84.21434,84.33875,84.90322
2022-01-21 10:04:49.001326,83.7502,84.23475,85.84572
2022-01-21 10:04:49.508141,84.26632,84.23475,85.84572
2022-01-21 10:04:50.006089,84.05963,84.4415,85.68833
2022-01-21 10:04:50.511041,84.05963,84.08,85.68833
2022-01-21 10:04:51.009753,84.47302,84.64825,84.98145
2022-01-21 10:04:51.504556,84.00888,84.4935,84.98145
2022-01-21 10:04:52.003562,83.69946,83.92525,86.04176
2022-01-21 10:04:52.508683,84.42104,84.59625,86.04176
2022-01-21 10:04:53.007974,83.7502,83.8225,85.37447
2022-01-21 10:04:53.505198,84.47302,85.0605,85.37447
2022-01-21 10:04:54.003282,83.90492,84.132,85.7675
2022-01-21 10:04:54.509181,84.26632,84.33875,85.7675
2022-01-21 10:04:55.007454,84.1636,84.54425,85.25666
2022-01-21 10:04:55.503671,84.11161,84.4415,85.25666
2022-01-21 10:04:56.002135,83.9569,84.28675,85.25666
2022-01-21 10:04:56.507967,84.31831,84.33875,85.25666
2022-01-21 10:04:57.005203,83.54475,83.8745,85.4527
2022-01-21 10:04:57.501960,84.47302,84.64825,85.4527
2022-01-21 10:04:58.505038,83.7502,83.97725,85.53187
2022-01-21 10:04:59.003433,84.42104,84.64825,85.33489
2022-01-21 10:04:59.509075,83.80219,84.28675,85.33489
2022-01-21 10:05:00.006765,84.36905,84.54425,85.92395
2022-01-21 10:05:00.502399,83.7502,84.132,85.92395
2022-01-21 10:05:01.010475,84.21434,84.33875,85.33489
2022-01-21 10:05:01.505783,84.1636,84.4415,85.33489
2022-01-21 10:05:02.003196,84.05963,84.33875,84.90322
2022-01-21 10:05:02.508998,84.1636,84.4935,84.90322
2022-01-21 10:05:03.006843,83.59549,83.97725,85.33489
2022-01-21 10:05:03.502816,84.52377,84.64825,85.33489
2022-01-21 10:05:04.010790,83.69946,84.02925,85.37447
2022-01-21 10:05:04.505552,84.57575,84.59625,85.37447
2022-01-21 10:05:05.004549,83.69946,84.23475,85.33489
2022-01-21 10:05:05.510440,84.11161,84.3895,85.33489
2022-01-21 10:05:06.008059,84.62773,84.803,85.72791
2022-01-21 10:05:06.505137,83.39003,83.66775,85.72791
2022-01-21 10:05:07.003788,84.36905,84.751,85.57051
2022-01-21 10:05:07.504424,83.9569,84.33875,85.57051
2022-01-21 10:05:08.002298,84.21434,84.23475,86.31697
2022-01-21 10:05:08.508490,83.7502,84.23475,86.31697
2022-01-21 10:05:09.007472,84.52377,84.751,85.29625
2022-01-21 10:05:09.501207,84.05963,84.23475,85.29625
2022-01-21 10:05:10.010237,84.1636,84.59625,86.08135
2022-01-21 10:05:10.505962,83.85417,83.92525,86.08135
2022-01-21 10:05:11.010916,83.80219,84.02925,85.88531
2022-01-21 10:05:11.507145,84.26632,84.59625,85.88531
2022-01-21 10:05:12.006420,83.9569,84.54425,85.41406
2022-01-21 10:05:12.510671,83.9569,83.97725,85.41406
2022-01-21 10:05:13.008768,84.47302,84.699,85.6101
2022-01-21 10:05:13.504311,84.05963,84.4415,85.6101
2022-01-21 10:05:14.002139,84.1636,84.4415,85.53187
2022-01-21 10:05:14.506569,83.80219,84.02925,85.53187
2022-01-21 10:05:15.004121,84.11161,83.92525,86.04176
2022-01-21 10:05:15.501856,83.9569,84.59625,86.04176
2022-01-21 10:05:16.010307,84.00888,84.184,85.64968
2022-01-21 10:05:16.504571,84.47302,84.803,85.64968
2022-01-21 10:05:17.001184,83.85417,83.92525,85.37447
2022-01-21 10:05:17.507421,84.31831,84.3895,85.37447
2022-01-21 10:05:18.005738,84.1636,84.59625,86.27739
2022-01-21 10:05:18.510338,83.7502,84.02925,86.27739
2022-01-21 10:05:19.008703,83.80219,84.184,84.825
2022-01-21 10:05:19.502726,84.26632,84.4415,84.825
2022-01-21 10:05:20.001452,83.9569,84.4935,85.7675
2022-01-21 10:05:20.508487,84.21434,84.4935,85.7675
2022-01-21 10:05:21.007082,84.47302,84.59625,85.80614
2022-01-21 10:05:21.502559,83.7502,83.97725,85.80614
2022-01-21 10:05:22.001467,84.31831,84.3895,85.7675
2022-01-21 10:05:22.508285,83.85417,84.28675,85.7675
2022-01-21 10:05:23.006609,84.05963,84.132,85.96354
2022-01-21 10:05:23.505099,84.00888,84.699,85.96354
2022-01-21 10:05:24.002899,83.9569,84.08,85.57051
2022-01-21 10:05:24.509550,84.9879,85.0605,85.57051
2022-01-21 10:05:25.007640,83.49276,83.8745,85.13885
2022-01-21 10:05:25.502440,84.62773,84.85375,85.13885
2022-01-21 10:05:26.003870,83.23532,83.41025,86.3952
2022-01-21 10:05:26.509123,84.47302,84.699,86.3952
2022-01-21 10:05:27.007328,83.69946,84.33875,85.57051
2022-01-21 10:05:27.503365,84.31831,84.59625,85.57051
2022-01-21 10:05:28.505219,83.90492,84.23475,85.13885
2022-01-21 10:05:29.002540,84.73046,84.85375,85.72791
2022-01-21 10:05:29.510771,83.69946,83.97725,85.72791
2022-01-21 10:05:30.010304,84.42104,84.59625,85.17843
2022-01-21 10:05:30.503981,83.85417,84.54425,85.17843
2022-01-21 10:05:31.002267,83.7502,83.97725,86.08135
2022-01-21 10:05:31.507323,84.42104,84.64825,86.08135
2022-01-21 10:05:32.005891,84.00888,84.23475,85.02104
2022-01-21 10:05:32.510065,84.47302,84.751,85.02104
2022-01-21 10:05:33.007692,83.69946,84.184,85.53187
2022-01-21 10:05:33.504693,84.21434,84.3895,85.53187
2022-01-21 10:05:34.003904,83.49276,84.02925,85.84572
2022-01-21 10:05:34.508318,84.42104,84.751,85.84572
2022-01-21 10:05:35.006265,83.64747,83.8745,86.04176
2022-01-21 10:05:35.501688,84.11161,84.132,86.04176
2022-01-21 10:05:36.009879,84.21434,84.3895,85.4527
2022-01-21 10:05:36.508309,83.69946,84.132,85.4527
2022-01-21 10:05:37.005447,84.52377,84.59625,85.68833
2022-01-21 10:05:37.510371,83.64747,84.08,85.68833
2022-01-21 10:05:38.009835,84.62773,84.90575,85.13885
2022-01-21 10:05:38.506817,83.80219,84.33875,85.13885
2022-01-21 10:05:39.004193,84.1636,84.33875,86.31697
2022-01-21 10:05:39.510387,84.21434,84.28675,86.31697
2022-01-21 10:05:40.008575,83.9569,84.4935,85.6101
2022-01-21 10:05:40.502641,83.69946,83.92525,85.6101
2022-01-21 10:05:41.009677,84.36905,84.751,84.94281
2022-01-21 10:05:41.504614,83.85417,84.23475,84.94281
2022-01-21 10:05:42.004316,83.69946,84.28675,85.4527
2022-01-21 10:05:42.508996,84.36905,84.4415,85.4527
2022-01-21 10:05:43.009117,83.9569,84.23475,85.37447
2022-01-21 10:05:43.505766,83.80219,84.184,85.37447
2022-01-21 10:05:44.003172,84.62773,84.803,85.17843
2022-01-21 10:05:44.507992,83.59549,84.02925,85.17843
2022-01-21 10:05:45.006213,84.52377,85.0085,85.68833
2022-01-21 10:05:45.511134,83.9569,84.54425,85.68833
2022-01-21 10:05:46.001107,84.05963,84.08,85.57051
2022-01-21 10:05:46.508386,84.11161,84.184,85.57051
2022-01-21 10:05:47.006903,84.21434,84.4415,85.13885
2022-01-21 10:05:47.502868,83.90492,84.02925,85.13885
2022-01-21 10:05:48.002282,84.11161,84.54425,85.84572
2022-01-21 10:05:48.506548,84.05963,84.23475,85.84572
2022-01-21 10:05:49.002116,84.26632,84.90575,85.06062
2022-01-21 10:05:49.508525,84.05963,84.3895,85.06062
2022-01-21 10:05:50.007997,84.31831,84.3895,86.19916
2022-01-21 10:05:50.502873,84.05963,84.184,86.19916
2022-01-21 10:05:51.009644,84.42104,84.64825,86.04176
2022-01-21 10:05:51.504118,83.23532,83.61575,86.04176
2022-01-21 10:05:52.004498,84.67848,84.699,85.41406
2022-01-21 10:05:52.503639,83.49276,84.08,85.41406
2022-01-21 10:05:53.001196,84.57575,84.95775,85.25666
2022-01-21 10:05:53.506958,83.85417,84.28675,85.25666
2022-01-21 10:05:54.005515,84.11161,84.08,85.7675
2022-01-21 10:05:54.506837,84.52377,84.4415,85.7675
2022-01-21 10:05:55.006818,83.90492,84.23475,85.49229
2022-01-21 10:05:55.502724,83.9569,84.28675,85.49229
2022-01-21 10:05:56.011235,83.69946,84.28675,85.21708
2022-01-21 10:05:56.507205,84.26632,84.54425,85.21708
2022-01-21 10:05:57.006045,83.85417,84.3895,85.57051
2022-01-21 10:05:57.501214,84.36905,84.64825,85.57051
2022-01-21 10:05:58.007432,83.9569,83.92525,86.23875
2022-01-21 10:05:58.502802,84.1636,84.3895,86.23875
2022-01-21 10:05:59.010771,84.1636,84.28675,85.64968
2022-01-21 10:05:59.505491,83.7502,84.184,85.64968
2022-01-21 10:06:00.005642,84.42104,84.64825,85.4527
2022-01-21 10:06:00.502927,83.28607,83.8745,85.4527
2022-01-21 10:06:01.001700,84.42104,84.4415,85.25666
2022-01-21 10:06:01.506979,84.26632,84.3895,85.25666
2022-01-21 10:06:02.006245,83.85417,84.132,85.64968
2022-01-21 10:06:03.005114,83.85417,84.28675,85.17843
2022-01-21 10:06:03.501200,84.36905,84.64825,85.17843
2022-01-21 10:06:04.009827,83.69946,84.28675,85.25666
2022-01-21 10:06:04.507758,84.42104,84.699,85.25666
2022-01-21 10:06:05.006263,83.59549,83.71975,86.04176
2022-01-21 10:06:05.502174,84.57575,84.751,86.04176
2022-01-21 10:06:06.009872,83.90492,83.92525,85.21708
2022-01-21 10:06:06.505072,84.00888,84.3895,85.21708
2022-01-21 10:06:07.005349,84.31831,84.3895,85.68833
2022-01-21 10:06:07.509623,83.90492,84.54425,85.68833
2022-01-21 10:06:08.007347,84.05963,84.33875,85.6101
2022-01-21 10:06:08.501864,84.26632,84.64825,85.6101
2022-01-21 10:06:09.010804,84.26632,84.4935,85.06062
2022-01-21 10:06:09.508067,84.11161,84.28675,85.06062
2022-01-21 10:06:10.007545,84.00888,84.3895,85.41406
2022-01-21 10:06:10.501729,83.9569,84.184,85.41406
2022-01-21 10:06:11.006039,84.52377,85.0085,85.57051
2022-01-21 10:06:11.501307,83.80219,84.23475,85.57051
2022-01-21 10:06:12.009843,83.85417,84.28675,85.68833
2022-01-21 10:06:12.507821,84.00888,84.02925,85.68833
2022-01-21 10:06:13.006844,84.31831,84.4415,85.7675
2022-01-21 10:06:13.502069,84.42104,84.90575,85.7675
2022-01-21 10:06:14.001439,83.7502,84.132,86.00312
2022-01-21 10:06:14.507881,83.9569,84.4935,86.00312
2022-01-21 10:06:15.007429,84.52377,84.751,85.4527
2022-01-21 10:06:15.503021,83.80219,84.33875,85.4527
2022-01-21 10:06:16.011053,84.21434,84.33875,86.31697
2022-01-21 10:06:16.507268,84.05963,84.08,86.31697
2022-01-21 10:06:17.005395,84.05963,84.184,85.57051
2022-01-21 10:06:17.509389,84.1636,84.4415,85.57051
2022-01-21 10:06:18.007989,83.54475,84.08,85.80614
2022-01-21 10:06:18.509244,84.1636,84.3895,85.80614
2022-01-21 10:06:19.007923,83.85417,84.184,236.09625
2022-01-21 10:06:19.502579,84.00888,84.08,236.09625
2022-01-21 10:06:20.011143,84.47302,84.54425,218.03135
2022-01-21 10:06:20.507854,83.59549,83.7705,218.03135
2022-01-21 10:06:21.005417,84.1636,84.23475,167.21458
2022-01-21 10:06:21.510342,83.7502,84.23475,167.21458
2022-01-21 10:06:22.009917,84.62773,84.90575,104.77395
2022-01-21 10:06:22.506258,83.23532,83.71975,104.77395
2022-01-21 10:06:23.004335,84.36905,84.4415,92.2076
2022-01-21 10:06:23.504669,83.69946,83.92525,92.2076
2022-01-21 10:06:24.003022,84.05963,84.28675,90.40083
2022-01-21 10:06:24.508563,84.47302,84.54425,90.40083
2022-01-21 10:06:25.008568,83.59549,84.132,87.88812
2022-01-21 10:06:25.506488,84.26632,84.64825,87.88812
2022-01-21 10:06:26.006439,84.1636,84.59625,86.43479
2022-01-21 10:06:26.505361,83.9569,84.23475,86.43479
2022-01-21 10:06:27.004070,83.64747,84.08,87.84854
2022-01-21 10:06:28.005732,83.80219,83.71975,86.00312
2022-01-21 10:06:28.502480,84.52377,84.90575,86.00312
2022-01-21 10:06:29.001655,83.90492,84.33875,85.96354
2022-01-21 10:06:29.508650,83.69946,84.08,85.96354
2022-01-21 10:06:30.007812,84.67848,84.751,85.96354
2022-01-21 10:06:30.503267,83.18334,83.71975,85.96354
2022-01-21 10:06:31.002550,84.47302,84.64825,85.7675
2022-01-21 10:06:31.504454,84.1636,84.132,85.7675
2022-01-21 10:06:32.004716,83.90492,84.33875,85.7675
2022-01-21 10:06:32.510455,84.05963,84.184,85.7675
2022-01-21 10:06:33.007968,84.21434,84.751,85.84572
2022-01-21 10:06:33.502712,83.9569,84.23475,85.84572
2022-01-21 10:06:34.010591,83.80219,84.33875,85.13885
2022-01-21 10:06:34.505759,84.1636,84.33875,85.13885
2022-01-21 10:06:35.006713,83.9569,83.97725,86.51301
2022-01-21 10:06:35.503409,84.62773,84.751,86.51301
2022-01-21 10:06:36.011006,83.64747,83.8745,85.92395
2022-01-21 10:06:36.509335,84.31831,84.85375,85.92395
2022-01-21 10:06:37.006430,83.59549,83.7705,85.02104
2022-01-21 10:06:37.504192,83.80219,84.23475,85.02104
2022-01-21 10:06:38.004072,84.36905,84.4935,85.57051
2022-01-21 10:06:38.505241,83.90492,84.28675,85.57051
2022-01-21 10:06:39.005968,84.1636,84.23475,84.94281
2022-01-21 10:06:39.501810,84.31831,84.3895,84.94281
2022-01-21 10:06:40.001644,84.00888,84.54425,86.74864
2022-01-21 10:06:40.507001,83.85417,84.132,86.74864
2022-01-21 10:06:41.005462,84.31831,84.64825,85.4527
2022-01-21 10:06:41.510298,83.49276,83.66775,85.4527
2022-01-21 10:06:42.008156,84.21434,84.64825,85.06062
2022-01-21 10:06:42.503593,84.42104,84.59625,85.06062
2022-01-21 10:06:43.002573,84.05963,83.97725,85.7675
2022-01-21 10:06:43.508439,84.31831,84.751,85.7675
2022-01-21 10:06:44.007142,83.9569,84.23475,85.68833
2022-01-21 10:06:44.503093,84.21434,84.4935,85.68833
2022-01-21 10:06:45.001156,84.05963,84.28675,85.6101
2022-01-21 10:06:45.508503,83.85417,84.28675,85.6101
2022-01-21 10:06:46.006586,84.1636,84.132,85.53187
2022-01-21 10:06:46.502236,84.36905,84.4935,85.53187
2022-01-21 10:06:47.010670,83.7502,84.3895,85.21708
2022-01-21 10:06:47.504992,84.21434,84.4935,85.21708
2022-01-21 10:06:48.004148,84.00888,84.28675,86.51301
2022-01-21 10:06:48.508921,84.00888,84.28675,86.51301
2022-01-21 10:06:49.007604,83.85417,84.3895,85.49229
2022-01-21 10:06:49.503461,84.05963,84.33875,85.49229
2022-01-21 10:06:50.003216,84.11161,84.132,85.88531
2022-01-21 10:06:50.510803,84.42104,84.699,85.88531
2022-01-21 10:06:51.010445,83.80219,84.28675,85.72791
2022-01-21 10:06:51.508272,83.80219,84.28675,85.72791
2022-01-21 10:06:52.002696,84.05963,84.08,85.80614
2022-01-21 10:06:52.509212,83.85417,84.23475,85.80614
2022-01-21 10:06:53.007927,84.52377,84.59625,85.4527
2022-01-21 10:06:53.502360,84.00888,84.08,85.4527
2022-01-21 10:06:54.001195,83.90492,84.23475,86.3952
2022-01-21 10:06:54.509833,84.42104,84.699,86.3952
2022-01-21 10:06:55.009823,84.05963,84.64825,85.09926
2022-01-21 10:06:55.505399,84.21434,84.3895,85.09926
2022-01-21 10:06:56.002931,83.69946,84.08,85.17843
2022-01-21 10:06:56.507873,84.42104,84.4935,85.17843
2022-01-21 10:06:57.006343,84.00888,84.08,85.41406
2022-01-21 10:06:57.503100,84.05963,84.33875,85.41406
2022-01-21 10:06:58.003026,83.9569,84.132,85.84572
2022-01-21 10:06:58.508160,84.31831,84.95775,85.84572
2022-01-21 10:06:59.007473,83.85417,84.28675,84.86364
2022-01-21 10:06:59.501653,84.47302,84.751,84.86364
2022-01-21 10:07:00.001560,84.00888,84.184,86.31697
2022-01-21 10:07:00.510710,83.90492,84.33875,86.31697
2022-01-21 10:07:01.010806,84.47302,84.54425,85.33489
2022-01-21 10:07:01.507844,83.85417,84.02925,85.33489
2022-01-21 10:07:02.007524,84.11161,84.59625,85.37447
2022-01-21 10:07:02.509833,84.1636,84.4935,85.37447
2022-01-21 10:07:03.007448,84.05963,84.33875,85.57051
2022-01-21 10:07:03.504477,84.11161,84.184,85.57051
2022-01-21 10:07:04.001937,84.11161,84.64825,86.00312
2022-01-21 10:07:04.506839,84.26632,84.184,86.00312
2022-01-21 10:07:05.005051,84.05963,84.23475,84.825
2022-01-21 10:07:05.510339,84.47302,84.85375,84.825
2022-01-21 10:07:06.008407,83.7502,84.132,86.43479
2022-01-21 10:07:06.502816,84.21434,84.59625,86.43479
2022-01-21 10:07:07.001127,83.69946,83.97725,85.64968
2022-01-21 10:07:07.509206,83.85417,84.33875,85.64968
2022-01-21 10:07:08.006789,84.21434,84.28675,85.17843
2022-01-21 10:07:08.504763,84.42104,84.54425,85.17843
2022-01-21 10:07:09.008790,84.1636,84.54425,85.80614
2022-01-21 10:07:09.504045,84.31831,84.4935,85.80614
2022-01-21 10:07:10.002952,83.7502,84.132,85.64968
2022-01-21 10:07:10.509678,84.21434,84.33875,85.64968
2022-01-21 10:07:11.003863,83.90492,84.3895,85.4527
2022-01-21 10:07:11.510503,84.1636,84.4935,85.4527
2022-01-21 10:07:12.009722,83.90492,84.132,85.7675
2022-01-21 10:07:12.508287,84.26632,84.4415,85.7675
2022-01-21 10:07:13.006546,84.47302,84.699,85.06062
2022-01-21 10:07:13.501332,83.9569,84.33875,85.06062
2022-01-21 10:07:14.010774,83.69946,84.08,85.6101
2022-01-21 10:07:14.506766,84.11161,84.33875,85.6101
2022-01-21 10:07:15.005330,84.52377,84.751,85.29625
2022-01-21 10:07:15.510730,83.90492,84.33875,85.29625
2022-01-21 10:07:16.008123,83.9569,84.184,85.80614
2022-01-21 10:07:16.505986,84.36905,84.4415,85.80614
2022-01-21 10:07:17.003775,84.05963,84.33875,85.41406
2022-01-21 10:07:17.506633,84.42104,84.95775,85.41406
2022-01-21 10:07:18.004908,83.28607,83.61575,85.84572
2022-01-21 10:07:18.510927,84.26632,84.54425,85.84572
2022-01-21 10:07:19.010048,83.90492,84.3895,85.33489
2022-01-21 10:07:19.504752,84.52377,84.751,85.33489
2022-01-21 10:07:20.001857,84.21434,84.4415,85.88531
2022-01-21 10:07:20.507525,83.90492,84.33875,85.88531
2022-01-21 10:07:21.006380,84.11161,84.23475,84.98145
2022-01-21 10:07:21.502318,84.26632,84.4415,84.98145
2022-01-21 10:07:22.010854,84.05963,84.54425,85.33489
2022-01-21 10:07:22.506497,83.39003,83.8745,85.33489
2022-01-21 10:07:23.003805,84.47302,84.59625,85.80614
2022-01-21 10:07:23.509818,83.90492,84.28675,85.80614
2022-01-21 10:07:24.008690,84.73046,85.0605,84.86364
2022-01-21 10:07:24.502350,84.11161,84.33875,84.86364
2022-01-21 10:07:25.001471,83.69946,83.92525,85.96354
2022-01-21 10:07:25.506880,84.47302,84.59625,85.96354
2022-01-21 10:07:26.006958,83.80219,84.184,85.57051
2022-01-21 10:07:26.503680,84.1636,84.4415,85.57051
2022-01-21 10:07:27.004098,83.85417,84.02925,85.09926
2022-01-21 10:07:27.509710,83.85417,84.28675,85.09926
2022-01-21 10:07:28.008779,84.21434,84.3895,85.80614
2022-01-21 10:07:28.505249,84.31831,84.64825,85.80614
2022-01-21 10:07:29.004084,84.00888,84.33875,85.96354
2022-01-21 10:07:29.506748,84.05963,84.23475,85.96354
2022-01-21 10:07:30.005157,84.31831,84.3895,85.68833
2022-01-21 10:07:30.509961,83.59549,83.92525,85.68833
2022-01-21 10:07:31.007730,84.42104,84.751,85.41406
2022-01-21 10:07:31.503450,83.9569,84.28675,85.41406
2022-01-21 10:07:32.003197,84.05963,84.3895,85.17843
2022-01-21 10:07:32.508731,84.00888,84.23475,85.17843
2022-01-21 10:07:33.006827,84.05963,84.33875,85.49229
2022-01-21 10:07:33.502799,84.47302,84.699,85.49229
2022-01-21 10:07:34.001162,83.80219,84.23475,86.08135
2022-01-21 10:07:34.507307,83.9569,84.23475,86.08135
2022-01-21 10:07:35.007379,84.21434,84.3895,85.4527
2022-01-21 10:07:35.506031,84.05963,84.4935,85.4527
2022-01-21 10:07:36.005500,84.21434,84.54425,85.53187
2022-01-21 10:07:36.510800,83.69946,84.02925,85.53187
2022-01-21 10:07:37.011163,84.36905,84.54425,86.00312
2022-01-21 10:07:37.507722,83.90492,84.184,86.00312
2022-01-21 10:07:38.005941,84.36905,84.751,85.57051
2022-01-21 10:07:38.510355,84.05963,84.33875,85.57051
2022-01-21 10:07:39.008092,84.05963,84.23475,85.33489
2022-01-21 10:07:39.503657,84.31831,84.59625,85.33489
2022-01-21 10:07:40.001893,83.90492,84.132,86.04176
2022-01-21 10:07:40.507274,84.1636,84.54425,86.04176
2022-01-21 10:07:41.008619,83.80219,84.184,86.43479
2022-01-21 10:07:41.503445,84.47302,84.751,86.43479
2022-01-21 10:07:42.001527,84.26632,84.4935,85.09926
2022-01-21 10:07:42.507801,84.05963,84.33875,85.09926
2022-01-21 10:07:43.005738,83.90492,84.08,84.98145
2022-01-21 10:07:43.501807,83.85417,84.184,84.98145
2022-01-21 10:07:44.010961,84.52377,84.64825,86.23875
2022-01-21 10:07:44.506272,83.69946,84.132,86.23875
2022-01-21 10:07:45.005903,84.42104,84.64825,85.57051
2022-01-21 10:07:45.501366,83.54475,83.8225,85.57051
2022-01-21 10:07:46.009118,84.57575,84.803,84.90322
2022-01-21 10:07:46.504639,83.90492,84.02925,84.90322
2022-01-21 10:07:47.003002,83.69946,84.08,85.37447
2022-01-21 10:07:47.508098,84.21434,84.4935,85.37447
2022-01-21 10:07:48.007597,83.39003,83.7705,85.17843
2022-01-21 10:07:48.503552,85.03989,85.318,85.17843
2022-01-21 10:07:49.011323,83.08061,83.8225,85.49229
2022-01-21 10:07:49.508086,84.73046,84.95775,85.49229
2022-01-21 10:07:50.008402,84.1636,84.08,85.25666
2022-01-21 10:07:50.503138,84.1636,84.54425,85.25666
2022-01-21 10:07:51.002167,83.9569,84.184,85.72791
2022-01-21 10:07:51.508708,83.64747,83.7705,85.72791
2022-01-21 10:07:52.006955,84.62773,84.85375,85.64968
2022-01-21 10:07:52.503291,83.44078,84.08,85.64968
2022-01-21 10:07:53.002023,84.62773,85.0605,86.08135
2022-01-21 10:07:53.509120,84.1636,84.33875,86.08135
2022-01-21 10:07:54.007373,84.36905,84.59625,85.4527
2022-01-21 10:07:54.504106,83.85417,84.132,85.4527
2022-01-21 10:07:55.002997,84.1636,84.4415,85.25666
2022-01-21 10:07:55.507859,84.00888,84.08,85.25666
2022-01-21 10:07:56.005771,83.49276,84.08,85.96354
2022-01-21 10:07:56.501920,84.73046,85.0605,85.96354
2022-01-21 10:07:57.009534,83.69946,83.7705,85.6101
2022-01-21 10:07:57.504780,84.67848,84.85375,85.6101
2022-01-21 10:07:58.003053,83.85417,84.08,85.21708
2022-01-21 10:07:58.508163,84.1636,84.54425,85.21708
2022-01-21 10:07:59.008390,83.90492,84.184,86.08135
2022-01-21 10:07:59.503430,83.90492,84.28675,86.08135
2022-01-21 10:08:00.005959,84.36905,84.54425,85.64968
2022-01-21 10:08:00.510830,84.05963,84.4935,85.64968
2022-01-21 10:08:01.010010,84.52377,84.54425,85.57051
2022-01-21 10:08:01.506840,83.7502,83.8745,85.57051
2022-01-21 10:08:02.005396,84.26632,84.4935,85.6101
2022-01-21 10:08:02.501029,84.05963,84.4935,85.6101
2022-01-21 10:08:03.008384,83.7502,84.132,85.02104
2022-01-21 10:08:03.505724,84.1636,84.54425,85.02104
2022-01-21 10:08:04.004137,83.7502,84.28675,85.96354
2022-01-21 10:08:04.508395,84.26632,84.3895,85.96354
2022-01-21 10:08:05.007538,84.47302,84.4935,85.13885
2022-01-21 10:08:05.503809,83.80219,84.02925,85.13885
2022-01-21 10:08:06.002288,84.21434,84.4415,85.17843
2022-01-21 10:08:06.507203,84.05963,84.3895,85.17843
2022-01-21 10:08:07.006605,84.11161,84.64825,85.72791
2022-01-21 10:08:07.501330,83.59549,84.184,85.72791
2022-01-21 10:08:08.009119,84.47302,84.64825,85.68833
2022-01-21 10:08:08.506359,84.05963,84.23475,85.68833
2022-01-21 10:08:09.004461,84.36905,84.59625,85.37447
2022-01-21 10:08:09.510197,83.85417,84.184,85.37447
2022-01-21 10:08:10.008836,84.1636,84.33875,85.64968
2022-01-21 10:08:10.507445,84.57575,84.803,85.64968
2022-01-21 10:08:11.002370,83.44078,84.132,86.04176
2022-01-21 10:08:11.509494,84.21434,84.64825,86.04176
2022-01-21 10:08:12.007227,84.26632,84.28675,86.31697
2022-01-21 10:08:12.504718,84.11161,84.28675,86.31697
2022-01-21 10:08:13.002364,84.57575,84.85375,85.37447
2022-01-21 10:08:13.507796,83.54475,83.97725,85.37447
2022-01-21 10:08:14.006614,84.47302,84.699,85.21708
2022-01-21 10:08:14.501738,83.7502,83.97725,85.21708
2022-01-21 10:08:15.010089,84.73046,85.1125,85.68833
2022-01-21 10:08:15.504386,83.59549,83.66775,85.68833
2022-01-21 10:08:16.002902,84.31831,84.33875,85.64968
2022-01-21 10:08:16.508025,84.05963,84.132,85.64968
2022-01-21 10:08:17.007985,84.36905,84.751,85.17843
2022-01-21 10:08:17.504404,84.36905,84.699,85.17843
2022-01-21 10:08:18.002690,83.59549,83.97725,86.12093
2022-01-21 10:08:18.508394,84.26632,84.54425,86.12093
2022-01-21 10:08:19.007013,83.85417,84.54425,85.29625
2022-01-21 10:08:19.511055,84.42104,84.699,85.29625
2022-01-21 10:08:20.009073,83.80219,83.8745,84.94281
2022-01-21 10:08:20.503465,83.85417,84.132,84.94281
2022-01-21 10:08:21.001807,84.26632,84.4935,85.72791
2022-01-21 10:08:21.508822,84.11161,84.3895,85.72791
2022-01-21 10:08:22.008401,83.90492,84.28675,85.29625
2022-01-21 10:08:22.503390,83.64747,84.132,85.29625
2022-01-21 10:08:23.001479,84.62773,84.751,85.41406
2022-01-21 10:08:23.506805,83.80219,83.8745,85.41406
2022-01-21 10:08:24.005181,84.67848,84.95775,85.17843
2022-01-21 10:08:24.510381,83.59549,83.8745,85.17843
2022-01-21 10:08:25.007411,84.11161,84.3895,85.09926
2022-01-21 10:08:25.502878,84.1636,84.59625,85.09926
2022-01-21 10:08:26.010684,83.85417,84.4415,85.6101
2022-01-21 10:08:26.508394,84.36905,84.33875,85.6101
2022-01-21 10:08:27.005909,84.26632,84.33875,85.80614
2022-01-21 10:08:27.510668,84.11161,84.23475,85.80614
2022-01-21 10:08:28.009457,84.1636,84.3895,86.31697
2022-01-21 10:08:28.505792,84.1636,84.59625,86.31697
2022-01-21 10:08:29.003324,83.85417,84.23475,85.53187
2022-01-21 10:08:29.508039,83.85417,84.3895,85.53187
2022-01-21 10:08:30.006736,84.36905,84.54425,85.02104
2022-01-21 10:08:30.502843,84.1636,84.184,85.02104
2022-01-21 10:08:31.002914,84.1636,84.28675,86.08135
2022-01-21 10:08:31.508082,84.1636,84.3895,86.08135
2022-01-21 10:08:32.006669,83.7502,84.08,85.57051
2022-01-21 10:08:32.503232,84.52377,84.95775,85.57051
2022-01-21 10:08:33.003339,83.80219,84.4415,85.80614
2022-01-21 10:08:33.510568,84.26632,84.54425,85.80614
2022-01-21 10:08:34.010396,83.90492,84.184,85.33489
2022-01-21 10:08:34.505306,84.00888,84.02925,85.33489
2022-01-21 10:08:35.005780,84.83319,84.85375,85.25666
2022-01-21 10:08:35.510660,83.85417,84.33875,85.25666
2022-01-21 10:08:36.008443,83.85417,84.28675,85.7675
2022-01-21 10:08:36.503605,83.69946,84.08,85.7675
2022-01-21 10:08:37.002377,84.52377,84.803,84.86364
2022-01-21 10:08:37.507305,83.90492,84.4935,84.86364
2022-01-21 10:08:38.005882,84.21434,84.3895,86.12093
2022-01-21 10:08:38.502999,84.21434,84.184,86.12093
2022-01-21 10:08:39.001934,83.9569,84.33875,84.94281
2022-01-21 10:08:39.507553,84.83319,85.21525,84.94281
2022-01-21 10:08:40.005974,83.33805,83.7705,85.84572
2022-01-21 10:08:40.501247,84.26632,84.54425,85.84572
2022-01-21 10:08:41.001268,83.54475,83.92525,85.57051
2022-01-21 10:08:41.508584,84.62773,84.699,85.57051
2022-01-21 10:08:42.007083,84.36905,84.64825,85.21708
2022-01-21 10:08:42.502476,83.59549,83.8225,85.21708
2022-01-21 10:08:43.010317,84.26632,84.54425,85.96354
2022-01-21 10:08:43.504922,83.9569,84.4935,85.96354
2022-01-21 10:08:44.003351,84.62773,84.85375,85.53187
2022-01-21 10:08:44.509119,83.28607,83.92525,85.53187
2022-01-21 10:08:45.008610,84.1636,84.23475,85.33489
2022-01-21 10:08:45.502807,84.11161,84.184,85.33489
2022-01-21 10:08:46.001843,84.78245,84.95775,85.80614
2022-01-21 10:08:46.506765,83.7502,84.08,85.80614
2022-01-21 10:08:47.005338,84.11161,84.3895,85.72791
2022-01-21 10:08:47.501068,84.05963,84.33875,85.72791
2022-01-21 10:08:48.010268,83.90492,84.4415,85.21708
2022-01-21 10:08:48.505496,84.67848,84.803,85.21708
2022-01-21 10:08:49.005014,83.54475,83.8745,85.80614
2022-01-21 10:08:49.510016,84.1636,84.23475,85.80614
2022-01-21 10:08:50.009022,84.21434,84.4935,85.57051
2022-01-21 10:08:50.506294,84.26632,84.64825,85.57051
2022-01-21 10:08:51.005156,83.9569,84.33875,85.41406
2022-01-21 10:08:51.510759,83.90492,84.28675,85.41406
2022-01-21 10:08:52.008395,84.31831,84.3895,85.49229
2022-01-21 10:08:52.502808,83.64747,83.97725,85.49229
2022-01-21 10:08:53.002853,84.26632,84.33875,84.98145
2022-01-21 10:08:53.509337,84.21434,84.33875,84.98145
2022-01-21 10:08:54.006496,84.00888,84.4935,86.12093
2022-01-21 10:08:54.501934,84.11161,84.64825,86.12093
2022-01-21 10:08:55.010608,83.90492,84.28675,85.64968
2022-01-21 10:08:55.508186,84.31831,84.4415,85.64968
2022-01-21 10:08:56.006397,83.9569,84.3895,85.06062
2022-01-21 10:08:56.501141,84.05963,84.02925,85.06062
2022-01-21 10:08:57.009558,84.26632,84.28675,85.53187
2022-01-21 10:08:57.506714,83.90492,84.33875,85.53187
2022-01-21 10:08:58.006251,84.31831,84.95775,85.80614
2022-01-21 10:08:58.501714,83.7502,84.184,85.80614
2022-01-21 10:08:59.009916,83.85417,84.08,85.80614
2022-01-21 10:08:59.504534,84.21434,84.699,85.80614
2022-01-21 10:09:00.008996,83.9569,84.08,85.80614
2022-01-21 10:09:00.504945,84.31831,84.3895,85.80614
2022-01-21 10:09:01.004170,83.64747,83.8225,85.96354
2022-01-21 10:09:01.509311,84.42104,84.699,85.96354
2022-01-21 10:09:02.007786,83.7502,84.132,85.37447
2022-01-21 10:09:02.504001,84.42104,84.85375,85.37447
2022-01-21 10:09:03.004480,83.28607,83.71975,85.53187
2022-01-21 10:09:03.510345,84.67848,84.64825,85.53187
2022-01-21 10:09:04.001139,84.1636,84.23475,86.04176
2022-01-21 10:09:04.505849,84.26632,84.33875,86.04176
2022-01-21 10:09:05.004470,84.1636,84.59625,85.17843
2022-01-21 10:09:05.509619,83.39003,83.8225,85.17843
2022-01-21 10:09:06.006801,84.67848,84.95775,85.49229
2022-01-21 10:09:06.502322,83.44078,83.92525,85.49229
2022-01-21 10:09:07.010772,84.05963,84.3895,85.02104
2022-01-21 10:09:07.506324,84.1636,84.4935,85.02104
2022-01-21 10:09:08.009004,84.11161,84.132,86.00312
2022-01-21 10:09:08.504000,84.9879,85.0605,86.00312
2022-01-21 10:09:09.001945,83.44078,83.92525,86.15958
2022-01-21 10:09:09.509084,84.05963,84.4935,86.15958
2022-01-21 10:09:10.007412,83.7502,84.132,84.78541
2022-01-21 10:09:10.504178,84.93716,85.1125,84.78541
2022-01-21 10:09:11.002398,83.23532,83.61575,85.49229
2022-01-21 10:09:11.509182,84.26632,84.28675,85.49229
2022-01-21 10:09:12.009842,84.26632,84.33875,85.72791
2022-01-21 10:09:12.505411,84.1636,84.54425,85.72791
2022-01-21 10:09:13.003891,84.26632,84.699,85.64968
2022-01-21 10:09:13.508853,83.7502,84.23475,85.64968
2022-01-21 10:09:14.008230,84.11161,84.33875,85.21708
2022-01-21 10:09:14.503899,83.9569,84.3895,85.21708
2022-01-21 10:09:15.002076,84.62773,84.4935,85.57051
2022-01-21 10:09:15.506988,83.54475,83.565,85.57051
2022-01-21 10:09:16.004169,84.1636,84.28675,86.67041
2022-01-21 10:09:16.510145,84.1636,84.3895,86.67041
2022-01-21 10:09:17.008518,83.69946,83.92525,239.47322
2022-01-21 10:09:17.503568,84.42104,84.59625,239.47322
2022-01-21 10:09:18.002318,83.28607,83.71975,217.44229
2022-01-21 10:09:18.509042,84.67848,84.699,217.44229
2022-01-21 10:09:19.006906,83.90492,84.02925,156.49364
2022-01-21 10:09:19.503736,84.11161,84.3895,156.49364
2022-01-21 10:09:20.002667,84.11161,84.33875,95.89937
2022-01-21 10:09:20.508242,83.69946,84.184,95.89937
2022-01-21 10:09:21.008340,84.47302,84.699,93.62135
2022-01-21 10:09:21.503459,83.49276,83.7705,93.62135
2022-01-21 10:09:22.002626,83.90492,83.7705,90.67604
2022-01-21 10:09:22.510170,84.11161,84.4935,90.67604
2022-01-21 10:09:23.008185,84.05963,84.184,87.80895
2022-01-21 10:09:23.503415,84.57575,84.95775,87.80895
2022-01-21 10:09:24.002053,84.1636,84.59625,86.04176
2022-01-21 10:09:24.506446,84.00888,84.184,86.04176
2022-01-21 10:09:25.004100,84.21434,84.59625,86.98426
2022-01-21 10:09:25.501323,84.1636,84.33875,86.98426
2022-01-21 10:09:26.009782,83.69946,84.132,86.00312
2022-01-21 10:09:26.506878,83.85417,83.8745,86.00312
2022-01-21 10:09:27.005420,84.52377,84.803,85.7675
2022-01-21 10:09:27.502802,83.64747,84.02925,85.7675
2022-01-21 10:09:28.001038,84.62773,84.803,86.19916
2022-01-21 10:09:28.505540,83.7502,84.08,86.19916
2022-01-21 10:09:29.002785,84.31831,84.3895,85.57051
2022-01-21 10:09:29.508260,83.80219,84.28675,85.57051
2022-01-21 10:09:30.007769,84.05963,84.132,85.53187
2022-01-21 10:09:30.506713,84.78245,84.90575,85.53187
2022-01-21 10:09:31.004864,83.44078,83.8225,85.29625
2022-01-21 10:09:31.510837,84.42104,84.803,85.29625
2022-01-21 10:09:32.008950,83.39003,83.7705,85.06062
2022-01-21 10:09:32.503726,84.73046,84.803,85.06062
2022-01-21 10:09:33.001893,83.54475,84.184,85.6101
2022-01-21 10:09:33.506780,84.26632,84.28675,85.6101
2022-01-21 10:09:34.004580,83.90492,84.184,85.6101
2022-01-21 10:09:34.504103,83.9569,84.23475,85.6101
2022-01-21 10:09:35.004433,84.78245,85.16325,84.78541
2022-01-21 10:09:35.509547,83.39003,83.71975,84.78541
2022-01-21 10:09:36.008546,84.26632,84.4415,85.7675
2022-01-21 10:09:36.505031,83.59549,84.02925,85.7675
2022-01-21 10:09:37.002225,84.73046,84.64825,85.41406
2022-01-21 10:09:37.507593,83.90492,84.33875,85.41406
2022-01-21 10:09:38.005902,84.21434,84.4415,86.27739
2022-01-21 10:09:38.501129,84.05963,84.23475,86.27739
2022-01-21 10:09:39.009976,84.1636,84.699,85.49229
2022-01-21 10:09:39.507148,84.47302,84.85375,85.49229
2022-01-21 10:09:40.005490,83.18334,83.513,86.31697
2022-01-21 10:09:40.511148,84.83319,84.85375,86.31697
2022-01-21 10:09:41.008545,83.28607,83.7705,85.37447
2022-01-21 10:09:41.503147,85.34931,85.422,85.37447
2022-01-21 10:09:42.001854,83.64747,83.7705,86.12093
2022-01-21 10:09:42.509723,83.80219,84.184,86.12093
2022-01-21 10:09:43.007681,84.05963,84.4415,85.4527
2022-01-21 10:09:43.504664,84.05963,84.4935,85.4527
2022-01-21 10:09:44.002037,84.78245,84.803,85.64968
2022-01-21 10:09:44.507334,83.33805,83.7705,85.64968
2022-01-21 10:09:45.005177,84.26632,84.3895,86.00312
2022-01-21 10:09:45.509270,84.62773,84.751,86.00312
2022-01-21 10:09:46.007764,84.00888,84.23475,85.96354
2022-01-21 10:09:46.503730,83.69946,83.97725,85.96354
2022-01-21 10:09:47.001298,83.80219,84.02925,85.88531
2022-01-21 10:09:47.508723,84.47302,84.54425,85.88531
2022-01-21 10:09:48.006731,84.05963,84.54425,84.94281
2022-01-21 10:09:48.511286,84.36905,84.59625,84.94281
2022-01-21 10:09:49.001858,84.00888,84.184,86.19916
2022-01-21 10:09:49.506496,84.36905,84.699,86.19916
2022-01-21 10:09:50.003915,84.26632,84.54425,85.41406
2022-01-21 10:09:50.509175,83.85417,84.184,85.41406
2022-01-21 10:09:51.006017,84.00888,84.23475,85.21708
2022-01-21 10:09:51.501233,83.44078,83.97725,85.21708
2022-01-21 10:09:52.010242,84.26632,84.23475,85.29625
2022-01-21 10:09:52.505087,84.31831,84.64825,85.29625
2022-01-21 10:09:53.005020,84.00888,84.184,85.6101
2022-01-21 10:09:53.510732,84.26632,84.4415,85.6101
2022-01-21 10:09:54.010003,83.85417,84.23475,85.41406
2022-01-21 10:09:54.504321,83.9569,84.184,85.41406
2022-01-21 10:09:55.002514,83.9569,84.3895,85.92395
2022-01-21 10:09:55.507047,84.1636,84.4415,85.92395
2022-01-21 10:09:56.004546,83.85417,84.3895,85.88531
2022-01-21 10:09:56.511072,84.1636,84.33875,85.88531
2022-01-21 10:09:57.010754,84.52377,84.64825,85.13885
2022-01-21 10:09:57.508260,83.7502,84.23475,85.13885
2022-01-21 10:09:58.007001,84.52377,84.85375,85.68833
2022-01-21 10:09:58.501216,83.18334,83.41025,85.68833
2022-01-21 10:09:59.010564,84.62773,84.699,85.25666
2022-01-21 10:09:59.506177,83.90492,84.4935,85.25666
2022-01-21 10:10:00.005284,84.1636,84.3895,85.13885
2022-01-21 10:10:00.510318,84.1636,84.33875,85.13885
2022-01-21 10:10:01.008479,84.00888,84.23475,85.7675
2022-01-21 10:10:01.502760,84.36905,84.59625,85.7675
2022-01-21 10:10:02.001723,84.05963,84.33875,85.57051
2022-01-21 10:10:02.509742,83.7502,83.92525,85.57051
2022-01-21 10:10:03.007596,83.44078,84.08,85.21708
2022-01-21 10:10:03.502888,84.73046,85.0085,85.21708
2022-01-21 10:10:04.505026,84.21434,84.4935,85.6101
2022-01-21 10:10:05.004743,83.9569,84.184,85.88531
2022-01-21 10:10:05.509335,83.7502,84.132,85.88531
2022-01-21 10:10:06.009419,84.93716,84.85375,85.29625
2022-01-21 10:10:06.504267,83.08061,83.61575,85.29625
2022-01-21 10:10:07.007775,84.26632,84.33875,86.31697
2022-01-21 10:10:07.501809,83.85417,84.184,86.31697
2022-01-21 10:10:08.010833,84.36905,84.64825,85.06062
2022-01-21 10:10:08.506305,84.26632,84.59625,85.06062
2022-01-21 10:10:09.004502,84.11161,84.3895,85.53187
2022-01-21 10:10:09.509523,83.80219,83.8745,85.53187
2022-01-21 10:10:10.008047,84.1636,84.4935,85.41406
2022-01-21 10:10:10.505645,84.52377,84.751,85.41406
2022-01-21 10:10:11.001524,83.39003,83.8745,86.04176
2022-01-21 10:10:11.507881,84.47302,84.85375,86.04176
2022-01-21 10:10:12.004203,83.54475,83.565,85.4527
2022-01-21 10:10:12.509519,84.52377,84.90575,85.4527
2022-01-21 10:10:13.008337,84.11161,84.33875,86.98426
2022-01-21 10:10:13.504514,83.9569,84.184,86.98426
2022-01-21 10:10:14.001513,83.9569,84.132,85.68833
2022-01-21 10:10:14.507385,84.11161,84.699,85.68833
2022-01-21 10:10:15.008353,84.11161,84.23475,85.53187
2022-01-21 10:10:15.503781,84.21434,84.28675,85.53187
2022-01-21 10:10:16.003326,83.9569,84.33875,85.57051
2022-01-21 10:10:16.508516,83.9569,84.132,85.57051
2022-01-21 10:10:17.005319,84.1636,84.4415,85.96354
2022-01-21 10:10:17.501823,83.69946,83.8225,85.96354
2022-01-21 10:10:18.010226,83.9569,84.64825,85.64968
2022-01-21 10:10:18.504625,84.47302,84.59625,85.64968
2022-01-21 10:10:19.003015,84.21434,84.184,85.4527
2022-01-21 10:10:19.509375,84.1636,84.3895,85.4527
2022-01-21 10:10:20.007902,84.00888,84.132,85.09926
2022-01-21 10:10:20.504491,83.9569,84.4415,85.09926
2022-01-21 10:10:21.002999,84.42104,84.4415,86.47437
2022-01-21 10:10:21.509149,83.80219,84.4935,86.47437
2022-01-21 10:10:22.008192,84.00888,84.28675,85.09926
2022-01-21 10:10:22.502319,84.52377,84.699,85.09926
2022-01-21 10:10:23.009250,83.54475,83.61575,86.27739
2022-01-21 10:10:23.503295,84.52377,84.699,86.27739
2022-01-21 10:10:24.001717,83.85417,84.132,85.21708
2022-01-21 10:10:24.509017,84.11161,84.23475,85.21708
2022-01-21 10:10:25.006752,83.9569,84.4935,85.96354
2022-01-21 10:10:25.503431,84.00888,84.184,85.96354
2022-01-21 10:10:26.001809,84.67848,84.803,85.64968
2022-01-21 10:10:26.507446,83.90492,83.97725,85.64968
2022-01-21 10:10:27.005208,84.31831,84.64825,85.33489
2022-01-21 10:10:27.501893,83.54475,84.02925,85.33489
2022-01-21 10:10:28.001148,84.36905,84.64825,84.825
2022-01-21 10:10:28.507752,83.54475,84.132,84.825
2022-01-21 10:10:29.005263,84.52377,84.85375,85.72791
2022-01-21 10:10:29.509845,83.64747,84.184,85.72791
2022-01-21 10:10:30.007729,84.31831,84.33875,85.17843
2022-01-21 10:10:30.503630,84.42104,84.4415,85.17843
2022-01-21 10:10:31.002326,83.90492,84.23475,85.41406
2022-01-21 10:10:31.507970,83.85417,84.02925,85.41406
2022-01-21 10:10:32.005761,84.05963,84.4935,85.49229
2022-01-21 10:10:33.005472,84.36905,85.0085,85.25666
2022-01-21 10:10:33.502301,83.9569,84.184,85.25666
2022-01-21 10:10:34.010658,83.9569,83.8745,85.88531
2022-01-21 10:10:34.504505,84.42104,84.751,85.88531
2022-01-21 10:10:35.003322,84.47302,84.64825,86.08135
2022-01-21 10:10:35.509205,83.39003,83.7705,86.08135
2022-01-21 10:10:36.007322,84.42104,84.59625,85.37447
2022-01-21 10:10:36.502287,83.69946,84.33875,85.37447
2022-01-21 10:10:37.010412,84.73046,84.90575,85.13885
2022-01-21 10:10:37.505213,83.90492,83.92525,85.13885
2022-01-21 10:10:38.005470,84.1636,84.4935,85.64968
2022-01-21 10:10:38.501117,84.11161,84.23475,85.64968
2022-01-21 10:10:39.010356,84.52377,84.751,85.17843
2022-01-21 10:10:39.504106,83.85417,84.132,85.17843
2022-01-21 10:10:40.002708,83.85417,84.3895,86.35656
2022-01-21 10:10:40.507347,84.1636,84.4935,86.35656
2022-01-21 10:10:41.004933,84.36905,84.59625,85.80614
2022-01-21 10:10:41.510664,84.05963,84.3895,85.80614
2022-01-21 10:10:42.008922,83.80219,84.02925,85.53187
2022-01-21 10:10:42.504726,84.00888,84.33875,85.53187
2022-01-21 10:10:43.002631,84.21434,84.3895,85.37447
2022-01-21 10:10:43.507436,84.05963,84.64825,85.37447
2022-01-21 10:10:44.005969,83.80219,84.132,86.15958
2022-01-21 10:10:44.502110,83.90492,84.184,86.15958
2022-01-21 10:10:45.011006,84.05963,84.184,85.7675
2022-01-21 10:10:45.506680,84.88517,85.0605,85.7675
2022-01-21 10:10:46.004533,83.44078,83.71975,85.68833
2022-01-21 10:10:46.509751,84.21434,84.28675,85.68833
2022-01-21 10:10:47.007788,83.90492,84.4935,85.68833
2022-01-21 10:10:47.504506,83.9569,84.28675,85.68833
2022-01-21 10:10:48.002383,84.21434,84.699,85.02104
2022-01-21 10:10:48.509224,83.59549,83.71975,85.02104
2022-01-21 10:10:49.006606,84.42104,84.4415,85.21708
2022-01-21 10:10:49.502043,84.00888,84.33875,85.21708
2022-01-21 10:10:50.010667,84.11161,84.28675,85.7675
2022-01-21 10:10:50.506110,84.1636,84.59625,85.7675
2022-01-21 10:10:51.003496,83.80219,83.97725,86.08135
2022-01-21 10:10:51.509256,84.11161,84.59625,86.08135
2022-01-21 10:10:52.007820,83.9569,83.97725,86.08135
2022-01-21 10:10:52.502546,84.62773,84.803,86.08135
2022-01-21 10:10:53.001316,83.39003,83.71975,85.33489
2022-01-21 10:10:53.506480,84.67848,84.90575,85.33489
2022-01-21 10:10:54.004016,83.44078,83.8225,85.37447
2022-01-21 10:10:54.509143,84.57575,84.90575,85.37447
2022-01-21 10:10:55.006867,83.7502,84.3895,85.80614
2022-01-21 10:10:55.503206,84.11161,84.184,85.80614
2022-01-21 10:10:56.010502,84.1636,84.08,84.825
2022-01-21 10:10:56.504729,84.26632,84.4415,84.825
2022-01-21 10:10:57.001719,84.21434,84.3895,85.84572
2022-01-21 10:10:57.509117,83.9569,84.59625,85.84572
2022-01-21 10:10:58.008446,83.90492,84.184,85.33489
2022-01-21 10:10:58.503377,83.44078,84.02925,85.33489
2022-01-21 10:10:59.003530,84.78245,84.95775,84.90322
2022-01-21 10:10:59.509488,83.9569,84.132,84.90322
2022-01-21 10:11:00.008140,83.90492,84.02925,86.00312
2022-01-21 10:11:00.502127,84.1636,84.02925,86.00312
2022-01-21 10:11:01.010374,83.90492,84.54425,85.64968
2022-01-21 10:11:01.508211,84.52377,84.85375,85.64968
2022-01-21 10:11:02.008168,83.54475,84.132,85.64968
2022-01-21 10:11:02.503544,84.1636,84.3895,85.64968
2022-01-21 10:11:03.010686,83.85417,84.184,85.7675
2022-01-21 10:11:03.508039,84.52377,84.64825,85.7675
2022-01-21 10:11:04.006956,84.36905,84.184,85.53187
2022-01-21 10:11:05.005162,83.85417,84.23475,85.72791
2022-01-21 10:11:05.501281,84.31831,84.90575,85.72791
2022-01-21 10:11:06.010395,84.47302,84.803,85.57051
2022-01-21 10:11:06.505530,83.28607,83.61575,85.57051
2022-01-21 10:11:07.005661,84.47302,84.3895,85.84572
2022-01-21 10:11:07.501848,84.1636,84.132,85.84572
2022-01-21 10:11:08.003424,84.42104,84.751,85.64968
2022-01-21 10:11:08.501233,84.05963,84.3895,85.64968
2022-01-21 10:11:09.010483,83.69946,84.28675,85.72791
2022-01-21 10:11:09.507818,84.11161,84.4415,85.72791
2022-01-21 10:11:10.007553,84.31831,85.0085,85.09926
2022-01-21 10:11:10.503606,83.80219,83.8225,85.09926
2022-01-21 10:11:11.008526,84.42104,84.4935,85.80614
2022-01-21 10:11:11.505044,83.59549,83.7705,85.80614
2022-01-21 10:11:12.004101,84.47302,84.699,85.09926
2022-01-21 10:11:12.501526,84.1636,84.699,85.09926
2022-01-21 10:11:13.010588,84.00888,84.23475,86.12093
2022-01-21 10:11:13.505369,83.7502,84.23475,86.12093
2022-01-21 10:11:14.004253,84.26632,84.28675,84.98145
2022-01-21 10:11:14.510022,84.42104,84.59625,84.98145
2022-01-21 10:11:15.007140,84.21434,84.4415,85.72791
2022-01-21 10:11:15.504063,83.9569,84.132,85.72791
2022-01-21 10:11:16.002405,83.69946,84.28675,86.15958
2022-01-21 10:11:16.508803,84.73046,84.90575,86.15958
2022-01-21 10:11:17.006358,84.1636,84.4935,85.68833
2022-01-21 10:11:17.501048,83.80219,83.97725,85.68833
2022-01-21 10:11:18.009199,84.11161,84.4415,85.17843
2022-01-21 10:11:18.503383,84.00888,84.132,85.17843
2022-01-21 10:11:19.001894,84.31831,84.4415,85.7675
2022-01-21 10:11:19.509184,84.11161,84.4415,85.7675
2022-01-21 10:11:20.006814,84.11161,84.59625,85.41406
2022-01-21 10:11:20.502821,83.64747,83.97725,85.41406
2022-01-21 10:11:21.001132,84.36905,84.59625,84.94281
2022-01-21 10:11:21.506814,83.80219,84.23475,84.94281
2022-01-21 10:11:22.003973,84.31831,84.699,86.00312
2022-01-21 10:11:22.505096,84.11161,84.28675,86.00312
2022-01-21 10:11:23.002773,83.64747,83.92525,85.53187
2022-01-21 10:11:23.507989,84.42104,84.803,85.53187
2022-01-21 10:11:24.006408,83.7502,84.23475,85.06062
2022-01-21 10:11:24.501743,84.67848,84.803,85.06062
2022-01-21 10:11:25.010470,83.08061,83.461,85.64968
2022-01-21 10:11:25.507128,84.57575,84.803,85.64968
2022-01-21 10:11:26.005062,84.47302,84.4935,86.12093
2022-01-21 10:11:26.508947,84.05963,84.4415,86.12093
2022-01-21 10:11:27.007437,83.80219,84.184,86.00312
2022-01-21 10:11:27.503548,84.05963,84.4935,86.00312
2022-01-21 10:11:28.002734,84.31831,84.64825,85.80614
2022-01-21 10:11:28.509003,83.9569,84.4415,85.80614
2022-01-21 10:11:29.008450,84.21434,84.3895,85.13885
2022-01-21 10:11:29.503172,83.69946,83.71975,85.13885
2022-01-21 10:11:30.002379,84.73046,85.0085,85.84572
2022-01-21 10:11:30.503026,84.26632,84.3895,85.84572
2022-01-21 10:11:31.001291,83.80219,84.28675,85.72791
2022-01-21 10:11:31.507551,84.1636,84.33875,85.72791
2022-01-21 10:11:32.005411,83.59549,84.02925,86.08135
2022-01-21 10:11:32.509307,84.78245,84.95775,86.08135
2022-01-21 10:11:33.006797,83.9569,84.23475,85.4527
2022-01-21 10:11:33.503838,84.11161,84.184,85.4527
2022-01-21 10:11:34.002597,83.9569,84.08,85.25666
2022-01-21 10:11:34.508067,84.52377,85.1125,85.25666
2022-01-21 10:11:35.006022,83.80219,84.184,85.57051
2022-01-21 10:11:35.510788,83.9569,84.23475,85.57051
2022-01-21 10:11:36.008745,83.80219,84.02925,85.53187
2022-01-21 10:11:36.504128,84.1636,84.3895,85.53187
2022-01-21 10:11:37.002415,84.57575,84.59625,85.49229
2022-01-21 10:11:37.508553,83.90492,84.28675,85.49229
2022-01-21 10:11:38.008578,83.90492,84.3895,85.68833
2022-01-21 10:11:38.506603,84.36905,84.54425,85.68833
2022-01-21 10:11:39.007347,84.21434,84.59625,85.49229
2022-01-21 10:11:39.501938,84.00888,84.184,85.49229
2022-01-21 10:11:40.011202,83.49276,84.02925,84.94281
2022-01-21 10:11:40.506804,84.47302,84.4935,84.94281
2022-01-21 10:11:41.005105,84.57575,84.33875,85.09926
2022-01-21 10:11:41.510276,83.80219,84.28675,85.09926
2022-01-21 10:11:42.008672,83.80219,84.184,85.49229
2022-01-21 10:11:42.504648,83.90492,84.4415,85.49229
2022-01-21 10:11:43.004353,84.05963,84.3895,84.70718
2022-01-21 10:11:43.501195,83.7502,84.08,84.70718
2022-01-21 10:11:44.010880,84.21434,84.3895,85.41406
2022-01-21 10:11:44.507406,84.21434,84.33875,85.41406
2022-01-21 10:11:45.005749,84.42104,84.751,85.96354
2022-01-21 10:11:45.501246,84.05963,84.4415,85.96354
2022-01-21 10:11:46.010337,83.7502,84.08,84.90322
2022-01-21 10:11:46.505556,84.26632,84.54425,84.90322
2022-01-21 10:11:47.004186,83.44078,83.8225,85.29625
2022-01-21 10:11:47.508459,84.31831,84.4935,85.29625
2022-01-21 10:11:48.005765,84.1636,84.33875,85.37447
2022-01-21 10:11:48.501555,84.11161,84.28675,85.37447
2022-01-21 10:11:49.009902,84.26632,84.59625,86.00312
2022-01-21 10:11:49.509146,83.90492,84.4415,86.00312
2022-01-21 10:11:50.008057,84.1636,84.3895,86.35656
2022-01-21 10:11:50.504585,83.90492,84.184,86.35656
2022-01-21 10:11:51.002020,84.1636,84.33875,85.21708
2022-01-21 10:11:51.508869,83.7502,83.97725,85.21708
2022-01-21 10:11:52.007911,84.67848,84.90575,85.4527
2022-01-21 10:11:52.502214,83.7502,84.02925,85.4527
2022-01-21 10:11:53.010221,84.52377,84.95775,85.41406
2022-01-21 10:11:53.508029,84.1636,84.4415,85.41406
2022-01-21 10:11:54.005329,83.44078,83.71975,85.4527
2022-01-21 10:11:54.510619,84.78245,85.0085,85.4527
2022-01-21 10:11:55.001543,83.49276,83.7705,85.13885
2022-01-21 10:11:55.508014,84.42104,84.64825,85.13885
2022-01-21 10:11:56.006692,83.7502,83.92525,85.96354
2022-01-21 10:11:56.501633,84.57575,85.21525,85.96354
2022-01-21 10:11:57.010050,83.90492,84.02925,85.06062
2022-01-21 10:11:57.507005,84.36905,84.64825,85.06062
2022-01-21 10:11:58.005784,83.80219,84.02925,85.92395
2022-01-21 10:11:58.501934,83.90492,84.23475,85.92395
2022-01-21 10:11:59.010747,84.42104,84.699,85.21708
2022-01-21 10:11:59.510570,84.05963,84.33875,85.21708
2022-01-21 10:12:00.009093,84.05963,84.4935,85.53187
2022-01-21 10:12:00.506838,83.9569,84.3895,85.53187
2022-01-21 10:12:01.005168,84.36905,84.59625,85.53187
2022-01-21 10:12:01.510382,84.31831,84.28675,85.53187
2022-01-21 10:12:02.010259,83.28607,83.66775,85.72791
2022-01-21 10:12:02.505198,84.26632,84.33875,85.72791
2022-01-21 10:12:03.003330,84.21434,84.4415,85.41406
2022-01-21 10:12:03.509190,84.57575,84.95775,85.41406
2022-01-21 10:12:04.006755,83.90492,84.184,85.92395
2022-01-21 10:12:04.502034,84.11161,84.3895,85.92395
2022-01-21 10:12:05.008575,83.9569,84.184,85.53187
2022-01-21 10:12:05.504703,84.42104,84.751,85.53187
2022-01-21 10:12:06.005616,84.00888,84.184,85.92395
2022-01-21 10:12:06.510818,83.69946,83.97725,85.92395
2022-01-21 10:12:07.008998,84.26632,84.59625,85.37447
2022-01-21 10:12:07.505553,84.26632,84.64825,85.37447
2022-01-21 10:12:08.005527,84.21434,84.59625,85.4527
2022-01-21 10:12:08.510840,83.90492,84.132,85.4527
2022-01-21 10:12:09.008259,83.85417,84.08,86.00312
2022-01-21 10:12:09.503993,84.21434,84.3895,86.00312
2022-01-21 10:12:10.010554,84.42104,84.95775,86.00312
2022-01-21 10:12:10.508284,83.90492,84.132,86.00312
2022-01-21 10:12:11.003098,84.21434,84.33875,85.21708
2022-01-21 10:12:11.508822,83.80219,84.23475,85.21708
2022-01-21 10:12:12.006853,84.52377,84.699,85.64968
2022-01-21 10:12:12.501900,84.05963,84.28675,85.64968
2022-01-21 10:12:13.011071,83.69946,83.8745,85.80614
2022-01-21 10:12:13.507589,83.33805,83.71975,85.80614
2022-01-21 10:12:14.006129,84.57575,84.803,88.63364
2022-01-21 10:12:14.501218,84.1636,84.33875,88.63364
2022-01-21 10:12:15.010078,83.85417,84.132,233.4252
2022-01-21 10:12:15.505496,83.9569,84.08,233.4252
2022-01-21 10:12:16.003869,83.90492,84.132,216.89281
2022-01-21 10:12:16.511249,84.1636,84.3895,216.89281
2022-01-21 10:12:17.009197,83.64747,84.02925,145.96968
2022-01-21 10:12:17.505078,84.00888,84.02925,145.96968
2022-01-21 10:12:18.003421,84.47302,84.54425,92.32541
2022-01-21 10:12:18.508968,83.90492,84.23475,92.32541
2022-01-21 10:12:19.006322,84.36905,84.64825,94.91729
2022-01-21 10:12:19.502966,83.7502,84.132,94.91729
2022-01-21 10:12:20.002305,83.90492,84.02925,89.49791
2022-01-21 10:12:20.506801,83.80219,83.97725,89.49791
2022-01-21 10:12:21.006184,84.78245,85.0085,87.06343
2022-01-21 10:12:21.501177,83.9569,84.132,87.06343
2022-01-21 10:12:22.009023,84.47302,84.751,86.86645
2022-01-21 10:12:22.504159,83.54475,83.7705,86.86645
2022-01-21 10:12:23.003004,84.00888,84.28675,88.04458
2022-01-21 10:12:23.507753,83.9569,84.28675,88.04458
2022-01-21 10:12:24.005093,84.1636,84.59625,85.41406
2022-01-21 10:12:25.004951,83.90492,84.132,86.04176
2022-01-21 10:12:25.501678,84.67848,85.0085,86.04176
2022-01-21 10:12:26.010950,83.9569,84.08,86.00312
2022-01-21 10:12:26.506092,84.1636,84.4415,86.00312
2022-01-21 10:12:27.005569,83.44078,83.7705,85.88531
2022-01-21 10:12:27.501836,84.26632,84.54425,85.88531
2022-01-21 10:12:28.010333,84.21434,84.23475,84.74583
2022-01-21 10:12:28.507108,84.00888,84.54425,84.74583
2022-01-21 10:12:29.006040,83.85417,84.132,85.29625
2022-01-21 10:12:29.501643,84.21434,84.33875,85.29625
2022-01-21 10:12:30.009884,84.52377,84.90575,84.90322
2022-01-21 10:12:30.505797,83.9569,84.23475,84.90322
2022-01-21 10:12:31.003064,83.69946,83.8745,85.96354
2022-01-21 10:12:31.507301,83.90492,84.08,85.96354
2022-01-21 10:12:32.006660,84.05963,84.59625,85.06062
2022-01-21 10:12:32.501454,84.31831,84.54425,85.06062
2022-01-21 10:12:33.010710,84.00888,84.28675,85.17843
2022-01-21 10:12:33.506379,83.80219,84.02925,85.17843
2022-01-21 10:12:34.007107,84.11161,84.28675,85.49229
2022-01-21 10:12:34.504253,84.52377,84.90575,85.49229
2022-01-21 10:12:35.002383,84.11161,84.23475,86.19916
2022-01-21 10:12:35.506842,83.69946,84.132,86.19916
2022-01-21 10:12:36.004111,83.9569,84.33875,84.62801
2022-01-21 10:12:36.502302,84.62773,85.0605,84.62801
2022-01-21 10:12:37.003175,83.9569,84.08,85.80614
2022-01-21 10:12:37.507938,84.1636,84.4415,85.80614
2022-01-21 10:12:38.005764,83.80219,83.92525,85.57051
2022-01-21 10:12:38.510254,84.57575,84.751,85.57051
2022-01-21 10:12:39.008429,83.90492,84.184,85.49229
2022-01-21 10:12:39.504166,84.1636,84.3895,85.49229
2022-01-21 10:12:40.003065,83.7502,84.132,85.7675
2022-01-21 10:12:40.509824,84.21434,84.3895,85.7675
2022-01-21 10:12:41.007675,84.36905,84.33875,85.4527
2022-01-21 10:12:42.004441,84.11161,84.4935,85.17843
2022-01-21 10:12:42.509795,83.85417,84.08,85.17843
2022-01-21 10:12:43.008580,84.42104,84.64825,85.49229
2022-01-21 10:12:43.503579,83.64747,84.28675,85.49229
2022-01-21 10:12:44.505503,84.26632,84.28675,85.17843
2022-01-21 10:12:45.003254,83.7502,83.97725,85.21708
2022-01-21 10:12:45.507541,84.52377,84.751,85.21708
2022-01-21 10:12:46.005802,83.80219,83.97725,85.68833
2022-01-21 10:12:46.511239,84.52377,84.90575,85.68833
2022-01-21 10:12:47.009341,83.33805,83.7705,85.6101
2022-01-21 10:12:47.503582,84.42104,84.751,85.6101
2022-01-21 10:12:48.001680,84.11161,84.184,85.57051
2022-01-21 10:12:48.508092,84.52377,84.699,85.57051
2022-01-21 10:12:49.006461,84.1636,84.3895,85.13885
2022-01-21 10:12:49.501222,83.54475,83.8225,85.13885
2022-01-21 10:12:50.009955,84.62773,84.85375,84.98145
2022-01-21 10:12:50.505373,83.54475,84.184,84.98145
2022-01-21 10:12:51.003632,84.47302,84.803,86.15958
2022-01-21 10:12:51.508777,83.7502,83.8225,86.15958
2022-01-21 10:12:52.006384,84.47302,84.54425,85.64968
2022-01-21 10:12:52.502279,83.9569,84.132,85.64968
2022-01-21 10:12:53.010228,84.00888,84.28675,85.37447
2022-01-21 10:12:53.504694,83.90492,84.28675,85.37447
2022-01-21 10:12:54.003101,83.7502,84.184,85.41406
2022-01-21 10:12:54.511056,84.62773,84.90575,85.41406
2022-01-21 10:12:55.009038,84.05963,84.4415,86.59218
2022-01-21 10:12:55.504438,84.1636,84.23475,86.59218
2022-01-21 10:12:56.002245,84.31831,84.33875,85.06062
2022-01-21 10:12:56.508034,83.85417,84.184,85.06062
2022-01-21 10:12:57.007362,84.42104,84.699,85.68833
2022-01-21 10:12:57.504766,83.54475,84.02925,85.68833
2022-01-21 10:12:58.005208,84.21434,84.54425,85.33489
2022-01-21 10:12:59.005090,84.57575,84.803,86.00312
2022-01-21 10:12:59.510164,84.26632,84.23475,86.00312
2022-01-21 10:13:00.007580,83.80219,84.132,86.15958
2022-01-21 10:13:00.509143,83.9569,84.33875,86.15958
2022-01-21 10:13:01.008023,84.1636,84.4935,85.06062
2022-01-21 10:13:01.506160,84.05963,84.3895,85.06062
2022-01-21 10:13:02.005539,83.44078,83.92525,86.08135
2022-01-21 10:13:02.511050,84.21434,84.33875,86.08135
2022-01-21 10:13:03.010256,84.36905,84.54425,85.41406
2022-01-21 10:13:03.506366,83.85417,83.97725,85.41406
2022-01-21 10:13:04.002308,84.11161,84.4415,85.29625
2022-01-21 10:13:04.506391,83.85417,84.184,85.29625
2022-01-21 10:13:05.005157,84.52377,84.85375,85.6101
2022-01-21 10:13:05.501156,83.85417,84.3895,85.6101
2022-01-21 10:13:06.001210,84.21434,84.33875,85.64968
2022-01-21 10:13:06.508315,83.9569,83.92525,85.64968
2022-01-21 10:13:07.006902,84.1636,84.4415,84.90322
2022-01-21 10:13:07.501083,84.1636,84.3895,84.90322
2022-01-21 10:13:08.009995,83.69946,83.92525,85.64968
2022-01-21 10:13:08.507318,84.47302,84.699,85.64968
2022-01-21 10:13:09.005432,83.49276,83.92525,85.92395
2022-01-21 10:13:09.510956,84.67848,85.0605,85.92395
2022-01-21 10:13:10.007897,83.80219,84.02925,85.29625
2022-01-21 10:13:10.505913,84.36905,84.3895,85.29625
2022-01-21 10:13:11.010391,84.11161,84.33875,86.00312
2022-01-21 10:13:11.505526,83.64747,83.97725,86.00312
2022-01-21 10:13:12.003409,84.78245,85.1125,85.02104
2022-01-21 10:13:12.508401,83.23532,83.61575,85.02104
2022-01-21 10:13:13.006464,84.47302,84.699,85.80614
2022-01-21 10:13:13.501762,83.69946,84.132,85.80614
2022-01-21 10:13:14.010325,84.36905,84.699,85.80614
2022-01-21 10:13:14.505885,84.1636,84.08,85.80614
2022-01-21 10:13:15.004695,84.11161,84.33875,85.29625
2022-01-21 10:13:15.501211,84.31831,84.64825,85.29625
2022-01-21 10:13:16.010255,83.80219,84.184,85.25666
2022-01-21 10:13:16.505328,84.62773,85.0085,85.25666
2022-01-21 10:13:17.003490,83.18334,83.66775,85.41406
2022-01-21 10:13:17.509036,84.62773,84.85375,85.41406
2022-01-21 10:13:18.006825,84.05963,84.132,86.08135
2022-01-21 10:13:18.502369,84.31831,84.4935,86.08135
2022-01-21 10:13:19.010795,83.90492,84.23475,85.13885
2022-01-21 10:13:19.506112,84.11161,84.54425,85.13885
2022-01-21 10:13:20.004561,84.11161,84.3895,85.4527
2022-01-21 10:13:20.510064,83.69946,84.3895,85.4527
2022-01-21 10:13:21.008384,84.62773,84.751,85.4527
2022-01-21 10:13:21.504969,84.21434,84.23475,85.4527
2022-01-21 10:13:22.003264,84.05963,84.23475,85.72791
2022-01-21 10:13:22.510303,83.9569,84.184,85.72791
2022-01-21 10:13:23.008019,84.11161,84.4415,85.41406
2022-01-21 10:13:23.504411,84.42104,84.751,85.41406
2022-01-21 10:13:24.004636,83.39003,84.02925,85.21708
2022-01-21 10:13:24.508120,84.26632,84.33875,85.21708
2022-01-21 10:13:25.010560,83.9569,84.184,85.02104
2022-01-21 10:13:25.508792,84.83319,84.90575,85.02104
2022-01-21 10:13:26.008088,84.05963,84.23475,85.80614
2022-01-21 10:13:26.510345,83.80219,83.92525,85.80614
2022-01-21 10:13:27.002418,84.05963,84.59625,85.33489
2022-01-21 10:13:27.502617,84.05963,84.699,85.33489
2022-01-21 10:13:28.006256,84.36905,84.4935,85.33489
2022-01-21 10:13:28.503836,83.7502,84.02925,85.33489
2022-01-21 10:13:29.002848,84.26632,84.4415,85.41406
2022-01-21 10:13:29.510278,84.1636,84.4415,85.41406
2022-01-21 10:13:30.009984,84.05963,84.4415,85.68833
2022-01-21 10:13:30.504739,84.21434,84.59625,85.68833
2022-01-21 10:13:31.004118,83.28607,83.8225,85.4527
2022-01-21 10:13:31.509075,84.62773,84.95775,85.4527
2022-01-21 10:13:32.008034,83.90492,84.28675,84.62801
2022-01-21 10:13:32.502794,84.42104,84.33875,84.62801
2022-01-21 10:13:33.002442,83.90492,83.92525,85.6101
2022-01-21 10:13:33.506864,83.9569,84.184,85.6101
2022-01-21 10:13:34.006795,84.62773,85.16325,85.68833
2022-01-21 10:13:34.502439,83.7502,84.132,85.68833
2022-01-21 10:13:35.011162,84.21434,84.59625,85.37447
2022-01-21 10:13:35.506665,83.59549,83.8745,85.37447
2022-01-21 10:13:36.004275,84.52377,84.64825,86.00312
2022-01-21 10:13:36.509870,84.88517,84.95775,86.00312
2022-01-21 10:13:37.009741,83.59549,83.8225,85.88531
2022-01-21 10:13:37.504050,84.05963,84.3895,85.88531
2022-01-21 10:13:38.003438,83.80219,84.3895,84.86364
2022-01-21 10:13:38.508520,84.52377,84.95775,84.86364
2022-01-21 10:13:39.008898,83.49276,83.8225,85.64968
2022-01-21 10:13:39.503443,84.57575,84.54425,85.64968
2022-01-21 10:13:40.002773,83.9569,83.92525,85.33489
2022-01-21 10:13:40.508652,84.47302,84.59625,85.33489
2022-01-21 10:13:41.008521,84.31831,84.64825,85.4527
2022-01-21 10:13:41.503556,83.80219,84.132,85.4527
2022-01-21 10:13:42.002922,84.1636,84.4935,85.21708
2022-01-21 10:13:42.501195,83.49276,84.02925,85.21708
2022-01-21 10:13:43.010684,84.42104,84.54425,86.00312
2022-01-21 10:13:43.504267,83.90492,83.97725,86.00312
2022-01-21 10:13:44.002273,84.52377,84.64825,85.41406
2022-01-21 10:13:44.507729,83.7502,83.8745,85.41406
2022-01-21 10:13:45.003690,84.05963,84.54425,85.17843
2022-01-21 10:13:45.510718,84.31831,84.64825,85.17843
2022-01-21 10:13:46.009128,84.05963,84.4415,86.19916
2022-01-21 10:13:46.504019,84.05963,84.23475,86.19916
2022-01-21 10:13:47.003448,83.39003,83.71975,85.6101
2022-01-21 10:13:47.501215,84.78245,84.803,85.6101
2022-01-21 10:13:48.010632,84.11161,84.132,85.41406
2022-01-21 10:13:48.506701,84.05963,84.59625,85.41406
2022-01-21 10:13:49.006793,84.11161,84.59625,85.72791
2022-01-21 10:13:49.501947,83.69946,84.184,85.72791
2022-01-21 10:13:50.010821,84.67848,84.85375,85.49229
2022-01-21 10:13:50.505995,83.69946,84.23475,85.49229
2022-01-21 10:13:51.004747,84.05963,84.08,85.06062
2022-01-21 10:13:51.503340,84.31831,84.33875,85.06062
2022-01-21 10:13:52.002358,83.90492,84.184,85.6101
2022-01-21 10:13:52.509665,84.1636,84.4415,85.6101
2022-01-21 10:13:53.008404,83.9569,84.4415,85.29625
2022-01-21 10:13:53.504516,84.00888,84.132,85.29625
2022-01-21 10:13:54.002431,83.90492,84.4935,84.78541
2022-01-21 10:13:54.508377,84.57575,84.85375,84.78541
2022-01-21 10:13:55.005151,84.11161,84.184,85.33489
2022-01-21 10:13:55.501202,83.90492,83.97725,85.33489
2022-01-21 10:13:56.008223,84.05963,84.54425,85.57051
2022-01-21 10:13:56.505287,84.21434,84.4935,85.57051
2022-01-21 10:13:57.004116,84.78245,84.803,84.74583
2022-01-21 10:13:57.510051,83.18334,83.71975,84.74583
2022-01-21 10:13:58.008143,84.05963,84.132,85.37447
2022-01-21 10:13:58.504040,84.42104,84.699,85.37447
2022-01-21 10:13:59.002648,83.7502,84.132,85.80614
2022-01-21 10:13:59.508117,84.52377,84.803,85.80614
2022-01-21 10:14:00.006853,83.49276,83.92525,86.51301
2022-01-21 10:14:00.506631,84.26632,84.64825,86.51301
2022-01-21 10:14:01.004972,84.21434,84.59625,85.49229
2022-01-21 10:14:01.510484,84.36905,84.4415,85.49229
2022-01-21 10:14:02.008580,83.7502,83.97725,85.72791
2022-01-21 10:14:02.503107,84.21434,84.33875,85.72791
2022-01-21 10:14:03.001870,84.26632,84.59625,84.90322
2022-01-21 10:14:03.509094,83.54475,83.97725,84.90322
2022-01-21 10:14:04.007104,84.62773,85.0085,86.51301
2022-01-21 10:14:04.501843,83.44078,83.66775,86.51301
2022-01-21 10:14:05.001917,84.62773,84.751,84.94281
2022-01-21 10:14:05.507374,84.05963,84.3895,84.94281
2022-01-21 10:14:06.005424,84.21434,84.132,85.84572
2022-01-21 10:14:06.510866,84.26632,84.4415,85.84572
2022-01-21 10:14:07.009440,84.00888,84.54425,85.6101
2022-01-21 10:14:07.505543,84.1636,84.4415,85.6101
2022-01-21 10:14:08.003473,83.85417,84.23475,85.41406
2022-01-21 10:14:08.509322,84.11161,84.4415,85.41406
2022-01-21 10:14:09.007382,83.59549,84.132,85.37447
2022-01-21 10:14:09.511165,84.88517,84.64825,85.37447
2022-01-21 10:14:10.010628,83.80219,83.8225,85.41406
2022-01-21 10:14:10.506369,84.36905,84.59625,85.41406
2022-01-21 10:14:11.010762,84.00888,84.4935,85.64968
2022-01-21 10:14:11.506879,83.54475,83.8745,85.64968
2022-01-21 10:14:12.005394,84.73046,84.95775,85.02104
2022-01-21 10:14:12.501149,83.23532,83.7705,85.02104
2022-01-21 10:14:13.010117,84.73046,84.64825,85.09926
2022-01-21 10:14:13.507259,84.1636,84.23475,85.09926
2022-01-21 10:14:14.006311,84.21434,84.3895,85.84572
2022-01-21 10:14:14.502556,84.1636,84.64825,85.84572
2022-01-21 10:14:15.001892,84.21434,84.699,85.68833
2022-01-21 10:14:15.507370,83.90492,84.08,85.68833
2022-01-21 10:14:16.006322,83.9569,84.4935,85.02104
2022-01-21 10:14:16.502221,84.26632,84.28675,85.02104
2022-01-21 10:14:17.010739,84.21434,84.54425,85.37447
2022-01-21 10:14:17.505830,84.21434,84.4935,85.37447
2022-01-21 10:14:18.003117,84.11161,84.54425,86.12093
2022-01-21 10:14:18.501332,83.85417,84.28675,86.12093
2022-01-21 10:14:19.010223,84.36905,84.64825,84.98145
2022-01-21 10:14:19.505080,84.00888,84.33875,84.98145
2022-01-21 10:14:20.005238,84.05963,84.02925,85.68833
2022-01-21 10:14:21.004858,84.1636,84.08,85.4527
2022-01-21 10:14:21.511118,84.47302,84.803,85.4527
2022-01-21 10:14:22.008517,83.80219,84.132,85.37447
2022-01-21 10:14:22.505056,83.9569,84.33875,85.37447
2022-01-21 10:14:23.003239,84.21434,84.59625,85.53187
2022-01-21 10:14:23.509093,83.9569,84.23475,85.53187
2022-01-21 10:14:24.008138,83.85417,84.184,85.57051
2022-01-21 10:14:24.502584,83.9569,84.08,85.57051
2022-01-21 10:14:25.001735,84.52377,84.85375,84.90322
2022-01-21 10:14:25.509198,84.05963,84.3895,84.90322
2022-01-21 10:14:26.008065,84.21434,84.4935,85.88531
2022-01-21 10:14:26.503389,83.54475,83.71975,85.88531
2022-01-21 10:14:27.002603,84.57575,84.803,84.94281
2022-01-21 10:14:27.508027,84.1636,84.699,84.94281
2022-01-21 10:14:28.006867,83.80219,83.8745,85.21708
2022-01-21 10:14:28.501753,84.57575,84.751,85.21708
2022-01-21 10:14:29.001195,83.80219,84.23475,85.33489
2022-01-21 10:14:29.508264,84.67848,85.26725,85.33489
2022-01-21 10:14:30.007026,83.64747,83.8225,86.00312
2022-01-21 10:14:30.503196,84.26632,84.54425,86.00312
2022-01-21 10:14:31.002759,83.33805,83.8225,84.94281
2022-01-21 10:14:31.508077,84.47302,84.803,84.94281
2022-01-21 10:14:32.007402,84.00888,84.23475,85.21708
2022-01-21 10:14:32.502830,84.1636,84.3895,85.21708
2022-01-21 10:14:33.010321,83.9569,84.184,85.25666
2022-01-21 10:14:33.508143,83.9569,84.23475,85.25666
2022-01-21 10:14:34.006718,84.57575,84.85375,86.12093
2022-01-21 10:14:34.502357,83.54475,83.97725,86.12093
2022-01-21 10:14:35.009964,84.62773,84.64825,85.29625
2022-01-21 10:14:35.506035,83.49276,83.97725,85.29625
2022-01-21 10:14:36.005919,84.31831,84.64825,85.64968
2022-01-21 10:14:36.501742,84.88517,85.0605,85.64968
2022-01-21 10:14:37.009793,83.33805,83.565,85.4527
2022-01-21 10:14:37.507463,84.52377,84.751,85.4527
2022-01-21 10:14:38.005522,83.7502,84.28675,85.7675
2022-01-21 10:14:38.504560,84.36905,84.4415,85.7675
2022-01-21 10:14:39.002828,83.85417,84.23475,85.21708
2022-01-21 10:14:39.508533,84.21434,84.4935,85.21708
2022-01-21 10:14:40.007898,84.26632,84.4935,85.33489
2022-01-21 10:14:40.502731,84.1636,84.54425,85.33489
2022-01-21 10:14:41.001927,84.21434,84.33875,85.13885
2022-01-21 10:14:41.507636,83.85417,84.132,85.13885
2022-01-21 10:14:42.007960,84.21434,84.3895,85.4527
2022-01-21 10:14:42.505502,83.59549,84.132,85.4527
2022-01-21 10:14:43.003874,84.36905,84.3895,85.64968
2022-01-21 10:14:43.508788,84.52377,84.803,85.64968
2022-01-21 10:14:44.008089,83.9569,84.28675,85.33489
2022-01-21 10:14:44.505175,84.26632,84.3895,85.33489
2022-01-21 10:14:45.002991,83.9569,84.33875,86.08135
2022-01-21 10:14:45.508605,84.26632,84.3895,86.08135
2022-01-21 10:14:46.006857,84.11161,84.54425,85.57051
2022-01-21 10:14:46.503787,83.69946,83.7705,85.57051
2022-01-21 10:14:47.002566,84.52377,84.803,84.825
2022-01-21 10:14:47.509148,84.11161,84.4935,84.825
2022-01-21 10:14:48.006743,84.11161,84.33875,86.19916
2022-01-21 10:14:48.502596,83.59549,84.08,86.19916
2022-01-21 10:14:49.010470,84.21434,84.4935,85.37447
2022-01-21 10:14:49.505069,83.7502,84.33875,85.37447
2022-01-21 10:14:50.003357,84.62773,84.803,85.21708
2022-01-21 10:14:50.509175,83.90492,84.184,85.21708
2022-01-21 10:14:51.007482,83.90492,83.97725,85.68833
2022-01-21 10:14:51.504293,84.47302,84.699,85.68833
2022-01-21 10:14:52.002419,83.80219,84.08,85.29625
2022-01-21 10:14:52.509876,84.31831,84.54425,85.29625
2022-01-21 10:14:53.004455,83.54475,83.8225,85.72791
2022-01-21 10:14:53.510536,84.11161,84.28675,85.72791
2022-01-21 10:14:54.009889,84.31831,84.803,86.35656
2022-01-21 10:14:54.504498,84.05963,84.33875,86.35656
2022-01-21 10:14:55.002527,84.62773,84.59625,85.33489
2022-01-21 10:14:55.510457,83.54475,83.8225,85.33489
2022-01-21 10:14:56.008938,84.42104,84.64825,85.92395
2022-01-21 10:14:56.503820,83.85417,84.23475,85.92395
2022-01-21 10:14:57.001713,84.52377,84.59625,85.68833
2022-01-21 10:14:57.506660,83.33805,83.8225,85.68833
2022-01-21 10:14:58.004776,84.67848,84.90575,85.02104
2022-01-21 10:14:58.511144,84.52377,84.90575,85.02104
2022-01-21 10:14:59.009808,83.85417,84.132,85.96354
2022-01-21 10:14:59.504372,84.62773,84.85375,85.96354
2022-01-21 10:15:00.004673,83.28607,83.66775,85.57051
2022-01-21 10:15:00.502367,84.78245,84.85375,85.57051
2022-01-21 10:15:01.504949,84.26632,84.33875,85.6101
2022-01-21 10:15:02.003415,83.80219,83.8745,85.33489
2022-01-21 10:15:02.509499,84.52377,84.85375,85.33489
2022-01-21 10:15:03.008546,83.9569,84.28675,85.37447
2022-01-21 10:15:03.504086,84.11161,84.3895,85.37447
2022-01-21 10:15:04.002072,84.36905,84.59625,85.13885
2022-01-21 10:15:04.508308,83.59549,84.33875,85.13885
2022-01-21 10:15:05.007087,84.36905,84.751,86.12093
2022-01-21 10:15:05.503935,84.05963,84.3895,86.12093
2022-01-21 10:15:06.000946,84.1636,84.33875,85.25666
2022-01-21 10:15:06.508236,84.21434,84.4935,85.25666
2022-01-21 10:15:07.005927,83.69946,83.97725,85.53187
2022-01-21 10:15:07.503423,84.52377,84.59625,85.53187
2022-01-21 10:15:08.001285,83.54475,84.02925,85.13885
2022-01-21 10:15:08.508449,84.21434,84.59625,85.13885
2022-01-21 10:15:09.008230,83.7502,84.184,85.09926
2022-01-21 10:15:09.503988,84.47302,84.699,85.09926
2022-01-21 10:15:10.002428,84.00888,84.23475,85.72791
2022-01-21 10:15:10.508249,84.52377,84.803,85.72791
2022-01-21 10:15:11.001093,83.49276,83.513,85.80614
2022-01-21 10:15:11.507069,83.69946,83.97725,85.80614
2022-01-21 10:15:12.006293,84.47302,84.699,133.5202
2022-01-21 10:15:12.502021,83.59549,84.02925,133.5202
2022-01-21 10:15:13.003170,84.36905,84.59625,234.44687
2022-01-21 10:15:13.508025,83.85417,83.8225,234.44687
2022-01-21 10:15:14.005849,84.1636,84.3895,206.21051
2022-01-21 10:15:14.502275,84.42104,84.64825,206.21051
2022-01-21 10:15:15.009486,83.85417,84.132,136.19125
2022-01-21 10:15:15.505228,84.05963,84.23475,136.19125
2022-01-21 10:15:16.004446,83.69946,84.33875,90.71562
2022-01-21 10:15:16.509714,83.9569,84.132,90.71562
2022-01-21 10:15:17.007793,84.93716,84.803,94.56385
2022-01-21 10:15:17.504308,83.28607,83.513,94.56385
2022-01-21 10:15:18.002971,84.1636,84.33875,89.5375
2022-01-21 10:15:18.509105,84.42104,84.699,89.5375
2022-01-21 10:15:19.007659,84.26632,84.64825,87.02385
2022-01-21 10:15:19.503339,84.00888,84.64825,87.02385
2022-01-21 10:15:20.505646,84.1636,84.28675,86.47437
2022-01-21 10:15:21.004033,84.31831,84.4935,86.98426
2022-01-21 10:15:21.510810,84.05963,84.132,86.98426
2022-01-21 10:15:22.009516,83.64747,84.02925,85.53187
2022-01-21 10:15:22.508140,84.36905,84.59625,85.53187
2022-01-21 10:15:23.007916,83.69946,84.23475,85.57051
2022-01-21 10:15:23.503991,84.1636,84.4935,85.57051
2022-01-21 10:15:24.002384,84.26632,84.23475,86.00312
2022-01-21 10:15:24.508434,83.9569,84.08,86.00312
2022-01-21 10:15:25.008057,84.52377,84.699,84.78541
2022-01-21 10:15:25.503661,83.85417,84.28675,84.78541
2022-01-21 10:15:26.001259,84.47302,84.54425,85.6101
2022-01-21 10:15:26.508111,83.54475,84.184,85.6101
2022-01-21 10:15:27.006797,84.47302,84.85375,85.21708
2022-01-21 10:15:27.502813,83.64747,83.97725,85.21708
2022-01-21 10:15:28.010881,84.62773,84.59625,85.80614
2022-01-21 10:15:28.506044,84.05963,84.132,85.80614
2022-01-21 10:15:29.005128,84.00888,84.59625,85.96354
2022-01-21 10:15:29.501778,84.26632,84.64825,85.96354
2022-01-21 10:15:30.011290,83.64747,84.132,85.84572
2022-01-21 10:15:30.508290,84.67848,84.751,85.84572
2022-01-21 10:15:31.010150,83.54475,84.132,85.72791
2022-01-21 10:15:31.509296,84.42104,84.4415,85.72791
2022-01-21 10:15:32.008132,84.31831,84.23475,85.13885
2022-01-21 10:15:32.503437,83.7502,83.92525,85.13885
2022-01-21 10:15:33.002812,84.21434,84.4415,85.09926
2022-01-21 10:15:33.508553,84.1636,84.64825,85.09926
2022-01-21 10:15:34.006497,83.80219,84.184,85.37447
2022-01-21 10:15:34.502855,84.00888,84.64825,85.37447
2022-01-21 10:15:35.001841,84.11161,84.28675,86.08135
2022-01-21 10:15:35.508493,84.1636,84.23475,86.08135
2022-01-21 10:15:36.009473,84.31831,84.54425,85.53187
2022-01-21 10:15:36.505333,83.7502,83.8745,85.53187
2022-01-21 10:15:37.003886,84.21434,84.54425,85.4527
2022-01-21 10:15:37.509953,83.9569,84.23475,85.4527
2022-01-21 10:15:38.008693,83.7502,84.54425,85.88531
2022-01-21 10:15:38.503295,84.1636,84.3895,85.88531
2022-01-21 10:15:39.001702,84.21434,84.33875,85.92395
2022-01-21 10:15:39.507653,84.05963,84.3895,85.92395
2022-01-21 10:15:40.007500,84.05963,84.28675,85.96354
2022-01-21 10:15:40.505761,84.31831,84.699,85.96354
2022-01-21 10:15:41.004597,83.85417,83.92525,85.53187
2022-01-21 10:15:41.510480,84.42104,84.95775,85.53187
2022-01-21 10:15:42.003278,83.44078,83.66775,85.49229
2022-01-21 10:15:42.502989,84.47302,84.699,85.49229
2022-01-21 10:15:43.001467,83.9569,84.132,85.33489
2022-01-21 10:15:43.502634,84.31831,84.3895,85.33489
2022-01-21 10:15:44.000891,83.7502,84.08,86.15958
2022-01-21 10:15:44.508482,84.57575,84.699,86.15958
2022-01-21 10:15:45.009281,83.85417,84.3895,85.53187
2022-01-21 10:15:45.506834,84.42104,84.59625,85.53187
2022-01-21 10:15:46.005298,84.11161,84.4415,85.13885
2022-01-21 10:15:46.501517,83.7502,83.7705,85.13885
2022-01-21 10:15:47.010295,84.67848,84.803,86.04176
2022-01-21 10:15:47.506311,83.69946,84.23475,86.04176
2022-01-21 10:15:48.004665,84.05963,84.184,85.29625
2022-01-21 10:15:48.509481,84.1636,84.54425,85.29625
2022-01-21 10:15:49.007513,84.31831,84.64825,85.96354
2022-01-21 10:15:49.504506,83.9569,84.64825,85.96354
2022-01-21 10:15:50.004021,84.26632,84.28675,85.88531
2022-01-21 10:15:50.508662,84.36905,84.28675,85.88531
2022-01-21 10:15:51.007624,83.90492,84.184,85.49229
2022-01-21 10:15:51.503602,84.31831,84.699,85.49229
2022-01-21 10:15:52.002188,83.69946,84.132,85.29625
2022-01-21 10:15:52.507389,84.47302,84.699,85.29625
