時間,回転１,回転２,回転３
2022-01-21 15:00:00.006538,0.0,0.0,0.0
2022-01-21 15:00:00.501926,0.0,0.0,0.0
2022-01-21 15:00:01.009190,0.0,0.0,0.0
2022-01-21 15:00:01.500978,0.0,0.0,0.0
2022-01-21 15:00:02.008859,0.0,0.0,0.0
2022-01-21 15:00:02.502666,0.0,0.0,0.0
2022-01-21 15:00:03.000948,0.0,0.0,0.0
2022-01-21 15:00:03.505109,0.0,0.0,0.0
2022-01-21 15:00:04.003560,0.0,0.0,0.0
2022-01-21 15:00:04.510023,0.0,0.0,0.0
2022-01-21 15:00:05.005034,0.0,0.0,0.0
2022-01-21 15:00:05.509509,0.0,0.0,0.0
2022-01-21 15:00:06.008040,0.0,0.0,0.0
2022-01-21 15:00:06.502808,0.0,0.0,0.0
2022-01-21 15:00:07.001492,0.0,0.0,0.0
2022-01-21 15:00:07.506436,0.0,0.0,0.0
2022-01-21 15:00:08.005006,0.0,0.0,0.0
2022-01-21 15:00:08.510179,0.0,0.0,0.0
2022-01-21 15:00:09.001164,0.0,0.0,0.0
2022-01-21 15:00:09.506806,0.0,0.0,0.0
2022-01-21 15:00:10.005097,0.0,0.0,0.0
2022-01-21 15:00:10.502104,0.0,0.0,0.0
2022-01-21 15:00:11.006022,0.0,0.0,0.0
2022-01-21 15:00:11.502618,0.0,0.0,0.0
2022-01-21 15:00:12.010279,0.0,0.0,0.0
2022-01-21 15:00:12.503975,0.0,0.0,0.0
2022-01-21 15:00:13.001934,0.0,0.0,0.0
2022-01-21 15:00:13.501749,0.0,0.0,0.0
2022-01-21 15:00:14.010757,0.0,0.0,0.0
2022-01-21 15:00:14.506036,0.0,0.0,0.0
2022-01-21 15:00:15.003757,0.0,0.0,0.0
2022-01-21 15:00:15.509487,0.0,0.0,0.0
2022-01-21 15:00:16.010337,0.0,0.0,0.0
2022-01-21 15:00:16.505071,0.0,0.0,0.0
2022-01-21 15:00:17.003476,0.0,0.0,0.0
2022-01-21 15:00:17.501190,0.0,0.0,0.0
2022-01-21 15:00:18.008991,0.0,0.0,0.0
2022-01-21 15:00:18.504525,0.0,0.0,0.0
2022-01-21 15:00:19.002849,0.0,0.0,0.0
2022-01-21 15:00:19.508452,0.0,0.0,0.0
2022-01-21 15:00:20.006375,0.0,0.0,0.0
2022-01-21 15:00:20.511209,0.0,0.0,0.0
2022-01-21 15:00:21.001231,0.0,0.0,0.0
2022-01-21 15:00:21.508243,0.0,0.0,0.0
2022-01-21 15:00:22.006776,0.0,0.0,0.0
2022-01-21 15:00:22.501041,0.0,0.0,0.0
2022-01-21 15:00:23.008492,0.0,0.0,0.0
2022-01-21 15:00:23.503086,0.0,0.0,0.0
2022-01-21 15:00:24.010718,0.0,0.0,0.0
2022-01-21 15:00:24.505856,0.0,0.0,0.0
2022-01-21 15:00:25.004747,0.0,0.0,0.0
2022-01-21 15:00:25.504634,0.0,0.0,0.0
2022-01-21 15:00:26.002579,0.0,0.0,0.0
2022-01-21 15:00:26.503207,0.0,0.0,0.0
2022-01-21 15:00:27.001353,0.0,0.0,0.0
2022-01-21 15:00:28.004465,0.0,0.0,0.0
2022-01-21 15:00:28.501221,0.0,0.0,0.0
2022-01-21 15:00:29.005911,0.0,0.0,0.0
2022-01-21 15:00:29.510053,0.0,0.0,0.0
2022-01-21 15:00:30.006040,0.0,0.0,0.0
2022-01-21 15:00:30.507416,0.0,0.0,0.0
2022-01-21 15:00:31.009871,0.0,0.0,0.0
2022-01-21 15:00:31.508047,0.0,0.0,0.0
2022-01-21 15:00:32.002682,0.0,0.0,0.0
2022-01-21 15:00:32.511114,0.0,0.0,0.0
2022-01-21 15:00:33.007509,0.0,0.0,0.0
2022-01-21 15:00:33.502502,0.0,0.0,0.0
2022-01-21 15:00:34.008667,0.0,0.0,0.0
2022-01-21 15:00:34.505004,0.0,0.0,0.0
2022-01-21 15:00:35.006905,0.0,0.0,0.0
2022-01-21 15:00:35.508637,0.0,0.0,0.0
2022-01-21 15:00:36.006789,0.0,0.0,0.0
2022-01-21 15:00:36.502623,0.0,0.0,0.0
2022-01-21 15:00:37.010994,0.0,0.0,0.0
2022-01-21 15:00:37.505937,0.0,0.0,0.0
2022-01-21 15:00:38.004092,0.0,0.0,0.0
2022-01-21 15:00:38.509559,0.0,0.0,0.0
2022-01-21 15:00:39.002512,0.0,0.0,0.0
2022-01-21 15:00:39.510331,0.0,0.0,0.0
2022-01-21 15:00:40.009079,0.0,0.0,0.0
2022-01-21 15:00:40.505164,0.0,0.0,0.0
2022-01-21 15:00:41.003293,0.0,0.0,0.0
2022-01-21 15:00:41.508713,0.0,0.0,0.0
2022-01-21 15:00:42.007300,0.0,0.0,0.0
2022-01-21 15:00:42.501913,0.0,0.0,0.0
2022-01-21 15:00:43.010804,0.0,0.0,0.0
2022-01-21 15:00:43.506811,0.0,0.0,0.0
2022-01-21 15:00:44.006664,0.0,0.0,0.0
2022-01-21 15:00:44.504856,0.0,0.0,0.0
2022-01-21 15:00:45.002139,0.0,0.0,0.0
2022-01-21 15:00:45.506759,0.0,0.0,0.0
2022-01-21 15:00:46.004586,0.0,0.0,0.0
2022-01-21 15:00:46.509749,0.0,0.0,0.0
2022-01-21 15:00:47.007900,0.0,0.0,0.0
2022-01-21 15:00:47.506023,0.0,0.0,0.0
2022-01-21 15:00:48.004299,0.0,0.0,0.0
2022-01-21 15:00:48.510124,0.0,0.0,0.0
2022-01-21 15:00:49.010002,0.0,0.0,0.0
2022-01-21 15:00:49.506520,0.0,0.0,0.0
2022-01-21 15:00:50.004541,0.0,0.0,0.0
2022-01-21 15:00:50.510816,0.0,0.0,0.0
2022-01-21 15:00:51.007918,0.0,0.0,0.0
2022-01-21 15:00:51.502800,0.0,0.0,0.0
2022-01-21 15:00:52.002613,0.0,0.0,0.0
2022-01-21 15:00:52.508163,0.0,0.0,0.0
2022-01-21 15:00:53.006468,0.0,0.0,0.0
2022-01-21 15:00:53.504026,0.0,0.0,0.0
2022-01-21 15:00:54.001092,0.0,0.0,0.0
2022-01-21 15:00:54.505941,0.0,0.0,0.0
2022-01-21 15:00:55.003711,0.0,0.0,0.0
2022-01-21 15:00:55.509070,0.0,0.0,0.0
2022-01-21 15:00:56.008264,0.0,0.0,0.0
2022-01-21 15:00:56.504957,0.0,0.0,0.0
2022-01-21 15:00:57.004708,0.0,0.0,0.0
2022-01-21 15:00:57.509784,0.0,0.0,0.0
2022-01-21 15:00:58.008765,0.0,0.0,0.0
2022-01-21 15:00:58.504238,0.0,0.0,0.0
2022-01-21 15:00:59.004795,0.0,0.0,0.0
2022-01-21 15:00:59.511209,0.0,0.0,0.0
2022-01-21 15:01:00.008308,0.0,0.0,0.0
2022-01-21 15:01:00.504111,0.0,0.0,0.0
2022-01-21 15:01:01.002928,0.0,0.0,0.0
2022-01-21 15:01:01.509228,0.0,0.0,0.0
2022-01-21 15:01:02.007763,0.0,0.0,0.0
2022-01-21 15:01:02.503103,0.0,0.0,0.0
2022-01-21 15:01:03.008870,0.0,0.0,0.0
2022-01-21 15:01:03.504656,0.0,0.0,0.0
2022-01-21 15:01:04.004992,0.0,0.0,0.0
2022-01-21 15:01:04.510717,0.0,0.0,0.0
2022-01-21 15:01:05.008771,0.0,0.0,0.0
2022-01-21 15:01:05.503636,0.0,0.0,0.0
2022-01-21 15:01:06.003927,0.0,0.0,0.0
2022-01-21 15:01:06.510869,0.0,0.0,0.0
2022-01-21 15:01:07.010016,0.0,0.0,0.0
2022-01-21 15:01:07.507536,0.0,0.0,0.0
2022-01-21 15:01:08.006860,0.0,0.0,0.0
2022-01-21 15:01:09.005840,0.0,0.0,0.0
2022-01-21 15:01:09.502018,0.0,0.0,0.0
2022-01-21 15:01:10.010027,0.0,0.0,0.0
2022-01-21 15:01:10.505756,0.0,0.0,0.0
2022-01-21 15:01:11.011132,0.0,0.0,0.0
2022-01-21 15:01:11.506958,0.0,0.0,0.0
2022-01-21 15:01:12.004214,0.0,0.0,0.0
2022-01-21 15:01:12.508592,0.0,0.0,0.0
2022-01-21 15:01:13.007479,0.0,0.0,0.0
2022-01-21 15:01:13.504088,0.0,0.0,0.0
2022-01-21 15:01:14.004322,0.0,0.0,0.0
2022-01-21 15:01:14.510238,0.0,0.0,0.0
2022-01-21 15:01:15.009827,0.0,0.0,0.0
2022-01-21 15:01:15.506522,0.0,0.0,0.0
2022-01-21 15:01:16.002702,0.0,0.0,0.0
2022-01-21 15:01:16.507835,0.0,0.0,0.0
2022-01-21 15:01:17.008230,0.0,0.0,0.0
2022-01-21 15:01:17.502857,0.0,0.0,0.0
2022-01-21 15:01:18.001855,0.0,0.0,0.0
2022-01-21 15:01:18.508537,0.0,0.0,0.0
2022-01-21 15:01:19.006976,0.0,0.0,0.0
2022-01-21 15:01:19.503644,0.0,0.0,0.0
2022-01-21 15:01:20.004097,0.0,0.0,0.0
2022-01-21 15:01:20.510026,0.0,0.0,0.0
2022-01-21 15:01:21.008911,0.0,0.0,0.0
2022-01-21 15:01:21.504788,0.0,0.0,0.0
2022-01-21 15:01:22.004421,0.0,0.0,0.0
2022-01-21 15:01:22.501295,0.0,0.0,0.0
2022-01-21 15:01:23.010657,0.0,0.0,0.0
2022-01-21 15:01:23.504927,0.0,0.0,0.0
2022-01-21 15:01:24.004516,0.0,0.0,0.0
2022-01-21 15:01:24.510922,0.0,0.0,0.0
2022-01-21 15:01:25.001666,0.0,0.0,0.0
2022-01-21 15:01:25.506968,0.0,0.0,0.0
2022-01-21 15:01:26.006230,0.0,0.0,0.0
2022-01-21 15:01:26.502741,0.0,0.0,0.0
2022-01-21 15:01:27.010501,0.0,0.0,0.0
2022-01-21 15:01:27.506799,0.0,0.0,0.0
2022-01-21 15:01:28.004766,0.0,0.0,0.0
2022-01-21 15:01:28.511173,0.0,0.0,0.0
2022-01-21 15:01:29.010028,0.0,0.0,0.0
2022-01-21 15:01:29.504617,0.0,0.0,0.0
2022-01-21 15:01:30.004230,0.0,0.0,0.0
2022-01-21 15:01:30.509501,0.0,0.0,0.0
2022-01-21 15:01:31.007045,0.0,0.0,0.0
2022-01-21 15:01:31.502512,0.0,0.0,0.0
2022-01-21 15:01:32.010446,0.0,0.0,0.0
2022-01-21 15:01:32.505555,0.0,0.0,0.0
2022-01-21 15:01:33.004591,0.0,0.0,0.0
2022-01-21 15:01:33.504795,0.0,0.0,0.0
2022-01-21 15:01:34.004035,0.0,0.0,0.0
2022-01-21 15:01:34.510286,0.0,0.0,0.0
2022-01-21 15:01:35.008323,0.0,0.0,0.0
2022-01-21 15:01:35.502813,0.0,0.0,0.0
2022-01-21 15:01:36.002699,0.0,0.0,0.0
2022-01-21 15:01:36.507848,0.0,0.0,0.0
2022-01-21 15:01:37.006526,0.0,0.0,0.0
2022-01-21 15:01:37.502434,0.0,0.0,0.0
2022-01-21 15:01:38.003542,0.0,0.0,0.0
2022-01-21 15:01:38.510334,0.0,0.0,0.0
2022-01-21 15:01:39.008117,0.0,0.0,0.0
2022-01-21 15:01:39.502610,0.0,0.0,0.0
2022-01-21 15:01:40.010478,0.0,0.0,0.0
2022-01-21 15:01:40.506183,0.0,0.0,0.0
2022-01-21 15:01:41.004348,0.0,0.0,0.0
2022-01-21 15:01:41.511125,0.0,0.0,0.0
2022-01-21 15:01:42.011132,0.0,0.0,0.0
2022-01-21 15:01:42.506401,0.0,0.0,0.0
2022-01-21 15:01:43.007369,0.0,0.0,0.0
2022-01-21 15:01:43.501119,0.0,0.0,0.0
2022-01-21 15:01:44.001418,0.0,0.0,0.0
2022-01-21 15:01:44.505770,0.0,0.0,0.0
2022-01-21 15:01:45.004357,0.0,0.0,0.0
2022-01-21 15:01:45.511078,0.0,0.0,0.0
2022-01-21 15:01:46.009162,0.0,0.0,0.0
2022-01-21 15:01:46.506241,0.0,0.0,0.0
2022-01-21 15:01:47.003760,0.0,0.0,0.0
2022-01-21 15:01:47.502220,0.0,0.0,0.0
2022-01-21 15:01:48.010793,0.0,0.0,0.0
2022-01-21 15:01:48.508767,0.0,0.0,0.0
2022-01-21 15:01:49.009175,0.0,0.0,0.0
2022-01-21 15:01:49.502820,0.0,0.0,0.0
2022-01-21 15:01:50.004881,0.0,0.0,0.0
2022-01-21 15:01:50.503802,0.0,0.0,0.0
2022-01-21 15:01:51.002284,0.0,0.0,0.0
2022-01-21 15:01:51.510023,0.0,0.0,0.0
2022-01-21 15:01:52.002087,0.0,0.0,0.0
2022-01-21 15:01:52.507044,0.0,0.0,0.0
2022-01-21 15:01:53.008188,0.0,0.0,0.0
2022-01-21 15:01:53.506124,0.0,0.0,0.0
2022-01-21 15:01:54.006388,0.0,0.0,0.0
2022-01-21 15:01:54.501100,0.0,0.0,0.0
2022-01-21 15:01:55.010022,0.0,0.0,0.0
2022-01-21 15:01:55.504973,0.0,0.0,0.0
2022-01-21 15:01:56.004091,0.0,0.0,0.0
2022-01-21 15:01:56.501263,0.0,0.0,0.0
2022-01-21 15:01:57.009827,0.0,0.0,0.0
2022-01-21 15:01:57.504654,0.0,0.0,0.0
2022-01-21 15:01:58.001841,0.0,0.0,0.0
2022-01-21 15:01:58.506929,0.0,0.0,0.0
2022-01-21 15:01:59.004559,0.0,0.0,0.0
2022-01-21 15:01:59.501753,0.0,0.0,0.0
2022-01-21 15:02:00.009986,0.0,0.0,0.0
2022-01-21 15:02:00.509882,0.0,0.0,0.0
2022-01-21 15:02:01.007116,0.0,0.0,0.0
2022-01-21 15:02:01.501209,0.0,0.0,0.0
2022-01-21 15:02:02.010142,0.0,0.0,0.0
2022-01-21 15:02:02.504898,0.0,0.0,0.0
2022-01-21 15:02:03.004645,0.0,0.0,0.0
2022-01-21 15:02:03.510341,0.0,0.0,0.0
2022-01-21 15:02:04.009141,0.0,0.0,0.0
2022-01-21 15:02:04.505041,0.0,0.0,0.0
2022-01-21 15:02:05.005477,0.0,0.0,0.0
2022-01-21 15:02:05.503011,0.0,0.0,0.0
2022-01-21 15:02:06.010836,0.0,0.0,0.0
2022-01-21 15:02:06.506625,0.0,0.0,0.0
2022-01-21 15:02:07.005032,0.0,0.0,0.0
2022-01-21 15:02:07.510472,0.0,0.0,0.0
2022-01-21 15:02:08.008920,0.0,0.0,0.0
2022-01-21 15:02:08.504097,0.0,0.0,0.0
2022-01-21 15:02:09.002795,0.0,0.0,0.0
2022-01-21 15:02:09.510855,0.0,0.0,0.0
2022-01-21 15:02:10.009549,0.0,0.0,0.0
2022-01-21 15:02:10.505111,0.0,0.0,0.0
2022-01-21 15:02:11.010904,0.0,0.0,0.0
2022-01-21 15:02:11.506384,0.0,0.0,0.0
2022-01-21 15:02:12.003452,0.0,0.0,0.0
2022-01-21 15:02:12.509216,0.0,0.0,0.0
2022-01-21 15:02:13.008539,0.0,0.0,0.0
2022-01-21 15:02:13.506824,0.0,0.0,0.0
2022-01-21 15:02:14.006773,0.0,0.0,0.0
2022-01-21 15:02:14.504157,0.0,0.0,0.0
2022-01-21 15:02:15.002643,0.0,0.0,0.0
2022-01-21 15:02:15.507879,0.0,0.0,0.0
2022-01-21 15:02:16.007298,0.0,0.0,0.0
2022-01-21 15:02:16.503488,0.0,0.0,0.0
2022-01-21 15:02:17.004467,0.0,0.0,0.0
2022-01-21 15:02:17.510950,0.0,0.0,0.0
2022-01-21 15:02:18.009065,0.0,0.0,0.0
2022-01-21 15:02:18.506320,0.0,0.0,0.0
2022-01-21 15:02:19.005789,0.0,0.0,0.0
2022-01-21 15:02:19.505830,0.0,0.0,0.0
2022-01-21 15:02:20.005673,0.0,0.0,0.0
2022-01-21 15:02:21.005668,0.0,0.0,0.0
2022-01-21 15:02:21.511119,0.0,0.0,0.0
2022-01-21 15:02:22.009313,0.0,0.0,0.0
2022-01-21 15:02:22.505805,0.0,0.0,0.0
2022-01-21 15:02:23.003211,0.0,0.0,0.0
2022-01-21 15:02:23.504623,0.0,0.0,0.0
2022-01-21 15:02:24.002486,0.0,0.0,0.0
2022-01-21 15:02:24.509880,0.0,0.0,0.0
2022-01-21 15:02:25.007460,0.0,0.0,0.0
2022-01-21 15:02:25.504273,0.0,0.0,0.0
2022-01-21 15:02:26.004070,0.0,0.0,0.0
2022-01-21 15:02:26.510223,0.0,0.0,0.0
2022-01-21 15:02:27.008393,0.0,0.0,0.0
2022-01-21 15:02:27.505890,0.0,0.0,0.0
2022-01-21 15:02:28.006447,0.0,0.0,0.0
2022-01-21 15:02:28.502520,0.0,0.0,0.0
2022-01-21 15:02:29.010816,0.0,0.0,0.0
2022-01-21 15:02:29.507447,0.0,0.0,0.0
2022-01-21 15:02:30.005842,0.0,0.0,0.0
2022-01-21 15:02:30.502350,0.0,0.0,0.0
2022-01-21 15:02:31.010971,0.0,0.0,0.0
2022-01-21 15:02:31.505010,0.0,0.0,0.0
2022-01-21 15:02:32.003412,0.0,0.0,0.0
2022-01-21 15:02:32.510925,0.0,0.0,0.0
2022-01-21 15:02:33.008879,0.0,0.0,0.0
2022-01-21 15:02:33.503831,0.0,0.0,0.0
2022-01-21 15:02:34.004446,0.0,0.0,0.0
2022-01-21 15:02:34.503589,0.0,0.0,0.0
2022-01-21 15:02:35.001162,0.0,0.0,0.0
2022-01-21 15:02:35.507390,0.0,0.0,0.0
2022-01-21 15:02:36.004416,0.0,0.0,0.0
2022-01-21 15:02:36.511226,0.0,0.0,0.0
2022-01-21 15:02:37.009397,0.0,0.0,0.0
2022-01-21 15:02:37.504069,0.0,0.0,0.0
2022-01-21 15:02:38.001374,0.0,0.0,0.0
2022-01-21 15:02:38.507381,0.0,0.0,0.0
2022-01-21 15:02:39.005705,0.0,0.0,0.0
2022-01-21 15:02:40.005714,0.0,0.0,0.0
2022-01-21 15:02:40.501708,0.0,0.0,0.0
2022-01-21 15:02:41.010152,0.0,0.0,0.0
2022-01-21 15:02:41.508381,0.0,0.0,0.0
2022-01-21 15:02:42.006795,0.0,0.0,0.0
2022-01-21 15:02:42.504984,0.0,0.0,0.0
2022-01-21 15:02:43.003546,0.0,0.0,0.0
2022-01-21 15:02:43.502766,0.0,0.0,0.0
2022-01-21 15:02:44.010088,0.0,0.0,0.0
2022-01-21 15:02:44.504484,0.0,0.0,0.0
2022-01-21 15:02:45.003662,0.0,0.0,0.0
2022-01-21 15:02:45.501346,0.0,0.0,0.0
2022-01-21 15:02:46.010140,0.0,0.0,0.0
2022-01-21 15:02:46.506634,0.0,0.0,0.0
2022-01-21 15:02:47.004606,0.0,0.0,0.0
2022-01-21 15:02:47.510527,0.0,0.0,0.0
2022-01-21 15:02:48.009847,0.0,0.0,0.0
2022-01-21 15:02:48.504390,0.0,0.0,0.0
2022-01-21 15:02:49.002528,0.0,0.0,0.0
2022-01-21 15:02:49.507840,0.0,0.0,0.0
2022-01-21 15:02:50.007837,0.0,0.0,0.0
2022-01-21 15:02:50.502426,0.0,0.0,0.0
2022-01-21 15:02:51.009430,0.0,0.0,0.0
2022-01-21 15:02:51.505991,0.0,0.0,0.0
2022-01-21 15:02:52.004089,0.0,0.0,0.0
2022-01-21 15:02:52.509089,0.0,0.0,0.0
2022-01-21 15:02:53.009797,0.0,0.0,0.0
2022-01-21 15:02:53.505469,0.0,0.0,0.0
2022-01-21 15:02:54.004166,0.0,0.0,0.0
2022-01-21 15:02:54.509263,0.0,0.0,0.0
2022-01-21 15:02:55.009413,0.0,0.0,0.0
2022-01-21 15:02:55.506089,0.0,0.0,0.0
2022-01-21 15:02:56.004153,0.0,0.0,0.0
2022-01-21 15:02:56.510240,0.0,0.0,0.0
2022-01-21 15:02:57.007802,0.0,0.0,0.0
2022-01-21 15:02:57.502636,0.0,0.0,0.0
2022-01-21 15:02:58.010858,0.0,0.0,0.0
2022-01-21 15:02:58.503631,0.0,0.0,0.0
2022-01-21 15:02:59.002678,0.0,0.0,0.0
2022-01-21 15:02:59.508551,0.0,0.0,0.0
2022-01-21 15:03:00.006846,0.0,0.0,0.0
2022-01-21 15:03:00.511182,0.0,0.0,0.0
2022-01-21 15:03:01.010808,0.0,0.0,0.0
2022-01-21 15:03:01.506736,0.0,0.0,0.0
2022-01-21 15:03:02.004023,0.0,0.0,0.0
2022-01-21 15:03:02.510972,0.0,0.0,0.0
2022-01-21 15:03:03.007575,0.0,0.0,0.0
2022-01-21 15:03:03.504328,0.0,0.0,0.0
2022-01-21 15:03:04.002550,0.0,0.0,0.0
2022-01-21 15:03:04.507794,0.0,0.0,0.0
2022-01-21 15:03:05.006841,0.0,0.0,0.0
2022-01-21 15:03:05.501661,0.0,0.0,0.0
2022-01-21 15:03:06.010331,0.0,0.0,0.0
2022-01-21 15:03:06.505332,0.0,0.0,0.0
2022-01-21 15:03:07.003522,0.0,0.0,0.0
2022-01-21 15:03:07.509086,0.0,0.0,0.0
2022-01-21 15:03:08.007414,0.0,0.0,0.0
2022-01-21 15:03:08.505409,0.0,0.0,0.0
2022-01-21 15:03:09.004654,0.0,0.0,0.0
2022-01-21 15:03:09.509043,0.0,0.0,0.0
2022-01-21 15:03:10.009378,0.0,0.0,0.0
2022-01-21 15:03:10.505103,0.0,0.0,0.0
2022-01-21 15:03:11.010671,0.0,0.0,0.0
2022-01-21 15:03:11.506319,0.0,0.0,0.0
2022-01-21 15:03:12.004862,0.0,0.0,0.0
2022-01-21 15:03:12.510331,0.0,0.0,0.0
2022-01-21 15:03:13.008702,0.0,0.0,0.0
2022-01-21 15:03:13.502600,0.0,0.0,0.0
2022-01-21 15:03:14.010662,0.0,0.0,0.0
2022-01-21 15:03:14.504865,0.0,0.0,0.0
2022-01-21 15:03:15.003771,0.0,0.0,0.0
2022-01-21 15:03:15.510343,0.0,0.0,0.0
2022-01-21 15:03:16.009378,0.0,0.0,0.0
2022-01-21 15:03:16.504828,0.0,0.0,0.0
2022-01-21 15:03:17.004260,0.0,0.0,0.0
2022-01-21 15:03:17.502341,0.0,0.0,0.0
2022-01-21 15:03:18.001098,0.0,0.0,0.0
2022-01-21 15:03:18.506732,0.0,0.0,0.0
2022-01-21 15:03:19.004285,0.0,0.0,0.0
2022-01-21 15:03:19.509137,0.0,0.0,0.0
2022-01-21 15:03:20.006986,0.0,0.0,0.0
2022-01-21 15:03:20.501516,0.0,0.0,0.0
2022-01-21 15:03:21.010123,0.0,0.0,0.0
2022-01-21 15:03:21.505495,0.0,0.0,0.0
2022-01-21 15:03:22.004469,0.0,0.0,0.0
2022-01-21 15:03:22.510484,0.0,0.0,0.0
2022-01-21 15:03:23.008160,0.0,0.0,0.0
2022-01-21 15:03:23.503329,0.0,0.0,0.0
2022-01-21 15:03:24.005378,0.0,0.0,0.0
2022-01-21 15:03:24.503393,0.0,0.0,0.0
2022-01-21 15:03:25.002386,0.0,0.0,0.0
2022-01-21 15:03:25.508496,0.0,0.0,0.0
2022-01-21 15:03:26.005483,0.0,0.0,0.0
2022-01-21 15:03:26.501119,0.0,0.0,0.0
2022-01-21 15:03:27.010714,0.0,0.0,0.0
2022-01-21 15:03:27.505036,0.0,0.0,0.0
2022-01-21 15:03:28.006680,0.0,0.0,0.0
2022-01-21 15:03:28.502465,0.0,0.0,0.0
2022-01-21 15:03:29.010927,0.0,0.0,0.0
2022-01-21 15:03:29.506530,0.0,0.0,0.0
2022-01-21 15:03:30.004995,0.0,0.0,0.0
2022-01-21 15:03:30.510738,0.0,0.0,0.0
2022-01-21 15:03:31.010027,0.0,0.0,0.0
2022-01-21 15:03:31.506602,0.0,0.0,0.0
2022-01-21 15:03:32.004472,0.0,0.0,0.0
2022-01-21 15:03:32.510807,0.0,0.0,0.0
2022-01-21 15:03:33.001043,0.0,0.0,0.0
2022-01-21 15:03:33.509447,0.0,0.0,0.0
2022-01-21 15:03:34.001024,0.0,0.0,0.0
2022-01-21 15:03:34.508171,0.0,0.0,0.0
2022-01-21 15:03:35.006522,0.0,0.0,0.0
2022-01-21 15:03:35.503178,0.0,0.0,0.0
2022-01-21 15:03:36.001806,0.0,0.0,0.0
2022-01-21 15:03:36.506895,0.0,0.0,0.0
2022-01-21 15:03:37.006027,0.0,0.0,0.0
2022-01-21 15:03:37.505074,0.0,0.0,0.0
2022-01-21 15:03:38.003599,0.0,0.0,0.0
2022-01-21 15:03:38.510339,0.0,0.0,0.0
2022-01-21 15:03:39.007921,0.0,0.0,0.0
2022-01-21 15:03:39.504696,0.0,0.0,0.0
2022-01-21 15:03:40.003723,0.0,0.0,0.0
2022-01-21 15:03:40.501067,0.0,0.0,0.0
2022-01-21 15:03:41.010037,0.0,0.0,0.0
2022-01-21 15:03:41.506872,0.0,0.0,0.0
2022-01-21 15:03:42.006716,0.0,0.0,0.0
2022-01-21 15:03:42.501882,0.0,0.0,0.0
2022-01-21 15:03:43.001171,0.0,0.0,0.0
2022-01-21 15:03:43.502034,0.0,0.0,0.0
2022-01-21 15:03:44.505781,0.0,0.0,0.0
2022-01-21 15:03:45.004411,0.0,0.0,0.0
2022-01-21 15:03:45.506817,0.0,0.0,0.0
2022-01-21 15:03:46.009649,0.0,0.0,0.0
2022-01-21 15:03:46.508063,0.0,0.0,0.0
2022-01-21 15:03:47.006739,0.0,0.0,0.0
2022-01-21 15:03:47.502046,0.0,0.0,0.0
2022-01-21 15:03:48.002329,0.0,0.0,0.0
2022-01-21 15:03:48.507089,0.0,0.0,0.0
2022-01-21 15:03:49.006085,0.0,0.0,0.0
2022-01-21 15:03:49.502548,0.0,0.0,0.0
2022-01-21 15:03:50.001944,0.0,0.0,0.0
2022-01-21 15:03:50.506942,0.0,0.0,0.0
2022-01-21 15:03:51.006631,0.0,0.0,0.0
2022-01-21 15:03:51.504633,0.0,0.0,0.0
2022-01-21 15:03:52.002919,0.0,0.0,0.0
2022-01-21 15:03:52.507088,0.0,0.0,0.0
2022-01-21 15:03:53.006128,0.0,0.0,0.0
2022-01-21 15:03:53.502065,0.0,0.0,0.0
2022-01-21 15:03:54.010025,0.0,0.0,0.0
2022-01-21 15:03:54.505535,0.0,0.0,0.0
2022-01-21 15:03:55.002460,0.0,0.0,0.0
2022-01-21 15:03:55.509029,0.0,0.0,0.0
2022-01-21 15:03:56.008601,0.0,0.0,0.0
2022-01-21 15:03:56.502727,0.0,0.0,0.0
2022-01-21 15:03:57.010618,0.0,0.0,0.0
2022-01-21 15:03:57.505869,0.0,0.0,0.0
2022-01-21 15:03:58.001888,0.0,0.0,0.0
2022-01-21 15:03:58.507617,0.0,0.0,0.0
2022-01-21 15:03:59.007908,0.0,0.0,0.0
2022-01-21 15:03:59.504796,0.0,0.0,0.0
2022-01-21 15:04:00.003221,0.0,0.0,0.0
2022-01-21 15:04:00.502352,0.0,0.0,0.0
2022-01-21 15:04:01.010041,0.0,0.0,0.0
2022-01-21 15:04:01.505441,0.0,0.0,0.0
2022-01-21 15:04:02.003680,0.0,0.0,0.0
2022-01-21 15:04:02.509235,0.0,0.0,0.0
2022-01-21 15:04:03.006729,0.0,0.0,0.0
2022-01-21 15:04:03.507395,0.0,0.0,0.0
2022-01-21 15:04:04.006346,0.0,0.0,0.0
2022-01-21 15:04:04.502793,0.0,0.0,0.0
2022-01-21 15:04:05.011112,0.0,0.0,0.0
2022-01-21 15:04:05.507023,0.0,0.0,0.0
2022-01-21 15:04:06.004858,0.0,0.0,0.0
2022-01-21 15:04:06.502985,0.0,0.0,0.0
2022-01-21 15:04:07.002372,0.0,0.0,0.0
2022-01-21 15:04:07.507402,0.0,0.0,0.0
2022-01-21 15:04:08.006976,0.0,0.0,0.0
2022-01-21 15:04:08.501446,0.0,0.0,0.0
2022-01-21 15:04:09.010792,0.0,0.0,0.0
2022-01-21 15:04:09.506761,0.0,0.0,0.0
2022-01-21 15:04:10.003964,0.0,0.0,0.0
2022-01-21 15:04:10.509229,0.0,0.0,0.0
2022-01-21 15:04:11.007677,0.0,0.0,0.0
2022-01-21 15:04:11.504441,0.0,0.0,0.0
2022-01-21 15:04:12.002402,0.0,0.0,0.0
2022-01-21 15:04:12.506698,0.0,0.0,0.0
2022-01-21 15:04:13.004873,0.0,0.0,0.0
2022-01-21 15:04:13.501312,0.0,0.0,0.0
2022-01-21 15:04:14.009915,0.0,0.0,0.0
2022-01-21 15:04:14.503455,0.0,0.0,0.0
2022-01-21 15:04:15.004026,0.0,0.0,0.0
2022-01-21 15:04:15.509395,0.0,0.0,0.0
2022-01-21 15:04:16.006742,0.0,0.0,0.0
2022-01-21 15:04:16.502524,0.0,0.0,0.0
2022-01-21 15:04:17.010585,0.0,0.0,0.0
2022-01-21 15:04:17.506089,0.0,0.0,0.0
2022-01-21 15:04:18.008302,0.0,0.0,0.0
2022-01-21 15:04:18.503251,0.0,0.0,0.0
2022-01-21 15:04:19.010749,0.0,0.0,0.0
2022-01-21 15:04:19.505882,0.0,0.0,0.0
2022-01-21 15:04:20.002195,0.0,0.0,0.0
2022-01-21 15:04:20.507999,0.0,0.0,0.0
2022-01-21 15:04:21.005903,0.0,0.0,0.0
2022-01-21 15:04:21.502216,0.0,0.0,0.0
2022-01-21 15:04:22.009040,0.0,0.0,0.0
2022-01-21 15:04:22.507041,0.0,0.0,0.0
2022-01-21 15:04:23.006704,0.0,0.0,0.0
2022-01-21 15:04:23.511113,0.0,0.0,0.0
2022-01-21 15:04:24.009023,0.0,0.0,0.0
2022-01-21 15:04:24.503224,0.0,0.0,0.0
2022-01-21 15:04:25.001281,0.0,0.0,0.0
2022-01-21 15:04:25.507603,0.0,0.0,0.0
2022-01-21 15:04:26.007058,0.0,0.0,0.0
2022-01-21 15:04:26.502332,0.0,0.0,0.0
2022-01-21 15:04:27.505524,0.0,0.0,0.0
2022-01-21 15:04:28.003866,0.0,0.0,0.0
2022-01-21 15:04:28.509620,0.0,0.0,0.0
2022-01-21 15:04:29.006114,0.0,0.0,0.0
2022-01-21 15:04:29.510807,0.0,0.0,0.0
2022-01-21 15:04:30.008568,0.0,0.0,0.0
2022-01-21 15:04:30.503423,0.0,0.0,0.0
2022-01-21 15:04:31.010965,0.0,0.0,0.0
2022-01-21 15:04:31.507404,0.0,0.0,0.0
2022-01-21 15:04:32.007200,0.0,0.0,0.0
2022-01-21 15:04:32.502317,0.0,0.0,0.0
2022-01-21 15:04:33.009825,0.0,0.0,0.0
2022-01-21 15:04:33.505837,0.0,0.0,0.0
2022-01-21 15:04:34.004140,0.0,0.0,0.0
2022-01-21 15:04:34.510783,0.0,0.0,0.0
2022-01-21 15:04:35.007627,0.0,0.0,0.0
2022-01-21 15:04:35.503434,0.0,0.0,0.0
2022-01-21 15:04:36.001957,0.0,0.0,0.0
2022-01-21 15:04:36.502353,0.0,0.0,0.0
2022-01-21 15:04:37.010303,0.0,0.0,0.0
2022-01-21 15:04:37.505368,0.0,0.0,0.0
2022-01-21 15:04:38.002764,0.0,0.0,0.0
2022-01-21 15:04:38.509143,0.0,0.0,0.0
2022-01-21 15:04:39.008489,0.0,0.0,0.0
2022-01-21 15:04:39.502795,0.0,0.0,0.0
2022-01-21 15:04:40.001243,0.0,0.0,0.0
2022-01-21 15:04:40.506517,0.0,0.0,0.0
2022-01-21 15:04:41.005677,0.0,0.0,0.0
2022-01-21 15:04:41.503255,0.0,0.0,0.0
2022-01-21 15:04:42.001161,0.0,0.0,0.0
2022-01-21 15:04:42.506106,0.0,0.0,0.0
2022-01-21 15:04:43.004468,0.0,0.0,0.0
2022-01-21 15:04:43.509919,0.0,0.0,0.0
2022-01-21 15:04:44.007586,0.0,0.0,0.0
2022-01-21 15:04:44.504295,0.0,0.0,0.0
2022-01-21 15:04:45.002251,0.0,0.0,0.0
2022-01-21 15:04:45.504737,0.0,0.0,0.0
2022-01-21 15:04:46.002029,0.0,0.0,0.0
2022-01-21 15:04:46.507320,0.0,0.0,0.0
2022-01-21 15:04:47.006340,0.0,0.0,0.0
2022-01-21 15:04:47.501633,0.0,0.0,0.0
2022-01-21 15:04:48.009945,0.0,0.0,0.0
2022-01-21 15:04:48.505137,0.0,0.0,0.0
2022-01-21 15:04:49.002563,0.0,0.0,0.0
2022-01-21 15:04:49.508719,0.0,0.0,0.0
2022-01-21 15:04:50.008314,0.0,0.0,0.0
2022-01-21 15:04:50.503822,0.0,0.0,0.0
2022-01-21 15:04:51.002327,0.0,0.0,0.0
2022-01-21 15:04:51.506525,0.0,0.0,0.0
2022-01-21 15:04:52.005003,0.0,0.0,0.0
2022-01-21 15:04:52.505561,0.0,0.0,0.0
2022-01-21 15:04:53.004062,0.0,0.0,0.0
2022-01-21 15:04:53.510521,0.0,0.0,0.0
2022-01-21 15:04:54.010299,0.0,0.0,0.0
2022-01-21 15:04:54.505785,0.0,0.0,0.0
2022-01-21 15:04:55.004887,0.0,0.0,0.0
2022-01-21 15:04:55.510339,0.0,0.0,0.0
2022-01-21 15:04:56.007377,0.0,0.0,0.0
2022-01-21 15:04:56.502435,0.0,0.0,0.0
2022-01-21 15:04:57.010960,0.0,0.0,0.0
2022-01-21 15:04:57.506618,0.0,0.0,0.0
2022-01-21 15:04:58.006634,0.0,0.0,0.0
2022-01-21 15:04:58.501338,0.0,0.0,0.0
2022-01-21 15:04:59.010405,0.0,0.0,0.0
2022-01-21 15:04:59.505852,0.0,0.0,0.0
2022-01-21 15:05:00.003346,0.0,0.0,0.0
2022-01-21 15:05:00.509024,0.0,0.0,0.0
2022-01-21 15:05:01.006998,0.0,0.0,0.0
2022-01-21 15:05:01.501621,0.0,0.0,0.0
2022-01-21 15:05:02.010102,0.0,0.0,0.0
2022-01-21 15:05:02.507451,0.0,0.0,0.0
2022-01-21 15:05:03.006103,0.0,0.0,0.0
2022-01-21 15:05:03.510766,0.0,0.0,0.0
2022-01-21 15:05:04.009654,0.0,0.0,0.0
2022-01-21 15:05:04.505091,0.0,0.0,0.0
2022-01-21 15:05:05.002687,0.0,0.0,0.0
2022-01-21 15:05:05.509358,0.0,0.0,0.0
2022-01-21 15:05:06.008039,0.0,0.0,0.0
2022-01-21 15:05:06.504381,0.0,0.0,0.0
2022-01-21 15:05:07.002524,0.0,0.0,0.0
2022-01-21 15:05:07.506780,0.0,0.0,0.0
2022-01-21 15:05:08.005843,0.0,0.0,0.0
2022-01-21 15:05:08.501254,0.0,0.0,0.0
2022-01-21 15:05:09.009788,0.0,0.0,0.0
2022-01-21 15:05:09.504727,0.0,0.0,0.0
2022-01-21 15:05:10.001388,0.0,0.0,0.0
2022-01-21 15:05:10.506463,0.0,0.0,0.0
2022-01-21 15:05:11.010740,0.0,0.0,0.0
2022-01-21 15:05:11.508591,0.0,0.0,0.0
2022-01-21 15:05:12.006797,0.0,0.0,0.0
2022-01-21 15:05:12.504254,0.0,0.0,0.0
2022-01-21 15:05:13.004149,0.0,0.0,0.0
2022-01-21 15:05:13.501278,0.0,0.0,0.0
2022-01-21 15:05:14.010295,0.0,0.0,0.0
2022-01-21 15:05:14.507007,0.0,0.0,0.0
2022-01-21 15:05:15.005519,0.0,0.0,0.0
2022-01-21 15:05:15.510668,0.0,0.0,0.0
2022-01-21 15:05:16.010778,0.0,0.0,0.0
2022-01-21 15:05:16.505767,0.0,0.0,0.0
2022-01-21 15:05:17.003239,0.0,0.0,0.0
2022-01-21 15:05:17.503692,0.0,0.0,0.0
2022-01-21 15:05:18.002555,0.0,0.0,0.0
2022-01-21 15:05:18.509527,0.0,0.0,0.0
2022-01-21 15:05:19.007355,0.0,0.0,0.0
2022-01-21 15:05:19.502410,0.0,0.0,0.0
2022-01-21 15:05:20.001474,0.0,0.0,0.0
2022-01-21 15:05:20.508066,0.0,0.0,0.0
2022-01-21 15:05:21.006274,0.0,0.0,0.0
2022-01-21 15:05:21.501461,0.0,0.0,0.0
2022-01-21 15:05:22.009722,0.0,0.0,0.0
2022-01-21 15:05:22.504432,0.0,0.0,0.0
2022-01-21 15:05:23.001646,0.0,0.0,0.0
2022-01-21 15:05:23.505478,0.0,0.0,0.0
2022-01-21 15:05:24.002197,0.0,0.0,0.0
2022-01-21 15:05:24.510511,0.0,0.0,0.0
2022-01-21 15:05:25.008808,0.0,0.0,0.0
2022-01-21 15:05:25.503711,0.0,0.0,0.0
2022-01-21 15:05:26.004070,0.0,0.0,0.0
2022-01-21 15:05:26.509981,0.0,0.0,0.0
2022-01-21 15:05:27.007284,0.0,0.0,0.0
2022-01-21 15:05:27.503714,0.0,0.0,0.0
2022-01-21 15:05:28.002641,0.0,0.0,0.0
2022-01-21 15:05:28.508020,0.0,0.0,0.0
2022-01-21 15:05:29.007529,0.0,0.0,0.0
2022-01-21 15:05:29.502810,0.0,0.0,0.0
2022-01-21 15:05:30.010949,0.0,0.0,0.0
2022-01-21 15:05:30.506922,0.0,0.0,0.0
2022-01-21 15:05:31.005141,0.0,0.0,0.0
2022-01-21 15:05:31.501235,0.0,0.0,0.0
2022-01-21 15:05:32.011168,0.0,0.0,0.0
2022-01-21 15:05:32.506055,0.0,0.0,0.0
2022-01-21 15:05:33.005270,0.0,0.0,0.0
2022-01-21 15:05:33.502344,0.0,0.0,0.0
2022-01-21 15:05:34.009070,0.0,0.0,0.0
2022-01-21 15:05:34.505118,0.0,0.0,0.0
2022-01-21 15:05:35.004435,0.0,0.0,0.0
2022-01-21 15:05:35.502123,0.0,0.0,0.0
2022-01-21 15:05:36.009733,0.0,0.0,0.0
2022-01-21 15:05:36.503979,0.0,0.0,0.0
2022-01-21 15:05:37.001384,0.0,0.0,0.0
2022-01-21 15:05:37.505774,0.0,0.0,0.0
2022-01-21 15:05:38.005471,0.0,0.0,0.0
2022-01-21 15:05:38.510424,0.0,0.0,0.0
2022-01-21 15:05:39.008636,0.0,0.0,0.0
2022-01-21 15:05:39.504223,0.0,0.0,0.0
2022-01-21 15:05:40.002846,0.0,0.0,0.0
2022-01-21 15:05:40.508300,0.0,0.0,0.0
2022-01-21 15:05:41.006009,0.0,0.0,0.0
2022-01-21 15:05:41.501333,0.0,0.0,0.0
2022-01-21 15:05:42.009823,0.0,0.0,0.0
2022-01-21 15:05:42.506721,0.0,0.0,0.0
2022-01-21 15:05:43.006279,0.0,0.0,0.0
2022-01-21 15:05:43.501437,0.0,0.0,0.0
2022-01-21 15:05:44.010262,0.0,0.0,0.0
2022-01-21 15:05:44.505354,0.0,0.0,0.0
2022-01-21 15:05:45.002784,0.0,0.0,0.0
2022-01-21 15:05:45.508568,0.0,0.0,0.0
2022-01-21 15:05:46.008513,0.0,0.0,0.0
2022-01-21 15:05:46.503791,0.0,0.0,0.0
2022-01-21 15:05:47.002604,0.0,0.0,0.0
2022-01-21 15:05:47.507881,0.0,0.0,0.0
2022-01-21 15:05:48.005689,0.0,0.0,0.0
2022-01-21 15:05:48.501571,0.0,0.0,0.0
2022-01-21 15:05:49.010756,0.0,0.0,0.0
2022-01-21 15:05:49.505954,0.0,0.0,0.0
2022-01-21 15:05:50.006464,0.0,0.0,0.0
2022-01-21 15:05:50.501155,0.0,0.0,0.0
2022-01-21 15:05:51.010370,0.0,0.0,0.0
2022-01-21 15:05:51.506550,0.0,0.0,0.0
2022-01-21 15:05:52.004536,0.0,0.0,0.0
2022-01-21 15:05:52.509127,0.0,0.0,0.0
2022-01-21 15:05:53.006789,0.0,0.0,0.0
2022-01-21 15:05:53.501724,0.0,0.0,0.0
2022-01-21 15:05:54.010162,0.0,0.0,0.0
2022-01-21 15:05:54.505224,0.0,0.0,0.0
2022-01-21 15:05:55.003389,0.0,0.0,0.0
2022-01-21 15:05:55.508542,0.0,0.0,0.0
2022-01-21 15:05:56.008410,0.0,0.0,0.0
2022-01-21 15:05:56.503055,0.0,0.0,0.0
2022-01-21 15:05:57.001840,0.0,0.0,0.0
2022-01-21 15:05:57.507089,0.0,0.0,0.0
2022-01-21 15:05:58.004472,0.0,0.0,0.0
2022-01-21 15:05:58.508785,0.0,0.0,0.0
2022-01-21 15:05:59.006058,0.0,0.0,0.0
2022-01-21 15:05:59.501343,0.0,0.0,0.0
2022-01-21 15:06:00.001525,0.0,0.0,0.0
2022-01-21 15:06:00.502833,0.0,0.0,0.0
2022-01-21 15:06:01.505454,0.0,0.0,0.0
2022-01-21 15:06:02.004103,0.0,0.0,0.0
2022-01-21 15:06:02.503377,0.0,0.0,0.0
2022-01-21 15:06:03.002846,0.0,0.0,0.0
2022-01-21 15:06:03.502772,0.0,0.0,0.0
2022-01-21 15:06:04.006347,0.0,0.0,0.0
2022-01-21 15:06:04.501729,0.0,0.0,0.0
2022-01-21 15:06:05.010568,0.0,0.0,0.0
2022-01-21 15:06:05.508100,0.0,0.0,0.0
2022-01-21 15:06:06.007522,0.0,0.0,0.0
2022-01-21 15:06:06.502804,0.0,0.0,0.0
2022-01-21 15:06:07.009942,0.0,0.0,0.0
2022-01-21 15:06:07.504433,0.0,0.0,0.0
2022-01-21 15:06:08.002438,0.0,0.0,0.0
2022-01-21 15:06:08.507772,0.0,0.0,0.0
2022-01-21 15:06:09.007661,0.0,0.0,0.0
2022-01-21 15:06:09.503326,0.0,0.0,0.0
2022-01-21 15:06:10.003965,0.0,0.0,0.0
2022-01-21 15:06:10.509171,0.0,0.0,0.0
2022-01-21 15:06:11.004603,0.0,0.0,0.0
2022-01-21 15:06:11.508989,0.0,0.0,0.0
2022-01-21 15:06:12.007684,0.0,0.0,0.0
2022-01-21 15:06:12.503917,0.0,0.0,0.0
2022-01-21 15:06:13.003080,0.0,0.0,0.0
2022-01-21 15:06:13.508378,0.0,0.0,0.0
2022-01-21 15:06:14.008584,0.0,0.0,0.0
2022-01-21 15:06:14.504148,0.0,0.0,0.0
2022-01-21 15:06:15.004653,0.0,0.0,0.0
2022-01-21 15:06:15.509933,0.0,0.0,0.0
2022-01-21 15:06:16.008668,0.0,0.0,0.0
2022-01-21 15:06:16.504217,0.0,0.0,0.0
2022-01-21 15:06:17.002205,0.0,0.0,0.0
2022-01-21 15:06:17.508119,0.0,0.0,0.0
2022-01-21 15:06:18.006606,0.0,0.0,0.0
2022-01-21 15:06:18.501358,0.0,0.0,0.0
2022-01-21 15:06:19.001198,0.0,0.0,0.0
2022-01-21 15:06:19.506790,0.0,0.0,0.0
2022-01-21 15:06:20.004490,0.0,0.0,0.0
2022-01-21 15:06:20.509732,0.0,0.0,0.0
2022-01-21 15:06:21.007844,0.0,0.0,0.0
2022-01-21 15:06:21.503645,0.0,0.0,0.0
2022-01-21 15:06:22.002125,0.0,0.0,0.0
2022-01-21 15:06:22.508285,0.0,0.0,0.0
2022-01-21 15:06:23.006814,0.0,0.0,0.0
2022-01-21 15:06:23.504680,0.0,0.0,0.0
2022-01-21 15:06:24.002261,0.0,0.0,0.0
2022-01-21 15:06:24.509171,0.0,0.0,0.0
2022-01-21 15:06:25.006736,0.0,0.0,0.0
2022-01-21 15:06:25.506678,0.0,0.0,0.0
2022-01-21 15:06:26.004430,0.0,0.0,0.0
2022-01-21 15:06:26.510773,0.0,0.0,0.0
2022-01-21 15:06:27.004728,0.0,0.0,0.0
2022-01-21 15:06:27.504085,0.0,0.0,0.0
2022-01-21 15:06:28.002492,0.0,0.0,0.0
2022-01-21 15:06:28.508086,0.0,0.0,0.0
2022-01-21 15:06:29.007282,0.0,0.0,0.0
2022-01-21 15:06:29.502401,0.0,0.0,0.0
2022-01-21 15:06:30.011168,0.0,0.0,0.0
2022-01-21 15:06:30.505512,0.0,0.0,0.0
2022-01-21 15:06:31.004002,0.0,0.0,0.0
2022-01-21 15:06:31.510686,0.0,0.0,0.0
2022-01-21 15:06:32.009425,0.0,0.0,0.0
2022-01-21 15:06:32.504068,0.0,0.0,0.0
2022-01-21 15:06:33.002310,0.0,0.0,0.0
2022-01-21 15:06:33.506778,0.0,0.0,0.0
2022-01-21 15:06:34.005906,0.0,0.0,0.0
2022-01-21 15:06:34.501139,0.0,0.0,0.0
2022-01-21 15:06:35.009932,0.0,0.0,0.0
2022-01-21 15:06:35.505158,0.0,0.0,0.0
2022-01-21 15:06:36.002393,0.0,0.0,0.0
2022-01-21 15:06:36.510539,0.0,0.0,0.0
2022-01-21 15:06:37.007139,0.0,0.0,0.0
2022-01-21 15:06:37.503271,0.0,0.0,0.0
2022-01-21 15:06:38.001267,0.0,0.0,0.0
2022-01-21 15:06:38.507171,0.0,0.0,0.0
2022-01-21 15:06:39.005304,0.0,0.0,0.0
2022-01-21 15:06:39.509856,0.0,0.0,0.0
2022-01-21 15:06:40.009288,0.0,0.0,0.0
2022-01-21 15:06:40.506308,0.0,0.0,0.0
2022-01-21 15:06:41.003983,0.0,0.0,0.0
2022-01-21 15:06:41.510082,0.0,0.0,0.0
2022-01-21 15:06:42.008887,0.0,0.0,0.0
2022-01-21 15:06:42.507401,0.0,0.0,0.0
2022-01-21 15:06:43.006675,0.0,0.0,0.0
2022-01-21 15:06:43.502384,0.0,0.0,0.0
2022-01-21 15:06:44.010484,0.0,0.0,0.0
2022-01-21 15:06:44.506457,0.0,0.0,0.0
2022-01-21 15:06:45.004026,0.0,0.0,0.0
2022-01-21 15:06:45.507148,0.0,0.0,0.0
2022-01-21 15:06:46.006560,0.0,0.0,0.0
2022-01-21 15:06:46.502457,0.0,0.0,0.0
2022-01-21 15:06:47.001414,0.0,0.0,0.0
2022-01-21 15:06:47.504375,0.0,0.0,0.0
2022-01-21 15:06:48.003776,0.0,0.0,0.0
2022-01-21 15:06:48.509558,0.0,0.0,0.0
2022-01-21 15:06:49.008519,0.0,0.0,0.0
2022-01-21 15:06:49.503777,0.0,0.0,0.0
2022-01-21 15:06:50.001755,0.0,0.0,0.0
2022-01-21 15:06:50.506791,0.0,0.0,0.0
2022-01-21 15:06:51.006086,0.0,0.0,0.0
2022-01-21 15:06:51.503381,0.0,0.0,0.0
2022-01-21 15:06:52.011193,0.0,0.0,0.0
2022-01-21 15:06:52.506217,0.0,0.0,0.0
2022-01-21 15:06:53.004345,0.0,0.0,0.0
2022-01-21 15:06:53.510098,0.0,0.0,0.0
2022-01-21 15:06:54.007040,0.0,0.0,0.0
2022-01-21 15:06:54.503040,0.0,0.0,0.0
2022-01-21 15:06:55.010802,0.0,0.0,0.0
2022-01-21 15:06:55.506974,0.0,0.0,0.0
2022-01-21 15:06:56.008206,0.0,0.0,0.0
2022-01-21 15:06:56.502654,0.0,0.0,0.0
2022-01-21 15:06:57.010710,0.0,0.0,0.0
2022-01-21 15:06:57.506760,0.0,0.0,0.0
2022-01-21 15:06:58.004253,0.0,0.0,0.0
2022-01-21 15:06:58.510660,0.0,0.0,0.0
2022-01-21 15:06:59.010391,0.0,0.0,0.0
2022-01-21 15:06:59.506443,0.0,0.0,0.0
2022-01-21 15:07:00.004048,0.0,0.0,0.0
2022-01-21 15:07:00.510029,0.0,0.0,0.0
2022-01-21 15:07:01.008176,0.0,0.0,0.0
2022-01-21 15:07:01.502745,0.0,0.0,0.0
2022-01-21 15:07:02.002156,0.0,0.0,0.0
2022-01-21 15:07:02.507219,0.0,0.0,0.0
2022-01-21 15:07:03.004592,0.0,0.0,0.0
2022-01-21 15:07:03.510261,0.0,0.0,0.0
2022-01-21 15:07:04.009150,0.0,0.0,0.0
2022-01-21 15:07:04.506626,0.0,0.0,0.0
2022-01-21 15:07:05.003484,0.0,0.0,0.0
2022-01-21 15:07:05.509845,0.0,0.0,0.0
2022-01-21 15:07:06.007965,0.0,0.0,0.0
2022-01-21 15:07:06.502493,0.0,0.0,0.0
2022-01-21 15:07:07.010050,0.0,0.0,0.0
2022-01-21 15:07:07.504134,0.0,0.0,0.0
2022-01-21 15:07:08.003141,0.0,0.0,0.0
2022-01-21 15:07:08.508692,0.0,0.0,0.0
2022-01-21 15:07:09.007495,0.0,0.0,0.0
2022-01-21 15:07:09.502952,0.0,0.0,0.0
2022-01-21 15:07:10.011144,0.0,0.0,0.0
2022-01-21 15:07:10.506028,0.0,0.0,0.0
2022-01-21 15:07:11.010361,0.0,0.0,0.0
2022-01-21 15:07:11.506474,0.0,0.0,0.0
2022-01-21 15:07:12.004109,0.0,0.0,0.0
2022-01-21 15:07:12.509667,0.0,0.0,0.0
2022-01-21 15:07:13.007586,0.0,0.0,0.0
2022-01-21 15:07:13.504874,0.0,0.0,0.0
2022-01-21 15:07:14.002828,0.0,0.0,0.0
2022-01-21 15:07:14.508439,0.0,0.0,0.0
2022-01-21 15:07:15.006604,0.0,0.0,0.0
2022-01-21 15:07:15.501776,0.0,0.0,0.0
2022-01-21 15:07:16.010063,0.0,0.0,0.0
2022-01-21 15:07:16.505674,0.0,0.0,0.0
2022-01-21 15:07:17.003439,0.0,0.0,0.0
2022-01-21 15:07:17.511154,0.0,0.0,0.0
2022-01-21 15:07:18.008683,0.0,0.0,0.0
2022-01-21 15:07:18.503440,0.0,0.0,0.0
2022-01-21 15:07:19.002864,0.0,0.0,0.0
2022-01-21 15:07:19.508525,0.0,0.0,0.0
2022-01-21 15:07:20.006335,0.0,0.0,0.0
2022-01-21 15:07:20.502366,0.0,0.0,0.0
2022-01-21 15:07:21.010667,0.0,0.0,0.0
2022-01-21 15:07:21.505914,0.0,0.0,0.0
2022-01-21 15:07:22.004318,0.0,0.0,0.0
2022-01-21 15:07:23.005571,0.0,0.0,0.0
2022-01-21 15:07:23.502264,0.0,0.0,0.0
2022-01-21 15:07:24.001377,0.0,0.0,0.0
2022-01-21 15:07:24.507927,0.0,0.0,0.0
2022-01-21 15:07:25.006100,0.0,0.0,0.0
2022-01-21 15:07:25.501332,0.0,0.0,0.0
2022-01-21 15:07:26.010087,0.0,0.0,0.0
2022-01-21 15:07:26.505976,0.0,0.0,0.0
2022-01-21 15:07:27.003154,0.0,0.0,0.0
2022-01-21 15:07:27.510828,0.0,0.0,0.0
2022-01-21 15:07:28.010005,0.0,0.0,0.0
2022-01-21 15:07:28.504332,0.0,0.0,0.0
2022-01-21 15:07:29.002656,0.0,0.0,0.0
2022-01-21 15:07:29.507415,0.0,0.0,0.0
2022-01-21 15:07:30.005648,0.0,0.0,0.0
2022-01-21 15:07:30.510492,0.0,0.0,0.0
2022-01-21 15:07:31.008096,0.0,0.0,0.0
2022-01-21 15:07:31.503304,0.0,0.0,0.0
2022-01-21 15:07:32.003419,0.0,0.0,0.0
2022-01-21 15:07:32.508595,0.0,0.0,0.0
2022-01-21 15:07:33.006949,0.0,0.0,0.0
2022-01-21 15:07:33.503194,0.0,0.0,0.0
2022-01-21 15:07:34.001297,0.0,0.0,0.0
2022-01-21 15:07:34.505395,0.0,0.0,0.0
2022-01-21 15:07:35.005326,0.0,0.0,0.0
2022-01-21 15:07:35.501129,0.0,0.0,0.0
2022-01-21 15:07:36.009943,0.0,0.0,0.0
2022-01-21 15:07:36.506846,0.0,0.0,0.0
2022-01-21 15:07:37.004262,0.0,0.0,0.0
2022-01-21 15:07:37.510574,0.0,0.0,0.0
2022-01-21 15:07:38.008491,0.0,0.0,0.0
2022-01-21 15:07:38.505154,0.0,0.0,0.0
2022-01-21 15:07:39.003076,0.0,0.0,0.0
2022-01-21 15:07:39.508317,0.0,0.0,0.0
2022-01-21 15:07:40.007199,0.0,0.0,0.0
2022-01-21 15:07:40.506057,0.0,0.0,0.0
2022-01-21 15:07:41.006143,0.0,0.0,0.0
2022-01-21 15:07:41.502646,0.0,0.0,0.0
2022-01-21 15:07:42.010828,0.0,0.0,0.0
2022-01-21 15:07:42.506314,0.0,0.0,0.0
2022-01-21 15:07:43.004684,0.0,0.0,0.0
2022-01-21 15:07:43.510527,0.0,0.0,0.0
2022-01-21 15:07:44.009265,0.0,0.0,0.0
2022-01-21 15:07:44.504040,0.0,0.0,0.0
2022-01-21 15:07:45.001769,0.0,0.0,0.0
2022-01-21 15:07:45.509146,0.0,0.0,0.0
2022-01-21 15:07:46.006382,0.0,0.0,0.0
2022-01-21 15:07:46.502176,0.0,0.0,0.0
2022-01-21 15:07:47.009683,0.0,0.0,0.0
2022-01-21 15:07:47.505401,0.0,0.0,0.0
2022-01-21 15:07:48.003965,0.0,0.0,0.0
2022-01-21 15:07:48.509543,0.0,0.0,0.0
2022-01-21 15:07:49.007359,0.0,0.0,0.0
2022-01-21 15:07:49.503702,0.0,0.0,0.0
2022-01-21 15:07:50.001372,0.0,0.0,0.0
2022-01-21 15:07:50.507490,0.0,0.0,0.0
2022-01-21 15:07:51.007202,0.0,0.0,0.0
2022-01-21 15:07:51.503142,0.0,0.0,0.0
2022-01-21 15:07:52.010339,0.0,0.0,0.0
2022-01-21 15:07:52.506324,0.0,0.0,0.0
2022-01-21 15:07:53.004124,0.0,0.0,0.0
2022-01-21 15:07:53.501503,0.0,0.0,0.0
2022-01-21 15:07:54.010535,0.0,0.0,0.0
2022-01-21 15:07:54.508059,0.0,0.0,0.0
2022-01-21 15:07:55.006020,0.0,0.0,0.0
2022-01-21 15:07:55.510730,0.0,0.0,0.0
2022-01-21 15:07:56.008211,0.0,0.0,0.0
2022-01-21 15:07:56.503679,0.0,0.0,0.0
2022-01-21 15:07:57.001862,0.0,0.0,0.0
2022-01-21 15:07:57.507177,0.0,0.0,0.0
2022-01-21 15:07:58.006289,0.0,0.0,0.0
2022-01-21 15:07:58.501932,0.0,0.0,0.0
2022-01-21 15:07:59.001174,0.0,0.0,0.0
2022-01-21 15:07:59.506807,0.0,0.0,0.0
2022-01-21 15:08:00.006387,0.0,0.0,0.0
2022-01-21 15:08:00.509567,0.0,0.0,0.0
2022-01-21 15:08:01.007790,0.0,0.0,0.0
2022-01-21 15:08:01.503325,0.0,0.0,0.0
2022-01-21 15:08:02.001476,0.0,0.0,0.0
2022-01-21 15:08:02.509162,0.0,0.0,0.0
2022-01-21 15:08:03.006991,0.0,0.0,0.0
2022-01-21 15:08:03.502423,0.0,0.0,0.0
2022-01-21 15:08:04.009689,0.0,0.0,0.0
2022-01-21 15:08:04.505177,0.0,0.0,0.0
2022-01-21 15:08:05.004277,0.0,0.0,0.0
2022-01-21 15:08:05.509013,0.0,0.0,0.0
2022-01-21 15:08:06.008149,0.0,0.0,0.0
2022-01-21 15:08:06.503384,0.0,0.0,0.0
2022-01-21 15:08:07.011224,0.0,0.0,0.0
2022-01-21 15:08:07.509299,0.0,0.0,0.0
2022-01-21 15:08:08.007932,0.0,0.0,0.0
2022-01-21 15:08:08.502920,0.0,0.0,0.0
2022-01-21 15:08:09.010770,0.0,0.0,0.0
2022-01-21 15:08:09.506692,0.0,0.0,0.0
2022-01-21 15:08:10.005822,0.0,0.0,0.0
2022-01-21 15:08:10.501463,0.0,0.0,0.0
2022-01-21 15:08:11.005690,0.0,0.0,0.0
2022-01-21 15:08:11.502600,0.0,0.0,0.0
2022-01-21 15:08:12.011112,0.0,0.0,0.0
2022-01-21 15:08:12.506150,0.0,0.0,0.0
2022-01-21 15:08:13.007932,0.0,0.0,0.0
2022-01-21 15:08:13.502800,0.0,0.0,0.0
2022-01-21 15:08:14.001152,0.0,0.0,0.0
2022-01-21 15:08:14.506312,0.0,0.0,0.0
2022-01-21 15:08:15.003474,0.0,0.0,0.0
2022-01-21 15:08:15.510534,0.0,0.0,0.0
2022-01-21 15:08:16.009265,0.0,0.0,0.0
2022-01-21 15:08:16.504527,0.0,0.0,0.0
2022-01-21 15:08:17.002795,0.0,0.0,0.0
2022-01-21 15:08:17.509126,0.0,0.0,0.0
2022-01-21 15:08:18.006374,0.0,0.0,0.0
2022-01-21 15:08:18.501695,0.0,0.0,0.0
2022-01-21 15:08:19.010459,0.0,0.0,0.0
2022-01-21 15:08:19.505908,0.0,0.0,0.0
2022-01-21 15:08:20.005160,0.0,0.0,0.0
2022-01-21 15:08:20.502683,0.0,0.0,0.0
2022-01-21 15:08:21.011337,0.0,0.0,0.0
2022-01-21 15:08:21.506821,0.0,0.0,0.0
2022-01-21 15:08:22.008009,0.0,0.0,0.0
2022-01-21 15:08:22.501332,0.0,0.0,0.0
2022-01-21 15:08:23.008624,0.0,0.0,0.0
2022-01-21 15:08:23.504680,0.0,0.0,0.0
2022-01-21 15:08:24.003478,0.0,0.0,0.0
2022-01-21 15:08:24.510562,0.0,0.0,0.0
2022-01-21 15:08:25.009825,0.0,0.0,0.0
2022-01-21 15:08:25.505637,0.0,0.0,0.0
2022-01-21 15:08:26.003271,0.0,0.0,0.0
2022-01-21 15:08:26.508884,0.0,0.0,0.0
2022-01-21 15:08:27.007535,0.0,0.0,0.0
2022-01-21 15:08:27.501194,0.0,0.0,0.0
2022-01-21 15:08:28.010322,0.0,0.0,0.0
2022-01-21 15:08:28.505177,0.0,0.0,0.0
2022-01-21 15:08:29.003663,0.0,0.0,0.0
2022-01-21 15:08:29.501121,0.0,0.0,0.0
2022-01-21 15:08:30.009989,0.0,0.0,0.0
2022-01-21 15:08:30.505288,0.0,0.0,0.0
2022-01-21 15:08:31.004110,0.0,0.0,0.0
2022-01-21 15:08:31.509204,0.0,0.0,0.0
2022-01-21 15:08:32.007256,0.0,0.0,0.0
2022-01-21 15:08:32.503620,0.0,0.0,0.0
2022-01-21 15:08:33.009684,0.0,0.0,0.0
2022-01-21 15:08:33.503897,0.0,0.0,0.0
2022-01-21 15:08:34.002753,0.0,0.0,0.0
2022-01-21 15:08:34.507006,0.0,0.0,0.0
2022-01-21 15:08:35.004750,0.0,0.0,0.0
2022-01-21 15:08:35.510458,0.0,0.0,0.0
2022-01-21 15:08:36.009795,0.0,0.0,0.0
2022-01-21 15:08:36.507008,0.0,0.0,0.0
2022-01-21 15:08:37.006780,0.0,0.0,0.0
2022-01-21 15:08:37.503236,0.0,0.0,0.0
2022-01-21 15:08:38.001778,0.0,0.0,0.0
2022-01-21 15:08:38.502225,0.0,0.0,0.0
2022-01-21 15:08:39.010783,0.0,0.0,0.0
2022-01-21 15:08:39.507776,0.0,0.0,0.0
2022-01-21 15:08:40.006797,0.0,0.0,0.0
2022-01-21 15:08:40.501244,0.0,0.0,0.0
2022-01-21 15:08:41.006595,0.0,0.0,0.0
2022-01-21 15:08:41.502129,0.0,0.0,0.0
2022-01-21 15:08:42.003191,0.0,0.0,0.0
2022-01-21 15:08:42.509151,0.0,0.0,0.0
2022-01-21 15:08:43.006051,0.0,0.0,0.0
2022-01-21 15:08:43.501342,0.0,0.0,0.0
2022-01-21 15:08:44.001362,0.0,0.0,0.0
2022-01-21 15:08:44.506779,0.0,0.0,0.0
2022-01-21 15:08:45.004826,0.0,0.0,0.0
2022-01-21 15:08:45.501958,0.0,0.0,0.0
2022-01-21 15:08:46.010354,0.0,0.0,0.0
2022-01-21 15:08:46.504505,0.0,0.0,0.0
2022-01-21 15:08:47.002383,0.0,0.0,0.0
2022-01-21 15:08:47.508963,0.0,0.0,0.0
2022-01-21 15:08:48.007446,0.0,0.0,0.0
2022-01-21 15:08:48.502487,0.0,0.0,0.0
2022-01-21 15:08:49.010019,0.0,0.0,0.0
2022-01-21 15:08:49.506011,0.0,0.0,0.0
2022-01-21 15:08:50.003681,0.0,0.0,0.0
2022-01-21 15:08:50.511286,0.0,0.0,0.0
2022-01-21 15:08:51.009942,0.0,0.0,0.0
2022-01-21 15:08:51.505111,0.0,0.0,0.0
2022-01-21 15:08:52.004771,0.0,0.0,0.0
2022-01-21 15:08:52.509911,0.0,0.0,0.0
2022-01-21 15:08:53.007009,0.0,0.0,0.0
2022-01-21 15:08:53.502166,0.0,0.0,0.0
2022-01-21 15:08:54.010487,0.0,0.0,0.0
2022-01-21 15:08:54.505741,0.0,0.0,0.0
2022-01-21 15:08:55.004173,0.0,0.0,0.0
2022-01-21 15:08:55.509359,0.0,0.0,0.0
2022-01-21 15:08:56.008431,0.0,0.0,0.0
2022-01-21 15:08:56.506702,0.0,0.0,0.0
2022-01-21 15:08:57.004517,0.0,0.0,0.0
2022-01-21 15:08:57.511030,0.0,0.0,0.0
2022-01-21 15:08:58.009968,0.0,0.0,0.0
2022-01-21 15:08:58.505566,0.0,0.0,0.0
2022-01-21 15:08:59.004296,0.0,0.0,0.0
2022-01-21 15:08:59.510672,0.0,0.0,0.0
2022-01-21 15:09:00.009498,0.0,0.0,0.0
2022-01-21 15:09:00.508380,0.0,0.0,0.0
2022-01-21 15:09:01.008392,0.0,0.0,0.0
2022-01-21 15:09:01.503688,0.0,0.0,0.0
2022-01-21 15:09:02.004146,0.0,0.0,0.0
2022-01-21 15:09:02.501324,0.0,0.0,0.0
2022-01-21 15:09:03.009401,0.0,0.0,0.0
2022-01-21 15:09:03.507921,0.0,0.0,0.0
2022-01-21 15:09:04.009015,0.0,0.0,0.0
2022-01-21 15:09:04.506287,0.0,0.0,0.0
2022-01-21 15:09:05.001953,0.0,0.0,0.0
2022-01-21 15:09:05.509001,0.0,0.0,0.0
2022-01-21 15:09:06.008270,0.0,0.0,0.0
2022-01-21 15:09:06.505239,0.0,0.0,0.0
2022-01-21 15:09:07.002264,0.0,0.0,0.0
2022-01-21 15:09:07.509552,0.0,0.0,0.0
2022-01-21 15:09:08.008140,0.0,0.0,0.0
2022-01-21 15:09:08.502365,0.0,0.0,0.0
2022-01-21 15:09:09.010434,0.0,0.0,0.0
2022-01-21 15:09:09.506414,0.0,0.0,0.0
2022-01-21 15:09:10.004065,0.0,0.0,0.0
2022-01-21 15:09:10.501285,0.0,0.0,0.0
2022-01-21 15:09:11.005617,0.0,0.0,0.0
2022-01-21 15:09:11.501138,0.0,0.0,0.0
2022-01-21 15:09:12.009560,0.0,0.0,0.0
2022-01-21 15:09:12.504808,0.0,0.0,0.0
2022-01-21 15:09:13.002356,0.0,0.0,0.0
2022-01-21 15:09:13.508310,0.0,0.0,0.0
2022-01-21 15:09:14.006899,0.0,0.0,0.0
2022-01-21 15:09:14.501181,0.0,0.0,0.0
2022-01-21 15:09:15.008235,0.0,0.0,0.0
2022-01-21 15:09:15.505359,0.0,0.0,0.0
2022-01-21 15:09:16.003904,0.0,0.0,0.0
2022-01-21 15:09:16.510596,0.0,0.0,0.0
2022-01-21 15:09:17.008328,0.0,0.0,0.0
2022-01-21 15:09:17.503483,0.0,0.0,0.0
2022-01-21 15:09:18.001158,0.0,0.0,0.0
2022-01-21 15:09:18.509167,0.0,0.0,0.0
2022-01-21 15:09:19.006800,0.0,0.0,0.0
2022-01-21 15:09:19.503136,0.0,0.0,0.0
2022-01-21 15:09:20.001884,0.0,0.0,0.0
2022-01-21 15:09:20.507564,0.0,0.0,0.0
2022-01-21 15:09:21.006217,0.0,0.0,0.0
2022-01-21 15:09:21.510419,0.0,0.0,0.0
2022-01-21 15:09:22.008014,0.0,0.0,0.0
2022-01-21 15:09:22.503603,0.0,0.0,0.0
2022-01-21 15:09:23.002945,0.0,0.0,0.0
2022-01-21 15:09:23.509806,0.0,0.0,0.0
2022-01-21 15:09:24.008291,0.0,0.0,0.0
2022-01-21 15:09:24.503221,0.0,0.0,0.0
2022-01-21 15:09:25.002344,0.0,0.0,0.0
2022-01-21 15:09:25.510676,0.0,0.0,0.0
2022-01-21 15:09:26.009480,0.0,0.0,0.0
2022-01-21 15:09:26.504746,0.0,0.0,0.0
2022-01-21 15:09:27.003584,0.0,0.0,0.0
2022-01-21 15:09:27.501372,0.0,0.0,0.0
2022-01-21 15:09:28.009910,0.0,0.0,0.0
2022-01-21 15:09:28.505030,0.0,0.0,0.0
2022-01-21 15:09:29.003962,0.0,0.0,0.0
2022-01-21 15:09:29.508704,0.0,0.0,0.0
2022-01-21 15:09:30.007418,0.0,0.0,0.0
2022-01-21 15:09:30.503458,0.0,0.0,0.0
2022-01-21 15:09:31.001645,0.0,0.0,0.0
2022-01-21 15:09:31.504005,0.0,0.0,0.0
2022-01-21 15:09:32.003559,0.0,0.0,0.0
2022-01-21 15:09:32.508659,0.0,0.0,0.0
2022-01-21 15:09:33.006480,0.0,0.0,0.0
2022-01-21 15:09:33.501984,0.0,0.0,0.0
2022-01-21 15:09:34.009971,0.0,0.0,0.0
2022-01-21 15:09:34.505753,0.0,0.0,0.0
2022-01-21 15:09:35.003914,0.0,0.0,0.0
2022-01-21 15:09:35.508731,0.0,0.0,0.0
2022-01-21 15:09:36.008098,0.0,0.0,0.0
2022-01-21 15:09:36.505226,0.0,0.0,0.0
2022-01-21 15:09:37.003549,0.0,0.0,0.0
2022-01-21 15:09:37.509221,0.0,0.0,0.0
2022-01-21 15:09:38.007819,0.0,0.0,0.0
2022-01-21 15:09:38.502815,0.0,0.0,0.0
2022-01-21 15:09:39.009891,0.0,0.0,0.0
2022-01-21 15:09:39.504748,0.0,0.0,0.0
2022-01-21 15:09:40.003480,0.0,0.0,0.0
2022-01-21 15:09:40.510241,0.0,0.0,0.0
2022-01-21 15:09:41.009344,0.0,0.0,0.0
2022-01-21 15:09:41.505130,0.0,0.0,0.0
2022-01-21 15:09:42.003633,0.0,0.0,0.0
2022-01-21 15:09:42.509728,0.0,0.0,0.0
2022-01-21 15:09:43.007371,0.0,0.0,0.0
2022-01-21 15:09:43.502470,0.0,0.0,0.0
2022-01-21 15:09:44.010814,0.0,0.0,0.0
2022-01-21 15:09:44.505453,0.0,0.0,0.0
2022-01-21 15:09:45.006814,0.0,0.0,0.0
2022-01-21 15:09:45.503250,0.0,0.0,0.0
2022-01-21 15:09:46.010641,0.0,0.0,0.0
2022-01-21 15:09:46.506620,0.0,0.0,0.0
2022-01-21 15:09:47.004895,0.0,0.0,0.0
2022-01-21 15:09:47.510814,0.0,0.0,0.0
2022-01-21 15:09:48.008545,0.0,0.0,0.0
2022-01-21 15:09:48.501132,0.0,0.0,0.0
2022-01-21 15:09:49.010763,0.0,0.0,0.0
2022-01-21 15:09:49.508132,0.0,0.0,0.0
2022-01-21 15:09:50.006567,0.0,0.0,0.0
2022-01-21 15:09:50.510866,0.0,0.0,0.0
2022-01-21 15:09:51.010365,0.0,0.0,0.0
2022-01-21 15:09:51.504272,0.0,0.0,0.0
2022-01-21 15:09:52.002623,0.0,0.0,0.0
2022-01-21 15:09:52.510291,0.0,0.0,0.0
2022-01-21 15:09:53.009019,0.0,0.0,0.0
2022-01-21 15:09:53.503399,0.0,0.0,0.0
2022-01-21 15:09:54.001805,0.0,0.0,0.0
2022-01-21 15:09:54.509061,0.0,0.0,0.0
2022-01-21 15:09:55.005029,0.0,0.0,0.0
2022-01-21 15:09:55.501309,0.0,0.0,0.0
2022-01-21 15:09:56.008858,0.0,0.0,0.0
2022-01-21 15:09:56.503734,0.0,0.0,0.0
2022-01-21 15:09:57.002529,0.0,0.0,0.0
2022-01-21 15:09:57.509137,0.0,0.0,0.0
2022-01-21 15:09:58.006672,0.0,0.0,0.0
2022-01-21 15:09:58.502389,0.0,0.0,0.0
2022-01-21 15:09:59.010527,0.0,0.0,0.0
2022-01-21 15:09:59.506051,0.0,0.0,0.0
2022-01-21 15:10:00.004229,0.0,0.0,0.0
2022-01-21 15:10:00.510916,0.0,0.0,0.0
2022-01-21 15:10:01.008513,0.0,0.0,0.0
2022-01-21 15:10:01.503536,0.0,0.0,0.0
2022-01-21 15:10:02.001555,0.0,0.0,0.0
2022-01-21 15:10:02.504494,0.0,0.0,0.0
2022-01-21 15:10:03.005441,0.0,0.0,0.0
2022-01-21 15:10:03.510428,0.0,0.0,0.0
2022-01-21 15:10:04.008631,0.0,0.0,0.0
2022-01-21 15:10:04.504515,0.0,0.0,0.0
2022-01-21 15:10:05.001948,0.0,0.0,0.0
2022-01-21 15:10:05.507427,0.0,0.0,0.0
2022-01-21 15:10:06.006184,0.0,0.0,0.0
2022-01-21 15:10:06.501388,0.0,0.0,0.0
2022-01-21 15:10:07.009673,0.0,0.0,0.0
2022-01-21 15:10:07.506329,0.0,0.0,0.0
2022-01-21 15:10:08.004623,0.0,0.0,0.0
2022-01-21 15:10:08.504998,0.0,0.0,0.0
2022-01-21 15:10:09.002985,0.0,0.0,0.0
2022-01-21 15:10:09.508065,0.0,0.0,0.0
2022-01-21 15:10:10.004219,0.0,0.0,0.0
2022-01-21 15:10:10.509392,0.0,0.0,0.0
2022-01-21 15:10:11.003012,0.0,0.0,0.0
2022-01-21 15:10:11.509129,0.0,0.0,0.0
2022-01-21 15:10:12.008862,0.0,0.0,0.0
2022-01-21 15:10:12.503492,0.0,0.0,0.0
2022-01-21 15:10:13.011036,0.0,0.0,0.0
2022-01-21 15:10:13.505634,0.0,0.0,0.0
2022-01-21 15:10:14.004029,0.0,0.0,0.0
2022-01-21 15:10:14.510325,0.0,0.0,0.0
2022-01-21 15:10:15.007520,0.0,0.0,0.0
2022-01-21 15:10:16.005436,0.0,0.0,0.0
2022-01-21 15:10:16.511058,0.0,0.0,0.0
2022-01-21 15:10:17.001058,0.0,0.0,0.0
2022-01-21 15:10:17.506519,0.0,0.0,0.0
2022-01-21 15:10:18.005369,0.0,0.0,0.0
2022-01-21 15:10:18.509625,0.0,0.0,0.0
2022-01-21 15:10:19.007891,0.0,0.0,0.0
2022-01-21 15:10:19.504053,0.0,0.0,0.0
2022-01-21 15:10:20.002773,0.0,0.0,0.0
2022-01-21 15:10:20.509251,0.0,0.0,0.0
2022-01-21 15:10:21.007396,0.0,0.0,0.0
2022-01-21 15:10:21.503632,0.0,0.0,0.0
2022-01-21 15:10:22.001843,0.0,0.0,0.0
2022-01-21 15:10:22.507310,0.0,0.0,0.0
2022-01-21 15:10:23.003578,0.0,0.0,0.0
2022-01-21 15:10:23.508791,0.0,0.0,0.0
2022-01-21 15:10:24.007854,0.0,0.0,0.0
2022-01-21 15:10:24.503616,0.0,0.0,0.0
2022-01-21 15:10:25.002075,0.0,0.0,0.0
2022-01-21 15:10:25.509270,0.0,0.0,0.0
2022-01-21 15:10:26.007205,0.0,0.0,0.0
2022-01-21 15:10:26.501938,0.0,0.0,0.0
2022-01-21 15:10:27.009896,0.0,0.0,0.0
2022-01-21 15:10:27.505335,0.0,0.0,0.0
2022-01-21 15:10:28.003960,0.0,0.0,0.0
2022-01-21 15:10:28.509676,0.0,0.0,0.0
2022-01-21 15:10:29.010589,0.0,0.0,0.0
2022-01-21 15:10:29.505525,0.0,0.0,0.0
2022-01-21 15:10:30.004896,0.0,0.0,0.0
2022-01-21 15:10:30.509645,0.0,0.0,0.0
2022-01-21 15:10:31.009226,0.0,0.0,0.0
2022-01-21 15:10:31.503856,0.0,0.0,0.0
2022-01-21 15:10:32.002386,0.0,0.0,0.0
2022-01-21 15:10:32.502814,0.0,0.0,0.0
2022-01-21 15:10:33.001374,0.0,0.0,0.0
2022-01-21 15:10:33.506039,0.0,0.0,0.0
2022-01-21 15:10:34.003971,0.0,0.0,0.0
2022-01-21 15:10:34.501168,0.0,0.0,0.0
2022-01-21 15:10:35.010978,0.0,0.0,0.0
2022-01-21 15:10:35.506983,0.0,0.0,0.0
2022-01-21 15:10:36.006164,0.0,0.0,0.0
2022-01-21 15:10:36.501288,0.0,0.0,0.0
2022-01-21 15:10:37.005263,0.0,0.0,0.0
2022-01-21 15:10:37.510946,0.0,0.0,0.0
2022-01-21 15:10:38.008577,0.0,0.0,0.0
2022-01-21 15:10:38.503624,0.0,0.0,0.0
2022-01-21 15:10:39.001631,0.0,0.0,0.0
2022-01-21 15:10:39.508294,0.0,0.0,0.0
2022-01-21 15:10:40.005957,0.0,0.0,0.0
2022-01-21 15:10:40.502552,0.0,0.0,0.0
2022-01-21 15:10:41.001951,0.0,0.0,0.0
2022-01-21 15:10:41.507050,0.0,0.0,0.0
2022-01-21 15:10:42.005336,0.0,0.0,0.0
2022-01-21 15:10:42.511017,0.0,0.0,0.0
2022-01-21 15:10:43.009408,0.0,0.0,0.0
2022-01-21 15:10:43.504336,0.0,0.0,0.0
2022-01-21 15:10:44.003495,0.0,0.0,0.0
2022-01-21 15:10:44.509372,0.0,0.0,0.0
2022-01-21 15:10:45.009419,0.0,0.0,0.0
2022-01-21 15:10:45.504771,0.0,0.0,0.0
2022-01-21 15:10:46.003726,0.0,0.0,0.0
2022-01-21 15:10:46.510174,0.0,0.0,0.0
2022-01-21 15:10:47.006982,0.0,0.0,0.0
2022-01-21 15:10:47.502629,0.0,0.0,0.0
2022-01-21 15:10:48.010727,0.0,0.0,0.0
2022-01-21 15:10:48.506822,0.0,0.0,0.0
2022-01-21 15:10:49.004021,0.0,0.0,0.0
2022-01-21 15:10:49.502800,0.0,0.0,0.0
2022-01-21 15:10:50.002930,0.0,0.0,0.0
2022-01-21 15:10:50.509310,0.0,0.0,0.0
2022-01-21 15:10:51.007043,0.0,0.0,0.0
2022-01-21 15:10:51.502110,0.0,0.0,0.0
2022-01-21 15:10:52.010405,0.0,0.0,0.0
2022-01-21 15:10:52.506073,0.0,0.0,0.0
2022-01-21 15:10:53.002753,0.0,0.0,0.0
2022-01-21 15:10:53.508128,0.0,0.0,0.0
2022-01-21 15:10:54.007477,0.0,0.0,0.0
2022-01-21 15:10:54.504461,0.0,0.0,0.0
2022-01-21 15:10:55.505553,0.0,0.0,0.0
2022-01-21 15:10:56.007313,0.0,0.0,0.0
2022-01-21 15:10:56.502344,0.0,0.0,0.0
2022-01-21 15:10:57.010342,0.0,0.0,0.0
2022-01-21 15:10:57.504688,0.0,0.0,0.0
2022-01-21 15:10:58.002407,0.0,0.0,0.0
2022-01-21 15:10:58.509286,0.0,0.0,0.0
2022-01-21 15:10:59.007032,0.0,0.0,0.0
2022-01-21 15:10:59.504147,0.0,0.0,0.0
2022-01-21 15:11:00.002670,0.0,0.0,0.0
2022-01-21 15:11:00.506565,0.0,0.0,0.0
2022-01-21 15:11:01.004148,0.0,0.0,0.0
2022-01-21 15:11:01.509011,0.0,0.0,0.0
2022-01-21 15:11:02.007902,0.0,0.0,0.0
2022-01-21 15:11:02.510226,0.0,0.0,0.0
2022-01-21 15:11:03.009043,0.0,0.0,0.0
2022-01-21 15:11:03.506224,0.0,0.0,0.0
2022-01-21 15:11:04.003417,0.0,0.0,0.0
2022-01-21 15:11:04.502904,0.0,0.0,0.0
2022-01-21 15:11:05.004417,0.0,0.0,0.0
2022-01-21 15:11:05.509304,0.0,0.0,0.0
2022-01-21 15:11:06.007286,0.0,0.0,0.0
2022-01-21 15:11:06.502989,0.0,0.0,0.0
2022-01-21 15:11:07.009839,0.0,0.0,0.0
2022-01-21 15:11:07.507048,0.0,0.0,0.0
2022-01-21 15:11:08.004037,0.0,0.0,0.0
2022-01-21 15:11:08.508617,0.0,0.0,0.0
2022-01-21 15:11:09.008309,0.0,0.0,0.0
2022-01-21 15:11:09.503584,0.0,0.0,0.0
2022-01-21 15:11:10.003529,0.0,0.0,0.0
2022-01-21 15:11:10.508593,0.0,0.0,0.0
2022-01-21 15:11:11.003383,0.0,0.0,0.0
2022-01-21 15:11:11.510779,0.0,0.0,0.0
2022-01-21 15:11:12.009628,0.0,0.0,0.0
2022-01-21 15:11:12.505097,0.0,0.0,0.0
2022-01-21 15:11:13.003517,0.0,0.0,0.0
2022-01-21 15:11:13.508500,0.0,0.0,0.0
2022-01-21 15:11:14.006845,0.0,0.0,0.0
2022-01-21 15:11:14.511036,0.0,0.0,0.0
2022-01-21 15:11:15.009636,0.0,0.0,0.0
2022-01-21 15:11:15.505350,0.0,0.0,0.0
2022-01-21 15:11:16.004198,0.0,0.0,0.0
2022-01-21 15:11:16.509815,0.0,0.0,0.0
2022-01-21 15:11:17.008581,0.0,0.0,0.0
2022-01-21 15:11:17.503472,0.0,0.0,0.0
2022-01-21 15:11:18.002439,0.0,0.0,0.0
2022-01-21 15:11:18.508099,0.0,0.0,0.0
2022-01-21 15:11:19.007324,0.0,0.0,0.0
2022-01-21 15:11:19.502640,0.0,0.0,0.0
2022-01-21 15:11:20.010422,0.0,0.0,0.0
2022-01-21 15:11:20.504722,0.0,0.0,0.0
2022-01-21 15:11:21.003555,0.0,0.0,0.0
2022-01-21 15:11:21.509067,0.0,0.0,0.0
2022-01-21 15:11:22.008286,0.0,0.0,0.0
2022-01-21 15:11:22.502888,0.0,0.0,0.0
2022-01-21 15:11:23.001101,0.0,0.0,0.0
2022-01-21 15:11:23.506147,0.0,0.0,0.0
2022-01-21 15:11:24.004734,0.0,0.0,0.0
2022-01-21 15:11:24.510001,0.0,0.0,0.0
2022-01-21 15:11:25.007827,0.0,0.0,0.0
2022-01-21 15:11:25.505832,0.0,0.0,0.0
2022-01-21 15:11:26.004171,0.0,0.0,0.0
2022-01-21 15:11:26.509929,0.0,0.0,0.0
2022-01-21 15:11:27.007678,0.0,0.0,0.0
2022-01-21 15:11:27.503686,0.0,0.0,0.0
2022-01-21 15:11:28.002431,0.0,0.0,0.0
2022-01-21 15:11:28.507196,0.0,0.0,0.0
2022-01-21 15:11:29.006367,0.0,0.0,0.0
2022-01-21 15:11:29.502164,0.0,0.0,0.0
2022-01-21 15:11:30.002351,0.0,0.0,0.0
2022-01-21 15:11:30.506638,0.0,0.0,0.0
2022-01-21 15:11:31.004596,0.0,0.0,0.0
2022-01-21 15:11:31.509471,0.0,0.0,0.0
2022-01-21 15:11:32.007367,0.0,0.0,0.0
2022-01-21 15:11:32.503067,0.0,0.0,0.0
2022-01-21 15:11:33.001125,0.0,0.0,0.0
2022-01-21 15:11:33.507499,0.0,0.0,0.0
2022-01-21 15:11:34.010262,0.0,0.0,0.0
2022-01-21 15:11:34.506696,0.0,0.0,0.0
2022-01-21 15:11:35.004555,0.0,0.0,0.0
2022-01-21 15:11:35.509207,0.0,0.0,0.0
2022-01-21 15:11:36.006837,0.0,0.0,0.0
2022-01-21 15:11:36.510170,0.0,0.0,0.0
2022-01-21 15:11:37.008079,0.0,0.0,0.0
2022-01-21 15:11:37.502361,0.0,0.0,0.0
2022-01-21 15:11:38.002613,0.0,0.0,0.0
2022-01-21 15:11:38.509219,0.0,0.0,0.0
2022-01-21 15:11:39.007642,0.0,0.0,0.0
2022-01-21 15:11:39.504009,0.0,0.0,0.0
2022-01-21 15:11:40.002754,0.0,0.0,0.0
2022-01-21 15:11:40.510427,0.0,0.0,0.0
2022-01-21 15:11:41.007426,0.0,0.0,0.0
2022-01-21 15:11:41.503461,0.0,0.0,0.0
2022-01-21 15:11:42.003268,0.0,0.0,0.0
2022-01-21 15:11:42.509304,0.0,0.0,0.0
2022-01-21 15:11:43.010408,0.0,0.0,0.0
2022-01-21 15:11:43.507390,0.0,0.0,0.0
2022-01-21 15:11:44.004912,0.0,0.0,0.0
2022-01-21 15:11:44.510661,0.0,0.0,0.0
2022-01-21 15:11:45.006691,0.0,0.0,0.0
2022-01-21 15:11:45.501327,0.0,0.0,0.0
2022-01-21 15:11:46.009046,0.0,0.0,0.0
2022-01-21 15:11:46.506239,0.0,0.0,0.0
2022-01-21 15:11:47.004680,0.0,0.0,0.0
2022-01-21 15:11:47.501341,0.0,0.0,0.0
2022-01-21 15:11:48.010543,0.0,0.0,0.0
2022-01-21 15:11:48.505945,0.0,0.0,0.0
2022-01-21 15:11:49.003829,0.0,0.0,0.0
2022-01-21 15:11:49.508310,0.0,0.0,0.0
2022-01-21 15:11:50.006536,0.0,0.0,0.0
2022-01-21 15:11:50.503415,0.0,0.0,0.0
2022-01-21 15:11:51.001211,0.0,0.0,0.0
2022-01-21 15:11:51.506546,0.0,0.0,0.0
2022-01-21 15:11:52.005721,0.0,0.0,0.0
2022-01-21 15:11:52.502247,0.0,0.0,0.0
2022-01-21 15:11:53.010308,0.0,0.0,0.0
2022-01-21 15:11:53.505122,0.0,0.0,0.0
2022-01-21 15:11:54.003890,0.0,0.0,0.0
2022-01-21 15:11:54.510122,0.0,0.0,0.0
2022-01-21 15:11:55.005095,0.0,0.0,0.0
2022-01-21 15:11:55.510822,0.0,0.0,0.0
2022-01-21 15:11:56.009128,0.0,0.0,0.0
2022-01-21 15:11:56.504360,0.0,0.0,0.0
2022-01-21 15:11:57.001652,0.0,0.0,0.0
2022-01-21 15:11:57.507252,0.0,0.0,0.0
2022-01-21 15:11:58.006619,0.0,0.0,0.0
2022-01-21 15:11:58.504016,0.0,0.0,0.0
2022-01-21 15:11:59.002917,0.0,0.0,0.0
2022-01-21 15:11:59.508995,0.0,0.0,0.0
2022-01-21 15:12:00.006104,0.0,0.0,0.0
2022-01-21 15:12:00.510636,0.0,0.0,0.0
2022-01-21 15:12:01.008477,0.0,0.0,0.0
2022-01-21 15:12:01.504058,0.0,0.0,0.0
2022-01-21 15:12:02.001759,0.0,0.0,0.0
2022-01-21 15:12:02.507475,0.0,0.0,0.0
2022-01-21 15:12:03.005477,0.0,0.0,0.0
2022-01-21 15:12:03.510031,0.0,0.0,0.0
2022-01-21 15:12:04.005934,0.0,0.0,0.0
2022-01-21 15:12:04.501517,0.0,0.0,0.0
2022-01-21 15:12:05.010547,0.0,0.0,0.0
2022-01-21 15:12:05.505675,0.0,0.0,0.0
2022-01-21 15:12:06.004239,0.0,0.0,0.0
2022-01-21 15:12:06.509558,0.0,0.0,0.0
2022-01-21 15:12:07.007681,0.0,0.0,0.0
2022-01-21 15:12:07.503858,0.0,0.0,0.0
2022-01-21 15:12:08.004218,0.0,0.0,0.0
2022-01-21 15:12:08.508425,0.0,0.0,0.0
2022-01-21 15:12:09.006257,0.0,0.0,0.0
2022-01-21 15:12:09.501868,0.0,0.0,0.0
2022-01-21 15:12:10.010974,0.0,0.0,0.0
2022-01-21 15:12:10.505463,0.0,0.0,0.0
2022-01-21 15:12:11.010113,0.0,0.0,0.0
2022-01-21 15:12:11.504782,0.0,0.0,0.0
2022-01-21 15:12:12.002767,0.0,0.0,0.0
2022-01-21 15:12:12.506970,0.0,0.0,0.0
2022-01-21 15:12:13.005146,0.0,0.0,0.0
2022-01-21 15:12:13.502084,0.0,0.0,0.0
2022-01-21 15:12:14.001174,0.0,0.0,0.0
2022-01-21 15:12:14.510776,0.0,0.0,0.0
2022-01-21 15:12:15.010094,0.0,0.0,0.0
2022-01-21 15:12:15.506212,0.0,0.0,0.0
2022-01-21 15:12:16.003660,0.0,0.0,0.0
2022-01-21 15:12:16.508518,0.0,0.0,0.0
2022-01-21 15:12:17.007046,0.0,0.0,0.0
2022-01-21 15:12:17.501690,0.0,0.0,0.0
2022-01-21 15:12:18.010617,0.0,0.0,0.0
2022-01-21 15:12:18.508034,0.0,0.0,0.0
2022-01-21 15:12:19.006880,0.0,0.0,0.0
2022-01-21 15:12:19.503183,0.0,0.0,0.0
2022-01-21 15:12:20.007390,0.0,0.0,0.0
2022-01-21 15:12:20.502259,0.0,0.0,0.0
2022-01-21 15:12:21.010760,0.0,0.0,0.0
2022-01-21 15:12:21.507508,0.0,0.0,0.0
2022-01-21 15:12:22.006307,0.0,0.0,0.0
2022-01-21 15:12:22.501215,0.0,0.0,0.0
2022-01-21 15:12:23.010598,0.0,0.0,0.0
2022-01-21 15:12:23.506606,0.0,0.0,0.0
2022-01-21 15:12:24.004384,0.0,0.0,0.0
2022-01-21 15:12:24.510293,0.0,0.0,0.0
2022-01-21 15:12:25.008965,0.0,0.0,0.0
2022-01-21 15:12:25.507849,0.0,0.0,0.0
2022-01-21 15:12:26.006521,0.0,0.0,0.0
2022-01-21 15:12:26.501819,0.0,0.0,0.0
2022-01-21 15:12:27.009068,0.0,0.0,0.0
2022-01-21 15:12:27.507633,0.0,0.0,0.0
2022-01-21 15:12:28.004045,0.0,0.0,0.0
2022-01-21 15:12:28.508416,0.0,0.0,0.0
2022-01-21 15:12:29.007245,0.0,0.0,0.0
2022-01-21 15:12:29.502434,0.0,0.0,0.0
2022-01-21 15:12:30.010585,0.0,0.0,0.0
2022-01-21 15:12:30.505881,0.0,0.0,0.0
2022-01-21 15:12:31.003729,0.0,0.0,0.0
2022-01-21 15:12:31.501123,0.0,0.0,0.0
2022-01-21 15:12:32.001225,0.0,0.0,0.0
2022-01-21 15:12:32.507655,0.0,0.0,0.0
2022-01-21 15:12:33.005690,0.0,0.0,0.0
2022-01-21 15:12:33.501522,0.0,0.0,0.0
2022-01-21 15:12:34.010457,0.0,0.0,0.0
2022-01-21 15:12:34.508582,0.0,0.0,0.0
2022-01-21 15:12:35.008558,0.0,0.0,0.0
2022-01-21 15:12:35.505082,0.0,0.0,0.0
2022-01-21 15:12:36.002774,0.0,0.0,0.0
2022-01-21 15:12:36.509938,0.0,0.0,0.0
2022-01-21 15:12:37.008276,0.0,0.0,0.0
2022-01-21 15:12:37.502819,0.0,0.0,0.0
2022-01-21 15:12:38.001212,0.0,0.0,0.0
2022-01-21 15:12:38.505488,0.0,0.0,0.0
2022-01-21 15:12:39.004131,0.0,0.0,0.0
2022-01-21 15:12:39.508741,0.0,0.0,0.0
2022-01-21 15:12:40.006310,0.0,0.0,0.0
2022-01-21 15:12:41.005155,0.0,0.0,0.0
2022-01-21 15:12:41.500941,0.0,0.0,0.0
2022-01-21 15:12:42.009567,0.0,0.0,0.0
2022-01-21 15:12:42.504269,0.0,0.0,0.0
2022-01-21 15:12:43.001565,0.0,0.0,0.0
2022-01-21 15:12:43.507394,0.0,0.0,0.0
2022-01-21 15:12:44.005489,0.0,0.0,0.0
2022-01-21 15:12:44.509872,0.0,0.0,0.0
2022-01-21 15:12:45.008016,0.0,0.0,0.0
2022-01-21 15:12:45.502962,0.0,0.0,0.0
2022-01-21 15:12:46.002177,0.0,0.0,0.0
2022-01-21 15:12:46.508877,0.0,0.0,0.0
2022-01-21 15:12:47.007439,0.0,0.0,0.0
2022-01-21 15:12:47.503635,0.0,0.0,0.0
2022-01-21 15:12:48.010992,0.0,0.0,0.0
2022-01-21 15:12:48.504187,0.0,0.0,0.0
2022-01-21 15:12:49.011067,0.0,0.0,0.0
2022-01-21 15:12:49.507476,0.0,0.0,0.0
2022-01-21 15:12:50.006428,0.0,0.0,0.0
2022-01-21 15:12:50.504468,0.0,0.0,0.0
2022-01-21 15:12:51.002217,0.0,0.0,0.0
2022-01-21 15:12:51.508999,0.0,0.0,0.0
2022-01-21 15:12:52.007574,0.0,0.0,0.0
2022-01-21 15:12:52.502339,0.0,0.0,0.0
2022-01-21 15:12:53.010637,0.0,0.0,0.0
2022-01-21 15:12:53.505482,0.0,0.0,0.0
2022-01-21 15:12:54.004462,0.0,0.0,0.0
2022-01-21 15:12:54.509220,0.0,0.0,0.0
2022-01-21 15:12:55.006729,0.0,0.0,0.0
2022-01-21 15:12:55.501949,0.0,0.0,0.0
2022-01-21 15:12:56.009693,0.0,0.0,0.0
2022-01-21 15:12:56.504061,0.0,0.0,0.0
2022-01-21 15:12:57.001110,0.0,0.0,0.0
2022-01-21 15:12:57.507123,0.0,0.0,0.0
2022-01-21 15:12:58.005491,0.0,0.0,0.0
2022-01-21 15:12:58.503456,0.0,0.0,0.0
2022-01-21 15:12:59.001136,0.0,0.0,0.0
2022-01-21 15:12:59.506888,0.0,0.0,0.0
2022-01-21 15:13:00.003731,0.0,0.0,0.0
2022-01-21 15:13:00.508055,0.0,0.0,0.0
2022-01-21 15:13:01.005266,0.0,0.0,0.0
2022-01-21 15:13:01.510834,0.0,0.0,0.0
2022-01-21 15:13:02.008196,0.0,0.0,0.0
2022-01-21 15:13:02.503100,0.0,0.0,0.0
2022-01-21 15:13:03.001737,0.0,0.0,0.0
2022-01-21 15:13:03.510069,0.0,0.0,0.0
2022-01-21 15:13:04.008973,0.0,0.0,0.0
2022-01-21 15:13:04.505327,0.0,0.0,0.0
2022-01-21 15:13:05.003348,0.0,0.0,0.0
2022-01-21 15:13:05.507154,0.0,0.0,0.0
2022-01-21 15:13:06.005288,0.0,0.0,0.0
2022-01-21 15:13:06.509882,0.0,0.0,0.0
2022-01-21 15:13:07.007915,0.0,0.0,0.0
2022-01-21 15:13:07.502402,0.0,0.0,0.0
2022-01-21 15:13:08.010073,0.0,0.0,0.0
2022-01-21 15:13:08.504577,0.0,0.0,0.0
2022-01-21 15:13:09.003366,0.0,0.0,0.0
2022-01-21 15:13:09.509339,0.0,0.0,0.0
2022-01-21 15:13:10.007221,0.0,0.0,0.0
2022-01-21 15:13:10.502026,0.0,0.0,0.0
2022-01-21 15:13:11.005836,0.0,0.0,0.0
2022-01-21 15:13:11.510949,0.0,0.0,0.0
2022-01-21 15:13:12.009116,0.0,0.0,0.0
2022-01-21 15:13:12.504957,0.0,0.0,0.0
2022-01-21 15:13:13.003638,0.0,0.0,0.0
2022-01-21 15:13:13.510505,0.0,0.0,0.0
2022-01-21 15:13:14.008522,0.0,0.0,0.0
2022-01-21 15:13:14.505027,0.0,0.0,0.0
2022-01-21 15:13:15.003148,0.0,0.0,0.0
2022-01-21 15:13:15.509000,0.0,0.0,0.0
2022-01-21 15:13:16.009408,0.0,0.0,0.0
2022-01-21 15:13:16.506507,0.0,0.0,0.0
2022-01-21 15:13:17.003584,0.0,0.0,0.0
2022-01-21 15:13:17.510344,0.0,0.0,0.0
2022-01-21 15:13:18.009174,0.0,0.0,0.0
2022-01-21 15:13:18.505152,0.0,0.0,0.0
2022-01-21 15:13:19.003553,0.0,0.0,0.0
2022-01-21 15:13:19.501367,0.0,0.0,0.0
2022-01-21 15:13:20.009962,0.0,0.0,0.0
2022-01-21 15:13:20.506759,0.0,0.0,0.0
2022-01-21 15:13:21.005968,0.0,0.0,0.0
2022-01-21 15:13:21.510831,0.0,0.0,0.0
2022-01-21 15:13:22.008725,0.0,0.0,0.0
2022-01-21 15:13:22.505718,0.0,0.0,0.0
2022-01-21 15:13:23.002361,0.0,0.0,0.0
2022-01-21 15:13:23.509085,0.0,0.0,0.0
2022-01-21 15:13:24.006496,0.0,0.0,0.0
2022-01-21 15:13:24.511276,0.0,0.0,0.0
2022-01-21 15:13:25.008621,0.0,0.0,0.0
2022-01-21 15:13:25.504691,0.0,0.0,0.0
2022-01-21 15:13:26.003211,0.0,0.0,0.0
2022-01-21 15:13:26.508507,0.0,0.0,0.0
2022-01-21 15:13:27.006884,0.0,0.0,0.0
2022-01-21 15:13:27.503139,0.0,0.0,0.0
2022-01-21 15:13:28.011246,0.0,0.0,0.0
2022-01-21 15:13:28.508170,0.0,0.0,0.0
2022-01-21 15:13:29.007943,0.0,0.0,0.0
2022-01-21 15:13:29.504290,0.0,0.0,0.0
2022-01-21 15:13:30.006376,0.0,0.0,0.0
2022-01-21 15:13:30.501711,0.0,0.0,0.0
2022-01-21 15:13:31.010454,0.0,0.0,0.0
2022-01-21 15:13:31.506353,0.0,0.0,0.0
2022-01-21 15:13:32.003881,0.0,0.0,0.0
2022-01-21 15:13:32.508964,0.0,0.0,0.0
2022-01-21 15:13:33.008730,0.0,0.0,0.0
2022-01-21 15:13:33.502602,0.0,0.0,0.0
2022-01-21 15:13:34.009883,0.0,0.0,0.0
2022-01-21 15:13:34.504651,0.0,0.0,0.0
2022-01-21 15:13:35.003855,0.0,0.0,0.0
2022-01-21 15:13:35.508614,0.0,0.0,0.0
2022-01-21 15:13:36.006497,0.0,0.0,0.0
2022-01-21 15:13:36.501421,0.0,0.0,0.0
2022-01-21 15:13:37.010200,0.0,0.0,0.0
2022-01-21 15:13:37.506407,0.0,0.0,0.0
2022-01-21 15:13:38.004398,0.0,0.0,0.0
2022-01-21 15:13:38.510788,0.0,0.0,0.0
2022-01-21 15:13:39.005769,0.0,0.0,0.0
2022-01-21 15:13:39.503431,0.0,0.0,0.0
2022-01-21 15:13:40.010996,0.0,0.0,0.0
2022-01-21 15:13:40.505519,0.0,0.0,0.0
2022-01-21 15:13:41.003464,0.0,0.0,0.0
2022-01-21 15:13:41.508147,0.0,0.0,0.0
2022-01-21 15:13:42.006744,0.0,0.0,0.0
2022-01-21 15:13:42.504313,0.0,0.0,0.0
2022-01-21 15:13:43.001648,0.0,0.0,0.0
2022-01-21 15:13:43.508937,0.0,0.0,0.0
2022-01-21 15:13:44.009501,0.0,0.0,0.0
2022-01-21 15:13:44.504376,0.0,0.0,0.0
2022-01-21 15:13:45.001112,0.0,0.0,0.0
2022-01-21 15:13:45.506380,0.0,0.0,0.0
2022-01-21 15:13:46.004413,0.0,0.0,0.0
2022-01-21 15:13:46.510334,0.0,0.0,0.0
2022-01-21 15:13:47.007537,0.0,0.0,0.0
2022-01-21 15:13:47.504107,0.0,0.0,0.0
2022-01-21 15:13:48.003917,0.0,0.0,0.0
2022-01-21 15:13:48.510572,0.0,0.0,0.0
2022-01-21 15:13:49.007810,0.0,0.0,0.0
2022-01-21 15:13:49.503019,0.0,0.0,0.0
2022-01-21 15:13:50.001142,0.0,0.0,0.0
2022-01-21 15:13:50.507373,0.0,0.0,0.0
2022-01-21 15:13:51.005558,0.0,0.0,0.0
2022-01-21 15:13:51.510480,0.0,0.0,0.0
2022-01-21 15:13:52.007337,0.0,0.0,0.0
2022-01-21 15:13:52.504136,0.0,0.0,0.0
2022-01-21 15:13:53.001465,0.0,0.0,0.0
2022-01-21 15:13:53.506841,0.0,0.0,0.0
2022-01-21 15:13:54.004812,0.0,0.0,0.0
2022-01-21 15:13:54.510170,0.0,0.0,0.0
2022-01-21 15:13:55.007147,0.0,0.0,0.0
2022-01-21 15:13:55.502676,0.0,0.0,0.0
2022-01-21 15:13:56.010303,0.0,0.0,0.0
2022-01-21 15:13:56.504718,0.0,0.0,0.0
2022-01-21 15:13:57.003406,0.0,0.0,0.0
2022-01-21 15:13:57.510884,0.0,0.0,0.0
2022-01-21 15:13:58.008818,0.0,0.0,0.0
2022-01-21 15:13:58.503547,0.0,0.0,0.0
2022-01-21 15:13:59.505421,0.0,0.0,0.0
2022-01-21 15:14:00.005815,0.0,0.0,0.0
2022-01-21 15:14:00.510112,0.0,0.0,0.0
2022-01-21 15:14:01.008327,0.0,0.0,0.0
2022-01-21 15:14:01.505099,0.0,0.0,0.0
2022-01-21 15:14:02.002476,0.0,0.0,0.0
2022-01-21 15:14:02.508608,0.0,0.0,0.0
2022-01-21 15:14:03.005855,0.0,0.0,0.0
2022-01-21 15:14:03.501179,0.0,0.0,0.0
2022-01-21 15:14:04.009180,0.0,0.0,0.0
2022-01-21 15:14:04.504290,0.0,0.0,0.0
2022-01-21 15:14:05.001566,0.0,0.0,0.0
2022-01-21 15:14:05.506859,0.0,0.0,0.0
2022-01-21 15:14:06.004928,0.0,0.0,0.0
2022-01-21 15:14:06.510625,0.0,0.0,0.0
2022-01-21 15:14:07.008499,0.0,0.0,0.0
2022-01-21 15:14:07.503495,0.0,0.0,0.0
2022-01-21 15:14:08.001447,0.0,0.0,0.0
2022-01-21 15:14:08.509323,0.0,0.0,0.0
2022-01-21 15:14:09.007266,0.0,0.0,0.0
2022-01-21 15:14:09.501294,0.0,0.0,0.0
2022-01-21 15:14:10.009074,0.0,0.0,0.0
2022-01-21 15:14:10.506072,0.0,0.0,0.0
2022-01-21 15:14:11.010863,0.0,0.0,0.0
2022-01-21 15:14:11.507043,0.0,0.0,0.0
2022-01-21 15:14:12.004749,0.0,0.0,0.0
2022-01-21 15:14:12.510516,0.0,0.0,0.0
2022-01-21 15:14:13.008498,0.0,0.0,0.0
2022-01-21 15:14:13.502545,0.0,0.0,0.0
2022-01-21 15:14:14.002742,0.0,0.0,0.0
2022-01-21 15:14:14.507357,0.0,0.0,0.0
2022-01-21 15:14:15.006739,0.0,0.0,0.0
2022-01-21 15:14:15.504605,0.0,0.0,0.0
2022-01-21 15:14:16.004014,0.0,0.0,0.0
2022-01-21 15:14:16.509716,0.0,0.0,0.0
2022-01-21 15:14:17.007220,0.0,0.0,0.0
2022-01-21 15:14:17.502228,0.0,0.0,0.0
2022-01-21 15:14:18.010424,0.0,0.0,0.0
2022-01-21 15:14:18.506538,0.0,0.0,0.0
2022-01-21 15:14:19.004225,0.0,0.0,0.0
2022-01-21 15:14:19.502297,0.0,0.0,0.0
2022-01-21 15:14:20.006808,0.0,0.0,0.0
2022-01-21 15:14:20.503319,0.0,0.0,0.0
2022-01-21 15:14:21.002388,0.0,0.0,0.0
2022-01-21 15:14:21.506315,0.0,0.0,0.0
2022-01-21 15:14:22.005718,0.0,0.0,0.0
2022-01-21 15:14:22.510990,0.0,0.0,0.0
2022-01-21 15:14:23.010332,0.0,0.0,0.0
2022-01-21 15:14:23.506051,0.0,0.0,0.0
2022-01-21 15:14:24.005846,0.0,0.0,0.0
2022-01-21 15:14:24.502519,0.0,0.0,0.0
2022-01-21 15:14:25.505762,0.0,0.0,0.0
2022-01-21 15:14:26.007735,0.0,0.0,0.0
2022-01-21 15:14:26.502278,0.0,0.0,0.0
2022-01-21 15:14:27.002407,0.0,0.0,0.0
2022-01-21 15:14:27.507239,0.0,0.0,0.0
2022-01-21 15:14:28.006347,0.0,0.0,0.0
2022-01-21 15:14:28.511252,0.0,0.0,0.0
2022-01-21 15:14:29.010042,0.0,0.0,0.0
2022-01-21 15:14:29.504876,0.0,0.0,0.0
2022-01-21 15:14:30.004178,0.0,0.0,0.0
2022-01-21 15:14:30.502826,0.0,0.0,0.0
2022-01-21 15:14:31.010798,0.0,0.0,0.0
2022-01-21 15:14:31.508096,0.0,0.0,0.0
2022-01-21 15:14:32.007192,0.0,0.0,0.0
2022-01-21 15:14:32.501677,0.0,0.0,0.0
2022-01-21 15:14:33.009212,0.0,0.0,0.0
2022-01-21 15:14:33.508038,0.0,0.0,0.0
2022-01-21 15:14:34.006655,0.0,0.0,0.0
2022-01-21 15:14:34.502759,0.0,0.0,0.0
2022-01-21 15:14:35.001298,0.0,0.0,0.0
2022-01-21 15:14:35.506609,0.0,0.0,0.0
2022-01-21 15:14:36.006951,0.0,0.0,0.0
2022-01-21 15:14:36.502697,0.0,0.0,0.0
2022-01-21 15:14:37.505999,0.0,0.0,0.0
2022-01-21 15:14:38.004111,0.0,0.0,0.0
2022-01-21 15:14:38.509777,0.0,0.0,0.0
2022-01-21 15:14:39.009418,0.0,0.0,0.0
2022-01-21 15:14:39.509870,0.0,0.0,0.0
2022-01-21 15:14:40.009420,0.0,0.0,0.0
2022-01-21 15:14:40.504998,0.0,0.0,0.0
2022-01-21 15:14:41.002303,0.0,0.0,0.0
2022-01-21 15:14:41.508769,0.0,0.0,0.0
2022-01-21 15:14:42.007616,0.0,0.0,0.0
2022-01-21 15:14:42.503237,0.0,0.0,0.0
2022-01-21 15:14:43.009965,0.0,0.0,0.0
2022-01-21 15:14:43.510504,0.0,0.0,0.0
2022-01-21 15:14:44.008001,0.0,0.0,0.0
2022-01-21 15:14:44.505992,0.0,0.0,0.0
2022-01-21 15:14:45.003164,0.0,0.0,0.0
2022-01-21 15:14:45.508876,0.0,0.0,0.0
2022-01-21 15:14:46.007337,0.0,0.0,0.0
2022-01-21 15:14:46.504562,0.0,0.0,0.0
2022-01-21 15:14:47.002296,0.0,0.0,0.0
2022-01-21 15:14:47.508000,0.0,0.0,0.0
2022-01-21 15:14:48.006745,0.0,0.0,0.0
2022-01-21 15:14:48.503550,0.0,0.0,0.0
2022-01-21 15:14:49.004761,0.0,0.0,0.0
2022-01-21 15:14:49.509537,0.0,0.0,0.0
2022-01-21 15:14:50.008481,0.0,0.0,0.0
2022-01-21 15:14:50.502335,0.0,0.0,0.0
2022-01-21 15:14:51.010715,0.0,0.0,0.0
2022-01-21 15:14:51.505798,0.0,0.0,0.0
2022-01-21 15:14:52.004891,0.0,0.0,0.0
2022-01-21 15:14:52.509408,0.0,0.0,0.0
2022-01-21 15:14:53.007105,0.0,0.0,0.0
2022-01-21 15:14:53.504600,0.0,0.0,0.0
2022-01-21 15:14:54.003191,0.0,0.0,0.0
2022-01-21 15:14:54.509461,0.0,0.0,0.0
2022-01-21 15:14:55.008092,0.0,0.0,0.0
2022-01-21 15:14:55.502104,0.0,0.0,0.0
2022-01-21 15:14:56.001305,0.0,0.0,0.0
2022-01-21 15:14:56.506637,0.0,0.0,0.0
2022-01-21 15:14:57.007247,0.0,0.0,0.0
2022-01-21 15:14:57.501247,0.0,0.0,0.0
2022-01-21 15:14:58.001297,0.0,0.0,0.0
2022-01-21 15:14:58.505826,0.0,0.0,0.0
2022-01-21 15:14:59.003334,0.0,0.0,0.0
2022-01-21 15:14:59.509562,0.0,0.0,0.0
2022-01-21 15:15:00.002383,0.0,0.0,0.0
2022-01-21 15:15:00.509304,0.0,0.0,0.0
2022-01-21 15:15:01.001118,0.0,0.0,0.0
2022-01-21 15:15:01.508176,0.0,0.0,0.0
2022-01-21 15:15:02.007323,0.0,0.0,0.0
2022-01-21 15:15:02.503685,0.0,0.0,0.0
2022-01-21 15:15:03.002859,0.0,0.0,0.0
2022-01-21 15:15:03.508636,0.0,0.0,0.0
2022-01-21 15:15:04.005961,0.0,0.0,0.0
2022-01-21 15:15:04.502371,0.0,0.0,0.0
2022-01-21 15:15:05.009755,0.0,0.0,0.0
2022-01-21 15:15:05.504515,0.0,0.0,0.0
2022-01-21 15:15:06.002731,0.0,0.0,0.0
2022-01-21 15:15:06.509758,0.0,0.0,0.0
2022-01-21 15:15:07.008580,0.0,0.0,0.0
2022-01-21 15:15:07.504161,0.0,0.0,0.0
2022-01-21 15:15:08.002368,0.0,0.0,0.0
2022-01-21 15:15:08.506491,0.0,0.0,0.0
2022-01-21 15:15:09.004856,0.0,0.0,0.0
2022-01-21 15:15:09.511087,0.0,0.0,0.0
2022-01-21 15:15:10.008546,0.0,0.0,0.0
2022-01-21 15:15:10.505219,0.0,0.0,0.0
2022-01-21 15:15:11.010416,0.0,0.0,0.0
2022-01-21 15:15:11.507207,0.0,0.0,0.0
2022-01-21 15:15:12.006555,0.0,0.0,0.0
2022-01-21 15:15:12.510891,0.0,0.0,0.0
2022-01-21 15:15:13.010911,0.0,0.0,0.0
2022-01-21 15:15:13.506805,0.0,0.0,0.0
2022-01-21 15:15:14.004554,0.0,0.0,0.0
2022-01-21 15:15:14.501112,0.0,0.0,0.0
2022-01-21 15:15:15.001656,0.0,0.0,0.0
2022-01-21 15:15:15.506081,0.0,0.0,0.0
2022-01-21 15:15:16.005918,0.0,0.0,0.0
2022-01-21 15:15:16.501668,0.0,0.0,0.0
2022-01-21 15:15:17.010008,0.0,0.0,0.0
2022-01-21 15:15:17.505225,0.0,0.0,0.0
2022-01-21 15:15:18.002886,0.0,0.0,0.0
2022-01-21 15:15:18.508220,0.0,0.0,0.0
2022-01-21 15:15:19.005987,0.0,0.0,0.0
2022-01-21 15:15:19.501372,0.0,0.0,0.0
2022-01-21 15:15:20.010489,0.0,0.0,0.0
2022-01-21 15:15:20.506298,0.0,0.0,0.0
2022-01-21 15:15:21.005176,0.0,0.0,0.0
2022-01-21 15:15:21.510846,0.0,0.0,0.0
2022-01-21 15:15:22.007832,0.0,0.0,0.0
2022-01-21 15:15:22.503657,0.0,0.0,0.0
2022-01-21 15:15:23.003719,0.0,0.0,0.0
2022-01-21 15:15:23.509285,0.0,0.0,0.0
2022-01-21 15:15:24.007789,0.0,0.0,0.0
2022-01-21 15:15:24.502735,0.0,0.0,0.0
2022-01-21 15:15:25.003245,0.0,0.0,0.0
2022-01-21 15:15:25.509703,0.0,0.0,0.0
2022-01-21 15:15:26.007148,0.0,0.0,0.0
2022-01-21 15:15:26.502609,0.0,0.0,0.0
2022-01-21 15:15:27.010706,0.0,0.0,0.0
2022-01-21 15:15:27.505164,0.0,0.0,0.0
2022-01-21 15:15:28.003517,0.0,0.0,0.0
2022-01-21 15:15:28.510690,0.0,0.0,0.0
2022-01-21 15:15:29.006840,0.0,0.0,0.0
2022-01-21 15:15:29.502442,0.0,0.0,0.0
2022-01-21 15:15:30.011156,0.0,0.0,0.0
2022-01-21 15:15:30.504117,0.0,0.0,0.0
2022-01-21 15:15:31.002845,0.0,0.0,0.0
2022-01-21 15:15:31.508262,0.0,0.0,0.0
2022-01-21 15:15:32.006283,0.0,0.0,0.0
2022-01-21 15:15:32.501207,0.0,0.0,0.0
2022-01-21 15:15:33.010175,0.0,0.0,0.0
2022-01-21 15:15:33.506363,0.0,0.0,0.0
2022-01-21 15:15:34.003077,0.0,0.0,0.0
2022-01-21 15:15:34.508258,0.0,0.0,0.0
2022-01-21 15:15:35.006267,0.0,0.0,0.0
2022-01-21 15:15:35.504687,0.0,0.0,0.0
2022-01-21 15:15:36.002454,0.0,0.0,0.0
2022-01-21 15:15:36.507505,0.0,0.0,0.0
2022-01-21 15:15:37.005160,0.0,0.0,0.0
2022-01-21 15:15:37.502396,0.0,0.0,0.0
2022-01-21 15:15:38.505650,0.0,0.0,0.0
2022-01-21 15:15:39.003169,0.0,0.0,0.0
2022-01-21 15:15:39.507358,0.0,0.0,0.0
2022-01-21 15:15:40.005628,0.0,0.0,0.0
2022-01-21 15:15:40.500951,0.0,0.0,0.0
2022-01-21 15:15:41.009812,0.0,0.0,0.0
2022-01-21 15:15:41.504875,0.0,0.0,0.0
2022-01-21 15:15:42.002799,0.0,0.0,0.0
2022-01-21 15:15:42.509256,0.0,0.0,0.0
2022-01-21 15:15:43.008712,0.0,0.0,0.0
2022-01-21 15:15:43.502892,0.0,0.0,0.0
2022-01-21 15:15:44.002286,0.0,0.0,0.0
2022-01-21 15:15:44.508401,0.0,0.0,0.0
2022-01-21 15:15:45.006963,0.0,0.0,0.0
2022-01-21 15:15:45.502255,0.0,0.0,0.0
2022-01-21 15:15:46.010051,0.0,0.0,0.0
2022-01-21 15:15:46.504771,0.0,0.0,0.0
2022-01-21 15:15:47.003594,0.0,0.0,0.0
2022-01-21 15:15:47.508753,0.0,0.0,0.0
2022-01-21 15:15:48.006885,0.0,0.0,0.0
2022-01-21 15:15:48.502935,0.0,0.0,0.0
2022-01-21 15:15:49.010182,0.0,0.0,0.0
2022-01-21 15:15:49.503175,0.0,0.0,0.0
2022-01-21 15:15:50.001263,0.0,0.0,0.0
2022-01-21 15:15:50.506356,0.0,0.0,0.0
2022-01-21 15:15:51.003860,0.0,0.0,0.0
2022-01-21 15:15:51.511059,0.0,0.0,0.0
2022-01-21 15:15:52.008681,0.0,0.0,0.0
2022-01-21 15:15:52.504255,0.0,0.0,0.0
2022-01-21 15:15:53.003498,0.0,0.0,0.0
2022-01-21 15:15:53.508566,0.0,0.0,0.0
2022-01-21 15:15:54.007124,0.0,0.0,0.0
2022-01-21 15:15:54.501426,0.0,0.0,0.0
2022-01-21 15:15:55.009217,0.0,0.0,0.0
2022-01-21 15:15:55.505463,0.0,0.0,0.0
2022-01-21 15:15:56.006022,0.0,0.0,0.0
2022-01-21 15:15:56.510782,0.0,0.0,0.0
2022-01-21 15:15:57.007517,0.0,0.0,0.0
2022-01-21 15:15:57.503368,0.0,0.0,0.0
2022-01-21 15:15:58.001544,0.0,0.0,0.0
2022-01-21 15:15:58.505898,0.0,0.0,0.0
2022-01-21 15:15:59.004916,0.0,0.0,0.0
2022-01-21 15:15:59.509242,0.0,0.0,0.0
2022-01-21 15:16:00.007311,0.0,0.0,0.0
2022-01-21 15:16:00.505947,0.0,0.0,0.0
2022-01-21 15:16:01.003804,0.0,0.0,0.0
2022-01-21 15:16:01.510534,0.0,0.0,0.0
2022-01-21 15:16:02.008682,0.0,0.0,0.0
2022-01-21 15:16:02.503422,0.0,0.0,0.0
2022-01-21 15:16:03.505179,0.0,0.0,0.0
2022-01-21 15:16:04.009946,0.0,0.0,0.0
2022-01-21 15:16:04.504728,0.0,0.0,0.0
2022-01-21 15:16:05.004171,0.0,0.0,0.0
2022-01-21 15:16:05.509549,0.0,0.0,0.0
2022-01-21 15:16:06.008443,0.0,0.0,0.0
2022-01-21 15:16:06.502860,0.0,0.0,0.0
2022-01-21 15:16:07.010759,0.0,0.0,0.0
2022-01-21 15:16:07.504964,0.0,0.0,0.0
2022-01-21 15:16:08.003117,0.0,0.0,0.0
2022-01-21 15:16:08.506862,0.0,0.0,0.0
2022-01-21 15:16:09.007378,0.0,0.0,0.0
2022-01-21 15:16:09.502882,0.0,0.0,0.0
2022-01-21 15:16:10.009468,0.0,0.0,0.0
2022-01-21 15:16:10.506361,0.0,0.0,0.0
2022-01-21 15:16:11.010809,0.0,0.0,0.0
2022-01-21 15:16:11.505569,0.0,0.0,0.0
2022-01-21 15:16:12.003790,0.0,0.0,0.0
2022-01-21 15:16:12.507953,0.0,0.0,0.0
2022-01-21 15:16:13.005829,0.0,0.0,0.0
2022-01-21 15:16:13.501431,0.0,0.0,0.0
2022-01-21 15:16:14.011302,0.0,0.0,0.0
2022-01-21 15:16:14.507237,0.0,0.0,0.0
2022-01-21 15:16:15.008178,0.0,0.0,0.0
2022-01-21 15:16:15.502993,0.0,0.0,0.0
2022-01-21 15:16:16.002350,0.0,0.0,0.0
2022-01-21 15:16:16.507209,0.0,0.0,0.0
2022-01-21 15:16:17.005507,0.0,0.0,0.0
2022-01-21 15:16:17.501821,0.0,0.0,0.0
2022-01-21 15:16:18.010401,0.0,0.0,0.0
2022-01-21 15:16:18.506548,0.0,0.0,0.0
2022-01-21 15:16:19.004423,0.0,0.0,0.0
2022-01-21 15:16:19.510030,0.0,0.0,0.0
2022-01-21 15:16:20.008234,0.0,0.0,0.0
2022-01-21 15:16:20.504549,0.0,0.0,0.0
2022-01-21 15:16:21.004730,0.0,0.0,0.0
2022-01-21 15:16:21.509422,0.0,0.0,0.0
2022-01-21 15:16:22.008242,0.0,0.0,0.0
2022-01-21 15:16:22.502780,0.0,0.0,0.0
2022-01-21 15:16:23.008249,0.0,0.0,0.0
2022-01-21 15:16:23.506829,0.0,0.0,0.0
2022-01-21 15:16:24.004937,0.0,0.0,0.0
2022-01-21 15:16:24.510516,0.0,0.0,0.0
2022-01-21 15:16:25.008516,0.0,0.0,0.0
2022-01-21 15:16:25.502203,0.0,0.0,0.0
2022-01-21 15:16:26.010153,0.0,0.0,0.0
2022-01-21 15:16:26.503827,0.0,0.0,0.0
2022-01-21 15:16:27.002264,0.0,0.0,0.0
2022-01-21 15:16:27.507699,0.0,0.0,0.0
2022-01-21 15:16:28.007169,0.0,0.0,0.0
2022-01-21 15:16:28.503588,0.0,0.0,0.0
2022-01-21 15:16:29.002394,0.0,0.0,0.0
2022-01-21 15:16:29.507536,0.0,0.0,0.0
2022-01-21 15:16:30.005189,0.0,0.0,0.0
2022-01-21 15:16:30.508130,0.0,0.0,0.0
2022-01-21 15:16:31.005016,0.0,0.0,0.0
2022-01-21 15:16:31.509403,0.0,0.0,0.0
2022-01-21 15:16:32.008064,0.0,0.0,0.0
2022-01-21 15:16:32.505327,0.0,0.0,0.0
2022-01-21 15:16:33.003474,0.0,0.0,0.0
2022-01-21 15:16:33.510505,0.0,0.0,0.0
2022-01-21 15:16:34.008459,0.0,0.0,0.0
2022-01-21 15:16:34.502681,0.0,0.0,0.0
2022-01-21 15:16:35.011169,0.0,0.0,0.0
2022-01-21 15:16:35.508201,0.0,0.0,0.0
2022-01-21 15:16:36.007226,0.0,0.0,0.0
2022-01-21 15:16:36.502665,0.0,0.0,0.0
2022-01-21 15:16:37.002467,0.0,0.0,0.0
2022-01-21 15:16:37.506384,0.0,0.0,0.0
2022-01-21 15:16:38.004200,0.0,0.0,0.0
2022-01-21 15:16:38.508773,0.0,0.0,0.0
2022-01-21 15:16:39.006736,0.0,0.0,0.0
2022-01-21 15:16:39.503361,0.0,0.0,0.0
2022-01-21 15:16:40.001731,0.0,0.0,0.0
2022-01-21 15:16:40.508315,0.0,0.0,0.0
2022-01-21 15:16:41.007628,0.0,0.0,0.0
2022-01-21 15:16:41.502883,0.0,0.0,0.0
2022-01-21 15:16:42.001684,0.0,0.0,0.0
2022-01-21 15:16:42.507204,0.0,0.0,0.0
2022-01-21 15:16:43.006029,0.0,0.0,0.0
2022-01-21 15:16:43.501837,0.0,0.0,0.0
2022-01-21 15:16:44.009530,0.0,0.0,0.0
2022-01-21 15:16:44.504696,0.0,0.0,0.0
2022-01-21 15:16:45.003524,0.0,0.0,0.0
2022-01-21 15:16:45.501256,0.0,0.0,0.0
2022-01-21 15:16:46.003429,0.0,0.0,0.0
2022-01-21 15:16:46.510920,0.0,0.0,0.0
2022-01-21 15:16:47.010242,0.0,0.0,0.0
2022-01-21 15:16:47.509823,0.0,0.0,0.0
2022-01-21 15:16:48.008412,0.0,0.0,0.0
2022-01-21 15:16:48.504080,0.0,0.0,0.0
2022-01-21 15:16:49.002791,0.0,0.0,0.0
2022-01-21 15:16:49.507376,0.0,0.0,0.0
2022-01-21 15:16:50.005723,0.0,0.0,0.0
2022-01-21 15:16:50.501363,0.0,0.0,0.0
2022-01-21 15:16:51.007117,0.0,0.0,0.0
2022-01-21 15:16:51.502887,0.0,0.0,0.0
2022-01-21 15:16:52.010480,0.0,0.0,0.0
2022-01-21 15:16:52.504072,0.0,0.0,0.0
2022-01-21 15:16:53.002602,0.0,0.0,0.0
2022-01-21 15:16:53.508592,0.0,0.0,0.0
2022-01-21 15:16:54.006929,0.0,0.0,0.0
2022-01-21 15:16:54.503674,0.0,0.0,0.0
2022-01-21 15:16:55.002293,0.0,0.0,0.0
2022-01-21 15:16:55.507547,0.0,0.0,0.0
2022-01-21 15:16:56.005319,0.0,0.0,0.0
2022-01-21 15:16:56.510385,0.0,0.0,0.0
2022-01-21 15:16:57.007562,0.0,0.0,0.0
2022-01-21 15:16:57.504104,0.0,0.0,0.0
2022-01-21 15:16:58.002432,0.0,0.0,0.0
2022-01-21 15:16:58.506626,0.0,0.0,0.0
2022-01-21 15:16:59.006437,0.0,0.0,0.0
2022-01-21 15:16:59.502903,0.0,0.0,0.0
2022-01-21 15:17:00.002452,0.0,0.0,0.0
2022-01-21 15:17:00.508547,0.0,0.0,0.0
2022-01-21 15:17:01.007957,0.0,0.0,0.0
2022-01-21 15:17:01.502666,0.0,0.0,0.0
2022-01-21 15:17:02.010399,0.0,0.0,0.0
2022-01-21 15:17:02.507343,0.0,0.0,0.0
2022-01-21 15:17:03.005790,0.0,0.0,0.0
2022-01-21 15:17:03.503186,0.0,0.0,0.0
2022-01-21 15:17:04.011168,0.0,0.0,0.0
2022-01-21 15:17:04.506404,0.0,0.0,0.0
2022-01-21 15:17:05.003117,0.0,0.0,0.0
2022-01-21 15:17:05.507108,0.0,0.0,0.0
2022-01-21 15:17:06.006334,0.0,0.0,0.0
2022-01-21 15:17:06.501871,0.0,0.0,0.0
2022-01-21 15:17:07.002187,0.0,0.0,0.0
2022-01-21 15:17:07.508455,0.0,0.0,0.0
2022-01-21 15:17:08.006443,0.0,0.0,0.0
2022-01-21 15:17:08.501108,0.0,0.0,0.0
2022-01-21 15:17:09.010121,0.0,0.0,0.0
2022-01-21 15:17:09.504752,0.0,0.0,0.0
2022-01-21 15:17:10.002342,0.0,0.0,0.0
2022-01-21 15:17:10.507731,0.0,0.0,0.0
2022-01-21 15:17:11.002263,0.0,0.0,0.0
2022-01-21 15:17:11.509789,0.0,0.0,0.0
2022-01-21 15:17:12.007817,0.0,0.0,0.0
2022-01-21 15:17:12.503806,0.0,0.0,0.0
2022-01-21 15:17:13.002589,0.0,0.0,0.0
2022-01-21 15:17:13.508961,0.0,0.0,0.0
2022-01-21 15:17:14.006794,0.0,0.0,0.0
2022-01-21 15:17:14.501968,0.0,0.0,0.0
2022-01-21 15:17:15.010697,0.0,0.0,0.0
2022-01-21 15:17:15.506455,0.0,0.0,0.0
2022-01-21 15:17:16.006697,0.0,0.0,0.0
2022-01-21 15:17:16.509989,0.0,0.0,0.0
2022-01-21 15:17:17.008045,0.0,0.0,0.0
2022-01-21 15:17:17.502649,0.0,0.0,0.0
2022-01-21 15:17:18.011160,0.0,0.0,0.0
2022-01-21 15:17:18.507559,0.0,0.0,0.0
2022-01-21 15:17:19.006401,0.0,0.0,0.0
2022-01-21 15:17:19.503689,0.0,0.0,0.0
2022-01-21 15:17:20.002528,0.0,0.0,0.0
2022-01-21 15:17:20.508509,0.0,0.0,0.0
2022-01-21 15:17:21.007383,0.0,0.0,0.0
2022-01-21 15:17:21.502508,0.0,0.0,0.0
2022-01-21 15:17:22.010361,0.0,0.0,0.0
2022-01-21 15:17:22.505110,0.0,0.0,0.0
2022-01-21 15:17:23.004041,0.0,0.0,0.0
2022-01-21 15:17:23.510494,0.0,0.0,0.0
2022-01-21 15:17:24.009882,0.0,0.0,0.0
2022-01-21 15:17:24.506524,0.0,0.0,0.0
2022-01-21 15:17:25.001351,0.0,0.0,0.0
2022-01-21 15:17:25.505134,0.0,0.0,0.0
2022-01-21 15:17:26.009997,0.0,0.0,0.0
2022-01-21 15:17:26.505099,0.0,0.0,0.0
2022-01-21 15:17:27.002785,0.0,0.0,0.0
2022-01-21 15:17:27.507878,0.0,0.0,0.0
2022-01-21 15:17:28.005854,0.0,0.0,0.0
2022-01-21 15:17:28.509648,0.0,0.0,0.0
2022-01-21 15:17:29.011067,0.0,0.0,0.0
2022-01-21 15:17:29.506840,0.0,0.0,0.0
2022-01-21 15:17:30.005675,0.0,0.0,0.0
2022-01-21 15:17:30.510677,0.0,0.0,0.0
2022-01-21 15:17:31.008695,0.0,0.0,0.0
2022-01-21 15:17:31.503058,0.0,0.0,0.0
2022-01-21 15:17:32.002284,0.0,0.0,0.0
2022-01-21 15:17:32.505926,0.0,0.0,0.0
2022-01-21 15:17:33.005404,0.0,0.0,0.0
2022-01-21 15:17:33.510747,0.0,0.0,0.0
2022-01-21 15:17:34.009394,0.0,0.0,0.0
2022-01-21 15:17:34.505729,0.0,0.0,0.0
2022-01-21 15:17:35.003488,0.0,0.0,0.0
2022-01-21 15:17:35.509532,0.0,0.0,0.0
2022-01-21 15:17:36.007961,0.0,0.0,0.0
2022-01-21 15:17:36.501863,0.0,0.0,0.0
2022-01-21 15:17:37.002527,0.0,0.0,0.0
2022-01-21 15:17:37.507468,0.0,0.0,0.0
2022-01-21 15:17:38.005472,0.0,0.0,0.0
2022-01-21 15:17:38.502268,0.0,0.0,0.0
2022-01-21 15:17:39.010356,0.0,0.0,0.0
2022-01-21 15:17:39.507182,0.0,0.0,0.0
2022-01-21 15:17:40.005387,0.0,0.0,0.0
2022-01-21 15:17:40.506946,0.0,0.0,0.0
2022-01-21 15:17:41.005054,0.0,0.0,0.0
2022-01-21 15:17:41.510392,0.0,0.0,0.0
2022-01-21 15:17:42.008141,0.0,0.0,0.0
2022-01-21 15:17:42.503740,0.0,0.0,0.0
2022-01-21 15:17:43.002682,0.0,0.0,0.0
2022-01-21 15:17:43.509325,0.0,0.0,0.0
2022-01-21 15:17:44.007460,0.0,0.0,0.0
2022-01-21 15:17:44.501247,0.0,0.0,0.0
2022-01-21 15:17:45.010278,0.0,0.0,0.0
2022-01-21 15:17:45.506709,0.0,0.0,0.0
2022-01-21 15:17:46.007574,0.0,0.0,0.0
2022-01-21 15:17:46.502155,0.0,0.0,0.0
2022-01-21 15:17:47.009702,0.0,0.0,0.0
2022-01-21 15:17:47.506780,0.0,0.0,0.0
2022-01-21 15:17:48.006047,0.0,0.0,0.0
2022-01-21 15:17:48.501157,0.0,0.0,0.0
2022-01-21 15:17:49.011027,0.0,0.0,0.0
2022-01-21 15:17:49.507875,0.0,0.0,0.0
2022-01-21 15:17:50.006881,0.0,0.0,0.0
2022-01-21 15:17:50.501494,0.0,0.0,0.0
2022-01-21 15:17:51.010175,0.0,0.0,0.0
2022-01-21 15:17:51.504733,0.0,0.0,0.0
2022-01-21 15:17:52.002789,0.0,0.0,0.0
2022-01-21 15:17:52.509812,0.0,0.0,0.0
2022-01-21 15:17:53.007569,0.0,0.0,0.0
2022-01-21 15:17:53.502815,0.0,0.0,0.0
2022-01-21 15:17:54.007289,0.0,0.0,0.0
2022-01-21 15:17:54.501499,0.0,0.0,0.0
2022-01-21 15:17:55.009758,0.0,0.0,0.0
2022-01-21 15:17:55.506207,0.0,0.0,0.0
2022-01-21 15:17:56.004921,0.0,0.0,0.0
2022-01-21 15:17:56.503402,0.0,0.0,0.0
2022-01-21 15:17:57.002443,0.0,0.0,0.0
2022-01-21 15:17:57.505893,0.0,0.0,0.0
2022-01-21 15:17:58.003513,0.0,0.0,0.0
2022-01-21 15:17:58.508385,0.0,0.0,0.0
2022-01-21 15:17:59.007300,0.0,0.0,0.0
2022-01-21 15:17:59.502223,0.0,0.0,0.0
2022-01-21 15:18:00.010295,0.0,0.0,0.0
2022-01-21 15:18:00.503911,0.0,0.0,0.0
2022-01-21 15:18:01.005217,0.0,0.0,0.0
2022-01-21 15:18:01.501400,0.0,0.0,0.0
2022-01-21 15:18:02.010579,0.0,0.0,0.0
2022-01-21 15:18:02.505461,0.0,0.0,0.0
2022-01-21 15:18:03.004143,0.0,0.0,0.0
2022-01-21 15:18:03.510660,0.0,0.0,0.0
2022-01-21 15:18:04.008161,0.0,0.0,0.0
2022-01-21 15:18:04.503177,0.0,0.0,0.0
2022-01-21 15:18:05.001274,0.0,0.0,0.0
2022-01-21 15:18:05.509110,0.0,0.0,0.0
2022-01-21 15:18:06.007540,0.0,0.0,0.0
2022-01-21 15:18:06.501670,0.0,0.0,0.0
2022-01-21 15:18:07.001312,0.0,0.0,0.0
2022-01-21 15:18:07.506871,0.0,0.0,0.0
2022-01-21 15:18:08.005894,0.0,0.0,0.0
2022-01-21 15:18:09.005137,0.0,0.0,0.0
2022-01-21 15:18:09.510033,0.0,0.0,0.0
2022-01-21 15:18:10.008436,0.0,0.0,0.0
2022-01-21 15:18:10.505548,0.0,0.0,0.0
2022-01-21 15:18:11.009754,0.0,0.0,0.0
2022-01-21 15:18:11.507151,0.0,0.0,0.0
2022-01-21 15:18:12.004786,0.0,0.0,0.0
2022-01-21 15:18:12.510782,0.0,0.0,0.0
2022-01-21 15:18:13.007936,0.0,0.0,0.0
2022-01-21 15:18:13.502509,0.0,0.0,0.0
2022-01-21 15:18:14.010029,0.0,0.0,0.0
2022-01-21 15:18:14.507838,0.0,0.0,0.0
2022-01-21 15:18:15.005697,0.0,0.0,0.0
2022-01-21 15:18:15.510901,0.0,0.0,0.0
2022-01-21 15:18:16.010856,0.0,0.0,0.0
2022-01-21 15:18:16.506651,0.0,0.0,0.0
2022-01-21 15:18:17.005045,0.0,0.0,0.0
2022-01-21 15:18:17.510812,0.0,0.0,0.0
2022-01-21 15:18:18.010461,0.0,0.0,0.0
2022-01-21 15:18:18.504178,0.0,0.0,0.0
2022-01-21 15:18:19.004906,0.0,0.0,0.0
2022-01-21 15:18:19.507199,0.0,0.0,0.0
2022-01-21 15:18:20.009028,0.0,0.0,0.0
2022-01-21 15:18:20.507767,0.0,0.0,0.0
2022-01-21 15:18:21.010774,0.0,0.0,0.0
2022-01-21 15:18:21.503151,0.0,0.0,0.0
2022-01-21 15:18:22.004729,0.0,0.0,0.0
2022-01-21 15:18:22.506400,0.0,0.0,0.0
2022-01-21 15:18:23.010112,0.0,0.0,0.0
2022-01-21 15:18:23.510010,0.0,0.0,0.0
2022-01-21 15:18:24.004206,0.0,0.0,0.0
2022-01-21 15:18:24.502560,0.0,0.0,0.0
2022-01-21 15:18:25.001295,0.0,0.0,0.0
2022-01-21 15:18:25.509571,0.0,0.0,0.0
2022-01-21 15:18:26.007655,0.0,0.0,0.0
2022-01-21 15:18:26.503080,0.0,0.0,0.0
2022-01-21 15:18:27.001198,0.0,0.0,0.0
2022-01-21 15:18:27.506105,0.0,0.0,0.0
2022-01-21 15:18:28.004007,0.0,0.0,0.0
2022-01-21 15:18:28.504150,0.0,0.0,0.0
2022-01-21 15:18:29.003502,0.0,0.0,0.0
2022-01-21 15:18:29.509941,0.0,0.0,0.0
2022-01-21 15:18:30.008136,0.0,0.0,0.0
2022-01-21 15:18:30.503473,0.0,0.0,0.0
2022-01-21 15:18:31.002552,0.0,0.0,0.0
2022-01-21 15:18:31.502154,0.0,0.0,0.0
2022-01-21 15:18:32.004302,0.0,0.0,0.0
2022-01-21 15:18:32.509353,0.0,0.0,0.0
2022-01-21 15:18:33.008398,0.0,0.0,0.0
2022-01-21 15:18:33.505143,0.0,0.0,0.0
2022-01-21 15:18:34.005060,0.0,0.0,0.0
2022-01-21 15:18:34.501516,0.0,0.0,0.0
2022-01-21 15:18:35.010362,0.0,0.0,0.0
2022-01-21 15:18:35.505252,0.0,0.0,0.0
2022-01-21 15:18:36.008662,0.0,0.0,0.0
2022-01-21 15:18:36.506740,0.0,0.0,0.0
2022-01-21 15:18:37.006193,0.0,0.0,0.0
2022-01-21 15:18:37.503822,0.0,0.0,0.0
2022-01-21 15:18:38.001927,0.0,0.0,0.0
2022-01-21 15:18:38.509823,0.0,0.0,0.0
2022-01-21 15:18:39.007987,0.0,0.0,0.0
2022-01-21 15:18:39.503943,0.0,0.0,0.0
2022-01-21 15:18:40.002470,0.0,0.0,0.0
2022-01-21 15:18:40.508861,0.0,0.0,0.0
2022-01-21 15:18:41.005684,0.0,0.0,0.0
2022-01-21 15:18:41.510587,0.0,0.0,0.0
2022-01-21 15:18:42.008871,0.0,0.0,0.0
2022-01-21 15:18:42.507023,0.0,0.0,0.0
2022-01-21 15:18:43.006296,0.0,0.0,0.0
2022-01-21 15:18:43.510897,0.0,0.0,0.0
2022-01-21 15:18:44.009077,0.0,0.0,0.0
2022-01-21 15:18:44.503673,0.0,0.0,0.0
2022-01-21 15:18:45.001267,0.0,0.0,0.0
2022-01-21 15:18:45.506430,0.0,0.0,0.0
2022-01-21 15:18:46.005446,0.0,0.0,0.0
2022-01-21 15:18:46.510259,0.0,0.0,0.0
2022-01-21 15:18:47.010595,0.0,0.0,0.0
2022-01-21 15:18:47.507184,0.0,0.0,0.0
2022-01-21 15:18:48.005857,0.0,0.0,0.0
2022-01-21 15:18:48.502052,0.0,0.0,0.0
2022-01-21 15:18:49.011019,0.0,0.0,0.0
2022-01-21 15:18:49.504550,0.0,0.0,0.0
2022-01-21 15:18:50.004538,0.0,0.0,0.0
2022-01-21 15:18:50.510735,0.0,0.0,0.0
2022-01-21 15:18:51.007743,0.0,0.0,0.0
2022-01-21 15:18:51.509182,0.0,0.0,0.0
2022-01-21 15:18:52.007315,0.0,0.0,0.0
2022-01-21 15:18:52.503656,0.0,0.0,0.0
2022-01-21 15:18:53.002352,0.0,0.0,0.0
2022-01-21 15:18:53.507284,0.0,0.0,0.0
2022-01-21 15:18:54.006136,0.0,0.0,0.0
2022-01-21 15:18:54.502641,0.0,0.0,0.0
2022-01-21 15:18:55.010999,0.0,0.0,0.0
2022-01-21 15:18:55.506259,0.0,0.0,0.0
2022-01-21 15:18:56.005676,0.0,0.0,0.0
2022-01-21 15:18:56.501107,0.0,0.0,0.0
2022-01-21 15:18:57.009282,0.0,0.0,0.0
2022-01-21 15:18:57.501091,0.0,0.0,0.0
2022-01-21 15:18:58.008405,0.0,0.0,0.0
2022-01-21 15:18:58.504115,0.0,0.0,0.0
2022-01-21 15:18:59.002381,0.0,0.0,0.0
2022-01-21 15:18:59.507987,0.0,0.0,0.0
2022-01-21 15:19:00.005038,0.0,0.0,0.0
2022-01-21 15:19:00.502145,0.0,0.0,0.0
2022-01-21 15:19:01.010088,0.0,0.0,0.0
2022-01-21 15:19:01.506408,0.0,0.0,0.0
2022-01-21 15:19:02.006001,0.0,0.0,0.0
2022-01-21 15:19:02.501845,0.0,0.0,0.0
2022-01-21 15:19:03.010326,0.0,0.0,0.0
2022-01-21 15:19:03.506408,0.0,0.0,0.0
2022-01-21 15:19:04.003708,0.0,0.0,0.0
2022-01-21 15:19:04.511106,0.0,0.0,0.0
2022-01-21 15:19:05.008711,0.0,0.0,0.0
2022-01-21 15:19:05.504010,0.0,0.0,0.0
2022-01-21 15:19:06.001469,0.0,0.0,0.0
2022-01-21 15:19:06.508259,0.0,0.0,0.0
2022-01-21 15:19:07.005086,0.0,0.0,0.0
2022-01-21 15:19:07.510397,0.0,0.0,0.0
2022-01-21 15:19:08.007424,0.0,0.0,0.0
2022-01-21 15:19:08.504691,0.0,0.0,0.0
2022-01-21 15:19:09.002853,0.0,0.0,0.0
2022-01-21 15:19:09.508416,0.0,0.0,0.0
2022-01-21 15:19:10.005137,0.0,0.0,0.0
2022-01-21 15:19:10.501142,0.0,0.0,0.0
2022-01-21 15:19:11.006148,0.0,0.0,0.0
2022-01-21 15:19:11.502183,0.0,0.0,0.0
2022-01-21 15:19:12.009368,0.0,0.0,0.0
2022-01-21 15:19:12.504510,0.0,0.0,0.0
2022-01-21 15:19:13.004053,0.0,0.0,0.0
2022-01-21 15:19:13.508597,0.0,0.0,0.0
2022-01-21 15:19:14.007762,0.0,0.0,0.0
2022-01-21 15:19:14.502284,0.0,0.0,0.0
2022-01-21 15:19:15.008907,0.0,0.0,0.0
2022-01-21 15:19:15.505097,0.0,0.0,0.0
2022-01-21 15:19:16.002682,0.0,0.0,0.0
2022-01-21 15:19:16.510341,0.0,0.0,0.0
2022-01-21 15:19:17.007612,0.0,0.0,0.0
2022-01-21 15:19:17.504911,0.0,0.0,0.0
2022-01-21 15:19:18.002806,0.0,0.0,0.0
2022-01-21 15:19:18.506398,0.0,0.0,0.0
2022-01-21 15:19:19.004426,0.0,0.0,0.0
2022-01-21 15:19:19.502771,0.0,0.0,0.0
2022-01-21 15:19:20.010676,0.0,0.0,0.0
2022-01-21 15:19:20.506779,0.0,0.0,0.0
2022-01-21 15:19:21.004511,0.0,0.0,0.0
2022-01-21 15:19:21.509258,0.0,0.0,0.0
2022-01-21 15:19:22.008581,0.0,0.0,0.0
2022-01-21 15:19:22.503953,0.0,0.0,0.0
2022-01-21 15:19:23.001074,0.0,0.0,0.0
2022-01-21 15:19:23.507073,0.0,0.0,0.0
2022-01-21 15:19:24.005284,0.0,0.0,0.0
2022-01-21 15:19:24.501077,0.0,0.0,0.0
2022-01-21 15:19:25.011115,0.0,0.0,0.0
2022-01-21 15:19:25.507048,0.0,0.0,0.0
2022-01-21 15:19:26.005227,0.0,0.0,0.0
2022-01-21 15:19:26.502337,0.0,0.0,0.0
2022-01-21 15:19:27.010435,0.0,0.0,0.0
2022-01-21 15:19:27.506152,0.0,0.0,0.0
2022-01-21 15:19:28.006833,0.0,0.0,0.0
2022-01-21 15:19:28.501876,0.0,0.0,0.0
2022-01-21 15:19:29.010390,0.0,0.0,0.0
2022-01-21 15:19:29.505087,0.0,0.0,0.0
2022-01-21 15:19:30.001686,0.0,0.0,0.0
2022-01-21 15:19:30.505133,0.0,0.0,0.0
2022-01-21 15:19:31.005037,0.0,0.0,0.0
2022-01-21 15:19:31.502391,0.0,0.0,0.0
2022-01-21 15:19:32.002656,0.0,0.0,0.0
2022-01-21 15:19:32.508672,0.0,0.0,0.0
2022-01-21 15:19:33.011277,0.0,0.0,0.0
2022-01-21 15:19:33.508410,0.0,0.0,0.0
2022-01-21 15:19:34.006663,0.0,0.0,0.0
2022-01-21 15:19:34.501348,0.0,0.0,0.0
2022-01-21 15:19:35.008756,0.0,0.0,0.0
2022-01-21 15:19:35.504713,0.0,0.0,0.0
2022-01-21 15:19:36.003213,0.0,0.0,0.0
2022-01-21 15:19:36.509228,0.0,0.0,0.0
2022-01-21 15:19:37.008460,0.0,0.0,0.0
2022-01-21 15:19:37.504529,0.0,0.0,0.0
2022-01-21 15:19:38.002893,0.0,0.0,0.0
2022-01-21 15:19:38.508925,0.0,0.0,0.0
2022-01-21 15:19:39.006266,0.0,0.0,0.0
2022-01-21 15:19:39.502292,0.0,0.0,0.0
2022-01-21 15:19:40.010019,0.0,0.0,0.0
2022-01-21 15:19:40.507381,0.0,0.0,0.0
2022-01-21 15:19:41.004168,0.0,0.0,0.0
2022-01-21 15:19:41.508256,0.0,0.0,0.0
2022-01-21 15:19:42.005453,0.0,0.0,0.0
2022-01-21 15:19:42.501773,0.0,0.0,0.0
2022-01-21 15:19:43.009892,0.0,0.0,0.0
2022-01-21 15:19:43.505169,0.0,0.0,0.0
2022-01-21 15:19:44.003584,0.0,0.0,0.0
2022-01-21 15:19:44.509247,0.0,0.0,0.0
2022-01-21 15:19:45.009486,0.0,0.0,0.0
2022-01-21 15:19:45.504120,0.0,0.0,0.0
2022-01-21 15:19:46.002650,0.0,0.0,0.0
2022-01-21 15:19:46.508763,0.0,0.0,0.0
2022-01-21 15:19:47.006404,0.0,0.0,0.0
2022-01-21 15:19:47.501244,0.0,0.0,0.0
2022-01-21 15:19:48.009949,0.0,0.0,0.0
2022-01-21 15:19:48.506711,0.0,0.0,0.0
2022-01-21 15:19:49.005062,0.0,0.0,0.0
2022-01-21 15:19:49.501248,0.0,0.0,0.0
2022-01-21 15:19:50.009995,0.0,0.0,0.0
2022-01-21 15:19:50.501187,0.0,0.0,0.0
2022-01-21 15:19:51.010529,0.0,0.0,0.0
2022-01-21 15:19:51.507441,0.0,0.0,0.0
2022-01-21 15:19:52.005908,0.0,0.0,0.0
2022-01-21 15:19:52.501475,0.0,0.0,0.0
2022-01-21 15:19:53.010383,0.0,0.0,0.0
2022-01-21 15:19:53.505910,0.0,0.0,0.0
2022-01-21 15:19:54.005153,0.0,0.0,0.0
2022-01-21 15:19:54.501809,0.0,0.0,0.0
2022-01-21 15:19:55.009811,0.0,0.0,0.0
2022-01-21 15:19:55.507127,0.0,0.0,0.0
2022-01-21 15:19:56.006236,0.0,0.0,0.0
2022-01-21 15:19:56.501754,0.0,0.0,0.0
2022-01-21 15:19:57.010885,0.0,0.0,0.0
2022-01-21 15:19:57.507060,0.0,0.0,0.0
2022-01-21 15:19:58.004990,0.0,0.0,0.0
2022-01-21 15:19:58.502242,0.0,0.0,0.0
2022-01-21 15:19:59.006483,0.0,0.0,0.0
2022-01-21 15:19:59.503413,0.0,0.0,0.0
2022-01-21 15:20:00.001888,0.0,0.0,0.0
2022-01-21 15:20:00.507446,0.0,0.0,0.0
2022-01-21 15:20:01.007494,0.0,0.0,0.0
2022-01-21 15:20:01.502251,0.0,0.0,0.0
2022-01-21 15:20:02.001258,0.0,0.0,0.0
2022-01-21 15:20:02.507189,0.0,0.0,0.0
2022-01-21 15:20:03.006310,0.0,0.0,0.0
2022-01-21 15:20:03.503412,0.0,0.0,0.0
2022-01-21 15:20:04.003320,0.0,0.0,0.0
2022-01-21 15:20:04.508711,0.0,0.0,0.0
2022-01-21 15:20:05.006250,0.0,0.0,0.0
2022-01-21 15:20:05.501459,0.0,0.0,0.0
2022-01-21 15:20:06.010786,0.0,0.0,0.0
2022-01-21 15:20:06.506782,0.0,0.0,0.0
2022-01-21 15:20:07.006785,0.0,0.0,0.0
2022-01-21 15:20:07.510782,0.0,0.0,0.0
2022-01-21 15:20:08.008744,0.0,0.0,0.0
2022-01-21 15:20:08.504809,0.0,0.0,0.0
2022-01-21 15:20:09.002712,0.0,0.0,0.0
2022-01-21 15:20:09.507258,0.0,0.0,0.0
2022-01-21 15:20:10.004826,0.0,0.0,0.0
2022-01-21 15:20:10.510493,0.0,0.0,0.0
2022-01-21 15:20:11.006113,0.0,0.0,0.0
2022-01-21 15:20:11.502642,0.0,0.0,0.0
2022-01-21 15:20:12.010676,0.0,0.0,0.0
2022-01-21 15:20:12.506397,0.0,0.0,0.0
2022-01-21 15:20:13.004063,0.0,0.0,0.0
2022-01-21 15:20:13.510048,0.0,0.0,0.0
2022-01-21 15:20:14.010920,0.0,0.0,0.0
2022-01-21 15:20:14.505370,0.0,0.0,0.0
2022-01-21 15:20:15.004614,0.0,0.0,0.0
2022-01-21 15:20:15.510615,0.0,0.0,0.0
2022-01-21 15:20:16.011119,0.0,0.0,0.0
2022-01-21 15:20:16.507668,0.0,0.0,0.0
2022-01-21 15:20:17.006811,0.0,0.0,0.0
2022-01-21 15:20:17.503232,0.0,0.0,0.0
2022-01-21 15:20:18.002672,0.0,0.0,0.0
2022-01-21 15:20:18.508521,0.0,0.0,0.0
2022-01-21 15:20:19.007105,0.0,0.0,0.0
2022-01-21 15:20:19.503205,0.0,0.0,0.0
2022-01-21 15:20:20.001470,0.0,0.0,0.0
2022-01-21 15:20:20.507734,0.0,0.0,0.0
2022-01-21 15:20:21.005559,0.0,0.0,0.0
2022-01-21 15:20:21.502007,0.0,0.0,0.0
2022-01-21 15:20:22.009934,0.0,0.0,0.0
2022-01-21 15:20:22.507420,0.0,0.0,0.0
2022-01-21 15:20:23.005298,0.0,0.0,0.0
2022-01-21 15:20:23.501842,0.0,0.0,0.0
2022-01-21 15:20:24.009094,0.0,0.0,0.0
2022-01-21 15:20:24.506120,0.0,0.0,0.0
2022-01-21 15:20:25.002819,0.0,0.0,0.0
2022-01-21 15:20:25.508655,0.0,0.0,0.0
2022-01-21 15:20:26.006870,0.0,0.0,0.0
2022-01-21 15:20:26.502034,0.0,0.0,0.0
2022-01-21 15:20:27.001528,0.0,0.0,0.0
2022-01-21 15:20:27.504690,0.0,0.0,0.0
2022-01-21 15:20:28.003481,0.0,0.0,0.0
2022-01-21 15:20:28.508170,0.0,0.0,0.0
2022-01-21 15:20:29.006309,0.0,0.0,0.0
2022-01-21 15:20:29.503697,0.0,0.0,0.0
2022-01-21 15:20:30.002074,0.0,0.0,0.0
2022-01-21 15:20:30.507384,0.0,0.0,0.0
2022-01-21 15:20:31.006224,0.0,0.0,0.0
2022-01-21 15:20:31.501868,0.0,0.0,0.0
2022-01-21 15:20:32.010463,0.0,0.0,0.0
2022-01-21 15:20:32.506085,0.0,0.0,0.0
2022-01-21 15:20:33.006309,0.0,0.0,0.0
2022-01-21 15:20:33.502319,0.0,0.0,0.0
2022-01-21 15:20:34.505781,0.0,0.0,0.0
2022-01-21 15:20:35.004297,0.0,0.0,0.0
2022-01-21 15:20:35.502606,0.0,0.0,0.0
2022-01-21 15:20:36.001100,0.0,0.0,0.0
2022-01-21 15:20:36.506973,0.0,0.0,0.0
2022-01-21 15:20:37.004696,0.0,0.0,0.0
2022-01-21 15:20:37.509881,0.0,0.0,0.0
2022-01-21 15:20:38.008029,0.0,0.0,0.0
2022-01-21 15:20:38.504399,0.0,0.0,0.0
2022-01-21 15:20:39.004644,0.0,0.0,0.0
2022-01-21 15:20:39.510832,0.0,0.0,0.0
2022-01-21 15:20:40.007412,0.0,0.0,0.0
2022-01-21 15:20:40.502906,0.0,0.0,0.0
2022-01-21 15:20:41.001782,0.0,0.0,0.0
2022-01-21 15:20:41.507343,0.0,0.0,0.0
2022-01-21 15:20:42.004974,0.0,0.0,0.0
2022-01-21 15:20:42.510714,0.0,0.0,0.0
2022-01-21 15:20:43.010145,0.0,0.0,0.0
2022-01-21 15:20:43.507259,0.0,0.0,0.0
2022-01-21 15:20:44.006593,0.0,0.0,0.0
2022-01-21 15:20:44.501619,0.0,0.0,0.0
2022-01-21 15:20:45.010788,0.0,0.0,0.0
2022-01-21 15:20:45.506270,0.0,0.0,0.0
2022-01-21 15:20:46.004634,0.0,0.0,0.0
2022-01-21 15:20:46.501697,0.0,0.0,0.0
2022-01-21 15:20:47.010106,0.0,0.0,0.0
2022-01-21 15:20:47.507459,0.0,0.0,0.0
2022-01-21 15:20:48.005112,0.0,0.0,0.0
2022-01-21 15:20:48.503541,0.0,0.0,0.0
2022-01-21 15:20:49.002790,0.0,0.0,0.0
2022-01-21 15:20:49.508208,0.0,0.0,0.0
2022-01-21 15:20:50.007713,0.0,0.0,0.0
2022-01-21 15:20:50.503454,0.0,0.0,0.0
2022-01-21 15:20:51.002564,0.0,0.0,0.0
2022-01-21 15:20:51.509221,0.0,0.0,0.0
2022-01-21 15:20:52.008193,0.0,0.0,0.0
2022-01-21 15:20:52.503496,0.0,0.0,0.0
2022-01-21 15:20:53.002537,0.0,0.0,0.0
2022-01-21 15:20:53.507982,0.0,0.0,0.0
2022-01-21 15:20:54.005765,0.0,0.0,0.0
2022-01-21 15:20:54.501898,0.0,0.0,0.0
2022-01-21 15:20:55.009770,0.0,0.0,0.0
2022-01-21 15:20:55.504241,0.0,0.0,0.0
2022-01-21 15:20:56.003280,0.0,0.0,0.0
2022-01-21 15:20:56.508235,0.0,0.0,0.0
2022-01-21 15:20:57.006973,0.0,0.0,0.0
2022-01-21 15:20:57.506498,0.0,0.0,0.0
2022-01-21 15:20:58.005004,0.0,0.0,0.0
2022-01-21 15:20:58.509880,0.0,0.0,0.0
2022-01-21 15:20:59.007561,0.0,0.0,0.0
2022-01-21 15:20:59.503528,0.0,0.0,0.0
2022-01-21 15:21:00.001777,0.0,0.0,0.0
2022-01-21 15:21:00.507356,0.0,0.0,0.0
2022-01-21 15:21:01.006893,0.0,0.0,0.0
2022-01-21 15:21:01.502673,0.0,0.0,0.0
2022-01-21 15:21:02.011193,0.0,0.0,0.0
2022-01-21 15:21:02.507156,0.0,0.0,0.0
2022-01-21 15:21:03.008323,0.0,0.0,0.0
2022-01-21 15:21:03.505748,0.0,0.0,0.0
2022-01-21 15:21:04.003568,0.0,0.0,0.0
2022-01-21 15:21:04.508322,0.0,0.0,0.0
2022-01-21 15:21:05.007029,0.0,0.0,0.0
2022-01-21 15:21:05.503435,0.0,0.0,0.0
2022-01-21 15:21:06.002478,0.0,0.0,0.0
2022-01-21 15:21:06.507635,0.0,0.0,0.0
2022-01-21 15:21:07.006085,0.0,0.0,0.0
2022-01-21 15:21:07.510337,0.0,0.0,0.0
2022-01-21 15:21:08.006732,0.0,0.0,0.0
2022-01-21 15:21:08.501860,0.0,0.0,0.0
2022-01-21 15:21:09.010311,0.0,0.0,0.0
2022-01-21 15:21:09.505870,0.0,0.0,0.0
2022-01-21 15:21:10.002872,0.0,0.0,0.0
2022-01-21 15:21:10.506761,0.0,0.0,0.0
2022-01-21 15:21:11.010569,0.0,0.0,0.0
2022-01-21 15:21:11.506932,0.0,0.0,0.0
2022-01-21 15:21:12.006006,0.0,0.0,0.0
2022-01-21 15:21:12.510685,0.0,0.0,0.0
2022-01-21 15:21:13.007914,0.0,0.0,0.0
2022-01-21 15:21:13.502238,0.0,0.0,0.0
2022-01-21 15:21:14.009554,0.0,0.0,0.0
2022-01-21 15:21:14.504426,0.0,0.0,0.0
2022-01-21 15:21:15.002327,0.0,0.0,0.0
2022-01-21 15:21:15.506963,0.0,0.0,0.0
2022-01-21 15:21:16.008952,0.0,0.0,0.0
2022-01-21 15:21:16.504158,0.0,0.0,0.0
2022-01-21 15:21:17.002672,0.0,0.0,0.0
2022-01-21 15:21:17.509049,0.0,0.0,0.0
2022-01-21 15:21:18.008503,0.0,0.0,0.0
2022-01-21 15:21:18.510519,0.0,0.0,0.0
2022-01-21 15:21:19.008620,0.0,0.0,0.0
2022-01-21 15:21:19.504168,0.0,0.0,0.0
2022-01-21 15:21:20.002777,0.0,0.0,0.0
2022-01-21 15:21:20.509790,0.0,0.0,0.0
2022-01-21 15:21:21.007672,0.0,0.0,0.0
2022-01-21 15:21:21.504804,0.0,0.0,0.0
2022-01-21 15:21:22.003575,0.0,0.0,0.0
2022-01-21 15:21:22.509784,0.0,0.0,0.0
2022-01-21 15:21:23.008420,0.0,0.0,0.0
2022-01-21 15:21:23.502806,0.0,0.0,0.0
2022-01-21 15:21:24.010441,0.0,0.0,0.0
2022-01-21 15:21:24.506199,0.0,0.0,0.0
2022-01-21 15:21:25.004235,0.0,0.0,0.0
2022-01-21 15:21:25.501496,0.0,0.0,0.0
2022-01-21 15:21:26.505463,0.0,0.0,0.0
2022-01-21 15:21:27.003586,0.0,0.0,0.0
2022-01-21 15:21:27.508862,0.0,0.0,0.0
2022-01-21 15:21:28.007230,0.0,0.0,0.0
2022-01-21 15:21:28.502547,0.0,0.0,0.0
2022-01-21 15:21:29.010325,0.0,0.0,0.0
2022-01-21 15:21:29.506064,0.0,0.0,0.0
2022-01-21 15:21:30.002831,0.0,0.0,0.0
2022-01-21 15:21:30.510044,0.0,0.0,0.0
