時間,回転１,回転２,回転３
2022-01-21 12:00:00.006922,84.57575,84.90575,85.13885
2022-01-21 12:00:00.503552,83.64747,83.8225,85.13885
2022-01-21 12:00:01.001607,84.73046,84.751,86.31697
2022-01-21 12:00:01.506855,83.33805,83.97725,86.31697
2022-01-21 12:00:02.003780,85.03989,85.0605,85.29625
2022-01-21 12:00:02.510304,83.85417,83.92525,85.29625
2022-01-21 12:00:03.009951,84.1636,84.33875,86.19916
2022-01-21 12:00:03.508749,84.47302,84.64825,86.19916
2022-01-21 12:00:04.009850,84.05963,84.4935,85.33489
2022-01-21 12:00:04.506793,84.21434,84.184,85.33489
2022-01-21 12:00:05.006430,84.05963,84.4415,84.825
2022-01-21 12:00:05.501179,83.9569,84.08,84.825
2022-01-21 12:00:06.003425,84.52377,84.803,85.96354
2022-01-21 12:00:06.505024,84.42104,84.751,85.96354
2022-01-21 12:00:07.004356,84.11161,84.23475,86.43479
2022-01-21 12:00:07.501305,84.1636,84.64825,86.43479
2022-01-21 12:00:08.010906,84.26632,84.3895,85.25666
2022-01-21 12:00:08.506429,83.9569,84.33875,85.25666
2022-01-21 12:00:09.003756,84.21434,84.4935,86.12093
2022-01-21 12:00:09.510113,83.69946,84.02925,86.12093
2022-01-21 12:00:10.001360,84.42104,84.33875,85.09926
2022-01-21 12:00:10.505448,84.52377,84.751,85.09926
2022-01-21 12:00:11.002728,84.00888,84.4935,86.35656
2022-01-21 12:00:11.507668,84.47302,84.4935,86.35656
2022-01-21 12:00:12.006023,83.90492,84.184,86.00312
2022-01-21 12:00:12.503131,84.31831,84.3895,86.00312
2022-01-21 12:00:13.003826,83.85417,84.3895,85.6101
2022-01-21 12:00:13.510500,84.21434,84.3895,85.6101
2022-01-21 12:00:14.008348,84.47302,84.59625,84.90322
2022-01-21 12:00:14.505734,83.85417,84.23475,84.90322
2022-01-21 12:00:15.003516,84.42104,84.699,85.53187
2022-01-21 12:00:15.510291,84.00888,84.28675,85.53187
2022-01-21 12:00:16.008177,84.47302,84.59625,85.53187
2022-01-21 12:00:16.503477,83.7502,84.132,85.53187
2022-01-21 12:00:17.001490,83.9569,84.132,85.84572
2022-01-21 12:00:17.506426,84.73046,84.85375,85.84572
2022-01-21 12:00:18.003554,83.69946,84.08,86.3952
2022-01-21 12:00:18.510174,84.78245,84.95775,86.3952
2022-01-21 12:00:19.008441,83.49276,83.66775,85.88531
2022-01-21 12:00:19.507072,84.88517,84.90575,85.88531
2022-01-21 12:00:20.003356,83.90492,84.3895,85.49229
2022-01-21 12:00:20.503783,84.73046,84.751,85.49229
2022-01-21 12:00:21.002699,83.69946,83.92525,85.49229
2022-01-21 12:00:21.509632,84.21434,84.4415,85.49229
2022-01-21 12:00:22.006738,84.42104,84.59625,85.6101
2022-01-21 12:00:22.502303,84.1636,84.64825,85.6101
2022-01-21 12:00:23.001479,83.9569,84.02925,85.92395
2022-01-21 12:00:23.508711,83.80219,84.23475,85.92395
2022-01-21 12:00:24.008524,84.67848,84.803,85.33489
2022-01-21 12:00:24.502132,84.42104,84.751,85.33489
2022-01-21 12:00:25.009891,84.26632,84.4415,85.6101
2022-01-21 12:00:25.508564,84.00888,84.08,85.6101
2022-01-21 12:00:26.007390,84.11161,84.33875,85.64968
2022-01-21 12:00:26.502969,84.9879,85.1125,85.64968
2022-01-21 12:00:27.011033,83.39003,83.8225,86.67041
2022-01-21 12:00:27.506845,84.42104,84.54425,86.67041
2022-01-21 12:00:28.004575,83.80219,84.184,85.29625
2022-01-21 12:00:28.510813,84.93716,85.21525,85.29625
2022-01-21 12:00:29.010372,84.00888,84.23475,86.23875
2022-01-21 12:00:29.504662,84.1636,84.4935,86.23875
2022-01-21 12:00:30.005117,83.69946,83.71975,85.53187
2022-01-21 12:00:30.509733,84.57575,84.90575,85.53187
2022-01-21 12:00:31.007719,84.67848,84.699,85.88531
2022-01-21 12:00:31.507627,83.7502,84.184,85.88531
2022-01-21 12:00:32.006446,84.26632,84.59625,85.57051
2022-01-21 12:00:32.510686,84.21434,84.33875,85.57051
2022-01-21 12:00:33.008046,84.36905,84.59625,85.7675
2022-01-21 12:00:33.504698,84.21434,84.4415,85.7675
2022-01-21 12:00:34.008592,83.90492,84.132,86.19916
2022-01-21 12:00:34.503525,84.21434,84.3895,86.19916
2022-01-21 12:00:35.003946,84.05963,84.64825,85.6101
2022-01-21 12:00:35.508842,84.11161,84.33875,85.6101
2022-01-21 12:00:36.007516,84.67848,84.699,85.06062
2022-01-21 12:00:36.503215,83.80219,84.02925,85.06062
2022-01-21 12:00:37.001027,84.36905,84.64825,86.15958
2022-01-21 12:00:37.505884,84.11161,84.4415,86.15958
2022-01-21 12:00:38.002865,84.1636,84.3895,85.4527
2022-01-21 12:00:38.508450,84.05963,84.64825,85.4527
2022-01-21 12:00:39.006398,84.1636,84.33875,85.41406
2022-01-21 12:00:39.509315,84.31831,84.54425,85.41406
2022-01-21 12:00:40.008523,84.26632,84.33875,85.57051
2022-01-21 12:00:40.505614,84.42104,84.59625,85.57051
2022-01-21 12:00:41.004537,84.05963,84.33875,85.84572
2022-01-21 12:00:41.510160,84.11161,84.23475,85.84572
2022-01-21 12:00:42.007889,84.1636,84.751,85.6101
2022-01-21 12:00:42.504114,84.00888,84.28675,85.6101
2022-01-21 12:00:43.002087,84.93716,85.21525,85.53187
2022-01-21 12:00:43.508064,83.44078,83.8225,85.53187
2022-01-21 12:00:44.007865,84.78245,84.90575,85.09926
2022-01-21 12:00:44.503361,84.11161,84.4935,85.09926
2022-01-21 12:00:45.002895,84.52377,84.59625,85.64968
2022-01-21 12:00:45.508895,83.7502,84.23475,85.64968
2022-01-21 12:00:46.007919,84.05963,84.23475,85.57051
2022-01-21 12:00:46.503349,84.26632,84.54425,85.57051
2022-01-21 12:00:47.002260,84.52377,84.59625,85.29625
2022-01-21 12:00:47.510481,84.00888,84.08,85.29625
2022-01-21 12:00:48.002320,83.9569,84.28675,85.49229
2022-01-21 12:00:48.505370,84.62773,84.59625,85.49229
2022-01-21 12:00:49.004575,84.00888,84.4415,86.15958
2022-01-21 12:00:49.501830,84.52377,84.64825,86.15958
2022-01-21 12:00:50.010561,83.9569,84.4935,86.08135
2022-01-21 12:00:50.506787,84.42104,84.59625,86.08135
2022-01-21 12:00:51.006286,84.67848,84.54425,85.57051
2022-01-21 12:00:51.502022,84.05963,84.4415,85.57051
2022-01-21 12:00:52.002317,83.9569,84.02925,85.72791
2022-01-21 12:00:52.507441,84.11161,84.4415,85.72791
2022-01-21 12:00:53.005546,84.31831,84.751,85.53187
2022-01-21 12:00:53.502662,83.7502,84.3895,85.53187
2022-01-21 12:00:54.003218,84.31831,84.54425,85.4527
2022-01-21 12:00:54.510163,84.00888,84.02925,85.4527
2022-01-21 12:00:55.001197,84.1636,84.4415,86.00312
2022-01-21 12:00:55.508405,84.42104,84.59625,86.00312
2022-01-21 12:00:56.008106,83.69946,83.92525,85.7675
2022-01-21 12:00:56.507475,84.31831,84.3895,85.7675
2022-01-21 12:00:57.007785,83.9569,84.64825,85.88531
2022-01-21 12:00:57.504504,84.42104,84.59625,85.88531
2022-01-21 12:00:58.002710,84.26632,84.132,86.19916
2022-01-21 12:00:58.509796,84.11161,84.33875,86.19916
2022-01-21 12:00:59.007430,84.26632,84.64825,85.88531
2022-01-21 12:00:59.504028,84.31831,84.699,85.88531
2022-01-21 12:01:00.001905,84.11161,84.132,85.7675
2022-01-21 12:01:00.501523,84.00888,84.64825,85.7675
2022-01-21 12:01:01.008567,83.9569,84.23475,85.13885
2022-01-21 12:01:01.504388,84.83319,85.0605,85.13885
2022-01-21 12:01:02.002601,83.85417,83.97725,85.92395
2022-01-21 12:01:02.510213,84.52377,84.751,85.92395
2022-01-21 12:01:03.007962,83.90492,84.23475,85.4527
2022-01-21 12:01:03.504051,84.26632,84.54425,85.4527
2022-01-21 12:01:04.002392,84.11161,84.64825,85.7675
2022-01-21 12:01:04.505455,83.90492,84.184,85.7675
2022-01-21 12:01:05.003037,84.62773,84.699,85.49229
2022-01-21 12:01:05.507286,84.00888,84.08,85.49229
2022-01-21 12:01:06.006355,84.52377,84.59625,85.13885
2022-01-21 12:01:06.503020,83.80219,84.184,85.13885
2022-01-21 12:01:07.002016,84.47302,84.4935,86.15958
2022-01-21 12:01:07.507807,84.05963,84.54425,86.15958
2022-01-21 12:01:08.005000,84.21434,84.64825,85.64968
2022-01-21 12:01:08.511182,84.36905,84.751,85.64968
2022-01-21 12:01:09.010356,83.9569,83.97725,85.13885
2022-01-21 12:01:09.506837,84.62773,84.85375,85.13885
2022-01-21 12:01:10.004565,83.59549,83.8225,85.21708
2022-01-21 12:01:10.508499,84.00888,84.28675,85.21708
2022-01-21 12:01:11.007858,84.00888,84.33875,237.70604
2022-01-21 12:01:11.504880,84.05963,84.23475,237.70604
2022-01-21 12:01:12.002484,84.21434,84.699,225.57135
2022-01-21 12:01:12.508850,83.85417,83.97725,225.57135
2022-01-21 12:01:13.007751,84.62773,84.54425,184.45479
2022-01-21 12:01:13.505507,83.39003,83.513,184.45479
2022-01-21 12:01:14.003660,84.88517,84.95775,121.97458
2022-01-21 12:01:14.510388,83.39003,83.71975,121.97458
2022-01-21 12:01:15.009077,84.52377,84.699,90.12656
2022-01-21 12:01:15.504666,83.54475,84.02925,90.12656
2022-01-21 12:01:16.002802,84.57575,84.751,93.46395
2022-01-21 12:01:16.509392,83.90492,83.7705,93.46395
2022-01-21 12:01:17.009854,84.1636,84.33875,87.57333
2022-01-21 12:01:17.506851,84.73046,84.803,87.57333
2022-01-21 12:01:18.006796,84.26632,84.54425,86.51301
2022-01-21 12:01:18.502136,84.00888,84.28675,86.51301
2022-01-21 12:01:19.010613,83.49276,84.132,87.29906
2022-01-21 12:01:19.505106,84.62773,85.0085,87.29906
2022-01-21 12:01:20.003447,84.05963,84.28675,85.92395
2022-01-21 12:01:20.501886,84.05963,84.28675,85.92395
2022-01-21 12:01:21.010561,83.90492,83.97725,85.21708
2022-01-21 12:01:21.505302,84.26632,84.54425,85.21708
2022-01-21 12:01:22.011065,84.88517,85.1125,86.71
2022-01-21 12:01:22.505919,83.13135,83.61575,86.71
2022-01-21 12:01:23.005250,84.57575,84.751,85.33489
2022-01-21 12:01:23.501112,83.9569,84.08,85.33489
2022-01-21 12:01:24.009202,84.67848,84.90575,85.57051
2022-01-21 12:01:24.505218,84.05963,84.08,85.57051
2022-01-21 12:01:25.003815,84.11161,84.33875,85.29625
2022-01-21 12:01:25.510150,84.1636,84.33875,85.29625
2022-01-21 12:01:26.008389,84.21434,84.95775,84.6676
2022-01-21 12:01:26.503747,84.36905,84.751,84.6676
2022-01-21 12:01:27.002725,83.80219,84.02925,86.23875
2022-01-21 12:01:27.507133,84.05963,84.02925,86.23875
2022-01-21 12:01:28.004209,84.47302,84.54425,85.6101
2022-01-21 12:01:28.510115,83.90492,84.33875,85.6101
2022-01-21 12:01:29.008630,84.62773,84.64825,85.33489
2022-01-21 12:01:29.506362,83.90492,84.4415,85.33489
2022-01-21 12:01:30.004341,84.26632,84.4935,85.41406
2022-01-21 12:01:30.509947,84.36905,84.85375,85.41406
2022-01-21 12:01:31.008357,84.05963,84.184,86.04176
2022-01-21 12:01:31.504825,84.47302,84.28675,86.04176
2022-01-21 12:01:32.003100,83.9569,84.184,85.4527
2022-01-21 12:01:32.509256,84.62773,84.85375,85.4527
2022-01-21 12:01:33.007249,83.85417,84.28675,86.19916
2022-01-21 12:01:33.504725,84.36905,84.90575,86.19916
2022-01-21 12:01:34.002975,83.90492,84.4415,85.72791
2022-01-21 12:01:34.510074,84.52377,84.54425,85.72791
2022-01-21 12:01:35.009086,84.26632,84.28675,85.80614
2022-01-21 12:01:35.503256,83.85417,84.132,85.80614
2022-01-21 12:01:36.011043,84.47302,84.54425,85.57051
2022-01-21 12:01:36.506307,83.85417,84.33875,85.57051
2022-01-21 12:01:37.004553,84.36905,84.751,85.17843
2022-01-21 12:01:37.502113,83.90492,84.4935,85.17843
2022-01-21 12:01:38.010939,84.36905,84.4415,85.33489
2022-01-21 12:01:38.509263,84.52377,84.4415,85.33489
2022-01-21 12:01:39.006628,83.90492,84.184,85.49229
2022-01-21 12:01:39.504148,84.42104,84.64825,85.49229
2022-01-21 12:01:40.003547,83.9569,84.4415,85.21708
2022-01-21 12:01:40.508842,84.52377,84.751,85.21708
2022-01-21 12:01:41.006035,83.44078,83.97725,86.15958
2022-01-21 12:01:41.502734,84.36905,84.54425,86.15958
2022-01-21 12:01:42.010624,84.21434,84.28675,85.29625
2022-01-21 12:01:42.506895,84.57575,84.699,85.29625
2022-01-21 12:01:43.004555,83.90492,83.8745,86.23875
2022-01-21 12:01:43.510715,84.1636,84.59625,86.23875
2022-01-21 12:01:44.009948,84.31831,84.4415,85.09926
2022-01-21 12:01:44.505309,83.9569,84.54425,85.09926
2022-01-21 12:01:45.002650,84.36905,84.4935,86.00312
2022-01-21 12:01:45.508481,83.59549,83.7705,86.00312
2022-01-21 12:01:46.005751,84.88517,85.0085,85.29625
2022-01-21 12:01:46.501636,84.1636,84.23475,85.29625
2022-01-21 12:01:47.010992,84.42104,84.90575,85.6101
2022-01-21 12:01:47.510393,83.85417,84.08,85.6101
2022-01-21 12:01:48.008497,84.11161,84.4935,86.12093
2022-01-21 12:01:48.503457,84.36905,84.699,86.12093
2022-01-21 12:01:49.008193,83.90492,84.28675,85.25666
2022-01-21 12:01:49.501951,84.31831,84.3895,85.25666
2022-01-21 12:01:50.001109,84.1636,84.08,85.96354
2022-01-21 12:01:50.507463,84.31831,84.699,85.96354
2022-01-21 12:01:51.007104,84.67848,84.803,85.06062
2022-01-21 12:01:51.502162,83.80219,84.33875,85.06062
2022-01-21 12:01:52.010905,83.90492,83.92525,86.19916
2022-01-21 12:01:52.510932,84.11161,84.59625,86.19916
2022-01-21 12:01:53.008634,84.21434,84.4935,86.35656
2022-01-21 12:01:53.501719,84.42104,84.33875,86.35656
2022-01-21 12:01:54.010335,84.1636,84.4935,85.92395
2022-01-21 12:01:55.504228,83.90492,84.132,85.92395
2022-01-21 12:01:56.002252,84.11161,84.4935,85.49229
2022-01-21 12:01:56.502644,83.85417,83.8745,85.49229
2022-01-21 12:01:57.001997,84.83319,84.85375,85.53187
2022-01-21 12:01:58.005856,84.36905,84.699,85.68833
2022-01-21 12:01:58.506814,84.05963,84.4415,85.68833
2022-01-21 12:01:59.008034,84.42104,84.64825,86.5526
2022-01-21 12:01:59.504419,84.00888,84.4935,86.5526
2022-01-21 12:02:00.002995,83.9569,84.02925,85.37447
2022-01-21 12:02:00.505113,84.57575,84.4935,85.37447
2022-01-21 12:02:01.003879,84.11161,84.33875,86.15958
2022-01-21 12:02:01.509274,84.1636,84.3895,86.15958
2022-01-21 12:02:02.010988,83.9569,84.59625,85.68833
2022-01-21 12:02:02.504352,84.47302,84.699,85.68833
2022-01-21 12:02:03.004600,83.9569,84.28675,85.92395
2022-01-21 12:02:03.510998,84.31831,84.54425,85.92395
2022-01-21 12:02:04.010759,83.9569,84.184,85.21708
2022-01-21 12:02:04.507186,84.36905,84.3895,85.21708
2022-01-21 12:02:05.003960,84.31831,84.4935,85.4527
2022-01-21 12:02:05.510010,84.00888,84.4935,85.4527
2022-01-21 12:02:06.007897,84.21434,84.751,85.49229
2022-01-21 12:02:06.505521,84.05963,84.4415,85.49229
2022-01-21 12:02:07.003894,84.57575,84.699,85.84572
2022-01-21 12:02:07.501930,84.11161,84.28675,85.84572
2022-01-21 12:02:08.010815,84.05963,84.33875,85.72791
2022-01-21 12:02:08.505682,84.31831,84.184,85.72791
2022-01-21 12:02:09.004090,84.11161,84.4935,86.35656
2022-01-21 12:02:10.501861,84.21434,84.3895,86.35656
2022-01-21 12:02:11.006355,83.9569,84.3895,85.84572
2022-01-21 12:02:11.509061,84.88517,84.95775,85.84572
2022-01-21 12:02:12.001728,83.85417,83.61575,85.80614
2022-01-21 12:02:12.505767,84.31831,84.699,85.80614
2022-01-21 12:02:13.003721,83.9569,84.28675,85.41406
2022-01-21 12:02:13.509155,84.21434,84.59625,85.41406
2022-01-21 12:02:14.005531,84.1636,84.23475,85.29625
2022-01-21 12:02:14.501359,83.9569,84.64825,85.29625
2022-01-21 12:02:15.006311,84.31831,84.4415,85.33489
2022-01-21 12:02:15.508343,84.88517,84.803,85.33489
2022-01-21 12:02:16.002253,84.00888,84.23475,85.72791
2022-01-21 12:02:16.509002,84.11161,84.33875,85.72791
2022-01-21 12:02:17.003745,83.9569,84.59625,85.92395
2022-01-21 12:02:17.505316,84.11161,84.28675,85.92395
2022-01-21 12:02:18.002583,84.00888,84.3895,85.49229
2022-01-21 12:02:18.506854,83.90492,83.97725,85.49229
2022-01-21 12:02:19.005748,84.73046,84.64825,85.57051
2022-01-21 12:02:19.504524,84.36905,84.59625,85.57051
2022-01-21 12:02:20.004753,84.1636,84.4415,86.90604
2022-01-21 12:02:20.504593,84.00888,84.4935,86.90604
2022-01-21 12:02:21.009646,84.1636,84.4415,85.4527
2022-01-21 12:02:21.505013,84.31831,84.85375,85.4527
2022-01-21 12:02:22.004471,83.85417,84.184,85.17843
2022-01-21 12:02:22.509230,84.42104,84.3895,85.17843
2022-01-21 12:02:23.008248,83.9569,84.132,85.33489
2022-01-21 12:02:23.504917,84.67848,84.85375,85.33489
2022-01-21 12:02:24.003431,84.1636,84.64825,85.68833
2022-01-21 12:02:24.508181,84.00888,84.23475,85.68833
2022-01-21 12:02:25.007223,83.9569,84.33875,85.49229
2022-01-21 12:02:25.508368,84.36905,84.4935,85.49229
2022-01-21 12:02:26.004009,84.1636,84.33875,85.49229
2022-01-21 12:02:26.505981,84.11161,84.28675,85.49229
2022-01-21 12:02:27.003996,84.36905,84.3895,85.37447
2022-01-21 12:02:27.510416,83.9569,84.4415,85.37447
2022-01-21 12:02:28.005860,84.88517,85.21525,85.64968
2022-01-21 12:02:28.506711,83.44078,83.66775,85.64968
2022-01-21 12:02:29.007009,84.36905,84.4935,86.23875
2022-01-21 12:02:29.501368,83.7502,84.132,86.23875
2022-01-21 12:02:30.007621,84.67848,84.699,85.29625
2022-01-21 12:02:30.503879,84.36905,84.59625,85.29625
2022-01-21 12:02:31.009218,83.54475,84.02925,86.04176
2022-01-21 12:02:31.502820,84.57575,84.803,86.04176
2022-01-21 12:02:32.008403,84.05963,84.33875,85.6101
2022-01-21 12:02:32.508282,84.52377,84.751,85.6101
2022-01-21 12:02:33.003630,83.85417,84.184,85.84572
2022-01-21 12:02:33.505196,84.11161,84.184,85.84572
2022-01-21 12:02:34.008349,84.36905,84.33875,84.98145
2022-01-21 12:02:34.504593,84.36905,84.803,84.98145
2022-01-21 12:02:35.003541,84.26632,84.699,86.08135
2022-01-21 12:02:35.504733,83.85417,84.184,86.08135
2022-01-21 12:02:36.001462,84.62773,84.699,85.88531
2022-01-21 12:02:36.510165,83.7502,84.28675,85.88531
2022-01-21 12:02:37.003884,84.31831,84.4415,85.80614
2022-01-21 12:02:37.501184,84.31831,84.3895,85.80614
2022-01-21 12:02:38.001725,84.11161,84.4935,85.4527
2022-01-21 12:02:38.510569,84.05963,84.132,85.4527
2022-01-21 12:02:39.004693,84.11161,84.4935,85.6101
2022-01-21 12:02:39.507843,84.1636,84.28675,85.6101
2022-01-21 12:02:40.006052,84.00888,84.4935,85.33489
2022-01-21 12:02:40.502908,84.21434,84.3895,85.33489
2022-01-21 12:02:41.011117,83.9569,84.184,85.88531
2022-01-21 12:02:41.503968,84.52377,84.85375,85.88531
2022-01-21 12:02:42.003291,84.31831,84.699,85.21708
2022-01-21 12:02:42.504456,84.05963,84.28675,85.21708
2022-01-21 12:02:43.009619,84.00888,84.132,85.84572
2022-01-21 12:02:43.503821,84.05963,84.4935,85.84572
2022-01-21 12:02:44.008415,84.26632,84.4935,85.29625
2022-01-21 12:02:44.503454,84.52377,84.751,85.29625
2022-01-21 12:02:45.002478,83.80219,84.02925,85.53187
2022-01-21 12:02:45.501700,84.52377,84.751,85.53187
2022-01-21 12:02:46.004505,84.11161,84.59625,85.33489
2022-01-21 12:02:46.502441,84.36905,84.4415,85.33489
2022-01-21 12:02:47.009775,84.05963,84.28675,85.64968
2022-01-21 12:02:47.505119,83.90492,84.23475,85.64968
2022-01-21 12:02:48.003000,84.21434,84.59625,85.57051
2022-01-21 12:02:48.510314,84.62773,84.803,85.57051
2022-01-21 12:02:49.007711,84.00888,83.92525,85.92395
2022-01-21 12:02:49.502776,83.9569,84.4415,85.92395
2022-01-21 12:02:50.001223,84.52377,84.803,84.78541
2022-01-21 12:02:50.505797,84.05963,84.33875,84.78541
2022-01-21 12:02:51.003760,84.36905,84.699,85.72791
2022-01-21 12:02:51.509414,83.69946,83.97725,85.72791
2022-01-21 12:02:52.006848,84.26632,84.4935,85.06062
2022-01-21 12:02:52.502981,84.88517,84.90575,85.06062
2022-01-21 12:02:53.002888,83.9569,84.33875,85.6101
2022-01-21 12:02:53.504089,84.57575,84.699,85.6101
2022-01-21 12:02:54.003444,83.33805,83.66775,85.49229
2022-01-21 12:02:54.508627,84.62773,84.85375,85.49229
2022-01-21 12:02:55.007460,83.69946,84.132,86.3952
2022-01-21 12:02:55.509133,84.21434,84.4935,86.3952
2022-01-21 12:02:56.008675,84.47302,84.3895,85.21708
2022-01-21 12:02:56.504257,84.26632,84.699,85.21708
2022-01-21 12:02:57.006308,84.67848,84.85375,86.5526
2022-01-21 12:02:57.508471,83.44078,83.8225,86.5526
2022-01-21 12:02:58.005199,84.57575,84.751,84.825
2022-01-21 12:02:58.509835,83.39003,83.71975,84.825
2022-01-21 12:02:59.008770,84.83319,85.0605,85.92395
2022-01-21 12:02:59.505947,83.90492,84.02925,85.92395
2022-01-21 12:03:00.004962,84.21434,84.4935,85.4527
2022-01-21 12:03:00.504431,84.42104,84.54425,85.4527
2022-01-21 12:03:01.003028,84.31831,84.699,85.64968
2022-01-21 12:03:01.509742,84.00888,84.08,85.64968
2022-01-21 12:03:02.011045,84.00888,84.3895,85.49229
2022-01-21 12:03:02.505059,84.36905,84.4935,85.49229
2022-01-21 12:03:03.001845,83.80219,84.08,86.00312
2022-01-21 12:03:03.506640,84.57575,84.90575,86.00312
2022-01-21 12:03:04.006877,84.1636,84.28675,85.37447
2022-01-21 12:03:04.509863,84.26632,84.59625,85.37447
2022-01-21 12:03:05.010913,84.11161,84.184,85.92395
2022-01-21 12:03:05.506817,83.69946,83.97725,85.92395
2022-01-21 12:03:06.002538,84.67848,84.751,85.53187
2022-01-21 12:03:06.510148,83.85417,84.184,85.53187
2022-01-21 12:03:07.008410,84.83319,85.16325,86.12093
2022-01-21 12:03:07.503229,83.7502,83.8225,86.12093
2022-01-21 12:03:08.009604,84.36905,84.751,85.37447
2022-01-21 12:03:08.504510,84.11161,84.28675,85.37447
2022-01-21 12:03:09.008940,84.26632,84.54425,85.6101
2022-01-21 12:03:09.503000,84.11161,84.132,85.6101
2022-01-21 12:03:10.001822,83.80219,84.28675,85.96354
2022-01-21 12:03:10.503844,84.36905,84.751,85.96354
2022-01-21 12:03:11.009512,84.67848,84.751,85.29625
2022-01-21 12:03:11.506141,84.21434,84.59625,85.29625
2022-01-21 12:03:12.003638,84.00888,83.97725,85.92395
2022-01-21 12:03:12.504090,84.26632,84.59625,85.92395
2022-01-21 12:03:13.001793,84.73046,85.0605,85.6101
2022-01-21 12:03:13.502491,83.80219,84.28675,85.6101
2022-01-21 12:03:14.010694,84.05963,84.28675,86.51301
2022-01-21 12:03:14.504087,84.11161,84.3895,86.51301
2022-01-21 12:03:15.001337,84.26632,84.54425,85.13885
2022-01-21 12:03:15.509999,84.57575,84.803,85.13885
2022-01-21 12:03:16.001539,83.85417,84.02925,87.14166
2022-01-21 12:03:16.509230,84.47302,84.54425,87.14166
2022-01-21 12:03:17.006831,84.00888,84.4935,85.68833
2022-01-21 12:03:17.505096,84.36905,84.59625,85.68833
2022-01-21 12:03:18.004094,84.00888,84.23475,85.06062
2022-01-21 12:03:18.509748,83.9569,84.33875,85.06062
2022-01-21 12:03:19.010318,84.21434,84.4935,85.72791
2022-01-21 12:03:19.506066,84.11161,84.4935,85.72791
2022-01-21 12:03:20.005896,84.21434,84.4935,85.7675
2022-01-21 12:03:20.502806,83.64747,84.28675,85.7675
2022-01-21 12:03:21.002536,84.83319,85.0605,85.33489
2022-01-21 12:03:21.508325,83.85417,84.08,85.33489
2022-01-21 12:03:22.006058,84.26632,84.3895,86.12093
2022-01-21 12:03:22.511252,84.21434,84.28675,86.12093
2022-01-21 12:03:23.008465,84.00888,84.184,85.57051
2022-01-21 12:03:23.504514,84.52377,84.64825,85.57051
2022-01-21 12:03:24.003386,83.54475,83.92525,85.80614
2022-01-21 12:03:24.510034,84.26632,84.54425,85.80614
2022-01-21 12:03:25.007206,84.11161,84.64825,85.49229
2022-01-21 12:03:25.510457,84.57575,84.803,85.49229
2022-01-21 12:03:26.008646,83.7502,83.8745,85.09926
2022-01-21 12:03:26.503625,84.42104,84.85375,85.09926
2022-01-21 12:03:27.002723,83.9569,84.184,85.29625
2022-01-21 12:03:27.509807,84.21434,84.54425,85.29625
2022-01-21 12:03:28.008641,84.26632,84.59625,85.72791
2022-01-21 12:03:28.502386,83.59549,84.184,85.72791
2022-01-21 12:03:29.010821,84.93716,85.0605,85.49229
2022-01-21 12:03:29.504738,84.00888,84.08,85.49229
2022-01-21 12:03:30.002396,84.31831,84.59625,85.4527
2022-01-21 12:03:30.506776,84.05963,84.28675,85.4527
2022-01-21 12:03:31.007385,84.00888,84.23475,85.57051
2022-01-21 12:03:31.503329,84.67848,84.85375,85.57051
2022-01-21 12:03:32.002717,83.85417,84.28675,85.7675
2022-01-21 12:03:32.507293,84.31831,84.59625,85.7675
2022-01-21 12:03:33.003826,84.36905,84.28675,85.72791
2022-01-21 12:03:33.509984,84.52377,84.751,85.72791
2022-01-21 12:03:34.007604,84.11161,84.33875,85.13885
2022-01-21 12:03:34.506770,84.42104,84.751,85.13885
2022-01-21 12:03:35.005522,83.85417,84.08,86.59218
2022-01-21 12:03:35.501541,83.9569,84.4935,86.59218
2022-01-21 12:03:36.009900,84.57575,84.90575,86.31697
2022-01-21 12:03:36.505364,84.11161,84.28675,86.31697
2022-01-21 12:03:37.004114,84.42104,84.54425,85.17843
2022-01-21 12:03:37.508398,84.62773,84.751,85.17843
2022-01-21 12:03:38.007911,84.1636,84.3895,85.84572
2022-01-21 12:03:38.503479,84.11161,84.23475,85.84572
2022-01-21 12:03:39.001233,84.11161,84.64825,85.33489
2022-01-21 12:03:39.506519,83.90492,84.23475,85.33489
2022-01-21 12:03:40.004474,84.57575,84.803,85.09926
2022-01-21 12:03:40.510502,83.59549,83.92525,85.09926
2022-01-21 12:03:41.007795,84.62773,84.85375,86.31697
2022-01-21 12:03:41.505200,84.05963,84.4415,86.31697
2022-01-21 12:03:42.003320,84.21434,84.23475,85.68833
2022-01-21 12:03:42.508972,83.90492,84.02925,85.68833
2022-01-21 12:03:43.009222,84.21434,84.64825,84.94281
2022-01-21 12:03:43.504628,83.90492,84.28675,84.94281
2022-01-21 12:03:44.002680,84.47302,84.4935,86.15958
2022-01-21 12:03:44.507672,84.05963,84.02925,86.15958
2022-01-21 12:03:45.006198,84.1636,84.59625,86.43479
2022-01-21 12:03:45.510511,84.62773,84.803,86.43479
2022-01-21 12:03:46.010922,83.85417,84.132,85.80614
2022-01-21 12:03:46.505055,84.52377,84.699,85.80614
2022-01-21 12:03:47.002461,83.90492,84.28675,85.25666
2022-01-21 12:03:47.507730,84.21434,84.3895,85.25666
2022-01-21 12:03:48.006052,84.52377,84.4935,85.4527
2022-01-21 12:03:48.510758,83.9569,84.184,85.4527
2022-01-21 12:03:49.001273,84.26632,84.4415,85.06062
2022-01-21 12:03:49.505955,84.05963,84.33875,85.06062
2022-01-21 12:03:50.002832,84.47302,84.803,85.68833
2022-01-21 12:03:50.510759,83.80219,84.33875,85.68833
2022-01-21 12:03:51.009062,84.62773,84.699,85.41406
2022-01-21 12:03:51.503745,83.9569,83.8745,85.41406
2022-01-21 12:03:52.002042,84.52377,84.803,85.53187
2022-01-21 12:03:52.507727,84.1636,84.33875,85.53187
2022-01-21 12:03:53.006110,83.80219,83.97725,85.49229
2022-01-21 12:03:53.501731,84.73046,84.95775,85.49229
2022-01-21 12:03:54.008367,83.54475,84.184,86.27739
2022-01-21 12:03:54.503791,85.03989,85.21525,86.27739
2022-01-21 12:03:55.002740,84.00888,84.02925,85.84572
2022-01-21 12:03:55.509055,84.11161,84.3895,85.84572
2022-01-21 12:03:56.006546,84.21434,84.54425,85.17843
2022-01-21 12:03:56.503156,84.36905,84.90575,85.17843
2022-01-21 12:03:57.002551,83.9569,84.23475,85.72791
2022-01-21 12:03:57.508331,84.1636,84.803,85.72791
2022-01-21 12:03:58.008067,84.26632,84.4935,85.29625
2022-01-21 12:03:58.503535,84.52377,84.59625,85.29625
2022-01-21 12:03:59.001970,84.11161,84.33875,85.4527
2022-01-21 12:03:59.509543,84.47302,84.4415,85.4527
2022-01-21 12:04:00.008149,83.85417,84.02925,85.57051
2022-01-21 12:04:00.504500,84.42104,84.803,85.57051
2022-01-21 12:04:01.004606,83.7502,84.23475,85.53187
2022-01-21 12:04:01.501058,84.11161,84.4415,85.53187
2022-01-21 12:04:02.009195,84.21434,84.54425,85.53187
2022-01-21 12:04:02.504915,84.1636,84.184,85.53187
2022-01-21 12:04:03.007585,84.42104,84.3895,85.64968
2022-01-21 12:04:03.505102,83.80219,84.02925,85.64968
2022-01-21 12:04:04.002891,84.1636,84.4415,86.08135
2022-01-21 12:04:04.503327,84.31831,84.699,86.08135
2022-01-21 12:04:05.001313,83.69946,84.184,84.98145
2022-01-21 12:04:05.508648,84.31831,84.95775,84.98145
2022-01-21 12:04:06.005387,84.11161,84.33875,85.4527
2022-01-21 12:04:06.504104,84.52377,84.54425,85.4527
2022-01-21 12:04:07.002758,84.21434,84.3895,85.37447
2022-01-21 12:04:07.509795,84.05963,84.23475,85.37447
2022-01-21 12:04:08.007864,83.33805,83.71975,85.41406
2022-01-21 12:04:08.503934,84.9879,85.37,85.41406
2022-01-21 12:04:09.003930,83.28607,83.71975,240.06229
2022-01-21 12:04:09.508655,84.11161,84.02925,240.06229
2022-01-21 12:04:10.007401,84.78245,84.85375,216.53937
2022-01-21 12:04:10.503756,83.59549,83.71975,216.53937
2022-01-21 12:04:11.008526,85.03989,85.0085,165.91864
2022-01-21 12:04:11.505510,83.08061,83.35825,165.91864
2022-01-21 12:04:12.005960,84.62773,85.0085,107.36583
2022-01-21 12:04:12.501463,83.80219,84.4935,107.36583
2022-01-21 12:04:13.010319,84.26632,84.33875,93.22833
2022-01-21 12:04:13.504370,84.11161,83.97725,93.22833
2022-01-21 12:04:14.003533,84.05963,84.08,89.41968
2022-01-21 12:04:14.510279,84.67848,84.751,89.41968
2022-01-21 12:04:15.008169,84.1636,84.3895,87.80895
2022-01-21 12:04:15.503960,84.73046,85.16325,87.80895
2022-01-21 12:04:16.003432,83.28607,83.8225,87.3377
2022-01-21 12:04:16.510461,84.73046,85.0085,87.3377
2022-01-21 12:04:17.008944,84.11161,84.132,86.82781
2022-01-21 12:04:17.503684,84.31831,84.4935,86.82781
2022-01-21 12:04:18.002278,84.42104,84.33875,86.00312
2022-01-21 12:04:18.508028,83.9569,84.23475,86.00312
2022-01-21 12:04:19.007870,84.67848,85.0085,85.41406
2022-01-21 12:04:19.502795,83.59549,84.132,85.41406
2022-01-21 12:04:20.010851,84.26632,84.3895,87.37729
2022-01-21 12:04:20.507425,83.80219,83.97725,87.37729
2022-01-21 12:04:21.006212,84.9879,85.16325,85.53187
2022-01-21 12:04:21.501134,83.54475,83.71975,85.53187
2022-01-21 12:04:22.009636,84.42104,84.803,86.15958
2022-01-21 12:04:22.505053,84.21434,84.3895,86.15958
2022-01-21 12:04:23.003170,83.9569,84.3895,85.25666
2022-01-21 12:04:23.510852,84.62773,84.803,85.25666
2022-01-21 12:04:24.001264,83.64747,83.8745,85.4527
2022-01-21 12:04:24.505744,84.62773,84.751,85.4527
2022-01-21 12:04:25.004096,84.36905,84.3895,85.29625
2022-01-21 12:04:25.510759,84.11161,84.4935,85.29625
2022-01-21 12:04:26.010509,84.21434,84.54425,85.6101
2022-01-21 12:04:26.505120,83.85417,84.28675,85.6101
2022-01-21 12:04:27.003638,84.67848,84.90575,85.21708
2022-01-21 12:04:27.508216,83.85417,84.23475,85.21708
2022-01-21 12:04:28.007033,84.05963,84.132,85.06062
2022-01-21 12:04:28.502472,84.31831,84.23475,85.06062
2022-01-21 12:04:29.000909,84.26632,84.4415,86.15958
2022-01-21 12:04:29.506803,84.11161,84.33875,86.15958
2022-01-21 12:04:30.007521,84.11161,84.4415,86.19916
2022-01-21 12:04:30.502064,84.36905,84.59625,86.19916
2022-01-21 12:04:31.011210,83.80219,84.3895,86.04176
2022-01-21 12:04:31.506747,84.52377,84.64825,86.04176
2022-01-21 12:04:32.006407,84.36905,84.33875,85.68833
2022-01-21 12:04:32.502850,84.11161,84.3895,85.68833
2022-01-21 12:04:33.001563,84.67848,84.90575,84.98145
2022-01-21 12:04:33.510524,83.80219,84.132,84.98145
2022-01-21 12:04:34.008446,84.42104,84.699,85.92395
2022-01-21 12:04:34.505242,83.59549,84.132,85.92395
2022-01-21 12:04:35.005010,84.26632,84.3895,85.29625
2022-01-21 12:04:35.510346,84.62773,84.64825,85.29625
2022-01-21 12:04:36.008622,84.26632,84.33875,85.33489
2022-01-21 12:04:36.504339,84.11161,84.4415,85.33489
2022-01-21 12:04:37.002327,83.90492,84.184,85.68833
2022-01-21 12:04:37.508318,84.52377,84.95775,85.68833
2022-01-21 12:04:38.007981,83.7502,84.184,86.31697
2022-01-21 12:04:38.503159,84.62773,84.803,86.31697
2022-01-21 12:04:39.003942,83.54475,83.71975,85.4527
2022-01-21 12:04:39.509136,85.03989,85.1125,85.4527
2022-01-21 12:04:40.008237,84.00888,84.132,86.47437
2022-01-21 12:04:40.503394,83.85417,84.33875,86.47437
2022-01-21 12:04:41.001644,84.57575,84.85375,86.04176
2022-01-21 12:04:41.506833,83.7502,84.23475,86.04176
2022-01-21 12:04:42.004855,84.1636,84.33875,85.4527
2022-01-21 12:04:42.509566,83.9569,84.02925,85.4527
2022-01-21 12:04:43.007535,84.11161,84.08,85.29625
2022-01-21 12:04:43.503368,84.31831,84.33875,85.29625
2022-01-21 12:04:44.004354,84.00888,84.23475,237.82385
2022-01-21 12:04:44.509168,84.11161,84.3895,237.82385
2022-01-21 12:04:45.007519,84.11161,84.4415,218.42437
2022-01-21 12:04:45.503679,84.62773,84.751,218.42437
2022-01-21 12:04:46.001093,83.13135,83.61575,168.62833
2022-01-21 12:04:46.507161,84.67848,84.699,168.62833
2022-01-21 12:04:47.004918,83.9569,83.8225,105.36301
2022-01-21 12:04:47.501479,84.67848,84.95775,105.36301
2022-01-21 12:04:48.010360,84.00888,84.28675,97.58739
2022-01-21 12:04:48.507169,83.64747,84.132,97.58739
2022-01-21 12:04:49.006444,84.47302,84.3895,90.55822
2022-01-21 12:04:49.501690,83.64747,84.184,90.55822
2022-01-21 12:04:50.010702,84.52377,84.59625,87.69114
2022-01-21 12:04:50.503298,84.26632,84.4415,87.69114
2022-01-21 12:04:51.003458,84.21434,84.4415,86.43479
2022-01-21 12:04:51.509203,84.36905,84.803,86.43479
2022-01-21 12:04:52.009175,84.26632,84.803,86.67041
2022-01-21 12:04:52.503042,83.9569,84.23475,86.67041
2022-01-21 12:04:53.002642,83.7502,84.23475,87.84854
2022-01-21 12:04:53.507405,84.31831,84.33875,87.84854
2022-01-21 12:04:54.005930,83.9569,84.23475,85.49229
2022-01-21 12:04:54.501483,84.26632,84.28675,85.49229
2022-01-21 12:04:55.009161,84.21434,84.4415,85.64968
2022-01-21 12:04:55.505183,83.9569,84.28675,85.64968
2022-01-21 12:04:56.002684,84.88517,85.16325,85.92395
2022-01-21 12:04:56.511223,83.59549,84.08,85.92395
2022-01-21 12:04:57.010041,84.11161,84.33875,86.47437
2022-01-21 12:04:57.505246,83.90492,84.184,86.47437
2022-01-21 12:04:58.002560,84.52377,84.54425,85.37447
2022-01-21 12:04:58.509811,84.36905,84.59625,85.37447
2022-01-21 12:04:59.007900,83.85417,84.23475,85.41406
2022-01-21 12:04:59.501825,84.1636,84.4935,85.41406
2022-01-21 12:05:00.009542,84.11161,84.28675,85.88531
2022-01-21 12:05:00.510381,84.31831,84.33875,85.88531
2022-01-21 12:05:01.007028,83.9569,84.33875,85.6101
2022-01-21 12:05:01.502802,84.1636,84.132,85.6101
2022-01-21 12:05:02.001235,84.57575,84.59625,86.74864
2022-01-21 12:05:02.507409,83.90492,84.28675,86.74864
2022-01-21 12:05:03.006791,84.67848,85.0605,85.53187
2022-01-21 12:05:03.510453,83.64747,84.132,85.53187
2022-01-21 12:05:04.008877,84.88517,85.0085,85.4527
2022-01-21 12:05:04.504331,83.59549,84.02925,85.4527
2022-01-21 12:05:05.002415,84.57575,84.64825,86.23875
2022-01-21 12:05:05.508404,84.21434,84.28675,86.23875
2022-01-21 12:05:06.006376,84.11161,84.4935,85.33489
2022-01-21 12:05:06.501188,84.1636,84.54425,85.33489
2022-01-21 12:05:07.010189,84.1636,84.4935,85.21708
2022-01-21 12:05:07.505435,84.42104,84.64825,85.21708
2022-01-21 12:05:08.005818,83.90492,84.28675,85.72791
2022-01-21 12:05:08.502952,84.36905,84.33875,85.72791
2022-01-21 12:05:09.002205,84.26632,84.33875,85.25666
2022-01-21 12:05:09.508105,84.26632,84.3895,85.25666
2022-01-21 12:05:10.008092,83.9569,84.4415,85.64968
2022-01-21 12:05:10.504040,83.9569,84.28675,85.64968
2022-01-21 12:05:11.009688,84.36905,84.4935,85.6101
2022-01-21 12:05:11.507606,83.44078,84.02925,85.6101
2022-01-21 12:05:12.007445,84.88517,85.1125,87.10208
2022-01-21 12:05:12.501368,84.21434,84.184,87.10208
2022-01-21 12:05:13.002742,84.21434,84.54425,86.12093
2022-01-21 12:05:13.501299,84.1636,84.3895,86.12093
2022-01-21 12:05:14.010329,84.11161,84.64825,85.92395
2022-01-21 12:05:14.501157,84.21434,84.28675,85.92395
2022-01-21 12:05:15.009959,84.1636,84.59625,85.29625
2022-01-21 12:05:15.504056,83.80219,83.8225,85.29625
2022-01-21 12:05:16.001714,84.36905,84.4935,86.00312
2022-01-21 12:05:16.507935,84.62773,84.85375,86.00312
2022-01-21 12:05:17.007389,84.05963,84.4415,85.72791
2022-01-21 12:05:17.503861,83.85417,84.184,85.72791
2022-01-21 12:05:18.005053,84.26632,84.4415,85.13885
2022-01-21 12:05:18.502354,84.05963,84.54425,85.13885
2022-01-21 12:05:19.010633,84.36905,84.54425,86.51301
2022-01-21 12:05:19.507580,83.9569,84.23475,86.51301
2022-01-21 12:05:20.006776,84.21434,84.132,85.09926
2022-01-21 12:05:20.502874,84.78245,85.0085,85.09926
2022-01-21 12:05:21.003839,83.64747,84.08,85.7675
2022-01-21 12:05:21.509167,84.42104,84.64825,85.7675
2022-01-21 12:05:22.007201,84.21434,84.3895,86.59218
2022-01-21 12:05:22.505300,84.11161,84.33875,86.59218
2022-01-21 12:05:23.005215,84.1636,84.54425,85.17843
2022-01-21 12:05:23.501185,84.05963,84.184,85.17843
2022-01-21 12:05:24.008711,84.73046,84.95775,85.25666
2022-01-21 12:05:24.503127,84.05963,84.33875,85.25666
2022-01-21 12:05:25.010990,84.1636,84.4415,85.72791
2022-01-21 12:05:25.505116,83.90492,84.33875,85.72791
2022-01-21 12:05:26.002998,84.36905,84.4935,85.68833
2022-01-21 12:05:26.508582,83.80219,84.23475,85.68833
2022-01-21 12:05:27.010050,84.1636,84.23475,85.68833
2022-01-21 12:05:27.506698,84.62773,84.751,85.68833
2022-01-21 12:05:28.006008,84.00888,84.28675,86.31697
2022-01-21 12:05:28.501273,84.67848,84.90575,86.31697
2022-01-21 12:05:29.009834,83.90492,84.132,85.25666
2022-01-21 12:05:29.504705,84.36905,84.64825,85.25666
2022-01-21 12:05:30.003096,83.64747,84.184,87.18125
2022-01-21 12:05:30.508980,84.31831,84.3895,87.18125
2022-01-21 12:05:31.006351,84.1636,84.3895,85.7675
2022-01-21 12:05:31.505325,84.42104,84.803,85.7675
2022-01-21 12:05:32.004527,84.42104,84.699,85.7675
2022-01-21 12:05:32.509545,84.05963,84.33875,85.7675
2022-01-21 12:05:33.007145,84.78245,84.85375,86.5526
2022-01-21 12:05:33.507493,83.54475,83.92525,86.5526
2022-01-21 12:05:34.006258,84.57575,84.54425,85.88531
2022-01-21 12:05:34.511002,83.85417,84.132,85.88531
2022-01-21 12:05:35.009787,84.31831,84.54425,85.7675
2022-01-21 12:05:35.505549,84.36905,84.4935,85.7675
2022-01-21 12:05:36.005784,83.7502,84.184,85.72791
2022-01-21 12:05:36.510766,84.67848,84.699,85.72791
2022-01-21 12:05:37.010421,83.90492,84.23475,85.13885
2022-01-21 12:05:37.506349,84.26632,84.28675,85.13885
2022-01-21 12:05:38.006761,84.00888,84.28675,85.7675
2022-01-21 12:05:38.510404,84.26632,84.3895,85.7675
2022-01-21 12:05:39.009290,84.26632,84.59625,85.13885
2022-01-21 12:05:39.505611,84.21434,84.54425,85.13885
2022-01-21 12:05:40.005084,84.1636,84.33875,85.80614
2022-01-21 12:05:40.502916,84.11161,84.4415,85.80614
2022-01-21 12:05:41.002802,84.47302,84.54425,85.88531
2022-01-21 12:05:41.510695,83.90492,84.23475,85.88531
2022-01-21 12:05:42.008381,84.31831,84.33875,85.57051
2022-01-21 12:05:42.505133,84.67848,84.751,85.57051
2022-01-21 12:05:43.004288,83.69946,84.23475,85.33489
2022-01-21 12:05:43.510280,84.42104,84.4935,85.33489
2022-01-21 12:05:44.008730,83.9569,84.23475,86.00312
2022-01-21 12:05:44.504040,84.42104,84.59625,86.00312
2022-01-21 12:05:45.002901,84.00888,84.4935,86.08135
2022-01-21 12:05:45.510137,83.9569,84.184,86.08135
2022-01-21 12:05:46.007041,84.78245,84.803,85.13885
2022-01-21 12:05:46.503417,83.90492,84.23475,85.13885
2022-01-21 12:05:47.001336,84.47302,84.751,86.19916
2022-01-21 12:05:47.505897,83.80219,84.132,86.19916
2022-01-21 12:05:48.004774,84.26632,84.28675,84.825
2022-01-21 12:05:48.510788,84.11161,84.4935,84.825
2022-01-21 12:05:49.009435,84.26632,84.33875,87.02385
2022-01-21 12:05:49.508135,84.67848,85.0085,87.02385
2022-01-21 12:05:50.006120,83.9569,84.33875,85.92395
2022-01-21 12:05:50.510685,84.26632,84.3895,85.92395
2022-01-21 12:05:51.009096,83.90492,84.28675,84.54979
2022-01-21 12:05:51.505315,84.42104,84.751,84.54979
2022-01-21 12:05:52.002743,83.85417,84.3895,85.88531
2022-01-21 12:05:52.505835,84.11161,84.33875,85.88531
2022-01-21 12:05:53.003828,84.21434,84.4415,86.31697
2022-01-21 12:05:53.510244,84.52377,84.803,86.31697
2022-01-21 12:05:54.009668,83.9569,83.92525,85.49229
2022-01-21 12:05:54.503989,83.69946,83.92525,85.49229
2022-01-21 12:05:55.002061,84.31831,84.3895,238.33468
2022-01-21 12:05:55.508569,83.64747,83.97725,238.33468
2022-01-21 12:05:56.006870,84.67848,84.699,215.87114
2022-01-21 12:05:56.502445,83.18334,83.565,215.87114
2022-01-21 12:05:57.011060,84.62773,84.95775,166.74333
2022-01-21 12:05:57.505283,84.57575,84.699,166.74333
2022-01-21 12:05:58.002746,83.64747,83.8745,108.19051
2022-01-21 12:05:58.501725,84.93716,85.0085,108.19051
2022-01-21 12:05:59.010922,82.87391,83.30625,96.52708
2022-01-21 12:05:59.506004,85.4013,85.422,96.52708
2022-01-21 12:06:00.004423,83.39003,83.8225,90.40083
2022-01-21 12:06:00.509786,84.47302,84.64825,90.40083
2022-01-21 12:06:01.010683,84.05963,84.184,87.80895
2022-01-21 12:06:01.507429,84.42104,84.54425,87.80895
2022-01-21 12:06:02.005666,84.42104,84.4935,86.63083
2022-01-21 12:06:02.506881,84.11161,84.4935,86.63083
2022-01-21 12:06:03.005806,84.1636,84.3895,86.98426
2022-01-21 12:06:03.510486,83.64747,84.23475,86.98426
2022-01-21 12:06:04.008692,84.57575,84.699,85.84572
2022-01-21 12:06:04.504660,84.1636,84.33875,85.84572
2022-01-21 12:06:05.003200,84.21434,84.54425,86.08135
2022-01-21 12:06:05.508498,84.05963,84.184,86.08135
2022-01-21 12:06:06.007294,83.9569,84.132,86.00312
2022-01-21 12:06:06.501908,84.36905,84.3895,86.00312
2022-01-21 12:06:07.002379,83.9569,84.3895,85.84572
2022-01-21 12:06:07.507778,84.26632,84.54425,85.84572
2022-01-21 12:06:08.006536,84.11161,84.28675,86.35656
2022-01-21 12:06:08.501368,83.85417,84.02925,86.35656
2022-01-21 12:06:09.009271,84.42104,84.4935,85.49229
2022-01-21 12:06:09.506598,84.11161,84.4415,85.49229
2022-01-21 12:06:10.004604,84.26632,84.3895,85.57051
2022-01-21 12:06:10.509804,83.85417,84.23475,85.57051
2022-01-21 12:06:11.003923,83.9569,83.92525,85.6101
2022-01-21 12:06:11.511189,84.26632,84.64825,85.6101
2022-01-21 12:06:12.009023,84.26632,84.59625,85.41406
2022-01-21 12:06:12.503760,84.42104,84.4935,85.41406
2022-01-21 12:06:13.003524,83.7502,83.97725,85.64968
2022-01-21 12:06:13.509137,84.67848,84.85375,85.64968
2022-01-21 12:06:14.007062,84.11161,84.59625,85.21708
2022-01-21 12:06:14.503483,84.00888,84.08,85.21708
2022-01-21 12:06:15.001514,84.21434,84.54425,86.00312
2022-01-21 12:06:15.507412,84.05963,84.184,86.00312
2022-01-21 12:06:16.006891,84.73046,84.803,84.86364
2022-01-21 12:06:16.502752,83.64747,84.08,84.86364
2022-01-21 12:06:17.003318,84.31831,84.33875,86.51301
2022-01-21 12:06:17.508215,83.9569,84.132,86.51301
2022-01-21 12:06:18.006172,84.78245,85.1125,85.80614
2022-01-21 12:06:18.510647,83.90492,84.4415,85.80614
2022-01-21 12:06:19.009987,84.47302,84.54425,85.84572
2022-01-21 12:06:19.506349,84.11161,84.02925,85.84572
2022-01-21 12:06:20.004600,84.31831,84.54425,85.13885
2022-01-21 12:06:20.510990,84.31831,84.4415,85.13885
2022-01-21 12:06:21.009116,83.7502,84.184,85.68833
2022-01-21 12:06:21.504276,84.67848,84.59625,85.68833
2022-01-21 12:06:22.004035,83.59549,84.33875,85.6101
2022-01-21 12:06:22.501451,84.67848,84.95775,85.6101
2022-01-21 12:06:23.003780,84.52377,84.4415,85.72791
2022-01-21 12:06:23.502698,83.85417,84.132,85.72791
2022-01-21 12:06:24.003829,84.21434,84.59625,85.29625
2022-01-21 12:06:24.510234,84.1636,84.4415,85.29625
2022-01-21 12:06:25.007815,84.42104,84.64825,85.96354
2022-01-21 12:06:25.502939,83.54475,84.184,85.96354
2022-01-21 12:06:26.002463,84.52377,84.751,86.08135
2022-01-21 12:06:26.510274,84.05963,84.08,86.08135
2022-01-21 12:06:27.008394,84.57575,84.751,85.33489
2022-01-21 12:06:27.504066,84.11161,84.23475,85.33489
2022-01-21 12:06:28.002986,83.90492,84.184,86.00312
2022-01-21 12:06:28.508676,84.36905,84.3895,86.00312
2022-01-21 12:06:29.008958,83.7502,84.4415,85.6101
2022-01-21 12:06:29.506782,84.42104,84.64825,85.6101
2022-01-21 12:06:30.007663,83.90492,84.08,85.33489
2022-01-21 12:06:30.504190,84.62773,84.751,85.33489
2022-01-21 12:06:31.002064,83.90492,84.02925,85.21708
2022-01-21 12:06:31.508809,84.31831,84.699,85.21708
2022-01-21 12:06:32.006731,83.90492,84.132,85.53187
2022-01-21 12:06:32.502104,84.00888,84.4935,85.53187
2022-01-21 12:06:33.009740,84.11161,84.3895,86.59218
2022-01-21 12:06:33.506388,84.52377,84.803,86.59218
2022-01-21 12:06:34.005271,84.26632,84.23475,85.96354
2022-01-21 12:06:34.503270,84.52377,84.751,85.96354
2022-01-21 12:06:35.006373,83.9569,84.28675,86.47437
2022-01-21 12:06:35.502138,84.26632,84.28675,86.47437
2022-01-21 12:06:36.010710,84.00888,84.54425,85.37447
2022-01-21 12:06:36.507459,84.1636,84.4935,85.37447
2022-01-21 12:06:37.002810,84.52377,85.0085,86.23875
2022-01-21 12:06:37.503821,83.80219,83.92525,86.23875
2022-01-21 12:06:38.004747,84.73046,84.751,85.41406
2022-01-21 12:06:38.510960,84.11161,84.4935,85.41406
2022-01-21 12:06:39.001180,84.21434,84.184,86.19916
2022-01-21 12:06:39.507939,84.42104,84.64825,86.19916
2022-01-21 12:06:40.007486,83.85417,83.97725,85.96354
2022-01-21 12:06:40.503416,84.42104,85.0085,85.96354
2022-01-21 12:06:41.001515,83.9569,84.33875,85.33489
2022-01-21 12:06:41.508793,84.52377,84.4415,85.33489
2022-01-21 12:06:42.008060,84.00888,84.23475,85.41406
2022-01-21 12:06:42.504857,84.36905,84.64825,85.41406
2022-01-21 12:06:43.003510,84.05963,84.4935,85.7675
2022-01-21 12:06:43.510883,84.11161,84.184,85.7675
2022-01-21 12:06:44.010649,83.85417,84.54425,84.90322
2022-01-21 12:06:44.505999,84.36905,84.4935,84.90322
2022-01-21 12:06:45.002794,84.47302,84.4935,86.27739
2022-01-21 12:06:45.506846,83.90492,84.132,86.27739
2022-01-21 12:06:46.004508,84.57575,84.699,85.68833
2022-01-21 12:06:46.510806,83.90492,84.28675,85.68833
2022-01-21 12:06:47.010047,84.52377,84.85375,85.72791
2022-01-21 12:06:47.505715,83.54475,84.08,85.72791
2022-01-21 12:06:48.004147,84.42104,84.64825,85.33489
2022-01-21 12:06:48.501254,84.1636,84.132,85.33489
2022-01-21 12:06:49.009268,84.36905,84.3895,85.13885
2022-01-21 12:06:49.502984,84.05963,84.132,85.13885
2022-01-21 12:06:50.010328,83.9569,84.28675,85.29625
2022-01-21 12:06:50.505774,84.42104,84.64825,85.29625
2022-01-21 12:06:51.003904,84.11161,84.64825,86.90604
2022-01-21 12:06:51.510928,84.11161,84.4935,86.90604
2022-01-21 12:06:52.002105,84.11161,84.184,85.37447
2022-01-21 12:06:52.506413,83.9569,84.184,85.37447
2022-01-21 12:06:53.003765,84.42104,84.4935,85.68833
2022-01-21 12:06:53.510762,83.9569,84.28675,85.68833
2022-01-21 12:06:54.008007,84.36905,84.4935,86.27739
2022-01-21 12:06:54.502505,83.64747,84.23475,86.27739
2022-01-21 12:06:55.010894,84.62773,84.751,85.7675
2022-01-21 12:06:55.507340,84.21434,84.4415,85.7675
2022-01-21 12:06:56.005839,84.11161,84.23475,85.53187
2022-01-21 12:06:56.501122,84.1636,84.132,85.53187
2022-01-21 12:06:57.010262,84.21434,84.64825,86.00312
2022-01-21 12:06:57.505168,84.21434,84.4415,86.00312
2022-01-21 12:06:58.007716,84.05963,84.4935,85.64968
2022-01-21 12:06:58.502946,83.9569,84.28675,85.64968
2022-01-21 12:06:59.001641,84.42104,84.90575,85.64968
2022-01-21 12:06:59.506796,84.26632,84.28675,85.64968
2022-01-21 12:07:00.006579,84.73046,84.59625,85.6101
2022-01-21 12:07:00.501423,83.7502,84.02925,85.6101
2022-01-21 12:07:01.008845,84.36905,84.54425,85.64968
2022-01-21 12:07:01.504127,84.00888,84.4935,85.64968
2022-01-21 12:07:02.003319,84.00888,84.33875,86.00312
2022-01-21 12:07:02.508951,84.36905,84.90575,86.00312
2022-01-21 12:07:03.007420,83.85417,84.02925,85.72791
2022-01-21 12:07:03.504084,84.67848,84.64825,85.72791
2022-01-21 12:07:04.002280,83.85417,83.97725,86.31697
2022-01-21 12:07:04.509866,84.67848,84.751,86.31697
2022-01-21 12:07:05.006897,83.90492,84.23475,86.04176
2022-01-21 12:07:05.501934,84.21434,84.54425,86.04176
2022-01-21 12:07:06.010330,83.90492,84.4415,84.90322
2022-01-21 12:07:06.506268,84.26632,84.28675,84.90322
2022-01-21 12:07:07.004645,84.52377,84.751,85.84572
2022-01-21 12:07:07.501346,84.11161,84.33875,85.84572
2022-01-21 12:07:08.009933,84.21434,84.3895,86.51301
2022-01-21 12:07:08.504169,83.85417,84.28675,86.51301
2022-01-21 12:07:09.004396,84.62773,84.85375,85.6101
2022-01-21 12:07:09.510806,83.80219,84.4415,85.6101
2022-01-21 12:07:10.007730,84.05963,84.28675,85.96354
2022-01-21 12:07:10.503943,84.26632,84.23475,85.96354
2022-01-21 12:07:11.008886,84.47302,84.59625,86.00312
2022-01-21 12:07:11.504164,84.47302,84.54425,86.00312
2022-01-21 12:07:12.001879,83.80219,84.184,85.02104
2022-01-21 12:07:12.507470,84.67848,85.0085,85.02104
2022-01-21 12:07:13.006883,83.39003,83.8745,85.88531
2022-01-21 12:07:13.502855,84.88517,85.16325,85.88531
2022-01-21 12:07:14.011051,83.39003,83.7705,86.47437
2022-01-21 12:07:14.505919,84.52377,84.59625,86.47437
2022-01-21 12:07:15.004175,84.36905,84.23475,86.78822
2022-01-21 12:07:15.502352,84.26632,84.699,86.78822
2022-01-21 12:07:16.008124,84.62773,84.751,85.37447
2022-01-21 12:07:16.502985,83.64747,84.132,85.37447
2022-01-21 12:07:17.002528,84.42104,84.54425,86.08135
2022-01-21 12:07:17.508437,83.9569,84.28675,86.08135
2022-01-21 12:07:18.006733,84.47302,84.803,84.94281
2022-01-21 12:07:18.502325,84.1636,84.02925,84.94281
2022-01-21 12:07:19.010509,83.9569,84.28675,85.88531
2022-01-21 12:07:19.508778,84.21434,84.4935,85.88531
2022-01-21 12:07:20.008035,84.31831,84.699,85.4527
2022-01-21 12:07:20.503159,84.21434,84.4415,85.4527
2022-01-21 12:07:21.010760,83.49276,83.8745,85.57051
2022-01-21 12:07:21.505224,84.36905,84.3895,85.57051
2022-01-21 12:07:22.004108,84.36905,84.54425,85.7675
2022-01-21 12:07:22.509903,83.9569,84.4415,85.7675
2022-01-21 12:07:23.008309,84.21434,84.4935,85.96354
2022-01-21 12:07:23.504570,83.9569,84.4415,85.96354
2022-01-21 12:07:24.003223,84.26632,84.3895,86.15958
2022-01-21 12:07:24.508414,84.11161,84.59625,86.15958
2022-01-21 12:07:25.007447,84.1636,84.28675,85.80614
2022-01-21 12:07:25.503734,84.05963,83.92525,85.80614
2022-01-21 12:07:26.002695,84.42104,84.699,85.37447
2022-01-21 12:07:26.510639,84.05963,84.184,85.37447
2022-01-21 12:07:27.009027,84.36905,84.85375,85.72791
2022-01-21 12:07:27.504512,84.36905,84.64825,85.72791
2022-01-21 12:07:28.001295,83.64747,84.132,85.4527
2022-01-21 12:07:28.508384,84.26632,84.3895,85.4527
2022-01-21 12:07:29.008173,84.67848,84.85375,85.68833
2022-01-21 12:07:29.503900,83.90492,84.132,85.68833
2022-01-21 12:07:30.001023,84.31831,84.4935,86.23875
2022-01-21 12:07:30.506374,83.85417,84.33875,86.23875
2022-01-21 12:07:31.003946,84.62773,84.85375,86.19916
2022-01-21 12:07:31.510681,84.00888,84.4415,86.19916
2022-01-21 12:07:32.008830,84.21434,84.33875,85.64968
2022-01-21 12:07:32.506381,84.21434,84.33875,85.64968
2022-01-21 12:07:33.006678,84.42104,84.54425,85.4527
2022-01-21 12:07:33.503082,84.31831,84.4415,85.4527
2022-01-21 12:07:34.001769,84.11161,84.64825,85.96354
2022-01-21 12:07:34.507324,84.21434,84.4935,85.96354
2022-01-21 12:07:35.006023,84.1636,84.3895,85.25666
2022-01-21 12:07:35.503646,84.47302,84.751,85.25666
2022-01-21 12:07:36.505803,84.42104,84.64825,85.64968
2022-01-21 12:07:37.002234,84.31831,84.184,86.04176
2022-01-21 12:07:37.507884,83.7502,84.132,86.04176
2022-01-21 12:07:38.006405,84.42104,85.0085,85.92395
2022-01-21 12:07:38.501992,83.9569,84.4415,85.92395
2022-01-21 12:07:39.001101,84.21434,84.28675,85.92395
2022-01-21 12:07:39.506248,83.7502,84.184,85.92395
2022-01-21 12:07:40.005491,84.67848,84.803,84.98145
2022-01-21 12:07:40.510589,84.36905,84.33875,84.98145
2022-01-21 12:07:41.008520,83.85417,84.28675,86.71
2022-01-21 12:07:41.505290,84.21434,84.184,86.71
2022-01-21 12:07:42.003253,84.00888,84.4415,85.57051
2022-01-21 12:07:42.510313,84.31831,84.59625,85.57051
2022-01-21 12:07:43.008480,83.64747,84.08,85.17843
2022-01-21 12:07:43.504869,84.31831,84.4935,85.17843
2022-01-21 12:07:44.003050,84.31831,84.184,85.64968
2022-01-21 12:07:44.508322,84.73046,85.0605,85.64968
2022-01-21 12:07:45.007767,83.90492,84.184,85.6101
2022-01-21 12:07:45.503603,84.31831,84.803,85.6101
2022-01-21 12:07:46.001165,84.05963,84.132,85.17843
2022-01-21 12:07:46.506876,84.11161,84.64825,85.17843
2022-01-21 12:07:47.007051,83.9569,84.132,86.5526
2022-01-21 12:07:47.503458,84.42104,84.28675,86.5526
2022-01-21 12:07:48.011211,84.36905,84.59625,85.29625
2022-01-21 12:07:48.506822,84.05963,84.33875,85.29625
2022-01-21 12:07:49.007006,84.47302,84.95775,86.27739
2022-01-21 12:07:49.502954,84.1636,84.33875,86.27739
2022-01-21 12:07:50.001318,83.80219,84.28675,86.31697
2022-01-21 12:07:50.506508,84.62773,84.85375,86.31697
2022-01-21 12:07:51.004982,84.21434,84.33875,85.33489
2022-01-21 12:07:51.510369,84.42104,84.64825,85.33489
2022-01-21 12:07:52.009010,84.1636,84.184,85.80614
2022-01-21 12:07:52.503983,84.21434,84.64825,85.80614
2022-01-21 12:07:53.003335,84.26632,84.4415,85.6101
2022-01-21 12:07:53.509119,84.26632,84.64825,85.6101
2022-01-21 12:07:54.010038,83.90492,84.08,85.09926
2022-01-21 12:07:54.505231,84.36905,84.64825,85.09926
2022-01-21 12:07:55.002690,84.11161,84.08,86.08135
2022-01-21 12:07:55.510256,84.67848,84.751,86.08135
2022-01-21 12:07:56.007562,83.69946,84.184,85.41406
2022-01-21 12:07:56.502078,84.57575,84.803,85.41406
2022-01-21 12:07:57.010865,84.36905,84.4935,86.00312
2022-01-21 12:07:57.506724,83.9569,84.08,86.00312
2022-01-21 12:07:58.007207,84.11161,84.4935,85.84572
2022-01-21 12:07:58.503865,84.26632,84.4415,85.84572
2022-01-21 12:07:59.001878,84.42104,84.4935,85.72791
2022-01-21 12:07:59.508669,83.85417,84.33875,85.72791
2022-01-21 12:08:00.008480,84.57575,84.85375,86.08135
2022-01-21 12:08:00.510530,83.7502,84.08,86.08135
2022-01-21 12:08:01.007940,84.52377,84.751,85.72791
2022-01-21 12:08:01.504476,83.7502,84.02925,85.72791
2022-01-21 12:08:02.006677,84.31831,84.23475,85.68833
2022-01-21 12:08:02.506350,84.26632,84.08,85.68833
2022-01-21 12:08:03.005661,83.90492,84.54425,85.64968
2022-01-21 12:08:03.502668,84.21434,84.4935,85.64968
2022-01-21 12:08:04.010621,84.21434,84.54425,85.53187
2022-01-21 12:08:04.506374,84.47302,84.4415,85.53187
2022-01-21 12:08:05.004130,83.9569,84.64825,85.88531
2022-01-21 12:08:05.508244,84.1636,84.33875,85.88531
2022-01-21 12:08:06.007387,84.42104,84.33875,85.49229
2022-01-21 12:08:06.503304,84.52377,84.90575,85.49229
2022-01-21 12:08:07.001669,84.05963,84.3895,85.37447
2022-01-21 12:08:07.507479,83.64747,84.08,85.37447
2022-01-21 12:08:08.007487,84.57575,84.751,86.63083
2022-01-21 12:08:08.504916,83.69946,84.02925,86.63083
2022-01-21 12:08:09.004616,84.52377,84.803,85.92395
2022-01-21 12:08:09.509758,83.9569,84.132,85.92395
2022-01-21 12:08:10.008293,84.47302,84.699,85.4527
2022-01-21 12:08:10.502285,84.1636,84.33875,85.4527
2022-01-21 12:08:11.008565,84.52377,84.95775,85.72791
2022-01-21 12:08:11.503465,83.64747,83.7705,85.72791
2022-01-21 12:08:12.003652,84.11161,84.4935,86.19916
2022-01-21 12:08:12.501197,84.36905,84.33875,86.19916
2022-01-21 12:08:13.009988,84.1636,84.4415,85.17843
2022-01-21 12:08:13.506727,84.52377,84.699,85.17843
2022-01-21 12:08:14.004399,84.00888,84.23475,85.7675
2022-01-21 12:08:14.501798,84.1636,84.59625,85.7675
2022-01-21 12:08:15.010309,84.36905,84.54425,85.49229
2022-01-21 12:08:15.506420,84.11161,84.54425,85.49229
2022-01-21 12:08:16.005270,84.00888,84.23475,86.43479
2022-01-21 12:08:16.501232,84.00888,84.23475,86.43479
2022-01-21 12:08:17.001134,84.05963,84.184,85.53187
2022-01-21 12:08:17.506786,84.78245,84.95775,85.53187
2022-01-21 12:08:18.004280,83.85417,84.28675,86.3952
2022-01-21 12:08:18.509787,84.21434,84.3895,86.3952
2022-01-21 12:08:19.008261,84.05963,84.28675,85.7675
2022-01-21 12:08:19.503483,83.9569,84.184,85.7675
2022-01-21 12:08:20.010518,84.11161,84.59625,85.88531
2022-01-21 12:08:20.506366,83.9569,84.132,85.88531
2022-01-21 12:08:21.003982,84.31831,84.3895,85.53187
2022-01-21 12:08:21.501470,84.52377,84.95775,85.53187
2022-01-21 12:08:22.009151,84.36905,84.64825,85.21708
2022-01-21 12:08:22.504003,83.90492,84.132,85.21708
2022-01-21 12:08:23.003399,84.11161,84.4415,85.80614
2022-01-21 12:08:23.501902,83.85417,84.28675,85.80614
2022-01-21 12:08:24.001866,84.05963,84.28675,85.7675
2022-01-21 12:08:24.508185,85.09187,85.16325,85.7675
2022-01-21 12:08:25.006681,83.69946,84.02925,86.00312
2022-01-21 12:08:25.502172,84.62773,84.803,86.00312
2022-01-21 12:08:26.001197,84.11161,84.3895,86.08135
2022-01-21 12:08:26.507519,84.47302,84.59625,86.08135
2022-01-21 12:08:27.004288,83.7502,84.184,85.33489
2022-01-21 12:08:27.510373,84.21434,84.3895,85.33489
2022-01-21 12:08:28.009716,84.26632,84.33875,86.12093
2022-01-21 12:08:28.504963,84.31831,84.64825,86.12093
2022-01-21 12:08:29.002670,84.47302,84.90575,85.72791
2022-01-21 12:08:29.509162,83.85417,84.184,85.72791
2022-01-21 12:08:30.007470,84.31831,84.4415,85.57051
2022-01-21 12:08:30.504034,83.59549,83.92525,85.57051
2022-01-21 12:08:31.005267,84.83319,85.0605,86.00312
2022-01-21 12:08:31.511153,83.69946,83.92525,86.00312
2022-01-21 12:08:32.009663,84.31831,84.64825,85.6101
2022-01-21 12:08:32.506221,84.21434,84.28675,85.6101
2022-01-21 12:08:33.004836,84.26632,84.54425,85.41406
2022-01-21 12:08:33.509997,84.47302,84.699,85.41406
2022-01-21 12:08:34.006610,83.80219,84.132,86.00312
2022-01-21 12:08:34.504083,84.42104,84.4935,86.00312
2022-01-21 12:08:35.003356,84.21434,84.3895,85.25666
2022-01-21 12:08:35.510457,84.57575,85.0085,85.25666
2022-01-21 12:08:36.009821,83.9569,84.23475,86.00312
2022-01-21 12:08:36.503472,83.9569,84.28675,86.00312
2022-01-21 12:08:37.002890,84.42104,84.64825,85.64968
2022-01-21 12:08:37.508481,83.90492,84.28675,85.64968
2022-01-21 12:08:38.006017,84.67848,84.85375,86.51301
2022-01-21 12:08:38.511131,83.49276,83.8745,86.51301
2022-01-21 12:08:39.001293,84.47302,84.699,85.6101
2022-01-21 12:08:39.507766,84.42104,84.4415,85.6101
2022-01-21 12:08:40.007192,84.52377,84.85375,85.7675
2022-01-21 12:08:40.502819,84.11161,84.184,85.7675
2022-01-21 12:08:41.001752,83.90492,84.184,86.04176
2022-01-21 12:08:41.501965,84.11161,84.23475,86.04176
2022-01-21 12:08:42.009391,84.57575,85.0605,85.4527
2022-01-21 12:08:42.504853,83.85417,84.08,85.4527
2022-01-21 12:08:43.001772,84.52377,84.59625,85.57051
2022-01-21 12:08:43.506981,83.9569,84.23475,85.57051
2022-01-21 12:08:44.006077,84.47302,84.751,86.31697
2022-01-21 12:08:44.511243,84.21434,84.4935,86.31697
2022-01-21 12:08:45.011087,84.26632,84.33875,87.02385
2022-01-21 12:08:45.506801,83.85417,84.28675,87.02385
2022-01-21 12:08:46.004434,84.62773,84.95775,85.09926
2022-01-21 12:08:46.510803,84.62773,84.803,85.09926
2022-01-21 12:08:47.008544,83.80219,84.132,85.49229
2022-01-21 12:08:47.504263,84.47302,84.4935,85.49229
2022-01-21 12:08:48.003627,83.85417,84.184,85.57051
2022-01-21 12:08:48.510321,84.52377,84.64825,85.57051
2022-01-21 12:08:49.008947,83.85417,84.28675,85.64968
2022-01-21 12:08:49.504266,84.11161,84.4415,85.64968
2022-01-21 12:08:50.002451,84.42104,84.59625,85.96354
2022-01-21 12:08:50.507535,84.21434,84.4415,85.96354
2022-01-21 12:08:51.005060,84.67848,84.751,85.68833
2022-01-21 12:08:51.510753,83.64747,83.97725,85.68833
2022-01-21 12:08:52.007935,83.9569,84.132,88.71281
2022-01-21 12:08:52.503379,83.7502,83.8745,88.71281
2022-01-21 12:08:53.002415,83.9569,84.132,235.58541
2022-01-21 12:08:53.508195,84.1636,84.59625,235.58541
2022-01-21 12:08:54.006631,84.31831,84.4415,217.91354
2022-01-21 12:08:54.503890,84.47302,84.699,217.91354
2022-01-21 12:08:55.003539,83.44078,83.8225,149.81791
2022-01-21 12:08:55.509195,84.9879,84.95775,149.81791
2022-01-21 12:08:56.007179,83.54475,83.7705,95.89937
2022-01-21 12:08:56.501695,84.21434,84.4935,95.89937
2022-01-21 12:08:57.008861,83.54475,83.71975,97.15572
2022-01-21 12:08:57.505354,84.36905,84.59625,97.15572
2022-01-21 12:08:58.003433,84.31831,84.4415,88.595
2022-01-21 12:08:58.508517,84.31831,84.699,88.595
2022-01-21 12:08:59.006898,84.05963,84.23475,87.84854
2022-01-21 12:08:59.501169,84.36905,84.64825,87.84854
2022-01-21 12:09:00.009486,84.78245,85.1125,86.90604
2022-01-21 12:09:00.506145,83.28607,83.8225,86.90604
2022-01-21 12:09:01.004963,84.73046,85.1125,86.23875
2022-01-21 12:09:01.502262,83.49276,83.61575,86.23875
2022-01-21 12:09:02.010737,85.09187,85.0605,86.47437
2022-01-21 12:09:02.506815,84.21434,84.33875,86.47437
2022-01-21 12:09:03.005460,83.59549,83.92525,85.64968
2022-01-21 12:09:03.511144,84.67848,84.64825,85.64968
2022-01-21 12:09:04.009632,83.23532,83.7705,85.96354
2022-01-21 12:09:04.504981,85.09187,85.26725,85.96354
2022-01-21 12:09:05.003753,83.9569,84.184,86.35656
2022-01-21 12:09:05.509782,84.42104,84.64825,86.35656
2022-01-21 12:09:06.009519,84.00888,84.08,85.29625
2022-01-21 12:09:06.503103,84.9879,85.1125,85.29625
2022-01-21 12:09:07.001480,83.69946,83.7705,85.80614
2022-01-21 12:09:07.506539,83.85417,84.184,85.80614
2022-01-21 12:09:08.003359,84.36905,84.751,85.06062
2022-01-21 12:09:08.507783,84.00888,84.132,85.06062
2022-01-21 12:09:09.007111,84.42104,84.699,85.41406
2022-01-21 12:09:09.502695,84.26632,84.4415,85.41406
2022-01-21 12:09:10.001859,83.9569,84.28675,85.72791
2022-01-21 12:09:10.506559,84.73046,84.85375,85.72791
2022-01-21 12:09:11.001051,83.90492,84.28675,86.31697
2022-01-21 12:09:11.505828,84.21434,84.54425,86.31697
2022-01-21 12:09:12.006138,84.11161,84.4935,85.33489
2022-01-21 12:09:12.511141,84.1636,84.28675,85.33489
2022-01-21 12:09:13.010015,84.47302,84.4935,85.92395
2022-01-21 12:09:13.507026,83.85417,84.132,85.92395
2022-01-21 12:09:14.011136,84.26632,84.54425,85.02104
2022-01-21 12:09:14.508516,84.00888,84.23475,85.02104
2022-01-21 12:09:15.006820,84.26632,84.64825,85.33489
2022-01-21 12:09:15.501704,84.11161,84.54425,85.33489
2022-01-21 12:09:16.010277,84.36905,84.54425,86.00312
2022-01-21 12:09:16.504584,84.21434,84.132,86.00312
2022-01-21 12:09:17.002706,84.21434,84.4935,85.29625
2022-01-21 12:09:17.508512,84.57575,84.803,85.29625
2022-01-21 12:09:18.006788,83.59549,83.7705,86.3952
2022-01-21 12:09:18.501311,84.31831,84.59625,86.3952
2022-01-21 12:09:19.010314,83.85417,84.4415,85.7675
2022-01-21 12:09:19.504656,84.42104,84.64825,85.7675
2022-01-21 12:09:20.004301,84.73046,84.4415,85.02104
2022-01-21 12:09:20.508935,83.9569,84.23475,85.02104
2022-01-21 12:09:21.006462,84.11161,84.3895,85.68833
2022-01-21 12:09:21.510900,84.26632,84.4935,85.68833
2022-01-21 12:09:22.008528,84.31831,84.59625,85.72791
2022-01-21 12:09:22.503677,83.64747,84.08,85.72791
2022-01-21 12:09:23.001304,84.78245,85.1125,85.33489
2022-01-21 12:09:23.510830,83.64747,83.66775,85.33489
2022-01-21 12:09:24.008896,84.88517,84.95775,85.7675
2022-01-21 12:09:24.504474,83.80219,84.02925,85.7675
2022-01-21 12:09:25.004314,84.21434,84.4415,85.49229
2022-01-21 12:09:25.502363,84.42104,84.64825,85.49229
2022-01-21 12:09:26.001161,83.54475,84.23475,84.94281
2022-01-21 12:09:26.507069,84.88517,85.16325,84.94281
2022-01-21 12:09:27.005764,83.9569,84.132,86.00312
2022-01-21 12:09:27.510262,84.11161,84.4935,86.00312
2022-01-21 12:09:28.010095,84.00888,84.184,85.53187
2022-01-21 12:09:28.505268,84.36905,84.699,85.53187
2022-01-21 12:09:29.003103,83.85417,84.08,85.4527
2022-01-21 12:09:29.508856,83.90492,84.33875,85.4527
2022-01-21 12:09:30.008729,84.36905,84.751,85.72791
2022-01-21 12:09:30.504409,84.1636,84.3895,85.72791
2022-01-21 12:09:31.002683,84.73046,84.85375,85.7675
2022-01-21 12:09:31.507708,83.80219,83.8225,85.7675
2022-01-21 12:09:32.005949,84.00888,84.28675,85.37447
2022-01-21 12:09:32.501508,84.47302,84.64825,85.37447
2022-01-21 12:09:33.001147,83.9569,84.33875,85.7675
2022-01-21 12:09:33.510826,84.21434,84.4415,85.7675
2022-01-21 12:09:34.009485,83.80219,84.23475,85.4527
2022-01-21 12:09:34.506848,84.21434,84.23475,85.4527
2022-01-21 12:09:35.006196,84.78245,84.90575,85.6101
2022-01-21 12:09:35.501874,84.05963,84.3895,85.6101
2022-01-21 12:09:36.009613,84.1636,84.23475,85.7675
2022-01-21 12:09:36.504708,84.00888,84.4935,85.7675
2022-01-21 12:09:37.003956,83.9569,84.28675,86.19916
2022-01-21 12:09:37.510419,84.57575,85.21525,86.19916
2022-01-21 12:09:38.010018,83.69946,83.7705,85.84572
2022-01-21 12:09:38.505408,84.1636,84.33875,85.84572
2022-01-21 12:09:39.004172,84.05963,84.3895,85.80614
2022-01-21 12:09:39.510282,84.42104,84.59625,85.80614
2022-01-21 12:09:40.006716,84.00888,84.4415,85.6101
2022-01-21 12:09:40.501968,84.47302,84.751,85.6101
2022-01-21 12:09:41.011245,83.59549,84.184,86.47437
2022-01-21 12:09:41.507429,84.67848,84.803,86.47437
2022-01-21 12:09:42.007243,84.47302,84.59625,85.64968
2022-01-21 12:09:42.502753,83.39003,83.513,85.64968
2022-01-21 12:09:43.002247,84.62773,84.803,86.31697
2022-01-21 12:09:43.508371,83.7502,83.97725,86.31697
2022-01-21 12:09:44.007828,84.57575,84.95775,85.80614
2022-01-21 12:09:44.502393,83.54475,84.184,85.80614
2022-01-21 12:09:45.010912,84.1636,84.23475,85.49229
2022-01-21 12:09:45.506715,84.36905,84.33875,85.49229
2022-01-21 12:09:46.006308,84.42104,84.699,85.6101
2022-01-21 12:09:46.504149,84.11161,84.28675,85.6101
2022-01-21 12:09:47.003908,84.00888,84.3895,85.80614
2022-01-21 12:09:47.510330,84.36905,84.803,85.80614
2022-01-21 12:09:48.009805,83.64747,84.23475,84.94281
2022-01-21 12:09:48.505848,84.93716,85.0605,84.94281
2022-01-21 12:09:49.003521,83.90492,84.08,85.92395
2022-01-21 12:09:49.509184,84.21434,84.28675,85.92395
2022-01-21 12:09:50.008103,84.26632,84.33875,85.68833
2022-01-21 12:09:50.506391,83.90492,84.184,85.68833
2022-01-21 12:09:51.004976,84.83319,85.0605,85.41406
2022-01-21 12:09:51.501684,83.64747,84.08,85.41406
2022-01-21 12:09:52.010072,84.42104,84.699,85.72791
2022-01-21 12:09:52.506904,83.85417,84.08,85.72791
2022-01-21 12:09:53.005408,85.03989,85.0605,85.6101
2022-01-21 12:09:53.501858,83.80219,83.8745,85.6101
2022-01-21 12:09:54.002255,84.21434,84.28675,85.29625
2022-01-21 12:09:54.508052,83.90492,84.23475,85.29625
2022-01-21 12:09:55.008754,84.1636,84.751,85.68833
2022-01-21 12:09:55.505933,84.47302,84.90575,85.68833
2022-01-21 12:09:56.003453,83.69946,84.184,85.53187
2022-01-21 12:09:56.507972,84.31831,84.33875,85.53187
2022-01-21 12:09:57.008212,84.52377,84.54425,85.33489
2022-01-21 12:09:57.503295,84.42104,84.59625,85.33489
2022-01-21 12:09:58.004549,84.36905,84.699,86.12093
2022-01-21 12:09:58.509179,83.49276,83.8745,86.12093
2022-01-21 12:09:59.007854,84.26632,84.4935,85.09926
2022-01-21 12:09:59.502873,84.21434,84.699,85.09926
2022-01-21 12:10:00.002170,84.26632,84.3895,85.21708
2022-01-21 12:10:00.506277,84.57575,84.4415,85.21708
2022-01-21 12:10:01.006001,83.85417,83.8225,86.12093
2022-01-21 12:10:01.502393,84.36905,84.54425,86.12093
2022-01-21 12:10:02.010376,84.57575,84.95775,85.17843
2022-01-21 12:10:02.504459,84.00888,84.3895,85.17843
2022-01-21 12:10:03.003181,83.59549,84.184,86.08135
2022-01-21 12:10:03.507946,84.52377,84.59625,86.08135
2022-01-21 12:10:04.006204,84.47302,84.64825,85.49229
2022-01-21 12:10:04.503406,84.05963,84.23475,85.49229
2022-01-21 12:10:05.002203,84.57575,84.751,85.37447
2022-01-21 12:10:05.510655,83.7502,83.92525,85.37447
2022-01-21 12:10:06.009505,84.67848,85.0605,85.88531
2022-01-21 12:10:06.505132,83.7502,84.23475,85.88531
2022-01-21 12:10:07.005805,84.05963,84.23475,85.72791
2022-01-21 12:10:07.501765,84.26632,84.184,85.72791
2022-01-21 12:10:08.009834,84.26632,84.3895,85.02104
2022-01-21 12:10:08.506795,84.67848,84.803,85.02104
2022-01-21 12:10:09.006387,83.49276,83.97725,85.49229
2022-01-21 12:10:09.511070,84.73046,85.0605,85.49229
2022-01-21 12:10:10.010308,83.54475,83.92525,85.33489
2022-01-21 12:10:10.505072,84.78245,85.0085,85.33489
2022-01-21 12:10:11.010095,83.64747,83.8225,85.68833
2022-01-21 12:10:11.506101,84.47302,84.54425,85.68833
2022-01-21 12:10:12.005156,84.31831,84.4415,85.72791
2022-01-21 12:10:12.510171,83.85417,84.184,85.72791
2022-01-21 12:10:13.007938,84.88517,85.16325,84.825
2022-01-21 12:10:13.503683,83.49276,83.8225,84.825
2022-01-21 12:10:14.010931,84.57575,84.751,86.12093
2022-01-21 12:10:14.508713,83.64747,83.8225,86.12093
2022-01-21 12:10:15.008771,84.42104,84.59625,85.53187
2022-01-21 12:10:15.505842,84.31831,84.4415,85.53187
2022-01-21 12:10:16.004078,84.11161,84.59625,85.21708
2022-01-21 12:10:16.509987,84.42104,84.751,85.21708
2022-01-21 12:10:17.006699,83.85417,84.184,85.72791
2022-01-21 12:10:17.501905,84.83319,84.90575,85.72791
2022-01-21 12:10:18.009463,83.33805,83.8225,85.80614
2022-01-21 12:10:18.504462,84.62773,84.54425,85.80614
2022-01-21 12:10:19.004001,83.9569,84.02925,86.23875
2022-01-21 12:10:19.508485,84.21434,84.54425,86.23875
2022-01-21 12:10:20.007199,84.31831,84.64825,85.88531
2022-01-21 12:10:20.501921,83.85417,84.4935,85.88531
2022-01-21 12:10:21.009984,84.52377,84.64825,85.21708
2022-01-21 12:10:21.510064,83.64747,84.132,85.21708
2022-01-21 12:10:22.009515,84.78245,84.699,85.80614
2022-01-21 12:10:22.505302,84.26632,84.28675,85.80614
2022-01-21 12:10:23.003786,84.05963,84.33875,85.7675
2022-01-21 12:10:23.504880,83.9569,84.23475,85.7675
2022-01-21 12:10:24.003977,84.36905,84.95775,85.02104
2022-01-21 12:10:24.508758,84.00888,84.4415,85.02104
2022-01-21 12:10:25.009124,83.9569,84.54425,85.92395
2022-01-21 12:10:25.504832,84.26632,84.3895,85.92395
2022-01-21 12:10:26.003538,84.26632,84.3895,85.25666
2022-01-21 12:10:26.508021,84.73046,84.803,85.25666
2022-01-21 12:10:27.005948,84.1636,84.33875,85.72791
2022-01-21 12:10:28.005832,84.62773,84.803,85.33489
2022-01-21 12:10:28.503295,83.69946,84.132,85.33489
2022-01-21 12:10:29.001451,84.52377,84.59625,85.6101
2022-01-21 12:10:29.507619,83.90492,84.184,85.6101
2022-01-21 12:10:30.004590,84.57575,84.59625,85.37447
2022-01-21 12:10:30.509752,84.42104,84.4935,85.37447
2022-01-21 12:10:31.007959,84.05963,84.33875,85.7675
2022-01-21 12:10:31.503149,83.9569,84.33875,85.7675
2022-01-21 12:10:32.010850,83.80219,84.184,85.02104
2022-01-21 12:10:32.506210,84.73046,84.90575,85.02104
2022-01-21 12:10:33.006420,84.11161,84.3895,85.88531
2022-01-21 12:10:33.503420,84.1636,84.23475,85.88531
2022-01-21 12:10:34.001489,84.47302,84.59625,85.57051
2022-01-21 12:10:34.507295,84.11161,84.4415,85.57051
2022-01-21 12:10:35.005498,84.62773,85.0085,85.84572
2022-01-21 12:10:35.510801,83.33805,83.8745,85.84572
2022-01-21 12:10:36.010385,84.67848,84.85375,85.6101
2022-01-21 12:10:36.502950,83.49276,83.92525,85.6101
2022-01-21 12:10:37.001138,84.78245,84.85375,85.6101
2022-01-21 12:10:37.509151,84.47302,84.33875,85.6101
2022-01-21 12:10:38.008456,83.90492,84.184,85.88531
2022-01-21 12:10:38.503974,84.62773,84.95775,85.88531
2022-01-21 12:10:39.002784,83.9569,84.33875,85.4527
2022-01-21 12:10:39.509333,84.36905,84.54425,85.4527
2022-01-21 12:10:40.008321,83.49276,84.08,85.80614
2022-01-21 12:10:40.503495,84.21434,84.3895,85.80614
2022-01-21 12:10:41.002437,84.36905,84.3895,85.6101
2022-01-21 12:10:41.508293,84.47302,84.64825,85.6101
2022-01-21 12:10:42.008022,84.11161,84.4415,85.53187
2022-01-21 12:10:42.503341,83.90492,84.28675,85.53187
2022-01-21 12:10:43.002512,84.42104,84.54425,85.57051
2022-01-21 12:10:43.509817,83.90492,84.4415,85.57051
2022-01-21 12:10:44.001134,84.47302,84.54425,85.09926
2022-01-21 12:10:44.506708,84.05963,84.08,85.09926
2022-01-21 12:10:45.005753,84.11161,84.4935,86.51301
2022-01-21 12:10:45.501646,84.47302,84.699,86.51301
2022-01-21 12:10:46.010547,83.9569,84.4415,85.84572
2022-01-21 12:10:46.509336,84.31831,84.33875,85.84572
2022-01-21 12:10:47.004092,83.90492,84.28675,85.09926
2022-01-21 12:10:47.501307,84.21434,84.33875,85.09926
2022-01-21 12:10:48.009930,84.1636,84.33875,85.80614
2022-01-21 12:10:48.505168,84.62773,84.803,85.80614
2022-01-21 12:10:49.002363,83.80219,84.23475,86.04176
2022-01-21 12:10:49.508213,84.26632,84.803,86.04176
2022-01-21 12:10:50.005875,83.9569,84.23475,85.02104
2022-01-21 12:10:50.503743,84.36905,84.751,85.02104
2022-01-21 12:10:51.002589,84.42104,84.64825,85.84572
2022-01-21 12:10:51.508288,83.69946,83.97725,85.84572
2022-01-21 12:10:52.008502,84.11161,84.132,85.02104
2022-01-21 12:10:52.503846,84.78245,85.0085,85.02104
2022-01-21 12:10:53.002838,84.26632,84.751,86.04176
2022-01-21 12:10:53.508225,84.26632,84.3895,86.04176
2022-01-21 12:10:54.005496,83.54475,83.71975,85.84572
2022-01-21 12:10:54.501256,84.62773,84.803,85.84572
2022-01-21 12:10:55.010291,84.1636,84.59625,85.80614
2022-01-21 12:10:55.506617,84.21434,84.33875,85.80614
2022-01-21 12:10:56.007662,83.9569,84.23475,85.80614
2022-01-21 12:10:56.503080,84.1636,84.59625,85.80614
2022-01-21 12:10:57.001040,84.73046,85.0085,85.72791
2022-01-21 12:10:57.507347,83.80219,84.184,85.72791
2022-01-21 12:10:58.004739,84.21434,84.23475,85.57051
2022-01-21 12:10:58.502952,83.9569,84.33875,85.57051
2022-01-21 12:10:59.002005,84.52377,84.3895,85.92395
2022-01-21 12:10:59.510676,84.67848,84.803,85.92395
2022-01-21 12:11:00.001729,83.64747,84.02925,85.49229
2022-01-21 12:11:00.507258,84.67848,84.803,85.49229
2022-01-21 12:11:01.004915,83.90492,84.132,85.49229
2022-01-21 12:11:01.502444,84.78245,85.0085,85.49229
2022-01-21 12:11:02.010977,83.9569,84.4415,85.53187
2022-01-21 12:11:02.507221,84.1636,84.23475,85.53187
2022-01-21 12:11:03.005934,84.21434,84.23475,85.49229
2022-01-21 12:11:03.511048,84.67848,85.0085,85.49229
2022-01-21 12:11:04.010786,84.26632,84.4935,85.49229
2022-01-21 12:11:04.506765,83.69946,83.92525,85.49229
2022-01-21 12:11:05.005433,84.21434,84.184,85.96354
2022-01-21 12:11:05.501106,83.80219,84.3895,85.96354
2022-01-21 12:11:06.009199,84.78245,84.803,85.29625
2022-01-21 12:11:06.503839,83.90492,84.28675,85.29625
2022-01-21 12:11:07.002123,84.05963,84.132,85.7675
2022-01-21 12:11:07.506861,84.47302,84.54425,85.7675
2022-01-21 12:11:08.005868,84.31831,84.699,85.4527
2022-01-21 12:11:08.504026,84.26632,84.3895,85.4527
2022-01-21 12:11:09.001666,83.7502,84.184,85.25666
2022-01-21 12:11:09.509391,84.21434,84.28675,85.25666
2022-01-21 12:11:10.008430,84.26632,84.4415,86.12093
2022-01-21 12:11:10.504284,84.62773,84.803,86.12093
2022-01-21 12:11:11.008933,84.31831,84.59625,85.6101
2022-01-21 12:11:11.503502,84.11161,84.54425,85.6101
2022-01-21 12:11:12.003441,84.11161,84.23475,85.13885
2022-01-21 12:11:12.510202,83.9569,84.33875,85.13885
2022-01-21 12:11:13.007860,84.73046,84.751,86.27739
2022-01-21 12:11:13.504502,83.80219,84.28675,86.27739
2022-01-21 12:11:14.005704,84.1636,84.28675,85.64968
2022-01-21 12:11:14.511092,84.36905,84.4415,85.64968
2022-01-21 12:11:15.009115,84.26632,84.4415,85.49229
2022-01-21 12:11:15.504777,84.47302,84.54425,85.49229
2022-01-21 12:11:16.002270,83.7502,84.132,85.21708
2022-01-21 12:11:16.507511,84.1636,84.28675,85.21708
2022-01-21 12:11:17.007384,84.26632,84.64825,85.25666
2022-01-21 12:11:17.504153,84.21434,84.3895,85.25666
2022-01-21 12:11:18.001423,84.78245,84.90575,85.57051
2022-01-21 12:11:18.507620,83.59549,83.8745,85.57051
2022-01-21 12:11:19.006810,84.88517,85.0085,85.84572
2022-01-21 12:11:19.509557,84.11161,84.28675,85.84572
2022-01-21 12:11:20.007508,84.21434,84.4415,85.13885
2022-01-21 12:11:20.501081,83.90492,84.3895,85.13885
2022-01-21 12:11:21.010226,84.1636,84.28675,85.29625
2022-01-21 12:11:21.506054,84.67848,84.90575,85.29625
2022-01-21 12:11:22.004522,84.11161,84.4935,86.00312
2022-01-21 12:11:22.510964,84.47302,84.64825,86.00312
2022-01-21 12:11:23.010870,83.64747,83.92525,86.15958
2022-01-21 12:11:23.507352,84.57575,84.64825,86.15958
2022-01-21 12:11:24.005749,84.1636,84.59625,85.41406
2022-01-21 12:11:24.501301,84.05963,84.132,85.41406
2022-01-21 12:11:25.008734,84.11161,84.33875,85.41406
2022-01-21 12:11:25.503854,83.90492,84.184,85.41406
2022-01-21 12:11:26.002259,84.78245,84.95775,85.33489
2022-01-21 12:11:26.508628,84.11161,84.4935,85.33489
2022-01-21 12:11:27.008555,84.1636,84.33875,85.92395
2022-01-21 12:11:27.503716,83.7502,84.02925,85.92395
2022-01-21 12:11:28.002511,84.83319,85.0085,85.13885
2022-01-21 12:11:28.507492,84.26632,84.64825,85.13885
2022-01-21 12:11:29.007668,83.9569,84.132,86.3952
2022-01-21 12:11:29.503197,84.21434,84.3895,86.3952
2022-01-21 12:11:30.003259,84.11161,84.3895,85.6101
2022-01-21 12:11:31.005699,83.59549,84.02925,85.33489
2022-01-21 12:11:31.503597,84.47302,84.751,85.33489
2022-01-21 12:11:32.002322,83.7502,84.02925,85.37447
2022-01-21 12:11:32.506709,84.62773,84.90575,85.37447
2022-01-21 12:11:33.003569,84.05963,84.23475,86.04176
2022-01-21 12:11:33.509251,83.90492,84.184,86.04176
2022-01-21 12:11:34.006336,84.21434,84.54425,86.5526
2022-01-21 12:11:34.503068,84.1636,84.3895,86.5526
2022-01-21 12:11:35.002035,84.52377,84.64825,85.29625
2022-01-21 12:11:35.509432,83.80219,84.3895,85.29625
2022-01-21 12:11:36.004658,84.31831,84.4935,85.25666
2022-01-21 12:11:36.509936,84.42104,84.59625,85.25666
2022-01-21 12:11:37.007829,83.9569,84.23475,84.98145
2022-01-21 12:11:37.505451,84.36905,84.59625,84.98145
2022-01-21 12:11:38.002656,83.90492,84.184,85.57051
2022-01-21 12:11:38.501149,84.36905,84.4935,85.57051
2022-01-21 12:11:39.010240,84.00888,84.4935,85.25666
2022-01-21 12:11:39.505218,84.21434,84.28675,85.25666
2022-01-21 12:11:40.004622,84.31831,84.33875,85.29625
2022-01-21 12:11:40.509505,83.90492,84.23475,85.29625
2022-01-21 12:11:41.008399,84.52377,84.59625,85.7675
2022-01-21 12:11:41.502836,83.9569,84.23475,85.7675
2022-01-21 12:11:42.505713,84.1636,84.699,85.6101
2022-01-21 12:11:43.003713,84.1636,84.54425,85.68833
2022-01-21 12:11:43.511315,84.57575,84.85375,85.68833
2022-01-21 12:11:44.009131,83.9569,84.132,85.57051
2022-01-21 12:11:44.504206,84.62773,84.751,85.57051
2022-01-21 12:11:45.003559,83.49276,83.8225,85.80614
2022-01-21 12:11:45.509136,84.47302,84.3895,85.80614
2022-01-21 12:11:46.008168,83.80219,84.4415,85.37447
2022-01-21 12:11:46.503537,84.36905,84.59625,85.37447
2022-01-21 12:11:47.002502,84.73046,85.0085,86.08135
2022-01-21 12:11:47.508090,83.59549,83.66775,86.08135
2022-01-21 12:11:48.007149,84.73046,84.751,84.94281
2022-01-21 12:11:48.502744,84.00888,84.33875,84.94281
2022-01-21 12:11:49.009965,84.21434,84.132,85.88531
2022-01-21 12:11:49.509295,83.02862,83.461,85.88531
2022-01-21 12:11:50.008459,84.83319,84.95775,175.46145
2022-01-21 12:11:50.503120,83.80219,84.23475,175.46145
2022-01-21 12:11:51.010750,84.26632,84.3895,232.60051
2022-01-21 12:11:51.510713,84.42104,84.33875,232.60051
2022-01-21 12:11:52.009483,83.54475,83.71975,194.42926
2022-01-21 12:11:52.505909,85.14262,85.16325,194.42926
2022-01-21 12:11:53.003264,83.33805,83.66775,130.37885
2022-01-21 12:11:53.509028,84.42104,84.4415,130.37885
2022-01-21 12:11:54.008707,83.54475,84.132,90.59781
2022-01-21 12:11:54.504462,84.62773,84.751,90.59781
2022-01-21 12:11:55.001919,84.52377,84.4415,96.09541
2022-01-21 12:11:55.507689,83.69946,83.97725,96.09541
2022-01-21 12:11:56.005185,84.31831,84.4415,88.4376
2022-01-21 12:11:56.510520,84.11161,84.3895,88.4376
2022-01-21 12:11:57.007256,84.73046,85.0605,86.43479
2022-01-21 12:11:57.503404,83.44078,84.08,86.43479
2022-01-21 12:11:58.004074,84.47302,84.64825,87.14166
2022-01-21 12:11:58.503883,84.1636,84.184,87.14166
2022-01-21 12:11:59.002553,84.83319,84.85375,87.21989
2022-01-21 12:11:59.509540,84.26632,84.4415,87.21989
2022-01-21 12:12:00.006868,83.80219,84.08,86.43479
2022-01-21 12:12:00.510085,84.26632,84.33875,86.43479
2022-01-21 12:12:01.001535,84.05963,84.64825,85.80614
2022-01-21 12:12:01.506742,84.31831,84.59625,85.80614
2022-01-21 12:12:02.004906,84.11161,84.23475,86.3952
2022-01-21 12:12:02.501299,84.00888,84.23475,86.3952
2022-01-21 12:12:03.009272,84.21434,84.3895,85.41406
2022-01-21 12:12:03.503943,84.57575,84.95775,85.41406
2022-01-21 12:12:04.001169,84.11161,84.132,85.84572
2022-01-21 12:12:04.506093,83.49276,84.08,85.84572
2022-01-21 12:12:05.006655,84.52377,84.751,84.74583
2022-01-21 12:12:05.503458,84.31831,84.4415,84.74583
2022-01-21 12:12:06.001123,84.42104,84.64825,85.33489
2022-01-21 12:12:06.507104,84.00888,84.23475,85.33489
2022-01-21 12:12:07.004539,84.00888,84.4935,85.09926
2022-01-21 12:12:07.510770,84.47302,84.751,85.09926
2022-01-21 12:12:08.009537,84.11161,84.64825,85.96354
2022-01-21 12:12:08.508515,84.11161,84.184,85.96354
2022-01-21 12:12:09.007108,84.1636,84.4415,85.72791
2022-01-21 12:12:09.503971,83.90492,84.02925,85.72791
2022-01-21 12:12:10.002249,84.73046,84.64825,85.09926
2022-01-21 12:12:10.507567,83.9569,84.3895,85.09926
2022-01-21 12:12:11.003395,84.26632,84.4935,85.41406
2022-01-21 12:12:11.508651,84.26632,84.699,85.41406
2022-01-21 12:12:12.006859,84.26632,84.59625,85.37447
2022-01-21 12:12:12.502645,84.21434,84.699,85.37447
2022-01-21 12:12:13.010876,84.36905,84.3895,85.4527
2022-01-21 12:12:13.507472,84.36905,84.4415,85.4527
2022-01-21 12:12:14.005152,83.7502,83.92525,85.6101
2022-01-21 12:12:14.510778,84.67848,84.751,85.6101
2022-01-21 12:12:15.008657,84.00888,84.3895,86.19916
2022-01-21 12:12:15.504806,83.9569,84.3895,86.19916
2022-01-21 12:12:16.003614,84.05963,84.54425,85.72791
2022-01-21 12:12:16.507513,84.11161,84.28675,85.72791
2022-01-21 12:12:17.007008,84.78245,84.699,85.57051
2022-01-21 12:12:17.502786,84.1636,84.4935,85.57051
2022-01-21 12:12:18.011203,83.80219,83.92525,85.41406
2022-01-21 12:12:18.506997,84.26632,84.64825,85.41406
2022-01-21 12:12:19.007234,84.52377,84.751,85.37447
2022-01-21 12:12:19.502158,84.11161,84.699,85.37447
2022-01-21 12:12:20.002542,84.21434,84.3895,85.68833
2022-01-21 12:12:20.509087,83.85417,83.7705,85.68833
2022-01-21 12:12:21.007331,84.52377,84.803,85.02104
2022-01-21 12:12:21.503217,84.52377,84.64825,85.02104
2022-01-21 12:12:22.001233,83.9569,84.28675,85.6101
2022-01-21 12:12:22.506862,84.00888,84.28675,85.6101
2022-01-21 12:12:23.005207,83.85417,84.4415,86.15958
2022-01-21 12:12:23.501500,84.83319,85.0085,86.15958
2022-01-21 12:12:24.009890,84.26632,84.33875,85.41406
2022-01-21 12:12:24.506687,84.05963,84.132,85.41406
2022-01-21 12:12:25.005478,84.21434,84.132,85.37447
2022-01-21 12:12:25.501565,84.52377,84.803,85.37447
2022-01-21 12:12:26.009656,84.47302,84.4935,85.53187
2022-01-21 12:12:26.505754,83.85417,84.4935,85.53187
2022-01-21 12:12:27.003080,84.05963,84.33875,85.64968
2022-01-21 12:12:27.510207,84.1636,84.3895,85.64968
2022-01-21 12:12:28.009614,84.73046,84.85375,85.29625
2022-01-21 12:12:28.506654,84.21434,84.23475,85.29625
2022-01-21 12:12:29.005862,83.7502,84.08,85.7675
2022-01-21 12:12:29.510530,84.1636,83.92525,85.7675
2022-01-21 12:12:30.007841,84.47302,85.0605,84.86364
2022-01-21 12:12:30.501722,84.1636,84.3895,84.86364
2022-01-21 12:12:31.009774,83.85417,84.28675,85.84572
2022-01-21 12:12:31.505873,83.90492,83.97725,85.84572
2022-01-21 12:12:32.003579,84.88517,84.85375,85.41406
2022-01-21 12:12:32.507856,83.9569,84.184,85.41406
2022-01-21 12:12:33.006360,84.36905,84.4935,85.02104
2022-01-21 12:12:33.502916,84.11161,84.59625,85.02104
2022-01-21 12:12:34.001271,84.1636,84.4935,86.19916
2022-01-21 12:12:34.506112,84.26632,84.751,86.19916
2022-01-21 12:12:35.003397,83.9569,83.97725,86.59218
2022-01-21 12:12:35.508521,84.67848,84.4935,86.59218
2022-01-21 12:12:36.007411,83.69946,83.97725,85.21708
2022-01-21 12:12:36.501840,84.57575,84.64825,85.21708
2022-01-21 12:12:37.002042,83.80219,84.184,86.82781
2022-01-21 12:12:37.507419,84.47302,84.64825,86.82781
2022-01-21 12:12:38.008190,84.1636,84.699,85.41406
2022-01-21 12:12:38.504163,83.7502,83.8225,85.41406
2022-01-21 12:12:39.001958,84.83319,85.0085,85.72791
2022-01-21 12:12:39.507154,83.85417,84.02925,85.72791
2022-01-21 12:12:40.005925,84.47302,84.59625,85.33489
2022-01-21 12:12:40.501849,83.80219,84.33875,85.33489
2022-01-21 12:12:41.010104,84.05963,84.33875,85.17843
2022-01-21 12:12:41.505473,84.1636,84.85375,85.17843
2022-01-21 12:12:42.005234,84.21434,84.33875,85.64968
2022-01-21 12:12:42.511074,84.52377,84.4415,85.64968
2022-01-21 12:12:43.007818,84.1636,84.3895,85.84572
2022-01-21 12:12:43.501763,84.52377,84.59625,85.84572
2022-01-21 12:12:44.010322,84.00888,84.4415,85.84572
2022-01-21 12:12:44.505267,84.26632,84.4935,85.84572
2022-01-21 12:12:45.003349,83.44078,83.97725,85.53187
2022-01-21 12:12:45.508650,84.73046,84.85375,85.53187
2022-01-21 12:12:46.006387,84.00888,84.08,85.25666
2022-01-21 12:12:46.502297,84.47302,84.59625,85.25666
2022-01-21 12:12:47.001047,84.26632,84.33875,85.68833
2022-01-21 12:12:47.508019,83.69946,84.08,85.68833
2022-01-21 12:12:48.005911,84.83319,85.0605,85.41406
2022-01-21 12:12:48.501050,84.05963,84.64825,85.41406
2022-01-21 12:12:49.011120,84.21434,84.4415,85.72791
2022-01-21 12:12:49.506836,84.11161,84.33875,85.72791
2022-01-21 12:12:50.005538,84.36905,84.59625,85.02104
2022-01-21 12:12:50.507703,84.62773,84.4935,85.02104
2022-01-21 12:12:51.006887,83.80219,84.184,85.53187
2022-01-21 12:12:51.502103,84.05963,84.23475,85.53187
2022-01-21 12:12:52.002525,84.00888,84.4935,85.02104
2022-01-21 12:12:52.507189,84.73046,85.0085,85.02104
2022-01-21 12:12:53.006263,83.59549,84.08,86.12093
2022-01-21 12:12:53.501642,84.36905,84.4935,86.12093
2022-01-21 12:12:54.010450,84.52377,84.751,85.84572
2022-01-21 12:12:54.505128,84.26632,84.4935,85.84572
2022-01-21 12:12:55.003855,84.36905,84.54425,85.37447
2022-01-21 12:12:55.505084,83.7502,84.28675,85.37447
2022-01-21 12:12:56.003231,84.26632,84.3895,85.96354
2022-01-21 12:12:56.510088,84.26632,84.699,85.96354
2022-01-21 12:12:57.007277,84.00888,84.08,85.84572
2022-01-21 12:12:57.501313,84.26632,84.28675,85.84572
2022-01-21 12:12:58.010625,84.36905,84.4935,85.17843
2022-01-21 12:12:58.508200,84.11161,84.4935,85.17843
2022-01-21 12:12:59.005934,83.49276,84.02925,85.4527
2022-01-21 12:12:59.509136,84.42104,84.699,85.4527
2022-01-21 12:13:00.006880,83.7502,84.132,85.57051
2022-01-21 12:13:00.502650,84.00888,84.184,85.57051
2022-01-21 12:13:01.010977,84.57575,84.751,85.72791
2022-01-21 12:13:01.507203,83.7502,83.8745,85.72791
2022-01-21 12:13:02.009952,84.67848,84.85375,86.27739
2022-01-21 12:13:02.503975,83.90492,84.28675,86.27739
2022-01-21 12:13:03.002481,84.42104,84.699,85.09926
2022-01-21 12:13:03.509128,83.9569,84.3895,85.09926
2022-01-21 12:13:04.007794,83.9569,84.132,85.72791
2022-01-21 12:13:04.505706,84.36905,84.4415,85.72791
2022-01-21 12:13:05.006249,84.26632,84.4935,85.7675
2022-01-21 12:13:05.503546,84.42104,84.4415,85.7675
2022-01-21 12:13:06.001993,83.85417,84.28675,85.13885
2022-01-21 12:13:06.504042,84.21434,84.3895,85.13885
2022-01-21 12:13:07.002470,84.11161,84.4935,85.41406
2022-01-21 12:13:07.508610,84.57575,84.85375,85.41406
2022-01-21 12:13:08.006751,83.80219,83.92525,85.4527
2022-01-21 12:13:08.501698,84.47302,84.751,85.4527
2022-01-21 12:13:09.001223,84.62773,84.803,85.53187
2022-01-21 12:13:09.508605,83.64747,84.184,85.53187
2022-01-21 12:13:10.006485,84.88517,85.26725,85.4527
2022-01-21 12:13:10.501360,83.69946,84.02925,85.4527
2022-01-21 12:13:11.006034,84.52377,84.699,85.96354
2022-01-21 12:13:11.501492,83.69946,84.132,85.96354
2022-01-21 12:13:12.010596,84.52377,84.64825,86.3952
2022-01-21 12:13:12.505882,84.42104,84.33875,86.3952
2022-01-21 12:13:13.006048,84.42104,84.90575,85.88531
2022-01-21 12:13:13.507425,84.21434,84.3895,85.88531
2022-01-21 12:13:14.010805,84.00888,84.3895,85.57051
2022-01-21 12:13:14.507411,84.83319,84.85375,85.57051
2022-01-21 12:13:15.008488,83.69946,84.132,86.59218
2022-01-21 12:13:15.503741,84.42104,84.54425,86.59218
2022-01-21 12:13:16.003576,84.05963,83.97725,85.57051
2022-01-21 12:13:16.509217,84.42104,84.803,85.57051
2022-01-21 12:13:17.009119,84.36905,84.59625,86.15958
2022-01-21 12:13:17.504680,83.9569,84.3895,86.15958
2022-01-21 12:13:18.006199,84.1636,84.3895,86.00312
2022-01-21 12:13:18.502571,84.21434,84.64825,86.00312
2022-01-21 12:13:19.011191,84.52377,84.4935,85.33489
2022-01-21 12:13:19.509631,84.52377,84.4415,85.33489
2022-01-21 12:13:20.008563,83.85417,84.132,84.90322
2022-01-21 12:13:20.503487,84.05963,84.3895,84.90322
2022-01-21 12:13:21.001128,84.47302,84.95775,85.49229
2022-01-21 12:13:21.506481,84.21434,84.4415,85.49229
2022-01-21 12:13:22.006018,83.69946,84.28675,85.7675
2022-01-21 12:13:22.501879,84.36905,84.4935,85.7675
2022-01-21 12:13:23.001262,84.31831,84.28675,85.21708
2022-01-21 12:13:23.508708,84.73046,84.95775,85.21708
2022-01-21 12:13:24.010618,84.05963,84.33875,86.04176
2022-01-21 12:13:24.507317,83.69946,84.23475,86.04176
2022-01-21 12:13:25.007531,84.1636,84.3895,85.06062
2022-01-21 12:13:25.503547,84.47302,84.90575,85.06062
2022-01-21 12:13:26.002638,84.21434,84.28675,85.25666
2022-01-21 12:13:26.510927,83.9569,83.97725,85.25666
2022-01-21 12:13:27.010138,83.85417,84.08,85.80614
2022-01-21 12:13:27.504959,84.9879,85.0085,85.80614
2022-01-21 12:13:28.004887,83.85417,84.3895,85.92395
2022-01-21 12:13:28.501125,84.05963,84.33875,85.92395
2022-01-21 12:13:29.008995,83.80219,84.132,85.13885
2022-01-21 12:13:29.504587,84.57575,84.751,85.13885
2022-01-21 12:13:30.002426,84.26632,84.4415,86.71
2022-01-21 12:13:30.508432,84.31831,84.4415,86.71
2022-01-21 12:13:31.008574,84.00888,83.97725,85.80614
2022-01-21 12:13:31.503557,84.21434,84.803,85.80614
2022-01-21 12:13:32.002209,84.47302,85.0085,85.21708
2022-01-21 12:13:32.510634,83.59549,83.92525,85.21708
2022-01-21 12:13:33.008954,84.57575,84.803,85.41406
2022-01-21 12:13:33.505888,83.7502,84.02925,85.41406
2022-01-21 12:13:34.005165,84.36905,84.3895,85.06062
2022-01-21 12:13:34.510644,84.42104,84.54425,85.06062
2022-01-21 12:13:35.009194,84.11161,84.54425,85.37447
2022-01-21 12:13:35.505483,84.36905,84.4415,85.37447
2022-01-21 12:13:36.003443,83.90492,84.33875,86.04176
2022-01-21 12:13:36.508930,84.36905,84.3895,86.04176
2022-01-21 12:13:37.008201,83.85417,84.28675,85.57051
2022-01-21 12:13:37.508640,84.42104,84.64825,85.57051
2022-01-21 12:13:38.009468,84.11161,84.02925,85.72791
2022-01-21 12:13:38.509492,84.26632,84.751,85.72791
2022-01-21 12:13:39.006834,84.36905,84.64825,85.6101
2022-01-21 12:13:39.504732,84.05963,84.3895,85.6101
2022-01-21 12:13:40.003698,84.42104,84.4415,84.90322
2022-01-21 12:13:40.502529,83.44078,84.02925,84.90322
2022-01-21 12:13:41.010739,84.73046,85.0605,85.4527
2022-01-21 12:13:41.509914,84.05963,84.184,85.4527
2022-01-21 12:13:42.008303,84.21434,84.64825,85.72791
2022-01-21 12:13:42.503772,83.9569,84.33875,85.72791
2022-01-21 12:13:43.002445,84.57575,84.803,85.49229
2022-01-21 12:13:43.508447,84.1636,84.184,85.49229
2022-01-21 12:13:44.005490,84.52377,84.803,85.84572
2022-01-21 12:13:44.510355,83.90492,83.92525,85.84572
2022-01-21 12:13:45.009237,84.00888,84.132,85.4527
2022-01-21 12:13:45.504455,84.78245,85.1125,85.4527
2022-01-21 12:13:46.004167,84.21434,84.3895,85.92395
2022-01-21 12:13:46.509263,84.1636,84.54425,85.92395
2022-01-21 12:13:47.009099,84.00888,84.132,85.57051
2022-01-21 12:13:47.503779,84.11161,84.4935,85.57051
2022-01-21 12:13:48.002028,84.73046,85.0605,85.92395
2022-01-21 12:13:48.507325,83.90492,84.33875,85.92395
2022-01-21 12:13:49.004972,84.11161,84.33875,86.47437
2022-01-21 12:13:49.501913,84.31831,84.4935,86.47437
2022-01-21 12:13:50.009566,84.26632,84.751,86.23875
2022-01-21 12:13:50.506254,84.21434,84.23475,86.23875
2022-01-21 12:13:51.004835,83.9569,84.184,85.53187
2022-01-21 12:13:51.502939,83.80219,83.97725,85.53187
2022-01-21 12:13:52.011176,84.47302,84.803,85.6101
2022-01-21 12:13:52.506609,84.26632,84.4935,85.6101
2022-01-21 12:13:53.005124,84.11161,84.23475,85.7675
2022-01-21 12:13:53.510380,83.9569,84.33875,85.7675
2022-01-21 12:13:54.008388,84.36905,84.59625,84.90322
2022-01-21 12:13:54.505149,83.90492,84.23475,84.90322
2022-01-21 12:13:55.002680,84.52377,84.64825,85.84572
2022-01-21 12:13:55.508283,83.80219,84.132,85.84572
2022-01-21 12:13:56.006075,84.21434,84.4935,85.53187
2022-01-21 12:13:56.510890,85.09187,85.1125,85.53187
2022-01-21 12:13:57.002664,83.59549,83.97725,85.7675
2022-01-21 12:13:57.509828,84.67848,85.1125,85.7675
2022-01-21 12:13:58.007401,83.85417,84.184,85.29625
2022-01-21 12:13:58.502564,84.31831,84.54425,85.29625
2022-01-21 12:13:59.001825,83.80219,84.23475,85.6101
2022-01-21 12:13:59.506746,84.57575,84.59625,85.6101
2022-01-21 12:14:00.004187,84.26632,84.28675,85.72791
2022-01-21 12:14:00.502211,84.78245,85.1125,85.72791
2022-01-21 12:14:01.009530,84.21434,84.3895,85.49229
2022-01-21 12:14:01.507221,84.1636,84.3895,85.49229
2022-01-21 12:14:02.005494,84.1636,84.4935,85.41406
2022-01-21 12:14:02.502162,83.85417,84.33875,85.41406
2022-01-21 12:14:03.002349,84.52377,84.699,86.27739
2022-01-21 12:14:03.508386,84.1636,84.184,86.27739
2022-01-21 12:14:04.006891,84.31831,84.64825,85.17843
2022-01-21 12:14:04.505475,84.67848,84.699,85.17843
2022-01-21 12:14:05.003882,84.11161,84.3895,85.57051
2022-01-21 12:14:05.509493,84.31831,84.4415,85.57051
2022-01-21 12:14:06.007538,83.90492,84.28675,85.96354
2022-01-21 12:14:06.503794,84.21434,84.4415,85.96354
2022-01-21 12:14:07.003846,84.1636,84.4935,85.7675
2022-01-21 12:14:07.510613,84.47302,84.803,85.7675
2022-01-21 12:14:08.008588,84.11161,84.184,86.04176
2022-01-21 12:14:08.503918,84.42104,84.803,86.04176
2022-01-21 12:14:09.003335,83.64747,83.92525,85.72791
2022-01-21 12:14:09.509498,84.11161,84.4415,85.72791
2022-01-21 12:14:10.008796,84.52377,84.699,85.17843
2022-01-21 12:14:10.505544,84.00888,84.23475,85.17843
2022-01-21 12:14:11.002780,84.36905,84.751,85.4527
2022-01-21 12:14:11.508114,84.26632,84.23475,85.4527
2022-01-21 12:14:12.007307,84.00888,84.3895,85.68833
2022-01-21 12:14:12.502729,84.26632,84.4415,85.68833
2022-01-21 12:14:13.010249,84.00888,84.3895,85.13885
2022-01-21 12:14:13.510804,84.1636,84.184,85.13885
2022-01-21 12:14:14.009099,84.05963,84.33875,86.04176
2022-01-21 12:14:14.505323,84.26632,84.3895,86.04176
2022-01-21 12:14:15.002925,84.67848,84.803,86.43479
2022-01-21 12:14:15.509174,83.7502,84.02925,86.43479
2022-01-21 12:14:16.007812,84.36905,84.3895,85.37447
2022-01-21 12:14:16.508128,84.26632,84.64825,85.37447
2022-01-21 12:14:17.006340,84.52377,84.59625,86.08135
2022-01-21 12:14:17.505151,83.54475,84.08,86.08135
2022-01-21 12:14:18.005467,84.26632,84.59625,85.25666
2022-01-21 12:14:18.501940,84.57575,84.90575,85.25666
2022-01-21 12:14:19.010121,83.90492,84.23475,85.68833
2022-01-21 12:14:19.505086,84.57575,84.64825,85.68833
2022-01-21 12:14:20.003469,83.64747,83.97725,86.00312
2022-01-21 12:14:20.508619,84.57575,84.751,86.00312
2022-01-21 12:14:21.006701,84.31831,84.699,86.63083
2022-01-21 12:14:21.501967,83.85417,84.132,86.63083
2022-01-21 12:14:22.008682,84.47302,84.699,85.57051
2022-01-21 12:14:22.505078,83.90492,84.23475,85.57051
2022-01-21 12:14:23.005301,84.73046,84.95775,85.53187
2022-01-21 12:14:23.511133,83.64747,83.8745,85.53187
2022-01-21 12:14:24.009823,84.31831,84.4415,85.33489
2022-01-21 12:14:24.504356,84.00888,84.28675,85.33489
2022-01-21 12:14:25.002187,84.57575,84.85375,85.09926
2022-01-21 12:14:25.506520,83.9569,84.08,85.09926
2022-01-21 12:14:26.009975,84.42104,84.59625,85.92395
2022-01-21 12:14:26.508026,84.11161,84.184,85.92395
2022-01-21 12:14:27.009078,84.31831,84.64825,85.6101
2022-01-21 12:14:27.504437,84.67848,85.0085,85.6101
2022-01-21 12:14:28.002616,83.54475,83.8745,85.49229
2022-01-21 12:14:28.507354,84.57575,84.85375,85.49229
2022-01-21 12:14:29.005519,84.11161,84.54425,85.68833
2022-01-21 12:14:29.509864,84.47302,84.85375,85.68833
2022-01-21 12:14:30.009743,84.05963,84.184,86.35656
2022-01-21 12:14:30.506479,84.11161,84.3895,86.35656
2022-01-21 12:14:31.005642,84.11161,84.23475,85.37447
2022-01-21 12:14:31.504191,84.26632,84.59625,85.37447
2022-01-21 12:14:32.004807,84.26632,84.54425,86.31697
2022-01-21 12:14:32.510284,83.54475,83.8745,86.31697
2022-01-21 12:14:33.009155,84.62773,84.85375,85.53187
2022-01-21 12:14:33.504565,84.1636,84.28675,85.53187
2022-01-21 12:14:34.003800,84.21434,84.4935,85.92395
2022-01-21 12:14:34.501173,84.26632,84.3895,85.92395
2022-01-21 12:14:35.002325,83.85417,84.08,85.96354
2022-01-21 12:14:35.510689,84.73046,84.90575,85.96354
2022-01-21 12:14:36.004693,83.54475,84.132,85.41406
2022-01-21 12:14:36.510387,84.47302,84.90575,85.41406
2022-01-21 12:14:37.009324,84.47302,84.4935,85.57051
2022-01-21 12:14:37.505866,84.1636,84.3895,85.57051
2022-01-21 12:14:38.004603,84.11161,84.28675,85.68833
2022-01-21 12:14:38.510029,84.52377,84.751,85.68833
2022-01-21 12:14:39.007337,84.00888,84.33875,85.72791
2022-01-21 12:14:39.504165,83.7502,84.33875,85.72791
2022-01-21 12:14:40.003111,84.11161,84.33875,86.04176
2022-01-21 12:14:40.510397,84.36905,84.699,86.04176
2022-01-21 12:14:41.007506,84.57575,84.64825,85.02104
2022-01-21 12:14:41.502470,84.57575,84.64825,85.02104
2022-01-21 12:14:42.004065,83.18334,83.30625,85.84572
2022-01-21 12:14:42.510451,84.83319,85.0085,85.84572
2022-01-21 12:14:43.008832,83.64747,84.23475,85.96354
2022-01-21 12:14:43.505235,84.42104,84.751,85.96354
2022-01-21 12:14:44.005677,84.31831,84.64825,85.25666
2022-01-21 12:14:44.502800,83.90492,84.132,85.25666
2022-01-21 12:14:45.001691,84.73046,84.803,85.80614
2022-01-21 12:14:45.505872,84.1636,84.54425,85.80614
2022-01-21 12:14:46.004100,84.36905,84.4935,86.04176
2022-01-21 12:14:46.508296,83.64747,83.97725,86.04176
2022-01-21 12:14:47.006462,83.7502,83.92525,85.33489
2022-01-21 12:14:47.503006,84.52377,84.751,85.33489
2022-01-21 12:14:48.002892,84.47302,84.54425,243.71447
2022-01-21 12:14:48.502420,83.69946,83.66775,243.71447
2022-01-21 12:14:49.002454,84.1636,84.33875,216.93145
2022-01-21 12:14:49.505278,84.31831,84.59625,216.93145
2022-01-21 12:14:50.003055,83.9569,84.33875,170.2777
2022-01-21 12:14:50.509214,84.36905,84.4935,170.2777
2022-01-21 12:14:51.008113,83.33805,83.71975,111.8427
2022-01-21 12:14:51.506807,84.62773,84.803,111.8427
2022-01-21 12:14:52.005464,84.78245,84.751,94.56385
2022-01-21 12:14:52.511099,83.49276,83.7705,94.56385
2022-01-21 12:14:53.010537,84.47302,84.4935,92.71843
2022-01-21 12:14:53.507832,83.49276,83.8225,92.71843
2022-01-21 12:14:54.004873,85.29733,85.57675,87.84854
2022-01-21 12:14:54.510202,83.28607,83.8225,87.84854
2022-01-21 12:14:55.007268,85.14262,85.26725,86.47437
2022-01-21 12:14:55.501837,83.85417,83.8745,86.47437
2022-01-21 12:14:56.011074,84.67848,85.0605,87.29906
2022-01-21 12:14:56.508772,84.00888,84.23475,87.29906
2022-01-21 12:14:57.010138,84.21434,84.3895,85.53187
2022-01-21 12:14:57.504208,84.42104,84.59625,85.53187
2022-01-21 12:14:58.002837,83.64747,84.132,86.67041
2022-01-21 12:14:58.505059,84.78245,84.90575,86.67041
2022-01-21 12:14:59.003500,84.1636,84.132,85.72791
2022-01-21 12:14:59.503239,84.42104,84.54425,85.72791
2022-01-21 12:15:00.010338,84.00888,84.132,85.96354
2022-01-21 12:15:00.504667,84.31831,84.699,85.96354
2022-01-21 12:15:01.004502,84.31831,84.54425,85.37447
2022-01-21 12:15:01.502331,83.85417,84.33875,85.37447
2022-01-21 12:15:02.002426,84.52377,84.64825,85.21708
2022-01-21 12:15:02.508696,83.7502,83.92525,85.21708
2022-01-21 12:15:03.008933,84.78245,84.803,85.49229
2022-01-21 12:15:03.505689,83.9569,84.184,85.49229
2022-01-21 12:15:04.003382,84.42104,84.699,86.00312
2022-01-21 12:15:04.507938,84.1636,84.3895,86.00312
2022-01-21 12:15:05.007489,83.9569,84.4935,85.80614
2022-01-21 12:15:05.504330,84.52377,84.85375,85.80614
2022-01-21 12:15:06.003327,83.69946,84.08,85.68833
2022-01-21 12:15:06.510183,84.57575,84.699,85.68833
2022-01-21 12:15:07.008221,84.00888,84.184,85.88531
2022-01-21 12:15:07.502920,84.05963,84.3895,85.88531
2022-01-21 12:15:08.011111,84.47302,84.64825,85.57051
2022-01-21 12:15:08.507263,84.00888,84.3895,85.57051
2022-01-21 12:15:09.005019,83.9569,84.33875,85.49229
2022-01-21 12:15:09.504257,83.90492,84.3895,85.49229
2022-01-21 12:15:10.002443,84.47302,84.59625,85.33489
2022-01-21 12:15:10.508893,84.73046,84.59625,85.33489
2022-01-21 12:15:11.006287,83.69946,83.92525,86.47437
2022-01-21 12:15:11.504073,84.26632,84.54425,86.47437
2022-01-21 12:15:12.001888,84.05963,84.3895,85.02104
2022-01-21 12:15:12.508402,84.78245,85.16325,85.02104
2022-01-21 12:15:13.006509,83.33805,83.8225,85.96354
2022-01-21 12:15:13.501544,84.42104,84.4935,85.96354
2022-01-21 12:15:14.505220,84.26632,84.4415,85.33489
2022-01-21 12:15:15.004261,84.57575,84.59625,85.49229
2022-01-21 12:15:15.510591,83.7502,84.08,85.49229
2022-01-21 12:15:16.010328,84.42104,84.85375,85.96354
2022-01-21 12:15:16.504983,84.05963,84.699,85.96354
2022-01-21 12:15:17.003745,84.26632,84.28675,85.72791
2022-01-21 12:15:17.510217,84.31831,84.132,85.72791
2022-01-21 12:15:18.006880,84.1636,84.3895,85.33489
2022-01-21 12:15:18.510755,84.36905,84.59625,85.33489
2022-01-21 12:15:19.008798,84.11161,84.28675,86.47437
2022-01-21 12:15:19.503510,84.36905,84.751,86.47437
2022-01-21 12:15:20.001861,83.64747,84.28675,85.29625
2022-01-21 12:15:20.508610,84.52377,84.85375,85.29625
2022-01-21 12:15:21.007258,84.00888,83.97725,85.33489
2022-01-21 12:15:21.504387,84.57575,84.803,85.33489
2022-01-21 12:15:22.002869,83.9569,84.132,85.84572
2022-01-21 12:15:22.508565,84.26632,84.699,85.84572
2022-01-21 12:15:23.006814,84.26632,84.54425,85.80614
2022-01-21 12:15:23.501408,83.7502,84.33875,85.80614
2022-01-21 12:15:24.010656,84.47302,84.64825,85.92395
2022-01-21 12:15:24.506260,84.00888,84.33875,85.92395
2022-01-21 12:15:25.003863,84.62773,84.64825,86.08135
2022-01-21 12:15:25.501256,83.85417,83.8745,86.08135
2022-01-21 12:15:26.009923,84.47302,84.59625,86.3952
2022-01-21 12:15:26.504437,83.90492,84.3895,86.3952
2022-01-21 12:15:27.003618,84.47302,84.95775,85.72791
2022-01-21 12:15:27.511109,84.1636,84.4415,85.72791
2022-01-21 12:15:28.009033,83.90492,84.23475,85.4527
2022-01-21 12:15:28.505114,84.36905,84.4935,85.4527
2022-01-21 12:15:29.003431,84.67848,84.85375,84.94281
2022-01-21 12:15:29.508617,83.64747,83.92525,84.94281
2022-01-21 12:15:30.008204,84.52377,84.803,85.64968
2022-01-21 12:15:30.503717,83.80219,84.28675,85.64968
2022-01-21 12:15:31.002787,84.57575,84.64825,85.25666
2022-01-21 12:15:31.509169,83.9569,84.28675,85.25666
2022-01-21 12:15:32.006775,84.05963,84.132,86.47437
2022-01-21 12:15:32.502364,84.62773,84.4935,86.47437
2022-01-21 12:15:33.009811,84.31831,84.3895,85.37447
2022-01-21 12:15:33.505145,83.85417,84.23475,85.37447
2022-01-21 12:15:34.004548,84.21434,84.59625,85.13885
2022-01-21 12:15:34.501312,84.11161,84.4415,85.13885
2022-01-21 12:15:35.009549,84.00888,84.3895,85.64968
2022-01-21 12:15:35.505480,84.11161,84.23475,85.64968
2022-01-21 12:15:36.007019,84.62773,84.699,85.80614
2022-01-21 12:15:36.510873,83.90492,84.132,85.80614
2022-01-21 12:15:37.002299,84.73046,84.90575,84.78541
2022-01-21 12:15:37.508108,83.08061,83.513,84.78541
2022-01-21 12:15:38.006786,85.14262,85.318,86.00312
2022-01-21 12:15:38.501966,83.69946,84.132,86.00312
2022-01-21 12:15:39.010565,84.36905,84.4415,85.53187
2022-01-21 12:15:39.505092,84.57575,84.59625,85.53187
2022-01-21 12:15:40.003458,83.85417,84.08,85.21708
2022-01-21 12:15:40.509850,84.52377,84.751,85.21708
2022-01-21 12:15:41.008671,84.11161,84.4415,86.15958
2022-01-21 12:15:41.504245,84.42104,84.699,86.15958
2022-01-21 12:15:42.001943,83.59549,84.02925,85.06062
2022-01-21 12:15:42.505761,84.52377,84.64825,85.06062
2022-01-21 12:15:43.002871,84.1636,84.28675,85.92395
2022-01-21 12:15:43.509540,84.36905,84.3895,85.92395
2022-01-21 12:15:44.006965,84.21434,84.3895,85.68833
2022-01-21 12:15:44.502477,83.9569,84.3895,85.68833
2022-01-21 12:15:45.001932,84.93716,85.21525,85.25666
2022-01-21 12:15:45.508112,83.69946,84.08,85.25666
2022-01-21 12:15:46.006202,84.67848,84.699,85.53187
2022-01-21 12:15:46.502445,83.64747,83.8745,85.53187
2022-01-21 12:15:47.010347,84.73046,84.90575,85.37447
2022-01-21 12:15:47.506995,84.47302,84.4415,85.37447
2022-01-21 12:15:48.006666,83.80219,84.08,85.84572
2022-01-21 12:15:48.503433,84.1636,84.4935,85.84572
