時間,回転１,回転２,回転３
2022-01-21 16:00:00.008374,0.0,0.0,0.0
2022-01-21 16:00:00.508638,0.0,0.0,0.0
2022-01-21 16:00:01.006739,0.0,0.0,0.0
2022-01-21 16:00:01.504499,0.0,0.0,0.0
2022-01-21 16:00:02.001926,0.0,0.0,0.0
2022-01-21 16:00:02.510155,0.0,0.0,0.0
2022-01-21 16:00:03.004056,0.0,0.0,0.0
2022-01-21 16:00:03.509294,0.0,0.0,0.0
2022-01-21 16:00:04.008203,0.0,0.0,0.0
2022-01-21 16:00:04.503310,0.0,0.0,0.0
2022-01-21 16:00:05.002904,0.0,0.0,0.0
2022-01-21 16:00:05.510320,0.0,0.0,0.0
2022-01-21 16:00:06.008347,0.0,0.0,0.0
2022-01-21 16:00:06.504483,0.0,0.0,0.0
2022-01-21 16:00:07.001637,0.0,0.0,0.0
2022-01-21 16:00:07.507524,0.0,0.0,0.0
2022-01-21 16:00:08.006861,0.0,0.0,0.0
2022-01-21 16:00:08.503023,0.0,0.0,0.0
2022-01-21 16:00:09.011178,0.0,0.0,0.0
2022-01-21 16:00:09.507039,0.0,0.0,0.0
2022-01-21 16:00:10.005934,0.0,0.0,0.0
2022-01-21 16:00:10.502438,0.0,0.0,0.0
2022-01-21 16:00:11.004331,0.0,0.0,0.0
2022-01-21 16:00:11.509784,0.0,0.0,0.0
2022-01-21 16:00:12.008325,0.0,0.0,0.0
2022-01-21 16:00:12.504992,0.0,0.0,0.0
2022-01-21 16:00:13.004282,0.0,0.0,0.0
2022-01-21 16:00:13.510120,0.0,0.0,0.0
2022-01-21 16:00:14.008013,0.0,0.0,0.0
2022-01-21 16:00:14.506801,0.0,0.0,0.0
2022-01-21 16:00:15.003981,0.0,0.0,0.0
2022-01-21 16:00:15.508180,0.0,0.0,0.0
2022-01-21 16:00:16.005034,0.0,0.0,0.0
2022-01-21 16:00:16.501311,0.0,0.0,0.0
2022-01-21 16:00:17.001291,0.0,0.0,0.0
2022-01-21 16:00:17.507304,0.0,0.0,0.0
2022-01-21 16:00:18.005097,0.0,0.0,0.0
2022-01-21 16:00:18.509850,0.0,0.0,0.0
2022-01-21 16:00:19.007033,0.0,0.0,0.0
2022-01-21 16:00:19.501046,0.0,0.0,0.0
2022-01-21 16:00:20.009982,0.0,0.0,0.0
2022-01-21 16:00:20.505710,0.0,0.0,0.0
2022-01-21 16:00:21.003601,0.0,0.0,0.0
2022-01-21 16:00:21.510583,0.0,0.0,0.0
2022-01-21 16:00:22.008709,0.0,0.0,0.0
2022-01-21 16:00:22.503835,0.0,0.0,0.0
2022-01-21 16:00:23.001529,0.0,0.0,0.0
2022-01-21 16:00:23.509378,0.0,0.0,0.0
2022-01-21 16:00:24.006765,0.0,0.0,0.0
2022-01-21 16:00:24.502856,0.0,0.0,0.0
2022-01-21 16:00:25.001270,0.0,0.0,0.0
2022-01-21 16:00:25.507723,0.0,0.0,0.0
2022-01-21 16:00:26.005996,0.0,0.0,0.0
2022-01-21 16:00:26.502294,0.0,0.0,0.0
2022-01-21 16:00:27.011129,0.0,0.0,0.0
2022-01-21 16:00:27.507938,0.0,0.0,0.0
2022-01-21 16:00:28.005179,0.0,0.0,0.0
2022-01-21 16:00:28.501098,0.0,0.0,0.0
2022-01-21 16:00:29.009745,0.0,0.0,0.0
2022-01-21 16:00:29.504329,0.0,0.0,0.0
2022-01-21 16:00:30.001448,0.0,0.0,0.0
2022-01-21 16:00:30.509003,0.0,0.0,0.0
2022-01-21 16:00:31.007224,0.0,0.0,0.0
2022-01-21 16:00:31.501872,0.0,0.0,0.0
2022-01-21 16:00:32.009869,0.0,0.0,0.0
2022-01-21 16:00:32.506242,0.0,0.0,0.0
2022-01-21 16:00:33.004058,0.0,0.0,0.0
2022-01-21 16:00:33.509916,0.0,0.0,0.0
2022-01-21 16:00:34.008994,0.0,0.0,0.0
2022-01-21 16:00:34.503582,0.0,0.0,0.0
2022-01-21 16:00:35.002595,0.0,0.0,0.0
2022-01-21 16:00:35.507280,0.0,0.0,0.0
2022-01-21 16:00:36.006263,0.0,0.0,0.0
2022-01-21 16:00:36.508704,0.0,0.0,0.0
2022-01-21 16:00:37.006363,0.0,0.0,0.0
2022-01-21 16:00:38.005249,0.0,0.0,0.0
2022-01-21 16:00:38.501690,0.0,0.0,0.0
2022-01-21 16:00:39.010093,0.0,0.0,0.0
2022-01-21 16:00:39.502183,0.0,0.0,0.0
2022-01-21 16:00:40.010363,0.0,0.0,0.0
2022-01-21 16:00:40.504601,0.0,0.0,0.0
2022-01-21 16:00:41.004400,0.0,0.0,0.0
2022-01-21 16:00:41.505120,0.0,0.0,0.0
2022-01-21 16:00:42.006229,0.0,0.0,0.0
2022-01-21 16:00:42.502802,0.0,0.0,0.0
2022-01-21 16:00:43.010064,0.0,0.0,0.0
2022-01-21 16:00:43.504972,0.0,0.0,0.0
2022-01-21 16:00:44.003426,0.0,0.0,0.0
2022-01-21 16:00:44.508055,0.0,0.0,0.0
2022-01-21 16:00:45.004690,0.0,0.0,0.0
2022-01-21 16:00:45.501293,0.0,0.0,0.0
2022-01-21 16:00:46.010796,0.0,0.0,0.0
2022-01-21 16:00:46.505398,0.0,0.0,0.0
2022-01-21 16:00:47.003803,0.0,0.0,0.0
2022-01-21 16:00:47.508049,0.0,0.0,0.0
2022-01-21 16:00:48.006578,0.0,0.0,0.0
2022-01-21 16:00:48.502315,0.0,0.0,0.0
2022-01-21 16:00:49.009953,0.0,0.0,0.0
2022-01-21 16:00:49.504711,0.0,0.0,0.0
2022-01-21 16:00:50.002604,0.0,0.0,0.0
2022-01-21 16:00:50.508321,0.0,0.0,0.0
2022-01-21 16:00:51.006697,0.0,0.0,0.0
2022-01-21 16:00:51.503677,0.0,0.0,0.0
2022-01-21 16:00:52.002168,0.0,0.0,0.0
2022-01-21 16:00:52.506349,0.0,0.0,0.0
2022-01-21 16:00:53.006541,0.0,0.0,0.0
2022-01-21 16:00:53.501122,0.0,0.0,0.0
2022-01-21 16:00:54.009338,0.0,0.0,0.0
2022-01-21 16:00:54.503873,0.0,0.0,0.0
2022-01-21 16:00:55.003882,0.0,0.0,0.0
2022-01-21 16:00:55.510679,0.0,0.0,0.0
2022-01-21 16:00:56.008716,0.0,0.0,0.0
2022-01-21 16:00:56.504408,0.0,0.0,0.0
2022-01-21 16:00:57.001403,0.0,0.0,0.0
2022-01-21 16:00:57.506726,0.0,0.0,0.0
2022-01-21 16:00:58.005522,0.0,0.0,0.0
2022-01-21 16:00:58.510676,0.0,0.0,0.0
2022-01-21 16:00:59.007662,0.0,0.0,0.0
2022-01-21 16:00:59.504874,0.0,0.0,0.0
2022-01-21 16:01:00.003986,0.0,0.0,0.0
2022-01-21 16:01:00.509116,0.0,0.0,0.0
2022-01-21 16:01:01.006840,0.0,0.0,0.0
2022-01-21 16:01:01.502796,0.0,0.0,0.0
2022-01-21 16:01:02.010737,0.0,0.0,0.0
2022-01-21 16:01:02.505917,0.0,0.0,0.0
2022-01-21 16:01:03.004249,0.0,0.0,0.0
2022-01-21 16:01:03.510014,0.0,0.0,0.0
2022-01-21 16:01:04.009382,0.0,0.0,0.0
2022-01-21 16:01:04.503365,0.0,0.0,0.0
2022-01-21 16:01:05.001551,0.0,0.0,0.0
2022-01-21 16:01:05.506957,0.0,0.0,0.0
2022-01-21 16:01:06.005833,0.0,0.0,0.0
2022-01-21 16:01:06.503695,0.0,0.0,0.0
2022-01-21 16:01:07.001801,0.0,0.0,0.0
2022-01-21 16:01:07.509057,0.0,0.0,0.0
2022-01-21 16:01:08.008050,0.0,0.0,0.0
2022-01-21 16:01:08.504116,0.0,0.0,0.0
2022-01-21 16:01:09.003959,0.0,0.0,0.0
2022-01-21 16:01:09.509326,0.0,0.0,0.0
2022-01-21 16:01:10.008773,0.0,0.0,0.0
2022-01-21 16:01:10.504365,0.0,0.0,0.0
2022-01-21 16:01:11.001114,0.0,0.0,0.0
2022-01-21 16:01:11.506194,0.0,0.0,0.0
2022-01-21 16:01:12.005862,0.0,0.0,0.0
2022-01-21 16:01:13.004931,0.0,0.0,0.0
2022-01-21 16:01:13.501069,0.0,0.0,0.0
2022-01-21 16:01:14.009029,0.0,0.0,0.0
2022-01-21 16:01:14.504690,0.0,0.0,0.0
2022-01-21 16:01:15.002825,0.0,0.0,0.0
2022-01-21 16:01:15.507245,0.0,0.0,0.0
2022-01-21 16:01:16.005762,0.0,0.0,0.0
2022-01-21 16:01:16.510358,0.0,0.0,0.0
2022-01-21 16:01:17.007543,0.0,0.0,0.0
2022-01-21 16:01:17.502653,0.0,0.0,0.0
2022-01-21 16:01:18.001910,0.0,0.0,0.0
2022-01-21 16:01:18.506196,0.0,0.0,0.0
2022-01-21 16:01:19.004708,0.0,0.0,0.0
2022-01-21 16:01:19.508624,0.0,0.0,0.0
2022-01-21 16:01:20.006823,0.0,0.0,0.0
2022-01-21 16:01:20.501677,0.0,0.0,0.0
2022-01-21 16:01:21.009899,0.0,0.0,0.0
2022-01-21 16:01:21.508171,0.0,0.0,0.0
2022-01-21 16:01:22.007026,0.0,0.0,0.0
2022-01-21 16:01:22.502026,0.0,0.0,0.0
2022-01-21 16:01:23.010173,0.0,0.0,0.0
2022-01-21 16:01:23.505517,0.0,0.0,0.0
2022-01-21 16:01:24.003603,0.0,0.0,0.0
2022-01-21 16:01:24.508648,0.0,0.0,0.0
2022-01-21 16:01:25.007013,0.0,0.0,0.0
2022-01-21 16:01:25.503449,0.0,0.0,0.0
2022-01-21 16:01:26.010897,0.0,0.0,0.0
2022-01-21 16:01:26.506407,0.0,0.0,0.0
2022-01-21 16:01:27.004616,0.0,0.0,0.0
2022-01-21 16:01:27.510485,0.0,0.0,0.0
2022-01-21 16:01:28.007884,0.0,0.0,0.0
2022-01-21 16:01:28.502268,0.0,0.0,0.0
2022-01-21 16:01:29.010093,0.0,0.0,0.0
2022-01-21 16:01:29.506269,0.0,0.0,0.0
2022-01-21 16:01:30.005571,0.0,0.0,0.0
2022-01-21 16:01:30.502408,0.0,0.0,0.0
2022-01-21 16:01:31.009498,0.0,0.0,0.0
2022-01-21 16:01:31.504304,0.0,0.0,0.0
2022-01-21 16:01:32.005126,0.0,0.0,0.0
2022-01-21 16:01:32.509518,0.0,0.0,0.0
2022-01-21 16:01:33.008887,0.0,0.0,0.0
2022-01-21 16:01:33.504495,0.0,0.0,0.0
2022-01-21 16:01:34.002697,0.0,0.0,0.0
2022-01-21 16:01:34.508990,0.0,0.0,0.0
2022-01-21 16:01:35.008163,0.0,0.0,0.0
2022-01-21 16:01:35.503694,0.0,0.0,0.0
2022-01-21 16:01:36.001735,0.0,0.0,0.0
2022-01-21 16:01:36.507512,0.0,0.0,0.0
2022-01-21 16:01:37.005353,0.0,0.0,0.0
2022-01-21 16:01:37.510294,0.0,0.0,0.0
2022-01-21 16:01:38.008649,0.0,0.0,0.0
2022-01-21 16:01:38.503179,0.0,0.0,0.0
2022-01-21 16:01:39.505520,0.0,0.0,0.0
2022-01-21 16:01:40.005111,0.0,0.0,0.0
2022-01-21 16:01:40.510320,0.0,0.0,0.0
2022-01-21 16:01:41.004638,0.0,0.0,0.0
2022-01-21 16:01:41.510887,0.0,0.0,0.0
2022-01-21 16:01:42.008390,0.0,0.0,0.0
2022-01-21 16:01:42.505687,0.0,0.0,0.0
2022-01-21 16:01:43.003509,0.0,0.0,0.0
2022-01-21 16:01:43.508730,0.0,0.0,0.0
2022-01-21 16:01:44.006759,0.0,0.0,0.0
2022-01-21 16:01:44.502557,0.0,0.0,0.0
2022-01-21 16:01:45.009222,0.0,0.0,0.0
2022-01-21 16:01:45.504865,0.0,0.0,0.0
2022-01-21 16:01:46.004386,0.0,0.0,0.0
2022-01-21 16:01:46.507820,0.0,0.0,0.0
2022-01-21 16:01:47.005507,0.0,0.0,0.0
2022-01-21 16:01:47.501439,0.0,0.0,0.0
2022-01-21 16:01:48.010025,0.0,0.0,0.0
2022-01-21 16:01:48.507050,0.0,0.0,0.0
2022-01-21 16:01:49.004790,0.0,0.0,0.0
2022-01-21 16:01:49.509408,0.0,0.0,0.0
2022-01-21 16:01:50.006652,0.0,0.0,0.0
2022-01-21 16:01:50.502208,0.0,0.0,0.0
2022-01-21 16:01:51.001325,0.0,0.0,0.0
2022-01-21 16:01:51.506263,0.0,0.0,0.0
2022-01-21 16:01:52.004589,0.0,0.0,0.0
2022-01-21 16:01:52.508963,0.0,0.0,0.0
2022-01-21 16:01:53.009897,0.0,0.0,0.0
2022-01-21 16:01:53.505500,0.0,0.0,0.0
2022-01-21 16:01:54.004047,0.0,0.0,0.0
2022-01-21 16:01:54.509057,0.0,0.0,0.0
2022-01-21 16:01:55.006487,0.0,0.0,0.0
2022-01-21 16:01:55.502966,0.0,0.0,0.0
2022-01-21 16:01:56.001799,0.0,0.0,0.0
2022-01-21 16:01:56.502155,0.0,0.0,0.0
2022-01-21 16:01:57.009870,0.0,0.0,0.0
2022-01-21 16:01:57.506652,0.0,0.0,0.0
2022-01-21 16:01:58.004302,0.0,0.0,0.0
2022-01-21 16:01:58.508076,0.0,0.0,0.0
2022-01-21 16:01:59.005564,0.0,0.0,0.0
2022-01-21 16:01:59.509862,0.0,0.0,0.0
2022-01-21 16:02:00.008311,0.0,0.0,0.0
2022-01-21 16:02:00.502503,0.0,0.0,0.0
2022-01-21 16:02:01.010623,0.0,0.0,0.0
2022-01-21 16:02:01.507164,0.0,0.0,0.0
2022-01-21 16:02:02.005116,0.0,0.0,0.0
2022-01-21 16:02:02.510348,0.0,0.0,0.0
2022-01-21 16:02:03.008322,0.0,0.0,0.0
2022-01-21 16:02:03.503577,0.0,0.0,0.0
2022-01-21 16:02:04.001075,0.0,0.0,0.0
2022-01-21 16:02:04.506375,0.0,0.0,0.0
2022-01-21 16:02:05.006158,0.0,0.0,0.0
2022-01-21 16:02:05.510761,0.0,0.0,0.0
2022-01-21 16:02:06.009212,0.0,0.0,0.0
2022-01-21 16:02:06.504438,0.0,0.0,0.0
2022-01-21 16:02:07.002412,0.0,0.0,0.0
2022-01-21 16:02:07.508717,0.0,0.0,0.0
2022-01-21 16:02:08.006006,0.0,0.0,0.0
2022-01-21 16:02:08.501145,0.0,0.0,0.0
2022-01-21 16:02:09.009005,0.0,0.0,0.0
2022-01-21 16:02:09.503156,0.0,0.0,0.0
2022-01-21 16:02:10.003861,0.0,0.0,0.0
2022-01-21 16:02:10.510003,0.0,0.0,0.0
2022-01-21 16:02:11.009751,0.0,0.0,0.0
2022-01-21 16:02:11.505338,0.0,0.0,0.0
2022-01-21 16:02:12.003601,0.0,0.0,0.0
2022-01-21 16:02:12.508586,0.0,0.0,0.0
2022-01-21 16:02:13.006109,0.0,0.0,0.0
2022-01-21 16:02:13.510690,0.0,0.0,0.0
2022-01-21 16:02:14.009842,0.0,0.0,0.0
2022-01-21 16:02:14.504458,0.0,0.0,0.0
2022-01-21 16:02:15.003906,0.0,0.0,0.0
2022-01-21 16:02:15.507465,0.0,0.0,0.0
2022-01-21 16:02:16.006423,0.0,0.0,0.0
2022-01-21 16:02:16.510440,0.0,0.0,0.0
2022-01-21 16:02:17.007800,0.0,0.0,0.0
2022-01-21 16:02:17.504195,0.0,0.0,0.0
2022-01-21 16:02:18.001137,0.0,0.0,0.0
2022-01-21 16:02:18.505953,0.0,0.0,0.0
2022-01-21 16:02:19.005972,0.0,0.0,0.0
2022-01-21 16:02:19.503516,0.0,0.0,0.0
2022-01-21 16:02:20.001145,0.0,0.0,0.0
2022-01-21 16:02:20.506799,0.0,0.0,0.0
2022-01-21 16:02:21.004711,0.0,0.0,0.0
2022-01-21 16:02:21.510569,0.0,0.0,0.0
2022-01-21 16:02:22.009885,0.0,0.0,0.0
2022-01-21 16:02:22.504040,0.0,0.0,0.0
2022-01-21 16:02:23.002899,0.0,0.0,0.0
2022-01-21 16:02:23.508568,0.0,0.0,0.0
2022-01-21 16:02:24.009552,0.0,0.0,0.0
2022-01-21 16:02:24.504371,0.0,0.0,0.0
2022-01-21 16:02:25.001564,0.0,0.0,0.0
2022-01-21 16:02:25.506916,0.0,0.0,0.0
2022-01-21 16:02:26.006855,0.0,0.0,0.0
2022-01-21 16:02:26.503772,0.0,0.0,0.0
2022-01-21 16:02:27.001798,0.0,0.0,0.0
2022-01-21 16:02:27.506495,0.0,0.0,0.0
2022-01-21 16:02:28.004164,0.0,0.0,0.0
2022-01-21 16:02:29.004251,0.0,0.0,0.0
2022-01-21 16:02:29.510514,0.0,0.0,0.0
2022-01-21 16:02:30.003204,0.0,0.0,0.0
2022-01-21 16:02:30.507472,0.0,0.0,0.0
2022-01-21 16:02:31.005371,0.0,0.0,0.0
2022-01-21 16:02:31.502027,0.0,0.0,0.0
2022-01-21 16:02:32.009212,0.0,0.0,0.0
2022-01-21 16:02:32.504476,0.0,0.0,0.0
2022-01-21 16:02:33.002646,0.0,0.0,0.0
2022-01-21 16:02:33.509393,0.0,0.0,0.0
2022-01-21 16:02:34.007328,0.0,0.0,0.0
2022-01-21 16:02:34.503501,0.0,0.0,0.0
2022-01-21 16:02:35.002729,0.0,0.0,0.0
2022-01-21 16:02:35.507748,0.0,0.0,0.0
2022-01-21 16:02:36.006147,0.0,0.0,0.0
2022-01-21 16:02:36.511286,0.0,0.0,0.0
2022-01-21 16:02:37.002095,0.0,0.0,0.0
2022-01-21 16:02:37.508252,0.0,0.0,0.0
2022-01-21 16:02:38.006336,0.0,0.0,0.0
2022-01-21 16:02:38.503445,0.0,0.0,0.0
2022-01-21 16:02:39.002701,0.0,0.0,0.0
2022-01-21 16:02:39.508194,0.0,0.0,0.0
2022-01-21 16:02:40.006418,0.0,0.0,0.0
2022-01-21 16:02:40.502762,0.0,0.0,0.0
2022-01-21 16:02:41.002402,0.0,0.0,0.0
2022-01-21 16:02:41.508587,0.0,0.0,0.0
2022-01-21 16:02:42.006135,0.0,0.0,0.0
2022-01-21 16:02:42.503617,0.0,0.0,0.0
2022-01-21 16:02:43.010776,0.0,0.0,0.0
2022-01-21 16:02:43.505808,0.0,0.0,0.0
2022-01-21 16:02:44.003889,0.0,0.0,0.0
2022-01-21 16:02:44.510480,0.0,0.0,0.0
2022-01-21 16:02:45.008612,0.0,0.0,0.0
2022-01-21 16:02:45.502608,0.0,0.0,0.0
2022-01-21 16:02:46.009853,0.0,0.0,0.0
2022-01-21 16:02:46.506474,0.0,0.0,0.0
2022-01-21 16:02:47.005084,0.0,0.0,0.0
2022-01-21 16:02:47.501111,0.0,0.0,0.0
2022-01-21 16:02:48.009001,0.0,0.0,0.0
2022-01-21 16:02:48.504018,0.0,0.0,0.0
2022-01-21 16:02:49.002633,0.0,0.0,0.0
2022-01-21 16:02:49.508653,0.0,0.0,0.0
2022-01-21 16:02:50.005925,0.0,0.0,0.0
2022-01-21 16:02:50.501123,0.0,0.0,0.0
2022-01-21 16:02:51.009968,0.0,0.0,0.0
2022-01-21 16:02:51.507175,0.0,0.0,0.0
2022-01-21 16:02:52.006701,0.0,0.0,0.0
2022-01-21 16:02:52.503086,0.0,0.0,0.0
2022-01-21 16:02:53.504936,0.0,0.0,0.0
2022-01-21 16:02:54.003047,0.0,0.0,0.0
2022-01-21 16:02:54.507885,0.0,0.0,0.0
2022-01-21 16:02:55.006226,0.0,0.0,0.0
2022-01-21 16:02:55.510756,0.0,0.0,0.0
2022-01-21 16:02:56.009691,0.0,0.0,0.0
2022-01-21 16:02:56.506006,0.0,0.0,0.0
2022-01-21 16:02:57.005135,0.0,0.0,0.0
2022-01-21 16:02:57.510415,0.0,0.0,0.0
2022-01-21 16:02:58.008188,0.0,0.0,0.0
2022-01-21 16:02:58.503134,0.0,0.0,0.0
2022-01-21 16:02:59.006902,0.0,0.0,0.0
2022-01-21 16:02:59.503670,0.0,0.0,0.0
2022-01-21 16:03:00.002031,0.0,0.0,0.0
2022-01-21 16:03:00.510394,0.0,0.0,0.0
2022-01-21 16:03:01.008762,0.0,0.0,0.0
2022-01-21 16:03:01.503365,0.0,0.0,0.0
2022-01-21 16:03:02.002274,0.0,0.0,0.0
2022-01-21 16:03:02.507242,0.0,0.0,0.0
2022-01-21 16:03:03.005973,0.0,0.0,0.0
2022-01-21 16:03:03.501452,0.0,0.0,0.0
2022-01-21 16:03:04.009858,0.0,0.0,0.0
2022-01-21 16:03:04.504787,0.0,0.0,0.0
2022-01-21 16:03:05.003312,0.0,0.0,0.0
2022-01-21 16:03:05.509880,0.0,0.0,0.0
2022-01-21 16:03:06.006710,0.0,0.0,0.0
2022-01-21 16:03:06.501827,0.0,0.0,0.0
2022-01-21 16:03:07.010594,0.0,0.0,0.0
2022-01-21 16:03:07.505195,0.0,0.0,0.0
2022-01-21 16:03:08.002353,0.0,0.0,0.0
2022-01-21 16:03:08.507216,0.0,0.0,0.0
2022-01-21 16:03:09.004683,0.0,0.0,0.0
2022-01-21 16:03:09.510766,0.0,0.0,0.0
2022-01-21 16:03:10.010298,0.0,0.0,0.0
2022-01-21 16:03:10.502741,0.0,0.0,0.0
2022-01-21 16:03:11.002916,0.0,0.0,0.0
2022-01-21 16:03:11.508414,0.0,0.0,0.0
2022-01-21 16:03:12.008613,0.0,0.0,0.0
2022-01-21 16:03:12.505530,0.0,0.0,0.0
2022-01-21 16:03:13.004381,0.0,0.0,0.0
2022-01-21 16:03:13.502303,0.0,0.0,0.0
2022-01-21 16:03:14.007662,0.0,0.0,0.0
2022-01-21 16:03:14.504412,0.0,0.0,0.0
2022-01-21 16:03:15.002292,0.0,0.0,0.0
2022-01-21 16:03:15.507902,0.0,0.0,0.0
2022-01-21 16:03:16.008022,0.0,0.0,0.0
2022-01-21 16:03:16.503232,0.0,0.0,0.0
2022-01-21 16:03:17.001013,0.0,0.0,0.0
2022-01-21 16:03:17.505218,0.0,0.0,0.0
2022-01-21 16:03:18.002590,0.0,0.0,0.0
2022-01-21 16:03:18.507274,0.0,0.0,0.0
2022-01-21 16:03:19.006939,0.0,0.0,0.0
2022-01-21 16:03:19.511021,0.0,0.0,0.0
2022-01-21 16:03:20.007759,0.0,0.0,0.0
2022-01-21 16:03:20.503707,0.0,0.0,0.0
2022-01-21 16:03:21.505892,0.0,0.0,0.0
2022-01-21 16:03:22.002415,0.0,0.0,0.0
2022-01-21 16:03:22.510033,0.0,0.0,0.0
2022-01-21 16:03:23.007637,0.0,0.0,0.0
2022-01-21 16:03:23.503499,0.0,0.0,0.0
2022-01-21 16:03:24.002443,0.0,0.0,0.0
2022-01-21 16:03:24.508517,0.0,0.0,0.0
2022-01-21 16:03:25.006179,0.0,0.0,0.0
2022-01-21 16:03:25.502850,0.0,0.0,0.0
2022-01-21 16:03:26.002666,0.0,0.0,0.0
2022-01-21 16:03:26.510351,0.0,0.0,0.0
2022-01-21 16:03:27.007992,0.0,0.0,0.0
2022-01-21 16:03:27.502506,0.0,0.0,0.0
2022-01-21 16:03:28.009851,0.0,0.0,0.0
2022-01-21 16:03:28.507182,0.0,0.0,0.0
2022-01-21 16:03:29.006788,0.0,0.0,0.0
2022-01-21 16:03:29.502894,0.0,0.0,0.0
2022-01-21 16:03:30.001122,0.0,0.0,0.0
2022-01-21 16:03:30.507289,0.0,0.0,0.0
2022-01-21 16:03:31.005484,0.0,0.0,0.0
2022-01-21 16:03:31.501558,0.0,0.0,0.0
2022-01-21 16:03:32.009821,0.0,0.0,0.0
2022-01-21 16:03:32.504686,0.0,0.0,0.0
2022-01-21 16:03:33.003518,0.0,0.0,0.0
2022-01-21 16:03:33.508768,0.0,0.0,0.0
2022-01-21 16:03:34.006819,0.0,0.0,0.0
2022-01-21 16:03:34.503378,0.0,0.0,0.0
2022-01-21 16:03:35.001521,0.0,0.0,0.0
2022-01-21 16:03:35.506225,0.0,0.0,0.0
2022-01-21 16:03:36.004944,0.0,0.0,0.0
2022-01-21 16:03:36.509335,0.0,0.0,0.0
2022-01-21 16:03:37.006517,0.0,0.0,0.0
2022-01-21 16:03:37.505121,0.0,0.0,0.0
2022-01-21 16:03:38.003317,0.0,0.0,0.0
2022-01-21 16:03:38.509016,0.0,0.0,0.0
2022-01-21 16:03:39.007368,0.0,0.0,0.0
2022-01-21 16:03:39.503404,0.0,0.0,0.0
2022-01-21 16:03:40.505130,0.0,0.0,0.0
2022-01-21 16:03:41.003416,0.0,0.0,0.0
2022-01-21 16:03:41.506696,0.0,0.0,0.0
2022-01-21 16:03:42.005147,0.0,0.0,0.0
2022-01-21 16:03:42.501077,0.0,0.0,0.0
2022-01-21 16:03:43.008727,0.0,0.0,0.0
2022-01-21 16:03:43.502750,0.0,0.0,0.0
2022-01-21 16:03:44.011287,0.0,0.0,0.0
2022-01-21 16:03:44.507443,0.0,0.0,0.0
2022-01-21 16:03:45.006504,0.0,0.0,0.0
2022-01-21 16:03:45.501362,0.0,0.0,0.0
2022-01-21 16:03:46.010400,0.0,0.0,0.0
2022-01-21 16:03:46.505382,0.0,0.0,0.0
2022-01-21 16:03:47.004638,0.0,0.0,0.0
2022-01-21 16:03:47.506065,0.0,0.0,0.0
2022-01-21 16:03:48.004013,0.0,0.0,0.0
2022-01-21 16:03:48.509907,0.0,0.0,0.0
2022-01-21 16:03:49.007959,0.0,0.0,0.0
2022-01-21 16:03:49.504164,0.0,0.0,0.0
2022-01-21 16:03:50.002403,0.0,0.0,0.0
2022-01-21 16:03:50.506838,0.0,0.0,0.0
2022-01-21 16:03:51.004300,0.0,0.0,0.0
2022-01-21 16:03:51.501646,0.0,0.0,0.0
2022-01-21 16:03:52.000975,0.0,0.0,0.0
2022-01-21 16:03:52.504859,0.0,0.0,0.0
2022-01-21 16:03:53.002626,0.0,0.0,0.0
2022-01-21 16:03:53.507635,0.0,0.0,0.0
2022-01-21 16:03:54.006868,0.0,0.0,0.0
2022-01-21 16:03:54.511001,0.0,0.0,0.0
2022-01-21 16:03:55.002403,0.0,0.0,0.0
2022-01-21 16:03:55.507399,0.0,0.0,0.0
2022-01-21 16:03:56.007722,0.0,0.0,0.0
2022-01-21 16:03:56.504326,0.0,0.0,0.0
2022-01-21 16:03:57.005963,0.0,0.0,0.0
2022-01-21 16:03:57.509997,0.0,0.0,0.0
2022-01-21 16:03:58.009258,0.0,0.0,0.0
2022-01-21 16:03:58.508988,0.0,0.0,0.0
2022-01-21 16:03:59.006398,0.0,0.0,0.0
2022-01-21 16:03:59.506934,0.0,0.0,0.0
2022-01-21 16:04:00.004598,0.0,0.0,0.0
2022-01-21 16:04:00.505302,0.0,0.0,0.0
2022-01-21 16:04:01.001812,0.0,0.0,0.0
2022-01-21 16:04:01.505825,0.0,0.0,0.0
2022-01-21 16:04:02.002861,0.0,0.0,0.0
2022-01-21 16:04:02.510230,0.0,0.0,0.0
2022-01-21 16:04:03.010722,0.0,0.0,0.0
2022-01-21 16:04:03.506190,0.0,0.0,0.0
2022-01-21 16:04:04.005308,0.0,0.0,0.0
2022-01-21 16:04:04.502331,0.0,0.0,0.0
2022-01-21 16:04:05.001375,0.0,0.0,0.0
2022-01-21 16:04:05.506006,0.0,0.0,0.0
2022-01-21 16:04:06.002056,0.0,0.0,0.0
2022-01-21 16:04:06.506757,0.0,0.0,0.0
2022-01-21 16:04:07.005886,0.0,0.0,0.0
2022-01-21 16:04:07.501122,0.0,0.0,0.0
2022-01-21 16:04:08.009671,0.0,0.0,0.0
2022-01-21 16:04:08.506822,0.0,0.0,0.0
2022-01-21 16:04:09.003935,0.0,0.0,0.0
2022-01-21 16:04:09.510387,0.0,0.0,0.0
2022-01-21 16:04:10.007873,0.0,0.0,0.0
2022-01-21 16:04:10.503081,0.0,0.0,0.0
2022-01-21 16:04:11.007197,0.0,0.0,0.0
2022-01-21 16:04:11.502629,0.0,0.0,0.0
2022-01-21 16:04:12.010817,0.0,0.0,0.0
2022-01-21 16:04:12.507010,0.0,0.0,0.0
2022-01-21 16:04:13.008689,0.0,0.0,0.0
2022-01-21 16:04:13.503878,0.0,0.0,0.0
2022-01-21 16:04:14.003625,0.0,0.0,0.0
2022-01-21 16:04:14.509953,0.0,0.0,0.0
2022-01-21 16:04:15.003748,0.0,0.0,0.0
2022-01-21 16:04:15.508807,0.0,0.0,0.0
2022-01-21 16:04:16.007303,0.0,0.0,0.0
2022-01-21 16:04:16.502927,0.0,0.0,0.0
2022-01-21 16:04:17.003297,0.0,0.0,0.0
2022-01-21 16:04:17.510179,0.0,0.0,0.0
2022-01-21 16:04:18.007454,0.0,0.0,0.0
2022-01-21 16:04:18.502043,0.0,0.0,0.0
2022-01-21 16:04:19.005523,0.0,0.0,0.0
2022-01-21 16:04:19.504091,0.0,0.0,0.0
2022-01-21 16:04:20.001948,0.0,0.0,0.0
2022-01-21 16:04:20.508463,0.0,0.0,0.0
2022-01-21 16:04:21.007869,0.0,0.0,0.0
2022-01-21 16:04:21.502931,0.0,0.0,0.0
2022-01-21 16:04:22.002068,0.0,0.0,0.0
2022-01-21 16:04:22.507249,0.0,0.0,0.0
2022-01-21 16:04:23.003700,0.0,0.0,0.0
2022-01-21 16:04:23.501304,0.0,0.0,0.0
2022-01-21 16:04:24.009976,0.0,0.0,0.0
2022-01-21 16:04:24.505283,0.0,0.0,0.0
2022-01-21 16:04:25.003349,0.0,0.0,0.0
2022-01-21 16:04:25.507304,0.0,0.0,0.0
2022-01-21 16:04:26.005954,0.0,0.0,0.0
2022-01-21 16:04:26.501132,0.0,0.0,0.0
2022-01-21 16:04:27.010125,0.0,0.0,0.0
2022-01-21 16:04:27.505782,0.0,0.0,0.0
2022-01-21 16:04:28.005277,0.0,0.0,0.0
2022-01-21 16:04:28.510505,0.0,0.0,0.0
2022-01-21 16:04:29.008860,0.0,0.0,0.0
2022-01-21 16:04:29.504528,0.0,0.0,0.0
2022-01-21 16:04:30.002388,0.0,0.0,0.0
2022-01-21 16:04:30.508288,0.0,0.0,0.0
2022-01-21 16:04:31.007286,0.0,0.0,0.0
2022-01-21 16:04:31.502575,0.0,0.0,0.0
2022-01-21 16:04:32.001138,0.0,0.0,0.0
2022-01-21 16:04:32.507899,0.0,0.0,0.0
2022-01-21 16:04:33.006523,0.0,0.0,0.0
2022-01-21 16:04:33.503885,0.0,0.0,0.0
2022-01-21 16:04:34.001511,0.0,0.0,0.0
2022-01-21 16:04:34.506803,0.0,0.0,0.0
2022-01-21 16:04:35.006786,0.0,0.0,0.0
2022-01-21 16:04:35.503193,0.0,0.0,0.0
2022-01-21 16:04:36.010831,0.0,0.0,0.0
2022-01-21 16:04:36.506596,0.0,0.0,0.0
2022-01-21 16:04:37.008801,0.0,0.0,0.0
2022-01-21 16:04:37.502563,0.0,0.0,0.0
2022-01-21 16:04:38.002435,0.0,0.0,0.0
2022-01-21 16:04:38.507539,0.0,0.0,0.0
2022-01-21 16:04:39.005749,0.0,0.0,0.0
2022-01-21 16:04:39.510464,0.0,0.0,0.0
2022-01-21 16:04:40.008725,0.0,0.0,0.0
2022-01-21 16:04:40.503388,0.0,0.0,0.0
2022-01-21 16:04:41.001150,0.0,0.0,0.0
2022-01-21 16:04:41.506329,0.0,0.0,0.0
2022-01-21 16:04:42.002707,0.0,0.0,0.03864
2022-01-21 16:04:42.509637,0.0,0.0,0.03864
2022-01-21 16:04:43.007376,0.0,0.0,0.0
2022-01-21 16:04:43.502285,0.0,0.0,0.0
2022-01-21 16:04:44.009949,0.0,0.0,0.0
2022-01-21 16:04:44.504222,0.0,0.0,0.0
2022-01-21 16:04:45.001543,0.0,0.0,0.0
2022-01-21 16:04:45.507779,0.0,0.0,0.0
2022-01-21 16:04:46.008052,0.0,0.0,0.0
2022-01-21 16:04:46.507412,0.0,0.0,0.0
2022-01-21 16:04:47.006333,0.0,0.0,0.0
2022-01-21 16:04:47.510006,0.0,0.0,0.0
2022-01-21 16:04:48.010508,0.0,0.0,0.0
2022-01-21 16:04:48.506640,0.0,0.0,0.0
2022-01-21 16:04:49.004535,0.0,0.0,0.0
2022-01-21 16:04:49.510834,0.0,0.0,0.0
2022-01-21 16:04:50.009946,0.0,0.0,0.0
2022-01-21 16:04:50.506876,0.0,0.0,0.0
2022-01-21 16:04:51.005319,0.0,0.0,0.0
2022-01-21 16:04:51.510116,0.0,0.0,0.0
2022-01-21 16:04:52.009151,0.0,0.0,0.0
2022-01-21 16:04:52.503934,0.0,0.0,0.0
2022-01-21 16:04:53.003392,0.0,0.0,0.0
2022-01-21 16:04:53.508404,0.0,0.0,0.0
2022-01-21 16:04:54.005975,0.0,0.0,0.0
2022-01-21 16:04:54.502341,0.0,0.0,0.0
2022-01-21 16:04:55.010496,0.0,0.0,0.0
2022-01-21 16:04:55.504350,0.0,0.0,0.0
2022-01-21 16:04:56.003087,0.0,0.0,0.0
2022-01-21 16:04:56.510846,0.0,0.0,0.0
2022-01-21 16:04:57.002950,0.0,0.0,0.0
2022-01-21 16:04:57.510941,0.0,0.0,0.0
2022-01-21 16:04:58.008083,0.0,0.0,0.0
2022-01-21 16:04:58.502694,0.0,0.0,0.0
2022-01-21 16:04:59.001744,0.0,0.0,0.0
2022-01-21 16:04:59.508082,0.0,0.0,0.0
2022-01-21 16:05:00.007908,0.0,0.0,0.0
2022-01-21 16:05:00.505255,0.0,0.0,0.0
2022-01-21 16:05:01.003658,0.0,0.0,0.0
2022-01-21 16:05:01.509484,0.0,0.0,0.0
2022-01-21 16:05:02.008531,0.0,0.0,0.0
2022-01-21 16:05:02.503332,0.0,0.0,0.0
2022-01-21 16:05:03.002527,0.0,0.0,0.0
2022-01-21 16:05:03.507969,0.0,0.0,0.0
2022-01-21 16:05:04.006783,0.0,0.0,0.0
2022-01-21 16:05:04.501832,0.0,0.0,0.0
2022-01-21 16:05:05.010851,0.0,0.0,0.0
2022-01-21 16:05:05.505683,0.0,0.0,0.0
2022-01-21 16:05:06.006721,0.0,0.0,0.0
2022-01-21 16:05:06.501903,0.0,0.0,0.0
2022-01-21 16:05:07.009002,0.0,0.0,0.0
2022-01-21 16:05:07.507186,0.0,0.0,0.0
2022-01-21 16:05:08.006456,0.0,0.0,0.0
2022-01-21 16:05:08.501524,0.0,0.0,0.0
2022-01-21 16:05:09.011018,0.0,0.0,0.0
2022-01-21 16:05:09.507941,0.0,0.0,0.0
2022-01-21 16:05:10.006468,0.0,0.0,0.0
2022-01-21 16:05:10.503810,0.0,0.0,0.0
2022-01-21 16:05:11.010422,0.0,0.0,0.0
2022-01-21 16:05:11.506837,0.0,0.0,0.0
2022-01-21 16:05:12.006415,0.0,0.0,0.0
2022-01-21 16:05:12.502067,0.0,0.0,0.0
2022-01-21 16:05:13.001281,0.0,0.0,0.0
2022-01-21 16:05:13.507387,0.0,0.0,0.0
2022-01-21 16:05:14.006329,0.0,0.0,0.0
2022-01-21 16:05:14.501288,0.0,0.0,0.0
2022-01-21 16:05:15.011001,0.0,0.0,0.0
2022-01-21 16:05:15.507471,0.0,0.0,0.0
2022-01-21 16:05:16.005976,0.0,0.0,0.0
2022-01-21 16:05:16.502280,0.0,0.0,0.0
2022-01-21 16:05:17.010794,0.0,0.0,0.0
2022-01-21 16:05:17.505201,0.0,0.0,0.0
2022-01-21 16:05:18.003962,0.0,0.0,0.0
2022-01-21 16:05:18.509675,0.0,0.0,0.0
2022-01-21 16:05:19.007781,0.0,0.0,0.0
2022-01-21 16:05:19.502567,0.0,0.0,0.0
2022-01-21 16:05:20.505302,0.0,0.0,0.0
2022-01-21 16:05:21.004205,0.0,0.0,0.0
2022-01-21 16:05:21.503344,0.0,0.0,0.0
2022-01-21 16:05:22.010558,0.0,0.0,0.0
2022-01-21 16:05:22.506603,0.0,0.0,0.0
2022-01-21 16:05:23.006398,0.0,0.0,0.0
2022-01-21 16:05:23.501173,0.0,0.0,0.0
2022-01-21 16:05:24.010560,0.0,0.0,0.0
2022-01-21 16:05:24.505697,0.0,0.0,0.0
2022-01-21 16:05:25.003700,0.0,0.0,0.0
2022-01-21 16:05:25.509275,0.0,0.0,0.0
2022-01-21 16:05:26.009037,0.0,0.0,0.0
2022-01-21 16:05:26.503638,0.0,0.0,0.0
2022-01-21 16:05:27.002761,0.0,0.0,0.0
2022-01-21 16:05:27.508770,0.0,0.0,0.0
2022-01-21 16:05:28.006363,0.0,0.0,0.0
2022-01-21 16:05:28.501340,0.0,0.0,0.0
2022-01-21 16:05:29.010328,0.0,0.0,0.0
2022-01-21 16:05:29.504474,0.0,0.0,0.0
2022-01-21 16:05:30.001902,0.0,0.0,0.0
2022-01-21 16:05:30.508224,0.0,0.0,0.0
2022-01-21 16:05:31.008096,0.0,0.0,0.0
2022-01-21 16:05:31.502832,0.0,0.0,0.0
2022-01-21 16:05:32.010931,0.0,0.0,0.0
2022-01-21 16:05:32.505976,0.0,0.0,0.0
2022-01-21 16:05:33.004900,0.0,0.0,0.0
2022-01-21 16:05:33.510384,0.0,0.0,0.0
2022-01-21 16:05:34.006784,0.0,0.0,0.0
2022-01-21 16:05:34.502198,0.0,0.0,0.0
2022-01-21 16:05:35.009432,0.0,0.0,0.0
2022-01-21 16:05:35.505655,0.0,0.0,0.0
2022-01-21 16:05:36.003666,0.0,0.0,0.0
2022-01-21 16:05:36.506220,0.0,0.0,0.0
2022-01-21 16:05:37.004282,0.0,0.0,0.0
2022-01-21 16:05:37.510183,0.0,0.0,0.0
2022-01-21 16:05:38.006842,0.0,0.0,0.0
2022-01-21 16:05:38.502299,0.0,0.0,0.0
2022-01-21 16:05:39.010385,0.0,0.0,0.0
2022-01-21 16:05:39.506925,0.0,0.0,0.0
2022-01-21 16:05:40.007474,0.0,0.0,0.0
2022-01-21 16:05:40.502383,0.0,0.0,0.0
2022-01-21 16:05:41.002788,0.0,0.0,0.0
2022-01-21 16:05:41.509418,0.0,0.0,0.0
2022-01-21 16:05:42.006870,0.0,0.0,0.0
2022-01-21 16:05:42.501820,0.0,0.0,0.0
2022-01-21 16:05:43.010398,0.0,0.0,0.0
2022-01-21 16:05:43.506567,0.0,0.0,0.0
2022-01-21 16:05:44.005804,0.0,0.0,0.0
2022-01-21 16:05:44.501224,0.0,0.0,0.0
2022-01-21 16:05:45.009555,0.0,0.0,0.0
2022-01-21 16:05:45.505298,0.0,0.0,0.0
2022-01-21 16:05:46.009713,0.0,0.0,0.0
2022-01-21 16:05:46.503673,0.0,0.0,0.0
2022-01-21 16:05:47.001532,0.0,0.0,0.0
2022-01-21 16:05:47.506794,0.0,0.0,0.0
2022-01-21 16:05:48.006145,0.0,0.0,0.0
2022-01-21 16:05:48.501433,0.0,0.0,0.0
2022-01-21 16:05:49.009893,0.0,0.0,0.0
2022-01-21 16:05:49.505022,0.0,0.0,0.0
2022-01-21 16:05:50.003334,0.0,0.0,0.0
2022-01-21 16:05:50.508855,0.0,0.0,0.0
2022-01-21 16:05:51.007580,0.0,0.0,0.0
2022-01-21 16:05:51.503096,0.0,0.0,0.0
2022-01-21 16:05:52.010711,0.0,0.0,0.0
2022-01-21 16:05:52.505210,0.0,0.0,0.0
2022-01-21 16:05:53.003797,0.0,0.0,0.0
2022-01-21 16:05:53.509558,0.0,0.0,0.0
2022-01-21 16:05:54.008371,0.0,0.0,0.0
2022-01-21 16:05:54.509652,0.0,0.0,0.0
2022-01-21 16:05:55.007698,0.0,0.0,0.0
2022-01-21 16:05:55.502745,0.0,0.0,0.0
2022-01-21 16:05:56.001088,0.0,0.0,0.0
2022-01-21 16:05:56.507308,0.0,0.0,0.0
2022-01-21 16:05:57.007212,0.0,0.0,0.0
2022-01-21 16:05:57.502681,0.0,0.0,0.0
2022-01-21 16:05:58.002063,0.0,0.0,0.0
2022-01-21 16:05:58.508739,0.0,0.0,0.0
2022-01-21 16:05:59.007045,0.0,0.0,0.0
2022-01-21 16:05:59.502787,0.0,0.0,0.0
2022-01-21 16:06:00.504277,0.0,0.0,0.0
2022-01-21 16:06:01.002553,0.0,0.0,0.0
2022-01-21 16:06:01.507621,0.0,0.0,0.0
2022-01-21 16:06:02.007078,0.0,0.0,0.0
2022-01-21 16:06:02.502295,0.0,0.0,0.0
2022-01-21 16:06:03.001371,0.0,0.0,0.0
2022-01-21 16:06:03.506280,0.0,0.0,0.0
2022-01-21 16:06:04.003836,0.0,0.0,0.0
2022-01-21 16:06:04.508940,0.0,0.0,0.0
2022-01-21 16:06:05.007611,0.0,0.0,0.0
2022-01-21 16:06:05.503493,0.0,0.0,0.0
2022-01-21 16:06:06.011240,0.0,0.0,0.0
2022-01-21 16:06:06.506295,0.0,0.0,0.0
2022-01-21 16:06:07.005183,0.0,0.0,0.0
2022-01-21 16:06:07.510447,0.0,0.0,0.0
2022-01-21 16:06:08.007919,0.0,0.0,0.0
2022-01-21 16:06:08.503620,0.0,0.0,0.0
2022-01-21 16:06:09.010776,0.0,0.0,0.0
2022-01-21 16:06:09.506520,0.0,0.0,0.0
2022-01-21 16:06:10.004883,0.0,0.0,0.0
2022-01-21 16:06:10.508435,0.0,0.0,0.0
2022-01-21 16:06:11.004097,0.0,0.0,0.0
2022-01-21 16:06:11.506794,0.0,0.0,0.0
2022-01-21 16:06:12.005214,0.0,0.0,0.0
2022-01-21 16:06:12.507441,0.0,0.0,0.0
2022-01-21 16:06:13.005190,0.0,0.0,0.0
2022-01-21 16:06:13.510478,0.0,0.0,0.0
2022-01-21 16:06:14.008001,0.0,0.0,0.0
2022-01-21 16:06:14.503760,0.0,0.0,0.0
2022-01-21 16:06:15.002501,0.0,0.0,0.0
2022-01-21 16:06:15.507987,0.0,0.0,0.0
2022-01-21 16:06:16.006837,0.0,0.0,0.0
2022-01-21 16:06:16.502650,0.0,0.0,0.0
2022-01-21 16:06:17.010639,0.0,0.0,0.0
2022-01-21 16:06:17.506014,0.0,0.0,0.0
2022-01-21 16:06:18.006298,0.0,0.0,0.0
2022-01-21 16:06:18.501157,0.0,0.0,0.0
2022-01-21 16:06:19.009098,0.0,0.0,0.0
2022-01-21 16:06:19.503272,0.0,0.0,0.0
2022-01-21 16:06:20.010592,0.0,0.0,0.0
2022-01-21 16:06:20.507386,0.0,0.0,0.0
2022-01-21 16:06:21.005305,0.0,0.0,0.0
2022-01-21 16:06:21.510079,0.0,0.0,0.0
2022-01-21 16:06:22.008488,0.0,0.0,0.0
2022-01-21 16:06:22.504049,0.0,0.0,0.0
2022-01-21 16:06:23.002985,0.0,0.0,0.0
2022-01-21 16:06:23.504141,0.0,0.0,0.0
2022-01-21 16:06:24.001712,0.0,0.0,0.0
2022-01-21 16:06:24.507716,0.0,0.0,0.0
2022-01-21 16:06:25.007654,0.0,0.0,0.0
2022-01-21 16:06:25.504469,0.0,0.0,0.0
2022-01-21 16:06:26.002972,0.0,0.0,0.0
2022-01-21 16:06:27.005853,0.0,0.0,0.0
2022-01-21 16:06:27.501496,0.0,0.0,0.0
2022-01-21 16:06:28.010843,0.0,0.0,0.0
2022-01-21 16:06:28.504633,0.0,0.0,0.0
2022-01-21 16:06:29.004122,0.0,0.0,0.0
2022-01-21 16:06:29.510144,0.0,0.0,0.0
2022-01-21 16:06:30.009752,0.0,0.0,0.0
2022-01-21 16:06:30.505262,0.0,0.0,0.0
2022-01-21 16:06:31.003433,0.0,0.0,0.0
2022-01-21 16:06:31.508737,0.0,0.0,0.0
2022-01-21 16:06:32.006815,0.0,0.0,0.0
2022-01-21 16:06:32.507637,0.0,0.0,0.0
2022-01-21 16:06:33.006348,0.0,0.0,0.0
2022-01-21 16:06:33.501958,0.0,0.0,0.0
2022-01-21 16:06:34.011149,0.0,0.0,0.0
2022-01-21 16:06:34.507387,0.0,0.0,0.0
2022-01-21 16:06:35.005553,0.0,0.0,0.0
2022-01-21 16:06:35.501146,0.0,0.0,0.0
2022-01-21 16:06:36.009434,0.0,0.0,0.0
2022-01-21 16:06:36.509863,0.0,0.0,0.0
2022-01-21 16:06:37.008158,0.0,0.0,0.0
2022-01-21 16:06:37.502582,0.0,0.0,0.0
2022-01-21 16:06:38.007439,0.0,0.0,0.0
2022-01-21 16:06:38.503074,0.0,0.0,0.0
2022-01-21 16:06:39.505504,0.0,0.0,0.0
2022-01-21 16:06:40.004551,0.0,0.0,0.0
2022-01-21 16:06:40.510318,0.0,0.0,0.0
2022-01-21 16:06:41.008174,0.0,0.0,0.0
2022-01-21 16:06:41.504058,0.0,0.0,0.0
2022-01-21 16:06:42.004653,0.0,0.0,0.0
2022-01-21 16:06:42.509391,0.0,0.0,0.0
2022-01-21 16:06:43.008256,0.0,0.0,0.0
2022-01-21 16:06:43.505287,0.0,0.0,0.0
2022-01-21 16:06:44.003414,0.0,0.0,0.0
2022-01-21 16:06:44.507999,0.0,0.0,0.0
2022-01-21 16:06:45.006568,0.0,0.0,0.0
2022-01-21 16:06:45.501932,0.0,0.0,0.0
2022-01-21 16:06:46.001153,0.0,0.0,0.0
2022-01-21 16:06:46.505732,0.0,0.0,0.0
2022-01-21 16:06:47.003588,0.0,0.0,0.0
2022-01-21 16:06:47.510381,0.0,0.0,0.0
2022-01-21 16:06:48.009549,0.0,0.0,0.0
2022-01-21 16:06:48.506353,0.0,0.0,0.0
2022-01-21 16:06:49.003968,0.0,0.0,0.0
2022-01-21 16:06:49.510325,0.0,0.0,0.0
2022-01-21 16:06:50.008488,0.0,0.0,0.0
2022-01-21 16:06:50.503650,0.0,0.0,0.0
2022-01-21 16:06:51.003868,0.0,0.0,0.0
2022-01-21 16:06:51.509133,0.0,0.0,0.0
2022-01-21 16:06:52.007572,0.0,0.0,0.0
2022-01-21 16:06:52.505296,0.0,0.0,0.0
2022-01-21 16:06:53.004367,0.0,0.0,0.0
2022-01-21 16:06:53.509786,0.0,0.0,0.0
2022-01-21 16:06:54.008151,0.0,0.0,0.0
2022-01-21 16:06:54.502180,0.0,0.0,0.0
2022-01-21 16:06:55.010679,0.0,0.0,0.0
2022-01-21 16:06:55.506025,0.0,0.0,0.0
2022-01-21 16:06:56.004928,0.0,0.0,0.0
2022-01-21 16:06:56.509820,0.0,0.0,0.0
2022-01-21 16:06:57.009865,0.0,0.0,0.0
2022-01-21 16:06:57.505170,0.0,0.0,0.0
2022-01-21 16:06:58.002224,0.0,0.0,0.0
2022-01-21 16:06:58.505606,0.0,0.0,0.0
2022-01-21 16:06:59.002830,0.0,0.0,0.0
2022-01-21 16:06:59.509386,0.0,0.0,0.0
2022-01-21 16:07:00.006349,0.0,0.0,0.0
2022-01-21 16:07:00.500870,0.0,0.0,0.0
2022-01-21 16:07:01.001256,0.0,0.0,0.0
2022-01-21 16:07:01.506529,0.0,0.0,0.0
2022-01-21 16:07:02.003644,0.0,0.0,0.0
2022-01-21 16:07:02.510495,0.0,0.0,0.0
2022-01-21 16:07:03.006875,0.0,0.0,0.0
2022-01-21 16:07:03.509879,0.0,0.0,0.0
2022-01-21 16:07:04.007881,0.0,0.0,0.0
2022-01-21 16:07:04.504073,0.0,0.0,0.0
2022-01-21 16:07:05.001840,0.0,0.0,0.0
2022-01-21 16:07:05.508585,0.0,0.0,0.0
2022-01-21 16:07:06.001211,0.0,0.0,0.0
2022-01-21 16:07:06.506848,0.0,0.0,0.0
2022-01-21 16:07:07.006022,0.0,0.0,0.0
2022-01-21 16:07:07.501434,0.0,0.0,0.0
2022-01-21 16:07:08.009899,0.0,0.0,0.0
2022-01-21 16:07:08.505811,0.0,0.0,0.0
2022-01-21 16:07:09.003759,0.0,0.0,0.0
2022-01-21 16:07:09.510154,0.0,0.0,0.0
2022-01-21 16:07:10.004667,0.0,0.0,0.0
2022-01-21 16:07:10.510282,0.0,0.0,0.0
2022-01-21 16:07:11.006886,0.0,0.0,0.0
2022-01-21 16:07:11.509176,0.0,0.0,0.0
2022-01-21 16:07:12.007773,0.0,0.0,0.0
2022-01-21 16:07:12.502804,0.0,0.0,0.0
2022-01-21 16:07:13.001043,0.0,0.0,0.0
2022-01-21 16:07:13.506048,0.0,0.0,0.0
2022-01-21 16:07:14.008776,0.0,0.0,0.0
2022-01-21 16:07:14.504592,0.0,0.0,0.0
2022-01-21 16:07:15.006454,0.0,0.0,0.0
2022-01-21 16:07:15.501310,0.0,0.0,0.0
2022-01-21 16:07:16.009564,0.0,0.0,0.0
2022-01-21 16:07:16.504827,0.0,0.0,0.0
2022-01-21 16:07:17.003369,0.0,0.0,0.0
2022-01-21 16:07:17.510197,0.0,0.0,0.0
2022-01-21 16:07:18.008676,0.0,0.0,0.0
2022-01-21 16:07:18.506523,0.0,0.0,0.0
2022-01-21 16:07:19.004311,0.0,0.0,0.0
2022-01-21 16:07:19.509152,0.0,0.0,0.0
2022-01-21 16:07:20.007506,0.0,0.0,0.0
2022-01-21 16:07:20.502797,0.0,0.0,0.0
2022-01-21 16:07:21.002131,0.0,0.0,0.0
2022-01-21 16:07:21.507453,0.0,0.0,0.0
2022-01-21 16:07:22.006881,0.0,0.0,0.0
2022-01-21 16:07:22.501354,0.0,0.0,0.0
2022-01-21 16:07:23.010736,0.0,0.0,0.0
2022-01-21 16:07:23.506793,0.0,0.0,0.0
2022-01-21 16:07:24.005836,0.0,0.0,0.0
2022-01-21 16:07:24.511127,0.0,0.0,0.0
2022-01-21 16:07:25.009240,0.0,0.0,0.0
2022-01-21 16:07:25.505080,0.0,0.0,0.0
2022-01-21 16:07:26.002101,0.0,0.0,0.0
2022-01-21 16:07:26.507161,0.0,0.0,0.0
2022-01-21 16:07:27.006187,0.0,0.0,0.0
2022-01-21 16:07:27.501812,0.0,0.0,0.0
2022-01-21 16:07:28.001170,0.0,0.0,0.0
2022-01-21 16:07:28.505273,0.0,0.0,0.0
2022-01-21 16:07:29.002344,0.0,0.0,0.0
2022-01-21 16:07:29.508709,0.0,0.0,0.0
2022-01-21 16:07:30.007516,0.0,0.0,0.0
2022-01-21 16:07:30.503347,0.0,0.0,0.0
2022-01-21 16:07:31.001065,0.0,0.0,0.0
2022-01-21 16:07:31.506891,0.0,0.0,0.0
2022-01-21 16:07:32.005550,0.0,0.0,0.0
2022-01-21 16:07:32.501422,0.0,0.0,0.0
2022-01-21 16:07:33.010891,0.0,0.0,0.0
2022-01-21 16:07:33.504956,0.0,0.0,0.0
2022-01-21 16:07:34.002443,0.0,0.0,0.0
2022-01-21 16:07:34.508482,0.0,0.0,0.0
2022-01-21 16:07:35.006534,0.0,0.0,0.0
2022-01-21 16:07:35.502837,0.0,0.0,0.0
2022-01-21 16:07:36.001569,0.0,0.0,0.0
2022-01-21 16:07:36.509365,0.0,0.0,0.0
2022-01-21 16:07:37.007384,0.0,0.0,0.0
2022-01-21 16:07:37.502841,0.0,0.0,0.0
2022-01-21 16:07:38.001915,0.0,0.0,0.0
2022-01-21 16:07:38.507778,0.0,0.0,0.0
2022-01-21 16:07:39.006631,0.0,0.0,0.0
2022-01-21 16:07:39.501100,0.0,0.0,0.0
2022-01-21 16:07:40.008810,0.0,0.0,0.0
2022-01-21 16:07:40.503099,0.0,0.0,0.0
2022-01-21 16:07:41.003725,0.0,0.0,0.0
2022-01-21 16:07:41.507771,0.0,0.0,0.0
2022-01-21 16:07:42.007269,0.0,0.0,0.0
2022-01-21 16:07:42.502803,0.0,0.0,0.0
2022-01-21 16:07:43.001914,0.0,0.0,0.0
2022-01-21 16:07:43.508462,0.0,0.0,0.0
2022-01-21 16:07:44.006443,0.0,0.0,0.0
2022-01-21 16:07:44.510276,0.0,0.0,0.0
2022-01-21 16:07:45.008358,0.0,0.0,0.0
2022-01-21 16:07:45.506237,0.0,0.0,0.0
2022-01-21 16:07:46.003247,0.0,0.0,0.0
2022-01-21 16:07:46.507650,0.0,0.0,0.0
2022-01-21 16:07:47.005141,0.0,0.0,0.0
2022-01-21 16:07:47.501154,0.0,0.0,0.0
2022-01-21 16:07:48.010241,0.0,0.0,0.0
2022-01-21 16:07:48.504854,0.0,0.0,0.0
2022-01-21 16:07:49.003309,0.0,0.0,0.0
2022-01-21 16:07:49.508554,0.0,0.0,0.0
2022-01-21 16:07:50.007829,0.0,0.0,0.0
2022-01-21 16:07:50.502848,0.0,0.0,0.0
2022-01-21 16:07:51.011199,0.0,0.0,0.0
2022-01-21 16:07:51.506952,0.0,0.0,0.0
2022-01-21 16:07:52.002561,0.0,0.0,0.0
2022-01-21 16:07:52.507459,0.0,0.0,0.0
2022-01-21 16:07:53.005237,0.0,0.0,0.0
2022-01-21 16:07:53.502503,0.0,0.0,0.0
2022-01-21 16:07:54.001096,0.0,0.0,0.0
2022-01-21 16:07:54.509763,0.0,0.0,0.0
2022-01-21 16:07:55.007797,0.0,0.0,0.0
2022-01-21 16:07:55.502795,0.0,0.0,0.0
2022-01-21 16:07:56.001371,0.0,0.0,0.0
2022-01-21 16:07:56.506379,0.0,0.0,0.0
2022-01-21 16:07:57.004366,0.0,0.0,0.0
2022-01-21 16:07:57.501124,0.0,0.0,0.0
2022-01-21 16:07:58.002565,0.0,0.0,0.0
2022-01-21 16:07:58.506834,0.0,0.0,0.0
2022-01-21 16:07:59.006851,0.0,0.0,0.0
2022-01-21 16:07:59.501901,0.0,0.0,0.0
2022-01-21 16:08:00.009887,0.0,0.0,0.0
2022-01-21 16:08:00.510293,0.0,0.0,0.0
2022-01-21 16:08:01.008013,0.0,0.0,0.0
2022-01-21 16:08:01.504663,0.0,0.0,0.0
2022-01-21 16:08:02.003403,0.0,0.0,0.0
2022-01-21 16:08:02.509829,0.0,0.0,0.0
2022-01-21 16:08:03.007573,0.0,0.0,0.0
2022-01-21 16:08:03.501382,0.0,0.0,0.0
2022-01-21 16:08:04.010969,0.0,0.0,0.0
2022-01-21 16:08:04.506627,0.0,0.0,0.0
2022-01-21 16:08:05.003868,0.0,0.0,0.0
2022-01-21 16:08:05.509705,0.0,0.0,0.0
2022-01-21 16:08:06.007490,0.0,0.0,0.0
2022-01-21 16:08:06.503416,0.0,0.0,0.0
2022-01-21 16:08:07.002560,0.0,0.0,0.0
2022-01-21 16:08:07.508087,0.0,0.0,0.0
2022-01-21 16:08:08.007992,0.0,0.0,0.0
2022-01-21 16:08:08.503298,0.0,0.0,0.0
2022-01-21 16:08:09.001222,0.0,0.0,0.0
2022-01-21 16:08:09.507185,0.0,0.0,0.0
2022-01-21 16:08:10.005683,0.0,0.0,0.0
2022-01-21 16:08:10.501019,0.0,0.0,0.0
2022-01-21 16:08:11.005520,0.0,0.0,0.0
2022-01-21 16:08:11.503030,0.0,0.0,0.0
2022-01-21 16:08:12.002314,0.0,0.0,0.0
2022-01-21 16:08:12.507059,0.0,0.0,0.0
2022-01-21 16:08:13.004883,0.0,0.0,0.0
2022-01-21 16:08:13.509776,0.0,0.0,0.0
2022-01-21 16:08:14.007651,0.0,0.0,0.0
2022-01-21 16:08:14.502108,0.0,0.0,0.0
2022-01-21 16:08:15.001849,0.0,0.0,0.0
2022-01-21 16:08:15.508511,0.0,0.0,0.0
2022-01-21 16:08:16.007471,0.0,0.0,0.0
2022-01-21 16:08:16.503767,0.0,0.0,0.0
2022-01-21 16:08:17.001708,0.0,0.0,0.0
2022-01-21 16:08:17.508609,0.0,0.0,0.0
2022-01-21 16:08:18.008116,0.0,0.0,0.0
2022-01-21 16:08:18.503192,0.0,0.0,0.0
2022-01-21 16:08:19.010815,0.0,0.0,0.0
2022-01-21 16:08:19.506889,0.0,0.0,0.0
2022-01-21 16:08:20.005836,0.0,0.0,0.0
2022-01-21 16:08:20.501494,0.0,0.0,0.0
2022-01-21 16:08:21.004582,0.0,0.0,0.0
2022-01-21 16:08:21.509845,0.0,0.0,0.0
2022-01-21 16:08:22.008191,0.0,0.0,0.0
2022-01-21 16:08:22.502662,0.0,0.0,0.0
2022-01-21 16:08:23.010968,0.0,0.0,0.0
2022-01-21 16:08:23.509099,0.0,0.0,0.0
2022-01-21 16:08:24.006326,0.0,0.0,0.0
2022-01-21 16:08:24.501948,0.0,0.0,0.0
2022-01-21 16:08:25.009799,0.0,0.0,0.0
2022-01-21 16:08:25.505219,0.0,0.0,0.0
2022-01-21 16:08:26.002645,0.0,0.0,0.0
2022-01-21 16:08:26.508657,0.0,0.0,0.0
2022-01-21 16:08:27.005498,0.0,0.0,0.0
2022-01-21 16:08:27.502312,0.0,0.0,0.0
2022-01-21 16:08:28.010514,0.0,0.0,0.0
2022-01-21 16:08:28.505305,0.0,0.0,0.0
2022-01-21 16:08:29.002342,0.0,0.0,0.0
2022-01-21 16:08:29.506573,0.0,0.0,0.0
2022-01-21 16:08:30.004518,0.0,0.0,0.0
2022-01-21 16:08:30.507206,0.0,0.0,0.0
2022-01-21 16:08:31.005067,0.0,0.0,0.0
2022-01-21 16:08:31.502574,0.0,0.0,0.0
2022-01-21 16:08:32.010042,0.0,0.0,0.0
2022-01-21 16:08:32.504245,0.0,0.0,0.0
2022-01-21 16:08:33.001885,0.0,0.0,0.0
2022-01-21 16:08:33.507864,0.0,0.0,0.0
2022-01-21 16:08:34.005854,0.0,0.0,0.0
2022-01-21 16:08:34.511220,0.0,0.0,0.0
2022-01-21 16:08:35.009981,0.0,0.0,0.0
2022-01-21 16:08:35.504078,0.0,0.0,0.0
2022-01-21 16:08:36.001937,0.0,0.0,0.0
2022-01-21 16:08:36.508464,0.0,0.0,0.0
2022-01-21 16:08:37.005755,0.0,0.0,0.0
2022-01-21 16:08:37.501792,0.0,0.0,0.0
2022-01-21 16:08:38.010005,0.0,0.0,0.0
2022-01-21 16:08:38.506782,0.0,0.0,0.0
2022-01-21 16:08:39.003813,0.0,0.0,0.0
2022-01-21 16:08:39.509700,0.0,0.0,0.0
2022-01-21 16:08:40.002679,0.0,0.0,0.0
2022-01-21 16:08:40.508331,0.0,0.0,0.0
2022-01-21 16:08:41.008022,0.0,0.0,0.0
2022-01-21 16:08:41.502814,0.0,0.0,0.0
2022-01-21 16:08:42.001708,0.0,0.0,0.0
2022-01-21 16:08:42.507863,0.0,0.0,0.0
2022-01-21 16:08:43.006728,0.0,0.0,0.0
2022-01-21 16:08:43.502630,0.0,0.0,0.0
2022-01-21 16:08:44.010796,0.0,0.0,0.0
2022-01-21 16:08:44.506734,0.0,0.0,0.0
2022-01-21 16:08:45.004688,0.0,0.0,0.0
2022-01-21 16:08:45.510138,0.0,0.0,0.0
2022-01-21 16:08:46.004996,0.0,0.0,0.0
2022-01-21 16:08:46.510880,0.0,0.0,0.0
2022-01-21 16:08:47.008453,0.0,0.0,0.0
2022-01-21 16:08:47.503252,0.0,0.0,0.0
2022-01-21 16:08:48.001042,0.0,0.0,0.0
2022-01-21 16:08:48.505915,0.0,0.0,0.0
2022-01-21 16:08:49.004704,0.0,0.0,0.0
2022-01-21 16:08:49.510358,0.0,0.0,0.0
2022-01-21 16:08:50.007741,0.0,0.0,0.0
2022-01-21 16:08:50.503358,0.0,0.0,0.0
2022-01-21 16:08:51.002091,0.0,0.0,0.0
2022-01-21 16:08:51.507020,0.0,0.0,0.0
2022-01-21 16:08:52.004958,0.0,0.0,0.0
2022-01-21 16:08:52.509501,0.0,0.0,0.0
2022-01-21 16:08:53.007530,0.0,0.0,0.0
2022-01-21 16:08:53.504225,0.0,0.0,0.0
2022-01-21 16:08:54.002456,0.0,0.0,0.0
2022-01-21 16:08:54.508612,0.0,0.0,0.0
2022-01-21 16:08:55.006799,0.0,0.0,0.0
2022-01-21 16:08:55.501924,0.0,0.0,0.0
2022-01-21 16:08:56.011213,0.0,0.0,0.0
2022-01-21 16:08:56.506857,0.0,0.0,0.0
2022-01-21 16:08:57.005126,0.0,0.0,0.0
2022-01-21 16:08:57.510744,0.0,0.0,0.0
2022-01-21 16:08:58.008703,0.0,0.0,0.0
2022-01-21 16:08:58.504140,0.0,0.0,0.0
2022-01-21 16:08:59.002809,0.0,0.0,0.0
2022-01-21 16:08:59.508156,0.0,0.0,0.0
2022-01-21 16:09:00.006626,0.0,0.0,0.0
2022-01-21 16:09:00.504403,0.0,0.0,0.0
2022-01-21 16:09:01.001408,0.0,0.0,0.0
2022-01-21 16:09:01.507557,0.0,0.0,0.0
2022-01-21 16:09:02.006880,0.0,0.0,0.0
2022-01-21 16:09:02.501050,0.0,0.0,0.0
2022-01-21 16:09:03.008668,0.0,0.0,0.0
2022-01-21 16:09:03.503091,0.0,0.0,0.0
2022-01-21 16:09:04.011207,0.0,0.0,0.0
2022-01-21 16:09:04.506162,0.0,0.0,0.0
2022-01-21 16:09:05.005516,0.0,0.0,0.0
2022-01-21 16:09:05.501389,0.0,0.0,0.0
2022-01-21 16:09:06.010068,0.0,0.0,0.0
2022-01-21 16:09:06.506825,0.0,0.0,0.0
2022-01-21 16:09:07.004647,0.0,0.0,0.0
2022-01-21 16:09:07.510850,0.0,0.0,0.0
2022-01-21 16:09:08.009060,0.0,0.0,0.0
2022-01-21 16:09:08.503733,0.0,0.0,0.0
2022-01-21 16:09:09.001721,0.0,0.0,0.0
2022-01-21 16:09:09.510386,0.0,0.0,0.0
2022-01-21 16:09:10.008618,0.0,0.0,0.0
2022-01-21 16:09:10.505874,0.0,0.0,0.0
2022-01-21 16:09:11.001836,0.0,0.0,0.0
2022-01-21 16:09:11.507683,0.0,0.0,0.0
2022-01-21 16:09:12.005966,0.0,0.0,0.0
2022-01-21 16:09:12.501531,0.0,0.0,0.0
2022-01-21 16:09:13.506753,0.0,0.0,0.0
2022-01-21 16:09:14.004677,0.0,0.0,0.0
2022-01-21 16:09:14.509761,0.0,0.0,0.0
2022-01-21 16:09:15.006760,0.0,0.0,0.0
2022-01-21 16:09:15.503613,0.0,0.0,0.0
2022-01-21 16:09:16.002584,0.0,0.0,0.0
2022-01-21 16:09:16.507308,0.0,0.0,0.0
2022-01-21 16:09:17.005063,0.0,0.0,0.0
2022-01-21 16:09:17.509946,0.0,0.0,0.0
2022-01-21 16:09:18.007904,0.0,0.0,0.0
2022-01-21 16:09:18.501944,0.0,0.0,0.0
2022-01-21 16:09:19.001416,0.0,0.0,0.0
2022-01-21 16:09:19.506621,0.0,0.0,0.0
2022-01-21 16:09:20.003575,0.0,0.0,0.0
2022-01-21 16:09:20.510746,0.0,0.0,0.0
2022-01-21 16:09:21.009120,0.0,0.0,0.0
2022-01-21 16:09:21.504596,0.0,0.0,0.0
2022-01-21 16:09:22.002774,0.0,0.0,0.0
2022-01-21 16:09:22.508544,0.0,0.0,0.0
2022-01-21 16:09:23.007218,0.0,0.0,0.0
2022-01-21 16:09:23.502064,0.0,0.0,0.0
2022-01-21 16:09:24.010824,0.0,0.0,0.0
2022-01-21 16:09:24.507210,0.0,0.0,0.0
2022-01-21 16:09:25.006232,0.0,0.0,0.0
2022-01-21 16:09:25.510699,0.0,0.0,0.0
2022-01-21 16:09:26.007643,0.0,0.0,0.0
2022-01-21 16:09:26.503382,0.0,0.0,0.0
2022-01-21 16:09:27.001725,0.0,0.0,0.0
2022-01-21 16:09:27.506654,0.0,0.0,0.0
2022-01-21 16:09:28.003241,0.0,0.0,0.0
2022-01-21 16:09:28.508520,0.0,0.0,0.0
2022-01-21 16:09:29.008173,0.0,0.0,0.0
2022-01-21 16:09:29.505788,0.0,0.0,0.0
2022-01-21 16:09:30.004163,0.0,0.0,0.0
2022-01-21 16:09:30.510051,0.0,0.0,0.0
2022-01-21 16:09:31.007374,0.0,0.0,0.0
2022-01-21 16:09:31.502117,0.0,0.0,0.0
2022-01-21 16:09:32.009697,0.0,0.0,0.0
2022-01-21 16:09:32.505112,0.0,0.0,0.0
2022-01-21 16:09:33.003759,0.0,0.0,0.0
2022-01-21 16:09:33.510459,0.0,0.0,0.0
2022-01-21 16:09:34.009286,0.0,0.0,0.0
2022-01-21 16:09:34.503978,0.0,0.0,0.0
2022-01-21 16:09:35.008866,0.0,0.0,0.0
2022-01-21 16:09:35.503987,0.0,0.0,0.0
2022-01-21 16:09:36.003399,0.0,0.0,0.0
2022-01-21 16:09:36.508973,0.0,0.0,0.0
2022-01-21 16:09:37.007120,0.0,0.0,0.0
2022-01-21 16:09:37.505090,0.0,0.0,0.0
2022-01-21 16:09:38.003955,0.0,0.0,0.0
2022-01-21 16:09:38.509219,0.0,0.0,0.0
2022-01-21 16:09:39.007253,0.0,0.0,0.0
2022-01-21 16:09:39.501206,0.0,0.0,0.0
2022-01-21 16:09:40.009231,0.0,0.0,0.0
2022-01-21 16:09:40.505273,0.0,0.0,0.0
2022-01-21 16:09:41.003434,0.0,0.0,0.0
2022-01-21 16:09:41.510340,0.0,0.0,0.0
2022-01-21 16:09:42.009720,0.0,0.0,0.0
2022-01-21 16:09:42.503456,0.0,0.0,0.0
2022-01-21 16:09:43.001870,0.0,0.0,0.0
2022-01-21 16:09:43.507699,0.0,0.0,0.0
2022-01-21 16:09:44.005416,0.0,0.0,0.0
2022-01-21 16:09:44.510491,0.0,0.0,0.0
2022-01-21 16:09:45.009139,0.0,0.0,0.0
2022-01-21 16:09:45.502830,0.0,0.0,0.0
2022-01-21 16:09:46.001088,0.0,0.0,0.0
2022-01-21 16:09:46.507984,0.0,0.0,0.0
2022-01-21 16:09:47.005971,0.0,0.0,0.0
2022-01-21 16:09:47.511184,0.0,0.0,0.0
2022-01-21 16:09:48.009705,0.0,0.0,0.0
2022-01-21 16:09:48.504048,0.0,0.0,0.0
2022-01-21 16:09:49.002334,0.0,0.0,0.0
2022-01-21 16:09:49.508162,0.0,0.0,0.0
2022-01-21 16:09:50.005655,0.0,0.0,0.0
2022-01-21 16:09:50.501904,0.0,0.0,0.0
2022-01-21 16:09:51.001904,0.0,0.0,0.0
2022-01-21 16:09:51.506727,0.0,0.0,0.0
2022-01-21 16:09:52.005491,0.0,0.0,0.0
2022-01-21 16:09:52.511052,0.0,0.0,0.0
2022-01-21 16:09:53.010673,0.0,0.0,0.0
2022-01-21 16:09:53.505886,0.0,0.0,0.0
2022-01-21 16:09:54.003438,0.0,0.0,0.0
2022-01-21 16:09:54.507663,0.0,0.0,0.0
2022-01-21 16:09:55.008030,0.0,0.0,0.0
2022-01-21 16:09:55.504080,0.0,0.0,0.0
2022-01-21 16:09:56.002173,0.0,0.0,0.0
2022-01-21 16:09:56.507080,0.0,0.0,0.0
2022-01-21 16:09:57.005717,0.0,0.0,0.0
2022-01-21 16:09:57.510132,0.0,0.0,0.0
2022-01-21 16:09:58.008094,0.0,0.0,0.0
2022-01-21 16:09:58.505822,0.0,0.0,0.0
2022-01-21 16:09:59.003710,0.0,0.0,0.0
2022-01-21 16:09:59.501881,0.0,0.0,0.0
2022-01-21 16:10:00.009973,0.0,0.0,0.0
2022-01-21 16:10:00.507606,0.0,0.0,0.0
2022-01-21 16:10:01.005427,0.0,0.0,0.0
2022-01-21 16:10:01.509739,0.0,0.0,0.0
2022-01-21 16:10:02.009008,0.0,0.0,0.0
2022-01-21 16:10:02.503752,0.0,0.0,0.0
2022-01-21 16:10:03.001827,0.0,0.0,0.0
2022-01-21 16:10:03.502194,0.0,0.0,0.0
2022-01-21 16:10:04.001175,0.0,0.0,0.0
2022-01-21 16:10:04.505389,0.0,0.0,0.0
2022-01-21 16:10:05.003879,0.0,0.0,0.0
2022-01-21 16:10:05.509099,0.0,0.0,0.0
2022-01-21 16:10:06.006849,0.0,0.0,0.0
2022-01-21 16:10:06.502670,0.0,0.0,0.0
2022-01-21 16:10:07.010839,0.0,0.0,0.0
2022-01-21 16:10:07.506207,0.0,0.0,0.0
2022-01-21 16:10:08.004815,0.0,0.0,0.0
2022-01-21 16:10:08.509806,0.0,0.0,0.0
2022-01-21 16:10:09.006400,0.0,0.0,0.0
2022-01-21 16:10:09.501216,0.0,0.0,0.0
2022-01-21 16:10:10.008402,0.0,0.0,0.0
2022-01-21 16:10:10.502304,0.0,0.0,0.0
2022-01-21 16:10:11.006378,0.0,0.0,0.0
2022-01-21 16:10:11.502343,0.0,0.0,0.0
2022-01-21 16:10:12.010782,0.0,0.0,0.0
2022-01-21 16:10:12.507662,0.0,0.0,0.0
2022-01-21 16:10:13.005045,0.0,0.0,0.0
2022-01-21 16:10:13.508995,0.0,0.0,0.0
2022-01-21 16:10:14.005723,0.0,0.0,0.0
2022-01-21 16:10:14.501165,0.0,0.0,0.0
2022-01-21 16:10:15.009570,0.0,0.0,0.0
2022-01-21 16:10:15.505331,0.0,0.0,0.0
2022-01-21 16:10:16.002506,0.0,0.0,0.0
2022-01-21 16:10:16.509126,0.0,0.0,0.0
2022-01-21 16:10:17.007443,0.0,0.0,0.0
2022-01-21 16:10:17.501416,0.0,0.0,0.0
2022-01-21 16:10:18.009184,0.0,0.0,0.0
2022-01-21 16:10:18.504244,0.0,0.0,0.0
2022-01-21 16:10:19.002314,0.0,0.0,0.0
2022-01-21 16:10:19.508138,0.0,0.0,0.0
2022-01-21 16:10:20.004627,0.0,0.0,0.0
2022-01-21 16:10:20.509662,0.0,0.0,0.0
2022-01-21 16:10:21.009570,0.0,0.0,0.0
2022-01-21 16:10:21.505437,0.0,0.0,0.0
2022-01-21 16:10:22.005245,0.0,0.0,0.0
2022-01-21 16:10:22.503163,0.0,0.0,0.0
2022-01-21 16:10:23.010710,0.0,0.0,0.0
2022-01-21 16:10:23.506291,0.0,0.0,0.0
2022-01-21 16:10:24.003983,0.0,0.0,0.0
2022-01-21 16:10:24.508558,0.0,0.0,0.0
2022-01-21 16:10:25.005294,0.0,0.0,0.0
2022-01-21 16:10:25.510759,0.0,0.0,0.0
2022-01-21 16:10:26.007506,0.0,0.0,0.0
2022-01-21 16:10:26.502591,0.0,0.0,0.0
2022-01-21 16:10:27.010933,0.0,0.0,0.0
2022-01-21 16:10:27.507671,0.0,0.0,0.0
2022-01-21 16:10:28.003699,0.0,0.0,0.0
2022-01-21 16:10:28.509100,0.0,0.0,0.0
2022-01-21 16:10:29.008907,0.0,0.0,0.0
2022-01-21 16:10:29.504432,0.0,0.0,0.0
2022-01-21 16:10:30.003520,0.0,0.0,0.0
2022-01-21 16:10:30.509023,0.0,0.0,0.0
2022-01-21 16:10:31.007260,0.0,0.0,0.0
2022-01-21 16:10:31.503218,0.0,0.0,0.0
2022-01-21 16:10:32.010739,0.0,0.0,0.0
2022-01-21 16:10:32.506714,0.0,0.0,0.0
2022-01-21 16:10:33.004234,0.0,0.0,0.0
2022-01-21 16:10:33.509240,0.0,0.0,0.0
2022-01-21 16:10:34.007523,0.0,0.0,0.0
2022-01-21 16:10:34.504900,0.0,0.0,0.0
2022-01-21 16:10:35.003972,0.0,0.0,0.0
2022-01-21 16:10:35.509765,0.0,0.0,0.0
2022-01-21 16:10:36.008181,0.0,0.0,0.0
2022-01-21 16:10:36.502225,0.0,0.0,0.0
2022-01-21 16:10:37.009442,0.0,0.0,0.0
2022-01-21 16:10:37.504223,0.0,0.0,0.0
2022-01-21 16:10:38.001734,0.0,0.0,0.0
2022-01-21 16:10:38.507401,0.0,0.0,0.0
2022-01-21 16:10:39.007068,0.0,0.0,0.0
2022-01-21 16:10:39.502928,0.0,0.0,0.0
2022-01-21 16:10:40.010368,0.0,0.0,0.0
2022-01-21 16:10:40.503890,0.0,0.0,0.0
2022-01-21 16:10:41.003285,0.0,0.0,0.0
2022-01-21 16:10:41.509851,0.0,0.0,0.0
2022-01-21 16:10:42.008857,0.0,0.0,0.0
2022-01-21 16:10:42.503690,0.0,0.0,0.0
2022-01-21 16:10:43.002193,0.0,0.0,0.0
2022-01-21 16:10:43.510804,0.0,0.0,0.0
2022-01-21 16:10:44.009000,0.0,0.0,0.0
2022-01-21 16:10:44.502750,0.0,0.0,0.0
2022-01-21 16:10:45.010843,0.0,0.0,0.0
2022-01-21 16:10:45.504787,0.0,0.0,0.0
2022-01-21 16:10:46.003266,0.0,0.0,0.0
2022-01-21 16:10:46.509955,0.0,0.0,0.0
2022-01-21 16:10:47.008052,0.0,0.0,0.0
2022-01-21 16:10:47.502565,0.0,0.0,0.0
2022-01-21 16:10:48.004158,0.0,0.0,0.0
2022-01-21 16:10:48.508865,0.0,0.0,0.0
2022-01-21 16:10:49.008110,0.0,0.0,0.0
2022-01-21 16:10:49.502932,0.0,0.0,0.0
2022-01-21 16:10:50.010901,0.0,0.0,0.0
2022-01-21 16:10:50.506864,0.0,0.0,0.0
2022-01-21 16:10:51.004062,0.0,0.0,0.0
2022-01-21 16:10:51.508042,0.0,0.0,0.0
2022-01-21 16:10:52.006919,0.0,0.0,0.0
2022-01-21 16:10:52.504169,0.0,0.0,0.0
2022-01-21 16:10:53.011442,0.0,0.0,0.0
2022-01-21 16:10:53.506388,0.0,0.0,0.0
2022-01-21 16:10:54.003038,0.0,0.0,0.0
2022-01-21 16:10:54.508325,0.0,0.0,0.0
2022-01-21 16:10:55.005064,0.0,0.0,0.0
2022-01-21 16:10:55.504302,0.0,0.0,0.0
2022-01-21 16:10:56.001452,0.0,0.0,0.0
2022-01-21 16:10:56.506764,0.0,0.0,0.0
2022-01-21 16:10:57.005305,0.0,0.0,0.0
2022-01-21 16:10:57.503818,0.0,0.0,0.0
2022-01-21 16:10:58.001762,0.0,0.0,0.0
2022-01-21 16:10:58.506132,0.0,0.0,0.0
2022-01-21 16:10:59.004269,0.0,0.0,0.0
2022-01-21 16:10:59.508595,0.0,0.0,0.0
2022-01-21 16:11:00.005730,0.0,0.0,0.0
2022-01-21 16:11:00.501923,0.0,0.0,0.0
2022-01-21 16:11:01.010428,0.0,0.0,0.0
2022-01-21 16:11:01.504420,0.0,0.0,0.0
2022-01-21 16:11:02.002524,0.0,0.0,0.0
2022-01-21 16:11:02.507555,0.0,0.0,0.0
2022-01-21 16:11:03.004455,0.0,0.0,0.0
2022-01-21 16:11:03.510978,0.0,0.0,0.0
2022-01-21 16:11:04.009208,0.0,0.0,0.0
2022-01-21 16:11:04.506054,0.0,0.0,0.0
2022-01-21 16:11:05.008369,0.0,0.0,0.0
2022-01-21 16:11:05.506738,0.0,0.0,0.0
2022-01-21 16:11:06.007514,0.0,0.0,0.0
2022-01-21 16:11:06.505656,0.0,0.0,0.0
2022-01-21 16:11:07.002216,0.0,0.0,0.0
2022-01-21 16:11:07.509557,0.0,0.0,0.0
2022-01-21 16:11:08.003487,0.0,0.0,0.0
2022-01-21 16:11:08.508294,0.0,0.0,0.0
2022-01-21 16:11:09.005346,0.0,0.0,0.0
2022-01-21 16:11:09.502944,0.0,0.0,0.0
2022-01-21 16:11:10.002689,0.0,0.0,0.0
2022-01-21 16:11:10.509943,0.0,0.0,0.0
2022-01-21 16:11:11.006366,0.0,0.0,0.0
2022-01-21 16:11:11.501181,0.0,0.0,0.0
2022-01-21 16:11:12.010057,0.0,0.0,0.0
2022-01-21 16:11:12.502957,0.0,0.0,0.0
2022-01-21 16:11:13.010862,0.0,0.0,0.0
2022-01-21 16:11:13.507002,0.0,0.0,0.0
2022-01-21 16:11:14.005212,0.0,0.0,0.0
2022-01-21 16:11:14.501799,0.0,0.0,0.0
2022-01-21 16:11:15.001207,0.0,0.0,0.0
2022-01-21 16:11:15.506699,0.0,0.0,0.0
2022-01-21 16:11:16.004562,0.0,0.0,0.0
2022-01-21 16:11:16.510473,0.0,0.0,0.0
2022-01-21 16:11:17.007579,0.0,0.0,0.0
2022-01-21 16:11:17.502884,0.0,0.0,0.0
2022-01-21 16:11:18.505010,0.0,0.0,0.0
2022-01-21 16:11:19.002733,0.0,0.0,0.0
2022-01-21 16:11:19.510243,0.0,0.0,0.0
2022-01-21 16:11:20.008488,0.0,0.0,0.0
2022-01-21 16:11:20.503728,0.0,0.0,0.0
2022-01-21 16:11:21.002434,0.0,0.0,0.0
2022-01-21 16:11:21.507427,0.0,0.0,0.0
2022-01-21 16:11:22.005112,0.0,0.0,0.0
2022-01-21 16:11:22.509196,0.0,0.0,0.0
2022-01-21 16:11:23.007180,0.0,0.0,0.0
2022-01-21 16:11:23.502052,0.0,0.0,0.0
2022-01-21 16:11:24.002221,0.0,0.0,0.0
2022-01-21 16:11:24.508387,0.0,0.0,0.0
2022-01-21 16:11:25.007283,0.0,0.0,0.0
2022-01-21 16:11:25.503181,0.0,0.0,0.0
2022-01-21 16:11:26.010511,0.0,0.0,0.0
2022-01-21 16:11:26.504789,0.0,0.0,0.0
2022-01-21 16:11:27.002267,0.0,0.0,0.0
2022-01-21 16:11:27.506293,0.0,0.0,0.0
2022-01-21 16:11:28.004225,0.0,0.0,0.0
2022-01-21 16:11:28.507962,0.0,0.0,0.0
2022-01-21 16:11:29.007256,0.0,0.0,0.0
2022-01-21 16:11:29.501805,0.0,0.0,0.0
2022-01-21 16:11:30.005564,0.0,0.0,0.0
2022-01-21 16:11:30.501420,0.0,0.0,0.0
2022-01-21 16:11:31.008632,0.0,0.0,0.0
2022-01-21 16:11:31.502144,0.0,0.0,0.0
2022-01-21 16:11:32.010443,0.0,0.0,0.0
2022-01-21 16:11:32.504133,0.0,0.0,0.0
2022-01-21 16:11:33.003422,0.0,0.0,0.0
2022-01-21 16:11:33.509365,0.0,0.0,0.0
2022-01-21 16:11:34.006568,0.0,0.0,0.0
2022-01-21 16:11:34.502260,0.0,0.0,0.0
2022-01-21 16:11:35.009977,0.0,0.0,0.0
2022-01-21 16:11:35.504366,0.0,0.0,0.0
2022-01-21 16:11:36.002254,0.0,0.0,0.0
2022-01-21 16:11:36.506981,0.0,0.0,0.0
2022-01-21 16:11:37.007317,0.0,0.0,0.0
2022-01-21 16:11:37.504671,0.0,0.0,0.0
2022-01-21 16:11:38.003083,0.0,0.0,0.0
2022-01-21 16:11:38.508289,0.0,0.0,0.0
2022-01-21 16:11:39.006594,0.0,0.0,0.0
2022-01-21 16:11:39.502038,0.0,0.0,0.0
2022-01-21 16:11:40.010254,0.0,0.0,0.0
2022-01-21 16:11:40.506060,0.0,0.0,0.0
2022-01-21 16:11:41.005537,0.0,0.0,0.0
2022-01-21 16:11:41.510844,0.0,0.0,0.0
2022-01-21 16:11:42.010761,0.0,0.0,0.0
2022-01-21 16:11:42.506298,0.0,0.0,0.0
2022-01-21 16:11:43.007859,0.0,0.0,0.0
2022-01-21 16:11:43.510464,0.0,0.0,0.0
2022-01-21 16:11:44.007238,0.0,0.0,0.0
2022-01-21 16:11:44.502981,0.0,0.0,0.0
2022-01-21 16:11:45.010326,0.0,0.0,0.0
2022-01-21 16:11:45.505777,0.0,0.0,0.0
2022-01-21 16:11:46.003626,0.0,0.0,0.0
2022-01-21 16:11:46.501162,0.0,0.0,0.0
2022-01-21 16:11:47.009119,0.0,0.0,0.0
2022-01-21 16:11:47.504675,0.0,0.0,0.0
2022-01-21 16:11:48.003426,0.0,0.0,0.0
2022-01-21 16:11:48.508443,0.0,0.0,0.0
2022-01-21 16:11:49.006700,0.0,0.0,0.0
2022-01-21 16:11:49.502480,0.0,0.0,0.0
2022-01-21 16:11:50.009938,0.0,0.0,0.0
2022-01-21 16:11:50.505193,0.0,0.0,0.0
2022-01-21 16:11:51.004223,0.0,0.0,0.0
2022-01-21 16:11:51.510834,0.0,0.0,0.0
2022-01-21 16:11:52.008667,0.0,0.0,0.0
2022-01-21 16:11:52.503137,0.0,0.0,0.0
2022-01-21 16:11:53.002399,0.0,0.0,0.0
2022-01-21 16:11:53.508353,0.0,0.0,0.0
2022-01-21 16:11:54.006680,0.0,0.0,0.0
2022-01-21 16:11:54.501799,0.0,0.0,0.0
2022-01-21 16:11:55.009089,0.0,0.0,0.0
2022-01-21 16:11:55.504493,0.0,0.0,0.0
2022-01-21 16:11:56.001983,0.0,0.0,0.0
2022-01-21 16:11:56.504424,0.0,0.0,0.0
2022-01-21 16:11:57.001648,0.0,0.0,0.0
2022-01-21 16:11:57.507807,0.0,0.0,0.0
2022-01-21 16:11:58.005463,0.0,0.0,0.0
2022-01-21 16:11:58.511011,0.0,0.0,0.0
2022-01-21 16:11:59.007597,0.0,0.0,0.0
2022-01-21 16:11:59.501798,0.0,0.0,0.0
2022-01-21 16:12:00.010349,0.0,0.0,0.0
2022-01-21 16:12:00.503537,0.0,0.0,0.0
2022-01-21 16:12:01.001101,0.0,0.0,0.0
2022-01-21 16:12:01.504967,0.0,0.0,0.0
2022-01-21 16:12:02.009357,0.0,0.0,0.0
2022-01-21 16:12:02.502015,0.0,0.0,0.0
2022-01-21 16:12:03.009703,0.0,0.0,0.0
2022-01-21 16:12:03.504099,0.0,0.0,0.0
2022-01-21 16:12:04.001794,0.0,0.0,0.0
2022-01-21 16:12:04.506927,0.0,0.0,0.0
2022-01-21 16:12:05.007419,0.0,0.0,0.0
2022-01-21 16:12:05.504237,0.0,0.0,0.0
2022-01-21 16:12:06.001442,0.0,0.0,0.0
2022-01-21 16:12:06.506008,0.0,0.0,0.0
2022-01-21 16:12:07.005486,0.0,0.0,0.0
2022-01-21 16:12:07.511003,0.0,0.0,0.0
2022-01-21 16:12:08.009192,0.0,0.0,0.0
2022-01-21 16:12:08.505669,0.0,0.0,0.0
2022-01-21 16:12:09.003418,0.0,0.0,0.0
2022-01-21 16:12:09.509393,0.0,0.0,0.0
2022-01-21 16:12:10.008501,0.0,0.0,0.0
2022-01-21 16:12:10.503791,0.0,0.0,0.0
2022-01-21 16:12:11.009759,0.0,0.0,0.0
2022-01-21 16:12:11.505038,0.0,0.0,0.0
2022-01-21 16:12:12.002740,0.0,0.0,0.0
2022-01-21 16:12:12.507179,0.0,0.0,0.0
2022-01-21 16:12:13.004049,0.0,0.0,0.0
2022-01-21 16:12:13.509571,0.0,0.0,0.0
2022-01-21 16:12:14.007899,0.0,0.0,0.0
2022-01-21 16:12:14.507957,0.0,0.0,0.0
2022-01-21 16:12:15.004759,0.0,0.0,0.0
2022-01-21 16:12:15.510515,0.0,0.0,0.0
2022-01-21 16:12:16.008050,0.0,0.0,0.0
2022-01-21 16:12:16.501981,0.0,0.0,0.0
2022-01-21 16:12:17.010874,0.0,0.0,0.0
2022-01-21 16:12:17.508004,0.0,0.0,0.0
2022-01-21 16:12:18.005836,0.0,0.0,0.0
2022-01-21 16:12:18.501128,0.0,0.0,0.0
2022-01-21 16:12:19.010496,0.0,0.0,0.0
2022-01-21 16:12:19.507398,0.0,0.0,0.0
2022-01-21 16:12:20.005358,0.0,0.0,0.0
2022-01-21 16:12:20.510586,0.0,0.0,0.0
2022-01-21 16:12:21.008690,0.0,0.0,0.0
2022-01-21 16:12:21.509145,0.0,0.0,0.0
2022-01-21 16:12:22.007223,0.0,0.0,0.0
2022-01-21 16:12:22.502818,0.0,0.0,0.0
2022-01-21 16:12:23.003776,0.0,0.0,0.0
2022-01-21 16:12:23.508711,0.0,0.0,0.0
2022-01-21 16:12:24.007489,0.0,0.0,0.0
2022-01-21 16:12:24.503343,0.0,0.0,0.0
2022-01-21 16:12:25.003954,0.0,0.0,0.0
2022-01-21 16:12:25.509991,0.0,0.0,0.0
2022-01-21 16:12:26.008015,0.0,0.0,0.0
2022-01-21 16:12:26.503746,0.0,0.0,0.0
2022-01-21 16:12:27.002711,0.0,0.0,0.0
2022-01-21 16:12:27.508893,0.0,0.0,0.0
2022-01-21 16:12:28.008067,0.0,0.0,0.0
2022-01-21 16:12:28.502126,0.0,0.0,0.0
2022-01-21 16:12:29.009612,0.0,0.0,0.0
2022-01-21 16:12:29.505291,0.0,0.0,0.0
2022-01-21 16:12:30.003134,0.0,0.0,0.0
2022-01-21 16:12:30.510891,0.0,0.0,0.0
2022-01-21 16:12:31.008187,0.0,0.0,0.0
2022-01-21 16:12:31.503221,0.0,0.0,0.0
2022-01-21 16:12:32.003771,0.0,0.0,0.0
2022-01-21 16:12:32.511152,0.0,0.0,0.0
2022-01-21 16:12:33.010444,0.0,0.0,0.0
2022-01-21 16:12:33.506385,0.0,0.0,0.0
2022-01-21 16:12:34.003514,0.0,0.0,0.0
2022-01-21 16:12:34.509007,0.0,0.0,0.0
2022-01-21 16:12:35.006362,0.0,0.0,0.0
2022-01-21 16:12:35.501823,0.0,0.0,0.0
2022-01-21 16:12:36.011000,0.0,0.0,0.0
2022-01-21 16:12:36.506613,0.0,0.0,0.0
2022-01-21 16:12:37.004802,0.0,0.0,0.0
2022-01-21 16:12:37.510407,0.0,0.0,0.0
2022-01-21 16:12:38.007918,0.0,0.0,0.0
2022-01-21 16:12:38.504053,0.0,0.0,0.0
2022-01-21 16:12:39.002012,0.0,0.0,0.0
2022-01-21 16:12:39.507804,0.0,0.0,0.0
2022-01-21 16:12:40.006994,0.0,0.0,0.0
2022-01-21 16:12:40.502507,0.0,0.0,0.0
2022-01-21 16:12:41.010452,0.0,0.0,0.0
2022-01-21 16:12:41.504128,0.0,0.0,0.0
2022-01-21 16:12:42.002612,0.0,0.0,0.0
2022-01-21 16:12:42.507239,0.0,0.0,0.0
2022-01-21 16:12:43.004682,0.0,0.0,0.0
2022-01-21 16:12:43.509789,0.0,0.0,0.0
2022-01-21 16:12:44.007538,0.0,0.0,0.0
2022-01-21 16:12:44.503305,0.0,0.0,0.0
2022-01-21 16:12:45.002304,0.0,0.0,0.0
2022-01-21 16:12:45.509841,0.0,0.0,0.0
2022-01-21 16:12:46.007490,0.0,0.0,0.0
2022-01-21 16:12:46.502947,0.0,0.0,0.0
2022-01-21 16:12:47.010581,0.0,0.0,0.0
2022-01-21 16:12:47.506878,0.0,0.0,0.0
2022-01-21 16:12:48.005172,0.0,0.0,0.0
2022-01-21 16:12:48.501446,0.0,0.0,0.0
2022-01-21 16:12:49.001955,0.0,0.0,0.0
2022-01-21 16:12:49.508482,0.0,0.0,0.0
2022-01-21 16:12:50.006922,0.0,0.0,0.0
2022-01-21 16:12:50.502837,0.0,0.0,0.0
2022-01-21 16:12:51.002528,0.0,0.0,0.0
2022-01-21 16:12:51.507454,0.0,0.0,0.0
2022-01-21 16:12:52.006206,0.0,0.0,0.0
2022-01-21 16:12:52.510991,0.0,0.0,0.0
2022-01-21 16:12:53.009805,0.0,0.0,0.0
2022-01-21 16:12:53.504370,0.0,0.0,0.0
2022-01-21 16:12:54.002388,0.0,0.0,0.0
2022-01-21 16:12:54.509506,0.0,0.0,0.0
2022-01-21 16:12:55.006467,0.0,0.0,0.0
2022-01-21 16:12:55.510709,0.0,0.0,0.0
2022-01-21 16:12:56.009394,0.0,0.0,0.0
2022-01-21 16:12:56.505451,0.0,0.0,0.0
2022-01-21 16:12:57.004099,0.0,0.0,0.0
2022-01-21 16:12:57.510180,0.0,0.0,0.0
2022-01-21 16:12:58.007661,0.0,0.0,0.0
2022-01-21 16:12:58.501679,0.0,0.0,0.0
2022-01-21 16:12:59.011117,0.0,0.0,0.0
2022-01-21 16:12:59.506423,0.0,0.0,0.0
2022-01-21 16:13:00.003475,0.0,0.0,0.0
2022-01-21 16:13:00.506432,0.0,0.0,0.0
2022-01-21 16:13:01.004739,0.0,0.0,0.0
2022-01-21 16:13:01.501242,0.0,0.0,0.0
2022-01-21 16:13:02.010366,0.0,0.0,0.0
2022-01-21 16:13:02.507252,0.0,0.0,0.0
2022-01-21 16:13:03.006053,0.0,0.0,0.0
2022-01-21 16:13:03.502701,0.0,0.0,0.0
2022-01-21 16:13:04.007696,0.0,0.0,0.0
2022-01-21 16:13:04.503480,0.0,0.0,0.0
2022-01-21 16:13:05.001135,0.0,0.0,0.0
2022-01-21 16:13:05.506593,0.0,0.0,0.0
2022-01-21 16:13:06.003865,0.0,0.0,0.0
2022-01-21 16:13:06.509846,0.0,0.0,0.0
2022-01-21 16:13:07.008268,0.0,0.0,0.0
2022-01-21 16:13:07.505003,0.0,0.0,0.0
2022-01-21 16:13:08.003191,0.0,0.0,0.0
2022-01-21 16:13:08.508142,0.0,0.0,0.0
2022-01-21 16:13:09.005473,0.0,0.0,0.0
2022-01-21 16:13:09.501768,0.0,0.0,0.0
2022-01-21 16:13:10.010326,0.0,0.0,0.0
2022-01-21 16:13:10.504121,0.0,0.0,0.0
2022-01-21 16:13:11.008849,0.0,0.0,0.0
2022-01-21 16:13:11.505666,0.0,0.0,0.0
2022-01-21 16:13:12.002944,0.0,0.0,0.0
2022-01-21 16:13:12.508853,0.0,0.0,0.0
2022-01-21 16:13:13.007371,0.0,0.0,0.0
2022-01-21 16:13:13.502486,0.0,0.0,0.0
2022-01-21 16:13:14.002287,0.0,0.0,0.0
2022-01-21 16:13:14.509036,0.0,0.0,0.0
2022-01-21 16:13:15.006939,0.0,0.0,0.0
2022-01-21 16:13:15.502575,0.0,0.0,0.0
2022-01-21 16:13:16.010065,0.0,0.0,0.0
2022-01-21 16:13:16.506218,0.0,0.0,0.0
2022-01-21 16:13:17.003426,0.0,0.0,0.0
2022-01-21 16:13:17.507890,0.0,0.0,0.0
2022-01-21 16:13:18.005416,0.0,0.0,0.0
2022-01-21 16:13:18.503944,0.0,0.0,0.0
2022-01-21 16:13:19.001690,0.0,0.0,0.0
2022-01-21 16:13:19.507844,0.0,0.0,0.0
2022-01-21 16:13:20.005539,0.0,0.0,0.0
2022-01-21 16:13:20.510877,0.0,0.0,0.0
2022-01-21 16:13:21.010157,0.0,0.0,0.0
2022-01-21 16:13:21.507566,0.0,0.0,0.0
2022-01-21 16:13:22.003432,0.0,0.0,0.0
2022-01-21 16:13:22.508725,0.0,0.0,0.0
2022-01-21 16:13:23.006732,0.0,0.0,0.0
2022-01-21 16:13:23.501170,0.0,0.0,0.0
2022-01-21 16:13:24.010349,0.0,0.0,0.0
2022-01-21 16:13:24.505403,0.0,0.0,0.0
2022-01-21 16:13:25.002392,0.0,0.0,0.0
2022-01-21 16:13:25.509769,0.0,0.0,0.0
2022-01-21 16:13:26.007276,0.0,0.0,0.0
2022-01-21 16:13:26.501752,0.0,0.0,0.0
2022-01-21 16:13:27.010946,0.0,0.0,0.0
2022-01-21 16:13:27.506813,0.0,0.0,0.0
2022-01-21 16:13:28.004833,0.0,0.0,0.0
2022-01-21 16:13:28.509502,0.0,0.0,0.0
2022-01-21 16:13:29.007157,0.0,0.0,0.0
2022-01-21 16:13:29.503389,0.0,0.0,0.0
2022-01-21 16:13:30.008648,0.0,0.0,0.0
2022-01-21 16:13:30.507238,0.0,0.0,0.0
2022-01-21 16:13:31.005894,0.0,0.0,0.0
2022-01-21 16:13:31.502239,0.0,0.0,0.0
2022-01-21 16:13:32.010572,0.0,0.0,0.0
2022-01-21 16:13:32.504707,0.0,0.0,0.0
2022-01-21 16:13:33.003411,0.0,0.0,0.0
2022-01-21 16:13:33.510405,0.0,0.0,0.0
2022-01-21 16:13:34.008612,0.0,0.0,0.0
2022-01-21 16:13:34.505351,0.0,0.0,0.0
2022-01-21 16:13:35.004151,0.0,0.0,0.0
2022-01-21 16:13:35.511138,0.0,0.0,0.0
2022-01-21 16:13:36.009707,0.0,0.0,0.0
2022-01-21 16:13:36.504384,0.0,0.0,0.0
2022-01-21 16:13:37.001951,0.0,0.0,0.0
2022-01-21 16:13:37.509566,0.0,0.0,0.0
2022-01-21 16:13:38.008716,0.0,0.0,0.0
2022-01-21 16:13:38.503502,0.0,0.0,0.0
2022-01-21 16:13:39.009007,0.0,0.0,0.0
2022-01-21 16:13:39.504178,0.0,0.0,0.0
2022-01-21 16:13:40.001377,0.0,0.0,0.0
2022-01-21 16:13:40.506222,0.0,0.0,0.0
2022-01-21 16:13:41.004297,0.0,0.0,0.0
2022-01-21 16:13:41.509884,0.0,0.0,0.0
2022-01-21 16:13:42.007903,0.0,0.0,0.0
2022-01-21 16:13:42.503622,0.0,0.0,0.0
2022-01-21 16:13:43.002026,0.0,0.0,0.0
2022-01-21 16:13:43.510900,0.0,0.0,0.0
2022-01-21 16:13:44.011116,0.0,0.0,0.0
2022-01-21 16:13:44.505275,0.0,0.0,0.0
2022-01-21 16:13:45.003439,0.0,0.0,0.0
2022-01-21 16:13:45.508574,0.0,0.0,0.0
2022-01-21 16:13:46.006867,0.0,0.0,0.0
2022-01-21 16:13:46.502828,0.0,0.0,0.0
2022-01-21 16:13:47.010482,0.0,0.0,0.0
2022-01-21 16:13:47.505270,0.0,0.0,0.0
2022-01-21 16:13:48.003498,0.0,0.0,0.0
2022-01-21 16:13:48.501320,0.0,0.0,0.0
2022-01-21 16:13:49.009681,0.0,0.0,0.0
2022-01-21 16:13:49.502494,0.0,0.0,0.0
2022-01-21 16:13:50.009620,0.0,0.0,0.0
2022-01-21 16:13:50.505208,0.0,0.0,0.0
2022-01-21 16:13:51.003808,0.0,0.0,0.0
2022-01-21 16:13:51.508574,0.0,0.0,0.0
2022-01-21 16:13:52.007493,0.0,0.0,0.0
2022-01-21 16:13:52.504326,0.0,0.0,0.0
2022-01-21 16:13:53.002037,0.0,0.0,0.0
2022-01-21 16:13:53.508220,0.0,0.0,0.0
2022-01-21 16:13:54.005563,0.0,0.0,0.0
2022-01-21 16:13:54.503411,0.0,0.0,0.0
2022-01-21 16:13:55.002899,0.0,0.0,0.0
2022-01-21 16:13:55.507534,0.0,0.0,0.0
2022-01-21 16:13:56.005698,0.0,0.0,0.0
2022-01-21 16:13:56.510849,0.0,0.0,0.0
2022-01-21 16:13:57.009666,0.0,0.0,0.0
2022-01-21 16:13:57.505943,0.0,0.0,0.0
2022-01-21 16:13:58.002754,0.0,0.0,0.0
2022-01-21 16:13:58.508649,0.0,0.0,0.0
2022-01-21 16:13:59.006286,0.0,0.0,0.0
2022-01-21 16:13:59.501882,0.0,0.0,0.0
2022-01-21 16:14:00.010582,0.0,0.0,0.0
2022-01-21 16:14:00.504432,0.0,0.0,0.0
2022-01-21 16:14:01.004188,0.0,0.0,0.0
2022-01-21 16:14:01.509772,0.0,0.0,0.0
2022-01-21 16:14:02.008532,0.0,0.0,0.0
2022-01-21 16:14:02.504779,0.0,0.0,0.0
2022-01-21 16:14:03.009963,0.0,0.0,0.0
2022-01-21 16:14:03.506989,0.0,0.0,0.0
2022-01-21 16:14:04.007056,0.0,0.0,0.0
2022-01-21 16:14:04.502780,0.0,0.0,0.0
2022-01-21 16:14:05.002076,0.0,0.0,0.0
2022-01-21 16:14:05.509469,0.0,0.0,0.0
2022-01-21 16:14:06.005747,0.0,0.0,0.0
2022-01-21 16:14:06.510530,0.0,0.0,0.0
2022-01-21 16:14:07.007034,0.0,0.0,0.0
2022-01-21 16:14:07.501785,0.0,0.0,0.0
2022-01-21 16:14:08.010601,0.0,0.0,0.0
2022-01-21 16:14:08.505057,0.0,0.0,0.0
2022-01-21 16:14:09.003599,0.0,0.0,0.0
2022-01-21 16:14:09.508093,0.0,0.0,0.0
2022-01-21 16:14:10.006800,0.0,0.0,0.0
2022-01-21 16:14:10.501916,0.0,0.0,0.0
2022-01-21 16:14:11.006221,0.0,0.0,0.0
2022-01-21 16:14:11.501183,0.0,0.0,0.0
2022-01-21 16:14:12.010947,0.0,0.0,0.0
2022-01-21 16:14:12.506168,0.0,0.0,0.0
2022-01-21 16:14:13.003619,0.0,0.0,0.0
2022-01-21 16:14:13.508627,0.0,0.0,0.0
2022-01-21 16:14:14.008374,0.0,0.0,0.0
2022-01-21 16:14:15.005562,0.0,0.0,0.0
2022-01-21 16:14:16.005495,0.0,0.0,0.0
2022-01-21 16:14:16.501743,0.0,0.0,0.0
2022-01-21 16:14:17.010332,0.0,0.0,0.0
2022-01-21 16:14:17.504466,0.0,0.0,0.0
2022-01-21 16:14:18.001249,0.0,0.0,0.0
2022-01-21 16:14:18.506804,0.0,0.0,0.0
2022-01-21 16:14:19.007875,0.0,0.0,0.0
2022-01-21 16:14:19.503387,0.0,0.0,0.0
2022-01-21 16:14:20.010782,0.0,0.0,0.0
2022-01-21 16:14:20.506125,0.0,0.0,0.0
2022-01-21 16:14:21.003317,0.0,0.0,0.0
2022-01-21 16:14:21.508837,0.0,0.0,0.0
2022-01-21 16:14:22.008325,0.0,0.0,0.0
2022-01-21 16:14:22.502403,0.0,0.0,0.0
2022-01-21 16:14:23.010941,0.0,0.0,0.0
2022-01-21 16:14:23.507367,0.0,0.0,0.0
2022-01-21 16:14:24.007614,0.0,0.0,0.0
2022-01-21 16:14:24.504071,0.0,0.0,0.0
2022-01-21 16:14:25.002480,0.0,0.0,0.0
2022-01-21 16:14:25.510307,0.0,0.0,0.0
2022-01-21 16:14:26.007188,0.0,0.0,0.0
2022-01-21 16:14:26.503305,0.0,0.0,0.0
2022-01-21 16:14:27.011236,0.0,0.0,0.0
2022-01-21 16:14:27.506163,0.0,0.0,0.0
2022-01-21 16:14:28.003955,0.0,0.0,0.0
2022-01-21 16:14:28.508605,0.0,0.0,0.0
2022-01-21 16:14:29.007834,0.0,0.0,0.0
2022-01-21 16:14:29.503054,0.0,0.0,0.0
2022-01-21 16:14:30.002667,0.0,0.0,0.0
2022-01-21 16:14:30.509711,0.0,0.0,0.0
2022-01-21 16:14:31.007929,0.0,0.0,0.0
2022-01-21 16:14:31.505868,0.0,0.0,0.0
2022-01-21 16:14:32.004677,0.0,0.0,0.0
2022-01-21 16:14:32.503120,0.0,0.0,0.0
2022-01-21 16:14:33.010282,0.0,0.0,0.0
2022-01-21 16:14:33.507122,0.0,0.0,0.0
2022-01-21 16:14:34.005741,0.0,0.0,0.0
2022-01-21 16:14:34.501985,0.0,0.0,0.0
2022-01-21 16:14:35.009153,0.0,0.0,0.0
2022-01-21 16:14:35.505038,0.0,0.0,0.0
2022-01-21 16:14:36.003912,0.0,0.0,0.0
2022-01-21 16:14:36.508371,0.0,0.0,0.0
2022-01-21 16:14:37.008413,0.0,0.0,0.0
2022-01-21 16:14:37.503274,0.0,0.0,0.0
2022-01-21 16:14:38.001795,0.0,0.0,0.0
2022-01-21 16:14:38.507742,0.0,0.0,0.0
2022-01-21 16:14:39.005342,0.0,0.0,0.0
2022-01-21 16:14:39.509153,0.0,0.0,0.0
2022-01-21 16:14:40.006604,0.0,0.0,0.0
2022-01-21 16:14:40.511204,0.0,0.0,0.0
2022-01-21 16:14:41.010083,0.0,0.0,0.0
2022-01-21 16:14:41.506045,0.0,0.0,0.0
2022-01-21 16:14:42.003862,0.0,0.0,0.0
2022-01-21 16:14:42.509795,0.0,0.0,0.0
2022-01-21 16:14:43.009317,0.0,0.0,0.0
2022-01-21 16:14:43.504811,0.0,0.0,0.0
2022-01-21 16:14:44.002423,0.0,0.0,0.0
2022-01-21 16:14:44.507042,0.0,0.0,0.0
2022-01-21 16:14:45.006351,0.0,0.0,0.0
2022-01-21 16:14:45.502501,0.0,0.0,0.0
2022-01-21 16:14:46.001811,0.0,0.0,0.0
2022-01-21 16:14:46.509080,0.0,0.0,0.0
2022-01-21 16:14:47.008233,0.0,0.0,0.0
2022-01-21 16:14:47.503923,0.0,0.0,0.0
2022-01-21 16:14:48.002511,0.0,0.0,0.0
2022-01-21 16:14:48.508513,0.0,0.0,0.0
2022-01-21 16:14:49.005993,0.0,0.0,0.0
2022-01-21 16:14:49.501115,0.0,0.0,0.0
2022-01-21 16:14:50.009899,0.0,0.0,0.0
2022-01-21 16:14:50.507320,0.0,0.0,0.0
2022-01-21 16:14:51.005833,0.0,0.0,0.0
2022-01-21 16:14:51.510970,0.0,0.0,0.0
2022-01-21 16:14:52.010630,0.0,0.0,0.0
2022-01-21 16:14:52.506428,0.0,0.0,0.0
2022-01-21 16:14:53.005493,0.0,0.0,0.0
2022-01-21 16:14:53.503947,0.0,0.0,0.0
2022-01-21 16:14:54.010657,0.0,0.0,0.0
2022-01-21 16:14:54.505630,0.0,0.0,0.0
2022-01-21 16:14:55.009703,0.0,0.0,0.0
2022-01-21 16:14:55.503281,0.0,0.0,0.0
2022-01-21 16:14:56.003628,0.0,0.0,0.0
2022-01-21 16:14:56.502565,0.0,0.0,0.0
2022-01-21 16:14:57.002810,0.0,0.0,0.0
2022-01-21 16:14:57.507328,0.0,0.0,0.0
2022-01-21 16:14:58.005420,0.0,0.0,0.0
2022-01-21 16:14:58.510915,0.0,0.0,0.0
2022-01-21 16:14:59.009874,0.0,0.0,0.0
2022-01-21 16:14:59.505980,0.0,0.0,0.0
2022-01-21 16:15:00.003310,0.0,0.0,0.0
2022-01-21 16:15:00.510316,0.0,0.0,0.0
2022-01-21 16:15:01.010817,0.0,0.0,0.0
2022-01-21 16:15:01.509881,0.0,0.0,0.0
2022-01-21 16:15:02.009026,0.0,0.0,0.0
2022-01-21 16:15:02.506953,0.0,0.0,0.0
2022-01-21 16:15:03.007206,0.0,0.0,0.0
2022-01-21 16:15:03.504208,0.0,0.0,0.0
2022-01-21 16:15:04.005709,0.0,0.0,0.0
2022-01-21 16:15:04.510336,0.0,0.0,0.0
2022-01-21 16:15:05.002871,0.0,0.0,0.0
2022-01-21 16:15:05.504641,0.0,0.0,0.0
2022-01-21 16:15:06.001987,0.0,0.0,0.0
2022-01-21 16:15:06.501511,0.0,0.0,0.0
2022-01-21 16:15:07.009871,0.0,0.0,0.0
2022-01-21 16:15:07.510082,0.0,0.0,0.0
2022-01-21 16:15:08.010354,0.0,0.0,0.0
2022-01-21 16:15:08.506109,0.0,0.0,0.0
2022-01-21 16:15:09.003188,0.0,0.0,0.0
2022-01-21 16:15:09.501557,0.0,0.0,0.0
2022-01-21 16:15:10.010596,0.0,0.0,0.0
2022-01-21 16:15:10.505967,0.0,0.0,0.0
2022-01-21 16:15:11.009550,0.0,0.0,0.0
2022-01-21 16:15:11.504656,0.0,0.0,0.0
2022-01-21 16:15:12.002510,0.0,0.0,0.0
2022-01-21 16:15:12.506575,0.0,0.0,0.0
2022-01-21 16:15:13.004632,0.0,0.0,0.0
2022-01-21 16:15:13.510584,0.0,0.0,0.0
2022-01-21 16:15:14.009214,0.0,0.0,0.0
2022-01-21 16:15:14.505382,0.0,0.0,0.0
2022-01-21 16:15:15.003181,0.0,0.0,0.0
2022-01-21 16:15:15.506763,0.0,0.0,0.0
2022-01-21 16:15:16.004873,0.0,0.0,0.0
2022-01-21 16:15:16.509840,0.0,0.0,0.0
2022-01-21 16:15:17.007827,0.0,0.0,0.0
2022-01-21 16:15:17.503606,0.0,0.0,0.0
2022-01-21 16:15:18.002491,0.0,0.0,0.0
2022-01-21 16:15:18.507600,0.0,0.0,0.0
2022-01-21 16:15:19.007136,0.0,0.0,0.0
2022-01-21 16:15:19.501406,0.0,0.0,0.0
2022-01-21 16:15:20.011112,0.0,0.0,0.0
2022-01-21 16:15:20.506241,0.0,0.0,0.0
2022-01-21 16:15:21.003431,0.0,0.0,0.0
2022-01-21 16:15:21.509888,0.0,0.0,0.0
2022-01-21 16:15:22.008289,0.0,0.0,0.0
2022-01-21 16:15:22.502294,0.0,0.0,0.0
2022-01-21 16:15:23.001513,0.0,0.0,0.0
2022-01-21 16:15:23.508082,0.0,0.0,0.0
2022-01-21 16:15:24.006436,0.0,0.0,0.0
2022-01-21 16:15:24.511005,0.0,0.0,0.0
2022-01-21 16:15:25.010208,0.0,0.0,0.0
2022-01-21 16:15:25.504455,0.0,0.0,0.0
2022-01-21 16:15:26.004975,0.0,0.0,0.0
2022-01-21 16:15:26.509871,0.0,0.0,0.0
2022-01-21 16:15:27.007938,0.0,0.0,0.0
2022-01-21 16:15:27.505272,0.0,0.0,0.0
2022-01-21 16:15:28.003235,0.0,0.0,0.0
2022-01-21 16:15:28.510600,0.0,0.0,0.0
2022-01-21 16:15:29.008086,0.0,0.0,0.0
2022-01-21 16:15:29.504573,0.0,0.0,0.0
2022-01-21 16:15:30.002347,0.0,0.0,0.0
2022-01-21 16:15:30.507652,0.0,0.0,0.0
2022-01-21 16:15:31.006408,0.0,0.0,0.0
2022-01-21 16:15:31.502437,0.0,0.0,0.0
2022-01-21 16:15:32.001185,0.0,0.0,0.0
2022-01-21 16:15:32.506959,0.0,0.0,0.0
2022-01-21 16:15:33.005645,0.0,0.0,0.0
2022-01-21 16:15:33.510387,0.0,0.0,0.0
2022-01-21 16:15:34.009712,0.0,0.0,0.0
2022-01-21 16:15:34.504739,0.0,0.0,0.0
2022-01-21 16:15:35.002709,0.0,0.0,0.0
2022-01-21 16:15:35.509318,0.0,0.0,0.0
2022-01-21 16:15:36.007637,0.0,0.0,0.0
2022-01-21 16:15:36.503543,0.0,0.0,0.0
2022-01-21 16:15:37.001657,0.0,0.0,0.0
2022-01-21 16:15:37.507488,0.0,0.0,0.0
2022-01-21 16:15:38.006748,0.0,0.0,0.0
2022-01-21 16:15:38.511198,0.0,0.0,0.0
2022-01-21 16:15:39.009931,0.0,0.0,0.0
2022-01-21 16:15:39.505819,0.0,0.0,0.0
2022-01-21 16:15:40.004100,0.0,0.0,0.0
2022-01-21 16:15:40.509371,0.0,0.0,0.0
2022-01-21 16:15:41.008554,0.0,0.0,0.0
2022-01-21 16:15:41.504189,0.0,0.0,0.0
2022-01-21 16:15:42.002081,0.0,0.0,0.0
2022-01-21 16:15:42.507255,0.0,0.0,0.0
2022-01-21 16:15:43.004478,0.0,0.0,0.0
2022-01-21 16:15:43.504645,0.0,0.0,0.0
2022-01-21 16:15:44.003183,0.0,0.0,0.0
2022-01-21 16:15:44.507338,0.0,0.0,0.0
2022-01-21 16:15:45.006062,0.0,0.0,0.0
2022-01-21 16:15:45.501106,0.0,0.0,0.0
2022-01-21 16:15:46.009200,0.0,0.0,0.0
2022-01-21 16:15:46.504988,0.0,0.0,0.0
2022-01-21 16:15:47.003041,0.0,0.0,0.0
2022-01-21 16:15:47.507788,0.0,0.0,0.0
2022-01-21 16:15:48.005880,0.0,0.0,0.0
2022-01-21 16:15:48.503322,0.0,0.0,0.0
2022-01-21 16:15:49.011209,0.0,0.0,0.0
2022-01-21 16:15:49.506369,0.0,0.0,0.0
2022-01-21 16:15:50.003309,0.0,0.0,0.0
2022-01-21 16:15:50.507388,0.0,0.0,0.0
2022-01-21 16:15:51.006345,0.0,0.0,0.0
2022-01-21 16:15:51.503174,0.0,0.0,0.0
2022-01-21 16:15:52.010511,0.0,0.0,0.0
2022-01-21 16:15:52.505706,0.0,0.0,0.0
2022-01-21 16:15:53.004887,0.0,0.0,0.0
2022-01-21 16:15:53.510842,0.0,0.0,0.0
2022-01-21 16:15:54.008051,0.0,0.0,0.0
2022-01-21 16:15:54.502823,0.0,0.0,0.0
2022-01-21 16:15:55.001541,0.0,0.0,0.0
2022-01-21 16:15:55.507204,0.0,0.0,0.0
2022-01-21 16:15:56.005995,0.0,0.0,0.0
2022-01-21 16:15:56.501752,0.0,0.0,0.0
2022-01-21 16:15:57.001084,0.0,0.0,0.0
2022-01-21 16:15:57.506817,0.0,0.0,0.0
2022-01-21 16:15:58.005141,0.0,0.0,0.0
2022-01-21 16:15:58.510699,0.0,0.0,0.0
2022-01-21 16:15:59.008202,0.0,0.0,0.0
2022-01-21 16:15:59.502399,0.0,0.0,0.0
2022-01-21 16:16:00.010399,0.0,0.0,0.0
2022-01-21 16:16:00.501781,0.0,0.0,0.0
2022-01-21 16:16:01.010155,0.0,0.0,0.0
2022-01-21 16:16:01.504593,0.0,0.0,0.0
2022-01-21 16:16:02.003913,0.0,0.0,0.0
2022-01-21 16:16:02.504350,0.0,0.0,0.0
2022-01-21 16:16:03.002385,0.0,0.0,0.0
2022-01-21 16:16:03.508866,0.0,0.0,0.0
2022-01-21 16:16:04.007674,0.0,0.0,0.0
2022-01-21 16:16:04.501505,0.0,0.0,0.0
2022-01-21 16:16:05.010328,0.0,0.0,0.0
2022-01-21 16:16:05.504626,0.0,0.0,0.0
2022-01-21 16:16:06.002357,0.0,0.0,0.0
2022-01-21 16:16:06.509680,0.0,0.0,0.0
2022-01-21 16:16:07.007342,0.0,0.0,0.0
2022-01-21 16:16:07.502936,0.0,0.0,0.0
2022-01-21 16:16:08.010181,0.0,0.0,0.0
2022-01-21 16:16:08.504457,0.0,0.0,0.0
2022-01-21 16:16:09.003206,0.0,0.0,0.0
2022-01-21 16:16:09.507367,0.0,0.0,0.0
2022-01-21 16:16:10.006782,0.0,0.0,0.0
2022-01-21 16:16:10.501614,0.0,0.0,0.0
2022-01-21 16:16:11.011154,0.0,0.0,0.0
2022-01-21 16:16:11.506741,0.0,0.0,0.0
2022-01-21 16:16:12.004935,0.0,0.0,0.0
2022-01-21 16:16:12.509626,0.0,0.0,0.0
2022-01-21 16:16:13.007375,0.0,0.0,0.0
2022-01-21 16:16:13.502424,0.0,0.0,0.0
2022-01-21 16:16:14.010577,0.0,0.0,0.0
2022-01-21 16:16:14.505717,0.0,0.0,0.0
2022-01-21 16:16:15.002792,0.0,0.0,0.0
2022-01-21 16:16:15.509426,0.0,0.0,0.0
2022-01-21 16:16:16.006828,0.0,0.0,0.0
2022-01-21 16:16:16.502674,0.0,0.0,0.0
2022-01-21 16:16:17.011209,0.0,0.0,0.0
2022-01-21 16:16:17.505263,0.0,0.0,0.0
2022-01-21 16:16:18.004026,0.0,0.0,0.0
2022-01-21 16:16:18.509099,0.0,0.0,0.0
2022-01-21 16:16:19.006433,0.0,0.0,0.0
2022-01-21 16:16:19.501710,0.0,0.0,0.0
2022-01-21 16:16:20.010776,0.0,0.0,0.0
2022-01-21 16:16:20.505526,0.0,0.0,0.0
2022-01-21 16:16:21.003399,0.0,0.0,0.0
2022-01-21 16:16:21.509115,0.0,0.0,0.0
2022-01-21 16:16:22.006720,0.0,0.0,0.0
2022-01-21 16:16:22.502819,0.0,0.0,0.0
2022-01-21 16:16:23.004426,0.0,0.0,0.0
2022-01-21 16:16:23.511103,0.0,0.0,0.0
2022-01-21 16:16:24.010057,0.0,0.0,0.0
2022-01-21 16:16:24.506257,0.0,0.0,0.0
2022-01-21 16:16:25.004588,0.0,0.0,0.0
2022-01-21 16:16:25.510315,0.0,0.0,0.0
2022-01-21 16:16:26.007792,0.0,0.0,0.0
2022-01-21 16:16:26.502789,0.0,0.0,0.0
2022-01-21 16:16:27.010201,0.0,0.0,0.0
2022-01-21 16:16:27.508891,0.0,0.0,0.0
2022-01-21 16:16:28.007276,0.0,0.0,0.0
2022-01-21 16:16:28.502681,0.0,0.0,0.0
2022-01-21 16:16:29.001629,0.0,0.0,0.0
2022-01-21 16:16:29.507936,0.0,0.0,0.0
2022-01-21 16:16:30.006709,0.0,0.0,0.0
2022-01-21 16:16:30.501431,0.0,0.0,0.0
2022-01-21 16:16:31.009900,0.0,0.0,0.0
2022-01-21 16:16:31.503763,0.0,0.0,0.0
2022-01-21 16:16:32.001700,0.0,0.0,0.0
2022-01-21 16:16:32.506085,0.0,0.0,0.0
2022-01-21 16:16:33.005489,0.0,0.0,0.0
2022-01-21 16:16:33.510441,0.0,0.0,0.0
2022-01-21 16:16:34.008459,0.0,0.0,0.0
2022-01-21 16:16:34.502802,0.0,0.0,0.0
2022-01-21 16:16:35.010501,0.0,0.0,0.0
2022-01-21 16:16:35.505145,0.0,0.0,0.0
2022-01-21 16:16:36.003771,0.0,0.0,0.0
2022-01-21 16:16:36.509740,0.0,0.0,0.0
2022-01-21 16:16:37.006833,0.0,0.0,0.0
2022-01-21 16:16:37.503553,0.0,0.0,0.0
2022-01-21 16:16:38.001073,0.0,0.0,0.0
2022-01-21 16:16:38.506912,0.0,0.0,0.0
2022-01-21 16:16:39.005399,0.0,0.0,0.0
2022-01-21 16:16:39.501104,0.0,0.0,0.0
2022-01-21 16:16:40.009757,0.0,0.0,0.0
2022-01-21 16:16:40.506012,0.0,0.0,0.0
2022-01-21 16:16:41.003999,0.0,0.0,0.0
2022-01-21 16:16:41.510181,0.0,0.0,0.0
2022-01-21 16:16:42.008573,0.0,0.0,0.0
2022-01-21 16:16:42.504088,0.0,0.0,0.0
2022-01-21 16:16:43.002861,0.0,0.0,0.0
2022-01-21 16:16:43.509110,0.0,0.0,0.0
2022-01-21 16:16:44.006887,0.0,0.0,0.0
2022-01-21 16:16:44.502482,0.0,0.0,0.0
2022-01-21 16:16:45.010023,0.0,0.0,0.0
2022-01-21 16:16:45.504900,0.0,0.0,0.0
2022-01-21 16:16:46.002388,0.0,0.0,0.0
2022-01-21 16:16:46.509984,0.0,0.0,0.0
2022-01-21 16:16:47.007947,0.0,0.0,-0.03864
2022-01-21 16:16:47.501365,0.0,0.0,-0.03864
2022-01-21 16:16:48.010375,0.0,0.0,-0.23562
2022-01-21 16:16:48.504483,0.0,0.0,-0.23562
2022-01-21 16:16:49.002150,0.0,0.0,-0.23562
2022-01-21 16:16:49.507429,0.0,0.0,-0.03864
2022-01-21 16:16:50.005856,0.0,0.0,-0.03864
2022-01-21 16:16:50.510158,0.0,0.0,-2.47406
2022-01-21 16:16:51.010511,0.0,0.0,0.03864
2022-01-21 16:16:51.507278,0.0,0.0,0.03864
2022-01-21 16:16:52.005476,0.0,0.0,0.03864
2022-01-21 16:16:52.510644,0.0,0.0,0.0
2022-01-21 16:16:53.008789,0.0,0.0,0.0
2022-01-21 16:16:53.503788,0.0,0.0,0.0
2022-01-21 16:16:54.002182,0.0,0.0,0.0
2022-01-21 16:16:54.509182,0.0,0.0,0.0
2022-01-21 16:16:55.007242,0.0,0.0,0.0
2022-01-21 16:16:55.502793,0.0,0.0,0.03864
2022-01-21 16:16:56.002057,0.0,0.0,0.03864
2022-01-21 16:16:56.508432,0.0,0.0,0.0
2022-01-21 16:16:57.006298,0.0,0.0,0.0
2022-01-21 16:16:57.502001,0.0,0.0,-0.03864
2022-01-21 16:16:58.010693,0.0,0.0,0.03864
2022-01-21 16:16:58.506100,0.0,0.0,0.03864
2022-01-21 16:16:59.003609,0.0,0.0,0.03864
2022-01-21 16:16:59.509277,0.0,0.0,0.0
2022-01-21 16:17:00.006552,0.0,0.0,0.0
2022-01-21 16:17:00.501827,0.0,0.0,0.0
2022-01-21 16:17:01.001867,0.0,0.0,0.0
2022-01-21 16:17:01.508090,0.0,0.0,0.0
2022-01-21 16:17:02.006867,0.0,0.0,0.0
2022-01-21 16:17:02.501281,0.0,0.0,0.0
2022-01-21 16:17:03.010733,0.0,0.0,0.07822
2022-01-21 16:17:03.504759,0.0,0.0,0.07822
2022-01-21 16:17:04.001494,0.0,0.0,0.07822
2022-01-21 16:17:04.511195,0.0,0.0,0.0
2022-01-21 16:17:05.010233,0.0,0.0,0.0
2022-01-21 16:17:05.505847,0.0,0.0,0.0
2022-01-21 16:17:06.003311,0.0,0.0,0.0
2022-01-21 16:17:06.507384,0.0,0.0,0.0
2022-01-21 16:17:07.005501,0.0,0.0,0.0
2022-01-21 16:17:07.511044,0.0,0.0,0.0
2022-01-21 16:17:08.010213,0.0,0.0,0.0
2022-01-21 16:17:08.505059,0.0,0.0,0.0
2022-01-21 16:17:09.004533,0.0,0.0,0.0
2022-01-21 16:17:09.501128,0.0,0.0,0.0
2022-01-21 16:17:10.009774,0.0,0.0,0.0
2022-01-21 16:17:10.503039,0.0,0.0,0.0
2022-01-21 16:17:11.009940,0.0,0.0,0.0
2022-01-21 16:17:11.506796,0.0,0.0,0.0
2022-01-21 16:17:12.004217,0.0,0.0,0.0
2022-01-21 16:17:12.510135,0.0,0.0,0.0
2022-01-21 16:17:13.009297,0.0,0.0,0.0
2022-01-21 16:17:13.503399,0.0,0.0,0.0
2022-01-21 16:17:14.001259,0.0,0.0,0.0
2022-01-21 16:17:14.508196,0.0,0.0,-0.03864
2022-01-21 16:17:15.008044,0.0,0.0,-0.03864
2022-01-21 16:17:15.503409,0.0,0.0,0.03864
2022-01-21 16:17:16.001524,0.0,0.0,0.03864
2022-01-21 16:17:16.506597,0.0,0.0,0.0
2022-01-21 16:17:17.004173,0.0,0.0,0.0
2022-01-21 16:17:17.501337,0.0,0.0,0.0
2022-01-21 16:17:18.010641,0.0,0.0,0.0
2022-01-21 16:17:18.504753,0.0,0.0,0.0
2022-01-21 16:17:19.002263,0.0,0.0,0.0
2022-01-21 16:17:19.506809,0.0,0.0,0.0
2022-01-21 16:17:20.005104,0.0,0.0,0.0
2022-01-21 16:17:20.509852,0.0,0.0,0.0
2022-01-21 16:17:21.007312,0.0,0.0,0.0
2022-01-21 16:17:21.503596,0.0,0.0,0.0
2022-01-21 16:17:22.002903,0.0,0.0,0.0
2022-01-21 16:17:22.508654,0.0,0.0,0.0
2022-01-21 16:17:23.006798,0.0,0.0,0.0
2022-01-21 16:17:23.509959,0.0,0.0,0.0
2022-01-21 16:17:24.009695,0.0,0.0,0.0
2022-01-21 16:17:24.504907,0.0,0.0,0.0
2022-01-21 16:17:25.002763,0.0,0.0,0.0
2022-01-21 16:17:25.510840,0.0,0.0,0.0
2022-01-21 16:17:26.007317,0.0,0.0,0.0
2022-01-21 16:17:26.502896,0.0,0.0,0.0
2022-01-21 16:17:27.010766,0.0,0.0,0.0
2022-01-21 16:17:27.506695,0.0,0.0,0.0
2022-01-21 16:17:28.005416,0.0,0.0,0.0
2022-01-21 16:17:28.501873,0.0,0.0,0.0
2022-01-21 16:17:29.009513,0.0,0.0,0.0
2022-01-21 16:17:29.504707,0.0,0.0,0.0
2022-01-21 16:17:30.003527,0.0,0.0,0.0
2022-01-21 16:17:31.006078,0.0,0.0,-0.03864
2022-01-21 16:17:31.502558,0.0,0.0,-0.03864
2022-01-21 16:17:32.009845,0.0,0.0,0.0
2022-01-21 16:17:32.504086,0.0,0.0,0.0
2022-01-21 16:17:33.003330,0.0,0.0,0.0
2022-01-21 16:17:33.508680,0.0,0.0,0.0
2022-01-21 16:17:34.006783,0.0,0.0,0.0
2022-01-21 16:17:34.502788,0.0,0.0,0.0
2022-01-21 16:17:35.002197,0.0,0.0,0.0
2022-01-21 16:17:35.509295,0.0,0.0,0.0
2022-01-21 16:17:36.007686,0.0,0.0,0.0
2022-01-21 16:17:36.503330,0.0,0.0,0.0
2022-01-21 16:17:37.001431,0.0,0.0,0.0
2022-01-21 16:17:37.506881,0.0,0.0,0.0
2022-01-21 16:17:38.005687,0.0,0.0,0.0
2022-01-21 16:17:38.510812,0.0,0.0,0.0
2022-01-21 16:17:39.008000,0.0,0.0,0.0
2022-01-21 16:17:39.502586,0.0,0.0,0.0
2022-01-21 16:17:40.010647,0.0,0.0,0.0
2022-01-21 16:17:40.507667,0.0,0.0,0.0
2022-01-21 16:17:41.006238,0.0,0.0,0.0
2022-01-21 16:17:41.501385,0.0,0.0,0.0
2022-01-21 16:17:42.009183,0.0,0.0,0.0
2022-01-21 16:17:42.505464,0.0,0.0,0.0
2022-01-21 16:17:43.002967,0.0,0.0,0.0
2022-01-21 16:17:43.509122,0.0,0.0,0.0
2022-01-21 16:17:44.007259,0.0,0.0,0.0
2022-01-21 16:17:44.504141,0.0,0.0,0.0
2022-01-21 16:17:45.010816,0.0,0.0,0.0
2022-01-21 16:17:45.507954,0.0,0.0,0.0
2022-01-21 16:17:46.007257,0.0,0.0,0.0
2022-01-21 16:17:46.502790,0.0,0.0,0.0
2022-01-21 16:17:47.009741,0.0,0.0,0.0
2022-01-21 16:17:47.504848,0.0,0.0,0.0
2022-01-21 16:17:48.002861,0.0,0.0,0.0
2022-01-21 16:17:48.507713,0.0,0.0,0.0
2022-01-21 16:17:49.010213,0.0,0.0,0.0
2022-01-21 16:17:49.504086,0.0,0.0,0.0
2022-01-21 16:17:50.004053,0.0,0.0,0.0
2022-01-21 16:17:50.509639,0.0,0.0,0.0
2022-01-21 16:17:51.006454,0.0,0.0,0.0
2022-01-21 16:17:51.501092,0.0,0.0,0.0
2022-01-21 16:17:52.009224,0.0,0.0,0.0
2022-01-21 16:17:52.502563,0.0,0.0,0.0
2022-01-21 16:17:53.010449,0.0,0.0,0.0
2022-01-21 16:17:53.505231,0.0,0.0,0.0
2022-01-21 16:17:54.004080,0.0,0.0,0.0
2022-01-21 16:17:54.501088,0.0,0.0,0.0
2022-01-21 16:17:55.001197,0.0,0.0,0.0
2022-01-21 16:17:55.506463,0.0,0.0,0.0
2022-01-21 16:17:56.003879,0.0,0.0,0.0
2022-01-21 16:17:56.509169,0.0,0.0,0.0
2022-01-21 16:17:57.007822,0.0,0.0,0.0
2022-01-21 16:17:57.503024,0.0,0.0,0.0
2022-01-21 16:17:58.002690,0.0,0.0,0.0
2022-01-21 16:17:58.510100,0.0,0.0,0.0
2022-01-21 16:17:59.007980,0.0,0.0,0.0
2022-01-21 16:17:59.502329,0.0,0.0,0.0
2022-01-21 16:18:00.009619,0.0,0.0,0.0
2022-01-21 16:18:00.503254,0.0,0.0,0.0
2022-01-21 16:18:01.001958,0.0,0.0,0.0
2022-01-21 16:18:01.507199,0.0,0.0,0.0
2022-01-21 16:18:02.006266,0.0,0.0,0.0
2022-01-21 16:18:02.503435,0.0,0.0,0.0
2022-01-21 16:18:03.003843,0.0,0.0,0.0
2022-01-21 16:18:03.510310,0.0,0.0,0.0
2022-01-21 16:18:04.007844,0.0,0.0,0.0
2022-01-21 16:18:04.503073,0.0,0.0,0.0
2022-01-21 16:18:05.001222,0.0,0.0,0.0
2022-01-21 16:18:05.506843,0.0,0.0,0.0
2022-01-21 16:18:06.007738,0.0,0.0,0.0
2022-01-21 16:18:06.506279,0.0,0.0,0.0
2022-01-21 16:18:07.004642,0.0,0.0,0.0
2022-01-21 16:18:07.510504,0.0,0.0,0.0
2022-01-21 16:18:08.007735,0.0,0.0,0.0
2022-01-21 16:18:08.503982,0.0,0.0,0.0
2022-01-21 16:18:09.002117,0.0,0.0,0.0
2022-01-21 16:18:09.506820,0.0,0.0,0.0
2022-01-21 16:18:10.004968,0.0,0.0,0.0
2022-01-21 16:18:10.508790,0.0,0.0,0.0
2022-01-21 16:18:11.005777,0.0,0.0,0.0
2022-01-21 16:18:11.502342,0.0,0.0,0.0
2022-01-21 16:18:12.010345,0.0,0.0,0.0
2022-01-21 16:18:12.506047,0.0,0.0,0.0
2022-01-21 16:18:13.004689,0.0,0.0,0.0
2022-01-21 16:18:13.509267,0.0,0.0,0.0
2022-01-21 16:18:14.006799,0.0,0.0,0.0
2022-01-21 16:18:14.503073,0.0,0.0,0.0
2022-01-21 16:18:15.505302,0.0,0.0,0.0
2022-01-21 16:18:16.005120,0.0,0.0,0.0
2022-01-21 16:18:16.502861,0.0,0.0,0.0
2022-01-21 16:18:17.009769,0.0,0.0,0.0
2022-01-21 16:18:17.505897,0.0,0.0,0.0
2022-01-21 16:18:18.005874,0.0,0.0,0.0
2022-01-21 16:18:18.501107,0.0,0.0,0.0
2022-01-21 16:18:19.009225,0.0,0.0,0.0
2022-01-21 16:18:19.504478,0.0,0.0,0.0
2022-01-21 16:18:20.004098,0.0,0.0,0.0
2022-01-21 16:18:20.501345,0.0,0.0,0.0
2022-01-21 16:18:21.009437,0.0,0.0,0.0
2022-01-21 16:18:21.504313,0.0,0.0,0.0
2022-01-21 16:18:22.001368,0.0,0.0,0.0
2022-01-21 16:18:22.507059,0.0,0.0,0.0
2022-01-21 16:18:23.004667,0.0,0.0,0.0
2022-01-21 16:18:23.510869,0.0,0.0,0.0
2022-01-21 16:18:24.010210,0.0,0.0,0.0
2022-01-21 16:18:24.505127,0.0,0.0,0.0
2022-01-21 16:18:25.003722,0.0,0.0,0.0
2022-01-21 16:18:25.509544,0.0,0.0,0.0
2022-01-21 16:18:26.008149,0.0,0.0,0.0
2022-01-21 16:18:26.501917,0.0,0.0,0.0
2022-01-21 16:18:27.010303,0.0,0.0,0.0
2022-01-21 16:18:27.504984,0.0,0.0,0.0
2022-01-21 16:18:28.003883,0.0,0.0,0.0
2022-01-21 16:18:28.507806,0.0,0.0,0.0
2022-01-21 16:18:29.005920,0.0,0.0,0.0
2022-01-21 16:18:29.502146,0.0,0.0,0.0
2022-01-21 16:18:30.002293,0.0,0.0,0.0
2022-01-21 16:18:30.507016,0.0,0.0,0.0
2022-01-21 16:18:31.005035,0.0,0.0,0.0
2022-01-21 16:18:31.510984,0.0,0.0,0.0
2022-01-21 16:18:32.010102,0.0,0.0,0.0
2022-01-21 16:18:32.505327,0.0,0.0,0.0
2022-01-21 16:18:33.004073,0.0,0.0,0.0
2022-01-21 16:18:33.509245,0.0,0.0,0.0
2022-01-21 16:18:34.007041,0.0,0.0,0.0
2022-01-21 16:18:34.502337,0.0,0.0,0.0
2022-01-21 16:18:35.010851,0.0,0.0,0.0
2022-01-21 16:18:35.505970,0.0,0.0,0.0
2022-01-21 16:18:36.003653,0.0,0.0,0.0
2022-01-21 16:18:36.508747,0.0,0.0,0.0
2022-01-21 16:18:37.006708,0.0,0.0,0.0
2022-01-21 16:18:37.502444,0.0,0.0,0.0
2022-01-21 16:18:38.504875,0.0,0.0,0.0
2022-01-21 16:18:39.003211,0.0,0.0,0.0
2022-01-21 16:18:39.510567,0.0,0.0,0.0
2022-01-21 16:18:40.008494,0.0,0.0,0.0
2022-01-21 16:18:40.504388,0.0,0.0,0.0
2022-01-21 16:18:41.009509,0.0,0.0,0.0
2022-01-21 16:18:41.506376,0.0,0.0,0.0
2022-01-21 16:18:42.004948,0.0,0.0,0.0
2022-01-21 16:18:42.502812,0.0,0.0,0.0
2022-01-21 16:18:43.001641,0.0,0.0,0.0
2022-01-21 16:18:43.508495,0.0,0.0,0.0
2022-01-21 16:18:44.007527,0.0,0.0,0.0
2022-01-21 16:18:44.503419,0.0,0.0,0.0
2022-01-21 16:18:45.001555,0.0,0.0,0.0
2022-01-21 16:18:45.508344,0.0,0.0,0.0
2022-01-21 16:18:46.006169,0.0,0.0,0.0
2022-01-21 16:18:46.501927,0.0,0.0,0.0
2022-01-21 16:18:47.009923,0.0,0.0,0.0
2022-01-21 16:18:47.506778,0.0,0.0,0.0
2022-01-21 16:18:48.004462,0.0,0.0,0.0
2022-01-21 16:18:48.502468,0.0,0.0,0.0
2022-01-21 16:18:49.011255,0.0,0.0,0.0
2022-01-21 16:18:49.506813,0.0,0.0,0.0
2022-01-21 16:18:50.004304,0.0,0.0,0.0
2022-01-21 16:18:50.510016,0.0,0.0,0.0
2022-01-21 16:18:51.008534,0.0,0.0,0.0
2022-01-21 16:18:51.503319,0.0,0.0,0.0
2022-01-21 16:18:52.002392,0.0,0.0,0.0
2022-01-21 16:18:52.508545,0.0,0.0,0.0
2022-01-21 16:18:53.006881,0.0,0.0,0.0
2022-01-21 16:18:53.501386,0.0,0.0,0.0
2022-01-21 16:18:54.010263,0.0,0.0,0.0
2022-01-21 16:18:54.504746,0.0,0.0,0.0
2022-01-21 16:18:55.002005,0.0,0.0,0.0
2022-01-21 16:18:55.506912,0.0,0.0,0.0
2022-01-21 16:18:56.005531,0.0,0.0,0.0
2022-01-21 16:18:56.510905,0.0,0.0,0.0
2022-01-21 16:18:57.010416,0.0,0.0,0.0
2022-01-21 16:18:57.506143,0.0,0.0,0.0
2022-01-21 16:18:58.003959,0.0,0.0,0.0
2022-01-21 16:18:58.510063,0.0,0.0,0.0
2022-01-21 16:18:59.008835,0.0,0.0,0.0
2022-01-21 16:18:59.504118,0.0,0.0,0.0
2022-01-21 16:19:00.008270,0.0,0.0,0.0
2022-01-21 16:19:00.508984,0.0,0.0,0.0
2022-01-21 16:19:01.007267,0.0,0.0,0.0
2022-01-21 16:19:01.502827,0.0,0.0,0.0
2022-01-21 16:19:02.002383,0.0,0.0,0.0
2022-01-21 16:19:02.508103,0.0,0.0,0.0
2022-01-21 16:19:03.006466,0.0,0.0,0.0
2022-01-21 16:19:03.501513,0.0,0.0,0.0
2022-01-21 16:19:04.010355,0.0,0.0,0.0
2022-01-21 16:19:04.505183,0.0,0.0,0.0
2022-01-21 16:19:05.002797,0.0,0.0,0.0
2022-01-21 16:19:05.510303,0.0,0.0,0.0
2022-01-21 16:19:06.007446,0.0,0.0,0.0
2022-01-21 16:19:06.504599,0.0,0.0,0.0
2022-01-21 16:19:07.002248,0.0,0.0,0.0
2022-01-21 16:19:07.508708,0.0,0.0,0.0
2022-01-21 16:19:08.007406,0.0,0.0,0.0
2022-01-21 16:19:08.503950,0.0,0.0,0.0
2022-01-21 16:19:09.001449,0.0,0.0,0.0
2022-01-21 16:19:09.509915,0.0,0.0,0.0
2022-01-21 16:19:10.007762,0.0,0.0,0.0
2022-01-21 16:19:10.502611,0.0,0.0,0.0
2022-01-21 16:19:11.008713,0.0,0.0,0.0
2022-01-21 16:19:11.504310,0.0,0.0,0.0
2022-01-21 16:19:12.002645,0.0,0.0,0.0
2022-01-21 16:19:12.501927,0.0,0.0,0.0
2022-01-21 16:19:13.009767,0.0,0.0,0.0
2022-01-21 16:19:13.506436,0.0,0.0,0.0
2022-01-21 16:19:14.002793,0.0,0.0,0.0
2022-01-21 16:19:14.508783,0.0,0.0,0.0
2022-01-21 16:19:15.008555,0.0,0.0,0.0
2022-01-21 16:19:15.503420,0.0,0.0,0.0
2022-01-21 16:19:16.011082,0.0,0.0,0.0
2022-01-21 16:19:16.506393,0.0,0.0,0.0
2022-01-21 16:19:17.005027,0.0,0.0,0.0
2022-01-21 16:19:18.005636,0.0,0.0,0.0
2022-01-21 16:19:18.501928,0.0,0.0,0.0
2022-01-21 16:19:19.008416,0.0,0.0,0.0
2022-01-21 16:19:19.504647,0.0,0.0,0.0
2022-01-21 16:19:20.001109,0.0,0.0,0.0
2022-01-21 16:19:20.506677,0.0,0.0,0.0
2022-01-21 16:19:21.004121,0.0,0.0,0.0
2022-01-21 16:19:21.510586,0.0,0.0,0.0
2022-01-21 16:19:22.004717,0.0,0.0,0.0
2022-01-21 16:19:22.510798,0.0,0.0,0.0
2022-01-21 16:19:23.008575,0.0,0.0,0.0
2022-01-21 16:19:23.506478,0.0,0.0,0.0
2022-01-21 16:19:24.005116,0.0,0.0,0.0
2022-01-21 16:19:24.501444,0.0,0.0,0.0
2022-01-21 16:19:25.010630,0.0,0.0,0.0
2022-01-21 16:19:25.504847,0.0,0.0,0.0
2022-01-21 16:19:26.003024,0.0,0.0,0.0
2022-01-21 16:19:26.508221,0.0,0.0,0.0
2022-01-21 16:19:27.007362,0.0,0.0,0.0
2022-01-21 16:19:27.502465,0.0,0.0,0.0
2022-01-21 16:19:28.010120,0.0,0.0,0.0
2022-01-21 16:19:28.506791,0.0,0.0,0.0
2022-01-21 16:19:29.004508,0.0,0.0,0.0
2022-01-21 16:19:29.509766,0.0,0.0,0.0
2022-01-21 16:19:30.008133,0.0,0.0,0.0
2022-01-21 16:19:30.505076,0.0,0.0,0.0
2022-01-21 16:19:31.002759,0.0,0.0,0.0
2022-01-21 16:19:31.506827,0.0,0.0,0.0
2022-01-21 16:19:32.004578,0.0,0.0,0.0
2022-01-21 16:19:32.509352,0.0,0.0,0.0
2022-01-21 16:19:33.006335,0.0,0.0,0.0
2022-01-21 16:19:33.501972,0.0,0.0,0.0
2022-01-21 16:19:34.010277,0.0,0.0,0.0
2022-01-21 16:19:34.506201,0.0,0.0,0.0
2022-01-21 16:19:35.004597,0.0,0.0,0.0
2022-01-21 16:19:35.509977,0.0,0.0,0.0
2022-01-21 16:19:36.006712,0.0,0.0,0.0
2022-01-21 16:19:36.501213,0.0,0.0,0.0
2022-01-21 16:19:37.009697,0.0,0.0,0.0
2022-01-21 16:19:37.506186,0.0,0.0,0.0
2022-01-21 16:19:38.004519,0.0,0.0,0.0
2022-01-21 16:19:38.509308,0.0,0.0,0.0
2022-01-21 16:19:39.006860,0.0,0.0,0.0
2022-01-21 16:19:39.504152,0.0,0.0,0.0
2022-01-21 16:19:40.001970,0.0,0.0,0.0
2022-01-21 16:19:40.507378,0.0,0.0,0.0
2022-01-21 16:19:41.005095,0.0,0.0,0.0
2022-01-21 16:19:41.509802,0.0,0.0,0.0
2022-01-21 16:19:42.008095,0.0,0.0,0.0
2022-01-21 16:19:42.504674,0.0,0.0,0.0
2022-01-21 16:19:43.002447,0.0,0.0,0.0
2022-01-21 16:19:43.509079,0.0,0.0,0.0
2022-01-21 16:19:44.006767,0.0,0.0,0.0
2022-01-21 16:19:44.501811,0.0,0.0,0.0
2022-01-21 16:19:45.010811,0.0,0.0,0.0
2022-01-21 16:19:45.505138,0.0,0.0,0.0
2022-01-21 16:19:46.002285,0.0,0.0,0.0
2022-01-21 16:19:46.510459,0.0,0.0,0.0
2022-01-21 16:19:47.008067,0.0,0.0,0.0
2022-01-21 16:19:47.503141,0.0,0.0,0.0
2022-01-21 16:19:48.002147,0.0,0.0,0.0
2022-01-21 16:19:48.506100,0.0,0.0,0.0
2022-01-21 16:19:49.004026,0.0,0.0,0.0
2022-01-21 16:19:49.510073,0.0,0.0,0.0
2022-01-21 16:19:50.009350,0.0,0.0,0.0
2022-01-21 16:19:50.504554,0.0,0.0,0.0
2022-01-21 16:19:51.002674,0.0,0.0,0.0
2022-01-21 16:19:51.508713,0.0,0.0,0.0
2022-01-21 16:19:52.006573,0.0,0.0,0.0
2022-01-21 16:19:52.501874,0.0,0.0,0.0
2022-01-21 16:19:53.009797,0.0,0.0,0.0
2022-01-21 16:19:53.503766,0.0,0.0,0.0
2022-01-21 16:19:54.001889,0.0,0.0,0.0
2022-01-21 16:19:54.507645,0.0,0.0,0.0
2022-01-21 16:19:55.007990,0.0,0.0,0.0
2022-01-21 16:19:55.506520,0.0,0.0,0.0
2022-01-21 16:19:56.005165,0.0,0.0,0.0
2022-01-21 16:19:56.510876,0.0,0.0,0.0
2022-01-21 16:19:57.011005,0.0,0.0,0.0
2022-01-21 16:19:57.506012,0.0,0.0,0.0
2022-01-21 16:19:58.004562,0.0,0.0,0.0
2022-01-21 16:19:58.508655,0.0,0.0,0.0
2022-01-21 16:19:59.006830,0.0,0.0,0.0
2022-01-21 16:19:59.510463,0.0,0.0,0.0
2022-01-21 16:20:00.009421,0.0,0.0,0.0
2022-01-21 16:20:00.504906,0.0,0.0,0.0
2022-01-21 16:20:01.002221,0.0,0.0,0.0
2022-01-21 16:20:01.506914,0.0,0.0,0.0
2022-01-21 16:20:02.006343,0.0,0.0,0.0
2022-01-21 16:20:02.501340,0.0,0.0,0.0
2022-01-21 16:20:03.009277,0.0,0.0,0.0
2022-01-21 16:20:03.505159,0.0,0.0,0.0
2022-01-21 16:20:04.002825,0.0,0.0,0.0
2022-01-21 16:20:04.503111,0.0,0.0,0.0
2022-01-21 16:20:05.001208,0.0,0.0,0.0
2022-01-21 16:20:05.506642,0.0,0.0,0.0
2022-01-21 16:20:06.004194,0.0,0.0,0.0
2022-01-21 16:20:06.509007,0.0,0.0,0.0
2022-01-21 16:20:07.007248,0.0,0.0,0.0
2022-01-21 16:20:07.502690,0.0,0.0,0.0
2022-01-21 16:20:08.001180,0.0,0.0,0.0
2022-01-21 16:20:08.507385,0.0,0.0,0.0
2022-01-21 16:20:09.004711,0.0,0.0,0.0
2022-01-21 16:20:09.510961,0.0,0.0,0.0
2022-01-21 16:20:10.008980,0.0,0.0,0.0
2022-01-21 16:20:10.503197,0.0,0.0,0.0
2022-01-21 16:20:11.010330,0.0,0.0,0.0
2022-01-21 16:20:11.505401,0.0,0.0,0.0
2022-01-21 16:20:12.003119,0.0,0.0,0.0
2022-01-21 16:20:12.509911,0.0,0.0,0.0
2022-01-21 16:20:13.007260,0.0,0.0,0.0
2022-01-21 16:20:13.504996,0.0,0.0,0.0
2022-01-21 16:20:14.002949,0.0,0.0,0.0
2022-01-21 16:20:14.506874,0.0,0.0,0.0
2022-01-21 16:20:15.004317,0.0,0.0,0.0
2022-01-21 16:20:15.510042,0.0,0.0,0.0
2022-01-21 16:20:16.006817,0.0,0.0,0.0
2022-01-21 16:20:16.502299,0.0,0.0,0.0
2022-01-21 16:20:17.001366,0.0,0.0,0.0
2022-01-21 16:20:17.510059,0.0,0.0,0.0
2022-01-21 16:20:18.007411,0.0,0.0,0.0
2022-01-21 16:20:18.503220,0.0,0.0,0.0
2022-01-21 16:20:19.011187,0.0,0.0,0.0
2022-01-21 16:20:19.506692,0.0,0.0,0.0
2022-01-21 16:20:20.003839,0.0,0.0,0.0
2022-01-21 16:20:20.509538,0.0,0.0,0.0
2022-01-21 16:20:21.008038,0.0,0.0,0.0
2022-01-21 16:20:21.503459,0.0,0.0,0.0
2022-01-21 16:20:22.003552,0.0,0.0,0.0
2022-01-21 16:20:22.509534,0.0,0.0,0.0
2022-01-21 16:20:23.007190,0.0,0.0,0.0
2022-01-21 16:20:23.503490,0.0,0.0,0.0
2022-01-21 16:20:24.002305,0.0,0.0,0.0
2022-01-21 16:20:24.508405,0.0,0.0,0.0
2022-01-21 16:20:25.007689,0.0,0.0,0.0
2022-01-21 16:20:25.504021,0.0,0.0,0.0
2022-01-21 16:20:26.001268,0.0,0.0,0.0
2022-01-21 16:20:26.508490,0.0,0.0,0.0
2022-01-21 16:20:27.007049,0.0,0.0,0.0
2022-01-21 16:20:27.501636,0.0,0.0,0.0
2022-01-21 16:20:28.009741,0.0,0.0,0.0
2022-01-21 16:20:28.506108,0.0,0.0,0.0
2022-01-21 16:20:29.003195,0.0,0.0,0.0
2022-01-21 16:20:29.509486,0.0,0.0,0.0
2022-01-21 16:20:30.008090,0.0,0.0,0.0
2022-01-21 16:20:30.505189,0.0,0.0,0.0
2022-01-21 16:20:31.002245,0.0,0.0,0.0
2022-01-21 16:20:31.507984,0.0,0.0,0.0
2022-01-21 16:20:32.006208,0.0,0.0,0.0
2022-01-21 16:20:32.510813,0.0,0.0,0.0
2022-01-21 16:20:33.008426,0.0,0.0,0.0
2022-01-21 16:20:33.504226,0.0,0.0,0.0
2022-01-21 16:20:34.001972,0.0,0.0,0.0
2022-01-21 16:20:34.508235,0.0,0.0,0.0
2022-01-21 16:20:35.006045,0.0,0.0,0.0
2022-01-21 16:20:35.502624,0.0,0.0,0.0
2022-01-21 16:20:36.001256,0.0,0.0,0.0
2022-01-21 16:20:36.506802,0.0,0.0,0.0
2022-01-21 16:20:37.003851,0.0,0.0,0.0
2022-01-21 16:20:37.510175,0.0,0.0,0.0
2022-01-21 16:20:38.008228,0.0,0.0,0.0
2022-01-21 16:20:38.503167,0.0,0.0,0.0
2022-01-21 16:20:39.001118,0.0,0.0,0.0
2022-01-21 16:20:39.507513,0.0,0.0,0.0
2022-01-21 16:20:40.007128,0.0,0.0,0.0
2022-01-21 16:20:40.502408,0.0,0.0,0.0
2022-01-21 16:20:41.010959,0.0,0.0,0.0
2022-01-21 16:20:41.507260,0.0,0.0,0.0
2022-01-21 16:20:42.005390,0.0,0.0,0.0
2022-01-21 16:20:42.510507,0.0,0.0,0.0
2022-01-21 16:20:43.007980,0.0,0.0,0.0
2022-01-21 16:20:43.504024,0.0,0.0,0.0
2022-01-21 16:20:44.002533,0.0,0.0,0.0
2022-01-21 16:20:44.509444,0.0,0.0,0.0
2022-01-21 16:20:45.007850,0.0,0.0,0.0
2022-01-21 16:20:45.501976,0.0,0.0,0.0
2022-01-21 16:20:46.010734,0.0,0.0,0.0
2022-01-21 16:20:46.506364,0.0,0.0,0.0
2022-01-21 16:20:47.004460,0.0,0.0,0.0
2022-01-21 16:20:47.509054,0.0,0.0,0.0
2022-01-21 16:20:48.006824,0.0,0.0,0.0
2022-01-21 16:20:48.502325,0.0,0.0,0.0
2022-01-21 16:20:49.001277,0.0,0.0,0.0
2022-01-21 16:20:49.507381,0.0,0.0,0.0
2022-01-21 16:20:50.005721,0.0,0.0,0.0
2022-01-21 16:20:50.510696,0.0,0.0,0.0
2022-01-21 16:20:51.009476,0.0,0.0,0.0
2022-01-21 16:20:51.504780,0.0,0.0,0.0
2022-01-21 16:20:52.002764,0.0,0.0,0.0
2022-01-21 16:20:52.507504,0.0,0.0,0.0
2022-01-21 16:20:53.005103,0.0,0.0,0.0
2022-01-21 16:20:53.511126,0.0,0.0,0.0
2022-01-21 16:20:54.009140,0.0,0.0,0.0
2022-01-21 16:20:54.503350,0.0,0.0,0.0
2022-01-21 16:20:55.001674,0.0,0.0,0.0
2022-01-21 16:20:55.507544,0.0,0.0,0.0
2022-01-21 16:20:56.006806,0.0,0.0,0.0
2022-01-21 16:20:56.501537,0.0,0.0,0.0
2022-01-21 16:20:57.010048,0.0,0.0,0.0
2022-01-21 16:20:57.501409,0.0,0.0,0.0
2022-01-21 16:20:58.010882,0.0,0.0,0.0
2022-01-21 16:20:58.506555,0.0,0.0,0.0
2022-01-21 16:20:59.009160,0.0,0.0,0.0
2022-01-21 16:20:59.504672,0.0,0.0,0.0
2022-01-21 16:21:00.003183,0.0,0.0,0.0
2022-01-21 16:21:00.509757,0.0,0.0,0.0
2022-01-21 16:21:01.007375,0.0,0.0,0.0
2022-01-21 16:21:01.503807,0.0,0.0,0.0
2022-01-21 16:21:02.001688,0.0,0.0,0.0
2022-01-21 16:21:02.506885,0.0,0.0,0.0
2022-01-21 16:21:03.004861,0.0,0.0,0.0
2022-01-21 16:21:03.502059,0.0,0.0,0.0
2022-01-21 16:21:04.010088,0.0,0.0,0.0
2022-01-21 16:21:04.505823,0.0,0.0,0.0
2022-01-21 16:21:05.004484,0.0,0.0,0.0
2022-01-21 16:21:05.509104,0.0,0.0,0.0
2022-01-21 16:21:06.007359,0.0,0.0,0.0
2022-01-21 16:21:06.502917,0.0,0.0,0.0
2022-01-21 16:21:07.001497,0.0,0.0,0.0
2022-01-21 16:21:07.506031,0.0,0.0,0.0
2022-01-21 16:21:08.005009,0.0,0.0,0.0
2022-01-21 16:21:08.510721,0.0,0.0,0.0
2022-01-21 16:21:09.009355,0.0,0.0,0.0
2022-01-21 16:21:09.505068,0.0,0.0,0.0
2022-01-21 16:21:10.002886,0.0,0.0,0.0
2022-01-21 16:21:10.509277,0.0,0.0,0.0
2022-01-21 16:21:11.004701,0.0,0.0,0.0
2022-01-21 16:21:11.509339,0.0,0.0,0.0
2022-01-21 16:21:12.008262,0.0,0.0,0.0
2022-01-21 16:21:12.503343,0.0,0.0,0.0
2022-01-21 16:21:13.001143,0.0,0.0,0.0
2022-01-21 16:21:13.506905,0.0,0.0,0.0
2022-01-21 16:21:14.007003,0.0,0.0,0.0
2022-01-21 16:21:14.501870,0.0,0.0,0.0
2022-01-21 16:21:15.009780,0.0,0.0,0.0
2022-01-21 16:21:15.506825,0.0,0.0,0.0
2022-01-21 16:21:16.005199,0.0,0.0,0.0
2022-01-21 16:21:16.501912,0.0,0.0,0.0
2022-01-21 16:21:17.010093,0.0,0.0,0.0
2022-01-21 16:21:17.505142,0.0,0.0,0.0
2022-01-21 16:21:18.003039,0.0,0.0,0.0
2022-01-21 16:21:18.508303,0.0,0.0,0.0
2022-01-21 16:21:19.006290,0.0,0.0,0.0
2022-01-21 16:21:19.502870,0.0,0.0,0.0
2022-01-21 16:21:20.002779,0.0,0.0,0.0
2022-01-21 16:21:20.506957,0.0,0.0,0.0
2022-01-21 16:21:21.005715,0.0,0.0,0.0
2022-01-21 16:21:21.510509,0.0,0.0,0.0
2022-01-21 16:21:22.009071,0.0,0.0,0.0
2022-01-21 16:21:22.504024,0.0,0.0,0.0
2022-01-21 16:21:23.002335,0.0,0.0,0.0
2022-01-21 16:21:23.508345,0.0,0.0,0.0
2022-01-21 16:21:24.006888,0.0,0.0,0.0
2022-01-21 16:21:24.502747,0.0,0.0,0.0
2022-01-21 16:21:25.010680,0.0,0.0,0.0
2022-01-21 16:21:25.505172,0.0,0.0,0.0
2022-01-21 16:21:26.004251,0.0,0.0,0.0
2022-01-21 16:21:26.510196,0.0,0.0,0.0
2022-01-21 16:21:27.008260,0.0,0.0,0.0
2022-01-21 16:21:27.502663,0.0,0.0,0.0
2022-01-21 16:21:28.009496,0.0,0.0,0.0
2022-01-21 16:21:28.505886,0.0,0.0,0.0
2022-01-21 16:21:29.002716,0.0,0.0,0.0
