時間,回転１,回転２,回転３
2022-01-21 11:00:00.005184,84.62773,84.699,85.72791
2022-01-21 11:00:00.500712,83.80219,84.28675,85.72791
2022-01-21 11:00:01.010016,84.36905,84.28675,84.78541
2022-01-21 11:00:01.506588,84.21434,84.132,84.78541
2022-01-21 11:00:02.005654,84.1636,84.33875,85.29625
2022-01-21 11:00:02.502650,84.93716,85.0085,85.29625
2022-01-21 11:00:03.009866,83.23532,83.61575,85.57051
2022-01-21 11:00:03.504372,84.9879,85.16325,85.57051
2022-01-21 11:00:04.002304,83.49276,83.8745,85.68833
2022-01-21 11:00:04.506151,85.4013,85.57675,85.68833
2022-01-21 11:00:05.009673,83.69946,83.7705,86.12093
2022-01-21 11:00:05.506258,83.90492,83.8745,86.12093
2022-01-21 11:00:06.005721,84.62773,84.85375,85.6101
2022-01-21 11:00:06.501864,83.69946,84.23475,85.6101
2022-01-21 11:00:07.002224,84.47302,84.85375,85.33489
2022-01-21 11:00:07.502537,83.54475,84.08,85.33489
2022-01-21 11:00:08.010229,84.05963,83.97725,86.3952
2022-01-21 11:00:08.504645,84.73046,85.0605,86.3952
2022-01-21 11:00:09.002280,84.42104,84.4935,85.25666
2022-01-21 11:00:09.507944,83.85417,84.184,85.25666
2022-01-21 11:00:10.007291,84.05963,84.59625,85.41406
2022-01-21 11:00:10.503265,84.11161,84.3895,85.41406
2022-01-21 11:00:11.008175,84.05963,84.33875,85.49229
2022-01-21 11:00:11.505144,84.31831,84.4935,85.49229
2022-01-21 11:00:12.003220,83.69946,83.92525,85.88531
2022-01-21 11:00:12.509037,84.78245,84.751,85.88531
2022-01-21 11:00:13.008255,84.42104,84.59625,85.49229
2022-01-21 11:00:13.503562,83.9569,84.33875,85.49229
2022-01-21 11:00:14.002761,84.1636,84.4415,86.43479
2022-01-21 11:00:14.509880,83.7502,84.08,86.43479
2022-01-21 11:00:15.007845,84.26632,84.4415,84.825
2022-01-21 11:00:15.502614,84.05963,84.33875,84.825
2022-01-21 11:00:16.007025,84.00888,84.08,85.13885
2022-01-21 11:00:16.501195,84.00888,84.33875,85.13885
2022-01-21 11:00:17.011040,84.00888,84.3895,85.29625
2022-01-21 11:00:17.508192,83.9569,84.28675,85.29625
2022-01-21 11:00:18.008475,84.21434,84.4415,85.57051
2022-01-21 11:00:18.504888,84.1636,84.4415,85.57051
2022-01-21 11:00:19.004018,83.59549,84.02925,85.6101
2022-01-21 11:00:19.510011,84.36905,84.33875,85.6101
2022-01-21 11:00:20.010083,84.52377,84.59625,85.80614
2022-01-21 11:00:20.505157,83.69946,84.132,85.80614
2022-01-21 11:00:21.003614,84.62773,84.90575,85.29625
2022-01-21 11:00:21.502426,83.85417,84.02925,85.29625
2022-01-21 11:00:22.010828,84.52377,84.699,85.96354
2022-01-21 11:00:22.505683,83.54475,84.132,85.96354
2022-01-21 11:00:23.004689,84.36905,84.64825,85.7675
2022-01-21 11:00:23.501456,83.85417,84.3895,85.7675
2022-01-21 11:00:24.011017,84.1636,84.3895,85.7675
2022-01-21 11:00:24.507432,84.52377,85.0085,85.7675
2022-01-21 11:00:25.006700,83.69946,84.28675,85.21708
2022-01-21 11:00:25.501291,84.52377,84.85375,85.21708
2022-01-21 11:00:26.010299,83.18334,83.513,85.33489
2022-01-21 11:00:26.506154,84.88517,84.95775,85.33489
2022-01-21 11:00:27.003548,83.7502,84.28675,85.09926
2022-01-21 11:00:27.510016,84.42104,84.699,85.09926
2022-01-21 11:00:28.007517,84.36905,84.54425,85.37447
2022-01-21 11:00:28.502368,83.90492,84.08,85.37447
2022-01-21 11:00:29.001314,85.09187,85.37,85.25666
2022-01-21 11:00:29.505941,83.33805,83.66775,85.25666
2022-01-21 11:00:30.004210,84.42104,84.4415,85.96354
2022-01-21 11:00:30.509203,83.69946,84.08,85.96354
2022-01-21 11:00:31.006763,84.67848,84.85375,85.53187
2022-01-21 11:00:31.502856,84.31831,84.64825,85.53187
2022-01-21 11:00:32.010654,83.90492,84.28675,85.06062
2022-01-21 11:00:32.505662,84.05963,84.184,85.06062
2022-01-21 11:00:33.002865,84.26632,84.699,86.23875
2022-01-21 11:00:33.508646,84.67848,84.803,86.23875
2022-01-21 11:00:34.007862,83.49276,83.92525,85.96354
2022-01-21 11:00:34.503338,84.31831,84.54425,85.96354
2022-01-21 11:00:35.001696,83.39003,83.71975,84.94281
2022-01-21 11:00:35.507508,84.47302,84.751,84.94281
2022-01-21 11:00:36.006979,83.85417,84.132,85.25666
2022-01-21 11:00:36.511308,84.05963,84.28675,85.25666
2022-01-21 11:00:37.008912,84.11161,84.184,85.53187
2022-01-21 11:00:37.506538,83.9569,84.3895,85.53187
2022-01-21 11:00:38.004771,84.47302,84.59625,85.13885
2022-01-21 11:00:38.509912,83.90492,84.28675,85.13885
2022-01-21 11:00:39.008316,84.26632,84.4415,85.49229
2022-01-21 11:00:39.502997,84.05963,84.28675,85.49229
2022-01-21 11:00:40.008827,84.36905,84.64825,85.06062
2022-01-21 11:00:40.503116,83.64747,83.8745,85.06062
2022-01-21 11:00:41.003443,83.85417,84.33875,85.4527
2022-01-21 11:00:41.508557,84.52377,84.3895,85.4527
2022-01-21 11:00:42.007936,84.26632,84.3895,85.68833
2022-01-21 11:00:42.502666,84.62773,84.54425,85.68833
2022-01-21 11:00:43.010562,84.1636,84.3895,85.53187
2022-01-21 11:00:43.506661,84.05963,84.3895,85.53187
2022-01-21 11:00:44.004501,84.36905,84.64825,85.6101
2022-01-21 11:00:44.508775,83.90492,84.3895,85.6101
2022-01-21 11:00:45.007755,84.31831,84.23475,85.21708
2022-01-21 11:00:45.504204,84.31831,84.803,85.21708
2022-01-21 11:00:46.001893,84.52377,84.4935,85.53187
2022-01-21 11:00:46.507585,84.31831,84.54425,85.53187
2022-01-21 11:00:47.005901,83.64747,84.132,85.88531
2022-01-21 11:00:47.502392,84.21434,84.59625,85.88531
2022-01-21 11:00:48.001013,84.05963,84.54425,85.80614
2022-01-21 11:00:48.506806,84.11161,84.184,85.80614
2022-01-21 11:00:49.005066,84.00888,84.4935,85.96354
2022-01-21 11:00:49.510206,84.31831,84.3895,85.96354
2022-01-21 11:00:50.008747,84.42104,84.4935,85.53187
2022-01-21 11:00:50.504128,83.7502,84.132,85.53187
2022-01-21 11:00:51.003347,84.36905,84.59625,85.25666
2022-01-21 11:00:51.508737,83.54475,83.8225,85.25666
2022-01-21 11:00:52.008115,84.57575,84.699,86.78822
2022-01-21 11:00:52.503221,83.59549,83.92525,86.78822
2022-01-21 11:00:53.002801,84.52377,84.59625,85.53187
2022-01-21 11:00:53.508408,85.1946,85.26725,85.53187
2022-01-21 11:00:54.006686,83.59549,83.8745,85.49229
2022-01-21 11:00:54.502326,84.67848,84.751,85.49229
2022-01-21 11:00:55.010428,83.85417,84.28675,84.98145
2022-01-21 11:00:55.505308,84.36905,84.4935,84.98145
2022-01-21 11:00:56.002450,84.05963,84.54425,85.92395
2022-01-21 11:00:56.501727,84.05963,84.08,85.92395
2022-01-21 11:00:57.009752,84.05963,84.33875,85.37447
2022-01-21 11:00:57.504683,84.83319,84.95775,85.37447
2022-01-21 11:00:58.002601,84.26632,84.54425,85.53187
2022-01-21 11:00:58.509388,83.9569,84.132,85.53187
2022-01-21 11:00:59.007005,84.1636,84.23475,85.49229
2022-01-21 11:00:59.502101,83.85417,84.3895,85.49229
2022-01-21 11:01:00.007122,84.57575,84.64825,85.41406
2022-01-21 11:01:00.503948,84.1636,84.4415,85.41406
2022-01-21 11:01:01.009904,84.05963,84.3895,85.57051
2022-01-21 11:01:01.506073,84.26632,84.4935,85.57051
2022-01-21 11:01:02.004578,84.21434,84.64825,85.41406
2022-01-21 11:01:02.510937,83.85417,84.08,85.41406
2022-01-21 11:01:03.009998,84.05963,84.3895,85.02104
2022-01-21 11:01:03.507124,83.9569,84.184,85.02104
2022-01-21 11:01:04.006648,84.36905,84.90575,85.25666
2022-01-21 11:01:04.510501,84.52377,84.59625,85.25666
2022-01-21 11:01:05.001152,83.39003,83.7705,86.04176
2022-01-21 11:01:05.506401,84.31831,84.59625,86.04176
2022-01-21 11:01:06.003961,84.21434,84.4415,85.02104
2022-01-21 11:01:06.509561,84.11161,84.4415,85.02104
2022-01-21 11:01:07.006559,84.00888,84.33875,85.84572
2022-01-21 11:01:07.504604,83.85417,84.28675,85.84572
2022-01-21 11:01:08.002503,84.36905,84.4415,85.06062
2022-01-21 11:01:08.507258,84.78245,84.95775,85.06062
2022-01-21 11:01:09.004939,83.59549,83.92525,85.92395
2022-01-21 11:01:09.501537,84.26632,84.184,85.92395
2022-01-21 11:01:10.009946,84.11161,84.4935,85.13885
2022-01-21 11:01:10.507144,84.1636,84.3895,85.13885
2022-01-21 11:01:11.001677,84.52377,84.751,85.4527
2022-01-21 11:01:11.507548,83.49276,83.8225,85.4527
2022-01-21 11:01:12.006502,84.57575,84.803,86.12093
2022-01-21 11:01:12.502447,84.26632,84.3895,86.12093
2022-01-21 11:01:13.010167,84.57575,84.751,85.80614
2022-01-21 11:01:13.506388,84.1636,84.33875,85.80614
2022-01-21 11:01:14.005149,84.42104,84.4415,85.13885
2022-01-21 11:01:14.502372,84.11161,84.4935,85.13885
2022-01-21 11:01:15.505408,84.73046,84.751,85.33489
2022-01-21 11:01:16.003574,83.69946,83.92525,85.72791
2022-01-21 11:01:16.509065,84.67848,84.85375,85.72791
2022-01-21 11:01:17.007913,83.69946,83.97725,85.49229
2022-01-21 11:01:17.503557,84.31831,84.54425,85.49229
2022-01-21 11:01:18.010844,83.85417,84.4415,85.49229
2022-01-21 11:01:18.506147,84.21434,84.3895,85.49229
2022-01-21 11:01:19.004753,84.26632,84.4415,85.41406
2022-01-21 11:01:19.510617,84.42104,84.3895,85.41406
2022-01-21 11:01:20.009872,84.62773,84.803,86.31697
2022-01-21 11:01:20.503922,83.44078,83.7705,86.31697
2022-01-21 11:01:21.001823,84.26632,84.54425,85.41406
2022-01-21 11:01:21.507429,83.33805,83.8225,85.41406
2022-01-21 11:01:22.005535,84.78245,85.0605,85.29625
2022-01-21 11:01:22.501739,83.69946,84.33875,85.29625
2022-01-21 11:01:23.505620,84.31831,84.184,85.4527
2022-01-21 11:01:24.004662,84.00888,84.184,85.68833
2022-01-21 11:01:25.004891,83.69946,84.02925,85.64968
2022-01-21 11:01:25.510448,84.00888,84.02925,85.64968
2022-01-21 11:01:26.007842,83.80219,84.4935,86.15958
2022-01-21 11:01:26.503303,84.31831,84.59625,86.15958
2022-01-21 11:01:27.010823,84.42104,84.33875,85.80614
2022-01-21 11:01:27.507291,83.80219,84.08,85.80614
2022-01-21 11:01:28.004621,83.85417,84.132,85.84572
2022-01-21 11:01:28.508316,84.00888,84.28675,85.84572
2022-01-21 11:01:29.007086,84.73046,85.0605,85.57051
2022-01-21 11:01:29.501359,83.39003,84.08,85.57051
2022-01-21 11:01:30.005404,84.52377,84.54425,85.6101
2022-01-21 11:01:30.510718,84.36905,84.33875,85.6101
2022-01-21 11:01:31.001200,85.09187,85.21525,85.57051
2022-01-21 11:01:31.507445,84.31831,84.28675,85.57051
2022-01-21 11:01:32.006873,83.49276,83.7705,85.57051
2022-01-21 11:01:33.005905,84.1636,84.95775,85.68833
2022-01-21 11:01:33.501740,84.26632,84.33875,85.68833
2022-01-21 11:01:34.001205,83.85417,84.4415,85.33489
2022-01-21 11:01:34.506692,84.00888,84.08,85.33489
2022-01-21 11:01:35.004086,84.73046,84.59625,85.33489
2022-01-21 11:01:35.509047,84.1636,84.3895,85.33489
2022-01-21 11:01:36.008597,83.80219,83.97725,85.72791
2022-01-21 11:01:36.503923,84.00888,84.33875,85.72791
2022-01-21 11:01:37.002495,84.05963,84.23475,85.33489
2022-01-21 11:01:37.507587,83.85417,84.59625,85.33489
2022-01-21 11:01:38.006717,83.90492,84.08,85.72791
2022-01-21 11:01:38.503693,84.11161,84.33875,85.72791
2022-01-21 11:01:39.001732,84.1636,84.23475,85.80614
2022-01-21 11:01:39.507319,84.67848,84.803,85.80614
2022-01-21 11:01:40.005102,83.9569,84.28675,85.57051
2022-01-21 11:01:40.511006,84.31831,84.54425,85.57051
2022-01-21 11:01:41.009272,84.11161,84.4935,85.88531
2022-01-21 11:01:41.508794,84.26632,84.33875,85.88531
2022-01-21 11:01:42.007187,84.36905,84.4935,85.4527
2022-01-21 11:01:42.503386,84.26632,84.33875,85.4527
2022-01-21 11:01:43.001843,84.21434,84.4415,85.25666
2022-01-21 11:01:43.508193,83.7502,84.02925,85.25666
2022-01-21 11:01:44.008516,84.47302,84.803,84.90322
2022-01-21 11:01:44.503726,83.90492,84.4415,84.90322
2022-01-21 11:01:45.002110,84.21434,84.699,85.33489
2022-01-21 11:01:45.507820,84.1636,84.28675,85.33489
2022-01-21 11:01:46.006378,83.85417,84.132,85.53187
2022-01-21 11:01:46.502644,84.83319,84.90575,85.53187
2022-01-21 11:01:47.009927,83.28607,83.71975,86.23875
2022-01-21 11:01:47.506191,84.93716,85.26725,86.23875
2022-01-21 11:01:48.005754,83.39003,83.8745,85.6101
2022-01-21 11:01:48.501899,84.36905,84.59625,85.6101
2022-01-21 11:01:49.009912,84.47302,84.54425,85.49229
2022-01-21 11:01:49.506110,84.00888,84.28675,85.49229
2022-01-21 11:01:50.003968,84.31831,84.28675,85.02104
2022-01-21 11:01:50.509556,84.36905,84.54425,85.02104
2022-01-21 11:01:51.007694,84.26632,84.4935,86.04176
2022-01-21 11:01:51.504302,84.26632,84.699,86.04176
2022-01-21 11:01:52.003888,84.1636,84.4935,85.96354
2022-01-21 11:01:52.510992,83.69946,83.71975,85.96354
2022-01-21 11:01:53.010026,84.57575,84.90575,84.58937
2022-01-21 11:01:53.505653,84.52377,84.59625,84.58937
2022-01-21 11:01:54.004809,83.59549,84.08,85.84572
2022-01-21 11:01:54.511137,84.36905,84.54425,85.84572
2022-01-21 11:01:55.009392,83.69946,84.33875,85.92395
2022-01-21 11:01:55.505432,84.93716,85.26725,85.92395
2022-01-21 11:01:56.001925,83.59549,84.23475,85.37447
2022-01-21 11:01:56.508696,84.00888,84.184,85.37447
2022-01-21 11:01:57.008721,84.36905,84.23475,86.08135
2022-01-21 11:01:57.503250,84.36905,84.751,86.08135
2022-01-21 11:01:58.004194,83.7502,84.02925,85.21708
2022-01-21 11:01:58.509510,84.26632,84.95775,85.21708
2022-01-21 11:01:59.007435,83.85417,84.02925,85.49229
2022-01-21 11:01:59.502520,84.00888,84.59625,85.49229
2022-01-21 11:02:00.010457,84.57575,84.59625,85.72791
2022-01-21 11:02:00.502898,83.90492,84.02925,85.72791
2022-01-21 11:02:01.010754,84.11161,84.54425,85.17843
2022-01-21 11:02:01.506991,84.21434,84.28675,85.17843
2022-01-21 11:02:02.004506,84.00888,84.4935,85.64968
2022-01-21 11:02:02.510248,84.00888,84.28675,85.64968
2022-01-21 11:02:03.008532,84.11161,84.4415,85.29625
2022-01-21 11:02:03.504094,84.05963,84.28675,85.29625
2022-01-21 11:02:04.003014,84.36905,84.54425,84.90322
2022-01-21 11:02:04.508577,84.21434,84.4415,84.90322
2022-01-21 11:02:05.006111,84.00888,84.184,85.72791
2022-01-21 11:02:05.501187,84.05963,84.3895,85.72791
2022-01-21 11:02:06.010116,84.47302,84.699,85.4527
2022-01-21 11:02:06.505564,83.7502,84.23475,85.4527
2022-01-21 11:02:07.003454,84.11161,84.33875,85.68833
2022-01-21 11:02:07.508692,84.21434,84.184,85.68833
2022-01-21 11:02:08.006068,84.62773,84.59625,84.90322
2022-01-21 11:02:08.508471,84.52377,84.751,84.90322
2022-01-21 11:02:09.007668,83.59549,84.08,85.88531
2022-01-21 11:02:09.503986,84.21434,84.28675,85.88531
2022-01-21 11:02:10.001781,83.85417,84.4415,85.29625
2022-01-21 11:02:10.507678,84.36905,84.3895,85.29625
2022-01-21 11:02:11.003037,84.11161,84.4415,85.84572
2022-01-21 11:02:11.508009,83.64747,83.8745,85.84572
2022-01-21 11:02:12.005725,84.9879,85.0605,85.53187
2022-01-21 11:02:12.502055,83.69946,83.92525,85.53187
2022-01-21 11:02:13.009749,84.47302,84.751,85.57051
2022-01-21 11:02:13.505276,83.59549,84.184,85.57051
2022-01-21 11:02:14.002336,84.31831,84.64825,85.29625
2022-01-21 11:02:14.507613,83.7502,83.92525,85.29625
2022-01-21 11:02:15.006475,84.73046,84.90575,85.09926
2022-01-21 11:02:15.501455,84.42104,84.184,85.09926
2022-01-21 11:02:16.001850,84.26632,84.3895,86.08135
2022-01-21 11:02:16.507000,84.36905,84.54425,86.08135
2022-01-21 11:02:17.004705,83.7502,84.33875,85.29625
2022-01-21 11:02:17.510330,84.47302,84.59625,85.29625
2022-01-21 11:02:18.007729,83.9569,84.23475,84.825
2022-01-21 11:02:18.504744,84.31831,84.54425,84.825
2022-01-21 11:02:19.002639,83.85417,84.08,85.57051
2022-01-21 11:02:19.507715,84.1636,84.64825,85.57051
2022-01-21 11:02:20.007030,84.05963,84.23475,85.64968
2022-01-21 11:02:20.502649,84.05963,84.4935,85.64968
2022-01-21 11:02:21.009878,84.11161,84.33875,85.02104
2022-01-21 11:02:21.505009,83.80219,84.33875,85.02104
2022-01-21 11:02:22.002332,84.47302,84.59625,85.06062
2022-01-21 11:02:22.506791,84.00888,83.97725,85.06062
2022-01-21 11:02:23.007046,84.1636,84.4935,85.49229
2022-01-21 11:02:23.502719,84.21434,84.184,85.49229
2022-01-21 11:02:24.009679,84.31831,84.95775,85.64968
2022-01-21 11:02:24.507298,84.26632,84.33875,85.64968
2022-01-21 11:02:25.006331,84.00888,84.3895,85.57051
2022-01-21 11:02:25.502371,84.36905,84.59625,85.57051
2022-01-21 11:02:26.505727,84.31831,84.699,85.53187
2022-01-21 11:02:27.003950,83.7502,83.71975,84.98145
2022-01-21 11:02:27.501522,84.00888,84.33875,84.98145
2022-01-21 11:02:28.009511,84.21434,84.4935,85.25666
2022-01-21 11:02:28.503425,84.47302,84.95775,85.25666
2022-01-21 11:02:29.001205,84.26632,84.4415,86.15958
2022-01-21 11:02:29.506828,84.05963,84.08,86.15958
2022-01-21 11:02:30.004562,84.1636,84.28675,85.6101
2022-01-21 11:02:30.509919,84.57575,84.85375,85.6101
2022-01-21 11:02:31.007311,83.90492,84.3895,85.57051
2022-01-21 11:02:31.502280,83.64747,83.97725,85.57051
2022-01-21 11:02:32.010918,83.80219,84.28675,86.19916
2022-01-21 11:02:32.505996,84.36905,84.64825,86.19916
2022-01-21 11:02:33.002899,84.05963,84.54425,85.64968
2022-01-21 11:02:33.508850,84.00888,84.184,85.64968
2022-01-21 11:02:34.006304,84.21434,84.33875,85.21708
2022-01-21 11:02:34.501669,84.26632,84.4935,85.21708
2022-01-21 11:02:35.009616,84.52377,84.699,85.25666
2022-01-21 11:02:35.506780,84.05963,84.3895,85.25666
2022-01-21 11:02:36.003711,83.64747,83.97725,85.92395
2022-01-21 11:02:36.510713,83.85417,84.08,85.92395
2022-01-21 11:02:37.005847,84.83319,85.0085,222.39041
2022-01-21 11:02:37.501875,83.90492,84.08,222.39041
2022-01-21 11:02:38.009940,83.90492,84.33875,233.30739
2022-01-21 11:02:38.504966,83.80219,84.184,233.30739
2022-01-21 11:02:39.003456,84.21434,84.699,190.58104
2022-01-21 11:02:39.508893,84.42104,84.64825,190.58104
2022-01-21 11:02:40.007317,83.9569,84.28675,124.2526
2022-01-21 11:02:40.503308,83.7502,83.8745,124.2526
2022-01-21 11:02:41.002518,83.90492,84.184,90.40083
2022-01-21 11:02:41.508191,84.1636,84.54425,90.40083
2022-01-21 11:02:42.006935,84.62773,84.54425,96.40926
2022-01-21 11:02:42.502825,83.54475,84.23475,96.40926
2022-01-21 11:02:43.002093,84.21434,84.64825,89.10489
2022-01-21 11:02:43.507522,83.80219,84.28675,89.10489
2022-01-21 11:02:44.006739,84.62773,84.803,86.59218
2022-01-21 11:02:44.501521,84.52377,84.54425,86.59218
2022-01-21 11:02:45.005177,84.21434,84.28675,87.69114
2022-01-21 11:02:45.501374,84.21434,84.08,87.69114
2022-01-21 11:02:46.010439,84.26632,84.64825,85.6101
2022-01-21 11:02:46.505036,84.05963,84.184,85.6101
2022-01-21 11:02:47.002806,83.9569,84.4935,86.00312
2022-01-21 11:02:47.508025,83.85417,83.8745,86.00312
2022-01-21 11:02:48.007243,84.11161,84.184,86.12093
2022-01-21 11:02:48.503233,84.52377,84.64825,86.12093
2022-01-21 11:02:49.009370,84.52377,84.699,85.68833
2022-01-21 11:02:49.505132,84.00888,84.4935,85.68833
2022-01-21 11:02:50.002735,83.9569,84.08,85.41406
2022-01-21 11:02:50.509695,84.26632,84.699,85.41406
2022-01-21 11:02:51.007678,84.31831,84.54425,85.92395
2022-01-21 11:02:51.503968,83.7502,84.132,85.92395
2022-01-21 11:02:52.003617,84.26632,84.33875,85.57051
2022-01-21 11:02:52.508788,84.1636,84.08,85.57051
2022-01-21 11:02:53.007482,84.52377,85.1125,84.825
2022-01-21 11:02:53.501820,83.80219,84.02925,84.825
2022-01-21 11:02:54.011053,84.26632,84.54425,85.53187
2022-01-21 11:02:54.506006,83.85417,83.92525,85.53187
2022-01-21 11:02:55.004553,84.42104,84.90575,85.88531
2022-01-21 11:02:55.510379,84.11161,84.23475,85.88531
2022-01-21 11:02:56.008739,84.42104,84.4935,86.00312
2022-01-21 11:02:56.503295,84.11161,84.184,86.00312
2022-01-21 11:02:57.010863,84.36905,84.33875,85.6101
2022-01-21 11:02:57.506332,84.05963,84.33875,85.6101
2022-01-21 11:02:58.004165,83.85417,84.08,85.41406
2022-01-21 11:02:58.510822,83.80219,84.23475,85.41406
2022-01-21 11:02:59.009516,84.1636,84.23475,85.92395
2022-01-21 11:02:59.506037,84.62773,84.751,85.92395
2022-01-21 11:03:00.004204,84.00888,84.184,86.27739
2022-01-21 11:03:00.501438,84.21434,84.23475,86.27739
2022-01-21 11:03:01.010629,83.59549,83.8225,85.68833
2022-01-21 11:03:01.506264,84.78245,85.0605,85.68833
2022-01-21 11:03:02.003932,84.1636,84.4935,85.7675
2022-01-21 11:03:02.501719,84.11161,84.184,85.7675
2022-01-21 11:03:03.009436,84.31831,84.3895,85.33489
2022-01-21 11:03:03.503444,83.9569,83.97725,85.33489
2022-01-21 11:03:04.001118,84.83319,84.85375,85.49229
2022-01-21 11:03:04.506122,83.7502,84.23475,85.49229
2022-01-21 11:03:05.004885,84.05963,84.4415,85.25666
2022-01-21 11:03:05.509893,83.59549,83.97725,85.25666
2022-01-21 11:03:06.006489,84.42104,84.59625,85.57051
2022-01-21 11:03:06.504131,84.31831,84.54425,85.57051
2022-01-21 11:03:07.004326,84.00888,84.08,86.27739
2022-01-21 11:03:07.510376,84.21434,84.54425,86.27739
2022-01-21 11:03:08.007019,83.7502,84.184,85.41406
2022-01-21 11:03:09.005189,83.69946,84.08,85.64968
2022-01-21 11:03:09.501895,84.1636,84.3895,85.64968
2022-01-21 11:03:10.009829,83.85417,84.08,85.84572
2022-01-21 11:03:10.504590,84.57575,84.64825,85.84572
2022-01-21 11:03:11.008811,83.9569,84.132,84.94281
2022-01-21 11:03:11.503691,84.36905,84.699,84.94281
2022-01-21 11:03:12.003427,84.31831,84.64825,85.92395
2022-01-21 11:03:12.508442,83.9569,84.3895,85.92395
2022-01-21 11:03:13.007910,84.31831,84.4415,85.06062
2022-01-21 11:03:13.503648,83.85417,84.28675,85.06062
2022-01-21 11:03:14.002361,84.57575,84.751,85.17843
2022-01-21 11:03:14.507093,83.90492,84.02925,85.17843
2022-01-21 11:03:15.006009,84.42104,84.85375,85.7675
2022-01-21 11:03:15.501276,84.42104,84.64825,85.7675
2022-01-21 11:03:16.010674,83.9569,84.184,85.41406
2022-01-21 11:03:16.507506,84.21434,84.3895,85.41406
2022-01-21 11:03:17.004876,83.69946,84.08,85.21708
2022-01-21 11:03:17.509161,84.62773,84.751,85.21708
2022-01-21 11:03:18.006405,84.26632,84.4935,85.72791
2022-01-21 11:03:18.501068,84.42104,84.4415,85.72791
2022-01-21 11:03:19.001420,84.21434,84.28675,84.98145
2022-01-21 11:03:19.507536,84.11161,84.4935,84.98145
2022-01-21 11:03:20.008121,84.36905,84.54425,85.4527
2022-01-21 11:03:20.504442,83.54475,83.92525,85.4527
2022-01-21 11:03:21.002381,84.36905,84.4935,85.49229
2022-01-21 11:03:21.507122,84.42104,84.28675,85.49229
2022-01-21 11:03:22.006209,84.36905,84.59625,85.21708
2022-01-21 11:03:22.501690,84.21434,84.23475,85.21708
2022-01-21 11:03:23.010050,83.9569,84.28675,85.6101
2022-01-21 11:03:23.506627,84.26632,84.4415,85.6101
2022-01-21 11:03:24.005346,84.21434,84.54425,86.00312
2022-01-21 11:03:24.511059,84.21434,84.33875,86.00312
2022-01-21 11:03:25.009288,84.11161,84.33875,85.17843
2022-01-21 11:03:25.506304,84.00888,84.132,85.17843
2022-01-21 11:03:26.007097,84.67848,84.95775,85.57051
2022-01-21 11:03:26.501740,83.90492,84.184,85.57051
2022-01-21 11:03:27.009101,84.26632,84.4415,85.6101
2022-01-21 11:03:27.504269,83.80219,84.08,85.6101
2022-01-21 11:03:28.003300,84.47302,84.751,85.72791
2022-01-21 11:03:28.509157,83.9569,84.08,85.72791
2022-01-21 11:03:29.006591,84.31831,84.64825,86.15958
2022-01-21 11:03:29.504153,84.05963,84.23475,86.15958
2022-01-21 11:03:30.001282,84.1636,84.54425,85.72791
2022-01-21 11:03:30.506146,84.47302,84.64825,85.72791
2022-01-21 11:03:31.004989,83.7502,84.02925,85.57051
2022-01-21 11:03:31.510376,84.21434,84.33875,85.57051
2022-01-21 11:03:32.007857,83.85417,84.28675,85.7675
2022-01-21 11:03:32.501931,84.67848,84.90575,85.7675
2022-01-21 11:03:33.009907,83.7502,83.8225,85.02104
2022-01-21 11:03:33.503605,84.36905,84.59625,85.02104
2022-01-21 11:03:34.003540,84.21434,84.4415,85.53187
2022-01-21 11:03:34.508144,84.05963,84.28675,85.53187
2022-01-21 11:03:35.006221,84.67848,84.85375,85.7675
2022-01-21 11:03:35.502826,83.44078,83.61575,85.7675
2022-01-21 11:03:36.001777,84.62773,84.803,85.4527
2022-01-21 11:03:36.505877,83.44078,83.97725,85.4527
2022-01-21 11:03:37.003935,84.47302,84.85375,86.35656
2022-01-21 11:03:37.502499,84.21434,84.184,86.35656
2022-01-21 11:03:38.010333,84.00888,84.4415,85.4527
2022-01-21 11:03:38.507425,84.26632,84.4935,85.4527
2022-01-21 11:03:39.006484,83.69946,83.92525,85.06062
2022-01-21 11:03:39.501382,85.14262,85.26725,85.06062
2022-01-21 11:03:40.009150,83.80219,83.92525,85.57051
2022-01-21 11:03:40.503329,84.42104,84.803,85.57051
2022-01-21 11:03:41.001552,83.85417,84.08,85.37447
2022-01-21 11:03:41.509153,84.31831,84.59625,85.37447
2022-01-21 11:03:42.007973,84.36905,84.54425,85.33489
2022-01-21 11:03:42.503571,83.80219,84.08,85.33489
2022-01-21 11:03:43.002924,84.26632,84.3895,85.64968
2022-01-21 11:03:43.511085,84.26632,84.64825,85.64968
2022-01-21 11:03:44.006788,84.1636,84.4935,86.08135
2022-01-21 11:03:44.501086,84.1636,84.4415,86.08135
2022-01-21 11:03:45.011216,83.90492,84.3895,84.98145
2022-01-21 11:03:45.507523,84.26632,84.4935,84.98145
2022-01-21 11:03:46.006368,84.26632,84.4935,86.19916
2022-01-21 11:03:46.502644,84.05963,84.23475,86.19916
2022-01-21 11:03:47.001202,83.64747,83.97725,85.33489
2022-01-21 11:03:47.509005,84.47302,84.59625,85.33489
2022-01-21 11:03:48.008616,84.26632,84.4415,85.29625
2022-01-21 11:03:48.502872,84.73046,85.0605,85.29625
2022-01-21 11:03:49.003018,84.00888,84.132,85.80614
2022-01-21 11:03:49.509634,84.11161,84.28675,85.80614
2022-01-21 11:03:50.010266,84.26632,84.3895,85.57051
2022-01-21 11:03:50.505372,84.42104,84.85375,85.57051
2022-01-21 11:03:51.003633,84.21434,84.33875,84.98145
2022-01-21 11:03:51.508633,84.00888,83.92525,84.98145
2022-01-21 11:03:52.008579,83.90492,84.23475,84.94281
2022-01-21 11:03:52.510473,84.31831,84.64825,84.94281
2022-01-21 11:03:53.007518,84.21434,84.4415,85.17843
2022-01-21 11:03:53.503560,83.90492,84.184,85.17843
2022-01-21 11:03:54.000905,83.9569,84.02925,85.92395
2022-01-21 11:03:54.506632,84.42104,84.64825,85.92395
2022-01-21 11:03:55.009919,84.11161,84.28675,85.57051
2022-01-21 11:03:55.504663,84.73046,84.90575,85.57051
2022-01-21 11:03:56.004101,83.7502,83.8745,85.96354
2022-01-21 11:03:56.510880,83.90492,84.23475,85.96354
2022-01-21 11:03:57.008356,84.73046,84.95775,85.17843
2022-01-21 11:03:57.503473,83.54475,83.71975,85.17843
2022-01-21 11:03:58.010793,84.57575,84.699,85.37447
2022-01-21 11:03:58.504618,83.90492,84.132,85.37447
2022-01-21 11:03:59.005105,84.62773,84.751,85.29625
2022-01-21 11:03:59.511084,84.21434,84.23475,85.29625
2022-01-21 11:04:00.001878,84.26632,84.3895,85.72791
2022-01-21 11:04:00.511232,83.85417,84.02925,85.72791
2022-01-21 11:04:01.009708,83.59549,83.97725,84.86364
2022-01-21 11:04:01.505311,84.67848,84.90575,84.86364
2022-01-21 11:04:02.004771,83.90492,84.08,85.17843
2022-01-21 11:04:02.502312,84.47302,84.803,85.17843
2022-01-21 11:04:03.003920,83.90492,83.97725,85.41406
2022-01-21 11:04:03.501272,84.47302,84.59625,85.41406
2022-01-21 11:04:04.001139,84.42104,84.54425,85.29625
2022-01-21 11:04:04.507202,83.69946,84.184,85.29625
2022-01-21 11:04:05.005789,84.05963,84.3895,86.31697
2022-01-21 11:04:05.501362,83.85417,84.184,86.31697
2022-01-21 11:04:06.007785,84.78245,84.90575,85.80614
2022-01-21 11:04:06.502374,83.9569,84.132,85.80614
2022-01-21 11:04:07.010115,84.1636,84.33875,85.13885
2022-01-21 11:04:07.505138,83.80219,83.8225,85.13885
2022-01-21 11:04:08.003091,84.42104,84.699,85.29625
2022-01-21 11:04:08.508652,84.05963,84.33875,85.29625
2022-01-21 11:04:09.006220,84.00888,84.28675,85.33489
2022-01-21 11:04:09.504199,84.31831,84.751,85.33489
2022-01-21 11:04:10.002247,83.49276,83.92525,85.37447
2022-01-21 11:04:10.507520,84.21434,84.4935,85.37447
2022-01-21 11:04:11.002346,83.9569,83.8745,85.72791
2022-01-21 11:04:11.508734,83.90492,84.184,85.72791
2022-01-21 11:04:12.006561,83.85417,83.92525,85.80614
2022-01-21 11:04:12.502718,84.36905,84.699,85.80614
2022-01-21 11:04:13.010686,84.05963,84.33875,85.21708
2022-01-21 11:04:13.507000,84.47302,84.59625,85.21708
2022-01-21 11:04:14.009227,83.7502,84.02925,85.92395
2022-01-21 11:04:14.504574,84.1636,84.23475,85.92395
2022-01-21 11:04:15.001770,84.26632,84.699,85.57051
2022-01-21 11:04:15.509034,84.36905,84.59625,85.57051
2022-01-21 11:04:16.007977,83.80219,84.33875,85.53187
2022-01-21 11:04:16.502762,84.31831,84.4415,85.53187
2022-01-21 11:04:17.004732,83.7502,84.3895,84.86364
2022-01-21 11:04:17.511498,84.31831,84.4935,84.86364
2022-01-21 11:04:18.005985,83.80219,83.8225,85.68833
2022-01-21 11:04:18.502812,84.42104,84.59625,85.68833
2022-01-21 11:04:19.010001,84.31831,84.699,85.13885
2022-01-21 11:04:19.506731,84.31831,84.4935,85.13885
2022-01-21 11:04:20.006918,84.52377,84.95775,85.37447
2022-01-21 11:04:20.501812,83.69946,84.184,85.37447
2022-01-21 11:04:21.009940,84.1636,84.23475,86.63083
2022-01-21 11:04:21.506440,84.42104,84.751,86.63083
2022-01-21 11:04:22.005827,83.9569,84.08,85.64968
2022-01-21 11:04:22.503234,84.21434,84.3895,85.64968
2022-01-21 11:04:23.002204,83.7502,84.02925,85.68833
2022-01-21 11:04:23.508013,84.73046,85.0605,85.68833
2022-01-21 11:04:24.006258,84.05963,84.4935,85.64968
2022-01-21 11:04:24.503873,84.52377,84.803,85.64968
2022-01-21 11:04:25.002599,83.90492,84.33875,85.72791
2022-01-21 11:04:25.509166,84.11161,84.33875,85.72791
2022-01-21 11:04:26.006868,84.62773,84.90575,85.06062
2022-01-21 11:04:26.504590,83.7502,84.02925,85.06062
2022-01-21 11:04:27.004186,84.1636,84.4415,85.80614
2022-01-21 11:04:27.510009,83.7502,84.33875,85.80614
2022-01-21 11:04:28.007546,84.57575,84.64825,85.64968
2022-01-21 11:04:28.502144,83.64747,84.08,85.64968
2022-01-21 11:04:29.010098,84.05963,84.33875,84.90322
2022-01-21 11:04:29.504405,84.05963,84.132,84.90322
2022-01-21 11:04:30.002827,84.26632,84.54425,85.92395
2022-01-21 11:04:30.508194,84.21434,84.803,85.92395
2022-01-21 11:04:31.006918,84.11161,84.4415,85.41406
2022-01-21 11:04:31.502467,84.1636,84.59625,85.41406
2022-01-21 11:04:32.001250,83.64747,84.184,84.98145
2022-01-21 11:04:32.506703,84.67848,84.699,84.98145
2022-01-21 11:04:33.005779,84.21434,84.08,85.80614
2022-01-21 11:04:33.510993,83.9569,84.28675,85.80614
2022-01-21 11:04:34.505708,83.59549,83.97725,85.64968
2022-01-21 11:04:35.004381,84.83319,85.26725,85.96354
2022-01-21 11:04:35.510645,84.05963,84.132,85.96354
2022-01-21 11:04:36.007508,84.88517,84.90575,86.12093
2022-01-21 11:04:36.502705,84.05963,84.08,86.12093
2022-01-21 11:04:37.010378,84.05963,84.28675,85.64968
2022-01-21 11:04:37.506039,84.26632,84.54425,85.64968
2022-01-21 11:04:38.003806,84.11161,84.28675,85.68833
2022-01-21 11:04:38.509530,83.80219,84.08,85.68833
2022-01-21 11:04:39.007278,84.26632,84.4415,85.17843
2022-01-21 11:04:39.502883,84.1636,84.3895,85.17843
2022-01-21 11:04:40.010785,84.26632,84.23475,85.21708
2022-01-21 11:04:40.506989,84.00888,84.23475,85.21708
2022-01-21 11:04:41.005535,84.00888,84.08,85.57051
2022-01-21 11:04:41.503998,84.21434,84.54425,85.57051
2022-01-21 11:04:42.003475,84.21434,84.54425,85.92395
2022-01-21 11:04:42.510241,83.23532,83.61575,85.92395
2022-01-21 11:04:43.008719,84.1636,84.23475,85.21708
2022-01-21 11:04:43.502976,84.21434,84.4935,85.21708
2022-01-21 11:04:44.001793,84.1636,84.184,86.15958
2022-01-21 11:04:44.508471,84.67848,84.90575,86.15958
2022-01-21 11:04:45.006986,83.54475,83.8745,86.04176
2022-01-21 11:04:45.502702,84.52377,84.95775,86.04176
2022-01-21 11:04:46.001471,83.9569,84.4935,85.6101
2022-01-21 11:04:46.506464,84.1636,84.4415,85.6101
2022-01-21 11:04:47.004579,84.11161,84.132,85.29625
2022-01-21 11:04:47.503113,84.47302,84.64825,85.29625
2022-01-21 11:04:48.001285,84.36905,84.4935,85.33489
2022-01-21 11:04:48.506949,83.9569,84.132,85.33489
2022-01-21 11:04:49.006538,84.62773,84.95775,85.7675
2022-01-21 11:04:49.504756,83.9569,84.33875,85.7675
2022-01-21 11:04:50.003456,84.42104,84.803,86.27739
2022-01-21 11:04:50.510170,84.42104,84.54425,86.27739
2022-01-21 11:04:51.007031,83.9569,83.92525,85.6101
2022-01-21 11:04:51.511018,84.1636,84.4935,85.6101
2022-01-21 11:04:52.010289,83.69946,84.02925,85.64968
2022-01-21 11:04:52.506910,84.67848,85.0605,85.64968
2022-01-21 11:04:53.006746,83.85417,84.28675,86.27739
2022-01-21 11:04:53.503285,84.47302,84.64825,86.27739
2022-01-21 11:04:54.002793,83.54475,83.97725,84.78541
2022-01-21 11:04:54.509256,84.78245,84.90575,84.78541
2022-01-21 11:04:55.007911,83.69946,83.92525,86.12093
2022-01-21 11:04:55.505556,84.67848,84.59625,86.12093
2022-01-21 11:04:56.004405,83.90492,83.97725,85.29625
2022-01-21 11:04:56.509960,83.9569,84.59625,85.29625
2022-01-21 11:04:57.008544,84.9879,85.16325,84.90322
2022-01-21 11:04:57.502621,83.02862,83.41025,84.90322
2022-01-21 11:04:58.001193,84.73046,84.803,86.04176
2022-01-21 11:04:58.506548,84.00888,84.23475,86.04176
2022-01-21 11:04:59.004451,84.36905,84.3895,85.33489
2022-01-21 11:04:59.509661,84.21434,84.699,85.33489
2022-01-21 11:05:00.009654,83.59549,84.08,85.25666
2022-01-21 11:05:00.508669,84.52377,84.699,85.25666
2022-01-21 11:05:01.006822,83.85417,84.4935,86.23875
2022-01-21 11:05:01.501141,84.52377,84.59625,86.23875
2022-01-21 11:05:02.010176,84.26632,84.28675,85.29625
2022-01-21 11:05:02.506624,84.1636,84.184,85.29625
2022-01-21 11:05:03.004729,84.21434,84.33875,85.41406
2022-01-21 11:05:03.510483,83.9569,84.3895,85.41406
2022-01-21 11:05:04.010687,84.57575,84.699,85.72791
2022-01-21 11:05:04.505651,83.80219,84.23475,85.72791
2022-01-21 11:05:05.004160,84.36905,84.54425,85.41406
2022-01-21 11:05:05.509914,84.52377,84.59625,85.41406
2022-01-21 11:05:06.007471,84.73046,84.751,85.29625
2022-01-21 11:05:06.503899,84.21434,84.33875,85.29625
2022-01-21 11:05:07.002185,83.69946,84.02925,85.92395
2022-01-21 11:05:07.505620,84.11161,84.3895,85.92395
2022-01-21 11:05:08.002712,84.47302,84.85375,85.80614
2022-01-21 11:05:08.508598,84.00888,84.02925,85.80614
2022-01-21 11:05:09.007133,84.00888,84.54425,85.7675
2022-01-21 11:05:09.501773,84.26632,84.184,85.7675
2022-01-21 11:05:10.001059,84.57575,84.699,84.86364
2022-01-21 11:05:10.506854,84.11161,84.4415,84.86364
2022-01-21 11:05:11.010708,84.62773,84.95775,85.92395
2022-01-21 11:05:11.505475,83.59549,83.92525,85.92395
2022-01-21 11:05:12.004365,84.57575,84.85375,85.29625
2022-01-21 11:05:12.509843,84.05963,84.23475,85.29625
2022-01-21 11:05:13.007899,84.52377,84.64825,85.25666
2022-01-21 11:05:13.505138,83.80219,83.8745,85.25666
2022-01-21 11:05:14.005628,84.05963,84.33875,86.63083
2022-01-21 11:05:14.510104,84.67848,85.0605,86.63083
2022-01-21 11:05:15.008426,83.90492,84.3895,85.7675
2022-01-21 11:05:15.503034,84.52377,84.699,85.7675
2022-01-21 11:05:16.002852,83.33805,83.66775,85.41406
2022-01-21 11:05:16.507935,84.42104,84.4935,85.41406
2022-01-21 11:05:17.006435,84.67848,84.751,85.6101
2022-01-21 11:05:17.501523,84.11161,84.132,85.6101
2022-01-21 11:05:18.001565,84.11161,84.3895,86.23875
2022-01-21 11:05:18.506835,83.80219,84.3895,86.23875
2022-01-21 11:05:19.004711,84.83319,85.26725,85.7675
2022-01-21 11:05:19.509144,83.33805,83.66775,85.7675
2022-01-21 11:05:20.007666,84.67848,84.64825,86.51301
2022-01-21 11:05:20.503831,83.49276,83.66775,86.51301
2022-01-21 11:05:21.001095,84.73046,84.85375,85.64968
2022-01-21 11:05:21.506841,84.52377,84.699,85.64968
2022-01-21 11:05:22.004639,83.49276,83.8225,84.98145
2022-01-21 11:05:22.509731,84.52377,84.699,84.98145
2022-01-21 11:05:23.007631,83.23532,83.565,85.6101
2022-01-21 11:05:23.501637,84.83319,84.85375,85.6101
2022-01-21 11:05:24.010217,83.90492,84.23475,85.53187
2022-01-21 11:05:24.504482,84.36905,84.4415,85.53187
2022-01-21 11:05:25.003081,84.42104,84.4935,84.98145
2022-01-21 11:05:25.508091,84.05963,84.4935,84.98145
2022-01-21 11:05:26.006374,84.21434,84.64825,85.53187
2022-01-21 11:05:26.502623,84.1636,84.4935,85.53187
2022-01-21 11:05:27.011023,84.31831,84.23475,85.68833
2022-01-21 11:05:27.506469,83.39003,83.92525,85.68833
2022-01-21 11:05:28.004741,84.83319,84.699,85.84572
2022-01-21 11:05:28.510562,84.52377,84.90575,85.84572
2022-01-21 11:05:29.008004,84.00888,84.4415,86.08135
2022-01-21 11:05:29.504455,84.26632,84.699,86.08135
2022-01-21 11:05:30.001837,83.90492,84.132,85.41406
2022-01-21 11:05:30.506573,84.62773,84.64825,85.41406
2022-01-21 11:05:31.005275,83.7502,84.3895,85.25666
2022-01-21 11:05:31.511221,83.90492,84.184,85.25666
2022-01-21 11:05:32.010872,84.42104,84.699,85.80614
2022-01-21 11:05:32.504574,84.42104,84.59625,85.80614
2022-01-21 11:05:33.002003,84.00888,84.3895,85.53187
2022-01-21 11:05:33.509333,84.11161,84.64825,85.53187
2022-01-21 11:05:34.007902,83.39003,83.461,85.64968
2022-01-21 11:05:34.503544,83.85417,84.184,85.64968
2022-01-21 11:05:35.004269,84.83319,84.90575,239.15937
2022-01-21 11:05:35.510497,83.7502,84.08,239.15937
2022-01-21 11:05:36.008345,84.62773,84.803,216.73541
2022-01-21 11:05:36.503494,83.44078,83.71975,216.73541
2022-01-21 11:05:37.002388,84.42104,84.85375,173.02697
2022-01-21 11:05:37.507366,84.36905,84.4415,173.02697
2022-01-21 11:05:38.004190,83.23532,83.461,113.33562
2022-01-21 11:05:38.509804,84.31831,84.33875,113.33562
2022-01-21 11:05:39.007559,84.00888,84.23475,92.91447
2022-01-21 11:05:39.502300,84.42104,84.3895,92.91447
2022-01-21 11:05:40.011069,84.00888,84.3895,91.89375
2022-01-21 11:05:40.507394,83.7502,84.08,91.89375
2022-01-21 11:05:41.007811,84.47302,84.751,88.12375
2022-01-21 11:05:41.501376,84.36905,84.699,88.12375
2022-01-21 11:05:42.010288,84.67848,84.699,87.02385
2022-01-21 11:05:42.506821,83.59549,84.02925,87.02385
2022-01-21 11:05:43.005210,84.47302,84.751,86.74864
2022-01-21 11:05:43.501094,84.26632,84.4415,86.74864
2022-01-21 11:05:44.010840,83.7502,83.92525,85.4527
2022-01-21 11:05:44.506245,84.31831,84.54425,85.4527
2022-01-21 11:05:45.005984,83.49276,83.8225,86.27739
2022-01-21 11:05:45.501834,84.47302,84.4935,86.27739
2022-01-21 11:05:46.010325,84.42104,84.59625,85.6101
2022-01-21 11:05:46.507171,84.05963,84.23475,85.6101
2022-01-21 11:05:47.006433,84.26632,84.23475,85.02104
2022-01-21 11:05:47.502447,83.9569,84.3895,85.02104
2022-01-21 11:05:48.010660,84.36905,84.4935,85.68833
2022-01-21 11:05:48.506852,83.69946,83.97725,85.68833
2022-01-21 11:05:49.006732,84.47302,84.64825,85.64968
2022-01-21 11:05:49.504094,83.18334,83.8225,85.64968
2022-01-21 11:05:50.003353,85.03989,85.0605,85.4527
2022-01-21 11:05:50.508989,83.69946,84.08,85.4527
2022-01-21 11:05:51.011194,84.21434,84.54425,86.08135
2022-01-21 11:05:51.507024,84.11161,84.33875,86.08135
2022-01-21 11:05:52.005723,83.90492,84.33875,86.23875
2022-01-21 11:05:52.502385,84.57575,84.699,86.23875
2022-01-21 11:05:53.010770,84.00888,84.28675,85.49229
2022-01-21 11:05:53.506505,84.52377,84.54425,85.49229
2022-01-21 11:05:54.004724,84.21434,84.64825,86.19916
2022-01-21 11:05:54.510396,83.64747,84.08,86.19916
2022-01-21 11:05:55.008644,84.1636,84.4415,85.09926
2022-01-21 11:05:55.504020,84.26632,84.4935,85.09926
2022-01-21 11:05:56.002462,84.00888,84.184,85.57051
2022-01-21 11:05:56.507654,84.21434,84.699,85.57051
2022-01-21 11:05:57.008008,84.05963,84.08,85.41406
2022-01-21 11:05:57.503822,84.05963,84.28675,85.41406
2022-01-21 11:05:58.003792,84.36905,84.4935,85.21708
2022-01-21 11:05:58.510393,84.11161,84.33875,85.21708
2022-01-21 11:05:59.008489,84.26632,84.699,85.4527
2022-01-21 11:05:59.503453,84.00888,84.184,85.4527
2022-01-21 11:06:00.002242,84.21434,84.54425,85.49229
2022-01-21 11:06:00.506822,84.11161,84.23475,85.49229
2022-01-21 11:06:01.005377,84.00888,84.4935,85.02104
2022-01-21 11:06:01.501514,84.26632,84.3895,85.02104
2022-01-21 11:06:02.505849,83.9569,84.184,85.02104
2022-01-21 11:06:03.004353,84.11161,84.3895,86.08135
2022-01-21 11:06:03.510043,84.21434,84.4935,86.08135
2022-01-21 11:06:04.008380,83.85417,83.97725,85.33489
2022-01-21 11:06:04.503983,84.26632,84.64825,85.33489
2022-01-21 11:06:05.003251,83.90492,84.132,86.00312
2022-01-21 11:06:05.507402,84.52377,84.803,86.00312
2022-01-21 11:06:06.006929,83.90492,84.28675,85.68833
2022-01-21 11:06:06.502409,84.42104,84.4415,85.68833
2022-01-21 11:06:07.011369,83.54475,83.8745,85.64968
2022-01-21 11:06:07.507482,84.67848,84.699,85.64968
2022-01-21 11:06:08.005493,83.9569,84.3895,85.57051
2022-01-21 11:06:08.511100,84.00888,84.28675,85.57051
2022-01-21 11:06:09.010480,84.31831,84.28675,85.7675
2022-01-21 11:06:09.505306,83.90492,84.28675,85.7675
2022-01-21 11:06:10.004690,84.67848,84.95775,85.13885
2022-01-21 11:06:10.509799,84.05963,84.33875,85.13885
2022-01-21 11:06:11.004748,84.26632,84.4415,85.92395
2022-01-21 11:06:11.510355,83.85417,84.184,85.92395
2022-01-21 11:06:12.009783,84.67848,84.803,85.13885
2022-01-21 11:06:12.504393,84.31831,84.54425,85.13885
2022-01-21 11:06:13.004370,84.05963,84.132,86.31697
2022-01-21 11:06:13.511065,84.05963,84.23475,86.31697
2022-01-21 11:06:14.009209,83.7502,84.23475,85.17843
2022-01-21 11:06:14.504335,84.73046,84.95775,85.17843
2022-01-21 11:06:15.002558,83.44078,83.8225,85.13885
2022-01-21 11:06:15.507643,84.78245,84.803,85.13885
2022-01-21 11:06:16.006686,83.54475,83.92525,85.92395
2022-01-21 11:06:16.503189,84.21434,84.64825,85.92395
2022-01-21 11:06:17.004901,84.78245,84.95775,85.41406
2022-01-21 11:06:17.502255,83.23532,83.565,85.41406
2022-01-21 11:06:18.002755,84.57575,84.699,85.53187
2022-01-21 11:06:18.507360,83.80219,84.132,85.53187
2022-01-21 11:06:19.007684,84.42104,84.59625,84.94281
2022-01-21 11:06:19.502634,84.1636,84.699,84.94281
2022-01-21 11:06:20.001145,84.05963,84.132,85.29625
2022-01-21 11:06:20.510791,84.31831,84.64825,85.29625
2022-01-21 11:06:21.008400,84.21434,84.54425,84.98145
2022-01-21 11:06:21.503587,83.85417,84.184,84.98145
2022-01-21 11:06:22.002064,84.1636,84.4415,86.12093
2022-01-21 11:06:22.508918,84.1636,84.33875,86.12093
2022-01-21 11:06:23.006017,84.00888,84.64825,85.09926
2022-01-21 11:06:23.510911,83.90492,84.08,85.09926
2022-01-21 11:06:24.007920,84.36905,84.4935,86.43479
2022-01-21 11:06:24.504977,84.31831,84.64825,86.43479
2022-01-21 11:06:25.005927,84.31831,84.4415,86.78822
2022-01-21 11:06:25.501217,84.05963,84.4415,86.78822
2022-01-21 11:06:26.008627,84.05963,84.08,85.29625
2022-01-21 11:06:26.503655,83.9569,84.54425,85.29625
2022-01-21 11:06:27.001144,83.90492,84.132,86.12093
2022-01-21 11:06:27.505864,84.62773,84.85375,86.12093
2022-01-21 11:06:28.004023,84.26632,84.59625,85.84572
2022-01-21 11:06:28.508672,84.36905,84.54425,85.84572
2022-01-21 11:06:29.006309,83.80219,84.184,85.53187
2022-01-21 11:06:29.507186,84.42104,84.4415,85.53187
2022-01-21 11:06:30.004924,83.69946,84.33875,85.41406
2022-01-21 11:06:30.500890,84.47302,84.54425,85.41406
2022-01-21 11:06:31.010275,84.11161,84.3895,85.25666
2022-01-21 11:06:31.505746,83.59549,83.8745,85.25666
2022-01-21 11:06:32.005925,84.73046,84.85375,85.68833
2022-01-21 11:06:32.502533,84.05963,84.4415,85.68833
2022-01-21 11:06:33.001156,84.57575,84.59625,86.43479
2022-01-21 11:06:33.508474,83.39003,83.8225,86.43479
2022-01-21 11:06:34.006799,84.11161,84.33875,85.41406
2022-01-21 11:06:34.501289,84.36905,84.90575,85.41406
2022-01-21 11:06:35.010669,84.21434,84.54425,85.21708
2022-01-21 11:06:35.505692,84.57575,84.699,85.21708
2022-01-21 11:06:36.004940,83.59549,83.8225,86.00312
2022-01-21 11:06:36.501181,84.57575,84.64825,86.00312
2022-01-21 11:06:37.009815,83.54475,84.28675,85.21708
2022-01-21 11:06:37.505879,84.83319,84.90575,85.21708
2022-01-21 11:06:38.004479,83.13135,83.71975,86.08135
2022-01-21 11:06:38.501862,84.62773,84.59625,86.08135
2022-01-21 11:06:39.010380,84.52377,84.751,85.17843
2022-01-21 11:06:39.506700,83.7502,84.02925,85.17843
2022-01-21 11:06:40.003960,84.62773,84.751,85.41406
2022-01-21 11:06:40.509562,83.18334,83.565,85.41406
2022-01-21 11:06:41.009098,84.78245,85.0085,85.29625
2022-01-21 11:06:41.503119,83.90492,84.54425,85.29625
2022-01-21 11:06:42.001009,84.05963,84.23475,85.64968
2022-01-21 11:06:42.508407,84.31831,84.184,85.64968
2022-01-21 11:06:43.006336,84.1636,84.3895,85.09926
2022-01-21 11:06:43.511025,84.21434,84.4415,85.09926
2022-01-21 11:06:44.008547,84.1636,84.4415,86.19916
2022-01-21 11:06:44.503120,84.26632,84.4415,86.19916
2022-01-21 11:06:45.002584,83.85417,84.4935,85.53187
2022-01-21 11:06:45.508085,84.57575,84.85375,85.53187
2022-01-21 11:06:46.006284,83.9569,84.132,85.17843
2022-01-21 11:06:46.502638,84.47302,84.59625,85.17843
2022-01-21 11:06:47.003216,84.05963,84.132,85.29625
2022-01-21 11:06:47.511056,83.90492,84.54425,85.29625
2022-01-21 11:06:48.008991,84.36905,84.4415,85.37447
2022-01-21 11:06:48.504739,83.80219,84.33875,85.37447
2022-01-21 11:06:49.002763,84.57575,84.751,86.23875
2022-01-21 11:06:49.508785,84.11161,84.3895,86.23875
2022-01-21 11:06:50.006492,84.57575,84.803,85.92395
2022-01-21 11:06:50.501320,84.05963,84.28675,85.92395
2022-01-21 11:06:51.010390,84.36905,84.699,85.33489
2022-01-21 11:06:51.508070,83.9569,84.28675,85.33489
2022-01-21 11:06:52.006918,84.05963,84.59625,86.35656
2022-01-21 11:06:52.502989,84.26632,84.4415,86.35656
2022-01-21 11:06:53.001297,84.05963,84.33875,87.02385
2022-01-21 11:06:53.506774,84.21434,84.132,87.02385
2022-01-21 11:06:54.004102,84.42104,84.54425,85.09926
2022-01-21 11:06:54.509570,83.69946,84.08,85.09926
2022-01-21 11:06:55.008992,84.31831,84.54425,85.21708
2022-01-21 11:06:55.504787,83.80219,84.28675,85.21708
2022-01-21 11:06:56.003279,84.52377,84.803,85.21708
2022-01-21 11:06:56.510505,84.42104,84.33875,85.21708
2022-01-21 11:06:57.008787,84.05963,84.3895,85.02104
2022-01-21 11:06:57.504330,84.57575,84.54425,85.02104
2022-01-21 11:06:58.001957,83.7502,84.08,85.6101
2022-01-21 11:06:58.506837,84.11161,84.4415,85.6101
2022-01-21 11:06:59.007244,84.05963,84.23475,84.98145
2022-01-21 11:06:59.503391,84.21434,84.4935,84.98145
2022-01-21 11:07:00.001755,84.05963,84.699,85.68833
2022-01-21 11:07:00.501707,83.9569,84.33875,85.68833
2022-01-21 11:07:01.010140,84.21434,84.4415,85.4527
2022-01-21 11:07:01.503894,84.1636,84.4415,85.4527
2022-01-21 11:07:02.001755,84.47302,84.699,86.59218
2022-01-21 11:07:02.507501,83.13135,83.513,86.59218
2022-01-21 11:07:03.005495,84.73046,84.90575,85.72791
2022-01-21 11:07:03.501369,83.7502,84.28675,85.72791
2022-01-21 11:07:04.010982,84.62773,84.59625,85.96354
2022-01-21 11:07:04.507226,84.00888,84.02925,85.96354
2022-01-21 11:07:05.005723,84.00888,84.33875,84.90322
2022-01-21 11:07:05.510813,84.31831,84.54425,84.90322
2022-01-21 11:07:06.010401,84.11161,84.699,85.68833
2022-01-21 11:07:06.502863,84.26632,84.4935,85.68833
2022-01-21 11:07:07.010908,84.05963,84.33875,85.49229
2022-01-21 11:07:07.505956,84.52377,84.85375,85.49229
2022-01-21 11:07:08.004281,84.00888,84.02925,85.25666
2022-01-21 11:07:08.510759,84.47302,84.699,85.25666
2022-01-21 11:07:09.009234,83.7502,83.8745,85.72791
2022-01-21 11:07:09.505268,84.36905,84.751,85.72791
2022-01-21 11:07:10.003405,84.42104,84.64825,85.80614
2022-01-21 11:07:10.507859,83.85417,84.4935,85.80614
2022-01-21 11:07:11.003306,84.42104,84.59625,85.13885
2022-01-21 11:07:11.510765,83.7502,83.97725,85.13885
2022-01-21 11:07:12.008567,84.52377,84.54425,86.19916
2022-01-21 11:07:12.503551,84.47302,84.3895,86.19916
2022-01-21 11:07:13.001177,83.69946,84.08,85.49229
2022-01-21 11:07:13.509180,84.31831,84.184,85.49229
2022-01-21 11:07:14.007257,84.1636,84.85375,85.68833
2022-01-21 11:07:14.511386,84.21434,84.33875,85.68833
2022-01-21 11:07:15.001341,83.59549,83.97725,86.12093
2022-01-21 11:07:15.506790,84.31831,84.3895,86.12093
2022-01-21 11:07:16.005051,84.36905,84.3895,85.49229
2022-01-21 11:07:16.511029,84.42104,84.751,85.49229
2022-01-21 11:07:17.010190,83.80219,83.92525,85.29625
2022-01-21 11:07:17.505797,84.31831,84.803,85.29625
2022-01-21 11:07:18.003446,84.05963,84.23475,86.74864
2022-01-21 11:07:18.510154,84.83319,85.0605,86.74864
2022-01-21 11:07:19.005511,83.80219,83.92525,85.84572
2022-01-21 11:07:19.510516,84.57575,84.4935,85.84572
2022-01-21 11:07:20.007950,84.05963,84.132,85.6101
2022-01-21 11:07:20.504337,84.57575,84.751,85.6101
2022-01-21 11:07:21.001975,83.9569,84.59625,85.68833
2022-01-21 11:07:21.508223,84.00888,84.28675,85.68833
2022-01-21 11:07:22.006746,84.05963,84.54425,85.7675
2022-01-21 11:07:22.501382,84.05963,84.132,85.7675
2022-01-21 11:07:23.001145,84.00888,84.28675,85.49229
2022-01-21 11:07:23.505035,84.21434,84.28675,85.49229
2022-01-21 11:07:24.004128,83.90492,83.97725,85.68833
2022-01-21 11:07:24.509858,83.59549,84.08,85.68833
2022-01-21 11:07:25.007904,84.1636,84.3895,85.49229
2022-01-21 11:07:25.503483,84.00888,84.59625,85.49229
2022-01-21 11:07:26.001892,84.31831,84.33875,85.21708
2022-01-21 11:07:26.506837,84.47302,84.4415,85.21708
2022-01-21 11:07:27.006669,83.80219,83.97725,85.41406
2022-01-21 11:07:27.502526,84.47302,84.59625,85.41406
2022-01-21 11:07:28.010384,84.05963,84.54425,85.02104
2022-01-21 11:07:28.504457,84.11161,84.4415,85.02104
2022-01-21 11:07:29.004158,83.69946,84.132,85.53187
2022-01-21 11:07:29.508799,84.47302,84.803,85.53187
2022-01-21 11:07:30.008463,84.00888,84.23475,85.57051
2022-01-21 11:07:30.504803,84.57575,84.59625,85.57051
2022-01-21 11:07:31.001943,84.05963,83.92525,86.08135
2022-01-21 11:07:31.507389,83.85417,84.28675,86.08135
2022-01-21 11:07:32.006059,84.42104,84.803,85.6101
2022-01-21 11:07:32.510978,83.80219,84.184,85.6101
2022-01-21 11:07:33.009799,84.62773,84.699,86.04176
2022-01-21 11:07:33.504692,83.49276,83.92525,86.04176
2022-01-21 11:07:34.002480,84.62773,84.751,85.96354
2022-01-21 11:07:34.508431,84.42104,84.3895,85.96354
2022-01-21 11:07:35.007982,83.85417,84.184,86.35656
2022-01-21 11:07:35.503782,84.05963,84.33875,86.35656
2022-01-21 11:07:36.002959,83.9569,84.4935,84.62801
2022-01-21 11:07:36.509446,84.31831,84.54425,84.62801
2022-01-21 11:07:37.007488,84.21434,84.54425,86.59218
2022-01-21 11:07:37.503577,84.1636,84.132,86.59218
2022-01-21 11:07:38.002242,84.26632,84.184,85.6101
2022-01-21 11:07:38.507691,84.47302,84.751,85.6101
2022-01-21 11:07:39.007412,84.05963,84.54425,85.33489
2022-01-21 11:07:39.501961,84.05963,84.54425,85.33489
2022-01-21 11:07:40.010473,84.05963,84.08,86.35656
2022-01-21 11:07:40.504587,83.9569,84.3895,86.35656
2022-01-21 11:07:41.004747,84.67848,84.803,86.04176
2022-01-21 11:07:41.509828,84.42104,84.54425,86.04176
2022-01-21 11:07:42.008173,84.31831,84.4415,85.7675
2022-01-21 11:07:42.504474,83.7502,83.92525,85.7675
2022-01-21 11:07:43.003710,84.62773,85.21525,85.68833
2022-01-21 11:07:43.509800,83.64747,83.97725,85.68833
2022-01-21 11:07:44.008268,84.21434,84.54425,85.33489
2022-01-21 11:07:44.502023,83.54475,83.66775,85.33489
2022-01-21 11:07:45.010240,84.67848,84.803,85.41406
2022-01-21 11:07:45.507056,84.31831,84.54425,85.41406
2022-01-21 11:07:46.006025,84.26632,84.3895,85.72791
2022-01-21 11:07:46.510744,84.00888,84.33875,85.72791
2022-01-21 11:07:47.009717,84.11161,84.3895,85.37447
2022-01-21 11:07:47.504553,84.1636,84.64825,85.37447
2022-01-21 11:07:48.003248,84.00888,84.08,85.88531
2022-01-21 11:07:48.509175,84.47302,84.3895,85.88531
2022-01-21 11:07:49.007551,83.85417,83.92525,85.68833
2022-01-21 11:07:49.506544,84.62773,84.751,85.68833
2022-01-21 11:07:50.006912,84.00888,84.59625,85.02104
2022-01-21 11:07:50.510946,84.26632,84.59625,85.02104
2022-01-21 11:07:51.001936,84.1636,84.4415,85.7675
2022-01-21 11:07:51.509274,84.11161,84.33875,85.7675
2022-01-21 11:07:52.007774,83.64747,84.02925,85.33489
2022-01-21 11:07:52.501762,84.52377,84.699,85.33489
2022-01-21 11:07:53.009931,84.42104,84.3895,85.68833
2022-01-21 11:07:53.504866,83.80219,84.184,85.68833
2022-01-21 11:07:54.009519,84.1636,84.54425,86.00312
2022-01-21 11:07:54.505690,84.05963,84.33875,86.00312
2022-01-21 11:07:55.002639,84.47302,84.54425,85.4527
2022-01-21 11:07:55.508478,83.59549,84.08,85.4527
2022-01-21 11:07:56.008356,84.26632,84.4415,85.68833
2022-01-21 11:07:56.504842,84.47302,84.4415,85.68833
2022-01-21 11:07:57.004175,84.05963,84.4415,85.53187
2022-01-21 11:07:57.509784,84.67848,84.85375,85.53187
2022-01-21 11:07:58.008110,83.44078,83.92525,85.33489
2022-01-21 11:07:58.504477,84.57575,84.751,85.33489
2022-01-21 11:07:59.002273,83.85417,84.184,85.29625
2022-01-21 11:07:59.510033,84.47302,84.64825,85.29625
2022-01-21 11:08:00.008359,84.21434,84.33875,85.21708
2022-01-21 11:08:00.502505,83.80219,84.23475,85.21708
2022-01-21 11:08:01.001028,84.26632,84.4415,86.19916
2022-01-21 11:08:01.506290,84.21434,84.803,86.19916
2022-01-21 11:08:02.005812,84.26632,84.4935,86.00312
2022-01-21 11:08:02.511146,83.7502,84.23475,86.00312
2022-01-21 11:08:03.010458,84.47302,84.4935,85.80614
2022-01-21 11:08:03.508151,84.47302,84.59625,85.80614
2022-01-21 11:08:04.007311,84.26632,84.28675,84.86364
2022-01-21 11:08:04.501664,83.7502,84.02925,84.86364
2022-01-21 11:08:05.010617,84.05963,84.59625,85.57051
2022-01-21 11:08:05.506989,84.36905,84.59625,85.57051
2022-01-21 11:08:06.004658,84.00888,84.4415,85.17843
2022-01-21 11:08:06.509188,84.21434,84.4415,85.17843
2022-01-21 11:08:07.007536,84.05963,84.184,85.4527
2022-01-21 11:08:07.501876,84.57575,84.699,85.4527
2022-01-21 11:08:08.010814,84.26632,84.64825,86.71
2022-01-21 11:08:08.507200,83.90492,84.28675,86.71
2022-01-21 11:08:09.002409,83.9569,84.23475,85.02104
2022-01-21 11:08:09.509425,84.11161,84.59625,85.02104
2022-01-21 11:08:10.010331,84.21434,84.08,85.25666
2022-01-21 11:08:10.504628,84.00888,84.4415,85.25666
2022-01-21 11:08:11.009290,84.42104,84.3895,85.4527
2022-01-21 11:08:11.503710,84.62773,84.803,85.4527
2022-01-21 11:08:12.001107,83.9569,84.3895,85.06062
2022-01-21 11:08:12.505037,84.05963,84.4935,85.06062
2022-01-21 11:08:13.002817,84.1636,84.4415,85.6101
2022-01-21 11:08:13.507484,83.9569,84.08,85.6101
2022-01-21 11:08:14.006749,84.05963,84.3895,85.21708
2022-01-21 11:08:14.502500,84.21434,84.28675,85.21708
2022-01-21 11:08:15.010026,84.31831,84.184,85.80614
2022-01-21 11:08:15.506287,84.31831,84.751,85.80614
2022-01-21 11:08:16.004194,84.1636,84.64825,85.64968
2022-01-21 11:08:16.510742,83.64747,84.02925,85.64968
2022-01-21 11:08:17.010484,84.52377,84.803,85.49229
2022-01-21 11:08:17.506064,83.69946,84.132,85.49229
2022-01-21 11:08:18.004580,84.52377,84.699,85.6101
2022-01-21 11:08:18.510906,83.9569,84.184,85.6101
2022-01-21 11:08:19.010967,84.11161,84.3895,85.57051
2022-01-21 11:08:19.505707,84.57575,84.803,85.57051
2022-01-21 11:08:20.004071,83.90492,84.3895,85.41406
2022-01-21 11:08:20.509886,84.62773,84.751,85.41406
2022-01-21 11:08:21.007282,83.44078,83.97725,85.29625
2022-01-21 11:08:21.502980,84.36905,84.54425,85.29625
2022-01-21 11:08:22.001529,84.67848,84.64825,85.09926
2022-01-21 11:08:22.510287,83.9569,84.3895,85.09926
2022-01-21 11:08:23.009164,84.36905,84.751,85.33489
2022-01-21 11:08:23.504587,84.00888,84.4415,85.33489
2022-01-21 11:08:24.003242,84.73046,84.90575,85.37447
2022-01-21 11:08:24.510337,83.54475,83.8225,85.37447
2022-01-21 11:08:25.009731,84.62773,84.90575,85.4527
2022-01-21 11:08:25.510777,83.49276,83.7705,85.4527
2022-01-21 11:08:26.008174,84.88517,85.0605,85.92395
2022-01-21 11:08:26.502783,84.1636,84.33875,85.92395
2022-01-21 11:08:27.001129,84.21434,84.64825,86.19916
2022-01-21 11:08:27.508356,84.42104,84.699,86.19916
2022-01-21 11:08:28.006753,84.1636,84.54425,85.4527
2022-01-21 11:08:28.503978,84.52377,84.699,85.4527
2022-01-21 11:08:29.004197,83.59549,84.02925,85.21708
2022-01-21 11:08:29.508584,84.62773,84.90575,85.21708
2022-01-21 11:08:30.008192,84.00888,84.08,85.64968
2022-01-21 11:08:30.503973,84.21434,84.699,85.64968
2022-01-21 11:08:31.002677,84.21434,84.33875,85.7675
2022-01-21 11:08:31.508715,84.00888,84.23475,85.7675
2022-01-21 11:08:32.009904,83.90492,84.08,87.45551
2022-01-21 11:08:32.505749,84.00888,84.23475,87.45551
2022-01-21 11:08:33.002830,84.00888,84.08,233.54301
2022-01-21 11:08:33.508316,84.26632,84.33875,233.54301
2022-01-21 11:08:34.007071,84.47302,84.803,217.87395
2022-01-21 11:08:34.504135,83.80219,84.184,217.87395
2022-01-21 11:08:35.002001,84.11161,84.33875,155.3551
2022-01-21 11:08:35.508402,83.7502,83.92525,155.3551
2022-01-21 11:08:36.006357,84.31831,84.699,99.78718
2022-01-21 11:08:36.503556,84.1636,84.33875,99.78718
2022-01-21 11:08:37.011084,83.9569,83.92525,92.40364
2022-01-21 11:08:37.505518,84.57575,84.803,92.40364
2022-01-21 11:08:38.003578,83.59549,83.7705,89.14447
2022-01-21 11:08:38.509110,84.83319,85.21525,89.14447
2022-01-21 11:08:39.007657,83.80219,83.97725,87.53468
2022-01-21 11:08:39.504609,83.9569,84.23475,87.53468
2022-01-21 11:08:40.006250,84.52377,84.751,87.3377
2022-01-21 11:08:40.503127,84.26632,84.4935,87.3377
2022-01-21 11:08:41.003421,84.52377,84.803,86.98426
2022-01-21 11:08:41.510686,83.85417,84.02925,86.98426
2022-01-21 11:08:42.008714,84.00888,84.33875,85.72791
2022-01-21 11:08:42.502585,84.36905,84.699,85.72791
2022-01-21 11:08:43.505947,84.42104,84.4415,86.15958
2022-01-21 11:08:44.006277,83.69946,83.92525,85.92395
2022-01-21 11:08:44.501499,84.73046,84.95775,85.92395
2022-01-21 11:08:45.010311,84.31831,84.3895,85.06062
2022-01-21 11:08:45.505465,83.7502,84.23475,85.06062
2022-01-21 11:08:46.004665,84.05963,84.184,85.53187
2022-01-21 11:08:46.502337,84.05963,84.3895,85.53187
2022-01-21 11:08:47.009799,84.52377,84.803,85.33489
2022-01-21 11:08:47.505446,83.54475,83.8225,85.33489
2022-01-21 11:08:48.004967,84.78245,85.0085,85.33489
2022-01-21 11:08:48.501312,84.11161,84.02925,85.33489
2022-01-21 11:08:49.010289,84.21434,84.54425,87.21989
2022-01-21 11:08:49.505183,84.26632,84.59625,87.21989
2022-01-21 11:08:50.003501,83.64747,83.97725,85.25666
2022-01-21 11:08:50.510977,84.31831,84.3895,85.25666
2022-01-21 11:08:51.010027,83.80219,84.28675,84.825
2022-01-21 11:08:51.506682,84.67848,85.0085,84.825
2022-01-21 11:08:52.004374,84.21434,84.4415,85.96354
2022-01-21 11:08:52.509231,84.42104,84.64825,85.96354
2022-01-21 11:08:53.006802,84.11161,84.23475,85.21708
2022-01-21 11:08:53.503481,83.7502,84.184,85.21708
2022-01-21 11:08:54.002470,84.67848,84.64825,85.6101
2022-01-21 11:08:54.507206,83.59549,84.08,85.6101
2022-01-21 11:08:55.008311,84.67848,84.95775,85.57051
2022-01-21 11:08:55.505635,83.85417,83.92525,85.57051
2022-01-21 11:08:56.002881,84.57575,84.95775,85.6101
2022-01-21 11:08:56.508192,84.1636,84.3895,85.6101
2022-01-21 11:08:57.007473,84.47302,84.95775,84.86364
2022-01-21 11:08:57.502848,83.90492,83.97725,84.86364
2022-01-21 11:08:58.003199,84.05963,84.4935,86.31697
2022-01-21 11:08:58.503951,84.00888,84.23475,86.31697
2022-01-21 11:08:59.001805,84.42104,84.85375,85.33489
2022-01-21 11:08:59.509515,84.1636,84.3895,85.33489
2022-01-21 11:09:00.008487,83.80219,83.97725,85.72791
2022-01-21 11:09:00.503307,84.42104,84.751,85.72791
2022-01-21 11:09:01.003933,84.05963,84.23475,86.98426
2022-01-21 11:09:01.509369,83.9569,84.184,86.98426
2022-01-21 11:09:02.005378,83.9569,84.184,86.63083
2022-01-21 11:09:02.501841,83.9569,84.28675,86.63083
2022-01-21 11:09:03.010972,84.73046,85.0085,84.86364
2022-01-21 11:09:03.510882,83.90492,84.132,84.86364
2022-01-21 11:09:04.009422,84.26632,84.699,86.59218
2022-01-21 11:09:04.506520,83.90492,84.184,86.59218
2022-01-21 11:09:05.004340,84.36905,84.59625,84.86364
2022-01-21 11:09:05.510693,84.31831,84.64825,84.86364
2022-01-21 11:09:06.008659,83.64747,84.184,85.6101
2022-01-21 11:09:06.502717,84.1636,84.3895,85.6101
2022-01-21 11:09:07.002191,84.42104,84.64825,85.49229
2022-01-21 11:09:07.505433,83.85417,84.23475,85.49229
2022-01-21 11:09:08.002645,84.31831,84.54425,85.72791
2022-01-21 11:09:08.509859,84.1636,84.28675,85.72791
2022-01-21 11:09:09.008829,84.1636,84.184,86.3952
2022-01-21 11:09:09.503698,84.11161,84.699,86.3952
2022-01-21 11:09:10.002361,84.11161,84.4415,85.68833
2022-01-21 11:09:10.507106,84.31831,84.3895,85.68833
2022-01-21 11:09:11.002835,84.05963,84.33875,85.21708
2022-01-21 11:09:11.510244,84.62773,84.803,85.21708
2022-01-21 11:09:12.009737,83.80219,84.132,86.31697
2022-01-21 11:09:12.505433,84.57575,84.803,86.31697
2022-01-21 11:09:13.002819,83.54475,83.97725,85.72791
2022-01-21 11:09:13.508131,84.47302,84.803,85.72791
2022-01-21 11:09:14.005505,84.1636,84.4415,84.90322
2022-01-21 11:09:14.501040,84.21434,84.33875,84.90322
2022-01-21 11:09:15.009849,84.31831,84.3895,85.88531
2022-01-21 11:09:15.505122,83.69946,84.08,85.88531
2022-01-21 11:09:16.003568,84.26632,84.4935,84.90322
2022-01-21 11:09:16.501736,83.69946,84.02925,84.90322
2022-01-21 11:09:17.010874,84.36905,84.699,87.02385
2022-01-21 11:09:17.506350,84.31831,84.59625,87.02385
2022-01-21 11:09:18.005551,84.26632,84.3895,85.92395
2022-01-21 11:09:18.510284,84.00888,84.184,85.92395
2022-01-21 11:09:19.007993,84.05963,84.3895,84.86364
2022-01-21 11:09:19.503609,84.62773,84.803,84.86364
2022-01-21 11:09:20.001894,83.54475,83.92525,86.15958
2022-01-21 11:09:20.506763,84.42104,84.751,86.15958
2022-01-21 11:09:21.008374,83.80219,84.184,85.41406
2022-01-21 11:09:21.504134,84.62773,84.699,85.41406
2022-01-21 11:09:22.002027,84.1636,84.23475,85.49229
2022-01-21 11:09:22.507030,83.9569,84.28675,85.49229
2022-01-21 11:09:23.005908,83.85417,84.28675,86.12093
2022-01-21 11:09:23.502274,84.42104,84.751,86.12093
2022-01-21 11:09:24.010794,84.1636,84.3895,86.08135
2022-01-21 11:09:24.506801,83.9569,84.3895,86.08135
2022-01-21 11:09:25.004557,84.52377,84.751,85.25666
2022-01-21 11:09:25.501365,84.1636,83.97725,85.25666
2022-01-21 11:09:26.008733,84.52377,84.90575,85.96354
2022-01-21 11:09:26.503023,83.7502,84.132,85.96354
2022-01-21 11:09:27.002329,84.00888,84.4415,84.94281
2022-01-21 11:09:27.508772,84.31831,84.699,84.94281
2022-01-21 11:09:28.007235,83.64747,84.184,86.43479
2022-01-21 11:09:28.501715,84.11161,84.184,86.43479
2022-01-21 11:09:29.004012,84.62773,84.85375,85.88531
2022-01-21 11:09:29.503520,83.90492,84.08,85.88531
2022-01-21 11:09:30.002388,84.57575,84.803,85.21708
2022-01-21 11:09:30.507483,83.59549,83.92525,85.21708
2022-01-21 11:09:31.007033,84.00888,84.3895,85.09926
2022-01-21 11:09:31.502748,84.00888,84.699,85.09926
2022-01-21 11:09:32.010411,84.31831,84.54425,85.64968
2022-01-21 11:09:32.505033,84.36905,84.28675,85.64968
2022-01-21 11:09:33.004450,84.1636,84.23475,85.49229
2022-01-21 11:09:33.509507,84.26632,84.59625,85.49229
2022-01-21 11:09:34.008906,84.05963,84.33875,85.72791
2022-01-21 11:09:34.505529,84.36905,84.54425,85.72791
2022-01-21 11:09:35.003927,83.64747,84.23475,85.37447
2022-01-21 11:09:35.501414,84.26632,84.699,85.37447
2022-01-21 11:09:36.010393,84.36905,84.699,86.08135
2022-01-21 11:09:36.504515,83.9569,84.02925,86.08135
2022-01-21 11:09:37.002254,84.57575,84.803,86.12093
2022-01-21 11:09:37.507252,83.90492,84.184,86.12093
2022-01-21 11:09:38.005401,84.67848,84.95775,86.12093
2022-01-21 11:09:38.510693,83.23532,83.71975,86.12093
2022-01-21 11:09:39.009984,84.00888,84.3895,86.19916
2022-01-21 11:09:39.505274,84.00888,84.23475,86.19916
2022-01-21 11:09:40.003722,84.36905,84.54425,85.64968
2022-01-21 11:09:40.508539,84.36905,84.4935,85.64968
2022-01-21 11:09:41.006809,83.7502,84.02925,86.00312
2022-01-21 11:09:42.005727,84.1636,84.4415,85.29625
2022-01-21 11:09:42.501781,84.83319,85.37,85.29625
2022-01-21 11:09:43.010807,83.90492,83.92525,86.15958
2022-01-21 11:09:43.510629,84.57575,84.54425,86.15958
2022-01-21 11:09:44.009788,83.90492,83.97725,85.49229
2022-01-21 11:09:44.504381,84.36905,84.699,85.49229
2022-01-21 11:09:45.002374,84.21434,84.33875,85.92395
2022-01-21 11:09:45.509827,83.7502,84.02925,85.92395
2022-01-21 11:09:46.007954,84.57575,84.90575,85.92395
2022-01-21 11:09:46.503802,83.9569,84.54425,85.92395
2022-01-21 11:09:47.001920,84.31831,84.59625,85.13885
2022-01-21 11:09:47.508583,83.69946,83.7705,85.13885
2022-01-21 11:09:48.006939,84.42104,84.699,85.49229
2022-01-21 11:09:48.503717,84.11161,84.23475,85.49229
2022-01-21 11:09:49.002426,83.9569,84.02925,85.41406
2022-01-21 11:09:49.508700,84.42104,84.751,85.41406
2022-01-21 11:09:50.008399,83.33805,83.92525,85.57051
2022-01-21 11:09:50.504100,84.93716,85.0085,85.57051
2022-01-21 11:09:51.001525,83.7502,83.8225,85.80614
2022-01-21 11:09:51.507140,84.31831,84.699,85.80614
2022-01-21 11:09:52.005114,84.05963,84.28675,85.68833
2022-01-21 11:09:52.502101,84.05963,84.3895,85.68833
2022-01-21 11:09:53.010694,84.36905,84.699,85.64968
2022-01-21 11:09:53.506947,83.9569,84.54425,85.64968
2022-01-21 11:09:54.005111,84.11161,84.33875,85.84572
2022-01-21 11:09:54.510338,84.47302,84.54425,85.84572
2022-01-21 11:09:55.008747,84.26632,84.08,85.25666
2022-01-21 11:09:55.503560,84.1636,84.28675,85.25666
2022-01-21 11:09:56.001472,84.05963,84.3895,85.72791
2022-01-21 11:09:56.506845,84.21434,84.64825,85.72791
2022-01-21 11:09:57.004782,83.7502,84.184,86.08135
2022-01-21 11:09:57.501093,84.57575,84.803,86.08135
2022-01-21 11:09:58.001160,84.1636,84.4415,85.37447
2022-01-21 11:09:58.507242,84.42104,84.4415,85.37447
2022-01-21 11:09:59.006432,84.42104,84.4415,85.64968
2022-01-21 11:09:59.511278,83.54475,83.97725,85.64968
2022-01-21 11:10:00.010416,84.31831,84.751,85.72791
2022-01-21 11:10:00.509107,83.80219,84.184,85.72791
2022-01-21 11:10:01.008304,84.42104,84.699,85.53187
2022-01-21 11:10:01.506418,83.69946,84.02925,85.53187
2022-01-21 11:10:02.005426,84.31831,84.4415,86.08135
2022-01-21 11:10:02.502493,84.62773,84.699,86.08135
2022-01-21 11:10:03.009952,84.26632,84.4935,85.72791
2022-01-21 11:10:03.505521,84.00888,84.33875,85.72791
2022-01-21 11:10:04.004097,83.80219,84.23475,86.00312
2022-01-21 11:10:04.509523,84.31831,84.699,86.00312
2022-01-21 11:10:05.007414,84.00888,84.4935,85.17843
2022-01-21 11:10:05.504035,84.52377,84.54425,85.17843
2022-01-21 11:10:06.002895,83.69946,83.513,85.57051
2022-01-21 11:10:06.507222,84.57575,84.59625,85.57051
2022-01-21 11:10:07.006371,84.52377,84.90575,85.41406
2022-01-21 11:10:07.510837,83.28607,83.66775,85.41406
2022-01-21 11:10:08.008322,84.57575,84.59625,85.88531
2022-01-21 11:10:08.507884,83.33805,83.92525,85.88531
2022-01-21 11:10:09.006668,84.62773,84.803,84.70718
2022-01-21 11:10:09.501195,83.85417,83.97725,84.70718
2022-01-21 11:10:10.009290,84.26632,84.33875,85.84572
2022-01-21 11:10:10.505302,84.26632,84.3895,85.84572
2022-01-21 11:10:11.009239,84.31831,84.699,86.08135
2022-01-21 11:10:11.505531,84.31831,84.803,86.08135
2022-01-21 11:10:12.002450,83.54475,83.97725,85.49229
2022-01-21 11:10:12.507613,84.73046,84.803,85.49229
2022-01-21 11:10:13.005428,83.7502,83.92525,85.92395
2022-01-21 11:10:13.510416,84.47302,84.54425,85.92395
2022-01-21 11:10:14.007691,83.9569,84.132,85.41406
2022-01-21 11:10:14.504050,84.00888,84.4415,85.41406
2022-01-21 11:10:15.002704,84.57575,84.85375,84.70718
2022-01-21 11:10:15.507745,83.54475,84.132,84.70718
2022-01-21 11:10:16.005482,84.42104,84.59625,86.3952
2022-01-21 11:10:16.511075,84.05963,84.3895,86.3952
2022-01-21 11:10:17.009168,84.1636,84.23475,86.04176
2022-01-21 11:10:17.502293,84.42104,84.54425,86.04176
2022-01-21 11:10:18.010208,84.1636,84.59625,85.29625
2022-01-21 11:10:18.506641,83.80219,84.28675,85.29625
2022-01-21 11:10:19.006478,84.36905,84.803,85.84572
2022-01-21 11:10:19.503405,84.31831,84.3895,85.84572
2022-01-21 11:10:20.002865,83.49276,83.8225,85.37447
2022-01-21 11:10:20.507447,84.47302,84.54425,85.37447
2022-01-21 11:10:21.007443,83.90492,84.08,85.33489
2022-01-21 11:10:21.505694,84.42104,84.64825,85.33489
2022-01-21 11:10:22.006461,84.1636,84.699,86.35656
2022-01-21 11:10:22.501261,83.85417,84.28675,86.35656
2022-01-21 11:10:23.010807,84.62773,84.751,85.68833
2022-01-21 11:10:23.505978,84.11161,84.59625,85.68833
2022-01-21 11:10:24.005394,84.11161,83.97725,86.23875
2022-01-21 11:10:24.510339,84.42104,84.54425,86.23875
2022-01-21 11:10:25.008014,83.9569,84.23475,85.57051
2022-01-21 11:10:25.502057,84.73046,85.0085,85.57051
2022-01-21 11:10:26.505123,83.9569,84.23475,85.21708
2022-01-21 11:10:27.002739,83.9569,84.3895,85.68833
2022-01-21 11:10:27.509204,84.83319,84.85375,85.68833
2022-01-21 11:10:28.007305,83.9569,83.92525,85.92395
2022-01-21 11:10:28.502553,84.36905,84.54425,85.92395
2022-01-21 11:10:29.001707,84.11161,84.54425,85.4527
2022-01-21 11:10:29.508398,83.7502,84.23475,85.4527
2022-01-21 11:10:30.007093,84.78245,85.0605,85.88531
2022-01-21 11:10:30.503606,83.28607,83.66775,85.88531
2022-01-21 11:10:31.002811,84.78245,85.0085,84.90322
2022-01-21 11:10:31.507768,84.05963,84.28675,84.90322
2022-01-21 11:10:32.006672,84.21434,84.28675,86.35656
2022-01-21 11:10:32.503961,84.36905,84.4935,86.35656
2022-01-21 11:10:33.003497,83.9569,84.28675,85.53187
2022-01-21 11:10:33.501873,84.21434,84.59625,85.53187
2022-01-21 11:10:34.010592,83.54475,83.97725,86.63083
2022-01-21 11:10:34.505517,84.42104,84.54425,86.63083
2022-01-21 11:10:35.006213,83.85417,84.02925,85.09926
2022-01-21 11:10:35.501128,84.62773,84.803,85.09926
2022-01-21 11:10:36.009398,84.31831,84.54425,85.64968
2022-01-21 11:10:36.504988,83.7502,84.132,85.64968
2022-01-21 11:10:37.003398,84.36905,84.85375,85.21708
2022-01-21 11:10:37.509890,83.7502,84.184,85.21708
2022-01-21 11:10:38.008054,84.73046,84.85375,85.49229
2022-01-21 11:10:38.503902,83.49276,84.02925,85.49229
2022-01-21 11:10:39.002205,84.47302,84.33875,85.4527
2022-01-21 11:10:39.507328,84.31831,84.184,85.4527
2022-01-21 11:10:40.005237,84.42104,84.803,85.21708
2022-01-21 11:10:40.511038,83.49276,83.92525,85.21708
2022-01-21 11:10:41.009643,84.21434,84.54425,86.19916
2022-01-21 11:10:41.504448,83.9569,84.08,86.19916
2022-01-21 11:10:42.003405,84.36905,84.90575,85.09926
2022-01-21 11:10:42.511099,83.85417,84.33875,85.09926
2022-01-21 11:10:43.008782,84.05963,84.132,85.33489
2022-01-21 11:10:43.503696,84.57575,84.803,85.33489
2022-01-21 11:10:44.001315,84.36905,84.699,85.7675
2022-01-21 11:10:44.507113,83.80219,84.28675,85.7675
2022-01-21 11:10:45.004688,84.1636,84.3895,86.15958
2022-01-21 11:10:45.510357,83.49276,83.8745,86.15958
2022-01-21 11:10:46.007950,84.88517,84.95775,85.25666
2022-01-21 11:10:46.504321,84.11161,84.184,85.25666
2022-01-21 11:10:47.002635,84.05963,84.33875,85.57051
2022-01-21 11:10:47.510256,84.31831,84.751,85.57051
2022-01-21 11:10:48.008471,84.1636,84.59625,85.72791
2022-01-21 11:10:48.503210,84.36905,84.4415,85.72791
2022-01-21 11:10:49.001361,83.90492,84.28675,85.92395
2022-01-21 11:10:49.506024,83.9569,84.02925,85.92395
2022-01-21 11:10:50.002945,84.62773,84.751,85.72791
2022-01-21 11:10:50.506752,84.05963,84.132,85.72791
2022-01-21 11:10:51.005121,84.42104,84.85375,85.33489
2022-01-21 11:10:51.502712,84.05963,84.4415,85.33489
2022-01-21 11:10:52.010477,84.31831,84.64825,85.33489
2022-01-21 11:10:52.505766,83.7502,84.132,85.33489
2022-01-21 11:10:53.005243,84.62773,84.64825,86.90604
2022-01-21 11:10:53.510592,83.9569,84.184,86.90604
2022-01-21 11:10:54.008387,84.05963,84.08,85.25666
2022-01-21 11:10:54.504457,84.67848,84.90575,85.25666
2022-01-21 11:10:55.001846,83.54475,84.08,85.41406
2022-01-21 11:10:55.507773,84.73046,85.16325,85.41406
2022-01-21 11:10:56.006385,83.59549,83.8745,85.68833
2022-01-21 11:10:56.501898,84.47302,84.803,85.68833
2022-01-21 11:10:57.010101,83.7502,84.08,85.37447
2022-01-21 11:10:57.505138,84.21434,84.28675,85.37447
2022-01-21 11:10:58.003587,84.57575,84.803,85.53187
2022-01-21 11:10:58.506780,83.9569,84.3895,85.53187
2022-01-21 11:10:59.006003,84.31831,84.4415,85.06062
2022-01-21 11:10:59.510551,84.00888,84.3895,85.06062
2022-01-21 11:11:00.007500,84.31831,84.4415,86.23875
2022-01-21 11:11:00.505131,84.00888,84.4415,86.23875
2022-01-21 11:11:01.002293,84.11161,84.184,86.04176
2022-01-21 11:11:01.507454,84.31831,84.4935,86.04176
2022-01-21 11:11:02.005984,84.1636,84.59625,85.41406
2022-01-21 11:11:02.501192,84.83319,85.26725,85.41406
2022-01-21 11:11:03.009956,83.69946,83.97725,85.84572
2022-01-21 11:11:03.502786,84.52377,84.54425,85.84572
2022-01-21 11:11:04.001492,83.90492,84.59625,85.6101
2022-01-21 11:11:04.506374,84.78245,84.85375,85.6101
2022-01-21 11:11:05.006582,83.7502,84.02925,85.29625
2022-01-21 11:11:05.510779,84.31831,84.54425,85.29625
2022-01-21 11:11:06.008977,83.85417,84.02925,85.57051
2022-01-21 11:11:06.505523,84.62773,84.95775,85.57051
2022-01-21 11:11:07.004579,83.9569,84.184,86.00312
2022-01-21 11:11:07.510863,83.69946,84.08,86.00312
2022-01-21 11:11:08.010519,84.67848,84.4935,84.86364
2022-01-21 11:11:08.506233,84.1636,84.54425,84.86364
2022-01-21 11:11:09.003238,84.21434,84.59625,85.7675
2022-01-21 11:11:09.510801,84.26632,84.54425,85.7675
2022-01-21 11:11:10.009922,83.59549,83.8745,85.41406
2022-01-21 11:11:10.504521,84.62773,84.85375,85.41406
2022-01-21 11:11:11.008985,83.85417,84.28675,86.19916
2022-01-21 11:11:11.504732,84.11161,84.33875,86.19916
2022-01-21 11:11:12.003420,84.31831,84.54425,86.35656
2022-01-21 11:11:12.508332,83.90492,84.02925,86.35656
2022-01-21 11:11:13.008461,84.83319,85.0605,85.6101
2022-01-21 11:11:13.504545,83.7502,84.184,85.6101
2022-01-21 11:11:14.003460,84.21434,84.4415,85.25666
2022-01-21 11:11:14.509187,83.85417,84.184,85.25666
2022-01-21 11:11:15.007063,84.52377,84.699,85.4527
2022-01-21 11:11:15.503606,83.7502,84.23475,85.4527
2022-01-21 11:11:16.001412,84.31831,84.3895,85.53187
2022-01-21 11:11:16.505876,84.57575,84.751,85.53187
2022-01-21 11:11:17.004301,83.64747,83.92525,85.92395
2022-01-21 11:11:17.509855,84.78245,85.0085,85.92395
2022-01-21 11:11:18.007908,83.59549,84.132,85.13885
2022-01-21 11:11:18.504060,84.52377,84.59625,85.13885
2022-01-21 11:11:19.001098,84.11161,84.59625,85.96354
2022-01-21 11:11:19.505886,84.05963,84.184,85.96354
2022-01-21 11:11:20.004777,84.83319,84.95775,86.08135
2022-01-21 11:11:20.501272,83.80219,84.02925,86.08135
2022-01-21 11:11:21.009933,84.78245,84.90575,85.29625
2022-01-21 11:11:21.504614,83.39003,83.61575,85.29625
2022-01-21 11:11:22.001960,84.62773,84.85375,86.19916
2022-01-21 11:11:22.509876,83.49276,84.02925,86.19916
2022-01-21 11:11:23.008603,84.78245,84.90575,85.4527
2022-01-21 11:11:23.505733,84.21434,84.3895,85.4527
2022-01-21 11:11:24.005306,84.26632,84.54425,85.25666
2022-01-21 11:11:24.510331,84.36905,84.4415,85.25666
2022-01-21 11:11:25.009120,83.64747,84.184,85.37447
2022-01-21 11:11:25.504395,84.62773,84.803,85.37447
2022-01-21 11:11:26.002373,83.23532,83.61575,85.72791
2022-01-21 11:11:26.507936,84.42104,84.4935,85.72791
2022-01-21 11:11:27.007288,84.21434,84.59625,85.96354
2022-01-21 11:11:27.502883,84.21434,84.3895,85.96354
2022-01-21 11:11:28.001359,84.21434,84.23475,85.96354
2022-01-21 11:11:28.507793,84.00888,84.28675,85.96354
2022-01-21 11:11:29.006281,84.57575,84.803,85.68833
2022-01-21 11:11:29.511084,83.44078,83.66775,85.68833
2022-01-21 11:11:30.010019,84.47302,84.59625,117.34125
2022-01-21 11:11:30.501405,83.7502,83.92525,117.34125
2022-01-21 11:11:31.010290,84.47302,84.699,241.75125
2022-01-21 11:11:31.506633,84.21434,84.54425,241.75125
2022-01-21 11:11:32.005325,83.39003,83.7705,207.11437
2022-01-21 11:11:32.501171,84.57575,84.64825,207.11437
2022-01-21 11:11:33.010457,83.59549,84.02925,136.19125
2022-01-21 11:11:33.505972,85.14262,85.21525,136.19125
2022-01-21 11:11:34.004874,83.13135,83.71975,90.59781
2022-01-21 11:11:34.510608,84.47302,84.59625,90.59781
2022-01-21 11:11:35.007298,83.9569,84.02925,94.21041
2022-01-21 11:11:35.502834,84.42104,84.64825,94.21041
2022-01-21 11:11:36.000976,83.59549,83.97725,88.83062
2022-01-21 11:11:36.510134,84.26632,84.59625,88.83062
2022-01-21 11:11:37.008330,84.42104,84.4935,86.82781
2022-01-21 11:11:37.503401,84.21434,84.751,86.82781
2022-01-21 11:11:38.001115,84.31831,84.4935,86.86645
2022-01-21 11:11:38.506673,83.9569,84.184,86.86645
2022-01-21 11:11:39.004891,84.26632,84.4415,86.35656
2022-01-21 11:11:39.510861,84.31831,84.4415,86.35656
2022-01-21 11:11:40.010369,83.85417,84.08,86.15958
2022-01-21 11:11:40.506658,84.11161,84.3895,86.15958
2022-01-21 11:11:41.006635,83.44078,84.02925,85.88531
2022-01-21 11:11:41.502622,84.62773,84.699,85.88531
2022-01-21 11:11:42.009933,84.31831,84.54425,86.19916
2022-01-21 11:11:42.504718,84.00888,84.33875,86.19916
2022-01-21 11:11:43.003442,84.26632,84.4415,85.17843
2022-01-21 11:11:43.508525,84.11161,84.4935,85.17843
2022-01-21 11:11:44.006823,84.47302,84.59625,85.21708
2022-01-21 11:11:44.502516,83.80219,84.184,85.21708
2022-01-21 11:11:45.009691,84.05963,84.184,85.64968
2022-01-21 11:11:45.507797,84.67848,85.0085,85.64968
2022-01-21 11:11:46.007444,84.1636,84.184,86.67041
2022-01-21 11:11:46.502890,84.1636,84.4415,86.67041
2022-01-21 11:11:47.001667,83.49276,83.92525,85.29625
2022-01-21 11:11:47.506381,84.73046,84.803,85.29625
2022-01-21 11:11:48.003892,83.64747,84.08,85.64968
2022-01-21 11:11:48.509084,84.47302,84.64825,85.64968
2022-01-21 11:11:49.008196,83.54475,84.08,85.02104
2022-01-21 11:11:49.504935,84.52377,84.699,85.02104
2022-01-21 11:11:50.004610,84.78245,84.64825,85.49229
2022-01-21 11:11:50.509897,83.69946,83.92525,85.49229
2022-01-21 11:11:51.006531,84.21434,84.4415,85.64968
2022-01-21 11:11:51.502575,84.00888,84.4415,85.64968
2022-01-21 11:11:52.008204,84.36905,84.4935,85.68833
2022-01-21 11:11:52.502639,83.7502,84.3895,85.68833
2022-01-21 11:11:53.001699,84.52377,84.751,85.37447
2022-01-21 11:11:53.506801,84.21434,84.23475,85.37447
2022-01-21 11:11:54.007350,84.47302,84.699,85.7675
2022-01-21 11:11:54.506511,84.05963,84.23475,85.7675
2022-01-21 11:11:55.006889,84.26632,84.4935,84.90322
2022-01-21 11:11:55.504805,84.1636,84.28675,84.90322
2022-01-21 11:11:56.002449,83.64747,84.4415,85.53187
2022-01-21 11:11:56.506859,84.36905,84.54425,85.53187
2022-01-21 11:11:57.006163,84.1636,84.132,85.72791
2022-01-21 11:11:57.502546,84.57575,84.751,85.72791
2022-01-21 11:11:58.009944,84.05963,84.23475,86.12093
2022-01-21 11:11:58.506291,84.05963,84.4935,86.12093
2022-01-21 11:11:59.006372,84.1636,84.3895,86.00312
2022-01-21 11:11:59.502759,84.73046,85.0085,86.00312
2022-01-21 11:12:00.005469,84.1636,84.132,85.64968
2022-01-21 11:12:00.504431,83.90492,84.132,85.64968
2022-01-21 11:12:01.006611,84.42104,84.803,85.37447
2022-01-21 11:12:01.510365,84.1636,84.28675,85.37447
2022-01-21 11:12:02.001355,84.62773,84.95775,85.96354
2022-01-21 11:12:02.506753,83.80219,84.23475,85.96354
2022-01-21 11:12:03.002382,84.05963,84.4415,85.29625
2022-01-21 11:12:03.508321,84.42104,84.64825,85.29625
2022-01-21 11:12:04.008000,84.47302,84.85375,85.53187
2022-01-21 11:12:04.503561,84.05963,84.184,85.53187
2022-01-21 11:12:05.010023,84.47302,84.4935,86.3952
2022-01-21 11:12:05.504791,83.90492,84.28675,86.3952
2022-01-21 11:12:06.002549,84.62773,84.85375,85.21708
2022-01-21 11:12:06.508087,84.21434,84.699,85.21708
2022-01-21 11:12:07.007387,83.49276,83.7705,86.08135
2022-01-21 11:12:07.503410,84.21434,84.54425,86.08135
2022-01-21 11:12:08.002004,84.05963,84.08,85.37447
2022-01-21 11:12:08.507162,84.73046,84.751,85.37447
2022-01-21 11:12:09.004020,83.7502,84.132,85.29625
2022-01-21 11:12:09.501222,84.11161,84.4935,85.29625
2022-01-21 11:12:10.008341,84.00888,84.4415,85.53187
2022-01-21 11:12:10.503133,84.73046,84.95775,85.53187
2022-01-21 11:12:11.006644,83.90492,84.4935,85.29625
2022-01-21 11:12:11.502116,84.00888,84.02925,85.29625
2022-01-21 11:12:12.009876,84.78245,84.751,86.31697
2022-01-21 11:12:12.505072,83.49276,83.92525,86.31697
2022-01-21 11:12:13.003791,84.36905,84.59625,86.04176
2022-01-21 11:12:13.501470,83.90492,84.3895,86.04176
2022-01-21 11:12:14.009135,84.1636,84.3895,85.84572
2022-01-21 11:12:14.503674,84.36905,84.803,85.84572
2022-01-21 11:12:15.010694,84.42104,84.54425,85.25666
2022-01-21 11:12:15.506784,84.1636,84.184,85.25666
2022-01-21 11:12:16.005692,84.11161,84.33875,85.68833
2022-01-21 11:12:16.510515,84.05963,84.28675,85.68833
2022-01-21 11:12:17.010918,84.00888,84.3895,86.00312
2022-01-21 11:12:17.506830,84.26632,84.4415,86.00312
2022-01-21 11:12:18.005414,83.69946,84.33875,85.57051
2022-01-21 11:12:18.510679,84.31831,84.28675,85.57051
2022-01-21 11:12:19.007843,84.52377,84.4935,85.6101
2022-01-21 11:12:19.503381,84.42104,84.59625,85.6101
2022-01-21 11:12:20.010782,84.1636,84.23475,85.17843
2022-01-21 11:12:20.505873,83.7502,84.132,85.17843
2022-01-21 11:12:21.001066,84.36905,84.59625,85.4527
2022-01-21 11:12:21.505749,83.7502,84.28675,85.4527
2022-01-21 11:12:22.004194,84.52377,84.95775,85.53187
2022-01-21 11:12:22.511164,84.11161,84.33875,85.53187
2022-01-21 11:12:23.008391,84.47302,84.4935,85.25666
2022-01-21 11:12:23.504172,83.85417,83.92525,85.25666
2022-01-21 11:12:24.002228,84.42104,84.751,86.35656
2022-01-21 11:12:24.506987,84.1636,84.33875,86.35656
2022-01-21 11:12:25.007457,83.90492,84.4935,86.23875
2022-01-21 11:12:25.503444,84.00888,84.184,86.23875
2022-01-21 11:12:26.002263,84.26632,84.54425,85.25666
2022-01-21 11:12:26.509064,84.42104,84.54425,85.25666
2022-01-21 11:12:27.008532,84.62773,84.64825,85.64968
2022-01-21 11:12:27.503186,83.59549,83.7705,85.64968
2022-01-21 11:12:28.010467,84.21434,84.08,85.53187
2022-01-21 11:12:28.505988,84.26632,85.0085,85.53187
2022-01-21 11:12:29.004945,84.31831,84.59625,85.17843
2022-01-21 11:12:29.503203,84.00888,84.4935,85.17843
2022-01-21 11:12:30.011180,84.05963,84.02925,86.27739
2022-01-21 11:12:30.506487,84.93716,84.803,86.27739
2022-01-21 11:12:31.004995,84.1636,84.33875,85.37447
2022-01-21 11:12:31.501195,84.05963,84.33875,85.37447
2022-01-21 11:12:32.009378,83.90492,84.3895,86.43479
2022-01-21 11:12:32.504438,84.00888,84.28675,86.43479
2022-01-21 11:12:33.002882,84.31831,84.90575,85.96354
2022-01-21 11:12:33.507307,84.11161,84.184,85.96354
2022-01-21 11:12:34.005895,84.52377,84.54425,85.17843
2022-01-21 11:12:34.501340,83.90492,84.08,85.17843
2022-01-21 11:12:35.010345,84.78245,84.85375,85.96354
2022-01-21 11:12:35.506824,83.90492,84.33875,85.96354
2022-01-21 11:12:36.007097,84.21434,84.3895,86.31697
2022-01-21 11:12:36.502715,83.54475,84.28675,86.31697
2022-01-21 11:12:37.505106,84.62773,84.64825,85.29625
2022-01-21 11:12:38.004009,83.9569,84.184,85.57051
2022-01-21 11:12:38.509237,84.42104,84.54425,85.57051
2022-01-21 11:12:39.009027,83.80219,84.184,85.4527
2022-01-21 11:12:39.502371,84.83319,85.16325,85.4527
2022-01-21 11:12:40.002160,83.59549,84.132,86.12093
2022-01-21 11:12:40.506804,84.31831,84.54425,86.12093
2022-01-21 11:12:41.007345,84.26632,84.3895,85.49229
2022-01-21 11:12:41.502365,84.36905,84.3895,85.49229
2022-01-21 11:12:42.010209,84.21434,84.33875,85.7675
2022-01-21 11:12:42.505388,83.85417,84.23475,85.7675
2022-01-21 11:12:43.002788,84.52377,84.699,85.64968
2022-01-21 11:12:43.508376,83.90492,84.23475,85.64968
2022-01-21 11:12:44.004415,84.36905,84.64825,86.31697
2022-01-21 11:12:44.509809,83.69946,83.92525,86.31697
2022-01-21 11:12:45.007676,84.47302,84.751,84.98145
2022-01-21 11:12:45.503607,84.47302,84.23475,84.98145
2022-01-21 11:12:46.001793,83.9569,84.33875,85.72791
2022-01-21 11:12:46.508188,84.31831,84.699,85.72791
2022-01-21 11:12:47.006828,83.9569,84.4935,85.37447
2022-01-21 11:12:47.503414,84.57575,84.803,85.37447
2022-01-21 11:12:48.001033,83.44078,83.8745,85.29625
2022-01-21 11:12:48.508394,84.57575,84.699,85.29625
2022-01-21 11:12:49.007571,84.1636,84.08,85.25666
2022-01-21 11:12:49.503949,84.1636,84.54425,85.25666
2022-01-21 11:12:50.002459,84.05963,84.4415,85.6101
2022-01-21 11:12:50.509101,83.9569,84.33875,85.6101
2022-01-21 11:12:51.007381,84.26632,84.54425,84.825
2022-01-21 11:12:51.502686,83.9569,84.4415,84.825
2022-01-21 11:12:52.005552,84.1636,84.28675,85.72791
2022-01-21 11:12:52.501334,84.47302,84.3895,85.72791
2022-01-21 11:12:53.009201,84.1636,84.54425,85.25666
2022-01-21 11:12:53.503682,84.05963,84.4935,85.25666
2022-01-21 11:12:54.003969,84.11161,84.64825,85.6101
2022-01-21 11:12:54.501102,84.05963,84.4415,85.6101
2022-01-21 11:12:55.010261,84.26632,84.59625,85.84572
2022-01-21 11:12:55.505477,84.11161,84.33875,85.84572
2022-01-21 11:12:56.004338,84.1636,84.132,85.7675
2022-01-21 11:12:56.510543,83.80219,84.3895,85.7675
2022-01-21 11:12:57.006320,84.1636,84.3895,85.33489
2022-01-21 11:12:57.501360,84.05963,84.699,85.33489
2022-01-21 11:12:58.010207,84.1636,84.3895,85.6101
2022-01-21 11:12:58.507587,83.80219,84.23475,85.6101
2022-01-21 11:12:59.005293,84.11161,84.184,85.41406
2022-01-21 11:12:59.502592,84.47302,84.751,85.41406
2022-01-21 11:13:00.010402,84.21434,84.3895,85.21708
2022-01-21 11:13:00.505072,84.36905,84.4415,85.21708
2022-01-21 11:13:01.002838,84.05963,84.54425,85.84572
2022-01-21 11:13:01.508976,84.57575,84.751,85.84572
2022-01-21 11:13:02.006382,83.59549,84.08,85.57051
2022-01-21 11:13:02.502381,84.47302,84.4935,85.57051
2022-01-21 11:13:03.010872,83.9569,84.184,86.59218
2022-01-21 11:13:03.508272,84.26632,84.4935,86.59218
2022-01-21 11:13:04.006114,84.67848,84.85375,85.41406
2022-01-21 11:13:04.501660,83.18334,83.7705,85.41406
2022-01-21 11:13:05.010037,84.52377,85.0085,85.92395
2022-01-21 11:13:05.505179,83.7502,84.132,85.92395
2022-01-21 11:13:06.002149,84.83319,84.95775,85.64968
2022-01-21 11:13:06.507771,83.44078,83.92525,85.64968
2022-01-21 11:13:07.006780,84.31831,84.3895,85.49229
2022-01-21 11:13:07.504610,84.47302,84.3895,85.49229
2022-01-21 11:13:08.002643,84.21434,84.803,86.08135
2022-01-21 11:13:08.508214,84.21434,84.54425,86.08135
2022-01-21 11:13:09.003955,83.80219,84.23475,86.00312
2022-01-21 11:13:09.508758,84.36905,84.54425,86.00312
2022-01-21 11:13:10.005880,83.69946,84.23475,85.7675
2022-01-21 11:13:10.501080,84.57575,84.85375,85.7675
2022-01-21 11:13:11.005975,83.80219,83.71975,85.6101
2022-01-21 11:13:11.511049,84.11161,84.59625,85.6101
2022-01-21 11:13:12.006508,84.57575,84.85375,85.53187
2022-01-21 11:13:12.505037,83.7502,84.33875,85.53187
2022-01-21 11:13:13.003448,84.52377,84.751,85.84572
2022-01-21 11:13:13.508529,83.33805,83.7705,85.84572
2022-01-21 11:13:14.007263,84.42104,84.54425,85.57051
2022-01-21 11:13:14.502053,84.21434,84.184,85.57051
2022-01-21 11:13:15.009559,84.83319,85.0085,85.72791
2022-01-21 11:13:15.506278,83.7502,83.92525,85.72791
2022-01-21 11:13:16.004598,84.31831,84.751,84.94281
2022-01-21 11:13:16.510851,84.1636,84.4415,84.94281
2022-01-21 11:13:17.009732,84.00888,84.4935,85.17843
2022-01-21 11:13:17.504883,84.31831,84.4935,85.17843
2022-01-21 11:13:18.002669,84.00888,84.02925,85.96354
2022-01-21 11:13:18.508953,84.36905,84.54425,85.96354
2022-01-21 11:13:19.006350,84.11161,84.184,85.4527
2022-01-21 11:13:19.501933,84.47302,85.0085,85.4527
2022-01-21 11:13:20.011053,83.9569,84.184,85.96354
2022-01-21 11:13:20.504585,84.26632,84.64825,85.96354
2022-01-21 11:13:21.005552,84.1636,84.28675,86.00312
2022-01-21 11:13:21.504101,84.1636,84.28675,86.00312
2022-01-21 11:13:22.004204,84.26632,84.3895,85.41406
2022-01-21 11:13:22.501987,84.00888,84.08,85.41406
2022-01-21 11:13:23.010151,84.1636,84.803,85.64968
2022-01-21 11:13:23.505483,84.21434,84.64825,85.64968
2022-01-21 11:13:24.002991,84.26632,84.751,85.64968
2022-01-21 11:13:24.507881,84.57575,84.803,85.64968
2022-01-21 11:13:25.006948,83.49276,83.97725,85.37447
2022-01-21 11:13:25.503379,84.42104,84.33875,85.37447
2022-01-21 11:13:26.002776,84.26632,84.28675,85.21708
2022-01-21 11:13:26.508250,84.00888,84.4415,85.21708
2022-01-21 11:13:27.006801,84.31831,84.699,85.96354
2022-01-21 11:13:27.504108,83.7502,84.02925,85.96354
2022-01-21 11:13:28.003460,84.42104,84.699,85.33489
2022-01-21 11:13:28.508668,84.11161,84.4415,85.33489
2022-01-21 11:13:29.006989,84.1636,84.184,86.86645
2022-01-21 11:13:29.503552,84.21434,84.02925,86.86645
2022-01-21 11:13:30.002049,83.90492,84.3895,85.25666
2022-01-21 11:13:30.508729,84.78245,85.21525,85.25666
2022-01-21 11:13:31.008017,83.69946,84.08,86.12093
2022-01-21 11:13:31.503595,84.47302,84.54425,86.12093
2022-01-21 11:13:32.010329,83.49276,83.8225,85.29625
2022-01-21 11:13:32.505000,84.93716,85.0085,85.29625
2022-01-21 11:13:33.003686,84.21434,84.08,85.53187
2022-01-21 11:13:33.509795,84.05963,84.4935,85.53187
2022-01-21 11:13:34.003863,84.11161,84.3895,85.57051
2022-01-21 11:13:34.510272,84.31831,84.751,85.57051
2022-01-21 11:13:35.007913,84.47302,84.54425,85.53187
2022-01-21 11:13:35.501236,83.59549,83.92525,85.53187
2022-01-21 11:13:36.001314,84.26632,84.4415,85.53187
2022-01-21 11:13:36.505912,84.1636,84.23475,85.53187
2022-01-21 11:13:37.002813,84.57575,84.85375,86.08135
2022-01-21 11:13:37.510417,83.80219,84.08,86.08135
2022-01-21 11:13:38.008076,84.21434,84.803,85.4527
2022-01-21 11:13:38.502679,84.00888,84.02925,85.4527
2022-01-21 11:13:39.002175,84.1636,84.54425,85.21708
2022-01-21 11:13:39.508025,84.52377,84.751,85.21708
2022-01-21 11:13:40.006664,83.9569,84.02925,85.57051
2022-01-21 11:13:40.502608,84.62773,84.751,85.57051
2022-01-21 11:13:41.009401,83.85417,84.02925,86.00312
2022-01-21 11:13:41.503989,84.67848,85.0605,86.00312
2022-01-21 11:13:42.002008,83.69946,83.7705,86.47437
2022-01-21 11:13:42.507725,84.00888,84.3895,86.47437
2022-01-21 11:13:43.007038,84.1636,84.28675,86.12093
2022-01-21 11:13:43.503476,83.90492,84.28675,86.12093
2022-01-21 11:13:44.001270,84.78245,84.90575,85.33489
2022-01-21 11:13:44.505850,84.1636,84.33875,85.33489
2022-01-21 11:13:45.004524,84.42104,84.90575,86.3952
2022-01-21 11:13:45.509552,83.7502,83.8225,86.3952
2022-01-21 11:13:46.007498,84.42104,84.59625,85.25666
2022-01-21 11:13:46.503568,83.90492,84.132,85.25666
2022-01-21 11:13:47.001387,84.05963,84.4415,85.64968
2022-01-21 11:13:47.505867,84.05963,84.132,85.64968
2022-01-21 11:13:48.005294,84.05963,84.184,85.41406
2022-01-21 11:13:48.501811,84.26632,84.751,85.41406
2022-01-21 11:13:49.010142,84.36905,84.803,86.08135
2022-01-21 11:13:49.505977,83.90492,84.184,86.08135
2022-01-21 11:13:50.004110,84.00888,84.33875,85.88531
2022-01-21 11:13:50.510243,84.00888,84.59625,85.88531
2022-01-21 11:13:51.008579,84.26632,84.4935,86.08135
2022-01-21 11:13:51.503934,84.05963,84.33875,86.08135
2022-01-21 11:13:52.002311,83.80219,84.08,85.6101
2022-01-21 11:13:52.506952,84.52377,84.64825,85.6101
2022-01-21 11:13:53.005694,84.05963,84.3895,85.41406
2022-01-21 11:13:53.501800,84.00888,84.132,85.41406
2022-01-21 11:13:54.010373,83.90492,84.28675,85.84572
2022-01-21 11:13:54.505354,83.90492,84.08,85.84572
2022-01-21 11:13:55.004245,84.67848,84.803,85.29625
2022-01-21 11:13:55.510813,83.80219,84.132,85.29625
2022-01-21 11:13:56.008142,84.21434,84.33875,85.57051
2022-01-21 11:13:56.503862,83.90492,84.184,85.57051
2022-01-21 11:13:57.004097,84.52377,84.751,86.31697
2022-01-21 11:13:57.509703,83.49276,83.7705,86.31697
2022-01-21 11:13:58.009018,84.42104,84.4935,85.49229
2022-01-21 11:13:58.504678,84.00888,84.33875,85.49229
2022-01-21 11:13:59.006120,84.36905,84.59625,85.6101
2022-01-21 11:13:59.510784,84.47302,84.803,85.6101
2022-01-21 11:14:00.008123,83.9569,84.23475,85.68833
2022-01-21 11:14:00.503870,84.26632,84.4935,85.68833
2022-01-21 11:14:01.003047,84.31831,84.54425,85.37447
2022-01-21 11:14:01.509223,84.26632,84.54425,85.37447
2022-01-21 11:14:02.007460,83.90492,84.33875,85.29625
2022-01-21 11:14:02.504957,84.36905,84.59625,85.29625
2022-01-21 11:14:03.003129,84.11161,84.132,85.72791
2022-01-21 11:14:03.509647,84.26632,84.699,85.72791
2022-01-21 11:14:04.008960,84.00888,84.33875,85.57051
2022-01-21 11:14:04.503541,83.59549,83.92525,85.57051
2022-01-21 11:14:05.002896,84.47302,84.751,85.88531
2022-01-21 11:14:05.508476,83.7502,84.08,85.88531
2022-01-21 11:14:06.006393,84.83319,85.0605,85.41406
2022-01-21 11:14:06.503436,83.90492,83.8745,85.41406
2022-01-21 11:14:07.506011,84.21434,84.3895,86.71
2022-01-21 11:14:08.004149,84.05963,84.3895,85.53187
2022-01-21 11:14:08.509953,84.05963,84.33875,85.53187
2022-01-21 11:14:09.007944,83.7502,84.33875,85.88531
2022-01-21 11:14:09.502717,84.57575,84.85375,85.88531
2022-01-21 11:14:10.002793,84.21434,84.33875,86.08135
2022-01-21 11:14:10.509159,84.67848,84.751,86.08135
2022-01-21 11:14:11.003345,83.85417,84.02925,86.19916
2022-01-21 11:14:11.509058,83.90492,84.23475,86.19916
2022-01-21 11:14:12.007977,84.31831,84.54425,85.49229
2022-01-21 11:14:12.503539,83.7502,84.08,85.49229
2022-01-21 11:14:13.009472,84.26632,84.4415,85.72791
2022-01-21 11:14:13.504781,84.36905,84.59625,85.72791
2022-01-21 11:14:14.002714,84.05963,84.23475,85.41406
2022-01-21 11:14:14.510526,84.47302,84.54425,85.41406
2022-01-21 11:14:15.008747,83.90492,84.23475,86.59218
2022-01-21 11:14:15.504988,84.00888,84.4415,86.59218
2022-01-21 11:14:16.002771,84.05963,84.3895,85.80614
2022-01-21 11:14:16.508417,84.00888,84.23475,85.80614
2022-01-21 11:14:17.008200,84.52377,84.85375,85.06062
2022-01-21 11:14:17.503092,84.21434,84.4935,85.06062
2022-01-21 11:14:18.002806,84.31831,84.4415,85.84572
2022-01-21 11:14:18.509010,84.21434,84.4935,85.84572
2022-01-21 11:14:19.008461,84.31831,84.54425,85.80614
2022-01-21 11:14:19.503469,83.90492,84.132,85.80614
2022-01-21 11:14:20.002792,84.21434,84.64825,85.33489
2022-01-21 11:14:20.509181,83.85417,84.184,85.33489
2022-01-21 11:14:21.008334,84.42104,84.699,85.64968
2022-01-21 11:14:21.503423,84.67848,84.64825,85.64968
2022-01-21 11:14:22.002726,83.54475,83.8745,86.3952
2022-01-21 11:14:22.510387,84.47302,84.59625,86.3952
2022-01-21 11:14:23.008534,83.80219,83.92525,85.68833
2022-01-21 11:14:23.507506,84.36905,84.59625,85.68833
2022-01-21 11:14:24.007429,83.80219,84.3895,85.84572
2022-01-21 11:14:24.503351,84.47302,84.751,85.84572
2022-01-21 11:14:25.011039,84.00888,84.132,85.64968
2022-01-21 11:14:25.506329,84.36905,84.751,85.64968
2022-01-21 11:14:26.005812,84.52377,84.803,85.96354
2022-01-21 11:14:26.510135,83.69946,83.92525,85.96354
2022-01-21 11:14:27.008514,84.26632,84.28675,85.96354
2022-01-21 11:14:27.504219,82.82193,83.1515,85.96354
2022-01-21 11:14:28.005280,85.76147,86.09175,241.20083
2022-01-21 11:14:28.510764,83.18334,83.30625,241.20083
2022-01-21 11:14:29.010337,84.36905,84.3895,228.04541
2022-01-21 11:14:29.508041,84.26632,84.184,228.04541
2022-01-21 11:14:30.005806,83.9569,84.132,188.22479
2022-01-21 11:14:30.509519,85.03989,85.21525,188.22479
2022-01-21 11:14:31.009486,82.66722,83.2035,124.60604
2022-01-21 11:14:31.505510,84.57575,84.751,124.60604
2022-01-21 11:14:32.005041,84.05963,84.23475,91.14729
2022-01-21 11:14:32.510823,84.57575,84.751,91.14729
2022-01-21 11:14:33.009696,83.39003,83.461,93.38572
2022-01-21 11:14:33.504120,84.11161,84.54425,93.38572
2022-01-21 11:14:34.003602,84.31831,84.3895,88.83062
2022-01-21 11:14:34.508137,84.26632,84.751,88.83062
2022-01-21 11:14:35.005771,84.93716,85.318,86.3952
2022-01-21 11:14:35.501316,83.44078,83.61575,86.3952
2022-01-21 11:14:36.009234,84.62773,84.751,87.06343
2022-01-21 11:14:36.505541,84.1636,84.23475,87.06343
2022-01-21 11:14:37.003858,84.05963,84.3895,85.53187
2022-01-21 11:14:37.510425,84.05963,84.28675,85.53187
2022-01-21 11:14:38.008027,83.59549,84.02925,85.88531
2022-01-21 11:14:38.504102,84.52377,84.751,85.88531
2022-01-21 11:14:39.002278,84.05963,84.59625,85.4527
2022-01-21 11:14:39.508039,84.21434,84.23475,85.4527
2022-01-21 11:14:40.008005,84.36905,84.3895,85.6101
2022-01-21 11:14:40.503671,84.21434,84.4415,85.6101
2022-01-21 11:14:41.002239,84.05963,84.28675,86.71
2022-01-21 11:14:41.509178,84.36905,84.59625,86.71
2022-01-21 11:14:42.008080,83.90492,84.23475,85.80614
2022-01-21 11:14:42.503942,83.64747,84.28675,85.80614
2022-01-21 11:14:43.001520,84.57575,84.699,84.78541
2022-01-21 11:14:43.506808,84.36905,84.33875,84.78541
2022-01-21 11:14:44.007376,84.1636,84.54425,86.27739
2022-01-21 11:14:44.502645,84.36905,84.803,86.27739
2022-01-21 11:14:45.011049,83.44078,83.61575,85.6101
2022-01-21 11:14:45.507411,84.83319,85.16325,85.6101
2022-01-21 11:14:46.006044,83.80219,84.23475,85.57051
2022-01-21 11:14:47.005153,84.21434,84.184,85.7675
2022-01-21 11:14:47.501506,84.05963,84.132,85.7675
2022-01-21 11:14:48.009900,84.42104,84.64825,85.72791
2022-01-21 11:14:48.505091,83.9569,84.4935,85.72791
2022-01-21 11:14:49.003881,84.21434,84.4415,85.17843
2022-01-21 11:14:49.509701,83.7502,84.23475,85.17843
2022-01-21 11:14:50.007411,84.57575,84.85375,85.7675
2022-01-21 11:14:50.502795,84.47302,84.54425,85.7675
2022-01-21 11:14:51.001792,84.36905,84.54425,85.53187
2022-01-21 11:14:51.506024,84.1636,84.28675,85.53187
2022-01-21 11:14:52.005260,83.9569,84.33875,85.84572
2022-01-21 11:14:52.510536,84.62773,84.90575,85.84572
2022-01-21 11:14:53.009656,83.33805,83.8745,86.23875
2022-01-21 11:14:53.502683,84.52377,84.85375,86.23875
2022-01-21 11:14:54.001383,83.7502,83.8745,85.17843
2022-01-21 11:14:54.506141,84.73046,84.85375,85.17843
2022-01-21 11:14:55.002819,84.1636,84.3895,86.31697
2022-01-21 11:14:55.501202,84.21434,84.3895,86.31697
2022-01-21 11:14:56.010171,83.80219,84.02925,85.49229
2022-01-21 11:14:56.505881,84.21434,84.4935,85.49229
2022-01-21 11:14:57.003122,84.42104,84.803,85.33489
2022-01-21 11:14:57.508452,83.18334,83.71975,85.33489
2022-01-21 11:14:58.007020,84.78245,84.85375,85.37447
2022-01-21 11:14:58.502371,83.59549,83.61575,85.37447
2022-01-21 11:14:59.010879,84.83319,85.26725,85.09926
2022-01-21 11:14:59.509076,84.11161,84.3895,85.09926
2022-01-21 11:15:00.006474,83.7502,84.02925,86.78822
2022-01-21 11:15:00.510342,84.21434,84.64825,86.78822
2022-01-21 11:15:01.009468,83.90492,84.3895,85.68833
2022-01-21 11:15:01.505213,84.67848,84.751,85.68833
2022-01-21 11:15:02.002922,83.80219,83.8225,85.6101
2022-01-21 11:15:02.509139,84.1636,84.33875,85.6101
2022-01-21 11:15:03.006772,84.00888,84.23475,85.68833
2022-01-21 11:15:03.504745,84.31831,84.4935,85.68833
2022-01-21 11:15:04.004252,84.05963,84.59625,85.4527
2022-01-21 11:15:05.005473,84.36905,84.59625,85.13885
2022-01-21 11:15:05.502031,84.1636,84.184,85.13885
2022-01-21 11:15:06.011294,84.57575,84.751,86.19916
2022-01-21 11:15:06.505376,84.11161,84.132,86.19916
2022-01-21 11:15:07.004729,83.90492,84.28675,85.17843
2022-01-21 11:15:07.502168,84.52377,84.751,85.17843
2022-01-21 11:15:08.010360,83.9569,84.4935,86.23875
2022-01-21 11:15:08.506337,84.05963,84.184,86.23875
2022-01-21 11:15:09.004027,84.21434,84.4935,85.7675
2022-01-21 11:15:09.502754,84.00888,84.132,85.7675
2022-01-21 11:15:10.010619,84.83319,84.90575,85.25666
2022-01-21 11:15:10.504534,84.05963,84.28675,85.25666
2022-01-21 11:15:11.002676,84.26632,84.751,85.72791
2022-01-21 11:15:11.509763,84.11161,84.699,85.72791
2022-01-21 11:15:12.008992,84.21434,84.3895,85.80614
2022-01-21 11:15:12.504646,84.11161,84.28675,85.80614
2022-01-21 11:15:13.002653,84.05963,84.23475,85.41406
2022-01-21 11:15:13.510299,84.21434,84.28675,85.41406
2022-01-21 11:15:14.008514,83.80219,84.02925,86.08135
2022-01-21 11:15:14.504838,84.47302,84.699,86.08135
2022-01-21 11:15:15.003171,83.80219,84.33875,85.37447
2022-01-21 11:15:15.510263,84.78245,85.16325,85.37447
2022-01-21 11:15:16.008656,83.44078,83.71975,85.72791
2022-01-21 11:15:16.503595,84.67848,84.751,85.72791
2022-01-21 11:15:17.003287,84.42104,84.59625,85.57051
2022-01-21 11:15:17.509832,83.69946,84.02925,85.57051
2022-01-21 11:15:18.008097,84.31831,84.59625,85.80614
2022-01-21 11:15:18.504862,83.90492,84.4415,85.80614
2022-01-21 11:15:19.003474,84.47302,84.85375,85.64968
2022-01-21 11:15:19.509511,83.90492,84.33875,85.64968
2022-01-21 11:15:20.007432,84.42104,84.3895,86.19916
2022-01-21 11:15:20.502675,84.11161,84.08,86.19916
2022-01-21 11:15:21.010731,84.31831,84.4935,85.57051
2022-01-21 11:15:21.505761,84.1636,84.4935,85.57051
2022-01-21 11:15:22.002679,83.54475,83.92525,86.47437
2022-01-21 11:15:22.509161,84.52377,84.803,86.47437
2022-01-21 11:15:23.007791,83.33805,84.02925,86.04176
2022-01-21 11:15:23.504193,84.9879,85.0085,86.04176
2022-01-21 11:15:24.003023,83.80219,83.92525,85.80614
2022-01-21 11:15:24.509195,84.42104,84.4935,85.80614
2022-01-21 11:15:25.007086,84.00888,84.28675,85.33489
2022-01-21 11:15:25.501868,84.31831,84.699,85.33489
2022-01-21 11:15:26.002268,84.21434,84.59625,85.84572
2022-01-21 11:15:26.507590,83.69946,84.23475,85.84572
2022-01-21 11:15:27.005312,84.21434,84.28675,84.47156
2022-01-21 11:15:27.501917,84.57575,84.751,84.47156
2022-01-21 11:15:28.011197,84.67848,84.59625,85.7675
2022-01-21 11:15:28.506246,83.9569,84.184,85.7675
2022-01-21 11:15:29.003969,83.85417,84.184,86.00312
2022-01-21 11:15:29.501339,84.31831,84.85375,86.00312
2022-01-21 11:15:30.009501,83.85417,84.4415,85.6101
2022-01-21 11:15:30.506822,84.31831,84.3895,85.6101
2022-01-21 11:15:31.005502,83.90492,83.97725,85.33489
2022-01-21 11:15:31.501226,84.52377,84.3895,85.33489
2022-01-21 11:15:32.010259,84.83319,85.0085,85.68833
2022-01-21 11:15:32.508180,83.7502,84.132,85.68833
2022-01-21 11:15:33.007101,84.11161,84.33875,85.13885
2022-01-21 11:15:33.502475,84.00888,84.4935,85.13885
2022-01-21 11:15:34.010967,83.9569,84.132,85.37447
2022-01-21 11:15:34.506224,84.26632,84.64825,85.37447
2022-01-21 11:15:35.004759,84.05963,84.08,86.04176
2022-01-21 11:15:35.501261,84.42104,84.4935,86.04176
2022-01-21 11:15:36.009290,84.21434,84.64825,85.41406
2022-01-21 11:15:36.506268,84.05963,84.4935,85.41406
2022-01-21 11:15:37.003821,84.05963,84.3895,85.88531
2022-01-21 11:15:37.501246,84.1636,84.28675,85.88531
2022-01-21 11:15:38.009689,83.59549,83.97725,86.23875
2022-01-21 11:15:38.504488,84.47302,84.4935,86.23875
2022-01-21 11:15:39.002312,84.36905,84.4415,85.21708
2022-01-21 11:15:39.508105,83.80219,84.23475,85.21708
2022-01-21 11:15:40.007374,84.67848,85.16325,86.47437
2022-01-21 11:15:40.503166,83.44078,83.66775,86.47437
2022-01-21 11:15:41.003942,85.09187,85.26725,85.06062
2022-01-21 11:15:41.501378,83.44078,83.92525,85.06062
2022-01-21 11:15:42.010710,83.9569,84.132,85.6101
2022-01-21 11:15:42.507428,84.26632,84.3895,85.6101
2022-01-21 11:15:43.005666,84.11161,84.33875,85.7675
2022-01-21 11:15:43.510754,84.52377,84.95775,85.7675
2022-01-21 11:15:44.000994,83.7502,84.184,85.64968
2022-01-21 11:15:44.507055,84.42104,84.751,85.64968
2022-01-21 11:15:45.006279,83.7502,84.08,85.4527
2022-01-21 11:15:45.501455,84.62773,84.751,85.4527
2022-01-21 11:15:46.009031,84.11161,84.28675,86.3952
2022-01-21 11:15:46.504938,83.90492,83.92525,86.3952
2022-01-21 11:15:47.001786,84.42104,84.64825,84.58937
2022-01-21 11:15:47.501466,84.11161,84.4935,84.58937
2022-01-21 11:15:48.010213,84.83319,85.1125,86.12093
2022-01-21 11:15:48.505287,83.59549,83.97725,86.12093
2022-01-21 11:15:49.003405,84.26632,84.3895,85.7675
2022-01-21 11:15:49.510135,84.05963,84.184,85.7675
2022-01-21 11:15:50.008972,84.47302,84.699,85.72791
2022-01-21 11:15:50.503682,84.1636,84.4415,85.72791
2022-01-21 11:15:51.001192,83.64747,84.132,86.00312
2022-01-21 11:15:51.506325,84.00888,84.33875,86.00312
