時間,回転１,回転２,回転３
2022-01-21 08:00:02.504104,0.0,0.0,0.0
2022-01-21 08:00:03.009464,0.0,0.0,0.0
2022-01-21 08:00:03.505096,0.0,0.0,0.0
2022-01-21 08:00:04.003571,0.0,0.0,0.0
2022-01-21 08:00:04.509420,0.0,0.0,0.0
2022-01-21 08:00:05.008292,0.0,0.0,0.0
2022-01-21 08:00:05.504192,0.0,0.0,0.0
2022-01-21 08:00:06.002825,0.0,0.0,0.0
2022-01-21 08:00:06.501246,0.0,0.0,0.0
2022-01-21 08:00:07.010248,0.0,0.0,0.0
2022-01-21 08:00:07.506516,0.0,0.0,0.0
2022-01-21 08:00:08.004189,0.0,0.0,0.0
2022-01-21 08:00:08.507860,0.0,0.0,0.0
2022-01-21 08:00:09.006317,0.0,0.0,0.0
2022-01-21 08:00:09.501438,0.0,0.0,0.0
2022-01-21 08:00:10.009262,0.0,0.0,0.0
2022-01-21 08:00:10.507399,0.0,0.0,0.0
2022-01-21 08:00:11.001995,0.0,0.0,0.0
2022-01-21 08:00:11.507948,0.0,0.0,0.0
2022-01-21 08:00:12.005955,0.0,0.0,0.0
2022-01-21 08:00:12.504398,0.0,0.0,0.0
2022-01-21 08:00:13.010820,0.0,0.0,0.0
2022-01-21 08:00:13.508621,0.0,0.0,0.0
2022-01-21 08:00:14.006594,0.0,0.0,0.0
2022-01-21 08:00:14.510685,0.0,0.0,0.0
2022-01-21 08:00:15.008046,0.0,0.0,0.0
2022-01-21 08:00:15.502925,0.0,0.0,0.0
2022-01-21 08:00:16.001755,0.0,0.0,0.0
2022-01-21 08:00:16.508583,0.0,0.0,0.0
2022-01-21 08:00:17.007327,0.0,0.0,0.0
2022-01-21 08:00:17.503320,0.0,0.0,0.0
2022-01-21 08:00:18.001796,0.0,0.0,0.0
2022-01-21 08:00:18.507063,0.0,0.0,0.0
2022-01-21 08:00:19.006399,0.0,0.0,0.0
2022-01-21 08:00:19.511189,0.0,0.0,0.0
2022-01-21 08:00:20.009850,0.0,0.0,0.0
2022-01-21 08:00:20.504016,0.0,0.0,0.0
2022-01-21 08:00:21.001782,0.0,0.0,0.0
2022-01-21 08:00:21.508594,0.0,0.0,0.0
2022-01-21 08:00:22.006304,0.0,0.0,0.0
2022-01-21 08:00:22.501500,0.0,0.0,0.0
2022-01-21 08:00:23.010091,0.0,0.0,0.0
2022-01-21 08:00:23.506418,0.0,0.0,0.0
2022-01-21 08:00:24.003743,0.0,0.0,0.0
2022-01-21 08:00:24.509881,0.0,0.0,0.0
2022-01-21 08:00:25.008245,0.0,0.0,0.0
2022-01-21 08:00:25.503142,0.0,0.0,0.0
2022-01-21 08:00:26.010818,0.0,0.0,0.0
2022-01-21 08:00:26.506785,0.0,0.0,0.0
2022-01-21 08:00:27.004676,0.0,0.0,0.0
2022-01-21 08:00:27.509695,0.0,0.0,0.0
2022-01-21 08:00:28.007803,0.0,0.0,0.0
2022-01-21 08:00:28.504243,0.0,0.0,0.0
2022-01-21 08:00:29.003587,0.0,0.0,0.0
2022-01-21 08:00:29.510931,0.0,0.0,0.0
2022-01-21 08:00:30.008614,0.0,0.0,0.0
2022-01-21 08:00:30.504363,0.0,0.0,0.0
2022-01-21 08:00:31.002112,0.0,0.0,0.0
2022-01-21 08:00:31.508624,0.0,0.0,0.0
2022-01-21 08:00:32.008230,0.0,0.0,0.0
2022-01-21 08:00:32.502522,0.0,0.0,0.0
2022-01-21 08:00:33.010723,0.0,0.0,0.0
2022-01-21 08:00:33.505306,0.0,0.0,0.0
2022-01-21 08:00:34.004331,0.0,0.0,0.0
2022-01-21 08:00:34.510435,0.0,0.0,0.0
2022-01-21 08:00:35.009350,0.0,0.0,0.0
2022-01-21 08:00:35.502865,0.0,0.0,0.0
2022-01-21 08:00:36.010652,0.0,0.0,0.0
2022-01-21 08:00:36.505662,0.0,0.0,0.0
2022-01-21 08:00:37.003950,0.0,0.0,0.0
2022-01-21 08:00:37.510163,0.0,0.0,0.0
2022-01-21 08:00:38.007668,0.0,0.0,0.0
2022-01-21 08:00:38.502399,0.0,0.0,0.0
2022-01-21 08:00:39.010868,0.0,0.0,0.0
2022-01-21 08:00:39.508413,0.0,0.0,0.0
2022-01-21 08:00:40.005654,0.0,0.0,0.0
2022-01-21 08:00:40.511131,0.0,0.0,0.0
2022-01-21 08:00:41.010237,0.0,0.0,0.0
2022-01-21 08:00:41.507848,0.0,0.0,0.0
2022-01-21 08:00:42.006269,0.0,0.0,0.0
2022-01-21 08:00:42.501865,0.0,0.0,0.0
2022-01-21 08:00:43.010528,0.0,0.0,0.0
2022-01-21 08:00:43.507053,0.0,0.0,0.0
2022-01-21 08:00:44.006575,0.0,0.0,0.0
2022-01-21 08:00:44.510966,0.0,0.0,0.0
2022-01-21 08:00:45.010298,0.0,0.0,0.0
2022-01-21 08:00:45.506516,0.0,0.0,0.0
2022-01-21 08:00:46.006551,0.0,0.0,0.0
2022-01-21 08:00:46.503645,0.0,0.0,0.0
2022-01-21 08:00:47.002269,0.0,0.0,0.0
2022-01-21 08:00:47.506668,0.0,0.0,0.0
2022-01-21 08:00:48.005265,0.0,0.0,0.0
2022-01-21 08:00:48.502082,0.0,0.0,0.0
2022-01-21 08:00:49.010349,0.0,0.0,0.0
2022-01-21 08:00:49.503889,0.0,0.0,0.0
2022-01-21 08:00:50.002538,0.0,0.0,0.0
2022-01-21 08:00:50.507982,0.0,0.0,0.0
2022-01-21 08:00:51.006918,0.0,0.0,0.0
2022-01-21 08:00:51.501654,0.0,0.0,0.0
2022-01-21 08:00:52.010424,0.0,0.0,0.0
2022-01-21 08:00:52.507597,0.0,0.0,0.0
2022-01-21 08:00:53.005427,0.0,0.0,0.0
2022-01-21 08:00:53.507432,0.0,0.0,0.0
2022-01-21 08:00:54.005255,0.0,0.0,0.0
2022-01-21 08:00:54.501417,0.0,0.0,0.0
2022-01-21 08:00:55.008801,0.0,0.0,0.0
2022-01-21 08:00:55.502843,0.0,0.0,0.0
2022-01-21 08:00:56.001640,0.0,0.0,0.0
2022-01-21 08:00:56.507017,0.0,0.0,0.0
2022-01-21 08:00:57.004698,0.0,0.0,0.0
2022-01-21 08:00:57.502107,0.0,0.0,0.0
2022-01-21 08:00:58.011072,0.0,0.0,0.0
2022-01-21 08:00:58.506270,0.0,0.0,0.0
2022-01-21 08:00:59.004054,0.0,0.0,0.0
2022-01-21 08:00:59.509812,0.0,0.0,0.0
2022-01-21 08:01:00.009188,0.0,0.0,0.0
2022-01-21 08:01:00.509400,0.0,0.0,0.0
2022-01-21 08:01:01.008619,0.0,0.0,0.0
2022-01-21 08:01:01.505235,0.0,0.0,0.0
2022-01-21 08:01:02.003869,0.0,0.0,0.0
2022-01-21 08:01:02.509244,0.0,0.0,0.0
2022-01-21 08:01:03.008185,0.0,0.0,0.0
2022-01-21 08:01:03.503815,0.0,0.0,0.0
2022-01-21 08:01:04.001705,0.0,0.0,0.0
2022-01-21 08:01:04.506419,0.0,0.0,0.0
2022-01-21 08:01:05.004082,0.0,0.0,0.0
2022-01-21 08:01:05.501178,0.0,0.0,0.0
2022-01-21 08:01:06.010019,0.0,0.0,0.0
2022-01-21 08:01:06.504788,0.0,0.0,0.0
2022-01-21 08:01:07.002834,0.0,0.0,0.0
2022-01-21 08:01:07.508274,0.05074,0.0,0.0
2022-01-21 08:01:08.005033,0.0,0.0,0.0
2022-01-21 08:01:08.510686,0.0,0.0,0.0
2022-01-21 08:01:09.008754,0.0,0.0,0.0
2022-01-21 08:01:09.503063,0.0,0.0,0.0
2022-01-21 08:01:10.005502,0.0,0.0,0.0
2022-01-21 08:01:10.509964,0.0,0.0,0.0
2022-01-21 08:01:11.004523,0.0,0.0,0.0
2022-01-21 08:01:11.510962,0.0,0.0,0.0
2022-01-21 08:01:12.008718,0.0,0.0,0.0
2022-01-21 08:01:12.505328,0.0,0.0,0.0
2022-01-21 08:01:13.003290,0.0,0.0,0.0
2022-01-21 08:01:13.508750,0.0,0.0,0.0
2022-01-21 08:01:14.007345,0.0,0.0,0.0
2022-01-21 08:01:14.504120,0.0,0.0,0.0
2022-01-21 08:01:15.001615,0.0,0.0,0.0
2022-01-21 08:01:15.508476,0.0,0.0,0.0
2022-01-21 08:01:16.006233,0.0,0.0,0.0
2022-01-21 08:01:16.510784,0.0,0.0,0.0
2022-01-21 08:01:17.008527,0.0,0.0,0.0
2022-01-21 08:01:17.504179,0.0,0.0,0.0
2022-01-21 08:01:18.002156,0.0,0.0,0.0
2022-01-21 08:01:18.509368,0.0,0.0,0.0
2022-01-21 08:01:19.007288,0.0,0.0,0.0
2022-01-21 08:01:19.502972,0.0,0.0,0.0
2022-01-21 08:01:20.001466,0.0,0.0,0.0
2022-01-21 08:01:20.507487,0.0,0.0,0.0
2022-01-21 08:01:21.005287,0.0,0.0,0.0
2022-01-21 08:01:21.510078,0.0,0.0,0.0
2022-01-21 08:01:22.009160,0.0,0.0,0.0
2022-01-21 08:01:22.504446,0.0,0.0,0.0
2022-01-21 08:01:23.002814,0.0,0.0,0.0
2022-01-21 08:01:23.509881,0.0,0.0,0.0
2022-01-21 08:01:24.008643,0.0,0.0,0.0
2022-01-21 08:01:24.503450,0.0,0.0,0.0
2022-01-21 08:01:25.004199,0.0,0.0,0.0
2022-01-21 08:01:25.509839,0.0,0.0,0.0
2022-01-21 08:01:26.009739,0.0,0.0,0.0
2022-01-21 08:01:26.505154,0.0,0.0,0.0
2022-01-21 08:01:27.002876,0.0,0.0,0.0
2022-01-21 08:01:27.508029,0.0,0.0,0.0
2022-01-21 08:01:28.006540,0.0,0.0,0.0
2022-01-21 08:01:28.503383,0.0,0.0,0.0
2022-01-21 08:01:29.002797,0.0,0.0,0.0
2022-01-21 08:01:29.507157,0.0,0.0,0.0
2022-01-21 08:01:30.007277,0.0,0.0,0.0
2022-01-21 08:01:30.504402,0.0,0.0,0.0
2022-01-21 08:01:31.002963,0.0,0.0,0.0
2022-01-21 08:01:31.508578,0.0,0.0,0.0
2022-01-21 08:01:32.009239,0.0,0.0,0.0
2022-01-21 08:01:32.503857,0.0,0.0,0.0
2022-01-21 08:01:33.001086,0.0,0.0,0.0
2022-01-21 08:01:33.506413,0.0,0.0,0.0
2022-01-21 08:01:34.005099,0.0,0.0,0.0
2022-01-21 08:01:34.510823,0.0,0.0,0.0
2022-01-21 08:01:35.007960,0.0,0.0,0.0
2022-01-21 08:01:35.502404,0.0,0.0,0.0
2022-01-21 08:01:36.010482,0.0,0.0,0.0
2022-01-21 08:01:36.508750,0.0,0.0,0.0
2022-01-21 08:01:37.008030,0.0,0.0,0.0
2022-01-21 08:01:37.502553,0.0,0.0,0.0
2022-01-21 08:01:38.010222,0.0,0.0,0.0
2022-01-21 08:01:38.507255,0.0,0.0,0.0
2022-01-21 08:01:39.006252,0.0,0.0,0.0
2022-01-21 08:01:39.510835,0.0,0.0,0.0
2022-01-21 08:01:40.008172,0.0,0.0,0.0
2022-01-21 08:01:40.504440,0.0,0.0,0.0
2022-01-21 08:01:41.002332,0.0,0.0,0.0
2022-01-21 08:01:41.508288,0.0,0.0,0.0
2022-01-21 08:01:42.007068,0.0,0.0,0.0
2022-01-21 08:01:42.502526,0.0,0.0,0.0
2022-01-21 08:01:43.010152,0.0,0.0,0.0
2022-01-21 08:01:43.505190,0.0,0.0,0.0
2022-01-21 08:01:44.002767,0.0,0.0,0.0
2022-01-21 08:01:44.507345,0.0,0.0,0.0
2022-01-21 08:01:45.007579,0.0,0.0,0.0
2022-01-21 08:01:45.505453,0.0,0.0,0.0
2022-01-21 08:01:46.004004,0.0,0.0,0.0
2022-01-21 08:01:46.510906,0.0,0.0,0.0
2022-01-21 08:01:47.009878,0.0,0.0,0.0
2022-01-21 08:01:47.505501,0.0,0.0,0.0
2022-01-21 08:01:48.004552,0.0,0.0,0.0
2022-01-21 08:01:48.509485,0.0,0.0,0.0
2022-01-21 08:01:49.008014,0.0,0.0,0.0
2022-01-21 08:01:49.503658,0.0,0.0,0.0
2022-01-21 08:01:50.004120,0.0,0.0,0.0
2022-01-21 08:01:50.509190,0.0,0.0,0.0
2022-01-21 08:01:51.008091,0.0,0.0,0.0
2022-01-21 08:01:51.504314,0.0,0.0,0.0
2022-01-21 08:01:52.003574,0.0,0.0,0.0
2022-01-21 08:01:52.509094,0.0,0.0,0.0
2022-01-21 08:01:53.006865,0.0,0.0,0.0
2022-01-21 08:01:53.501234,0.0,0.0,0.0
2022-01-21 08:01:54.010737,0.0,0.0,0.0
2022-01-21 08:01:54.507205,0.0,0.0,0.0
2022-01-21 08:01:55.005180,0.0,0.0,0.0
2022-01-21 08:01:55.510323,0.0,0.0,0.0
2022-01-21 08:01:56.008785,0.0,0.0,0.0
2022-01-21 08:01:56.504248,0.0,0.0,0.0
2022-01-21 08:01:57.002670,0.0,0.0,0.0
2022-01-21 08:01:57.508631,0.0,0.0,0.0
2022-01-21 08:01:58.005895,0.0,0.0,0.0
2022-01-21 08:01:58.503839,0.0,0.0,0.0
2022-01-21 08:01:59.003384,0.0,0.0,0.0
2022-01-21 08:01:59.508688,0.0,0.0,0.0
2022-01-21 08:02:00.006514,0.0,0.0,0.0
2022-01-21 08:02:00.501816,0.0,0.0,0.0
2022-01-21 08:02:01.009835,0.0,0.0,0.0
2022-01-21 08:02:01.505374,0.0,0.0,0.0
2022-01-21 08:02:02.005745,0.0,0.0,0.0
2022-01-21 08:02:02.506276,0.0,0.0,0.0
2022-01-21 08:02:03.004696,0.0,0.0,0.0
2022-01-21 08:02:03.510494,0.0,0.0,0.0
2022-01-21 08:02:04.008763,0.0,0.0,0.0
2022-01-21 08:02:04.504465,0.0,0.0,0.0
2022-01-21 08:02:05.004102,0.0,0.0,0.0
2022-01-21 08:02:05.508346,0.0,0.0,0.0
2022-01-21 08:02:06.006160,0.0,0.0,0.0
2022-01-21 08:02:06.501311,0.0,0.0,0.0
2022-01-21 08:02:07.010254,0.0,0.0,0.0
2022-01-21 08:02:07.504163,0.0,0.0,0.0
2022-01-21 08:02:08.002119,0.0,0.0,0.0
2022-01-21 08:02:08.507998,0.0,0.0,0.0
2022-01-21 08:02:09.005515,0.0,0.0,0.0
2022-01-21 08:02:09.510459,0.0,0.0,0.0
2022-01-21 08:02:10.008038,0.0,0.0,0.0
2022-01-21 08:02:10.503078,0.0,0.0,0.0
2022-01-21 08:02:11.009958,0.0,0.0,0.0
2022-01-21 08:02:11.508188,0.0,0.0,0.0
2022-01-21 08:02:12.005631,0.0,0.0,0.0
2022-01-21 08:02:12.506510,0.0,0.0,0.0
2022-01-21 08:02:13.004396,0.0,0.0,0.0
2022-01-21 08:02:13.509645,0.0,0.0,0.0
2022-01-21 08:02:14.010114,0.0,0.0,0.0
2022-01-21 08:02:14.502851,0.0,0.0,0.0
2022-01-21 08:02:15.506096,0.0,0.0,0.0
2022-01-21 08:02:16.003676,0.0,0.0,0.0
2022-01-21 08:02:16.502900,0.0,0.0,0.0
2022-01-21 08:02:17.001090,0.0,0.0,0.0
2022-01-21 08:02:17.506581,0.0,0.0,0.0
2022-01-21 08:02:18.003847,0.0,0.0,0.0
2022-01-21 08:02:18.508634,0.0,0.0,0.0
2022-01-21 08:02:19.006868,0.0,0.0,0.0
2022-01-21 08:02:19.502298,0.0,0.0,0.0
2022-01-21 08:02:20.009999,0.0,0.0,0.0
2022-01-21 08:02:20.506827,0.0,0.0,0.0
2022-01-21 08:02:21.006842,0.0,0.0,0.0
2022-01-21 08:02:21.502273,0.0,0.0,0.0
2022-01-21 08:02:22.010608,0.0,0.0,0.0
2022-01-21 08:02:22.505977,0.0,0.0,0.0
2022-01-21 08:02:23.003738,0.0,0.0,0.0
2022-01-21 08:02:23.510833,0.0,0.0,0.0
2022-01-21 08:02:24.009111,0.0,0.0,0.0
2022-01-21 08:02:24.504948,0.0,0.0,0.0
2022-01-21 08:02:25.003490,0.0,0.0,0.0
2022-01-21 08:02:25.510640,0.0,0.0,0.0
2022-01-21 08:02:26.008558,0.0,0.0,0.0
2022-01-21 08:02:26.505028,0.0,0.0,0.0
2022-01-21 08:02:27.009120,0.0,0.0,0.0
2022-01-21 08:02:27.503325,0.0,0.0,0.0
2022-01-21 08:02:28.010441,0.0,0.0,0.0
2022-01-21 08:02:28.506288,0.0,0.0,0.0
2022-01-21 08:02:29.007677,0.0,0.0,0.0
2022-01-21 08:02:29.503451,0.0,0.0,0.0
2022-01-21 08:02:30.001541,0.0,0.0,0.0
2022-01-21 08:02:30.506821,0.0,0.0,0.0
2022-01-21 08:02:31.005660,0.0,0.0,0.0
2022-01-21 08:02:31.502864,0.0,0.0,0.0
2022-01-21 08:02:32.002285,0.0,0.0,0.0
2022-01-21 08:02:32.508514,0.0,0.0,0.0
2022-01-21 08:02:33.006745,0.0,0.0,0.0
2022-01-21 08:02:33.501999,0.0,0.0,0.0
2022-01-21 08:02:34.001141,0.0,0.0,0.0
2022-01-21 08:02:34.507572,0.0,0.0,0.0
2022-01-21 08:02:35.004446,0.0,0.0,0.0
2022-01-21 08:02:35.510707,0.0,0.0,0.0
2022-01-21 08:02:36.010112,0.0,0.0,0.0
2022-01-21 08:02:36.505530,0.0,0.0,0.0
2022-01-21 08:02:37.004516,0.0,0.0,0.0
2022-01-21 08:02:37.501231,0.0,0.0,0.0
2022-01-21 08:02:38.010241,0.0,0.0,0.0
2022-01-21 08:02:38.506726,0.0,0.0,0.0
2022-01-21 08:02:39.005140,0.0,0.0,0.0
2022-01-21 08:02:39.509712,0.0,0.0,0.0
2022-01-21 08:02:40.008487,0.0,0.0,0.0
2022-01-21 08:02:40.504622,0.0,0.0,0.0
2022-01-21 08:02:41.002087,0.0,0.0,0.0
2022-01-21 08:02:41.510497,0.0,0.0,0.0
2022-01-21 08:02:42.008905,0.0,0.0,0.0
2022-01-21 08:02:42.509720,0.0,0.0,0.0
2022-01-21 08:02:43.007353,0.0,0.0,0.0
2022-01-21 08:02:43.504057,0.0,0.0,0.0
2022-01-21 08:02:44.002753,0.0,0.0,0.0
2022-01-21 08:02:44.508242,0.0,0.0,0.0
2022-01-21 08:02:45.007849,0.0,0.0,0.0
2022-01-21 08:02:45.503428,0.0,0.0,0.0
2022-01-21 08:02:46.002725,0.0,0.0,0.0
2022-01-21 08:02:46.503779,0.0,0.0,0.0
2022-01-21 08:02:47.003327,0.0,0.0,0.0
2022-01-21 08:02:47.510355,0.0,0.0,0.0
2022-01-21 08:02:48.007874,0.0,0.0,0.0
2022-01-21 08:02:48.503450,0.0,0.0,0.0
2022-01-21 08:02:49.002830,0.0,0.0,0.0
2022-01-21 08:02:49.509172,0.0,0.0,0.0
2022-01-21 08:02:50.002427,0.0,0.0,0.0
2022-01-21 08:02:50.507259,0.0,0.0,0.0
2022-01-21 08:02:51.005908,0.0,0.0,0.0
2022-01-21 08:02:51.510877,0.0,0.0,0.0
2022-01-21 08:02:52.009899,0.0,0.0,0.0
2022-01-21 08:02:52.507421,0.0,0.0,0.0
2022-01-21 08:02:53.006858,0.0,0.0,0.0
2022-01-21 08:02:53.502198,0.0,0.0,0.0
2022-01-21 08:02:54.010798,0.0,0.0,0.0
2022-01-21 08:02:54.506299,0.0,0.0,0.0
2022-01-21 08:02:55.003931,0.0,0.0,0.0
2022-01-21 08:02:55.510808,0.0,0.0,0.0
2022-01-21 08:02:56.008453,0.0,0.0,0.0
2022-01-21 08:02:56.504570,0.0,0.0,0.0
2022-01-21 08:02:57.003410,0.0,0.0,0.0
2022-01-21 08:02:57.511003,0.0,0.0,0.0
2022-01-21 08:02:58.009458,0.0,0.0,0.0
2022-01-21 08:02:58.506305,0.0,0.0,0.0
2022-01-21 08:02:59.003643,0.0,0.0,0.0
2022-01-21 08:02:59.508249,0.0,0.0,0.0
2022-01-21 08:03:00.007002,0.0,0.0,0.0
2022-01-21 08:03:00.508491,0.0,0.0,0.0
2022-01-21 08:03:01.008116,0.0,0.0,0.0
2022-01-21 08:03:01.504002,0.0,0.0,0.0
2022-01-21 08:03:02.002457,0.0,0.0,0.0
2022-01-21 08:03:02.507187,0.0,0.0,0.0
2022-01-21 08:03:03.007922,0.0,0.0,0.0
2022-01-21 08:03:03.503537,0.0,0.0,0.0
2022-01-21 08:03:04.001349,0.0,0.0,0.0
2022-01-21 08:03:04.506892,0.0,0.0,0.0
2022-01-21 08:03:05.005553,0.0,0.0,0.0
2022-01-21 08:03:05.503900,0.0,0.0,0.0
2022-01-21 08:03:06.002235,0.0,0.0,0.0
2022-01-21 08:03:06.508622,0.0,0.0,0.0
2022-01-21 08:03:07.007673,0.0,0.0,0.0
2022-01-21 08:03:07.504886,0.0,0.0,0.0
2022-01-21 08:03:08.003690,0.0,0.0,0.0
2022-01-21 08:03:08.510263,0.0,0.0,0.0
2022-01-21 08:03:09.008931,0.0,0.0,0.0
2022-01-21 08:03:09.506363,0.0,0.0,0.0
2022-01-21 08:03:10.004003,0.0,0.0,0.0
2022-01-21 08:03:10.509603,0.0,0.0,0.0
2022-01-21 08:03:11.007455,0.0,0.0,0.0
2022-01-21 08:03:11.504535,0.0,0.0,0.0
2022-01-21 08:03:12.006589,0.0,0.0,0.0
2022-01-21 08:03:12.502757,0.0,0.0,0.0
2022-01-21 08:03:13.001074,0.0,0.0,0.0
2022-01-21 08:03:13.509373,0.0,0.0,0.0
2022-01-21 08:03:14.007558,0.0,0.0,0.0
2022-01-21 08:03:14.502697,0.0,0.0,0.0
2022-01-21 08:03:15.001365,0.0,0.0,0.0
2022-01-21 08:03:15.507010,0.0,0.0,0.0
2022-01-21 08:03:16.005125,0.0,0.0,0.0
2022-01-21 08:03:16.510558,0.0,0.0,0.0
2022-01-21 08:03:17.009805,0.0,0.0,0.0
2022-01-21 08:03:17.506437,0.0,0.0,0.0
2022-01-21 08:03:18.006754,0.0,0.0,0.0
2022-01-21 08:03:18.501296,0.0,0.0,0.0
2022-01-21 08:03:19.010092,0.0,0.0,0.0
2022-01-21 08:03:19.505160,0.0,0.0,0.0
2022-01-21 08:03:20.003931,0.0,0.0,0.0
2022-01-21 08:03:20.510558,0.0,0.0,0.0
2022-01-21 08:03:21.008614,0.0,0.0,0.0
2022-01-21 08:03:21.503872,0.0,0.0,0.0
2022-01-21 08:03:22.002670,0.0,0.0,0.0
2022-01-21 08:03:22.509193,0.0,0.0,0.0
2022-01-21 08:03:23.008793,0.0,0.0,0.0
2022-01-21 08:03:23.504715,0.0,0.0,0.0
2022-01-21 08:03:24.003747,0.0,0.0,0.0
2022-01-21 08:03:24.508754,0.0,0.0,0.0
2022-01-21 08:03:25.008582,0.0,0.0,0.0
2022-01-21 08:03:25.503911,0.0,0.0,0.0
2022-01-21 08:03:26.002368,0.0,0.0,0.0
2022-01-21 08:03:26.508324,0.0,0.0,0.0
2022-01-21 08:03:27.007797,0.0,0.0,0.0
2022-01-21 08:03:27.504747,0.0,0.0,0.0
2022-01-21 08:03:28.003210,0.0,0.0,0.0
2022-01-21 08:03:28.508071,0.0,0.0,0.0
2022-01-21 08:03:29.007043,0.0,0.0,0.0
2022-01-21 08:03:29.502491,0.0,0.0,0.0
2022-01-21 08:03:30.010984,0.0,0.0,0.0
2022-01-21 08:03:30.502929,0.0,0.0,0.0
2022-01-21 08:03:31.001083,0.0,0.0,0.0
2022-01-21 08:03:31.509661,0.0,0.0,0.0
2022-01-21 08:03:32.008451,0.0,0.0,0.0
2022-01-21 08:03:32.503540,0.0,0.0,0.0
2022-01-21 08:03:33.001528,0.0,0.0,0.0
2022-01-21 08:03:33.507988,0.0,0.0,0.0
2022-01-21 08:03:34.007229,0.0,0.0,0.0
2022-01-21 08:03:34.502732,0.0,0.0,0.0
2022-01-21 08:03:35.001804,0.0,0.0,0.0
2022-01-21 08:03:35.510011,0.0,0.0,0.0
2022-01-21 08:03:36.008158,0.0,0.0,0.0
2022-01-21 08:03:36.502782,0.0,0.0,0.0
2022-01-21 08:03:37.010786,0.0,0.0,0.0
2022-01-21 08:03:37.508973,0.0,0.0,0.0
2022-01-21 08:03:38.008647,0.0,0.0,0.0
2022-01-21 08:03:38.502813,0.0,0.0,0.0
2022-01-21 08:03:39.010649,0.0,0.0,0.0
2022-01-21 08:03:39.506706,0.0,0.0,0.0
2022-01-21 08:03:40.008502,0.0,0.0,0.0
2022-01-21 08:03:40.504371,0.0,0.0,0.0
2022-01-21 08:03:41.002932,0.0,0.0,0.0
2022-01-21 08:03:41.510843,0.0,0.0,0.0
2022-01-21 08:03:42.008663,0.0,0.0,0.0
2022-01-21 08:03:42.505850,0.0,0.0,0.0
2022-01-21 08:03:43.003529,0.0,0.0,0.0
2022-01-21 08:03:43.511149,0.0,0.0,0.0
2022-01-21 08:03:44.009300,0.0,0.0,0.0
2022-01-21 08:03:44.505860,0.0,0.0,0.0
2022-01-21 08:03:45.004938,0.0,0.0,0.0
2022-01-21 08:03:45.510803,0.0,0.0,0.0
2022-01-21 08:03:46.008901,0.0,0.0,0.0
2022-01-21 08:03:46.502857,0.0,0.0,0.0
2022-01-21 08:03:47.010746,0.0,0.0,0.0
2022-01-21 08:03:47.501103,0.0,0.0,0.0
2022-01-21 08:03:48.010439,0.0,0.0,0.0
2022-01-21 08:03:48.507004,0.0,0.0,0.0
2022-01-21 08:03:49.005132,0.0,0.0,0.0
2022-01-21 08:03:49.501266,0.0,0.0,0.0
2022-01-21 08:03:50.010367,0.0,0.0,0.0
2022-01-21 08:03:50.506433,0.0,0.0,0.0
2022-01-21 08:03:51.004325,0.0,0.0,0.0
2022-01-21 08:03:51.509782,0.0,0.0,0.0
2022-01-21 08:03:52.005493,0.0,0.0,0.0
2022-01-21 08:03:52.510358,0.0,0.0,0.0
2022-01-21 08:03:53.007861,0.0,0.0,0.0
2022-01-21 08:03:53.504280,0.0,0.0,0.0
2022-01-21 08:03:54.004442,0.0,0.0,0.0
2022-01-21 08:03:54.510852,0.0,0.0,0.0
2022-01-21 08:03:55.004516,0.0,0.0,0.0
2022-01-21 08:03:55.511247,0.0,0.0,0.0
2022-01-21 08:03:56.009095,0.0,0.0,0.0
2022-01-21 08:03:56.503433,0.0,0.0,0.0
2022-01-21 08:03:57.009966,0.0,0.0,0.0
2022-01-21 08:03:57.509310,0.0,0.0,0.0
2022-01-21 08:03:58.008627,0.0,0.0,0.0
2022-01-21 08:03:58.502881,0.0,0.0,0.0
2022-01-21 08:03:59.002728,0.0,0.0,0.0
2022-01-21 08:03:59.509202,0.0,0.0,0.0
2022-01-21 08:04:00.010830,0.0,0.0,0.0
2022-01-21 08:04:00.508343,0.0,0.0,0.0
2022-01-21 08:04:01.005705,0.0,0.0,0.0
2022-01-21 08:04:01.501941,0.0,0.0,0.0
2022-01-21 08:04:02.010368,0.0,0.0,0.0
2022-01-21 08:04:02.507594,0.0,0.0,0.0
2022-01-21 08:04:03.007282,0.0,0.0,0.0
2022-01-21 08:04:03.503301,0.0,0.0,0.0
2022-01-21 08:04:04.010822,0.0,0.0,0.0
2022-01-21 08:04:04.506521,0.0,0.0,0.0
2022-01-21 08:04:05.007556,0.0,0.0,0.0
2022-01-21 08:04:05.504519,0.0,0.0,0.0
2022-01-21 08:04:06.002128,0.0,0.0,0.0
2022-01-21 08:04:06.509852,0.0,0.0,0.0
2022-01-21 08:04:07.007363,0.0,0.0,0.0
2022-01-21 08:04:07.503479,0.0,0.0,0.0
2022-01-21 08:04:08.001130,0.0,0.0,0.0
2022-01-21 08:04:08.509355,0.0,0.0,0.0
2022-01-21 08:04:09.008728,0.0,0.0,0.0
2022-01-21 08:04:09.504805,0.0,0.0,0.0
2022-01-21 08:04:10.005033,0.0,0.0,0.0
2022-01-21 08:04:10.510103,0.0,0.0,0.0
2022-01-21 08:04:11.005623,0.0,0.0,0.0
2022-01-21 08:04:11.503511,0.0,0.0,0.0
2022-01-21 08:04:12.001898,0.0,0.0,0.0
2022-01-21 08:04:12.507202,0.0,0.0,0.0
2022-01-21 08:04:13.005489,0.0,0.0,0.0
2022-01-21 08:04:13.501253,0.0,0.0,0.0
2022-01-21 08:04:14.010559,0.0,0.0,0.0
2022-01-21 08:04:14.505561,0.0,0.0,0.0
2022-01-21 08:04:15.003607,0.0,0.0,0.0
2022-01-21 08:04:15.501746,0.0,0.0,0.0
2022-01-21 08:04:16.010214,0.0,0.0,0.0
2022-01-21 08:04:16.507051,0.0,0.0,0.0
2022-01-21 08:04:17.005953,0.0,0.0,0.0
2022-01-21 08:04:17.510762,0.0,0.0,0.0
2022-01-21 08:04:18.009146,0.0,0.0,0.0
2022-01-21 08:04:18.504720,0.0,0.0,0.0
2022-01-21 08:04:19.002395,0.0,0.0,0.0
2022-01-21 08:04:19.509415,0.0,0.0,0.0
2022-01-21 08:04:20.006464,0.0,0.0,0.0
2022-01-21 08:04:20.510611,0.0,0.0,0.0
2022-01-21 08:04:21.009007,0.0,0.0,0.0
2022-01-21 08:04:21.506406,0.0,0.0,0.0
2022-01-21 08:04:22.009754,0.0,0.0,0.0
2022-01-21 08:04:22.504205,0.0,0.0,0.0
2022-01-21 08:04:23.004220,0.0,0.0,0.0
2022-01-21 08:04:23.509981,0.0,0.0,0.0
2022-01-21 08:04:24.007537,0.0,0.0,0.0
2022-01-21 08:04:24.504216,0.0,0.0,0.0
2022-01-21 08:04:25.002510,0.0,0.0,0.0
2022-01-21 08:04:25.508420,0.0,0.0,0.0
2022-01-21 08:04:26.005957,0.0,0.0,0.0
2022-01-21 08:04:27.005182,0.0,0.0,0.0
2022-01-21 08:04:27.510857,0.0,0.0,0.0
2022-01-21 08:04:28.010234,0.0,0.0,0.0
2022-01-21 08:04:28.504933,0.0,0.0,0.0
2022-01-21 08:04:29.004777,0.0,0.0,0.0
2022-01-21 08:04:29.510794,0.0,0.0,0.0
2022-01-21 08:04:30.008035,0.0,0.0,0.0
2022-01-21 08:04:30.502700,0.0,0.0,0.0
2022-01-21 08:04:31.001309,0.0,0.0,0.0
2022-01-21 08:04:31.503986,0.0,0.0,0.0
2022-01-21 08:04:32.004700,0.0,0.0,0.0
2022-01-21 08:04:32.510327,0.0,0.0,0.0
2022-01-21 08:04:33.008849,0.0,0.0,0.0
2022-01-21 08:04:33.506370,0.0,0.0,0.0
2022-01-21 08:04:34.004331,0.0,0.0,0.0
2022-01-21 08:04:34.510828,0.05074,0.05075,0.0
2022-01-21 08:04:35.009277,0.05074,0.0,0.0
2022-01-21 08:04:35.505839,0.0,0.0,0.0
2022-01-21 08:04:36.002426,0.0,0.0,0.0
2022-01-21 08:04:36.507398,0.0,0.0,0.0
2022-01-21 08:04:37.007812,0.0,0.0,0.0
2022-01-21 08:04:37.504668,0.0,0.0,0.0
2022-01-21 08:04:38.002718,0.0,0.0,0.0
2022-01-21 08:04:38.510070,0.05074,0.0,0.0
2022-01-21 08:04:39.007564,0.05074,0.0,0.0
2022-01-21 08:04:39.503311,0.05074,0.0,0.0
2022-01-21 08:04:40.001181,0.0,0.0,0.0
2022-01-21 08:04:40.506357,0.0,0.0,0.0
2022-01-21 08:04:41.005660,0.0,0.0,0.0
2022-01-21 08:04:41.510432,0.30942,0.0,0.0
2022-01-21 08:04:42.008601,0.46413,0.2055,0.0
2022-01-21 08:04:42.504925,1.95927,1.70225,0.0
2022-01-21 08:04:43.001983,1.64985,1.4955,0.0
2022-01-21 08:04:43.506402,1.59787,0.97925,0.0
2022-01-21 08:04:44.004008,1.08298,0.567,0.0
2022-01-21 08:04:44.508799,0.92827,1.4955,0.0
2022-01-21 08:04:45.006668,0.61885,1.28875,0.0
2022-01-21 08:04:45.502132,1.08298,1.03125,0.0
2022-01-21 08:04:46.010902,1.54712,1.186,0.0
2022-01-21 08:04:46.505800,1.59787,1.08325,0.0
2022-01-21 08:04:47.003490,1.2377,1.34075,0.0
2022-01-21 08:04:47.510050,1.28844,1.238,0.0
2022-01-21 08:04:48.007839,1.031,1.59825,0.0
2022-01-21 08:04:48.503858,1.64985,1.753,0.0
2022-01-21 08:04:49.001959,2.062,1.753,0.0
2022-01-21 08:04:49.505850,2.062,2.32125,0.0
2022-01-21 08:04:50.001722,2.062,2.0625,0.0
2022-01-21 08:04:50.510082,2.21672,2.01175,0.0
2022-01-21 08:04:51.007979,2.16597,2.21725,0.0
2022-01-21 08:04:51.504084,1.95927,2.1145,0.0
2022-01-21 08:04:52.002101,2.16597,1.95975,0.0
2022-01-21 08:04:52.506977,2.16597,2.1145,0.0
2022-01-21 08:04:53.005507,2.16597,2.32125,0.0
2022-01-21 08:04:53.510609,2.062,1.95975,0.0
2022-01-21 08:04:54.007849,2.01126,1.95975,0.0
2022-01-21 08:04:54.503140,2.11399,2.26925,0.0
2022-01-21 08:04:55.002105,2.11399,2.0625,0.0
2022-01-21 08:04:55.506787,2.16597,2.01175,0.0
2022-01-21 08:04:56.006600,2.062,2.26925,0.0
2022-01-21 08:04:56.501211,2.062,2.0625,0.0
2022-01-21 08:04:57.008946,2.16597,2.01175,0.0
2022-01-21 08:04:57.505972,2.11399,2.21725,0.0
2022-01-21 08:04:58.004225,2.01126,2.1665,0.0
2022-01-21 08:04:58.510832,2.16597,1.95975,0.0
2022-01-21 08:04:59.009113,2.16597,2.21725,0.0
2022-01-21 08:04:59.505261,1.95927,2.21725,0.0
2022-01-21 08:05:00.005054,2.062,1.90775,0.0
2022-01-21 08:05:00.505248,2.21672,2.1665,0.0
2022-01-21 08:05:01.002751,2.52614,3.45525,0.0
2022-01-21 08:05:01.506868,5.72436,5.2095,0.0
2022-01-21 08:05:02.005944,7.47694,7.7375,0.0
2022-01-21 08:05:02.510901,10.36573,10.57375,0.0
2022-01-21 08:05:03.008452,13.71742,13.618,0.0
2022-01-21 08:05:03.503493,15.00711,15.57775,0.0
2022-01-21 08:05:04.001979,14.80041,14.95875,0.0
2022-01-21 08:05:04.508155,15.00711,14.64925,0.0
2022-01-21 08:05:05.008069,17.3278,18.2085,0.0
2022-01-21 08:05:05.502808,20.11262,20.47775,0.0
2022-01-21 08:05:06.001916,20.42205,20.89125,0.0
2022-01-21 08:05:06.506035,21.29834,22.43875,0.0
2022-01-21 08:05:07.006528,21.09164,21.2515,0.0
2022-01-21 08:05:07.502295,21.14362,21.09675,0.0
2022-01-21 08:05:08.006692,21.14362,20.994,0.0
2022-01-21 08:05:08.502282,21.40107,22.07725,0.0
2022-01-21 08:05:09.001717,21.19561,21.2515,0.0
2022-01-21 08:05:09.506710,20.73147,20.942,0.0
2022-01-21 08:05:10.005655,21.60776,22.284,0.0
2022-01-21 08:05:10.510060,21.8652,21.76775,0.0
2022-01-21 08:05:11.505791,21.29834,21.51025,0.0
2022-01-21 08:05:12.004944,21.45305,21.3555,0.0
2022-01-21 08:05:12.508507,21.35032,21.3035,0.0
2022-01-21 08:05:13.006932,21.35032,21.3555,0.0
2022-01-21 08:05:13.503004,21.19561,21.71575,0.0
2022-01-21 08:05:14.002103,21.14362,21.81975,0.0
2022-01-21 08:05:14.509733,21.40107,21.613,0.0
2022-01-21 08:05:15.009089,21.60776,21.40625,0.0
2022-01-21 08:05:15.504456,21.45305,21.40625,0.0
2022-01-21 08:05:16.008313,20.73147,21.561,0.0
2022-01-21 08:05:16.504538,20.21535,21.665,0.0
2022-01-21 08:05:17.002508,22.01992,21.45825,0.0
2022-01-21 08:05:17.507141,21.60776,21.51025,0.0
2022-01-21 08:05:18.005482,21.29834,21.45825,0.0
2022-01-21 08:05:18.501197,21.14362,21.3555,0.0
2022-01-21 08:05:19.009089,20.67949,21.45825,0.0
2022-01-21 08:05:19.505128,20.98891,21.561,0.0
2022-01-21 08:05:20.002844,21.8652,21.2515,0.0
2022-01-21 08:05:20.507884,21.24635,21.613,0.0
2022-01-21 08:05:21.005882,21.09164,21.561,0.0
2022-01-21 08:05:21.501284,21.14362,21.613,0.0
2022-01-21 08:05:22.001808,21.29834,21.665,0.0
2022-01-21 08:05:22.508230,21.19561,21.561,0.0
2022-01-21 08:05:23.005953,20.93693,21.8705,0.0
2022-01-21 08:05:23.501538,21.50503,21.45825,0.0
2022-01-21 08:05:24.010054,21.55578,21.51025,0.0
2022-01-21 08:05:24.504160,21.09164,21.40625,0.0
2022-01-21 08:05:25.004977,21.14362,21.51025,0.0
2022-01-21 08:05:25.510558,21.29834,21.71575,0.0
2022-01-21 08:05:26.008324,21.45305,21.40625,0.0
2022-01-21 08:05:26.504256,21.40107,21.51025,0.0
2022-01-21 08:05:27.002815,21.09164,21.40625,0.0
2022-01-21 08:05:27.509755,21.24635,21.3555,0.0
2022-01-21 08:05:28.007374,21.29834,21.3555,0.0
2022-01-21 08:05:28.502581,21.14362,21.45825,0.0
2022-01-21 08:05:29.010613,21.29834,21.51025,0.0
2022-01-21 08:05:29.505179,21.35032,21.665,0.0
2022-01-21 08:05:30.003185,21.29834,21.3035,0.0
2022-01-21 08:05:30.508501,21.19561,21.665,0.0
2022-01-21 08:05:31.006495,21.24635,21.665,0.0
2022-01-21 08:05:31.503415,21.24635,21.3555,0.0
2022-01-21 08:05:32.001787,21.24635,21.9225,0.0
2022-01-21 08:05:32.507120,21.8652,21.81975,0.0
2022-01-21 08:05:33.005756,22.43331,22.33475,0.0
2022-01-21 08:05:33.502792,22.01992,22.33475,0.0
2022-01-21 08:05:34.010244,22.79348,23.26325,0.0
2022-01-21 08:05:34.505986,23.98043,24.29575,0.0
2022-01-21 08:05:35.004789,24.03118,24.19175,0.0
2022-01-21 08:05:35.509091,24.754,24.91475,0.0
2022-01-21 08:05:36.007446,24.754,24.76,0.0
2022-01-21 08:05:36.505287,24.5473,24.656,0.0
2022-01-21 08:05:37.003977,24.80474,25.6885,0.0
2022-01-21 08:05:37.511219,25.16615,25.6885,0.0
2022-01-21 08:05:38.007891,25.63029,26.15275,0.0
2022-01-21 08:05:38.506285,26.45583,26.46225,0.0
2022-01-21 08:05:39.003069,26.14641,26.2555,0.0
2022-01-21 08:05:39.510777,26.24914,27.39075,0.0
2022-01-21 08:05:40.009441,27.58957,27.39075,0.0
2022-01-21 08:05:40.505508,27.64155,27.4415,0.0
2022-01-21 08:05:41.005137,27.33212,28.26725,0.0
2022-01-21 08:05:41.510282,28.2604,27.751,0.0
2022-01-21 08:05:42.007867,28.20842,27.90575,0.0
2022-01-21 08:05:42.502322,27.89899,28.7835,0.0
2022-01-21 08:05:43.011035,27.74428,28.26725,0.0
2022-01-21 08:05:43.506331,29.34339,29.4025,0.0
2022-01-21 08:05:44.004206,29.65281,29.55725,0.0
2022-01-21 08:05:44.507159,29.18867,30.331,0.0
2022-01-21 08:05:45.006044,30.42637,30.74325,0.0
2022-01-21 08:05:45.501631,31.30267,30.898,0.0
2022-01-21 08:05:46.008267,30.06497,30.48575,0.0
2022-01-21 08:05:46.504621,29.96224,30.48575,0.0
2022-01-21 08:05:47.003632,29.4981,30.74325,0.0
2022-01-21 08:05:47.508890,30.78778,30.331,0.0
2022-01-21 08:05:48.007288,30.68382,30.74325,0.0
2022-01-21 08:05:48.501266,30.01422,30.898,0.0
2022-01-21 08:05:49.008896,30.37439,30.227,0.0
2022-01-21 08:05:49.505144,29.34339,30.6405,0.0
2022-01-21 08:05:50.003731,29.4981,30.5885,0.0
2022-01-21 08:05:50.507812,30.68382,30.48575,0.0
2022-01-21 08:05:51.006149,29.96224,31.00075,0.0
2022-01-21 08:05:51.501691,30.7358,30.48575,0.0
2022-01-21 08:05:52.009644,30.16893,30.5885,0.0
2022-01-21 08:05:52.502953,30.47836,30.43375,0.0
2022-01-21 08:05:53.007046,30.63307,30.898,0.0
2022-01-21 08:05:53.501242,30.32365,30.6405,0.0
2022-01-21 08:05:54.010666,30.37439,30.279,0.0
2022-01-21 08:05:54.505923,29.96224,30.79525,0.0
2022-01-21 08:05:55.003147,30.06497,30.74325,0.0
2022-01-21 08:05:55.508345,29.80752,30.5885,0.0
2022-01-21 08:05:56.007388,30.42637,30.5885,0.0
2022-01-21 08:05:56.503076,30.68382,30.279,0.0
2022-01-21 08:05:57.001945,29.96224,30.6405,0.0
2022-01-21 08:05:57.506356,29.60083,30.79525,0.0
2022-01-21 08:05:58.003981,30.78778,30.69125,0.0
2022-01-21 08:05:58.501667,30.32365,30.5885,0.0
2022-01-21 08:05:59.009856,30.42637,30.43375,0.0
2022-01-21 08:05:59.504626,29.4981,30.6405,0.0
2022-01-21 08:06:00.003486,29.4981,30.74325,0.0
2022-01-21 08:06:00.510676,30.78778,30.6405,0.0
2022-01-21 08:06:01.009505,30.11695,30.79525,0.0
2022-01-21 08:06:01.507681,30.27166,30.6405,0.0
2022-01-21 08:06:02.008763,29.75554,30.17625,0.0
2022-01-21 08:06:02.505346,30.47836,31.00075,0.0
2022-01-21 08:06:03.004417,30.21968,30.48575,0.0
2022-01-21 08:06:03.501923,30.7358,30.0215,0.0
2022-01-21 08:06:04.010189,30.01422,31.00075,0.0
2022-01-21 08:06:04.505669,29.75554,30.69125,0.0
2022-01-21 08:06:05.007743,30.5291,30.12425,0.0
2022-01-21 08:06:05.503440,31.04522,31.2075,0.0
2022-01-21 08:06:06.002635,30.42637,30.5885,0.0
2022-01-21 08:06:06.508821,30.11695,30.12425,0.0
2022-01-21 08:06:07.002606,29.03396,31.517,0.0
2022-01-21 08:06:07.508701,30.89051,31.05275,0.0
2022-01-21 08:06:08.003194,30.68382,30.331,0.0
2022-01-21 08:06:08.502203,30.58109,29.608,0.0
2022-01-21 08:06:09.004892,29.7048,30.79525,0.0
2022-01-21 08:06:09.510201,29.34339,30.74325,0.0
2022-01-21 08:06:10.009776,31.40663,30.79525,0.0
2022-01-21 08:06:10.505716,30.58109,30.846,0.0
2022-01-21 08:06:11.010461,30.27166,30.38175,0.0
2022-01-21 08:06:11.510642,29.2914,30.227,0.0
2022-01-21 08:06:12.011442,30.06497,31.2075,0.0
2022-01-21 08:06:12.509404,30.7358,30.6405,0.0
2022-01-21 08:06:13.005351,29.96224,30.5365,0.0
2022-01-21 08:06:13.506458,30.01422,31.10475,0.0
2022-01-21 08:06:14.010988,30.01422,30.227,0.0
2022-01-21 08:06:14.503869,30.58109,30.0215,0.0
2022-01-21 08:06:15.005266,30.06497,31.2075,0.0
2022-01-21 08:06:15.505213,30.16893,30.74325,0.0
2022-01-21 08:06:16.001863,30.83853,30.0215,0.0
2022-01-21 08:06:16.509440,30.83853,30.898,0.0
2022-01-21 08:06:17.010818,29.7048,30.5885,0.0
2022-01-21 08:06:17.503605,29.96224,30.48575,0.0
2022-01-21 08:06:18.001504,30.21968,30.95,0.0
2022-01-21 08:06:18.507778,30.89051,30.5885,0.0
2022-01-21 08:06:19.001779,30.32365,30.12425,0.0
2022-01-21 08:06:19.507673,29.60083,31.465,0.0
2022-01-21 08:06:20.006116,30.06497,31.2595,0.0
2022-01-21 08:06:20.503848,31.25192,30.07225,0.0
2022-01-21 08:06:21.004627,30.37439,30.0215,0.0
2022-01-21 08:06:21.511009,29.80752,31.00075,0.0
2022-01-21 08:06:22.009475,28.93123,30.846,0.0
2022-01-21 08:06:22.504314,31.04522,30.43375,0.0
2022-01-21 08:06:23.011502,30.99324,30.6405,0.0
2022-01-21 08:06:23.506897,30.58109,31.00075,0.0
2022-01-21 08:06:24.005434,29.55008,30.79525,0.0
2022-01-21 08:06:24.503013,28.87925,30.79525,0.0
2022-01-21 08:06:25.001900,31.30267,30.5365,0.0
2022-01-21 08:06:25.507458,31.19994,30.07225,0.0
2022-01-21 08:06:26.007664,30.32365,31.10475,0.0
2022-01-21 08:06:26.503911,29.65281,30.48575,0.0
2022-01-21 08:06:27.004622,29.03396,30.331,0.0
2022-01-21 08:06:27.510049,31.35465,30.5885,0.0
2022-01-21 08:06:28.010111,31.25192,30.5365,0.0
2022-01-21 08:06:28.506010,30.47836,30.69125,0.0
2022-01-21 08:06:29.006857,29.60083,30.898,0.0
2022-01-21 08:06:29.502551,29.34339,30.5885,0.0
2022-01-21 08:06:30.011180,31.87077,30.48575,0.0
2022-01-21 08:06:30.506399,31.09721,30.79525,0.0
2022-01-21 08:06:31.004954,30.16893,30.6405,0.0
2022-01-21 08:06:31.510898,29.18867,30.43375,0.0
2022-01-21 08:06:32.008874,29.7048,30.5365,0.0
2022-01-21 08:06:32.503758,31.25192,30.6405,0.0
2022-01-21 08:06:33.001894,30.32365,30.5885,0.0
2022-01-21 08:06:33.510022,29.65281,30.5365,0.0
2022-01-21 08:06:34.008647,29.55008,30.5365,0.0
2022-01-21 08:06:34.504134,30.63307,30.74325,0.0
2022-01-21 08:06:35.005331,30.58109,30.95,0.0
2022-01-21 08:06:35.501317,30.21968,30.43375,0.0
2022-01-21 08:06:36.009179,29.39537,30.6405,0.0
2022-01-21 08:06:36.504835,30.27166,30.69125,0.0
2022-01-21 08:06:37.003605,31.04522,30.69125,0.0
2022-01-21 08:06:37.508280,30.16893,30.48575,0.0
2022-01-21 08:06:38.008982,30.16893,30.43375,0.0
2022-01-21 08:06:38.505021,29.4981,30.48575,0.0
2022-01-21 08:06:39.002565,30.83853,30.79525,0.0
2022-01-21 08:06:39.507316,30.47836,30.74325,0.0
2022-01-21 08:06:40.007919,29.7048,30.43375,0.0
2022-01-21 08:06:40.503245,30.47836,30.69125,0.0
2022-01-21 08:06:41.002832,30.27166,30.74325,0.0
2022-01-21 08:06:41.502079,30.06497,30.74325,0.0
2022-01-21 08:06:42.010755,30.27166,30.5365,0.0
2022-01-21 08:06:42.506754,30.83853,30.5885,0.0
2022-01-21 08:06:43.006468,30.37439,30.331,0.0
2022-01-21 08:06:43.510760,30.21968,30.79525,0.0
2022-01-21 08:06:44.009008,29.80752,30.898,0.0
2022-01-21 08:06:44.505221,30.58109,30.279,0.0
2022-01-21 08:06:45.003767,30.47836,30.38175,0.0
2022-01-21 08:06:45.509362,30.68382,31.05275,0.0
2022-01-21 08:06:46.007150,29.75554,30.43375,0.0
2022-01-21 08:06:46.502363,29.44612,30.95,0.0
2022-01-21 08:06:47.010371,30.9425,30.79525,0.0
2022-01-21 08:06:47.504427,30.58109,30.331,0.0
2022-01-21 08:06:48.002926,30.21968,30.74325,0.0
2022-01-21 08:06:48.508364,29.96224,30.69125,0.0
2022-01-21 08:06:49.007301,30.11695,30.38175,0.0
2022-01-21 08:06:49.503541,30.78778,30.74325,0.0
2022-01-21 08:06:50.001302,30.5291,30.74325,0.0
2022-01-21 08:06:50.506696,30.37439,30.17625,0.0
2022-01-21 08:06:51.004023,29.75554,30.74325,0.0
2022-01-21 08:06:51.511274,30.16893,31.00075,0.0
2022-01-21 08:06:52.007698,30.7358,30.48575,0.0
2022-01-21 08:06:52.504006,30.27166,30.74325,0.0
2022-01-21 08:06:53.002597,30.47836,30.74325,0.0
2022-01-21 08:06:53.508843,29.7048,30.279,0.0
2022-01-21 08:06:54.006802,30.06497,30.74325,0.0
2022-01-21 08:06:54.502810,30.89051,30.5885,0.0
2022-01-21 08:06:55.010153,30.47836,30.227,0.0
2022-01-21 08:06:55.504817,30.01422,30.38175,0.0
2022-01-21 08:06:56.005190,29.24066,31.10475,0.0
2022-01-21 08:06:56.509318,30.99324,30.48575,0.0
2022-01-21 08:06:57.008549,30.42637,30.279,0.0
2022-01-21 08:06:57.504357,30.16893,31.05275,0.0
2022-01-21 08:06:58.002630,29.4981,30.6405,0.0
2022-01-21 08:06:58.510366,29.96224,30.5365,0.0
2022-01-21 08:06:59.009843,30.78778,31.05275,0.0
2022-01-21 08:06:59.505376,30.21968,30.331,0.0
2022-01-21 08:07:00.003386,30.11695,29.86675,0.0
2022-01-21 08:07:00.501954,29.96224,31.2075,0.0
2022-01-21 08:07:01.010509,29.96224,30.79525,0.0
2022-01-21 08:07:01.506804,30.16893,30.331,0.0
2022-01-21 08:07:02.005403,30.42637,30.48575,0.0
2022-01-21 08:07:02.501662,30.89051,30.74325,0.0
2022-01-21 08:07:03.010329,30.16893,30.38175,0.0
2022-01-21 08:07:03.507828,29.44612,31.1555,0.0
2022-01-21 08:07:04.007839,30.27166,30.898,0.0
2022-01-21 08:07:04.502041,30.63307,30.0215,0.0
2022-01-21 08:07:05.011239,30.47836,30.846,0.0
2022-01-21 08:07:05.506533,30.47836,31.2595,0.0
2022-01-21 08:07:06.004851,29.96224,30.227,0.0
2022-01-21 08:07:06.510107,30.78778,30.07225,0.0
2022-01-21 08:07:07.008050,30.63307,30.07225,0.0
2022-01-21 08:07:07.509761,30.58109,31.2595,0.0
2022-01-21 08:07:08.008730,30.11695,30.95,0.0
2022-01-21 08:07:08.505546,29.03396,30.43375,0.0
2022-01-21 08:07:09.004397,30.63307,30.227,0.0
2022-01-21 08:07:09.505531,30.68382,30.846,0.0
2022-01-21 08:07:10.003639,30.37439,31.1555,0.0
2022-01-21 08:07:10.509634,29.65281,30.5885,0.0
2022-01-21 08:07:11.004556,29.13669,30.38175,0.0
2022-01-21 08:07:11.510920,31.9735,30.69125,0.0
2022-01-21 08:07:12.003298,31.35465,30.79525,0.0
2022-01-21 08:07:12.510236,29.96224,30.227,0.0
2022-01-21 08:07:13.009157,29.55008,30.846,0.0
2022-01-21 08:07:13.505479,29.55008,30.48575,0.0
2022-01-21 08:07:14.004579,31.30267,30.227,0.0
2022-01-21 08:07:14.508665,30.47836,31.10475,0.0
2022-01-21 08:07:15.008997,29.96224,30.43375,0.0
2022-01-21 08:07:15.502389,28.56982,30.331,0.0
2022-01-21 08:07:16.010859,30.32365,30.898,0.0
2022-01-21 08:07:16.505338,31.19994,30.95,0.0
2022-01-21 08:07:17.002928,30.7358,30.279,0.0
2022-01-21 08:07:17.501244,29.75554,30.69125,0.0
2022-01-21 08:07:18.009736,29.44612,30.69125,0.0
2022-01-21 08:07:18.504422,30.68382,30.279,0.0
2022-01-21 08:07:19.002671,30.83853,30.69125,0.0
2022-01-21 08:07:19.506664,30.42637,30.48575,0.0
2022-01-21 08:07:20.004057,29.96224,30.48575,0.0
2022-01-21 08:07:20.510197,29.44612,30.95,0.0
2022-01-21 08:07:21.001408,30.78778,30.79525,0.0
2022-01-21 08:07:21.507411,30.21968,30.331,0.0
2022-01-21 08:07:22.007618,30.01422,30.43375,0.0
2022-01-21 08:07:22.506419,29.85951,31.00075,0.0
2022-01-21 08:07:23.003753,30.5291,30.79525,0.0
2022-01-21 08:07:23.509723,30.32365,30.5365,0.0
2022-01-21 08:07:24.008062,30.27166,30.43375,0.0
2022-01-21 08:07:24.504229,30.63307,30.331,0.0
2022-01-21 08:07:25.003145,30.68382,31.00075,0.0
2022-01-21 08:07:25.509036,30.16893,30.79525,0.0
2022-01-21 08:07:26.006915,30.01422,30.17625,0.0
2022-01-21 08:07:26.503650,30.7358,30.79525,0.0
2022-01-21 08:07:27.011054,30.9425,30.6405,0.0
2022-01-21 08:07:27.506651,30.27166,30.5885,0.0
2022-01-21 08:07:28.004372,29.60083,30.898,0.0
2022-01-21 08:07:28.509640,29.60083,30.227,0.0
2022-01-21 08:07:29.007488,30.83853,30.79525,0.0
2022-01-21 08:07:29.502904,30.63307,31.05275,0.0
2022-01-21 08:07:30.010466,29.91025,30.43375,0.0
2022-01-21 08:07:30.506307,29.08595,30.5365,0.0
2022-01-21 08:07:31.004973,30.99324,30.48575,0.0
2022-01-21 08:07:31.501384,30.9425,30.6405,0.0
2022-01-21 08:07:32.009745,30.58109,31.00075,0.0
2022-01-21 08:07:32.504305,29.65281,30.74325,0.0
2022-01-21 08:07:33.003514,29.44612,30.43375,0.0
2022-01-21 08:07:33.509867,31.14795,30.74325,0.0
2022-01-21 08:07:34.007286,31.04522,30.5365,0.0
2022-01-21 08:07:34.503181,30.21968,30.74325,0.0
2022-01-21 08:07:35.011253,29.60083,30.69125,0.0
2022-01-21 08:07:35.508044,29.03396,30.6405,0.0
2022-01-21 08:07:36.006913,31.71606,30.79525,0.0
2022-01-21 08:07:36.505150,31.66407,30.12425,0.0
2022-01-21 08:07:37.003477,30.16893,30.846,0.0
2022-01-21 08:07:37.508720,29.80752,30.74325,0.0
2022-01-21 08:07:38.008346,29.85951,30.43375,0.0
2022-01-21 08:07:38.504099,31.40663,30.74325,0.0
2022-01-21 08:07:39.002320,30.68382,30.6405,0.0
2022-01-21 08:07:39.506862,30.11695,30.17625,0.0
2022-01-21 08:07:40.005552,29.39537,31.00075,0.0
2022-01-21 08:07:40.501493,29.96224,30.79525,0.0
2022-01-21 08:07:41.009895,31.45738,30.12425,0.0
2022-01-21 08:07:41.504621,30.42637,31.00075,0.0
2022-01-21 08:07:42.004476,30.37439,30.79525,0.0
2022-01-21 08:07:42.509086,29.08595,30.279,0.0
2022-01-21 08:07:43.007595,31.04522,30.69125,0.0
2022-01-21 08:07:43.502410,30.68382,30.846,0.0
2022-01-21 08:07:44.010761,30.27166,30.6405,0.0
2022-01-21 08:07:44.508540,29.7048,30.846,0.0
2022-01-21 08:07:45.006333,29.85951,30.74325,0.0
2022-01-21 08:07:45.501701,30.5291,30.12425,0.0
2022-01-21 08:07:46.003418,30.16893,30.48575,0.0
2022-01-21 08:07:46.508461,30.27166,31.10475,0.0
2022-01-21 08:07:47.007829,30.11695,30.5885,0.0
2022-01-21 08:07:47.503514,30.32365,30.48575,0.0
2022-01-21 08:07:48.010628,29.85951,31.1555,0.0
2022-01-21 08:07:48.506915,30.5291,30.279,0.0
2022-01-21 08:07:49.006087,30.83853,30.846,0.0
2022-01-21 08:07:49.502748,30.42637,31.00075,0.0
2022-01-21 08:07:50.003226,29.4981,30.227,0.0
2022-01-21 08:07:50.508836,30.11695,30.17625,0.0
2022-01-21 08:07:51.007577,30.89051,31.00075,0.0
2022-01-21 08:07:51.501897,30.83853,30.331,0.0
2022-01-21 08:07:52.010748,29.91025,30.331,0.0
2022-01-21 08:07:52.504708,29.44612,30.95,0.0
2022-01-21 08:07:53.003475,30.89051,30.69125,0.0
2022-01-21 08:07:53.501206,30.7358,30.43375,0.0
2022-01-21 08:07:54.009766,30.47836,31.36225,0.0
2022-01-21 08:07:54.505208,29.80752,30.79525,0.0
2022-01-21 08:07:55.004154,29.24066,30.17625,0.0
2022-01-21 08:07:55.510513,31.19994,30.6405,0.0
2022-01-21 08:07:56.010250,30.5291,30.69125,0.0
2022-01-21 08:07:56.505799,30.06497,30.12425,0.0
2022-01-21 08:07:57.004138,29.7048,30.48575,0.0
2022-01-21 08:07:57.509167,30.47836,30.95,0.0
2022-01-21 08:07:58.007987,31.14795,30.38175,0.0
2022-01-21 08:07:58.502464,30.16893,30.5885,0.0
2022-01-21 08:07:59.001132,30.06497,31.00075,0.0
2022-01-21 08:07:59.507007,29.75554,30.5365,0.0
2022-01-21 08:08:00.001764,31.09721,30.74325,0.0
2022-01-21 08:08:00.509923,30.27166,31.2075,0.0
2022-01-21 08:08:01.009895,30.42637,30.331,0.0
2022-01-21 08:08:01.507312,30.16893,30.43375,0.0
2022-01-21 08:08:02.005457,29.80752,30.95,0.0
2022-01-21 08:08:03.005364,30.32365,30.17625,0.0
2022-01-21 08:08:03.510592,30.11695,30.79525,0.0
2022-01-21 08:08:04.010152,29.91025,30.48575,0.0
2022-01-21 08:08:04.504969,30.27166,30.5365,0.0
2022-01-21 08:08:05.003331,30.21968,31.05275,0.0
2022-01-21 08:08:05.510410,30.47836,30.5885,0.0
2022-01-21 08:08:06.008343,30.21968,30.79525,0.0
2022-01-21 08:08:06.503663,30.37439,31.31025,0.0
2022-01-21 08:08:07.001453,30.01422,30.5365,0.0
2022-01-21 08:08:07.509064,30.32365,29.9175,0.0
2022-01-21 08:08:08.007289,30.37439,30.69125,0.0
2022-01-21 08:08:08.503403,30.42637,30.79525,0.0
2022-01-21 08:08:09.001624,30.58109,30.38175,0.0
2022-01-21 08:08:09.507451,29.91025,30.48575,0.0
2022-01-21 08:08:10.006699,30.11695,30.331,0.0
2022-01-21 08:08:10.504731,30.78778,30.43375,0.0
2022-01-21 08:08:11.009117,30.47836,31.2595,0.0
2022-01-21 08:08:11.504174,30.47836,30.898,0.0
2022-01-21 08:08:12.002670,29.65281,30.17625,0.0
2022-01-21 08:08:12.508333,29.39537,30.69125,0.0
2022-01-21 08:08:13.006681,30.99324,31.10475,0.0
2022-01-21 08:08:13.501232,30.58109,30.48575,0.0
2022-01-21 08:08:14.010383,30.16893,30.279,0.0
2022-01-21 08:08:14.505158,29.55008,30.6405,0.0
2022-01-21 08:08:15.001510,30.11695,30.38175,0.0
2022-01-21 08:08:15.506428,31.45738,30.48575,0.0
2022-01-21 08:08:16.004336,30.83853,30.74325,0.0
2022-01-21 08:08:16.509909,30.01422,30.331,0.0
2022-01-21 08:08:17.005549,28.67255,30.6405,0.0
2022-01-21 08:08:17.510560,30.58109,31.00075,0.0
2022-01-21 08:08:18.007879,30.78778,30.6405,0.0
2022-01-21 08:08:18.509835,30.32365,30.6405,0.0
2022-01-21 08:08:19.008370,29.75554,30.43375,0.0
2022-01-21 08:08:19.504333,28.56982,30.898,0.0
2022-01-21 08:08:20.002800,31.71606,30.69125,0.0
2022-01-21 08:08:20.509337,31.25192,30.279,0.0
2022-01-21 08:08:21.007405,30.63307,30.5885,0.0
2022-01-21 08:08:21.501846,29.44612,30.5365,0.0
2022-01-21 08:08:22.010303,29.18867,30.6405,0.0
2022-01-21 08:08:22.506258,31.50936,30.38175,0.0
2022-01-21 08:08:23.003808,31.09721,30.898,0.0
2022-01-21 08:08:23.510487,30.21968,30.74325,0.0
2022-01-21 08:08:24.009073,29.4981,30.5885,0.0
2022-01-21 08:08:24.503269,29.39537,30.79525,0.0
2022-01-21 08:08:25.001297,31.25192,30.331,0.0
2022-01-21 08:08:25.507678,30.32365,30.6405,0.0
2022-01-21 08:08:26.005464,30.16893,31.1555,0.0
2022-01-21 08:08:26.501156,29.34339,30.227,0.0
2022-01-21 08:08:27.009019,30.89051,30.12425,0.0
2022-01-21 08:08:27.504191,30.63307,30.846,0.0
2022-01-21 08:08:28.001972,30.01422,30.6405,0.0
2022-01-21 08:08:28.501258,30.01422,30.5365,0.0
2022-01-21 08:08:29.009998,30.11695,30.69125,0.0
2022-01-21 08:08:29.505274,30.5291,30.48575,0.0
2022-01-21 08:08:30.003041,30.11695,30.5885,0.0
2022-01-21 08:08:30.508180,30.63307,31.2595,0.0
2022-01-21 08:08:31.006343,30.01422,30.69125,0.0
2022-01-21 08:08:31.501268,29.91025,29.9695,0.0
2022-01-21 08:08:32.008480,30.47836,30.95,0.0
2022-01-21 08:08:32.507633,30.42637,30.6405,0.0
2022-01-21 08:08:33.005687,30.58109,30.48575,0.0
2022-01-21 08:08:33.510811,30.5291,30.6405,0.0
2022-01-21 08:08:34.008564,29.96224,30.5365,0.0
2022-01-21 08:08:34.504012,30.01422,30.48575,0.0
2022-01-21 08:08:35.002628,30.7358,30.74325,0.0
2022-01-21 08:08:35.508629,30.5291,30.79525,0.0
2022-01-21 08:08:36.008478,30.16893,30.38175,0.0
2022-01-21 08:08:36.505439,29.60083,30.846,0.0
2022-01-21 08:08:37.005703,30.47836,30.95,0.0
2022-01-21 08:08:37.510273,31.04522,30.331,0.0
2022-01-21 08:08:38.007925,30.47836,30.79525,0.0
2022-01-21 08:08:38.503970,30.01422,30.898,0.0
2022-01-21 08:08:39.001215,29.2914,30.331,0.0
2022-01-21 08:08:39.505899,31.09721,30.79525,0.0
2022-01-21 08:08:40.004072,30.7358,30.898,0.0
2022-01-21 08:08:40.510329,30.42637,30.279,0.0
2022-01-21 08:08:41.008097,29.34339,30.5885,0.0
2022-01-21 08:08:41.505259,29.13669,30.95,0.0
2022-01-21 08:08:42.002764,31.35465,30.48575,0.0
2022-01-21 08:08:42.508080,30.42637,30.69125,0.0
2022-01-21 08:08:43.006818,30.32365,31.05275,0.0
2022-01-21 08:08:43.503051,29.65281,30.227,0.0
2022-01-21 08:08:44.011050,30.5291,30.279,0.0
2022-01-21 08:08:44.506588,31.04522,31.05275,0.0
2022-01-21 08:08:45.004970,30.58109,30.69125,0.0
2022-01-21 08:08:45.501496,29.96224,30.5365,0.0
2022-01-21 08:08:46.010747,29.85951,30.846,0.0
2022-01-21 08:08:46.505334,30.16893,30.12425,0.0
2022-01-21 08:08:47.003634,30.47836,30.279,-0.03864
2022-01-21 08:08:47.508388,30.27166,31.2595,-0.03864
2022-01-21 08:08:48.006490,30.06497,30.69125,0.0
2022-01-21 08:08:48.501252,30.06497,30.07225,0.0
2022-01-21 08:08:49.009963,30.58109,31.00075,0.0
2022-01-21 08:08:49.506796,29.91025,30.5885,0.0
2022-01-21 08:08:50.004088,30.5291,30.43375,0.0
2022-01-21 08:08:50.503328,30.58109,30.898,0.0
2022-01-21 08:08:51.010394,30.21968,30.74325,0.0
2022-01-21 08:08:51.505569,29.75554,30.12425,0.0
2022-01-21 08:08:52.003960,30.47836,31.10475,0.0
2022-01-21 08:08:52.511231,30.68382,30.6405,0.0
2022-01-21 08:08:53.010079,30.11695,29.9175,0.0
2022-01-21 08:08:53.504326,29.55008,30.279,0.0
2022-01-21 08:08:54.002828,30.21968,31.05275,0.0
2022-01-21 08:08:54.508617,30.83853,30.69125,0.0
2022-01-21 08:08:55.007218,30.5291,30.5885,0.0
2022-01-21 08:08:55.502815,30.37439,30.79525,0.0
2022-01-21 08:08:56.010627,29.2914,30.279,0.0
2022-01-21 08:08:56.507018,30.63307,30.846,0.0
2022-01-21 08:08:57.006727,30.89051,31.1555,0.0
2022-01-21 08:08:57.510714,30.68382,30.74325,0.0
2022-01-21 08:08:58.008934,30.11695,30.07225,0.0
2022-01-21 08:08:58.504764,29.65281,30.846,0.0
2022-01-21 08:08:59.002390,30.27166,30.5885,0.0
2022-01-21 08:08:59.509200,31.14795,30.279,0.0
2022-01-21 08:09:00.007107,30.7358,30.846,0.0
2022-01-21 08:09:00.503227,30.01422,30.43375,0.0
2022-01-21 08:09:01.001002,29.03396,30.69125,0.0
2022-01-21 08:09:01.509173,30.5291,30.846,0.0
2022-01-21 08:09:02.007767,30.89051,30.6405,0.0
2022-01-21 08:09:02.503700,30.37439,30.69125,0.0
2022-01-21 08:09:03.001824,29.55008,30.6405,0.0
2022-01-21 08:09:03.509875,29.39537,30.846,0.0
2022-01-21 08:09:04.007402,31.56135,30.43375,0.0
2022-01-21 08:09:04.503253,30.9425,30.43375,0.0
2022-01-21 08:09:05.004721,29.96224,30.6405,0.0
2022-01-21 08:09:05.503525,29.34339,30.6405,0.0
2022-01-21 08:09:06.001145,29.65281,30.48575,0.0
2022-01-21 08:09:06.506174,30.99324,30.69125,0.0
2022-01-21 08:09:07.003064,30.7358,30.846,0.0
2022-01-21 08:09:07.510359,29.96224,30.69125,0.0
2022-01-21 08:09:08.009247,29.55008,30.69125,0.0
2022-01-21 08:09:08.506193,30.47836,30.6405,0.0
2022-01-21 08:09:09.007067,30.9425,30.5365,0.0
2022-01-21 08:09:09.503968,30.32365,31.00075,0.0
2022-01-21 08:09:10.001566,29.96224,30.74325,0.0
2022-01-21 08:09:10.507590,29.60083,30.17625,0.0
2022-01-21 08:09:11.001919,31.04522,30.279,0.0
2022-01-21 08:09:11.507286,30.21968,30.79525,0.0
2022-01-21 08:09:12.007233,30.16893,30.69125,0.0
2022-01-21 08:09:12.502903,30.11695,30.38175,0.0
2022-01-21 08:09:13.011121,30.21968,30.69125,0.0
2022-01-21 08:09:13.506190,30.37439,30.79525,0.0
2022-01-21 08:09:14.002881,30.11695,30.74325,0.0
2022-01-21 08:09:14.507031,30.21968,30.95,0.0
2022-01-21 08:09:15.004901,30.7358,30.43375,0.0
2022-01-21 08:09:15.510350,30.06497,30.17625,0.0
2022-01-21 08:09:16.007789,29.44612,31.05275,0.0
2022-01-21 08:09:16.505354,30.99324,30.79525,0.0
2022-01-21 08:09:17.003889,30.68382,30.43375,0.0
2022-01-21 08:09:17.508887,30.5291,30.0215,0.0
2022-01-21 08:09:18.008118,29.55008,30.74325,0.0
2022-01-21 08:09:18.502658,30.06497,30.898,0.0
2022-01-21 08:09:19.001715,30.9425,30.69125,0.0
2022-01-21 08:09:19.505512,30.68382,30.79525,0.0
2022-01-21 08:09:20.005363,30.27166,30.5885,0.0
2022-01-21 08:09:20.501221,29.85951,30.43375,0.0
2022-01-21 08:09:21.001265,29.7048,31.2595,0.0
2022-01-21 08:09:21.507516,30.68382,30.74325,0.0
2022-01-21 08:09:22.006857,30.68382,30.279,0.0
2022-01-21 08:09:22.501548,30.16893,30.846,0.0
2022-01-21 08:09:23.008948,29.85951,30.69125,0.0
2022-01-21 08:09:23.505152,30.78778,30.279,0.0
2022-01-21 08:09:24.003980,30.58109,30.69125,0.0
2022-01-21 08:09:24.509842,30.58109,30.38175,0.0
2022-01-21 08:09:25.007007,29.80752,30.69125,0.0
2022-01-21 08:09:25.503347,29.39537,31.10475,0.0
2022-01-21 08:09:26.002836,31.50936,30.5365,0.0
2022-01-21 08:09:26.509737,30.5291,30.48575,0.0
2022-01-21 08:09:27.009859,30.27166,30.898,0.0
2022-01-21 08:09:27.506397,29.39537,30.38175,0.0
2022-01-21 08:09:28.005648,29.44612,30.43375,0.0
2022-01-21 08:09:28.502882,31.25192,30.898,0.0
2022-01-21 08:09:29.010808,30.83853,30.6405,0.0
2022-01-21 08:09:29.506704,30.27166,30.17625,0.0
2022-01-21 08:09:30.008059,29.2914,30.69125,0.0
2022-01-21 08:09:30.501133,30.11695,30.74325,0.0
2022-01-21 08:09:31.008607,30.89051,30.5885,0.0
2022-01-21 08:09:31.504373,30.63307,31.1555,0.0
2022-01-21 08:09:32.002969,29.85951,30.6405,0.0
2022-01-21 08:09:32.508239,29.65281,30.0215,0.0
2022-01-21 08:09:33.006788,30.63307,31.00075,0.0
2022-01-21 08:09:33.502864,30.68382,30.846,0.0
2022-01-21 08:09:34.001500,30.63307,30.48575,0.0
2022-01-21 08:09:34.509002,30.21968,30.279,0.0
2022-01-21 08:09:35.006775,29.7048,31.05275,0.0
2022-01-21 08:09:35.501853,30.63307,30.38175,0.0
2022-01-21 08:09:36.011158,30.11695,30.74325,0.0
2022-01-21 08:09:36.507387,30.16893,30.95,0.0
2022-01-21 08:09:37.004682,30.32365,30.5885,0.0
2022-01-21 08:09:37.510366,29.96224,30.6405,0.0
2022-01-21 08:09:38.009058,30.06497,31.00075,0.0
2022-01-21 08:09:38.505947,30.5291,30.5365,0.0
2022-01-21 08:09:39.004966,29.91025,30.0215,0.0
2022-01-21 08:09:39.509210,30.68382,30.846,0.0
2022-01-21 08:09:40.007290,30.16893,30.74325,0.0
2022-01-21 08:09:40.501228,30.01422,30.331,0.0
2022-01-21 08:09:41.009267,30.68382,30.95,0.0
2022-01-21 08:09:41.506738,30.68382,30.5365,0.0
2022-01-21 08:09:42.005746,30.21968,30.227,0.0
2022-01-21 08:09:42.510931,29.7048,31.10475,0.0
2022-01-21 08:09:43.003980,29.55008,30.48575,0.0
2022-01-21 08:09:43.510640,30.47836,30.6405,0.0
2022-01-21 08:09:44.008477,30.83853,30.6405,0.0
2022-01-21 08:09:44.504260,30.27166,30.43375,0.0
2022-01-21 08:09:45.001737,29.39537,30.5365,0.0
2022-01-21 08:09:45.508143,30.32365,30.79525,0.0
2022-01-21 08:09:46.008905,31.50936,30.5885,0.0
2022-01-21 08:09:46.505675,30.68382,30.43375,0.0
2022-01-21 08:09:47.005399,29.80752,30.74325,0.0
2022-01-21 08:09:47.511217,28.87925,30.69125,0.0
2022-01-21 08:09:48.010600,30.83853,30.69125,0.0
2022-01-21 08:09:48.505975,30.89051,30.69125,0.0
2022-01-21 08:09:49.003618,30.47836,30.79525,0.0
2022-01-21 08:09:49.508619,29.4981,30.17625,0.0
2022-01-21 08:09:50.006482,28.93123,30.74325,0.0
2022-01-21 08:09:50.501723,31.25192,30.846,0.0
2022-01-21 08:09:51.009919,30.21968,30.48575,0.0
2022-01-21 08:09:51.505635,30.32365,30.69125,0.0
2022-01-21 08:09:52.005823,29.85951,30.74325,0.0
2022-01-21 08:09:52.501928,30.01422,30.331,0.0
2022-01-21 08:09:53.010385,31.19994,31.00075,0.0
2022-01-21 08:09:53.504967,30.21968,30.74325,0.0
2022-01-21 08:09:54.003691,30.27166,30.38175,0.0
2022-01-21 08:09:54.508527,30.06497,30.5365,0.0
2022-01-21 08:09:55.006904,30.68382,30.898,0.0
2022-01-21 08:09:55.501516,30.68382,30.6405,0.0
2022-01-21 08:09:56.008489,29.96224,30.43375,0.0
2022-01-21 08:09:56.506247,30.21968,30.5365,0.0
2022-01-21 08:09:57.006437,29.96224,30.331,0.0
2022-01-21 08:09:57.502641,30.11695,31.10475,0.0
2022-01-21 08:09:58.010863,30.37439,30.74325,0.0
2022-01-21 08:09:58.505231,30.5291,30.17625,0.0
2022-01-21 08:09:59.002942,30.5291,30.5885,0.0
2022-01-21 08:09:59.508652,30.21968,30.95,0.0
2022-01-21 08:10:00.006690,29.91025,30.69125,0.0
2022-01-21 08:10:00.510887,30.78778,30.6405,0.0
2022-01-21 08:10:01.008957,30.32365,30.43375,0.0
2022-01-21 08:10:01.503073,30.37439,30.43375,0.0
2022-01-21 08:10:02.010058,29.7048,30.95,0.0
2022-01-21 08:10:02.505075,29.96224,30.79525,0.0
2022-01-21 08:10:03.003839,31.04522,30.48575,0.0
2022-01-21 08:10:03.509891,30.16893,30.38175,0.0
2022-01-21 08:10:04.009017,30.27166,30.95,0.0
2022-01-21 08:10:04.503735,29.34339,30.6405,0.0
2022-01-21 08:10:05.003244,30.99324,30.95,0.0
2022-01-21 08:10:05.501073,31.04522,30.5365,0.0
2022-01-21 08:10:06.010880,30.32365,30.227,0.0
2022-01-21 08:10:06.508597,30.21968,31.1555,0.0
2022-01-21 08:10:07.006896,29.34339,30.48575,0.0
2022-01-21 08:10:07.502470,30.78778,30.38175,0.0
2022-01-21 08:10:08.505043,30.7358,30.79525,0.0
2022-01-21 08:10:09.003231,29.4981,30.12425,0.0
2022-01-21 08:10:09.508092,29.08595,30.898,0.0
2022-01-21 08:10:10.009776,30.99324,30.846,0.0
2022-01-21 08:10:10.504162,30.78778,30.38175,0.0
2022-01-21 08:10:11.007972,30.5291,30.95,0.0
2022-01-21 08:10:11.502736,29.65281,30.5885,0.0
2022-01-21 08:10:12.010311,29.4981,30.279,0.0
2022-01-21 08:10:12.504416,31.30267,30.95,0.0
2022-01-21 08:10:13.002252,30.47836,30.95,0.0
2022-01-21 08:10:13.508035,29.96224,30.331,0.0
2022-01-21 08:10:14.007015,29.39537,30.43375,0.0
2022-01-21 08:10:14.503414,30.42637,31.00075,0.0
2022-01-21 08:10:15.002432,31.09721,30.38175,0.0
2022-01-21 08:10:15.510293,30.16893,30.48575,0.0
2022-01-21 08:10:16.008567,29.75554,30.846,0.0
2022-01-21 08:10:16.510169,29.60083,30.43375,0.0
2022-01-21 08:10:17.008406,31.04522,30.74325,0.0
2022-01-21 08:10:17.503354,30.16893,30.95,0.0
2022-01-21 08:10:18.002420,30.21968,30.38175,0.0
2022-01-21 08:10:18.507222,30.27166,29.9695,0.0
2022-01-21 08:10:19.006394,30.21968,31.465,0.0
2022-01-21 08:10:19.506506,30.27166,31.05275,0.0
2022-01-21 08:10:20.004401,30.32365,30.38175,0.0
2022-01-21 08:10:20.509339,30.11695,30.17625,0.0
2022-01-21 08:10:21.006332,30.5291,30.74325,0.0
2022-01-21 08:10:21.501565,30.21968,31.05275,0.0
2022-01-21 08:10:22.010018,29.65281,30.898,0.0
2022-01-21 08:10:22.506638,30.42637,30.331,0.0
2022-01-21 08:10:23.004767,30.9425,30.331,0.0
2022-01-21 08:10:23.502509,30.42637,31.00075,0.0
2022-01-21 08:10:24.003336,30.01422,30.48575,0.0
2022-01-21 08:10:24.508660,29.39537,30.38175,0.0
2022-01-21 08:10:25.006423,30.9425,30.74325,0.0
2022-01-21 08:10:25.501091,30.7358,30.846,0.0
2022-01-21 08:10:26.009092,30.5291,30.43375,0.0
2022-01-21 08:10:26.504064,29.44612,31.05275,0.0
2022-01-21 08:10:27.003037,29.80752,30.74325,0.0
2022-01-21 08:10:27.510747,31.40663,30.227,0.0
2022-01-21 08:10:28.008428,30.32365,30.79525,0.0
2022-01-21 08:10:28.505378,30.21968,30.846,0.0
2022-01-21 08:10:29.003971,29.34339,30.38175,0.0
2022-01-21 08:10:29.508826,30.42637,30.6405,0.0
2022-01-21 08:10:30.007405,31.30267,30.69125,0.0
2022-01-21 08:10:30.503322,30.5291,30.43375,0.0
2022-01-21 08:10:31.001676,30.16893,30.43375,0.0
2022-01-21 08:10:31.507883,29.34339,31.2075,0.0
2022-01-21 08:10:32.006125,30.01422,30.6405,0.0
2022-01-21 08:10:33.005388,30.47836,31.05275,0.0
2022-01-21 08:10:33.502750,29.75554,30.331,0.0
2022-01-21 08:10:34.011058,29.55008,30.6405,0.0
2022-01-21 08:10:34.506022,30.78778,31.05275,0.0
2022-01-21 08:10:35.003475,30.47836,30.279,0.0
2022-01-21 08:10:35.508188,30.32365,30.07225,0.0
2022-01-21 08:10:36.008576,29.7048,31.2075,0.0
2022-01-21 08:10:36.503003,30.27166,30.74325,0.0
2022-01-21 08:10:37.002218,30.99324,30.6405,0.0
2022-01-21 08:10:37.502100,29.91025,30.48575,0.0
2022-01-21 08:10:38.002752,30.06497,30.95,0.0
2022-01-21 08:10:38.508847,30.11695,30.69125,0.0
2022-01-21 08:10:39.007524,30.63307,30.95,0.0
2022-01-21 08:10:39.503437,30.37439,30.5885,0.0
2022-01-21 08:10:40.001454,30.06497,30.17625,0.0
2022-01-21 08:10:40.506956,30.42637,30.74325,0.0
2022-01-21 08:10:41.009528,30.27166,30.79525,0.0
2022-01-21 08:10:41.504654,30.32365,30.5885,0.0
2022-01-21 08:10:42.002639,30.01422,30.43375,0.0
2022-01-21 08:10:42.510356,30.21968,30.48575,0.0
2022-01-21 08:10:43.008498,31.04522,30.5365,0.0
2022-01-21 08:10:43.505171,30.06497,31.00075,0.0
2022-01-21 08:10:44.002112,29.60083,30.846,0.0
2022-01-21 08:10:44.507266,30.5291,30.5365,0.0
2022-01-21 08:10:45.006312,30.63307,30.95,0.0
2022-01-21 08:10:45.501910,30.42637,30.38175,0.0
2022-01-21 08:10:46.010348,29.91025,30.6405,0.0
2022-01-21 08:10:46.509138,29.60083,30.5365,0.0
2022-01-21 08:10:47.006759,30.9425,30.279,0.0
2022-01-21 08:10:47.502131,30.78778,30.846,0.0
2022-01-21 08:10:48.011046,30.32365,30.6405,0.0
2022-01-21 08:10:48.501530,29.65281,30.43375,0.0
2022-01-21 08:10:49.010319,30.21968,30.6405,0.0
2022-01-21 08:10:49.506859,31.25192,30.5885,0.0
2022-01-21 08:10:50.006794,30.32365,30.846,0.0
2022-01-21 08:10:50.502650,30.11695,30.95,0.0
2022-01-21 08:10:51.003322,29.18867,30.69125,0.0
2022-01-21 08:10:51.509423,30.68382,30.43375,0.0
2022-01-21 08:10:52.008656,31.04522,30.79525,0.0
2022-01-21 08:10:52.504429,30.21968,30.279,0.0
2022-01-21 08:10:53.002999,30.06497,30.69125,0.0
2022-01-21 08:10:53.511143,29.08595,30.5885,0.0
2022-01-21 08:10:54.009154,30.68382,30.331,0.0
2022-01-21 08:10:54.504073,30.99324,30.69125,0.0
2022-01-21 08:10:55.002024,30.42637,30.38175,0.0
2022-01-21 08:10:55.510293,29.91025,31.00075,0.0
2022-01-21 08:10:56.009787,29.55008,30.846,0.0
2022-01-21 08:10:56.504226,31.35465,30.69125,0.0
2022-01-21 08:10:57.002811,30.58109,31.1555,0.0
2022-01-21 08:10:57.509841,30.06497,30.17625,0.0
2022-01-21 08:10:58.006629,29.44612,30.17625,0.0
2022-01-21 08:10:58.501348,30.47836,31.2075,0.0
2022-01-21 08:10:59.002013,30.47836,30.5365,0.0
2022-01-21 08:10:59.506880,30.01422,29.86675,0.0
2022-01-21 08:11:00.004417,30.21968,30.74325,0.0
2022-01-21 08:11:00.504293,30.5291,30.95,0.0
2022-01-21 08:11:01.002777,30.32365,30.38175,0.0
2022-01-21 08:11:01.509147,30.27166,30.898,0.0
2022-01-21 08:11:02.007569,30.21968,30.846,0.0
2022-01-21 08:11:02.502739,30.63307,30.17625,0.0
2022-01-21 08:11:03.011259,30.58109,31.569,0.0
2022-01-21 08:11:03.506827,29.75554,31.2595,0.0
2022-01-21 08:11:04.006581,29.80752,30.0215,0.0
2022-01-21 08:11:04.503276,30.83853,29.608,0.0
2022-01-21 08:11:05.002337,30.63307,31.1555,0.0
2022-01-21 08:11:05.508899,30.01422,31.05275,0.0
2022-01-21 08:11:06.007419,29.39537,30.17625,0.0
2022-01-21 08:11:06.503708,30.42637,30.0215,0.0
2022-01-21 08:11:07.003595,30.99324,30.5365,0.0
2022-01-21 08:11:07.510762,30.5291,31.2075,0.0
2022-01-21 08:11:08.009409,30.21968,31.10475,0.0
2022-01-21 08:11:08.508040,29.7048,30.38175,0.0
2022-01-21 08:11:09.007627,30.89051,30.48575,0.0
2022-01-21 08:11:09.503349,30.68382,31.1555,0.0
2022-01-21 08:11:10.002959,30.37439,30.279,0.0
2022-01-21 08:11:10.507687,29.4981,30.43375,0.0
2022-01-21 08:11:11.002471,29.39537,30.43375,0.0
2022-01-21 08:11:11.508153,31.19994,30.5365,0.0
2022-01-21 08:11:12.006237,30.47836,30.6405,0.0
2022-01-21 08:11:12.510801,30.42637,30.69125,0.0
2022-01-21 08:11:13.001223,29.65281,30.6405,0.0
2022-01-21 08:11:13.505975,30.47836,30.331,0.0
2022-01-21 08:11:14.007984,31.40663,31.10475,0.0
2022-01-21 08:11:14.505727,30.63307,30.69125,0.0
2022-01-21 08:11:15.004004,29.96224,30.331,0.0
2022-01-21 08:11:15.509871,29.24066,31.2075,0.0
2022-01-21 08:11:16.006779,29.55008,30.6405,0.0
2022-01-21 08:11:16.510476,31.40663,30.12425,0.0
2022-01-21 08:11:17.001789,30.47836,31.00075,0.0
2022-01-21 08:11:17.510532,30.16893,30.5365,0.0
2022-01-21 08:11:18.010043,29.13669,30.5885,0.0
2022-01-21 08:11:18.505537,30.99324,31.05275,0.0
2022-01-21 08:11:19.003654,30.99324,30.331,0.0
2022-01-21 08:11:19.508039,30.37439,30.279,0.0
2022-01-21 08:11:20.006681,29.96224,31.1555,0.0
2022-01-21 08:11:20.503715,29.03396,30.74325,0.0
2022-01-21 08:11:21.001002,31.09721,30.279,0.0
2022-01-21 08:11:21.507813,30.78778,30.79525,0.0
2022-01-21 08:11:22.007118,30.32365,30.74325,0.0
2022-01-21 08:11:22.502064,29.60083,30.48575,0.0
2022-01-21 08:11:23.008664,29.34339,30.6405,0.0
2022-01-21 08:11:23.503787,31.35465,30.48575,0.0
2022-01-21 08:11:24.001871,30.47836,30.279,0.0
2022-01-21 08:11:24.507413,30.21968,31.10475,0.0
2022-01-21 08:11:25.004646,29.75554,30.79525,0.0
2022-01-21 08:11:25.509997,30.68382,30.43375,0.0
2022-01-21 08:11:26.008995,30.68382,30.43375,0.0
2022-01-21 08:11:26.505517,30.11695,31.2075,0.0
2022-01-21 08:11:27.006954,30.89051,30.6405,0.0
2022-01-21 08:11:27.501879,30.47836,30.43375,0.0
2022-01-21 08:11:28.010940,29.85951,30.74325,0.0
2022-01-21 08:11:28.506647,29.7048,30.79525,0.0
2022-01-21 08:11:29.001100,30.89051,30.43375,0.0
2022-01-21 08:11:29.510721,30.89051,31.00075,0.0
2022-01-21 08:11:30.008595,29.91025,30.6405,0.0
2022-01-21 08:11:30.503922,29.4981,30.12425,0.0
2022-01-21 08:11:31.005017,31.04522,30.74325,0.0
2022-01-21 08:11:31.501258,30.42637,30.5365,0.0
2022-01-21 08:11:32.003728,30.68382,30.48575,0.0
2022-01-21 08:11:32.509266,29.85951,30.898,0.0
2022-01-21 08:11:33.006322,29.65281,30.74325,0.0
2022-01-21 08:11:33.502876,30.9425,30.48575,0.0
2022-01-21 08:11:34.010671,30.47836,30.79525,0.0
2022-01-21 08:11:34.506661,30.27166,30.6405,0.0
2022-01-21 08:11:35.005165,29.65281,30.6405,0.0
2022-01-21 08:11:35.502876,30.37439,30.79525,0.0
2022-01-21 08:11:36.001970,30.78778,30.5365,0.0
2022-01-21 08:11:36.508525,30.37439,30.43375,0.0
2022-01-21 08:11:37.006808,30.27166,30.95,0.0
2022-01-21 08:11:37.502396,29.75554,30.43375,0.0
2022-01-21 08:11:38.010152,30.68382,30.331,0.0
2022-01-21 08:11:38.504447,30.89051,30.846,0.0
2022-01-21 08:11:39.004054,30.06497,30.48575,0.0
2022-01-21 08:11:39.501767,30.16893,31.05275,0.0
2022-01-21 08:11:40.010713,30.06497,30.95,0.0
2022-01-21 08:11:40.505845,30.99324,30.279,0.0
2022-01-21 08:11:41.004261,30.42637,30.95,0.0
2022-01-21 08:11:41.509537,30.06497,30.69125,0.0
2022-01-21 08:11:42.006864,29.85951,30.69125,0.0
2022-01-21 08:11:42.503122,30.21968,30.43375,0.0
2022-01-21 08:11:43.001774,31.09721,30.43375,0.0
2022-01-21 08:11:43.506962,30.16893,30.227,0.0
2022-01-21 08:11:44.005315,30.11695,30.898,0.0
2022-01-21 08:11:44.502168,29.80752,30.846,0.0
2022-01-21 08:11:45.002697,30.42637,30.331,0.0
2022-01-21 08:11:45.508647,30.27166,30.6405,0.0
2022-01-21 08:11:46.008099,30.27166,30.846,0.0
2022-01-21 08:11:46.502802,30.47836,30.69125,0.0
2022-01-21 08:11:47.004127,30.42637,30.95,0.0
2022-01-21 08:11:47.509696,30.16893,30.6405,0.0
2022-01-21 08:11:48.007374,30.16893,30.12425,0.0
2022-01-21 08:11:48.505014,30.21968,30.898,0.0
2022-01-21 08:11:49.003827,30.78778,30.5885,0.0
2022-01-21 08:11:50.005420,29.85951,30.331,0.0
2022-01-21 08:11:50.510704,29.80752,30.69125,0.0
2022-01-21 08:11:51.010486,30.83853,31.10475,0.0
2022-01-21 08:11:51.505756,30.7358,30.69125,0.0
2022-01-21 08:11:52.004457,29.96224,31.05275,0.0
2022-01-21 08:11:52.503318,29.65281,30.5885,0.0
2022-01-21 08:11:53.002237,30.68382,30.48575,0.0
2022-01-21 08:11:53.510977,30.83853,31.1555,0.0
2022-01-21 08:11:54.009357,30.42637,30.79525,0.0
2022-01-21 08:11:54.506384,29.80752,30.12425,0.0
2022-01-21 08:11:55.004161,29.39537,30.5885,0.0
2022-01-21 08:11:55.510416,31.35465,30.95,0.0
2022-01-21 08:11:56.008061,30.89051,30.07225,0.0
2022-01-21 08:11:56.503032,30.21968,30.38175,0.0
2022-01-21 08:11:57.002760,29.55008,30.95,0.0
2022-01-21 08:11:57.508008,29.34339,30.6405,0.0
2022-01-21 08:11:58.009979,31.81879,30.79525,0.0
2022-01-21 08:11:58.504680,31.25192,30.79525,0.0
2022-01-21 08:11:59.003253,30.32365,30.48575,0.0
2022-01-21 08:11:59.509208,29.34339,30.898,0.0
2022-01-21 08:12:00.007391,29.24066,30.69125,0.0
2022-01-21 08:12:00.502620,31.50936,29.9175,0.0
2022-01-21 08:12:01.001712,30.78778,30.48575,0.0
2022-01-21 08:12:01.506870,29.96224,30.5885,0.0
2022-01-21 08:12:02.007039,29.34339,30.12425,0.0
2022-01-21 08:12:02.502923,30.5291,30.6405,0.0
2022-01-21 08:12:03.002400,31.25192,31.00075,0.0
2022-01-21 08:12:03.509694,30.06497,30.69125,0.0
2022-01-21 08:12:04.007824,30.11695,31.1555,0.0
2022-01-21 08:12:04.511134,29.65281,30.898,0.0
2022-01-21 08:12:05.011151,30.9425,30.17625,0.0
2022-01-21 08:12:05.507288,30.32365,30.6405,0.0
2022-01-21 08:12:06.006092,30.21968,31.31025,0.0
2022-01-21 08:12:06.501926,29.85951,30.74325,0.0
2022-01-21 08:12:07.009918,30.27166,30.227,0.0
2022-01-21 08:12:07.503996,30.58109,30.43375,0.0
2022-01-21 08:12:08.004717,30.16893,30.74325,0.0
2022-01-21 08:12:08.510172,30.37439,30.6405,0.0
2022-01-21 08:12:09.008116,30.32365,30.898,0.0
2022-01-21 08:12:09.503185,30.5291,30.79525,0.0
2022-01-21 08:12:10.002132,29.96224,30.43375,0.0
2022-01-21 08:12:10.508447,30.5291,31.36225,0.0
2022-01-21 08:12:11.004473,30.63307,30.95,0.0
2022-01-21 08:12:11.509715,30.27166,30.227,0.0
2022-01-21 08:12:12.008806,29.91025,30.331,0.0
2022-01-21 08:12:12.503040,30.01422,31.05275,0.0
2022-01-21 08:12:13.002181,30.78778,30.279,0.0
2022-01-21 08:12:13.506993,30.42637,30.331,0.0
2022-01-21 08:12:14.005165,30.37439,30.48575,0.0
2022-01-21 08:12:14.510803,29.44612,30.331,0.0
2022-01-21 08:12:15.505223,30.78778,30.74325,0.0
2022-01-21 08:12:16.004069,30.89051,30.331,0.0
2022-01-21 08:12:16.509568,29.7048,30.79525,0.0
2022-01-21 08:12:17.007667,29.13669,30.5885,0.0
2022-01-21 08:12:17.504163,30.9425,30.48575,0.0
2022-01-21 08:12:18.003379,30.89051,30.95,0.0
2022-01-21 08:12:18.509365,30.63307,30.74325,0.0
2022-01-21 08:12:19.007405,28.98198,30.38175,0.0
2022-01-21 08:12:19.501761,29.13669,30.5365,0.0
2022-01-21 08:12:20.011112,31.40663,30.5365,0.0
2022-01-21 08:12:20.508063,31.19994,30.5365,0.0
2022-01-21 08:12:21.006012,30.32365,30.898,0.0
2022-01-21 08:12:21.511113,29.85951,30.74325,0.0
2022-01-21 08:12:22.010325,29.4981,30.38175,0.0
2022-01-21 08:12:22.504771,31.35465,30.898,0.0
2022-01-21 08:12:23.002834,31.35465,30.74325,0.0
2022-01-21 08:12:23.508466,30.01422,30.5365,0.0
2022-01-21 08:12:24.007127,29.65281,30.79525,0.0
2022-01-21 08:12:24.502424,28.98198,30.38175,0.0
2022-01-21 08:12:25.001513,31.30267,30.79525,0.0
2022-01-21 08:12:25.507415,30.58109,30.69125,0.0
2022-01-21 08:12:26.006426,30.32365,30.48575,0.0
2022-01-21 08:12:26.502830,29.2914,30.43375,0.0
2022-01-21 08:12:27.010450,30.58109,30.5365,0.0
2022-01-21 08:12:27.505043,31.09721,31.00075,0.0
2022-01-21 08:12:28.001752,30.11695,30.74325,0.0
2022-01-21 08:12:28.506503,29.91025,30.38175,0.0
2022-01-21 08:12:29.004294,29.44612,30.48575,0.0
2022-01-21 08:12:29.503092,31.04522,30.69125,0.0
2022-01-21 08:12:30.011044,30.37439,30.6405,0.0
2022-01-21 08:12:30.506642,30.21968,30.5885,0.0
2022-01-21 08:12:31.006781,29.80752,30.48575,0.0
2022-01-21 08:12:31.502758,30.21968,30.79525,0.0
2022-01-21 08:12:32.001402,30.5291,30.5885,0.0
2022-01-21 08:12:32.507223,30.42637,30.74325,0.0
2022-01-21 08:12:33.006212,30.68382,30.5885,0.0
2022-01-21 08:12:33.501339,30.27166,30.43375,0.0
2022-01-21 08:12:34.011086,30.01422,30.74325,0.0
2022-01-21 08:12:34.505323,30.58109,30.79525,0.0
2022-01-21 08:12:35.002933,30.27166,30.69125,0.0
2022-01-21 08:12:35.508163,30.68382,30.48575,0.0
2022-01-21 08:12:36.006310,30.47836,30.6405,0.0
2022-01-21 08:12:36.501163,29.7048,30.74325,0.0
2022-01-21 08:12:37.008763,30.27166,30.5365,0.0
2022-01-21 08:12:37.502484,30.9425,31.05275,0.0
2022-01-21 08:12:38.010180,30.42637,30.6405,0.0
2022-01-21 08:12:38.506257,29.96224,30.279,0.0
2022-01-21 08:12:39.003366,29.34339,30.95,0.0
2022-01-21 08:12:39.509725,30.78778,30.5365,0.0
2022-01-21 08:12:40.009782,30.83853,30.43375,0.0
2022-01-21 08:12:40.507336,30.42637,30.898,0.0
2022-01-21 08:12:41.004954,29.75554,30.898,0.0
2022-01-21 08:12:41.510035,29.7048,30.07225,0.0
2022-01-21 08:12:42.006776,30.78778,31.10475,0.0
2022-01-21 08:12:42.503246,30.32365,30.846,0.0
2022-01-21 08:12:43.001768,30.06497,30.279,0.0
2022-01-21 08:12:43.510249,29.2914,30.5885,0.0
2022-01-21 08:12:44.008040,30.5291,30.74325,0.0
2022-01-21 08:12:44.503230,30.7358,29.9175,0.0
2022-01-21 08:12:45.001497,30.16893,30.5365,0.0
2022-01-21 08:12:45.507442,30.27166,30.846,0.0
2022-01-21 08:12:46.006188,29.7048,30.279,0.0
2022-01-21 08:12:46.502613,30.83853,30.48575,0.0
2022-01-21 08:12:47.010123,30.37439,31.1555,0.0
2022-01-21 08:12:47.507224,30.32365,30.5885,0.0
2022-01-21 08:12:48.006718,30.16893,30.279,0.0
2022-01-21 08:12:48.502245,30.01422,30.95,0.0
2022-01-21 08:12:49.009880,30.68382,30.48575,0.0
2022-01-21 08:12:49.505117,30.42637,30.48575,0.0
2022-01-21 08:12:50.003345,30.01422,31.36225,0.0
2022-01-21 08:12:50.508276,30.32365,30.74325,0.0
2022-01-21 08:12:51.007391,30.68382,29.608,0.0
2022-01-21 08:12:51.504568,30.58109,31.1555,0.0
2022-01-21 08:12:52.003813,29.7048,31.61975,0.0
2022-01-21 08:12:52.509118,30.58109,30.48575,0.0
2022-01-21 08:12:53.006953,30.32365,29.66,0.0
2022-01-21 08:12:53.503069,30.01422,30.12425,0.0
2022-01-21 08:12:54.009182,29.7048,31.2595,0.0
2022-01-21 08:12:54.503446,30.37439,31.05275,0.0
2022-01-21 08:12:55.001466,30.63307,30.279,0.0
2022-01-21 08:12:55.507978,30.37439,30.07225,0.0
2022-01-21 08:12:56.005554,29.65281,31.1555,0.0
2022-01-21 08:12:56.504082,30.21968,30.74325,0.0
2022-01-21 08:12:57.002078,31.04522,30.38175,0.0
2022-01-21 08:12:57.509560,30.78778,30.0215,0.0
2022-01-21 08:12:58.008937,30.42637,30.79525,0.0
2022-01-21 08:12:58.504559,29.60083,30.74325,0.0
2022-01-21 08:12:59.002254,29.75554,30.5365,0.0
2022-01-21 08:12:59.508556,31.04522,30.69125,0.0
2022-01-21 08:13:00.006727,30.78778,30.48575,0.0
2022-01-21 08:13:00.506402,30.21968,30.74325,0.0
2022-01-21 08:13:01.005113,29.44612,30.95,0.0
2022-01-21 08:13:01.501554,30.06497,30.331,0.0
2022-01-21 08:13:02.009170,31.45738,30.48575,0.0
2022-01-21 08:13:02.505345,30.7358,30.79525,0.0
2022-01-21 08:13:03.002759,29.85951,30.48575,0.0
2022-01-21 08:13:03.508978,28.72454,30.331,0.0
2022-01-21 08:13:04.008598,31.40663,30.898,0.0
2022-01-21 08:13:04.505247,30.99324,30.6405,0.0
2022-01-21 08:13:05.003697,30.21968,30.5885,0.0
2022-01-21 08:13:05.506412,29.65281,30.898,0.0
2022-01-21 08:13:06.004303,29.24066,30.331,0.0
2022-01-21 08:13:06.509480,30.83853,31.05275,0.0
2022-01-21 08:13:07.008745,30.7358,30.74325,0.0
2022-01-21 08:13:07.503901,30.32365,30.5365,0.0
2022-01-21 08:13:08.002517,29.2914,30.48575,0.0
2022-01-21 08:13:08.510233,29.39537,30.38175,0.0
2022-01-21 08:13:09.008402,31.25192,30.898,0.0
2022-01-21 08:13:09.503868,31.09721,30.69125,0.0
2022-01-21 08:13:10.001951,30.37439,30.48575,0.0
2022-01-21 08:13:10.507806,29.80752,30.69125,0.0
2022-01-21 08:13:11.004944,29.75554,30.5885,0.0
2022-01-21 08:13:11.508801,31.30267,31.2595,0.0
2022-01-21 08:13:12.007218,30.47836,30.74325,0.0
2022-01-21 08:13:12.503938,29.7048,30.279,0.0
2022-01-21 08:13:13.002299,29.39537,30.74325,0.0
2022-01-21 08:13:13.502372,30.47836,30.846,0.0
2022-01-21 08:13:14.001938,30.89051,30.5365,0.0
2022-01-21 08:13:14.508579,30.21968,30.48575,0.0
2022-01-21 08:13:15.006916,29.96224,30.38175,0.0
2022-01-21 08:13:15.502398,29.7048,30.5365,0.0
2022-01-21 08:13:16.001105,31.14795,31.05275,0.0
2022-01-21 08:13:16.505881,30.32365,30.69125,0.0
2022-01-21 08:13:17.006290,30.16893,30.5365,0.0
2022-01-21 08:13:17.503378,30.06497,30.79525,0.0
2022-01-21 08:13:18.004894,30.32365,30.846,0.0
2022-01-21 08:13:18.509819,30.37439,30.5885,0.0
2022-01-21 08:13:19.007712,30.27166,30.6405,0.0
2022-01-21 08:13:19.504048,30.5291,30.48575,0.0
2022-01-21 08:13:20.003441,30.58109,30.5365,0.0
2022-01-21 08:13:20.509181,30.16893,30.79525,0.0
2022-01-21 08:13:21.008734,29.85951,30.5885,0.0
2022-01-21 08:13:21.504089,30.16893,30.38175,0.0
2022-01-21 08:13:22.004588,30.9425,30.846,0.0
2022-01-21 08:13:22.504169,30.32365,30.69125,0.0
2022-01-21 08:13:23.005232,29.55008,30.69125,0.0
2022-01-21 08:13:23.501467,30.63307,30.898,0.0
2022-01-21 08:13:24.010029,30.9425,30.48575,0.0
2022-01-21 08:13:24.505512,30.37439,30.5885,0.0
2022-01-21 08:13:25.005218,29.91025,30.79525,0.0
2022-01-21 08:13:25.502839,29.18867,30.279,0.0
2022-01-21 08:13:26.011025,31.25192,30.898,0.0
2022-01-21 08:13:26.507891,30.78778,30.79525,0.0
2022-01-21 08:13:27.006472,30.37439,30.17625,0.0
2022-01-21 08:13:27.503141,29.75554,30.5365,0.0
2022-01-21 08:13:28.002415,29.08595,30.846,0.0
2022-01-21 08:13:28.510272,31.50936,30.79525,0.0
2022-01-21 08:13:29.008350,31.25192,30.48575,0.0
2022-01-21 08:13:29.505994,30.37439,30.846,0.0
2022-01-21 08:13:30.002354,30.11695,30.279,0.0
2022-01-21 08:13:30.508953,29.2914,30.74325,0.0
2022-01-21 08:13:31.009898,31.61209,30.95,0.0
2022-01-21 08:13:31.505195,31.09721,30.38175,0.0
2022-01-21 08:13:32.002769,30.37439,30.279,0.0
2022-01-21 08:13:32.507699,29.55008,30.898,0.0
2022-01-21 08:13:33.005936,30.06497,30.74325,0.0
2022-01-21 08:13:33.511213,31.04522,30.38175,0.0
2022-01-21 08:13:34.009327,30.11695,30.898,0.0
2022-01-21 08:13:34.505947,30.37439,30.898,0.0
2022-01-21 08:13:35.004778,29.39537,30.331,0.0
2022-01-21 08:13:35.501748,30.47836,31.31025,0.0
2022-01-21 08:13:36.009841,30.58109,30.898,0.0
2022-01-21 08:13:36.505042,30.42637,30.07225,0.0
2022-01-21 08:13:37.001697,30.21968,30.07225,0.0
2022-01-21 08:13:37.507531,29.75554,31.00075,0.0
2022-01-21 08:13:38.005546,30.11695,31.05275,0.0
2022-01-21 08:13:38.501126,30.37439,30.846,0.0
2022-01-21 08:13:39.009037,30.27166,30.79525,0.0
2022-01-21 08:13:39.504383,30.16893,30.48575,0.0
2022-01-21 08:13:40.004125,29.96224,30.898,0.0
2022-01-21 08:13:40.503639,30.58109,30.79525,0.0
2022-01-21 08:13:41.504704,30.47836,30.5365,0.0
2022-01-21 08:13:42.003519,30.7358,30.6405,0.0
2022-01-21 08:13:42.509205,29.85951,30.38175,0.0
2022-01-21 08:13:43.009854,30.27166,30.5885,0.0
2022-01-21 08:13:43.504516,30.99324,30.6405,0.0
2022-01-21 08:13:44.002375,30.42637,30.48575,0.0
2022-01-21 08:13:44.507588,30.27166,30.5365,0.0
2022-01-21 08:13:45.007016,28.93123,31.00075,0.0
2022-01-21 08:13:45.502369,30.47836,30.48575,0.0
2022-01-21 08:13:46.010801,30.99324,30.48575,0.0
2022-01-21 08:13:46.509077,30.42637,31.1555,0.0
2022-01-21 08:13:47.007800,30.01422,30.5885,0.0
2022-01-21 08:13:47.502159,29.75554,30.48575,0.0
2022-01-21 08:13:48.009762,31.09721,30.79525,0.0
2022-01-21 08:13:48.504999,30.78778,30.69125,0.0
2022-01-21 08:13:49.002050,30.42637,30.17625,0.0
2022-01-21 08:13:49.510249,29.39537,30.74325,0.0
2022-01-21 08:13:50.007237,29.03396,30.5885,0.0
2022-01-21 08:13:50.502613,31.40663,30.43375,0.0
2022-01-21 08:13:51.001699,30.58109,30.898,0.0
2022-01-21 08:13:51.506913,30.16893,30.74325,0.0
2022-01-21 08:13:52.007180,29.4981,30.331,0.0
2022-01-21 08:13:52.506983,30.37439,31.00075,0.0
2022-01-21 08:13:53.008248,31.30267,31.2595,0.0
2022-01-21 08:13:53.502872,30.63307,30.48575,0.0
2022-01-21 08:13:54.001364,30.21968,29.9175,0.0
2022-01-21 08:13:54.510276,29.60083,31.00075,0.0
2022-01-21 08:13:55.006831,30.89051,30.5885,0.0
2022-01-21 08:13:55.502091,30.47836,30.227,0.0
2022-01-21 08:13:56.010557,30.47836,30.69125,0.0
2022-01-21 08:13:56.506921,29.96224,30.6405,0.0
2022-01-21 08:13:57.007446,29.34339,30.6405,0.0
2022-01-21 08:13:57.504280,30.7358,31.1555,0.0
2022-01-21 08:13:58.003043,30.47836,30.5885,0.0
2022-01-21 08:13:58.510486,30.16893,30.07225,0.0
2022-01-21 08:13:59.008075,30.01422,31.05275,0.0
2022-01-21 08:13:59.504167,30.37439,30.95,0.0
2022-01-21 08:14:00.001693,30.06497,30.5365,0.0
2022-01-21 08:14:00.507646,30.37439,30.227,0.0
2022-01-21 08:14:01.007544,30.7358,30.38175,0.0
2022-01-21 08:14:01.502782,30.42637,30.74325,0.0
2022-01-21 08:14:02.001326,29.96224,30.74325,0.0
2022-01-21 08:14:02.507827,29.7048,30.69125,0.0
2022-01-21 08:14:03.006914,30.68382,30.48575,0.0
2022-01-21 08:14:03.503230,30.68382,30.6405,0.0
2022-01-21 08:14:04.010144,30.11695,30.5885,0.0
2022-01-21 08:14:04.505519,29.7048,30.79525,0.0
2022-01-21 08:14:05.006514,30.32365,30.6405,0.0
2022-01-21 08:14:05.502745,30.7358,30.6405,0.0
2022-01-21 08:14:06.008391,30.63307,30.95,0.0
2022-01-21 08:14:06.502176,30.42637,30.43375,0.0
2022-01-21 08:14:07.009843,29.4981,30.5885,0.0
2022-01-21 08:14:07.505781,30.89051,30.69125,0.0
2022-01-21 08:14:08.005134,30.7358,30.5365,0.0
2022-01-21 08:14:08.501193,30.83853,30.79525,0.0
2022-01-21 08:14:09.010689,30.11695,30.48575,0.0
2022-01-21 08:14:09.504571,29.24066,30.69125,0.0
2022-01-21 08:14:10.004870,30.37439,30.5365,0.0
2022-01-21 08:14:10.501630,30.89051,30.6405,0.0
2022-01-21 08:14:11.007684,30.11695,30.6405,0.0
2022-01-21 08:14:11.503595,29.91025,30.69125,0.0
2022-01-21 08:14:12.002320,29.80752,30.846,0.0
2022-01-21 08:14:12.507225,30.9425,30.79525,0.0
2022-01-21 08:14:13.009826,30.47836,30.279,0.0
2022-01-21 08:14:13.507495,30.32365,30.69125,0.0
2022-01-21 08:14:14.006265,29.44612,30.74325,0.0
2022-01-21 08:14:14.511182,30.01422,30.6405,0.0
2022-01-21 08:14:15.001698,31.14795,30.5885,0.0
2022-01-21 08:14:15.510013,30.21968,30.5885,0.0
2022-01-21 08:14:16.001657,30.21968,30.17625,0.0
2022-01-21 08:14:16.508008,29.24066,30.79525,0.0
2022-01-21 08:14:17.006586,30.78778,30.95,0.0
2022-01-21 08:14:17.501218,30.99324,30.331,0.0
2022-01-21 08:14:18.009832,30.27166,30.5365,0.0
2022-01-21 08:14:18.505471,30.01422,31.10475,0.0
2022-01-21 08:14:19.004771,29.65281,30.43375,0.0
2022-01-21 08:14:19.501525,30.68382,30.5885,0.0
2022-01-21 08:14:20.010421,30.47836,30.74325,0.0
2022-01-21 08:14:20.508392,30.16893,30.331,0.0
2022-01-21 08:14:21.006315,30.27166,30.79525,0.0
2022-01-21 08:14:21.510669,29.91025,30.69125,0.0
2022-01-21 08:14:22.007936,30.37439,30.331,0.0
2022-01-21 08:14:22.504407,30.32365,30.331,0.0
2022-01-21 08:14:23.003353,30.01422,31.05275,0.0
2022-01-21 08:14:23.508833,30.68382,30.48575,0.0
2022-01-21 08:14:24.006915,30.21968,30.6405,0.0
2022-01-21 08:14:24.505612,29.65281,31.05275,0.0
2022-01-21 08:14:25.009947,30.63307,30.48575,0.0
2022-01-21 08:14:25.504985,30.58109,30.48575,0.0
2022-01-21 08:14:26.003261,30.27166,30.95,0.0
2022-01-21 08:14:26.508371,29.85951,30.5885,0.0
2022-01-21 08:14:27.006537,30.42637,30.0215,0.0
2022-01-21 08:14:27.501124,30.5291,30.74325,0.0
2022-01-21 08:14:28.009892,30.58109,30.43375,0.0
2022-01-21 08:14:28.507834,30.37439,30.279,0.0
2022-01-21 08:14:29.006980,29.44612,30.898,0.0
2022-01-21 08:14:29.503403,30.83853,30.898,0.0
2022-01-21 08:14:30.001090,31.04522,30.48575,0.0
2022-01-21 08:14:30.505924,30.27166,30.95,0.0
2022-01-21 08:14:31.005765,30.32365,30.898,30.63125
2022-01-21 08:14:31.509565,29.13669,30.48575,30.63125
2022-01-21 08:14:32.007805,29.96224,30.5365,74.92875
2022-01-21 08:14:32.503537,30.89051,30.846,74.92875
2022-01-21 08:14:33.002458,29.91025,30.227,89.14447
2022-01-21 08:14:33.508639,29.85951,30.5885,89.14447
2022-01-21 08:14:34.008111,29.44612,30.95,86.5526
2022-01-21 08:14:34.502305,31.04522,30.331,86.5526
2022-01-21 08:14:35.010512,30.47836,30.17625,85.64968
2022-01-21 08:14:35.505149,30.16893,31.1555,85.64968
2022-01-21 08:14:36.003857,29.7048,30.5885,60.71208
2022-01-21 08:14:36.502343,30.42637,30.846,60.71208
2022-01-21 08:14:37.010203,30.7358,31.05275,-0.03864
2022-01-21 08:14:37.507637,30.16893,30.17625,-0.03864
2022-01-21 08:14:38.006881,30.21968,30.43375,0.0
2022-01-21 08:14:38.510401,30.06497,31.2595,0.0
2022-01-21 08:14:39.010439,30.32365,30.331,0.0
2022-01-21 08:14:39.506277,30.27166,30.279,0.0
2022-01-21 08:14:40.005539,30.06497,30.69125,0.0
2022-01-21 08:14:41.005180,30.21968,30.48575,0.0
2022-01-21 08:14:41.510298,29.96224,30.846,0.0
2022-01-21 08:14:42.007822,30.42637,30.898,0.0
2022-01-21 08:14:42.505109,30.58109,30.43375,0.0
2022-01-21 08:14:43.003017,30.5291,31.31025,0.0
2022-01-21 08:14:43.507392,30.32365,30.95,0.0
2022-01-21 08:14:44.008628,30.21968,30.38175,0.0
2022-01-21 08:14:44.504350,30.21968,29.86675,0.0
2022-01-21 08:14:45.001731,30.5291,31.05275,0.0
2022-01-21 08:14:45.507020,30.63307,30.331,0.0
2022-01-21 08:14:46.005477,29.65281,30.5365,0.0
2022-01-21 08:14:46.502063,29.65281,30.331,0.0
2022-01-21 08:14:47.001136,30.89051,30.43375,0.0
2022-01-21 08:14:47.505804,30.21968,31.00075,0.0
2022-01-21 08:14:48.004371,30.47836,30.95,0.0
2022-01-21 08:14:48.509391,29.60083,30.5885,0.0
2022-01-21 08:14:49.008859,30.68382,30.5885,-0.07822
2022-01-21 08:14:49.505919,30.58109,31.00075,-0.07822
2022-01-21 08:14:50.003339,30.63307,30.5885,0.0
2022-01-21 08:14:50.509214,30.21968,30.43375,0.0
2022-01-21 08:14:51.009496,29.34339,30.69125,0.0
2022-01-21 08:14:51.508484,30.5291,30.5365,0.0
2022-01-21 08:14:52.007525,30.89051,30.43375,0.0
2022-01-21 08:14:52.501850,30.63307,30.69125,0.0
2022-01-21 08:14:53.010615,30.16893,30.69125,0.0
2022-01-21 08:14:53.504903,29.39537,30.846,0.0
2022-01-21 08:14:54.004721,30.11695,31.10475,0.0
2022-01-21 08:14:54.501061,31.45738,30.6405,0.0
2022-01-21 08:14:55.010429,30.9425,30.74325,0.0
2022-01-21 08:14:55.507086,30.01422,30.74325,0.0
2022-01-21 08:14:56.007472,28.77652,30.6405,0.0
2022-01-21 08:14:56.503263,31.40663,30.846,0.0
2022-01-21 08:14:57.010895,31.25192,30.43375,0.0
2022-01-21 08:14:57.505551,30.37439,30.279,0.0
2022-01-21 08:14:58.003479,29.55008,31.00075,0.0
2022-01-21 08:14:58.508286,29.2914,30.43375,0.0
2022-01-21 08:14:59.007643,30.68382,30.17625,0.0
2022-01-21 08:14:59.502358,30.47836,31.10475,0.0
2022-01-21 08:15:00.504096,29.60083,30.79525,0.0
2022-01-21 08:15:01.002809,29.91025,30.95,0.0
2022-01-21 08:15:01.509765,31.35465,30.331,0.0
2022-01-21 08:15:02.008192,30.58109,30.279,0.0
2022-01-21 08:15:02.503492,30.01422,31.41425,0.0
2022-01-21 08:15:03.002781,29.7048,30.5885,0.0
2022-01-21 08:15:03.507698,30.89051,30.279,0.0
2022-01-21 08:15:04.005519,30.5291,30.12425,0.0
2022-01-21 08:15:04.501820,30.01422,31.465,0.0
2022-01-21 08:15:05.009846,30.37439,31.10475,0.0
2022-01-21 08:15:05.501655,30.06497,30.5885,0.0
2022-01-21 08:15:06.010867,30.06497,30.07225,0.0
2022-01-21 08:15:06.507409,30.37439,31.05275,0.0
2022-01-21 08:15:07.006352,30.63307,31.00075,0.0
2022-01-21 08:15:07.501500,30.5291,30.5365,0.0
2022-01-21 08:15:08.009360,30.11695,30.331,0.0
2022-01-21 08:15:08.507064,30.16893,30.95,0.0
2022-01-21 08:15:09.006157,30.5291,30.48575,0.0
2022-01-21 08:15:09.502003,30.42637,30.43375,0.0
2022-01-21 08:15:10.009053,30.47836,30.898,0.0
2022-01-21 08:15:10.505472,29.75554,30.5365,0.0
2022-01-21 08:15:11.009953,29.80752,30.331,0.0
2022-01-21 08:15:11.505716,30.83853,30.898,0.0
2022-01-21 08:15:12.003787,30.27166,30.6405,0.0
2022-01-21 08:15:12.510358,30.42637,30.6405,0.0
2022-01-21 08:15:13.007942,29.80752,30.79525,0.0
2022-01-21 08:15:13.501781,30.47836,30.846,0.0
2022-01-21 08:15:14.009559,30.7358,30.227,0.0
2022-01-21 08:15:14.504993,30.78778,30.846,0.0
2022-01-21 08:15:15.002040,30.27166,31.05275,0.0
2022-01-21 08:15:15.508065,29.44612,30.227,0.0
2022-01-21 08:15:16.007426,30.27166,30.279,0.0
2022-01-21 08:15:16.502974,31.04522,31.05275,0.0
2022-01-21 08:15:17.011320,30.5291,30.279,0.0
2022-01-21 08:15:17.505703,30.11695,30.48575,0.0
2022-01-21 08:15:18.003192,29.08595,31.10475,0.0
2022-01-21 08:15:18.508999,30.83853,30.331,0.0
2022-01-21 08:15:19.007395,30.83853,30.69125,0.0
2022-01-21 08:15:19.502535,30.47836,31.1555,0.0
2022-01-21 08:15:20.009848,30.01422,30.6405,0.0
2022-01-21 08:15:20.506856,29.44612,30.227,0.0
2022-01-21 08:15:21.005534,31.04522,30.43375,0.0
2022-01-21 08:15:21.502530,30.68382,30.69125,0.0
2022-01-21 08:15:22.010509,30.16893,30.95,0.0
2022-01-21 08:15:22.505958,29.55008,30.48575,0.0
2022-01-21 08:15:23.004314,29.24066,30.38175,0.0
2022-01-21 08:15:23.510276,31.19994,30.48575,0.0
2022-01-21 08:15:24.009811,30.32365,30.74325,0.0
2022-01-21 08:15:24.507499,29.91025,30.898,0.0
2022-01-21 08:15:25.005804,29.08595,30.5365,0.0
2022-01-21 08:15:25.510435,30.47836,30.5885,0.0
2022-01-21 08:15:26.008511,30.63307,30.74325,0.0
2022-01-21 08:15:26.502566,30.63307,30.5885,0.0
2022-01-21 08:15:27.009820,30.11695,30.846,0.0
2022-01-21 08:15:27.507573,29.75554,30.74325,0.0
2022-01-21 08:15:28.004976,30.21968,30.38175,0.0
2022-01-21 08:15:28.501464,30.21968,30.74325,0.0
2022-01-21 08:15:29.009402,30.16893,30.69125,0.0
2022-01-21 08:15:29.504275,30.7358,30.48575,0.0
2022-01-21 08:15:30.002367,30.11695,30.38175,0.0
2022-01-21 08:15:30.507386,29.4981,30.898,0.0
2022-01-21 08:15:31.005545,30.58109,30.5885,0.0
2022-01-21 08:15:32.005099,30.5291,30.898,0.0
2022-01-21 08:15:32.501081,29.80752,30.279,0.0
2022-01-21 08:15:33.008109,29.4981,30.69125,0.0
2022-01-21 08:15:33.503835,31.09721,31.10475,0.0
2022-01-21 08:15:34.001016,30.47836,30.48575,0.0
2022-01-21 08:15:34.505999,30.16893,30.5365,0.0
2022-01-21 08:15:35.006258,29.18867,30.5365,0.0
2022-01-21 08:15:35.510692,30.27166,30.43375,0.0
2022-01-21 08:15:36.008155,31.30267,30.331,0.0
2022-01-21 08:15:36.502568,30.42637,31.00075,0.0
2022-01-21 08:15:37.003729,29.75554,30.5365,0.0
2022-01-21 08:15:37.508956,29.03396,30.5885,0.0
2022-01-21 08:15:38.007931,30.9425,31.00075,0.0
2022-01-21 08:15:38.503688,31.09721,30.5365,0.0
2022-01-21 08:15:39.010940,30.37439,30.846,0.0
2022-01-21 08:15:39.505247,30.06497,30.95,0.0
2022-01-21 08:15:40.004135,29.24066,30.6405,0.0
2022-01-21 08:15:40.510187,30.58109,30.38175,0.0
2022-01-21 08:15:41.008487,30.9425,30.38175,0.0
2022-01-21 08:15:41.503036,30.32365,30.6405,0.0
2022-01-21 08:15:42.002083,29.96224,30.5885,0.0
2022-01-21 08:15:42.509824,29.39537,30.5885,0.0
2022-01-21 08:15:43.003443,31.04522,30.48575,0.0
2022-01-21 08:15:43.507307,30.32365,30.846,0.0
2022-01-21 08:15:44.005134,30.32365,31.00075,0.0
2022-01-21 08:15:44.509969,29.65281,30.5365,0.0
2022-01-21 08:15:45.010893,30.42637,30.5885,0.0
2022-01-21 08:15:45.508276,30.47836,30.5885,0.0
2022-01-21 08:15:46.006797,29.96224,30.95,0.0
2022-01-21 08:15:46.501684,30.21968,30.79525,0.0
2022-01-21 08:15:47.505557,30.27166,30.12425,0.0
2022-01-21 08:15:48.003817,30.01422,30.74325,0.0
2022-01-21 08:15:48.508362,30.27166,30.74325,0.0
2022-01-21 08:15:49.006637,30.47836,30.5365,0.0
2022-01-21 08:15:49.502551,30.32365,30.6405,0.0
2022-01-21 08:15:50.010292,30.11695,30.898,0.0
2022-01-21 08:15:50.505172,30.01422,30.5365,0.0
2022-01-21 08:15:51.004354,30.5291,31.1555,0.0
2022-01-21 08:15:51.501904,30.99324,30.846,0.0
2022-01-21 08:15:52.010385,30.11695,29.9175,0.0
2022-01-21 08:15:52.504426,29.4981,30.43375,0.0
2022-01-21 08:15:53.001979,30.68382,31.10475,0.0
2022-01-21 08:15:53.506155,30.78778,30.38175,0.0
2022-01-21 08:15:54.003696,30.47836,30.5365,0.0
2022-01-21 08:15:54.508059,30.06497,30.43375,0.0
2022-01-21 08:15:55.007580,29.44612,30.69125,0.0
2022-01-21 08:15:55.503068,30.58109,30.48575,0.0
2022-01-21 08:15:56.002521,30.58109,30.898,0.0
2022-01-21 08:15:56.510999,30.68382,30.846,0.0
2022-01-21 08:15:57.008823,29.7048,30.38175,0.0
2022-01-21 08:15:57.503711,29.65281,30.95,0.0
2022-01-21 08:15:58.001276,31.35465,30.48575,0.0
2022-01-21 08:15:58.507353,31.19994,30.48575,0.0
2022-01-21 08:15:59.006588,30.21968,31.00075,0.0
2022-01-21 08:15:59.501232,29.60083,30.5365,0.0
2022-01-21 08:16:00.009364,29.13669,29.9175,0.0
2022-01-21 08:16:00.510259,31.92152,31.10475,0.0
2022-01-21 08:16:01.009459,31.50936,30.79525,0.0
2022-01-21 08:16:01.505464,29.60083,30.38175,0.0
2022-01-21 08:16:02.004237,29.34339,31.10475,0.0
2022-01-21 08:16:02.509460,28.87925,30.5365,0.0
2022-01-21 08:16:03.007059,31.87077,30.48575,0.0
2022-01-21 08:16:03.504264,30.99324,31.05275,0.0
2022-01-21 08:16:04.001659,30.27166,30.5885,0.0
2022-01-21 08:16:04.508515,29.39537,30.331,0.0
2022-01-21 08:16:05.007173,30.63307,30.846,0.0
2022-01-21 08:16:05.502722,30.99324,30.846,0.0
2022-01-21 08:16:06.001208,30.58109,30.279,0.0
2022-01-21 08:16:06.503784,29.7048,30.5365,0.0
2022-01-21 08:16:07.002766,28.98198,30.74325,0.0
2022-01-21 08:16:07.507858,30.9425,30.5885,0.0
2022-01-21 08:16:08.006457,30.63307,31.2595,0.0
2022-01-21 08:16:08.502424,30.32365,30.79525,0.0
2022-01-21 08:16:09.001111,29.60083,30.17625,0.0
2022-01-21 08:16:09.506360,30.27166,30.6405,0.0
2022-01-21 08:16:10.005512,31.09721,31.00075,0.0
2022-01-21 08:16:10.509954,30.16893,30.48575,0.0
2022-01-21 08:16:11.004784,30.16893,30.17625,0.0
2022-01-21 08:16:11.510985,29.75554,31.00075,0.0
2022-01-21 08:16:12.009691,30.68382,30.43375,0.0
2022-01-21 08:16:12.507159,30.16893,30.79525,0.0
2022-01-21 08:16:13.006784,30.11695,31.05275,0.0
2022-01-21 08:16:13.504105,30.58109,30.38175,0.0
2022-01-21 08:16:14.001965,30.21968,30.6405,0.0
2022-01-21 08:16:14.508636,29.96224,30.95,0.0
2022-01-21 08:16:15.006949,30.68382,30.279,0.0
2022-01-21 08:16:15.505032,30.5291,30.5365,0.0
2022-01-21 08:16:16.004091,30.68382,30.846,0.0
2022-01-21 08:16:16.508646,29.96224,30.38175,0.0
2022-01-21 08:16:17.007010,29.65281,30.43375,0.0
2022-01-21 08:16:17.502652,30.7358,30.95,0.0
2022-01-21 08:16:18.001704,30.37439,30.69125,0.0
2022-01-21 08:16:18.508235,30.16893,30.279,0.0
2022-01-21 08:16:19.005488,29.91025,31.05275,0.0
2022-01-21 08:16:19.511002,29.60083,30.331,0.0
2022-01-21 08:16:20.009259,30.32365,30.5365,0.0
2022-01-21 08:16:20.504796,30.78778,31.2075,0.0
2022-01-21 08:16:21.002878,30.32365,30.331,0.0
2022-01-21 08:16:21.508427,29.7048,30.12425,0.0
2022-01-21 08:16:22.006946,30.68382,31.00075,0.0
2022-01-21 08:16:22.506538,30.89051,30.79525,0.0
2022-01-21 08:16:23.008444,30.42637,30.43375,0.0
2022-01-21 08:16:23.506099,30.37439,30.6405,0.0
2022-01-21 08:16:24.005071,30.06497,30.74325,0.0
2022-01-21 08:16:25.004288,30.68382,30.898,0.0
2022-01-21 08:16:25.501302,30.63307,30.79525,0.0
2022-01-21 08:16:26.009416,30.06497,30.279,0.0
2022-01-21 08:16:26.506692,29.60083,30.5365,0.0
2022-01-21 08:16:27.004911,31.04522,30.79525,0.0
2022-01-21 08:16:27.502738,30.63307,30.69125,0.0
2022-01-21 08:16:28.002513,30.5291,30.43375,0.0
2022-01-21 08:16:28.508511,29.91025,30.74325,0.0
2022-01-21 08:16:29.006810,29.91025,30.38175,0.0
2022-01-21 08:16:29.509069,30.99324,30.898,0.0
2022-01-21 08:16:30.007457,30.11695,31.00075,0.0
2022-01-21 08:16:30.502635,30.21968,30.43375,0.0
2022-01-21 08:16:31.010635,29.44612,30.279,0.0
2022-01-21 08:16:31.501534,30.5291,31.10475,0.0
2022-01-21 08:16:32.010950,30.16893,30.5365,0.0
2022-01-21 08:16:32.508118,30.06497,30.43375,0.0
2022-01-21 08:16:33.006804,30.21968,30.5365,0.0
2022-01-21 08:16:34.005486,29.91025,30.95,0.0
2022-01-21 08:16:34.501885,30.5291,30.95,0.0
2022-01-21 08:16:35.010775,30.58109,30.5885,0.0
2022-01-21 08:16:35.505318,30.47836,30.43375,0.0
2022-01-21 08:16:36.003154,30.42637,30.95,0.0
2022-01-21 08:16:36.508909,30.06497,30.5885,0.0
2022-01-21 08:16:37.008270,30.32365,30.79525,0.0
2022-01-21 08:16:37.504362,30.63307,30.5365,0.0
2022-01-21 08:16:38.003840,30.78778,30.5885,0.0
2022-01-21 08:16:38.509878,29.80752,30.846,0.0
2022-01-21 08:16:39.008219,29.55008,30.48575,0.0
2022-01-21 08:16:39.501971,30.83853,30.5365,0.0
2022-01-21 08:16:40.010171,30.78778,30.74325,0.0
2022-01-21 08:16:40.504927,30.63307,30.69125,0.0
2022-01-21 08:16:41.002321,30.21968,30.5885,0.0
2022-01-21 08:16:41.507574,29.4981,30.846,0.0
2022-01-21 08:16:42.007575,31.25192,30.5885,0.0
2022-01-21 08:16:42.502721,30.27166,30.38175,0.0
2022-01-21 08:16:43.001269,30.16893,31.05275,0.0
2022-01-21 08:16:43.508489,28.98198,30.43375,0.0
2022-01-21 08:16:44.007905,30.21968,30.17625,0.0
2022-01-21 08:16:44.503991,31.04522,31.2075,0.0
2022-01-21 08:16:45.001870,30.27166,30.5885,0.0
2022-01-21 08:16:45.509542,30.06497,30.07225,0.0
2022-01-21 08:16:46.007496,29.24066,30.846,0.0
2022-01-21 08:16:46.501265,31.19994,30.69125,0.0
2022-01-21 08:16:47.001814,30.89051,30.6405,0.0
2022-01-21 08:16:47.506501,30.5291,30.846,0.0
2022-01-21 08:16:48.004540,29.85951,30.5365,0.0
2022-01-21 08:16:48.501094,29.08595,30.07225,0.0
2022-01-21 08:16:49.010402,30.99324,31.10475,0.0
2022-01-21 08:16:49.505941,30.7358,31.10475,0.0
2022-01-21 08:16:50.004266,30.37439,30.17625,0.0
2022-01-21 08:16:50.508932,29.80752,29.9695,0.0
2022-01-21 08:16:51.001799,29.65281,31.2595,0.0
2022-01-21 08:16:51.505794,31.25192,30.6405,0.0
2022-01-21 08:16:52.004617,30.42637,30.5885,0.0
2022-01-21 08:16:52.502717,30.27166,30.48575,0.0
2022-01-21 08:16:53.010802,29.60083,30.6405,0.0
2022-01-21 08:16:53.506549,30.5291,30.5885,0.0
2022-01-21 08:16:54.003271,30.58109,31.2595,0.0
2022-01-21 08:16:54.508997,29.65281,30.38175,0.0
2022-01-21 08:16:55.006527,30.58109,29.66,0.0
2022-01-21 08:16:55.502479,30.42637,30.69125,0.0
2022-01-21 08:16:56.011084,30.37439,30.95,0.0
2022-01-21 08:16:56.506351,30.21968,30.898,0.0
2022-01-21 08:16:57.006425,30.11695,30.279,0.0
2022-01-21 08:16:57.502865,30.63307,30.5885,0.0
2022-01-21 08:16:58.001271,30.68382,31.2075,0.0
2022-01-21 08:16:58.507820,29.96224,31.41425,0.0
2022-01-21 08:16:59.005122,29.91025,30.5365,0.0
2022-01-21 08:16:59.501294,30.63307,29.9175,0.0
2022-01-21 08:17:00.010297,30.89051,30.846,0.0
2022-01-21 08:17:00.506686,30.11695,30.74325,0.0
2022-01-21 08:17:01.004262,29.39537,30.227,0.0
2022-01-21 08:17:01.510012,30.16893,31.05275,0.0
2022-01-21 08:17:02.008501,30.99324,30.898,0.0
2022-01-21 08:17:02.505246,30.68382,30.331,0.0
2022-01-21 08:17:03.003945,29.7048,30.846,0.0
2022-01-21 08:17:03.501155,29.13669,30.69125,0.0
2022-01-21 08:17:04.010113,31.40663,30.38175,0.0
2022-01-21 08:17:04.504680,30.68382,30.5885,0.0
2022-01-21 08:17:05.002095,30.42637,30.6405,0.0
2022-01-21 08:17:05.507516,29.80752,30.48575,0.0
2022-01-21 08:17:06.006574,28.98198,30.5365,0.0
2022-01-21 08:17:06.504138,31.66407,30.74325,0.0
2022-01-21 08:17:07.002285,31.19994,30.43375,0.0
2022-01-21 08:17:07.506031,30.16893,30.43375,0.0
2022-01-21 08:17:08.005633,29.08595,31.10475,0.0
2022-01-21 08:17:08.502897,29.13669,30.95,0.0
2022-01-21 08:17:09.010747,31.30267,30.846,0.0
2022-01-21 08:17:09.501566,31.14795,30.5365,0.0
2022-01-21 08:17:10.010579,30.37439,30.43375,0.0
2022-01-21 08:17:10.504896,29.55008,30.5365,0.0
2022-01-21 08:17:11.009185,29.91025,31.00075,0.0
2022-01-21 08:17:11.503035,31.45738,30.5365,0.0
2022-01-21 08:17:12.010888,30.83853,30.12425,0.0
2022-01-21 08:17:12.507203,30.16893,30.95,0.0
2022-01-21 08:17:13.005473,29.39537,30.5365,0.0
2022-01-21 08:17:13.501893,30.27166,30.69125,0.0
2022-01-21 08:17:14.010267,30.89051,30.79525,0.0
2022-01-21 08:17:14.505498,30.68382,30.846,0.0
2022-01-21 08:17:15.004323,29.91025,30.79525,0.0
2022-01-21 08:17:15.510985,29.13669,31.00075,0.0
2022-01-21 08:17:16.010161,31.30267,30.6405,0.0
2022-01-21 08:17:16.505063,30.63307,30.12425,0.0
2022-01-21 08:17:17.003585,30.47836,30.5365,0.0
2022-01-21 08:17:17.510774,29.55008,30.846,0.0
2022-01-21 08:17:18.008917,29.44612,30.6405,0.0
2022-01-21 08:17:18.504938,31.04522,30.69125,0.0
2022-01-21 08:17:19.010464,30.78778,30.5365,0.0
2022-01-21 08:17:19.504502,30.42637,30.5365,0.0
2022-01-21 08:17:20.002328,29.80752,30.898,0.0
2022-01-21 08:17:20.507390,29.55008,31.05275,0.0
2022-01-21 08:17:21.004542,31.04522,30.74325,0.0
2022-01-21 08:17:22.005938,30.32365,30.74325,0.0
2022-01-21 08:17:22.501094,30.01422,30.331,0.0
2022-01-21 08:17:23.009318,30.06497,30.74325,0.0
2022-01-21 08:17:23.502932,30.47836,30.6405,0.0
2022-01-21 08:17:24.010497,30.58109,30.43375,0.0
2022-01-21 08:17:24.505923,30.32365,30.74325,0.0
2022-01-21 08:17:25.004047,30.11695,30.43375,0.0
2022-01-21 08:17:25.508618,29.91025,30.846,0.0
2022-01-21 08:17:26.006403,30.7358,30.79525,0.0
2022-01-21 08:17:26.501472,30.42637,30.74325,0.0
2022-01-21 08:17:27.010176,30.16893,30.95,0.0
2022-01-21 08:17:27.505759,29.7048,30.5365,0.0
2022-01-21 08:17:28.005230,29.7048,30.6405,0.0
2022-01-21 08:17:28.509752,31.14795,30.74325,0.0
2022-01-21 08:17:29.007246,30.5291,30.331,0.0
2022-01-21 08:17:29.503564,30.11695,30.5365,0.0
2022-01-21 08:17:30.001709,29.44612,30.69125,0.0
2022-01-21 08:17:30.507737,30.89051,30.74325,0.0
2022-01-21 08:17:31.007354,30.83853,30.69125,0.0
2022-01-21 08:17:31.503704,30.37439,30.43375,0.0
2022-01-21 08:17:32.002077,29.91025,30.846,0.0
2022-01-21 08:17:32.507843,29.7048,30.898,0.0
2022-01-21 08:17:33.005097,31.19994,30.74325,0.0
2022-01-21 08:17:33.509725,30.42637,30.95,0.0
2022-01-21 08:17:34.007656,30.11695,30.227,0.0
2022-01-21 08:17:34.502352,29.7048,30.279,0.0
2022-01-21 08:17:35.010204,30.06497,31.1555,0.0
2022-01-21 08:17:35.507284,30.7358,30.5885,0.0
2022-01-21 08:17:36.004130,30.11695,30.17625,0.0
2022-01-21 08:17:36.509295,30.27166,30.48575,0.0
2022-01-21 08:17:37.010471,30.11695,31.00075,0.0
2022-01-21 08:17:37.505167,30.42637,30.5365,0.0
2022-01-21 08:17:38.002566,30.16893,30.898,0.0
2022-01-21 08:17:38.508225,30.27166,30.79525,0.0
2022-01-21 08:17:39.006125,30.21968,30.279,0.0
2022-01-21 08:17:39.502736,30.68382,31.517,0.0
2022-01-21 08:17:40.002412,29.85951,31.10475,0.0
2022-01-21 08:17:40.509210,29.75554,30.38175,0.0
2022-01-21 08:17:41.007530,30.9425,29.86675,0.0
2022-01-21 08:17:41.503458,30.5291,30.5885,0.0
2022-01-21 08:17:42.007749,30.21968,31.10475,0.0
2022-01-21 08:17:42.503621,29.39537,30.74325,0.0
2022-01-21 08:17:43.001235,30.68382,30.07225,0.0
2022-01-21 08:17:43.505904,30.68382,30.5365,0.0
2022-01-21 08:17:44.005669,30.78778,31.41425,0.0
2022-01-21 08:17:44.501290,30.21968,30.846,0.0
2022-01-21 08:17:45.009034,29.18867,30.846,0.0
2022-01-21 08:17:45.503444,30.5291,30.6405,0.0
2022-01-21 08:17:46.001683,30.7358,31.00075,0.0
2022-01-21 08:17:46.507601,30.42637,30.17625,0.0
2022-01-21 08:17:47.005555,30.21968,30.5885,0.0
2022-01-21 08:17:47.501205,29.85951,30.846,0.0
2022-01-21 08:17:48.009724,30.89051,30.227,0.0
2022-01-21 08:17:48.506602,30.37439,30.5885,0.0
2022-01-21 08:17:49.005031,30.58109,30.74325,0.0
2022-01-21 08:17:50.005466,29.4981,30.6405,0.0
2022-01-21 08:17:50.510833,31.25192,31.10475,0.0
2022-01-21 08:17:51.008724,30.83853,30.6405,0.0
2022-01-21 08:17:51.505783,29.96224,30.227,0.0
2022-01-21 08:17:52.004571,29.44612,31.465,0.0
2022-01-21 08:17:52.509358,29.60083,31.00075,0.0
2022-01-21 08:17:53.007558,31.71606,30.279,0.0
2022-01-21 08:17:53.504575,30.9425,30.331,0.0
2022-01-21 08:17:54.003256,29.91025,30.69125,0.0
2022-01-21 08:17:54.509082,28.87925,30.846,0.0
2022-01-21 08:17:55.006798,30.9425,30.74325,0.0
2022-01-21 08:17:55.510561,30.68382,30.5365,0.0
2022-01-21 08:17:56.008129,30.42637,30.43375,0.0
2022-01-21 08:17:56.505194,29.91025,31.10475,0.0
2022-01-21 08:17:57.003806,29.4981,30.74325,0.0
2022-01-21 08:17:57.501194,30.83853,30.69125,0.0
2022-01-21 08:17:58.009813,30.7358,30.5885,0.0
2022-01-21 08:17:58.505277,30.37439,30.6405,0.0
2022-01-21 08:17:59.003205,29.85951,30.79525,0.0
2022-01-21 08:17:59.510349,29.4981,30.69125,0.0
2022-01-21 08:18:00.008512,31.04522,30.38175,0.0
2022-01-21 08:18:00.502592,30.63307,30.5365,0.0
2022-01-21 08:18:01.010948,30.16893,30.69125,0.0
2022-01-21 08:18:02.005394,30.37439,30.48575,0.0
2022-01-21 08:18:02.511008,30.47836,30.48575,0.0
2022-01-21 08:18:03.008995,29.80752,30.79525,0.0
2022-01-21 08:18:03.502658,30.58109,30.6405,0.0
2022-01-21 08:18:04.001617,30.78778,30.846,0.0
2022-01-21 08:18:04.503821,30.16893,30.79525,0.0
2022-01-21 08:18:05.005484,29.65281,30.38175,0.0
2022-01-21 08:18:05.501395,30.9425,30.79525,0.0
2022-01-21 08:18:06.010399,30.78778,30.79525,0.0
2022-01-21 08:18:06.508476,30.16893,30.48575,0.0
2022-01-21 08:18:07.006299,29.80752,30.74325,0.0
2022-01-21 08:18:07.503019,30.47836,30.74325,0.0
2022-01-21 08:18:08.002270,30.78778,30.17625,0.0
2022-01-21 08:18:08.507974,30.83853,30.69125,0.0
2022-01-21 08:18:09.006357,30.16893,31.00075,0.0
2022-01-21 08:18:09.501416,29.2914,30.6405,0.0
2022-01-21 08:18:10.010516,30.01422,30.5365,0.0
2022-01-21 08:18:10.508044,30.9425,30.5885,0.0
2022-01-21 08:18:11.001970,30.5291,30.69125,0.0
2022-01-21 08:18:11.507824,30.01422,30.898,0.0
2022-01-21 08:18:12.006898,29.34339,30.74325,0.0
2022-01-21 08:18:12.504551,31.14795,30.5365,0.0
2022-01-21 08:18:13.002645,30.63307,30.331,0.0
2022-01-21 08:18:13.508307,30.32365,30.846,0.0
2022-01-21 08:18:14.007015,29.65281,30.48575,0.0
2022-01-21 08:18:14.502628,29.24066,30.227,0.0
2022-01-21 08:18:15.002567,31.56135,30.79525,0.0
2022-01-21 08:18:15.507708,31.40663,30.5885,0.0
2022-01-21 08:18:16.006292,30.16893,31.00075,0.0
2022-01-21 08:18:17.005088,29.75554,30.48575,0.0
2022-01-21 08:18:17.510711,31.40663,30.74325,0.0
2022-01-21 08:18:18.008562,30.47836,30.79525,0.0
2022-01-21 08:18:18.503290,30.47836,30.48575,0.0
2022-01-21 08:18:19.001437,29.2914,30.846,0.0
2022-01-21 08:18:19.509164,30.78778,30.279,0.0
2022-01-21 08:18:20.007541,30.7358,30.17625,0.0
2022-01-21 08:18:20.503644,29.96224,30.95,0.0
2022-01-21 08:18:21.001871,29.96224,30.74325,0.0
2022-01-21 08:18:21.506402,29.75554,30.6405,0.0
2022-01-21 08:18:22.004661,30.89051,30.48575,0.0
2022-01-21 08:18:22.503562,30.32365,30.74325,0.0
2022-01-21 08:18:23.010573,30.32365,30.6405,0.0
