時間,回転１,回転２,回転３
2022-01-16 14:00:00.006531,84.62773,84.803,85.41406
2022-01-16 14:00:00.500799,84.1636,84.28675,85.41406
2022-01-16 14:00:01.009486,84.52377,84.95775,85.41406
2022-01-16 14:00:01.507455,84.05963,84.59625,85.41406
2022-01-16 14:00:02.001641,84.21434,84.4935,85.64968
2022-01-16 14:00:02.507298,84.05963,84.4935,85.64968
2022-01-16 14:00:03.001351,83.59549,84.33875,85.49229
2022-01-16 14:00:03.502050,84.36905,84.54425,85.49229
2022-01-16 14:00:04.009057,84.36905,84.64825,86.3952
2022-01-16 14:00:04.501748,84.52377,84.803,86.3952
2022-01-16 14:00:05.010077,84.11161,84.33875,86.04176
2022-01-16 14:00:05.502311,84.05963,84.4935,86.04176
2022-01-16 14:00:06.010093,84.62773,84.95775,85.09926
2022-01-16 14:00:06.504725,83.7502,84.28675,85.09926
2022-01-16 14:00:07.003236,84.21434,84.64825,85.88531
2022-01-16 14:00:07.509027,84.11161,84.4415,85.88531
2022-01-16 14:00:08.006325,84.31831,84.59625,86.12093
2022-01-16 14:00:08.503662,84.47302,84.699,86.12093
2022-01-16 14:00:09.002102,83.80219,84.33875,85.64968
2022-01-16 14:00:09.507811,84.57575,84.751,85.64968
2022-01-16 14:00:10.004405,83.7502,84.33875,85.80614
2022-01-16 14:00:10.508185,84.31831,84.85375,85.80614
2022-01-16 14:00:11.009058,83.9569,84.4935,85.25666
2022-01-16 14:00:11.505004,84.31831,84.54425,85.25666
2022-01-16 14:00:12.003166,84.57575,84.90575,85.25666
2022-01-16 14:00:12.509717,84.00888,84.4415,85.25666
2022-01-16 14:00:13.006183,84.1636,84.4415,85.4527
2022-01-16 14:00:13.510985,83.9569,84.4935,85.4527
2022-01-16 14:00:14.010631,84.36905,84.59625,85.33489
2022-01-16 14:00:14.506715,83.59549,84.4415,85.33489
2022-01-16 14:00:15.003599,84.21434,84.4935,85.64968
2022-01-16 14:00:15.510483,84.52377,84.64825,85.64968
2022-01-16 14:00:16.009523,84.00888,84.33875,86.00312
2022-01-16 14:00:16.501330,84.36905,84.751,86.00312
2022-01-16 14:00:17.005124,84.00888,84.4935,85.13885
2022-01-16 14:00:17.501635,84.62773,84.699,85.13885
2022-01-16 14:00:18.001662,83.59549,84.28675,86.43479
2022-01-16 14:00:18.506818,84.42104,84.64825,86.43479
2022-01-16 14:00:19.005856,84.1636,84.3895,85.96354
2022-01-16 14:00:19.505152,84.42104,84.699,85.96354
2022-01-16 14:00:20.002795,83.9569,84.4415,86.35656
2022-01-16 14:00:20.506355,84.1636,84.751,86.35656
2022-01-16 14:00:21.003983,84.05963,84.28675,86.08135
2022-01-16 14:00:21.509665,84.00888,84.699,86.08135
2022-01-16 14:00:22.007849,84.57575,84.751,86.00312
2022-01-16 14:00:22.503743,83.85417,84.28675,86.00312
2022-01-16 14:00:23.001539,84.1636,84.4935,84.98145
2022-01-16 14:00:23.507034,83.08061,83.2035,84.98145
2022-01-16 14:00:24.005121,84.26632,84.64825,235.11416
2022-01-16 14:00:24.509898,84.42104,84.54425,235.11416
2022-01-16 14:00:25.005781,83.39003,84.02925,217.83531
2022-01-16 14:00:25.509934,84.11161,84.28675,217.83531
2022-01-16 14:00:26.008968,83.85417,84.184,173.30218
2022-01-16 14:00:26.505651,84.73046,84.59625,173.30218
2022-01-16 14:00:27.004638,83.80219,84.132,113.02083
2022-01-16 14:00:27.508905,84.00888,84.4415,113.02083
2022-01-16 14:00:28.005696,84.00888,84.02925,96.95968
2022-01-16 14:00:28.510942,84.21434,84.699,96.95968
2022-01-16 14:00:29.009109,83.90492,84.02925,96.135
2022-01-16 14:00:29.505334,84.1636,84.95775,96.135
2022-01-16 14:00:30.004204,83.90492,84.08,87.96635
2022-01-16 14:00:30.509661,84.88517,85.0085,87.96635
2022-01-16 14:00:31.007017,83.9569,84.33875,86.5526
2022-01-16 14:00:31.502525,84.26632,84.54425,86.5526
2022-01-16 14:00:32.010356,84.1636,84.751,86.51301
2022-01-16 14:00:32.505199,84.00888,84.4415,86.51301
2022-01-16 14:00:33.003412,83.90492,84.64825,86.67041
2022-01-16 14:00:33.508510,84.21434,84.54425,86.67041
2022-01-16 14:00:34.006362,84.78245,84.90575,85.80614
2022-01-16 14:00:34.501633,83.9569,84.33875,85.80614
2022-01-16 14:00:35.010861,84.36905,84.59625,86.59218
2022-01-16 14:00:35.508324,83.7502,84.184,86.59218
2022-01-16 14:00:36.004963,84.67848,85.0605,86.23875
2022-01-16 14:00:36.510334,83.59549,84.64825,86.23875
2022-01-16 14:00:37.008998,84.62773,84.751,86.67041
2022-01-16 14:00:37.503253,84.36905,84.4935,86.67041
2022-01-16 14:00:38.001791,84.1636,84.54425,86.00312
2022-01-16 14:00:38.506579,84.36905,84.699,86.00312
2022-01-16 14:00:39.004136,83.7502,84.184,86.31697
2022-01-16 14:00:39.510288,84.31831,84.64825,86.31697
2022-01-16 14:00:40.008323,84.00888,84.803,85.64968
2022-01-16 14:00:40.503627,84.11161,84.59625,85.64968
2022-01-16 14:00:41.001698,84.47302,84.699,85.92395
2022-01-16 14:00:41.508775,84.1636,84.3895,85.92395
2022-01-16 14:00:42.005540,84.57575,84.803,86.43479
2022-01-16 14:00:42.510649,83.90492,84.28675,86.43479
2022-01-16 14:00:43.009134,84.31831,84.751,86.27739
2022-01-16 14:00:43.504702,83.85417,84.751,86.27739
2022-01-16 14:00:44.002921,84.00888,84.3895,85.84572
2022-01-16 14:00:44.506658,84.36905,84.751,85.84572
2022-01-16 14:00:45.005302,84.26632,84.59625,85.96354
2022-01-16 14:00:45.509953,84.36905,84.699,85.96354
2022-01-16 14:00:46.006743,84.05963,84.4415,86.43479
2022-01-16 14:00:46.509320,84.42104,84.54425,86.43479
2022-01-16 14:00:47.009223,83.80219,84.54425,85.72791
2022-01-16 14:00:47.504477,84.36905,84.95775,85.72791
2022-01-16 14:00:48.002157,84.05963,84.4415,85.84572
2022-01-16 14:00:48.507977,84.21434,84.33875,85.84572
2022-01-16 14:00:49.005139,84.47302,84.64825,85.57051
2022-01-16 14:00:49.509629,83.85417,84.54425,85.57051
2022-01-16 14:00:50.008017,84.31831,84.699,85.68833
2022-01-16 14:00:50.502703,83.9569,84.59625,85.68833
2022-01-16 14:00:51.001593,84.47302,84.751,85.29625
2022-01-16 14:00:51.507500,83.90492,84.54425,85.29625
2022-01-16 14:00:52.005156,84.1636,84.3895,85.64968
2022-01-16 14:00:52.510896,84.52377,84.4935,85.64968
2022-01-16 14:00:53.504604,84.11161,84.3895,86.35656
2022-01-16 14:00:54.002127,84.1636,84.85375,86.12093
2022-01-16 14:00:54.507927,84.11161,84.33875,86.12093
2022-01-16 14:00:55.005808,84.00888,84.64825,86.00312
2022-01-16 14:00:55.502047,84.62773,84.751,86.00312
2022-01-16 14:00:56.011210,84.31831,84.28675,85.57051
2022-01-16 14:00:56.506755,83.85417,84.3895,85.57051
2022-01-16 14:00:57.004502,84.57575,84.85375,85.88531
2022-01-16 14:00:57.509790,83.90492,84.4415,85.88531
2022-01-16 14:00:58.009145,84.62773,84.85375,85.41406
2022-01-16 14:00:58.505328,83.64747,84.4415,85.41406
2022-01-16 14:00:59.003354,84.42104,84.54425,85.84572
2022-01-16 14:00:59.508669,84.42104,84.4935,85.84572
2022-01-16 14:01:00.007194,84.21434,84.64825,86.00312
2022-01-16 14:01:00.502781,84.31831,84.751,86.00312
2022-01-16 14:01:01.002335,83.69946,84.3895,85.68833
2022-01-16 14:01:01.507370,84.67848,84.95775,85.68833
2022-01-16 14:01:02.006548,83.69946,84.3895,85.25666
2022-01-16 14:01:02.503290,84.52377,84.803,85.25666
2022-01-16 14:01:03.011077,84.1636,84.4415,86.78822
2022-01-16 14:01:03.506265,84.05963,84.4935,86.78822
2022-01-16 14:01:04.004602,84.47302,84.64825,85.6101
2022-01-16 14:01:04.510605,83.80219,84.4415,85.6101
2022-01-16 14:01:05.009068,84.57575,84.803,85.49229
2022-01-16 14:01:05.504513,83.90492,84.4935,85.49229
2022-01-16 14:01:06.003211,84.36905,84.699,86.23875
2022-01-16 14:01:06.509677,84.11161,84.59625,86.23875
2022-01-16 14:01:07.009085,84.42104,84.59625,85.68833
2022-01-16 14:01:07.503382,84.47302,84.59625,85.68833
2022-01-16 14:01:08.010649,84.00888,84.59625,85.68833
2022-01-16 14:01:08.504400,84.1636,84.3895,85.68833
2022-01-16 14:01:09.002148,83.90492,84.54425,85.17843
2022-01-16 14:01:09.507495,84.47302,84.85375,85.17843
2022-01-16 14:01:10.003367,83.64747,84.33875,86.63083
2022-01-16 14:01:10.509541,84.26632,84.699,86.63083
2022-01-16 14:01:11.008451,84.42104,84.4415,85.4527
2022-01-16 14:01:11.502141,84.1636,84.803,85.4527
2022-01-16 14:01:12.001433,84.1636,84.4935,85.96354
2022-01-16 14:01:12.507359,84.05963,84.64825,85.96354
2022-01-16 14:01:13.005419,84.21434,84.54425,85.84572
2022-01-16 14:01:13.510945,83.64747,84.3895,85.84572
2022-01-16 14:01:14.008399,84.26632,84.699,86.94562
2022-01-16 14:01:14.504115,84.00888,84.23475,86.94562
2022-01-16 14:01:15.001763,84.36905,84.803,85.80614
2022-01-16 14:01:15.508557,84.42104,84.59625,85.80614
2022-01-16 14:01:16.005702,83.85417,84.4415,85.7675
2022-01-16 14:01:16.510877,83.28607,83.41025,85.7675
2022-01-16 14:01:17.007250,84.05963,84.64825,233.15093
2022-01-16 14:01:17.502651,84.36905,84.4935,233.15093
2022-01-16 14:01:18.010847,83.69946,83.61575,223.96156
2022-01-16 14:01:18.504666,84.47302,84.751,223.96156
2022-01-16 14:01:19.002379,83.69946,83.7705,180.17395
2022-01-16 14:01:19.509182,84.42104,84.95775,180.17395
2022-01-16 14:01:20.009722,84.21434,84.3895,118.47979
2022-01-16 14:01:20.505170,83.39003,84.02925,118.47979
2022-01-16 14:01:21.002471,84.00888,84.33875,89.81176
2022-01-16 14:01:21.507638,84.36905,84.4935,89.81176
2022-01-16 14:01:22.006217,84.1636,84.3895,92.63926
2022-01-16 14:01:22.506464,84.21434,84.184,92.63926
2022-01-16 14:01:23.004555,83.7502,84.3895,87.84854
2022-01-16 14:01:23.511050,84.47302,84.699,87.84854
2022-01-16 14:01:24.008602,84.00888,84.59625,85.96354
2022-01-16 14:01:24.505021,84.00888,84.4415,85.96354
2022-01-16 14:01:25.001429,84.00888,84.33875,85.64968
2022-01-16 14:01:25.506074,84.36905,84.64825,85.64968
2022-01-16 14:01:26.004347,84.36905,84.3895,86.51301
2022-01-16 14:01:26.508476,84.26632,84.95775,86.51301
2022-01-16 14:01:27.006999,84.11161,84.3895,85.88531
2022-01-16 14:01:27.510921,83.9569,84.4415,85.88531
2022-01-16 14:01:28.008127,84.52377,84.85375,86.74864
2022-01-16 14:01:28.503424,83.59549,83.8745,86.74864
2022-01-16 14:01:29.002278,84.42104,84.699,86.63083
2022-01-16 14:01:29.507133,84.31831,84.4415,86.63083
2022-01-16 14:01:30.004742,84.21434,84.90575,85.49229
2022-01-16 14:01:30.510537,84.1636,84.54425,85.49229
2022-01-16 14:01:31.009024,84.31831,85.0085,86.23875
2022-01-16 14:01:31.504151,83.90492,84.23475,86.23875
2022-01-16 14:01:32.002399,84.11161,84.59625,85.68833
2022-01-16 14:01:32.507323,84.26632,84.699,85.68833
2022-01-16 14:01:33.004839,84.05963,83.97725,86.35656
2022-01-16 14:01:33.501304,84.47302,85.1125,86.35656
2022-01-16 14:01:34.010743,84.05963,84.4935,86.15958
2022-01-16 14:01:34.506677,84.11161,84.699,86.15958
2022-01-16 14:01:35.003833,84.47302,84.803,86.12093
2022-01-16 14:01:35.508805,84.00888,84.54425,86.12093
2022-01-16 14:01:36.005666,84.57575,84.803,85.4527
2022-01-16 14:01:37.004937,84.05963,84.64825,86.43479
2022-01-16 14:01:37.509726,84.36905,84.54425,86.43479
2022-01-16 14:01:38.009052,83.9569,84.54425,85.33489
2022-01-16 14:01:38.504414,84.05963,84.28675,85.33489
2022-01-16 14:01:39.001914,84.11161,84.699,85.7675
2022-01-16 14:01:39.505738,84.05963,84.4415,85.7675
2022-01-16 14:01:40.002873,84.36905,84.4415,85.84572
2022-01-16 14:01:40.509207,84.31831,84.85375,85.84572
2022-01-16 14:01:41.006478,83.9569,84.23475,85.64968
2022-01-16 14:01:41.501049,84.1636,84.85375,85.64968
2022-01-16 14:01:42.008291,84.42104,84.4415,85.6101
2022-01-16 14:01:42.503659,84.05963,84.699,85.6101
2022-01-16 14:01:43.001484,84.00888,84.4935,86.00312
2022-01-16 14:01:43.506292,84.31831,84.64825,86.00312
2022-01-16 14:01:44.004703,84.26632,84.699,85.72791
2022-01-16 14:01:44.510986,84.47302,84.699,85.72791
2022-01-16 14:01:45.009074,83.9569,84.751,85.96354
2022-01-16 14:01:45.503788,83.90492,84.02925,85.96354
2022-01-16 14:01:46.001978,84.31831,84.751,85.49229
2022-01-16 14:01:46.508199,84.31831,84.803,85.49229
2022-01-16 14:01:47.008067,84.1636,84.699,86.71
2022-01-16 14:01:47.502719,84.05963,84.4935,86.71
2022-01-16 14:01:48.010446,84.52377,84.64825,86.43479
2022-01-16 14:01:48.503606,84.52377,84.95775,86.43479
2022-01-16 14:01:49.001631,84.21434,84.33875,85.92395
2022-01-16 14:01:49.506843,83.64747,84.184,85.92395
2022-01-16 14:01:50.005704,84.00888,84.3895,85.4527
2022-01-16 14:01:50.510866,84.05963,84.64825,85.4527
2022-01-16 14:01:51.008953,84.62773,84.95775,86.27739
2022-01-16 14:01:51.503977,84.36905,84.4415,86.27739
2022-01-16 14:01:52.002339,83.9569,84.59625,85.68833
2022-01-16 14:01:52.507641,84.47302,84.59625,85.68833
2022-01-16 14:01:53.004905,84.21434,84.4935,85.64968
2022-01-16 14:01:53.510069,84.11161,84.64825,85.64968
2022-01-16 14:01:54.009274,83.54475,84.33875,85.72791
2022-01-16 14:01:54.506911,84.1636,84.59625,85.72791
2022-01-16 14:01:55.005718,84.21434,84.28675,85.88531
2022-01-16 14:01:55.502630,84.31831,84.85375,85.88531
2022-01-16 14:01:56.002081,84.21434,84.4935,86.59218
2022-01-16 14:01:56.508027,84.00888,84.4415,86.59218
2022-01-16 14:01:57.005819,84.42104,84.699,86.23875
2022-01-16 14:01:57.510285,83.9569,84.54425,86.23875
2022-01-16 14:01:58.007581,84.1636,84.85375,85.49229
2022-01-16 14:01:58.502157,84.11161,84.33875,85.49229
2022-01-16 14:01:59.001679,84.26632,84.59625,86.5526
2022-01-16 14:01:59.506692,84.36905,84.4415,86.5526
2022-01-16 14:02:00.004257,84.00888,84.54425,86.00312
2022-01-16 14:02:00.510991,84.31831,84.751,86.00312
2022-01-16 14:02:01.008686,83.90492,84.54425,85.57051
2022-01-16 14:02:01.503253,84.26632,84.85375,85.57051
2022-01-16 14:02:02.001228,84.1636,84.4415,86.15958
2022-01-16 14:02:02.506344,84.31831,84.803,86.15958
2022-01-16 14:02:03.005417,84.42104,84.54425,85.88531
2022-01-16 14:02:03.501812,84.21434,84.59625,85.88531
2022-01-16 14:02:04.010384,83.80219,84.184,85.72791
2022-01-16 14:02:04.508587,84.21434,84.751,85.72791
2022-01-16 14:02:05.006374,84.36905,84.90575,86.12093
2022-01-16 14:02:06.005116,84.26632,84.751,85.84572
2022-01-16 14:02:06.509678,84.47302,84.3895,85.84572
2022-01-16 14:02:07.006996,84.36905,84.95775,85.64968
2022-01-16 14:02:07.502033,84.42104,84.751,85.64968
2022-01-16 14:02:08.001760,83.69946,84.08,86.23875
2022-01-16 14:02:08.507399,84.57575,84.85375,86.23875
2022-01-16 14:02:09.005322,84.05963,84.751,85.7675
2022-01-16 14:02:09.502567,83.9569,84.3895,85.7675
2022-01-16 14:02:10.010015,84.31831,84.3895,85.6101
2022-01-16 14:02:10.505107,84.11161,84.4935,85.6101
2022-01-16 14:02:11.008496,84.47302,84.90575,85.37447
2022-01-16 14:02:11.502961,84.21434,84.64825,85.37447
2022-01-16 14:02:12.002676,83.85417,84.23475,85.57051
2022-01-16 14:02:12.508050,84.00888,84.4935,85.57051
2022-01-16 14:02:13.007870,84.78245,85.21525,86.27739
2022-01-16 14:02:13.511174,84.21434,84.08,86.27739
2022-01-16 14:02:14.009101,83.9569,84.3895,85.21708
2022-01-16 14:02:14.506448,84.42104,84.90575,85.21708
2022-01-16 14:02:15.004544,83.90492,84.132,86.15958
2022-01-16 14:02:15.511216,84.57575,85.0605,86.15958
2022-01-16 14:02:16.009673,83.59549,84.23475,85.7675
2022-01-16 14:02:16.506617,84.52377,85.0605,85.7675
2022-01-16 14:02:17.005753,84.36905,84.4415,86.82781
2022-01-16 14:02:17.510958,84.36905,84.59625,86.82781
2022-01-16 14:02:18.010497,84.00888,84.33875,85.57051
2022-01-16 14:02:18.505405,84.00888,84.4935,85.57051
2022-01-16 14:02:19.002107,84.11161,84.54425,85.80614
2022-01-16 14:02:19.507910,83.7502,84.132,85.80614
2022-01-16 14:02:20.005711,84.52377,85.1125,86.19916
2022-01-16 14:02:20.501299,83.9569,84.184,86.19916
2022-01-16 14:02:21.009735,84.42104,84.64825,85.96354
2022-01-16 14:02:21.504712,84.36905,84.4415,85.96354
2022-01-16 14:02:22.004656,84.05963,84.64825,86.59218
2022-01-16 14:02:22.502647,84.57575,84.90575,86.59218
2022-01-16 14:02:23.010964,83.7502,84.132,85.64968
2022-01-16 14:02:23.507448,84.42104,84.85375,85.64968
2022-01-16 14:02:24.005656,84.1636,84.54425,86.98426
2022-01-16 14:02:24.510381,83.9569,84.4935,86.98426
2022-01-16 14:02:25.010381,84.52377,84.699,85.7675
2022-01-16 14:02:25.505471,84.62773,85.0085,85.7675
2022-01-16 14:02:26.004196,83.9569,84.23475,85.17843
2022-01-16 14:02:26.501020,84.47302,84.85375,85.17843
2022-01-16 14:02:27.009088,83.9569,84.59625,86.15958
2022-01-16 14:02:27.503677,84.1636,84.803,86.15958
2022-01-16 14:02:28.002275,84.57575,84.85375,85.6101
2022-01-16 14:02:28.507866,84.11161,84.23475,85.6101
2022-01-16 14:02:29.006315,84.36905,84.59625,85.41406
2022-01-16 14:02:29.501183,84.21434,84.64825,85.41406
2022-01-16 14:02:30.008710,84.11161,84.4415,85.57051
2022-01-16 14:02:30.503457,84.1636,84.699,85.57051
2022-01-16 14:02:31.001710,83.69946,84.33875,85.29625
2022-01-16 14:02:31.508062,84.31831,84.699,85.29625
2022-01-16 14:02:32.009962,84.31831,84.4415,85.33489
2022-01-16 14:02:32.505305,84.31831,84.54425,85.33489
2022-01-16 14:02:33.003275,84.26632,84.54425,86.35656
2022-01-16 14:02:33.507421,84.1636,84.33875,86.35656
2022-01-16 14:02:34.005169,84.11161,84.699,85.37447
2022-01-16 14:02:34.509413,83.69946,84.184,85.37447
2022-01-16 14:02:35.008077,84.42104,84.803,85.64968
2022-01-16 14:02:35.505367,84.26632,84.4935,85.64968
2022-01-16 14:02:36.002492,84.21434,84.54425,86.08135
2022-01-16 14:02:36.507298,84.26632,84.64825,86.08135
2022-01-16 14:02:37.005300,84.26632,84.64825,85.72791
2022-01-16 14:02:37.510219,84.36905,84.803,85.72791
2022-01-16 14:02:38.008267,83.69946,84.28675,85.68833
2022-01-16 14:02:38.504121,84.1636,84.64825,85.68833
2022-01-16 14:02:39.001092,84.21434,84.28675,85.41406
2022-01-16 14:02:39.505014,84.47302,84.699,85.41406
2022-01-16 14:02:40.002679,84.42104,84.85375,85.4527
2022-01-16 14:02:40.508547,84.05963,84.4935,85.4527
2022-01-16 14:02:41.005023,84.47302,84.90575,85.37447
2022-01-16 14:02:41.509452,83.7502,84.184,85.37447
2022-01-16 14:02:42.007816,84.47302,85.1125,85.57051
2022-01-16 14:02:42.502530,83.69946,83.97725,85.57051
2022-01-16 14:02:43.010226,84.26632,84.4935,87.29906
2022-01-16 14:02:43.504972,84.36905,84.4935,87.29906
2022-01-16 14:02:44.002334,84.26632,84.59625,86.51301
2022-01-16 14:02:44.509539,84.31831,84.803,86.51301
2022-01-16 14:02:45.007786,83.80219,84.33875,85.88531
2022-01-16 14:02:45.510411,84.57575,85.0605,85.88531
2022-01-16 14:02:46.009223,83.7502,84.184,85.96354
2022-01-16 14:02:46.505636,84.52377,84.803,85.96354
2022-01-16 14:02:47.002625,84.31831,84.33875,86.5526
2022-01-16 14:02:47.508765,83.9569,84.33875,86.5526
2022-01-16 14:02:48.005158,84.67848,85.16325,85.41406
2022-01-16 14:02:48.509717,84.1636,84.54425,85.41406
2022-01-16 14:02:49.009161,83.80219,84.3895,86.00312
2022-01-16 14:02:49.505241,83.90492,84.3895,86.00312
2022-01-16 14:02:50.003675,84.21434,84.54425,85.88531
2022-01-16 14:02:50.509873,84.42104,84.59625,85.88531
2022-01-16 14:02:51.009583,84.31831,84.85375,85.68833
2022-01-16 14:02:51.503767,83.90492,84.28675,85.68833
2022-01-16 14:02:52.004697,84.31831,84.95775,86.98426
2022-01-16 14:02:52.510322,84.47302,84.85375,86.98426
2022-01-16 14:02:53.009078,83.85417,84.59625,85.88531
2022-01-16 14:02:53.510729,84.31831,84.64825,85.88531
2022-01-16 14:02:54.008738,84.00888,84.28675,85.84572
2022-01-16 14:02:54.502765,84.62773,84.85375,85.84572
2022-01-16 14:02:55.011115,83.9569,84.3895,86.23875
2022-01-16 14:02:55.506289,84.11161,84.699,86.23875
2022-01-16 14:02:56.004838,84.00888,84.59625,86.51301
2022-01-16 14:02:56.510017,84.05963,84.59625,86.51301
2022-01-16 14:02:57.009285,84.05963,84.4935,85.6101
2022-01-16 14:02:57.503700,84.52377,84.90575,85.6101
2022-01-16 14:02:58.003391,84.26632,84.59625,85.84572
2022-01-16 14:02:58.507407,84.1636,84.54425,85.84572
2022-01-16 14:02:59.005082,83.9569,84.23475,85.80614
2022-01-16 14:02:59.501819,84.21434,84.699,85.80614
2022-01-16 14:03:00.009854,83.69946,84.28675,85.37447
2022-01-16 14:03:00.502194,84.42104,84.751,85.37447
2022-01-16 14:03:01.010461,83.7502,84.3895,85.7675
2022-01-16 14:03:01.505825,84.62773,84.803,85.7675
2022-01-16 14:03:02.006143,84.47302,84.803,85.53187
2022-01-16 14:03:02.501472,84.00888,84.4415,85.53187
2022-01-16 14:03:03.008995,84.31831,84.803,85.96354
2022-01-16 14:03:03.504780,83.9569,84.184,85.96354
2022-01-16 14:03:04.002420,84.36905,84.803,86.08135
2022-01-16 14:03:04.508686,84.11161,84.64825,86.08135
2022-01-16 14:03:05.006422,84.21434,84.4935,85.68833
2022-01-16 14:03:05.501389,84.31831,84.64825,85.68833
2022-01-16 14:03:06.009846,84.36905,84.699,85.17843
2022-01-16 14:03:06.507687,84.62773,85.16325,85.17843
2022-01-16 14:03:07.005255,83.85417,84.23475,85.37447
2022-01-16 14:03:07.510957,84.26632,84.4935,85.37447
2022-01-16 14:03:08.008108,83.64747,84.23475,85.21708
2022-01-16 14:03:08.504152,84.83319,84.95775,85.21708
2022-01-16 14:03:09.001148,84.47302,84.699,85.68833
2022-01-16 14:03:09.506342,83.7502,84.08,85.68833
2022-01-16 14:03:10.003550,84.42104,84.803,85.29625
2022-01-16 14:03:10.509040,84.11161,84.4935,85.29625
2022-01-16 14:03:11.005645,84.42104,84.90575,86.78822
2022-01-16 14:03:11.510993,83.59549,84.3895,86.78822
2022-01-16 14:03:12.009040,84.1636,84.33875,85.6101
2022-01-16 14:03:12.502771,84.26632,84.4935,85.6101
2022-01-16 14:03:13.001169,84.67848,84.90575,86.00312
2022-01-16 14:03:13.506276,83.90492,84.4415,86.00312
2022-01-16 14:03:14.005310,84.05963,84.33875,85.06062
2022-01-16 14:03:14.511127,84.36905,84.64825,85.06062
2022-01-16 14:03:15.008782,84.05963,84.64825,86.15958
2022-01-16 14:03:15.505181,84.00888,84.3895,86.15958
2022-01-16 14:03:16.004080,84.1636,84.64825,85.41406
2022-01-16 14:03:16.501993,84.36905,84.33875,85.41406
2022-01-16 14:03:17.010842,84.42104,84.751,85.72791
2022-01-16 14:03:17.505914,84.31831,84.85375,85.72791
2022-01-16 14:03:18.004041,84.11161,84.3895,86.08135
2022-01-16 14:03:18.509639,84.05963,84.4935,86.08135
2022-01-16 14:03:19.008075,84.31831,84.803,85.37447
2022-01-16 14:03:19.501843,83.90492,84.08,85.37447
2022-01-16 14:03:20.003010,84.47302,84.751,86.43479
2022-01-16 14:03:20.509876,84.1636,84.64825,86.43479
2022-01-16 14:03:21.008497,84.00888,84.4935,85.7675
2022-01-16 14:03:21.503239,84.47302,84.803,85.7675
2022-01-16 14:03:22.001773,84.05963,84.699,85.17843
2022-01-16 14:03:22.506073,84.26632,84.33875,85.17843
2022-01-16 14:03:23.006723,83.90492,84.3895,85.96354
2022-01-16 14:03:23.501993,84.31831,84.3895,85.96354
2022-01-16 14:03:24.002334,84.57575,84.751,85.41406
2022-01-16 14:03:24.505545,83.90492,84.3895,85.41406
2022-01-16 14:03:25.006001,84.52377,84.90575,85.7675
2022-01-16 14:03:25.504344,83.80219,84.28675,85.7675
2022-01-16 14:03:26.001253,84.62773,84.95775,85.29625
2022-01-16 14:03:26.501714,83.7502,84.4415,85.29625
2022-01-16 14:03:27.001501,84.36905,84.64825,85.41406
2022-01-16 14:03:27.509710,84.57575,84.751,85.41406
2022-01-16 14:03:28.010104,83.7502,84.02925,85.4527
2022-01-16 14:03:28.508781,84.88517,85.21525,85.4527
2022-01-16 14:03:29.001714,83.54475,84.08,85.96354
2022-01-16 14:03:29.507422,84.36905,84.85375,85.96354
2022-01-16 14:03:30.006829,83.59549,84.23475,85.96354
2022-01-16 14:03:30.502362,84.26632,84.23475,85.96354
2022-01-16 14:03:31.010762,84.83319,85.16325,86.35656
2022-01-16 14:03:31.506521,84.26632,84.64825,86.35656
2022-01-16 14:03:32.006068,84.1636,84.4415,86.43479
2022-01-16 14:03:32.502378,83.9569,84.4415,86.43479
2022-01-16 14:03:33.010249,84.47302,84.803,85.7675
2022-01-16 14:03:33.505549,83.64747,84.4935,85.7675
2022-01-16 14:03:34.003822,84.05963,84.4935,85.88531
2022-01-16 14:03:34.508333,84.21434,84.4935,85.88531
2022-01-16 14:03:35.005736,84.31831,84.64825,85.53187
2022-01-16 14:03:35.510948,84.57575,84.95775,85.53187
2022-01-16 14:03:36.008628,83.80219,84.132,85.13885
2022-01-16 14:03:36.502853,84.36905,84.699,85.13885
2022-01-16 14:03:37.001908,83.85417,84.64825,85.6101
2022-01-16 14:03:37.507704,84.42104,84.59625,85.6101
2022-01-16 14:03:38.004964,83.80219,84.23475,85.4527
2022-01-16 14:03:38.509863,84.1636,84.33875,85.4527
2022-01-16 14:03:39.010099,83.28607,83.461,103.87104
2022-01-16 14:03:39.504568,84.36905,84.803,103.87104
2022-01-16 14:03:40.504644,83.28607,83.7705,239.2376
2022-01-16 14:03:41.002372,84.67848,84.751,204.24729
2022-01-16 14:03:41.507925,83.49276,84.08,204.24729
2022-01-16 14:03:42.006716,84.67848,84.803,135.52301
2022-01-16 14:03:42.501964,84.05963,84.08,135.52301
2022-01-16 14:03:43.009924,83.90492,84.184,90.87208
2022-01-16 14:03:43.504976,84.26632,84.54425,90.87208
2022-01-16 14:03:44.003543,84.00888,84.4415,92.56104
2022-01-16 14:03:44.509119,83.85417,84.02925,92.56104
2022-01-16 14:03:45.007112,83.7502,84.4415,89.5375
2022-01-16 14:03:45.502718,84.21434,84.184,89.5375
2022-01-16 14:03:46.010940,84.78245,85.16325,86.98426
2022-01-16 14:03:46.506285,83.9569,84.23475,86.98426
2022-01-16 14:03:47.004272,83.9569,84.4415,85.6101
2022-01-16 14:03:47.508225,84.21434,84.751,85.6101
2022-01-16 14:03:48.006982,84.62773,84.699,87.02385
2022-01-16 14:03:48.504843,83.69946,84.54425,87.02385
2022-01-16 14:03:49.002177,84.11161,84.54425,86.12093
2022-01-16 14:03:49.507397,84.42104,84.803,86.12093
2022-01-16 14:03:50.005735,84.36905,84.59625,86.59218
2022-01-16 14:03:50.509859,84.26632,84.59625,86.59218
2022-01-16 14:03:51.009759,83.39003,83.97725,86.47437
2022-01-16 14:03:51.504467,84.88517,85.21525,86.47437
2022-01-16 14:03:52.001951,83.85417,84.59625,86.08135
2022-01-16 14:03:52.509733,84.42104,84.803,86.08135
2022-01-16 14:03:53.008773,84.21434,84.64825,86.3952
2022-01-16 14:03:53.503829,84.31831,84.4935,86.3952
2022-01-16 14:03:54.001817,84.36905,84.699,86.3952
2022-01-16 14:03:54.507067,83.90492,84.33875,86.3952
2022-01-16 14:03:55.004457,84.42104,84.64825,86.08135
2022-01-16 14:03:55.509990,83.7502,84.28675,86.08135
2022-01-16 14:03:56.008611,84.42104,84.699,86.71
2022-01-16 14:03:56.504247,84.00888,84.54425,86.71
2022-01-16 14:03:57.002909,84.36905,84.751,86.12093
2022-01-16 14:03:57.508550,84.62773,84.751,86.12093
2022-01-16 14:03:58.006457,83.69946,84.33875,85.53187
2022-01-16 14:03:58.502314,84.62773,84.751,85.53187
2022-01-16 14:03:59.001805,83.90492,84.4415,85.80614
2022-01-16 14:03:59.508227,84.52377,84.85375,85.80614
2022-01-16 14:04:00.006031,83.7502,84.4935,85.96354
2022-01-16 14:04:00.502773,84.21434,84.4415,85.96354
2022-01-16 14:04:01.010147,84.42104,84.4935,85.25666
2022-01-16 14:04:01.505121,84.21434,84.59625,85.25666
2022-01-16 14:04:02.001850,84.47302,84.751,85.57051
2022-01-16 14:04:02.507896,83.85417,84.4415,85.57051
2022-01-16 14:04:03.007073,84.1636,84.4415,85.57051
2022-01-16 14:04:03.501858,83.80219,84.59625,85.57051
2022-01-16 14:04:04.003038,84.62773,84.751,85.37447
2022-01-16 14:04:04.508603,84.36905,84.3895,85.37447
2022-01-16 14:04:05.008755,84.00888,84.4415,86.59218
2022-01-16 14:04:05.503404,84.26632,84.4415,86.59218
2022-01-16 14:04:06.002392,84.21434,84.699,86.5526
2022-01-16 14:04:06.506212,84.42104,84.803,86.5526
2022-01-16 14:04:07.004177,83.49276,84.4935,86.35656
2022-01-16 14:04:07.510053,84.26632,84.54425,86.35656
2022-01-16 14:04:08.008719,84.67848,84.751,85.53187
2022-01-16 14:04:08.502506,84.88517,85.0605,85.53187
2022-01-16 14:04:09.001558,83.7502,83.97725,85.64968
2022-01-16 14:04:09.508058,84.05963,84.54425,85.64968
2022-01-16 14:04:10.005595,84.26632,84.64825,86.19916
2022-01-16 14:04:10.510840,84.05963,85.0085,86.19916
2022-01-16 14:04:11.009151,83.80219,84.23475,85.72791
2022-01-16 14:04:11.505134,84.26632,84.4415,85.72791
2022-01-16 14:04:12.002736,84.57575,85.0085,85.80614
2022-01-16 14:04:12.508727,84.26632,84.3895,85.80614
2022-01-16 14:04:13.006345,84.11161,84.64825,85.57051
2022-01-16 14:04:13.501137,83.90492,84.132,85.57051
2022-01-16 14:04:14.504303,84.57575,84.95775,86.08135
2022-01-16 14:04:15.001769,84.11161,84.4935,85.29625
2022-01-16 14:04:15.506943,84.26632,84.59625,85.29625
2022-01-16 14:04:16.004748,84.36905,84.64825,85.92395
2022-01-16 14:04:16.509459,83.85417,84.33875,85.92395
2022-01-16 14:04:17.008208,84.78245,84.90575,85.49229
2022-01-16 14:04:17.502293,83.9569,84.59625,85.49229
2022-01-16 14:04:18.010964,84.11161,84.28675,85.37447
2022-01-16 14:04:18.505284,84.05963,84.4935,85.37447
2022-01-16 14:04:19.002132,84.47302,84.699,85.68833
2022-01-16 14:04:19.508766,84.62773,84.64825,85.68833
2022-01-16 14:04:20.006766,83.85417,84.3895,86.00312
2022-01-16 14:04:20.501101,84.31831,84.33875,86.00312
2022-01-16 14:04:21.008662,83.90492,84.59625,85.25666
2022-01-16 14:04:21.502144,84.57575,84.90575,85.25666
2022-01-16 14:04:22.010304,83.80219,84.4935,86.63083
2022-01-16 14:04:22.504655,84.1636,84.3895,86.63083
2022-01-16 14:04:23.002010,84.42104,84.64825,85.68833
2022-01-16 14:04:23.508636,84.11161,84.4415,85.68833
2022-01-16 14:04:24.006353,84.52377,84.54425,85.41406
2022-01-16 14:04:24.502485,83.69946,84.3895,85.41406
2022-01-16 14:04:25.001651,84.11161,84.4415,86.08135
2022-01-16 14:04:25.505885,83.85417,84.59625,86.08135
2022-01-16 14:04:26.004960,84.11161,84.4415,86.04176
2022-01-16 14:04:26.509813,84.26632,84.64825,86.04176
2022-01-16 14:04:27.009145,84.21434,84.751,85.84572
2022-01-16 14:04:27.505325,83.7502,84.02925,85.84572
2022-01-16 14:04:28.009247,84.36905,85.0605,85.64968
2022-01-16 14:04:28.504587,84.57575,84.699,85.64968
2022-01-16 14:04:29.001601,83.7502,84.59625,86.12093
2022-01-16 14:04:29.506441,84.00888,84.28675,86.12093
2022-01-16 14:04:30.004382,84.26632,84.3895,85.72791
2022-01-16 14:04:30.508889,84.42104,84.803,85.72791
2022-01-16 14:04:31.007333,83.9569,84.3895,85.6101
2022-01-16 14:04:31.501055,83.7502,84.33875,85.6101
2022-01-16 14:04:32.009157,84.21434,84.3895,85.88531
2022-01-16 14:04:32.507384,84.1636,84.85375,85.88531
2022-01-16 14:04:33.004415,84.36905,84.54425,86.86645
2022-01-16 14:04:33.509310,84.21434,84.4415,86.86645
2022-01-16 14:04:34.007531,84.26632,84.4935,85.41406
2022-01-16 14:04:34.502367,84.36905,84.59625,85.41406
2022-01-16 14:04:35.009481,84.36905,85.0605,85.7675
2022-01-16 14:04:35.501839,83.90492,84.23475,85.7675
2022-01-16 14:04:36.001209,84.1636,84.803,85.53187
2022-01-16 14:04:36.507648,84.21434,84.4415,85.53187
2022-01-16 14:04:37.005284,84.1636,84.803,85.92395
2022-01-16 14:04:37.509589,84.67848,84.90575,85.92395
2022-01-16 14:04:38.006713,84.21434,84.3895,86.19916
2022-01-16 14:04:38.502254,83.7502,84.3895,86.19916
2022-01-16 14:04:39.001268,84.42104,84.85375,85.6101
2022-01-16 14:04:39.506160,84.31831,84.803,85.6101
2022-01-16 14:04:40.002902,83.85417,84.33875,85.6101
2022-01-16 14:04:40.508981,83.9569,84.4415,85.6101
2022-01-16 14:04:41.007007,84.11161,84.4935,85.92395
2022-01-16 14:04:41.502414,84.93716,84.85375,85.92395
2022-01-16 14:04:42.009276,83.80219,84.4415,86.15958
2022-01-16 14:04:42.504190,84.26632,84.64825,86.15958
2022-01-16 14:04:43.002559,83.7502,84.3895,85.57051
2022-01-16 14:04:43.509245,84.67848,84.699,85.57051
2022-01-16 14:04:44.006891,83.85417,84.54425,86.15958
2022-01-16 14:04:44.510685,83.9569,84.3895,86.15958
2022-01-16 14:04:45.009121,84.57575,84.4935,85.49229
2022-01-16 14:04:45.506334,84.36905,84.699,85.49229
2022-01-16 14:04:46.005159,84.52377,84.751,85.72791
2022-01-16 14:04:46.501297,83.59549,84.28675,85.72791
2022-01-16 14:04:47.010572,84.42104,84.85375,86.3952
2022-01-16 14:04:47.505644,83.7502,84.3895,86.3952
2022-01-16 14:04:48.004916,84.05963,84.184,86.27739
2022-01-16 14:04:48.508656,84.78245,84.699,86.27739
2022-01-16 14:04:49.005963,83.80219,84.23475,85.53187
2022-01-16 14:04:49.501722,84.67848,84.751,85.53187
2022-01-16 14:04:50.002499,84.00888,84.64825,85.68833
2022-01-16 14:04:50.507545,84.31831,84.4415,85.68833
2022-01-16 14:04:51.005555,83.7502,84.4935,85.72791
2022-01-16 14:04:51.511081,84.31831,84.803,85.72791
2022-01-16 14:04:52.009812,84.05963,84.132,85.68833
2022-01-16 14:04:52.503860,84.52377,84.751,85.68833
2022-01-16 14:04:53.001871,84.26632,84.28675,86.5526
2022-01-16 14:04:53.508081,84.31831,85.1125,86.5526
2022-01-16 14:04:54.007176,84.21434,84.4935,85.7675
2022-01-16 14:04:54.502888,83.90492,84.33875,85.7675
2022-01-16 14:04:55.001853,84.47302,84.85375,86.08135
2022-01-16 14:04:55.507567,83.90492,84.184,86.08135
2022-01-16 14:04:56.005567,84.21434,84.54425,85.53187
2022-01-16 14:04:56.510633,84.26632,84.3895,85.53187
2022-01-16 14:04:57.008567,84.05963,84.803,85.72791
2022-01-16 14:04:57.503502,84.31831,84.4935,85.72791
2022-01-16 14:04:58.001289,84.21434,84.64825,85.92395
2022-01-16 14:04:58.508775,84.11161,84.3895,85.92395
2022-01-16 14:04:59.007164,84.00888,84.54425,85.4527
2022-01-16 14:04:59.510795,84.73046,85.0085,85.4527
2022-01-16 14:05:00.009207,84.00888,84.02925,86.00312
2022-01-16 14:05:00.502239,84.21434,84.85375,86.00312
2022-01-16 14:05:01.009624,84.26632,84.54425,86.27739
2022-01-16 14:05:01.504470,83.85417,84.33875,86.27739
2022-01-16 14:05:02.002902,84.62773,84.90575,86.59218
2022-01-16 14:05:02.507488,83.59549,84.23475,86.59218
2022-01-16 14:05:03.007314,84.00888,84.33875,85.49229
2022-01-16 14:05:03.503013,84.73046,84.90575,85.49229
2022-01-16 14:05:04.001719,84.05963,84.751,85.53187
2022-01-16 14:05:04.506865,84.1636,84.3895,85.53187
2022-01-16 14:05:05.005794,83.64747,84.23475,85.68833
2022-01-16 14:05:05.503914,84.42104,84.751,85.68833
2022-01-16 14:05:06.002023,84.11161,84.699,85.96354
2022-01-16 14:05:06.506725,84.1636,84.54425,85.96354
2022-01-16 14:05:07.004498,84.1636,84.4935,85.17843
2022-01-16 14:05:07.509556,84.26632,84.751,85.17843
2022-01-16 14:05:08.007568,84.57575,84.90575,85.92395
2022-01-16 14:05:08.501322,83.64747,84.184,85.92395
2022-01-16 14:05:09.008381,84.47302,84.699,85.68833
2022-01-16 14:05:09.503001,83.44078,84.02925,85.68833
2022-01-16 14:05:10.503772,84.26632,84.3895,86.71
2022-01-16 14:05:11.001419,83.85417,84.4415,85.25666
2022-01-16 14:05:11.507576,84.31831,84.4935,85.25666
2022-01-16 14:05:12.004444,84.11161,84.85375,86.08135
2022-01-16 14:05:12.510686,84.36905,84.4935,86.08135
2022-01-16 14:05:13.009524,84.00888,84.59625,85.7675
2022-01-16 14:05:13.503901,84.11161,84.4415,85.7675
2022-01-16 14:05:14.001384,84.21434,84.4415,85.6101
2022-01-16 14:05:14.506979,84.62773,85.0605,85.6101
2022-01-16 14:05:15.004996,84.11161,84.184,86.12093
2022-01-16 14:05:15.509098,84.00888,84.59625,86.12093
2022-01-16 14:05:16.007043,84.31831,84.59625,85.84572
2022-01-16 14:05:16.511022,83.7502,84.3895,85.84572
2022-01-16 14:05:17.009262,84.52377,85.0605,85.64968
2022-01-16 14:05:17.505789,83.54475,83.92525,85.64968
2022-01-16 14:05:18.004702,84.57575,84.95775,85.53187
2022-01-16 14:05:18.509716,84.21434,84.23475,85.53187
2022-01-16 14:05:19.007462,84.36905,84.95775,85.96354
2022-01-16 14:05:19.501686,84.26632,84.4415,85.96354
2022-01-16 14:05:20.010971,84.00888,84.4935,86.04176
2022-01-16 14:05:20.505682,84.1636,84.54425,86.04176
2022-01-16 14:05:21.003679,83.9569,84.59625,85.64968
2022-01-16 14:05:21.509086,84.52377,84.90575,85.64968
2022-01-16 14:05:22.006902,83.9569,84.08,85.84572
2022-01-16 14:05:22.501852,84.42104,84.751,85.84572
2022-01-16 14:05:23.001741,84.1636,84.4415,86.31697
2022-01-16 14:05:23.506918,84.26632,84.699,86.31697
2022-01-16 14:05:24.005061,84.47302,84.85375,85.64968
2022-01-16 14:05:24.509614,83.59549,84.23475,85.64968
2022-01-16 14:05:25.007521,84.11161,84.803,86.08135
2022-01-16 14:05:25.501412,84.31831,84.23475,86.08135
2022-01-16 14:05:26.010746,84.21434,84.64825,85.68833
2022-01-16 14:05:26.505017,84.11161,84.33875,85.68833
2022-01-16 14:05:27.002948,84.31831,84.64825,86.08135
2022-01-16 14:05:27.507508,84.11161,84.3895,86.08135
2022-01-16 14:05:28.004682,83.80219,84.59625,86.27739
2022-01-16 14:05:28.509744,84.1636,84.699,86.27739
2022-01-16 14:05:29.009625,83.9569,84.08,85.64968
2022-01-16 14:05:29.504225,84.42104,84.803,85.64968
2022-01-16 14:05:30.002052,84.26632,84.4935,85.53187
2022-01-16 14:05:30.508732,84.52377,85.0085,85.53187
2022-01-16 14:05:31.006424,84.21434,84.4415,86.27739
2022-01-16 14:05:31.510772,83.9569,84.28675,86.27739
2022-01-16 14:05:32.008199,84.21434,84.85375,85.4527
2022-01-16 14:05:32.501438,84.36905,84.699,85.4527
2022-01-16 14:05:33.011020,84.05963,84.59625,85.88531
2022-01-16 14:05:33.506652,84.31831,84.23475,85.88531
2022-01-16 14:05:34.005273,83.9569,84.64825,85.33489
2022-01-16 14:05:34.501807,84.67848,85.0085,85.33489
2022-01-16 14:05:35.010857,84.1636,84.4415,86.04176
2022-01-16 14:05:35.505215,83.9569,84.33875,86.04176
2022-01-16 14:05:36.004090,83.85417,84.28675,85.29625
2022-01-16 14:05:36.508630,84.57575,85.0605,85.29625
2022-01-16 14:05:37.005696,84.21434,84.132,85.80614
2022-01-16 14:05:37.510492,84.31831,84.751,85.80614
2022-01-16 14:05:38.009666,83.69946,84.132,86.04176
2022-01-16 14:05:38.505662,84.31831,84.751,86.04176
2022-01-16 14:05:39.007110,84.67848,84.95775,85.49229
2022-01-16 14:05:39.502218,83.7502,84.33875,85.49229
2022-01-16 14:05:40.001159,84.47302,84.90575,86.59218
2022-01-16 14:05:40.507509,84.1636,84.02925,86.59218
2022-01-16 14:05:41.004741,84.26632,84.699,85.57051
2022-01-16 14:05:41.510123,84.52377,84.699,85.57051
2022-01-16 14:05:42.007922,83.54475,84.02925,85.88531
2022-01-16 14:05:42.503263,84.42104,84.803,85.88531
2022-01-16 14:05:43.010234,83.85417,84.4415,86.19916
2022-01-16 14:05:43.506851,84.57575,85.0085,86.19916
2022-01-16 14:05:44.005936,84.31831,84.3895,85.72791
2022-01-16 14:05:44.501477,84.11161,84.4935,85.72791
2022-01-16 14:05:45.010263,83.85417,84.3895,84.98145
2022-01-16 14:05:45.506099,84.1636,84.54425,84.98145
2022-01-16 14:05:46.004242,84.1636,84.4935,85.25666
2022-01-16 14:05:46.509790,83.69946,84.23475,85.25666
2022-01-16 14:05:47.008052,84.21434,84.803,85.6101
2022-01-16 14:05:47.504230,84.42104,84.4935,85.6101
2022-01-16 14:05:48.004002,84.21434,84.54425,85.4527
2022-01-16 14:05:48.509762,84.36905,84.803,85.4527
2022-01-16 14:05:49.007808,83.7502,84.23475,87.14166
2022-01-16 14:05:49.502452,84.11161,84.4415,87.14166
2022-01-16 14:05:50.001281,84.05963,84.54425,85.68833
2022-01-16 14:05:50.509054,84.1636,84.64825,85.68833
2022-01-16 14:05:51.008125,84.57575,84.699,86.08135
2022-01-16 14:05:51.504071,84.21434,84.4415,86.08135
2022-01-16 14:05:52.002273,84.11161,84.3895,85.4527
2022-01-16 14:05:52.510108,84.31831,84.751,85.4527
2022-01-16 14:05:53.008143,84.36905,84.803,85.4527
2022-01-16 14:05:53.502190,83.85417,84.23475,85.4527
2022-01-16 14:05:54.010603,84.05963,84.4935,85.88531
2022-01-16 14:05:54.505177,84.11161,84.699,85.88531
2022-01-16 14:05:55.002712,84.62773,85.0085,85.84572
2022-01-16 14:05:55.507704,84.21434,84.132,85.84572
2022-01-16 14:05:56.005070,83.80219,84.33875,86.15958
2022-01-16 14:05:56.502948,84.36905,84.54425,86.15958
2022-01-16 14:05:57.001026,84.1636,84.699,86.00312
2022-01-16 14:05:57.505634,83.9569,84.64825,86.00312
2022-01-16 14:05:58.002740,83.80219,84.33875,85.92395
2022-01-16 14:05:58.507854,84.42104,84.751,85.92395
2022-01-16 14:05:59.006024,84.62773,84.751,85.88531
2022-01-16 14:05:59.501114,84.31831,84.59625,85.88531
2022-01-16 14:06:00.008543,84.11161,84.4415,85.64968
2022-01-16 14:06:00.505237,83.9569,84.3895,85.64968
2022-01-16 14:06:01.003088,84.21434,84.64825,86.63083
2022-01-16 14:06:01.508609,82.97664,83.61575,86.63083
2022-01-16 14:06:02.006166,84.62773,84.85375,237.23479
2022-01-16 14:06:02.501849,83.59549,83.71975,237.23479
2022-01-16 14:06:03.001441,84.42104,84.54425,214.53656
2022-01-16 14:06:03.509112,84.57575,84.751,214.53656
2022-01-16 14:06:04.005683,83.44078,83.71975,156.92625
2022-01-16 14:06:04.502412,84.57575,84.85375,156.92625
2022-01-16 14:06:05.010842,83.13135,83.7705,95.78156
2022-01-16 14:06:05.504944,84.47302,84.95775,95.78156
2022-01-16 14:06:06.002691,83.85417,83.7705,95.66375
2022-01-16 14:06:06.508488,83.90492,84.02925,95.66375
2022-01-16 14:06:07.006660,84.36905,84.54425,88.35937
2022-01-16 14:06:07.501138,83.80219,84.02925,88.35937
2022-01-16 14:06:08.009490,84.47302,84.90575,88.595
2022-01-16 14:06:08.504630,83.69946,84.23475,88.595
2022-01-16 14:06:09.010730,84.47302,84.90575,86.04176
2022-01-16 14:06:09.507369,83.85417,84.3895,86.04176
2022-01-16 14:06:10.004578,84.62773,84.803,86.5526
2022-01-16 14:06:10.510823,84.21434,84.3895,86.5526
2022-01-16 14:06:11.010218,83.9569,84.4935,86.67041
2022-01-16 14:06:11.504922,84.11161,84.699,86.67041
2022-01-16 14:06:12.001922,83.90492,84.28675,86.15958
2022-01-16 14:06:12.505385,84.47302,84.95775,86.15958
2022-01-16 14:06:13.005059,84.05963,84.33875,86.63083
2022-01-16 14:06:13.509157,84.11161,84.59625,86.63083
2022-01-16 14:06:14.006905,84.21434,84.3895,85.72791
2022-01-16 14:06:14.501834,84.21434,84.64825,85.72791
2022-01-16 14:06:15.008811,84.52377,84.90575,85.53187
2022-01-16 14:06:15.503072,83.85417,84.3895,85.53187
2022-01-16 14:06:16.001770,84.21434,84.803,86.43479
2022-01-16 14:06:16.506881,83.85417,84.28675,86.43479
2022-01-16 14:06:17.004999,84.42104,84.699,85.7675
2022-01-16 14:06:17.510561,84.31831,84.59625,85.7675
2022-01-16 14:06:18.009105,84.00888,84.28675,87.10208
2022-01-16 14:06:18.506689,84.52377,84.90575,87.10208
2022-01-16 14:06:19.005774,84.11161,84.59625,86.12093
2022-01-16 14:06:19.502195,84.26632,84.59625,86.12093
2022-01-16 14:06:20.010454,83.85417,84.3895,85.49229
2022-01-16 14:06:20.504330,84.52377,84.90575,85.49229
2022-01-16 14:06:21.001892,84.52377,84.54425,85.57051
2022-01-16 14:06:21.505842,84.1636,84.4935,85.57051
2022-01-16 14:06:22.003718,83.9569,84.54425,85.7675
2022-01-16 14:06:22.508638,84.05963,84.59625,85.7675
2022-01-16 14:06:23.006594,84.31831,84.803,86.12093
2022-01-16 14:06:23.502749,83.85417,84.4935,86.12093
2022-01-16 14:06:24.001021,84.47302,84.751,85.41406
2022-01-16 14:06:24.505313,84.52377,84.699,85.41406
2022-01-16 14:06:25.005645,84.21434,84.4415,86.08135
2022-01-16 14:06:25.509898,84.21434,84.803,86.08135
2022-01-16 14:06:26.008775,84.11161,84.54425,85.96354
2022-01-16 14:06:26.502886,84.1636,84.4935,85.96354
2022-01-16 14:06:27.504891,84.47302,84.95775,85.37447
2022-01-16 14:06:28.002756,83.9569,84.28675,85.6101
2022-01-16 14:06:28.507382,84.52377,84.699,85.6101
2022-01-16 14:06:29.005159,84.00888,84.33875,85.17843
2022-01-16 14:06:29.509410,84.05963,84.4935,85.17843
2022-01-16 14:06:30.008057,84.73046,85.318,86.23875
2022-01-16 14:06:30.511084,83.64747,84.132,86.23875
2022-01-16 14:06:31.008681,84.47302,84.751,86.12093
2022-01-16 14:06:31.502508,83.85417,84.33875,86.12093
2022-01-16 14:06:32.001946,84.62773,84.90575,85.33489
2022-01-16 14:06:32.508753,84.1636,84.4415,85.33489
2022-01-16 14:06:33.008317,84.21434,84.54425,85.96354
2022-01-16 14:06:33.503201,84.21434,84.751,85.96354
2022-01-16 14:06:34.001225,84.05963,84.59625,85.80614
2022-01-16 14:06:34.505976,84.31831,84.85375,85.80614
2022-01-16 14:06:35.005771,83.49276,84.184,86.31697
2022-01-16 14:06:35.511107,84.36905,84.59625,86.31697
2022-01-16 14:06:36.008980,84.11161,84.33875,85.92395
2022-01-16 14:06:36.502833,84.26632,84.699,85.92395
2022-01-16 14:06:37.001594,84.57575,84.90575,85.84572
2022-01-16 14:06:37.508523,83.85417,84.184,85.84572
2022-01-16 14:06:38.006266,84.26632,84.803,85.64968
2022-01-16 14:06:38.501711,83.9569,84.64825,85.64968
2022-01-16 14:06:39.010414,84.47302,84.59625,86.08135
2022-01-16 14:06:39.505286,84.42104,84.54425,86.08135
2022-01-16 14:06:40.003277,83.9569,84.184,85.4527
2022-01-16 14:06:40.506813,84.36905,85.0085,85.4527
2022-01-16 14:06:41.005200,84.31831,84.699,85.68833
2022-01-16 14:06:41.510434,84.21434,84.4935,85.68833
2022-01-16 14:06:42.008630,83.49276,84.132,85.64968
2022-01-16 14:06:42.503554,84.1636,84.4935,85.64968
2022-01-16 14:06:43.002316,84.31831,84.64825,85.6101
2022-01-16 14:06:43.507916,83.9569,84.33875,85.6101
2022-01-16 14:06:44.008197,84.31831,84.699,85.88531
2022-01-16 14:06:44.502610,84.00888,84.4935,85.88531
2022-01-16 14:06:45.001200,84.42104,84.59625,86.15958
2022-01-16 14:06:45.505752,83.90492,84.4935,86.15958
2022-01-16 14:06:46.003114,84.1636,84.4935,86.27739
2022-01-16 14:06:46.501181,84.26632,84.4415,86.27739
2022-01-16 14:06:47.009516,84.31831,84.4415,86.15958
2022-01-16 14:06:47.504073,84.36905,84.803,86.15958
2022-01-16 14:06:48.001123,84.21434,84.699,86.3952
2022-01-16 14:06:48.506455,84.47302,84.85375,86.3952
2022-01-16 14:06:49.005386,83.90492,84.33875,85.7675
2022-01-16 14:06:49.510304,84.26632,84.59625,85.7675
2022-01-16 14:06:50.008509,83.90492,84.64825,85.88531
2022-01-16 14:06:50.504580,84.57575,84.90575,85.88531
2022-01-16 14:06:51.003412,84.00888,84.28675,85.41406
2022-01-16 14:06:51.508509,84.05963,84.54425,85.41406
2022-01-16 14:06:52.006921,84.42104,84.751,85.33489
2022-01-16 14:06:53.004084,84.31831,84.699,86.12093
2022-01-16 14:06:53.509109,83.64747,84.23475,86.12093
2022-01-16 14:06:54.005477,84.73046,84.95775,85.7675
2022-01-16 14:06:54.501194,84.31831,84.803,85.7675
2022-01-16 14:06:55.008815,84.1636,84.54425,86.04176
2022-01-16 14:06:55.504623,84.21434,84.699,86.04176
2022-01-16 14:06:56.004569,84.05963,84.4415,85.37447
2022-01-16 14:06:56.509620,84.73046,85.1125,85.37447
2022-01-16 14:06:57.008060,83.64747,84.33875,85.13885
2022-01-16 14:06:57.501523,84.26632,84.3895,85.13885
2022-01-16 14:06:58.009404,84.31831,84.64825,85.96354
2022-01-16 14:06:58.504194,84.1636,84.803,85.96354
2022-01-16 14:06:59.001872,84.36905,84.803,85.96354
2022-01-16 14:06:59.507342,84.11161,84.54425,85.96354
2022-01-16 14:07:00.004867,84.11161,84.28675,85.41406
2022-01-16 14:07:00.507096,83.69946,84.4415,85.41406
2022-01-16 14:07:01.005898,84.88517,85.0085,85.80614
2022-01-16 14:07:01.501200,84.26632,84.4935,85.80614
2022-01-16 14:07:02.009066,84.11161,84.23475,86.35656
2022-01-16 14:07:02.503096,84.11161,84.64825,86.35656
2022-01-16 14:07:03.010211,84.1636,84.4935,85.49229
2022-01-16 14:07:03.504782,84.36905,84.751,85.49229
2022-01-16 14:07:04.001856,83.9569,84.64825,86.27739
2022-01-16 14:07:04.508940,84.11161,84.28675,86.27739
2022-01-16 14:07:05.006947,84.47302,84.803,85.33489
2022-01-16 14:07:05.501709,84.21434,84.4415,85.33489
2022-01-16 14:07:06.009684,84.26632,84.54425,86.08135
2022-01-16 14:07:06.505081,83.90492,84.33875,86.08135
2022-01-16 14:07:07.003235,84.00888,84.28675,85.64968
2022-01-16 14:07:07.508919,84.00888,84.54425,85.64968
2022-01-16 14:07:08.009366,84.1636,84.3895,85.96354
2022-01-16 14:07:08.507176,84.31831,84.751,85.96354
2022-01-16 14:07:09.005240,84.31831,84.4935,86.08135
2022-01-16 14:07:09.509413,84.21434,84.59625,86.08135
2022-01-16 14:07:10.005846,84.31831,84.699,86.43479
2022-01-16 14:07:10.509960,84.31831,84.64825,86.43479
2022-01-16 14:07:11.008756,83.85417,84.3895,85.25666
2022-01-16 14:07:11.503489,84.00888,84.33875,85.25666
2022-01-16 14:07:12.001245,84.1636,84.803,85.64968
2022-01-16 14:07:12.506255,84.1636,84.3895,85.64968
2022-01-16 14:07:13.004578,84.36905,84.64825,85.88531
2022-01-16 14:07:13.510643,84.21434,84.64825,85.88531
2022-01-16 14:07:14.008597,84.26632,84.64825,86.35656
2022-01-16 14:07:14.502210,84.05963,84.59625,86.35656
2022-01-16 14:07:15.001509,84.67848,84.95775,86.12093
2022-01-16 14:07:15.507286,83.18334,83.8225,86.12093
2022-01-16 14:07:16.006201,84.78245,84.95775,85.57051
2022-01-16 14:07:16.501485,84.21434,84.4935,85.57051
2022-01-16 14:07:17.011059,84.11161,84.4935,85.68833
2022-01-16 14:07:17.510881,84.31831,84.699,85.68833
2022-01-16 14:07:18.008159,83.9569,84.3895,85.41406
2022-01-16 14:07:18.502988,84.57575,84.95775,85.41406
2022-01-16 14:07:19.010893,83.64747,84.4935,85.7675
2022-01-16 14:07:19.505384,84.42104,84.803,85.7675
2022-01-16 14:07:20.004659,84.21434,84.54425,85.53187
2022-01-16 14:07:20.509657,84.26632,84.4935,85.53187
2022-01-16 14:07:21.007138,84.26632,84.59625,86.51301
2022-01-16 14:07:21.501279,84.11161,84.59625,86.51301
2022-01-16 14:07:22.010684,84.21434,84.4415,85.72791
2022-01-16 14:07:22.506227,83.64747,84.4935,85.72791
2022-01-16 14:07:23.004478,84.36905,84.59625,85.57051
2022-01-16 14:07:23.502105,84.31831,84.59625,85.57051
2022-01-16 14:07:24.010295,84.31831,84.59625,85.64968
2022-01-16 14:07:24.504948,84.47302,84.90575,85.64968
2022-01-16 14:07:25.003126,83.85417,84.4415,85.37447
2022-01-16 14:07:25.509384,84.52377,84.85375,85.37447
2022-01-16 14:07:26.007282,83.80219,84.4415,85.64968
2022-01-16 14:07:26.503501,84.00888,84.33875,85.64968
2022-01-16 14:07:27.011218,84.1636,84.64825,85.33489
2022-01-16 14:07:27.505846,84.21434,84.64825,85.33489
2022-01-16 14:07:28.004311,84.42104,84.64825,85.64968
2022-01-16 14:07:28.510737,84.05963,84.64825,85.64968
2022-01-16 14:07:29.009514,84.11161,84.3895,86.04176
2022-01-16 14:07:29.503738,84.36905,84.95775,86.04176
2022-01-16 14:07:30.002825,84.05963,84.28675,86.31697
2022-01-16 14:07:30.507260,84.26632,84.95775,86.31697
2022-01-16 14:07:31.007402,83.85417,84.02925,85.25666
2022-01-16 14:07:31.501666,84.57575,84.803,85.25666
2022-01-16 14:07:32.010702,84.00888,84.4935,86.15958
2022-01-16 14:07:32.506776,84.31831,84.4935,86.15958
2022-01-16 14:07:33.004810,83.90492,84.4415,85.96354
2022-01-16 14:07:33.510783,84.21434,84.54425,85.96354
2022-01-16 14:07:34.010936,83.7502,84.4935,85.21708
2022-01-16 14:07:34.504392,84.42104,84.4415,85.21708
2022-01-16 14:07:35.002430,84.31831,84.4935,85.68833
2022-01-16 14:07:35.510477,84.05963,84.4935,85.68833
2022-01-16 14:07:36.007393,84.05963,84.23475,85.4527
2022-01-16 14:07:36.503175,83.80219,84.3895,85.4527
2022-01-16 14:07:37.001615,84.57575,84.64825,85.33489
2022-01-16 14:07:37.507863,83.85417,84.751,85.33489
2022-01-16 14:07:38.005713,84.26632,84.59625,86.31697
2022-01-16 14:07:38.509859,84.36905,84.28675,86.31697
2022-01-16 14:07:39.008134,84.21434,84.4935,85.41406
2022-01-16 14:07:39.503523,84.26632,84.54425,85.41406
2022-01-16 14:07:40.003094,83.80219,84.33875,85.96354
2022-01-16 14:07:40.507547,84.42104,84.751,85.96354
2022-01-16 14:07:41.005627,83.49276,84.33875,85.64968
2022-01-16 14:07:41.511019,84.73046,85.0085,85.64968
2022-01-16 14:07:42.007849,84.05963,84.132,85.41406
2022-01-16 14:07:42.501385,84.31831,84.54425,85.41406
2022-01-16 14:07:43.009224,84.57575,84.90575,86.67041
2022-01-16 14:07:43.505007,83.59549,84.08,86.67041
2022-01-16 14:07:44.002580,84.26632,84.54425,85.68833
2022-01-16 14:07:44.509990,83.9569,84.699,85.68833
2022-01-16 14:07:45.008373,84.36905,84.699,85.84572
2022-01-16 14:07:45.507245,83.90492,84.28675,85.84572
2022-01-16 14:07:46.005004,84.52377,84.59625,85.72791
2022-01-16 14:07:46.509796,84.00888,84.132,85.72791
2022-01-16 14:07:47.009223,84.1636,84.64825,86.19916
2022-01-16 14:07:47.505124,84.26632,84.59625,86.19916
2022-01-16 14:07:48.002849,83.69946,84.4415,85.4527
2022-01-16 14:07:48.508254,84.26632,84.751,85.4527
2022-01-16 14:07:49.007053,83.90492,84.3895,86.51301
2022-01-16 14:07:49.503035,84.42104,84.64825,86.51301
2022-01-16 14:07:50.001131,84.62773,84.803,85.68833
2022-01-16 14:07:50.507378,83.85417,84.28675,85.68833
2022-01-16 14:07:51.006530,84.21434,84.23475,85.53187
2022-01-16 14:07:51.501401,84.11161,84.803,85.53187
2022-01-16 14:07:52.009739,84.05963,84.4935,85.88531
2022-01-16 14:07:52.504018,83.85417,84.54425,85.88531
2022-01-16 14:07:53.001623,84.05963,84.23475,85.53187
2022-01-16 14:07:53.509157,84.26632,84.4935,85.53187
2022-01-16 14:07:54.007352,84.57575,85.1125,85.33489
2022-01-16 14:07:54.501820,83.85417,84.02925,85.33489
2022-01-16 14:07:55.010200,84.21434,84.85375,85.68833
2022-01-16 14:07:55.506244,84.26632,84.54425,85.68833
2022-01-16 14:07:56.005136,83.7502,84.54425,85.06062
2022-01-16 14:07:56.508135,84.31831,84.64825,85.06062
2022-01-16 14:07:57.005395,84.26632,84.23475,86.63083
2022-01-16 14:07:57.501168,84.11161,84.59625,86.63083
2022-01-16 14:07:58.010659,84.47302,84.751,85.92395
2022-01-16 14:07:58.505453,83.9569,84.64825,85.92395
2022-01-16 14:07:59.004141,83.90492,84.28675,85.80614
2022-01-16 14:07:59.509777,84.00888,84.85375,85.80614
2022-01-16 14:08:00.008241,84.26632,84.4415,86.43479
2022-01-16 14:08:00.503758,84.21434,84.64825,86.43479
2022-01-16 14:08:01.002450,84.36905,84.85375,85.4527
2022-01-16 14:08:01.507616,84.26632,84.4935,85.4527
2022-01-16 14:08:02.007057,83.85417,84.3895,85.68833
2022-01-16 14:08:02.502500,84.47302,84.85375,85.68833
2022-01-16 14:08:03.010511,83.49276,84.33875,85.7675
2022-01-16 14:08:03.505085,84.73046,84.90575,85.7675
2022-01-16 14:08:04.002009,83.85417,84.02925,85.6101
2022-01-16 14:08:04.507142,84.31831,84.59625,85.6101
2022-01-16 14:08:05.005087,84.57575,84.85375,85.80614
2022-01-16 14:08:05.508857,83.90492,84.4935,85.80614
2022-01-16 14:08:06.006943,84.31831,84.54425,85.96354
2022-01-16 14:08:06.501859,83.90492,84.54425,85.96354
2022-01-16 14:08:07.009883,84.11161,84.4935,85.7675
2022-01-16 14:08:07.506418,84.26632,84.751,85.7675
2022-01-16 14:08:08.004374,84.26632,84.4415,85.7675
2022-01-16 14:08:08.510457,84.26632,84.54425,85.7675
2022-01-16 14:08:09.008666,84.26632,84.85375,86.27739
2022-01-16 14:08:09.502330,84.21434,84.64825,86.27739
2022-01-16 14:08:10.010247,83.90492,84.4415,85.84572
2022-01-16 14:08:10.504674,84.62773,84.803,85.84572
2022-01-16 14:08:11.001767,83.64747,84.23475,86.47437
2022-01-16 14:08:11.507982,84.52377,84.90575,86.47437
2022-01-16 14:08:12.006214,84.31831,84.28675,85.68833
2022-01-16 14:08:13.004838,83.80219,83.8745,85.21708
2022-01-16 14:08:13.509405,84.47302,85.16325,85.21708
2022-01-16 14:08:14.007368,83.90492,84.28675,85.53187
2022-01-16 14:08:14.502041,83.9569,84.64825,85.53187
2022-01-16 14:08:15.010776,84.05963,84.28675,85.64968
2022-01-16 14:08:15.506732,84.36905,84.3895,85.64968
2022-01-16 14:08:16.003153,84.57575,85.0605,85.57051
2022-01-16 14:08:16.507439,84.21434,84.33875,85.57051
2022-01-16 14:08:17.004208,84.1636,84.64825,86.15958
2022-01-16 14:08:17.509255,83.80219,83.92525,86.15958
2022-01-16 14:08:18.007808,84.05963,84.85375,85.6101
2022-01-16 14:08:18.507277,84.31831,84.803,85.6101
2022-01-16 14:08:19.010790,84.11161,84.08,86.35656
2022-01-16 14:08:19.504625,84.26632,84.699,86.35656
2022-01-16 14:08:20.005635,84.1636,84.33875,86.04176
2022-01-16 14:08:20.508680,84.00888,84.85375,86.04176
2022-01-16 14:08:21.001254,84.21434,84.4935,86.04176
2022-01-16 14:08:21.501737,84.00888,84.64825,86.04176
2022-01-16 14:08:22.004725,83.85417,84.23475,85.29625
2022-01-16 14:08:22.502117,84.21434,84.54425,85.29625
2022-01-16 14:08:23.007722,84.00888,84.23475,85.57051
2022-01-16 14:08:23.510901,83.90492,83.8225,85.57051
2022-01-16 14:08:24.009029,83.7502,84.23475,235.34979
2022-01-16 14:08:24.503448,84.47302,84.64825,235.34979
2022-01-16 14:08:25.002303,83.9569,84.28675,229.57697
2022-01-16 14:08:25.511018,84.00888,84.33875,229.57697
2022-01-16 14:08:26.008739,84.05963,84.28675,185.75072
2022-01-16 14:08:26.502197,83.80219,83.97725,185.75072
2022-01-16 14:08:27.009886,84.57575,84.4935,123.4675
2022-01-16 14:08:27.503805,83.44078,83.97725,123.4675
2022-01-16 14:08:28.001999,84.21434,84.4415,91.46114
2022-01-16 14:08:28.507353,84.05963,84.3895,91.46114
2022-01-16 14:08:29.005481,83.9569,84.28675,96.84187
2022-01-16 14:08:29.509744,83.85417,84.28675,96.84187
2022-01-16 14:08:30.009792,83.90492,84.08,87.77031
2022-01-16 14:08:30.504062,84.73046,84.751,87.77031
2022-01-16 14:08:31.002081,84.31831,84.95775,86.3952
2022-01-16 14:08:31.507003,84.00888,84.4935,86.3952
2022-01-16 14:08:32.005646,84.1636,84.54425,86.51301
2022-01-16 14:08:32.501125,84.36905,84.64825,86.51301
2022-01-16 14:08:33.008391,83.80219,84.3895,86.43479
2022-01-16 14:08:33.503086,84.31831,84.803,86.43479
2022-01-16 14:08:34.011237,84.26632,84.184,86.47437
2022-01-16 14:08:34.508520,84.36905,84.90575,86.47437
2022-01-16 14:08:35.006323,84.21434,84.54425,86.23875
2022-01-16 14:08:35.501273,83.7502,84.33875,86.23875
2022-01-16 14:08:36.010483,84.73046,84.85375,87.41687
2022-01-16 14:08:36.510240,84.00888,84.64825,87.41687
2022-01-16 14:08:37.008121,84.31831,84.699,86.82781
2022-01-16 14:08:37.504660,84.21434,84.33875,86.82781
2022-01-16 14:08:38.001890,84.05963,84.64825,86.04176
2022-01-16 14:08:38.506919,84.42104,84.699,86.04176
2022-01-16 14:08:39.005253,84.00888,84.699,85.6101
2022-01-16 14:08:39.501710,84.11161,84.4935,85.6101
2022-01-16 14:08:40.001153,83.9569,84.64825,85.64968
2022-01-16 14:08:40.508420,84.42104,84.751,85.64968
2022-01-16 14:08:41.005698,84.36905,84.4415,85.33489
2022-01-16 14:08:41.511079,84.36905,84.803,85.33489
2022-01-16 14:08:42.008677,84.1636,84.4415,85.72791
2022-01-16 14:08:42.503011,83.80219,84.4415,85.72791
2022-01-16 14:08:43.010236,84.67848,84.751,86.00312
2022-01-16 14:08:43.506666,83.85417,84.4935,86.00312
2022-01-16 14:08:44.003785,84.21434,84.699,86.5526
2022-01-16 14:08:44.507891,84.11161,84.3895,86.5526
2022-01-16 14:08:45.005249,84.00888,84.4415,85.53187
2022-01-16 14:08:45.510694,84.67848,84.803,85.53187
2022-01-16 14:08:46.009064,84.31831,84.803,86.27739
2022-01-16 14:08:46.503504,83.80219,84.08,86.27739
2022-01-16 14:08:47.002822,84.26632,84.90575,85.6101
2022-01-16 14:08:47.507905,84.26632,84.64825,85.6101
2022-01-16 14:08:48.006289,84.21434,84.64825,85.80614
2022-01-16 14:08:48.510819,84.26632,84.64825,85.80614
2022-01-16 14:08:49.008908,84.36905,84.64825,85.57051
2022-01-16 14:08:49.503197,84.1636,84.751,85.57051
2022-01-16 14:08:50.000956,84.26632,84.4935,85.92395
2022-01-16 14:08:50.506059,84.00888,84.4415,85.92395
2022-01-16 14:08:51.005441,84.05963,84.54425,86.43479
2022-01-16 14:08:51.511094,84.05963,84.59625,86.43479
2022-01-16 14:08:52.009009,84.31831,84.699,85.29625
2022-01-16 14:08:52.507046,84.57575,84.3895,85.29625
2022-01-16 14:08:53.004690,84.21434,84.751,85.96354
2022-01-16 14:08:53.509675,84.31831,84.54425,85.96354
2022-01-16 14:08:54.006002,83.80219,84.23475,85.92395
2022-01-16 14:08:54.501631,84.36905,84.803,85.92395
2022-01-16 14:08:55.010806,83.85417,84.3895,85.57051
2022-01-16 14:08:55.505504,84.42104,84.90575,85.57051
2022-01-16 14:08:56.003011,83.9569,84.132,85.57051
2022-01-16 14:08:56.508749,84.47302,84.85375,85.57051
2022-01-16 14:08:57.007075,84.57575,84.699,85.80614
2022-01-16 14:08:57.503838,83.9569,84.4415,85.80614
2022-01-16 14:08:58.002609,84.47302,84.95775,85.6101
2022-01-16 14:08:58.507845,83.44078,83.97725,85.6101
2022-01-16 14:08:59.006471,84.42104,84.90575,86.19916
2022-01-16 14:08:59.501645,84.05963,84.33875,86.19916
2022-01-16 14:09:00.001957,84.26632,84.90575,85.84572
2022-01-16 14:09:00.508239,84.26632,84.3895,85.84572
2022-01-16 14:09:01.006309,84.21434,84.64825,85.72791
2022-01-16 14:09:01.502815,84.57575,84.85375,85.72791
2022-01-16 14:09:02.011039,83.80219,84.33875,86.71
2022-01-16 14:09:02.504376,84.21434,84.90575,86.71
2022-01-16 14:09:03.001151,83.85417,84.184,85.7675
2022-01-16 14:09:03.505768,84.36905,84.751,85.7675
2022-01-16 14:09:04.005382,84.26632,84.3895,85.72791
2022-01-16 14:09:04.510280,84.21434,84.85375,85.72791
2022-01-16 14:09:05.010082,84.1636,84.3895,85.64968
2022-01-16 14:09:05.504033,84.05963,84.54425,85.64968
2022-01-16 14:09:06.002253,84.1636,84.54425,85.80614
2022-01-16 14:09:06.507121,83.90492,84.28675,85.80614
2022-01-16 14:09:07.004233,84.36905,84.95775,85.72791
2022-01-16 14:09:07.509837,84.47302,84.4415,85.72791
2022-01-16 14:09:08.007538,83.9569,84.4935,85.64968
2022-01-16 14:09:08.502308,84.1636,84.54425,85.64968
2022-01-16 14:09:09.010577,84.1636,84.751,85.37447
2022-01-16 14:09:09.505471,84.21434,84.64825,85.37447
2022-01-16 14:09:10.003335,83.80219,84.4415,86.23875
2022-01-16 14:09:10.504627,84.31831,84.64825,86.23875
2022-01-16 14:09:11.010892,84.21434,84.33875,85.92395
2022-01-16 14:09:11.505040,84.36905,84.85375,85.92395
2022-01-16 14:09:12.002578,84.1636,84.64825,86.86645
2022-01-16 14:09:12.508753,84.1636,84.54425,86.86645
2022-01-16 14:09:13.006355,84.05963,84.28675,86.27739
2022-01-16 14:09:13.502387,83.90492,84.59625,86.27739
2022-01-16 14:09:14.001258,84.62773,85.1125,86.19916
2022-01-16 14:09:14.506412,84.00888,84.02925,86.19916
2022-01-16 14:09:15.006110,84.26632,84.64825,85.53187
2022-01-16 14:09:16.005415,84.1636,84.54425,86.04176
2022-01-16 14:09:16.509691,84.31831,84.54425,86.04176
2022-01-16 14:09:17.006220,83.85417,84.33875,85.88531
2022-01-16 14:09:17.510982,84.26632,84.85375,85.88531
2022-01-16 14:09:18.009304,83.9569,84.08,85.64968
2022-01-16 14:09:18.504606,84.57575,84.90575,85.64968
2022-01-16 14:09:19.001808,83.85417,84.28675,86.08135
2022-01-16 14:09:19.509153,84.26632,84.64825,86.08135
2022-01-16 14:09:20.006523,84.26632,84.803,85.37447
2022-01-16 14:09:20.510420,83.59549,84.08,85.37447
2022-01-16 14:09:21.008531,84.73046,85.16325,85.64968
2022-01-16 14:09:21.503877,83.90492,84.02925,85.64968
2022-01-16 14:09:22.001968,84.62773,84.95775,85.92395
2022-01-16 14:09:22.507875,84.42104,84.64825,85.92395
2022-01-16 14:09:23.005457,83.69946,84.23475,85.06062
2022-01-16 14:09:23.510663,84.47302,84.64825,85.06062
2022-01-16 14:09:24.009674,83.69946,83.92525,86.04176
2022-01-16 14:09:24.506712,84.42104,85.0085,86.04176
2022-01-16 14:09:25.004989,84.05963,84.4415,86.12093
2022-01-16 14:09:25.509830,84.26632,84.59625,86.12093
2022-01-16 14:09:26.008513,84.47302,84.54425,85.49229
2022-01-16 14:09:26.502093,84.42104,84.85375,85.49229
2022-01-16 14:09:27.010682,84.00888,84.54425,85.6101
2022-01-16 14:09:27.505975,84.05963,84.3895,85.6101
2022-01-16 14:09:28.004774,84.1636,84.4935,85.4527
2022-01-16 14:09:28.502705,83.69946,84.33875,85.4527
2022-01-16 14:09:29.504575,84.31831,84.33875,86.08135
2022-01-16 14:09:30.003469,84.26632,84.751,86.47437
2022-01-16 14:09:30.507386,84.36905,84.4935,86.47437
2022-01-16 14:09:31.005696,84.11161,84.699,85.41406
2022-01-16 14:09:31.510537,84.1636,84.751,85.41406
2022-01-16 14:09:32.008785,83.7502,84.3895,86.15958
2022-01-16 14:09:32.504398,84.47302,84.803,86.15958
2022-01-16 14:09:33.001665,84.36905,84.3895,86.15958
2022-01-16 14:09:33.510823,84.31831,84.59625,86.15958
2022-01-16 14:09:34.009615,84.26632,84.59625,86.27739
2022-01-16 14:09:34.503807,84.11161,84.4415,86.27739
2022-01-16 14:09:35.001894,84.11161,84.64825,85.57051
2022-01-16 14:09:35.507997,83.59549,84.23475,85.57051
2022-01-16 14:09:36.006374,84.31831,84.803,85.57051
2022-01-16 14:09:36.501140,84.67848,84.85375,85.57051
2022-01-16 14:09:37.011017,84.1636,84.33875,85.84572
2022-01-16 14:09:37.506418,84.05963,84.23475,85.84572
2022-01-16 14:09:38.004750,84.11161,84.59625,85.92395
2022-01-16 14:09:38.508467,84.57575,85.0605,85.92395
2022-01-16 14:09:39.007214,83.9569,84.3895,86.31697
2022-01-16 14:09:39.501147,84.11161,84.64825,86.31697
2022-01-16 14:09:40.008745,84.21434,84.3895,85.92395
2022-01-16 14:09:40.504771,84.47302,84.803,85.92395
2022-01-16 14:09:41.002285,84.21434,84.4935,86.5526
2022-01-16 14:09:41.507431,84.00888,84.23475,86.5526
2022-01-16 14:09:42.006783,84.47302,85.0085,86.04176
2022-01-16 14:09:42.511026,83.85417,84.3895,86.04176
2022-01-16 14:09:43.008706,84.42104,84.90575,85.68833
2022-01-16 14:09:43.503530,83.85417,84.08,85.68833
2022-01-16 14:09:44.001826,84.21434,84.54425,85.6101
2022-01-16 14:09:44.507322,84.47302,84.64825,85.6101
2022-01-16 14:09:45.004205,83.90492,84.3895,85.49229
2022-01-16 14:09:45.509952,84.47302,84.803,85.49229
2022-01-16 14:09:46.009128,83.9569,84.54425,85.96354
2022-01-16 14:09:46.506090,84.52377,85.0085,85.96354
2022-01-16 14:09:47.004139,83.80219,84.33875,86.00312
2022-01-16 14:09:47.505833,84.36905,84.64825,86.00312
2022-01-16 14:09:48.002575,84.52377,84.59625,85.57051
2022-01-16 14:09:48.507388,83.90492,84.132,85.57051
2022-01-16 14:09:49.005364,84.26632,84.803,85.7675
2022-01-16 14:09:49.510429,83.85417,84.33875,85.7675
2022-01-16 14:09:50.007836,84.31831,84.64825,86.23875
2022-01-16 14:09:50.504676,83.9569,84.4415,86.23875
2022-01-16 14:09:51.003193,84.47302,84.59625,85.80614
2022-01-16 14:09:51.508836,84.31831,84.4935,85.80614
2022-01-16 14:09:52.006670,84.21434,84.3895,85.6101
2022-01-16 14:09:52.501732,84.21434,84.54425,85.6101
2022-01-16 14:09:53.009494,84.05963,84.59625,85.88531
2022-01-16 14:09:53.503805,84.26632,84.59625,85.88531
2022-01-16 14:09:54.001722,83.64747,84.23475,85.72791
2022-01-16 14:09:54.506990,84.78245,84.85375,85.72791
2022-01-16 14:09:55.008020,84.21434,84.59625,85.88531
2022-01-16 14:09:55.504118,84.26632,84.59625,85.88531
2022-01-16 14:09:56.001112,83.9569,84.4415,85.49229
2022-01-16 14:09:56.505757,84.00888,84.4415,85.49229
2022-01-16 14:09:57.004219,84.36905,84.90575,86.31697
2022-01-16 14:09:57.507898,83.85417,84.3895,86.31697
2022-01-16 14:09:58.005196,83.90492,84.33875,85.88531
2022-01-16 14:09:58.511115,84.47302,84.751,85.88531
2022-01-16 14:09:59.009832,84.57575,84.64825,85.84572
2022-01-16 14:09:59.505739,83.90492,84.4415,85.84572
2022-01-16 14:10:00.004869,83.7502,84.23475,85.80614
2022-01-16 14:10:00.509207,84.57575,84.95775,85.80614
2022-01-16 14:10:01.007365,83.80219,84.08,85.72791
2022-01-16 14:10:01.511084,84.42104,84.85375,85.72791
2022-01-16 14:10:02.010353,83.90492,84.3895,85.4527
2022-01-16 14:10:02.505766,84.31831,84.4415,85.4527
2022-01-16 14:10:03.003185,84.67848,84.803,85.96354
2022-01-16 14:10:03.509014,83.90492,84.28675,85.96354
2022-01-16 14:10:04.006905,84.26632,84.803,85.6101
2022-01-16 14:10:04.501044,83.9569,84.23475,85.6101
2022-01-16 14:10:05.010669,84.1636,84.59625,86.59218
2022-01-16 14:10:05.506310,83.9569,84.54425,86.59218
2022-01-16 14:10:06.003574,84.21434,84.54425,86.23875
2022-01-16 14:10:06.508145,84.78245,85.0085,86.23875
2022-01-16 14:10:07.005813,83.9569,84.23475,86.00312
2022-01-16 14:10:07.501521,84.62773,85.1125,86.00312
2022-01-16 14:10:08.010206,84.00888,84.28675,86.00312
2022-01-16 14:10:08.505526,84.11161,84.59625,86.00312
2022-01-16 14:10:09.004066,83.49276,84.132,86.78822
2022-01-16 14:10:09.509730,84.57575,84.699,86.78822
2022-01-16 14:10:10.007405,84.36905,84.4935,86.3952
2022-01-16 14:10:10.501647,84.1636,84.699,86.3952
2022-01-16 14:10:11.001251,84.26632,84.699,85.6101
2022-01-16 14:10:11.505617,84.05963,84.4415,85.6101
2022-01-16 14:10:12.003890,84.36905,84.85375,86.04176
2022-01-16 14:10:12.511168,83.69946,84.3895,86.04176
2022-01-16 14:10:13.010072,84.31831,84.64825,85.72791
2022-01-16 14:10:13.504751,84.31831,84.59625,85.72791
2022-01-16 14:10:14.002016,84.21434,84.3895,85.72791
2022-01-16 14:10:14.507418,84.26632,84.699,85.72791
2022-01-16 14:10:15.005851,84.1636,84.751,85.80614
2022-01-16 14:10:15.510142,84.62773,84.95775,85.80614
2022-01-16 14:10:16.007226,83.39003,84.132,85.72791
2022-01-16 14:10:16.502571,84.42104,84.699,85.72791
2022-01-16 14:10:17.011115,84.21434,84.4935,86.00312
2022-01-16 14:10:17.505745,84.42104,84.751,86.00312
2022-01-16 14:10:18.004654,84.05963,84.3895,85.57051
2022-01-16 14:10:18.509718,84.11161,84.59625,85.57051
2022-01-16 14:10:19.007455,84.52377,84.699,85.64968
2022-01-16 14:10:19.501868,83.90492,84.4415,85.64968
2022-01-16 14:10:20.001107,84.26632,84.699,85.92395
2022-01-16 14:10:20.505705,83.7502,84.132,85.92395
2022-01-16 14:10:21.003494,84.52377,84.699,86.12093
2022-01-16 14:10:21.508845,84.47302,84.85375,86.12093
2022-01-16 14:10:22.005493,84.1636,84.64825,85.21708
2022-01-16 14:10:22.511009,84.21434,84.4935,85.21708
2022-01-16 14:10:23.009106,84.00888,84.54425,86.04176
2022-01-16 14:10:23.503606,84.31831,84.4935,86.04176
2022-01-16 14:10:24.010692,83.9569,84.64825,86.23875
2022-01-16 14:10:24.504946,84.11161,84.4935,86.23875
2022-01-16 14:10:25.002360,84.52377,84.751,86.08135
2022-01-16 14:10:25.506040,83.90492,84.3895,86.08135
2022-01-16 14:10:26.001490,84.57575,84.95775,86.59218
2022-01-16 14:10:26.507788,83.85417,84.28675,86.59218
2022-01-16 14:10:27.005865,84.62773,85.0085,85.80614
2022-01-16 14:10:27.501652,83.69946,84.184,85.80614
2022-01-16 14:10:28.002339,84.47302,84.699,86.31697
2022-01-16 14:10:28.507455,84.67848,84.95775,86.31697
2022-01-16 14:10:29.004801,83.54475,84.02925,85.88531
2022-01-16 14:10:29.509604,84.31831,84.751,85.88531
2022-01-16 14:10:30.006439,83.9569,84.3895,85.37447
2022-01-16 14:10:30.503552,84.36905,84.59625,85.37447
2022-01-16 14:10:31.002753,84.05963,84.699,86.00312
2022-01-16 14:10:31.508528,83.9569,84.02925,86.00312
2022-01-16 14:10:32.005559,84.62773,84.803,85.92395
2022-01-16 14:10:32.510341,84.26632,84.4415,85.92395
2022-01-16 14:10:33.007589,84.05963,84.33875,85.41406
2022-01-16 14:10:33.502183,83.9569,84.3895,85.41406
2022-01-16 14:10:34.011092,84.67848,84.90575,85.53187
2022-01-16 14:10:34.506039,83.69946,84.23475,85.53187
2022-01-16 14:10:35.006294,84.36905,84.4415,85.37447
2022-01-16 14:10:35.501243,84.11161,84.4415,85.37447
2022-01-16 14:10:36.009434,84.42104,84.803,86.15958
2022-01-16 14:10:36.503796,84.11161,84.3895,86.15958
2022-01-16 14:10:37.001261,84.11161,84.59625,86.19916
2022-01-16 14:10:37.506758,84.26632,84.64825,86.19916
2022-01-16 14:10:38.005128,83.9569,84.699,86.04176
2022-01-16 14:10:38.501566,84.1636,84.08,86.04176
2022-01-16 14:10:39.001833,83.9569,84.4415,85.13885
2022-01-16 14:10:39.505150,84.57575,84.699,85.13885
2022-01-16 14:10:40.003216,84.1636,84.4935,85.88531
2022-01-16 14:10:40.508549,84.00888,84.54425,85.88531
2022-01-16 14:10:41.006727,84.26632,84.54425,85.09926
2022-01-16 14:10:41.501188,83.80219,84.28675,85.09926
2022-01-16 14:10:42.009070,84.57575,84.90575,85.64968
2022-01-16 14:10:42.504452,83.54475,84.23475,85.64968
2022-01-16 14:10:43.001394,84.42104,84.64825,86.31697
2022-01-16 14:10:43.506433,84.36905,84.54425,86.31697
2022-01-16 14:10:44.005235,83.90492,84.28675,85.41406
2022-01-16 14:10:44.510988,84.42104,84.699,85.41406
2022-01-16 14:10:45.007827,83.7502,84.28675,85.84572
2022-01-16 14:10:45.503464,84.11161,84.3895,85.84572
2022-01-16 14:10:46.001779,83.08061,83.66775,89.3801
2022-01-16 14:10:46.508297,84.67848,84.751,89.3801
2022-01-16 14:10:47.005966,84.21434,84.3895,238.68812
2022-01-16 14:10:47.501986,83.90492,84.02925,238.68812
2022-01-16 14:10:48.003538,84.52377,84.699,216.69583
2022-01-16 14:10:48.507903,84.21434,84.64825,216.69583
2022-01-16 14:10:49.005826,83.9569,84.08,143.45604
2022-01-16 14:10:49.510047,83.44078,84.23475,143.45604
2022-01-16 14:10:50.008489,84.00888,84.23475,93.73916
2022-01-16 14:10:50.504678,84.52377,84.803,93.73916
2022-01-16 14:10:51.001937,83.90492,83.97725,96.29145
2022-01-16 14:10:51.506224,84.31831,84.54425,96.29145
2022-01-16 14:10:52.004998,83.90492,84.132,91.54031
2022-01-16 14:10:52.511125,84.52377,84.64825,91.54031
2022-01-16 14:10:53.009152,84.11161,84.699,89.92958
2022-01-16 14:10:53.504422,83.64747,84.184,89.92958
2022-01-16 14:10:54.001903,84.52377,84.95775,86.74864
2022-01-16 14:10:54.507486,84.21434,84.3895,86.74864
2022-01-16 14:10:55.005678,84.21434,84.4935,86.74864
2022-01-16 14:10:55.510795,83.90492,84.54425,86.74864
2022-01-16 14:10:56.008790,84.52377,84.699,86.12093
2022-01-16 14:10:56.503027,84.05963,84.64825,86.12093
2022-01-16 14:10:57.010903,84.36905,84.64825,86.59218
2022-01-16 14:10:57.505590,83.80219,84.4415,86.59218
2022-01-16 14:10:58.002564,84.26632,84.54425,87.29906
2022-01-16 14:10:58.508002,84.88517,85.1125,87.29906
2022-01-16 14:10:59.007070,83.69946,84.23475,86.19916
2022-01-16 14:10:59.501807,84.42104,84.64825,86.19916
2022-01-16 14:11:00.009588,83.90492,84.54425,85.64968
2022-01-16 14:11:00.505441,84.36905,84.751,85.64968
2022-01-16 14:11:01.002915,83.9569,84.64825,86.47437
2022-01-16 14:11:01.509023,84.31831,84.54425,86.47437
2022-01-16 14:11:02.006411,84.31831,84.4935,86.43479
2022-01-16 14:11:02.501126,84.1636,84.59625,86.43479
2022-01-16 14:11:03.008352,84.52377,84.699,86.23875
2022-01-16 14:11:03.502515,84.1636,84.59625,86.23875
2022-01-16 14:11:04.010453,84.31831,84.54425,85.37447
2022-01-16 14:11:04.505148,83.80219,84.64825,85.37447
2022-01-16 14:11:05.004768,84.57575,84.699,85.68833
2022-01-16 14:11:05.509651,84.31831,84.28675,85.68833
2022-01-16 14:11:06.008198,84.1636,84.699,85.49229
2022-01-16 14:11:06.503635,83.90492,84.28675,85.49229
2022-01-16 14:11:07.003040,84.05963,84.59625,85.64968
2022-01-16 14:11:07.507164,84.62773,84.85375,85.64968
2022-01-16 14:11:08.004735,83.9569,84.85375,86.31697
2022-01-16 14:11:08.502500,84.21434,84.4935,86.31697
2022-01-16 14:11:09.010290,84.57575,84.699,85.17843
2022-01-16 14:11:09.507390,84.11161,84.54425,85.17843
2022-01-16 14:11:10.005212,84.1636,84.4415,85.96354
2022-01-16 14:11:10.510607,84.1636,84.803,85.96354
2022-01-16 14:11:11.008543,84.05963,84.4415,85.57051
2022-01-16 14:11:11.503149,84.00888,84.751,85.57051
2022-01-16 14:11:12.000939,84.52377,84.85375,85.21708
2022-01-16 14:11:12.505495,84.47302,84.699,85.21708
2022-01-16 14:11:13.003781,84.57575,84.85375,86.71
2022-01-16 14:11:13.508127,84.05963,84.23475,86.71
2022-01-16 14:11:14.008552,83.85417,84.4935,85.64968
2022-01-16 14:11:14.503501,84.31831,84.64825,85.64968
2022-01-16 14:11:15.001599,83.9569,84.751,85.17843
2022-01-16 14:11:15.508492,84.05963,84.4935,85.17843
2022-01-16 14:11:16.004992,84.1636,84.59625,86.27739
2022-01-16 14:11:16.510354,84.26632,84.4935,86.27739
2022-01-16 14:11:17.008282,84.78245,85.1125,86.63083
2022-01-16 14:11:17.503028,84.00888,84.4415,86.63083
2022-01-16 14:11:18.504859,84.00888,84.64825,85.57051
2022-01-16 14:11:19.004879,84.11161,84.33875,86.31697
2022-01-16 14:11:19.510870,83.9569,84.4415,86.31697
2022-01-16 14:11:20.009760,83.33805,83.30625,90.51864
2022-01-16 14:11:20.504592,84.26632,84.184,90.51864
2022-01-16 14:11:21.002945,84.73046,84.95775,231.81541
2022-01-16 14:11:21.508057,84.31831,84.4935,231.81541
2022-01-16 14:11:22.005080,83.39003,83.8745,218.03135
2022-01-16 14:11:22.509614,84.05963,84.132,218.03135
2022-01-16 14:11:23.007397,83.69946,84.28675,145.02718
2022-01-16 14:11:23.503495,84.47302,84.59625,145.02718
2022-01-16 14:11:24.001182,84.52377,84.54425,101.12176
2022-01-16 14:11:24.505555,83.33805,83.66775,101.12176
2022-01-16 14:11:25.005052,84.57575,84.64825,96.25281
2022-01-16 14:11:25.509832,84.26632,84.751,96.25281
2022-01-16 14:11:26.009328,84.05963,84.28675,88.83062
2022-01-16 14:11:26.503893,83.69946,84.3895,88.83062
2022-01-16 14:11:27.001606,84.00888,84.28675,87.77031
2022-01-16 14:11:27.506287,84.57575,84.751,87.77031
2022-01-16 14:11:28.004944,84.47302,84.803,86.47437
2022-01-16 14:11:28.510935,84.1636,84.28675,86.47437
2022-01-16 14:11:29.009242,83.85417,84.4415,86.23875
2022-01-16 14:11:29.503488,84.88517,84.95775,86.23875
2022-01-16 14:11:30.001070,83.64747,84.4415,86.71
2022-01-16 14:11:30.507989,84.26632,84.64825,86.71
2022-01-16 14:11:31.006831,84.05963,84.4935,86.27739
2022-01-16 14:11:31.501240,84.11161,84.4935,86.27739
2022-01-16 14:11:32.010368,84.57575,84.4935,87.77031
2022-01-16 14:11:32.506681,84.21434,84.803,87.77031
2022-01-16 14:11:33.005090,84.21434,84.59625,86.12093
2022-01-16 14:11:33.510251,83.9569,84.59625,86.12093
2022-01-16 14:11:34.009734,84.26632,84.4935,85.37447
2022-01-16 14:11:34.504600,84.21434,84.54425,85.37447
2022-01-16 14:11:35.003526,84.31831,84.64825,85.80614
2022-01-16 14:11:35.508500,84.31831,84.59625,85.80614
2022-01-16 14:11:36.007842,83.80219,84.4415,86.12093
2022-01-16 14:11:36.504691,84.36905,84.54425,86.12093
2022-01-16 14:11:37.002743,84.21434,84.90575,85.25666
2022-01-16 14:11:37.508306,84.26632,84.64825,85.25666
2022-01-16 14:11:38.005733,84.11161,84.751,86.15958
2022-01-16 14:11:38.510410,84.00888,84.184,86.15958
2022-01-16 14:11:39.009245,84.67848,84.64825,85.53187
2022-01-16 14:11:39.502517,83.90492,84.4415,85.53187
2022-01-16 14:11:40.010309,84.11161,84.4935,85.7675
2022-01-16 14:11:40.505673,84.11161,84.699,85.7675
2022-01-16 14:11:41.002703,83.13135,85.1125,85.72791
2022-01-16 14:11:42.004841,84.93716,84.95775,86.19916
2022-01-16 14:11:42.501196,84.11161,83.92525,86.19916
2022-01-16 14:11:43.009195,82.30705,82.6365,87.45551
2022-01-16 14:11:43.503691,84.73046,84.85375,87.45551
2022-01-16 14:11:44.002518,85.03989,85.422,88.24156
2022-01-16 14:11:44.509257,83.02862,83.2035,88.24156
2022-01-16 14:11:45.007466,84.11161,84.699,87.18125
2022-01-16 14:11:45.501833,84.21434,84.28675,87.18125
2022-01-16 14:11:46.000957,84.93716,84.90575,86.82781
2022-01-16 14:11:46.507509,83.54475,83.97725,86.82781
2022-01-16 14:11:47.005002,84.21434,84.28675,87.41687
2022-01-16 14:11:47.510803,83.49276,84.08,87.41687
2022-01-16 14:11:48.009677,84.42104,84.59625,87.4951
2022-01-16 14:11:48.504797,83.9569,84.4415,87.4951
2022-01-16 14:11:49.001400,83.39003,83.565,87.53468
2022-01-16 14:11:49.506358,84.62773,84.4935,87.53468
2022-01-16 14:11:50.003516,84.11161,84.23475,88.20197
2022-01-16 14:11:50.508610,84.52377,84.59625,88.20197
2022-01-16 14:11:51.007457,83.49276,84.132,87.6525
2022-01-16 14:11:51.502683,84.26632,84.4935,87.6525
2022-01-16 14:11:52.001785,83.64747,84.184,87.3377
2022-01-16 14:11:52.508046,84.78245,84.90575,87.3377
2022-01-16 14:11:53.005310,83.49276,83.92525,87.6525
2022-01-16 14:11:53.510061,84.57575,84.64825,87.6525
2022-01-16 14:11:54.007779,84.42104,84.23475,88.63364
2022-01-16 14:11:54.501671,84.00888,84.54425,88.63364
2022-01-16 14:11:55.010341,84.21434,84.4935,87.29906
2022-01-16 14:11:55.506986,83.64747,84.08,87.29906
2022-01-16 14:11:56.004977,84.31831,84.4935,87.41687
2022-01-16 14:11:56.509067,83.49276,83.92525,87.41687
2022-01-16 14:11:57.006605,84.31831,84.59625,88.16239
2022-01-16 14:11:57.501501,84.05963,83.92525,88.16239
2022-01-16 14:11:58.505139,84.26632,84.4415,89.06625
2022-01-16 14:11:59.005229,83.64747,84.08,88.24156
2022-01-16 14:11:59.501230,84.57575,84.54425,88.24156
2022-01-16 14:12:00.008935,83.08061,83.71975,88.83062
2022-01-16 14:12:00.504676,84.88517,85.1125,88.83062
2022-01-16 14:12:01.002544,83.39003,83.35825,88.86926
2022-01-16 14:12:01.507040,84.62773,85.0085,88.86926
2022-01-16 14:12:02.004534,84.00888,84.132,87.77031
2022-01-16 14:12:02.508932,83.7502,84.33875,87.77031
2022-01-16 14:12:03.007090,84.26632,84.33875,88.31979
2022-01-16 14:12:03.501958,83.69946,84.184,88.31979
2022-01-16 14:12:04.001150,84.11161,84.3895,87.25947
2022-01-16 14:12:04.507794,84.00888,84.08,87.25947
2022-01-16 14:12:05.006503,84.31831,84.64825,88.47718
2022-01-16 14:12:05.502316,83.80219,83.71975,88.47718
2022-01-16 14:12:06.011108,84.57575,85.1125,87.84854
2022-01-16 14:12:06.505297,84.05963,84.23475,87.84854
2022-01-16 14:12:07.004205,83.7502,84.08,87.80895
2022-01-16 14:12:07.508010,84.1636,84.4935,87.80895
2022-01-16 14:12:08.005790,84.00888,84.33875,87.73072
2022-01-16 14:12:08.501565,84.11161,84.23475,87.73072
2022-01-16 14:12:09.010642,84.42104,84.3895,87.69114
2022-01-16 14:12:09.505120,83.44078,84.02925,87.69114
2022-01-16 14:12:10.001971,84.52377,84.59625,88.83062
2022-01-16 14:12:10.506113,84.05963,84.54425,88.83062
2022-01-16 14:12:11.004373,84.11161,84.33875,88.63364
2022-01-16 14:12:11.509506,83.80219,84.23475,88.63364
2022-01-16 14:12:12.006877,83.80219,84.02925,89.2227
2022-01-16 14:12:12.510681,84.67848,84.4935,89.2227
2022-01-16 14:12:13.008476,83.90492,84.3895,88.4376
2022-01-16 14:12:13.506855,83.69946,84.02925,88.4376
2022-01-16 14:12:14.001220,84.11161,84.4415,87.80895
2022-01-16 14:12:14.506221,84.21434,84.3895,87.80895
2022-01-16 14:12:15.004658,83.85417,84.28675,87.14166
2022-01-16 14:12:15.509368,83.7502,84.132,87.14166
2022-01-16 14:12:16.009115,84.21434,84.184,88.55541
2022-01-16 14:12:16.503104,84.1636,84.699,88.55541
2022-01-16 14:12:17.011004,84.47302,84.59625,87.88812
2022-01-16 14:12:17.507104,83.44078,83.8745,87.88812
2022-01-16 14:12:18.004149,84.42104,84.4935,87.96635
2022-01-16 14:12:18.509255,83.39003,83.97725,87.96635
2022-01-16 14:12:19.009233,85.03989,85.21525,87.77031
2022-01-16 14:12:19.503770,83.44078,83.2555,87.77031
2022-01-16 14:12:20.001756,84.1636,84.4415,87.41687
2022-01-16 14:12:20.506163,84.1636,84.08,87.41687
2022-01-16 14:12:21.005070,84.21434,84.64825,86.98426
2022-01-16 14:12:21.509826,84.47302,84.699,86.98426
2022-01-16 14:12:22.009519,83.28607,83.66775,87.4951
2022-01-16 14:12:22.504707,84.57575,84.90575,87.4951
2022-01-16 14:12:23.002408,83.59549,83.97725,87.84854
2022-01-16 14:12:23.507327,84.88517,85.0605,87.84854
2022-01-16 14:12:24.007056,83.54475,83.513,88.79104
2022-01-16 14:12:24.503076,83.7502,84.23475,88.79104
2022-01-16 14:12:25.010454,84.62773,84.59625,88.63364
2022-01-16 14:12:25.505476,83.69946,84.184,88.63364
2022-01-16 14:12:26.004082,84.31831,84.699,88.08416
2022-01-16 14:12:26.503389,83.28607,83.461,88.08416
2022-01-16 14:12:27.001384,84.73046,85.1125,88.12375
2022-01-16 14:12:27.505025,84.00888,83.97725,88.12375
2022-01-16 14:12:28.003096,84.52377,85.0085,88.12375
2022-01-16 14:12:28.508531,83.44078,83.41025,88.12375
2022-01-16 14:12:29.006399,84.1636,84.699,88.90885
2022-01-16 14:12:29.502834,84.31831,84.4935,88.90885
2022-01-16 14:12:30.011241,83.28607,83.7705,87.45551
2022-01-16 14:12:30.505937,84.67848,84.95775,87.45551
2022-01-16 14:12:31.005109,83.54475,83.461,88.08416
2022-01-16 14:12:31.509452,84.83319,85.16325,88.08416
2022-01-16 14:12:32.007082,83.59549,83.7705,88.67322
2022-01-16 14:12:32.501561,84.42104,85.0085,88.67322
2022-01-16 14:12:33.008844,83.90492,83.97725,87.41687
2022-01-16 14:12:33.504248,83.90492,84.33875,87.41687
2022-01-16 14:12:34.010911,84.00888,84.33875,87.69114
2022-01-16 14:12:34.506064,84.31831,84.28675,87.69114
2022-01-16 14:12:35.005524,84.1636,84.64825,87.77031
2022-01-16 14:12:35.501398,83.7502,83.92525,87.77031
2022-01-16 14:12:36.009700,84.05963,84.28675,87.92676
2022-01-16 14:12:36.505244,83.90492,84.184,87.92676
2022-01-16 14:12:37.002238,84.36905,84.90575,88.35937
2022-01-16 14:12:37.506736,83.7502,84.08,88.35937
2022-01-16 14:12:38.003465,83.80219,83.97725,87.14166
2022-01-16 14:12:38.507257,84.26632,84.4935,87.14166
2022-01-16 14:12:39.005662,84.31831,84.4935,233.30739
2022-01-16 14:12:39.503626,84.1636,84.4935,233.30739
2022-01-16 14:12:40.001069,83.90492,83.92525,221.1727
2022-01-16 14:12:40.506574,83.7502,84.02925,221.1727
2022-01-16 14:12:41.004139,84.26632,84.59625,189.16729
2022-01-16 14:12:41.509731,84.21434,84.751,189.16729
2022-01-16 14:12:42.007534,83.7502,84.132,136.6625
2022-01-16 14:12:42.502017,84.05963,84.132,136.6625
2022-01-16 14:12:43.010537,84.21434,84.4935,100.88614
2022-01-16 14:12:43.505568,84.67848,84.90575,100.88614
2022-01-16 14:12:44.004079,84.00888,84.28675,95.38854
2022-01-16 14:12:44.509312,83.64747,84.132,95.38854
2022-01-16 14:12:45.010357,83.80219,84.23475,88.2802
2022-01-16 14:12:45.506227,84.83319,85.318,88.2802
2022-01-16 14:12:46.004886,84.11161,84.3895,87.02385
2022-01-16 14:12:46.509806,84.05963,84.4935,87.02385
2022-01-16 14:12:47.008804,84.1636,84.4415,85.57051
2022-01-16 14:12:47.502605,84.21434,84.699,85.57051
2022-01-16 14:12:48.010964,84.9879,85.37,86.59218
2022-01-16 14:12:48.504843,83.18334,83.92525,86.59218
2022-01-16 14:12:49.001718,84.31831,84.90575,86.35656
2022-01-16 14:12:49.502061,84.36905,84.3895,86.35656
2022-01-16 14:12:50.001428,84.47302,84.95775,86.15958
2022-01-16 14:12:50.507178,84.26632,84.4935,86.15958
2022-01-16 14:12:51.004937,83.90492,84.33875,86.47437
2022-01-16 14:12:51.509643,84.31831,84.699,86.47437
2022-01-16 14:12:52.007673,84.11161,84.59625,86.43479
2022-01-16 14:12:52.502000,84.26632,84.85375,86.43479
2022-01-16 14:12:53.009866,84.05963,84.33875,85.72791
2022-01-16 14:12:53.504777,84.11161,84.4935,85.72791
2022-01-16 14:12:54.002169,84.36905,84.4935,86.23875
2022-01-16 14:12:54.506545,84.21434,84.751,86.23875
2022-01-16 14:12:55.005545,84.52377,84.90575,85.53187
2022-01-16 14:12:55.502091,83.59549,84.33875,85.53187
2022-01-16 14:12:56.001934,84.52377,85.0085,86.00312
2022-01-16 14:12:56.508862,84.05963,84.4935,86.00312
2022-01-16 14:12:57.004850,84.31831,84.751,86.35656
2022-01-16 14:12:57.510201,84.1636,84.33875,86.35656
2022-01-16 14:12:58.008655,83.90492,84.59625,86.08135
2022-01-16 14:12:58.505191,84.31831,84.699,86.08135
2022-01-16 14:12:59.003022,84.42104,84.59625,86.08135
2022-01-16 14:12:59.508343,83.9569,84.4415,86.08135
2022-01-16 14:13:00.006352,84.11161,84.54425,86.19916
2022-01-16 14:13:00.510537,84.42104,84.64825,86.19916
2022-01-16 14:13:01.008740,84.36905,84.4415,86.12093
2022-01-16 14:13:01.503871,84.05963,84.59625,86.12093
2022-01-16 14:13:02.001774,84.31831,84.90575,85.92395
2022-01-16 14:13:02.507470,83.90492,84.33875,85.92395
2022-01-16 14:13:03.005752,84.42104,84.64825,85.6101
2022-01-16 14:13:04.005367,84.21434,84.699,86.00312
2022-01-16 14:13:04.501215,84.31831,84.23475,86.00312
2022-01-16 14:13:05.008662,84.05963,84.3895,86.3952
2022-01-16 14:13:05.503313,84.1636,84.64825,86.3952
2022-01-16 14:13:06.011028,83.85417,84.4415,86.27739
2022-01-16 14:13:06.507363,84.47302,84.90575,86.27739
2022-01-16 14:13:07.005747,83.49276,83.8225,85.72791
2022-01-16 14:13:07.510398,84.42104,84.90575,85.72791
2022-01-16 14:13:08.001619,84.57575,84.699,86.71
2022-01-16 14:13:08.506451,84.26632,84.64825,86.71
2022-01-16 14:13:09.004659,84.21434,84.64825,85.33489
2022-01-16 14:13:09.510290,84.21434,84.64825,85.33489
2022-01-16 14:13:10.008303,84.36905,84.64825,85.80614
2022-01-16 14:13:10.503079,83.59549,84.23475,85.80614
2022-01-16 14:13:11.001051,84.47302,85.1125,85.88531
2022-01-16 14:13:11.506338,84.00888,84.23475,85.88531
2022-01-16 14:13:12.006596,84.73046,85.0085,85.53187
2022-01-16 14:13:12.510899,84.21434,84.64825,85.53187
2022-01-16 14:13:13.009748,83.9569,84.4935,85.6101
2022-01-16 14:13:13.504405,84.31831,84.699,85.6101
2022-01-16 14:13:14.001937,83.64747,83.97725,86.5526
2022-01-16 14:13:14.507585,84.93716,85.37,86.5526
2022-01-16 14:13:15.005553,83.69946,84.08,85.64968
2022-01-16 14:13:15.510800,84.26632,84.59625,85.64968
2022-01-16 14:13:16.009649,84.36905,84.64825,85.57051
2022-01-16 14:13:16.506021,84.1636,84.54425,85.57051
2022-01-16 14:13:17.006168,84.47302,84.85375,86.08135
2022-01-16 14:13:17.502884,83.59549,84.02925,86.08135
2022-01-16 14:13:18.001589,84.00888,84.4415,86.35656
2022-01-16 14:13:18.505722,84.11161,84.59625,86.35656
2022-01-16 14:13:19.004410,84.36905,84.59625,85.6101
2022-01-16 14:13:19.509892,84.31831,84.3895,85.6101
2022-01-16 14:13:20.008497,84.00888,84.33875,85.88531
2022-01-16 14:13:20.504176,84.57575,84.751,85.88531
2022-01-16 14:13:21.004257,84.21434,84.54425,85.25666
2022-01-16 14:13:21.509713,84.00888,84.64825,85.25666
2022-01-16 14:13:22.007516,83.80219,84.4415,85.92395
2022-01-16 14:13:22.501044,84.31831,84.64825,85.92395
2022-01-16 14:13:23.008341,84.36905,84.4415,85.29625
2022-01-16 14:13:23.502544,84.36905,84.59625,85.29625
2022-01-16 14:13:24.001482,84.00888,84.3895,86.08135
2022-01-16 14:13:24.507068,84.31831,84.699,86.08135
2022-01-16 14:13:25.004662,84.42104,84.751,86.23875
2022-01-16 14:13:25.510862,83.7502,84.4415,86.23875
2022-01-16 14:13:26.010729,84.26632,84.64825,86.04176
2022-01-16 14:13:26.506046,84.21434,84.3895,86.04176
2022-01-16 14:13:27.003524,84.36905,84.751,85.41406
2022-01-16 14:13:27.507383,84.36905,84.699,85.41406
2022-01-16 14:13:28.005415,84.00888,84.4935,85.64968
2022-01-16 14:13:28.510388,84.26632,84.751,85.64968
2022-01-16 14:13:29.009038,83.64747,84.23475,85.6101
2022-01-16 14:13:29.507408,84.47302,84.85375,85.6101
2022-01-16 14:13:30.004850,84.26632,84.23475,85.53187
2022-01-16 14:13:30.509750,84.11161,84.3895,85.53187
2022-01-16 14:13:31.009218,84.1636,84.64825,85.53187
2022-01-16 14:13:31.504367,84.05963,84.4415,85.53187
2022-01-16 14:13:32.001659,84.47302,85.0605,85.49229
2022-01-16 14:13:32.505361,83.90492,84.54425,85.49229
2022-01-16 14:13:33.003333,84.57575,84.90575,86.3952
2022-01-16 14:13:33.507884,84.05963,84.33875,86.3952
2022-01-16 14:13:34.008687,84.42104,84.54425,85.92395
2022-01-16 14:13:34.504868,84.36905,84.64825,85.92395
2022-01-16 14:13:35.002150,83.80219,84.28675,85.72791
2022-01-16 14:13:35.504663,84.42104,84.90575,85.72791
2022-01-16 14:13:36.002311,83.64747,83.97725,85.4527
2022-01-16 14:13:36.507341,84.67848,85.318,85.4527
2022-01-16 14:13:37.005624,83.80219,84.132,86.23875
2022-01-16 14:13:37.510710,84.73046,84.90575,86.23875
2022-01-16 14:13:38.009736,84.21434,84.33875,85.72791
2022-01-16 14:13:38.507838,84.05963,84.33875,85.72791
2022-01-16 14:13:39.006107,84.83319,85.37,85.4527
2022-01-16 14:13:39.501239,83.54475,84.02925,85.4527
2022-01-16 14:13:40.009613,84.47302,84.95775,85.68833
2022-01-16 14:13:40.504011,83.90492,84.33875,85.68833
2022-01-16 14:13:41.002613,84.88517,85.0605,85.80614
2022-01-16 14:13:41.509092,84.36905,84.4415,85.80614
2022-01-16 14:13:42.006543,83.85417,84.28675,85.92395
2022-01-16 14:13:42.502951,84.26632,84.751,85.92395
2022-01-16 14:13:43.001909,84.11161,84.64825,85.17843
2022-01-16 14:13:43.506455,84.31831,84.54425,85.17843
2022-01-16 14:13:44.006128,83.44078,83.8225,85.88531
2022-01-16 14:13:44.501840,84.42104,84.803,85.88531
2022-01-16 14:13:45.010159,84.57575,84.64825,85.68833
2022-01-16 14:13:45.504146,84.36905,84.64825,85.68833
2022-01-16 14:13:46.001513,83.9569,84.3895,86.19916
2022-01-16 14:13:46.508546,83.85417,84.3895,86.19916
2022-01-16 14:13:47.005184,84.11161,84.64825,85.88531
2022-01-16 14:13:47.502129,84.1636,84.85375,85.88531
2022-01-16 14:13:48.009155,84.31831,84.54425,86.00312
2022-01-16 14:13:48.505060,84.21434,84.4415,86.00312
2022-01-16 14:13:49.002917,84.31831,84.4935,85.13885
2022-01-16 14:13:49.507456,84.42104,84.95775,85.13885
2022-01-16 14:13:50.005853,84.52377,85.0605,86.3952
2022-01-16 14:13:50.511279,84.1636,84.4415,86.3952
2022-01-16 14:13:51.009694,83.69946,84.132,85.29625
2022-01-16 14:13:51.504444,84.21434,84.699,85.29625
2022-01-16 14:13:52.003801,84.21434,84.59625,86.15958
2022-01-16 14:13:52.508178,84.47302,84.803,86.15958
2022-01-16 14:13:53.006205,84.05963,84.3895,86.74864
2022-01-16 14:13:53.502381,84.1636,84.59625,86.74864
2022-01-16 14:13:54.001153,84.83319,85.1125,85.64968
2022-01-16 14:13:54.504760,83.80219,84.132,85.64968
2022-01-16 14:13:55.002819,83.90492,84.33875,86.08135
2022-01-16 14:13:55.509027,83.80219,84.3895,86.08135
2022-01-16 14:13:56.005257,84.26632,84.4415,86.00312
2022-01-16 14:13:56.502135,84.36905,84.54425,86.00312
2022-01-16 14:13:57.001672,83.90492,84.3895,85.33489
2022-01-16 14:13:57.505871,84.47302,84.85375,85.33489
2022-01-16 14:13:58.004839,83.9569,84.28675,85.4527
2022-01-16 14:13:58.509092,84.36905,84.699,85.4527
2022-01-16 14:13:59.006425,83.69946,84.33875,85.53187
2022-01-16 14:13:59.502638,84.47302,84.803,85.53187
2022-01-16 14:14:00.001736,84.1636,84.33875,85.80614
2022-01-16 14:14:00.510230,84.21434,84.64825,85.80614
2022-01-16 14:14:01.007919,84.62773,85.0085,86.27739
2022-01-16 14:14:01.504262,83.80219,84.184,86.27739
2022-01-16 14:14:02.001812,84.42104,84.699,86.12093
2022-01-16 14:14:02.506599,83.44078,84.184,86.12093
2022-01-16 14:14:03.004614,84.83319,84.95775,85.7675
2022-01-16 14:14:03.510234,84.31831,84.699,85.7675
2022-01-16 14:14:04.008764,83.9569,84.132,86.08135
2022-01-16 14:14:04.502582,84.05963,84.4935,86.08135
2022-01-16 14:14:05.001104,84.31831,84.699,85.37447
2022-01-16 14:14:05.508220,84.47302,84.751,85.37447
2022-01-16 14:14:06.006127,83.59549,84.28675,85.96354
2022-01-16 14:14:06.510782,84.11161,84.3895,85.96354
2022-01-16 14:14:07.009168,84.05963,84.28675,85.64968
2022-01-16 14:14:07.503853,84.36905,84.699,85.64968
2022-01-16 14:14:08.001784,84.21434,84.64825,85.37447
2022-01-16 14:14:08.506370,83.80219,84.23475,85.37447
2022-01-16 14:14:09.003648,84.26632,84.4415,86.04176
2022-01-16 14:14:09.509189,83.80219,84.4935,86.04176
2022-01-16 14:14:10.005636,84.78245,84.95775,85.84572
2022-01-16 14:14:10.510201,83.9569,84.33875,85.84572
2022-01-16 14:14:11.009130,84.26632,84.64825,85.49229
2022-01-16 14:14:11.504105,83.90492,84.184,85.49229
2022-01-16 14:14:12.001605,84.42104,84.803,86.3952
2022-01-16 14:14:12.507218,84.11161,84.4935,86.3952
2022-01-16 14:14:13.005105,84.00888,84.64825,86.19916
2022-01-16 14:14:13.509878,83.9569,84.184,86.19916
2022-01-16 14:14:14.005898,84.36905,84.85375,86.51301
2022-01-16 14:14:14.503143,84.73046,84.64825,86.51301
2022-01-16 14:14:15.001282,84.1636,84.54425,85.7675
2022-01-16 14:14:15.506136,83.64747,84.184,85.7675
2022-01-16 14:14:16.004006,84.52377,84.90575,85.57051
2022-01-16 14:14:16.508408,83.85417,84.28675,85.57051
2022-01-16 14:14:17.006522,84.26632,84.751,85.21708
2022-01-16 14:14:17.511216,83.59549,84.28675,85.21708
2022-01-16 14:14:18.009047,84.57575,84.4935,86.82781
2022-01-16 14:14:18.505670,84.52377,84.85375,86.82781
2022-01-16 14:14:19.003689,84.05963,84.28675,85.29625
2022-01-16 14:14:19.507869,84.21434,84.64825,85.29625
2022-01-16 14:14:20.007339,84.11161,84.54425,85.21708
2022-01-16 14:14:20.503515,84.11161,84.54425,85.21708
2022-01-16 14:14:21.001144,83.85417,84.4935,86.31697
2022-01-16 14:14:21.505195,83.90492,84.23475,86.31697
2022-01-16 14:14:22.002290,84.47302,84.85375,86.19916
2022-01-16 14:14:22.506822,83.90492,84.33875,86.19916
2022-01-16 14:14:23.005064,84.47302,84.90575,85.6101
2022-01-16 14:14:23.510699,83.9569,84.28675,85.6101
2022-01-16 14:14:24.009174,84.21434,84.699,86.47437
2022-01-16 14:14:24.505181,83.59549,84.184,86.47437
2022-01-16 14:14:25.002076,84.52377,84.699,85.68833
2022-01-16 14:14:25.507905,84.62773,84.751,85.68833
2022-01-16 14:14:26.006177,84.00888,84.4935,85.21708
2022-01-16 14:14:26.510734,84.36905,84.699,85.21708
2022-01-16 14:14:27.009456,84.00888,84.28675,85.64968
2022-01-16 14:14:27.507246,84.47302,84.699,85.64968
2022-01-16 14:14:28.005695,83.9569,84.751,85.72791
2022-01-16 14:14:29.004710,84.31831,84.54425,85.96354
2022-01-16 14:14:29.510719,84.26632,84.59625,85.96354
2022-01-16 14:14:30.009852,84.21434,84.59625,86.51301
2022-01-16 14:14:30.505126,84.1636,84.699,86.51301
2022-01-16 14:14:31.002771,84.42104,84.54425,85.53187
2022-01-16 14:14:31.507495,84.00888,84.4935,85.53187
2022-01-16 14:14:32.005156,84.36905,84.54425,86.27739
2022-01-16 14:14:32.511117,83.7502,84.3895,86.27739
2022-01-16 14:14:33.009058,84.31831,84.64825,85.92395
2022-01-16 14:14:33.503030,84.26632,84.59625,85.92395
2022-01-16 14:14:34.001502,83.9569,84.4935,85.92395
2022-01-16 14:14:34.507819,84.73046,85.0085,85.92395
2022-01-16 14:14:35.005924,83.80219,84.3895,85.84572
2022-01-16 14:14:35.507398,84.26632,84.4415,85.84572
2022-01-16 14:14:36.005009,84.00888,84.699,85.49229
2022-01-16 14:14:36.510849,84.47302,84.699,85.49229
2022-01-16 14:14:37.008737,84.11161,84.33875,85.49229
2022-01-16 14:14:37.504182,83.90492,84.33875,85.49229
2022-01-16 14:14:38.001634,84.21434,84.59625,85.92395
2022-01-16 14:14:38.506567,84.21434,84.699,85.92395
2022-01-16 14:14:39.005715,84.52377,84.699,85.92395
2022-01-16 14:14:39.511013,83.59549,84.28675,85.92395
2022-01-16 14:14:40.009227,84.11161,84.33875,86.19916
2022-01-16 14:14:40.502762,84.67848,84.90575,86.19916
2022-01-16 14:14:41.001211,83.9569,84.184,85.53187
2022-01-16 14:14:41.507470,84.36905,84.64825,85.53187
2022-01-16 14:14:42.005954,83.85417,84.28675,85.53187
2022-01-16 14:14:42.511200,84.57575,84.95775,85.53187
2022-01-16 14:14:43.008601,83.9569,84.85375,86.08135
2022-01-16 14:14:43.504731,84.21434,84.4935,86.08135
2022-01-16 14:14:44.002229,84.47302,84.699,86.15958
2022-01-16 14:14:44.506347,84.05963,84.33875,86.15958
2022-01-16 14:14:45.005155,84.47302,84.803,85.25666
2022-01-16 14:14:45.501223,83.7502,84.23475,85.25666
2022-01-16 14:14:46.008618,84.47302,84.4415,85.6101
2022-01-16 14:14:46.503412,83.59549,84.4415,85.6101
2022-01-16 14:14:47.010358,84.62773,85.0605,85.88531
2022-01-16 14:14:47.504350,84.21434,84.4415,85.88531
2022-01-16 14:14:48.010945,84.1636,84.33875,86.12093
2022-01-16 14:14:48.507486,84.47302,84.803,86.12093
2022-01-16 14:14:49.005280,83.59549,84.23475,85.80614
2022-01-16 14:14:49.510412,84.73046,84.90575,85.80614
2022-01-16 14:14:50.009299,83.80219,84.54425,86.08135
2022-01-16 14:14:50.504504,84.00888,84.4935,86.08135
2022-01-16 14:14:51.001874,84.47302,84.95775,86.12093
2022-01-16 14:14:51.506979,84.31831,84.4935,86.12093
2022-01-16 14:14:52.004617,84.26632,84.4415,86.19916
2022-01-16 14:14:52.511214,83.90492,84.59625,86.19916
2022-01-16 14:14:53.009043,84.26632,84.4935,85.09926
2022-01-16 14:14:53.504669,83.85417,84.59625,85.09926
2022-01-16 14:14:54.002187,84.67848,85.0605,85.57051
2022-01-16 14:14:54.508336,83.64747,84.28675,85.57051
2022-01-16 14:14:55.005741,84.73046,84.803,86.08135
2022-01-16 14:14:55.511086,84.1636,84.132,86.08135
2022-01-16 14:14:56.008412,84.52377,85.0085,85.80614
2022-01-16 14:14:56.504280,84.11161,84.28675,85.80614
2022-01-16 14:14:57.002178,83.7502,84.33875,86.04176
2022-01-16 14:14:57.506856,84.31831,84.59625,86.04176
2022-01-16 14:14:58.004422,83.90492,84.64825,85.7675
2022-01-16 14:14:58.509499,84.62773,84.699,85.7675
2022-01-16 14:14:59.007430,84.57575,84.59625,85.17843
2022-01-16 14:14:59.502552,84.1636,84.4415,85.17843
2022-01-16 14:15:00.010069,84.26632,84.54425,86.00312
2022-01-16 14:15:00.504753,83.54475,84.02925,86.00312
2022-01-16 14:15:01.001648,83.9569,84.08,141.84625
2022-01-16 14:15:01.506321,83.7502,84.3895,141.84625
2022-01-16 14:15:02.003487,83.9569,84.02925,230.40166
2022-01-16 14:15:02.509100,84.62773,84.64825,230.40166
2022-01-16 14:15:03.008844,84.57575,84.90575,204.05125
2022-01-16 14:15:03.503100,83.90492,84.132,204.05125
2022-01-16 14:15:04.011090,83.90492,84.28675,131.24312
2022-01-16 14:15:04.506816,83.90492,83.97725,131.24312
2022-01-16 14:15:05.005509,84.21434,85.0085,90.28301
2022-01-16 14:15:05.510100,83.80219,84.08,90.28301
2022-01-16 14:15:06.008251,84.05963,84.02925,95.54593
2022-01-16 14:15:06.501695,84.11161,84.28675,95.54593
2022-01-16 14:15:07.010637,84.36905,84.59625,89.73354
2022-01-16 14:15:07.507124,84.57575,84.90575,89.73354
2022-01-16 14:15:08.004008,83.9569,84.33875,88.4376
2022-01-16 14:15:08.509232,84.31831,84.95775,88.4376
2022-01-16 14:15:09.005902,83.90492,84.4415,86.31697
2022-01-16 14:15:09.510613,84.42104,84.95775,86.31697
2022-01-16 14:15:10.009911,84.42104,84.699,85.68833
2022-01-16 14:15:10.505297,84.05963,84.23475,85.68833
2022-01-16 14:15:11.004184,84.05963,84.64825,86.43479
2022-01-16 14:15:11.509113,84.88517,85.1125,86.43479
2022-01-16 14:15:12.006542,83.7502,84.23475,86.78822
2022-01-16 14:15:12.502283,84.42104,84.803,86.78822
2022-01-16 14:15:13.010777,83.28607,83.8745,85.92395
2022-01-16 14:15:13.505746,84.73046,85.1125,85.92395
2022-01-16 14:15:14.003388,84.52377,84.751,86.78822
2022-01-16 14:15:14.507858,84.36905,84.85375,86.78822
2022-01-16 14:15:15.004955,84.05963,84.23475,85.92395
2022-01-16 14:15:15.509752,84.11161,84.803,85.92395
2022-01-16 14:15:16.008338,84.36905,84.64825,86.04176
2022-01-16 14:15:16.505121,84.1636,84.803,86.04176
2022-01-16 14:15:17.001546,83.85417,84.184,86.43479
2022-01-16 14:15:17.506929,84.31831,84.4935,86.43479
2022-01-16 14:15:18.004672,84.21434,84.751,85.7675
2022-01-16 14:15:18.509704,84.42104,84.3895,85.7675
2022-01-16 14:15:19.006360,84.1636,84.803,85.64968
2022-01-16 14:15:19.501642,84.36905,84.699,85.64968
2022-01-16 14:15:20.010202,83.80219,84.59625,86.04176
2022-01-16 14:15:20.504426,84.47302,84.751,86.04176
2022-01-16 14:15:21.003051,84.26632,84.4415,86.15958
2022-01-16 14:15:21.509289,84.1636,84.699,86.15958
2022-01-16 14:15:22.006954,84.21434,84.28675,86.12093
2022-01-16 14:15:22.501498,84.21434,84.90575,86.12093
2022-01-16 14:15:23.010340,84.1636,84.4935,86.04176
2022-01-16 14:15:23.505743,84.05963,84.95775,86.04176
2022-01-16 14:15:24.005893,84.00888,84.23475,86.04176
2022-01-16 14:15:24.501840,84.36905,84.59625,86.04176
2022-01-16 14:15:25.009816,84.57575,84.803,86.00312
2022-01-16 14:15:25.505815,84.26632,84.4935,86.00312
2022-01-16 14:15:26.003199,83.69946,84.33875,85.6101
2022-01-16 14:15:26.508080,84.36905,84.4935,85.6101
2022-01-16 14:15:27.005930,83.85417,84.4935,85.37447
2022-01-16 14:15:27.510283,84.36905,84.699,85.37447
2022-01-16 14:15:28.008307,84.26632,84.4935,85.64968
2022-01-16 14:15:28.503340,84.21434,84.54425,85.64968
2022-01-16 14:15:29.001141,84.52377,84.64825,85.53187
2022-01-16 14:15:29.507208,84.11161,84.751,85.53187
2022-01-16 14:15:30.005223,84.42104,84.699,86.12093
2022-01-16 14:15:30.510158,83.9569,84.54425,86.12093
2022-01-16 14:15:31.008121,84.00888,84.23475,86.00312
2022-01-16 14:15:31.503445,84.11161,84.59625,86.00312
2022-01-16 14:15:32.011184,84.26632,84.54425,85.64968
2022-01-16 14:15:32.507596,84.21434,84.33875,85.64968
2022-01-16 14:15:33.004512,84.05963,84.751,85.92395
2022-01-16 14:15:33.502062,84.1636,84.4415,85.92395
2022-01-16 14:15:34.001164,84.11161,84.803,85.96354
2022-01-16 14:15:34.506717,84.42104,84.699,85.96354
2022-01-16 14:15:35.004880,83.85417,84.4415,85.64968
2022-01-16 14:15:35.510572,83.9569,84.23475,85.64968
2022-01-16 14:15:36.008714,85.14262,85.0605,86.27739
2022-01-16 14:15:36.503492,83.7502,84.4935,86.27739
2022-01-16 14:15:37.010704,84.31831,84.59625,85.84572
2022-01-16 14:15:37.504635,83.90492,84.54425,85.84572
2022-01-16 14:15:38.001887,84.11161,84.54425,85.25666
2022-01-16 14:15:38.509099,84.00888,84.85375,85.25666
2022-01-16 14:15:39.006475,84.26632,84.64825,85.64968
2022-01-16 14:15:39.510903,84.31831,84.23475,85.64968
2022-01-16 14:15:40.008548,84.42104,84.85375,85.68833
2022-01-16 14:15:40.503303,84.26632,84.699,85.68833
2022-01-16 14:15:41.001123,84.00888,84.64825,85.7675
2022-01-16 14:15:41.507090,84.21434,84.33875,85.7675
2022-01-16 14:15:42.004749,83.85417,84.59625,85.72791
2022-01-16 14:15:42.508451,84.1636,84.699,85.72791
2022-01-16 14:15:43.010833,84.52377,84.4415,86.04176
2022-01-16 14:15:43.505306,84.00888,84.59625,86.04176
2022-01-16 14:15:44.003172,84.42104,84.751,86.43479
2022-01-16 14:15:44.507350,84.1636,84.751,86.43479
2022-01-16 14:15:45.004493,84.1636,84.3895,86.35656
2022-01-16 14:15:45.510148,84.00888,84.59625,86.35656
2022-01-16 14:15:46.008145,83.9569,84.3895,85.6101
2022-01-16 14:15:46.503081,84.11161,84.28675,85.6101
2022-01-16 14:15:47.011080,84.47302,84.803,85.6101
2022-01-16 14:15:47.509647,84.11161,84.28675,85.6101
2022-01-16 14:15:48.009856,84.1636,84.95775,86.19916
2022-01-16 14:15:48.505099,84.05963,84.184,86.19916
2022-01-16 14:15:49.002793,83.90492,84.4415,85.92395
2022-01-16 14:15:49.508430,84.47302,84.85375,85.92395
2022-01-16 14:15:50.002084,84.05963,84.33875,85.84572
2022-01-16 14:15:50.506788,84.11161,84.4935,85.84572
