時間,回転１,回転２,回転３
2022-01-14 08:00:00.009350,0.0,0.0,0.0
2022-01-14 08:00:00.509508,0.0,0.0,0.0
2022-01-14 08:00:01.004259,0.0,0.0,0.0
2022-01-14 08:00:01.502735,0.0,0.0,0.0
2022-01-14 08:00:02.002957,0.0,0.0,0.0
2022-01-14 08:00:02.510072,0.0,0.0,0.0
2022-01-14 08:00:03.006322,0.0,0.0,0.0
2022-01-14 08:00:03.500515,0.0,0.0,0.0
2022-01-14 08:00:04.005058,0.0,0.0,0.0
2022-01-14 08:00:04.509439,0.0,0.0,0.0
2022-01-14 08:00:05.007959,0.0,0.0,0.0
2022-01-14 08:00:05.502806,0.0,0.0,0.0
2022-01-14 08:00:06.002974,0.0,0.0,0.0
2022-01-14 08:00:06.502176,0.0,0.0,0.0
2022-01-14 08:00:07.003673,0.0,0.0,0.0
2022-01-14 08:00:07.507949,0.0,0.0,0.0
2022-01-14 08:00:08.010737,0.0,0.0,0.0
2022-01-14 08:00:08.502065,0.0,0.0,0.0
2022-01-14 08:00:09.004735,0.0,0.0,0.0
2022-01-14 08:00:09.509996,0.0,0.0,0.0
2022-01-14 08:00:10.008196,0.0,0.0,0.0
2022-01-14 08:00:10.505026,0.0,0.0,0.0
2022-01-14 08:00:11.002136,0.0,0.0,0.0
2022-01-14 08:00:11.509828,0.0,0.0,0.0
2022-01-14 08:00:12.008737,0.0,0.0,0.0
2022-01-14 08:00:12.503955,0.0,0.0,0.0
2022-01-14 08:00:13.002483,0.0,0.0,0.0
2022-01-14 08:00:13.509586,0.0,0.0,0.0
2022-01-14 08:00:14.007451,0.0,0.0,0.0
2022-01-14 08:00:14.501292,0.0,0.0,0.0
2022-01-14 08:00:15.009929,0.0,0.0,0.0
2022-01-14 08:00:15.506494,0.0,0.0,0.0
2022-01-14 08:00:16.003780,0.0,0.0,0.0
2022-01-14 08:00:16.508907,0.0,0.0,0.0
2022-01-14 08:00:17.006863,0.0,0.0,0.0
2022-01-14 08:00:17.510717,0.0,0.0,0.0
2022-01-14 08:00:18.008435,0.0,0.0,0.0
2022-01-14 08:00:18.502361,0.0,0.0,0.0
2022-01-14 08:00:19.006220,0.0,0.0,0.0
2022-01-14 08:00:19.501538,0.0,0.0,0.0
2022-01-14 08:00:20.010312,0.0,0.0,0.0
2022-01-14 08:00:20.505340,0.0,0.0,0.0
2022-01-14 08:00:21.004856,0.0,0.0,0.0
2022-01-14 08:00:21.510319,0.0,0.0,0.0
2022-01-14 08:00:22.009551,0.0,0.0,0.0
2022-01-14 08:00:22.504984,0.0,0.0,0.0
2022-01-14 08:00:23.002540,0.0,0.0,0.0
2022-01-14 08:00:23.508957,0.0,0.0,0.0
2022-01-14 08:00:24.007922,0.0,0.0,0.0
2022-01-14 08:00:24.501925,0.0,0.0,0.0
2022-01-14 08:00:25.010712,0.0,0.0,0.0
2022-01-14 08:00:25.506724,0.0,0.0,0.0
2022-01-14 08:00:26.003873,0.0,0.0,0.0
2022-01-14 08:00:26.509985,0.0,0.0,0.0
2022-01-14 08:00:27.007831,0.0,0.0,0.0
2022-01-14 08:00:27.503839,0.0,0.0,0.0
2022-01-14 08:00:28.001929,0.0,0.0,0.0
2022-01-14 08:00:28.509475,0.0,0.0,0.0
2022-01-14 08:00:29.010275,0.0,0.0,0.0
2022-01-14 08:00:29.504185,0.0,0.0,0.0
2022-01-14 08:00:30.006567,0.0,0.0,0.0
2022-01-14 08:00:30.505589,0.0,0.0,0.0
2022-01-14 08:00:31.007042,0.0,0.0,0.0
2022-01-14 08:00:31.505547,0.0,0.0,0.0
2022-01-14 08:00:32.010421,0.0,0.0,0.0
2022-01-14 08:00:32.511158,0.0,0.0,0.0
2022-01-14 08:00:33.008119,0.0,0.0,0.0
2022-01-14 08:00:33.501585,0.0,0.0,0.0
2022-01-14 08:00:34.009717,0.0,0.0,0.0
2022-01-14 08:00:34.504349,0.0,0.0,0.0
2022-01-14 08:00:35.002441,0.0,0.0,0.0
2022-01-14 08:00:35.501380,0.0,0.0,0.0
2022-01-14 08:00:36.009524,0.0,0.0,0.0
2022-01-14 08:00:36.505755,0.0,0.0,0.0
2022-01-14 08:00:37.005586,0.0,0.0,0.0
2022-01-14 08:00:37.501123,0.0,0.0,0.0
2022-01-14 08:00:38.009161,0.0,0.0,0.0
2022-01-14 08:00:38.506967,0.0,0.0,0.0
2022-01-14 08:00:39.005306,0.0,0.0,0.0
2022-01-14 08:00:39.503889,0.0,0.0,0.0
2022-01-14 08:00:40.001737,0.0,0.0,0.0
2022-01-14 08:00:40.508802,0.0,0.0,0.0
2022-01-14 08:00:41.006195,0.0,0.0,0.0
2022-01-14 08:00:41.501235,0.0,0.0,0.0
2022-01-14 08:00:42.009581,0.0,0.0,0.0
2022-01-14 08:00:42.502874,0.0,0.0,0.0
2022-01-14 08:00:43.003211,0.0,0.0,0.0
2022-01-14 08:00:43.507729,0.0,0.0,0.0
2022-01-14 08:00:44.007228,0.0,0.0,0.0
2022-01-14 08:00:44.501825,0.0,0.0,0.0
2022-01-14 08:00:45.006134,0.0,0.0,0.0
2022-01-14 08:00:45.502386,0.0,0.0,0.0
2022-01-14 08:00:46.005447,0.0,0.0,0.0
2022-01-14 08:00:46.505723,0.0,0.0,0.0
2022-01-14 08:00:47.004969,0.0,0.0,0.0
2022-01-14 08:00:47.502166,0.0,0.0,0.0
2022-01-14 08:00:48.001820,0.0,0.0,0.0
2022-01-14 08:00:48.506528,0.0,0.0,0.0
2022-01-14 08:00:49.005798,0.0,0.0,0.0
2022-01-14 08:00:49.510936,0.0,0.0,0.0
2022-01-14 08:00:50.008919,0.0,0.0,0.0
2022-01-14 08:00:50.505370,0.0,0.0,0.0
2022-01-14 08:00:51.002873,0.0,0.0,0.0
2022-01-14 08:00:51.509551,0.0,0.0,0.0
2022-01-14 08:00:52.008425,0.0,0.0,0.0
2022-01-14 08:00:52.505106,0.0,0.0,0.0
2022-01-14 08:00:53.002807,0.0,0.0,0.0
2022-01-14 08:00:53.509574,0.0,0.0,0.0
2022-01-14 08:00:54.008317,0.0,0.0,0.0
2022-01-14 08:00:54.503214,0.0,0.0,0.0
2022-01-14 08:00:55.002993,0.0,0.0,0.0
2022-01-14 08:00:55.508592,0.0,0.0,0.0
2022-01-14 08:00:56.005758,0.0,0.0,0.0
2022-01-14 08:00:56.501610,0.0,0.0,0.0
2022-01-14 08:00:57.010728,0.0,0.0,0.0
2022-01-14 08:00:57.510180,0.0,0.0,0.0
2022-01-14 08:00:58.007838,0.0,0.0,0.0
2022-01-14 08:00:58.503835,0.0,0.0,0.0
2022-01-14 08:00:59.003155,0.0,0.0,0.0
2022-01-14 08:00:59.507937,0.0,0.0,0.0
2022-01-14 08:01:00.007080,0.0,0.0,0.0
2022-01-14 08:01:00.508690,0.0,0.0,0.0
2022-01-14 08:01:01.007394,0.0,0.0,0.0
2022-01-14 08:01:01.501442,0.0,0.0,0.0
2022-01-14 08:01:02.008307,0.0,0.0,0.0
2022-01-14 08:01:02.503091,0.0,0.0,0.0
2022-01-14 08:01:03.002806,0.0,0.0,0.0
2022-01-14 08:01:03.508665,0.0,0.0,0.0
2022-01-14 08:01:04.006806,0.0,0.0,0.0
2022-01-14 08:01:04.501997,0.0,0.0,0.0
2022-01-14 08:01:05.004101,0.0,0.0,0.0
2022-01-14 08:01:05.509696,0.0,0.0,0.0
2022-01-14 08:01:06.008188,0.0,0.0,0.0
2022-01-14 08:01:06.503190,0.0,0.0,0.0
2022-01-14 08:01:07.001577,0.0,0.0,0.0
2022-01-14 08:01:07.507012,0.0,0.0,0.0
2022-01-14 08:01:08.005483,0.0,0.0,0.0
2022-01-14 08:01:08.510453,0.0,0.0,0.0
2022-01-14 08:01:09.010658,0.0,0.0,0.0
2022-01-14 08:01:09.507175,0.0,0.0,0.0
2022-01-14 08:01:10.003395,0.0,0.0,0.0
2022-01-14 08:01:10.510203,0.0,0.0,0.0
2022-01-14 08:01:11.007848,0.0,0.0,0.0
2022-01-14 08:01:11.503361,0.0,0.0,0.0
2022-01-14 08:01:12.001716,0.0,0.0,0.0
2022-01-14 08:01:12.507606,0.0,0.0,0.0
2022-01-14 08:01:13.005628,0.0,0.0,0.0
2022-01-14 08:01:13.502503,0.0,0.0,0.0
2022-01-14 08:01:14.001708,0.0,0.0,0.0
2022-01-14 08:01:14.507880,0.0,0.0,0.0
2022-01-14 08:01:15.006089,0.0,0.0,0.0
2022-01-14 08:01:15.507005,0.0,0.0,0.0
2022-01-14 08:01:16.004953,0.0,0.0,0.0
2022-01-14 08:01:16.501568,0.0,0.0,0.0
2022-01-14 08:01:17.001083,0.0,0.0,0.0
2022-01-14 08:01:17.505748,0.0,0.0,0.0
2022-01-14 08:01:18.005116,0.0,0.0,0.0
2022-01-14 08:01:18.502337,0.0,0.0,0.0
2022-01-14 08:01:19.001189,0.0,0.0,0.0
2022-01-14 08:01:19.507334,0.0,0.0,0.0
2022-01-14 08:01:20.006282,0.0,0.0,0.0
2022-01-14 08:01:20.502146,0.0,0.0,0.0
2022-01-14 08:01:21.002224,0.0,0.0,0.0
2022-01-14 08:01:21.510210,0.0,0.0,0.0
2022-01-14 08:01:22.009568,0.0,0.0,0.0
2022-01-14 08:01:22.504603,0.0,0.0,0.0
2022-01-14 08:01:23.004770,0.0,0.0,0.0
2022-01-14 08:01:23.509280,0.0,0.0,0.0
2022-01-14 08:01:24.007826,0.0,0.0,0.0
2022-01-14 08:01:24.502445,0.0,0.0,0.0
2022-01-14 08:01:25.001820,0.0,0.0,0.0
2022-01-14 08:01:25.506736,0.0,0.0,0.0
2022-01-14 08:01:26.006063,0.0,0.0,0.0
2022-01-14 08:01:26.501363,0.0,0.0,0.0
2022-01-14 08:01:27.008994,0.0,0.0,0.0
2022-01-14 08:01:27.506768,0.0,0.0,0.0
2022-01-14 08:01:28.006123,0.0,0.0,0.0
2022-01-14 08:01:28.501299,0.0,0.0,0.0
2022-01-14 08:01:29.009359,0.0,0.0,0.0
2022-01-14 08:01:29.505618,0.0,0.0,0.0
2022-01-14 08:01:30.005963,0.0,0.0,0.0
2022-01-14 08:01:30.510102,0.0,0.0,0.0
2022-01-14 08:01:31.007591,0.0,0.0,0.0
2022-01-14 08:01:31.502025,0.0,0.0,0.0
2022-01-14 08:01:32.001596,0.0,0.0,0.0
2022-01-14 08:01:32.506454,0.0,0.0,0.0
2022-01-14 08:01:33.006409,0.0,0.0,0.0
2022-01-14 08:01:33.501524,0.0,0.0,0.0
2022-01-14 08:01:34.009358,0.0,0.0,0.0
2022-01-14 08:01:34.503241,0.0,0.0,0.0
2022-01-14 08:01:35.006589,0.0,0.0,0.0
2022-01-14 08:01:35.503193,0.0,0.0,0.0
2022-01-14 08:01:36.010737,0.0,0.0,0.0
2022-01-14 08:01:36.507803,0.0,0.0,0.0
2022-01-14 08:01:37.007422,0.0,0.0,0.0
2022-01-14 08:01:37.510942,0.0,0.0,0.0
2022-01-14 08:01:38.007143,0.0,0.0,0.0
2022-01-14 08:01:38.505423,0.0,0.0,0.0
2022-01-14 08:01:39.004233,0.0,0.0,0.0
2022-01-14 08:01:39.501360,0.0,0.0,0.0
2022-01-14 08:01:40.010086,0.0,0.0,0.0
2022-01-14 08:01:40.506105,0.0,0.0,0.0
2022-01-14 08:01:41.006112,0.0,0.0,0.0
2022-01-14 08:01:41.502870,0.0,0.0,0.0
2022-01-14 08:01:42.001315,0.0,0.0,0.0
2022-01-14 08:01:42.507064,0.0,0.0,0.0
2022-01-14 08:01:43.007936,0.0,0.0,0.0
2022-01-14 08:01:43.501350,0.0,0.0,0.0
2022-01-14 08:01:44.009884,0.0,0.0,0.0
2022-01-14 08:01:44.506582,0.0,0.0,0.0
2022-01-14 08:01:45.004547,0.0,0.0,0.0
2022-01-14 08:01:45.509630,0.0,0.0,0.0
2022-01-14 08:01:46.006793,0.0,0.0,0.0
2022-01-14 08:01:46.504613,0.0,0.0,0.0
2022-01-14 08:01:47.003690,0.0,0.0,0.0
2022-01-14 08:01:47.511136,0.0,0.0,0.0
2022-01-14 08:01:48.009916,0.0,0.0,0.0
2022-01-14 08:01:48.504624,0.0,0.0,0.0
2022-01-14 08:01:49.003393,0.0,0.0,0.0
2022-01-14 08:01:49.508595,0.0,0.0,0.0
2022-01-14 08:01:50.008551,0.0,0.0,0.0
2022-01-14 08:01:50.503166,0.0,0.0,0.0
2022-01-14 08:01:51.002813,0.0,0.0,0.0
2022-01-14 08:01:51.508249,0.0,0.0,0.0
2022-01-14 08:01:52.007446,0.0,0.0,0.0
2022-01-14 08:01:52.502140,0.0,0.0,0.0
2022-01-14 08:01:53.002665,0.0,0.0,0.0
2022-01-14 08:01:53.507984,0.0,0.0,0.0
2022-01-14 08:01:54.006220,0.0,0.0,0.0
2022-01-14 08:01:54.502728,0.0,0.0,0.0
2022-01-14 08:01:55.001947,0.0,0.0,0.0
2022-01-14 08:01:55.507175,0.0,0.0,0.0
2022-01-14 08:01:56.007187,0.0,0.0,0.0
2022-01-14 08:01:56.505276,0.0,0.0,0.0
2022-01-14 08:01:57.008925,0.0,0.0,0.0
2022-01-14 08:01:57.505500,0.0,0.0,0.0
2022-01-14 08:01:58.002547,0.0,0.0,0.0
2022-01-14 08:01:58.508499,0.0,0.0,0.0
2022-01-14 08:01:59.006269,0.0,0.0,0.0
2022-01-14 08:01:59.502122,0.0,0.0,0.0
2022-01-14 08:02:00.002499,0.0,0.0,0.0
2022-01-14 08:02:00.510031,0.0,0.0,0.0
2022-01-14 08:02:01.011042,0.0,0.0,0.0
2022-01-14 08:02:01.507750,0.0,0.0,0.0
2022-01-14 08:02:02.006524,0.0,0.0,0.0
2022-01-14 08:02:02.503395,0.0,0.0,0.0
2022-01-14 08:02:03.003863,0.0,0.0,0.0
2022-01-14 08:02:03.506739,0.0,0.0,0.0
2022-01-14 08:02:04.007832,0.0,0.0,0.0
2022-01-14 08:02:04.510726,0.0,0.0,0.0
2022-01-14 08:02:05.010163,0.0,0.0,0.0
2022-01-14 08:02:05.502284,0.0,0.0,0.0
2022-01-14 08:02:06.008304,0.0,0.0,0.0
2022-01-14 08:02:06.507536,0.0,0.0,0.0
2022-01-14 08:02:07.002480,0.0,0.0,0.0
2022-01-14 08:02:07.501413,0.0,0.0,0.0
2022-01-14 08:02:08.006756,0.0,0.0,0.0
2022-01-14 08:02:08.505761,0.0,0.0,0.0
2022-01-14 08:02:09.006961,0.0,0.0,0.0
2022-01-14 08:02:09.502955,0.0,0.0,0.0
2022-01-14 08:02:10.003143,0.0,0.0,0.0
2022-01-14 08:02:10.509009,0.0,0.0,0.0
2022-01-14 08:02:11.010824,0.0,0.0,0.0
2022-01-14 08:02:11.502073,0.0,0.0,0.0
2022-01-14 08:02:12.002307,0.0,0.0,0.0
2022-01-14 08:02:12.507646,0.0,0.0,0.0
2022-01-14 08:02:13.005503,0.0,0.0,0.0
2022-01-14 08:02:13.511297,0.0,0.0,0.0
2022-01-14 08:02:14.009876,0.0,0.0,0.0
2022-01-14 08:02:14.503655,0.0,0.0,0.0
2022-01-14 08:02:15.002234,0.0,0.0,0.0
2022-01-14 08:02:15.506154,0.0,0.0,0.0
2022-01-14 08:02:16.004614,0.0,0.0,0.0
2022-01-14 08:02:16.509381,0.0,0.0,0.0
2022-01-14 08:02:17.007478,0.0,0.0,0.0
2022-01-14 08:02:17.510218,0.0,0.0,0.0
2022-01-14 08:02:18.008284,0.0,0.0,0.0
2022-01-14 08:02:18.503238,0.0,0.0,0.0
2022-01-14 08:02:19.010705,0.0,0.0,0.0
2022-01-14 08:02:19.507540,0.0,0.0,0.0
2022-01-14 08:02:20.006049,0.0,0.0,0.0
2022-01-14 08:02:20.503228,0.0,0.0,0.0
2022-01-14 08:02:21.002568,0.0,0.0,0.0
2022-01-14 08:02:21.508539,0.0,0.0,0.0
2022-01-14 08:02:22.005593,0.0,0.0,0.0
2022-01-14 08:02:22.511038,0.0,0.0,0.0
2022-01-14 08:02:23.505945,0.0,0.0,0.0
2022-01-14 08:02:24.003913,0.0,0.0,0.0
2022-01-14 08:02:24.508425,0.0,0.0,0.0
2022-01-14 08:02:25.006990,0.0,0.0,0.0
2022-01-14 08:02:25.505449,0.0,0.0,0.0
2022-01-14 08:02:26.002192,0.0,0.0,0.0
2022-01-14 08:02:26.509183,0.0,0.0,0.0
2022-01-14 08:02:27.007300,0.0,0.0,0.0
2022-01-14 08:02:27.502524,0.0,0.0,0.0
2022-01-14 08:02:28.010970,0.0,0.0,0.0
2022-01-14 08:02:28.506260,0.0,0.0,0.0
2022-01-14 08:02:29.005007,0.0,0.0,0.0
2022-01-14 08:02:29.510201,0.0,0.0,0.0
2022-01-14 08:02:30.008803,0.0,0.0,0.0
2022-01-14 08:02:30.505563,0.0,0.0,0.0
2022-01-14 08:02:31.004082,0.0,0.0,0.0
2022-01-14 08:02:31.510978,0.0,0.0,0.0
2022-01-14 08:02:32.008668,0.0,0.0,0.0
2022-01-14 08:02:32.503420,0.0,0.0,0.0
2022-01-14 08:02:33.001937,0.0,0.0,0.0
2022-01-14 08:02:33.505912,0.0,0.0,0.0
2022-01-14 08:02:34.004456,0.0,0.0,0.0
2022-01-14 08:02:34.510063,0.0,0.0,0.0
2022-01-14 08:02:35.008505,0.0,0.0,0.0
2022-01-14 08:02:35.506261,0.0,0.0,0.0
2022-01-14 08:02:36.003778,0.0,0.0,0.0
2022-01-14 08:02:36.508123,0.0,0.0,0.0
2022-01-14 08:02:37.007606,0.0,0.0,0.0
2022-01-14 08:02:37.502940,0.0,0.0,0.0
2022-01-14 08:02:38.001871,0.0,0.0,0.0
2022-01-14 08:02:38.506833,0.0,0.0,0.0
2022-01-14 08:02:39.007239,0.0,0.0,0.0
2022-01-14 08:02:39.501336,0.0,0.0,0.0
2022-01-14 08:02:40.001346,0.0,0.0,0.0
2022-01-14 08:02:40.507281,0.0,0.0,0.0
2022-01-14 08:02:41.005897,0.0,0.0,0.0
2022-01-14 08:02:41.510384,0.0,0.0,0.0
2022-01-14 08:02:42.009458,0.0,0.0,0.0
2022-01-14 08:02:42.506274,0.0,0.0,0.0
2022-01-14 08:02:43.006461,0.0,0.0,0.0
2022-01-14 08:02:43.503031,0.0,0.0,0.0
2022-01-14 08:02:44.001662,0.0,0.0,0.0
2022-01-14 08:02:44.509075,0.0,0.0,0.0
2022-01-14 08:02:45.009457,0.0,0.0,0.0
2022-01-14 08:02:45.504798,0.0,0.0,0.0
2022-01-14 08:02:46.002635,0.0,0.0,0.0
2022-01-14 08:02:46.508440,0.0,0.0,0.0
2022-01-14 08:02:47.006724,0.0,0.0,0.0
2022-01-14 08:02:47.501954,0.0,0.0,0.0
2022-01-14 08:02:48.010735,0.0,0.0,0.0
2022-01-14 08:02:48.507169,0.0,0.0,0.0
2022-01-14 08:02:49.007625,0.0,0.0,0.0
2022-01-14 08:02:49.503417,0.0,0.0,0.0
2022-01-14 08:02:50.001419,0.0,0.0,0.0
2022-01-14 08:02:50.507275,0.0,0.0,0.0
2022-01-14 08:02:51.006066,0.0,0.0,0.0
2022-01-14 08:02:51.509991,0.0,0.0,0.0
2022-01-14 08:02:52.007888,0.0,0.0,0.0
2022-01-14 08:02:52.502508,0.0,0.0,0.0
2022-01-14 08:02:53.003507,0.0,0.0,0.0
2022-01-14 08:02:53.507550,0.0,0.0,0.0
2022-01-14 08:02:54.005764,0.0,0.0,0.0
2022-01-14 08:02:54.501638,0.0,0.0,0.0
2022-01-14 08:02:55.001396,0.0,0.0,0.0
2022-01-14 08:02:55.506666,0.0,0.0,0.0
2022-01-14 08:02:56.005714,0.0,0.0,0.0
2022-01-14 08:02:56.501064,0.0,0.0,0.0
2022-01-14 08:02:57.007913,0.0,0.0,0.0
2022-01-14 08:02:57.506731,0.0,0.0,0.0
2022-01-14 08:02:58.005655,0.0,0.0,0.0
2022-01-14 08:02:58.510580,0.0,0.0,0.0
2022-01-14 08:02:59.010136,0.0,0.0,0.0
2022-01-14 08:02:59.503835,0.0,0.0,0.0
2022-01-14 08:03:00.002195,0.0,0.0,0.0
2022-01-14 08:03:00.506845,0.0,0.0,0.0
2022-01-14 08:03:01.006903,0.0,0.0,0.0
2022-01-14 08:03:01.503276,0.0,0.0,0.0
2022-01-14 08:03:02.001264,0.0,0.0,0.0
2022-01-14 08:03:02.506858,0.0,0.0,0.0
2022-01-14 08:03:03.005189,0.0,0.0,0.0
2022-01-14 08:03:03.510457,0.0,0.0,0.0
2022-01-14 08:03:04.008398,0.0,0.0,0.0
2022-01-14 08:03:04.503502,0.0,0.0,0.0
2022-01-14 08:03:05.002130,0.0,0.0,0.0
2022-01-14 08:03:05.509185,0.0,0.0,0.0
2022-01-14 08:03:06.009094,0.0,0.0,0.0
2022-01-14 08:03:06.503993,0.0,0.0,0.0
2022-01-14 08:03:07.002179,0.0,0.0,0.0
2022-01-14 08:03:07.506321,0.0,0.0,0.0
2022-01-14 08:03:08.004493,0.0,0.0,0.0
2022-01-14 08:03:08.508048,0.0,0.0,0.0
2022-01-14 08:03:09.006257,0.0,0.0,0.0
2022-01-14 08:03:09.502353,0.0,0.0,0.0
2022-01-14 08:03:10.010026,0.0,0.0,0.0
2022-01-14 08:03:10.505611,0.0,0.0,0.0
2022-01-14 08:03:11.004126,0.0,0.0,0.0
2022-01-14 08:03:11.510648,0.0,0.0,0.0
2022-01-14 08:03:12.009510,0.0,0.0,0.0
2022-01-14 08:03:12.506022,0.0,0.0,0.0
2022-01-14 08:03:13.004427,0.0,0.0,0.0
2022-01-14 08:03:13.510469,0.0,0.0,0.0
2022-01-14 08:03:14.008531,0.0,0.0,0.0
2022-01-14 08:03:14.503926,0.0,0.0,0.0
2022-01-14 08:03:15.005061,0.0,0.0,0.0
2022-01-14 08:03:15.510206,0.0,0.0,0.0
2022-01-14 08:03:16.009540,0.0,0.0,0.0
2022-01-14 08:03:16.504054,0.0,0.0,0.0
2022-01-14 08:03:17.001651,0.0,0.0,0.0
2022-01-14 08:03:17.507463,0.0,0.0,0.0
2022-01-14 08:03:18.005246,0.0,0.0,0.0
2022-01-14 08:03:18.510551,0.0,0.0,0.0
2022-01-14 08:03:19.009699,0.0,0.0,0.0
2022-01-14 08:03:19.504633,0.0,0.0,0.0
2022-01-14 08:03:20.003264,0.0,0.0,0.0
2022-01-14 08:03:20.508238,0.0,0.0,0.0
2022-01-14 08:03:21.007377,0.0,0.0,0.0
2022-01-14 08:03:21.502223,0.0,0.0,0.0
2022-01-14 08:03:22.007293,0.0,0.0,0.0
2022-01-14 08:03:22.510152,0.0,0.0,0.0
2022-01-14 08:03:23.006465,0.0,0.0,0.0
2022-01-14 08:03:23.505177,0.0,0.0,0.0
2022-01-14 08:03:24.004730,0.0,0.0,0.0
2022-01-14 08:03:24.510130,0.0,0.0,0.0
2022-01-14 08:03:25.007117,0.0,0.0,0.0
2022-01-14 08:03:25.502601,0.0,0.0,0.0
2022-01-14 08:03:26.002269,0.0,0.0,0.0
2022-01-14 08:03:26.505343,0.0,0.0,0.0
2022-01-14 08:03:27.009948,0.0,0.0,0.0
2022-01-14 08:03:27.506022,0.0,0.0,0.0
2022-01-14 08:03:28.006639,0.0,0.0,0.0
2022-01-14 08:03:28.502613,0.0,0.0,0.0
2022-01-14 08:03:29.010656,0.0,0.0,0.0
2022-01-14 08:03:29.508603,0.0,0.0,0.0
2022-01-14 08:03:30.007395,0.0,0.0,0.0
2022-01-14 08:03:30.503119,0.0,0.0,0.0
2022-01-14 08:03:31.002181,0.0,0.0,0.0
2022-01-14 08:03:31.507497,0.0,0.0,0.0
2022-01-14 08:03:32.005533,0.0,0.0,0.0
2022-01-14 08:03:32.502881,0.0,0.0,0.0
2022-01-14 08:03:33.002638,0.0,0.0,0.0
2022-01-14 08:03:33.507512,0.0,0.0,0.0
2022-01-14 08:03:34.007312,0.0,0.0,0.0
2022-01-14 08:03:34.502002,0.0,0.0,0.0
2022-01-14 08:03:35.002249,0.0,0.0,0.0
2022-01-14 08:03:35.509331,0.0,0.0,0.0
2022-01-14 08:03:36.007763,0.0,0.0,0.0
2022-01-14 08:03:36.504602,0.0,0.0,0.0
2022-01-14 08:03:37.003263,0.0,0.0,0.0
2022-01-14 08:03:37.508580,0.0,0.0,0.0
2022-01-14 08:03:38.007679,0.0,0.0,0.0
2022-01-14 08:03:38.503116,0.0,0.0,0.0
2022-01-14 08:03:39.008998,0.0,0.0,0.0
2022-01-14 08:03:39.503304,0.0,0.0,0.0
2022-01-14 08:03:40.001524,0.0,0.0,0.0
2022-01-14 08:03:40.506549,0.0,0.0,0.0
2022-01-14 08:03:41.006894,0.0,0.0,0.0
2022-01-14 08:03:41.501462,0.0,0.0,0.0
2022-01-14 08:03:42.010917,0.0,0.0,0.0
2022-01-14 08:03:42.506638,0.0,0.0,0.0
2022-01-14 08:03:43.006954,0.0,0.0,0.0
2022-01-14 08:03:43.503978,0.0,0.0,0.0
2022-01-14 08:03:44.005493,0.0,0.0,0.0
2022-01-14 08:03:44.510788,0.0,0.0,0.0
2022-01-14 08:03:45.008869,0.0,0.0,0.0
2022-01-14 08:03:45.509450,0.0,0.0,0.0
2022-01-14 08:03:46.010792,0.0,0.0,0.0
2022-01-14 08:03:46.507171,0.0,0.0,0.0
2022-01-14 08:03:47.006282,0.0,0.0,0.0
2022-01-14 08:03:47.501124,0.0,0.0,0.0
2022-01-14 08:03:48.008772,0.0,0.0,0.0
2022-01-14 08:03:48.504838,0.0,0.0,0.0
2022-01-14 08:03:49.003829,0.0,0.0,0.0
2022-01-14 08:03:49.505528,0.0,0.0,0.0
2022-01-14 08:03:50.006057,0.0,0.0,0.0
2022-01-14 08:03:50.510396,0.0,0.0,0.0
2022-01-14 08:03:51.010044,0.0,0.0,0.0
2022-01-14 08:03:51.505798,0.0,0.0,0.0
2022-01-14 08:03:52.002714,0.0,0.0,0.0
2022-01-14 08:03:52.509275,0.0,0.0,0.0
2022-01-14 08:03:53.008583,0.0,0.0,0.0
2022-01-14 08:03:53.510967,0.0,0.0,0.0
2022-01-14 08:03:54.009180,0.0,0.0,0.0
2022-01-14 08:03:54.509077,0.0,0.0,0.0
2022-01-14 08:03:55.009613,0.0,0.0,0.0
2022-01-14 08:03:55.504183,0.0,0.0,0.0
2022-01-14 08:03:56.003123,0.0,0.0,0.0
2022-01-14 08:03:56.510225,0.0,0.0,0.0
2022-01-14 08:03:57.009617,0.0,0.0,0.0
2022-01-14 08:03:57.504591,0.0,0.0,0.0
2022-01-14 08:03:58.002440,0.0,0.0,0.0
2022-01-14 08:03:58.508048,0.0,0.0,0.0
2022-01-14 08:03:59.007508,0.0,0.0,0.0
2022-01-14 08:03:59.503170,0.0,0.0,0.0
2022-01-14 08:04:00.503859,0.0,0.0,0.0
2022-01-14 08:04:01.009578,0.0,0.0,0.0
2022-01-14 08:04:01.504249,0.0,0.0,0.0
2022-01-14 08:04:02.001872,0.0,0.0,0.0
2022-01-14 08:04:02.507660,0.0,0.0,0.0
2022-01-14 08:04:03.007545,0.0,0.0,0.0
2022-01-14 08:04:03.502739,0.0,0.0,0.0
2022-01-14 08:04:04.001508,0.0,0.0,0.0
2022-01-14 08:04:04.509873,0.0,0.0,0.0
2022-01-14 08:04:05.008591,0.0,0.0,0.0
2022-01-14 08:04:05.504346,0.0,0.0,0.0
2022-01-14 08:04:06.002508,0.0,0.0,0.0
2022-01-14 08:04:06.508452,0.0,0.0,0.0
2022-01-14 08:04:07.006304,0.0,0.0,0.0
2022-01-14 08:04:07.502394,0.0,0.0,0.0
2022-01-14 08:04:08.001724,0.0,0.0,0.0
2022-01-14 08:04:08.509082,0.0,0.0,0.0
2022-01-14 08:04:09.007225,0.0,0.0,0.0
2022-01-14 08:04:09.505575,0.0,0.0,0.0
2022-01-14 08:04:10.002869,0.0,0.0,0.0
2022-01-14 08:04:10.508003,0.0,0.0,0.0
2022-01-14 08:04:11.003833,0.0,0.0,0.0
2022-01-14 08:04:11.507901,0.0,0.0,0.0
2022-01-14 08:04:12.005672,0.0,0.0,0.0
2022-01-14 08:04:12.510876,0.0,0.0,0.0
2022-01-14 08:04:13.010655,0.0,0.0,0.0
2022-01-14 08:04:13.507363,0.0,0.0,0.0
2022-01-14 08:04:14.005557,0.0,0.0,0.0
2022-01-14 08:04:14.501513,0.0,0.0,0.0
2022-01-14 08:04:15.010605,0.0,0.0,0.0
2022-01-14 08:04:15.506674,0.0,0.0,0.0
2022-01-14 08:04:16.003636,0.0,0.0,0.0
2022-01-14 08:04:16.510171,0.0,0.0,0.0
2022-01-14 08:04:17.008428,0.0,0.0,0.0
2022-01-14 08:04:17.506045,0.0,0.0,0.0
2022-01-14 08:04:18.004645,0.0,0.0,0.0
2022-01-14 08:04:18.501409,0.0,0.0,0.0
2022-01-14 08:04:19.008610,0.0,0.0,0.0
2022-01-14 08:04:19.506643,0.0,0.0,0.0
2022-01-14 08:04:20.004852,0.0,0.0,0.0
2022-01-14 08:04:20.509316,0.0,0.0,0.0
2022-01-14 08:04:21.001306,0.0,0.0,0.0
2022-01-14 08:04:21.507077,0.0,0.0,0.0
2022-01-14 08:04:22.006109,0.0,0.0,0.0
2022-01-14 08:04:22.511224,0.0,0.0,0.0
2022-01-14 08:04:23.009099,0.0,0.0,0.0
2022-01-14 08:04:23.503437,0.0,0.0,0.0
2022-01-14 08:04:24.002419,0.0,0.0,0.0
2022-01-14 08:04:24.508161,0.0,0.0,0.0
2022-01-14 08:04:25.006201,0.0,0.0,0.0
2022-01-14 08:04:25.502756,0.0,0.0,0.0
2022-01-14 08:04:26.002098,0.0,0.0,0.0
2022-01-14 08:04:26.509707,0.0,0.0,0.0
2022-01-14 08:04:27.007977,0.0,0.0,0.0
2022-01-14 08:04:27.502566,0.0,0.0,0.0
2022-01-14 08:04:28.002044,0.0,0.0,0.0
2022-01-14 08:04:28.507790,0.0,0.0,0.0
2022-01-14 08:04:29.005590,0.0,0.0,0.0
2022-01-14 08:04:29.510766,0.0,0.0,0.0
2022-01-14 08:04:30.008996,0.0,0.0,0.0
2022-01-14 08:04:30.503426,0.0,0.0,0.0
2022-01-14 08:04:31.003123,0.0,0.0,0.0
2022-01-14 08:04:31.508117,0.0,0.0,0.0
2022-01-14 08:04:32.005929,0.0,0.0,0.0
2022-01-14 08:04:32.510175,0.0,0.0,0.0
2022-01-14 08:04:33.009633,0.0,0.0,0.0
2022-01-14 08:04:33.503598,0.0,0.0,0.0
2022-01-14 08:04:34.002962,0.0,0.0,0.0
2022-01-14 08:04:34.507796,0.0,0.0,0.0
2022-01-14 08:04:35.007388,0.0,0.0,0.0
2022-01-14 08:04:35.504107,0.0,0.0,0.0
2022-01-14 08:04:36.002133,0.0,0.0,0.0
2022-01-14 08:04:36.508307,0.0,0.0,0.0
2022-01-14 08:04:37.007187,0.0,0.0,0.0
2022-01-14 08:04:37.501551,0.0,0.0,0.0
2022-01-14 08:04:38.009054,0.0,0.0,0.0
2022-01-14 08:04:38.504686,0.0,0.0,0.0
2022-01-14 08:04:39.001501,0.0,0.0,0.0
2022-01-14 08:04:39.506795,0.0,0.0,0.0
2022-01-14 08:04:40.006557,0.0,0.0,0.0
2022-01-14 08:04:40.502496,0.0,0.0,0.0
2022-01-14 08:04:41.010185,0.0,0.0,0.0
2022-01-14 08:04:41.506356,0.0,0.0,0.0
2022-01-14 08:04:42.004037,0.0,0.0,0.0
2022-01-14 08:04:42.508670,0.0,0.0,0.0
2022-01-14 08:04:43.008765,0.0,0.0,0.0
2022-01-14 08:04:43.506046,0.0,0.0,0.0
2022-01-14 08:04:44.004063,0.0,0.0,0.0
2022-01-14 08:04:44.509653,0.0,0.0,0.0
2022-01-14 08:04:45.007019,0.0,0.0,0.0
2022-01-14 08:04:45.501842,0.0,0.0,0.0
2022-01-14 08:04:46.008456,0.0,0.0,0.0
2022-01-14 08:04:46.506518,0.0,0.0,0.0
2022-01-14 08:04:47.003540,0.0,0.0,0.0
2022-01-14 08:04:47.507411,0.0,0.0,0.0
2022-01-14 08:04:48.010943,0.0,0.0,0.0
2022-01-14 08:04:48.507020,0.0,0.0,0.0
2022-01-14 08:04:49.005597,0.0,0.0,0.0
2022-01-14 08:04:49.506326,0.0,0.0,0.0
2022-01-14 08:04:50.006757,0.0,0.0,0.0
2022-01-14 08:04:50.511237,0.0,0.0,0.0
2022-01-14 08:04:51.008030,0.0,0.0,0.0
2022-01-14 08:04:51.503529,0.0,0.0,0.0
2022-01-14 08:04:52.002817,0.0,0.0,0.0
2022-01-14 08:04:52.508073,0.0,0.0,0.0
2022-01-14 08:04:53.007892,0.0,0.0,0.0
2022-01-14 08:04:53.502900,0.0,0.0,0.0
2022-01-14 08:04:54.010986,0.0,0.0,0.0
2022-01-14 08:04:54.505768,0.0,0.0,0.0
2022-01-14 08:04:55.006769,0.0,0.0,0.0
2022-01-14 08:04:55.504080,0.0,0.0,0.0
2022-01-14 08:04:56.003733,0.0,0.0,0.0
2022-01-14 08:04:56.508641,0.0,0.0,0.0
2022-01-14 08:04:57.006535,0.0,0.0,0.0
2022-01-14 08:04:57.502275,0.0,0.0,0.0
2022-01-14 08:04:58.010066,0.0,0.0,0.0
2022-01-14 08:04:58.505907,0.0,0.0,0.0
2022-01-14 08:04:59.004164,0.0,0.0,0.0
2022-01-14 08:04:59.501129,0.0,0.0,0.0
2022-01-14 08:05:00.008267,0.0,0.0,0.0
2022-01-14 08:05:00.503762,0.0,0.0,0.0
2022-01-14 08:05:01.001565,0.0,0.0,0.0
2022-01-14 08:05:01.509568,0.0,0.0,0.0
2022-01-14 08:05:02.007687,0.0,0.0,0.0
2022-01-14 08:05:02.501771,0.0,0.0,0.0
2022-01-14 08:05:03.011225,0.0,0.0,0.0
2022-01-14 08:05:03.506169,0.0,0.0,0.0
2022-01-14 08:05:04.005468,0.0,0.0,0.0
2022-01-14 08:05:04.510143,0.0,0.0,0.0
2022-01-14 08:05:05.008232,0.0,0.0,0.0
2022-01-14 08:05:05.504823,0.0,0.0,0.0
2022-01-14 08:05:06.002783,0.0,0.0,0.0
2022-01-14 08:05:06.507277,0.0,0.0,0.0
2022-01-14 08:05:07.005833,0.0,0.0,0.0
2022-01-14 08:05:07.501505,0.0,0.0,0.0
2022-01-14 08:05:08.009103,0.0,0.0,0.0
2022-01-14 08:05:08.505564,0.0,0.0,0.0
2022-01-14 08:05:09.003283,0.0,0.0,0.0
2022-01-14 08:05:09.508755,0.0,0.0,0.0
2022-01-14 08:05:10.005847,0.0,0.0,0.0
2022-01-14 08:05:10.507492,0.0,0.0,0.0
2022-01-14 08:05:11.005540,0.0,0.0,0.0
2022-01-14 08:05:11.510755,0.0,0.0,0.0
2022-01-14 08:05:12.008798,0.0,0.0,0.0
2022-01-14 08:05:12.502691,0.0,0.0,0.0
2022-01-14 08:05:13.006196,0.0,0.0,0.0
2022-01-14 08:05:13.505500,0.0,0.0,0.0
2022-01-14 08:05:14.002751,0.0,0.0,0.0
2022-01-14 08:05:14.510188,0.0,0.0,0.0
2022-01-14 08:05:15.010555,0.0,0.0,0.0
2022-01-14 08:05:15.504443,0.0,0.0,0.0
2022-01-14 08:05:16.001405,0.0,0.0,0.0
2022-01-14 08:05:16.506280,0.0,0.0,0.0
2022-01-14 08:05:17.004581,0.0,0.0,0.0
2022-01-14 08:05:17.510100,0.0,0.0,0.0
2022-01-14 08:05:18.006948,0.0,0.0,0.0
2022-01-14 08:05:18.502311,0.0,0.0,0.0
2022-01-14 08:05:19.001622,0.0,0.0,0.0
2022-01-14 08:05:19.508108,0.0,0.0,0.0
2022-01-14 08:05:20.006082,0.0,0.0,0.0
2022-01-14 08:05:20.502017,0.0,0.0,0.0
2022-01-14 08:05:21.006287,0.0,0.0,0.0
2022-01-14 08:05:21.502263,0.0,0.0,0.0
2022-01-14 08:05:22.008777,0.0,0.0,0.0
2022-01-14 08:05:22.505604,0.0,0.0,0.0
2022-01-14 08:05:23.002158,0.0,0.0,0.0
2022-01-14 08:05:23.504542,0.0,0.0,0.0
2022-01-14 08:05:24.003518,0.0,0.0,0.0
2022-01-14 08:05:24.510706,0.0,0.0,0.0
2022-01-14 08:05:25.004239,0.0,0.0,0.0
2022-01-14 08:05:25.504787,0.0,0.0,0.0
2022-01-14 08:05:26.008352,0.0,0.0,0.0
2022-01-14 08:05:26.506222,0.0,0.0,0.0
2022-01-14 08:05:27.009484,0.0,0.0,0.0
2022-01-14 08:05:27.501176,0.0,0.0,0.0
2022-01-14 08:05:28.010134,0.0,0.0,0.0
2022-01-14 08:05:28.508890,0.0,0.0,0.0
2022-01-14 08:05:29.005332,0.0,0.0,0.0
2022-01-14 08:05:29.509837,0.0,0.0,0.0
2022-01-14 08:05:30.006960,0.0,0.0,0.0
2022-01-14 08:05:30.503731,0.0,0.0,0.0
2022-01-14 08:05:31.505020,0.0,0.0,0.0
2022-01-14 08:05:32.002974,0.0,0.0,0.0
2022-01-14 08:05:32.510996,0.0,0.0,0.0
2022-01-14 08:05:33.010257,0.0,0.0,0.0
2022-01-14 08:05:33.501135,0.0,0.0,0.0
2022-01-14 08:05:34.008987,0.0,0.0,0.0
2022-01-14 08:05:34.504205,0.0,0.0,0.0
2022-01-14 08:05:35.003368,0.0,0.0,0.0
2022-01-14 08:05:35.509063,0.0,0.0,0.0
2022-01-14 08:05:36.007233,0.0,0.0,0.0
2022-01-14 08:05:36.503981,0.0,0.0,0.0
2022-01-14 08:05:37.002055,0.0,0.0,0.0
2022-01-14 08:05:37.507159,0.0,0.0,0.0
2022-01-14 08:05:38.005884,0.0,0.0,0.0
2022-01-14 08:05:38.501530,0.0,0.0,0.0
2022-01-14 08:05:39.004885,0.0,0.0,0.0
2022-01-14 08:05:39.501248,0.0,0.0,0.0
2022-01-14 08:05:40.008913,0.0,0.0,0.0
2022-01-14 08:05:40.502747,0.0,0.0,0.0
2022-01-14 08:05:41.010987,0.0,0.0,0.0
2022-01-14 08:05:41.505776,0.0,0.0,0.0
2022-01-14 08:05:42.003833,0.0,0.0,0.0
2022-01-14 08:05:42.509982,0.0,0.0,0.0
2022-01-14 08:05:43.010152,0.0,0.0,0.0
2022-01-14 08:05:43.507628,0.0,0.0,0.0
2022-01-14 08:05:44.005295,0.0,0.0,0.0
2022-01-14 08:05:44.503016,0.0,0.0,0.0
2022-01-14 08:05:45.010222,0.0,0.0,0.0
2022-01-14 08:05:45.504653,0.0,0.0,0.0
2022-01-14 08:05:46.002791,0.0,0.0,0.0
2022-01-14 08:05:46.510002,0.0,0.0,0.0
2022-01-14 08:05:47.007244,0.0,0.0,0.0
2022-01-14 08:05:47.501179,0.0,0.0,0.0
2022-01-14 08:05:48.009996,0.0,0.0,0.0
2022-01-14 08:05:48.506073,0.0,0.0,0.0
2022-01-14 08:05:49.004772,0.0,0.0,0.0
2022-01-14 08:05:49.509457,0.0,0.0,0.0
2022-01-14 08:05:50.010209,0.0,0.0,0.0
2022-01-14 08:05:50.505582,0.0,0.0,0.0
2022-01-14 08:05:51.002910,0.0,0.0,0.0
2022-01-14 08:05:51.509506,0.0,0.0,0.0
2022-01-14 08:05:52.007727,0.0,0.0,0.0
2022-01-14 08:05:52.504472,0.0,0.0,0.0
2022-01-14 08:05:53.004744,0.0,0.0,0.0
2022-01-14 08:05:53.510089,0.0,0.0,0.0
2022-01-14 08:05:54.009154,0.0,0.0,0.0
2022-01-14 08:05:54.504869,0.0,0.0,0.0
2022-01-14 08:05:55.002350,0.0,0.0,0.0
2022-01-14 08:05:55.507499,0.0,0.0,0.0
2022-01-14 08:05:56.005364,0.0,0.0,0.0
2022-01-14 08:05:56.509530,0.0,0.0,0.0
2022-01-14 08:05:57.008514,0.0,0.0,0.0
2022-01-14 08:05:57.506517,0.0,0.0,0.0
2022-01-14 08:05:58.006138,0.0,0.0,0.0
2022-01-14 08:05:58.509531,0.0,0.0,0.0
2022-01-14 08:05:59.007325,0.0,0.0,0.0
2022-01-14 08:05:59.502040,0.0,0.0,0.0
2022-01-14 08:06:00.010089,0.0,0.0,0.0
2022-01-14 08:06:00.503173,0.0,0.0,0.0
2022-01-14 08:06:01.010656,0.0,0.0,0.0
2022-01-14 08:06:01.508810,0.0,0.0,0.0
2022-01-14 08:06:02.006198,0.0,0.0,0.0
2022-01-14 08:06:02.502767,0.0,0.0,0.0
2022-01-14 08:06:03.003804,0.0,0.0,0.0
2022-01-14 08:06:03.510073,0.0,0.0,0.0
2022-01-14 08:06:04.008527,0.0,0.0,0.0
2022-01-14 08:06:04.502458,0.0,0.0,0.0
2022-01-14 08:06:05.010273,0.0,0.0,0.0
2022-01-14 08:06:05.504783,0.0,0.0,0.0
2022-01-14 08:06:06.005319,0.0,0.0,0.0
2022-01-14 08:06:06.509950,0.0,0.0,0.0
2022-01-14 08:06:07.008455,0.0,0.0,0.0
2022-01-14 08:06:07.503111,0.0,0.0,0.0
2022-01-14 08:06:08.001751,0.0,0.0,0.0
2022-01-14 08:06:08.506483,0.0,0.0,0.0
2022-01-14 08:06:09.006138,0.0,0.0,0.0
2022-01-14 08:06:09.510697,0.0,0.0,0.0
2022-01-14 08:06:10.009105,0.0,0.0,0.0
2022-01-14 08:06:10.506203,0.0,0.0,0.0
2022-01-14 08:06:11.003978,0.0,0.0,0.0
2022-01-14 08:06:11.509834,0.0,0.0,0.0
2022-01-14 08:06:12.010029,0.0,0.0,0.0
2022-01-14 08:06:12.504908,0.0,0.0,0.0
2022-01-14 08:06:13.002191,0.0,0.0,0.0
2022-01-14 08:06:13.507154,0.0,0.0,0.0
2022-01-14 08:06:14.005521,0.0,0.0,0.0
2022-01-14 08:06:14.502129,0.0,0.0,0.0
2022-01-14 08:06:15.010249,0.0,0.0,0.0
2022-01-14 08:06:15.504343,0.0,0.0,0.0
2022-01-14 08:06:16.002030,0.0,0.0,0.0
2022-01-14 08:06:16.507177,0.0,0.0,0.0
2022-01-14 08:06:17.006659,0.0,0.0,0.0
2022-01-14 08:06:17.501665,0.0,0.0,0.0
2022-01-14 08:06:18.001184,0.0,0.0,0.0
2022-01-14 08:06:18.506322,0.0,0.0,0.0
2022-01-14 08:06:19.007766,0.0,0.0,0.0
2022-01-14 08:06:19.507129,0.0,0.0,0.0
2022-01-14 08:06:20.006888,0.0,0.0,0.0
2022-01-14 08:06:20.502082,0.0,0.0,0.0
2022-01-14 08:06:21.004644,0.0,0.0,0.0
2022-01-14 08:06:21.510155,0.0,0.0,0.0
2022-01-14 08:06:22.007757,0.0,0.0,0.0
2022-01-14 08:06:22.502423,0.0,0.0,0.0
2022-01-14 08:06:23.002411,0.0,0.0,0.0
2022-01-14 08:06:23.508766,0.0,0.0,0.0
2022-01-14 08:06:24.007165,0.0,0.0,0.0
2022-01-14 08:06:24.501815,0.0,0.0,0.0
2022-01-14 08:06:25.010058,0.0,0.0,0.0
2022-01-14 08:06:25.504888,0.0,0.0,0.0
2022-01-14 08:06:26.005176,0.0,0.0,0.0
2022-01-14 08:06:26.509512,0.0,0.0,0.0
2022-01-14 08:06:27.008289,0.0,0.0,0.0
2022-01-14 08:06:27.501698,0.0,0.0,0.0
2022-01-14 08:06:28.010904,0.0,0.0,0.0
2022-01-14 08:06:28.506234,0.0,0.0,0.0
2022-01-14 08:06:29.005083,0.0,0.0,0.0
2022-01-14 08:06:29.510895,0.0,0.0,0.0
2022-01-14 08:06:30.009706,0.0,0.0,0.0
2022-01-14 08:06:30.505016,0.0,0.0,0.0
2022-01-14 08:06:31.003906,0.0,0.0,0.0
2022-01-14 08:06:31.507865,0.0,0.0,0.0
2022-01-14 08:06:32.005704,0.0,0.0,0.0
2022-01-14 08:06:32.503464,0.0,0.0,0.0
2022-01-14 08:06:33.001691,0.0,0.0,0.0
2022-01-14 08:06:33.507893,0.0,0.0,0.0
2022-01-14 08:06:34.007284,0.0,0.0,0.0
2022-01-14 08:06:34.502564,0.0,0.0,0.0
2022-01-14 08:06:35.009930,0.0,0.0,0.0
2022-01-14 08:06:35.504666,0.0,0.0,0.0
2022-01-14 08:06:36.002576,0.0,0.0,0.0
2022-01-14 08:06:36.509433,0.0,0.0,0.0
2022-01-14 08:06:37.007931,0.0,0.0,0.0
2022-01-14 08:06:37.502037,0.0,0.0,0.0
2022-01-14 08:06:38.011171,0.0,0.0,0.0
2022-01-14 08:06:38.506220,0.0,0.0,0.0
2022-01-14 08:06:39.003468,0.0,0.0,0.0
2022-01-14 08:06:39.510583,0.0,0.0,0.0
2022-01-14 08:06:40.008631,0.0,0.0,0.0
2022-01-14 08:06:40.502351,0.0,0.0,0.0
2022-01-14 08:06:41.005485,0.0,0.0,0.0
2022-01-14 08:06:41.502009,0.0,0.0,0.0
2022-01-14 08:06:42.009607,0.0,0.0,0.0
2022-01-14 08:06:42.504034,0.0,0.0,0.0
2022-01-14 08:06:43.003169,0.0,0.0,0.0
2022-01-14 08:06:43.507621,0.0,0.0,0.0
2022-01-14 08:06:44.005677,0.0,0.0,0.0
2022-01-14 08:06:44.504873,0.0,0.0,0.0
2022-01-14 08:06:45.009005,0.0,0.0,0.0
2022-01-14 08:06:45.507033,0.0,0.0,0.0
2022-01-14 08:06:46.004565,0.0,0.0,0.0
2022-01-14 08:06:46.510156,0.0,0.0,0.0
2022-01-14 08:06:47.007035,0.0,0.0,0.0
2022-01-14 08:06:47.502439,0.0,0.0,0.0
2022-01-14 08:06:48.002302,0.0,0.0,0.0
2022-01-14 08:06:48.507079,0.0,0.0,0.0
2022-01-14 08:06:49.005386,0.0,0.0,0.0
2022-01-14 08:06:49.509813,0.0,0.0,0.0
2022-01-14 08:06:50.010978,0.0,0.0,0.0
2022-01-14 08:06:50.506648,0.0,0.0,0.0
2022-01-14 08:06:51.008955,0.0,0.0,0.0
2022-01-14 08:06:51.504041,0.0,0.0,0.0
2022-01-14 08:06:52.002999,0.0,0.0,0.0
2022-01-14 08:06:52.509240,0.0,0.0,0.0
2022-01-14 08:06:53.006869,0.0,0.0,0.0
2022-01-14 08:06:53.500986,0.0,0.0,0.0
2022-01-14 08:06:54.008460,0.0,0.0,0.0
2022-01-14 08:06:54.504062,0.0,0.0,0.0
2022-01-14 08:06:55.003327,0.0,0.0,0.0
2022-01-14 08:06:55.504325,0.0,0.0,0.0
2022-01-14 08:06:56.001364,0.0,0.0,0.0
2022-01-14 08:06:56.506670,0.0,0.0,0.0
2022-01-14 08:06:57.006316,0.0,0.0,0.0
2022-01-14 08:06:57.510591,0.0,0.0,0.0
2022-01-14 08:06:58.007519,0.0,0.0,0.0
2022-01-14 08:06:58.502225,0.0,0.0,0.0
2022-01-14 08:06:59.001420,0.0,0.0,0.0
2022-01-14 08:06:59.505568,0.0,0.0,0.0
2022-01-14 08:07:00.009798,0.0,0.0,0.0
2022-01-14 08:07:00.503661,0.0,0.0,0.0
2022-01-14 08:07:01.002351,0.0,0.0,0.0
2022-01-14 08:07:01.506852,0.0,0.0,0.0
2022-01-14 08:07:02.005437,0.0,0.0,0.0
2022-01-14 08:07:02.510306,0.0,0.0,0.0
2022-01-14 08:07:03.009895,0.0,0.0,0.0
2022-01-14 08:07:03.508563,0.0,0.0,0.0
2022-01-14 08:07:04.006593,0.0,0.0,0.0
2022-01-14 08:07:04.501237,0.0,0.0,0.0
2022-01-14 08:07:05.010030,0.0,0.0,0.0
2022-01-14 08:07:05.505761,0.0,0.0,0.0
2022-01-14 08:07:06.004655,0.0,0.0,0.0
2022-01-14 08:07:07.005903,0.0,0.0,0.0
2022-01-14 08:07:07.505105,0.0,0.0,0.0
2022-01-14 08:07:08.004486,0.0,0.0,0.0
2022-01-14 08:07:08.510625,0.0,0.0,0.0
2022-01-14 08:07:09.009017,0.0,0.0,0.0
2022-01-14 08:07:09.503428,0.0,0.0,0.0
2022-01-14 08:07:10.505501,0.0,0.0,0.0
2022-01-14 08:07:11.003693,0.0,0.0,0.0
2022-01-14 08:07:11.507909,0.0,0.0,0.0
2022-01-14 08:07:12.005925,0.0,0.0,0.0
2022-01-14 08:07:12.502754,0.0,0.0,0.0
2022-01-14 08:07:13.002184,0.0,0.0,0.0
2022-01-14 08:07:13.506779,0.0,0.0,0.0
2022-01-14 08:07:14.005011,0.0,0.0,0.0
2022-01-14 08:07:14.501093,0.0,0.0,0.0
2022-01-14 08:07:15.008910,0.0,0.0,0.0
2022-01-14 08:07:15.505264,0.0,0.0,0.0
2022-01-14 08:07:16.002341,0.0,0.0,0.0
2022-01-14 08:07:16.507515,0.0,0.0,0.0
2022-01-14 08:07:17.005502,0.0,0.0,0.0
2022-01-14 08:07:17.503761,0.0,0.0,0.0
2022-01-14 08:07:18.002070,0.0,0.0,0.0
2022-01-14 08:07:18.508126,0.0,0.0,0.0
2022-01-14 08:07:19.006247,0.0,0.0,0.0
2022-01-14 08:07:19.501737,0.0,0.0,0.0
2022-01-14 08:07:20.010086,0.0,0.0,0.0
2022-01-14 08:07:20.506158,0.0,0.0,0.0
2022-01-14 08:07:21.003931,0.0,0.0,0.0
2022-01-14 08:07:21.510409,0.0,0.0,0.0
2022-01-14 08:07:22.010713,0.0,0.0,0.0
2022-01-14 08:07:22.506065,0.0,0.0,0.0
2022-01-14 08:07:23.006120,0.0,0.0,0.0
2022-01-14 08:07:23.502252,0.0,0.0,0.0
2022-01-14 08:07:24.010124,0.0,0.0,0.0
2022-01-14 08:07:24.506654,0.0,0.0,0.0
2022-01-14 08:07:25.003892,0.0,0.0,0.0
2022-01-14 08:07:25.509419,0.0,0.0,0.0
2022-01-14 08:07:26.008774,0.0,0.0,0.0
2022-01-14 08:07:26.504271,0.0,0.0,0.0
2022-01-14 08:07:27.001931,0.0,0.0,0.0
2022-01-14 08:07:27.509091,0.0,0.0,0.0
2022-01-14 08:07:28.006629,0.0,0.0,0.0
2022-01-14 08:07:28.501464,0.0,0.0,0.0
2022-01-14 08:07:29.007409,0.0,0.0,0.0
2022-01-14 08:07:29.503413,0.0,0.0,0.0
2022-01-14 08:07:30.001883,0.0,0.0,0.0
2022-01-14 08:07:30.509946,0.0,0.0,0.0
2022-01-14 08:07:31.009971,0.0,0.0,0.0
2022-01-14 08:07:31.505045,0.0,0.0,0.0
2022-01-14 08:07:32.002933,0.0,0.0,0.0
2022-01-14 08:07:32.508353,0.0,0.0,0.0
2022-01-14 08:07:33.007308,0.0,0.0,0.0
2022-01-14 08:07:33.501649,0.0,0.0,0.0
2022-01-14 08:07:34.001452,0.0,0.0,0.0
2022-01-14 08:07:34.507228,0.0,0.0,0.0
2022-01-14 08:07:35.007161,0.0,0.0,0.0
2022-01-14 08:07:35.501348,0.0,0.0,0.0
2022-01-14 08:07:36.008940,0.0,0.0,0.0
2022-01-14 08:07:36.504567,0.0,0.0,0.0
2022-01-14 08:07:37.002436,0.0,0.0,0.0
2022-01-14 08:07:37.507854,0.0,0.0,0.0
2022-01-14 08:07:38.005561,0.0,0.0,0.0
2022-01-14 08:07:38.510780,0.0,0.0,0.0
2022-01-14 08:07:39.009572,0.0,0.0,0.0
2022-01-14 08:07:39.506476,0.0,0.0,0.0
2022-01-14 08:07:40.005988,0.0,0.0,0.0
2022-01-14 08:07:40.510984,0.0,0.0,0.0
2022-01-14 08:07:41.009763,0.0,0.0,0.0
2022-01-14 08:07:41.505623,0.0,0.0,0.0
2022-01-14 08:07:42.006590,0.0,0.0,0.0
2022-01-14 08:07:42.503867,0.0,0.0,0.0
2022-01-14 08:07:43.011111,0.0,0.0,0.0
2022-01-14 08:07:43.508634,0.0,0.0,0.0
2022-01-14 08:07:44.006322,0.0,0.0,0.0
2022-01-14 08:07:44.501797,0.0,0.0,0.0
2022-01-14 08:07:45.009213,0.0,0.0,0.0
2022-01-14 08:07:45.505512,0.0,0.0,0.0
2022-01-14 08:07:46.003818,0.0,0.0,0.0
2022-01-14 08:07:46.510361,0.0,0.0,0.0
2022-01-14 08:07:47.007496,0.0,0.0,0.0
2022-01-14 08:07:47.502832,0.0,0.0,0.0
2022-01-14 08:07:48.001538,0.0,0.0,0.0
2022-01-14 08:07:48.507779,0.0,0.0,0.0
2022-01-14 08:07:49.005798,0.0,0.0,0.0
2022-01-14 08:07:49.501915,0.0,0.0,0.0
2022-01-14 08:07:50.009341,0.0,0.0,0.0
2022-01-14 08:07:50.506199,0.0,0.0,0.0
2022-01-14 08:07:51.005069,0.0,0.0,0.0
2022-01-14 08:07:51.509658,0.0,0.0,0.0
2022-01-14 08:07:52.008472,0.0,0.0,0.0
2022-01-14 08:07:52.503625,0.0,0.0,0.0
2022-01-14 08:07:53.001945,0.0,0.0,0.0
2022-01-14 08:07:53.508197,0.0,0.0,0.0
2022-01-14 08:07:54.007901,0.0,0.0,0.0
2022-01-14 08:07:54.504008,0.0,0.0,0.0
2022-01-14 08:07:55.002284,0.0,0.0,0.0
2022-01-14 08:07:55.506656,0.0,0.0,0.0
2022-01-14 08:07:56.004659,0.0,0.0,0.0
2022-01-14 08:07:56.510715,0.0,0.0,0.0
2022-01-14 08:07:57.008140,0.0,0.0,0.0
2022-01-14 08:07:57.504454,0.0,0.0,0.0
2022-01-14 08:07:58.002615,0.0,0.0,0.0
2022-01-14 08:07:58.508506,0.0,0.0,0.0
2022-01-14 08:07:59.007271,0.0,0.0,0.0
2022-01-14 08:07:59.503130,0.0,0.0,0.0
2022-01-14 08:08:00.002593,0.0,0.0,0.0
2022-01-14 08:08:00.509060,0.0,0.0,0.0
2022-01-14 08:08:01.006405,0.0,0.0,0.0
2022-01-14 08:08:01.501228,0.0,0.0,0.0
2022-01-14 08:08:02.009035,0.0,0.0,0.0
2022-01-14 08:08:02.509522,0.0,0.0,0.0
2022-01-14 08:08:03.008617,0.0,0.0,0.0
2022-01-14 08:08:03.505703,0.0,0.0,0.0
2022-01-14 08:08:04.003836,0.0,0.0,0.0
2022-01-14 08:08:04.507352,0.0,0.0,0.0
2022-01-14 08:08:05.005092,0.0,0.0,0.0
2022-01-14 08:08:05.504236,0.0,0.0,0.0
2022-01-14 08:08:06.002405,0.0,0.0,0.0
2022-01-14 08:08:06.509723,0.0,0.0,0.0
2022-01-14 08:08:07.009025,0.0,0.0,0.0
2022-01-14 08:08:07.505454,0.0,0.0,0.0
2022-01-14 08:08:08.002661,0.0,0.0,0.0
2022-01-14 08:08:08.508868,0.0,0.0,0.0
2022-01-14 08:08:09.006629,0.0,0.0,0.0
2022-01-14 08:08:09.501890,0.0,0.0,0.0
2022-01-14 08:08:10.001418,0.0,0.0,0.0
2022-01-14 08:08:10.507729,0.0,0.0,0.0
2022-01-14 08:08:11.005164,0.0,0.0,0.0
2022-01-14 08:08:11.511206,0.0,0.0,0.0
2022-01-14 08:08:12.010016,0.0,0.0,0.0
2022-01-14 08:08:12.505573,0.0,0.0,0.0
2022-01-14 08:08:13.006283,0.0,0.0,0.0
2022-01-14 08:08:13.508313,0.0,0.0,0.0
2022-01-14 08:08:14.006034,0.0,0.0,0.0
2022-01-14 08:08:14.501667,0.0,0.0,0.0
2022-01-14 08:08:15.003113,0.0,0.0,0.0
2022-01-14 08:08:15.504596,0.0,0.0,0.0
2022-01-14 08:08:16.003916,0.0,0.0,0.0
2022-01-14 08:08:16.508721,0.0,0.0,0.0
2022-01-14 08:08:17.007954,0.0,0.0,0.0
2022-01-14 08:08:17.503289,0.0,0.0,0.0
2022-01-14 08:08:18.002092,0.0,0.0,0.0
2022-01-14 08:08:18.510278,0.0,0.0,0.0
2022-01-14 08:08:19.010447,0.0,0.0,0.0
2022-01-14 08:08:19.505713,0.0,0.0,0.0
2022-01-14 08:08:20.005291,0.0,0.0,0.0
2022-01-14 08:08:20.501300,0.0,0.0,0.0
2022-01-14 08:08:21.009827,0.0,0.0,0.0
2022-01-14 08:08:21.505007,0.0,0.0,0.0
2022-01-14 08:08:22.004003,0.0,0.0,0.0
2022-01-14 08:08:22.509193,0.0,0.0,0.0
2022-01-14 08:08:23.009921,0.0,0.0,0.0
2022-01-14 08:08:23.505929,0.0,0.0,0.0
2022-01-14 08:08:24.003892,0.0,0.0,0.0
2022-01-14 08:08:24.508168,0.0,0.0,0.0
2022-01-14 08:08:25.007123,0.0,0.0,0.0
2022-01-14 08:08:25.501528,0.0,0.0,0.0
2022-01-14 08:08:26.009731,0.0,0.0,0.0
2022-01-14 08:08:26.503934,0.0,0.0,0.0
2022-01-14 08:08:27.002235,0.0,0.0,0.0
2022-01-14 08:08:27.510282,0.0,0.0,0.0
2022-01-14 08:08:28.009432,0.0,0.0,0.0
2022-01-14 08:08:28.508101,0.0,0.0,0.0
2022-01-14 08:08:29.009466,0.0,0.0,0.0
2022-01-14 08:08:29.504346,0.0,0.0,0.0
2022-01-14 08:08:30.001720,0.0,0.0,0.0
2022-01-14 08:08:30.506819,0.0,0.0,0.0
2022-01-14 08:08:31.004915,0.0,0.0,0.0
2022-01-14 08:08:31.508937,0.0,0.0,0.0
2022-01-14 08:08:32.007766,0.0,0.0,0.0
2022-01-14 08:08:32.504720,0.0,0.0,0.0
2022-01-14 08:08:33.002776,0.0,0.0,0.0
2022-01-14 08:08:33.509159,0.0,0.0,0.0
2022-01-14 08:08:34.006795,0.0,0.0,0.0
2022-01-14 08:08:34.501656,0.0,0.0,0.0
2022-01-14 08:08:35.009205,0.0,0.0,0.0
2022-01-14 08:08:35.504156,0.0,0.0,0.0
2022-01-14 08:08:36.002410,0.0,0.0,0.0
2022-01-14 08:08:36.509172,0.0,0.0,0.0
2022-01-14 08:08:37.006767,0.0,0.0,0.0
2022-01-14 08:08:37.511233,0.0,0.0,0.0
2022-01-14 08:08:38.009612,0.0,0.0,0.0
2022-01-14 08:08:38.504671,0.0,0.0,0.0
2022-01-14 08:08:39.004359,0.0,0.0,0.0
2022-01-14 08:08:39.510204,0.0,0.0,0.0
2022-01-14 08:08:40.009497,0.0,0.0,0.0
2022-01-14 08:08:40.504258,0.0,0.0,0.0
2022-01-14 08:08:41.004423,0.0,0.0,0.0
2022-01-14 08:08:41.503231,0.0,0.0,0.0
2022-01-14 08:08:42.001526,0.0,0.0,0.0
2022-01-14 08:08:42.505371,0.0,0.0,0.0
2022-01-14 08:08:43.003617,0.0,0.0,0.0
2022-01-14 08:08:43.503520,0.0,0.0,0.0
2022-01-14 08:08:44.008557,0.0,0.0,0.0
2022-01-14 08:08:44.502895,0.0,0.0,0.0
2022-01-14 08:08:45.002458,0.0,0.0,0.0
2022-01-14 08:08:45.510073,0.0,0.0,0.0
2022-01-14 08:08:46.004743,0.0,0.0,0.0
2022-01-14 08:08:46.508588,0.0,0.0,0.0
2022-01-14 08:08:47.007524,0.0,0.0,0.0
2022-01-14 08:08:47.501509,0.0,0.0,0.0
2022-01-14 08:08:48.009010,0.0,0.0,0.0
2022-01-14 08:08:48.503731,0.0,0.0,0.0
2022-01-14 08:08:49.002370,0.0,0.0,0.0
2022-01-14 08:08:49.507583,0.0,0.0,0.0
2022-01-14 08:08:50.006175,0.0,0.0,0.0
2022-01-14 08:08:50.501441,0.0,0.0,0.0
2022-01-14 08:08:51.002856,0.0,0.0,0.0
2022-01-14 08:08:51.507301,0.0,0.0,0.0
2022-01-14 08:08:52.006671,0.0,0.0,0.0
2022-01-14 08:08:52.501700,0.0,0.0,0.0
2022-01-14 08:08:53.009442,0.0,0.0,0.0
2022-01-14 08:08:53.503635,0.0,0.0,0.0
2022-01-14 08:08:54.008594,0.0,0.0,0.0
2022-01-14 08:08:54.503843,0.0,0.0,0.0
2022-01-14 08:08:55.010216,0.0,0.0,0.0
2022-01-14 08:08:55.504148,0.0,0.0,0.0
2022-01-14 08:08:56.010388,0.0,0.0,0.0
2022-01-14 08:08:56.504562,0.0,0.0,0.0
2022-01-14 08:08:57.004056,0.0,0.0,0.0
2022-01-14 08:08:57.501163,0.0,0.0,0.0
2022-01-14 08:08:58.001292,0.0,0.0,0.0
2022-01-14 08:08:58.502042,0.0,0.0,0.0
2022-01-14 08:08:59.004096,0.0,0.0,0.0
2022-01-14 08:08:59.509668,0.0,0.0,0.0
2022-01-14 08:09:00.008181,0.0,0.0,0.0
2022-01-14 08:09:00.502301,0.0,0.0,0.0
2022-01-14 08:09:01.002802,0.0,0.0,0.0
2022-01-14 08:09:01.509033,0.0,0.0,0.0
2022-01-14 08:09:02.010263,0.0,0.0,0.0
2022-01-14 08:09:02.506002,0.0,0.0,0.0
2022-01-14 08:09:03.006705,0.0,0.0,0.0
2022-01-14 08:09:03.502435,0.0,0.0,0.0
2022-01-14 08:09:04.001277,0.0,0.0,0.0
2022-01-14 08:09:04.506828,0.0,0.0,0.0
2022-01-14 08:09:05.004510,0.0,0.0,0.0
2022-01-14 08:09:05.508292,0.0,0.0,0.0
2022-01-14 08:09:06.006074,0.0,0.0,0.0
2022-01-14 08:09:06.501486,0.0,0.0,0.0
2022-01-14 08:09:07.009554,0.0,0.0,0.0
2022-01-14 08:09:07.506940,0.0,0.0,0.0
2022-01-14 08:09:08.006185,0.0,0.0,0.0
2022-01-14 08:09:08.511109,0.0,0.0,0.0
2022-01-14 08:09:09.010560,0.0,0.0,0.0
2022-01-14 08:09:09.511054,0.0,0.0,0.0
2022-01-14 08:09:10.009224,0.0,0.0,0.0
2022-01-14 08:09:10.504343,0.0,0.0,0.0
2022-01-14 08:09:11.007871,0.0,0.0,0.0
2022-01-14 08:09:11.501495,0.0,0.0,0.0
2022-01-14 08:09:12.009990,0.0,0.0,0.0
2022-01-14 08:09:12.504732,0.0,0.0,0.0
2022-01-14 08:09:13.003797,0.0,0.0,0.0
2022-01-14 08:09:13.508730,0.0,0.0,0.0
2022-01-14 08:09:14.005566,0.0,0.0,0.0
2022-01-14 08:09:14.511072,0.0,0.0,0.0
2022-01-14 08:09:15.010470,0.0,0.0,0.0
2022-01-14 08:09:15.505037,0.0,0.0,0.0
2022-01-14 08:09:16.003054,0.0,0.0,0.0
2022-01-14 08:09:16.510575,0.0,0.0,0.0
2022-01-14 08:09:17.009045,0.0,0.0,0.0
2022-01-14 08:09:17.504753,0.0,0.0,0.0
2022-01-14 08:09:18.002790,0.0,0.0,0.0
2022-01-14 08:09:18.507798,0.0,0.0,0.0
2022-01-14 08:09:19.005998,0.0,0.0,0.0
2022-01-14 08:09:19.510962,0.0,0.0,0.0
2022-01-14 08:09:20.009082,0.0,0.0,0.0
2022-01-14 08:09:20.504563,0.0,0.0,0.0
2022-01-14 08:09:21.005201,0.0,0.0,0.0
2022-01-14 08:09:21.510698,0.0,0.0,0.0
2022-01-14 08:09:22.010283,0.0,0.0,0.0
2022-01-14 08:09:22.506404,0.0,0.0,0.0
2022-01-14 08:09:23.004120,0.0,0.0,0.0
2022-01-14 08:09:23.509336,0.0,0.0,0.0
2022-01-14 08:09:24.008449,0.0,0.0,0.0
2022-01-14 08:09:24.504040,0.0,0.0,0.0
2022-01-14 08:09:25.002561,0.0,0.0,0.0
2022-01-14 08:09:25.510711,0.0,0.0,0.0
2022-01-14 08:09:26.009325,0.0,0.0,0.0
2022-01-14 08:09:26.504085,0.0,0.0,0.0
2022-01-14 08:09:27.003790,0.0,0.0,0.0
2022-01-14 08:09:27.509570,0.0,0.0,0.0
2022-01-14 08:09:28.007745,0.0,0.0,0.0
2022-01-14 08:09:28.503010,0.0,0.0,0.0
2022-01-14 08:09:29.010457,0.0,0.0,0.0
2022-01-14 08:09:29.506194,0.0,0.0,0.0
2022-01-14 08:09:30.003846,0.0,0.0,0.0
2022-01-14 08:09:30.509077,0.0,0.0,0.0
2022-01-14 08:09:31.007126,0.0,0.0,0.0
2022-01-14 08:09:31.504303,0.0,0.0,0.0
2022-01-14 08:09:32.002943,0.0,0.0,0.0
2022-01-14 08:09:32.508836,0.0,0.0,0.0
2022-01-14 08:09:33.006284,0.0,0.0,0.0
2022-01-14 08:09:33.502641,0.0,0.0,0.0
2022-01-14 08:09:34.010624,0.0,0.0,0.0
2022-01-14 08:09:34.505748,0.0,0.0,0.0
2022-01-14 08:09:35.004922,0.0,0.0,0.0
2022-01-14 08:09:35.501435,0.0,0.0,0.0
2022-01-14 08:09:36.008471,0.0,0.0,0.0
2022-01-14 08:09:36.503238,0.0,0.0,0.0
2022-01-14 08:09:37.001136,0.0,0.0,0.0
2022-01-14 08:09:37.506203,0.0,0.0,0.0
2022-01-14 08:09:38.003986,0.0,0.0,0.0
2022-01-14 08:09:38.509090,0.0,0.0,0.0
2022-01-14 08:09:39.007980,0.0,0.0,0.0
2022-01-14 08:09:39.508030,0.0,0.0,0.0
2022-01-14 08:09:40.009261,0.0,0.0,0.0
2022-01-14 08:09:40.506574,0.0,0.0,0.0
2022-01-14 08:09:41.004649,0.0,0.0,0.0
2022-01-14 08:09:41.509930,0.0,0.0,0.0
2022-01-14 08:09:42.007483,0.0,0.0,0.0
2022-01-14 08:09:42.503082,0.0,0.0,0.0
2022-01-14 08:09:43.001638,0.0,0.0,0.0
2022-01-14 08:09:43.506883,0.0,0.0,0.0
2022-01-14 08:09:44.007369,0.0,0.0,0.0
2022-01-14 08:09:44.502739,0.0,0.0,0.0
2022-01-14 08:09:45.004226,0.0,0.0,0.0
2022-01-14 08:09:45.510438,0.0,0.0,0.0
2022-01-14 08:09:46.008706,0.0,0.0,0.0
2022-01-14 08:09:46.505099,0.0,0.0,0.0
2022-01-14 08:09:47.003394,0.0,0.0,0.0
2022-01-14 08:09:47.510038,0.0,0.0,0.0
2022-01-14 08:09:48.008634,0.0,0.0,0.0
2022-01-14 08:09:48.504178,0.0,0.0,0.0
2022-01-14 08:09:49.002261,0.0,0.0,0.0
2022-01-14 08:09:49.510147,0.0,0.0,0.0
2022-01-14 08:09:50.008987,0.0,0.0,0.0
2022-01-14 08:09:50.503569,0.0,0.0,0.0
2022-01-14 08:09:51.002439,0.0,0.0,0.0
2022-01-14 08:09:51.507488,0.0,0.0,0.0
2022-01-14 08:09:52.003911,0.0,0.0,0.0
2022-01-14 08:09:52.509481,0.0,0.0,0.0
2022-01-14 08:09:53.006860,0.0,0.0,0.0
2022-01-14 08:09:53.502333,0.0,0.0,0.0
2022-01-14 08:09:54.010743,0.0,0.0,0.0
2022-01-14 08:09:54.506736,0.0,0.0,0.0
2022-01-14 08:09:55.006238,0.0,0.0,0.0
2022-01-14 08:09:55.501189,0.0,0.0,0.0
2022-01-14 08:09:56.009229,0.0,0.0,0.0
2022-01-14 08:09:56.503787,0.0,0.0,0.0
2022-01-14 08:09:57.002502,0.0,0.0,0.0
2022-01-14 08:09:57.507530,0.0,0.0,0.0
2022-01-14 08:09:58.006098,0.0,0.0,0.0
2022-01-14 08:09:58.504460,0.0,0.0,0.0
2022-01-14 08:09:59.002521,0.0,0.0,0.0
2022-01-14 08:09:59.507764,0.0,0.0,0.0
2022-01-14 08:10:00.006887,0.0,0.0,0.0
2022-01-14 08:10:00.509481,0.0,0.0,0.0
2022-01-14 08:10:01.010162,0.0,0.0,0.0
2022-01-14 08:10:01.505103,0.0,0.0,0.0
2022-01-14 08:10:02.004888,0.0,0.0,0.0
2022-01-14 08:10:02.510272,0.0,0.0,0.0
2022-01-14 08:10:03.002163,0.0,0.0,0.0
2022-01-14 08:10:03.507189,0.0,0.0,0.0
2022-01-14 08:10:04.005221,0.0,0.0,0.0
2022-01-14 08:10:04.510667,0.0,0.0,0.0
2022-01-14 08:10:05.010436,0.0,0.0,0.0
2022-01-14 08:10:05.506294,0.0,0.0,0.0
2022-01-14 08:10:06.005183,0.0,0.0,0.0
2022-01-14 08:10:06.511122,0.0,0.0,0.0
2022-01-14 08:10:07.009488,0.0,0.0,0.0
2022-01-14 08:10:07.504864,0.0,0.0,0.0
2022-01-14 08:10:08.002265,0.0,0.0,0.0
2022-01-14 08:10:08.508519,0.0,0.0,0.0
2022-01-14 08:10:09.007159,0.0,0.0,0.0
2022-01-14 08:10:09.501116,0.0,0.0,0.0
2022-01-14 08:10:10.008905,0.0,0.0,0.0
2022-01-14 08:10:10.508590,0.0,0.0,0.0
2022-01-14 08:10:11.011191,0.0,0.0,0.0
2022-01-14 08:10:11.504644,0.0,0.0,0.0
2022-01-14 08:10:12.006920,0.0,0.0,0.0
2022-01-14 08:10:12.501420,0.0,0.0,0.0
2022-01-14 08:10:13.002749,0.0,0.0,0.0
2022-01-14 08:10:13.509965,0.0,0.0,0.0
2022-01-14 08:10:14.002954,0.0,0.0,0.0
2022-01-14 08:10:14.509130,0.0,0.0,0.0
2022-01-14 08:10:15.003999,0.0,0.0,0.0
2022-01-14 08:10:15.511082,0.0,0.0,0.0
2022-01-14 08:10:16.003639,0.0,0.0,0.0
2022-01-14 08:10:16.508511,0.0,0.0,0.0
2022-01-14 08:10:17.003546,0.0,0.0,0.0
2022-01-14 08:10:17.510884,0.0,0.0,0.0
2022-01-14 08:10:18.006175,0.0,0.0,0.0
2022-01-14 08:10:18.504229,0.0,0.0,0.0
2022-01-14 08:10:19.004772,0.0,0.0,0.0
2022-01-14 08:10:19.503363,0.0,0.0,0.0
2022-01-14 08:10:20.003282,0.0,0.0,0.0
2022-01-14 08:10:20.509466,0.0,0.0,0.0
2022-01-14 08:10:21.009695,0.0,0.0,0.0
2022-01-14 08:10:21.502731,0.0,0.0,0.0
2022-01-14 08:10:22.010409,0.0,0.0,0.0
2022-01-14 08:10:22.505228,0.0,0.0,0.0
2022-01-14 08:10:23.003096,0.0,0.0,0.0
2022-01-14 08:10:23.507691,0.0,0.0,0.0
2022-01-14 08:10:24.006335,0.0,0.0,0.0
2022-01-14 08:10:24.501670,0.0,0.0,0.0
2022-01-14 08:10:25.010667,0.0,0.0,0.0
2022-01-14 08:10:25.506897,0.0,0.0,0.0
2022-01-14 08:10:26.006995,0.0,0.0,0.0
2022-01-14 08:10:26.501539,0.0,0.0,0.0
2022-01-14 08:10:27.002342,0.0,0.0,0.0
2022-01-14 08:10:27.507470,0.0,0.0,0.0
2022-01-14 08:10:28.006307,0.0,0.0,0.0
2022-01-14 08:10:28.503136,0.0,0.0,0.0
2022-01-14 08:10:29.001826,0.0,0.0,0.0
2022-01-14 08:10:29.509553,0.0,0.0,0.0
2022-01-14 08:10:30.008519,0.0,0.0,0.0
2022-01-14 08:10:30.503397,0.0,0.0,0.0
2022-01-14 08:10:31.002919,0.0,0.0,0.0
2022-01-14 08:10:31.510878,0.0,0.0,0.0
2022-01-14 08:10:32.008631,0.0,0.0,0.0
2022-01-14 08:10:32.503546,0.0,0.0,0.0
2022-01-14 08:10:33.002324,0.0,0.0,0.0
2022-01-14 08:10:33.506864,0.0,0.0,0.0
2022-01-14 08:10:34.003885,0.0,0.0,0.0
2022-01-14 08:10:34.509971,0.0,0.0,0.0
2022-01-14 08:10:35.004685,0.0,0.0,0.0
2022-01-14 08:10:35.508896,0.0,0.0,0.0
2022-01-14 08:10:36.007133,0.0,0.0,0.0
2022-01-14 08:10:36.502950,0.0,0.0,0.0
2022-01-14 08:10:37.005543,0.0,0.0,0.0
2022-01-14 08:10:37.509652,0.0,0.0,0.0
2022-01-14 08:10:38.008555,0.0,0.0,0.0
2022-01-14 08:10:38.506051,0.0,0.0,0.0
2022-01-14 08:10:39.004155,0.0,0.0,0.0
2022-01-14 08:10:39.509770,0.0,0.0,0.0
2022-01-14 08:10:40.008600,0.0,0.0,0.0
2022-01-14 08:10:40.502933,0.0,0.0,0.0
2022-01-14 08:10:41.004551,0.0,0.0,0.0
2022-01-14 08:10:41.510881,0.0,0.0,0.0
2022-01-14 08:10:42.009655,0.0,0.0,0.0
2022-01-14 08:10:42.503788,0.0,0.0,0.0
2022-01-14 08:10:43.004472,0.0,0.0,0.0
2022-01-14 08:10:43.510680,0.0,0.0,0.0
2022-01-14 08:10:44.009223,0.0,0.0,0.0
2022-01-14 08:10:44.503467,0.0,0.0,0.0
2022-01-14 08:10:45.001481,0.0,0.0,0.0
2022-01-14 08:10:45.505575,0.0,0.0,0.0
2022-01-14 08:10:46.004189,0.0,0.0,0.0
2022-01-14 08:10:46.501247,0.0,0.0,0.0
2022-01-14 08:10:47.010095,0.0,0.0,0.0
2022-01-14 08:10:47.506248,0.0,0.0,0.0
2022-01-14 08:10:48.004857,0.0,0.0,0.0
2022-01-14 08:10:48.510169,0.0,0.0,0.0
2022-01-14 08:10:49.008198,0.0,0.0,0.0
2022-01-14 08:10:49.503058,0.0,0.0,0.0
2022-01-14 08:10:50.011113,0.0,0.0,0.0
2022-01-14 08:10:50.506189,0.0,0.0,0.0
2022-01-14 08:10:51.010078,0.0,0.0,0.0
2022-01-14 08:10:51.502380,0.0,0.0,0.0
2022-01-14 08:10:52.002018,0.0,0.0,0.0
2022-01-14 08:10:52.509554,0.0,0.0,0.0
2022-01-14 08:10:53.008517,0.0,0.0,0.0
2022-01-14 08:10:53.502937,0.0,0.0,0.0
2022-01-14 08:10:54.001290,0.0,0.0,0.0
2022-01-14 08:10:54.507663,0.0,0.0,0.0
2022-01-14 08:10:55.005689,0.0,0.0,0.0
2022-01-14 08:10:55.509685,0.0,0.0,0.0
2022-01-14 08:10:56.008147,0.0,0.0,0.0
2022-01-14 08:10:56.507009,0.0,0.0,0.0
2022-01-14 08:10:57.005265,0.0,0.0,0.0
2022-01-14 08:10:57.506531,0.0,0.0,0.0
2022-01-14 08:10:58.002950,0.0,0.0,0.0
2022-01-14 08:10:58.509095,0.0,0.0,0.0
2022-01-14 08:10:59.008008,0.0,0.0,0.0
2022-01-14 08:10:59.502657,0.0,0.0,0.0
2022-01-14 08:11:00.002084,0.0,0.0,0.0
2022-01-14 08:11:00.508976,0.0,0.0,0.0
2022-01-14 08:11:01.006780,0.0,0.0,0.0
2022-01-14 08:11:01.504263,0.0,0.0,0.0
2022-01-14 08:11:02.004266,0.0,0.0,0.0
2022-01-14 08:11:02.510068,0.0,0.0,0.0
2022-01-14 08:11:03.008900,0.0,0.0,0.0
2022-01-14 08:11:03.505038,0.0,0.0,0.0
2022-01-14 08:11:04.002156,0.0,0.0,0.0
2022-01-14 08:11:04.506991,0.0,0.0,0.0
2022-01-14 08:11:05.005538,0.0,0.0,0.0
2022-01-14 08:11:05.501122,0.0,0.0,0.0
2022-01-14 08:11:06.002053,0.0,0.0,0.0
2022-01-14 08:11:06.507343,0.0,0.0,0.0
2022-01-14 08:11:07.005392,0.0,0.0,0.0
2022-01-14 08:11:07.501390,0.0,0.0,0.0
2022-01-14 08:11:08.002055,0.0,0.0,0.0
2022-01-14 08:11:08.506540,0.0,0.0,0.0
2022-01-14 08:11:09.004605,0.0,0.0,0.0
2022-01-14 08:11:09.504014,0.0,0.0,0.0
2022-01-14 08:11:10.002019,0.0,0.0,0.0
2022-01-14 08:11:10.508339,0.0,0.0,0.0
2022-01-14 08:11:11.007128,0.0,0.0,0.0
2022-01-14 08:11:11.502882,0.0,0.0,0.0
2022-01-14 08:11:12.002341,0.0,0.0,0.0
2022-01-14 08:11:12.508505,0.0,0.0,0.0
2022-01-14 08:11:13.006356,0.0,0.0,0.0
2022-01-14 08:11:13.501536,0.0,0.0,0.0
2022-01-14 08:11:14.008932,0.0,0.0,0.0
2022-01-14 08:11:14.504763,0.0,0.0,0.0
2022-01-14 08:11:15.003845,0.0,0.0,0.0
2022-01-14 08:11:15.510291,0.0,0.0,0.0
2022-01-14 08:11:16.009999,0.0,0.0,0.0
2022-01-14 08:11:16.506442,0.0,0.0,0.0
2022-01-14 08:11:17.005671,0.0,0.0,0.0
2022-01-14 08:11:17.501722,0.0,0.0,0.0
2022-01-14 08:11:18.010791,0.0,0.0,0.0
2022-01-14 08:11:18.509968,0.0,0.0,0.0
2022-01-14 08:11:19.007562,0.0,0.0,0.0
2022-01-14 08:11:19.501335,0.0,0.0,0.0
2022-01-14 08:11:20.009889,0.0,0.0,0.0
2022-01-14 08:11:20.504980,0.0,0.0,0.0
2022-01-14 08:11:21.003785,0.0,0.0,0.0
2022-01-14 08:11:21.509550,0.0,0.0,0.0
2022-01-14 08:11:22.007040,0.0,0.0,0.0
2022-01-14 08:11:22.504228,0.0,0.0,0.0
2022-01-14 08:11:23.002305,0.0,0.0,0.0
2022-01-14 08:11:23.505604,0.0,0.0,0.0
2022-01-14 08:11:24.002944,0.0,0.0,0.0
2022-01-14 08:11:24.508617,0.0,0.0,0.0
2022-01-14 08:11:25.006153,0.0,0.0,0.0
2022-01-14 08:11:25.501955,0.0,0.0,0.0
2022-01-14 08:11:26.009574,0.0,0.0,0.0
2022-01-14 08:11:26.504281,0.0,0.0,0.0
2022-01-14 08:11:27.004009,0.0,0.0,0.0
2022-01-14 08:11:27.507926,0.0,0.0,0.0
2022-01-14 08:11:28.006516,0.0,0.0,0.0
2022-01-14 08:11:28.503048,0.0,0.0,0.0
2022-01-14 08:11:29.002605,0.0,0.0,0.0
2022-01-14 08:11:29.508122,0.0,0.0,0.0
2022-01-14 08:11:30.005795,0.0,0.0,0.0
2022-01-14 08:11:31.005523,0.05074,0.05075,0.0
2022-01-14 08:11:31.511002,0.51488,0.2055,0.0
2022-01-14 08:11:32.009412,0.66959,0.8245,0.0
2022-01-14 08:11:32.504035,2.63011,2.424,0.0
2022-01-14 08:11:33.003491,3.09425,2.94025,0.0
2022-01-14 08:11:33.508775,3.19697,3.3525,0.0
2022-01-14 08:11:34.005574,3.91855,4.0235,0.0
2022-01-14 08:11:34.510734,4.38269,4.281,0.0
2022-01-14 08:11:35.009588,4.43467,4.48775,0.0
2022-01-14 08:11:35.504111,4.5374,4.848,0.0
2022-01-14 08:11:36.002126,5.00154,5.00275,0.0
2022-01-14 08:11:36.508541,5.36295,5.1575,0.0
2022-01-14 08:11:37.006240,5.62039,5.8805,0.0
2022-01-14 08:11:37.511054,6.13651,6.4475,0.0
2022-01-14 08:11:38.009369,6.44594,6.4475,0.0
2022-01-14 08:11:38.505000,7.11677,7.16925,0.0
2022-01-14 08:11:39.002556,7.4262,7.6855,0.0
2022-01-14 08:11:39.508835,7.89033,7.7375,0.0
2022-01-14 08:11:40.006271,8.61191,8.666,0.0
2022-01-14 08:11:40.510077,9.43746,9.4905,0.0
2022-01-14 08:11:41.009618,10.15904,9.904,0.0
2022-01-14 08:11:41.503712,10.52045,10.523,0.0
2022-01-14 08:11:42.002091,10.88062,11.09,0.0
2022-01-14 08:11:42.508574,12.1703,12.5855,0.0
2022-01-14 08:11:43.006603,13.35602,13.41125,0.0
2022-01-14 08:11:43.502278,13.45998,13.8235,0.0
2022-01-14 08:11:44.002774,14.54297,15.1135,0.0
2022-01-14 08:11:44.508232,14.95512,15.0615,0.0
2022-01-14 08:11:45.006536,14.49099,14.70125,0.0
2022-01-14 08:11:45.503096,14.54297,15.01075,0.0
2022-01-14 08:11:46.001615,15.31653,15.21625,0.0
2022-01-14 08:11:46.506138,14.95512,14.752,0.0
2022-01-14 08:11:47.005539,14.59372,14.90675,0.0
2022-01-14 08:11:47.501769,13.66544,14.237,0.0
2022-01-14 08:11:48.009854,12.89188,12.38,0.0
2022-01-14 08:11:48.504317,10.7259,11.24475,0.0
2022-01-14 08:11:49.003909,9.17878,9.852,0.0
2022-01-14 08:11:49.510732,8.4572,8.51125,0.0
2022-01-14 08:11:50.001085,7.68364,7.6855,0.0
2022-01-14 08:11:50.505600,5.56965,6.24075,0.0
2022-01-14 08:11:51.002709,2.78482,2.7335,0.0
2022-01-14 08:11:51.509561,-0.51488,-0.15475,0.0
2022-01-14 08:11:52.007227,-0.05074,0.0,0.0
2022-01-14 08:11:52.502418,0.0,0.0,0.0
2022-01-14 08:11:53.505931,0.0,0.0,0.0
2022-01-14 08:11:54.004351,0.0,0.0,0.0
2022-01-14 08:11:54.510874,0.0,0.0,0.0
2022-01-14 08:11:55.010192,0.0,0.05075,0.0
2022-01-14 08:11:55.504747,0.0,0.05075,0.0
2022-01-14 08:11:56.002724,0.0,0.05075,0.0
2022-01-14 08:11:56.509990,0.0,0.0,0.0
2022-01-14 08:11:57.009635,0.0,0.0,0.0
2022-01-14 08:11:57.502713,0.0,0.0,0.0
2022-01-14 08:11:58.002995,0.0,0.0,0.0
2022-01-14 08:11:58.507307,0.0,0.05075,0.0
2022-01-14 08:11:59.005210,0.0,0.0,0.0
2022-01-14 08:11:59.502964,0.0,0.0,0.0
2022-01-14 08:12:00.001653,0.0,0.0,0.0
2022-01-14 08:12:00.509078,0.0,0.0,0.0
2022-01-14 08:12:01.005574,0.0,0.0,0.0
2022-01-14 08:12:01.503407,0.0,0.0,0.0
2022-01-14 08:12:02.001515,0.0,0.0,0.0
2022-01-14 08:12:02.505911,0.0,0.0,0.0
2022-01-14 08:12:03.003419,0.05074,0.0,0.0
2022-01-14 08:12:03.509127,0.0,0.0,0.0
2022-01-14 08:12:04.006121,0.05074,0.0,0.0
2022-01-14 08:12:04.501500,0.0,0.0,0.0
2022-01-14 08:12:05.008737,0.0,0.0,0.0
2022-01-14 08:12:05.502672,0.0,0.0,0.0
2022-01-14 08:12:06.001618,0.0,0.0,0.0
2022-01-14 08:12:06.507212,0.0,0.0,0.0
2022-01-14 08:12:07.005042,0.0,0.0,0.0
2022-01-14 08:12:07.501456,0.0,0.0,0.0
2022-01-14 08:12:08.505534,0.10272,0.05075,0.0
2022-01-14 08:12:09.008329,0.10272,0.05075,0.0
2022-01-14 08:12:09.502858,0.0,0.0,0.0
2022-01-14 08:12:10.009973,0.0,0.05075,0.0
2022-01-14 08:12:10.501361,0.05074,0.0,0.0
2022-01-14 08:12:11.009352,0.0,0.0,0.0
2022-01-14 08:12:11.505325,0.0,0.0,0.0
2022-01-14 08:12:12.003541,0.0,0.0,0.0
2022-01-14 08:12:12.508988,0.0,0.0,0.0
2022-01-14 08:12:13.008602,0.0,0.0,0.0
2022-01-14 08:12:13.505445,0.0,0.0,0.0
2022-01-14 08:12:14.002977,0.0,0.0,0.0
2022-01-14 08:12:14.508520,0.0,0.0,0.0
2022-01-14 08:12:15.007208,0.0,0.0,0.0
2022-01-14 08:12:15.503844,0.0,0.0,0.0
2022-01-14 08:12:16.002476,0.0,0.0,0.0
2022-01-14 08:12:16.510489,0.0,0.0,0.0
2022-01-14 08:12:17.008655,0.0,0.0,0.0
2022-01-14 08:12:17.507118,0.0,0.0,0.0
2022-01-14 08:12:18.006413,0.0,0.0,0.0
2022-01-14 08:12:18.502823,0.0,0.10275,0.0
2022-01-14 08:12:19.001105,0.0,0.05075,0.0
2022-01-14 08:12:19.506211,0.0,0.0,0.0
2022-01-14 08:12:20.005249,0.0,0.0,0.0
2022-01-14 08:12:20.501789,0.0,0.0,0.0
2022-01-14 08:12:21.011309,0.0,0.10275,0.0
2022-01-14 08:12:21.507173,0.0,0.10275,0.0
2022-01-14 08:12:22.005872,0.0,0.05075,0.0
2022-01-14 08:12:22.501285,0.0,0.0,0.0
2022-01-14 08:12:23.008639,0.0,0.0,0.0
2022-01-14 08:12:23.502974,0.0,0.05075,0.0
2022-01-14 08:12:24.001702,0.0,0.10275,0.0
2022-01-14 08:12:24.507814,0.0,0.10275,0.0
2022-01-14 08:12:25.005584,0.0,0.05075,0.0
2022-01-14 08:12:25.510663,0.0,0.0,0.0
2022-01-14 08:12:26.010266,0.0,0.0,0.0
2022-01-14 08:12:26.505850,0.0,0.05075,0.0
2022-01-14 08:12:27.004591,0.0,0.05075,0.0
2022-01-14 08:12:27.510108,0.05074,0.10275,0.0
2022-01-14 08:12:28.010151,0.05074,0.10275,0.0
2022-01-14 08:12:28.506108,0.05074,0.0,0.0
2022-01-14 08:12:29.003883,0.05074,0.05075,0.0
2022-01-14 08:12:29.509498,0.0,0.05075,0.0
2022-01-14 08:12:30.006808,0.05074,0.0,0.0
2022-01-14 08:12:30.503655,0.10272,0.10275,0.0
2022-01-14 08:12:31.001777,0.05074,0.05075,0.0
2022-01-14 08:12:31.510723,0.05074,0.0,0.0
2022-01-14 08:12:32.010140,0.0,0.0,0.0
2022-01-14 08:12:32.506811,0.0,0.05075,0.0
2022-01-14 08:12:33.004473,0.05074,0.05075,0.0
2022-01-14 08:12:33.509755,0.10272,0.10275,0.0
2022-01-14 08:12:34.007815,0.05074,0.10275,0.0
2022-01-14 08:12:34.501360,0.05074,0.0,0.0
2022-01-14 08:12:35.010407,0.0,0.0,0.0
2022-01-14 08:12:35.506371,0.0,0.0,0.0
2022-01-14 08:12:36.006102,0.05074,0.05075,0.0
2022-01-14 08:12:36.501097,0.10272,0.10275,0.0
2022-01-14 08:12:37.009295,0.10272,0.05075,0.0
2022-01-14 08:12:37.505047,0.05074,0.05075,0.0
2022-01-14 08:12:38.005194,0.0,0.0,0.0
2022-01-14 08:12:38.501267,0.0,0.0,0.0
2022-01-14 08:12:39.009665,0.05074,0.05075,0.0
2022-01-14 08:12:39.506652,0.05074,0.10275,0.0
2022-01-14 08:12:40.005506,0.10272,0.10275,0.0
2022-01-14 08:12:40.502217,0.05074,0.05075,0.0
2022-01-14 08:12:41.010468,0.0,0.05075,0.0
2022-01-14 08:12:41.505042,0.0,0.0,0.0
2022-01-14 08:12:42.005166,0.0,0.0,0.0
2022-01-14 08:12:43.005300,0.15471,0.10275,0.0
2022-01-14 08:12:43.509763,0.05074,0.05075,0.0
2022-01-14 08:12:44.008067,0.0,0.05075,0.0
2022-01-14 08:12:44.503691,0.0,0.05075,0.0
2022-01-14 08:12:45.004072,0.0,0.05075,0.0
2022-01-14 08:12:45.510142,0.05074,0.0,0.0
2022-01-14 08:12:46.007360,0.10272,0.10275,0.0
2022-01-14 08:12:46.508701,0.05074,0.05075,0.0
2022-01-14 08:12:47.007353,0.0,0.05075,0.0
2022-01-14 08:12:47.502021,0.0,0.05075,0.0
2022-01-14 08:12:48.009836,0.0,0.0,0.0
2022-01-14 08:12:48.506424,0.0,0.0,0.0
2022-01-14 08:12:49.006279,0.10272,0.10275,0.0
2022-01-14 08:12:49.501114,0.15471,0.10275,0.0
2022-01-14 08:12:50.009874,0.05074,0.05075,0.0
2022-01-14 08:12:50.504895,0.0,0.0,0.0
2022-01-14 08:12:51.008827,0.05074,0.0,0.0
2022-01-14 08:12:51.504239,0.0,0.05075,0.0
2022-01-14 08:12:52.002261,0.05074,0.05075,0.0
2022-01-14 08:12:52.508406,0.10272,0.10275,0.0
2022-01-14 08:12:53.007525,0.05074,0.10275,0.0
2022-01-14 08:12:53.502789,0.05074,0.05075,0.0
2022-01-14 08:12:54.010808,0.05074,0.0,0.0
2022-01-14 08:12:54.505073,0.0,0.0,0.0
2022-01-14 08:12:55.010046,0.05074,0.0,0.0
2022-01-14 08:12:55.506111,0.10272,0.10275,0.0
2022-01-14 08:12:56.008603,0.10272,0.10275,0.0
2022-01-14 08:12:56.504483,0.05074,0.05075,0.0
2022-01-14 08:12:57.010808,0.0,0.0,0.0
2022-01-14 08:12:57.507560,0.0,0.0,0.0
2022-01-14 08:12:58.004579,0.0,0.0,0.0
2022-01-14 08:12:58.510659,0.05074,0.05075,0.0
2022-01-14 08:12:59.002812,0.10272,0.05075,0.0
2022-01-14 08:12:59.509187,0.10272,0.10275,0.0
2022-01-14 08:13:00.005980,0.05074,0.05075,0.0
2022-01-14 08:13:00.510021,0.0,0.0,0.0
2022-01-14 08:13:01.009362,0.0,0.05075,0.0
2022-01-14 08:13:01.503396,0.0,0.05075,0.0
2022-01-14 08:13:02.001505,0.05074,0.05075,0.0
2022-01-14 08:13:02.508337,0.05074,0.10275,0.0
2022-01-14 08:13:03.006131,0.10272,0.05075,0.0
2022-01-14 08:13:03.501766,0.0,0.05075,0.0
2022-01-14 08:13:04.009087,0.0,0.0,0.0
2022-01-14 08:13:04.506986,0.0,0.0,0.0
2022-01-14 08:13:05.005517,0.05074,0.05075,0.0
2022-01-14 08:13:05.503499,0.15471,0.10275,0.0
2022-01-14 08:13:06.002576,0.05074,0.10275,0.0
2022-01-14 08:13:06.508763,0.0,0.05075,0.0
2022-01-14 08:13:07.007360,0.0,0.0,0.0
2022-01-14 08:13:07.501114,0.0,0.05075,0.0
2022-01-14 08:13:08.009297,0.05074,0.05075,0.0
2022-01-14 08:13:08.503369,0.15471,0.10275,0.0
2022-01-14 08:13:09.006248,0.10272,0.10275,0.0
2022-01-14 08:13:09.501816,0.0,0.05075,0.0
2022-01-14 08:13:10.010982,0.05074,0.0,0.0
2022-01-14 08:13:10.505660,0.05074,0.0,0.0
2022-01-14 08:13:11.005190,0.05074,0.05075,0.0
2022-01-14 08:13:11.503278,0.10272,0.10275,0.0
2022-01-14 08:13:12.002095,0.10272,0.05075,0.0
2022-01-14 08:13:12.507173,0.0,0.0,0.0
2022-01-14 08:13:13.005979,0.05074,0.0,0.0
2022-01-14 08:13:13.501554,0.0,0.05075,0.0
2022-01-14 08:13:14.010673,0.0,0.0,0.0
2022-01-14 08:13:14.506655,0.10272,0.10275,0.0
2022-01-14 08:13:15.006346,0.10272,0.10275,0.0
2022-01-14 08:13:15.504243,0.05074,0.05075,0.0
2022-01-14 08:13:16.006456,0.05074,0.05075,0.0
2022-01-14 08:13:16.502139,0.0,0.0,0.0
2022-01-14 08:13:17.010271,0.0,0.0,0.0
2022-01-14 08:13:17.507579,0.10272,0.05075,0.0
2022-01-14 08:13:18.006784,0.10272,0.10275,0.0
2022-01-14 08:13:18.501666,0.05074,0.10275,0.0
2022-01-14 08:13:19.010366,0.0,0.0,0.0
2022-01-14 08:13:19.504630,0.0,0.05075,0.0
2022-01-14 08:13:20.003289,0.0,0.05075,0.0
2022-01-14 08:13:20.511246,0.05074,0.10275,0.0
2022-01-14 08:13:21.009293,0.10272,0.10275,0.0
2022-01-14 08:13:21.504773,0.05074,0.10275,0.0
2022-01-14 08:13:22.003214,0.05074,0.0,0.0
2022-01-14 08:13:22.510014,0.0,0.0,0.0
2022-01-14 08:13:23.011221,0.0,0.0,0.0
2022-01-14 08:13:23.505622,0.05074,0.05075,0.0
2022-01-14 08:13:24.004067,0.10272,0.10275,0.0
2022-01-14 08:13:24.508575,0.05074,0.05075,0.0
2022-01-14 08:13:25.008341,0.05074,0.05075,0.0
2022-01-14 08:13:25.501742,0.0,0.0,0.0
2022-01-14 08:13:26.011022,0.05074,0.0,0.0
2022-01-14 08:13:26.506765,0.05074,0.0,0.0
2022-01-14 08:13:27.005774,0.15471,0.10275,0.0
2022-01-14 08:13:27.509610,0.05074,0.10275,0.0
2022-01-14 08:13:28.007619,0.0,0.0,0.0
2022-01-14 08:13:28.502919,0.05074,0.05075,0.0
2022-01-14 08:13:29.002955,0.0,0.0,0.0
2022-01-14 08:13:29.508633,0.05074,0.05075,0.0
2022-01-14 08:13:30.007126,0.10272,0.10275,0.0
2022-01-14 08:13:30.502105,0.05074,0.10275,0.0
2022-01-14 08:13:31.002395,0.0,0.05075,0.0
2022-01-14 08:13:31.509336,0.0,0.0,0.0
2022-01-14 08:13:32.007184,0.0,0.0,0.0
2022-01-14 08:13:32.502458,0.05074,0.0,0.0
2022-01-14 08:13:33.005049,0.10272,0.10275,0.0
2022-01-14 08:13:33.509626,0.05074,0.10275,0.0
2022-01-14 08:13:34.009177,0.05074,0.0,0.0
2022-01-14 08:13:34.503861,0.0,0.0,0.0
2022-01-14 08:13:35.002385,0.0,0.0,0.0
2022-01-14 08:13:35.507822,0.0,0.05075,0.0
2022-01-14 08:13:36.006029,0.10272,0.10275,0.0
2022-01-14 08:13:36.502257,0.10272,0.10275,0.0
2022-01-14 08:13:37.001787,0.05074,0.05075,0.0
2022-01-14 08:13:37.506599,0.05074,0.05075,0.0
2022-01-14 08:13:38.006002,0.0,0.0,0.0
2022-01-14 08:13:38.503396,0.05074,0.05075,0.0
2022-01-14 08:13:39.001249,0.10272,0.05075,0.0
2022-01-14 08:13:39.506988,0.10272,0.10275,0.0
2022-01-14 08:13:40.005731,0.05074,0.05075,0.0
2022-01-14 08:13:40.509123,0.05074,0.0,0.0
2022-01-14 08:13:41.008667,0.0,0.0,0.0
2022-01-14 08:13:41.503571,0.0,0.0,0.0
2022-01-14 08:13:42.002720,0.05074,0.05075,0.0
2022-01-14 08:13:42.508709,0.15471,0.10275,0.0
2022-01-14 08:13:43.008998,0.05074,0.10275,0.0
2022-01-14 08:13:43.502305,0.0,0.05075,0.0
2022-01-14 08:13:44.001269,0.05074,0.0,0.0
2022-01-14 08:13:44.507414,0.0,0.0,0.0
2022-01-14 08:13:45.008874,0.05074,0.05075,0.0
2022-01-14 08:13:45.503771,0.05074,0.10275,0.0
2022-01-14 08:13:46.011116,0.10272,0.10275,0.0
2022-01-14 08:13:46.506148,0.05074,0.05075,0.0
2022-01-14 08:13:47.004859,0.0,0.05075,0.0
2022-01-14 08:13:47.511165,0.0,0.0,0.0
2022-01-14 08:13:48.009293,0.0,0.0,0.0
2022-01-14 08:13:48.503973,0.05074,0.0,0.0
2022-01-14 08:13:49.002388,0.10272,0.10275,0.0
2022-01-14 08:13:49.507376,0.10272,0.10275,0.0
2022-01-14 08:13:50.006343,0.05074,0.05075,0.0
2022-01-14 08:13:50.510904,0.0,0.0,0.0
2022-01-14 08:13:51.008672,0.0,0.0,0.0
2022-01-14 08:13:51.510175,0.05074,0.05075,0.0
2022-01-14 08:13:52.007513,0.05074,0.05075,0.0
2022-01-14 08:13:52.503350,0.10272,0.15475,0.0
2022-01-14 08:13:53.001685,0.10272,0.05075,0.0
2022-01-14 08:13:53.507376,0.0,0.05075,0.0
2022-01-14 08:13:54.008760,0.0,0.0,0.0
2022-01-14 08:13:54.503305,0.0,0.0,0.0
2022-01-14 08:13:55.003065,0.0,0.05075,0.0
2022-01-14 08:13:55.507304,0.10272,0.10275,0.0
2022-01-14 08:13:56.008626,0.10272,0.10275,0.0
2022-01-14 08:13:56.502231,0.0,0.05075,0.0
2022-01-14 08:13:57.001315,0.05074,0.0,0.0
2022-01-14 08:13:57.506777,0.0,0.0,0.0
2022-01-14 08:13:58.006332,0.0,0.05075,0.0
2022-01-14 08:13:58.509571,0.05074,0.05075,0.0
2022-01-14 08:13:59.008624,0.15471,0.10275,0.0
2022-01-14 08:13:59.503552,0.05074,0.05075,0.0
2022-01-14 08:14:00.002311,0.0,0.0,0.0
2022-01-14 08:14:00.501197,0.05074,0.0,0.0
2022-01-14 08:14:01.009064,0.0,0.0,0.0
2022-01-14 08:14:01.504954,0.05074,0.0,0.0
2022-01-14 08:14:02.003974,0.10272,0.10275,0.0
2022-01-14 08:14:02.508505,0.10272,0.10275,0.0
2022-01-14 08:14:03.007067,0.0,0.05075,0.0
2022-01-14 08:14:03.502503,0.0,0.0,0.0
2022-01-14 08:14:04.001811,0.0,0.0,0.0
2022-01-14 08:14:04.509268,0.05074,0.05075,0.0
2022-01-14 08:14:05.006604,0.10272,0.05075,0.0
2022-01-14 08:14:05.501967,0.10272,0.10275,0.0
2022-01-14 08:14:06.001775,0.05074,0.05075,0.0
2022-01-14 08:14:06.508280,0.05074,0.0,0.0
2022-01-14 08:14:07.006825,0.0,0.0,0.0
2022-01-14 08:14:07.503061,0.05074,0.05075,0.0
2022-01-14 08:14:08.003261,0.10272,0.10275,0.0
2022-01-14 08:14:08.508647,0.10272,0.10275,0.0
2022-01-14 08:14:09.007596,0.05074,0.05075,0.0
2022-01-14 08:14:09.502492,0.05074,0.0,0.0
2022-01-14 08:14:10.009913,0.0,0.05075,0.0
2022-01-14 08:14:10.504139,0.05074,0.05075,0.0
2022-01-14 08:14:11.002213,0.05074,0.05075,0.0
2022-01-14 08:14:11.509037,0.10272,0.10275,0.0
2022-01-14 08:14:12.008556,0.05074,0.05075,0.0
2022-01-14 08:14:12.503326,0.05074,0.05075,0.0
2022-01-14 08:14:13.001131,0.05074,0.0,0.0
2022-01-14 08:14:13.509647,0.05074,0.0,0.0
2022-01-14 08:14:14.007989,0.05074,0.05075,0.0
2022-01-14 08:14:14.501906,0.10272,0.10275,0.0
2022-01-14 08:14:15.010034,0.15471,0.10275,0.0
2022-01-14 08:14:15.508445,0.05074,0.05075,0.0
2022-01-14 08:14:16.005949,0.05074,0.05075,0.0
2022-01-14 08:14:16.501584,0.0,0.0,0.0
2022-01-14 08:14:17.001219,0.05074,0.0,0.0
2022-01-14 08:14:17.507175,0.05074,0.05075,0.0
2022-01-14 08:14:18.007158,0.15471,0.10275,0.0
2022-01-14 08:14:18.502711,0.10272,0.05075,0.0
2022-01-14 08:14:19.001652,0.0,0.0,0.0
2022-01-14 08:14:19.505589,0.05074,0.0,0.0
2022-01-14 08:14:20.002054,0.0,0.0,0.0
2022-01-14 08:14:20.508741,0.0,0.0,0.0
2022-01-14 08:14:21.006814,0.05074,0.05075,0.0
2022-01-14 08:14:21.502802,0.10272,0.10275,0.0
2022-01-14 08:14:22.003290,0.0,0.05075,0.0
2022-01-14 08:14:22.510931,0.05074,0.0,0.0
2022-01-14 08:14:23.008559,0.0,0.0,0.0
2022-01-14 08:14:23.503347,0.0,0.0,0.0
2022-01-14 08:14:24.010666,0.05074,0.05075,0.0
2022-01-14 08:14:24.505293,0.10272,0.10275,0.0
2022-01-14 08:14:25.002827,0.05074,0.10275,0.0
2022-01-14 08:14:25.509050,0.0,0.05075,0.0
2022-01-14 08:14:26.007508,0.0,0.05075,0.0
2022-01-14 08:14:26.503916,0.0,0.05075,0.0
2022-01-14 08:14:27.002219,0.05074,0.05075,0.0
2022-01-14 08:14:27.506666,0.15471,0.10275,0.0
2022-01-14 08:14:28.004675,0.05074,0.10275,0.0
2022-01-14 08:14:28.510541,0.05074,0.05075,0.0
2022-01-14 08:14:29.010104,0.0,0.05075,0.0
2022-01-14 08:14:29.505448,0.0,0.0,0.0
2022-01-14 08:14:30.005482,0.05074,0.05075,0.0
2022-01-14 08:14:30.509992,0.10272,0.10275,0.0
2022-01-14 08:14:31.008026,0.10272,0.10275,0.0
2022-01-14 08:14:31.503128,0.0,0.05075,0.0
2022-01-14 08:14:32.002696,0.0,0.0,0.0
2022-01-14 08:14:32.508167,0.0,0.0,0.0
2022-01-14 08:14:33.007290,0.0,0.05075,0.0
2022-01-14 08:14:33.504470,0.10272,0.10275,0.0
2022-01-14 08:14:34.002339,0.10272,0.10275,0.0
2022-01-14 08:14:34.507187,0.05074,0.0,0.0
2022-01-14 08:14:35.005539,0.0,0.0,0.0
2022-01-14 08:14:35.501216,0.05074,0.0,0.0
2022-01-14 08:14:36.010228,0.0,0.0,0.0
2022-01-14 08:14:36.504948,0.10272,0.05075,0.0
2022-01-14 08:14:37.004632,0.10272,0.10275,0.0
2022-01-14 08:14:37.510806,0.0,0.05075,0.0
2022-01-14 08:14:38.009012,0.0,0.05075,0.0
2022-01-14 08:14:38.503854,0.0,0.0,0.0
2022-01-14 08:14:39.001667,0.0,0.0,0.0
2022-01-14 08:14:39.504963,0.05074,0.05075,0.0
2022-01-14 08:14:40.003962,0.10272,0.10275,0.0
2022-01-14 08:14:40.509735,0.05074,0.05075,0.0
2022-01-14 08:14:41.008750,0.0,0.05075,0.0
2022-01-14 08:14:41.504785,0.05074,0.0,0.0
2022-01-14 08:14:42.003412,0.0,0.0,0.0
2022-01-14 08:14:42.509852,0.05074,0.05075,0.0
2022-01-14 08:14:43.006953,0.10272,0.05075,0.0
2022-01-14 08:14:43.501158,0.10272,0.10275,0.0
2022-01-14 08:14:44.008676,0.05074,0.05075,0.0
2022-01-14 08:14:44.505029,0.0,0.0,0.0
2022-01-14 08:14:45.003033,0.0,0.0,0.0
2022-01-14 08:14:45.507942,0.0,0.0,0.0
2022-01-14 08:14:46.006784,0.05074,0.10275,0.0
2022-01-14 08:14:46.502899,0.10272,0.10275,0.0
2022-01-14 08:14:47.005294,0.05074,0.10275,0.0
2022-01-14 08:14:47.509542,0.05074,0.0,0.0
2022-01-14 08:14:48.007041,0.0,0.05075,0.0
2022-01-14 08:14:48.502299,0.05074,0.05075,0.0
2022-01-14 08:14:49.001697,0.05074,0.05075,0.0
2022-01-14 08:14:49.508334,0.10272,0.10275,0.0
2022-01-14 08:14:50.006229,0.10272,0.10275,0.0
2022-01-14 08:14:50.502179,0.0,0.05075,0.0
2022-01-14 08:14:51.002843,0.0,0.05075,0.0
2022-01-14 08:14:51.509464,0.0,0.0,0.0
2022-01-14 08:14:52.007589,0.0,0.0,0.0
2022-01-14 08:14:52.502974,0.05074,0.10275,0.0
2022-01-14 08:14:53.001254,0.10272,0.10275,0.0
2022-01-14 08:14:53.505979,0.05074,0.05075,0.0
2022-01-14 08:14:54.006709,0.0,0.05075,0.0
2022-01-14 08:14:54.510651,0.0,0.0,0.0
2022-01-14 08:14:55.010441,0.0,0.0,0.0
2022-01-14 08:14:55.505650,0.05074,0.05075,0.0
2022-01-14 08:14:56.007088,0.15471,0.10275,0.0
2022-01-14 08:14:56.505137,0.05074,0.05075,0.0
2022-01-14 08:14:57.002964,0.0,0.05075,0.0
2022-01-14 08:14:57.508439,0.0,0.0,0.0
2022-01-14 08:14:58.005479,0.0,0.0,0.0
2022-01-14 08:14:58.502494,0.10272,0.10275,0.0
2022-01-14 08:14:59.009455,0.15471,0.10275,0.0
2022-01-14 08:14:59.504611,0.05074,0.0,0.0
2022-01-14 08:15:00.003983,0.0,0.05075,0.0
2022-01-14 08:15:00.505494,0.0,0.0,0.0
2022-01-14 08:15:01.003999,0.05074,0.0,0.0
2022-01-14 08:15:01.501990,0.10272,0.10275,0.0
2022-01-14 08:15:02.008834,0.05074,0.05075,0.0
2022-01-14 08:15:02.509998,0.05074,0.0,0.0
2022-01-14 08:15:03.001552,0.0,0.05075,0.0
2022-01-14 08:15:03.505654,0.0,0.05075,0.0
2022-01-14 08:15:04.003545,0.0,0.05075,0.0
2022-01-14 08:15:04.510825,0.15471,0.10275,0.0
2022-01-14 08:15:05.009652,0.05074,0.05075,0.0
2022-01-14 08:15:05.505268,0.0,0.0,0.0
2022-01-14 08:15:06.003529,0.0,0.0,0.0
2022-01-14 08:15:06.510506,0.0,0.05075,0.0
2022-01-14 08:15:07.505563,0.15471,0.10275,0.0
2022-01-14 08:15:08.004048,0.0,0.05075,0.0
2022-01-14 08:15:08.510332,0.05074,0.05075,0.0
2022-01-14 08:15:09.009848,0.0,0.0,0.0
2022-01-14 08:15:09.506093,0.0,0.0,0.0
2022-01-14 08:15:10.005245,0.05074,0.10275,0.0
2022-01-14 08:15:10.501324,0.15471,0.10275,0.0
2022-01-14 08:15:11.008753,0.0,0.05075,0.0
2022-01-14 08:15:11.506145,0.0,0.0,0.0
2022-01-14 08:15:12.005913,0.05074,0.0,0.0
2022-01-14 08:15:12.501124,0.0,0.05075,0.0
2022-01-14 08:15:13.009709,0.05074,0.10275,0.0
2022-01-14 08:15:13.505155,0.15471,0.05075,0.0
2022-01-14 08:15:14.002910,0.0,0.0,0.0
2022-01-14 08:15:14.509977,0.0,0.05075,0.0
2022-01-14 08:15:15.008482,0.0,0.0,0.0
2022-01-14 08:15:15.506310,0.0,0.0,0.0
2022-01-14 08:15:16.006384,0.10272,0.05075,0.0
2022-01-14 08:15:16.510127,0.10272,0.05075,0.0
2022-01-14 08:15:17.008505,0.0,0.05075,0.0
2022-01-14 08:15:17.503453,0.05074,0.0,0.0
2022-01-14 08:15:18.002648,0.0,0.05075,0.0
2022-01-14 08:15:18.508029,0.0,0.05075,0.0
2022-01-14 08:15:19.007061,0.10272,0.10275,0.0
2022-01-14 08:15:19.502524,0.10272,0.10275,0.0
2022-01-14 08:15:20.001565,0.0,0.05075,0.0
2022-01-14 08:15:20.508676,0.0,0.05075,0.0
2022-01-14 08:15:21.007796,0.0,0.0,0.0
2022-01-14 08:15:21.504812,0.05074,0.05075,0.0
2022-01-14 08:15:22.003403,0.15471,0.10275,0.0
2022-01-14 08:15:22.508711,0.05074,0.10275,0.0
2022-01-14 08:15:23.007395,0.0,0.0,0.0
2022-01-14 08:15:23.502841,0.0,0.05075,0.0
2022-01-14 08:15:24.010881,0.05074,0.0,0.0
2022-01-14 08:15:24.506909,0.10272,0.05075,0.0
2022-01-14 08:15:25.005815,0.15471,0.10275,0.0
2022-01-14 08:15:25.503073,0.05074,0.05075,0.0
2022-01-14 08:15:26.505117,0.0,0.0,0.0
2022-01-14 08:15:27.004646,0.0,0.05075,0.0
2022-01-14 08:15:27.509181,0.10272,0.05075,0.0
2022-01-14 08:15:28.006957,0.15471,0.10275,0.0
2022-01-14 08:15:28.501313,0.0,0.05075,0.0
2022-01-14 08:15:29.008503,0.0,0.0,0.0
2022-01-14 08:15:29.503496,0.0,0.0,0.0
2022-01-14 08:15:30.009846,0.0,0.05075,0.0
2022-01-14 08:15:30.506404,0.10272,0.10275,0.0
2022-01-14 08:15:31.005672,0.10272,0.10275,0.0
2022-01-14 08:15:31.509796,0.05074,0.0,0.0
2022-01-14 08:15:32.006900,0.05074,0.05075,0.0
2022-01-14 08:15:32.501760,0.0,0.0,0.0
2022-01-14 08:15:33.010150,0.05074,0.0,0.0
2022-01-14 08:15:33.505340,0.10272,0.0,0.0
2022-01-14 08:15:34.003229,0.10272,0.0,0.0
2022-01-14 08:15:34.509524,0.05074,0.0,0.0
2022-01-14 08:15:35.009213,0.0,0.0,0.0
2022-01-14 08:15:35.504683,0.0,0.0,0.0
2022-01-14 08:15:36.002738,0.0,0.0,0.0
2022-01-14 08:15:36.507257,0.10272,0.0,0.0
2022-01-14 08:15:37.008355,0.10272,0.0,0.0
2022-01-14 08:15:37.506207,0.05074,0.0,0.0
2022-01-14 08:15:38.008357,0.0,0.05075,0.0
2022-01-14 08:15:38.503155,0.0,0.0,0.0
2022-01-14 08:15:39.011221,0.0,0.05075,0.0
2022-01-14 08:15:39.507063,0.0,0.05075,0.0
2022-01-14 08:15:40.004926,0.15471,0.10275,0.0
2022-01-14 08:15:40.511277,0.10272,0.05075,0.0
2022-01-14 08:15:41.009677,0.05074,0.05075,0.0
2022-01-14 08:15:41.504681,0.05074,0.0,0.0
2022-01-14 08:15:42.001875,0.05074,0.0,0.0
2022-01-14 08:15:42.507609,0.05074,0.05075,0.0
2022-01-14 08:15:43.005594,0.10272,0.05075,0.0
2022-01-14 08:15:43.502745,0.10272,0.10275,0.0
2022-01-14 08:15:44.011125,0.05074,0.05075,0.0
2022-01-14 08:15:44.506778,0.0,0.05075,0.0
2022-01-14 08:15:45.004586,0.0,0.0,0.0
2022-01-14 08:15:45.510637,0.0,0.0,0.0
2022-01-14 08:15:46.008647,0.05074,0.05075,0.0
2022-01-14 08:15:46.502280,0.10272,0.10275,0.0
2022-01-14 08:15:47.010011,0.05074,0.05075,0.0
2022-01-14 08:15:47.506187,0.05074,0.05075,0.0
2022-01-14 08:15:48.007213,0.0,0.05075,0.0
2022-01-14 08:15:48.502753,0.0,0.0,0.0
2022-01-14 08:15:49.001126,0.0,0.0,0.0
2022-01-14 08:15:49.507911,0.05074,0.05075,0.0
2022-01-14 08:15:50.005302,0.10272,0.10275,0.0
2022-01-14 08:15:50.510578,0.05074,0.05075,0.0
2022-01-14 08:15:51.009696,0.0,0.0,0.0
2022-01-14 08:15:51.506054,0.05074,0.0,0.0
2022-01-14 08:15:52.003952,0.0,0.0,0.0
2022-01-14 08:15:52.510898,0.05074,0.05075,0.0
2022-01-14 08:15:53.002227,0.15471,0.15475,0.0
2022-01-14 08:15:53.509425,0.05074,0.05075,0.0
2022-01-14 08:15:54.006942,0.0,0.05075,0.0
2022-01-14 08:15:54.502604,0.0,0.0,0.0
2022-01-14 08:15:55.001066,0.05074,0.0,0.0
2022-01-14 08:15:55.508190,0.05074,0.05075,0.0
2022-01-14 08:15:56.007342,0.15471,0.15475,0.0
2022-01-14 08:15:56.505213,0.05074,0.05075,0.0
2022-01-14 08:15:57.003342,0.05074,0.05075,0.0
2022-01-14 08:15:57.504821,0.0,0.05075,0.0
2022-01-14 08:15:58.003560,0.0,0.0,0.0
2022-01-14 08:15:58.505979,0.05074,0.05075,0.0
2022-01-14 08:15:59.007539,0.10272,0.10275,0.0
2022-01-14 08:15:59.506559,0.10272,0.10275,0.0
2022-01-14 08:16:00.005424,0.05074,0.0,0.0
2022-01-14 08:16:00.506366,0.0,0.05075,0.0
2022-01-14 08:16:01.006707,0.0,0.05075,0.0
2022-01-14 08:16:01.504415,0.05074,0.0,0.0
2022-01-14 08:16:02.003358,0.10272,0.10275,0.0
2022-01-14 08:16:02.509023,0.10272,0.10275,0.0
2022-01-14 08:16:03.008693,0.0,0.05075,0.0
2022-01-14 08:16:03.503717,0.0,0.0,0.0
2022-01-14 08:16:04.002850,0.0,0.0,0.0
2022-01-14 08:16:04.509294,0.0,0.0,0.0
2022-01-14 08:16:05.009097,0.0,0.0,0.0
2022-01-14 08:16:05.505526,0.10272,0.10275,0.0
2022-01-14 08:16:06.005417,0.10272,0.10275,0.0
2022-01-14 08:16:06.501383,0.05074,0.0,0.0
2022-01-14 08:16:07.010995,0.0,0.0,0.0
2022-01-14 08:16:07.505969,0.0,0.0,0.0
2022-01-14 08:16:08.006290,0.05074,0.0,0.0
2022-01-14 08:16:08.501843,0.05074,0.05075,0.0
2022-01-14 08:16:09.001108,0.10272,0.05075,0.0
2022-01-14 08:16:09.507728,0.10272,0.10275,0.0
2022-01-14 08:16:10.005512,0.05074,0.0,0.0
2022-01-14 08:16:10.502792,0.05074,0.0,0.0
2022-01-14 08:16:11.505096,0.20545,0.2055,0.0
2022-01-14 08:16:12.002080,0.92827,0.8245,0.0
2022-01-14 08:16:12.507736,1.18571,1.28875,0.0
2022-01-14 08:16:13.004897,1.90729,1.805,0.0
2022-01-14 08:16:13.509479,2.73284,2.63075,0.0
2022-01-14 08:16:14.007854,3.66111,3.45525,0.0
2022-01-14 08:16:14.503871,4.7441,4.281,0.0
2022-01-14 08:16:15.001580,6.39395,6.138,0.0
2022-01-14 08:16:15.505644,7.16752,7.58275,0.0
2022-01-14 08:16:16.003856,9.12803,8.76875,0.0
2022-01-14 08:16:16.508881,9.4882,9.5425,0.0
2022-01-14 08:16:17.006760,9.23076,8.9235,0.0
2022-01-14 08:16:17.501665,10.05631,11.24475,0.0
2022-01-14 08:16:18.011184,11.91286,10.88325,0.0
2022-01-14 08:16:18.509918,12.47972,11.91575,0.0
2022-01-14 08:16:19.009584,12.1703,12.84425,0.0
2022-01-14 08:16:19.504489,13.30527,13.10175,0.0
2022-01-14 08:16:20.002797,14.80041,14.804,0.0
2022-01-14 08:16:20.507821,14.18156,14.237,0.0
2022-01-14 08:16:21.005347,13.45998,13.72075,0.0
2022-01-14 08:16:21.509972,13.56271,15.1135,0.0
2022-01-14 08:16:22.007174,16.70895,15.93925,0.0
2022-01-14 08:16:22.503674,17.1211,16.609,0.0
2022-01-14 08:16:23.008311,17.43052,18.67275,0.0
2022-01-14 08:16:23.504314,18.82294,18.7755,0.0
2022-01-14 08:16:24.002886,20.88618,20.78725,0.0
2022-01-14 08:16:24.510025,20.52477,20.942,0.0
2022-01-14 08:16:25.009435,21.14362,21.14875,0.0
2022-01-14 08:16:25.504606,22.63877,22.903,0.0
2022-01-14 08:16:26.002520,22.0719,22.12925,0.0
2022-01-14 08:16:26.508037,22.58802,22.74825,0.0
2022-01-14 08:16:27.005872,23.56704,24.656,0.0
2022-01-14 08:16:27.501346,25.16615,24.55325,0.0
2022-01-14 08:16:28.011170,24.754,25.12025,0.0
2022-01-14 08:16:28.506979,25.73302,26.513,0.0
2022-01-14 08:16:29.006006,27.95097,27.4935,0.0
2022-01-14 08:16:29.501964,28.72454,29.712,0.0
2022-01-14 08:16:30.009356,30.16893,30.279,0.0
2022-01-14 08:16:30.504828,31.19994,31.8265,0.0
2022-01-14 08:16:31.003559,32.95376,33.89025,0.0
2022-01-14 08:16:31.509193,33.05649,32.60025,0.0
2022-01-14 08:16:32.505561,32.84979,33.941,0.0
2022-01-14 08:16:33.003199,32.79905,33.21925,0.0
2022-01-14 08:16:33.508674,33.36591,32.29075,0.0
2022-01-14 08:16:34.007201,33.10847,34.045,0.0
2022-01-14 08:16:34.502919,33.4179,33.322,0.0
2022-01-14 08:16:35.002103,32.28292,32.90975,0.0
2022-01-14 08:16:35.505735,32.59235,32.96175,0.0
2022-01-14 08:16:36.003465,32.79905,33.27125,0.0
2022-01-14 08:16:36.509623,33.10847,33.0645,0.0
2022-01-14 08:16:37.006917,33.36591,33.58075,0.0
2022-01-14 08:16:37.502108,32.48962,33.16725,0.0
2022-01-14 08:16:38.010992,32.69508,32.807,0.0
2022-01-14 08:16:38.507066,34.08749,33.7355,0.0
2022-01-14 08:16:39.011031,33.31393,33.27125,0.0
2022-01-14 08:16:39.507441,32.33491,33.21925,0.0
2022-01-14 08:16:40.006330,32.23094,33.21925,0.0
2022-01-14 08:16:40.510545,33.26318,32.90975,0.0
2022-01-14 08:16:41.009540,33.52062,33.58075,0.0
2022-01-14 08:16:41.504400,32.84979,33.16725,0.0
2022-01-14 08:16:42.003892,31.81879,32.755,0.0
2022-01-14 08:16:42.507890,31.87077,33.78625,0.0
2022-01-14 08:16:43.006683,33.52062,33.0125,0.0
2022-01-14 08:16:43.502933,33.36591,33.1165,0.0
2022-01-14 08:16:44.002612,33.0045,33.322,0.0
2022-01-14 08:16:44.508861,32.1802,33.0645,0.0
2022-01-14 08:16:45.006860,32.79905,33.322,0.0
2022-01-14 08:16:45.501813,33.72732,33.52875,0.0
2022-01-14 08:16:46.010074,33.10847,32.85775,0.0
2022-01-14 08:16:46.506057,31.9735,33.0645,0.0
2022-01-14 08:16:47.004846,32.07623,33.6315,0.0
2022-01-14 08:16:47.509969,33.62335,33.1165,0.0
2022-01-14 08:16:48.009655,33.72732,33.374,0.0
2022-01-14 08:16:48.505699,32.95376,33.47675,0.0
2022-01-14 08:16:49.004990,32.64433,32.807,0.0
2022-01-14 08:16:49.510564,33.72732,33.6315,0.0
2022-01-14 08:16:50.009497,33.46864,33.374,0.0
2022-01-14 08:16:50.503548,32.84979,33.16725,0.0
2022-01-14 08:16:51.001668,32.43764,33.47675,0.0
2022-01-14 08:16:51.506561,32.69508,32.96175,0.0
2022-01-14 08:16:52.004524,32.90177,32.60025,0.0
2022-01-14 08:16:52.510234,33.36591,33.78625,0.0
2022-01-14 08:16:53.010053,32.23094,33.0645,0.0
2022-01-14 08:16:53.504449,32.12821,32.60025,0.0
2022-01-14 08:16:54.008862,33.72732,33.52875,0.0
2022-01-14 08:16:54.504592,33.4179,33.374,0.0
2022-01-14 08:16:55.003782,33.05649,33.1165,0.0
2022-01-14 08:16:55.508343,32.38565,33.52875,0.0
2022-01-14 08:16:56.005111,32.02548,32.85775,0.0
2022-01-14 08:16:56.511044,32.79905,33.374,0.0
2022-01-14 08:16:57.009442,33.4179,33.7355,0.0
2022-01-14 08:16:57.506893,33.0045,32.807,0.0
2022-01-14 08:16:58.003164,32.28292,32.136,0.0
2022-01-14 08:16:58.507459,32.12821,33.83825,0.0
2022-01-14 08:16:59.006368,33.62335,33.7355,0.0
2022-01-14 08:16:59.501621,33.4179,33.0645,0.0
2022-01-14 08:17:00.008993,32.48962,32.85775,0.0
2022-01-14 08:17:00.503985,31.66407,33.7355,0.0
2022-01-14 08:17:01.002260,32.79905,33.374,0.0
2022-01-14 08:17:01.509814,33.57261,33.27125,0.0
2022-01-14 08:17:02.006994,32.69508,32.85775,0.0
2022-01-14 08:17:02.501783,32.02548,33.21925,0.0
2022-01-14 08:17:03.011011,32.74706,33.21925,0.0
2022-01-14 08:17:03.505945,33.46864,33.16725,0.0
2022-01-14 08:17:04.006817,33.31393,33.16725,0.0
2022-01-14 08:17:04.502992,32.43764,33.0645,0.0
2022-01-14 08:17:05.002919,31.9735,33.52875,0.0
2022-01-14 08:17:05.510415,33.67534,33.1165,0.0
2022-01-14 08:17:06.010692,33.36591,33.0645,0.0
2022-01-14 08:17:06.506530,33.10847,33.21925,0.0
2022-01-14 08:17:07.005122,31.87077,33.322,0.0
2022-01-14 08:17:07.501267,32.64433,32.96175,0.0
2022-01-14 08:17:08.009110,33.46864,33.21925,0.0
2022-01-14 08:17:08.505714,32.84979,33.21925,0.0
2022-01-14 08:17:09.003927,32.79905,33.27125,0.0
2022-01-14 08:17:09.510009,32.64433,33.27125,0.0
2022-01-14 08:17:10.007709,33.36591,33.1165,0.0
2022-01-14 08:17:10.503939,33.52062,33.426,0.0
2022-01-14 08:17:11.001376,32.69508,33.58075,0.0
2022-01-14 08:17:11.506000,32.23094,32.807,0.0
2022-01-14 08:17:12.005790,33.26318,33.1165,0.0
2022-01-14 08:17:12.510807,33.31393,33.52875,0.0
2022-01-14 08:17:13.008691,33.0045,33.16725,0.0
2022-01-14 08:17:13.501791,32.07623,32.807,0.0
2022-01-14 08:17:14.010757,32.33491,33.16725,0.0
2022-01-14 08:17:14.506681,33.31393,33.322,0.0
2022-01-14 08:17:15.004548,33.4179,33.27125,0.0
2022-01-14 08:17:15.508703,32.90177,33.21925,0.0
2022-01-14 08:17:16.006739,31.61209,33.0125,0.0
2022-01-14 08:17:16.502924,32.07623,33.52875,0.0
2022-01-14 08:17:17.001287,33.98476,33.27125,0.0
2022-01-14 08:17:17.506166,33.62335,33.0645,0.0
2022-01-14 08:17:18.005613,32.64433,32.755,0.0
2022-01-14 08:17:18.502075,31.9735,33.47675,0.0
2022-01-14 08:17:19.002077,32.74706,33.47675,0.0
2022-01-14 08:17:19.508408,33.93278,33.0645,0.0
2022-01-14 08:17:20.004279,33.26318,32.85775,0.0
2022-01-14 08:17:20.508460,32.23094,33.6315,0.0
2022-01-14 08:17:21.002705,31.87077,33.27125,0.0
2022-01-14 08:17:21.507977,32.84979,33.374,0.0
2022-01-14 08:17:22.007375,33.72732,33.21925,0.0
2022-01-14 08:17:22.501625,33.2112,32.90975,0.0
2022-01-14 08:17:23.003724,31.87077,33.58075,0.0
2022-01-14 08:17:23.501563,32.43764,33.21925,0.0
2022-01-14 08:17:24.011182,33.52062,32.96175,0.0
2022-01-14 08:17:24.507002,33.0045,33.21925,0.0
2022-01-14 08:17:25.006528,32.12821,33.16725,0.0
2022-01-14 08:17:25.501602,32.38565,32.96175,0.0
2022-01-14 08:17:26.010207,33.46864,33.6315,0.0
2022-01-14 08:17:26.505686,33.36591,33.374,0.0
2022-01-14 08:17:27.005142,32.33491,33.0645,0.0
2022-01-14 08:17:28.005218,33.52062,32.96175,0.0
2022-01-14 08:17:28.509762,33.10847,33.27125,0.0
2022-01-14 08:17:29.008704,32.79905,33.426,0.0
2022-01-14 08:17:29.505381,32.1802,32.85775,0.0
2022-01-14 08:17:30.002883,33.05649,33.21925,0.0
2022-01-14 08:17:30.506646,33.0045,33.6315,0.0
2022-01-14 08:17:31.005619,33.26318,32.90975,0.0
2022-01-14 08:17:31.501170,32.12821,33.0125,0.0
2022-01-14 08:17:32.009702,32.64433,33.78625,0.0
2022-01-14 08:17:32.508738,33.2112,33.21925,0.0
2022-01-14 08:17:33.009241,33.0045,33.6315,0.0
2022-01-14 08:17:33.508700,33.15922,33.16725,0.0
2022-01-14 08:17:34.008420,32.38565,32.3935,0.0
2022-01-14 08:17:34.504639,32.74706,33.89025,0.0
2022-01-14 08:17:35.002165,33.15922,33.52875,0.0
2022-01-14 08:17:35.509222,33.10847,32.60025,0.0
2022-01-14 08:17:36.007378,32.64433,32.85775,0.0
2022-01-14 08:17:36.503743,32.02548,33.6835,0.0
2022-01-14 08:17:37.003938,32.64433,33.16725,0.0
2022-01-14 08:17:37.501183,34.34617,33.47675,0.0
2022-01-14 08:17:38.009692,33.52062,33.21925,0.0
2022-01-14 08:17:38.505632,31.7668,33.16725,0.0
2022-01-14 08:17:39.006686,31.87077,33.89025,0.0
2022-01-14 08:17:39.507203,32.79905,33.0645,0.0
2022-01-14 08:17:40.006451,34.03675,32.3935,0.0
2022-01-14 08:17:40.503047,33.4179,33.322,0.0
2022-01-14 08:17:41.002484,32.59235,33.426,0.0
2022-01-14 08:17:41.509654,32.48962,33.1165,0.0
2022-01-14 08:17:42.007708,33.26318,33.21925,0.0
2022-01-14 08:17:42.503339,32.69508,33.16725,0.0
2022-01-14 08:17:43.002868,32.33491,33.374,0.0
2022-01-14 08:17:43.501377,31.71606,33.6835,0.0
2022-01-14 08:17:44.006327,33.15922,33.1165,0.0
2022-01-14 08:17:44.505034,33.10847,32.85775,0.0
2022-01-14 08:17:45.003917,32.64433,33.374,0.0
2022-01-14 08:17:45.508661,32.48962,33.1165,0.0
2022-01-14 08:17:46.007667,33.46864,33.1165,0.0
2022-01-14 08:17:46.506924,33.36591,33.16725,0.0
2022-01-14 08:17:47.006015,33.0045,33.21925,0.0
2022-01-14 08:17:47.504900,32.23094,33.426,0.0
2022-01-14 08:17:48.002032,31.92152,32.96175,0.0
2022-01-14 08:17:48.508269,32.84979,33.0645,0.0
2022-01-14 08:17:49.006099,33.15922,33.78625,0.0
2022-01-14 08:17:49.501543,32.48962,32.96175,0.0
2022-01-14 08:17:50.007569,32.59235,32.96175,0.0
2022-01-14 08:17:50.506180,33.36591,33.47675,0.0
2022-01-14 08:17:51.003904,33.26318,33.0125,0.0
2022-01-14 08:17:51.501029,33.15922,33.16725,0.0
2022-01-14 08:17:52.001089,31.9735,33.16725,0.0
2022-01-14 08:17:52.508446,32.23094,33.16725,0.0
2022-01-14 08:17:53.007029,33.77807,33.6315,0.0
2022-01-14 08:17:53.501598,32.90177,33.16725,0.0
2022-01-14 08:17:54.001762,32.54037,32.807,0.0
2022-01-14 08:17:54.508621,32.54037,33.58075,0.0
2022-01-14 08:17:55.010041,32.95376,33.6835,0.0
2022-01-14 08:17:55.505987,33.52062,33.0645,0.0
2022-01-14 08:17:56.006352,33.36591,32.90975,0.0
2022-01-14 08:17:56.502570,32.43764,33.0125,0.0
2022-01-14 08:17:57.001806,33.2112,33.58075,0.0
2022-01-14 08:17:57.507418,33.98476,33.374,0.0
2022-01-14 08:17:58.005322,33.52062,32.807,0.0
2022-01-14 08:17:58.510699,32.79905,33.322,0.0
2022-01-14 08:17:59.001987,32.69508,33.374,0.0
2022-01-14 08:17:59.507745,32.74706,33.27125,0.0
2022-01-14 08:18:00.006138,33.83005,33.0645,0.0
2022-01-14 08:18:00.501110,33.31393,33.1165,0.0
2022-01-14 08:18:01.009789,32.64433,33.6315,0.0
2022-01-14 08:18:01.504878,31.9735,33.322,0.0
2022-01-14 08:18:02.004471,32.74706,32.96175,0.0
2022-01-14 08:18:02.510002,33.67534,33.1165,0.0
2022-01-14 08:18:03.011292,32.74706,33.58075,0.0
2022-01-14 08:18:03.504265,32.12821,33.322,0.0
2022-01-14 08:18:04.009140,32.33491,33.1165,0.0
2022-01-14 08:18:04.504116,33.10847,33.16725,0.0
2022-01-14 08:18:05.002641,33.15922,33.21925,0.0
2022-01-14 08:18:05.508448,32.1802,33.0645,0.0
2022-01-14 08:18:06.006935,31.7668,33.52875,0.0
2022-01-14 08:18:06.502352,33.36591,33.21925,0.0
2022-01-14 08:18:07.002110,33.10847,33.374,0.0
2022-01-14 08:18:07.509868,32.74706,32.96175,0.0
2022-01-14 08:18:08.008842,32.74706,33.27125,0.0
2022-01-14 08:18:08.504697,33.52062,33.27125,0.0
2022-01-14 08:18:09.006128,33.05649,33.1165,0.0
2022-01-14 08:18:09.501918,32.79905,33.21925,0.0
2022-01-14 08:18:10.008598,32.1802,33.0645,0.0
2022-01-14 08:18:10.503795,33.10847,33.1165,0.0
2022-01-14 08:18:11.002547,32.74706,33.52875,0.0
2022-01-14 08:18:11.509260,33.0045,33.21925,0.0
2022-01-14 08:18:12.006604,32.84979,32.90975,0.0
2022-01-14 08:18:12.503499,32.43764,34.045,0.0
2022-01-14 08:18:13.002739,32.79905,33.21925,0.0
2022-01-14 08:18:13.507824,33.2112,32.90975,0.0
2022-01-14 08:18:14.006050,33.2112,33.374,0.0
2022-01-14 08:18:14.501167,32.48962,33.0125,0.0
2022-01-14 08:18:15.008933,32.95376,33.27125,0.0
2022-01-14 08:18:15.504122,33.83005,33.322,0.0
2022-01-14 08:18:16.003344,33.98476,32.85775,0.0
2022-01-14 08:18:16.511216,32.74706,32.65225,0.0
2022-01-14 08:18:17.009174,31.66407,33.993,0.0
2022-01-14 08:18:17.503546,31.81879,33.52875,0.0
2022-01-14 08:18:18.002346,33.88203,32.60025,0.0
2022-01-14 08:18:18.508805,33.67534,33.0125,0.0
2022-01-14 08:18:19.007339,32.64433,33.374,0.0
2022-01-14 08:18:19.501640,32.02548,33.21925,0.0
2022-01-14 08:18:20.009207,33.72732,32.807,0.0
2022-01-14 08:18:20.502433,33.62335,33.21925,0.0
2022-01-14 08:18:21.011276,33.05649,33.21925,0.0
2022-01-14 08:18:21.507874,32.79905,33.16725,0.0
2022-01-14 08:18:22.006406,32.12821,33.0645,0.0
2022-01-14 08:18:22.502395,33.31393,33.322,0.0
2022-01-14 08:18:23.010710,33.31393,33.47675,0.0
2022-01-14 08:18:23.505666,32.43764,33.27125,0.0
2022-01-14 08:18:24.003600,31.92152,33.7355,0.0
2022-01-14 08:18:24.510348,33.67534,33.1165,0.0
2022-01-14 08:18:25.009301,33.57261,32.90975,0.0
2022-01-14 08:18:25.505634,32.84979,33.47675,0.0
2022-01-14 08:18:26.004506,32.1802,32.85775,0.0
2022-01-14 08:18:26.509170,32.90177,33.0645,0.0
2022-01-14 08:18:27.006655,33.31393,33.52875,0.0
2022-01-14 08:18:27.510856,32.79905,32.60025,0.0
2022-01-14 08:18:28.010306,32.38565,33.58075,0.0
2022-01-14 08:18:28.506191,32.69508,33.58075,0.0
2022-01-14 08:18:29.004678,33.26318,33.1165,0.0
2022-01-14 08:18:29.509739,33.2112,33.6315,0.0
2022-01-14 08:18:30.009218,32.74706,33.21925,0.0
2022-01-14 08:18:30.504656,33.0045,32.85775,0.0
2022-01-14 08:18:31.002056,33.26318,33.6835,0.0
2022-01-14 08:18:31.505798,33.05649,33.1165,0.0
2022-01-14 08:18:32.003913,33.0045,32.4455,0.0
2022-01-14 08:18:32.507873,32.43764,33.6315,0.0
2022-01-14 08:18:33.005436,32.59235,33.374,0.0
2022-01-14 08:18:33.510039,32.74706,32.85775,0.0
2022-01-14 08:18:34.007496,33.36591,33.78625,0.0
2022-01-14 08:18:34.503171,32.90177,33.1165,0.0
2022-01-14 08:18:35.001682,32.28292,33.6315,0.0
2022-01-14 08:18:35.507453,32.1802,33.6835,0.0
2022-01-14 08:18:36.006440,33.52062,32.807,0.0
2022-01-14 08:18:36.511216,33.31393,32.755,0.0
2022-01-14 08:18:37.009289,32.74706,33.58075,0.0
2022-01-14 08:18:37.508658,32.38565,33.1165,0.0
2022-01-14 08:18:38.007415,32.12821,32.807,0.0
2022-01-14 08:18:38.502777,34.08749,33.0125,0.0
2022-01-14 08:18:39.001413,33.46864,33.47675,0.0
2022-01-14 08:18:39.507530,32.07623,33.58075,0.0
2022-01-14 08:18:40.004778,31.40663,33.322,0.0
2022-01-14 08:18:40.509140,33.15922,33.0125,0.0
2022-01-14 08:18:41.006839,33.62335,33.426,0.0
2022-01-14 08:18:41.501369,32.69508,33.426,0.0
2022-01-14 08:18:42.005589,32.23094,32.96175,0.0
2022-01-14 08:18:42.501137,31.92152,33.0125,0.0
2022-01-14 08:18:43.010910,33.0045,33.0645,0.0
2022-01-14 08:18:43.507918,33.05649,33.374,0.0
2022-01-14 08:18:44.005050,32.33491,33.0645,0.0
2022-01-14 08:18:44.507974,32.64433,32.90975,0.0
2022-01-14 08:18:45.005160,33.2112,33.58075,0.0
2022-01-14 08:18:45.510821,33.36591,33.6315,0.0
2022-01-14 08:18:46.008582,32.33491,33.1165,0.0
2022-01-14 08:18:46.510695,32.64433,33.322,0.0
2022-01-14 08:18:47.010322,33.67534,33.16725,0.0
2022-01-14 08:18:47.508657,33.4179,33.322,0.0
2022-01-14 08:18:48.008752,33.0045,33.0645,0.0
2022-01-14 08:18:48.504613,32.12821,32.96175,0.0
2022-01-14 08:18:49.002587,32.48962,33.322,0.0
2022-01-14 08:18:49.508553,33.36591,33.1165,0.0
2022-01-14 08:18:50.007215,33.15922,33.0125,0.0
2022-01-14 08:18:50.503479,32.48962,33.52875,0.0
2022-01-14 08:18:51.001440,32.54037,33.322,0.0
2022-01-14 08:18:51.506474,33.46864,33.21925,0.0
2022-01-14 08:18:52.003499,33.31393,33.374,0.0
2022-01-14 08:18:52.510059,32.95376,32.755,0.0
2022-01-14 08:18:53.009110,31.7668,33.78625,0.0
2022-01-14 08:18:53.505093,31.87077,33.322,0.0
2022-01-14 08:18:54.003101,33.46864,32.54825,0.0
2022-01-14 08:18:54.510059,33.46864,33.1165,0.0
2022-01-14 08:18:55.010478,33.05649,33.58075,0.0
2022-01-14 08:18:55.505100,31.87077,33.0645,0.0
2022-01-14 08:18:56.002903,32.12821,33.1165,0.0
2022-01-14 08:18:56.507766,33.57261,33.374,0.0
2022-01-14 08:18:57.008555,33.4179,33.21925,0.0
2022-01-14 08:18:57.504212,32.84979,33.78625,0.0
2022-01-14 08:18:58.002332,32.48962,33.16725,0.0
2022-01-14 08:18:58.508734,33.46864,32.755,0.0
2022-01-14 08:18:59.006860,33.67534,33.6835,0.0
2022-01-14 08:18:59.502454,33.05649,33.16725,0.0
2022-01-14 08:19:00.002025,32.12821,32.85775,0.0
2022-01-14 08:19:00.507254,31.81879,33.21925,0.0
2022-01-14 08:19:01.005604,33.93278,33.0645,0.0
2022-01-14 08:19:01.501590,33.10847,33.374,0.0
2022-01-14 08:19:02.009512,32.28292,33.47675,0.0
2022-01-14 08:19:02.505735,32.12821,33.0125,0.0
2022-01-14 08:19:03.002823,32.95376,33.27125,0.0
2022-01-14 08:19:03.509126,33.46864,33.58075,0.0
2022-01-14 08:19:04.006451,32.79905,33.0645,0.0
2022-01-14 08:19:04.502077,32.02548,33.47675,0.0
2022-01-14 08:19:05.001320,32.38565,33.322,0.0
2022-01-14 08:19:05.508780,33.10847,32.85775,0.0
2022-01-14 08:19:06.007001,33.05649,33.6315,0.0
2022-01-14 08:19:06.501129,32.59235,33.1165,0.0
2022-01-14 08:19:07.009902,32.79905,32.755,0.0
2022-01-14 08:19:07.504945,33.26318,33.58075,0.0
2022-01-14 08:19:08.003614,32.95376,33.0645,0.0
2022-01-14 08:19:08.508904,32.1802,33.322,0.0
2022-01-14 08:19:09.006706,33.15922,33.6835,0.0
2022-01-14 08:19:09.502211,33.2112,32.85775,0.0
2022-01-14 08:19:10.001601,33.10847,33.0645,0.0
2022-01-14 08:19:10.509061,33.2112,33.83825,0.0
2022-01-14 08:19:11.002552,32.33491,33.21925,0.0
2022-01-14 08:19:11.507870,33.05649,32.90975,0.0
2022-01-14 08:19:12.005582,33.0045,33.27125,0.0
2022-01-14 08:19:12.510521,33.31393,32.807,0.0
2022-01-14 08:19:13.009900,32.59235,33.6315,0.0
2022-01-14 08:19:13.505645,33.0045,33.47675,0.0
2022-01-14 08:19:14.002878,32.43764,32.755,0.0
2022-01-14 08:19:14.509730,33.46864,33.6835,0.0
2022-01-14 08:19:15.005600,33.15922,33.27125,0.0
2022-01-14 08:19:15.501771,32.12821,33.0125,0.0
2022-01-14 08:19:16.010399,32.02548,33.47675,0.0
2022-01-14 08:19:16.507918,33.4179,33.27125,0.0
2022-01-14 08:19:17.006194,33.57261,33.0645,0.0
2022-01-14 08:19:17.503507,33.15922,33.6315,0.0
2022-01-14 08:19:18.011130,32.28292,33.0125,0.0
2022-01-14 08:19:18.510173,31.61209,32.54825,0.0
2022-01-14 08:19:19.009494,33.26318,33.89025,0.0
2022-01-14 08:19:19.504242,33.15922,33.374,0.0
2022-01-14 08:19:20.001794,32.33491,33.1165,0.0
2022-01-14 08:19:20.505939,31.9735,33.1165,0.0
2022-01-14 08:19:21.006073,33.36591,33.16725,0.0
2022-01-14 08:19:21.501558,33.67534,33.52875,0.0
2022-01-14 08:19:22.002252,33.4179,33.52875,0.0
2022-01-14 08:19:22.506386,32.07623,32.90975,0.0
2022-01-14 08:19:23.005183,32.07623,33.0645,0.0
2022-01-14 08:19:23.501254,33.46864,33.27125,0.0
2022-01-14 08:19:24.009138,33.57261,32.90975,0.0
2022-01-14 08:19:24.503586,32.59235,33.52875,0.0
2022-01-14 08:19:25.002000,32.54037,33.0645,0.0
2022-01-14 08:19:25.506270,33.05649,33.426,0.0
2022-01-14 08:19:26.004511,33.26318,33.426,0.0
2022-01-14 08:19:26.509529,32.54037,33.16725,0.0
2022-01-14 08:19:27.007331,32.90177,33.322,0.0
2022-01-14 08:19:27.503143,33.57261,33.322,0.0
2022-01-14 08:19:28.003677,33.2112,33.21925,0.0
2022-01-14 08:19:28.508117,32.59235,33.0645,0.0
2022-01-14 08:19:29.005144,32.43764,33.1165,0.0
2022-01-14 08:19:29.501144,33.31393,33.27125,0.0
2022-01-14 08:19:30.010322,33.15922,33.1165,0.0
2022-01-14 08:19:30.505566,33.15922,33.27125,0.0
2022-01-14 08:19:31.003633,32.43764,33.426,0.0
2022-01-14 08:19:31.508883,32.59235,33.47675,0.0
2022-01-14 08:19:32.007046,32.90177,33.0645,0.0
2022-01-14 08:19:32.505654,33.31393,33.27125,0.0
2022-01-14 08:19:33.004202,33.0045,33.21925,0.0
2022-01-14 08:19:33.510046,32.28292,33.426,0.0
2022-01-14 08:19:34.007153,32.64433,33.16725,0.0
2022-01-14 08:19:34.510588,33.31393,32.65225,0.0
2022-01-14 08:19:35.008126,33.15922,33.21925,0.0
2022-01-14 08:19:35.503227,32.74706,33.58075,0.0
2022-01-14 08:19:36.011274,32.43764,33.16725,0.0
2022-01-14 08:19:36.506405,33.0045,33.0645,0.0
2022-01-14 08:19:37.005102,33.57261,33.7355,0.0
2022-01-14 08:19:37.503425,33.26318,33.426,0.0
2022-01-14 08:19:38.002083,32.38565,33.21925,0.0
2022-01-14 08:19:38.508744,32.33491,33.1165,0.0
2022-01-14 08:19:39.006293,33.52062,32.96175,0.0
2022-01-14 08:19:39.501482,33.98476,33.47675,0.0
2022-01-14 08:19:40.001179,33.05649,33.27125,0.0
2022-01-14 08:19:40.506500,32.33491,32.703,0.0
2022-01-14 08:19:41.007333,32.23094,32.85775,0.0
2022-01-14 08:19:41.502465,33.46864,33.941,0.0
2022-01-14 08:19:42.002007,33.36591,33.16725,0.0
2022-01-14 08:19:42.509019,32.59235,33.16725,0.0
2022-01-14 08:19:43.007420,31.9735,33.16725,0.0
2022-01-14 08:19:43.506847,32.1802,33.27125,0.0
2022-01-14 08:19:44.006359,34.34617,33.58075,0.0
2022-01-14 08:19:44.501221,33.10847,32.85775,0.0
2022-01-14 08:19:45.009987,32.64433,33.16725,0.0
2022-01-14 08:19:45.507474,32.59235,33.322,0.0
2022-01-14 08:19:46.007387,33.31393,32.807,0.0
2022-01-14 08:19:46.501943,33.26318,33.27125,0.0
2022-01-14 08:19:47.002893,32.64433,33.16725,0.0
2022-01-14 08:19:47.509506,32.28292,33.322,0.0
2022-01-14 08:19:48.010617,32.95376,33.6315,0.0
2022-01-14 08:19:48.506340,33.57261,33.0645,0.0
2022-01-14 08:19:49.005774,32.64433,33.21925,0.0
2022-01-14 08:19:49.501333,32.38565,33.47675,0.0
2022-01-14 08:19:50.010106,33.36591,32.96175,0.0
2022-01-14 08:19:50.505815,33.10847,32.96175,0.0
2022-01-14 08:19:51.003752,32.90177,33.6315,0.0
2022-01-14 08:19:51.508738,32.02548,33.1165,0.0
2022-01-14 08:19:52.006970,32.07623,32.703,0.0
2022-01-14 08:19:52.502855,33.67534,33.78625,0.0
2022-01-14 08:19:53.505423,32.48962,33.47675,0.0
2022-01-14 08:19:54.004221,32.38565,33.374,0.0
2022-01-14 08:19:54.510332,33.57261,32.60025,0.0
2022-01-14 08:19:55.010552,33.72732,33.58075,0.0
2022-01-14 08:19:55.507106,33.26318,33.6835,0.0
2022-01-14 08:19:56.004441,32.74706,32.807,0.0
2022-01-14 08:19:56.508556,32.95376,32.85775,0.0
2022-01-14 08:19:57.006807,33.31393,33.83825,0.0
2022-01-14 08:19:57.502695,33.83005,33.0125,0.0
2022-01-14 08:19:58.002564,33.0045,33.374,0.0
2022-01-14 08:19:58.507961,32.38565,33.374,0.0
2022-01-14 08:19:59.006629,32.69508,32.85775,0.0
2022-01-14 08:19:59.510306,33.2112,33.7355,0.0
2022-01-14 08:20:00.007842,33.72732,33.426,0.0
2022-01-14 08:20:00.510806,32.64433,32.703,0.0
2022-01-14 08:20:01.001027,31.81879,33.21925,0.0
2022-01-14 08:20:01.507055,32.33491,33.426,0.0
