時間,回転１,回転２,回転３
2022-01-14 01:00:00.011168,0.0,0.0,0.0
2022-01-14 01:00:00.508023,0.0,0.0,0.0
2022-01-14 01:00:01.006212,0.0,0.0,0.0
2022-01-14 01:00:01.503025,0.0,0.0,0.0
2022-01-14 01:00:02.001900,0.0,0.0,0.0
2022-01-14 01:00:02.510210,0.0,0.0,0.0
2022-01-14 01:00:03.010161,0.0,0.0,0.0
2022-01-14 01:00:03.509364,0.0,0.0,0.0
2022-01-14 01:00:04.005686,0.0,0.0,0.0
2022-01-14 01:00:04.504614,0.0,0.0,0.0
2022-01-14 01:00:05.002294,0.0,0.0,0.0
2022-01-14 01:00:05.508279,0.0,0.0,0.0
2022-01-14 01:00:06.005597,0.0,0.0,0.0
2022-01-14 01:00:06.509487,0.0,0.0,0.0
2022-01-14 01:00:07.007831,0.0,0.0,0.0
2022-01-14 01:00:07.502903,0.0,0.0,0.0
2022-01-14 01:00:08.002388,0.0,0.0,0.0
2022-01-14 01:00:08.506989,0.0,0.0,0.0
2022-01-14 01:00:09.005130,0.0,0.0,0.0
2022-01-14 01:00:09.508804,0.0,0.0,0.0
2022-01-14 01:00:10.006336,0.0,0.0,0.0
2022-01-14 01:00:10.510702,0.0,0.0,0.0
2022-01-14 01:00:11.001384,0.0,0.0,0.0
2022-01-14 01:00:11.507638,0.0,0.0,0.0
2022-01-14 01:00:12.006036,0.0,0.0,0.0
2022-01-14 01:00:12.511067,0.0,0.0,0.0
2022-01-14 01:00:13.009665,0.0,0.0,0.0
2022-01-14 01:00:13.504170,0.0,0.0,0.0
2022-01-14 01:00:14.505136,0.0,0.0,0.0
2022-01-14 01:00:15.003016,0.0,0.0,0.0
2022-01-14 01:00:15.508791,0.0,0.0,0.0
2022-01-14 01:00:16.007860,0.0,0.0,0.0
2022-01-14 01:00:16.503169,0.0,0.0,0.0
2022-01-14 01:00:17.002964,0.0,0.0,0.0
2022-01-14 01:00:17.508245,0.0,0.0,0.0
2022-01-14 01:00:18.006055,0.0,0.0,0.0
2022-01-14 01:00:18.502713,0.0,0.0,0.0
2022-01-14 01:00:19.001684,0.0,0.0,0.0
2022-01-14 01:00:19.504645,0.0,0.0,0.0
2022-01-14 01:00:20.009070,0.0,0.0,0.0
2022-01-14 01:00:20.505243,0.0,0.0,0.0
2022-01-14 01:00:21.002673,0.0,0.0,0.0
2022-01-14 01:00:21.509210,0.0,0.0,0.0
2022-01-14 01:00:22.007109,0.0,0.0,0.0
2022-01-14 01:00:22.502851,0.0,0.0,0.0
2022-01-14 01:00:23.001546,0.0,0.0,0.0
2022-01-14 01:00:23.506536,0.0,0.0,0.0
2022-01-14 01:00:24.003888,0.0,0.0,0.0
2022-01-14 01:00:24.508297,0.0,0.0,0.0
2022-01-14 01:00:25.008011,0.0,0.0,0.0
2022-01-14 01:00:25.503250,0.0,0.0,0.0
2022-01-14 01:00:26.002264,0.0,0.0,0.0
2022-01-14 01:00:26.508605,0.0,0.0,0.0
2022-01-14 01:00:27.007468,0.0,0.0,0.0
2022-01-14 01:00:27.503142,0.0,0.0,0.0
2022-01-14 01:00:28.011112,0.0,0.0,0.0
2022-01-14 01:00:28.506200,0.0,0.0,0.0
2022-01-14 01:00:29.006397,0.0,0.0,0.0
2022-01-14 01:00:29.503806,0.0,0.0,0.0
2022-01-14 01:00:30.001580,0.0,0.0,0.0
2022-01-14 01:00:30.506777,0.0,0.0,0.0
2022-01-14 01:00:31.005882,0.0,0.0,0.0
2022-01-14 01:00:31.501613,0.0,0.0,0.0
2022-01-14 01:00:32.009710,0.0,0.0,0.0
2022-01-14 01:00:32.503588,0.0,0.0,0.0
2022-01-14 01:00:33.002147,0.0,0.0,0.0
2022-01-14 01:00:33.506788,0.0,0.0,0.0
2022-01-14 01:00:34.006158,0.0,0.0,0.0
2022-01-14 01:00:34.505987,0.0,0.0,0.0
2022-01-14 01:00:35.004006,0.0,0.0,0.0
2022-01-14 01:00:35.508783,0.0,0.0,0.0
2022-01-14 01:00:36.005520,0.0,0.0,0.0
2022-01-14 01:00:36.511019,0.0,0.0,0.0
2022-01-14 01:00:37.009218,0.0,0.0,0.0
2022-01-14 01:00:37.503948,0.0,0.0,0.0
2022-01-14 01:00:38.001524,0.0,0.0,0.0
2022-01-14 01:00:38.506072,0.0,0.0,0.0
2022-01-14 01:00:39.005932,0.0,0.0,0.0
2022-01-14 01:00:39.511122,0.0,0.0,0.0
2022-01-14 01:00:40.009085,0.0,0.0,0.0
2022-01-14 01:00:40.503696,0.0,0.0,0.0
2022-01-14 01:00:41.001556,0.0,0.0,0.0
2022-01-14 01:00:41.505981,0.0,0.0,0.0
2022-01-14 01:00:42.003935,0.0,0.0,0.0
2022-01-14 01:00:42.508966,0.0,0.0,0.0
2022-01-14 01:00:43.008793,0.0,0.0,0.0
2022-01-14 01:00:43.507321,0.0,0.0,0.0
2022-01-14 01:00:44.004751,0.0,0.0,0.0
2022-01-14 01:00:44.510241,0.0,0.0,0.0
2022-01-14 01:00:45.008489,0.0,0.0,0.0
2022-01-14 01:00:45.504173,0.0,0.0,0.0
2022-01-14 01:00:46.001606,0.0,0.0,0.0
2022-01-14 01:00:46.507552,0.0,0.0,0.0
2022-01-14 01:00:47.004149,0.0,0.0,0.0
2022-01-14 01:00:47.509077,0.0,0.0,0.0
2022-01-14 01:00:48.008590,0.0,0.0,0.0
2022-01-14 01:00:48.503276,0.0,0.0,0.0
2022-01-14 01:00:49.002869,0.0,0.0,0.0
2022-01-14 01:00:49.508721,0.0,0.0,0.0
2022-01-14 01:00:50.009020,0.0,0.0,0.0
2022-01-14 01:00:50.504676,0.0,0.0,0.0
2022-01-14 01:00:51.002739,0.0,0.0,0.0
2022-01-14 01:00:51.507875,0.0,0.0,0.0
2022-01-14 01:00:52.006129,0.0,0.0,0.0
2022-01-14 01:00:52.502992,0.0,0.0,0.0
2022-01-14 01:00:53.010882,0.0,0.0,0.0
2022-01-14 01:00:53.507179,0.0,0.0,0.0
2022-01-14 01:00:54.004710,0.0,0.0,0.0
2022-01-14 01:00:54.510648,0.0,0.0,0.0
2022-01-14 01:00:55.008845,0.0,0.0,0.0
2022-01-14 01:00:55.504294,0.0,0.0,0.0
2022-01-14 01:00:56.001430,0.0,0.0,0.0
2022-01-14 01:00:56.506842,0.0,0.0,0.0
2022-01-14 01:00:57.006010,0.0,0.0,0.0
2022-01-14 01:00:57.511160,0.0,0.0,0.0
2022-01-14 01:00:58.010823,0.0,0.0,0.0
2022-01-14 01:00:58.506801,0.0,0.0,0.0
2022-01-14 01:00:59.005360,0.0,0.0,0.0
2022-01-14 01:00:59.510683,0.0,0.0,0.0
2022-01-14 01:01:00.008285,0.0,0.0,0.0
2022-01-14 01:01:00.503091,0.0,0.0,0.0
2022-01-14 01:01:01.001166,0.0,0.0,0.0
2022-01-14 01:01:01.505640,0.0,0.0,0.0
2022-01-14 01:01:02.003959,0.0,0.0,0.0
2022-01-14 01:01:02.509924,0.0,0.0,0.0
2022-01-14 01:01:03.009190,0.0,0.0,0.0
2022-01-14 01:01:03.505884,0.0,0.0,0.0
2022-01-14 01:01:04.005520,0.0,0.0,0.0
2022-01-14 01:01:04.510099,0.0,0.0,0.0
2022-01-14 01:01:05.010314,0.0,0.0,0.0
2022-01-14 01:01:05.505389,0.0,0.0,0.0
2022-01-14 01:01:06.004044,0.0,0.0,0.0
2022-01-14 01:01:06.509518,0.0,0.0,0.0
2022-01-14 01:01:07.008347,0.0,0.0,0.0
2022-01-14 01:01:07.503841,0.0,0.0,0.0
2022-01-14 01:01:08.002157,0.0,0.0,0.0
2022-01-14 01:01:08.507356,0.0,0.0,0.0
2022-01-14 01:01:09.004742,0.0,0.0,0.0
2022-01-14 01:01:09.501617,0.0,0.0,0.0
2022-01-14 01:01:10.009500,0.0,0.0,0.0
2022-01-14 01:01:10.503032,0.0,0.0,0.0
2022-01-14 01:01:11.505418,0.0,0.0,0.0
2022-01-14 01:01:12.003197,0.0,0.0,0.0
2022-01-14 01:01:12.508841,0.0,0.0,0.0
2022-01-14 01:01:13.006888,0.0,0.0,0.0
2022-01-14 01:01:13.502111,0.0,0.0,0.0
2022-01-14 01:01:14.001465,0.0,0.0,0.0
2022-01-14 01:01:14.508422,0.0,0.0,0.0
2022-01-14 01:01:15.006038,0.0,0.0,0.0
2022-01-14 01:01:15.510721,0.0,0.0,0.0
2022-01-14 01:01:16.009590,0.0,0.0,0.0
2022-01-14 01:01:16.505368,0.0,0.0,0.0
2022-01-14 01:01:17.003737,0.0,0.0,0.0
2022-01-14 01:01:17.509484,0.0,0.0,0.0
2022-01-14 01:01:18.007559,0.0,0.0,0.0
2022-01-14 01:01:18.507760,0.0,0.0,0.0
2022-01-14 01:01:19.006672,0.0,0.0,0.0
2022-01-14 01:01:20.005041,0.0,0.0,0.0
2022-01-14 01:01:20.510802,0.0,0.0,0.0
2022-01-14 01:01:21.010718,0.0,0.0,0.0
2022-01-14 01:01:21.507756,0.0,0.0,0.0
2022-01-14 01:01:22.007315,0.0,0.0,0.0
2022-01-14 01:01:22.502685,0.0,0.0,0.0
2022-01-14 01:01:23.002815,0.0,0.0,0.0
2022-01-14 01:01:23.501609,0.0,0.0,0.0
2022-01-14 01:01:24.010516,0.0,0.0,0.0
2022-01-14 01:01:24.505816,0.0,0.0,0.0
2022-01-14 01:01:25.004781,0.0,0.0,0.0
2022-01-14 01:01:25.501577,0.0,0.0,0.0
2022-01-14 01:01:26.001129,0.0,0.0,0.0
2022-01-14 01:01:26.509166,0.0,0.0,0.0
2022-01-14 01:01:27.006730,0.0,0.0,0.0
2022-01-14 01:01:27.502184,0.0,0.0,0.0
2022-01-14 01:01:28.010403,0.0,0.0,0.0
2022-01-14 01:01:28.506128,0.0,0.0,0.0
2022-01-14 01:01:29.003490,0.0,0.0,0.0
2022-01-14 01:01:29.508065,0.0,0.0,0.0
2022-01-14 01:01:30.006065,0.0,0.0,0.0
2022-01-14 01:01:30.501626,0.0,0.0,0.0
2022-01-14 01:01:31.002228,0.0,0.0,0.0
2022-01-14 01:01:31.505689,0.0,0.0,0.0
2022-01-14 01:01:32.003988,0.0,0.0,0.0
2022-01-14 01:01:32.509194,0.0,0.0,0.0
2022-01-14 01:01:33.006935,0.0,0.0,0.0
2022-01-14 01:01:33.501673,0.0,0.0,0.0
2022-01-14 01:01:34.010719,0.0,0.0,0.0
2022-01-14 01:01:34.506130,0.0,0.0,0.0
2022-01-14 01:01:35.003633,0.0,0.0,0.0
2022-01-14 01:01:35.511216,0.0,0.0,0.0
2022-01-14 01:01:36.009298,0.0,0.0,0.0
2022-01-14 01:01:36.503920,0.0,0.0,0.0
2022-01-14 01:01:37.002507,0.0,0.0,0.0
2022-01-14 01:01:37.508209,0.0,0.0,0.0
2022-01-14 01:01:38.006272,0.0,0.0,0.0
2022-01-14 01:01:39.005475,0.0,0.0,0.0
2022-01-14 01:01:39.511113,0.0,0.0,0.0
2022-01-14 01:01:40.505452,0.0,0.0,0.0
2022-01-14 01:01:41.005292,0.0,0.0,0.0
2022-01-14 01:01:41.510419,0.0,0.0,0.0
2022-01-14 01:01:42.008607,0.0,0.0,0.0
2022-01-14 01:01:42.502818,0.0,0.0,0.0
2022-01-14 01:01:43.001217,0.0,0.0,0.0
2022-01-14 01:01:43.506049,0.0,0.0,0.0
2022-01-14 01:01:44.004960,0.0,0.0,0.0
2022-01-14 01:01:44.510108,0.0,0.0,0.0
2022-01-14 01:01:45.007930,0.0,0.0,0.0
2022-01-14 01:01:45.503261,0.0,0.0,0.0
2022-01-14 01:01:46.001966,0.0,0.0,0.0
2022-01-14 01:01:46.506982,0.0,0.0,0.0
2022-01-14 01:01:47.005342,0.0,0.0,0.0
2022-01-14 01:01:47.510887,0.0,0.0,0.0
2022-01-14 01:01:48.010044,0.0,0.0,0.0
2022-01-14 01:01:48.504076,0.0,0.0,0.0
2022-01-14 01:01:49.001947,0.0,0.0,0.0
2022-01-14 01:01:49.507674,0.0,0.0,0.0
2022-01-14 01:01:50.006456,0.0,0.0,0.0
2022-01-14 01:01:50.510283,0.0,0.0,0.0
2022-01-14 01:01:51.009512,0.0,0.0,0.0
2022-01-14 01:01:51.502657,0.0,0.0,0.0
2022-01-14 01:01:52.010545,0.0,0.0,0.0
2022-01-14 01:01:52.505743,0.0,0.0,0.0
2022-01-14 01:01:53.004744,0.0,0.0,0.0
2022-01-14 01:01:53.510362,0.0,0.0,0.0
2022-01-14 01:01:54.009108,0.0,0.0,0.0
2022-01-14 01:01:54.505421,0.0,0.0,0.0
2022-01-14 01:01:55.005555,0.0,0.0,0.0
2022-01-14 01:01:55.501372,0.0,0.0,0.0
2022-01-14 01:01:56.008912,0.0,0.0,0.0
2022-01-14 01:01:56.504616,0.0,0.0,0.0
2022-01-14 01:01:57.003506,0.0,0.0,0.0
2022-01-14 01:01:57.509724,0.0,0.0,0.0
2022-01-14 01:01:58.008106,0.0,0.0,0.0
2022-01-14 01:01:58.504722,0.0,0.0,0.0
2022-01-14 01:01:59.004097,0.0,0.0,0.0
2022-01-14 01:01:59.510190,0.0,0.0,0.0
2022-01-14 01:02:00.007879,0.0,0.0,0.0
2022-01-14 01:02:00.504342,0.0,0.0,0.0
2022-01-14 01:02:01.003667,0.0,0.0,0.0
2022-01-14 01:02:01.509100,0.0,0.0,0.0
2022-01-14 01:02:02.008047,0.0,0.0,0.0
2022-01-14 01:02:02.503585,0.0,0.0,0.0
2022-01-14 01:02:03.002701,0.0,0.0,0.0
2022-01-14 01:02:03.509659,0.0,0.0,0.0
2022-01-14 01:02:04.008901,0.0,0.0,0.0
2022-01-14 01:02:04.503089,0.0,0.0,0.0
2022-01-14 01:02:05.001510,0.0,0.0,0.0
2022-01-14 01:02:05.507127,0.0,0.0,0.0
2022-01-14 01:02:06.005089,0.0,0.0,0.0
2022-01-14 01:02:06.509304,0.0,0.0,0.0
2022-01-14 01:02:07.007389,0.0,0.0,0.0
2022-01-14 01:02:07.503592,0.0,0.0,0.0
2022-01-14 01:02:08.504735,0.0,0.0,0.0
2022-01-14 01:02:09.001950,0.0,0.0,0.0
2022-01-14 01:02:09.509177,0.0,0.0,0.0
2022-01-14 01:02:10.005984,0.0,0.0,0.0
2022-01-14 01:02:10.509848,0.0,0.0,0.0
2022-01-14 01:02:11.009047,0.0,0.0,0.0
2022-01-14 01:02:11.503740,0.0,0.0,0.0
2022-01-14 01:02:12.001423,0.0,0.0,0.0
2022-01-14 01:02:12.508604,0.0,0.0,0.0
2022-01-14 01:02:13.006433,0.0,0.0,0.0
2022-01-14 01:02:13.503108,0.0,0.0,0.0
2022-01-14 01:02:14.002360,0.0,0.0,0.0
2022-01-14 01:02:14.506112,0.0,0.0,0.0
2022-01-14 01:02:15.005564,0.0,0.0,0.0
2022-01-14 01:02:15.509969,0.0,0.0,0.0
2022-01-14 01:02:16.007714,0.0,0.0,0.0
2022-01-14 01:02:16.502868,0.0,0.0,0.0
2022-01-14 01:02:17.003090,0.0,0.0,0.0
2022-01-14 01:02:17.507906,0.0,0.0,0.0
2022-01-14 01:02:18.005621,0.0,0.0,0.0
2022-01-14 01:02:18.510596,0.0,0.0,0.0
2022-01-14 01:02:19.009107,0.0,0.0,0.0
2022-01-14 01:02:19.504674,0.0,0.0,0.0
2022-01-14 01:02:20.003717,0.0,0.0,0.0
2022-01-14 01:02:20.509521,0.0,0.0,0.0
2022-01-14 01:02:21.007326,0.0,0.0,0.0
2022-01-14 01:02:21.504670,0.0,0.0,0.0
2022-01-14 01:02:22.002828,0.0,0.0,0.0
2022-01-14 01:02:22.507897,0.0,0.0,0.0
2022-01-14 01:02:23.005590,0.0,0.0,0.0
2022-01-14 01:02:23.501152,0.0,0.0,0.0
2022-01-14 01:02:24.009314,0.0,0.0,0.0
2022-01-14 01:02:24.503901,0.0,0.0,0.0
2022-01-14 01:02:25.002424,0.0,0.0,0.0
2022-01-14 01:02:25.502731,0.0,0.0,0.0
2022-01-14 01:02:26.001554,0.0,0.0,0.0
2022-01-14 01:02:26.507307,0.0,0.0,0.0
2022-01-14 01:02:27.004600,0.0,0.0,0.0
2022-01-14 01:02:27.510169,0.0,0.0,0.0
2022-01-14 01:02:28.010109,0.0,0.0,0.0
2022-01-14 01:02:28.505622,0.0,0.0,0.0
2022-01-14 01:02:29.004428,0.0,0.0,0.0
2022-01-14 01:02:30.005161,0.0,0.0,0.0
2022-01-14 01:02:30.501287,0.0,0.0,0.0
2022-01-14 01:02:31.009477,0.0,0.0,0.0
2022-01-14 01:02:31.503863,0.0,0.0,0.0
2022-01-14 01:02:32.001374,0.0,0.0,0.0
2022-01-14 01:02:32.506449,0.0,0.0,0.0
2022-01-14 01:02:33.005656,0.0,0.0,0.0
2022-01-14 01:02:33.501639,0.0,0.0,0.0
2022-01-14 01:02:34.011202,0.0,0.0,0.0
2022-01-14 01:02:34.505299,0.0,0.0,0.0
2022-01-14 01:02:35.002159,0.0,0.0,0.0
2022-01-14 01:02:35.508520,0.0,0.0,0.0
2022-01-14 01:02:36.007652,0.0,0.0,0.0
2022-01-14 01:02:36.502257,0.0,0.0,0.0
2022-01-14 01:02:37.001547,0.0,0.0,0.0
2022-01-14 01:02:37.507214,0.0,0.0,0.0
2022-01-14 01:02:38.005172,0.0,0.0,0.0
2022-01-14 01:02:38.501506,0.0,0.0,0.0
2022-01-14 01:02:39.001260,0.0,0.0,0.0
2022-01-14 01:02:39.505119,0.0,0.0,0.0
2022-01-14 01:02:40.003254,0.0,0.0,0.0
2022-01-14 01:02:40.509280,0.0,0.0,0.0
2022-01-14 01:02:41.006691,0.0,0.0,0.0
2022-01-14 01:02:41.502628,0.0,0.0,0.0
2022-01-14 01:02:42.011015,0.0,0.0,0.0
2022-01-14 01:02:42.506544,0.0,0.0,0.0
2022-01-14 01:02:43.006096,0.0,0.0,0.0
2022-01-14 01:02:43.510851,0.0,0.0,0.0
2022-01-14 01:02:44.009209,0.0,0.0,0.0
2022-01-14 01:02:44.505109,0.0,0.0,0.0
2022-01-14 01:02:45.004523,0.0,0.0,0.0
2022-01-14 01:02:45.510074,0.0,0.0,0.0
2022-01-14 01:02:46.009127,0.0,0.0,0.0
2022-01-14 01:02:46.503260,0.0,0.0,0.0
2022-01-14 01:02:47.002272,0.0,0.0,0.0
2022-01-14 01:02:47.507819,0.0,0.0,0.0
2022-01-14 01:02:48.005114,0.0,0.0,0.0
2022-01-14 01:02:48.501253,0.0,0.0,0.0
2022-01-14 01:02:49.008727,0.0,0.0,0.0
2022-01-14 01:02:49.507157,0.0,0.0,0.0
2022-01-14 01:02:50.005559,0.0,0.0,0.0
2022-01-14 01:02:50.509403,0.0,0.0,0.0
2022-01-14 01:02:51.006742,0.0,0.0,0.0
2022-01-14 01:02:51.511244,0.0,0.0,0.0
2022-01-14 01:02:52.010901,0.0,0.0,0.0
2022-01-14 01:02:52.506830,0.0,0.0,0.0
2022-01-14 01:02:53.004159,0.0,0.0,0.0
2022-01-14 01:02:53.510049,0.0,0.0,0.0
2022-01-14 01:02:54.008562,0.0,0.0,0.0
2022-01-14 01:02:54.503297,0.0,0.0,0.0
2022-01-14 01:02:55.001101,0.0,0.0,0.0
2022-01-14 01:02:55.507049,0.0,0.0,0.0
2022-01-14 01:02:56.004661,0.0,0.0,0.0
2022-01-14 01:02:56.509143,0.0,0.0,0.0
2022-01-14 01:02:57.007966,0.0,0.0,0.0
2022-01-14 01:02:57.502246,0.0,0.0,0.0
2022-01-14 01:02:58.001706,0.0,0.0,0.0
2022-01-14 01:02:58.507793,0.0,0.0,0.0
2022-01-14 01:02:59.006185,0.0,0.0,0.0
2022-01-14 01:02:59.511055,0.0,0.0,0.0
2022-01-14 01:03:00.008679,0.0,0.0,0.0
2022-01-14 01:03:00.503169,0.0,0.0,0.0
2022-01-14 01:03:01.002088,0.0,0.0,0.0
2022-01-14 01:03:01.507515,0.0,0.0,0.0
2022-01-14 01:03:02.005265,0.0,0.0,0.0
2022-01-14 01:03:02.502264,0.0,0.0,0.0
2022-01-14 01:03:03.001251,0.0,0.0,0.0
2022-01-14 01:03:03.507346,0.0,0.0,0.0
2022-01-14 01:03:04.006141,0.0,0.0,0.0
2022-01-14 01:03:04.501437,0.0,0.0,0.0
2022-01-14 01:03:05.010110,0.0,0.0,0.0
2022-01-14 01:03:05.505098,0.0,0.0,0.0
2022-01-14 01:03:06.002965,0.0,0.0,0.0
2022-01-14 01:03:06.510835,0.0,0.0,0.0
2022-01-14 01:03:07.008779,0.0,0.0,0.0
2022-01-14 01:03:07.504129,0.0,0.0,0.0
2022-01-14 01:03:08.001575,0.0,0.0,0.0
2022-01-14 01:03:08.506936,0.0,0.0,0.0
2022-01-14 01:03:09.004923,0.0,0.0,0.0
2022-01-14 01:03:09.511008,0.0,0.0,0.0
2022-01-14 01:03:10.008439,0.0,0.0,0.0
2022-01-14 01:03:10.503836,0.0,0.0,0.0
2022-01-14 01:03:11.003159,0.0,0.0,0.0
2022-01-14 01:03:11.507879,0.0,0.0,0.0
2022-01-14 01:03:12.004530,0.0,0.0,0.0
2022-01-14 01:03:12.510423,0.0,0.0,0.0
2022-01-14 01:03:13.009090,0.0,0.0,0.0
2022-01-14 01:03:13.503727,0.0,0.0,0.0
2022-01-14 01:03:14.002966,0.0,0.0,0.0
2022-01-14 01:03:14.509797,0.0,0.0,0.0
2022-01-14 01:03:15.009346,0.0,0.0,0.0
2022-01-14 01:03:15.506265,0.0,0.0,0.0
2022-01-14 01:03:16.005202,0.0,0.0,0.0
2022-01-14 01:03:16.510095,0.0,0.0,0.0
2022-01-14 01:03:17.006949,0.0,0.0,0.0
2022-01-14 01:03:17.501916,0.0,0.0,0.0
2022-01-14 01:03:18.009771,0.0,0.0,0.0
2022-01-14 01:03:18.504257,0.0,0.0,0.0
2022-01-14 01:03:19.003541,0.0,0.0,0.0
2022-01-14 01:03:19.507850,0.0,0.0,0.0
2022-01-14 01:03:20.007481,0.0,0.0,0.0
2022-01-14 01:03:20.502755,0.0,0.0,0.0
2022-01-14 01:03:21.001915,0.0,0.0,0.0
2022-01-14 01:03:21.506496,0.0,0.0,0.0
2022-01-14 01:03:22.003897,0.0,0.0,0.0
2022-01-14 01:03:22.509774,0.0,0.0,0.0
2022-01-14 01:03:23.007088,0.0,0.0,0.0
2022-01-14 01:03:23.504011,0.0,0.0,0.0
2022-01-14 01:03:24.001467,0.0,0.0,0.0
2022-01-14 01:03:24.508631,0.0,0.0,0.0
2022-01-14 01:03:25.006311,0.0,0.0,0.0
2022-01-14 01:03:25.502040,0.0,0.0,0.0
2022-01-14 01:03:26.010233,0.0,0.0,0.0
2022-01-14 01:03:26.506154,0.0,0.0,0.0
2022-01-14 01:03:27.004340,0.0,0.0,0.0
2022-01-14 01:03:27.510731,0.0,0.0,0.0
2022-01-14 01:03:28.007879,0.0,0.0,0.0
2022-01-14 01:03:28.505230,0.0,0.0,0.0
2022-01-14 01:03:29.002873,0.0,0.0,0.0
2022-01-14 01:03:29.510262,0.0,0.0,0.0
2022-01-14 01:03:30.009391,0.0,0.0,0.0
2022-01-14 01:03:30.504172,0.0,0.0,0.0
2022-01-14 01:03:31.002158,0.0,0.0,0.0
2022-01-14 01:03:31.506629,0.0,0.0,0.0
2022-01-14 01:03:32.004025,0.0,0.0,0.0
2022-01-14 01:03:32.507510,0.0,0.0,0.0
2022-01-14 01:03:33.005140,0.0,0.0,0.0
2022-01-14 01:03:33.511005,0.0,0.0,0.0
2022-01-14 01:03:34.009512,0.0,0.0,0.0
2022-01-14 01:03:34.503835,0.0,0.0,0.0
2022-01-14 01:03:35.001974,0.0,0.0,0.0
2022-01-14 01:03:35.508086,0.0,0.0,0.0
2022-01-14 01:03:36.006911,0.0,0.0,0.0
2022-01-14 01:03:36.501527,0.0,0.0,0.0
2022-01-14 01:03:37.009051,0.0,0.0,0.0
2022-01-14 01:03:37.503613,0.0,0.0,0.0
2022-01-14 01:03:38.001157,0.0,0.0,0.0
2022-01-14 01:03:38.510667,0.0,0.0,0.0
2022-01-14 01:03:39.010063,0.0,0.0,0.0
2022-01-14 01:03:39.504660,0.0,0.0,0.0
2022-01-14 01:03:40.002613,0.0,0.0,0.0
2022-01-14 01:03:40.507642,0.0,0.0,0.0
2022-01-14 01:03:41.005486,0.0,0.0,0.0
2022-01-14 01:03:41.511045,0.0,0.0,0.0
2022-01-14 01:03:42.009978,0.0,0.0,0.0
2022-01-14 01:03:42.506759,0.0,0.0,0.0
2022-01-14 01:03:43.004627,0.0,0.0,0.0
2022-01-14 01:03:43.510184,0.0,0.0,0.0
2022-01-14 01:03:44.007444,0.0,0.0,0.0
2022-01-14 01:03:44.503298,0.0,0.0,0.0
2022-01-14 01:03:45.001582,0.0,0.0,0.0
2022-01-14 01:03:45.507908,0.0,0.0,0.0
2022-01-14 01:03:46.005772,0.0,0.0,0.0
2022-01-14 01:03:46.509789,0.0,0.0,0.0
2022-01-14 01:03:47.009706,0.0,0.0,0.0
2022-01-14 01:03:47.504576,0.0,0.0,0.0
2022-01-14 01:03:48.003715,0.0,0.0,0.0
2022-01-14 01:03:48.507939,0.0,0.0,0.0
2022-01-14 01:03:49.005733,0.0,0.0,0.0
2022-01-14 01:03:49.501069,0.0,0.0,0.0
2022-01-14 01:03:50.008527,0.0,0.0,0.0
2022-01-14 01:03:50.503922,0.0,0.0,0.0
2022-01-14 01:03:51.001184,0.0,0.0,0.0
2022-01-14 01:03:51.510328,0.0,0.0,0.0
2022-01-14 01:03:52.008318,0.0,0.0,0.0
2022-01-14 01:03:52.503306,0.0,0.0,0.0
2022-01-14 01:03:53.007330,0.0,0.0,0.0
2022-01-14 01:03:53.502123,0.0,0.0,0.0
2022-01-14 01:03:54.010998,0.0,0.0,0.0
2022-01-14 01:03:54.507574,0.0,0.0,0.0
2022-01-14 01:03:55.007130,0.0,0.0,0.0
2022-01-14 01:03:55.504765,0.0,0.0,0.0
2022-01-14 01:03:56.004556,0.0,0.0,0.0
2022-01-14 01:03:56.510100,0.0,0.0,0.0
2022-01-14 01:03:57.009544,0.0,0.0,0.0
2022-01-14 01:03:57.503445,0.0,0.0,0.0
2022-01-14 01:03:58.001311,0.0,0.0,0.0
2022-01-14 01:03:58.505826,0.0,0.0,0.0
2022-01-14 01:03:59.004137,0.0,0.0,0.0
2022-01-14 01:03:59.508461,0.0,0.0,0.0
2022-01-14 01:04:00.006454,0.0,0.0,0.0
2022-01-14 01:04:00.501557,0.0,0.0,0.0
2022-01-14 01:04:01.010987,0.0,0.0,0.0
2022-01-14 01:04:01.506919,0.0,0.0,0.0
2022-01-14 01:04:02.006043,0.0,0.0,0.0
2022-01-14 01:04:02.501149,0.0,0.0,0.0
2022-01-14 01:04:03.008780,0.0,0.0,0.0
2022-01-14 01:04:03.505751,0.0,0.0,0.0
2022-01-14 01:04:04.006234,0.0,0.0,0.0
2022-01-14 01:04:04.502723,0.0,0.0,0.0
2022-01-14 01:04:05.001361,0.0,0.0,0.0
2022-01-14 01:04:05.509352,0.0,0.0,0.0
2022-01-14 01:04:06.007398,0.0,0.0,0.0
2022-01-14 01:04:06.501617,0.0,0.0,0.0
2022-01-14 01:04:07.001530,0.0,0.0,0.0
2022-01-14 01:04:07.506021,0.0,0.0,0.0
2022-01-14 01:04:08.003867,0.0,0.0,0.0
2022-01-14 01:04:08.510407,0.0,0.0,0.0
2022-01-14 01:04:09.009086,0.0,0.0,0.0
2022-01-14 01:04:09.503585,0.0,0.0,0.0
2022-01-14 01:04:10.010869,0.0,0.0,0.0
2022-01-14 01:04:10.505069,0.0,0.0,0.0
2022-01-14 01:04:11.003779,0.0,0.0,0.0
2022-01-14 01:04:11.507820,0.0,0.0,0.0
2022-01-14 01:04:12.007005,0.0,0.0,0.0
2022-01-14 01:04:12.501487,0.0,0.0,0.0
2022-01-14 01:04:13.010239,0.0,0.0,0.0
2022-01-14 01:04:13.506235,0.0,0.0,0.0
2022-01-14 01:04:14.004299,0.0,0.0,0.0
2022-01-14 01:04:14.511211,0.0,0.0,0.0
2022-01-14 01:04:15.009131,0.0,0.0,0.0
2022-01-14 01:04:15.504788,0.0,0.0,0.0
2022-01-14 01:04:16.002904,0.0,0.0,0.0
2022-01-14 01:04:16.509529,0.0,0.0,0.0
2022-01-14 01:04:17.008526,0.0,0.0,0.0
2022-01-14 01:04:17.504578,0.0,0.0,0.0
2022-01-14 01:04:18.002909,0.0,0.0,0.0
2022-01-14 01:04:18.508097,0.0,0.0,0.0
2022-01-14 01:04:19.006032,0.0,0.0,0.0
2022-01-14 01:04:19.501230,0.0,0.0,0.0
2022-01-14 01:04:20.008436,0.0,0.0,0.0
2022-01-14 01:04:20.504157,0.0,0.0,0.0
2022-01-14 01:04:21.011150,0.0,0.0,0.0
2022-01-14 01:04:21.506805,0.0,0.0,0.0
2022-01-14 01:04:22.007041,0.0,0.0,0.0
2022-01-14 01:04:22.504239,0.0,0.0,0.0
2022-01-14 01:04:23.003375,0.0,0.0,0.0
2022-01-14 01:04:23.501160,0.0,0.0,0.0
2022-01-14 01:04:24.008752,0.0,0.0,0.0
2022-01-14 01:04:24.505326,0.0,0.0,0.0
2022-01-14 01:04:25.004219,0.0,0.0,0.0
2022-01-14 01:04:25.510719,0.0,0.0,0.0
2022-01-14 01:04:26.009015,0.0,0.0,0.0
2022-01-14 01:04:26.506729,0.0,0.0,0.0
2022-01-14 01:04:27.006498,0.0,0.0,0.0
2022-01-14 01:04:27.502582,0.0,0.0,0.0
2022-01-14 01:04:28.010881,0.0,0.0,0.0
2022-01-14 01:04:28.506300,0.0,0.0,0.0
2022-01-14 01:04:29.005538,0.0,0.0,0.0
2022-01-14 01:04:29.511119,0.0,0.0,0.0
2022-01-14 01:04:30.010427,0.0,0.0,0.0
2022-01-14 01:04:30.506247,0.0,0.0,0.0
2022-01-14 01:04:31.006151,0.0,0.0,0.0
2022-01-14 01:04:31.502702,0.0,0.0,0.0
2022-01-14 01:04:32.001844,0.0,0.0,0.0
2022-01-14 01:04:32.509344,0.0,0.0,0.0
2022-01-14 01:04:33.006466,0.0,0.0,0.0
2022-01-14 01:04:33.503940,0.0,0.0,0.0
2022-01-14 01:04:34.001130,0.0,0.0,0.0
2022-01-14 01:04:34.506931,0.0,0.0,0.0
2022-01-14 01:04:35.004766,0.0,0.0,0.0
2022-01-14 01:04:35.501662,0.0,0.0,0.0
2022-01-14 01:04:36.009804,0.0,0.0,0.0
2022-01-14 01:04:36.503963,0.0,0.0,0.0
2022-01-14 01:04:37.001919,0.0,0.0,0.0
2022-01-14 01:04:37.508575,0.0,0.0,0.0
2022-01-14 01:04:38.006217,0.0,0.0,0.0
2022-01-14 01:04:38.510056,0.0,0.0,0.0
2022-01-14 01:04:39.008080,0.0,0.0,0.0
2022-01-14 01:04:39.503569,0.0,0.0,0.0
2022-01-14 01:04:40.002138,0.0,0.0,0.0
2022-01-14 01:04:40.506717,0.0,0.0,0.0
2022-01-14 01:04:41.005172,0.0,0.0,0.0
2022-01-14 01:04:41.511217,0.0,0.0,0.0
2022-01-14 01:04:42.009176,0.0,0.0,0.0
2022-01-14 01:04:42.505171,0.0,0.0,0.0
2022-01-14 01:04:43.002514,0.0,0.0,0.0
2022-01-14 01:04:43.508072,0.0,0.0,0.0
2022-01-14 01:04:44.006368,0.0,0.0,0.0
2022-01-14 01:04:44.502033,0.0,0.0,0.0
2022-01-14 01:04:45.001356,0.0,0.0,0.0
2022-01-14 01:04:45.507330,0.0,0.0,0.0
2022-01-14 01:04:46.002764,0.0,0.0,0.0
2022-01-14 01:04:46.508741,0.0,0.0,0.0
2022-01-14 01:04:47.006483,0.0,0.0,0.0
2022-01-14 01:04:47.502503,0.0,0.0,0.0
2022-01-14 01:04:48.001270,0.0,0.0,0.0
2022-01-14 01:04:48.511061,0.0,0.0,0.0
2022-01-14 01:04:49.007855,0.0,0.0,0.0
2022-01-14 01:04:49.502618,0.0,0.0,0.0
2022-01-14 01:04:50.001862,0.0,0.0,0.0
2022-01-14 01:04:50.507964,0.0,0.0,0.0
2022-01-14 01:04:51.006120,0.0,0.0,0.0
2022-01-14 01:04:51.501180,0.0,0.0,0.0
2022-01-14 01:04:52.009582,0.0,0.0,0.0
2022-01-14 01:04:52.504921,0.0,0.0,0.0
2022-01-14 01:04:53.003923,0.0,0.0,0.0
2022-01-14 01:04:53.509134,0.0,0.0,0.0
2022-01-14 01:04:54.006956,0.0,0.0,0.0
2022-01-14 01:04:54.502497,0.0,0.0,0.0
2022-01-14 01:04:55.504933,0.0,0.0,0.0
2022-01-14 01:04:56.002684,0.0,0.0,0.0
2022-01-14 01:04:56.507530,0.0,0.0,0.0
2022-01-14 01:04:57.005655,0.0,0.0,0.0
2022-01-14 01:04:57.501333,0.0,0.0,0.0
2022-01-14 01:04:58.010884,0.0,0.0,0.0
2022-01-14 01:04:58.507351,0.0,0.0,0.0
2022-01-14 01:04:59.006384,0.0,0.0,0.0
2022-01-14 01:04:59.510783,0.0,0.0,0.0
2022-01-14 01:05:00.009776,0.0,0.0,0.0
2022-01-14 01:05:00.504516,0.0,0.0,0.0
2022-01-14 01:05:01.003549,0.0,0.0,0.0
2022-01-14 01:05:01.510647,0.0,0.0,0.0
2022-01-14 01:05:02.010646,0.0,0.0,0.0
2022-01-14 01:05:02.505111,0.0,0.0,0.0
2022-01-14 01:05:03.002936,0.0,0.0,0.0
2022-01-14 01:05:03.508633,0.0,0.0,0.0
2022-01-14 01:05:04.006536,0.0,0.0,0.0
2022-01-14 01:05:04.501614,0.0,0.0,0.0
2022-01-14 01:05:05.010098,0.0,0.0,0.0
2022-01-14 01:05:05.505239,0.0,0.0,0.0
2022-01-14 01:05:06.002758,0.0,0.0,0.0
2022-01-14 01:05:06.509453,0.0,0.0,0.0
2022-01-14 01:05:07.007081,0.0,0.0,0.0
2022-01-14 01:05:07.502943,0.0,0.0,0.0
2022-01-14 01:05:08.001354,0.0,0.0,0.0
2022-01-14 01:05:08.507372,0.0,0.0,0.0
2022-01-14 01:05:09.005149,0.0,0.0,0.0
2022-01-14 01:05:09.510886,0.0,0.0,0.0
2022-01-14 01:05:10.009471,0.0,0.0,0.0
2022-01-14 01:05:10.504515,0.0,0.0,0.0
2022-01-14 01:05:11.002775,0.0,0.0,0.0
2022-01-14 01:05:11.509572,0.0,0.0,0.0
2022-01-14 01:05:12.009001,0.0,0.0,0.0
2022-01-14 01:05:12.503142,0.0,0.0,0.0
2022-01-14 01:05:13.002796,0.0,0.0,0.0
2022-01-14 01:05:13.508344,0.0,0.0,0.0
2022-01-14 01:05:14.005491,0.0,0.0,0.0
2022-01-14 01:05:14.501150,0.0,0.0,0.0
2022-01-14 01:05:15.009122,0.0,0.0,0.0
2022-01-14 01:05:15.506445,0.0,0.0,0.0
2022-01-14 01:05:16.005309,0.0,0.0,0.0
2022-01-14 01:05:16.509057,0.0,0.0,0.0
2022-01-14 01:05:17.007014,0.0,0.0,0.0
2022-01-14 01:05:17.502322,0.0,0.0,0.0
2022-01-14 01:05:18.009082,0.0,0.0,0.0
2022-01-14 01:05:18.504469,0.0,0.0,0.0
2022-01-14 01:05:19.002404,0.0,0.0,0.0
2022-01-14 01:05:19.508471,0.0,0.0,0.0
2022-01-14 01:05:20.007044,0.0,0.0,0.0
2022-01-14 01:05:20.502856,0.0,0.0,0.0
2022-01-14 01:05:21.003405,0.0,0.0,0.0
2022-01-14 01:05:21.507962,0.0,0.0,0.0
2022-01-14 01:05:22.006807,0.0,0.0,0.0
2022-01-14 01:05:22.502866,0.0,0.0,0.0
2022-01-14 01:05:23.001522,0.0,0.0,0.0
2022-01-14 01:05:23.507831,0.0,0.0,0.0
2022-01-14 01:05:24.006890,0.0,0.0,0.0
2022-01-14 01:05:24.504186,0.0,0.0,0.0
2022-01-14 01:05:25.003227,0.0,0.0,0.0
2022-01-14 01:05:25.508606,0.0,0.0,0.0
2022-01-14 01:05:26.007338,0.0,0.0,0.0
2022-01-14 01:05:26.502098,0.0,0.0,0.0
2022-01-14 01:05:27.010855,0.0,0.0,0.0
2022-01-14 01:05:27.505817,0.0,0.0,0.0
2022-01-14 01:05:28.003703,0.0,0.0,0.0
2022-01-14 01:05:28.509939,0.0,0.0,0.0
2022-01-14 01:05:29.009975,0.0,0.0,0.0
2022-01-14 01:05:29.504287,0.0,0.0,0.0
2022-01-14 01:05:30.002689,0.0,0.0,0.0
2022-01-14 01:05:30.507417,0.0,0.0,0.0
2022-01-14 01:05:31.005841,0.0,0.0,0.0
2022-01-14 01:05:32.005538,0.0,0.0,0.0
2022-01-14 01:05:32.510239,0.0,0.0,0.0
2022-01-14 01:05:33.007314,0.0,0.0,0.0
2022-01-14 01:05:33.502903,0.0,0.0,0.0
2022-01-14 01:05:34.505000,0.0,0.0,0.0
2022-01-14 01:05:35.002691,0.0,0.0,0.0
2022-01-14 01:05:35.508307,0.0,0.0,0.0
2022-01-14 01:05:36.006736,0.0,0.0,0.0
2022-01-14 01:05:36.501591,0.0,0.0,0.0
2022-01-14 01:05:37.008998,0.0,0.0,0.0
2022-01-14 01:05:37.504117,0.0,0.0,0.0
2022-01-14 01:05:38.001807,0.0,0.0,0.0
2022-01-14 01:05:38.506828,0.0,0.0,0.0
2022-01-14 01:05:39.005182,0.0,0.0,0.0
2022-01-14 01:05:39.509485,0.0,0.0,0.0
2022-01-14 01:05:40.006424,0.0,0.0,0.0
2022-01-14 01:05:40.510046,0.0,0.0,0.0
2022-01-14 01:05:41.007840,0.0,0.0,0.0
2022-01-14 01:05:41.501788,0.0,0.0,0.0
2022-01-14 01:05:42.009524,0.0,0.0,0.0
2022-01-14 01:05:42.505086,0.0,0.0,0.0
2022-01-14 01:05:43.003962,0.0,0.0,0.0
2022-01-14 01:05:43.510606,0.0,0.0,0.0
2022-01-14 01:05:44.009184,0.0,0.0,0.0
2022-01-14 01:05:44.504521,0.0,0.0,0.0
2022-01-14 01:05:45.002068,0.0,0.0,0.0
2022-01-14 01:05:45.506858,0.0,0.0,0.0
2022-01-14 01:05:46.005472,0.0,0.0,0.0
2022-01-14 01:05:46.509916,0.0,0.0,0.0
2022-01-14 01:05:47.008647,0.0,0.0,0.0
2022-01-14 01:05:47.504322,0.0,0.0,0.0
2022-01-14 01:05:48.003616,0.0,0.0,0.0
2022-01-14 01:05:48.509445,0.0,0.0,0.0
2022-01-14 01:05:49.006968,0.0,0.0,0.0
2022-01-14 01:05:49.501941,0.0,0.0,0.0
2022-01-14 01:05:50.010194,0.0,0.0,0.0
2022-01-14 01:05:50.505683,0.0,0.0,0.0
2022-01-14 01:05:51.004040,0.0,0.0,0.0
2022-01-14 01:05:51.508979,0.0,0.0,0.0
2022-01-14 01:05:52.007290,0.0,0.0,0.0
2022-01-14 01:05:52.503030,0.0,0.0,0.0
2022-01-14 01:05:53.011084,0.0,0.0,0.0
2022-01-14 01:05:53.507966,0.0,0.0,0.0
2022-01-14 01:05:54.006154,0.0,0.0,0.0
2022-01-14 01:05:54.501273,0.0,0.0,0.0
2022-01-14 01:05:55.009661,0.0,0.0,0.0
2022-01-14 01:05:55.504043,0.0,0.0,0.0
2022-01-14 01:05:56.001708,0.0,0.0,0.0
2022-01-14 01:05:56.506288,0.0,0.0,0.0
2022-01-14 01:05:57.006658,0.0,0.0,0.0
2022-01-14 01:05:57.501848,0.0,0.0,0.0
2022-01-14 01:05:58.010126,0.0,0.0,0.0
2022-01-14 01:05:58.505532,0.0,0.0,0.0
2022-01-14 01:05:59.003467,0.0,0.0,0.0
2022-01-14 01:05:59.507645,0.0,0.0,0.0
2022-01-14 01:06:00.005633,0.0,0.0,0.0
2022-01-14 01:06:00.510757,0.0,0.0,0.0
2022-01-14 01:06:01.010546,0.0,0.0,0.0
2022-01-14 01:06:01.505795,0.0,0.0,0.0
2022-01-14 01:06:02.003289,0.0,0.0,0.0
2022-01-14 01:06:02.503270,0.0,0.0,0.0
2022-01-14 01:06:03.002635,0.0,0.0,0.0
2022-01-14 01:06:03.508183,0.0,0.0,0.0
2022-01-14 01:06:04.006711,0.0,0.0,0.0
2022-01-14 01:06:04.504869,0.0,0.0,0.0
2022-01-14 01:06:05.002796,0.0,0.0,0.0
2022-01-14 01:06:05.507718,0.0,0.0,0.0
2022-01-14 01:06:06.006196,0.0,0.0,0.0
2022-01-14 01:06:06.501564,0.0,0.0,0.0
2022-01-14 01:06:07.009151,0.0,0.0,0.0
2022-01-14 01:06:07.504538,0.0,0.0,0.0
2022-01-14 01:06:08.001756,0.0,0.0,0.0
2022-01-14 01:06:08.507044,0.0,0.0,0.0
2022-01-14 01:06:09.005680,0.0,0.0,0.0
2022-01-14 01:06:09.501730,0.0,0.0,0.0
2022-01-14 01:06:10.009905,0.0,0.0,0.0
2022-01-14 01:06:10.505859,0.0,0.0,0.0
2022-01-14 01:06:11.002945,0.0,0.0,0.0
2022-01-14 01:06:11.508798,0.0,0.0,0.0
2022-01-14 01:06:12.007216,0.0,0.0,0.0
2022-01-14 01:06:12.502065,0.0,0.0,0.0
2022-01-14 01:06:13.010344,0.0,0.0,0.0
2022-01-14 01:06:13.506721,0.0,0.0,0.0
2022-01-14 01:06:14.005704,0.0,0.0,0.0
2022-01-14 01:06:14.510731,0.0,0.0,0.0
2022-01-14 01:06:15.008711,0.0,0.0,0.0
2022-01-14 01:06:15.503952,0.0,0.0,0.0
2022-01-14 01:06:16.001807,0.0,0.0,0.0
2022-01-14 01:06:16.506843,0.0,0.0,0.0
2022-01-14 01:06:17.005795,0.0,0.0,0.0
2022-01-14 01:06:17.510840,0.0,0.0,0.0
2022-01-14 01:06:18.007356,0.0,0.0,0.0
2022-01-14 01:06:18.502530,0.0,0.0,0.0
2022-01-14 01:06:19.001842,0.0,0.0,0.0
2022-01-14 01:06:19.507426,0.0,0.0,0.0
2022-01-14 01:06:20.004092,0.0,0.0,0.0
2022-01-14 01:06:20.510004,0.0,0.0,0.0
2022-01-14 01:06:21.008806,0.0,0.0,0.0
2022-01-14 01:06:21.504570,0.0,0.0,0.0
2022-01-14 01:06:22.003393,0.0,0.0,0.0
2022-01-14 01:06:22.508741,0.0,0.0,0.0
2022-01-14 01:06:23.007737,0.0,0.0,0.0
2022-01-14 01:06:23.503063,0.0,0.0,0.0
2022-01-14 01:06:24.001679,0.0,0.0,0.0
2022-01-14 01:06:24.508784,0.0,0.0,0.0
2022-01-14 01:06:25.007110,0.0,0.0,0.0
2022-01-14 01:06:25.502082,0.0,0.0,0.0
2022-01-14 01:06:26.010335,0.0,0.0,0.0
2022-01-14 01:06:26.505169,0.0,0.0,0.0
2022-01-14 01:06:27.003311,0.0,0.0,0.0
2022-01-14 01:06:27.507683,0.0,0.0,0.0
2022-01-14 01:06:28.007061,0.0,0.0,0.0
2022-01-14 01:06:28.502213,0.0,0.0,0.0
2022-01-14 01:06:29.001209,0.0,0.0,0.0
2022-01-14 01:06:29.506888,0.0,0.0,0.0
2022-01-14 01:06:30.003680,0.0,0.0,0.0
2022-01-14 01:06:30.507746,0.0,0.0,0.0
2022-01-14 01:06:31.005980,0.0,0.0,0.0
2022-01-14 01:06:31.509912,0.0,0.0,0.0
2022-01-14 01:06:32.007110,0.0,0.0,0.0
2022-01-14 01:06:32.506843,0.0,0.0,0.0
2022-01-14 01:06:33.005249,0.0,0.0,0.0
2022-01-14 01:06:33.509947,0.0,0.0,0.0
2022-01-14 01:06:34.008175,0.0,0.0,0.0
2022-01-14 01:06:34.502843,0.0,0.0,0.0
2022-01-14 01:06:35.010554,0.0,0.0,0.0
2022-01-14 01:06:35.506086,0.0,0.0,0.0
2022-01-14 01:06:36.005033,0.0,0.0,0.0
2022-01-14 01:06:36.502312,0.0,0.0,0.0
2022-01-14 01:06:37.011025,0.0,0.0,0.0
2022-01-14 01:06:37.505440,0.0,0.0,0.0
2022-01-14 01:06:38.002800,0.0,0.0,0.0
2022-01-14 01:06:38.508748,0.0,0.0,0.0
2022-01-14 01:06:39.006457,0.0,0.0,0.0
2022-01-14 01:06:39.501134,0.0,0.0,0.0
2022-01-14 01:06:40.008559,0.0,0.0,0.0
2022-01-14 01:06:40.502892,0.0,0.0,0.0
2022-01-14 01:06:41.001678,0.0,0.0,0.0
2022-01-14 01:06:41.510020,0.0,0.0,0.0
2022-01-14 01:06:42.007112,0.0,0.0,0.0
2022-01-14 01:06:42.501971,0.0,0.0,0.0
2022-01-14 01:06:43.001461,0.0,0.0,0.0
2022-01-14 01:06:43.507914,0.0,0.0,0.0
2022-01-14 01:06:44.005631,0.0,0.0,0.0
2022-01-14 01:06:44.509810,0.0,0.0,0.0
2022-01-14 01:06:45.006981,0.0,0.0,0.0
2022-01-14 01:06:45.504696,0.0,0.0,0.0
2022-01-14 01:06:46.003004,0.0,0.0,0.0
2022-01-14 01:06:46.508741,0.0,0.0,0.0
2022-01-14 01:06:47.007733,0.0,0.0,0.0
2022-01-14 01:06:47.501966,0.0,0.0,0.0
2022-01-14 01:06:48.010518,0.0,0.0,0.0
2022-01-14 01:06:48.505079,0.0,0.0,0.0
2022-01-14 01:06:49.002467,0.0,0.0,0.0
2022-01-14 01:06:49.507406,0.0,0.0,0.0
2022-01-14 01:06:50.006699,0.0,0.0,0.0
2022-01-14 01:06:50.502313,0.0,0.0,0.0
2022-01-14 01:06:51.001516,0.0,0.0,0.0
2022-01-14 01:06:51.507146,0.0,0.0,0.0
2022-01-14 01:06:52.004736,0.0,0.0,0.0
2022-01-14 01:06:52.501177,0.0,0.0,0.0
2022-01-14 01:06:53.008993,0.0,0.0,0.0
2022-01-14 01:06:53.505102,0.0,0.0,0.0
2022-01-14 01:06:54.003635,0.0,0.0,0.0
2022-01-14 01:06:54.509612,0.0,0.0,0.0
2022-01-14 01:06:55.008006,0.0,0.0,0.0
2022-01-14 01:06:55.502162,0.0,0.0,0.0
2022-01-14 01:06:56.009752,0.0,0.0,0.0
2022-01-14 01:06:56.506103,0.0,0.0,0.0
2022-01-14 01:06:57.004498,0.0,0.0,0.0
2022-01-14 01:06:57.509675,0.0,0.0,0.0
2022-01-14 01:06:58.006683,0.0,0.0,0.0
2022-01-14 01:06:58.511036,0.0,0.0,0.0
2022-01-14 01:06:59.009487,0.0,0.0,0.0
2022-01-14 01:06:59.504334,0.0,0.0,0.0
2022-01-14 01:07:00.002641,0.0,0.0,0.0
2022-01-14 01:07:00.508483,0.0,0.0,0.0
2022-01-14 01:07:01.007925,0.0,0.0,0.0
2022-01-14 01:07:01.501813,0.0,0.0,0.0
2022-01-14 01:07:02.009776,0.0,0.0,0.0
2022-01-14 01:07:02.505905,0.0,0.0,0.0
2022-01-14 01:07:03.003709,0.0,0.0,0.0
2022-01-14 01:07:03.509464,0.0,0.0,0.0
2022-01-14 01:07:04.008661,0.0,0.0,0.0
2022-01-14 01:07:04.502666,0.0,0.0,0.0
2022-01-14 01:07:05.001158,0.0,0.0,0.0
2022-01-14 01:07:05.506845,0.0,0.0,0.0
2022-01-14 01:07:06.005623,0.0,0.0,0.0
2022-01-14 01:07:06.501505,0.0,0.0,0.0
2022-01-14 01:07:07.008343,0.0,0.0,0.0
2022-01-14 01:07:07.506613,0.0,0.0,0.0
2022-01-14 01:07:08.004784,0.0,0.0,0.0
2022-01-14 01:07:08.509809,0.0,0.0,0.0
2022-01-14 01:07:09.007846,0.0,0.0,0.0
2022-01-14 01:07:09.502599,0.0,0.0,0.0
2022-01-14 01:07:10.010716,0.0,0.0,0.0
2022-01-14 01:07:10.505522,0.0,0.0,0.0
2022-01-14 01:07:11.002182,0.0,0.0,0.0
2022-01-14 01:07:11.507571,0.0,0.0,0.0
2022-01-14 01:07:12.006432,0.0,0.0,0.0
2022-01-14 01:07:12.510931,0.0,0.0,0.0
2022-01-14 01:07:13.009053,0.0,0.0,0.0
2022-01-14 01:07:13.511033,0.0,0.0,0.0
2022-01-14 01:07:14.008446,0.0,0.0,0.0
2022-01-14 01:07:14.505094,0.0,0.0,0.0
2022-01-14 01:07:15.003108,0.0,0.0,0.0
2022-01-14 01:07:15.507956,0.0,0.0,0.0
2022-01-14 01:07:16.005237,0.0,0.0,0.0
2022-01-14 01:07:16.510715,0.0,0.0,0.0
2022-01-14 01:07:17.009296,0.0,0.0,0.0
2022-01-14 01:07:17.504895,0.0,0.0,0.0
2022-01-14 01:07:18.003471,0.0,0.0,0.0
2022-01-14 01:07:18.508720,0.0,0.0,0.0
2022-01-14 01:07:19.006496,0.0,0.0,0.0
2022-01-14 01:07:19.501551,0.0,0.0,0.0
2022-01-14 01:07:20.009035,0.0,0.0,0.0
2022-01-14 01:07:20.505785,0.0,0.0,0.0
2022-01-14 01:07:21.005009,0.0,0.0,0.0
2022-01-14 01:07:21.509665,0.0,0.0,0.0
2022-01-14 01:07:22.007613,0.0,0.0,0.0
2022-01-14 01:07:22.502398,0.0,0.0,0.0
2022-01-14 01:07:23.010075,0.0,0.0,0.0
2022-01-14 01:07:23.505578,0.0,0.0,0.0
2022-01-14 01:07:24.003266,0.0,0.0,0.0
2022-01-14 01:07:24.509248,0.0,0.0,0.0
2022-01-14 01:07:25.008530,0.0,0.0,0.0
2022-01-14 01:07:25.505743,0.0,0.0,0.0
2022-01-14 01:07:26.003798,0.0,0.0,0.0
2022-01-14 01:07:26.508685,0.0,0.0,0.0
2022-01-14 01:07:27.006424,0.0,0.0,0.0
2022-01-14 01:07:27.511076,0.0,0.0,0.0
2022-01-14 01:07:28.009542,0.0,0.0,0.0
2022-01-14 01:07:28.503177,0.0,0.0,0.0
2022-01-14 01:07:29.011092,0.0,0.0,0.0
2022-01-14 01:07:29.507601,0.0,0.0,0.0
2022-01-14 01:07:30.006121,0.0,0.0,0.0
2022-01-14 01:07:30.510690,0.0,0.0,0.0
2022-01-14 01:07:31.008581,0.0,0.0,0.0
2022-01-14 01:07:31.504476,0.0,0.0,0.0
2022-01-14 01:07:32.003363,0.0,0.0,0.0
2022-01-14 01:07:32.508531,0.0,0.0,0.0
2022-01-14 01:07:33.006299,0.0,0.0,0.0
2022-01-14 01:07:33.501235,0.0,0.0,0.0
2022-01-14 01:07:34.009321,0.0,0.0,0.0
2022-01-14 01:07:34.503939,0.0,0.0,0.0
2022-01-14 01:07:35.001989,0.0,0.0,0.0
2022-01-14 01:07:35.505866,0.0,0.0,0.0
2022-01-14 01:07:36.004545,0.0,0.0,0.0
2022-01-14 01:07:36.510674,0.0,0.0,0.0
2022-01-14 01:07:37.008609,0.0,0.0,0.0
2022-01-14 01:07:37.503035,0.0,0.0,0.0
2022-01-14 01:07:38.001971,0.0,0.0,0.0
2022-01-14 01:07:38.508803,0.0,0.0,0.0
2022-01-14 01:07:39.007123,0.0,0.0,0.0
2022-01-14 01:07:39.501945,0.0,0.0,0.0
2022-01-14 01:07:40.010509,0.0,0.0,0.0
2022-01-14 01:07:40.505665,0.0,0.0,0.0
2022-01-14 01:07:41.002836,0.0,0.0,0.0
2022-01-14 01:07:41.507123,0.0,0.0,0.0
2022-01-14 01:07:42.005569,0.0,0.0,0.0
2022-01-14 01:07:42.510063,0.0,0.0,0.0
2022-01-14 01:07:43.010338,0.0,0.0,0.0
2022-01-14 01:07:43.506277,0.0,0.0,0.0
2022-01-14 01:07:44.004288,0.0,0.0,0.0
2022-01-14 01:07:44.510026,0.0,0.0,0.0
2022-01-14 01:07:45.007885,0.0,0.0,0.0
2022-01-14 01:07:45.502686,0.0,0.0,0.0
2022-01-14 01:07:46.001339,0.0,0.0,0.0
2022-01-14 01:07:46.506827,0.0,0.0,0.0
2022-01-14 01:07:47.004073,0.0,0.0,0.0
2022-01-14 01:07:47.509805,0.0,0.0,0.0
2022-01-14 01:07:48.007974,0.0,0.0,0.0
2022-01-14 01:07:48.503871,0.0,0.0,0.0
2022-01-14 01:07:49.002352,0.0,0.0,0.0
2022-01-14 01:07:49.508828,0.0,0.0,0.0
2022-01-14 01:07:50.007119,0.0,0.0,0.0
2022-01-14 01:07:50.501821,0.0,0.0,0.0
2022-01-14 01:07:51.010915,0.0,0.0,0.0
2022-01-14 01:07:51.506538,0.0,0.0,0.0
2022-01-14 01:07:52.007020,0.0,0.0,0.0
2022-01-14 01:07:52.502158,0.0,0.0,0.0
2022-01-14 01:07:53.009521,0.0,0.0,0.0
2022-01-14 01:07:53.504606,0.0,0.0,0.0
2022-01-14 01:07:54.001864,0.0,0.0,0.0
2022-01-14 01:07:54.507043,0.0,0.0,0.0
2022-01-14 01:07:55.005824,0.0,0.0,0.0
2022-01-14 01:07:55.509624,0.0,0.0,0.0
2022-01-14 01:07:56.006716,0.0,0.0,0.0
2022-01-14 01:07:56.504940,0.0,0.0,0.0
2022-01-14 01:07:57.003271,0.0,0.0,0.0
2022-01-14 01:07:57.509084,0.0,0.0,0.0
2022-01-14 01:07:58.005549,0.0,0.0,0.0
2022-01-14 01:07:58.510613,0.0,0.0,0.0
2022-01-14 01:07:59.009840,0.0,0.0,0.0
2022-01-14 01:07:59.503782,0.0,0.0,0.0
2022-01-14 01:08:00.003451,0.0,0.0,0.0
2022-01-14 01:08:00.508995,0.0,0.0,0.0
2022-01-14 01:08:01.006582,0.0,0.0,0.0
2022-01-14 01:08:01.510891,0.0,0.0,0.0
2022-01-14 01:08:02.007910,0.0,0.0,0.0
2022-01-14 01:08:02.504250,0.0,0.0,0.0
2022-01-14 01:08:03.002652,0.0,0.0,0.0
2022-01-14 01:08:03.508830,0.0,0.0,0.0
2022-01-14 01:08:04.005930,0.0,0.0,0.0
2022-01-14 01:08:04.501614,0.0,0.0,0.0
2022-01-14 01:08:05.010571,0.0,0.0,0.0
2022-01-14 01:08:05.504938,0.0,0.0,0.0
2022-01-14 01:08:06.003150,0.0,0.0,0.0
2022-01-14 01:08:06.509963,0.0,0.0,0.0
2022-01-14 01:08:07.008219,0.0,0.0,0.0
2022-01-14 01:08:07.502268,0.0,0.0,0.0
2022-01-14 01:08:08.001431,0.0,0.0,0.0
2022-01-14 01:08:08.507341,0.0,0.0,0.0
2022-01-14 01:08:09.006206,0.0,0.0,0.0
2022-01-14 01:08:09.503732,0.0,0.0,0.0
2022-01-14 01:08:10.001715,0.0,0.0,0.0
2022-01-14 01:08:10.503739,0.0,0.0,0.0
2022-01-14 01:08:11.002697,0.0,0.0,0.0
2022-01-14 01:08:11.508492,0.0,0.0,0.0
2022-01-14 01:08:12.007127,0.0,0.0,0.0
2022-01-14 01:08:12.502470,0.0,0.0,0.0
2022-01-14 01:08:13.010431,0.0,0.0,0.0
2022-01-14 01:08:13.504771,0.0,0.0,0.0
2022-01-14 01:08:14.003294,0.0,0.0,0.0
2022-01-14 01:08:14.510658,0.0,0.0,0.0
2022-01-14 01:08:15.008934,0.0,0.0,0.0
2022-01-14 01:08:15.505625,0.0,0.0,0.0
2022-01-14 01:08:16.005231,0.0,0.0,0.0
2022-01-14 01:08:16.510319,0.0,0.0,0.0
2022-01-14 01:08:17.009156,0.0,0.0,0.0
2022-01-14 01:08:17.502845,0.0,0.0,0.0
2022-01-14 01:08:18.001502,0.0,0.0,0.0
2022-01-14 01:08:18.508360,0.0,0.0,0.0
2022-01-14 01:08:19.005558,0.0,0.0,0.0
2022-01-14 01:08:19.509154,0.0,0.0,0.0
2022-01-14 01:08:20.006032,0.0,0.0,0.0
2022-01-14 01:08:20.502439,0.0,0.0,0.0
2022-01-14 01:08:21.002839,0.0,0.0,0.0
2022-01-14 01:08:21.506519,0.0,0.0,0.0
2022-01-14 01:08:22.004769,0.0,0.0,0.0
2022-01-14 01:08:22.510928,0.0,0.0,0.0
2022-01-14 01:08:23.010216,0.0,0.0,0.0
2022-01-14 01:08:23.504984,0.0,0.0,0.0
2022-01-14 01:08:24.003096,0.0,0.0,0.0
2022-01-14 01:08:24.507958,0.0,0.0,0.0
2022-01-14 01:08:25.007020,0.0,0.0,0.0
2022-01-14 01:08:25.502142,0.0,0.0,0.0
2022-01-14 01:08:26.001443,0.0,0.0,0.0
2022-01-14 01:08:26.506857,0.0,0.0,0.0
2022-01-14 01:08:27.006327,0.0,0.0,0.0
2022-01-14 01:08:27.503591,0.0,0.0,0.0
2022-01-14 01:08:28.011143,0.0,0.0,0.0
2022-01-14 01:08:28.506622,0.0,0.0,0.0
2022-01-14 01:08:29.005627,0.0,0.0,0.0
2022-01-14 01:08:29.510533,0.0,0.0,0.0
2022-01-14 01:08:30.008863,0.0,0.0,0.0
2022-01-14 01:08:30.504636,0.0,0.0,0.0
2022-01-14 01:08:31.002516,0.0,0.0,0.0
2022-01-14 01:08:31.508728,0.0,0.0,0.0
2022-01-14 01:08:32.009144,0.0,0.0,0.0
2022-01-14 01:08:32.504011,0.0,0.0,0.0
2022-01-14 01:08:33.003920,0.0,0.0,0.0
2022-01-14 01:08:33.509939,0.0,0.0,0.0
2022-01-14 01:08:34.007456,0.0,0.0,0.0
2022-01-14 01:08:34.502245,0.0,0.0,0.0
2022-01-14 01:08:35.010014,0.0,0.0,0.0
2022-01-14 01:08:35.504718,0.0,0.0,0.0
2022-01-14 01:08:36.002849,0.0,0.0,0.0
2022-01-14 01:08:36.510715,0.0,0.0,0.0
2022-01-14 01:08:37.007935,0.0,0.0,0.0
2022-01-14 01:08:37.502787,0.0,0.0,0.0
2022-01-14 01:08:38.002982,0.0,0.0,0.0
2022-01-14 01:08:38.507873,0.0,0.0,0.0
2022-01-14 01:08:39.006097,0.0,0.0,0.0
2022-01-14 01:08:39.501135,0.0,0.0,0.0
2022-01-14 01:08:40.009552,0.0,0.0,0.0
2022-01-14 01:08:40.505151,0.0,0.0,0.0
2022-01-14 01:08:41.003572,0.0,0.0,0.0
2022-01-14 01:08:41.509646,0.0,0.0,0.0
2022-01-14 01:08:42.010126,0.0,0.0,0.0
2022-01-14 01:08:42.505069,0.0,0.0,0.0
2022-01-14 01:08:43.004941,0.0,0.0,0.0
2022-01-14 01:08:43.510778,0.0,0.0,0.0
2022-01-14 01:08:44.008973,0.0,0.0,0.0
2022-01-14 01:08:44.505385,0.0,0.0,0.0
2022-01-14 01:08:45.003216,0.0,0.0,0.0
2022-01-14 01:08:45.510126,0.0,0.0,0.0
2022-01-14 01:08:46.010809,0.0,0.0,0.0
2022-01-14 01:08:46.506485,0.0,0.0,0.0
2022-01-14 01:08:47.005237,0.0,0.0,0.0
2022-01-14 01:08:47.501401,0.0,0.0,0.0
2022-01-14 01:08:48.009363,0.0,0.0,0.0
2022-01-14 01:08:48.507199,0.0,0.0,0.0
2022-01-14 01:08:49.006158,0.0,0.0,0.0
2022-01-14 01:08:49.502236,0.0,0.0,0.0
2022-01-14 01:08:50.002631,0.0,0.0,0.0
2022-01-14 01:08:50.506881,0.0,0.0,0.0
2022-01-14 01:08:51.005869,0.0,0.0,0.0
2022-01-14 01:08:51.501753,0.0,0.0,0.0
2022-01-14 01:08:52.010855,0.0,0.0,0.0
2022-01-14 01:08:52.506891,0.0,0.0,0.0
2022-01-14 01:08:53.004930,0.0,0.0,0.0
2022-01-14 01:08:53.510256,0.0,0.0,0.0
2022-01-14 01:08:54.009198,0.0,0.0,0.0
2022-01-14 01:08:54.506347,0.0,0.0,0.0
2022-01-14 01:08:55.005121,0.0,0.0,0.0
2022-01-14 01:08:55.510173,0.0,0.0,0.0
2022-01-14 01:08:56.008658,0.0,0.0,0.0
2022-01-14 01:08:56.503228,0.0,0.0,0.0
2022-01-14 01:08:57.001766,0.0,0.0,0.0
2022-01-14 01:08:57.505785,0.0,0.0,0.0
2022-01-14 01:08:58.001777,0.0,0.0,0.0
2022-01-14 01:08:58.507337,0.0,0.0,0.0
2022-01-14 01:08:59.007065,0.0,0.0,0.0
2022-01-14 01:08:59.501587,0.0,0.0,0.0
2022-01-14 01:09:00.009261,0.0,0.0,0.0
2022-01-14 01:09:00.507679,0.0,0.0,0.0
2022-01-14 01:09:01.006014,0.0,0.0,0.0
2022-01-14 01:09:01.501181,0.0,0.0,0.0
2022-01-14 01:09:02.007679,0.0,0.0,0.0
2022-01-14 01:09:02.503587,0.0,0.0,0.0
2022-01-14 01:09:03.002172,0.0,0.0,0.0
2022-01-14 01:09:03.505875,0.0,0.0,0.0
2022-01-14 01:09:04.006084,0.0,0.0,0.0
2022-01-14 01:09:04.501413,0.0,0.0,0.0
2022-01-14 01:09:05.009619,0.0,0.0,0.0
2022-01-14 01:09:05.508593,0.0,0.0,0.0
2022-01-14 01:09:06.005498,0.0,0.0,0.0
2022-01-14 01:09:06.510211,0.0,0.0,0.0
2022-01-14 01:09:07.007360,0.0,0.0,0.0
2022-01-14 01:09:07.502191,0.0,0.0,0.0
2022-01-14 01:09:08.010685,0.0,0.0,0.0
2022-01-14 01:09:08.509135,0.0,0.0,0.0
2022-01-14 01:09:09.006264,0.0,0.0,0.0
2022-01-14 01:09:09.510166,0.0,0.0,0.0
2022-01-14 01:09:10.009946,0.0,0.0,0.0
2022-01-14 01:09:10.505054,0.0,0.0,0.0
2022-01-14 01:09:11.003069,0.0,0.0,0.0
2022-01-14 01:09:11.509403,0.0,0.0,0.0
2022-01-14 01:09:12.006637,0.0,0.0,0.0
2022-01-14 01:09:12.502252,0.0,0.0,0.0
2022-01-14 01:09:13.001166,0.0,0.0,0.0
2022-01-14 01:09:13.507973,0.0,0.0,0.0
2022-01-14 01:09:14.007195,0.0,0.0,0.0
2022-01-14 01:09:14.504589,0.0,0.0,0.0
2022-01-14 01:09:15.002784,0.0,0.0,0.0
2022-01-14 01:09:15.507971,0.0,0.0,0.0
2022-01-14 01:09:16.005239,0.0,0.0,0.0
2022-01-14 01:09:16.509213,0.0,0.0,0.0
2022-01-14 01:09:17.007241,0.0,0.0,0.0
2022-01-14 01:09:17.502556,0.0,0.0,0.0
2022-01-14 01:09:18.504796,0.0,0.0,0.0
2022-01-14 01:09:19.004063,0.0,0.0,0.0
2022-01-14 01:09:19.510138,0.0,0.0,0.0
2022-01-14 01:09:20.008420,0.0,0.0,0.0
2022-01-14 01:09:20.503681,0.0,0.0,0.0
2022-01-14 01:09:21.001295,0.0,0.0,0.0
2022-01-14 01:09:21.505829,0.0,0.0,0.0
2022-01-14 01:09:22.003038,0.0,0.0,0.0
2022-01-14 01:09:22.509019,0.0,0.0,0.0
2022-01-14 01:09:23.007743,0.0,0.0,0.0
2022-01-14 01:09:23.503334,0.0,0.0,0.0
2022-01-14 01:09:24.011150,0.0,0.0,0.0
2022-01-14 01:09:24.509059,0.0,0.0,0.0
2022-01-14 01:09:25.007110,0.0,0.0,0.0
2022-01-14 01:09:25.501660,0.0,0.0,0.0
2022-01-14 01:09:26.009089,0.0,0.0,0.0
2022-01-14 01:09:26.503626,0.0,0.0,0.0
2022-01-14 01:09:27.002150,0.0,0.0,0.0
2022-01-14 01:09:27.507565,0.0,0.0,0.0
2022-01-14 01:09:28.006741,0.0,0.0,0.0
2022-01-14 01:09:28.502260,0.0,0.0,0.0
2022-01-14 01:09:29.002633,0.0,0.0,0.0
2022-01-14 01:09:29.507113,0.0,0.0,0.0
2022-01-14 01:09:30.003894,0.0,0.0,0.0
2022-01-14 01:09:30.510695,0.0,0.0,0.0
2022-01-14 01:09:31.008311,0.0,0.0,0.0
2022-01-14 01:09:31.503521,0.0,0.0,0.0
2022-01-14 01:09:32.011008,0.0,0.0,0.0
2022-01-14 01:09:32.506682,0.0,0.0,0.0
2022-01-14 01:09:33.003976,0.0,0.0,0.0
2022-01-14 01:09:33.510071,0.0,0.0,0.0
2022-01-14 01:09:34.009158,0.0,0.0,0.0
2022-01-14 01:09:34.503425,0.0,0.0,0.0
2022-01-14 01:09:35.001563,0.0,0.0,0.0
2022-01-14 01:09:35.509068,0.0,0.0,0.0
2022-01-14 01:09:36.006644,0.0,0.0,0.0
2022-01-14 01:09:36.510827,0.0,0.0,0.0
2022-01-14 01:09:37.009702,0.0,0.0,0.0
2022-01-14 01:09:37.506617,0.0,0.0,0.0
2022-01-14 01:09:38.002781,0.0,0.0,0.0
2022-01-14 01:09:38.508603,0.0,0.0,0.0
2022-01-14 01:09:39.006796,0.0,0.0,0.0
2022-01-14 01:09:39.501972,0.0,0.0,0.0
2022-01-14 01:09:40.010712,0.0,0.0,0.0
2022-01-14 01:09:40.504784,0.0,0.0,0.0
2022-01-14 01:09:41.003784,0.0,0.0,0.0
2022-01-14 01:09:41.509342,0.0,0.0,0.0
2022-01-14 01:09:42.007723,0.0,0.0,0.0
2022-01-14 01:09:42.503300,0.0,0.0,0.0
2022-01-14 01:09:43.505403,0.0,0.0,0.0
2022-01-14 01:09:44.004121,0.0,0.0,0.0
2022-01-14 01:09:44.509073,0.0,0.0,0.0
2022-01-14 01:09:45.008607,0.0,0.0,0.0
2022-01-14 01:09:45.505613,0.0,0.0,0.0
2022-01-14 01:09:46.002847,0.0,0.0,0.0
2022-01-14 01:09:46.509555,0.0,0.0,0.0
2022-01-14 01:09:47.008229,0.0,0.0,0.0
2022-01-14 01:09:47.503299,0.0,0.0,0.0
2022-01-14 01:09:48.010865,0.0,0.0,0.0
2022-01-14 01:09:48.506076,0.0,0.0,0.0
2022-01-14 01:09:49.005651,0.0,0.0,0.0
2022-01-14 01:09:49.510064,0.0,0.0,0.0
2022-01-14 01:09:50.008417,0.0,0.0,0.0
2022-01-14 01:09:50.503538,0.0,0.0,0.0
2022-01-14 01:09:51.002090,0.0,0.0,0.0
2022-01-14 01:09:51.507909,0.0,0.0,0.0
2022-01-14 01:09:52.007059,0.0,0.0,0.0
2022-01-14 01:09:52.501666,0.0,0.0,0.0
2022-01-14 01:09:53.001379,0.0,0.0,0.0
2022-01-14 01:09:53.505279,0.0,0.0,0.0
2022-01-14 01:09:54.003421,0.0,0.0,0.0
2022-01-14 01:09:54.507908,0.0,0.0,0.0
2022-01-14 01:09:55.006040,0.0,0.0,0.0
2022-01-14 01:09:55.501679,0.0,0.0,0.0
2022-01-14 01:09:56.011187,0.0,0.0,0.0
2022-01-14 01:09:56.507213,0.0,0.0,0.0
2022-01-14 01:09:57.006239,0.0,0.0,0.0
2022-01-14 01:09:57.501555,0.0,0.0,0.0
2022-01-14 01:09:58.008967,0.0,0.0,0.0
2022-01-14 01:09:58.503033,0.0,0.0,0.0
2022-01-14 01:09:59.001543,0.0,0.0,0.0
2022-01-14 01:09:59.506068,0.0,0.0,0.0
2022-01-14 01:10:00.004710,0.0,0.0,0.0
2022-01-14 01:10:00.510096,0.0,0.0,0.0
2022-01-14 01:10:01.009369,0.0,0.0,0.0
2022-01-14 01:10:01.504183,0.0,0.0,0.0
2022-01-14 01:10:02.002210,0.0,0.0,0.0
2022-01-14 01:10:02.506875,0.0,0.0,0.0
2022-01-14 01:10:03.002923,0.0,0.0,0.0
2022-01-14 01:10:03.507927,0.0,0.0,0.0
2022-01-14 01:10:04.005666,0.0,0.0,0.0
2022-01-14 01:10:04.502087,0.0,0.0,0.0
2022-01-14 01:10:05.002680,0.0,0.0,0.0
2022-01-14 01:10:05.508567,0.0,0.0,0.0
2022-01-14 01:10:06.006840,0.0,0.0,0.0
2022-01-14 01:10:06.503404,0.0,0.0,0.0
2022-01-14 01:10:07.001064,0.0,0.0,0.0
2022-01-14 01:10:07.507732,0.0,0.0,0.0
2022-01-14 01:10:08.006011,0.0,0.0,0.0
2022-01-14 01:10:08.510683,0.0,0.0,0.0
2022-01-14 01:10:09.009355,0.0,0.0,0.0
2022-01-14 01:10:09.507114,0.0,0.0,0.0
2022-01-14 01:10:10.004209,0.0,0.0,0.0
2022-01-14 01:10:10.509266,0.0,0.0,0.0
2022-01-14 01:10:11.006861,0.0,0.0,0.0
2022-01-14 01:10:11.502728,0.0,0.0,0.0
2022-01-14 01:10:12.009150,0.0,0.0,0.0
2022-01-14 01:10:12.505339,0.0,0.0,0.0
2022-01-14 01:10:13.003635,0.0,0.0,0.0
2022-01-14 01:10:13.508609,0.0,0.0,0.0
2022-01-14 01:10:14.006340,0.0,0.0,0.0
2022-01-14 01:10:14.505119,0.0,0.0,0.0
2022-01-14 01:10:15.002717,0.0,0.0,0.0
2022-01-14 01:10:15.507964,0.0,0.0,0.0
2022-01-14 01:10:16.005842,0.0,0.0,0.0
2022-01-14 01:10:16.510877,0.0,0.0,0.0
2022-01-14 01:10:17.010093,0.0,0.0,0.0
2022-01-14 01:10:17.503455,0.0,0.0,0.0
2022-01-14 01:10:18.002240,0.0,0.0,0.0
2022-01-14 01:10:18.509375,0.0,0.0,0.0
2022-01-14 01:10:19.007414,0.0,0.0,0.0
2022-01-14 01:10:19.503109,0.0,0.0,0.0
2022-01-14 01:10:20.001336,0.0,0.0,0.0
2022-01-14 01:10:20.506199,0.0,0.0,0.0
2022-01-14 01:10:21.004820,0.0,0.0,0.0
2022-01-14 01:10:21.509523,0.0,0.0,0.0
2022-01-14 01:10:22.006037,0.0,0.0,0.0
2022-01-14 01:10:22.501883,0.0,0.0,0.0
2022-01-14 01:10:23.009699,0.0,0.0,0.0
2022-01-14 01:10:23.505874,0.0,0.0,0.0
2022-01-14 01:10:24.003080,0.0,0.0,0.0
2022-01-14 01:10:24.508706,0.0,0.0,0.0
2022-01-14 01:10:25.007518,0.0,0.0,0.0
2022-01-14 01:10:25.502825,0.0,0.0,0.0
2022-01-14 01:10:26.001563,0.0,0.0,0.0
2022-01-14 01:10:26.506887,0.0,0.0,0.0
2022-01-14 01:10:27.004885,0.0,0.0,0.0
2022-01-14 01:10:27.510912,0.0,0.0,0.0
2022-01-14 01:10:28.010303,0.0,0.0,0.0
2022-01-14 01:10:28.506732,0.0,0.0,0.0
2022-01-14 01:10:29.005715,0.0,0.0,0.0
2022-01-14 01:10:29.510748,0.0,0.0,0.0
2022-01-14 01:10:30.009670,0.0,0.0,0.0
2022-01-14 01:10:30.504935,0.0,0.0,0.0
2022-01-14 01:10:31.003855,0.0,0.0,0.0
2022-01-14 01:10:31.509120,0.0,0.0,0.0
2022-01-14 01:10:32.007867,0.0,0.0,0.0
2022-01-14 01:10:32.502675,0.0,0.0,0.0
2022-01-14 01:10:33.002220,0.0,0.0,0.0
2022-01-14 01:10:33.508545,0.0,0.0,0.0
2022-01-14 01:10:34.007198,0.0,0.0,0.0
2022-01-14 01:10:34.510630,0.0,0.0,0.0
2022-01-14 01:10:35.006676,0.0,0.0,0.0
2022-01-14 01:10:35.501468,0.0,0.0,0.0
2022-01-14 01:10:36.009251,0.0,0.0,0.0
2022-01-14 01:10:36.506801,0.0,0.0,0.0
2022-01-14 01:10:37.005301,0.0,0.0,0.0
2022-01-14 01:10:37.510191,0.0,0.0,0.0
2022-01-14 01:10:38.006989,0.0,0.0,0.0
2022-01-14 01:10:38.502409,0.0,0.0,0.0
2022-01-14 01:10:39.001992,0.0,0.0,0.0
2022-01-14 01:10:39.508960,0.0,0.0,0.0
2022-01-14 01:10:40.006750,0.0,0.0,0.0
2022-01-14 01:10:40.502829,0.0,0.0,0.0
2022-01-14 01:10:41.001610,0.0,0.0,0.0
2022-01-14 01:10:41.507196,0.0,0.0,0.0
2022-01-14 01:10:42.006953,0.0,0.0,0.0
2022-01-14 01:10:42.502682,0.0,0.0,0.0
2022-01-14 01:10:43.002616,0.0,0.0,0.0
2022-01-14 01:10:43.508470,0.0,0.0,0.0
2022-01-14 01:10:44.006446,0.0,0.0,0.0
2022-01-14 01:10:44.501390,0.0,0.0,0.0
2022-01-14 01:10:45.001672,0.0,0.0,0.0
2022-01-14 01:10:45.507866,0.0,0.0,0.0
2022-01-14 01:10:46.006388,0.0,0.0,0.0
2022-01-14 01:10:46.501418,0.0,0.0,0.0
2022-01-14 01:10:47.008735,0.0,0.0,0.0
2022-01-14 01:10:47.507455,0.0,0.0,0.0
2022-01-14 01:10:48.005278,0.0,0.0,0.0
2022-01-14 01:10:48.511150,0.0,0.0,0.0
2022-01-14 01:10:49.009980,0.0,0.0,0.0
2022-01-14 01:10:49.507324,0.0,0.0,0.0
2022-01-14 01:10:50.006242,0.0,0.0,0.0
2022-01-14 01:10:50.501430,0.0,0.0,0.0
2022-01-14 01:10:51.009718,0.0,0.0,0.0
2022-01-14 01:10:51.506912,0.0,0.0,0.0
2022-01-14 01:10:52.005334,0.0,0.0,0.0
2022-01-14 01:10:52.509672,0.0,0.0,0.0
2022-01-14 01:10:53.007804,0.0,0.0,0.0
2022-01-14 01:10:53.504290,0.0,0.0,0.0
2022-01-14 01:10:54.004609,0.0,0.0,0.0
2022-01-14 01:10:54.509636,0.0,0.0,0.0
2022-01-14 01:10:55.009226,0.0,0.0,0.0
2022-01-14 01:10:55.503891,0.0,0.0,0.0
2022-01-14 01:10:56.010821,0.0,0.0,0.0
2022-01-14 01:10:56.506027,0.0,0.0,0.0
2022-01-14 01:10:57.005538,0.0,0.0,0.0
2022-01-14 01:10:57.501433,0.0,0.0,0.0
2022-01-14 01:10:58.010170,0.0,0.0,0.0
2022-01-14 01:10:58.508898,0.0,0.0,0.0
2022-01-14 01:10:59.006200,0.0,0.0,0.0
2022-01-14 01:10:59.511324,0.0,0.0,0.0
2022-01-14 01:11:00.009286,0.0,0.0,0.0
2022-01-14 01:11:00.504019,0.0,0.0,0.0
2022-01-14 01:11:01.002301,0.0,0.0,0.0
2022-01-14 01:11:01.509111,0.0,0.0,0.0
2022-01-14 01:11:02.007253,0.0,0.0,0.0
2022-01-14 01:11:02.503436,0.0,0.0,0.0
2022-01-14 01:11:03.002759,0.0,0.0,0.0
2022-01-14 01:11:03.508491,0.0,0.0,0.0
2022-01-14 01:11:04.008003,0.0,0.0,0.0
2022-01-14 01:11:04.502850,0.0,0.0,0.0
2022-01-14 01:11:05.011098,0.0,0.0,0.0
2022-01-14 01:11:05.505543,0.0,0.0,0.0
2022-01-14 01:11:06.003272,0.0,0.0,0.0
2022-01-14 01:11:06.509186,0.0,0.0,0.0
2022-01-14 01:11:07.007201,0.0,0.0,0.0
2022-01-14 01:11:07.501944,0.0,0.0,0.0
2022-01-14 01:11:08.010625,0.0,0.0,0.0
2022-01-14 01:11:08.504805,0.0,0.0,0.0
2022-01-14 01:11:09.002203,0.0,0.0,0.0
2022-01-14 01:11:09.506659,0.0,0.0,0.0
2022-01-14 01:11:10.004298,0.0,0.0,0.0
2022-01-14 01:11:10.510201,0.0,0.0,0.0
2022-01-14 01:11:11.010141,0.0,0.0,0.0
2022-01-14 01:11:11.505779,0.0,0.0,0.0
2022-01-14 01:11:12.004259,0.0,0.0,0.0
2022-01-14 01:11:12.510025,0.0,0.0,0.0
2022-01-14 01:11:13.008234,0.0,0.0,0.0
2022-01-14 01:11:13.501681,0.0,0.0,0.0
2022-01-14 01:11:14.009036,0.0,0.0,0.0
2022-01-14 01:11:14.505029,0.0,0.0,0.0
2022-01-14 01:11:15.002751,0.0,0.0,0.0
2022-01-14 01:11:15.510180,0.0,0.0,0.0
2022-01-14 01:11:16.008734,0.0,0.0,0.0
2022-01-14 01:11:16.503259,0.0,0.0,0.0
2022-01-14 01:11:17.002637,0.0,0.0,0.0
2022-01-14 01:11:17.507699,0.0,0.0,0.0
2022-01-14 01:11:18.006111,0.0,0.0,0.0
2022-01-14 01:11:18.501020,0.0,0.0,0.0
2022-01-14 01:11:19.008317,0.0,0.0,0.0
2022-01-14 01:11:19.503975,0.0,0.0,0.0
2022-01-14 01:11:20.002077,0.0,0.0,0.0
2022-01-14 01:11:20.508294,0.0,0.0,0.0
2022-01-14 01:11:21.006312,0.0,0.0,0.0
2022-01-14 01:11:21.502715,0.0,0.0,0.0
2022-01-14 01:11:22.001328,0.0,0.0,0.0
2022-01-14 01:11:22.506168,0.0,0.0,0.0
2022-01-14 01:11:23.004992,0.0,0.0,0.0
2022-01-14 01:11:23.501427,0.0,0.0,0.0
2022-01-14 01:11:24.009125,0.0,0.0,0.0
2022-01-14 01:11:24.505623,0.0,0.0,0.0
2022-01-14 01:11:25.002959,0.0,0.0,0.0
2022-01-14 01:11:25.508307,0.0,0.0,0.0
2022-01-14 01:11:26.006139,0.0,0.0,0.0
2022-01-14 01:11:26.510231,0.0,0.0,0.0
2022-01-14 01:11:27.009311,0.0,0.0,0.0
2022-01-14 01:11:27.504825,0.0,0.0,0.0
2022-01-14 01:11:28.002024,0.0,0.0,0.0
2022-01-14 01:11:28.508830,0.0,0.0,0.0
2022-01-14 01:11:29.007291,0.0,0.0,0.0
2022-01-14 01:11:29.501224,0.0,0.0,0.0
2022-01-14 01:11:30.009755,0.0,0.0,0.0
2022-01-14 01:11:30.503353,0.0,0.0,0.0
2022-01-14 01:11:31.010950,0.0,0.0,0.0
2022-01-14 01:11:31.507006,0.0,0.0,0.0
2022-01-14 01:11:32.006685,0.0,0.0,0.0
2022-01-14 01:11:32.510989,0.0,0.0,0.0
2022-01-14 01:11:33.009792,0.0,0.0,0.0
2022-01-14 01:11:33.505522,0.0,0.0,0.0
2022-01-14 01:11:34.004072,0.0,0.0,0.0
2022-01-14 01:11:34.510860,0.0,0.0,0.0
2022-01-14 01:11:35.009048,0.0,0.0,0.0
2022-01-14 01:11:35.505541,0.0,0.0,0.0
2022-01-14 01:11:36.004276,0.0,0.0,0.0
2022-01-14 01:11:36.508903,0.0,0.0,0.0
2022-01-14 01:11:37.007166,0.0,0.0,0.0
2022-01-14 01:11:37.503402,0.0,0.0,0.0
2022-01-14 01:11:38.001295,0.0,0.0,0.0
2022-01-14 01:11:38.508808,0.0,0.0,0.0
2022-01-14 01:11:39.006541,0.0,0.0,0.0
2022-01-14 01:11:39.503104,0.0,0.0,0.0
2022-01-14 01:11:40.011154,0.0,0.0,0.0
2022-01-14 01:11:40.507295,0.0,0.0,0.0
2022-01-14 01:11:41.006186,0.0,0.0,0.0
2022-01-14 01:11:41.501929,0.0,0.0,0.0
2022-01-14 01:11:42.001389,0.0,0.0,0.0
2022-01-14 01:11:42.509563,0.0,0.0,0.0
2022-01-14 01:11:43.007396,0.0,0.0,0.0
2022-01-14 01:11:43.502143,0.0,0.0,0.0
2022-01-14 01:11:44.010572,0.0,0.0,0.0
2022-01-14 01:11:44.505631,0.0,0.0,0.0
2022-01-14 01:11:45.002948,0.0,0.0,0.0
2022-01-14 01:11:45.508201,0.0,0.0,0.0
2022-01-14 01:11:46.006448,0.0,0.0,0.0
2022-01-14 01:11:46.503724,0.0,0.0,0.0
2022-01-14 01:11:47.002995,0.0,0.0,0.0
2022-01-14 01:11:47.508539,0.0,0.0,0.0
2022-01-14 01:11:48.006081,0.0,0.0,0.0
2022-01-14 01:11:48.501686,0.0,0.0,0.0
2022-01-14 01:11:49.010094,0.0,0.0,0.0
2022-01-14 01:11:49.504268,0.0,0.0,0.0
2022-01-14 01:11:50.003655,0.0,0.0,0.0
2022-01-14 01:11:50.510566,0.0,0.0,0.0
2022-01-14 01:11:51.011213,0.0,0.0,0.0
2022-01-14 01:11:51.506138,0.0,0.0,0.0
2022-01-14 01:11:52.005765,0.0,0.0,0.0
2022-01-14 01:11:52.501714,0.0,0.0,0.0
2022-01-14 01:11:53.009636,0.0,0.0,0.0
2022-01-14 01:11:53.505637,0.0,0.0,0.0
2022-01-14 01:11:54.004891,0.0,0.0,0.0
2022-01-14 01:11:54.510440,0.0,0.0,0.0
2022-01-14 01:11:55.010233,0.0,0.0,0.0
2022-01-14 01:11:55.506430,0.0,0.0,0.0
2022-01-14 01:11:56.003863,0.0,0.0,0.0
2022-01-14 01:11:56.510874,0.0,0.0,0.0
2022-01-14 01:11:57.008414,0.0,0.0,0.0
2022-01-14 01:11:57.502555,0.0,0.0,0.0
2022-01-14 01:11:58.001761,0.0,0.0,0.0
2022-01-14 01:11:58.506677,0.0,0.0,0.0
2022-01-14 01:11:59.004819,0.0,0.0,0.0
2022-01-14 01:11:59.508944,0.0,0.0,0.0
2022-01-14 01:12:00.007813,0.0,0.0,0.0
2022-01-14 01:12:00.502171,0.0,0.0,0.0
2022-01-14 01:12:01.010700,0.0,0.0,0.0
2022-01-14 01:12:01.506589,0.0,0.0,0.0
2022-01-14 01:12:02.006488,0.0,0.0,0.0
2022-01-14 01:12:02.510337,0.0,0.0,0.0
2022-01-14 01:12:03.009589,0.0,0.0,0.0
2022-01-14 01:12:03.507143,0.0,0.0,0.0
2022-01-14 01:12:04.006166,0.0,0.0,0.0
2022-01-14 01:12:04.501492,0.0,0.0,0.0
2022-01-14 01:12:05.009833,0.0,0.0,0.0
2022-01-14 01:12:05.505091,0.0,0.0,0.0
2022-01-14 01:12:06.002605,0.0,0.0,0.0
2022-01-14 01:12:06.508904,0.0,0.0,0.0
2022-01-14 01:12:07.007424,0.0,0.0,0.0
2022-01-14 01:12:07.502831,0.0,0.0,0.0
2022-01-14 01:12:08.010583,0.0,0.0,0.0
2022-01-14 01:12:08.508144,0.0,0.0,0.0
2022-01-14 01:12:09.008221,0.0,0.0,0.0
2022-01-14 01:12:09.503252,0.0,0.0,0.0
2022-01-14 01:12:10.009706,0.0,0.0,0.0
2022-01-14 01:12:10.505162,0.0,0.0,0.0
2022-01-14 01:12:11.003348,0.0,0.0,0.0
2022-01-14 01:12:11.507395,0.0,0.0,0.0
2022-01-14 01:12:12.005598,0.0,0.0,0.0
2022-01-14 01:12:12.501172,0.0,0.0,0.0
2022-01-14 01:12:13.009411,0.0,0.0,0.0
2022-01-14 01:12:13.503413,0.0,0.0,0.0
2022-01-14 01:12:14.505077,0.0,0.0,0.0
2022-01-14 01:12:15.002469,0.0,0.0,0.0
2022-01-14 01:12:15.506652,0.0,0.0,0.0
2022-01-14 01:12:16.005167,0.0,0.0,0.0
2022-01-14 01:12:16.501364,0.0,0.0,0.0
2022-01-14 01:12:17.009126,0.0,0.0,0.0
2022-01-14 01:12:17.505561,0.0,0.0,0.0
2022-01-14 01:12:18.003020,0.0,0.0,0.0
2022-01-14 01:12:18.509456,0.0,0.0,0.0
2022-01-14 01:12:19.006914,0.0,0.0,0.0
2022-01-14 01:12:19.501808,0.0,0.0,0.0
2022-01-14 01:12:20.009967,0.0,0.0,0.0
2022-01-14 01:12:20.505069,0.0,0.0,0.0
2022-01-14 01:12:21.002545,0.0,0.0,0.0
2022-01-14 01:12:21.507895,0.0,0.0,0.0
2022-01-14 01:12:22.007130,0.0,0.0,0.0
2022-01-14 01:12:22.503037,0.0,0.0,0.0
2022-01-14 01:12:23.001432,0.0,0.0,0.0
2022-01-14 01:12:23.507170,0.0,0.0,0.0
2022-01-14 01:12:24.004971,0.0,0.0,0.0
2022-01-14 01:12:24.510594,0.0,0.0,0.0
2022-01-14 01:12:25.010175,0.0,0.0,0.0
2022-01-14 01:12:25.506477,0.0,0.0,0.0
2022-01-14 01:12:26.003508,0.0,0.0,0.0
2022-01-14 01:12:26.510974,0.0,0.0,0.0
2022-01-14 01:12:27.010090,0.0,0.0,0.0
2022-01-14 01:12:27.503319,0.0,0.0,0.0
2022-01-14 01:12:28.505253,0.0,0.0,0.0
2022-01-14 01:12:29.002141,0.0,0.0,0.0
2022-01-14 01:12:29.508525,0.0,0.0,0.0
2022-01-14 01:12:30.006291,0.0,0.0,0.0
2022-01-14 01:12:30.501580,0.0,0.0,0.0
2022-01-14 01:12:31.010661,0.0,0.0,0.0
2022-01-14 01:12:31.506995,0.0,0.0,0.0
2022-01-14 01:12:32.006142,0.0,0.0,0.0
2022-01-14 01:12:32.510960,0.0,0.0,0.0
2022-01-14 01:12:33.008741,0.0,0.0,0.0
2022-01-14 01:12:33.503490,0.0,0.0,0.0
2022-01-14 01:12:34.011188,0.0,0.0,0.0
2022-01-14 01:12:34.507641,0.0,0.0,0.0
2022-01-14 01:12:35.008627,0.0,0.0,0.0
2022-01-14 01:12:35.502783,0.0,0.0,0.0
2022-01-14 01:12:36.002766,0.0,0.0,0.0
2022-01-14 01:12:36.510325,0.0,0.0,0.0
2022-01-14 01:12:37.008508,0.0,0.0,0.0
2022-01-14 01:12:37.503577,0.0,0.0,0.0
2022-01-14 01:12:38.011287,0.0,0.0,0.0
2022-01-14 01:12:38.506304,0.0,0.0,0.0
2022-01-14 01:12:39.004395,0.0,0.0,0.0
2022-01-14 01:12:39.509694,0.0,0.0,0.0
2022-01-14 01:12:40.007036,0.0,0.0,0.0
2022-01-14 01:12:40.504040,0.0,0.0,0.0
2022-01-14 01:12:41.002336,0.0,0.0,0.0
2022-01-14 01:12:41.510282,0.0,0.0,0.0
2022-01-14 01:12:42.007559,0.0,0.0,0.0
2022-01-14 01:12:42.503654,0.0,0.0,0.0
2022-01-14 01:12:43.010870,0.0,0.0,0.0
2022-01-14 01:12:43.504833,0.0,0.0,0.0
2022-01-14 01:12:44.003508,0.0,0.0,0.0
2022-01-14 01:12:44.509452,0.0,0.0,0.0
2022-01-14 01:12:45.009925,0.0,0.0,0.0
2022-01-14 01:12:45.505788,0.0,0.0,0.0
2022-01-14 01:12:46.004297,0.0,0.0,0.0
2022-01-14 01:12:46.509640,0.0,0.0,0.0
2022-01-14 01:12:47.006810,0.0,0.0,0.0
2022-01-14 01:12:47.502244,0.0,0.0,0.0
2022-01-14 01:12:48.010488,0.0,0.0,0.0
2022-01-14 01:12:48.506255,0.0,0.0,0.0
2022-01-14 01:12:49.005581,0.0,0.0,0.0
2022-01-14 01:12:49.501674,0.0,0.0,0.0
2022-01-14 01:12:50.009573,0.0,0.0,0.0
2022-01-14 01:12:50.505146,0.0,0.0,0.0
2022-01-14 01:12:51.001541,0.0,0.0,0.0
2022-01-14 01:12:51.506736,0.0,0.0,0.0
2022-01-14 01:12:52.005134,0.0,0.0,0.0
2022-01-14 01:12:52.510788,0.0,0.0,0.0
2022-01-14 01:12:53.008199,0.0,0.0,0.0
2022-01-14 01:12:53.502932,0.0,0.0,0.0
2022-01-14 01:12:54.001874,0.0,0.0,0.0
2022-01-14 01:12:54.507988,0.0,0.0,0.0
2022-01-14 01:12:55.006503,0.0,0.0,0.0
2022-01-14 01:12:55.503037,0.0,0.0,0.0
2022-01-14 01:12:56.010644,0.0,0.0,0.0
2022-01-14 01:12:56.504733,0.0,0.0,0.0
2022-01-14 01:12:57.003674,0.0,0.0,0.0
2022-01-14 01:12:57.508460,0.0,0.0,0.0
2022-01-14 01:12:58.006784,0.0,0.0,0.0
2022-01-14 01:12:58.503746,0.0,0.0,0.0
2022-01-14 01:12:59.002086,0.0,0.0,0.0
2022-01-14 01:12:59.507900,0.0,0.0,0.0
2022-01-14 01:13:00.006251,0.0,0.0,0.0
2022-01-14 01:13:00.508353,0.0,0.0,0.0
2022-01-14 01:13:01.005571,0.0,0.0,0.0
2022-01-14 01:13:01.510199,0.0,0.0,0.0
2022-01-14 01:13:02.007352,0.0,0.0,0.0
2022-01-14 01:13:02.504558,0.0,0.0,0.0
2022-01-14 01:13:03.003840,0.0,0.0,0.0
2022-01-14 01:13:03.510116,0.0,0.0,0.0
2022-01-14 01:13:04.007469,0.0,0.0,0.0
2022-01-14 01:13:04.503207,0.0,0.0,0.0
2022-01-14 01:13:05.001983,0.0,0.0,0.0
2022-01-14 01:13:05.506838,0.0,0.0,0.0
2022-01-14 01:13:06.005415,0.0,0.0,0.0
2022-01-14 01:13:06.501336,0.0,0.0,0.0
2022-01-14 01:13:07.010574,0.0,0.0,0.0
2022-01-14 01:13:07.505000,0.0,0.0,0.0
2022-01-14 01:13:08.003521,0.0,0.0,0.0
2022-01-14 01:13:08.508243,0.0,0.0,0.0
2022-01-14 01:13:09.005603,0.0,0.0,0.0
2022-01-14 01:13:09.509629,0.0,0.0,0.0
2022-01-14 01:13:10.006528,0.0,0.0,0.0
2022-01-14 01:13:10.501925,0.0,0.0,0.0
2022-01-14 01:13:11.001256,0.0,0.0,0.0
2022-01-14 01:13:11.508688,0.0,0.0,0.0
2022-01-14 01:13:12.006346,0.0,0.0,0.0
2022-01-14 01:13:12.510808,0.0,0.0,0.0
2022-01-14 01:13:13.009878,0.0,0.0,0.0
2022-01-14 01:13:13.503499,0.0,0.0,0.0
2022-01-14 01:13:14.002014,0.0,0.0,0.0
2022-01-14 01:13:14.502760,0.0,0.0,0.0
2022-01-14 01:13:15.001292,0.0,0.0,0.0
2022-01-14 01:13:15.506884,0.0,0.0,0.0
2022-01-14 01:13:16.006025,0.0,0.0,0.0
2022-01-14 01:13:16.502139,0.0,0.0,0.0
2022-01-14 01:13:17.001310,0.0,0.0,0.0
2022-01-14 01:13:17.508351,0.0,0.0,0.0
2022-01-14 01:13:18.006052,0.0,0.0,0.0
2022-01-14 01:13:18.501607,0.0,0.0,0.0
2022-01-14 01:13:19.001493,0.0,0.0,0.0
2022-01-14 01:13:19.506250,0.0,0.0,0.0
2022-01-14 01:13:20.005902,0.0,0.0,0.0
2022-01-14 01:13:20.503387,0.0,0.0,0.0
2022-01-14 01:13:21.002615,0.0,0.0,0.0
2022-01-14 01:13:21.506400,0.0,0.0,0.0
2022-01-14 01:13:22.010015,0.0,0.0,0.0
2022-01-14 01:13:22.504902,0.0,0.0,0.0
2022-01-14 01:13:23.002288,0.0,0.0,0.0
2022-01-14 01:13:23.507886,0.0,0.0,0.0
2022-01-14 01:13:24.005113,0.0,0.0,0.0
2022-01-14 01:13:24.510033,0.0,0.0,0.0
2022-01-14 01:13:25.009037,0.0,0.0,0.0
2022-01-14 01:13:25.502740,0.0,0.0,0.0
2022-01-14 01:13:26.001336,0.0,0.0,0.0
2022-01-14 01:13:26.506578,0.0,0.0,0.0
2022-01-14 01:13:27.005554,0.0,0.0,0.0
2022-01-14 01:13:27.510960,0.0,0.0,0.0
2022-01-14 01:13:28.010018,0.0,0.0,0.0
2022-01-14 01:13:28.506397,0.0,0.0,0.0
2022-01-14 01:13:29.005110,0.0,0.0,0.0
2022-01-14 01:13:29.504020,0.0,0.0,0.0
2022-01-14 01:13:30.002418,0.0,0.0,0.0
2022-01-14 01:13:30.508357,0.0,0.0,0.0
2022-01-14 01:13:31.006131,0.0,0.0,0.0
2022-01-14 01:13:31.501097,0.0,0.0,0.0
2022-01-14 01:13:32.009532,0.0,0.0,0.0
2022-01-14 01:13:32.503115,0.0,0.0,0.0
2022-01-14 01:13:33.010785,0.0,0.0,0.0
2022-01-14 01:13:33.505257,0.0,0.0,0.0
2022-01-14 01:13:34.003881,0.0,0.0,0.0
2022-01-14 01:13:34.508909,0.0,0.0,0.0
2022-01-14 01:13:35.005755,0.0,0.0,0.0
2022-01-14 01:13:35.511013,0.0,0.0,0.0
2022-01-14 01:13:36.007813,0.0,0.0,0.0
2022-01-14 01:13:36.503006,0.0,0.0,0.0
2022-01-14 01:13:37.001814,0.0,0.0,0.0
2022-01-14 01:13:37.506951,0.0,0.0,0.0
2022-01-14 01:13:38.007069,0.0,0.0,0.0
2022-01-14 01:13:38.504342,0.0,0.0,0.0
2022-01-14 01:13:39.001830,0.0,0.0,0.0
2022-01-14 01:13:39.505765,0.0,0.0,0.0
2022-01-14 01:13:40.006061,0.0,0.0,0.0
2022-01-14 01:13:40.510405,0.0,0.0,0.0
2022-01-14 01:13:41.009825,0.0,0.0,0.0
2022-01-14 01:13:41.506003,0.0,0.0,0.0
2022-01-14 01:13:42.004033,0.0,0.0,0.0
2022-01-14 01:13:42.502733,0.0,0.0,0.0
2022-01-14 01:13:43.505540,0.0,0.0,0.0
2022-01-14 01:13:44.003742,0.0,0.0,0.0
2022-01-14 01:13:44.510326,0.0,0.0,0.0
2022-01-14 01:13:45.008693,0.0,0.0,0.0
2022-01-14 01:13:45.503259,0.0,0.0,0.0
2022-01-14 01:13:46.002069,0.0,0.0,0.0
2022-01-14 01:13:46.507354,0.0,0.0,0.0
2022-01-14 01:13:47.004122,0.0,0.0,0.0
2022-01-14 01:13:47.510996,0.0,0.0,0.0
2022-01-14 01:13:48.009013,0.0,0.0,0.0
2022-01-14 01:13:48.505954,0.0,0.0,0.0
2022-01-14 01:13:49.005445,0.0,0.0,0.0
2022-01-14 01:13:49.510911,0.0,0.0,0.0
2022-01-14 01:13:50.008268,0.0,0.0,0.0
2022-01-14 01:13:50.503293,0.0,0.0,0.0
2022-01-14 01:13:51.001441,0.0,0.0,0.0
2022-01-14 01:13:51.506089,0.0,0.0,0.0
2022-01-14 01:13:52.005322,0.0,0.0,0.0
2022-01-14 01:13:52.510545,0.0,0.0,0.0
2022-01-14 01:13:53.010358,0.0,0.0,0.0
2022-01-14 01:13:53.505776,0.0,0.0,0.0
2022-01-14 01:13:54.003403,0.0,0.0,0.0
2022-01-14 01:13:54.508886,0.0,0.0,0.0
2022-01-14 01:13:55.006761,0.0,0.0,0.0
2022-01-14 01:13:55.501384,0.0,0.0,0.0
2022-01-14 01:13:56.009075,0.0,0.0,0.0
2022-01-14 01:13:56.505100,0.0,0.0,0.0
2022-01-14 01:13:57.002357,0.0,0.0,0.0
2022-01-14 01:13:57.509157,0.0,0.0,0.0
2022-01-14 01:13:58.006804,0.0,0.0,0.0
2022-01-14 01:13:58.502062,0.0,0.0,0.0
2022-01-14 01:13:59.008899,0.0,0.0,0.0
2022-01-14 01:13:59.504964,0.0,0.0,0.0
2022-01-14 01:14:00.003244,0.0,0.0,0.0
2022-01-14 01:14:00.505980,0.0,0.0,0.0
2022-01-14 01:14:01.005350,0.0,0.0,0.0
2022-01-14 01:14:01.503520,0.0,0.0,0.0
2022-01-14 01:14:02.001235,0.0,0.0,0.0
2022-01-14 01:14:02.505986,0.0,0.0,0.0
2022-01-14 01:14:03.003823,0.0,0.0,0.0
2022-01-14 01:14:03.508971,0.0,0.0,0.0
2022-01-14 01:14:04.006252,0.0,0.0,0.0
2022-01-14 01:14:04.509987,0.0,0.0,0.0
2022-01-14 01:14:05.008191,0.0,0.0,0.0
2022-01-14 01:14:05.503501,0.0,0.0,0.0
2022-01-14 01:14:06.001875,0.0,0.0,0.0
2022-01-14 01:14:06.507685,0.0,0.0,0.0
2022-01-14 01:14:07.005584,0.0,0.0,0.0
2022-01-14 01:14:07.501093,0.0,0.0,0.0
2022-01-14 01:14:08.009700,0.0,0.0,0.0
2022-01-14 01:14:08.506360,0.0,0.0,0.0
2022-01-14 01:14:09.003968,0.0,0.0,0.0
2022-01-14 01:14:09.510629,0.0,0.0,0.0
2022-01-14 01:14:10.007658,0.0,0.0,0.0
2022-01-14 01:14:10.504487,0.0,0.0,0.0
2022-01-14 01:14:11.002254,0.0,0.0,0.0
2022-01-14 01:14:11.506509,0.0,0.0,0.0
2022-01-14 01:14:12.006469,0.0,0.0,0.0
2022-01-14 01:14:12.501109,0.0,0.0,0.0
2022-01-14 01:14:13.010079,0.0,0.0,0.0
2022-01-14 01:14:13.505125,0.0,0.0,0.0
2022-01-14 01:14:14.002574,0.0,0.0,0.0
2022-01-14 01:14:14.507845,0.0,0.0,0.0
2022-01-14 01:14:15.007180,0.0,0.0,0.0
2022-01-14 01:14:15.501485,0.0,0.0,0.0
2022-01-14 01:14:16.009099,0.0,0.0,0.0
2022-01-14 01:14:16.503919,0.0,0.0,0.0
2022-01-14 01:14:17.001749,0.0,0.0,0.0
2022-01-14 01:14:17.505896,0.0,0.0,0.0
2022-01-14 01:14:18.005987,0.0,0.0,0.0
2022-01-14 01:14:18.509942,0.0,0.0,0.0
2022-01-14 01:14:19.007659,0.0,0.0,0.0
2022-01-14 01:14:19.503602,0.0,0.0,0.0
2022-01-14 01:14:20.003232,0.0,0.0,0.0
2022-01-14 01:14:20.510379,0.0,0.0,0.0
2022-01-14 01:14:21.009730,0.0,0.0,0.0
2022-01-14 01:14:21.504012,0.0,0.0,0.0
2022-01-14 01:14:22.505523,0.0,0.0,0.0
2022-01-14 01:14:23.003732,0.0,0.0,0.0
2022-01-14 01:14:23.509110,0.0,0.0,0.0
2022-01-14 01:14:24.006529,0.0,0.0,0.0
2022-01-14 01:14:24.504321,0.0,0.0,0.0
2022-01-14 01:14:25.002712,0.0,0.0,0.0
2022-01-14 01:14:25.508307,0.0,0.0,0.0
2022-01-14 01:14:26.005601,0.0,0.0,0.0
2022-01-14 01:14:26.501361,0.0,0.0,0.0
2022-01-14 01:14:27.010028,0.0,0.0,0.0
2022-01-14 01:14:27.504682,0.0,0.0,0.0
2022-01-14 01:14:28.003366,0.0,0.0,0.0
2022-01-14 01:14:28.508783,0.0,0.0,0.0
2022-01-14 01:14:29.007840,0.0,0.0,0.0
2022-01-14 01:14:29.503400,0.0,0.0,0.0
2022-01-14 01:14:30.010831,0.0,0.0,0.0
2022-01-14 01:14:30.505432,0.0,0.0,0.0
2022-01-14 01:14:31.003073,0.0,0.0,0.0
2022-01-14 01:14:31.508532,0.0,0.0,0.0
2022-01-14 01:14:32.006595,0.0,0.0,0.0
2022-01-14 01:14:32.501130,0.0,0.0,0.0
2022-01-14 01:14:33.009738,0.0,0.0,0.0
2022-01-14 01:14:33.506584,0.0,0.0,0.0
2022-01-14 01:14:34.005972,0.0,0.0,0.0
2022-01-14 01:14:34.510770,0.0,0.0,0.0
2022-01-14 01:14:35.009077,0.0,0.0,0.0
2022-01-14 01:14:35.503278,0.0,0.0,0.0
2022-01-14 01:14:36.001525,0.0,0.0,0.0
2022-01-14 01:14:36.506975,0.0,0.0,0.0
2022-01-14 01:14:37.005024,0.0,0.0,0.0
2022-01-14 01:14:37.502468,0.0,0.0,0.0
2022-01-14 01:14:38.010523,0.0,0.0,0.0
2022-01-14 01:14:38.506865,0.0,0.0,0.0
2022-01-14 01:14:39.004870,0.0,0.0,0.0
2022-01-14 01:14:39.510115,0.0,0.0,0.0
2022-01-14 01:14:40.009542,0.0,0.0,0.0
2022-01-14 01:14:40.503216,0.0,0.0,0.0
2022-01-14 01:14:41.003199,0.0,0.0,0.0
2022-01-14 01:14:41.508679,0.0,0.0,0.0
2022-01-14 01:14:42.008404,0.0,0.0,0.0
2022-01-14 01:14:42.505467,0.0,0.0,0.0
2022-01-14 01:14:43.003065,0.0,0.0,0.0
2022-01-14 01:14:43.508049,0.0,0.0,0.0
2022-01-14 01:14:44.006169,0.0,0.0,0.0
2022-01-14 01:14:44.501568,0.0,0.0,0.0
2022-01-14 01:14:45.010766,0.0,0.0,0.0
2022-01-14 01:14:45.507111,0.0,0.0,0.0
2022-01-14 01:14:46.006422,0.0,0.0,0.0
2022-01-14 01:14:46.502235,0.0,0.0,0.0
2022-01-14 01:14:47.002159,0.0,0.0,0.0
2022-01-14 01:14:47.508136,0.0,0.0,0.0
2022-01-14 01:14:48.005909,0.0,0.0,0.0
2022-01-14 01:14:48.509923,0.0,0.0,0.0
2022-01-14 01:14:49.008572,0.0,0.0,0.0
2022-01-14 01:14:49.503569,0.0,0.0,0.0
2022-01-14 01:14:50.002324,0.0,0.0,0.0
2022-01-14 01:14:50.508551,0.0,0.0,0.0
2022-01-14 01:14:51.009790,0.0,0.0,0.0
2022-01-14 01:14:51.505565,0.0,0.0,0.0
2022-01-14 01:14:52.004158,0.0,0.0,0.0
2022-01-14 01:14:52.510328,0.0,0.0,0.0
2022-01-14 01:14:53.009108,0.0,0.0,0.0
2022-01-14 01:14:53.505563,0.0,0.0,0.0
2022-01-14 01:14:54.007291,0.0,0.0,0.0
2022-01-14 01:14:54.502075,0.0,0.0,0.0
2022-01-14 01:14:55.009824,0.0,0.0,0.0
2022-01-14 01:14:55.507269,0.0,0.0,0.0
2022-01-14 01:14:56.005232,0.0,0.0,0.0
2022-01-14 01:14:56.502610,0.0,0.0,0.0
2022-01-14 01:14:57.001631,0.0,0.0,0.0
2022-01-14 01:14:57.508213,0.0,0.0,0.0
2022-01-14 01:14:58.008728,0.0,0.0,0.0
2022-01-14 01:14:58.503149,0.0,0.0,0.0
2022-01-14 01:14:59.001154,0.0,0.0,0.0
2022-01-14 01:14:59.506680,0.0,0.0,0.0
2022-01-14 01:15:00.005169,0.0,0.0,0.0
2022-01-14 01:15:00.507155,0.0,0.0,0.0
2022-01-14 01:15:01.004595,0.0,0.0,0.0
2022-01-14 01:15:01.509280,0.0,0.0,0.0
2022-01-14 01:15:02.006958,0.0,0.0,0.0
2022-01-14 01:15:02.502894,0.0,0.0,0.0
2022-01-14 01:15:03.002504,0.0,0.0,0.0
2022-01-14 01:15:03.507888,0.0,0.0,0.0
2022-01-14 01:15:04.006210,0.0,0.0,0.0
2022-01-14 01:15:04.510808,0.0,0.0,0.0
2022-01-14 01:15:05.008925,0.0,0.0,0.0
2022-01-14 01:15:05.503299,0.0,0.0,0.0
2022-01-14 01:15:06.001527,0.0,0.0,0.0
2022-01-14 01:15:06.506105,0.0,0.0,0.0
2022-01-14 01:15:07.005590,0.0,0.0,0.0
2022-01-14 01:15:07.501490,0.0,0.0,0.0
2022-01-14 01:15:08.009061,0.0,0.0,0.0
2022-01-14 01:15:08.504508,0.0,0.0,0.0
2022-01-14 01:15:09.003151,0.0,0.0,0.0
2022-01-14 01:15:09.508274,0.0,0.0,0.0
2022-01-14 01:15:10.004735,0.0,0.0,0.0
2022-01-14 01:15:10.511233,0.0,0.0,0.0
2022-01-14 01:15:11.009588,0.0,0.0,0.0
2022-01-14 01:15:11.504674,0.0,0.0,0.0
2022-01-14 01:15:12.002295,0.0,0.0,0.0
2022-01-14 01:15:12.510241,0.0,0.0,0.0
2022-01-14 01:15:13.008314,0.0,0.0,0.0
2022-01-14 01:15:13.502195,0.0,0.0,0.0
2022-01-14 01:15:14.010725,0.0,0.0,0.0
2022-01-14 01:15:14.507020,0.0,0.0,0.0
2022-01-14 01:15:15.005811,0.0,0.0,0.0
2022-01-14 01:15:15.510756,0.0,0.0,0.0
2022-01-14 01:15:16.009820,0.0,0.0,0.0
2022-01-14 01:15:16.505465,0.0,0.0,0.0
2022-01-14 01:15:17.004663,0.0,0.0,0.0
2022-01-14 01:15:17.501317,0.0,0.0,0.0
2022-01-14 01:15:18.010811,0.0,0.0,0.0
2022-01-14 01:15:18.505894,0.0,0.0,0.0
2022-01-14 01:15:19.005396,0.0,0.0,0.0
2022-01-14 01:15:19.510692,0.0,0.0,0.0
2022-01-14 01:15:20.009820,0.0,0.0,0.0
2022-01-14 01:15:20.503641,0.0,0.0,0.0
2022-01-14 01:15:21.002019,0.0,0.0,0.0
2022-01-14 01:15:21.507581,0.0,0.0,0.0
2022-01-14 01:15:22.005433,0.0,0.0,0.0
2022-01-14 01:15:22.510625,0.0,0.0,0.0
2022-01-14 01:15:23.008928,0.0,0.0,0.0
2022-01-14 01:15:23.504242,0.0,0.0,0.0
2022-01-14 01:15:24.003462,0.0,0.0,0.0
2022-01-14 01:15:24.507922,0.0,0.0,0.0
2022-01-14 01:15:25.005807,0.0,0.0,0.0
2022-01-14 01:15:25.505119,0.0,0.0,0.0
2022-01-14 01:15:26.002777,0.0,0.0,0.0
2022-01-14 01:15:26.508609,0.0,0.0,0.0
2022-01-14 01:15:27.006559,0.0,0.0,0.0
2022-01-14 01:15:27.501895,0.0,0.0,0.0
2022-01-14 01:15:28.009751,0.0,0.0,0.0
2022-01-14 01:15:28.504879,0.0,0.0,0.0
2022-01-14 01:15:29.003253,0.0,0.0,0.0
2022-01-14 01:15:29.508149,0.0,0.0,0.0
2022-01-14 01:15:30.008085,0.0,0.0,0.0
2022-01-14 01:15:30.502843,0.0,0.0,0.0
2022-01-14 01:15:31.001893,0.0,0.0,0.0
2022-01-14 01:15:31.507868,0.0,0.0,0.0
2022-01-14 01:15:32.005079,0.0,0.0,0.0
2022-01-14 01:15:32.501448,0.0,0.0,0.0
2022-01-14 01:15:33.010057,0.0,0.0,0.0
2022-01-14 01:15:33.505513,0.0,0.0,0.0
2022-01-14 01:15:34.003178,0.0,0.0,0.0
2022-01-14 01:15:34.509913,0.0,0.0,0.0
2022-01-14 01:15:35.007923,0.0,0.0,0.0
2022-01-14 01:15:35.504036,0.0,0.0,0.0
2022-01-14 01:15:36.002875,0.0,0.0,0.0
2022-01-14 01:15:36.507913,0.0,0.0,0.0
2022-01-14 01:15:37.006620,0.0,0.0,0.0
2022-01-14 01:15:37.502825,0.0,0.0,0.0
2022-01-14 01:15:38.504956,0.0,0.0,0.0
2022-01-14 01:15:39.003398,0.0,0.0,0.0
2022-01-14 01:15:39.510567,0.0,0.0,0.0
2022-01-14 01:15:40.008568,0.0,0.0,0.0
2022-01-14 01:15:40.502753,0.0,0.0,0.0
2022-01-14 01:15:41.010200,0.0,0.0,0.0
2022-01-14 01:15:41.505103,0.0,0.0,0.0
2022-01-14 01:15:42.002936,0.0,0.0,0.0
2022-01-14 01:15:42.508519,0.0,0.0,0.0
2022-01-14 01:15:43.006511,0.0,0.0,0.0
2022-01-14 01:15:43.501726,0.0,0.0,0.0
2022-01-14 01:15:44.010707,0.0,0.0,0.0
2022-01-14 01:15:44.504050,0.0,0.0,0.0
2022-01-14 01:15:45.002608,0.0,0.0,0.0
2022-01-14 01:15:45.507820,0.0,0.0,0.0
2022-01-14 01:15:46.006045,0.0,0.0,0.0
2022-01-14 01:15:46.509884,0.0,0.0,0.0
2022-01-14 01:15:47.007299,0.0,0.0,0.0
2022-01-14 01:15:47.502126,0.0,0.0,0.0
2022-01-14 01:15:48.009084,0.0,0.0,0.0
2022-01-14 01:15:48.509509,0.0,0.0,0.0
2022-01-14 01:15:49.006531,0.0,0.0,0.0
2022-01-14 01:15:49.502622,0.0,0.0,0.0
2022-01-14 01:15:50.001100,0.0,0.0,0.0
2022-01-14 01:15:50.505466,0.0,0.0,0.0
2022-01-14 01:15:51.003082,0.0,0.0,0.0
2022-01-14 01:15:51.507178,0.0,0.0,0.0
2022-01-14 01:15:52.005166,0.0,0.0,0.0
2022-01-14 01:15:52.510818,0.0,0.0,0.0
2022-01-14 01:15:53.010736,0.0,0.0,0.0
2022-01-14 01:15:53.507567,0.0,0.0,0.0
2022-01-14 01:15:54.005384,0.0,0.0,0.0
2022-01-14 01:15:54.509754,0.0,0.0,0.0
2022-01-14 01:15:55.007396,0.0,0.0,0.0
2022-01-14 01:15:55.501503,0.0,0.0,0.0
2022-01-14 01:15:56.010162,0.0,0.0,0.0
2022-01-14 01:15:56.505180,0.0,0.0,0.0
2022-01-14 01:15:57.003642,0.0,0.0,0.0
2022-01-14 01:15:57.510100,0.0,0.0,0.0
2022-01-14 01:15:58.008671,0.0,0.0,0.0
2022-01-14 01:15:58.502686,0.0,0.0,0.0
2022-01-14 01:15:59.001769,0.0,0.0,0.0
2022-01-14 01:15:59.509277,0.0,0.0,0.0
2022-01-14 01:16:00.005980,0.0,0.0,0.0
2022-01-14 01:16:00.501187,0.0,0.0,0.0
2022-01-14 01:16:01.009986,0.0,0.0,0.0
2022-01-14 01:16:01.505680,0.0,0.0,0.0
2022-01-14 01:16:02.004591,0.0,0.0,0.0
2022-01-14 01:16:02.510881,0.0,0.0,0.0
2022-01-14 01:16:03.010081,0.0,0.0,0.0
2022-01-14 01:16:03.506219,0.0,0.0,0.0
2022-01-14 01:16:04.005537,0.0,0.0,0.0
2022-01-14 01:16:04.501761,0.0,0.0,0.0
2022-01-14 01:16:05.009590,0.0,0.0,0.0
2022-01-14 01:16:05.505705,0.0,0.0,0.0
2022-01-14 01:16:06.004233,0.0,0.0,0.0
2022-01-14 01:16:06.501385,0.0,0.0,0.0
2022-01-14 01:16:07.007960,0.0,0.0,0.0
2022-01-14 01:16:07.502076,0.0,0.0,0.0
2022-01-14 01:16:08.009595,0.0,0.0,0.0
2022-01-14 01:16:08.506071,0.0,0.0,0.0
2022-01-14 01:16:09.004850,0.0,0.0,0.0
2022-01-14 01:16:09.501375,0.0,0.0,0.0
2022-01-14 01:16:10.008867,0.0,0.0,0.0
2022-01-14 01:16:10.505527,0.0,0.0,0.0
2022-01-14 01:16:11.003611,0.0,0.0,0.0
2022-01-14 01:16:11.507874,0.0,0.0,0.0
2022-01-14 01:16:12.005546,0.0,0.0,0.0
2022-01-14 01:16:12.501467,0.0,0.0,0.0
2022-01-14 01:16:13.008571,0.0,0.0,0.0
2022-01-14 01:16:13.504617,0.0,0.0,0.0
2022-01-14 01:16:14.002268,0.0,0.0,0.0
2022-01-14 01:16:14.510516,0.0,0.0,0.0
2022-01-14 01:16:15.010304,0.0,0.0,0.0
2022-01-14 01:16:15.504637,0.0,0.0,0.0
2022-01-14 01:16:16.003096,0.0,0.0,0.0
2022-01-14 01:16:16.507741,0.0,0.0,0.0
2022-01-14 01:16:17.005263,0.0,0.0,0.0
2022-01-14 01:16:17.510794,0.0,0.0,0.0
2022-01-14 01:16:18.009968,0.0,0.0,0.0
2022-01-14 01:16:18.503922,0.0,0.0,0.0
2022-01-14 01:16:19.002727,0.0,0.0,0.0
2022-01-14 01:16:19.509694,0.0,0.0,0.0
2022-01-14 01:16:20.008324,0.0,0.0,0.0
2022-01-14 01:16:20.505486,0.0,0.0,0.0
2022-01-14 01:16:21.003073,0.0,0.0,0.0
2022-01-14 01:16:21.508452,0.0,0.0,0.0
2022-01-14 01:16:22.005639,0.0,0.0,0.0
2022-01-14 01:16:22.501463,0.0,0.0,0.0
2022-01-14 01:16:23.009501,0.0,0.0,0.0
2022-01-14 01:16:23.506273,0.0,0.0,0.0
2022-01-14 01:16:24.005555,0.0,0.0,0.0
2022-01-14 01:16:24.510180,0.0,0.0,0.0
2022-01-14 01:16:25.008073,0.0,0.0,0.0
2022-01-14 01:16:25.502213,0.0,0.0,0.0
2022-01-14 01:16:26.010946,0.0,0.0,0.0
2022-01-14 01:16:26.505641,0.0,0.0,0.0
2022-01-14 01:16:27.003345,0.0,0.0,0.0
2022-01-14 01:16:27.509364,0.0,0.0,0.0
2022-01-14 01:16:28.008783,0.0,0.0,0.0
2022-01-14 01:16:28.505320,0.0,0.0,0.0
2022-01-14 01:16:29.003792,0.0,0.0,0.0
2022-01-14 01:16:29.509921,0.0,0.0,0.0
2022-01-14 01:16:30.007475,0.0,0.0,0.0
2022-01-14 01:16:30.501719,0.0,0.0,0.0
2022-01-14 01:16:31.010273,0.0,0.0,0.0
2022-01-14 01:16:31.505274,0.0,0.0,0.0
2022-01-14 01:16:32.003096,0.0,0.0,0.0
2022-01-14 01:16:32.510492,0.0,0.0,0.0
2022-01-14 01:16:33.009710,0.0,0.0,0.0
2022-01-14 01:16:33.505564,0.0,0.0,0.0
2022-01-14 01:16:34.002371,0.0,0.0,0.0
2022-01-14 01:16:34.507647,0.0,0.0,0.0
2022-01-14 01:16:35.001163,0.0,0.0,0.0
2022-01-14 01:16:35.506153,0.0,0.0,0.0
2022-01-14 01:16:36.004555,0.0,0.0,0.0
2022-01-14 01:16:36.509684,0.0,0.0,0.0
2022-01-14 01:16:37.007237,0.0,0.0,0.0
2022-01-14 01:16:37.504488,0.0,0.0,0.0
2022-01-14 01:16:38.002441,0.0,0.0,0.0
2022-01-14 01:16:38.508978,0.0,0.0,0.0
2022-01-14 01:16:39.006646,0.0,0.0,0.0
2022-01-14 01:16:39.501395,0.0,0.0,0.0
2022-01-14 01:16:40.008324,0.0,0.0,0.0
2022-01-14 01:16:40.502285,0.0,0.0,0.0
2022-01-14 01:16:41.010543,0.0,0.0,0.0
2022-01-14 01:16:41.505483,0.0,0.0,0.0
2022-01-14 01:16:42.003004,0.0,0.0,0.0
2022-01-14 01:16:42.508925,0.0,0.0,0.0
2022-01-14 01:16:43.006991,0.0,0.0,0.0
2022-01-14 01:16:43.501875,0.0,0.0,0.0
2022-01-14 01:16:44.010566,0.0,0.0,0.0
2022-01-14 01:16:44.505522,0.0,0.0,0.0
2022-01-14 01:16:45.004945,0.0,0.0,0.0
2022-01-14 01:16:45.509398,0.0,0.0,0.0
2022-01-14 01:16:46.006171,0.0,0.0,0.0
2022-01-14 01:16:46.501709,0.0,0.0,0.0
2022-01-14 01:16:47.001282,0.0,0.0,0.0
2022-01-14 01:16:47.509178,0.0,0.0,0.0
2022-01-14 01:16:48.006531,0.0,0.0,0.0
2022-01-14 01:16:48.501770,0.0,0.0,0.0
2022-01-14 01:16:49.009729,0.0,0.0,0.0
2022-01-14 01:16:49.504806,0.0,0.0,0.0
2022-01-14 01:16:50.003530,0.0,0.0,0.0
2022-01-14 01:16:50.510865,0.0,0.0,0.0
2022-01-14 01:16:51.007985,0.0,0.0,0.0
2022-01-14 01:16:51.505071,0.0,0.0,0.0
2022-01-14 01:16:52.006309,0.0,0.0,0.0
2022-01-14 01:16:52.501323,0.0,0.0,0.0
2022-01-14 01:16:53.010190,0.0,0.0,0.0
2022-01-14 01:16:53.505623,0.0,0.0,0.0
2022-01-14 01:16:54.003149,0.0,0.0,0.0
2022-01-14 01:16:54.510402,0.0,0.0,0.0
2022-01-14 01:16:55.009178,0.0,0.0,0.0
2022-01-14 01:16:55.505557,0.0,0.0,0.0
2022-01-14 01:16:56.004751,0.0,0.0,0.0
2022-01-14 01:16:56.509558,0.0,0.0,0.0
2022-01-14 01:16:57.007915,0.0,0.0,0.0
2022-01-14 01:16:57.504659,0.0,0.0,0.0
2022-01-14 01:16:58.001495,0.0,0.0,0.0
2022-01-14 01:16:58.506284,0.0,0.0,0.0
2022-01-14 01:16:59.003913,0.0,0.0,0.0
2022-01-14 01:16:59.508951,0.0,0.0,0.0
2022-01-14 01:17:00.008655,0.0,0.0,0.0
2022-01-14 01:17:00.505158,0.0,0.0,0.0
2022-01-14 01:17:01.003489,0.0,0.0,0.0
2022-01-14 01:17:01.508411,0.0,0.0,0.0
2022-01-14 01:17:02.007471,0.0,0.0,0.0
2022-01-14 01:17:02.503615,0.0,0.0,0.0
2022-01-14 01:17:03.001337,0.0,0.0,0.0
2022-01-14 01:17:03.508964,0.0,0.0,0.0
2022-01-14 01:17:04.006483,0.0,0.0,0.0
2022-01-14 01:17:04.510442,0.0,0.0,0.0
2022-01-14 01:17:05.009171,0.0,0.0,0.0
2022-01-14 01:17:05.503558,0.0,0.0,0.0
2022-01-14 01:17:06.001238,0.0,0.0,0.0
2022-01-14 01:17:06.506085,0.0,0.0,0.0
2022-01-14 01:17:07.005258,0.0,0.0,0.0
2022-01-14 01:17:07.509952,0.0,0.0,0.0
2022-01-14 01:17:08.010414,0.0,0.0,0.0
2022-01-14 01:17:08.506601,0.0,0.0,0.0
2022-01-14 01:17:09.004755,0.0,0.0,0.0
2022-01-14 01:17:09.510482,0.0,0.0,0.0
2022-01-14 01:17:10.008710,0.0,0.0,0.0
2022-01-14 01:17:10.504550,0.0,0.0,0.0
2022-01-14 01:17:11.003983,0.0,0.0,0.0
2022-01-14 01:17:11.509290,0.0,0.0,0.0
2022-01-14 01:17:12.006836,0.0,0.0,0.0
2022-01-14 01:17:12.504402,0.0,0.0,0.0
2022-01-14 01:17:13.002937,0.0,0.0,0.0
2022-01-14 01:17:13.504508,0.0,0.0,0.0
2022-01-14 01:17:14.002766,0.0,0.0,0.0
2022-01-14 01:17:14.507215,0.0,0.0,0.0
2022-01-14 01:17:15.005187,0.0,0.0,0.0
2022-01-14 01:17:15.509118,0.0,0.0,0.0
2022-01-14 01:17:16.006086,0.0,0.0,0.0
2022-01-14 01:17:16.501593,0.0,0.0,0.0
2022-01-14 01:17:17.010077,0.0,0.0,0.0
2022-01-14 01:17:17.506191,0.0,0.0,0.0
2022-01-14 01:17:18.006276,0.0,0.0,0.0
2022-01-14 01:17:18.502548,0.0,0.0,0.0
2022-01-14 01:17:19.001767,0.0,0.0,0.0
2022-01-14 01:17:19.507823,0.0,0.0,0.0
2022-01-14 01:17:20.007051,0.0,0.0,0.0
2022-01-14 01:17:20.502540,0.0,0.0,0.0
2022-01-14 01:17:21.001264,0.0,0.0,0.0
2022-01-14 01:17:21.508850,0.0,0.0,0.0
2022-01-14 01:17:22.006898,0.0,0.0,0.0
2022-01-14 01:17:22.501305,0.0,0.0,0.0
2022-01-14 01:17:23.008824,0.0,0.0,0.0
2022-01-14 01:17:23.503855,0.0,0.0,0.0
2022-01-14 01:17:24.001534,0.0,0.0,0.0
2022-01-14 01:17:24.506063,0.0,0.0,0.0
2022-01-14 01:17:25.003516,0.0,0.0,0.0
2022-01-14 01:17:25.509181,0.0,0.0,0.0
2022-01-14 01:17:26.007678,0.0,0.0,0.0
2022-01-14 01:17:26.502313,0.0,0.0,0.0
2022-01-14 01:17:27.010866,0.0,0.0,0.0
2022-01-14 01:17:27.505904,0.0,0.0,0.0
2022-01-14 01:17:28.003892,0.0,0.0,0.0
2022-01-14 01:17:28.501500,0.0,0.0,0.0
2022-01-14 01:17:29.009446,0.0,0.0,0.0
2022-01-14 01:17:29.504914,0.0,0.0,0.0
2022-01-14 01:17:30.002932,0.0,0.0,0.0
2022-01-14 01:17:30.509513,0.0,0.0,0.0
2022-01-14 01:17:31.007092,0.0,0.0,0.0
2022-01-14 01:17:31.502974,0.0,0.0,0.0
2022-01-14 01:17:32.010581,0.0,0.0,0.0
2022-01-14 01:17:32.506919,0.0,0.0,0.0
2022-01-14 01:17:33.005636,0.0,0.0,0.0
2022-01-14 01:17:33.502167,0.0,0.0,0.0
2022-01-14 01:17:34.002218,0.0,0.0,0.0
2022-01-14 01:17:34.507324,0.0,0.0,0.0
2022-01-14 01:17:35.005932,0.0,0.0,0.0
2022-01-14 01:17:35.502975,0.0,0.0,0.0
2022-01-14 01:17:36.001340,0.0,0.0,0.0
2022-01-14 01:17:36.505998,0.0,0.0,0.0
2022-01-14 01:17:37.004062,0.0,0.0,0.0
2022-01-14 01:17:37.509031,0.0,0.0,0.0
2022-01-14 01:17:38.006284,0.0,0.0,0.0
2022-01-14 01:17:38.501332,0.0,0.0,0.0
2022-01-14 01:17:39.009080,0.0,0.0,0.0
2022-01-14 01:17:39.507210,0.0,0.0,0.0
2022-01-14 01:17:40.005977,0.0,0.0,0.0
2022-01-14 01:17:40.501501,0.0,0.0,0.0
2022-01-14 01:17:41.009971,0.0,0.0,0.0
2022-01-14 01:17:41.505719,0.0,0.0,0.0
2022-01-14 01:17:42.004605,0.0,0.0,0.0
2022-01-14 01:17:42.510090,0.0,0.0,0.0
2022-01-14 01:17:43.009314,0.0,0.0,0.0
2022-01-14 01:17:43.503835,0.0,0.0,0.0
2022-01-14 01:17:44.001764,0.0,0.0,0.0
2022-01-14 01:17:44.506781,0.0,0.0,0.0
2022-01-14 01:17:45.005597,0.0,0.0,0.0
2022-01-14 01:17:45.509725,0.0,0.0,0.0
2022-01-14 01:17:46.007371,0.0,0.0,0.0
2022-01-14 01:17:46.502186,0.0,0.0,0.0
2022-01-14 01:17:47.010898,0.0,0.0,0.0
2022-01-14 01:17:47.505788,0.0,0.0,0.0
2022-01-14 01:17:48.004465,0.0,0.0,0.0
2022-01-14 01:17:48.501438,0.0,0.0,0.0
2022-01-14 01:17:49.009433,0.0,0.0,0.0
2022-01-14 01:17:49.503612,0.0,0.0,0.0
2022-01-14 01:17:50.011147,0.0,0.0,0.0
2022-01-14 01:17:50.505730,0.0,0.0,0.0
2022-01-14 01:17:51.005094,0.0,0.0,0.0
2022-01-14 01:17:51.510307,0.0,0.0,0.0
2022-01-14 01:17:52.008648,0.0,0.0,0.0
2022-01-14 01:17:52.503538,0.0,0.0,0.0
2022-01-14 01:17:53.001999,0.0,0.0,0.0
2022-01-14 01:17:53.509279,0.0,0.0,0.0
2022-01-14 01:17:54.006216,0.0,0.0,0.0
2022-01-14 01:17:54.501563,0.0,0.0,0.0
2022-01-14 01:17:55.009148,0.0,0.0,0.0
2022-01-14 01:17:55.504423,0.0,0.0,0.0
2022-01-14 01:17:56.001489,0.0,0.0,0.0
2022-01-14 01:17:56.507440,0.0,0.0,0.0
2022-01-14 01:17:57.005289,0.0,0.0,0.0
2022-01-14 01:17:57.502088,0.0,0.0,0.0
2022-01-14 01:17:58.009189,0.0,0.0,0.0
2022-01-14 01:17:58.510115,0.0,0.0,0.0
2022-01-14 01:17:59.009147,0.0,0.0,0.0
2022-01-14 01:17:59.503744,0.0,0.0,0.0
2022-01-14 01:18:00.002738,0.0,0.0,0.0
2022-01-14 01:18:00.506930,0.0,0.0,0.0
2022-01-14 01:18:01.004623,0.0,0.0,0.0
2022-01-14 01:18:01.501672,0.0,0.0,0.0
2022-01-14 01:18:02.010179,0.0,0.0,0.0
2022-01-14 01:18:02.504950,0.0,0.0,0.0
2022-01-14 01:18:03.002267,0.0,0.0,0.0
2022-01-14 01:18:03.507132,0.0,0.0,0.0
2022-01-14 01:18:04.005297,0.0,0.0,0.0
2022-01-14 01:18:04.509402,0.0,0.0,0.0
2022-01-14 01:18:05.007427,0.0,0.0,0.0
2022-01-14 01:18:05.503476,0.0,0.0,0.0
2022-01-14 01:18:06.003992,0.0,0.0,0.0
2022-01-14 01:18:06.509068,0.0,0.0,0.0
2022-01-14 01:18:07.008489,0.0,0.0,0.0
2022-01-14 01:18:07.503498,0.0,0.0,0.0
2022-01-14 01:18:08.002574,0.0,0.0,0.0
2022-01-14 01:18:08.508589,0.0,0.0,0.0
2022-01-14 01:18:09.007300,0.0,0.0,0.0
2022-01-14 01:18:09.502680,0.0,0.0,0.0
2022-01-14 01:18:10.010281,0.0,0.0,0.0
2022-01-14 01:18:10.503527,0.0,0.0,0.0
2022-01-14 01:18:11.002236,0.0,0.0,0.0
2022-01-14 01:18:11.509474,0.0,0.0,0.0
2022-01-14 01:18:12.007464,0.0,0.0,0.0
2022-01-14 01:18:12.502741,0.0,0.0,0.0
2022-01-14 01:18:13.010836,0.0,0.0,0.0
2022-01-14 01:18:13.505447,0.0,0.0,0.0
2022-01-14 01:18:14.003145,0.0,0.0,0.0
2022-01-14 01:18:14.510618,0.0,0.0,0.0
2022-01-14 01:18:15.008810,0.0,0.0,0.0
2022-01-14 01:18:15.504828,0.0,0.0,0.0
2022-01-14 01:18:16.002183,0.0,0.0,0.0
2022-01-14 01:18:16.507164,0.0,0.0,0.0
2022-01-14 01:18:17.004884,0.0,0.0,0.0
2022-01-14 01:18:17.510191,0.0,0.0,0.0
2022-01-14 01:18:18.009044,0.0,0.0,0.0
2022-01-14 01:18:18.504051,0.0,0.0,0.0
2022-01-14 01:18:19.004066,0.0,0.0,0.0
2022-01-14 01:18:19.510768,0.0,0.0,0.0
2022-01-14 01:18:20.008601,0.0,0.0,0.0
2022-01-14 01:18:20.503492,0.0,0.0,0.0
2022-01-14 01:18:21.001560,0.0,0.0,0.0
2022-01-14 01:18:21.505863,0.0,0.0,0.0
2022-01-14 01:18:22.003958,0.0,0.0,0.0
2022-01-14 01:18:22.509022,0.0,0.0,0.0
2022-01-14 01:18:23.008295,0.0,0.0,0.0
2022-01-14 01:18:23.506915,0.0,0.0,0.0
2022-01-14 01:18:24.004677,0.0,0.0,0.0
2022-01-14 01:18:24.509181,0.0,0.0,0.0
2022-01-14 01:18:25.007798,0.0,0.0,0.0
2022-01-14 01:18:25.503003,0.0,0.0,0.0
2022-01-14 01:18:26.010854,0.0,0.0,0.0
2022-01-14 01:18:26.507852,0.0,0.0,0.0
2022-01-14 01:18:27.005042,0.0,0.0,0.0
2022-01-14 01:18:27.510189,0.0,0.0,0.0
2022-01-14 01:18:28.009801,0.0,0.0,0.0
2022-01-14 01:18:28.505020,0.0,0.0,0.0
2022-01-14 01:18:29.002530,0.0,0.0,0.0
2022-01-14 01:18:29.508344,0.0,0.0,0.0
2022-01-14 01:18:30.005744,0.0,0.0,0.0
2022-01-14 01:18:30.511058,0.0,0.0,0.0
2022-01-14 01:18:31.008725,0.0,0.0,0.0
2022-01-14 01:18:31.503916,0.0,0.0,0.0
2022-01-14 01:18:32.001992,0.0,0.0,0.0
2022-01-14 01:18:32.509109,0.0,0.0,0.0
2022-01-14 01:18:33.006325,0.0,0.0,0.0
2022-01-14 01:18:33.502020,0.0,0.0,0.0
2022-01-14 01:18:34.001511,0.0,0.0,0.0
2022-01-14 01:18:34.506241,0.0,0.0,0.0
2022-01-14 01:18:35.004287,0.0,0.0,0.0
2022-01-14 01:18:35.508303,0.0,0.0,0.0
2022-01-14 01:18:36.005577,0.0,0.0,0.0
2022-01-14 01:18:36.510055,0.0,0.0,0.0
2022-01-14 01:18:37.007168,0.0,0.0,0.0
2022-01-14 01:18:37.504776,0.0,0.0,0.0
2022-01-14 01:18:38.003011,0.0,0.0,0.0
2022-01-14 01:18:38.507863,0.0,0.0,0.0
2022-01-14 01:18:39.005611,0.0,0.0,0.0
2022-01-14 01:18:39.502131,0.0,0.0,0.0
2022-01-14 01:18:40.009438,0.0,0.0,0.0
2022-01-14 01:18:40.503458,0.0,0.0,0.0
2022-01-14 01:18:41.002006,0.0,0.0,0.0
2022-01-14 01:18:41.508292,0.0,0.0,0.0
2022-01-14 01:18:42.005863,0.0,0.0,0.0
2022-01-14 01:18:43.005805,0.0,0.0,0.0
2022-01-14 01:18:43.510640,0.0,0.0,0.0
2022-01-14 01:18:44.008818,0.0,0.0,0.0
2022-01-14 01:18:44.503493,0.0,0.0,0.0
2022-01-14 01:18:45.001931,0.0,0.0,0.0
2022-01-14 01:18:45.506700,0.0,0.0,0.0
2022-01-14 01:18:46.004264,0.0,0.0,0.0
2022-01-14 01:18:46.501597,0.0,0.0,0.0
2022-01-14 01:18:47.010987,0.0,0.0,0.0
2022-01-14 01:18:47.505540,0.0,0.0,0.0
2022-01-14 01:18:48.003442,0.0,0.0,0.0
2022-01-14 01:18:48.509547,0.0,0.0,0.0
2022-01-14 01:18:49.007132,0.0,0.0,0.0
2022-01-14 01:18:49.502269,0.0,0.0,0.0
2022-01-14 01:18:50.505210,0.0,0.0,0.0
2022-01-14 01:18:51.002866,0.0,0.0,0.0
2022-01-14 01:18:51.509673,0.0,0.0,0.0
2022-01-14 01:18:52.008264,0.0,0.0,0.0
2022-01-14 01:18:52.503912,0.0,0.0,0.0
2022-01-14 01:18:53.001653,0.0,0.0,0.0
2022-01-14 01:18:53.506965,0.0,0.0,0.0
2022-01-14 01:18:54.004290,0.0,0.0,0.0
2022-01-14 01:18:54.508459,0.0,0.0,0.0
2022-01-14 01:18:55.005364,0.0,0.0,0.0
2022-01-14 01:18:55.510132,0.0,0.0,0.0
2022-01-14 01:18:56.010391,0.0,0.0,0.0
2022-01-14 01:18:56.505441,0.0,0.0,0.0
2022-01-14 01:18:57.002502,0.0,0.0,0.0
2022-01-14 01:18:57.508585,0.0,0.0,0.0
2022-01-14 01:18:58.006191,0.0,0.0,0.0
2022-01-14 01:18:58.502296,0.0,0.0,0.0
2022-01-14 01:18:59.009989,0.0,0.0,0.0
2022-01-14 01:18:59.506448,0.0,0.0,0.0
2022-01-14 01:19:00.005297,0.0,0.0,0.0
2022-01-14 01:19:00.501450,0.0,0.0,0.0
2022-01-14 01:19:01.008719,0.0,0.0,0.0
2022-01-14 01:19:01.502016,0.0,0.0,0.0
2022-01-14 01:19:02.001530,0.0,0.0,0.0
2022-01-14 01:19:02.507426,0.0,0.0,0.0
2022-01-14 01:19:03.006166,0.0,0.0,0.0
2022-01-14 01:19:03.511357,0.0,0.0,0.0
2022-01-14 01:19:04.009889,0.0,0.0,0.0
2022-01-14 01:19:04.505124,0.0,0.0,0.0
2022-01-14 01:19:05.003111,0.0,0.0,0.0
2022-01-14 01:19:05.507452,0.0,0.0,0.0
2022-01-14 01:19:06.006769,0.0,0.0,0.0
2022-01-14 01:19:06.501930,0.0,0.0,0.0
2022-01-14 01:19:07.001217,0.0,0.0,0.0
2022-01-14 01:19:07.506582,0.0,0.0,0.0
2022-01-14 01:19:08.003937,0.0,0.0,0.0
2022-01-14 01:19:08.510184,0.0,0.0,0.0
2022-01-14 01:19:09.008781,0.0,0.0,0.0
2022-01-14 01:19:09.505209,0.0,0.0,0.0
2022-01-14 01:19:10.010140,0.0,0.0,0.0
2022-01-14 01:19:10.509979,0.0,0.0,0.0
2022-01-14 01:19:11.007755,0.0,0.0,0.0
2022-01-14 01:19:11.502816,0.0,0.0,0.0
2022-01-14 01:19:12.009514,0.0,0.0,0.0
2022-01-14 01:19:12.503829,0.0,0.0,0.0
2022-01-14 01:19:13.004003,0.0,0.0,0.0
2022-01-14 01:19:13.509269,0.0,0.0,0.0
2022-01-14 01:19:14.008133,0.0,0.0,0.0
2022-01-14 01:19:14.502537,0.0,0.0,0.0
2022-01-14 01:19:15.010714,0.0,0.0,0.0
2022-01-14 01:19:15.505558,0.0,0.0,0.0
2022-01-14 01:19:16.002902,0.0,0.0,0.0
2022-01-14 01:19:16.507967,0.0,0.0,0.0
2022-01-14 01:19:17.006861,0.0,0.0,0.0
2022-01-14 01:19:17.504216,0.0,0.0,0.0
2022-01-14 01:19:18.002671,0.0,0.0,0.0
2022-01-14 01:19:18.508482,0.0,0.0,0.0
2022-01-14 01:19:19.006023,0.0,0.0,0.0
2022-01-14 01:19:19.510856,0.0,0.0,0.0
2022-01-14 01:19:20.009091,0.0,0.0,0.0
2022-01-14 01:19:20.504569,0.0,0.0,0.0
2022-01-14 01:19:21.002948,0.0,0.0,0.0
2022-01-14 01:19:21.508283,0.0,0.0,0.0
2022-01-14 01:19:22.007184,0.0,0.0,0.0
2022-01-14 01:19:22.501539,0.0,0.0,0.0
2022-01-14 01:19:23.009617,0.0,0.0,0.0
2022-01-14 01:19:23.503885,0.0,0.0,0.0
2022-01-14 01:19:24.001204,0.0,0.0,0.0
2022-01-14 01:19:24.506878,0.0,0.0,0.0
2022-01-14 01:19:25.005817,0.0,0.0,0.0
2022-01-14 01:19:25.501167,0.0,0.0,0.0
2022-01-14 01:19:26.011071,0.0,0.0,0.0
2022-01-14 01:19:26.507894,0.0,0.0,0.0
2022-01-14 01:19:27.005801,0.0,0.0,0.0
2022-01-14 01:19:27.509628,0.0,0.0,0.0
2022-01-14 01:19:28.006715,0.0,0.0,0.0
2022-01-14 01:19:28.502129,0.0,0.0,0.0
2022-01-14 01:19:29.010445,0.0,0.0,0.0
2022-01-14 01:19:29.505499,0.0,0.0,0.0
2022-01-14 01:19:30.004709,0.0,0.0,0.0
2022-01-14 01:19:30.510836,0.0,0.0,0.0
2022-01-14 01:19:31.010160,0.0,0.0,0.0
2022-01-14 01:19:31.505573,0.0,0.0,0.0
2022-01-14 01:19:32.003945,0.0,0.0,0.0
2022-01-14 01:19:32.507454,0.0,0.0,0.0
2022-01-14 01:19:33.006074,0.0,0.0,0.0
2022-01-14 01:19:33.501851,0.0,0.0,0.0
2022-01-14 01:19:34.001174,0.0,0.0,0.0
2022-01-14 01:19:34.506078,0.0,0.0,0.0
2022-01-14 01:19:35.006503,0.0,0.0,0.0
2022-01-14 01:19:35.503988,0.0,0.0,0.0
2022-01-14 01:19:36.001784,0.0,0.0,0.0
2022-01-14 01:19:36.506068,0.0,0.0,0.0
2022-01-14 01:19:37.003559,0.0,0.0,0.0
2022-01-14 01:19:37.508870,0.0,0.0,0.0
2022-01-14 01:19:38.006002,0.0,0.0,0.0
2022-01-14 01:19:38.502152,0.0,0.0,0.0
2022-01-14 01:19:39.011010,0.0,0.0,0.0
2022-01-14 01:19:39.506842,0.0,0.0,0.0
2022-01-14 01:19:40.005391,0.0,0.0,0.0
2022-01-14 01:19:40.511142,0.0,0.0,0.0
2022-01-14 01:19:41.010081,0.0,0.0,0.0
2022-01-14 01:19:41.508893,0.0,0.0,0.0
2022-01-14 01:19:42.005928,0.0,0.0,0.0
2022-01-14 01:19:42.511078,0.0,0.0,0.0
2022-01-14 01:19:43.009966,0.0,0.0,0.0
2022-01-14 01:19:43.506623,0.0,0.0,0.0
2022-01-14 01:19:44.005960,0.0,0.0,0.0
2022-01-14 01:19:44.510368,0.0,0.0,0.0
2022-01-14 01:19:45.008306,0.0,0.0,0.0
2022-01-14 01:19:45.502760,0.0,0.0,0.0
2022-01-14 01:19:46.505374,0.0,0.0,0.0
2022-01-14 01:19:47.003297,0.0,0.0,0.0
2022-01-14 01:19:47.507772,0.0,0.0,0.0
2022-01-14 01:19:48.005480,0.0,0.0,0.0
2022-01-14 01:19:48.511164,0.0,0.0,0.0
2022-01-14 01:19:49.002296,0.0,0.0,0.0
2022-01-14 01:19:49.506840,0.0,0.0,0.0
2022-01-14 01:19:50.006100,0.0,0.0,0.0
2022-01-14 01:19:50.502230,0.0,0.0,0.0
2022-01-14 01:19:51.001143,0.0,0.0,0.0
2022-01-14 01:19:51.506377,0.0,0.0,0.0
2022-01-14 01:19:52.003767,0.0,0.0,0.0
2022-01-14 01:19:52.509652,0.0,0.0,0.0
2022-01-14 01:19:53.008769,0.0,0.0,0.0
2022-01-14 01:19:53.505368,0.0,0.0,0.0
2022-01-14 01:19:54.002816,0.0,0.0,0.0
2022-01-14 01:19:54.509038,0.0,0.0,0.0
2022-01-14 01:19:55.006287,0.0,0.0,0.0
2022-01-14 01:19:55.510608,0.0,0.0,0.0
2022-01-14 01:19:56.009902,0.0,0.0,0.0
2022-01-14 01:19:56.504003,0.0,0.0,0.0
2022-01-14 01:19:57.002510,0.0,0.0,0.0
2022-01-14 01:19:57.507643,0.0,0.0,0.0
2022-01-14 01:19:58.006853,0.0,0.0,0.0
2022-01-14 01:19:58.502190,0.0,0.0,0.0
2022-01-14 01:19:59.001475,0.0,0.0,0.0
2022-01-14 01:19:59.508462,0.0,0.0,0.0
2022-01-14 01:20:00.006028,0.0,0.0,0.0
2022-01-14 01:20:00.510336,0.0,0.0,0.0
2022-01-14 01:20:01.010030,0.0,0.0,0.0
2022-01-14 01:20:01.507867,0.0,0.0,0.0
2022-01-14 01:20:02.006518,0.0,0.0,0.0
2022-01-14 01:20:02.510744,0.0,0.0,0.0
2022-01-14 01:20:03.010884,0.0,0.0,0.0
2022-01-14 01:20:03.507296,0.0,0.0,0.0
2022-01-14 01:20:04.005049,0.0,0.0,0.0
2022-01-14 01:20:04.510067,0.0,0.0,0.0
2022-01-14 01:20:05.009366,0.0,0.0,0.0
2022-01-14 01:20:05.506894,0.0,0.0,0.0
2022-01-14 01:20:06.007307,0.0,0.0,0.0
2022-01-14 01:20:06.503156,0.0,0.0,0.0
2022-01-14 01:20:07.001628,0.0,0.0,0.0
2022-01-14 01:20:07.507534,0.0,0.0,0.0
2022-01-14 01:20:08.006155,0.0,0.0,0.0
2022-01-14 01:20:08.501483,0.0,0.0,0.0
2022-01-14 01:20:09.009798,0.0,0.0,0.0
2022-01-14 01:20:09.504284,0.0,0.0,0.0
2022-01-14 01:20:10.505673,0.0,0.0,0.0
2022-01-14 01:20:11.004699,0.0,0.0,0.0
2022-01-14 01:20:11.501866,0.0,0.0,0.0
2022-01-14 01:20:12.010026,0.0,0.0,0.0
2022-01-14 01:20:12.504217,0.0,0.0,0.0
2022-01-14 01:20:13.002870,0.0,0.0,0.0
2022-01-14 01:20:13.509236,0.0,0.0,0.0
2022-01-14 01:20:14.006933,0.0,0.0,0.0
2022-01-14 01:20:14.501753,0.0,0.0,0.0
2022-01-14 01:20:15.009876,0.0,0.0,0.0
2022-01-14 01:20:15.507790,0.0,0.0,0.0
2022-01-14 01:20:16.007093,0.0,0.0,0.0
2022-01-14 01:20:16.501577,0.0,0.0,0.0
2022-01-14 01:20:17.011014,0.0,0.0,0.0
2022-01-14 01:20:17.505532,0.0,0.0,0.0
2022-01-14 01:20:18.004243,0.0,0.0,0.0
2022-01-14 01:20:18.509926,0.0,0.0,0.0
2022-01-14 01:20:19.008632,0.0,0.0,0.0
2022-01-14 01:20:19.504096,0.0,0.0,0.0
2022-01-14 01:20:20.002672,0.0,0.0,0.0
2022-01-14 01:20:20.509249,0.0,0.0,0.0
2022-01-14 01:20:21.007406,0.0,0.0,0.0
2022-01-14 01:20:21.501755,0.0,0.0,0.0
2022-01-14 01:20:22.010769,0.0,0.0,0.0
2022-01-14 01:20:22.506799,0.0,0.0,0.0
2022-01-14 01:20:23.004721,0.0,0.0,0.0
2022-01-14 01:20:23.501191,0.0,0.0,0.0
2022-01-14 01:20:24.009801,0.0,0.0,0.0
2022-01-14 01:20:24.506203,0.0,0.0,0.0
2022-01-14 01:20:25.004750,0.0,0.0,0.0
2022-01-14 01:20:25.509454,0.0,0.0,0.0
2022-01-14 01:20:26.006548,0.0,0.0,0.0
2022-01-14 01:20:26.502359,0.0,0.0,0.0
2022-01-14 01:20:27.010913,0.0,0.0,0.0
2022-01-14 01:20:27.506774,0.0,0.0,0.0
2022-01-14 01:20:28.005703,0.0,0.0,0.0
2022-01-14 01:20:28.501505,0.0,0.0,0.0
2022-01-14 01:20:29.010919,0.0,0.0,0.0
2022-01-14 01:20:29.507007,0.0,0.0,0.0
2022-01-14 01:20:30.005767,0.0,0.0,0.0
2022-01-14 01:20:30.511157,0.0,0.0,0.0
2022-01-14 01:20:31.009563,0.0,0.0,0.0
2022-01-14 01:20:31.505387,0.0,0.0,0.0
2022-01-14 01:20:32.003460,0.0,0.0,0.0
2022-01-14 01:20:32.509338,0.0,0.0,0.0
2022-01-14 01:20:33.005858,0.0,0.0,0.0
2022-01-14 01:20:33.502993,0.0,0.0,0.0
2022-01-14 01:20:34.001431,0.0,0.0,0.0
2022-01-14 01:20:34.506171,0.0,0.0,0.0
2022-01-14 01:20:35.004315,0.0,0.0,0.0
2022-01-14 01:20:35.501917,0.0,0.0,0.0
2022-01-14 01:20:36.009170,0.0,0.0,0.0
2022-01-14 01:20:36.504753,0.0,0.0,0.0
2022-01-14 01:20:37.002367,0.0,0.0,0.0
2022-01-14 01:20:37.506224,0.0,0.0,0.0
2022-01-14 01:20:38.006568,0.0,0.0,0.0
2022-01-14 01:20:38.505114,0.0,0.0,0.0
2022-01-14 01:20:39.003875,0.0,0.0,0.0
2022-01-14 01:20:39.504578,0.0,0.0,0.0
2022-01-14 01:20:40.005094,0.0,0.0,0.0
2022-01-14 01:20:40.509779,0.0,0.0,0.0
2022-01-14 01:20:41.005971,0.0,0.0,0.0
2022-01-14 01:20:41.508965,0.0,0.0,0.0
2022-01-14 01:20:42.010816,0.0,0.0,0.0
2022-01-14 01:20:42.504567,0.0,0.0,0.0
2022-01-14 01:20:43.002225,0.0,0.0,0.0
2022-01-14 01:20:43.508676,0.0,0.0,0.0
2022-01-14 01:20:44.006709,0.0,0.0,0.0
2022-01-14 01:20:44.510232,0.0,0.0,0.0
2022-01-14 01:20:45.007846,0.0,0.0,0.0
2022-01-14 01:20:45.502827,0.0,0.0,0.0
2022-01-14 01:20:46.002452,0.0,0.0,0.0
2022-01-14 01:20:46.507686,0.0,0.0,0.0
2022-01-14 01:20:47.005645,0.0,0.0,0.0
2022-01-14 01:20:47.503669,0.0,0.0,0.0
2022-01-14 01:20:48.002305,0.0,0.0,0.0
2022-01-14 01:20:48.507354,0.0,0.0,0.0
2022-01-14 01:20:49.006121,0.0,0.0,0.0
2022-01-14 01:20:49.509652,0.0,0.0,0.0
2022-01-14 01:20:50.008487,0.0,0.0,0.0
2022-01-14 01:20:50.502301,0.0,0.0,0.0
2022-01-14 01:20:51.011023,0.0,0.0,0.0
2022-01-14 01:20:51.506025,0.0,0.0,0.0
2022-01-14 01:20:52.006459,0.0,0.0,0.0
2022-01-14 01:20:52.510926,0.0,0.0,0.0
2022-01-14 01:20:53.010125,0.0,0.0,0.0
2022-01-14 01:20:53.504871,0.0,0.0,0.0
2022-01-14 01:20:54.002602,0.0,0.0,0.0
2022-01-14 01:20:54.507807,0.0,0.0,0.0
2022-01-14 01:20:55.006388,0.0,0.0,0.0
2022-01-14 01:20:56.005347,0.0,0.0,0.0
2022-01-14 01:20:56.510979,0.0,0.0,0.0
2022-01-14 01:20:57.008597,0.0,0.0,0.0
2022-01-14 01:20:57.503966,0.0,0.0,0.0
2022-01-14 01:20:58.002242,0.0,0.0,0.0
2022-01-14 01:20:58.506859,0.0,0.0,0.0
2022-01-14 01:20:59.005998,0.0,0.0,0.0
2022-01-14 01:20:59.510233,0.0,0.0,0.0
2022-01-14 01:21:00.008033,0.0,0.0,0.0
2022-01-14 01:21:00.510799,0.0,0.0,0.0
2022-01-14 01:21:01.008780,0.0,0.0,0.0
2022-01-14 01:21:01.505314,0.0,0.0,0.0
2022-01-14 01:21:02.003503,0.0,0.0,0.0
2022-01-14 01:21:02.508613,0.0,0.0,0.0
2022-01-14 01:21:03.006769,0.0,0.0,0.0
2022-01-14 01:21:03.502835,0.0,0.0,0.0
2022-01-14 01:21:04.010480,0.0,0.0,0.0
2022-01-14 01:21:04.505370,0.0,0.0,0.0
2022-01-14 01:21:05.003139,0.0,0.0,0.0
2022-01-14 01:21:05.510693,0.0,0.0,0.0
2022-01-14 01:21:06.009071,0.0,0.0,0.0
2022-01-14 01:21:06.502708,0.0,0.0,0.0
2022-01-14 01:21:07.010846,0.0,0.0,0.0
2022-01-14 01:21:07.506000,0.0,0.0,0.0
2022-01-14 01:21:08.004831,0.0,0.0,0.0
2022-01-14 01:21:08.509644,0.0,0.0,0.0
2022-01-14 01:21:09.008196,0.0,0.0,0.0
2022-01-14 01:21:09.503880,0.0,0.0,0.0
2022-01-14 01:21:10.001175,0.0,0.0,0.0
2022-01-14 01:21:10.509495,0.0,0.0,0.0
2022-01-14 01:21:11.006891,0.0,0.0,0.0
2022-01-14 01:21:11.501548,0.0,0.0,0.0
2022-01-14 01:21:12.009817,0.0,0.0,0.0
2022-01-14 01:21:12.505868,0.0,0.0,0.0
2022-01-14 01:21:13.005288,0.0,0.0,0.0
2022-01-14 01:21:14.005530,0.0,0.0,0.0
2022-01-14 01:21:14.502174,0.0,0.0,0.0
2022-01-14 01:21:15.001743,0.0,0.0,0.0
2022-01-14 01:21:15.506032,0.0,0.0,0.0
2022-01-14 01:21:16.004505,0.0,0.0,0.0
2022-01-14 01:21:16.508724,0.0,0.0,0.0
2022-01-14 01:21:17.005874,0.0,0.0,0.0
2022-01-14 01:21:17.510217,0.0,0.0,0.0
2022-01-14 01:21:18.008666,0.0,0.0,0.0
2022-01-14 01:21:18.505337,0.0,0.0,0.0
2022-01-14 01:21:19.005570,0.0,0.0,0.0
2022-01-14 01:21:20.005389,0.0,0.0,0.0
2022-01-14 01:21:20.510361,0.0,0.0,0.0
2022-01-14 01:21:21.008469,0.0,0.0,0.0
2022-01-14 01:21:21.503608,0.0,0.0,0.0
2022-01-14 01:21:22.001114,0.0,0.0,0.0
2022-01-14 01:21:22.505451,0.0,0.0,0.0
2022-01-14 01:21:23.003235,0.0,0.0,0.0
2022-01-14 01:21:23.507665,0.0,0.0,0.0
2022-01-14 01:21:24.006155,0.0,0.0,0.0
2022-01-14 01:21:24.503438,0.0,0.0,0.0
2022-01-14 01:21:25.002834,0.0,0.0,0.0
2022-01-14 01:21:25.508751,0.0,0.0,0.0
2022-01-14 01:21:26.007344,0.0,0.0,0.0
2022-01-14 01:21:26.502015,0.0,0.0,0.0
2022-01-14 01:21:27.010283,0.0,0.0,0.0
2022-01-14 01:21:27.504835,0.0,0.0,0.0
2022-01-14 01:21:28.002393,0.0,0.0,0.0
2022-01-14 01:21:28.507749,0.0,0.0,0.0
2022-01-14 01:21:29.006905,0.0,0.0,0.0
2022-01-14 01:21:29.501662,0.0,0.0,0.0
2022-01-14 01:21:30.010201,0.0,0.0,0.0
2022-01-14 01:21:30.504542,0.0,0.0,0.0
2022-01-14 01:21:31.002892,0.0,0.0,0.0
2022-01-14 01:21:31.506955,0.0,0.0,0.0
2022-01-14 01:21:32.005465,0.0,0.0,0.0
2022-01-14 01:21:32.510305,0.0,0.0,0.0
2022-01-14 01:21:33.010465,0.0,0.0,0.0
