時間,回転１,回転２,回転３
2022-01-14 00:00:00.044215,0.0,0.0,0.0
2022-01-14 00:00:00.504157,0.0,0.0,0.0
2022-01-14 00:00:01.002200,0.0,0.0,0.0
2022-01-14 00:00:01.506377,0.0,0.0,0.0
2022-01-14 00:00:02.010582,0.0,0.0,0.0
2022-01-14 00:00:02.505734,0.0,0.0,0.0
2022-01-14 00:00:03.006128,0.0,0.0,0.0
2022-01-14 00:00:03.503366,0.0,0.0,0.0
2022-01-14 00:00:04.001183,0.0,0.0,0.0
2022-01-14 00:00:04.504044,0.0,0.0,0.0
2022-01-14 00:00:05.009483,0.0,0.0,0.0
2022-01-14 00:00:05.504306,0.0,0.0,0.0
2022-01-14 00:00:06.001073,0.0,0.0,0.0
2022-01-14 00:00:06.506293,0.0,0.0,0.0
2022-01-14 00:00:07.003892,0.0,0.0,0.0
2022-01-14 00:00:07.508200,0.0,0.0,0.0
2022-01-14 00:00:08.006097,0.0,0.0,0.0
2022-01-14 00:00:08.502634,0.0,0.0,0.0
2022-01-14 00:00:09.010633,0.0,0.0,0.0
2022-01-14 00:00:09.506155,0.0,0.0,0.0
2022-01-14 00:00:10.005385,0.0,0.0,0.0
2022-01-14 00:00:10.510916,0.0,0.0,0.0
2022-01-14 00:00:11.009982,0.0,0.0,0.0
2022-01-14 00:00:11.504790,0.0,0.0,0.0
2022-01-14 00:00:12.001575,0.0,0.0,0.0
2022-01-14 00:00:12.508610,0.0,0.0,0.0
2022-01-14 00:00:13.006862,0.0,0.0,0.0
2022-01-14 00:00:13.502198,0.0,0.0,0.0
2022-01-14 00:00:14.001562,0.0,0.0,0.0
2022-01-14 00:00:14.506353,0.0,0.0,0.0
2022-01-14 00:00:15.004773,0.0,0.0,0.0
2022-01-14 00:00:15.510228,0.0,0.0,0.0
2022-01-14 00:00:16.009463,0.0,0.0,0.0
2022-01-14 00:00:16.504555,0.0,0.0,0.0
2022-01-14 00:00:17.004063,0.0,0.0,0.0
2022-01-14 00:00:17.510668,0.0,0.0,0.0
2022-01-14 00:00:18.007897,0.0,0.0,0.0
2022-01-14 00:00:18.502065,0.0,0.0,0.0
2022-01-14 00:00:19.010682,0.0,0.0,0.0
2022-01-14 00:00:19.506074,0.0,0.0,0.0
2022-01-14 00:00:20.004884,0.0,0.0,0.0
2022-01-14 00:00:20.501306,0.0,0.0,0.0
2022-01-14 00:00:21.010280,0.0,0.0,0.0
2022-01-14 00:00:21.507739,0.0,0.0,0.0
2022-01-14 00:00:22.005595,0.0,0.0,0.0
2022-01-14 00:00:23.005454,0.0,0.0,0.0
2022-01-14 00:00:23.510726,0.0,0.0,0.0
2022-01-14 00:00:24.008320,0.0,0.0,0.0
2022-01-14 00:00:24.504190,0.0,0.0,0.0
2022-01-14 00:00:25.001586,0.0,0.0,0.0
2022-01-14 00:00:25.507354,0.0,0.0,0.0
2022-01-14 00:00:26.005637,0.0,0.0,0.0
2022-01-14 00:00:26.502067,0.0,0.0,0.0
2022-01-14 00:00:27.001022,0.0,0.0,0.0
2022-01-14 00:00:27.507388,0.0,0.0,0.0
2022-01-14 00:00:28.005138,0.0,0.0,0.0
2022-01-14 00:00:28.510285,0.0,0.0,0.0
2022-01-14 00:00:29.009550,0.0,0.0,0.0
2022-01-14 00:00:29.504055,0.0,0.0,0.0
2022-01-14 00:00:30.001587,0.0,0.0,0.0
2022-01-14 00:00:30.508690,0.0,0.0,0.0
2022-01-14 00:00:31.007968,0.0,0.0,0.0
2022-01-14 00:00:31.504773,0.0,0.0,0.0
2022-01-14 00:00:32.002869,0.0,0.0,0.0
2022-01-14 00:00:32.510189,0.0,0.0,0.0
2022-01-14 00:00:33.008957,0.0,0.0,0.0
2022-01-14 00:00:33.503455,0.0,0.0,0.0
2022-01-14 00:00:34.001385,0.0,0.0,0.0
2022-01-14 00:00:34.507968,0.0,0.0,0.0
2022-01-14 00:00:35.006590,0.0,0.0,0.0
2022-01-14 00:00:35.501270,0.0,0.0,0.0
2022-01-14 00:00:36.009631,0.0,0.0,0.0
2022-01-14 00:00:36.504421,0.0,0.0,0.0
2022-01-14 00:00:37.002795,0.0,0.0,0.0
2022-01-14 00:00:37.509579,0.0,0.0,0.0
2022-01-14 00:00:38.007213,0.0,0.0,0.0
2022-01-14 00:00:38.501725,0.0,0.0,0.0
2022-01-14 00:00:39.009803,0.0,0.0,0.0
2022-01-14 00:00:39.503597,0.0,0.0,0.0
2022-01-14 00:00:55.002555,0.0,0.0,0.0
2022-01-14 00:00:55.507871,0.0,0.0,0.0
2022-01-14 00:00:56.006312,0.0,0.0,0.0
2022-01-14 00:00:56.510863,0.0,0.0,0.0
2022-01-14 00:00:57.007950,0.0,0.0,0.0
2022-01-14 00:00:57.502732,0.0,0.0,0.0
2022-01-14 00:00:58.010256,0.0,0.0,0.0
2022-01-14 00:00:58.505941,0.0,0.0,0.0
2022-01-14 00:00:59.004202,0.0,0.0,0.0
2022-01-14 00:00:59.510659,0.0,0.0,0.0
2022-01-14 00:01:00.008556,0.0,0.0,0.0
2022-01-14 00:01:00.502239,0.0,0.0,0.0
2022-01-14 00:01:01.004153,0.0,0.0,0.0
2022-01-14 00:01:01.506593,0.0,0.0,0.0
2022-01-14 00:01:02.004349,0.0,0.0,0.0
2022-01-14 00:01:02.508992,0.0,0.0,0.0
2022-01-14 00:01:03.007362,0.0,0.0,0.0
2022-01-14 00:01:03.503250,0.0,0.0,0.0
2022-01-14 00:01:04.002868,0.0,0.0,0.0
2022-01-14 00:01:04.508136,0.0,0.0,0.0
2022-01-14 00:01:05.007347,0.0,0.0,0.0
2022-01-14 00:01:05.502646,0.0,0.0,0.0
2022-01-14 00:01:06.010473,0.0,0.0,0.0
2022-01-14 00:01:06.506361,0.0,0.0,0.0
2022-01-14 00:01:07.005198,0.0,0.0,0.0
2022-01-14 00:01:07.502612,0.0,0.0,0.0
2022-01-14 00:01:08.001441,0.0,0.0,0.0
2022-01-14 00:01:08.508057,0.0,0.0,0.0
2022-01-14 00:01:09.006074,0.0,0.0,0.0
2022-01-14 00:01:09.511030,0.0,0.0,0.0
2022-01-14 00:01:10.010409,0.0,0.0,0.0
2022-01-14 00:01:10.507888,0.0,0.0,0.0
2022-01-14 00:01:11.005791,0.0,0.0,0.0
2022-01-14 00:01:11.511079,0.0,0.0,0.0
2022-01-14 00:01:12.009095,0.0,0.0,0.0
2022-01-14 00:01:12.504312,0.0,0.0,0.0
2022-01-14 00:01:13.009509,0.0,0.0,0.0
2022-01-14 00:01:13.504092,0.0,0.0,0.0
2022-01-14 00:01:14.002650,0.0,0.0,0.0
2022-01-14 00:01:14.507450,0.0,0.0,0.0
2022-01-14 00:01:15.008980,0.0,0.0,0.0
2022-01-14 00:01:15.503954,0.0,0.0,0.0
2022-01-14 00:01:16.001634,0.0,0.0,0.0
2022-01-14 00:01:16.508815,0.0,0.0,0.0
2022-01-14 00:01:17.007581,0.0,0.0,0.0
2022-01-14 00:01:17.502033,0.0,0.0,0.0
2022-01-14 00:01:18.002456,0.0,0.0,0.0
2022-01-14 00:01:18.507397,0.0,0.0,0.0
2022-01-14 00:01:19.005523,0.0,0.0,0.0
2022-01-14 00:01:19.502566,0.0,0.0,0.0
2022-01-14 00:01:20.010715,0.0,0.0,0.0
2022-01-14 00:01:20.505443,0.0,0.0,0.0
2022-01-14 00:01:21.003750,0.0,0.0,0.0
2022-01-14 00:01:21.508919,0.0,0.0,0.0
2022-01-14 00:01:22.007092,0.0,0.0,0.0
2022-01-14 00:01:22.502437,0.0,0.0,0.0
2022-01-14 00:01:23.010288,0.0,0.0,0.0
2022-01-14 00:01:23.506059,0.0,0.0,0.0
2022-01-14 00:01:24.005014,0.0,0.0,0.0
2022-01-14 00:01:24.509413,0.0,0.0,0.0
2022-01-14 00:01:25.006807,0.0,0.0,0.0
2022-01-14 00:01:25.502058,0.0,0.0,0.0
2022-01-14 00:01:26.009328,0.0,0.0,0.0
2022-01-14 00:01:26.504087,0.0,0.0,0.0
2022-01-14 00:01:27.001999,0.0,0.0,0.0
2022-01-14 00:01:27.507935,0.0,0.0,0.0
2022-01-14 00:01:28.006898,0.0,0.0,0.0
2022-01-14 00:01:28.503572,0.0,0.0,0.0
2022-01-14 00:01:29.001686,0.0,0.0,0.0
2022-01-14 00:01:29.508545,0.0,0.0,0.0
2022-01-14 00:01:30.006302,0.0,0.0,0.0
2022-01-14 00:01:30.501138,0.0,0.0,0.0
2022-01-14 00:01:31.008354,0.0,0.0,0.0
2022-01-14 00:01:31.502804,0.0,0.0,0.0
2022-01-14 00:01:32.001386,0.0,0.0,0.0
2022-01-14 00:01:32.507283,0.0,0.0,0.0
2022-01-14 00:01:33.005811,0.0,0.0,0.0
2022-01-14 00:01:33.501726,0.0,0.0,0.0
2022-01-14 00:01:34.009003,0.0,0.0,0.0
2022-01-14 00:01:34.503994,0.0,0.0,0.0
2022-01-14 00:01:35.002023,0.0,0.0,0.0
2022-01-14 00:01:35.507293,0.0,0.0,0.0
2022-01-14 00:01:36.005347,0.0,0.0,0.0
2022-01-14 00:01:36.510151,0.0,0.0,0.0
2022-01-14 00:01:37.008683,0.0,0.0,0.0
2022-01-14 00:01:37.504718,0.0,0.0,0.0
2022-01-14 00:01:38.002676,0.0,0.0,0.0
2022-01-14 00:01:38.506114,0.0,0.0,0.0
2022-01-14 00:01:39.002633,0.0,0.0,0.0
2022-01-14 00:01:39.508658,0.0,0.0,0.0
2022-01-14 00:01:40.005167,0.0,0.0,0.0
2022-01-14 00:01:40.510133,0.0,0.0,0.0
2022-01-14 00:01:41.005970,0.0,0.0,0.0
2022-01-14 00:01:41.501088,0.0,0.0,0.0
2022-01-14 00:01:42.008988,0.0,0.0,0.0
2022-01-14 00:01:42.506212,0.0,0.0,0.0
2022-01-14 00:01:43.004551,0.0,0.0,0.0
2022-01-14 00:01:43.509795,0.0,0.0,0.0
2022-01-14 00:01:44.007989,0.0,0.0,0.0
2022-01-14 00:01:44.503038,0.0,0.0,0.0
2022-01-14 00:01:45.001548,0.0,0.0,0.0
2022-01-14 00:01:45.507454,0.0,0.0,0.0
2022-01-14 00:01:46.005738,0.0,0.0,0.0
2022-01-14 00:01:46.510403,0.0,0.0,0.0
2022-01-14 00:01:47.011179,0.0,0.0,0.0
2022-01-14 00:01:47.507359,0.0,0.0,0.0
2022-01-14 00:01:48.005304,0.0,0.0,0.0
2022-01-14 00:01:48.510217,0.0,0.0,0.0
2022-01-14 00:01:49.008269,0.0,0.0,0.0
2022-01-14 00:01:49.502171,0.0,0.0,0.0
2022-01-14 00:01:50.003276,0.0,0.0,0.0
2022-01-14 00:01:50.508312,0.0,0.0,0.0
2022-01-14 00:01:51.006330,0.0,0.0,0.0
2022-01-14 00:01:51.502385,0.0,0.0,0.0
2022-01-14 00:01:52.001380,0.0,0.0,0.0
2022-01-14 00:01:52.506263,0.0,0.0,0.0
2022-01-14 00:01:53.003968,0.0,0.0,0.0
2022-01-14 00:01:53.508126,0.0,0.0,0.0
2022-01-14 00:01:54.006679,0.0,0.0,0.0
2022-01-14 00:01:54.501657,0.0,0.0,0.0
2022-01-14 00:01:55.010037,0.0,0.0,0.0
2022-01-14 00:01:55.505207,0.0,0.0,0.0
2022-01-14 00:01:56.003769,0.0,0.0,0.0
2022-01-14 00:01:56.508420,0.0,0.0,0.0
2022-01-14 00:01:57.005174,0.0,0.0,0.0
2022-01-14 00:01:57.509353,0.0,0.0,0.0
2022-01-14 00:01:58.006537,0.0,0.0,0.0
2022-01-14 00:01:58.502635,0.0,0.0,0.0
2022-01-14 00:01:59.001395,0.0,0.0,0.0
2022-01-14 00:01:59.506404,0.0,0.0,0.0
2022-01-14 00:02:00.005451,0.0,0.0,0.0
2022-01-14 00:02:00.501349,0.0,0.0,0.0
2022-01-14 00:02:01.010358,0.0,0.0,0.0
2022-01-14 00:02:01.506008,0.0,0.0,0.0
2022-01-14 00:02:02.003482,0.0,0.0,0.0
2022-01-14 00:02:02.509480,0.0,0.0,0.0
2022-01-14 00:02:03.006785,0.0,0.0,0.0
2022-01-14 00:02:03.502023,0.0,0.0,0.0
2022-01-14 00:02:04.011130,0.0,0.0,0.0
2022-01-14 00:02:04.508330,0.0,0.0,0.0
2022-01-14 00:02:05.005857,0.0,0.0,0.0
2022-01-14 00:02:05.510773,0.0,0.0,0.0
2022-01-14 00:02:06.009880,0.0,0.0,0.0
2022-01-14 00:02:06.505430,0.0,0.0,0.0
2022-01-14 00:02:07.003754,0.0,0.0,0.0
2022-01-14 00:02:07.508952,0.0,0.0,0.0
2022-01-14 00:02:08.006851,0.0,0.0,0.0
2022-01-14 00:02:08.502767,0.0,0.0,0.0
2022-01-14 00:02:09.010953,0.0,0.0,0.0
2022-01-14 00:02:09.505111,0.0,0.0,0.0
2022-01-14 00:02:10.002365,0.0,0.0,0.0
2022-01-14 00:02:10.509036,0.0,0.0,0.0
2022-01-14 00:02:11.006296,0.0,0.0,0.0
2022-01-14 00:02:11.501170,0.0,0.0,0.0
2022-01-14 00:02:12.009548,0.0,0.0,0.0
2022-01-14 00:02:12.506087,0.0,0.0,0.0
2022-01-14 00:02:13.004288,0.0,0.0,0.0
2022-01-14 00:02:13.509651,0.0,0.0,0.0
2022-01-14 00:02:14.007999,0.0,0.0,0.0
2022-01-14 00:02:14.502911,0.0,0.0,0.0
2022-01-14 00:02:15.001603,0.0,0.0,0.0
2022-01-14 00:02:15.507128,0.0,0.0,0.0
2022-01-14 00:02:16.004758,0.0,0.0,0.0
2022-01-14 00:02:16.510880,0.0,0.0,0.0
2022-01-14 00:02:17.001263,0.0,0.0,0.0
2022-01-14 00:02:17.505295,0.0,0.0,0.0
2022-01-14 00:02:18.001660,0.0,0.0,0.0
2022-01-14 00:02:18.507357,0.0,0.0,0.0
2022-01-14 00:02:19.006269,0.0,0.0,0.0
2022-01-14 00:02:19.509009,0.0,0.0,0.0
2022-01-14 00:02:20.006476,0.0,0.0,0.0
2022-01-14 00:02:20.501903,0.0,0.0,0.0
2022-01-14 00:02:21.010363,0.0,0.0,0.0
2022-01-14 00:02:21.508597,0.0,0.0,0.0
2022-01-14 00:02:22.006777,0.0,0.0,0.0
2022-01-14 00:02:22.501593,0.0,0.0,0.0
2022-01-14 00:02:23.011236,0.0,0.0,0.0
2022-01-14 00:02:23.505833,0.0,0.0,0.0
2022-01-14 00:02:24.003936,0.0,0.0,0.0
2022-01-14 00:02:24.508744,0.0,0.0,0.0
2022-01-14 00:02:25.007554,0.0,0.0,0.0
2022-01-14 00:02:25.503054,0.0,0.0,0.0
2022-01-14 00:02:26.002291,0.0,0.0,0.0
2022-01-14 00:02:26.508055,0.0,0.0,0.0
2022-01-14 00:02:27.007097,0.0,0.0,0.0
2022-01-14 00:02:27.501575,0.0,0.0,0.0
2022-01-14 00:02:28.009196,0.0,0.0,0.0
2022-01-14 00:02:28.503917,0.0,0.0,0.0
2022-01-14 00:02:29.003121,0.0,0.0,0.0
2022-01-14 00:02:29.508507,0.0,0.0,0.0
2022-01-14 00:02:30.007391,0.0,0.0,0.0
2022-01-14 00:02:30.502819,0.0,0.0,0.0
2022-01-14 00:02:31.001680,0.0,0.0,0.0
2022-01-14 00:02:31.508635,0.0,0.0,0.0
2022-01-14 00:02:32.007563,0.0,0.0,0.0
2022-01-14 00:02:32.501834,0.0,0.0,0.0
2022-01-14 00:02:33.001373,0.0,0.0,0.0
2022-01-14 00:02:33.506760,0.0,0.0,0.0
2022-01-14 00:02:34.005144,0.0,0.0,0.0
2022-01-14 00:02:34.510636,0.0,0.0,0.0
2022-01-14 00:02:35.008194,0.0,0.0,0.0
2022-01-14 00:02:35.502904,0.0,0.0,0.0
2022-01-14 00:02:36.011002,0.0,0.0,0.0
2022-01-14 00:02:36.507144,0.0,0.0,0.0
2022-01-14 00:02:37.005561,0.0,0.0,0.0
2022-01-14 00:02:37.511257,0.0,0.0,0.0
2022-01-14 00:02:38.008078,0.0,0.0,0.0
2022-01-14 00:02:38.502268,0.0,0.0,0.0
2022-01-14 00:02:39.001389,0.0,0.0,0.0
2022-01-14 00:02:39.508229,0.0,0.0,0.0
2022-01-14 00:02:40.006144,0.0,0.0,0.0
2022-01-14 00:02:41.005937,0.0,0.0,0.0
2022-01-14 00:02:41.511200,0.0,0.0,0.0
2022-01-14 00:02:42.008527,0.0,0.0,0.0
2022-01-14 00:02:42.503311,0.0,0.0,0.0
2022-01-14 00:02:43.003564,0.0,0.0,0.0
2022-01-14 00:02:43.509702,0.0,0.0,0.0
2022-01-14 00:02:44.010985,0.0,0.0,0.0
2022-01-14 00:02:44.505565,0.0,0.0,0.0
2022-01-14 00:02:45.003459,0.0,0.0,0.0
2022-01-14 00:02:45.509688,0.0,0.0,0.0
2022-01-14 00:02:46.007134,0.0,0.0,0.0
2022-01-14 00:02:46.501681,0.0,0.0,0.0
2022-01-14 00:02:47.010207,0.0,0.0,0.0
2022-01-14 00:02:47.502726,0.0,0.0,0.0
2022-01-14 00:02:48.001558,0.0,0.0,0.0
2022-01-14 00:02:48.507119,0.0,0.0,0.0
2022-01-14 00:02:49.006380,0.0,0.0,0.0
2022-01-14 00:02:49.503489,0.0,0.0,0.0
2022-01-14 00:02:50.001137,0.0,0.0,0.0
2022-01-14 00:02:50.507075,0.0,0.0,0.0
2022-01-14 00:02:51.004569,0.0,0.0,0.0
2022-01-14 00:02:51.510360,0.0,0.0,0.0
2022-01-14 00:02:52.008065,0.0,0.0,0.0
2022-01-14 00:02:52.502164,0.0,0.0,0.0
2022-01-14 00:02:53.003081,0.0,0.0,0.0
2022-01-14 00:02:53.509290,0.0,0.0,0.0
2022-01-14 00:02:54.007754,0.0,0.0,0.0
2022-01-14 00:02:54.502882,0.0,0.0,0.0
2022-01-14 00:02:55.002229,0.0,0.0,0.0
2022-01-14 00:02:55.508974,0.0,0.0,0.0
2022-01-14 00:02:56.005596,0.0,0.0,0.0
2022-01-14 00:02:57.005045,0.0,0.0,0.0
2022-01-14 00:02:57.505744,0.0,0.0,0.0
2022-01-14 00:02:58.002852,0.0,0.0,0.0
2022-01-14 00:02:58.507826,0.0,0.0,0.0
2022-01-14 00:02:59.005356,0.0,0.0,0.0
2022-01-14 00:02:59.501524,0.0,0.0,0.0
2022-01-14 00:03:00.008942,0.0,0.0,0.0
2022-01-14 00:03:00.505075,0.0,0.0,0.0
2022-01-14 00:03:01.001829,0.0,0.0,0.0
2022-01-14 00:03:01.507204,0.0,0.0,0.0
2022-01-14 00:03:02.005854,0.0,0.0,0.0
2022-01-14 00:03:02.510022,0.0,0.0,0.0
2022-01-14 00:03:03.009758,0.0,0.0,0.0
2022-01-14 00:03:03.505251,0.0,0.0,0.0
2022-01-14 00:03:04.004029,0.0,0.0,0.0
2022-01-14 00:03:04.508744,0.0,0.0,0.0
2022-01-14 00:03:05.007554,0.0,0.0,0.0
2022-01-14 00:03:05.502110,0.0,0.0,0.0
2022-01-14 00:03:06.002986,0.0,0.0,0.0
2022-01-14 00:03:06.506789,0.0,0.0,0.0
2022-01-14 00:03:07.006128,0.0,0.0,0.0
2022-01-14 00:03:07.510261,0.0,0.0,0.0
2022-01-14 00:03:08.009654,0.0,0.0,0.0
2022-01-14 00:03:08.509021,0.0,0.0,0.0
2022-01-14 00:03:09.007199,0.0,0.0,0.0
2022-01-14 00:03:09.502096,0.0,0.0,0.0
2022-01-14 00:03:10.009920,0.0,0.0,0.0
2022-01-14 00:03:10.506537,0.0,0.0,0.0
2022-01-14 00:03:11.004080,0.0,0.0,0.0
2022-01-14 00:03:11.509255,0.0,0.0,0.0
2022-01-14 00:03:12.007330,0.0,0.0,0.0
2022-01-14 00:03:12.502138,0.0,0.0,0.0
2022-01-14 00:03:13.010864,0.0,0.0,0.0
2022-01-14 00:03:13.506106,0.0,0.0,0.0
2022-01-14 00:03:14.005043,0.0,0.0,0.0
2022-01-14 00:03:14.501236,0.0,0.0,0.0
2022-01-14 00:03:15.010058,0.0,0.0,0.0
2022-01-14 00:03:15.505285,0.0,0.0,0.0
2022-01-14 00:03:16.002802,0.0,0.0,0.0
2022-01-14 00:03:16.507413,0.0,0.0,0.0
2022-01-14 00:03:17.005478,0.0,0.0,0.0
2022-01-14 00:03:17.510664,0.0,0.0,0.0
2022-01-14 00:03:18.008707,0.0,0.0,0.0
2022-01-14 00:03:18.504757,0.0,0.0,0.0
2022-01-14 00:03:19.002915,0.0,0.0,0.0
2022-01-14 00:03:19.501626,0.0,0.0,0.0
2022-01-14 00:03:20.009956,0.0,0.0,0.0
2022-01-14 00:03:20.504256,0.0,0.0,0.0
2022-01-14 00:03:21.003748,0.0,0.0,0.0
2022-01-14 00:03:21.509789,0.0,0.0,0.0
2022-01-14 00:03:22.009069,0.0,0.0,0.0
2022-01-14 00:03:22.505300,0.0,0.0,0.0
2022-01-14 00:03:23.002562,0.0,0.0,0.0
2022-01-14 00:03:23.508239,0.0,0.0,0.0
2022-01-14 00:03:24.007667,0.0,0.0,0.0
2022-01-14 00:03:24.503313,0.0,0.0,0.0
2022-01-14 00:03:25.003037,0.0,0.0,0.0
2022-01-14 00:03:25.508999,0.0,0.0,0.0
2022-01-14 00:03:26.006939,0.0,0.0,0.0
2022-01-14 00:03:26.501305,0.0,0.0,0.0
2022-01-14 00:03:27.009967,0.0,0.0,0.0
2022-01-14 00:03:27.504596,0.0,0.0,0.0
2022-01-14 00:03:28.001620,0.0,0.0,0.0
2022-01-14 00:03:28.508701,0.0,0.0,0.0
2022-01-14 00:03:29.006006,0.0,0.0,0.0
2022-01-14 00:03:29.510093,0.0,0.0,0.0
2022-01-14 00:03:30.010503,0.0,0.0,0.0
2022-01-14 00:03:30.505342,0.0,0.0,0.0
2022-01-14 00:03:31.001993,0.0,0.0,0.0
2022-01-14 00:03:31.508275,0.0,0.0,0.0
2022-01-14 00:03:32.008798,0.0,0.0,0.0
2022-01-14 00:03:32.503947,0.0,0.0,0.0
2022-01-14 00:03:33.004396,0.0,0.0,0.0
2022-01-14 00:03:33.509174,0.0,0.0,0.0
2022-01-14 00:03:34.007762,0.0,0.0,0.0
2022-01-14 00:03:34.501404,0.0,0.0,0.0
2022-01-14 00:03:35.008581,0.0,0.0,0.0
2022-01-14 00:03:35.504031,0.0,0.0,0.0
2022-01-14 00:03:36.003271,0.0,0.0,0.0
2022-01-14 00:03:36.508202,0.0,0.0,0.0
2022-01-14 00:03:37.007155,0.0,0.0,0.0
2022-01-14 00:03:37.504819,0.0,0.0,0.0
2022-01-14 00:03:38.002229,0.0,0.0,0.0
2022-01-14 00:03:38.509123,0.0,0.0,0.0
2022-01-14 00:03:39.006634,0.0,0.0,0.0
2022-01-14 00:03:39.502564,0.0,0.0,0.0
2022-01-14 00:03:40.011069,0.0,0.0,0.0
2022-01-14 00:03:40.506221,0.0,0.0,0.0
2022-01-14 00:03:41.004600,0.0,0.0,0.0
2022-01-14 00:03:41.510242,0.0,0.0,0.0
2022-01-14 00:03:42.009543,0.0,0.0,0.0
2022-01-14 00:03:42.505139,0.0,0.0,0.0
2022-01-14 00:03:43.003516,0.0,0.0,0.0
2022-01-14 00:03:43.509834,0.0,0.0,0.0
2022-01-14 00:03:44.007458,0.0,0.0,0.0
2022-01-14 00:03:44.502414,0.0,0.0,0.0
2022-01-14 00:03:45.010534,0.0,0.0,0.0
2022-01-14 00:03:45.506056,0.0,0.0,0.0
2022-01-14 00:03:46.002784,0.0,0.0,0.0
2022-01-14 00:03:46.510947,0.0,0.0,0.0
2022-01-14 00:03:47.010138,0.0,0.0,0.0
2022-01-14 00:03:47.505664,0.0,0.0,0.0
2022-01-14 00:03:48.004827,0.0,0.0,0.0
2022-01-14 00:03:48.510713,0.0,0.0,0.0
2022-01-14 00:03:49.008704,0.0,0.0,0.0
2022-01-14 00:03:49.504552,0.0,0.0,0.0
2022-01-14 00:03:50.002812,0.0,0.0,0.0
2022-01-14 00:03:50.507468,0.0,0.0,0.0
2022-01-14 00:03:51.005860,0.0,0.0,0.0
2022-01-14 00:03:51.501566,0.0,0.0,0.0
2022-01-14 00:03:52.009346,0.0,0.0,0.0
2022-01-14 00:03:52.504927,0.0,0.0,0.0
2022-01-14 00:03:53.002987,0.0,0.0,0.0
2022-01-14 00:03:53.507756,0.0,0.0,0.0
2022-01-14 00:03:54.005332,0.0,0.0,0.0
2022-01-14 00:03:54.510344,0.0,0.0,0.0
2022-01-14 00:03:55.008476,0.0,0.0,0.0
2022-01-14 00:03:55.504342,0.0,0.0,0.0
2022-01-14 00:03:56.003368,0.0,0.0,0.0
2022-01-14 00:03:56.509138,0.0,0.0,0.0
2022-01-14 00:03:57.006501,0.0,0.0,0.0
2022-01-14 00:03:57.501606,0.0,0.0,0.0
2022-01-14 00:03:58.010091,0.0,0.0,0.0
2022-01-14 00:03:58.505717,0.0,0.0,0.0
2022-01-14 00:03:59.003358,0.0,0.0,0.0
2022-01-14 00:03:59.508448,0.0,0.0,0.0
2022-01-14 00:04:00.006585,0.0,0.0,0.0
2022-01-14 00:04:01.004640,0.0,0.0,0.0
2022-01-14 00:04:01.509184,0.0,0.0,0.0
2022-01-14 00:04:02.007131,0.0,0.0,0.0
2022-01-14 00:04:02.502184,0.0,0.0,0.0
2022-01-14 00:04:03.010166,0.0,0.0,0.0
2022-01-14 00:04:03.505680,0.0,0.0,0.0
2022-01-14 00:04:04.006150,0.0,0.0,0.0
2022-01-14 00:04:04.502328,0.0,0.0,0.0
2022-01-14 00:04:05.001193,0.0,0.0,0.0
2022-01-14 00:04:05.507684,0.0,0.0,0.0
2022-01-14 00:04:06.005806,0.0,0.0,0.0
2022-01-14 00:04:06.501479,0.0,0.0,0.0
2022-01-14 00:04:07.010021,0.0,0.0,0.0
2022-01-14 00:04:07.505352,0.0,0.0,0.0
2022-01-14 00:04:08.002702,0.0,0.0,0.0
2022-01-14 00:04:08.509434,0.0,0.0,0.0
2022-01-14 00:04:09.006885,0.0,0.0,0.0
2022-01-14 00:04:09.502160,0.0,0.0,0.0
2022-01-14 00:04:10.009914,0.0,0.0,0.0
2022-01-14 00:04:10.505418,0.0,0.0,0.0
2022-01-14 00:04:11.002859,0.0,0.0,0.0
2022-01-14 00:04:11.508607,0.0,0.0,0.0
2022-01-14 00:04:12.007107,0.0,0.0,0.0
2022-01-14 00:04:13.005262,0.0,0.0,0.0
2022-01-14 00:04:13.501357,0.0,0.0,0.0
2022-01-14 00:04:14.009137,0.0,0.0,0.0
2022-01-14 00:04:14.505604,0.0,0.0,0.0
2022-01-14 00:04:15.003423,0.0,0.0,0.0
2022-01-14 00:04:15.508492,0.0,0.0,0.0
2022-01-14 00:04:16.006662,0.0,0.0,0.0
2022-01-14 00:04:16.501335,0.0,0.0,0.0
2022-01-14 00:04:17.009484,0.0,0.0,0.0
2022-01-14 00:04:17.505663,0.0,0.0,0.0
2022-01-14 00:04:18.003669,0.0,0.0,0.0
2022-01-14 00:04:18.510533,0.0,0.0,0.0
2022-01-14 00:04:19.008965,0.0,0.0,0.0
2022-01-14 00:04:19.503933,0.0,0.0,0.0
2022-01-14 00:04:20.002582,0.0,0.0,0.0
2022-01-14 00:04:20.509064,0.0,0.0,0.0
2022-01-14 00:04:21.008600,0.0,0.0,0.0
2022-01-14 00:04:21.504867,0.0,0.0,0.0
2022-01-14 00:04:22.004043,0.0,0.0,0.0
2022-01-14 00:04:22.510140,0.0,0.0,0.0
2022-01-14 00:04:23.008056,0.0,0.0,0.0
2022-01-14 00:04:23.501771,0.0,0.0,0.0
2022-01-14 00:04:24.009595,0.0,0.0,0.0
2022-01-14 00:04:24.504777,0.0,0.0,0.0
2022-01-14 00:04:25.002866,0.0,0.0,0.0
2022-01-14 00:04:25.508584,0.0,0.0,0.0
2022-01-14 00:04:26.006935,0.0,0.0,0.0
2022-01-14 00:04:26.504346,0.0,0.0,0.0
2022-01-14 00:04:27.002222,0.0,0.0,0.0
2022-01-14 00:04:27.506738,0.0,0.0,0.0
2022-01-14 00:04:28.004624,0.0,0.0,0.0
2022-01-14 00:04:29.005233,0.0,0.0,0.0
2022-01-14 00:04:29.510850,0.0,0.0,0.0
2022-01-14 00:04:30.008690,0.0,0.0,0.0
2022-01-14 00:04:30.503063,0.0,0.0,0.0
2022-01-14 00:04:31.001554,0.0,0.0,0.0
2022-01-14 00:04:31.509052,0.0,0.0,0.0
2022-01-14 00:04:32.007131,0.0,0.0,0.0
2022-01-14 00:04:32.502305,0.0,0.0,0.0
2022-01-14 00:04:33.001755,0.0,0.0,0.0
2022-01-14 00:04:33.508188,0.0,0.0,0.0
2022-01-14 00:04:34.002191,0.0,0.0,0.0
2022-01-14 00:04:34.508491,0.0,0.0,0.0
2022-01-14 00:04:35.005575,0.0,0.0,0.0
2022-01-14 00:04:35.510745,0.0,0.0,0.0
2022-01-14 00:04:36.010658,0.0,0.0,0.0
2022-01-14 00:04:36.505548,0.0,0.0,0.0
2022-01-14 00:04:37.003630,0.0,0.0,0.0
2022-01-14 00:04:37.507935,0.0,0.0,0.0
2022-01-14 00:04:38.005975,0.0,0.0,0.0
2022-01-14 00:04:38.501146,0.0,0.0,0.0
2022-01-14 00:04:39.009602,0.0,0.0,0.0
2022-01-14 00:04:39.504067,0.0,0.0,0.0
2022-01-14 00:04:40.002740,0.0,0.0,0.0
2022-01-14 00:04:40.508319,0.0,0.0,0.0
2022-01-14 00:04:41.005123,0.0,0.0,0.0
2022-01-14 00:04:41.501369,0.0,0.0,0.0
2022-01-14 00:04:42.010429,0.0,0.0,0.0
2022-01-14 00:04:42.505815,0.0,0.0,0.0
2022-01-14 00:04:43.003637,0.0,0.0,0.0
2022-01-14 00:04:43.509144,0.0,0.0,0.0
2022-01-14 00:04:44.006687,0.0,0.0,0.0
2022-01-14 00:04:44.503006,0.0,0.0,0.0
2022-01-14 00:04:45.001591,0.0,0.0,0.0
2022-01-14 00:04:45.506060,0.0,0.0,0.0
2022-01-14 00:04:46.003313,0.0,0.0,0.0
2022-01-14 00:04:46.510116,0.0,0.0,0.0
2022-01-14 00:04:47.009392,0.0,0.0,0.0
2022-01-14 00:04:47.504402,0.0,0.0,0.0
2022-01-14 00:04:48.003329,0.0,0.0,0.0
2022-01-14 00:04:48.509928,0.0,0.0,0.0
2022-01-14 00:04:49.009195,0.0,0.0,0.0
2022-01-14 00:04:49.503867,0.0,0.0,0.0
2022-01-14 00:04:50.001504,0.0,0.0,0.0
2022-01-14 00:04:50.506952,0.0,0.0,0.0
2022-01-14 00:04:51.005073,0.0,0.0,0.0
2022-01-14 00:04:51.509785,0.0,0.0,0.0
2022-01-14 00:04:52.008034,0.0,0.0,0.0
2022-01-14 00:04:52.502749,0.0,0.0,0.0
2022-01-14 00:04:53.010955,0.0,0.0,0.0
2022-01-14 00:04:53.506119,0.0,0.0,0.0
2022-01-14 00:04:54.005101,0.0,0.0,0.0
2022-01-14 00:04:54.510690,0.0,0.0,0.0
2022-01-14 00:04:55.010060,0.0,0.0,0.0
2022-01-14 00:04:55.505562,0.0,0.0,0.0
2022-01-14 00:04:56.003248,0.0,0.0,0.0
2022-01-14 00:04:56.509624,0.0,0.0,0.0
2022-01-14 00:04:57.008611,0.0,0.0,0.0
2022-01-14 00:04:57.502872,0.0,0.0,0.0
2022-01-14 00:04:58.001580,0.0,0.0,0.0
2022-01-14 00:04:58.506473,0.0,0.0,0.0
2022-01-14 00:04:59.003867,0.0,0.0,0.0
2022-01-14 00:04:59.509666,0.0,0.0,0.0
2022-01-14 00:05:00.009483,0.0,0.0,0.0
2022-01-14 00:05:00.503535,0.0,0.0,0.0
2022-01-14 00:05:01.001882,0.0,0.0,0.0
2022-01-14 00:05:01.507730,0.0,0.0,0.0
2022-01-14 00:05:02.005090,0.0,0.0,0.0
2022-01-14 00:05:02.510148,0.0,0.0,0.0
2022-01-14 00:05:03.008322,0.0,0.0,0.0
2022-01-14 00:05:03.502412,0.0,0.0,0.0
2022-01-14 00:05:04.001124,0.0,0.0,0.0
2022-01-14 00:05:04.506159,0.0,0.0,0.0
2022-01-14 00:05:05.004092,0.0,0.0,0.0
2022-01-14 00:05:05.509099,0.0,0.0,0.0
2022-01-14 00:05:06.003777,0.0,0.0,0.0
2022-01-14 00:05:06.509785,0.0,0.0,0.0
2022-01-14 00:05:07.007830,0.0,0.0,0.0
2022-01-14 00:05:07.503350,0.0,0.0,0.0
2022-01-14 00:05:08.001544,0.0,0.0,0.0
2022-01-14 00:05:08.507102,0.0,0.0,0.0
2022-01-14 00:05:09.005745,0.0,0.0,0.0
2022-01-14 00:05:09.510861,0.0,0.0,0.0
2022-01-14 00:05:10.008286,0.0,0.0,0.0
2022-01-14 00:05:10.503721,0.0,0.0,0.0
2022-01-14 00:05:11.001132,0.0,0.0,0.0
2022-01-14 00:05:11.507435,0.0,0.0,0.0
2022-01-14 00:05:12.005589,0.0,0.0,0.0
2022-01-14 00:05:13.006055,0.0,0.0,0.0
2022-01-14 00:05:13.510330,0.0,0.0,0.0
2022-01-14 00:05:14.010981,0.0,0.0,0.0
2022-01-14 00:05:14.506193,0.0,0.0,0.0
2022-01-14 00:05:15.004601,0.0,0.0,0.0
2022-01-14 00:05:15.509669,0.0,0.0,0.0
2022-01-14 00:05:16.008036,0.0,0.0,0.0
2022-01-14 00:05:16.506731,0.0,0.0,0.0
2022-01-14 00:05:17.006336,0.0,0.0,0.0
2022-01-14 00:05:17.501340,0.0,0.0,0.0
2022-01-14 00:05:18.008408,0.0,0.0,0.0
2022-01-14 00:05:18.505133,0.0,0.0,0.0
2022-01-14 00:05:19.003548,0.0,0.0,0.0
2022-01-14 00:05:19.508579,0.0,0.0,0.0
2022-01-14 00:05:20.006930,0.0,0.0,0.0
2022-01-14 00:05:20.501656,0.0,0.0,0.0
2022-01-14 00:05:21.010887,0.0,0.0,0.0
2022-01-14 00:05:21.505957,0.0,0.0,0.0
2022-01-14 00:05:22.004472,0.0,0.0,0.0
2022-01-14 00:05:22.511082,0.0,0.0,0.0
2022-01-14 00:05:23.009306,0.0,0.0,0.0
2022-01-14 00:05:23.504333,0.0,0.0,0.0
2022-01-14 00:05:24.002492,0.0,0.0,0.0
2022-01-14 00:05:24.507863,0.0,0.0,0.0
2022-01-14 00:05:25.005343,0.0,0.0,0.0
2022-01-14 00:05:25.502864,0.0,0.0,0.0
2022-01-14 00:05:26.001300,0.0,0.0,0.0
2022-01-14 00:05:26.506321,0.0,0.0,0.0
2022-01-14 00:05:27.004701,0.0,0.0,0.0
2022-01-14 00:05:27.510194,0.0,0.0,0.0
2022-01-14 00:05:28.009048,0.0,0.0,0.0
2022-01-14 00:05:28.503453,0.0,0.0,0.0
2022-01-14 00:05:29.011137,0.0,0.0,0.0
2022-01-14 00:05:29.508279,0.0,0.0,0.0
2022-01-14 00:05:30.007773,0.0,0.0,0.0
2022-01-14 00:05:30.501941,0.0,0.0,0.0
2022-01-14 00:05:31.001169,0.0,0.0,0.0
2022-01-14 00:05:31.507445,0.0,0.0,0.0
2022-01-14 00:05:32.006224,0.0,0.0,0.0
2022-01-14 00:05:32.501194,0.0,0.0,0.0
2022-01-14 00:05:33.010115,0.0,0.0,0.0
2022-01-14 00:05:33.505091,0.0,0.0,0.0
2022-01-14 00:05:34.005065,0.0,0.0,0.0
2022-01-14 00:05:34.510673,0.0,0.0,0.0
2022-01-14 00:05:35.007227,0.0,0.0,0.0
2022-01-14 00:05:35.502209,0.0,0.0,0.0
2022-01-14 00:05:36.002010,0.0,0.0,0.0
2022-01-14 00:05:36.508019,0.0,0.0,0.0
2022-01-14 00:05:37.006437,0.0,0.0,0.0
2022-01-14 00:05:37.501544,0.0,0.0,0.0
2022-01-14 00:05:38.008874,0.0,0.0,0.0
2022-01-14 00:05:38.504960,0.0,0.0,0.0
2022-01-14 00:05:39.003219,0.0,0.0,0.0
2022-01-14 00:05:39.509699,0.0,0.0,0.0
2022-01-14 00:05:40.008737,0.0,0.0,0.0
2022-01-14 00:05:40.504342,0.0,0.0,0.0
2022-01-14 00:05:41.003161,0.0,0.0,0.0
2022-01-14 00:05:41.508654,0.0,0.0,0.0
2022-01-14 00:05:42.006385,0.0,0.0,0.0
2022-01-14 00:05:42.502227,0.0,0.0,0.0
2022-01-14 00:05:43.002897,0.0,0.0,0.0
2022-01-14 00:05:43.507784,0.0,0.0,0.0
2022-01-14 00:05:44.006043,0.0,0.0,0.0
2022-01-14 00:05:44.501635,0.0,0.0,0.0
2022-01-14 00:05:45.009364,0.0,0.0,0.0
2022-01-14 00:05:45.504280,0.0,0.0,0.0
2022-01-14 00:05:46.002792,0.0,0.0,0.0
2022-01-14 00:05:46.506790,0.0,0.0,0.0
2022-01-14 00:05:47.003386,0.0,0.0,0.0
2022-01-14 00:05:47.500944,0.0,0.0,0.0
2022-01-14 00:05:48.008883,0.0,0.0,0.0
2022-01-14 00:05:48.505286,0.0,0.0,0.0
2022-01-14 00:05:49.002388,0.0,0.0,0.0
2022-01-14 00:05:49.507223,0.0,0.0,0.0
2022-01-14 00:05:50.005056,0.0,0.0,0.0
2022-01-14 00:05:50.509882,0.0,0.0,0.0
2022-01-14 00:05:51.008357,0.0,0.0,0.0
2022-01-14 00:05:51.504203,0.0,0.0,0.0
2022-01-14 00:05:52.002797,0.0,0.0,0.0
2022-01-14 00:05:52.510905,0.0,0.0,0.0
2022-01-14 00:05:53.010458,0.0,0.0,0.0
2022-01-14 00:05:53.505260,0.0,0.0,0.0
2022-01-14 00:05:54.003159,0.0,0.0,0.0
2022-01-14 00:05:54.508558,0.0,0.0,0.0
2022-01-14 00:05:55.007257,0.0,0.0,0.0
2022-01-14 00:05:55.503100,0.0,0.0,0.0
2022-01-14 00:05:56.009940,0.0,0.0,0.0
2022-01-14 00:05:56.507430,0.0,0.0,0.0
2022-01-14 00:05:57.005898,0.0,0.0,0.0
2022-01-14 00:05:57.501682,0.0,0.0,0.0
2022-01-14 00:05:58.008473,0.0,0.0,0.0
2022-01-14 00:05:58.505193,0.0,0.0,0.0
2022-01-14 00:05:59.002585,0.0,0.0,0.0
2022-01-14 00:05:59.507406,0.0,0.0,0.0
2022-01-14 00:06:00.004456,0.0,0.0,0.0
2022-01-14 00:06:00.510696,0.0,0.0,0.0
2022-01-14 00:06:01.008624,0.0,0.0,0.0
2022-01-14 00:06:01.503869,0.0,0.0,0.0
2022-01-14 00:06:02.001789,0.0,0.0,0.0
2022-01-14 00:06:02.505461,0.0,0.0,0.0
2022-01-14 00:06:03.004279,0.0,0.0,0.0
2022-01-14 00:06:03.510317,0.0,0.0,0.0
2022-01-14 00:06:04.009259,0.0,0.0,0.0
2022-01-14 00:06:04.505372,0.0,0.0,0.0
2022-01-14 00:06:05.004756,0.0,0.0,0.0
2022-01-14 00:06:05.509240,0.0,0.0,0.0
2022-01-14 00:06:06.006068,0.0,0.0,0.0
2022-01-14 00:06:06.501998,0.0,0.0,0.0
2022-01-14 00:06:07.010493,0.0,0.0,0.0
2022-01-14 00:06:07.505049,0.0,0.0,0.0
2022-01-14 00:06:08.003265,0.0,0.0,0.0
2022-01-14 00:06:08.508252,0.0,0.0,0.0
2022-01-14 00:06:09.006970,0.0,0.0,0.0
2022-01-14 00:06:09.501822,0.0,0.0,0.0
2022-01-14 00:06:10.009758,0.0,0.0,0.0
2022-01-14 00:06:10.503569,0.0,0.0,0.0
2022-01-14 00:06:11.002085,0.0,0.0,0.0
2022-01-14 00:06:11.506557,0.0,0.0,0.0
2022-01-14 00:06:12.005369,0.0,0.0,0.0
2022-01-14 00:06:12.501549,0.0,0.0,0.0
2022-01-14 00:06:13.008855,0.0,0.0,0.0
2022-01-14 00:06:13.508012,0.0,0.0,0.0
2022-01-14 00:06:14.005051,0.0,0.0,0.0
2022-01-14 00:06:14.510791,0.0,0.0,0.0
2022-01-14 00:06:15.008522,0.0,0.0,0.0
2022-01-14 00:06:15.504960,0.0,0.0,0.0
2022-01-14 00:06:16.002591,0.0,0.0,0.0
2022-01-14 00:06:16.507155,0.0,0.0,0.0
2022-01-14 00:06:17.005354,0.0,0.0,0.0
2022-01-14 00:06:18.005637,0.0,0.0,0.0
2022-01-14 00:06:18.502892,0.0,0.0,0.0
2022-01-14 00:06:19.002322,0.0,0.0,0.0
2022-01-14 00:06:19.506943,0.0,0.0,0.0
2022-01-14 00:06:20.005788,0.0,0.0,0.0
2022-01-14 00:06:20.511002,0.0,0.0,0.0
2022-01-14 00:06:21.009550,0.0,0.0,0.0
2022-01-14 00:06:21.505359,0.0,0.0,0.0
2022-01-14 00:06:22.003855,0.0,0.0,0.0
2022-01-14 00:06:22.510006,0.0,0.0,0.0
2022-01-14 00:06:23.010155,0.0,0.0,0.0
2022-01-14 00:06:23.506460,0.0,0.0,0.0
2022-01-14 00:06:24.004760,0.0,0.0,0.0
2022-01-14 00:06:24.501097,0.0,0.0,0.0
2022-01-14 00:06:25.009468,0.0,0.0,0.0
2022-01-14 00:06:25.504218,0.0,0.0,0.0
2022-01-14 00:06:26.002007,0.0,0.0,0.0
2022-01-14 00:06:26.507385,0.0,0.0,0.0
2022-01-14 00:06:27.003927,0.0,0.0,0.0
2022-01-14 00:06:27.510126,0.0,0.0,0.0
2022-01-14 00:06:28.007920,0.0,0.0,0.0
2022-01-14 00:06:28.503373,0.0,0.0,0.0
2022-01-14 00:06:29.002089,0.0,0.0,0.0
2022-01-14 00:06:29.506400,0.0,0.0,0.0
2022-01-14 00:06:30.005608,0.0,0.0,0.0
2022-01-14 00:06:30.511257,0.0,0.0,0.0
2022-01-14 00:06:31.008644,0.0,0.0,0.0
2022-01-14 00:06:31.504284,0.0,0.0,0.0
2022-01-14 00:06:32.004345,0.0,0.0,0.0
2022-01-14 00:06:32.509366,0.0,0.0,0.0
2022-01-14 00:06:33.006732,0.0,0.0,0.0
2022-01-14 00:06:33.502071,0.0,0.0,0.0
2022-01-14 00:06:34.009675,0.0,0.0,0.0
2022-01-14 00:06:34.504537,0.0,0.0,0.0
2022-01-14 00:06:35.001816,0.0,0.0,0.0
2022-01-14 00:06:35.507956,0.0,0.0,0.0
2022-01-14 00:06:36.005879,0.0,0.0,0.0
2022-01-14 00:06:36.502386,0.0,0.0,0.0
2022-01-14 00:06:37.002048,0.0,0.0,0.0
2022-01-14 00:06:37.506187,0.0,0.0,0.0
2022-01-14 00:06:38.003964,0.0,0.0,0.0
2022-01-14 00:06:38.508573,0.0,0.0,0.0
2022-01-14 00:06:39.007013,0.0,0.0,0.0
2022-01-14 00:06:39.503804,0.0,0.0,0.0
2022-01-14 00:06:40.505709,0.0,0.0,0.0
2022-01-14 00:06:41.004792,0.0,0.0,0.0
2022-01-14 00:06:41.501272,0.0,0.0,0.0
2022-01-14 00:06:42.008950,0.0,0.0,0.0
2022-01-14 00:06:42.502969,0.0,0.0,0.0
2022-01-14 00:06:43.002402,0.0,0.0,0.0
2022-01-14 00:06:43.507187,0.0,0.0,0.0
2022-01-14 00:06:44.005038,0.0,0.0,0.0
2022-01-14 00:06:44.510772,0.0,0.0,0.0
2022-01-14 00:06:45.008003,0.0,0.0,0.0
2022-01-14 00:06:45.504642,0.0,0.0,0.0
2022-01-14 00:06:46.003735,0.0,0.0,0.0
2022-01-14 00:06:46.508682,0.0,0.0,0.0
2022-01-14 00:06:47.006372,0.0,0.0,0.0
2022-01-14 00:06:47.502362,0.0,0.0,0.0
2022-01-14 00:06:48.010092,0.0,0.0,0.0
2022-01-14 00:06:48.504276,0.0,0.0,0.0
2022-01-14 00:06:49.002620,0.0,0.0,0.0
2022-01-14 00:06:49.508132,0.0,0.0,0.0
2022-01-14 00:06:50.006340,0.0,0.0,0.0
2022-01-14 00:06:50.503646,0.0,0.0,0.0
2022-01-14 00:06:51.001151,0.0,0.0,0.0
2022-01-14 00:06:51.507489,0.0,0.0,0.0
2022-01-14 00:06:52.005534,0.0,0.0,0.0
2022-01-14 00:06:52.510138,0.0,0.0,0.0
2022-01-14 00:06:53.009915,0.0,0.0,0.0
2022-01-14 00:06:53.503523,0.0,0.0,0.0
2022-01-14 00:06:54.011247,0.0,0.0,0.0
2022-01-14 00:06:54.506085,0.0,0.0,0.0
2022-01-14 00:06:55.005531,0.0,0.0,0.0
2022-01-14 00:06:55.501735,0.0,0.0,0.0
2022-01-14 00:06:56.010110,0.0,0.0,0.0
2022-01-14 00:06:56.506240,0.0,0.0,0.0
2022-01-14 00:06:57.004147,0.0,0.0,0.0
2022-01-14 00:06:57.508762,0.0,0.0,0.0
2022-01-14 00:06:58.006115,0.0,0.0,0.0
2022-01-14 00:06:58.510031,0.0,0.0,0.0
2022-01-14 00:06:59.007863,0.0,0.0,0.0
2022-01-14 00:06:59.503329,0.0,0.0,0.0
2022-01-14 00:07:00.002364,0.0,0.0,0.0
2022-01-14 00:07:00.507295,0.0,0.0,0.0
2022-01-14 00:07:01.005091,0.0,0.0,0.0
2022-01-14 00:07:01.509717,0.0,0.0,0.0
2022-01-14 00:07:02.008027,0.0,0.0,0.0
2022-01-14 00:07:02.502577,0.0,0.0,0.0
2022-01-14 00:07:03.010729,0.0,0.0,0.0
2022-01-14 00:07:03.507189,0.0,0.0,0.0
2022-01-14 00:07:04.006178,0.0,0.0,0.0
2022-01-14 00:07:04.501538,0.0,0.0,0.0
2022-01-14 00:07:05.010029,0.0,0.0,0.0
2022-01-14 00:07:05.503315,0.0,0.0,0.0
2022-01-14 00:07:06.001946,0.0,0.0,0.0
2022-01-14 00:07:06.507021,0.0,0.0,0.0
2022-01-14 00:07:07.005093,0.0,0.0,0.0
2022-01-14 00:07:07.501121,0.0,0.0,0.0
2022-01-14 00:07:08.008016,0.0,0.0,0.0
2022-01-14 00:07:08.501887,0.0,0.0,0.0
2022-01-14 00:07:09.010266,0.0,0.0,0.0
2022-01-14 00:07:09.505237,0.0,0.0,0.0
2022-01-14 00:07:10.002678,0.0,0.0,0.0
2022-01-14 00:07:10.507557,0.0,0.0,0.0
2022-01-14 00:07:11.004733,0.0,0.0,0.0
2022-01-14 00:07:11.509521,0.0,0.0,0.0
2022-01-14 00:07:12.007900,0.0,0.0,0.0
2022-01-14 00:07:12.502856,0.0,0.0,0.0
2022-01-14 00:07:13.003242,0.0,0.0,0.0
2022-01-14 00:07:13.505168,0.0,0.0,0.0
2022-01-14 00:07:14.002840,0.0,0.0,0.0
2022-01-14 00:07:14.509564,0.0,0.0,0.0
2022-01-14 00:07:15.008441,0.0,0.0,0.0
2022-01-14 00:07:15.504252,0.0,0.0,0.0
2022-01-14 00:07:16.002023,0.0,0.0,0.0
2022-01-14 00:07:16.509511,0.0,0.0,0.0
2022-01-14 00:07:17.005975,0.0,0.0,0.0
2022-01-14 00:07:17.501131,0.0,0.0,0.0
2022-01-14 00:07:18.009523,0.0,0.0,0.0
2022-01-14 00:07:18.504915,0.0,0.0,0.0
2022-01-14 00:07:19.003430,0.0,0.0,0.0
2022-01-14 00:07:19.509082,0.0,0.0,0.0
2022-01-14 00:07:20.005682,0.0,0.0,0.0
2022-01-14 00:07:20.511060,0.0,0.0,0.0
2022-01-14 00:07:21.010865,0.0,0.0,0.0
2022-01-14 00:07:21.507350,0.0,0.0,0.0
2022-01-14 00:07:22.005614,0.0,0.0,0.0
2022-01-14 00:07:22.509579,0.0,0.0,0.0
2022-01-14 00:07:23.007374,0.0,0.0,0.0
2022-01-14 00:07:23.502721,0.0,0.0,0.0
2022-01-14 00:07:24.001955,0.0,0.0,0.0
2022-01-14 00:07:24.506218,0.0,0.0,0.0
2022-01-14 00:07:25.003815,0.0,0.0,0.0
2022-01-14 00:07:25.501093,0.0,0.0,0.0
2022-01-14 00:07:26.010145,0.0,0.0,0.0
2022-01-14 00:07:26.503881,0.0,0.0,0.0
2022-01-14 00:07:27.002180,0.0,0.0,0.0
2022-01-14 00:07:27.507695,0.0,0.0,0.0
2022-01-14 00:07:28.005751,0.0,0.0,0.0
2022-01-14 00:07:28.502125,0.0,0.0,0.0
2022-01-14 00:07:29.002758,0.0,0.0,0.0
2022-01-14 00:07:29.506687,0.0,0.0,0.0
2022-01-14 00:07:30.007273,0.0,0.0,0.0
2022-01-14 00:07:30.503442,0.0,0.0,0.0
2022-01-14 00:07:31.002076,0.0,0.0,0.0
2022-01-14 00:07:31.506770,0.0,0.0,0.0
2022-01-14 00:07:32.005567,0.0,0.0,0.0
2022-01-14 00:07:32.501206,0.0,0.0,0.0
2022-01-14 00:07:33.009953,0.0,0.0,0.0
2022-01-14 00:07:33.503864,0.0,0.0,0.0
2022-01-14 00:07:34.001117,0.0,0.0,0.0
2022-01-14 00:07:34.506239,0.0,0.0,0.0
2022-01-14 00:07:35.004813,0.0,0.0,0.0
2022-01-14 00:07:35.509224,0.0,0.0,0.0
2022-01-14 00:07:36.007263,0.0,0.0,0.0
2022-01-14 00:07:36.501580,0.0,0.0,0.0
2022-01-14 00:07:37.010684,0.0,0.0,0.0
2022-01-14 00:07:37.505687,0.0,0.0,0.0
2022-01-14 00:07:38.004005,0.0,0.0,0.0
2022-01-14 00:07:38.508505,0.0,0.0,0.0
2022-01-14 00:07:39.008046,0.0,0.0,0.0
2022-01-14 00:07:39.501424,0.0,0.0,0.0
2022-01-14 00:07:40.008566,0.0,0.0,0.0
2022-01-14 00:07:40.503045,0.0,0.0,0.0
2022-01-14 00:07:41.002114,0.0,0.0,0.0
2022-01-14 00:07:41.507815,0.0,0.0,0.0
2022-01-14 00:07:42.005592,0.0,0.0,0.0
2022-01-14 00:07:42.511202,0.0,0.0,0.0
2022-01-14 00:07:43.009718,0.0,0.0,0.0
2022-01-14 00:07:43.506701,0.0,0.0,0.0
2022-01-14 00:07:44.005526,0.0,0.0,0.0
2022-01-14 00:07:44.510361,0.0,0.0,0.0
2022-01-14 00:07:45.009889,0.0,0.0,0.0
2022-01-14 00:07:45.506583,0.0,0.0,0.0
2022-01-14 00:07:46.005273,0.0,0.0,0.0
2022-01-14 00:07:47.005564,0.0,0.0,0.0
2022-01-14 00:07:47.510130,0.0,0.0,0.0
2022-01-14 00:07:48.008017,0.0,0.0,0.0
2022-01-14 00:07:48.504497,0.0,0.0,0.0
2022-01-14 00:07:49.002356,0.0,0.0,0.0
2022-01-14 00:07:49.507659,0.0,0.0,0.0
2022-01-14 00:07:50.005510,0.0,0.0,0.0
2022-01-14 00:07:50.510741,0.0,0.0,0.0
2022-01-14 00:07:51.010125,0.0,0.0,0.0
2022-01-14 00:07:51.505116,0.0,0.0,0.0
2022-01-14 00:07:52.004514,0.0,0.0,0.0
2022-01-14 00:07:52.502382,0.0,0.0,0.0
2022-01-14 00:07:53.011226,0.0,0.0,0.0
2022-01-14 00:07:53.506592,0.0,0.0,0.0
2022-01-14 00:07:54.004678,0.0,0.0,0.0
2022-01-14 00:07:54.511112,0.0,0.0,0.0
2022-01-14 00:07:55.008856,0.0,0.0,0.0
2022-01-14 00:07:55.503331,0.0,0.0,0.0
2022-01-14 00:07:56.001152,0.0,0.0,0.0
2022-01-14 00:07:56.505409,0.0,0.0,0.0
2022-01-14 00:07:57.003108,0.0,0.0,0.0
2022-01-14 00:07:57.509813,0.0,0.0,0.0
2022-01-14 00:07:58.006830,0.0,0.0,0.0
2022-01-14 00:07:58.501960,0.0,0.0,0.0
2022-01-14 00:07:59.009912,0.0,0.0,0.0
2022-01-14 00:07:59.505718,0.0,0.0,0.0
2022-01-14 00:08:00.003577,0.0,0.0,0.0
2022-01-14 00:08:00.509275,0.0,0.0,0.0
2022-01-14 00:08:01.009096,0.0,0.0,0.0
2022-01-14 00:08:01.504894,0.0,0.0,0.0
2022-01-14 00:08:02.003301,0.0,0.0,0.0
2022-01-14 00:08:02.507378,0.0,0.0,0.0
2022-01-14 00:08:03.005995,0.0,0.0,0.0
2022-01-14 00:08:03.511129,0.0,0.0,0.0
2022-01-14 00:08:04.009753,0.0,0.0,0.0
2022-01-14 00:08:04.505069,0.0,0.0,0.0
2022-01-14 00:08:05.002391,0.0,0.0,0.0
2022-01-14 00:08:05.509710,0.0,0.0,0.0
2022-01-14 00:08:06.007961,0.0,0.0,0.0
2022-01-14 00:08:06.504008,0.0,0.0,0.0
2022-01-14 00:08:07.001374,0.0,0.0,0.0
2022-01-14 00:08:07.506884,0.0,0.0,0.0
2022-01-14 00:08:08.005708,0.0,0.0,0.0
2022-01-14 00:08:08.509563,0.0,0.0,0.0
2022-01-14 00:08:09.007750,0.0,0.0,0.0
2022-01-14 00:08:09.503161,0.0,0.0,0.0
2022-01-14 00:08:10.002387,0.0,0.0,0.0
2022-01-14 00:08:10.509376,0.0,0.0,0.0
2022-01-14 00:08:11.003322,0.0,0.0,0.0
2022-01-14 00:08:11.509720,0.0,0.0,0.0
2022-01-14 00:08:12.008578,0.0,0.0,0.0
2022-01-14 00:08:12.505132,0.0,0.0,0.0
2022-01-14 00:08:13.001996,0.0,0.0,0.0
2022-01-14 00:08:13.509184,0.0,0.0,0.0
2022-01-14 00:08:14.006826,0.0,0.0,0.0
2022-01-14 00:08:14.503306,0.0,0.0,0.0
2022-01-14 00:08:15.010108,0.0,0.0,0.0
2022-01-14 00:08:15.505057,0.0,0.0,0.0
2022-01-14 00:08:16.002648,0.0,0.0,0.0
2022-01-14 00:08:16.507995,0.0,0.0,0.0
2022-01-14 00:08:17.005965,0.0,0.0,0.0
2022-01-14 00:08:17.501409,0.0,0.0,0.0
2022-01-14 00:08:18.009678,0.0,0.0,0.0
2022-01-14 00:08:18.504928,0.0,0.0,0.0
2022-01-14 00:08:19.003698,0.0,0.0,0.0
2022-01-14 00:08:19.509783,0.0,0.0,0.0
2022-01-14 00:08:20.009181,0.0,0.0,0.0
2022-01-14 00:08:20.502170,0.0,0.0,0.0
2022-01-14 00:08:21.010593,0.0,0.0,0.0
2022-01-14 00:08:21.507911,0.0,0.0,0.0
2022-01-14 00:08:22.005537,0.0,0.0,0.0
2022-01-14 00:08:22.501931,0.0,0.0,0.0
2022-01-14 00:08:23.009598,0.0,0.0,0.0
2022-01-14 00:08:23.508285,0.0,0.0,0.0
2022-01-14 00:08:24.007096,0.0,0.0,0.0
2022-01-14 00:08:24.510771,0.0,0.0,0.0
2022-01-14 00:08:25.008443,0.0,0.0,0.0
2022-01-14 00:08:25.503279,0.0,0.0,0.0
2022-01-14 00:08:26.002194,0.0,0.0,0.0
2022-01-14 00:08:26.507555,0.0,0.0,0.0
2022-01-14 00:08:27.005312,0.0,0.0,0.0
2022-01-14 00:08:27.501772,0.0,0.0,0.0
2022-01-14 00:08:28.009989,0.0,0.0,0.0
2022-01-14 00:08:28.505274,0.0,0.0,0.0
2022-01-14 00:08:29.003611,0.0,0.0,0.0
2022-01-14 00:08:29.508703,0.0,0.0,0.0
2022-01-14 00:08:30.006829,0.0,0.0,0.0
2022-01-14 00:08:30.502767,0.0,0.0,0.0
2022-01-14 00:08:31.002170,0.0,0.0,0.0
2022-01-14 00:08:31.506913,0.0,0.0,0.0
2022-01-14 00:08:32.006072,0.0,0.0,0.0
2022-01-14 00:08:32.501459,0.0,0.0,0.0
2022-01-14 00:08:33.009257,0.0,0.0,0.0
2022-01-14 00:08:33.504598,0.0,0.0,0.0
2022-01-14 00:08:34.002195,0.0,0.0,0.0
2022-01-14 00:08:34.506178,0.0,0.0,0.0
2022-01-14 00:08:35.005251,0.0,0.0,0.0
2022-01-14 00:08:36.004924,0.0,0.0,0.0
2022-01-14 00:08:36.502201,0.0,0.0,0.0
2022-01-14 00:08:37.010679,0.0,0.0,0.0
2022-01-14 00:08:37.506563,0.0,0.0,0.0
2022-01-14 00:08:38.004201,0.0,0.0,0.0
2022-01-14 00:08:38.507239,0.0,0.0,0.0
2022-01-14 00:08:39.005871,0.0,0.0,0.0
2022-01-14 00:08:39.501505,0.0,0.0,0.0
2022-01-14 00:08:40.009739,0.0,0.0,0.0
2022-01-14 00:08:40.504950,0.0,0.0,0.0
2022-01-14 00:08:41.002800,0.0,0.0,0.0
2022-01-14 00:08:41.509072,0.0,0.0,0.0
2022-01-14 00:08:42.006602,0.0,0.0,0.0
2022-01-14 00:08:42.511248,0.0,0.0,0.0
2022-01-14 00:08:43.008422,0.0,0.0,0.0
2022-01-14 00:08:43.503461,0.0,0.0,0.0
2022-01-14 00:08:44.003018,0.0,0.0,0.0
2022-01-14 00:08:44.508688,0.0,0.0,0.0
2022-01-14 00:08:45.006947,0.0,0.0,0.0
2022-01-14 00:08:45.501537,0.0,0.0,0.0
2022-01-14 00:08:46.009972,0.0,0.0,0.0
2022-01-14 00:08:46.507021,0.0,0.0,0.0
2022-01-14 00:08:47.005370,0.0,0.0,0.0
2022-01-14 00:08:47.501183,0.0,0.0,0.0
2022-01-14 00:08:48.010191,0.0,0.0,0.0
2022-01-14 00:08:48.506139,0.0,0.0,0.0
2022-01-14 00:08:49.004259,0.0,0.0,0.0
2022-01-14 00:08:49.510764,0.0,0.0,0.0
2022-01-14 00:08:50.008319,0.0,0.0,0.0
2022-01-14 00:08:50.505775,0.0,0.0,0.0
2022-01-14 00:08:51.005527,0.0,0.0,0.0
2022-01-14 00:08:51.502203,0.0,0.0,0.0
2022-01-14 00:08:52.010058,0.0,0.0,0.0
2022-01-14 00:08:52.504543,0.0,0.0,0.0
2022-01-14 00:08:53.002736,0.0,0.0,0.0
2022-01-14 00:08:53.508242,0.0,0.0,0.0
2022-01-14 00:08:54.007126,0.0,0.0,0.0
2022-01-14 00:08:55.005232,0.0,0.0,0.0
2022-01-14 00:08:55.501112,0.0,0.0,0.0
2022-01-14 00:08:56.010289,0.0,0.0,0.0
2022-01-14 00:08:56.503315,0.0,0.0,0.0
2022-01-14 00:08:57.003588,0.0,0.0,0.0
2022-01-14 00:08:57.508977,0.0,0.0,0.0
2022-01-14 00:08:58.007972,0.0,0.0,0.0
2022-01-14 00:08:58.504302,0.0,0.0,0.0
2022-01-14 00:08:59.001813,0.0,0.0,0.0
2022-01-14 00:08:59.508790,0.0,0.0,0.0
2022-01-14 00:09:00.009129,0.0,0.0,0.0
2022-01-14 00:09:00.503598,0.0,0.0,0.0
2022-01-14 00:09:01.001374,0.0,0.0,0.0
2022-01-14 00:09:01.506838,0.0,0.0,0.0
2022-01-14 00:09:02.004120,0.0,0.0,0.0
2022-01-14 00:09:02.509590,0.0,0.0,0.0
2022-01-14 00:09:03.008255,0.0,0.0,0.0
2022-01-14 00:09:03.503788,0.0,0.0,0.0
2022-01-14 00:09:04.003874,0.0,0.0,0.0
2022-01-14 00:09:04.509254,0.0,0.0,0.0
2022-01-14 00:09:05.007252,0.0,0.0,0.0
2022-01-14 00:09:05.502416,0.0,0.0,0.0
2022-01-14 00:09:06.001394,0.0,0.0,0.0
2022-01-14 00:09:06.505597,0.0,0.0,0.0
2022-01-14 00:09:07.003795,0.0,0.0,0.0
2022-01-14 00:09:07.508689,0.0,0.0,0.0
2022-01-14 00:09:08.009594,0.0,0.0,0.0
2022-01-14 00:09:08.506374,0.0,0.0,0.0
2022-01-14 00:09:09.004861,0.0,0.0,0.0
2022-01-14 00:09:09.510364,0.0,0.0,0.0
2022-01-14 00:09:10.007733,0.0,0.0,0.0
2022-01-14 00:09:10.503997,0.0,0.0,0.0
2022-01-14 00:09:11.001634,0.0,0.0,0.0
2022-01-14 00:09:11.507302,0.0,0.0,0.0
2022-01-14 00:09:12.004174,0.0,0.0,0.0
2022-01-14 00:09:12.509478,0.0,0.0,0.0
2022-01-14 00:09:13.009017,0.0,0.0,0.0
2022-01-14 00:09:13.502252,0.0,0.0,0.0
2022-01-14 00:09:14.011170,0.0,0.0,0.0
2022-01-14 00:09:14.505619,0.0,0.0,0.0
2022-01-14 00:09:15.003402,0.0,0.0,0.0
2022-01-14 00:09:15.508714,0.0,0.0,0.0
2022-01-14 00:09:16.006614,0.0,0.0,0.0
2022-01-14 00:09:16.503467,0.0,0.0,0.0
2022-01-14 00:09:17.001409,0.0,0.0,0.0
2022-01-14 00:09:17.507142,0.0,0.0,0.0
2022-01-14 00:09:18.004495,0.0,0.0,0.0
2022-01-14 00:09:18.510564,0.0,0.0,0.0
2022-01-14 00:09:19.008628,0.0,0.0,0.0
2022-01-14 00:09:19.504576,0.0,0.0,0.0
2022-01-14 00:09:20.002707,0.0,0.0,0.0
2022-01-14 00:09:20.508762,0.0,0.0,0.0
2022-01-14 00:09:21.007030,0.0,0.0,0.0
2022-01-14 00:09:21.501381,0.0,0.0,0.0
2022-01-14 00:09:22.008603,0.0,0.0,0.0
2022-01-14 00:09:22.503333,0.0,0.0,0.0
2022-01-14 00:09:23.001976,0.0,0.0,0.0
2022-01-14 00:09:23.507946,0.0,0.0,0.0
2022-01-14 00:09:24.006279,0.0,0.0,0.0
2022-01-14 00:09:24.501701,0.0,0.0,0.0
2022-01-14 00:09:25.009300,0.0,0.0,0.0
2022-01-14 00:09:25.505284,0.0,0.0,0.0
2022-01-14 00:09:26.002903,0.0,0.0,0.0
2022-01-14 00:09:26.511177,0.0,0.0,0.0
2022-01-14 00:09:27.009642,0.0,0.0,0.0
2022-01-14 00:09:27.504484,0.0,0.0,0.0
2022-01-14 00:09:28.001384,0.0,0.0,0.0
2022-01-14 00:09:28.506164,0.0,0.0,0.0
2022-01-14 00:09:29.005432,0.0,0.0,0.0
2022-01-14 00:09:29.510022,0.0,0.0,0.0
2022-01-14 00:09:30.009131,0.0,0.0,0.0
2022-01-14 00:09:30.503915,0.0,0.0,0.0
2022-01-14 00:09:31.002591,0.0,0.0,0.0
2022-01-14 00:09:31.507972,0.0,0.0,0.0
2022-01-14 00:09:32.006053,0.0,0.0,0.0
2022-01-14 00:09:32.501344,0.0,0.0,0.0
2022-01-14 00:09:33.009725,0.0,0.0,0.0
2022-01-14 00:09:33.504561,0.0,0.0,0.0
2022-01-14 00:09:34.001447,0.0,0.0,0.0
2022-01-14 00:09:34.507258,0.0,0.0,0.0
2022-01-14 00:09:35.005648,0.0,0.0,0.0
2022-01-14 00:09:35.501277,0.0,0.0,0.0
2022-01-14 00:09:36.008795,0.0,0.0,0.0
2022-01-14 00:09:36.503215,0.0,0.0,0.0
2022-01-14 00:09:37.002458,0.0,0.0,0.0
2022-01-14 00:09:37.508699,0.0,0.0,0.0
2022-01-14 00:09:38.008101,0.0,0.0,0.0
2022-01-14 00:09:38.502286,0.0,0.0,0.0
2022-01-14 00:09:39.010789,0.0,0.0,0.0
2022-01-14 00:09:39.506213,0.0,0.0,0.0
2022-01-14 00:09:40.005087,0.0,0.0,0.0
2022-01-14 00:09:40.510043,0.0,0.0,0.0
2022-01-14 00:09:41.008409,0.0,0.0,0.0
2022-01-14 00:09:41.503517,0.0,0.0,0.0
2022-01-14 00:09:42.001103,0.0,0.0,0.0
2022-01-14 00:09:42.505941,0.0,0.0,0.0
2022-01-14 00:09:43.004841,0.0,0.0,0.0
2022-01-14 00:09:43.510133,0.0,0.0,0.0
2022-01-14 00:09:44.009841,0.0,0.0,0.0
2022-01-14 00:09:44.505209,0.0,0.0,0.0
2022-01-14 00:09:45.003509,0.0,0.0,0.0
2022-01-14 00:09:45.507883,0.0,0.0,0.0
2022-01-14 00:09:46.006202,0.0,0.0,0.0
2022-01-14 00:09:46.501136,0.0,0.0,0.0
2022-01-14 00:09:47.010110,0.0,0.0,0.0
2022-01-14 00:09:47.505600,0.0,0.0,0.0
2022-01-14 00:09:48.003243,0.0,0.0,0.0
2022-01-14 00:09:48.510790,0.0,0.0,0.0
2022-01-14 00:09:49.008884,0.0,0.0,0.0
2022-01-14 00:09:49.504079,0.0,0.0,0.0
2022-01-14 00:09:50.002642,0.0,0.0,0.0
2022-01-14 00:09:50.506391,0.0,0.0,0.0
2022-01-14 00:09:51.003133,0.0,0.0,0.0
2022-01-14 00:09:51.507967,0.0,0.0,0.0
2022-01-14 00:09:52.004765,0.0,0.0,0.0
2022-01-14 00:09:52.510967,0.0,0.0,0.0
2022-01-14 00:09:53.011128,0.0,0.0,0.0
2022-01-14 00:09:53.508448,0.0,0.0,0.0
2022-01-14 00:09:54.005959,0.0,0.0,0.0
2022-01-14 00:09:54.502334,0.0,0.0,0.0
2022-01-14 00:09:55.009863,0.0,0.0,0.0
2022-01-14 00:09:55.505149,0.0,0.0,0.0
2022-01-14 00:09:56.003895,0.0,0.0,0.0
2022-01-14 00:09:56.508504,0.0,0.0,0.0
2022-01-14 00:09:57.005820,0.0,0.0,0.0
2022-01-14 00:09:57.502373,0.0,0.0,0.0
2022-01-14 00:09:58.009280,0.0,0.0,0.0
2022-01-14 00:09:58.503353,0.0,0.0,0.0
2022-01-14 00:09:59.001237,0.0,0.0,0.0
2022-01-14 00:09:59.505616,0.0,0.0,0.0
2022-01-14 00:10:00.002074,0.0,0.0,0.0
2022-01-14 00:10:00.506937,0.0,0.0,0.0
2022-01-14 00:10:01.005554,0.0,0.0,0.0
2022-01-14 00:10:01.502171,0.0,0.0,0.0
2022-01-14 00:10:02.010096,0.0,0.0,0.0
2022-01-14 00:10:02.504208,0.0,0.0,0.0
2022-01-14 00:10:03.001899,0.0,0.0,0.0
2022-01-14 00:10:03.506932,0.0,0.0,0.0
2022-01-14 00:10:04.006326,0.0,0.0,0.0
2022-01-14 00:10:04.502319,0.0,0.0,0.0
2022-01-14 00:10:05.011100,0.0,0.0,0.0
2022-01-14 00:10:05.507777,0.0,0.0,0.0
2022-01-14 00:10:06.007116,0.0,0.0,0.0
2022-01-14 00:10:06.502566,0.0,0.0,0.0
2022-01-14 00:10:07.002421,0.0,0.0,0.0
2022-01-14 00:10:07.507431,0.0,0.0,0.0
2022-01-14 00:10:08.004629,0.0,0.0,0.0
2022-01-14 00:10:08.510222,0.0,0.0,0.0
2022-01-14 00:10:09.008614,0.0,0.0,0.0
2022-01-14 00:10:09.503631,0.0,0.0,0.0
2022-01-14 00:10:10.004819,0.0,0.0,0.0
2022-01-14 00:10:10.510509,0.0,0.0,0.0
2022-01-14 00:10:11.009485,0.0,0.0,0.0
2022-01-14 00:10:11.504010,0.0,0.0,0.0
2022-01-14 00:10:12.001596,0.0,0.0,0.0
2022-01-14 00:10:12.506938,0.0,0.0,0.0
2022-01-14 00:10:13.006227,0.0,0.0,0.0
2022-01-14 00:10:13.507774,0.0,0.0,0.0
2022-01-14 00:10:14.006962,0.0,0.0,0.0
2022-01-14 00:10:14.504256,0.0,0.0,0.0
2022-01-14 00:10:15.002291,0.0,0.0,0.0
2022-01-14 00:10:15.507494,0.0,0.0,0.0
2022-01-14 00:10:16.004980,0.0,0.0,0.0
2022-01-14 00:10:16.510055,0.0,0.0,0.0
2022-01-14 00:10:17.008617,0.0,0.0,0.0
2022-01-14 00:10:17.502330,0.0,0.0,0.0
2022-01-14 00:10:18.505750,0.0,0.0,0.0
2022-01-14 00:10:19.004215,0.0,0.0,0.0
2022-01-14 00:10:19.501481,0.0,0.0,0.0
2022-01-14 00:10:20.009694,0.0,0.0,0.0
2022-01-14 00:10:20.505047,0.0,0.0,0.0
2022-01-14 00:10:21.003663,0.0,0.0,0.0
2022-01-14 00:10:21.509897,0.0,0.0,0.0
2022-01-14 00:10:22.008586,0.0,0.0,0.0
2022-01-14 00:10:22.503343,0.0,0.0,0.0
2022-01-14 00:10:23.001266,0.0,0.0,0.0
2022-01-14 00:10:23.507223,0.0,0.0,0.0
2022-01-14 00:10:24.005918,0.0,0.0,0.0
2022-01-14 00:10:24.501507,0.0,0.0,0.0
2022-01-14 00:10:25.010163,0.0,0.0,0.0
2022-01-14 00:10:25.505513,0.0,0.0,0.0
2022-01-14 00:10:26.002708,0.0,0.0,0.0
2022-01-14 00:10:26.507548,0.0,0.0,0.0
2022-01-14 00:10:27.005184,0.0,0.0,0.0
2022-01-14 00:10:27.510078,0.0,0.0,0.0
2022-01-14 00:10:28.007158,0.0,0.0,0.0
2022-01-14 00:10:28.503610,0.0,0.0,0.0
2022-01-14 00:10:29.002827,0.0,0.0,0.0
2022-01-14 00:10:29.508444,0.0,0.0,0.0
2022-01-14 00:10:30.006963,0.0,0.0,0.0
2022-01-14 00:10:30.501972,0.0,0.0,0.0
2022-01-14 00:10:31.001423,0.0,0.0,0.0
2022-01-14 00:10:31.507127,0.0,0.0,0.0
2022-01-14 00:10:32.004929,0.0,0.0,0.0
2022-01-14 00:10:32.502017,0.0,0.0,0.0
2022-01-14 00:10:33.010584,0.0,0.0,0.0
2022-01-14 00:10:33.506647,0.0,0.0,0.0
2022-01-14 00:10:34.005420,0.0,0.0,0.0
2022-01-14 00:10:34.501434,0.0,0.0,0.0
2022-01-14 00:10:35.007904,0.0,0.0,0.0
2022-01-14 00:10:35.503945,0.0,0.0,0.0
2022-01-14 00:10:36.001829,0.0,0.0,0.0
2022-01-14 00:10:36.507126,0.0,0.0,0.0
2022-01-14 00:10:37.006155,0.0,0.0,0.0
2022-01-14 00:10:37.510963,0.0,0.0,0.0
2022-01-14 00:10:38.008810,0.0,0.0,0.0
2022-01-14 00:10:38.503531,0.0,0.0,0.0
2022-01-14 00:10:39.001629,0.0,0.0,0.0
2022-01-14 00:10:39.508429,0.0,0.0,0.0
2022-01-14 00:10:40.006560,0.0,0.0,0.0
2022-01-14 00:10:41.005581,0.0,0.0,0.0
2022-01-14 00:10:41.504180,0.0,0.0,0.0
2022-01-14 00:10:42.002174,0.0,0.0,0.0
2022-01-14 00:10:42.509028,0.0,0.0,0.0
2022-01-14 00:10:43.006713,0.0,0.0,0.0
2022-01-14 00:10:43.502700,0.0,0.0,0.0
2022-01-14 00:10:44.001576,0.0,0.0,0.0
2022-01-14 00:10:44.506583,0.0,0.0,0.0
2022-01-14 00:10:45.004491,0.0,0.0,0.0
2022-01-14 00:10:45.509436,0.0,0.0,0.0
2022-01-14 00:10:46.006581,0.0,0.0,0.0
2022-01-14 00:10:46.504024,0.0,0.0,0.0
2022-01-14 00:10:47.002455,0.0,0.0,0.0
2022-01-14 00:10:47.508607,0.0,0.0,0.0
2022-01-14 00:10:48.007191,0.0,0.0,0.0
2022-01-14 00:10:48.502184,0.0,0.0,0.0
2022-01-14 00:10:49.009571,0.0,0.0,0.0
2022-01-14 00:10:49.505214,0.0,0.0,0.0
2022-01-14 00:10:50.004339,0.0,0.0,0.0
2022-01-14 00:10:50.510449,0.0,0.0,0.0
2022-01-14 00:10:51.009026,0.0,0.0,0.0
2022-01-14 00:10:51.503686,0.0,0.0,0.0
2022-01-14 00:10:52.011035,0.0,0.0,0.0
2022-01-14 00:10:52.505918,0.0,0.0,0.0
2022-01-14 00:10:53.005680,0.0,0.0,0.0
2022-01-14 00:10:53.509549,0.0,0.0,0.0
2022-01-14 00:10:54.008632,0.0,0.0,0.0
2022-01-14 00:10:54.503915,0.0,0.0,0.0
2022-01-14 00:10:55.002654,0.0,0.0,0.0
2022-01-14 00:10:55.509517,0.0,0.0,0.0
2022-01-14 00:10:56.007012,0.0,0.0,0.0
2022-01-14 00:10:56.501562,0.0,0.0,0.0
2022-01-14 00:10:57.010113,0.0,0.0,0.0
2022-01-14 00:10:57.506098,0.0,0.0,0.0
2022-01-14 00:10:58.003228,0.0,0.0,0.0
2022-01-14 00:10:58.508023,0.0,0.0,0.0
2022-01-14 00:10:59.005609,0.0,0.0,0.0
2022-01-14 00:10:59.502215,0.0,0.0,0.0
2022-01-14 00:11:00.010563,0.0,0.0,0.0
2022-01-14 00:11:00.505700,0.0,0.0,0.0
2022-01-14 00:11:01.003301,0.0,0.0,0.0
2022-01-14 00:11:01.509087,0.0,0.0,0.0
2022-01-14 00:11:02.006875,0.0,0.0,0.0
2022-01-14 00:11:02.502979,0.0,0.0,0.0
2022-01-14 00:11:03.002453,0.0,0.0,0.0
2022-01-14 00:11:03.510298,0.0,0.0,0.0
2022-01-14 00:11:04.008561,0.0,0.0,0.0
2022-01-14 00:11:04.504152,0.0,0.0,0.0
2022-01-14 00:11:05.002098,0.0,0.0,0.0
2022-01-14 00:11:05.506862,0.0,0.0,0.0
2022-01-14 00:11:06.004360,0.0,0.0,0.0
2022-01-14 00:11:06.510428,0.0,0.0,0.0
2022-01-14 00:11:07.008883,0.0,0.0,0.0
2022-01-14 00:11:07.504318,0.0,0.0,0.0
2022-01-14 00:11:08.003238,0.0,0.0,0.0
2022-01-14 00:11:08.508460,0.0,0.0,0.0
2022-01-14 00:11:09.007349,0.0,0.0,0.0
2022-01-14 00:11:09.502939,0.0,0.0,0.0
2022-01-14 00:11:10.505485,0.0,0.0,0.0
2022-01-14 00:11:11.001543,0.0,0.0,0.0
2022-01-14 00:11:11.506938,0.0,0.0,0.0
2022-01-14 00:11:12.005923,0.0,0.0,0.0
2022-01-14 00:11:12.502173,0.0,0.0,0.0
2022-01-14 00:11:13.010623,0.0,0.0,0.0
2022-01-14 00:11:13.506545,0.0,0.0,0.0
2022-01-14 00:11:14.005353,0.0,0.0,0.0
2022-01-14 00:11:14.510857,0.0,0.0,0.0
2022-01-14 00:11:15.008652,0.0,0.0,0.0
2022-01-14 00:11:15.502805,0.0,0.0,0.0
2022-01-14 00:11:16.011077,0.0,0.0,0.0
2022-01-14 00:11:16.506018,0.0,0.0,0.0
2022-01-14 00:11:17.005658,0.0,0.0,0.0
2022-01-14 00:11:17.510823,0.0,0.0,0.0
2022-01-14 00:11:18.009390,0.0,0.0,0.0
2022-01-14 00:11:18.503413,0.0,0.0,0.0
2022-01-14 00:11:19.011118,0.0,0.0,0.0
2022-01-14 00:11:19.506728,0.0,0.0,0.0
2022-01-14 00:11:20.004757,0.0,0.0,0.0
2022-01-14 00:11:20.510911,0.0,0.0,0.0
2022-01-14 00:11:21.008661,0.0,0.0,0.0
2022-01-14 00:11:21.504194,0.0,0.0,0.0
2022-01-14 00:11:22.002400,0.0,0.0,0.0
2022-01-14 00:11:22.508148,0.0,0.0,0.0
2022-01-14 00:11:23.006456,0.0,0.0,0.0
2022-01-14 00:11:23.501255,0.0,0.0,0.0
2022-01-14 00:11:24.009098,0.0,0.0,0.0
2022-01-14 00:11:24.503870,0.0,0.0,0.0
2022-01-14 00:11:25.003106,0.0,0.0,0.0
2022-01-14 00:11:25.508585,0.0,0.0,0.0
2022-01-14 00:11:26.006562,0.0,0.0,0.0
2022-01-14 00:11:26.504492,0.0,0.0,0.0
2022-01-14 00:11:27.002092,0.0,0.0,0.0
2022-01-14 00:11:27.507474,0.0,0.0,0.0
2022-01-14 00:11:28.004996,0.0,0.0,0.0
2022-01-14 00:11:28.510032,0.0,0.0,0.0
2022-01-14 00:11:29.007288,0.0,0.0,0.0
2022-01-14 00:11:29.502619,0.0,0.0,0.0
2022-01-14 00:11:30.011156,0.0,0.0,0.0
2022-01-14 00:11:30.506575,0.0,0.0,0.0
2022-01-14 00:11:31.006240,0.0,0.0,0.0
2022-01-14 00:11:32.005336,0.0,0.0,0.0
2022-01-14 00:11:32.510726,0.0,0.0,0.0
2022-01-14 00:11:33.008212,0.0,0.0,0.0
2022-01-14 00:11:33.502809,0.0,0.0,0.0
2022-01-14 00:11:34.010681,0.0,0.0,0.0
2022-01-14 00:11:34.505776,0.0,0.0,0.0
2022-01-14 00:11:35.004637,0.0,0.0,0.0
2022-01-14 00:11:35.509881,0.0,0.0,0.0
2022-01-14 00:11:36.009558,0.0,0.0,0.0
2022-01-14 00:11:36.505265,0.0,0.0,0.0
2022-01-14 00:11:37.002877,0.0,0.0,0.0
2022-01-14 00:11:37.508553,0.0,0.0,0.0
2022-01-14 00:11:38.006434,0.0,0.0,0.0
2022-01-14 00:11:38.501559,0.0,0.0,0.0
2022-01-14 00:11:39.010324,0.0,0.0,0.0
2022-01-14 00:11:39.505830,0.0,0.0,0.0
2022-01-14 00:11:40.005362,0.0,0.0,0.0
2022-01-14 00:11:40.501704,0.0,0.0,0.0
2022-01-14 00:11:41.011179,0.0,0.0,0.0
2022-01-14 00:11:41.507280,0.0,0.0,0.0
2022-01-14 00:11:42.004739,0.0,0.0,0.0
2022-01-14 00:11:42.509999,0.0,0.0,0.0
2022-01-14 00:11:43.007566,0.0,0.0,0.0
2022-01-14 00:11:43.502815,0.0,0.0,0.0
2022-01-14 00:11:44.001144,0.0,0.0,0.0
2022-01-14 00:11:44.506337,0.0,0.0,0.0
2022-01-14 00:11:45.005763,0.0,0.0,0.0
2022-01-14 00:11:45.510890,0.0,0.0,0.0
2022-01-14 00:11:46.009935,0.0,0.0,0.0
2022-01-14 00:11:46.504892,0.0,0.0,0.0
2022-01-14 00:11:47.003226,0.0,0.0,0.0
2022-01-14 00:11:47.509179,0.0,0.0,0.0
2022-01-14 00:11:48.008130,0.0,0.0,0.0
2022-01-14 00:11:48.503521,0.0,0.0,0.0
2022-01-14 00:11:49.008251,0.0,0.0,0.0
2022-01-14 00:11:49.503791,0.0,0.0,0.0
2022-01-14 00:11:50.011168,0.0,0.0,0.0
2022-01-14 00:11:50.506415,0.0,0.0,0.0
2022-01-14 00:11:51.005596,0.0,0.0,0.0
2022-01-14 00:11:51.510715,0.0,0.0,0.0
2022-01-14 00:11:52.009605,0.0,0.0,0.0
2022-01-14 00:11:52.503751,0.0,0.0,0.0
2022-01-14 00:11:53.011169,0.0,0.0,0.0
2022-01-14 00:11:53.506598,0.0,0.0,0.0
2022-01-14 00:11:54.005119,0.0,0.0,0.0
2022-01-14 00:11:55.004934,0.0,0.0,0.0
2022-01-14 00:11:55.510225,0.0,0.0,0.0
2022-01-14 00:11:56.007972,0.0,0.0,0.0
2022-01-14 00:11:56.503819,0.0,0.0,0.0
2022-01-14 00:11:57.002935,0.0,0.0,0.0
2022-01-14 00:11:57.508635,0.0,0.0,0.0
2022-01-14 00:11:58.006026,0.0,0.0,0.0
2022-01-14 00:11:58.510587,0.0,0.0,0.0
2022-01-14 00:11:59.009541,0.0,0.0,0.0
2022-01-14 00:11:59.504960,0.0,0.0,0.0
2022-01-14 00:12:00.004063,0.0,0.0,0.0
2022-01-14 00:12:00.507066,0.0,0.0,0.0
2022-01-14 00:12:01.004411,0.0,0.0,0.0
2022-01-14 00:12:01.508549,0.0,0.0,0.0
2022-01-14 00:12:02.006802,0.0,0.0,0.0
2022-01-14 00:12:02.503048,0.0,0.0,0.0
2022-01-14 00:12:03.002684,0.0,0.0,0.0
2022-01-14 00:12:03.508499,0.0,0.0,0.0
2022-01-14 00:12:04.007448,0.0,0.0,0.0
2022-01-14 00:12:04.502844,0.0,0.0,0.0
2022-01-14 00:12:05.002579,0.0,0.0,0.0
2022-01-14 00:12:05.507367,0.0,0.0,0.0
2022-01-14 00:12:06.005378,0.0,0.0,0.0
2022-01-14 00:12:06.509599,0.0,0.0,0.0
2022-01-14 00:12:07.008606,0.0,0.0,0.0
2022-01-14 00:12:07.506287,0.0,0.0,0.0
2022-01-14 00:12:08.003915,0.0,0.0,0.0
2022-01-14 00:12:08.509939,0.0,0.0,0.0
2022-01-14 00:12:09.007498,0.0,0.0,0.0
2022-01-14 00:12:09.503215,0.0,0.0,0.0
2022-01-14 00:12:10.001872,0.0,0.0,0.0
2022-01-14 00:12:10.506534,0.0,0.0,0.0
2022-01-14 00:12:11.005569,0.0,0.0,0.0
2022-01-14 00:12:11.509362,0.0,0.0,0.0
2022-01-14 00:12:12.008512,0.0,0.0,0.0
2022-01-14 00:12:12.503254,0.0,0.0,0.0
2022-01-14 00:12:13.001102,0.0,0.0,0.0
2022-01-14 00:12:13.506063,0.0,0.0,0.0
2022-01-14 00:12:14.004403,0.0,0.0,0.0
2022-01-14 00:12:14.508889,0.0,0.0,0.0
2022-01-14 00:12:15.005888,0.0,0.0,0.0
2022-01-14 00:12:15.502852,0.0,0.0,0.0
2022-01-14 00:12:16.010911,0.0,0.0,0.0
2022-01-14 00:12:16.509665,0.0,0.0,0.0
2022-01-14 00:12:17.005380,0.0,0.0,0.0
2022-01-14 00:12:17.510279,0.0,0.0,0.0
2022-01-14 00:12:18.008572,0.0,0.0,0.0
2022-01-14 00:12:18.504055,0.0,0.0,0.0
2022-01-14 00:12:19.002061,0.0,0.0,0.0
2022-01-14 00:12:19.508320,0.0,0.0,0.0
2022-01-14 00:12:20.005491,0.0,0.0,0.0
2022-01-14 00:12:20.509623,0.0,0.0,0.0
2022-01-14 00:12:21.008677,0.0,0.0,0.0
2022-01-14 00:12:21.504737,0.0,0.0,0.0
2022-01-14 00:12:22.002586,0.0,0.0,0.0
2022-01-14 00:12:22.507047,0.0,0.0,0.0
2022-01-14 00:12:23.005634,0.0,0.0,0.0
2022-01-14 00:12:23.501550,0.0,0.0,0.0
2022-01-14 00:12:24.001426,0.0,0.0,0.0
2022-01-14 00:12:24.506811,0.0,0.0,0.0
2022-01-14 00:12:25.004702,0.0,0.0,0.0
2022-01-14 00:12:25.510190,0.0,0.0,0.0
2022-01-14 00:12:26.008091,0.0,0.0,0.0
2022-01-14 00:12:26.502208,0.0,0.0,0.0
2022-01-14 00:12:27.010648,0.0,0.0,0.0
2022-01-14 00:12:27.505406,0.0,0.0,0.0
2022-01-14 00:12:28.003041,0.0,0.0,0.0
2022-01-14 00:12:28.508394,0.0,0.0,0.0
2022-01-14 00:12:29.008606,0.0,0.0,0.0
2022-01-14 00:12:29.505867,0.0,0.0,0.0
2022-01-14 00:12:30.003566,0.0,0.0,0.0
2022-01-14 00:12:30.508793,0.0,0.0,0.0
2022-01-14 00:12:31.006710,0.0,0.0,0.0
2022-01-14 00:12:31.501460,0.0,0.0,0.0
2022-01-14 00:12:32.010756,0.0,0.0,0.0
2022-01-14 00:12:32.505400,0.0,0.0,0.0
2022-01-14 00:12:33.002906,0.0,0.0,0.0
2022-01-14 00:12:33.508768,0.0,0.0,0.0
2022-01-14 00:12:34.007429,0.0,0.0,0.0
2022-01-14 00:12:34.502190,0.0,0.0,0.0
2022-01-14 00:12:35.010304,0.0,0.0,0.0
2022-01-14 00:12:35.504961,0.0,0.0,0.0
2022-01-14 00:12:36.002815,0.0,0.0,0.0
2022-01-14 00:12:36.508460,0.0,0.0,0.0
2022-01-14 00:12:37.006839,0.0,0.0,0.0
2022-01-14 00:12:37.501969,0.0,0.0,0.0
2022-01-14 00:12:38.001764,0.0,0.0,0.0
2022-01-14 00:12:38.507682,0.0,0.0,0.0
2022-01-14 00:12:39.005471,0.0,0.0,0.0
2022-01-14 00:12:39.502515,0.0,0.0,0.0
2022-01-14 00:12:40.011094,0.0,0.0,0.0
2022-01-14 00:12:40.505729,0.0,0.0,0.0
2022-01-14 00:12:41.003692,0.0,0.0,0.0
2022-01-14 00:12:41.508263,0.0,0.0,0.0
2022-01-14 00:12:42.005937,0.0,0.0,0.0
2022-01-14 00:12:42.510060,0.0,0.0,0.0
2022-01-14 00:12:43.009859,0.0,0.0,0.0
2022-01-14 00:12:43.505685,0.0,0.0,0.0
2022-01-14 00:12:44.003773,0.0,0.0,0.0
2022-01-14 00:12:44.509529,0.0,0.0,0.0
2022-01-14 00:12:45.007416,0.0,0.0,0.0
2022-01-14 00:12:45.503002,0.0,0.0,0.0
2022-01-14 00:12:46.001300,0.0,0.0,0.0
2022-01-14 00:12:46.505679,0.0,0.0,0.0
2022-01-14 00:12:47.003546,0.0,0.0,0.0
2022-01-14 00:12:47.508162,0.0,0.0,0.0
2022-01-14 00:12:48.005167,0.0,0.0,0.0
2022-01-14 00:12:48.509591,0.0,0.0,0.0
2022-01-14 00:12:49.007385,0.0,0.0,0.0
2022-01-14 00:12:49.502041,0.0,0.0,0.0
2022-01-14 00:12:50.010081,0.0,0.0,0.0
2022-01-14 00:12:50.506266,0.0,0.0,0.0
2022-01-14 00:12:51.004072,0.0,0.0,0.0
2022-01-14 00:12:51.510344,0.0,0.0,0.0
2022-01-14 00:12:52.009508,0.0,0.0,0.0
2022-01-14 00:12:52.503415,0.0,0.0,0.0
2022-01-14 00:12:53.001448,0.0,0.0,0.0
2022-01-14 00:12:53.505712,0.0,0.0,0.0
2022-01-14 00:12:54.003264,0.0,0.0,0.0
2022-01-14 00:12:54.508593,0.0,0.0,0.0
2022-01-14 00:12:55.006917,0.0,0.0,0.0
2022-01-14 00:12:55.502989,0.0,0.0,0.0
2022-01-14 00:12:56.001171,0.0,0.0,0.0
2022-01-14 00:12:56.505194,0.0,0.0,0.0
2022-01-14 00:12:57.003663,0.0,0.0,0.0
2022-01-14 00:12:57.509160,0.0,0.0,0.0
2022-01-14 00:12:58.006299,0.0,0.0,0.0
2022-01-14 00:12:58.501167,0.0,0.0,0.0
2022-01-14 00:12:59.010112,0.0,0.0,0.0
2022-01-14 00:12:59.505657,0.0,0.0,0.0
2022-01-14 00:13:00.003344,0.0,0.0,0.0
2022-01-14 00:13:00.511071,0.0,0.0,0.0
2022-01-14 00:13:01.010626,0.0,0.0,0.0
2022-01-14 00:13:01.506238,0.0,0.0,0.0
2022-01-14 00:13:02.003935,0.0,0.0,0.0
2022-01-14 00:13:02.509929,0.0,0.0,0.0
2022-01-14 00:13:03.008360,0.0,0.0,0.0
2022-01-14 00:13:03.502625,0.0,0.0,0.0
2022-01-14 00:13:04.001766,0.0,0.0,0.0
2022-01-14 00:13:04.506383,0.0,0.0,0.0
2022-01-14 00:13:05.003646,0.0,0.0,0.0
2022-01-14 00:13:05.508268,0.0,0.0,0.0
2022-01-14 00:13:06.006295,0.0,0.0,0.0
2022-01-14 00:13:06.501533,0.0,0.0,0.0
2022-01-14 00:13:07.009976,0.0,0.0,0.0
2022-01-14 00:13:07.506684,0.0,0.0,0.0
2022-01-14 00:13:08.003657,0.0,0.0,0.0
2022-01-14 00:13:08.509538,0.0,0.0,0.0
2022-01-14 00:13:09.007500,0.0,0.0,0.0
2022-01-14 00:13:09.501823,0.0,0.0,0.0
2022-01-14 00:13:10.009139,0.0,0.0,0.0
2022-01-14 00:13:10.503940,0.0,0.0,0.0
2022-01-14 00:13:11.001896,0.0,0.0,0.0
2022-01-14 00:13:11.506106,0.0,0.0,0.0
2022-01-14 00:13:12.003284,0.0,0.0,0.0
2022-01-14 00:13:12.508710,0.0,0.0,0.0
2022-01-14 00:13:13.006683,0.0,0.0,0.0
2022-01-14 00:13:13.503696,0.0,0.0,0.0
2022-01-14 00:13:14.001236,0.0,0.0,0.0
2022-01-14 00:13:14.505538,0.0,0.0,0.0
2022-01-14 00:13:15.002690,0.0,0.0,0.0
2022-01-14 00:13:15.509824,0.0,0.0,0.0
2022-01-14 00:13:16.007202,0.0,0.0,0.0
2022-01-14 00:13:16.501617,0.0,0.0,0.0
2022-01-14 00:13:17.009664,0.0,0.0,0.0
2022-01-14 00:13:17.506081,0.0,0.0,0.0
2022-01-14 00:13:18.005282,0.0,0.0,0.0
2022-01-14 00:13:18.510116,0.0,0.0,0.0
2022-01-14 00:13:19.009434,0.0,0.0,0.0
2022-01-14 00:13:19.504929,0.0,0.0,0.0
2022-01-14 00:13:20.001938,0.0,0.0,0.0
2022-01-14 00:13:20.508224,0.0,0.0,0.0
2022-01-14 00:13:21.006263,0.0,0.0,0.0
2022-01-14 00:13:21.502198,0.0,0.0,0.0
2022-01-14 00:13:22.002863,0.0,0.0,0.0
2022-01-14 00:13:22.507907,0.0,0.0,0.0
2022-01-14 00:13:23.007105,0.0,0.0,0.0
2022-01-14 00:13:23.501159,0.0,0.0,0.0
2022-01-14 00:13:24.010007,0.0,0.0,0.0
2022-01-14 00:13:24.506006,0.0,0.0,0.0
2022-01-14 00:13:25.005310,0.0,0.0,0.0
2022-01-14 00:13:25.509043,0.0,0.0,0.0
2022-01-14 00:13:26.007321,0.0,0.0,0.0
2022-01-14 00:13:26.503655,0.0,0.0,0.0
2022-01-14 00:13:27.002028,0.0,0.0,0.0
2022-01-14 00:13:27.506678,0.0,0.0,0.0
2022-01-14 00:13:28.005099,0.0,0.0,0.0
2022-01-14 00:13:28.510212,0.0,0.0,0.0
2022-01-14 00:13:29.007442,0.0,0.0,0.0
2022-01-14 00:13:29.502850,0.0,0.0,0.0
2022-01-14 00:13:30.010761,0.0,0.0,0.0
2022-01-14 00:13:30.507129,0.0,0.0,0.0
2022-01-14 00:13:31.004918,0.0,0.0,0.0
2022-01-14 00:13:31.509231,0.0,0.0,0.0
2022-01-14 00:13:32.007173,0.0,0.0,0.0
2022-01-14 00:13:32.502973,0.0,0.0,0.0
2022-01-14 00:13:33.002151,0.0,0.0,0.0
2022-01-14 00:13:33.508248,0.0,0.0,0.0
2022-01-14 00:13:34.005845,0.0,0.0,0.0
2022-01-14 00:13:34.501198,0.0,0.0,0.0
2022-01-14 00:13:35.010173,0.0,0.0,0.0
2022-01-14 00:13:35.506257,0.0,0.0,0.0
2022-01-14 00:13:36.004309,0.0,0.0,0.0
2022-01-14 00:13:36.507898,0.0,0.0,0.0
2022-01-14 00:13:37.005478,0.0,0.0,0.0
2022-01-14 00:13:37.501523,0.0,0.0,0.0
2022-01-14 00:13:38.010986,0.0,0.0,0.0
2022-01-14 00:13:38.505818,0.0,0.0,0.0
2022-01-14 00:13:39.005406,0.0,0.0,0.0
2022-01-14 00:13:39.503329,0.0,0.0,0.0
2022-01-14 00:13:40.001554,0.0,0.0,0.0
2022-01-14 00:13:40.506825,0.0,0.0,0.0
2022-01-14 00:13:41.005792,0.0,0.0,0.0
2022-01-14 00:13:41.511035,0.0,0.0,0.0
2022-01-14 00:13:42.008293,0.0,0.0,0.0
2022-01-14 00:13:42.503905,0.0,0.0,0.0
2022-01-14 00:13:43.002945,0.0,0.0,0.0
2022-01-14 00:13:43.507819,0.0,0.0,0.0
2022-01-14 00:13:44.006972,0.0,0.0,0.0
2022-01-14 00:13:44.501859,0.0,0.0,0.0
2022-01-14 00:13:45.002120,0.0,0.0,0.0
2022-01-14 00:13:45.505768,0.0,0.0,0.0
2022-01-14 00:13:46.004046,0.0,0.0,0.0
2022-01-14 00:13:46.509511,0.0,0.0,0.0
2022-01-14 00:13:47.008788,0.0,0.0,0.0
2022-01-14 00:13:47.503265,0.0,0.0,0.0
2022-01-14 00:13:48.002204,0.0,0.0,0.0
2022-01-14 00:13:48.508886,0.0,0.0,0.0
2022-01-14 00:13:49.007205,0.0,0.0,0.0
2022-01-14 00:13:49.501224,0.0,0.0,0.0
2022-01-14 00:13:50.009221,0.0,0.0,0.0
2022-01-14 00:13:50.504735,0.0,0.0,0.0
2022-01-14 00:13:51.001328,0.0,0.0,0.0
2022-01-14 00:13:51.506508,0.0,0.0,0.0
2022-01-14 00:13:52.004398,0.0,0.0,0.0
2022-01-14 00:13:52.508015,0.0,0.0,0.0
2022-01-14 00:13:53.006446,0.0,0.0,0.0
2022-01-14 00:13:53.503235,0.0,0.0,0.0
2022-01-14 00:13:54.010669,0.0,0.0,0.0
2022-01-14 00:13:54.505952,0.0,0.0,0.0
2022-01-14 00:13:55.004804,0.0,0.0,0.0
2022-01-14 00:13:55.510569,0.0,0.0,0.0
2022-01-14 00:13:56.008765,0.0,0.0,0.0
2022-01-14 00:13:56.502958,0.0,0.0,0.0
2022-01-14 00:13:57.001099,0.0,0.0,0.0
2022-01-14 00:13:57.510157,0.0,0.0,0.0
2022-01-14 00:13:58.008000,0.0,0.0,0.0
2022-01-14 00:13:58.502740,0.0,0.0,0.0
2022-01-14 00:13:59.002816,0.0,0.0,0.0
2022-01-14 00:13:59.507401,0.0,0.0,0.0
2022-01-14 00:14:00.004694,0.0,0.0,0.0
2022-01-14 00:14:00.510850,0.0,0.0,0.0
2022-01-14 00:14:01.008856,0.0,0.0,0.0
2022-01-14 00:14:01.504775,0.0,0.0,0.0
2022-01-14 00:14:02.002944,0.0,0.0,0.0
2022-01-14 00:14:02.508555,0.0,0.0,0.0
2022-01-14 00:14:03.006936,0.0,0.0,0.0
2022-01-14 00:14:03.501458,0.0,0.0,0.0
2022-01-14 00:14:04.010393,0.0,0.0,0.0
2022-01-14 00:14:04.505145,0.0,0.0,0.0
2022-01-14 00:14:05.003246,0.0,0.0,0.0
2022-01-14 00:14:05.508691,0.0,0.0,0.0
2022-01-14 00:14:06.006170,0.0,0.0,0.0
2022-01-14 00:14:06.509773,0.0,0.0,0.0
2022-01-14 00:14:07.007815,0.0,0.0,0.0
2022-01-14 00:14:07.501529,0.0,0.0,0.0
2022-01-14 00:14:08.002386,0.0,0.0,0.0
2022-01-14 00:14:08.508769,0.0,0.0,0.0
2022-01-14 00:14:09.007046,0.0,0.0,0.0
2022-01-14 00:14:09.501793,0.0,0.0,0.0
2022-01-14 00:14:10.001055,0.0,0.0,0.0
2022-01-14 00:14:10.507685,0.0,0.0,0.0
2022-01-14 00:14:11.006680,0.0,0.0,0.0
2022-01-14 00:14:11.501213,0.0,0.0,0.0
2022-01-14 00:14:12.008544,0.0,0.0,0.0
2022-01-14 00:14:12.504864,0.0,0.0,0.0
2022-01-14 00:14:13.002845,0.0,0.0,0.0
2022-01-14 00:14:13.509376,0.0,0.0,0.0
2022-01-14 00:14:14.006941,0.0,0.0,0.0
2022-01-14 00:14:14.507186,0.0,0.0,0.0
2022-01-14 00:14:15.005761,0.0,0.0,0.0
2022-01-14 00:14:15.509564,0.0,0.0,0.0
2022-01-14 00:14:16.007708,0.0,0.0,0.0
2022-01-14 00:14:16.502179,0.0,0.0,0.0
2022-01-14 00:14:17.001488,0.0,0.0,0.0
2022-01-14 00:14:17.506804,0.0,0.0,0.0
2022-01-14 00:14:18.004419,0.0,0.0,0.0
2022-01-14 00:14:18.509545,0.0,0.0,0.0
2022-01-14 00:14:19.008659,0.0,0.0,0.0
2022-01-14 00:14:19.505887,0.0,0.0,0.0
2022-01-14 00:14:20.003636,0.0,0.0,0.0
2022-01-14 00:14:20.508923,0.0,0.0,0.0
2022-01-14 00:14:21.005888,0.0,0.0,0.0
2022-01-14 00:14:21.510629,0.0,0.0,0.0
2022-01-14 00:14:22.009646,0.0,0.0,0.0
2022-01-14 00:14:22.505049,0.0,0.0,0.0
2022-01-14 00:14:23.002089,0.0,0.0,0.0
2022-01-14 00:14:23.510080,0.0,0.0,0.0
2022-01-14 00:14:24.008488,0.0,0.0,0.0
2022-01-14 00:14:24.502867,0.0,0.0,0.0
2022-01-14 00:14:25.001527,0.0,0.0,0.0
2022-01-14 00:14:25.505527,0.0,0.0,0.0
2022-01-14 00:14:26.003748,0.0,0.0,0.0
2022-01-14 00:14:26.509511,0.0,0.0,0.0
2022-01-14 00:14:27.005663,0.0,0.0,0.0
2022-01-14 00:14:27.509758,0.0,0.0,0.0
2022-01-14 00:14:28.008596,0.0,0.0,0.0
2022-01-14 00:14:28.504557,0.0,0.0,0.0
2022-01-14 00:14:29.002885,0.0,0.0,0.0
2022-01-14 00:14:29.507561,0.0,0.0,0.0
2022-01-14 00:14:30.006280,0.0,0.0,0.0
2022-01-14 00:14:30.502361,0.0,0.0,0.0
2022-01-14 00:14:31.001285,0.0,0.0,0.0
2022-01-14 00:14:31.507035,0.0,0.0,0.0
2022-01-14 00:14:32.003958,0.0,0.0,0.0
2022-01-14 00:14:32.510809,0.0,0.0,0.0
2022-01-14 00:14:33.010124,0.0,0.0,0.0
2022-01-14 00:14:33.504677,0.0,0.0,0.0
2022-01-14 00:14:34.002134,0.0,0.0,0.0
2022-01-14 00:14:34.507522,0.0,0.0,0.0
2022-01-14 00:14:35.005903,0.0,0.0,0.0
2022-01-14 00:14:35.510923,0.0,0.0,0.0
2022-01-14 00:14:36.008734,0.0,0.0,0.0
2022-01-14 00:14:36.504051,0.0,0.0,0.0
2022-01-14 00:14:37.002009,0.0,0.0,0.0
2022-01-14 00:14:37.507902,0.0,0.0,0.0
2022-01-14 00:14:38.006397,0.0,0.0,0.0
2022-01-14 00:14:38.501671,0.0,0.0,0.0
2022-01-14 00:14:39.010674,0.0,0.0,0.0
2022-01-14 00:14:39.506533,0.0,0.0,0.0
2022-01-14 00:14:40.005754,0.0,0.0,0.0
2022-01-14 00:14:40.509553,0.0,0.0,0.0
2022-01-14 00:14:41.009258,0.0,0.0,0.0
2022-01-14 00:14:41.504498,0.0,0.0,0.0
2022-01-14 00:14:42.002515,0.0,0.0,0.0
2022-01-14 00:14:42.507171,0.0,0.0,0.0
2022-01-14 00:14:43.005651,0.0,0.0,0.0
2022-01-14 00:14:43.510113,0.0,0.0,0.0
2022-01-14 00:14:44.007255,0.0,0.0,0.0
2022-01-14 00:14:44.502891,0.0,0.0,0.0
2022-01-14 00:14:45.001251,0.0,0.0,0.0
2022-01-14 00:14:45.507081,0.0,0.0,0.0
2022-01-14 00:14:46.005622,0.0,0.0,0.0
2022-01-14 00:14:46.510547,0.0,0.0,0.0
2022-01-14 00:14:47.008919,0.0,0.0,0.0
2022-01-14 00:14:47.503222,0.0,0.0,0.0
2022-01-14 00:14:48.001686,0.0,0.0,0.0
2022-01-14 00:14:48.506777,0.0,0.0,0.0
2022-01-14 00:14:49.005866,0.0,0.0,0.0
2022-01-14 00:14:49.505506,0.0,0.0,0.0
2022-01-14 00:14:50.005606,0.0,0.0,0.0
2022-01-14 00:14:50.501656,0.0,0.0,0.0
2022-01-14 00:14:51.011176,0.0,0.0,0.0
2022-01-14 00:14:51.501566,0.0,0.0,0.0
2022-01-14 00:14:52.001337,0.0,0.0,0.0
2022-01-14 00:14:52.510830,0.0,0.0,0.0
2022-01-14 00:14:53.001334,0.0,0.0,0.0
2022-01-14 00:14:53.506814,0.0,0.0,0.0
2022-01-14 00:14:54.006272,0.0,0.0,0.0
2022-01-14 00:14:54.504569,0.0,0.0,0.0
2022-01-14 00:14:55.003514,0.0,0.0,0.0
2022-01-14 00:14:55.510900,0.0,0.0,0.0
2022-01-14 00:14:56.001214,0.0,0.0,0.0
2022-01-14 00:14:56.509122,0.0,0.0,0.0
2022-01-14 00:14:57.008337,0.0,0.0,0.0
2022-01-14 00:14:57.505168,0.0,0.0,0.0
2022-01-14 00:14:58.002785,0.0,0.0,0.0
2022-01-14 00:14:58.502681,0.0,0.0,0.0
2022-01-14 00:14:59.003567,0.0,0.0,0.0
2022-01-14 00:14:59.502672,0.0,0.0,0.0
2022-01-14 00:15:00.003337,0.0,0.0,0.0
2022-01-14 00:15:00.501151,0.0,0.0,0.0
2022-01-14 00:15:01.010811,0.0,0.0,0.0
2022-01-14 00:15:01.509133,0.0,0.0,0.0
2022-01-14 00:15:02.009558,0.0,0.0,0.0
2022-01-14 00:15:02.507244,0.0,0.0,0.0
2022-01-14 00:15:03.008554,0.0,0.0,0.0
2022-01-14 00:15:03.505836,0.0,0.0,0.0
2022-01-14 00:15:04.003313,0.0,0.0,0.0
2022-01-14 00:15:04.502116,0.0,0.0,0.0
2022-01-14 00:15:05.010128,0.0,0.0,0.0
2022-01-14 00:15:05.509581,0.0,0.0,0.0
2022-01-14 00:15:06.007371,0.0,0.0,0.0
2022-01-14 00:15:06.505456,0.0,0.0,0.0
2022-01-14 00:15:07.006273,0.0,0.0,0.0
2022-01-14 00:15:07.503272,0.0,0.0,0.0
2022-01-14 00:15:08.002977,0.0,0.0,0.0
2022-01-14 00:15:08.510488,0.0,0.0,0.0
2022-01-14 00:15:09.010588,0.0,0.0,0.0
2022-01-14 00:15:09.508273,0.0,0.0,0.0
2022-01-14 00:15:10.006725,0.0,0.0,0.0
2022-01-14 00:15:10.503627,0.0,0.0,0.0
2022-01-14 00:15:11.002402,0.0,0.0,0.0
2022-01-14 00:15:11.503388,0.0,0.0,0.0
2022-01-14 00:15:12.001418,0.0,0.0,0.0
2022-01-14 00:15:12.507470,0.0,0.0,0.0
2022-01-14 00:15:13.006842,0.0,0.0,0.0
2022-01-14 00:15:13.503479,0.0,0.0,0.0
2022-01-14 00:15:14.001512,0.0,0.0,0.0
2022-01-14 00:15:14.509678,0.0,0.0,0.0
2022-01-14 00:15:15.001097,0.0,0.0,0.0
2022-01-14 00:15:15.509050,0.0,0.0,0.0
2022-01-14 00:15:16.007845,0.0,0.0,0.0
2022-01-14 00:15:16.504717,0.0,0.0,0.0
2022-01-14 00:15:17.004349,0.0,0.0,0.0
2022-01-14 00:15:17.503887,0.0,0.0,0.0
2022-01-14 00:15:18.002918,0.0,0.0,0.0
2022-01-14 00:15:18.509261,0.0,0.0,0.0
2022-01-14 00:15:19.007684,0.0,0.0,0.0
2022-01-14 00:15:19.504987,0.0,0.0,0.0
2022-01-14 00:15:20.003483,0.0,0.0,0.0
2022-01-14 00:15:20.505059,0.0,0.0,0.0
2022-01-14 00:15:21.003619,0.0,0.0,0.0
2022-01-14 00:15:21.503396,0.0,0.0,0.0
2022-01-14 00:15:22.001572,0.0,0.0,0.0
2022-01-14 00:15:22.510496,0.0,0.0,0.0
2022-01-14 00:15:23.009327,0.0,0.0,0.0
2022-01-14 00:15:23.508538,0.0,0.0,0.0
2022-01-14 00:15:24.008112,0.0,0.0,0.0
2022-01-14 00:15:24.502013,0.0,0.0,0.0
2022-01-14 00:15:25.001715,0.0,0.0,0.0
2022-01-14 00:15:25.509137,0.0,0.0,0.0
2022-01-14 00:15:26.007405,0.0,0.0,0.0
2022-01-14 00:15:26.504290,0.0,0.0,0.0
2022-01-14 00:15:27.003389,0.0,0.0,0.0
2022-01-14 00:15:27.510544,0.0,0.0,0.0
2022-01-14 00:15:28.010082,0.0,0.0,0.0
2022-01-14 00:15:28.510776,0.0,0.0,0.0
2022-01-14 00:15:29.010924,0.0,0.0,0.0
2022-01-14 00:15:29.506518,0.0,0.0,0.0
2022-01-14 00:15:30.005175,0.0,0.0,0.0
2022-01-14 00:15:30.510041,0.0,0.0,0.0
2022-01-14 00:15:31.009817,0.0,0.0,0.0
2022-01-14 00:15:31.505482,0.0,0.0,0.0
2022-01-14 00:15:32.003957,0.0,0.0,0.0
2022-01-14 00:15:32.510729,0.0,0.0,0.0
2022-01-14 00:15:33.010613,0.0,0.0,0.0
2022-01-14 00:15:33.508351,0.0,0.0,0.0
2022-01-14 00:15:34.006907,0.0,0.0,0.0
2022-01-14 00:15:34.503849,0.0,0.0,0.0
2022-01-14 00:15:35.003793,0.0,0.0,0.0
2022-01-14 00:15:35.510231,0.0,0.0,0.0
2022-01-14 00:15:36.010106,0.0,0.0,0.0
2022-01-14 00:15:36.505948,0.0,0.0,0.0
2022-01-14 00:15:37.003932,0.0,0.0,0.0
2022-01-14 00:15:37.510595,0.0,0.0,0.0
2022-01-14 00:15:38.010188,0.0,0.0,0.0
2022-01-14 00:15:38.503801,0.0,0.0,0.0
2022-01-14 00:15:39.002259,0.0,0.0,0.0
2022-01-14 00:15:39.507491,0.0,0.0,0.0
2022-01-14 00:15:40.005560,0.0,0.0,0.0
2022-01-14 00:15:40.501247,0.0,0.0,0.0
2022-01-14 00:15:41.009589,0.0,0.0,0.0
2022-01-14 00:15:41.505177,0.0,0.0,0.0
2022-01-14 00:15:42.002505,0.0,0.0,0.0
2022-01-14 00:15:42.510183,0.0,0.0,0.0
2022-01-14 00:15:43.008443,0.0,0.0,0.0
2022-01-14 00:15:43.504497,0.0,0.0,0.0
2022-01-14 00:15:44.004273,0.0,0.0,0.0
2022-01-14 00:15:44.510221,0.0,0.0,0.0
2022-01-14 00:15:45.008715,0.0,0.0,0.0
2022-01-14 00:15:45.502777,0.0,0.0,0.0
2022-01-14 00:15:46.001665,0.0,0.0,0.0
2022-01-14 00:15:46.506666,0.0,0.0,0.0
2022-01-14 00:15:47.006779,0.0,0.0,0.0
2022-01-14 00:15:47.502676,0.0,0.0,0.0
2022-01-14 00:15:48.011224,0.0,0.0,0.0
2022-01-14 00:15:48.505703,0.0,0.0,0.0
2022-01-14 00:15:49.003916,0.0,0.0,0.0
2022-01-14 00:15:49.509594,0.0,0.0,0.0
2022-01-14 00:15:50.007837,0.0,0.0,0.0
2022-01-14 00:15:50.503392,0.0,0.0,0.0
2022-01-14 00:15:51.002217,0.0,0.0,0.0
2022-01-14 00:15:51.508449,0.0,0.0,0.0
2022-01-14 00:15:52.007192,0.0,0.0,0.0
2022-01-14 00:15:52.503501,0.0,0.0,0.0
2022-01-14 00:15:53.001557,0.0,0.0,0.0
2022-01-14 00:15:53.506830,0.0,0.0,0.0
2022-01-14 00:15:54.005512,0.0,0.0,0.0
2022-01-14 00:15:54.510005,0.0,0.0,0.0
2022-01-14 00:15:55.009165,0.0,0.0,0.0
2022-01-14 00:15:55.502979,0.0,0.0,0.0
2022-01-14 00:15:56.011132,0.0,0.0,0.0
2022-01-14 00:15:56.508120,0.0,0.0,0.0
2022-01-14 00:15:57.006675,0.0,0.0,0.0
2022-01-14 00:15:57.502376,0.0,0.0,0.0
2022-01-14 00:15:58.011271,0.0,0.0,0.0
2022-01-14 00:15:58.506145,0.0,0.0,0.0
2022-01-14 00:15:59.004764,0.0,0.0,0.0
2022-01-14 00:15:59.509756,0.0,0.0,0.0
2022-01-14 00:16:00.007987,0.0,0.0,0.0
2022-01-14 00:16:00.501603,0.0,0.0,0.0
2022-01-14 00:16:01.001189,0.0,0.0,0.0
2022-01-14 00:16:01.506224,0.0,0.0,0.0
2022-01-14 00:16:02.005829,0.0,0.0,0.0
2022-01-14 00:16:02.510876,0.0,0.0,0.0
2022-01-14 00:16:03.010202,0.0,0.0,0.0
2022-01-14 00:16:03.504465,0.0,0.0,0.0
2022-01-14 00:16:04.001959,0.0,0.0,0.0
2022-01-14 00:16:04.506911,0.0,0.0,0.0
2022-01-14 00:16:05.006520,0.0,0.0,0.0
2022-01-14 00:16:05.501418,0.0,0.0,0.0
2022-01-14 00:16:06.009280,0.0,0.0,0.0
2022-01-14 00:16:06.503796,0.0,0.0,0.0
2022-01-14 00:16:07.002040,0.0,0.0,0.0
2022-01-14 00:16:07.507770,0.0,0.0,0.0
2022-01-14 00:16:08.006168,0.0,0.0,0.0
2022-01-14 00:16:08.502040,0.0,0.0,0.0
2022-01-14 00:16:09.010079,0.0,0.0,0.0
2022-01-14 00:16:09.507837,0.0,0.0,0.0
2022-01-14 00:16:10.006365,0.0,0.0,0.0
2022-01-14 00:16:10.501186,0.0,0.0,0.0
2022-01-14 00:16:11.008858,0.0,0.0,0.0
2022-01-14 00:16:11.502962,0.0,0.0,0.0
2022-01-14 00:16:12.001414,0.0,0.0,0.0
2022-01-14 00:16:12.506000,0.0,0.0,0.0
2022-01-14 00:16:13.006720,0.0,0.0,0.0
2022-01-14 00:16:13.502201,0.0,0.0,0.0
2022-01-14 00:16:14.002719,0.0,0.0,0.0
2022-01-14 00:16:14.505441,0.0,0.0,0.0
2022-01-14 00:16:15.003441,0.0,0.0,0.0
2022-01-14 00:16:15.507363,0.0,0.0,0.0
2022-01-14 00:16:16.006295,0.0,0.0,0.0
2022-01-14 00:16:16.502649,0.0,0.0,0.0
2022-01-14 00:16:17.001512,0.0,0.0,0.0
2022-01-14 00:16:17.507223,0.0,0.0,0.0
2022-01-14 00:16:18.005513,0.0,0.0,0.0
2022-01-14 00:16:18.503079,0.0,0.0,0.0
2022-01-14 00:16:19.001784,0.0,0.0,0.0
2022-01-14 00:16:19.509342,0.0,0.0,0.0
2022-01-14 00:16:20.007290,0.0,0.0,0.0
2022-01-14 00:16:20.501661,0.0,0.0,0.0
2022-01-14 00:16:21.001382,0.0,0.0,0.0
2022-01-14 00:16:21.506292,0.0,0.0,0.0
2022-01-14 00:16:22.004841,0.0,0.0,0.0
2022-01-14 00:16:22.510766,0.0,0.0,0.0
2022-01-14 00:16:23.010313,0.0,0.0,0.0
2022-01-14 00:16:23.505570,0.0,0.0,0.0
2022-01-14 00:16:24.007290,0.0,0.0,0.0
2022-01-14 00:16:24.503115,0.0,0.0,0.0
2022-01-14 00:16:25.001818,0.0,0.0,0.0
2022-01-14 00:16:25.505764,0.0,0.0,0.0
2022-01-14 00:16:26.003347,0.0,0.0,0.0
2022-01-14 00:16:26.501638,0.0,0.0,0.0
2022-01-14 00:16:27.003336,0.0,0.0,0.0
2022-01-14 00:16:27.509601,0.0,0.0,0.0
2022-01-14 00:16:28.009715,0.0,0.0,0.0
2022-01-14 00:16:28.503632,0.0,0.0,0.0
2022-01-14 00:16:29.003394,0.0,0.0,0.0
2022-01-14 00:16:29.508805,0.0,0.0,0.0
2022-01-14 00:16:30.010121,0.0,0.0,0.0
2022-01-14 00:16:30.504302,0.0,0.0,0.0
2022-01-14 00:16:31.003444,0.0,0.0,0.0
2022-01-14 00:16:31.509945,0.0,0.0,0.0
2022-01-14 00:16:32.009796,0.0,0.0,0.0
2022-01-14 00:16:32.503933,0.0,0.0,0.0
2022-01-14 00:16:33.002339,0.0,0.0,0.0
2022-01-14 00:16:33.508018,0.0,0.0,0.0
2022-01-14 00:16:34.005934,0.0,0.0,0.0
2022-01-14 00:16:34.501992,0.0,0.0,0.0
2022-01-14 00:16:35.008753,0.0,0.0,0.0
2022-01-14 00:16:35.502800,0.0,0.0,0.0
2022-01-14 00:16:36.505593,0.0,0.0,0.0
2022-01-14 00:16:37.006093,0.0,0.0,0.0
2022-01-14 00:16:37.511166,0.0,0.0,0.0
2022-01-14 00:16:38.009801,0.0,0.0,0.0
2022-01-14 00:16:38.504516,0.0,0.0,0.0
2022-01-14 00:16:39.001129,0.0,0.0,0.0
2022-01-14 00:16:39.506677,0.0,0.0,0.0
2022-01-14 00:16:40.005609,0.0,0.0,0.0
2022-01-14 00:16:40.510129,0.0,0.0,0.0
2022-01-14 00:16:41.008440,0.0,0.0,0.0
2022-01-14 00:16:41.505128,0.0,0.0,0.0
2022-01-14 00:16:42.002109,0.0,0.0,0.0
2022-01-14 00:16:42.509142,0.0,0.0,0.0
2022-01-14 00:16:43.007914,0.0,0.0,0.0
2022-01-14 00:16:43.503351,0.0,0.0,0.0
2022-01-14 00:16:44.001576,0.0,0.0,0.0
2022-01-14 00:16:44.505960,0.0,0.0,0.0
2022-01-14 00:16:45.005102,0.0,0.0,0.0
2022-01-14 00:16:45.510386,0.0,0.0,0.0
2022-01-14 00:16:46.010377,0.0,0.0,0.0
2022-01-14 00:16:46.505526,0.0,0.0,0.0
2022-01-14 00:16:47.002278,0.0,0.0,0.0
2022-01-14 00:16:47.506242,0.0,0.0,0.0
2022-01-14 00:16:48.005126,0.0,0.0,0.0
2022-01-14 00:16:48.509903,0.0,0.0,0.0
2022-01-14 00:16:49.007882,0.0,0.0,0.0
2022-01-14 00:16:49.502562,0.0,0.0,0.0
2022-01-14 00:16:50.001077,0.0,0.0,0.0
2022-01-14 00:16:50.507713,0.0,0.0,0.0
2022-01-14 00:16:51.006293,0.0,0.0,0.0
2022-01-14 00:16:51.501939,0.0,0.0,0.0
2022-01-14 00:16:52.001409,0.0,0.0,0.0
2022-01-14 00:16:52.505707,0.0,0.0,0.0
2022-01-14 00:16:53.004134,0.0,0.0,0.0
2022-01-14 00:16:53.510811,0.0,0.0,0.0
2022-01-14 00:16:54.008856,0.0,0.0,0.0
2022-01-14 00:16:54.503421,0.0,0.0,0.0
2022-01-14 00:16:55.002536,0.0,0.0,0.0
2022-01-14 00:16:55.507171,0.0,0.0,0.0
2022-01-14 00:16:56.006220,0.0,0.0,0.0
2022-01-14 00:16:56.501518,0.0,0.0,0.0
2022-01-14 00:16:57.010364,0.0,0.0,0.0
2022-01-14 00:16:57.505639,0.0,0.0,0.0
2022-01-14 00:16:58.004852,0.0,0.0,0.0
2022-01-14 00:16:58.509909,0.0,0.0,0.0
2022-01-14 00:16:59.009168,0.0,0.0,0.0
2022-01-14 00:16:59.506198,0.0,0.0,0.0
2022-01-14 00:17:00.004920,0.0,0.0,0.0
2022-01-14 00:17:00.507218,0.0,0.0,0.0
2022-01-14 00:17:01.005168,0.0,0.0,0.0
2022-01-14 00:17:01.510491,0.0,0.0,0.0
2022-01-14 00:17:02.010094,0.0,0.0,0.0
2022-01-14 00:17:02.506593,0.0,0.0,0.0
2022-01-14 00:17:03.005564,0.0,0.0,0.0
2022-01-14 00:17:03.503692,0.0,0.0,0.0
2022-01-14 00:17:04.002048,0.0,0.0,0.0
2022-01-14 00:17:04.507161,0.0,0.0,0.0
2022-01-14 00:17:05.006051,0.0,0.0,0.0
2022-01-14 00:17:05.501997,0.0,0.0,0.0
2022-01-14 00:17:06.001558,0.0,0.0,0.0
2022-01-14 00:17:06.505545,0.0,0.0,0.0
2022-01-14 00:17:07.001954,0.0,0.0,0.0
2022-01-14 00:17:07.507207,0.0,0.0,0.0
2022-01-14 00:17:08.006710,0.0,0.0,0.0
2022-01-14 00:17:08.510825,0.0,0.0,0.0
2022-01-14 00:17:09.009178,0.0,0.0,0.0
2022-01-14 00:17:09.503767,0.0,0.0,0.0
2022-01-14 00:17:10.001910,0.0,0.0,0.0
2022-01-14 00:17:10.507089,0.0,0.0,0.0
2022-01-14 00:17:11.005329,0.0,0.0,0.0
2022-01-14 00:17:11.510569,0.0,0.0,0.0
2022-01-14 00:17:12.008624,0.0,0.0,0.0
2022-01-14 00:17:12.505597,0.0,0.0,0.0
2022-01-14 00:17:13.005507,0.0,0.0,0.0
2022-01-14 00:17:13.507939,0.0,0.0,0.0
2022-01-14 00:17:14.006082,0.0,0.0,0.0
2022-01-14 00:17:14.503290,0.0,0.0,0.0
2022-01-14 00:17:15.001649,0.0,0.0,0.0
2022-01-14 00:17:15.505772,0.0,0.0,0.0
2022-01-14 00:17:16.003879,0.0,0.0,0.0
2022-01-14 00:17:16.509840,0.0,0.0,0.0
2022-01-14 00:17:17.008318,0.0,0.0,0.0
2022-01-14 00:17:17.503867,0.0,0.0,0.0
2022-01-14 00:17:18.002463,0.0,0.0,0.0
2022-01-14 00:17:18.507872,0.0,0.0,0.0
2022-01-14 00:17:19.006242,0.0,0.0,0.0
2022-01-14 00:17:19.502179,0.0,0.0,0.0
2022-01-14 00:17:20.001337,0.0,0.0,0.0
2022-01-14 00:17:20.505443,0.0,0.0,0.0
2022-01-14 00:17:21.001333,0.0,0.0,0.0
2022-01-14 00:17:21.509588,0.0,0.0,0.0
2022-01-14 00:17:22.007485,0.0,0.0,0.0
2022-01-14 00:17:22.501635,0.0,0.0,0.0
2022-01-14 00:17:23.002883,0.0,0.0,0.0
2022-01-14 00:17:23.507360,0.0,0.0,0.0
2022-01-14 00:17:24.005498,0.0,0.0,0.0
2022-01-14 00:17:24.501078,0.0,0.0,0.0
2022-01-14 00:17:25.011079,0.0,0.0,0.0
2022-01-14 00:17:25.507074,0.0,0.0,0.0
2022-01-14 00:17:26.005679,0.0,0.0,0.0
2022-01-14 00:17:26.502142,0.0,0.0,0.0
2022-01-14 00:17:27.011021,0.0,0.0,0.0
2022-01-14 00:17:27.505079,0.0,0.0,0.0
2022-01-14 00:17:28.003673,0.0,0.0,0.0
2022-01-14 00:17:28.510240,0.0,0.0,0.0
2022-01-14 00:17:29.007302,0.0,0.0,0.0
2022-01-14 00:17:29.504165,0.0,0.0,0.0
2022-01-14 00:17:30.002645,0.0,0.0,0.0
2022-01-14 00:17:30.510401,0.0,0.0,0.0
2022-01-14 00:17:31.009672,0.0,0.0,0.0
2022-01-14 00:17:31.504555,0.0,0.0,0.0
2022-01-14 00:17:32.003629,0.0,0.0,0.0
2022-01-14 00:17:32.509224,0.0,0.0,0.0
2022-01-14 00:17:33.008296,0.0,0.0,0.0
2022-01-14 00:17:33.503499,0.0,0.0,0.0
2022-01-14 00:17:34.002488,0.0,0.0,0.0
2022-01-14 00:17:34.509193,0.0,0.0,0.0
2022-01-14 00:17:35.008585,0.0,0.0,0.0
2022-01-14 00:17:35.506558,0.0,0.0,0.0
2022-01-14 00:17:36.003791,0.0,0.0,0.0
2022-01-14 00:17:36.509009,0.0,0.0,0.0
2022-01-14 00:17:37.007105,0.0,0.0,0.0
2022-01-14 00:17:37.502839,0.0,0.0,0.0
2022-01-14 00:17:38.001313,0.0,0.0,0.0
2022-01-14 00:17:38.505644,0.0,0.0,0.0
2022-01-14 00:17:39.005340,0.0,0.0,0.0
2022-01-14 00:17:39.509788,0.0,0.0,0.0
2022-01-14 00:17:40.007855,0.0,0.0,0.0
2022-01-14 00:17:40.502519,0.0,0.0,0.0
2022-01-14 00:17:41.001371,0.0,0.0,0.0
2022-01-14 00:17:41.506858,0.0,0.0,0.0
2022-01-14 00:17:42.006276,0.0,0.0,0.0
2022-01-14 00:17:42.510694,0.0,0.0,0.0
2022-01-14 00:17:43.009435,0.0,0.0,0.0
2022-01-14 00:17:43.506839,0.0,0.0,0.0
2022-01-14 00:17:44.006302,0.0,0.0,0.0
2022-01-14 00:17:44.502083,0.0,0.0,0.0
2022-01-14 00:17:45.010624,0.0,0.0,0.0
2022-01-14 00:17:45.506501,0.0,0.0,0.0
2022-01-14 00:17:46.004806,0.0,0.0,0.0
2022-01-14 00:17:46.501460,0.0,0.0,0.0
2022-01-14 00:17:47.001504,0.0,0.0,0.0
2022-01-14 00:17:47.507675,0.0,0.0,0.0
2022-01-14 00:17:48.007195,0.0,0.0,0.0
2022-01-14 00:17:48.501606,0.0,0.0,0.0
2022-01-14 00:17:49.006777,0.0,0.0,0.0
2022-01-14 00:17:49.501105,0.0,0.0,0.0
2022-01-14 00:17:50.009626,0.0,0.0,0.0
2022-01-14 00:17:50.505296,0.0,0.0,0.0
2022-01-14 00:17:51.003903,0.0,0.0,0.0
2022-01-14 00:17:51.508347,0.0,0.0,0.0
2022-01-14 00:17:52.006752,0.0,0.0,0.0
2022-01-14 00:17:52.502698,0.0,0.0,0.0
2022-01-14 00:17:53.002399,0.0,0.0,0.0
2022-01-14 00:17:53.508628,0.0,0.0,0.0
2022-01-14 00:17:54.007061,0.0,0.0,0.0
2022-01-14 00:17:54.502267,0.0,0.0,0.0
2022-01-14 00:17:55.010431,0.0,0.0,0.0
2022-01-14 00:17:55.505402,0.0,0.0,0.0
2022-01-14 00:17:56.003441,0.0,0.0,0.0
2022-01-14 00:17:56.510168,0.0,0.0,0.0
2022-01-14 00:17:57.505947,0.0,0.0,0.0
2022-01-14 00:17:58.004055,0.0,0.0,0.0
2022-01-14 00:17:58.510288,0.0,0.0,0.0
2022-01-14 00:17:59.010275,0.0,0.0,0.0
2022-01-14 00:17:59.505228,0.0,0.0,0.0
2022-01-14 00:18:00.003135,0.0,0.0,0.0
2022-01-14 00:18:00.507909,0.0,0.0,0.0
2022-01-14 00:18:01.006478,0.0,0.0,0.0
2022-01-14 00:18:01.502781,0.0,0.0,0.0
2022-01-14 00:18:02.505592,0.0,0.0,0.0
2022-01-14 00:18:03.005431,0.0,0.0,0.0
2022-01-14 00:18:03.509810,0.0,0.0,0.0
2022-01-14 00:18:04.007356,0.0,0.0,0.0
2022-01-14 00:18:04.510971,0.0,0.0,0.0
2022-01-14 00:18:05.009908,0.0,0.0,0.0
2022-01-14 00:18:05.504859,0.0,0.0,0.0
2022-01-14 00:18:06.003040,0.0,0.0,0.0
2022-01-14 00:18:06.508627,0.0,0.0,0.0
2022-01-14 00:18:07.007745,0.0,0.0,0.0
2022-01-14 00:18:07.501827,0.0,0.0,0.0
2022-01-14 00:18:08.010042,0.0,0.0,0.0
2022-01-14 00:18:08.506091,0.0,0.0,0.0
2022-01-14 00:18:09.005346,0.0,0.0,0.0
2022-01-14 00:18:09.509684,0.0,0.0,0.0
2022-01-14 00:18:10.008698,0.0,0.0,0.0
2022-01-14 00:18:10.503188,0.0,0.0,0.0
2022-01-14 00:18:11.003749,0.0,0.0,0.0
2022-01-14 00:18:11.509182,0.0,0.0,0.0
2022-01-14 00:18:12.007057,0.0,0.0,0.0
2022-01-14 00:18:12.501764,0.0,0.0,0.0
2022-01-14 00:18:13.010028,0.0,0.0,0.0
2022-01-14 00:18:13.506991,0.0,0.0,0.0
2022-01-14 00:18:14.006720,0.0,0.0,0.0
2022-01-14 00:18:14.502850,0.0,0.0,0.0
2022-01-14 00:18:15.505141,0.0,0.0,0.0
2022-01-14 00:18:16.004542,0.0,0.0,0.0
2022-01-14 00:18:16.509325,0.0,0.0,0.0
2022-01-14 00:18:17.007557,0.0,0.0,0.0
2022-01-14 00:18:17.502317,0.0,0.0,0.0
2022-01-14 00:18:18.001201,0.0,0.0,0.0
2022-01-14 00:18:18.506821,0.0,0.0,0.0
2022-01-14 00:18:19.006169,0.0,0.0,0.0
2022-01-14 00:18:19.502725,0.0,0.0,0.0
2022-01-14 00:18:20.002490,0.0,0.0,0.0
2022-01-14 00:18:20.510241,0.0,0.0,0.0
2022-01-14 00:18:21.010427,0.0,0.0,0.0
2022-01-14 00:18:21.505619,0.0,0.0,0.0
2022-01-14 00:18:22.005658,0.0,0.0,0.0
2022-01-14 00:18:22.511082,0.0,0.0,0.0
2022-01-14 00:18:23.009611,0.0,0.0,0.0
2022-01-14 00:18:23.506050,0.0,0.0,0.0
2022-01-14 00:18:24.005375,0.0,0.0,0.0
2022-01-14 00:18:24.510014,0.0,0.0,0.0
2022-01-14 00:18:25.008530,0.0,0.0,0.0
2022-01-14 00:18:25.505161,0.0,0.0,0.0
2022-01-14 00:18:26.002620,0.0,0.0,0.0
2022-01-14 00:18:26.506849,0.0,0.0,0.0
2022-01-14 00:18:27.005508,0.0,0.0,0.0
2022-01-14 00:18:27.510404,0.0,0.0,0.0
2022-01-14 00:18:28.009327,0.0,0.0,0.0
2022-01-14 00:18:28.505661,0.0,0.0,0.0
2022-01-14 00:18:29.002992,0.0,0.0,0.0
2022-01-14 00:18:29.509987,0.0,0.0,0.0
2022-01-14 00:18:30.008716,0.0,0.0,0.0
2022-01-14 00:18:30.504552,0.0,0.0,0.0
2022-01-14 00:18:31.002911,0.0,0.0,0.0
2022-01-14 00:18:31.508223,0.0,0.0,0.0
2022-01-14 00:18:32.005629,0.0,0.0,0.0
2022-01-14 00:18:32.501066,0.0,0.0,0.0
2022-01-14 00:18:33.009335,0.0,0.0,0.0
2022-01-14 00:18:33.503204,0.0,0.0,0.0
2022-01-14 00:18:34.002678,0.0,0.0,0.0
2022-01-14 00:18:34.506789,0.0,0.0,0.0
2022-01-14 00:18:35.005115,0.0,0.0,0.0
2022-01-14 00:18:35.510492,0.0,0.0,0.0
2022-01-14 00:18:36.007914,0.0,0.0,0.0
2022-01-14 00:18:36.503869,0.0,0.0,0.0
2022-01-14 00:18:37.002851,0.0,0.0,0.0
2022-01-14 00:18:37.506770,0.0,0.0,0.0
2022-01-14 00:18:38.005834,0.0,0.0,0.0
2022-01-14 00:18:38.503521,0.0,0.0,0.0
2022-01-14 00:18:39.001787,0.0,0.0,0.0
2022-01-14 00:18:39.506991,0.0,0.0,0.0
2022-01-14 00:18:40.004708,0.0,0.0,0.0
2022-01-14 00:18:40.501525,0.0,0.0,0.0
2022-01-14 00:18:41.010631,0.0,0.0,0.0
2022-01-14 00:18:41.508301,0.0,0.0,0.0
2022-01-14 00:18:42.006168,0.0,0.0,0.0
2022-01-14 00:18:42.502054,0.0,0.0,0.0
2022-01-14 00:18:43.002642,0.0,0.0,0.0
2022-01-14 00:18:43.507695,0.0,0.0,0.0
2022-01-14 00:18:44.005661,0.0,0.0,0.0
2022-01-14 00:18:44.501577,0.0,0.0,0.0
2022-01-14 00:18:45.009683,0.0,0.0,0.0
2022-01-14 00:18:45.505189,0.0,0.0,0.0
2022-01-14 00:18:46.002121,0.0,0.0,0.0
2022-01-14 00:18:46.507406,0.0,0.0,0.0
2022-01-14 00:18:47.006252,0.0,0.0,0.0
2022-01-14 00:18:47.503460,0.0,0.0,0.0
2022-01-14 00:18:48.002196,0.0,0.0,0.0
2022-01-14 00:18:48.506892,0.0,0.0,0.0
2022-01-14 00:18:49.004799,0.0,0.0,0.0
2022-01-14 00:18:49.509061,0.0,0.0,0.0
2022-01-14 00:18:50.007563,0.0,0.0,0.0
2022-01-14 00:18:50.501566,0.0,0.0,0.0
2022-01-14 00:18:51.010536,0.0,0.0,0.0
2022-01-14 00:18:51.506770,0.0,0.0,0.0
2022-01-14 00:18:52.006496,0.0,0.0,0.0
2022-01-14 00:18:52.501686,0.0,0.0,0.0
2022-01-14 00:18:53.504774,0.0,0.0,0.0
2022-01-14 00:18:54.001594,0.0,0.0,0.0
2022-01-14 00:18:54.505394,0.0,0.0,0.0
2022-01-14 00:18:55.003172,0.0,0.0,0.0
2022-01-14 00:18:55.508612,0.0,0.0,0.0
2022-01-14 00:18:56.008105,0.0,0.0,0.0
2022-01-14 00:18:56.503218,0.0,0.0,0.0
2022-01-14 00:18:57.003170,0.0,0.0,0.0
2022-01-14 00:18:57.507822,0.0,0.0,0.0
2022-01-14 00:18:58.006101,0.0,0.0,0.0
2022-01-14 00:18:58.502361,0.0,0.0,0.0
2022-01-14 00:18:59.010433,0.0,0.0,0.0
2022-01-14 00:18:59.504942,0.0,0.0,0.0
2022-01-14 00:19:00.002499,0.0,0.0,0.0
2022-01-14 00:19:00.507995,0.0,0.0,0.0
2022-01-14 00:19:01.007274,0.0,0.0,0.0
2022-01-14 00:19:01.502726,0.0,0.0,0.0
2022-01-14 00:19:02.007720,0.0,0.0,0.0
2022-01-14 00:19:02.503410,0.0,0.0,0.0
2022-01-14 00:19:03.010916,0.0,0.0,0.0
2022-01-14 00:19:03.503977,0.0,0.0,0.0
2022-01-14 00:19:04.002083,0.0,0.0,0.0
2022-01-14 00:19:04.507516,0.0,0.0,0.0
2022-01-14 00:19:05.006447,0.0,0.0,0.0
2022-01-14 00:19:05.502839,0.0,0.0,0.0
2022-01-14 00:19:06.002026,0.0,0.0,0.0
2022-01-14 00:19:06.507885,0.0,0.0,0.0
2022-01-14 00:19:07.006434,0.0,0.0,0.0
2022-01-14 00:19:07.501253,0.0,0.0,0.0
2022-01-14 00:19:08.008308,0.0,0.0,0.0
2022-01-14 00:19:08.503415,0.0,0.0,0.0
2022-01-14 00:19:09.001118,0.0,0.0,0.0
2022-01-14 00:19:09.508616,0.0,0.0,0.0
2022-01-14 00:19:10.005852,0.0,0.0,0.0
2022-01-14 00:19:10.510962,0.0,0.0,0.0
2022-01-14 00:19:11.008623,0.0,0.0,0.0
2022-01-14 00:19:11.504078,0.0,0.0,0.0
2022-01-14 00:19:12.002194,0.0,0.0,0.0
2022-01-14 00:19:12.507546,0.0,0.0,0.0
2022-01-14 00:19:13.006075,0.0,0.0,0.0
2022-01-14 00:19:13.510607,0.0,0.0,0.0
2022-01-14 00:19:14.009492,0.0,0.0,0.0
2022-01-14 00:19:14.504334,0.0,0.0,0.0
2022-01-14 00:19:15.002180,0.0,0.0,0.0
2022-01-14 00:19:15.506326,0.0,0.0,0.0
2022-01-14 00:19:16.004155,0.0,0.0,0.0
2022-01-14 00:19:16.507948,0.0,0.0,0.0
2022-01-14 00:19:17.005649,0.0,0.0,0.0
2022-01-14 00:19:17.509810,0.0,0.0,0.0
2022-01-14 00:19:18.007185,0.0,0.0,0.0
2022-01-14 00:19:18.502915,0.0,0.0,0.0
2022-01-14 00:19:19.002290,0.0,0.0,0.0
2022-01-14 00:19:19.508471,0.0,0.0,0.0
2022-01-14 00:19:20.006810,0.0,0.0,0.0
2022-01-14 00:19:20.501959,0.0,0.0,0.0
2022-01-14 00:19:21.009439,0.0,0.0,0.0
2022-01-14 00:19:21.503831,0.0,0.0,0.0
2022-01-14 00:19:22.001925,0.0,0.0,0.0
2022-01-14 00:19:22.508660,0.0,0.0,0.0
2022-01-14 00:19:23.008692,0.0,0.0,0.0
2022-01-14 00:19:23.505103,0.0,0.0,0.0
2022-01-14 00:19:24.001960,0.0,0.0,0.0
2022-01-14 00:19:24.507287,0.0,0.0,0.0
2022-01-14 00:19:25.005317,0.0,0.0,0.0
2022-01-14 00:19:25.510559,0.0,0.0,0.0
2022-01-14 00:19:26.010329,0.0,0.0,0.0
2022-01-14 00:19:26.503949,0.0,0.0,0.0
2022-01-14 00:19:27.003795,0.0,0.0,0.0
2022-01-14 00:19:27.510950,0.0,0.0,0.0
2022-01-14 00:19:28.010248,0.0,0.0,0.0
2022-01-14 00:19:28.505490,0.0,0.0,0.0
2022-01-14 00:19:29.002551,0.0,0.0,0.0
2022-01-14 00:19:29.507901,0.0,0.0,0.0
2022-01-14 00:19:30.005473,0.0,0.0,0.0
2022-01-14 00:19:30.501043,0.0,0.0,0.0
2022-01-14 00:19:31.009530,0.0,0.0,0.0
2022-01-14 00:19:31.505819,0.0,0.0,0.0
2022-01-14 00:19:32.005428,0.0,0.0,0.0
2022-01-14 00:19:32.501525,0.0,0.0,0.0
2022-01-14 00:19:33.010252,0.0,0.0,0.0
2022-01-14 00:19:33.506994,0.0,0.0,0.0
2022-01-14 00:19:34.005563,0.0,0.0,0.0
2022-01-14 00:19:34.502291,0.0,0.0,0.0
2022-01-14 00:19:35.002125,0.0,0.0,0.0
2022-01-14 00:19:35.507701,0.0,0.0,0.0
2022-01-14 00:19:36.005509,0.0,0.0,0.0
2022-01-14 00:19:36.510960,0.0,0.0,0.0
2022-01-14 00:19:37.505763,0.0,0.0,0.0
2022-01-14 00:19:38.004540,0.0,0.0,0.0
2022-01-14 00:19:38.502238,0.0,0.0,0.0
2022-01-14 00:19:39.011242,0.0,0.0,0.0
2022-01-14 00:19:39.506418,0.0,0.0,0.0
2022-01-14 00:19:40.005644,0.0,0.0,0.0
2022-01-14 00:19:40.501506,0.0,0.0,0.0
2022-01-14 00:19:41.010187,0.0,0.0,0.0
2022-01-14 00:19:41.505705,0.0,0.0,0.0
2022-01-14 00:19:42.004542,0.0,0.0,0.0
2022-01-14 00:19:42.510658,0.0,0.0,0.0
2022-01-14 00:19:43.008775,0.0,0.0,0.0
2022-01-14 00:19:43.505093,0.0,0.0,0.0
2022-01-14 00:19:44.003386,0.0,0.0,0.0
2022-01-14 00:19:44.509081,0.0,0.0,0.0
2022-01-14 00:19:45.006113,0.0,0.0,0.0
2022-01-14 00:19:45.503419,0.0,0.0,0.0
2022-01-14 00:19:46.001391,0.0,0.0,0.0
2022-01-14 00:19:46.509991,0.0,0.0,0.0
2022-01-14 00:19:47.009147,0.0,0.0,0.0
2022-01-14 00:19:47.503979,0.0,0.0,0.0
2022-01-14 00:19:48.001136,0.0,0.0,0.0
2022-01-14 00:19:48.505598,0.0,0.0,0.0
2022-01-14 00:19:49.002151,0.0,0.0,0.0
2022-01-14 00:19:49.506172,0.0,0.0,0.0
2022-01-14 00:19:50.005298,0.0,0.0,0.0
2022-01-14 00:19:50.510769,0.0,0.0,0.0
2022-01-14 00:19:51.505570,0.0,0.0,0.0
2022-01-14 00:19:52.003092,0.0,0.0,0.0
2022-01-14 00:19:52.508984,0.0,0.0,0.0
2022-01-14 00:19:53.006921,0.0,0.0,0.0
2022-01-14 00:19:53.502092,0.0,0.0,0.0
2022-01-14 00:19:54.010817,0.0,0.0,0.0
2022-01-14 00:19:54.506758,0.0,0.0,0.0
2022-01-14 00:19:55.005188,0.0,0.0,0.0
2022-01-14 00:19:55.510487,0.0,0.0,0.0
2022-01-14 00:19:56.010867,0.0,0.0,0.0
2022-01-14 00:19:56.506543,0.0,0.0,0.0
2022-01-14 00:19:57.006302,0.0,0.0,0.0
2022-01-14 00:19:57.502366,0.0,0.0,0.0
2022-01-14 00:19:58.009648,0.0,0.0,0.0
2022-01-14 00:19:58.503306,0.0,0.0,0.0
2022-01-14 00:19:59.001904,0.0,0.0,0.0
2022-01-14 00:19:59.507100,0.0,0.0,0.0
2022-01-14 00:20:00.005060,0.0,0.0,0.0
2022-01-14 00:20:00.510220,0.0,0.0,0.0
2022-01-14 00:20:01.007615,0.0,0.0,0.0
2022-01-14 00:20:01.503302,0.0,0.0,0.0
2022-01-14 00:20:02.001368,0.0,0.0,0.0
2022-01-14 00:20:02.507561,0.0,0.0,0.0
2022-01-14 00:20:03.005458,0.0,0.0,0.0
2022-01-14 00:20:03.511060,0.0,0.0,0.0
2022-01-14 00:20:04.009623,0.0,0.0,0.0
2022-01-14 00:20:04.507077,0.0,0.0,0.0
2022-01-14 00:20:05.006202,0.0,0.0,0.0
2022-01-14 00:20:05.501297,0.0,0.0,0.0
2022-01-14 00:20:06.009137,0.0,0.0,0.0
2022-01-14 00:20:06.504004,0.0,0.0,0.0
2022-01-14 00:20:07.002719,0.0,0.0,0.0
2022-01-14 00:20:07.508502,0.0,0.0,0.0
2022-01-14 00:20:08.007453,0.0,0.0,0.0
2022-01-14 00:20:08.502062,0.0,0.0,0.0
2022-01-14 00:20:09.504727,0.0,0.0,0.0
2022-01-14 00:20:10.002509,0.0,0.0,0.0
2022-01-14 00:20:10.506183,0.0,0.0,0.0
2022-01-14 00:20:11.005301,0.0,0.0,0.0
2022-01-14 00:20:11.501456,0.0,0.0,0.0
2022-01-14 00:20:12.008910,0.0,0.0,0.0
2022-01-14 00:20:12.503486,0.0,0.0,0.0
2022-01-14 00:20:13.002754,0.0,0.0,0.0
2022-01-14 00:20:13.508574,0.0,0.0,0.0
2022-01-14 00:20:14.009122,0.0,0.0,0.0
2022-01-14 00:20:14.502771,0.0,0.0,0.0
2022-01-14 00:20:15.010798,0.0,0.0,0.0
2022-01-14 00:20:15.505273,0.0,0.0,0.0
2022-01-14 00:20:16.003286,0.0,0.0,0.0
2022-01-14 00:20:16.509053,0.0,0.0,0.0
2022-01-14 00:20:17.006683,0.0,0.0,0.0
2022-01-14 00:20:17.502728,0.0,0.0,0.0
2022-01-14 00:20:18.010646,0.0,0.0,0.0
2022-01-14 00:20:18.507799,0.0,0.0,0.0
2022-01-14 00:20:19.006264,0.0,0.0,0.0
2022-01-14 00:20:19.503302,0.0,0.0,0.0
2022-01-14 00:20:20.002505,0.0,0.0,0.0
2022-01-14 00:20:20.507857,0.0,0.0,0.0
2022-01-14 00:20:21.006230,0.0,0.0,0.0
2022-01-14 00:20:21.501638,0.0,0.0,0.0
2022-01-14 00:20:22.010605,0.0,0.0,0.0
2022-01-14 00:20:22.506905,0.0,0.0,0.0
2022-01-14 00:20:23.005782,0.0,0.0,0.0
2022-01-14 00:20:23.510694,0.0,0.0,0.0
2022-01-14 00:20:24.009012,0.0,0.0,0.0
2022-01-14 00:20:24.502763,0.0,0.0,0.0
2022-01-14 00:20:25.001968,0.0,0.0,0.0
2022-01-14 00:20:25.505860,0.0,0.0,0.0
2022-01-14 00:20:26.003365,0.0,0.0,0.0
2022-01-14 00:20:26.508868,0.0,0.0,0.0
2022-01-14 00:20:27.007868,0.0,0.0,0.0
2022-01-14 00:20:27.503731,0.0,0.0,0.0
2022-01-14 00:20:28.002158,0.0,0.0,0.0
2022-01-14 00:20:28.506866,0.0,0.0,0.0
2022-01-14 00:20:29.005380,0.0,0.0,0.0
2022-01-14 00:20:29.509500,0.0,0.0,0.0
2022-01-14 00:20:30.007706,0.0,0.0,0.0
2022-01-14 00:20:31.005542,0.0,0.0,0.0
2022-01-14 00:20:31.510887,0.0,0.0,0.0
2022-01-14 00:20:32.009998,0.0,0.0,0.0
2022-01-14 00:20:32.504490,0.0,0.0,0.0
2022-01-14 00:20:33.002957,0.0,0.0,0.0
2022-01-14 00:20:33.507398,0.0,0.0,0.0
2022-01-14 00:20:34.005317,0.0,0.0,0.0
2022-01-14 00:20:34.509029,0.0,0.0,0.0
2022-01-14 00:20:35.007212,0.0,0.0,0.0
2022-01-14 00:20:35.502253,0.0,0.0,0.0
2022-01-14 00:20:36.001158,0.0,0.0,0.0
2022-01-14 00:20:36.508527,0.0,0.0,0.0
2022-01-14 00:20:37.005976,0.0,0.0,0.0
2022-01-14 00:20:37.501131,0.0,0.0,0.0
2022-01-14 00:20:38.009301,0.0,0.0,0.0
2022-01-14 00:20:38.504247,0.0,0.0,0.0
2022-01-14 00:20:39.002757,0.0,0.0,0.0
2022-01-14 00:20:39.507198,0.0,0.0,0.0
2022-01-14 00:20:40.007205,0.0,0.0,0.0
2022-01-14 00:20:40.501424,0.0,0.0,0.0
2022-01-14 00:20:41.009923,0.0,0.0,0.0
2022-01-14 00:20:41.504643,0.0,0.0,0.0
2022-01-14 00:20:42.002137,0.0,0.0,0.0
2022-01-14 00:20:42.507267,0.0,0.0,0.0
2022-01-14 00:20:43.004787,0.0,0.0,0.0
2022-01-14 00:20:43.509158,0.0,0.0,0.0
2022-01-14 00:20:44.006953,0.0,0.0,0.0
2022-01-14 00:20:44.501434,0.0,0.0,0.0
2022-01-14 00:20:45.010397,0.0,0.0,0.0
2022-01-14 00:20:45.507433,0.0,0.0,0.0
2022-01-14 00:20:46.005276,0.0,0.0,0.0
2022-01-14 00:20:46.510457,0.0,0.0,0.0
2022-01-14 00:20:47.009400,0.0,0.0,0.0
2022-01-14 00:20:47.504564,0.0,0.0,0.0
2022-01-14 00:20:48.002540,0.0,0.0,0.0
2022-01-14 00:20:48.507628,0.0,0.0,0.0
2022-01-14 00:20:49.005002,0.0,0.0,0.0
2022-01-14 00:20:49.509576,0.0,0.0,0.0
2022-01-14 00:20:50.008759,0.0,0.0,0.0
2022-01-14 00:20:50.505063,0.0,0.0,0.0
2022-01-14 00:20:51.002195,0.0,0.0,0.0
2022-01-14 00:20:51.506901,0.0,0.0,0.0
2022-01-14 00:20:52.004509,0.0,0.0,0.0
2022-01-14 00:20:52.509196,0.0,0.0,0.0
2022-01-14 00:20:53.006099,0.0,0.0,0.0
2022-01-14 00:20:53.509596,0.0,0.0,0.0
2022-01-14 00:20:54.008860,0.0,0.0,0.0
2022-01-14 00:20:54.506318,0.0,0.0,0.0
2022-01-14 00:20:55.004829,0.0,0.0,0.0
2022-01-14 00:20:55.509700,0.0,0.0,0.0
2022-01-14 00:20:56.006974,0.0,0.0,0.0
2022-01-14 00:20:56.502277,0.0,0.0,0.0
2022-01-14 00:20:57.010378,0.0,0.0,0.0
2022-01-14 00:20:57.506034,0.0,0.0,0.0
2022-01-14 00:20:58.004833,0.0,0.0,0.0
2022-01-14 00:20:58.511016,0.0,0.0,0.0
2022-01-14 00:20:59.010786,0.0,0.0,0.0
2022-01-14 00:20:59.505315,0.0,0.0,0.0
2022-01-14 00:21:00.003561,0.0,0.0,0.0
2022-01-14 00:21:00.508576,0.0,0.0,0.0
2022-01-14 00:21:01.005999,0.0,0.0,0.0
2022-01-14 00:21:01.510707,0.0,0.0,0.0
2022-01-14 00:21:02.010498,0.0,0.0,0.0
2022-01-14 00:21:02.507336,0.0,0.0,0.0
2022-01-14 00:21:03.006032,0.0,0.0,0.0
2022-01-14 00:21:03.501191,0.0,0.0,0.0
2022-01-14 00:21:04.008725,0.0,0.0,0.0
2022-01-14 00:21:04.502831,0.0,0.0,0.0
2022-01-14 00:21:05.001302,0.0,0.0,0.0
2022-01-14 00:21:05.506531,0.0,0.0,0.0
2022-01-14 00:21:06.006147,0.0,0.0,0.0
2022-01-14 00:21:06.502172,0.0,0.0,0.0
2022-01-14 00:21:07.010564,0.0,0.0,0.0
2022-01-14 00:21:07.504549,0.0,0.0,0.0
2022-01-14 00:21:08.002259,0.0,0.0,0.0
2022-01-14 00:21:08.506461,0.0,0.0,0.0
2022-01-14 00:21:09.004464,0.0,0.0,0.0
2022-01-14 00:21:09.510327,0.0,0.0,0.0
2022-01-14 00:21:10.009017,0.0,0.0,0.0
2022-01-14 00:21:10.503797,0.0,0.0,0.0
2022-01-14 00:21:11.002707,0.0,0.0,0.0
2022-01-14 00:21:11.508882,0.0,0.0,0.0
2022-01-14 00:21:12.006151,0.0,0.0,0.0
2022-01-14 00:21:12.501343,0.0,0.0,0.0
2022-01-14 00:21:13.009978,0.0,0.0,0.0
2022-01-14 00:21:13.504822,0.0,0.0,0.0
2022-01-14 00:21:14.003455,0.0,0.0,0.0
2022-01-14 00:21:14.508541,0.0,0.0,0.0
2022-01-14 00:21:15.006272,0.0,0.0,0.0
2022-01-14 00:21:15.502342,0.0,0.0,0.0
2022-01-14 00:21:16.010938,0.0,0.0,0.0
2022-01-14 00:21:16.507179,0.0,0.0,0.0
2022-01-14 00:21:17.004503,0.0,0.0,0.0
2022-01-14 00:21:17.509596,0.0,0.0,0.0
2022-01-14 00:21:18.006694,0.0,0.0,0.0
2022-01-14 00:21:18.502757,0.0,0.0,0.0
2022-01-14 00:21:19.001183,0.0,0.0,0.0
2022-01-14 00:21:19.509102,0.0,0.0,0.0
2022-01-14 00:21:20.008719,0.0,0.0,0.0
2022-01-14 00:21:20.504204,0.0,0.0,0.0
2022-01-14 00:21:21.001713,0.0,0.0,0.0
2022-01-14 00:21:21.505646,0.0,0.0,0.0
2022-01-14 00:21:22.003389,0.0,0.0,0.0
2022-01-14 00:21:22.509524,0.0,0.0,0.0
2022-01-14 00:21:23.008859,0.0,0.0,0.0
2022-01-14 00:21:23.503208,0.0,0.0,0.0
2022-01-14 00:21:24.003786,0.0,0.0,0.0
2022-01-14 00:21:24.509949,0.0,0.0,0.0
2022-01-14 00:21:25.009589,0.0,0.0,0.0
2022-01-14 00:21:25.505132,0.0,0.0,0.0
2022-01-14 00:21:26.003148,0.0,0.0,0.0
2022-01-14 00:21:26.506985,0.0,0.0,0.0
2022-01-14 00:21:27.005223,0.0,0.0,0.0
2022-01-14 00:21:27.501150,0.0,0.0,0.0
2022-01-14 00:21:28.009505,0.0,0.0,0.0
2022-01-14 00:21:28.504606,0.0,0.0,0.0
2022-01-14 00:21:29.003428,0.0,0.0,0.0
2022-01-14 00:21:29.509666,0.0,0.0,0.0
2022-01-14 00:21:30.007901,0.0,0.0,0.0
2022-01-14 00:21:30.502557,0.0,0.0,0.0
2022-01-14 00:21:31.010041,0.0,0.0,0.0
2022-01-14 00:21:31.504580,0.0,0.0,0.0
2022-01-14 00:21:32.002565,0.0,0.0,0.0
2022-01-14 00:21:32.509301,0.0,0.0,0.0
2022-01-14 00:21:33.007609,0.0,0.0,0.0
2022-01-14 00:21:33.501175,0.0,0.0,0.0
2022-01-14 00:21:34.009124,0.0,0.0,0.0
2022-01-14 00:21:34.504904,0.0,0.0,0.0
2022-01-14 00:21:35.002367,0.0,0.0,0.0
2022-01-14 00:21:35.507777,0.0,0.0,0.0
2022-01-14 00:21:36.007163,0.0,0.0,0.0
2022-01-14 00:21:36.503907,0.0,0.0,0.0
2022-01-14 00:21:37.001914,0.0,0.0,0.0
2022-01-14 00:21:37.507367,0.0,0.0,0.0
2022-01-14 00:21:38.005126,0.0,0.0,0.0
2022-01-14 00:21:38.504530,0.0,0.0,0.0
2022-01-14 00:21:39.002872,0.0,0.0,0.0
2022-01-14 00:21:39.508536,0.0,0.0,0.0
2022-01-14 00:21:40.007360,0.0,0.0,0.0
2022-01-14 00:21:40.503268,0.0,0.0,0.0
2022-01-14 00:21:41.001741,0.0,0.0,0.0
2022-01-14 00:21:41.506894,0.0,0.0,0.0
2022-01-14 00:21:42.004154,0.0,0.0,0.0
2022-01-14 00:21:42.510812,0.0,0.0,0.0
2022-01-14 00:21:43.010240,0.0,0.0,0.0
2022-01-14 00:21:43.506692,0.0,0.0,0.0
2022-01-14 00:21:44.004682,0.0,0.0,0.0
2022-01-14 00:21:44.511179,0.0,0.0,0.0
2022-01-14 00:21:45.010766,0.0,0.0,0.0
2022-01-14 00:21:45.505723,0.0,0.0,0.0
2022-01-14 00:21:46.002375,0.0,0.0,0.0
2022-01-14 00:21:46.507889,0.0,0.0,0.0
2022-01-14 00:21:47.006285,0.0,0.0,0.0
2022-01-14 00:21:47.504080,0.0,0.0,0.0
2022-01-14 00:21:48.001482,0.0,0.0,0.0
2022-01-14 00:21:48.505597,0.0,0.0,0.0
2022-01-14 00:21:49.003693,0.0,0.0,0.0
