時間,回転１,回転２,回転３
2022-01-24 19:00:00.003799,0.0,0.0,0.0
2022-01-24 19:00:00.507906,0.0,0.0,0.0
2022-01-24 19:00:01.006530,0.0,0.0,0.0
2022-01-24 19:00:01.501780,0.0,0.0,0.0
2022-01-24 19:00:02.001648,0.0,0.0,0.0
2022-01-24 19:00:02.509472,0.0,0.0,0.0
2022-01-24 19:00:03.008209,0.0,0.0,0.0
2022-01-24 19:00:03.502903,0.0,0.0,0.0
2022-01-24 19:00:04.001427,0.0,0.0,0.0
2022-01-24 19:00:04.507022,0.0,0.0,0.0
2022-01-24 19:00:05.005151,0.0,0.0,0.0
2022-01-24 19:00:05.510488,0.0,0.0,0.0
2022-01-24 19:00:06.008564,0.0,0.0,0.0
2022-01-24 19:00:06.505240,0.0,0.0,0.0
2022-01-24 19:00:07.005349,0.0,0.0,0.0
2022-01-24 19:00:07.510748,0.0,0.0,0.0
2022-01-24 19:00:08.009024,0.0,0.0,0.0
2022-01-24 19:00:08.505812,0.0,0.0,0.0
2022-01-24 19:00:09.005430,0.0,0.0,0.0
2022-01-24 19:00:09.510921,0.0,0.0,0.0
2022-01-24 19:00:10.002593,0.0,0.0,0.0
2022-01-24 19:00:10.508362,0.0,0.0,0.0
2022-01-24 19:00:11.002980,0.0,0.0,0.0
2022-01-24 19:00:11.509072,0.0,0.0,0.0
2022-01-24 19:00:12.007362,0.0,0.0,0.0
2022-01-24 19:00:12.503650,0.0,0.0,0.0
2022-01-24 19:00:13.003189,0.0,0.0,0.0
2022-01-24 19:00:13.507744,0.0,0.0,0.0
2022-01-24 19:00:14.006311,0.0,0.0,0.0
2022-01-24 19:00:14.510927,0.0,0.0,0.0
2022-01-24 19:00:15.009550,0.0,0.0,0.0
2022-01-24 19:00:15.506787,0.0,0.0,0.0
2022-01-24 19:00:16.004623,0.0,0.0,0.0
2022-01-24 19:00:16.510793,0.0,0.0,0.0
2022-01-24 19:00:17.010407,0.0,0.0,0.0
2022-01-24 19:00:17.505031,0.0,0.0,0.0
2022-01-24 19:00:18.003805,0.0,0.0,0.0
2022-01-24 19:00:18.510015,0.0,0.0,0.0
2022-01-24 19:00:19.007965,0.0,0.0,0.0
2022-01-24 19:00:19.503735,0.0,0.0,0.0
2022-01-24 19:00:20.004679,0.0,0.0,0.0
2022-01-24 19:00:20.509870,0.0,0.0,0.0
2022-01-24 19:00:21.009221,0.0,0.0,0.0
2022-01-24 19:00:21.505822,0.0,0.0,0.0
2022-01-24 19:00:22.003759,0.0,0.0,0.0
2022-01-24 19:00:22.509480,0.0,0.0,0.0
2022-01-24 19:00:23.008031,0.0,0.0,0.0
2022-01-24 19:00:23.505278,0.0,0.0,0.0
2022-01-24 19:00:24.003405,0.0,0.0,0.0
2022-01-24 19:00:24.501636,0.0,0.0,0.0
2022-01-24 19:00:25.010942,0.0,0.0,0.0
2022-01-24 19:00:25.507196,0.0,0.0,0.0
2022-01-24 19:00:26.004587,0.0,0.0,0.0
2022-01-24 19:00:26.509695,0.0,0.0,0.0
2022-01-24 19:00:27.009159,0.0,0.0,0.0
2022-01-24 19:00:27.506808,0.0,0.0,0.0
2022-01-24 19:00:28.004825,0.0,0.0,0.0
2022-01-24 19:00:28.509128,0.0,0.0,0.0
2022-01-24 19:00:29.010140,0.0,0.0,0.0
2022-01-24 19:00:29.507282,0.0,0.0,0.0
2022-01-24 19:00:30.006814,0.0,0.0,0.0
2022-01-24 19:00:30.502494,0.0,0.0,0.0
2022-01-24 19:00:31.010438,0.0,0.0,0.0
2022-01-24 19:00:31.505947,0.0,0.0,0.0
2022-01-24 19:00:32.004293,0.0,0.0,0.0
2022-01-24 19:00:32.508533,0.0,0.0,0.0
2022-01-24 19:00:33.007851,0.0,0.0,0.0
2022-01-24 19:00:33.504458,0.0,0.0,0.0
2022-01-24 19:00:34.003745,0.0,0.0,0.0
2022-01-24 19:00:34.508115,0.0,0.0,0.0
2022-01-24 19:00:35.005923,0.0,0.0,0.0
2022-01-24 19:00:35.501568,0.0,0.0,0.0
2022-01-24 19:00:36.010282,0.0,0.0,0.0
2022-01-24 19:00:36.506438,0.0,0.0,0.0
2022-01-24 19:00:37.004927,0.0,0.0,0.0
2022-01-24 19:00:37.502619,0.0,0.0,0.0
2022-01-24 19:00:38.001049,0.0,0.0,0.0
2022-01-24 19:00:38.505916,0.0,0.0,0.0
2022-01-24 19:00:39.004969,0.0,0.0,0.0
2022-01-24 19:00:39.509283,0.0,0.0,0.0
2022-01-24 19:00:40.006973,0.0,0.0,0.0
2022-01-24 19:00:40.501216,0.0,0.0,0.0
2022-01-24 19:00:41.009946,0.0,0.0,0.0
2022-01-24 19:00:41.506302,0.0,0.0,0.0
2022-01-24 19:00:42.005467,0.0,0.0,0.0
2022-01-24 19:00:42.510853,0.0,0.0,0.0
2022-01-24 19:00:43.009557,0.0,0.0,0.0
2022-01-24 19:00:43.505038,0.0,0.0,0.0
2022-01-24 19:00:44.002727,0.0,0.0,0.0
2022-01-24 19:00:44.506820,0.0,0.0,0.0
2022-01-24 19:00:45.004809,0.0,0.0,0.0
2022-01-24 19:00:45.509846,0.0,0.0,0.0
2022-01-24 19:00:46.007361,0.0,0.0,0.0
2022-01-24 19:00:46.506518,0.0,0.0,0.0
2022-01-24 19:00:47.003447,0.0,0.0,0.0
2022-01-24 19:00:47.509256,0.0,0.0,0.0
2022-01-24 19:00:48.007962,0.0,0.0,0.0
2022-01-24 19:00:48.502762,0.0,0.0,0.0
2022-01-24 19:00:49.001684,0.0,0.0,0.0
2022-01-24 19:00:49.507501,0.0,0.0,0.0
2022-01-24 19:00:50.005639,0.0,0.0,0.0
2022-01-24 19:00:50.510706,0.0,0.0,0.0
2022-01-24 19:00:51.010702,0.0,0.0,0.0
2022-01-24 19:00:51.505841,0.0,0.0,0.0
2022-01-24 19:00:52.005068,0.0,0.0,0.0
2022-01-24 19:00:52.510184,0.0,0.0,0.0
2022-01-24 19:00:53.009137,0.0,0.0,0.0
2022-01-24 19:00:53.506494,0.0,0.0,0.0
2022-01-24 19:00:54.005539,0.0,0.0,0.0
2022-01-24 19:00:54.501025,0.0,0.0,0.0
2022-01-24 19:00:55.010863,0.0,0.0,0.0
2022-01-24 19:00:55.505153,0.0,0.0,0.0
2022-01-24 19:00:56.004289,0.0,0.0,0.0
2022-01-24 19:00:56.501047,0.0,0.0,0.0
2022-01-24 19:00:57.010890,0.0,0.0,0.0
2022-01-24 19:00:57.506837,0.0,0.0,0.0
2022-01-24 19:00:58.003352,0.0,0.0,0.0
2022-01-24 19:00:58.509810,0.0,0.0,4.86895
2022-01-24 19:00:59.008533,0.0,0.0,4.86895
2022-01-24 19:00:59.504590,0.0,0.0,0.15645
2022-01-24 19:01:00.005249,0.0,0.0,0.15645
2022-01-24 19:01:00.509567,0.0,0.0,0.0
2022-01-24 19:01:01.010288,0.0,0.0,0.0
2022-01-24 19:01:01.506438,0.0,0.0,0.0
2022-01-24 19:01:02.007330,0.0,0.0,0.0
2022-01-24 19:01:02.502622,0.0,0.0,0.0
2022-01-24 19:01:03.003657,0.0,0.0,0.0
2022-01-24 19:01:03.501207,0.0,0.0,0.0
2022-01-24 19:01:04.010267,0.0,0.0,0.0
2022-01-24 19:01:04.506096,0.0,0.0,0.0
2022-01-24 19:01:05.003287,0.0,0.0,0.0
2022-01-24 19:01:05.509567,0.0,0.0,0.0
2022-01-24 19:01:06.007332,0.0,0.0,0.0
2022-01-24 19:01:06.503288,0.0,0.0,0.0
2022-01-24 19:01:07.001841,0.0,0.0,0.0
2022-01-24 19:01:07.508054,0.0,0.0,0.0
2022-01-24 19:01:08.008089,0.0,0.0,0.0
2022-01-24 19:01:08.503582,0.0,0.0,0.0
2022-01-24 19:01:09.001850,0.0,0.0,0.0
2022-01-24 19:01:09.508044,0.0,0.0,0.0
2022-01-24 19:01:10.005812,0.0,0.0,0.0
2022-01-24 19:01:10.501073,0.0,0.0,0.03864
2022-01-24 19:01:11.006017,0.0,0.0,0.03864
2022-01-24 19:01:11.511143,0.0,0.0,1.02072
2022-01-24 19:01:12.009107,0.0,0.0,1.02072
2022-01-24 19:01:12.508215,0.0,0.0,0.19604
2022-01-24 19:01:13.008090,0.0,0.0,0.19604
2022-01-24 19:01:13.504715,0.0,0.0,0.07822
2022-01-24 19:01:14.002682,0.0,0.0,0.07822
2022-01-24 19:01:14.508726,0.0,0.0,0.0
2022-01-24 19:01:15.007595,0.0,0.0,0.0
2022-01-24 19:01:15.503219,0.0,0.0,0.0
2022-01-24 19:01:16.001552,0.0,0.0,0.0
2022-01-24 19:01:16.507280,0.0,0.0,0.0
2022-01-24 19:01:17.006821,0.0,0.0,0.0
2022-01-24 19:01:17.504242,0.0,0.0,0.0
2022-01-24 19:01:18.002635,0.0,0.0,0.0
2022-01-24 19:01:18.508619,0.0,0.0,0.0
2022-01-24 19:01:19.006735,0.0,0.0,0.0
2022-01-24 19:01:19.502527,0.0,0.0,0.0
2022-01-24 19:01:20.010769,0.0,0.0,0.0
2022-01-24 19:01:20.505754,0.0,0.0,0.0
2022-01-24 19:01:21.003666,0.0,0.0,0.0
2022-01-24 19:01:21.510613,0.0,0.0,0.0
2022-01-24 19:01:22.009149,0.0,0.0,0.0
2022-01-24 19:01:22.506817,0.0,0.0,0.0
2022-01-24 19:01:23.006075,0.0,0.0,0.0
2022-01-24 19:01:23.502277,0.0,0.0,0.0
2022-01-24 19:01:24.001872,0.0,0.0,0.0
2022-01-24 19:01:24.508060,0.0,0.0,0.0
2022-01-24 19:01:25.007817,0.0,0.0,0.0
2022-01-24 19:01:25.503496,0.0,0.0,0.0
2022-01-24 19:01:26.004627,0.0,0.0,0.0
2022-01-24 19:01:26.501250,0.0,0.0,0.0
2022-01-24 19:01:27.009063,0.0,0.0,0.0
2022-01-24 19:01:27.505268,0.0,0.0,0.0
2022-01-24 19:01:28.003394,0.0,0.0,0.0
2022-01-24 19:01:28.508490,0.0,0.0,0.0
2022-01-24 19:01:29.007829,0.0,0.0,0.0
2022-01-24 19:01:29.501993,0.0,0.0,0.0
2022-01-24 19:01:30.010911,0.0,0.0,0.0
2022-01-24 19:01:30.506574,0.0,0.0,0.0
2022-01-24 19:01:31.005446,0.0,0.0,0.0
2022-01-24 19:01:31.501273,0.0,0.0,0.0
2022-01-24 19:01:32.009558,0.0,0.0,0.0
2022-01-24 19:01:32.506469,0.0,0.0,0.0
2022-01-24 19:01:33.005676,0.0,0.0,0.0
2022-01-24 19:01:33.502885,0.0,0.0,0.0
2022-01-24 19:01:34.010727,0.0,0.0,0.0
2022-01-24 19:01:34.505053,0.0,0.0,0.0
2022-01-24 19:01:35.001206,0.0,0.0,0.0
2022-01-24 19:01:35.507030,0.0,0.0,0.0
2022-01-24 19:01:36.005774,0.0,0.0,0.0
2022-01-24 19:01:36.501560,0.0,0.0,0.0
2022-01-24 19:01:37.010359,0.0,0.0,0.0
2022-01-24 19:01:37.504364,0.0,0.0,0.0
2022-01-24 19:01:38.003611,0.0,0.0,0.0
2022-01-24 19:01:38.510287,0.0,0.0,0.0
2022-01-24 19:01:39.007299,0.0,0.0,0.0
2022-01-24 19:01:39.504181,0.0,0.0,0.0
2022-01-24 19:01:40.002443,0.0,0.0,0.0
2022-01-24 19:01:40.507928,0.0,0.0,0.0
2022-01-24 19:01:41.006731,0.0,0.0,0.0
2022-01-24 19:01:41.502651,0.0,0.0,0.0
2022-01-24 19:01:42.010724,0.0,0.0,0.0
2022-01-24 19:01:42.507227,0.0,0.0,0.0
2022-01-24 19:01:43.006204,0.0,0.0,0.0
2022-01-24 19:01:43.504579,0.0,0.0,0.0
2022-01-24 19:01:44.001894,0.0,0.0,0.0
2022-01-24 19:01:44.506968,0.0,0.0,0.0
2022-01-24 19:01:45.005057,0.0,0.0,0.0
2022-01-24 19:01:45.501167,0.0,0.0,0.0
2022-01-24 19:01:46.009075,0.0,0.0,0.0
2022-01-24 19:01:46.503618,0.0,0.0,0.0
2022-01-24 19:01:47.002835,0.0,0.0,0.0
2022-01-24 19:01:47.508816,0.0,0.0,0.0
2022-01-24 19:01:48.006514,0.0,0.0,0.0
2022-01-24 19:01:48.502713,0.0,0.0,0.0
2022-01-24 19:01:49.505867,0.0,0.0,0.0
2022-01-24 19:01:50.004301,0.0,0.0,0.0
2022-01-24 19:01:50.501091,0.0,0.0,0.0
2022-01-24 19:01:51.009938,0.0,0.0,0.0
2022-01-24 19:01:51.504628,0.0,0.0,0.0
2022-01-24 19:01:52.004966,0.0,0.0,0.0
2022-01-24 19:01:52.510412,0.0,0.0,0.0
2022-01-24 19:01:53.008959,0.0,0.0,0.0
2022-01-24 19:01:53.504578,0.0,0.0,0.0
2022-01-24 19:01:54.002780,0.0,0.0,0.0
2022-01-24 19:01:54.509019,0.0,0.0,0.0
2022-01-24 19:01:55.009355,0.0,0.0,0.0
2022-01-24 19:01:55.505283,0.0,0.0,0.0
2022-01-24 19:01:56.003218,0.0,0.0,0.0
2022-01-24 19:01:56.509032,0.0,0.0,0.0
2022-01-24 19:01:57.007931,0.0,0.0,0.0
2022-01-24 19:01:57.504017,0.0,0.0,0.0
2022-01-24 19:01:58.003188,0.0,0.0,0.0
2022-01-24 19:01:58.509226,0.0,0.0,0.0
2022-01-24 19:01:59.007196,0.0,0.0,0.0
2022-01-24 19:01:59.503833,0.0,0.0,0.0
2022-01-24 19:02:00.002143,0.0,0.0,0.0
2022-01-24 19:02:00.506776,0.0,0.0,0.0
2022-01-24 19:02:01.004323,0.0,0.0,0.0
2022-01-24 19:02:01.509979,0.0,0.0,0.0
2022-01-24 19:02:02.008582,0.0,0.0,0.0
2022-01-24 19:02:02.505481,0.0,0.0,0.0
2022-01-24 19:02:03.003883,0.0,0.0,0.0
2022-01-24 19:02:03.501750,0.0,0.0,0.0
2022-01-24 19:02:04.011261,0.0,0.0,0.0
2022-01-24 19:02:04.506083,0.0,0.0,0.0
2022-01-24 19:02:05.004702,0.0,0.0,0.0
2022-01-24 19:02:05.503490,0.0,0.0,0.0
2022-01-24 19:02:06.003949,0.0,0.0,0.0
2022-01-24 19:02:06.510262,0.0,0.0,0.0
2022-01-24 19:02:07.008012,0.0,0.0,0.0
2022-01-24 19:02:07.504127,0.0,0.0,0.0
2022-01-24 19:02:08.003373,0.0,0.0,0.0
2022-01-24 19:02:08.509796,0.0,0.0,0.0
2022-01-24 19:02:09.007930,0.0,0.0,0.0
2022-01-24 19:02:09.503900,0.0,0.0,0.0
2022-01-24 19:02:10.002324,0.0,0.0,0.0
2022-01-24 19:02:10.507831,0.0,0.0,0.0
2022-01-24 19:02:11.004321,0.0,0.0,0.0
2022-01-24 19:02:11.510673,0.0,0.0,0.0
2022-01-24 19:02:12.010563,0.0,0.0,0.0
2022-01-24 19:02:12.507749,0.0,0.0,0.0
2022-01-24 19:02:13.007411,0.0,0.0,0.0
2022-01-24 19:02:13.501872,0.0,0.0,0.0
2022-01-24 19:02:14.001070,0.0,0.0,0.0
2022-01-24 19:02:14.508224,0.0,0.0,0.0
2022-01-24 19:02:15.007212,0.0,0.0,0.0
2022-01-24 19:02:15.502270,0.0,0.0,0.0
2022-01-24 19:02:16.003379,0.0,0.0,0.0
2022-01-24 19:02:16.503655,0.0,0.0,0.0
2022-01-24 19:02:17.003253,0.0,0.0,0.0
2022-01-24 19:02:17.507749,0.0,0.0,0.0
2022-01-24 19:02:18.006486,0.0,0.0,0.0
2022-01-24 19:02:18.502423,0.0,0.0,0.0
2022-01-24 19:02:19.010717,0.0,0.0,0.0
2022-01-24 19:02:19.507499,0.0,0.0,0.0
2022-01-24 19:02:20.006781,0.0,0.0,0.0
2022-01-24 19:02:20.503426,0.0,0.0,0.0
2022-01-24 19:02:21.002942,0.0,0.0,0.0
2022-01-24 19:02:21.508443,0.0,0.0,0.0
2022-01-24 19:02:22.007032,0.0,0.0,0.0
2022-01-24 19:02:22.504184,0.0,0.0,0.0
2022-01-24 19:02:23.003917,0.0,0.0,0.0
2022-01-24 19:02:23.509233,0.0,0.0,0.0
2022-01-24 19:02:24.008651,0.0,0.0,0.0
2022-01-24 19:02:24.505142,0.0,0.0,0.0
2022-01-24 19:02:25.003283,0.0,0.0,0.0
2022-01-24 19:02:25.510619,0.0,0.0,0.0
2022-01-24 19:02:26.008524,0.0,0.0,0.0
2022-01-24 19:02:26.505215,0.0,0.0,0.0
2022-01-24 19:02:27.003565,0.0,0.0,0.0
2022-01-24 19:02:27.510301,0.0,0.0,0.0
2022-01-24 19:02:28.010838,0.0,0.0,0.0
2022-01-24 19:02:28.506117,0.0,0.0,0.0
2022-01-24 19:02:29.004508,0.0,0.0,0.0
2022-01-24 19:02:29.510632,0.0,0.0,0.0
2022-01-24 19:02:30.010553,0.0,0.0,0.0
2022-01-24 19:02:30.506420,0.0,0.0,0.0
2022-01-24 19:02:31.004655,0.0,0.0,0.0
2022-01-24 19:02:31.510413,0.0,0.0,0.0
2022-01-24 19:02:32.008450,0.0,0.0,0.0
2022-01-24 19:02:32.505130,0.0,0.0,0.0
2022-01-24 19:02:33.003841,0.0,0.0,0.0
2022-01-24 19:02:33.509737,0.0,0.0,0.0
2022-01-24 19:02:34.007747,0.0,0.0,0.0
2022-01-24 19:02:34.503210,0.0,0.0,0.0
2022-01-24 19:02:35.010812,0.0,0.0,0.0
2022-01-24 19:02:35.506216,0.0,0.0,0.0
2022-01-24 19:02:36.004898,0.0,0.0,0.0
2022-01-24 19:02:36.501313,0.0,0.0,0.0
2022-01-24 19:02:37.010430,0.0,0.0,0.0
2022-01-24 19:02:37.506472,0.0,0.0,0.0
2022-01-24 19:02:38.004508,0.0,0.0,0.0
2022-01-24 19:02:38.510362,0.0,0.0,0.0
2022-01-24 19:02:39.009084,0.0,0.0,0.0
2022-01-24 19:02:39.503250,0.0,0.0,0.0
2022-01-24 19:02:40.002246,0.0,0.0,0.0
2022-01-24 19:02:40.508272,0.0,0.0,0.0
2022-01-24 19:02:41.007187,0.0,0.0,0.0
2022-01-24 19:02:41.503403,0.0,0.0,0.0
2022-01-24 19:02:42.001086,0.0,0.0,0.0
2022-01-24 19:02:42.507385,0.0,0.0,0.0
2022-01-24 19:02:43.006165,0.0,0.0,0.0
2022-01-24 19:02:43.503943,0.0,0.0,0.0
2022-01-24 19:02:44.002192,0.0,0.0,0.0
2022-01-24 19:02:44.508267,0.0,0.0,0.0
2022-01-24 19:02:45.006744,0.0,0.0,0.0
2022-01-24 19:02:45.504749,0.0,0.0,0.0
2022-01-24 19:02:46.003377,0.0,0.0,0.0
2022-01-24 19:02:46.508337,0.0,0.0,0.0
2022-01-24 19:02:47.007560,0.0,0.0,0.0
2022-01-24 19:02:47.503695,0.0,0.0,0.0
2022-01-24 19:02:48.002700,0.0,0.0,0.0
2022-01-24 19:02:48.508345,0.0,0.0,0.0
2022-01-24 19:02:49.008486,0.0,0.0,0.0
2022-01-24 19:02:49.504659,0.0,0.0,0.0
2022-01-24 19:02:50.002470,0.0,0.0,0.0
2022-01-24 19:02:50.508679,0.0,0.0,0.0
2022-01-24 19:02:51.006669,0.0,0.0,0.0
2022-01-24 19:02:51.501054,0.0,0.0,0.0
2022-01-24 19:02:52.010298,0.0,0.0,0.0
2022-01-24 19:02:52.507090,0.0,0.0,0.0
2022-01-24 19:02:53.004185,0.0,0.0,0.0
2022-01-24 19:02:53.509955,0.0,0.0,0.0
2022-01-24 19:02:54.007919,0.0,0.0,0.0
2022-01-24 19:02:54.505756,0.0,0.0,0.0
2022-01-24 19:02:55.003482,0.0,0.0,0.0
2022-01-24 19:02:55.509748,0.0,0.0,0.0
2022-01-24 19:02:56.009083,0.0,0.0,0.0
2022-01-24 19:02:56.507086,0.0,0.0,0.0
2022-01-24 19:02:57.005896,0.0,0.0,0.0
2022-01-24 19:02:57.502797,0.0,0.0,0.0
2022-01-24 19:02:58.011137,0.0,0.0,0.0
2022-01-24 19:02:58.505538,0.0,0.0,0.0
2022-01-24 19:02:59.002266,0.0,0.0,0.0
2022-01-24 19:02:59.508371,0.0,0.0,0.0
2022-01-24 19:03:00.006508,0.0,0.0,0.0
2022-01-24 19:03:00.502465,0.0,0.0,0.0
2022-01-24 19:03:01.010046,0.0,0.0,0.0
2022-01-24 19:03:01.504441,0.0,0.0,0.0
2022-01-24 19:03:02.003495,0.0,0.0,0.0
2022-01-24 19:03:02.508584,0.0,0.0,0.0
2022-01-24 19:03:03.007706,0.0,0.0,0.0
2022-01-24 19:03:03.504028,0.0,0.0,0.0
2022-01-24 19:03:04.002995,0.0,0.0,0.0
2022-01-24 19:03:04.508422,0.0,0.0,0.0
2022-01-24 19:03:05.006777,0.0,0.0,0.0
2022-01-24 19:03:05.502408,0.0,0.0,0.0
2022-01-24 19:03:06.010623,0.0,0.0,0.0
2022-01-24 19:03:06.505656,0.0,0.0,0.0
2022-01-24 19:03:07.004125,0.0,0.0,0.0
2022-01-24 19:03:07.509439,0.0,0.0,0.0
2022-01-24 19:03:08.008667,0.0,0.0,0.0
2022-01-24 19:03:08.503870,0.0,0.0,0.0
2022-01-24 19:03:09.002457,0.0,0.0,0.0
2022-01-24 19:03:09.509726,0.0,0.0,0.0
2022-01-24 19:03:10.008873,0.0,0.0,0.0
2022-01-24 19:03:10.503671,0.0,0.0,0.0
2022-01-24 19:03:11.007746,0.0,0.0,0.0
2022-01-24 19:03:11.502594,0.0,0.0,0.0
2022-01-24 19:03:12.010707,0.0,0.0,0.0
2022-01-24 19:03:12.506861,0.0,0.0,0.0
2022-01-24 19:03:13.004567,0.0,0.0,0.0
2022-01-24 19:03:13.501361,0.0,0.0,0.0
2022-01-24 19:03:14.008882,0.0,0.0,0.0
2022-01-24 19:03:14.505728,0.0,0.0,0.0
2022-01-24 19:03:15.003508,0.0,0.0,0.0
2022-01-24 19:03:15.509113,0.0,0.0,0.0
2022-01-24 19:03:16.007439,0.0,0.0,0.0
2022-01-24 19:03:16.502065,0.0,0.0,0.0
2022-01-24 19:03:17.010417,0.0,0.0,0.0
2022-01-24 19:03:17.505139,0.0,0.0,0.0
2022-01-24 19:03:18.004269,0.0,0.0,0.0
2022-01-24 19:03:18.510265,0.0,0.0,0.0
2022-01-24 19:03:19.009032,0.0,0.0,0.0
2022-01-24 19:03:19.504309,0.0,0.0,0.0
2022-01-24 19:03:20.002522,0.0,0.0,0.0
2022-01-24 19:03:20.509539,0.0,0.0,0.0
2022-01-24 19:03:21.007971,0.0,0.0,0.0
2022-01-24 19:03:21.503176,0.0,0.0,0.0
2022-01-24 19:03:22.001923,0.0,0.0,0.0
2022-01-24 19:03:22.508737,0.0,0.0,0.0
2022-01-24 19:03:23.007919,0.0,0.0,0.0
2022-01-24 19:03:23.504169,0.0,0.0,0.0
2022-01-24 19:03:24.003259,0.0,0.0,0.0
2022-01-24 19:03:24.509095,0.0,0.0,0.0
2022-01-24 19:03:25.007241,0.0,0.0,0.0
2022-01-24 19:03:25.503571,0.0,0.0,0.0
2022-01-24 19:03:26.003887,0.0,0.0,0.0
2022-01-24 19:03:26.508425,0.0,0.0,0.0
2022-01-24 19:03:27.006617,0.0,0.0,0.0
2022-01-24 19:03:27.502901,0.0,0.0,0.0
2022-01-24 19:03:28.010873,0.0,0.0,0.0
2022-01-24 19:03:28.507497,0.0,0.0,0.0
2022-01-24 19:03:29.006175,0.0,0.0,0.0
2022-01-24 19:03:29.510726,0.0,0.0,0.0
2022-01-24 19:03:30.007697,0.0,0.0,0.0
2022-01-24 19:03:30.504314,0.0,0.0,0.0
2022-01-24 19:03:31.002326,0.0,0.0,0.0
2022-01-24 19:03:31.507685,0.0,0.0,0.0
2022-01-24 19:03:32.007585,0.0,0.0,0.0
2022-01-24 19:03:32.501944,0.0,0.0,0.0
2022-01-24 19:03:33.010362,0.0,0.0,0.0
2022-01-24 19:03:33.506677,0.0,0.0,0.0
2022-01-24 19:03:34.005686,0.0,0.0,0.0
2022-01-24 19:03:34.501053,0.0,0.0,0.0
2022-01-24 19:03:35.009497,0.0,0.0,0.0
2022-01-24 19:03:35.504740,0.0,0.0,0.0
2022-01-24 19:03:36.003300,0.0,0.0,0.0
2022-01-24 19:03:36.509879,0.0,0.0,0.0
2022-01-24 19:03:37.008691,0.0,0.0,0.0
2022-01-24 19:03:37.503373,0.0,0.0,0.0
2022-01-24 19:03:38.001901,0.0,0.0,0.0
2022-01-24 19:03:38.509115,0.0,0.0,0.0
2022-01-24 19:03:39.007895,0.0,0.0,0.0
2022-01-24 19:03:39.503754,0.0,0.0,0.0
2022-01-24 19:03:40.003391,0.0,0.0,0.0
2022-01-24 19:03:40.509471,0.0,0.0,0.0
2022-01-24 19:03:41.009125,0.0,0.0,0.0
2022-01-24 19:03:41.505640,0.0,0.0,0.0
2022-01-24 19:03:42.004405,0.0,0.0,0.0
2022-01-24 19:03:42.502331,0.0,0.0,0.0
2022-01-24 19:03:43.001349,0.0,0.0,0.0
2022-01-24 19:03:43.507982,0.0,0.0,0.0
2022-01-24 19:03:44.006421,0.0,0.0,0.0
2022-01-24 19:03:44.500987,0.0,0.0,0.0
2022-01-24 19:03:45.009670,0.0,0.0,0.0
2022-01-24 19:03:45.507648,0.0,0.0,0.0
2022-01-24 19:03:46.007346,0.0,0.0,0.0
2022-01-24 19:03:46.503246,0.0,0.0,0.0
2022-01-24 19:03:47.001295,0.0,0.0,0.0
2022-01-24 19:03:47.506039,0.0,0.0,0.0
2022-01-24 19:03:48.004984,0.0,0.0,0.0
2022-01-24 19:03:48.502326,0.0,0.0,0.0
2022-01-24 19:03:49.002979,0.0,0.0,0.0
2022-01-24 19:03:49.509097,0.0,0.0,0.0
2022-01-24 19:03:50.007390,0.0,0.0,0.0
2022-01-24 19:03:50.502888,0.0,0.0,0.0
2022-01-24 19:03:51.001868,0.0,0.0,0.0
2022-01-24 19:03:51.509372,0.0,0.0,0.0
2022-01-24 19:03:52.007848,0.0,0.0,0.0
2022-01-24 19:03:52.503206,0.0,0.0,0.0
2022-01-24 19:03:53.001426,0.0,0.0,0.0
2022-01-24 19:03:53.507271,0.0,0.0,0.0
2022-01-24 19:03:54.006083,0.0,0.0,0.0
2022-01-24 19:03:54.502380,0.0,0.0,0.0
2022-01-24 19:03:55.010372,0.0,0.0,0.0
2022-01-24 19:03:55.505417,0.0,0.0,0.0
2022-01-24 19:03:56.004358,0.0,0.0,0.0
2022-01-24 19:03:56.510426,0.0,0.0,0.0
2022-01-24 19:03:57.010000,0.0,0.0,0.0
2022-01-24 19:03:57.506968,0.0,0.0,0.0
2022-01-24 19:03:58.004214,0.0,0.0,0.0
2022-01-24 19:03:58.510720,0.0,0.0,0.0
2022-01-24 19:03:59.010103,0.0,0.0,0.0
2022-01-24 19:03:59.505182,0.0,0.0,0.0
2022-01-24 19:04:00.003589,0.0,0.0,0.0
2022-01-24 19:04:00.509073,0.0,0.0,0.0
2022-01-24 19:04:01.008481,0.0,0.0,0.0
2022-01-24 19:04:01.503581,0.0,0.0,0.0
2022-01-24 19:04:02.002456,0.0,0.0,0.0
2022-01-24 19:04:02.508463,0.0,0.0,0.0
2022-01-24 19:04:03.009796,0.0,0.0,0.0
2022-01-24 19:04:03.506623,0.0,0.0,0.0
2022-01-24 19:04:04.007217,0.0,0.0,0.0
2022-01-24 19:04:04.503363,0.0,0.0,0.0
2022-01-24 19:04:05.002214,0.0,0.0,0.0
2022-01-24 19:04:05.507443,0.0,0.0,0.0
2022-01-24 19:04:06.003436,0.0,0.0,0.0
2022-01-24 19:04:06.511044,0.0,0.0,0.0
2022-01-24 19:04:07.010311,0.0,0.0,0.0
2022-01-24 19:04:07.507279,0.0,0.0,0.0
2022-01-24 19:04:08.006559,0.0,0.0,0.0
2022-01-24 19:04:08.510469,0.0,0.0,0.0
2022-01-24 19:04:09.008939,0.0,0.0,0.0
2022-01-24 19:04:09.503975,0.0,0.0,0.0
2022-01-24 19:04:10.002647,0.0,0.0,0.0
2022-01-24 19:04:10.506607,0.0,0.0,0.0
2022-01-24 19:04:11.011083,0.0,0.0,0.0
2022-01-24 19:04:11.506401,0.0,0.0,0.0
2022-01-24 19:04:12.007565,0.0,0.0,0.0
2022-01-24 19:04:12.507202,0.0,0.0,0.0
2022-01-24 19:04:13.006562,0.0,0.0,0.0
2022-01-24 19:04:13.503403,0.0,0.0,0.0
2022-01-24 19:04:14.011089,0.0,0.0,0.0
2022-01-24 19:04:14.506717,0.0,0.0,0.0
2022-01-24 19:04:15.004556,0.0,0.0,0.0
2022-01-24 19:04:15.510204,0.0,0.0,0.0
2022-01-24 19:04:16.007502,0.0,0.0,0.0
2022-01-24 19:04:16.506157,0.0,0.0,0.0
2022-01-24 19:04:17.004142,0.0,0.0,0.0
2022-01-24 19:04:17.510369,0.0,0.0,0.0
2022-01-24 19:04:18.010401,0.0,0.0,0.0
2022-01-24 19:04:18.506352,0.0,0.0,0.0
2022-01-24 19:04:19.004672,0.0,0.0,0.0
2022-01-24 19:04:19.508958,0.0,0.0,0.0
2022-01-24 19:04:20.008533,0.0,0.0,0.0
2022-01-24 19:04:20.503164,0.0,0.0,0.0
2022-01-24 19:04:21.001819,0.0,0.0,0.0
2022-01-24 19:04:21.507245,0.0,0.0,0.0
2022-01-24 19:04:22.005236,0.0,0.0,0.0
2022-01-24 19:04:22.501729,0.0,0.0,0.0
2022-01-24 19:04:23.010429,0.0,0.0,0.0
2022-01-24 19:04:23.507043,0.0,0.0,0.0
2022-01-24 19:04:24.006505,0.0,0.0,0.0
2022-01-24 19:04:24.501697,0.0,0.0,0.0
2022-01-24 19:04:25.009307,0.0,0.0,0.0
2022-01-24 19:04:25.506375,0.0,0.0,0.0
2022-01-24 19:04:26.004404,0.0,0.0,0.0
2022-01-24 19:04:26.501094,0.0,0.0,0.0
2022-01-24 19:04:27.009773,0.0,0.0,0.0
2022-01-24 19:04:27.506147,0.0,0.0,0.0
2022-01-24 19:04:28.004799,0.0,0.0,0.0
2022-01-24 19:04:29.004991,0.0,0.0,0.0
2022-01-24 19:04:29.511103,0.0,0.0,0.0
2022-01-24 19:04:30.008080,0.0,0.0,0.0
2022-01-24 19:04:30.503994,0.0,0.0,0.0
2022-01-24 19:04:31.003649,0.0,0.0,0.0
2022-01-24 19:04:31.506433,0.0,0.0,0.0
2022-01-24 19:04:32.004530,0.0,0.0,0.0
2022-01-24 19:04:32.500966,0.0,0.0,0.0
2022-01-24 19:04:33.008342,0.0,0.0,0.0
2022-01-24 19:04:33.503951,0.0,0.0,0.0
2022-01-24 19:04:34.001505,0.0,0.0,0.0
2022-01-24 19:04:34.504941,0.0,0.0,0.0
2022-01-24 19:04:35.004738,0.0,0.0,0.0
2022-01-24 19:04:35.510612,0.0,0.0,0.0
2022-01-24 19:04:36.007847,0.0,0.0,0.0
2022-01-24 19:04:36.503528,0.0,0.0,0.0
2022-01-24 19:04:37.002537,0.0,0.0,0.0
2022-01-24 19:04:37.508954,0.0,0.0,0.0
2022-01-24 19:04:38.008286,0.0,0.0,0.0
2022-01-24 19:04:38.503406,0.0,0.0,0.0
2022-01-24 19:04:39.001249,0.0,0.0,0.0
2022-01-24 19:04:39.506766,0.0,0.0,0.0
2022-01-24 19:04:40.006401,0.0,0.0,0.0
2022-01-24 19:04:40.503176,0.0,0.0,0.0
2022-01-24 19:04:41.001646,0.0,0.0,0.0
2022-01-24 19:04:41.508722,0.0,0.0,0.0
2022-01-24 19:04:42.006926,0.0,0.0,0.0
2022-01-24 19:04:42.503436,0.0,0.0,0.0
2022-01-24 19:04:43.001981,0.0,0.0,0.0
2022-01-24 19:04:43.507227,0.0,0.0,0.0
2022-01-24 19:04:44.005252,0.0,0.0,0.0
2022-01-24 19:04:44.501657,0.0,0.0,0.0
2022-01-24 19:04:45.001850,0.0,0.0,0.0
2022-01-24 19:04:45.509733,0.0,0.0,0.0
2022-01-24 19:04:46.008601,0.0,0.0,0.0
2022-01-24 19:04:46.504966,0.0,0.0,0.0
2022-01-24 19:04:47.003817,0.0,0.0,0.0
2022-01-24 19:04:47.510262,0.0,0.0,0.0
2022-01-24 19:04:48.007746,0.0,0.0,0.0
2022-01-24 19:04:48.502861,0.0,0.0,0.0
2022-01-24 19:04:49.010766,0.0,0.0,0.0
2022-01-24 19:04:49.506975,0.0,0.0,0.0
2022-01-24 19:04:50.008667,0.0,0.0,0.0
2022-01-24 19:04:50.503270,0.0,0.0,0.0
2022-01-24 19:04:51.003033,0.0,0.0,0.0
2022-01-24 19:04:51.504556,0.0,0.0,0.0
2022-01-24 19:04:52.006548,0.0,0.0,0.0
2022-01-24 19:04:52.508125,0.0,0.0,0.0
2022-01-24 19:04:53.002232,0.0,0.0,0.0
2022-01-24 19:04:53.509918,0.0,0.0,0.0
2022-01-24 19:04:54.007871,0.0,0.0,0.0
2022-01-24 19:04:54.504085,0.0,0.0,0.0
2022-01-24 19:04:55.009401,0.0,0.0,0.0
2022-01-24 19:04:55.508134,0.0,0.0,0.0
2022-01-24 19:04:56.003557,0.0,0.0,0.0
2022-01-24 19:04:56.501485,0.0,0.0,0.0
2022-01-24 19:04:57.006265,0.0,0.0,0.0
2022-01-24 19:04:57.507210,0.0,0.0,0.0
2022-01-24 19:04:58.008716,0.0,0.0,0.0
2022-01-24 19:04:59.005712,0.0,0.0,0.0
2022-01-24 19:04:59.506644,0.0,0.0,0.0
2022-01-24 19:05:00.001554,0.0,0.0,0.0
2022-01-24 19:05:01.001999,0.0,0.0,0.0
2022-01-24 19:05:01.509932,0.0,0.0,0.0
2022-01-24 19:05:02.007719,0.0,0.0,0.0
2022-01-24 19:05:02.508843,0.0,0.0,0.0
2022-01-24 19:05:03.006100,0.0,0.0,0.0
2022-01-24 19:05:03.502573,0.0,0.0,0.0
2022-01-24 19:05:04.001214,0.0,0.0,0.0
2022-01-24 19:05:04.508158,0.0,0.0,0.0
2022-01-24 19:05:05.007060,0.0,0.0,0.0
2022-01-24 19:05:05.503273,0.0,0.0,0.0
2022-01-24 19:05:06.005118,0.0,0.0,0.0
2022-01-24 19:05:06.501139,0.0,0.0,0.0
2022-01-24 19:05:07.009342,0.0,0.0,0.0
2022-01-24 19:05:07.506489,0.0,0.0,0.0
2022-01-24 19:05:08.005365,0.0,0.0,0.0
2022-01-24 19:05:08.502309,0.0,0.0,0.0
2022-01-24 19:05:09.009655,0.0,0.0,0.0
2022-01-24 19:05:09.507548,0.0,0.0,0.0
2022-01-24 19:05:10.006777,0.0,0.0,0.0
2022-01-24 19:05:10.501719,0.0,0.0,0.0
2022-01-24 19:05:11.005905,0.0,0.0,0.0
2022-01-24 19:05:11.505777,0.0,0.0,0.0
2022-01-24 19:05:12.004374,0.0,0.0,0.0
2022-01-24 19:05:12.511152,0.0,0.0,0.0
2022-01-24 19:05:13.010296,0.0,0.0,0.0
2022-01-24 19:05:13.506232,0.0,0.0,0.0
2022-01-24 19:05:14.006392,0.0,0.0,0.0
2022-01-24 19:05:14.501128,0.0,0.0,0.0
2022-01-24 19:05:15.009552,0.0,0.0,0.0
2022-01-24 19:05:15.505527,0.0,0.0,0.0
2022-01-24 19:05:16.004110,0.0,0.0,0.0
2022-01-24 19:05:16.510378,0.0,0.0,0.0
2022-01-24 19:05:17.007759,0.0,0.0,0.0
2022-01-24 19:05:17.502336,0.0,0.0,0.0
2022-01-24 19:05:18.010759,0.0,0.0,0.0
2022-01-24 19:05:18.507874,0.0,0.0,0.0
2022-01-24 19:05:19.007495,0.0,0.0,0.0
2022-01-24 19:05:19.502995,0.0,0.0,0.0
2022-01-24 19:05:20.003150,0.0,0.0,0.0
2022-01-24 19:05:20.508332,0.0,0.0,0.0
2022-01-24 19:05:21.006117,0.0,0.0,0.0
2022-01-24 19:05:21.501549,0.0,0.0,0.0
2022-01-24 19:05:22.011324,0.0,0.0,0.0
2022-01-24 19:05:22.507206,0.0,0.0,0.0
2022-01-24 19:05:23.006337,0.0,0.0,0.0
2022-01-24 19:05:23.502284,0.0,0.0,0.0
2022-01-24 19:05:24.002226,0.0,0.0,0.0
2022-01-24 19:05:24.507017,0.0,0.0,0.0
2022-01-24 19:05:25.006164,0.0,0.0,0.0
2022-01-24 19:05:25.510408,0.0,0.0,0.0
2022-01-24 19:05:26.008009,0.0,0.0,0.0
2022-01-24 19:05:26.503864,0.0,0.0,0.0
2022-01-24 19:05:27.002186,0.0,0.0,0.0
2022-01-24 19:05:27.508418,0.0,0.0,0.0
2022-01-24 19:05:28.007376,0.0,0.0,0.0
2022-01-24 19:05:28.504267,0.0,0.0,0.0
2022-01-24 19:05:29.003587,0.0,0.0,0.0
2022-01-24 19:05:29.508662,0.0,0.0,0.0
2022-01-24 19:05:30.006370,0.0,0.0,0.0
2022-01-24 19:05:30.510959,0.0,0.0,0.0
2022-01-24 19:05:31.008864,0.0,0.0,0.0
2022-01-24 19:05:31.504670,0.0,0.0,0.0
2022-01-24 19:05:32.003393,0.0,0.0,0.0
2022-01-24 19:05:32.507622,0.0,0.0,0.0
2022-01-24 19:05:33.006598,0.0,0.0,0.0
2022-01-24 19:05:33.501688,0.0,0.0,0.0
2022-01-24 19:05:34.010842,0.0,0.0,0.0
2022-01-24 19:05:34.507823,0.0,0.0,0.0
2022-01-24 19:05:35.007057,0.0,0.0,0.0
2022-01-24 19:05:35.503686,0.0,0.0,0.0
2022-01-24 19:05:36.002769,0.0,0.0,0.0
2022-01-24 19:05:36.510916,0.0,0.0,0.0
2022-01-24 19:05:37.009039,0.0,0.0,0.0
2022-01-24 19:05:37.504285,0.0,0.0,0.0
2022-01-24 19:05:38.002722,0.0,0.0,0.0
2022-01-24 19:05:38.510292,0.0,0.0,0.0
2022-01-24 19:05:39.008386,0.0,0.0,0.0
2022-01-24 19:05:39.503137,0.0,0.0,0.0
2022-01-24 19:05:40.003387,0.0,0.0,0.0
2022-01-24 19:05:40.509673,0.0,0.0,0.0
2022-01-24 19:05:41.007650,0.0,0.0,0.0
2022-01-24 19:05:41.501926,0.0,0.0,0.0
2022-01-24 19:05:42.009538,0.0,0.0,0.0
2022-01-24 19:05:42.504766,0.0,0.0,0.0
2022-01-24 19:05:43.003385,0.0,0.0,0.0
2022-01-24 19:05:43.509183,0.0,0.0,0.0
2022-01-24 19:05:44.007849,0.0,0.0,0.0
2022-01-24 19:05:44.504442,0.0,0.0,0.0
2022-01-24 19:05:45.003966,0.0,0.0,0.0
2022-01-24 19:05:45.510653,0.0,0.0,0.0
2022-01-24 19:05:46.008994,0.0,0.0,0.0
2022-01-24 19:05:46.504699,0.0,0.0,0.0
2022-01-24 19:05:47.002479,0.0,0.0,0.0
2022-01-24 19:05:47.507969,0.0,0.0,0.0
2022-01-24 19:05:48.006202,0.0,0.0,0.0
2022-01-24 19:05:48.501435,0.0,0.0,0.0
2022-01-24 19:05:49.010668,0.0,0.0,0.0
2022-01-24 19:05:49.508431,0.0,0.0,0.0
2022-01-24 19:05:50.007092,0.0,0.0,0.0
2022-01-24 19:05:50.503323,0.0,0.0,-0.03864
2022-01-24 19:05:51.001050,0.0,0.0,-0.03864
2022-01-24 19:05:51.508945,0.0,0.0,0.0
2022-01-24 19:05:52.007519,0.0,0.0,0.0
2022-01-24 19:05:52.502810,0.0,0.0,-0.03864
2022-01-24 19:05:53.001208,0.0,0.0,-0.03864
2022-01-24 19:05:53.507831,0.0,0.0,0.0
2022-01-24 19:05:54.008642,0.0,0.0,0.0
2022-01-24 19:05:54.503245,0.0,0.0,0.0
2022-01-24 19:05:55.001984,0.0,0.0,0.0
2022-01-24 19:05:55.508242,0.0,0.0,0.0
2022-01-24 19:05:56.006249,0.0,0.0,0.0
2022-01-24 19:05:56.501555,0.0,0.0,0.0
2022-01-24 19:05:57.010616,0.0,0.0,0.0
2022-01-24 19:05:57.505398,0.0,0.0,0.0
2022-01-24 19:05:58.003381,0.0,0.0,0.0
2022-01-24 19:05:59.004909,0.0,0.0,0.0
2022-01-24 19:05:59.502676,0.0,0.0,0.0
2022-01-24 19:06:00.010309,0.0,0.0,0.0
2022-01-24 19:06:00.505211,0.0,0.0,0.0
2022-01-24 19:06:01.003770,0.0,0.0,0.0
2022-01-24 19:06:01.509634,0.0,0.0,0.0
2022-01-24 19:06:02.008457,0.0,0.0,0.0
2022-01-24 19:06:02.504365,0.0,0.0,0.0
2022-01-24 19:06:03.003177,0.0,0.0,0.0
2022-01-24 19:06:03.510231,0.0,0.0,0.0
2022-01-24 19:06:04.008146,0.0,0.0,0.0
2022-01-24 19:06:04.504929,0.0,0.0,0.0
2022-01-24 19:06:05.003428,0.0,0.0,0.0
2022-01-24 19:06:05.509060,0.0,0.0,0.0
2022-01-24 19:06:06.007507,0.0,0.0,0.0
2022-01-24 19:06:06.504022,0.0,0.0,0.0
2022-01-24 19:06:07.003760,0.0,0.0,0.0
2022-01-24 19:06:07.501210,0.0,0.0,0.0
2022-01-24 19:06:08.009526,0.0,0.0,0.0
2022-01-24 19:06:08.506543,0.0,0.0,0.0
2022-01-24 19:06:09.004930,0.0,0.0,0.0
2022-01-24 19:06:09.509280,0.0,0.0,-0.03864
2022-01-24 19:06:10.006991,0.0,0.0,-0.03864
2022-01-24 19:06:10.503343,0.0,0.0,0.0
2022-01-24 19:06:11.007690,0.0,0.0,0.0
2022-01-24 19:06:11.506487,0.0,0.0,0.0
2022-01-24 19:06:12.003894,0.0,0.0,0.0
2022-01-24 19:06:12.508338,0.0,0.0,0.0
2022-01-24 19:06:13.007019,0.0,0.0,0.0
2022-01-24 19:06:13.501756,0.0,0.0,0.0
2022-01-24 19:06:14.010786,0.0,0.0,0.0
2022-01-24 19:06:14.505769,0.0,0.0,0.0
2022-01-24 19:06:15.002954,0.0,0.0,0.0
2022-01-24 19:06:15.509794,0.0,0.0,0.0
2022-01-24 19:06:16.009023,0.0,0.0,0.0
2022-01-24 19:06:16.502925,0.0,0.0,0.0
2022-01-24 19:06:17.010550,0.0,0.0,0.0
2022-01-24 19:06:17.504430,0.0,0.0,0.0
2022-01-24 19:06:18.004547,0.0,0.0,0.0
2022-01-24 19:06:18.509303,0.0,0.0,0.0
2022-01-24 19:06:19.007442,0.0,0.0,0.0
2022-01-24 19:06:19.510936,0.0,0.0,0.0
2022-01-24 19:06:20.009075,0.0,0.0,0.0
2022-01-24 19:06:20.507259,0.0,0.0,0.0
2022-01-24 19:06:21.005671,0.0,0.0,0.0
2022-01-24 19:06:21.502511,0.0,0.0,0.0
2022-01-24 19:06:22.010116,0.0,0.0,0.0
2022-01-24 19:06:22.506344,0.0,0.0,0.0
2022-01-24 19:06:23.004691,0.0,0.0,0.0
2022-01-24 19:06:23.509109,0.0,0.0,0.0
2022-01-24 19:06:24.007594,0.0,0.0,0.0
2022-01-24 19:06:24.503525,0.0,0.0,0.0
2022-01-24 19:06:25.001393,0.0,0.0,0.0
2022-01-24 19:06:25.506737,0.0,0.0,0.0
2022-01-24 19:06:26.003181,0.0,0.0,0.0
2022-01-24 19:06:26.509010,0.0,0.0,0.0
2022-01-24 19:06:27.006719,0.0,0.0,0.0
2022-01-24 19:06:27.501553,0.0,0.0,0.0
2022-01-24 19:06:28.010301,0.0,0.0,0.0
2022-01-24 19:06:28.506141,0.0,0.0,0.0
2022-01-24 19:06:29.004765,0.0,0.0,0.0
2022-01-24 19:06:29.502986,0.0,0.0,0.0
2022-01-24 19:06:30.504992,0.0,0.0,0.0
2022-01-24 19:06:31.003870,0.0,0.0,0.0
2022-01-24 19:06:31.510442,0.0,0.0,0.0
2022-01-24 19:06:32.008923,0.0,0.0,0.0
2022-01-24 19:06:32.506127,0.0,0.0,0.0
2022-01-24 19:06:33.004013,0.0,0.0,0.0
2022-01-24 19:06:33.509819,0.0,0.0,0.0
2022-01-24 19:06:34.008169,0.0,0.0,0.0
2022-01-24 19:06:34.503855,0.0,0.0,0.0
2022-01-24 19:06:35.002357,0.0,0.0,0.0
2022-01-24 19:06:35.508930,0.0,0.0,0.0
2022-01-24 19:06:36.007686,0.0,0.0,0.0
2022-01-24 19:06:36.502552,0.0,0.0,0.0
2022-01-24 19:06:37.002742,0.0,0.0,0.0
2022-01-24 19:06:37.509892,0.0,0.0,0.0
2022-01-24 19:06:38.007876,0.0,0.0,0.0
2022-01-24 19:06:38.503415,0.0,0.0,0.0
2022-01-24 19:06:39.003884,0.0,0.0,0.0
2022-01-24 19:06:39.501559,0.0,0.0,0.0
2022-01-24 19:06:40.504937,0.0,0.0,0.0
2022-01-24 19:06:41.004134,0.0,0.0,0.0
2022-01-24 19:06:41.510709,0.0,0.0,0.0
2022-01-24 19:06:42.009236,0.0,0.0,0.0
2022-01-24 19:06:42.505059,0.0,0.0,0.0
2022-01-24 19:06:43.003897,0.0,0.0,0.0
2022-01-24 19:06:43.501148,0.0,0.0,0.0
2022-01-24 19:06:44.011111,0.0,0.0,0.0
2022-01-24 19:06:44.507844,0.0,0.0,0.0
2022-01-24 19:06:45.006804,0.0,0.0,0.0
2022-01-24 19:06:45.501952,0.0,0.0,0.0
2022-01-24 19:06:46.010650,0.0,0.0,0.0
2022-01-24 19:06:46.506821,0.0,0.0,0.0
2022-01-24 19:06:47.005779,0.0,0.0,0.0
2022-01-24 19:06:47.501238,0.0,0.0,0.0
2022-01-24 19:06:48.009211,0.0,0.0,0.0
2022-01-24 19:06:48.507241,0.0,0.0,0.0
2022-01-24 19:06:49.005876,0.0,0.0,0.0
2022-01-24 19:06:49.501149,0.0,0.0,0.0
2022-01-24 19:06:50.009940,0.0,0.0,0.0
2022-01-24 19:06:50.506704,0.0,0.0,0.0
2022-01-24 19:06:51.006114,0.0,0.0,0.0
2022-01-24 19:06:51.501770,0.0,0.0,0.0
2022-01-24 19:06:52.009560,0.0,0.0,0.0
2022-01-24 19:06:52.504993,0.0,0.0,0.0
2022-01-24 19:06:53.004019,0.0,0.0,0.0
2022-01-24 19:06:53.510941,0.0,0.0,0.0
2022-01-24 19:06:54.009263,0.0,0.0,0.0
2022-01-24 19:06:54.504220,0.0,0.0,0.0
2022-01-24 19:06:55.002890,0.0,0.0,0.0
2022-01-24 19:06:55.507193,0.0,0.0,0.0
2022-01-24 19:06:56.006479,0.0,0.0,0.0
2022-01-24 19:06:56.502163,0.0,0.0,0.03864
2022-01-24 19:06:57.010482,0.0,0.0,0.03864
2022-01-24 19:06:57.505468,0.0,0.0,0.0
2022-01-24 19:06:58.004611,0.0,0.0,0.0
2022-01-24 19:06:58.510302,0.0,0.0,-0.03864
2022-01-24 19:06:59.008459,0.0,0.0,-0.03864
2022-01-24 19:06:59.505195,0.0,0.0,0.0
2022-01-24 19:07:00.003286,0.0,0.0,0.0
2022-01-24 19:07:00.505905,0.0,0.0,0.0
2022-01-24 19:07:01.005413,0.0,0.0,0.0
2022-01-24 19:07:01.503426,0.0,0.0,0.0
2022-01-24 19:07:02.002319,0.0,0.0,0.0
2022-01-24 19:07:02.507082,0.0,0.0,0.0
2022-01-24 19:07:03.004570,0.0,0.0,0.0
2022-01-24 19:07:03.501339,0.0,0.0,0.0
2022-01-24 19:07:04.008907,0.0,0.0,0.0
2022-01-24 19:07:04.503901,0.0,0.0,0.0
2022-01-24 19:07:05.002776,0.0,0.0,0.0
2022-01-24 19:07:05.508519,0.0,0.0,0.0
2022-01-24 19:07:06.007481,0.0,0.0,0.0
2022-01-24 19:07:06.502456,0.0,0.0,0.0
2022-01-24 19:07:07.010748,0.0,0.0,0.0
2022-01-24 19:07:07.506060,0.0,0.0,0.0
2022-01-24 19:07:08.003993,0.0,0.0,0.0
2022-01-24 19:07:08.509102,0.0,0.0,0.0
2022-01-24 19:07:09.008286,0.0,0.0,0.0
2022-01-24 19:07:09.503242,0.0,0.0,0.0
2022-01-24 19:07:10.001488,0.0,0.0,0.0
2022-01-24 19:07:10.508261,0.0,0.0,0.0
2022-01-24 19:07:11.002922,0.0,0.0,0.0
2022-01-24 19:07:11.509261,0.0,0.0,0.0
2022-01-24 19:07:12.008620,0.0,0.0,0.0
2022-01-24 19:07:12.505095,0.0,0.0,0.0
2022-01-24 19:07:13.003698,0.0,0.0,0.0
2022-01-24 19:07:13.509138,0.0,0.0,0.0
2022-01-24 19:07:14.007630,0.0,0.0,0.0
2022-01-24 19:07:14.504637,0.0,0.0,0.0
2022-01-24 19:07:15.002566,0.0,0.0,0.0
2022-01-24 19:07:15.508200,0.0,0.0,0.0
2022-01-24 19:07:16.006146,0.0,0.0,0.0
2022-01-24 19:07:16.503507,0.0,0.0,0.0
2022-01-24 19:07:17.001978,0.0,0.0,0.0
2022-01-24 19:07:17.506707,0.0,0.0,0.0
2022-01-24 19:07:18.004540,0.0,0.0,0.0
2022-01-24 19:07:18.510154,0.0,0.0,0.0
2022-01-24 19:07:19.009345,0.0,0.0,0.0
2022-01-24 19:07:19.504056,0.0,0.0,0.0
2022-01-24 19:07:20.011238,0.0,0.0,0.0
2022-01-24 19:07:20.507529,0.0,0.0,0.0
2022-01-24 19:07:21.006725,0.0,0.0,0.0
2022-01-24 19:07:21.502874,0.0,0.0,0.0
2022-01-24 19:07:22.009762,0.0,0.0,0.0
2022-01-24 19:07:22.506193,0.0,0.0,0.0
2022-01-24 19:07:23.005235,0.0,0.0,0.0
2022-01-24 19:07:23.503238,0.0,0.0,0.0
2022-01-24 19:07:24.011137,0.0,0.0,0.0
2022-01-24 19:07:24.505673,0.0,0.0,0.0
2022-01-24 19:07:25.003300,0.0,0.0,0.0
2022-01-24 19:07:25.509071,0.0,0.0,0.0
2022-01-24 19:07:26.010074,0.0,0.0,0.0
2022-01-24 19:07:26.504177,0.0,0.0,0.0
2022-01-24 19:07:27.002737,0.0,0.0,0.0
2022-01-24 19:07:27.509270,0.0,0.0,0.0
2022-01-24 19:07:28.009084,0.0,0.0,0.0
2022-01-24 19:07:28.502724,0.0,0.0,0.0
2022-01-24 19:07:29.001667,0.0,0.0,0.0
2022-01-24 19:07:29.508460,0.0,0.0,0.0
2022-01-24 19:07:30.007164,0.0,0.0,0.0
2022-01-24 19:07:30.503290,0.0,0.0,0.0
2022-01-24 19:07:31.001170,0.0,0.0,0.0
2022-01-24 19:07:31.506779,0.0,0.0,0.0
2022-01-24 19:07:32.005755,0.0,0.0,0.0
2022-01-24 19:07:32.504696,0.0,0.0,0.0
2022-01-24 19:07:33.002049,0.0,0.0,0.0
2022-01-24 19:07:33.507980,0.0,0.0,0.0
2022-01-24 19:07:34.004899,0.0,0.0,0.0
2022-01-24 19:07:35.004646,0.0,0.0,0.0
2022-01-24 19:07:35.510400,0.0,0.0,0.0
2022-01-24 19:07:36.008016,0.0,0.0,0.0
2022-01-24 19:07:36.504120,0.0,0.0,0.0
2022-01-24 19:07:37.001869,0.0,0.0,0.0
2022-01-24 19:07:37.508884,0.0,0.0,0.0
2022-01-24 19:07:38.006878,0.0,0.0,0.0
2022-01-24 19:07:38.502187,0.0,0.0,0.0
2022-01-24 19:07:39.003021,0.0,0.0,0.0
2022-01-24 19:07:39.509265,0.0,0.0,0.0
2022-01-24 19:07:40.007246,0.0,0.0,0.0
2022-01-24 19:07:40.503311,0.0,0.0,0.0
2022-01-24 19:07:41.010931,0.0,0.0,0.0
2022-01-24 19:07:41.508607,0.0,0.0,0.0
2022-01-24 19:07:42.006225,0.0,0.0,0.0
2022-01-24 19:07:42.502588,0.0,0.0,0.0
2022-01-24 19:07:43.010381,0.0,0.0,0.0
2022-01-24 19:07:43.506819,0.0,0.0,0.0
2022-01-24 19:07:44.004324,0.0,0.0,0.0
2022-01-24 19:07:44.509558,0.0,0.0,0.0
2022-01-24 19:07:45.007239,0.0,0.0,0.0
2022-01-24 19:07:45.502564,0.0,0.0,0.0
2022-01-24 19:07:46.002192,0.0,0.0,0.0
2022-01-24 19:07:46.508416,0.0,0.0,0.0
2022-01-24 19:07:47.006946,0.0,0.0,0.0
2022-01-24 19:07:47.503328,0.0,0.0,0.0
2022-01-24 19:07:48.002394,0.0,0.0,0.0
2022-01-24 19:07:48.506912,0.0,0.0,0.0
2022-01-24 19:07:49.006603,0.0,0.0,0.0
2022-01-24 19:07:49.501778,0.0,0.0,0.0
2022-01-24 19:07:50.008391,0.0,0.0,0.0
2022-01-24 19:07:50.504794,0.0,0.0,0.0
2022-01-24 19:07:51.002693,0.0,0.0,0.0
2022-01-24 19:07:51.510180,0.0,0.0,0.0
2022-01-24 19:07:52.007755,0.0,0.0,0.0
2022-01-24 19:07:52.503049,0.0,0.0,0.0
2022-01-24 19:07:53.001752,0.0,0.0,0.0
2022-01-24 19:07:53.506734,0.0,0.0,0.0
2022-01-24 19:07:54.004858,0.0,0.0,0.0
2022-01-24 19:07:54.510718,0.0,0.0,0.0
2022-01-24 19:07:55.009288,0.0,0.0,0.0
2022-01-24 19:07:55.506439,0.0,0.0,0.0
2022-01-24 19:07:56.004121,0.0,0.0,0.0
2022-01-24 19:07:56.510981,0.0,0.0,0.0
2022-01-24 19:07:57.007746,0.0,0.0,0.0
2022-01-24 19:07:57.504590,0.0,0.0,0.0
2022-01-24 19:07:58.003024,0.0,0.0,0.0
2022-01-24 19:07:58.509476,0.0,0.0,0.0
2022-01-24 19:07:59.008619,0.0,0.0,0.0
2022-01-24 19:07:59.504546,0.0,0.0,0.0
2022-01-24 19:08:00.002816,0.0,0.0,0.0
2022-01-24 19:08:00.506116,0.0,0.0,0.0
2022-01-24 19:08:01.004741,0.0,0.0,0.0
2022-01-24 19:08:01.510190,0.0,0.0,0.0
2022-01-24 19:08:02.007719,0.0,0.0,0.0
2022-01-24 19:08:02.504531,0.0,0.0,0.0
2022-01-24 19:08:03.002018,0.0,0.0,0.0
2022-01-24 19:08:03.508887,0.0,0.0,0.19604
2022-01-24 19:08:04.008430,0.0,0.0,0.19604
2022-01-24 19:08:04.504630,0.0,0.0,0.0
2022-01-24 19:08:05.003849,0.0,0.0,0.0
2022-01-24 19:08:05.510404,0.0,0.0,0.0
2022-01-24 19:08:06.008978,0.0,0.0,0.0
2022-01-24 19:08:06.503091,0.0,0.0,0.0
2022-01-24 19:08:07.001309,0.0,0.0,0.0
2022-01-24 19:08:07.506802,0.0,0.0,-0.03864
2022-01-24 19:08:08.005019,0.0,0.0,-0.03864
2022-01-24 19:08:08.510221,0.0,0.0,0.0
2022-01-24 19:08:09.008475,0.0,0.0,0.0
2022-01-24 19:08:09.510749,0.0,0.0,0.0
2022-01-24 19:08:10.008272,0.0,0.0,0.0
2022-01-24 19:08:10.504321,0.0,0.0,0.0
2022-01-24 19:08:11.009388,0.0,0.0,0.0
2022-01-24 19:08:11.504557,0.0,0.0,0.0
2022-01-24 19:08:12.002596,0.0,0.0,0.0
2022-01-24 19:08:12.509803,0.0,0.0,0.0
2022-01-24 19:08:13.007811,0.0,0.0,0.0
2022-01-24 19:08:13.505349,0.0,0.0,0.0
2022-01-24 19:08:14.003104,0.0,0.0,0.0
2022-01-24 19:08:14.508040,0.0,0.0,0.0
2022-01-24 19:08:15.005966,0.0,0.0,0.0
2022-01-24 19:08:15.511027,0.0,0.0,0.0
2022-01-24 19:08:16.009186,0.0,0.0,0.0
2022-01-24 19:08:16.506337,0.0,0.0,0.0
2022-01-24 19:08:17.004410,0.0,0.0,0.0
2022-01-24 19:08:17.509289,0.0,0.0,0.0
2022-01-24 19:08:18.006377,0.0,0.0,0.0
2022-01-24 19:08:18.511165,0.0,0.0,0.0
2022-01-24 19:08:19.009150,0.0,0.0,0.0
2022-01-24 19:08:19.504237,0.0,0.0,0.0
2022-01-24 19:08:20.002301,0.0,0.0,0.0
2022-01-24 19:08:20.506976,0.0,0.0,0.0
2022-01-24 19:08:21.004841,0.0,0.0,0.0
2022-01-24 19:08:21.510942,0.0,0.0,0.0
2022-01-24 19:08:22.008006,0.0,0.0,0.0
2022-01-24 19:08:22.503208,0.0,0.0,0.0
2022-01-24 19:08:23.001736,0.0,0.0,0.0
2022-01-24 19:08:23.507331,0.0,0.0,0.0
2022-01-24 19:08:24.006505,0.0,0.0,0.0
2022-01-24 19:08:24.501331,0.0,0.0,0.0
2022-01-24 19:08:25.010401,0.0,0.0,0.0
2022-01-24 19:08:25.505286,0.0,0.0,0.0
2022-01-24 19:08:26.003492,0.0,0.0,0.0
2022-01-24 19:08:26.509683,0.0,0.0,0.0
2022-01-24 19:08:27.006867,0.0,0.0,0.0
2022-01-24 19:08:27.501532,0.0,0.0,0.03864
2022-01-24 19:08:28.009441,0.0,0.0,0.03864
2022-01-24 19:08:28.505703,0.0,0.0,0.03864
2022-01-24 19:08:29.002580,0.0,0.0,0.03864
2022-01-24 19:08:29.509127,0.0,0.0,0.0
2022-01-24 19:08:30.007303,0.0,0.0,0.0
2022-01-24 19:08:30.505550,0.0,0.0,0.03864
2022-01-24 19:08:31.003889,0.0,0.0,0.03864
2022-01-24 19:08:31.501513,0.0,0.0,-0.03864
2022-01-24 19:08:32.009568,0.0,0.0,-0.03864
2022-01-24 19:08:32.506460,0.0,0.0,0.0
2022-01-24 19:08:33.004615,0.0,0.0,0.0
2022-01-24 19:08:33.509445,0.0,0.0,0.0
2022-01-24 19:08:34.007405,0.0,0.0,0.0
2022-01-24 19:08:34.505013,0.0,0.0,0.03864
2022-01-24 19:08:35.002924,0.0,0.0,0.03864
2022-01-24 19:08:35.508685,0.0,0.0,0.03864
2022-01-24 19:08:36.006569,0.0,0.0,0.03864
2022-01-24 19:08:36.502136,0.0,0.0,0.0
2022-01-24 19:08:37.010832,0.0,0.0,0.0
2022-01-24 19:08:37.506225,0.0,0.0,0.03864
2022-01-24 19:08:38.004407,0.0,0.0,0.03864
2022-01-24 19:08:38.508819,0.0,0.0,0.0
2022-01-24 19:08:39.007394,0.0,0.0,0.0
2022-01-24 19:08:39.503607,0.0,0.0,0.0
2022-01-24 19:08:40.002471,0.0,0.0,0.0
2022-01-24 19:08:40.509176,0.0,0.0,0.0
2022-01-24 19:08:41.006899,0.0,0.0,0.0
2022-01-24 19:08:41.510949,0.0,0.0,0.0
2022-01-24 19:08:42.010209,0.0,0.0,0.0
2022-01-24 19:08:42.505614,0.0,0.0,0.03864
2022-01-24 19:08:43.004393,0.0,0.0,0.03864
2022-01-24 19:08:43.510955,0.0,0.0,0.03864
2022-01-24 19:08:44.010047,0.0,0.0,0.03864
2022-01-24 19:08:44.506763,0.0,0.0,0.0
2022-01-24 19:08:45.004694,0.0,0.0,0.0
2022-01-24 19:08:45.501105,0.0,0.0,0.0
2022-01-24 19:08:46.010301,0.0,0.0,0.0
2022-01-24 19:08:46.505150,0.0,0.0,0.0
2022-01-24 19:08:47.002458,0.0,0.0,0.0
2022-01-24 19:08:47.508630,0.0,0.0,0.0
2022-01-24 19:08:48.006013,0.0,0.0,0.0
2022-01-24 19:08:48.510033,0.0,0.0,0.0
2022-01-24 19:08:49.007486,0.0,0.0,0.0
2022-01-24 19:08:49.502741,0.0,0.0,0.0
2022-01-24 19:08:50.001726,0.0,0.0,0.0
2022-01-24 19:08:50.507543,0.0,0.0,0.0
2022-01-24 19:08:51.005224,0.0,0.0,0.0
2022-01-24 19:08:52.004722,0.0,0.0,0.0
2022-01-24 19:08:52.501884,0.0,0.0,0.0
2022-01-24 19:08:53.010630,0.0,0.0,0.0
2022-01-24 19:08:53.505978,0.0,0.0,0.0
2022-01-24 19:08:54.003051,0.0,0.0,0.0
2022-01-24 19:08:54.508643,0.0,0.0,0.03864
2022-01-24 19:08:55.009867,0.0,0.0,0.03864
2022-01-24 19:08:55.506722,0.0,0.0,0.0
2022-01-24 19:08:56.004823,0.0,0.0,0.0
2022-01-24 19:08:56.501230,0.0,0.0,0.0
2022-01-24 19:08:57.010248,0.0,0.0,0.0
2022-01-24 19:08:57.505548,0.0,0.0,0.0
2022-01-24 19:08:58.003991,0.0,0.0,0.0
2022-01-24 19:08:58.510046,0.0,0.0,0.03864
2022-01-24 19:08:59.008404,0.0,0.0,0.03864
2022-01-24 19:08:59.504949,0.0,0.0,0.0
2022-01-24 19:09:00.002507,0.0,0.0,0.0
2022-01-24 19:09:00.508017,0.0,0.0,0.0
2022-01-24 19:09:01.006509,0.0,0.0,0.0
2022-01-24 19:09:01.502869,0.0,0.0,0.03864
2022-01-24 19:09:02.002142,0.0,0.0,0.03864
2022-01-24 19:09:02.508021,0.0,0.0,0.0
2022-01-24 19:09:03.007012,0.0,0.0,0.0
2022-01-24 19:09:03.504886,0.0,0.0,0.0
2022-01-24 19:09:04.002744,0.0,0.0,0.0
2022-01-24 19:09:04.508122,0.0,0.0,0.03864
2022-01-24 19:09:05.007248,0.0,0.0,0.03864
2022-01-24 19:09:05.502759,0.0,0.0,0.0
2022-01-24 19:09:06.001806,0.0,0.0,0.0
2022-01-24 19:09:06.508093,0.0,0.0,0.0
2022-01-24 19:09:07.006499,0.0,0.0,0.0
2022-01-24 19:09:07.501147,0.0,0.0,0.0
2022-01-24 19:09:08.010683,0.0,0.0,0.0
2022-01-24 19:09:08.505247,0.0,0.0,0.0
2022-01-24 19:09:09.003343,0.0,0.0,0.0
2022-01-24 19:09:09.508367,0.0,0.0,0.0
2022-01-24 19:09:10.006494,0.0,0.0,0.0
2022-01-24 19:09:10.501456,0.0,0.0,0.0
2022-01-24 19:09:11.006424,0.0,0.0,0.0
2022-01-24 19:09:11.501851,0.0,0.0,0.0
2022-01-24 19:09:12.010285,0.0,0.0,0.0
2022-01-24 19:09:12.506876,0.0,0.0,0.0
2022-01-24 19:09:13.005487,0.0,0.0,0.0
2022-01-24 19:09:13.510703,0.0,0.0,0.0
2022-01-24 19:09:14.009362,0.0,0.0,0.0
2022-01-24 19:09:14.504491,0.0,0.0,0.0
2022-01-24 19:09:15.002473,0.0,0.0,0.0
2022-01-24 19:09:15.507208,0.0,0.0,0.0
2022-01-24 19:09:16.005939,0.0,0.0,0.0
2022-01-24 19:09:16.501684,0.0,0.0,0.0
2022-01-24 19:09:17.010411,0.0,0.0,0.0
2022-01-24 19:09:17.502462,0.0,0.0,0.0
2022-01-24 19:09:18.001081,0.0,0.0,0.0
2022-01-24 19:09:18.505618,0.0,0.0,0.0
2022-01-24 19:09:19.003556,0.0,0.0,0.0
2022-01-24 19:09:19.509135,0.0,0.0,0.0
2022-01-24 19:09:20.008016,0.0,0.0,0.0
2022-01-24 19:09:20.503482,0.0,0.0,0.0
2022-01-24 19:09:21.002143,0.0,0.0,0.0
2022-01-24 19:09:21.509995,0.0,0.0,0.0
2022-01-24 19:09:22.007786,0.0,0.0,0.0
2022-01-24 19:09:22.502852,0.0,0.0,0.0
2022-01-24 19:09:23.001129,0.0,0.0,0.0
2022-01-24 19:09:23.506378,0.0,0.0,0.0
2022-01-24 19:09:24.005192,0.0,0.0,0.0
2022-01-24 19:09:24.510738,0.0,0.0,0.0
2022-01-24 19:09:25.010330,0.0,0.0,0.0
2022-01-24 19:09:25.506134,0.0,0.0,0.0
2022-01-24 19:09:26.004543,0.0,0.0,0.0
2022-01-24 19:09:26.509027,0.0,0.0,0.0
2022-01-24 19:09:27.007081,0.0,0.0,0.0
2022-01-24 19:09:27.502888,0.0,0.0,0.0
2022-01-24 19:09:28.010700,0.0,0.0,0.0
2022-01-24 19:09:28.505863,0.0,0.0,0.0
2022-01-24 19:09:29.006033,0.0,0.0,0.0
2022-01-24 19:09:29.501468,0.0,0.0,0.03864
2022-01-24 19:09:30.010031,0.0,0.0,0.03864
2022-01-24 19:09:30.505510,0.0,0.0,-0.07822
2022-01-24 19:09:31.004260,0.0,0.0,-0.07822
2022-01-24 19:09:31.510352,0.0,0.0,0.07822
2022-01-24 19:09:32.009157,0.0,0.0,0.07822
2022-01-24 19:09:32.502896,0.0,0.0,0.0
2022-01-24 19:09:33.001962,0.0,0.0,0.0
2022-01-24 19:09:33.508625,0.0,0.0,0.0
2022-01-24 19:09:34.008026,0.0,0.0,0.0
2022-01-24 19:09:34.504552,0.0,0.0,0.0
2022-01-24 19:09:35.003334,0.0,0.0,0.0
2022-01-24 19:09:35.510839,0.0,0.0,0.0
2022-01-24 19:09:36.009085,0.0,0.0,0.0
2022-01-24 19:09:36.503458,0.0,0.0,0.0
2022-01-24 19:09:37.505138,0.0,0.0,0.0
2022-01-24 19:09:38.002993,0.0,0.0,0.0
2022-01-24 19:09:38.508464,0.0,0.0,0.0
2022-01-24 19:09:39.006706,0.0,0.0,0.0
2022-01-24 19:09:39.502476,0.0,0.0,0.0
2022-01-24 19:09:40.001475,0.0,0.0,0.0
2022-01-24 19:09:40.508104,0.0,0.0,0.0
2022-01-24 19:09:41.006339,0.0,0.0,0.0
2022-01-24 19:09:41.501261,0.0,0.0,0.0
2022-01-24 19:09:42.001231,0.0,0.0,0.0
2022-01-24 19:09:42.508636,0.0,0.0,0.0
2022-01-24 19:09:43.006686,0.0,0.0,0.0
2022-01-24 19:09:43.505098,0.0,0.0,0.03864
2022-01-24 19:09:44.002440,0.0,0.0,0.03864
2022-01-24 19:09:44.507664,0.0,0.0,0.0
2022-01-24 19:09:45.006040,0.0,0.0,0.0
2022-01-24 19:09:45.501482,0.0,0.0,0.0
2022-01-24 19:09:46.010698,0.0,0.0,0.0
2022-01-24 19:09:46.505527,0.0,0.0,0.0
2022-01-24 19:09:47.002916,0.0,0.0,0.0
2022-01-24 19:09:47.507366,0.0,0.0,0.0
2022-01-24 19:09:48.006342,0.0,0.0,0.0
2022-01-24 19:09:48.503447,0.0,0.0,0.0
2022-01-24 19:09:49.003354,0.0,0.0,0.0
2022-01-24 19:09:49.507350,0.0,0.0,0.0
2022-01-24 19:09:50.006312,0.0,0.0,0.0
2022-01-24 19:09:50.501829,0.0,0.0,0.0
2022-01-24 19:09:51.009832,0.0,0.0,0.0
2022-01-24 19:09:51.503867,0.0,0.0,0.0
2022-01-24 19:09:52.003940,0.0,0.0,0.0
2022-01-24 19:09:52.507909,0.0,0.0,0.0
2022-01-24 19:09:53.008049,0.0,0.0,0.0
2022-01-24 19:09:53.509141,0.0,0.0,0.0
2022-01-24 19:09:54.004764,0.0,0.0,0.0
2022-01-24 19:09:54.503433,0.0,0.0,0.0
2022-01-24 19:09:55.003596,0.0,0.0,0.0
2022-01-24 19:09:55.509765,0.0,0.0,0.0
2022-01-24 19:09:56.003678,0.0,0.0,0.0
2022-01-24 19:09:56.505795,0.0,0.0,0.0
2022-01-24 19:09:57.005498,0.0,0.0,0.0
2022-01-24 19:09:57.506228,0.0,0.0,0.0
2022-01-24 19:09:58.003888,0.0,0.0,0.0
2022-01-24 19:09:59.004867,0.0,0.0,0.0
2022-01-24 19:09:59.510718,0.0,0.0,0.0
2022-01-24 19:10:00.008039,0.0,0.0,0.0
2022-01-24 19:10:00.504958,0.0,0.0,0.0
2022-01-24 19:10:01.005142,0.0,0.0,0.0
2022-01-24 19:10:01.510061,0.0,0.0,0.0
2022-01-24 19:10:02.009014,0.0,0.0,0.0
2022-01-24 19:10:02.506198,0.0,0.0,0.0
2022-01-24 19:10:03.003932,0.0,0.0,0.0
2022-01-24 19:10:03.510673,0.0,0.0,-0.03864
2022-01-24 19:10:04.007817,0.0,0.0,-0.03864
2022-01-24 19:10:04.503952,0.0,0.0,0.03864
2022-01-24 19:10:05.002733,0.0,0.0,0.03864
2022-01-24 19:10:05.508592,0.0,0.0,0.0
2022-01-24 19:10:06.006572,0.0,0.0,0.0
2022-01-24 19:10:06.501688,0.0,0.0,0.0
2022-01-24 19:10:07.011225,0.0,0.0,0.0
2022-01-24 19:10:07.506710,0.0,0.0,0.0
2022-01-24 19:10:08.004479,0.0,0.0,0.0
2022-01-24 19:10:08.510141,0.0,0.0,0.0
2022-01-24 19:10:09.009134,0.0,0.0,0.0
2022-01-24 19:10:09.504952,0.0,0.0,0.0
2022-01-24 19:10:10.004342,0.0,0.0,0.0
2022-01-24 19:10:10.508997,0.0,0.0,0.0
2022-01-24 19:10:11.004229,0.0,0.0,0.0
2022-01-24 19:10:11.502079,0.0,0.0,-0.03864
2022-01-24 19:10:12.010928,0.0,0.0,-0.03864
2022-01-24 19:10:12.506209,0.0,0.0,0.0
2022-01-24 19:10:13.005329,0.0,0.0,0.0
2022-01-24 19:10:13.501546,0.0,0.0,0.0
2022-01-24 19:10:14.010678,0.0,0.0,0.0
2022-01-24 19:10:14.505446,0.0,0.0,0.0
2022-01-24 19:10:15.003169,0.0,0.0,0.0
2022-01-24 19:10:15.509539,0.0,0.0,0.0
2022-01-24 19:10:16.008394,0.0,0.0,0.0
2022-01-24 19:10:16.502640,0.0,0.0,0.0
2022-01-24 19:10:17.505034,0.0,0.0,0.0
2022-01-24 19:10:18.003342,0.0,0.0,0.0
2022-01-24 19:10:18.509667,0.0,0.0,0.0
2022-01-24 19:10:19.007352,0.0,0.0,0.0
2022-01-24 19:10:19.501737,0.0,0.0,0.0
2022-01-24 19:10:20.009158,0.0,0.0,0.0
2022-01-24 19:10:20.504757,0.0,0.0,0.0
2022-01-24 19:10:21.003844,0.0,0.0,0.0
2022-01-24 19:10:21.510519,0.0,0.0,0.0
2022-01-24 19:10:22.008071,0.0,0.0,0.0
2022-01-24 19:10:22.501559,0.0,0.0,0.0
2022-01-24 19:10:23.009972,0.0,0.0,0.0
2022-01-24 19:10:23.505003,0.0,0.0,0.0
2022-01-24 19:10:24.004062,0.0,0.0,0.0
2022-01-24 19:10:24.509717,0.0,0.0,0.0
2022-01-24 19:10:25.007270,0.0,0.0,0.0
2022-01-24 19:10:25.504579,0.0,0.0,0.0
2022-01-24 19:10:26.002232,0.0,0.0,0.0
2022-01-24 19:10:26.508074,0.0,0.0,0.0
2022-01-24 19:10:27.006188,0.0,0.0,0.0
2022-01-24 19:10:27.501791,0.0,0.0,0.0
2022-01-24 19:10:28.010411,0.0,0.0,0.0
2022-01-24 19:10:28.504689,0.0,0.0,0.0
2022-01-24 19:10:29.003379,0.0,0.0,0.0
2022-01-24 19:10:29.509360,0.0,0.0,0.0
2022-01-24 19:10:30.007201,0.0,0.0,0.0
2022-01-24 19:10:30.503468,0.0,0.0,0.0
2022-01-24 19:10:31.002215,0.0,0.0,0.0
2022-01-24 19:10:31.508562,0.0,0.0,0.0
2022-01-24 19:10:32.006685,0.0,0.0,0.0
2022-01-24 19:10:32.502594,0.0,0.0,0.0
2022-01-24 19:10:33.010343,0.0,0.0,0.0
2022-01-24 19:10:33.506335,0.0,0.0,0.0
2022-01-24 19:10:34.004243,0.0,0.0,0.0
2022-01-24 19:10:34.502235,0.0,0.0,0.0
2022-01-24 19:10:35.001727,0.0,0.0,0.0
2022-01-24 19:10:35.506350,0.0,0.0,0.0
2022-01-24 19:10:36.003976,0.0,0.0,0.0
2022-01-24 19:10:37.005845,0.0,0.0,0.0
2022-01-24 19:10:37.502406,0.0,0.0,0.0
2022-01-24 19:10:38.011186,0.0,0.0,0.0
2022-01-24 19:10:38.506853,0.0,0.0,0.0
2022-01-24 19:10:39.003937,0.0,0.0,0.0
2022-01-24 19:10:39.510728,0.0,0.0,0.0
2022-01-24 19:10:40.008970,0.0,0.0,0.0
2022-01-24 19:10:40.502826,0.0,0.0,0.0
2022-01-24 19:10:41.010670,0.0,0.0,0.0
2022-01-24 19:10:41.506795,0.0,0.0,0.0
2022-01-24 19:10:42.008148,0.0,0.0,0.0
2022-01-24 19:10:42.503615,0.0,0.0,0.0
2022-01-24 19:10:43.002122,0.0,0.0,0.0
2022-01-24 19:10:43.510833,0.0,0.0,0.0
2022-01-24 19:10:44.010870,0.0,0.0,0.0
2022-01-24 19:10:44.506847,0.0,0.0,0.0
2022-01-24 19:10:45.005075,0.0,0.0,0.0
2022-01-24 19:10:45.509867,0.0,0.0,0.0
2022-01-24 19:10:46.008604,0.0,0.0,0.0
2022-01-24 19:10:46.504628,0.0,0.0,0.0
2022-01-24 19:10:47.003232,0.0,0.0,0.0
2022-01-24 19:10:47.509894,0.0,0.0,0.0
2022-01-24 19:10:48.009453,0.0,0.0,0.0
2022-01-24 19:10:48.504682,0.0,0.0,0.0
2022-01-24 19:10:49.002169,0.0,0.0,0.0
2022-01-24 19:10:49.506809,0.0,0.0,0.0
2022-01-24 19:10:50.005751,0.0,0.0,0.0
2022-01-24 19:10:50.501319,0.0,0.0,0.0
2022-01-24 19:10:51.009720,0.0,0.0,0.0
2022-01-24 19:10:51.504984,0.0,0.0,0.0
2022-01-24 19:10:52.003390,0.0,0.0,0.0
2022-01-24 19:10:52.508662,0.0,0.0,0.0
2022-01-24 19:10:53.007189,0.0,0.0,0.0
2022-01-24 19:10:53.502294,0.0,0.0,0.0
2022-01-24 19:10:54.010283,0.0,0.0,0.0
2022-01-24 19:10:54.504477,0.0,0.0,0.0
2022-01-24 19:10:55.001305,0.0,0.0,0.0
2022-01-24 19:10:55.507026,0.0,0.0,0.0
2022-01-24 19:10:56.005516,0.0,0.0,0.0
2022-01-24 19:10:56.503186,0.0,0.0,0.0
2022-01-24 19:10:57.010936,0.0,0.0,0.0
2022-01-24 19:10:57.506679,0.0,0.0,0.0
2022-01-24 19:10:58.005254,0.0,0.0,0.0
2022-01-24 19:10:58.511166,0.0,0.0,0.0
2022-01-24 19:10:59.009293,0.0,0.0,0.0
2022-01-24 19:10:59.507531,0.0,0.0,0.0
2022-01-24 19:11:00.005380,0.0,0.0,0.0
2022-01-24 19:11:00.511229,0.0,0.0,0.0
2022-01-24 19:11:01.001154,0.0,0.0,0.0
2022-01-24 19:11:01.506864,0.0,0.0,0.0
2022-01-24 19:11:02.006531,0.0,0.0,0.0
2022-01-24 19:11:02.510526,0.0,0.0,0.0
2022-01-24 19:11:03.007750,0.0,0.0,0.0
2022-01-24 19:11:03.505396,0.0,0.0,0.0
2022-01-24 19:11:04.003981,0.0,0.0,0.0
2022-01-24 19:11:04.508963,0.0,0.0,0.0
2022-01-24 19:11:05.006099,0.0,0.0,0.0
2022-01-24 19:11:05.503834,0.0,0.0,0.0
2022-01-24 19:11:06.003868,0.0,0.0,0.0
2022-01-24 19:11:06.509775,0.0,0.0,0.0
2022-01-24 19:11:07.006919,0.0,0.0,0.0
2022-01-24 19:11:07.502904,0.0,0.0,0.0
2022-01-24 19:11:08.001709,0.0,0.0,0.0
2022-01-24 19:11:08.507988,0.0,0.0,0.0
2022-01-24 19:11:09.006000,0.0,0.0,0.0
2022-01-24 19:11:09.501706,0.0,0.0,0.0
2022-01-24 19:11:10.001160,0.0,0.0,0.0
2022-01-24 19:11:10.505718,0.0,0.0,0.0
2022-01-24 19:11:11.010482,0.0,0.0,0.0
2022-01-24 19:11:11.507418,0.0,0.0,0.0
2022-01-24 19:11:12.006621,0.0,0.0,0.0
2022-01-24 19:11:12.501555,0.0,0.0,0.0
2022-01-24 19:11:13.009776,0.0,0.0,0.0
2022-01-24 19:11:13.504701,0.0,0.0,0.0
2022-01-24 19:11:14.002542,0.0,0.0,0.0
2022-01-24 19:11:14.510297,0.0,0.0,0.0
2022-01-24 19:11:15.007768,0.0,0.0,0.0
2022-01-24 19:11:15.503866,0.0,0.0,0.0
2022-01-24 19:11:16.002034,0.0,0.0,0.0
2022-01-24 19:11:16.508079,0.0,0.0,0.0
2022-01-24 19:11:17.006639,0.0,0.0,0.0
2022-01-24 19:11:17.503891,0.0,0.0,0.0
2022-01-24 19:11:18.002115,0.0,0.0,0.0
2022-01-24 19:11:18.507584,0.0,0.0,0.0
2022-01-24 19:11:19.007141,0.0,0.0,0.0
2022-01-24 19:11:19.503167,0.0,0.0,0.0
2022-01-24 19:11:20.001473,0.0,0.0,0.0
2022-01-24 19:11:20.508880,0.0,0.0,0.0
2022-01-24 19:11:21.006955,0.0,0.0,0.0
2022-01-24 19:11:21.501865,0.0,0.0,0.0
2022-01-24 19:11:22.010241,0.0,0.0,0.0
2022-01-24 19:11:22.505919,0.0,0.0,0.0
2022-01-24 19:11:23.003976,0.0,0.0,0.0
2022-01-24 19:11:23.502260,0.0,0.0,0.0
2022-01-24 19:11:24.011036,0.0,0.0,0.0
2022-01-24 19:11:24.506403,0.0,0.0,0.0
2022-01-24 19:11:25.003769,0.0,0.0,0.0
2022-01-24 19:11:25.502065,0.0,0.0,0.0
2022-01-24 19:11:26.010624,0.0,0.0,0.0
2022-01-24 19:11:26.505908,0.0,0.0,0.0
2022-01-24 19:11:27.003186,0.0,0.0,0.0
2022-01-24 19:11:27.508849,0.0,0.0,0.0
2022-01-24 19:11:28.008213,0.0,0.0,0.0
2022-01-24 19:11:28.505829,0.0,0.0,0.0
2022-01-24 19:11:29.003239,0.0,0.0,0.0
2022-01-24 19:11:29.509971,0.0,0.0,0.0
2022-01-24 19:11:30.008358,0.0,0.0,0.0
2022-01-24 19:11:30.506755,0.0,0.0,0.0
2022-01-24 19:11:31.005396,0.0,0.0,0.0
2022-01-24 19:11:31.510076,0.0,0.0,0.0
2022-01-24 19:11:32.008399,0.0,0.0,0.0
2022-01-24 19:11:32.506281,0.0,0.0,0.0
2022-01-24 19:11:33.004899,0.0,0.0,0.0
2022-01-24 19:11:33.510280,0.0,0.0,0.0
2022-01-24 19:11:34.008835,0.0,0.0,0.0
2022-01-24 19:11:34.504915,0.0,0.0,-0.03864
2022-01-24 19:11:35.002292,0.0,0.0,-0.03864
2022-01-24 19:11:35.507003,0.0,0.0,0.0
2022-01-24 19:11:36.007124,0.0,0.0,0.0
2022-01-24 19:11:36.502171,0.0,0.0,0.0
2022-01-24 19:11:37.001735,0.0,0.0,0.0
2022-01-24 19:11:37.508363,0.0,0.0,0.0
2022-01-24 19:11:38.006612,0.0,0.0,0.0
2022-01-24 19:11:38.501971,0.0,0.0,0.0
2022-01-24 19:11:39.505092,0.0,0.0,0.0
2022-01-24 19:11:40.003283,0.0,0.0,0.0
2022-01-24 19:11:40.511171,0.0,0.0,0.0
2022-01-24 19:11:41.008557,0.0,0.0,0.0
2022-01-24 19:11:41.503528,0.0,0.0,0.0
2022-01-24 19:11:42.001398,0.0,0.0,0.0
2022-01-24 19:11:42.507575,0.0,0.0,0.0
2022-01-24 19:11:43.007838,0.0,0.0,0.0
2022-01-24 19:11:43.502386,0.0,0.0,0.0
2022-01-24 19:11:44.010366,0.0,0.0,0.0
2022-01-24 19:11:44.506287,0.0,0.0,0.03864
2022-01-24 19:11:45.004338,0.0,0.0,0.03864
2022-01-24 19:11:45.511206,0.0,0.0,-0.03864
2022-01-24 19:11:46.008550,0.0,0.0,-0.03864
2022-01-24 19:11:46.506856,0.0,0.0,-0.03864
2022-01-24 19:11:47.005025,0.0,0.0,-0.03864
2022-01-24 19:11:47.506973,0.0,0.0,-0.03864
2022-01-24 19:11:48.006562,0.0,0.0,-0.03864
2022-01-24 19:11:48.510990,0.0,0.0,-0.03864
2022-01-24 19:11:49.010730,0.0,0.0,-0.03864
2022-01-24 19:11:49.507426,0.0,0.0,0.0
2022-01-24 19:11:50.006386,0.0,0.0,0.0
2022-01-24 19:11:50.501833,0.0,0.0,0.0
2022-01-24 19:11:51.011081,0.0,0.0,0.0
2022-01-24 19:11:51.505906,0.0,0.0,0.0
2022-01-24 19:11:52.003331,0.0,0.0,0.0
2022-01-24 19:11:52.509815,0.0,0.0,0.0
2022-01-24 19:11:53.007710,0.0,0.0,0.0
2022-01-24 19:11:53.503493,0.0,0.0,0.0
2022-01-24 19:11:54.001909,0.0,0.0,0.0
2022-01-24 19:11:54.507926,0.0,0.0,0.0
2022-01-24 19:11:55.007638,0.0,0.0,0.0
2022-01-24 19:11:55.505800,0.0,0.0,0.0
2022-01-24 19:11:56.004170,0.0,0.0,0.0
2022-01-24 19:11:56.509736,0.0,0.0,0.0
2022-01-24 19:11:57.008086,0.0,0.0,0.0
2022-01-24 19:11:57.503953,0.0,0.0,0.0
2022-01-24 19:11:58.003975,0.0,0.0,0.0
2022-01-24 19:11:58.510123,0.0,0.0,-0.03864
2022-01-24 19:11:59.008069,0.0,0.0,-0.03864
2022-01-24 19:11:59.504078,0.0,0.0,0.03864
2022-01-24 19:12:00.004728,0.0,0.0,0.03864
2022-01-24 19:12:00.507289,0.0,0.0,0.0
2022-01-24 19:12:01.005919,0.0,0.0,0.0
2022-01-24 19:12:01.502621,0.0,0.0,-0.03864
2022-01-24 19:12:02.010379,0.0,0.0,-0.03864
2022-01-24 19:12:02.505913,0.0,0.0,0.03864
2022-01-24 19:12:03.003534,0.0,0.0,0.03864
2022-01-24 19:12:03.509167,0.0,0.0,0.0
2022-01-24 19:12:04.008483,0.0,0.0,0.0
2022-01-24 19:12:04.505120,0.0,0.0,0.0
2022-01-24 19:12:05.003769,0.0,0.0,0.0
2022-01-24 19:12:05.510296,0.0,0.0,0.0
2022-01-24 19:12:06.007468,0.0,0.0,0.0
2022-01-24 19:12:06.502476,0.0,0.0,0.0
2022-01-24 19:12:07.010300,0.0,0.0,0.0
2022-01-24 19:12:07.505698,0.0,0.0,0.0
2022-01-24 19:12:08.003268,0.0,0.0,0.0
2022-01-24 19:12:08.509976,0.0,0.0,0.0
2022-01-24 19:12:09.007328,0.0,0.0,0.0
2022-01-24 19:12:09.502883,0.0,0.0,0.0
2022-01-24 19:12:10.001532,0.0,0.0,0.0
2022-01-24 19:12:10.507504,0.0,0.0,0.0
2022-01-24 19:12:11.011012,0.0,0.0,0.0
2022-01-24 19:12:11.506751,0.0,0.0,0.0
2022-01-24 19:12:12.003676,0.0,0.0,0.0
2022-01-24 19:12:12.510359,0.0,0.0,0.0
2022-01-24 19:12:13.007693,0.0,0.0,0.0
2022-01-24 19:12:13.502828,0.0,0.0,0.0
2022-01-24 19:12:14.010714,0.0,0.0,0.0
2022-01-24 19:12:14.505908,0.0,0.0,0.0
2022-01-24 19:12:15.003516,0.0,0.0,0.0
2022-01-24 19:12:15.501510,0.0,0.0,0.0
2022-01-24 19:12:16.010433,0.0,0.0,0.0
2022-01-24 19:12:16.504984,0.0,0.0,0.0
2022-01-24 19:12:17.002279,0.0,0.0,0.0
2022-01-24 19:12:17.508836,0.0,0.0,0.0
2022-01-24 19:12:18.007179,0.0,0.0,0.0
2022-01-24 19:12:18.503771,0.0,0.0,0.0
2022-01-24 19:12:19.001915,0.0,0.0,0.0
2022-01-24 19:12:19.507295,0.0,0.0,0.0
2022-01-24 19:12:20.005249,0.0,0.0,0.0
2022-01-24 19:12:20.501732,0.0,0.0,0.0
2022-01-24 19:12:21.010294,0.0,0.0,0.0
2022-01-24 19:12:21.504922,0.0,0.0,0.0
2022-01-24 19:12:22.002824,0.0,0.0,0.0
2022-01-24 19:12:22.508845,0.0,0.0,0.0
2022-01-24 19:12:23.007425,0.0,0.0,0.0
2022-01-24 19:12:23.505949,0.0,0.0,0.0
2022-01-24 19:12:24.003770,0.0,0.0,0.0
2022-01-24 19:12:24.509833,0.0,0.0,0.0
2022-01-24 19:12:25.007891,0.0,0.0,0.0
2022-01-24 19:12:25.503668,0.0,0.0,0.0
2022-01-24 19:12:26.001855,0.0,0.0,0.0
2022-01-24 19:12:26.507134,0.0,0.0,0.0
2022-01-24 19:12:27.006126,0.0,0.0,0.0
2022-01-24 19:12:27.501722,0.0,0.0,0.0
2022-01-24 19:12:28.002398,0.0,0.0,0.0
2022-01-24 19:12:28.509011,0.0,0.0,0.0
2022-01-24 19:12:29.007558,0.0,0.0,0.0
2022-01-24 19:12:29.503129,0.0,0.0,0.0
2022-01-24 19:12:30.001936,0.0,0.0,0.0
2022-01-24 19:12:30.509517,0.0,0.0,0.0
2022-01-24 19:12:31.009262,0.0,0.0,0.0
2022-01-24 19:12:31.504232,0.0,0.0,0.0
2022-01-24 19:12:32.003719,0.0,0.0,0.0
2022-01-24 19:12:33.005028,0.0,0.0,0.0
2022-01-24 19:12:33.501128,0.0,0.0,0.0
2022-01-24 19:12:34.009776,0.0,0.0,0.0
2022-01-24 19:12:34.504697,0.0,0.0,0.0
2022-01-24 19:12:35.002626,0.0,0.0,0.0
2022-01-24 19:12:35.506803,0.0,0.0,0.0
2022-01-24 19:12:36.006302,0.0,0.0,0.0
2022-01-24 19:12:36.501092,0.0,0.0,0.0
2022-01-24 19:12:37.007562,0.0,0.0,0.0
2022-01-24 19:12:37.504976,0.0,0.0,0.0
2022-01-24 19:12:38.003464,0.0,0.0,0.0
2022-01-24 19:12:38.507691,0.0,0.0,0.0
2022-01-24 19:12:39.006019,0.0,0.0,0.0
2022-01-24 19:12:39.501224,0.0,0.0,0.0
2022-01-24 19:12:40.010368,0.0,0.0,0.0
2022-01-24 19:12:40.504868,0.0,0.0,0.0
2022-01-24 19:12:41.003868,0.0,0.0,0.0
2022-01-24 19:12:41.509028,0.0,0.0,0.0
2022-01-24 19:12:42.008692,0.0,0.0,0.0
2022-01-24 19:12:42.502719,0.0,0.0,0.0
2022-01-24 19:12:43.010771,0.0,0.0,0.0
2022-01-24 19:12:43.508901,0.0,0.0,0.0
2022-01-24 19:12:44.007341,0.0,0.0,0.0
2022-01-24 19:12:44.502976,0.0,0.0,0.0
2022-01-24 19:12:45.002002,0.0,0.0,0.0
2022-01-24 19:12:45.509043,0.0,0.0,0.0
2022-01-24 19:12:46.008822,0.0,0.0,0.0
2022-01-24 19:12:46.505000,0.0,0.0,0.0
2022-01-24 19:12:47.002512,0.0,0.0,0.0
2022-01-24 19:12:47.508312,0.0,0.0,0.0
2022-01-24 19:12:48.007730,0.0,0.0,0.0
2022-01-24 19:12:48.502138,0.0,0.0,0.0
2022-01-24 19:12:49.011077,0.0,0.0,0.0
2022-01-24 19:12:49.508595,0.0,0.0,0.0
2022-01-24 19:12:50.006559,0.0,0.0,0.0
2022-01-24 19:12:50.503540,0.0,0.0,0.0
2022-01-24 19:12:51.003489,0.0,0.0,0.0
2022-01-24 19:12:51.509257,0.0,0.0,0.0
2022-01-24 19:12:52.007203,0.0,0.0,0.0
2022-01-24 19:12:52.502267,0.0,0.0,0.0
2022-01-24 19:12:53.009689,0.0,0.0,0.0
2022-01-24 19:12:53.506038,0.0,0.0,0.0
2022-01-24 19:12:54.003960,0.0,0.0,0.0
2022-01-24 19:12:54.509833,0.0,0.0,0.0
2022-01-24 19:12:55.008227,0.0,0.0,0.0
2022-01-24 19:12:55.505833,0.0,0.0,0.0
2022-01-24 19:12:56.004710,0.0,0.0,0.0
2022-01-24 19:12:56.509795,0.0,0.0,0.0
2022-01-24 19:12:57.008069,0.0,0.0,0.0
2022-01-24 19:12:57.502553,0.0,0.0,0.0
2022-01-24 19:12:58.001083,0.0,0.0,0.0
2022-01-24 19:12:58.506662,0.0,0.0,0.0
2022-01-24 19:12:59.005333,0.0,0.0,0.0
2022-01-24 19:12:59.501128,0.0,0.0,0.0
2022-01-24 19:13:00.002567,0.0,0.0,0.0
2022-01-24 19:13:00.507990,0.0,0.0,0.0
2022-01-24 19:13:01.006502,0.0,0.0,0.0
2022-01-24 19:13:01.502162,0.0,0.0,0.0
2022-01-24 19:13:02.010731,0.0,0.0,0.0
2022-01-24 19:13:02.505408,0.0,0.0,0.0
2022-01-24 19:13:03.003208,0.0,0.0,0.0
2022-01-24 19:13:03.509273,0.0,0.0,0.0
2022-01-24 19:13:04.008900,0.0,0.0,0.0
2022-01-24 19:13:04.503822,0.0,0.0,0.0
2022-01-24 19:13:05.001523,0.0,0.0,0.0
2022-01-24 19:13:05.506030,0.0,0.0,0.0
2022-01-24 19:13:06.004625,0.0,0.0,0.0
2022-01-24 19:13:06.510412,0.0,0.0,0.0
2022-01-24 19:13:07.009109,0.0,0.0,0.0
2022-01-24 19:13:07.504450,0.0,0.0,0.0
2022-01-24 19:13:08.004607,0.0,0.0,0.0
2022-01-24 19:13:08.510012,0.0,0.0,0.0
2022-01-24 19:13:09.008104,0.0,0.0,0.0
2022-01-24 19:13:09.501766,0.0,0.0,0.0
2022-01-24 19:13:10.009965,0.0,0.0,0.0
2022-01-24 19:13:10.506072,0.0,0.0,0.0
2022-01-24 19:13:11.010006,0.0,0.0,0.0
2022-01-24 19:13:11.506135,0.0,0.0,0.0
2022-01-24 19:13:12.004847,0.0,0.0,0.0
2022-01-24 19:13:12.502810,0.0,0.0,0.0
2022-01-24 19:13:13.001822,0.0,0.0,0.0
2022-01-24 19:13:13.509075,0.0,0.0,0.0
2022-01-24 19:13:14.007133,0.0,0.0,0.0
2022-01-24 19:13:14.501752,0.0,0.0,0.0
2022-01-24 19:13:15.010303,0.0,0.0,0.0
2022-01-24 19:13:15.506447,0.0,0.0,0.0
2022-01-24 19:13:16.004834,0.0,0.0,0.0
2022-01-24 19:13:16.501687,0.0,0.0,0.0
2022-01-24 19:13:17.010702,0.0,0.0,0.0
2022-01-24 19:13:17.505635,0.0,0.0,0.0
2022-01-24 19:13:18.004314,0.0,0.0,0.0
2022-01-24 19:13:18.510407,0.0,0.0,0.0
2022-01-24 19:13:19.002379,0.0,0.0,0.0
2022-01-24 19:13:19.508179,0.0,0.0,0.0
2022-01-24 19:13:20.008083,0.0,0.0,0.0
2022-01-24 19:13:20.502793,0.0,0.0,0.0
2022-01-24 19:13:21.003270,0.0,0.0,0.0
2022-01-24 19:13:21.510775,0.0,0.0,0.0
2022-01-24 19:13:22.007433,0.0,0.0,0.0
2022-01-24 19:13:22.503657,0.0,0.0,0.0
2022-01-24 19:13:23.002208,0.0,0.0,0.0
2022-01-24 19:13:23.508075,0.0,0.0,0.0
2022-01-24 19:13:24.007254,0.0,0.0,0.0
2022-01-24 19:13:24.501863,0.0,0.0,0.0
2022-01-24 19:13:25.010319,0.0,0.0,0.0
2022-01-24 19:13:25.506747,0.0,0.0,0.0
2022-01-24 19:13:26.005162,0.0,0.0,0.0
2022-01-24 19:13:26.501422,0.0,0.0,0.0
2022-01-24 19:13:27.009669,0.0,0.0,0.0
2022-01-24 19:13:27.505815,0.0,0.0,0.0
2022-01-24 19:13:28.004282,0.0,0.0,0.0
2022-01-24 19:13:28.501110,0.0,0.0,0.0
2022-01-24 19:13:29.010490,0.0,0.0,0.0
2022-01-24 19:13:29.505822,0.0,0.0,-0.03864
2022-01-24 19:13:30.003122,0.0,0.0,-0.03864
2022-01-24 19:13:30.510601,0.0,0.0,0.0
2022-01-24 19:13:31.007427,0.0,0.0,0.0
2022-01-24 19:13:31.505055,0.0,0.0,0.0
2022-01-24 19:13:32.003593,0.0,0.0,0.0
2022-01-24 19:13:32.508444,0.0,0.0,0.03864
2022-01-24 19:13:33.008087,0.0,0.0,0.03864
2022-01-24 19:13:33.503974,0.0,0.0,0.0
2022-01-24 19:13:34.003380,0.0,0.0,0.0
2022-01-24 19:13:34.508621,0.0,0.0,0.0
2022-01-24 19:13:35.009356,0.0,0.0,0.0
2022-01-24 19:13:35.506081,0.0,0.0,0.0
2022-01-24 19:13:36.004817,0.0,0.0,0.0
2022-01-24 19:13:36.509628,0.0,0.0,0.0
2022-01-24 19:13:37.008647,0.0,0.0,0.0
2022-01-24 19:13:37.504484,0.0,0.0,0.0
2022-01-24 19:13:38.002971,0.0,0.0,0.0
2022-01-24 19:13:38.507971,0.0,0.0,0.0
2022-01-24 19:13:39.008588,0.0,0.0,0.0
2022-01-24 19:13:39.507261,0.0,0.0,0.0
2022-01-24 19:13:40.008175,0.0,0.0,0.0
2022-01-24 19:13:40.503686,0.0,0.0,0.0
2022-01-24 19:13:41.001546,0.0,0.0,0.0
2022-01-24 19:13:41.509403,0.0,0.0,0.0
2022-01-24 19:13:42.009067,0.0,0.0,0.0
2022-01-24 19:13:42.506442,0.0,0.0,0.0
2022-01-24 19:13:43.003288,0.0,0.0,0.0
2022-01-24 19:13:43.510396,0.0,0.0,-0.03864
2022-01-24 19:13:44.009997,0.0,0.0,-0.03864
2022-01-24 19:13:44.504425,0.0,0.0,0.0
2022-01-24 19:13:45.002845,0.0,0.0,0.0
2022-01-24 19:13:45.508868,0.0,0.0,0.0
2022-01-24 19:13:46.007215,0.0,0.0,0.0
2022-01-24 19:13:46.502698,0.0,0.0,0.0
2022-01-24 19:13:47.001336,0.0,0.0,0.0
2022-01-24 19:13:47.507060,0.0,0.0,0.0
2022-01-24 19:13:48.005164,0.0,0.0,0.0
2022-01-24 19:13:48.502894,0.0,0.0,0.0
2022-01-24 19:13:49.002285,0.0,0.0,0.0
2022-01-24 19:13:49.507489,0.0,0.0,0.0
2022-01-24 19:13:50.006567,0.0,0.0,0.0
2022-01-24 19:13:50.501754,0.0,0.0,0.0
2022-01-24 19:13:51.009533,0.0,0.0,0.0
2022-01-24 19:13:51.505746,0.0,0.0,0.0
2022-01-24 19:13:52.006572,0.0,0.0,0.0
2022-01-24 19:13:52.502103,0.0,0.0,0.0
2022-01-24 19:13:53.001787,0.0,0.0,0.0
2022-01-24 19:13:53.508471,0.0,0.0,0.0
2022-01-24 19:13:54.007331,0.0,0.0,0.0
2022-01-24 19:13:54.502729,0.0,0.0,0.0
2022-01-24 19:13:55.009909,0.0,0.0,0.0
2022-01-24 19:13:55.505033,0.0,0.0,0.0
2022-01-24 19:13:56.002233,0.0,0.0,0.0
2022-01-24 19:13:56.507862,0.0,0.0,0.0
2022-01-24 19:13:57.006645,0.0,0.0,0.0
2022-01-24 19:13:57.504478,0.0,0.0,0.0
2022-01-24 19:13:58.003426,0.0,0.0,0.0
2022-01-24 19:13:58.508423,0.0,0.0,0.0
2022-01-24 19:13:59.006916,0.0,0.0,0.0
2022-01-24 19:13:59.502330,0.0,0.0,0.0
2022-01-24 19:14:00.009783,0.0,0.0,0.0
2022-01-24 19:14:00.505053,0.0,0.0,0.0
2022-01-24 19:14:01.002370,0.0,0.0,0.0
2022-01-24 19:14:01.509533,0.0,0.0,0.0
2022-01-24 19:14:02.008498,0.0,0.0,0.0
2022-01-24 19:14:02.503145,0.0,0.0,0.0
2022-01-24 19:14:03.000988,0.0,0.0,0.0
2022-01-24 19:14:03.506284,0.0,0.0,0.0
2022-01-24 19:14:04.004403,0.0,0.0,0.0
2022-01-24 19:14:04.503420,0.0,0.0,0.0
2022-01-24 19:14:05.001820,0.0,0.0,0.0
2022-01-24 19:14:05.508938,0.0,0.0,0.0
2022-01-24 19:14:06.007982,0.0,0.0,0.0
2022-01-24 19:14:06.502306,0.0,0.0,0.0
2022-01-24 19:14:07.010230,0.0,0.0,0.0
2022-01-24 19:14:07.506012,0.0,0.0,0.0
2022-01-24 19:14:08.004004,0.0,0.0,0.0
2022-01-24 19:14:08.501858,0.0,0.0,0.0
2022-01-24 19:14:09.001724,0.0,0.0,0.0
2022-01-24 19:14:09.508091,0.0,0.0,0.0
2022-01-24 19:14:10.008908,0.0,0.0,0.0
2022-01-24 19:14:10.503347,0.0,0.0,0.0
2022-01-24 19:14:11.006788,0.0,0.0,0.0
2022-01-24 19:14:11.501061,0.0,0.0,0.0
2022-01-24 19:14:12.009303,0.0,0.0,0.0
2022-01-24 19:14:12.503472,0.0,0.0,0.0
2022-01-24 19:14:13.002231,0.0,0.0,0.0
2022-01-24 19:14:13.510042,0.0,0.0,0.0
2022-01-24 19:14:14.008784,0.0,0.0,0.0
2022-01-24 19:14:14.506729,0.0,0.0,0.0
2022-01-24 19:14:15.006104,0.0,0.0,0.0
2022-01-24 19:14:15.502748,0.0,0.0,0.0
2022-01-24 19:14:16.002249,0.0,0.0,0.0
2022-01-24 19:14:16.508934,0.0,0.0,-0.03864
2022-01-24 19:14:17.007988,0.0,0.0,-0.03864
2022-01-24 19:14:17.504539,0.0,0.0,0.0
2022-01-24 19:14:18.002648,0.0,0.0,0.0
2022-01-24 19:14:18.508094,0.0,0.0,0.0
2022-01-24 19:14:19.007638,0.0,0.0,0.0
2022-01-24 19:14:19.501966,0.0,0.0,0.0
2022-01-24 19:14:20.001246,0.0,0.0,0.0
2022-01-24 19:14:20.507403,0.0,0.0,0.0
2022-01-24 19:14:21.006175,0.0,0.0,0.0
2022-01-24 19:14:21.502711,0.0,0.0,0.0
2022-01-24 19:14:22.002428,0.0,0.0,0.0
2022-01-24 19:14:22.508582,0.0,0.0,0.0
2022-01-24 19:14:23.006812,0.0,0.0,0.0
2022-01-24 19:14:23.504635,0.0,0.0,0.0
2022-01-24 19:14:24.002683,0.0,0.0,0.0
2022-01-24 19:14:24.508376,0.0,0.0,0.0
2022-01-24 19:14:25.006467,0.0,0.0,0.0
2022-01-24 19:14:25.501061,0.0,0.0,0.0
2022-01-24 19:14:26.009001,0.0,0.0,0.0
2022-01-24 19:14:26.503304,0.0,0.0,0.0
2022-01-24 19:14:27.001206,0.0,0.0,0.0
2022-01-24 19:14:27.506801,0.0,0.0,0.0
2022-01-24 19:14:28.005554,0.0,0.0,0.0
2022-01-24 19:14:28.510907,0.0,0.0,0.0
2022-01-24 19:14:29.008596,0.0,0.0,0.0
2022-01-24 19:14:29.504085,0.0,0.0,0.0
2022-01-24 19:14:30.003347,0.0,0.0,0.0
2022-01-24 19:14:30.509250,0.0,0.0,0.0
2022-01-24 19:14:31.007909,0.0,0.0,0.0
2022-01-24 19:14:31.503425,0.0,0.0,0.0
2022-01-24 19:14:32.001317,0.0,0.0,0.0
2022-01-24 19:14:32.507093,0.0,0.0,0.0
2022-01-24 19:14:33.005765,0.0,0.0,0.0
2022-01-24 19:14:33.510957,0.0,0.0,0.0
2022-01-24 19:14:34.009474,0.0,0.0,0.0
2022-01-24 19:14:34.504884,0.0,0.0,0.0
2022-01-24 19:14:35.003260,0.0,0.0,0.0
2022-01-24 19:14:35.509814,0.0,0.0,0.0
2022-01-24 19:14:36.008081,0.0,0.0,0.0
2022-01-24 19:14:36.504723,0.0,0.0,0.0
2022-01-24 19:14:37.002959,0.0,0.0,0.0
2022-01-24 19:14:37.508032,0.0,0.0,0.0
2022-01-24 19:14:38.007356,0.0,0.0,0.0
2022-01-24 19:14:38.502916,0.0,0.0,0.0
2022-01-24 19:14:39.001069,0.0,0.0,0.0
2022-01-24 19:14:39.506125,0.0,0.0,0.0
2022-01-24 19:14:40.004044,0.0,0.0,0.0
2022-01-24 19:14:40.510647,0.0,0.0,0.0
2022-01-24 19:14:41.009221,0.0,0.0,0.0
2022-01-24 19:14:41.504294,0.0,0.0,0.0
2022-01-24 19:14:42.004001,0.0,0.0,0.0
2022-01-24 19:14:42.509991,0.0,0.0,0.0
2022-01-24 19:14:43.008374,0.0,0.0,0.0
2022-01-24 19:14:43.504308,0.0,0.0,0.0
2022-01-24 19:14:44.002475,0.0,0.0,0.0
2022-01-24 19:14:44.509061,0.0,0.0,0.0
2022-01-24 19:14:45.007005,0.0,0.0,0.0
2022-01-24 19:14:45.504241,0.0,0.0,0.0
2022-01-24 19:14:46.001220,0.0,0.0,0.0
2022-01-24 19:14:46.507385,0.0,0.0,0.0
2022-01-24 19:14:47.007009,0.0,0.0,0.0
2022-01-24 19:14:47.503232,0.0,0.0,0.0
2022-01-24 19:14:48.001164,0.0,0.0,0.0
2022-01-24 19:14:48.508294,0.0,0.0,0.0
2022-01-24 19:14:49.006217,0.0,0.0,0.0
2022-01-24 19:14:49.501792,0.0,0.0,0.07822
2022-01-24 19:14:50.010728,0.0,0.0,0.07822
2022-01-24 19:14:50.505215,0.0,0.0,-0.03864
2022-01-24 19:14:51.003907,0.0,0.0,-0.03864
2022-01-24 19:14:51.510554,0.0,0.0,0.03864
2022-01-24 19:14:52.008127,0.0,0.0,0.03864
2022-01-24 19:14:52.506709,0.0,0.0,-0.07822
2022-01-24 19:14:53.005745,0.0,0.0,-0.07822
2022-01-24 19:14:53.501291,0.0,0.0,0.0
2022-01-24 19:14:54.009728,0.0,0.0,0.0
2022-01-24 19:14:54.507334,0.0,0.0,0.0
2022-01-24 19:14:55.006839,0.0,0.0,0.0
2022-01-24 19:14:55.502211,0.0,0.0,-0.03864
2022-01-24 19:14:56.001459,0.0,0.0,-0.03864
2022-01-24 19:14:56.508136,0.0,0.0,0.0
2022-01-24 19:14:57.007063,0.0,0.0,0.0
2022-01-24 19:14:57.502181,0.0,0.0,0.0
2022-01-24 19:14:58.009843,0.0,0.0,0.0
2022-01-24 19:14:58.507284,0.0,0.0,0.0
2022-01-24 19:14:59.006593,0.0,0.0,0.0
2022-01-24 19:14:59.510899,0.0,0.0,0.0
2022-01-24 19:15:00.008564,0.0,0.0,0.0
2022-01-24 19:15:00.503908,0.0,0.0,0.0
2022-01-24 19:15:01.003269,0.0,0.0,0.0
2022-01-24 19:15:01.508871,0.0,0.0,0.0
2022-01-24 19:15:02.007214,0.0,0.0,0.0
2022-01-24 19:15:02.503040,0.0,0.0,0.0
2022-01-24 19:15:03.002801,0.0,0.0,0.0
2022-01-24 19:15:03.507379,0.0,0.0,0.0
2022-01-24 19:15:04.005912,0.0,0.0,0.0
2022-01-24 19:15:04.501143,0.0,0.0,0.0
2022-01-24 19:15:05.010631,0.0,0.0,0.0
2022-01-24 19:15:05.504491,0.0,0.0,0.0
2022-01-24 19:15:06.002206,0.0,0.0,0.0
2022-01-24 19:15:06.507283,0.0,0.0,0.0
2022-01-24 19:15:07.005198,0.0,0.0,0.0
2022-01-24 19:15:07.503306,0.0,0.0,0.0
2022-01-24 19:15:08.001645,0.0,0.0,0.0
2022-01-24 19:15:08.507503,0.0,0.0,0.0
2022-01-24 19:15:09.006773,0.0,0.0,0.0
2022-01-24 19:15:09.502807,0.0,0.0,0.0
2022-01-24 19:15:10.009898,0.0,0.0,0.0
2022-01-24 19:15:10.504869,0.0,0.0,0.0
2022-01-24 19:15:11.009841,0.0,0.0,0.0
2022-01-24 19:15:11.506428,0.0,0.0,0.0
2022-01-24 19:15:12.004032,0.0,0.0,0.0
2022-01-24 19:15:12.510520,0.0,0.0,0.0
2022-01-24 19:15:13.010856,0.0,0.0,0.0
2022-01-24 19:15:13.506307,0.0,0.0,0.0
2022-01-24 19:15:14.006314,0.0,0.0,0.0
2022-01-24 19:15:14.502062,0.0,0.0,0.0
2022-01-24 19:15:15.010877,0.0,0.0,0.0
2022-01-24 19:15:15.505680,0.0,0.0,0.0
2022-01-24 19:15:16.004506,0.0,0.0,0.0
2022-01-24 19:15:16.510628,0.0,0.0,0.0
2022-01-24 19:15:17.009037,0.0,0.0,0.0
2022-01-24 19:15:17.506917,0.0,0.0,0.0
2022-01-24 19:15:18.005813,0.0,0.0,0.0
2022-01-24 19:15:18.501278,0.0,0.0,0.0
2022-01-24 19:15:19.010276,0.0,0.0,0.0
2022-01-24 19:15:19.504419,0.0,0.0,0.0
2022-01-24 19:15:20.003993,0.0,0.0,0.0
2022-01-24 19:15:20.501630,0.0,0.0,0.0
2022-01-24 19:15:21.010356,0.0,0.0,0.0
2022-01-24 19:15:21.507284,0.0,0.0,0.0
2022-01-24 19:15:22.005703,0.0,0.0,0.0
2022-01-24 19:15:23.004991,0.0,0.0,0.0
2022-01-24 19:15:23.506697,0.0,0.0,0.0
2022-01-24 19:15:24.007870,0.0,0.0,0.0
2022-01-24 19:15:24.504333,0.0,0.0,0.0
2022-01-24 19:15:25.003910,0.0,0.0,0.0
2022-01-24 19:15:25.510713,0.0,0.0,0.0
2022-01-24 19:15:26.007777,0.0,0.0,0.0
2022-01-24 19:15:26.504382,0.0,0.0,0.0
2022-01-24 19:15:27.003922,0.0,0.0,0.0
2022-01-24 19:15:27.510653,0.0,0.0,0.0
2022-01-24 19:15:28.011272,0.0,0.0,0.0
2022-01-24 19:15:28.507470,0.0,0.0,0.0
2022-01-24 19:15:29.005558,0.0,0.0,0.0
2022-01-24 19:15:29.502170,0.0,0.0,0.0
2022-01-24 19:15:30.010689,0.0,0.0,0.0
2022-01-24 19:15:30.506716,0.0,0.0,0.0
2022-01-24 19:15:31.003976,0.0,0.0,0.0
2022-01-24 19:15:31.510162,0.0,0.0,0.0
2022-01-24 19:15:32.008883,0.0,0.0,0.0
2022-01-24 19:15:32.505934,0.0,0.0,0.0
2022-01-24 19:15:33.004436,0.0,0.0,0.0
2022-01-24 19:15:33.511271,0.0,0.0,0.0
2022-01-24 19:15:34.009139,0.0,0.0,0.0
2022-01-24 19:15:34.508497,0.0,0.0,0.0
2022-01-24 19:15:35.006314,0.0,0.0,0.0
2022-01-24 19:15:35.503584,0.0,0.0,0.0
2022-01-24 19:15:36.002922,0.0,0.0,0.0
2022-01-24 19:15:36.508207,0.0,0.0,0.0
2022-01-24 19:15:37.005972,0.0,0.0,0.0
2022-01-24 19:15:37.510966,0.0,0.0,0.0
2022-01-24 19:15:38.001345,0.0,0.0,0.0
2022-01-24 19:15:38.509661,0.0,0.0,0.0
2022-01-24 19:15:39.006961,0.0,0.0,0.0
2022-01-24 19:15:39.501664,0.0,0.0,0.0
2022-01-24 19:15:40.001235,0.0,0.0,0.0
2022-01-24 19:15:40.506385,0.0,0.0,0.0
2022-01-24 19:15:41.004414,0.0,0.0,0.0
2022-01-24 19:15:41.500761,0.0,0.0,0.0
2022-01-24 19:15:42.008885,0.0,0.0,0.0
2022-01-24 19:15:42.506182,0.0,0.0,0.0
2022-01-24 19:15:43.006054,0.0,0.0,0.0
2022-01-24 19:15:43.501634,0.0,0.0,0.0
2022-01-24 19:15:44.010415,0.0,0.0,0.0
2022-01-24 19:15:44.504957,0.0,0.0,0.0
2022-01-24 19:15:45.003222,0.0,0.0,0.0
2022-01-24 19:15:45.508081,0.0,0.0,0.0
2022-01-24 19:15:46.006354,0.0,0.0,0.0
2022-01-24 19:15:46.502169,0.0,0.0,0.0
2022-01-24 19:15:47.010421,0.0,0.0,0.0
2022-01-24 19:15:47.506794,0.0,0.0,0.0
2022-01-24 19:15:48.005679,0.0,0.0,0.0
2022-01-24 19:15:48.502306,0.0,0.0,0.0
2022-01-24 19:15:49.010474,0.0,0.0,0.0
2022-01-24 19:15:49.506746,0.0,0.0,0.0
2022-01-24 19:15:50.004237,0.0,0.0,0.0
2022-01-24 19:15:50.501238,0.0,0.0,0.0
2022-01-24 19:15:51.010840,0.0,0.0,0.0
2022-01-24 19:15:51.506445,0.0,0.0,0.0
2022-01-24 19:15:52.004254,0.0,0.0,0.0
2022-01-24 19:15:52.510830,0.0,0.0,0.0
2022-01-24 19:15:53.010307,0.0,0.0,0.0
2022-01-24 19:15:53.504762,0.0,0.0,0.0
2022-01-24 19:15:54.003949,0.0,0.0,0.0
2022-01-24 19:15:54.510441,0.0,0.0,0.0
2022-01-24 19:15:55.008524,0.0,0.0,0.0
2022-01-24 19:15:55.503485,0.0,0.0,0.0
2022-01-24 19:15:56.001046,0.0,0.0,0.0
2022-01-24 19:15:56.510520,0.0,0.0,0.0
2022-01-24 19:15:57.008775,0.0,0.0,0.0
2022-01-24 19:15:57.503613,0.0,0.0,0.0
2022-01-24 19:15:58.002217,0.0,0.0,0.0
2022-01-24 19:15:58.510625,0.0,0.0,0.0
2022-01-24 19:15:59.009228,0.0,0.0,0.0
2022-01-24 19:15:59.504827,0.0,0.0,0.0
2022-01-24 19:16:00.003275,0.0,0.0,0.0
2022-01-24 19:16:00.508603,0.0,0.0,0.0
2022-01-24 19:16:01.006858,0.0,0.0,0.0
2022-01-24 19:16:01.502806,0.0,0.0,0.0
2022-01-24 19:16:02.001124,0.0,0.0,0.0
2022-01-24 19:16:02.507355,0.0,0.0,0.0
2022-01-24 19:16:03.006756,0.0,0.0,0.0
2022-01-24 19:16:03.506978,0.0,0.0,0.0
2022-01-24 19:16:04.006258,0.0,0.0,0.0
2022-01-24 19:16:04.501373,0.0,0.0,0.0
2022-01-24 19:16:05.009217,0.0,0.0,0.0
2022-01-24 19:16:05.503987,0.0,0.0,0.0
2022-01-24 19:16:06.002134,0.0,0.0,0.0
2022-01-24 19:16:06.509982,0.0,0.0,0.0
2022-01-24 19:16:07.007625,0.0,0.0,0.0
2022-01-24 19:16:07.511074,0.0,0.0,0.0
2022-01-24 19:16:08.010532,0.0,0.0,0.0
2022-01-24 19:16:08.506180,0.0,0.0,0.0
2022-01-24 19:16:09.003139,0.0,0.0,0.0
2022-01-24 19:16:09.509092,0.0,0.0,0.0
2022-01-24 19:16:10.009563,0.0,0.0,0.0
2022-01-24 19:16:10.505859,0.0,0.0,0.0
2022-01-24 19:16:11.010575,0.0,0.0,0.0
2022-01-24 19:16:11.506774,0.0,0.0,0.0
2022-01-24 19:16:12.003307,0.0,0.0,0.0
2022-01-24 19:16:12.508971,0.0,0.0,0.0
2022-01-24 19:16:13.007250,0.0,0.0,0.0
2022-01-24 19:16:13.504544,0.0,0.0,0.0
2022-01-24 19:16:14.002398,0.0,0.0,0.0
2022-01-24 19:16:14.508265,0.0,0.0,0.0
2022-01-24 19:16:15.006144,0.0,0.0,0.0
2022-01-24 19:16:15.503833,0.0,0.0,0.0
2022-01-24 19:16:16.002128,0.0,0.0,0.0
2022-01-24 19:16:16.509401,0.0,0.0,0.0
2022-01-24 19:16:17.007739,0.0,0.0,0.0
2022-01-24 19:16:17.504034,0.0,0.0,0.0
2022-01-24 19:16:18.002448,0.0,0.0,0.0
2022-01-24 19:16:18.507640,0.0,0.0,0.0
2022-01-24 19:16:19.005541,0.0,0.0,0.0
2022-01-24 19:16:19.510503,0.0,0.0,0.0
2022-01-24 19:16:20.010920,0.0,0.0,0.0
2022-01-24 19:16:20.505733,0.0,0.0,0.0
2022-01-24 19:16:21.003145,0.0,0.0,0.0
2022-01-24 19:16:21.509768,0.0,0.0,0.0
2022-01-24 19:16:22.007897,0.0,0.0,0.0
2022-01-24 19:16:22.502744,0.0,0.0,0.0
2022-01-24 19:16:23.504896,0.0,0.0,0.0
2022-01-24 19:16:24.003382,0.0,0.0,0.0
2022-01-24 19:16:24.501143,0.0,0.0,0.0
2022-01-24 19:16:25.009782,0.0,0.0,0.0
2022-01-24 19:16:25.505706,0.0,0.0,0.0
2022-01-24 19:16:26.004091,0.0,0.0,0.0
2022-01-24 19:16:26.510489,0.0,0.0,0.0
2022-01-24 19:16:27.007895,0.0,0.0,0.0
2022-01-24 19:16:27.503886,0.0,0.0,0.0
2022-01-24 19:16:28.002764,0.0,0.0,0.0
2022-01-24 19:16:28.509031,0.0,0.0,0.0
2022-01-24 19:16:29.009083,0.0,0.0,0.0
2022-01-24 19:16:29.505099,0.0,0.0,0.0
2022-01-24 19:16:30.003509,0.0,0.0,0.0
2022-01-24 19:16:30.509924,0.0,0.0,0.0
2022-01-24 19:16:31.007826,0.0,0.0,0.0
2022-01-24 19:16:31.505068,0.0,0.0,0.0
2022-01-24 19:16:32.003463,0.0,0.0,0.0
2022-01-24 19:16:32.507859,0.0,0.0,0.0
2022-01-24 19:16:33.006408,0.0,0.0,0.0
2022-01-24 19:16:33.504107,0.0,0.0,0.0
2022-01-24 19:16:34.003651,0.0,0.0,0.0
2022-01-24 19:16:34.501359,0.0,0.0,0.0
2022-01-24 19:16:35.009627,0.0,0.0,0.0
2022-01-24 19:16:35.505929,0.0,0.0,0.0
2022-01-24 19:16:36.002628,0.0,0.0,0.0
2022-01-24 19:16:36.507975,0.0,0.0,0.0
2022-01-24 19:16:37.006801,0.0,0.0,0.0
2022-01-24 19:16:37.502840,0.0,0.0,0.0
2022-01-24 19:16:38.003092,0.0,0.0,0.0
2022-01-24 19:16:38.509687,0.0,0.0,0.0
2022-01-24 19:16:39.009234,0.0,0.0,0.0
2022-01-24 19:16:39.506742,0.0,0.0,0.0
2022-01-24 19:16:40.004501,0.0,0.0,0.0
2022-01-24 19:16:40.501371,0.0,0.0,0.0
2022-01-24 19:16:41.010160,0.0,0.0,0.0
2022-01-24 19:16:41.506847,0.0,0.0,0.0
2022-01-24 19:16:42.009120,0.0,0.0,0.0
2022-01-24 19:16:42.503218,0.0,0.0,0.0
2022-01-24 19:16:43.003077,0.0,0.0,0.0
2022-01-24 19:16:43.508642,0.0,0.0,0.0
2022-01-24 19:16:44.007366,0.0,0.0,0.0
2022-01-24 19:16:44.502881,0.0,0.0,0.0
2022-01-24 19:16:45.002072,0.0,0.0,0.0
2022-01-24 19:16:45.507737,0.0,0.0,0.0
2022-01-24 19:16:46.006286,0.0,0.0,0.0
2022-01-24 19:16:46.501908,0.0,0.0,0.0
2022-01-24 19:16:47.009464,0.0,0.0,0.0
2022-01-24 19:16:47.507601,0.0,0.0,0.0
2022-01-24 19:16:48.005863,0.0,0.0,0.0
2022-01-24 19:16:48.501402,0.0,0.0,0.0
2022-01-24 19:16:49.009791,0.0,0.0,0.0
2022-01-24 19:16:49.505990,0.0,0.0,0.0
2022-01-24 19:16:50.006165,0.0,0.0,0.0
2022-01-24 19:16:50.501928,0.0,0.0,0.0
2022-01-24 19:16:51.010328,0.0,0.0,0.0
2022-01-24 19:16:51.505945,0.0,0.0,0.0
2022-01-24 19:16:52.004729,0.0,0.0,0.0
2022-01-24 19:16:52.509093,0.0,0.0,0.0
2022-01-24 19:16:53.006432,0.0,0.0,0.0
2022-01-24 19:16:53.501207,0.0,0.0,0.0
2022-01-24 19:16:54.010071,0.0,0.0,0.0
2022-01-24 19:16:54.505069,0.0,0.0,0.0
2022-01-24 19:16:55.003828,0.0,0.0,0.0
2022-01-24 19:16:55.501958,0.0,0.0,0.0
2022-01-24 19:16:56.010883,0.0,0.0,0.0
2022-01-24 19:16:56.507459,0.0,0.0,0.0
2022-01-24 19:16:57.005854,0.0,0.0,0.0
2022-01-24 19:16:57.502743,0.0,0.0,0.0
2022-01-24 19:16:58.010691,0.0,0.0,0.0
2022-01-24 19:16:58.506480,0.0,0.0,0.0
2022-01-24 19:16:59.003446,0.0,0.0,0.0
2022-01-24 19:16:59.508797,0.0,0.0,0.0
2022-01-24 19:17:00.006036,0.0,0.0,0.0
2022-01-24 19:17:00.502824,0.0,0.0,0.0
2022-01-24 19:17:01.002148,0.0,0.0,0.0
2022-01-24 19:17:01.506829,0.0,0.0,0.0
2022-01-24 19:17:02.006036,0.0,0.0,0.0
2022-01-24 19:17:02.510804,0.0,0.0,0.0
2022-01-24 19:17:03.010598,0.0,0.0,0.0
2022-01-24 19:17:03.506084,0.0,0.0,0.0
2022-01-24 19:17:04.004126,0.0,0.0,0.0
2022-01-24 19:17:04.501133,0.0,0.0,0.0
2022-01-24 19:17:05.001684,0.0,0.0,0.0
2022-01-24 19:17:05.509541,0.0,0.0,0.0
2022-01-24 19:17:06.008031,0.0,0.0,0.0
2022-01-24 19:17:06.504089,0.0,0.0,0.0
2022-01-24 19:17:07.003406,0.0,0.0,0.0
2022-01-24 19:17:07.509706,0.0,0.0,0.0
2022-01-24 19:17:08.007885,0.0,0.0,0.0
2022-01-24 19:17:08.502335,0.0,0.0,0.0
2022-01-24 19:17:09.010878,0.0,0.0,0.0
2022-01-24 19:17:09.508347,0.0,0.0,0.0
2022-01-24 19:17:10.007457,0.0,0.0,0.0
2022-01-24 19:17:10.503451,0.0,0.0,0.0
2022-01-24 19:17:11.006931,0.0,0.0,0.0
2022-01-24 19:17:11.502516,0.0,0.0,0.0
2022-01-24 19:17:12.002454,0.0,0.0,0.0
2022-01-24 19:17:12.508168,0.0,0.0,0.0
2022-01-24 19:17:13.005664,0.0,0.0,0.0
2022-01-24 19:17:13.502456,0.0,0.0,0.0
2022-01-24 19:17:14.010360,0.0,0.0,0.0
2022-01-24 19:17:14.505863,0.0,0.0,0.0
2022-01-24 19:17:15.004174,0.0,0.0,0.0
2022-01-24 19:17:15.510317,0.0,0.0,0.0
2022-01-24 19:17:16.008605,0.0,0.0,0.0
2022-01-24 19:17:16.503333,0.0,0.0,0.0
2022-01-24 19:17:17.003055,0.0,0.0,0.0
2022-01-24 19:17:17.509564,0.0,0.0,0.0
2022-01-24 19:17:18.008245,0.0,0.0,0.0
2022-01-24 19:17:18.504602,0.0,0.0,0.0
2022-01-24 19:17:19.001862,0.0,0.0,0.0
2022-01-24 19:17:19.507251,0.0,0.0,0.0
2022-01-24 19:17:20.006412,0.0,0.0,0.0
2022-01-24 19:17:20.501823,0.0,0.0,0.0
2022-01-24 19:17:21.010269,0.0,0.0,0.0
2022-01-24 19:17:21.505505,0.0,0.0,0.0
2022-01-24 19:17:22.004532,0.0,0.0,0.0
2022-01-24 19:17:22.501722,0.0,0.0,0.0
2022-01-24 19:17:23.010494,0.0,0.0,0.0
2022-01-24 19:17:23.506861,0.0,0.0,0.0
2022-01-24 19:17:24.005189,0.0,0.0,0.0
2022-01-24 19:17:24.502092,0.0,0.0,0.0
2022-01-24 19:17:25.010781,0.0,0.0,0.0
2022-01-24 19:17:25.506648,0.0,0.0,0.0
2022-01-24 19:17:26.005081,0.0,0.0,0.0
2022-01-24 19:17:26.509158,0.0,0.0,0.0
2022-01-24 19:17:27.009103,0.0,0.0,0.0
2022-01-24 19:17:27.503932,0.0,0.0,-0.03864
2022-01-24 19:17:28.004558,0.0,0.0,-0.03864
2022-01-24 19:17:28.510316,0.0,0.0,0.0
2022-01-24 19:17:29.008883,0.0,0.0,0.0
2022-01-24 19:17:29.505218,0.0,0.0,0.0
2022-01-24 19:17:30.003339,0.0,0.0,0.0
2022-01-24 19:17:30.509770,0.0,0.0,0.0
2022-01-24 19:17:31.008415,0.0,0.0,0.0
2022-01-24 19:17:31.504521,0.0,0.0,0.0
2022-01-24 19:17:32.002682,0.0,0.0,0.0
2022-01-24 19:17:32.507781,0.0,0.0,0.0
2022-01-24 19:17:33.006505,0.0,0.0,0.0
2022-01-24 19:17:33.503447,0.0,0.0,0.0
2022-01-24 19:17:34.002679,0.0,0.0,0.0
2022-01-24 19:17:34.507489,0.0,0.0,0.0
2022-01-24 19:17:35.005217,0.0,0.0,0.0
2022-01-24 19:17:35.510128,0.0,0.0,0.0
2022-01-24 19:17:36.008528,0.0,0.0,0.0
2022-01-24 19:17:36.507253,0.0,0.0,0.0
2022-01-24 19:17:37.005460,0.0,0.0,0.0
2022-01-24 19:17:37.510917,0.0,0.0,0.0
2022-01-24 19:17:38.009387,0.0,0.0,0.0
2022-01-24 19:17:38.506436,0.0,0.0,0.0
2022-01-24 19:17:39.005106,0.0,0.0,0.0
2022-01-24 19:17:39.502282,0.0,0.0,0.0
2022-01-24 19:17:40.009862,0.0,0.0,0.0
2022-01-24 19:17:40.507188,0.0,0.0,0.0
2022-01-24 19:17:41.006240,0.0,0.0,0.0
2022-01-24 19:17:41.502173,0.0,0.0,0.0
2022-01-24 19:17:42.001228,0.0,0.0,0.0
2022-01-24 19:17:42.506361,0.0,0.0,0.0
2022-01-24 19:17:43.003731,0.0,0.0,0.0
2022-01-24 19:17:43.508378,0.0,0.0,0.0
2022-01-24 19:17:44.006094,0.0,0.0,0.0
2022-01-24 19:17:44.510031,0.0,0.0,0.0
2022-01-24 19:17:45.009193,0.0,0.0,0.0
2022-01-24 19:17:45.504720,0.0,0.0,0.0
2022-01-24 19:17:46.002242,0.0,0.0,0.0
2022-01-24 19:17:46.508684,0.0,0.0,0.0
2022-01-24 19:17:47.006670,0.0,0.0,0.0
2022-01-24 19:17:47.503447,0.0,0.0,0.0
2022-01-24 19:17:48.002251,0.0,0.0,0.0
2022-01-24 19:17:48.508049,0.0,0.0,0.0
2022-01-24 19:17:49.006457,0.0,0.0,0.0
2022-01-24 19:17:49.502797,0.0,0.0,0.0
2022-01-24 19:17:50.010637,0.0,0.0,0.0
2022-01-24 19:17:50.505516,0.0,0.0,0.0
2022-01-24 19:17:51.003701,0.0,0.0,0.0
2022-01-24 19:17:51.510688,0.0,0.0,0.0
2022-01-24 19:17:52.008515,0.0,0.0,0.0
2022-01-24 19:17:52.504210,0.0,0.0,0.0
2022-01-24 19:17:53.002345,0.0,0.0,0.0
2022-01-24 19:17:53.510557,0.0,0.0,0.0
2022-01-24 19:17:54.010434,0.0,0.0,0.0
2022-01-24 19:17:54.506245,0.0,0.0,0.0
2022-01-24 19:17:55.003924,0.0,0.0,0.0
2022-01-24 19:17:55.509550,0.0,0.0,0.0
2022-01-24 19:17:56.008347,0.0,0.0,0.0
2022-01-24 19:17:56.503100,0.0,0.0,0.0
2022-01-24 19:17:57.002136,0.0,0.0,0.0
2022-01-24 19:17:57.508958,0.0,0.0,0.0
2022-01-24 19:17:58.006343,0.0,0.0,0.0
2022-01-24 19:17:58.502127,0.0,0.0,0.0
2022-01-24 19:17:59.010676,0.0,0.0,0.0
2022-01-24 19:17:59.506483,0.0,0.0,0.0
2022-01-24 19:18:00.003072,0.0,0.0,0.0
2022-01-24 19:18:00.508582,0.0,0.0,0.0
2022-01-24 19:18:01.006724,0.0,0.0,0.0
2022-01-24 19:18:01.502886,0.0,0.0,0.0
2022-01-24 19:18:02.010583,0.0,0.0,0.0
2022-01-24 19:18:02.506073,0.0,0.0,0.0
2022-01-24 19:18:03.004554,0.0,0.0,0.0
2022-01-24 19:18:03.510858,0.0,0.0,0.0
2022-01-24 19:18:04.010497,0.0,0.0,0.0
2022-01-24 19:18:04.506142,0.0,0.0,0.0
2022-01-24 19:18:05.003464,0.0,0.0,0.0
2022-01-24 19:18:05.509178,0.0,0.0,0.0
2022-01-24 19:18:06.006559,0.0,0.0,0.0
2022-01-24 19:18:06.503283,0.0,0.0,0.03864
2022-01-24 19:18:07.002074,0.0,0.0,0.03864
2022-01-24 19:18:07.508113,0.0,0.0,-0.03864
2022-01-24 19:18:08.007514,0.0,0.0,-0.03864
2022-01-24 19:18:08.501023,0.0,0.0,-0.03864
2022-01-24 19:18:09.009314,0.0,0.0,-0.03864
2022-01-24 19:18:09.505880,0.0,0.0,0.03864
2022-01-24 19:18:10.003289,0.0,0.0,0.03864
2022-01-24 19:18:10.508221,0.0,0.0,0.0
2022-01-24 19:18:11.004726,0.0,0.0,0.0
2022-01-24 19:18:11.510964,0.0,0.0,-0.03864
2022-01-24 19:18:12.008037,0.0,0.0,-0.03864
2022-01-24 19:18:12.503478,0.0,0.0,-0.03864
2022-01-24 19:18:13.001164,0.0,0.0,-0.03864
2022-01-24 19:18:13.507877,0.0,0.0,-0.03864
2022-01-24 19:18:14.007110,0.0,0.0,-0.03864
2022-01-24 19:18:14.502100,0.0,0.0,0.0
2022-01-24 19:18:15.010337,0.0,0.0,0.0
2022-01-24 19:18:15.507064,0.0,0.0,0.0
2022-01-24 19:18:16.009242,0.0,0.0,0.0
2022-01-24 19:18:16.505518,0.0,0.0,0.0
2022-01-24 19:18:17.005030,0.0,0.0,0.0
2022-01-24 19:18:17.501421,0.0,0.0,0.0
2022-01-24 19:18:18.009068,0.0,0.0,0.0
2022-01-24 19:18:18.502593,0.0,0.0,0.0
2022-01-24 19:18:19.001197,0.0,0.0,0.0
2022-01-24 19:18:19.507436,0.0,0.0,0.0
2022-01-24 19:18:20.004815,0.0,0.0,0.0
2022-01-24 19:18:20.510542,0.0,0.0,0.0
2022-01-24 19:18:21.008788,0.0,0.0,0.0
2022-01-24 19:18:21.505111,0.0,0.0,0.0
2022-01-24 19:18:22.003229,0.0,0.0,0.0
2022-01-24 19:18:22.509433,0.0,0.0,0.0
2022-01-24 19:18:23.008523,0.0,0.0,0.0
2022-01-24 19:18:23.502983,0.0,0.0,0.0
2022-01-24 19:18:24.010645,0.0,0.0,0.0
2022-01-24 19:18:24.508022,0.0,0.0,0.0
2022-01-24 19:18:25.006316,0.0,0.0,0.0
2022-01-24 19:18:25.501756,0.0,0.0,0.0
2022-01-24 19:18:26.010806,0.0,0.0,0.0
2022-01-24 19:18:26.504539,0.0,0.0,0.0
2022-01-24 19:18:27.003253,0.0,0.0,0.0
2022-01-24 19:18:27.509054,0.0,0.0,0.0
2022-01-24 19:18:28.007722,0.0,0.0,0.0
2022-01-24 19:18:28.504063,0.0,0.0,0.0
2022-01-24 19:18:29.002822,0.0,0.0,0.0
2022-01-24 19:18:29.509342,0.0,0.0,0.0
2022-01-24 19:18:30.007749,0.0,0.0,0.0
2022-01-24 19:18:30.502846,0.0,0.0,0.0
2022-01-24 19:18:31.001536,0.0,0.0,0.0
2022-01-24 19:18:31.507996,0.0,0.0,0.0
2022-01-24 19:18:32.007345,0.0,0.0,0.0
2022-01-24 19:18:32.501470,0.0,0.0,0.0
2022-01-24 19:18:33.010726,0.0,0.0,0.0
2022-01-24 19:18:33.506780,0.0,0.0,0.0
2022-01-24 19:18:34.006031,0.0,0.0,0.0
2022-01-24 19:18:34.501546,0.0,0.0,0.0
2022-01-24 19:18:35.010086,0.0,0.0,0.0
2022-01-24 19:18:35.505118,0.0,0.0,0.0
2022-01-24 19:18:36.003582,0.0,0.0,0.0
2022-01-24 19:18:36.510949,0.0,0.0,0.0
2022-01-24 19:18:37.010249,0.0,0.0,0.0
2022-01-24 19:18:37.507653,0.0,0.0,0.0
2022-01-24 19:18:38.006305,0.0,0.0,0.0
2022-01-24 19:18:38.504445,0.0,0.0,0.0
2022-01-24 19:18:39.003614,0.0,0.0,0.0
2022-01-24 19:18:39.508696,0.0,0.0,0.0
2022-01-24 19:18:40.006719,0.0,0.0,0.0
2022-01-24 19:18:40.502212,0.0,0.0,0.0
2022-01-24 19:18:41.004449,0.0,0.0,0.0
2022-01-24 19:18:41.509881,0.0,0.0,0.0
2022-01-24 19:18:42.008219,0.0,0.0,0.0
2022-01-24 19:18:42.504592,0.0,0.0,0.0
2022-01-24 19:18:43.003761,0.0,0.0,0.0
2022-01-24 19:18:43.508602,0.0,0.0,0.0
2022-01-24 19:18:44.007269,0.0,0.0,0.0
2022-01-24 19:18:44.503506,0.0,0.0,0.0
2022-01-24 19:18:45.001099,0.0,0.0,0.0
2022-01-24 19:18:45.505755,0.0,0.0,0.0
2022-01-24 19:18:46.004306,0.0,0.0,0.0
2022-01-24 19:18:46.510816,0.0,0.0,0.0
2022-01-24 19:18:47.010325,0.0,0.0,0.0
2022-01-24 19:18:47.508103,0.0,0.0,0.0
2022-01-24 19:18:48.005734,0.0,0.0,0.0
2022-01-24 19:18:48.502590,0.0,0.0,0.0
2022-01-24 19:18:49.011143,0.0,0.0,0.0
2022-01-24 19:18:49.506142,0.0,0.0,0.0
2022-01-24 19:18:50.004535,0.0,0.0,0.0
2022-01-24 19:18:50.509047,0.0,0.0,0.0
2022-01-24 19:18:51.006501,0.0,0.0,0.0
2022-01-24 19:18:51.501226,0.0,0.0,0.0
2022-01-24 19:18:52.010603,0.0,0.0,0.0
2022-01-24 19:18:52.505069,0.0,0.0,0.0
2022-01-24 19:18:53.002980,0.0,0.0,0.0
2022-01-24 19:18:53.509092,0.0,0.0,0.0
2022-01-24 19:18:54.007278,0.0,0.0,0.0
2022-01-24 19:18:54.503220,0.0,0.0,0.0
2022-01-24 19:18:55.010709,0.0,0.0,0.0
2022-01-24 19:18:55.505117,0.0,0.0,0.0
2022-01-24 19:18:56.004558,0.0,0.0,0.0
2022-01-24 19:18:56.502502,0.0,0.0,0.0
2022-01-24 19:18:57.010806,0.0,0.0,0.0
2022-01-24 19:18:57.505000,0.0,0.0,0.0
2022-01-24 19:18:58.002766,0.0,0.0,0.0
2022-01-24 19:18:58.508171,0.0,0.0,0.0
2022-01-24 19:18:59.003256,0.0,0.0,0.0
2022-01-24 19:18:59.510007,0.0,0.0,0.0
2022-01-24 19:19:00.008214,0.0,0.0,0.0
2022-01-24 19:19:00.503606,0.0,0.0,0.0
2022-01-24 19:19:01.003121,0.0,0.0,0.0
2022-01-24 19:19:01.510864,0.0,0.0,0.0
2022-01-24 19:19:02.009288,0.0,0.0,0.0
2022-01-24 19:19:02.505819,0.0,0.0,0.0
2022-01-24 19:19:03.003349,0.0,0.0,0.0
2022-01-24 19:19:03.509749,0.0,0.0,0.0
2022-01-24 19:19:04.007078,0.0,0.0,0.0
2022-01-24 19:19:05.004980,0.0,0.0,0.0
2022-01-24 19:19:05.501493,0.0,0.0,0.0
2022-01-24 19:19:06.009792,0.0,0.0,0.0
2022-01-24 19:19:06.505057,0.0,0.0,0.0
2022-01-24 19:19:07.003932,0.0,0.0,0.0
2022-01-24 19:19:07.501285,0.0,0.0,0.0
2022-01-24 19:19:08.011136,0.0,0.0,0.0
2022-01-24 19:19:08.508156,0.0,0.0,0.0
2022-01-24 19:19:09.006793,0.0,0.0,0.0
2022-01-24 19:19:09.502797,0.0,0.0,0.0
2022-01-24 19:19:10.002653,0.0,0.0,0.0
2022-01-24 19:19:10.507191,0.0,0.0,0.0
2022-01-24 19:19:11.001487,0.0,0.0,0.0
2022-01-24 19:19:11.508259,0.0,0.0,0.0
2022-01-24 19:19:12.006851,0.0,0.0,0.0
2022-01-24 19:19:12.503031,0.0,0.0,0.0
2022-01-24 19:19:13.505367,0.0,0.0,0.0
2022-01-24 19:19:14.003090,0.0,0.0,0.0
2022-01-24 19:19:14.510081,0.0,0.0,0.0
2022-01-24 19:19:15.009733,0.0,0.0,0.0
2022-01-24 19:19:15.507004,0.0,0.0,0.0
2022-01-24 19:19:16.005688,0.0,0.0,0.0
2022-01-24 19:19:16.510993,0.0,0.0,0.0
2022-01-24 19:19:17.010811,0.0,0.0,0.0
2022-01-24 19:19:17.505929,0.0,0.0,0.0
2022-01-24 19:19:18.004221,0.0,0.0,0.0
2022-01-24 19:19:18.510899,0.0,0.0,0.0
2022-01-24 19:19:19.009692,0.0,0.0,0.0
2022-01-24 19:19:19.505280,0.0,0.0,0.0
2022-01-24 19:19:20.002915,0.0,0.0,0.0
2022-01-24 19:19:20.509782,0.0,0.0,0.0
2022-01-24 19:19:21.007784,0.0,0.0,0.0
2022-01-24 19:19:21.502068,0.0,0.0,0.0
2022-01-24 19:19:22.010349,0.0,0.0,0.0
2022-01-24 19:19:22.505436,0.0,0.0,0.0
2022-01-24 19:19:23.005112,0.0,0.0,0.0
2022-01-24 19:19:23.510527,0.0,0.0,0.0
2022-01-24 19:19:24.008099,0.0,0.0,0.0
2022-01-24 19:19:24.503291,0.0,0.0,0.0
2022-01-24 19:19:25.002105,0.0,0.0,0.0
2022-01-24 19:19:25.508638,0.0,0.0,0.03864
2022-01-24 19:19:26.008100,0.0,0.0,0.03864
2022-01-24 19:19:26.503951,0.0,0.0,0.0
2022-01-24 19:19:27.001767,0.0,0.0,0.0
2022-01-24 19:19:27.507124,0.0,0.0,0.0
2022-01-24 19:19:28.006562,0.0,0.0,0.0
2022-01-24 19:19:28.501981,0.0,0.0,0.0
2022-01-24 19:19:29.010271,0.0,0.0,0.0
2022-01-24 19:19:29.507658,0.0,0.0,0.0
2022-01-24 19:19:30.007822,0.0,0.0,0.0
2022-01-24 19:19:30.503889,0.0,0.0,0.0
2022-01-24 19:19:31.004829,0.0,0.0,0.0
2022-01-24 19:19:31.510998,0.0,0.0,0.0
2022-01-24 19:19:32.009382,0.0,0.0,0.0
2022-01-24 19:19:32.507378,0.0,0.0,0.0
2022-01-24 19:19:33.005705,0.0,0.0,0.0
2022-01-24 19:19:33.501974,0.0,0.0,0.0
2022-01-24 19:19:34.009898,0.0,0.0,0.0
2022-01-24 19:19:34.507284,0.0,0.0,0.0
2022-01-24 19:19:35.005983,0.0,0.0,0.0
2022-01-24 19:19:35.501891,0.0,0.0,0.0
2022-01-24 19:19:36.010192,0.0,0.0,0.0
2022-01-24 19:19:36.505179,0.0,0.0,0.0
2022-01-24 19:19:37.004467,0.0,0.0,0.0
2022-01-24 19:19:37.501303,0.0,0.0,0.0
2022-01-24 19:19:38.011020,0.0,0.0,0.0
2022-01-24 19:19:38.506559,0.0,0.0,0.0
2022-01-24 19:19:39.005672,0.0,0.0,0.0
2022-01-24 19:19:40.005090,0.0,0.0,0.0
2022-01-24 19:19:40.502421,0.0,0.0,0.0
2022-01-24 19:19:41.010236,0.0,0.0,0.0
2022-01-24 19:19:41.505709,0.0,0.0,0.0
2022-01-24 19:19:42.004538,0.0,0.0,0.0
2022-01-24 19:19:42.510288,0.0,0.0,0.0
2022-01-24 19:19:43.007755,0.0,0.0,0.0
2022-01-24 19:19:43.504181,0.0,0.0,0.0
2022-01-24 19:19:44.002786,0.0,0.0,0.0
2022-01-24 19:19:44.508321,0.0,0.0,0.0
2022-01-24 19:19:45.006355,0.0,0.0,0.0
2022-01-24 19:19:45.501522,0.0,0.0,0.0
2022-01-24 19:19:46.001054,0.0,0.0,0.0
2022-01-24 19:19:46.507922,0.0,0.0,0.0
2022-01-24 19:19:47.006297,0.0,0.0,0.0
2022-01-24 19:19:47.501845,0.0,0.0,0.0
2022-01-24 19:19:48.010207,0.0,0.0,0.0
2022-01-24 19:19:48.505077,0.0,0.0,0.0
2022-01-24 19:19:49.003211,0.0,0.0,0.0
2022-01-24 19:19:49.509098,0.0,0.0,0.0
2022-01-24 19:19:50.008582,0.0,0.0,0.0
2022-01-24 19:19:50.503267,0.0,0.0,0.0
2022-01-24 19:19:51.002198,0.0,0.0,0.0
2022-01-24 19:19:51.507998,0.0,0.0,0.0
2022-01-24 19:19:52.006183,0.0,0.0,0.0
2022-01-24 19:19:52.504131,0.0,0.0,0.0
2022-01-24 19:19:53.003795,0.0,0.0,0.0
2022-01-24 19:19:53.509975,0.0,0.0,0.0
2022-01-24 19:19:54.007697,0.0,0.0,0.0
2022-01-24 19:19:54.502665,0.0,0.0,0.0
2022-01-24 19:19:55.010230,0.0,0.0,0.0
2022-01-24 19:19:55.505570,0.0,0.0,0.0
2022-01-24 19:19:56.004125,0.0,0.0,0.0
2022-01-24 19:19:56.511230,0.0,0.0,0.0
2022-01-24 19:19:57.010873,0.0,0.0,0.0
2022-01-24 19:19:57.505677,0.0,0.0,0.0
2022-01-24 19:19:58.003767,0.0,0.0,0.0
2022-01-24 19:19:58.509336,0.0,0.0,0.0
2022-01-24 19:19:59.007232,0.0,0.0,0.0
2022-01-24 19:19:59.501766,0.0,0.0,0.0
2022-01-24 19:20:00.010888,0.0,0.0,0.0
2022-01-24 19:20:00.503855,0.0,0.0,0.0
2022-01-24 19:20:01.002393,0.0,0.0,0.0
2022-01-24 19:20:01.509192,0.0,0.0,0.0
2022-01-24 19:20:02.006998,0.0,0.0,0.0
2022-01-24 19:20:02.504803,0.0,0.0,0.0
2022-01-24 19:20:03.003505,0.0,0.0,0.0
2022-01-24 19:20:03.509698,0.0,0.0,0.0
2022-01-24 19:20:04.007635,0.0,0.0,0.0
2022-01-24 19:20:04.503287,0.0,0.0,0.0
2022-01-24 19:20:05.001197,0.0,0.0,0.0
2022-01-24 19:20:05.511118,0.0,0.0,0.0
2022-01-24 19:20:06.010318,0.0,0.0,0.0
2022-01-24 19:20:06.505467,0.0,0.0,0.0
2022-01-24 19:20:07.003858,0.0,0.0,0.0
2022-01-24 19:20:07.501327,0.0,0.0,0.0
2022-01-24 19:20:08.009288,0.0,0.0,0.0
2022-01-24 19:20:08.504125,0.0,0.0,0.0
2022-01-24 19:20:09.002375,0.0,0.0,0.0
2022-01-24 19:20:09.509803,0.0,0.0,0.0
2022-01-24 19:20:10.009932,0.0,0.0,0.0
2022-01-24 19:20:10.506102,0.0,0.0,0.0
2022-01-24 19:20:11.010707,0.0,0.0,0.0
2022-01-24 19:20:11.504625,0.0,0.0,0.0
2022-01-24 19:20:12.002157,0.0,0.0,0.0
2022-01-24 19:20:12.508714,0.0,0.0,0.0
2022-01-24 19:20:13.007211,0.0,0.0,0.0
2022-01-24 19:20:13.502799,0.0,0.0,0.0
2022-01-24 19:20:14.002012,0.0,0.0,0.0
2022-01-24 19:20:14.509159,0.0,0.0,0.0
2022-01-24 19:20:15.009012,0.0,0.0,0.0
2022-01-24 19:20:15.504148,0.0,0.0,0.0
2022-01-24 19:20:16.002101,0.0,0.0,0.0
2022-01-24 19:20:16.507421,0.0,0.0,0.0
2022-01-24 19:20:17.006253,0.0,0.0,0.0
2022-01-24 19:20:17.501282,0.0,0.0,0.0
2022-01-24 19:20:18.010254,0.0,0.0,0.0
2022-01-24 19:20:18.504481,0.0,0.0,0.0
2022-01-24 19:20:19.004522,0.0,0.0,0.0
2022-01-24 19:20:19.501817,0.0,0.0,0.0
2022-01-24 19:20:20.010142,0.0,0.0,0.0
2022-01-24 19:20:20.505653,0.0,0.0,0.0
2022-01-24 19:20:21.004889,0.0,0.0,0.0
2022-01-24 19:20:21.510877,0.0,0.0,0.0
2022-01-24 19:20:22.008394,0.0,0.0,0.0
2022-01-24 19:20:22.504694,0.0,0.0,0.0
2022-01-24 19:20:23.003377,0.0,0.0,0.0
2022-01-24 19:20:23.510261,0.0,0.0,0.0
2022-01-24 19:20:24.008512,0.0,0.0,0.0
2022-01-24 19:20:24.506783,0.0,0.0,0.0
2022-01-24 19:20:25.005556,0.0,0.0,0.0
2022-01-24 19:20:25.502281,0.0,0.0,0.0
2022-01-24 19:20:26.010415,0.0,0.0,0.0
2022-01-24 19:20:26.504197,0.0,0.0,0.0
2022-01-24 19:20:27.001815,0.0,0.0,0.0
2022-01-24 19:20:27.508821,0.0,0.0,0.0
2022-01-24 19:20:28.008100,0.0,0.0,0.0
2022-01-24 19:20:28.503720,0.0,0.0,0.0
2022-01-24 19:20:29.002118,0.0,0.0,0.0
2022-01-24 19:20:29.508139,0.0,0.0,0.0
2022-01-24 19:20:30.005830,0.0,0.0,0.0
2022-01-24 19:20:30.501902,0.0,0.0,0.0
2022-01-24 19:20:31.010744,0.0,0.0,0.0
2022-01-24 19:20:31.506907,0.0,0.0,0.0
2022-01-24 19:20:32.005824,0.0,0.0,0.0
2022-01-24 19:20:32.503195,0.0,0.0,0.0
2022-01-24 19:20:33.003098,0.0,0.0,0.0
2022-01-24 19:20:33.508118,0.0,0.0,0.0
2022-01-24 19:20:34.006292,0.0,0.0,0.0
2022-01-24 19:20:34.501274,0.0,0.0,0.0
2022-01-24 19:20:35.001808,0.0,0.0,0.0
2022-01-24 19:20:35.506273,0.0,0.0,0.0
2022-01-24 19:20:36.004790,0.0,0.0,0.0
2022-01-24 19:20:36.510669,0.0,0.0,0.0
2022-01-24 19:20:37.009098,0.0,0.0,0.0
2022-01-24 19:20:37.505022,0.0,0.0,0.0
2022-01-24 19:20:38.003024,0.0,0.0,0.0
2022-01-24 19:20:38.508191,0.0,0.0,0.0
2022-01-24 19:20:39.006333,0.0,0.0,0.0
2022-01-24 19:20:39.502015,0.0,0.0,0.0
2022-01-24 19:20:40.009373,0.0,0.0,0.0
2022-01-24 19:20:40.505800,0.0,0.0,0.0
2022-01-24 19:20:41.003627,0.0,0.0,0.0
2022-01-24 19:20:41.501331,0.0,0.0,0.0
2022-01-24 19:20:42.010330,0.0,0.0,0.0
2022-01-24 19:20:42.505915,0.0,0.0,0.0
2022-01-24 19:20:43.004838,0.0,0.0,0.0
2022-01-24 19:20:43.501250,0.0,0.0,0.0
2022-01-24 19:20:44.009065,0.0,0.0,0.0
2022-01-24 19:20:44.504578,0.0,0.0,0.0
2022-01-24 19:20:45.003225,0.0,0.0,0.0
2022-01-24 19:20:45.508529,0.0,0.0,0.0
2022-01-24 19:20:46.006749,0.0,0.0,0.0
2022-01-24 19:20:46.504441,0.0,0.0,0.0
2022-01-24 19:20:47.002963,0.0,0.0,0.0
2022-01-24 19:20:47.508938,0.0,0.0,0.0
2022-01-24 19:20:48.008281,0.0,0.0,0.0
2022-01-24 19:20:48.505067,0.0,0.0,0.0
2022-01-24 19:20:49.004271,0.0,0.0,0.0
2022-01-24 19:20:49.510737,0.0,0.0,0.0
2022-01-24 19:20:50.008410,0.0,0.0,0.0
2022-01-24 19:20:50.505547,0.0,0.0,0.0
2022-01-24 19:20:51.003902,0.0,0.0,0.0
2022-01-24 19:20:51.509208,0.0,0.0,0.0
2022-01-24 19:20:52.006229,0.0,0.0,0.0
2022-01-24 19:20:52.501618,0.0,0.0,0.0
2022-01-24 19:20:53.010928,0.0,0.0,0.0
2022-01-24 19:20:53.506938,0.0,0.0,0.0
2022-01-24 19:20:54.005081,0.0,0.0,0.0
2022-01-24 19:20:54.502311,0.0,0.0,0.0
2022-01-24 19:20:55.001624,0.0,0.0,0.0
2022-01-24 19:20:55.508614,0.0,0.0,0.0
2022-01-24 19:20:56.007649,0.0,0.0,0.0
2022-01-24 19:20:56.503546,0.0,0.0,0.0
2022-01-24 19:20:57.003032,0.0,0.0,0.0
2022-01-24 19:20:57.509820,0.0,0.0,0.0
2022-01-24 19:20:58.007934,0.0,0.0,0.0
2022-01-24 19:20:58.502557,0.0,0.0,0.0
2022-01-24 19:20:59.009895,0.0,0.0,0.0
2022-01-24 19:20:59.506294,0.0,0.0,0.0
2022-01-24 19:21:00.004066,0.0,0.0,0.0
2022-01-24 19:21:00.508419,0.0,0.0,0.0
2022-01-24 19:21:01.008624,0.0,0.0,0.0
2022-01-24 19:21:01.505051,0.0,0.0,0.0
2022-01-24 19:21:02.002733,0.0,0.0,0.0
2022-01-24 19:21:02.508626,0.0,0.0,0.0
2022-01-24 19:21:03.006117,0.0,0.0,0.0
2022-01-24 19:21:03.502569,0.0,0.0,0.0
2022-01-24 19:21:04.010773,0.0,0.0,0.0
2022-01-24 19:21:04.505525,0.0,0.0,-0.03864
2022-01-24 19:21:05.004021,0.0,0.0,-0.03864
2022-01-24 19:21:05.510736,0.0,0.0,0.0
2022-01-24 19:21:06.007920,0.0,0.0,0.0
2022-01-24 19:21:06.504350,0.0,0.0,0.0
2022-01-24 19:21:07.001240,0.0,0.0,0.0
2022-01-24 19:21:07.505055,0.0,0.0,0.0
2022-01-24 19:21:08.002726,0.0,0.0,0.0
2022-01-24 19:21:08.509180,0.0,0.0,0.0
2022-01-24 19:21:09.007504,0.0,0.0,0.0
2022-01-24 19:21:09.502253,0.0,0.0,0.0
2022-01-24 19:21:10.001226,0.0,0.0,0.0
2022-01-24 19:21:10.506651,0.0,0.0,0.0
2022-01-24 19:21:11.002257,0.0,0.0,0.0
2022-01-24 19:21:11.507962,0.0,0.0,0.0
2022-01-24 19:21:12.007430,0.0,0.0,0.0
2022-01-24 19:21:12.504727,0.0,0.0,0.0
2022-01-24 19:21:13.004090,0.0,0.0,0.0
2022-01-24 19:21:13.510685,0.0,0.0,0.0
2022-01-24 19:21:14.008619,0.0,0.0,0.0
2022-01-24 19:21:14.504398,0.0,0.0,0.0
2022-01-24 19:21:15.002913,0.0,0.0,0.0
2022-01-24 19:21:15.508533,0.0,0.0,0.0
2022-01-24 19:21:16.007916,0.0,0.0,0.0
2022-01-24 19:21:16.506005,0.0,0.0,0.0
2022-01-24 19:21:17.004045,0.0,0.0,0.0
2022-01-24 19:21:17.510569,0.0,0.0,0.0
2022-01-24 19:21:18.008994,0.0,0.0,0.0
2022-01-24 19:21:18.504486,0.0,0.0,0.0
2022-01-24 19:21:19.003489,0.0,0.0,0.0
2022-01-24 19:21:19.507740,0.0,0.0,0.0
2022-01-24 19:21:20.008027,0.0,0.0,0.0
2022-01-24 19:21:20.504250,0.0,0.0,0.0
2022-01-24 19:21:21.003413,0.0,0.0,0.0
2022-01-24 19:21:21.511130,0.0,0.0,0.0
2022-01-24 19:21:22.010890,0.0,0.0,0.0
2022-01-24 19:21:22.506933,0.0,0.0,0.0
2022-01-24 19:21:23.004416,0.0,0.0,0.0
2022-01-24 19:21:23.501019,0.0,0.0,0.0
2022-01-24 19:21:24.009373,0.0,0.0,0.0
