時間,回転１,回転２,回転３
2022-01-24 13:00:00.004412,84.21434,84.4415,85.6101
2022-01-24 13:00:00.510852,84.21434,84.54425,85.6101
2022-01-24 13:00:01.004743,84.47302,84.85375,85.96354
2022-01-24 13:00:01.503781,83.9569,84.28675,85.96354
2022-01-24 13:00:02.008306,84.11161,84.3895,85.72791
2022-01-24 13:00:02.509947,84.21434,84.64825,85.72791
2022-01-24 13:00:03.009809,84.1636,84.3895,85.4527
2022-01-24 13:00:03.502852,84.67848,85.0085,85.4527
2022-01-24 13:00:04.004707,84.00888,84.132,85.64968
2022-01-24 13:00:04.510617,84.21434,84.4415,85.64968
2022-01-24 13:00:05.002083,83.9569,84.3895,85.37447
2022-01-24 13:00:05.509050,84.31831,84.803,85.37447
2022-01-24 13:00:06.007864,84.42104,84.85375,85.53187
2022-01-24 13:00:06.503177,83.59549,84.184,85.53187
2022-01-24 13:00:07.002298,84.21434,84.4415,85.25666
2022-01-24 13:00:07.508065,84.31831,84.803,85.25666
2022-01-24 13:00:08.006232,84.42104,84.4415,85.6101
2022-01-24 13:00:08.501864,84.11161,84.184,85.6101
2022-01-24 13:00:09.010027,83.7502,84.132,85.92395
2022-01-24 13:00:09.507098,84.42104,84.90575,85.92395
2022-01-24 13:00:10.005313,84.11161,84.4935,86.31697
2022-01-24 13:00:10.501805,84.36905,84.751,86.31697
2022-01-24 13:00:11.006043,83.64747,84.23475,86.23875
2022-01-24 13:00:11.510788,84.11161,84.23475,86.23875
2022-01-24 13:00:12.008457,84.78245,84.85375,85.68833
2022-01-24 13:00:12.507734,83.80219,84.132,85.68833
2022-01-24 13:00:13.006372,84.57575,85.0605,86.15958
2022-01-24 13:00:13.502652,83.54475,84.08,86.15958
2022-01-24 13:00:14.001381,84.42104,84.751,85.92395
2022-01-24 13:00:14.503188,83.90492,84.4415,85.92395
2022-01-24 13:00:15.002634,84.57575,84.64825,86.00312
2022-01-24 13:00:15.508387,84.21434,84.28675,86.00312
2022-01-24 13:00:16.007741,84.00888,84.4415,85.92395
2022-01-24 13:00:16.504278,84.52377,85.1125,85.92395
2022-01-24 13:00:17.003030,83.9569,84.33875,85.72791
2022-01-24 13:00:17.508852,84.1636,84.4415,85.72791
2022-01-24 13:00:18.008034,83.59549,84.02925,85.84572
2022-01-24 13:00:18.505998,84.47302,84.751,85.84572
2022-01-24 13:00:19.004574,84.57575,84.751,85.96354
2022-01-24 13:00:19.509207,84.1636,84.4935,85.96354
2022-01-24 13:00:20.008036,84.1636,84.54425,85.21708
2022-01-24 13:00:20.503048,84.00888,84.64825,85.21708
2022-01-24 13:00:21.002333,84.42104,84.803,86.3952
2022-01-24 13:00:21.510298,83.85417,84.4935,86.3952
2022-01-24 13:00:22.009210,84.11161,84.28675,85.7675
2022-01-24 13:00:22.505008,83.90492,84.02925,85.7675
2022-01-24 13:00:23.004890,84.47302,84.751,85.84572
2022-01-24 13:00:23.501101,83.9569,84.3895,85.84572
2022-01-24 13:00:24.009058,84.36905,85.0085,85.96354
2022-01-24 13:00:24.504293,84.11161,84.3895,85.96354
2022-01-24 13:00:25.001676,83.64747,84.184,86.08135
2022-01-24 13:00:25.508571,84.62773,85.1125,86.08135
2022-01-24 13:00:26.008544,83.7502,84.132,85.37447
2022-01-24 13:00:26.505168,84.42104,84.64825,85.37447
2022-01-24 13:00:27.003585,83.80219,84.184,86.71
2022-01-24 13:00:27.501084,84.05963,84.59625,86.71
2022-01-24 13:00:28.010978,84.26632,84.54425,85.6101
2022-01-24 13:00:28.505802,84.00888,84.4415,85.6101
2022-01-24 13:00:29.004400,84.31831,84.4935,86.04176
2022-01-24 13:00:29.501343,83.90492,84.4935,86.04176
2022-01-24 13:00:30.010248,84.67848,84.85375,85.96354
2022-01-24 13:00:30.505881,84.21434,84.59625,85.96354
2022-01-24 13:00:31.005552,83.9569,84.3895,85.84572
2022-01-24 13:00:31.502045,84.00888,84.4415,85.84572
2022-01-24 13:00:32.003879,84.42104,84.85375,85.84572
2022-01-24 13:00:32.510448,84.31831,84.33875,85.84572
2022-01-24 13:00:33.010640,83.64747,84.33875,85.64968
2022-01-24 13:00:33.504478,84.31831,84.699,85.64968
2022-01-24 13:00:34.002606,84.21434,84.4935,86.12093
2022-01-24 13:00:34.509682,84.1636,84.54425,86.12093
2022-01-24 13:00:35.008823,84.47302,84.85375,85.7675
2022-01-24 13:00:35.505040,83.90492,84.28675,85.7675
2022-01-24 13:00:36.005398,84.26632,84.54425,85.57051
2022-01-24 13:00:36.501112,84.00888,84.4935,85.57051
2022-01-24 13:00:37.010263,84.36905,84.3895,86.12093
2022-01-24 13:00:37.506006,84.36905,84.803,86.12093
2022-01-24 13:00:38.004928,83.39003,83.92525,86.35656
2022-01-24 13:00:38.509995,84.47302,84.90575,86.35656
2022-01-24 13:00:39.008650,83.9569,84.3895,85.88531
2022-01-24 13:00:39.503855,84.52377,84.85375,85.88531
2022-01-24 13:00:40.003948,83.90492,84.4935,85.37447
2022-01-24 13:00:40.509718,83.90492,84.132,85.37447
2022-01-24 13:00:41.006860,84.78245,84.803,85.29625
2022-01-24 13:00:41.502384,84.21434,84.4935,85.29625
2022-01-24 13:00:42.011071,83.9569,84.33875,86.12093
2022-01-24 13:00:42.510511,83.85417,84.184,86.12093
2022-01-24 13:00:43.007666,84.36905,84.699,85.06062
2022-01-24 13:00:43.503581,84.11161,84.699,85.06062
2022-01-24 13:00:44.003834,84.31831,84.64825,86.43479
2022-01-24 13:00:44.502319,83.85417,84.23475,86.43479
2022-01-24 13:00:45.010674,84.36905,84.4415,85.72791
2022-01-24 13:00:45.507342,84.47302,84.803,85.72791
2022-01-24 13:00:46.007530,84.05963,84.4415,86.3952
2022-01-24 13:00:46.505847,83.9569,84.184,86.3952
2022-01-24 13:00:47.004250,83.69946,84.23475,85.92395
2022-01-24 13:00:47.510639,84.31831,84.64825,85.92395
2022-01-24 13:00:48.009464,83.85417,84.4415,85.33489
2022-01-24 13:00:48.506994,84.52377,84.803,85.33489
2022-01-24 13:00:49.006077,84.26632,84.4415,86.67041
2022-01-24 13:00:49.502327,84.1636,84.803,86.67041
2022-01-24 13:00:50.011120,84.42104,84.803,85.96354
2022-01-24 13:00:50.508388,83.9569,84.23475,85.96354
2022-01-24 13:00:51.008281,84.26632,84.59625,86.12093
2022-01-24 13:00:51.506306,83.80219,84.4415,86.12093
2022-01-24 13:00:52.005857,84.1636,84.4935,85.68833
2022-01-24 13:00:52.501460,84.47302,84.751,85.68833
2022-01-24 13:00:53.010855,83.9569,84.33875,85.37447
2022-01-24 13:00:53.509329,84.31831,84.64825,85.37447
2022-01-24 13:00:54.009359,84.11161,84.64825,84.825
2022-01-24 13:00:54.505762,83.85417,84.132,84.825
2022-01-24 13:00:55.003879,84.11161,84.59625,85.6101
2022-01-24 13:00:55.510960,84.1636,84.23475,85.6101
2022-01-24 13:00:56.010841,84.36905,84.751,85.25666
2022-01-24 13:00:56.508668,84.36905,84.751,85.25666
2022-01-24 13:00:57.007142,83.90492,84.23475,85.64968
2022-01-24 13:00:57.503386,84.11161,84.4935,85.64968
2022-01-24 13:00:58.003825,84.21434,84.64825,86.59218
2022-01-24 13:00:58.509503,83.85417,84.699,86.59218
2022-01-24 13:00:59.008523,83.90492,84.02925,85.68833
2022-01-24 13:00:59.504555,84.78245,84.95775,85.68833
2022-01-24 13:01:00.004065,83.80219,84.184,85.17843
2022-01-24 13:01:00.501415,84.67848,84.95775,85.17843
2022-01-24 13:01:01.010878,83.9569,84.28675,85.6101
2022-01-24 13:01:01.509454,84.1636,84.33875,85.6101
2022-01-24 13:01:02.008049,84.11161,84.64825,86.3952
2022-01-24 13:01:02.503413,83.69946,83.97725,86.3952
2022-01-24 13:01:03.002201,84.47302,84.90575,85.49229
2022-01-24 13:01:03.507956,84.05963,84.3895,85.49229
2022-01-24 13:01:04.006445,84.36905,84.4935,85.41406
2022-01-24 13:01:04.502797,83.85417,84.4415,85.41406
2022-01-24 13:01:05.003103,84.31831,84.59625,86.94562
2022-01-24 13:01:05.509389,84.00888,84.4935,86.94562
2022-01-24 13:01:06.008982,84.42104,84.59625,86.47437
2022-01-24 13:01:06.507047,83.59549,84.23475,86.47437
2022-01-24 13:01:07.005113,84.1636,84.23475,86.3952
2022-01-24 13:01:07.501220,84.67848,84.90575,86.3952
2022-01-24 13:01:08.011183,83.59549,84.02925,85.33489
2022-01-24 13:01:08.506720,84.57575,84.699,85.33489
2022-01-24 13:01:09.006095,83.64747,84.23475,85.72791
2022-01-24 13:01:09.501299,84.57575,84.803,85.72791
2022-01-24 13:01:10.008620,83.85417,84.59625,85.92395
2022-01-24 13:01:10.505990,84.47302,84.59625,85.92395
2022-01-24 13:01:11.005357,84.00888,84.132,85.21708
2022-01-24 13:01:11.501968,84.00888,84.3895,85.21708
2022-01-24 13:01:12.009918,84.52377,84.90575,85.37447
2022-01-24 13:01:12.507229,83.64747,84.23475,85.37447
2022-01-24 13:01:13.005087,84.78245,84.803,85.29625
2022-01-24 13:01:13.503101,83.49276,84.184,85.29625
2022-01-24 13:01:14.001847,84.73046,85.0085,85.92395
2022-01-24 13:01:14.507889,84.42104,84.699,85.92395
2022-01-24 13:01:15.006330,84.05963,84.28675,85.72791
2022-01-24 13:01:15.504284,84.1636,84.4415,85.72791
2022-01-24 13:01:16.001722,83.9569,84.3895,84.6676
2022-01-24 13:01:16.506985,84.31831,84.59625,84.6676
2022-01-24 13:01:17.005753,83.85417,84.54425,85.80614
2022-01-24 13:01:17.510327,83.90492,84.184,85.80614
2022-01-24 13:01:18.006908,84.52377,84.751,85.57051
2022-01-24 13:01:18.501464,84.1636,84.59625,85.57051
2022-01-24 13:01:19.010770,84.1636,84.33875,85.7675
2022-01-24 13:01:19.508791,83.85417,84.28675,85.7675
2022-01-24 13:01:20.007152,84.11161,84.23475,85.33489
2022-01-24 13:01:20.503419,84.11161,84.699,85.33489
2022-01-24 13:01:21.002106,84.36905,84.803,86.12093
2022-01-24 13:01:21.509491,83.69946,84.23475,86.12093
2022-01-24 13:01:22.008876,84.26632,84.28675,85.06062
2022-01-24 13:01:22.504570,84.36905,84.64825,85.06062
2022-01-24 13:01:23.002749,84.05963,84.64825,86.43479
2022-01-24 13:01:23.501742,84.05963,84.184,86.43479
2022-01-24 13:01:24.002129,84.05963,84.59625,85.25666
2022-01-24 13:01:24.506985,83.85417,84.184,85.25666
2022-01-24 13:01:25.006022,84.26632,85.0605,86.47437
2022-01-24 13:01:25.502885,84.05963,84.132,86.47437
2022-01-24 13:01:26.004509,84.31831,84.33875,85.33489
2022-01-24 13:01:26.509858,83.90492,84.28675,85.33489
2022-01-24 13:01:27.003365,84.21434,84.4415,85.6101
2022-01-24 13:01:27.510254,84.1636,84.64825,85.6101
2022-01-24 13:01:28.008140,84.1636,84.28675,85.33489
2022-01-24 13:01:28.507274,83.69946,84.4415,85.33489
2022-01-24 13:01:29.005169,84.42104,84.59625,86.04176
2022-01-24 13:01:29.510773,84.42104,84.4935,86.04176
2022-01-24 13:01:30.008817,84.1636,84.64825,85.37447
2022-01-24 13:01:30.504532,84.52377,84.751,85.37447
2022-01-24 13:01:31.001968,83.49276,83.8225,85.68833
2022-01-24 13:01:31.507990,84.52377,84.95775,85.68833
2022-01-24 13:01:32.006592,83.69946,84.3895,85.49229
2022-01-24 13:01:32.510629,84.26632,84.4415,85.49229
2022-01-24 13:01:33.010625,84.26632,84.3895,86.43479
2022-01-24 13:01:33.504745,83.64747,84.184,86.43479
2022-01-24 13:01:34.003263,84.21434,84.33875,85.33489
2022-01-24 13:01:34.508363,83.7502,84.08,85.33489
2022-01-24 13:01:35.007218,84.62773,84.751,234.76072
2022-01-24 13:01:35.502299,83.13135,83.41025,234.76072
2022-01-24 13:01:36.002357,84.36905,84.54425,218.26697
2022-01-24 13:01:36.506472,84.52377,84.59625,218.26697
2022-01-24 13:01:37.002610,84.05963,84.33875,144.2025
2022-01-24 13:01:37.509510,84.57575,84.54425,144.2025
2022-01-24 13:01:38.007525,82.97664,83.565,94.68166
2022-01-24 13:01:38.502432,84.9879,85.0085,94.68166
2022-01-24 13:01:39.010817,83.7502,84.4415,92.9927
2022-01-24 13:01:39.508058,84.11161,84.28675,92.9927
2022-01-24 13:01:40.006683,83.85417,83.7705,89.96916
2022-01-24 13:01:40.504628,84.1636,84.59625,89.96916
2022-01-24 13:01:41.004924,84.9879,85.21525,87.3377
2022-01-24 13:01:41.501089,84.00888,84.54425,87.3377
2022-01-24 13:01:42.010934,83.85417,84.02925,85.84572
2022-01-24 13:01:42.506176,84.21434,85.0085,85.84572
2022-01-24 13:01:43.003454,84.26632,84.59625,86.19916
2022-01-24 13:01:43.510448,83.80219,84.3895,86.19916
2022-01-24 13:01:44.008772,84.11161,84.33875,85.7675
2022-01-24 13:01:44.504518,84.05963,84.132,85.7675
2022-01-24 13:01:45.002764,84.31831,84.90575,87.45551
2022-01-24 13:01:45.508088,84.42104,84.64825,87.45551
2022-01-24 13:01:46.007727,83.69946,84.132,86.74864
2022-01-24 13:01:46.505145,84.42104,84.54425,86.74864
2022-01-24 13:01:47.008230,83.9569,84.4935,85.06062
2022-01-24 13:01:47.504562,84.36905,84.64825,85.06062
2022-01-24 13:01:48.004596,84.1636,84.33875,85.64968
2022-01-24 13:01:48.502431,84.21434,84.59625,85.64968
2022-01-24 13:01:49.009729,84.00888,84.132,85.4527
2022-01-24 13:01:49.504424,84.47302,85.21525,85.4527
2022-01-24 13:01:50.002595,83.9569,84.184,86.3952
2022-01-24 13:01:50.508385,84.31831,84.90575,86.3952
2022-01-24 13:01:51.006068,84.21434,84.184,86.08135
2022-01-24 13:01:51.510811,84.31831,84.59625,86.08135
2022-01-24 13:01:52.010031,84.26632,84.4935,85.68833
2022-01-24 13:01:52.506798,84.00888,84.184,85.68833
2022-01-24 13:01:53.004732,83.9569,84.59625,85.96354
2022-01-24 13:01:53.510409,84.36905,84.699,85.96354
2022-01-24 13:01:54.009263,84.05963,84.59625,85.41406
2022-01-24 13:01:54.506081,84.31831,84.4935,85.41406
2022-01-24 13:01:55.004151,84.36905,84.4415,85.84572
2022-01-24 13:01:55.510918,84.1636,84.54425,85.84572
2022-01-24 13:01:56.009833,84.1636,84.4415,86.15958
2022-01-24 13:01:56.505684,84.00888,84.59625,86.15958
2022-01-24 13:01:57.003919,84.21434,84.64825,85.57051
2022-01-24 13:01:57.509398,84.05963,84.64825,85.57051
2022-01-24 13:01:58.008726,84.21434,84.4935,85.88531
2022-01-24 13:01:58.506301,83.85417,84.184,85.88531
2022-01-24 13:01:59.003825,84.67848,84.803,85.7675
2022-01-24 13:01:59.510234,84.47302,84.64825,85.7675
2022-01-24 13:02:00.009960,83.69946,84.33875,85.21708
2022-01-24 13:02:00.504660,84.57575,84.95775,85.21708
2022-01-24 13:02:01.002661,83.64747,84.33875,86.23875
2022-01-24 13:02:01.508363,84.83319,84.95775,86.23875
2022-01-24 13:02:02.006890,83.64747,84.23475,85.84572
2022-01-24 13:02:02.510936,84.00888,84.184,85.84572
2022-01-24 13:02:03.010473,84.73046,84.751,85.17843
2022-01-24 13:02:03.508051,84.11161,84.59625,85.17843
2022-01-24 13:02:04.007244,84.26632,84.4935,85.7675
2022-01-24 13:02:04.502703,83.90492,84.54425,85.7675
2022-01-24 13:02:05.002094,84.31831,84.54425,85.68833
2022-01-24 13:02:05.508612,84.05963,84.803,85.68833
2022-01-24 13:02:06.009686,84.47302,84.85375,85.49229
2022-01-24 13:02:06.505630,83.9569,84.132,85.49229
2022-01-24 13:02:07.004715,84.52377,84.95775,85.57051
2022-01-24 13:02:07.510553,84.05963,84.3895,85.57051
2022-01-24 13:02:08.001806,84.21434,84.699,85.64968
2022-01-24 13:02:08.508628,84.31831,84.4935,85.64968
2022-01-24 13:02:09.006630,83.85417,84.59625,85.13885
2022-01-24 13:02:09.505754,84.31831,84.699,85.13885
2022-01-24 13:02:10.004682,84.47302,84.64825,86.04176
2022-01-24 13:02:10.508850,84.21434,84.751,86.04176
2022-01-24 13:02:11.003582,84.21434,84.4935,86.19916
2022-01-24 13:02:11.501069,84.1636,84.699,86.19916
2022-01-24 13:02:12.010782,84.1636,84.33875,86.00312
2022-01-24 13:02:12.507909,84.05963,84.59625,86.00312
2022-01-24 13:02:13.007687,83.85417,84.184,85.84572
2022-01-24 13:02:13.504184,84.1636,84.4935,85.84572
2022-01-24 13:02:14.003330,84.57575,84.90575,85.6101
2022-01-24 13:02:14.508451,84.1636,84.23475,85.6101
2022-01-24 13:02:15.007424,84.21434,84.90575,85.92395
2022-01-24 13:02:15.503661,83.9569,84.23475,85.92395
2022-01-24 13:02:16.001720,84.26632,85.0085,85.4527
2022-01-24 13:02:16.508072,83.9569,84.23475,85.4527
2022-01-24 13:02:17.007716,84.05963,84.184,86.15958
2022-01-24 13:02:17.508461,84.05963,84.3895,86.15958
2022-01-24 13:02:18.008829,84.57575,84.751,86.15958
2022-01-24 13:02:18.504411,84.26632,85.0605,86.15958
2022-01-24 13:02:19.004344,83.90492,84.184,85.68833
2022-01-24 13:02:19.510770,84.05963,84.54425,85.68833
2022-01-24 13:02:20.009077,84.42104,84.803,85.64968
2022-01-24 13:02:20.505072,83.80219,84.3895,85.64968
2022-01-24 13:02:21.002766,84.26632,84.4935,86.59218
2022-01-24 13:02:21.509185,84.31831,84.33875,86.59218
2022-01-24 13:02:22.009134,84.00888,84.4935,85.21708
2022-01-24 13:02:22.505741,84.62773,84.95775,85.21708
2022-01-24 13:02:23.004888,83.28607,83.71975,85.84572
2022-01-24 13:02:23.502526,84.78245,84.803,85.84572
2022-01-24 13:02:24.010389,84.00888,84.54425,86.08135
2022-01-24 13:02:24.506480,84.21434,84.4415,86.08135
2022-01-24 13:02:25.003999,84.73046,84.85375,85.4527
2022-01-24 13:02:25.509530,83.7502,84.4415,85.4527
2022-01-24 13:02:26.009302,84.57575,84.699,86.74864
2022-01-24 13:02:26.506711,83.90492,84.33875,86.74864
2022-01-24 13:02:27.005131,84.1636,84.54425,85.29625
2022-01-24 13:02:27.510463,83.90492,84.3895,85.29625
2022-01-24 13:02:28.009369,84.11161,84.23475,85.21708
2022-01-24 13:02:28.506113,84.31831,84.54425,85.21708
2022-01-24 13:02:29.003315,84.1636,84.59625,86.00312
2022-01-24 13:02:29.510058,84.21434,84.59625,86.00312
2022-01-24 13:02:30.009163,84.05963,84.54425,86.08135
2022-01-24 13:02:30.504527,84.36905,84.64825,86.08135
2022-01-24 13:02:31.003660,83.85417,84.33875,85.80614
2022-01-24 13:02:31.508949,84.05963,84.4935,85.80614
2022-01-24 13:02:32.008658,84.21434,84.3895,86.23875
2022-01-24 13:02:32.504740,84.26632,84.64825,86.23875
2022-01-24 13:02:33.003445,84.05963,84.33875,85.57051
2022-01-24 13:02:33.509470,84.1636,84.85375,85.57051
2022-01-24 13:02:34.009355,84.00888,84.28675,84.90322
2022-01-24 13:02:34.505514,84.36905,84.803,84.90322
2022-01-24 13:02:35.003346,84.31831,84.54425,86.67041
2022-01-24 13:02:35.510607,84.05963,84.184,86.67041
2022-01-24 13:02:36.009914,84.36905,84.64825,85.17843
2022-01-24 13:02:36.506685,84.42104,84.59625,85.17843
2022-01-24 13:02:37.005229,84.11161,84.4935,86.08135
2022-01-24 13:02:37.501639,83.64747,83.92525,86.08135
2022-01-24 13:02:38.010114,84.31831,84.90575,85.57051
2022-01-24 13:02:38.506763,84.26632,84.4935,85.57051
2022-01-24 13:02:39.010230,83.80219,84.23475,85.96354
2022-01-24 13:02:39.506402,84.26632,84.699,85.96354
2022-01-24 13:02:40.006592,84.26632,84.4415,85.7675
2022-01-24 13:02:40.502368,84.42104,85.0085,85.7675
2022-01-24 13:02:41.010578,84.1636,84.54425,85.88531
2022-01-24 13:02:41.505767,83.80219,84.132,85.88531
2022-01-24 13:02:42.004144,84.26632,84.59625,85.13885
2022-01-24 13:02:42.509828,84.05963,84.699,85.13885
2022-01-24 13:02:43.009814,84.36905,84.751,85.68833
2022-01-24 13:02:43.505570,84.11161,84.23475,85.68833
2022-01-24 13:02:44.004427,83.90492,84.3895,85.33489
2022-01-24 13:02:44.501333,84.62773,84.95775,85.33489
2022-01-24 13:02:45.010877,83.9569,84.3895,85.88531
2022-01-24 13:02:45.507401,84.31831,84.699,85.88531
2022-01-24 13:02:46.005927,83.64747,84.28675,85.53187
2022-01-24 13:02:46.502355,84.21434,84.54425,85.53187
2022-01-24 13:02:47.010655,84.52377,84.95775,86.35656
2022-01-24 13:02:47.505558,83.9569,84.4415,86.35656
2022-01-24 13:02:48.004167,84.73046,84.803,85.96354
2022-01-24 13:02:48.511137,83.49276,84.132,85.96354
2022-01-24 13:02:49.010709,84.88517,85.0085,85.53187
2022-01-24 13:02:49.507261,83.7502,84.184,85.53187
2022-01-24 13:02:50.005250,84.26632,84.699,85.84572
2022-01-24 13:02:50.502221,84.42104,84.4935,85.84572
2022-01-24 13:02:51.011182,84.00888,84.4935,86.3952
2022-01-24 13:02:51.507457,84.36905,84.4415,86.3952
2022-01-24 13:02:52.006426,84.00888,84.54425,86.08135
2022-01-24 13:02:52.501546,84.47302,84.64825,86.08135
2022-01-24 13:02:53.010729,83.9569,84.184,85.4527
2022-01-24 13:02:53.502093,84.26632,84.64825,85.4527
2022-01-24 13:02:54.010869,83.7502,84.23475,86.19916
2022-01-24 13:02:54.506765,84.47302,84.803,86.19916
2022-01-24 13:02:55.005716,84.42104,84.28675,86.12093
2022-01-24 13:02:55.501309,83.90492,84.4935,86.12093
2022-01-24 13:02:56.010133,84.42104,84.699,85.57051
2022-01-24 13:02:56.506672,83.69946,84.132,85.57051
2022-01-24 13:02:57.005115,84.78245,84.95775,86.04176
2022-01-24 13:02:57.502476,83.7502,84.08,86.04176
2022-01-24 13:02:58.010393,84.26632,84.803,86.00312
2022-01-24 13:02:58.507151,84.31831,84.3895,86.00312
2022-01-24 13:02:59.003198,84.26632,84.803,86.12093
2022-01-24 13:02:59.509190,84.00888,84.28675,86.12093
2022-01-24 13:03:00.007407,83.85417,84.28675,86.23875
2022-01-24 13:03:00.502763,84.26632,84.64825,86.23875
2022-01-24 13:03:01.002973,83.7502,84.33875,85.72791
2022-01-24 13:03:01.510453,84.83319,85.0605,85.72791
2022-01-24 13:03:02.003247,83.69946,83.7705,85.17843
2022-01-24 13:03:02.509963,84.21434,84.59625,85.17843
2022-01-24 13:03:03.008956,84.31831,84.59625,86.23875
2022-01-24 13:03:03.505069,84.00888,84.3895,86.23875
2022-01-24 13:03:04.005545,84.05963,84.3895,85.33489
2022-01-24 13:03:04.503004,83.59549,84.08,85.33489
2022-01-24 13:03:05.001942,84.62773,84.95775,86.3952
2022-01-24 13:03:05.506414,84.26632,84.3895,86.3952
2022-01-24 13:03:06.005204,84.1636,84.54425,86.19916
2022-01-24 13:03:06.502791,84.11161,84.4935,86.19916
2022-01-24 13:03:07.001142,83.80219,84.08,85.88531
2022-01-24 13:03:07.508194,84.73046,85.1125,85.88531
2022-01-24 13:03:08.006948,83.54475,84.02925,85.57051
2022-01-24 13:03:08.502555,84.1636,84.59625,85.57051
2022-01-24 13:03:09.010935,84.42104,84.699,85.57051
2022-01-24 13:03:09.506669,84.1636,84.4415,85.57051
2022-01-24 13:03:10.004297,84.36905,84.4935,85.17843
2022-01-24 13:03:10.509980,83.85417,84.33875,85.17843
2022-01-24 13:03:11.007931,84.05963,84.699,85.84572
2022-01-24 13:03:11.510110,84.00888,84.64825,85.84572
2022-01-24 13:03:12.008378,84.21434,84.699,85.57051
2022-01-24 13:03:12.505238,84.00888,84.28675,85.57051
2022-01-24 13:03:13.003453,84.31831,84.54425,86.12093
2022-01-24 13:03:13.502372,84.31831,84.4935,86.12093
2022-01-24 13:03:14.010719,84.00888,84.3895,86.23875
2022-01-24 13:03:14.506562,84.1636,84.54425,86.23875
2022-01-24 13:03:15.005437,84.00888,84.3895,86.15958
2022-01-24 13:03:15.502595,84.52377,85.1125,86.15958
2022-01-24 13:03:16.505228,84.36905,84.54425,85.6101
2022-01-24 13:03:17.003860,84.42104,84.4415,85.17843
2022-01-24 13:03:17.510439,84.1636,84.54425,85.17843
2022-01-24 13:03:18.009029,84.31831,84.59625,86.00312
2022-01-24 13:03:18.504231,83.9569,84.4415,86.00312
2022-01-24 13:03:19.004611,84.26632,84.64825,85.84572
2022-01-24 13:03:19.502807,83.59549,84.28675,85.84572
2022-01-24 13:03:20.010357,84.67848,85.16325,86.00312
2022-01-24 13:03:20.505898,83.80219,83.8745,86.00312
2022-01-24 13:03:21.004294,84.36905,84.751,85.53187
2022-01-24 13:03:21.510701,84.26632,84.54425,85.53187
2022-01-24 13:03:22.009770,84.26632,84.4415,85.33489
2022-01-24 13:03:22.502667,84.00888,84.4415,85.33489
2022-01-24 13:03:23.002568,83.64747,84.08,85.57051
2022-01-24 13:03:23.511297,84.67848,85.0085,85.57051
2022-01-24 13:03:24.010575,84.05963,84.28675,85.13885
2022-01-24 13:03:24.506169,84.26632,84.59625,85.13885
2022-01-24 13:03:25.005685,83.85417,84.184,85.88531
2022-01-24 13:03:25.507203,84.21434,84.54425,85.88531
2022-01-24 13:03:26.005749,84.78245,85.1125,85.57051
2022-01-24 13:03:26.501767,83.54475,83.97725,85.57051
2022-01-24 13:03:27.010775,84.26632,84.699,85.84572
2022-01-24 13:03:27.507954,83.9569,84.184,85.84572
2022-01-24 13:03:28.007151,84.42104,84.59625,85.33489
2022-01-24 13:03:28.506246,84.11161,84.3895,85.33489
2022-01-24 13:03:29.003802,83.90492,84.4415,86.04176
2022-01-24 13:03:29.510759,84.26632,84.64825,86.04176
2022-01-24 13:03:30.010656,84.00888,84.4935,85.06062
2022-01-24 13:03:30.506299,84.31831,84.64825,85.06062
2022-01-24 13:03:31.003758,84.31831,84.64825,85.92395
2022-01-24 13:03:31.510415,83.9569,84.23475,85.92395
2022-01-24 13:03:32.008609,84.67848,84.803,85.33489
2022-01-24 13:03:32.502765,83.9569,84.33875,85.33489
2022-01-24 13:03:33.003095,84.11161,84.4935,85.7675
2022-01-24 13:03:33.504551,84.26632,84.803,85.7675
2022-01-24 13:03:34.002656,84.21434,84.3895,86.27739
2022-01-24 13:03:34.502615,84.1636,84.699,86.27739
2022-01-24 13:03:35.002303,84.1636,84.4415,85.80614
2022-01-24 13:03:35.503727,84.42104,84.64825,85.80614
2022-01-24 13:03:36.001306,83.69946,84.132,85.41406
2022-01-24 13:03:36.502136,84.57575,84.85375,85.41406
2022-01-24 13:03:37.002173,83.69946,83.97725,86.15958
2022-01-24 13:03:37.507410,84.36905,84.751,86.15958
2022-01-24 13:03:38.007079,84.52377,84.751,85.33489
2022-01-24 13:03:38.508394,84.42104,84.59625,85.33489
2022-01-24 13:03:39.008927,84.36905,84.4935,86.00312
2022-01-24 13:03:39.505114,83.9569,84.4415,86.00312
2022-01-24 13:03:40.004516,84.52377,84.95775,85.4527
2022-01-24 13:03:40.510426,83.80219,84.59625,85.4527
2022-01-24 13:03:41.007021,84.00888,84.3895,86.3952
2022-01-24 13:03:41.501552,83.90492,84.4415,86.3952
2022-01-24 13:03:42.010109,84.47302,84.803,85.80614
2022-01-24 13:03:42.504464,84.62773,84.751,85.80614
2022-01-24 13:03:43.002787,83.90492,84.23475,85.96354
2022-01-24 13:03:43.505878,84.26632,84.33875,85.96354
2022-01-24 13:03:44.004824,83.80219,84.3895,85.02104
2022-01-24 13:03:44.501139,84.57575,85.16325,85.02104
2022-01-24 13:03:45.009886,83.39003,84.02925,85.33489
2022-01-24 13:03:45.505557,84.36905,84.751,85.33489
2022-01-24 13:03:46.005951,84.1636,84.184,86.23875
2022-01-24 13:03:46.501562,84.78245,85.0085,86.23875
2022-01-24 13:03:47.003710,83.80219,84.184,85.84572
2022-01-24 13:03:47.511097,83.85417,84.184,85.84572
2022-01-24 13:03:48.009062,84.62773,84.90575,85.33489
2022-01-24 13:03:48.505813,83.7502,84.3895,85.33489
2022-01-24 13:03:49.004341,84.11161,84.4415,85.72791
2022-01-24 13:03:49.511202,83.9569,84.59625,85.72791
2022-01-24 13:03:50.009547,84.11161,84.08,85.80614
2022-01-24 13:03:50.506412,84.52377,84.54425,85.80614
2022-01-24 13:03:51.004742,84.05963,84.54425,86.08135
2022-01-24 13:03:51.510560,84.05963,84.54425,86.08135
2022-01-24 13:03:52.002046,83.90492,84.3895,84.90322
2022-01-24 13:03:52.507899,84.00888,84.23475,84.90322
2022-01-24 13:03:53.006052,84.21434,84.699,85.6101
2022-01-24 13:03:53.502770,84.05963,84.28675,85.6101
2022-01-24 13:03:54.010550,84.52377,84.803,85.88531
2022-01-24 13:03:54.506644,83.85417,84.132,85.88531
2022-01-24 13:03:55.005176,84.31831,84.751,85.6101
2022-01-24 13:03:55.501209,84.1636,84.699,85.6101
2022-01-24 13:03:56.010802,83.69946,83.92525,85.64968
2022-01-24 13:03:56.506329,83.90492,84.33875,85.64968
2022-01-24 13:03:57.004189,84.00888,83.97725,226.9851
2022-01-24 13:03:57.501320,84.21434,84.33875,226.9851
2022-01-24 13:03:58.009029,84.05963,84.184,226.74947
2022-01-24 13:03:58.506189,84.05963,84.59625,226.74947
2022-01-24 13:03:59.004604,84.21434,84.54425,180.21354
2022-01-24 13:03:59.510488,83.7502,84.132,180.21354
2022-01-24 13:04:00.009173,84.05963,84.54425,105.08875
2022-01-24 13:04:00.503953,83.90492,84.184,105.08875
2022-01-24 13:04:01.003229,84.47302,84.64825,94.36781
2022-01-24 13:04:01.509891,83.54475,83.41025,94.36781
2022-01-24 13:04:02.009963,84.21434,84.85375,94.64208
2022-01-24 13:04:02.501697,83.90492,84.23475,94.64208
2022-01-24 13:04:03.010827,84.73046,84.95775,88.31979
2022-01-24 13:04:03.509316,83.9569,84.132,88.31979
2022-01-24 13:04:04.007870,83.9569,84.4415,86.67041
2022-01-24 13:04:04.506755,84.26632,84.95775,86.67041
2022-01-24 13:04:05.005095,84.1636,84.54425,86.63083
2022-01-24 13:04:05.510519,84.36905,84.64825,86.63083
2022-01-24 13:04:06.009316,83.7502,84.184,87.02385
2022-01-24 13:04:06.506398,84.73046,85.1125,87.02385
2022-01-24 13:04:07.003220,83.85417,84.28675,86.98426
2022-01-24 13:04:07.507978,84.57575,84.751,86.98426
2022-01-24 13:04:08.006413,83.7502,84.08,85.92395
2022-01-24 13:04:08.510574,84.21434,84.33875,85.92395
2022-01-24 13:04:09.001565,84.47302,84.95775,86.59218
2022-01-24 13:04:09.508294,83.90492,84.54425,86.59218
2022-01-24 13:04:10.006891,84.73046,85.0605,85.80614
2022-01-24 13:04:10.504605,83.69946,83.92525,85.80614
2022-01-24 13:04:11.009830,84.47302,84.90575,85.53187
2022-01-24 13:04:11.505951,83.9569,84.59625,85.53187
2022-01-24 13:04:12.004026,84.21434,84.4415,85.64968
2022-01-24 13:04:12.501460,84.36905,84.699,85.64968
2022-01-24 13:04:13.010433,83.90492,84.4415,85.96354
2022-01-24 13:04:13.506400,84.47302,84.90575,85.96354
2022-01-24 13:04:14.004420,83.80219,84.184,85.41406
2022-01-24 13:04:14.509774,84.62773,84.803,85.41406
2022-01-24 13:04:15.001225,83.59549,84.28675,86.19916
2022-01-24 13:04:15.507300,84.73046,85.0085,86.19916
2022-01-24 13:04:16.007045,84.1636,84.184,85.80614
2022-01-24 13:04:16.502454,84.1636,84.54425,85.80614
2022-01-24 13:04:17.505059,84.05963,84.3895,85.80614
2022-01-24 13:04:18.002252,84.31831,84.4935,87.37729
2022-01-24 13:04:18.509133,83.85417,84.4935,87.37729
2022-01-24 13:04:19.006787,84.00888,84.08,85.6101
2022-01-24 13:04:19.502113,84.93716,85.21525,85.6101
2022-01-24 13:04:20.001326,83.80219,84.08,86.15958
2022-01-24 13:04:20.508002,83.9569,84.59625,86.15958
2022-01-24 13:04:21.006306,84.00888,84.4415,85.64968
2022-01-24 13:04:21.502770,84.21434,84.4935,85.64968
2022-01-24 13:04:22.002208,83.85417,84.28675,85.6101
2022-01-24 13:04:22.508147,84.36905,84.54425,85.6101
2022-01-24 13:04:23.005446,84.05963,84.33875,85.09926
2022-01-24 13:04:23.501463,84.67848,84.85375,85.09926
2022-01-24 13:04:24.010279,84.00888,84.23475,85.84572
2022-01-24 13:04:24.508426,84.11161,84.54425,85.84572
2022-01-24 13:04:25.007638,84.26632,84.59625,85.6101
2022-01-24 13:04:25.502708,84.11161,84.64825,85.6101
2022-01-24 13:04:26.010386,84.36905,84.64825,86.86645
2022-01-24 13:04:26.507080,84.11161,84.3895,86.86645
2022-01-24 13:04:27.006266,84.26632,84.54425,86.04176
2022-01-24 13:04:27.502809,84.67848,85.0085,86.04176
2022-01-24 13:04:28.010930,84.00888,84.4935,85.49229
2022-01-24 13:04:28.507228,84.05963,84.23475,85.49229
2022-01-24 13:04:29.007598,83.85417,84.4935,85.84572
2022-01-24 13:04:29.504778,84.57575,84.85375,85.84572
2022-01-24 13:04:30.002906,83.64747,84.08,85.4527
2022-01-24 13:04:30.508085,84.62773,84.85375,85.4527
2022-01-24 13:04:31.008062,84.1636,84.28675,86.31697
2022-01-24 13:04:31.504312,83.90492,84.33875,86.31697
2022-01-24 13:04:32.003429,84.73046,84.95775,85.41406
2022-01-24 13:04:32.509535,83.49276,84.08,85.41406
2022-01-24 13:04:33.008395,84.52377,84.699,85.53187
2022-01-24 13:04:33.507490,83.64747,84.3895,85.53187
2022-01-24 13:04:34.006847,84.52377,84.3895,85.68833
2022-01-24 13:04:34.504354,84.42104,84.59625,85.68833
2022-01-24 13:04:35.002280,84.1636,84.4415,86.19916
2022-01-24 13:04:35.509873,84.05963,84.33875,86.19916
2022-01-24 13:04:36.006684,84.31831,84.64825,85.33489
2022-01-24 13:04:36.502087,84.21434,84.3895,85.33489
2022-01-24 13:04:37.002390,83.7502,84.23475,86.04176
2022-01-24 13:04:37.509097,84.73046,84.95775,86.04176
2022-01-24 13:04:38.008579,83.85417,84.28675,86.12093
2022-01-24 13:04:38.503514,84.26632,84.4935,86.12093
2022-01-24 13:04:39.003058,84.47302,84.64825,85.4527
2022-01-24 13:04:39.509686,83.90492,84.4415,85.4527
2022-01-24 13:04:40.008723,84.52377,84.803,85.72791
2022-01-24 13:04:40.503000,83.44078,83.97725,85.72791
2022-01-24 13:04:41.002154,84.31831,84.4935,85.6101
2022-01-24 13:04:41.508117,84.62773,85.0605,85.6101
2022-01-24 13:04:42.007991,84.36905,84.751,85.37447
2022-01-24 13:04:42.504656,83.9569,84.23475,85.37447
2022-01-24 13:04:43.005771,84.31831,84.699,85.49229
2022-01-24 13:04:43.501480,84.05963,84.184,85.49229
2022-01-24 13:04:44.009997,84.47302,85.0085,85.84572
2022-01-24 13:04:44.505938,83.59549,83.97725,85.84572
2022-01-24 13:04:45.004396,83.85417,84.4415,86.51301
2022-01-24 13:04:45.510321,84.26632,84.699,86.51301
2022-01-24 13:04:46.008080,84.1636,84.3895,86.67041
2022-01-24 13:04:46.507754,84.21434,84.64825,86.67041
2022-01-24 13:04:47.006216,84.00888,84.184,85.25666
2022-01-24 13:04:47.503167,84.42104,84.803,85.25666
2022-01-24 13:04:48.002300,84.26632,84.33875,85.7675
2022-01-24 13:04:48.508793,83.90492,84.751,85.7675
2022-01-24 13:04:49.005842,84.11161,84.28675,86.12093
2022-01-24 13:04:49.511004,84.42104,84.64825,86.12093
2022-01-24 13:04:50.010616,84.00888,84.3895,85.92395
2022-01-24 13:04:50.506959,84.57575,84.90575,85.92395
2022-01-24 13:04:51.004987,83.80219,84.33875,85.25666
2022-01-24 13:04:51.510776,84.11161,84.132,85.25666
2022-01-24 13:04:52.008721,83.90492,84.64825,86.3952
2022-01-24 13:04:52.504263,84.57575,84.803,86.3952
2022-01-24 13:04:53.001703,84.21434,84.54425,85.72791
2022-01-24 13:04:53.507604,83.85417,84.23475,85.72791
2022-01-24 13:04:54.006426,84.31831,84.64825,85.7675
2022-01-24 13:04:54.502249,83.85417,84.28675,85.7675
2022-01-24 13:04:55.001365,84.62773,84.95775,86.04176
2022-01-24 13:04:55.507209,83.59549,84.3895,86.04176
2022-01-24 13:04:56.005043,84.36905,84.64825,85.72791
2022-01-24 13:04:56.502305,84.52377,84.751,85.72791
2022-01-24 13:04:57.011075,84.31831,84.54425,85.92395
2022-01-24 13:04:57.506507,84.42104,84.699,85.92395
2022-01-24 13:04:58.004548,83.7502,84.184,85.96354
2022-01-24 13:04:58.501027,84.42104,84.751,85.96354
2022-01-24 13:04:59.010805,83.69946,84.33875,85.92395
2022-01-24 13:04:59.508017,84.26632,84.59625,85.92395
2022-01-24 13:05:00.007049,84.21434,84.59625,86.27739
2022-01-24 13:05:00.502597,84.36905,84.4935,86.27739
2022-01-24 13:05:01.010902,84.00888,84.132,85.41406
2022-01-24 13:05:01.507021,84.1636,84.699,85.41406
2022-01-24 13:05:02.005732,84.31831,84.4935,85.68833
2022-01-24 13:05:02.510454,83.69946,84.3895,85.68833
2022-01-24 13:05:03.009010,84.05963,84.3895,86.35656
2022-01-24 13:05:03.508126,84.00888,84.4415,86.35656
2022-01-24 13:05:04.007895,84.62773,84.803,86.08135
2022-01-24 13:05:04.505973,84.26632,84.64825,86.08135
2022-01-24 13:05:05.003841,84.00888,84.54425,86.74864
2022-01-24 13:05:05.511024,83.9569,83.8745,86.74864
2022-01-24 13:05:06.010250,84.47302,85.0605,85.41406
2022-01-24 13:05:06.506744,83.9569,84.33875,85.41406
2022-01-24 13:05:07.006236,84.11161,84.751,85.4527
2022-01-24 13:05:07.503332,84.05963,84.184,85.4527
2022-01-24 13:05:08.002791,84.36905,84.4935,86.15958
2022-01-24 13:05:08.509645,84.57575,85.16325,86.15958
2022-01-24 13:05:09.009104,83.85417,84.184,86.15958
2022-01-24 13:05:09.503304,83.90492,84.4415,86.15958
2022-01-24 13:05:10.002030,84.11161,84.28675,85.41406
2022-01-24 13:05:10.508034,83.80219,84.4935,85.41406
2022-01-24 13:05:11.001907,84.52377,84.54425,85.96354
2022-01-24 13:05:11.507071,84.21434,84.33875,85.96354
2022-01-24 13:05:12.004889,84.05963,84.4935,85.88531
2022-01-24 13:05:12.506333,84.57575,84.699,85.88531
2022-01-24 13:05:13.004080,84.26632,84.64825,85.57051
2022-01-24 13:05:13.509962,83.9569,84.28675,85.57051
2022-01-24 13:05:14.008103,84.05963,84.85375,87.14166
2022-01-24 13:05:14.504055,84.00888,84.33875,87.14166
2022-01-24 13:05:15.006559,84.62773,84.90575,86.51301
2022-01-24 13:05:15.510438,83.9569,84.54425,86.51301
2022-01-24 13:05:16.008765,84.00888,84.28675,85.33489
2022-01-24 13:05:16.503699,83.9569,84.33875,85.33489
2022-01-24 13:05:17.002028,84.57575,84.751,86.08135
2022-01-24 13:05:17.507386,83.80219,84.4415,86.08135
2022-01-24 13:05:18.006697,84.36905,84.751,85.57051
2022-01-24 13:05:18.502695,84.00888,84.28675,85.57051
2022-01-24 13:05:19.010775,84.11161,84.3895,85.84572
2022-01-24 13:05:19.505957,84.47302,84.59625,85.84572
2022-01-24 13:05:20.004548,83.49276,84.08,85.68833
2022-01-24 13:05:20.509754,84.52377,84.64825,85.68833
2022-01-24 13:05:21.011178,83.85417,84.54425,86.12093
2022-01-24 13:05:21.508014,84.31831,84.64825,86.12093
2022-01-24 13:05:22.007063,84.00888,84.3895,85.84572
2022-01-24 13:05:22.504538,83.85417,84.23475,85.84572
2022-01-24 13:05:23.003508,84.88517,85.1125,85.92395
2022-01-24 13:05:23.509820,83.9569,84.3895,85.92395
2022-01-24 13:05:24.008205,84.26632,84.4415,85.6101
2022-01-24 13:05:24.504241,84.05963,84.64825,85.6101
2022-01-24 13:05:25.002919,84.57575,84.64825,85.72791
2022-01-24 13:05:25.509900,84.00888,84.3895,85.72791
2022-01-24 13:05:26.007999,84.21434,84.4415,86.5526
2022-01-24 13:05:26.503854,84.52377,84.699,86.5526
2022-01-24 13:05:27.002424,83.85417,84.4415,86.19916
2022-01-24 13:05:27.509423,84.47302,84.699,86.19916
2022-01-24 13:05:28.007998,83.9569,84.751,86.04176
2022-01-24 13:05:28.508025,84.1636,84.59625,86.04176
2022-01-24 13:05:29.007339,84.00888,84.90575,85.4527
2022-01-24 13:05:29.502253,84.31831,84.64825,85.4527
2022-01-24 13:05:30.002745,83.9569,83.97725,85.6101
2022-01-24 13:05:30.508597,84.52377,84.90575,85.6101
2022-01-24 13:05:31.007688,83.7502,84.132,86.98426
2022-01-24 13:05:31.504717,84.42104,85.0605,86.98426
2022-01-24 13:05:32.003462,84.21434,84.59625,85.7675
2022-01-24 13:05:32.509896,84.00888,84.59625,85.7675
2022-01-24 13:05:33.007330,84.57575,84.699,86.19916
2022-01-24 13:05:33.506076,84.00888,84.4415,86.19916
2022-01-24 13:05:34.005218,84.42104,84.699,86.04176
2022-01-24 13:05:34.501497,84.31831,84.4415,86.04176
2022-01-24 13:05:35.001624,83.59549,84.33875,86.19916
2022-01-24 13:05:35.508754,84.36905,84.803,86.19916
2022-01-24 13:05:36.006987,83.59549,84.33875,85.57051
2022-01-24 13:05:36.502744,84.21434,84.54425,85.57051
2022-01-24 13:05:37.001328,84.47302,84.64825,85.88531
2022-01-24 13:05:37.506649,84.26632,84.54425,85.88531
2022-01-24 13:05:38.005172,84.36905,84.64825,85.64968
2022-01-24 13:05:38.503401,84.00888,84.54425,85.64968
2022-01-24 13:05:39.003411,84.1636,84.4415,85.84572
2022-01-24 13:05:39.510747,84.11161,84.699,85.84572
2022-01-24 13:05:40.009701,84.00888,84.28675,85.72791
2022-01-24 13:05:40.508384,84.05963,84.28675,85.72791
2022-01-24 13:05:41.008247,84.31831,84.4935,86.51301
2022-01-24 13:05:41.504358,84.78245,85.0085,86.51301
2022-01-24 13:05:42.002738,83.85417,84.3895,87.14166
2022-01-24 13:05:42.509470,84.42104,84.699,87.14166
2022-01-24 13:05:43.010288,83.90492,84.4935,85.92395
2022-01-24 13:05:43.506199,84.52377,84.85375,85.92395
2022-01-24 13:05:44.007606,83.64747,84.23475,86.04176
2022-01-24 13:05:44.502442,84.1636,84.4415,86.04176
2022-01-24 13:05:45.001909,84.57575,84.64825,85.80614
2022-01-24 13:05:45.510293,83.90492,84.4935,85.80614
2022-01-24 13:05:46.008739,84.62773,84.90575,85.21708
2022-01-24 13:05:46.503301,83.44078,83.92525,85.21708
2022-01-24 13:05:47.001673,84.47302,84.54425,86.35656
2022-01-24 13:05:47.510380,84.00888,84.699,86.35656
2022-01-24 13:05:48.009550,84.42104,84.751,86.31697
2022-01-24 13:05:48.505049,83.90492,84.02925,86.31697
2022-01-24 13:05:49.010529,84.00888,84.3895,85.80614
2022-01-24 13:05:49.505452,84.42104,84.699,85.80614
2022-01-24 13:05:50.004949,84.05963,84.59625,85.72791
2022-01-24 13:05:50.510283,84.21434,84.3895,85.72791
2022-01-24 13:05:51.003679,83.54475,84.132,85.80614
2022-01-24 13:05:51.510577,84.36905,84.85375,85.80614
2022-01-24 13:05:52.010313,84.31831,84.3895,86.43479
2022-01-24 13:05:52.507570,84.52377,85.0605,86.43479
2022-01-24 13:05:53.007297,83.90492,84.184,86.04176
2022-01-24 13:05:53.503509,84.1636,84.64825,86.04176
2022-01-24 13:05:54.001029,84.1636,84.4935,85.68833
2022-01-24 13:05:54.506941,83.9569,84.4415,85.68833
2022-01-24 13:05:55.005527,84.47302,84.64825,85.84572
2022-01-24 13:05:55.501207,83.49276,83.8225,85.84572
2022-01-24 13:05:56.009502,84.62773,84.95775,85.6101
2022-01-24 13:05:56.507278,83.9569,84.184,85.6101
2022-01-24 13:05:57.005276,84.36905,84.95775,86.19916
2022-01-24 13:05:57.501200,84.1636,84.3895,86.19916
2022-01-24 13:05:58.002548,83.85417,84.4415,85.29625
2022-01-24 13:05:58.507944,84.62773,84.751,85.29625
2022-01-24 13:05:59.005877,84.00888,84.08,86.78822
2022-01-24 13:05:59.501788,84.21434,84.54425,86.78822
2022-01-24 13:06:00.009924,84.11161,84.33875,85.72791
2022-01-24 13:06:00.506613,83.90492,84.699,85.72791
2022-01-24 13:06:01.005478,84.11161,84.184,86.04176
2022-01-24 13:06:01.501458,84.31831,84.90575,86.04176
2022-01-24 13:06:02.009230,84.11161,84.699,85.57051
2022-01-24 13:06:02.505086,83.85417,84.132,85.57051
2022-01-24 13:06:03.004905,84.36905,84.4935,85.6101
2022-01-24 13:06:03.501300,84.47302,84.54425,85.6101
2022-01-24 13:06:04.010818,84.26632,84.95775,85.4527
2022-01-24 13:06:04.506521,83.9569,84.3895,85.4527
2022-01-24 13:06:05.006179,83.69946,84.184,85.6101
2022-01-24 13:06:05.503012,84.57575,84.699,85.6101
2022-01-24 13:06:06.001161,83.85417,84.64825,85.49229
2022-01-24 13:06:06.506646,84.21434,84.4935,85.49229
2022-01-24 13:06:07.003529,84.26632,84.33875,85.88531
2022-01-24 13:06:07.508122,84.1636,84.699,85.88531
2022-01-24 13:06:08.006716,84.52377,84.85375,85.41406
2022-01-24 13:06:08.502320,84.00888,84.33875,85.41406
2022-01-24 13:06:09.010114,83.9569,84.02925,86.15958
2022-01-24 13:06:09.507678,84.05963,84.54425,86.15958
2022-01-24 13:06:10.007271,84.31831,84.64825,85.88531
2022-01-24 13:06:10.502368,84.26632,84.54425,85.88531
2022-01-24 13:06:11.006125,84.21434,84.699,85.21708
2022-01-24 13:06:11.510631,83.90492,84.33875,85.21708
2022-01-24 13:06:12.009838,84.11161,84.59625,85.64968
2022-01-24 13:06:12.503632,84.73046,85.1125,85.64968
2022-01-24 13:06:13.001851,83.39003,83.92525,86.47437
2022-01-24 13:06:13.508326,84.36905,84.64825,86.47437
2022-01-24 13:06:14.007288,83.69946,83.8225,85.33489
2022-01-24 13:06:14.502715,84.73046,85.16325,85.33489
2022-01-24 13:06:15.002776,84.21434,84.3895,85.84572
2022-01-24 13:06:15.509346,83.9569,84.64825,85.84572
2022-01-24 13:06:16.007617,83.90492,84.23475,85.72791
2022-01-24 13:06:16.502883,84.00888,84.54425,85.72791
2022-01-24 13:06:17.002578,84.67848,85.16325,85.92395
2022-01-24 13:06:17.510916,83.49276,83.8745,85.92395
2022-01-24 13:06:18.010667,84.36905,84.803,86.12093
2022-01-24 13:06:18.505725,84.21434,84.132,86.12093
2022-01-24 13:06:19.003260,84.05963,84.3895,86.59218
2022-01-24 13:06:19.508605,84.1636,84.28675,86.59218
2022-01-24 13:06:20.008127,83.85417,84.23475,235.54583
2022-01-24 13:06:20.503680,84.31831,84.3895,235.54583
2022-01-24 13:06:21.002023,83.80219,84.28675,217.7175
2022-01-24 13:06:21.507939,84.67848,84.95775,217.7175
2022-01-24 13:06:22.008148,83.80219,83.92525,135.64083
2022-01-24 13:06:22.505530,84.62773,85.16325,135.64083
2022-01-24 13:06:23.003619,83.54475,83.61575,97.74479
2022-01-24 13:06:23.509917,84.42104,84.751,97.74479
2022-01-24 13:06:24.008051,84.1636,84.28675,91.30468
2022-01-24 13:06:24.502870,83.44078,84.08,91.30468
2022-01-24 13:06:25.003327,84.31831,84.4935,88.04458
2022-01-24 13:06:25.509101,83.80219,83.8225,88.04458
2022-01-24 13:06:26.006546,85.03989,85.37,87.37729
2022-01-24 13:06:26.502157,83.85417,84.28675,87.37729
2022-01-24 13:06:27.002711,84.11161,84.54425,86.12093
2022-01-24 13:06:27.507247,84.1636,84.4415,86.12093
2022-01-24 13:06:28.005262,84.21434,84.751,86.51301
2022-01-24 13:06:28.501906,84.21434,84.59625,86.51301
2022-01-24 13:06:29.010963,84.21434,84.4415,86.47437
2022-01-24 13:06:29.506940,84.00888,84.33875,86.47437
2022-01-24 13:06:30.006469,84.36905,84.4935,86.23875
2022-01-24 13:06:30.502485,84.21434,84.803,86.23875
2022-01-24 13:06:31.003107,83.59549,84.08,86.51301
2022-01-24 13:06:31.512610,84.21434,84.59625,86.51301
2022-01-24 13:06:32.001099,83.90492,84.28675,85.84572
2022-01-24 13:06:32.508556,84.67848,84.85375,85.84572
2022-01-24 13:06:33.008101,84.26632,84.803,85.25666
2022-01-24 13:06:33.503811,84.1636,84.54425,85.25666
2022-01-24 13:06:34.002466,84.11161,84.54425,85.6101
2022-01-24 13:06:34.509695,84.00888,84.33875,85.6101
2022-01-24 13:06:35.008416,84.21434,84.803,85.7675
2022-01-24 13:06:35.503616,84.26632,84.59625,85.7675
2022-01-24 13:06:36.002638,83.80219,84.33875,85.17843
2022-01-24 13:06:36.508045,84.11161,84.54425,85.17843
2022-01-24 13:06:37.006602,84.83319,85.0085,85.37447
2022-01-24 13:06:37.502299,83.80219,84.4415,85.37447
2022-01-24 13:06:38.011019,84.21434,84.54425,85.53187
2022-01-24 13:06:38.507418,84.05963,84.4415,85.53187
2022-01-24 13:06:39.006830,84.62773,84.90575,85.7675
2022-01-24 13:06:39.505785,83.54475,84.02925,85.7675
2022-01-24 13:06:40.005236,84.26632,84.64825,85.72791
2022-01-24 13:06:40.502826,84.36905,84.3895,85.72791
2022-01-24 13:06:41.003576,84.26632,84.699,85.72791
2022-01-24 13:06:41.509242,84.21434,84.59625,85.72791
2022-01-24 13:06:42.007312,84.00888,84.33875,85.68833
2022-01-24 13:06:42.501969,84.31831,84.59625,85.68833
2022-01-24 13:06:43.009972,84.00888,84.59625,85.33489
2022-01-24 13:06:43.505499,84.31831,84.699,85.33489
2022-01-24 13:06:44.004573,83.9569,84.184,85.33489
2022-01-24 13:06:44.510944,84.1636,84.64825,85.33489
2022-01-24 13:06:45.001714,84.21434,84.59625,85.53187
2022-01-24 13:06:45.501471,83.9569,84.3895,85.53187
2022-01-24 13:06:46.010851,84.47302,84.751,85.80614
2022-01-24 13:06:46.506781,83.49276,83.92525,85.80614
2022-01-24 13:06:47.004620,84.57575,85.0605,85.25666
2022-01-24 13:06:47.509241,84.1636,84.4415,85.25666
2022-01-24 13:06:48.007006,84.62773,84.85375,85.21708
2022-01-24 13:06:48.503371,84.00888,84.4415,85.21708
2022-01-24 13:06:49.004246,83.85417,84.54425,85.80614
2022-01-24 13:06:49.504464,84.36905,84.751,85.80614
2022-01-24 13:06:50.003232,83.9569,84.3895,85.41406
2022-01-24 13:06:50.509150,84.1636,84.4935,85.41406
2022-01-24 13:06:51.008295,84.1636,84.54425,86.12093
2022-01-24 13:06:51.505220,84.11161,84.4415,86.12093
2022-01-24 13:06:52.003308,84.42104,84.4415,86.08135
2022-01-24 13:06:52.508965,84.00888,84.33875,86.08135
2022-01-24 13:06:53.007842,84.21434,84.803,85.41406
2022-01-24 13:06:53.506998,84.11161,84.59625,85.41406
2022-01-24 13:06:54.006669,84.21434,84.699,86.15958
2022-01-24 13:06:54.503198,84.31831,84.59625,86.15958
2022-01-24 13:06:55.002538,84.05963,84.28675,86.43479
2022-01-24 13:06:55.508936,84.36905,84.54425,86.43479
2022-01-24 13:06:56.008567,83.90492,84.184,85.68833
2022-01-24 13:06:56.506752,84.31831,84.4935,85.68833
2022-01-24 13:06:57.005177,84.05963,84.4415,85.80614
2022-01-24 13:06:57.511075,84.26632,84.751,85.80614
2022-01-24 13:06:58.006752,83.80219,84.4415,85.53187
2022-01-24 13:06:58.504420,84.36905,84.699,85.53187
2022-01-24 13:06:59.003662,84.42104,84.4935,85.72791
2022-01-24 13:06:59.511131,83.9569,84.33875,85.72791
2022-01-24 13:07:00.008503,84.21434,84.4415,85.84572
2022-01-24 13:07:00.504827,84.21434,84.4935,85.84572
2022-01-24 13:07:01.004002,84.26632,84.699,85.53187
2022-01-24 13:07:01.510668,83.69946,84.4935,85.53187
2022-01-24 13:07:02.010374,84.36905,84.751,85.4527
2022-01-24 13:07:02.506624,84.1636,84.08,85.4527
2022-01-24 13:07:03.005316,84.31831,84.699,85.6101
2022-01-24 13:07:03.501185,84.73046,85.1125,85.6101
2022-01-24 13:07:04.009893,83.49276,83.92525,85.72791
2022-01-24 13:07:04.506435,84.47302,84.803,85.72791
2022-01-24 13:07:05.005076,83.39003,84.02925,85.29625
2022-01-24 13:07:05.510614,84.78245,85.16325,85.29625
2022-01-24 13:07:06.009637,83.80219,83.8745,85.96354
2022-01-24 13:07:06.507277,84.42104,84.59625,85.96354
2022-01-24 13:07:07.006753,84.00888,84.3895,85.29625
2022-01-24 13:07:07.502896,84.11161,84.54425,85.29625
2022-01-24 13:07:08.001964,84.88517,85.26725,86.15958
2022-01-24 13:07:08.508387,83.23532,83.8225,86.15958
2022-01-24 13:07:09.006923,84.52377,85.1125,85.68833
2022-01-24 13:07:09.503546,83.90492,84.132,85.68833
2022-01-24 13:07:10.001773,84.62773,84.85375,85.37447
2022-01-24 13:07:10.509770,83.80219,84.08,85.37447
2022-01-24 13:07:11.005161,83.90492,84.33875,86.04176
2022-01-24 13:07:11.509815,84.31831,84.699,86.04176
2022-01-24 13:07:12.009263,84.1636,84.59625,85.88531
2022-01-24 13:07:12.506322,84.62773,85.0085,85.88531
2022-01-24 13:07:13.004277,83.69946,84.02925,85.72791
2022-01-24 13:07:13.511140,84.26632,84.699,85.72791
2022-01-24 13:07:14.009572,84.62773,85.0085,85.49229
2022-01-24 13:07:14.504424,84.26632,84.699,85.49229
2022-01-24 13:07:15.005044,83.69946,84.08,85.88531
2022-01-24 13:07:15.502389,83.7502,84.184,85.88531
2022-01-24 13:07:16.009865,84.31831,84.64825,85.21708
2022-01-24 13:07:16.506352,84.36905,84.95775,85.21708
2022-01-24 13:07:17.005029,84.31831,84.64825,86.23875
2022-01-24 13:07:17.509706,83.85417,84.02925,86.23875
2022-01-24 13:07:18.008736,84.31831,84.803,85.37447
2022-01-24 13:07:18.505323,84.11161,84.59625,85.37447
2022-01-24 13:07:19.003279,84.21434,84.64825,86.27739
2022-01-24 13:07:19.508929,84.05963,84.28675,86.27739
2022-01-24 13:07:20.008471,83.69946,84.23475,85.13885
2022-01-24 13:07:20.504526,84.21434,84.3895,85.13885
2022-01-24 13:07:21.004142,84.57575,84.803,85.25666
2022-01-24 13:07:21.501153,84.00888,84.4415,85.25666
2022-01-24 13:07:22.010940,84.21434,84.59625,86.04176
2022-01-24 13:07:22.506109,83.85417,84.3895,86.04176
2022-01-24 13:07:23.004222,84.1636,84.64825,85.4527
2022-01-24 13:07:23.502263,84.26632,84.85375,85.4527
2022-01-24 13:07:24.001457,84.1636,84.4935,85.53187
2022-01-24 13:07:24.509755,83.90492,84.184,85.53187
2022-01-24 13:07:25.007499,84.57575,84.64825,86.00312
2022-01-24 13:07:25.503566,84.1636,84.4935,86.00312
2022-01-24 13:07:26.002434,84.11161,84.64825,85.96354
2022-01-24 13:07:26.508365,84.21434,84.803,85.96354
2022-01-24 13:07:27.007633,83.33805,83.66775,86.15958
2022-01-24 13:07:27.501746,84.83319,85.26725,86.15958
2022-01-24 13:07:28.010781,84.21434,84.54425,86.35656
2022-01-24 13:07:28.506715,84.31831,84.4935,86.35656
2022-01-24 13:07:29.005502,84.1636,84.4415,85.29625
2022-01-24 13:07:29.511018,84.00888,84.23475,85.29625
2022-01-24 13:07:30.009136,84.78245,85.1125,85.57051
2022-01-24 13:07:30.504630,83.59549,84.08,85.57051
2022-01-24 13:07:31.002995,84.11161,84.4415,85.57051
2022-01-24 13:07:31.510027,84.11161,84.4935,85.57051
2022-01-24 13:07:32.007819,84.52377,84.90575,85.7675
2022-01-24 13:07:32.502707,84.47302,84.54425,85.7675
2022-01-24 13:07:33.004339,83.90492,84.28675,85.80614
2022-01-24 13:07:33.510839,84.36905,84.699,85.80614
2022-01-24 13:07:34.002873,83.9569,84.33875,85.64968
2022-01-24 13:07:34.509748,84.83319,85.0085,85.64968
2022-01-24 13:07:35.009228,83.33805,83.8225,85.25666
2022-01-24 13:07:35.504541,84.21434,84.4935,85.25666
2022-01-24 13:07:36.002823,84.52377,84.3895,86.43479
2022-01-24 13:07:36.509163,84.00888,84.4415,86.43479
2022-01-24 13:07:37.006345,84.42104,84.85375,85.57051
2022-01-24 13:07:37.510567,84.1636,84.64825,85.57051
2022-01-24 13:07:38.008416,83.85417,84.08,85.72791
2022-01-24 13:07:38.508435,84.21434,85.0085,85.72791
2022-01-24 13:07:39.006741,84.42104,84.59625,85.96354
2022-01-24 13:07:39.502298,84.05963,84.33875,85.96354
2022-01-24 13:07:40.010170,84.1636,84.28675,85.29625
2022-01-24 13:07:40.506566,84.11161,84.64825,85.29625
2022-01-24 13:07:41.005170,84.52377,85.0085,85.84572
2022-01-24 13:07:41.502378,84.21434,84.4935,85.84572
2022-01-24 13:07:42.010848,83.80219,84.4415,85.4527
2022-01-24 13:07:42.504826,84.26632,84.4415,85.4527
2022-01-24 13:07:43.005879,84.47302,84.699,85.29625
2022-01-24 13:07:43.502890,84.26632,84.28675,85.29625
2022-01-24 13:07:44.001142,84.05963,84.4935,85.92395
2022-01-24 13:07:44.508459,84.00888,84.59625,85.92395
2022-01-24 13:07:45.007791,84.21434,84.4415,85.64968
2022-01-24 13:07:45.502570,84.1636,84.64825,85.64968
2022-01-24 13:07:46.009734,83.9569,84.28675,85.25666
2022-01-24 13:07:46.504918,83.9569,84.23475,85.25666
2022-01-24 13:07:47.003364,84.1636,84.54425,85.92395
2022-01-24 13:07:48.005132,84.21434,84.85375,86.63083
2022-01-24 13:07:48.510982,84.31831,84.59625,86.63083
2022-01-24 13:07:49.009671,83.54475,83.92525,85.21708
2022-01-24 13:07:49.504800,84.62773,84.751,85.21708
2022-01-24 13:07:50.004473,84.05963,84.3895,85.49229
2022-01-24 13:07:50.510369,84.21434,84.4935,85.49229
2022-01-24 13:07:51.009116,84.31831,84.699,85.4527
2022-01-24 13:07:51.505922,83.28607,83.8745,85.4527
2022-01-24 13:07:52.005253,84.88517,85.37,85.21708
2022-01-24 13:07:52.502853,83.64747,84.23475,85.21708
2022-01-24 13:07:53.001783,84.31831,84.64825,86.08135
2022-01-24 13:07:53.503145,83.69946,84.28675,86.08135
2022-01-24 13:07:54.002605,84.42104,84.4935,85.80614
2022-01-24 13:07:54.508912,84.52377,84.699,85.80614
2022-01-24 13:07:55.005426,83.80219,84.3895,85.64968
2022-01-24 13:07:55.501555,84.21434,84.699,85.64968
2022-01-24 13:07:56.010264,83.85417,84.33875,85.72791
2022-01-24 13:07:56.505248,84.36905,84.54425,85.72791
2022-01-24 13:07:57.003877,83.80219,84.4415,85.6101
2022-01-24 13:07:57.511114,84.62773,84.803,85.6101
2022-01-24 13:07:58.010308,84.26632,84.4415,85.72791
2022-01-24 13:07:58.505494,84.21434,84.59625,85.72791
2022-01-24 13:07:59.003536,84.42104,84.803,85.33489
2022-01-24 13:07:59.509153,83.80219,84.23475,85.33489
2022-01-24 13:08:00.006556,84.1636,84.3895,85.7675
2022-01-24 13:08:00.509532,83.90492,84.54425,85.7675
2022-01-24 13:08:01.001864,84.36905,84.4415,85.49229
2022-01-24 13:08:01.508961,84.47302,84.803,85.49229
2022-01-24 13:08:02.007738,84.05963,84.3895,85.6101
2022-01-24 13:08:02.503999,84.00888,84.4935,85.6101
2022-01-24 13:08:03.004590,84.42104,84.85375,86.00312
2022-01-24 13:08:03.509516,84.36905,84.54425,86.00312
2022-01-24 13:08:04.005819,83.59549,84.23475,85.7675
2022-01-24 13:08:04.502065,84.00888,84.23475,85.7675
2022-01-24 13:08:05.010730,84.31831,84.751,84.94281
2022-01-24 13:08:05.509179,84.42104,84.59625,84.94281
2022-01-24 13:08:06.007370,83.90492,84.28675,86.43479
2022-01-24 13:08:06.502551,84.1636,84.64825,86.43479
2022-01-24 13:08:07.010398,84.26632,84.54425,85.96354
2022-01-24 13:08:07.506847,84.1636,84.751,85.96354
2022-01-24 13:08:08.006061,83.9569,83.97725,85.68833
2022-01-24 13:08:08.501164,84.05963,84.4935,85.68833
2022-01-24 13:08:09.009401,84.11161,84.4415,85.6101
2022-01-24 13:08:09.504115,84.83319,85.16325,85.6101
2022-01-24 13:08:10.003464,84.1636,84.54425,85.72791
2022-01-24 13:08:10.507301,84.11161,84.3895,85.72791
2022-01-24 13:08:11.001303,83.80219,84.3895,85.29625
2022-01-24 13:08:11.508130,84.26632,84.64825,85.29625
2022-01-24 13:08:12.008964,83.80219,84.4415,86.67041
2022-01-24 13:08:12.503929,84.31831,84.59625,86.67041
2022-01-24 13:08:13.002332,83.9569,84.23475,85.37447
2022-01-24 13:08:13.509496,83.80219,84.23475,85.37447
2022-01-24 13:08:14.009815,84.9879,85.318,85.06062
2022-01-24 13:08:14.507526,83.7502,84.02925,85.06062
2022-01-24 13:08:15.006139,84.47302,84.751,86.3952
2022-01-24 13:08:15.510751,83.80219,84.59625,86.3952
2022-01-24 13:08:16.009567,83.85417,84.08,85.21708
2022-01-24 13:08:16.505833,84.9879,85.37,85.21708
2022-01-24 13:08:17.004440,83.44078,83.7705,85.57051
2022-01-24 13:08:17.510505,84.57575,84.90575,85.57051
2022-01-24 13:08:18.010807,84.05963,84.4935,85.41406
2022-01-24 13:08:18.507369,84.11161,84.33875,85.41406
2022-01-24 13:08:19.007981,83.9569,84.4415,85.96354
2022-01-24 13:08:19.504089,84.05963,84.33875,85.96354
2022-01-24 13:08:20.004168,84.21434,84.4935,85.33489
2022-01-24 13:08:20.510492,84.1636,84.33875,85.33489
2022-01-24 13:08:21.008708,84.47302,84.751,85.68833
2022-01-24 13:08:21.502979,83.7502,84.28675,85.68833
2022-01-24 13:08:22.010440,84.57575,84.803,85.17843
2022-01-24 13:08:22.507828,83.59549,84.132,85.17843
2022-01-24 13:08:23.006099,84.88517,85.1125,85.84572
2022-01-24 13:08:23.504347,84.05963,84.4415,85.84572
2022-01-24 13:08:24.001714,84.05963,84.3895,85.37447
2022-01-24 13:08:24.508133,84.05963,84.28675,85.37447
2022-01-24 13:08:25.006694,84.31831,84.699,85.29625
2022-01-24 13:08:25.501729,84.21434,84.54425,85.29625
2022-01-24 13:08:26.010864,84.00888,84.3895,85.49229
2022-01-24 13:08:26.511034,84.05963,84.184,85.49229
2022-01-24 13:08:27.010161,84.21434,84.64825,85.88531
2022-01-24 13:08:27.506674,84.47302,84.699,85.88531
2022-01-24 13:08:28.005916,84.36905,84.3895,85.6101
2022-01-24 13:08:28.501196,83.39003,83.92525,85.6101
2022-01-24 13:08:29.009819,84.36905,84.64825,86.04176
2022-01-24 13:08:29.505934,84.05963,84.54425,86.04176
2022-01-24 13:08:30.005508,84.52377,84.64825,85.6101
2022-01-24 13:08:30.501112,83.49276,84.02925,85.6101
2022-01-24 13:08:31.010090,84.47302,84.751,86.00312
2022-01-24 13:08:31.506671,84.42104,84.59625,86.00312
2022-01-24 13:08:32.004642,84.1636,84.751,85.49229
2022-01-24 13:08:32.503216,83.85417,84.23475,85.49229
2022-01-24 13:08:33.002259,84.05963,84.4935,85.49229
2022-01-24 13:08:33.506800,84.21434,84.54425,85.49229
2022-01-24 13:08:34.005398,84.21434,85.0085,86.35656
2022-01-24 13:08:34.510871,84.26632,84.3895,86.35656
2022-01-24 13:08:35.008772,84.26632,84.3895,85.92395
2022-01-24 13:08:35.504797,83.85417,84.08,85.92395
2022-01-24 13:08:36.003143,84.83319,85.21525,84.90322
2022-01-24 13:08:36.509399,83.54475,84.132,84.90322
2022-01-24 13:08:37.008464,84.52377,84.803,86.27739
2022-01-24 13:08:37.506344,83.49276,84.23475,86.27739
2022-01-24 13:08:38.004649,84.31831,84.54425,85.25666
2022-01-24 13:08:38.510026,85.03989,85.37,85.25666
2022-01-24 13:08:39.007751,83.80219,84.132,85.68833
2022-01-24 13:08:39.502652,84.42104,84.699,85.68833
2022-01-24 13:08:40.001256,83.59549,84.08,85.72791
2022-01-24 13:08:40.508822,84.47302,84.59625,85.72791
2022-01-24 13:08:41.006957,83.9569,84.33875,86.19916
2022-01-24 13:08:41.504212,83.69946,83.8225,86.19916
2022-01-24 13:08:42.002779,84.21434,84.59625,237.98125
2022-01-24 13:08:42.508415,84.21434,84.3895,237.98125
2022-01-24 13:08:43.008013,84.36905,84.4935,218.18875
2022-01-24 13:08:43.504319,84.05963,84.4935,218.18875
2022-01-24 13:08:44.002290,84.00888,84.23475,170.35687
2022-01-24 13:08:44.508454,83.33805,83.8225,170.35687
2022-01-24 13:08:45.007835,84.52377,84.751,100.8475
2022-01-24 13:08:45.505750,83.9569,84.4415,100.8475
2022-01-24 13:08:46.006178,84.00888,84.28675,91.93239
2022-01-24 13:08:46.502771,84.42104,84.3895,91.93239
2022-01-24 13:08:47.010761,83.49276,83.97725,94.32822
2022-01-24 13:08:47.507004,85.09187,84.90575,94.32822
2022-01-24 13:08:48.005645,83.9569,84.4935,90.1652
2022-01-24 13:08:48.510761,84.1636,84.59625,90.1652
2022-01-24 13:08:49.009520,83.49276,84.28675,86.08135
2022-01-24 13:08:49.505777,84.73046,84.85375,86.08135
2022-01-24 13:08:50.004396,84.05963,84.23475,86.35656
2022-01-24 13:08:50.501853,84.21434,84.699,86.35656
2022-01-24 13:08:51.010183,83.9569,84.08,85.92395
2022-01-24 13:08:51.507911,84.26632,84.699,85.92395
2022-01-24 13:08:52.008325,84.57575,84.699,86.47437
2022-01-24 13:08:52.504484,83.64747,84.64825,86.47437
2022-01-24 13:08:53.002959,84.1636,84.59625,85.7675
2022-01-24 13:08:53.510412,84.11161,84.3895,85.7675
2022-01-24 13:08:54.008912,84.57575,84.95775,86.15958
2022-01-24 13:08:54.505479,84.47302,84.59625,86.15958
2022-01-24 13:08:55.005785,83.90492,84.33875,85.13885
2022-01-24 13:08:55.510844,84.21434,84.4935,85.13885
2022-01-24 13:08:56.009671,84.05963,84.85375,86.31697
2022-01-24 13:08:56.505119,84.26632,84.64825,86.31697
2022-01-24 13:08:57.003526,83.9569,84.28675,85.88531
2022-01-24 13:08:57.509269,84.42104,84.751,85.88531
2022-01-24 13:08:58.007768,84.05963,84.184,85.29625
2022-01-24 13:08:58.503754,84.42104,84.85375,85.29625
2022-01-24 13:08:59.002038,84.36905,84.64825,85.68833
2022-01-24 13:08:59.510494,83.64747,84.3895,85.68833
2022-01-24 13:09:00.007880,84.26632,84.64825,85.92395
2022-01-24 13:09:00.504637,84.11161,84.4935,85.92395
2022-01-24 13:09:01.003056,84.31831,84.4935,86.31697
2022-01-24 13:09:01.508073,84.00888,84.33875,86.31697
2022-01-24 13:09:02.006457,83.80219,84.28675,85.64968
2022-01-24 13:09:02.510932,84.42104,84.85375,85.64968
2022-01-24 13:09:03.009000,84.05963,84.699,85.88531
2022-01-24 13:09:03.503845,84.1636,84.803,85.88531
2022-01-24 13:09:04.003587,84.00888,84.3895,85.29625
2022-01-24 13:09:04.509314,84.1636,84.4935,85.29625
2022-01-24 13:09:05.007687,84.83319,85.0605,85.92395
2022-01-24 13:09:05.503187,83.9569,84.33875,85.92395
2022-01-24 13:09:06.002143,84.1636,84.3895,85.80614
2022-01-24 13:09:06.510121,83.9569,84.64825,85.80614
2022-01-24 13:09:07.008483,84.26632,84.64825,85.57051
2022-01-24 13:09:07.505095,84.11161,84.59625,85.57051
2022-01-24 13:09:08.003941,84.26632,84.59625,86.31697
2022-01-24 13:09:08.510707,84.47302,84.4935,86.31697
2022-01-24 13:09:09.009443,83.9569,84.59625,85.53187
2022-01-24 13:09:09.506542,84.36905,84.64825,85.53187
2022-01-24 13:09:10.004857,84.1636,84.59625,85.25666
2022-01-24 13:09:10.502108,84.36905,84.64825,85.25666
2022-01-24 13:09:11.007480,83.90492,84.54425,85.64968
2022-01-24 13:09:11.503241,84.1636,84.33875,85.64968
2022-01-24 13:09:12.003523,84.47302,84.54425,85.09926
2022-01-24 13:09:12.509674,84.26632,84.85375,85.09926
2022-01-24 13:09:13.000929,83.9569,84.28675,86.19916
2022-01-24 13:09:13.507013,83.80219,84.4935,86.19916
2022-01-24 13:09:14.009753,84.31831,84.59625,85.80614
2022-01-24 13:09:14.506074,83.80219,84.33875,85.80614
2022-01-24 13:09:15.004785,84.36905,84.54425,85.37447
2022-01-24 13:09:15.509945,83.85417,84.02925,85.37447
2022-01-24 13:09:16.003906,84.57575,84.90575,85.84572
2022-01-24 13:09:16.501719,84.1636,84.33875,85.84572
2022-01-24 13:09:17.010153,84.00888,84.85375,85.96354
2022-01-24 13:09:17.506014,84.05963,84.3895,85.96354
2022-01-24 13:09:18.004523,84.11161,84.699,86.23875
2022-01-24 13:09:18.510343,84.11161,84.28675,86.23875
2022-01-24 13:09:19.009145,84.47302,84.751,86.00312
2022-01-24 13:09:19.505152,84.26632,84.751,86.00312
2022-01-24 13:09:20.003711,83.9569,84.23475,85.72791
2022-01-24 13:09:20.509090,84.73046,85.26725,85.72791
2022-01-24 13:09:21.008882,83.85417,84.184,86.08135
2022-01-24 13:09:21.505158,84.11161,84.751,86.08135
2022-01-24 13:09:22.003497,84.00888,84.33875,86.04176
2022-01-24 13:09:22.509482,84.11161,84.64825,86.04176
2022-01-24 13:09:23.007977,84.36905,84.699,85.6101
2022-01-24 13:09:23.504493,84.31831,84.33875,85.6101
2022-01-24 13:09:24.004122,83.85417,84.4415,85.92395
2022-01-24 13:09:24.501998,84.31831,84.54425,85.92395
2022-01-24 13:09:25.003641,84.31831,84.85375,86.51301
2022-01-24 13:09:25.510723,84.21434,84.33875,86.51301
2022-01-24 13:09:26.008600,83.54475,84.184,85.09926
2022-01-24 13:09:26.504166,83.90492,84.28675,85.09926
2022-01-24 13:09:27.002948,84.78245,84.95775,86.00312
2022-01-24 13:09:27.509060,84.00888,84.4415,86.00312
2022-01-24 13:09:28.007600,84.1636,84.33875,85.88531
2022-01-24 13:09:28.503438,83.90492,84.54425,85.88531
2022-01-24 13:09:29.001105,84.26632,84.4415,84.98145
2022-01-24 13:09:29.509272,84.26632,84.95775,84.98145
2022-01-24 13:09:30.009375,83.7502,83.8745,86.5526
2022-01-24 13:09:30.506361,84.57575,84.699,86.5526
2022-01-24 13:09:31.004047,83.80219,84.33875,85.84572
2022-01-24 13:09:31.510206,84.83319,85.0605,85.84572
2022-01-24 13:09:32.010081,83.90492,84.54425,85.72791
2022-01-24 13:09:32.504690,84.31831,84.4415,85.72791
2022-01-24 13:09:33.003130,84.00888,84.64825,86.35656
2022-01-24 13:09:33.510500,83.90492,84.33875,86.35656
2022-01-24 13:09:34.011102,84.31831,84.54425,85.57051
2022-01-24 13:09:34.506335,84.11161,84.54425,85.57051
2022-01-24 13:09:35.003172,84.00888,84.28675,85.92395
2022-01-24 13:09:35.509109,84.1636,84.699,85.92395
2022-01-24 13:09:36.007311,84.47302,84.90575,86.08135
2022-01-24 13:09:36.502296,83.9569,84.4415,86.08135
2022-01-24 13:09:37.011136,84.36905,84.4935,85.6101
2022-01-24 13:09:37.508177,84.05963,84.33875,85.6101
2022-01-24 13:09:38.007165,84.36905,84.751,85.57051
2022-01-24 13:09:38.504323,84.36905,84.64825,85.57051
2022-01-24 13:09:39.002633,83.80219,84.3895,85.4527
2022-01-24 13:09:39.509844,84.42104,84.4935,85.4527
2022-01-24 13:09:40.009634,83.85417,84.54425,85.64968
2022-01-24 13:09:40.506120,84.62773,84.95775,85.64968
2022-01-24 13:09:41.005342,84.00888,84.08,85.80614
2022-01-24 13:09:41.501391,84.1636,84.54425,85.80614
2022-01-24 13:09:42.009928,84.36905,84.4935,86.12093
2022-01-24 13:09:42.506089,84.05963,84.751,86.12093
2022-01-24 13:09:43.005713,84.36905,84.59625,86.19916
2022-01-24 13:09:43.501161,83.90492,84.33875,86.19916
2022-01-24 13:09:44.010393,84.26632,84.54425,85.6101
2022-01-24 13:09:44.507289,83.80219,84.23475,85.6101
2022-01-24 13:09:45.007429,84.52377,84.699,86.63083
2022-01-24 13:09:45.502210,84.36905,84.33875,86.63083
2022-01-24 13:09:46.010920,83.9569,84.3895,85.72791
2022-01-24 13:09:46.508224,84.11161,84.33875,85.72791
2022-01-24 13:09:47.007572,84.1636,84.64825,85.53187
2022-01-24 13:09:47.508034,84.1636,84.4935,85.53187
2022-01-24 13:09:48.006529,83.69946,84.4415,85.80614
2022-01-24 13:09:48.501082,84.1636,84.33875,85.80614
2022-01-24 13:09:49.010000,84.57575,84.4415,85.7675
2022-01-24 13:09:49.506341,84.42104,84.90575,85.7675
2022-01-24 13:09:50.005754,84.26632,84.751,86.67041
2022-01-24 13:09:50.501729,83.49276,83.8745,86.67041
2022-01-24 13:09:51.010418,84.1636,84.4935,85.53187
2022-01-24 13:09:51.505881,84.11161,84.699,85.53187
2022-01-24 13:09:52.005403,84.00888,84.33875,87.21989
2022-01-24 13:09:52.501169,84.1636,84.33875,87.21989
2022-01-24 13:09:53.009864,83.9569,84.33875,85.7675
2022-01-24 13:09:53.504646,84.52377,84.803,85.7675
2022-01-24 13:09:54.003321,84.00888,84.4415,85.64968
2022-01-24 13:09:54.509240,84.36905,84.59625,85.64968
2022-01-24 13:09:55.007167,83.59549,83.97725,86.12093
2022-01-24 13:09:55.502384,84.52377,84.90575,86.12093
2022-01-24 13:09:56.001848,84.52377,84.59625,85.7675
2022-01-24 13:09:56.510919,84.42104,84.85375,85.7675
2022-01-24 13:09:57.009711,84.00888,84.28675,85.49229
2022-01-24 13:09:57.503373,83.90492,84.33875,85.49229
2022-01-24 13:09:58.002287,84.52377,84.85375,86.23875
2022-01-24 13:09:58.508579,83.69946,84.132,86.23875
2022-01-24 13:09:59.007476,84.31831,84.699,85.4527
2022-01-24 13:09:59.502614,83.59549,83.8225,85.4527
2022-01-24 13:10:00.001972,84.47302,85.0085,85.49229
2022-01-24 13:10:00.506724,84.67848,85.0085,85.49229
2022-01-24 13:10:01.004772,84.00888,84.4415,85.84572
2022-01-24 13:10:01.509975,84.42104,84.28675,85.84572
2022-01-24 13:10:02.008322,83.7502,84.132,85.33489
2022-01-24 13:10:02.505418,84.93716,85.318,85.33489
2022-01-24 13:10:03.003376,83.54475,84.08,85.72791
2022-01-24 13:10:03.509376,84.52377,85.0605,85.72791
2022-01-24 13:10:04.008918,84.00888,84.08,85.68833
2022-01-24 13:10:04.504518,84.47302,85.1125,85.68833
2022-01-24 13:10:05.002344,84.36905,84.33875,85.37447
2022-01-24 13:10:05.508753,84.00888,84.23475,85.37447
2022-01-24 13:10:06.007417,84.78245,85.0085,85.29625
2022-01-24 13:10:06.508841,83.33805,83.92525,85.29625
2022-01-24 13:10:07.007121,84.47302,84.85375,85.49229
2022-01-24 13:10:07.503690,83.90492,84.132,85.49229
2022-01-24 13:10:08.001823,84.36905,84.85375,86.31697
2022-01-24 13:10:08.510768,84.42104,84.699,86.31697
2022-01-24 13:10:09.008789,83.90492,84.3895,85.33489
2022-01-24 13:10:09.504118,84.57575,84.803,85.33489
2022-01-24 13:10:10.004061,84.21434,84.59625,85.6101
2022-01-24 13:10:10.509661,84.05963,84.3895,85.6101
2022-01-24 13:10:11.006784,84.21434,84.4935,86.43479
2022-01-24 13:10:11.501759,84.21434,84.699,86.43479
2022-01-24 13:10:12.001736,84.26632,84.4415,86.08135
2022-01-24 13:10:12.508930,83.90492,84.59625,86.08135
2022-01-24 13:10:13.009749,84.00888,84.33875,85.64968
2022-01-24 13:10:13.505270,84.21434,84.699,85.64968
2022-01-24 13:10:14.004559,84.31831,84.59625,85.41406
2022-01-24 13:10:14.501070,84.21434,84.3895,85.41406
2022-01-24 13:10:15.002012,84.11161,84.4935,85.4527
2022-01-24 13:10:15.506755,83.9569,84.23475,85.4527
2022-01-24 13:10:16.005956,84.52377,84.85375,86.78822
2022-01-24 13:10:16.502722,84.11161,84.54425,86.78822
2022-01-24 13:10:17.008687,84.00888,84.4415,85.17843
2022-01-24 13:10:17.505716,84.05963,84.3895,85.17843
2022-01-24 13:10:18.005555,84.21434,84.64825,85.92395
2022-01-24 13:10:18.502656,84.47302,84.90575,85.92395
2022-01-24 13:10:19.003351,84.36905,84.3895,85.21708
2022-01-24 13:10:19.510491,83.90492,84.4415,85.21708
2022-01-24 13:10:20.001043,84.21434,84.54425,86.15958
2022-01-24 13:10:20.506598,84.05963,84.59625,86.15958
2022-01-24 13:10:21.004340,84.73046,85.0605,86.00312
2022-01-24 13:10:21.503531,83.44078,84.08,86.00312
2022-01-24 13:10:22.003440,84.47302,84.95775,85.02104
2022-01-24 13:10:22.509482,84.42104,84.59625,85.02104
2022-01-24 13:10:23.009253,83.90492,84.3895,86.19916
2022-01-24 13:10:23.505190,84.21434,84.64825,86.19916
2022-01-24 13:10:24.003271,83.54475,84.08,85.80614
2022-01-24 13:10:24.508806,84.57575,84.85375,85.80614
2022-01-24 13:10:25.007222,83.90492,84.3895,85.64968
2022-01-24 13:10:25.504247,84.21434,84.54425,85.64968
2022-01-24 13:10:26.004198,84.31831,84.33875,85.33489
2022-01-24 13:10:26.510967,84.31831,84.64825,85.33489
2022-01-24 13:10:27.009085,84.31831,84.59625,85.92395
2022-01-24 13:10:27.505487,83.7502,84.184,85.92395
2022-01-24 13:10:28.002912,84.57575,84.803,85.21708
2022-01-24 13:10:28.509149,83.49276,83.92525,85.21708
2022-01-24 13:10:29.007077,84.83319,85.422,86.04176
2022-01-24 13:10:29.502801,83.80219,83.97725,86.04176
2022-01-24 13:10:30.010991,84.42104,84.64825,85.57051
2022-01-24 13:10:30.506388,84.26632,84.4935,85.57051
2022-01-24 13:10:31.006407,83.80219,84.3895,86.19916
2022-01-24 13:10:31.501935,84.31831,84.64825,86.19916
2022-01-24 13:10:32.010956,83.69946,84.184,85.84572
2022-01-24 13:10:32.507322,84.26632,84.54425,85.84572
2022-01-24 13:10:33.009239,84.36905,84.751,85.13885
2022-01-24 13:10:33.507990,83.80219,84.28675,85.13885
2022-01-24 13:10:34.003854,84.31831,84.3895,85.33489
2022-01-24 13:10:34.503135,84.36905,84.803,85.33489
2022-01-24 13:10:35.007968,84.00888,84.184,85.49229
2022-01-24 13:10:35.504482,84.26632,84.803,85.49229
2022-01-24 13:10:36.009416,84.00888,84.4415,85.33489
2022-01-24 13:10:36.506880,84.11161,84.4415,85.33489
2022-01-24 13:10:37.005869,84.1636,84.4935,86.27739
2022-01-24 13:10:37.502339,83.90492,84.28675,86.27739
2022-01-24 13:10:38.004333,84.26632,84.59625,85.92395
2022-01-24 13:10:38.507490,84.05963,84.3895,85.92395
2022-01-24 13:10:39.002302,84.47302,84.699,86.08135
2022-01-24 13:10:39.508954,83.90492,84.184,86.08135
2022-01-24 13:10:40.003685,84.00888,84.699,85.64968
2022-01-24 13:10:40.504545,83.85417,84.28675,85.64968
2022-01-24 13:10:41.005269,84.26632,84.33875,85.25666
2022-01-24 13:10:41.503908,84.47302,84.85375,85.25666
2022-01-24 13:10:42.001032,83.90492,84.184,86.31697
2022-01-24 13:10:42.506723,84.21434,84.4935,86.31697
2022-01-24 13:10:43.009501,84.31831,84.4415,85.72791
2022-01-24 13:10:43.502719,83.85417,84.59625,85.72791
2022-01-24 13:10:44.003145,83.90492,84.4935,86.19916
2022-01-24 13:10:44.501178,84.42104,84.64825,86.19916
2022-01-24 13:10:45.010320,83.9569,84.23475,85.33489
2022-01-24 13:10:45.507106,84.73046,85.0605,85.33489
2022-01-24 13:10:46.005467,83.44078,83.66775,85.41406
2022-01-24 13:10:46.501416,84.78245,85.21525,85.41406
2022-01-24 13:10:47.002892,83.9569,84.59625,85.37447
2022-01-24 13:10:47.508575,84.11161,84.4415,85.37447
2022-01-24 13:10:48.006768,84.11161,84.28675,86.31697
2022-01-24 13:10:48.502223,83.9569,84.33875,86.31697
2022-01-24 13:10:49.001478,84.62773,84.95775,85.72791
2022-01-24 13:10:49.507522,83.69946,84.184,85.72791
2022-01-24 13:10:50.006697,84.47302,84.803,85.21708
2022-01-24 13:10:50.501117,83.59549,83.92525,85.21708
2022-01-24 13:10:51.009565,84.57575,85.1125,85.88531
2022-01-24 13:10:51.504973,84.31831,84.54425,85.88531
2022-01-24 13:10:52.004309,84.00888,84.132,85.84572
2022-01-24 13:10:52.501738,84.31831,84.4935,85.84572
2022-01-24 13:10:53.001251,83.59549,84.02925,85.02104
2022-01-24 13:10:53.509120,84.73046,85.26725,85.02104
2022-01-24 13:10:54.007113,83.64747,83.97725,86.19916
2022-01-24 13:10:54.502740,84.26632,84.64825,86.19916
2022-01-24 13:10:55.001566,84.11161,84.3895,85.6101
2022-01-24 13:10:55.506696,84.31831,84.64825,85.6101
2022-01-24 13:10:56.004049,84.57575,84.85375,85.29625
2022-01-24 13:10:56.509612,83.85417,83.97725,85.29625
2022-01-24 13:10:57.009769,84.05963,84.33875,85.57051
2022-01-24 13:10:57.503444,83.9569,84.64825,85.57051
2022-01-24 13:10:58.002175,84.21434,84.59625,85.6101
2022-01-24 13:10:58.508593,83.64747,84.132,85.6101
2022-01-24 13:10:59.006749,84.42104,84.699,85.88531
2022-01-24 13:10:59.502725,84.31831,84.28675,85.88531
2022-01-24 13:11:00.009740,84.52377,85.16325,86.47437
2022-01-24 13:11:00.504255,83.85417,84.33875,86.47437
2022-01-24 13:11:01.002443,83.9569,84.23475,85.17843
2022-01-24 13:11:01.508929,84.05963,84.4415,85.17843
2022-01-24 13:11:02.007447,83.85417,84.54425,85.33489
2022-01-24 13:11:02.502634,84.1636,84.3895,85.33489
2022-01-24 13:11:03.010187,84.31831,84.4935,85.7675
2022-01-24 13:11:03.506400,83.90492,84.08,85.7675
2022-01-24 13:11:04.004123,84.00888,84.28675,96.95968
2022-01-24 13:11:04.510997,84.47302,84.85375,96.95968
2022-01-24 13:11:05.001385,83.64747,84.02925,230.71551
2022-01-24 13:11:05.501564,84.00888,84.54425,230.71551
2022-01-24 13:11:06.008000,84.11161,84.184,207.27083
2022-01-24 13:11:06.504877,83.9569,84.184,207.27083
2022-01-24 13:11:07.005375,84.42104,84.59625,122.09239
2022-01-24 13:11:07.501884,83.85417,84.08,122.09239
2022-01-24 13:11:08.010651,84.11161,84.4415,96.135
2022-01-24 13:11:08.509267,83.85417,84.3895,96.135
2022-01-24 13:11:09.001866,83.80219,84.23475,92.75708
2022-01-24 13:11:09.504400,84.21434,84.3895,92.75708
2022-01-24 13:11:10.002759,84.11161,84.33875,91.02947
2022-01-24 13:11:10.506215,83.69946,83.8745,91.02947
2022-01-24 13:11:11.010301,84.67848,84.95775,85.7675
2022-01-24 13:11:11.502079,83.80219,84.33875,85.7675
2022-01-24 13:11:12.010646,84.78245,85.26725,86.94562
2022-01-24 13:11:12.509128,83.59549,84.08,86.94562
2022-01-24 13:11:13.002488,84.26632,84.59625,86.19916
2022-01-24 13:11:13.509278,84.11161,84.699,86.19916
2022-01-24 13:11:14.007939,84.21434,84.4935,85.92395
2022-01-24 13:11:14.504324,84.36905,84.4415,85.92395
2022-01-24 13:11:15.003769,83.44078,83.97725,87.06343
2022-01-24 13:11:15.501311,84.73046,85.21525,87.06343
2022-01-24 13:11:16.010574,83.85417,84.4415,87.06343
2022-01-24 13:11:16.506332,84.62773,85.0085,87.06343
2022-01-24 13:11:17.005438,83.54475,84.02925,85.84572
2022-01-24 13:11:17.504013,84.21434,84.4935,85.84572
2022-01-24 13:11:18.002592,84.62773,84.85375,85.57051
2022-01-24 13:11:18.501739,84.00888,84.4415,85.57051
2022-01-24 13:11:19.001104,84.21434,84.699,85.80614
2022-01-24 13:11:19.507038,83.85417,84.3895,85.80614
2022-01-24 13:11:20.005098,84.67848,85.0605,86.00312
2022-01-24 13:11:20.502032,84.00888,84.59625,86.00312
2022-01-24 13:11:21.003998,84.21434,84.54425,85.92395
2022-01-24 13:11:21.501504,84.05963,84.184,85.92395
2022-01-24 13:11:22.010145,84.1636,84.4415,85.4527
2022-01-24 13:11:22.505726,84.31831,84.85375,85.4527
2022-01-24 13:11:23.005833,83.69946,84.08,85.6101
2022-01-24 13:11:23.502518,84.57575,84.64825,85.6101
2022-01-24 13:11:24.011111,83.59549,84.23475,85.84572
2022-01-24 13:11:24.506364,84.57575,84.95775,85.84572
2022-01-24 13:11:25.005735,84.1636,84.33875,85.92395
2022-01-24 13:11:25.511245,84.26632,84.4935,85.92395
2022-01-24 13:11:26.009656,84.00888,84.184,86.00312
2022-01-24 13:11:26.505083,84.36905,84.95775,86.00312
2022-01-24 13:11:27.004469,84.21434,84.59625,86.51301
2022-01-24 13:11:27.501875,83.9569,84.3895,86.51301
2022-01-24 13:11:28.005613,84.11161,84.28675,85.84572
2022-01-24 13:11:28.503999,84.21434,84.4935,85.84572
2022-01-24 13:11:29.003995,84.42104,84.699,86.19916
2022-01-24 13:11:29.509092,84.00888,84.28675,86.19916
2022-01-24 13:11:30.010647,84.1636,84.54425,85.64968
2022-01-24 13:11:30.508027,84.1636,84.4935,85.64968
2022-01-24 13:11:31.002428,83.7502,84.23475,85.68833
2022-01-24 13:11:31.509133,84.67848,84.95775,85.68833
2022-01-24 13:11:32.009487,84.36905,84.59625,86.27739
2022-01-24 13:11:32.506725,83.9569,84.33875,86.27739
2022-01-24 13:11:33.008691,84.26632,84.751,86.31697
2022-01-24 13:11:33.510985,83.59549,84.132,86.31697
2022-01-24 13:11:34.010829,84.47302,84.85375,85.21708
2022-01-24 13:11:34.505864,84.00888,84.3895,85.21708
2022-01-24 13:11:35.004500,84.26632,84.54425,86.00312
2022-01-24 13:11:35.510413,84.11161,84.64825,86.00312
2022-01-24 13:11:36.008398,84.1636,84.23475,85.72791
2022-01-24 13:11:36.503877,84.78245,84.751,85.72791
2022-01-24 13:11:37.002874,83.85417,84.33875,84.98145
2022-01-24 13:11:37.509735,84.26632,84.699,84.98145
2022-01-24 13:11:38.008115,84.00888,84.33875,85.7675
2022-01-24 13:11:38.504944,84.26632,84.54425,85.7675
2022-01-24 13:11:39.003709,83.49276,84.132,85.49229
2022-01-24 13:11:39.509745,84.62773,84.803,85.49229
2022-01-24 13:11:40.007880,84.47302,84.4415,85.17843
2022-01-24 13:11:40.504478,84.21434,84.4935,85.17843
2022-01-24 13:11:41.003070,84.88517,85.16325,86.19916
2022-01-24 13:11:41.509311,83.33805,83.71975,86.19916
2022-01-24 13:11:42.008656,84.31831,84.59625,85.17843
2022-01-24 13:11:42.502823,83.90492,84.4935,85.17843
2022-01-24 13:11:43.001432,84.42104,84.4935,85.57051
2022-01-24 13:11:43.507922,84.26632,84.4935,85.57051
2022-01-24 13:11:44.006233,84.1636,84.4415,85.68833
2022-01-24 13:11:44.502549,84.26632,84.699,85.68833
2022-01-24 13:11:45.010392,84.26632,84.64825,85.72791
2022-01-24 13:11:45.505166,84.26632,84.4415,85.72791
2022-01-24 13:11:46.002908,83.64747,84.184,86.23875
2022-01-24 13:11:46.507634,84.36905,84.803,86.23875
2022-01-24 13:11:47.005337,84.05963,84.4415,85.7675
2022-01-24 13:11:47.502775,84.42104,84.4935,85.7675
2022-01-24 13:11:48.003059,84.11161,84.28675,85.68833
2022-01-24 13:11:48.508644,84.05963,84.85375,85.68833
2022-01-24 13:11:49.007086,84.36905,84.59625,85.25666
2022-01-24 13:11:49.504728,83.85417,84.33875,85.25666
2022-01-24 13:11:50.002443,84.21434,84.33875,85.80614
2022-01-24 13:11:50.507850,83.90492,84.3895,85.80614
2022-01-24 13:11:51.007340,84.62773,84.95775,85.72791
2022-01-24 13:11:51.502016,83.9569,84.23475,85.72791
2022-01-24 13:11:52.009697,84.42104,84.699,85.49229
2022-01-24 13:11:52.506478,84.00888,84.54425,85.49229
2022-01-24 13:11:53.004984,84.05963,84.59625,85.49229
2022-01-24 13:11:53.501253,84.26632,84.33875,85.49229
2022-01-24 13:11:54.010169,83.39003,83.97725,86.31697
2022-01-24 13:11:54.506399,84.52377,84.803,86.31697
2022-01-24 13:11:55.004569,84.26632,84.64825,86.3952
2022-01-24 13:11:55.509807,84.00888,84.4415,86.3952
2022-01-24 13:11:56.007804,84.57575,84.751,85.4527
2022-01-24 13:11:56.503926,83.90492,84.4415,85.4527
2022-01-24 13:11:57.002837,84.42104,84.54425,85.68833
2022-01-24 13:11:57.508060,84.42104,85.1125,85.68833
2022-01-24 13:11:58.006663,83.7502,83.8745,86.23875
2022-01-24 13:11:58.502841,84.47302,84.85375,86.23875
2022-01-24 13:11:59.001993,84.00888,84.4415,85.17843
2022-01-24 13:11:59.507636,84.47302,84.85375,85.17843
2022-01-24 13:12:00.005450,84.31831,84.59625,86.67041
2022-01-24 13:12:00.502020,84.1636,84.33875,86.67041
2022-01-24 13:12:01.010001,84.26632,84.751,85.72791
2022-01-24 13:12:01.505434,84.47302,84.751,85.72791
2022-01-24 13:12:02.004334,84.11161,84.699,85.64968
2022-01-24 13:12:02.501120,84.00888,84.3895,85.64968
2022-01-24 13:12:03.010574,84.11161,84.3895,85.96354
2022-01-24 13:12:03.508912,84.00888,84.54425,85.96354
2022-01-24 13:12:04.006930,84.47302,84.699,86.04176
2022-01-24 13:12:04.504292,83.7502,84.3895,86.04176
2022-01-24 13:12:05.003295,84.1636,84.33875,85.64968
2022-01-24 13:12:05.509104,84.52377,84.90575,85.64968
2022-01-24 13:12:06.007624,84.1636,84.59625,85.84572
2022-01-24 13:12:06.502724,84.11161,84.64825,85.84572
2022-01-24 13:12:07.001183,84.00888,84.4415,85.4527
2022-01-24 13:12:07.507491,84.47302,84.699,85.4527
2022-01-24 13:12:08.005774,83.7502,84.23475,85.37447
2022-01-24 13:12:08.501559,84.11161,84.4415,85.37447
2022-01-24 13:12:09.504730,84.36905,84.64825,86.78822
2022-01-24 13:12:10.002816,84.11161,84.132,85.57051
2022-01-24 13:12:10.507055,84.00888,84.59625,85.57051
2022-01-24 13:12:11.004121,84.42104,84.59625,86.00312
2022-01-24 13:12:11.509412,84.31831,84.803,86.00312
2022-01-24 13:12:12.008024,84.11161,84.23475,86.19916
2022-01-24 13:12:12.505203,83.54475,84.132,86.19916
2022-01-24 13:12:13.004143,84.73046,84.90575,85.92395
2022-01-24 13:12:13.501786,84.36905,84.4415,85.92395
2022-01-24 13:12:14.011099,84.26632,84.64825,85.37447
2022-01-24 13:12:14.506872,83.85417,84.08,85.37447
2022-01-24 13:12:15.007688,84.21434,84.751,85.41406
2022-01-24 13:12:15.503823,84.36905,84.64825,85.41406
2022-01-24 13:12:16.001841,83.80219,84.54425,85.7675
2022-01-24 13:12:16.507339,84.36905,84.54425,85.7675
2022-01-24 13:12:17.007250,84.21434,84.54425,85.64968
2022-01-24 13:12:17.503146,84.11161,84.3895,85.64968
2022-01-24 13:12:18.002804,84.57575,84.90575,85.80614
2022-01-24 13:12:18.508759,83.59549,84.02925,85.80614
2022-01-24 13:12:19.008539,84.47302,84.751,85.92395
2022-01-24 13:12:19.505773,83.64747,84.4415,85.92395
2022-01-24 13:12:20.004009,84.21434,84.59625,85.57051
2022-01-24 13:12:20.509933,84.73046,84.95775,85.57051
2022-01-24 13:12:21.008101,83.85417,84.132,85.7675
2022-01-24 13:12:21.504240,84.67848,84.90575,85.7675
2022-01-24 13:12:22.001899,84.47302,84.85375,85.80614
2022-01-24 13:12:22.506943,83.7502,83.92525,85.80614
2022-01-24 13:12:23.006734,84.1636,84.699,85.57051
2022-01-24 13:12:23.502556,83.59549,83.92525,85.57051
2022-01-24 13:12:24.010855,84.83319,85.16325,85.49229
2022-01-24 13:12:24.506768,83.9569,84.132,85.49229
2022-01-24 13:12:25.003942,84.21434,84.4935,85.96354
2022-01-24 13:12:25.501060,84.05963,84.59625,85.96354
2022-01-24 13:12:26.006127,84.67848,84.699,86.90604
2022-01-24 13:12:26.501771,83.80219,84.33875,86.90604
2022-01-24 13:12:27.011284,84.36905,84.4935,85.72791
2022-01-24 13:12:27.509489,83.90492,84.33875,85.72791
2022-01-24 13:12:28.008511,84.11161,84.184,85.37447
2022-01-24 13:12:28.503401,84.73046,84.90575,85.37447
2022-01-24 13:12:29.002423,83.69946,84.28675,85.57051
2022-01-24 13:12:29.509341,84.42104,84.64825,85.57051
2022-01-24 13:12:30.008922,84.05963,84.54425,85.25666
2022-01-24 13:12:30.504541,84.05963,84.33875,85.25666
2022-01-24 13:12:31.004157,83.9569,84.4415,86.19916
2022-01-24 13:12:31.510842,84.26632,84.3895,86.19916
2022-01-24 13:12:32.010171,84.42104,84.54425,85.68833
2022-01-24 13:12:32.506351,83.80219,84.23475,85.68833
2022-01-24 13:12:33.003048,84.36905,84.64825,85.17843
2022-01-24 13:12:33.507530,84.11161,84.59625,85.17843
2022-01-24 13:12:34.005814,84.57575,84.751,85.80614
2022-01-24 13:12:34.501312,83.54475,84.23475,85.80614
2022-01-24 13:12:35.009477,84.47302,84.699,85.37447
2022-01-24 13:12:35.504807,84.31831,84.4935,85.37447
2022-01-24 13:12:36.002496,83.9569,84.4935,85.84572
2022-01-24 13:12:36.510563,84.47302,84.64825,85.84572
2022-01-24 13:12:37.008182,83.54475,83.97725,85.64968
2022-01-24 13:12:37.504152,84.62773,84.90575,85.64968
2022-01-24 13:12:38.002705,83.85417,84.54425,85.21708
2022-01-24 13:12:38.509684,84.93716,85.0605,85.21708
2022-01-24 13:12:39.008683,83.69946,83.92525,85.88531
2022-01-24 13:12:39.506379,84.31831,84.751,85.88531
2022-01-24 13:12:40.004819,84.05963,84.4415,85.80614
2022-01-24 13:12:40.501074,84.00888,84.54425,85.80614
2022-01-24 13:12:41.001296,84.62773,84.54425,85.37447
2022-01-24 13:12:41.509817,83.7502,84.4935,85.37447
2022-01-24 13:12:42.010777,84.21434,84.54425,85.25666
2022-01-24 13:12:42.506336,84.57575,84.90575,85.25666
2022-01-24 13:12:43.003760,83.90492,84.02925,86.12093
2022-01-24 13:12:43.510201,84.47302,84.64825,86.12093
2022-01-24 13:12:44.007114,83.7502,84.33875,85.49229
2022-01-24 13:12:44.510692,84.47302,84.699,85.49229
2022-01-24 13:12:45.007461,84.05963,84.699,85.68833
2022-01-24 13:12:45.504194,84.26632,84.699,85.68833
2022-01-24 13:12:46.002547,84.1636,84.4935,85.29625
2022-01-24 13:12:46.507646,84.57575,84.85375,85.29625
2022-01-24 13:12:47.006881,84.31831,84.4415,86.5526
2022-01-24 13:12:47.501799,83.85417,84.23475,86.5526
2022-01-24 13:12:48.010296,84.11161,84.33875,85.41406
2022-01-24 13:12:48.505678,83.90492,84.64825,85.41406
2022-01-24 13:12:49.003913,84.1636,84.33875,85.33489
2022-01-24 13:12:49.510963,83.69946,84.4415,85.33489
2022-01-24 13:12:50.001118,84.47302,84.751,85.64968
2022-01-24 13:12:50.508100,84.42104,84.4935,85.64968
2022-01-24 13:12:51.007276,83.80219,84.3895,85.80614
2022-01-24 13:12:51.501826,84.26632,84.23475,85.80614
2022-01-24 13:12:52.002419,83.9569,84.4415,85.17843
2022-01-24 13:12:52.507081,84.42104,84.90575,85.17843
2022-01-24 13:12:53.006963,83.69946,84.4415,85.29625
2022-01-24 13:12:53.503809,84.1636,84.33875,85.29625
2022-01-24 13:12:54.004656,84.36905,84.3895,86.08135
2022-01-24 13:12:54.501485,84.26632,84.803,86.08135
2022-01-24 13:12:55.009870,84.52377,84.803,85.49229
2022-01-24 13:12:55.507440,83.54475,84.184,85.49229
2022-01-24 13:12:56.004897,84.57575,84.85375,85.49229
2022-01-24 13:12:56.501171,83.54475,84.184,85.49229
2022-01-24 13:12:57.010437,84.78245,84.803,85.57051
2022-01-24 13:12:57.507550,83.80219,83.97725,85.57051
2022-01-24 13:12:58.006970,84.62773,84.85375,84.94281
2022-01-24 13:12:58.502733,84.21434,84.33875,84.94281
2022-01-24 13:12:59.001377,84.05963,84.64825,86.43479
2022-01-24 13:12:59.509038,84.21434,84.699,86.43479
2022-01-24 13:13:00.006493,83.49276,84.184,85.41406
2022-01-24 13:13:00.503928,84.26632,84.54425,85.41406
2022-01-24 13:13:01.003575,84.36905,84.3895,84.98145
2022-01-24 13:13:01.501067,84.21434,84.4935,84.98145
2022-01-24 13:13:02.008991,84.1636,84.23475,85.57051
2022-01-24 13:13:02.506721,84.11161,84.64825,85.57051
2022-01-24 13:13:03.005555,84.67848,84.90575,85.57051
2022-01-24 13:13:03.511172,83.7502,84.33875,85.57051
2022-01-24 13:13:04.010936,84.21434,84.4935,85.7675
2022-01-24 13:13:04.507427,83.69946,84.132,85.7675
2022-01-24 13:13:05.007495,84.67848,84.95775,85.84572
2022-01-24 13:13:05.504708,84.1636,84.33875,85.84572
2022-01-24 13:13:06.002631,84.11161,84.803,85.13885
2022-01-24 13:13:06.508043,83.80219,84.184,85.13885
2022-01-24 13:13:07.009173,84.31831,84.85375,85.64968
2022-01-24 13:13:07.504267,84.11161,84.28675,85.64968
2022-01-24 13:13:08.003756,83.90492,84.3895,85.64968
2022-01-24 13:13:08.509457,84.1636,84.59625,85.64968
2022-01-24 13:13:09.007289,84.26632,84.4935,85.37447
2022-01-24 13:13:09.503131,84.31831,84.751,85.37447
2022-01-24 13:13:10.002131,83.80219,84.08,86.12093
2022-01-24 13:13:10.506945,84.52377,85.1125,86.12093
2022-01-24 13:13:11.001292,83.9569,84.23475,85.84572
2022-01-24 13:13:11.510309,84.05963,84.59625,85.84572
2022-01-24 13:13:12.007942,84.11161,84.28675,85.09926
2022-01-24 13:13:12.506148,84.42104,84.59625,85.09926
2022-01-24 13:13:13.005117,84.26632,84.85375,85.4527
2022-01-24 13:13:13.501274,83.9569,84.23475,85.4527
2022-01-24 13:13:14.010115,84.1636,84.64825,85.6101
2022-01-24 13:13:14.505063,84.26632,84.4415,85.6101
2022-01-24 13:13:15.004153,84.00888,84.64825,85.88531
2022-01-24 13:13:15.509900,84.31831,84.59625,85.88531
2022-01-24 13:13:16.010020,84.1636,84.184,86.19916
2022-01-24 13:13:16.505767,84.21434,84.699,86.19916
2022-01-24 13:13:17.004931,84.21434,84.4935,85.92395
2022-01-24 13:13:17.501127,84.1636,84.751,85.92395
2022-01-24 13:13:18.001565,84.05963,84.33875,85.96354
2022-01-24 13:13:18.507983,84.05963,84.4935,85.96354
2022-01-24 13:13:19.006781,84.36905,84.803,85.37447
2022-01-24 13:13:19.502965,84.31831,84.54425,85.37447
2022-01-24 13:13:20.001444,84.05963,84.33875,86.04176
2022-01-24 13:13:20.510975,84.1636,84.4935,86.04176
2022-01-24 13:13:21.505453,84.62773,84.751,85.21708
2022-01-24 13:13:22.005151,83.59549,84.132,85.88531
2022-01-24 13:13:22.501879,84.62773,84.85375,85.88531
2022-01-24 13:13:23.001047,84.05963,84.23475,85.29625
2022-01-24 13:13:23.506810,84.52377,84.90575,85.29625
2022-01-24 13:13:24.005543,84.36905,84.4415,86.00312
2022-01-24 13:13:24.502081,83.90492,84.64825,86.00312
2022-01-24 13:13:25.010262,84.21434,84.28675,85.96354
2022-01-24 13:13:25.505774,83.90492,84.28675,85.96354
2022-01-24 13:13:26.006001,84.26632,84.54425,85.33489
2022-01-24 13:13:26.502774,83.28607,83.71975,85.33489
2022-01-24 13:13:27.010881,84.47302,84.4415,231.77583
2022-01-24 13:13:27.507375,84.11161,84.08,231.77583
2022-01-24 13:13:28.006974,84.26632,84.90575,216.49979
2022-01-24 13:13:28.502857,83.90492,84.08,216.49979
2022-01-24 13:13:29.002314,83.90492,84.28675,157.90739
2022-01-24 13:13:29.507887,84.26632,84.28675,157.90739
2022-01-24 13:13:30.005944,83.59549,84.23475,96.37062
2022-01-24 13:13:30.502689,84.52377,84.803,96.37062
2022-01-24 13:13:31.003164,83.69946,83.71975,94.28864
2022-01-24 13:13:31.507503,84.62773,85.0605,94.28864
2022-01-24 13:13:32.008359,84.05963,84.23475,94.36781
2022-01-24 13:13:32.505755,83.9569,84.33875,94.36781
2022-01-24 13:13:33.003398,84.21434,84.4415,88.00593
2022-01-24 13:13:33.508683,84.11161,84.803,88.00593
2022-01-24 13:13:34.006582,84.1636,84.23475,86.5526
2022-01-24 13:13:34.504659,84.1636,84.23475,86.5526
2022-01-24 13:13:35.003982,84.36905,84.95775,86.47437
2022-01-24 13:13:35.508691,84.05963,84.4415,86.47437
2022-01-24 13:13:36.006790,84.47302,84.95775,86.15958
2022-01-24 13:13:36.504118,84.1636,84.28675,86.15958
2022-01-24 13:13:37.002944,84.11161,84.751,85.72791
2022-01-24 13:13:37.508217,84.00888,84.4415,85.72791
2022-01-24 13:13:38.007038,84.26632,84.4935,86.31697
2022-01-24 13:13:38.502951,84.00888,84.23475,86.31697
2022-01-24 13:13:39.002033,84.42104,84.699,85.92395
2022-01-24 13:13:39.508237,83.90492,84.54425,85.92395
2022-01-24 13:13:40.006799,84.36905,84.64825,85.88531
2022-01-24 13:13:40.502288,84.00888,84.54425,85.88531
2022-01-24 13:13:41.009775,84.11161,84.59625,85.92395
2022-01-24 13:13:41.505064,83.85417,84.184,85.92395
2022-01-24 13:13:42.004038,84.42104,84.751,85.06062
2022-01-24 13:13:42.510308,84.47302,84.699,85.06062
2022-01-24 13:13:43.007135,84.00888,84.54425,86.00312
2022-01-24 13:13:43.506114,84.00888,84.33875,86.00312
2022-01-24 13:13:44.004162,84.31831,84.90575,85.57051
2022-01-24 13:13:44.511223,84.47302,84.803,85.57051
2022-01-24 13:13:45.004871,83.69946,84.132,85.80614
2022-01-24 13:13:45.502214,84.26632,84.751,85.80614
2022-01-24 13:13:46.010652,84.36905,84.64825,85.4527
2022-01-24 13:13:46.508049,84.11161,84.85375,85.4527
2022-01-24 13:13:47.007224,84.11161,84.28675,85.68833
2022-01-24 13:13:47.502745,83.69946,84.08,85.68833
2022-01-24 13:13:48.010854,84.26632,84.59625,85.57051
2022-01-24 13:13:48.504374,83.59549,84.184,85.57051
2022-01-24 13:13:49.005264,84.62773,84.803,85.6101
2022-01-24 13:13:49.507249,83.9569,84.184,85.6101
2022-01-24 13:13:50.004462,84.1636,84.699,85.29625
2022-01-24 13:13:50.509535,84.05963,84.3895,85.29625
2022-01-24 13:13:51.010249,83.49276,84.08,85.96354
2022-01-24 13:13:51.506960,84.67848,85.0085,85.96354
2022-01-24 13:13:52.008599,84.05963,84.59625,87.14166
2022-01-24 13:13:52.505032,84.31831,84.64825,87.14166
2022-01-24 13:13:53.004014,84.05963,84.28675,86.27739
2022-01-24 13:13:53.509412,84.26632,84.699,86.27739
2022-01-24 13:13:54.007084,84.26632,84.4415,84.98145
2022-01-24 13:13:54.501868,84.11161,84.699,84.98145
2022-01-24 13:13:55.009752,84.11161,84.54425,85.37447
2022-01-24 13:13:55.504833,83.9569,84.3895,85.37447
2022-01-24 13:13:56.002747,84.47302,84.95775,85.49229
2022-01-24 13:13:56.509003,84.36905,84.59625,85.49229
2022-01-24 13:13:57.007498,84.11161,84.54425,85.6101
2022-01-24 13:13:57.502782,84.00888,84.33875,85.6101
2022-01-24 13:13:58.010709,84.1636,84.59625,86.08135
2022-01-24 13:13:58.508221,84.21434,84.59625,86.08135
2022-01-24 13:13:59.007098,84.05963,84.54425,86.35656
2022-01-24 13:13:59.503462,84.05963,84.4935,86.35656
2022-01-24 13:14:00.002507,84.21434,84.59625,85.57051
2022-01-24 13:14:00.508710,84.52377,85.1125,85.57051
2022-01-24 13:14:01.007961,84.26632,84.3895,86.15958
2022-01-24 13:14:01.503735,84.11161,84.699,86.15958
2022-01-24 13:14:02.002034,83.9569,84.3895,85.57051
2022-01-24 13:14:02.508399,84.26632,84.59625,85.57051
2022-01-24 13:14:03.006836,84.47302,84.85375,85.84572
2022-01-24 13:14:03.501134,83.64747,84.184,85.84572
2022-01-24 13:14:04.010439,84.11161,84.699,85.64968
2022-01-24 13:14:04.504172,84.57575,84.85375,85.64968
2022-01-24 13:14:05.002742,84.00888,84.4415,85.80614
2022-01-24 13:14:05.502264,84.11161,84.4935,85.80614
2022-01-24 13:14:06.008043,84.00888,84.4935,85.57051
2022-01-24 13:14:06.504557,84.00888,84.4415,85.57051
2022-01-24 13:14:07.004412,84.11161,84.59625,85.41406
2022-01-24 13:14:07.508622,84.26632,84.699,85.41406
2022-01-24 13:14:08.006459,84.11161,84.23475,85.33489
2022-01-24 13:14:08.501857,84.31831,84.85375,85.33489
2022-01-24 13:14:09.011607,84.11161,84.3895,86.04176
2022-01-24 13:14:09.503597,83.69946,84.08,86.04176
2022-01-24 13:14:10.002714,84.83319,85.21525,85.41406
2022-01-24 13:14:10.509875,83.44078,83.92525,85.41406
2022-01-24 13:14:11.005215,84.57575,85.0605,85.84572
2022-01-24 13:14:11.501909,84.00888,84.23475,85.84572
2022-01-24 13:14:12.010682,84.11161,84.59625,85.72791
2022-01-24 13:14:12.506478,84.78245,85.0085,85.72791
2022-01-24 13:14:13.004680,83.49276,83.92525,85.6101
2022-01-24 13:14:13.510188,84.52377,84.751,85.6101
2022-01-24 13:14:14.009005,83.59549,84.23475,85.6101
2022-01-24 13:14:14.503657,84.36905,85.0605,85.6101
2022-01-24 13:14:15.002052,84.00888,84.33875,85.80614
2022-01-24 13:14:15.507496,84.26632,84.4935,85.80614
2022-01-24 13:14:16.008448,84.31831,84.4935,85.41406
2022-01-24 13:14:16.503539,84.26632,84.90575,85.41406
2022-01-24 13:14:17.002752,84.26632,84.59625,86.04176
2022-01-24 13:14:17.509732,83.69946,84.184,86.04176
2022-01-24 13:14:18.007931,84.47302,84.751,84.94281
2022-01-24 13:14:18.505273,83.90492,84.33875,84.94281
2022-01-24 13:14:19.003374,84.36905,84.803,86.3952
2022-01-24 13:14:19.510363,84.05963,84.28675,86.3952
2022-01-24 13:14:20.008029,84.00888,84.4935,85.64968
2022-01-24 13:14:20.503475,84.36905,84.54425,85.64968
2022-01-24 13:14:21.002224,84.26632,84.85375,85.41406
2022-01-24 13:14:21.508117,84.26632,84.751,85.41406
2022-01-24 13:14:22.006591,83.54475,84.132,86.27739
2022-01-24 13:14:22.502729,84.52377,84.751,86.27739
2022-01-24 13:14:23.002262,84.31831,84.4415,86.19916
2022-01-24 13:14:23.507527,84.31831,84.95775,86.19916
2022-01-24 13:14:24.004854,83.7502,84.02925,85.21708
2022-01-24 13:14:25.004354,84.42104,84.751,85.41406
2022-01-24 13:14:25.510794,84.11161,84.699,85.41406
2022-01-24 13:14:26.009381,84.1636,84.4935,85.72791
2022-01-24 13:14:26.506101,84.05963,84.08,85.72791
2022-01-24 13:14:27.005042,84.21434,84.64825,85.57051
2022-01-24 13:14:27.502539,84.47302,84.803,85.57051
2022-01-24 13:14:28.002082,83.7502,83.97725,85.80614
2022-01-24 13:14:28.508101,84.31831,84.751,85.80614
2022-01-24 13:14:29.004892,83.7502,84.23475,85.33489
2022-01-24 13:14:29.501142,84.47302,84.64825,85.33489
2022-01-24 13:14:30.009630,84.31831,84.54425,86.15958
2022-01-24 13:14:30.505731,84.05963,84.3895,86.15958
2022-01-24 13:14:31.003964,84.11161,84.4415,85.57051
2022-01-24 13:14:31.509165,83.90492,84.33875,85.57051
2022-01-24 13:14:32.008007,84.57575,84.95775,85.53187
2022-01-24 13:14:32.504936,83.7502,84.23475,85.53187
2022-01-24 13:14:33.003205,84.47302,84.803,86.31697
2022-01-24 13:14:33.508706,84.05963,84.28675,86.31697
2022-01-24 13:14:34.001190,84.21434,84.28675,85.57051
2022-01-24 13:14:34.507036,84.52377,84.95775,85.57051
2022-01-24 13:14:35.004442,83.49276,84.08,85.49229
2022-01-24 13:14:35.502484,84.36905,85.0085,85.49229
2022-01-24 13:14:36.001187,83.69946,84.132,85.53187
2022-01-24 13:14:36.508310,84.67848,85.0605,85.53187
2022-01-24 13:14:37.006957,84.00888,84.28675,85.7675
2022-01-24 13:14:37.502098,84.00888,84.4935,85.7675
2022-01-24 13:14:38.007088,84.52377,84.59625,85.13885
2022-01-24 13:14:38.502847,84.05963,84.23475,85.13885
2022-01-24 13:14:39.001513,84.05963,84.54425,85.88531
2022-01-24 13:14:39.506540,83.9569,84.59625,85.88531
2022-01-24 13:14:40.004339,84.47302,84.751,85.72791
2022-01-24 13:14:40.503160,83.7502,84.132,85.72791
2022-01-24 13:14:41.001719,84.62773,85.0605,85.96354
2022-01-24 13:14:41.507203,84.00888,84.23475,85.96354
2022-01-24 13:14:42.005073,84.21434,84.4415,86.08135
2022-01-24 13:14:42.509698,84.05963,84.3895,86.08135
2022-01-24 13:14:43.009158,84.05963,84.3895,85.13885
2022-01-24 13:14:43.503877,84.57575,85.0085,85.13885
2022-01-24 13:14:44.003878,83.7502,84.3895,85.68833
2022-01-24 13:14:44.501129,84.1636,84.3895,85.68833
2022-01-24 13:14:45.001441,84.11161,84.132,85.64968
2022-01-24 13:14:45.507611,84.57575,85.0085,85.64968
2022-01-24 13:14:46.006619,84.21434,84.4415,85.6101
2022-01-24 13:14:46.502845,84.11161,84.59625,85.6101
2022-01-24 13:14:47.002596,83.9569,84.23475,85.25666
2022-01-24 13:14:47.508402,84.26632,84.751,85.25666
2022-01-24 13:14:48.010400,84.67848,85.0085,86.12093
2022-01-24 13:14:48.505562,83.80219,84.02925,86.12093
2022-01-24 13:14:49.003856,84.57575,84.751,85.41406
2022-01-24 13:14:49.510260,83.90492,84.184,85.41406
2022-01-24 13:14:50.009018,84.26632,84.751,85.72791
2022-01-24 13:14:50.506113,84.11161,84.54425,85.72791
2022-01-24 13:14:51.004875,83.69946,84.184,86.23875
2022-01-24 13:14:51.501294,84.31831,84.64825,86.23875
2022-01-24 13:14:52.009898,84.52377,84.751,85.25666
2022-01-24 13:14:52.505374,84.11161,84.28675,85.25666
2022-01-24 13:14:53.004169,84.21434,84.4935,85.7675
2022-01-24 13:14:53.509192,84.1636,84.4935,85.7675
2022-01-24 13:14:54.006660,84.36905,84.85375,85.96354
2022-01-24 13:14:54.502596,84.1636,84.59625,85.96354
2022-01-24 13:14:55.001763,84.00888,84.4415,85.80614
2022-01-24 13:14:55.507597,84.00888,84.59625,85.80614
2022-01-24 13:14:56.006804,84.21434,84.28675,86.08135
2022-01-24 13:14:56.501757,84.42104,84.59625,86.08135
2022-01-24 13:14:57.001799,83.85417,84.184,85.68833
2022-01-24 13:14:57.506757,84.62773,85.1125,85.68833
2022-01-24 13:14:58.005881,83.80219,84.23475,85.68833
2022-01-24 13:14:58.501670,84.36905,84.4935,85.68833
2022-01-24 13:14:59.009233,84.11161,84.4415,85.68833
2022-01-24 13:14:59.508703,83.80219,84.08,85.68833
2022-01-24 13:15:00.005478,84.88517,85.0085,85.64968
2022-01-24 13:15:00.501282,83.7502,84.23475,85.64968
2022-01-24 13:15:01.009396,84.1636,84.4935,85.29625
2022-01-24 13:15:01.505723,84.05963,84.64825,85.29625
2022-01-24 13:15:02.003964,84.21434,84.4415,86.04176
2022-01-24 13:15:02.501501,84.1636,84.54425,86.04176
2022-01-24 13:15:03.010918,84.47302,84.4935,85.53187
2022-01-24 13:15:03.501305,84.21434,84.33875,85.53187
2022-01-24 13:15:04.010739,84.31831,84.85375,86.15958
2022-01-24 13:15:04.507411,84.31831,84.90575,86.15958
2022-01-24 13:15:05.005988,83.80219,84.33875,85.84572
2022-01-24 13:15:05.504929,84.62773,84.95775,85.84572
2022-01-24 13:15:06.002691,83.49276,84.28675,84.98145
2022-01-24 13:15:06.509738,84.57575,84.699,84.98145
2022-01-24 13:15:07.009571,84.21434,84.33875,86.63083
2022-01-24 13:15:07.506283,84.1636,84.4415,86.63083
2022-01-24 13:15:08.005104,84.1636,84.751,85.49229
2022-01-24 13:15:08.510618,84.11161,84.803,85.49229
2022-01-24 13:15:09.009436,84.31831,84.54425,85.57051
2022-01-24 13:15:09.506738,83.90492,84.3895,85.57051
2022-01-24 13:15:10.005109,84.21434,84.4415,86.15958
2022-01-24 13:15:10.508719,84.42104,84.751,86.15958
2022-01-24 13:15:11.005019,84.1636,84.33875,85.96354
2022-01-24 13:15:11.501187,84.11161,84.4935,85.96354
2022-01-24 13:15:12.010367,84.21434,84.751,85.64968
2022-01-24 13:15:12.506809,84.11161,84.59625,85.64968
2022-01-24 13:15:13.004814,83.85417,84.23475,85.92395
2022-01-24 13:15:13.509813,84.36905,84.699,85.92395
2022-01-24 13:15:14.009138,84.42104,84.751,85.7675
2022-01-24 13:15:14.504402,84.00888,84.33875,85.7675
2022-01-24 13:15:15.002864,84.11161,84.3895,86.00312
2022-01-24 13:15:15.509774,83.9569,84.28675,86.00312
2022-01-24 13:15:16.008533,84.52377,84.85375,85.6101
2022-01-24 13:15:16.506389,84.21434,84.803,85.6101
2022-01-24 13:15:17.005017,83.9569,84.184,85.41406
2022-01-24 13:15:17.502356,84.26632,84.699,85.41406
2022-01-24 13:15:18.001689,84.11161,84.33875,85.6101
2022-01-24 13:15:18.507166,84.93716,85.318,85.6101
2022-01-24 13:15:19.005389,83.54475,83.92525,86.71
2022-01-24 13:15:19.501670,84.36905,84.85375,86.71
2022-01-24 13:15:20.009724,83.90492,84.33875,85.37447
2022-01-24 13:15:20.506515,84.52377,84.751,85.37447
2022-01-24 13:15:21.004212,83.9569,84.64825,85.06062
2022-01-24 13:15:21.501994,83.9569,84.28675,85.06062
2022-01-24 13:15:22.010593,84.62773,84.803,85.25666
2022-01-24 13:15:22.506460,83.85417,84.4415,85.25666
2022-01-24 13:15:23.004982,84.9879,85.318,85.80614
2022-01-24 13:15:23.510776,83.85417,84.23475,85.80614
2022-01-24 13:15:24.009183,84.1636,84.4415,86.12093
2022-01-24 13:15:24.504884,84.05963,84.751,86.12093
2022-01-24 13:15:25.004062,84.05963,84.28675,85.72791
2022-01-24 13:15:25.501487,84.11161,84.3895,85.72791
2022-01-24 13:15:26.010680,83.85417,84.184,85.68833
2022-01-24 13:15:26.506495,84.21434,84.64825,85.68833
2022-01-24 13:15:27.004340,84.31831,84.59625,86.23875
2022-01-24 13:15:28.005739,83.44078,83.92525,85.57051
2022-01-24 13:15:28.502245,84.73046,84.95775,85.57051
2022-01-24 13:15:29.010563,84.11161,84.33875,86.00312
2022-01-24 13:15:29.507059,84.26632,84.54425,86.00312
2022-01-24 13:15:30.004883,84.47302,84.85375,86.15958
2022-01-24 13:15:30.510234,83.39003,84.02925,86.15958
2022-01-24 13:15:31.010727,84.93716,85.0085,85.4527
2022-01-24 13:15:31.506488,83.59549,84.132,85.4527
2022-01-24 13:15:32.003865,84.57575,84.90575,85.92395
2022-01-24 13:15:32.510913,83.80219,84.184,85.92395
2022-01-24 13:15:33.009677,84.31831,84.64825,85.7675
2022-01-24 13:15:33.504990,84.11161,84.28675,85.7675
2022-01-24 13:15:34.005195,84.11161,84.59625,85.29625
2022-01-24 13:15:34.510823,84.00888,84.4935,85.29625
2022-01-24 13:15:35.002439,83.80219,84.28675,86.82781
2022-01-24 13:15:35.508799,84.57575,84.699,86.82781
2022-01-24 13:15:36.008512,83.90492,84.33875,85.6101
2022-01-24 13:15:36.504096,84.57575,85.0085,85.6101
2022-01-24 13:15:37.003884,84.31831,84.54425,85.33489
2022-01-24 13:15:37.509496,83.64747,84.08,85.33489
2022-01-24 13:15:38.007140,84.73046,84.90575,85.37447
2022-01-24 13:15:38.501563,83.90492,84.3895,85.37447
2022-01-24 13:15:39.011048,84.26632,84.33875,85.72791
2022-01-24 13:15:39.508396,83.7502,84.33875,85.72791
2022-01-24 13:15:40.007361,84.21434,84.184,85.33489
2022-01-24 13:15:40.503853,84.62773,84.90575,85.33489
2022-01-24 13:15:41.002054,84.26632,84.751,85.72791
2022-01-24 13:15:41.507284,83.85417,84.28675,85.72791
2022-01-24 13:15:42.006077,83.9569,84.54425,85.41406
2022-01-24 13:15:42.501820,84.05963,84.23475,85.41406
2022-01-24 13:15:43.009657,84.31831,85.0605,85.33489
2022-01-24 13:15:43.504833,84.11161,84.23475,85.33489
2022-01-24 13:15:44.004580,84.52377,84.95775,86.31697
2022-01-24 13:15:44.501277,83.85417,84.28675,86.31697
2022-01-24 13:15:45.009768,84.31831,84.54425,85.33489
2022-01-24 13:15:45.505783,83.9569,84.4415,85.33489
2022-01-24 13:15:46.004136,83.9569,84.28675,86.5526
2022-01-24 13:15:46.508362,83.64747,84.33875,86.5526
