時間,回転１,回転２,回転３
2022-01-24 12:00:00.003957,84.73046,84.85375,85.49229
2022-01-24 12:00:00.507920,84.36905,84.4935,85.49229
2022-01-24 12:00:01.007144,83.85417,84.3895,86.15958
2022-01-24 12:00:01.508160,83.54475,84.132,86.15958
2022-01-24 12:00:02.007326,84.36905,84.85375,85.25666
2022-01-24 12:00:02.501806,84.26632,84.4415,85.25666
2022-01-24 12:00:03.010702,84.73046,85.21525,86.47437
2022-01-24 12:00:03.507356,84.31831,84.54425,86.47437
2022-01-24 12:00:04.006675,84.00888,84.4415,86.27739
2022-01-24 12:00:04.502298,84.62773,84.85375,86.27739
2022-01-24 12:00:05.010308,83.90492,84.4935,85.84572
2022-01-24 12:00:05.509552,84.42104,85.0085,85.84572
2022-01-24 12:00:06.009224,83.44078,84.02925,85.6101
2022-01-24 12:00:06.505158,84.26632,84.33875,85.6101
2022-01-24 12:00:07.005378,84.21434,84.3895,86.08135
2022-01-24 12:00:07.501030,84.31831,84.95775,86.08135
2022-01-24 12:00:08.010698,84.21434,84.3895,85.68833
2022-01-24 12:00:08.506988,84.05963,84.4415,85.68833
2022-01-24 12:00:09.006057,84.47302,84.95775,85.06062
2022-01-24 12:00:09.504312,84.05963,84.4935,85.06062
2022-01-24 12:00:10.003365,84.1636,84.3895,86.43479
2022-01-24 12:00:10.509041,84.00888,84.02925,86.43479
2022-01-24 12:00:11.007509,84.26632,84.699,85.09926
2022-01-24 12:00:11.509097,84.21434,84.64825,85.09926
2022-01-24 12:00:12.007412,84.00888,84.59625,85.88531
2022-01-24 12:00:12.502937,84.36905,84.90575,85.88531
2022-01-24 12:00:13.002443,83.49276,84.23475,86.08135
2022-01-24 12:00:13.508496,84.42104,84.699,86.08135
2022-01-24 12:00:14.008123,84.26632,84.4415,85.13885
2022-01-24 12:00:14.503342,84.05963,84.54425,85.13885
2022-01-24 12:00:15.003728,84.00888,84.4415,86.12093
2022-01-24 12:00:15.502136,84.00888,84.28675,86.12093
2022-01-24 12:00:16.009570,84.31831,84.699,86.00312
2022-01-24 12:00:16.506910,83.90492,84.59625,86.00312
2022-01-24 12:00:17.005538,84.57575,85.0085,85.21708
2022-01-24 12:00:17.511052,84.11161,84.23475,85.21708
2022-01-24 12:00:18.010117,83.90492,84.33875,85.4527
2022-01-24 12:00:18.508880,84.93716,85.1125,85.4527
2022-01-24 12:00:19.007178,83.54475,83.8745,85.84572
2022-01-24 12:00:19.505122,84.67848,85.16325,85.84572
2022-01-24 12:00:20.005116,83.54475,83.97725,85.17843
2022-01-24 12:00:20.502342,84.42104,84.751,85.17843
2022-01-24 12:00:21.010616,84.62773,84.803,86.5526
2022-01-24 12:00:21.505350,83.80219,84.132,86.5526
2022-01-24 12:00:22.004884,84.47302,84.699,85.4527
2022-01-24 12:00:22.503374,83.85417,84.23475,85.4527
2022-01-24 12:00:23.002983,84.47302,84.85375,86.08135
2022-01-24 12:00:23.510762,83.85417,84.4415,86.08135
2022-01-24 12:00:24.009445,84.05963,84.59625,86.47437
2022-01-24 12:00:24.505924,84.1636,84.3895,86.47437
2022-01-24 12:00:25.004058,84.67848,84.699,85.96354
2022-01-24 12:00:25.509862,83.90492,84.23475,85.96354
2022-01-24 12:00:26.008949,84.1636,84.803,86.08135
2022-01-24 12:00:26.507928,84.05963,84.4415,86.08135
2022-01-24 12:00:27.006862,83.90492,84.4935,85.7675
2022-01-24 12:00:27.503219,84.52377,85.0085,85.7675
2022-01-24 12:00:28.001126,83.80219,84.3895,85.68833
2022-01-24 12:00:28.510242,84.21434,84.3895,85.68833
2022-01-24 12:00:29.001780,84.21434,84.28675,86.27739
2022-01-24 12:00:29.507324,84.62773,84.90575,86.27739
2022-01-24 12:00:30.007500,84.26632,84.751,85.68833
2022-01-24 12:00:30.501992,83.69946,84.184,85.68833
2022-01-24 12:00:31.001025,84.1636,84.3895,86.43479
2022-01-24 12:00:31.506618,83.80219,84.3895,86.43479
2022-01-24 12:00:32.005658,84.67848,85.16325,85.7675
2022-01-24 12:00:33.004899,84.36905,84.59625,85.53187
2022-01-24 12:00:33.509901,84.11161,84.3895,85.53187
2022-01-24 12:00:34.009152,84.21434,84.64825,86.19916
2022-01-24 12:00:34.504161,84.00888,84.4415,86.19916
2022-01-24 12:00:35.004125,83.64747,84.132,85.80614
2022-01-24 12:00:35.509961,84.42104,84.64825,85.80614
2022-01-24 12:00:36.008462,84.21434,84.3895,85.84572
2022-01-24 12:00:36.506619,84.11161,84.3895,85.84572
2022-01-24 12:00:37.004710,84.05963,84.4415,85.4527
2022-01-24 12:00:37.509904,84.31831,84.54425,85.4527
2022-01-24 12:00:38.008246,84.1636,84.699,85.88531
2022-01-24 12:00:38.504294,83.90492,84.4935,85.88531
2022-01-24 12:00:39.002315,83.9569,84.4415,84.98145
2022-01-24 12:00:39.505751,84.26632,84.4935,84.98145
2022-01-24 12:00:40.004417,84.1636,84.3895,85.4527
2022-01-24 12:00:40.510491,84.36905,84.4935,85.4527
2022-01-24 12:00:41.009506,84.00888,84.33875,85.6101
2022-01-24 12:00:41.506063,84.42104,84.85375,85.6101
2022-01-24 12:00:42.004687,83.80219,84.23475,85.13885
2022-01-24 12:00:42.503627,84.26632,84.64825,85.13885
2022-01-24 12:00:43.003726,84.47302,84.95775,86.15958
2022-01-24 12:00:43.507550,83.7502,83.92525,86.15958
2022-01-24 12:00:44.006672,84.67848,84.90575,86.15958
2022-01-24 12:00:44.507888,83.69946,84.132,86.15958
2022-01-24 12:00:45.007702,84.52377,85.0085,85.37447
2022-01-24 12:00:45.509914,83.90492,84.28675,85.37447
2022-01-24 12:00:46.007956,84.21434,84.59625,85.84572
2022-01-24 12:00:46.506728,84.26632,84.90575,85.84572
2022-01-24 12:00:47.004326,83.9569,84.02925,85.57051
2022-01-24 12:00:47.510051,84.83319,84.95775,85.57051
2022-01-24 12:00:48.008280,83.90492,84.33875,85.96354
2022-01-24 12:00:48.506460,84.36905,84.803,85.96354
2022-01-24 12:00:49.004825,83.85417,84.28675,85.72791
2022-01-24 12:00:49.502846,84.47302,84.90575,85.72791
2022-01-24 12:00:50.004641,83.69946,84.33875,85.53187
2022-01-24 12:00:50.502588,84.31831,84.54425,85.53187
2022-01-24 12:00:51.002022,84.31831,84.4935,85.72791
2022-01-24 12:00:51.508645,84.00888,84.184,85.72791
2022-01-24 12:00:52.002590,84.52377,85.0605,85.80614
2022-01-24 12:00:52.501765,83.85417,84.4415,85.80614
2022-01-24 12:00:53.007845,84.11161,84.33875,85.57051
2022-01-24 12:00:53.502754,83.90492,84.33875,85.57051
2022-01-24 12:00:54.004583,84.52377,84.699,85.33489
2022-01-24 12:00:54.503228,84.05963,84.23475,85.33489
2022-01-24 12:00:55.010239,84.05963,84.64825,85.68833
2022-01-24 12:00:55.506430,84.11161,84.3895,85.68833
2022-01-24 12:00:56.006380,84.52377,84.95775,85.17843
2022-01-24 12:00:56.503213,84.26632,84.54425,85.17843
2022-01-24 12:00:57.002562,83.13135,83.8745,86.04176
2022-01-24 12:00:57.508441,84.88517,85.0085,86.04176
2022-01-24 12:00:58.007331,84.05963,84.184,86.23875
2022-01-24 12:00:58.505788,84.36905,84.699,86.23875
2022-01-24 12:00:59.005203,84.11161,84.4415,85.72791
2022-01-24 12:00:59.501806,83.7502,84.23475,85.72791
2022-01-24 12:01:00.010823,84.67848,84.95775,85.6101
2022-01-24 12:01:00.508496,83.90492,84.3895,85.6101
2022-01-24 12:01:01.007942,83.9569,84.184,85.72791
2022-01-24 12:01:01.504494,84.1636,84.54425,85.72791
2022-01-24 12:01:02.003349,84.1636,84.33875,85.7675
2022-01-24 12:01:02.502134,84.67848,85.0605,85.7675
2022-01-24 12:01:03.010994,83.85417,84.54425,86.3952
2022-01-24 12:01:03.509743,84.1636,84.4935,86.3952
2022-01-24 12:01:04.009307,83.80219,84.23475,85.88531
2022-01-24 12:01:04.504853,84.26632,84.59625,85.88531
2022-01-24 12:01:05.002331,84.1636,84.64825,85.13885
2022-01-24 12:01:05.507219,83.9569,84.08,85.13885
2022-01-24 12:01:06.006402,84.47302,84.751,86.04176
2022-01-24 12:01:06.502721,84.05963,84.23475,86.04176
2022-01-24 12:01:07.002705,84.42104,84.90575,85.37447
2022-01-24 12:01:07.509002,83.80219,84.23475,85.37447
2022-01-24 12:01:08.008595,84.05963,84.33875,87.10208
2022-01-24 12:01:08.505003,84.05963,84.699,87.10208
2022-01-24 12:01:09.004483,84.1636,84.4415,85.57051
2022-01-24 12:01:09.510218,84.62773,84.90575,85.57051
2022-01-24 12:01:10.009299,83.59549,84.08,85.09926
2022-01-24 12:01:10.506105,84.47302,84.803,85.09926
2022-01-24 12:01:11.001718,84.21434,84.4935,86.23875
2022-01-24 12:01:11.509722,84.31831,84.54425,86.23875
2022-01-24 12:01:12.007658,83.44078,84.132,85.7675
2022-01-24 12:01:12.505118,84.31831,84.54425,85.7675
2022-01-24 12:01:13.003281,84.31831,84.54425,85.68833
2022-01-24 12:01:13.509880,84.05963,84.54425,85.68833
2022-01-24 12:01:14.008743,84.83319,85.16325,85.72791
2022-01-24 12:01:14.505701,83.49276,83.8745,85.72791
2022-01-24 12:01:15.003747,84.47302,84.90575,85.21708
2022-01-24 12:01:15.509961,83.59549,84.23475,85.21708
2022-01-24 12:01:16.008519,84.42104,84.59625,85.37447
2022-01-24 12:01:16.506082,84.00888,84.4415,85.37447
2022-01-24 12:01:17.003899,84.1636,84.59625,85.53187
2022-01-24 12:01:17.509191,84.1636,84.4935,85.53187
2022-01-24 12:01:18.007712,84.1636,84.4935,85.25666
2022-01-24 12:01:18.503419,84.67848,84.90575,85.25666
2022-01-24 12:01:19.002748,83.49276,84.08,86.04176
2022-01-24 12:01:19.509269,84.57575,84.803,86.04176
2022-01-24 12:01:20.008481,83.64747,84.08,85.68833
2022-01-24 12:01:20.505343,84.83319,84.85375,85.68833
2022-01-24 12:01:21.006884,84.00888,84.4935,85.4527
2022-01-24 12:01:21.503104,83.64747,83.97725,85.4527
2022-01-24 12:01:22.003318,84.62773,84.699,85.53187
2022-01-24 12:01:22.509768,83.85417,84.28675,85.53187
2022-01-24 12:01:23.006822,84.67848,85.1125,85.92395
2022-01-24 12:01:23.504144,83.59549,84.23475,85.92395
2022-01-24 12:01:24.004158,83.90492,84.132,85.57051
2022-01-24 12:01:24.509699,84.73046,84.90575,85.57051
2022-01-24 12:01:25.007049,84.21434,84.699,85.92395
2022-01-24 12:01:25.505464,84.31831,84.64825,85.92395
2022-01-24 12:01:26.003314,83.80219,84.23475,85.80614
2022-01-24 12:01:26.508409,84.00888,84.28675,85.80614
2022-01-24 12:01:27.005262,84.26632,84.90575,85.80614
2022-01-24 12:01:27.501134,84.1636,84.59625,85.80614
2022-01-24 12:01:28.009831,83.9569,84.33875,86.00312
2022-01-24 12:01:28.505090,84.00888,84.33875,86.00312
2022-01-24 12:01:29.005952,84.36905,84.64825,85.21708
2022-01-24 12:01:29.502882,84.36905,84.751,85.21708
2022-01-24 12:01:30.007917,84.00888,84.132,86.27739
2022-01-24 12:01:30.505427,83.80219,84.23475,86.27739
2022-01-24 12:01:31.007906,84.26632,84.3895,85.53187
2022-01-24 12:01:31.503617,84.83319,85.16325,85.53187
2022-01-24 12:01:32.005765,83.64747,83.97725,85.84572
2022-01-24 12:01:32.507314,84.11161,84.3895,85.84572
2022-01-24 12:01:33.006787,84.21434,84.803,84.98145
2022-01-24 12:01:33.501306,84.52377,84.803,84.98145
2022-01-24 12:01:34.001723,84.11161,84.751,85.96354
2022-01-24 12:01:34.507883,83.85417,83.92525,85.96354
2022-01-24 12:01:35.009900,84.05963,84.4415,85.80614
2022-01-24 12:01:35.506564,84.52377,84.803,85.80614
2022-01-24 12:01:36.007360,84.36905,84.59625,86.04176
2022-01-24 12:01:36.506243,83.49276,84.02925,86.04176
2022-01-24 12:01:37.005796,84.42104,84.85375,85.80614
2022-01-24 12:01:37.501924,83.54475,83.97725,85.80614
2022-01-24 12:01:38.001045,84.62773,84.751,85.37447
2022-01-24 12:01:38.509273,84.21434,84.59625,85.37447
2022-01-24 12:01:39.009164,84.31831,84.751,85.92395
2022-01-24 12:01:39.510911,84.57575,84.64825,85.92395
2022-01-24 12:01:40.010289,83.69946,84.23475,85.53187
2022-01-24 12:01:40.506014,84.62773,84.85375,85.53187
2022-01-24 12:01:41.005499,83.54475,84.02925,85.37447
2022-01-24 12:01:41.502135,84.42104,84.803,85.37447
2022-01-24 12:01:42.002094,83.59549,84.184,85.88531
2022-01-24 12:01:42.507274,84.47302,84.54425,85.88531
2022-01-24 12:01:43.005924,84.31831,84.699,86.00312
2022-01-24 12:01:43.501823,83.9569,84.3895,86.00312
2022-01-24 12:01:44.003392,84.21434,84.4415,85.88531
2022-01-24 12:01:44.510441,83.59549,84.132,85.88531
2022-01-24 12:01:45.008495,85.14262,85.16325,85.6101
2022-01-24 12:01:45.503974,83.18334,84.02925,85.6101
2022-01-24 12:01:46.002382,84.26632,84.4935,85.21708
2022-01-24 12:01:46.508055,84.36905,84.54425,85.21708
2022-01-24 12:01:47.007217,83.9569,84.33875,85.84572
2022-01-24 12:01:47.503068,84.21434,84.64825,85.84572
2022-01-24 12:01:48.004178,83.9569,84.54425,85.37447
2022-01-24 12:01:49.005127,84.1636,84.90575,85.80614
2022-01-24 12:01:49.501181,84.42104,84.64825,85.80614
2022-01-24 12:01:50.010052,84.11161,84.33875,85.72791
2022-01-24 12:01:50.505141,84.26632,84.54425,85.72791
2022-01-24 12:01:51.004780,84.05963,84.28675,85.57051
2022-01-24 12:01:51.501801,84.73046,85.16325,85.57051
2022-01-24 12:01:52.009711,84.26632,84.64825,85.80614
2022-01-24 12:01:52.506652,83.64747,84.28675,85.80614
2022-01-24 12:01:53.006203,84.11161,84.33875,86.19916
2022-01-24 12:01:53.502855,84.00888,84.4415,86.19916
2022-01-24 12:01:54.010821,84.57575,84.803,86.15958
2022-01-24 12:01:54.505833,84.05963,84.184,86.15958
2022-01-24 12:01:55.004667,83.80219,84.3895,86.31697
2022-01-24 12:01:55.510466,84.31831,84.3895,86.31697
2022-01-24 12:01:56.006189,84.57575,85.21525,85.37447
2022-01-24 12:01:56.502218,83.69946,84.02925,85.37447
2022-01-24 12:01:57.010633,83.90492,84.59625,85.37447
2022-01-24 12:01:57.507750,84.11161,84.3895,85.37447
2022-01-24 12:01:58.007359,84.42104,84.699,86.43479
2022-01-24 12:01:58.501995,84.00888,84.59625,86.43479
2022-01-24 12:01:59.009922,84.1636,84.23475,85.68833
2022-01-24 12:01:59.506907,84.05963,84.59625,85.68833
2022-01-24 12:02:00.003381,84.42104,84.803,85.6101
2022-01-24 12:02:00.508956,83.90492,84.4935,85.6101
2022-01-24 12:02:01.007507,84.11161,84.3895,86.43479
2022-01-24 12:02:01.506821,84.36905,84.59625,86.43479
2022-01-24 12:02:02.006666,83.85417,84.4415,85.64968
2022-01-24 12:02:02.505568,84.26632,84.4935,85.64968
2022-01-24 12:02:03.004291,83.59549,84.132,85.29625
2022-01-24 12:02:03.504089,84.62773,84.95775,85.29625
2022-01-24 12:02:04.005265,83.54475,84.132,86.27739
2022-01-24 12:02:04.503953,84.26632,84.23475,86.27739
2022-01-24 12:02:05.000908,84.36905,84.28675,237.62781
2022-01-24 12:02:05.503411,83.59549,83.8225,237.62781
2022-01-24 12:02:06.003756,84.26632,84.3895,223.0577
2022-01-24 12:02:06.510309,83.7502,84.132,223.0577
2022-01-24 12:02:07.009144,84.1636,84.4415,176.05051
2022-01-24 12:02:07.505801,83.54475,84.28675,176.05051
2022-01-24 12:02:08.009707,84.26632,84.54425,107.16979
2022-01-24 12:02:08.507851,84.36905,84.4935,107.16979
2022-01-24 12:02:09.006769,83.7502,84.08,93.9352
2022-01-24 12:02:09.502728,84.36905,84.3895,93.9352
2022-01-24 12:02:10.002609,83.49276,84.02925,91.2651
2022-01-24 12:02:10.506388,84.26632,84.4415,91.2651
2022-01-24 12:02:11.004444,84.1636,84.751,89.92958
2022-01-24 12:02:11.510843,84.47302,84.64825,89.92958
2022-01-24 12:02:12.002579,83.9569,84.28675,86.27739
2022-01-24 12:02:12.509120,84.47302,84.90575,86.27739
2022-01-24 12:02:13.003372,83.9569,84.184,86.31697
2022-01-24 12:02:13.510331,84.11161,84.751,86.31697
2022-01-24 12:02:14.007872,84.05963,84.28675,86.08135
2022-01-24 12:02:14.505614,84.00888,84.699,86.08135
2022-01-24 12:02:15.005776,84.05963,84.184,86.15958
2022-01-24 12:02:15.510370,84.05963,84.4935,86.15958
2022-01-24 12:02:16.006516,84.52377,84.699,86.15958
2022-01-24 12:02:16.504555,84.26632,84.3895,86.15958
2022-01-24 12:02:17.001717,83.90492,84.4935,87.10208
2022-01-24 12:02:17.503192,83.90492,84.3895,87.10208
2022-01-24 12:02:18.001942,84.42104,85.0605,85.72791
2022-01-24 12:02:18.506135,84.11161,84.54425,85.72791
2022-01-24 12:02:19.005358,83.80219,84.23475,85.09926
2022-01-24 12:02:19.507557,84.21434,84.54425,85.09926
2022-01-24 12:02:20.007115,84.52377,84.54425,85.25666
2022-01-24 12:02:20.510856,84.47302,84.64825,85.25666
2022-01-24 12:02:21.005938,83.7502,84.23475,85.96354
2022-01-24 12:02:21.503215,84.05963,84.699,85.96354
2022-01-24 12:02:22.008265,84.11161,84.3895,85.29625
2022-01-24 12:02:22.506618,84.11161,84.85375,85.29625
2022-01-24 12:02:23.005175,84.11161,84.4415,85.80614
2022-01-24 12:02:23.506398,84.1636,84.28675,85.80614
2022-01-24 12:02:24.004984,84.31831,84.803,85.7675
2022-01-24 12:02:24.501248,84.47302,84.54425,85.7675
2022-01-24 12:02:25.009717,84.26632,84.85375,85.41406
2022-01-24 12:02:25.506834,83.9569,84.184,85.41406
2022-01-24 12:02:26.005325,83.80219,84.33875,85.57051
2022-01-24 12:02:26.510844,84.21434,84.4415,85.57051
2022-01-24 12:02:27.001867,84.73046,85.0085,85.68833
2022-01-24 12:02:27.507696,83.7502,84.08,85.68833
2022-01-24 12:02:28.006986,84.1636,84.28675,85.72791
2022-01-24 12:02:28.506412,83.85417,84.3895,85.72791
2022-01-24 12:02:29.005062,84.83319,85.16325,85.72791
2022-01-24 12:02:29.501502,83.7502,84.23475,85.72791
2022-01-24 12:02:30.010231,84.11161,84.3895,86.31697
2022-01-24 12:02:30.505787,84.00888,84.23475,86.31697
2022-01-24 12:02:31.003329,84.73046,85.0605,85.25666
2022-01-24 12:02:31.509935,84.36905,84.4415,85.25666
2022-01-24 12:02:32.007105,83.23532,83.8745,86.94562
2022-01-24 12:02:32.505127,84.52377,84.803,86.94562
2022-01-24 12:02:33.002814,84.11161,84.59625,85.84572
2022-01-24 12:02:33.509555,84.05963,84.33875,85.84572
2022-01-24 12:02:34.007892,84.00888,84.4415,86.04176
2022-01-24 12:02:34.503989,83.64747,83.97725,86.04176
2022-01-24 12:02:35.002378,84.88517,84.90575,85.37447
2022-01-24 12:02:35.507382,83.85417,84.3895,85.37447
2022-01-24 12:02:36.005864,84.36905,84.699,86.27739
2022-01-24 12:02:36.502517,83.9569,84.54425,86.27739
2022-01-24 12:02:37.001889,84.47302,84.59625,85.68833
2022-01-24 12:02:37.507563,83.69946,84.3895,85.68833
2022-01-24 12:02:38.006727,84.31831,84.54425,85.72791
2022-01-24 12:02:38.502274,83.85417,83.61575,85.72791
2022-01-24 12:02:39.010689,83.90492,84.28675,172.59531
2022-01-24 12:02:39.506881,84.36905,84.3895,172.59531
2022-01-24 12:02:40.005508,83.9569,84.54425,235.74281
2022-01-24 12:02:40.502466,84.78245,84.803,235.74281
2022-01-24 12:02:41.010955,83.54475,83.97725,192.46604
2022-01-24 12:02:41.507853,84.21434,84.3895,192.46604
2022-01-24 12:02:42.007368,83.85417,83.92525,116.39875
2022-01-24 12:02:42.503161,84.47302,84.751,116.39875
2022-01-24 12:02:43.002460,83.80219,84.08,92.71843
2022-01-24 12:02:43.508701,83.9569,84.4415,92.71843
2022-01-24 12:02:44.007323,83.90492,84.184,91.61854
2022-01-24 12:02:44.503309,84.1636,84.699,91.61854
2022-01-24 12:02:45.003178,84.21434,84.3895,90.12656
2022-01-24 12:02:45.509020,84.36905,84.64825,90.12656
2022-01-24 12:02:46.007610,83.85417,84.132,86.59218
2022-01-24 12:02:46.503529,84.21434,84.4935,86.59218
2022-01-24 12:02:47.004269,84.21434,84.95775,85.64968
2022-01-24 12:02:47.509176,84.26632,84.54425,85.64968
2022-01-24 12:02:48.007598,83.59549,84.23475,86.23875
2022-01-24 12:02:48.501558,84.00888,84.4415,86.23875
2022-01-24 12:02:49.004105,84.1636,84.59625,86.31697
2022-01-24 12:02:49.510189,84.57575,85.0605,86.31697
2022-01-24 12:02:50.008688,83.9569,84.132,87.14166
2022-01-24 12:02:50.504436,83.64747,84.28675,87.14166
2022-01-24 12:02:51.004626,84.57575,84.95775,86.15958
2022-01-24 12:02:51.502697,84.21434,84.699,86.15958
2022-01-24 12:02:52.001032,83.9569,84.33875,85.41406
2022-01-24 12:02:52.508478,83.9569,84.4415,85.41406
2022-01-24 12:02:53.007949,84.36905,84.59625,85.13885
2022-01-24 12:02:53.505073,84.93716,85.21525,85.13885
2022-01-24 12:02:54.006396,83.69946,84.33875,86.43479
2022-01-24 12:02:54.501631,84.31831,84.59625,86.43479
2022-01-24 12:02:55.002068,83.59549,84.02925,85.21708
2022-01-24 12:02:55.508925,85.03989,85.26725,85.21708
2022-01-24 12:02:56.001566,83.59549,83.97725,85.25666
2022-01-24 12:02:56.503666,84.42104,84.59625,85.25666
2022-01-24 12:02:57.002948,84.21434,84.33875,85.57051
2022-01-24 12:02:57.509533,84.31831,85.0085,85.57051
2022-01-24 12:02:58.008613,84.26632,84.751,85.68833
2022-01-24 12:02:58.510342,83.69946,84.02925,85.68833
2022-01-24 12:02:59.007869,84.47302,84.803,85.68833
2022-01-24 12:02:59.504437,83.33805,83.97725,85.68833
2022-01-24 12:03:00.002442,84.57575,84.85375,85.84572
2022-01-24 12:03:00.509356,84.26632,84.3895,85.84572
2022-01-24 12:03:01.008202,84.1636,84.59625,85.53187
2022-01-24 12:03:01.506585,84.21434,84.85375,85.53187
2022-01-24 12:03:02.007217,84.00888,84.4415,85.96354
2022-01-24 12:03:02.510770,84.52377,84.90575,85.96354
2022-01-24 12:03:03.001421,83.33805,83.92525,86.12093
2022-01-24 12:03:03.510666,84.21434,84.803,86.12093
2022-01-24 12:03:04.010958,84.11161,84.4415,85.7675
2022-01-24 12:03:04.511243,84.42104,85.0605,85.7675
2022-01-24 12:03:05.004080,84.26632,84.59625,86.3952
2022-01-24 12:03:05.510285,83.69946,84.33875,86.3952
2022-01-24 12:03:06.003491,84.31831,84.699,85.33489
2022-01-24 12:03:06.510326,84.05963,84.4415,85.33489
2022-01-24 12:03:07.006331,84.26632,84.59625,85.96354
2022-01-24 12:03:07.504418,84.00888,84.3895,85.96354
2022-01-24 12:03:08.002302,84.67848,85.16325,85.72791
2022-01-24 12:03:08.510542,84.00888,84.132,85.72791
2022-01-24 12:03:09.010217,84.31831,84.90575,85.21708
2022-01-24 12:03:09.506251,84.21434,84.4415,85.21708
2022-01-24 12:03:10.008559,84.31831,84.85375,85.41406
2022-01-24 12:03:10.502086,84.05963,84.33875,85.41406
2022-01-24 12:03:11.009089,83.80219,84.28675,85.72791
2022-01-24 12:03:11.505695,84.26632,84.64825,85.72791
2022-01-24 12:03:12.007710,84.36905,84.4935,85.06062
2022-01-24 12:03:12.505569,83.85417,84.4935,85.06062
2022-01-24 12:03:13.009847,84.1636,84.33875,86.27739
2022-01-24 12:03:13.504076,84.1636,84.59625,86.27739
2022-01-24 12:03:14.001857,84.57575,85.0605,85.6101
2022-01-24 12:03:14.511197,83.59549,84.184,85.6101
2022-01-24 12:03:15.006827,84.31831,84.751,84.90322
2022-01-24 12:03:15.501709,84.21434,84.59625,84.90322
2022-01-24 12:03:16.003527,84.36905,84.803,86.35656
2022-01-24 12:03:16.502607,83.9569,84.33875,86.35656
2022-01-24 12:03:17.009137,84.00888,84.3895,85.17843
2022-01-24 12:03:17.505085,84.36905,84.699,85.17843
2022-01-24 12:03:18.007800,84.00888,84.751,85.21708
2022-01-24 12:03:18.506295,84.52377,84.90575,85.21708
2022-01-24 12:03:19.005219,83.90492,84.23475,86.31697
2022-01-24 12:03:19.507849,83.9569,84.54425,86.31697
2022-01-24 12:03:20.009075,84.47302,84.59625,85.68833
2022-01-24 12:03:20.509990,84.1636,84.64825,85.68833
2022-01-24 12:03:21.005888,84.26632,84.59625,85.06062
2022-01-24 12:03:21.504378,83.39003,83.7705,85.06062
2022-01-24 12:03:22.010617,84.88517,85.21525,86.74864
2022-01-24 12:03:22.508572,83.9569,84.08,86.74864
2022-01-24 12:03:23.006297,84.11161,84.54425,85.57051
2022-01-24 12:03:23.503473,84.36905,84.59625,85.57051
2022-01-24 12:03:24.004045,83.85417,84.3895,85.49229
2022-01-24 12:03:24.509434,84.62773,84.803,85.49229
2022-01-24 12:03:25.007136,83.7502,84.23475,86.23875
2022-01-24 12:03:25.501890,84.05963,84.3895,86.23875
2022-01-24 12:03:26.009063,83.90492,84.33875,85.57051
2022-01-24 12:03:26.504378,84.83319,85.16325,85.57051
2022-01-24 12:03:27.004562,83.9569,84.02925,85.68833
2022-01-24 12:03:27.510772,83.9569,84.54425,85.68833
2022-01-24 12:03:28.008976,84.00888,84.23475,86.08135
2022-01-24 12:03:28.502698,84.52377,85.1125,86.08135
2022-01-24 12:03:29.011152,84.31831,84.699,85.64968
2022-01-24 12:03:29.506336,83.80219,84.23475,85.64968
2022-01-24 12:03:30.004416,84.31831,84.699,85.41406
2022-01-24 12:03:30.501302,84.26632,84.3895,85.41406
2022-01-24 12:03:31.009906,84.36905,84.803,86.08135
2022-01-24 12:03:31.507822,83.9569,84.184,86.08135
2022-01-24 12:03:32.007929,83.9569,84.3895,86.04176
2022-01-24 12:03:32.502501,84.05963,84.4415,86.04176
2022-01-24 12:03:33.001137,84.11161,84.803,85.84572
2022-01-24 12:03:33.507249,84.21434,84.4935,85.84572
2022-01-24 12:03:34.007724,84.26632,84.33875,85.06062
2022-01-24 12:03:34.503924,84.26632,84.90575,85.06062
2022-01-24 12:03:35.002041,84.05963,84.33875,85.7675
2022-01-24 12:03:35.509871,84.1636,84.4935,85.7675
2022-01-24 12:03:36.008711,84.21434,84.33875,86.15958
2022-01-24 12:03:36.505805,83.7502,84.28675,86.15958
2022-01-24 12:03:37.004710,84.21434,84.64825,85.88531
2022-01-24 12:03:37.510098,84.47302,84.59625,85.88531
2022-01-24 12:03:38.009755,84.21434,84.4935,85.64968
2022-01-24 12:03:38.505988,84.62773,85.0085,85.64968
2022-01-24 12:03:39.003807,83.80219,84.132,85.37447
2022-01-24 12:03:39.505894,84.1636,84.4935,85.37447
2022-01-24 12:03:40.003929,84.1636,84.699,85.41406
2022-01-24 12:03:40.505087,84.00888,84.4415,85.41406
2022-01-24 12:03:41.003989,84.21434,84.4415,85.96354
2022-01-24 12:03:41.508981,84.00888,84.23475,85.96354
2022-01-24 12:03:42.008011,84.31831,84.64825,85.64968
2022-01-24 12:03:42.503156,83.9569,84.23475,85.64968
2022-01-24 12:03:43.002182,84.47302,84.64825,85.49229
2022-01-24 12:03:43.507360,83.33805,83.97725,85.49229
2022-01-24 12:03:44.006386,84.36905,84.95775,86.90604
2022-01-24 12:03:44.503151,83.90492,84.33875,86.90604
2022-01-24 12:03:45.004668,84.21434,84.33875,85.53187
2022-01-24 12:03:45.501211,84.42104,84.4415,85.53187
2022-01-24 12:03:46.010734,83.54475,83.97725,85.53187
2022-01-24 12:03:46.505571,84.67848,85.16325,85.53187
2022-01-24 12:03:47.004395,83.85417,84.08,86.47437
2022-01-24 12:03:47.501910,83.80219,84.184,86.47437
2022-01-24 12:03:48.001694,84.00888,84.59625,85.29625
2022-01-24 12:03:48.507664,84.31831,84.699,85.29625
2022-01-24 12:03:49.007965,84.57575,84.751,85.72791
2022-01-24 12:03:49.505745,83.90492,84.3895,85.72791
2022-01-24 12:03:50.005768,84.05963,84.23475,86.00312
2022-01-24 12:03:50.501216,84.26632,84.64825,86.00312
2022-01-24 12:03:51.010240,84.57575,85.1125,85.25666
2022-01-24 12:03:51.506637,83.69946,84.28675,85.25666
2022-01-24 12:03:52.004948,84.05963,84.33875,86.78822
2022-01-24 12:03:52.509384,83.9569,84.08,86.78822
2022-01-24 12:03:53.008499,84.62773,85.16325,86.23875
2022-01-24 12:03:53.503814,84.1636,84.59625,86.23875
2022-01-24 12:03:54.003583,83.85417,84.23475,86.15958
2022-01-24 12:03:54.510585,84.31831,84.699,86.15958
2022-01-24 12:03:55.009543,83.90492,84.4935,85.13885
2022-01-24 12:03:55.508715,84.93716,85.21525,85.13885
2022-01-24 12:03:56.007977,83.7502,83.92525,86.59218
2022-01-24 12:03:56.505063,84.1636,84.3895,86.59218
2022-01-24 12:03:57.004636,84.1636,84.54425,85.29625
2022-01-24 12:03:57.510024,84.52377,84.95775,85.29625
2022-01-24 12:03:58.008357,84.21434,84.54425,85.92395
2022-01-24 12:03:58.506968,83.69946,84.4415,85.92395
2022-01-24 12:03:59.006755,84.26632,84.699,85.68833
2022-01-24 12:03:59.502294,84.31831,84.4415,85.68833
2022-01-24 12:04:00.002163,84.1636,84.4415,85.29625
2022-01-24 12:04:00.508789,84.31831,84.59625,85.29625
2022-01-24 12:04:01.007924,83.54475,83.97725,85.80614
2022-01-24 12:04:01.505085,84.42104,84.95775,85.80614
2022-01-24 12:04:02.004046,83.90492,84.4415,85.53187
2022-01-24 12:04:02.501209,84.57575,85.0085,85.53187
2022-01-24 12:04:03.010316,83.90492,84.23475,85.4527
2022-01-24 12:04:03.507432,84.05963,84.132,85.4527
2022-01-24 12:04:04.008877,84.62773,84.751,85.64968
2022-01-24 12:04:04.504678,83.80219,84.184,85.64968
2022-01-24 12:04:05.003289,84.52377,84.85375,85.41406
2022-01-24 12:04:05.508108,83.69946,84.184,85.41406
2022-01-24 12:04:06.004884,84.26632,84.803,85.37447
2022-01-24 12:04:06.510824,84.1636,84.64825,85.37447
2022-01-24 12:04:07.011278,84.31831,84.4415,85.64968
2022-01-24 12:04:07.507129,84.42104,84.54425,85.64968
2022-01-24 12:04:08.004867,83.69946,84.184,85.84572
2022-01-24 12:04:08.510417,84.26632,84.54425,85.84572
2022-01-24 12:04:09.009446,83.64747,84.132,86.04176
2022-01-24 12:04:09.504477,84.62773,84.95775,86.04176
2022-01-24 12:04:10.003230,83.80219,84.23475,86.00312
2022-01-24 12:04:10.508395,84.05963,84.23475,86.00312
2022-01-24 12:04:11.001620,84.9879,85.0605,84.825
2022-01-24 12:04:11.509530,83.85417,84.184,84.825
2022-01-24 12:04:12.002409,84.52377,84.751,86.27739
2022-01-24 12:04:12.506412,83.64747,84.02925,86.27739
2022-01-24 12:04:13.003816,84.31831,84.699,85.64968
2022-01-24 12:04:13.510779,83.85417,84.59625,85.64968
2022-01-24 12:04:14.009923,84.31831,84.751,85.7675
2022-01-24 12:04:14.505093,83.64747,83.8225,85.7675
2022-01-24 12:04:15.009262,84.78245,85.1125,85.09926
2022-01-24 12:04:15.506526,84.36905,84.751,85.09926
2022-01-24 12:04:16.004332,84.26632,84.54425,86.3952
2022-01-24 12:04:16.501040,84.1636,84.59625,86.3952
2022-01-24 12:04:17.010403,83.28607,83.97725,85.13885
2022-01-24 12:04:17.506825,85.03989,85.52475,85.13885
2022-01-24 12:04:18.006283,84.21434,84.4935,86.78822
2022-01-24 12:04:18.501267,84.05963,84.33875,86.78822
2022-01-24 12:04:19.001832,84.21434,84.4415,85.4527
2022-01-24 12:04:19.508045,84.05963,84.64825,85.4527
2022-01-24 12:04:20.007639,84.47302,84.751,85.68833
2022-01-24 12:04:20.503570,83.85417,84.33875,85.68833
2022-01-24 12:04:21.002747,84.31831,84.699,85.88531
2022-01-24 12:04:21.508622,83.54475,84.02925,85.88531
2022-01-24 12:04:22.008165,84.83319,84.95775,85.41406
2022-01-24 12:04:22.502520,84.05963,84.184,85.41406
2022-01-24 12:04:23.011009,83.90492,84.23475,86.15958
2022-01-24 12:04:23.507343,84.36905,84.90575,86.15958
2022-01-24 12:04:24.006106,83.7502,84.184,85.25666
2022-01-24 12:04:24.503837,84.36905,84.699,85.25666
2022-01-24 12:04:25.003529,83.90492,84.33875,85.29625
2022-01-24 12:04:25.509790,84.1636,84.4935,85.29625
2022-01-24 12:04:26.008187,84.52377,84.699,85.33489
2022-01-24 12:04:26.503424,83.80219,83.97725,85.33489
2022-01-24 12:04:27.002879,84.36905,84.751,85.64968
2022-01-24 12:04:27.508770,83.90492,84.3895,85.64968
2022-01-24 12:04:28.007521,84.1636,84.4415,85.80614
2022-01-24 12:04:28.503506,84.1636,84.64825,85.80614
2022-01-24 12:04:29.002748,84.00888,84.28675,86.12093
2022-01-24 12:04:29.501036,84.36905,84.59625,86.12093
2022-01-24 12:04:30.009766,83.9569,84.4415,86.19916
2022-01-24 12:04:30.505290,84.47302,84.90575,86.19916
2022-01-24 12:04:31.002919,83.64747,84.184,86.31697
2022-01-24 12:04:31.509116,84.52377,84.54425,86.31697
2022-01-24 12:04:32.007294,83.85417,84.3895,86.08135
2022-01-24 12:04:32.503344,84.1636,84.33875,86.08135
2022-01-24 12:04:33.001640,84.26632,84.54425,85.02104
2022-01-24 12:04:33.509954,83.7502,84.02925,85.02104
2022-01-24 12:04:34.010660,84.26632,84.751,85.4527
2022-01-24 12:04:34.506237,83.85417,84.3895,85.4527
2022-01-24 12:04:35.003830,84.00888,84.28675,85.57051
2022-01-24 12:04:35.510453,84.26632,84.751,85.57051
2022-01-24 12:04:36.009943,84.36905,84.54425,85.25666
2022-01-24 12:04:36.505192,84.05963,84.23475,85.25666
2022-01-24 12:04:37.002776,84.11161,84.33875,86.27739
2022-01-24 12:04:37.508738,84.11161,84.54425,86.27739
2022-01-24 12:04:38.008789,84.1636,84.64825,85.84572
2022-01-24 12:04:38.503332,84.57575,84.803,85.84572
2022-01-24 12:04:39.002558,83.08061,83.61575,85.17843
2022-01-24 12:04:39.509111,84.88517,85.422,85.17843
2022-01-24 12:04:40.007353,83.54475,84.02925,86.08135
2022-01-24 12:04:40.504350,84.83319,84.95775,86.08135
2022-01-24 12:04:41.002569,84.00888,84.28675,86.08135
2022-01-24 12:04:41.508536,84.05963,84.751,86.08135
2022-01-24 12:04:42.007724,84.47302,84.85375,86.15958
2022-01-24 12:04:42.505908,83.80219,84.132,86.15958
2022-01-24 12:04:43.003661,84.00888,84.33875,85.64968
2022-01-24 12:04:43.509460,83.90492,84.54425,85.64968
2022-01-24 12:04:44.009818,84.52377,84.699,85.41406
2022-01-24 12:04:44.505121,84.21434,84.4935,85.41406
2022-01-24 12:04:45.004097,84.21434,84.54425,85.25666
2022-01-24 12:04:45.511029,84.05963,84.33875,85.25666
2022-01-24 12:04:46.010232,83.90492,84.3895,85.92395
2022-01-24 12:04:46.506561,84.62773,84.85375,85.92395
2022-01-24 12:04:47.007022,83.49276,83.97725,85.41406
2022-01-24 12:04:47.502085,84.47302,84.4935,85.41406
2022-01-24 12:04:48.010940,84.11161,84.184,85.37447
2022-01-24 12:04:48.506243,84.52377,84.85375,85.37447
2022-01-24 12:04:49.004245,84.21434,84.54425,85.4527
2022-01-24 12:04:49.509339,83.69946,84.184,85.4527
2022-01-24 12:04:50.007820,84.36905,84.4935,85.64968
2022-01-24 12:04:50.502401,84.1636,85.0085,85.64968
2022-01-24 12:04:51.001225,84.05963,84.08,86.00312
2022-01-24 12:04:51.508874,84.52377,84.64825,86.00312
2022-01-24 12:04:52.007766,84.00888,84.23475,85.21708
2022-01-24 12:04:52.506239,84.1636,84.803,85.21708
2022-01-24 12:04:53.004579,84.42104,84.751,85.37447
2022-01-24 12:04:53.510981,83.69946,83.8745,85.37447
2022-01-24 12:04:54.010495,84.05963,84.64825,86.08135
2022-01-24 12:04:54.505705,84.05963,84.33875,86.08135
2022-01-24 12:04:55.003823,84.57575,85.0085,85.64968
2022-01-24 12:04:55.510197,83.90492,84.184,85.64968
2022-01-24 12:04:56.009484,84.26632,84.59625,86.47437
2022-01-24 12:04:56.505088,84.21434,84.4415,86.47437
2022-01-24 12:04:57.002563,84.31831,84.64825,85.80614
2022-01-24 12:04:57.508616,84.00888,84.4935,85.80614
2022-01-24 12:04:58.005899,83.9569,84.08,85.37447
2022-01-24 12:04:58.510782,84.21434,84.59625,85.37447
2022-01-24 12:04:59.008647,84.21434,84.54425,84.90322
2022-01-24 12:04:59.503389,84.26632,84.699,84.90322
2022-01-24 12:05:00.002338,84.21434,84.751,85.7675
2022-01-24 12:05:00.508887,83.7502,84.08,85.7675
2022-01-24 12:05:01.003433,83.69946,83.92525,85.02104
2022-01-24 12:05:01.509748,84.57575,84.64825,85.02104
2022-01-24 12:05:02.008862,83.59549,84.08,229.97
2022-01-24 12:05:02.504919,84.1636,84.23475,229.97
2022-01-24 12:05:03.003896,84.36905,84.4935,216.38197
2022-01-24 12:05:03.501551,83.69946,84.132,216.38197
2022-01-24 12:05:04.001264,84.52377,84.85375,149.03281
2022-01-24 12:05:04.509716,83.23532,83.7705,149.03281
2022-01-24 12:05:05.008702,84.67848,84.699,94.13218
2022-01-24 12:05:05.504493,83.44078,83.92525,94.13218
2022-01-24 12:05:06.003146,84.26632,84.54425,92.12937
2022-01-24 12:05:06.501561,84.31831,84.59625,92.12937
2022-01-24 12:05:07.009958,84.11161,84.4415,88.83062
2022-01-24 12:05:07.506293,84.00888,84.184,88.83062
2022-01-24 12:05:08.006695,84.26632,84.751,87.02385
2022-01-24 12:05:08.503747,84.57575,84.90575,87.02385
2022-01-24 12:05:09.002480,83.80219,84.4935,86.15958
2022-01-24 12:05:09.509681,84.42104,84.64825,86.15958
2022-01-24 12:05:10.009290,83.80219,84.28675,86.59218
2022-01-24 12:05:10.504989,84.1636,84.64825,86.59218
2022-01-24 12:05:11.002837,84.57575,84.95775,86.63083
2022-01-24 12:05:11.509454,83.80219,84.28675,86.63083
2022-01-24 12:05:12.007812,83.9569,84.184,86.27739
2022-01-24 12:05:12.503274,83.69946,84.28675,86.27739
2022-01-24 12:05:13.001073,84.67848,84.85375,86.31697
2022-01-24 12:05:13.506748,84.36905,84.95775,86.31697
2022-01-24 12:05:14.006265,83.9569,84.33875,85.92395
2022-01-24 12:05:14.501024,84.05963,84.33875,85.92395
2022-01-24 12:05:15.009149,84.42104,84.95775,85.4527
2022-01-24 12:05:15.504997,83.90492,84.3895,85.4527
2022-01-24 12:05:16.003384,84.00888,84.4415,86.19916
2022-01-24 12:05:16.509520,83.80219,84.02925,86.19916
2022-01-24 12:05:17.007856,83.9569,84.699,85.21708
2022-01-24 12:05:17.505239,84.47302,84.699,85.21708
2022-01-24 12:05:18.004353,84.21434,84.3895,85.68833
2022-01-24 12:05:18.506037,83.80219,84.28675,85.68833
2022-01-24 12:05:19.002627,84.36905,84.751,86.63083
2022-01-24 12:05:19.508539,84.21434,84.751,86.63083
2022-01-24 12:05:20.008335,84.11161,84.28675,85.6101
2022-01-24 12:05:20.503745,84.11161,84.751,85.6101
2022-01-24 12:05:21.001323,83.64747,83.92525,85.64968
2022-01-24 12:05:21.506679,85.03989,85.26725,85.64968
2022-01-24 12:05:22.007221,84.00888,84.3895,86.08135
2022-01-24 12:05:22.501626,84.11161,84.33875,86.08135
2022-01-24 12:05:23.001435,84.00888,84.4415,85.09926
2022-01-24 12:05:23.507883,83.7502,84.23475,85.09926
2022-01-24 12:05:24.006719,84.05963,84.803,86.19916
2022-01-24 12:05:24.501559,84.1636,84.4935,86.19916
2022-01-24 12:05:25.009984,84.26632,84.54425,85.72791
2022-01-24 12:05:25.506870,84.21434,84.59625,85.72791
2022-01-24 12:05:26.004262,84.57575,84.699,85.25666
2022-01-24 12:05:26.510740,84.00888,84.4935,85.25666
2022-01-24 12:05:27.009925,84.52377,84.751,86.35656
2022-01-24 12:05:27.505396,83.44078,84.184,86.35656
2022-01-24 12:05:28.003309,84.31831,84.699,85.49229
2022-01-24 12:05:28.508796,84.26632,84.64825,85.49229
2022-01-24 12:05:29.007420,84.1636,84.3895,85.92395
2022-01-24 12:05:29.502744,84.67848,85.0085,85.92395
2022-01-24 12:05:30.010454,83.85417,84.184,85.49229
2022-01-24 12:05:30.505988,84.26632,84.4415,85.49229
2022-01-24 12:05:31.004903,83.69946,84.23475,85.72791
2022-01-24 12:05:31.510804,84.67848,84.90575,85.72791
2022-01-24 12:05:32.003302,83.64747,84.02925,86.23875
2022-01-24 12:05:32.508836,84.21434,84.33875,86.23875
2022-01-24 12:05:33.009315,84.42104,84.64825,85.49229
2022-01-24 12:05:33.504378,84.05963,84.59625,85.49229
2022-01-24 12:05:34.003415,84.36905,84.59625,85.80614
2022-01-24 12:05:34.508928,83.64747,84.28675,85.80614
2022-01-24 12:05:35.002371,84.1636,84.4415,85.41406
2022-01-24 12:05:35.510229,83.9569,84.59625,85.41406
2022-01-24 12:05:36.008803,84.1636,84.4415,85.68833
2022-01-24 12:05:36.504565,84.26632,84.33875,85.68833
2022-01-24 12:05:37.001664,84.1636,84.4935,85.68833
2022-01-24 12:05:37.507385,84.52377,84.85375,85.68833
2022-01-24 12:05:38.005759,84.21434,84.4935,85.80614
2022-01-24 12:05:39.005149,84.00888,84.59625,85.53187
2022-01-24 12:05:39.503078,84.36905,84.699,85.53187
2022-01-24 12:05:40.001667,84.36905,84.54425,85.64968
2022-01-24 12:05:40.507295,83.9569,84.3895,85.64968
2022-01-24 12:05:41.006953,84.31831,84.54425,85.64968
2022-01-24 12:05:41.504794,84.00888,84.54425,85.64968
2022-01-24 12:05:42.002793,84.52377,84.699,85.84572
2022-01-24 12:05:42.508466,83.85417,84.54425,85.84572
2022-01-24 12:05:43.006561,84.05963,84.28675,86.31697
2022-01-24 12:05:43.502528,84.31831,84.59625,86.31697
2022-01-24 12:05:44.010970,83.9569,84.4935,85.96354
2022-01-24 12:05:44.505429,84.26632,84.33875,85.96354
2022-01-24 12:05:45.003132,84.26632,84.803,85.4527
2022-01-24 12:05:45.510533,84.11161,84.4415,85.4527
2022-01-24 12:05:46.010310,84.21434,84.90575,85.41406
2022-01-24 12:05:46.506731,84.11161,84.4935,85.41406
2022-01-24 12:05:47.007433,84.47302,84.699,86.19916
2022-01-24 12:05:47.502779,83.7502,84.132,86.19916
2022-01-24 12:05:48.010408,84.26632,84.751,85.68833
2022-01-24 12:05:48.505985,83.90492,84.4415,85.68833
2022-01-24 12:05:49.003929,84.42104,84.699,85.7675
2022-01-24 12:05:49.511165,83.54475,84.33875,85.7675
2022-01-24 12:05:50.009797,84.47302,84.751,85.49229
2022-01-24 12:05:50.505063,83.90492,84.23475,85.49229
2022-01-24 12:05:51.003247,84.42104,84.64825,85.41406
2022-01-24 12:05:51.509066,84.36905,84.4935,85.41406
2022-01-24 12:05:52.007002,83.69946,84.33875,85.96354
2022-01-24 12:05:52.502857,84.67848,85.1125,85.96354
2022-01-24 12:05:53.001123,83.90492,84.33875,86.3952
2022-01-24 12:05:53.506218,84.26632,84.54425,86.3952
2022-01-24 12:05:54.005354,84.11161,84.4935,85.37447
2022-01-24 12:05:54.504523,84.36905,84.64825,85.37447
2022-01-24 12:05:55.002208,84.31831,84.23475,86.04176
2022-01-24 12:05:55.508933,83.80219,84.23475,86.04176
2022-01-24 12:05:56.008215,84.47302,84.85375,85.33489
2022-01-24 12:05:56.502814,83.90492,84.4415,85.33489
2022-01-24 12:05:57.003937,84.67848,85.0085,85.49229
2022-01-24 12:05:57.501835,83.49276,84.132,85.49229
2022-01-24 12:05:58.009482,84.62773,84.803,85.96354
2022-01-24 12:05:58.505007,84.31831,84.4415,85.96354
2022-01-24 12:05:59.005691,84.31831,84.751,85.57051
2022-01-24 12:05:59.501679,84.21434,84.4935,85.57051
2022-01-24 12:06:00.003535,83.85417,84.54425,85.49229
2022-01-24 12:06:00.508555,84.31831,84.699,85.49229
2022-01-24 12:06:01.006790,83.7502,84.33875,86.51301
2022-01-24 12:06:01.503389,84.47302,84.85375,86.51301
2022-01-24 12:06:02.002459,84.05963,84.184,85.33489
2022-01-24 12:06:02.507797,84.42104,84.699,85.33489
2022-01-24 12:06:03.006843,84.00888,84.08,85.53187
2022-01-24 12:06:03.502093,84.31831,84.95775,85.53187
2022-01-24 12:06:04.009776,83.85417,84.02925,85.7675
2022-01-24 12:06:04.505675,83.85417,84.59625,85.7675
2022-01-24 12:06:05.002851,84.31831,84.33875,85.21708
2022-01-24 12:06:05.508431,84.26632,84.54425,85.21708
2022-01-24 12:06:06.006249,84.31831,84.751,85.84572
2022-01-24 12:06:06.501018,84.21434,84.28675,85.84572
2022-01-24 12:06:07.010142,84.36905,84.95775,85.33489
2022-01-24 12:06:07.507526,84.11161,84.4415,85.33489
2022-01-24 12:06:08.006869,83.85417,84.59625,86.78822
2022-01-24 12:06:08.501648,84.21434,84.59625,86.78822
2022-01-24 12:06:09.010553,83.69946,84.08,85.53187
2022-01-24 12:06:09.505854,84.47302,84.64825,85.53187
2022-01-24 12:06:10.004388,84.00888,84.23475,85.41406
2022-01-24 12:06:10.508845,84.42104,85.0605,85.41406
2022-01-24 12:06:11.006805,84.1636,84.59625,86.47437
2022-01-24 12:06:11.502674,83.9569,84.3895,86.47437
2022-01-24 12:06:12.011123,84.1636,84.54425,85.72791
2022-01-24 12:06:12.509482,83.7502,84.59625,85.72791
2022-01-24 12:06:13.008629,84.47302,84.803,86.04176
2022-01-24 12:06:13.504291,84.21434,84.184,86.04176
2022-01-24 12:06:14.003617,83.59549,84.02925,85.53187
2022-01-24 12:06:14.509688,84.67848,84.95775,85.53187
2022-01-24 12:06:15.007037,84.05963,84.751,85.64968
2022-01-24 12:06:15.503345,84.21434,84.3895,85.64968
2022-01-24 12:06:16.002200,84.00888,84.3895,85.06062
2022-01-24 12:06:16.507306,84.11161,84.699,85.06062
2022-01-24 12:06:17.006986,84.52377,84.64825,85.49229
2022-01-24 12:06:17.502489,84.11161,84.4935,85.49229
2022-01-24 12:06:18.002114,84.11161,84.184,85.4527
2022-01-24 12:06:18.507643,84.26632,84.803,85.4527
2022-01-24 12:06:19.007887,84.1636,84.64825,85.25666
2022-01-24 12:06:19.504264,83.49276,84.08,85.25666
2022-01-24 12:06:20.008806,84.31831,84.4415,86.43479
2022-01-24 12:06:20.504236,84.21434,84.33875,86.43479
2022-01-24 12:06:21.003239,84.36905,84.803,85.57051
2022-01-24 12:06:21.509454,84.1636,84.4415,85.57051
2022-01-24 12:06:22.008277,84.11161,84.751,85.06062
2022-01-24 12:06:22.503101,84.36905,84.4935,85.06062
2022-01-24 12:06:23.001759,83.9569,84.4415,85.7675
2022-01-24 12:06:23.508126,84.62773,84.85375,85.7675
2022-01-24 12:06:24.007501,84.05963,84.28675,85.84572
2022-01-24 12:06:24.503103,84.11161,84.3895,85.84572
2022-01-24 12:06:25.001407,84.11161,84.3895,85.49229
2022-01-24 12:06:25.508565,83.9569,84.699,85.49229
2022-01-24 12:06:26.006609,84.42104,84.699,86.35656
2022-01-24 12:06:26.502437,84.00888,84.59625,86.35656
2022-01-24 12:06:27.003432,84.00888,84.184,85.72791
2022-01-24 12:06:27.509474,84.31831,84.4935,85.72791
2022-01-24 12:06:28.007859,84.42104,84.699,85.41406
2022-01-24 12:06:28.502819,83.80219,83.92525,85.41406
2022-01-24 12:06:29.000951,84.11161,84.803,85.88531
2022-01-24 12:06:29.508180,83.54475,83.8745,85.88531
2022-01-24 12:06:30.008196,84.42104,85.0605,85.21708
2022-01-24 12:06:30.505846,84.05963,84.4935,85.21708
2022-01-24 12:06:31.003956,84.11161,84.59625,86.04176
2022-01-24 12:06:31.509066,84.73046,85.0085,86.04176
2022-01-24 12:06:32.008185,83.80219,83.8225,86.59218
2022-01-24 12:06:32.503702,84.42104,85.0605,86.59218
2022-01-24 12:06:33.001356,84.00888,84.4935,85.7675
2022-01-24 12:06:33.509534,83.9569,84.3895,85.7675
2022-01-24 12:06:34.007647,83.80219,84.184,86.23875
2022-01-24 12:06:34.507475,83.9569,84.64825,86.23875
2022-01-24 12:06:35.005051,84.73046,84.90575,86.15958
2022-01-24 12:06:35.502100,84.57575,84.90575,86.15958
2022-01-24 12:06:36.010155,83.90492,84.4415,85.80614
2022-01-24 12:06:36.505836,84.36905,84.751,85.80614
2022-01-24 12:06:37.004694,84.05963,84.54425,85.41406
2022-01-24 12:06:37.510585,84.42104,84.751,85.41406
2022-01-24 12:06:38.009231,83.80219,84.23475,85.53187
2022-01-24 12:06:38.505547,83.9569,84.184,85.53187
2022-01-24 12:06:39.005968,84.73046,84.751,85.57051
2022-01-24 12:06:39.502811,83.9569,84.699,85.57051
2022-01-24 12:06:40.001159,84.42104,84.59625,86.27739
2022-01-24 12:06:40.506348,84.1636,84.64825,86.27739
2022-01-24 12:06:41.003904,84.11161,84.28675,85.57051
2022-01-24 12:06:41.510637,84.00888,84.59625,85.57051
2022-01-24 12:06:42.010171,84.11161,84.4415,85.80614
2022-01-24 12:06:42.506993,84.57575,84.59625,85.80614
2022-01-24 12:06:43.006480,84.05963,84.4415,85.64968
2022-01-24 12:06:43.503942,84.31831,84.751,85.64968
2022-01-24 12:06:44.001500,83.9569,84.3895,85.33489
2022-01-24 12:06:44.506756,84.62773,84.64825,85.33489
2022-01-24 12:06:45.006030,83.90492,84.4935,85.49229
2022-01-24 12:06:45.501532,84.26632,84.59625,85.49229
2022-01-24 12:06:46.009728,83.85417,84.184,85.33489
2022-01-24 12:06:46.505246,84.52377,84.90575,85.33489
2022-01-24 12:06:47.003934,84.42104,84.4415,85.49229
2022-01-24 12:06:47.509130,83.80219,84.33875,85.49229
2022-01-24 12:06:48.001722,84.57575,84.699,86.74864
2022-01-24 12:06:48.507203,84.00888,84.4415,86.74864
2022-01-24 12:06:49.005417,84.21434,84.54425,85.17843
2022-01-24 12:06:49.510251,83.64747,84.33875,85.17843
2022-01-24 12:06:50.007855,84.36905,84.699,85.64968
2022-01-24 12:06:50.503960,84.21434,84.23475,85.64968
2022-01-24 12:06:51.002723,84.47302,84.90575,86.04176
2022-01-24 12:06:51.509136,84.00888,84.28675,86.04176
2022-01-24 12:06:52.008288,84.26632,84.64825,86.51301
2022-01-24 12:06:52.507565,84.26632,84.4935,86.51301
2022-01-24 12:06:53.006790,83.80219,84.33875,85.53187
2022-01-24 12:06:53.501098,84.52377,84.803,85.53187
2022-01-24 12:06:54.009648,83.90492,84.184,86.35656
2022-01-24 12:06:54.505675,84.36905,85.0085,86.35656
2022-01-24 12:06:55.004334,84.00888,84.23475,86.00312
2022-01-24 12:06:55.510381,84.00888,84.699,86.00312
2022-01-24 12:06:56.008885,84.52377,84.95775,85.80614
2022-01-24 12:06:56.505159,83.54475,84.23475,85.80614
2022-01-24 12:06:57.004704,84.47302,84.90575,85.92395
2022-01-24 12:06:57.510617,84.05963,84.28675,85.92395
2022-01-24 12:06:58.007491,84.1636,84.54425,85.53187
2022-01-24 12:06:58.503801,84.21434,84.4415,85.53187
2022-01-24 12:06:59.001565,83.80219,84.23475,85.6101
2022-01-24 12:06:59.510263,84.42104,84.85375,85.6101
2022-01-24 12:07:00.008762,83.9569,84.64825,85.41406
2022-01-24 12:07:00.502759,84.00888,84.28675,85.41406
2022-01-24 12:07:01.010601,84.78245,84.85375,86.3952
2022-01-24 12:07:01.507093,83.7502,84.184,86.3952
2022-01-24 12:07:02.006102,84.67848,84.803,85.96354
2022-01-24 12:07:02.502051,83.85417,84.184,85.96354
2022-01-24 12:07:03.010793,84.11161,84.4415,85.57051
2022-01-24 12:07:03.506278,83.80219,84.23475,85.57051
2022-01-24 12:07:04.004474,84.42104,84.803,86.04176
2022-01-24 12:07:04.509360,84.00888,84.4935,86.04176
2022-01-24 12:07:05.009815,84.31831,84.54425,86.12093
2022-01-24 12:07:05.506820,84.31831,84.64825,86.12093
2022-01-24 12:07:06.004197,83.7502,84.23475,85.80614
2022-01-24 12:07:06.509387,84.36905,84.699,85.80614
2022-01-24 12:07:07.007781,84.21434,84.54425,86.43479
2022-01-24 12:07:07.501662,84.00888,84.4415,86.43479
2022-01-24 12:07:08.010637,83.9569,84.699,85.84572
2022-01-24 12:07:08.505941,84.31831,84.59625,85.84572
2022-01-24 12:07:09.006352,84.21434,84.33875,85.64968
2022-01-24 12:07:09.503897,84.21434,84.59625,85.64968
2022-01-24 12:07:10.002616,84.21434,84.751,85.6101
2022-01-24 12:07:10.507389,83.64747,84.08,85.6101
2022-01-24 12:07:11.002150,84.42104,84.64825,85.88531
2022-01-24 12:07:11.508296,83.59549,83.97725,85.88531
2022-01-24 12:07:12.005466,84.73046,85.21525,85.6101
2022-01-24 12:07:12.502271,84.1636,84.28675,85.6101
2022-01-24 12:07:13.001391,84.26632,84.4935,85.72791
2022-01-24 12:07:13.506520,84.26632,84.4415,85.72791
2022-01-24 12:07:14.006118,84.00888,84.3895,85.6101
2022-01-24 12:07:14.502241,84.31831,84.751,85.6101
2022-01-24 12:07:15.505020,84.42104,84.95775,85.64968
2022-01-24 12:07:16.003848,84.11161,84.3895,86.47437
2022-01-24 12:07:16.510100,84.62773,85.21525,86.47437
2022-01-24 12:07:17.007428,83.64747,83.92525,86.23875
2022-01-24 12:07:17.501878,84.1636,84.59625,86.23875
2022-01-24 12:07:18.010801,84.47302,84.59625,86.35656
2022-01-24 12:07:18.506605,83.54475,84.02925,86.35656
2022-01-24 12:07:19.005185,84.52377,85.1125,85.37447
2022-01-24 12:07:19.501771,83.69946,84.02925,85.37447
2022-01-24 12:07:20.011029,84.26632,84.64825,85.64968
2022-01-24 12:07:20.507527,84.78245,85.0605,85.64968
2022-01-24 12:07:21.006247,83.7502,84.28675,86.59218
2022-01-24 12:07:21.502737,84.36905,84.54425,86.59218
2022-01-24 12:07:22.006771,83.90492,84.3895,85.80614
2022-01-24 12:07:22.502466,84.05963,84.3895,85.80614
2022-01-24 12:07:23.002844,83.85417,84.184,85.25666
2022-01-24 12:07:23.510498,83.85417,83.97725,85.25666
2022-01-24 12:07:24.007425,84.1636,84.132,203.54041
2022-01-24 12:07:24.501063,84.26632,84.59625,203.54041
2022-01-24 12:07:25.009649,83.85417,84.02925,238.88416
2022-01-24 12:07:25.506492,84.26632,84.4415,238.88416
2022-01-24 12:07:26.004867,83.9569,84.33875,184.61218
2022-01-24 12:07:26.510783,83.49276,84.02925,184.61218
2022-01-24 12:07:27.009418,84.57575,84.699,112.11791
2022-01-24 12:07:27.504967,83.9569,84.02925,112.11791
2022-01-24 12:07:28.005474,84.1636,84.54425,93.66093
2022-01-24 12:07:28.501899,84.42104,84.59625,93.66093
2022-01-24 12:07:29.505888,84.05963,84.4935,92.87489
2022-01-24 12:07:30.005092,84.26632,84.85375,90.20479
2022-01-24 12:07:30.502937,84.05963,84.3895,90.20479
2022-01-24 12:07:31.001932,84.62773,84.54425,86.12093
2022-01-24 12:07:31.508486,83.90492,84.33875,86.12093
2022-01-24 12:07:32.006168,84.36905,84.699,86.08135
2022-01-24 12:07:32.501959,84.11161,84.64825,86.08135
2022-01-24 12:07:33.010952,84.47302,84.803,86.90604
2022-01-24 12:07:33.507420,83.44078,84.02925,86.90604
2022-01-24 12:07:34.005812,84.57575,84.90575,86.19916
2022-01-24 12:07:34.501861,84.21434,84.4415,86.19916
2022-01-24 12:07:35.010270,84.21434,84.751,85.96354
2022-01-24 12:07:35.506614,84.1636,84.28675,85.96354
2022-01-24 12:07:36.004663,83.9569,84.28675,85.80614
2022-01-24 12:07:36.510573,84.62773,84.95775,85.80614
2022-01-24 12:07:37.006346,83.80219,84.699,85.25666
2022-01-24 12:07:37.504848,84.26632,84.64825,85.25666
2022-01-24 12:07:38.002790,84.1636,84.184,86.35656
2022-01-24 12:07:38.508719,84.47302,84.751,86.35656
2022-01-24 12:07:39.008199,84.1636,84.4935,85.57051
2022-01-24 12:07:39.504747,84.11161,84.64825,85.57051
2022-01-24 12:07:40.003473,84.11161,84.28675,84.86364
2022-01-24 12:07:40.508087,83.9569,84.59625,84.86364
2022-01-24 12:07:41.006582,84.78245,85.21525,85.96354
2022-01-24 12:07:41.502993,83.49276,83.8225,85.96354
2022-01-24 12:07:42.004085,84.78245,84.95775,85.88531
2022-01-24 12:07:42.501730,84.05963,84.28675,85.88531
2022-01-24 12:07:43.001276,83.90492,84.28675,86.19916
2022-01-24 12:07:43.507293,84.36905,84.85375,86.19916
2022-01-24 12:07:44.006554,83.7502,84.132,85.49229
2022-01-24 12:07:44.501624,84.57575,84.85375,85.49229
2022-01-24 12:07:45.010620,83.80219,84.33875,85.64968
2022-01-24 12:07:45.506310,84.52377,84.699,85.64968
2022-01-24 12:07:46.004660,84.26632,84.54425,85.6101
2022-01-24 12:07:46.501780,84.05963,84.33875,85.6101
2022-01-24 12:07:47.010600,84.11161,84.4935,85.33489
2022-01-24 12:07:47.505780,84.00888,84.4935,85.33489
2022-01-24 12:07:48.003924,84.26632,84.85375,85.96354
2022-01-24 12:07:48.508967,83.7502,84.3895,85.96354
2022-01-24 12:07:49.008708,84.21434,84.28675,85.68833
2022-01-24 12:07:49.503367,84.31831,84.59625,85.68833
2022-01-24 12:07:50.003291,84.05963,84.33875,85.80614
2022-01-24 12:07:50.508927,84.47302,84.803,85.80614
2022-01-24 12:07:51.008838,83.85417,84.23475,85.7675
2022-01-24 12:07:51.505062,84.21434,84.59625,85.7675
2022-01-24 12:07:52.004245,84.11161,84.64825,86.04176
2022-01-24 12:07:52.511146,83.9569,84.33875,86.04176
2022-01-24 12:07:53.010629,84.47302,84.751,85.68833
2022-01-24 12:07:53.507722,84.11161,84.28675,85.68833
2022-01-24 12:07:54.007236,84.00888,84.23475,86.00312
2022-01-24 12:07:54.504744,84.1636,84.4415,86.00312
2022-01-24 12:07:55.003900,84.11161,84.64825,85.41406
2022-01-24 12:07:55.510565,84.05963,84.54425,85.41406
2022-01-24 12:07:56.009716,84.21434,84.4415,85.72791
2022-01-24 12:07:56.505119,84.05963,84.33875,85.72791
2022-01-24 12:07:57.003937,84.31831,84.64825,85.41406
2022-01-24 12:07:57.510377,84.42104,84.699,85.41406
2022-01-24 12:07:58.009162,83.90492,84.28675,86.00312
2022-01-24 12:07:58.506119,84.42104,84.751,86.00312
2022-01-24 12:07:59.003780,83.69946,84.23475,84.94281
2022-01-24 12:07:59.510836,84.62773,84.85375,84.94281
2022-01-24 12:08:00.009260,83.9569,84.54425,85.88531
2022-01-24 12:08:00.503715,84.05963,84.23475,85.88531
2022-01-24 12:08:01.003484,84.52377,84.699,85.84572
2022-01-24 12:08:01.509401,84.00888,84.64825,85.84572
2022-01-24 12:08:02.008360,84.21434,84.64825,85.92395
2022-01-24 12:08:02.504002,84.00888,84.3895,85.92395
2022-01-24 12:08:03.003547,84.26632,84.64825,85.37447
2022-01-24 12:08:03.509820,83.44078,84.08,85.37447
2022-01-24 12:08:04.008570,84.57575,84.90575,85.37447
2022-01-24 12:08:04.505693,83.9569,84.02925,85.37447
2022-01-24 12:08:05.004648,84.26632,84.64825,85.21708
2022-01-24 12:08:05.501320,84.11161,84.751,85.21708
2022-01-24 12:08:06.001505,83.64747,84.28675,85.96354
2022-01-24 12:08:06.506756,84.67848,85.0605,85.96354
2022-01-24 12:08:07.005216,83.49276,84.02925,86.04176
2022-01-24 12:08:07.510969,84.36905,84.803,86.04176
2022-01-24 12:08:08.010292,84.1636,84.33875,85.4527
2022-01-24 12:08:08.506316,84.00888,84.28675,85.4527
2022-01-24 12:08:09.006278,84.52377,84.803,85.7675
2022-01-24 12:08:09.501722,83.90492,84.33875,85.7675
2022-01-24 12:08:10.010067,84.47302,84.803,85.92395
2022-01-24 12:08:10.504678,83.69946,84.28675,85.92395
2022-01-24 12:08:11.001088,84.36905,84.54425,85.64968
2022-01-24 12:08:11.507020,84.42104,84.59625,85.64968
2022-01-24 12:08:12.005682,84.11161,84.54425,86.35656
2022-01-24 12:08:12.502940,84.05963,84.3895,86.35656
2022-01-24 12:08:13.001503,84.05963,84.4935,85.37447
2022-01-24 12:08:13.510273,84.31831,84.64825,85.37447
2022-01-24 12:08:14.007904,83.9569,84.59625,85.29625
2022-01-24 12:08:14.503614,83.9569,84.132,85.29625
2022-01-24 12:08:15.003432,84.31831,84.4935,85.64968
2022-01-24 12:08:15.509018,84.05963,84.33875,85.64968
2022-01-24 12:08:16.006720,84.62773,84.95775,85.57051
2022-01-24 12:08:16.503374,84.00888,84.699,85.57051
2022-01-24 12:08:17.001635,83.9569,84.184,86.5526
2022-01-24 12:08:17.508672,84.42104,84.95775,86.5526
2022-01-24 12:08:18.007691,84.11161,84.4935,86.31697
2022-01-24 12:08:18.501499,84.11161,84.4935,86.31697
2022-01-24 12:08:19.009534,83.9569,84.02925,85.41406
2022-01-24 12:08:19.505124,84.42104,84.699,85.41406
2022-01-24 12:08:20.002931,84.00888,84.3895,86.00312
2022-01-24 12:08:20.509221,84.1636,84.699,86.00312
2022-01-24 12:08:21.007281,83.59549,83.97725,85.68833
2022-01-24 12:08:21.502107,84.78245,85.0605,85.68833
2022-01-24 12:08:22.000996,83.80219,84.3895,85.53187
2022-01-24 12:08:22.509506,84.36905,84.28675,85.53187
2022-01-24 12:08:23.007130,84.67848,84.85375,85.64968
2022-01-24 12:08:23.502741,83.69946,84.132,85.64968
2022-01-24 12:08:24.505123,83.9569,84.23475,85.41406
2022-01-24 12:08:25.002649,84.05963,84.3895,85.7675
2022-01-24 12:08:25.509748,83.90492,84.54425,85.7675
2022-01-24 12:08:26.005484,84.31831,84.54425,85.53187
2022-01-24 12:08:26.503640,84.36905,84.59625,85.53187
2022-01-24 12:08:27.004174,84.21434,84.59625,85.29625
2022-01-24 12:08:27.502003,84.47302,85.0085,85.29625
2022-01-24 12:08:28.001714,83.39003,83.7705,85.6101
2022-01-24 12:08:28.507113,84.93716,85.26725,85.6101
2022-01-24 12:08:29.007457,83.33805,83.71975,85.7675
2022-01-24 12:08:29.502516,84.88517,85.16325,85.7675
2022-01-24 12:08:30.009716,83.80219,84.23475,85.06062
2022-01-24 12:08:30.505731,83.90492,84.4415,85.06062
2022-01-24 12:08:31.003401,84.57575,84.95775,85.6101
2022-01-24 12:08:31.502241,84.11161,84.59625,85.6101
2022-01-24 12:08:32.010234,84.42104,84.751,86.00312
2022-01-24 12:08:32.504977,83.64747,84.184,86.00312
2022-01-24 12:08:33.004293,84.05963,84.23475,85.21708
2022-01-24 12:08:33.509038,84.26632,84.54425,85.21708
2022-01-24 12:08:34.006899,84.21434,84.4935,85.80614
2022-01-24 12:08:34.505564,84.21434,84.803,85.80614
2022-01-24 12:08:35.004334,83.64747,84.08,85.53187
2022-01-24 12:08:35.510103,84.36905,84.4935,85.53187
2022-01-24 12:08:36.010542,84.36905,84.95775,85.06062
2022-01-24 12:08:36.505743,84.31831,84.64825,85.06062
2022-01-24 12:08:37.003760,83.54475,84.132,85.68833
2022-01-24 12:08:37.510672,84.00888,84.184,85.68833
2022-01-24 12:08:38.009796,84.67848,84.803,85.09926
2022-01-24 12:08:38.505513,84.21434,84.803,85.09926
2022-01-24 12:08:39.005859,84.05963,84.3895,85.88531
2022-01-24 12:08:39.501446,84.11161,84.3895,85.88531
2022-01-24 12:08:40.002400,84.52377,84.54425,85.92395
2022-01-24 12:08:40.507405,84.00888,84.803,85.92395
2022-01-24 12:08:41.007259,84.1636,84.4415,85.53187
2022-01-24 12:08:41.504146,84.11161,84.4935,85.53187
2022-01-24 12:08:42.004096,84.21434,84.54425,85.57051
2022-01-24 12:08:42.501145,84.36905,84.699,85.57051
2022-01-24 12:08:43.011090,84.05963,84.33875,85.68833
2022-01-24 12:08:43.508396,84.31831,84.59625,85.68833
2022-01-24 12:08:44.006665,83.9569,84.3895,85.57051
2022-01-24 12:08:44.501460,84.36905,84.4415,85.57051
2022-01-24 12:08:45.010557,84.36905,84.85375,85.4527
2022-01-24 12:08:45.505908,83.80219,84.3895,85.4527
2022-01-24 12:08:46.005293,84.47302,84.64825,85.4527
2022-01-24 12:08:46.501851,83.7502,84.184,85.4527
2022-01-24 12:08:47.001150,84.62773,84.90575,86.27739
2022-01-24 12:08:47.507539,83.69946,84.28675,86.27739
2022-01-24 12:08:48.005823,84.42104,84.64825,85.68833
2022-01-24 12:08:48.511186,84.11161,84.28675,85.68833
2022-01-24 12:08:49.010143,84.11161,84.4415,85.96354
2022-01-24 12:08:49.504662,84.21434,84.59625,85.96354
2022-01-24 12:08:50.002866,83.59549,84.132,85.57051
2022-01-24 12:08:50.508972,84.36905,84.751,85.57051
2022-01-24 12:08:51.006328,83.64747,84.23475,85.88531
2022-01-24 12:08:51.503662,84.52377,84.85375,85.88531
2022-01-24 12:08:52.002668,83.9569,84.4415,86.00312
2022-01-24 12:08:52.508517,84.21434,84.59625,86.00312
2022-01-24 12:08:53.006308,84.47302,84.54425,85.17843
2022-01-24 12:08:53.503089,83.7502,84.184,85.17843
2022-01-24 12:08:54.002211,84.57575,84.95775,85.80614
2022-01-24 12:08:54.508418,83.59549,84.23475,85.80614
2022-01-24 12:08:55.006290,84.52377,84.803,85.33489
2022-01-24 12:08:55.504639,83.80219,84.4415,85.33489
2022-01-24 12:08:56.002934,84.42104,84.59625,85.72791
2022-01-24 12:08:56.509780,84.52377,84.54425,85.72791
2022-01-24 12:08:57.007757,84.1636,84.699,85.7675
2022-01-24 12:08:57.503747,83.80219,83.97725,85.7675
2022-01-24 12:08:58.003549,84.1636,84.54425,85.25666
2022-01-24 12:08:58.510320,84.21434,84.4415,85.25666
2022-01-24 12:08:59.009742,83.64747,84.4415,86.31697
2022-01-24 12:08:59.505676,84.62773,84.90575,86.31697
2022-01-24 12:09:00.004959,83.9569,84.02925,85.49229
2022-01-24 12:09:00.508516,84.62773,84.90575,85.49229
2022-01-24 12:09:01.006772,84.1636,84.54425,85.84572
2022-01-24 12:09:01.501288,83.90492,84.4935,85.84572
2022-01-24 12:09:02.010150,84.1636,84.3895,85.72791
2022-01-24 12:09:02.504133,83.85417,84.4415,85.72791
2022-01-24 12:09:03.004088,84.62773,84.803,85.53187
2022-01-24 12:09:03.501145,84.11161,84.33875,85.53187
2022-01-24 12:09:04.010403,84.1636,84.3895,85.4527
2022-01-24 12:09:04.506742,84.1636,84.33875,85.4527
2022-01-24 12:09:05.003968,84.36905,84.85375,85.84572
2022-01-24 12:09:05.509088,84.1636,84.3895,85.84572
2022-01-24 12:09:06.007524,83.49276,84.132,85.33489
2022-01-24 12:09:06.503443,84.26632,84.54425,85.33489
2022-01-24 12:09:07.010155,84.36905,84.699,86.00312
2022-01-24 12:09:07.506607,84.36905,84.64825,86.00312
2022-01-24 12:09:08.005159,84.11161,84.33875,86.35656
2022-01-24 12:09:08.502468,84.21434,84.64825,86.35656
2022-01-24 12:09:09.009147,84.1636,84.28675,85.17843
2022-01-24 12:09:09.505666,84.00888,84.54425,85.17843
2022-01-24 12:09:10.004292,83.90492,84.08,85.25666
2022-01-24 12:09:10.510102,84.36905,84.803,85.25666
2022-01-24 12:09:11.005634,83.9569,84.08,86.19916
2022-01-24 12:09:11.502448,84.67848,84.85375,86.19916
2022-01-24 12:09:12.007802,83.64747,84.28675,85.33489
2022-01-24 12:09:12.502690,84.52377,84.803,85.33489
2022-01-24 12:09:13.010886,84.11161,84.4415,85.6101
2022-01-24 12:09:13.507247,84.47302,84.803,85.6101
2022-01-24 12:09:14.006352,83.64747,84.3895,85.53187
2022-01-24 12:09:14.503684,84.05963,84.28675,85.53187
2022-01-24 12:09:15.002636,84.57575,84.803,86.15958
2022-01-24 12:09:15.507435,84.00888,84.4415,86.15958
2022-01-24 12:09:16.007128,84.36905,84.54425,85.68833
2022-01-24 12:09:16.503278,83.64747,84.28675,85.68833
2022-01-24 12:09:17.011139,84.36905,84.4935,85.21708
2022-01-24 12:09:17.506821,84.11161,84.803,85.21708
2022-01-24 12:09:18.003781,84.21434,84.4415,85.64968
2022-01-24 12:09:18.510930,84.21434,84.28675,85.64968
2022-01-24 12:09:19.010254,84.11161,84.699,86.08135
2022-01-24 12:09:19.506557,84.1636,84.3895,86.08135
2022-01-24 12:09:20.004785,84.31831,84.699,85.4527
2022-01-24 12:09:20.510233,84.11161,84.3895,85.4527
2022-01-24 12:09:21.007388,83.85417,84.54425,86.04176
2022-01-24 12:09:21.503580,84.36905,84.699,86.04176
2022-01-24 12:09:22.002611,83.90492,84.23475,85.41406
2022-01-24 12:09:22.509750,84.31831,84.59625,85.41406
2022-01-24 12:09:23.008093,84.1636,84.33875,85.37447
2022-01-24 12:09:23.506038,83.9569,84.54425,85.37447
2022-01-24 12:09:24.004280,84.21434,84.28675,86.5526
2022-01-24 12:09:24.510143,83.7502,84.54425,86.5526
2022-01-24 12:09:25.008509,84.47302,84.751,86.08135
2022-01-24 12:09:25.504290,84.1636,84.4415,86.08135
2022-01-24 12:09:26.003160,84.1636,84.4415,85.72791
2022-01-24 12:09:26.508137,84.00888,84.132,85.72791
2022-01-24 12:09:27.007419,84.31831,84.699,85.41406
2022-01-24 12:09:27.505477,83.80219,84.08,85.41406
2022-01-24 12:09:28.009393,84.00888,84.751,85.68833
2022-01-24 12:09:28.504623,84.05963,84.3895,85.68833
2022-01-24 12:09:29.003465,84.47302,84.751,85.96354
2022-01-24 12:09:29.510431,84.31831,84.4935,85.96354
2022-01-24 12:09:30.009299,84.26632,84.33875,85.7675
2022-01-24 12:09:30.507128,83.90492,84.4415,85.7675
2022-01-24 12:09:31.006061,84.21434,84.23475,85.4527
2022-01-24 12:09:31.501218,84.05963,84.803,85.4527
2022-01-24 12:09:32.001746,84.05963,84.3895,85.13885
2022-01-24 12:09:32.509477,83.90492,84.4415,85.13885
2022-01-24 12:09:33.008696,84.67848,84.751,86.08135
2022-01-24 12:09:33.504063,84.67848,84.64825,86.08135
2022-01-24 12:09:34.003206,83.9569,84.4415,85.72791
2022-01-24 12:09:34.509355,84.21434,84.59625,85.72791
2022-01-24 12:09:35.009100,83.85417,84.4935,85.17843
2022-01-24 12:09:35.505386,84.21434,84.54425,85.17843
2022-01-24 12:09:36.004042,84.11161,85.0605,85.57051
2022-01-24 12:09:36.502280,83.69946,83.8225,85.57051
2022-01-24 12:09:37.002243,84.83319,84.95775,86.19916
2022-01-24 12:09:37.508530,83.80219,84.08,86.19916
2022-01-24 12:09:38.008637,84.83319,85.0605,85.72791
2022-01-24 12:09:38.503922,83.49276,84.132,85.72791
2022-01-24 12:09:39.002553,84.00888,84.23475,85.80614
2022-01-24 12:09:39.509905,84.1636,84.803,85.80614
2022-01-24 12:09:40.009213,84.26632,84.4415,85.57051
2022-01-24 12:09:40.506577,84.26632,84.4415,85.57051
2022-01-24 12:09:41.005252,83.80219,84.184,86.12093
2022-01-24 12:09:41.502304,84.36905,84.4415,86.12093
2022-01-24 12:09:42.002006,84.11161,84.699,86.08135
2022-01-24 12:09:42.508833,84.21434,84.699,86.08135
2022-01-24 12:09:43.008079,83.64747,84.23475,85.21708
2022-01-24 12:09:43.505470,84.1636,84.4415,85.21708
2022-01-24 12:09:44.005043,84.31831,84.4935,85.96354
2022-01-24 12:09:44.510148,84.47302,84.699,85.96354
2022-01-24 12:09:45.007612,84.00888,84.28675,85.37447
2022-01-24 12:09:45.503668,83.80219,84.23475,85.37447
2022-01-24 12:09:46.004841,83.85417,84.132,87.25947
2022-01-24 12:09:46.501241,84.1636,84.699,87.25947
2022-01-24 12:09:47.010673,84.36905,84.4935,228.67406
2022-01-24 12:09:47.506927,83.44078,83.7705,228.67406
2022-01-24 12:09:48.005779,84.42104,84.803,219.36687
2022-01-24 12:09:48.504924,84.1636,84.132,219.36687
2022-01-24 12:09:49.003803,84.1636,84.64825,141.02156
2022-01-24 12:09:49.510125,84.26632,84.3895,141.02156
2022-01-24 12:09:50.008362,83.64747,84.08,93.3075
2022-01-24 12:09:50.503120,84.57575,84.54425,93.3075
2022-01-24 12:09:51.002520,83.59549,84.132,91.14729
2022-01-24 12:09:51.508126,84.52377,84.751,91.14729
2022-01-24 12:09:52.006075,83.90492,84.02925,89.34051
2022-01-24 12:09:52.502015,83.80219,84.28675,89.34051
2022-01-24 12:09:53.001685,84.57575,84.85375,87.10208
2022-01-24 12:09:53.510250,84.31831,84.95775,87.10208
2022-01-24 12:09:54.009013,84.21434,84.3895,86.19916
2022-01-24 12:09:54.504657,83.90492,84.59625,86.19916
2022-01-24 12:09:55.003393,84.21434,84.4415,86.82781
2022-01-24 12:09:55.509935,84.21434,84.33875,86.82781
2022-01-24 12:09:56.008667,84.52377,84.95775,86.47437
2022-01-24 12:09:56.505101,84.21434,84.4935,86.47437
2022-01-24 12:09:57.005109,83.7502,84.33875,86.43479
2022-01-24 12:09:57.501839,84.47302,84.751,86.43479
2022-01-24 12:09:58.011196,83.85417,84.33875,86.71
2022-01-24 12:09:58.507517,84.62773,85.0605,86.71
2022-01-24 12:09:59.007169,84.00888,84.184,86.15958
2022-01-24 12:09:59.503952,84.05963,84.28675,86.15958
2022-01-24 12:10:00.003330,84.31831,84.59625,85.49229
2022-01-24 12:10:00.508982,84.11161,84.751,85.49229
2022-01-24 12:10:01.009274,84.31831,84.59625,85.6101
2022-01-24 12:10:01.506456,83.7502,84.184,85.6101
2022-01-24 12:10:02.005160,84.1636,84.3895,86.04176
2022-01-24 12:10:02.501228,84.67848,84.95775,86.04176
2022-01-24 12:10:03.009736,83.7502,84.28675,86.71
2022-01-24 12:10:03.505926,84.26632,84.4415,86.71
2022-01-24 12:10:04.003546,83.85417,84.3895,85.64968
2022-01-24 12:10:04.509273,84.78245,85.0605,85.64968
2022-01-24 12:10:05.007586,83.64747,84.23475,85.4527
2022-01-24 12:10:05.504966,84.21434,84.59625,85.4527
2022-01-24 12:10:06.004678,84.05963,84.4935,85.4527
2022-01-24 12:10:06.503071,84.31831,84.4935,85.4527
2022-01-24 12:10:07.000745,84.52377,84.85375,85.49229
2022-01-24 12:10:07.506426,83.80219,84.4935,85.49229
2022-01-24 12:10:08.005419,84.00888,84.33875,85.88531
2022-01-24 12:10:08.511147,84.21434,84.4935,85.88531
2022-01-24 12:10:09.010518,84.36905,84.64825,86.15958
2022-01-24 12:10:09.506302,83.85417,84.3895,86.15958
2022-01-24 12:10:10.003918,84.1636,84.3895,85.29625
2022-01-24 12:10:10.502304,84.36905,84.28675,85.29625
2022-01-24 12:10:11.006936,84.47302,85.0085,86.12093
2022-01-24 12:10:11.503506,84.21434,84.4415,86.12093
2022-01-24 12:10:12.003294,83.7502,84.33875,85.6101
2022-01-24 12:10:12.509868,84.26632,84.3895,85.6101
2022-01-24 12:10:13.007874,83.7502,84.23475,85.09926
2022-01-24 12:10:13.504654,84.73046,84.95775,85.09926
2022-01-24 12:10:14.003471,83.90492,83.7705,86.00312
2022-01-24 12:10:14.508420,84.26632,84.803,86.00312
2022-01-24 12:10:15.007844,84.21434,84.59625,86.12093
2022-01-24 12:10:15.504035,83.90492,84.4935,86.12093
2022-01-24 12:10:16.002492,84.26632,84.4935,85.68833
2022-01-24 12:10:16.509000,83.44078,84.132,85.68833
2022-01-24 12:10:17.008165,84.73046,85.0085,86.12093
2022-01-24 12:10:17.503996,84.11161,84.02925,86.12093
2022-01-24 12:10:18.002714,84.42104,84.90575,86.00312
2022-01-24 12:10:18.509047,84.00888,84.28675,86.00312
2022-01-24 12:10:19.007704,84.21434,84.803,85.84572
2022-01-24 12:10:19.504912,84.00888,84.23475,85.84572
2022-01-24 12:10:20.005022,83.64747,84.132,86.12093
2022-01-24 12:10:20.501467,84.42104,84.803,86.12093
2022-01-24 12:10:21.011066,84.1636,84.3895,85.33489
2022-01-24 12:10:21.507956,84.42104,84.85375,85.33489
2022-01-24 12:10:22.007233,84.11161,84.3895,85.6101
2022-01-24 12:10:22.502761,84.21434,84.699,85.6101
2022-01-24 12:10:23.003243,84.52377,84.90575,85.68833
2022-01-24 12:10:23.509762,83.7502,84.08,85.68833
2022-01-24 12:10:24.008712,84.21434,84.54425,85.13885
2022-01-24 12:10:24.505842,84.31831,84.64825,85.13885
2022-01-24 12:10:25.004582,83.90492,84.28675,85.53187
2022-01-24 12:10:25.511021,84.47302,84.803,85.53187
2022-01-24 12:10:26.009882,83.49276,84.132,85.33489
2022-01-24 12:10:26.505225,84.52377,84.699,85.33489
2022-01-24 12:10:27.004978,84.21434,84.751,85.80614
2022-01-24 12:10:27.501351,83.9569,84.3895,85.80614
2022-01-24 12:10:28.006148,84.00888,84.33875,85.84572
2022-01-24 12:10:28.510207,84.21434,84.59625,85.84572
2022-01-24 12:10:29.003711,84.57575,84.751,85.49229
2022-01-24 12:10:29.504624,84.05963,84.699,85.49229
2022-01-24 12:10:30.007950,84.26632,84.64825,85.53187
2022-01-24 12:10:30.509633,83.9569,84.4935,85.53187
2022-01-24 12:10:31.002189,84.31831,84.59625,86.12093
2022-01-24 12:10:31.502174,84.11161,84.699,86.12093
2022-01-24 12:10:32.005157,83.90492,84.28675,85.4527
2022-01-24 12:10:32.507090,84.1636,84.3895,85.4527
2022-01-24 12:10:33.002340,84.05963,84.64825,85.21708
2022-01-24 12:10:33.503725,84.47302,84.59625,85.21708
2022-01-24 12:10:34.007880,83.90492,84.4415,85.29625
2022-01-24 12:10:34.508343,84.31831,84.54425,85.29625
2022-01-24 12:10:35.002265,83.64747,84.184,85.7675
2022-01-24 12:10:35.501737,85.03989,85.37,85.7675
2022-01-24 12:10:36.006929,83.54475,83.92525,85.25666
2022-01-24 12:10:36.506578,84.31831,84.751,85.25666
2022-01-24 12:10:37.003884,84.21434,84.4415,85.64968
2022-01-24 12:10:37.505937,84.11161,84.54425,85.64968
2022-01-24 12:10:38.010410,84.62773,84.90575,85.17843
2022-01-24 12:10:38.503073,83.23532,83.61575,85.17843
2022-01-24 12:10:39.006947,84.78245,85.0605,85.84572
2022-01-24 12:10:39.507555,84.1636,84.28675,85.84572
2022-01-24 12:10:40.001140,84.47302,84.85375,86.15958
2022-01-24 12:10:40.502492,83.9569,84.132,86.15958
2022-01-24 12:10:41.008096,84.11161,84.54425,84.86364
2022-01-24 12:10:41.501355,84.42104,84.64825,84.86364
2022-01-24 12:10:42.005945,84.05963,84.4415,85.57051
2022-01-24 12:10:42.507163,84.42104,84.699,85.57051
2022-01-24 12:10:43.010939,83.64747,84.02925,86.04176
2022-01-24 12:10:43.501715,84.83319,85.21525,86.04176
2022-01-24 12:10:44.006525,84.11161,84.28675,85.41406
2022-01-24 12:10:44.508565,84.1636,84.4935,85.41406
2022-01-24 12:10:45.006999,84.1636,84.59625,85.84572
2022-01-24 12:10:45.509946,83.85417,84.184,85.84572
2022-01-24 12:10:46.005017,84.1636,84.4935,85.64968
2022-01-24 12:10:46.506713,84.05963,84.4935,85.64968
2022-01-24 12:10:47.009067,84.21434,84.54425,85.37447
2022-01-24 12:10:47.511045,84.36905,84.4415,85.37447
2022-01-24 12:10:48.009026,83.9569,84.3895,85.96354
2022-01-24 12:10:48.510249,84.36905,84.4935,85.96354
2022-01-24 12:10:49.004105,84.21434,84.64825,85.6101
2022-01-24 12:10:49.503982,83.80219,84.08,85.6101
2022-01-24 12:10:50.004908,84.21434,84.90575,85.84572
2022-01-24 12:10:50.507520,84.11161,84.4415,85.84572
2022-01-24 12:10:51.010282,84.57575,84.699,85.6101
2022-01-24 12:10:51.506764,83.9569,84.3895,85.6101
2022-01-24 12:10:52.001364,84.21434,84.54425,85.33489
2022-01-24 12:10:52.507405,83.9569,84.33875,85.33489
2022-01-24 12:10:53.001516,84.1636,84.4415,85.7675
2022-01-24 12:10:53.501056,84.11161,84.85375,85.7675
2022-01-24 12:10:54.003759,84.00888,84.4935,85.57051
2022-01-24 12:10:54.506468,84.36905,84.699,85.57051
2022-01-24 12:10:55.011024,84.05963,84.4415,86.27739
2022-01-24 12:10:55.501705,84.47302,84.803,86.27739
2022-01-24 12:10:56.005239,84.11161,84.64825,85.4527
2022-01-24 12:10:56.504545,84.05963,84.33875,85.4527
2022-01-24 12:10:57.008242,83.44078,84.02925,84.98145
2022-01-24 12:10:57.507651,84.42104,84.85375,84.98145
2022-01-24 12:10:58.010294,84.36905,84.699,85.92395
2022-01-24 12:10:58.508905,84.1636,84.4935,85.92395
2022-01-24 12:10:59.001653,83.9569,84.08,86.23875
2022-01-24 12:10:59.502480,84.11161,84.4935,86.23875
2022-01-24 12:11:00.008956,84.78245,85.0605,85.57051
2022-01-24 12:11:00.503869,83.39003,83.7705,85.57051
2022-01-24 12:11:01.007886,84.21434,84.751,86.31697
2022-01-24 12:11:01.508446,83.9569,84.132,86.31697
2022-01-24 12:11:02.001210,84.73046,85.0605,85.13885
2022-01-24 12:11:02.502135,84.21434,84.4935,85.13885
2022-01-24 12:11:03.007190,83.7502,84.28675,85.29625
2022-01-24 12:11:03.511006,84.36905,84.4935,85.29625
2022-01-24 12:11:04.004750,84.11161,84.64825,85.33489
2022-01-24 12:11:04.505542,84.67848,85.0085,85.33489
2022-01-24 12:11:05.011115,83.33805,83.8745,86.00312
2022-01-24 12:11:05.510601,84.1636,84.4415,86.00312
2022-01-24 12:11:06.003849,84.05963,84.184,84.90322
2022-01-24 12:11:06.505662,84.62773,85.0605,84.90322
2022-01-24 12:11:07.010737,83.90492,84.28675,85.88531
2022-01-24 12:11:07.510950,84.00888,84.4935,85.88531
2022-01-24 12:11:08.004598,84.42104,84.64825,85.37447
2022-01-24 12:11:08.507389,83.85417,84.3895,85.37447
2022-01-24 12:11:09.001946,84.52377,84.751,84.98145
2022-01-24 12:11:09.505109,84.11161,84.28675,84.98145
2022-01-24 12:11:10.008105,83.7502,84.184,86.04176
2022-01-24 12:11:10.508312,84.52377,84.90575,86.04176
2022-01-24 12:11:11.002368,83.9569,84.33875,85.7675
2022-01-24 12:11:11.509340,83.90492,84.23475,85.7675
2022-01-24 12:11:12.003797,84.05963,84.751,85.13885
2022-01-24 12:11:12.504621,84.11161,84.33875,85.13885
2022-01-24 12:11:13.008393,84.47302,84.699,86.00312
2022-01-24 12:11:13.510742,84.21434,84.64825,86.00312
2022-01-24 12:11:14.003545,83.90492,84.28675,85.17843
2022-01-24 12:11:14.505887,84.21434,84.64825,85.17843
2022-01-24 12:11:15.009511,84.21434,84.59625,85.53187
2022-01-24 12:11:15.510427,84.1636,84.64825,85.53187
2022-01-24 12:11:16.006856,84.11161,84.54425,85.92395
2022-01-24 12:11:16.501739,84.21434,84.4415,85.92395
2022-01-24 12:11:17.009706,84.21434,84.4415,85.57051
2022-01-24 12:11:17.509254,84.42104,84.699,85.57051
2022-01-24 12:11:18.002975,84.1636,84.54425,85.88531
2022-01-24 12:11:18.504492,84.52377,84.85375,85.88531
2022-01-24 12:11:19.009887,83.90492,84.33875,85.80614
2022-01-24 12:11:19.510454,84.1636,84.64825,85.80614
2022-01-24 12:11:20.004936,84.52377,84.803,85.57051
2022-01-24 12:11:20.504592,84.1636,84.3895,85.57051
2022-01-24 12:11:21.009951,84.26632,84.3895,85.41406
2022-01-24 12:11:21.503827,83.54475,83.97725,85.41406
2022-01-24 12:11:22.003181,84.26632,84.59625,85.06062
2022-01-24 12:11:22.504554,83.90492,84.4935,85.06062
2022-01-24 12:11:23.007974,84.62773,85.16325,85.25666
2022-01-24 12:11:23.506713,83.18334,83.71975,85.25666
2022-01-24 12:11:24.011044,84.67848,84.85375,86.5526
2022-01-24 12:11:24.502479,84.62773,84.64825,86.5526
2022-01-24 12:11:25.005817,83.69946,83.97725,85.92395
2022-01-24 12:11:25.509362,84.42104,84.699,85.92395
2022-01-24 12:11:26.003822,83.49276,83.71975,85.21708
2022-01-24 12:11:26.504370,84.47302,84.95775,85.21708
2022-01-24 12:11:27.010164,83.80219,84.4415,85.92395
2022-01-24 12:11:27.501668,83.90492,84.28675,85.92395
2022-01-24 12:11:28.005659,84.57575,84.59625,85.6101
2022-01-24 12:11:28.505794,84.1636,84.28675,85.6101
2022-01-24 12:11:29.010233,84.67848,84.90575,85.7675
2022-01-24 12:11:29.510922,83.64747,84.02925,85.7675
2022-01-24 12:11:30.004389,84.36905,84.803,86.12093
2022-01-24 12:11:30.505107,83.39003,84.02925,86.12093
2022-01-24 12:11:31.009416,84.9879,85.1125,85.02104
2022-01-24 12:11:31.506031,84.11161,84.23475,85.02104
2022-01-24 12:11:32.004318,84.00888,84.3895,85.84572
2022-01-24 12:11:32.509212,84.57575,84.64825,85.84572
2022-01-24 12:11:33.007340,83.90492,84.33875,85.4527
2022-01-24 12:11:33.501851,84.31831,84.64825,85.4527
2022-01-24 12:11:34.001457,83.69946,84.4415,85.25666
2022-01-24 12:11:34.508250,84.05963,84.33875,85.25666
2022-01-24 12:11:35.007310,84.47302,84.699,85.68833
2022-01-24 12:11:35.502770,84.42104,84.64825,85.68833
2022-01-24 12:11:36.505120,84.11161,84.59625,85.6101
2022-01-24 12:11:37.003145,84.1636,84.64825,85.49229
2022-01-24 12:11:37.509798,83.9569,84.54425,85.49229
2022-01-24 12:11:38.007249,84.36905,84.699,86.27739
2022-01-24 12:11:38.503300,83.7502,84.08,86.27739
2022-01-24 12:11:39.002765,84.36905,84.699,85.57051
2022-01-24 12:11:39.509351,84.57575,84.803,85.57051
2022-01-24 12:11:40.009560,83.64747,84.02925,85.49229
2022-01-24 12:11:40.504797,84.21434,84.751,85.49229
2022-01-24 12:11:41.003181,83.49276,84.02925,85.53187
2022-01-24 12:11:41.508963,84.62773,84.90575,85.53187
2022-01-24 12:11:42.006636,83.59549,84.02925,85.92395
2022-01-24 12:11:42.502571,84.1636,84.4415,85.92395
2022-01-24 12:11:43.010860,84.31831,84.54425,85.17843
2022-01-24 12:11:43.507476,84.00888,84.59625,85.17843
2022-01-24 12:11:44.007360,84.36905,84.85375,85.53187
2022-01-24 12:11:44.505942,84.05963,84.4415,85.53187
2022-01-24 12:11:45.004362,84.57575,84.751,85.13885
2022-01-24 12:11:45.510095,83.85417,84.28675,85.13885
2022-01-24 12:11:46.009890,84.21434,84.28675,85.6101
2022-01-24 12:11:46.505567,84.26632,84.4935,85.6101
2022-01-24 12:11:47.006306,83.7502,84.23475,85.88531
2022-01-24 12:11:47.510755,84.73046,85.16325,85.88531
2022-01-24 12:11:48.009020,83.23532,83.7705,86.35656
2022-01-24 12:11:48.509624,85.09187,85.318,86.35656
2022-01-24 12:11:49.007792,83.39003,83.8745,85.68833
2022-01-24 12:11:49.505194,84.62773,84.751,85.68833
2022-01-24 12:11:50.004008,84.11161,84.23475,85.88531
2022-01-24 12:11:50.509955,84.26632,84.4415,85.88531
2022-01-24 12:11:51.007844,84.1636,84.54425,85.06062
2022-01-24 12:11:51.502523,83.85417,84.4415,85.06062
2022-01-24 12:11:52.010194,84.36905,84.85375,85.53187
2022-01-24 12:11:52.505423,83.59549,84.132,85.53187
2022-01-24 12:11:53.005008,84.52377,84.803,85.33489
2022-01-24 12:11:53.503240,84.1636,84.54425,85.33489
2022-01-24 12:11:54.002100,84.31831,84.4415,85.64968
2022-01-24 12:11:54.506298,84.05963,84.3895,85.64968
2022-01-24 12:11:55.004528,84.21434,84.751,85.72791
2022-01-24 12:11:55.501310,84.47302,84.64825,85.72791
2022-01-24 12:11:56.009987,83.7502,84.132,85.96354
2022-01-24 12:11:56.508556,84.26632,84.4935,85.96354
2022-01-24 12:11:57.006710,83.7502,84.23475,85.25666
2022-01-24 12:11:57.506699,84.78245,85.0605,85.25666
2022-01-24 12:11:58.004509,84.00888,84.184,85.88531
2022-01-24 12:11:58.510773,84.05963,84.33875,85.88531
2022-01-24 12:11:59.007983,83.7502,84.184,85.21708
2022-01-24 12:11:59.503848,84.67848,85.0605,85.21708
2022-01-24 12:12:00.002083,84.31831,84.59625,85.96354
2022-01-24 12:12:00.508852,83.23532,83.71975,85.96354
2022-01-24 12:12:01.007586,84.57575,84.699,85.92395
2022-01-24 12:12:01.506814,84.05963,84.33875,85.92395
2022-01-24 12:12:02.006345,84.88517,85.21525,85.37447
2022-01-24 12:12:02.503561,83.69946,84.132,85.37447
2022-01-24 12:12:03.001281,83.7502,84.23475,85.7675
2022-01-24 12:12:03.508383,84.67848,85.0605,85.7675
2022-01-24 12:12:04.006149,84.00888,84.751,85.80614
2022-01-24 12:12:04.502884,84.05963,84.23475,85.80614
2022-01-24 12:12:05.001286,84.11161,84.184,85.17843
2022-01-24 12:12:05.508046,83.85417,84.28675,85.17843
2022-01-24 12:12:06.007274,84.73046,85.0605,85.37447
2022-01-24 12:12:06.503086,84.05963,84.3895,85.37447
2022-01-24 12:12:07.011045,83.9569,84.184,85.68833
2022-01-24 12:12:07.507774,83.90492,84.699,85.68833
2022-01-24 12:12:08.006490,83.9569,84.132,85.06062
2022-01-24 12:12:08.501418,84.21434,84.3895,85.06062
2022-01-24 12:12:09.008117,84.21434,84.184,235.07458
2022-01-24 12:12:09.504572,83.44078,83.8225,235.07458
2022-01-24 12:12:10.002160,84.31831,84.59625,225.72875
2022-01-24 12:12:10.509457,84.62773,84.803,225.72875
2022-01-24 12:12:11.003282,83.69946,84.08,178.40676
2022-01-24 12:12:11.509119,84.11161,84.33875,178.40676
2022-01-24 12:12:12.010464,83.90492,84.23475,106.81635
2022-01-24 12:12:12.505752,84.26632,84.4935,106.81635
2022-01-24 12:12:13.003903,84.36905,84.64825,92.32541
2022-01-24 12:12:13.510233,83.80219,84.28675,92.32541
2022-01-24 12:12:14.009312,84.36905,84.59625,92.01156
2022-01-24 12:12:14.506751,83.80219,84.08,92.01156
2022-01-24 12:12:15.004793,84.57575,84.803,87.14166
2022-01-24 12:12:15.510848,84.00888,84.4935,87.14166
2022-01-24 12:12:16.009114,84.31831,84.54425,86.63083
2022-01-24 12:12:16.505285,84.26632,84.54425,86.63083
2022-01-24 12:12:17.005049,84.1636,84.751,86.15958
2022-01-24 12:12:17.502346,84.21434,84.59625,86.15958
2022-01-24 12:12:18.001270,84.21434,84.699,86.15958
2022-01-24 12:12:18.507668,84.42104,84.699,86.15958
2022-01-24 12:12:19.007022,83.28607,83.8225,86.86645
2022-01-24 12:12:19.504148,84.67848,84.751,86.86645
2022-01-24 12:12:20.003394,84.62773,84.95775,86.86645
2022-01-24 12:12:20.510284,83.49276,84.132,86.86645
2022-01-24 12:12:21.007923,84.05963,84.3895,86.04176
2022-01-24 12:12:21.505028,83.90492,84.28675,86.04176
2022-01-24 12:12:22.003101,84.78245,85.0605,85.41406
2022-01-24 12:12:22.508858,84.11161,84.64825,85.41406
2022-01-24 12:12:23.006635,83.90492,83.97725,85.6101
2022-01-24 12:12:23.503847,84.36905,84.64825,85.6101
2022-01-24 12:12:24.002178,84.52377,85.0605,85.53187
2022-01-24 12:12:24.509698,84.21434,84.59625,85.53187
2022-01-24 12:12:25.007359,83.85417,84.28675,86.15958
2022-01-24 12:12:25.503484,84.1636,84.33875,86.15958
2022-01-24 12:12:26.001109,83.9569,84.803,85.37447
2022-01-24 12:12:26.507857,84.47302,84.54425,85.37447
2022-01-24 12:12:27.007248,83.80219,84.184,85.96354
2022-01-24 12:12:27.503541,84.21434,84.54425,85.96354
2022-01-24 12:12:28.002697,84.21434,84.54425,86.23875
2022-01-24 12:12:28.508697,84.36905,84.95775,86.23875
2022-01-24 12:12:29.006557,84.11161,84.33875,86.19916
2022-01-24 12:12:29.502886,84.00888,84.4415,86.19916
2022-01-24 12:12:30.003691,84.05963,84.33875,85.72791
2022-01-24 12:12:30.510571,84.31831,84.85375,85.72791
2022-01-24 12:12:31.009121,84.57575,84.751,85.53187
2022-01-24 12:12:31.503402,84.11161,84.4935,85.53187
2022-01-24 12:12:32.001555,83.69946,84.132,85.4527
2022-01-24 12:12:32.509947,84.52377,84.751,85.4527
2022-01-24 12:12:33.007244,84.11161,84.699,85.02104
2022-01-24 12:12:33.503536,84.31831,84.4415,85.02104
2022-01-24 12:12:34.002750,83.69946,84.3895,86.00312
2022-01-24 12:12:34.509196,83.90492,84.23475,86.00312
2022-01-24 12:12:35.007234,85.1946,85.422,85.72791
2022-01-24 12:12:35.506124,83.54475,83.92525,85.72791
2022-01-24 12:12:36.004708,84.42104,84.751,86.23875
2022-01-24 12:12:36.501426,83.9569,84.4415,86.23875
2022-01-24 12:12:37.002170,84.36905,84.699,85.29625
2022-01-24 12:12:37.508636,83.69946,84.33875,85.29625
2022-01-24 12:12:38.008937,84.11161,84.54425,85.80614
2022-01-24 12:12:38.505813,84.47302,84.803,85.80614
2022-01-24 12:12:39.003611,84.26632,84.3895,85.7675
2022-01-24 12:12:39.501046,84.62773,84.95775,85.7675
2022-01-24 12:12:40.010206,83.80219,84.33875,86.35656
2022-01-24 12:12:40.506782,84.31831,84.59625,86.35656
2022-01-24 12:12:41.004389,83.59549,84.33875,85.21708
2022-01-24 12:12:41.503472,84.1636,84.28675,85.21708
2022-01-24 12:12:42.001821,84.42104,84.803,85.53187
2022-01-24 12:12:42.507977,83.90492,84.23475,85.53187
2022-01-24 12:12:43.006630,84.73046,85.0085,85.13885
2022-01-24 12:12:43.503512,83.54475,84.08,85.13885
2022-01-24 12:12:44.001478,84.47302,84.699,86.04176
2022-01-24 12:12:44.508222,83.85417,84.54425,86.04176
2022-01-24 12:12:45.006908,84.21434,84.64825,86.15958
2022-01-24 12:12:45.501884,83.85417,84.23475,86.15958
2022-01-24 12:12:46.001120,84.31831,84.64825,85.25666
2022-01-24 12:12:46.508862,84.26632,84.3895,85.25666
2022-01-24 12:12:47.006924,84.21434,84.64825,86.15958
2022-01-24 12:12:47.506689,84.05963,84.33875,86.15958
2022-01-24 12:12:48.006850,83.9569,84.64825,86.67041
2022-01-24 12:12:48.502400,84.47302,84.803,86.67041
2022-01-24 12:12:49.009931,83.85417,84.59625,85.29625
2022-01-24 12:12:49.505191,84.36905,84.699,85.29625
2022-01-24 12:12:50.004914,84.1636,84.4415,86.15958
2022-01-24 12:12:50.502809,84.1636,84.64825,86.15958
2022-01-24 12:12:51.505450,83.90492,84.28675,85.41406
2022-01-24 12:12:52.004523,84.05963,84.3895,85.7675
2022-01-24 12:12:52.502348,83.69946,84.33875,85.7675
2022-01-24 12:12:53.004076,84.57575,84.85375,85.92395
2022-01-24 12:12:53.509404,84.31831,84.3895,85.92395
2022-01-24 12:12:54.007464,84.05963,84.4935,85.57051
2022-01-24 12:12:54.504030,84.21434,84.59625,85.57051
2022-01-24 12:12:55.007052,84.11161,84.54425,85.53187
2022-01-24 12:12:55.502852,84.62773,84.803,85.53187
2022-01-24 12:12:56.003209,83.69946,84.28675,86.51301
2022-01-24 12:12:56.509335,84.00888,84.28675,86.51301
2022-01-24 12:12:57.007786,84.62773,84.64825,85.37447
2022-01-24 12:12:57.502852,83.80219,84.23475,85.37447
2022-01-24 12:12:58.001347,84.36905,84.64825,85.6101
2022-01-24 12:12:58.506731,83.64747,84.132,85.6101
2022-01-24 12:12:59.004837,84.67848,84.95775,86.27739
2022-01-24 12:12:59.510362,84.21434,84.90575,86.27739
2022-01-24 12:13:00.009239,84.1636,84.3895,85.57051
2022-01-24 12:13:00.503953,84.52377,84.54425,85.57051
2022-01-24 12:13:01.002842,84.05963,84.4415,85.25666
2022-01-24 12:13:01.509749,84.57575,84.95775,85.25666
2022-01-24 12:13:02.008254,83.44078,83.8745,85.72791
2022-01-24 12:13:02.503844,84.31831,84.54425,85.72791
2022-01-24 12:13:03.011150,83.80219,84.59625,84.90322
2022-01-24 12:13:03.507246,84.57575,84.751,84.90322
2022-01-24 12:13:04.007475,84.42104,84.59625,86.04176
2022-01-24 12:13:04.504730,83.85417,84.08,86.04176
2022-01-24 12:13:05.003705,84.11161,84.4415,85.06062
2022-01-24 12:13:05.511033,83.90492,84.3895,85.06062
2022-01-24 12:13:06.008908,84.52377,84.4415,85.49229
2022-01-24 12:13:06.504683,83.64747,84.28675,85.49229
2022-01-24 12:13:07.002678,84.31831,84.59625,85.88531
2022-01-24 12:13:07.508251,84.1636,84.4415,85.88531
2022-01-24 12:13:08.005547,84.52377,84.699,85.57051
2022-01-24 12:13:08.503369,83.90492,84.132,85.57051
2022-01-24 12:13:09.003338,84.05963,84.699,86.5526
2022-01-24 12:13:09.503247,84.00888,84.23475,86.5526
2022-01-24 12:13:10.002357,84.1636,84.803,85.6101
2022-01-24 12:13:10.510432,84.47302,84.90575,85.6101
2022-01-24 12:13:11.005023,83.49276,83.97725,85.57051
2022-01-24 12:13:11.510642,84.52377,84.699,85.57051
2022-01-24 12:13:12.009732,83.9569,84.132,86.23875
2022-01-24 12:13:12.506440,84.42104,84.90575,86.23875
2022-01-24 12:13:13.005940,84.11161,84.3895,85.49229
2022-01-24 12:13:13.501126,84.00888,84.751,85.49229
2022-01-24 12:13:14.000962,84.42104,84.751,85.25666
2022-01-24 12:13:14.505825,83.59549,84.28675,85.25666
2022-01-24 12:13:15.004758,84.62773,84.95775,86.27739
2022-01-24 12:13:15.510686,84.1636,84.132,86.27739
2022-01-24 12:13:16.008392,84.31831,84.751,85.92395
2022-01-24 12:13:16.503674,83.90492,84.132,85.92395
2022-01-24 12:13:17.002821,84.26632,84.85375,85.68833
2022-01-24 12:13:17.510813,84.1636,84.4935,85.68833
2022-01-24 12:13:18.505298,84.05963,84.28675,86.3952
2022-01-24 12:13:19.004205,84.52377,84.64825,85.68833
2022-01-24 12:13:19.501093,84.31831,84.699,85.68833
2022-01-24 12:13:20.010741,84.36905,84.54425,85.37447
2022-01-24 12:13:20.505742,83.85417,84.28675,85.37447
2022-01-24 12:13:21.002766,83.9569,84.23475,85.92395
2022-01-24 12:13:21.510274,84.21434,85.1125,85.92395
2022-01-24 12:13:22.008316,83.9569,84.23475,85.88531
2022-01-24 12:13:22.503487,84.00888,84.184,85.88531
2022-01-24 12:13:23.002766,84.00888,84.33875,85.6101
2022-01-24 12:13:23.510065,84.62773,84.64825,85.6101
2022-01-24 12:13:24.011041,84.11161,84.751,86.63083
2022-01-24 12:13:24.506673,84.26632,84.4415,86.63083
2022-01-24 12:13:25.004485,83.80219,84.28675,85.33489
2022-01-24 12:13:25.510298,84.1636,84.54425,85.33489
2022-01-24 12:13:26.010016,84.52377,85.1125,85.17843
2022-01-24 12:13:26.506294,84.00888,84.132,85.17843
2022-01-24 12:13:27.006526,84.26632,84.4935,86.47437
2022-01-24 12:13:27.504000,83.59549,84.132,86.47437
2022-01-24 12:13:28.002582,84.47302,84.751,85.64968
2022-01-24 12:13:28.508833,84.11161,84.751,85.64968
2022-01-24 12:13:29.008908,84.00888,84.184,85.64968
2022-01-24 12:13:29.503404,83.85417,84.28675,85.64968
2022-01-24 12:13:30.001153,84.1636,84.64825,85.53187
2022-01-24 12:13:30.508657,84.47302,84.28675,85.53187
2022-01-24 12:13:31.006507,84.31831,84.751,85.33489
2022-01-24 12:13:31.510607,83.7502,83.92525,85.33489
2022-01-24 12:13:32.010268,83.9569,84.699,85.53187
2022-01-24 12:13:32.507548,84.73046,85.0605,85.53187
2022-01-24 12:13:33.005739,83.33805,83.92525,85.80614
2022-01-24 12:13:33.501664,84.83319,85.0605,85.80614
2022-01-24 12:13:34.011153,83.85417,83.8225,85.68833
2022-01-24 12:13:34.506779,84.52377,85.0605,85.68833
2022-01-24 12:13:35.005855,84.36905,84.64825,86.15958
2022-01-24 12:13:35.501967,83.85417,84.33875,86.15958
2022-01-24 12:13:36.010447,84.21434,84.3895,85.88531
2022-01-24 12:13:36.505873,83.7502,84.4415,85.88531
2022-01-24 12:13:37.004668,84.73046,84.95775,85.02104
2022-01-24 12:13:37.501362,84.00888,84.184,85.02104
2022-01-24 12:13:38.009542,83.90492,84.59625,85.84572
2022-01-24 12:13:38.504460,84.1636,84.3895,85.84572
2022-01-24 12:13:39.004454,83.90492,84.699,85.80614
2022-01-24 12:13:40.005054,83.59549,84.132,85.96354
2022-01-24 12:13:40.501863,84.36905,84.59625,85.96354
2022-01-24 12:13:41.010940,84.11161,84.28675,85.88531
2022-01-24 12:13:41.508386,84.31831,84.54425,85.88531
2022-01-24 12:13:42.006496,84.1636,84.54425,84.98145
2022-01-24 12:13:42.501235,83.90492,84.751,84.98145
2022-01-24 12:13:43.008933,83.64747,84.132,86.63083
2022-01-24 12:13:43.504109,84.52377,84.85375,86.63083
2022-01-24 12:13:44.003307,84.00888,84.33875,86.35656
2022-01-24 12:13:44.510815,84.67848,84.95775,86.35656
2022-01-24 12:13:45.007648,84.05963,84.132,85.21708
2022-01-24 12:13:45.504566,84.00888,84.184,85.21708
2022-01-24 12:13:46.003324,84.36905,84.95775,85.06062
2022-01-24 12:13:46.510332,84.21434,84.59625,85.06062
2022-01-24 12:13:47.008377,84.05963,84.3895,86.15958
2022-01-24 12:13:47.503919,83.90492,84.08,86.15958
2022-01-24 12:13:48.002651,84.31831,84.699,85.02104
2022-01-24 12:13:48.509430,84.42104,84.699,85.02104
2022-01-24 12:13:49.007901,84.52377,84.54425,86.04176
2022-01-24 12:13:49.503962,83.90492,84.4415,86.04176
2022-01-24 12:13:50.002414,83.9569,84.23475,85.4527
2022-01-24 12:13:50.510549,84.47302,84.95775,85.4527
2022-01-24 12:13:51.009059,83.9569,84.132,85.33489
2022-01-24 12:13:51.505854,84.11161,84.64825,85.33489
2022-01-24 12:13:52.004496,83.85417,84.132,85.84572
2022-01-24 12:13:52.501339,84.52377,84.699,85.84572
2022-01-24 12:13:53.010334,84.1636,84.699,85.21708
2022-01-24 12:13:53.504828,84.05963,84.33875,85.21708
2022-01-24 12:13:54.003212,83.80219,84.28675,86.35656
2022-01-24 12:13:54.508508,84.1636,84.4935,86.35656
2022-01-24 12:13:55.007298,83.80219,84.28675,85.4527
2022-01-24 12:13:55.503850,84.62773,84.90575,85.4527
2022-01-24 12:13:56.003354,83.80219,83.92525,86.04176
2022-01-24 12:13:56.505384,84.11161,84.64825,86.04176
2022-01-24 12:13:57.001326,84.52377,84.85375,85.49229
2022-01-24 12:13:57.507831,84.11161,84.54425,85.49229
2022-01-24 12:13:58.007101,84.21434,84.64825,85.80614
2022-01-24 12:13:58.501382,83.33805,84.08,85.80614
2022-01-24 12:13:59.504773,83.90492,84.184,86.5526
2022-01-24 12:14:00.004918,84.36905,84.699,85.7675
2022-01-24 12:14:00.503318,83.85417,84.23475,85.7675
2022-01-24 12:14:01.002391,84.11161,84.59625,84.94281
2022-01-24 12:14:01.508222,84.67848,84.751,84.94281
2022-01-24 12:14:02.008992,83.80219,84.3895,85.96354
2022-01-24 12:14:02.504911,84.36905,84.751,85.96354
2022-01-24 12:14:03.003925,83.80219,84.28675,85.92395
2022-01-24 12:14:03.501244,84.21434,84.54425,85.92395
2022-01-24 12:14:04.002346,84.26632,84.4415,85.80614
2022-01-24 12:14:04.509930,84.11161,84.59625,85.80614
2022-01-24 12:14:05.010047,84.42104,84.64825,85.13885
2022-01-24 12:14:05.506909,83.9569,84.33875,85.13885
2022-01-24 12:14:06.002697,84.05963,84.33875,85.4527
2022-01-24 12:14:06.509119,84.26632,84.54425,85.4527
2022-01-24 12:14:07.007442,84.11161,84.3895,85.96354
2022-01-24 12:14:07.507978,84.26632,84.4415,85.96354
2022-01-24 12:14:08.007419,84.21434,84.85375,85.49229
2022-01-24 12:14:08.502348,84.1636,84.23475,85.49229
2022-01-24 12:14:09.001167,84.52377,84.95775,85.4527
2022-01-24 12:14:09.506319,83.7502,84.132,85.4527
2022-01-24 12:14:10.004621,84.11161,84.699,85.29625
2022-01-24 12:14:10.509253,84.36905,84.64825,85.29625
2022-01-24 12:14:11.004443,84.36905,84.4415,85.72791
2022-01-24 12:14:11.508609,83.90492,84.33875,85.72791
2022-01-24 12:14:12.007427,84.31831,84.699,85.33489
2022-01-24 12:14:12.501979,84.00888,84.4935,85.33489
2022-01-24 12:14:13.010395,84.26632,84.4935,85.21708
2022-01-24 12:14:13.506853,83.9569,84.54425,85.21708
2022-01-24 12:14:14.005670,84.00888,84.28675,85.72791
2022-01-24 12:14:14.501147,84.47302,84.54425,85.72791
2022-01-24 12:14:15.010197,83.9569,84.4935,85.4527
2022-01-24 12:14:15.506492,84.21434,84.28675,85.4527
2022-01-24 12:14:16.003564,84.00888,84.4415,85.53187
2022-01-24 12:14:16.501884,84.05963,84.33875,85.53187
2022-01-24 12:14:17.010013,83.9569,84.33875,85.57051
2022-01-24 12:14:17.504400,84.57575,85.0085,85.57051
2022-01-24 12:14:18.004076,84.00888,84.02925,86.47437
2022-01-24 12:14:18.510620,84.11161,84.59625,86.47437
2022-01-24 12:14:19.009466,84.36905,84.751,85.02104
2022-01-24 12:14:19.506468,83.59549,84.184,85.02104
2022-01-24 12:14:20.004527,84.73046,84.90575,85.92395
2022-01-24 12:14:20.511041,83.49276,83.7705,85.92395
2022-01-24 12:14:21.011112,84.36905,84.90575,84.98145
2022-01-24 12:14:21.507438,84.42104,84.751,84.98145
2022-01-24 12:14:22.006343,84.11161,84.3895,86.00312
2022-01-24 12:14:22.503179,84.47302,84.803,86.00312
2022-01-24 12:14:23.003580,83.7502,84.33875,86.19916
2022-01-24 12:14:23.509114,84.73046,85.0085,86.19916
2022-01-24 12:14:24.008234,83.44078,83.8745,85.88531
2022-01-24 12:14:24.504349,84.62773,84.699,85.88531
2022-01-24 12:14:25.002265,83.69946,84.184,85.09926
2022-01-24 12:14:25.509196,84.78245,85.318,85.09926
2022-01-24 12:14:26.008628,84.11161,84.28675,85.57051
2022-01-24 12:14:26.504626,84.05963,84.28675,85.57051
2022-01-24 12:14:27.004118,84.11161,84.23475,85.57051
2022-01-24 12:14:28.004677,84.47302,84.803,85.84572
2022-01-24 12:14:28.509796,83.49276,83.92525,85.84572
2022-01-24 12:14:29.008522,84.42104,84.85375,85.41406
2022-01-24 12:14:29.506266,84.36905,84.64825,85.41406
2022-01-24 12:14:30.003861,84.1636,84.699,86.78822
2022-01-24 12:14:30.504109,83.85417,84.02925,86.78822
2022-01-24 12:14:31.003601,83.49276,83.7705,87.10208
2022-01-24 12:14:31.509955,84.31831,84.4415,87.10208
2022-01-24 12:14:32.007536,83.85417,84.3895,235.4676
2022-01-24 12:14:32.502544,84.36905,84.751,235.4676
2022-01-24 12:14:33.010142,83.59549,83.61575,220.3876
2022-01-24 12:14:33.506272,84.31831,84.4935,220.3876
2022-01-24 12:14:34.003021,84.1636,84.4415,133.79541
2022-01-24 12:14:34.509978,84.11161,84.54425,133.79541
2022-01-24 12:14:35.009052,84.1636,84.3895,96.09541
2022-01-24 12:14:35.505935,83.49276,83.8745,96.09541
2022-01-24 12:14:36.004690,84.1636,84.4415,92.08979
2022-01-24 12:14:36.510733,84.21434,84.59625,92.08979
2022-01-24 12:14:37.010162,84.36905,84.4935,88.86926
2022-01-24 12:14:37.505443,84.26632,84.33875,88.86926
2022-01-24 12:14:38.004086,84.21434,84.699,86.74864
2022-01-24 12:14:38.501900,84.31831,84.59625,86.74864
2022-01-24 12:14:39.010175,84.1636,84.59625,86.12093
2022-01-24 12:14:39.509017,84.1636,84.59625,86.12093
2022-01-24 12:14:40.008505,84.00888,84.4415,86.47437
2022-01-24 12:14:40.504721,84.11161,84.4415,86.47437
2022-01-24 12:14:41.004903,84.21434,84.4415,86.19916
2022-01-24 12:14:41.509703,84.26632,84.64825,86.19916
2022-01-24 12:14:42.007623,84.67848,84.95775,86.27739
2022-01-24 12:14:42.502642,83.69946,84.184,86.27739
2022-01-24 12:14:43.001850,84.11161,84.4935,86.3952
2022-01-24 12:14:43.510110,84.00888,84.64825,86.3952
2022-01-24 12:14:44.007649,84.26632,84.751,85.49229
2022-01-24 12:14:44.503816,84.36905,84.23475,85.49229
2022-01-24 12:14:45.001513,83.80219,84.28675,85.84572
2022-01-24 12:14:45.507383,84.42104,84.95775,85.84572
2022-01-24 12:14:46.007206,84.1636,84.4935,85.41406
2022-01-24 12:14:46.503784,84.31831,84.59625,85.41406
2022-01-24 12:14:47.002047,83.64747,83.97725,86.74864
2022-01-24 12:14:47.508732,84.47302,84.95775,86.74864
2022-01-24 12:14:48.007206,84.21434,84.4415,86.00312
2022-01-24 12:14:48.503309,84.36905,84.803,86.00312
2022-01-24 12:14:49.001991,84.31831,84.64825,85.92395
2022-01-24 12:14:49.509120,83.64747,84.23475,85.92395
2022-01-24 12:14:50.007849,84.83319,85.26725,85.37447
2022-01-24 12:14:50.503718,83.49276,84.08,85.37447
2022-01-24 12:14:51.008866,84.52377,84.751,85.64968
2022-01-24 12:14:51.504883,84.05963,84.02925,85.64968
2022-01-24 12:14:52.002056,84.11161,84.59625,85.96354
2022-01-24 12:14:52.501457,84.52377,84.751,85.96354
2022-01-24 12:14:53.010617,83.90492,84.33875,86.19916
2022-01-24 12:14:53.509017,84.11161,84.3895,86.19916
2022-01-24 12:14:54.005946,83.85417,84.4415,85.29625
2022-01-24 12:14:54.501790,84.47302,84.90575,85.29625
2022-01-24 12:14:55.010277,84.21434,84.4415,85.33489
2022-01-24 12:14:55.507442,84.52377,84.751,85.33489
2022-01-24 12:14:56.005462,83.80219,84.184,85.68833
2022-01-24 12:14:56.510039,84.21434,84.59625,85.68833
2022-01-24 12:14:57.009665,84.47302,84.751,85.21708
2022-01-24 12:14:57.504166,83.69946,84.132,85.21708
2022-01-24 12:14:58.002144,84.21434,84.59625,86.19916
2022-01-24 12:14:58.507565,84.00888,84.4415,86.19916
2022-01-24 12:14:59.005198,84.31831,84.59625,85.92395
2022-01-24 12:14:59.501024,84.26632,84.54425,85.92395
2022-01-24 12:15:00.009274,84.21434,84.59625,86.63083
2022-01-24 12:15:00.506416,83.9569,84.23475,86.63083
2022-01-24 12:15:01.005342,84.1636,84.4935,85.25666
2022-01-24 12:15:01.501473,84.26632,84.699,85.25666
2022-01-24 12:15:02.009881,84.1636,84.54425,86.08135
2022-01-24 12:15:02.505915,84.1636,84.23475,86.08135
2022-01-24 12:15:03.003529,84.21434,84.4415,85.09926
2022-01-24 12:15:03.507838,84.31831,84.803,85.09926
2022-01-24 12:15:04.004777,84.05963,84.33875,86.47437
2022-01-24 12:15:04.510804,84.1636,84.54425,86.47437
2022-01-24 12:15:05.010715,83.85417,84.3895,85.29625
2022-01-24 12:15:05.508520,83.80219,84.4415,85.29625
2022-01-24 12:15:06.006970,84.62773,84.803,85.4527
2022-01-24 12:15:06.502307,84.31831,84.3895,85.4527
2022-01-24 12:15:07.011181,83.90492,84.33875,86.59218
2022-01-24 12:15:07.507053,84.26632,84.4935,86.59218
2022-01-24 12:15:08.004910,84.1636,84.64825,85.92395
2022-01-24 12:15:08.509837,84.47302,84.90575,85.92395
2022-01-24 12:15:09.007275,83.85417,84.64825,85.41406
2022-01-24 12:15:09.504301,84.00888,84.3895,85.41406
2022-01-24 12:15:10.002981,84.52377,84.699,85.4527
2022-01-24 12:15:10.508705,84.00888,84.23475,85.4527
2022-01-24 12:15:11.003251,84.47302,84.64825,85.53187
2022-01-24 12:15:11.508667,83.80219,84.132,85.53187
2022-01-24 12:15:12.009877,84.31831,84.751,85.33489
2022-01-24 12:15:12.506034,83.85417,84.4415,85.33489
2022-01-24 12:15:13.005021,84.36905,84.699,86.71
2022-01-24 12:15:13.502660,84.00888,84.184,86.71
2022-01-24 12:15:14.003859,84.36905,84.699,85.29625
2022-01-24 12:15:14.510260,84.31831,84.54425,85.29625
2022-01-24 12:15:15.009870,83.80219,84.23475,86.23875
2022-01-24 12:15:15.505234,84.52377,84.751,86.23875
2022-01-24 12:15:16.003069,83.85417,84.33875,85.88531
2022-01-24 12:15:16.509040,84.05963,84.54425,85.88531
2022-01-24 12:15:17.005173,84.1636,84.59625,86.00312
2022-01-24 12:15:17.510687,84.26632,84.4935,86.00312
2022-01-24 12:15:18.009810,84.11161,84.3895,86.04176
2022-01-24 12:15:18.508363,84.00888,84.3895,86.04176
2022-01-24 12:15:19.006246,84.26632,84.751,85.72791
2022-01-24 12:15:19.502281,84.21434,84.64825,85.72791
2022-01-24 12:15:20.010795,84.57575,84.803,85.4527
2022-01-24 12:15:20.506583,83.49276,83.97725,85.4527
2022-01-24 12:15:21.004041,84.42104,84.64825,85.64968
2022-01-24 12:15:21.509371,84.36905,84.699,85.64968
2022-01-24 12:15:22.008392,84.00888,84.23475,85.25666
2022-01-24 12:15:22.502833,84.21434,84.54425,85.25666
2022-01-24 12:15:23.002223,84.1636,84.803,85.92395
2022-01-24 12:15:23.509248,84.00888,84.28675,85.92395
2022-01-24 12:15:24.008115,84.21434,84.59625,85.64968
2022-01-24 12:15:24.503768,84.11161,84.184,85.64968
2022-01-24 12:15:25.002516,84.21434,84.4415,85.68833
2022-01-24 12:15:25.508503,84.26632,84.59625,85.68833
2022-01-24 12:15:26.006234,84.00888,84.4935,86.31697
2022-01-24 12:15:26.501191,84.52377,84.85375,86.31697
2022-01-24 12:15:27.000961,83.85417,84.4935,85.64968
2022-01-24 12:15:27.508261,83.90492,84.59625,85.64968
2022-01-24 12:15:28.007790,84.31831,84.4935,85.68833
2022-01-24 12:15:28.504349,84.36905,84.59625,85.68833
2022-01-24 12:15:29.002631,84.00888,84.3895,85.64968
2022-01-24 12:15:29.507780,84.47302,84.95775,85.64968
2022-01-24 12:15:30.005214,83.33805,83.97725,85.57051
2022-01-24 12:15:30.502582,84.78245,85.1125,85.57051
2022-01-24 12:15:31.001318,83.85417,84.33875,85.09926
2022-01-24 12:15:31.507919,84.11161,84.4935,85.09926
2022-01-24 12:15:32.008530,84.57575,84.90575,85.64968
2022-01-24 12:15:32.506303,83.9569,84.23475,85.64968
2022-01-24 12:15:33.006302,84.57575,84.85375,85.06062
2022-01-24 12:15:33.501848,83.85417,84.28675,85.06062
2022-01-24 12:15:34.010625,84.47302,85.1125,86.35656
2022-01-24 12:15:34.505426,83.69946,84.132,86.35656
2022-01-24 12:15:35.003994,84.21434,84.33875,86.5526
2022-01-24 12:15:35.510324,84.42104,84.803,86.5526
2022-01-24 12:15:36.007685,84.11161,84.132,86.08135
2022-01-24 12:15:36.506658,84.93716,85.16325,86.08135
2022-01-24 12:15:37.004673,83.33805,83.8225,85.49229
2022-01-24 12:15:37.508884,84.83319,85.26725,85.49229
2022-01-24 12:15:38.007492,83.69946,84.132,86.31697
2022-01-24 12:15:38.502954,84.36905,84.803,86.31697
2022-01-24 12:15:39.001804,83.80219,84.28675,85.33489
2022-01-24 12:15:39.508273,84.26632,84.4415,85.33489
2022-01-24 12:15:40.007204,84.26632,84.4935,85.33489
2022-01-24 12:15:40.502492,84.05963,84.4415,85.33489
2022-01-24 12:15:41.001405,84.11161,84.64825,85.92395
2022-01-24 12:15:41.506291,83.90492,84.3895,85.92395
2022-01-24 12:15:42.004719,84.47302,84.803,85.4527
2022-01-24 12:15:42.510073,83.69946,84.23475,85.4527
2022-01-24 12:15:43.008352,84.62773,84.64825,86.23875
2022-01-24 12:15:43.503069,84.31831,84.64825,86.23875
2022-01-24 12:15:44.002095,84.00888,84.28675,85.96354
2022-01-24 12:15:44.509399,84.1636,84.3895,85.96354
2022-01-24 12:15:45.007752,84.00888,84.59625,85.84572
2022-01-24 12:15:45.506746,84.62773,84.85375,85.84572
2022-01-24 12:15:46.005212,83.7502,84.4415,86.12093
2022-01-24 12:15:46.501173,84.21434,84.28675,86.12093
2022-01-24 12:15:47.009009,84.1636,84.28675,85.68833
2022-01-24 12:15:47.504630,84.31831,84.803,85.68833
2022-01-24 12:15:48.002674,84.31831,84.64825,85.80614
2022-01-24 12:15:48.507878,83.64747,84.02925,85.80614
