時間,回転１,回転２,回転３
2022-01-24 16:00:00.004214,84.05963,84.4935,85.68833
2022-01-24 16:00:00.502845,84.00888,84.3895,85.68833
2022-01-24 16:00:01.001140,83.7502,84.3895,85.68833
2022-01-24 16:00:01.506852,84.88517,85.16325,85.4527
2022-01-24 16:00:02.005014,83.49276,84.33875,85.4527
2022-01-24 16:00:02.501844,84.11161,84.59625,85.09926
2022-01-24 16:00:03.010890,84.1636,84.23475,85.09926
2022-01-24 16:00:03.506454,84.52377,84.699,85.64968
2022-01-24 16:00:04.004201,84.52377,84.59625,85.64968
2022-01-24 16:00:04.509438,84.05963,84.699,85.49229
2022-01-24 16:00:05.007752,83.80219,84.132,85.49229
2022-01-24 16:00:05.501555,84.26632,84.699,85.72791
2022-01-24 16:00:06.504263,83.64747,83.92525,85.6101
2022-01-24 16:00:07.004693,84.67848,84.85375,85.6101
2022-01-24 16:00:07.501895,84.05963,83.97725,85.41406
2022-01-24 16:00:08.010870,84.36905,85.0605,85.41406
2022-01-24 16:00:08.506921,84.26632,84.59625,85.37447
2022-01-24 16:00:09.007476,83.59549,83.97725,85.37447
2022-01-24 16:00:09.502764,84.1636,84.4415,86.27739
2022-01-24 16:00:10.504364,84.31831,84.3895,85.25666
2022-01-24 16:00:11.008431,84.21434,84.28675,85.25666
2022-01-24 16:00:11.503830,83.9569,84.4935,86.12093
2022-01-24 16:00:12.003058,83.90492,84.132,86.12093
2022-01-24 16:00:12.508892,84.67848,85.1125,85.68833
2022-01-24 16:00:13.007908,83.69946,84.184,85.68833
2022-01-24 16:00:13.505479,84.00888,84.54425,85.7675
2022-01-24 16:00:14.006922,84.26632,84.54425,85.7675
2022-01-24 16:00:14.505904,84.1636,84.3895,85.37447
2022-01-24 16:00:15.002913,84.36905,84.803,85.37447
2022-01-24 16:00:15.507845,84.05963,84.184,86.04176
2022-01-24 16:00:16.003748,84.47302,84.803,86.04176
2022-01-24 16:00:16.509124,84.31831,84.54425,85.25666
2022-01-24 16:00:17.001773,83.80219,84.3895,85.25666
2022-01-24 16:00:17.506202,84.1636,84.54425,85.21708
2022-01-24 16:00:18.002813,84.11161,84.28675,85.21708
2022-01-24 16:00:18.507520,84.1636,84.751,85.25666
2022-01-24 16:00:19.006253,84.21434,84.54425,85.25666
2022-01-24 16:00:19.507149,84.05963,84.33875,85.84572
2022-01-24 16:00:20.010185,84.42104,84.59625,85.84572
2022-01-24 16:00:20.507973,83.7502,84.28675,86.15958
2022-01-24 16:00:21.007680,84.57575,84.803,86.15958
2022-01-24 16:00:21.509022,83.85417,83.8225,85.92395
2022-01-24 16:00:22.003410,84.1636,84.59625,85.92395
2022-01-24 16:00:22.506896,83.85417,83.92525,85.02104
2022-01-24 16:00:23.010827,84.21434,84.54425,85.02104
2022-01-24 16:00:23.506107,84.42104,84.64825,223.41114
2022-01-24 16:00:24.005818,83.54475,83.7705,223.41114
2022-01-24 16:00:24.510272,84.62773,84.95775,229.14531
2022-01-24 16:00:25.004632,83.54475,83.8225,229.14531
2022-01-24 16:00:25.503375,84.31831,84.64825,180.44916
2022-01-24 16:00:26.003920,84.26632,84.33875,180.44916
2022-01-24 16:00:26.508538,83.80219,84.4415,110.39031
2022-01-24 16:00:27.010835,84.26632,84.3895,110.39031
2022-01-24 16:00:27.506425,83.9569,84.28675,94.05301
2022-01-24 16:00:28.005625,84.47302,84.59625,94.05301
2022-01-24 16:00:28.502112,83.90492,83.97725,97.39135
2022-01-24 16:00:29.009360,84.1636,84.59625,97.39135
2022-01-24 16:00:29.505413,83.9569,84.02925,89.73354
2022-01-24 16:00:30.004421,84.52377,85.21525,89.73354
2022-01-24 16:00:30.510766,84.26632,84.4415,86.94562
2022-01-24 16:00:31.009938,84.1636,84.751,86.94562
2022-01-24 16:00:31.506798,83.9569,84.3895,86.59218
2022-01-24 16:00:32.005448,83.90492,84.33875,86.59218
2022-01-24 16:00:32.510146,84.67848,84.90575,86.19916
2022-01-24 16:00:33.006300,84.31831,84.33875,86.19916
2022-01-24 16:00:34.005378,84.26632,84.54425,86.47437
2022-01-24 16:00:34.511267,84.52377,85.0605,85.6101
2022-01-24 16:00:35.009791,84.00888,84.4415,85.6101
2022-01-24 16:00:35.506758,84.00888,84.4415,86.51301
2022-01-24 16:00:36.004816,84.11161,84.33875,86.51301
2022-01-24 16:00:36.509428,84.67848,84.803,85.6101
2022-01-24 16:00:37.009679,84.26632,84.59625,85.6101
2022-01-24 16:00:37.506382,84.1636,84.23475,85.80614
2022-01-24 16:00:38.004532,83.9569,84.4415,85.80614
2022-01-24 16:00:38.509747,84.26632,84.54425,85.33489
2022-01-24 16:00:39.001053,84.1636,84.85375,85.33489
2022-01-24 16:00:39.506647,84.05963,84.33875,86.3952
2022-01-24 16:00:40.006394,84.31831,84.3895,86.3952
2022-01-24 16:00:40.502581,84.26632,84.751,85.84572
2022-01-24 16:00:41.010795,84.57575,84.751,85.84572
2022-01-24 16:00:41.508694,84.00888,84.33875,85.72791
2022-01-24 16:00:42.006747,83.90492,84.184,85.72791
2022-01-24 16:00:42.503262,83.9569,84.33875,85.49229
2022-01-24 16:00:43.002650,84.31831,84.751,85.49229
2022-01-24 16:00:43.508551,84.31831,84.64825,85.25666
2022-01-24 16:00:44.007682,84.31831,84.803,85.25666
2022-01-24 16:00:44.503953,84.31831,84.3895,86.00312
2022-01-24 16:00:45.002706,83.90492,84.4935,86.00312
2022-01-24 16:00:45.509066,84.47302,84.95775,86.08135
2022-01-24 16:00:46.009809,83.64747,84.02925,86.08135
2022-01-24 16:00:46.504146,84.1636,84.4935,85.06062
2022-01-24 16:00:47.002543,83.54475,84.132,85.06062
2022-01-24 16:00:47.508231,84.67848,85.1125,85.53187
2022-01-24 16:00:48.005780,84.36905,84.3895,85.53187
2022-01-24 16:00:48.509849,83.90492,84.4415,86.43479
2022-01-24 16:00:49.007772,84.31831,84.699,86.43479
2022-01-24 16:00:49.504711,83.85417,84.23475,85.6101
2022-01-24 16:00:50.005447,84.62773,85.0605,85.6101
2022-01-24 16:00:50.502849,83.85417,84.33875,85.57051
2022-01-24 16:00:51.002068,83.90492,84.3895,85.57051
2022-01-24 16:00:51.508069,84.42104,84.4935,85.53187
2022-01-24 16:00:52.005669,84.1636,84.699,85.53187
2022-01-24 16:00:52.501521,84.31831,84.4415,85.53187
2022-01-24 16:00:53.009880,84.00888,84.54425,85.53187
2022-01-24 16:00:53.507346,84.52377,84.751,85.7675
2022-01-24 16:00:54.006108,83.54475,84.184,85.7675
2022-01-24 16:00:54.501872,84.62773,85.1125,85.7675
2022-01-24 16:00:55.009890,84.36905,84.4415,85.7675
2022-01-24 16:00:55.503839,84.1636,84.4415,85.4527
2022-01-24 16:00:56.003286,84.31831,84.64825,85.4527
2022-01-24 16:00:56.509022,84.05963,84.28675,86.15958
2022-01-24 16:00:57.009084,84.62773,84.751,86.15958
2022-01-24 16:00:57.505283,83.85417,84.4415,85.37447
2022-01-24 16:00:58.003316,83.90492,84.28675,85.37447
2022-01-24 16:00:58.508401,84.31831,84.59625,86.23875
2022-01-24 16:00:59.008004,84.52377,84.95775,86.23875
2022-01-24 16:00:59.505480,84.47302,84.90575,86.04176
2022-01-24 16:01:00.004459,83.90492,84.23475,86.04176
2022-01-24 16:01:00.507851,83.69946,83.97725,85.02104
2022-01-24 16:01:01.006890,84.73046,85.1125,85.02104
2022-01-24 16:01:01.502203,84.31831,84.85375,85.09926
2022-01-24 16:01:02.010825,83.69946,84.08,85.09926
2022-01-24 16:01:02.505331,84.21434,84.64825,85.21708
2022-01-24 16:01:03.003343,84.21434,84.4935,85.21708
2022-01-24 16:01:03.501309,84.26632,84.85375,85.33489
2022-01-24 16:01:04.009240,84.42104,84.751,85.33489
2022-01-24 16:01:04.505531,83.59549,83.92525,86.15958
2022-01-24 16:01:05.004749,84.26632,84.803,86.15958
2022-01-24 16:01:05.510612,84.36905,84.64825,86.27739
2022-01-24 16:01:06.010040,84.26632,84.64825,86.27739
2022-01-24 16:01:06.504874,83.9569,84.02925,85.21708
2022-01-24 16:01:07.002350,84.11161,84.54425,85.21708
2022-01-24 16:01:07.509100,84.21434,84.59625,85.53187
2022-01-24 16:01:08.007578,84.1636,84.59625,85.53187
2022-01-24 16:01:08.503886,84.21434,84.90575,85.72791
2022-01-24 16:01:09.001978,83.54475,84.02925,85.72791
2022-01-24 16:01:09.508012,84.67848,84.90575,85.84572
2022-01-24 16:01:10.006420,84.47302,84.64825,85.84572
2022-01-24 16:01:10.503560,83.7502,84.23475,85.92395
2022-01-24 16:01:11.006951,84.42104,84.699,85.92395
2022-01-24 16:01:11.502058,83.54475,83.8745,85.09926
2022-01-24 16:01:12.010758,84.9879,85.422,85.09926
2022-01-24 16:01:12.506753,83.49276,84.02925,85.41406
2022-01-24 16:01:13.007323,84.26632,84.751,85.41406
2022-01-24 16:01:13.502930,84.31831,84.28675,85.7675
2022-01-24 16:01:14.011236,84.42104,84.751,85.7675
2022-01-24 16:01:14.507137,84.36905,84.64825,85.6101
2022-01-24 16:01:15.006898,84.11161,84.4415,85.6101
2022-01-24 16:01:15.502092,84.26632,84.699,85.72791
2022-01-24 16:01:16.001144,83.59549,84.3895,85.72791
2022-01-24 16:01:16.508253,84.78245,85.0605,85.7675
2022-01-24 16:01:17.005685,83.90492,84.02925,85.7675
2022-01-24 16:01:17.501475,84.26632,84.59625,85.37447
2022-01-24 16:01:18.001179,84.52377,84.803,85.37447
2022-01-24 16:01:18.505009,83.64747,84.02925,85.84572
2022-01-24 16:01:19.002315,84.42104,84.85375,85.84572
2022-01-24 16:01:19.508174,83.85417,84.4415,85.64968
2022-01-24 16:01:20.007159,84.11161,84.59625,85.64968
2022-01-24 16:01:20.502005,84.05963,84.02925,85.7675
2022-01-24 16:01:21.009753,84.26632,84.751,85.7675
2022-01-24 16:01:21.505241,84.73046,84.803,85.57051
2022-01-24 16:01:22.003428,84.00888,84.4415,85.57051
2022-01-24 16:01:22.509074,83.80219,84.08,85.80614
2022-01-24 16:01:23.007353,84.36905,84.85375,85.80614
2022-01-24 16:01:23.503378,84.1636,84.59625,85.29625
2022-01-24 16:01:24.003073,84.42104,84.699,85.29625
2022-01-24 16:01:24.507373,84.11161,84.4935,86.47437
2022-01-24 16:01:25.005150,84.05963,84.28675,86.47437
2022-01-24 16:01:25.501708,84.67848,85.0605,85.49229
2022-01-24 16:01:26.011019,84.05963,84.3895,85.49229
2022-01-24 16:01:26.508140,84.00888,84.3895,86.23875
2022-01-24 16:01:27.007172,84.11161,84.54425,86.23875
2022-01-24 16:01:27.502557,84.1636,84.59625,85.33489
2022-01-24 16:01:28.010620,84.52377,84.803,85.33489
2022-01-24 16:01:28.505613,84.36905,84.4415,86.00312
2022-01-24 16:01:29.004613,83.90492,84.4935,86.00312
2022-01-24 16:01:29.511142,84.21434,84.59625,85.6101
2022-01-24 16:01:30.010381,84.05963,84.33875,85.6101
2022-01-24 16:01:30.507340,84.57575,85.0085,85.25666
2022-01-24 16:01:31.007168,83.39003,83.92525,85.25666
2022-01-24 16:01:31.505254,84.42104,84.54425,85.84572
2022-01-24 16:01:32.003692,84.31831,84.54425,85.84572
2022-01-24 16:01:32.510397,84.26632,84.4935,85.37447
2022-01-24 16:01:33.008082,84.1636,84.64825,85.37447
2022-01-24 16:01:33.503529,83.9569,84.28675,86.00312
2022-01-24 16:01:34.003890,84.57575,85.1125,86.00312
2022-01-24 16:01:34.510553,84.00888,84.4935,85.68833
2022-01-24 16:01:35.008173,84.1636,84.54425,85.68833
2022-01-24 16:01:35.504104,84.21434,84.23475,86.31697
2022-01-24 16:01:36.002383,84.05963,84.33875,86.31697
2022-01-24 16:01:36.507439,84.67848,85.1125,85.4527
2022-01-24 16:01:37.006031,83.7502,83.92525,85.4527
2022-01-24 16:01:37.501521,84.42104,84.85375,85.7675
2022-01-24 16:01:38.009532,83.64747,84.184,85.7675
2022-01-24 16:01:38.507472,84.83319,85.21525,85.80614
2022-01-24 16:01:39.006006,83.80219,83.97725,85.80614
2022-01-24 16:01:39.501888,84.57575,84.699,85.25666
2022-01-24 16:01:40.010067,84.11161,84.4415,85.25666
2022-01-24 16:01:40.505977,84.11161,84.4415,85.92395
2022-01-24 16:01:41.004465,84.57575,85.0085,85.92395
2022-01-24 16:01:41.501040,83.7502,84.132,86.00312
2022-01-24 16:01:42.010497,84.62773,84.751,86.00312
2022-01-24 16:01:42.507968,84.00888,84.28675,85.21708
2022-01-24 16:01:43.008383,84.31831,84.4935,85.21708
2022-01-24 16:01:43.503633,84.42104,84.3895,86.19916
2022-01-24 16:01:44.002980,83.59549,84.132,86.19916
2022-01-24 16:01:44.509043,84.26632,84.64825,85.92395
2022-01-24 16:01:45.007705,84.21434,84.803,85.92395
2022-01-24 16:01:45.502080,84.05963,84.3895,86.23875
2022-01-24 16:01:46.010873,84.21434,84.54425,86.23875
2022-01-24 16:01:46.506802,84.1636,84.28675,85.4527
2022-01-24 16:01:47.006396,84.11161,84.33875,85.4527
2022-01-24 16:01:47.503189,84.36905,84.85375,85.41406
2022-01-24 16:01:48.001463,83.85417,84.3895,85.41406
2022-01-24 16:01:48.508105,84.00888,84.59625,85.25666
2022-01-24 16:01:49.007989,84.47302,84.90575,85.25666
2022-01-24 16:01:49.503208,83.54475,84.23475,86.08135
2022-01-24 16:01:50.001685,84.52377,84.751,86.08135
2022-01-24 16:01:50.506004,84.11161,84.23475,85.37447
2022-01-24 16:01:51.004658,84.36905,84.64825,85.37447
2022-01-24 16:01:51.510355,84.21434,84.64825,85.80614
2022-01-24 16:01:52.008483,84.1636,84.64825,85.80614
2022-01-24 16:01:52.503979,84.31831,84.4935,86.31697
2022-01-24 16:01:53.003182,84.05963,84.59625,86.31697
2022-01-24 16:01:53.509841,84.05963,84.3895,85.25666
2022-01-24 16:01:54.007683,84.62773,84.85375,85.25666
2022-01-24 16:01:54.503000,83.90492,84.184,85.68833
2022-01-24 16:01:55.001055,84.57575,84.85375,85.68833
2022-01-24 16:01:55.506019,83.9569,84.184,85.80614
2022-01-24 16:01:56.004683,84.21434,84.64825,85.80614
2022-01-24 16:01:56.511172,83.9569,84.4415,85.41406
2022-01-24 16:01:57.008185,84.47302,84.64825,85.41406
2022-01-24 16:01:57.502773,84.00888,84.184,85.57051
2022-01-24 16:01:58.010563,84.1636,84.3895,85.57051
2022-01-24 16:01:58.506260,84.67848,84.90575,85.37447
2022-01-24 16:01:59.006093,84.1636,84.4415,85.37447
2022-01-24 16:01:59.510924,84.05963,84.3895,86.00312
2022-01-24 16:02:00.010179,83.59549,84.02925,86.00312
2022-01-24 16:02:00.506870,84.62773,84.90575,85.64968
2022-01-24 16:02:01.006009,84.31831,84.64825,85.64968
2022-01-24 16:02:01.501971,84.11161,84.184,85.80614
2022-01-24 16:02:02.010151,84.21434,84.59625,85.80614
2022-01-24 16:02:02.506613,84.00888,84.4415,85.84572
2022-01-24 16:02:03.004972,84.67848,85.1125,85.84572
2022-01-24 16:02:03.510828,83.69946,84.08,85.96354
2022-01-24 16:02:04.008707,84.00888,84.4415,85.96354
2022-01-24 16:02:04.504499,84.05963,84.59625,85.13885
2022-01-24 16:02:05.003335,84.42104,84.64825,85.13885
2022-01-24 16:02:05.508510,84.83319,85.0605,86.23875
2022-01-24 16:02:06.007319,83.7502,84.33875,86.23875
2022-01-24 16:02:06.503226,84.21434,84.4415,86.27739
2022-01-24 16:02:07.002699,84.05963,84.59625,86.27739
2022-01-24 16:02:07.508374,84.36905,84.803,85.4527
2022-01-24 16:02:08.007058,83.85417,84.3895,85.4527
2022-01-24 16:02:08.501742,83.9569,84.23475,86.67041
2022-01-24 16:02:09.002111,84.00888,84.184,86.67041
2022-01-24 16:02:09.509102,84.9879,85.21525,85.13885
2022-01-24 16:02:10.008710,84.00888,84.54425,85.13885
2022-01-24 16:02:10.504938,84.21434,84.3895,85.21708
2022-01-24 16:02:11.010132,83.85417,84.132,85.21708
2022-01-24 16:02:11.510630,84.21434,84.90575,86.04176
2022-01-24 16:02:12.010065,84.47302,84.64825,86.04176
2022-01-24 16:02:12.505810,84.1636,84.4415,86.19916
2022-01-24 16:02:13.003834,83.85417,84.02925,86.19916
2022-01-24 16:02:13.509328,84.36905,84.803,85.7675
2022-01-24 16:02:14.008353,84.05963,84.59625,85.7675
2022-01-24 16:02:14.503517,84.26632,84.699,85.72791
2022-01-24 16:02:15.002716,83.80219,84.3895,85.72791
2022-01-24 16:02:15.507824,84.42104,84.751,85.7675
2022-01-24 16:02:16.006496,84.21434,84.4415,85.7675
2022-01-24 16:02:16.503387,84.11161,84.4415,85.64968
2022-01-24 16:02:17.002218,84.67848,85.1125,85.64968
2022-01-24 16:02:17.507370,83.9569,84.33875,85.64968
2022-01-24 16:02:18.007217,84.31831,84.751,85.64968
2022-01-24 16:02:18.503371,84.31831,84.90575,85.80614
2022-01-24 16:02:19.001117,83.9569,84.28675,85.80614
2022-01-24 16:02:19.507390,84.62773,84.803,86.08135
2022-01-24 16:02:20.006182,83.44078,83.7705,86.08135
2022-01-24 16:02:20.501283,84.52377,85.0085,86.00312
2022-01-24 16:02:21.008689,83.80219,84.28675,86.00312
2022-01-24 16:02:21.503103,84.83319,85.0605,85.72791
2022-01-24 16:02:22.001947,83.59549,84.02925,85.72791
2022-01-24 16:02:22.509873,84.47302,84.54425,85.6101
2022-01-24 16:02:23.008411,84.1636,84.4415,85.6101
2022-01-24 16:02:23.504961,84.21434,84.33875,85.7675
2022-01-24 16:02:24.003535,84.31831,84.751,85.7675
2022-01-24 16:02:24.509121,83.54475,83.8745,85.7675
2022-01-24 16:02:25.007663,84.78245,85.1125,85.7675
2022-01-24 16:02:25.503285,83.80219,84.184,85.06062
2022-01-24 16:02:26.009003,84.57575,84.85375,85.06062
2022-01-24 16:02:26.504767,83.7502,84.23475,85.37447
2022-01-24 16:02:27.003186,84.11161,84.184,85.37447
2022-01-24 16:02:27.509043,84.52377,84.90575,86.04176
2022-01-24 16:02:28.007267,83.80219,84.33875,86.04176
2022-01-24 16:02:28.503376,84.26632,84.4935,85.92395
2022-01-24 16:02:29.001756,83.85417,84.33875,85.92395
2022-01-24 16:02:29.507349,84.36905,84.699,85.88531
2022-01-24 16:02:30.004975,84.00888,84.751,85.88531
2022-01-24 16:02:30.503531,84.31831,84.4935,85.6101
2022-01-24 16:02:31.001994,84.05963,84.23475,85.6101
2022-01-24 16:02:31.510460,84.47302,84.90575,85.6101
2022-01-24 16:02:32.007756,84.62773,84.95775,85.6101
2022-01-24 16:02:32.503228,84.05963,84.4415,85.4527
2022-01-24 16:02:33.002160,84.05963,84.28675,85.4527
2022-01-24 16:02:33.506682,83.59549,84.132,85.64968
2022-01-24 16:02:34.002902,84.78245,85.0605,85.64968
2022-01-24 16:02:34.509103,83.9569,84.3895,85.49229
2022-01-24 16:02:35.007531,84.52377,84.803,85.49229
2022-01-24 16:02:35.502972,84.00888,84.23475,85.29625
2022-01-24 16:02:36.003165,84.26632,84.751,85.29625
2022-01-24 16:02:36.510339,84.57575,84.751,85.21708
2022-01-24 16:02:37.008572,83.64747,84.28675,85.21708
2022-01-24 16:02:37.506390,84.36905,84.54425,85.80614
2022-01-24 16:02:38.004006,84.11161,84.64825,85.80614
2022-01-24 16:02:38.510199,84.21434,84.3895,85.41406
2022-01-24 16:02:39.009544,84.57575,84.699,85.41406
2022-01-24 16:02:39.505858,83.59549,84.132,85.96354
2022-01-24 16:02:40.005019,84.62773,84.90575,85.96354
2022-01-24 16:02:41.004297,84.11161,84.33875,86.23875
2022-01-24 16:02:41.501854,84.31831,84.85375,85.84572
2022-01-24 16:02:42.009999,84.1636,84.4935,85.84572
2022-01-24 16:02:42.505018,84.62773,85.0085,85.64968
2022-01-24 16:02:43.004083,84.00888,84.28675,85.64968
2022-01-24 16:02:43.509534,84.31831,84.59625,85.57051
2022-01-24 16:02:44.009117,84.11161,84.64825,85.57051
2022-01-24 16:02:44.504993,83.90492,84.08,85.13885
2022-01-24 16:02:45.003434,83.44078,83.97725,85.13885
2022-01-24 16:02:45.510661,84.00888,84.184,87.29906
2022-01-24 16:02:46.009388,84.57575,84.64825,87.29906
2022-01-24 16:02:46.503795,83.90492,84.184,237.51
2022-01-24 16:02:47.002213,84.05963,84.33875,237.51
2022-01-24 16:02:47.508618,83.80219,84.08,220.3876
2022-01-24 16:02:48.008173,84.36905,84.4415,220.3876
2022-01-24 16:02:48.504061,84.11161,84.54425,142.55312
2022-01-24 16:02:49.002946,83.9569,84.23475,142.55312
2022-01-24 16:02:49.509876,84.26632,84.3895,91.54031
2022-01-24 16:02:50.009619,84.00888,84.184,91.54031
2022-01-24 16:02:50.506274,84.83319,85.1125,99.00114
2022-01-24 16:02:51.003349,83.39003,83.8225,99.00114
2022-01-24 16:02:51.508382,84.36905,84.4935,78.54135
2022-01-24 16:02:52.008371,83.54475,84.33875,78.54135
2022-01-24 16:02:52.506130,83.80219,84.751,39.70281
2022-01-24 16:02:53.002668,82.5125,84.90575,39.70281
2022-01-24 16:02:53.508058,81.63621,83.71975,-0.03864
2022-01-24 16:02:54.006356,82.35779,84.90575,-0.03864
2022-01-24 16:02:54.503193,84.9879,83.8225,0.0
2022-01-24 16:02:55.011122,84.11161,84.90575,0.0
2022-01-24 16:02:55.506628,83.28607,84.751,0.0
2022-01-24 16:02:56.005158,84.00888,84.85375,0.0
2022-01-24 16:02:56.510777,83.9569,83.8225,0.0
2022-01-24 16:02:57.009799,84.1636,84.33875,0.0
2022-01-24 16:02:57.507704,83.80219,84.184,0.0
2022-01-24 16:02:58.006798,83.59549,83.97725,0.0
2022-01-24 16:02:58.503901,83.18334,85.989,-0.03864
2022-01-24 16:02:59.003603,83.18334,83.92525,-0.03864
2022-01-24 16:02:59.510753,83.85417,83.41025,0.0
2022-01-24 16:03:00.009963,81.58423,82.37775,0.0
2022-01-24 16:03:00.508523,75.03556,77.994,0.0
2022-01-24 16:03:01.007132,72.8176,72.0615,0.0
2022-01-24 16:03:01.504012,72.45619,70.8755,0.0
2022-01-24 16:03:02.002376,66.06223,68.3995,0.0
2022-01-24 16:03:02.509817,64.3604,65.04575,0.0
2022-01-24 16:03:03.008131,62.34913,61.38375,0.0
2022-01-24 16:03:03.505237,58.9962,59.26925,0.0
2022-01-24 16:03:04.003676,55.12839,54.83225,0.0
2022-01-24 16:03:04.510685,52.55026,52.76975,-0.03864
2022-01-24 16:03:05.010076,51.10587,50.3965,-0.03864
2022-01-24 16:03:05.505841,46.15507,46.94,-0.03864
2022-01-24 16:03:06.005245,45.07208,44.61875,-0.03864
2022-01-24 16:03:06.510012,43.1128,40.90475,-0.03864
2022-01-24 16:03:07.010409,38.57415,38.42875,-0.03864
2022-01-24 16:03:07.506032,37.85257,37.655,0.0
2022-01-24 16:03:08.003899,39.3997,40.854,0.0
2022-01-24 16:03:08.510518,40.89484,41.6785,0.0
2022-01-24 16:03:09.008146,40.12128,38.378,0.0
2022-01-24 16:03:09.504274,31.04522,30.38175,0.0
2022-01-24 16:03:10.002498,28.77652,29.9175,0.0
2022-01-24 16:03:10.507527,32.43764,33.89025,0.0
2022-01-24 16:03:11.001700,33.83005,33.322,0.0
2022-01-24 16:03:11.508526,32.1802,31.7745,0.0
2022-01-24 16:03:12.008301,27.48684,29.3505,0.0
2022-01-24 16:03:12.504451,26.816,28.31925,0.0
2022-01-24 16:03:13.002003,26.86799,27.4935,0.0
2022-01-24 16:03:13.507218,28.20842,26.9265,0.0
2022-01-24 16:03:14.004755,28.31238,26.2035,0.0
2022-01-24 16:03:14.501032,28.00296,26.41025,0.0
2022-01-24 16:03:15.007851,26.97072,28.37,0.0
2022-01-24 16:03:15.505011,27.07468,27.855,0.0
2022-01-24 16:03:16.003991,27.2294,27.28675,0.0
2022-01-24 16:03:16.509863,27.84825,26.77175,0.0
2022-01-24 16:03:17.007163,27.38411,28.31925,0.0
2022-01-24 16:03:17.503227,27.28014,28.474,0.0
2022-01-24 16:03:18.505078,27.07468,26.9265,0.0
2022-01-24 16:03:19.003960,27.43485,27.08125,0.0
2022-01-24 16:03:19.508567,26.97072,28.37,0.0
2022-01-24 16:03:20.007312,27.64155,28.00975,0.0
2022-01-24 16:03:20.504150,27.17741,27.184,0.0
2022-01-24 16:03:21.002770,27.17741,26.565,0.0
2022-01-24 16:03:21.508848,27.2294,27.39075,0.0
2022-01-24 16:03:22.008022,27.79626,27.70025,0.0
2022-01-24 16:03:22.504292,27.64155,27.64825,0.0
2022-01-24 16:03:23.002784,26.66129,27.803,0.0
2022-01-24 16:03:23.508378,26.45583,27.02925,0.0
2022-01-24 16:03:24.006923,27.64155,27.5455,0.0
2022-01-24 16:03:24.502679,28.00296,28.0605,0.0
2022-01-24 16:03:25.002620,27.43485,27.39075,0.0
2022-01-24 16:03:25.508910,27.58957,27.70025,0.0
2022-01-24 16:03:26.006709,27.2294,27.70025,0.0
2022-01-24 16:03:26.501210,27.38411,27.5455,0.0
2022-01-24 16:03:27.009017,27.95097,27.184,0.0
2022-01-24 16:03:27.503869,28.10569,27.236,0.0
2022-01-24 16:03:28.003803,27.58957,27.70025,0.0
2022-01-24 16:03:28.510473,26.35187,27.59625,0.0
2022-01-24 16:03:29.009103,27.07468,27.33875,0.0
2022-01-24 16:03:29.506834,27.53882,27.4415,0.0
2022-01-24 16:03:30.005939,27.64155,27.64825,0.0
2022-01-24 16:03:30.510440,27.69353,27.39075,0.0
2022-01-24 16:03:31.007511,27.17741,27.803,0.0
2022-01-24 16:03:31.506370,26.97072,27.90575,0.0
2022-01-24 16:03:32.004724,26.55856,27.39075,0.0
2022-01-24 16:03:32.510929,27.64155,27.02925,0.0
2022-01-24 16:03:33.008850,27.79626,27.855,0.0
2022-01-24 16:03:33.506541,27.43485,27.803,0.0
2022-01-24 16:03:34.006380,27.28014,27.33875,0.0
2022-01-24 16:03:34.502770,27.33212,27.02925,0.0
2022-01-24 16:03:35.001204,27.79626,27.132,0.0
2022-01-24 16:03:35.506453,27.64155,27.855,0.0
2022-01-24 16:03:36.005096,27.53882,27.803,0.0
2022-01-24 16:03:36.501145,26.91997,27.5455,0.0
2022-01-24 16:03:37.010067,27.28014,27.28675,0.0
2022-01-24 16:03:37.508631,26.66129,27.39075,0.0
2022-01-24 16:03:38.006288,27.07468,27.855,0.0
2022-01-24 16:03:38.503787,28.31238,27.64825,0.0
2022-01-24 16:03:39.002222,27.43485,27.59625,0.0
2022-01-24 16:03:39.509338,27.43485,27.64825,0.0
2022-01-24 16:03:40.007776,27.38411,27.33875,0.0
2022-01-24 16:03:40.502764,27.74428,27.4415,0.0
2022-01-24 16:03:41.002172,28.00296,27.59625,0.0
2022-01-24 16:03:41.508377,27.48684,27.5455,0.0
2022-01-24 16:03:42.007406,27.43485,27.4935,0.0
2022-01-24 16:03:42.503489,27.43485,27.33875,0.0
2022-01-24 16:03:43.003828,27.64155,27.5455,0.0
2022-01-24 16:03:43.510102,27.84825,27.59625,0.0
2022-01-24 16:03:44.008986,27.74428,27.39075,0.0
2022-01-24 16:03:44.505749,27.38411,27.4935,0.0
2022-01-24 16:03:45.003957,26.91997,27.803,0.0
2022-01-24 16:03:45.503289,26.86799,27.59625,0.0
2022-01-24 16:03:46.002235,27.33212,27.5455,0.0
2022-01-24 16:03:46.508202,26.91997,27.5455,0.0
2022-01-24 16:03:47.006786,27.2294,27.855,0.0
2022-01-24 16:03:47.504511,27.28014,27.64825,0.0
2022-01-24 16:03:48.002295,27.74428,27.4415,0.0
2022-01-24 16:03:48.508424,27.64155,27.4415,0.0
2022-01-24 16:03:49.006741,27.58957,27.5455,0.0
2022-01-24 16:03:49.503148,27.07468,27.33875,0.0
2022-01-24 16:03:50.002232,26.86799,27.64825,0.0
2022-01-24 16:03:50.508408,27.17741,27.5455,0.0
2022-01-24 16:03:51.006438,28.0537,27.28675,0.0
2022-01-24 16:03:51.502930,28.00296,27.4415,0.0
2022-01-24 16:03:52.008505,27.79626,27.95775,0.0
2022-01-24 16:03:52.503502,27.33212,27.59625,0.0
2022-01-24 16:03:53.002021,26.91997,27.64825,0.0
2022-01-24 16:03:53.507555,27.2294,27.4415,0.0
2022-01-24 16:03:54.006524,27.79626,27.5455,0.0
2022-01-24 16:03:54.502394,28.0537,27.70025,0.0
2022-01-24 16:03:55.010472,27.58957,27.5455,0.0
2022-01-24 16:03:55.505802,27.0227,27.64825,0.0
2022-01-24 16:03:56.005488,26.55856,27.28675,0.0
2022-01-24 16:03:56.510589,26.91997,27.184,0.0
2022-01-24 16:03:57.010215,26.86799,27.70025,0.0
2022-01-24 16:03:57.505168,27.58957,27.4935,0.0
2022-01-24 16:03:58.004336,27.48684,27.59625,0.0
2022-01-24 16:03:58.504085,27.53882,27.59625,0.0
2022-01-24 16:03:59.001515,27.2294,27.4415,0.0
2022-01-24 16:03:59.507667,27.58957,27.64825,0.0
2022-01-24 16:04:00.008370,27.53882,27.90575,0.0
2022-01-24 16:04:00.507274,26.816,27.4935,0.0
2022-01-24 16:04:01.006171,27.2294,27.59625,0.0
2022-01-24 16:04:01.501626,26.50658,27.751,0.0
2022-01-24 16:04:02.003555,27.17741,27.4935,0.0
2022-01-24 16:04:02.509546,27.95097,27.70025,0.0
2022-01-24 16:04:03.008554,27.58957,27.4415,0.0
2022-01-24 16:04:03.503976,27.48684,27.33875,0.0
2022-01-24 16:04:04.002432,27.0227,27.184,0.0
2022-01-24 16:04:04.507804,26.66129,27.39075,0.0
2022-01-24 16:04:05.007108,28.2604,27.751,0.0
2022-01-24 16:04:05.504540,27.84825,27.4415,0.0
2022-01-24 16:04:06.002383,27.74428,27.64825,0.0
2022-01-24 16:04:06.508365,27.64155,27.64825,0.0
2022-01-24 16:04:07.006104,27.17741,27.59625,0.0
2022-01-24 16:04:07.501206,27.84825,27.5455,0.0
2022-01-24 16:04:08.010077,27.95097,27.803,0.0
2022-01-24 16:04:08.505502,27.89899,27.59625,0.0
2022-01-24 16:04:09.003253,27.17741,27.59625,0.0
2022-01-24 16:04:09.501994,26.61055,27.39075,0.0
2022-01-24 16:04:10.009687,26.45583,27.39075,0.0
2022-01-24 16:04:10.506088,27.69353,27.33875,0.0
2022-01-24 16:04:11.001791,27.07468,27.236,0.0
2022-01-24 16:04:11.508025,26.97072,27.5455,0.0
2022-01-24 16:04:12.006614,26.816,27.803,0.0
2022-01-24 16:04:12.503344,27.38411,27.5455,0.0
2022-01-24 16:04:13.001399,27.84825,27.4935,0.0
2022-01-24 16:04:13.506706,28.0537,27.855,0.0
2022-01-24 16:04:14.005844,27.79626,27.803,0.0
2022-01-24 16:04:14.503257,26.91997,27.59625,0.0
2022-01-24 16:04:15.001556,26.30112,27.4415,0.0
2022-01-24 16:04:15.507868,27.48684,27.64825,0.0
2022-01-24 16:04:16.006331,27.43485,27.28675,0.0
2022-01-24 16:04:16.502764,27.58957,27.4935,0.0
2022-01-24 16:04:17.001105,27.38411,27.70025,0.0
2022-01-24 16:04:17.507879,27.64155,27.39075,0.0
2022-01-24 16:04:18.010807,27.58957,26.97725,0.0
2022-01-24 16:04:18.507505,27.69353,27.5455,0.0
2022-01-24 16:04:19.005648,27.74428,27.90575,0.0
2022-01-24 16:04:19.511010,27.28014,27.803,0.0
2022-01-24 16:04:20.010731,27.17741,27.4415,0.0
2022-01-24 16:04:20.507241,26.97072,27.64825,0.0
2022-01-24 16:04:21.004581,27.79626,27.33875,0.0
2022-01-24 16:04:21.508586,27.84825,27.4415,0.0
2022-01-24 16:04:22.006722,27.58957,28.0605,0.0
2022-01-24 16:04:22.501128,27.07468,27.803,0.0
2022-01-24 16:04:23.010544,27.38411,27.132,0.0
2022-01-24 16:04:23.506822,27.28014,26.8745,0.0
2022-01-24 16:04:24.007022,27.84825,27.751,0.0
2022-01-24 16:04:24.502460,27.0227,27.4935,0.0
2022-01-24 16:04:25.002162,27.28014,27.39075,0.0
2022-01-24 16:04:25.508818,26.45583,27.236,0.0
2022-01-24 16:04:26.008487,26.71327,27.59625,0.0
2022-01-24 16:04:26.503735,26.816,27.95775,0.0
2022-01-24 16:04:27.003088,27.43485,27.855,0.0
2022-01-24 16:04:27.502445,27.48684,27.5455,0.0
2022-01-24 16:04:28.009347,27.28014,27.39075,0.0
2022-01-24 16:04:28.506963,27.17741,27.236,0.0
2022-01-24 16:04:29.006311,27.53882,27.5455,0.0
2022-01-24 16:04:29.501023,27.95097,27.751,0.0
2022-01-24 16:04:30.010024,27.95097,27.64825,0.0
2022-01-24 16:04:30.505089,27.74428,27.39075,0.0
2022-01-24 16:04:31.003426,27.53882,27.132,0.0
2022-01-24 16:04:31.509851,26.91997,27.4415,0.0
2022-01-24 16:04:32.007759,28.2604,27.855,0.0
2022-01-24 16:04:32.505074,28.00296,27.64825,0.0
2022-01-24 16:04:33.002892,27.43485,27.70025,0.0
2022-01-24 16:04:33.509503,27.0227,27.4935,0.0
2022-01-24 16:04:34.008364,26.86799,27.803,0.0
2022-01-24 16:04:34.503502,26.50658,27.64825,0.0
2022-01-24 16:04:35.001531,27.74428,27.236,0.0
2022-01-24 16:04:35.506971,27.84825,27.59625,0.0
2022-01-24 16:04:36.006528,27.48684,27.751,0.0
2022-01-24 16:04:36.501719,27.33212,27.59625,0.0
2022-01-24 16:04:37.010886,27.0227,27.132,0.0
2022-01-24 16:04:37.506781,27.79626,27.64825,0.0
2022-01-24 16:04:38.005190,27.48684,27.4415,0.0
2022-01-24 16:04:38.501098,27.38411,27.4415,0.0
2022-01-24 16:04:39.010832,27.2294,27.803,0.0
2022-01-24 16:04:39.505877,26.61055,27.70025,0.0
2022-01-24 16:04:40.004597,27.58957,27.4415,0.0
2022-01-24 16:04:40.509545,27.69353,27.5455,0.0
2022-01-24 16:04:41.007786,27.17741,27.803,0.0
2022-01-24 16:04:41.502795,26.97072,27.70025,0.0
2022-01-24 16:04:42.001293,26.91997,27.236,0.0
2022-01-24 16:04:42.506418,27.89899,27.132,0.0
2022-01-24 16:04:43.007324,27.79626,27.95775,0.0
2022-01-24 16:04:43.502813,27.95097,27.70025,0.0
2022-01-24 16:04:44.010771,27.38411,27.4935,0.0
2022-01-24 16:04:44.506083,27.12543,27.184,0.0
2022-01-24 16:04:45.003369,27.58957,27.236,0.0
2022-01-24 16:04:45.510511,27.74428,27.5455,0.0
2022-01-24 16:04:46.008900,27.69353,27.95775,0.0
2022-01-24 16:04:46.504414,27.53882,27.751,0.0
2022-01-24 16:04:47.002613,26.816,27.5455,0.0
2022-01-24 16:04:47.507585,26.66129,27.4415,0.0
2022-01-24 16:04:48.006392,26.55856,27.5455,0.0
2022-01-24 16:04:48.510855,27.28014,27.70025,0.0
2022-01-24 16:04:49.009314,27.84825,27.59625,0.0
2022-01-24 16:04:49.504910,27.43485,27.39075,0.0
2022-01-24 16:04:50.004993,26.97072,27.33875,0.0
2022-01-24 16:04:50.510856,26.816,27.59625,0.0
2022-01-24 16:04:51.009047,27.84825,27.59625,0.0
2022-01-24 16:04:51.506074,27.89899,27.4935,0.0
2022-01-24 16:04:52.004750,27.43485,27.4415,0.0
2022-01-24 16:04:52.509350,27.17741,27.4415,0.0
2022-01-24 16:04:53.007562,26.55856,27.5455,0.0
2022-01-24 16:04:53.502098,27.64155,27.70025,0.0
2022-01-24 16:04:54.010336,28.2604,27.5455,0.0
2022-01-24 16:04:54.508374,27.58957,27.4935,0.0
2022-01-24 16:04:55.006570,27.33212,27.4935,0.0
2022-01-24 16:04:55.502813,27.2294,27.5455,0.0
2022-01-24 16:04:56.011004,27.12543,27.39075,0.0
2022-01-24 16:04:56.506539,28.20842,27.5455,0.0
2022-01-24 16:04:57.005238,27.69353,27.70025,0.0
2022-01-24 16:04:57.502352,27.58957,27.5455,0.0
2022-01-24 16:04:58.002498,27.2294,27.4935,0.0
2022-01-24 16:04:58.509131,26.91997,27.39075,0.0
2022-01-24 16:04:59.009571,27.53882,27.39075,0.0
2022-01-24 16:04:59.506309,27.69353,27.64825,0.0
2022-01-24 16:05:00.005286,27.07468,27.70025,0.0
2022-01-24 16:05:00.503816,26.86799,27.4935,0.0
2022-01-24 16:05:01.002534,27.58957,27.70025,0.0
2022-01-24 16:05:01.507878,27.33212,27.39075,0.0
2022-01-24 16:05:02.006712,28.00296,27.28675,0.0
2022-01-24 16:05:02.504753,27.64155,27.95775,0.0
2022-01-24 16:05:03.001978,27.43485,27.751,0.0
2022-01-24 16:05:03.507879,27.17741,27.236,0.0
2022-01-24 16:05:04.007041,26.816,27.39075,0.0
2022-01-24 16:05:04.503150,27.0227,27.751,0.0
2022-01-24 16:05:05.002875,27.38411,27.5455,0.0
2022-01-24 16:05:05.510186,27.0227,27.39075,0.0
2022-01-24 16:05:06.008113,27.43485,27.5455,0.0
2022-01-24 16:05:06.503914,27.58957,27.33875,0.0
2022-01-24 16:05:07.003791,27.58957,27.4415,0.0
2022-01-24 16:05:07.509242,27.53882,27.95775,0.0
2022-01-24 16:05:08.007346,27.17741,27.70025,0.0
2022-01-24 16:05:08.502306,27.0227,27.33875,0.0
2022-01-24 16:05:09.010576,27.07468,27.08125,0.0
2022-01-24 16:05:09.506612,28.10569,27.5455,0.0
2022-01-24 16:05:10.005135,27.95097,27.751,0.0
2022-01-24 16:05:10.500963,27.58957,27.70025,0.0
2022-01-24 16:05:11.005561,27.64155,27.64825,0.0
2022-01-24 16:05:11.503286,26.91997,27.4415,0.0
2022-01-24 16:05:12.003210,26.816,26.97725,0.0
2022-01-24 16:05:12.510489,27.0227,27.855,0.0
2022-01-24 16:05:13.009020,27.17741,27.70025,0.0
2022-01-24 16:05:13.505181,27.43485,27.4935,0.0
2022-01-24 16:05:14.003277,27.33212,27.08125,0.0
2022-01-24 16:05:14.507374,27.33212,27.33875,0.0
2022-01-24 16:05:15.006775,27.0227,27.70025,0.0
2022-01-24 16:05:15.504613,27.74428,27.4935,0.0
2022-01-24 16:05:16.002988,27.58957,27.70025,0.0
2022-01-24 16:05:16.507352,27.58957,27.4935,0.0
2022-01-24 16:05:17.005692,27.58957,27.5455,0.0
2022-01-24 16:05:17.501822,27.0227,27.5455,0.0
2022-01-24 16:05:18.010074,27.2294,27.855,0.0
2022-01-24 16:05:18.505163,27.28014,27.59625,0.0
2022-01-24 16:05:19.003632,27.48684,27.39075,0.0
2022-01-24 16:05:19.507918,26.97072,27.33875,0.0
2022-01-24 16:05:20.007752,27.12543,27.5455,0.0
2022-01-24 16:05:20.504468,27.64155,27.59625,0.0
2022-01-24 16:05:21.002704,28.4671,27.70025,0.0
2022-01-24 16:05:21.508693,27.79626,27.5455,0.0
2022-01-24 16:05:22.007181,27.69353,27.39075,0.0
2022-01-24 16:05:22.506346,26.816,27.4935,0.0
2022-01-24 16:05:23.005150,26.30112,27.90575,0.0
2022-01-24 16:05:23.501222,27.64155,27.4935,0.0
2022-01-24 16:05:24.009036,28.10569,27.59625,0.0
2022-01-24 16:05:24.504664,27.64155,27.4415,0.0
2022-01-24 16:05:25.005464,27.2294,27.70025,0.0
2022-01-24 16:05:25.501754,27.12543,27.39075,0.0
2022-01-24 16:05:26.011079,26.61055,27.02925,0.0
2022-01-24 16:05:26.507193,27.89899,27.70025,0.0
2022-01-24 16:05:27.004877,27.53882,27.803,0.0
2022-01-24 16:05:27.510852,26.86799,27.4415,0.0
2022-01-24 16:05:28.011201,26.71327,27.39075,0.0
2022-01-24 16:05:28.506576,26.76526,27.64825,0.0
2022-01-24 16:05:29.004599,27.33212,27.4935,0.0
2022-01-24 16:05:29.510779,27.64155,27.70025,0.0
2022-01-24 16:05:30.008389,27.0227,27.803,0.0
2022-01-24 16:05:30.503572,27.17741,27.4935,0.0
2022-01-24 16:05:31.003200,27.12543,27.184,0.0
2022-01-24 16:05:31.509638,28.10569,27.4415,0.0
2022-01-24 16:05:32.007635,27.95097,27.90575,0.0
2022-01-24 16:05:32.502806,27.43485,27.64825,0.0
2022-01-24 16:05:33.010481,26.76526,27.28675,0.0
2022-01-24 16:05:33.506047,26.55856,27.08125,0.0
2022-01-24 16:05:34.005809,27.33212,27.70025,0.0
2022-01-24 16:05:34.502620,27.84825,27.855,0.0
2022-01-24 16:05:35.010370,27.95097,27.64825,0.0
2022-01-24 16:05:35.508065,27.38411,27.39075,0.0
2022-01-24 16:05:36.006781,27.28014,27.39075,0.0
2022-01-24 16:05:36.502231,26.86799,27.5455,0.0
2022-01-24 16:05:37.011049,27.79626,27.70025,0.0
2022-01-24 16:05:37.506370,27.64155,27.751,0.0
2022-01-24 16:05:38.005967,27.2294,27.4935,0.0
2022-01-24 16:05:38.503630,26.55856,27.132,0.0
2022-01-24 16:05:39.001707,26.45583,27.5455,0.0
2022-01-24 16:05:39.507729,27.79626,27.59625,0.0
2022-01-24 16:05:40.005967,27.95097,27.59625,0.0
2022-01-24 16:05:40.501686,27.64155,27.64825,0.0
2022-01-24 16:05:41.009957,27.28014,27.39075,0.0
2022-01-24 16:05:41.508427,27.2294,27.33875,0.0
2022-01-24 16:05:42.007241,26.76526,28.0605,0.0
2022-01-24 16:05:42.502642,27.43485,27.4935,0.0
2022-01-24 16:05:43.001692,27.17741,27.4415,0.0
2022-01-24 16:05:43.507288,27.43485,27.28675,0.0
2022-01-24 16:05:44.005394,27.17741,27.70025,0.0
2022-01-24 16:05:44.510514,27.38411,27.59625,0.0
2022-01-24 16:05:45.009785,27.84825,27.33875,0.0
2022-01-24 16:05:45.506414,27.89899,27.59625,0.0
2022-01-24 16:05:46.006642,27.58957,27.4935,0.0
2022-01-24 16:05:46.511031,27.12543,27.4935,0.0
2022-01-24 16:05:47.009002,26.76526,27.4415,0.0
2022-01-24 16:05:47.507191,27.28014,27.70025,0.0
2022-01-24 16:05:48.008510,27.64155,27.64825,0.0
2022-01-24 16:05:48.509746,28.0537,27.5455,0.0
2022-01-24 16:05:49.009899,27.33212,27.5455,0.0
2022-01-24 16:05:49.504752,26.97072,27.4415,0.0
2022-01-24 16:05:50.003548,27.33212,27.4935,0.0
2022-01-24 16:05:50.509341,26.97072,27.33875,0.0
2022-01-24 16:05:51.008115,27.12543,27.5455,0.0
2022-01-24 16:05:51.505057,26.86799,27.70025,0.0
2022-01-24 16:05:52.005085,26.97072,27.4935,0.0
2022-01-24 16:05:52.501012,27.95097,27.02925,0.0
2022-01-24 16:05:53.010581,27.48684,27.64825,0.0
2022-01-24 16:05:53.504623,27.33212,27.95775,0.0
2022-01-24 16:05:54.003772,27.43485,27.751,0.0
2022-01-24 16:05:54.508594,27.17741,27.236,0.0
2022-01-24 16:05:55.006768,27.17741,27.70025,0.0
2022-01-24 16:05:55.501141,27.07468,27.59625,0.0
2022-01-24 16:05:56.010111,28.0537,27.5455,0.0
2022-01-24 16:05:56.508315,28.00296,27.59625,0.0
2022-01-24 16:05:57.007291,27.2294,27.64825,0.0
2022-01-24 16:05:57.503621,26.66129,27.236,0.0
2022-01-24 16:05:58.010506,26.55856,27.28675,0.0
2022-01-24 16:05:58.507558,27.53882,27.855,0.0
2022-01-24 16:05:59.006145,28.15767,27.64825,0.0
2022-01-24 16:05:59.501667,27.84825,27.39075,0.0
2022-01-24 16:06:00.009929,27.33212,27.184,0.0
2022-01-24 16:06:00.507886,27.33212,27.855,0.0
2022-01-24 16:06:01.007154,26.71327,27.95775,0.0
2022-01-24 16:06:01.501759,27.79626,27.64825,0.0
2022-01-24 16:06:02.010169,27.74428,27.4415,0.0
2022-01-24 16:06:02.505804,27.48684,27.28675,0.0
2022-01-24 16:06:03.004882,27.07468,27.39075,0.0
2022-01-24 16:06:03.510250,27.12543,27.64825,0.0
2022-01-24 16:06:04.008007,27.0227,27.59625,0.0
2022-01-24 16:06:04.504209,27.64155,27.59625,0.0
2022-01-24 16:06:05.003755,27.58957,27.39075,0.0
2022-01-24 16:06:05.508567,27.17741,27.39075,0.0
2022-01-24 16:06:06.006338,27.2294,27.751,0.0
2022-01-24 16:06:06.501801,26.816,27.39075,0.0
2022-01-24 16:06:07.010848,27.69353,27.751,0.0
2022-01-24 16:06:07.506906,27.79626,27.855,0.0
2022-01-24 16:06:08.005395,27.38411,27.39075,0.0
2022-01-24 16:06:09.005017,27.12543,27.751,0.0
2022-01-24 16:06:09.501062,27.84825,27.28675,0.0
2022-01-24 16:06:10.009304,28.0537,27.5455,0.0
2022-01-24 16:06:10.505935,27.74428,27.5455,0.0
2022-01-24 16:06:11.010414,27.0227,27.70025,0.0
2022-01-24 16:06:11.505701,26.76526,27.236,0.0
2022-01-24 16:06:12.003832,27.58957,27.64825,0.0
2022-01-24 16:06:12.510136,27.95097,27.64825,0.0
2022-01-24 16:06:13.008850,27.84825,27.5455,0.0
2022-01-24 16:06:13.503861,27.48684,27.4415,0.0
2022-01-24 16:06:14.003102,27.12543,27.803,0.0
2022-01-24 16:06:14.510335,26.50658,27.59625,0.0
2022-01-24 16:06:15.009124,27.58957,27.4935,0.0
2022-01-24 16:06:15.506021,27.74428,27.70025,0.0
2022-01-24 16:06:16.004701,27.43485,27.5455,0.0
2022-01-24 16:06:16.509830,26.61055,27.08125,0.0
2022-01-24 16:06:17.008626,26.91997,27.39075,0.0
2022-01-24 16:06:17.503255,27.33212,27.70025,0.0
2022-01-24 16:06:18.003126,28.0537,27.751,0.0
2022-01-24 16:06:18.503012,27.64155,27.4415,0.03864
2022-01-24 16:06:19.001183,27.28014,27.4415,0.03864
2022-01-24 16:06:19.506791,27.0227,27.70025,0.0
2022-01-24 16:06:20.008468,27.28014,27.33875,0.0
2022-01-24 16:06:20.503854,27.79626,27.855,0.0
2022-01-24 16:06:21.002452,27.33212,28.0605,0.0
2022-01-24 16:06:21.509717,26.76526,27.64825,0.0
2022-01-24 16:06:22.008098,27.0227,27.08125,0.0
2022-01-24 16:06:22.503823,27.38411,27.5455,0.0
2022-01-24 16:06:23.003909,28.10569,27.803,0.0
2022-01-24 16:06:23.510963,27.89899,27.4415,0.0
2022-01-24 16:06:24.010182,27.43485,27.08125,0.0
2022-01-24 16:06:24.507463,26.91997,27.132,0.0
2022-01-24 16:06:25.007088,27.69353,27.803,0.0
2022-01-24 16:06:25.503228,27.89899,27.64825,0.0
2022-01-24 16:06:26.001411,27.89899,27.70025,0.0
2022-01-24 16:06:26.507524,27.95097,27.4415,0.0
2022-01-24 16:06:27.006665,27.38411,27.28675,0.0
2022-01-24 16:06:27.505884,26.97072,27.4415,0.0
2022-01-24 16:06:28.004717,26.66129,28.0605,0.0
2022-01-24 16:06:28.510500,27.43485,27.70025,0.0
2022-01-24 16:06:29.008993,27.58957,27.39075,0.0
2022-01-24 16:06:29.504405,27.12543,27.184,0.0
2022-01-24 16:06:30.002092,26.35187,27.08125,0.0
2022-01-24 16:06:30.507589,26.66129,27.59625,0.0
2022-01-24 16:06:31.005567,27.89899,27.855,0.0
2022-01-24 16:06:31.504010,28.15767,27.4935,0.0
2022-01-24 16:06:32.002724,27.79626,27.5455,0.0
2022-01-24 16:06:32.509669,27.53882,27.59625,0.0
2022-01-24 16:06:33.007642,26.97072,28.00975,0.0
2022-01-24 16:06:33.503197,26.30112,27.4415,0.0
2022-01-24 16:06:34.002046,26.76526,27.5455,0.0
2022-01-24 16:06:34.507913,28.0537,27.5455,0.0
2022-01-24 16:06:35.005904,27.69353,27.803,0.0
2022-01-24 16:06:35.502750,27.17741,27.70025,0.0
2022-01-24 16:06:36.001671,26.97072,27.39075,0.0
2022-01-24 16:06:36.509201,27.28014,27.39075,0.0
2022-01-24 16:06:37.007425,27.17741,27.4415,0.0
2022-01-24 16:06:37.502739,28.00296,27.4935,0.0
2022-01-24 16:06:38.010850,27.43485,27.39075,0.0
2022-01-24 16:06:38.507229,27.33212,27.5455,0.0
2022-01-24 16:06:39.006377,27.48684,27.4935,0.0
2022-01-24 16:06:39.502427,27.89899,27.4935,0.0
2022-01-24 16:06:40.010624,27.74428,27.64825,0.0
2022-01-24 16:06:40.506727,27.17741,27.5455,0.0
2022-01-24 16:06:41.004249,27.33212,27.33875,0.0
2022-01-24 16:06:41.510275,26.40385,27.59625,0.0
2022-01-24 16:06:42.008582,27.28014,27.855,0.0
2022-01-24 16:06:42.503004,27.48684,27.803,0.0
2022-01-24 16:06:43.001111,27.38411,27.28675,0.0
2022-01-24 16:06:43.506434,27.12543,27.08125,0.0
2022-01-24 16:06:44.007827,27.38411,27.59625,0.0
2022-01-24 16:06:44.502465,27.28014,27.855,0.0
2022-01-24 16:06:45.001761,27.48684,27.59625,0.0
2022-01-24 16:06:45.509305,27.53882,27.33875,0.0
2022-01-24 16:06:46.008541,27.12543,27.33875,0.0
2022-01-24 16:06:46.504599,27.2294,27.4415,0.0
2022-01-24 16:06:47.002429,26.76526,27.59625,0.0
2022-01-24 16:06:47.506857,28.10569,27.70025,0.0
2022-01-24 16:06:48.005071,28.0537,27.64825,0.0
2022-01-24 16:06:48.501357,27.69353,27.39075,0.0
2022-01-24 16:06:49.010811,26.91997,27.5455,0.0
2022-01-24 16:06:49.507770,26.86799,27.90575,0.0
2022-01-24 16:06:50.006789,27.79626,27.4935,0.0
2022-01-24 16:06:50.501810,27.84825,27.33875,0.0
2022-01-24 16:06:51.009505,27.69353,27.132,0.0
2022-01-24 16:06:51.506332,26.97072,27.184,0.0
2022-01-24 16:06:52.003612,26.91997,27.70025,0.0
2022-01-24 16:06:52.509241,27.17741,27.39075,0.0
2022-01-24 16:06:53.008853,28.10569,27.59625,0.0
2022-01-24 16:06:53.504526,27.69353,27.33875,0.0
2022-01-24 16:06:54.004822,27.28014,27.33875,0.0
2022-01-24 16:06:54.510735,26.55856,27.855,0.0
2022-01-24 16:06:55.010261,26.86799,27.64825,0.0
2022-01-24 16:06:55.505317,26.71327,27.33875,0.0
2022-01-24 16:06:56.004013,27.89899,27.4935,0.0
2022-01-24 16:06:56.510348,27.58957,27.70025,0.0
2022-01-24 16:06:57.009304,27.48684,27.33875,0.0
2022-01-24 16:06:57.505743,27.17741,27.59625,0.0
2022-01-24 16:06:58.004369,26.76526,27.70025,0.0
2022-01-24 16:06:58.509731,27.89899,27.4415,0.0
2022-01-24 16:06:59.007949,27.43485,27.39075,0.0
2022-01-24 16:06:59.504297,27.28014,27.4415,0.0
2022-01-24 16:07:00.001861,27.07468,27.236,0.0
2022-01-24 16:07:00.506066,27.28014,27.236,0.0
2022-01-24 16:07:01.006828,28.15767,27.64825,0.0
2022-01-24 16:07:01.502423,28.00296,27.90575,0.0
2022-01-24 16:07:02.010012,27.48684,27.4415,0.0
2022-01-24 16:07:02.506744,26.86799,27.08125,0.0
2022-01-24 16:07:03.004480,27.0227,28.00975,0.0
2022-01-24 16:07:03.502823,27.28014,27.751,0.0
2022-01-24 16:07:04.001179,27.79626,27.5455,0.0
2022-01-24 16:07:04.507944,27.74428,27.132,0.0
2022-01-24 16:07:05.007341,27.43485,27.132,0.0
2022-01-24 16:07:05.502308,27.17741,27.4935,0.0
2022-01-24 16:07:06.010385,26.816,27.4935,0.0
2022-01-24 16:07:06.506481,27.95097,27.5455,0.0
2022-01-24 16:07:07.005724,27.95097,27.5455,0.0
2022-01-24 16:07:08.005034,26.86799,27.33875,0.0
2022-01-24 16:07:08.510823,26.55856,27.90575,0.0
2022-01-24 16:07:09.009885,26.86799,27.751,0.0
2022-01-24 16:07:09.508935,27.43485,27.70025,0.0
2022-01-24 16:07:10.008463,27.0227,27.64825,0.0
2022-01-24 16:07:10.502601,27.53882,27.59625,0.0
2022-01-24 16:07:11.006638,27.33212,27.5455,0.0
2022-01-24 16:07:11.502715,27.12543,27.855,0.0
2022-01-24 16:07:12.001910,27.38411,27.5455,0.0
2022-01-24 16:07:12.508793,27.58957,27.28675,0.0
2022-01-24 16:07:13.007448,27.38411,26.8225,0.0
2022-01-24 16:07:13.502764,27.53882,27.751,0.0
2022-01-24 16:07:14.000980,27.38411,27.803,0.0
2022-01-24 16:07:14.506975,27.69353,27.236,0.0
2022-01-24 16:07:15.005566,27.58957,27.70025,0.0
2022-01-24 16:07:15.510748,27.17741,27.59625,0.0
2022-01-24 16:07:16.010468,27.17741,28.00975,0.0
2022-01-24 16:07:16.508057,27.07468,27.70025,0.0
2022-01-24 16:07:17.007793,27.79626,27.90575,0.0
2022-01-24 16:07:17.502736,27.84825,27.39075,0.0
2022-01-24 16:07:18.011005,27.69353,27.236,0.0
2022-01-24 16:07:18.507593,27.17741,27.5455,0.0
2022-01-24 16:07:19.006506,27.28014,27.64825,0.0
2022-01-24 16:07:19.502256,26.50658,27.33875,0.0
2022-01-24 16:07:20.010713,27.07468,27.59625,0.0
2022-01-24 16:07:20.508103,27.79626,27.4415,0.0
2022-01-24 16:07:21.008376,27.43485,27.28675,0.0
2022-01-24 16:07:21.503384,27.28014,27.59625,0.0
2022-01-24 16:07:22.010905,27.58957,27.751,0.0
2022-01-24 16:07:22.507656,27.17741,27.751,0.0
2022-01-24 16:07:23.004721,27.28014,27.70025,0.0
2022-01-24 16:07:23.510021,27.43485,27.59625,0.0
2022-01-24 16:07:24.007929,27.07468,27.64825,0.0
2022-01-24 16:07:24.503433,26.66129,27.4415,0.0
2022-01-24 16:07:25.002851,26.61055,27.39075,0.0
2022-01-24 16:07:25.509950,28.2604,27.4935,0.0
2022-01-24 16:07:26.008688,28.20842,27.59625,0.0
2022-01-24 16:07:26.504280,28.10569,27.39075,0.0
2022-01-24 16:07:27.002898,26.91997,27.28675,0.0
2022-01-24 16:07:27.508170,26.76526,27.59625,0.0
2022-01-24 16:07:28.003118,27.64155,27.59625,0.0
2022-01-24 16:07:28.508304,28.10569,27.59625,0.0
2022-01-24 16:07:29.006946,27.74428,27.803,0.0
2022-01-24 16:07:29.503912,27.12543,27.59625,0.0
2022-01-24 16:07:30.002418,26.61055,27.4935,0.0
2022-01-24 16:07:30.507077,26.97072,27.751,0.0
2022-01-24 16:07:31.006836,27.48684,27.855,0.0
2022-01-24 16:07:31.503555,27.74428,27.4935,0.0
2022-01-24 16:07:32.001817,27.33212,27.132,0.0
2022-01-24 16:07:32.508041,26.86799,27.39075,0.0
2022-01-24 16:07:33.006394,26.50658,27.64825,0.0
2022-01-24 16:07:33.502625,27.28014,27.59625,0.0
2022-01-24 16:07:34.002656,27.74428,27.33875,0.0
2022-01-24 16:07:34.509717,27.74428,27.236,0.0
2022-01-24 16:07:35.008437,27.28014,27.4935,0.0
2022-01-24 16:07:35.504130,27.38411,27.90575,0.0
2022-01-24 16:07:36.003471,27.64155,27.95775,0.0
2022-01-24 16:07:36.510300,27.84825,27.64825,0.0
2022-01-24 16:07:37.008401,27.58957,27.4415,0.0
2022-01-24 16:07:37.504289,27.17741,27.28675,0.0
2022-01-24 16:07:38.002133,27.07468,27.64825,0.0
2022-01-24 16:07:38.509316,26.50658,27.803,0.0
2022-01-24 16:07:39.007025,28.0537,27.64825,0.0
2022-01-24 16:07:39.503089,28.10569,27.28675,0.0
2022-01-24 16:07:40.010829,27.53882,26.8745,0.0
2022-01-24 16:07:40.505451,27.07468,27.855,0.0
2022-01-24 16:07:41.003761,26.97072,27.64825,0.0
2022-01-24 16:07:41.510288,27.64155,27.5455,0.0
2022-01-24 16:07:42.008429,27.69353,27.236,0.0
2022-01-24 16:07:42.504819,27.84825,27.4415,0.0
2022-01-24 16:07:43.003768,27.33212,27.751,0.0
2022-01-24 16:07:43.510318,27.38411,27.751,0.0
2022-01-24 16:07:44.007892,27.43485,27.70025,0.0
2022-01-24 16:07:44.505155,28.00296,27.28675,0.0
2022-01-24 16:07:45.002810,27.53882,27.28675,0.0
2022-01-24 16:07:45.509005,27.48684,27.64825,0.0
2022-01-24 16:07:46.007398,26.86799,27.4935,0.0
2022-01-24 16:07:46.502283,26.50658,27.4415,0.0
2022-01-24 16:07:47.011107,27.48684,27.59625,0.0
2022-01-24 16:07:47.508239,26.91997,27.33875,0.0
2022-01-24 16:07:48.006402,26.97072,27.70025,0.0
2022-01-24 16:07:48.505039,26.45583,27.4935,0.0
2022-01-24 16:07:49.003287,26.61055,27.64825,0.0
2022-01-24 16:07:49.508509,27.38411,27.70025,0.0
2022-01-24 16:07:50.006605,27.69353,27.59625,0.0
2022-01-24 16:07:50.502607,27.79626,27.59625,0.0
2022-01-24 16:07:51.010838,27.2294,27.28675,0.0
2022-01-24 16:07:51.506870,27.07468,27.4935,0.0
2022-01-24 16:07:52.004663,26.40385,27.803,0.0
2022-01-24 16:07:52.509236,28.0537,27.70025,0.0
2022-01-24 16:07:53.008036,28.36313,27.33875,0.0
2022-01-24 16:07:53.503519,27.64155,27.132,0.0
2022-01-24 16:07:54.002193,26.97072,27.751,0.0
2022-01-24 16:07:54.508533,26.816,27.33875,0.0
2022-01-24 16:07:55.006759,27.12543,27.39075,0.0
2022-01-24 16:07:55.501107,27.69353,27.64825,0.0
2022-01-24 16:07:56.008943,27.53882,27.64825,0.0
2022-01-24 16:07:56.506583,27.48684,27.33875,0.0
2022-01-24 16:07:57.006465,26.91997,27.751,0.0
2022-01-24 16:07:57.510579,26.816,28.00975,0.0
2022-01-24 16:07:58.009494,27.07468,27.4935,0.0
2022-01-24 16:07:58.504849,26.97072,27.236,0.0
2022-01-24 16:07:59.002198,27.43485,27.08125,0.0
2022-01-24 16:07:59.509038,27.48684,28.0605,0.0
2022-01-24 16:08:00.006199,27.58957,27.4935,0.0
2022-01-24 16:08:00.501606,27.69353,27.4935,0.0
2022-01-24 16:08:01.009912,27.58957,27.184,0.0
2022-01-24 16:08:01.505295,27.48684,27.236,0.0
2022-01-24 16:08:02.004317,26.76526,27.39075,0.0
2022-01-24 16:08:02.509077,26.71327,27.803,0.0
2022-01-24 16:08:03.007766,27.38411,27.70025,0.0
2022-01-24 16:08:03.501624,27.69353,27.39075,0.0
2022-01-24 16:08:04.009798,27.84825,27.39075,0.0
2022-01-24 16:08:04.501070,27.53882,27.803,0.0
2022-01-24 16:08:05.001729,26.76526,27.39075,0.0
2022-01-24 16:08:05.506730,26.816,27.70025,0.0
2022-01-24 16:08:06.001060,27.28014,27.70025,0.0
2022-01-24 16:08:06.504815,28.2604,27.5455,0.0
2022-01-24 16:08:07.007548,28.15767,27.39075,0.0
2022-01-24 16:08:07.509524,27.58957,27.70025,0.0
2022-01-24 16:08:08.002670,26.816,27.33875,0.0
2022-01-24 16:08:08.508638,26.816,27.33875,0.0
2022-01-24 16:08:09.005105,28.15767,27.39075,0.0
2022-01-24 16:08:09.506423,27.69353,27.5455,0.0
2022-01-24 16:08:10.004663,27.53882,27.70025,0.0
2022-01-24 16:08:10.501134,27.17741,27.4935,0.0
2022-01-24 16:08:11.006837,26.97072,27.70025,0.0
2022-01-24 16:08:11.502949,26.86799,27.59625,0.0
2022-01-24 16:08:12.011070,27.43485,27.4935,0.0
2022-01-24 16:08:12.502816,27.12543,27.39075,0.0
2022-01-24 16:08:13.003356,26.66129,27.751,0.0
2022-01-24 16:08:13.510714,27.2294,27.803,0.0
2022-01-24 16:08:14.009242,28.0537,27.4935,0.0
2022-01-24 16:08:14.504770,28.00296,27.28675,0.0
2022-01-24 16:08:15.003020,27.69353,27.132,0.0
2022-01-24 16:08:15.510927,27.07468,27.184,0.0
2022-01-24 16:08:16.008248,26.97072,27.59625,0.0
2022-01-24 16:08:16.503235,26.35187,28.00975,0.0
2022-01-24 16:08:17.001160,27.95097,27.70025,0.0
2022-01-24 16:08:17.507900,27.84825,27.236,0.0
2022-01-24 16:08:18.006402,27.48684,27.70025,0.0
2022-01-24 16:08:18.501349,27.0227,27.4415,0.0
2022-01-24 16:08:19.009090,26.86799,27.70025,0.0
2022-01-24 16:08:19.505452,27.53882,27.751,0.0
2022-01-24 16:08:20.005720,27.53882,27.59625,0.0
2022-01-24 16:08:20.501916,27.84825,27.28675,0.0
2022-01-24 16:08:21.010244,27.17741,27.28675,0.0
2022-01-24 16:08:21.506240,27.33212,27.855,0.0
2022-01-24 16:08:22.005256,27.43485,27.5455,0.0
2022-01-24 16:08:22.501274,28.10569,27.132,0.0
2022-01-24 16:08:23.010467,27.53882,27.39075,0.0
2022-01-24 16:08:23.507108,27.33212,27.64825,0.0
2022-01-24 16:08:24.005942,27.0227,27.855,0.0
2022-01-24 16:08:24.503999,26.71327,27.70025,0.0
2022-01-24 16:08:25.003350,27.33212,27.59625,0.0
2022-01-24 16:08:25.508777,27.53882,27.4935,0.0
2022-01-24 16:08:26.006852,27.12543,27.5455,0.0
2022-01-24 16:08:26.502073,27.0227,27.64825,0.0
2022-01-24 16:08:27.007844,26.76526,27.751,0.0
2022-01-24 16:08:27.503515,27.17741,27.70025,0.0
2022-01-24 16:08:28.003340,26.91997,27.184,0.0
2022-01-24 16:08:28.510157,27.33212,27.02925,0.0
2022-01-24 16:08:29.008243,27.64155,27.64825,0.0
2022-01-24 16:08:29.503468,27.38411,27.751,0.0
2022-01-24 16:08:30.002073,27.2294,27.4935,0.0
2022-01-24 16:08:30.507772,27.38411,27.28675,0.0
2022-01-24 16:08:31.007456,27.69353,27.4935,0.0
2022-01-24 16:08:31.503076,27.53882,27.90575,0.0
2022-01-24 16:08:32.001338,27.17741,27.4935,0.0
2022-01-24 16:08:32.507464,27.69353,27.64825,0.0
2022-01-24 16:08:33.006906,27.43485,27.70025,0.0
2022-01-24 16:08:33.505369,28.15767,27.33875,0.0
2022-01-24 16:08:34.003295,27.84825,27.5455,0.0
2022-01-24 16:08:34.508481,27.53882,27.64825,0.0
2022-01-24 16:08:35.006755,27.43485,27.33875,0.0
2022-01-24 16:08:35.501680,26.86799,27.33875,0.0
2022-01-24 16:08:36.010137,27.07468,27.28675,0.0
2022-01-24 16:08:36.505965,26.816,27.236,0.0
2022-01-24 16:08:37.003169,27.28014,27.90575,0.0
2022-01-24 16:08:37.511111,27.28014,27.4415,0.0
2022-01-24 16:08:38.010320,27.48684,27.855,0.0
2022-01-24 16:08:38.504730,27.69353,27.64825,0.0
2022-01-24 16:08:39.002887,27.64155,27.59625,0.0
2022-01-24 16:08:39.509028,27.17741,27.4935,0.0
2022-01-24 16:08:40.006999,26.66129,27.5455,0.0
2022-01-24 16:08:40.502803,26.50658,27.5455,0.0
2022-01-24 16:08:41.003372,27.07468,27.64825,0.0
2022-01-24 16:08:41.509510,27.95097,27.59625,0.0
2022-01-24 16:08:42.008174,28.0537,27.236,0.0
2022-01-24 16:08:42.503778,27.53882,26.9265,0.0
2022-01-24 16:08:43.002489,26.86799,27.64825,0.0
2022-01-24 16:08:43.507365,26.86799,27.803,0.0
2022-01-24 16:08:44.005559,27.79626,27.4935,0.0
2022-01-24 16:08:44.510987,28.15767,27.33875,0.0
2022-01-24 16:08:45.009190,27.64155,27.855,0.0
2022-01-24 16:08:45.504948,27.2294,27.5455,0.0
2022-01-24 16:08:46.002835,27.48684,27.70025,0.0
2022-01-24 16:08:46.510381,27.58957,27.70025,0.0
2022-01-24 16:08:47.008985,27.69353,27.4935,0.0
2022-01-24 16:08:47.503414,27.58957,27.184,0.0
2022-01-24 16:08:48.002502,27.28014,27.751,0.0
2022-01-24 16:08:48.509529,27.07468,27.90575,0.0
2022-01-24 16:08:49.009121,26.55856,27.4935,0.0
2022-01-24 16:08:49.505479,27.53882,27.132,0.0
2022-01-24 16:08:50.003085,27.28014,27.132,0.0
2022-01-24 16:08:50.509863,27.33212,28.00975,0.0
2022-01-24 16:08:51.008016,26.91997,28.1125,0.0
2022-01-24 16:08:51.504890,26.816,27.64825,0.0
2022-01-24 16:08:52.001893,27.2294,27.33875,0.0
2022-01-24 16:08:52.506850,27.69353,27.28675,0.0
2022-01-24 16:08:53.006058,27.58957,27.4935,0.0
2022-01-24 16:08:53.501956,26.91997,27.64825,0.0
2022-01-24 16:08:54.010707,26.97072,27.4935,0.0
2022-01-24 16:08:54.506690,27.17741,27.39075,0.0
2022-01-24 16:08:55.004505,27.69353,27.4415,0.0
2022-01-24 16:08:55.510736,28.0537,27.4935,0.0
2022-01-24 16:08:56.009063,27.53882,27.39075,0.0
2022-01-24 16:08:56.504686,27.0227,27.4415,0.0
2022-01-24 16:08:57.002933,26.71327,27.751,0.0
2022-01-24 16:08:57.508178,27.89899,27.4415,0.0
2022-01-24 16:08:58.006860,27.74428,27.39075,0.0
2022-01-24 16:08:58.501182,27.48684,27.855,0.0
2022-01-24 16:08:59.010039,26.66129,27.59625,0.0
2022-01-24 16:08:59.506353,27.12543,27.28675,0.0
2022-01-24 16:09:00.006345,27.07468,27.59625,0.0
2022-01-24 16:09:00.501703,27.69353,27.70025,0.0
2022-01-24 16:09:01.010388,27.33212,27.4415,0.0
2022-01-24 16:09:01.505904,26.97072,27.132,0.0
2022-01-24 16:09:02.003970,27.07468,27.90575,0.0
2022-01-24 16:09:02.501876,27.33212,27.70025,0.0
2022-01-24 16:09:03.010294,27.58957,27.33875,0.0
2022-01-24 16:09:03.506395,28.10569,27.184,0.0
2022-01-24 16:09:04.004704,27.33212,28.00975,0.0
2022-01-24 16:09:04.509766,26.91997,27.855,0.0
2022-01-24 16:09:05.007885,27.2294,27.855,0.0
2022-01-24 16:09:05.502975,26.45583,27.64825,0.0
2022-01-24 16:09:06.002410,26.816,27.132,0.0
2022-01-24 16:09:06.507818,27.53882,26.97725,0.0
2022-01-24 16:09:07.007414,27.12543,27.751,0.0
2022-01-24 16:09:07.504080,27.0227,27.70025,0.0
2022-01-24 16:09:08.003817,26.71327,27.4415,0.0
2022-01-24 16:09:08.502837,28.0537,27.08125,0.0
2022-01-24 16:09:09.002155,27.74428,27.4415,0.0
2022-01-24 16:09:09.507297,27.2294,27.855,0.0
2022-01-24 16:09:10.006574,26.91997,27.4415,0.0
2022-01-24 16:09:10.502907,27.07468,27.59625,0.0
2022-01-24 16:09:11.008644,27.84825,27.5455,0.0
2022-01-24 16:09:11.505962,27.89899,27.28675,0.0
2022-01-24 16:09:12.004570,27.58957,27.70025,0.0
2022-01-24 16:09:12.509652,27.43485,27.59625,0.0
2022-01-24 16:09:13.009016,26.86799,27.59625,0.0
2022-01-24 16:09:13.503110,26.24914,27.4415,0.0
2022-01-24 16:09:14.001935,26.97072,27.39075,0.0
2022-01-24 16:09:14.509114,27.43485,27.4935,0.0
2022-01-24 16:09:15.008504,28.00296,27.70025,0.0
2022-01-24 16:09:15.506250,27.43485,27.803,0.0
2022-01-24 16:09:16.005791,27.43485,27.4935,0.0
2022-01-24 16:09:16.510764,27.2294,27.39075,0.0
2022-01-24 16:09:17.009874,27.33212,27.4935,0.0
2022-01-24 16:09:17.509326,26.97072,27.751,0.0
2022-01-24 16:09:18.007946,26.97072,27.5455,0.0
2022-01-24 16:09:18.504344,27.43485,27.64825,0.0
2022-01-24 16:09:19.002124,27.53882,27.39075,0.0
2022-01-24 16:09:19.507764,27.64155,27.4415,0.0
2022-01-24 16:09:20.006131,27.84825,27.70025,0.0
2022-01-24 16:09:20.501061,27.28014,27.33875,0.0
2022-01-24 16:09:21.010058,27.07468,27.4935,0.0
2022-01-24 16:09:21.505889,26.71327,27.5455,0.0
2022-01-24 16:09:22.005208,27.58957,27.33875,0.0
2022-01-24 16:09:22.501272,28.2604,27.751,0.0
2022-01-24 16:09:23.010174,27.84825,27.64825,0.0
2022-01-24 16:09:23.505827,27.2294,27.4415,0.0
2022-01-24 16:09:24.003742,26.816,27.4935,0.0
2022-01-24 16:09:24.511216,27.0227,27.70025,0.0
2022-01-24 16:09:25.010221,28.15767,27.5455,0.0
2022-01-24 16:09:25.505969,27.53882,27.39075,0.0
2022-01-24 16:09:26.003834,27.17741,27.5455,0.0
2022-01-24 16:09:26.510654,27.12543,27.4935,0.0
2022-01-24 16:09:27.007404,26.91997,27.4935,0.0
2022-01-24 16:09:27.502919,27.64155,27.5455,0.0
2022-01-24 16:09:28.001662,27.53882,27.33875,0.0
2022-01-24 16:09:28.507282,27.38411,27.59625,0.0
2022-01-24 16:09:29.007470,26.97072,27.5455,0.0
2022-01-24 16:09:29.502791,27.0227,27.59625,0.0
2022-01-24 16:09:30.001091,27.33212,27.59625,0.0
2022-01-24 16:09:30.505729,27.74428,27.5455,0.0
2022-01-24 16:09:31.004982,27.69353,27.236,0.0
2022-01-24 16:09:31.510314,27.07468,27.70025,0.0
2022-01-24 16:09:32.007354,26.55856,27.90575,0.0
2022-01-24 16:09:32.502866,27.12543,27.751,0.0
2022-01-24 16:09:33.001188,27.58957,27.08125,0.0
2022-01-24 16:09:33.507913,27.79626,27.33875,0.0
2022-01-24 16:09:34.005352,27.43485,27.90575,0.0
2022-01-24 16:09:34.510225,26.91997,27.751,0.0
2022-01-24 16:09:35.007643,26.71327,27.4415,0.0
2022-01-24 16:09:35.505097,28.20842,27.4415,0.0
2022-01-24 16:09:36.003414,28.0537,27.33875,0.0
2022-01-24 16:09:36.509455,27.64155,27.4415,0.0
2022-01-24 16:09:37.006883,27.0227,27.855,0.0
2022-01-24 16:09:37.501913,26.45583,27.751,0.0
2022-01-24 16:09:38.009645,27.0227,27.4415,0.0
2022-01-24 16:09:38.504792,27.95097,27.08125,0.0
2022-01-24 16:09:39.002671,27.69353,27.803,0.0
2022-01-24 16:09:39.507923,27.33212,27.70025,0.0
2022-01-24 16:09:40.007430,26.816,27.5455,0.0
2022-01-24 16:09:40.503654,27.38411,27.28675,0.0
2022-01-24 16:09:41.002803,27.95097,27.4935,0.0
2022-01-24 16:09:41.507838,27.79626,27.803,0.0
2022-01-24 16:09:42.007612,27.2294,27.751,0.0
2022-01-24 16:09:42.504238,26.71327,27.64825,0.0
2022-01-24 16:09:43.002540,27.38411,27.4935,0.0
2022-01-24 16:09:43.508579,27.43485,27.184,0.0
2022-01-24 16:09:44.007176,27.0227,27.28675,0.0
2022-01-24 16:09:44.505219,27.64155,28.0605,0.0
2022-01-24 16:09:45.003181,27.2294,27.59625,0.0
2022-01-24 16:09:45.508372,27.07468,27.4415,0.0
2022-01-24 16:09:46.008150,27.58957,26.97725,0.0
2022-01-24 16:09:46.502391,27.69353,27.5455,0.0
2022-01-24 16:09:47.001136,27.84825,27.64825,0.0
2022-01-24 16:09:47.508120,27.07468,27.5455,0.0
2022-01-24 16:09:48.007670,26.97072,27.64825,0.0
2022-01-24 16:09:48.503439,26.55856,27.59625,0.0
2022-01-24 16:09:49.003630,28.2604,27.4935,0.0
2022-01-24 16:09:49.509844,28.15767,27.751,0.0
2022-01-24 16:09:50.008121,27.74428,27.4415,0.0
2022-01-24 16:09:50.503639,27.07468,27.28675,0.0
2022-01-24 16:09:51.005028,26.816,27.855,0.0
2022-01-24 16:09:51.510759,26.40385,27.95775,0.0
2022-01-24 16:09:52.009456,27.07468,27.236,0.0
2022-01-24 16:09:52.506249,26.66129,27.132,0.0
2022-01-24 16:09:53.004307,27.58957,27.855,0.0
2022-01-24 16:09:53.502631,27.2294,27.59625,0.0
2022-01-24 16:09:54.001411,27.48684,27.4415,0.0
2022-01-24 16:09:54.507327,27.79626,27.4415,0.0
2022-01-24 16:09:55.007329,27.53882,27.4935,0.0
2022-01-24 16:09:55.505128,27.38411,27.4415,0.0
2022-01-24 16:09:56.003383,26.61055,27.59625,0.0
2022-01-24 16:09:56.509245,26.55856,27.64825,0.0
2022-01-24 16:09:57.007584,28.20842,27.33875,0.0
2022-01-24 16:09:57.502674,27.95097,27.08125,0.0
2022-01-24 16:09:58.002652,27.95097,27.803,0.0
2022-01-24 16:09:58.508091,27.43485,27.90575,0.0
2022-01-24 16:09:59.006343,27.0227,27.64825,0.0
2022-01-24 16:09:59.503293,26.55856,27.02925,0.0
2022-01-24 16:10:00.010734,27.89899,27.4935,0.0
2022-01-24 16:10:00.503757,27.95097,27.5455,0.0
2022-01-24 16:10:01.001306,27.38411,27.855,0.0
2022-01-24 16:10:01.511003,27.0227,27.855,0.0
2022-01-24 16:10:02.008772,26.97072,27.59625,0.0
2022-01-24 16:10:02.505663,27.38411,27.184,0.0
2022-01-24 16:10:03.004360,27.48684,27.5455,0.0
2022-01-24 16:10:03.501270,27.74428,27.855,0.0
2022-01-24 16:10:04.009359,27.12543,27.59625,0.0
2022-01-24 16:10:04.505908,27.17741,27.59625,0.0
2022-01-24 16:10:05.004870,26.66129,27.5455,0.0
2022-01-24 16:10:05.508539,27.58957,27.751,0.0
2022-01-24 16:10:06.008550,28.15767,27.59625,0.0
2022-01-24 16:10:06.506916,27.48684,27.751,0.0
2022-01-24 16:10:07.005436,27.12543,27.5455,0.0
2022-01-24 16:10:07.510136,27.2294,27.39075,0.0
2022-01-24 16:10:08.007668,27.28014,27.4415,0.0
2022-01-24 16:10:08.504875,27.33212,27.70025,0.0
2022-01-24 16:10:09.002767,26.91997,27.4415,0.0
2022-01-24 16:10:09.509943,26.76526,27.59625,0.0
2022-01-24 16:10:10.008113,26.66129,27.64825,0.0
2022-01-24 16:10:10.505197,27.43485,27.4935,0.0
2022-01-24 16:10:11.009315,27.89899,27.236,0.0
2022-01-24 16:10:11.504269,27.69353,27.70025,0.0
2022-01-24 16:10:12.002961,27.33212,27.855,0.0
2022-01-24 16:10:12.507393,26.86799,27.59625,0.0
2022-01-24 16:10:13.005725,26.61055,27.4415,0.0
2022-01-24 16:10:13.510603,28.2604,27.59625,0.0
2022-01-24 16:10:14.008610,27.79626,27.4415,0.0
2022-01-24 16:10:14.505262,27.43485,27.39075,0.0
2022-01-24 16:10:15.003667,26.91997,27.59625,0.0
2022-01-24 16:10:15.501957,26.66129,27.59625,0.0
2022-01-24 16:10:16.010420,27.12543,27.33875,0.0
2022-01-24 16:10:16.506935,27.64155,27.28675,0.0
2022-01-24 16:10:17.006872,27.69353,27.4935,0.0
2022-01-24 16:10:17.502794,27.33212,27.803,0.0
2022-01-24 16:10:18.001284,26.55856,27.751,0.0
2022-01-24 16:10:18.507050,26.45583,27.4415,0.0
2022-01-24 16:10:19.005568,27.58957,27.70025,0.0
2022-01-24 16:10:19.501173,27.64155,27.855,0.0
2022-01-24 16:10:20.010089,27.48684,27.4935,0.0
2022-01-24 16:10:20.507438,26.91997,27.59625,0.0
2022-01-24 16:10:21.005970,27.53882,27.4935,0.0
2022-01-24 16:10:21.501455,27.38411,27.236,0.0
2022-01-24 16:10:22.009411,27.58957,27.236,0.0
2022-01-24 16:10:22.504545,27.43485,27.803,0.0
2022-01-24 16:10:23.002757,26.45583,27.64825,0.0
2022-01-24 16:10:23.509106,26.50658,27.5455,0.0
2022-01-24 16:10:24.006870,27.58957,27.184,0.0
2022-01-24 16:10:24.505180,27.84825,27.39075,0.0
2022-01-24 16:10:25.003010,28.00296,28.00975,0.0
2022-01-24 16:10:25.509336,27.74428,27.855,0.0
2022-01-24 16:10:26.007294,27.07468,27.70025,0.0
2022-01-24 16:10:26.502446,27.2294,27.5455,0.0
2022-01-24 16:10:27.011164,27.48684,27.33875,0.0
2022-01-24 16:10:27.508698,28.20842,27.4935,0.0
2022-01-24 16:10:28.007112,27.43485,27.64825,0.0
2022-01-24 16:10:28.502646,27.17741,27.5455,0.0
2022-01-24 16:10:29.001104,27.0227,27.184,0.0
2022-01-24 16:10:29.506789,27.2294,27.08125,0.0
2022-01-24 16:10:30.005104,27.64155,27.4415,0.0
2022-01-24 16:10:30.502177,27.17741,27.59625,0.0
2022-01-24 16:10:31.001719,27.43485,27.59625,0.0
2022-01-24 16:10:31.508673,26.76526,27.4935,0.0
2022-01-24 16:10:32.007489,26.91997,27.4935,0.0
2022-01-24 16:10:32.501405,27.38411,27.70025,0.0
2022-01-24 16:10:33.001785,27.64155,27.855,0.0
2022-01-24 16:10:33.509828,27.33212,27.70025,0.0
2022-01-24 16:10:34.010220,27.12543,27.4935,0.0
2022-01-24 16:10:34.506901,26.97072,27.132,0.0
2022-01-24 16:10:35.006576,26.97072,27.33875,0.0
2022-01-24 16:10:35.502256,27.95097,27.59625,0.0
2022-01-24 16:10:36.010772,28.15767,27.5455,0.0
2022-01-24 16:10:36.506016,27.33212,27.5455,0.0
2022-01-24 16:10:37.003518,27.0227,27.4415,0.0
2022-01-24 16:10:37.507925,26.97072,27.5455,0.0
2022-01-24 16:10:38.008020,27.74428,27.4415,0.0
2022-01-24 16:10:38.505554,28.0537,27.803,0.0
2022-01-24 16:10:39.005843,27.84825,27.59625,0.0
2022-01-24 16:10:39.502031,27.07468,27.64825,0.0
2022-01-24 16:10:40.010134,27.2294,27.751,0.0
2022-01-24 16:10:40.505142,27.28014,27.64825,0.0
2022-01-24 16:10:41.004792,27.2294,27.236,0.0
2022-01-24 16:10:41.501251,27.43485,27.33875,0.0
2022-01-24 16:10:42.001122,27.17741,27.70025,0.0
2022-01-24 16:10:42.508070,26.86799,27.4415,0.0
2022-01-24 16:10:43.006669,26.50658,27.28675,0.0
2022-01-24 16:10:43.501691,27.53882,27.4415,0.0
2022-01-24 16:10:44.001660,27.74428,27.64825,0.0
2022-01-24 16:10:44.507988,27.53882,27.64825,0.0
2022-01-24 16:10:45.007537,27.17741,27.70025,0.0
2022-01-24 16:10:45.503227,27.38411,27.59625,0.0
2022-01-24 16:10:46.003585,27.69353,27.5455,0.0
2022-01-24 16:10:46.504011,27.74428,27.4415,0.0
2022-01-24 16:10:47.004225,27.53882,28.0605,0.0
2022-01-24 16:10:47.510305,26.71327,28.00975,0.0
2022-01-24 16:10:48.009761,26.76526,27.132,0.0
2022-01-24 16:10:48.506806,26.40385,26.8225,0.0
2022-01-24 16:10:49.004912,27.74428,27.4935,0.0
2022-01-24 16:10:49.502291,27.64155,27.855,0.0
2022-01-24 16:10:50.010027,27.53882,27.64825,0.0
2022-01-24 16:10:50.505318,27.0227,27.5455,0.0
2022-01-24 16:10:51.003446,26.91997,27.33875,0.0
2022-01-24 16:10:51.511310,28.0537,27.4935,0.0
2022-01-24 16:10:52.009775,28.10569,27.70025,0.0
2022-01-24 16:10:52.503925,27.38411,27.803,0.0
2022-01-24 16:10:53.002675,26.97072,27.70025,0.0
2022-01-24 16:10:53.507265,27.12543,27.28675,0.0
2022-01-24 16:10:54.006896,27.89899,27.5455,0.0
2022-01-24 16:10:54.502215,27.84825,27.751,0.0
2022-01-24 16:10:55.010175,27.53882,27.4415,0.0
2022-01-24 16:10:55.506803,27.12543,27.5455,0.0
2022-01-24 16:10:56.005300,26.71327,27.4935,0.0
2022-01-24 16:10:56.502007,26.14641,27.39075,0.0
2022-01-24 16:10:57.001694,26.97072,27.751,0.0
2022-01-24 16:10:57.508663,27.74428,27.59625,0.0
2022-01-24 16:10:58.007907,27.69353,27.64825,0.0
2022-01-24 16:10:58.503205,27.43485,27.28675,0.0
2022-01-24 16:10:59.001721,26.66129,27.59625,0.0
2022-01-24 16:10:59.508898,26.91997,27.803,0.0
2022-01-24 16:11:00.008304,27.89899,27.28675,0.0
2022-01-24 16:11:00.510324,27.38411,27.64825,0.0
2022-01-24 16:11:01.001402,27.43485,27.64825,0.0
2022-01-24 16:11:01.509270,26.816,27.33875,0.0
2022-01-24 16:11:02.008687,27.17741,27.33875,0.0
2022-01-24 16:11:02.505131,27.89899,27.4935,0.0
2022-01-24 16:11:03.008228,27.84825,27.64825,0.0
2022-01-24 16:11:03.503655,27.2294,27.59625,0.0
2022-01-24 16:11:04.004661,27.07468,27.4415,0.0
2022-01-24 16:11:04.509856,26.61055,27.4415,0.0
2022-01-24 16:11:05.007921,28.15767,27.33875,0.0
2022-01-24 16:11:05.503217,27.74428,27.4935,0.0
2022-01-24 16:11:06.002930,27.64155,27.803,0.0
2022-01-24 16:11:06.509404,27.12543,27.751,0.0
2022-01-24 16:11:07.007383,27.17741,27.64825,0.0
2022-01-24 16:11:07.503108,27.0227,27.236,0.0
2022-01-24 16:11:08.002719,27.74428,27.70025,0.0
2022-01-24 16:11:08.511223,27.33212,27.70025,0.0
2022-01-24 16:11:09.010635,27.28014,27.64825,0.0
2022-01-24 16:11:09.507966,26.86799,27.236,0.0
2022-01-24 16:11:10.006436,26.816,27.39075,0.0
2022-01-24 16:11:10.503288,27.28014,27.4935,0.0
2022-01-24 16:11:11.008895,27.12543,27.59625,0.0
2022-01-24 16:11:11.503786,27.33212,27.64825,0.0
2022-01-24 16:11:12.002666,27.07468,27.39075,0.0
2022-01-24 16:11:12.509554,27.17741,27.132,0.0
2022-01-24 16:11:13.006976,27.53882,27.70025,0.0
2022-01-24 16:11:13.503484,27.64155,27.855,0.0
2022-01-24 16:11:14.002198,27.38411,27.803,0.0
2022-01-24 16:11:14.509214,26.86799,27.59625,0.0
2022-01-24 16:11:15.007425,27.17741,27.28675,0.0
2022-01-24 16:11:15.503499,27.12543,27.64825,0.0
2022-01-24 16:11:16.002763,28.00296,27.751,0.0
2022-01-24 16:11:16.508775,27.58957,27.5455,0.0
2022-01-24 16:11:17.009845,27.38411,27.39075,0.0
2022-01-24 16:11:17.507020,27.0227,27.236,0.0
2022-01-24 16:11:18.006047,26.91997,27.28675,0.0
2022-01-24 16:11:18.501187,28.00296,27.4415,0.0
2022-01-24 16:11:19.001743,27.69353,27.59625,0.0
2022-01-24 16:11:19.507175,27.69353,27.751,0.0
2022-01-24 16:11:20.005177,27.12543,27.59625,0.0
2022-01-24 16:11:20.501003,27.07468,27.4935,0.0
2022-01-24 16:11:21.001302,26.24914,27.803,0.0
2022-01-24 16:11:21.510838,28.0537,27.4935,0.0
2022-01-24 16:11:22.008994,28.15767,27.64825,0.0
2022-01-24 16:11:22.503579,27.74428,27.855,0.0
2022-01-24 16:11:23.002224,27.12543,27.5455,0.0
2022-01-24 16:11:23.507953,27.07468,27.33875,0.0
2022-01-24 16:11:24.006726,27.12543,27.64825,0.0
2022-01-24 16:11:24.502211,27.48684,27.39075,0.0
2022-01-24 16:11:25.001267,27.84825,27.39075,0.0
2022-01-24 16:11:25.505450,27.33212,27.39075,0.0
2022-01-24 16:11:26.006233,27.07468,27.751,0.0
2022-01-24 16:11:26.502434,26.19715,27.4415,0.0
2022-01-24 16:11:27.010782,27.2294,27.4935,0.0
2022-01-24 16:11:27.506315,26.97072,27.855,0.0
2022-01-24 16:11:28.002850,27.74428,27.803,0.0
2022-01-24 16:11:28.508533,27.28014,27.4935,0.0
2022-01-24 16:11:29.007712,27.38411,27.64825,0.0
2022-01-24 16:11:29.502742,27.69353,27.64825,0.0
2022-01-24 16:11:30.001061,27.84825,27.4415,0.0
2022-01-24 16:11:30.507662,27.48684,27.4935,0.0
2022-01-24 16:11:31.006026,26.86799,27.5455,0.0
2022-01-24 16:11:31.502282,26.86799,27.33875,0.0
2022-01-24 16:11:32.011046,28.0537,27.28675,0.0
2022-01-24 16:11:32.506724,27.69353,27.39075,0.0
2022-01-24 16:11:33.003211,27.48684,27.90575,0.0
2022-01-24 16:11:33.510039,27.17741,27.751,0.0
2022-01-24 16:11:34.008723,26.97072,27.33875,0.0
2022-01-24 16:11:34.503363,27.07468,27.5455,0.0
2022-01-24 16:11:35.003413,26.97072,27.90575,0.0
2022-01-24 16:11:35.510678,27.33212,27.64825,0.0
2022-01-24 16:11:36.002292,27.0227,27.59625,0.0
2022-01-24 16:11:36.508025,27.28014,27.4935,0.0
2022-01-24 16:11:37.005714,27.79626,27.184,0.0
2022-01-24 16:11:37.502274,27.69353,27.28675,0.0
2022-01-24 16:11:38.010645,27.53882,27.95775,0.0
2022-01-24 16:11:38.506743,27.0227,27.5455,0.0
2022-01-24 16:11:39.004611,27.17741,27.4415,0.0
2022-01-24 16:11:39.510450,26.71327,26.97725,0.0
2022-01-24 16:11:40.008007,27.79626,27.70025,0.0
2022-01-24 16:11:40.505744,27.69353,27.90575,0.0
2022-01-24 16:11:41.007009,27.89899,27.70025,0.0
2022-01-24 16:11:41.501357,27.48684,27.751,0.0
2022-01-24 16:11:42.009322,27.17741,27.132,0.0
2022-01-24 16:11:42.504679,26.76526,27.28675,0.0
2022-01-24 16:11:43.004992,28.00296,28.1645,0.0
2022-01-24 16:11:43.510330,28.10569,27.95775,0.0
2022-01-24 16:11:44.009905,27.58957,27.4935,0.0
2022-01-24 16:11:44.506854,27.0227,26.8745,0.0
2022-01-24 16:11:45.005165,26.61055,27.08125,0.0
2022-01-24 16:11:45.509849,26.97072,27.803,0.0
2022-01-24 16:11:46.003205,27.48684,27.64825,0.0
2022-01-24 16:11:46.509220,26.71327,27.64825,0.0
2022-01-24 16:11:47.008326,26.97072,27.5455,0.0
2022-01-24 16:11:47.503718,27.0227,27.5455,0.0
2022-01-24 16:11:48.002234,27.58957,27.90575,0.0
2022-01-24 16:11:48.507010,27.53882,27.59625,0.0
2022-01-24 16:11:49.005698,27.48684,27.39075,0.0
2022-01-24 16:11:49.502231,27.17741,27.28675,0.0
2022-01-24 16:11:50.010620,26.71327,27.4415,0.0
2022-01-24 16:11:50.507444,27.07468,27.5455,0.0
2022-01-24 16:11:51.006371,27.2294,27.4415,0.0
2022-01-24 16:11:51.502728,27.84825,27.28675,0.0
2022-01-24 16:11:52.009763,27.74428,27.4415,0.0
2022-01-24 16:11:52.504973,27.07468,27.4935,0.0
2022-01-24 16:11:53.004509,27.07468,27.4415,0.0
2022-01-24 16:11:53.501749,27.0227,27.751,0.0
2022-01-24 16:11:54.009537,27.84825,27.64825,0.0
2022-01-24 16:11:54.507434,28.2604,27.59625,0.0
2022-01-24 16:11:55.005725,27.53882,27.751,0.0
2022-01-24 16:11:55.502722,26.91997,27.64825,0.0
2022-01-24 16:11:56.001539,26.76526,27.184,0.0
2022-01-24 16:11:56.508437,27.0227,27.28675,0.0
2022-01-24 16:11:57.007321,27.69353,27.855,0.0
2022-01-24 16:11:57.503475,27.53882,27.855,0.0
2022-01-24 16:11:58.003360,27.43485,27.184,0.0
2022-01-24 16:11:58.509089,27.0227,26.97725,0.0
2022-01-24 16:11:59.008559,26.24914,27.4935,0.0
2022-01-24 16:11:59.504804,27.64155,27.5455,0.0
2022-01-24 16:12:00.004385,27.2294,27.90575,0.0
2022-01-24 16:12:00.511090,27.74428,27.855,0.0
2022-01-24 16:12:01.009686,27.07468,27.33875,0.0
2022-01-24 16:12:01.507061,27.38411,27.39075,0.0
2022-01-24 16:12:02.006681,27.74428,27.90575,0.0
2022-01-24 16:12:02.502275,27.84825,27.70025,0.0
2022-01-24 16:12:03.001522,27.07468,27.5455,0.0
2022-01-24 16:12:03.507632,26.86799,27.184,0.0
2022-01-24 16:12:04.006901,27.17741,27.184,0.0
2022-01-24 16:12:04.502782,26.86799,27.751,0.0
2022-01-24 16:12:05.010225,27.84825,27.5455,0.0
2022-01-24 16:12:05.507050,27.38411,27.4935,0.0
2022-01-24 16:12:06.006612,27.38411,27.184,0.0
2022-01-24 16:12:06.502476,27.12543,27.132,0.0
2022-01-24 16:12:07.001978,27.48684,27.90575,0.0
2022-01-24 16:12:07.509122,27.74428,27.64825,0.0
2022-01-24 16:12:08.009424,27.95097,27.64825,0.0
2022-01-24 16:12:08.505774,27.43485,27.33875,0.0
2022-01-24 16:12:09.004350,27.0227,27.59625,0.0
2022-01-24 16:12:10.005635,27.95097,27.751,0.0
2022-01-24 16:12:10.501968,27.69353,27.4935,0.0
2022-01-24 16:12:11.007600,27.58957,27.59625,0.0
2022-01-24 16:12:11.505095,26.71327,27.70025,0.0
2022-01-24 16:12:12.004003,26.86799,27.4415,0.0
2022-01-24 16:12:12.509989,26.91997,27.59625,0.0
2022-01-24 16:12:13.008349,27.2294,27.4415,0.0
2022-01-24 16:12:13.504029,27.33212,27.5455,0.0
2022-01-24 16:12:14.001100,26.76526,27.5455,0.0
2022-01-24 16:12:14.504972,27.2294,27.59625,0.0
2022-01-24 16:12:15.002820,27.17741,27.5455,0.0
2022-01-24 16:12:15.511147,27.58957,27.4935,0.0
2022-01-24 16:12:16.010067,27.74428,27.70025,0.0
2022-01-24 16:12:16.504045,27.12543,27.751,0.0
2022-01-24 16:12:17.002789,26.97072,27.4935,0.0
2022-01-24 16:12:17.501897,27.0227,27.08125,0.0
2022-01-24 16:12:18.001705,27.79626,27.751,0.0
2022-01-24 16:12:18.507795,28.10569,27.70025,0.0
2022-01-24 16:12:19.008591,27.79626,27.64825,0.0
2022-01-24 16:12:19.503638,27.0227,27.4415,0.0
2022-01-24 16:12:20.002782,27.0227,27.39075,0.0
2022-01-24 16:12:20.509458,26.50658,27.4935,0.0
2022-01-24 16:12:21.007436,28.31238,27.751,0.0
2022-01-24 16:12:21.503446,27.79626,27.70025,0.0
2022-01-24 16:12:22.002575,27.64155,27.70025,0.0
2022-01-24 16:12:22.507973,27.12543,27.4935,0.0
2022-01-24 16:12:23.009055,26.816,27.08125,0.0
2022-01-24 16:12:23.504091,26.91997,27.855,0.0
2022-01-24 16:12:24.008517,27.12543,27.855,0.0
2022-01-24 16:12:24.504746,27.17741,27.751,0.0
2022-01-24 16:12:25.001057,27.38411,27.28675,0.0
2022-01-24 16:12:25.501218,27.74428,27.4935,0.0
2022-01-24 16:12:26.002304,27.79626,27.5455,0.0
2022-01-24 16:12:26.504626,27.53882,27.4415,0.0
2022-01-24 16:12:27.003039,27.58957,27.4935,0.0
2022-01-24 16:12:27.501327,27.28014,27.4415,0.0
2022-01-24 16:12:28.009758,26.91997,27.236,0.0
2022-01-24 16:12:28.509477,26.50658,27.59625,0.0
2022-01-24 16:12:29.006634,27.43485,27.90575,0.0
2022-01-24 16:12:29.501287,27.28014,27.803,0.0
2022-01-24 16:12:30.009060,27.64155,27.59625,0.0
2022-01-24 16:12:30.506957,26.91997,27.28675,0.0
2022-01-24 16:12:31.005571,27.07468,27.59625,0.0
2022-01-24 16:12:31.501734,26.91997,27.59625,0.0
2022-01-24 16:12:32.010084,27.79626,28.1645,0.0
2022-01-24 16:12:32.506765,27.89899,27.59625,0.0
2022-01-24 16:12:33.006086,27.48684,27.08125,0.0
2022-01-24 16:12:33.501468,27.38411,27.28675,0.0
2022-01-24 16:12:34.009508,26.91997,27.751,0.0
2022-01-24 16:12:34.505165,28.0537,27.33875,0.0
2022-01-24 16:12:35.002068,27.53882,27.4415,0.0
2022-01-24 16:12:35.508519,27.58957,27.4935,0.0
2022-01-24 16:12:36.006608,27.07468,27.5455,0.0
2022-01-24 16:12:36.501137,26.30112,27.39075,0.0
2022-01-24 16:12:37.002099,26.50658,27.64825,0.0
2022-01-24 16:12:37.509267,27.64155,27.803,0.0
2022-01-24 16:12:38.007791,28.0537,27.70025,0.0
2022-01-24 16:12:38.502563,27.53882,27.4415,0.0
2022-01-24 16:12:39.009901,26.97072,27.64825,0.0
2022-01-24 16:12:39.505493,26.97072,27.59625,0.0
2022-01-24 16:12:40.003847,27.28014,27.184,0.0
2022-01-24 16:12:40.509352,27.64155,27.33875,0.0
2022-01-24 16:12:41.006707,27.48684,27.751,0.0
2022-01-24 16:12:41.501767,27.0227,27.64825,0.0
2022-01-24 16:12:42.009882,26.61055,27.236,0.0
2022-01-24 16:12:42.507920,27.38411,27.59625,0.0
2022-01-24 16:12:43.005977,27.79626,27.751,0.0
2022-01-24 16:12:43.511027,27.58957,27.59625,0.0
2022-01-24 16:12:44.008600,27.28014,27.33875,0.0
2022-01-24 16:12:44.504982,27.33212,27.751,0.0
2022-01-24 16:12:45.003322,27.0227,27.4935,0.0
2022-01-24 16:12:45.508503,28.2604,27.4415,0.0
2022-01-24 16:12:46.008049,27.53882,27.90575,0.0
2022-01-24 16:12:46.505570,27.33212,27.5455,0.0
2022-01-24 16:12:47.004019,26.97072,27.08125,0.0
2022-01-24 16:12:47.509718,26.71327,27.184,0.0
2022-01-24 16:12:48.008124,27.89899,28.00975,0.0
2022-01-24 16:12:48.504474,28.0537,27.64825,0.0
2022-01-24 16:12:49.001289,27.69353,27.64825,0.0
2022-01-24 16:12:49.508862,27.07468,27.39075,0.0
2022-01-24 16:12:50.007615,26.71327,27.39075,0.0
2022-01-24 16:12:50.502186,26.86799,27.803,0.0
2022-01-24 16:12:51.001719,27.95097,27.803,0.0
2022-01-24 16:12:51.509159,27.89899,27.64825,0.0
2022-01-24 16:12:52.006255,27.33212,27.33875,0.0
2022-01-24 16:12:53.005033,26.816,27.70025,0.0
2022-01-24 16:12:53.503435,27.28014,27.70025,0.0
2022-01-24 16:12:54.002130,27.38411,27.4935,0.0
2022-01-24 16:12:54.507576,27.28014,27.236,0.0
2022-01-24 16:12:55.005278,27.33212,27.28675,0.0
2022-01-24 16:12:55.509353,27.58957,27.70025,0.0
2022-01-24 16:12:56.002213,27.58957,27.751,0.0
2022-01-24 16:12:56.507771,27.69353,27.5455,0.0
2022-01-24 16:12:57.007429,27.58957,27.4935,0.0
2022-01-24 16:12:57.503267,26.97072,27.33875,0.0
2022-01-24 16:12:58.001142,27.74428,27.4935,0.0
2022-01-24 16:12:58.508450,27.58957,27.751,0.0
2022-01-24 16:12:59.007577,27.58957,27.5455,0.0
2022-01-24 16:12:59.502850,27.89899,27.39075,0.0
2022-01-24 16:13:00.003905,27.43485,27.4415,0.0
2022-01-24 16:13:00.504018,27.0227,27.70025,0.0
2022-01-24 16:13:01.003472,26.91997,27.33875,0.0
2022-01-24 16:13:01.509068,27.12543,27.59625,0.0
2022-01-24 16:13:02.002038,27.53882,27.751,0.0
2022-01-24 16:13:02.508125,27.28014,27.5455,0.0
2022-01-24 16:13:03.007322,26.97072,27.4415,0.0
2022-01-24 16:13:03.503408,27.58957,27.64825,0.0
2022-01-24 16:13:04.002053,28.10569,27.4415,0.0
2022-01-24 16:13:04.510343,27.79626,27.5455,0.0
2022-01-24 16:13:05.005165,27.74428,27.64825,0.0
2022-01-24 16:13:05.502173,27.28014,27.59625,0.0
2022-01-24 16:13:06.001112,26.816,27.184,0.0
2022-01-24 16:13:06.507387,26.50658,27.28675,0.0
2022-01-24 16:13:07.006608,26.50658,27.70025,0.0
2022-01-24 16:13:07.502703,27.89899,27.751,0.0
2022-01-24 16:13:08.001101,27.74428,27.4415,0.0
2022-01-24 16:13:08.509506,27.28014,27.33875,0.0
2022-01-24 16:13:09.007885,26.61055,27.64825,0.0
2022-01-24 16:13:09.504546,26.55856,27.64825,0.0
2022-01-24 16:13:10.003603,28.10569,27.70025,0.0
2022-01-24 16:13:10.509625,27.79626,27.5455,0.0
2022-01-24 16:13:11.003312,27.64155,27.4415,0.0
2022-01-24 16:13:11.508664,27.38411,27.33875,0.0
2022-01-24 16:13:12.006822,26.97072,27.5455,0.0
2022-01-24 16:13:12.503703,28.10569,27.70025,0.0
2022-01-24 16:13:13.003375,28.20842,27.64825,0.0
2022-01-24 16:13:13.510716,27.58957,27.28675,0.0
2022-01-24 16:13:14.009475,26.86799,27.08125,0.0
2022-01-24 16:13:14.503857,27.33212,27.855,0.0
2022-01-24 16:13:15.002599,26.816,27.803,0.0
2022-01-24 16:13:15.508024,27.2294,27.4935,0.0
2022-01-24 16:13:16.007355,27.0227,27.4935,0.0
2022-01-24 16:13:16.504530,27.12543,27.4415,0.0
2022-01-24 16:13:17.002950,27.28014,27.4415,0.0
2022-01-24 16:13:17.501157,27.43485,27.751,0.0
2022-01-24 16:13:18.010406,27.58957,27.59625,0.0
2022-01-24 16:13:18.505023,27.58957,27.39075,0.0
2022-01-24 16:13:19.003930,27.38411,27.28675,0.0
2022-01-24 16:13:19.509152,27.0227,27.64825,0.03864
2022-01-24 16:13:20.007644,27.0227,27.5455,0.03864
2022-01-24 16:13:20.504079,27.58957,27.33875,0.0
2022-01-24 16:13:21.003444,27.89899,27.5455,0.0
2022-01-24 16:13:21.507799,27.53882,27.70025,0.0
2022-01-24 16:13:22.006342,27.2294,27.59625,0.0
2022-01-24 16:13:22.502093,27.17741,27.5455,0.0
2022-01-24 16:13:23.001052,27.33212,27.70025,0.0
2022-01-24 16:13:23.507311,27.43485,27.64825,0.0
2022-01-24 16:13:24.006155,27.89899,27.33875,0.0
2022-01-24 16:13:24.502791,27.43485,27.39075,0.0
2022-01-24 16:13:25.002202,27.17741,27.64825,0.0
2022-01-24 16:13:25.508150,26.86799,27.4415,0.0
2022-01-24 16:13:26.006559,27.53882,27.5455,0.0
2022-01-24 16:13:26.502534,27.79626,27.59625,0.0
2022-01-24 16:13:27.001719,27.38411,27.70025,0.0
2022-01-24 16:13:27.508074,27.07468,27.33875,0.0
2022-01-24 16:13:28.007511,27.2294,27.59625,0.0
2022-01-24 16:13:28.502802,26.816,28.00975,0.0
2022-01-24 16:13:29.010219,28.00296,27.751,0.0
2022-01-24 16:13:29.506250,27.64155,27.28675,0.0
2022-01-24 16:13:30.010347,27.43485,27.64825,0.0
2022-01-24 16:13:30.505275,26.97072,27.39075,0.0
2022-01-24 16:13:31.002738,26.816,27.08125,0.0
2022-01-24 16:13:31.507833,27.64155,27.803,0.0
2022-01-24 16:13:32.006305,27.58957,27.803,0.0
2022-01-24 16:13:32.511269,26.86799,27.236,0.0
2022-01-24 16:13:33.009648,26.04244,26.97725,0.0
2022-01-24 16:13:33.504277,26.66129,27.70025,0.0
2022-01-24 16:13:34.004695,28.0537,27.64825,0.0
2022-01-24 16:13:34.510798,28.0537,27.4935,0.0
2022-01-24 16:13:35.008474,27.74428,27.59625,0.0
2022-01-24 16:13:35.502177,27.2294,27.70025,0.0
2022-01-24 16:13:36.006285,26.66129,27.33875,0.0
2022-01-24 16:13:36.502506,27.28014,27.855,0.0
2022-01-24 16:13:37.001652,28.00296,27.803,0.0
2022-01-24 16:13:37.507991,28.0537,27.59625,0.0
2022-01-24 16:13:38.005649,27.38411,27.28675,0.0
2022-01-24 16:13:38.502687,26.86799,26.97725,0.0
2022-01-24 16:13:39.011061,27.0227,27.751,0.0
2022-01-24 16:13:39.507526,27.28014,27.5455,0.0
2022-01-24 16:13:40.006736,27.38411,27.39075,0.0
2022-01-24 16:13:40.502930,26.91997,27.132,0.0
2022-01-24 16:13:41.002406,26.50658,27.5455,0.0
2022-01-24 16:13:41.508171,27.33212,27.5455,0.0
2022-01-24 16:13:42.008154,27.53882,28.1125,0.0
2022-01-24 16:13:42.504708,27.43485,27.855,0.0
2022-01-24 16:13:43.004001,27.69353,27.39075,0.0
2022-01-24 16:13:43.509881,27.43485,27.02925,0.0
2022-01-24 16:13:44.008150,26.97072,27.39075,0.0
2022-01-24 16:13:44.504254,26.55856,27.751,0.0
2022-01-24 16:13:45.002602,27.74428,27.4935,0.0
2022-01-24 16:13:45.507543,27.48684,27.4935,0.0
2022-01-24 16:13:46.006117,27.48684,27.28675,0.0
2022-01-24 16:13:46.501379,27.17741,27.5455,0.0
2022-01-24 16:13:47.010191,26.76526,27.90575,0.0
2022-01-24 16:13:47.509748,27.28014,27.4935,0.0
2022-01-24 16:13:48.007456,27.89899,27.4935,0.0
2022-01-24 16:13:48.502962,28.10569,27.4415,0.0
2022-01-24 16:13:49.001776,28.0537,28.0605,0.0
2022-01-24 16:13:49.508230,27.48684,27.90575,0.0
2022-01-24 16:13:50.006143,26.71327,27.33875,0.0
2022-01-24 16:13:50.511091,27.84825,27.39075,0.0
2022-01-24 16:13:51.010027,28.10569,27.4415,0.0
2022-01-24 16:13:51.506255,27.69353,27.33875,0.0
2022-01-24 16:13:52.005398,27.0227,27.59625,0.0
2022-01-24 16:13:53.004943,26.66129,27.5455,0.0
2022-01-24 16:13:53.510289,27.38411,27.5455,0.0
2022-01-24 16:13:54.010029,27.07468,27.751,0.0
2022-01-24 16:13:54.506861,27.0227,27.4935,0.0
2022-01-24 16:13:55.006524,27.17741,27.236,0.0
2022-01-24 16:13:55.501773,27.28014,27.59625,0.0
2022-01-24 16:13:56.010744,27.79626,27.90575,0.0
2022-01-24 16:13:56.506712,27.95097,27.64825,0.0
2022-01-24 16:13:57.005672,26.97072,27.4415,0.0
2022-01-24 16:13:57.502731,26.76526,27.236,0.0
2022-01-24 16:13:58.001854,26.24914,27.39075,0.0
2022-01-24 16:13:58.507280,28.15767,27.803,0.0
2022-01-24 16:13:59.006616,28.00296,27.5455,0.0
2022-01-24 16:13:59.502898,27.58957,27.28675,0.0
2022-01-24 16:14:00.002819,27.17741,27.33875,0.0
2022-01-24 16:14:00.509990,26.86799,27.64825,0.0
2022-01-24 16:14:01.008661,26.66129,27.59625,0.0
2022-01-24 16:14:01.504413,27.58957,27.64825,0.0
2022-01-24 16:14:02.002896,28.10569,27.4935,0.0
2022-01-24 16:14:02.509372,27.53882,27.28675,0.0
2022-01-24 16:14:03.008888,26.71327,27.70025,0.0
2022-01-24 16:14:03.504314,26.71327,27.95775,0.0
2022-01-24 16:14:04.002781,27.64155,27.59625,0.0
2022-01-24 16:14:04.508811,27.58957,27.28675,0.0
2022-01-24 16:14:05.008675,27.53882,27.02925,0.0
2022-01-24 16:14:05.505048,26.86799,27.5455,0.0
2022-01-24 16:14:06.002293,27.12543,28.0605,0.0
2022-01-24 16:14:06.508643,26.76526,27.64825,0.0
2022-01-24 16:14:07.006739,27.17741,27.59625,0.0
2022-01-24 16:14:07.501793,27.69353,26.97725,0.0
2022-01-24 16:14:08.010643,27.38411,27.39075,0.0
2022-01-24 16:14:08.507143,27.2294,27.64825,0.0
2022-01-24 16:14:09.005302,26.91997,27.751,0.0
2022-01-24 16:14:09.503390,28.15767,27.4935,0.0
2022-01-24 16:14:10.002000,28.15767,27.39075,0.0
2022-01-24 16:14:10.508131,27.38411,27.64825,0.0
2022-01-24 16:14:11.001930,26.91997,27.751,0.0
2022-01-24 16:14:11.508141,26.35187,27.28675,0.0
2022-01-24 16:14:12.007352,26.97072,27.64825,0.0
2022-01-24 16:14:12.502422,28.51784,27.5455,0.0
2022-01-24 16:14:13.010829,28.00296,27.4415,0.0
2022-01-24 16:14:13.506543,27.79626,27.39075,0.0
2022-01-24 16:14:14.004251,27.07468,27.59625,0.0
2022-01-24 16:14:14.510301,26.40385,27.4935,0.0
2022-01-24 16:14:15.008547,27.84825,27.5455,0.0
2022-01-24 16:14:15.506162,27.64155,27.4935,0.0
2022-01-24 16:14:16.005001,27.53882,27.64825,0.0
2022-01-24 16:14:16.501189,27.43485,27.4935,0.0
2022-01-24 16:14:17.009884,27.2294,27.64825,0.0
2022-01-24 16:14:17.506121,27.53882,28.00975,0.0
2022-01-24 16:14:18.004279,27.69353,27.90575,0.0
2022-01-24 16:14:18.511150,27.28014,27.132,0.0
2022-01-24 16:14:19.010113,26.76526,27.59625,0.0
2022-01-24 16:14:19.506510,26.40385,27.70025,0.0
2022-01-24 16:14:20.006081,26.30112,27.33875,0.0
2022-01-24 16:14:20.501540,27.58957,27.184,0.0
2022-01-24 16:14:21.009872,27.84825,27.64825,0.0
2022-01-24 16:14:21.504620,27.43485,27.184,0.0
2022-01-24 16:14:22.010731,26.97072,27.39075,0.0
2022-01-24 16:14:22.506571,27.33212,27.855,0.0
2022-01-24 16:14:23.008392,27.69353,27.803,0.0
2022-01-24 16:14:23.509785,27.53882,27.39075,0.0
2022-01-24 16:14:24.011086,27.53882,27.236,0.0
2022-01-24 16:14:24.508868,26.91997,28.0605,0.0
2022-01-24 16:14:25.001172,27.17741,27.751,0.0
2022-01-24 16:14:25.504427,27.28014,27.39075,0.0
2022-01-24 16:14:26.009124,27.58957,27.184,0.0
2022-01-24 16:14:26.501056,27.64155,26.97725,0.0
2022-01-24 16:14:27.004556,27.12543,27.59625,0.0
2022-01-24 16:14:27.501050,27.48684,27.751,0.0
2022-01-24 16:14:28.005771,27.17741,27.803,0.0
2022-01-24 16:14:28.507617,27.89899,27.33875,0.0
2022-01-24 16:14:29.008099,27.69353,27.184,0.0
2022-01-24 16:14:29.502491,27.12543,27.64825,0.0
2022-01-24 16:14:30.003056,27.2294,27.95775,0.0
2022-01-24 16:14:30.501177,27.0227,27.5455,0.0
2022-01-24 16:14:31.006093,27.2294,27.4935,0.0
2022-01-24 16:14:31.501732,27.43485,27.64825,0.0
2022-01-24 16:14:32.003947,27.28014,27.33875,0.0
2022-01-24 16:14:32.506805,27.2294,27.4935,0.0
2022-01-24 16:14:33.008076,27.12543,27.751,0.0
2022-01-24 16:14:33.504229,27.2294,27.4935,0.0
2022-01-24 16:14:34.005710,27.43485,27.33875,0.0
2022-01-24 16:14:34.502766,27.33212,27.236,0.0
2022-01-24 16:14:35.005663,27.07468,27.751,0.0
2022-01-24 16:14:35.507514,26.816,27.4415,0.0
2022-01-24 16:14:36.005277,27.12543,27.90575,0.0
2022-01-24 16:14:36.503778,28.10569,27.751,0.0
2022-01-24 16:14:37.007361,27.79626,27.70025,0.0
2022-01-24 16:14:37.509352,27.64155,27.59625,0.0
2022-01-24 16:14:38.006188,26.816,27.855,0.0
2022-01-24 16:14:39.005180,27.48684,27.4935,0.0
2022-01-24 16:14:39.504668,28.00296,27.28675,0.0
2022-01-24 16:14:40.010038,27.79626,27.64825,0.0
2022-01-24 16:14:40.506786,27.43485,27.132,0.0
2022-01-24 16:14:41.009831,27.17741,27.28675,0.0
2022-01-24 16:14:41.504648,26.66129,27.5455,0.0
2022-01-24 16:14:42.008120,27.64155,27.5455,0.0
2022-01-24 16:14:42.507347,27.53882,27.4935,0.0
2022-01-24 16:14:43.008859,27.64155,27.5455,0.0
2022-01-24 16:14:43.507361,27.0227,27.751,0.0
2022-01-24 16:14:44.010613,26.61055,27.70025,0.0
2022-01-24 16:14:44.508750,26.50658,27.70025,0.0
2022-01-24 16:14:45.007803,27.84825,27.751,0.0
2022-01-24 16:14:45.505779,27.95097,27.4415,0.0
2022-01-24 16:14:46.005689,27.48684,27.132,0.0
2022-01-24 16:14:46.501795,27.2294,27.5455,0.0
2022-01-24 16:14:47.011021,26.66129,27.803,0.0
2022-01-24 16:14:47.507800,28.10569,27.39075,0.0
2022-01-24 16:14:48.006869,27.53882,26.9265,0.0
2022-01-24 16:14:48.503233,27.2294,27.184,0.0
2022-01-24 16:14:49.001478,26.76526,27.751,0.0
2022-01-24 16:14:49.507959,26.50658,27.70025,0.0
2022-01-24 16:14:50.005998,26.86799,27.64825,0.0
2022-01-24 16:14:50.503363,27.89899,27.70025,0.0
2022-01-24 16:14:51.002488,27.79626,27.4415,0.0
2022-01-24 16:14:51.507292,27.28014,27.59625,0.0
2022-01-24 16:14:52.005764,27.48684,27.90575,0.0
2022-01-24 16:14:52.510228,27.17741,27.64825,0.0
2022-01-24 16:14:53.007953,28.10569,27.236,0.0
2022-01-24 16:14:53.502942,28.00296,27.02925,0.0
2022-01-24 16:14:54.002726,27.33212,27.39075,0.0
2022-01-24 16:14:54.510437,26.91997,27.70025,0.0
2022-01-24 16:14:55.009646,26.97072,27.64825,0.0
2022-01-24 16:14:55.505102,27.43485,27.28675,0.0
2022-01-24 16:14:56.003241,27.84825,27.236,0.0
2022-01-24 16:14:56.509087,27.53882,27.751,0.0
2022-01-24 16:14:57.008072,26.97072,28.00975,0.0
2022-01-24 16:14:57.503881,27.33212,27.64825,0.0
2022-01-24 16:14:58.002413,26.91997,27.855,0.0
2022-01-24 16:14:58.508974,27.0227,27.4415,0.0
2022-01-24 16:14:59.009668,27.33212,27.236,0.0
2022-01-24 16:14:59.505969,27.07468,27.803,0.0
2022-01-24 16:15:00.004742,27.12543,27.5455,0.0
2022-01-24 16:15:00.510628,27.43485,27.4415,0.0
2022-01-24 16:15:01.009885,27.33212,26.97725,0.0
2022-01-24 16:15:01.506131,27.64155,27.132,0.0
2022-01-24 16:15:02.004638,27.28014,27.70025,0.0
2022-01-24 16:15:02.509676,26.91997,27.33875,0.0
2022-01-24 16:15:03.001830,26.71327,27.70025,0.0
2022-01-24 16:15:03.506878,27.48684,27.751,0.0
2022-01-24 16:15:04.005174,27.89899,27.64825,0.0
2022-01-24 16:15:04.501381,28.00296,27.59625,0.0
2022-01-24 16:15:05.010941,27.53882,27.803,0.0
2022-01-24 16:15:05.503899,26.97072,27.4415,0.0
2022-01-24 16:15:06.002944,26.76526,27.4935,0.0
2022-01-24 16:15:06.508485,27.64155,27.64825,0.0
2022-01-24 16:15:07.007373,27.69353,27.4935,0.0
2022-01-24 16:15:07.505135,27.64155,27.132,0.0
2022-01-24 16:15:08.003064,27.07468,27.70025,0.0
2022-01-24 16:15:08.508907,26.76526,27.64825,0.0
2022-01-24 16:15:09.007684,27.2294,27.39075,0.0
2022-01-24 16:15:09.505997,27.12543,27.33875,0.0
2022-01-24 16:15:10.004322,27.48684,27.64825,0.0
2022-01-24 16:15:10.500897,27.38411,27.64825,0.0
2022-01-24 16:15:11.004851,27.28014,27.803,0.0
2022-01-24 16:15:11.510751,27.28014,27.95775,0.0
2022-01-24 16:15:12.010174,27.64155,27.64825,0.0
2022-01-24 16:15:12.504641,27.53882,27.236,0.0
2022-01-24 16:15:13.003974,27.0227,27.4415,0.0
2022-01-24 16:15:13.510689,26.816,28.00975,0.0
2022-01-24 16:15:14.008637,26.35187,27.4935,0.0
2022-01-24 16:15:14.504400,27.48684,27.33875,0.0
2022-01-24 16:15:15.003245,28.00296,26.9265,0.0
2022-01-24 16:15:15.508950,27.33212,27.803,0.0
2022-01-24 16:15:16.006325,26.97072,27.4935,0.0
2022-01-24 16:15:17.004647,27.84825,27.33875,0.0
2022-01-24 16:15:17.510892,28.15767,27.184,0.0
2022-01-24 16:15:18.009340,27.95097,27.59625,0.0
2022-01-24 16:15:18.505149,27.58957,27.855,0.0
2022-01-24 16:15:19.002498,26.97072,27.59625,0.0
2022-01-24 16:15:19.508852,26.50658,27.4415,0.0
2022-01-24 16:15:20.006037,27.58957,27.39075,0.0
2022-01-24 16:15:20.501143,28.00296,27.4935,0.0
2022-01-24 16:15:21.009676,27.2294,27.751,0.0
2022-01-24 16:15:21.507991,27.33212,27.4415,0.0
2022-01-24 16:15:22.007015,26.97072,27.64825,0.0
2022-01-24 16:15:22.501773,26.55856,27.4935,0.0
2022-01-24 16:15:23.010377,28.00296,27.236,0.0
2022-01-24 16:15:24.005400,27.12543,27.70025,0.0
2022-01-24 16:15:24.503300,27.07468,27.4415,0.0
2022-01-24 16:15:25.002320,27.28014,27.5455,0.0
2022-01-24 16:15:25.509841,27.95097,27.59625,0.0
2022-01-24 16:15:26.008966,27.79626,27.4935,0.0
2022-01-24 16:15:26.504795,27.17741,27.236,0.0
2022-01-24 16:15:27.004607,26.97072,27.855,0.0
2022-01-24 16:15:27.501282,26.45583,27.803,0.0
2022-01-24 16:15:28.009159,27.2294,27.28675,0.0
2022-01-24 16:15:28.505570,27.2294,27.132,0.0
2022-01-24 16:15:29.005259,27.69353,27.64825,0.0
2022-01-24 16:15:29.502228,26.86799,27.236,0.0
2022-01-24 16:15:30.002923,26.97072,27.64825,0.0
2022-01-24 16:15:30.509554,26.816,27.70025,0.0
2022-01-24 16:15:31.009036,28.20842,27.64825,0.0
2022-01-24 16:15:31.506790,28.0537,27.4935,0.0
2022-01-24 16:15:32.005157,27.64155,27.4415,0.0
2022-01-24 16:15:32.509465,27.38411,27.803,0.0
2022-01-24 16:15:33.008570,27.17741,27.70025,0.0
2022-01-24 16:15:33.506419,27.89899,27.39075,0.0
2022-01-24 16:15:34.004476,28.00296,27.39075,0.0
2022-01-24 16:15:34.510149,27.58957,27.855,0.0
2022-01-24 16:15:35.008374,27.0227,27.28675,0.0
2022-01-24 16:15:35.507284,26.97072,27.95775,0.0
2022-01-24 16:15:36.007035,26.55856,27.59625,0.0
2022-01-24 16:15:36.503457,27.2294,27.132,0.0
2022-01-24 16:15:37.003471,26.66129,27.08125,0.0
2022-01-24 16:15:37.510697,27.17741,27.95775,0.0
2022-01-24 16:15:38.008437,27.74428,27.751,0.0
2022-01-24 16:15:38.508999,27.95097,27.4415,0.0
2022-01-24 16:15:39.007621,27.69353,27.236,0.0
2022-01-24 16:15:39.504352,27.48684,27.33875,0.0
2022-01-24 16:15:40.004792,27.12543,27.70025,0.0
2022-01-24 16:15:40.510877,26.55856,27.59625,0.0
2022-01-24 16:15:41.010587,26.71327,27.855,0.0
2022-01-24 16:15:41.505027,28.15767,27.39075,0.0
2022-01-24 16:15:42.002992,27.74428,27.132,0.0
2022-01-24 16:15:42.509436,27.69353,27.64825,0.0
2022-01-24 16:15:43.008945,27.0227,27.5455,0.0
2022-01-24 16:15:43.505399,26.61055,27.4935,0.0
2022-01-24 16:15:44.003186,26.97072,27.184,0.0
2022-01-24 16:15:44.511089,27.89899,27.64825,0.0
2022-01-24 16:15:45.010262,27.84825,27.4935,0.0
2022-01-24 16:15:45.501237,27.89899,27.95775,0.0
2022-01-24 16:15:46.010176,27.17741,27.59625,0.0
2022-01-24 16:15:46.505703,26.66129,27.70025,0.0
2022-01-24 16:15:47.003746,27.33212,27.5455,0.0
2022-01-24 16:15:47.509971,27.07468,27.59625,0.0
2022-01-24 16:15:48.009119,27.28014,27.751,0.0
2022-01-24 16:15:48.505775,27.17741,27.64825,0.0
2022-01-24 16:15:49.005306,27.2294,27.39075,0.0
2022-01-24 16:15:50.004989,27.58957,27.132,0.0
2022-01-24 16:15:50.510809,27.33212,27.4415,0.0
2022-01-24 16:15:51.009105,27.53882,27.39075,0.0
2022-01-24 16:15:51.504784,26.86799,27.5455,0.0
2022-01-24 16:15:52.005735,26.50658,27.64825,0.0
2022-01-24 16:15:52.502420,28.10569,27.59625,0.0
2022-01-24 16:15:53.001485,28.31238,27.59625,0.0
2022-01-24 16:15:53.502741,27.74428,27.64825,0.0
2022-01-24 16:15:54.002187,27.12543,27.64825,0.0
2022-01-24 16:15:54.505101,26.816,27.4415,0.0
2022-01-24 16:15:55.009782,26.45583,27.33875,0.0
2022-01-24 16:15:55.506623,27.43485,27.751,0.0
2022-01-24 16:15:56.002136,27.89899,27.132,0.0
2022-01-24 16:15:56.507399,27.38411,27.33875,0.0
2022-01-24 16:15:57.006736,27.28014,27.59625,0.0
2022-01-24 16:15:57.504847,26.55856,27.5455,0.0
2022-01-24 16:15:58.005135,27.95097,27.39075,0.0
2022-01-24 16:15:58.501475,28.10569,27.59625,0.0
2022-01-24 16:15:59.010479,27.79626,27.4935,0.0
2022-01-24 16:15:59.508078,27.0227,27.855,0.0
2022-01-24 16:16:00.007036,26.816,27.751,0.0
2022-01-24 16:16:00.502805,26.24914,27.4415,0.0
2022-01-24 16:16:01.010655,27.79626,27.28675,0.0
2022-01-24 16:16:01.504963,27.33212,27.39075,0.0
2022-01-24 16:16:02.004466,27.12543,27.70025,0.0
2022-01-24 16:16:02.502429,26.86799,27.751,0.0
2022-01-24 16:16:03.009943,27.53882,27.39075,0.0
2022-01-24 16:16:03.510653,28.0537,27.08125,0.0
2022-01-24 16:16:04.007170,27.69353,27.132,0.0
2022-01-24 16:16:04.502073,27.2294,27.90575,0.0
2022-01-24 16:16:05.001181,26.816,27.751,0.0
2022-01-24 16:16:05.506766,26.35187,27.59625,0.0
2022-01-24 16:16:06.005523,27.84825,27.4935,0.0
2022-01-24 16:16:06.503598,27.43485,27.4415,0.0
2022-01-24 16:16:07.002998,27.48684,27.4935,0.0
2022-01-24 16:16:07.508468,27.17741,27.803,0.0
2022-01-24 16:16:08.006786,26.816,27.70025,0.0
2022-01-24 16:16:08.502288,27.58957,27.236,0.0
2022-01-24 16:16:09.504686,27.84825,27.751,0.0
2022-01-24 16:16:10.002746,27.33212,27.39075,0.0
2022-01-24 16:16:10.508552,27.0227,27.4935,0.0
2022-01-24 16:16:11.005533,27.17741,27.4935,0.0
2022-01-24 16:16:11.505724,28.00296,27.39075,0.0
2022-01-24 16:16:12.004163,28.10569,27.855,0.0
2022-01-24 16:16:12.510043,27.43485,27.803,0.0
2022-01-24 16:16:13.007849,26.97072,27.70025,0.0
2022-01-24 16:16:13.503923,26.71327,27.4935,0.0
2022-01-24 16:16:14.002351,27.48684,27.4935,0.0
2022-01-24 16:16:14.509764,27.12543,27.5455,0.0
2022-01-24 16:16:15.007464,27.2294,27.33875,0.0
2022-01-24 16:16:15.501916,27.0227,27.39075,0.0
2022-01-24 16:16:16.001014,26.71327,27.64825,0.0
2022-01-24 16:16:16.506913,27.43485,27.4935,0.0
2022-01-24 16:16:17.008062,27.84825,27.39075,0.0
2022-01-24 16:16:17.502252,27.53882,27.33875,0.0
2022-01-24 16:16:18.010787,27.12543,27.803,0.0
2022-01-24 16:16:18.505186,27.0227,27.64825,0.0
2022-01-24 16:16:19.003086,27.17741,27.70025,0.0
2022-01-24 16:16:19.509534,28.36313,27.59625,0.0
2022-01-24 16:16:20.007933,28.2604,27.4935,0.0
2022-01-24 16:16:20.506563,27.53882,27.4415,0.0
2022-01-24 16:16:21.006886,27.2294,27.64825,0.0
2022-01-24 16:16:21.503424,26.66129,27.855,0.0
2022-01-24 16:16:22.001780,26.66129,27.64825,0.0
2022-01-24 16:16:22.507640,27.84825,27.184,0.0
2022-01-24 16:16:23.001169,27.84825,27.236,0.0
2022-01-24 16:16:23.507779,27.28014,28.00975,0.0
2022-01-24 16:16:24.005923,27.12543,27.95775,0.0
2022-01-24 16:16:24.501899,26.50658,27.184,0.0
2022-01-24 16:16:25.009518,27.07468,27.5455,0.0
2022-01-24 16:16:25.507842,27.12543,27.803,0.0
2022-01-24 16:16:26.007016,26.91997,27.751,0.0
2022-01-24 16:16:26.505032,26.91997,27.64825,0.0
2022-01-24 16:16:27.003559,27.38411,27.59625,0.0
2022-01-24 16:16:27.508202,27.95097,27.184,0.0
2022-01-24 16:16:28.006340,27.64155,27.184,0.0
2022-01-24 16:16:28.501959,27.69353,28.00975,0.0
2022-01-24 16:16:29.010171,27.38411,27.5455,0.0
2022-01-24 16:16:29.504230,26.816,27.4415,0.0
2022-01-24 16:16:30.003162,26.09442,27.02925,0.0
2022-01-24 16:16:30.509131,27.89899,27.33875,0.0
2022-01-24 16:16:31.007929,27.95097,27.4935,0.0
2022-01-24 16:16:31.503332,27.43485,27.751,0.0
2022-01-24 16:16:32.001697,26.97072,27.70025,0.0
2022-01-24 16:16:32.507673,27.12543,27.4935,0.0
2022-01-24 16:16:33.006361,26.91997,27.33875,0.0
2022-01-24 16:16:33.502215,27.64155,27.59625,0.0
2022-01-24 16:16:34.001713,27.89899,27.64825,0.0
2022-01-24 16:16:34.509552,27.33212,27.4935,0.0
2022-01-24 16:16:35.006902,27.38411,27.4415,0.0
2022-01-24 16:16:35.503887,27.64155,27.4415,0.0
2022-01-24 16:16:36.003749,28.00296,27.59625,0.0
2022-01-24 16:16:36.509047,27.69353,27.4415,0.0
2022-01-24 16:16:37.006982,27.43485,27.70025,0.0
2022-01-24 16:16:37.503096,26.76526,27.855,0.0
2022-01-24 16:16:38.001806,26.86799,27.4935,0.0
2022-01-24 16:16:38.509671,26.66129,27.33875,0.0
2022-01-24 16:16:39.007816,27.17741,27.751,0.0
2022-01-24 16:16:39.502939,27.69353,27.39075,0.0
2022-01-24 16:16:40.001544,27.69353,27.70025,0.0
2022-01-24 16:16:40.508165,26.86799,27.28675,0.0
2022-01-24 16:16:41.006853,27.33212,27.5455,0.0
2022-01-24 16:16:41.502910,28.0537,27.59625,0.0
2022-01-24 16:16:42.001569,28.10569,27.28675,0.0
2022-01-24 16:16:42.508314,27.74428,27.70025,0.0
2022-01-24 16:16:43.008922,26.97072,27.59625,0.0
2022-01-24 16:16:43.506727,26.50658,27.4935,0.0
2022-01-24 16:16:44.004632,27.38411,27.4935,0.0
2022-01-24 16:16:44.509054,27.89899,27.5455,0.0
2022-01-24 16:16:45.008201,27.38411,27.39075,0.0
2022-01-24 16:16:45.504720,26.97072,27.803,0.0
2022-01-24 16:16:46.003362,27.28014,27.751,0.0
2022-01-24 16:16:46.509149,27.58957,27.33875,0.0
2022-01-24 16:16:47.007618,28.15767,27.33875,0.0
2022-01-24 16:16:47.507955,27.53882,27.4935,0.0
2022-01-24 16:16:48.006798,27.43485,27.751,0.0
2022-01-24 16:16:48.501650,27.17741,27.64825,0.0
2022-01-24 16:16:49.010296,26.816,27.184,0.0
2022-01-24 16:16:49.508358,27.58957,27.4935,0.0
2022-01-24 16:16:50.006427,27.53882,28.00975,0.0
2022-01-24 16:16:50.501381,26.76526,27.39075,0.0
2022-01-24 16:16:51.001242,26.30112,27.855,0.0
2022-01-24 16:16:51.506671,28.31238,27.70025,0.0
2022-01-24 16:16:52.006158,27.38411,27.132,0.0
2022-01-24 16:16:52.501389,27.17741,27.64825,0.0
2022-01-24 16:16:53.010739,26.71327,27.59625,0.0
2022-01-24 16:16:53.506971,27.64155,27.4415,0.0
2022-01-24 16:16:54.006408,27.79626,27.39075,0.0
2022-01-24 16:16:54.503225,27.07468,27.132,0.0
2022-01-24 16:16:55.010884,26.71327,27.90575,0.0
2022-01-24 16:16:55.506087,27.69353,27.4415,0.0
2022-01-24 16:16:56.004971,27.12543,27.803,0.0
2022-01-24 16:16:56.502743,27.17741,27.5455,0.0
2022-01-24 16:16:57.001524,27.53882,27.184,0.0
2022-01-24 16:16:57.508056,26.97072,27.59625,0.0
2022-01-24 16:16:58.006625,27.48684,27.70025,0.0
2022-01-24 16:16:58.502504,27.43485,27.59625,0.0
2022-01-24 16:16:59.010565,27.12543,27.39075,0.0
2022-01-24 16:16:59.506556,27.64155,27.4415,0.0
2022-01-24 16:17:00.004241,27.33212,27.4935,0.0
2022-01-24 16:17:00.509783,27.43485,27.64825,0.0
2022-01-24 16:17:01.008023,27.33212,27.33875,0.0
2022-01-24 16:17:01.505232,27.0227,27.4415,0.0
2022-01-24 16:17:02.009757,27.2294,27.5455,0.0
2022-01-24 16:17:02.507936,27.33212,27.4415,0.0
2022-01-24 16:17:03.008721,27.48684,27.751,0.0
2022-01-24 16:17:03.511106,27.53882,27.855,0.0
2022-01-24 16:17:04.505742,27.28014,27.5455,0.0
2022-01-24 16:17:05.005934,27.43485,27.4415,0.0
2022-01-24 16:17:05.506917,26.86799,27.64825,0.0
2022-01-24 16:17:06.002110,27.69353,27.70025,0.0
2022-01-24 16:17:06.501723,27.58957,27.236,0.0
2022-01-24 16:17:07.007481,26.71327,27.64825,0.0
2022-01-24 16:17:07.501566,27.07468,27.33875,0.0
2022-01-24 16:17:08.007892,27.74428,27.28675,0.0
