時間,回転１,回転２,回転３
2022-01-24 11:00:00.006663,84.47302,84.699,85.4527
2022-01-24 11:00:00.504571,84.21434,84.3895,85.4527
2022-01-24 11:00:01.002742,84.42104,84.64825,84.94281
2022-01-24 11:00:01.502503,83.80219,84.33875,84.94281
2022-01-24 11:00:02.001306,84.1636,84.3895,85.92395
2022-01-24 11:00:02.507384,84.31831,85.0085,85.92395
2022-01-24 11:00:03.005383,84.1636,84.4935,86.19916
2022-01-24 11:00:03.502419,84.11161,84.4415,86.19916
2022-01-24 11:00:04.001297,84.42104,84.59625,84.70718
2022-01-24 11:00:04.507558,84.36905,84.699,84.70718
2022-01-24 11:00:05.008513,83.80219,84.3895,85.33489
2022-01-24 11:00:05.507416,84.05963,84.28675,85.33489
2022-01-24 11:00:06.006865,83.7502,84.33875,85.33489
2022-01-24 11:00:06.503923,84.31831,84.751,85.33489
2022-01-24 11:00:07.004978,84.1636,84.751,85.33489
2022-01-24 11:00:07.510757,84.05963,84.4415,85.33489
2022-01-24 11:00:08.010692,84.31831,84.28675,85.96354
2022-01-24 11:00:08.509003,83.80219,84.3895,85.96354
2022-01-24 11:00:09.007022,84.57575,84.90575,85.68833
2022-01-24 11:00:09.503013,83.23532,83.71975,85.68833
2022-01-24 11:00:10.002275,84.47302,84.85375,85.7675
2022-01-24 11:00:10.509914,84.00888,84.02925,85.7675
2022-01-24 11:00:11.006843,84.62773,85.21525,85.96354
2022-01-24 11:00:11.503504,84.31831,84.33875,85.96354
2022-01-24 11:00:12.003085,83.69946,84.184,85.68833
2022-01-24 11:00:12.509834,84.36905,84.64825,85.68833
2022-01-24 11:00:13.008464,83.59549,84.3895,85.92395
2022-01-24 11:00:13.503983,84.26632,84.751,85.92395
2022-01-24 11:00:14.002056,83.9569,83.97725,86.15958
2022-01-24 11:00:14.504436,84.26632,84.4935,86.15958
2022-01-24 11:00:15.003185,84.21434,84.4935,85.06062
2022-01-24 11:00:16.005476,84.52377,84.64825,85.64968
2022-01-24 11:00:16.501155,83.69946,84.184,85.64968
2022-01-24 11:00:17.010045,84.31831,84.59625,85.80614
2022-01-24 11:00:17.504651,83.9569,84.95775,85.80614
2022-01-24 11:00:18.003824,84.11161,84.4415,85.88531
2022-01-24 11:00:18.509687,84.57575,84.4415,85.88531
2022-01-24 11:00:19.008557,83.7502,84.33875,85.96354
2022-01-24 11:00:19.505756,83.9569,84.132,85.96354
2022-01-24 11:00:20.004653,83.9569,84.4415,85.53187
2022-01-24 11:00:20.509080,83.90492,84.08,85.53187
2022-01-24 11:00:21.008719,84.11161,84.54425,237.62781
2022-01-24 11:00:21.504716,83.7502,83.7705,237.62781
2022-01-24 11:00:22.003823,83.7502,84.184,219.95593
2022-01-24 11:00:22.510135,83.9569,84.3895,219.95593
2022-01-24 11:00:23.008032,84.1636,84.28675,177.54343
2022-01-24 11:00:23.504447,84.05963,84.3895,177.54343
2022-01-24 11:00:24.003317,83.59549,83.71975,104.10666
2022-01-24 11:00:24.502200,84.47302,85.0605,104.10666
2022-01-24 11:00:25.001997,83.7502,84.184,92.87489
2022-01-24 11:00:25.508016,84.31831,84.184,92.87489
2022-01-24 11:00:26.007174,83.59549,83.97725,91.93239
2022-01-24 11:00:26.503326,84.26632,84.3895,91.93239
2022-01-24 11:00:27.003061,84.42104,84.95775,89.73354
2022-01-24 11:00:27.501077,84.11161,84.28675,89.73354
2022-01-24 11:00:28.010462,83.49276,84.132,86.5526
2022-01-24 11:00:28.508666,84.47302,84.59625,86.5526
2022-01-24 11:00:29.008170,84.47302,84.751,85.57051
2022-01-24 11:00:29.505683,84.26632,84.59625,85.57051
2022-01-24 11:00:30.004625,83.90492,84.28675,86.51301
2022-01-24 11:00:30.509345,83.90492,84.4415,86.51301
2022-01-24 11:00:31.009036,84.67848,85.0085,86.31697
2022-01-24 11:00:31.506482,83.85417,84.59625,86.31697
2022-01-24 11:00:32.004054,84.42104,84.699,86.00312
2022-01-24 11:00:32.502386,83.13135,83.8745,86.00312
2022-01-24 11:00:33.001516,84.67848,85.16325,86.59218
2022-01-24 11:00:33.510844,84.36905,84.4415,86.59218
2022-01-24 11:00:34.008556,84.11161,84.699,85.21708
2022-01-24 11:00:34.504550,84.26632,84.59625,85.21708
2022-01-24 11:00:35.003552,83.59549,84.132,85.57051
2022-01-24 11:00:35.510645,84.73046,85.16325,85.57051
2022-01-24 11:00:36.006726,83.59549,84.23475,85.57051
2022-01-24 11:00:36.502913,84.36905,84.751,85.57051
2022-01-24 11:00:37.002229,84.05963,84.184,85.96354
2022-01-24 11:00:37.507985,84.21434,84.85375,85.96354
2022-01-24 11:00:38.006238,84.67848,84.90575,85.57051
2022-01-24 11:00:38.501114,83.49276,84.132,85.57051
2022-01-24 11:00:39.009099,84.31831,84.4415,85.96354
2022-01-24 11:00:39.505142,83.33805,84.02925,85.96354
2022-01-24 11:00:40.003087,84.83319,85.0605,85.6101
2022-01-24 11:00:40.509037,83.9569,84.132,85.6101
2022-01-24 11:00:41.007715,84.21434,84.4935,85.68833
2022-01-24 11:00:41.510441,84.31831,84.4935,85.68833
2022-01-24 11:00:42.009240,83.85417,84.54425,85.7675
2022-01-24 11:00:42.502301,84.36905,84.54425,85.7675
2022-01-24 11:00:43.002415,83.9569,84.4935,85.80614
2022-01-24 11:00:43.509155,84.1636,84.33875,85.80614
2022-01-24 11:00:44.007145,84.36905,84.54425,85.64968
2022-01-24 11:00:44.502353,84.47302,84.751,85.64968
2022-01-24 11:00:45.010683,84.21434,84.28675,85.80614
2022-01-24 11:00:45.507492,84.21434,84.90575,85.80614
2022-01-24 11:00:46.007209,83.85417,84.132,85.33489
2022-01-24 11:00:46.504260,84.00888,84.59625,85.33489
2022-01-24 11:00:47.003572,84.05963,84.4415,85.4527
2022-01-24 11:00:47.502142,83.9569,84.64825,85.4527
2022-01-24 11:00:48.010736,83.90492,84.33875,85.6101
2022-01-24 11:00:48.506136,83.9569,84.08,85.6101
2022-01-24 11:00:49.005700,84.67848,85.1125,85.7675
2022-01-24 11:00:49.511150,84.11161,84.4415,85.7675
2022-01-24 11:00:50.001445,84.11161,84.85375,85.7675
2022-01-24 11:00:50.509681,83.80219,84.132,85.7675
2022-01-24 11:00:51.008167,84.36905,84.64825,85.6101
2022-01-24 11:00:51.503261,84.42104,84.751,85.6101
2022-01-24 11:00:52.004099,84.21434,84.184,86.31697
2022-01-24 11:00:53.004905,84.11161,84.3895,85.4527
2022-01-24 11:00:53.509637,84.1636,84.59625,85.4527
2022-01-24 11:00:54.010259,84.21434,84.59625,85.96354
2022-01-24 11:00:54.506390,83.49276,84.23475,85.96354
2022-01-24 11:00:55.004764,84.47302,84.803,85.25666
2022-01-24 11:00:56.005630,84.11161,84.4935,85.53187
2022-01-24 11:00:56.501086,84.62773,84.699,85.53187
2022-01-24 11:00:57.010323,84.11161,84.59625,86.00312
2022-01-24 11:00:57.505235,84.26632,84.4415,86.00312
2022-01-24 11:00:58.003130,83.85417,84.33875,85.64968
2022-01-24 11:00:58.508997,84.88517,85.21525,85.64968
2022-01-24 11:00:59.007224,83.69946,83.71975,85.88531
2022-01-24 11:00:59.510281,84.21434,84.90575,85.88531
2022-01-24 11:01:00.010256,84.11161,84.59625,85.02104
2022-01-24 11:01:00.502412,84.05963,84.64825,85.02104
2022-01-24 11:01:01.002822,84.31831,84.751,85.64968
2022-01-24 11:01:01.508606,83.59549,84.23475,85.64968
2022-01-24 11:01:02.007072,84.57575,84.85375,85.25666
2022-01-24 11:01:02.503176,83.7502,84.28675,85.25666
2022-01-24 11:01:03.002195,84.21434,84.3895,85.7675
2022-01-24 11:01:03.508756,84.21434,84.54425,85.7675
2022-01-24 11:01:04.007905,83.9569,84.699,85.4527
2022-01-24 11:01:04.505776,84.36905,84.803,85.4527
2022-01-24 11:01:05.004417,83.90492,84.28675,86.19916
2022-01-24 11:01:05.510288,84.1636,84.4415,86.19916
2022-01-24 11:01:06.008797,84.26632,84.3895,85.4527
2022-01-24 11:01:06.502318,84.36905,84.751,85.4527
2022-01-24 11:01:07.010665,84.05963,84.4415,86.15958
2022-01-24 11:01:07.505503,84.1636,84.64825,86.15958
2022-01-24 11:01:08.003998,84.11161,84.3895,85.84572
2022-01-24 11:01:08.501438,84.21434,84.85375,85.84572
2022-01-24 11:01:09.011085,83.90492,84.02925,86.15958
2022-01-24 11:01:09.506134,84.1636,84.64825,86.15958
2022-01-24 11:01:10.005317,84.11161,84.4935,85.96354
2022-01-24 11:01:10.502106,84.05963,84.4415,85.96354
2022-01-24 11:01:11.006340,84.42104,84.95775,85.33489
2022-01-24 11:01:11.501817,83.69946,83.8745,85.33489
2022-01-24 11:01:12.010740,84.57575,84.85375,85.57051
2022-01-24 11:01:12.507012,83.7502,84.28675,85.57051
2022-01-24 11:01:13.006213,84.00888,84.54425,85.64968
2022-01-24 11:01:13.503143,84.42104,84.64825,85.64968
2022-01-24 11:01:14.003620,83.85417,84.08,85.72791
2022-01-24 11:01:14.507588,84.57575,84.90575,85.72791
2022-01-24 11:01:15.006514,84.00888,84.3895,86.35656
2022-01-24 11:01:15.503401,83.90492,84.3895,86.35656
2022-01-24 11:01:16.001458,84.1636,84.3895,85.37447
2022-01-24 11:01:16.506870,84.21434,84.64825,85.37447
2022-01-24 11:01:17.004979,84.11161,84.4415,85.49229
2022-01-24 11:01:17.510716,84.57575,84.90575,85.49229
2022-01-24 11:01:18.001760,84.05963,84.4415,86.00312
2022-01-24 11:01:18.509058,84.36905,84.4415,86.00312
2022-01-24 11:01:19.007381,83.9569,84.4935,85.29625
2022-01-24 11:01:19.503021,84.11161,84.3895,85.29625
2022-01-24 11:01:20.002016,83.7502,84.23475,85.88531
2022-01-24 11:01:20.508812,84.1636,84.699,85.88531
2022-01-24 11:01:21.006595,83.9569,84.59625,86.15958
2022-01-24 11:01:21.502860,84.1636,84.4935,86.15958
2022-01-24 11:01:22.009984,84.31831,84.59625,85.02104
2022-01-24 11:01:22.505632,84.00888,84.28675,85.02104
2022-01-24 11:01:23.005062,84.78245,84.85375,85.6101
2022-01-24 11:01:23.502045,83.33805,83.8225,85.6101
2022-01-24 11:01:24.010518,84.31831,84.699,85.4527
2022-01-24 11:01:24.504982,83.90492,84.4935,85.4527
2022-01-24 11:01:25.004212,84.05963,84.28675,85.53187
2022-01-24 11:01:25.510220,84.31831,84.4415,85.53187
2022-01-24 11:01:26.008436,83.7502,84.3895,85.72791
2022-01-24 11:01:26.503565,84.88517,84.95775,85.72791
2022-01-24 11:01:27.002728,83.59549,84.184,85.53187
2022-01-24 11:01:27.509866,84.52377,84.751,85.53187
2022-01-24 11:01:28.009076,83.39003,83.97725,85.13885
2022-01-24 11:01:28.504017,84.42104,84.90575,85.13885
2022-01-24 11:01:29.003090,84.36905,84.699,86.43479
2022-01-24 11:01:29.508475,83.69946,84.08,86.43479
2022-01-24 11:01:30.006925,84.11161,84.184,85.41406
2022-01-24 11:01:30.502905,84.21434,84.64825,85.41406
2022-01-24 11:01:31.001788,84.42104,84.803,86.08135
2022-01-24 11:01:31.507781,83.7502,84.08,86.08135
2022-01-24 11:01:32.009767,84.36905,84.699,85.92395
2022-01-24 11:01:32.504966,83.69946,84.33875,85.92395
2022-01-24 11:01:33.003705,84.62773,85.16325,85.7675
2022-01-24 11:01:33.509922,83.9569,84.4415,85.7675
2022-01-24 11:01:34.007937,84.21434,84.54425,85.7675
2022-01-24 11:01:34.503358,84.1636,84.4935,85.7675
2022-01-24 11:01:35.002340,84.00888,84.4415,85.29625
2022-01-24 11:01:35.508053,84.21434,84.803,85.29625
2022-01-24 11:01:36.005831,83.44078,84.08,85.72791
2022-01-24 11:01:36.504093,84.67848,85.0085,85.72791
2022-01-24 11:01:37.001913,84.05963,84.184,85.96354
2022-01-24 11:01:37.506790,84.26632,84.699,85.96354
2022-01-24 11:01:38.010858,84.1636,84.4415,85.57051
2022-01-24 11:01:38.510479,83.7502,84.132,85.57051
2022-01-24 11:01:39.008927,84.26632,84.59625,85.6101
2022-01-24 11:01:39.505089,83.64747,84.28675,85.6101
2022-01-24 11:01:40.003717,84.26632,84.64825,86.3952
2022-01-24 11:01:40.510369,84.21434,84.4415,86.3952
2022-01-24 11:01:41.008757,83.90492,84.4415,85.17843
2022-01-24 11:01:41.505126,84.31831,84.59625,85.17843
2022-01-24 11:01:42.003752,83.90492,84.59625,85.84572
2022-01-24 11:01:42.510306,84.52377,84.90575,85.84572
2022-01-24 11:01:43.007075,83.80219,84.33875,85.53187
2022-01-24 11:01:43.511055,84.1636,84.4935,85.53187
2022-01-24 11:01:44.008741,83.9569,84.4415,85.49229
2022-01-24 11:01:44.503898,84.05963,84.3895,85.49229
2022-01-24 11:01:45.002298,84.42104,84.751,85.37447
2022-01-24 11:01:45.509416,83.39003,83.71975,85.37447
2022-01-24 11:01:46.008396,84.62773,85.1125,86.19916
2022-01-24 11:01:46.504932,83.69946,84.08,86.19916
2022-01-24 11:01:47.002847,84.42104,85.0085,85.96354
2022-01-24 11:01:47.509134,84.42104,84.59625,85.96354
2022-01-24 11:01:48.009973,83.54475,83.8745,86.04176
2022-01-24 11:01:48.505790,84.42104,84.751,86.04176
2022-01-24 11:01:49.003659,83.80219,84.3895,86.04176
2022-01-24 11:01:49.508890,84.26632,84.64825,86.04176
2022-01-24 11:01:50.007590,83.23532,83.71975,85.6101
2022-01-24 11:01:50.505458,84.1636,84.59625,85.6101
2022-01-24 11:01:51.005842,84.21434,84.803,86.98426
2022-01-24 11:01:51.510868,84.21434,84.85375,86.98426
2022-01-24 11:01:52.009987,83.9569,84.28675,85.7675
2022-01-24 11:01:52.505384,83.90492,84.4415,85.7675
2022-01-24 11:01:53.004277,84.42104,84.751,85.09926
2022-01-24 11:01:53.510229,83.64747,84.33875,85.09926
2022-01-24 11:01:54.008418,84.67848,85.0085,85.17843
2022-01-24 11:01:54.505805,82.97664,83.66775,85.17843
2022-01-24 11:01:55.004027,84.88517,85.16325,85.53187
2022-01-24 11:01:55.501362,84.11161,84.28675,85.53187
2022-01-24 11:01:56.010897,83.9569,84.28675,86.00312
2022-01-24 11:01:56.506831,84.31831,84.59625,86.00312
2022-01-24 11:01:57.005123,83.80219,84.23475,85.49229
2022-01-24 11:01:57.502753,84.52377,85.0085,85.49229
2022-01-24 11:01:58.001299,83.7502,84.3895,85.33489
2022-01-24 11:01:58.506768,84.57575,84.95775,85.33489
2022-01-24 11:01:59.006227,83.64747,83.7705,85.92395
2022-01-24 11:01:59.502612,84.57575,84.85375,85.92395
2022-01-24 11:02:00.001464,84.1636,84.64825,85.92395
2022-01-24 11:02:00.505126,83.59549,83.8745,85.92395
2022-01-24 11:02:01.003929,84.57575,84.85375,85.33489
2022-01-24 11:02:01.502256,83.33805,84.02925,85.33489
2022-01-24 11:02:02.001139,84.78245,85.21525,85.49229
2022-01-24 11:02:02.505871,84.21434,84.3895,85.49229
2022-01-24 11:02:03.006481,84.11161,84.28675,85.41406
2022-01-24 11:02:03.504845,84.26632,84.3895,85.41406
2022-01-24 11:02:04.003330,84.05963,84.59625,85.4527
2022-01-24 11:02:04.510436,84.1636,84.751,85.4527
2022-01-24 11:02:05.007686,83.9569,84.4415,85.53187
2022-01-24 11:02:05.502548,84.05963,84.54425,85.53187
2022-01-24 11:02:06.001968,83.9569,84.28675,85.49229
2022-01-24 11:02:06.509043,83.90492,84.184,85.49229
2022-01-24 11:02:07.007242,84.57575,84.803,86.43479
2022-01-24 11:02:07.502855,84.26632,84.59625,86.43479
2022-01-24 11:02:08.001149,84.1636,84.59625,86.51301
2022-01-24 11:02:08.509320,83.59549,84.23475,86.51301
2022-01-24 11:02:09.008329,84.1636,84.54425,84.98145
2022-01-24 11:02:09.503357,84.05963,84.4935,84.98145
2022-01-24 11:02:10.004649,83.9569,84.23475,86.35656
2022-01-24 11:02:10.509989,84.42104,84.751,86.35656
2022-01-24 11:02:11.005557,83.7502,84.184,85.80614
2022-01-24 11:02:11.502536,84.31831,84.64825,85.80614
2022-01-24 11:02:12.010858,84.11161,84.803,85.7675
2022-01-24 11:02:12.508526,84.00888,84.184,85.7675
2022-01-24 11:02:13.007309,83.59549,84.3895,86.23875
2022-01-24 11:02:13.503371,84.26632,84.54425,86.23875
2022-01-24 11:02:14.005096,84.1636,84.28675,85.6101
2022-01-24 11:02:15.004941,84.00888,84.4935,85.06062
2022-01-24 11:02:15.510388,83.7502,84.132,85.06062
2022-01-24 11:02:16.008971,84.67848,84.803,85.53187
2022-01-24 11:02:16.505318,83.59549,84.132,85.53187
2022-01-24 11:02:17.001703,84.52377,84.803,85.21708
2022-01-24 11:02:17.508755,84.11161,84.3895,85.21708
2022-01-24 11:02:18.006467,84.1636,84.4935,85.37447
2022-01-24 11:02:18.501188,84.57575,84.803,85.37447
2022-01-24 11:02:19.009798,83.64747,84.3895,85.57051
2022-01-24 11:02:19.509697,84.67848,85.1125,85.57051
2022-01-24 11:02:20.007984,83.9569,84.33875,85.68833
2022-01-24 11:02:20.503361,84.73046,84.90575,85.68833
2022-01-24 11:02:21.002580,83.7502,84.08,85.06062
2022-01-24 11:02:21.501148,84.42104,84.751,85.06062
2022-01-24 11:02:22.010871,83.90492,84.4415,86.27739
2022-01-24 11:02:22.507374,84.11161,84.803,86.27739
2022-01-24 11:02:23.006405,84.57575,84.90575,85.41406
2022-01-24 11:02:23.502781,83.54475,83.97725,85.41406
2022-01-24 11:02:24.005315,84.47302,84.85375,85.57051
2022-01-24 11:02:24.511162,84.26632,84.4935,85.57051
2022-01-24 11:02:25.009542,84.00888,84.33875,86.08135
2022-01-24 11:02:25.507293,83.90492,84.132,86.08135
2022-01-24 11:02:26.008028,84.00888,84.4935,85.96354
2022-01-24 11:02:26.505007,84.36905,84.803,85.96354
2022-01-24 11:02:27.002476,84.00888,84.4415,86.31697
2022-01-24 11:02:27.510301,84.1636,84.132,86.31697
2022-01-24 11:02:28.008644,84.42104,84.699,85.21708
2022-01-24 11:02:28.502874,84.67848,85.0085,85.21708
2022-01-24 11:02:29.001879,83.90492,84.132,85.57051
2022-01-24 11:02:29.510842,84.00888,84.132,85.57051
2022-01-24 11:02:30.001160,84.11161,84.64825,85.80614
2022-01-24 11:02:30.507000,84.11161,84.751,85.80614
2022-01-24 11:02:31.005011,83.85417,84.23475,85.49229
2022-01-24 11:02:31.502230,83.49276,84.08,85.49229
2022-01-24 11:02:32.010440,84.73046,85.0085,85.29625
2022-01-24 11:02:32.506564,84.1636,84.4415,85.29625
2022-01-24 11:02:33.004246,84.05963,84.4415,86.15958
2022-01-24 11:02:33.508654,84.26632,84.59625,86.15958
2022-01-24 11:02:34.008196,84.05963,84.3895,85.72791
2022-01-24 11:02:34.505454,84.00888,84.28675,85.72791
2022-01-24 11:02:35.003721,84.21434,84.95775,85.80614
2022-01-24 11:02:35.510151,83.54475,83.8745,85.80614
2022-01-24 11:02:36.008520,84.36905,84.64825,85.80614
2022-01-24 11:02:36.506648,84.21434,84.28675,85.80614
2022-01-24 11:02:37.005361,84.05963,84.54425,85.57051
2022-01-24 11:02:37.501510,84.00888,84.64825,85.57051
2022-01-24 11:02:38.010288,84.36905,84.59625,85.64968
2022-01-24 11:02:38.510737,83.59549,84.132,85.64968
2022-01-24 11:02:39.001489,84.73046,85.1125,85.57051
2022-01-24 11:02:39.507272,83.49276,84.132,85.57051
2022-01-24 11:02:40.005543,84.47302,84.33875,85.33489
2022-01-24 11:02:40.500994,84.21434,84.3895,85.33489
2022-01-24 11:02:41.008481,83.7502,84.33875,85.72791
2022-01-24 11:02:41.505943,84.62773,84.95775,85.72791
2022-01-24 11:02:42.004021,83.54475,84.08,85.64968
2022-01-24 11:02:42.510498,83.7502,83.8225,85.64968
2022-01-24 11:02:43.008311,83.59549,84.08,89.18406
2022-01-24 11:02:43.503473,84.36905,84.3895,89.18406
2022-01-24 11:02:44.002222,84.26632,84.33875,232.12926
2022-01-24 11:02:44.507444,84.00888,84.3895,232.12926
2022-01-24 11:02:45.006233,84.1636,84.59625,216.4602
2022-01-24 11:02:45.502522,83.64747,83.97725,216.4602
2022-01-24 11:02:46.002403,84.42104,84.64825,132.65687
2022-01-24 11:02:46.508638,83.85417,84.02925,132.65687
2022-01-24 11:02:47.008080,84.31831,84.4935,95.42812
2022-01-24 11:02:47.504875,83.9569,83.92525,95.42812
2022-01-24 11:02:48.003224,84.1636,84.4415,93.26791
2022-01-24 11:02:48.510090,84.1636,84.33875,93.26791
2022-01-24 11:02:49.007938,83.59549,83.92525,90.63645
2022-01-24 11:02:49.502601,84.42104,84.64825,90.63645
2022-01-24 11:02:50.001521,83.59549,84.23475,87.29906
2022-01-24 11:02:50.508919,84.42104,84.803,87.29906
2022-01-24 11:02:51.006757,84.05963,84.3895,86.08135
2022-01-24 11:02:51.502705,84.42104,84.751,86.08135
2022-01-24 11:02:52.001084,83.9569,84.33875,86.5526
2022-01-24 11:02:52.507988,84.1636,84.699,86.5526
2022-01-24 11:02:53.006558,84.21434,84.699,86.59218
2022-01-24 11:02:53.501265,84.05963,84.59625,86.59218
2022-01-24 11:02:54.009893,84.26632,84.23475,86.63083
2022-01-24 11:02:54.506347,83.85417,84.28675,86.63083
2022-01-24 11:02:55.004972,84.11161,84.59625,86.78822
2022-01-24 11:02:55.510815,84.73046,85.318,86.78822
2022-01-24 11:02:56.009550,83.33805,83.71975,85.53187
2022-01-24 11:02:56.505758,84.47302,84.4935,85.53187
2022-01-24 11:02:57.004664,84.00888,84.4935,86.08135
2022-01-24 11:02:57.511017,84.11161,84.33875,86.08135
2022-01-24 11:02:58.008307,84.73046,85.16325,85.6101
2022-01-24 11:02:58.505028,83.85417,84.02925,85.6101
2022-01-24 11:02:59.003466,84.1636,84.4935,85.57051
2022-01-24 11:02:59.501205,84.36905,85.1125,85.57051
2022-01-24 11:03:00.010178,83.85417,84.28675,86.04176
2022-01-24 11:03:00.503162,84.52377,84.90575,86.04176
2022-01-24 11:03:01.002785,83.59549,83.7705,86.19916
2022-01-24 11:03:01.509186,84.93716,85.422,86.19916
2022-01-24 11:03:02.007392,83.69946,84.28675,85.64968
2022-01-24 11:03:02.504986,84.11161,84.54425,85.64968
2022-01-24 11:03:03.005919,84.21434,84.699,86.04176
2022-01-24 11:03:03.503250,84.36905,84.699,86.04176
2022-01-24 11:03:04.001763,83.7502,84.28675,85.6101
2022-01-24 11:03:04.508641,84.36905,84.4415,85.6101
2022-01-24 11:03:05.007408,83.54475,84.23475,85.88531
2022-01-24 11:03:05.502806,84.67848,84.751,85.88531
2022-01-24 11:03:06.001645,84.26632,84.751,86.15958
2022-01-24 11:03:06.508662,83.85417,84.28675,86.15958
2022-01-24 11:03:07.008343,84.1636,84.4415,85.49229
2022-01-24 11:03:07.502138,84.11161,84.4415,85.49229
2022-01-24 11:03:08.010862,84.31831,84.54425,85.41406
2022-01-24 11:03:08.506445,83.69946,84.28675,85.41406
2022-01-24 11:03:09.003216,84.26632,84.59625,85.37447
2022-01-24 11:03:09.507942,84.26632,84.59625,85.37447
2022-01-24 11:03:10.006997,83.80219,84.132,85.64968
2022-01-24 11:03:10.502782,84.57575,84.803,85.64968
2022-01-24 11:03:11.007544,83.39003,83.97725,85.33489
2022-01-24 11:03:11.502947,84.9879,85.0605,85.33489
2022-01-24 11:03:12.004958,83.49276,84.08,85.88531
2022-01-24 11:03:12.510391,84.31831,84.751,85.88531
2022-01-24 11:03:13.008730,84.42104,84.751,85.4527
2022-01-24 11:03:13.504626,84.26632,84.699,85.4527
2022-01-24 11:03:14.002107,84.78245,84.85375,85.13885
2022-01-24 11:03:14.507884,83.54475,84.02925,85.13885
2022-01-24 11:03:15.006495,84.36905,84.751,85.37447
2022-01-24 11:03:15.503037,84.05963,84.54425,85.37447
2022-01-24 11:03:16.001557,84.31831,84.54425,85.7675
2022-01-24 11:03:16.510525,83.64747,84.33875,85.7675
2022-01-24 11:03:17.007872,84.42104,84.59625,85.7675
2022-01-24 11:03:17.504214,84.1636,84.59625,85.7675
2022-01-24 11:03:18.003138,84.26632,84.4935,85.53187
2022-01-24 11:03:18.509720,84.31831,84.4935,85.53187
2022-01-24 11:03:19.007008,83.44078,84.02925,86.23875
2022-01-24 11:03:19.503894,84.1636,84.3895,86.23875
2022-01-24 11:03:20.003129,83.9569,84.803,85.25666
2022-01-24 11:03:20.510271,83.64747,83.97725,85.25666
2022-01-24 11:03:21.505156,83.90492,84.28675,85.96354
2022-01-24 11:03:22.004391,84.31831,84.4415,86.43479
2022-01-24 11:03:22.501128,84.00888,84.4935,86.43479
2022-01-24 11:03:23.010257,84.11161,84.28675,86.27739
2022-01-24 11:03:23.505913,83.7502,84.54425,86.27739
2022-01-24 11:03:24.004481,84.31831,84.64825,85.06062
2022-01-24 11:03:24.509951,84.11161,84.23475,85.06062
2022-01-24 11:03:25.007965,84.26632,84.4935,85.84572
2022-01-24 11:03:25.502634,84.00888,84.3895,85.84572
2022-01-24 11:03:26.002728,84.21434,84.699,85.37447
2022-01-24 11:03:26.510319,83.9569,84.132,85.37447
2022-01-24 11:03:27.007955,84.05963,84.64825,85.37447
2022-01-24 11:03:27.507730,84.42104,84.699,85.37447
2022-01-24 11:03:28.007083,84.11161,84.59625,85.6101
2022-01-24 11:03:28.505681,83.80219,84.33875,85.6101
2022-01-24 11:03:29.011138,84.36905,84.64825,85.84572
2022-01-24 11:03:29.506496,83.59549,83.92525,85.84572
2022-01-24 11:03:30.006055,84.83319,85.0605,85.96354
2022-01-24 11:03:30.502101,83.33805,83.8225,85.96354
2022-01-24 11:03:31.009125,84.42104,84.64825,85.64968
2022-01-24 11:03:31.506006,83.85417,84.54425,85.64968
2022-01-24 11:03:32.004460,84.21434,84.59625,85.72791
2022-01-24 11:03:32.501824,84.62773,84.85375,85.72791
2022-01-24 11:03:33.009872,83.64747,84.08,85.6101
2022-01-24 11:03:33.506582,84.73046,84.90575,85.6101
2022-01-24 11:03:34.004036,83.80219,84.184,85.80614
2022-01-24 11:03:34.511303,84.42104,84.64825,85.80614
2022-01-24 11:03:35.011043,83.80219,83.8745,85.53187
2022-01-24 11:03:35.507307,83.9569,84.59625,85.53187
2022-01-24 11:03:36.005813,84.62773,84.85375,85.41406
2022-01-24 11:03:36.501641,84.00888,84.4415,85.41406
2022-01-24 11:03:37.009239,84.05963,84.184,85.53187
2022-01-24 11:03:37.505104,83.90492,84.33875,85.53187
2022-01-24 11:03:38.003916,84.21434,84.3895,85.41406
2022-01-24 11:03:38.509132,84.05963,84.699,85.41406
2022-01-24 11:03:39.008924,84.1636,84.59625,85.53187
2022-01-24 11:03:39.505822,83.90492,84.08,85.53187
2022-01-24 11:03:40.006198,84.00888,84.28675,85.92395
2022-01-24 11:03:40.502768,84.36905,84.54425,85.92395
2022-01-24 11:03:41.002905,83.90492,84.3895,85.25666
2022-01-24 11:03:41.509089,84.36905,84.64825,85.25666
2022-01-24 11:03:42.010212,83.90492,84.33875,85.96354
2022-01-24 11:03:42.505805,84.83319,84.90575,85.96354
2022-01-24 11:03:43.005427,84.11161,84.28675,86.23875
2022-01-24 11:03:43.507378,84.31831,84.59625,86.23875
2022-01-24 11:03:44.009420,83.80219,83.97725,85.96354
2022-01-24 11:03:44.505298,84.1636,84.699,85.96354
2022-01-24 11:03:45.009483,83.90492,83.97725,85.41406
2022-01-24 11:03:45.505646,84.00888,84.751,85.41406
2022-01-24 11:03:46.004285,84.11161,84.4935,85.53187
2022-01-24 11:03:46.509985,84.21434,84.4415,85.53187
2022-01-24 11:03:47.007936,84.57575,84.699,86.00312
2022-01-24 11:03:47.503660,83.80219,83.92525,86.00312
2022-01-24 11:03:48.003237,84.11161,84.803,85.4527
2022-01-24 11:03:48.502307,83.7502,84.08,85.4527
2022-01-24 11:03:49.010965,83.80219,84.3895,85.88531
2022-01-24 11:03:49.506716,84.31831,84.54425,85.88531
2022-01-24 11:03:50.005267,83.64747,84.28675,85.6101
2022-01-24 11:03:50.502495,84.36905,84.699,85.6101
2022-01-24 11:03:51.001262,84.31831,84.33875,86.19916
2022-01-24 11:03:51.507534,83.69946,84.23475,86.19916
2022-01-24 11:03:52.006700,84.47302,84.64825,84.6676
2022-01-24 11:03:52.501203,84.00888,84.803,84.6676
2022-01-24 11:03:53.010452,83.90492,84.59625,85.68833
2022-01-24 11:03:53.505745,83.90492,84.54425,85.68833
2022-01-24 11:03:54.004231,83.9569,84.08,85.09926
2022-01-24 11:03:54.510090,84.67848,84.751,85.09926
2022-01-24 11:03:55.008068,84.11161,84.4415,85.25666
2022-01-24 11:03:55.503724,83.9569,84.02925,85.25666
2022-01-24 11:03:56.002465,84.00888,84.4935,85.53187
2022-01-24 11:03:56.508171,84.26632,84.59625,85.53187
2022-01-24 11:03:57.006564,84.11161,85.0085,85.88531
2022-01-24 11:03:57.503177,83.9569,84.132,85.88531
2022-01-24 11:03:58.006163,84.31831,84.54425,85.02104
2022-01-24 11:03:58.501274,84.00888,84.28675,85.02104
2022-01-24 11:03:59.010506,84.67848,84.85375,85.25666
2022-01-24 11:03:59.506612,83.7502,84.28675,85.25666
2022-01-24 11:04:00.004930,83.90492,84.132,85.53187
2022-01-24 11:04:00.501354,83.64747,84.23475,85.53187
2022-01-24 11:04:01.010970,84.62773,85.0085,85.84572
2022-01-24 11:04:01.509411,84.11161,84.3895,85.84572
2022-01-24 11:04:02.008212,84.36905,84.64825,86.08135
2022-01-24 11:04:02.503196,84.00888,84.132,86.08135
2022-01-24 11:04:03.010983,84.42104,84.85375,85.29625
2022-01-24 11:04:03.502236,84.26632,84.64825,85.29625
2022-01-24 11:04:04.004426,83.49276,84.28675,85.88531
2022-01-24 11:04:04.502303,84.26632,84.28675,85.88531
2022-01-24 11:04:05.004929,83.90492,84.3895,85.72791
2022-01-24 11:04:05.505775,84.47302,84.90575,85.72791
2022-01-24 11:04:06.009716,83.9569,84.02925,85.4527
2022-01-24 11:04:06.509731,84.21434,84.90575,85.4527
2022-01-24 11:04:07.002763,84.00888,84.33875,85.06062
2022-01-24 11:04:07.503170,84.31831,84.90575,85.06062
2022-01-24 11:04:08.003631,84.11161,84.4935,86.27739
2022-01-24 11:04:08.508367,84.11161,84.132,86.27739
2022-01-24 11:04:09.007866,84.73046,85.16325,85.06062
2022-01-24 11:04:09.504057,83.7502,83.7705,85.06062
2022-01-24 11:04:10.003012,84.11161,84.54425,86.35656
2022-01-24 11:04:10.505668,84.05963,84.28675,86.35656
2022-01-24 11:04:11.010547,84.21434,84.803,85.6101
2022-01-24 11:04:11.507424,84.47302,84.3895,85.6101
2022-01-24 11:04:12.004966,83.44078,84.08,85.92395
2022-01-24 11:04:12.510216,84.26632,84.751,85.92395
2022-01-24 11:04:13.008446,84.11161,84.3895,85.25666
2022-01-24 11:04:13.504623,84.21434,84.699,85.25666
2022-01-24 11:04:14.004560,84.00888,84.02925,85.84572
2022-01-24 11:04:14.510387,83.9569,84.54425,85.84572
2022-01-24 11:04:15.010116,84.26632,84.699,85.13885
2022-01-24 11:04:15.506171,84.00888,84.54425,85.13885
2022-01-24 11:04:16.003141,83.9569,84.08,86.19916
2022-01-24 11:04:16.510020,84.31831,84.59625,86.19916
2022-01-24 11:04:17.009785,83.90492,84.4415,85.64968
2022-01-24 11:04:17.506322,84.1636,84.64825,85.64968
2022-01-24 11:04:18.004040,83.9569,84.59625,85.68833
2022-01-24 11:04:18.505228,84.05963,84.28675,85.68833
2022-01-24 11:04:19.003493,84.31831,84.803,85.37447
2022-01-24 11:04:19.503403,83.69946,83.97725,85.37447
2022-01-24 11:04:20.003491,84.62773,85.0085,84.94281
2022-01-24 11:04:20.509494,83.80219,83.92525,84.94281
2022-01-24 11:04:21.008076,84.26632,84.4935,85.7675
2022-01-24 11:04:21.504487,84.11161,84.85375,85.7675
2022-01-24 11:04:22.002332,84.05963,84.3895,85.96354
2022-01-24 11:04:22.507312,84.21434,84.64825,85.96354
2022-01-24 11:04:23.005571,84.1636,84.33875,85.06062
2022-01-24 11:04:23.510907,84.62773,84.751,85.06062
2022-01-24 11:04:24.009669,84.36905,84.751,85.33489
2022-01-24 11:04:24.505884,83.90492,83.8225,85.33489
2022-01-24 11:04:25.004462,83.85417,84.4415,85.84572
2022-01-24 11:04:25.510769,84.47302,84.699,85.84572
2022-01-24 11:04:26.010265,83.64747,84.3895,85.4527
2022-01-24 11:04:26.504644,83.9569,84.132,85.4527
2022-01-24 11:04:27.003197,83.90492,84.59625,86.19916
2022-01-24 11:04:27.508777,84.31831,84.3895,86.19916
2022-01-24 11:04:28.009088,84.57575,84.54425,85.88531
2022-01-24 11:04:28.505962,83.64747,84.23475,85.88531
2022-01-24 11:04:29.003459,84.21434,84.4935,85.57051
2022-01-24 11:04:29.509299,84.1636,84.59625,85.57051
2022-01-24 11:04:30.007996,84.31831,84.751,85.6101
2022-01-24 11:04:30.503316,83.13135,83.66775,85.6101
2022-01-24 11:04:31.002348,84.83319,85.1125,85.13885
2022-01-24 11:04:31.510203,84.00888,84.02925,85.13885
2022-01-24 11:04:32.007705,84.52377,84.95775,85.68833
2022-01-24 11:04:32.504686,83.90492,84.02925,85.68833
2022-01-24 11:04:33.004819,83.90492,84.4935,85.72791
2022-01-24 11:04:33.505543,84.47302,84.803,85.72791
2022-01-24 11:04:34.004463,83.39003,84.08,85.13885
2022-01-24 11:04:34.511092,84.26632,84.59625,85.13885
2022-01-24 11:04:35.001453,83.90492,84.132,85.72791
2022-01-24 11:04:35.506634,84.21434,84.4935,85.72791
2022-01-24 11:04:36.004437,84.26632,84.64825,85.25666
2022-01-24 11:04:36.509835,83.7502,84.23475,85.25666
2022-01-24 11:04:37.010971,84.21434,84.59625,85.88531
2022-01-24 11:04:37.506595,83.64747,84.3895,85.88531
2022-01-24 11:04:38.006341,84.36905,84.699,85.72791
2022-01-24 11:04:38.504800,84.00888,84.184,85.72791
2022-01-24 11:04:39.002224,84.05963,84.3895,85.7675
2022-01-24 11:04:39.509646,84.11161,84.3895,85.7675
2022-01-24 11:04:40.007749,84.05963,84.803,85.41406
2022-01-24 11:04:40.502938,84.26632,84.4415,85.41406
2022-01-24 11:04:41.002369,84.21434,84.699,85.4527
2022-01-24 11:04:41.501060,83.80219,84.28675,85.4527
2022-01-24 11:04:42.009532,84.05963,84.699,85.09926
2022-01-24 11:04:42.505526,84.42104,84.54425,85.09926
2022-01-24 11:04:43.003833,84.42104,84.4935,85.29625
2022-01-24 11:04:43.509183,83.9569,84.4415,85.29625
2022-01-24 11:04:44.007863,83.69946,84.33875,85.88531
2022-01-24 11:04:44.503957,84.57575,84.803,85.88531
2022-01-24 11:04:45.002767,83.9569,84.23475,85.49229
2022-01-24 11:04:45.509032,84.00888,84.54425,85.49229
2022-01-24 11:04:46.008689,83.9569,84.4415,85.92395
2022-01-24 11:04:46.504555,84.36905,84.4935,85.92395
2022-01-24 11:04:47.005115,84.1636,84.699,85.37447
2022-01-24 11:04:47.502121,84.42104,84.59625,85.37447
2022-01-24 11:04:48.001801,83.80219,84.23475,85.64968
2022-01-24 11:04:48.507622,84.31831,84.803,85.64968
2022-01-24 11:04:49.007284,83.64747,84.02925,85.88531
2022-01-24 11:04:49.502660,84.21434,84.4935,85.88531
2022-01-24 11:04:50.002794,84.36905,84.59625,85.7675
2022-01-24 11:04:50.510531,83.7502,84.3895,85.7675
2022-01-24 11:04:51.010774,84.1636,84.4415,85.29625
2022-01-24 11:04:51.505276,83.85417,84.23475,85.29625
2022-01-24 11:04:52.004314,84.52377,84.751,85.37447
2022-01-24 11:04:52.510143,83.7502,84.184,85.37447
2022-01-24 11:04:53.008001,84.11161,84.4415,85.25666
2022-01-24 11:04:53.503271,84.11161,84.23475,85.25666
2022-01-24 11:04:54.002902,84.21434,84.95775,85.06062
2022-01-24 11:04:54.509008,84.05963,84.3895,85.06062
2022-01-24 11:04:55.007110,83.59549,83.97725,86.23875
2022-01-24 11:04:55.503244,84.47302,84.699,86.23875
2022-01-24 11:04:56.001892,83.44078,83.7705,85.92395
2022-01-24 11:04:56.508478,85.09187,85.37,85.92395
2022-01-24 11:04:57.005357,83.59549,84.08,85.68833
2022-01-24 11:04:57.510965,84.11161,84.54425,85.68833
2022-01-24 11:04:58.009097,84.57575,84.699,85.33489
2022-01-24 11:04:58.505907,84.05963,84.54425,85.33489
2022-01-24 11:04:59.004702,84.47302,84.751,85.84572
2022-01-24 11:04:59.505874,83.49276,83.8745,85.84572
2022-01-24 11:05:00.004898,84.26632,84.4415,85.41406
2022-01-24 11:05:00.510205,84.47302,84.64825,85.41406
2022-01-24 11:05:01.009046,84.62773,85.1125,85.41406
2022-01-24 11:05:01.505368,83.80219,83.97725,85.41406
2022-01-24 11:05:02.003863,84.00888,84.59625,85.49229
2022-01-24 11:05:02.510299,84.00888,84.184,85.49229
2022-01-24 11:05:03.009227,84.67848,84.90575,86.23875
2022-01-24 11:05:03.505772,83.90492,84.23475,86.23875
2022-01-24 11:05:04.005262,83.54475,83.97725,85.53187
2022-01-24 11:05:04.510750,84.42104,84.751,85.53187
2022-01-24 11:05:05.008662,84.05963,84.28675,85.06062
2022-01-24 11:05:05.503990,83.9569,84.28675,85.06062
2022-01-24 11:05:06.002964,83.9569,84.08,232.67968
2022-01-24 11:05:06.509550,83.69946,84.132,232.67968
2022-01-24 11:05:07.008430,84.42104,84.4935,221.36968
2022-01-24 11:05:07.503489,83.9569,84.4415,221.36968
2022-01-24 11:05:08.002751,84.00888,84.3895,166.8225
2022-01-24 11:05:08.510839,83.90492,84.184,166.8225
2022-01-24 11:05:09.009649,84.57575,84.85375,96.64489
2022-01-24 11:05:09.504879,84.00888,83.8745,96.64489
2022-01-24 11:05:10.003786,83.9569,84.4935,89.96916
2022-01-24 11:05:10.509560,83.7502,84.184,89.96916
2022-01-24 11:05:11.003661,83.7502,84.23475,92.0502
2022-01-24 11:05:11.510648,84.11161,84.28675,92.0502
2022-01-24 11:05:12.008658,84.36905,84.54425,87.69114
2022-01-24 11:05:12.504580,84.05963,84.64825,87.69114
2022-01-24 11:05:13.004260,84.47302,84.59625,87.3377
2022-01-24 11:05:13.510348,83.90492,84.23475,87.3377
2022-01-24 11:05:14.010750,84.52377,84.85375,86.27739
2022-01-24 11:05:14.506385,83.90492,84.3895,86.27739
2022-01-24 11:05:15.004835,84.05963,84.59625,86.15958
2022-01-24 11:05:15.510714,84.00888,84.02925,86.15958
2022-01-24 11:05:16.009451,84.11161,84.3895,85.57051
2022-01-24 11:05:16.504542,84.42104,84.699,85.57051
2022-01-24 11:05:17.001919,84.21434,84.90575,86.78822
2022-01-24 11:05:17.510621,84.05963,84.33875,86.78822
2022-01-24 11:05:18.010973,83.90492,84.4935,86.27739
2022-01-24 11:05:18.506513,84.57575,84.803,86.27739
2022-01-24 11:05:19.003691,83.80219,84.4415,85.64968
2022-01-24 11:05:19.509881,84.42104,84.803,85.64968
2022-01-24 11:05:20.007421,84.1636,84.33875,85.68833
2022-01-24 11:05:20.503299,83.9569,84.184,85.68833
2022-01-24 11:05:21.001648,84.78245,85.1125,86.15958
2022-01-24 11:05:21.509009,83.69946,84.08,86.15958
2022-01-24 11:05:22.008556,84.21434,84.59625,86.74864
2022-01-24 11:05:22.503021,83.54475,84.02925,86.74864
2022-01-24 11:05:23.000965,84.52377,84.85375,85.7675
2022-01-24 11:05:23.505822,84.1636,84.33875,85.7675
2022-01-24 11:05:24.007577,84.1636,84.4935,85.68833
2022-01-24 11:05:24.503747,83.90492,84.184,85.68833
2022-01-24 11:05:25.002484,84.1636,84.4935,85.4527
2022-01-24 11:05:25.509095,84.52377,85.0605,85.4527
2022-01-24 11:05:26.007940,83.39003,83.7705,85.6101
2022-01-24 11:05:26.503741,84.47302,84.90575,85.6101
2022-01-24 11:05:27.002351,83.80219,84.132,85.72791
2022-01-24 11:05:27.508464,84.62773,84.90575,85.72791
2022-01-24 11:05:28.008304,84.00888,84.23475,86.63083
2022-01-24 11:05:28.502214,83.90492,84.184,86.63083
2022-01-24 11:05:29.010818,84.42104,84.699,85.4527
2022-01-24 11:05:29.505301,84.21434,84.59625,85.4527
2022-01-24 11:05:30.003659,83.9569,84.3895,85.41406
2022-01-24 11:05:30.509855,83.80219,84.33875,85.41406
2022-01-24 11:05:31.007907,84.42104,84.59625,85.72791
2022-01-24 11:05:31.503370,84.11161,84.28675,85.72791
2022-01-24 11:05:32.002391,84.57575,85.0605,84.94281
2022-01-24 11:05:32.504344,83.85417,84.28675,84.94281
2022-01-24 11:05:33.003985,83.9569,84.4935,86.19916
2022-01-24 11:05:34.005646,83.64747,84.132,85.84572
2022-01-24 11:05:34.501837,84.62773,84.85375,85.84572
2022-01-24 11:05:35.010200,83.85417,84.23475,85.92395
2022-01-24 11:05:35.507119,83.9569,84.33875,85.92395
2022-01-24 11:05:36.005442,84.31831,84.54425,85.72791
2022-01-24 11:05:36.501928,84.1636,84.59625,85.72791
2022-01-24 11:05:37.010214,84.11161,84.803,85.53187
2022-01-24 11:05:37.507931,83.85417,84.59625,85.53187
2022-01-24 11:05:38.004907,84.1636,84.3895,85.84572
2022-01-24 11:05:38.501191,84.52377,84.59625,85.84572
2022-01-24 11:05:39.010887,83.7502,84.132,86.31697
2022-01-24 11:05:39.507853,84.1636,84.54425,86.31697
2022-01-24 11:05:40.009377,83.85417,84.23475,85.37447
2022-01-24 11:05:40.505124,84.36905,84.803,85.37447
2022-01-24 11:05:41.004692,83.64747,84.23475,86.35656
2022-01-24 11:05:41.511042,84.57575,84.90575,86.35656
2022-01-24 11:05:42.009716,84.00888,84.184,86.15958
2022-01-24 11:05:42.505260,84.31831,84.54425,86.15958
2022-01-24 11:05:43.003264,84.52377,84.751,85.4527
2022-01-24 11:05:43.509963,83.59549,84.02925,85.4527
2022-01-24 11:05:44.008054,84.36905,84.95775,85.29625
2022-01-24 11:05:44.506489,83.69946,84.23475,85.29625
2022-01-24 11:05:45.004588,84.42104,84.85375,86.12093
2022-01-24 11:05:45.509943,83.9569,84.33875,86.12093
2022-01-24 11:05:46.007715,84.21434,84.33875,85.25666
2022-01-24 11:05:46.504003,84.42104,84.3895,85.25666
2022-01-24 11:05:47.002865,83.80219,84.23475,85.57051
2022-01-24 11:05:47.508568,84.36905,84.751,85.57051
2022-01-24 11:05:48.007171,83.90492,84.4935,85.6101
2022-01-24 11:05:48.504309,84.36905,84.751,85.6101
2022-01-24 11:05:49.004961,83.54475,84.02925,85.57051
2022-01-24 11:05:49.510159,84.73046,84.90575,85.57051
2022-01-24 11:05:50.007840,84.21434,84.3895,85.6101
2022-01-24 11:05:50.503962,84.00888,84.4415,85.6101
2022-01-24 11:05:51.002386,84.11161,84.3895,86.3952
2022-01-24 11:05:51.508516,84.05963,84.64825,86.3952
2022-01-24 11:05:52.006776,84.26632,84.85375,85.29625
2022-01-24 11:05:52.503149,83.54475,84.132,85.29625
2022-01-24 11:05:53.002791,84.42104,84.751,86.12093
2022-01-24 11:05:53.509487,84.05963,84.184,86.12093
2022-01-24 11:05:54.008432,84.83319,85.21525,85.72791
2022-01-24 11:05:54.504534,83.69946,83.97725,85.72791
2022-01-24 11:05:55.002750,84.42104,84.803,85.72791
2022-01-24 11:05:55.508799,84.00888,84.3895,85.72791
2022-01-24 11:05:56.007517,83.64747,84.28675,85.80614
2022-01-24 11:05:56.504002,84.42104,84.59625,85.80614
2022-01-24 11:05:57.002789,83.90492,84.33875,85.88531
2022-01-24 11:05:57.510198,84.31831,84.64825,85.88531
2022-01-24 11:05:58.009560,84.21434,84.54425,86.51301
2022-01-24 11:05:58.504777,84.00888,84.59625,86.51301
2022-01-24 11:05:59.005346,84.36905,84.64825,85.72791
2022-01-24 11:05:59.502784,83.49276,84.08,85.72791
2022-01-24 11:06:00.001933,84.42104,84.803,85.02104
2022-01-24 11:06:00.508380,84.52377,84.90575,85.02104
2022-01-24 11:06:01.006867,83.90492,84.132,85.88531
2022-01-24 11:06:01.505003,84.05963,84.4415,85.88531
2022-01-24 11:06:02.003136,84.05963,84.59625,85.41406
2022-01-24 11:06:02.507557,84.47302,84.90575,85.41406
2022-01-24 11:06:03.007187,84.36905,84.90575,85.64968
2022-01-24 11:06:03.503291,83.33805,83.71975,85.64968
2022-01-24 11:06:04.002503,83.90492,84.4415,85.29625
2022-01-24 11:06:04.508026,84.36905,84.59625,85.29625
2022-01-24 11:06:05.007467,84.42104,84.751,85.80614
2022-01-24 11:06:05.503458,83.54475,83.92525,85.80614
2022-01-24 11:06:06.003733,84.11161,84.803,85.41406
2022-01-24 11:06:06.509977,83.69946,84.184,85.41406
2022-01-24 11:06:07.002378,84.36905,84.699,86.15958
2022-01-24 11:06:07.507399,84.11161,84.59625,86.15958
2022-01-24 11:06:08.005928,83.64747,83.97725,85.37447
2022-01-24 11:06:08.502321,84.73046,85.0085,85.37447
2022-01-24 11:06:09.001083,83.64747,83.92525,85.57051
2022-01-24 11:06:09.508538,84.42104,85.0605,85.57051
2022-01-24 11:06:10.007939,83.85417,84.28675,86.23875
2022-01-24 11:06:10.510519,84.21434,84.4935,86.23875
2022-01-24 11:06:11.005276,83.80219,84.3895,85.64968
2022-01-24 11:06:11.501557,84.21434,84.54425,85.64968
2022-01-24 11:06:12.010138,84.26632,84.54425,85.4527
2022-01-24 11:06:12.504990,83.90492,84.3895,85.4527
2022-01-24 11:06:13.003802,84.11161,84.4935,85.41406
2022-01-24 11:06:13.501799,83.85417,84.33875,85.41406
2022-01-24 11:06:14.002712,84.67848,84.90575,85.29625
2022-01-24 11:06:14.501327,83.54475,84.28675,85.29625
2022-01-24 11:06:15.010279,83.90492,84.08,86.00312
2022-01-24 11:06:15.506800,84.31831,84.4415,86.00312
2022-01-24 11:06:16.010996,84.36905,84.59625,85.33489
2022-01-24 11:06:16.507226,84.1636,84.751,85.33489
2022-01-24 11:06:17.006578,83.85417,84.28675,86.19916
2022-01-24 11:06:17.504610,84.05963,84.3895,86.19916
2022-01-24 11:06:18.008879,83.80219,84.33875,85.6101
2022-01-24 11:06:18.506331,84.78245,85.0605,85.6101
2022-01-24 11:06:19.004583,83.44078,83.7705,86.3952
2022-01-24 11:06:19.501550,84.52377,84.33875,86.3952
2022-01-24 11:06:20.009940,83.9569,84.3895,85.29625
2022-01-24 11:06:20.505485,84.1636,84.59625,85.29625
2022-01-24 11:06:21.004482,84.67848,85.16325,85.96354
2022-01-24 11:06:21.510991,83.39003,83.92525,85.96354
2022-01-24 11:06:22.010704,84.47302,84.64825,86.27739
2022-01-24 11:06:22.508407,83.85417,84.3895,86.27739
2022-01-24 11:06:23.007341,84.31831,84.59625,85.80614
2022-01-24 11:06:23.503555,84.42104,84.54425,85.80614
2022-01-24 11:06:24.002898,83.49276,84.02925,86.00312
2022-01-24 11:06:24.508378,84.52377,84.751,86.00312
2022-01-24 11:06:25.006703,84.52377,84.95775,85.84572
2022-01-24 11:06:25.502720,83.64747,84.132,85.84572
2022-01-24 11:06:26.001136,83.9569,84.699,86.47437
2022-01-24 11:06:26.507074,84.00888,84.184,86.47437
2022-01-24 11:06:27.005307,84.88517,85.21525,85.84572
2022-01-24 11:06:27.501704,84.00888,84.4415,85.84572
2022-01-24 11:06:28.010339,84.05963,84.4415,86.12093
2022-01-24 11:06:28.507584,83.7502,83.97725,86.12093
2022-01-24 11:06:29.004968,84.42104,84.803,85.92395
2022-01-24 11:06:29.501777,83.9569,84.4935,85.92395
2022-01-24 11:06:30.001393,83.90492,84.08,85.84572
2022-01-24 11:06:30.507142,84.47302,84.751,85.84572
2022-01-24 11:06:31.004777,83.7502,84.23475,86.00312
2022-01-24 11:06:31.510700,84.73046,84.90575,86.00312
2022-01-24 11:06:32.008474,84.11161,84.4935,85.41406
2022-01-24 11:06:32.503253,83.90492,84.33875,85.41406
2022-01-24 11:06:33.003259,83.64747,84.4935,85.92395
2022-01-24 11:06:33.510511,84.11161,84.23475,85.92395
2022-01-24 11:06:34.002052,84.83319,85.1125,85.4527
2022-01-24 11:06:34.507609,83.85417,84.132,85.4527
2022-01-24 11:06:35.006321,84.42104,84.90575,86.51301
2022-01-24 11:06:35.501402,83.64747,83.92525,86.51301
2022-01-24 11:06:36.002032,84.73046,84.85375,85.29625
2022-01-24 11:06:36.509702,83.64747,84.3895,85.29625
2022-01-24 11:06:37.008649,84.21434,84.54425,86.00312
2022-01-24 11:06:37.505214,83.59549,84.08,86.00312
2022-01-24 11:06:38.003381,84.42104,84.699,86.12093
2022-01-24 11:06:38.509040,84.42104,84.699,86.12093
2022-01-24 11:06:39.007840,83.69946,84.4415,85.57051
2022-01-24 11:06:39.505269,84.1636,84.23475,85.57051
2022-01-24 11:06:40.001549,83.59549,83.97725,85.6101
2022-01-24 11:06:40.508999,84.83319,85.0605,85.6101
2022-01-24 11:06:41.006406,83.39003,84.132,85.37447
2022-01-24 11:06:41.504179,84.57575,84.90575,85.37447
2022-01-24 11:06:42.003454,83.7502,84.132,85.41406
2022-01-24 11:06:42.508860,84.11161,84.4935,85.41406
2022-01-24 11:06:43.007143,84.67848,84.95775,86.12093
2022-01-24 11:06:43.505037,83.64747,84.184,86.12093
2022-01-24 11:06:44.004962,84.62773,84.699,85.17843
2022-01-24 11:06:44.509923,83.44078,84.08,85.17843
2022-01-24 11:06:45.010210,84.57575,84.699,85.68833
2022-01-24 11:06:45.507280,84.1636,84.64825,85.68833
2022-01-24 11:06:46.006793,83.7502,84.28675,85.80614
2022-01-24 11:06:46.502708,84.47302,84.699,85.80614
2022-01-24 11:06:47.003202,83.59549,84.184,85.21708
2022-01-24 11:06:47.508527,84.62773,84.803,85.21708
2022-01-24 11:06:48.006838,83.59549,84.132,85.06062
2022-01-24 11:06:48.502614,84.11161,84.3895,85.06062
2022-01-24 11:06:49.505413,84.57575,84.90575,85.57051
2022-01-24 11:06:50.003407,83.59549,83.97725,86.08135
2022-01-24 11:06:50.508700,84.11161,84.59625,86.08135
2022-01-24 11:06:51.008413,83.9569,84.08,85.57051
2022-01-24 11:06:51.506454,84.31831,84.95775,85.57051
2022-01-24 11:06:52.004604,84.05963,84.33875,86.15958
2022-01-24 11:06:52.510202,84.21434,84.64825,86.15958
2022-01-24 11:06:53.007925,84.00888,84.33875,85.17843
2022-01-24 11:06:53.505997,84.57575,84.751,85.17843
2022-01-24 11:06:54.003849,83.9569,84.4415,85.49229
2022-01-24 11:06:54.510200,84.11161,84.28675,85.49229
2022-01-24 11:06:55.008544,83.85417,84.33875,85.84572
2022-01-24 11:06:55.505791,84.05963,84.3895,85.84572
2022-01-24 11:06:56.004005,84.21434,84.751,85.49229
2022-01-24 11:06:56.509885,84.26632,84.3895,85.49229
2022-01-24 11:06:57.007634,84.1636,84.4415,86.12093
2022-01-24 11:06:57.504071,84.11161,84.64825,86.12093
2022-01-24 11:06:58.002375,84.1636,84.4935,85.72791
2022-01-24 11:06:58.507332,84.21434,84.59625,85.72791
2022-01-24 11:06:59.004395,84.1636,84.184,85.25666
2022-01-24 11:06:59.510296,83.59549,84.4415,85.25666
2022-01-24 11:07:00.010067,84.62773,84.85375,85.64968
2022-01-24 11:07:00.508598,84.1636,84.3895,85.64968
2022-01-24 11:07:01.006839,83.90492,84.33875,85.64968
2022-01-24 11:07:01.503584,84.00888,84.3895,85.64968
2022-01-24 11:07:02.011071,83.80219,84.3895,85.09926
2022-01-24 11:07:02.508451,84.47302,84.699,85.09926
2022-01-24 11:07:03.007480,83.64747,84.28675,85.49229
2022-01-24 11:07:03.503925,84.26632,84.699,85.49229
2022-01-24 11:07:04.004610,84.26632,84.4415,85.17843
2022-01-24 11:07:04.510455,84.1636,84.54425,85.17843
2022-01-24 11:07:05.009216,84.36905,84.54425,85.92395
2022-01-24 11:07:05.505248,83.69946,84.08,85.92395
2022-01-24 11:07:06.003652,84.42104,84.90575,85.6101
2022-01-24 11:07:06.510279,83.33805,84.184,85.6101
2022-01-24 11:07:07.010938,84.36905,84.64825,85.53187
2022-01-24 11:07:07.507475,84.05963,84.23475,85.53187
2022-01-24 11:07:08.006486,84.1636,84.4415,85.41406
2022-01-24 11:07:08.503954,84.21434,84.28675,85.41406
2022-01-24 11:07:09.002081,84.1636,84.59625,86.15958
2022-01-24 11:07:09.509000,84.31831,84.4415,86.15958
2022-01-24 11:07:10.007162,84.00888,84.751,85.4527
2022-01-24 11:07:10.502601,83.7502,84.23475,85.4527
2022-01-24 11:07:11.005846,84.11161,84.4415,86.19916
2022-01-24 11:07:11.502238,84.36905,84.64825,86.19916
2022-01-24 11:07:12.010261,83.9569,84.33875,85.7675
2022-01-24 11:07:12.507203,84.05963,84.64825,85.7675
2022-01-24 11:07:13.008396,83.85417,83.97725,86.19916
2022-01-24 11:07:13.503948,84.31831,84.90575,86.19916
2022-01-24 11:07:14.004045,84.21434,84.33875,86.00312
2022-01-24 11:07:14.509196,83.9569,84.59625,86.00312
2022-01-24 11:07:15.007247,84.1636,84.4415,86.51301
2022-01-24 11:07:15.505128,84.47302,84.54425,86.51301
2022-01-24 11:07:16.003921,84.42104,84.90575,85.29625
2022-01-24 11:07:16.511240,83.69946,83.8225,85.29625
2022-01-24 11:07:17.010039,84.11161,84.64825,85.41406
2022-01-24 11:07:17.505393,84.21434,84.23475,85.41406
2022-01-24 11:07:18.004233,84.31831,85.1125,85.64968
2022-01-24 11:07:18.510494,84.1636,84.33875,85.64968
2022-01-24 11:07:19.008661,83.90492,83.8745,86.08135
2022-01-24 11:07:19.503718,84.36905,84.85375,86.08135
2022-01-24 11:07:20.003031,84.05963,84.28675,86.00312
2022-01-24 11:07:20.509789,84.36905,84.64825,86.00312
2022-01-24 11:07:21.008465,83.69946,83.92525,85.41406
2022-01-24 11:07:21.505813,83.80219,84.4935,85.41406
2022-01-24 11:07:22.004285,84.11161,84.33875,85.4527
2022-01-24 11:07:22.510630,84.42104,84.85375,85.4527
2022-01-24 11:07:23.003229,83.9569,84.33875,85.88531
2022-01-24 11:07:23.502859,84.11161,84.132,85.88531
2022-01-24 11:07:24.010787,83.69946,84.23475,85.17843
2022-01-24 11:07:24.506481,84.73046,84.90575,85.17843
2022-01-24 11:07:25.004616,83.85417,84.4935,85.6101
2022-01-24 11:07:25.510735,83.9569,84.184,85.6101
2022-01-24 11:07:26.008829,84.00888,84.4415,85.88531
2022-01-24 11:07:26.504180,84.00888,84.4935,85.88531
2022-01-24 11:07:27.004502,84.47302,84.803,85.53187
2022-01-24 11:07:27.501706,83.54475,83.97725,85.53187
2022-01-24 11:07:28.001115,83.59549,83.8225,86.86645
2022-01-24 11:07:28.508375,84.47302,84.90575,86.86645
2022-01-24 11:07:29.008432,84.05963,84.4415,237.54864
2022-01-24 11:07:29.506011,84.47302,84.64825,237.54864
2022-01-24 11:07:30.003438,83.85417,83.71975,215.95031
2022-01-24 11:07:30.510728,84.36905,84.4415,215.95031
2022-01-24 11:07:31.009205,83.85417,84.28675,130.57489
2022-01-24 11:07:31.506018,84.26632,84.33875,130.57489
2022-01-24 11:07:32.004477,83.90492,84.4935,94.83906
2022-01-24 11:07:32.502027,83.80219,84.08,94.83906
2022-01-24 11:07:33.010918,83.7502,84.33875,92.28583
2022-01-24 11:07:33.506533,84.62773,84.751,92.28583
2022-01-24 11:07:34.004579,84.21434,84.184,87.84854
2022-01-24 11:07:34.502611,83.9569,84.4415,87.84854
2022-01-24 11:07:35.002162,84.21434,84.4935,87.25947
2022-01-24 11:07:35.508009,84.00888,84.699,87.25947
2022-01-24 11:07:36.008471,84.52377,84.699,85.88531
2022-01-24 11:07:36.503717,83.64747,84.54425,85.88531
2022-01-24 11:07:37.005034,83.90492,83.97725,86.47437
2022-01-24 11:07:37.501721,84.31831,84.4415,86.47437
2022-01-24 11:07:38.009604,84.31831,84.85375,86.19916
2022-01-24 11:07:38.505923,83.9569,84.23475,86.19916
2022-01-24 11:07:39.005484,84.11161,84.751,86.04176
2022-01-24 11:07:39.501215,83.69946,83.92525,86.04176
2022-01-24 11:07:40.002475,83.9569,84.64825,86.74864
2022-01-24 11:07:40.510178,84.62773,84.803,86.74864
2022-01-24 11:07:41.010289,83.85417,84.132,86.19916
2022-01-24 11:07:41.506314,84.67848,84.90575,86.19916
2022-01-24 11:07:42.005545,84.00888,84.132,85.88531
2022-01-24 11:07:42.502998,84.31831,85.0605,85.88531
2022-01-24 11:07:43.002131,84.26632,84.95775,86.12093
2022-01-24 11:07:43.507688,83.49276,84.184,86.12093
2022-01-24 11:07:44.006475,84.05963,84.23475,85.57051
2022-01-24 11:07:44.503559,84.11161,84.4935,85.57051
2022-01-24 11:07:45.002271,84.47302,84.699,85.96354
2022-01-24 11:07:45.507739,84.1636,84.4415,85.96354
2022-01-24 11:07:46.010164,83.9569,84.4935,85.13885
2022-01-24 11:07:46.505893,83.9569,84.28675,85.13885
2022-01-24 11:07:47.006716,84.47302,85.26725,86.12093
2022-01-24 11:07:47.510405,84.11161,84.33875,86.12093
2022-01-24 11:07:48.008994,83.69946,84.184,85.7675
2022-01-24 11:07:48.504497,84.11161,84.4935,85.7675
2022-01-24 11:07:49.002616,84.78245,84.803,85.09926
2022-01-24 11:07:49.507912,84.1636,84.64825,85.09926
2022-01-24 11:07:50.006231,83.9569,84.28675,86.27739
2022-01-24 11:07:50.503776,83.80219,84.33875,86.27739
2022-01-24 11:07:51.002052,84.36905,84.59625,85.25666
2022-01-24 11:07:51.507940,83.85417,84.54425,85.25666
2022-01-24 11:07:52.006839,83.90492,84.23475,86.19916
2022-01-24 11:07:52.503143,84.42104,84.4935,86.19916
2022-01-24 11:07:53.002346,83.69946,84.23475,85.41406
2022-01-24 11:07:53.509223,84.78245,85.21525,85.41406
2022-01-24 11:07:54.009154,83.69946,84.23475,85.7675
2022-01-24 11:07:55.004903,83.54475,84.184,85.84572
2022-01-24 11:07:55.505406,84.36905,84.699,85.84572
2022-01-24 11:07:56.005135,84.36905,84.59625,85.33489
2022-01-24 11:07:56.501136,84.11161,84.54425,85.33489
2022-01-24 11:07:57.009388,84.21434,84.54425,86.43479
2022-01-24 11:07:57.505425,83.69946,84.33875,86.43479
2022-01-24 11:07:58.004767,84.36905,84.699,86.23875
2022-01-24 11:07:58.510217,84.1636,84.59625,86.23875
2022-01-24 11:07:59.008201,84.00888,84.3895,86.19916
2022-01-24 11:07:59.502883,84.11161,84.23475,86.19916
2022-01-24 11:08:00.002038,84.26632,84.54425,85.06062
2022-01-24 11:08:00.509000,84.31831,84.4415,85.06062
2022-01-24 11:08:01.007172,84.11161,84.699,85.88531
2022-01-24 11:08:01.501753,84.00888,84.4415,85.88531
2022-01-24 11:08:02.010568,83.90492,84.28675,85.68833
2022-01-24 11:08:02.506768,84.52377,84.699,85.68833
2022-01-24 11:08:03.005061,83.69946,84.08,86.00312
2022-01-24 11:08:03.502616,84.47302,84.90575,86.00312
2022-01-24 11:08:04.002382,83.64747,83.565,85.80614
2022-01-24 11:08:04.508763,84.36905,85.0605,85.80614
2022-01-24 11:08:05.007994,83.90492,84.33875,85.68833
2022-01-24 11:08:05.504963,84.21434,84.64825,85.68833
2022-01-24 11:08:06.003141,84.26632,84.54425,86.71
2022-01-24 11:08:06.501078,83.69946,84.132,86.71
2022-01-24 11:08:07.009670,84.67848,84.90575,85.80614
2022-01-24 11:08:07.505198,84.26632,84.4935,85.80614
2022-01-24 11:08:08.004419,83.90492,84.4935,85.41406
2022-01-24 11:08:09.004814,84.31831,84.751,86.35656
2022-01-24 11:08:09.502393,84.21434,84.54425,86.35656
2022-01-24 11:08:10.001065,84.00888,84.4415,85.6101
2022-01-24 11:08:10.506833,84.00888,84.23475,85.6101
2022-01-24 11:08:11.002812,84.67848,84.699,85.53187
2022-01-24 11:08:11.505846,84.11161,84.699,85.53187
2022-01-24 11:08:12.007941,83.90492,84.23475,85.84572
2022-01-24 11:08:12.503116,83.69946,84.132,85.84572
2022-01-24 11:08:13.002248,84.57575,84.90575,85.21708
2022-01-24 11:08:13.509343,83.85417,84.3895,85.21708
2022-01-24 11:08:14.008321,84.57575,84.699,85.4527
2022-01-24 11:08:14.505104,83.7502,83.8745,85.4527
2022-01-24 11:08:15.003577,84.21434,84.59625,86.19916
2022-01-24 11:08:15.510500,84.52377,84.90575,86.19916
2022-01-24 11:08:16.009736,83.59549,84.02925,85.41406
2022-01-24 11:08:16.506986,84.21434,84.4415,85.41406
2022-01-24 11:08:17.004868,83.90492,84.59625,85.17843
2022-01-24 11:08:17.509907,83.90492,84.184,85.17843
2022-01-24 11:08:18.008821,84.62773,84.803,86.78822
2022-01-24 11:08:18.504690,83.85417,84.23475,86.78822
2022-01-24 11:08:19.004010,84.57575,84.803,86.12093
2022-01-24 11:08:19.510779,83.64747,84.28675,86.12093
2022-01-24 11:08:20.010345,84.47302,84.85375,85.7675
2022-01-24 11:08:20.505958,83.64747,84.132,85.7675
2022-01-24 11:08:21.004543,84.47302,84.85375,85.41406
2022-01-24 11:08:21.510743,83.59549,84.08,85.41406
2022-01-24 11:08:22.009524,84.62773,85.16325,85.6101
2022-01-24 11:08:22.507566,84.21434,84.4415,85.6101
2022-01-24 11:08:23.005960,84.1636,84.59625,85.72791
2022-01-24 11:08:23.504531,84.11161,84.33875,85.72791
2022-01-24 11:08:24.004452,83.85417,84.33875,85.13885
2022-01-24 11:08:24.510210,84.36905,84.751,85.13885
2022-01-24 11:08:25.008452,83.69946,84.02925,86.12093
2022-01-24 11:08:25.504148,84.21434,84.54425,86.12093
2022-01-24 11:08:26.002763,84.21434,84.4415,86.15958
2022-01-24 11:08:26.508933,84.52377,85.16325,86.15958
2022-01-24 11:08:27.007123,83.7502,83.92525,86.94562
2022-01-24 11:08:27.502084,84.00888,84.4415,86.94562
2022-01-24 11:08:28.004164,84.47302,84.85375,84.70718
2022-01-24 11:08:28.510561,83.39003,83.97725,84.70718
2022-01-24 11:08:29.009141,84.67848,85.1125,85.88531
2022-01-24 11:08:29.505873,84.00888,84.02925,85.88531
2022-01-24 11:08:30.003931,84.1636,84.699,85.4527
2022-01-24 11:08:30.510355,84.05963,84.28675,85.4527
2022-01-24 11:08:31.007952,83.90492,84.3895,86.00312
2022-01-24 11:08:31.503840,84.57575,84.699,86.00312
2022-01-24 11:08:32.505156,84.1636,84.54425,86.15958
2022-01-24 11:08:33.005812,84.11161,84.28675,85.21708
2022-01-24 11:08:33.503099,84.73046,85.318,85.21708
2022-01-24 11:08:34.002395,83.69946,83.8745,86.12093
2022-01-24 11:08:34.509568,84.21434,84.699,86.12093
2022-01-24 11:08:35.007698,83.90492,84.33875,86.3952
2022-01-24 11:08:35.506271,84.05963,84.54425,86.3952
2022-01-24 11:08:36.004000,84.26632,84.54425,85.13885
2022-01-24 11:08:36.501328,83.7502,84.28675,85.13885
2022-01-24 11:08:37.001098,83.9569,84.3895,85.72791
2022-01-24 11:08:37.507981,84.57575,84.95775,85.72791
2022-01-24 11:08:38.006124,83.7502,84.132,85.72791
2022-01-24 11:08:38.504120,84.47302,84.85375,85.72791
2022-01-24 11:08:39.003988,83.69946,84.08,85.53187
2022-01-24 11:08:39.509326,84.42104,84.699,85.53187
2022-01-24 11:08:40.007662,84.21434,84.85375,85.6101
2022-01-24 11:08:40.504980,84.11161,84.54425,85.6101
2022-01-24 11:08:41.004041,83.85417,84.132,85.7675
2022-01-24 11:08:41.501323,84.00888,84.4935,85.7675
2022-01-24 11:08:42.010799,84.11161,84.54425,84.58937
2022-01-24 11:08:42.508011,84.36905,84.699,84.58937
2022-01-24 11:08:43.006939,84.1636,84.33875,86.23875
2022-01-24 11:08:43.502740,83.59549,84.02925,86.23875
2022-01-24 11:08:44.001177,84.21434,84.699,85.64968
2022-01-24 11:08:44.507144,84.36905,84.54425,85.64968
2022-01-24 11:08:45.005938,83.9569,84.4415,85.64968
2022-01-24 11:08:45.502845,83.90492,84.23475,85.64968
2022-01-24 11:08:46.001468,83.80219,84.132,85.88531
2022-01-24 11:08:46.508328,84.67848,85.0605,85.88531
2022-01-24 11:08:47.005631,83.44078,84.132,85.92395
2022-01-24 11:08:47.503580,84.36905,84.85375,85.92395
2022-01-24 11:08:48.003868,83.90492,84.08,85.88531
2022-01-24 11:08:48.510482,84.47302,84.95775,85.88531
2022-01-24 11:08:49.008229,84.26632,84.64825,86.67041
2022-01-24 11:08:49.504409,84.11161,84.59625,86.67041
2022-01-24 11:08:50.002769,84.00888,84.23475,85.41406
2022-01-24 11:08:50.510993,83.64747,84.184,85.41406
2022-01-24 11:08:51.010453,84.78245,85.37,85.21708
2022-01-24 11:08:51.507543,83.7502,84.23475,85.21708
2022-01-24 11:08:52.007155,84.57575,84.85375,85.13885
2022-01-24 11:08:52.502533,83.80219,84.02925,85.13885
2022-01-24 11:08:53.002452,84.26632,84.85375,86.35656
2022-01-24 11:08:53.508407,84.31831,84.64825,86.35656
2022-01-24 11:08:54.006949,83.85417,84.184,86.15958
2022-01-24 11:08:54.503952,84.21434,84.699,86.15958
2022-01-24 11:08:55.001974,83.80219,84.28675,86.35656
2022-01-24 11:08:55.509191,84.31831,84.54425,86.35656
2022-01-24 11:08:56.006987,84.31831,84.4415,85.6101
2022-01-24 11:08:56.502795,84.00888,84.59625,85.6101
2022-01-24 11:08:57.002170,84.05963,84.33875,85.68833
2022-01-24 11:08:57.509979,84.05963,84.3895,85.68833
2022-01-24 11:08:58.002118,84.31831,84.803,85.49229
2022-01-24 11:08:58.510018,83.90492,84.4935,85.49229
2022-01-24 11:08:59.003542,84.36905,84.59625,85.7675
2022-01-24 11:08:59.501022,84.00888,84.23475,85.7675
2022-01-24 11:09:00.003922,84.57575,84.90575,86.43479
2022-01-24 11:09:01.005847,83.90492,84.4415,85.53187
2022-01-24 11:09:01.505236,83.69946,84.08,85.53187
2022-01-24 11:09:02.001059,84.1636,84.95775,86.00312
2022-01-24 11:09:02.511083,83.9569,84.23475,86.00312
2022-01-24 11:09:03.001523,84.88517,85.0085,85.80614
2022-01-24 11:09:03.510213,83.7502,84.08,85.80614
2022-01-24 11:09:04.009527,84.31831,84.4935,85.09926
2022-01-24 11:09:04.505157,84.67848,85.1125,85.09926
2022-01-24 11:09:05.003026,83.7502,84.28675,86.63083
2022-01-24 11:09:05.507887,83.69946,84.28675,86.63083
2022-01-24 11:09:06.008466,84.05963,84.4415,86.59218
2022-01-24 11:09:06.504844,84.26632,84.28675,86.59218
2022-01-24 11:09:07.002531,84.67848,85.0085,85.41406
2022-01-24 11:09:07.507405,83.90492,84.28675,85.41406
2022-01-24 11:09:08.007711,83.69946,83.97725,85.49229
2022-01-24 11:09:08.505723,84.62773,84.90575,85.49229
2022-01-24 11:09:09.003405,84.1636,84.699,86.47437
2022-01-24 11:09:09.509835,84.36905,84.699,86.47437
2022-01-24 11:09:10.007807,83.9569,84.02925,84.86364
2022-01-24 11:09:10.502261,83.80219,84.08,84.86364
2022-01-24 11:09:11.006782,84.73046,85.1125,85.29625
2022-01-24 11:09:11.503153,83.54475,84.02925,85.29625
2022-01-24 11:09:12.001246,84.05963,84.4415,85.4527
2022-01-24 11:09:12.507485,83.80219,84.33875,85.4527
2022-01-24 11:09:13.007092,84.31831,84.85375,85.53187
2022-01-24 11:09:13.503351,84.05963,84.33875,85.53187
2022-01-24 11:09:14.004169,84.36905,84.59625,86.3952
2022-01-24 11:09:14.508693,84.31831,84.33875,86.3952
2022-01-24 11:09:15.009633,83.69946,84.23475,85.29625
2022-01-24 11:09:15.505342,84.67848,85.16325,85.29625
2022-01-24 11:09:16.003478,83.49276,83.7705,85.4527
2022-01-24 11:09:16.509690,84.73046,85.0085,85.4527
2022-01-24 11:09:17.009076,83.85417,84.4935,86.00312
2022-01-24 11:09:17.506765,84.21434,84.54425,86.00312
2022-01-24 11:09:18.004673,84.36905,84.33875,85.09926
2022-01-24 11:09:18.510714,84.11161,84.33875,85.09926
2022-01-24 11:09:19.009960,84.26632,84.59625,85.6101
2022-01-24 11:09:19.504594,83.85417,84.28675,85.6101
2022-01-24 11:09:20.001315,84.31831,84.751,85.49229
2022-01-24 11:09:20.506949,84.1636,84.54425,85.49229
2022-01-24 11:09:21.004540,84.21434,84.3895,85.72791
2022-01-24 11:09:21.510688,84.05963,84.3895,85.72791
2022-01-24 11:09:22.010274,84.00888,84.28675,85.41406
2022-01-24 11:09:22.505353,84.21434,84.64825,85.41406
2022-01-24 11:09:23.003268,83.80219,84.23475,86.27739
2022-01-24 11:09:23.508777,84.26632,84.699,86.27739
2022-01-24 11:09:24.008015,83.7502,84.4935,85.13885
2022-01-24 11:09:24.503951,84.1636,84.3895,85.13885
2022-01-24 11:09:25.003270,84.26632,84.4415,86.31697
2022-01-24 11:09:25.508875,84.1636,84.4935,86.31697
2022-01-24 11:09:26.008112,84.11161,84.4415,85.64968
2022-01-24 11:09:26.505823,84.26632,84.699,85.64968
2022-01-24 11:09:27.003961,83.7502,84.08,85.80614
2022-01-24 11:09:27.501382,84.31831,84.95775,85.80614
2022-01-24 11:09:28.010416,83.64747,84.184,85.72791
2022-01-24 11:09:28.505514,84.11161,84.3895,85.72791
2022-01-24 11:09:29.004699,84.26632,84.4415,85.09926
2022-01-24 11:09:29.501192,84.31831,84.59625,85.09926
2022-01-24 11:09:30.009339,83.85417,84.33875,86.04176
2022-01-24 11:09:30.504535,84.11161,84.59625,86.04176
2022-01-24 11:09:31.004454,83.64747,84.02925,85.96354
2022-01-24 11:09:31.510264,84.57575,84.90575,85.96354
2022-01-24 11:09:32.009548,83.59549,84.184,85.64968
2022-01-24 11:09:32.505245,84.05963,84.28675,85.64968
2022-01-24 11:09:33.003354,84.67848,84.751,86.04176
2022-01-24 11:09:33.508574,83.90492,84.3895,86.04176
2022-01-24 11:09:34.007649,84.83319,85.0605,85.72791
2022-01-24 11:09:34.502322,83.28607,83.61575,85.72791
2022-01-24 11:09:35.001099,84.73046,85.16325,85.96354
2022-01-24 11:09:35.508742,83.80219,84.33875,85.96354
2022-01-24 11:09:36.007077,84.11161,84.184,86.08135
2022-01-24 11:09:36.501742,84.21434,84.33875,86.08135
2022-01-24 11:09:37.009690,83.80219,84.23475,84.98145
2022-01-24 11:09:37.506815,84.93716,85.422,84.98145
2022-01-24 11:09:38.006674,83.33805,83.97725,85.49229
2022-01-24 11:09:38.511054,84.57575,84.85375,85.49229
2022-01-24 11:09:39.011271,83.39003,83.8745,85.96354
2022-01-24 11:09:39.508082,84.52377,84.803,85.96354
2022-01-24 11:09:40.006705,84.47302,84.64825,85.37447
2022-01-24 11:09:40.502671,83.90492,84.08,85.37447
2022-01-24 11:09:41.001205,84.62773,84.95775,85.33489
2022-01-24 11:09:41.509128,83.54475,84.184,85.33489
2022-01-24 11:09:42.006852,84.52377,85.0085,85.88531
2022-01-24 11:09:42.501024,83.44078,84.02925,85.88531
2022-01-24 11:09:43.010884,84.36905,84.64825,85.64968
2022-01-24 11:09:43.507115,84.1636,84.3895,85.64968
2022-01-24 11:09:44.005970,84.36905,84.64825,85.21708
2022-01-24 11:09:44.502354,84.31831,84.751,85.21708
2022-01-24 11:09:45.001534,83.9569,84.33875,85.49229
2022-01-24 11:09:45.508263,84.11161,84.4415,85.49229
2022-01-24 11:09:46.006748,84.11161,84.4935,85.49229
2022-01-24 11:09:46.504050,84.42104,84.699,85.49229
2022-01-24 11:09:47.002377,83.69946,84.184,86.08135
2022-01-24 11:09:47.508816,84.21434,84.4935,86.08135
2022-01-24 11:09:48.008206,84.11161,84.3895,85.6101
2022-01-24 11:09:48.503995,84.31831,84.85375,85.6101
2022-01-24 11:09:49.004616,84.1636,84.4935,86.00312
2022-01-24 11:09:49.509934,83.80219,84.08,86.00312
2022-01-24 11:09:50.007790,84.00888,84.132,85.49229
2022-01-24 11:09:50.503600,83.69946,84.184,85.49229
2022-01-24 11:09:51.002263,84.36905,84.54425,238.41291
2022-01-24 11:09:51.507499,83.54475,83.61575,238.41291
2022-01-24 11:09:52.005693,84.42104,84.803,218.30656
2022-01-24 11:09:52.502929,83.64747,84.23475,218.30656
2022-01-24 11:09:53.002918,84.1636,84.59625,166.6651
2022-01-24 11:09:53.509378,84.11161,84.184,166.6651
2022-01-24 11:09:54.010062,83.28607,83.92525,99.51197
2022-01-24 11:09:54.505320,84.83319,84.803,99.51197
2022-01-24 11:09:55.004523,83.69946,83.92525,91.54031
2022-01-24 11:09:55.510690,84.42104,84.59625,91.54031
2022-01-24 11:09:56.010444,84.05963,84.33875,91.85416
2022-01-24 11:09:56.507419,83.69946,84.132,91.85416
2022-01-24 11:09:57.006635,84.42104,84.64825,88.595
2022-01-24 11:09:57.506202,83.9569,84.64825,88.595
2022-01-24 11:09:58.004905,84.57575,84.90575,85.92395
2022-01-24 11:09:58.502515,84.21434,84.28675,85.92395
2022-01-24 11:09:59.001035,84.00888,84.23475,86.27739
2022-01-24 11:09:59.509791,84.21434,84.85375,86.27739
2022-01-24 11:10:00.008384,83.90492,84.3895,86.47437
2022-01-24 11:10:00.506905,84.47302,84.751,86.47437
2022-01-24 11:10:01.005783,83.44078,83.8745,86.12093
2022-01-24 11:10:01.511018,84.31831,84.54425,86.12093
2022-01-24 11:10:02.010409,84.42104,84.803,86.15958
2022-01-24 11:10:02.506862,83.69946,84.132,86.15958
2022-01-24 11:10:03.004915,84.67848,84.85375,86.78822
2022-01-24 11:10:03.501539,83.44078,84.08,86.78822
2022-01-24 11:10:04.009983,84.83319,85.1125,85.84572
2022-01-24 11:10:04.506027,84.05963,84.4935,85.84572
2022-01-24 11:10:05.006793,84.31831,84.4935,86.74864
2022-01-24 11:10:05.503372,83.59549,83.97725,86.74864
2022-01-24 11:10:06.002692,84.1636,84.3895,86.51301
2022-01-24 11:10:06.510571,84.93716,85.26725,86.51301
2022-01-24 11:10:07.008974,84.00888,84.54425,86.35656
2022-01-24 11:10:07.506115,83.9569,84.23475,86.35656
2022-01-24 11:10:08.004905,83.69946,84.132,85.4527
2022-01-24 11:10:08.510737,84.47302,85.0605,85.4527
2022-01-24 11:10:09.009201,83.80219,84.54425,86.00312
2022-01-24 11:10:09.505182,84.42104,84.33875,86.00312
2022-01-24 11:10:10.003805,84.00888,84.184,85.25666
2022-01-24 11:10:10.509296,84.31831,84.85375,85.25666
2022-01-24 11:10:11.505407,83.59549,84.08,86.19916
2022-01-24 11:10:12.003227,84.21434,84.4415,85.53187
2022-01-24 11:10:12.509291,83.69946,84.59625,85.53187
2022-01-24 11:10:13.008190,84.36905,84.751,86.82781
2022-01-24 11:10:13.503441,84.21434,84.54425,86.82781
2022-01-24 11:10:14.003283,84.05963,84.54425,85.25666
2022-01-24 11:10:14.510734,84.11161,84.23475,85.25666
2022-01-24 11:10:15.009457,84.31831,84.85375,85.53187
2022-01-24 11:10:15.505653,83.80219,84.02925,85.53187
2022-01-24 11:10:16.004117,83.90492,84.59625,85.37447
2022-01-24 11:10:16.510795,84.1636,84.4415,85.37447
2022-01-24 11:10:17.009255,83.85417,84.3895,85.88531
2022-01-24 11:10:17.504571,84.57575,84.95775,85.88531
2022-01-24 11:10:18.001877,84.05963,84.28675,86.51301
2022-01-24 11:10:18.507214,84.36905,84.85375,86.51301
2022-01-24 11:10:19.005911,84.05963,84.28675,85.64968
2022-01-24 11:10:19.511062,83.85417,84.4935,85.64968
2022-01-24 11:10:20.009897,84.47302,84.64825,85.92395
2022-01-24 11:10:20.507004,83.85417,84.3895,85.92395
2022-01-24 11:10:21.005999,84.05963,84.3895,85.6101
2022-01-24 11:10:21.509970,84.31831,84.699,85.6101
2022-01-24 11:10:22.008567,84.00888,84.3895,85.84572
2022-01-24 11:10:22.504441,84.31831,84.64825,85.84572
2022-01-24 11:10:23.003316,83.90492,84.4935,85.64968
2022-01-24 11:10:23.502905,84.11161,84.33875,85.64968
2022-01-24 11:10:24.010554,83.85417,84.54425,85.7675
2022-01-24 11:10:24.506971,84.31831,84.54425,85.7675
2022-01-24 11:10:25.004976,84.73046,85.0085,85.80614
2022-01-24 11:10:25.503356,83.44078,83.8225,85.80614
2022-01-24 11:10:26.002634,84.52377,84.751,86.23875
2022-01-24 11:10:26.508020,84.05963,84.4935,86.23875
2022-01-24 11:10:27.007955,84.52377,84.4415,85.06062
2022-01-24 11:10:27.502439,84.11161,84.803,85.06062
2022-01-24 11:10:28.505091,84.62773,84.90575,86.43479
2022-01-24 11:10:29.003587,84.05963,84.33875,85.64968
2022-01-24 11:10:29.510530,84.57575,84.90575,85.64968
2022-01-24 11:10:30.008595,83.44078,83.8745,85.25666
2022-01-24 11:10:30.505468,84.42104,84.59625,85.25666
2022-01-24 11:10:31.004525,83.80219,84.4415,85.17843
2022-01-24 11:10:31.510735,84.57575,84.699,85.17843
2022-01-24 11:10:32.008969,83.90492,84.4415,85.96354
2022-01-24 11:10:32.505108,83.90492,84.23475,85.96354
2022-01-24 11:10:33.003421,84.47302,84.85375,86.51301
2022-01-24 11:10:33.510423,83.64747,84.3895,86.51301
2022-01-24 11:10:34.009103,84.42104,84.4415,85.6101
2022-01-24 11:10:34.505526,83.80219,84.4415,85.6101
2022-01-24 11:10:35.003900,84.26632,84.59625,85.80614
2022-01-24 11:10:35.509089,84.36905,84.95775,85.80614
2022-01-24 11:10:36.007399,83.85417,84.08,85.80614
2022-01-24 11:10:36.503271,84.00888,84.23475,85.80614
2022-01-24 11:10:37.003747,84.11161,84.64825,85.57051
2022-01-24 11:10:37.502394,84.21434,84.59625,85.57051
2022-01-24 11:10:38.011078,83.9569,84.4415,85.41406
2022-01-24 11:10:38.510611,84.36905,84.54425,85.41406
2022-01-24 11:10:39.009032,83.80219,84.4415,85.84572
2022-01-24 11:10:39.504439,84.52377,84.751,85.84572
2022-01-24 11:10:40.002739,84.1636,84.4415,85.96354
2022-01-24 11:10:40.508567,84.11161,84.54425,85.96354
2022-01-24 11:10:41.006812,83.80219,84.184,85.72791
2022-01-24 11:10:41.503878,84.05963,84.59625,85.72791
2022-01-24 11:10:42.004582,84.26632,84.4935,85.29625
2022-01-24 11:10:42.511166,83.7502,84.4415,85.29625
2022-01-24 11:10:43.010409,84.42104,84.751,85.92395
2022-01-24 11:10:43.506888,84.26632,84.4415,85.92395
2022-01-24 11:10:44.006214,84.21434,84.64825,85.49229
2022-01-24 11:10:44.502969,84.26632,84.59625,85.49229
2022-01-24 11:10:45.505045,84.11161,84.54425,85.68833
2022-01-24 11:10:46.003291,84.11161,84.803,85.64968
2022-01-24 11:10:46.509476,83.7502,84.08,85.64968
2022-01-24 11:10:47.009717,84.62773,84.699,85.49229
2022-01-24 11:10:47.506051,83.7502,84.23475,85.49229
2022-01-24 11:10:48.003947,84.62773,84.90575,86.35656
2022-01-24 11:10:48.510476,83.7502,84.23475,86.35656
2022-01-24 11:10:49.008643,84.11161,84.28675,85.84572
2022-01-24 11:10:49.502465,84.11161,84.90575,85.84572
2022-01-24 11:10:50.000992,83.9569,84.28675,85.33489
2022-01-24 11:10:50.507575,84.47302,84.803,85.33489
2022-01-24 11:10:51.006279,84.00888,84.3895,85.49229
2022-01-24 11:10:51.503354,84.26632,84.54425,85.49229
2022-01-24 11:10:52.001570,84.05963,84.59625,85.41406
2022-01-24 11:10:52.509484,84.00888,84.28675,85.41406
2022-01-24 11:10:53.008453,83.80219,84.54425,86.23875
2022-01-24 11:10:53.505875,84.1636,84.33875,86.23875
2022-01-24 11:10:54.004567,84.52377,84.90575,85.49229
2022-01-24 11:10:54.510629,83.69946,83.92525,85.49229
2022-01-24 11:10:55.009077,84.62773,84.85375,85.7675
2022-01-24 11:10:55.505660,84.05963,84.33875,85.7675
2022-01-24 11:10:56.004752,84.57575,84.64825,85.88531
2022-01-24 11:10:56.502222,83.54475,84.08,85.88531
2022-01-24 11:10:57.010466,84.31831,84.59625,85.68833
2022-01-24 11:10:57.506926,83.90492,84.54425,85.68833
2022-01-24 11:10:58.006588,84.26632,84.54425,85.41406
2022-01-24 11:10:58.502920,84.1636,84.08,85.41406
2022-01-24 11:10:59.001699,84.11161,84.64825,86.00312
2022-01-24 11:10:59.507277,84.47302,84.699,86.00312
2022-01-24 11:11:00.004185,84.00888,84.54425,85.37447
2022-01-24 11:11:00.501435,84.21434,84.4415,85.37447
2022-01-24 11:11:01.009802,83.28607,83.97725,86.04176
2022-01-24 11:11:01.506446,84.57575,84.85375,86.04176
2022-01-24 11:11:02.005054,84.26632,84.4415,85.17843
2022-01-24 11:11:02.509082,84.00888,84.3895,85.17843
2022-01-24 11:11:03.006911,84.1636,84.23475,86.04176
2022-01-24 11:11:03.502651,83.9569,84.64825,86.04176
2022-01-24 11:11:04.011084,84.67848,84.95775,85.80614
2022-01-24 11:11:04.508074,83.39003,84.184,85.80614
2022-01-24 11:11:05.006853,84.36905,84.4935,86.35656
2022-01-24 11:11:05.502156,83.9569,84.28675,86.35656
2022-01-24 11:11:06.002532,84.1636,84.59625,85.49229
2022-01-24 11:11:06.507440,84.31831,84.4935,85.49229
2022-01-24 11:11:07.007005,83.80219,84.33875,86.15958
2022-01-24 11:11:07.502696,84.31831,84.4935,86.15958
2022-01-24 11:11:08.009713,84.05963,84.803,85.64968
2022-01-24 11:11:08.505749,84.42104,84.85375,85.64968
2022-01-24 11:11:09.004972,84.11161,84.28675,85.80614
2022-01-24 11:11:10.004972,84.11161,84.4415,85.17843
2022-01-24 11:11:10.509360,84.26632,84.90575,85.17843
2022-01-24 11:11:11.006787,83.85417,84.132,85.57051
2022-01-24 11:11:11.502466,84.11161,84.54425,85.57051
2022-01-24 11:11:12.010519,83.80219,83.97725,84.78541
2022-01-24 11:11:12.507270,84.88517,85.37,84.78541
2022-01-24 11:11:13.006391,83.64747,83.97725,85.88531
2022-01-24 11:11:13.501780,84.52377,84.54425,85.88531
2022-01-24 11:11:14.010970,83.9569,84.3895,86.23875
2022-01-24 11:11:14.507201,84.31831,84.59625,86.23875
2022-01-24 11:11:15.006167,84.21434,84.85375,85.57051
2022-01-24 11:11:15.502612,84.31831,84.4935,85.57051
2022-01-24 11:11:16.001421,84.00888,84.33875,85.88531
2022-01-24 11:11:16.506558,84.42104,84.59625,85.88531
2022-01-24 11:11:17.004903,84.05963,84.33875,85.88531
2022-01-24 11:11:17.510464,83.85417,84.33875,85.88531
2022-01-24 11:11:18.009500,84.26632,84.64825,85.21708
2022-01-24 11:11:18.507122,83.90492,84.54425,85.21708
2022-01-24 11:11:19.006307,84.05963,84.3895,86.35656
2022-01-24 11:11:19.502108,84.05963,84.699,86.35656
2022-01-24 11:11:20.010946,84.21434,84.3895,85.80614
2022-01-24 11:11:20.506609,84.52377,84.4935,85.80614
2022-01-24 11:11:21.004890,83.69946,84.132,85.33489
2022-01-24 11:11:21.502177,84.21434,84.699,85.33489
2022-01-24 11:11:22.010587,83.9569,84.4935,86.31697
2022-01-24 11:11:22.507650,84.42104,84.64825,86.31697
2022-01-24 11:11:23.006597,83.49276,83.8225,85.84572
2022-01-24 11:11:23.503348,84.78245,85.16325,85.84572
2022-01-24 11:11:24.001957,83.85417,83.8745,85.41406
2022-01-24 11:11:24.508548,84.31831,84.751,85.41406
2022-01-24 11:11:25.006794,84.47302,84.751,86.3952
2022-01-24 11:11:25.502590,83.39003,83.8225,86.3952
2022-01-24 11:11:26.001542,84.78245,85.26725,85.25666
2022-01-24 11:11:26.507690,83.39003,83.8745,85.25666
2022-01-24 11:11:27.009087,84.57575,84.699,86.63083
2022-01-24 11:11:27.503667,83.7502,83.92525,86.63083
2022-01-24 11:11:28.002802,84.1636,84.54425,85.29625
2022-01-24 11:11:28.509909,84.36905,84.54425,85.29625
2022-01-24 11:11:29.009212,84.36905,85.0085,85.53187
2022-01-24 11:11:29.505986,84.11161,84.28675,85.53187
2022-01-24 11:11:30.004902,84.00888,84.3895,85.49229
2022-01-24 11:11:30.501863,84.11161,84.54425,85.49229
2022-01-24 11:11:31.009616,84.26632,84.59625,86.31697
2022-01-24 11:11:31.508048,84.26632,84.4415,86.31697
2022-01-24 11:11:32.008274,83.90492,83.71975,86.23875
2022-01-24 11:11:32.503961,83.90492,84.751,86.23875
2022-01-24 11:11:33.003896,84.62773,84.90575,85.84572
2022-01-24 11:11:33.505080,83.7502,84.23475,85.84572
2022-01-24 11:11:34.003881,84.21434,84.3895,85.49229
2022-01-24 11:11:34.510124,83.69946,84.33875,85.49229
2022-01-24 11:11:35.010100,84.47302,84.751,85.29625
2022-01-24 11:11:35.505955,84.05963,84.132,85.29625
2022-01-24 11:11:36.006461,84.1636,84.699,85.7675
2022-01-24 11:11:36.510878,83.7502,84.02925,85.7675
2022-01-24 11:11:37.001529,84.47302,85.1125,85.7675
2022-01-24 11:11:37.509147,84.00888,84.184,85.7675
2022-01-24 11:11:38.007643,83.69946,84.28675,85.80614
2022-01-24 11:11:38.502657,84.62773,84.803,85.80614
2022-01-24 11:11:39.001089,84.21434,84.23475,85.57051
2022-01-24 11:11:39.508053,84.11161,84.54425,85.57051
2022-01-24 11:11:40.006290,84.52377,84.803,85.17843
2022-01-24 11:11:40.503176,84.00888,84.54425,85.17843
2022-01-24 11:11:41.002332,84.21434,84.54425,85.72791
2022-01-24 11:11:41.510441,84.00888,84.699,85.72791
2022-01-24 11:11:42.009860,84.11161,84.23475,85.7675
2022-01-24 11:11:42.505488,84.31831,84.28675,85.7675
2022-01-24 11:11:43.002985,84.11161,84.64825,85.4527
2022-01-24 11:11:43.508771,83.9569,84.23475,85.4527
2022-01-24 11:11:44.006896,84.05963,84.699,85.88531
2022-01-24 11:11:44.503433,84.05963,84.23475,85.88531
2022-01-24 11:11:45.003508,84.05963,84.54425,86.08135
2022-01-24 11:11:45.509390,84.62773,85.0085,86.08135
2022-01-24 11:11:46.009030,83.7502,83.92525,85.96354
2022-01-24 11:11:46.502989,84.26632,84.699,85.96354
2022-01-24 11:11:47.002757,84.26632,84.33875,85.80614
2022-01-24 11:11:47.507373,83.59549,84.4415,85.80614
2022-01-24 11:11:48.004619,84.26632,84.64825,85.88531
2022-01-24 11:11:48.509933,83.49276,84.02925,85.88531
2022-01-24 11:11:49.008649,84.67848,84.90575,86.86645
2022-01-24 11:11:49.505797,84.21434,84.4935,86.86645
2022-01-24 11:11:50.004732,83.80219,84.08,85.72791
2022-01-24 11:11:50.510054,84.31831,84.4415,85.72791
2022-01-24 11:11:51.009737,83.80219,84.28675,85.37447
2022-01-24 11:11:51.504910,84.67848,84.90575,85.37447
2022-01-24 11:11:52.003691,83.7502,84.28675,85.6101
2022-01-24 11:11:52.509512,84.1636,84.33875,85.6101
2022-01-24 11:11:53.007549,84.00888,84.4935,85.92395
2022-01-24 11:11:53.505041,84.78245,84.95775,85.92395
2022-01-24 11:11:54.004581,84.21434,84.23475,85.6101
2022-01-24 11:11:54.509985,84.21434,84.85375,85.6101
2022-01-24 11:11:55.001124,83.64747,84.08,84.90322
2022-01-24 11:11:55.508066,84.36905,84.751,84.90322
2022-01-24 11:11:56.008887,84.1636,84.33875,86.19916
2022-01-24 11:11:56.504624,83.85417,84.184,86.19916
2022-01-24 11:11:57.004217,84.67848,84.95775,85.7675
2022-01-24 11:11:57.510703,83.90492,84.184,85.7675
2022-01-24 11:11:58.008631,84.11161,84.59625,85.7675
2022-01-24 11:11:58.504680,84.00888,84.33875,85.7675
2022-01-24 11:11:59.003059,84.52377,85.0085,85.53187
2022-01-24 11:11:59.509759,83.7502,84.184,85.53187
2022-01-24 11:12:00.007988,84.00888,84.4935,85.41406
2022-01-24 11:12:00.501890,84.05963,84.184,85.41406
2022-01-24 11:12:01.000955,84.11161,84.33875,85.57051
2022-01-24 11:12:01.508653,84.21434,84.85375,85.57051
2022-01-24 11:12:02.005535,83.85417,84.132,85.80614
2022-01-24 11:12:02.511217,84.05963,84.4415,85.80614
2022-01-24 11:12:03.001368,84.11161,84.4935,86.19916
2022-01-24 11:12:03.508206,83.9569,84.54425,86.19916
2022-01-24 11:12:04.006706,84.11161,84.4415,85.64968
2022-01-24 11:12:04.502571,83.90492,84.08,85.64968
2022-01-24 11:12:05.011157,84.31831,84.803,86.3952
2022-01-24 11:12:05.508616,84.11161,84.4935,86.3952
2022-01-24 11:12:06.007209,84.1636,84.54425,85.7675
2022-01-24 11:12:06.505271,83.9569,84.28675,85.7675
2022-01-24 11:12:07.003740,84.00888,84.33875,86.00312
2022-01-24 11:12:07.502308,83.69946,84.23475,86.00312
2022-01-24 11:12:08.011033,84.1636,84.699,85.6101
2022-01-24 11:12:08.506633,83.7502,84.23475,85.6101
2022-01-24 11:12:09.004107,84.31831,84.4415,85.88531
2022-01-24 11:12:10.005872,84.78245,85.1125,85.64968
2022-01-24 11:12:10.502659,83.33805,83.66775,85.64968
2022-01-24 11:12:11.007522,84.57575,84.803,85.49229
2022-01-24 11:12:11.504163,83.54475,83.8745,85.49229
2022-01-24 11:12:12.002391,84.36905,84.699,85.64968
2022-01-24 11:12:12.507361,84.21434,84.4415,85.64968
2022-01-24 11:12:13.006406,83.02862,83.35825,86.86645
2022-01-24 11:12:13.502430,84.73046,84.699,86.86645
2022-01-24 11:12:14.001197,84.31831,84.64825,233.74
2022-01-24 11:12:14.506790,83.9569,84.28675,233.74
2022-01-24 11:12:15.004788,83.69946,84.08,212.96541
2022-01-24 11:12:15.508938,83.80219,84.02925,212.96541
2022-01-24 11:12:16.007904,84.62773,84.64825,128.49385
2022-01-24 11:12:16.503813,84.36905,84.751,128.49385
2022-01-24 11:12:17.003553,83.9569,84.132,96.37062
2022-01-24 11:12:17.502081,83.9569,84.23475,96.37062
2022-01-24 11:12:18.010744,84.11161,84.4935,91.81458
2022-01-24 11:12:18.506054,83.85417,84.33875,91.81458
2022-01-24 11:12:19.004193,84.21434,84.59625,89.02666
2022-01-24 11:12:19.510431,84.11161,84.4415,89.02666
2022-01-24 11:12:20.009500,84.1636,84.54425,87.10208
2022-01-24 11:12:20.506885,84.21434,84.33875,87.10208
2022-01-24 11:12:21.004870,83.85417,84.33875,86.63083
2022-01-24 11:12:21.510674,84.36905,84.803,86.63083
2022-01-24 11:12:22.010310,84.00888,84.4415,86.78822
2022-01-24 11:12:22.505094,84.26632,84.59625,86.78822
2022-01-24 11:12:23.003374,84.05963,84.4415,86.35656
2022-01-24 11:12:23.509070,84.36905,84.85375,86.35656
2022-01-24 11:12:24.008015,84.1636,84.132,85.68833
2022-01-24 11:12:24.502949,84.31831,84.803,85.68833
2022-01-24 11:12:25.003350,83.90492,84.184,86.82781
2022-01-24 11:12:25.510597,84.42104,84.751,86.82781
2022-01-24 11:12:26.008834,84.05963,84.4935,86.51301
2022-01-24 11:12:26.506394,84.11161,84.64825,86.51301
2022-01-24 11:12:27.004676,84.1636,84.3895,85.84572
2022-01-24 11:12:27.510522,83.9569,84.132,85.84572
2022-01-24 11:12:28.008837,84.00888,84.59625,85.53187
2022-01-24 11:12:28.502663,84.36905,84.803,85.53187
2022-01-24 11:12:29.002810,83.85417,84.132,86.31697
2022-01-24 11:12:29.508651,84.21434,84.4935,86.31697
2022-01-24 11:12:30.009163,83.9569,84.59625,84.86364
2022-01-24 11:12:30.505180,84.31831,84.85375,84.86364
2022-01-24 11:12:31.004117,84.47302,84.59625,85.88531
2022-01-24 11:12:31.511001,83.90492,84.132,85.88531
2022-01-24 11:12:32.009940,84.11161,84.4935,85.02104
2022-01-24 11:12:32.505985,84.1636,84.803,85.02104
2022-01-24 11:12:33.004175,84.42104,84.699,85.64968
2022-01-24 11:12:33.510356,83.39003,84.02925,85.64968
2022-01-24 11:12:34.009387,84.47302,84.85375,85.92395
2022-01-24 11:12:34.506697,84.62773,84.85375,85.92395
2022-01-24 11:12:35.004334,83.7502,83.92525,86.43479
2022-01-24 11:12:35.501914,84.62773,85.0085,86.43479
2022-01-24 11:12:36.010875,83.39003,83.7705,85.21708
2022-01-24 11:12:36.507982,84.78245,85.26725,85.21708
2022-01-24 11:12:37.006046,83.80219,84.33875,86.59218
2022-01-24 11:12:37.510733,84.11161,84.699,86.59218
2022-01-24 11:12:38.009720,84.1636,84.54425,85.92395
2022-01-24 11:12:38.505439,84.11161,84.3895,85.92395
2022-01-24 11:12:39.005913,84.67848,84.95775,85.88531
2022-01-24 11:12:39.501653,83.59549,84.132,85.88531
2022-01-24 11:12:40.002879,84.42104,84.751,85.53187
2022-01-24 11:12:40.508897,83.7502,84.184,85.53187
2022-01-24 11:12:41.006795,84.47302,84.90575,85.68833
2022-01-24 11:12:41.501973,83.44078,84.08,85.68833
2022-01-24 11:12:42.010568,84.47302,84.59625,85.84572
2022-01-24 11:12:42.506845,84.52377,84.54425,85.84572
2022-01-24 11:12:43.006058,84.05963,84.4415,85.53187
2022-01-24 11:12:43.502034,84.42104,84.64825,85.53187
2022-01-24 11:12:44.001444,83.80219,84.23475,85.49229
2022-01-24 11:12:44.506681,84.31831,84.803,85.49229
2022-01-24 11:12:45.005053,83.7502,84.08,85.41406
2022-01-24 11:12:45.501978,84.26632,84.64825,85.41406
2022-01-24 11:12:46.010285,83.90492,84.08,85.57051
2022-01-24 11:12:46.505815,84.52377,84.751,85.57051
2022-01-24 11:12:47.003271,84.26632,84.33875,86.04176
2022-01-24 11:12:47.502191,83.9569,84.08,86.04176
2022-01-24 11:12:48.505262,83.18334,83.97725,86.51301
2022-01-24 11:12:49.004892,84.88517,85.26725,86.12093
2022-01-24 11:12:49.510273,84.05963,84.184,86.12093
2022-01-24 11:12:50.008738,84.42104,84.751,85.4527
2022-01-24 11:12:50.504537,84.31831,84.59625,85.4527
2022-01-24 11:12:51.003734,83.90492,84.33875,85.84572
2022-01-24 11:12:51.509191,84.57575,84.803,85.84572
2022-01-24 11:12:52.006830,83.28607,83.97725,85.29625
2022-01-24 11:12:52.501677,84.26632,84.64825,85.29625
2022-01-24 11:12:53.011002,84.1636,84.3895,86.27739
2022-01-24 11:12:53.507456,84.36905,84.64825,86.27739
2022-01-24 11:12:54.006213,84.11161,84.28675,85.7675
2022-01-24 11:12:54.510669,84.21434,84.59625,85.7675
2022-01-24 11:12:55.007829,84.47302,85.1125,86.51301
2022-01-24 11:12:55.502844,83.90492,84.4415,86.51301
2022-01-24 11:12:56.001282,84.21434,84.4415,85.6101
2022-01-24 11:12:56.507210,83.7502,84.23475,85.6101
2022-01-24 11:12:57.006378,84.47302,84.751,85.92395
2022-01-24 11:12:57.501842,84.36905,84.4935,85.92395
2022-01-24 11:12:58.010203,83.59549,83.8225,85.41406
2022-01-24 11:12:58.508024,84.73046,85.16325,85.41406
2022-01-24 11:12:59.005866,83.7502,84.33875,86.08135
2022-01-24 11:12:59.504201,84.31831,84.699,86.08135
2022-01-24 11:13:00.002218,83.90492,84.184,85.41406
2022-01-24 11:13:00.508854,84.21434,84.3895,85.41406
2022-01-24 11:13:01.007278,84.47302,84.751,85.29625
2022-01-24 11:13:01.504028,83.80219,84.132,85.29625
2022-01-24 11:13:02.003612,84.42104,84.803,85.49229
2022-01-24 11:13:02.501234,83.7502,84.132,85.49229
2022-01-24 11:13:03.006217,84.26632,84.751,85.92395
2022-01-24 11:13:03.503018,83.9569,84.4415,85.92395
2022-01-24 11:13:04.002888,84.05963,84.33875,86.00312
2022-01-24 11:13:04.508974,84.62773,84.751,86.00312
2022-01-24 11:13:05.007503,84.00888,84.4415,85.7675
2022-01-24 11:13:05.505140,84.21434,84.59625,85.7675
2022-01-24 11:13:06.002712,83.80219,84.4415,85.96354
2022-01-24 11:13:06.511046,84.36905,84.751,85.96354
2022-01-24 11:13:07.008591,83.64747,84.132,85.29625
2022-01-24 11:13:07.504284,84.52377,85.0085,85.29625
2022-01-24 11:13:08.003342,83.90492,84.132,86.08135
2022-01-24 11:13:08.508798,84.47302,84.85375,86.08135
2022-01-24 11:13:09.006876,84.11161,84.33875,86.31697
2022-01-24 11:13:10.004350,84.00888,84.59625,85.41406
2022-01-24 11:13:10.509735,83.54475,84.08,85.41406
2022-01-24 11:13:11.004348,84.47302,84.64825,86.00312
2022-01-24 11:13:11.502643,84.05963,84.33875,86.00312
2022-01-24 11:13:12.010596,84.62773,84.699,85.13885
2022-01-24 11:13:12.505638,83.64747,84.02925,85.13885
2022-01-24 11:13:13.004030,83.90492,84.33875,85.92395
2022-01-24 11:13:13.510467,84.62773,85.1125,85.92395
2022-01-24 11:13:14.008893,83.9569,84.4935,86.63083
2022-01-24 11:13:14.510274,84.47302,84.751,86.63083
2022-01-24 11:13:15.010523,83.69946,84.08,86.00312
2022-01-24 11:13:15.505451,84.52377,84.803,86.00312
2022-01-24 11:13:16.005326,84.42104,84.54425,86.00312
2022-01-24 11:13:16.510775,84.00888,84.4935,86.00312
2022-01-24 11:13:17.008612,84.11161,84.4935,86.5526
2022-01-24 11:13:17.504800,84.11161,84.59625,86.5526
2022-01-24 11:13:18.002480,84.1636,84.33875,85.49229
2022-01-24 11:13:18.509144,83.80219,84.33875,85.49229
2022-01-24 11:13:19.007222,84.21434,84.4415,85.84572
2022-01-24 11:13:19.502860,84.31831,84.59625,85.84572
2022-01-24 11:13:20.001869,84.11161,84.33875,85.4527
2022-01-24 11:13:20.509314,84.05963,84.751,85.4527
2022-01-24 11:13:21.007721,84.05963,84.4415,85.37447
2022-01-24 11:13:21.503074,84.00888,84.28675,85.37447
2022-01-24 11:13:22.002126,83.59549,84.28675,85.49229
2022-01-24 11:13:22.508271,83.85417,84.02925,85.49229
2022-01-24 11:13:23.007789,84.78245,85.0605,85.53187
2022-01-24 11:13:23.506559,83.64747,84.184,85.53187
2022-01-24 11:13:24.005758,84.47302,84.90575,85.64968
2022-01-24 11:13:24.502131,84.00888,84.4415,85.64968
2022-01-24 11:13:25.001648,84.1636,84.3895,85.64968
2022-01-24 11:13:25.508229,83.90492,84.54425,85.64968
2022-01-24 11:13:26.007200,83.90492,84.132,85.21708
2022-01-24 11:13:26.503604,84.62773,84.751,85.21708
2022-01-24 11:13:27.002849,83.90492,84.08,85.49229
2022-01-24 11:13:27.509798,84.11161,84.64825,85.49229
2022-01-24 11:13:28.007730,83.9569,84.59625,85.57051
2022-01-24 11:13:28.505620,84.36905,84.54425,85.57051
2022-01-24 11:13:29.003489,83.59549,84.132,85.6101
2022-01-24 11:13:29.510756,84.31831,84.64825,85.6101
2022-01-24 11:13:30.008694,84.31831,84.699,85.88531
2022-01-24 11:13:30.504207,83.80219,84.132,85.88531
2022-01-24 11:13:31.002730,84.36905,84.4935,85.84572
2022-01-24 11:13:31.509702,84.00888,84.4935,85.84572
2022-01-24 11:13:32.009065,84.52377,84.95775,84.90322
2022-01-24 11:13:32.506741,83.90492,84.28675,84.90322
2022-01-24 11:13:33.005954,84.05963,84.184,86.15958
2022-01-24 11:13:33.503356,83.7502,84.28675,86.15958
2022-01-24 11:13:34.001834,84.93716,85.26725,85.29625
2022-01-24 11:13:34.507398,84.1636,84.54425,85.29625
2022-01-24 11:13:35.005543,83.69946,83.97725,85.72791
2022-01-24 11:13:35.501420,84.47302,84.803,85.72791
2022-01-24 11:13:36.009894,84.00888,84.3895,85.96354
2022-01-24 11:13:36.505876,84.88517,85.0085,85.96354
2022-01-24 11:13:37.004210,83.33805,84.132,85.57051
2022-01-24 11:13:37.501177,84.42104,84.4935,85.57051
2022-01-24 11:13:38.001106,84.21434,84.3895,85.57051
2022-01-24 11:13:38.507868,84.11161,84.751,85.57051
2022-01-24 11:13:39.008538,84.00888,84.4415,85.68833
2022-01-24 11:13:39.503545,83.9569,84.3895,85.68833
2022-01-24 11:13:40.001890,84.31831,84.699,84.98145
2022-01-24 11:13:40.506970,83.9569,84.4935,84.98145
2022-01-24 11:13:41.006325,84.31831,84.4935,85.68833
2022-01-24 11:13:41.502584,83.90492,84.28675,85.68833
2022-01-24 11:13:42.010311,84.00888,84.28675,85.68833
2022-01-24 11:13:42.507072,84.26632,84.64825,85.68833
2022-01-24 11:13:43.007381,83.85417,84.28675,85.29625
2022-01-24 11:13:43.504040,84.11161,84.3895,85.29625
2022-01-24 11:13:44.002138,83.85417,84.4415,85.88531
2022-01-24 11:13:44.507117,84.00888,84.184,85.88531
2022-01-24 11:13:45.006651,84.67848,84.803,85.96354
2022-01-24 11:13:45.501729,83.90492,84.184,85.96354
2022-01-24 11:13:46.010980,84.1636,84.64825,85.68833
2022-01-24 11:13:46.505972,84.00888,84.4935,85.68833
2022-01-24 11:13:47.004328,84.11161,84.28675,86.00312
2022-01-24 11:13:47.501750,84.11161,84.699,86.00312
2022-01-24 11:13:48.010545,84.00888,84.3895,85.21708
2022-01-24 11:13:48.506743,84.21434,84.751,85.21708
2022-01-24 11:13:49.005417,84.05963,84.28675,86.31697
2022-01-24 11:13:49.501807,84.36905,84.751,86.31697
2022-01-24 11:13:50.010740,84.05963,84.59625,86.74864
2022-01-24 11:13:50.505797,84.11161,84.59625,86.74864
2022-01-24 11:13:51.004491,84.11161,84.59625,85.4527
2022-01-24 11:13:51.504871,83.9569,83.97725,85.4527
2022-01-24 11:13:52.009245,84.11161,84.751,86.12093
2022-01-24 11:13:52.503333,84.1636,84.4935,86.12093
2022-01-24 11:13:53.006283,84.42104,84.699,85.68833
2022-01-24 11:13:53.507412,83.59549,84.08,85.68833
2022-01-24 11:13:54.006058,84.47302,84.85375,85.7675
2022-01-24 11:13:54.507216,83.90492,84.4935,85.7675
2022-01-24 11:13:55.001918,84.31831,84.54425,85.92395
2022-01-24 11:13:55.505268,83.44078,83.92525,85.92395
2022-01-24 11:13:56.008966,84.36905,84.4935,85.6101
2022-01-24 11:13:56.507220,84.52377,84.803,85.6101
2022-01-24 11:13:57.005761,83.85417,84.23475,85.84572
2022-01-24 11:13:57.501400,84.42104,84.803,85.84572
2022-01-24 11:13:58.002470,83.59549,83.8745,85.4527
2022-01-24 11:13:58.510754,84.62773,84.85375,85.4527
2022-01-24 11:13:59.002389,83.69946,84.4415,85.53187
2022-01-24 11:13:59.509425,83.90492,84.33875,85.53187
2022-01-24 11:14:00.009716,84.26632,84.64825,85.25666
2022-01-24 11:14:01.010228,84.36905,84.54425,86.47437
2022-01-24 11:14:01.505392,83.69946,84.132,86.47437
2022-01-24 11:14:02.001915,84.52377,84.64825,84.90322
2022-01-24 11:14:02.501112,83.69946,84.28675,84.90322
2022-01-24 11:14:03.001775,84.47302,84.803,86.04176
2022-01-24 11:14:03.508058,84.05963,84.4935,86.04176
2022-01-24 11:14:04.008253,84.21434,84.59625,85.33489
2022-01-24 11:14:04.505363,84.47302,84.751,85.33489
2022-01-24 11:14:05.003151,84.05963,84.4415,85.33489
2022-01-24 11:14:05.509127,84.31831,84.4935,85.33489
2022-01-24 11:14:06.006417,83.7502,84.184,85.72791
2022-01-24 11:14:06.501520,84.05963,84.08,85.72791
2022-01-24 11:14:07.010586,84.31831,84.90575,85.21708
2022-01-24 11:14:07.505864,83.90492,84.184,85.21708
2022-01-24 11:14:08.005171,84.31831,84.4415,85.49229
2022-01-24 11:14:08.502347,83.85417,84.3895,85.49229
2022-01-24 11:14:09.010530,84.26632,84.4415,85.84572
2022-01-24 11:14:09.506524,84.36905,84.85375,85.84572
2022-01-24 11:14:10.004651,83.80219,83.97725,85.6101
2022-01-24 11:14:10.503343,84.05963,84.699,85.6101
2022-01-24 11:14:11.007410,84.00888,84.3895,85.57051
2022-01-24 11:14:11.502921,84.42104,84.59625,85.57051
2022-01-24 11:14:12.010043,84.05963,84.33875,85.88531
2022-01-24 11:14:12.506163,84.00888,84.23475,85.88531
2022-01-24 11:14:13.003960,84.05963,84.699,85.06062
2022-01-24 11:14:13.509818,84.26632,84.54425,85.06062
2022-01-24 11:14:14.008656,83.54475,84.3895,85.72791
2022-01-24 11:14:14.504024,84.05963,84.33875,85.72791
2022-01-24 11:14:15.004524,84.42104,84.751,85.4527
2022-01-24 11:14:15.501144,83.9569,84.28675,85.4527
2022-01-24 11:14:16.009244,84.52377,84.699,85.33489
2022-01-24 11:14:16.505511,83.59549,84.02925,85.33489
2022-01-24 11:14:17.005220,84.62773,84.803,85.37447
2022-01-24 11:14:17.510384,83.69946,84.54425,85.37447
2022-01-24 11:14:18.007387,84.21434,84.54425,85.53187
2022-01-24 11:14:18.502160,84.26632,84.54425,85.53187
2022-01-24 11:14:19.001037,83.64747,84.132,85.96354
2022-01-24 11:14:19.507473,84.42104,84.64825,85.96354
2022-01-24 11:14:20.004860,83.59549,84.08,86.04176
2022-01-24 11:14:20.501203,84.78245,85.1125,86.04176
2022-01-24 11:14:21.009738,83.49276,84.132,86.27739
2022-01-24 11:14:21.509848,84.42104,84.64825,86.27739
2022-01-24 11:14:22.008290,84.42104,84.699,85.13885
2022-01-24 11:14:22.503878,83.9569,84.08,85.13885
2022-01-24 11:14:23.004114,84.62773,84.85375,86.04176
2022-01-24 11:14:23.501967,83.49276,84.33875,86.04176
2022-01-24 11:14:24.003767,84.11161,84.184,85.06062
2022-01-24 11:14:24.510112,83.9569,84.4415,85.06062
2022-01-24 11:14:25.007991,84.57575,85.0085,85.25666
2022-01-24 11:14:25.505075,83.64747,84.23475,85.25666
2022-01-24 11:14:26.003458,84.57575,84.54425,85.57051
2022-01-24 11:14:26.508375,84.42104,84.4415,85.57051
2022-01-24 11:14:27.006888,84.00888,84.54425,85.92395
2022-01-24 11:14:27.502824,84.26632,84.699,85.92395
2022-01-24 11:14:28.002204,83.59549,84.23475,85.41406
2022-01-24 11:14:28.507232,84.1636,84.54425,85.41406
2022-01-24 11:14:29.003007,83.69946,84.4415,85.6101
2022-01-24 11:14:29.508526,84.67848,84.803,85.6101
2022-01-24 11:14:30.007183,84.36905,84.4415,85.68833
2022-01-24 11:14:30.503628,83.90492,84.4415,85.68833
2022-01-24 11:14:31.002637,84.05963,84.08,86.04176
2022-01-24 11:14:31.506801,84.05963,84.699,86.04176
2022-01-24 11:14:32.007534,84.00888,84.08,86.35656
2022-01-24 11:14:32.503640,83.49276,84.33875,86.35656
2022-01-24 11:14:33.002310,84.42104,84.4935,85.41406
2022-01-24 11:14:33.507621,84.05963,84.28675,85.41406
2022-01-24 11:14:34.007328,84.93716,85.422,85.57051
2022-01-24 11:14:34.503917,83.69946,83.71975,85.57051
2022-01-24 11:14:35.002836,83.54475,83.8745,85.33489
2022-01-24 11:14:35.508135,84.11161,84.23475,85.33489
2022-01-24 11:14:36.006307,84.1636,84.803,232.7975
2022-01-24 11:14:36.502663,83.69946,83.8745,232.7975
2022-01-24 11:14:37.002177,83.7502,84.02925,218.89562
2022-01-24 11:14:37.508532,84.26632,84.33875,218.89562
2022-01-24 11:14:38.006871,84.52377,84.54425,165.40875
2022-01-24 11:14:38.502854,84.1636,84.54425,165.40875
2022-01-24 11:14:39.010664,83.80219,83.8225,97.31312
2022-01-24 11:14:39.504684,83.80219,84.3895,97.31312
2022-01-24 11:14:40.002611,84.21434,84.64825,90.79385
2022-01-24 11:14:40.509468,84.05963,84.4935,90.79385
2022-01-24 11:14:41.009003,84.05963,84.23475,92.71843
2022-01-24 11:14:41.503799,83.80219,83.8745,92.71843
2022-01-24 11:14:42.002471,84.73046,85.0085,93.46395
2022-01-24 11:14:42.508008,84.31831,84.28675,93.46395
2022-01-24 11:14:43.007380,83.90492,84.699,86.82781
2022-01-24 11:14:43.504004,84.11161,84.59625,86.82781
2022-01-24 11:14:44.002508,83.85417,84.4935,86.19916
2022-01-24 11:14:44.509166,83.9569,84.132,86.19916
2022-01-24 11:14:45.007647,84.83319,85.1125,86.31697
2022-01-24 11:14:45.507505,83.7502,84.132,86.31697
2022-01-24 11:14:46.007787,84.47302,84.64825,85.84572
2022-01-24 11:14:46.503374,84.1636,84.64825,85.84572
2022-01-24 11:14:47.003231,84.57575,84.90575,86.3952
2022-01-24 11:14:47.509257,83.49276,84.28675,86.3952
2022-01-24 11:14:48.010813,84.36905,84.803,86.04176
2022-01-24 11:14:48.505875,84.00888,84.132,86.04176
2022-01-24 11:14:49.004046,84.31831,84.751,86.27739
2022-01-24 11:14:49.510097,84.31831,84.59625,86.27739
2022-01-24 11:14:50.009695,83.9569,84.54425,85.4527
2022-01-24 11:14:50.506145,84.36905,84.699,85.4527
2022-01-24 11:14:51.004582,83.7502,84.33875,85.53187
2022-01-24 11:14:51.510713,84.47302,84.59625,85.53187
2022-01-24 11:14:52.009078,84.1636,84.4935,85.37447
2022-01-24 11:14:52.504526,84.11161,84.4935,85.37447
2022-01-24 11:14:53.002498,84.1636,84.23475,85.92395
2022-01-24 11:14:53.505821,84.1636,84.699,85.92395
2022-01-24 11:14:54.004485,84.42104,84.85375,85.84572
2022-01-24 11:14:54.501875,84.11161,84.90575,85.84572
2022-01-24 11:14:55.010860,84.00888,84.08,86.47437
2022-01-24 11:14:55.506900,83.7502,84.132,86.47437
2022-01-24 11:14:56.007096,84.88517,85.21525,86.31697
2022-01-24 11:14:56.502342,83.64747,83.8745,86.31697
2022-01-24 11:14:57.010765,84.05963,84.54425,85.92395
2022-01-24 11:14:57.505893,84.00888,84.23475,85.92395
2022-01-24 11:14:58.003853,84.1636,84.803,85.29625
2022-01-24 11:14:58.509083,84.73046,85.0605,85.29625
2022-01-24 11:14:59.007304,83.54475,84.08,85.96354
2022-01-24 11:14:59.503412,84.57575,84.699,85.96354
2022-01-24 11:15:00.002706,84.00888,84.08,85.41406
2022-01-24 11:15:00.510318,84.31831,85.0085,85.41406
2022-01-24 11:15:01.008724,83.64747,84.08,85.33489
2022-01-24 11:15:01.504654,84.36905,84.95775,85.33489
2022-01-24 11:15:02.003034,83.9569,84.08,86.00312
2022-01-24 11:15:02.509528,84.31831,84.803,86.00312
2022-01-24 11:15:03.005085,84.21434,84.4935,85.29625
2022-01-24 11:15:03.501843,84.36905,84.3895,85.29625
2022-01-24 11:15:04.009839,84.1636,84.59625,86.00312
2022-01-24 11:15:04.505145,84.00888,84.28675,86.00312
2022-01-24 11:15:05.005246,84.05963,84.64825,86.00312
2022-01-24 11:15:05.503025,84.42104,84.85375,86.00312
2022-01-24 11:15:06.001999,83.59549,84.08,84.98145
2022-01-24 11:15:06.508723,84.52377,84.751,84.98145
2022-01-24 11:15:07.008703,84.31831,84.3895,85.64968
2022-01-24 11:15:07.504117,83.9569,84.3895,85.64968
2022-01-24 11:15:08.004108,84.11161,84.4415,85.72791
2022-01-24 11:15:08.509045,83.80219,84.59625,85.72791
2022-01-24 11:15:09.007950,84.05963,84.28675,85.64968
2022-01-24 11:15:09.502851,84.31831,84.90575,85.64968
2022-01-24 11:15:10.010884,83.7502,84.08,86.35656
2022-01-24 11:15:11.005072,84.05963,84.33875,85.64968
2022-01-24 11:15:11.504728,84.57575,84.59625,85.64968
2022-01-24 11:15:12.003370,83.80219,84.28675,85.33489
2022-01-24 11:15:12.511129,84.31831,84.54425,85.33489
2022-01-24 11:15:13.010776,84.00888,84.4415,86.04176
2022-01-24 11:15:13.505821,84.05963,84.28675,86.04176
2022-01-24 11:15:14.003021,84.26632,84.59625,85.06062
2022-01-24 11:15:14.510708,84.21434,84.54425,85.06062
2022-01-24 11:15:15.009085,84.52377,84.64825,85.96354
2022-01-24 11:15:15.506609,83.85417,84.3895,85.96354
2022-01-24 11:15:16.003984,84.36905,84.54425,85.4527
2022-01-24 11:15:16.501632,83.80219,84.23475,85.4527
2022-01-24 11:15:17.001096,84.21434,84.4935,85.7675
2022-01-24 11:15:17.509129,83.90492,84.33875,85.7675
2022-01-24 11:15:18.006843,84.36905,84.54425,85.72791
2022-01-24 11:15:18.511170,84.21434,84.64825,85.72791
2022-01-24 11:15:19.010353,84.36905,85.16325,85.88531
2022-01-24 11:15:19.505430,83.80219,84.08,85.88531
2022-01-24 11:15:20.004436,84.21434,84.64825,85.4527
2022-01-24 11:15:20.501141,84.31831,84.699,85.4527
2022-01-24 11:15:21.009801,83.23532,84.02925,86.35656
2022-01-24 11:15:21.508129,84.26632,84.64825,86.35656
2022-01-24 11:15:22.007270,84.26632,84.184,85.92395
2022-01-24 11:15:22.505746,84.31831,84.90575,85.92395
2022-01-24 11:15:23.004158,84.26632,84.4935,86.5526
2022-01-24 11:15:23.510598,83.69946,84.184,86.5526
2022-01-24 11:15:24.009128,84.31831,84.4415,85.33489
2022-01-24 11:15:24.505944,83.85417,84.3895,85.33489
2022-01-24 11:15:25.003093,84.47302,84.85375,85.80614
2022-01-24 11:15:25.501559,84.00888,84.08,85.80614
2022-01-24 11:15:26.001090,84.42104,84.85375,85.37447
2022-01-24 11:15:26.507346,84.05963,84.28675,85.37447
2022-01-24 11:15:27.008449,84.42104,84.90575,86.59218
2022-01-24 11:15:27.506211,84.05963,84.28675,86.59218
2022-01-24 11:15:28.004392,83.90492,84.3895,85.09926
2022-01-24 11:15:28.511082,84.00888,84.33875,85.09926
2022-01-24 11:15:29.001059,84.1636,84.699,85.49229
2022-01-24 11:15:29.505822,84.11161,84.4415,85.49229
2022-01-24 11:15:30.004427,84.52377,84.85375,85.6101
2022-01-24 11:15:30.502406,83.44078,83.8745,85.6101
2022-01-24 11:15:31.010867,84.52377,85.0085,85.6101
2022-01-24 11:15:31.506672,84.11161,84.59625,85.6101
2022-01-24 11:15:32.004743,83.85417,83.92525,86.04176
2022-01-24 11:15:32.501780,84.36905,84.85375,86.04176
2022-01-24 11:15:33.001975,83.90492,84.33875,85.84572
2022-01-24 11:15:33.509776,84.67848,84.95775,85.84572
2022-01-24 11:15:34.009115,83.85417,84.3895,85.21708
2022-01-24 11:15:34.505519,83.80219,84.184,85.21708
2022-01-24 11:15:35.004645,84.42104,84.90575,85.57051
2022-01-24 11:15:35.509946,84.26632,84.85375,85.57051
2022-01-24 11:15:36.009227,83.90492,84.33875,86.04176
2022-01-24 11:15:36.504519,84.26632,84.4935,86.04176
2022-01-24 11:15:37.003889,84.1636,84.4935,85.53187
2022-01-24 11:15:37.503412,84.1636,84.699,85.53187
2022-01-24 11:15:38.004236,84.52377,84.751,86.5526
2022-01-24 11:15:38.509554,83.39003,83.8745,86.5526
2022-01-24 11:15:39.009911,84.52377,84.90575,85.53187
2022-01-24 11:15:39.507499,83.9569,84.4935,85.53187
2022-01-24 11:15:40.007724,84.05963,84.4415,85.64968
2022-01-24 11:15:40.503992,84.57575,84.59625,85.64968
2022-01-24 11:15:41.004164,83.7502,84.23475,85.57051
2022-01-24 11:15:41.510311,84.26632,84.59625,85.57051
2022-01-24 11:15:42.008052,84.21434,84.59625,84.98145
2022-01-24 11:15:42.503618,84.57575,84.85375,84.98145
2022-01-24 11:15:43.002606,83.33805,83.71975,86.00312
2022-01-24 11:15:43.511096,84.73046,85.0605,86.00312
2022-01-24 11:15:44.009788,83.59549,83.66775,85.72791
2022-01-24 11:15:44.504719,84.78245,85.21525,85.72791
2022-01-24 11:15:45.002929,84.1636,84.4415,85.57051
2022-01-24 11:15:45.509884,83.9569,84.4415,85.57051
2022-01-24 11:15:46.007366,84.42104,84.751,85.21708
2022-01-24 11:15:46.510978,83.80219,84.08,85.21708
2022-01-24 11:15:47.009122,84.73046,85.0085,85.64968
2022-01-24 11:15:47.503427,83.59549,83.97725,85.64968
2022-01-24 11:15:48.004027,84.31831,84.90575,85.72791
2022-01-24 11:15:48.501099,83.90492,84.02925,85.72791
2022-01-24 11:15:49.010745,84.21434,84.751,86.51301
2022-01-24 11:15:49.508340,84.47302,84.803,86.51301
2022-01-24 11:15:50.007420,83.44078,83.61575,85.41406
2022-01-24 11:15:50.503441,84.62773,85.0605,85.41406
2022-01-24 11:15:51.003103,83.7502,84.23475,85.57051
2022-01-24 11:15:51.507900,84.88517,85.21525,85.57051
2022-01-24 11:15:52.005380,84.00888,84.23475,86.43479
2022-01-24 11:15:52.509207,83.69946,84.08,86.43479
2022-01-24 11:15:53.009055,84.52377,84.59625,85.88531
2022-01-24 11:15:53.503778,83.90492,84.3895,85.88531
