時間,回転１,回転２,回転３
2022-01-24 14:00:00.006666,40.74013,40.854,0.0
2022-01-24 14:00:00.503156,40.8441,40.183,0.0
2022-01-24 14:00:01.002392,40.32797,39.15175,0.0
2022-01-24 14:00:01.507371,40.32797,40.59525,0.0
2022-01-24 14:00:02.007240,40.01855,40.802,0.0
2022-01-24 14:00:02.504568,39.86384,39.9255,0.0
2022-01-24 14:00:03.002970,40.32797,39.9255,0.0
2022-01-24 14:00:03.509195,39.81185,41.21425,0.0
2022-01-24 14:00:04.007527,40.4307,40.33775,0.0
2022-01-24 14:00:04.503606,39.50243,39.8215,0.0
2022-01-24 14:00:05.002373,39.65714,40.235,0.0
2022-01-24 14:00:05.507985,40.37996,40.28575,0.0
2022-01-24 14:00:06.005877,40.53467,39.71875,0.0
2022-01-24 14:00:06.502444,40.22525,40.08025,0.0
2022-01-24 14:00:07.010679,40.22525,40.75,0.0
2022-01-24 14:00:07.507547,39.6064,40.28575,0.0
2022-01-24 14:00:08.006801,39.70912,39.46125,0.0
2022-01-24 14:00:08.502248,40.07053,40.802,0.0
2022-01-24 14:00:09.010657,40.17326,40.5445,0.0
2022-01-24 14:00:09.506765,40.32797,40.02825,0.0
2022-01-24 14:00:10.004007,40.17326,39.512,0.0
2022-01-24 14:00:10.509147,39.70912,40.64725,0.0
2022-01-24 14:00:11.009299,40.58542,40.235,0.0
2022-01-24 14:00:11.504947,40.58542,39.71875,0.0
2022-01-24 14:00:12.003449,40.12128,40.235,0.0
2022-01-24 14:00:12.501129,40.12128,40.854,0.0
2022-01-24 14:00:13.010322,39.3997,40.5445,0.0
2022-01-24 14:00:13.507774,39.91582,39.77075,0.0
2022-01-24 14:00:14.006783,39.193,40.38975,0.0
2022-01-24 14:00:14.503230,39.76111,40.64725,0.0
2022-01-24 14:00:15.011077,40.12128,40.131,0.0
2022-01-24 14:00:15.506493,40.58542,39.71875,0.0
2022-01-24 14:00:16.006225,39.96657,40.802,0.0
2022-01-24 14:00:16.502079,39.3997,40.75,0.0
2022-01-24 14:00:17.010813,40.17326,40.131,0.0
2022-01-24 14:00:17.505951,40.12128,39.35725,0.0
2022-01-24 14:00:18.005449,40.48269,40.75,0.0
2022-01-24 14:00:18.510136,40.07053,40.64725,0.0
2022-01-24 14:00:19.007498,40.07053,39.9255,0.0
2022-01-24 14:00:19.503164,40.48269,40.131,0.0
2022-01-24 14:00:20.001963,39.96657,41.473,0.0
2022-01-24 14:00:20.507560,40.58542,40.64725,0.0
2022-01-24 14:00:21.004966,40.17326,39.40925,0.0
2022-01-24 14:00:21.510311,40.12128,39.66675,0.0
2022-01-24 14:00:22.007136,39.09027,40.28575,0.0
2022-01-24 14:00:22.503319,40.68938,40.5445,0.0
2022-01-24 14:00:23.002129,40.12128,39.8215,0.0
2022-01-24 14:00:23.508215,39.50243,40.59525,0.0
2022-01-24 14:00:24.007915,39.70912,40.38975,0.0
2022-01-24 14:00:24.502839,40.01855,40.02825,0.0
2022-01-24 14:00:25.002313,39.193,40.131,0.0
2022-01-24 14:00:25.507650,39.91582,40.4405,0.0
2022-01-24 14:00:26.007111,40.48269,39.9255,0.0
2022-01-24 14:00:26.502697,39.86384,39.9255,0.0
2022-01-24 14:00:27.002513,39.96657,40.75,0.0
2022-01-24 14:00:27.509275,39.96657,40.5445,0.0
2022-01-24 14:00:28.007210,40.6374,39.9255,0.0
2022-01-24 14:00:28.502306,40.32797,40.33775,0.0
2022-01-24 14:00:29.010126,40.32797,40.75,0.0
2022-01-24 14:00:29.508056,40.4307,40.131,0.0
2022-01-24 14:00:30.010200,39.81185,39.564,0.0
2022-01-24 14:00:30.504451,39.86384,39.3065,0.0
2022-01-24 14:00:31.004181,39.6064,40.90475,0.0
2022-01-24 14:00:31.502237,39.34772,40.59525,0.0
2022-01-24 14:00:32.010893,39.76111,39.71875,0.0
2022-01-24 14:00:32.505833,39.86384,40.131,0.0
2022-01-24 14:00:33.003811,40.32797,41.00875,0.0
2022-01-24 14:00:33.510449,39.91582,40.131,0.0
2022-01-24 14:00:34.007972,39.24499,39.46125,0.0
2022-01-24 14:00:34.505054,40.27599,40.38975,0.0
2022-01-24 14:00:35.003298,39.81185,40.33775,0.0
2022-01-24 14:00:35.509907,40.74013,39.97625,0.0
2022-01-24 14:00:36.008016,40.37996,40.08025,0.0
2022-01-24 14:00:36.503779,39.6064,41.369,0.0
2022-01-24 14:00:37.002678,40.17326,40.59525,0.0
2022-01-24 14:00:37.507892,40.12128,40.33775,0.0
2022-01-24 14:00:38.006649,40.8441,40.235,0.0
2022-01-24 14:00:38.502423,40.12128,40.854,0.0
2022-01-24 14:00:39.011127,40.22525,40.131,0.0
2022-01-24 14:00:39.507679,39.86384,39.2545,0.0
2022-01-24 14:00:40.008176,39.70912,39.46125,0.0
2022-01-24 14:00:40.503299,39.3997,40.59525,0.0
2022-01-24 14:00:41.001042,40.07053,40.4405,0.0
2022-01-24 14:00:41.505542,39.81185,40.4925,0.0
2022-01-24 14:00:42.004969,39.6064,41.0595,0.0
2022-01-24 14:00:42.509807,40.48269,40.33775,0.0
2022-01-24 14:00:43.010318,40.32797,39.46125,0.0
2022-01-24 14:00:43.506305,40.27599,39.8215,0.0
2022-01-24 14:00:44.004075,40.07053,40.38975,0.0
2022-01-24 14:00:44.502311,40.79211,40.08025,0.0
2022-01-24 14:00:45.002728,40.32797,39.8735,0.0
2022-01-24 14:00:45.506665,39.6064,40.90475,0.0
2022-01-24 14:00:46.005322,39.55441,40.5445,0.0
2022-01-24 14:00:46.503526,40.17326,40.183,0.0
2022-01-24 14:00:47.001960,39.6064,39.66675,0.0
2022-01-24 14:00:47.506887,39.86384,40.69925,0.0
2022-01-24 14:00:48.005082,39.29697,40.59525,0.0
2022-01-24 14:00:48.502529,40.12128,39.564,0.0
2022-01-24 14:00:49.002743,40.68938,39.8735,0.0
2022-01-24 14:00:49.509660,40.01855,40.75,0.0
2022-01-24 14:00:50.008006,39.81185,40.5445,0.0
2022-01-24 14:00:50.503011,39.50243,39.77075,0.0
2022-01-24 14:00:51.003087,39.34772,40.75,0.0
2022-01-24 14:00:51.508214,39.03829,40.64725,0.0
2022-01-24 14:00:52.006495,40.4307,39.8735,0.0
2022-01-24 14:00:52.503842,40.53467,39.40925,0.0
2022-01-24 14:00:53.003361,40.68938,40.64725,0.0
2022-01-24 14:00:53.510625,39.70912,40.235,0.0
2022-01-24 14:00:54.009544,40.27599,39.9255,0.0
2022-01-24 14:00:54.507958,40.53467,40.08025,0.0
2022-01-24 14:00:55.006086,40.68938,41.369,0.0
2022-01-24 14:00:55.502415,39.86384,40.59525,0.0
2022-01-24 14:00:56.010491,40.4307,39.46125,0.0
2022-01-24 14:00:56.507427,39.55441,40.02825,0.0
2022-01-24 14:00:57.005691,38.88358,40.131,0.0
2022-01-24 14:00:57.503639,40.17326,40.33775,0.0
2022-01-24 14:00:58.001207,39.70912,39.512,0.0
2022-01-24 14:00:58.506786,40.4307,40.38975,0.0
2022-01-24 14:00:59.005049,40.22525,40.4405,0.0
2022-01-24 14:00:59.511032,40.27599,39.8735,0.0
2022-01-24 14:01:00.009901,39.50243,40.38975,0.0
2022-01-24 14:01:00.504614,39.70912,40.75,0.0
2022-01-24 14:01:01.002324,39.29697,40.02825,0.0
2022-01-24 14:01:01.510287,40.17326,39.564,0.0
2022-01-24 14:01:02.008129,40.8441,40.69925,0.0
2022-01-24 14:01:02.504120,39.91582,40.5445,0.0
2022-01-24 14:01:03.002497,40.48269,39.8735,0.0
2022-01-24 14:01:03.501770,39.45168,39.8735,0.0
2022-01-24 14:01:04.001265,40.07053,41.1115,0.0
2022-01-24 14:01:04.507683,39.81185,40.64725,0.0
2022-01-24 14:01:05.006042,40.48269,40.02825,0.0
2022-01-24 14:01:05.501763,39.70912,39.66675,0.0
2022-01-24 14:01:06.010724,39.3997,40.802,0.0
2022-01-24 14:01:06.506977,39.91582,40.38975,0.0
2022-01-24 14:01:07.005327,39.55441,39.35725,0.0
2022-01-24 14:01:07.501167,39.81185,40.4405,0.0
2022-01-24 14:01:08.002288,39.29697,40.64725,0.0
2022-01-24 14:01:08.503732,40.32797,40.235,0.0
2022-01-24 14:01:09.001814,40.58542,39.15175,0.0
2022-01-24 14:01:09.508224,39.81185,41.0595,0.0
2022-01-24 14:01:10.008504,39.65714,40.95675,0.0
2022-01-24 14:01:10.506376,40.37996,40.02825,0.0
2022-01-24 14:01:11.010523,40.22525,39.35725,0.0
2022-01-24 14:01:11.510766,40.4307,41.21425,0.0
2022-01-24 14:01:12.008714,39.50243,41.21425,0.0
2022-01-24 14:01:12.504884,40.58542,39.8735,0.0
2022-01-24 14:01:13.003303,40.17326,39.2545,0.0
2022-01-24 14:01:13.503634,39.81185,40.802,0.0
2022-01-24 14:01:14.001417,38.98755,40.64725,0.0
2022-01-24 14:01:14.510398,40.01855,39.97625,0.0
2022-01-24 14:01:15.006482,39.96657,40.235,0.0
2022-01-24 14:01:15.502774,40.32797,40.4925,0.0
2022-01-24 14:01:16.001064,40.89484,40.02825,0.0
2022-01-24 14:01:16.508551,40.17326,40.235,0.0
2022-01-24 14:01:17.007626,39.14226,40.38975,0.0
2022-01-24 14:01:17.504940,39.24499,39.97625,0.0
2022-01-24 14:01:18.004478,40.17326,39.8735,0.0
2022-01-24 14:01:18.508932,40.12128,40.5445,0.0
2022-01-24 14:01:19.007990,40.07053,40.59525,0.0
2022-01-24 14:01:19.505146,40.32797,39.97625,0.0
2022-01-24 14:01:20.003070,40.22525,40.02825,0.0
2022-01-24 14:01:20.508929,40.01855,40.59525,0.0
2022-01-24 14:01:21.001629,40.27599,40.4925,0.0
2022-01-24 14:01:21.508254,40.48269,39.71875,0.0
2022-01-24 14:01:22.008128,39.65714,39.564,0.0
2022-01-24 14:01:22.505160,39.65714,40.95675,0.0
2022-01-24 14:01:23.003400,39.193,40.5445,0.0
2022-01-24 14:01:23.510488,39.86384,39.512,0.0
2022-01-24 14:01:24.009331,38.83283,39.71875,0.0
2022-01-24 14:01:24.504973,40.32797,41.21425,0.0
2022-01-24 14:01:25.004734,40.48269,40.59525,0.0
2022-01-24 14:01:26.005431,40.27599,40.28575,0.0
2022-01-24 14:01:26.501747,40.27599,40.59525,0.0
2022-01-24 14:01:27.009842,39.76111,40.02825,0.0
2022-01-24 14:01:27.506282,39.81185,38.945,0.0
2022-01-24 14:01:28.004481,40.32797,40.802,0.0
2022-01-24 14:01:28.510721,39.76111,40.802,0.0
2022-01-24 14:01:29.008416,40.79211,40.02825,0.0
2022-01-24 14:01:29.503989,40.4307,40.28575,0.0
2022-01-24 14:01:30.003383,40.12128,40.5445,0.0
2022-01-24 14:01:30.508279,39.91582,40.38975,0.0
2022-01-24 14:01:31.006336,40.4307,39.2025,0.0
2022-01-24 14:01:31.502990,39.86384,39.564,0.0
2022-01-24 14:01:32.010692,39.29697,40.59525,0.0
2022-01-24 14:01:32.505816,40.27599,40.235,0.0
2022-01-24 14:01:33.003748,40.22525,39.8735,0.0
2022-01-24 14:01:33.510987,39.6064,40.69925,0.0
2022-01-24 14:01:34.009112,39.45168,40.38975,0.0
2022-01-24 14:01:34.505089,39.14226,39.8215,0.0
2022-01-24 14:01:35.004284,39.55441,40.235,0.0
2022-01-24 14:01:35.501358,40.8441,40.64725,0.0
2022-01-24 14:01:36.010318,40.01855,40.28575,0.0
2022-01-24 14:01:36.504755,40.53467,39.97625,0.0
2022-01-24 14:01:37.002065,40.07053,40.64725,0.0
2022-01-24 14:01:37.507663,40.32797,40.64725,0.0
2022-01-24 14:01:38.009784,39.96657,40.131,0.0
2022-01-24 14:01:38.505074,40.07053,39.66675,0.0
2022-01-24 14:01:39.002770,40.48269,40.75,0.0
2022-01-24 14:01:39.508511,39.50243,40.4405,0.0
2022-01-24 14:01:40.006866,39.70912,39.77075,0.0
2022-01-24 14:01:40.501517,39.14226,39.9255,0.0
2022-01-24 14:01:41.010385,39.50243,41.1635,0.0
2022-01-24 14:01:41.505435,39.193,40.64725,0.0
2022-01-24 14:01:42.002788,40.74013,39.71875,0.0
2022-01-24 14:01:42.508937,40.48269,39.8735,0.0
2022-01-24 14:01:43.008941,40.07053,41.1115,0.0
2022-01-24 14:01:43.504194,39.24499,40.4925,0.0
2022-01-24 14:01:44.002338,39.81185,39.2025,0.0
2022-01-24 14:01:44.508610,39.193,40.38975,0.0
2022-01-24 14:01:45.007248,39.86384,40.5445,0.0
2022-01-24 14:01:45.504213,41.10154,39.8735,0.0
2022-01-24 14:01:46.004595,40.37996,39.9255,0.0
2022-01-24 14:01:46.510332,40.07053,41.00875,0.0
2022-01-24 14:01:47.008604,40.01855,40.38975,0.0
2022-01-24 14:01:47.507790,40.8441,39.2545,0.0
2022-01-24 14:01:48.006368,40.32797,39.9255,0.0
2022-01-24 14:01:48.501523,40.27599,40.5445,0.0
2022-01-24 14:01:49.001735,39.55441,40.183,0.0
2022-01-24 14:01:49.507125,40.17326,39.2025,0.0
2022-01-24 14:01:50.005544,39.3997,40.69925,0.0
2022-01-24 14:01:50.502223,40.22525,40.90475,0.0
2022-01-24 14:01:51.009744,40.01855,40.4405,0.0
2022-01-24 14:01:51.504817,39.6064,39.616,0.0
2022-01-24 14:01:52.003937,40.17326,40.235,0.0
2022-01-24 14:01:52.510086,39.70912,40.33775,0.0
2022-01-24 14:01:53.008848,40.4307,40.08025,0.0
2022-01-24 14:01:53.504930,39.96657,39.66675,0.0
2022-01-24 14:01:54.004020,40.48269,40.90475,0.0
2022-01-24 14:01:54.510008,40.27599,40.4925,0.0
2022-01-24 14:01:55.007871,40.68938,39.564,0.0
2022-01-24 14:01:55.503899,40.27599,40.802,0.0
2022-01-24 14:01:56.002832,40.32797,40.854,0.0
2022-01-24 14:01:56.510177,39.3997,39.97625,0.0
2022-01-24 14:01:57.008648,39.70912,39.15175,0.0
2022-01-24 14:01:57.504076,39.76111,40.5445,0.0
2022-01-24 14:01:58.003138,39.6064,40.5445,0.0
2022-01-24 14:01:58.502951,40.22525,39.8215,0.0
2022-01-24 14:01:59.001539,40.32797,39.77075,0.0
2022-01-24 14:01:59.507835,39.76111,41.473,0.0
2022-01-24 14:02:00.005871,39.6064,41.0595,0.0
2022-01-24 14:02:00.502561,39.81185,39.616,0.0
2022-01-24 14:02:01.001223,40.07053,39.564,0.0
2022-01-24 14:02:01.509423,39.91582,40.33775,0.0
2022-01-24 14:02:02.008095,39.91582,40.28575,0.0
2022-01-24 14:02:02.503479,40.89484,39.8735,0.0
2022-01-24 14:02:03.002123,40.17326,40.64725,0.0
2022-01-24 14:02:03.506983,40.48269,40.5445,0.0
2022-01-24 14:02:04.006397,40.27599,39.564,0.0
2022-01-24 14:02:04.504603,40.48269,40.802,0.0
2022-01-24 14:02:05.004246,40.27599,40.802,0.0
2022-01-24 14:02:05.501856,40.12128,40.235,0.0
2022-01-24 14:02:06.010491,40.22525,39.3065,0.0
2022-01-24 14:02:06.509840,39.193,39.8215,0.0
2022-01-24 14:02:07.008116,38.93556,40.802,0.0
2022-01-24 14:02:07.502317,39.81185,40.131,0.0
2022-01-24 14:02:08.010642,40.4307,39.46125,0.0
2022-01-24 14:02:08.506350,40.17326,40.59525,0.0
2022-01-24 14:02:09.005677,39.96657,40.4405,0.0
2022-01-24 14:02:09.502635,39.34772,39.9255,0.0
2022-01-24 14:02:10.002108,40.17326,40.02825,0.0
2022-01-24 14:02:10.507259,40.01855,40.28575,0.0
2022-01-24 14:02:11.010579,40.12128,40.235,0.0
2022-01-24 14:02:11.506079,40.79211,39.8215,0.0
2022-01-24 14:02:12.004652,39.91582,40.38975,0.0
2022-01-24 14:02:12.510126,39.86384,40.802,0.0
2022-01-24 14:02:13.008533,39.65714,40.131,0.0
2022-01-24 14:02:13.505134,40.6374,39.66675,0.0
2022-01-24 14:02:14.003593,40.17326,40.854,0.0
2022-01-24 14:02:14.509054,39.91582,41.0595,0.0
2022-01-24 14:02:15.007662,39.34772,40.183,0.0
2022-01-24 14:02:15.505180,40.12128,39.40925,0.0
2022-01-24 14:02:16.003572,39.50243,40.235,0.0
2022-01-24 14:02:16.509841,39.96657,40.75,0.0
2022-01-24 14:02:17.008030,40.68938,40.02825,0.0
2022-01-24 14:02:17.502948,40.74013,40.02825,0.0
2022-01-24 14:02:18.003891,39.81185,40.75,0.0
2022-01-24 14:02:18.509647,39.3997,40.183,0.0
2022-01-24 14:02:19.007959,40.58542,39.97625,0.0
2022-01-24 14:02:19.503430,40.4307,40.69925,0.0
2022-01-24 14:02:20.001200,40.4307,40.235,0.0
2022-01-24 14:02:20.505446,39.81185,39.71875,0.0
2022-01-24 14:02:21.005257,40.68938,40.38975,0.0
2022-01-24 14:02:21.510617,40.17326,40.75,0.0
2022-01-24 14:02:22.009229,40.68938,40.183,0.0
2022-01-24 14:02:22.507374,39.81185,39.2025,0.0
2022-01-24 14:02:23.007265,40.12128,40.4925,0.0
2022-01-24 14:02:23.502774,39.14226,41.1115,0.0
2022-01-24 14:02:24.001838,39.14226,40.38975,0.0
2022-01-24 14:02:24.507356,40.6374,39.512,0.0
2022-01-24 14:02:25.006757,40.17326,40.183,0.0
2022-01-24 14:02:25.501392,39.91582,40.854,0.0
2022-01-24 14:02:26.009228,39.65714,40.131,0.0
2022-01-24 14:02:26.503489,40.01855,39.04775,0.0
2022-01-24 14:02:27.004592,39.193,40.69925,0.0
2022-01-24 14:02:27.509968,40.53467,40.75,0.0
2022-01-24 14:02:28.008140,39.70912,39.9255,0.0
2022-01-24 14:02:28.504374,40.37996,39.9255,0.0
2022-01-24 14:02:29.003353,40.22525,40.95675,0.0
2022-01-24 14:02:29.509094,39.86384,40.4925,0.0
2022-01-24 14:02:30.008013,40.6374,39.46125,0.0
2022-01-24 14:02:30.503334,40.01855,39.77075,0.0
2022-01-24 14:02:31.002633,40.32797,40.5445,0.0
2022-01-24 14:02:31.509768,39.96657,40.28575,0.0
2022-01-24 14:02:32.009196,40.17326,39.66675,0.0
2022-01-24 14:02:32.505441,39.55441,40.4405,0.0
2022-01-24 14:02:33.004720,39.70912,40.4925,0.0
2022-01-24 14:02:33.501353,39.29697,40.59525,0.0
2022-01-24 14:02:34.010825,40.01855,39.97625,0.0
2022-01-24 14:02:34.505290,40.17326,40.90475,0.0
2022-01-24 14:02:35.004877,39.91582,40.131,0.0
2022-01-24 14:02:35.502810,40.07053,39.2025,0.0
2022-01-24 14:02:36.010810,40.58542,40.38975,0.0
2022-01-24 14:02:36.505204,40.07053,40.4925,0.0
2022-01-24 14:02:37.005557,40.17326,40.02825,0.0
2022-01-24 14:02:37.501008,40.53467,40.02825,0.0
2022-01-24 14:02:38.009542,40.07053,41.31825,0.0
2022-01-24 14:02:38.508466,39.76111,40.59525,0.0
2022-01-24 14:02:39.006272,39.76111,39.8735,0.0
2022-01-24 14:02:39.502508,40.68938,39.3065,0.0
2022-01-24 14:02:40.010133,39.91582,40.64725,0.0
2022-01-24 14:02:40.507296,39.91582,40.4925,0.0
2022-01-24 14:02:41.005700,39.96657,39.66675,0.0
2022-01-24 14:02:41.502285,39.86384,40.33775,0.0
2022-01-24 14:02:42.010303,39.81185,41.1115,0.0
2022-01-24 14:02:42.506793,39.65714,40.38975,0.0
2022-01-24 14:02:43.004495,39.91582,39.616,0.0
2022-01-24 14:02:43.510428,40.22525,40.235,0.0
2022-01-24 14:02:44.007726,39.86384,40.4405,0.0
2022-01-24 14:02:44.503763,40.12128,40.02825,0.0
2022-01-24 14:02:45.002440,40.74013,39.616,0.0
2022-01-24 14:02:45.509214,40.01855,40.802,0.0
2022-01-24 14:02:46.001028,40.6374,40.64725,0.0
2022-01-24 14:02:46.507891,40.01855,39.66675,0.0
2022-01-24 14:02:47.005850,40.07053,40.5445,0.0
2022-01-24 14:02:47.501161,40.32797,40.95675,0.0
2022-01-24 14:02:48.009400,40.53467,40.64725,0.0
2022-01-24 14:02:48.506008,40.12128,39.40925,0.0
2022-01-24 14:02:49.006136,39.76111,39.616,0.0
2022-01-24 14:02:49.502693,39.24499,40.75,0.0
2022-01-24 14:02:50.010560,39.193,40.235,0.0
2022-01-24 14:02:50.505214,40.27599,39.564,0.0
2022-01-24 14:02:51.002642,40.8441,41.21425,0.0
2022-01-24 14:02:51.510294,40.4307,41.1635,0.0
2022-01-24 14:02:52.003132,39.81185,39.8215,0.0
2022-01-24 14:02:52.508885,39.65714,39.564,0.0
2022-01-24 14:02:53.005430,39.03829,40.38975,0.0
2022-01-24 14:02:53.503725,40.68938,40.08025,0.0
2022-01-24 14:02:54.002553,40.8441,39.46125,0.0
2022-01-24 14:02:54.508623,40.17326,40.33775,0.0
2022-01-24 14:02:55.008095,40.07053,40.235,0.0
2022-01-24 14:02:55.503524,40.22525,40.183,0.0
2022-01-24 14:02:56.005130,40.37996,40.59525,0.0
2022-01-24 14:02:56.509336,40.4307,40.38975,0.0
2022-01-24 14:02:57.006284,39.96657,40.183,0.0
2022-01-24 14:02:57.501781,40.17326,39.616,0.0
2022-01-24 14:02:58.001213,40.01855,39.97625,0.0
2022-01-24 14:02:58.506280,39.96657,40.183,0.0
2022-01-24 14:02:59.005311,39.81185,40.131,0.0
2022-01-24 14:02:59.509964,39.14226,39.77075,0.0
2022-01-24 14:03:00.007602,39.81185,40.95675,0.0
2022-01-24 14:03:00.503639,40.17326,40.69925,0.0
2022-01-24 14:03:01.011350,39.76111,40.02825,0.0
2022-01-24 14:03:01.506773,39.86384,39.616,0.0
2022-01-24 14:03:02.006816,39.86384,40.75,0.0
2022-01-24 14:03:02.501717,39.96657,40.4925,0.0
2022-01-24 14:03:03.010903,39.91582,39.512,0.0
2022-01-24 14:03:03.508159,40.58542,39.8735,0.0
2022-01-24 14:03:04.005531,39.76111,41.369,0.0
2022-01-24 14:03:04.510560,40.6374,40.4925,0.0
2022-01-24 14:03:05.008950,39.70912,39.71875,0.0
2022-01-24 14:03:05.505507,40.53467,40.183,0.0
2022-01-24 14:03:06.004647,40.01855,40.854,0.0
2022-01-24 14:03:06.500970,39.65714,40.131,0.0
2022-01-24 14:03:07.010807,39.81185,39.15175,0.0
2022-01-24 14:03:07.506709,40.4307,40.38975,0.0
2022-01-24 14:03:08.005105,40.17326,40.4925,0.0
2022-01-24 14:03:08.509847,40.07053,39.9255,0.0
2022-01-24 14:03:09.007613,40.07053,39.71875,0.0
2022-01-24 14:03:09.501882,39.65714,41.0595,0.0
2022-01-24 14:03:10.010473,39.76111,40.64725,0.0
2022-01-24 14:03:10.506516,39.81185,39.40925,0.0
2022-01-24 14:03:11.010758,40.53467,39.9255,0.0
2022-01-24 14:03:11.505245,40.32797,40.95675,0.0
2022-01-24 14:03:12.004167,39.50243,40.4405,0.0
2022-01-24 14:03:12.508677,40.48269,39.40925,0.0
2022-01-24 14:03:13.008014,40.74013,40.69925,0.0
2022-01-24 14:03:13.503001,39.86384,40.33775,0.0
2022-01-24 14:03:14.001747,40.22525,39.77075,0.0
2022-01-24 14:03:14.507448,39.96657,39.8735,0.0
2022-01-24 14:03:15.007507,39.70912,41.00875,0.0
2022-01-24 14:03:15.504149,39.14226,40.69925,0.0
2022-01-24 14:03:16.003908,38.62614,39.512,0.0
2022-01-24 14:03:16.508199,40.74013,39.616,0.0
2022-01-24 14:03:17.007519,40.68938,40.59525,0.0
2022-01-24 14:03:17.503505,40.22525,40.4405,0.0
2022-01-24 14:03:18.001684,39.76111,39.512,0.0
2022-01-24 14:03:18.508707,40.27599,39.77075,0.0
2022-01-24 14:03:19.006820,39.86384,40.854,0.0
2022-01-24 14:03:19.503463,39.76111,40.69925,0.0
2022-01-24 14:03:20.002819,40.17326,39.564,0.0
2022-01-24 14:03:20.508127,40.37996,40.33775,0.0
2022-01-24 14:03:21.008247,40.74013,41.0595,0.0
2022-01-24 14:03:21.502798,39.96657,40.131,0.0
2022-01-24 14:03:22.001124,40.68938,39.97625,0.0
2022-01-24 14:03:22.505118,40.32797,40.59525,0.0
2022-01-24 14:03:23.003328,40.48269,39.9255,0.0
2022-01-24 14:03:23.509547,39.91582,39.512,0.0
2022-01-24 14:03:24.010772,40.48269,41.00875,0.0
2022-01-24 14:03:24.508824,39.91582,40.64725,0.0
2022-01-24 14:03:25.008377,39.24499,40.183,0.0
2022-01-24 14:03:25.503087,39.29697,39.77075,0.0
2022-01-24 14:03:26.001708,39.86384,41.1115,0.0
2022-01-24 14:03:26.507498,39.81185,40.854,0.0
2022-01-24 14:03:27.006398,39.6064,39.564,0.0
2022-01-24 14:03:27.501195,40.37996,38.997,0.0
2022-01-24 14:03:28.001840,40.48269,41.00875,0.0
2022-01-24 14:03:28.510396,40.07053,40.64725,0.0
2022-01-24 14:03:29.008766,40.07053,40.02825,0.0
2022-01-24 14:03:29.505180,40.27599,40.28575,0.0
2022-01-24 14:03:30.003377,39.76111,40.802,0.0
2022-01-24 14:03:30.509098,40.89484,39.97625,0.0
2022-01-24 14:03:31.006765,40.01855,39.8735,0.0
2022-01-24 14:03:31.504859,40.79211,40.28575,0.0
2022-01-24 14:03:32.003656,39.70912,40.183,0.0
2022-01-24 14:03:32.509741,39.6064,39.8215,0.0
2022-01-24 14:03:33.008376,39.86384,39.97625,0.0
2022-01-24 14:03:33.504109,39.3997,40.90475,0.0
2022-01-24 14:03:34.002760,40.07053,40.75,0.0
2022-01-24 14:03:34.509189,40.12128,39.66675,0.0
2022-01-24 14:03:35.008308,40.48269,40.08025,0.0
2022-01-24 14:03:35.504096,40.27599,41.0595,0.0
2022-01-24 14:03:36.003487,39.6064,40.75,0.0
2022-01-24 14:03:36.507956,39.65714,39.2025,0.0
2022-01-24 14:03:37.007256,40.4307,39.77075,0.0
2022-01-24 14:03:37.503239,40.37996,40.802,0.0
2022-01-24 14:03:38.001752,40.27599,40.4925,0.0
2022-01-24 14:03:38.507531,39.50243,39.564,0.0
2022-01-24 14:03:39.005126,40.68938,40.854,0.0
2022-01-24 14:03:39.501544,39.91582,40.59525,0.0
2022-01-24 14:03:40.001092,40.27599,39.512,0.0
2022-01-24 14:03:40.506846,40.58542,39.8735,0.0
2022-01-24 14:03:41.006246,39.70912,41.1115,0.0
2022-01-24 14:03:41.503018,40.12128,40.08025,0.0
2022-01-24 14:03:42.001738,39.24499,39.2545,0.0
2022-01-24 14:03:42.507912,39.76111,40.90475,0.0
2022-01-24 14:03:43.006414,40.07053,40.854,0.0
2022-01-24 14:03:43.502364,40.01855,40.28575,0.0
2022-01-24 14:03:44.010751,40.07053,39.35725,0.0
2022-01-24 14:03:44.505769,39.96657,40.183,0.0
2022-01-24 14:03:45.002925,39.86384,40.4925,0.0
2022-01-24 14:03:45.508648,39.81185,39.66675,0.0
2022-01-24 14:03:46.007811,40.4307,39.512,0.0
2022-01-24 14:03:46.506193,39.65714,40.5445,0.0
2022-01-24 14:03:47.004263,40.07053,40.75,0.0
2022-01-24 14:03:47.502234,39.70912,39.97625,0.0
2022-01-24 14:03:48.010548,40.6374,40.4405,0.0
2022-01-24 14:03:48.505800,40.17326,40.33775,0.0
2022-01-24 14:03:49.003343,40.12128,40.02825,0.0
2022-01-24 14:03:49.509004,40.22525,39.66675,0.0
2022-01-24 14:03:50.007279,40.17326,40.75,0.0
2022-01-24 14:03:50.504313,39.91582,40.08025,0.0
2022-01-24 14:03:51.004667,39.6064,39.564,0.0
2022-01-24 14:03:51.500931,40.12128,40.28575,0.0
2022-01-24 14:03:52.008804,39.76111,41.0595,0.0
2022-01-24 14:03:52.503896,39.45168,40.5445,0.0
2022-01-24 14:03:53.002141,40.12128,39.564,0.0
2022-01-24 14:03:53.506818,40.89484,39.71875,0.0
2022-01-24 14:03:54.004728,40.68938,40.4925,0.0
2022-01-24 14:03:54.510313,40.48269,40.183,0.0
2022-01-24 14:03:55.009919,39.81185,39.77075,0.0
2022-01-24 14:03:55.509062,40.58542,40.64725,0.0
2022-01-24 14:03:56.007897,40.17326,40.4925,0.0
2022-01-24 14:03:56.503853,40.22525,39.8735,0.0
2022-01-24 14:03:57.003913,40.17326,40.02825,0.0
2022-01-24 14:03:57.510473,39.70912,40.69925,0.0
2022-01-24 14:03:58.008832,39.65714,40.08025,0.0
2022-01-24 14:03:58.504489,39.76111,39.564,0.0
2022-01-24 14:03:59.004017,39.76111,40.4925,0.0
2022-01-24 14:03:59.510695,40.32797,40.33775,0.0
2022-01-24 14:04:00.008597,40.4307,39.8735,0.0
2022-01-24 14:04:00.505177,40.22525,40.02825,0.0
2022-01-24 14:04:01.002905,40.32797,40.854,0.0
2022-01-24 14:04:01.509096,39.81185,40.4405,0.0
2022-01-24 14:04:02.005774,39.70912,39.564,0.0
2022-01-24 14:04:02.501783,39.14226,39.97625,0.0
2022-01-24 14:04:03.010808,39.91582,40.90475,0.0
2022-01-24 14:04:03.508654,40.68938,40.38975,0.0
2022-01-24 14:04:04.007099,40.12128,39.8215,0.0
2022-01-24 14:04:04.502324,40.74013,40.59525,0.0
2022-01-24 14:04:05.001398,39.6064,41.00875,0.0
2022-01-24 14:04:05.507209,39.91582,40.131,0.0
2022-01-24 14:04:06.003890,39.55441,39.512,0.0
2022-01-24 14:04:06.509020,40.79211,40.64725,0.0
2022-01-24 14:04:07.006905,40.12128,40.4405,0.0
2022-01-24 14:04:07.502721,39.86384,39.97625,0.0
2022-01-24 14:04:08.505095,39.81185,41.0595,0.0
2022-01-24 14:04:09.003670,39.91582,40.95675,0.0
2022-01-24 14:04:09.503561,39.65714,40.08025,0.0
2022-01-24 14:04:10.001704,40.48269,39.35725,0.0
2022-01-24 14:04:10.506451,40.22525,40.802,0.0
2022-01-24 14:04:11.010508,39.96657,40.59525,0.0
2022-01-24 14:04:11.506227,39.65714,39.616,0.0
2022-01-24 14:04:12.005161,40.32797,40.235,0.0
2022-01-24 14:04:12.501811,40.58542,40.75,0.0
2022-01-24 14:04:13.001310,40.68938,40.183,0.0
2022-01-24 14:04:13.507360,40.27599,39.512,0.0
2022-01-24 14:04:14.001742,40.4307,40.5445,0.0
2022-01-24 14:04:14.508090,39.50243,40.69925,0.0
2022-01-24 14:04:15.005473,40.07053,39.8215,0.0
2022-01-24 14:04:15.502639,39.55441,39.71875,0.0
2022-01-24 14:04:16.009929,39.24499,40.4925,0.0
2022-01-24 14:04:16.504246,39.81185,39.97625,0.0
2022-01-24 14:04:17.003358,39.76111,39.71875,0.0
2022-01-24 14:04:17.502838,40.12128,41.0595,0.0
2022-01-24 14:04:18.010777,40.01855,39.97625,0.0
2022-01-24 14:04:18.505199,39.86384,39.71875,0.0
2022-01-24 14:04:19.003283,39.76111,39.564,0.0
2022-01-24 14:04:19.509459,39.86384,40.802,0.0
2022-01-24 14:04:20.009158,39.70912,40.5445,0.0
2022-01-24 14:04:20.504165,40.37996,39.564,0.0
2022-01-24 14:04:21.505027,39.96657,41.1115,0.0
2022-01-24 14:04:22.004208,40.37996,40.28575,0.0
2022-01-24 14:04:22.506318,39.76111,39.66675,0.0
2022-01-24 14:04:23.003296,40.79211,39.71875,0.0
2022-01-24 14:04:23.501360,40.01855,40.90475,0.0
2022-01-24 14:04:24.010973,39.91582,40.28575,0.0
2022-01-24 14:04:24.504986,39.34772,39.616,0.0
2022-01-24 14:04:25.002610,39.50243,39.8735,0.0
2022-01-24 14:04:25.507458,39.14226,40.28575,0.0
2022-01-24 14:04:26.006500,40.48269,40.183,0.0
2022-01-24 14:04:26.502277,40.48269,39.97625,0.0
2022-01-24 14:04:27.004085,40.27599,40.95675,0.0
2022-01-24 14:04:28.005611,39.3997,39.46125,0.0
2022-01-24 14:04:28.502136,39.76111,40.235,0.0
2022-01-24 14:04:29.002069,39.55441,40.95675,0.0
2022-01-24 14:04:29.507936,40.01855,40.02825,0.0
2022-01-24 14:04:30.007489,39.65714,39.46125,0.0
2022-01-24 14:04:30.502741,40.58542,40.5445,0.0
2022-01-24 14:04:31.001345,40.32797,41.369,0.0
2022-01-24 14:04:31.506764,40.07053,40.02825,0.0
2022-01-24 14:04:32.005960,39.6064,39.04775,0.0
2022-01-24 14:04:32.503441,40.94682,40.08025,0.0
2022-01-24 14:04:33.001223,40.32797,40.64725,0.0
2022-01-24 14:04:33.503233,39.91582,40.08025,0.0
2022-01-24 14:04:34.010587,39.96657,40.28575,0.0
2022-01-24 14:04:34.504517,39.29697,40.4405,0.0
2022-01-24 14:04:35.003712,39.76111,39.97625,0.0
2022-01-24 14:04:35.510799,38.83283,39.9255,0.0
2022-01-24 14:04:36.008870,40.22525,40.64725,0.0
2022-01-24 14:04:36.506631,39.86384,40.08025,0.0
2022-01-24 14:04:37.004708,40.68938,39.616,0.0
2022-01-24 14:04:37.510317,40.07053,40.235,0.0
2022-01-24 14:04:38.008753,40.37996,40.95675,0.0
2022-01-24 14:04:38.504525,39.81185,40.38975,0.0
2022-01-24 14:04:39.003225,40.68938,39.66675,0.0
2022-01-24 14:04:39.508522,39.91582,40.131,0.0
2022-01-24 14:04:40.007044,40.58542,40.69925,0.0
2022-01-24 14:04:40.504009,40.07053,40.38975,0.0
2022-01-24 14:04:41.002210,39.55441,39.2025,0.0
2022-01-24 14:04:41.507407,39.81185,40.38975,0.0
2022-01-24 14:04:42.006701,39.193,40.64725,0.0
2022-01-24 14:04:42.504619,40.4307,40.183,0.0
2022-01-24 14:04:43.003061,40.01855,39.97625,0.0
2022-01-24 14:04:43.508927,40.53467,41.1635,0.0
2022-01-24 14:04:44.007458,40.17326,40.4925,0.0
2022-01-24 14:04:44.503000,40.53467,39.8735,0.0
2022-01-24 14:04:45.002023,39.50243,39.15175,0.0
2022-01-24 14:04:45.501839,39.86384,41.1635,0.0
2022-01-24 14:04:46.010313,39.96657,40.5445,0.0
2022-01-24 14:04:46.505815,40.4307,39.40925,0.0
2022-01-24 14:04:47.003606,40.27599,40.235,0.0
2022-01-24 14:04:47.509002,40.6374,41.0595,0.0
2022-01-24 14:04:48.007843,40.07053,40.28575,0.0
2022-01-24 14:04:48.504634,39.45168,39.564,0.0
2022-01-24 14:04:49.003563,40.79211,39.46125,0.0
2022-01-24 14:04:49.509536,40.22525,40.02825,0.0
2022-01-24 14:04:50.009637,40.12128,39.77075,0.0
2022-01-24 14:04:50.505070,39.96657,40.02825,0.0
2022-01-24 14:04:51.003518,39.91582,40.131,0.0
2022-01-24 14:04:51.509228,39.3997,40.28575,0.0
2022-01-24 14:04:52.007908,39.70912,40.69925,0.0
2022-01-24 14:04:52.503585,40.4307,40.59525,0.0
2022-01-24 14:04:53.003293,40.22525,40.59525,0.0
2022-01-24 14:04:53.508753,40.22525,39.66675,0.0
2022-01-24 14:04:54.001719,39.24499,39.2025,0.0
2022-01-24 14:04:54.509009,40.27599,40.59525,0.0
2022-01-24 14:04:55.006933,40.32797,40.28575,0.0
2022-01-24 14:04:55.503347,40.37996,39.66675,0.0
2022-01-24 14:04:56.003040,39.91582,40.235,0.0
2022-01-24 14:04:56.509400,40.74013,41.1115,0.0
2022-01-24 14:04:57.007276,39.91582,40.75,0.0
2022-01-24 14:04:57.502719,40.4307,39.564,0.0
2022-01-24 14:04:58.010690,39.65714,40.08025,0.0
2022-01-24 14:04:58.505457,40.4307,40.28575,0.0
2022-01-24 14:04:59.004950,39.91582,40.08025,0.0
2022-01-24 14:04:59.501916,39.193,39.35725,0.0
2022-01-24 14:05:00.009888,40.07053,40.854,0.0
2022-01-24 14:05:00.507817,39.65714,40.854,0.0
2022-01-24 14:05:01.009903,39.6064,40.02825,0.0
2022-01-24 14:05:01.504786,39.70912,39.9255,0.0
2022-01-24 14:05:02.002645,40.4307,41.57575,0.0
2022-01-24 14:05:02.508579,40.01855,40.38975,0.0
2022-01-24 14:05:03.006774,40.01855,39.2545,0.0
2022-01-24 14:05:03.501869,39.45168,38.997,0.0
2022-01-24 14:05:04.504978,40.17326,40.64725,0.0
2022-01-24 14:05:05.003489,40.27599,39.71875,0.0
2022-01-24 14:05:05.510541,39.86384,40.33775,0.0
2022-01-24 14:05:06.008901,40.6374,40.59525,0.0
2022-01-24 14:05:06.504011,40.07053,40.183,0.0
2022-01-24 14:05:07.003272,39.55441,39.564,0.0
2022-01-24 14:05:07.508707,39.91582,40.235,0.0
2022-01-24 14:05:08.007695,39.45168,40.4925,0.0
2022-01-24 14:05:08.504292,39.45168,39.8735,0.0
2022-01-24 14:05:09.003579,40.4307,40.5445,0.0
2022-01-24 14:05:09.509433,40.32797,40.4405,0.0
2022-01-24 14:05:10.007020,40.37996,39.97625,0.0
2022-01-24 14:05:10.502485,40.07053,40.131,0.0
2022-01-24 14:05:11.006276,39.45168,40.64725,0.0
2022-01-24 14:05:11.510983,39.91582,40.235,0.0
2022-01-24 14:05:12.008487,40.01855,39.66675,0.0
2022-01-24 14:05:12.505771,39.76111,39.97625,0.0
2022-01-24 14:05:13.003675,40.37996,40.802,0.0
2022-01-24 14:05:13.509167,39.86384,40.235,0.0
2022-01-24 14:05:14.008071,40.32797,39.616,0.0
2022-01-24 14:05:14.506701,40.01855,40.235,0.0
2022-01-24 14:05:15.005931,40.8441,40.90475,0.0
2022-01-24 14:05:15.501631,40.27599,40.183,0.0
2022-01-24 14:05:16.008963,40.58542,39.77075,0.0
2022-01-24 14:05:16.503612,39.6064,39.97625,0.0
2022-01-24 14:05:17.003768,39.81185,40.4925,0.0
2022-01-24 14:05:17.510872,39.6064,40.183,0.0
2022-01-24 14:05:18.011254,39.81185,39.3065,0.0
2022-01-24 14:05:18.506246,40.58542,40.4405,0.0
2022-01-24 14:05:19.003695,40.48269,40.64725,0.0
2022-01-24 14:05:19.510108,39.50243,39.66675,0.0
2022-01-24 14:05:20.001480,39.29697,40.235,0.0
2022-01-24 14:05:20.507607,40.48269,40.95675,0.0
2022-01-24 14:05:21.006036,40.07053,40.64725,0.0
2022-01-24 14:05:21.502068,40.22525,39.46125,0.0
2022-01-24 14:05:22.004398,39.81185,40.64725,0.0
2022-01-24 14:05:22.511075,40.12128,40.95675,0.0
2022-01-24 14:05:23.010424,40.48269,40.02825,0.0
2022-01-24 14:05:23.506330,40.48269,38.945,0.0
2022-01-24 14:05:24.005216,39.76111,40.33775,0.0
2022-01-24 14:05:24.503038,40.4307,41.0595,0.0
2022-01-24 14:05:25.002849,39.45168,40.131,0.0
2022-01-24 14:05:25.508981,38.47142,39.512,0.0
2022-01-24 14:05:26.007092,40.48269,40.802,0.0
2022-01-24 14:05:26.503112,40.12128,40.59525,0.0
2022-01-24 14:05:27.002085,40.01855,39.71875,0.0
2022-01-24 14:05:27.509048,40.12128,39.8215,0.0
2022-01-24 14:05:28.007378,40.01855,40.59525,0.0
2022-01-24 14:05:28.502741,39.6064,40.183,0.0
2022-01-24 14:05:29.001318,40.32797,39.77075,0.0
2022-01-24 14:05:29.507287,40.01855,41.1635,0.0
2022-01-24 14:05:30.006030,40.48269,40.59525,0.0
2022-01-24 14:05:30.502397,40.32797,39.71875,0.0
2022-01-24 14:05:31.011021,40.53467,39.8215,0.0
2022-01-24 14:05:31.505416,40.01855,40.95675,0.0
2022-01-24 14:05:32.004028,40.37996,40.131,0.0
2022-01-24 14:05:32.508898,40.27599,39.2545,0.0
2022-01-24 14:05:33.007366,39.86384,40.08025,0.0
2022-01-24 14:05:33.504162,40.01855,41.0595,0.0
2022-01-24 14:05:34.002843,39.45168,40.75,0.0
2022-01-24 14:05:34.508453,39.29697,39.564,0.0
2022-01-24 14:05:35.008017,39.81185,39.9255,0.0
2022-01-24 14:05:35.507893,40.68938,40.33775,0.0
2022-01-24 14:05:36.007932,40.4307,40.131,0.0
2022-01-24 14:05:36.502760,40.01855,39.09975,0.0
2022-01-24 14:05:37.001775,40.01855,39.8735,0.0
2022-01-24 14:05:37.507340,40.27599,40.4925,0.0
2022-01-24 14:05:38.006469,39.86384,39.97625,0.0
2022-01-24 14:05:38.501882,40.32797,40.64725,0.0
2022-01-24 14:05:39.009891,40.58542,40.854,0.0
2022-01-24 14:05:39.506984,39.70912,40.28575,0.0
2022-01-24 14:05:40.005132,40.12128,39.97625,0.0
2022-01-24 14:05:40.501740,39.50243,40.69925,0.0
2022-01-24 14:05:41.010581,40.79211,40.69925,0.0
2022-01-24 14:05:41.507874,40.27599,39.66675,0.0
2022-01-24 14:05:42.006583,39.76111,39.3065,0.0
2022-01-24 14:05:42.501309,40.07053,40.4405,0.0
2022-01-24 14:05:43.010110,39.70912,40.802,0.0
2022-01-24 14:05:43.505384,39.70912,40.08025,0.0
2022-01-24 14:05:44.004685,39.50243,40.08025,0.0
2022-01-24 14:05:44.511205,39.76111,40.69925,0.0
2022-01-24 14:05:45.010095,39.55441,40.4925,0.0
2022-01-24 14:05:45.506025,39.81185,39.9255,0.0
2022-01-24 14:05:46.005270,40.12128,39.8735,0.0
2022-01-24 14:05:46.510786,40.6374,40.08025,0.0
2022-01-24 14:05:47.009198,40.48269,39.97625,0.0
2022-01-24 14:05:47.504486,40.53467,40.4925,0.0
2022-01-24 14:05:48.002738,39.76111,41.0595,0.0
2022-01-24 14:05:48.505191,40.74013,40.5445,0.0
2022-01-24 14:05:49.004375,39.86384,39.77075,0.0
2022-01-24 14:05:49.510692,40.74013,40.02825,0.0
2022-01-24 14:05:50.008453,40.22525,41.1635,0.0
2022-01-24 14:05:50.503330,40.22525,40.38975,0.0
2022-01-24 14:05:51.001859,39.29697,39.40925,0.0
2022-01-24 14:05:51.508471,39.09027,39.66675,0.0
2022-01-24 14:05:52.006849,40.01855,41.1635,0.0
2022-01-24 14:05:52.502415,40.48269,40.28575,0.0
2022-01-24 14:05:53.009935,40.17326,39.9255,0.0
2022-01-24 14:05:53.506227,39.81185,39.9255,0.0
2022-01-24 14:05:54.004328,39.45168,40.08025,0.0
2022-01-24 14:05:54.510588,39.76111,40.08025,0.0
2022-01-24 14:05:55.009974,39.50243,39.97625,0.0
2022-01-24 14:05:55.507823,40.68938,40.235,0.0
2022-01-24 14:05:56.007987,40.48269,40.28575,0.0
2022-01-24 14:05:56.503744,40.22525,40.131,0.0
2022-01-24 14:05:57.002534,39.76111,41.369,0.0
2022-01-24 14:05:57.501292,40.48269,40.802,0.0
2022-01-24 14:05:58.009274,40.01855,40.08025,0.0
2022-01-24 14:05:58.503871,40.53467,39.512,0.0
2022-01-24 14:05:59.003129,39.76111,40.854,0.0
2022-01-24 14:05:59.508626,40.17326,40.33775,0.0
2022-01-24 14:06:00.006721,39.193,39.564,0.0
2022-01-24 14:06:00.503403,39.65714,39.564,0.0
2022-01-24 14:06:01.002285,39.55441,41.00875,0.0
2022-01-24 14:06:01.509560,39.81185,40.59525,0.0
2022-01-24 14:06:02.007307,40.27599,39.512,0.0
2022-01-24 14:06:02.501953,39.55441,40.131,0.0
2022-01-24 14:06:03.009970,39.96657,41.00875,0.0
2022-01-24 14:06:03.506725,39.34772,40.131,0.0
2022-01-24 14:06:04.005191,40.37996,39.2545,0.0
2022-01-24 14:06:04.506588,40.27599,40.854,0.0
2022-01-24 14:06:05.010509,40.6374,40.59525,0.0
2022-01-24 14:06:05.508171,39.91582,40.02825,0.0
2022-01-24 14:06:06.008704,40.32797,39.71875,0.0
2022-01-24 14:06:06.504687,39.70912,41.1635,0.0
2022-01-24 14:06:07.004031,40.68938,41.00875,0.0
2022-01-24 14:06:07.509369,40.22525,39.97625,0.0
2022-01-24 14:06:08.004520,39.65714,39.8215,0.0
2022-01-24 14:06:08.510303,39.50243,40.59525,0.0
2022-01-24 14:06:09.005102,39.76111,40.235,0.0
2022-01-24 14:06:09.505568,40.22525,40.183,0.0
2022-01-24 14:06:10.004597,40.01855,40.28575,0.0
2022-01-24 14:06:10.509441,40.17326,40.38975,0.0
2022-01-24 14:06:11.004998,39.50243,39.8215,0.0
2022-01-24 14:06:11.502697,39.65714,40.28575,0.0
2022-01-24 14:06:12.002753,39.50243,40.5445,0.0
2022-01-24 14:06:12.510820,40.22525,40.183,0.0
2022-01-24 14:06:13.009862,40.6374,39.564,0.0
2022-01-24 14:06:13.507418,40.22525,40.75,0.0
2022-01-24 14:06:14.006112,39.81185,41.00875,0.0
2022-01-24 14:06:14.510827,40.99881,40.235,0.0
2022-01-24 14:06:15.006533,40.27599,39.2025,0.0
2022-01-24 14:06:15.503987,39.70912,40.5445,0.0
2022-01-24 14:06:16.002769,40.48269,40.59525,0.0
2022-01-24 14:06:16.507176,39.96657,40.28575,0.0
2022-01-24 14:06:17.005090,39.14226,39.564,0.0
2022-01-24 14:06:17.511021,39.29697,40.854,0.0
2022-01-24 14:06:18.010375,39.3997,40.59525,0.0
2022-01-24 14:06:18.504978,40.12128,39.97625,0.0
2022-01-24 14:06:19.004152,40.4307,39.8215,0.0
2022-01-24 14:06:19.501370,40.27599,40.38975,0.0
2022-01-24 14:06:20.009974,40.17326,40.131,0.0
2022-01-24 14:06:20.506297,40.01855,39.77075,0.0
2022-01-24 14:06:21.004395,39.65714,40.4405,0.0
2022-01-24 14:06:21.510589,39.29697,40.69925,0.0
2022-01-24 14:06:22.009440,40.6374,40.02825,0.0
2022-01-24 14:06:22.505485,39.96657,39.8215,0.0
2022-01-24 14:06:23.003530,39.6064,40.95675,0.0
2022-01-24 14:06:23.509780,40.79211,40.5445,0.0
2022-01-24 14:06:24.008342,40.07053,39.8735,0.0
2022-01-24 14:06:24.505745,40.89484,39.35725,0.0
2022-01-24 14:06:25.003538,40.27599,41.31825,0.0
2022-01-24 14:06:25.509790,40.27599,40.59525,0.0
2022-01-24 14:06:26.009004,40.01855,39.66675,0.0
2022-01-24 14:06:26.505082,39.81185,39.564,0.0
2022-01-24 14:06:27.003968,39.34772,41.00875,0.0
2022-01-24 14:06:27.510090,39.55441,40.235,0.0
2022-01-24 14:06:28.008444,39.3997,39.564,0.0
2022-01-24 14:06:28.504099,39.55441,40.131,0.0
2022-01-24 14:06:29.003616,40.8441,40.28575,0.0
2022-01-24 14:06:29.509293,40.17326,39.97625,0.0
2022-01-24 14:06:30.007322,40.32797,40.33775,0.0
2022-01-24 14:06:30.502445,39.6064,40.4405,0.0
2022-01-24 14:06:31.009970,40.8441,40.28575,0.0
2022-01-24 14:06:31.506805,40.48269,39.8215,0.0
2022-01-24 14:06:32.005916,40.17326,40.69925,0.0
2022-01-24 14:06:32.502363,39.91582,40.33775,0.0
2022-01-24 14:06:33.011130,40.58542,39.97625,0.0
2022-01-24 14:06:33.508037,39.96657,39.616,0.0
2022-01-24 14:06:34.006273,39.76111,40.64725,0.0
2022-01-24 14:06:34.511104,39.50243,40.5445,0.0
2022-01-24 14:06:35.009271,40.22525,39.9255,0.0
2022-01-24 14:06:35.505898,39.6064,40.183,0.0
2022-01-24 14:06:36.004900,39.55441,40.75,0.0
2022-01-24 14:06:36.510216,40.68938,40.235,0.0
2022-01-24 14:06:37.008511,39.96657,39.46125,0.0
2022-01-24 14:06:37.503438,39.96657,40.02825,0.0
2022-01-24 14:06:38.003680,40.17326,40.854,0.0
2022-01-24 14:06:38.509952,40.79211,40.183,0.0
2022-01-24 14:06:39.009353,40.37996,39.564,0.0
2022-01-24 14:06:39.505556,40.12128,41.1115,0.0
2022-01-24 14:06:40.004588,39.3997,40.802,0.0
2022-01-24 14:06:40.510562,40.48269,39.97625,0.0
2022-01-24 14:06:41.009048,40.37996,39.35725,0.0
2022-01-24 14:06:41.504551,40.48269,40.5445,0.0
2022-01-24 14:06:42.001535,40.37996,40.854,0.0
2022-01-24 14:06:42.510542,40.12128,39.8735,0.0
2022-01-24 14:06:43.008586,39.81185,39.71875,0.0
2022-01-24 14:06:43.503650,38.93556,40.64725,0.0
2022-01-24 14:06:44.002303,39.70912,40.131,0.0
2022-01-24 14:06:44.507873,39.91582,39.512,0.0
2022-01-24 14:06:45.006601,39.6064,40.90475,0.0
2022-01-24 14:06:45.502094,40.74013,40.4405,0.0
2022-01-24 14:06:46.010568,40.58542,39.8215,0.0
2022-01-24 14:06:46.505723,40.27599,39.71875,0.0
2022-01-24 14:06:47.004434,39.34772,40.59525,0.0
2022-01-24 14:06:47.502486,40.01855,40.5445,0.0
2022-01-24 14:06:48.011132,39.76111,40.08025,0.0
2022-01-24 14:06:48.506161,40.94682,40.69925,0.0
2022-01-24 14:06:49.007355,40.17326,40.64725,0.0
2022-01-24 14:06:49.502445,40.58542,40.131,0.0
2022-01-24 14:06:50.009665,40.01855,39.40925,0.0
2022-01-24 14:06:50.504379,40.27599,40.4925,0.0
2022-01-24 14:06:51.003590,39.76111,40.75,0.0
2022-01-24 14:06:51.509781,40.6374,40.02825,0.0
2022-01-24 14:06:52.008818,40.07053,39.77075,0.0
2022-01-24 14:06:52.503143,40.12128,40.59525,0.0
2022-01-24 14:06:53.001644,40.01855,40.75,0.0
2022-01-24 14:06:53.507492,39.6064,39.9255,0.0
2022-01-24 14:06:54.005486,39.34772,39.2025,0.0
2022-01-24 14:06:54.505343,39.24499,40.69925,0.0
2022-01-24 14:06:55.003229,39.45168,40.4925,0.0
2022-01-24 14:06:55.509103,40.48269,39.46125,0.0
2022-01-24 14:06:56.007563,40.32797,39.8735,0.0
2022-01-24 14:06:56.504960,40.07053,40.802,0.0
2022-01-24 14:06:57.004062,40.22525,40.08025,0.0
2022-01-24 14:06:57.509900,40.01855,39.8735,0.0
2022-01-24 14:06:58.002390,40.22525,41.00875,0.0
2022-01-24 14:06:58.509036,40.07053,40.38975,0.0
2022-01-24 14:06:59.008560,40.4307,39.564,0.0
2022-01-24 14:06:59.505108,39.86384,39.71875,0.0
2022-01-24 14:07:00.002902,39.81185,40.64725,0.0
2022-01-24 14:07:00.509162,39.70912,39.8215,0.0
2022-01-24 14:07:01.007463,38.83283,39.46125,0.0
2022-01-24 14:07:01.503397,39.91582,40.802,0.0
2022-01-24 14:07:02.010910,40.07053,41.1635,0.0
2022-01-24 14:07:02.508180,40.68938,40.183,0.0
2022-01-24 14:07:03.008701,40.27599,39.512,0.0
2022-01-24 14:07:03.507583,39.55441,39.2545,0.0
2022-01-24 14:07:04.004612,39.55441,40.235,0.0
2022-01-24 14:07:04.501755,39.45168,40.02825,0.0
2022-01-24 14:07:05.010381,40.01855,39.66675,0.0
2022-01-24 14:07:05.506919,40.17326,40.64725,0.0
2022-01-24 14:07:06.006127,40.68938,40.183,0.0
2022-01-24 14:07:06.510620,40.4307,39.9255,0.0
2022-01-24 14:07:07.008598,39.55441,40.802,0.0
2022-01-24 14:07:07.504846,40.58542,40.38975,0.0
2022-01-24 14:07:08.003754,40.58542,40.08025,0.0
2022-01-24 14:07:08.507769,40.07053,39.71875,0.0
2022-01-24 14:07:09.007304,40.17326,40.64725,0.0
2022-01-24 14:07:09.503808,39.34772,40.235,0.0
2022-01-24 14:07:10.003295,39.70912,40.08025,0.0
2022-01-24 14:07:10.507875,39.76111,40.02825,0.0
2022-01-24 14:07:11.004355,39.45168,40.90475,0.0
2022-01-24 14:07:11.510400,40.37996,40.5445,0.0
2022-01-24 14:07:12.009063,40.01855,39.71875,0.0
2022-01-24 14:07:12.503550,39.81185,39.564,0.0
2022-01-24 14:07:13.003670,39.86384,40.802,0.0
2022-01-24 14:07:13.501893,40.17326,40.5445,0.0
2022-01-24 14:07:14.011057,40.01855,39.71875,0.0
2022-01-24 14:07:14.506385,40.32797,40.75,0.0
2022-01-24 14:07:15.005756,40.01855,40.64725,0.0
2022-01-24 14:07:15.501662,40.27599,40.08025,0.0
2022-01-24 14:07:16.010312,40.48269,39.71875,0.0
2022-01-24 14:07:16.505611,40.32797,41.1635,0.0
2022-01-24 14:07:17.003808,39.6064,41.00875,0.0
2022-01-24 14:07:17.509357,40.07053,39.71875,0.0
2022-01-24 14:07:18.009745,39.55441,39.3065,0.0
2022-01-24 14:07:18.505413,39.03829,40.64725,0.0
2022-01-24 14:07:19.004187,40.27599,41.00875,0.0
2022-01-24 14:07:19.510382,39.76111,39.77075,0.0
2022-01-24 14:07:20.008473,40.07053,39.97625,0.0
2022-01-24 14:07:20.504997,39.55441,40.4405,0.0
2022-01-24 14:07:21.002801,39.81185,40.59525,0.0
2022-01-24 14:07:21.509221,40.01855,40.02825,0.0
2022-01-24 14:07:22.007842,40.17326,40.33775,0.0
2022-01-24 14:07:22.505932,40.12128,40.5445,0.0
2022-01-24 14:07:23.005020,40.37996,40.08025,0.0
2022-01-24 14:07:23.502381,39.91582,40.02825,0.0
2022-01-24 14:07:24.010628,40.58542,40.4405,0.0
2022-01-24 14:07:24.506636,40.6374,40.28575,0.0
2022-01-24 14:07:25.004744,39.81185,39.8735,0.0
2022-01-24 14:07:25.510084,39.96657,40.75,0.0
2022-01-24 14:07:26.008363,39.76111,40.59525,0.0
2022-01-24 14:07:26.502170,39.76111,39.97625,0.0
2022-01-24 14:07:27.002888,39.6064,39.40925,0.0
2022-01-24 14:07:27.509025,39.65714,40.95675,0.0
2022-01-24 14:07:28.008133,40.17326,40.64725,0.0
2022-01-24 14:07:28.505411,40.27599,39.9255,0.0
2022-01-24 14:07:29.004302,40.27599,39.3065,0.0
2022-01-24 14:07:29.510946,40.01855,41.21425,0.0
2022-01-24 14:07:30.009057,39.29697,40.5445,0.0
2022-01-24 14:07:30.503952,40.48269,39.8735,0.0
2022-01-24 14:07:31.002257,40.22525,40.08025,0.0
2022-01-24 14:07:31.510172,40.48269,40.95675,0.0
2022-01-24 14:07:32.008605,40.32797,40.33775,0.0
2022-01-24 14:07:32.503730,39.76111,39.46125,0.0
2022-01-24 14:07:33.002770,40.22525,39.8215,0.0
2022-01-24 14:07:33.509990,39.86384,40.183,0.0
2022-01-24 14:07:34.008615,40.94682,40.4405,0.0
2022-01-24 14:07:34.502642,40.4307,40.08025,0.0
2022-01-24 14:07:35.001660,40.07053,40.802,0.0
2022-01-24 14:07:35.509072,39.65714,40.38975,0.0
2022-01-24 14:07:36.010890,39.45168,40.02825,0.0
2022-01-24 14:07:36.506026,39.65714,40.33775,0.0
2022-01-24 14:07:37.004350,39.14226,40.33775,0.0
2022-01-24 14:07:37.510632,39.6064,39.9255,0.0
2022-01-24 14:07:38.008133,40.22525,39.77075,0.0
2022-01-24 14:07:38.503705,40.01855,40.5445,0.0
2022-01-24 14:07:39.003048,40.22525,40.64725,0.0
2022-01-24 14:07:39.508075,40.48269,40.183,0.0
2022-01-24 14:07:40.007884,40.37996,40.4405,0.0
2022-01-24 14:07:40.506064,39.96657,40.69925,0.0
2022-01-24 14:07:41.003087,39.70912,40.02825,0.0
2022-01-24 14:07:41.508080,40.94682,39.40925,0.0
2022-01-24 14:07:42.006297,39.96657,40.08025,0.0
2022-01-24 14:07:43.005225,40.22525,40.183,0.0
2022-01-24 14:07:43.503057,39.55441,39.40925,0.0
2022-01-24 14:07:44.002654,39.3997,40.802,0.0
2022-01-24 14:07:44.507969,39.24499,40.95675,0.0
2022-01-24 14:07:45.006776,40.6374,40.4925,0.0
2022-01-24 14:07:45.504613,40.12128,39.3065,0.0
2022-01-24 14:07:46.003444,40.37996,39.564,0.0
2022-01-24 14:07:46.508312,39.76111,40.28575,0.0
2022-01-24 14:07:47.006322,39.81185,39.66675,0.0
2022-01-24 14:07:47.502979,39.76111,39.616,0.0
2022-01-24 14:07:48.001495,39.81185,40.69925,0.0
2022-01-24 14:07:48.507075,40.58542,41.1115,0.0
2022-01-24 14:07:49.005665,40.48269,39.97625,0.0
2022-01-24 14:07:49.502280,39.76111,40.33775,0.0
2022-01-24 14:07:50.001053,40.01855,40.4405,0.0
2022-01-24 14:07:50.507405,39.96657,39.77075,0.0
2022-01-24 14:07:51.005429,40.4307,39.40925,0.0
2022-01-24 14:07:51.509420,39.96657,40.4925,0.0
2022-01-24 14:07:52.007919,39.6064,40.183,0.0
2022-01-24 14:07:52.503133,40.12128,39.512,0.0
2022-01-24 14:07:53.003251,39.55441,40.5445,0.0
2022-01-24 14:07:53.508469,39.14226,40.4925,0.0
2022-01-24 14:07:54.006940,40.17326,39.97625,0.0
2022-01-24 14:07:54.503844,40.68938,39.40925,0.0
2022-01-24 14:07:55.002182,39.96657,40.69925,0.0
2022-01-24 14:07:55.508137,39.34772,40.5445,0.0
2022-01-24 14:07:56.006630,39.34772,39.77075,0.0
2022-01-24 14:07:57.004612,40.22525,40.69925,0.0
2022-01-24 14:07:57.510332,40.07053,41.1115,0.0
2022-01-24 14:07:58.009112,40.74013,40.183,0.0
2022-01-24 14:07:58.504369,39.96657,39.66675,0.0
2022-01-24 14:07:59.004689,39.96657,40.33775,0.0
2022-01-24 14:08:00.004727,40.22525,39.77075,0.0
2022-01-24 14:08:00.502146,40.27599,40.131,0.0
2022-01-24 14:08:01.002505,40.37996,40.4925,0.0
2022-01-24 14:08:01.508535,39.6064,40.131,0.0
2022-01-24 14:08:02.006299,40.07053,39.71875,0.0
2022-01-24 14:08:02.501178,39.96657,41.1635,0.0
2022-01-24 14:08:03.009631,39.65714,40.854,0.0
2022-01-24 14:08:03.506159,39.76111,40.235,0.0
2022-01-24 14:08:04.005523,39.09027,39.564,0.0
2022-01-24 14:08:04.510162,39.70912,40.64725,0.0
2022-01-24 14:08:05.009188,39.55441,40.802,0.0
2022-01-24 14:08:05.505113,40.74013,39.46125,0.0
2022-01-24 14:08:06.003788,40.4307,39.9255,0.0
2022-01-24 14:08:06.501242,40.48269,40.64725,0.0
2022-01-24 14:08:07.010341,40.22525,40.183,0.0
2022-01-24 14:08:07.506610,40.27599,40.08025,0.0
2022-01-24 14:08:08.005749,40.22525,40.802,0.0
2022-01-24 14:08:08.504027,40.4307,40.38975,0.0
2022-01-24 14:08:09.002648,40.17326,39.616,0.0
2022-01-24 14:08:09.509374,39.3997,39.8215,0.0
2022-01-24 14:08:10.007277,39.03829,40.854,0.0
2022-01-24 14:08:10.503114,39.03829,40.235,0.0
2022-01-24 14:08:11.007771,40.37996,39.35725,0.0
2022-01-24 14:08:11.503756,40.32797,40.183,0.0
2022-01-24 14:08:12.004326,40.22525,40.802,0.0
2022-01-24 14:08:12.510587,40.07053,40.4925,0.0
2022-01-24 14:08:13.006201,40.22525,39.616,0.0
2022-01-24 14:08:13.502732,38.98755,41.0595,0.0
2022-01-24 14:08:14.010405,40.32797,40.64725,0.0
2022-01-24 14:08:14.508240,40.17326,39.97625,0.0
2022-01-24 14:08:15.006793,39.70912,39.512,0.0
2022-01-24 14:08:15.503079,40.01855,40.854,0.0
2022-01-24 14:08:16.010747,40.01855,40.59525,0.0
2022-01-24 14:08:16.506389,40.74013,40.183,0.0
2022-01-24 14:08:17.005677,39.81185,40.02825,0.0
2022-01-24 14:08:17.501457,40.17326,41.1115,0.0
2022-01-24 14:08:18.010728,39.65714,40.28575,0.0
2022-01-24 14:08:18.506826,40.4307,39.2545,0.0
2022-01-24 14:08:19.006347,39.55441,40.4405,0.0
2022-01-24 14:08:19.502242,39.193,40.854,0.0
2022-01-24 14:08:20.010394,39.50243,40.131,0.0
2022-01-24 14:08:20.510129,40.74013,39.512,0.0
2022-01-24 14:08:21.008298,40.32797,40.69925,0.0
2022-01-24 14:08:21.506085,39.96657,41.1115,0.0
2022-01-24 14:08:22.005152,39.55441,39.97625,0.0
2022-01-24 14:08:22.505415,40.01855,39.3065,0.0
2022-01-24 14:08:23.003901,39.70912,40.69925,0.0
2022-01-24 14:08:23.510748,39.70912,40.64725,0.0
2022-01-24 14:08:24.010802,40.8441,39.71875,0.0
2022-01-24 14:08:24.506881,40.12128,39.97625,0.0
2022-01-24 14:08:25.005691,40.07053,40.38975,0.0
2022-01-24 14:08:25.511176,39.81185,40.4405,0.0
2022-01-24 14:08:26.010733,40.74013,40.235,0.0
2022-01-24 14:08:26.506486,40.22525,40.75,0.0
2022-01-24 14:08:27.004892,39.55441,40.38975,0.0
2022-01-24 14:08:27.501789,39.65714,39.9255,0.0
2022-01-24 14:08:28.010790,39.86384,40.64725,0.0
2022-01-24 14:08:28.505568,39.86384,40.59525,0.0
2022-01-24 14:08:29.003709,39.34772,40.02825,0.0
2022-01-24 14:08:29.509962,40.37996,38.997,0.0
2022-01-24 14:08:30.008548,39.65714,40.5445,0.0
2022-01-24 14:08:30.507909,40.37996,40.90475,0.0
2022-01-24 14:08:31.005835,39.96657,40.28575,0.0
2022-01-24 14:08:31.511009,40.22525,39.97625,0.0
2022-01-24 14:08:32.009130,39.96657,40.802,0.0
2022-01-24 14:08:32.504138,40.6374,40.69925,0.0
2022-01-24 14:08:33.003350,40.32797,39.8735,0.0
2022-01-24 14:08:33.507298,40.17326,39.46125,0.0
2022-01-24 14:08:34.007107,40.01855,40.131,0.0
2022-01-24 14:08:34.508455,39.76111,40.4925,0.0
2022-01-24 14:08:35.006689,40.94682,39.564,0.0
2022-01-24 14:08:35.505788,39.91582,40.59525,0.0
2022-01-24 14:08:36.003169,40.12128,40.95675,0.0
2022-01-24 14:08:36.509543,39.193,40.33775,0.0
2022-01-24 14:08:37.007517,39.65714,39.35725,0.0
2022-01-24 14:08:37.501432,39.96657,40.90475,0.0
2022-01-24 14:08:38.009315,40.17326,40.95675,0.0
2022-01-24 14:08:38.504391,40.01855,39.8735,0.0
2022-01-24 14:08:39.002297,40.07053,39.15175,0.0
2022-01-24 14:08:39.508566,39.6064,40.75,0.0
2022-01-24 14:08:40.007631,40.27599,41.00875,0.0
2022-01-24 14:08:40.503190,40.6374,40.02825,0.0
2022-01-24 14:08:41.001688,40.12128,39.616,0.0
2022-01-24 14:08:41.507908,39.96657,40.235,0.0
2022-01-24 14:08:42.005231,39.76111,40.02825,0.0
2022-01-24 14:08:42.510969,40.53467,39.9255,0.0
2022-01-24 14:08:43.009803,40.6374,40.4405,0.0
2022-01-24 14:08:43.506293,40.53467,39.97625,0.0
2022-01-24 14:08:44.005116,39.86384,39.77075,0.0
2022-01-24 14:08:44.504299,40.37996,40.854,0.0
2022-01-24 14:08:45.005020,39.70912,40.95675,0.0
2022-01-24 14:08:45.509741,39.76111,40.33775,0.0
2022-01-24 14:08:46.010012,39.65714,40.08025,0.0
2022-01-24 14:08:46.505220,39.34772,39.8735,0.0
2022-01-24 14:08:47.003864,39.70912,40.64725,0.0
2022-01-24 14:08:47.509997,40.27599,40.4405,0.0
2022-01-24 14:08:48.008374,40.12128,39.46125,0.0
2022-01-24 14:08:48.503975,40.07053,39.71875,0.0
2022-01-24 14:08:49.003139,40.07053,41.0595,0.0
2022-01-24 14:08:49.509386,40.22525,40.4405,0.0
2022-01-24 14:08:50.007427,40.6374,39.77075,0.0
2022-01-24 14:08:50.502327,40.22525,40.4925,0.0
2022-01-24 14:08:51.010363,40.22525,40.802,0.0
2022-01-24 14:08:51.507419,40.4307,39.9255,0.0
2022-01-24 14:08:52.006368,40.37996,39.9255,0.0
2022-01-24 14:08:52.501274,40.12128,40.64725,0.0
2022-01-24 14:08:53.010511,39.55441,40.28575,0.0
2022-01-24 14:08:53.506456,39.96657,39.71875,0.0
2022-01-24 14:08:54.005374,39.91582,41.1635,0.0
2022-01-24 14:08:54.501354,40.01855,40.64725,0.0
2022-01-24 14:08:55.009525,40.01855,40.4925,0.0
2022-01-24 14:08:55.504894,40.27599,39.71875,0.0
2022-01-24 14:08:56.004083,39.86384,40.28575,0.0
2022-01-24 14:08:56.501131,39.3997,40.38975,0.0
2022-01-24 14:08:57.009767,39.6064,39.71875,0.0
2022-01-24 14:08:57.505765,40.94682,40.08025,0.0
2022-01-24 14:08:58.004037,40.32797,41.00875,0.0
2022-01-24 14:08:58.501753,39.96657,40.38975,0.0
2022-01-24 14:08:59.010061,40.07053,39.564,0.0
2022-01-24 14:08:59.506033,39.81185,40.183,0.0
2022-01-24 14:09:00.004655,40.27599,40.69925,0.0
2022-01-24 14:09:00.503984,39.65714,40.38975,0.0
2022-01-24 14:09:01.003149,40.79211,39.71875,0.0
2022-01-24 14:09:01.508946,39.91582,40.75,0.0
2022-01-24 14:09:02.007421,39.6064,40.4405,0.0
2022-01-24 14:09:02.503997,39.09027,39.77075,0.0
2022-01-24 14:09:03.003665,40.22525,39.97625,0.0
2022-01-24 14:09:03.510321,40.22525,40.854,0.0
2022-01-24 14:09:04.008026,39.91582,40.183,0.0
2022-01-24 14:09:04.505744,40.58542,39.3065,0.0
2022-01-24 14:09:05.003840,39.86384,40.4925,0.0
2022-01-24 14:09:05.501233,39.70912,40.64725,0.0
2022-01-24 14:09:06.010210,39.55441,40.33775,0.0
2022-01-24 14:09:06.506464,40.17326,39.15175,0.0
2022-01-24 14:09:07.006227,40.37996,40.75,0.0
2022-01-24 14:09:07.502777,40.22525,41.1115,0.0
2022-01-24 14:09:08.010178,40.01855,40.183,0.0
2022-01-24 14:09:08.506562,40.53467,39.46125,0.0
2022-01-24 14:09:09.004425,39.86384,40.4405,0.0
2022-01-24 14:09:09.510145,40.32797,40.90475,0.0
2022-01-24 14:09:10.009341,39.86384,39.97625,0.0
2022-01-24 14:09:10.503924,39.50243,39.71875,0.0
2022-01-24 14:09:11.009366,39.96657,40.95675,0.0
2022-01-24 14:09:11.505186,39.86384,40.08025,0.0
2022-01-24 14:09:12.003376,40.01855,39.35725,0.0
2022-01-24 14:09:12.508749,39.6064,40.69925,0.0
2022-01-24 14:09:13.006642,39.70912,40.4925,0.0
2022-01-24 14:09:13.502118,40.01855,39.8215,0.0
2022-01-24 14:09:14.010801,40.48269,39.616,0.0
2022-01-24 14:09:14.505784,39.86384,41.21425,0.0
2022-01-24 14:09:15.004120,39.70912,40.5445,0.0
2022-01-24 14:09:15.502482,39.65714,39.77075,0.0
2022-01-24 14:09:16.010155,40.58542,39.9255,0.0
2022-01-24 14:09:16.505514,40.32797,40.90475,0.0
2022-01-24 14:09:17.004505,40.4307,40.38975,0.0
2022-01-24 14:09:17.509815,39.96657,39.46125,0.0
2022-01-24 14:09:18.008902,40.17326,40.28575,0.0
2022-01-24 14:09:18.504484,40.01855,40.33775,0.0
2022-01-24 14:09:19.003034,40.01855,40.33775,0.0
2022-01-24 14:09:19.508034,39.86384,39.97625,0.0
2022-01-24 14:09:20.008536,39.55441,40.4925,0.0
2022-01-24 14:09:20.503743,39.81185,40.235,0.0
2022-01-24 14:09:21.001963,40.89484,39.97625,0.0
2022-01-24 14:09:21.507273,40.6374,40.235,0.0
2022-01-24 14:09:22.005065,39.86384,40.4925,0.0
2022-01-24 14:09:22.501337,39.65714,40.02825,0.0
2022-01-24 14:09:23.010483,39.24499,39.8215,0.0
2022-01-24 14:09:23.506668,39.91582,40.59525,0.0
2022-01-24 14:09:24.005270,40.68938,40.64725,0.0
2022-01-24 14:09:24.502076,39.96657,40.183,0.0
2022-01-24 14:09:25.010518,40.37996,39.40925,0.0
2022-01-24 14:09:25.506380,39.55441,40.95675,0.0
2022-01-24 14:09:26.004321,40.17326,40.75,0.0
2022-01-24 14:09:26.510850,39.91582,40.235,0.0
2022-01-24 14:09:27.008873,40.6374,39.35725,0.0
2022-01-24 14:09:27.504713,40.12128,40.4925,0.0
2022-01-24 14:09:28.003326,39.91582,40.854,0.0
2022-01-24 14:09:28.510342,39.29697,39.9255,0.0
2022-01-24 14:09:29.010042,40.01855,39.8215,0.0
2022-01-24 14:09:29.506951,39.3997,40.4405,0.0
2022-01-24 14:09:30.005188,39.91582,39.9255,0.0
2022-01-24 14:09:30.501534,40.6374,40.02825,0.0
2022-01-24 14:09:31.010717,40.22525,40.854,0.0
2022-01-24 14:09:31.506457,39.76111,40.131,0.0
2022-01-24 14:09:32.004860,39.14226,39.616,0.0
2022-01-24 14:09:32.509701,40.68938,40.38975,0.0
2022-01-24 14:09:33.009232,40.17326,40.69925,0.0
2022-01-24 14:09:33.507257,39.6064,40.183,0.0
2022-01-24 14:09:34.005117,39.91582,39.04775,0.0
2022-01-24 14:09:34.501736,40.17326,40.183,0.0
2022-01-24 14:09:35.010387,40.4307,40.90475,0.0
2022-01-24 14:09:35.506602,40.27599,40.5445,0.0
2022-01-24 14:09:36.004766,40.12128,39.564,0.0
2022-01-24 14:09:36.510383,40.01855,40.38975,0.0
2022-01-24 14:09:37.008006,39.29697,40.33775,0.0
2022-01-24 14:09:37.503333,40.12128,40.02825,0.0
2022-01-24 14:09:38.003282,40.32797,39.35725,0.0
2022-01-24 14:09:38.509703,39.55441,40.90475,0.0
2022-01-24 14:09:39.009907,40.37996,40.64725,0.0
2022-01-24 14:09:39.504684,39.76111,39.512,0.0
2022-01-24 14:09:40.003345,39.76111,39.71875,0.0
2022-01-24 14:09:40.510175,40.17326,41.1635,0.0
2022-01-24 14:09:41.008438,39.86384,40.4405,0.0
2022-01-24 14:09:41.503732,40.01855,40.08025,0.0
2022-01-24 14:09:42.002108,40.12128,39.8215,0.0
2022-01-24 14:09:42.508758,40.12128,40.802,0.0
2022-01-24 14:09:43.006600,39.96657,40.38975,0.0
2022-01-24 14:09:43.502653,40.22525,39.616,0.0
2022-01-24 14:09:44.010797,39.55441,40.5445,0.0
2022-01-24 14:09:44.506605,40.22525,40.90475,0.0
2022-01-24 14:09:45.004410,39.65714,40.08025,0.0
2022-01-24 14:09:45.509982,39.65714,39.97625,0.0
2022-01-24 14:09:46.007376,39.24499,40.64725,0.0
2022-01-24 14:09:46.502169,39.96657,40.33775,0.0
2022-01-24 14:09:47.003314,40.4307,39.77075,0.0
2022-01-24 14:09:47.508439,40.74013,40.59525,0.0
2022-01-24 14:09:48.008416,40.58542,40.28575,0.0
2022-01-24 14:09:48.504080,39.34772,39.71875,0.0
2022-01-24 14:09:49.001766,39.76111,40.08025,0.0
2022-01-24 14:09:49.509034,39.3997,41.473,0.0
2022-01-24 14:09:50.008110,40.32797,40.69925,0.0
2022-01-24 14:09:50.502648,40.32797,39.35725,0.0
2022-01-24 14:09:51.001663,40.4307,39.3065,0.0
2022-01-24 14:09:51.508780,40.12128,40.64725,0.0
2022-01-24 14:09:52.007383,40.37996,40.33775,0.0
2022-01-24 14:09:52.502886,39.45168,39.66675,0.0
2022-01-24 14:09:53.001049,41.04955,40.08025,0.0
2022-01-24 14:09:53.505999,40.48269,40.90475,0.0
2022-01-24 14:09:54.003015,39.86384,40.38975,0.0
2022-01-24 14:09:54.509133,40.27599,39.97625,0.0
2022-01-24 14:09:55.007387,39.96657,40.38975,0.0
2022-01-24 14:09:55.503628,39.14226,40.38975,0.0
2022-01-24 14:09:56.002249,39.24499,39.8215,0.0
2022-01-24 14:09:56.508168,39.55441,39.77075,0.0
2022-01-24 14:09:57.007560,40.17326,40.95675,0.0
2022-01-24 14:09:57.504261,39.96657,40.4405,0.0
2022-01-24 14:09:58.002162,39.91582,39.564,0.0
2022-01-24 14:09:58.508295,40.37996,40.4925,0.0
2022-01-24 14:09:59.007067,40.01855,41.0595,0.0
2022-01-24 14:09:59.504729,40.4307,40.131,0.0
2022-01-24 14:10:00.003893,40.07053,39.564,0.0
2022-01-24 14:10:00.510114,40.58542,40.08025,0.0
2022-01-24 14:10:01.007262,40.01855,40.131,0.0
2022-01-24 14:10:01.507541,39.96657,40.08025,0.0
2022-01-24 14:10:02.007194,39.81185,39.616,0.0
2022-01-24 14:10:02.503894,38.98755,40.75,0.0
2022-01-24 14:10:03.003481,39.65714,40.90475,0.0
2022-01-24 14:10:03.508593,39.91582,39.77075,0.0
2022-01-24 14:10:04.008603,40.48269,40.4925,0.0
2022-01-24 14:10:04.507408,40.12128,40.4405,0.0
2022-01-24 14:10:05.006279,39.76111,40.28575,0.0
2022-01-24 14:10:05.502341,39.50243,39.3065,0.0
2022-01-24 14:10:06.001130,39.86384,40.75,0.0
2022-01-24 14:10:06.507360,39.65714,40.59525,0.0
2022-01-24 14:10:07.005983,40.12128,39.8735,0.0
2022-01-24 14:10:07.506548,40.79211,40.02825,0.0
2022-01-24 14:10:08.505279,39.86384,40.38975,0.0
2022-01-24 14:10:09.003199,40.32797,39.71875,0.0
2022-01-24 14:10:09.510742,40.68938,40.235,0.0
2022-01-24 14:10:10.008184,40.22525,40.4925,0.0
2022-01-24 14:10:10.504725,40.4307,40.02825,0.0
2022-01-24 14:10:11.009438,39.65714,39.9255,0.0
2022-01-24 14:10:11.506830,39.65714,40.4925,0.0
2022-01-24 14:10:12.004294,39.34772,40.38975,0.0
2022-01-24 14:10:12.501610,39.3997,39.8215,0.0
2022-01-24 14:10:13.010600,40.68938,40.02825,0.0
2022-01-24 14:10:13.508724,39.96657,40.95675,0.0
2022-01-24 14:10:14.006783,39.96657,40.38975,0.0
2022-01-24 14:10:14.510886,40.01855,39.3065,0.0
2022-01-24 14:10:15.010678,39.81185,39.512,0.0
2022-01-24 14:10:15.507759,39.55441,41.31825,0.0
2022-01-24 14:10:16.004386,39.81185,40.59525,0.0
2022-01-24 14:10:16.510248,39.70912,39.71875,0.0
2022-01-24 14:10:17.009691,40.6374,40.28575,0.0
2022-01-24 14:10:17.504518,40.07053,41.1635,0.0
2022-01-24 14:10:18.002766,40.22525,40.4405,0.0
2022-01-24 14:10:18.508732,39.86384,39.35725,0.0
2022-01-24 14:10:19.007107,40.74013,39.512,0.0
2022-01-24 14:10:19.502043,40.01855,40.59525,0.0
2022-01-24 14:10:20.009949,39.76111,39.97625,0.0
2022-01-24 14:10:20.505250,40.07053,39.71875,0.0
2022-01-24 14:10:21.003023,39.6064,40.4925,0.0
2022-01-24 14:10:21.509658,39.29697,40.131,0.0
2022-01-24 14:10:22.008527,39.45168,40.02825,0.0
2022-01-24 14:10:22.506787,40.01855,40.64725,0.0
2022-01-24 14:10:23.005047,39.81185,40.4925,0.0
2022-01-24 14:10:23.501381,39.91582,39.8735,0.0
2022-01-24 14:10:24.009759,39.86384,40.131,0.0
2022-01-24 14:10:24.505828,40.68938,40.64725,0.0
2022-01-24 14:10:25.002764,40.01855,40.235,0.0
2022-01-24 14:10:25.507622,40.37996,39.9255,0.0
2022-01-24 14:10:26.005564,40.74013,40.235,0.0
2022-01-24 14:10:26.510916,40.01855,41.1115,0.0
2022-01-24 14:10:27.010302,40.01855,40.38975,0.0
2022-01-24 14:10:27.507451,39.6064,39.15175,0.0
2022-01-24 14:10:28.006164,40.32797,39.71875,0.0
2022-01-24 14:10:28.502225,40.01855,40.64725,0.0
2022-01-24 14:10:29.009342,39.55441,40.33775,0.0
2022-01-24 14:10:29.504571,38.98755,39.2545,0.0
2022-01-24 14:10:30.002080,40.6374,39.616,0.0
2022-01-24 14:10:30.508658,40.6374,40.28575,0.0
2022-01-24 14:10:31.001520,40.53467,40.59525,0.0
2022-01-24 14:10:31.508058,39.81185,39.512,0.0
2022-01-24 14:10:32.006403,40.27599,40.235,0.0
2022-01-24 14:10:32.505256,39.65714,40.75,0.0
2022-01-24 14:10:33.007982,39.3997,39.9255,0.0
2022-01-24 14:10:33.504621,40.74013,40.131,0.0
2022-01-24 14:10:34.001953,40.22525,40.33775,0.0
2022-01-24 14:10:34.510082,39.96657,39.97625,0.0
2022-01-24 14:10:35.007622,39.55441,39.616,0.0
2022-01-24 14:10:35.502358,40.68938,40.90475,0.0
2022-01-24 14:10:36.001273,40.48269,40.28575,0.0
2022-01-24 14:10:36.506351,40.53467,39.9255,0.0
2022-01-24 14:10:37.004610,39.65714,40.08025,0.0
2022-01-24 14:10:37.510766,40.17326,40.95675,0.0
2022-01-24 14:10:38.009132,39.65714,40.4925,0.0
2022-01-24 14:10:38.505184,38.98755,39.46125,0.0
2022-01-24 14:10:39.003621,40.48269,39.71875,0.0
2022-01-24 14:10:39.501245,40.27599,40.75,0.0
2022-01-24 14:10:40.010296,40.27599,40.5445,0.0
2022-01-24 14:10:40.507359,39.96657,39.77075,0.0
2022-01-24 14:10:41.006579,40.17326,41.0595,0.0
2022-01-24 14:10:41.502893,40.07053,40.59525,0.0
2022-01-24 14:10:42.001611,40.17326,39.8735,0.0
2022-01-24 14:10:42.507517,39.50243,40.02825,0.0
2022-01-24 14:10:43.004659,40.79211,40.38975,0.0
2022-01-24 14:10:43.510255,40.22525,40.33775,0.0
2022-01-24 14:10:44.005051,40.12128,39.40925,0.0
2022-01-24 14:10:44.502002,40.48269,39.8735,0.0
2022-01-24 14:10:45.011147,40.27599,40.802,0.0
2022-01-24 14:10:45.504875,39.6064,40.5445,0.0
2022-01-24 14:10:46.003436,39.24499,40.08025,0.0
2022-01-24 14:10:46.508928,40.48269,40.08025,0.0
2022-01-24 14:10:47.006988,39.86384,40.95675,0.0
2022-01-24 14:10:47.502631,40.12128,40.131,0.0
2022-01-24 14:10:48.002666,39.55441,39.66675,0.0
2022-01-24 14:10:48.508002,40.12128,39.616,0.0
2022-01-24 14:10:49.006605,39.34772,40.183,0.0
2022-01-24 14:10:49.503154,39.81185,40.08025,0.0
2022-01-24 14:10:50.001796,40.22525,40.02825,0.0
2022-01-24 14:10:50.507294,40.68938,41.26625,0.0
2022-01-24 14:10:51.006670,40.32797,40.802,0.0
2022-01-24 14:10:51.502145,40.01855,39.512,0.0
2022-01-24 14:10:52.010303,40.22525,39.66675,0.0
2022-01-24 14:10:52.505162,39.81185,40.183,0.0
2022-01-24 14:10:53.003536,40.48269,40.28575,0.0
2022-01-24 14:10:53.509070,40.22525,39.71875,0.0
2022-01-24 14:10:54.008154,40.01855,40.4925,0.0
2022-01-24 14:10:54.503277,39.70912,40.75,0.0
2022-01-24 14:10:55.002609,39.193,40.28575,0.0
2022-01-24 14:10:55.509104,39.76111,39.97625,0.0
2022-01-24 14:10:56.007810,40.48269,40.59525,0.0
2022-01-24 14:10:56.504104,40.17326,40.08025,0.0
2022-01-24 14:10:57.001562,39.65714,39.512,0.0
2022-01-24 14:10:57.506856,39.6064,40.4925,0.0
2022-01-24 14:10:58.006902,40.01855,40.38975,0.0
2022-01-24 14:10:58.505558,39.86384,39.97625,0.0
2022-01-24 14:10:59.004170,40.12128,40.131,0.0
2022-01-24 14:10:59.509820,40.58542,40.854,0.0
2022-01-24 14:11:00.007415,39.91582,40.02825,0.0
2022-01-24 14:11:00.503022,40.07053,39.8215,0.0
2022-01-24 14:11:01.001084,39.96657,40.02825,0.0
2022-01-24 14:11:01.506796,40.58542,40.802,0.0
2022-01-24 14:11:02.004384,40.12128,40.4405,0.0
2022-01-24 14:11:02.501333,39.91582,39.3065,0.0
2022-01-24 14:11:03.010300,39.6064,40.08025,0.0
2022-01-24 14:11:03.505783,40.12128,41.1635,0.0
2022-01-24 14:11:04.004282,39.55441,40.33775,0.0
2022-01-24 14:11:04.502357,39.14226,39.66675,0.0
2022-01-24 14:11:05.001122,40.58542,39.77075,0.0
2022-01-24 14:11:05.507976,40.27599,40.59525,0.0
2022-01-24 14:11:06.006188,39.81185,40.02825,0.0
2022-01-24 14:11:06.501049,39.91582,39.3065,0.0
2022-01-24 14:11:07.001464,39.55441,40.08025,0.0
2022-01-24 14:11:07.509306,39.24499,40.38975,0.0
2022-01-24 14:11:08.008292,40.58542,39.77075,0.0
2022-01-24 14:11:08.504036,40.01855,40.4925,0.0
2022-01-24 14:11:09.002373,40.89484,40.64725,0.0
2022-01-24 14:11:09.508715,40.22525,40.5445,0.0
2022-01-24 14:11:10.007090,39.6064,39.40925,0.0
2022-01-24 14:11:10.503526,40.17326,40.4405,0.0
2022-01-24 14:11:11.007163,39.76111,40.5445,0.0
2022-01-24 14:11:11.504233,39.76111,39.97625,0.0
2022-01-24 14:11:12.003749,40.12128,39.564,0.0
2022-01-24 14:11:12.510881,40.6374,40.38975,0.0
2022-01-24 14:11:13.008646,40.07053,40.4405,0.0
2022-01-24 14:11:13.503913,40.32797,39.8215,0.0
2022-01-24 14:11:14.001992,39.50243,40.131,0.0
2022-01-24 14:11:14.508202,40.32797,40.69925,0.0
2022-01-24 14:11:15.006043,39.6064,40.08025,0.0
2022-01-24 14:11:15.502485,39.86384,40.02825,0.0
2022-01-24 14:11:16.505467,40.89484,40.33775,0.0
2022-01-24 14:11:17.002981,39.91582,39.71875,0.0
2022-01-24 14:11:17.508752,39.70912,39.46125,0.0
2022-01-24 14:11:18.006303,40.22525,40.854,0.0
2022-01-24 14:11:18.501268,40.32797,40.64725,0.0
2022-01-24 14:11:19.009445,40.01855,39.66675,0.0
2022-01-24 14:11:19.504753,39.70912,39.15175,0.0
2022-01-24 14:11:20.002842,40.4307,41.0595,0.0
2022-01-24 14:11:20.501132,40.58542,40.90475,0.0
2022-01-24 14:11:21.010373,39.76111,39.8215,0.0
2022-01-24 14:11:21.507762,39.34772,39.564,0.0
2022-01-24 14:11:22.006524,39.65714,40.4925,0.0
2022-01-24 14:11:22.510864,40.37996,40.4405,0.0
2022-01-24 14:11:23.008799,39.96657,39.97625,0.0
2022-01-24 14:11:23.503128,40.07053,40.64725,0.0
2022-01-24 14:11:24.003142,40.07053,40.59525,0.0
2022-01-24 14:11:24.507859,39.70912,39.97625,0.0
2022-01-24 14:11:25.005677,40.32797,40.08025,0.0
2022-01-24 14:11:25.502981,40.89484,40.802,0.0
2022-01-24 14:11:26.001099,40.27599,40.183,0.0
2022-01-24 14:11:26.505964,40.07053,39.35725,0.0
2022-01-24 14:11:27.003083,39.81185,40.5445,0.0
2022-01-24 14:11:27.508740,40.79211,40.5445,0.0
2022-01-24 14:11:28.008880,40.27599,40.131,0.0
2022-01-24 14:11:28.505189,40.48269,39.46125,0.0
2022-01-24 14:11:29.003354,40.01855,41.26625,0.0
2022-01-24 14:11:29.508642,40.01855,40.4405,0.0
2022-01-24 14:11:30.009085,39.81185,40.02825,0.0
2022-01-24 14:11:30.505309,39.91582,39.3065,0.0
2022-01-24 14:11:31.003904,39.81185,40.802,0.0
2022-01-24 14:11:31.509789,39.193,40.59525,0.0
2022-01-24 14:11:32.007825,39.96657,39.8215,0.0
2022-01-24 14:11:32.503439,40.22525,39.97625,0.0
2022-01-24 14:11:33.002510,40.6374,40.854,0.0
2022-01-24 14:11:33.508862,40.01855,40.64725,0.0
2022-01-24 14:11:34.007817,39.76111,39.616,0.0
2022-01-24 14:11:34.504399,40.48269,39.8735,0.0
2022-01-24 14:11:35.003167,40.48269,40.64725,0.0
2022-01-24 14:11:35.508384,40.22525,39.9255,0.0
2022-01-24 14:11:36.006485,39.70912,39.616,0.0
2022-01-24 14:11:36.502687,40.48269,40.802,0.0
2022-01-24 14:11:37.001683,39.81185,40.64725,0.0
2022-01-24 14:11:37.508425,39.70912,39.9255,0.0
2022-01-24 14:11:38.007319,38.93556,39.97625,0.0
2022-01-24 14:11:38.503306,40.07053,41.21425,0.0
2022-01-24 14:11:39.001914,40.22525,40.4925,0.0
2022-01-24 14:11:39.508219,40.01855,39.35725,0.0
2022-01-24 14:11:40.005814,39.96657,39.9255,0.0
2022-01-24 14:11:40.501759,40.22525,40.4925,0.0
2022-01-24 14:11:41.010651,39.34772,40.235,0.0
2022-01-24 14:11:41.506654,40.37996,39.46125,0.0
2022-01-24 14:11:42.004095,40.6374,40.33775,0.0
2022-01-24 14:11:42.509001,40.4307,40.4405,0.0
2022-01-24 14:11:43.006702,39.65714,40.08025,0.0
2022-01-24 14:11:43.503952,39.65714,40.131,0.0
2022-01-24 14:11:44.005704,40.32797,40.5445,0.0
2022-01-24 14:11:44.501230,40.27599,40.02825,0.0
2022-01-24 14:11:45.002681,40.48269,39.8735,0.0
2022-01-24 14:11:45.508189,39.86384,40.75,0.0
2022-01-24 14:11:46.006414,40.89484,41.00875,0.0
2022-01-24 14:11:46.501496,40.12128,39.97625,0.0
2022-01-24 14:11:47.001747,39.45168,39.564,0.0
2022-01-24 14:11:47.502263,39.70912,40.5445,0.0
2022-01-24 14:11:48.002769,39.14226,40.235,0.0
2022-01-24 14:11:48.508585,39.55441,39.71875,0.0
2022-01-24 14:11:49.003853,40.32797,39.9255,0.0
2022-01-24 14:11:49.510560,40.12128,40.95675,0.0
2022-01-24 14:11:50.008220,39.96657,40.69925,0.0
2022-01-24 14:11:50.503937,39.96657,39.512,0.0
2022-01-24 14:11:51.003629,39.96657,40.131,0.0
2022-01-24 14:11:51.510228,40.17326,40.59525,0.0
2022-01-24 14:11:52.006159,40.07053,40.28575,0.0
2022-01-24 14:11:52.504396,40.37996,39.35725,0.0
2022-01-24 14:11:53.002423,40.22525,40.5445,0.0
2022-01-24 14:11:53.508108,40.6374,40.4925,0.0
2022-01-24 14:11:54.007441,40.01855,40.02825,0.0
2022-01-24 14:11:54.503289,39.55441,39.9255,0.0
2022-01-24 14:11:55.001169,40.4307,41.369,0.0
2022-01-24 14:11:55.507979,40.12128,40.69925,0.0
2022-01-24 14:11:56.006360,40.4307,39.512,0.0
2022-01-24 14:11:56.503357,40.01855,39.2025,0.0
2022-01-24 14:11:57.001500,40.48269,40.64725,0.0
2022-01-24 14:11:57.507118,40.01855,40.4925,0.0
2022-01-24 14:11:58.006543,39.55441,39.564,0.0
2022-01-24 14:11:58.506563,38.78085,40.4405,0.0
2022-01-24 14:11:59.004870,39.70912,40.802,0.0
2022-01-24 14:11:59.509951,40.53467,40.235,0.0
2022-01-24 14:12:00.007465,39.91582,39.9255,0.0
2022-01-24 14:12:00.507224,40.07053,40.4925,0.0
2022-01-24 14:12:01.006437,39.6064,40.183,0.0
2022-01-24 14:12:01.501368,40.07053,39.8215,0.0
2022-01-24 14:12:02.010403,39.76111,40.38975,0.0
2022-01-24 14:12:02.506432,40.8441,40.33775,0.0
2022-01-24 14:12:03.004503,40.22525,39.9255,0.0
2022-01-24 14:12:03.511093,39.70912,40.38975,0.0
2022-01-24 14:12:04.009790,39.34772,40.90475,0.0
2022-01-24 14:12:04.505809,39.65714,40.4405,0.0
2022-01-24 14:12:05.004650,39.91582,39.71875,0.0
2022-01-24 14:12:05.510318,40.17326,39.616,0.0
2022-01-24 14:12:06.008241,40.53467,40.4925,0.0
2022-01-24 14:12:06.503658,40.17326,40.5445,0.0
2022-01-24 14:12:07.011084,39.45168,39.8215,0.0
2022-01-24 14:12:07.507019,39.91582,40.08025,0.0
2022-01-24 14:12:08.006126,39.70912,40.90475,0.0
2022-01-24 14:12:08.502190,39.70912,40.69925,0.0
2022-01-24 14:12:09.009902,40.6374,39.616,0.0
2022-01-24 14:12:09.508053,40.4307,39.97625,0.0
2022-01-24 14:12:10.006540,40.58542,40.4405,0.0
2022-01-24 14:12:10.505011,40.27599,40.131,0.0
2022-01-24 14:12:11.008350,39.91582,39.66675,0.0
2022-01-24 14:12:11.504166,40.27599,40.90475,0.0
2022-01-24 14:12:12.002671,40.07053,40.854,0.0
2022-01-24 14:12:12.509313,39.86384,39.97625,0.0
2022-01-24 14:12:13.008693,39.70912,39.46125,0.0
2022-01-24 14:12:13.505687,40.17326,41.0595,0.0
2022-01-24 14:12:14.005303,39.65714,40.5445,0.0
2022-01-24 14:12:14.502186,39.34772,39.77075,0.0
2022-01-24 14:12:15.009981,38.78085,39.8735,0.0
2022-01-24 14:12:15.505497,40.94682,40.64725,0.0
2022-01-24 14:12:16.003747,40.37996,40.38975,0.0
2022-01-24 14:12:16.502329,40.17326,39.9255,0.0
2022-01-24 14:12:17.010663,39.55441,40.59525,0.0
2022-01-24 14:12:17.507427,40.53467,40.33775,0.0
2022-01-24 14:12:18.005860,40.37996,39.97625,0.0
2022-01-24 14:12:18.501170,40.17326,40.59525,0.0
2022-01-24 14:12:19.001147,40.07053,40.69925,0.0
2022-01-24 14:12:19.505517,40.32797,39.8735,0.0
2022-01-24 14:12:20.004006,40.07053,39.512,0.0
2022-01-24 14:12:20.509175,39.50243,40.854,0.0
2022-01-24 14:12:21.006923,39.96657,40.59525,0.0
2022-01-24 14:12:21.502716,38.98755,40.183,0.0
2022-01-24 14:12:22.002242,39.96657,39.77075,0.0
2022-01-24 14:12:22.507903,40.32797,40.802,0.0
2022-01-24 14:12:23.007550,40.37996,40.69925,0.0
2022-01-24 14:12:23.504559,40.22525,39.77075,0.0
2022-01-24 14:12:24.002941,40.22525,39.66675,0.0
2022-01-24 14:12:24.508140,39.193,40.69925,0.0
2022-01-24 14:12:25.006208,40.27599,40.4925,0.0
2022-01-24 14:12:25.501445,39.86384,39.40925,0.0
2022-01-24 14:12:26.009100,40.6374,39.8735,0.0
2022-01-24 14:12:26.506361,40.32797,40.59525,0.0
2022-01-24 14:12:27.003952,39.70912,40.5445,0.0
2022-01-24 14:12:27.509268,40.32797,39.71875,0.0
2022-01-24 14:12:28.007722,39.86384,40.95675,0.0
2022-01-24 14:12:28.503779,40.94682,40.5445,0.0
2022-01-24 14:12:29.002822,40.22525,39.8735,0.0
2022-01-24 14:12:29.509288,39.65714,39.71875,0.0
2022-01-24 14:12:30.008072,39.34772,41.1115,0.0
2022-01-24 14:12:30.504964,39.76111,40.4925,0.0
2022-01-24 14:12:31.002930,39.45168,39.40925,0.0
2022-01-24 14:12:31.508857,39.50243,39.77075,0.0
2022-01-24 14:12:32.006934,41.10154,40.90475,0.0
2022-01-24 14:12:32.504201,40.58542,40.75,0.0
2022-01-24 14:12:33.001980,39.91582,39.71875,0.0
2022-01-24 14:12:33.507746,39.86384,40.131,0.0
2022-01-24 14:12:34.005769,39.81185,40.4405,0.0
2022-01-24 14:12:35.005154,40.27599,39.77075,0.0
2022-01-24 14:12:35.501201,40.99881,40.5445,0.0
2022-01-24 14:12:36.010227,40.79211,40.235,0.0
2022-01-24 14:12:36.504910,40.58542,39.97625,0.0
2022-01-24 14:12:37.001389,40.01855,40.64725,0.0
2022-01-24 14:12:37.506158,40.32797,40.802,0.0
2022-01-24 14:12:38.004991,40.68938,40.235,0.0
2022-01-24 14:12:39.004895,39.70912,40.4925,0.0
2022-01-24 14:12:39.510759,40.37996,40.4925,0.0
2022-01-24 14:12:40.010023,39.76111,39.8215,0.0
2022-01-24 14:12:40.506759,39.3997,39.564,0.0
2022-01-24 14:12:41.004562,39.193,41.0595,0.0
2022-01-24 14:12:42.005147,40.22525,39.97625,0.0
2022-01-24 14:12:42.509507,40.22525,39.71875,0.0
2022-01-24 14:12:43.007831,40.01855,41.00875,0.0
2022-01-24 14:12:43.505888,39.96657,40.235,0.0
2022-01-24 14:12:44.003885,40.07053,39.616,0.0
2022-01-24 14:12:44.510247,40.07053,39.8735,0.0
2022-01-24 14:12:45.008744,40.17326,41.1115,0.0
2022-01-24 14:12:45.503306,40.37996,40.33775,0.0
2022-01-24 14:12:46.002024,39.86384,39.71875,0.0
2022-01-24 14:12:46.508229,39.50243,41.369,0.0
2022-01-24 14:12:47.006774,40.01855,40.854,0.0
2022-01-24 14:12:47.503545,39.3997,40.131,0.0
2022-01-24 14:12:48.002725,39.193,39.2025,0.0
2022-01-24 14:12:48.509016,40.58542,39.2545,0.0
2022-01-24 14:12:49.006157,40.79211,40.33775,0.0
2022-01-24 14:12:49.501946,40.27599,40.02825,0.0
2022-01-24 14:12:50.010632,40.07053,40.02825,0.0
2022-01-24 14:12:50.506951,39.34772,40.90475,0.0
2022-01-24 14:12:51.005699,40.12128,40.183,0.0
2022-01-24 14:12:51.502009,40.07053,40.131,0.0
2022-01-24 14:12:52.001021,39.91582,40.02825,0.0
2022-01-24 14:12:52.509007,40.8441,40.28575,0.0
2022-01-24 14:12:53.007952,39.86384,39.8735,0.0
2022-01-24 14:12:53.504292,40.22525,40.131,0.0
2022-01-24 14:12:54.004959,39.91582,40.33775,0.0
2022-01-24 14:12:54.509027,40.12128,40.131,0.0
2022-01-24 14:12:55.007635,40.37996,40.4405,0.0
2022-01-24 14:12:55.504312,39.70912,40.75,0.0
2022-01-24 14:12:56.003668,39.65714,40.183,0.0
2022-01-24 14:12:56.502368,39.34772,40.33775,0.0
2022-01-24 14:12:57.002291,39.65714,39.616,0.0
2022-01-24 14:12:57.509394,39.14226,40.33775,0.0
2022-01-24 14:12:58.008122,40.4307,39.9255,0.0
2022-01-24 14:12:58.503395,39.86384,39.77075,0.0
2022-01-24 14:12:59.001778,39.70912,40.02825,0.0
2022-01-24 14:12:59.507706,39.76111,41.1635,0.0
2022-01-24 14:13:00.005513,40.48269,40.5445,0.0
2022-01-24 14:13:00.510726,39.91582,39.8215,0.0
2022-01-24 14:13:01.008659,40.4307,39.8215,0.0
2022-01-24 14:13:01.504188,40.07053,40.5445,0.0
2022-01-24 14:13:02.002870,40.58542,40.33775,0.0
2022-01-24 14:13:02.508631,40.07053,39.512,0.0
2022-01-24 14:13:03.006408,39.50243,39.616,0.0
2022-01-24 14:13:03.501117,40.58542,40.75,0.0
2022-01-24 14:13:04.010253,40.22525,40.33775,0.0
2022-01-24 14:13:04.505507,39.45168,40.02825,0.0
2022-01-24 14:13:05.004536,39.86384,40.95675,0.0
2022-01-24 14:13:05.504167,40.27599,40.802,0.0
2022-01-24 14:13:06.002143,39.76111,39.77075,0.0
2022-01-24 14:13:06.508193,40.12128,39.9255,0.0
2022-01-24 14:13:07.007986,39.50243,40.5445,0.0
2022-01-24 14:13:07.503375,40.48269,40.183,0.0
2022-01-24 14:13:08.001129,40.17326,39.46125,0.0
2022-01-24 14:13:08.506748,39.34772,40.235,0.0
2022-01-24 14:13:09.003837,40.58542,40.69925,0.0
2022-01-24 14:13:09.503284,40.53467,40.235,0.0
2022-01-24 14:13:10.001417,40.17326,39.564,0.0
2022-01-24 14:13:10.507387,39.81185,40.183,0.0
2022-01-24 14:13:11.001441,40.6374,40.33775,0.0
2022-01-24 14:13:11.508221,40.53467,39.8215,0.0
2022-01-24 14:13:12.007923,40.17326,39.8215,0.0
2022-01-24 14:13:12.503063,39.6064,40.802,0.0
2022-01-24 14:13:13.010607,40.01855,40.4405,0.0
2022-01-24 14:13:13.505444,39.6064,39.40925,0.0
2022-01-24 14:13:14.010102,39.6064,40.183,0.0
2022-01-24 14:13:14.506292,40.89484,40.854,0.0
2022-01-24 14:13:15.005295,40.79211,40.235,0.0
2022-01-24 14:13:15.510640,39.6064,39.77075,0.0
2022-01-24 14:13:16.009363,39.76111,40.08025,0.0
2022-01-24 14:13:16.506440,39.6064,40.69925,0.0
2022-01-24 14:13:17.003300,39.70912,40.02825,0.0
2022-01-24 14:13:17.509749,40.53467,39.40925,0.0
2022-01-24 14:13:18.007346,39.86384,40.4405,0.0
2022-01-24 14:13:18.504017,40.6374,40.59525,0.0
2022-01-24 14:13:19.002312,40.22525,39.71875,0.0
2022-01-24 14:13:19.507518,40.32797,40.235,0.0
2022-01-24 14:13:20.007873,39.86384,40.59525,0.0
2022-01-24 14:13:20.502335,40.17326,40.33775,0.0
2022-01-24 14:13:21.010665,40.53467,39.77075,0.0
2022-01-24 14:13:21.506732,39.70912,40.75,0.0
2022-01-24 14:13:22.004929,40.12128,40.131,0.0
2022-01-24 14:13:22.510631,39.3997,39.66675,0.0
2022-01-24 14:13:23.009785,39.45168,40.4405,0.0
2022-01-24 14:13:23.504972,39.14226,40.64725,0.0
2022-01-24 14:13:24.003223,40.68938,40.5445,0.0
2022-01-24 14:13:24.508521,40.27599,39.564,0.0
2022-01-24 14:13:25.006670,40.32797,40.802,0.0
2022-01-24 14:13:25.501862,39.81185,40.75,0.0
2022-01-24 14:13:26.002045,39.70912,40.33775,0.0
2022-01-24 14:13:26.507361,39.91582,39.564,0.0
2022-01-24 14:13:27.006081,39.76111,39.46125,0.0
2022-01-24 14:13:27.503144,40.53467,40.69925,0.0
2022-01-24 14:13:28.001743,40.32797,39.97625,0.0
2022-01-24 14:13:28.507839,39.96657,39.46125,0.0
2022-01-24 14:13:29.006725,40.01855,40.75,0.0
2022-01-24 14:13:29.505787,40.17326,40.69925,0.0
2022-01-24 14:13:30.004398,39.6064,39.9255,0.0
2022-01-24 14:13:30.509432,39.6064,39.9255,0.0
2022-01-24 14:13:31.006773,39.29697,40.64725,0.0
2022-01-24 14:13:31.511012,40.07053,40.183,0.0
2022-01-24 14:13:32.011048,39.96657,39.3065,0.0
2022-01-24 14:13:32.507152,40.27599,40.802,0.0
2022-01-24 14:13:33.006835,40.37996,41.21425,0.0
2022-01-24 14:13:33.502334,39.96657,40.08025,0.0
2022-01-24 14:13:34.011322,39.86384,39.616,0.0
2022-01-24 14:13:34.504631,39.6064,40.4405,0.0
2022-01-24 14:13:35.002432,40.4307,40.90475,0.0
2022-01-24 14:13:35.507910,40.4307,40.02825,0.0
2022-01-24 14:13:36.007316,39.96657,39.2025,0.0
2022-01-24 14:13:36.503636,40.32797,40.28575,0.0
2022-01-24 14:13:37.001996,40.22525,40.235,0.0
2022-01-24 14:13:37.506021,39.91582,40.33775,0.0
2022-01-24 14:13:38.003900,40.6374,40.131,0.0
2022-01-24 14:13:38.510278,39.96657,40.5445,0.0
2022-01-24 14:13:39.008974,40.27599,40.235,0.0
2022-01-24 14:13:39.505888,39.70912,39.8735,0.0
2022-01-24 14:13:40.003750,39.50243,40.75,0.0
2022-01-24 14:13:40.509176,39.76111,40.131,0.0
2022-01-24 14:13:41.004123,40.32797,39.35725,0.0
2022-01-24 14:13:41.510792,40.17326,40.5445,0.0
2022-01-24 14:13:42.008193,39.96657,40.90475,0.0
2022-01-24 14:13:42.503688,39.81185,40.75,0.0
2022-01-24 14:13:43.001486,40.07053,39.66675,0.0
2022-01-24 14:13:43.508082,40.22525,40.02825,0.0
2022-01-24 14:13:45.505221,39.3997,40.235,0.0
2022-01-24 14:13:46.009907,40.17326,40.4925,0.0
2022-01-24 14:13:46.504909,40.27599,40.28575,0.0
2022-01-24 14:13:47.003168,40.17326,40.33775,0.0
2022-01-24 14:13:47.509722,39.86384,40.59525,0.0
2022-01-24 14:13:48.009104,39.96657,40.33775,0.0
2022-01-24 14:13:48.503824,40.17326,39.9255,0.0
2022-01-24 14:13:49.001316,39.34772,40.28575,0.0
2022-01-24 14:13:49.507270,39.55441,40.4925,0.0
2022-01-24 14:13:50.006860,40.22525,39.9255,0.0
2022-01-24 14:13:50.503117,39.6064,39.564,0.0
2022-01-24 14:13:51.002346,40.22525,41.1635,0.0
2022-01-24 14:13:51.507319,40.01855,40.95675,0.0
2022-01-24 14:13:52.005798,40.17326,40.38975,0.0
2022-01-24 14:13:52.502120,40.37996,39.46125,0.0
2022-01-24 14:13:53.001799,40.37996,39.97625,0.0
2022-01-24 14:13:53.503399,40.12128,40.69925,0.0
2022-01-24 14:13:54.001970,40.12128,39.8215,0.0
2022-01-24 14:13:54.506792,39.91582,39.8215,0.0
2022-01-24 14:13:55.004519,39.96657,40.802,0.0
2022-01-24 14:13:55.510225,40.6374,40.183,0.0
2022-01-24 14:13:56.008106,40.37996,39.8735,0.0
2022-01-24 14:13:56.506385,39.86384,40.28575,0.0
2022-01-24 14:13:57.005520,38.98755,40.28575,0.0
2022-01-24 14:13:57.501800,40.22525,39.71875,0.0
2022-01-24 14:13:58.002252,40.32797,40.131,0.0
2022-01-24 14:13:58.509171,40.27599,40.69925,0.0
2022-01-24 14:13:59.008043,39.96657,40.183,0.03864
2022-01-24 14:13:59.503408,40.07053,39.512,0.03864
2022-01-24 14:14:00.010640,39.6064,40.75,0.0
2022-01-24 14:14:00.505682,39.3997,40.75,0.0
2022-01-24 14:14:01.005815,40.89484,40.33775,0.0
2022-01-24 14:14:01.502514,40.22525,39.3065,0.0
2022-01-24 14:14:02.010581,40.32797,40.38975,0.0
2022-01-24 14:14:02.506073,39.76111,40.69925,0.0
2022-01-24 14:14:03.004468,40.07053,40.02825,0.0
2022-01-24 14:14:03.510189,40.27599,39.40925,0.0
2022-01-24 14:14:04.007932,40.27599,40.5445,0.0
2022-01-24 14:14:04.504386,39.65714,40.64725,0.0
2022-01-24 14:14:05.004429,40.32797,40.08025,0.0
2022-01-24 14:14:05.511193,39.14226,39.2545,0.0
2022-01-24 14:14:06.009674,39.96657,40.90475,0.0
2022-01-24 14:14:06.506393,40.4307,40.4925,0.0
2022-01-24 14:14:07.004835,40.27599,39.564,0.0
2022-01-24 14:14:07.511163,40.07053,40.28575,0.0
2022-01-24 14:14:08.001658,39.81185,40.69925,0.0
2022-01-24 14:14:08.507991,40.17326,40.4405,0.0
2022-01-24 14:14:09.007385,39.6064,39.35725,0.0
2022-01-24 14:14:09.503536,40.12128,40.802,0.0
2022-01-24 14:14:10.004276,39.55441,40.38975,0.0
2022-01-24 14:14:10.509869,40.74013,39.9255,0.0
2022-01-24 14:14:11.003784,40.37996,39.71875,0.0
2022-01-24 14:14:11.510553,40.37996,41.00875,0.0
2022-01-24 14:14:12.008856,39.70912,40.33775,0.0
2022-01-24 14:14:12.504193,40.53467,39.512,0.0
2022-01-24 14:14:13.002436,39.70912,40.802,0.0
2022-01-24 14:14:13.508539,39.09027,41.00875,0.0
2022-01-24 14:14:14.007783,40.12128,40.28575,0.0
2022-01-24 14:14:14.507948,39.86384,39.40925,0.0
2022-01-24 14:14:15.006655,39.96657,40.75,0.0
2022-01-24 14:14:15.503224,39.81185,40.38975,0.0
2022-01-24 14:14:16.001386,40.22525,39.512,0.0
2022-01-24 14:14:16.507053,40.27599,40.08025,0.0
2022-01-24 14:14:17.004413,40.07053,41.00875,0.0
2022-01-24 14:14:17.509708,39.70912,40.235,0.0
2022-01-24 14:14:18.007461,39.81185,39.564,0.0
2022-01-24 14:14:18.505408,39.6064,40.33775,0.0
2022-01-24 14:14:19.004590,39.70912,40.802,0.0
2022-01-24 14:14:19.501115,40.37996,39.9255,0.0
2022-01-24 14:14:20.010785,40.58542,39.66675,0.0
2022-01-24 14:14:20.507189,40.07053,40.64725,0.0
2022-01-24 14:14:21.004857,40.01855,40.5445,0.0
2022-01-24 14:14:21.509393,40.48269,39.9255,0.0
2022-01-24 14:14:22.007763,39.45168,39.616,0.0
2022-01-24 14:14:22.506052,39.65714,40.854,0.0
2022-01-24 14:14:23.004362,39.09027,40.4925,0.0
2022-01-24 14:14:23.501052,39.193,39.71875,0.0
2022-01-24 14:14:24.009333,39.96657,39.97625,0.0
2022-01-24 14:14:24.504569,40.12128,40.75,0.0
2022-01-24 14:14:25.002743,40.27599,40.4405,0.0
2022-01-24 14:14:25.508012,40.27599,39.46125,0.0
2022-01-24 14:14:26.006413,39.6064,41.0595,0.0
2022-01-24 14:14:26.502857,39.55441,40.90475,0.0
2022-01-24 14:14:27.001322,39.6064,40.28575,0.0
2022-01-24 14:14:27.508067,39.96657,39.66675,0.0
2022-01-24 14:14:28.008999,40.22525,40.4925,0.0
2022-01-24 14:14:28.503257,39.81185,41.21425,0.0
2022-01-24 14:14:29.002331,40.6374,39.8215,0.0
2022-01-24 14:14:29.508070,40.01855,39.15175,0.0
2022-01-24 14:14:30.006051,40.32797,40.38975,0.0
2022-01-24 14:14:30.502507,40.07053,40.38975,0.0
2022-01-24 14:14:31.001302,39.55441,39.35725,0.0
2022-01-24 14:14:31.507702,39.45168,40.235,0.0
2022-01-24 14:14:32.005986,39.55441,40.235,0.0
2022-01-24 14:14:32.502127,39.81185,40.02825,0.0
2022-01-24 14:14:33.010374,39.193,40.08025,0.0
2022-01-24 14:14:33.506093,40.37996,40.5445,0.0
2022-01-24 14:14:34.003425,40.48269,40.235,0.0
2022-01-24 14:14:34.508290,40.4307,40.02825,0.0
2022-01-24 14:14:35.006111,40.01855,40.59525,0.0
2022-01-24 14:14:35.501648,39.91582,40.28575,0.0
2022-01-24 14:14:36.002752,39.3997,40.131,0.0
2022-01-24 14:14:36.510162,40.07053,39.616,0.0
2022-01-24 14:14:37.009074,40.37996,40.75,0.0
2022-01-24 14:14:37.503227,40.22525,40.59525,0.0
2022-01-24 14:14:38.003339,40.12128,39.97625,0.0
2022-01-24 14:14:39.004148,39.96657,41.0595,0.0
2022-01-24 14:14:39.509209,38.98755,40.75,0.0
2022-01-24 14:14:40.008088,40.22525,39.66675,0.0
2022-01-24 14:14:40.502945,39.55441,39.2025,0.0
2022-01-24 14:14:41.003620,39.55441,41.1635,0.0
2022-01-24 14:14:41.501420,40.12128,40.4925,0.0
2022-01-24 14:14:42.010697,40.37996,40.08025,0.0
2022-01-24 14:14:42.506498,39.81185,40.08025,0.0
2022-01-24 14:14:43.005502,39.81185,40.90475,0.0
2022-01-24 14:14:43.502766,39.55441,40.28575,0.0
2022-01-24 14:14:44.009691,40.27599,39.77075,0.0
2022-01-24 14:14:44.505778,40.4307,40.38975,0.0
2022-01-24 14:14:45.004636,39.81185,40.183,0.0
2022-01-24 14:14:45.501740,40.58542,39.97625,0.0
2022-01-24 14:14:46.009823,40.48269,39.8735,0.0
2022-01-24 14:14:46.505054,40.58542,41.0595,0.0
2022-01-24 14:14:47.002805,40.07053,40.69925,0.0
2022-01-24 14:14:47.508445,40.58542,39.46125,0.0
2022-01-24 14:14:48.006984,40.22525,40.131,0.0
2022-01-24 14:14:48.502497,39.55441,40.33775,0.0
2022-01-24 14:14:49.010405,38.93556,40.235,0.0
2022-01-24 14:14:49.505710,39.76111,39.8735,0.0
2022-01-24 14:14:50.004890,40.37996,40.4405,0.0
2022-01-24 14:14:50.510735,39.76111,40.33775,0.0
2022-01-24 14:14:51.002258,40.4307,39.8735,0.0
2022-01-24 14:14:51.507321,39.50243,40.4925,0.0
2022-01-24 14:14:52.005851,39.55441,40.802,0.0
2022-01-24 14:14:52.504799,39.34772,40.33775,0.0
2022-01-24 14:14:53.003095,40.48269,39.46125,0.0
2022-01-24 14:14:53.509074,39.76111,39.616,0.0
2022-01-24 14:14:54.008219,40.07053,41.0595,0.0
2022-01-24 14:14:54.503283,40.58542,40.28575,0.0
2022-01-24 14:14:55.003240,40.58542,39.40925,0.0
2022-01-24 14:14:55.509127,39.91582,40.59525,0.0
2022-01-24 14:14:56.006880,40.22525,41.31825,0.0
2022-01-24 14:14:56.504254,40.37996,40.75,0.0
2022-01-24 14:14:57.003389,39.86384,39.564,0.0
2022-01-24 14:14:57.509388,39.81185,39.564,0.0
2022-01-24 14:14:58.001553,39.45168,39.8735,0.0
2022-01-24 14:14:58.508583,40.37996,40.131,0.0
2022-01-24 14:14:59.007571,39.6064,39.8735,0.0
2022-01-24 14:14:59.504719,39.70912,40.5445,0.0
2022-01-24 14:15:00.003492,39.50243,40.183,0.0
2022-01-24 14:15:00.509054,39.70912,39.97625,0.0
2022-01-24 14:15:01.009276,40.53467,41.31825,0.0
2022-01-24 14:15:01.503211,39.81185,40.5445,0.0
2022-01-24 14:15:02.001693,40.22525,39.9255,0.0
2022-01-24 14:15:02.508942,40.01855,39.512,0.0
2022-01-24 14:15:03.007467,40.4307,40.02825,0.0
2022-01-24 14:15:03.503480,39.86384,40.08025,0.0
2022-01-24 14:15:04.002979,39.86384,39.77075,0.0
2022-01-24 14:15:04.509678,40.58542,40.38975,0.0
2022-01-24 14:15:05.007987,39.96657,40.95675,0.0
2022-01-24 14:15:05.506435,39.193,40.33775,0.0
2022-01-24 14:15:06.004666,40.01855,39.8215,0.0
2022-01-24 14:15:06.509820,39.34772,40.02825,0.0
2022-01-24 14:15:07.009211,39.50243,40.28575,0.0
2022-01-24 14:15:07.506246,40.68938,39.9255,0.0
2022-01-24 14:15:08.003743,40.4307,39.71875,0.0
2022-01-24 14:15:08.501871,39.96657,40.64725,0.0
2022-01-24 14:15:09.010397,39.24499,40.33775,0.0
2022-01-24 14:15:09.506567,39.14226,40.08025,0.0
2022-01-24 14:15:10.004347,40.27599,40.33775,0.0
2022-01-24 14:15:10.509956,40.6374,40.69925,0.0
2022-01-24 14:15:11.004456,40.4307,40.33775,0.0
2022-01-24 14:15:11.502336,40.58542,39.40925,0.0
2022-01-24 14:15:12.010490,40.32797,39.8735,0.0
2022-01-24 14:15:12.505224,40.01855,40.75,0.0
2022-01-24 14:15:13.004165,39.91582,40.4405,0.0
2022-01-24 14:15:13.501138,40.4307,39.71875,0.0
2022-01-24 14:15:14.010165,39.96657,40.5445,0.0
2022-01-24 14:15:14.506278,39.76111,40.90475,0.0
2022-01-24 14:15:15.004618,39.3997,40.33775,0.0
2022-01-24 14:15:15.502205,39.70912,39.3065,0.0
2022-01-24 14:15:16.001281,39.09027,40.75,0.0
2022-01-24 14:15:16.509211,39.55441,40.33775,0.0
2022-01-24 14:15:17.007957,41.10154,39.66675,0.0
2022-01-24 14:15:17.504429,39.91582,40.131,0.0
2022-01-24 14:15:18.003165,39.6064,40.90475,0.0
2022-01-24 14:15:18.507995,39.03829,40.28575,0.0
2022-01-24 14:15:19.006034,40.37996,39.66675,0.0
2022-01-24 14:15:19.510865,40.01855,40.95675,0.0
2022-01-24 14:15:20.008926,39.86384,40.4925,0.0
2022-01-24 14:15:20.506645,40.22525,40.08025,0.0
2022-01-24 14:15:21.004999,40.32797,39.512,0.0
2022-01-24 14:15:21.503744,40.12128,40.75,0.0
2022-01-24 14:15:22.002233,40.6374,40.69925,0.0
2022-01-24 14:15:22.509078,40.32797,39.8215,0.0
2022-01-24 14:15:23.008431,40.22525,39.564,0.0
2022-01-24 14:15:23.505135,39.55441,40.90475,0.0
2022-01-24 14:15:24.003403,39.3997,40.59525,0.0
2022-01-24 14:15:24.504057,40.37996,39.66675,0.0
2022-01-24 14:15:25.004118,39.65714,40.183,0.0
2022-01-24 14:15:25.509164,40.12128,40.59525,0.0
2022-01-24 14:15:26.006692,39.81185,40.28575,0.0
2022-01-24 14:15:26.503620,40.27599,39.66675,0.0
2022-01-24 14:15:27.003192,39.86384,40.75,0.0
2022-01-24 14:15:27.508639,40.48269,40.33775,0.0
2022-01-24 14:15:28.007298,40.27599,39.40925,0.0
2022-01-24 14:15:28.503082,39.76111,40.02825,0.0
2022-01-24 14:15:29.010228,40.07053,40.95675,0.0
2022-01-24 14:15:29.507569,40.12128,40.28575,0.0
2022-01-24 14:15:30.006708,40.68938,39.512,0.0
2022-01-24 14:15:30.502697,40.07053,40.28575,0.0
2022-01-24 14:15:31.010769,40.32797,41.1635,0.0
2022-01-24 14:15:31.508330,39.65714,39.616,0.0
2022-01-24 14:15:32.006450,39.6064,38.79025,0.0
2022-01-24 14:15:32.502403,39.50243,40.33775,0.0
2022-01-24 14:15:33.010197,38.98755,40.90475,0.0
2022-01-24 14:15:33.505904,40.37996,40.131,0.0
2022-01-24 14:15:34.006274,40.68938,39.512,0.0
2022-01-24 14:15:34.501097,40.22525,40.95675,0.0
2022-01-24 14:15:35.009432,39.91582,40.802,0.0
2022-01-24 14:15:35.504594,40.01855,39.71875,0.0
2022-01-24 14:15:36.003326,39.81185,39.512,0.0
2022-01-24 14:15:36.508929,39.6064,40.131,0.0
2022-01-24 14:15:37.006916,39.81185,40.28575,0.0
2022-01-24 14:15:37.503937,40.53467,40.183,0.0
2022-01-24 14:15:38.004284,40.07053,40.4925,0.0
2022-01-24 14:15:38.509368,40.07053,40.4405,0.0
2022-01-24 14:15:39.008090,39.55441,39.97625,0.0
2022-01-24 14:15:39.503500,40.48269,40.59525,0.0
2022-01-24 14:15:40.010885,40.32797,40.59525,0.0
2022-01-24 14:15:40.507509,40.17326,39.9255,0.0
2022-01-24 14:15:41.005107,39.70912,39.40925,0.0
2022-01-24 14:15:41.501513,39.70912,40.131,0.0
2022-01-24 14:15:42.009814,39.3997,40.59525,0.0
2022-01-24 14:15:42.505685,39.6064,40.38975,0.0
2022-01-24 14:15:43.004073,39.86384,39.8735,0.0
2022-01-24 14:15:43.509526,39.34772,40.802,0.0
2022-01-24 14:15:44.007746,40.07053,40.59525,0.0
2022-01-24 14:15:44.502336,39.96657,39.8215,0.0
2022-01-24 14:15:45.011093,40.68938,39.512,0.0
2022-01-24 14:15:45.507588,40.07053,40.75,0.0
2022-01-24 14:15:46.006884,40.17326,40.5445,0.0
2022-01-24 14:15:46.504046,40.32797,39.46125,0.0
2022-01-24 14:15:47.004011,40.37996,39.8735,0.0
2022-01-24 14:15:47.502449,39.96657,41.369,0.0
2022-01-24 14:15:48.001837,39.50243,40.38975,0.0
2022-01-24 14:15:48.506260,40.37996,39.9255,0.0
2022-01-24 14:15:49.004646,39.50243,40.183,0.0
2022-01-24 14:15:50.004617,39.81185,39.77075,0.0
2022-01-24 14:15:50.501994,40.58542,38.893,0.0
2022-01-24 14:15:51.001147,40.22525,40.4405,0.0
2022-01-24 14:15:51.508597,39.81185,40.854,0.0
2022-01-24 14:15:52.007308,39.55441,40.183,0.0
2022-01-24 14:15:52.502148,39.70912,40.131,0.0
2022-01-24 14:15:53.009888,39.09027,40.4405,0.0
2022-01-24 14:15:53.504957,40.8441,40.02825,0.0
2022-01-24 14:15:54.002738,40.6374,39.616,0.0
2022-01-24 14:15:54.508811,40.22525,40.5445,0.0
2022-01-24 14:15:55.007485,39.86384,40.33775,0.0
2022-01-24 14:15:55.504287,39.45168,39.512,0.0
2022-01-24 14:15:56.003061,39.65714,40.28575,0.0
2022-01-24 14:15:56.509370,40.37996,40.854,0.0
2022-01-24 14:15:57.006856,40.17326,40.59525,0.0
2022-01-24 14:15:57.503818,40.32797,39.8215,0.0
2022-01-24 14:15:58.001863,39.81185,39.66675,0.0
2022-01-24 14:15:58.506837,39.14226,40.75,0.0
2022-01-24 14:15:59.005309,39.45168,40.38975,0.0
2022-01-24 14:15:59.502298,40.79211,39.616,0.0
2022-01-24 14:16:00.010446,40.6374,39.71875,0.0
2022-01-24 14:16:00.505857,39.65714,40.95675,0.0
2022-01-24 14:16:01.003936,39.45168,40.33775,0.0
2022-01-24 14:16:01.510066,40.07053,39.8735,0.0
2022-01-24 14:16:02.008917,39.6064,40.235,0.0
2022-01-24 14:16:02.505502,39.86384,40.28575,0.0
2022-01-24 14:16:03.003038,40.17326,39.77075,0.0
2022-01-24 14:16:03.510645,40.37996,39.97625,0.0
2022-01-24 14:16:04.009717,39.96657,40.69925,0.0
2022-01-24 14:16:04.506526,40.4307,40.183,0.0
2022-01-24 14:16:05.005496,40.17326,39.2545,0.0
2022-01-24 14:16:05.501118,40.74013,40.75,0.0
2022-01-24 14:16:06.010149,39.96657,41.00875,0.0
2022-01-24 14:16:06.506922,39.91582,40.02825,0.0
2022-01-24 14:16:07.005568,39.86384,39.40925,0.0
2022-01-24 14:16:07.502209,39.45168,40.5445,0.0
2022-01-24 14:16:08.001283,39.6064,40.5445,0.0
2022-01-24 14:16:08.506680,39.24499,39.8735,0.0
2022-01-24 14:16:09.004669,40.4307,39.616,0.0
2022-01-24 14:16:09.501134,40.07053,40.5445,0.0
2022-01-24 14:16:10.010541,39.193,40.4405,0.0
2022-01-24 14:16:10.506531,40.4307,39.9255,0.0
2022-01-24 14:16:11.002076,40.32797,40.69925,0.0
2022-01-24 14:16:11.507215,40.12128,40.75,0.0
2022-01-24 14:16:12.005688,40.37996,40.02825,0.0
2022-01-24 14:16:12.502180,40.48269,39.40925,0.0
2022-01-24 14:16:13.011158,40.32797,40.95675,0.0
2022-01-24 14:16:13.506145,39.96657,40.38975,0.0
2022-01-24 14:16:14.004471,39.65714,39.77075,0.0
2022-01-24 14:16:14.501391,40.48269,39.35725,0.0
2022-01-24 14:16:15.005646,40.12128,40.802,0.0
2022-01-24 14:16:15.501036,39.91582,40.5445,0.0
2022-01-24 14:16:16.009520,39.14226,39.512,0.0
2022-01-24 14:16:16.505711,39.50243,39.8215,0.0
2022-01-24 14:16:17.004442,40.22525,40.95675,0.0
2022-01-24 14:16:17.502800,39.96657,40.183,0.0
2022-01-24 14:16:18.003281,40.22525,39.77075,0.0
2022-01-24 14:16:18.508643,40.07053,39.8735,0.0
2022-01-24 14:16:19.007190,39.29697,40.75,0.0
2022-01-24 14:16:19.501159,38.83283,39.97625,0.0
2022-01-24 14:16:20.009568,40.6374,39.77075,0.0
2022-01-24 14:16:20.505430,40.37996,40.95675,0.0
2022-01-24 14:16:21.003332,40.53467,40.802,0.0
2022-01-24 14:16:21.509905,39.96657,39.564,0.0
2022-01-24 14:16:22.007795,40.6374,39.564,0.0
2022-01-24 14:16:22.503297,40.4307,41.00875,0.0
2022-01-24 14:16:23.001732,40.4307,40.75,0.0
2022-01-24 14:16:23.511017,39.6064,39.2545,0.0
2022-01-24 14:16:24.010323,40.07053,40.08025,0.0
2022-01-24 14:16:24.504747,39.45168,40.75,0.0
2022-01-24 14:16:25.003339,38.67812,40.4925,0.0
2022-01-24 14:16:25.510395,40.37996,39.616,0.0
2022-01-24 14:16:26.008016,40.58542,40.4925,0.0
2022-01-24 14:16:26.502696,40.07053,40.69925,0.0
2022-01-24 14:16:27.002698,39.91582,40.02825,0.0
2022-01-24 14:16:27.507909,39.6064,39.97625,0.0
2022-01-24 14:16:28.007389,39.81185,40.33775,0.0
2022-01-24 14:16:28.503185,40.37996,40.08025,0.0
2022-01-24 14:16:29.001385,39.91582,39.77075,0.0
2022-01-24 14:16:29.509112,40.79211,40.64725,0.0
2022-01-24 14:16:30.007757,40.01855,40.69925,0.0
2022-01-24 14:16:30.504588,40.4307,39.77075,0.0
2022-01-24 14:16:31.002650,40.12128,40.131,0.0
2022-01-24 14:16:31.506759,40.37996,40.854,0.0
2022-01-24 14:16:32.005228,40.01855,40.38975,0.0
2022-01-24 14:16:32.503697,40.07053,39.66675,0.0
2022-01-24 14:16:33.004864,39.96657,39.77075,0.0
2022-01-24 14:16:33.509959,39.70912,40.90475,0.0
2022-01-24 14:16:34.007738,40.53467,40.38975,0.0
2022-01-24 14:16:34.502785,39.96657,39.46125,0.0
2022-01-24 14:16:35.009670,40.17326,40.4405,0.0
2022-01-24 14:16:35.505827,40.22525,41.00875,0.0
2022-01-24 14:16:36.003912,39.76111,40.5445,0.0
2022-01-24 14:16:36.501477,40.17326,39.46125,0.0
2022-01-24 14:16:37.010724,40.17326,40.02825,0.0
2022-01-24 14:16:37.507062,39.86384,40.5445,0.0
2022-01-24 14:16:38.006469,40.79211,40.183,0.0
2022-01-24 14:16:38.502359,40.37996,39.2545,0.0
2022-01-24 14:16:39.000976,40.22525,40.4405,0.0
2022-01-24 14:16:39.507987,40.01855,40.4925,0.0
2022-01-24 14:16:40.007624,39.70912,39.77075,0.0
2022-01-24 14:16:40.509970,40.01855,40.38975,0.0
2022-01-24 14:16:41.008681,40.17326,40.5445,0.0
2022-01-24 14:16:41.504904,39.65714,39.9255,0.0
2022-01-24 14:16:42.002758,39.29697,39.15175,0.0
2022-01-24 14:16:42.509030,39.81185,40.854,0.0
2022-01-24 14:16:43.002670,40.37996,40.802,0.0
2022-01-24 14:16:43.508857,40.17326,40.02825,0.0
2022-01-24 14:16:44.007566,39.76111,39.9255,0.0
2022-01-24 14:16:44.503478,40.12128,41.1115,0.0
2022-01-24 14:16:45.001069,39.3997,40.4405,0.0
2022-01-24 14:16:45.508599,40.27599,39.3065,0.0
2022-01-24 14:16:46.007563,40.99881,39.71875,0.0
2022-01-24 14:16:46.503329,40.01855,40.95675,0.0
2022-01-24 14:16:47.001334,40.27599,40.33775,0.0
2022-01-24 14:16:47.507534,39.91582,39.3065,0.0
2022-01-24 14:16:48.005092,40.07053,40.854,0.0
2022-01-24 14:16:48.501497,40.53467,40.802,0.0
2022-01-24 14:16:49.010174,40.22525,40.235,0.0
2022-01-24 14:16:49.507301,40.17326,39.15175,0.0
2022-01-24 14:16:50.007286,40.22525,40.4405,0.0
2022-01-24 14:16:50.504060,39.45168,40.4405,0.0
2022-01-24 14:16:51.003377,39.14226,39.8215,0.0
2022-01-24 14:16:51.508993,40.07053,39.9255,0.0
2022-01-24 14:16:52.006590,39.45168,41.473,0.0
2022-01-24 14:16:52.502567,40.01855,40.59525,0.0
2022-01-24 14:16:53.010401,39.86384,40.131,0.0
2022-01-24 14:16:53.505137,39.76111,39.8735,0.0
2022-01-24 14:16:54.003922,40.48269,41.1635,0.0
2022-01-24 14:16:54.510947,40.01855,40.235,0.0
2022-01-24 14:16:55.009628,40.22525,39.46125,0.0
2022-01-24 14:16:55.504892,40.37996,39.97625,0.0
2022-01-24 14:16:56.003121,39.91582,40.4925,0.0
2022-01-24 14:16:56.507985,40.17326,40.28575,0.0
2022-01-24 14:16:57.006413,40.22525,40.5445,0.0
2022-01-24 14:16:57.501920,40.4307,40.64725,0.0
2022-01-24 14:16:58.010379,40.27599,40.08025,0.0
2022-01-24 14:16:58.507437,39.70912,39.8215,0.0
2022-01-24 14:16:59.007408,39.55441,40.69925,0.0
2022-01-24 14:16:59.503057,39.91582,40.4405,0.0
2022-01-24 14:17:00.002229,39.96657,39.512,0.0
2022-01-24 14:17:00.509132,39.45168,40.02825,0.0
2022-01-24 14:17:01.008229,40.79211,41.0595,0.0
2022-01-24 14:17:01.506163,40.07053,40.59525,0.0
2022-01-24 14:17:02.005150,39.45168,39.77075,0.0
2022-01-24 14:17:02.510020,39.55441,39.2025,0.0
2022-01-24 14:17:03.009061,40.32797,40.4405,0.0
2022-01-24 14:17:03.504051,40.22525,40.4925,0.0
2022-01-24 14:17:04.002968,39.96657,39.564,0.0
2022-01-24 14:17:04.509767,40.74013,40.131,0.0
2022-01-24 14:17:05.008320,40.37996,40.4405,0.0
2022-01-24 14:17:05.503965,40.12128,40.183,0.0
2022-01-24 14:17:06.001985,39.45168,39.9255,0.0
2022-01-24 14:17:06.508546,40.58542,40.4405,0.0
2022-01-24 14:17:07.007621,40.12128,40.38975,0.0
2022-01-24 14:17:07.506029,39.70912,39.9255,0.0
2022-01-24 14:17:08.003901,39.24499,39.66675,0.0
2022-01-24 14:17:08.509068,40.4307,40.854,0.0
2022-01-24 14:17:09.007356,40.17326,40.59525,0.0
2022-01-24 14:17:09.502368,40.17326,39.512,0.0
2022-01-24 14:17:10.010926,40.32797,39.97625,0.0
2022-01-24 14:17:10.506473,39.70912,41.1115,0.0
2022-01-24 14:17:11.009932,39.6064,40.4405,0.0
2022-01-24 14:17:11.504886,38.98755,39.8215,0.0
2022-01-24 14:17:12.004061,39.96657,39.564,0.0
2022-01-24 14:17:12.509951,40.79211,40.4405,0.0
2022-01-24 14:17:13.008023,40.27599,40.4405,0.0
2022-01-24 14:17:13.503554,39.76111,39.8735,0.0
2022-01-24 14:17:14.003615,40.48269,40.95675,0.0
2022-01-24 14:17:14.510445,40.12128,40.38975,0.0
2022-01-24 14:17:15.008574,40.01855,39.40925,0.0
2022-01-24 14:17:15.503953,39.91582,40.69925,0.0
2022-01-24 14:17:16.002373,39.96657,40.90475,0.0
2022-01-24 14:17:16.511122,39.76111,40.28575,0.0
2022-01-24 14:17:17.008729,39.09027,39.3065,0.0
2022-01-24 14:17:17.504896,39.91582,40.183,0.0
2022-01-24 14:17:18.002666,39.76111,40.90475,0.0
2022-01-24 14:17:18.503662,40.27599,40.5445,0.0
2022-01-24 14:17:19.002412,39.81185,39.71875,0.0
2022-01-24 14:17:19.509119,40.12128,40.854,0.0
2022-01-24 14:17:20.006734,39.96657,40.4405,0.0
2022-01-24 14:17:20.502305,40.4307,40.02825,0.0
2022-01-24 14:17:21.001508,40.27599,40.131,0.0
2022-01-24 14:17:21.507011,40.53467,40.235,0.0
2022-01-24 14:17:22.004557,39.86384,40.08025,0.0
2022-01-24 14:17:22.509662,39.70912,40.02825,0.0
2022-01-24 14:17:23.007865,40.74013,40.59525,0.0
2022-01-24 14:17:23.503360,40.01855,40.33775,0.0
2022-01-24 14:17:24.000961,40.32797,39.9255,0.0
2022-01-24 14:17:24.507086,39.24499,39.8735,0.0
2022-01-24 14:17:25.006102,39.96657,41.1115,0.0
2022-01-24 14:17:25.503047,39.09027,40.4405,0.0
2022-01-24 14:17:26.011241,39.14226,39.8215,0.0
2022-01-24 14:17:26.505835,40.74013,39.09975,0.0
2022-01-24 14:17:27.004391,40.74013,40.802,0.0
2022-01-24 14:17:27.509899,39.70912,40.75,0.0
2022-01-24 14:17:28.008251,39.50243,39.564,0.0
