時間,回転１,回転２,回転３
2022-01-24 20:00:00.006724,0.0,0.0,0.0
2022-01-24 20:00:00.502959,0.0,0.0,0.0
2022-01-24 20:00:01.005666,0.0,0.0,0.0
2022-01-24 20:00:01.501089,0.0,0.0,0.0
2022-01-24 20:00:02.009505,0.0,0.0,0.0
2022-01-24 20:00:02.505024,0.0,0.0,0.0
2022-01-24 20:00:03.003460,0.0,0.0,0.0
2022-01-24 20:00:03.508916,0.0,0.0,0.0
2022-01-24 20:00:04.008462,0.0,0.0,0.0
2022-01-24 20:00:04.504127,0.0,0.0,0.0
2022-01-24 20:00:05.002476,0.0,0.0,0.0
2022-01-24 20:00:05.502871,0.0,0.0,0.0
2022-01-24 20:00:06.001174,0.0,0.0,0.0
2022-01-24 20:00:06.507214,0.0,0.0,0.0
2022-01-24 20:00:07.005212,0.0,0.0,0.0
2022-01-24 20:00:07.510941,0.0,0.0,0.0
2022-01-24 20:00:08.008198,0.0,0.0,0.0
2022-01-24 20:00:08.505051,0.0,0.0,0.0
2022-01-24 20:00:09.005822,0.0,0.0,0.0
2022-01-24 20:00:09.504863,0.0,0.0,0.0
2022-01-24 20:00:10.003201,0.0,0.0,0.0
2022-01-24 20:00:10.506412,0.0,0.0,0.0
2022-01-24 20:00:11.505264,0.0,0.0,0.0
2022-01-24 20:00:12.003357,0.0,0.0,0.0
2022-01-24 20:00:12.510373,0.0,0.0,0.0
2022-01-24 20:00:13.007673,0.0,0.0,0.0
2022-01-24 20:00:13.503441,0.0,0.0,0.0
2022-01-24 20:00:14.002267,0.0,0.0,0.0
2022-01-24 20:00:14.510479,0.0,0.0,0.0
2022-01-24 20:00:15.007364,0.0,0.0,0.0
2022-01-24 20:00:15.503428,0.0,0.0,0.0
2022-01-24 20:00:16.001416,0.0,0.0,0.0
2022-01-24 20:00:16.507183,0.0,0.0,0.0
2022-01-24 20:00:17.005147,0.0,0.0,0.0
2022-01-24 20:00:17.509058,0.0,0.0,0.0
2022-01-24 20:00:18.007758,0.0,0.0,0.0
2022-01-24 20:00:18.502965,0.0,0.0,0.0
2022-01-24 20:00:19.004970,0.0,0.0,0.0
2022-01-24 20:00:19.511068,0.0,0.0,0.0
2022-01-24 20:00:20.009822,0.0,0.0,0.0
2022-01-24 20:00:20.505932,0.0,0.0,0.0
2022-01-24 20:00:21.004954,0.0,0.0,0.0
2022-01-24 20:00:21.510363,0.0,0.0,0.0
2022-01-24 20:00:22.008171,0.0,0.0,0.0
2022-01-24 20:00:22.503613,0.0,0.0,0.0
2022-01-24 20:00:23.002080,0.0,0.0,0.0
2022-01-24 20:00:23.510718,0.0,0.0,0.0
2022-01-24 20:00:24.008961,0.0,0.0,0.0
2022-01-24 20:00:24.502579,0.0,0.0,0.0
2022-01-24 20:00:25.010647,0.0,0.0,0.0
2022-01-24 20:00:25.506240,0.0,0.0,0.0
2022-01-24 20:00:26.005335,0.0,0.0,0.0
2022-01-24 20:00:26.510744,0.0,0.0,0.0
2022-01-24 20:00:27.008609,0.0,0.0,0.0
2022-01-24 20:00:27.502697,0.0,0.0,0.0
2022-01-24 20:00:28.002220,0.0,0.0,0.0
2022-01-24 20:00:28.507362,0.0,0.0,0.0
2022-01-24 20:00:29.006036,0.0,0.0,0.0
2022-01-24 20:00:29.502756,0.0,0.0,0.0
2022-01-24 20:00:30.011040,0.0,0.0,0.0
2022-01-24 20:00:30.507357,0.0,0.0,0.0
2022-01-24 20:00:31.006109,0.0,0.0,0.0
2022-01-24 20:00:31.502515,0.0,0.0,0.0
2022-01-24 20:00:32.011038,0.0,0.0,0.0
2022-01-24 20:00:32.509095,0.0,0.0,0.0
2022-01-24 20:00:33.006133,0.0,0.0,0.0
2022-01-24 20:00:33.502215,0.0,0.0,0.0
2022-01-24 20:00:34.001571,0.0,0.0,0.0
2022-01-24 20:00:34.507114,0.0,0.0,0.0
2022-01-24 20:00:35.004299,0.0,0.0,0.0
2022-01-24 20:00:35.501071,0.0,0.0,0.0
2022-01-24 20:00:36.010383,0.0,0.0,0.0
2022-01-24 20:00:36.506892,0.0,0.0,0.0
2022-01-24 20:00:37.006049,0.0,0.0,0.0
2022-01-24 20:00:37.502415,0.0,0.0,0.0
2022-01-24 20:00:38.001069,0.0,0.0,0.0
2022-01-24 20:00:38.507050,0.0,0.0,0.0
2022-01-24 20:00:39.006258,0.0,0.0,0.0
2022-01-24 20:00:39.502808,0.0,0.0,0.0
2022-01-24 20:00:40.010409,0.0,0.0,0.0
2022-01-24 20:00:40.504111,0.0,0.0,0.0
2022-01-24 20:00:41.003652,0.0,0.0,0.0
2022-01-24 20:00:41.510218,0.0,0.0,0.0
2022-01-24 20:00:42.007200,0.0,0.0,0.0
2022-01-24 20:00:42.502667,0.0,0.0,0.0
2022-01-24 20:00:43.010220,0.0,0.0,0.0
2022-01-24 20:00:43.506432,0.0,0.0,0.0
2022-01-24 20:00:44.004659,0.0,0.0,0.0
2022-01-24 20:00:44.510696,0.0,0.0,0.0
2022-01-24 20:00:45.008343,0.0,0.0,0.0
2022-01-24 20:00:45.505459,0.0,0.0,0.0
2022-01-24 20:00:46.004179,0.0,0.0,0.0
2022-01-24 20:00:46.509910,0.0,0.0,0.0
2022-01-24 20:00:47.007951,0.0,0.0,0.0
2022-01-24 20:00:47.504019,0.0,0.0,0.0
2022-01-24 20:00:48.002091,0.0,0.0,0.0
2022-01-24 20:00:48.509703,0.0,0.0,0.0
2022-01-24 20:00:49.007663,0.0,0.0,0.0
2022-01-24 20:00:49.503111,0.0,0.0,0.0
2022-01-24 20:00:50.003712,0.0,0.0,0.0
2022-01-24 20:00:50.509551,0.0,0.0,0.0
2022-01-24 20:00:51.007385,0.0,0.0,0.0
2022-01-24 20:00:51.501544,0.0,0.0,0.0
2022-01-24 20:00:52.008889,0.0,0.0,0.0
2022-01-24 20:00:52.503302,0.0,0.0,0.0
2022-01-24 20:00:53.001161,0.0,0.0,0.0
2022-01-24 20:00:53.507952,0.0,0.0,0.0
2022-01-24 20:00:54.006736,0.0,0.0,0.0
2022-01-24 20:00:54.504631,0.0,0.0,0.0
2022-01-24 20:00:55.002090,0.0,0.0,0.0
2022-01-24 20:00:55.509126,0.0,0.0,0.0
2022-01-24 20:00:56.008541,0.0,0.0,0.0
2022-01-24 20:00:56.505072,0.0,0.0,0.0
2022-01-24 20:00:57.002811,0.0,0.0,0.0
2022-01-24 20:00:57.508619,0.0,0.0,0.0
2022-01-24 20:00:58.006606,0.0,0.0,0.0
2022-01-24 20:00:58.503395,0.0,0.0,0.0
2022-01-24 20:00:59.003306,0.0,0.0,0.0
2022-01-24 20:00:59.509696,0.0,0.0,0.0
2022-01-24 20:01:00.007481,0.0,0.0,0.0
2022-01-24 20:01:00.510395,0.0,0.0,0.0
2022-01-24 20:01:01.009064,0.0,0.0,0.0
2022-01-24 20:01:01.505856,0.0,0.0,0.0
2022-01-24 20:01:02.003905,0.0,0.0,0.0
2022-01-24 20:01:02.509888,0.0,0.0,0.0
2022-01-24 20:01:03.010526,0.0,0.0,0.0
2022-01-24 20:01:03.508013,0.0,0.0,0.0
2022-01-24 20:01:04.007803,0.0,0.0,0.0
2022-01-24 20:01:04.503364,0.0,0.0,0.0
2022-01-24 20:01:05.002619,0.0,0.0,0.0
2022-01-24 20:01:05.508895,0.0,0.0,0.0
2022-01-24 20:01:06.006123,0.0,0.0,0.0
2022-01-24 20:01:06.501040,0.0,0.0,0.0
2022-01-24 20:01:07.009278,0.0,0.0,0.0
2022-01-24 20:01:07.506758,0.0,0.0,0.0
2022-01-24 20:01:08.004693,0.0,0.0,0.0
2022-01-24 20:01:08.510789,0.0,0.0,0.0
2022-01-24 20:01:09.008540,0.0,0.0,0.0
2022-01-24 20:01:09.503716,0.0,0.0,0.0
2022-01-24 20:01:10.003336,0.0,0.0,0.0
2022-01-24 20:01:10.508878,0.0,0.0,0.0
2022-01-24 20:01:11.002542,0.0,0.0,0.0
2022-01-24 20:01:11.509822,0.0,0.0,0.0
2022-01-24 20:01:12.008456,0.0,0.0,0.0
2022-01-24 20:01:12.504302,0.0,0.0,0.0
2022-01-24 20:01:13.002212,0.0,0.0,0.0
2022-01-24 20:01:13.507453,0.0,0.0,0.0
2022-01-24 20:01:14.005196,0.0,0.0,0.0
2022-01-24 20:01:14.502864,0.0,0.0,0.0
2022-01-24 20:01:15.010550,0.0,0.0,0.0
2022-01-24 20:01:15.506336,0.0,0.0,0.0
2022-01-24 20:01:16.005223,0.0,0.0,0.0
2022-01-24 20:01:16.502951,0.0,0.0,0.0
2022-01-24 20:01:17.001377,0.0,0.0,0.0
2022-01-24 20:01:17.506937,0.0,0.0,0.0
2022-01-24 20:01:18.004113,0.0,0.0,0.0
2022-01-24 20:01:18.511122,0.0,0.0,0.0
2022-01-24 20:01:19.008478,0.0,0.0,0.0
2022-01-24 20:01:19.503068,0.0,0.0,0.0
2022-01-24 20:01:20.001454,0.0,0.0,0.0
2022-01-24 20:01:20.506938,0.0,0.0,0.0
2022-01-24 20:01:21.003927,0.0,0.0,0.0
2022-01-24 20:01:21.509095,0.0,0.0,0.0
2022-01-24 20:01:22.007911,0.0,0.0,0.0
2022-01-24 20:01:22.503034,0.0,0.0,0.0
2022-01-24 20:01:23.002002,0.0,0.0,0.0
2022-01-24 20:01:23.507878,0.0,0.0,0.0
2022-01-24 20:01:24.006304,0.0,0.0,0.0
2022-01-24 20:01:25.004701,0.0,0.0,0.0
2022-01-24 20:01:25.510634,0.0,0.0,0.0
2022-01-24 20:01:26.009271,0.0,0.0,0.0
2022-01-24 20:01:26.503642,0.0,0.0,0.0
2022-01-24 20:01:27.002051,0.0,0.0,0.0
2022-01-24 20:01:27.509351,0.0,0.0,0.0
2022-01-24 20:01:28.007620,0.0,0.0,0.0
2022-01-24 20:01:28.502483,0.0,0.0,0.0
2022-01-24 20:01:29.010769,0.0,0.0,0.0
2022-01-24 20:01:29.506634,0.0,0.0,0.0
2022-01-24 20:01:30.005002,0.0,0.0,0.0
2022-01-24 20:01:30.503981,0.0,0.0,0.0
2022-01-24 20:01:31.002720,0.0,0.0,0.0
2022-01-24 20:01:31.508689,0.0,0.0,0.0
2022-01-24 20:01:32.006903,0.0,0.0,0.0
2022-01-24 20:01:32.511174,0.0,0.0,0.0
2022-01-24 20:01:33.010981,0.0,0.0,0.0
2022-01-24 20:01:33.507272,0.0,0.0,0.0
2022-01-24 20:01:34.005221,0.0,0.0,0.0
2022-01-24 20:01:34.502392,0.0,0.0,0.0
2022-01-24 20:01:35.010534,0.0,0.0,0.0
2022-01-24 20:01:35.506780,0.0,0.0,0.0
2022-01-24 20:01:36.003417,0.0,0.0,0.0
2022-01-24 20:01:36.509905,0.0,0.0,0.0
2022-01-24 20:01:37.008184,0.0,0.0,0.0
2022-01-24 20:01:37.502837,0.0,0.0,0.0
2022-01-24 20:01:38.010280,0.0,0.0,0.0
2022-01-24 20:01:38.505793,0.0,0.0,0.0
2022-01-24 20:01:39.004591,0.0,0.0,0.0
2022-01-24 20:01:39.501817,0.0,0.0,0.0
2022-01-24 20:01:40.010480,0.0,0.0,0.0
2022-01-24 20:01:40.506175,0.0,0.0,0.0
2022-01-24 20:01:41.004034,0.0,0.0,0.0
2022-01-24 20:01:41.508956,0.0,0.0,0.0
2022-01-24 20:01:42.007151,0.0,0.0,0.0
2022-01-24 20:01:42.502385,0.0,0.0,0.0
2022-01-24 20:01:43.010792,0.0,0.0,0.0
2022-01-24 20:01:43.508125,0.0,0.0,0.0
2022-01-24 20:01:44.006510,0.0,0.0,0.0
2022-01-24 20:01:44.501851,0.0,0.0,0.0
2022-01-24 20:01:45.010265,0.0,0.0,0.0
2022-01-24 20:01:45.505176,0.0,0.0,0.0
2022-01-24 20:01:46.003026,0.0,0.0,0.0
2022-01-24 20:01:46.507287,0.0,0.0,0.0
2022-01-24 20:01:47.004976,0.0,0.0,0.0
2022-01-24 20:01:47.501887,0.0,0.0,0.0
2022-01-24 20:01:48.010931,0.0,0.0,0.0
2022-01-24 20:01:48.506343,0.0,0.0,0.0
2022-01-24 20:01:49.006090,0.0,0.0,0.0
2022-01-24 20:01:49.511079,0.0,0.0,0.0
2022-01-24 20:01:50.008560,0.0,0.0,0.0
2022-01-24 20:01:50.503810,0.0,0.0,0.0
2022-01-24 20:01:51.001079,0.0,0.0,0.0
2022-01-24 20:01:51.506736,0.0,0.0,0.0
2022-01-24 20:01:52.004862,0.0,0.0,0.0
2022-01-24 20:01:52.502374,0.0,0.0,0.0
2022-01-24 20:01:53.010624,0.0,0.0,0.0
2022-01-24 20:01:53.506130,0.0,0.0,0.0
2022-01-24 20:01:54.004367,0.0,0.0,0.0
2022-01-24 20:01:54.509823,0.0,0.0,0.0
2022-01-24 20:01:55.007295,0.0,0.0,0.0
2022-01-24 20:01:55.503540,0.0,0.0,0.0
2022-01-24 20:01:56.002920,0.0,0.0,0.0
2022-01-24 20:01:56.510356,0.0,0.0,0.0
2022-01-24 20:01:57.010321,0.0,0.0,0.0
2022-01-24 20:01:57.504718,0.0,0.0,0.0
2022-01-24 20:01:58.002544,0.0,0.0,0.0
2022-01-24 20:01:58.508391,0.0,0.0,0.0
2022-01-24 20:01:59.007034,0.0,0.0,0.0
2022-01-24 20:01:59.503578,0.0,0.0,0.0
2022-01-24 20:02:00.002714,0.0,0.0,0.0
2022-01-24 20:02:00.508633,0.0,0.0,0.0
2022-01-24 20:02:01.007964,0.0,0.0,0.0
2022-01-24 20:02:01.502761,0.0,0.0,0.0
2022-01-24 20:02:02.011168,0.0,0.0,0.0
2022-01-24 20:02:02.506322,0.0,0.0,0.0
2022-01-24 20:02:03.004357,0.0,0.0,0.0
2022-01-24 20:02:03.510962,0.0,0.0,0.0
2022-01-24 20:02:04.007649,0.0,0.0,0.0
2022-01-24 20:02:04.502612,0.0,0.0,0.0
2022-01-24 20:02:05.010759,0.0,0.0,0.0
2022-01-24 20:02:05.508037,0.0,0.0,0.0
2022-01-24 20:02:06.006245,0.0,0.0,0.0
2022-01-24 20:02:06.510788,0.0,0.0,0.0
2022-01-24 20:02:07.007886,0.0,0.0,0.0
2022-01-24 20:02:07.503379,0.0,0.0,0.0
2022-01-24 20:02:08.002952,0.0,0.0,0.0
2022-01-24 20:02:08.507990,0.0,0.0,0.0
2022-01-24 20:02:09.006791,0.0,0.0,0.0
2022-01-24 20:02:09.504413,0.0,0.0,0.0
2022-01-24 20:02:10.003462,0.0,0.0,0.0
2022-01-24 20:02:10.508982,0.0,0.0,0.0
2022-01-24 20:02:11.007069,0.0,0.0,0.0
2022-01-24 20:02:11.503500,0.0,0.0,0.0
2022-01-24 20:02:12.002777,0.0,0.0,0.0
2022-01-24 20:02:12.509234,0.0,0.0,0.0
2022-01-24 20:02:13.007422,0.0,0.0,0.0
2022-01-24 20:02:13.502048,0.0,0.0,0.0
2022-01-24 20:02:14.010618,0.0,0.0,0.0
2022-01-24 20:02:14.506549,0.0,0.0,0.0
2022-01-24 20:02:15.003881,0.0,0.0,0.0
2022-01-24 20:02:15.509217,0.0,0.0,0.0
2022-01-24 20:02:16.006781,0.0,0.0,0.0
2022-01-24 20:02:16.501766,0.0,0.0,0.0
2022-01-24 20:02:17.008992,0.0,0.0,0.0
2022-01-24 20:02:17.503513,0.0,0.0,0.0
2022-01-24 20:02:18.001103,0.0,0.0,0.0
2022-01-24 20:02:18.506576,0.0,0.0,0.0
2022-01-24 20:02:19.003731,0.0,0.0,0.0
2022-01-24 20:02:19.510405,0.0,0.0,0.0
2022-01-24 20:02:20.008247,0.0,0.0,0.0
2022-01-24 20:02:20.504142,0.0,0.0,0.0
2022-01-24 20:02:21.010419,0.0,0.0,0.0
2022-01-24 20:02:21.504577,0.0,0.0,0.0
2022-01-24 20:02:22.002169,0.0,0.0,0.0
2022-01-24 20:02:22.508454,0.0,0.0,0.0
2022-01-24 20:02:23.007491,0.0,0.0,0.0
2022-01-24 20:02:23.504511,0.0,0.0,0.0
2022-01-24 20:02:24.002542,0.0,0.0,0.0
2022-01-24 20:02:24.508665,0.0,0.0,0.0
2022-01-24 20:02:25.006897,0.0,0.0,0.0
2022-01-24 20:02:25.501237,0.0,0.0,0.0
2022-01-24 20:02:26.010113,0.0,0.0,0.0
2022-01-24 20:02:26.504872,0.0,0.0,0.0
2022-01-24 20:02:27.002753,0.0,0.0,0.0
2022-01-24 20:02:27.509943,0.0,0.0,0.0
2022-01-24 20:02:28.007836,0.0,0.0,0.0
2022-01-24 20:02:28.504601,0.0,0.0,0.0
2022-01-24 20:02:29.002733,0.0,0.0,0.0
2022-01-24 20:02:29.507689,0.0,0.0,0.0
2022-01-24 20:02:30.006190,0.0,0.0,0.0
2022-01-24 20:02:30.510733,0.0,0.0,0.0
2022-01-24 20:02:31.010179,0.0,0.0,0.0
2022-01-24 20:02:31.506203,0.0,0.0,0.0
2022-01-24 20:02:32.003447,0.0,0.0,0.0
2022-01-24 20:02:33.005096,0.0,0.0,0.0
2022-01-24 20:02:33.509133,0.0,0.0,0.0
2022-01-24 20:02:34.008151,0.0,0.0,0.0
2022-01-24 20:02:34.502883,0.0,0.0,0.0
2022-01-24 20:02:35.001733,0.0,0.0,0.0
2022-01-24 20:02:35.506477,0.0,0.0,0.0
2022-01-24 20:02:36.006316,0.0,0.0,0.0
2022-01-24 20:02:36.502422,0.0,0.0,0.0
2022-01-24 20:02:37.010228,0.0,0.0,0.0
2022-01-24 20:02:37.506035,0.0,0.0,0.0
2022-01-24 20:02:38.004256,0.0,0.0,0.0
2022-01-24 20:02:38.510485,0.0,0.0,0.0
2022-01-24 20:02:39.008816,0.0,0.0,0.0
2022-01-24 20:02:39.503690,0.0,0.0,0.0
2022-01-24 20:02:40.003039,0.0,0.0,0.0
2022-01-24 20:02:40.509233,0.0,0.0,0.0
2022-01-24 20:02:41.007021,0.0,0.0,0.0
2022-01-24 20:02:41.503198,0.0,0.0,0.0
2022-01-24 20:02:42.003392,0.0,0.0,0.0
2022-01-24 20:02:42.507435,0.0,0.0,0.0
2022-01-24 20:02:43.004432,0.0,0.0,0.0
2022-01-24 20:02:43.510441,0.0,0.0,0.0
2022-01-24 20:02:44.008968,0.0,0.0,0.0
2022-01-24 20:02:44.503500,0.0,0.0,0.0
2022-01-24 20:02:45.002261,0.0,0.0,0.0
2022-01-24 20:02:45.508664,0.0,0.0,0.0
2022-01-24 20:02:46.008064,0.0,0.0,0.0
2022-01-24 20:02:46.503685,0.0,0.0,0.0
2022-01-24 20:02:47.001871,0.0,0.0,0.0
2022-01-24 20:02:47.508009,0.0,0.0,0.0
2022-01-24 20:02:48.007337,0.0,0.0,0.0
2022-01-24 20:02:48.501471,0.0,0.0,0.0
2022-01-24 20:02:49.009890,0.0,0.0,0.0
2022-01-24 20:02:49.506397,0.0,0.0,0.0
2022-01-24 20:02:50.004473,0.0,0.0,0.0
2022-01-24 20:02:50.511141,0.0,0.0,0.0
2022-01-24 20:02:51.009691,0.0,0.0,0.0
2022-01-24 20:02:51.503931,0.0,0.0,0.0
2022-01-24 20:02:52.002249,0.0,0.0,0.0
2022-01-24 20:02:52.508098,0.0,0.0,0.0
2022-01-24 20:02:53.005486,0.0,0.0,0.0
2022-01-24 20:02:53.510807,0.0,0.0,0.0
2022-01-24 20:02:54.010032,0.0,0.0,0.0
2022-01-24 20:02:54.504907,0.0,0.0,0.0
2022-01-24 20:02:55.002625,0.0,0.0,0.0
2022-01-24 20:02:55.509108,0.0,0.0,0.0
2022-01-24 20:02:56.008216,0.0,0.0,0.0
2022-01-24 20:02:56.506284,0.0,0.0,0.0
2022-01-24 20:02:57.004003,0.0,0.0,0.0
2022-01-24 20:02:57.511086,0.0,0.0,0.0
2022-01-24 20:02:58.009095,0.0,0.0,0.0
2022-01-24 20:02:58.504769,0.0,0.0,0.0
2022-01-24 20:02:59.002391,0.0,0.0,0.0
2022-01-24 20:02:59.508684,0.0,0.0,0.0
2022-01-24 20:03:00.007056,0.0,0.0,0.0
2022-01-24 20:03:00.502237,0.0,0.0,0.0
2022-01-24 20:03:01.001179,0.0,0.0,0.0
2022-01-24 20:03:01.508570,0.0,0.0,0.0
2022-01-24 20:03:02.006545,0.0,0.0,0.0
2022-01-24 20:03:02.502235,0.0,0.0,0.0
2022-01-24 20:03:03.505131,0.0,0.0,0.0
2022-01-24 20:03:04.003465,0.0,0.0,0.0
2022-01-24 20:03:04.507901,0.0,0.0,0.0
2022-01-24 20:03:05.006366,0.0,0.0,0.0
2022-01-24 20:03:05.504034,0.0,0.0,0.0
2022-01-24 20:03:06.002317,0.0,0.0,0.0
2022-01-24 20:03:06.507455,0.0,0.0,0.0
2022-01-24 20:03:07.007735,0.0,0.0,0.0
2022-01-24 20:03:07.501351,0.0,0.0,0.0
2022-01-24 20:03:08.009443,0.0,0.0,0.0
2022-01-24 20:03:08.503756,0.0,0.0,0.0
2022-01-24 20:03:09.002218,0.0,0.0,0.0
2022-01-24 20:03:09.507882,0.0,0.0,0.0
2022-01-24 20:03:10.008396,0.0,0.0,0.0
2022-01-24 20:03:10.502390,0.0,0.0,0.0
2022-01-24 20:03:11.006472,0.0,0.0,0.0
2022-01-24 20:03:11.502251,0.0,0.0,0.0
2022-01-24 20:03:12.009668,0.0,0.0,0.0
2022-01-24 20:03:12.504946,0.0,0.0,0.0
2022-01-24 20:03:13.002798,0.0,0.0,0.0
2022-01-24 20:03:13.508231,0.0,0.0,0.0
2022-01-24 20:03:14.006597,0.0,0.0,0.0
2022-01-24 20:03:14.502099,0.0,0.0,0.0
2022-01-24 20:03:15.010690,0.0,0.0,0.0
2022-01-24 20:03:15.505762,0.0,0.0,0.0
2022-01-24 20:03:16.003406,0.0,0.0,0.0
2022-01-24 20:03:16.509544,0.0,0.0,0.0
2022-01-24 20:03:17.007720,0.0,0.0,0.0
2022-01-24 20:03:17.502096,0.0,0.0,0.0
2022-01-24 20:03:18.010113,0.0,0.0,0.0
2022-01-24 20:03:18.505712,0.0,0.0,0.0
2022-01-24 20:03:19.004485,0.0,0.0,0.0
2022-01-24 20:03:19.509273,0.0,0.0,0.0
2022-01-24 20:03:20.008292,0.0,0.0,0.0
2022-01-24 20:03:20.503489,0.0,0.0,0.0
2022-01-24 20:03:21.001895,0.0,0.0,0.0
2022-01-24 20:03:21.507449,0.0,0.0,0.0
2022-01-24 20:03:22.004843,0.0,0.0,0.0
2022-01-24 20:03:22.501309,0.0,0.0,0.0
2022-01-24 20:03:23.009423,0.0,0.0,0.0
2022-01-24 20:03:23.506747,0.0,0.0,0.0
2022-01-24 20:03:24.004034,0.0,0.0,0.0
2022-01-24 20:03:24.510414,0.0,0.0,0.0
2022-01-24 20:03:25.008308,0.0,0.0,0.0
2022-01-24 20:03:25.503848,0.0,0.0,0.0
2022-01-24 20:03:26.001366,0.0,0.0,0.0
2022-01-24 20:03:26.507457,0.0,0.0,0.0
2022-01-24 20:03:27.006580,0.0,0.0,0.0
2022-01-24 20:03:27.511282,0.0,0.0,0.0
2022-01-24 20:03:28.505092,0.0,0.0,0.0
2022-01-24 20:03:29.003913,0.0,0.0,0.0
2022-01-24 20:03:29.510356,0.0,0.0,0.0
2022-01-24 20:03:30.010216,0.0,0.0,0.0
2022-01-24 20:03:30.505983,0.0,0.0,0.0
2022-01-24 20:03:31.003701,0.0,0.0,0.0
2022-01-24 20:03:31.509436,0.0,0.0,0.0
2022-01-24 20:03:32.001221,0.0,0.0,0.0
2022-01-24 20:03:32.506988,0.0,0.0,0.0
2022-01-24 20:03:33.007070,0.0,0.0,0.0
2022-01-24 20:03:33.502401,0.0,0.0,0.0
2022-01-24 20:03:34.011049,0.0,0.0,0.0
2022-01-24 20:03:34.505461,0.0,0.0,0.0
2022-01-24 20:03:35.002988,0.0,0.0,0.0
2022-01-24 20:03:35.508022,0.0,0.0,0.0
2022-01-24 20:03:36.009864,0.0,0.0,0.0
2022-01-24 20:03:36.505546,0.0,0.0,0.0
2022-01-24 20:03:37.005716,0.0,0.0,0.0
2022-01-24 20:03:37.503013,0.0,0.0,0.0
2022-01-24 20:03:38.001389,0.0,0.0,0.0
2022-01-24 20:03:38.508637,0.0,0.0,0.0
2022-01-24 20:03:39.007421,0.0,0.0,0.0
2022-01-24 20:03:39.503230,0.0,0.0,0.0
2022-01-24 20:03:40.001318,0.0,0.0,0.0
2022-01-24 20:03:40.507810,0.0,0.0,0.0
2022-01-24 20:03:41.006704,0.0,0.0,0.0
2022-01-24 20:03:41.501832,0.0,0.0,0.0
2022-01-24 20:03:42.011235,0.0,0.0,0.0
2022-01-24 20:03:42.505807,0.0,0.0,0.0
2022-01-24 20:03:43.003020,0.0,0.0,0.0
2022-01-24 20:03:43.501159,0.0,0.0,0.0
2022-01-24 20:03:44.010819,0.0,0.0,0.0
2022-01-24 20:03:44.507006,0.0,0.0,0.0
2022-01-24 20:03:45.007488,0.0,0.0,0.0
2022-01-24 20:03:45.504562,0.0,0.0,0.0
2022-01-24 20:03:46.003958,0.0,0.0,0.0
2022-01-24 20:03:46.509864,0.0,0.0,0.0
2022-01-24 20:03:47.008620,0.0,0.0,0.0
2022-01-24 20:03:47.503467,0.0,0.0,0.0
2022-01-24 20:03:48.001779,0.0,0.0,0.0
2022-01-24 20:03:48.506781,0.0,0.0,0.0
2022-01-24 20:03:49.004344,0.0,0.0,0.0
2022-01-24 20:03:49.509354,0.0,0.0,0.0
2022-01-24 20:03:50.007190,0.0,0.0,0.0
2022-01-24 20:03:50.503282,0.0,0.0,0.0
2022-01-24 20:03:51.001759,0.0,0.0,0.0
2022-01-24 20:03:51.508667,0.0,0.0,0.0
2022-01-24 20:03:52.006291,0.0,0.0,0.0
2022-01-24 20:03:52.502233,0.0,0.0,0.0
2022-01-24 20:03:53.001242,0.0,0.0,0.0
2022-01-24 20:03:53.507977,0.0,0.0,0.0
2022-01-24 20:03:54.008076,0.0,0.0,0.0
2022-01-24 20:03:54.504092,0.0,0.0,0.0
2022-01-24 20:03:55.002254,0.0,0.0,0.0
2022-01-24 20:03:55.502313,0.0,0.0,0.0
2022-01-24 20:03:56.010522,0.0,0.0,0.0
2022-01-24 20:03:56.510373,0.0,0.0,0.0
2022-01-24 20:03:57.010177,0.0,0.0,0.0
2022-01-24 20:03:57.507004,0.0,0.0,0.0
2022-01-24 20:03:58.006026,0.0,0.0,0.0
2022-01-24 20:03:58.501661,0.0,0.0,0.0
2022-01-24 20:03:59.010405,0.0,0.0,0.0
2022-01-24 20:03:59.506523,0.0,0.0,0.0
2022-01-24 20:04:00.004711,0.0,0.0,0.0
2022-01-24 20:04:00.509098,0.0,0.0,0.0
2022-01-24 20:04:01.006299,0.0,0.0,0.0
2022-01-24 20:04:01.510862,0.0,0.0,0.0
2022-01-24 20:04:02.002135,0.0,0.0,0.0
2022-01-24 20:04:02.506677,0.0,0.0,0.0
2022-01-24 20:04:03.003847,0.0,0.0,0.0
2022-01-24 20:04:03.510665,0.0,0.0,0.0
2022-01-24 20:04:04.007617,0.0,0.0,0.0
2022-01-24 20:04:04.502615,0.0,0.0,0.0
2022-01-24 20:04:05.010605,0.0,0.0,0.0
2022-01-24 20:04:05.506958,0.0,0.0,0.0
2022-01-24 20:04:06.003900,0.0,0.0,0.0
2022-01-24 20:04:06.508959,0.0,0.0,0.0
2022-01-24 20:04:07.006632,0.0,0.0,0.0
2022-01-24 20:04:07.502725,0.0,0.0,0.0
2022-01-24 20:04:08.002398,0.0,0.0,0.0
2022-01-24 20:04:08.508260,0.0,0.0,0.0
2022-01-24 20:04:09.007128,0.0,0.0,0.0
2022-01-24 20:04:09.504049,0.0,0.0,0.0
2022-01-24 20:04:10.002113,0.0,0.0,0.0
2022-01-24 20:04:10.506953,0.0,0.0,0.0
2022-01-24 20:04:11.002877,0.0,0.0,0.0
2022-01-24 20:04:11.506864,0.0,0.0,0.0
2022-01-24 20:04:12.005551,0.0,0.0,0.0
2022-01-24 20:04:12.502202,0.0,0.0,0.0
2022-01-24 20:04:13.009571,0.0,0.0,0.0
2022-01-24 20:04:13.504060,0.0,0.0,0.0
2022-01-24 20:04:14.002745,0.0,0.0,0.0
2022-01-24 20:04:14.507576,0.0,0.0,0.0
2022-01-24 20:04:15.006284,0.0,0.0,0.0
2022-01-24 20:04:15.502271,0.0,0.0,0.0
2022-01-24 20:04:16.010715,0.0,0.0,0.0
2022-01-24 20:04:16.505837,0.0,0.0,0.0
2022-01-24 20:04:17.004146,0.0,0.0,0.0
2022-01-24 20:04:17.509328,0.0,0.0,0.0
2022-01-24 20:04:18.008110,0.0,0.0,0.0
2022-01-24 20:04:18.503435,0.0,0.0,0.0
2022-01-24 20:04:19.001864,0.0,0.0,0.0
2022-01-24 20:04:19.507123,0.0,0.0,0.0
2022-01-24 20:04:20.006275,0.0,0.0,0.0
2022-01-24 20:04:20.510600,0.0,0.0,0.0
2022-01-24 20:04:21.008745,0.0,0.0,0.0
2022-01-24 20:04:21.504442,0.0,0.0,0.0
2022-01-24 20:04:22.003231,0.0,0.0,0.0
2022-01-24 20:04:22.508075,0.0,0.0,0.0
2022-01-24 20:04:23.007179,0.0,0.0,0.0
2022-01-24 20:04:23.501762,0.0,0.0,0.0
2022-01-24 20:04:24.010348,0.0,0.0,0.0
2022-01-24 20:04:24.506509,0.0,0.0,0.0
2022-01-24 20:04:25.005380,0.0,0.0,0.0
2022-01-24 20:04:25.501181,0.0,0.0,0.0
2022-01-24 20:04:26.009907,0.0,0.0,0.0
2022-01-24 20:04:26.505129,0.0,0.0,0.0
2022-01-24 20:04:27.004407,0.0,0.0,0.0
2022-01-24 20:04:27.509707,0.0,0.0,0.0
2022-01-24 20:04:28.008590,0.0,0.0,0.0
2022-01-24 20:04:28.503427,0.0,0.0,0.0
2022-01-24 20:04:29.001416,0.0,0.0,0.0
2022-01-24 20:04:29.506870,0.0,0.0,0.0
2022-01-24 20:04:30.004879,0.0,0.0,0.0
2022-01-24 20:04:30.511098,0.0,0.0,0.0
2022-01-24 20:04:31.009398,0.0,0.0,0.0
2022-01-24 20:04:31.504489,0.0,0.0,0.0
2022-01-24 20:04:32.002682,0.0,0.0,0.0
2022-01-24 20:04:32.507347,0.0,0.0,0.0
2022-01-24 20:04:33.007518,0.0,0.0,0.0
2022-01-24 20:04:33.502796,0.0,0.0,0.0
2022-01-24 20:04:34.010314,0.0,0.0,0.0
2022-01-24 20:04:34.505692,0.0,0.0,0.0
2022-01-24 20:04:35.004278,0.0,0.0,0.0
2022-01-24 20:04:35.501166,0.0,0.0,0.0
2022-01-24 20:04:36.009981,0.0,0.0,0.0
2022-01-24 20:04:36.505241,0.0,0.0,0.0
2022-01-24 20:04:37.003911,0.0,0.0,0.0
2022-01-24 20:04:37.509901,0.0,0.0,0.0
2022-01-24 20:04:38.008082,0.0,0.0,0.0
2022-01-24 20:04:38.503380,0.0,0.0,0.0
2022-01-24 20:04:39.001699,0.0,0.0,0.0
2022-01-24 20:04:39.508981,0.0,0.0,0.0
2022-01-24 20:04:40.007242,0.0,0.0,0.0
2022-01-24 20:04:40.502528,0.0,0.0,0.0
2022-01-24 20:04:41.011113,0.0,0.0,0.0
2022-01-24 20:04:41.507137,0.0,0.0,0.0
2022-01-24 20:04:42.004985,0.0,0.0,0.0
2022-01-24 20:04:42.510645,0.0,0.0,0.0
2022-01-24 20:04:43.008325,0.0,0.0,0.0
2022-01-24 20:04:43.503145,0.0,0.0,0.0
2022-01-24 20:04:44.002692,0.0,0.0,0.0
2022-01-24 20:04:44.508609,0.0,0.0,0.0
2022-01-24 20:04:45.006986,0.0,0.0,0.0
2022-01-24 20:04:45.504573,0.0,0.0,0.0
2022-01-24 20:04:46.003684,0.0,0.0,0.0
2022-01-24 20:04:46.509978,0.0,0.0,0.0
2022-01-24 20:04:47.008401,0.0,0.0,0.0
2022-01-24 20:04:47.504541,0.0,0.0,0.0
2022-01-24 20:04:48.002600,0.0,0.0,0.0
2022-01-24 20:04:48.501871,0.0,0.0,0.0
2022-01-24 20:04:49.010531,0.0,0.0,0.0
2022-01-24 20:04:49.506756,0.0,0.0,0.0
2022-01-24 20:04:50.004851,0.0,0.0,0.0
2022-01-24 20:04:50.510570,0.0,0.0,0.0
2022-01-24 20:04:51.007038,0.0,0.0,0.0
2022-01-24 20:04:51.501554,0.0,0.0,0.0
2022-01-24 20:04:52.010444,0.0,0.0,0.0
2022-01-24 20:04:52.506342,0.0,0.0,0.0
2022-01-24 20:04:53.006149,0.0,0.0,0.0
2022-01-24 20:04:53.503056,0.0,0.0,0.0
2022-01-24 20:04:54.001827,0.0,0.0,0.0
2022-01-24 20:04:54.507343,0.0,0.0,0.0
2022-01-24 20:04:55.007331,0.0,0.0,0.0
2022-01-24 20:04:55.502887,0.0,0.0,0.0
2022-01-24 20:04:56.505160,0.0,0.0,0.0
2022-01-24 20:04:57.003054,0.0,0.0,0.0
2022-01-24 20:04:57.507247,0.0,0.0,0.0
2022-01-24 20:04:58.006963,0.0,0.0,0.0
2022-01-24 20:04:58.501802,0.0,0.0,0.0
2022-01-24 20:04:59.011023,0.0,0.0,0.0
2022-01-24 20:04:59.505146,0.0,0.0,0.0
2022-01-24 20:05:00.005018,0.0,0.0,0.0
2022-01-24 20:05:00.506495,0.0,0.0,0.0
2022-01-24 20:05:01.004605,0.0,0.0,0.0
2022-01-24 20:05:01.510039,0.0,0.0,0.0
2022-01-24 20:05:02.008900,0.0,0.0,0.0
2022-01-24 20:05:02.505152,0.0,0.0,0.0
2022-01-24 20:05:03.005029,0.0,0.0,0.0
2022-01-24 20:05:03.510156,0.0,0.0,0.0
2022-01-24 20:05:04.008126,0.0,0.0,0.0
2022-01-24 20:05:04.503824,0.0,0.0,0.0
2022-01-24 20:05:05.001909,0.0,0.0,0.0
2022-01-24 20:05:05.509957,0.0,0.0,0.0
2022-01-24 20:05:06.007656,0.0,0.0,0.0
2022-01-24 20:05:06.501811,0.0,0.0,0.0
2022-01-24 20:05:07.010235,0.0,0.0,0.0
2022-01-24 20:05:07.507874,0.0,0.0,0.0
2022-01-24 20:05:08.006187,0.0,0.0,0.0
2022-01-24 20:05:08.501450,0.0,0.0,0.0
2022-01-24 20:05:09.001110,0.0,0.0,0.0
2022-01-24 20:05:09.507621,0.0,0.0,0.0
2022-01-24 20:05:10.006476,0.0,0.0,0.0
2022-01-24 20:05:10.501816,0.0,0.0,0.0
2022-01-24 20:05:11.006242,0.0,0.0,0.0
2022-01-24 20:05:11.510687,0.0,0.0,0.0
2022-01-24 20:05:12.008846,0.0,0.0,0.0
2022-01-24 20:05:12.506969,0.0,0.0,0.0
2022-01-24 20:05:13.005497,0.0,0.0,0.0
2022-01-24 20:05:13.510890,0.0,0.0,0.0
2022-01-24 20:05:14.008087,0.0,0.0,0.0
2022-01-24 20:05:14.504030,0.0,0.0,0.0
2022-01-24 20:05:15.001629,0.0,0.0,0.0
2022-01-24 20:05:15.507578,0.0,0.0,0.0
2022-01-24 20:05:16.005679,0.0,0.0,0.0
2022-01-24 20:05:16.501297,0.0,0.0,0.0
2022-01-24 20:05:17.009127,0.0,0.0,0.0
2022-01-24 20:05:17.505069,0.0,0.0,0.0
2022-01-24 20:05:18.003516,0.0,0.0,0.0
2022-01-24 20:05:18.508891,0.0,0.0,0.0
2022-01-24 20:05:19.006264,0.0,0.0,0.0
2022-01-24 20:05:19.502642,0.0,0.0,0.0
2022-01-24 20:05:20.000988,0.0,0.0,0.0
2022-01-24 20:05:20.505229,0.0,0.0,0.0
2022-01-24 20:05:21.002848,0.0,0.0,0.0
2022-01-24 20:05:21.508167,0.0,0.0,0.0
2022-01-24 20:05:22.007360,0.0,0.0,0.0
2022-01-24 20:05:22.502313,0.0,0.0,0.0
2022-01-24 20:05:23.011111,0.0,0.0,0.0
2022-01-24 20:05:23.506898,0.0,0.0,0.0
2022-01-24 20:05:24.004389,0.0,0.0,0.0
2022-01-24 20:05:24.509569,0.0,0.0,0.0
2022-01-24 20:05:25.008289,0.0,0.0,0.0
2022-01-24 20:05:25.503730,0.0,0.0,0.0
2022-01-24 20:05:26.001789,0.0,0.0,0.0
2022-01-24 20:05:26.507564,0.0,0.0,0.0
2022-01-24 20:05:27.006114,0.0,0.0,0.0
2022-01-24 20:05:27.503808,0.0,0.0,0.0
2022-01-24 20:05:28.002704,0.0,0.0,0.0
2022-01-24 20:05:28.508631,0.0,0.0,0.0
2022-01-24 20:05:29.005958,0.0,0.0,0.0
2022-01-24 20:05:29.502273,0.0,0.0,0.0
2022-01-24 20:05:30.002399,0.0,0.0,0.0
2022-01-24 20:05:30.508895,0.0,0.0,0.0
2022-01-24 20:05:31.007873,0.0,0.0,0.0
2022-01-24 20:05:31.506012,0.0,0.0,0.0
2022-01-24 20:05:32.003794,0.0,0.0,0.0
2022-01-24 20:05:32.510386,0.0,0.0,0.0
2022-01-24 20:05:33.007940,0.0,0.0,0.0
2022-01-24 20:05:33.503272,0.0,0.0,0.0
2022-01-24 20:05:34.001770,0.0,0.0,0.0
2022-01-24 20:05:34.509110,0.0,0.0,0.0
2022-01-24 20:05:35.006863,0.0,0.0,0.0
2022-01-24 20:05:35.501477,0.0,0.0,0.0
2022-01-24 20:05:36.001131,0.0,0.0,0.0
2022-01-24 20:05:36.507283,0.0,0.0,0.0
2022-01-24 20:05:37.006228,0.0,0.0,0.0
2022-01-24 20:05:37.501767,0.0,0.0,0.0
2022-01-24 20:05:38.009192,0.0,0.0,0.0
2022-01-24 20:05:38.505957,0.0,0.0,0.0
2022-01-24 20:05:39.003999,0.0,0.0,0.0
2022-01-24 20:05:39.509355,0.0,0.0,0.0
2022-01-24 20:05:40.008616,0.0,0.0,0.0
2022-01-24 20:05:40.507184,0.0,0.0,0.0
2022-01-24 20:05:41.006818,0.0,0.0,0.0
2022-01-24 20:05:41.502753,0.0,0.0,0.0
2022-01-24 20:05:42.010707,0.0,0.0,0.0
2022-01-24 20:05:42.505239,0.0,0.0,0.0
2022-01-24 20:05:43.004539,0.0,0.0,0.0
2022-01-24 20:05:43.510706,0.0,0.0,0.0
2022-01-24 20:05:44.009058,0.0,0.0,0.0
2022-01-24 20:05:44.503414,0.0,0.0,0.0
2022-01-24 20:05:45.003845,0.0,0.0,0.0
2022-01-24 20:05:45.508982,0.0,0.0,0.0
2022-01-24 20:05:46.006714,0.0,0.0,0.0
2022-01-24 20:05:46.503973,0.0,0.0,0.0
2022-01-24 20:05:47.001780,0.0,0.0,0.0
2022-01-24 20:05:47.509046,0.0,0.0,0.0
2022-01-24 20:05:48.006589,0.0,0.0,0.0
2022-01-24 20:05:48.510808,0.0,0.0,0.0
2022-01-24 20:05:49.009039,0.0,0.0,0.0
2022-01-24 20:05:49.504048,0.0,0.0,0.0
2022-01-24 20:05:50.004617,0.0,0.0,0.0
2022-01-24 20:05:50.510870,0.0,0.0,0.0
2022-01-24 20:05:51.008567,0.0,0.0,0.0
2022-01-24 20:05:51.504619,0.0,0.0,0.0
2022-01-24 20:05:52.002630,0.0,0.0,0.0
2022-01-24 20:05:52.510389,0.0,0.0,0.0
2022-01-24 20:05:53.008416,0.0,0.0,0.0
2022-01-24 20:05:53.503860,0.0,0.0,0.0
2022-01-24 20:05:54.001810,0.0,0.0,0.0
2022-01-24 20:05:54.507572,0.0,0.0,0.0
2022-01-24 20:05:55.005460,0.0,0.0,0.0
2022-01-24 20:05:55.510293,0.0,0.0,0.0
2022-01-24 20:05:56.009200,0.0,0.0,0.0
2022-01-24 20:05:56.506569,0.0,0.0,0.0
2022-01-24 20:05:57.004606,0.0,0.0,0.0
2022-01-24 20:05:57.509841,0.0,0.0,0.0
2022-01-24 20:05:58.004444,0.0,0.0,0.0
2022-01-24 20:05:58.508264,0.0,0.0,0.0
2022-01-24 20:05:59.006373,0.0,0.0,0.0
2022-01-24 20:05:59.501749,0.0,0.0,0.0
2022-01-24 20:06:00.008741,0.0,0.0,0.0
2022-01-24 20:06:00.502615,0.0,0.0,0.0
2022-01-24 20:06:01.002188,0.0,0.0,0.0
2022-01-24 20:06:01.508040,0.0,0.0,0.0
2022-01-24 20:06:02.007638,0.0,0.0,0.0
2022-01-24 20:06:02.502420,0.0,0.0,0.0
2022-01-24 20:06:03.002183,0.0,0.0,0.0
2022-01-24 20:06:03.509099,0.0,0.0,0.0
2022-01-24 20:06:04.007947,0.0,0.0,0.0
2022-01-24 20:06:04.502658,0.0,0.0,0.0
2022-01-24 20:06:05.010963,0.0,0.0,0.0
2022-01-24 20:06:05.506805,0.0,0.0,0.0
2022-01-24 20:06:06.005654,0.0,0.0,0.0
2022-01-24 20:06:07.005106,0.0,0.0,0.0
2022-01-24 20:06:07.501303,0.0,0.0,0.0
2022-01-24 20:06:08.010066,0.0,0.0,0.0
2022-01-24 20:06:08.505945,0.0,0.0,0.0
2022-01-24 20:06:09.003431,0.0,0.0,0.0
2022-01-24 20:06:09.510689,0.0,0.0,0.0
2022-01-24 20:06:10.010860,0.0,0.0,0.0
2022-01-24 20:06:10.505718,0.0,0.0,0.0
2022-01-24 20:06:11.001148,0.0,0.0,0.0
2022-01-24 20:06:11.507774,0.0,0.0,0.0
2022-01-24 20:06:12.007536,0.0,0.0,0.0
2022-01-24 20:06:12.504719,0.0,0.0,0.0
2022-01-24 20:06:13.002423,0.0,0.0,0.0
2022-01-24 20:06:13.506953,0.0,0.0,0.0
2022-01-24 20:06:14.008604,0.0,0.0,0.0
2022-01-24 20:06:14.503721,0.0,0.0,0.0
2022-01-24 20:06:15.001872,0.0,0.0,0.0
2022-01-24 20:06:15.510132,0.0,0.0,0.0
2022-01-24 20:06:16.007585,0.0,0.0,0.0
2022-01-24 20:06:16.503485,0.0,0.0,0.0
2022-01-24 20:06:17.001277,0.0,0.0,0.0
2022-01-24 20:06:17.508286,0.0,0.0,0.0
2022-01-24 20:06:18.005211,0.0,0.0,0.0
2022-01-24 20:06:18.510813,0.0,0.0,0.0
2022-01-24 20:06:19.010980,0.0,0.0,0.0
2022-01-24 20:06:19.506826,0.0,0.0,0.0
2022-01-24 20:06:20.004965,0.0,0.0,0.0
2022-01-24 20:06:20.509741,0.0,0.0,0.0
2022-01-24 20:06:21.008683,0.0,0.0,0.0
2022-01-24 20:06:21.503467,0.0,0.0,0.0
2022-01-24 20:06:22.002547,0.0,0.0,0.0
2022-01-24 20:06:22.508057,0.0,0.0,0.0
2022-01-24 20:06:23.005484,0.0,0.0,0.0
2022-01-24 20:06:23.510779,0.0,0.0,0.0
2022-01-24 20:06:24.008544,0.0,0.0,0.0
2022-01-24 20:06:24.502698,0.0,0.0,0.0
2022-01-24 20:06:25.010326,0.0,0.0,0.0
2022-01-24 20:06:25.504712,0.0,0.0,0.0
2022-01-24 20:06:26.002650,0.0,0.0,0.0
2022-01-24 20:06:26.507990,0.0,0.0,0.0
2022-01-24 20:06:27.006522,0.0,0.0,0.0
2022-01-24 20:06:27.503887,0.0,0.0,0.0
2022-01-24 20:06:28.002002,0.0,0.0,0.0
2022-01-24 20:06:28.507742,0.0,0.0,0.0
2022-01-24 20:06:29.008475,0.0,0.0,0.0
2022-01-24 20:06:29.504925,0.0,0.0,0.0
2022-01-24 20:06:30.003711,0.0,0.0,0.0
2022-01-24 20:06:30.508654,0.0,0.0,0.0
2022-01-24 20:06:31.006300,0.0,0.0,0.0
2022-01-24 20:06:31.503372,0.0,0.0,0.0
2022-01-24 20:06:32.003938,0.0,0.0,0.0
2022-01-24 20:06:32.510072,0.0,0.0,0.0
2022-01-24 20:06:33.007878,0.0,0.0,0.0
2022-01-24 20:06:33.505897,0.0,0.0,0.0
2022-01-24 20:06:34.002744,0.0,0.0,0.0
2022-01-24 20:06:34.508183,0.0,0.0,0.0
2022-01-24 20:06:35.007278,0.0,0.0,0.0
2022-01-24 20:06:35.501785,0.0,0.0,0.0
2022-01-24 20:06:36.001644,0.0,0.0,0.0
2022-01-24 20:06:36.508179,0.0,0.0,0.0
2022-01-24 20:06:37.006362,0.0,0.0,0.0
2022-01-24 20:06:37.510919,0.0,0.0,0.0
2022-01-24 20:06:38.009770,0.0,0.0,0.0
2022-01-24 20:06:38.506148,0.0,0.0,0.0
2022-01-24 20:06:39.003896,0.0,0.0,0.0
2022-01-24 20:06:39.501240,0.0,0.0,0.0
2022-01-24 20:06:40.009188,0.0,0.0,0.0
2022-01-24 20:06:40.504489,0.0,0.0,0.0
2022-01-24 20:06:41.003628,0.0,0.0,0.0
2022-01-24 20:06:41.510247,0.0,0.0,0.0
2022-01-24 20:06:42.009251,0.0,0.0,0.0
2022-01-24 20:06:42.505680,0.0,0.0,0.0
2022-01-24 20:06:43.004897,0.0,0.0,0.0
2022-01-24 20:06:43.509557,0.0,0.0,0.0
2022-01-24 20:06:44.009046,0.0,0.0,0.0
2022-01-24 20:06:44.505314,0.0,0.0,0.0
2022-01-24 20:06:45.002743,0.0,0.0,0.0
2022-01-24 20:06:45.508317,0.0,0.0,0.0
2022-01-24 20:06:46.007493,0.0,0.0,0.0
2022-01-24 20:06:46.503183,0.0,0.0,0.0
2022-01-24 20:06:47.002055,0.0,0.0,0.0
2022-01-24 20:06:47.508694,0.0,0.0,0.0
2022-01-24 20:06:48.006725,0.0,0.0,0.0
2022-01-24 20:06:48.501467,0.0,0.0,0.0
2022-01-24 20:06:49.010304,0.0,0.0,0.0
2022-01-24 20:06:49.506455,0.0,0.0,0.0
2022-01-24 20:06:50.004499,0.0,0.0,0.0
2022-01-24 20:06:50.510311,0.0,0.0,0.0
2022-01-24 20:06:51.009029,0.0,0.0,0.0
2022-01-24 20:06:51.507574,0.0,0.0,0.0
2022-01-24 20:06:52.003698,0.0,0.0,0.0
2022-01-24 20:06:52.509335,0.0,0.0,0.0
2022-01-24 20:06:53.006981,0.0,0.0,0.0
2022-01-24 20:06:53.504712,0.0,0.0,0.0
2022-01-24 20:06:54.002289,0.0,0.0,0.0
2022-01-24 20:06:54.508752,0.0,0.0,0.0
2022-01-24 20:06:55.007778,0.0,0.0,0.0
2022-01-24 20:06:55.505315,0.0,0.0,0.0
2022-01-24 20:06:56.005188,0.0,0.0,0.0
2022-01-24 20:06:57.004894,0.0,0.0,0.0
2022-01-24 20:06:57.509992,0.0,0.0,0.0
2022-01-24 20:06:58.007892,0.0,0.0,0.0
2022-01-24 20:06:58.503610,0.0,0.0,0.0
2022-01-24 20:06:59.001220,0.0,0.0,0.0
2022-01-24 20:06:59.508310,0.0,0.0,0.0
2022-01-24 20:07:00.007078,0.0,0.0,0.0
2022-01-24 20:07:00.509073,0.0,0.0,0.0
2022-01-24 20:07:01.008436,0.0,0.0,0.0
2022-01-24 20:07:01.504258,0.0,0.0,0.0
2022-01-24 20:07:02.002864,0.0,0.0,0.0
2022-01-24 20:07:02.509698,0.0,0.0,0.0
2022-01-24 20:07:03.006860,0.0,0.0,0.0
2022-01-24 20:07:03.501964,0.0,0.0,0.0
2022-01-24 20:07:04.010078,0.0,0.0,0.0
2022-01-24 20:07:04.505565,0.0,0.0,0.0
2022-01-24 20:07:05.010448,0.0,0.0,0.0
2022-01-24 20:07:05.507823,0.0,0.0,0.0
2022-01-24 20:07:06.006827,0.0,0.0,0.0
2022-01-24 20:07:06.502308,0.0,0.0,0.0
2022-01-24 20:07:07.010237,0.0,0.0,0.0
2022-01-24 20:07:07.506746,0.0,0.0,0.0
2022-01-24 20:07:08.005689,0.0,0.0,0.0
2022-01-24 20:07:08.510731,0.0,0.0,0.0
2022-01-24 20:07:09.009329,0.0,0.0,0.0
2022-01-24 20:07:09.502719,0.0,0.0,0.0
2022-01-24 20:07:10.001494,0.0,0.0,0.0
2022-01-24 20:07:10.507429,0.0,0.0,0.0
2022-01-24 20:07:11.001125,0.0,0.0,0.0
2022-01-24 20:07:11.506477,0.0,0.0,0.0
2022-01-24 20:07:12.005540,0.0,0.0,0.0
2022-01-24 20:07:12.501542,0.0,0.0,0.0
2022-01-24 20:07:13.010391,0.0,0.0,0.0
2022-01-24 20:07:13.507272,0.0,0.0,0.0
2022-01-24 20:07:14.006646,0.0,0.0,0.0
2022-01-24 20:07:14.504042,0.0,0.0,0.0
2022-01-24 20:07:15.001938,0.0,0.0,0.0
2022-01-24 20:07:15.509932,0.0,0.0,0.0
2022-01-24 20:07:16.003964,0.0,0.0,0.0
2022-01-24 20:07:16.508985,0.0,0.0,0.0
2022-01-24 20:07:17.011103,0.0,0.0,0.0
2022-01-24 20:07:17.505288,0.0,0.0,0.0
2022-01-24 20:07:18.005142,0.0,0.0,0.0
2022-01-24 20:07:18.505836,0.0,0.0,0.0
2022-01-24 20:07:19.005683,0.0,0.0,0.0
2022-01-24 20:07:19.510848,0.0,0.0,0.0
2022-01-24 20:07:20.007587,0.0,0.0,0.0
2022-01-24 20:07:20.502208,0.0,0.0,0.0
2022-01-24 20:07:21.010242,0.0,0.0,0.0
2022-01-24 20:07:21.505217,0.0,0.0,0.0
2022-01-24 20:07:22.003918,0.0,0.0,0.0
2022-01-24 20:07:22.501814,0.0,0.0,0.0
2022-01-24 20:07:23.010597,0.0,0.0,0.0
2022-01-24 20:07:23.504519,0.0,0.0,0.0
2022-01-24 20:07:24.002541,0.0,0.0,0.0
2022-01-24 20:07:24.508266,0.0,0.0,0.0
2022-01-24 20:07:25.005807,0.0,0.0,0.0
2022-01-24 20:07:25.502074,0.0,0.0,0.0
2022-01-24 20:07:26.010819,0.0,0.0,0.0
2022-01-24 20:07:26.507953,0.0,0.0,0.0
2022-01-24 20:07:27.007480,0.0,0.0,0.0
2022-01-24 20:07:27.503056,0.0,0.0,0.0
2022-01-24 20:07:28.011182,0.0,0.0,0.0
2022-01-24 20:07:28.505095,0.0,0.0,0.0
2022-01-24 20:07:29.003844,0.0,0.0,0.0
2022-01-24 20:07:29.509739,0.0,0.0,0.0
2022-01-24 20:07:30.008688,0.0,0.0,0.0
2022-01-24 20:07:30.503752,0.0,0.0,0.0
2022-01-24 20:07:31.003184,0.0,0.0,0.0
2022-01-24 20:07:31.501184,0.0,0.0,0.0
2022-01-24 20:07:32.009014,0.0,0.0,0.0
2022-01-24 20:07:32.505176,0.0,0.0,0.0
2022-01-24 20:07:33.003030,0.0,0.0,0.0
2022-01-24 20:07:33.507876,0.0,0.0,0.0
2022-01-24 20:07:34.006459,0.0,0.0,0.0
2022-01-24 20:07:34.501612,0.0,0.0,0.0
2022-01-24 20:07:35.001120,0.0,0.0,0.0
2022-01-24 20:07:35.506771,0.0,0.0,0.0
2022-01-24 20:07:36.006876,0.0,0.0,0.0
2022-01-24 20:07:36.502228,0.0,0.0,0.0
2022-01-24 20:07:37.009236,0.0,0.0,0.0
2022-01-24 20:07:37.506696,0.0,0.0,0.0
2022-01-24 20:07:38.006048,0.0,0.0,0.0
2022-01-24 20:07:38.502788,0.0,0.0,0.0
2022-01-24 20:07:39.010969,0.0,0.0,0.0
2022-01-24 20:07:39.505862,0.0,0.0,0.0
2022-01-24 20:07:40.004267,0.0,0.0,0.0
2022-01-24 20:07:40.501671,0.0,0.0,0.0
2022-01-24 20:07:41.010141,0.0,0.0,0.0
2022-01-24 20:07:41.506091,0.0,0.0,0.0
2022-01-24 20:07:42.004305,0.0,0.0,0.0
2022-01-24 20:07:42.501318,0.0,0.0,0.0
2022-01-24 20:07:43.011151,0.0,0.0,0.0
2022-01-24 20:07:43.506374,0.0,0.0,0.0
2022-01-24 20:07:44.005120,0.0,0.0,0.0
2022-01-24 20:07:44.502675,0.0,0.0,0.0
2022-01-24 20:07:45.002966,0.0,0.0,0.0
2022-01-24 20:07:45.508990,0.0,0.0,0.0
2022-01-24 20:07:46.008395,0.0,0.0,0.0
2022-01-24 20:07:46.504333,0.0,0.0,0.0
2022-01-24 20:07:47.002844,0.0,0.0,0.0
2022-01-24 20:07:47.508842,0.0,0.0,0.0
2022-01-24 20:07:48.008356,0.0,0.0,0.0
2022-01-24 20:07:48.503708,0.0,0.0,0.0
2022-01-24 20:07:49.002130,0.0,0.0,0.0
2022-01-24 20:07:49.509522,0.0,0.0,0.0
2022-01-24 20:07:50.008400,0.0,0.0,0.0
2022-01-24 20:07:50.502590,0.0,0.0,0.0
2022-01-24 20:07:51.001407,0.0,0.0,0.0
2022-01-24 20:07:51.507264,0.0,0.0,0.0
2022-01-24 20:07:52.005435,0.0,0.0,0.0
2022-01-24 20:07:52.501389,0.0,0.0,0.0
2022-01-24 20:07:53.010766,0.0,0.0,0.0
2022-01-24 20:07:53.508771,0.0,0.0,0.0
2022-01-24 20:07:54.008177,0.0,0.0,0.0
2022-01-24 20:07:54.501867,0.0,0.0,0.0
2022-01-24 20:07:55.010703,0.0,0.0,0.0
2022-01-24 20:07:55.507780,0.0,0.0,0.0
2022-01-24 20:07:56.005559,0.0,0.0,0.0
2022-01-24 20:07:56.511195,0.0,0.0,0.0
2022-01-24 20:07:57.009158,0.0,0.0,0.0
2022-01-24 20:07:57.506402,0.0,0.0,0.0
2022-01-24 20:07:58.004526,0.0,0.0,0.0
2022-01-24 20:07:58.510724,0.0,0.0,0.0
2022-01-24 20:07:59.008735,0.0,0.0,0.0
2022-01-24 20:07:59.503825,0.0,0.0,0.0
2022-01-24 20:08:00.002398,0.0,0.0,0.0
2022-01-24 20:08:00.508019,0.0,0.0,0.0
2022-01-24 20:08:01.006939,0.0,0.0,0.0
2022-01-24 20:08:01.503087,0.0,0.0,0.0
2022-01-24 20:08:02.001892,0.0,0.0,0.0
2022-01-24 20:08:02.506267,0.0,0.0,0.0
2022-01-24 20:08:03.004097,0.0,0.0,0.0
2022-01-24 20:08:03.509210,0.0,0.0,0.0
2022-01-24 20:08:04.007017,0.0,0.0,0.0
2022-01-24 20:08:04.503257,0.0,0.0,0.0
2022-01-24 20:08:05.002465,0.0,0.0,0.0
2022-01-24 20:08:05.509139,0.0,0.0,0.0
2022-01-24 20:08:06.007718,0.0,0.0,0.0
2022-01-24 20:08:06.503458,0.0,0.0,0.0
2022-01-24 20:08:07.001086,0.0,0.0,0.0
2022-01-24 20:08:07.505855,0.0,0.0,0.0
2022-01-24 20:08:08.004085,0.0,0.0,0.0
2022-01-24 20:08:08.510872,0.0,0.0,0.0
2022-01-24 20:08:09.010183,0.0,0.0,0.0
2022-01-24 20:08:09.505682,0.0,0.0,0.0
2022-01-24 20:08:10.004955,0.0,0.0,0.0
2022-01-24 20:08:10.508831,0.0,0.0,0.0
2022-01-24 20:08:11.005087,0.0,0.0,0.0
2022-01-24 20:08:11.509609,0.0,0.0,0.0
2022-01-24 20:08:12.007252,0.0,0.0,0.0
2022-01-24 20:08:12.502356,0.0,0.0,0.0
2022-01-24 20:08:13.010762,0.0,0.0,0.0
2022-01-24 20:08:13.505736,0.0,0.0,0.0
2022-01-24 20:08:14.004128,0.0,0.0,0.0
2022-01-24 20:08:14.502518,0.0,0.0,0.0
2022-01-24 20:08:15.010662,0.0,0.0,0.0
2022-01-24 20:08:15.511129,0.0,0.0,0.0
2022-01-24 20:08:16.009095,0.0,0.0,0.0
2022-01-24 20:08:16.503532,0.0,0.0,0.0
2022-01-24 20:08:17.001313,0.0,0.0,0.0
2022-01-24 20:08:17.506783,0.0,0.0,0.0
2022-01-24 20:08:18.005180,0.0,0.0,0.0
2022-01-24 20:08:18.510731,0.0,0.0,0.0
2022-01-24 20:08:19.009867,0.0,0.0,0.0
2022-01-24 20:08:19.504900,0.0,0.0,0.0
2022-01-24 20:08:20.002273,0.0,0.0,0.0
2022-01-24 20:08:20.507810,0.0,0.0,0.0
2022-01-24 20:08:21.005657,0.0,0.0,0.0
2022-01-24 20:08:21.501275,0.0,0.0,0.0
2022-01-24 20:08:22.009602,0.0,0.0,0.0
2022-01-24 20:08:22.504863,0.0,0.0,0.0
2022-01-24 20:08:23.003132,0.0,0.0,0.0
2022-01-24 20:08:23.510576,0.0,0.0,0.0
2022-01-24 20:08:24.009363,0.0,0.0,0.0
2022-01-24 20:08:24.503700,0.0,0.0,0.0
2022-01-24 20:08:25.002703,0.0,0.0,0.0
2022-01-24 20:08:25.509176,0.0,0.0,0.0
2022-01-24 20:08:26.007807,0.0,0.0,0.0
2022-01-24 20:08:26.505088,0.0,0.0,0.0
2022-01-24 20:08:27.003206,0.0,0.0,0.0
2022-01-24 20:08:27.510269,0.0,0.0,0.0
2022-01-24 20:08:28.007184,0.0,0.0,0.0
2022-01-24 20:08:28.501409,0.0,0.0,0.0
2022-01-24 20:08:29.009725,0.0,0.0,0.0
2022-01-24 20:08:29.507338,0.0,0.0,0.0
2022-01-24 20:08:30.006464,0.0,0.0,0.0
2022-01-24 20:08:30.501757,0.0,0.0,0.0
2022-01-24 20:08:31.010214,0.0,0.0,0.0
2022-01-24 20:08:31.505266,0.0,0.0,0.0
2022-01-24 20:08:32.003903,0.0,0.0,0.0
2022-01-24 20:08:33.004810,0.0,0.0,0.0
2022-01-24 20:08:33.509915,0.0,0.0,0.0
2022-01-24 20:08:34.008070,0.0,0.0,0.0
2022-01-24 20:08:34.503604,0.0,0.0,0.0
2022-01-24 20:08:35.001311,0.0,0.0,0.0
2022-01-24 20:08:35.508742,0.0,0.0,0.0
2022-01-24 20:08:36.007738,0.0,0.0,0.0
2022-01-24 20:08:36.503476,0.0,0.0,0.0
2022-01-24 20:08:37.004415,0.0,0.0,0.0
2022-01-24 20:08:37.510425,0.0,0.0,0.0
2022-01-24 20:08:38.008946,0.0,0.0,0.0
2022-01-24 20:08:38.503469,0.0,0.0,0.0
2022-01-24 20:08:39.001561,0.0,0.0,0.0
2022-01-24 20:08:39.508015,0.0,0.0,0.0
2022-01-24 20:08:40.005658,0.0,0.0,0.0
2022-01-24 20:08:40.502274,0.0,0.0,0.0
2022-01-24 20:08:41.010714,0.0,0.0,0.0
2022-01-24 20:08:41.508496,0.0,0.0,0.0
2022-01-24 20:08:42.007389,0.0,0.0,0.0
2022-01-24 20:08:42.502666,0.0,0.0,0.0
2022-01-24 20:08:43.010110,0.0,0.0,0.0
2022-01-24 20:08:43.505001,0.0,0.0,0.0
2022-01-24 20:08:44.003176,0.0,0.0,0.0
2022-01-24 20:08:44.509091,0.0,0.0,0.0
2022-01-24 20:08:45.006818,0.0,0.0,0.0
2022-01-24 20:08:45.502800,0.0,0.0,0.0
2022-01-24 20:08:46.001486,0.0,0.0,0.0
2022-01-24 20:08:46.506869,0.0,0.0,0.0
2022-01-24 20:08:47.006435,0.0,0.0,0.0
2022-01-24 20:08:47.503331,0.0,0.0,0.0
2022-01-24 20:08:48.002195,0.0,0.0,0.0
2022-01-24 20:08:48.507951,0.0,0.0,0.0
2022-01-24 20:08:49.006262,0.0,0.0,0.0
2022-01-24 20:08:49.501845,0.0,0.0,0.0
2022-01-24 20:08:50.010189,0.0,0.0,0.0
2022-01-24 20:08:50.506939,0.0,0.0,0.0
2022-01-24 20:08:51.004337,0.0,0.0,0.0
2022-01-24 20:08:51.511016,0.0,0.0,0.0
2022-01-24 20:08:52.008590,0.0,0.0,0.0
2022-01-24 20:08:52.505067,0.0,0.0,0.0
2022-01-24 20:08:53.002785,0.0,0.0,0.0
2022-01-24 20:08:53.509415,0.0,0.0,0.0
2022-01-24 20:08:54.008449,0.0,0.0,0.0
2022-01-24 20:08:54.502439,0.0,0.0,0.0
2022-01-24 20:08:55.000986,0.0,0.0,0.0
2022-01-24 20:08:55.507303,0.0,0.0,0.0
2022-01-24 20:08:56.007222,0.0,0.0,0.0
2022-01-24 20:08:56.503363,0.0,0.0,0.0
2022-01-24 20:08:57.001190,0.0,0.0,0.0
2022-01-24 20:08:57.508460,0.0,0.0,0.0
2022-01-24 20:08:58.006671,0.0,0.0,0.0
2022-01-24 20:08:58.502470,0.0,0.0,0.0
2022-01-24 20:08:59.010759,0.0,0.0,0.0
2022-01-24 20:08:59.506393,0.0,0.0,0.0
2022-01-24 20:09:00.003499,0.0,0.0,0.0
2022-01-24 20:09:00.509105,0.0,0.0,0.0
2022-01-24 20:09:01.008655,0.0,0.0,0.0
2022-01-24 20:09:01.503417,0.0,0.0,0.0
2022-01-24 20:09:02.002230,0.0,0.0,0.0
2022-01-24 20:09:02.508585,0.0,0.0,0.0
2022-01-24 20:09:03.007420,0.0,0.0,0.0
2022-01-24 20:09:03.503857,0.0,0.0,0.0
2022-01-24 20:09:04.003295,0.0,0.0,0.0
2022-01-24 20:09:04.510731,0.0,0.0,0.0
2022-01-24 20:09:05.010799,0.0,0.0,0.0
2022-01-24 20:09:05.506719,0.0,0.0,0.0
2022-01-24 20:09:06.004043,0.0,0.0,0.0
2022-01-24 20:09:06.510246,0.0,0.0,0.0
2022-01-24 20:09:07.006690,0.0,0.0,0.0
2022-01-24 20:09:07.501620,0.0,0.0,0.0
2022-01-24 20:09:08.010888,0.0,0.0,0.0
2022-01-24 20:09:08.505530,0.0,0.0,0.0
2022-01-24 20:09:09.004108,0.0,0.0,0.0
2022-01-24 20:09:09.510780,0.0,0.0,0.0
2022-01-24 20:09:10.009644,0.0,0.0,0.0
2022-01-24 20:09:10.504180,0.0,0.0,0.0
2022-01-24 20:09:11.010341,0.0,0.0,0.0
2022-01-24 20:09:11.504607,0.0,0.0,0.0
2022-01-24 20:09:12.002637,0.0,0.0,0.0
2022-01-24 20:09:12.509087,0.0,0.0,0.0
2022-01-24 20:09:13.007419,0.0,0.0,0.0
2022-01-24 20:09:13.501178,0.0,0.0,0.0
2022-01-24 20:09:14.001711,0.0,0.0,0.0
2022-01-24 20:09:14.508980,0.0,0.0,0.0
2022-01-24 20:09:15.006794,0.0,0.0,0.0
2022-01-24 20:09:15.502871,0.0,0.0,0.0
2022-01-24 20:09:16.010980,0.0,0.0,0.0
2022-01-24 20:09:16.506764,0.0,0.0,0.0
2022-01-24 20:09:17.005134,0.0,0.0,0.0
2022-01-24 20:09:17.510603,0.0,0.0,0.0
2022-01-24 20:09:18.008296,0.0,0.0,0.0
2022-01-24 20:09:18.503547,0.0,0.0,0.0
2022-01-24 20:09:19.002322,0.0,0.0,0.0
2022-01-24 20:09:19.506154,0.0,0.0,0.0
2022-01-24 20:09:20.004378,0.0,0.0,0.0
2022-01-24 20:09:20.510145,0.0,0.0,0.0
2022-01-24 20:09:21.008693,0.0,0.0,0.0
2022-01-24 20:09:21.504077,0.0,0.0,0.0
2022-01-24 20:09:22.002530,0.0,0.0,0.0
2022-01-24 20:09:22.508332,0.0,0.0,0.0
2022-01-24 20:09:23.006509,0.0,0.0,0.0
2022-01-24 20:09:23.502517,0.0,0.0,0.0
2022-01-24 20:09:24.010821,0.0,0.0,0.0
2022-01-24 20:09:24.505948,0.0,0.0,0.0
2022-01-24 20:09:25.004461,0.0,0.0,0.0
2022-01-24 20:09:25.510284,0.0,0.0,0.0
2022-01-24 20:09:26.009988,0.0,0.0,0.0
2022-01-24 20:09:26.505123,0.0,0.0,0.0
2022-01-24 20:09:27.003189,0.0,0.0,0.0
2022-01-24 20:09:27.508341,0.0,0.0,0.0
2022-01-24 20:09:28.007474,0.0,0.0,0.0
2022-01-24 20:09:28.502757,0.0,0.0,0.0
2022-01-24 20:09:29.010864,0.0,0.0,0.0
2022-01-24 20:09:29.506261,0.0,0.0,0.0
2022-01-24 20:09:30.005833,0.0,0.0,0.0
2022-01-24 20:09:30.505262,0.0,0.0,0.0
2022-01-24 20:09:31.002822,0.0,0.0,0.0
2022-01-24 20:09:31.508297,0.0,0.0,0.0
2022-01-24 20:09:32.007473,0.0,0.0,0.0
2022-01-24 20:09:32.501964,0.0,0.0,0.0
2022-01-24 20:09:33.010579,0.0,0.0,0.0
2022-01-24 20:09:33.507032,0.0,0.0,0.0
2022-01-24 20:09:34.005681,0.0,0.0,0.0
2022-01-24 20:09:34.507293,0.0,0.0,0.0
2022-01-24 20:09:35.007976,0.0,0.0,0.0
2022-01-24 20:09:35.504783,0.0,0.0,0.0
2022-01-24 20:09:36.003078,0.0,0.0,0.0
2022-01-24 20:09:36.508274,0.0,0.0,0.0
2022-01-24 20:09:37.007189,0.0,0.0,0.0
2022-01-24 20:09:37.502849,0.0,0.0,0.0
2022-01-24 20:09:38.010664,0.0,0.0,0.0
2022-01-24 20:09:38.506378,0.0,0.0,0.0
2022-01-24 20:09:39.004410,0.0,0.0,0.0
2022-01-24 20:09:39.502955,0.0,0.0,0.0
2022-01-24 20:09:40.001847,0.0,0.0,0.0
2022-01-24 20:09:40.507386,0.0,0.0,0.0
2022-01-24 20:09:41.004531,0.0,0.0,0.0
2022-01-24 20:09:41.510558,0.0,0.0,0.0
2022-01-24 20:09:42.008465,0.0,0.0,0.0
2022-01-24 20:09:42.504042,0.0,0.0,0.0
2022-01-24 20:09:43.003536,0.0,0.0,0.0
2022-01-24 20:09:43.510048,0.0,0.0,0.0
2022-01-24 20:09:44.009050,0.0,0.0,0.0
2022-01-24 20:09:44.506145,0.0,0.0,0.0
2022-01-24 20:09:45.004930,0.0,0.0,0.0
2022-01-24 20:09:45.510312,0.0,0.0,0.0
2022-01-24 20:09:46.009259,0.0,0.0,0.0
2022-01-24 20:09:46.505374,0.0,0.0,0.0
2022-01-24 20:09:47.003265,0.0,0.0,0.0
2022-01-24 20:09:47.509755,0.0,0.0,0.0
2022-01-24 20:09:48.008188,0.0,0.0,0.0
2022-01-24 20:09:48.505350,0.0,0.0,0.0
2022-01-24 20:09:49.003938,0.0,0.0,0.0
2022-01-24 20:09:49.501131,0.0,0.0,0.0
2022-01-24 20:09:50.009343,0.0,0.0,0.0
2022-01-24 20:09:50.505662,0.0,0.0,0.0
2022-01-24 20:09:51.003945,0.0,0.0,0.0
2022-01-24 20:09:51.509248,0.0,0.0,0.0
2022-01-24 20:09:52.007128,0.0,0.0,0.0
2022-01-24 20:09:52.502980,0.0,0.0,0.0
2022-01-24 20:09:53.010195,0.0,0.0,0.0
2022-01-24 20:09:53.505520,0.0,0.0,0.0
2022-01-24 20:09:54.003392,0.0,0.0,0.0
2022-01-24 20:09:54.509552,0.0,0.0,0.0
2022-01-24 20:09:55.007999,0.0,0.0,0.0
2022-01-24 20:09:55.503572,0.0,0.0,0.0
2022-01-24 20:09:56.002200,0.0,0.0,0.0
2022-01-24 20:09:56.509022,0.0,0.0,0.0
2022-01-24 20:09:57.007831,0.0,0.0,0.0
2022-01-24 20:09:57.505076,0.0,0.0,0.0
2022-01-24 20:09:58.002965,0.0,0.0,0.0
2022-01-24 20:09:58.508276,0.0,0.0,0.0
2022-01-24 20:09:59.007015,0.0,0.0,0.0
2022-01-24 20:09:59.501670,0.0,0.0,0.0
2022-01-24 20:10:00.010474,0.0,0.0,0.0
2022-01-24 20:10:00.504673,0.0,0.0,0.0
2022-01-24 20:10:01.003343,0.0,0.0,0.0
2022-01-24 20:10:01.510122,0.0,0.0,0.0
2022-01-24 20:10:02.008291,0.0,0.0,0.0
2022-01-24 20:10:02.502998,0.0,0.0,0.0
2022-01-24 20:10:03.001844,0.0,0.0,0.0
2022-01-24 20:10:03.507897,0.0,0.0,0.0
2022-01-24 20:10:04.006750,0.0,0.0,0.0
2022-01-24 20:10:04.501553,0.0,0.0,0.0
2022-01-24 20:10:05.010707,0.0,0.0,0.0
2022-01-24 20:10:05.506797,0.0,0.0,0.0
2022-01-24 20:10:06.005451,0.0,0.0,0.0
2022-01-24 20:10:06.510054,0.0,0.0,0.0
2022-01-24 20:10:07.007965,0.0,0.0,0.0
2022-01-24 20:10:07.504871,0.0,0.0,0.0
2022-01-24 20:10:08.004316,0.0,0.0,0.0
2022-01-24 20:10:08.510787,0.0,0.0,0.0
2022-01-24 20:10:09.008686,0.0,0.0,0.0
2022-01-24 20:10:09.503364,0.0,0.0,0.0
2022-01-24 20:10:10.011213,0.0,0.0,0.0
2022-01-24 20:10:10.507867,0.0,0.0,0.0
2022-01-24 20:10:11.002909,0.0,0.0,0.0
2022-01-24 20:10:11.509716,0.0,0.0,0.0
2022-01-24 20:10:12.008791,0.0,0.0,0.0
2022-01-24 20:10:12.503373,0.0,0.0,0.0
2022-01-24 20:10:13.002913,0.0,0.0,0.0
2022-01-24 20:10:13.507777,0.0,0.0,0.0
2022-01-24 20:10:14.006547,0.0,0.0,0.0
2022-01-24 20:10:14.511176,0.0,0.0,0.0
2022-01-24 20:10:15.010748,0.0,0.0,0.0
2022-01-24 20:10:15.506604,0.0,0.0,0.0
2022-01-24 20:10:16.005055,0.0,0.0,0.0
2022-01-24 20:10:16.502472,0.0,0.0,0.0
2022-01-24 20:10:17.001673,0.0,0.0,0.0
2022-01-24 20:10:17.507740,0.0,0.0,0.0
2022-01-24 20:10:18.007918,0.0,0.0,0.0
2022-01-24 20:10:18.502311,0.0,0.0,0.0
2022-01-24 20:10:19.010052,0.0,0.0,0.0
2022-01-24 20:10:19.505451,0.0,0.0,0.0
2022-01-24 20:10:20.003559,0.0,0.0,0.0
2022-01-24 20:10:20.503510,0.0,0.0,0.0
2022-01-24 20:10:21.002653,0.0,0.0,0.0
2022-01-24 20:10:21.509041,0.0,0.0,0.0
2022-01-24 20:10:22.006184,0.0,0.0,0.0
2022-01-24 20:10:22.501719,0.0,0.0,0.0
2022-01-24 20:10:23.010645,0.0,0.0,0.0
2022-01-24 20:10:23.505172,0.0,0.0,0.0
2022-01-24 20:10:24.004529,0.0,0.0,0.0
2022-01-24 20:10:24.510848,0.0,0.0,0.0
2022-01-24 20:10:25.009620,0.0,0.0,0.0
2022-01-24 20:10:25.506786,0.0,0.0,0.0
2022-01-24 20:10:26.005910,0.0,0.0,0.0
2022-01-24 20:10:26.510876,0.0,0.0,0.0
2022-01-24 20:10:27.010675,0.0,0.0,0.0
2022-01-24 20:10:27.508543,0.0,0.0,0.0
2022-01-24 20:10:28.006867,0.0,0.0,0.0
2022-01-24 20:10:28.502808,0.0,0.0,0.0
2022-01-24 20:10:29.001517,0.0,0.0,0.0
2022-01-24 20:10:29.509275,0.0,0.0,0.0
2022-01-24 20:10:30.007262,0.0,0.0,0.0
2022-01-24 20:10:30.502847,0.0,0.0,0.0
2022-01-24 20:10:31.001531,0.0,0.0,0.0
2022-01-24 20:10:31.507236,0.0,0.0,0.0
2022-01-24 20:10:32.008571,0.0,0.0,0.0
2022-01-24 20:10:32.504032,0.0,0.0,0.0
2022-01-24 20:10:33.002603,0.0,0.0,0.0
2022-01-24 20:10:33.508560,0.0,0.0,0.0
2022-01-24 20:10:34.006814,0.0,0.0,0.0
2022-01-24 20:10:34.504291,0.0,0.0,0.0
2022-01-24 20:10:35.003188,0.0,0.0,0.0
2022-01-24 20:10:35.508939,0.0,0.0,0.0
2022-01-24 20:10:36.006596,0.0,0.0,0.0
2022-01-24 20:10:36.505254,0.0,0.0,0.0
2022-01-24 20:10:37.003791,0.0,0.0,0.0
2022-01-24 20:10:37.510326,0.0,0.0,0.0
2022-01-24 20:10:38.008802,0.0,0.0,0.0
2022-01-24 20:10:38.504285,0.0,0.0,0.0
2022-01-24 20:10:39.002455,0.0,0.0,0.0
2022-01-24 20:10:39.507284,0.0,0.0,0.0
2022-01-24 20:10:40.005960,0.0,0.0,0.0
2022-01-24 20:10:40.510863,0.0,0.0,0.0
2022-01-24 20:10:41.010530,0.0,0.0,0.0
2022-01-24 20:10:41.506811,0.0,0.0,0.0
2022-01-24 20:10:42.004582,0.0,0.0,0.0
2022-01-24 20:10:42.501217,0.0,0.0,0.0
2022-01-24 20:10:43.010196,0.0,0.0,0.0
2022-01-24 20:10:43.507642,0.0,0.0,0.0
2022-01-24 20:10:44.007304,0.0,0.0,0.0
2022-01-24 20:10:44.502479,0.0,0.0,0.0
2022-01-24 20:10:45.010412,0.0,0.0,0.0
2022-01-24 20:10:45.504897,0.0,0.0,0.0
2022-01-24 20:10:46.003765,0.0,0.0,0.0
2022-01-24 20:10:46.510064,0.0,0.0,0.0
2022-01-24 20:10:47.007709,0.0,0.0,0.0
2022-01-24 20:10:47.504146,0.0,0.0,0.0
2022-01-24 20:10:48.002117,0.0,0.0,0.0
2022-01-24 20:10:48.508318,0.0,0.0,0.0
2022-01-24 20:10:49.006286,0.0,0.0,0.0
2022-01-24 20:10:49.502084,0.0,0.0,0.0
2022-01-24 20:10:50.010307,0.0,0.0,0.0
2022-01-24 20:10:50.504422,0.0,0.0,0.0
2022-01-24 20:10:51.002613,0.0,0.0,0.0
2022-01-24 20:10:51.507377,0.0,0.0,0.0
2022-01-24 20:10:52.004681,0.0,0.0,0.0
2022-01-24 20:10:52.510617,0.0,0.0,0.0
2022-01-24 20:10:53.008528,0.0,0.0,0.0
2022-01-24 20:10:53.503592,0.0,0.0,0.0
2022-01-24 20:10:54.000997,0.0,0.0,0.0
2022-01-24 20:10:54.507001,0.0,0.0,0.0
2022-01-24 20:10:55.004629,0.0,0.0,0.0
2022-01-24 20:10:56.005231,0.0,0.0,0.0
2022-01-24 20:10:56.510551,0.0,0.0,0.0
2022-01-24 20:10:57.009209,0.0,0.0,0.0
2022-01-24 20:10:57.502943,0.0,0.0,0.0
2022-01-24 20:10:58.011084,0.0,0.0,0.0
2022-01-24 20:10:58.506788,0.0,0.0,0.0
2022-01-24 20:10:59.004961,0.0,0.0,0.0
2022-01-24 20:11:00.004905,0.0,0.0,0.0
2022-01-24 20:11:00.503768,0.0,0.0,0.0
2022-01-24 20:11:01.001703,0.0,0.0,0.0
2022-01-24 20:11:01.510257,0.0,0.0,0.0
2022-01-24 20:11:02.008707,0.0,0.0,0.0
2022-01-24 20:11:02.504823,0.0,0.0,0.0
2022-01-24 20:11:03.004527,0.0,0.0,0.0
2022-01-24 20:11:03.510499,0.0,0.0,0.0
2022-01-24 20:11:04.008922,0.0,0.0,0.0
2022-01-24 20:11:04.505364,0.0,0.0,0.0
2022-01-24 20:11:05.002759,0.0,0.0,0.0
2022-01-24 20:11:05.509036,0.0,0.0,0.0
2022-01-24 20:11:06.008448,0.0,0.0,0.0
2022-01-24 20:11:06.504153,0.0,0.0,0.0
2022-01-24 20:11:07.003504,0.0,0.0,0.0
2022-01-24 20:11:07.509784,0.0,0.0,0.0
2022-01-24 20:11:08.007403,0.0,0.0,0.0
2022-01-24 20:11:08.503010,0.0,0.0,0.0
2022-01-24 20:11:09.001423,0.0,0.0,0.0
2022-01-24 20:11:09.508432,0.0,0.0,0.0
2022-01-24 20:11:10.007319,0.0,0.0,0.0
2022-01-24 20:11:10.503476,0.0,0.0,0.0
2022-01-24 20:11:11.009704,0.0,0.0,0.0
2022-01-24 20:11:11.504559,0.0,0.0,0.0
2022-01-24 20:11:12.002250,0.0,0.0,0.0
2022-01-24 20:11:12.507517,0.0,0.0,0.0
2022-01-24 20:11:13.005998,0.0,0.0,0.0
2022-01-24 20:11:13.502215,0.0,0.0,0.0
2022-01-24 20:11:14.001637,0.0,0.0,0.0
2022-01-24 20:11:14.507225,0.0,0.0,0.0
2022-01-24 20:11:15.005692,0.0,0.0,0.0
2022-01-24 20:11:15.500973,0.0,0.0,0.0
2022-01-24 20:11:16.010825,0.0,0.0,0.0
2022-01-24 20:11:16.505916,0.0,0.0,0.0
2022-01-24 20:11:17.003939,0.0,0.0,0.0
2022-01-24 20:11:17.509668,0.0,0.0,0.0
2022-01-24 20:11:18.008934,0.0,0.0,0.0
2022-01-24 20:11:18.505070,0.0,0.0,0.0
2022-01-24 20:11:19.004231,0.0,0.0,0.0
2022-01-24 20:11:19.503990,0.0,0.0,0.0
2022-01-24 20:11:20.003379,0.0,0.0,0.0
2022-01-24 20:11:20.510259,0.0,0.0,0.0
2022-01-24 20:11:21.008958,0.0,0.0,0.0
2022-01-24 20:11:21.504443,0.0,0.0,0.0
2022-01-24 20:11:22.004496,0.0,0.0,0.0
2022-01-24 20:11:22.501396,0.0,0.0,0.0
2022-01-24 20:11:23.010362,0.0,0.0,0.0
2022-01-24 20:11:23.506723,0.0,0.0,0.0
2022-01-24 20:11:24.005728,0.0,0.0,0.0
2022-01-24 20:11:24.501191,0.0,0.0,0.0
2022-01-24 20:11:25.009986,0.0,0.0,0.0
2022-01-24 20:11:25.506001,0.0,0.0,0.0
2022-01-24 20:11:26.002537,0.0,0.0,0.0
2022-01-24 20:11:26.507316,0.0,0.0,0.0
2022-01-24 20:11:27.006971,0.0,0.0,0.0
2022-01-24 20:11:27.504062,0.0,0.0,0.0
2022-01-24 20:11:28.001543,0.0,0.0,0.0
2022-01-24 20:11:28.510246,0.0,0.0,0.0
2022-01-24 20:11:29.007995,0.0,0.0,0.0
2022-01-24 20:11:29.504148,0.0,0.0,0.0
2022-01-24 20:11:30.003300,0.0,0.0,0.0
2022-01-24 20:11:30.509079,0.0,0.0,0.0
2022-01-24 20:11:31.005840,0.0,0.0,0.0
2022-01-24 20:11:31.510684,0.0,0.0,0.0
2022-01-24 20:11:32.008553,0.0,0.0,0.0
2022-01-24 20:11:32.504100,0.0,0.0,0.0
2022-01-24 20:11:33.004549,0.0,0.0,0.0
2022-01-24 20:11:33.509778,0.0,0.0,0.0
2022-01-24 20:11:34.007980,0.0,0.0,0.0
2022-01-24 20:11:34.503291,0.0,0.0,0.0
2022-01-24 20:11:35.002113,0.0,0.0,0.0
2022-01-24 20:11:35.506542,0.0,0.0,0.0
2022-01-24 20:11:36.004420,0.0,0.0,0.0
2022-01-24 20:11:36.509526,0.0,0.0,0.0
2022-01-24 20:11:37.007250,0.0,0.0,0.0
2022-01-24 20:11:37.504993,0.0,0.0,0.0
2022-01-24 20:11:38.002325,0.0,0.0,0.0
2022-01-24 20:11:38.508180,0.0,0.0,0.0
2022-01-24 20:11:39.004997,0.0,0.0,0.0
2022-01-24 20:11:39.501221,0.0,0.0,0.0
2022-01-24 20:11:40.010598,0.0,0.0,0.0
2022-01-24 20:11:40.507247,0.0,0.0,0.0
2022-01-24 20:11:41.005682,0.0,0.0,0.0
2022-01-24 20:11:41.501692,0.0,0.0,0.0
2022-01-24 20:11:42.011137,0.0,0.0,0.0
2022-01-24 20:11:42.506327,0.0,0.0,0.0
2022-01-24 20:11:43.003693,0.0,0.0,0.0
2022-01-24 20:11:43.509114,0.0,0.0,0.0
2022-01-24 20:11:44.006805,0.0,0.0,0.0
2022-01-24 20:11:44.502069,0.0,0.0,0.0
2022-01-24 20:11:45.011209,0.0,0.0,0.0
2022-01-24 20:11:45.506834,0.0,0.0,0.0
2022-01-24 20:11:46.005645,0.0,0.0,0.0
2022-01-24 20:11:46.501961,0.0,0.0,0.0
2022-01-24 20:11:47.010398,0.0,0.0,0.0
2022-01-24 20:11:47.505246,0.0,0.0,0.0
2022-01-24 20:11:48.003514,0.0,0.0,0.0
2022-01-24 20:11:48.509081,0.0,0.0,0.0
2022-01-24 20:11:49.006692,0.0,0.0,0.0
2022-01-24 20:11:49.502301,0.0,0.0,0.0
2022-01-24 20:11:50.010806,0.0,0.0,0.0
2022-01-24 20:11:50.505911,0.0,0.0,0.0
2022-01-24 20:11:51.004766,0.0,0.0,0.0
2022-01-24 20:11:51.501883,0.0,0.0,0.0
2022-01-24 20:11:52.010310,0.0,0.0,0.0
2022-01-24 20:11:52.505455,0.0,0.0,0.0
2022-01-24 20:11:53.004566,0.0,0.0,0.0
2022-01-24 20:11:53.511061,0.0,0.0,0.0
2022-01-24 20:11:54.010588,0.0,0.0,0.0
2022-01-24 20:11:54.506637,0.0,0.0,0.0
2022-01-24 20:11:55.005672,0.0,0.0,0.0
2022-01-24 20:11:55.502509,0.0,0.0,0.0
2022-01-24 20:11:56.002283,0.0,0.0,0.0
2022-01-24 20:11:56.507741,0.0,0.0,0.0
2022-01-24 20:11:57.005917,0.0,0.0,0.0
2022-01-24 20:11:57.503189,0.0,0.0,0.0
2022-01-24 20:11:58.002674,0.0,0.0,0.0
2022-01-24 20:11:58.510183,0.0,0.0,0.0
2022-01-24 20:11:59.008819,0.0,0.0,0.0
2022-01-24 20:11:59.504662,0.0,0.0,0.0
2022-01-24 20:12:00.002656,0.0,0.0,0.0
2022-01-24 20:12:00.508326,0.0,0.0,0.0
2022-01-24 20:12:01.006911,0.0,0.0,0.0
2022-01-24 20:12:01.503388,0.0,0.0,0.0
2022-01-24 20:12:02.003110,0.0,0.0,0.0
2022-01-24 20:12:02.508930,0.0,0.0,0.0
2022-01-24 20:12:03.006763,0.0,0.0,0.0
2022-01-24 20:12:03.504103,0.0,0.0,0.0
2022-01-24 20:12:04.003367,0.0,0.0,0.0
2022-01-24 20:12:04.510483,0.0,0.0,0.0
2022-01-24 20:12:05.008338,0.0,0.0,0.0
2022-01-24 20:12:05.503585,0.0,0.0,0.0
2022-01-24 20:12:06.002923,0.0,0.0,0.0
2022-01-24 20:12:06.509561,0.0,0.0,0.0
2022-01-24 20:12:07.009189,0.0,0.0,0.0
2022-01-24 20:12:07.505126,0.0,0.0,0.0
2022-01-24 20:12:08.004388,0.0,0.0,0.0
2022-01-24 20:12:08.510906,0.0,0.0,0.0
2022-01-24 20:12:09.009900,0.0,0.0,0.0
2022-01-24 20:12:09.505404,0.0,0.0,0.0
2022-01-24 20:12:10.004205,0.0,0.0,0.0
2022-01-24 20:12:10.508366,0.0,0.0,0.0
2022-01-24 20:12:11.007432,0.0,0.0,0.0
2022-01-24 20:12:11.502341,0.0,0.0,0.0
2022-01-24 20:12:12.010799,0.0,0.0,0.0
2022-01-24 20:12:12.505639,0.0,0.0,0.0
2022-01-24 20:12:13.005507,0.0,0.0,0.0
2022-01-24 20:12:13.502235,0.0,0.0,0.0
2022-01-24 20:12:14.010725,0.0,0.0,0.0
2022-01-24 20:12:14.506695,0.0,0.0,0.0
2022-01-24 20:12:15.005507,0.0,0.0,0.0
2022-01-24 20:12:15.502143,0.0,0.0,0.0
2022-01-24 20:12:16.010285,0.0,0.0,0.0
2022-01-24 20:12:16.506000,0.0,0.0,0.0
2022-01-24 20:12:17.004199,0.0,0.0,0.0
2022-01-24 20:12:17.511153,0.0,0.0,0.0
2022-01-24 20:12:18.010770,0.0,0.0,0.0
2022-01-24 20:12:18.506304,0.0,0.0,0.0
2022-01-24 20:12:19.003835,0.0,0.0,0.0
2022-01-24 20:12:19.510504,0.0,0.0,0.0
2022-01-24 20:12:20.009463,0.0,0.0,0.0
2022-01-24 20:12:20.504535,0.0,0.0,0.0
2022-01-24 20:12:21.002336,0.0,0.0,0.0
2022-01-24 20:12:21.505882,0.0,0.0,0.0
2022-01-24 20:12:22.007403,0.0,0.0,0.0
2022-01-24 20:12:22.502758,0.0,0.0,0.0
2022-01-24 20:12:23.010803,0.0,0.0,0.0
2022-01-24 20:12:23.505898,0.0,0.0,0.0
2022-01-24 20:12:24.005107,0.0,0.0,0.0
2022-01-24 20:12:24.509100,0.0,0.0,0.0
2022-01-24 20:12:25.007557,0.0,0.0,0.0
2022-01-24 20:12:25.504633,0.0,0.0,0.0
2022-01-24 20:12:26.003307,0.0,0.0,0.0
2022-01-24 20:12:26.510164,0.0,0.0,0.0
2022-01-24 20:12:27.008399,0.0,0.0,0.0
2022-01-24 20:12:27.503592,0.0,0.0,0.0
2022-01-24 20:12:28.001996,0.0,0.0,0.0
2022-01-24 20:12:28.507493,0.0,0.0,0.0
2022-01-24 20:12:29.004986,0.0,0.0,0.0
2022-01-24 20:12:29.501670,0.0,0.0,0.0
2022-01-24 20:12:30.008856,0.0,0.0,0.0
2022-01-24 20:12:30.506372,0.0,0.0,0.0
2022-01-24 20:12:31.004589,0.0,0.0,0.0
2022-01-24 20:12:31.510779,0.0,0.0,0.0
2022-01-24 20:12:32.009073,0.0,0.0,0.0
2022-01-24 20:12:32.505054,0.0,0.0,0.0
2022-01-24 20:12:33.004565,0.0,0.0,0.0
2022-01-24 20:12:33.502003,0.0,0.0,0.0
2022-01-24 20:12:34.011110,0.0,0.0,0.0
2022-01-24 20:12:34.507406,0.0,0.0,0.0
2022-01-24 20:12:35.006390,0.0,0.0,0.0
2022-01-24 20:12:35.503860,0.0,0.0,0.0
2022-01-24 20:12:36.003434,0.0,0.0,0.0
2022-01-24 20:12:36.509423,0.0,0.0,0.0
2022-01-24 20:12:37.007808,0.0,0.0,0.0
2022-01-24 20:12:37.502762,0.0,0.0,0.0
2022-01-24 20:12:38.001227,0.0,0.0,0.0
2022-01-24 20:12:38.506760,0.0,0.0,0.0
2022-01-24 20:12:39.005375,0.0,0.0,0.0
2022-01-24 20:12:39.507790,0.0,0.0,0.0
2022-01-24 20:12:40.006384,0.0,0.0,0.0
2022-01-24 20:12:40.501295,0.0,0.0,0.0
2022-01-24 20:12:41.009707,0.0,0.0,0.0
2022-01-24 20:12:41.505233,0.0,0.0,0.0
2022-01-24 20:12:42.003399,0.0,0.0,0.0
2022-01-24 20:12:42.509279,0.0,0.0,0.0
2022-01-24 20:12:43.007863,0.0,0.0,0.0
2022-01-24 20:12:43.504614,0.0,0.0,0.0
2022-01-24 20:12:44.003295,0.0,0.0,0.0
2022-01-24 20:12:44.510142,0.0,0.0,0.0
2022-01-24 20:12:45.009962,0.0,0.0,0.0
2022-01-24 20:12:45.504896,0.0,0.0,0.0
2022-01-24 20:12:46.003111,0.0,0.0,0.0
2022-01-24 20:12:46.509290,0.0,0.0,0.0
2022-01-24 20:12:47.007765,0.0,0.0,0.0
2022-01-24 20:12:47.502270,0.0,0.0,0.0
2022-01-24 20:12:48.010140,0.0,0.0,0.0
2022-01-24 20:12:48.506633,0.0,0.0,0.0
2022-01-24 20:12:49.004933,0.0,0.0,0.0
2022-01-24 20:12:49.510008,0.0,0.0,0.0
2022-01-24 20:12:50.008952,0.0,0.0,0.0
2022-01-24 20:12:50.505005,0.0,0.0,0.0
2022-01-24 20:12:51.002285,0.0,0.0,0.0
2022-01-24 20:12:51.508031,0.0,0.0,0.0
2022-01-24 20:12:52.006495,0.0,0.0,0.0
2022-01-24 20:12:52.511134,0.0,0.0,0.0
2022-01-24 20:12:53.009677,0.0,0.0,0.0
2022-01-24 20:12:53.505526,0.0,0.0,0.0
2022-01-24 20:12:54.004416,0.0,0.0,0.0
2022-01-24 20:12:54.510748,0.0,0.0,0.0
2022-01-24 20:12:55.008377,0.0,0.0,0.0
2022-01-24 20:12:55.505108,0.0,0.0,0.0
2022-01-24 20:12:56.004715,0.0,0.0,0.0
2022-01-24 20:12:56.502179,0.0,0.0,0.0
2022-01-24 20:12:57.001275,0.0,0.0,0.0
2022-01-24 20:12:57.508551,0.0,0.0,0.0
2022-01-24 20:12:58.009344,0.0,0.0,0.0
2022-01-24 20:12:58.504996,0.0,0.0,0.0
2022-01-24 20:12:59.003371,0.0,0.0,0.0
2022-01-24 20:12:59.506791,0.0,0.0,0.0
2022-01-24 20:13:00.006080,0.0,0.0,0.0
2022-01-24 20:13:00.501185,0.0,0.0,0.0
2022-01-24 20:13:01.008963,0.0,0.0,0.0
2022-01-24 20:13:01.503257,0.0,0.0,0.0
2022-01-24 20:13:02.003547,0.0,0.0,0.0
2022-01-24 20:13:02.508350,0.0,0.0,0.0
2022-01-24 20:13:03.007516,0.0,0.0,0.0
2022-01-24 20:13:03.502772,0.0,0.0,0.0
2022-01-24 20:13:04.010878,0.0,0.0,0.0
2022-01-24 20:13:04.507406,0.0,0.0,0.0
2022-01-24 20:13:05.004596,0.0,0.0,0.0
2022-01-24 20:13:05.510756,0.0,0.0,0.0
2022-01-24 20:13:06.009695,0.0,0.0,0.0
2022-01-24 20:13:06.507367,0.0,0.0,0.0
2022-01-24 20:13:07.003925,0.0,0.0,0.0
2022-01-24 20:13:07.509886,0.0,0.0,0.0
2022-01-24 20:13:08.008464,0.0,0.0,0.0
2022-01-24 20:13:08.503293,0.0,0.0,0.0
2022-01-24 20:13:09.003264,0.0,0.0,0.0
2022-01-24 20:13:09.509172,0.0,0.0,0.0
2022-01-24 20:13:10.008923,0.0,0.0,0.0
2022-01-24 20:13:10.510973,0.0,0.0,0.0
2022-01-24 20:13:11.007864,0.0,0.0,0.0
2022-01-24 20:13:11.502896,0.0,0.0,0.0
2022-01-24 20:13:12.011090,0.0,0.0,0.0
2022-01-24 20:13:12.506575,0.0,0.0,0.0
2022-01-24 20:13:13.004689,0.0,0.0,0.0
2022-01-24 20:13:13.510310,0.0,0.0,0.0
2022-01-24 20:13:14.008743,0.0,0.0,0.0
2022-01-24 20:13:14.503222,0.0,0.0,0.0
2022-01-24 20:13:15.002760,0.0,0.0,0.0
2022-01-24 20:13:15.508972,0.0,0.0,0.0
2022-01-24 20:13:16.007698,0.0,0.0,0.0
2022-01-24 20:13:16.503783,0.0,0.0,0.0
2022-01-24 20:13:17.001945,0.0,0.0,0.0
2022-01-24 20:13:17.508692,0.0,0.0,0.0
2022-01-24 20:13:18.007344,0.0,0.0,0.0
2022-01-24 20:13:18.502700,0.0,0.0,0.0
2022-01-24 20:13:19.001192,0.0,0.0,0.0
2022-01-24 20:13:19.506400,0.0,0.0,0.0
2022-01-24 20:13:20.003845,0.0,0.0,0.0
2022-01-24 20:13:20.501488,0.0,0.0,0.0
2022-01-24 20:13:21.010490,0.0,0.0,0.0
2022-01-24 20:13:21.506661,0.0,0.0,0.0
2022-01-24 20:13:22.005105,0.0,0.0,0.0
2022-01-24 20:13:22.509841,0.0,0.0,0.0
2022-01-24 20:13:23.006787,0.0,0.0,0.0
2022-01-24 20:13:23.502786,0.0,0.0,0.0
2022-01-24 20:13:24.504892,0.0,0.0,0.0
2022-01-24 20:13:25.004263,0.0,0.0,0.0
2022-01-24 20:13:25.501312,0.0,0.0,0.0
2022-01-24 20:13:26.001444,0.0,0.0,0.0
2022-01-24 20:13:26.510272,0.0,0.0,0.0
2022-01-24 20:13:27.008728,0.0,0.0,0.0
2022-01-24 20:13:27.504067,0.0,0.0,0.0
2022-01-24 20:13:28.001736,0.0,0.0,0.0
2022-01-24 20:13:28.508572,0.0,0.0,0.0
2022-01-24 20:13:29.007239,0.0,0.0,0.0
2022-01-24 20:13:29.502792,0.0,0.0,0.0
2022-01-24 20:13:30.010863,0.0,0.0,0.0
2022-01-24 20:13:30.505656,0.0,0.0,0.0
2022-01-24 20:13:31.003305,0.0,0.0,0.0
2022-01-24 20:13:31.508014,0.0,0.0,0.0
2022-01-24 20:13:32.006668,0.0,0.0,0.0
2022-01-24 20:13:32.502555,0.0,0.0,0.0
2022-01-24 20:13:33.505296,0.0,0.0,0.0
2022-01-24 20:13:34.004309,0.0,0.0,0.0
2022-01-24 20:13:35.005572,0.0,0.0,0.0
2022-01-24 20:13:35.503275,0.0,0.0,0.0
2022-01-24 20:13:36.002918,0.0,0.0,0.0
2022-01-24 20:13:36.508484,0.0,0.0,0.0
2022-01-24 20:13:37.006773,0.0,0.0,0.0
2022-01-24 20:13:37.502731,0.0,0.0,0.0
2022-01-24 20:13:38.504630,0.0,0.0,0.0
2022-01-24 20:13:39.003015,0.0,0.0,0.0
2022-01-24 20:13:39.501064,0.0,0.0,0.0
2022-01-24 20:13:40.009395,0.0,0.0,0.0
2022-01-24 20:13:40.504236,0.0,0.0,0.0
2022-01-24 20:13:41.002756,0.0,0.0,0.0
2022-01-24 20:13:41.509813,0.0,0.0,0.0
2022-01-24 20:13:42.008444,0.0,0.0,0.0
2022-01-24 20:13:42.504084,0.0,0.0,0.0
2022-01-24 20:13:43.002417,0.0,0.0,0.0
2022-01-24 20:13:43.506365,0.0,0.0,0.0
2022-01-24 20:13:44.004631,0.0,0.0,0.0
2022-01-24 20:13:44.501108,0.0,0.0,0.0
2022-01-24 20:13:45.009829,0.0,0.0,0.0
2022-01-24 20:13:45.506741,0.0,0.0,0.0
2022-01-24 20:13:46.006143,0.0,0.0,0.0
2022-01-24 20:13:46.510724,0.0,0.0,0.0
2022-01-24 20:13:47.008371,0.0,0.0,0.0
2022-01-24 20:13:47.504403,0.0,0.0,0.0
2022-01-24 20:13:48.001790,0.0,0.0,0.0
2022-01-24 20:13:48.507419,0.0,0.0,0.0
2022-01-24 20:13:49.005491,0.0,0.0,0.0
2022-01-24 20:13:49.510351,0.0,0.0,0.0
2022-01-24 20:13:50.008617,0.0,0.0,0.0
2022-01-24 20:13:50.507135,0.0,0.0,0.0
2022-01-24 20:13:51.006212,0.0,0.0,0.0
2022-01-24 20:13:51.502684,0.0,0.0,0.0
2022-01-24 20:13:52.011120,0.0,0.0,0.0
2022-01-24 20:13:52.505505,0.0,0.0,0.0
2022-01-24 20:13:53.004837,0.0,0.0,0.0
2022-01-24 20:13:53.502359,0.0,0.0,0.0
2022-01-24 20:13:54.011209,0.0,0.0,0.0
2022-01-24 20:13:54.507402,0.0,0.0,0.0
2022-01-24 20:13:55.008133,0.0,0.0,0.0
2022-01-24 20:13:55.505419,0.0,0.0,0.0
2022-01-24 20:13:56.004304,0.0,0.0,0.0
2022-01-24 20:13:56.509154,0.0,0.0,0.0
2022-01-24 20:13:57.007167,0.0,0.0,0.0
2022-01-24 20:13:57.502795,0.0,0.0,0.0
2022-01-24 20:13:58.010679,0.0,0.0,0.0
2022-01-24 20:13:58.507231,0.0,0.0,0.0
2022-01-24 20:13:59.006989,0.0,0.0,0.0
2022-01-24 20:13:59.502224,0.0,0.0,0.0
2022-01-24 20:14:00.010304,0.0,0.0,0.0
2022-01-24 20:14:00.505605,0.0,0.0,0.0
2022-01-24 20:14:01.004114,0.0,0.0,0.0
2022-01-24 20:14:01.501257,0.0,0.0,0.0
2022-01-24 20:14:02.010161,0.0,0.0,0.0
2022-01-24 20:14:02.505686,0.0,0.0,0.0
2022-01-24 20:14:03.004566,0.0,0.0,0.0
2022-01-24 20:14:03.501863,0.0,0.0,0.0
2022-01-24 20:14:04.011105,0.0,0.0,0.0
2022-01-24 20:14:04.505917,0.0,0.0,0.0
2022-01-24 20:14:05.003087,0.0,0.0,0.0
2022-01-24 20:14:05.508236,0.0,0.0,0.0
2022-01-24 20:14:06.004231,0.0,0.0,0.0
2022-01-24 20:14:06.510399,0.0,0.0,0.0
2022-01-24 20:14:07.008373,0.0,0.0,0.0
2022-01-24 20:14:07.507188,0.0,0.0,0.0
2022-01-24 20:14:08.005653,0.0,0.0,0.0
2022-01-24 20:14:08.502045,0.0,0.0,0.0
2022-01-24 20:14:09.010960,0.0,0.0,0.0
2022-01-24 20:14:09.506804,0.0,0.0,0.0
2022-01-24 20:14:10.005807,0.0,0.0,0.0
2022-01-24 20:14:10.502128,0.0,0.0,0.0
2022-01-24 20:14:11.006717,0.0,0.0,0.0
2022-01-24 20:14:11.502450,0.0,0.0,0.0
2022-01-24 20:14:12.001398,0.0,0.0,0.0
2022-01-24 20:14:12.508992,0.0,0.0,0.0
2022-01-24 20:14:13.008458,0.0,0.0,0.0
2022-01-24 20:14:13.503978,0.0,0.0,0.0
2022-01-24 20:14:14.001333,0.0,0.0,0.0
2022-01-24 20:14:14.506820,0.0,0.0,0.0
2022-01-24 20:14:15.004582,0.0,0.0,0.0
2022-01-24 20:14:15.501143,0.0,0.0,0.0
2022-01-24 20:14:16.010249,0.0,0.0,0.0
2022-01-24 20:14:16.507790,0.0,0.0,0.0
2022-01-24 20:14:17.007294,0.0,0.0,0.0
2022-01-24 20:14:17.502213,0.0,0.0,0.0
2022-01-24 20:14:18.010586,0.0,0.0,0.0
2022-01-24 20:14:18.505960,0.0,0.0,0.0
2022-01-24 20:14:19.004347,0.0,0.0,0.0
2022-01-24 20:14:19.510952,0.0,0.0,0.0
2022-01-24 20:14:20.009341,0.0,0.0,0.0
2022-01-24 20:14:20.505087,0.0,0.0,0.0
2022-01-24 20:14:21.004652,0.0,0.0,0.0
2022-01-24 20:14:21.510339,0.0,0.0,0.0
2022-01-24 20:14:22.008435,0.0,0.0,0.0
2022-01-24 20:14:22.503199,0.0,0.0,0.0
2022-01-24 20:14:23.001451,0.0,0.0,0.0
2022-01-24 20:14:23.507953,0.0,0.0,0.0
2022-01-24 20:14:24.006746,0.0,0.0,0.0
2022-01-24 20:14:24.503157,0.0,0.0,0.0
2022-01-24 20:14:25.002629,0.0,0.0,0.0
2022-01-24 20:14:25.501953,0.0,0.0,0.0
2022-01-24 20:14:26.010738,0.0,0.0,0.0
2022-01-24 20:14:26.507130,0.0,0.0,0.0
2022-01-24 20:14:27.006188,0.0,0.0,0.0
2022-01-24 20:14:27.501206,0.0,0.0,0.0
2022-01-24 20:14:28.010906,0.0,0.0,0.0
2022-01-24 20:14:28.506788,0.0,0.0,0.0
2022-01-24 20:14:29.004989,0.0,0.0,0.0
2022-01-24 20:14:29.510308,0.0,0.0,0.0
2022-01-24 20:14:30.009078,0.0,0.0,0.0
2022-01-24 20:14:30.504471,0.0,0.0,0.0
2022-01-24 20:14:31.003257,0.0,0.0,0.0
2022-01-24 20:14:31.509217,0.0,0.0,0.0
2022-01-24 20:14:32.007761,0.0,0.0,0.0
2022-01-24 20:14:32.503998,0.0,0.0,0.0
2022-01-24 20:14:33.004043,0.0,0.0,0.0
2022-01-24 20:14:33.509348,0.0,0.0,0.0
2022-01-24 20:14:34.007135,0.0,0.0,0.0
2022-01-24 20:14:34.503019,0.0,0.0,0.0
2022-01-24 20:14:35.002724,0.0,0.0,0.0
2022-01-24 20:14:35.508060,0.0,0.0,0.0
2022-01-24 20:14:36.006377,0.0,0.0,0.0
2022-01-24 20:14:36.502183,0.0,0.0,0.0
2022-01-24 20:14:37.010817,0.0,0.0,0.0
2022-01-24 20:14:37.506743,0.0,0.0,0.0
2022-01-24 20:14:38.005378,0.0,0.0,0.0
2022-01-24 20:14:38.502557,0.0,0.0,0.0
2022-01-24 20:14:39.010255,0.0,0.0,0.0
2022-01-24 20:14:39.506156,0.0,0.0,0.0
2022-01-24 20:14:40.004435,0.0,0.0,0.0
2022-01-24 20:14:40.509844,0.0,0.0,0.0
2022-01-24 20:14:41.008403,0.0,0.0,0.0
2022-01-24 20:14:41.505386,0.0,0.0,0.0
2022-01-24 20:14:42.003267,0.0,0.0,0.0
2022-01-24 20:14:42.509566,0.0,0.0,0.0
2022-01-24 20:14:43.008631,0.0,0.0,0.0
2022-01-24 20:14:43.506451,0.0,0.0,0.0
2022-01-24 20:14:44.004288,0.0,0.0,0.0
2022-01-24 20:14:44.511025,0.0,0.0,0.0
2022-01-24 20:14:45.010873,0.0,0.0,0.0
2022-01-24 20:14:45.506524,0.0,0.0,0.0
2022-01-24 20:14:46.004736,0.0,0.0,0.0
2022-01-24 20:14:46.510823,0.0,0.0,0.0
2022-01-24 20:14:47.009037,0.0,0.0,0.0
2022-01-24 20:14:47.505512,0.0,0.0,0.0
2022-01-24 20:14:48.005104,0.0,0.0,0.0
2022-01-24 20:14:48.510375,0.0,0.0,0.0
2022-01-24 20:14:49.008054,0.0,0.0,0.0
2022-01-24 20:14:49.504362,0.0,0.0,0.0
2022-01-24 20:14:50.004217,0.0,0.0,0.0
2022-01-24 20:14:50.510395,0.0,0.0,0.0
2022-01-24 20:14:51.008363,0.0,0.0,0.0
2022-01-24 20:14:51.510832,0.0,0.0,0.0
2022-01-24 20:14:52.009301,0.0,0.0,0.0
2022-01-24 20:14:52.505731,0.0,0.0,0.0
2022-01-24 20:14:53.004068,0.0,0.0,0.0
2022-01-24 20:14:53.510326,0.0,0.0,0.0
2022-01-24 20:14:54.009259,0.0,0.0,0.0
2022-01-24 20:14:54.505107,0.0,0.0,0.0
2022-01-24 20:14:55.005860,0.0,0.0,0.0
2022-01-24 20:14:55.501796,0.0,0.0,0.0
2022-01-24 20:14:56.001943,0.0,0.0,0.0
2022-01-24 20:14:56.508343,0.0,0.0,0.0
2022-01-24 20:14:57.008476,0.0,0.0,0.0
2022-01-24 20:14:57.502845,0.0,0.0,0.0
2022-01-24 20:14:58.504747,0.0,0.0,0.0
2022-01-24 20:14:59.003926,0.0,0.0,0.0
2022-01-24 20:14:59.510335,0.0,0.0,0.0
2022-01-24 20:15:00.009895,0.0,0.0,0.0
2022-01-24 20:15:00.503722,0.0,0.0,0.0
2022-01-24 20:15:01.003738,0.0,0.0,0.0
2022-01-24 20:15:01.501889,0.0,0.0,0.0
2022-01-24 20:15:02.009996,0.0,0.0,0.0
2022-01-24 20:15:02.505172,0.0,0.0,0.0
2022-01-24 20:15:03.002618,0.0,0.0,0.0
2022-01-24 20:15:03.508562,0.0,0.0,0.0
2022-01-24 20:15:04.007576,0.0,0.0,0.0
2022-01-24 20:15:04.502030,0.0,0.0,0.0
2022-01-24 20:15:05.010862,0.0,0.0,0.0
2022-01-24 20:15:05.507140,0.0,0.0,0.0
2022-01-24 20:15:06.008100,0.0,0.0,0.0
2022-01-24 20:15:06.505538,0.0,0.0,0.0
2022-01-24 20:15:07.004100,0.0,0.0,0.0
2022-01-24 20:15:07.508684,0.0,0.0,0.0
2022-01-24 20:15:08.006985,0.0,0.0,0.0
2022-01-24 20:15:08.503006,0.0,0.0,0.0
2022-01-24 20:15:09.001867,0.0,0.0,0.0
2022-01-24 20:15:09.507641,0.0,0.0,0.0
2022-01-24 20:15:10.006360,0.0,0.0,0.0
2022-01-24 20:15:10.504298,0.0,0.0,0.0
2022-01-24 20:15:11.010244,0.0,0.0,0.0
2022-01-24 20:15:11.504258,0.0,0.0,0.0
2022-01-24 20:15:12.003345,0.0,0.0,0.0
2022-01-24 20:15:12.509890,0.0,0.0,0.0
2022-01-24 20:15:13.008200,0.0,0.0,0.0
2022-01-24 20:15:13.504287,0.0,0.0,0.0
2022-01-24 20:15:14.002723,0.0,0.0,0.0
2022-01-24 20:15:14.508973,0.0,0.0,0.0
2022-01-24 20:15:15.008022,0.0,0.0,0.0
2022-01-24 20:15:15.503565,0.0,0.0,0.0
2022-01-24 20:15:16.002405,0.0,0.0,0.0
2022-01-24 20:15:16.508776,0.0,0.0,0.0
2022-01-24 20:15:17.007540,0.0,0.0,0.0
2022-01-24 20:15:17.502793,0.0,0.0,0.0
2022-01-24 20:15:18.010769,0.0,0.0,0.0
2022-01-24 20:15:18.505556,0.0,0.0,0.0
2022-01-24 20:15:19.004198,0.0,0.0,0.0
2022-01-24 20:15:19.501827,0.0,0.0,0.0
2022-01-24 20:15:20.009873,0.0,0.0,0.0
2022-01-24 20:15:20.503568,0.0,0.0,0.0
2022-01-24 20:15:21.002279,0.0,0.0,0.0
2022-01-24 20:15:21.508921,0.0,0.0,0.0
2022-01-24 20:15:22.006663,0.0,0.0,0.0
2022-01-24 20:15:22.502816,0.0,0.0,0.0
2022-01-24 20:15:23.010581,0.0,0.0,0.0
2022-01-24 20:15:23.507180,0.0,0.0,0.0
2022-01-24 20:15:24.007279,0.0,0.0,0.0
2022-01-24 20:15:24.503184,0.0,0.0,0.0
2022-01-24 20:15:25.011072,0.0,0.0,0.0
2022-01-24 20:15:25.507988,0.0,0.0,0.0
2022-01-24 20:15:26.005890,0.0,0.0,0.0
2022-01-24 20:15:26.510910,0.0,0.0,0.0
2022-01-24 20:15:27.010797,0.0,0.0,0.0
2022-01-24 20:15:27.506125,0.0,0.0,0.0
2022-01-24 20:15:28.005257,0.0,0.0,0.0
2022-01-24 20:15:28.501427,0.0,0.0,0.0
2022-01-24 20:15:29.010590,0.0,0.0,0.0
2022-01-24 20:15:29.506232,0.0,0.0,0.0
2022-01-24 20:15:30.004582,0.0,0.0,0.0
2022-01-24 20:15:30.510118,0.0,0.0,0.0
2022-01-24 20:15:31.007406,0.0,0.0,0.0
2022-01-24 20:15:31.503988,0.0,0.0,0.0
2022-01-24 20:15:32.003367,0.0,0.0,0.0
2022-01-24 20:15:32.510534,0.0,0.0,0.0
2022-01-24 20:15:33.009468,0.0,0.0,0.0
2022-01-24 20:15:33.506077,0.0,0.0,0.0
2022-01-24 20:15:34.004919,0.0,0.0,0.0
2022-01-24 20:15:34.509949,0.0,0.0,0.0
2022-01-24 20:15:35.008256,0.0,0.0,0.0
2022-01-24 20:15:35.504181,0.0,0.0,0.0
2022-01-24 20:15:36.003419,0.0,0.0,0.0
2022-01-24 20:15:36.510935,0.0,0.0,0.0
2022-01-24 20:15:37.010152,0.0,0.0,0.0
2022-01-24 20:15:37.507580,0.0,0.0,0.0
2022-01-24 20:15:38.005128,0.0,0.0,0.0
2022-01-24 20:15:38.509123,0.0,0.0,0.0
2022-01-24 20:15:39.007504,0.0,0.0,0.0
2022-01-24 20:15:39.503389,0.0,0.0,0.0
2022-01-24 20:15:40.002072,0.0,0.0,0.0
2022-01-24 20:15:40.508589,0.0,0.0,0.0
2022-01-24 20:15:41.008737,0.0,0.0,0.0
2022-01-24 20:15:41.503417,0.0,0.0,0.0
2022-01-24 20:15:42.003451,0.0,0.0,0.0
2022-01-24 20:15:42.510340,0.0,0.0,0.0
2022-01-24 20:15:43.008420,0.0,0.0,0.0
2022-01-24 20:15:43.505011,0.0,0.0,0.0
2022-01-24 20:15:44.003647,0.0,0.0,0.0
2022-01-24 20:15:44.508881,0.0,0.0,0.0
2022-01-24 20:15:45.007552,0.0,0.0,0.0
2022-01-24 20:15:45.503993,0.0,0.0,0.0
2022-01-24 20:15:46.003364,0.0,0.0,0.0
2022-01-24 20:15:46.509633,0.0,0.0,0.0
2022-01-24 20:15:47.007903,0.0,0.0,0.0
2022-01-24 20:15:47.503909,0.0,0.0,0.0
2022-01-24 20:15:48.001944,0.0,0.0,0.0
2022-01-24 20:15:48.508081,0.0,0.0,0.0
2022-01-24 20:15:49.007555,0.0,0.0,0.0
2022-01-24 20:15:49.502726,0.0,0.0,0.0
2022-01-24 20:15:50.001294,0.0,0.0,0.0
2022-01-24 20:15:50.508304,0.0,0.0,0.0
2022-01-24 20:15:51.006703,0.0,0.0,0.0
2022-01-24 20:15:51.505112,0.0,0.0,0.0
2022-01-24 20:15:52.003381,0.0,0.0,0.0
2022-01-24 20:15:52.508529,0.0,0.0,0.0
2022-01-24 20:15:53.006722,0.0,0.0,0.0
2022-01-24 20:15:53.502349,0.0,0.0,0.0
2022-01-24 20:15:54.010390,0.0,0.0,0.0
2022-01-24 20:15:54.505882,0.0,0.0,0.0
2022-01-24 20:15:55.003659,0.0,0.0,0.0
2022-01-24 20:15:55.510298,0.0,0.0,0.0
2022-01-24 20:15:56.009039,0.0,0.0,0.0
2022-01-24 20:15:56.502943,0.0,0.0,0.0
2022-01-24 20:15:57.000969,0.0,0.0,0.0
2022-01-24 20:15:57.506028,0.0,0.0,0.0
2022-01-24 20:15:58.003784,0.0,0.0,0.0
2022-01-24 20:15:58.509555,0.0,0.0,0.0
2022-01-24 20:15:59.007436,0.0,0.0,0.0
2022-01-24 20:15:59.503271,0.0,0.0,0.0
2022-01-24 20:16:00.003287,0.0,0.0,0.0
2022-01-24 20:16:00.508863,0.0,0.0,0.0
2022-01-24 20:16:01.006759,0.0,0.0,0.0
2022-01-24 20:16:01.502674,0.0,0.0,0.0
2022-01-24 20:16:02.010214,0.0,0.0,0.0
2022-01-24 20:16:02.504602,0.0,0.0,0.0
2022-01-24 20:16:03.003262,0.0,0.0,0.0
2022-01-24 20:16:03.501135,0.0,0.0,0.0
2022-01-24 20:16:04.009780,0.0,0.0,0.0
2022-01-24 20:16:04.506417,0.0,0.0,0.0
2022-01-24 20:16:05.003411,0.0,0.0,0.0
2022-01-24 20:16:05.509934,0.0,0.0,0.0
2022-01-24 20:16:06.008568,0.0,0.0,0.0
2022-01-24 20:16:06.503623,0.0,0.0,0.0
2022-01-24 20:16:07.003953,0.0,0.0,0.0
2022-01-24 20:16:07.508608,0.0,0.0,0.0
2022-01-24 20:16:08.008406,0.0,0.0,0.0
2022-01-24 20:16:08.504888,0.0,0.0,0.0
2022-01-24 20:16:09.004307,0.0,0.0,0.0
2022-01-24 20:16:09.509924,0.0,0.0,0.0
2022-01-24 20:16:10.007781,0.0,0.0,0.0
2022-01-24 20:16:10.503714,0.0,0.0,0.0
2022-01-24 20:16:11.010778,0.0,0.0,0.0
2022-01-24 20:16:11.505997,0.0,0.0,0.0
2022-01-24 20:16:12.004893,0.0,0.0,0.0
2022-01-24 20:16:12.510763,0.0,0.0,0.0
2022-01-24 20:16:13.009778,0.0,0.0,0.0
2022-01-24 20:16:13.506795,0.0,0.0,0.0
2022-01-24 20:16:14.004426,0.0,0.0,0.0
2022-01-24 20:16:14.510248,0.0,0.0,0.0
2022-01-24 20:16:15.007887,0.0,0.0,0.0
2022-01-24 20:16:15.503540,0.0,0.0,0.0
2022-01-24 20:16:16.002448,0.0,0.0,0.0
2022-01-24 20:16:16.508785,0.0,0.0,0.0
2022-01-24 20:16:17.008274,0.0,0.0,0.0
2022-01-24 20:16:17.504326,0.0,0.0,0.0
2022-01-24 20:16:18.003029,0.0,0.0,0.0
2022-01-24 20:16:18.509025,0.0,0.0,0.0
2022-01-24 20:16:19.007365,0.0,0.0,0.0
2022-01-24 20:16:19.503348,0.0,0.0,0.0
2022-01-24 20:16:20.001618,0.0,0.0,0.0
2022-01-24 20:16:20.508857,0.0,0.0,0.0
2022-01-24 20:16:21.007878,0.0,0.0,0.0
2022-01-24 20:16:21.504559,0.0,0.0,0.0
2022-01-24 20:16:22.003552,0.0,0.0,0.0
2022-01-24 20:16:22.510769,0.0,0.0,0.0
2022-01-24 20:16:23.008312,0.0,0.0,0.0
2022-01-24 20:16:23.502954,0.0,0.0,0.0
2022-01-24 20:16:24.004399,0.0,0.0,0.0
2022-01-24 20:16:24.510114,0.0,0.0,0.0
2022-01-24 20:16:25.008462,0.0,0.0,0.0
2022-01-24 20:16:25.503535,0.0,0.0,0.0
2022-01-24 20:16:26.003322,0.0,0.0,0.0
2022-01-24 20:16:26.510088,0.0,0.0,0.0
2022-01-24 20:16:27.009218,0.0,0.0,0.0
2022-01-24 20:16:27.504638,0.0,0.0,0.0
2022-01-24 20:16:28.003142,0.0,0.0,0.0
2022-01-24 20:16:28.509858,0.0,0.0,0.0
2022-01-24 20:16:29.007730,0.0,0.0,0.0
2022-01-24 20:16:29.502471,0.0,0.0,0.0
2022-01-24 20:16:30.504433,0.0,0.0,0.0
2022-01-24 20:16:31.004360,0.0,0.0,0.0
2022-01-24 20:16:31.501750,0.0,0.0,0.0
2022-01-24 20:16:32.010832,0.0,0.0,0.0
2022-01-24 20:16:32.507202,0.0,0.0,0.0
2022-01-24 20:16:33.005749,0.0,0.0,0.0
2022-01-24 20:16:33.501261,0.0,0.0,0.0
2022-01-24 20:16:34.010239,0.0,0.0,0.0
2022-01-24 20:16:34.506356,0.0,0.0,0.0
2022-01-24 20:16:35.003885,0.0,0.0,0.0
2022-01-24 20:16:35.510810,0.0,0.0,0.0
2022-01-24 20:16:36.010396,0.0,0.0,0.0
2022-01-24 20:16:36.505171,0.0,0.0,0.0
2022-01-24 20:16:37.003772,0.0,0.0,0.0
2022-01-24 20:16:37.511170,0.0,0.0,0.0
2022-01-24 20:16:38.010311,0.0,0.0,0.0
2022-01-24 20:16:38.505527,0.0,0.0,0.0
2022-01-24 20:16:39.002764,0.0,0.0,0.0
2022-01-24 20:16:39.508034,0.0,0.0,0.0
2022-01-24 20:16:40.007533,0.0,0.0,0.0
2022-01-24 20:16:40.503283,0.0,0.0,0.0
2022-01-24 20:16:41.001310,0.0,0.0,0.0
2022-01-24 20:16:41.508376,0.0,0.0,0.0
2022-01-24 20:16:42.007886,0.0,0.0,0.0
2022-01-24 20:16:42.504057,0.0,0.0,0.0
2022-01-24 20:16:43.002185,0.0,0.0,0.0
2022-01-24 20:16:43.507435,0.0,0.0,0.0
2022-01-24 20:16:44.006668,0.0,0.0,0.0
2022-01-24 20:16:44.502712,0.0,0.0,0.0
2022-01-24 20:16:45.011173,0.0,0.0,0.0
2022-01-24 20:16:45.508074,0.0,0.0,0.0
2022-01-24 20:16:46.005878,0.0,0.0,0.0
2022-01-24 20:16:46.502047,0.0,0.0,0.0
2022-01-24 20:16:47.010897,0.0,0.0,0.0
2022-01-24 20:16:47.506596,0.0,0.0,0.0
2022-01-24 20:16:48.003523,0.0,0.0,0.0
2022-01-24 20:16:48.506331,0.0,0.0,0.0
2022-01-24 20:16:49.005227,0.0,0.0,0.0
2022-01-24 20:16:49.502220,0.0,0.0,0.0
2022-01-24 20:16:50.002302,0.0,0.0,0.0
2022-01-24 20:16:50.507936,0.0,0.0,0.0
2022-01-24 20:16:51.006349,0.0,0.0,0.0
2022-01-24 20:16:51.501243,0.0,0.0,0.0
2022-01-24 20:16:52.009561,0.0,0.0,0.0
2022-01-24 20:16:52.506322,0.0,0.0,0.0
2022-01-24 20:16:53.004183,0.0,0.0,0.0
2022-01-24 20:16:53.510375,0.0,0.0,0.0
2022-01-24 20:16:54.007699,0.0,0.0,0.0
2022-01-24 20:16:54.503561,0.0,0.0,0.0
2022-01-24 20:16:55.002808,0.0,0.0,0.0
2022-01-24 20:16:55.508617,0.0,0.0,0.0
2022-01-24 20:16:56.007145,0.0,0.0,0.0
2022-01-24 20:16:56.502411,0.0,0.0,0.0
2022-01-24 20:16:57.010120,0.0,0.0,0.0
2022-01-24 20:16:57.505996,0.0,0.0,0.0
2022-01-24 20:16:58.003274,0.0,0.0,0.0
2022-01-24 20:16:58.501097,0.0,0.0,0.0
2022-01-24 20:16:59.010165,0.0,0.0,0.0
2022-01-24 20:16:59.505167,0.0,0.0,0.0
2022-01-24 20:17:00.004276,0.0,0.0,0.0
2022-01-24 20:17:00.510861,0.0,0.0,0.0
2022-01-24 20:17:01.008291,0.0,0.0,0.0
2022-01-24 20:17:01.504114,0.0,0.0,0.0
2022-01-24 20:17:02.004624,0.0,0.0,0.0
2022-01-24 20:17:02.501188,0.0,0.0,0.0
2022-01-24 20:17:03.008883,0.0,0.0,0.0
2022-01-24 20:17:03.505387,0.0,0.0,0.0
2022-01-24 20:17:04.004606,0.0,0.0,0.0
2022-01-24 20:17:04.509695,0.0,0.0,0.0
2022-01-24 20:17:05.007807,0.0,0.0,0.0
2022-01-24 20:17:05.504431,0.0,0.0,0.0
2022-01-24 20:17:06.004088,0.0,0.0,0.0
2022-01-24 20:17:06.509931,0.0,0.0,0.0
2022-01-24 20:17:07.007656,0.0,0.0,0.0
2022-01-24 20:17:07.503731,0.0,0.0,0.0
2022-01-24 20:17:08.002566,0.0,0.0,0.0
2022-01-24 20:17:08.509156,0.0,0.0,0.0
2022-01-24 20:17:09.007937,0.0,0.0,0.0
2022-01-24 20:17:09.503073,0.0,0.0,0.0
2022-01-24 20:17:10.002371,0.0,0.0,0.0
2022-01-24 20:17:10.501008,0.0,0.0,0.0
2022-01-24 20:17:11.006391,0.0,0.0,0.0
2022-01-24 20:17:11.503349,0.0,0.0,0.0
2022-01-24 20:17:12.002728,0.0,0.0,0.0
2022-01-24 20:17:12.508616,0.0,0.0,0.0
2022-01-24 20:17:13.007238,0.0,0.0,0.0
2022-01-24 20:17:13.503903,0.0,0.0,0.0
2022-01-24 20:17:14.002427,0.0,0.0,0.0
2022-01-24 20:17:14.508100,0.0,0.0,0.0
2022-01-24 20:17:15.008540,0.0,0.0,0.0
2022-01-24 20:17:15.505016,0.0,0.0,0.0
2022-01-24 20:17:16.004051,0.0,0.0,0.0
2022-01-24 20:17:16.510799,0.0,0.0,0.0
2022-01-24 20:17:17.009388,0.0,0.0,0.0
2022-01-24 20:17:17.505113,0.0,0.0,0.0
2022-01-24 20:17:18.004833,0.0,0.0,0.0
2022-01-24 20:17:18.509987,0.0,0.0,0.0
2022-01-24 20:17:19.008414,0.0,0.0,0.0
2022-01-24 20:17:19.505017,0.0,0.0,0.0
2022-01-24 20:17:20.003437,0.0,0.0,0.0
2022-01-24 20:17:20.509236,0.0,0.0,0.0
2022-01-24 20:17:21.007967,0.0,0.0,0.0
2022-01-24 20:17:21.503369,0.0,0.0,0.0
2022-01-24 20:17:22.003481,0.0,0.0,0.0
2022-01-24 20:17:22.509196,0.0,0.0,0.0
2022-01-24 20:17:23.006850,0.0,0.0,0.0
2022-01-24 20:17:23.503676,0.0,0.0,0.0
2022-01-24 20:17:24.002251,0.0,0.0,0.0
2022-01-24 20:17:24.507961,0.0,0.0,0.0
2022-01-24 20:17:25.006281,0.0,0.0,0.0
2022-01-24 20:17:25.504615,0.0,0.0,0.0
2022-01-24 20:17:26.004006,0.0,0.0,0.0
2022-01-24 20:17:26.509464,0.0,0.0,0.0
2022-01-24 20:17:27.007847,0.0,0.0,0.0
2022-01-24 20:17:27.502866,0.0,0.0,0.0
2022-01-24 20:17:28.002338,0.0,0.0,0.0
2022-01-24 20:17:28.507662,0.0,0.0,0.0
2022-01-24 20:17:29.005981,0.0,0.0,0.0
2022-01-24 20:17:29.504627,0.0,0.0,0.0
2022-01-24 20:17:30.003073,0.0,0.0,0.0
2022-01-24 20:17:30.508473,0.0,0.0,0.0
2022-01-24 20:17:31.008188,0.0,0.0,0.0
2022-01-24 20:17:31.504542,0.0,0.0,0.0
2022-01-24 20:17:32.002299,0.0,0.0,0.0
2022-01-24 20:17:32.507931,0.0,0.0,0.0
2022-01-24 20:17:33.005477,0.0,0.0,0.0
2022-01-24 20:17:33.501636,0.0,0.0,0.0
2022-01-24 20:17:34.009978,0.0,0.0,0.0
2022-01-24 20:17:34.506102,0.0,0.0,0.0
2022-01-24 20:17:35.003676,0.0,0.0,0.0
2022-01-24 20:17:35.509419,0.0,0.0,0.0
2022-01-24 20:17:36.008755,0.0,0.0,0.0
2022-01-24 20:17:36.505125,0.0,0.0,0.0
2022-01-24 20:17:37.002961,0.0,0.0,0.0
2022-01-24 20:17:37.508504,0.0,0.0,0.0
2022-01-24 20:17:38.005948,0.0,0.0,0.0
2022-01-24 20:17:38.503724,0.0,0.0,0.0
2022-01-24 20:17:39.011120,0.0,0.0,0.0
2022-01-24 20:17:39.505656,0.0,0.0,0.0
2022-01-24 20:17:40.003632,0.0,0.0,0.0
2022-01-24 20:17:40.509307,0.0,0.0,0.0
2022-01-24 20:17:41.007457,0.0,0.0,0.0
2022-01-24 20:17:41.503113,0.0,0.0,0.0
2022-01-24 20:17:42.001251,0.0,0.0,0.0
2022-01-24 20:17:42.505744,0.0,0.0,0.0
2022-01-24 20:17:43.004459,0.0,0.0,0.0
2022-01-24 20:17:43.501401,0.0,0.0,0.0
2022-01-24 20:17:44.010192,0.0,0.0,0.0
2022-01-24 20:17:44.506334,0.0,0.0,0.0
2022-01-24 20:17:45.004863,0.0,0.0,0.0
2022-01-24 20:17:45.510339,0.0,0.0,0.0
2022-01-24 20:17:46.009310,0.0,0.0,0.0
2022-01-24 20:17:46.505871,0.0,0.0,0.0
2022-01-24 20:17:47.004108,0.0,0.0,0.0
2022-01-24 20:17:47.501666,0.0,0.0,0.0
2022-01-24 20:17:48.010674,0.0,0.0,0.0
2022-01-24 20:17:48.504920,0.0,0.0,0.0
2022-01-24 20:17:49.002064,0.0,0.0,0.0
2022-01-24 20:17:49.507745,0.0,0.0,0.0
2022-01-24 20:17:50.006498,0.0,0.0,0.0
2022-01-24 20:17:50.501559,0.0,0.0,0.0
2022-01-24 20:17:51.009945,0.0,0.0,0.0
2022-01-24 20:17:51.504155,0.0,0.0,0.0
2022-01-24 20:17:52.007251,0.0,0.0,0.0
2022-01-24 20:17:52.504778,0.0,0.0,0.0
2022-01-24 20:17:53.002767,0.0,0.0,0.0
2022-01-24 20:17:53.510255,0.0,0.0,0.0
2022-01-24 20:17:54.008404,0.0,0.0,0.0
2022-01-24 20:17:54.505329,0.0,0.0,0.0
2022-01-24 20:17:55.003562,0.0,0.0,0.0
2022-01-24 20:17:55.508679,0.0,0.0,0.0
2022-01-24 20:17:56.007792,0.0,0.0,0.0
2022-01-24 20:17:56.503931,0.0,0.0,0.0
2022-01-24 20:17:57.004508,0.0,0.0,0.0
2022-01-24 20:17:57.510825,0.0,0.0,0.0
2022-01-24 20:17:58.008093,0.0,0.0,0.0
2022-01-24 20:17:58.503500,0.0,0.0,0.0
2022-01-24 20:17:59.002386,0.0,0.0,0.0
2022-01-24 20:17:59.507486,0.0,0.0,0.0
2022-01-24 20:18:00.006366,0.0,0.0,0.0
2022-01-24 20:18:00.502077,0.0,0.0,0.0
2022-01-24 20:18:01.001187,0.0,0.0,0.0
2022-01-24 20:18:01.508573,0.0,0.0,0.0
2022-01-24 20:18:02.006862,0.0,0.0,0.0
2022-01-24 20:18:02.501792,0.0,0.0,0.0
2022-01-24 20:18:03.009949,0.0,0.0,0.0
2022-01-24 20:18:03.505049,0.0,0.0,0.0
2022-01-24 20:18:04.002937,0.0,0.0,0.0
2022-01-24 20:18:04.507859,0.0,0.0,0.0
2022-01-24 20:18:05.007496,0.0,0.0,0.0
2022-01-24 20:18:05.504419,0.0,0.0,0.0
2022-01-24 20:18:06.002904,0.0,0.0,0.0
2022-01-24 20:18:06.509151,0.0,0.0,0.0
2022-01-24 20:18:07.007219,0.0,0.0,0.0
2022-01-24 20:18:07.503564,0.0,0.0,0.0
2022-01-24 20:18:08.010922,0.0,0.0,0.0
2022-01-24 20:18:08.506402,0.0,0.0,0.0
2022-01-24 20:18:09.004091,0.0,0.0,0.0
2022-01-24 20:18:09.510642,0.0,0.0,0.0
2022-01-24 20:18:10.010558,0.0,0.0,0.0
2022-01-24 20:18:10.505068,0.0,0.0,0.0
2022-01-24 20:18:11.008874,0.0,0.0,0.0
2022-01-24 20:18:11.505144,0.0,0.0,0.0
2022-01-24 20:18:12.002667,0.0,0.0,0.0
2022-01-24 20:18:12.508102,0.0,0.0,0.0
2022-01-24 20:18:13.006971,0.0,0.0,0.0
2022-01-24 20:18:13.504756,0.0,0.0,0.0
2022-01-24 20:18:14.002676,0.0,0.0,0.0
2022-01-24 20:18:14.509982,0.0,0.0,0.0
2022-01-24 20:18:15.007619,0.0,0.0,0.0
2022-01-24 20:18:15.503366,0.0,0.0,0.0
2022-01-24 20:18:16.001835,0.0,0.0,0.0
2022-01-24 20:18:16.507899,0.0,0.0,0.0
2022-01-24 20:18:17.006493,0.0,0.0,0.0
2022-01-24 20:18:17.504167,0.0,0.0,0.0
2022-01-24 20:18:18.002731,0.0,0.0,0.0
2022-01-24 20:18:18.508532,0.0,0.0,0.0
2022-01-24 20:18:19.009416,0.0,0.0,0.0
2022-01-24 20:18:19.505054,0.0,0.0,0.0
2022-01-24 20:18:20.003009,0.0,0.0,0.0
2022-01-24 20:18:20.508953,0.0,0.0,0.0
2022-01-24 20:18:21.006532,0.0,0.0,0.0
2022-01-24 20:18:21.502739,0.0,0.0,0.0
2022-01-24 20:18:22.003334,0.0,0.0,0.0
2022-01-24 20:18:22.501294,0.0,0.0,0.0
2022-01-24 20:18:23.002528,0.0,0.0,0.0
2022-01-24 20:18:23.510832,0.0,0.0,0.0
2022-01-24 20:18:24.008482,0.0,0.0,0.0
2022-01-24 20:18:24.502702,0.0,0.0,0.0
2022-01-24 20:18:25.010788,0.0,0.0,0.0
2022-01-24 20:18:25.507260,0.0,0.0,0.0
2022-01-24 20:18:26.006166,0.0,0.0,0.0
2022-01-24 20:18:26.502339,0.0,0.0,0.0
2022-01-24 20:18:27.010651,0.0,0.0,0.0
2022-01-24 20:18:27.506017,0.0,0.0,0.0
2022-01-24 20:18:28.005705,0.0,0.0,0.0
2022-01-24 20:18:28.502289,0.0,0.0,0.0
2022-01-24 20:18:29.001239,0.0,0.0,0.0
2022-01-24 20:18:29.506638,0.0,0.0,0.0
2022-01-24 20:18:30.004309,0.0,0.0,0.0
2022-01-24 20:18:30.508770,0.0,0.0,0.0
2022-01-24 20:18:31.006969,0.0,0.0,0.0
2022-01-24 20:18:31.502747,0.0,0.0,0.0
2022-01-24 20:18:32.002323,0.0,0.0,0.0
2022-01-24 20:18:32.509466,0.0,0.0,0.0
2022-01-24 20:18:33.008813,0.0,0.0,0.0
2022-01-24 20:18:33.504427,0.0,0.0,0.0
2022-01-24 20:18:34.002543,0.0,0.0,0.0
2022-01-24 20:18:34.509121,0.0,0.0,0.0
2022-01-24 20:18:35.007405,0.0,0.0,0.0
2022-01-24 20:18:35.502532,0.0,0.0,-0.03864
2022-01-24 20:18:36.010801,0.0,0.0,-0.03864
2022-01-24 20:18:36.503902,0.0,0.0,-0.03864
2022-01-24 20:18:37.001259,0.0,0.0,-0.03864
2022-01-24 20:18:37.509019,0.0,0.0,0.0
2022-01-24 20:18:38.006650,0.0,0.0,0.0
2022-01-24 20:18:38.502568,0.0,0.0,0.0
2022-01-24 20:18:39.011107,0.0,0.0,0.0
2022-01-24 20:18:39.507058,0.0,0.0,0.0
2022-01-24 20:18:40.005705,0.0,0.0,0.0
2022-01-24 20:18:40.502811,0.0,0.0,0.0
2022-01-24 20:18:41.010303,0.0,0.0,0.0
2022-01-24 20:18:41.506656,0.0,0.0,0.0
2022-01-24 20:18:42.005510,0.0,0.0,0.0
2022-01-24 20:18:42.501116,0.0,0.0,0.0
2022-01-24 20:18:43.009161,0.0,0.0,0.0
2022-01-24 20:18:43.504372,0.0,0.0,0.0
2022-01-24 20:18:44.002870,0.0,0.0,0.0
2022-01-24 20:18:44.509737,0.0,0.0,0.0
2022-01-24 20:18:45.007718,0.0,0.0,0.0
2022-01-24 20:18:45.502287,0.0,0.0,0.0
2022-01-24 20:18:46.001297,0.0,0.0,0.0
2022-01-24 20:18:46.508340,0.0,0.0,0.0
2022-01-24 20:18:47.006717,0.0,0.0,0.0
2022-01-24 20:18:47.502241,0.0,0.0,0.0
2022-01-24 20:18:48.010505,0.0,0.0,0.0
2022-01-24 20:18:48.504356,0.0,0.0,0.0
2022-01-24 20:18:49.003114,0.0,0.0,0.0
2022-01-24 20:18:49.508960,0.0,0.0,0.0
2022-01-24 20:18:50.006864,0.0,0.0,0.0
2022-01-24 20:18:50.503433,0.0,0.0,0.0
2022-01-24 20:18:51.003132,0.0,0.0,0.0
2022-01-24 20:18:51.508366,0.0,0.0,0.0
2022-01-24 20:18:52.007167,0.0,0.0,0.0
2022-01-24 20:18:52.503512,0.0,0.0,0.0
2022-01-24 20:18:53.001760,0.0,0.0,0.0
2022-01-24 20:18:53.507019,0.0,0.0,0.0
2022-01-24 20:18:54.005505,0.0,0.0,0.0
2022-01-24 20:18:54.510370,0.0,0.0,0.0
2022-01-24 20:18:55.008441,0.0,0.0,0.0
2022-01-24 20:18:55.504571,0.0,0.0,0.0
2022-01-24 20:18:56.003832,0.0,0.0,0.0
2022-01-24 20:18:56.510675,0.0,0.0,0.0
2022-01-24 20:18:57.008606,0.0,0.0,0.0
2022-01-24 20:18:57.504538,0.0,0.0,0.0
2022-01-24 20:18:58.004273,0.0,0.0,0.0
2022-01-24 20:18:58.510052,0.0,0.0,0.0
2022-01-24 20:18:59.008940,0.0,0.0,0.0
2022-01-24 20:18:59.507524,0.0,0.0,0.0
2022-01-24 20:19:00.005410,0.0,0.0,0.0
2022-01-24 20:19:00.501476,0.0,0.0,0.0
2022-01-24 20:19:01.001311,0.0,0.0,0.0
2022-01-24 20:19:01.506030,0.0,0.0,0.0
2022-01-24 20:19:02.003747,0.0,0.0,0.0
2022-01-24 20:19:02.510306,0.0,0.0,0.0
2022-01-24 20:19:03.008547,0.0,0.0,0.0
2022-01-24 20:19:03.505916,0.0,0.0,0.0
2022-01-24 20:19:04.003830,0.0,0.0,0.0
2022-01-24 20:19:04.509217,0.0,0.0,0.0
2022-01-24 20:19:05.008130,0.0,0.0,0.0
2022-01-24 20:19:05.503913,0.0,0.0,0.0
2022-01-24 20:19:06.505180,0.0,0.0,0.0
2022-01-24 20:19:07.003628,0.0,0.0,0.0
2022-01-24 20:19:07.508916,0.0,0.0,0.0
2022-01-24 20:19:08.007586,0.0,0.0,0.0
2022-01-24 20:19:08.505040,0.0,0.0,0.0
2022-01-24 20:19:09.002440,0.0,0.0,0.0
2022-01-24 20:19:09.508075,0.0,0.0,0.0
2022-01-24 20:19:10.006384,0.0,0.0,0.0
2022-01-24 20:19:11.004165,0.0,0.0,0.0
2022-01-24 20:19:11.511065,0.0,0.0,0.0
2022-01-24 20:19:12.010516,0.0,0.0,0.0
2022-01-24 20:19:12.505486,0.0,0.0,0.0
2022-01-24 20:19:13.004648,0.0,0.0,0.0
2022-01-24 20:19:13.502049,0.0,0.0,0.0
2022-01-24 20:19:14.010807,0.0,0.0,0.0
2022-01-24 20:19:14.504726,0.0,0.0,0.0
2022-01-24 20:19:15.002382,0.0,0.0,0.0
2022-01-24 20:19:15.508757,0.0,0.0,0.0
2022-01-24 20:19:16.006838,0.0,0.0,0.0
2022-01-24 20:19:16.507295,0.0,0.0,0.0
2022-01-24 20:19:17.005692,0.0,0.0,0.0
2022-01-24 20:19:17.501570,0.0,0.0,0.0
2022-01-24 20:19:18.010556,0.0,0.0,0.0
2022-01-24 20:19:18.505189,0.0,0.0,0.0
2022-01-24 20:19:19.003593,0.0,0.0,0.0
2022-01-24 20:19:19.509466,0.0,0.0,0.0
2022-01-24 20:19:20.006776,0.0,0.0,0.0
2022-01-24 20:19:20.502017,0.0,0.0,0.0
2022-01-24 20:19:21.011126,0.0,0.0,0.0
2022-01-24 20:19:21.506947,0.0,0.0,0.0
2022-01-24 20:19:22.006243,0.0,0.0,0.0
2022-01-24 20:19:22.503277,0.0,0.0,0.0
2022-01-24 20:19:23.002260,0.0,0.0,0.0
2022-01-24 20:19:23.508827,0.0,0.0,0.0
2022-01-24 20:19:24.006444,0.0,0.0,0.0
2022-01-24 20:19:24.501497,0.0,0.0,0.0
2022-01-24 20:19:25.009545,0.0,0.0,0.0
2022-01-24 20:19:25.505105,0.0,0.0,0.0
2022-01-24 20:19:26.002832,0.0,0.0,0.0
2022-01-24 20:19:26.510244,0.0,0.0,0.0
2022-01-24 20:19:27.008961,0.0,0.0,0.0
2022-01-24 20:19:27.504445,0.0,0.0,0.0
2022-01-24 20:19:28.002892,0.0,0.0,0.0
2022-01-24 20:19:28.509628,0.0,0.0,0.0
2022-01-24 20:19:29.007974,0.0,0.0,0.0
2022-01-24 20:19:29.503622,0.0,0.0,0.0
2022-01-24 20:19:30.001353,0.0,0.0,0.0
2022-01-24 20:19:30.507317,0.0,0.0,0.0
2022-01-24 20:19:31.006210,0.0,0.0,0.0
2022-01-24 20:19:31.503027,0.0,0.0,0.0
2022-01-24 20:19:32.002246,0.0,0.0,0.0
2022-01-24 20:19:32.506831,0.0,0.0,0.0
2022-01-24 20:19:33.005247,0.0,0.0,0.0
2022-01-24 20:19:33.501425,0.0,0.0,0.0
2022-01-24 20:19:34.010275,0.0,0.0,0.0
2022-01-24 20:19:34.505092,0.0,0.0,0.0
2022-01-24 20:19:35.003051,0.0,0.0,0.0
2022-01-24 20:19:35.510117,0.0,0.0,0.0
2022-01-24 20:19:36.008059,0.0,0.0,0.0
2022-01-24 20:19:36.502682,0.0,0.0,0.0
2022-01-24 20:19:37.004331,0.0,0.0,0.0
2022-01-24 20:19:37.501729,0.0,0.0,0.0
2022-01-24 20:19:38.009063,0.0,0.0,0.0
2022-01-24 20:19:38.504853,0.0,0.0,0.0
2022-01-24 20:19:39.004479,0.0,0.0,0.0
2022-01-24 20:19:39.509018,0.0,0.0,0.0
2022-01-24 20:19:40.009765,0.0,0.0,0.0
2022-01-24 20:19:40.505857,0.0,0.0,0.0
2022-01-24 20:19:41.004246,0.0,0.0,0.0
2022-01-24 20:19:41.511034,0.0,0.0,0.0
2022-01-24 20:19:42.009136,0.0,0.0,0.0
2022-01-24 20:19:42.504755,0.0,0.0,0.0
2022-01-24 20:19:43.002669,0.0,0.0,0.0
2022-01-24 20:19:43.508223,0.0,0.0,0.0
2022-01-24 20:19:44.006238,0.0,0.0,0.0
2022-01-24 20:19:44.503361,0.0,0.0,0.0
2022-01-24 20:19:45.001126,0.0,0.0,0.0
2022-01-24 20:19:45.506880,0.0,0.0,0.0
2022-01-24 20:19:46.004020,0.0,0.0,0.0
2022-01-24 20:19:46.508947,0.0,0.0,0.0
2022-01-24 20:19:47.006134,0.0,0.0,0.0
2022-01-24 20:19:47.501306,0.0,0.0,0.0
2022-01-24 20:19:48.010161,0.0,0.0,0.0
2022-01-24 20:19:48.507543,0.0,0.0,0.0
2022-01-24 20:19:49.006475,0.0,0.0,0.0
2022-01-24 20:19:49.501245,0.0,0.0,0.0
2022-01-24 20:19:50.009966,0.0,0.0,0.0
2022-01-24 20:19:50.504608,0.0,0.0,0.0
2022-01-24 20:19:51.003498,0.0,0.0,0.0
2022-01-24 20:19:51.508349,0.0,0.0,0.0
2022-01-24 20:19:52.008108,0.0,0.0,0.0
2022-01-24 20:19:52.504440,0.0,0.0,0.0
2022-01-24 20:19:53.005291,0.0,0.0,0.0
2022-01-24 20:19:53.501861,0.0,0.0,0.0
2022-01-24 20:19:54.009967,0.0,0.0,0.0
2022-01-24 20:19:54.506395,0.0,0.0,0.0
2022-01-24 20:19:55.004014,0.0,0.0,0.0
2022-01-24 20:19:55.509533,0.0,0.0,0.0
2022-01-24 20:19:56.008669,0.0,0.0,0.0
2022-01-24 20:19:56.503907,0.0,0.0,0.0
2022-01-24 20:19:57.004666,0.0,0.0,0.0
2022-01-24 20:19:57.502458,0.0,0.0,0.0
2022-01-24 20:19:58.001275,0.0,0.0,0.0
2022-01-24 20:19:58.508010,0.0,0.0,0.0
2022-01-24 20:19:59.007940,0.0,0.0,0.0
2022-01-24 20:19:59.502684,0.0,0.0,0.0
2022-01-24 20:20:00.001649,0.0,0.0,0.0
2022-01-24 20:20:00.505120,0.0,0.0,0.0
2022-01-24 20:20:01.003379,0.0,0.0,0.0
2022-01-24 20:20:01.501723,0.0,0.0,0.0
2022-01-24 20:20:02.010209,0.0,0.0,0.0
2022-01-24 20:20:02.505919,0.0,0.0,0.0
2022-01-24 20:20:03.005365,0.0,0.0,0.0
2022-01-24 20:20:03.501503,0.0,0.0,0.0
2022-01-24 20:20:04.505036,0.0,0.0,0.0
2022-01-24 20:20:05.003573,0.0,0.0,0.0
2022-01-24 20:20:05.508903,0.0,0.0,0.0
2022-01-24 20:20:06.006752,0.0,0.0,0.0
2022-01-24 20:20:06.505814,0.0,0.0,0.0
2022-01-24 20:20:07.005726,0.0,0.0,0.0
2022-01-24 20:20:07.501165,0.0,0.0,0.0
2022-01-24 20:20:08.010330,0.0,0.0,0.0
2022-01-24 20:20:08.506354,0.0,0.0,0.0
2022-01-24 20:20:09.004537,0.0,0.0,0.0
2022-01-24 20:20:09.501884,0.0,0.0,0.0
2022-01-24 20:20:10.010231,0.0,0.0,0.0
2022-01-24 20:20:10.506476,0.0,0.0,0.0
2022-01-24 20:20:11.001125,0.0,0.0,0.0
2022-01-24 20:20:11.507324,0.0,0.0,0.0
2022-01-24 20:20:12.004492,0.0,0.0,0.0
2022-01-24 20:20:12.510877,0.0,0.0,0.0
2022-01-24 20:20:13.010520,0.0,0.0,0.0
2022-01-24 20:20:13.506175,0.0,0.0,0.0
2022-01-24 20:20:14.005769,0.0,0.0,0.0
2022-01-24 20:20:14.501860,0.0,0.0,0.0
2022-01-24 20:20:15.010190,0.10272,0.0,0.0
2022-01-24 20:20:15.506408,0.20545,0.0,0.0
2022-01-24 20:20:16.004584,0.25744,0.0,0.0
2022-01-24 20:20:16.509794,0.8243,0.0,0.0
2022-01-24 20:20:17.007905,1.031,0.0,0.0
2022-01-24 20:20:17.503255,0.97902,0.0,0.0
2022-01-24 20:20:18.011101,0.77356,0.0,0.0
2022-01-24 20:20:18.506402,0.72157,0.0,0.0
2022-01-24 20:20:19.003808,0.66959,0.0,0.0
2022-01-24 20:20:19.509058,0.66959,0.0,0.0
2022-01-24 20:20:20.009133,0.77356,0.0,0.0
2022-01-24 20:20:20.503386,0.8243,0.0,0.0
2022-01-24 20:20:21.011141,0.8243,0.0,0.0
2022-01-24 20:20:21.507274,0.87629,0.0,0.0
2022-01-24 20:20:22.005335,0.87629,0.0,0.0
2022-01-24 20:20:23.004809,0.66959,0.0,0.0
2022-01-24 20:20:23.510567,0.61885,0.0,0.0
2022-01-24 20:20:24.007314,0.72157,0.0,0.0
2022-01-24 20:20:24.502108,0.77356,0.0,0.0
2022-01-24 20:20:25.010175,0.87629,0.0,0.0
2022-01-24 20:20:25.502521,0.87629,0.0,0.0
2022-01-24 20:20:26.009505,0.8243,0.0,0.0
2022-01-24 20:20:26.505103,0.77356,0.0,0.0
2022-01-24 20:20:27.003553,0.72157,0.0,0.0
2022-01-24 20:20:27.510536,0.72157,0.0,0.0
2022-01-24 20:20:28.008379,0.77356,0.0,0.0
2022-01-24 20:20:28.503824,0.8243,0.0,0.0
2022-01-24 20:20:29.003454,0.87629,0.0,0.0
2022-01-24 20:20:29.509266,0.87629,0.0,0.0
2022-01-24 20:20:30.007703,0.8243,0.0,0.0
2022-01-24 20:20:30.502645,0.77356,0.0,0.0
2022-01-24 20:20:31.010352,0.66959,0.0,0.0
2022-01-24 20:20:31.504703,0.66959,0.0,0.0
2022-01-24 20:20:32.003820,0.72157,0.0,0.0
2022-01-24 20:20:32.509060,0.8243,0.0,0.0
2022-01-24 20:20:33.006388,0.87629,0.0,0.0
2022-01-24 20:20:33.502904,0.87629,0.0,0.0
2022-01-24 20:20:34.001176,0.92827,0.0,0.0
2022-01-24 20:20:34.507315,0.8243,0.0,0.0
2022-01-24 20:20:35.007603,0.77356,0.0,0.0
2022-01-24 20:20:35.502993,0.66959,0.0,0.0
2022-01-24 20:20:36.001629,0.66959,0.0,0.0
2022-01-24 20:20:36.508090,0.66959,0.0,0.0
2022-01-24 20:20:37.006757,0.77356,0.0,0.0
2022-01-24 20:20:37.501183,0.8243,0.0,0.0
2022-01-24 20:20:38.009744,0.8243,0.0,0.0
2022-01-24 20:20:38.506576,0.8243,0.0,0.0
2022-01-24 20:20:39.008715,0.8243,0.0,0.0
2022-01-24 20:20:39.505999,0.77356,0.0,0.0
2022-01-24 20:20:40.003648,0.72157,0.0,0.0
2022-01-24 20:20:40.510304,0.66959,0.0,0.0
2022-01-24 20:20:41.007325,0.72157,0.0,0.0
2022-01-24 20:20:41.502217,0.72157,0.0,0.0
2022-01-24 20:20:42.010882,0.8243,0.0,0.0
2022-01-24 20:20:42.505932,0.8243,0.0,0.0
2022-01-24 20:20:43.003537,0.77356,0.0,0.0
2022-01-24 20:20:43.509799,0.77356,0.0,0.0
2022-01-24 20:20:44.009509,0.77356,0.0,0.0
2022-01-24 20:20:44.504426,0.77356,0.0,0.0
2022-01-24 20:20:45.002915,0.77356,0.0,0.0
2022-01-24 20:20:45.509022,0.72157,0.0,0.0
2022-01-24 20:20:46.006656,0.77356,0.0,0.0
2022-01-24 20:20:46.502019,0.72157,0.0,0.0
2022-01-24 20:20:47.010204,0.72157,0.0,0.0
2022-01-24 20:20:47.506026,0.72157,0.0,0.0
2022-01-24 20:20:48.005049,0.77356,0.0,0.0
2022-01-24 20:20:48.510481,0.72157,0.0,0.0
2022-01-24 20:20:49.009417,0.66959,0.0,0.0
2022-01-24 20:20:49.504646,0.77356,0.0,0.0
2022-01-24 20:20:50.004011,0.8243,0.0,0.0
2022-01-24 20:20:50.510732,0.77356,0.0,0.0
2022-01-24 20:20:51.010790,0.77356,0.0,0.0
2022-01-24 20:20:51.505977,0.66959,0.0,0.0
2022-01-24 20:20:52.004108,0.56686,0.0,0.0
2022-01-24 20:20:52.510455,0.36017,0.0,0.0
2022-01-24 20:20:53.010967,0.25744,0.0,0.0
2022-01-24 20:20:53.507294,0.30942,0.0,0.0
2022-01-24 20:20:54.005545,0.66959,0.0,0.0
2022-01-24 20:20:54.502250,0.97902,0.0,0.0
2022-01-24 20:20:55.011207,0.8243,0.0,0.0
2022-01-24 20:20:55.507468,0.8243,0.0,0.0
2022-01-24 20:20:56.005967,0.72157,0.0,0.0
2022-01-24 20:20:56.501839,0.61885,0.0,0.0
2022-01-24 20:20:57.010763,0.8243,0.0,0.0
2022-01-24 20:20:57.509670,0.8243,0.0,0.0
2022-01-24 20:20:58.007845,0.72157,0.0,0.0
2022-01-24 20:20:58.502422,0.72157,0.0,0.0
2022-01-24 20:20:59.001188,0.72157,0.0,0.0
2022-01-24 20:20:59.507540,0.8243,0.0,0.0
2022-01-24 20:21:00.005324,0.8243,0.0,0.0
2022-01-24 20:21:00.501635,0.77356,0.0,0.0
2022-01-24 20:21:01.010823,0.8243,0.0,0.0
2022-01-24 20:21:01.508881,0.77356,0.0,0.0
2022-01-24 20:21:02.007277,0.72157,0.0,0.0
2022-01-24 20:21:02.503242,0.77356,0.0,0.0
2022-01-24 20:21:03.010638,0.72157,0.0,0.0
2022-01-24 20:21:03.505274,0.72157,0.0,0.0
2022-01-24 20:21:04.003825,0.8243,0.0,0.0
2022-01-24 20:21:04.508419,0.77356,0.0,0.0
2022-01-24 20:21:05.006633,0.72157,0.0,0.0
2022-01-24 20:21:05.510807,0.77356,0.0,0.0
2022-01-24 20:21:06.505317,0.72157,0.0,0.0
2022-01-24 20:21:07.005531,0.72157,0.0,0.0
2022-01-24 20:21:07.511059,0.72157,0.0,0.0
2022-01-24 20:21:08.009236,0.8243,0.0,0.0
2022-01-24 20:21:08.506418,0.8243,0.0,0.0
2022-01-24 20:21:09.005972,0.72157,0.0,0.0
2022-01-24 20:21:09.511190,0.77356,0.0,0.0
2022-01-24 20:21:10.008362,0.77356,0.0,0.0
2022-01-24 20:21:10.502656,0.72157,0.0,0.0
2022-01-24 20:21:11.007919,0.77356,0.0,0.0
2022-01-24 20:21:11.503927,0.72157,0.0,0.0
2022-01-24 20:21:12.003294,0.77356,0.0,0.0
2022-01-24 20:21:12.509268,0.77356,0.0,0.0
2022-01-24 20:21:13.007791,0.8243,0.0,0.0
2022-01-24 20:21:13.503489,0.77356,0.0,0.0
2022-01-24 20:21:14.002736,0.72157,0.0,0.0
2022-01-24 20:21:14.507848,0.72157,0.0,0.0
2022-01-24 20:21:15.007116,0.77356,0.0,0.0
2022-01-24 20:21:15.504075,0.72157,0.0,0.0
2022-01-24 20:21:16.003494,0.72157,0.0,0.0
2022-01-24 20:21:16.510380,0.77356,0.0,0.0
2022-01-24 20:21:17.008511,0.77356,0.0,0.0
2022-01-24 20:21:17.505546,0.8243,0.0,0.0
2022-01-24 20:21:18.004564,0.77356,0.0,0.0
2022-01-24 20:21:18.510532,0.72157,0.0,0.0
2022-01-24 20:21:19.008864,0.66959,0.0,0.0
2022-01-24 20:21:19.505524,0.51488,0.0,0.0
2022-01-24 20:21:20.003901,0.8243,0.0,0.0
2022-01-24 20:21:20.501131,0.8243,0.0,0.0
2022-01-24 20:21:21.009394,0.61885,0.0,0.0
2022-01-24 20:21:21.505533,0.87629,0.0,0.0
2022-01-24 20:21:22.002715,0.72157,0.0,0.0
2022-01-24 20:21:22.509518,0.72157,0.0,0.0
2022-01-24 20:21:23.007592,0.8243,0.0,0.0
2022-01-24 20:21:23.504412,0.66959,0.0,0.0
2022-01-24 20:21:24.004159,0.8243,0.0,0.0
2022-01-24 20:21:24.501952,0.77356,0.0,0.0
2022-01-24 20:21:25.010398,0.77356,0.0,0.0
