時間,回転１,回転２,回転３
2022-01-24 10:00:00.003322,84.05963,84.4935,85.92395
2022-01-24 10:00:00.505474,84.36905,84.4935,85.92395
2022-01-24 10:00:01.003576,84.00888,84.4935,86.27739
2022-01-24 10:00:01.508016,84.05963,84.54425,86.27739
2022-01-24 10:00:02.008617,83.39003,83.97725,85.49229
2022-01-24 10:00:02.506761,84.73046,85.0605,85.49229
2022-01-24 10:00:03.004357,83.33805,83.97725,86.00312
2022-01-24 10:00:03.502083,84.57575,84.95775,86.00312
2022-01-24 10:00:04.005773,83.7502,83.8745,86.00312
2022-01-24 10:00:04.502384,84.11161,84.64825,86.00312
2022-01-24 10:00:05.001793,84.31831,84.4935,84.90322
2022-01-24 10:00:05.508767,84.05963,84.751,84.90322
2022-01-24 10:00:06.007564,84.00888,84.184,86.59218
2022-01-24 10:00:06.503399,83.59549,84.28675,86.59218
2022-01-24 10:00:07.001553,84.47302,84.95775,85.53187
2022-01-24 10:00:07.506192,84.11161,84.23475,85.53187
2022-01-24 10:00:08.005551,83.7502,84.184,85.4527
2022-01-24 10:00:08.510220,84.21434,84.4415,85.4527
2022-01-24 10:00:09.008746,83.90492,84.54425,85.7675
2022-01-24 10:00:09.504598,84.57575,84.90575,85.7675
2022-01-24 10:00:10.004275,83.69946,84.184,85.68833
2022-01-24 10:00:10.501933,84.1636,84.54425,85.68833
2022-01-24 10:00:11.007731,83.80219,84.3895,85.72791
2022-01-24 10:00:11.504320,84.62773,84.95775,85.72791
2022-01-24 10:00:12.002576,83.69946,83.8745,85.80614
2022-01-24 10:00:12.507636,84.1636,84.751,85.80614
2022-01-24 10:00:13.006631,83.7502,84.08,85.49229
2022-01-24 10:00:13.502991,84.52377,85.0605,85.49229
2022-01-24 10:00:14.006266,83.54475,83.8225,85.64968
2022-01-24 10:00:14.502006,83.49276,83.8225,85.64968
2022-01-24 10:00:15.009962,84.11161,84.3895,88.00593
2022-01-24 10:00:15.505468,84.36905,84.28675,88.00593
2022-01-24 10:00:16.003972,84.36905,85.0085,236.2527
2022-01-24 10:00:16.501457,83.54475,83.8745,236.2527
2022-01-24 10:00:17.505972,84.1636,84.4415,213.08322
2022-01-24 10:00:18.004962,84.00888,84.699,125.94156
2022-01-24 10:00:18.505369,83.80219,84.08,125.94156
2022-01-24 10:00:19.008058,83.69946,83.7705,95.34895
2022-01-24 10:00:19.504466,84.11161,84.54425,95.34895
2022-01-24 10:00:20.002281,84.36905,84.803,95.70239
2022-01-24 10:00:20.507389,83.80219,84.4935,95.70239
2022-01-24 10:00:21.005145,84.05963,84.132,90.55822
2022-01-24 10:00:21.502293,83.64747,84.23475,90.55822
2022-01-24 10:00:22.010848,84.57575,84.85375,88.04458
2022-01-24 10:00:22.505729,83.9569,84.184,88.04458
2022-01-24 10:00:23.005247,83.9569,84.59625,86.31697
2022-01-24 10:00:23.505049,84.05963,84.3895,86.31697
2022-01-24 10:00:24.003803,83.80219,84.3895,86.5526
2022-01-24 10:00:24.501342,84.00888,84.4415,86.5526
2022-01-24 10:00:25.010911,83.9569,84.4935,85.88531
2022-01-24 10:00:25.509369,84.36905,84.699,85.88531
2022-01-24 10:00:26.009748,84.00888,84.184,86.15958
2022-01-24 10:00:26.507231,83.9569,84.23475,86.15958
2022-01-24 10:00:27.005900,84.78245,85.0605,86.27739
2022-01-24 10:00:27.502513,83.80219,84.4415,86.27739
2022-01-24 10:00:28.011231,84.1636,84.4415,86.15958
2022-01-24 10:00:28.507086,83.59549,84.132,86.15958
2022-01-24 10:00:29.006368,84.42104,84.803,85.6101
2022-01-24 10:00:29.511126,83.9569,84.3895,85.6101
2022-01-24 10:00:30.010751,84.47302,84.85375,86.3952
2022-01-24 10:00:30.505966,84.05963,84.184,86.3952
2022-01-24 10:00:31.004354,83.90492,84.59625,85.88531
2022-01-24 10:00:31.510265,84.36905,84.90575,85.88531
2022-01-24 10:00:32.007606,83.80219,84.23475,85.88531
2022-01-24 10:00:32.504558,84.21434,84.64825,85.88531
2022-01-24 10:00:33.004177,83.39003,83.8745,85.72791
2022-01-24 10:00:33.510352,84.47302,84.751,85.72791
2022-01-24 10:00:34.008925,84.26632,84.59625,85.7675
2022-01-24 10:00:34.503870,84.1636,84.699,85.7675
2022-01-24 10:00:35.003495,83.69946,84.132,86.00312
2022-01-24 10:00:35.501773,83.9569,84.4935,86.00312
2022-01-24 10:00:36.002799,84.52377,84.85375,86.12093
2022-01-24 10:00:36.508564,83.9569,84.54425,86.12093
2022-01-24 10:00:37.006637,83.54475,83.92525,86.15958
2022-01-24 10:00:37.504930,83.80219,83.92525,86.15958
2022-01-24 10:00:38.004020,84.62773,85.21525,85.80614
2022-01-24 10:00:38.509196,84.00888,84.33875,85.80614
2022-01-24 10:00:39.008055,83.9569,84.4935,85.88531
2022-01-24 10:00:39.504160,83.7502,84.132,85.88531
2022-01-24 10:00:40.001687,84.11161,84.59625,85.25666
2022-01-24 10:00:40.507548,84.47302,84.95775,85.25666
2022-01-24 10:00:41.005460,83.59549,84.08,86.27739
2022-01-24 10:00:41.502996,84.05963,84.54425,86.27739
2022-01-24 10:00:42.001098,84.1636,84.28675,85.92395
2022-01-24 10:00:42.506331,84.47302,85.0605,85.92395
2022-01-24 10:00:43.003732,83.80219,84.02925,85.64968
2022-01-24 10:00:43.510559,83.9569,84.4935,85.64968
2022-01-24 10:00:44.009293,84.05963,84.23475,85.68833
2022-01-24 10:00:44.505756,83.7502,84.59625,85.68833
2022-01-24 10:00:45.004633,84.31831,84.90575,85.96354
2022-01-24 10:00:45.510529,84.00888,84.23475,85.96354
2022-01-24 10:00:46.010842,84.11161,84.64825,86.12093
2022-01-24 10:00:46.505220,84.36905,84.59625,86.12093
2022-01-24 10:00:47.004517,83.9569,84.3895,85.80614
2022-01-24 10:00:47.510422,84.26632,84.59625,85.80614
2022-01-24 10:00:48.008761,83.80219,84.3895,85.41406
2022-01-24 10:00:48.504104,83.80219,84.23475,85.41406
2022-01-24 10:00:49.002858,84.57575,84.90575,85.09926
2022-01-24 10:00:49.509741,83.7502,84.28675,85.09926
2022-01-24 10:00:50.008415,84.42104,84.699,85.57051
2022-01-24 10:00:50.505149,83.69946,84.132,85.57051
2022-01-24 10:00:51.003245,84.26632,84.59625,85.37447
2022-01-24 10:00:51.509780,83.80219,84.23475,85.37447
2022-01-24 10:00:52.009176,84.31831,84.59625,86.00312
2022-01-24 10:00:52.505319,83.80219,84.132,86.00312
2022-01-24 10:00:53.003248,84.00888,84.33875,85.57051
2022-01-24 10:00:53.502418,84.52377,84.85375,85.57051
2022-01-24 10:00:54.001337,83.54475,84.08,86.31697
2022-01-24 10:00:54.507900,84.67848,85.1125,86.31697
2022-01-24 10:00:55.007550,83.64747,84.132,86.00312
2022-01-24 10:00:55.503363,84.00888,84.3895,86.00312
2022-01-24 10:00:56.003239,84.26632,84.803,85.7675
2022-01-24 10:00:56.509405,84.00888,84.4415,85.7675
2022-01-24 10:00:57.009654,84.31831,84.803,85.41406
2022-01-24 10:00:57.505127,83.39003,83.8745,85.41406
2022-01-24 10:00:58.007075,84.26632,84.699,86.5526
2022-01-24 10:00:58.503525,84.11161,84.64825,86.5526
2022-01-24 10:00:59.001174,84.47302,84.699,86.59218
2022-01-24 10:00:59.507416,83.64747,84.23475,86.59218
2022-01-24 10:01:00.007155,84.11161,84.4935,85.29625
2022-01-24 10:01:00.505139,84.1636,84.3895,85.29625
2022-01-24 10:01:01.003161,84.31831,84.95775,85.57051
2022-01-24 10:01:01.501959,83.54475,84.02925,85.57051
2022-01-24 10:01:02.009439,83.90492,84.33875,85.96354
2022-01-24 10:01:02.504784,84.67848,85.1125,85.96354
2022-01-24 10:01:03.004100,83.44078,83.8225,86.31697
2022-01-24 10:01:03.501330,84.42104,84.751,86.31697
2022-01-24 10:01:04.011162,83.64747,83.7705,85.6101
2022-01-24 10:01:04.506394,84.31831,84.90575,85.6101
2022-01-24 10:01:05.004351,83.9569,84.54425,85.84572
2022-01-24 10:01:05.510735,83.85417,84.33875,85.84572
2022-01-24 10:01:06.008748,83.9569,84.3895,85.7675
2022-01-24 10:01:06.504476,83.80219,84.4935,85.7675
2022-01-24 10:01:07.005218,84.21434,84.64825,85.57051
2022-01-24 10:01:07.509792,84.26632,84.3895,85.57051
2022-01-24 10:01:08.007963,84.00888,84.28675,86.00312
2022-01-24 10:01:08.504244,84.00888,84.4415,86.00312
2022-01-24 10:01:09.003340,83.90492,84.4935,85.53187
2022-01-24 10:01:09.509959,84.26632,84.64825,85.53187
2022-01-24 10:01:10.007952,83.85417,84.33875,85.84572
2022-01-24 10:01:10.506975,84.1636,84.59625,85.84572
2022-01-24 10:01:11.010982,84.1636,84.4935,85.25666
2022-01-24 10:01:11.507997,84.26632,84.59625,85.25666
2022-01-24 10:01:12.006089,84.11161,84.4415,85.64968
2022-01-24 10:01:12.511023,83.85417,84.08,85.64968
2022-01-24 10:01:13.009933,83.9569,84.59625,86.3952
2022-01-24 10:01:13.506249,84.11161,84.54425,86.3952
2022-01-24 10:01:14.003731,83.7502,84.23475,85.4527
2022-01-24 10:01:14.508745,84.31831,84.85375,85.4527
2022-01-24 10:01:15.008653,83.69946,83.97725,86.00312
2022-01-24 10:01:15.504515,84.88517,85.1125,86.00312
2022-01-24 10:01:16.004527,83.59549,83.97725,85.7675
2022-01-24 10:01:16.510286,84.26632,84.54425,85.7675
2022-01-24 10:01:17.009231,83.64747,83.97725,85.29625
2022-01-24 10:01:17.505892,84.31831,85.16325,85.29625
2022-01-24 10:01:18.003642,83.59549,84.23475,86.00312
2022-01-24 10:01:18.511268,84.21434,84.28675,86.00312
2022-01-24 10:01:19.008954,84.42104,84.59625,85.72791
2022-01-24 10:01:19.504379,83.64747,84.132,85.72791
2022-01-24 10:01:20.002229,84.42104,84.803,85.64968
2022-01-24 10:01:20.507605,83.64747,84.08,85.64968
2022-01-24 10:01:21.007156,84.11161,84.59625,86.04176
2022-01-24 10:01:21.504041,83.69946,84.4415,86.04176
2022-01-24 10:01:22.010421,83.90492,84.33875,85.7675
2022-01-24 10:01:22.505163,84.1636,84.33875,85.7675
2022-01-24 10:01:23.004297,84.11161,84.4415,85.17843
2022-01-24 10:01:23.509113,84.05963,84.3895,85.17843
2022-01-24 10:01:24.009158,83.9569,84.4415,85.88531
2022-01-24 10:01:24.508456,84.31831,84.95775,85.88531
2022-01-24 10:01:25.006711,83.28607,83.8745,85.64968
2022-01-24 10:01:25.501710,84.93716,85.422,85.64968
2022-01-24 10:01:26.001523,83.33805,83.61575,85.29625
2022-01-24 10:01:26.507289,84.1636,84.699,85.29625
2022-01-24 10:01:27.007135,84.62773,84.803,85.92395
2022-01-24 10:01:27.504518,83.44078,83.8225,85.92395
2022-01-24 10:01:28.003514,84.93716,85.21525,85.17843
2022-01-24 10:01:28.510011,83.33805,83.97725,85.17843
2022-01-24 10:01:29.007860,84.52377,84.95775,86.23875
2022-01-24 10:01:29.502798,83.69946,84.132,86.23875
2022-01-24 10:01:30.001090,84.42104,84.59625,85.68833
2022-01-24 10:01:30.506556,84.00888,84.23475,85.68833
2022-01-24 10:01:31.005114,83.9569,84.64825,86.19916
2022-01-24 10:01:31.510808,84.42104,84.85375,86.19916
2022-01-24 10:01:32.010448,83.69946,84.02925,85.37447
2022-01-24 10:01:32.506203,84.42104,84.59625,85.37447
2022-01-24 10:01:33.008222,83.69946,84.4415,86.08135
2022-01-24 10:01:33.506524,84.31831,84.64825,86.08135
2022-01-24 10:01:34.006742,84.26632,84.54425,85.64968
2022-01-24 10:01:35.005145,84.31831,84.64825,86.04176
2022-01-24 10:01:35.501676,83.85417,84.59625,86.04176
2022-01-24 10:01:36.010170,84.31831,84.64825,86.31697
2022-01-24 10:01:36.504557,83.7502,84.33875,86.31697
2022-01-24 10:01:37.002404,83.90492,84.08,85.68833
2022-01-24 10:01:37.509679,84.1636,84.59625,85.68833
2022-01-24 10:01:38.010255,84.31831,84.751,85.80614
2022-01-24 10:01:38.506718,83.7502,84.184,85.80614
2022-01-24 10:01:39.005153,83.90492,84.33875,85.29625
2022-01-24 10:01:39.501817,84.1636,84.54425,85.29625
2022-01-24 10:01:40.009706,84.11161,84.699,86.00312
2022-01-24 10:01:40.505379,84.21434,84.4935,86.00312
2022-01-24 10:01:41.002986,83.69946,84.08,86.08135
2022-01-24 10:01:41.508596,84.00888,84.33875,86.08135
2022-01-24 10:01:42.007712,84.42104,85.0085,85.29625
2022-01-24 10:01:42.504756,83.64747,84.23475,85.29625
2022-01-24 10:01:43.003361,84.26632,84.699,85.84572
2022-01-24 10:01:43.507299,83.64747,83.97725,85.84572
2022-01-24 10:01:44.005198,84.36905,84.751,85.68833
2022-01-24 10:01:44.511094,84.1636,84.699,85.68833
2022-01-24 10:01:45.009446,84.05963,84.28675,85.13885
2022-01-24 10:01:45.506394,84.11161,84.33875,85.13885
2022-01-24 10:01:46.005496,83.69946,84.132,86.23875
2022-01-24 10:01:46.501250,84.21434,84.803,86.23875
2022-01-24 10:01:47.010985,83.64747,83.97725,85.96354
2022-01-24 10:01:47.507335,84.67848,84.85375,85.96354
2022-01-24 10:01:48.005773,83.28607,83.8745,85.64968
2022-01-24 10:01:48.511013,84.62773,84.751,85.64968
2022-01-24 10:01:49.010766,83.9569,84.23475,87.02385
2022-01-24 10:01:49.506568,83.80219,84.3895,87.02385
2022-01-24 10:01:50.003745,84.57575,85.1125,85.17843
2022-01-24 10:01:50.510875,83.33805,83.8745,85.17843
2022-01-24 10:01:51.010283,84.78245,85.16325,86.15958
2022-01-24 10:01:51.507287,83.39003,84.132,86.15958
2022-01-24 10:01:52.005531,84.26632,84.4935,86.23875
2022-01-24 10:01:53.004307,83.9569,84.132,85.13885
2022-01-24 10:01:53.510411,84.47302,85.1125,85.13885
2022-01-24 10:01:54.008934,83.69946,84.184,85.96354
2022-01-24 10:01:54.503578,84.52377,84.751,85.96354
2022-01-24 10:01:55.002273,83.49276,84.02925,86.19916
2022-01-24 10:01:55.509159,84.62773,84.85375,86.19916
2022-01-24 10:01:56.007120,83.7502,84.132,85.84572
2022-01-24 10:01:56.504441,84.67848,84.85375,85.84572
2022-01-24 10:01:57.002796,83.7502,84.02925,85.68833
2022-01-24 10:01:57.509920,83.85417,84.4415,85.68833
2022-01-24 10:01:58.008854,84.47302,84.95775,85.68833
2022-01-24 10:01:58.505055,83.69946,84.3895,85.68833
2022-01-24 10:01:59.003952,84.05963,84.28675,86.04176
2022-01-24 10:01:59.510403,83.64747,84.184,86.04176
2022-01-24 10:02:00.007149,84.00888,84.4415,86.27739
2022-01-24 10:02:00.505962,84.42104,84.85375,86.27739
2022-01-24 10:02:01.005359,84.21434,84.64825,86.12093
2022-01-24 10:02:01.510530,83.64747,83.7705,86.12093
2022-01-24 10:02:02.009120,84.31831,84.699,86.00312
2022-01-24 10:02:02.502869,84.00888,84.4415,86.00312
2022-01-24 10:02:03.010275,83.64747,84.28675,86.19916
2022-01-24 10:02:03.505098,84.52377,84.59625,86.19916
2022-01-24 10:02:04.004394,83.80219,84.184,85.6101
2022-01-24 10:02:04.501137,84.47302,85.0605,85.6101
2022-01-24 10:02:05.009790,83.7502,84.23475,86.19916
2022-01-24 10:02:05.505954,83.85417,84.23475,86.19916
2022-01-24 10:02:06.004544,84.1636,84.4415,85.96354
2022-01-24 10:02:06.509680,83.7502,84.54425,85.96354
2022-01-24 10:02:07.010250,84.11161,84.3895,85.25666
2022-01-24 10:02:07.506775,84.00888,84.23475,85.25666
2022-01-24 10:02:08.004102,83.85417,84.3895,86.19916
2022-01-24 10:02:08.501770,84.1636,84.64825,86.19916
2022-01-24 10:02:09.010008,84.11161,84.4935,85.84572
2022-01-24 10:02:09.508428,84.05963,84.4415,85.84572
2022-01-24 10:02:10.010970,83.85417,84.4935,85.25666
2022-01-24 10:02:10.507739,84.11161,84.54425,85.25666
2022-01-24 10:02:11.004687,84.05963,84.59625,85.53187
2022-01-24 10:02:11.509939,84.00888,84.4415,85.53187
2022-01-24 10:02:12.008607,84.42104,84.64825,86.23875
2022-01-24 10:02:12.504006,83.23532,83.7705,86.23875
2022-01-24 10:02:13.003627,84.52377,84.751,84.825
2022-01-24 10:02:13.509203,83.90492,84.4935,84.825
2022-01-24 10:02:14.009634,84.21434,84.33875,86.15958
2022-01-24 10:02:14.505659,84.05963,84.699,86.15958
2022-01-24 10:02:15.004373,83.90492,84.33875,85.64968
2022-01-24 10:02:15.504438,84.52377,84.751,85.64968
2022-01-24 10:02:16.004680,83.80219,84.28675,85.53187
2022-01-24 10:02:16.510974,84.00888,84.4415,85.53187
2022-01-24 10:02:17.010834,84.00888,84.4415,86.00312
2022-01-24 10:02:17.506863,84.26632,84.4935,86.00312
2022-01-24 10:02:18.005548,83.7502,84.3895,85.53187
2022-01-24 10:02:18.502555,84.21434,84.59625,85.53187
2022-01-24 10:02:19.505081,83.7502,84.33875,85.53187
2022-01-24 10:02:20.003562,84.1636,84.4935,86.59218
2022-01-24 10:02:20.501388,83.85417,84.3895,86.59218
2022-01-24 10:02:21.010596,84.88517,84.90575,84.90322
2022-01-24 10:02:21.506231,83.44078,84.184,84.90322
2022-01-24 10:02:22.004338,84.00888,84.23475,85.53187
2022-01-24 10:02:22.511040,84.11161,84.4935,85.53187
2022-01-24 10:02:23.009178,84.26632,84.803,85.6101
2022-01-24 10:02:23.507322,83.59549,84.02925,85.6101
2022-01-24 10:02:24.007623,84.05963,84.751,85.29625
2022-01-24 10:02:24.503320,83.9569,83.97725,85.29625
2022-01-24 10:02:25.010715,84.05963,84.64825,85.49229
2022-01-24 10:02:25.506875,84.31831,84.54425,85.49229
2022-01-24 10:02:26.005321,83.80219,84.28675,85.92395
2022-01-24 10:02:26.510117,84.31831,84.699,85.92395
2022-01-24 10:02:27.008405,83.7502,84.23475,85.41406
2022-01-24 10:02:27.509476,83.80219,84.4935,85.41406
2022-01-24 10:02:28.009178,84.00888,84.184,86.3952
2022-01-24 10:02:28.505127,84.05963,84.751,86.3952
2022-01-24 10:02:29.003836,84.1636,84.4935,85.96354
2022-01-24 10:02:29.510902,83.9569,84.54425,85.96354
2022-01-24 10:02:30.008407,84.1636,84.4935,86.35656
2022-01-24 10:02:30.503209,83.90492,84.132,86.35656
2022-01-24 10:02:31.003067,83.7502,84.4935,85.84572
2022-01-24 10:02:31.509021,84.11161,84.4415,85.84572
2022-01-24 10:02:32.006758,84.05963,84.33875,85.64968
2022-01-24 10:02:32.502854,83.9569,84.4415,85.64968
2022-01-24 10:02:33.002228,83.9569,84.85375,86.27739
2022-01-24 10:02:33.509091,83.7502,83.97725,86.27739
2022-01-24 10:02:34.007662,84.78245,84.85375,86.00312
2022-01-24 10:02:34.503530,83.59549,84.132,86.00312
2022-01-24 10:02:35.002581,84.36905,84.751,86.00312
2022-01-24 10:02:35.508644,83.85417,84.64825,86.00312
2022-01-24 10:02:36.008554,83.7502,84.02925,86.04176
2022-01-24 10:02:36.502843,84.00888,84.59625,86.04176
2022-01-24 10:02:37.003346,83.49276,83.71975,85.68833
2022-01-24 10:02:37.510895,84.9879,85.1125,85.68833
2022-01-24 10:02:38.009351,83.49276,83.71975,239.70885
2022-01-24 10:02:38.503590,83.7502,83.92525,239.70885
2022-01-24 10:02:39.001395,84.36905,84.751,218.46301
2022-01-24 10:02:39.506682,83.90492,84.132,218.46301
2022-01-24 10:02:40.004010,84.00888,84.699,167.6076
2022-01-24 10:02:40.509394,83.44078,83.71975,167.6076
2022-01-24 10:02:41.006902,84.11161,84.33875,96.37062
2022-01-24 10:02:41.503776,84.36905,84.4935,96.37062
2022-01-24 10:02:42.003580,84.21434,84.54425,90.67604
2022-01-24 10:02:42.502047,83.69946,84.08,90.67604
2022-01-24 10:02:43.002954,84.00888,84.132,93.46395
2022-01-24 10:02:43.509565,84.00888,84.699,93.46395
2022-01-24 10:02:44.007472,84.05963,84.3895,88.51583
2022-01-24 10:02:44.505060,84.31831,84.90575,88.51583
2022-01-24 10:02:45.003750,83.80219,84.02925,86.23875
2022-01-24 10:02:45.510117,84.52377,84.54425,86.23875
2022-01-24 10:02:46.010361,84.00888,84.699,85.88531
2022-01-24 10:02:46.505039,83.90492,84.33875,85.88531
2022-01-24 10:02:47.002928,84.00888,84.59625,86.71
2022-01-24 10:02:47.508590,84.21434,84.59625,86.71
2022-01-24 10:02:48.006774,83.33805,84.132,86.31697
2022-01-24 10:02:48.503970,84.36905,84.699,86.31697
2022-01-24 10:02:49.003137,84.26632,84.64825,85.53187
2022-01-24 10:02:49.509716,83.90492,84.4935,85.53187
2022-01-24 10:02:50.009862,84.42104,84.699,86.3952
2022-01-24 10:02:50.506395,83.80219,84.28675,86.3952
2022-01-24 10:02:51.005074,84.31831,84.699,85.68833
2022-01-24 10:02:51.501032,83.54475,84.4415,85.68833
2022-01-24 10:02:52.009319,84.36905,84.59625,86.15958
2022-01-24 10:02:52.503922,83.9569,84.184,86.15958
2022-01-24 10:02:53.003721,84.11161,84.85375,85.72791
2022-01-24 10:02:53.510947,83.80219,84.08,85.72791
2022-01-24 10:02:54.009998,83.90492,84.4935,85.49229
2022-01-24 10:02:54.506983,84.31831,84.3895,85.49229
2022-01-24 10:02:55.004638,83.85417,84.4415,85.68833
2022-01-24 10:02:55.509519,84.26632,84.699,85.68833
2022-01-24 10:02:56.007568,84.05963,84.3895,85.88531
2022-01-24 10:02:56.502959,83.9569,84.23475,85.88531
2022-01-24 10:02:57.009429,84.1636,84.184,85.25666
2022-01-24 10:02:57.505852,83.9569,84.54425,85.25666
2022-01-24 10:02:58.004604,84.26632,84.699,85.41406
2022-01-24 10:02:58.510435,83.7502,84.4415,85.41406
2022-01-24 10:02:59.009402,84.31831,84.4935,85.57051
2022-01-24 10:02:59.503743,84.05963,84.59625,85.57051
2022-01-24 10:03:00.002279,83.85417,84.3895,85.96354
2022-01-24 10:03:00.506377,84.31831,84.54425,85.96354
2022-01-24 10:03:01.005033,83.64747,84.08,86.94562
2022-01-24 10:03:01.510481,84.26632,84.64825,86.94562
2022-01-24 10:03:02.009949,84.00888,84.751,86.43479
2022-01-24 10:03:02.504642,84.21434,84.59625,86.43479
2022-01-24 10:03:03.006935,83.9569,84.4935,85.84572
2022-01-24 10:03:03.503022,83.7502,84.02925,85.84572
2022-01-24 10:03:04.002461,84.62773,85.0605,85.88531
2022-01-24 10:03:04.505367,83.59549,84.28675,85.88531
2022-01-24 10:03:05.005277,84.42104,84.64825,85.53187
2022-01-24 10:03:05.501120,84.00888,84.64825,85.53187
2022-01-24 10:03:06.505402,83.9569,84.64825,85.33489
2022-01-24 10:03:07.005069,84.1636,84.184,86.23875
2022-01-24 10:03:07.510364,84.1636,84.132,86.23875
2022-01-24 10:03:08.011041,83.7502,84.23475,85.84572
2022-01-24 10:03:08.506717,84.1636,84.59625,85.84572
2022-01-24 10:03:09.005699,83.80219,84.3895,85.68833
2022-01-24 10:03:09.501131,84.42104,84.90575,85.68833
2022-01-24 10:03:10.010120,83.69946,84.184,85.80614
2022-01-24 10:03:10.507435,84.57575,84.85375,85.80614
2022-01-24 10:03:11.001488,83.80219,84.02925,86.15958
2022-01-24 10:03:11.506411,84.31831,84.64825,86.15958
2022-01-24 10:03:12.006219,84.21434,84.28675,85.72791
2022-01-24 10:03:12.503783,83.7502,84.4415,85.72791
2022-01-24 10:03:13.002760,84.21434,84.699,85.68833
2022-01-24 10:03:13.502685,83.59549,84.184,85.68833
2022-01-24 10:03:14.010957,84.1636,84.64825,85.6101
2022-01-24 10:03:14.506229,83.85417,84.28675,85.6101
2022-01-24 10:03:15.008113,84.42104,84.803,85.68833
2022-01-24 10:03:15.504717,84.26632,84.4415,85.68833
2022-01-24 10:03:16.003745,83.59549,84.28675,86.15958
2022-01-24 10:03:16.511239,84.47302,84.64825,86.15958
2022-01-24 10:03:17.002017,83.59549,84.08,85.13885
2022-01-24 10:03:17.509166,84.31831,84.751,85.13885
2022-01-24 10:03:18.009059,83.44078,83.97725,85.64968
2022-01-24 10:03:18.505997,84.67848,85.21525,85.64968
2022-01-24 10:03:19.004775,84.00888,84.02925,85.92395
2022-01-24 10:03:19.502756,84.21434,84.751,85.92395
2022-01-24 10:03:20.004094,83.9569,84.33875,85.64968
2022-01-24 10:03:20.509111,84.00888,84.64825,85.64968
2022-01-24 10:03:21.007570,84.31831,84.4935,86.3952
2022-01-24 10:03:21.505148,83.23532,83.8745,86.3952
2022-01-24 10:03:22.003428,84.26632,84.4935,85.41406
2022-01-24 10:03:22.510273,84.42104,84.751,85.41406
2022-01-24 10:03:23.008779,84.05963,84.4935,85.72791
2022-01-24 10:03:23.504846,84.05963,84.4415,85.72791
2022-01-24 10:03:24.003397,83.80219,84.54425,86.31697
2022-01-24 10:03:24.509671,84.1636,84.4935,86.31697
2022-01-24 10:03:25.007717,84.00888,84.699,85.57051
2022-01-24 10:03:25.504779,83.85417,84.23475,85.57051
2022-01-24 10:03:26.004470,84.21434,84.4415,85.84572
2022-01-24 10:03:26.511193,84.00888,84.64825,85.84572
2022-01-24 10:03:27.010686,84.31831,84.54425,86.08135
2022-01-24 10:03:27.506063,84.00888,84.4415,86.08135
2022-01-24 10:03:28.004398,84.1636,84.3895,86.04176
2022-01-24 10:03:28.510368,83.85417,84.54425,86.04176
2022-01-24 10:03:29.001098,84.05963,84.33875,86.12093
2022-01-24 10:03:29.505752,83.7502,84.184,86.12093
2022-01-24 10:03:30.005256,84.36905,84.803,85.06062
2022-01-24 10:03:30.510341,84.00888,84.33875,85.06062
2022-01-24 10:03:31.009759,84.11161,84.803,85.7675
2022-01-24 10:03:31.506159,84.00888,84.23475,85.7675
2022-01-24 10:03:32.005084,83.80219,84.184,85.7675
2022-01-24 10:03:32.501760,84.21434,84.64825,85.7675
2022-01-24 10:03:33.009085,83.54475,84.08,85.6101
2022-01-24 10:03:33.505857,84.26632,84.64825,85.6101
2022-01-24 10:03:34.005105,84.31831,84.59625,85.09926
2022-01-24 10:03:34.509437,83.85417,84.4935,85.09926
2022-01-24 10:03:35.007321,84.67848,85.1125,85.64968
2022-01-24 10:03:35.504211,83.54475,84.132,85.64968
2022-01-24 10:03:36.001504,84.73046,85.0085,85.25666
2022-01-24 10:03:36.507945,83.7502,84.184,85.25666
2022-01-24 10:03:37.006492,84.11161,84.4935,86.31697
2022-01-24 10:03:37.501842,83.9569,84.184,86.31697
2022-01-24 10:03:38.010751,84.1636,84.803,85.80614
2022-01-24 10:03:38.506298,84.05963,84.28675,85.80614
2022-01-24 10:03:39.005293,84.11161,84.64825,85.64968
2022-01-24 10:03:39.501135,84.47302,84.803,85.64968
2022-01-24 10:03:40.004018,83.39003,83.92525,85.84572
2022-01-24 10:03:40.509164,84.52377,84.90575,85.84572
2022-01-24 10:03:41.007484,84.11161,83.92525,86.35656
2022-01-24 10:03:41.503832,84.26632,84.90575,86.35656
2022-01-24 10:03:42.002750,83.90492,84.3895,85.13885
2022-01-24 10:03:42.509640,83.59549,84.08,85.13885
2022-01-24 10:03:43.008263,84.62773,84.85375,85.68833
2022-01-24 10:03:43.503464,83.7502,84.4415,85.68833
2022-01-24 10:03:44.010744,84.11161,84.4415,85.92395
2022-01-24 10:03:44.508243,83.64747,84.28675,85.92395
2022-01-24 10:03:45.007004,84.1636,84.59625,85.33489
2022-01-24 10:03:45.502884,84.11161,84.33875,85.33489
2022-01-24 10:03:46.001135,83.85417,84.59625,87.10208
2022-01-24 10:03:46.506897,83.69946,84.02925,87.10208
2022-01-24 10:03:47.004959,84.26632,84.59625,85.96354
2022-01-24 10:03:47.509286,84.11161,84.28675,85.96354
2022-01-24 10:03:48.007347,83.59549,84.132,86.15958
2022-01-24 10:03:48.501271,84.73046,85.1125,86.15958
2022-01-24 10:03:49.010267,83.85417,84.132,86.23875
2022-01-24 10:03:49.504385,84.26632,84.803,86.23875
2022-01-24 10:03:50.002960,83.9569,84.33875,85.68833
2022-01-24 10:03:50.509469,84.11161,84.64825,85.68833
2022-01-24 10:03:51.008067,83.9569,84.33875,86.08135
2022-01-24 10:03:51.501947,83.69946,84.23475,86.08135
2022-01-24 10:03:52.011425,84.1636,84.4415,85.29625
2022-01-24 10:03:52.507467,84.42104,84.64825,85.29625
2022-01-24 10:03:53.006104,84.31831,84.803,85.49229
2022-01-24 10:03:53.504854,83.59549,83.97725,85.49229
2022-01-24 10:03:54.003173,84.05963,84.64825,85.53187
2022-01-24 10:03:54.510372,84.36905,84.803,85.53187
2022-01-24 10:03:55.008585,83.59549,84.28675,85.92395
2022-01-24 10:03:55.504434,84.31831,84.90575,85.92395
2022-01-24 10:03:56.002082,83.85417,84.132,85.25666
2022-01-24 10:03:56.508169,84.1636,84.4415,85.25666
2022-01-24 10:03:57.006761,84.21434,84.4935,86.71
2022-01-24 10:03:57.504187,83.54475,84.132,86.71
2022-01-24 10:03:58.003392,84.47302,84.85375,85.41406
2022-01-24 10:03:58.508401,83.7502,84.184,85.41406
2022-01-24 10:03:59.006659,84.26632,84.59625,86.19916
2022-01-24 10:03:59.502010,84.31831,84.85375,86.19916
2022-01-24 10:04:00.001863,83.7502,84.28675,85.80614
2022-01-24 10:04:00.507607,84.26632,84.3895,85.80614
2022-01-24 10:04:01.006604,83.85417,84.23475,85.68833
2022-01-24 10:04:01.505162,84.21434,84.803,85.68833
2022-01-24 10:04:02.005181,83.64747,84.28675,85.72791
2022-01-24 10:04:02.511120,83.9569,84.3895,85.72791
2022-01-24 10:04:03.010603,83.69946,84.08,85.64968
2022-01-24 10:04:03.510402,84.47302,85.0085,85.64968
2022-01-24 10:04:04.008528,84.1636,84.33875,85.92395
2022-01-24 10:04:04.506692,83.7502,84.4415,85.92395
2022-01-24 10:04:05.004285,84.26632,84.59625,86.94562
2022-01-24 10:04:05.501261,83.90492,84.184,86.94562
2022-01-24 10:04:06.009095,84.42104,84.95775,85.6101
2022-01-24 10:04:06.505094,83.33805,84.28675,85.6101
2022-01-24 10:04:07.002731,84.31831,84.54425,85.72791
2022-01-24 10:04:07.509187,84.05963,84.23475,85.72791
2022-01-24 10:04:08.008393,84.26632,84.699,85.41406
2022-01-24 10:04:08.504970,83.85417,84.33875,85.41406
2022-01-24 10:04:09.011076,84.21434,84.54425,85.6101
2022-01-24 10:04:09.505457,84.05963,84.3895,85.6101
2022-01-24 10:04:10.003484,83.90492,84.54425,85.29625
2022-01-24 10:04:10.501278,84.31831,84.85375,85.29625
2022-01-24 10:04:11.006829,83.69946,83.8745,85.88531
2022-01-24 10:04:11.505305,84.47302,84.803,85.88531
2022-01-24 10:04:12.003269,83.59549,83.97725,85.84572
2022-01-24 10:04:12.510751,84.00888,84.4935,85.84572
2022-01-24 10:04:13.010500,84.1636,84.54425,85.57051
2022-01-24 10:04:13.506553,83.54475,84.132,85.57051
2022-01-24 10:04:14.006422,84.42104,84.85375,85.7675
2022-01-24 10:04:14.503349,84.00888,84.33875,85.7675
2022-01-24 10:04:15.002360,84.36905,84.699,85.80614
2022-01-24 10:04:15.507849,83.64747,84.08,85.80614
2022-01-24 10:04:16.005081,84.11161,84.4415,86.08135
2022-01-24 10:04:16.509742,83.90492,84.132,86.08135
2022-01-24 10:04:17.008341,84.1636,84.59625,85.53187
2022-01-24 10:04:17.503981,84.00888,84.59625,85.53187
2022-01-24 10:04:18.002803,83.85417,84.3895,85.06062
2022-01-24 10:04:18.509215,84.05963,84.33875,85.06062
2022-01-24 10:04:19.008281,84.11161,84.28675,85.92395
2022-01-24 10:04:19.503315,83.90492,84.4415,85.92395
2022-01-24 10:04:20.010413,84.36905,84.90575,85.64968
2022-01-24 10:04:20.507264,83.80219,84.23475,85.64968
2022-01-24 10:04:21.005750,83.9569,84.3895,85.21708
2022-01-24 10:04:21.509691,83.90492,84.54425,85.21708
2022-01-24 10:04:22.008540,83.90492,84.33875,85.57051
2022-01-24 10:04:22.505028,84.67848,84.90575,85.57051
2022-01-24 10:04:23.002260,83.33805,83.71975,86.82781
2022-01-24 10:04:23.501275,84.52377,84.751,86.82781
2022-01-24 10:04:24.010038,84.00888,84.4935,85.06062
2022-01-24 10:04:24.505056,83.90492,84.33875,85.06062
2022-01-24 10:04:25.003313,84.1636,84.751,85.7675
2022-01-24 10:04:25.510046,83.85417,84.132,85.7675
2022-01-24 10:04:26.007938,84.47302,84.751,85.02104
2022-01-24 10:04:26.505091,83.9569,84.4935,85.02104
2022-01-24 10:04:27.004287,84.11161,84.59625,86.63083
2022-01-24 10:04:27.501528,83.7502,83.97725,86.63083
2022-01-24 10:04:28.009952,84.21434,84.751,86.19916
2022-01-24 10:04:28.506136,83.64747,84.23475,86.19916
2022-01-24 10:04:29.004024,83.90492,84.28675,85.64968
2022-01-24 10:04:29.509524,84.26632,84.59625,85.64968
2022-01-24 10:04:30.007344,84.00888,84.3895,85.72791
2022-01-24 10:04:30.502756,84.31831,84.64825,85.72791
2022-01-24 10:04:31.011024,83.7502,84.3895,85.88531
2022-01-24 10:04:31.507017,83.90492,84.28675,85.88531
2022-01-24 10:04:32.008257,83.90492,84.4415,85.68833
2022-01-24 10:04:32.506528,84.21434,84.64825,85.68833
2022-01-24 10:04:33.004694,83.49276,84.08,85.88531
2022-01-24 10:04:33.510458,84.57575,84.803,85.88531
2022-01-24 10:04:34.008442,84.21434,84.33875,86.08135
2022-01-24 10:04:34.503216,83.90492,84.3895,86.08135
2022-01-24 10:04:35.011267,84.21434,84.699,85.96354
2022-01-24 10:04:35.506389,83.23532,83.8745,85.96354
2022-01-24 10:04:36.004671,85.03989,85.318,85.21708
2022-01-24 10:04:36.510331,83.23532,83.8745,85.21708
2022-01-24 10:04:37.010546,84.57575,84.803,85.57051
2022-01-24 10:04:37.504400,84.21434,84.28675,85.57051
2022-01-24 10:04:38.001521,83.90492,84.33875,85.84572
2022-01-24 10:04:38.507686,84.26632,84.751,85.84572
2022-01-24 10:04:39.005360,84.05963,84.59625,85.92395
2022-01-24 10:04:39.501979,83.85417,84.4415,85.92395
2022-01-24 10:04:40.010620,83.59549,84.23475,85.02104
2022-01-24 10:04:40.506297,84.05963,84.4415,85.02104
2022-01-24 10:04:41.005769,84.42104,84.59625,86.12093
2022-01-24 10:04:41.501171,83.85417,84.132,86.12093
2022-01-24 10:04:42.010217,84.26632,84.54425,85.84572
2022-01-24 10:04:42.505342,83.64747,84.132,85.84572
2022-01-24 10:04:43.002944,84.31831,84.95775,85.25666
2022-01-24 10:04:43.509271,83.59549,84.23475,85.25666
2022-01-24 10:04:44.007432,83.9569,84.23475,86.35656
2022-01-24 10:04:44.502579,84.26632,84.59625,86.35656
2022-01-24 10:04:45.001081,84.11161,84.33875,86.00312
2022-01-24 10:04:45.508057,84.42104,84.751,86.00312
2022-01-24 10:04:46.006629,83.69946,83.92525,85.21708
2022-01-24 10:04:46.502375,84.05963,84.59625,85.21708
2022-01-24 10:04:47.009967,84.1636,84.54425,85.41406
2022-01-24 10:04:47.506551,83.44078,83.8745,85.41406
2022-01-24 10:04:48.003839,84.42104,85.1125,85.68833
2022-01-24 10:04:48.508398,83.90492,84.02925,85.68833
2022-01-24 10:04:49.007526,84.57575,84.85375,86.90604
2022-01-24 10:04:49.502424,83.64747,84.02925,86.90604
2022-01-24 10:04:50.001749,84.36905,84.803,86.78822
2022-01-24 10:04:50.509491,83.85417,84.28675,86.78822
2022-01-24 10:04:51.007584,84.05963,84.4935,86.08135
2022-01-24 10:04:51.504630,83.7502,84.4415,86.08135
2022-01-24 10:04:52.003604,84.00888,84.184,85.41406
2022-01-24 10:04:52.510183,84.47302,84.803,85.41406
2022-01-24 10:04:53.008482,83.59549,84.184,86.35656
2022-01-24 10:04:53.504067,84.11161,84.64825,86.35656
2022-01-24 10:04:54.002873,83.7502,84.184,85.53187
2022-01-24 10:04:54.510875,84.88517,84.95775,85.53187
2022-01-24 10:04:55.009882,83.28607,83.92525,85.33489
2022-01-24 10:04:55.505967,84.1636,84.54425,85.33489
2022-01-24 10:04:56.003834,84.00888,84.28675,85.57051
2022-01-24 10:04:56.503029,84.21434,84.3895,85.57051
2022-01-24 10:04:57.004053,84.26632,84.85375,85.41406
2022-01-24 10:04:57.510714,83.44078,84.08,85.41406
2022-01-24 10:04:58.008339,84.52377,84.803,85.68833
2022-01-24 10:04:58.503294,83.69946,84.132,85.68833
2022-01-24 10:04:59.004715,84.62773,85.0605,85.68833
2022-01-24 10:04:59.510697,83.44078,83.8225,85.68833
2022-01-24 10:05:00.009862,83.54475,83.71975,87.3377
2022-01-24 10:05:00.508249,84.73046,84.90575,87.3377
2022-01-24 10:05:01.007369,83.44078,83.92525,237.86343
2022-01-24 10:05:01.501309,84.9879,85.26725,237.86343
2022-01-24 10:05:02.009561,82.97664,83.2555,215.6751
2022-01-24 10:05:02.506778,84.42104,84.64825,215.6751
2022-01-24 10:05:03.006273,84.1636,84.54425,128.10083
2022-01-24 10:05:03.502857,84.31831,84.751,128.10083
2022-01-24 10:05:04.001439,83.7502,83.92525,95.70239
2022-01-24 10:05:04.506692,83.59549,83.92525,95.70239
2022-01-24 10:05:05.005647,84.31831,84.59625,92.2076
2022-01-24 10:05:05.501734,84.05963,84.23475,92.2076
2022-01-24 10:05:06.010065,84.42104,84.54425,88.63364
2022-01-24 10:05:06.504993,83.28607,83.92525,88.63364
2022-01-24 10:05:07.004507,84.83319,84.90575,86.47437
2022-01-24 10:05:07.501179,84.31831,84.59625,86.47437
2022-01-24 10:05:08.008978,83.59549,84.33875,86.00312
2022-01-24 10:05:08.505172,84.31831,84.85375,86.00312
2022-01-24 10:05:09.002795,83.54475,84.08,87.06343
2022-01-24 10:05:09.508213,84.1636,84.54425,87.06343
2022-01-24 10:05:10.007683,84.21434,84.90575,85.7675
2022-01-24 10:05:10.502593,83.85417,84.28675,85.7675
2022-01-24 10:05:11.008474,84.31831,84.54425,86.43479
2022-01-24 10:05:11.504693,84.21434,84.59625,86.43479
2022-01-24 10:05:12.003231,83.80219,84.184,86.82781
2022-01-24 10:05:12.508039,84.26632,84.90575,86.82781
2022-01-24 10:05:13.005837,83.80219,84.132,86.31697
2022-01-24 10:05:13.501513,83.90492,84.751,86.31697
2022-01-24 10:05:14.009420,84.26632,84.54425,85.29625
2022-01-24 10:05:14.504767,84.31831,84.699,85.29625
2022-01-24 10:05:15.003249,84.11161,84.4415,85.33489
2022-01-24 10:05:15.509277,84.1636,84.54425,85.33489
2022-01-24 10:05:16.008431,83.80219,84.33875,85.92395
2022-01-24 10:05:16.505795,84.47302,84.803,85.92395
2022-01-24 10:05:17.004354,83.7502,84.3895,85.7675
2022-01-24 10:05:17.510427,84.1636,84.4935,85.7675
2022-01-24 10:05:18.008284,83.80219,84.4415,85.72791
2022-01-24 10:05:18.506047,84.00888,84.33875,85.72791
2022-01-24 10:05:19.004821,84.57575,84.751,85.68833
2022-01-24 10:05:19.509840,83.9569,84.4415,85.68833
2022-01-24 10:05:20.008901,83.85417,84.33875,86.23875
2022-01-24 10:05:20.505079,83.80219,84.28675,86.23875
2022-01-24 10:05:21.003918,84.36905,84.33875,85.25666
2022-01-24 10:05:21.510161,83.7502,84.4415,85.25666
2022-01-24 10:05:22.005622,84.31831,84.751,85.72791
2022-01-24 10:05:22.502238,83.90492,84.184,85.72791
2022-01-24 10:05:23.008228,84.00888,84.54425,85.7675
2022-01-24 10:05:23.505322,84.73046,84.95775,85.7675
2022-01-24 10:05:24.007805,83.7502,84.4935,85.64968
2022-01-24 10:05:24.504757,83.90492,84.28675,85.64968
2022-01-24 10:05:25.003876,83.39003,84.02925,85.4527
2022-01-24 10:05:25.510224,84.57575,84.699,85.4527
2022-01-24 10:05:26.009465,84.1636,84.4935,85.7675
2022-01-24 10:05:26.508783,83.69946,84.184,85.7675
2022-01-24 10:05:27.009454,84.26632,84.54425,85.68833
2022-01-24 10:05:27.504800,84.1636,84.4935,85.68833
2022-01-24 10:05:28.002839,84.83319,85.16325,85.84572
2022-01-24 10:05:28.501792,83.18334,83.92525,85.84572
2022-01-24 10:05:29.011027,84.36905,84.751,85.96354
2022-01-24 10:05:29.509079,83.85417,84.33875,85.96354
2022-01-24 10:05:30.006864,84.57575,84.95775,85.4527
2022-01-24 10:05:30.502030,83.85417,84.23475,85.4527
2022-01-24 10:05:31.010548,83.7502,84.33875,86.00312
2022-01-24 10:05:31.505318,84.31831,84.28675,86.00312
2022-01-24 10:05:32.004357,84.05963,84.4415,85.68833
2022-01-24 10:05:32.509755,83.85417,84.3895,85.68833
2022-01-24 10:05:33.008793,84.00888,84.699,85.88531
2022-01-24 10:05:33.508061,83.85417,84.23475,85.88531
2022-01-24 10:05:34.007217,83.90492,84.184,85.96354
2022-01-24 10:05:34.502780,84.62773,85.1125,85.96354
2022-01-24 10:05:35.010890,83.90492,84.08,86.59218
2022-01-24 10:05:35.504158,84.31831,84.751,86.59218
2022-01-24 10:05:36.002292,83.90492,84.08,85.4527
2022-01-24 10:05:36.507863,83.80219,84.64825,85.4527
2022-01-24 10:05:37.007524,84.05963,84.33875,86.43479
2022-01-24 10:05:37.502591,83.90492,84.23475,86.43479
2022-01-24 10:05:38.011111,84.00888,84.4935,85.72791
2022-01-24 10:05:38.507051,84.00888,84.28675,85.72791
2022-01-24 10:05:39.007733,84.1636,84.751,86.04176
2022-01-24 10:05:39.503182,84.11161,84.28675,86.04176
2022-01-24 10:05:40.001400,83.9569,84.803,86.23875
2022-01-24 10:05:40.507828,84.11161,84.4415,86.23875
2022-01-24 10:05:41.006358,84.11161,84.3895,86.08135
2022-01-24 10:05:41.501922,83.69946,84.08,86.08135
2022-01-24 10:05:42.010341,83.90492,84.33875,85.88531
2022-01-24 10:05:42.510310,84.31831,84.751,85.88531
2022-01-24 10:05:43.010118,83.85417,84.184,86.04176
2022-01-24 10:05:43.507066,84.1636,84.90575,86.04176
2022-01-24 10:05:44.007674,84.31831,84.699,85.29625
2022-01-24 10:05:44.503310,84.1636,84.59625,85.29625
2022-01-24 10:05:45.002223,83.69946,83.97725,85.68833
2022-01-24 10:05:45.508008,84.36905,84.3895,85.68833
2022-01-24 10:05:46.005516,83.69946,84.23475,85.64968
2022-01-24 10:05:46.510692,84.26632,84.64825,85.64968
2022-01-24 10:05:47.010354,83.64747,84.33875,85.96354
2022-01-24 10:05:47.505984,84.21434,84.54425,85.96354
2022-01-24 10:05:48.004327,84.1636,84.64825,85.96354
2022-01-24 10:05:48.510531,83.9569,84.3895,85.96354
2022-01-24 10:05:49.008873,84.05963,84.28675,86.15958
2022-01-24 10:05:49.505156,83.7502,84.33875,86.15958
2022-01-24 10:05:50.003429,84.36905,84.64825,86.00312
2022-01-24 10:05:50.509443,83.59549,84.184,86.00312
2022-01-24 10:05:51.008335,84.05963,84.64825,86.08135
2022-01-24 10:05:51.506109,84.00888,84.64825,86.08135
2022-01-24 10:05:52.003729,84.1636,84.184,86.35656
2022-01-24 10:05:52.509685,84.57575,84.85375,86.35656
2022-01-24 10:05:53.007472,83.59549,84.23475,86.00312
2022-01-24 10:05:53.503457,84.05963,84.184,86.00312
2022-01-24 10:05:54.002560,83.85417,84.64825,85.21708
2022-01-24 10:05:54.508554,84.1636,84.699,85.21708
2022-01-24 10:05:55.006824,83.64747,84.4415,85.6101
2022-01-24 10:05:55.502767,84.00888,84.4935,85.6101
2022-01-24 10:05:56.001742,84.21434,84.23475,86.04176
2022-01-24 10:05:56.510361,84.57575,84.95775,86.04176
2022-01-24 10:05:57.009335,83.64747,83.97725,86.35656
2022-01-24 10:05:57.505332,83.9569,84.4935,86.35656
2022-01-24 10:05:58.004652,83.9569,84.184,85.09926
2022-01-24 10:05:58.509413,83.9569,84.803,85.09926
2022-01-24 10:05:59.007696,84.42104,84.751,86.31697
2022-01-24 10:05:59.504118,84.11161,84.33875,86.31697
2022-01-24 10:06:00.002828,84.21434,84.59625,85.4527
2022-01-24 10:06:00.501670,84.00888,84.23475,85.4527
2022-01-24 10:06:01.002294,84.21434,84.90575,85.64968
2022-01-24 10:06:01.508883,83.49276,83.71975,85.64968
2022-01-24 10:06:02.007505,83.9569,84.64825,86.08135
2022-01-24 10:06:02.502611,84.05963,84.3895,86.08135
2022-01-24 10:06:03.010668,84.05963,84.4935,85.57051
2022-01-24 10:06:03.506768,84.31831,84.64825,85.57051
2022-01-24 10:06:04.004663,83.85417,84.02925,85.64968
2022-01-24 10:06:04.501938,84.11161,84.59625,85.64968
2022-01-24 10:06:05.010243,84.26632,84.803,86.12093
2022-01-24 10:06:05.506161,84.1636,84.54425,86.12093
2022-01-24 10:06:06.004168,83.54475,83.8225,85.84572
2022-01-24 10:06:06.509100,83.85417,84.3895,85.84572
2022-01-24 10:06:07.007155,84.21434,84.4935,85.53187
2022-01-24 10:06:07.501371,84.47302,84.64825,85.53187
2022-01-24 10:06:08.001218,83.7502,84.23475,86.27739
2022-01-24 10:06:08.507896,84.00888,84.4415,86.27739
2022-01-24 10:06:09.009710,84.1636,84.85375,85.80614
2022-01-24 10:06:09.506279,83.9569,84.33875,85.80614
2022-01-24 10:06:10.004639,84.21434,84.85375,86.08135
2022-01-24 10:06:10.510193,83.49276,83.8225,86.08135
2022-01-24 10:06:11.005409,84.73046,84.85375,86.19916
2022-01-24 10:06:11.504136,83.80219,84.08,86.19916
2022-01-24 10:06:12.003034,84.52377,84.803,86.43479
2022-01-24 10:06:12.510427,83.7502,84.33875,86.43479
2022-01-24 10:06:13.009143,84.31831,84.699,86.12093
2022-01-24 10:06:13.506054,83.69946,84.33875,86.12093
2022-01-24 10:06:14.004623,84.05963,84.4935,85.96354
2022-01-24 10:06:14.501164,84.57575,84.751,85.96354
2022-01-24 10:06:15.010918,83.80219,84.23475,86.74864
2022-01-24 10:06:15.508082,84.05963,84.184,86.74864
2022-01-24 10:06:16.007029,84.05963,84.699,85.64968
2022-01-24 10:06:16.503176,84.21434,84.4935,85.64968
2022-01-24 10:06:17.001833,84.00888,84.751,85.92395
2022-01-24 10:06:17.506781,83.9569,84.23475,85.92395
2022-01-24 10:06:18.006735,83.7502,84.23475,85.68833
2022-01-24 10:06:18.504224,84.42104,84.90575,85.68833
2022-01-24 10:06:19.003816,84.26632,84.4935,85.64968
2022-01-24 10:06:19.508751,83.59549,84.33875,85.64968
2022-01-24 10:06:20.006613,84.21434,84.54425,85.6101
2022-01-24 10:06:20.504151,83.64747,84.08,85.6101
2022-01-24 10:06:21.003345,84.67848,84.85375,85.49229
2022-01-24 10:06:21.508860,83.39003,83.97725,85.49229
2022-01-24 10:06:22.007836,84.31831,84.59625,86.31697
2022-01-24 10:06:22.505668,83.85417,83.97725,86.31697
2022-01-24 10:06:23.003793,84.11161,84.699,85.29625
2022-01-24 10:06:23.509709,84.57575,85.0085,85.29625
2022-01-24 10:06:24.009044,83.69946,84.28675,86.5526
2022-01-24 10:06:24.506910,84.05963,84.33875,86.5526
2022-01-24 10:06:25.004955,83.85417,84.699,85.29625
2022-01-24 10:06:25.501479,84.78245,85.0605,85.29625
2022-01-24 10:06:26.009916,83.69946,83.7705,85.80614
2022-01-24 10:06:26.505939,84.05963,84.54425,85.80614
2022-01-24 10:06:27.005075,83.9569,84.23475,85.33489
2022-01-24 10:06:27.510526,84.36905,85.0085,85.33489
2022-01-24 10:06:28.009463,84.00888,84.3895,86.08135
2022-01-24 10:06:28.504871,83.39003,83.8745,86.08135
2022-01-24 10:06:29.007631,84.47302,84.64825,85.7675
2022-01-24 10:06:29.503385,84.57575,84.64825,85.7675
2022-01-24 10:06:30.003355,84.26632,84.59625,85.4527
2022-01-24 10:06:30.510030,83.85417,84.4415,85.4527
2022-01-24 10:06:31.008705,83.69946,84.28675,85.7675
2022-01-24 10:06:31.506964,84.1636,84.59625,85.7675
2022-01-24 10:06:32.005778,83.9569,84.64825,85.33489
2022-01-24 10:06:32.510304,83.54475,83.92525,85.33489
2022-01-24 10:06:33.009118,84.36905,84.803,85.72791
2022-01-24 10:06:33.504383,84.00888,84.3895,85.72791
2022-01-24 10:06:34.003189,84.21434,84.3895,85.13885
2022-01-24 10:06:34.510214,83.9569,84.751,85.13885
2022-01-24 10:06:35.007848,83.64747,84.33875,85.80614
2022-01-24 10:06:35.504884,83.9569,84.3895,85.80614
2022-01-24 10:06:36.005215,84.11161,84.4415,86.47437
2022-01-24 10:06:36.511041,84.05963,84.4935,86.47437
2022-01-24 10:06:37.009415,83.80219,84.3895,85.96354
2022-01-24 10:06:37.506019,84.36905,84.4935,85.96354
2022-01-24 10:06:38.003033,83.59549,84.28675,85.92395
2022-01-24 10:06:38.508856,84.11161,84.4415,85.92395
2022-01-24 10:06:39.007517,84.1636,84.699,85.6101
2022-01-24 10:06:39.503353,83.7502,84.23475,85.6101
2022-01-24 10:06:40.002370,83.80219,84.33875,85.37447
2022-01-24 10:06:40.509797,84.26632,84.4935,85.37447
2022-01-24 10:06:41.007728,84.36905,84.4415,86.23875
2022-01-24 10:06:41.502748,83.9569,84.64825,86.23875
2022-01-24 10:06:42.001679,84.1636,84.699,85.49229
2022-01-24 10:06:42.504666,83.49276,83.8745,85.49229
2022-01-24 10:06:43.003954,84.88517,85.16325,85.92395
2022-01-24 10:06:43.509841,83.44078,84.02925,85.92395
2022-01-24 10:06:44.008946,84.62773,85.1125,86.15958
2022-01-24 10:06:44.506665,83.64747,83.8225,86.15958
2022-01-24 10:06:45.005742,83.9569,84.33875,85.84572
2022-01-24 10:06:45.501271,84.78245,85.16325,85.84572
2022-01-24 10:06:46.009363,83.7502,84.23475,85.06062
2022-01-24 10:06:46.504736,84.05963,84.33875,85.06062
2022-01-24 10:06:47.003604,83.39003,83.8225,86.27739
2022-01-24 10:06:47.509752,84.36905,84.751,86.27739
2022-01-24 10:06:48.008157,84.26632,84.59625,85.41406
2022-01-24 10:06:48.501730,84.1636,84.699,85.41406
2022-01-24 10:06:49.002246,83.69946,83.97725,86.71
2022-01-24 10:06:49.507790,84.57575,85.0085,86.71
2022-01-24 10:06:50.006555,84.47302,84.85375,85.41406
2022-01-24 10:06:50.502169,83.44078,83.7705,85.41406
2022-01-24 10:06:51.005135,84.36905,84.85375,85.33489
2022-01-24 10:06:51.510413,83.49276,83.8745,85.33489
2022-01-24 10:06:52.008960,84.62773,85.0605,86.12093
2022-01-24 10:06:52.505810,84.11161,84.3895,86.12093
2022-01-24 10:06:53.002747,83.59549,84.132,85.68833
2022-01-24 10:06:53.509911,84.21434,84.28675,85.68833
2022-01-24 10:06:54.008083,84.11161,84.4415,85.92395
2022-01-24 10:06:54.503807,84.42104,84.751,85.92395
2022-01-24 10:06:55.003370,83.44078,84.132,85.49229
2022-01-24 10:06:55.503279,84.05963,84.4415,85.49229
2022-01-24 10:06:56.001131,84.1636,84.4415,85.33489
2022-01-24 10:06:56.508456,84.21434,84.85375,85.33489
2022-01-24 10:06:57.007110,83.85417,84.132,85.80614
2022-01-24 10:06:57.502778,84.1636,84.751,85.80614
2022-01-24 10:06:58.002515,83.85417,84.28675,85.64968
2022-01-24 10:06:58.508543,83.85417,84.4415,85.64968
2022-01-24 10:06:59.006836,84.05963,84.4415,86.23875
2022-01-24 10:06:59.504359,84.00888,84.184,86.23875
2022-01-24 10:07:00.001889,83.9569,84.59625,85.33489
2022-01-24 10:07:00.504619,84.47302,84.699,85.33489
2022-01-24 10:07:01.003349,84.00888,84.4415,87.25947
2022-01-24 10:07:01.501189,83.9569,84.3895,87.25947
2022-01-24 10:07:02.010794,83.7502,84.33875,85.29625
2022-01-24 10:07:02.506069,84.78245,84.90575,85.29625
2022-01-24 10:07:03.002683,83.69946,84.132,86.35656
2022-01-24 10:07:03.508888,84.21434,84.699,86.35656
2022-01-24 10:07:04.006093,83.85417,84.132,86.04176
2022-01-24 10:07:04.501440,83.90492,84.3895,86.04176
2022-01-24 10:07:05.009676,84.47302,84.90575,86.59218
2022-01-24 10:07:05.506183,83.7502,84.132,86.59218
2022-01-24 10:07:06.005336,84.26632,84.699,85.29625
2022-01-24 10:07:06.510906,83.85417,84.28675,85.29625
2022-01-24 10:07:07.002056,84.11161,84.54425,85.64968
2022-01-24 10:07:07.507208,84.36905,84.54425,85.64968
2022-01-24 10:07:08.004603,83.44078,84.08,85.33489
2022-01-24 10:07:08.509554,84.52377,85.1125,85.33489
2022-01-24 10:07:09.007971,83.49276,83.8225,85.92395
2022-01-24 10:07:09.503319,84.36905,84.64825,85.92395
2022-01-24 10:07:10.010956,83.80219,84.33875,86.08135
2022-01-24 10:07:10.505780,84.1636,84.54425,86.08135
2022-01-24 10:07:11.009767,84.36905,84.4935,86.08135
2022-01-24 10:07:11.509202,83.80219,84.28675,86.08135
2022-01-24 10:07:12.008649,84.21434,84.59625,85.33489
2022-01-24 10:07:12.506200,83.85417,84.3895,85.33489
2022-01-24 10:07:13.006816,84.36905,84.803,85.4527
2022-01-24 10:07:13.504602,83.39003,83.92525,85.4527
2022-01-24 10:07:14.001389,84.73046,85.21525,85.88531
2022-01-24 10:07:14.508915,83.80219,83.8225,85.88531
2022-01-24 10:07:15.008002,84.31831,84.699,86.08135
2022-01-24 10:07:15.510362,83.64747,84.08,86.08135
2022-01-24 10:07:16.010445,83.90492,84.3895,85.09926
2022-01-24 10:07:16.506388,84.36905,84.54425,85.09926
2022-01-24 10:07:17.004879,83.80219,84.33875,86.15958
2022-01-24 10:07:17.503021,83.9569,84.54425,86.15958
2022-01-24 10:07:18.002038,83.9569,84.28675,85.57051
2022-01-24 10:07:18.508649,84.47302,84.90575,85.57051
2022-01-24 10:07:19.008537,84.1636,84.28675,86.04176
2022-01-24 10:07:19.503935,84.21434,84.64825,86.04176
2022-01-24 10:07:20.003174,83.85417,84.132,86.59218
2022-01-24 10:07:20.501157,84.11161,84.699,86.59218
2022-01-24 10:07:21.010040,84.47302,84.85375,85.96354
2022-01-24 10:07:21.505912,83.28607,83.7705,85.96354
2022-01-24 10:07:22.004100,84.31831,84.4935,84.825
2022-01-24 10:07:22.509208,83.44078,83.66775,84.825
2022-01-24 10:07:23.007362,85.24658,85.6275,231.42239
2022-01-24 10:07:23.502089,83.28607,83.41025,231.42239
2022-01-24 10:07:24.010150,83.49276,83.71975,221.76176
2022-01-24 10:07:24.505974,84.52377,84.85375,221.76176
2022-01-24 10:07:25.005565,83.64747,84.33875,168.98176
2022-01-24 10:07:25.510780,84.42104,84.54425,168.98176
2022-01-24 10:07:26.008983,83.33805,83.35825,96.37062
2022-01-24 10:07:26.504131,84.31831,84.4935,96.37062
2022-01-24 10:07:27.003181,84.11161,84.4935,90.67604
2022-01-24 10:07:27.510190,84.36905,84.751,90.67604
2022-01-24 10:07:28.007210,83.44078,83.8745,92.67885
2022-01-24 10:07:28.501773,83.59549,84.132,92.67885
2022-01-24 10:07:29.009241,84.52377,84.90575,87.53468
2022-01-24 10:07:29.507615,84.26632,84.59625,87.53468
2022-01-24 10:07:30.006815,84.00888,84.28675,86.51301
2022-01-24 10:07:30.502440,84.00888,84.28675,86.51301
2022-01-24 10:07:31.001785,83.90492,84.33875,86.86645
2022-01-24 10:07:31.507393,84.57575,85.0085,86.86645
2022-01-24 10:07:32.007044,83.64747,84.28675,86.04176
2022-01-24 10:07:32.502607,83.9569,84.3895,86.04176
2022-01-24 10:07:33.010758,83.9569,84.23475,86.08135
2022-01-24 10:07:33.506694,84.00888,84.59625,86.08135
2022-01-24 10:07:34.005448,84.36905,84.751,86.23875
2022-01-24 10:07:34.501162,84.00888,84.4415,86.23875
2022-01-24 10:07:35.009701,83.85417,84.33875,86.67041
2022-01-24 10:07:35.506201,84.11161,84.699,86.67041
2022-01-24 10:07:36.008214,84.00888,84.4415,86.47437
2022-01-24 10:07:36.503962,84.11161,84.3895,86.47437
2022-01-24 10:07:37.002649,84.05963,84.3895,86.47437
2022-01-24 10:07:37.507316,84.52377,84.751,86.47437
2022-01-24 10:07:38.005384,83.64747,84.23475,85.17843
2022-01-24 10:07:38.503399,84.47302,84.95775,85.17843
2022-01-24 10:07:39.003375,83.90492,84.4935,86.78822
2022-01-24 10:07:39.509093,84.21434,84.59625,86.78822
2022-01-24 10:07:40.007651,83.54475,84.08,86.12093
2022-01-24 10:07:40.503227,84.36905,84.85375,86.12093
2022-01-24 10:07:41.002363,84.11161,84.23475,85.68833
2022-01-24 10:07:41.509244,84.05963,84.4415,85.68833
2022-01-24 10:07:42.008897,83.59549,84.02925,86.59218
2022-01-24 10:07:42.504058,84.1636,84.699,86.59218
2022-01-24 10:07:43.004178,84.05963,84.59625,85.41406
2022-01-24 10:07:43.509791,84.05963,84.803,85.41406
2022-01-24 10:07:44.006749,84.1636,84.4415,85.84572
2022-01-24 10:07:44.511112,83.80219,84.08,85.84572
2022-01-24 10:07:45.009867,84.57575,84.803,85.84572
2022-01-24 10:07:45.507300,84.00888,84.4935,85.84572
2022-01-24 10:07:46.005137,83.39003,83.8745,85.17843
2022-01-24 10:07:46.509669,84.42104,84.699,85.17843
2022-01-24 10:07:47.006954,83.59549,84.3895,86.00312
2022-01-24 10:07:47.506171,84.83319,85.21525,86.00312
2022-01-24 10:07:48.010876,84.36905,84.54425,86.67041
2022-01-24 10:07:48.506911,83.49276,83.8225,86.67041
2022-01-24 10:07:49.007628,84.31831,84.59625,85.84572
2022-01-24 10:07:49.503883,84.11161,84.751,85.84572
2022-01-24 10:07:50.003330,84.00888,84.64825,85.6101
2022-01-24 10:07:50.510788,83.80219,84.28675,85.6101
2022-01-24 10:07:51.009649,83.64747,83.97725,85.6101
2022-01-24 10:07:51.505944,84.36905,84.751,85.6101
2022-01-24 10:07:52.006401,84.42104,84.699,85.68833
2022-01-24 10:07:52.502325,83.85417,84.23475,85.68833
2022-01-24 10:07:53.009994,83.64747,84.28675,85.7675
2022-01-24 10:07:53.506815,84.26632,84.803,85.7675
2022-01-24 10:07:54.005110,84.00888,84.59625,86.04176
2022-01-24 10:07:54.510219,84.05963,84.33875,86.04176
2022-01-24 10:07:55.010549,83.64747,84.184,86.47437
2022-01-24 10:07:55.506857,83.80219,83.97725,86.47437
2022-01-24 10:07:56.005160,84.88517,85.1125,85.80614
2022-01-24 10:07:56.502526,83.69946,84.02925,85.80614
2022-01-24 10:07:57.010350,84.11161,84.59625,85.72791
2022-01-24 10:07:57.506402,83.7502,84.23475,85.72791
2022-01-24 10:07:58.004798,83.9569,84.3895,86.78822
2022-01-24 10:07:58.511209,84.21434,84.803,86.78822
2022-01-24 10:07:59.009392,83.85417,84.08,86.04176
2022-01-24 10:07:59.503330,84.47302,84.59625,86.04176
2022-01-24 10:08:00.002148,83.80219,84.08,85.57051
2022-01-24 10:08:00.502073,84.67848,85.0085,85.57051
2022-01-24 10:08:01.010513,83.80219,84.132,86.08135
2022-01-24 10:08:01.507716,83.9569,84.28675,86.08135
2022-01-24 10:08:02.005695,83.80219,84.59625,85.21708
2022-01-24 10:08:02.510725,83.90492,84.23475,85.21708
2022-01-24 10:08:03.009041,84.52377,84.699,85.6101
2022-01-24 10:08:03.504760,84.1636,84.803,85.6101
2022-01-24 10:08:04.002386,84.21434,84.699,86.08135
2022-01-24 10:08:04.508427,83.9569,84.54425,86.08135
2022-01-24 10:08:05.008670,84.26632,84.54425,85.68833
2022-01-24 10:08:05.503725,83.64747,84.02925,85.68833
2022-01-24 10:08:06.001472,84.26632,84.59625,85.53187
2022-01-24 10:08:06.507431,83.59549,84.184,85.53187
2022-01-24 10:08:07.005434,84.21434,84.184,86.08135
2022-01-24 10:08:07.501816,84.21434,84.54425,86.08135
2022-01-24 10:08:08.010107,84.11161,84.751,85.41406
2022-01-24 10:08:08.505774,84.67848,85.0085,85.41406
2022-01-24 10:08:09.003791,83.02862,83.461,86.12093
2022-01-24 10:08:09.501077,84.73046,85.1125,86.12093
2022-01-24 10:08:10.010117,83.59549,84.23475,85.49229
2022-01-24 10:08:10.505521,83.9569,84.184,85.49229
2022-01-24 10:08:11.009863,84.11161,84.28675,85.84572
2022-01-24 10:08:11.504836,83.7502,84.4935,85.84572
2022-01-24 10:08:12.004447,84.52377,84.85375,85.21708
2022-01-24 10:08:12.502468,84.00888,84.33875,85.21708
2022-01-24 10:08:13.010733,84.00888,84.4415,86.00312
2022-01-24 10:08:13.507408,83.54475,84.33875,86.00312
2022-01-24 10:08:14.007946,84.26632,84.59625,85.21708
2022-01-24 10:08:14.506588,84.31831,84.59625,85.21708
2022-01-24 10:08:15.004837,83.7502,83.97725,86.12093
2022-01-24 10:08:15.501855,84.1636,84.803,86.12093
2022-01-24 10:08:16.010478,83.85417,84.23475,85.72791
2022-01-24 10:08:16.506459,84.42104,84.699,85.72791
2022-01-24 10:08:17.004092,83.49276,84.184,86.04176
2022-01-24 10:08:17.509495,84.05963,84.33875,86.04176
2022-01-24 10:08:18.007961,84.26632,84.54425,85.41406
2022-01-24 10:08:18.508358,83.85417,84.28675,85.41406
2022-01-24 10:08:19.007917,84.52377,84.803,85.80614
2022-01-24 10:08:19.502999,83.59549,84.132,85.80614
2022-01-24 10:08:20.001444,84.1636,84.59625,85.72791
2022-01-24 10:08:20.507297,84.26632,84.95775,85.72791
2022-01-24 10:08:21.008239,84.11161,84.184,85.88531
2022-01-24 10:08:21.505068,83.9569,84.3895,85.88531
2022-01-24 10:08:22.005091,83.64747,83.97725,85.72791
2022-01-24 10:08:22.501120,84.47302,85.0605,85.72791
2022-01-24 10:08:23.010308,83.90492,84.59625,85.88531
2022-01-24 10:08:23.507564,84.00888,84.4415,85.88531
2022-01-24 10:08:24.005559,83.69946,84.28675,85.6101
2022-01-24 10:08:24.502204,84.36905,84.64825,85.6101
2022-01-24 10:08:25.011221,84.1636,84.64825,86.19916
2022-01-24 10:08:25.507691,83.85417,84.02925,86.19916
2022-01-24 10:08:26.007989,84.21434,84.54425,85.88531
2022-01-24 10:08:26.503698,83.69946,84.33875,85.88531
2022-01-24 10:08:27.001123,84.57575,84.95775,85.80614
2022-01-24 10:08:27.506864,83.28607,83.7705,85.80614
2022-01-24 10:08:28.007054,84.62773,84.85375,85.17843
2022-01-24 10:08:28.502177,83.7502,84.28675,85.17843
2022-01-24 10:08:29.010875,84.47302,84.751,86.63083
2022-01-24 10:08:29.507226,83.9569,84.33875,86.63083
2022-01-24 10:08:30.004656,84.1636,84.64825,85.92395
2022-01-24 10:08:30.509924,84.05963,84.4935,85.92395
2022-01-24 10:08:31.009659,83.80219,84.184,85.64968
2022-01-24 10:08:31.504413,84.62773,84.85375,85.64968
2022-01-24 10:08:32.001979,83.28607,83.92525,86.19916
2022-01-24 10:08:32.509196,84.67848,84.803,86.19916
2022-01-24 10:08:33.007107,83.90492,84.23475,86.12093
2022-01-24 10:08:33.502479,84.11161,84.59625,86.12093
2022-01-24 10:08:34.010424,84.42104,84.751,85.29625
2022-01-24 10:08:34.506013,83.59549,84.02925,85.29625
2022-01-24 10:08:35.003949,84.47302,84.59625,86.08135
2022-01-24 10:08:35.509968,83.28607,83.8745,86.08135
2022-01-24 10:08:36.008086,84.67848,85.1125,85.37447
2022-01-24 10:08:36.504386,83.69946,84.132,85.37447
2022-01-24 10:08:37.002663,84.1636,84.4935,85.84572
2022-01-24 10:08:37.507828,84.21434,84.4935,85.84572
2022-01-24 10:08:38.007581,84.05963,84.4935,86.15958
2022-01-24 10:08:38.502909,84.11161,84.4935,86.15958
2022-01-24 10:08:39.001070,83.9569,84.33875,85.7675
2022-01-24 10:08:39.506346,83.9569,84.132,85.7675
2022-01-24 10:08:40.004268,84.05963,84.699,85.29625
2022-01-24 10:08:40.508963,84.42104,84.751,85.29625
2022-01-24 10:08:41.009065,84.36905,84.54425,87.06343
2022-01-24 10:08:41.503997,83.9569,84.3895,87.06343
2022-01-24 10:08:42.003310,83.85417,83.97725,85.29625
2022-01-24 10:08:42.508517,84.21434,84.803,85.29625
2022-01-24 10:08:43.007035,83.85417,84.4415,85.41406
2022-01-24 10:08:43.502717,83.7502,84.64825,85.41406
2022-01-24 10:08:44.009955,84.00888,84.54425,86.19916
2022-01-24 10:08:44.505169,84.21434,84.3895,86.19916
2022-01-24 10:08:45.004380,84.52377,84.90575,86.00312
2022-01-24 10:08:45.502214,84.1636,84.3895,86.00312
2022-01-24 10:08:46.009670,83.59549,84.02925,86.00312
2022-01-24 10:08:46.506781,83.9569,84.28675,86.00312
2022-01-24 10:08:47.004379,84.00888,84.95775,85.02104
2022-01-24 10:08:47.511230,84.21434,84.54425,85.02104
2022-01-24 10:08:48.001468,84.21434,84.4415,85.6101
2022-01-24 10:08:48.507514,84.05963,84.28675,85.6101
2022-01-24 10:08:49.005443,84.52377,84.699,85.64968
2022-01-24 10:08:49.510086,83.9569,84.59625,85.64968
2022-01-24 10:08:50.008758,84.00888,84.184,85.92395
2022-01-24 10:08:50.502573,83.54475,84.132,85.92395
2022-01-24 10:08:51.001136,84.26632,84.699,86.12093
2022-01-24 10:08:51.506744,84.31831,84.803,86.12093
2022-01-24 10:08:52.003214,84.11161,84.28675,86.5526
2022-01-24 10:08:52.509671,84.1636,84.33875,86.5526
2022-01-24 10:08:53.007732,83.59549,84.23475,86.23875
2022-01-24 10:08:53.503609,84.52377,85.0085,86.23875
2022-01-24 10:08:54.005926,83.7502,84.3895,86.23875
2022-01-24 10:08:54.501762,84.21434,84.4935,86.23875
2022-01-24 10:08:55.009527,83.69946,84.28675,85.92395
2022-01-24 10:08:55.506029,83.90492,84.23475,85.92395
2022-01-24 10:08:56.004672,84.62773,84.90575,85.72791
2022-01-24 10:08:56.502283,83.7502,84.33875,85.72791
2022-01-24 10:08:57.001148,84.05963,84.33875,86.35656
2022-01-24 10:08:57.508565,83.80219,84.3895,86.35656
2022-01-24 10:08:58.007108,84.78245,85.16325,85.41406
2022-01-24 10:08:58.506350,83.69946,84.3895,85.41406
2022-01-24 10:08:59.003440,84.36905,84.64825,85.4527
2022-01-24 10:08:59.508995,84.11161,84.33875,85.4527
2022-01-24 10:09:00.009006,84.11161,84.699,85.49229
2022-01-24 10:09:00.506059,84.42104,84.803,85.49229
2022-01-24 10:09:01.005388,83.64747,84.132,86.08135
2022-01-24 10:09:01.501967,84.1636,84.4935,86.08135
2022-01-24 10:09:02.001254,83.85417,84.699,85.13885
2022-01-24 10:09:02.508515,84.11161,84.4935,85.13885
2022-01-24 10:09:03.007321,84.1636,84.28675,85.84572
2022-01-24 10:09:03.504276,84.21434,84.699,85.84572
2022-01-24 10:09:04.004714,83.64747,83.8745,85.72791
2022-01-24 10:09:04.504485,84.11161,84.699,85.72791
2022-01-24 10:09:05.007613,84.05963,84.132,85.88531
2022-01-24 10:09:05.503519,83.85417,84.803,85.88531
2022-01-24 10:09:06.009547,84.00888,84.3895,85.6101
2022-01-24 10:09:06.506792,83.69946,83.92525,85.6101
2022-01-24 10:09:07.006908,84.26632,84.751,86.12093
2022-01-24 10:09:07.502235,83.80219,84.02925,86.12093
2022-01-24 10:09:08.001734,84.21434,84.751,85.13885
2022-01-24 10:09:08.507666,83.69946,84.08,85.13885
2022-01-24 10:09:09.007936,84.05963,84.59625,85.53187
2022-01-24 10:09:09.504539,84.36905,84.699,85.53187
2022-01-24 10:09:10.003864,84.05963,84.59625,85.37447
2022-01-24 10:09:10.509633,84.00888,84.132,85.37447
2022-01-24 10:09:11.005960,83.90492,84.132,86.3952
2022-01-24 10:09:11.511381,84.26632,84.90575,86.3952
2022-01-24 10:09:12.010441,84.11161,84.4415,86.3952
2022-01-24 10:09:12.506803,83.9569,84.699,86.3952
2022-01-24 10:09:13.005980,83.9569,84.28675,85.57051
2022-01-24 10:09:13.504043,83.9569,84.699,85.57051
2022-01-24 10:09:14.003136,84.1636,84.54425,85.57051
2022-01-24 10:09:14.509493,84.26632,84.4415,85.57051
2022-01-24 10:09:15.008252,83.64747,84.02925,85.33489
2022-01-24 10:09:15.502771,84.1636,84.3895,85.33489
2022-01-24 10:09:16.001366,84.21434,84.751,85.33489
2022-01-24 10:09:16.507714,84.00888,84.3895,85.33489
2022-01-24 10:09:17.006351,83.7502,84.4935,85.88531
2022-01-24 10:09:17.501468,83.90492,84.23475,85.88531
2022-01-24 10:09:18.001266,84.73046,84.90575,85.53187
2022-01-24 10:09:18.507309,84.05963,84.28675,85.53187
2022-01-24 10:09:19.006972,84.1636,84.3895,86.04176
2022-01-24 10:09:19.502393,83.64747,84.02925,86.04176
2022-01-24 10:09:20.010773,84.1636,84.699,85.68833
2022-01-24 10:09:20.506793,84.05963,84.803,85.68833
2022-01-24 10:09:21.004333,84.1636,84.3895,86.47437
2022-01-24 10:09:21.510490,84.1636,84.3895,86.47437
2022-01-24 10:09:22.009270,84.21434,84.4935,85.57051
2022-01-24 10:09:22.506920,84.36905,84.4935,85.57051
2022-01-24 10:09:23.005307,83.85417,84.4415,85.96354
2022-01-24 10:09:23.502193,84.05963,84.4415,85.96354
2022-01-24 10:09:24.001412,83.69946,84.33875,85.41406
2022-01-24 10:09:24.506330,84.26632,84.54425,85.41406
2022-01-24 10:09:25.005818,84.1636,84.59625,85.29625
2022-01-24 10:09:25.501176,84.05963,84.28675,85.29625
2022-01-24 10:09:26.009973,84.21434,84.33875,85.6101
2022-01-24 10:09:26.505557,84.00888,84.699,85.6101
2022-01-24 10:09:27.006800,83.90492,84.132,85.41406
2022-01-24 10:09:27.501214,83.7502,84.3895,85.41406
2022-01-24 10:09:28.010493,84.21434,84.4935,86.43479
2022-01-24 10:09:28.505952,83.64747,84.28675,86.43479
2022-01-24 10:09:29.002701,84.42104,84.90575,86.35656
2022-01-24 10:09:29.510763,83.80219,83.8225,86.35656
2022-01-24 10:09:30.010666,84.42104,85.0085,85.13885
2022-01-24 10:09:30.506554,83.9569,84.4415,85.13885
2022-01-24 10:09:31.005473,83.80219,84.33875,86.00312
2022-01-24 10:09:31.501089,84.05963,84.4415,86.00312
2022-01-24 10:09:32.010330,83.54475,84.132,85.92395
2022-01-24 10:09:32.506318,84.42104,84.803,85.92395
2022-01-24 10:09:33.003866,84.00888,84.184,85.6101
2022-01-24 10:09:33.510082,83.7502,84.184,85.6101
2022-01-24 10:09:34.002749,84.00888,84.3895,86.19916
2022-01-24 10:09:34.501932,84.31831,84.90575,86.19916
2022-01-24 10:09:35.010266,83.64747,83.8745,85.92395
2022-01-24 10:09:35.505980,84.26632,84.85375,85.92395
2022-01-24 10:09:36.005433,83.9569,84.28675,85.09926
2022-01-24 10:09:36.502285,84.26632,84.28675,85.09926
2022-01-24 10:09:37.010741,84.21434,84.64825,86.04176
2022-01-24 10:09:37.505181,83.80219,84.33875,86.04176
2022-01-24 10:09:38.005062,84.26632,84.95775,85.29625
2022-01-24 10:09:38.509499,84.05963,84.54425,85.29625
2022-01-24 10:09:39.007060,83.85417,84.28675,86.04176
2022-01-24 10:09:39.502554,84.00888,84.28675,86.04176
2022-01-24 10:09:40.002522,84.36905,84.699,86.5526
2022-01-24 10:09:40.501826,83.9569,84.23475,86.5526
2022-01-24 10:09:41.009519,84.36905,84.64825,85.17843
2022-01-24 10:09:41.505795,83.80219,84.4415,85.17843
2022-01-24 10:09:42.002699,83.90492,84.3895,85.72791
2022-01-24 10:09:42.509692,84.52377,84.95775,85.72791
2022-01-24 10:09:43.008999,83.90492,84.23475,85.7675
2022-01-24 10:09:43.506047,84.31831,84.4935,85.7675
2022-01-24 10:09:44.001052,83.64747,83.8745,85.6101
2022-01-24 10:09:44.509416,84.21434,84.4935,85.6101
2022-01-24 10:09:45.009860,83.69946,84.28675,87.80895
2022-01-24 10:09:45.506462,83.69946,83.92525,87.80895
2022-01-24 10:09:46.004409,84.05963,84.33875,238.01989
2022-01-24 10:09:46.510437,83.85417,84.23475,238.01989
2022-01-24 10:09:47.008484,84.26632,84.803,217.7175
2022-01-24 10:09:47.505203,83.54475,83.66775,217.7175
2022-01-24 10:09:48.004246,84.42104,84.28675,136.30906
2022-01-24 10:09:49.004839,84.47302,84.751,96.29145
2022-01-24 10:09:49.502558,83.85417,84.23475,96.29145
2022-01-24 10:09:50.010600,83.80219,83.92525,95.0351
2022-01-24 10:09:50.508681,84.00888,84.4935,95.0351
2022-01-24 10:09:51.008568,84.05963,84.4935,88.94843
2022-01-24 10:09:51.504075,84.57575,84.54425,88.94843
2022-01-24 10:09:52.001509,83.85417,84.4415,87.06343
2022-01-24 10:09:52.508575,84.31831,84.699,87.06343
2022-01-24 10:09:53.007728,83.7502,84.54425,86.98426
2022-01-24 10:09:53.503538,84.47302,85.0605,86.98426
2022-01-24 10:09:54.003468,83.39003,83.97725,86.19916
2022-01-24 10:09:54.510739,84.62773,84.803,86.19916
2022-01-24 10:09:55.009538,83.7502,83.97725,86.08135
2022-01-24 10:09:55.504957,84.21434,84.699,86.08135
2022-01-24 10:09:56.004545,84.47302,84.803,86.35656
2022-01-24 10:09:56.508902,83.64747,84.23475,86.35656
2022-01-24 10:09:57.006584,84.11161,84.23475,86.63083
2022-01-24 10:09:57.502889,84.11161,84.699,86.63083
2022-01-24 10:09:58.001546,84.1636,84.699,85.96354
2022-01-24 10:09:58.506881,83.80219,84.28675,85.96354
2022-01-24 10:09:59.007227,84.21434,84.4935,86.90604
2022-01-24 10:09:59.504118,84.11161,84.184,86.90604
2022-01-24 10:10:00.004075,84.26632,84.85375,85.53187
2022-01-24 10:10:00.507498,84.11161,84.4415,85.53187
2022-01-24 10:10:01.005357,83.59549,84.02925,86.5526
2022-01-24 10:10:01.501140,84.57575,84.90575,86.5526
2022-01-24 10:10:02.008967,83.54475,84.28675,85.84572
2022-01-24 10:10:02.506849,84.31831,84.699,85.84572
2022-01-24 10:10:03.006253,84.21434,84.59625,85.17843
2022-01-24 10:10:03.501405,83.90492,84.59625,85.17843
2022-01-24 10:10:04.009074,84.26632,84.54425,86.23875
2022-01-24 10:10:04.503128,84.00888,84.54425,86.23875
2022-01-24 10:10:05.003462,83.85417,84.23475,85.21708
2022-01-24 10:10:05.502393,84.00888,84.803,85.21708
2022-01-24 10:10:06.001492,83.64747,83.92525,85.84572
2022-01-24 10:10:06.506651,84.26632,84.54425,85.84572
2022-01-24 10:10:07.004690,84.1636,84.803,85.7675
2022-01-24 10:10:07.502235,84.26632,84.803,85.7675
2022-01-24 10:10:08.006772,83.9569,84.4935,85.6101
2022-01-24 10:10:08.502274,83.9569,84.28675,85.6101
2022-01-24 10:10:09.010662,83.9569,84.4935,85.57051
2022-01-24 10:10:09.506206,84.26632,84.699,85.57051
2022-01-24 10:10:10.004910,83.80219,83.97725,86.19916
2022-01-24 10:10:10.501395,83.80219,84.184,86.19916
2022-01-24 10:10:11.005551,84.57575,85.0085,84.98145
2022-01-24 10:10:11.502895,83.90492,84.54425,84.98145
2022-01-24 10:10:12.002733,84.31831,84.59625,85.96354
2022-01-24 10:10:12.508154,84.05963,84.3895,85.96354
2022-01-24 10:10:13.006377,84.21434,84.4415,86.27739
2022-01-24 10:10:13.501690,84.1636,84.699,86.27739
2022-01-24 10:10:14.002169,84.21434,84.699,85.68833
2022-01-24 10:10:14.508133,84.00888,84.132,85.68833
2022-01-24 10:10:15.007843,83.85417,84.33875,86.04176
2022-01-24 10:10:15.505855,84.1636,84.699,86.04176
2022-01-24 10:10:16.004377,83.7502,84.23475,85.68833
2022-01-24 10:10:16.501783,84.88517,85.0085,85.68833
2022-01-24 10:10:17.001399,83.13135,83.71975,85.88531
2022-01-24 10:10:17.509969,84.31831,84.95775,85.88531
2022-01-24 10:10:18.008488,84.1636,84.4935,85.96354
2022-01-24 10:10:18.503215,83.69946,84.28675,85.96354
2022-01-24 10:10:19.002946,84.57575,84.85375,85.4527
2022-01-24 10:10:19.507947,83.39003,83.66775,85.4527
2022-01-24 10:10:20.009007,84.78245,85.21525,85.88531
2022-01-24 10:10:20.504586,83.33805,83.92525,85.88531
2022-01-24 10:10:21.002944,84.36905,84.751,86.86645
2022-01-24 10:10:21.510433,83.90492,84.184,86.86645
2022-01-24 10:10:22.009448,84.31831,84.85375,85.49229
2022-01-24 10:10:22.503750,84.05963,84.54425,85.49229
2022-01-24 10:10:23.003659,83.54475,83.97725,86.51301
2022-01-24 10:10:23.501449,84.47302,84.803,86.51301
2022-01-24 10:10:24.008208,83.54475,84.02925,85.72791
2022-01-24 10:10:24.503222,84.31831,84.751,85.72791
2022-01-24 10:10:25.004467,83.85417,84.23475,85.25666
2022-01-24 10:10:25.510674,84.05963,84.28675,85.25666
2022-01-24 10:10:26.010114,84.11161,84.3895,85.41406
2022-01-24 10:10:26.505290,83.85417,84.54425,85.41406
2022-01-24 10:10:27.005209,84.1636,84.59625,85.13885
2022-01-24 10:10:27.510616,83.90492,84.33875,85.13885
2022-01-24 10:10:28.008447,84.1636,84.699,86.12093
2022-01-24 10:10:28.502684,83.59549,84.23475,86.12093
2022-01-24 10:10:29.010822,84.78245,84.95775,86.15958
2022-01-24 10:10:29.506433,83.7502,83.8225,86.15958
2022-01-24 10:10:30.005265,84.42104,84.803,85.64968
2022-01-24 10:10:30.502425,83.39003,83.71975,85.64968
2022-01-24 10:10:31.011060,84.21434,84.699,86.19916
2022-01-24 10:10:31.508510,84.05963,84.64825,86.19916
2022-01-24 10:10:32.006649,83.59549,84.184,86.08135
2022-01-24 10:10:32.501846,84.47302,84.90575,86.08135
2022-01-24 10:10:33.009830,84.00888,84.02925,85.53187
2022-01-24 10:10:33.505019,84.31831,84.90575,85.53187
2022-01-24 10:10:34.003335,84.1636,84.64825,85.88531
2022-01-24 10:10:34.508668,83.69946,84.184,85.88531
2022-01-24 10:10:35.006508,84.21434,84.4935,85.7675
2022-01-24 10:10:35.507071,83.69946,84.4415,85.7675
2022-01-24 10:10:36.006286,84.05963,84.64825,85.96354
2022-01-24 10:10:36.503412,84.52377,84.54425,85.96354
2022-01-24 10:10:37.001096,83.9569,84.33875,85.88531
2022-01-24 10:10:37.508312,84.1636,84.59625,85.88531
2022-01-24 10:10:38.007791,84.05963,84.64825,85.80614
2022-01-24 10:10:38.502460,84.31831,84.803,85.80614
2022-01-24 10:10:39.010761,83.59549,84.02925,85.49229
2022-01-24 10:10:39.508498,84.52377,84.90575,85.49229
2022-01-24 10:10:40.006137,83.85417,84.132,85.84572
2022-01-24 10:10:40.501024,84.52377,84.803,85.84572
2022-01-24 10:10:41.009778,84.11161,84.33875,86.00312
2022-01-24 10:10:41.506186,83.64747,84.132,86.00312
2022-01-24 10:10:42.004246,84.47302,84.90575,84.98145
2022-01-24 10:10:42.510849,83.39003,84.132,84.98145
2022-01-24 10:10:43.008939,84.42104,84.699,86.78822
2022-01-24 10:10:43.507172,83.9569,84.33875,86.78822
2022-01-24 10:10:44.006251,83.90492,84.184,85.4527
2022-01-24 10:10:44.501097,84.57575,84.90575,85.4527
2022-01-24 10:10:45.505045,84.52377,84.803,85.88531
2022-01-24 10:10:46.004467,83.39003,84.02925,85.7675
2022-01-24 10:10:46.510596,84.31831,85.0605,85.7675
2022-01-24 10:10:47.008926,83.44078,84.02925,85.80614
2022-01-24 10:10:47.505303,84.26632,84.59625,85.80614
2022-01-24 10:10:48.004244,84.26632,84.4935,85.25666
2022-01-24 10:10:48.510470,84.26632,84.803,85.25666
2022-01-24 10:10:49.008571,83.85417,84.132,85.7675
2022-01-24 10:10:49.504238,84.21434,84.4935,85.7675
2022-01-24 10:10:50.002643,84.11161,84.3895,85.25666
2022-01-24 10:10:50.508961,84.05963,84.90575,85.25666
2022-01-24 10:10:51.008480,83.9569,84.4935,86.00312
2022-01-24 10:10:51.506057,84.00888,84.08,86.00312
2022-01-24 10:10:52.005554,84.42104,84.95775,85.25666
2022-01-24 10:10:52.502283,83.85417,84.3895,85.25666
2022-01-24 10:10:53.001256,84.52377,84.90575,86.08135
2022-01-24 10:10:53.507651,83.9569,84.3895,86.08135
2022-01-24 10:10:54.004981,83.64747,84.23475,85.68833
2022-01-24 10:10:54.501479,84.62773,84.751,85.68833
2022-01-24 10:10:55.010108,83.54475,83.97725,86.00312
2022-01-24 10:10:55.507950,84.1636,84.4935,86.00312
2022-01-24 10:10:56.006396,84.00888,84.23475,85.33489
2022-01-24 10:10:56.502151,83.90492,84.54425,85.33489
2022-01-24 10:10:57.010690,84.62773,84.90575,85.72791
2022-01-24 10:10:57.506043,84.00888,84.64825,85.72791
2022-01-24 10:10:58.003875,84.11161,84.3895,85.88531
2022-01-24 10:10:58.509102,83.90492,84.33875,85.88531
2022-01-24 10:10:59.006258,84.21434,84.4415,85.68833
2022-01-24 10:10:59.502502,83.85417,84.28675,85.68833
2022-01-24 10:11:00.002054,84.05963,84.54425,85.49229
2022-01-24 10:11:00.508119,83.85417,84.3895,85.49229
2022-01-24 10:11:01.007371,83.9569,84.3895,85.88531
2022-01-24 10:11:01.503688,83.85417,84.3895,85.88531
2022-01-24 10:11:02.002270,83.90492,84.4935,85.96354
2022-01-24 10:11:02.508301,83.80219,84.08,85.96354
2022-01-24 10:11:03.006648,84.42104,84.699,85.68833
2022-01-24 10:11:03.501033,83.64747,83.8745,85.68833
2022-01-24 10:11:04.009416,84.31831,84.85375,85.37447
2022-01-24 10:11:04.506420,83.69946,84.28675,85.37447
2022-01-24 10:11:05.004822,84.47302,84.751,85.96354
2022-01-24 10:11:05.510460,83.7502,84.184,85.96354
2022-01-24 10:11:06.010524,84.1636,84.28675,85.57051
2022-01-24 10:11:06.505710,84.21434,84.59625,85.57051
2022-01-24 10:11:07.003530,83.7502,84.28675,85.49229
2022-01-24 10:11:07.510387,84.1636,84.751,85.49229
2022-01-24 10:11:08.008235,83.69946,84.184,86.04176
2022-01-24 10:11:08.505340,84.00888,84.4935,86.04176
2022-01-24 10:11:09.003661,84.1636,84.90575,86.47437
2022-01-24 10:11:09.510762,83.90492,84.02925,86.47437
2022-01-24 10:11:10.009065,84.57575,84.59625,86.15958
2022-01-24 10:11:10.505373,83.9569,84.184,86.15958
2022-01-24 10:11:11.010254,84.42104,84.95775,86.74864
2022-01-24 10:11:11.505417,83.64747,84.33875,86.74864
2022-01-24 10:11:12.004605,84.1636,84.4935,85.49229
2022-01-24 10:11:12.501260,83.80219,84.3895,85.49229
2022-01-24 10:11:13.008429,84.52377,85.1125,85.41406
2022-01-24 10:11:13.505994,83.69946,84.08,85.41406
2022-01-24 10:11:14.004596,84.26632,84.4415,86.47437
2022-01-24 10:11:14.509396,84.05963,84.28675,86.47437
2022-01-24 10:11:15.008123,84.05963,84.64825,85.64968
2022-01-24 10:11:15.504481,83.9569,84.54425,85.64968
2022-01-24 10:11:16.002796,83.64747,84.132,85.84572
2022-01-24 10:11:16.506745,84.21434,84.4935,85.84572
2022-01-24 10:11:17.006300,83.9569,84.59625,85.80614
2022-01-24 10:11:17.502279,84.42104,84.803,85.80614
2022-01-24 10:11:18.001131,84.05963,84.3895,85.6101
2022-01-24 10:11:18.506060,83.9569,84.4935,85.6101
2022-01-24 10:11:19.004552,84.00888,84.4415,85.13885
2022-01-24 10:11:19.509894,83.90492,84.4935,85.13885
2022-01-24 10:11:20.005208,84.36905,84.699,85.80614
2022-01-24 10:11:20.502048,83.64747,84.3895,85.80614
2022-01-24 10:11:21.010734,84.11161,84.132,86.82781
2022-01-24 10:11:21.507598,84.36905,84.4935,86.82781
2022-01-24 10:11:22.007385,83.9569,84.4935,85.37447
2022-01-24 10:11:22.506025,84.52377,84.95775,85.37447
2022-01-24 10:11:23.004346,83.64747,84.184,85.88531
2022-01-24 10:11:23.511022,84.26632,84.59625,85.88531
2022-01-24 10:11:24.010285,83.7502,84.54425,85.64968
2022-01-24 10:11:24.508764,84.11161,84.33875,85.64968
2022-01-24 10:11:25.007044,84.21434,84.4415,85.64968
2022-01-24 10:11:25.501808,83.85417,84.02925,85.64968
2022-01-24 10:11:26.010182,84.21434,84.751,85.41406
2022-01-24 10:11:26.506870,84.00888,84.4415,85.41406
2022-01-24 10:11:27.005869,84.00888,84.3895,86.08135
2022-01-24 10:11:27.501435,84.00888,84.59625,86.08135
2022-01-24 10:11:28.009829,83.7502,83.97725,85.72791
2022-01-24 10:11:28.505414,84.26632,84.751,85.72791
2022-01-24 10:11:29.003276,83.69946,83.97725,85.41406
2022-01-24 10:11:29.509334,84.78245,85.318,85.41406
2022-01-24 10:11:30.007935,83.54475,83.92525,86.51301
2022-01-24 10:11:30.503221,84.31831,84.4935,86.51301
2022-01-24 10:11:31.002753,84.36905,84.90575,85.53187
2022-01-24 10:11:31.501753,83.9569,84.4415,85.53187
2022-01-24 10:11:32.010752,83.90492,84.3895,86.78822
2022-01-24 10:11:32.506900,83.85417,84.28675,86.78822
2022-01-24 10:11:33.004853,84.31831,84.803,85.80614
2022-01-24 10:11:33.509839,83.9569,84.64825,85.80614
2022-01-24 10:11:34.007463,84.21434,84.59625,85.84572
2022-01-24 10:11:34.503841,83.69946,83.92525,85.84572
2022-01-24 10:11:35.001877,84.52377,84.59625,84.94281
2022-01-24 10:11:35.508107,83.54475,84.28675,84.94281
2022-01-24 10:11:36.008342,84.11161,84.54425,86.78822
2022-01-24 10:11:36.504729,84.00888,84.28675,86.78822
2022-01-24 10:11:37.003718,84.00888,84.59625,85.49229
2022-01-24 10:11:37.510332,84.42104,84.803,85.49229
2022-01-24 10:11:38.009101,83.7502,84.132,86.00312
2022-01-24 10:11:38.505540,84.47302,84.751,86.00312
2022-01-24 10:11:39.003436,83.69946,84.132,86.08135
2022-01-24 10:11:39.508947,84.26632,84.4935,86.08135
2022-01-24 10:11:40.008929,83.7502,84.3895,85.37447
2022-01-24 10:11:40.505684,84.00888,84.3895,85.37447
2022-01-24 10:11:41.003714,84.42104,84.751,85.57051
2022-01-24 10:11:41.509624,83.49276,83.92525,85.57051
2022-01-24 10:11:42.007762,84.52377,84.90575,86.43479
2022-01-24 10:11:42.503719,83.64747,84.3895,86.43479
2022-01-24 10:11:43.001499,84.26632,84.54425,85.37447
2022-01-24 10:11:43.507143,83.9569,84.23475,85.37447
2022-01-24 10:11:44.005895,84.00888,84.4415,85.6101
2022-01-24 10:11:44.502790,84.00888,84.28675,85.6101
2022-01-24 10:11:45.002629,83.9569,84.28675,85.6101
2022-01-24 10:11:45.508981,84.21434,84.3895,85.6101
2022-01-24 10:11:46.008274,83.85417,84.4935,85.49229
2022-01-24 10:11:46.503587,84.36905,84.699,85.49229
2022-01-24 10:11:47.002035,83.64747,84.02925,85.37447
2022-01-24 10:11:47.508228,84.1636,84.4415,85.37447
2022-01-24 10:11:48.006768,84.52377,85.0605,85.88531
2022-01-24 10:11:48.506195,83.59549,84.02925,85.88531
2022-01-24 10:11:49.004326,84.1636,84.59625,85.49229
2022-01-24 10:11:49.504100,83.9569,84.4935,85.49229
2022-01-24 10:11:50.002867,84.00888,84.23475,85.21708
2022-01-24 10:11:50.508786,84.05963,84.803,85.21708
2022-01-24 10:11:51.007893,83.80219,84.08,85.41406
2022-01-24 10:11:51.503019,84.67848,84.751,85.41406
2022-01-24 10:11:52.001264,83.69946,84.28675,85.72791
2022-01-24 10:11:52.508729,83.80219,84.23475,85.72791
2022-01-24 10:11:53.007416,84.05963,84.54425,85.72791
2022-01-24 10:11:53.505962,84.11161,84.33875,85.72791
2022-01-24 10:11:54.006443,84.21434,84.90575,85.29625
2022-01-24 10:11:54.502312,84.05963,84.4935,85.29625
2022-01-24 10:11:55.505393,84.11161,84.54425,85.64968
2022-01-24 10:11:56.004431,84.00888,84.33875,86.31697
2022-01-24 10:11:56.501242,83.69946,84.33875,86.31697
2022-01-24 10:11:57.010179,84.11161,84.54425,84.94281
2022-01-24 10:11:57.506324,83.69946,84.4415,84.94281
2022-01-24 10:11:58.004357,84.1636,84.4935,85.92395
2022-01-24 10:11:58.503293,84.26632,84.699,85.92395
2022-01-24 10:11:59.003435,84.26632,84.64825,85.37447
2022-01-24 10:11:59.510278,84.26632,84.4415,85.37447
2022-01-24 10:12:00.008950,83.59549,84.23475,86.23875
2022-01-24 10:12:00.508042,84.57575,84.803,86.23875
2022-01-24 10:12:01.005422,83.59549,84.132,85.72791
2022-01-24 10:12:01.501570,84.52377,84.803,85.72791
2022-01-24 10:12:02.010896,83.80219,84.33875,85.84572
2022-01-24 10:12:02.506138,84.05963,84.4935,85.84572
2022-01-24 10:12:03.006340,84.62773,84.95775,85.02104
2022-01-24 10:12:03.503651,83.69946,84.23475,85.02104
2022-01-24 10:12:04.002377,84.21434,84.4415,86.19916
2022-01-24 10:12:04.508017,83.59549,84.184,86.19916
2022-01-24 10:12:05.006767,84.31831,84.4935,85.17843
2022-01-24 10:12:05.505979,83.69946,84.28675,85.17843
2022-01-24 10:12:06.004907,84.36905,84.803,85.7675
2022-01-24 10:12:06.503581,84.00888,84.28675,85.7675
2022-01-24 10:12:07.001941,83.90492,84.28675,86.23875
2022-01-24 10:12:07.507303,83.59549,83.7705,86.23875
2022-01-24 10:12:08.006038,84.42104,84.751,236.68531
2022-01-24 10:12:08.511006,84.52377,84.751,236.68531
2022-01-24 10:12:09.001350,82.7192,83.513,221.52614
2022-01-24 10:12:09.509157,84.52377,84.64825,221.52614
2022-01-24 10:12:10.007410,83.9569,84.08,174.79416
2022-01-24 10:12:10.501852,84.36905,84.803,174.79416
2022-01-24 10:12:11.006321,83.85417,84.132,101.12176
2022-01-24 10:12:11.503757,83.33805,83.7705,101.12176
2022-01-24 10:12:12.001554,84.88517,84.803,93.07187
2022-01-24 10:12:12.508112,83.69946,84.4935,93.07187
2022-01-24 10:12:13.006777,84.42104,84.803,93.54312
2022-01-24 10:12:13.502376,83.59549,83.92525,93.54312
2022-01-24 10:12:14.009905,84.26632,84.4415,87.57333
2022-01-24 10:12:14.505372,84.21434,84.3895,87.57333
2022-01-24 10:12:15.004151,84.26632,85.16325,86.35656
2022-01-24 10:12:15.509533,83.64747,84.02925,86.35656
2022-01-24 10:12:16.007678,84.05963,84.699,86.04176
2022-01-24 10:12:16.503948,84.11161,84.59625,86.04176
2022-01-24 10:12:17.001529,84.11161,84.59625,87.06343
2022-01-24 10:12:17.507932,84.21434,84.4935,87.06343
2022-01-24 10:12:18.005611,83.9569,84.08,86.15958
2022-01-24 10:12:18.501875,83.9569,84.4415,86.15958
2022-01-24 10:12:19.009042,84.52377,84.751,85.92395
2022-01-24 10:12:19.504326,83.80219,84.54425,85.92395
2022-01-24 10:12:20.004166,83.90492,84.33875,86.23875
2022-01-24 10:12:20.510380,83.9569,84.751,86.23875
2022-01-24 10:12:21.009433,84.11161,84.3895,86.04176
2022-01-24 10:12:21.503380,84.31831,84.54425,86.04176
2022-01-24 10:12:22.002180,84.11161,84.95775,85.25666
2022-01-24 10:12:22.507174,83.80219,84.02925,85.25666
2022-01-24 10:12:23.005260,84.36905,84.90575,86.12093
2022-01-24 10:12:23.501894,84.1636,84.59625,86.12093
2022-01-24 10:12:24.002316,83.59549,84.4935,86.27739
2022-01-24 10:12:24.510674,84.47302,84.59625,86.27739
2022-01-24 10:12:25.009901,84.00888,84.184,85.57051
2022-01-24 10:12:25.506999,84.21434,84.699,85.57051
2022-01-24 10:12:26.004510,84.11161,84.64825,86.19916
2022-01-24 10:12:26.509482,83.69946,84.33875,86.19916
2022-01-24 10:12:27.009689,84.52377,84.90575,85.4527
2022-01-24 10:12:27.505154,83.59549,84.33875,85.4527
2022-01-24 10:12:28.003476,84.31831,84.4935,86.35656
2022-01-24 10:12:28.508770,84.42104,84.54425,86.35656
2022-01-24 10:12:29.010613,84.05963,84.4415,85.96354
2022-01-24 10:12:29.508725,84.1636,84.33875,85.96354
2022-01-24 10:12:30.006170,83.7502,84.23475,85.68833
2022-01-24 10:12:30.501106,84.47302,84.90575,85.68833
2022-01-24 10:12:31.010540,83.64747,84.4415,86.23875
2022-01-24 10:12:31.506700,84.57575,84.90575,86.23875
2022-01-24 10:12:32.004855,83.54475,83.8225,86.43479
2022-01-24 10:12:32.509957,84.73046,85.0605,86.43479
2022-01-24 10:12:33.007356,84.26632,84.4415,85.72791
2022-01-24 10:12:33.505492,83.59549,84.23475,85.72791
2022-01-24 10:12:34.004373,83.90492,84.33875,85.6101
2022-01-24 10:12:35.004960,84.11161,84.54425,85.33489
2022-01-24 10:12:35.506061,83.85417,84.4935,85.33489
2022-01-24 10:12:36.006014,83.85417,84.23475,86.31697
2022-01-24 10:12:36.502431,84.26632,84.33875,86.31697
2022-01-24 10:12:37.003119,84.21434,84.90575,86.19916
2022-01-24 10:12:37.505878,83.9569,84.33875,86.19916
2022-01-24 10:12:38.002839,84.05963,84.751,85.37447
2022-01-24 10:12:38.509928,84.11161,84.4415,85.37447
2022-01-24 10:12:39.007797,84.00888,84.59625,85.68833
2022-01-24 10:12:39.502876,84.52377,84.95775,85.68833
2022-01-24 10:12:40.001898,83.69946,83.92525,85.88531
2022-01-24 10:12:40.507845,84.11161,84.59625,85.88531
2022-01-24 10:12:41.006079,83.69946,83.8225,85.29625
2022-01-24 10:12:41.502453,84.31831,85.0605,85.29625
2022-01-24 10:12:42.010796,83.80219,84.3895,86.12093
2022-01-24 10:12:42.506941,83.90492,84.4935,86.12093
2022-01-24 10:12:43.007943,84.11161,84.28675,85.64968
2022-01-24 10:12:43.504844,84.31831,84.4415,85.64968
2022-01-24 10:12:44.002752,84.21434,84.699,86.90604
2022-01-24 10:12:44.508058,83.80219,84.132,86.90604
2022-01-24 10:12:45.005889,84.47302,84.95775,85.84572
2022-01-24 10:12:45.502008,83.80219,83.97725,85.84572
2022-01-24 10:12:46.010460,84.05963,84.803,85.29625
2022-01-24 10:12:46.506460,84.11161,84.54425,85.29625
2022-01-24 10:12:47.004805,83.9569,84.02925,85.96354
2022-01-24 10:12:47.501980,84.26632,84.59625,85.96354
2022-01-24 10:12:48.010099,84.21434,84.33875,85.64968
2022-01-24 10:12:48.506356,83.7502,84.3895,85.64968
2022-01-24 10:12:49.004385,84.26632,84.59625,85.37447
2022-01-24 10:12:49.509043,84.05963,84.4935,85.37447
2022-01-24 10:12:50.007744,84.1636,84.33875,85.25666
2022-01-24 10:12:50.501940,83.69946,84.28675,85.25666
2022-01-24 10:12:51.010392,83.90492,84.28675,85.92395
2022-01-24 10:12:51.506985,84.47302,84.699,85.92395
2022-01-24 10:12:52.005652,83.64747,84.4935,86.15958
2022-01-24 10:12:52.503618,84.21434,84.751,86.15958
2022-01-24 10:12:53.003142,84.05963,84.64825,85.33489
2022-01-24 10:12:53.509808,84.1636,84.3895,85.33489
2022-01-24 10:12:54.007512,84.05963,84.699,86.43479
2022-01-24 10:12:54.502611,83.90492,84.08,86.43479
2022-01-24 10:12:55.003521,84.31831,84.4935,85.6101
2022-01-24 10:12:55.508999,83.90492,84.699,85.6101
2022-01-24 10:12:56.007262,84.26632,84.699,86.27739
2022-01-24 10:12:56.503813,83.59549,84.08,86.27739
2022-01-24 10:12:57.003354,84.67848,84.95775,86.19916
2022-01-24 10:12:57.503424,83.44078,83.92525,86.19916
2022-01-24 10:12:58.002256,84.36905,84.699,85.96354
2022-01-24 10:12:58.507690,84.1636,84.33875,85.96354
2022-01-24 10:12:59.005804,84.1636,84.4935,85.4527
2022-01-24 10:12:59.503147,84.1636,84.4415,85.4527
2022-01-24 10:13:00.002639,84.00888,84.803,85.7675
2022-01-24 10:13:00.510318,83.7502,84.02925,85.7675
2022-01-24 10:13:01.009131,84.11161,84.699,85.64968
2022-01-24 10:13:01.505116,84.26632,84.59625,85.64968
2022-01-24 10:13:02.003925,84.05963,84.184,85.84572
2022-01-24 10:13:02.510830,84.26632,84.803,85.84572
2022-01-24 10:13:03.010046,84.11161,84.33875,85.92395
2022-01-24 10:13:03.506544,84.11161,84.751,85.92395
2022-01-24 10:13:04.008115,84.21434,84.4935,85.92395
2022-01-24 10:13:04.502097,83.64747,84.54425,85.92395
2022-01-24 10:13:05.010999,84.36905,84.59625,86.00312
2022-01-24 10:13:05.506963,83.85417,84.23475,86.00312
2022-01-24 10:13:06.006667,84.1636,84.751,85.80614
2022-01-24 10:13:06.502742,84.05963,84.33875,85.80614
2022-01-24 10:13:07.001749,83.85417,84.59625,86.00312
2022-01-24 10:13:07.508991,83.64747,83.8745,86.00312
2022-01-24 10:13:08.006886,84.62773,85.1125,85.17843
2022-01-24 10:13:08.503350,83.90492,84.33875,85.17843
2022-01-24 10:13:09.002791,83.69946,84.132,85.41406
2022-01-24 10:13:09.508709,84.42104,84.4935,85.41406
2022-01-24 10:13:10.007710,84.31831,84.4935,86.04176
2022-01-24 10:13:10.503790,83.80219,84.33875,86.04176
2022-01-24 10:13:11.007176,83.9569,84.54425,86.00312
2022-01-24 10:13:11.503701,83.49276,83.97725,86.00312
2022-01-24 10:13:12.003219,84.42104,85.0085,85.17843
2022-01-24 10:13:12.508502,83.85417,84.4935,85.17843
2022-01-24 10:13:13.007114,83.69946,83.97725,85.72791
2022-01-24 10:13:13.503274,84.47302,84.64825,85.72791
2022-01-24 10:13:14.010886,84.00888,84.4415,85.96354
2022-01-24 10:13:14.507510,84.57575,84.95775,85.96354
2022-01-24 10:13:15.006724,83.59549,84.23475,85.64968
2022-01-24 10:13:15.504006,83.7502,84.23475,85.64968
2022-01-24 10:13:16.004960,84.36905,84.85375,86.08135
2022-01-24 10:13:16.510685,84.00888,84.4935,86.08135
2022-01-24 10:13:17.008491,84.42104,84.64825,86.04176
2022-01-24 10:13:17.504185,84.11161,84.4935,86.04176
2022-01-24 10:13:18.003014,84.11161,84.33875,85.92395
2022-01-24 10:13:18.509662,84.05963,84.4935,85.92395
2022-01-24 10:13:19.006651,84.26632,84.751,86.31697
2022-01-24 10:13:19.507382,83.39003,83.8745,86.31697
2022-01-24 10:13:20.005291,84.11161,84.3895,85.4527
2022-01-24 10:13:20.503573,84.00888,84.33875,85.4527
2022-01-24 10:13:21.002645,84.1636,84.751,85.6101
2022-01-24 10:13:21.509335,84.36905,84.699,85.6101
2022-01-24 10:13:22.007950,83.69946,84.132,86.78822
2022-01-24 10:13:22.503704,84.26632,84.54425,86.78822
2022-01-24 10:13:23.002138,83.7502,84.08,85.17843
2022-01-24 10:13:23.507102,84.31831,84.803,85.17843
2022-01-24 10:13:24.004124,83.33805,83.92525,85.7675
2022-01-24 10:13:24.509402,84.42104,84.95775,85.7675
2022-01-24 10:13:25.008600,84.21434,84.4415,85.84572
2022-01-24 10:13:25.506278,84.05963,84.59625,85.84572
2022-01-24 10:13:26.004988,84.31831,84.4935,86.35656
2022-01-24 10:13:26.511102,83.69946,84.184,86.35656
2022-01-24 10:13:27.009754,84.57575,84.95775,85.25666
2022-01-24 10:13:27.504769,83.13135,83.61575,85.25666
2022-01-24 10:13:28.003528,84.57575,85.1125,85.17843
2022-01-24 10:13:28.509947,83.90492,84.132,85.17843
2022-01-24 10:13:29.009397,84.05963,84.59625,85.88531
2022-01-24 10:13:29.508488,84.11161,84.23475,85.88531
2022-01-24 10:13:30.006604,84.05963,84.3895,85.80614
2022-01-24 10:13:30.502109,84.83319,85.16325,85.80614
2022-01-24 10:13:31.009678,83.08061,83.71975,86.43479
2022-01-24 10:13:31.505188,84.36905,84.59625,86.43479
2022-01-24 10:13:32.004710,83.9569,84.28675,85.53187
2022-01-24 10:13:32.510273,84.62773,85.0605,85.53187
2022-01-24 10:13:33.008513,84.1636,84.64825,85.68833
2022-01-24 10:13:33.504598,83.49276,83.8745,85.68833
2022-01-24 10:13:34.004176,84.36905,84.699,85.57051
2022-01-24 10:13:34.509512,84.26632,84.803,85.57051
2022-01-24 10:13:35.008516,84.11161,84.59625,86.19916
2022-01-24 10:13:35.504260,83.80219,84.28675,86.19916
2022-01-24 10:13:36.002775,84.05963,84.33875,85.57051
2022-01-24 10:13:36.508247,84.31831,84.54425,85.57051
2022-01-24 10:13:37.007519,84.05963,84.803,85.7675
2022-01-24 10:13:37.502942,84.00888,84.184,85.7675
2022-01-24 10:13:38.002304,84.11161,84.33875,86.78822
2022-01-24 10:13:38.502294,83.90492,84.28675,86.78822
2022-01-24 10:13:39.010679,84.36905,84.95775,85.84572
2022-01-24 10:13:39.508176,83.9569,84.33875,85.84572
2022-01-24 10:13:40.007479,83.9569,84.02925,86.23875
2022-01-24 10:13:40.503617,84.26632,84.751,86.23875
2022-01-24 10:13:41.002298,84.00888,84.4415,85.84572
2022-01-24 10:13:41.508194,84.05963,84.64825,85.84572
2022-01-24 10:13:42.002309,84.1636,84.699,86.12093
2022-01-24 10:13:42.510692,83.28607,83.8225,86.12093
2022-01-24 10:13:43.009825,84.73046,85.0085,85.72791
2022-01-24 10:13:43.505525,84.26632,84.3895,85.72791
2022-01-24 10:13:44.004728,83.54475,84.08,86.31697
2022-01-24 10:13:44.508373,84.26632,84.59625,86.31697
2022-01-24 10:13:45.009493,83.85417,84.3895,85.29625
2022-01-24 10:13:45.507898,84.62773,84.95775,85.29625
2022-01-24 10:13:46.007782,83.54475,84.132,85.6101
2022-01-24 10:13:46.505697,84.31831,84.751,85.6101
2022-01-24 10:13:47.007822,84.21434,84.3895,85.41406
2022-01-24 10:13:47.504449,84.36905,84.751,85.41406
2022-01-24 10:13:48.005539,84.05963,84.3895,86.04176
2022-01-24 10:13:48.501189,83.64747,84.184,86.04176
2022-01-24 10:13:49.009644,84.31831,84.699,85.37447
2022-01-24 10:13:49.506571,83.33805,83.8745,85.37447
2022-01-24 10:13:50.005831,84.73046,85.0605,85.7675
2022-01-24 10:13:50.501056,83.7502,83.97725,85.7675
2022-01-24 10:13:51.001503,84.26632,84.59625,85.57051
2022-01-24 10:13:51.507121,84.26632,84.4935,85.57051
2022-01-24 10:13:52.005504,83.33805,83.8745,85.7675
2022-01-24 10:13:52.503639,84.62773,85.0085,85.7675
2022-01-24 10:13:53.004642,83.44078,83.92525,85.4527
2022-01-24 10:13:53.502719,84.42104,85.0605,85.4527
2022-01-24 10:13:54.011181,83.59549,84.02925,85.53187
2022-01-24 10:13:54.503364,84.47302,84.751,85.53187
2022-01-24 10:13:55.002843,83.90492,84.184,84.94281
2022-01-24 10:13:55.508928,84.05963,84.4935,84.94281
2022-01-24 10:13:56.009717,83.59549,84.08,86.23875
2022-01-24 10:13:56.506999,83.7502,84.132,86.23875
2022-01-24 10:13:57.005733,84.47302,85.0605,86.00312
2022-01-24 10:13:57.503785,83.69946,84.54425,86.00312
2022-01-24 10:13:58.002292,84.00888,84.28675,86.19916
2022-01-24 10:13:58.508950,84.1636,84.28675,86.19916
2022-01-24 10:13:59.007018,84.42104,84.85375,85.37447
2022-01-24 10:13:59.501782,83.9569,84.33875,85.37447
2022-01-24 10:14:00.009915,84.00888,84.4935,86.74864
2022-01-24 10:14:00.502625,83.69946,84.08,86.74864
2022-01-24 10:14:01.001538,84.00888,84.751,85.84572
2022-01-24 10:14:01.509884,84.11161,84.699,85.84572
2022-01-24 10:14:02.008436,84.00888,84.23475,85.7675
2022-01-24 10:14:02.504452,84.47302,84.59625,85.7675
2022-01-24 10:14:03.003130,83.64747,83.97725,85.49229
2022-01-24 10:14:03.509066,84.73046,84.85375,85.49229
2022-01-24 10:14:04.007987,83.80219,84.33875,87.18125
2022-01-24 10:14:04.503089,83.69946,84.54425,87.18125
2022-01-24 10:14:05.001260,84.31831,84.64825,85.25666
2022-01-24 10:14:05.508740,83.9569,84.33875,85.25666
2022-01-24 10:14:06.005846,84.42104,84.751,85.53187
2022-01-24 10:14:06.501975,84.05963,84.4415,85.53187
2022-01-24 10:14:07.010788,83.90492,84.3895,85.4527
2022-01-24 10:14:07.505948,84.31831,84.59625,85.4527
2022-01-24 10:14:08.005751,84.1636,84.699,85.25666
2022-01-24 10:14:08.501431,83.9569,84.3895,85.25666
2022-01-24 10:14:09.010423,83.80219,84.184,86.08135
2022-01-24 10:14:09.504993,84.26632,84.4935,86.08135
2022-01-24 10:14:10.004885,84.62773,84.90575,85.53187
2022-01-24 10:14:10.501874,83.49276,83.97725,85.53187
2022-01-24 10:14:11.006830,84.26632,84.751,85.29625
2022-01-24 10:14:11.502797,83.69946,84.184,85.29625
2022-01-24 10:14:12.010730,84.52377,85.0085,85.53187
2022-01-24 10:14:12.508808,83.64747,84.184,85.53187
2022-01-24 10:14:13.009063,83.85417,84.184,85.72791
2022-01-24 10:14:13.503103,84.31831,84.54425,85.72791
2022-01-24 10:14:14.010709,83.85417,84.3895,85.4527
2022-01-24 10:14:14.507769,84.31831,84.59625,85.4527
2022-01-24 10:14:15.009104,83.49276,84.02925,86.04176
2022-01-24 10:14:15.505819,84.52377,85.0085,86.04176
2022-01-24 10:14:16.006383,83.80219,84.3895,86.08135
2022-01-24 10:14:16.505882,84.05963,84.4935,86.08135
2022-01-24 10:14:17.003811,84.31831,84.59625,85.41406
2022-01-24 10:14:17.508915,83.7502,84.184,85.41406
2022-01-24 10:14:18.007762,84.52377,84.95775,85.80614
2022-01-24 10:14:18.505294,83.64747,83.8745,85.80614
2022-01-24 10:14:19.005111,84.42104,84.699,85.72791
2022-01-24 10:14:19.509768,83.80219,84.3895,85.72791
2022-01-24 10:14:20.008547,84.31831,84.54425,86.12093
2022-01-24 10:14:20.503633,83.7502,84.184,86.12093
2022-01-24 10:14:21.002321,84.21434,84.4935,85.33489
2022-01-24 10:14:21.509034,83.9569,84.184,85.33489
2022-01-24 10:14:22.007547,84.00888,84.751,85.4527
2022-01-24 10:14:22.506134,83.9569,84.3895,85.4527
2022-01-24 10:14:23.005245,84.00888,84.64825,85.64968
2022-01-24 10:14:23.504137,84.42104,84.699,85.64968
2022-01-24 10:14:24.004469,83.69946,84.132,86.00312
2022-01-24 10:14:24.501477,84.52377,84.751,86.00312
2022-01-24 10:14:25.010448,83.90492,84.132,86.04176
2022-01-24 10:14:25.506607,84.1636,84.85375,86.04176
2022-01-24 10:14:26.002864,83.69946,84.23475,85.4527
2022-01-24 10:14:26.508633,83.90492,84.3895,85.4527
2022-01-24 10:14:27.008995,84.05963,84.4935,86.23875
2022-01-24 10:14:27.507180,83.85417,84.54425,86.23875
2022-01-24 10:14:28.006550,84.47302,84.54425,86.43479
2022-01-24 10:14:28.503220,84.11161,84.3895,86.43479
2022-01-24 10:14:29.002601,83.85417,84.28675,85.41406
2022-01-24 10:14:29.509055,83.80219,84.23475,85.41406
2022-01-24 10:14:30.007948,83.80219,84.33875,88.51583
2022-01-24 10:14:30.503297,84.31831,84.3895,88.51583
2022-01-24 10:14:31.002512,83.08061,83.66775,229.8126
2022-01-24 10:14:31.508362,84.57575,84.59625,229.8126
2022-01-24 10:14:32.006984,84.05963,84.184,217.12843
2022-01-24 10:14:32.506226,84.57575,84.85375,217.12843
2022-01-24 10:14:33.004906,83.39003,83.8745,138.42968
2022-01-24 10:14:33.501705,83.90492,84.28675,138.42968
2022-01-24 10:14:34.010786,84.31831,84.4415,96.37062
2022-01-24 10:14:34.506000,84.21434,84.90575,96.37062
2022-01-24 10:14:35.004842,83.44078,83.461,92.95406
2022-01-24 10:14:35.501453,84.21434,84.54425,92.95406
2022-01-24 10:14:36.009822,84.05963,84.02925,89.45833
2022-01-24 10:14:36.505687,84.78245,85.37,89.45833
2022-01-24 10:14:37.005939,83.49276,84.08,87.69114
2022-01-24 10:14:37.503124,84.11161,84.4935,87.69114
2022-01-24 10:14:38.010738,84.05963,84.54425,86.15958
2022-01-24 10:14:38.507970,84.21434,84.699,86.15958
2022-01-24 10:14:39.007405,84.36905,84.85375,86.00312
2022-01-24 10:14:39.503482,83.7502,83.8225,86.00312
2022-01-24 10:14:40.003312,84.42104,84.699,86.15958
2022-01-24 10:14:40.508165,84.00888,84.4935,86.15958
2022-01-24 10:14:41.007638,84.36905,84.803,85.7675
2022-01-24 10:14:41.505180,83.64747,84.08,85.7675
2022-01-24 10:14:42.003209,83.9569,84.3895,86.71
2022-01-24 10:14:42.501146,84.00888,84.59625,86.71
2022-01-24 10:14:43.010655,84.47302,84.751,85.80614
2022-01-24 10:14:43.507364,84.52377,84.95775,85.80614
2022-01-24 10:14:44.005867,83.59549,84.02925,86.15958
2022-01-24 10:14:44.502157,84.26632,84.64825,86.15958
2022-01-24 10:14:45.010195,84.21434,84.751,85.4527
2022-01-24 10:14:45.508586,84.11161,84.4415,85.4527
2022-01-24 10:14:46.009731,83.39003,84.08,85.80614
2022-01-24 10:14:46.503770,83.80219,84.184,85.80614
2022-01-24 10:14:47.003171,84.21434,84.54425,85.57051
2022-01-24 10:14:47.509222,84.1636,84.59625,85.57051
2022-01-24 10:14:48.008639,84.52377,84.699,85.53187
2022-01-24 10:14:48.503996,83.69946,84.132,85.53187
2022-01-24 10:14:49.003754,84.42104,84.64825,85.49229
2022-01-24 10:14:49.501645,83.69946,84.33875,85.49229
2022-01-24 10:14:50.001139,84.26632,84.54425,86.12093
2022-01-24 10:14:50.508504,83.9569,84.3895,86.12093
2022-01-24 10:14:51.007995,84.42104,84.90575,85.37447
2022-01-24 10:14:51.502736,83.85417,84.184,85.37447
2022-01-24 10:14:52.009131,84.26632,84.59625,85.13885
2022-01-24 10:14:52.501231,84.05963,84.64825,85.13885
2022-01-24 10:14:53.008530,83.85417,84.54425,85.7675
2022-01-24 10:14:53.505753,84.21434,84.33875,85.7675
2022-01-24 10:14:54.003298,83.7502,84.33875,85.80614
2022-01-24 10:14:54.501547,84.73046,85.1125,85.80614
2022-01-24 10:14:55.003031,84.05963,84.54425,85.21708
2022-01-24 10:14:55.509995,83.54475,84.02925,85.21708
2022-01-24 10:14:56.007870,84.42104,84.699,85.4527
2022-01-24 10:14:56.503481,83.9569,84.4935,85.4527
2022-01-24 10:14:57.011152,84.42104,84.85375,85.57051
2022-01-24 10:14:57.506235,83.69946,84.33875,85.57051
2022-01-24 10:14:58.003870,83.7502,83.8225,85.4527
2022-01-24 10:14:58.510788,84.83319,85.16325,85.4527
2022-01-24 10:14:59.001660,84.00888,84.4935,85.64968
2022-01-24 10:14:59.508055,84.21434,84.59625,85.64968
2022-01-24 10:15:00.005821,83.59549,84.132,85.84572
2022-01-24 10:15:00.510736,84.1636,84.33875,85.84572
2022-01-24 10:15:01.002176,84.21434,84.95775,85.68833
2022-01-24 10:15:01.507923,83.7502,84.184,85.68833
2022-01-24 10:15:02.006491,84.21434,84.59625,85.80614
2022-01-24 10:15:02.501452,83.49276,83.92525,85.80614
2022-01-24 10:15:03.001133,84.42104,84.751,85.37447
2022-01-24 10:15:03.507895,84.42104,84.90575,85.37447
2022-01-24 10:15:04.006236,83.64747,84.132,86.59218
2022-01-24 10:15:04.501339,83.64747,84.184,86.59218
2022-01-24 10:15:05.009522,84.05963,84.4415,86.19916
2022-01-24 10:15:05.504169,84.78245,85.0605,86.19916
2022-01-24 10:15:06.007995,83.69946,84.23475,85.80614
2022-01-24 10:15:06.502618,84.11161,84.54425,85.80614
2022-01-24 10:15:07.010240,83.54475,83.97725,85.21708
2022-01-24 10:15:07.506849,84.88517,85.1125,85.21708
2022-01-24 10:15:08.004145,83.69946,84.28675,85.92395
2022-01-24 10:15:08.509216,83.80219,84.132,85.92395
2022-01-24 10:15:09.007939,84.21434,84.64825,86.12093
2022-01-24 10:15:09.502710,84.57575,84.803,86.12093
2022-01-24 10:15:10.010628,84.00888,84.132,85.53187
2022-01-24 10:15:10.505836,83.80219,84.4415,85.53187
2022-01-24 10:15:11.010783,84.1636,84.3895,85.49229
2022-01-24 10:15:11.509388,83.9569,84.4415,85.49229
2022-01-24 10:15:12.008164,84.26632,84.751,85.7675
2022-01-24 10:15:12.502267,83.80219,84.28675,85.7675
2022-01-24 10:15:13.001410,84.26632,84.85375,85.80614
2022-01-24 10:15:13.507208,84.42104,84.59625,85.80614
2022-01-24 10:15:14.005250,83.85417,84.28675,86.15958
2022-01-24 10:15:14.501652,84.31831,84.4415,86.15958
2022-01-24 10:15:15.010220,83.80219,84.33875,85.80614
2022-01-24 10:15:15.506122,84.26632,84.699,85.80614
2022-01-24 10:15:16.005443,83.54475,84.3895,85.92395
2022-01-24 10:15:16.501118,84.1636,84.4935,85.92395
2022-01-24 10:15:17.009329,84.31831,84.59625,85.13885
2022-01-24 10:15:17.503519,84.05963,84.4935,85.13885
2022-01-24 10:15:18.002142,84.00888,84.28675,85.68833
2022-01-24 10:15:18.509201,83.90492,84.33875,85.68833
2022-01-24 10:15:19.007432,84.47302,84.803,85.88531
2022-01-24 10:15:19.504610,83.28607,84.08,85.88531
2022-01-24 10:15:20.003272,84.52377,84.751,85.4527
2022-01-24 10:15:20.501455,84.00888,84.33875,85.4527
2022-01-24 10:15:21.009912,84.11161,84.4935,85.57051
2022-01-24 10:15:21.505534,84.52377,84.85375,85.57051
2022-01-24 10:15:22.002717,83.85417,84.33875,86.00312
2022-01-24 10:15:22.509289,83.85417,84.08,86.00312
2022-01-24 10:15:23.006983,84.11161,84.90575,85.33489
2022-01-24 10:15:23.503037,83.90492,84.184,85.33489
2022-01-24 10:15:24.010480,84.62773,85.0085,85.72791
2022-01-24 10:15:24.506808,83.64747,83.92525,85.72791
2022-01-24 10:15:25.007996,84.36905,84.4935,85.64968
2022-01-24 10:15:25.503835,84.1636,84.64825,85.64968
2022-01-24 10:15:26.003650,84.26632,84.4415,85.88531
2022-01-24 10:15:26.501109,83.64747,84.3895,85.88531
2022-01-24 10:15:27.504965,83.85417,84.4415,86.00312
2022-01-24 10:15:28.003536,84.42104,84.59625,85.6101
2022-01-24 10:15:28.509778,84.05963,84.4415,85.6101
2022-01-24 10:15:29.010012,83.59549,84.184,85.49229
2022-01-24 10:15:29.505105,84.36905,84.4415,85.49229
2022-01-24 10:15:30.005270,84.26632,84.699,86.00312
2022-01-24 10:15:30.511154,83.69946,84.132,86.00312
2022-01-24 10:15:31.006809,83.85417,84.4415,85.33489
2022-01-24 10:15:31.505929,84.1636,84.4935,85.33489
2022-01-24 10:15:32.005746,84.47302,84.54425,85.53187
2022-01-24 10:15:32.504152,84.11161,84.64825,85.53187
2022-01-24 10:15:33.002714,83.85417,84.184,85.21708
2022-01-24 10:15:33.509124,84.00888,84.64825,85.21708
2022-01-24 10:15:34.008402,84.62773,84.85375,85.33489
2022-01-24 10:15:34.504594,83.39003,84.184,85.33489
2022-01-24 10:15:35.003874,84.26632,84.64825,86.71
2022-01-24 10:15:35.509649,84.05963,84.23475,86.71
2022-01-24 10:15:36.009069,84.00888,84.59625,85.49229
2022-01-24 10:15:36.505738,84.31831,84.699,85.49229
2022-01-24 10:15:37.004951,83.54475,84.02925,85.41406
2022-01-24 10:15:37.509309,84.67848,84.90575,85.41406
2022-01-24 10:15:38.007864,83.33805,84.184,85.72791
2022-01-24 10:15:38.504113,84.78245,85.1125,85.72791
2022-01-24 10:15:39.004184,83.7502,84.02925,86.00312
2022-01-24 10:15:39.510454,84.31831,84.64825,86.00312
2022-01-24 10:15:40.008986,83.9569,84.28675,86.04176
2022-01-24 10:15:40.504593,84.11161,84.751,86.04176
2022-01-24 10:15:41.002411,84.1636,84.33875,85.49229
2022-01-24 10:15:41.507126,83.64747,84.3895,85.49229
2022-01-24 10:15:42.005686,84.21434,84.4415,85.09926
2022-01-24 10:15:42.501454,84.11161,84.4935,85.09926
2022-01-24 10:15:43.006392,84.21434,84.59625,85.37447
2022-01-24 10:15:43.504085,84.11161,84.28675,85.37447
2022-01-24 10:15:44.002144,83.7502,84.33875,86.04176
2022-01-24 10:15:44.507696,84.26632,84.59625,86.04176
2022-01-24 10:15:45.004855,84.05963,84.751,84.98145
2022-01-24 10:15:45.510736,84.21434,84.4935,84.98145
2022-01-24 10:15:46.007838,83.80219,84.28675,86.00312
2022-01-24 10:15:46.503262,84.47302,84.699,86.00312
2022-01-24 10:15:47.001437,84.05963,84.28675,85.6101
2022-01-24 10:15:47.508135,84.36905,84.751,85.6101
2022-01-24 10:15:48.008423,83.64747,84.02925,85.37447
2022-01-24 10:15:48.504293,84.26632,84.95775,85.37447
