時間,回転１,回転２,回転３
2022-01-24 08:00:06.202605,0.0,0.0,0.0
2022-01-24 08:00:06.504794,0.0,0.0,0.0
2022-01-24 08:00:07.004590,0.0,0.0,0.0
2022-01-24 08:00:07.502602,0.0,0.0,0.0
2022-01-24 08:00:08.011081,0.0,0.0,0.0
2022-01-24 08:00:08.505909,0.0,0.0,0.0
2022-01-24 08:00:09.004884,0.0,0.0,0.0
2022-01-24 08:00:09.510005,0.0,0.0,0.0
2022-01-24 08:00:10.008305,0.0,0.0,0.0
2022-01-24 08:00:10.507180,0.0,0.0,0.0
2022-01-24 08:00:11.010675,0.0,0.0,0.0
2022-01-24 08:00:11.506964,0.0,0.0,0.0
2022-01-24 08:00:12.007762,0.0,0.0,0.0
2022-01-24 08:00:12.505135,0.0,0.0,0.0
2022-01-24 08:00:13.004150,0.0,0.0,0.0
2022-01-24 08:00:13.501946,0.0,0.0,0.0
2022-01-24 08:00:14.001019,0.0,0.0,0.0
2022-01-24 08:00:14.509647,0.0,0.0,0.0
2022-01-24 08:00:15.008443,0.0,0.0,0.0
2022-01-24 08:00:15.506388,0.0,0.0,0.0
2022-01-24 08:00:16.005638,0.0,0.0,0.0
2022-01-24 08:00:16.503541,0.0,0.0,0.0
2022-01-24 08:00:17.003155,0.0,0.0,0.0
2022-01-24 08:00:17.509783,0.0,0.0,0.0
2022-01-24 08:00:18.008059,0.0,0.0,0.0
2022-01-24 08:00:18.507431,0.0,0.0,0.0
2022-01-24 08:00:19.003786,0.0,0.0,0.0
2022-01-24 08:00:19.510288,0.0,0.0,0.0
2022-01-24 08:00:20.007732,0.0,0.0,0.0
2022-01-24 08:00:20.505401,0.0,0.0,0.0
2022-01-24 08:00:21.004647,0.0,0.0,0.0
2022-01-24 08:00:22.005459,0.0,0.0,0.0
2022-01-24 08:00:22.510616,0.0,0.0,0.0
2022-01-24 08:00:23.007927,0.0,0.0,0.0
2022-01-24 08:00:23.503797,0.0,0.0,0.0
2022-01-24 08:00:24.002970,0.0,0.0,0.0
2022-01-24 08:00:24.509657,0.0,0.0,0.0
2022-01-24 08:00:25.009723,0.0,0.0,0.0
2022-01-24 08:00:25.507457,0.0,0.0,0.0
2022-01-24 08:00:26.005786,0.0,0.0,0.0
2022-01-24 08:00:27.005242,0.0,0.0,0.0
2022-01-24 08:00:27.503988,0.0,0.0,0.0
2022-01-24 08:00:28.003868,0.0,0.0,0.0
2022-01-24 08:00:28.510989,0.0,0.0,0.0
2022-01-24 08:00:29.010798,0.0,0.0,0.0
2022-01-24 08:00:29.509816,0.0,0.0,0.0
2022-01-24 08:00:30.008531,0.0,0.0,0.0
2022-01-24 08:00:30.508647,0.0,0.0,0.0
2022-01-24 08:00:31.006569,0.0,0.0,0.0
2022-01-24 08:00:31.502785,0.0,0.0,0.0
2022-01-24 08:00:32.011030,0.0,0.0,0.0
2022-01-24 08:00:32.507175,0.0,0.0,0.0
2022-01-24 08:00:33.005709,0.0,0.0,0.0
2022-01-24 08:00:33.501762,0.0,0.0,0.0
2022-01-24 08:00:34.009485,0.0,0.0,0.0
2022-01-24 08:00:34.504763,0.0,0.0,0.0
2022-01-24 08:00:35.003512,0.0,0.0,0.0
2022-01-24 08:00:35.509367,0.0,0.0,0.0
2022-01-24 08:00:36.010526,0.0,0.0,0.0
2022-01-24 08:00:36.506517,0.0,0.0,0.0
2022-01-24 08:00:37.005925,0.0,0.0,0.0
2022-01-24 08:00:37.502472,0.0,0.0,0.0
2022-01-24 08:00:38.004333,0.0,0.0,0.0
2022-01-24 08:00:38.509910,0.0,0.0,0.0
2022-01-24 08:00:39.008550,0.0,0.0,0.0
2022-01-24 08:00:39.505506,0.0,0.0,0.0
2022-01-24 08:00:40.003564,0.0,0.0,0.0
2022-01-24 08:00:40.510979,0.0,0.0,0.0
2022-01-24 08:00:41.009809,0.0,0.0,0.0
2022-01-24 08:00:41.506404,0.0,0.0,0.0
2022-01-24 08:00:42.004745,0.0,0.0,0.0
2022-01-24 08:00:42.510688,0.0,0.0,0.0
2022-01-24 08:00:43.011161,0.0,0.0,0.0
2022-01-24 08:00:43.507973,0.0,0.0,0.0
2022-01-24 08:00:44.007329,0.0,0.0,0.0
2022-01-24 08:00:44.501533,0.0,0.0,0.0
2022-01-24 08:00:45.010670,0.0,0.0,0.0
2022-01-24 08:00:45.505539,0.0,0.0,0.0
2022-01-24 08:00:46.004414,0.0,0.0,0.0
2022-01-24 08:00:46.510403,0.0,0.0,0.0
2022-01-24 08:00:47.007203,0.0,0.0,0.0
2022-01-24 08:00:47.505380,0.0,0.0,0.0
2022-01-24 08:00:48.006750,0.0,0.0,0.0
2022-01-24 08:00:48.502120,0.0,0.0,0.0
2022-01-24 08:00:49.010321,0.0,0.0,0.0
2022-01-24 08:00:49.506718,0.0,0.0,0.0
2022-01-24 08:00:50.006318,0.0,0.0,0.0
2022-01-24 08:00:50.511027,0.0,0.0,0.0
2022-01-24 08:00:51.010071,0.0,0.0,0.0
2022-01-24 08:00:51.504321,0.0,0.0,0.0
2022-01-24 08:00:52.003294,0.0,0.0,0.0
2022-01-24 08:00:52.509985,0.0,0.0,0.0
2022-01-24 08:00:53.007873,0.0,0.0,0.0
2022-01-24 08:00:53.504026,0.0,0.0,0.0
2022-01-24 08:00:54.005988,0.0,0.0,0.0
2022-01-24 08:00:54.503707,0.0,0.0,0.0
2022-01-24 08:00:55.002301,0.0,0.0,0.0
2022-01-24 08:00:55.509006,0.0,0.0,0.0
2022-01-24 08:00:56.007205,0.0,0.0,0.0
2022-01-24 08:00:56.504999,0.0,0.0,0.0
2022-01-24 08:00:57.003571,0.0,0.0,0.0
2022-01-24 08:00:57.511081,0.0,0.0,0.0
2022-01-24 08:00:58.009372,0.0,0.0,0.0
2022-01-24 08:00:58.506547,0.0,0.0,0.0
2022-01-24 08:00:59.004595,0.0,0.0,0.0
2022-01-24 08:00:59.509950,0.0,0.0,0.0
2022-01-24 08:01:00.007484,0.0,0.0,0.0
2022-01-24 08:01:00.510132,0.0,0.0,0.0
2022-01-24 08:01:01.007896,0.0,0.0,0.0
2022-01-24 08:01:01.504349,0.0,0.0,0.0
2022-01-24 08:01:02.001322,0.0,0.0,0.0
2022-01-24 08:01:02.508127,0.0,0.0,0.0
2022-01-24 08:01:03.006380,0.0,0.0,0.0
2022-01-24 08:01:03.503611,0.0,0.0,0.0
2022-01-24 08:01:04.002222,0.0,0.0,0.0
2022-01-24 08:01:04.508537,0.0,0.0,0.0
2022-01-24 08:01:05.007452,0.0,0.0,0.0
2022-01-24 08:01:05.502883,0.0,0.0,0.0
2022-01-24 08:01:06.001998,0.0,0.0,0.0
2022-01-24 08:01:06.507777,0.0,0.0,0.0
2022-01-24 08:01:07.007933,0.0,0.0,0.0
2022-01-24 08:01:07.502775,0.0,0.0,0.0
2022-01-24 08:01:08.505717,0.0,0.0,0.0
2022-01-24 08:01:09.004539,0.0,0.0,0.0
2022-01-24 08:01:09.510705,0.0,0.0,0.0
2022-01-24 08:01:10.008359,0.0,0.0,0.0
2022-01-24 08:01:10.504245,0.0,0.0,0.0
2022-01-24 08:01:11.009742,0.0,0.0,0.0
2022-01-24 08:01:11.506205,0.0,0.0,0.0
2022-01-24 08:01:12.006611,0.0,0.0,0.0
2022-01-24 08:01:12.501648,0.0,0.0,0.0
2022-01-24 08:01:13.009526,0.0,0.0,0.0
2022-01-24 08:01:13.506430,0.0,0.0,0.0
2022-01-24 08:01:14.004832,0.0,0.0,0.0
2022-01-24 08:01:14.510252,0.0,0.0,0.0
2022-01-24 08:01:15.009115,0.0,0.0,0.0
2022-01-24 08:01:15.505131,0.0,0.0,0.0
2022-01-24 08:01:16.004566,0.0,0.0,0.0
2022-01-24 08:01:16.501145,0.0,0.0,0.0
2022-01-24 08:01:17.009493,0.0,0.0,0.0
2022-01-24 08:01:17.504730,0.0,0.0,0.0
2022-01-24 08:01:18.003637,0.0,0.0,0.0
2022-01-24 08:01:18.509055,0.0,0.0,0.0
2022-01-24 08:01:19.008583,0.0,0.0,0.0
2022-01-24 08:01:19.503920,0.0,0.0,0.0
2022-01-24 08:01:20.003756,0.0,0.0,0.0
2022-01-24 08:01:20.501428,0.0,0.0,0.0
2022-01-24 08:01:21.002080,0.0,0.0,0.0
2022-01-24 08:01:21.508757,0.0,0.0,0.0
2022-01-24 08:01:22.007495,0.0,0.0,0.0
2022-01-24 08:01:22.503489,0.0,0.0,0.0
2022-01-24 08:01:23.001138,0.0,0.0,0.0
2022-01-24 08:01:23.506799,0.0,0.0,0.0
2022-01-24 08:01:24.005055,0.0,0.0,0.0
2022-01-24 08:01:24.502584,0.0,0.0,0.0
2022-01-24 08:01:25.010709,0.0,0.0,0.0
2022-01-24 08:01:25.502284,0.0,0.0,0.0
2022-01-24 08:01:26.010553,0.0,0.0,0.0
2022-01-24 08:01:26.505691,0.0,0.0,0.0
2022-01-24 08:01:27.004587,0.0,0.0,0.0
2022-01-24 08:01:27.510793,0.0,0.0,0.0
2022-01-24 08:01:28.008315,0.0,0.0,0.0
2022-01-24 08:01:28.506456,0.0,0.0,0.0
2022-01-24 08:01:29.004497,0.0,0.0,0.0
2022-01-24 08:01:29.509784,0.0,0.0,0.0
2022-01-24 08:01:30.009137,0.0,0.0,0.0
2022-01-24 08:01:30.504821,0.0,0.0,0.0
2022-01-24 08:01:31.002994,0.0,0.0,0.0
2022-01-24 08:01:31.508658,0.0,0.0,0.0
2022-01-24 08:01:32.007334,0.0,0.0,0.0
2022-01-24 08:01:32.502702,0.0,0.0,0.0
2022-01-24 08:01:33.010741,0.0,0.0,0.0
2022-01-24 08:01:33.506967,0.0,0.0,0.0
2022-01-24 08:01:34.008003,0.0,0.0,0.0
2022-01-24 08:01:34.504922,0.0,0.0,0.0
2022-01-24 08:01:35.003578,0.0,0.0,0.0
2022-01-24 08:01:35.509940,0.0,0.0,0.0
2022-01-24 08:01:36.009221,0.0,0.0,0.0
2022-01-24 08:01:36.505754,0.0,0.0,0.0
2022-01-24 08:01:37.005631,0.0,0.0,0.0
2022-01-24 08:01:37.501801,0.0,0.0,0.0
2022-01-24 08:01:38.010983,0.0,0.0,0.0
2022-01-24 08:01:38.507922,0.0,0.0,0.0
2022-01-24 08:01:39.007480,0.0,0.0,0.0
2022-01-24 08:01:39.503453,0.0,0.0,0.0
2022-01-24 08:01:40.002727,0.0,0.0,0.0
2022-01-24 08:01:40.508603,0.0,0.0,0.0
2022-01-24 08:01:41.009803,0.0,0.0,0.0
2022-01-24 08:01:41.504139,0.0,0.0,0.0
2022-01-24 08:01:42.003435,0.0,0.0,0.0
2022-01-24 08:01:43.004955,0.0,0.0,0.0
2022-01-24 08:01:43.510960,0.0,0.0,0.0
2022-01-24 08:01:44.006797,0.0,0.0,0.0
2022-01-24 08:01:44.501270,0.0,0.0,0.0
2022-01-24 08:01:45.010285,0.0,0.0,0.0
2022-01-24 08:01:45.503902,0.0,0.0,0.0
2022-01-24 08:01:46.001431,0.0,0.0,0.0
2022-01-24 08:01:46.507226,0.0,0.0,0.0
2022-01-24 08:01:47.005055,0.0,0.0,0.0
2022-01-24 08:01:47.510796,0.0,0.0,0.0
2022-01-24 08:01:48.009434,0.0,0.0,0.0
2022-01-24 08:01:48.506354,0.0,0.0,0.0
2022-01-24 08:01:49.004976,0.0,0.0,0.0
2022-01-24 08:01:49.509706,0.0,0.0,0.0
2022-01-24 08:01:50.010386,0.0,0.0,0.0
2022-01-24 08:01:50.505358,0.0,0.0,0.0
2022-01-24 08:01:51.003606,0.0,0.0,0.0
2022-01-24 08:01:51.510891,0.0,0.0,0.0
2022-01-24 08:01:52.008956,0.0,0.0,0.0
2022-01-24 08:01:52.506839,0.0,0.0,0.0
2022-01-24 08:01:53.005049,0.0,0.0,0.0
2022-01-24 08:01:53.511139,0.0,0.0,0.0
2022-01-24 08:01:54.008330,0.0,0.0,0.0
2022-01-24 08:01:54.503037,0.0,0.0,0.0
2022-01-24 08:01:55.002589,0.0,0.0,0.0
2022-01-24 08:01:55.509046,0.0,0.0,0.0
2022-01-24 08:01:56.006704,0.0,0.0,0.0
2022-01-24 08:01:56.502507,0.0,0.0,0.0
2022-01-24 08:01:57.001175,0.0,0.0,0.0
2022-01-24 08:01:57.505744,0.0,0.0,0.0
2022-01-24 08:01:58.003933,0.0,0.0,0.0
2022-01-24 08:01:58.509527,0.0,0.0,0.0
2022-01-24 08:01:59.007885,0.0,0.0,0.0
2022-01-24 08:01:59.504692,0.0,0.0,0.0
2022-01-24 08:02:00.003489,0.0,0.0,0.0
2022-01-24 08:02:00.502739,0.0,0.0,0.0
2022-01-24 08:02:01.002503,0.0,0.0,0.0
2022-01-24 08:02:01.509170,0.0,0.0,0.0
2022-01-24 08:02:02.007262,0.0,0.0,0.0
2022-01-24 08:02:02.503405,0.0,0.0,0.0
2022-01-24 08:02:03.001555,0.0,0.0,0.0
2022-01-24 08:02:03.507987,0.0,0.0,0.0
2022-01-24 08:02:04.007294,0.0,0.0,0.0
2022-01-24 08:02:04.503217,0.0,0.0,0.0
2022-01-24 08:02:05.002425,0.0,0.0,0.0
2022-01-24 08:02:05.507964,0.0,0.0,0.0
2022-01-24 08:02:06.006773,0.0,0.0,0.0
2022-01-24 08:02:06.502211,0.0,0.0,0.0
2022-01-24 08:02:07.011276,0.0,0.0,0.0
2022-01-24 08:02:07.505699,0.0,0.0,0.0
2022-01-24 08:02:08.005359,0.0,0.0,0.0
2022-01-24 08:02:08.501014,0.0,0.0,0.0
2022-01-24 08:02:09.008997,0.0,0.0,0.0
2022-01-24 08:02:09.505936,0.0,0.0,0.0
2022-01-24 08:02:10.003871,0.0,0.0,0.0
2022-01-24 08:02:10.509893,0.0,0.0,0.0
2022-01-24 08:02:11.007184,0.0,0.0,0.0
2022-01-24 08:02:11.504052,0.0,0.0,0.0
2022-01-24 08:02:12.002254,0.0,0.0,0.0
2022-01-24 08:02:12.508925,0.0,0.0,0.0
2022-01-24 08:02:13.007099,0.0,0.0,0.0
2022-01-24 08:02:13.503909,0.0,0.0,0.0
2022-01-24 08:02:14.003212,0.0,0.0,0.0
2022-01-24 08:02:14.511110,0.0,0.0,0.0
2022-01-24 08:02:15.011101,0.0,0.0,0.0
2022-01-24 08:02:15.506279,0.0,0.0,0.0
2022-01-24 08:02:16.004703,0.0,0.0,0.0
2022-01-24 08:02:16.509796,0.0,0.0,0.0
2022-01-24 08:02:17.008281,0.0,0.0,0.0
2022-01-24 08:02:17.503835,0.0,0.0,0.0
2022-01-24 08:02:18.004323,0.0,0.0,0.0
2022-01-24 08:02:18.506438,0.0,0.0,0.0
2022-01-24 08:02:19.004733,0.0,0.0,0.0
2022-01-24 08:02:19.502055,0.0,0.0,0.0
2022-01-24 08:02:20.010823,0.0,0.0,0.0
2022-01-24 08:02:20.505952,0.0,0.0,0.0
2022-01-24 08:02:21.004717,0.0,0.0,0.0
2022-01-24 08:02:21.509723,0.0,0.0,0.0
2022-01-24 08:02:22.009240,0.0,0.0,0.0
2022-01-24 08:02:22.506312,0.0,0.0,0.0
2022-01-24 08:02:23.005085,0.0,0.0,0.0
2022-01-24 08:02:23.509877,0.0,0.0,0.0
2022-01-24 08:02:24.008268,0.0,0.0,0.0
2022-01-24 08:02:24.505729,0.0,0.0,0.0
2022-01-24 08:02:25.003157,0.0,0.0,0.0
2022-01-24 08:02:25.509686,0.0,0.0,0.0
2022-01-24 08:02:26.007313,0.0,0.0,0.0
2022-01-24 08:02:26.503725,0.0,0.0,0.0
2022-01-24 08:02:27.005703,0.0,0.0,0.0
2022-01-24 08:02:27.501304,0.0,0.0,0.0
2022-01-24 08:02:28.010894,0.0,0.0,0.0
2022-01-24 08:02:28.506878,0.0,0.0,0.0
2022-01-24 08:02:29.006404,0.0,0.0,0.0
2022-01-24 08:02:29.502730,0.0,0.0,0.0
2022-01-24 08:02:30.011117,0.0,0.0,0.0
2022-01-24 08:02:30.505561,0.0,0.0,0.0
2022-01-24 08:02:31.001189,0.0,0.0,0.0
2022-01-24 08:02:31.507904,0.0,0.0,0.0
2022-01-24 08:02:32.007195,0.0,0.0,0.0
2022-01-24 08:02:32.509063,0.0,0.0,0.0
2022-01-24 08:02:33.008700,0.0,0.0,0.0
2022-01-24 08:02:33.504097,0.0,0.0,0.0
2022-01-24 08:02:34.004575,0.0,0.0,0.0
2022-01-24 08:02:34.504080,0.0,0.0,0.0
2022-01-24 08:02:35.008504,0.0,0.0,0.0
2022-01-24 08:02:35.511040,0.0,0.0,0.0
2022-01-24 08:02:36.004624,0.0,0.0,0.0
2022-01-24 08:02:36.507842,0.0,0.0,0.0
2022-01-24 08:02:37.002387,0.0,0.0,0.0
2022-01-24 08:02:37.510528,0.0,0.0,0.0
2022-01-24 08:02:38.011196,0.0,0.0,0.0
2022-01-24 08:02:38.510792,0.0,0.0,0.0
2022-01-24 08:02:39.008181,0.0,0.0,0.0
2022-01-24 08:02:39.502692,0.0,0.0,0.0
2022-01-24 08:02:40.009786,0.0,0.0,0.0
2022-01-24 08:02:40.508208,0.0,0.0,0.0
2022-01-24 08:02:41.010008,0.0,0.0,0.0
2022-01-24 08:02:41.505705,0.0,0.0,0.0
2022-01-24 08:02:42.005309,0.0,0.0,0.0
2022-01-24 08:02:42.511189,0.0,0.0,0.0
2022-01-24 08:02:43.008447,0.0,0.0,0.0
2022-01-24 08:02:43.504247,0.0,0.0,0.0
2022-01-24 08:02:44.004133,0.0,0.0,0.0
2022-01-24 08:02:44.510605,0.0,0.0,0.0
2022-01-24 08:02:45.008421,0.0,0.0,0.0
2022-01-24 08:02:45.504555,0.0,0.0,0.0
2022-01-24 08:02:46.003831,0.0,0.0,0.0
2022-01-24 08:02:46.509706,0.0,0.0,0.0
2022-01-24 08:02:47.006938,0.0,0.0,0.0
2022-01-24 08:02:47.501384,0.0,0.0,0.0
2022-01-24 08:02:48.010269,0.0,0.0,0.0
2022-01-24 08:02:48.506458,0.0,0.0,0.0
2022-01-24 08:02:49.004898,0.0,0.0,0.0
2022-01-24 08:02:49.510704,0.0,0.0,0.0
2022-01-24 08:02:50.008145,0.0,0.0,0.0
2022-01-24 08:02:50.503442,0.0,0.0,0.0
2022-01-24 08:02:51.002202,0.0,0.0,0.0
2022-01-24 08:02:51.506766,0.0,0.0,0.0
2022-01-24 08:02:52.005364,0.0,0.0,0.0
2022-01-24 08:02:52.510347,0.0,0.0,0.0
2022-01-24 08:02:53.007460,0.0,0.0,0.0
2022-01-24 08:02:53.503236,0.0,0.0,0.0
2022-01-24 08:02:54.010976,0.0,0.0,0.0
2022-01-24 08:02:54.506329,0.0,0.0,0.0
2022-01-24 08:02:55.004588,0.0,0.0,0.0
2022-01-24 08:02:55.501661,0.0,0.0,0.0
2022-01-24 08:02:56.010708,0.0,0.0,0.0
2022-01-24 08:02:56.507199,0.0,0.0,0.0
2022-01-24 08:02:57.006810,0.0,0.0,0.0
2022-01-24 08:02:57.502759,0.0,0.0,0.0
2022-01-24 08:02:58.001904,0.0,0.0,0.0
2022-01-24 08:02:58.508574,0.0,0.0,0.0
2022-01-24 08:02:59.006889,0.0,0.0,0.0
2022-01-24 08:02:59.505033,0.0,0.0,0.0
2022-01-24 08:03:00.002494,0.0,0.0,0.0
2022-01-24 08:03:00.501533,0.0,0.0,0.0
2022-01-24 08:03:01.009833,0.0,0.0,0.0
2022-01-24 08:03:01.504967,0.0,0.0,0.0
2022-01-24 08:03:02.003667,0.0,0.0,0.0
2022-01-24 08:03:02.509131,0.0,0.0,0.0
2022-01-24 08:03:03.007533,0.0,0.0,0.0
2022-01-24 08:03:03.505928,0.0,0.0,0.0
2022-01-24 08:03:04.003781,0.0,0.0,0.0
2022-01-24 08:03:04.510982,0.0,0.0,0.0
2022-01-24 08:03:05.009701,0.0,0.0,0.0
2022-01-24 08:03:05.504445,0.0,0.0,0.0
2022-01-24 08:03:06.001651,0.0,0.0,0.0
2022-01-24 08:03:06.508078,0.0,0.0,0.0
2022-01-24 08:03:07.007573,0.0,0.0,0.0
2022-01-24 08:03:07.501082,0.0,0.0,0.0
2022-01-24 08:03:08.005829,0.0,0.0,0.0
2022-01-24 08:03:08.503215,0.0,0.0,0.0
2022-01-24 08:03:09.000975,0.0,0.0,0.0
2022-01-24 08:03:09.507579,0.0,0.0,0.0
2022-01-24 08:03:10.006322,0.0,0.0,0.0
2022-01-24 08:03:10.501863,0.0,0.0,0.0
2022-01-24 08:03:11.006583,0.0,0.0,0.0
2022-01-24 08:03:11.505311,0.0,0.0,0.0
2022-01-24 08:03:12.004746,0.0,0.0,0.0
2022-01-24 08:03:12.502197,0.0,0.0,0.0
2022-01-24 08:03:13.001132,0.0,0.0,0.0
2022-01-24 08:03:13.508659,0.0,0.0,0.0
2022-01-24 08:03:14.006962,0.0,0.0,0.0
2022-01-24 08:03:14.502475,0.0,0.0,0.0
2022-01-24 08:03:15.005753,0.0,0.0,0.0
2022-01-24 08:03:15.504112,0.0,0.0,0.0
2022-01-24 08:03:16.004249,0.0,0.0,0.0
2022-01-24 08:03:16.501738,0.0,0.0,0.0
2022-01-24 08:03:17.002334,0.0,0.0,0.0
2022-01-24 08:03:17.509444,0.0,0.0,0.0
2022-01-24 08:03:18.008127,0.0,0.0,0.0
2022-01-24 08:03:18.505912,0.0,0.0,0.0
2022-01-24 08:03:19.005086,0.0,0.0,0.0
2022-01-24 08:03:19.503614,0.0,0.0,0.0
2022-01-24 08:03:20.002689,0.0,0.0,0.0
2022-01-24 08:03:20.509552,0.0,0.0,0.0
2022-01-24 08:03:21.008703,0.0,0.0,0.0
2022-01-24 08:03:21.505139,0.0,0.0,0.0
2022-01-24 08:03:22.004006,0.0,0.0,0.0
2022-01-24 08:03:22.509465,0.0,0.0,0.0
2022-01-24 08:03:23.008568,0.0,0.0,0.0
2022-01-24 08:03:23.505692,0.0,0.0,0.0
2022-01-24 08:03:24.004921,0.0,0.0,0.0
2022-01-24 08:03:24.501442,0.0,0.0,0.0
2022-01-24 08:03:25.001198,0.0,0.0,0.0
2022-01-24 08:03:25.508898,0.0,0.0,0.0
2022-01-24 08:03:26.007405,0.0,0.0,0.0
2022-01-24 08:03:26.502275,0.0,0.0,0.0
2022-01-24 08:03:27.505353,0.0,0.0,0.0
2022-01-24 08:03:28.003583,0.0,0.0,0.0
2022-01-24 08:03:28.510578,0.0,0.0,0.0
2022-01-24 08:03:29.010964,0.0,0.0,0.0
2022-01-24 08:03:29.509741,0.0,0.0,0.0
2022-01-24 08:03:30.009634,0.0,0.0,0.0
2022-01-24 08:03:30.506863,0.0,0.0,0.0
2022-01-24 08:03:31.005765,0.0,0.0,0.0
2022-01-24 08:03:31.504203,0.0,0.0,0.0
2022-01-24 08:03:32.003101,0.0,0.0,0.0
2022-01-24 08:03:32.509469,0.0,0.0,0.0
2022-01-24 08:03:33.009079,0.0,0.0,0.0
2022-01-24 08:03:33.505052,0.0,0.0,0.0
2022-01-24 08:03:34.003304,0.0,0.0,0.0
2022-01-24 08:03:34.510318,0.0,0.0,0.0
2022-01-24 08:03:35.010850,0.0,0.0,0.0
2022-01-24 08:03:35.506356,0.0,0.0,0.0
2022-01-24 08:03:36.005026,0.0,0.0,0.0
2022-01-24 08:03:36.509779,0.0,0.0,0.0
2022-01-24 08:03:37.008657,0.0,0.0,0.0
2022-01-24 08:03:37.506416,0.0,0.0,0.0
2022-01-24 08:03:38.003269,0.0,0.0,0.0
2022-01-24 08:03:38.509805,0.0,0.0,0.0
2022-01-24 08:03:39.008528,0.0,0.0,0.0
2022-01-24 08:03:39.503542,0.0,0.0,0.0
2022-01-24 08:03:40.001230,0.0,0.0,0.0
2022-01-24 08:03:40.507201,0.0,0.0,0.0
2022-01-24 08:03:41.007189,0.0,0.0,0.0
2022-01-24 08:03:41.504462,0.0,0.0,0.0
2022-01-24 08:03:42.003160,0.0,0.0,0.0
2022-01-24 08:03:42.508061,0.0,0.0,0.0
2022-01-24 08:03:43.006504,0.0,0.0,0.0
2022-01-24 08:03:43.503000,0.0,0.0,0.0
2022-01-24 08:03:44.002494,0.0,0.0,0.0
2022-01-24 08:03:44.504915,0.0,0.0,0.0
2022-01-24 08:03:45.003418,0.0,0.0,0.0
2022-01-24 08:03:45.508120,0.0,0.0,0.0
2022-01-24 08:03:46.005955,0.0,0.0,0.0
2022-01-24 08:03:46.503195,0.0,0.0,0.0
2022-01-24 08:03:47.001090,0.0,0.0,0.0
2022-01-24 08:03:47.510720,0.0,0.0,0.0
2022-01-24 08:03:48.009197,0.0,0.0,0.0
2022-01-24 08:03:48.509703,0.0,0.0,0.0
2022-01-24 08:03:49.002399,0.0,0.0,0.0
2022-01-24 08:03:49.509022,0.0,0.0,0.0
2022-01-24 08:03:50.009114,0.0,0.0,0.0
2022-01-24 08:03:50.506560,0.0,0.0,0.0
2022-01-24 08:03:51.005033,0.0,0.0,0.0
2022-01-24 08:03:51.510321,0.0,0.0,0.0
2022-01-24 08:03:52.008280,0.0,0.0,0.0
2022-01-24 08:03:52.505770,0.0,0.0,0.0
2022-01-24 08:03:53.003806,0.0,0.0,0.0
2022-01-24 08:03:53.509511,0.0,0.0,0.0
2022-01-24 08:03:54.007339,0.0,0.0,0.0
2022-01-24 08:03:54.504660,0.0,0.0,0.0
2022-01-24 08:03:55.003235,0.0,0.0,0.0
2022-01-24 08:03:55.507310,0.0,0.0,0.0
2022-01-24 08:03:56.006292,0.0,0.0,0.0
2022-01-24 08:03:56.501742,0.0,0.0,0.0
2022-01-24 08:03:57.010637,0.0,0.0,0.0
2022-01-24 08:03:57.508073,0.0,0.0,0.0
2022-01-24 08:03:58.007538,0.0,0.0,0.0
2022-01-24 08:03:58.503219,0.0,0.0,0.0
2022-01-24 08:03:59.002768,0.0,0.0,0.0
2022-01-24 08:03:59.508763,0.0,0.0,0.0
2022-01-24 08:04:00.007248,0.0,0.0,0.0
2022-01-24 08:04:00.507046,0.0,0.0,0.0
2022-01-24 08:04:01.008644,0.0,0.0,0.0
2022-01-24 08:04:01.503708,0.0,0.0,0.0
2022-01-24 08:04:02.003626,0.0,0.0,0.0
2022-01-24 08:04:02.509511,0.0,0.0,0.0
2022-01-24 08:04:03.007938,0.0,0.0,0.0
2022-01-24 08:04:03.505828,0.0,0.0,0.0
2022-01-24 08:04:04.004344,0.0,0.0,0.0
2022-01-24 08:04:04.510085,0.0,0.0,0.0
2022-01-24 08:04:05.009255,0.0,0.0,0.0
2022-01-24 08:04:05.507383,0.0,0.0,0.0
2022-01-24 08:04:06.004488,0.0,0.0,0.0
2022-01-24 08:04:06.510806,0.0,0.0,0.0
2022-01-24 08:04:07.010267,0.0,0.0,0.0
2022-01-24 08:04:07.505717,0.0,0.0,0.0
2022-01-24 08:04:08.004597,0.0,0.0,0.0
2022-01-24 08:04:08.510242,0.0,0.0,0.0
2022-01-24 08:04:09.009253,0.0,0.0,0.0
2022-01-24 08:04:09.508318,0.0,0.0,0.0
2022-01-24 08:04:10.006829,0.0,0.0,0.0
2022-01-24 08:04:10.505700,0.0,0.0,0.0
2022-01-24 08:04:11.505454,0.0,0.0,0.0
2022-01-24 08:04:12.004893,0.0,0.0,0.0
2022-01-24 08:04:12.507550,0.0,0.0,0.0
2022-01-24 08:04:13.006375,0.0,0.0,0.0
2022-01-24 08:04:13.502362,0.0,0.0,0.0
2022-01-24 08:04:14.001200,0.0,0.0,0.0
2022-01-24 08:04:14.505531,0.0,0.0,0.0
2022-01-24 08:04:15.004525,0.0,0.0,0.0
2022-01-24 08:04:15.510322,0.0,0.0,0.0
2022-01-24 08:04:16.008150,0.0,0.0,0.0
2022-01-24 08:04:16.504600,0.0,0.0,0.0
2022-01-24 08:04:17.002160,0.0,0.0,0.0
2022-01-24 08:04:17.508229,0.0,0.0,0.0
2022-01-24 08:04:18.007697,0.0,0.0,0.0
2022-01-24 08:04:18.503899,0.0,0.0,0.0
2022-01-24 08:04:19.003118,0.0,0.0,0.0
2022-01-24 08:04:19.510290,0.0,0.0,0.0
2022-01-24 08:04:20.009932,0.0,0.0,0.0
2022-01-24 08:04:20.504559,0.0,0.0,0.0
2022-01-24 08:04:21.002442,0.0,0.0,0.0
2022-01-24 08:04:21.507947,0.0,0.0,0.0
2022-01-24 08:04:22.008239,0.0,0.0,0.0
2022-01-24 08:04:22.505106,0.0,0.0,0.0
2022-01-24 08:04:23.003654,0.0,0.0,0.0
2022-01-24 08:04:23.509650,0.0,0.0,0.0
2022-01-24 08:04:24.007785,0.0,0.0,0.0
2022-01-24 08:04:24.504848,0.0,0.0,0.0
2022-01-24 08:04:25.003516,0.0,0.0,0.0
2022-01-24 08:04:25.508529,0.0,0.0,0.0
2022-01-24 08:04:26.010540,0.0,0.0,0.0
2022-01-24 08:04:26.506749,0.0,0.0,0.0
2022-01-24 08:04:27.007995,0.0,0.0,0.0
2022-01-24 08:04:27.503600,0.0,0.0,0.0
2022-01-24 08:04:28.003407,0.0,0.0,0.0
2022-01-24 08:04:28.510201,0.0,0.0,0.0
2022-01-24 08:04:29.010280,0.0,0.0,0.0
2022-01-24 08:04:29.505773,0.0,0.0,0.0
2022-01-24 08:04:30.006883,0.0,0.0,0.0
2022-01-24 08:04:30.506272,0.0,0.0,0.0
2022-01-24 08:04:31.006202,0.0,0.0,0.0
2022-01-24 08:04:31.502004,0.0,0.0,0.0
2022-01-24 08:04:32.010787,0.0,0.0,0.0
2022-01-24 08:04:32.506210,0.0,0.0,0.0
2022-01-24 08:04:33.002631,0.0,0.0,0.0
2022-01-24 08:04:33.510766,0.0,0.0,0.0
2022-01-24 08:04:34.010122,0.0,0.0,0.0
2022-01-24 08:04:34.506285,0.0,0.0,0.0
2022-01-24 08:04:35.003719,0.0,0.0,0.0
2022-01-24 08:04:35.509181,0.0,0.0,0.0
2022-01-24 08:04:36.007929,0.0,0.0,0.0
2022-01-24 08:04:36.502893,0.0,0.0,0.0
2022-01-24 08:04:37.004132,0.0,0.0,0.0
2022-01-24 08:04:37.501940,0.0,0.0,0.0
2022-01-24 08:04:38.009253,0.0,0.0,0.0
2022-01-24 08:04:38.505189,0.0,0.0,0.0
2022-01-24 08:04:39.004520,0.0,0.0,0.0
2022-01-24 08:04:39.502306,0.0,0.0,0.0
2022-01-24 08:04:40.011155,0.0,0.0,0.0
2022-01-24 08:04:40.507210,0.0,0.0,0.0
2022-01-24 08:04:41.005920,0.0,0.0,0.0
2022-01-24 08:04:41.502646,0.0,0.0,0.0
2022-01-24 08:04:42.001637,0.0,0.0,0.0
2022-01-24 08:04:42.508197,0.0,0.0,0.0
2022-01-24 08:04:43.006334,0.0,0.0,0.0
2022-01-24 08:04:43.501200,0.0,0.0,0.0
2022-01-24 08:04:44.001703,0.0,0.0,0.0
2022-01-24 08:04:44.507693,0.0,0.0,0.0
2022-01-24 08:04:45.006267,0.0,0.0,0.0
2022-01-24 08:04:45.502292,0.0,0.0,0.0
2022-01-24 08:04:46.002912,0.0,0.0,0.0
2022-01-24 08:04:46.509725,0.0,0.0,0.0
2022-01-24 08:04:47.007887,0.0,0.0,0.0
2022-01-24 08:04:47.502956,0.0,0.0,0.0
2022-01-24 08:04:48.000994,0.0,0.0,0.0
2022-01-24 08:04:48.504490,0.0,0.0,0.0
2022-01-24 08:04:49.004448,0.0,0.0,0.0
2022-01-24 08:04:49.509890,0.0,0.0,0.0
2022-01-24 08:04:50.007530,0.0,0.0,0.0
2022-01-24 08:04:50.503377,0.0,0.0,0.0
2022-01-24 08:04:51.002572,0.0,0.0,0.0
2022-01-24 08:04:51.507561,0.0,0.0,0.0
2022-01-24 08:04:52.008423,0.0,0.0,0.0
2022-01-24 08:04:52.504265,0.0,0.0,0.0
2022-01-24 08:04:53.003243,0.0,0.0,0.0
2022-01-24 08:04:53.510268,0.0,0.0,0.0
2022-01-24 08:04:54.008349,0.0,0.0,0.0
2022-01-24 08:04:54.504562,0.0,0.0,0.0
2022-01-24 08:04:55.004538,0.0,0.0,0.0
2022-01-24 08:04:55.503587,0.0,0.0,0.0
2022-01-24 08:04:56.002037,0.0,0.0,0.0
2022-01-24 08:04:56.507401,0.0,0.0,0.0
2022-01-24 08:04:57.005433,0.0,0.0,0.0
2022-01-24 08:04:57.501184,0.0,0.0,0.0
2022-01-24 08:04:58.010148,0.0,0.0,0.0
2022-01-24 08:04:58.506198,0.0,0.0,0.0
2022-01-24 08:04:59.004328,0.0,0.0,0.0
2022-01-24 08:04:59.502374,0.0,0.0,0.0
2022-01-24 08:05:00.002212,0.0,0.0,0.0
2022-01-24 08:05:00.505023,0.0,0.0,0.0
2022-01-24 08:05:01.003883,0.0,0.0,0.0
2022-01-24 08:05:01.501922,0.0,0.0,0.0
2022-01-24 08:05:02.010625,0.0,0.0,0.0
2022-01-24 08:05:02.507281,0.0,0.0,0.0
2022-01-24 08:05:03.007007,0.0,0.0,0.0
2022-01-24 08:05:03.503142,0.0,0.0,0.0
2022-01-24 08:05:04.001765,0.0,0.0,0.0
2022-01-24 08:05:04.507788,0.0,0.0,0.0
2022-01-24 08:05:05.006296,0.0,0.0,0.0
2022-01-24 08:05:05.503903,0.0,0.0,0.0
2022-01-24 08:05:06.007823,0.0,0.0,0.0
2022-01-24 08:05:06.506282,0.0,0.0,0.0
2022-01-24 08:05:07.002468,0.0,0.0,0.0
2022-01-24 08:05:07.507651,0.0,0.0,0.0
2022-01-24 08:05:08.004403,0.0,0.0,0.0
2022-01-24 08:05:08.501400,0.0,0.0,0.0
2022-01-24 08:05:09.006102,0.0,0.0,0.0
2022-01-24 08:05:09.505810,0.0,0.0,0.0
2022-01-24 08:05:10.002787,0.0,0.0,0.0
2022-01-24 08:05:10.508027,0.0,0.0,0.0
2022-01-24 08:05:11.002275,0.0,0.0,0.0
2022-01-24 08:05:11.509257,0.0,0.0,0.0
2022-01-24 08:05:12.009116,0.0,0.0,0.0
2022-01-24 08:05:12.505749,0.0,0.0,0.0
2022-01-24 08:05:13.003853,0.0,0.0,0.0
2022-01-24 08:05:13.508651,0.0,0.0,0.0
2022-01-24 08:05:14.006807,0.0,0.0,0.0
2022-01-24 08:05:14.502337,0.0,0.0,0.0
2022-01-24 08:05:15.010570,0.0,0.0,0.0
2022-01-24 08:05:15.506348,0.0,0.0,0.0
2022-01-24 08:05:16.005304,0.0,0.0,0.0
2022-01-24 08:05:16.502822,0.0,0.0,0.0
2022-01-24 08:05:17.001172,0.0,0.0,0.0
2022-01-24 08:05:17.502360,0.0,0.0,0.0
2022-01-24 08:05:18.010657,0.0,0.0,0.0
2022-01-24 08:05:18.506387,0.0,0.0,0.0
2022-01-24 08:05:19.004521,0.0,0.0,0.0
2022-01-24 08:05:19.502997,0.0,0.0,0.0
2022-01-24 08:05:20.008076,0.0,0.0,0.0
2022-01-24 08:05:20.503304,0.0,0.0,0.0
2022-01-24 08:05:21.003492,0.0,0.0,0.0
2022-01-24 08:05:21.510181,0.0,0.0,0.0
2022-01-24 08:05:22.008447,0.0,0.0,0.0
2022-01-24 08:05:22.503503,0.0,0.0,0.0
2022-01-24 08:05:23.003310,0.0,0.0,0.0
2022-01-24 08:05:23.509126,0.0,0.0,0.0
2022-01-24 08:05:24.007353,0.0,0.0,0.0
2022-01-24 08:05:24.503389,0.0,0.0,0.0
2022-01-24 08:05:25.002424,0.0,0.0,0.0
2022-01-24 08:05:25.509824,0.0,0.0,0.0
2022-01-24 08:05:26.007984,0.0,0.0,0.0
2022-01-24 08:05:26.503565,0.0,0.0,0.0
2022-01-24 08:05:27.002679,0.0,0.0,0.0
2022-01-24 08:05:27.509970,0.0,0.0,0.0
2022-01-24 08:05:28.008456,0.0,0.0,0.0
2022-01-24 08:05:28.503065,0.0,0.0,0.0
2022-01-24 08:05:29.001952,0.0,0.0,0.0
2022-01-24 08:05:29.509062,0.0,0.0,0.0
2022-01-24 08:05:30.008241,0.0,0.0,0.0
2022-01-24 08:05:30.503708,0.0,0.0,0.0
2022-01-24 08:05:31.002442,0.0,0.0,0.0
2022-01-24 08:05:31.509731,0.0,0.0,0.0
2022-01-24 08:05:32.008044,0.0,0.0,0.0
2022-01-24 08:05:32.503212,0.0,0.0,0.0
2022-01-24 08:05:33.004563,0.0,0.0,0.0
2022-01-24 08:05:33.511135,0.0,0.0,0.0
2022-01-24 08:05:34.009844,0.0,0.0,0.0
2022-01-24 08:05:34.504400,0.0,0.0,0.0
2022-01-24 08:05:35.002446,0.0,0.0,0.0
2022-01-24 08:05:35.507905,0.0,0.0,0.0
2022-01-24 08:05:36.007499,0.0,0.0,0.0
2022-01-24 08:05:36.501745,0.0,0.0,0.0
2022-01-24 08:05:37.010528,0.0,0.0,0.0
2022-01-24 08:05:37.507276,0.0,0.0,0.0
2022-01-24 08:05:38.005196,0.0,0.0,0.0
2022-01-24 08:05:38.502147,0.0,0.0,0.0
2022-01-24 08:05:39.010273,0.0,0.0,0.0
2022-01-24 08:05:39.506448,0.0,0.0,0.0
2022-01-24 08:05:40.003915,0.0,0.0,0.0
2022-01-24 08:05:40.510662,0.0,0.0,0.0
2022-01-24 08:05:41.009936,0.0,0.0,0.0
2022-01-24 08:05:41.505251,0.0,0.0,0.0
2022-01-24 08:05:42.002750,0.0,0.0,0.0
2022-01-24 08:05:42.508570,0.0,0.0,0.0
2022-01-24 08:05:43.006624,0.0,0.0,0.0
2022-01-24 08:05:43.505100,0.0,0.0,0.0
2022-01-24 08:05:44.004070,0.0,0.0,0.0
2022-01-24 08:05:44.501568,0.0,0.0,0.0
2022-01-24 08:05:45.011062,0.0,0.0,0.0
2022-01-24 08:05:45.507492,0.0,0.0,0.0
2022-01-24 08:05:46.006249,0.0,0.0,0.0
2022-01-24 08:05:46.505069,0.0,0.0,0.0
2022-01-24 08:05:47.003426,0.0,0.0,0.0
2022-01-24 08:05:47.509801,0.0,0.0,0.0
2022-01-24 08:05:48.008017,0.0,0.0,0.0
2022-01-24 08:05:48.508010,0.0,0.0,0.0
2022-01-24 08:05:49.006496,0.0,0.0,0.0
2022-01-24 08:05:49.501945,0.0,0.0,0.0
2022-01-24 08:05:50.010010,0.0,0.0,0.0
2022-01-24 08:05:50.509887,0.0,0.0,0.0
2022-01-24 08:05:51.009858,0.0,0.0,0.0
2022-01-24 08:05:51.504612,0.0,0.0,0.0
2022-01-24 08:05:52.004540,0.0,0.0,0.0
2022-01-24 08:05:52.510474,0.0,0.0,0.0
2022-01-24 08:05:53.008465,0.0,0.0,0.0
2022-01-24 08:05:53.502803,0.0,0.0,0.0
2022-01-24 08:05:54.001871,0.0,0.0,0.0
2022-01-24 08:05:54.507980,0.0,0.0,0.0
2022-01-24 08:05:55.008451,0.0,0.0,0.0
2022-01-24 08:05:55.503875,0.0,0.0,0.0
2022-01-24 08:05:56.002154,0.0,0.0,0.0
2022-01-24 08:05:56.509153,0.0,0.0,0.0
2022-01-24 08:05:57.007786,0.0,0.0,0.0
2022-01-24 08:05:57.503002,0.0,0.0,0.0
2022-01-24 08:05:58.001529,0.0,0.0,0.0
2022-01-24 08:05:58.501714,0.0,0.0,0.0
2022-01-24 08:05:59.009764,0.0,0.0,0.0
2022-01-24 08:05:59.505695,0.0,0.0,0.0
2022-01-24 08:06:00.005212,0.0,0.0,0.0
2022-01-24 08:06:00.500987,0.0,0.0,0.0
2022-01-24 08:06:01.010332,0.0,0.0,0.0
2022-01-24 08:06:01.506397,0.0,0.0,0.0
2022-01-24 08:06:02.004404,0.0,0.0,0.0
2022-01-24 08:06:02.510616,0.0,0.0,0.0
2022-01-24 08:06:03.009103,0.0,0.0,0.0
2022-01-24 08:06:03.506794,0.0,0.0,0.0
2022-01-24 08:06:04.005012,0.0,0.0,0.0
2022-01-24 08:06:04.501904,0.0,0.0,0.0
2022-01-24 08:06:05.001242,0.0,0.0,0.0
2022-01-24 08:06:05.507041,0.0,0.0,0.0
2022-01-24 08:06:06.005497,0.0,0.0,0.0
2022-01-24 08:06:06.501841,0.0,0.0,0.0
2022-01-24 08:06:07.011703,0.0,0.05075,0.0
2022-01-24 08:06:07.507431,4.07327,0.10275,0.0
2022-01-24 08:06:08.006014,8.40522,9.8,0.0
2022-01-24 08:06:08.511878,7.83835,10.93525,0.0
2022-01-24 08:06:09.003708,6.91007,8.71675,0.0
2022-01-24 08:06:09.511109,12.11832,7.84025,0.0
2022-01-24 08:06:10.010016,13.76941,13.2565,0.0
2022-01-24 08:06:10.506051,13.408,17.0225,0.0
2022-01-24 08:06:11.010294,15.72869,16.14475,0.0
2022-01-24 08:06:11.505993,18.1521,14.70125,0.0
2022-01-24 08:06:12.004786,18.3588,19.91075,0.0
2022-01-24 08:06:12.502216,19.49377,21.51025,0.0
2022-01-24 08:06:13.010950,20.88618,19.85875,0.0
2022-01-24 08:06:13.501946,21.65975,19.3945,0.0
2022-01-24 08:06:14.506451,24.03118,25.327,0.0
2022-01-24 08:06:15.005696,25.26888,24.29575,0.0
2022-01-24 08:06:15.501975,26.35187,27.39075,0.0
2022-01-24 08:06:16.002318,26.91997,28.52475,0.0
2022-01-24 08:06:16.510013,27.95097,27.751,0.0
2022-01-24 08:06:17.008596,28.93123,28.31925,0.0
2022-01-24 08:06:17.506233,28.72454,29.9175,0.0
2022-01-24 08:06:18.004892,28.93123,29.4025,0.0
2022-01-24 08:06:18.503206,29.4981,29.81475,0.0
2022-01-24 08:06:19.003613,29.13669,29.66,0.0
2022-01-24 08:06:19.509957,28.98198,28.93825,0.0
2022-01-24 08:06:20.003506,29.24066,29.76275,0.0
2022-01-24 08:06:20.508220,29.65281,29.19575,0.0
2022-01-24 08:06:21.007078,29.08595,28.62875,0.0
2022-01-24 08:06:21.511325,28.4671,28.1125,0.0
2022-01-24 08:06:22.011140,27.12543,29.093,0.0
2022-01-24 08:06:22.507150,26.19715,28.37,0.0
2022-01-24 08:06:23.004853,25.11417,26.35825,0.0
2022-01-24 08:06:23.502427,22.32934,18.7755,0.0
2022-01-24 08:06:24.002350,15.26455,17.07325,0.0
2022-01-24 08:06:24.508416,13.87214,15.88725,0.0
2022-01-24 08:06:25.008563,13.408,13.2565,0.0
2022-01-24 08:06:25.504655,10.88062,8.71675,0.0
2022-01-24 08:06:26.002531,7.94108,7.78825,0.0
2022-01-24 08:06:26.508713,6.60065,7.27325,0.0
2022-01-24 08:06:27.007357,4.69212,5.98325,0.0
2022-01-24 08:06:27.502285,-0.20545,-0.46425,0.0
2022-01-24 08:06:28.011408,-0.66959,-1.95975,0.0
2022-01-24 08:06:28.507420,-0.56686,-0.8245,0.0
2022-01-24 08:06:29.006412,0.05074,0.0,0.0
2022-01-24 08:06:29.502261,0.0,0.05075,0.0
2022-01-24 08:06:30.011031,0.0,0.05075,0.0
2022-01-24 08:06:30.506435,0.0,0.05075,0.0
2022-01-24 08:06:31.006938,0.0,0.05075,0.0
2022-01-24 08:06:31.502477,0.0,0.0,0.0
2022-01-24 08:06:32.001898,0.0,0.05075,0.0
2022-01-24 08:06:32.507810,0.05074,0.05075,0.0
2022-01-24 08:06:33.008094,0.41215,2.57875,0.0
2022-01-24 08:06:33.504321,6.13651,5.7765,0.0
2022-01-24 08:06:34.004198,6.54867,5.2095,0.0
2022-01-24 08:06:34.511396,6.54867,6.4475,0.0
2022-01-24 08:06:35.004035,5.62039,6.4995,0.0
2022-01-24 08:06:35.511476,5.36295,5.93125,0.0
2022-01-24 08:06:36.011440,4.69212,5.2095,0.0
2022-01-24 08:06:36.508166,3.66111,3.9715,0.0
2022-01-24 08:06:37.008330,-0.87629,-1.805,0.0
2022-01-24 08:06:37.505974,-1.95927,-1.95975,0.0
2022-01-24 08:06:38.005089,-1.2377,-0.619,0.0
2022-01-24 08:06:38.503386,0.15471,0.46425,0.0
2022-01-24 08:06:39.004658,0.41215,0.2575,0.0
2022-01-24 08:06:39.502892,0.25744,0.0,0.0
2022-01-24 08:06:40.002191,0.15471,0.0,0.0
2022-01-24 08:06:40.508321,0.0,0.0,0.0
2022-01-24 08:06:41.005748,0.0,0.0,0.0
2022-01-24 08:06:41.504863,0.0,0.0,0.0
2022-01-24 08:06:42.003548,0.0,0.0,0.0
2022-01-24 08:06:42.510685,0.05074,0.05075,0.0
2022-01-24 08:06:43.010186,1.54712,2.6815,0.0
2022-01-24 08:06:43.507443,5.92982,5.31225,0.0
2022-01-24 08:06:44.004658,6.65263,5.31225,0.0
2022-01-24 08:06:44.510308,6.34321,5.93125,0.0
2022-01-24 08:06:45.009405,6.29122,6.705,0.0
2022-01-24 08:06:45.501268,5.92982,6.34475,0.0
2022-01-24 08:06:46.002391,6.29122,6.85975,0.0
2022-01-24 08:06:46.509675,10.21102,9.4905,0.0
2022-01-24 08:06:47.007854,10.31375,10.26425,0.0
2022-01-24 08:06:47.503749,11.03533,11.50225,0.0
2022-01-24 08:06:48.003179,12.63444,12.48275,0.0
2022-01-24 08:06:48.509167,13.82015,13.97825,0.0
2022-01-24 08:06:49.006656,15.26455,15.7845,0.0
2022-01-24 08:06:49.501208,16.96639,16.55825,0.0
2022-01-24 08:06:50.010147,17.58524,17.951,0.0
2022-01-24 08:06:50.506876,18.61624,18.57,0.0
2022-01-24 08:06:51.005151,18.97765,19.189,0.0
2022-01-24 08:06:51.502070,19.75121,20.6845,0.0
2022-01-24 08:06:52.010660,20.98891,21.20075,0.0
2022-01-24 08:06:52.507020,21.8652,22.5935,0.0
2022-01-24 08:06:53.006712,23.5163,23.8315,0.0
2022-01-24 08:06:53.501327,24.59928,24.29575,0.0
2022-01-24 08:06:54.009561,24.85672,25.894,0.0
2022-01-24 08:06:54.508394,26.30112,26.66775,0.0
2022-01-24 08:06:55.007760,28.10569,28.37,0.0
2022-01-24 08:06:55.502009,27.95097,28.422,0.0
2022-01-24 08:06:56.011157,29.13669,28.88625,0.0
2022-01-24 08:06:56.507843,29.39537,29.14375,0.0
2022-01-24 08:06:57.007200,29.08595,29.19575,0.0
2022-01-24 08:06:57.510853,28.82727,29.3505,0.0
2022-01-24 08:06:58.008486,28.77652,29.86675,0.0
2022-01-24 08:06:58.506206,31.25192,30.12425,0.0
2022-01-24 08:06:59.010510,30.21968,29.9695,0.0
2022-01-24 08:06:59.508320,29.24066,30.227,0.0
2022-01-24 08:07:00.007509,28.67255,30.48575,0.0
2022-01-24 08:07:00.504869,28.41511,29.9695,0.0
2022-01-24 08:07:01.003993,30.68382,29.712,0.0
2022-01-24 08:07:01.501198,30.27166,30.6405,0.0
2022-01-24 08:07:02.011119,30.16893,30.331,0.0
2022-01-24 08:07:02.507778,29.44612,29.66,0.0
2022-01-24 08:07:03.008516,30.21968,29.712,0.0
2022-01-24 08:07:03.506840,30.89051,30.43375,0.0
2022-01-24 08:07:04.005557,30.06497,30.279,0.0
2022-01-24 08:07:04.502108,29.85951,30.0215,0.0
2022-01-24 08:07:05.010465,29.34339,30.48575,0.0
2022-01-24 08:07:05.506929,30.47836,30.227,0.0
2022-01-24 08:07:06.005384,30.16893,29.86675,0.0
2022-01-24 08:07:06.510824,29.4981,30.69125,0.0
2022-01-24 08:07:07.010412,29.65281,30.331,0.0
2022-01-24 08:07:07.502768,29.39537,29.76275,0.0
2022-01-24 08:07:08.001756,30.01422,30.227,0.0
2022-01-24 08:07:08.507743,29.80752,30.38175,0.0
2022-01-24 08:07:09.009570,29.4981,29.66,0.0
2022-01-24 08:07:09.505937,30.78778,30.48575,0.0
2022-01-24 08:07:10.003037,30.11695,30.0215,0.0
2022-01-24 08:07:10.507770,29.2914,29.9695,0.0
2022-01-24 08:07:11.004309,29.13669,30.43375,0.0
2022-01-24 08:07:11.509269,29.80752,29.9695,0.0
2022-01-24 08:07:12.008458,30.21968,29.9695,0.0
2022-01-24 08:07:12.508853,29.75554,30.38175,0.0
2022-01-24 08:07:13.006978,28.77652,30.07225,0.0
2022-01-24 08:07:13.503339,28.82727,29.9695,0.0
2022-01-24 08:07:14.011168,31.40663,30.17625,0.0
2022-01-24 08:07:14.507112,30.78778,30.331,0.0
2022-01-24 08:07:15.004924,30.01422,29.86675,0.0
2022-01-24 08:07:15.510085,28.67255,29.81475,0.0
2022-01-24 08:07:16.008759,29.91025,30.5365,0.0
2022-01-24 08:07:16.504886,30.47836,30.0215,0.0
2022-01-24 08:07:17.003205,30.32365,30.38175,0.0
2022-01-24 08:07:17.502511,29.39537,30.43375,0.0
2022-01-24 08:07:18.001063,28.56982,29.81475,0.0
2022-01-24 08:07:18.509298,29.91025,29.9695,0.0
2022-01-24 08:07:19.009319,30.9425,30.6405,0.0
2022-01-24 08:07:19.507305,30.11695,30.12425,0.0
2022-01-24 08:07:20.004523,29.39537,29.608,0.0
2022-01-24 08:07:20.505203,28.67255,30.38175,0.0
2022-01-24 08:07:21.003118,30.68382,30.12425,0.0
2022-01-24 08:07:21.508632,31.19994,29.9695,0.0
2022-01-24 08:07:22.005402,30.01422,30.69125,0.0
2022-01-24 08:07:22.502520,29.39537,30.12425,0.0
2022-01-24 08:07:23.010766,28.31238,29.86675,0.0
2022-01-24 08:07:23.505001,31.09721,30.898,0.0
2022-01-24 08:07:24.003487,30.83853,30.38175,0.0
2022-01-24 08:07:24.501810,30.21968,29.712,0.0
2022-01-24 08:07:25.001708,29.08595,30.07225,0.0
2022-01-24 08:07:25.510470,29.18867,30.43375,0.0
2022-01-24 08:07:26.002103,30.32365,30.12425,0.0
2022-01-24 08:07:26.507654,30.27166,29.86675,0.0
2022-01-24 08:07:27.008691,30.01422,30.43375,0.0
2022-01-24 08:07:27.503605,28.87925,29.9175,0.0
2022-01-24 08:07:28.003020,28.98198,29.86675,0.0
2022-01-24 08:07:28.509709,30.83853,30.74325,0.0
2022-01-24 08:07:29.007456,29.75554,30.227,0.0
2022-01-24 08:07:29.502838,29.65281,30.331,0.0
2022-01-24 08:07:30.001521,28.72454,30.227,0.0
2022-01-24 08:07:30.510387,29.4981,29.76275,0.0
2022-01-24 08:07:31.007588,30.37439,30.227,0.0
2022-01-24 08:07:31.503402,30.06497,30.48575,0.0
2022-01-24 08:07:32.004083,29.7048,30.0215,0.0
2022-01-24 08:07:32.500977,29.24066,30.07225,0.0
2022-01-24 08:07:33.009745,30.68382,30.17625,0.0
2022-01-24 08:07:33.505155,30.01422,30.331,0.0
2022-01-24 08:07:34.004503,29.4981,30.227,0.0
2022-01-24 08:07:34.501318,29.96224,30.12425,0.0
2022-01-24 08:07:35.001205,29.7048,30.43375,0.0
2022-01-24 08:07:35.508171,29.08595,29.86675,0.0
2022-01-24 08:07:36.005770,30.27166,30.17625,0.0
2022-01-24 08:07:36.501310,30.42637,30.43375,0.0
2022-01-24 08:07:37.008376,29.60083,30.07225,0.0
2022-01-24 08:07:37.504448,29.03396,29.9695,0.0
2022-01-24 08:07:38.010838,28.87925,30.43375,0.0
2022-01-24 08:07:38.508502,30.63307,29.9695,0.0
2022-01-24 08:07:39.006551,30.11695,30.331,0.0
2022-01-24 08:07:39.502902,29.80752,30.38175,0.0
2022-01-24 08:07:40.001667,28.56982,30.07225,0.0
2022-01-24 08:07:40.507756,29.96224,29.81475,0.0
2022-01-24 08:07:41.005772,30.7358,30.5365,0.0
2022-01-24 08:07:41.507644,30.06497,30.17625,0.0
2022-01-24 08:07:42.005778,29.7048,29.81475,0.0
2022-01-24 08:07:42.502605,29.85951,30.279,0.0
2022-01-24 08:07:43.001775,30.11695,29.86675,0.0
2022-01-24 08:07:43.508147,30.32365,30.331,0.0
2022-01-24 08:07:44.008264,29.65281,30.43375,0.0
2022-01-24 08:07:44.503959,29.08595,29.9175,0.0
2022-01-24 08:07:45.002177,29.34339,30.07225,0.0
2022-01-24 08:07:45.509214,30.68382,30.43375,0.0
2022-01-24 08:07:46.007714,29.60083,30.12425,0.0
2022-01-24 08:07:46.510957,29.75554,30.331,0.0
2022-01-24 08:07:47.009255,29.18867,30.07225,0.0
2022-01-24 08:07:47.507911,29.91025,29.86675,0.0
2022-01-24 08:07:48.007829,30.16893,30.5365,0.0
2022-01-24 08:07:48.504454,29.4981,30.17625,0.0
2022-01-24 08:07:49.003945,29.91025,30.07225,0.0
2022-01-24 08:07:49.510751,30.06497,29.81475,0.0
2022-01-24 08:07:50.010652,29.96224,30.38175,0.0
2022-01-24 08:07:50.505056,29.60083,30.12425,0.0
2022-01-24 08:07:51.005222,29.4981,30.38175,0.0
2022-01-24 08:07:51.501625,30.27166,30.331,0.0
2022-01-24 08:07:52.010725,30.27166,29.712,0.0
2022-01-24 08:07:52.507780,29.2914,30.38175,0.0
2022-01-24 08:07:53.005100,28.93123,30.5365,0.0
2022-01-24 08:07:53.505175,30.58109,29.86675,0.0
2022-01-24 08:07:54.004554,29.91025,30.0215,0.0
2022-01-24 08:07:55.005281,28.93123,30.0215,0.0
2022-01-24 08:07:55.508805,29.80752,29.86675,0.0
2022-01-24 08:07:56.007459,30.47836,30.5885,0.0
2022-01-24 08:07:56.504854,30.37439,30.279,0.0
2022-01-24 08:07:57.003247,29.7048,30.279,0.0
2022-01-24 08:07:57.510925,29.03396,30.331,0.0
2022-01-24 08:07:58.009563,28.82727,30.0215,0.0
2022-01-24 08:07:58.507548,30.47836,29.9175,0.0
2022-01-24 08:07:59.006960,30.37439,30.5885,0.0
2022-01-24 08:07:59.503807,29.4981,30.43375,0.0
2022-01-24 08:08:00.002193,28.72454,29.76275,0.0
2022-01-24 08:08:00.509463,29.75554,30.12425,0.0
2022-01-24 08:08:01.007641,30.63307,30.5365,0.0
2022-01-24 08:08:01.505291,30.5291,29.86675,0.0
2022-01-24 08:08:02.004398,29.75554,29.81475,0.0
2022-01-24 08:08:02.508912,28.4671,30.69125,0.0
2022-01-24 08:08:03.007586,29.24066,29.76275,0.0
2022-01-24 08:08:03.504609,30.7358,30.0215,0.0
2022-01-24 08:08:04.004289,29.96224,30.331,0.0
2022-01-24 08:08:04.510512,29.2914,29.81475,0.0
2022-01-24 08:08:05.008689,28.10569,29.55725,0.0
2022-01-24 08:08:05.504777,31.45738,30.898,0.0
2022-01-24 08:08:06.004290,30.68382,30.74325,0.0
2022-01-24 08:08:06.502234,30.32365,30.0215,0.0
2022-01-24 08:08:07.001841,28.87925,29.712,0.0
2022-01-24 08:08:07.507306,28.41511,30.279,0.0
2022-01-24 08:08:08.006651,30.32365,30.38175,0.0
2022-01-24 08:08:08.501260,30.21968,30.331,0.0
2022-01-24 08:08:09.010346,29.75554,29.9695,0.0
2022-01-24 08:08:09.506745,28.98198,29.86675,0.0
2022-01-24 08:08:10.004245,30.11695,30.48575,0.0
2022-01-24 08:08:10.503507,30.16893,30.0215,0.0
2022-01-24 08:08:11.009141,30.16893,30.0215,0.0
2022-01-24 08:08:11.505547,29.75554,30.227,0.0
2022-01-24 08:08:12.004315,28.87925,30.38175,0.0
2022-01-24 08:08:12.510026,29.13669,30.07225,0.0
2022-01-24 08:08:13.008114,29.91025,30.331,0.0
2022-01-24 08:08:13.505003,30.01422,30.227,0.0
2022-01-24 08:08:14.003725,30.06497,29.9175,0.0
2022-01-24 08:08:14.502318,29.75554,30.279,0.0
2022-01-24 08:08:15.010702,30.01422,30.38175,0.0
2022-01-24 08:08:15.505643,29.7048,30.07225,0.0
2022-01-24 08:08:16.004134,29.2914,30.07225,0.0
2022-01-24 08:08:16.510349,30.11695,30.279,0.0
2022-01-24 08:08:17.008653,29.85951,30.0215,0.0
2022-01-24 08:08:17.502902,29.24066,29.86675,0.0
2022-01-24 08:08:18.004013,30.16893,30.69125,0.0
2022-01-24 08:08:18.510408,30.63307,30.5885,0.0
2022-01-24 08:08:19.009096,30.01422,29.9695,0.0
2022-01-24 08:08:19.507653,29.91025,30.227,0.0
2022-01-24 08:08:20.002422,29.08595,29.9695,0.0
2022-01-24 08:08:20.507058,29.7048,30.07225,0.0
2022-01-24 08:08:21.005503,30.89051,30.43375,0.0
2022-01-24 08:08:21.501179,30.32365,30.07225,0.0
2022-01-24 08:08:22.010740,29.7048,29.76275,0.0
2022-01-24 08:08:22.508031,28.36313,30.279,0.0
2022-01-24 08:08:23.007343,30.16893,30.38175,0.0
2022-01-24 08:08:23.501769,30.32365,29.9695,0.0
2022-01-24 08:08:24.001813,30.11695,30.0215,0.0
2022-01-24 08:08:24.508446,29.65281,30.5365,0.0
2022-01-24 08:08:25.006640,29.2914,30.43375,0.0
2022-01-24 08:08:25.509418,30.37439,30.48575,0.0
2022-01-24 08:08:26.002189,30.16893,30.279,0.0
2022-01-24 08:08:26.507242,29.96224,29.81475,0.0
2022-01-24 08:08:27.007573,29.08595,30.0215,0.0
2022-01-24 08:08:27.501862,28.98198,30.38175,0.0
2022-01-24 08:08:28.010526,31.09721,30.331,0.0
2022-01-24 08:08:28.509191,30.47836,29.86675,0.0
2022-01-24 08:08:29.006236,30.01422,30.07225,0.0
2022-01-24 08:08:29.502731,29.34339,30.07225,0.0
2022-01-24 08:08:30.001210,29.18867,30.279,0.0
2022-01-24 08:08:30.506731,30.9425,30.5365,0.0
2022-01-24 08:08:31.003347,30.37439,30.331,0.0
2022-01-24 08:08:31.502661,29.91025,30.43375,0.0
2022-01-24 08:08:32.003690,28.98198,30.331,0.0
2022-01-24 08:08:32.510471,29.96224,29.9695,0.0
2022-01-24 08:08:33.009432,30.16893,30.17625,0.0
2022-01-24 08:08:33.506188,30.27166,29.9175,0.0
2022-01-24 08:08:34.004476,29.60083,30.227,0.0
2022-01-24 08:08:34.501033,28.77652,30.331,0.0
2022-01-24 08:08:35.008883,29.7048,29.81475,0.0
2022-01-24 08:08:35.506413,30.7358,30.17625,0.0
2022-01-24 08:08:36.004255,29.85951,30.17625,0.0
2022-01-24 08:08:36.510587,29.75554,30.227,0.0
2022-01-24 08:08:37.010463,29.03396,30.331,0.0
2022-01-24 08:08:37.508949,30.11695,30.43375,0.0
2022-01-24 08:08:38.003741,29.80752,30.12425,0.0
2022-01-24 08:08:38.506746,30.06497,30.0215,0.0
2022-01-24 08:08:39.004693,29.4981,30.227,0.0
2022-01-24 08:08:39.510724,29.4981,29.86675,0.0
2022-01-24 08:08:40.009661,29.96224,30.17625,0.0
2022-01-24 08:08:40.506390,30.16893,30.279,0.0
2022-01-24 08:08:41.005720,29.7048,30.07225,0.0
2022-01-24 08:08:41.508460,30.16893,30.17625,0.0
2022-01-24 08:08:42.006852,29.39537,30.0215,0.0
2022-01-24 08:08:42.503274,29.55008,30.48575,0.0
2022-01-24 08:08:43.002071,30.32365,30.38175,0.0
2022-01-24 08:08:43.508596,30.32365,30.12425,0.0
2022-01-24 08:08:44.006891,29.91025,30.6405,0.0
2022-01-24 08:08:44.502711,29.08595,29.712,0.0
2022-01-24 08:08:45.010846,29.65281,29.86675,0.0
2022-01-24 08:08:45.507389,30.21968,30.6405,0.0
2022-01-24 08:08:46.007894,29.91025,29.9175,0.0
2022-01-24 08:08:46.504615,29.85951,29.4025,0.0
2022-01-24 08:08:47.006866,29.34339,30.48575,0.0
2022-01-24 08:08:47.502891,29.18867,30.331,0.0
2022-01-24 08:08:48.004949,30.68382,30.12425,0.0
2022-01-24 08:08:48.509604,30.68382,30.279,0.0
2022-01-24 08:08:49.010762,29.55008,30.43375,0.0
2022-01-24 08:08:49.506279,28.56982,29.81475,0.0
2022-01-24 08:08:50.003412,29.65281,31.00075,0.0
2022-01-24 08:08:50.502575,30.68382,30.95,0.0
2022-01-24 08:08:51.010776,30.11695,29.76275,0.0
2022-01-24 08:08:51.506400,29.65281,29.66,0.0
2022-01-24 08:08:52.007940,29.03396,30.12425,0.0
2022-01-24 08:08:52.504006,31.09721,30.5365,0.0
2022-01-24 08:08:53.003635,30.37439,29.9175,0.0
2022-01-24 08:08:53.502360,29.4981,29.50525,0.0
2022-01-24 08:08:54.504964,29.7048,30.279,0.0
2022-01-24 08:08:55.004528,30.5291,30.5365,0.0
2022-01-24 08:08:55.503317,29.60083,30.331,0.0
2022-01-24 08:08:56.001889,29.75554,29.81475,0.0
2022-01-24 08:08:56.510305,29.75554,30.5365,0.0
2022-01-24 08:08:57.009949,29.44612,30.227,0.0
2022-01-24 08:08:57.504617,30.16893,30.07225,0.0
2022-01-24 08:08:58.002257,29.91025,30.0215,0.0
2022-01-24 08:08:58.504061,29.75554,30.17625,0.0
2022-01-24 08:08:59.002778,29.85951,30.07225,0.0
2022-01-24 08:08:59.510375,29.60083,30.279,0.0
2022-01-24 08:09:00.008071,29.60083,30.279,0.0
2022-01-24 08:09:00.505162,30.27166,29.9695,0.0
2022-01-24 08:09:01.003866,30.32365,30.38175,0.0
2022-01-24 08:09:01.508565,30.01422,30.6405,0.0
2022-01-24 08:09:02.006649,29.03396,29.86675,0.0
2022-01-24 08:09:02.504378,29.2914,30.17625,0.0
2022-01-24 08:09:03.002395,30.21968,30.5365,0.0
2022-01-24 08:09:03.507741,30.01422,29.9175,0.0
2022-01-24 08:09:04.008168,30.11695,29.712,0.0
2022-01-24 08:09:04.504119,28.98198,30.48575,0.0
2022-01-24 08:09:05.003662,29.75554,30.0215,0.0
2022-01-24 08:09:05.510469,30.37439,29.81475,0.0
2022-01-24 08:09:06.008240,29.7048,30.43375,0.0
2022-01-24 08:09:06.503792,29.7048,30.0215,0.0
2022-01-24 08:09:07.002871,29.4981,30.07225,0.0
2022-01-24 08:09:07.508115,30.06497,30.74325,0.0
2022-01-24 08:09:08.008200,30.63307,30.17625,0.0
2022-01-24 08:09:08.506326,30.27166,29.712,0.0
2022-01-24 08:09:09.004061,29.24066,30.5885,0.0
2022-01-24 08:09:09.509514,29.13669,30.12425,0.0
2022-01-24 08:09:10.009070,30.06497,30.07225,0.0
2022-01-24 08:09:10.505970,30.83853,30.07225,0.0
2022-01-24 08:09:11.010517,30.01422,30.331,0.0
2022-01-24 08:09:11.504702,29.60083,29.81475,0.0
2022-01-24 08:09:12.002907,28.93123,30.5365,0.0
2022-01-24 08:09:12.509716,30.99324,30.331,0.0
2022-01-24 08:09:13.009799,30.63307,29.712,0.0
2022-01-24 08:09:13.505128,29.85951,29.76275,0.0
2022-01-24 08:09:14.004142,29.4981,30.846,0.0
2022-01-24 08:09:14.510375,30.21968,30.43375,0.0
2022-01-24 08:09:15.007095,30.11695,29.9175,0.0
2022-01-24 08:09:15.505281,30.01422,30.227,0.0
2022-01-24 08:09:16.004974,29.65281,30.227,0.0
2022-01-24 08:09:16.501740,29.03396,30.07225,0.0
2022-01-24 08:09:17.010766,29.60083,30.43375,0.0
2022-01-24 08:09:17.510664,30.21968,30.279,0.0
2022-01-24 08:09:18.008595,30.01422,29.712,0.0
2022-01-24 08:09:18.505666,29.7048,30.279,0.0
2022-01-24 08:09:19.004409,29.13669,30.17625,0.0
2022-01-24 08:09:19.510764,30.06497,29.9175,0.0
2022-01-24 08:09:20.009880,30.21968,30.48575,0.0
2022-01-24 08:09:20.505189,29.60083,30.331,0.0
2022-01-24 08:09:21.003092,30.5291,29.9175,0.0
2022-01-24 08:09:21.509081,29.91025,30.43375,0.0
2022-01-24 08:09:22.009501,29.60083,30.331,0.0
2022-01-24 08:09:22.505306,30.11695,30.12425,0.0
2022-01-24 08:09:23.003808,29.91025,30.279,0.0
2022-01-24 08:09:23.508731,29.96224,30.17625,0.0
2022-01-24 08:09:24.007911,29.44612,29.76275,0.0
2022-01-24 08:09:24.503481,29.24066,30.48575,0.0
2022-01-24 08:09:25.505730,30.5291,29.76275,0.0
2022-01-24 08:09:26.004612,29.91025,30.331,0.0
2022-01-24 08:09:26.501728,29.65281,30.227,0.0
2022-01-24 08:09:27.001816,29.60083,30.38175,0.0
2022-01-24 08:09:27.506863,30.21968,30.48575,0.0
2022-01-24 08:09:28.006684,29.85951,30.0215,0.0
2022-01-24 08:09:28.501998,30.16893,30.227,0.0
2022-01-24 08:09:29.011324,29.55008,30.5365,0.0
2022-01-24 08:09:29.507221,29.60083,29.9175,0.0
2022-01-24 08:09:30.003862,30.47836,29.86675,0.0
2022-01-24 08:09:30.509515,30.16893,30.0215,0.0
2022-01-24 08:09:31.008592,30.06497,29.86675,0.0
2022-01-24 08:09:31.505144,29.34339,30.12425,0.0
2022-01-24 08:09:32.003805,29.39537,30.48575,0.0
2022-01-24 08:09:32.500981,30.32365,30.07225,0.0
2022-01-24 08:09:33.009569,30.06497,30.12425,0.0
2022-01-24 08:09:33.504987,30.11695,30.38175,0.0
2022-01-24 08:09:34.006107,29.2914,30.279,0.0
2022-01-24 08:09:34.502417,29.24066,30.279,0.0
2022-01-24 08:09:35.010949,30.78778,30.331,0.0
2022-01-24 08:09:35.507013,30.11695,29.9175,0.0
2022-01-24 08:09:36.008200,29.7048,29.9695,0.0
2022-01-24 08:09:36.504396,29.03396,30.43375,0.0
2022-01-24 08:09:37.003744,29.80752,29.9695,0.0
2022-01-24 08:09:37.509453,30.06497,29.608,0.0
2022-01-24 08:09:38.007588,29.85951,30.331,0.0
2022-01-24 08:09:38.503350,29.96224,30.74325,0.0
2022-01-24 08:09:39.001776,29.34339,30.12425,0.0
2022-01-24 08:09:39.506880,30.37439,30.5365,0.0
2022-01-24 08:09:40.004796,29.75554,30.17625,0.0
2022-01-24 08:09:40.501547,29.85951,29.9175,0.0
2022-01-24 08:09:41.001339,29.91025,30.5885,0.0
2022-01-24 08:09:41.506911,29.60083,30.38175,0.0
2022-01-24 08:09:42.005509,29.60083,29.81475,0.0
2022-01-24 08:09:42.510224,29.96224,29.4025,0.0
2022-01-24 08:09:43.007730,29.75554,30.38175,0.0
2022-01-24 08:09:43.503533,29.91025,30.279,0.0
2022-01-24 08:09:44.001195,29.85951,29.9695,0.0
2022-01-24 08:09:44.507066,29.91025,30.38175,0.0
2022-01-24 08:09:45.005813,29.75554,30.48575,0.0
2022-01-24 08:09:45.504176,30.27166,30.12425,0.0
2022-01-24 08:09:46.004797,30.42637,30.74325,0.0
2022-01-24 08:09:46.501122,29.7048,30.38175,0.0
2022-01-24 08:09:47.010107,28.98198,29.712,0.0
2022-01-24 08:09:47.508777,30.37439,30.5365,0.0
2022-01-24 08:09:48.009264,30.11695,30.227,0.0
2022-01-24 08:09:48.505780,30.06497,29.50525,0.0
2022-01-24 08:09:49.003896,29.55008,30.43375,0.0
2022-01-24 08:09:49.504124,29.08595,30.43375,0.0
2022-01-24 08:09:50.002651,30.27166,29.712,0.0
2022-01-24 08:09:50.507883,30.01422,30.17625,0.0
2022-01-24 08:09:51.006961,30.32365,30.6405,0.0
2022-01-24 08:09:51.502451,29.44612,30.227,0.0
2022-01-24 08:09:52.010413,29.2914,30.5885,0.0
2022-01-24 08:09:52.506740,30.99324,30.5365,0.0
2022-01-24 08:09:53.004152,30.27166,29.81475,0.0
2022-01-24 08:09:53.509319,30.11695,29.9695,0.0
2022-01-24 08:09:54.008686,29.03396,30.898,0.0
2022-01-24 08:09:54.504930,28.67255,30.43375,0.0
2022-01-24 08:09:55.003788,30.7358,29.608,0.0
2022-01-24 08:09:55.509960,30.06497,29.712,0.0
2022-01-24 08:09:56.009820,29.96224,30.38175,0.0
2022-01-24 08:09:56.504506,28.87925,30.227,0.0
2022-01-24 08:09:57.004551,29.18867,30.07225,0.0
2022-01-24 08:09:57.501135,31.09721,30.5365,0.0
2022-01-24 08:09:58.009081,29.85951,30.07225,0.0
2022-01-24 08:09:58.507994,29.4981,30.5885,0.0
2022-01-24 08:09:59.008538,28.10569,30.38175,0.0
2022-01-24 08:09:59.505760,30.06497,30.12425,0.0
2022-01-24 08:10:00.008015,30.9425,29.76275,0.0
2022-01-24 08:10:01.007534,29.13669,30.331,0.0
2022-01-24 08:10:01.509786,28.51784,30.07225,0.0
2022-01-24 08:10:02.003447,30.32365,29.86675,0.0
2022-01-24 08:10:02.504622,30.32365,30.12425,0.0
2022-01-24 08:10:03.008479,29.91025,30.6405,0.0
2022-01-24 08:10:03.501927,29.24066,30.331,0.0
2022-01-24 08:10:04.009816,30.21968,30.331,0.0
2022-01-24 08:10:04.502696,30.27166,30.12425,0.0
2022-01-24 08:10:05.009095,29.4981,30.38175,0.0
2022-01-24 08:10:05.510756,29.85951,29.9175,0.0
2022-01-24 08:10:06.003086,30.21968,30.331,0.0
2022-01-24 08:10:06.506785,29.75554,30.227,0.0
2022-01-24 08:10:07.004876,29.2914,29.86675,0.0
2022-01-24 08:10:07.503643,29.75554,30.12425,0.0
2022-01-24 08:10:08.007573,30.42637,30.12425,0.0
2022-01-24 08:10:08.508749,29.85951,29.9175,0.0
2022-01-24 08:10:09.002120,29.55008,30.331,0.0
2022-01-24 08:10:09.509372,29.34339,30.48575,0.0
2022-01-24 08:10:10.006598,30.37439,30.0215,0.0
2022-01-24 08:10:10.502878,30.01422,30.331,0.0
2022-01-24 08:10:11.007165,30.27166,30.227,0.0
2022-01-24 08:10:11.506203,28.93123,30.0215,0.0
2022-01-24 08:10:12.003808,28.87925,30.227,0.0
2022-01-24 08:10:12.510274,30.47836,30.07225,0.0
2022-01-24 08:10:13.007795,29.96224,30.07225,0.0
2022-01-24 08:10:13.508797,29.80752,30.38175,0.0
2022-01-24 08:10:14.006974,28.87925,30.227,0.0
2022-01-24 08:10:14.503193,29.80752,29.9695,0.0
2022-01-24 08:10:15.011070,30.27166,30.07225,0.0
2022-01-24 08:10:15.507903,30.06497,30.17625,0.0
2022-01-24 08:10:16.008401,30.37439,30.5365,0.0
2022-01-24 08:10:16.504843,28.98198,30.17625,0.0
2022-01-24 08:10:17.002863,29.08595,30.0215,0.0
2022-01-24 08:10:17.509846,30.47836,30.12425,0.0
2022-01-24 08:10:18.007824,30.16893,30.279,0.0
2022-01-24 08:10:18.502829,29.44612,30.279,0.0
2022-01-24 08:10:19.001829,28.77652,30.0215,0.0
2022-01-24 08:10:19.508436,30.63307,30.12425,0.0
2022-01-24 08:10:20.006229,30.37439,30.43375,0.0
2022-01-24 08:10:20.508723,30.21968,30.07225,0.0
2022-01-24 08:10:21.005737,29.34339,30.279,0.0
2022-01-24 08:10:21.502226,28.77652,30.17625,0.0
2022-01-24 08:10:22.002315,30.89051,29.9695,0.0
2022-01-24 08:10:22.509035,30.37439,30.38175,0.0
2022-01-24 08:10:23.007305,29.85951,30.17625,0.0
2022-01-24 08:10:23.501645,29.24066,30.227,0.0
2022-01-24 08:10:24.010707,28.82727,29.9695,0.0
2022-01-24 08:10:24.507434,30.78778,30.331,0.0
2022-01-24 08:10:25.006718,29.75554,30.227,0.0
2022-01-24 08:10:25.503299,29.75554,30.07225,0.0
2022-01-24 08:10:26.003041,29.24066,30.48575,0.0
2022-01-24 08:10:26.509684,29.91025,30.17625,0.0
2022-01-24 08:10:27.008487,30.47836,29.86675,0.0
2022-01-24 08:10:27.503581,29.55008,30.331,0.0
2022-01-24 08:10:28.004386,30.01422,30.0215,0.0
2022-01-24 08:10:28.501971,29.80752,30.17625,0.0
2022-01-24 08:10:29.010587,29.91025,30.331,0.0
2022-01-24 08:10:29.507317,29.39537,30.43375,0.0
2022-01-24 08:10:30.010373,29.80752,29.55725,0.0
2022-01-24 08:10:30.505312,30.16893,30.5365,0.0
2022-01-24 08:10:31.004394,29.96224,30.43375,0.0
2022-01-24 08:10:31.510242,29.39537,30.17625,0.0
2022-01-24 08:10:32.009258,29.7048,30.0215,0.0
2022-01-24 08:10:32.506888,30.21968,30.6405,0.0
2022-01-24 08:10:33.006632,29.96224,29.608,0.0
2022-01-24 08:10:33.503425,29.65281,29.81475,0.0
2022-01-24 08:10:34.001121,29.24066,30.5365,0.0
2022-01-24 08:10:34.508201,30.47836,29.9175,0.0
2022-01-24 08:10:35.005861,30.16893,30.07225,0.0
2022-01-24 08:10:35.502237,29.96224,30.5365,0.0
2022-01-24 08:10:36.010522,29.44612,30.17625,0.0
2022-01-24 08:10:36.505096,29.24066,29.76275,0.0
2022-01-24 08:10:37.002863,30.42637,30.43375,0.0
2022-01-24 08:10:37.509322,29.85951,30.17625,0.0
2022-01-24 08:10:38.009701,30.11695,30.0215,0.0
2022-01-24 08:10:38.508220,29.55008,30.69125,0.0
2022-01-24 08:10:39.008998,29.2914,30.38175,0.0
2022-01-24 08:10:39.504151,30.47836,29.50525,0.0
2022-01-24 08:10:40.003232,29.80752,30.07225,0.0
2022-01-24 08:10:40.510393,30.06497,30.79525,0.0
2022-01-24 08:10:41.010384,29.08595,30.07225,0.0
2022-01-24 08:10:41.510241,29.80752,29.81475,0.0
2022-01-24 08:10:42.010604,30.42637,29.86675,0.0
2022-01-24 08:10:42.506663,30.16893,30.48575,0.0
2022-01-24 08:10:43.004052,29.96224,30.5365,0.0
2022-01-24 08:10:43.509089,28.67255,30.38175,0.0
2022-01-24 08:10:44.008652,29.44612,29.9695,0.0
2022-01-24 08:10:44.505701,30.7358,29.9695,0.0
2022-01-24 08:10:45.010499,29.7048,30.5885,0.0
2022-01-24 08:10:45.506360,29.55008,30.07225,0.0
2022-01-24 08:10:46.005087,28.93123,29.608,0.0
2022-01-24 08:10:46.501511,30.27166,30.12425,0.0
2022-01-24 08:10:47.002011,30.21968,30.48575,0.0
2022-01-24 08:10:47.509444,29.44612,30.227,0.0
2022-01-24 08:10:48.002907,29.80752,30.38175,0.0
2022-01-24 08:10:48.510146,29.85951,30.227,0.0
2022-01-24 08:10:49.009105,30.21968,30.17625,0.0
2022-01-24 08:10:49.504603,29.60083,30.5365,0.0
2022-01-24 08:10:50.003115,29.80752,30.279,0.0
2022-01-24 08:10:50.509043,30.42637,30.07225,0.0
2022-01-24 08:10:51.007377,29.91025,29.9175,0.0
2022-01-24 08:10:51.503011,29.39537,30.48575,0.0
2022-01-24 08:10:52.001089,29.60083,29.9175,0.0
2022-01-24 08:10:52.506974,29.80752,30.0215,0.0
2022-01-24 08:10:53.008680,30.16893,30.331,0.0
2022-01-24 08:10:53.503845,29.75554,30.07225,0.0
2022-01-24 08:10:54.002637,29.39537,30.5365,0.0
2022-01-24 08:10:54.504762,30.27166,30.331,0.0
2022-01-24 08:10:55.003448,30.37439,29.86675,0.0
2022-01-24 08:10:55.509926,30.01422,30.48575,0.0
2022-01-24 08:10:56.008709,29.60083,30.227,0.0
2022-01-24 08:10:56.503464,29.2914,30.07225,0.0
2022-01-24 08:10:57.002861,30.06497,29.9695,0.0
2022-01-24 08:10:57.510461,29.85951,30.0215,0.0
2022-01-24 08:10:58.008686,30.27166,30.331,0.0
2022-01-24 08:10:58.503489,29.55008,30.0215,0.0
2022-01-24 08:10:59.001909,29.44612,30.17625,0.0
2022-01-24 08:10:59.504441,30.58109,30.12425,0.0
2022-01-24 08:11:00.003521,29.85951,30.227,0.0
2022-01-24 08:11:00.501532,30.01422,30.898,0.0
2022-01-24 08:11:01.001947,28.72454,30.07225,0.0
2022-01-24 08:11:01.507147,29.2914,29.608,0.0
2022-01-24 08:11:02.006432,31.09721,30.6405,0.0
2022-01-24 08:11:02.510160,29.85951,30.331,0.0
2022-01-24 08:11:03.008662,29.91025,30.07225,0.0
2022-01-24 08:11:03.505168,29.03396,29.86675,0.0
2022-01-24 08:11:04.004363,29.34339,30.17625,0.0
2022-01-24 08:11:04.509127,30.42637,30.12425,0.0
2022-01-24 08:11:05.008029,29.75554,30.279,0.0
2022-01-24 08:11:05.503482,29.80752,30.279,0.0
2022-01-24 08:11:06.003665,29.03396,30.07225,0.0
2022-01-24 08:11:06.509113,30.42637,30.227,0.0
2022-01-24 08:11:07.007786,30.11695,30.43375,0.0
2022-01-24 08:11:07.504410,29.85951,30.12425,0.0
2022-01-24 08:11:08.004082,29.7048,30.331,0.0
2022-01-24 08:11:08.501797,29.2914,29.9175,0.0
2022-01-24 08:11:09.010278,30.5291,30.17625,0.0
2022-01-24 08:11:09.505265,29.91025,30.331,0.0
2022-01-24 08:11:10.005237,29.55008,30.17625,0.0
2022-01-24 08:11:10.502741,29.60083,29.9695,0.0
2022-01-24 08:11:11.006389,29.7048,30.331,0.0
2022-01-24 08:11:11.504350,29.80752,30.279,0.0
2022-01-24 08:11:12.004165,29.96224,30.279,0.0
2022-01-24 08:11:12.509509,29.75554,30.5365,0.0
2022-01-24 08:11:13.008527,30.06497,30.07225,0.0
2022-01-24 08:11:13.503639,29.96224,29.76275,0.0
2022-01-24 08:11:14.003411,30.01422,30.5365,0.0
2022-01-24 08:11:14.501504,29.91025,30.0215,0.0
2022-01-24 08:11:15.010931,29.80752,30.07225,0.0
2022-01-24 08:11:15.506805,30.21968,30.43375,0.0
2022-01-24 08:11:16.006913,29.55008,29.9695,0.0
2022-01-24 08:11:16.505333,29.4981,29.712,0.0
2022-01-24 08:11:17.004283,30.32365,30.5365,0.0
2022-01-24 08:11:17.508752,29.96224,30.5885,0.0
2022-01-24 08:11:18.006728,30.06497,30.12425,0.0
2022-01-24 08:11:18.502804,29.55008,30.227,0.0
2022-01-24 08:11:19.002583,29.4981,30.07225,0.0
2022-01-24 08:11:19.509113,30.21968,29.76275,0.0
2022-01-24 08:11:20.007290,30.27166,30.48575,0.0
2022-01-24 08:11:20.502334,29.75554,30.331,0.0
2022-01-24 08:11:21.010589,29.4981,29.76275,0.0
2022-01-24 08:11:21.505142,29.65281,30.0215,0.0
2022-01-24 08:11:22.005065,30.37439,30.48575,0.0
2022-01-24 08:11:22.510846,29.80752,30.12425,0.0
2022-01-24 08:11:23.009709,30.16893,29.81475,0.0
2022-01-24 08:11:23.507394,29.2914,30.79525,0.0
2022-01-24 08:11:24.006485,30.11695,30.17625,0.0
2022-01-24 08:11:24.502247,30.58109,30.0215,0.0
2022-01-24 08:11:25.000993,30.21968,30.74325,0.0
2022-01-24 08:11:25.507772,29.80752,30.12425,0.0
2022-01-24 08:11:26.006227,29.03396,29.19575,0.0
2022-01-24 08:11:26.501101,29.65281,30.227,0.0
2022-01-24 08:11:27.008712,30.47836,30.95,0.0
2022-01-24 08:11:27.504710,29.96224,30.17625,0.0
2022-01-24 08:11:28.004060,29.7048,29.81475,0.0
2022-01-24 08:11:28.504944,28.93123,30.279,0.0
2022-01-24 08:11:29.007900,30.32365,30.43375,0.0
2022-01-24 08:11:29.503966,30.06497,30.38175,0.0
2022-01-24 08:11:30.002023,29.75554,30.227,0.0
2022-01-24 08:11:30.508599,29.24066,30.0215,0.0
2022-01-24 08:11:31.006954,29.55008,30.12425,0.0
2022-01-24 08:11:31.504417,30.63307,30.43375,0.0
2022-01-24 08:11:32.002638,29.85951,29.86675,0.0
2022-01-24 08:11:32.506908,29.80752,30.07225,0.0
2022-01-24 08:11:33.006413,29.75554,30.227,0.0
2022-01-24 08:11:33.502418,29.34339,30.0215,0.0
2022-01-24 08:11:34.010631,30.32365,30.17625,0.0
2022-01-24 08:11:34.505974,29.75554,30.43375,0.0
2022-01-24 08:11:35.004614,30.06497,30.12425,0.0
2022-01-24 08:11:35.501984,29.7048,29.9175,0.0
2022-01-24 08:11:36.010648,29.7048,30.69125,0.0
2022-01-24 08:11:36.506144,29.80752,30.07225,0.0
2022-01-24 08:11:37.004555,30.47836,29.9175,0.0
2022-01-24 08:11:37.501206,30.11695,30.12425,0.0
2022-01-24 08:11:38.008555,29.80752,30.12425,0.0
2022-01-24 08:11:38.504112,29.2914,29.86675,0.0
2022-01-24 08:11:39.003392,29.60083,30.279,0.0
2022-01-24 08:11:39.509431,29.91025,30.38175,0.0
2022-01-24 08:11:40.009526,30.16893,30.0215,0.0
2022-01-24 08:11:40.506276,30.06497,30.227,0.0
2022-01-24 08:11:41.004428,29.13669,30.43375,0.0
2022-01-24 08:11:41.510052,30.06497,29.712,0.0
2022-01-24 08:11:42.010073,30.37439,30.331,0.0
2022-01-24 08:11:42.505152,29.96224,30.846,0.0
2022-01-24 08:11:43.005625,29.65281,30.0215,0.0
2022-01-24 08:11:43.502761,29.03396,29.608,0.0
2022-01-24 08:11:44.011168,30.42637,30.38175,0.0
2022-01-24 08:11:44.509455,30.21968,30.12425,0.0
2022-01-24 08:11:45.010855,30.06497,29.9695,0.0
2022-01-24 08:11:45.505445,29.4981,30.227,0.0
2022-01-24 08:11:46.003881,28.93123,30.0215,0.0
2022-01-24 08:11:46.501192,30.83853,30.17625,0.0
2022-01-24 08:11:47.009167,29.91025,30.74325,0.0
2022-01-24 08:11:47.505100,29.75554,30.17625,0.0
2022-01-24 08:11:48.005055,29.08595,29.66,0.0
2022-01-24 08:11:48.508551,29.4981,30.227,0.0
2022-01-24 08:11:49.009429,31.14795,30.69125,0.0
2022-01-24 08:11:49.505323,30.42637,30.38175,0.0
2022-01-24 08:11:50.004840,29.91025,29.9695,0.0
2022-01-24 08:11:50.510467,29.44612,29.9695,0.0
2022-01-24 08:11:51.008989,29.13669,30.07225,0.0
2022-01-24 08:11:51.503067,30.63307,30.38175,0.0
2022-01-24 08:11:52.002363,30.21968,30.279,0.0
2022-01-24 08:11:52.507375,29.85951,29.9175,0.0
2022-01-24 08:11:53.006802,29.24066,30.279,0.0
2022-01-24 08:11:53.503028,29.2914,30.227,0.0
2022-01-24 08:11:54.002008,30.5291,30.07225,0.0
2022-01-24 08:11:54.509690,29.80752,30.331,0.0
2022-01-24 08:11:55.006316,29.4981,30.0215,0.0
2022-01-24 08:11:55.503131,29.24066,30.38175,0.0
2022-01-24 08:11:56.001271,30.37439,30.5365,0.0
2022-01-24 08:11:56.507550,30.01422,29.9175,0.0
2022-01-24 08:11:57.005917,29.4981,29.9695,0.0
2022-01-24 08:11:57.510508,29.80752,30.17625,0.0
2022-01-24 08:11:58.008716,29.91025,30.227,0.0
2022-01-24 08:11:58.502375,29.96224,30.227,0.0
2022-01-24 08:11:59.009667,29.80752,30.12425,0.0
2022-01-24 08:11:59.507562,29.65281,30.12425,0.0
2022-01-24 08:12:00.006253,30.42637,30.07225,0.0
2022-01-24 08:12:00.505222,30.11695,30.279,0.0
2022-01-24 08:12:01.005047,29.34339,30.279,0.0
2022-01-24 08:12:01.502799,29.39537,30.279,0.0
2022-01-24 08:12:02.001714,30.47836,30.43375,0.0
2022-01-24 08:12:02.507907,30.58109,30.227,0.0
2022-01-24 08:12:03.006748,29.91025,29.712,0.0
2022-01-24 08:12:03.504888,29.18867,30.279,0.0
2022-01-24 08:12:04.003712,29.2914,30.331,0.0
2022-01-24 08:12:04.511078,30.89051,30.12425,0.0
2022-01-24 08:12:05.010228,30.32365,30.0215,0.0
2022-01-24 08:12:05.505842,29.2914,30.17625,0.0
2022-01-24 08:12:06.004771,28.31238,29.76275,0.0
2022-01-24 08:12:06.509319,30.06497,30.48575,0.0
2022-01-24 08:12:07.008152,30.7358,30.48575,0.0
2022-01-24 08:12:07.503804,30.01422,29.86675,0.0
2022-01-24 08:12:08.004164,29.24066,30.227,0.0
2022-01-24 08:12:08.501096,28.62181,30.5885,0.0
2022-01-24 08:12:09.009515,30.32365,30.227,0.0
2022-01-24 08:12:09.504969,30.89051,30.12425,0.0
2022-01-24 08:12:10.001412,30.16893,30.12425,0.0
2022-01-24 08:12:10.506412,29.55008,30.0215,0.0
2022-01-24 08:12:11.001086,28.20842,30.279,0.0
2022-01-24 08:12:11.506868,31.04522,30.331,0.0
2022-01-24 08:12:12.005242,31.04522,30.0215,0.0
2022-01-24 08:12:12.501059,30.78778,29.81475,0.0
2022-01-24 08:12:13.009859,28.82727,30.69125,0.0
2022-01-24 08:12:13.507071,28.20842,30.12425,0.0
2022-01-24 08:12:14.006005,31.09721,30.07225,0.0
2022-01-24 08:12:14.510840,31.04522,30.6405,0.0
2022-01-24 08:12:15.010355,30.5291,30.12425,0.0
2022-01-24 08:12:15.505489,29.2914,29.86675,0.0
2022-01-24 08:12:16.003561,28.36313,30.5365,0.0
2022-01-24 08:12:16.510496,29.91025,30.07225,0.0
2022-01-24 08:12:17.007932,30.5291,30.12425,0.0
2022-01-24 08:12:17.506895,29.7048,29.9695,0.0
2022-01-24 08:12:18.004557,28.98198,30.12425,0.0
2022-01-24 08:12:18.511092,28.4671,29.9175,0.0
2022-01-24 08:12:19.003817,30.58109,30.38175,0.0
2022-01-24 08:12:19.510021,30.83853,30.38175,0.0
2022-01-24 08:12:20.007626,29.7048,30.17625,0.0
2022-01-24 08:12:20.507512,28.93123,30.331,0.0
2022-01-24 08:12:21.005948,29.18867,30.48575,0.0
2022-01-24 08:12:21.502353,30.01422,30.331,0.0
2022-01-24 08:12:22.010135,30.5291,29.9175,0.0
2022-01-24 08:12:22.506782,30.06497,30.331,0.0
2022-01-24 08:12:23.005041,28.77652,29.81475,0.0
2022-01-24 08:12:23.506243,28.4671,29.76275,0.0
2022-01-24 08:12:24.004634,30.63307,30.74325,0.0
2022-01-24 08:12:24.501255,29.80752,30.12425,0.0
2022-01-24 08:12:25.010052,29.85951,29.50525,0.0
2022-01-24 08:12:25.506395,29.24066,30.74325,0.0
2022-01-24 08:12:26.005749,29.44612,30.07225,0.0
2022-01-24 08:12:26.510369,29.85951,30.43375,0.0
2022-01-24 08:12:27.003028,30.63307,30.5365,0.0
2022-01-24 08:12:27.509004,29.85951,30.227,0.0
2022-01-24 08:12:28.008348,29.24066,29.712,0.0
2022-01-24 08:12:28.503624,29.7048,30.74325,0.0
2022-01-24 08:12:29.001969,30.5291,30.43375,0.0
2022-01-24 08:12:29.506806,30.16893,29.81475,0.0
2022-01-24 08:12:30.006791,29.7048,29.55725,0.0
2022-01-24 08:12:30.504004,28.77652,30.38175,0.0
2022-01-24 08:12:31.003394,29.85951,30.5365,0.0
2022-01-24 08:12:31.511044,30.58109,29.9175,0.0
2022-01-24 08:12:32.001432,29.85951,30.331,0.0
2022-01-24 08:12:32.509121,29.4981,30.38175,0.0
2022-01-24 08:12:33.007638,28.62181,30.0215,0.0
2022-01-24 08:12:33.507910,30.58109,30.846,0.0
2022-01-24 08:12:34.007352,30.37439,30.227,0.0
2022-01-24 08:12:34.508883,29.80752,29.608,0.0
2022-01-24 08:12:35.010344,29.44612,29.76275,0.0
2022-01-24 08:12:35.503911,29.4981,30.69125,0.0
2022-01-24 08:12:36.005492,30.7358,29.9175,0.0
2022-01-24 08:12:36.501708,30.06497,29.81475,0.0
2022-01-24 08:12:37.007426,29.65281,29.81475,0.0
2022-01-24 08:12:37.504615,29.80752,30.17625,0.0
2022-01-24 08:12:38.007509,29.4981,30.6405,0.0
2022-01-24 08:12:38.505382,30.06497,30.38175,0.0
2022-01-24 08:12:39.001697,30.01422,30.07225,0.0
2022-01-24 08:12:39.508519,30.01422,30.12425,0.0
2022-01-24 08:12:40.007465,29.75554,30.43375,0.0
2022-01-24 08:12:40.502284,29.7048,29.9695,0.0
2022-01-24 08:12:41.011149,30.06497,30.0215,0.0
2022-01-24 08:12:41.507276,30.01422,30.227,0.0
2022-01-24 08:12:42.006283,29.60083,30.0215,0.0
2022-01-24 08:12:42.501483,30.06497,30.07225,0.0
2022-01-24 08:12:43.002781,29.60083,30.12425,0.0
2022-01-24 08:12:43.508018,29.18867,30.17625,0.0
2022-01-24 08:12:44.007856,30.27166,30.331,0.0
2022-01-24 08:12:44.503915,30.16893,30.6405,0.0
2022-01-24 08:12:45.003998,29.75554,30.17625,0.0
2022-01-24 08:12:45.510738,29.55008,30.17625,0.0
2022-01-24 08:12:46.008440,29.75554,30.227,0.0
2022-01-24 08:12:46.504391,30.27166,30.12425,0.0
2022-01-24 08:12:47.002664,30.11695,30.38175,0.0
2022-01-24 08:12:47.509821,30.11695,29.9175,0.0
2022-01-24 08:12:48.007174,29.03396,29.81475,0.0
2022-01-24 08:12:48.503443,29.4981,30.6405,0.0
2022-01-24 08:12:49.003833,30.37439,29.86675,0.0
2022-01-24 08:12:49.502245,30.16893,29.81475,0.0
2022-01-24 08:12:50.010923,29.7048,30.5365,0.0
2022-01-24 08:12:50.506074,29.03396,30.279,0.0
2022-01-24 08:12:51.005758,29.08595,30.17625,0.0
2022-01-24 08:12:51.510661,30.68382,30.5365,0.0
2022-01-24 08:12:52.008285,30.06497,30.0215,0.0
2022-01-24 08:12:52.503254,29.7048,29.66,0.0
2022-01-24 08:12:53.001763,28.77652,30.79525,0.0
2022-01-24 08:12:53.511055,30.06497,30.43375,0.0
2022-01-24 08:12:54.010154,30.89051,29.9175,0.0
2022-01-24 08:12:54.504720,29.65281,29.4025,0.0
2022-01-24 08:12:55.003169,29.55008,30.331,0.0
2022-01-24 08:12:55.509481,28.56982,30.846,0.0
2022-01-24 08:12:56.007978,30.68382,30.17625,0.0
2022-01-24 08:12:56.502639,30.89051,29.712,0.0
2022-01-24 08:12:57.011159,30.11695,29.9175,0.0
2022-01-24 08:12:57.507501,29.39537,30.74325,0.0
2022-01-24 08:12:58.007740,28.87925,30.38175,0.0
2022-01-24 08:12:58.502656,30.58109,29.81475,0.0
2022-01-24 08:12:59.504276,29.80752,30.38175,0.0
2022-01-24 08:13:00.003432,29.44612,29.86675,0.0
2022-01-24 08:13:00.507425,29.13669,30.17625,0.0
2022-01-24 08:13:01.010737,30.47836,30.38175,0.0
2022-01-24 08:13:01.508038,30.16893,29.81475,0.0
2022-01-24 08:13:02.006346,29.85951,30.17625,0.0
2022-01-24 08:13:02.505090,29.4981,30.43375,0.0
2022-01-24 08:13:03.005507,29.2914,30.07225,0.0
2022-01-24 08:13:03.501137,30.58109,30.12425,0.0
2022-01-24 08:13:04.001700,29.85951,30.48575,0.0
2022-01-24 08:13:04.509248,29.7048,30.07225,0.0
2022-01-24 08:13:05.008150,29.65281,29.81475,0.0
2022-01-24 08:13:05.502351,29.91025,30.6405,0.0
2022-01-24 08:13:06.008876,29.85951,30.331,0.0
2022-01-24 08:13:06.503115,29.55008,29.712,0.0
2022-01-24 08:13:07.003140,30.11695,30.38175,0.0
2022-01-24 08:13:07.508663,30.06497,30.227,0.0
2022-01-24 08:13:08.007149,29.4981,29.86675,0.0
2022-01-24 08:13:08.502482,29.65281,30.279,0.0
2022-01-24 08:13:09.001053,30.27166,30.5365,0.0
2022-01-24 08:13:09.508298,30.16893,30.0215,0.0
2022-01-24 08:13:10.007472,29.75554,30.43375,0.0
2022-01-24 08:13:10.505745,28.87925,30.43375,0.0
2022-01-24 08:13:11.009642,30.16893,29.81475,0.0
2022-01-24 08:13:11.505120,30.5291,29.76275,0.0
2022-01-24 08:13:12.002239,30.06497,30.5885,0.0
2022-01-24 08:13:12.509065,30.01422,30.5885,0.0
2022-01-24 08:13:13.008111,29.08595,30.5365,0.0
2022-01-24 08:13:13.505966,28.98198,29.9175,0.0
2022-01-24 08:13:14.003663,30.68382,29.9695,0.0
2022-01-24 08:13:14.511214,30.27166,29.9695,0.0
2022-01-24 08:13:15.008444,29.60083,30.331,0.0
2022-01-24 08:13:15.504066,28.62181,30.331,0.0
2022-01-24 08:13:16.003383,30.16893,30.0215,0.0
2022-01-24 08:13:16.510248,30.21968,30.279,0.0
2022-01-24 08:13:17.009862,29.85951,30.17625,0.0
2022-01-24 08:13:17.506017,29.4981,30.07225,0.0
2022-01-24 08:13:18.005068,29.44612,30.5365,0.0
2022-01-24 08:13:18.501459,30.7358,30.331,0.0
2022-01-24 08:13:19.010765,30.37439,29.9175,0.0
2022-01-24 08:13:19.507985,29.60083,30.17625,0.0
2022-01-24 08:13:20.005099,28.93123,30.17625,0.0
2022-01-24 08:13:20.501224,29.2914,29.86675,0.0
2022-01-24 08:13:21.010029,30.37439,29.81475,0.0
2022-01-24 08:13:21.506871,29.34339,30.43375,0.0
2022-01-24 08:13:22.004751,29.96224,30.227,0.0
2022-01-24 08:13:22.510684,29.18867,30.12425,0.0
2022-01-24 08:13:23.009278,30.01422,30.38175,0.0
2022-01-24 08:13:23.504730,30.42637,29.9695,0.0
2022-01-24 08:13:24.004697,29.65281,30.17625,0.0
2022-01-24 08:13:24.509412,29.80752,30.5885,0.0
2022-01-24 08:13:25.007566,30.16893,30.227,0.0
2022-01-24 08:13:25.505177,30.01422,29.9695,0.0
2022-01-24 08:13:26.003366,29.44612,30.227,0.0
2022-01-24 08:13:26.508590,30.11695,30.0215,0.0
2022-01-24 08:13:27.006893,29.80752,29.66,0.0
2022-01-24 08:13:27.502870,29.75554,30.5365,0.0
2022-01-24 08:13:28.001478,29.44612,30.17625,0.0
2022-01-24 08:13:28.506526,29.91025,29.86675,0.0
2022-01-24 08:13:29.006424,29.65281,30.12425,0.0
2022-01-24 08:13:30.509191,29.39537,30.5365,0.0
2022-01-24 08:13:31.007899,30.32365,30.227,0.0
2022-01-24 08:13:31.505088,30.21968,30.0215,0.0
2022-01-24 08:13:32.005426,29.85951,29.9695,0.0
2022-01-24 08:13:32.501064,29.7048,30.0215,0.0
2022-01-24 08:13:33.009743,29.85951,30.227,0.0
2022-01-24 08:13:33.505927,30.06497,30.0215,0.0
2022-01-24 08:13:34.008068,29.85951,30.07225,0.0
2022-01-24 08:13:34.503760,30.32365,30.227,0.0
2022-01-24 08:13:35.003881,29.2914,30.48575,0.0
2022-01-24 08:13:35.510542,28.98198,30.279,0.0
2022-01-24 08:13:36.001831,30.27166,30.17625,0.0
2022-01-24 08:13:36.509654,30.5291,30.12425,0.0
2022-01-24 08:13:37.007192,30.32365,30.12425,0.0
2022-01-24 08:13:37.503566,29.44612,30.69125,0.0
2022-01-24 08:13:38.003139,29.39537,30.331,0.0
2022-01-24 08:13:38.509526,30.42637,29.66,0.0
2022-01-24 08:13:39.007744,30.47836,29.86675,0.0
2022-01-24 08:13:39.504221,29.7048,30.48575,0.0
2022-01-24 08:13:40.003109,29.18867,30.279,0.0
2022-01-24 08:13:40.508930,29.44612,30.0215,0.0
2022-01-24 08:13:41.007178,31.09721,30.38175,0.0
2022-01-24 08:13:41.503994,30.37439,30.38175,0.0
2022-01-24 08:13:42.002841,29.34339,30.17625,0.0
2022-01-24 08:13:42.508831,28.62181,30.69125,0.0
2022-01-24 08:13:43.006880,29.39537,30.07225,0.0
2022-01-24 08:13:43.502752,31.45738,29.66,0.0
2022-01-24 08:13:44.003886,30.11695,30.69125,0.0
2022-01-24 08:13:44.509223,29.80752,30.227,0.0
2022-01-24 08:13:45.009525,28.56982,29.9175,0.0
2022-01-24 08:13:45.506343,30.27166,29.50525,0.0
2022-01-24 08:13:46.004170,30.16893,30.38175,0.0
2022-01-24 08:13:46.511199,30.06497,30.43375,0.0
2022-01-24 08:13:47.010793,29.60083,30.227,0.0
2022-01-24 08:13:47.506777,29.03396,30.5885,0.0
2022-01-24 08:13:48.006037,30.16893,30.0215,0.0
2022-01-24 08:13:48.502795,30.11695,30.0215,0.0
2022-01-24 08:13:49.003630,29.75554,30.5365,0.0
2022-01-24 08:13:49.510802,29.7048,29.9175,0.0
2022-01-24 08:13:50.008294,29.7048,29.81475,0.0
2022-01-24 08:13:50.503513,30.06497,30.69125,0.0
2022-01-24 08:13:51.002222,29.65281,29.9175,0.0
2022-01-24 08:13:51.508754,29.75554,29.45325,0.0
2022-01-24 08:13:52.008085,30.06497,30.5365,0.0
2022-01-24 08:13:52.502486,29.4981,30.279,0.0
2022-01-24 08:13:53.011045,29.24066,29.9695,0.0
2022-01-24 08:13:53.507526,30.27166,30.5885,0.0
2022-01-24 08:13:54.005364,29.80752,30.12425,0.0
2022-01-24 08:13:54.510688,30.06497,29.86675,0.0
2022-01-24 08:13:55.009975,29.2914,30.6405,0.0
2022-01-24 08:13:55.505658,29.18867,30.12425,0.0
2022-01-24 08:13:56.004046,30.42637,29.608,0.0
2022-01-24 08:13:56.508370,30.7358,30.43375,0.0
2022-01-24 08:13:57.011162,30.16893,30.279,0.0
2022-01-24 08:13:57.504789,29.39537,29.9695,0.0
2022-01-24 08:13:58.004651,28.93123,29.86675,0.0
2022-01-24 08:13:58.510958,30.27166,30.38175,0.0
2022-01-24 08:13:59.009852,30.32365,29.9695,0.0
2022-01-24 08:13:59.505432,29.85951,30.48575,0.0
2022-01-24 08:14:00.003485,29.2914,30.43375,0.0
2022-01-24 08:14:00.501348,28.98198,29.81475,0.0
2022-01-24 08:14:01.010708,31.14795,29.76275,0.0
2022-01-24 08:14:01.507133,30.83853,30.6405,0.0
2022-01-24 08:14:02.005976,29.4981,30.07225,0.0
2022-01-24 08:14:02.501180,28.98198,29.9175,0.0
2022-01-24 08:14:03.010074,29.34339,30.17625,0.0
2022-01-24 08:14:03.505105,30.27166,30.17625,0.0
2022-01-24 08:14:04.004166,30.11695,29.9175,0.0
2022-01-24 08:14:04.508259,29.65281,30.5885,0.0
2022-01-24 08:14:05.006758,28.77652,30.279,0.0
2022-01-24 08:14:05.503673,29.80752,29.81475,0.0
2022-01-24 08:14:06.010796,30.78778,30.5885,0.0
2022-01-24 08:14:06.506413,30.27166,30.12425,0.0
2022-01-24 08:14:07.001828,29.65281,30.12425,0.0
2022-01-24 08:14:07.507448,28.62181,30.12425,0.0
2022-01-24 08:14:08.008676,31.04522,30.227,0.0
2022-01-24 08:14:08.505014,31.09721,29.76275,0.0
2022-01-24 08:14:09.003752,30.06497,30.07225,0.0
2022-01-24 08:14:09.503531,29.44612,30.5885,0.0
2022-01-24 08:14:10.004696,28.56982,29.9695,0.0
2022-01-24 08:14:10.509706,30.68382,29.86675,0.0
2022-01-24 08:14:11.003260,30.27166,30.6405,0.0
2022-01-24 08:14:11.502408,29.7048,29.9695,0.0
2022-01-24 08:14:12.011101,29.2914,30.331,0.0
2022-01-24 08:14:12.506831,29.2914,30.43375,0.0
2022-01-24 08:14:13.005730,30.06497,29.9695,0.0
2022-01-24 08:14:13.503850,30.16893,29.9175,0.0
2022-01-24 08:14:14.001435,29.96224,30.48575,0.0
2022-01-24 08:14:14.507573,29.75554,30.12425,0.0
2022-01-24 08:14:15.007216,29.4981,29.76275,0.0
2022-01-24 08:14:15.505064,29.85951,30.279,0.0
2022-01-24 08:14:16.004280,29.7048,30.17625,0.0
2022-01-24 08:14:16.510497,30.11695,29.9695,0.0
2022-01-24 08:14:17.010767,29.65281,30.5365,0.0
2022-01-24 08:14:17.506874,29.18867,30.227,0.0
2022-01-24 08:14:18.005037,29.75554,29.81475,0.0
2022-01-24 08:14:18.510807,30.11695,30.12425,0.0
2022-01-24 08:14:19.009961,29.85951,30.38175,0.0
2022-01-24 08:14:19.505242,29.91025,30.12425,0.0
2022-01-24 08:14:20.003972,29.7048,29.9175,0.0
2022-01-24 08:14:20.501008,29.85951,30.331,0.0
2022-01-24 08:14:21.009196,30.11695,29.9175,0.0
2022-01-24 08:14:21.504278,30.27166,30.331,0.0
2022-01-24 08:14:22.003861,29.7048,30.6405,0.0
2022-01-24 08:14:22.511199,29.08595,29.9695,0.0
2022-01-24 08:14:23.010155,30.32365,29.76275,0.0
2022-01-24 08:14:23.505635,30.5291,30.5885,0.0
2022-01-24 08:14:24.003384,29.80752,30.12425,0.0
2022-01-24 08:14:24.509963,29.39537,30.12425,0.0
2022-01-24 08:14:25.006754,28.67255,30.12425,0.0
2022-01-24 08:14:25.508195,30.11695,29.86675,0.0
2022-01-24 08:14:26.007703,30.27166,30.43375,0.0
2022-01-24 08:14:26.503108,29.91025,30.12425,0.0
2022-01-24 08:14:27.001159,29.2914,30.0215,0.0
2022-01-24 08:14:27.507567,28.87925,30.12425,0.0
2022-01-24 08:14:28.007024,30.58109,30.227,0.0
2022-01-24 08:14:28.501838,30.11695,30.331,0.0
2022-01-24 08:14:29.001430,29.65281,30.331,0.0
2022-01-24 08:14:29.504516,29.24066,30.0215,0.0
2022-01-24 08:14:30.002551,29.80752,29.9175,0.0
2022-01-24 08:14:30.509901,30.06497,30.43375,0.0
2022-01-24 08:14:31.005501,29.91025,30.07225,0.0
2022-01-24 08:14:31.503977,29.65281,29.9175,0.0
2022-01-24 08:14:32.002270,29.55008,30.17625,0.0
2022-01-24 08:14:32.507041,30.32365,30.17625,0.0
2022-01-24 08:14:33.005724,29.85951,30.17625,0.0
2022-01-24 08:14:33.509915,29.65281,30.38175,0.0
2022-01-24 08:14:34.003945,30.16893,30.12425,0.0
2022-01-24 08:14:34.510658,29.91025,29.86675,0.0
2022-01-24 08:14:35.008912,29.39537,30.38175,0.0
2022-01-24 08:14:35.503470,29.85951,30.279,0.0
2022-01-24 08:14:36.004506,30.01422,29.608,0.0
2022-01-24 08:14:36.509968,29.85951,30.5885,0.0
2022-01-24 08:14:37.007893,29.7048,30.279,0.0
2022-01-24 08:14:37.505106,29.24066,29.76275,0.0
2022-01-24 08:14:38.004332,29.55008,29.9175,0.0
2022-01-24 08:14:38.510290,30.42637,30.48575,0.0
2022-01-24 08:14:39.007860,30.16893,30.331,0.0
2022-01-24 08:14:39.505092,29.60083,30.279,0.0
2022-01-24 08:14:40.006485,29.08595,30.331,0.0
2022-01-24 08:14:40.504985,30.06497,29.9175,0.0
2022-01-24 08:14:41.009794,30.32365,29.712,0.0
2022-01-24 08:14:41.506201,30.27166,30.846,0.0
2022-01-24 08:14:42.010228,29.34339,30.279,0.0
2022-01-24 08:14:42.510906,28.67255,29.55725,0.0
2022-01-24 08:14:43.001691,30.32365,30.07225,0.0
2022-01-24 08:14:43.506627,30.5291,30.5365,0.0
2022-01-24 08:14:44.011556,30.32365,30.07225,0.0
2022-01-24 08:14:44.508874,29.39537,29.76275,0.0
2022-01-24 08:14:45.005981,28.67255,30.48575,0.0
2022-01-24 08:14:45.501270,29.75554,29.9175,0.0
2022-01-24 08:14:46.010196,30.78778,30.38175,0.03864
2022-01-24 08:14:46.504453,30.01422,30.898,0.03864
2022-01-24 08:14:47.004192,29.18867,30.0215,0.0
2022-01-24 08:14:47.510711,28.72454,29.608,0.0
2022-01-24 08:14:48.008326,31.14795,30.898,0.0
2022-01-24 08:14:48.506680,30.32365,30.5885,0.0
2022-01-24 08:14:49.005320,29.7048,30.227,0.0
2022-01-24 08:14:49.508717,29.08595,29.55725,0.0
2022-01-24 08:14:50.009545,28.41511,29.9175,0.0
2022-01-24 08:14:50.504850,30.9425,30.74325,0.0
2022-01-24 08:14:51.006738,30.27166,30.279,0.0
2022-01-24 08:14:51.505068,29.85951,30.17625,0.0
2022-01-24 08:14:52.005177,29.24066,29.712,0.0
2022-01-24 08:14:52.502750,29.2914,30.6405,0.0
2022-01-24 08:14:53.001053,30.89051,29.86675,0.0
2022-01-24 08:14:53.509235,30.16893,29.86675,0.0
2022-01-24 08:14:54.007428,29.60083,30.48575,0.0
2022-01-24 08:14:54.504378,29.18867,30.227,0.0
2022-01-24 08:14:55.004098,29.80752,29.86675,0.0
2022-01-24 08:14:55.502761,30.42637,30.48575,0.0
2022-01-24 08:14:56.001059,29.55008,30.07225,0.0
2022-01-24 08:14:56.504937,29.7048,30.17625,0.0
2022-01-24 08:14:57.002306,29.03396,30.12425,0.0
2022-01-24 08:14:57.501689,30.21968,30.227,0.0
2022-01-24 08:14:58.006245,30.01422,30.0215,0.0
2022-01-24 08:14:58.506747,29.2914,30.17625,0.0
2022-01-24 08:14:59.010058,30.32365,30.38175,0.0
2022-01-24 08:14:59.508551,30.06497,29.9175,0.0
2022-01-24 08:15:00.006716,29.24066,29.9695,0.0
2022-01-24 08:15:00.501512,29.7048,30.5365,0.0
2022-01-24 08:15:01.003771,30.16893,30.17625,0.0
2022-01-24 08:15:01.510728,29.96224,30.12425,0.0
2022-01-24 08:15:02.010796,29.75554,30.331,0.0
2022-01-24 08:15:02.507113,28.72454,29.9175,0.0
2022-01-24 08:15:03.007794,30.01422,29.9175,0.0
2022-01-24 08:15:03.506141,30.5291,30.74325,0.0
2022-01-24 08:15:04.004921,30.27166,30.227,0.0
2022-01-24 08:15:04.510725,29.39537,29.81475,0.0
2022-01-24 08:15:05.009034,29.03396,30.12425,0.0
2022-01-24 08:15:05.503397,30.47836,30.43375,0.0
2022-01-24 08:15:06.001891,30.11695,29.86675,0.0
2022-01-24 08:15:06.508965,30.37439,30.17625,0.0
2022-01-24 08:15:07.005856,29.13669,30.38175,0.0
2022-01-24 08:15:07.504688,29.4981,30.07225,0.0
2022-01-24 08:15:08.002704,29.75554,30.5365,0.0
2022-01-24 08:15:08.509421,30.01422,30.48575,0.0
2022-01-24 08:15:09.009117,30.16893,29.9175,0.0
2022-01-24 08:15:09.504158,29.60083,29.86675,0.0
2022-01-24 08:15:10.003041,29.2914,30.43375,0.0
2022-01-24 08:15:10.508237,30.99324,30.0215,0.0
2022-01-24 08:15:11.005332,30.21968,29.9175,0.0
2022-01-24 08:15:12.005479,29.44612,30.0215,0.0
2022-01-24 08:15:12.502528,29.55008,30.0215,0.0
2022-01-24 08:15:13.007767,30.7358,30.48575,0.0
2022-01-24 08:15:13.504666,30.27166,30.43375,0.0
2022-01-24 08:15:14.005394,29.7048,30.12425,0.0
2022-01-24 08:15:14.503448,28.98198,30.17625,0.0
2022-01-24 08:15:15.002264,29.44612,30.17625,0.0
2022-01-24 08:15:15.507995,30.5291,29.9175,0.0
2022-01-24 08:15:16.005452,29.65281,30.12425,0.0
2022-01-24 08:15:17.005003,29.13669,30.279,0.0
2022-01-24 08:15:17.505797,30.58109,29.9695,0.0
2022-01-24 08:15:18.005396,29.91025,30.07225,0.0
2022-01-24 08:15:19.005046,29.85951,30.17625,0.0
2022-01-24 08:15:19.510377,29.60083,30.43375,0.0
2022-01-24 08:15:20.008667,29.80752,30.48575,0.0
2022-01-24 08:15:20.505110,29.7048,29.9175,0.0
2022-01-24 08:15:21.005512,29.96224,30.331,0.0
2022-01-24 08:15:21.502333,30.16893,30.12425,0.0
2022-01-24 08:15:22.004528,29.60083,29.81475,0.0
2022-01-24 08:15:22.509862,29.24066,30.12425,0.0
2022-01-24 08:15:23.008490,30.47836,30.17625,0.0
2022-01-24 08:15:23.508805,29.91025,30.227,0.0
2022-01-24 08:15:24.009021,29.91025,30.17625,0.0
2022-01-24 08:15:24.504322,29.24066,29.9695,0.0
2022-01-24 08:15:25.004101,29.24066,30.38175,0.0
2022-01-24 08:15:25.510441,30.16893,30.43375,0.0
2022-01-24 08:15:26.009055,29.85951,30.331,0.0
2022-01-24 08:15:26.503975,29.80752,30.43375,0.0
2022-01-24 08:15:27.010109,28.72454,29.76275,0.0
2022-01-24 08:15:27.505885,30.21968,29.55725,0.0
2022-01-24 08:15:28.003611,29.91025,30.79525,0.0
2022-01-24 08:15:28.503319,30.27166,30.227,0.0
2022-01-24 08:15:29.002486,30.11695,29.4025,0.0
2022-01-24 08:15:29.507262,28.98198,30.0215,0.0
2022-01-24 08:15:30.006786,29.96224,30.69125,0.0
2022-01-24 08:15:30.502472,30.78778,30.48575,0.0
2022-01-24 08:15:31.001448,29.96224,30.12425,0.0
2022-01-24 08:15:31.508899,29.85951,30.279,0.0
2022-01-24 08:15:32.007361,28.62181,30.07225,0.0
2022-01-24 08:15:32.509019,28.62181,30.6405,0.0
2022-01-24 08:15:33.005411,31.09721,30.38175,0.0
2022-01-24 08:15:33.510698,30.37439,29.86675,0.0
2022-01-24 08:15:34.009028,29.85951,29.3505,0.0
2022-01-24 08:15:34.501309,28.87925,30.38175,0.0
2022-01-24 08:15:35.010277,30.11695,30.12425,0.0
2022-01-24 08:15:35.506808,30.7358,30.12425,0.0
2022-01-24 08:15:36.006295,29.80752,29.86675,0.0
2022-01-24 08:15:36.501370,29.65281,30.38175,0.0
2022-01-24 08:15:37.010893,28.87925,30.17625,0.0
2022-01-24 08:15:37.506967,30.32365,30.5365,0.0
2022-01-24 08:15:38.005104,30.21968,30.38175,0.0
2022-01-24 08:15:38.502220,29.18867,30.0215,0.0
2022-01-24 08:15:39.011005,29.75554,30.6405,0.0
2022-01-24 08:15:39.506927,29.39537,30.12425,0.0
2022-01-24 08:15:40.005010,30.21968,29.76275,0.0
2022-01-24 08:15:40.511011,29.18867,30.279,0.0
2022-01-24 08:15:41.007825,30.37439,30.07225,0.0
2022-01-24 08:15:41.504207,30.16893,29.81475,0.0
2022-01-24 08:15:42.006884,30.11695,30.48575,0.0
2022-01-24 08:15:42.502261,29.65281,30.07225,0.0
2022-01-24 08:15:43.011039,30.06497,29.9175,0.0
2022-01-24 08:15:43.506392,30.42637,30.43375,0.0
2022-01-24 08:15:44.004224,30.11695,30.5365,0.0
2022-01-24 08:15:44.501544,29.13669,29.76275,0.0
2022-01-24 08:15:45.002276,29.2914,30.38175,0.0
2022-01-24 08:15:45.507238,30.01422,30.69125,0.0
2022-01-24 08:15:46.005940,29.85951,29.9175,0.0
2022-01-24 08:15:46.508262,30.01422,29.9175,0.0
2022-01-24 08:15:47.006728,29.2914,30.07225,0.0
2022-01-24 08:15:47.502747,29.44612,30.17625,0.0
2022-01-24 08:15:48.002744,30.32365,30.43375,0.0
2022-01-24 08:15:48.509154,30.37439,30.227,0.0
2022-01-24 08:15:49.006881,29.75554,29.9695,0.0
2022-01-24 08:15:49.502192,28.62181,29.86675,0.0
2022-01-24 08:15:50.009535,30.06497,30.79525,0.0
2022-01-24 08:15:50.504465,30.63307,30.227,0.0
2022-01-24 08:15:51.003326,30.47836,29.76275,0.0
2022-01-24 08:15:51.510390,29.60083,30.0215,0.0
2022-01-24 08:15:52.008649,28.67255,30.43375,0.0
2022-01-24 08:15:52.502630,30.27166,30.331,0.0
2022-01-24 08:15:53.003544,30.63307,30.0215,0.0
2022-01-24 08:15:53.510683,30.16893,30.227,0.0
2022-01-24 08:15:54.008791,29.65281,30.07225,0.0
2022-01-24 08:15:54.504238,28.67255,30.279,0.0
2022-01-24 08:15:55.002425,29.80752,30.227,0.0
2022-01-24 08:15:55.506724,30.5291,30.07225,0.0
2022-01-24 08:15:56.005472,30.37439,29.9175,0.0
2022-01-24 08:15:56.501734,29.85951,30.5365,0.0
2022-01-24 08:15:57.007402,28.67255,30.0215,0.0
2022-01-24 08:15:57.502324,29.85951,30.279,0.0
2022-01-24 08:15:58.002213,30.58109,30.38175,0.0
2022-01-24 08:15:58.508472,29.91025,29.9175,0.0
2022-01-24 08:15:59.007270,29.44612,30.17625,0.0
2022-01-24 08:15:59.502965,28.62181,30.38175,0.0
2022-01-24 08:16:00.002613,31.19994,29.9695,0.0
2022-01-24 08:16:00.510555,30.42637,30.07225,0.0
2022-01-24 08:16:01.010243,29.7048,30.38175,0.0
2022-01-24 08:16:01.508788,29.34339,29.9175,0.0
2022-01-24 08:16:02.007320,29.96224,29.9695,0.0
2022-01-24 08:16:02.502808,29.96224,30.5365,0.0
2022-01-24 08:16:03.001337,30.7358,30.38175,0.0
2022-01-24 08:16:03.507333,29.4981,29.9175,0.0
2022-01-24 08:16:04.007888,28.82727,30.279,0.0
2022-01-24 08:16:04.504411,30.11695,30.227,0.0
2022-01-24 08:16:05.002767,30.16893,30.38175,0.0
2022-01-24 08:16:05.508283,29.13669,30.331,0.0
2022-01-24 08:16:06.009051,30.27166,30.0215,0.0
2022-01-24 08:16:06.504119,30.32365,29.81475,0.0
2022-01-24 08:16:07.002906,29.55008,30.279,0.0
2022-01-24 08:16:07.508857,29.55008,30.331,0.0
2022-01-24 08:16:08.006493,30.37439,30.07225,0.0
2022-01-24 08:16:08.502753,30.21968,30.07225,0.0
2022-01-24 08:16:09.010802,29.85951,30.17625,0.0
2022-01-24 08:16:09.506747,28.93123,30.17625,0.0
2022-01-24 08:16:10.006936,30.11695,30.5885,0.0
2022-01-24 08:16:10.503349,30.21968,30.12425,0.0
2022-01-24 08:16:11.007936,30.11695,30.0215,0.0
2022-01-24 08:16:11.503888,29.65281,30.38175,0.0
2022-01-24 08:16:12.002943,28.62181,30.07225,0.0
2022-01-24 08:16:12.508545,30.11695,30.279,0.0
2022-01-24 08:16:13.008744,30.5291,29.9175,0.0
2022-01-24 08:16:13.505871,29.96224,29.76275,0.0
2022-01-24 08:16:14.004006,29.60083,30.279,0.0
2022-01-24 08:16:14.510333,29.13669,30.43375,0.0
2022-01-24 08:16:15.009465,30.58109,30.12425,0.0
2022-01-24 08:16:15.505320,30.37439,30.07225,0.0
2022-01-24 08:16:16.002648,30.06497,30.331,0.0
2022-01-24 08:16:16.507507,29.18867,30.17625,0.0
2022-01-24 08:16:17.006345,28.87925,30.279,0.0
2022-01-24 08:16:17.501988,30.78778,30.48575,0.0
2022-01-24 08:16:18.010291,30.01422,29.86675,0.0
2022-01-24 08:16:18.505485,29.96224,29.712,0.0
2022-01-24 08:16:19.004694,29.03396,30.5365,0.0
2022-01-24 08:16:19.501743,29.34339,29.81475,0.0
2022-01-24 08:16:20.007514,30.47836,29.712,0.0
2022-01-24 08:16:20.503578,29.91025,30.0215,0.0
2022-01-24 08:16:21.001426,29.85951,30.5365,0.0
2022-01-24 08:16:21.507863,29.13669,30.0215,0.0
2022-01-24 08:16:22.006375,29.96224,30.5365,0.0
2022-01-24 08:16:22.503608,30.47836,30.43375,0.0
2022-01-24 08:16:23.002881,29.34339,29.86675,0.0
2022-01-24 08:16:23.510372,29.65281,30.227,0.0
2022-01-24 08:16:24.009032,29.4981,30.69125,0.0
2022-01-24 08:16:24.504505,29.96224,30.12425,0.0
2022-01-24 08:16:25.002934,30.16893,29.81475,0.0
2022-01-24 08:16:25.508619,29.80752,29.9695,0.0
2022-01-24 08:16:26.001276,29.75554,30.0215,0.0
2022-01-24 08:16:26.506510,29.44612,29.86675,0.0
2022-01-24 08:16:27.005007,29.44612,30.331,0.0
2022-01-24 08:16:27.503689,29.7048,30.6405,0.0
2022-01-24 08:16:28.002882,30.06497,30.0215,0.0
2022-01-24 08:16:28.509500,30.27166,30.5365,0.0
2022-01-24 08:16:29.007840,29.75554,30.12425,0.0
2022-01-24 08:16:29.502782,29.24066,29.81475,0.0
2022-01-24 08:16:30.002701,30.11695,30.846,0.0
2022-01-24 08:16:30.508081,29.91025,30.227,0.0
2022-01-24 08:16:31.007560,29.85951,29.3505,0.0
2022-01-24 08:16:31.504978,29.65281,30.331,0.0
2022-01-24 08:16:32.002542,29.60083,30.48575,0.0
2022-01-24 08:16:32.509929,30.06497,29.81475,0.0
2022-01-24 08:16:33.006750,30.42637,29.608,0.0
2022-01-24 08:16:33.504054,30.01422,30.38175,0.0
2022-01-24 08:16:34.003798,29.44612,30.331,0.0
2022-01-24 08:16:34.510085,28.77652,30.48575,0.0
2022-01-24 08:16:35.006033,30.37439,30.48575,0.0
2022-01-24 08:16:35.501724,29.96224,29.86675,0.0
2022-01-24 08:16:36.010111,30.06497,29.86675,0.0
2022-01-24 08:16:36.506030,29.13669,30.79525,0.0
2022-01-24 08:16:37.007131,28.93123,30.279,0.0
2022-01-24 08:16:37.503992,30.89051,29.55725,0.0
2022-01-24 08:16:38.002549,30.5291,29.81475,0.0
2022-01-24 08:16:38.508999,30.11695,30.12425,0.0
2022-01-24 08:16:39.008189,29.18867,29.9175,0.0
2022-01-24 08:16:39.502873,28.87925,30.5885,0.0
2022-01-24 08:16:40.010897,30.9425,30.331,0.0
2022-01-24 08:16:40.506878,30.32365,29.9695,0.0
2022-01-24 08:16:41.006008,29.65281,30.69125,0.0
2022-01-24 08:16:41.504569,29.39537,30.07225,0.0
2022-01-24 08:16:42.002813,28.82727,30.38175,0.0
2022-01-24 08:16:42.506686,31.14795,29.76275,0.0
2022-01-24 08:16:43.010870,30.42637,30.48575,0.0
2022-01-24 08:16:43.506648,29.4981,29.86675,0.0
2022-01-24 08:16:44.004738,28.87925,29.9175,0.0
2022-01-24 08:16:45.004989,30.83853,29.86675,0.0
2022-01-24 08:16:45.501303,30.16893,30.17625,0.0
2022-01-24 08:16:46.011183,29.96224,30.69125,0.0
2022-01-24 08:16:46.504380,28.77652,29.86675,0.0
2022-01-24 08:16:47.004328,30.32365,30.43375,0.0
2022-01-24 08:16:47.511023,29.80752,30.227,0.0
2022-01-24 08:16:48.009373,29.18867,29.81475,0.0
2022-01-24 08:16:48.501108,29.75554,29.9695,0.0
2022-01-24 08:16:49.009163,29.34339,30.331,0.0
2022-01-24 08:16:49.504693,29.91025,30.0215,0.0
2022-01-24 08:16:50.001782,29.7048,29.9695,0.0
2022-01-24 08:16:50.507343,29.91025,30.07225,0.0
2022-01-24 08:16:51.007358,30.27166,29.86675,0.0
2022-01-24 08:16:51.501383,29.85951,30.12425,0.0
2022-01-24 08:16:52.010787,29.2914,30.79525,0.0
2022-01-24 08:16:52.506494,30.06497,30.0215,0.0
2022-01-24 08:16:53.004669,30.32365,29.9695,0.0
2022-01-24 08:16:53.510544,30.06497,30.331,0.0
2022-01-24 08:16:54.008876,29.60083,29.9695,0.0
2022-01-24 08:16:54.503394,29.08595,30.279,0.0
2022-01-24 08:16:55.004482,29.96224,30.12425,0.0
2022-01-24 08:16:55.501187,30.21968,29.9175,0.0
2022-01-24 08:16:56.009756,30.11695,30.227,0.0
2022-01-24 08:16:56.508586,29.13669,30.38175,0.0
2022-01-24 08:16:57.005939,29.4981,30.12425,0.0
2022-01-24 08:16:57.502094,30.58109,29.86675,0.0
2022-01-24 08:16:58.001853,29.96224,30.12425,0.0
2022-01-24 08:16:58.508240,30.16893,30.48575,0.0
2022-01-24 08:16:59.007069,28.67255,30.07225,0.0
2022-01-24 08:16:59.507977,28.72454,30.227,0.0
2022-01-24 08:17:00.004781,30.63307,29.9695,0.0
2022-01-24 08:17:00.505073,29.85951,30.17625,0.0
2022-01-24 08:17:01.008775,29.7048,30.17625,0.0
2022-01-24 08:17:01.506527,28.4671,30.227,0.0
2022-01-24 08:17:02.007932,29.03396,30.07225,0.0
2022-01-24 08:17:02.506969,30.7358,30.227,0.0
2022-01-24 08:17:03.009051,30.01422,30.227,0.0
2022-01-24 08:17:03.506926,29.96224,29.9175,0.0
2022-01-24 08:17:04.007747,28.77652,30.279,0.0
2022-01-24 08:17:04.504357,29.55008,30.17625,0.0
2022-01-24 08:17:05.002704,30.7358,30.0215,0.0
2022-01-24 08:17:05.500971,30.11695,30.48575,0.0
2022-01-24 08:17:06.009868,29.60083,30.0215,0.0
2022-01-24 08:17:06.505724,28.56982,30.12425,0.0
2022-01-24 08:17:07.005127,31.04522,30.48575,0.0
2022-01-24 08:17:07.501572,30.42637,30.12425,0.0
2022-01-24 08:17:08.009746,30.47836,29.9695,0.0
2022-01-24 08:17:08.507854,29.55008,30.5365,0.0
2022-01-24 08:17:09.010265,29.60083,30.279,0.0
2022-01-24 08:17:09.505995,30.32365,30.0215,0.0
2022-01-24 08:17:10.005151,29.60083,30.07225,0.0
2022-01-24 08:17:10.501070,29.85951,30.17625,0.0
2022-01-24 08:17:11.007285,29.55008,29.86675,0.0
2022-01-24 08:17:11.506270,29.85951,30.48575,0.0
2022-01-24 08:17:12.005425,30.01422,30.5365,0.0
2022-01-24 08:17:12.509111,29.65281,29.81475,0.0
2022-01-24 08:17:13.007169,29.80752,30.07225,0.0
2022-01-24 08:17:13.501669,30.11695,30.43375,0.0
2022-01-24 08:17:14.010684,29.4981,30.12425,0.0
2022-01-24 08:17:14.505424,29.4981,30.07225,0.0
2022-01-24 08:17:15.003502,30.37439,30.5365,0.0
2022-01-24 08:17:15.510363,30.21968,29.608,0.0
2022-01-24 08:17:16.006829,29.96224,29.9695,0.0
2022-01-24 08:17:16.502932,29.34339,30.5365,0.0
2022-01-24 08:17:17.006457,29.7048,30.12425,0.0
2022-01-24 08:17:17.506109,30.06497,29.55725,0.0
2022-01-24 08:17:18.005274,30.01422,30.38175,0.0
2022-01-24 08:17:18.508893,29.96224,30.5885,0.0
2022-01-24 08:17:19.007301,29.08595,30.17625,0.0
2022-01-24 08:17:19.501765,28.72454,29.76275,0.0
2022-01-24 08:17:20.003260,30.16893,30.5365,0.0
2022-01-24 08:17:21.005190,29.55008,30.48575,0.0
2022-01-24 08:17:21.502420,28.98198,30.48575,0.0
2022-01-24 08:17:22.010308,30.68382,29.45325,0.0
2022-01-24 08:17:22.506064,30.68382,29.2985,0.0
2022-01-24 08:17:23.007617,29.96224,30.846,0.0
2022-01-24 08:17:23.504527,29.18867,30.6405,0.0
2022-01-24 08:17:24.003433,29.39537,29.86675,0.0
2022-01-24 08:17:24.501742,30.21968,29.50525,0.0
2022-01-24 08:17:25.003245,29.91025,30.38175,0.0
2022-01-24 08:17:25.509104,29.85951,30.74325,0.0
2022-01-24 08:17:26.008746,29.34339,30.12425,0.0
2022-01-24 08:17:26.504922,29.13669,30.279,0.0
2022-01-24 08:17:27.004028,30.58109,29.86675,0.0
2022-01-24 08:17:27.507741,29.96224,30.331,0.0
2022-01-24 08:17:28.007213,29.65281,29.9695,0.0
2022-01-24 08:17:28.504880,29.85951,29.9175,0.0
2022-01-24 08:17:29.005486,29.60083,30.227,0.0
2022-01-24 08:17:29.502217,30.47836,30.279,0.0
2022-01-24 08:17:30.008144,29.39537,30.0215,0.0
2022-01-24 08:17:30.509050,29.91025,30.48575,0.0
2022-01-24 08:17:31.010131,29.85951,30.17625,0.0
2022-01-24 08:17:31.506328,29.60083,30.07225,0.0
2022-01-24 08:17:32.010055,29.65281,30.5365,0.0
2022-01-24 08:17:32.506194,29.96224,30.331,0.0
2022-01-24 08:17:33.002285,29.80752,29.76275,0.0
2022-01-24 08:17:33.504894,29.96224,30.227,0.0
2022-01-24 08:17:34.009686,29.65281,30.5365,0.0
2022-01-24 08:17:34.503191,29.85951,29.9175,0.0
2022-01-24 08:17:35.003331,29.91025,29.76275,0.0
2022-01-24 08:17:35.506361,30.01422,30.43375,0.0
2022-01-24 08:17:36.010743,29.75554,30.12425,0.0
2022-01-24 08:17:36.508348,29.4981,30.12425,0.0
2022-01-24 08:17:37.505074,30.32365,29.9175,0.0
2022-01-24 08:17:38.001950,30.16893,30.12425,0.0
2022-01-24 08:17:38.502136,29.96224,30.6405,0.0
2022-01-24 08:17:39.001725,29.13669,30.12425,0.0
2022-01-24 08:17:39.506528,28.87925,29.86675,0.0
2022-01-24 08:17:40.006071,30.42637,30.0215,0.0
2022-01-24 08:17:40.505236,30.63307,30.38175,0.0
2022-01-24 08:17:41.002843,29.91025,30.0215,0.0
2022-01-24 08:17:41.509895,29.18867,30.07225,0.0
2022-01-24 08:17:42.009459,29.13669,30.279,0.0
2022-01-24 08:17:42.506785,30.99324,29.81475,0.0
2022-01-24 08:17:43.005325,30.58109,30.74325,0.0
2022-01-24 08:17:43.501497,29.60083,30.48575,0.0
2022-01-24 08:17:44.009214,28.82727,29.9175,0.0
2022-01-24 08:17:44.504773,29.34339,29.81475,0.0
2022-01-24 08:17:45.005492,30.83853,30.5365,0.0
2022-01-24 08:17:46.004852,29.18867,30.12425,0.0
2022-01-24 08:17:46.503088,28.0537,29.9695,0.0
2022-01-24 08:17:47.002289,30.63307,30.227,0.0
2022-01-24 08:17:47.508400,30.99324,30.331,0.0
2022-01-24 08:17:48.007934,30.5291,30.227,0.0
2022-01-24 08:17:48.504203,28.67255,30.12425,0.0
2022-01-24 08:17:49.005038,28.51784,30.227,0.0
2022-01-24 08:17:49.503880,31.50936,30.227,0.0
2022-01-24 08:17:50.002810,30.5291,29.9175,0.0
2022-01-24 08:17:50.508906,29.85951,30.38175,0.0
2022-01-24 08:17:51.007218,29.18867,30.0215,0.0
2022-01-24 08:17:51.502517,29.44612,29.86675,0.0
2022-01-24 08:17:52.010037,29.85951,30.43375,0.0
2022-01-24 08:17:52.503931,29.7048,29.9695,0.0
2022-01-24 08:17:53.002752,30.06497,30.0215,0.0
2022-01-24 08:17:53.508663,29.08595,30.5885,0.0
2022-01-24 08:17:54.007869,29.85951,30.17625,0.0
2022-01-24 08:17:54.503970,30.21968,30.17625,0.0
2022-01-24 08:17:55.001565,29.80752,30.43375,0.0
2022-01-24 08:17:55.508218,29.60083,30.07225,0.0
2022-01-24 08:17:56.006773,29.13669,29.9695,0.0
2022-01-24 08:17:56.501888,29.75554,30.279,0.0
2022-01-24 08:17:57.010653,29.4981,29.9695,0.0
2022-01-24 08:17:57.507530,29.80752,29.86675,0.0
2022-01-24 08:17:58.006617,29.91025,30.5365,0.0
2022-01-24 08:17:58.505089,29.7048,30.17625,0.0
2022-01-24 08:17:59.004302,29.75554,29.608,0.0
2022-01-24 08:17:59.501107,30.21968,30.331,0.0
2022-01-24 08:18:00.009409,29.75554,30.43375,0.0
2022-01-24 08:18:00.503469,30.27166,30.279,0.0
2022-01-24 08:18:01.002437,29.85951,30.48575,0.0
2022-01-24 08:18:01.508236,29.2914,30.17625,0.0
2022-01-24 08:18:02.007290,30.11695,29.712,0.0
2022-01-24 08:18:02.504544,30.37439,30.43375,0.0
2022-01-24 08:18:03.003399,29.91025,30.331,0.0
2022-01-24 08:18:03.510606,29.4981,29.9695,0.0
2022-01-24 08:18:04.008707,28.77652,29.76275,0.0
2022-01-24 08:18:04.504983,30.21968,30.38175,0.0
2022-01-24 08:18:05.003165,30.11695,30.17625,0.0
2022-01-24 08:18:05.509783,30.21968,30.0215,0.0
2022-01-24 08:18:06.009107,29.65281,30.5885,0.0
2022-01-24 08:18:06.506857,29.13669,30.331,0.0
2022-01-24 08:18:07.003174,30.68382,29.86675,0.0
2022-01-24 08:18:07.508738,30.01422,30.79525,0.0
2022-01-24 08:18:08.007081,29.85951,30.74325,0.0
2022-01-24 08:18:08.503293,28.67255,29.66,0.0
2022-01-24 08:18:09.002228,29.2914,29.3505,0.0
2022-01-24 08:18:09.504435,30.89051,30.69125,0.0
2022-01-24 08:18:10.004907,30.37439,30.17625,0.0
2022-01-24 08:18:10.509895,29.75554,30.331,0.0
2022-01-24 08:18:11.004968,29.4981,30.12425,0.0
2022-01-24 08:18:11.502580,28.87925,30.227,0.0
2022-01-24 08:18:12.002173,31.19994,30.279,0.0
2022-01-24 08:18:12.508202,30.5291,30.6405,0.0
2022-01-24 08:18:13.007139,29.85951,30.38175,0.0
2022-01-24 08:18:13.502722,29.65281,29.9175,0.0
2022-01-24 08:18:14.010986,29.08595,30.48575,0.0
2022-01-24 08:18:14.506235,30.7358,29.66,0.0
2022-01-24 08:18:15.004913,29.91025,30.12425,0.0
2022-01-24 08:18:15.510447,29.85951,30.38175,0.0
2022-01-24 08:18:16.010278,28.72454,30.0215,0.0
2022-01-24 08:18:16.507181,29.24066,29.9695,0.0
2022-01-24 08:18:17.005811,30.58109,30.43375,0.0
2022-01-24 08:18:17.503927,29.7048,30.0215,0.0
2022-01-24 08:18:18.002226,29.85951,30.07225,0.0
2022-01-24 08:18:18.507656,29.4981,30.5885,0.0
2022-01-24 08:18:19.009442,30.01422,30.331,0.0
2022-01-24 08:18:19.503420,30.16893,29.712,0.0
2022-01-24 08:18:20.003435,29.55008,30.5885,0.0
2022-01-24 08:18:20.511044,30.06497,30.331,0.0
2022-01-24 08:18:21.009981,29.2914,29.712,0.0
2022-01-24 08:18:21.504481,29.60083,29.9695,0.0
2022-01-24 08:18:22.003989,29.96224,30.227,0.0
2022-01-24 08:18:22.510983,29.96224,30.12425,0.0
2022-01-24 08:18:23.009100,29.80752,30.227,0.0
2022-01-24 08:18:23.504495,29.4981,30.331,0.0
2022-01-24 08:18:24.005659,29.55008,29.81475,0.0
2022-01-24 08:18:24.502725,30.47836,29.9695,0.0
2022-01-24 08:18:25.003169,30.06497,31.05275,0.0
2022-01-24 08:18:25.509821,30.01422,30.6405,0.0
2022-01-24 08:18:26.008009,28.82727,29.9695,0.0
2022-01-24 08:18:26.503662,29.2914,29.76275,0.0
2022-01-24 08:18:27.004627,30.32365,30.227,0.0
2022-01-24 08:18:27.510417,29.80752,30.279,0.0
2022-01-24 08:18:28.002098,30.16893,29.9175,0.0
2022-01-24 08:18:28.508915,29.24066,29.76275,0.0
2022-01-24 08:18:29.008462,29.13669,30.43375,0.0
2022-01-24 08:18:29.505789,30.16893,30.43375,0.0
2022-01-24 08:18:30.004725,29.75554,30.279,0.0
2022-01-24 08:18:30.509805,29.03396,29.9695,0.0
2022-01-24 08:18:31.007888,29.34339,30.0215,0.0
2022-01-24 08:18:31.503201,29.85951,30.331,0.0
2022-01-24 08:18:32.006364,30.83853,30.38175,0.0
2022-01-24 08:18:32.503652,30.5291,30.331,0.0
2022-01-24 08:18:33.002561,29.4981,29.86675,0.0
2022-01-24 08:18:33.507315,28.4671,30.0215,0.0
2022-01-24 08:18:34.006676,30.7358,30.331,0.0
2022-01-24 08:18:34.505368,30.58109,30.07225,0.0
2022-01-24 08:18:35.004126,29.80752,30.227,0.0
2022-01-24 08:18:35.502423,29.2914,30.17625,0.0
2022-01-24 08:18:36.002000,29.2914,30.227,0.0
2022-01-24 08:18:36.507638,30.5291,30.12425,0.0
2022-01-24 08:18:37.005912,30.16893,30.17625,0.0
2022-01-24 08:18:37.501417,29.85951,30.07225,0.0
2022-01-24 08:18:38.002160,29.44612,30.227,0.0
2022-01-24 08:18:38.508569,29.4981,30.5365,0.0
2022-01-24 08:18:39.001765,30.11695,29.76275,0.0
2022-01-24 08:18:39.507883,29.91025,29.9695,0.0
2022-01-24 08:18:40.006940,29.80752,30.48575,0.0
2022-01-24 08:18:40.502128,29.85951,30.17625,0.0
2022-01-24 08:18:41.010268,29.44612,30.07225,0.0
2022-01-24 08:18:41.508302,29.85951,30.279,0.0
2022-01-24 08:18:42.010460,29.4981,29.9175,0.0
2022-01-24 08:18:42.510451,29.96224,30.279,0.0
2022-01-24 08:18:43.009024,30.37439,30.12425,0.0
2022-01-24 08:18:43.506606,29.60083,30.17625,0.0
