時間,回転１,回転２,回転３
2022-01-26 10:00:00.004651,0.0,0.0,0.0
2022-01-26 10:00:00.504035,0.0,0.0,0.0
2022-01-26 10:00:01.003349,0.0,0.0,0.0
2022-01-26 10:00:01.504343,0.0,0.0,0.0
2022-01-26 10:00:02.004237,0.0,0.0,0.0
2022-01-26 10:00:02.511056,0.0,0.0,0.0
2022-01-26 10:00:03.008730,0.0,0.0,0.0
2022-01-26 10:00:03.504748,0.0,0.0,0.0
2022-01-26 10:00:04.002851,0.0,0.0,0.0
2022-01-26 10:00:04.508644,0.0,0.0,0.0
2022-01-26 10:00:05.008291,0.0,0.0,0.0
2022-01-26 10:00:05.502297,0.0,0.0,0.0
2022-01-26 10:00:06.001518,0.0,0.0,0.0
2022-01-26 10:00:06.507094,0.0,0.0,0.0
2022-01-26 10:00:07.004700,0.0,0.0,0.0
2022-01-26 10:00:07.508941,0.0,0.0,0.0
2022-01-26 10:00:08.007297,0.0,0.0,0.0
2022-01-26 10:00:08.511130,0.0,0.0,0.0
2022-01-26 10:00:09.001783,0.0,0.0,0.0
2022-01-26 10:00:09.507614,0.0,0.0,0.0
2022-01-26 10:00:10.006922,0.0,0.0,0.0
2022-01-26 10:00:10.501952,0.0,0.0,0.0
2022-01-26 10:00:11.006722,0.0,0.0,0.0
2022-01-26 10:00:11.509911,0.0,0.0,0.0
2022-01-26 10:00:12.006716,0.0,0.0,0.0
2022-01-26 10:00:12.509216,0.0,0.0,0.0
2022-01-26 10:00:13.006804,0.0,0.0,0.0
2022-01-26 10:00:13.502398,0.0,0.0,0.0
2022-01-26 10:00:14.001052,0.0,0.0,0.0
2022-01-26 10:00:14.507547,0.0,0.0,0.0
2022-01-26 10:00:15.006135,0.0,0.0,0.0
2022-01-26 10:00:15.503452,0.0,0.0,0.0
2022-01-26 10:00:16.010914,0.0,0.0,0.0
2022-01-26 10:00:16.507676,0.0,0.0,0.0
2022-01-26 10:00:17.008103,0.0,0.0,0.0
2022-01-26 10:00:17.502448,0.0,0.0,0.0
2022-01-26 10:00:18.010182,0.0,0.0,0.0
2022-01-26 10:00:18.508265,0.0,0.0,0.0
2022-01-26 10:00:19.007287,0.0,0.0,0.0
2022-01-26 10:00:19.503575,0.0,0.0,0.0
2022-01-26 10:00:20.003910,0.0,0.0,0.0
2022-01-26 10:00:20.509571,0.0,0.0,0.0
2022-01-26 10:00:21.008103,0.0,0.0,0.0
2022-01-26 10:00:21.503355,0.0,0.0,0.0
2022-01-26 10:00:22.001120,0.0,0.0,0.0
2022-01-26 10:00:22.508411,0.0,0.0,0.0
2022-01-26 10:00:23.006273,0.0,0.0,0.0
2022-01-26 10:00:23.501149,0.0,0.0,0.0
2022-01-26 10:00:24.008912,0.0,0.0,0.0
2022-01-26 10:00:24.508785,0.0,0.0,0.0
2022-01-26 10:00:25.004265,0.0,0.0,0.0
2022-01-26 10:00:25.506454,0.0,0.0,0.0
2022-01-26 10:00:26.007423,0.0,0.0,0.0
2022-01-26 10:00:26.511053,0.0,0.0,0.0
2022-01-26 10:00:27.004879,0.0,0.0,0.0
2022-01-26 10:00:27.508160,0.0,0.0,0.0
2022-01-26 10:00:28.003178,0.0,0.0,0.0
2022-01-26 10:00:28.502029,0.0,0.0,0.0
2022-01-26 10:00:29.004534,0.0,0.0,0.0
2022-01-26 10:00:29.510203,0.0,0.0,0.0
2022-01-26 10:00:30.008897,0.0,0.0,0.0
2022-01-26 10:00:30.502935,0.0,0.0,0.0
2022-01-26 10:00:31.002856,0.0,0.0,0.0
2022-01-26 10:00:31.505989,0.0,0.0,0.0
2022-01-26 10:00:32.005764,0.0,0.0,0.0
2022-01-26 10:00:32.501570,0.0,0.0,0.0
2022-01-26 10:00:33.009780,0.0,0.0,0.0
2022-01-26 10:00:33.503967,0.0,0.0,0.0
2022-01-26 10:00:34.003195,0.0,0.0,0.0
2022-01-26 10:00:34.508024,0.0,0.0,0.0
2022-01-26 10:00:35.005025,0.0,0.0,0.0
2022-01-26 10:00:35.509533,0.0,0.0,0.0
2022-01-26 10:00:36.007606,0.0,0.0,0.0
2022-01-26 10:00:36.505720,0.0,0.0,0.0
2022-01-26 10:00:37.003646,0.0,0.0,0.0
2022-01-26 10:00:37.510627,0.0,0.0,0.0
2022-01-26 10:00:38.008649,0.0,0.0,0.0
2022-01-26 10:00:38.505196,0.0,0.0,0.0
2022-01-26 10:00:39.003486,0.0,0.0,0.0
2022-01-26 10:00:39.508770,0.0,0.0,0.0
2022-01-26 10:00:40.006373,0.0,0.0,0.0
2022-01-26 10:00:40.501614,0.0,0.0,0.0
2022-01-26 10:00:41.001829,0.0,0.0,0.0
2022-01-26 10:00:41.508546,0.0,0.0,0.0
2022-01-26 10:00:42.007405,0.0,0.0,0.0
2022-01-26 10:00:42.502611,0.0,0.0,0.0
2022-01-26 10:00:43.009535,0.0,0.0,0.0
2022-01-26 10:00:43.504074,0.0,0.0,0.0
2022-01-26 10:00:44.002357,0.0,0.0,0.0
2022-01-26 10:00:44.508106,0.0,0.0,0.0
2022-01-26 10:00:45.006062,0.0,0.0,0.0
2022-01-26 10:00:45.504261,0.0,0.0,0.0
2022-01-26 10:00:46.008564,0.0,0.0,0.0
2022-01-26 10:00:46.504978,0.0,0.0,0.0
2022-01-26 10:00:47.002218,0.0,0.0,0.0
2022-01-26 10:00:47.506987,0.0,0.0,0.0
2022-01-26 10:00:48.005090,0.0,0.0,0.0
2022-01-26 10:00:48.510983,0.0,0.0,0.0
2022-01-26 10:00:49.009680,0.0,0.0,0.0
2022-01-26 10:00:49.505858,0.0,0.0,0.0
2022-01-26 10:00:50.005029,0.0,0.0,0.0
2022-01-26 10:00:50.510696,0.0,0.0,0.0
2022-01-26 10:00:51.007446,0.0,0.0,0.0
2022-01-26 10:00:51.501996,0.0,0.0,0.0
2022-01-26 10:00:52.008451,0.0,0.0,0.0
2022-01-26 10:00:52.503803,0.0,0.0,0.0
2022-01-26 10:00:53.005534,0.0,0.0,0.0
2022-01-26 10:00:53.510650,0.0,0.0,0.0
2022-01-26 10:00:54.011227,0.0,0.0,0.0
2022-01-26 10:00:54.502385,0.0,0.0,0.0
2022-01-26 10:00:55.009960,0.0,0.0,0.0
2022-01-26 10:00:55.505819,0.0,0.0,0.0
2022-01-26 10:00:56.004168,0.0,0.0,0.0
2022-01-26 10:00:56.510256,0.0,0.0,0.0
2022-01-26 10:00:57.008488,0.0,0.0,0.0
2022-01-26 10:00:57.502766,0.0,0.0,0.0
2022-01-26 10:00:58.010581,0.0,0.0,0.0
2022-01-26 10:00:58.506285,0.0,0.0,0.0
2022-01-26 10:00:59.004418,0.0,0.0,0.0
2022-01-26 10:00:59.501059,0.0,0.0,0.0
2022-01-26 10:01:00.008134,0.0,0.0,0.0
2022-01-26 10:01:00.505397,0.0,0.0,0.0
2022-01-26 10:01:01.002960,0.0,0.0,0.0
2022-01-26 10:01:01.508889,0.0,0.0,0.0
2022-01-26 10:01:02.008409,0.0,0.0,0.0
2022-01-26 10:01:02.504981,0.0,0.0,0.0
2022-01-26 10:01:03.006780,0.0,0.0,0.0
2022-01-26 10:01:03.504010,0.0,0.0,0.0
2022-01-26 10:01:04.003650,0.0,0.0,0.0
2022-01-26 10:01:04.509689,0.0,0.0,0.0
2022-01-26 10:01:05.009408,0.0,0.0,0.0
2022-01-26 10:01:05.510782,0.0,0.0,0.0
2022-01-26 10:01:06.007201,0.0,0.0,0.0
2022-01-26 10:01:06.502402,0.0,0.0,0.0
2022-01-26 10:01:07.010053,0.0,0.0,0.0
2022-01-26 10:01:07.507587,0.0,0.0,0.0
2022-01-26 10:01:08.004222,0.0,0.0,0.0
2022-01-26 10:01:08.509314,0.0,0.0,0.0
2022-01-26 10:01:09.007398,0.0,0.0,0.0
2022-01-26 10:01:09.502679,0.0,0.0,0.0
2022-01-26 10:01:10.002623,0.0,0.0,0.0
2022-01-26 10:01:10.507918,0.0,0.0,0.0
2022-01-26 10:01:11.004519,0.0,0.0,0.0
2022-01-26 10:01:11.509182,0.0,0.0,0.0
2022-01-26 10:01:12.007012,0.0,0.0,0.0
2022-01-26 10:01:12.501645,0.0,0.0,0.0
2022-01-26 10:01:13.001415,0.0,0.0,0.0
2022-01-26 10:01:13.509014,0.0,0.0,0.0
2022-01-26 10:01:14.006665,0.0,0.0,0.0
2022-01-26 10:01:14.501225,0.0,0.0,0.0
2022-01-26 10:01:15.009669,0.0,0.0,0.0
2022-01-26 10:01:15.504892,0.0,0.0,0.0
2022-01-26 10:01:16.010113,0.0,0.0,0.0
2022-01-26 10:01:16.509211,0.0,0.0,0.0
2022-01-26 10:01:17.007055,0.0,0.0,0.0
2022-01-26 10:01:17.501730,0.0,0.0,0.0
2022-01-26 10:01:18.010542,0.0,0.0,0.0
2022-01-26 10:01:18.505703,0.0,0.0,0.0
2022-01-26 10:01:19.004693,0.0,0.0,0.0
2022-01-26 10:01:19.510005,0.0,0.0,0.0
2022-01-26 10:01:20.008492,0.0,0.0,0.0
2022-01-26 10:01:20.503904,0.0,0.0,0.0
2022-01-26 10:01:21.001944,0.0,0.0,0.0
2022-01-26 10:01:21.509055,0.0,0.0,0.0
2022-01-26 10:01:22.006317,0.0,0.0,0.0
2022-01-26 10:01:22.501519,0.0,0.0,0.0
2022-01-26 10:01:23.010681,0.0,0.0,0.0
2022-01-26 10:01:23.505375,0.0,0.0,0.0
2022-01-26 10:01:24.003153,0.0,0.0,0.0
2022-01-26 10:01:24.508669,0.0,0.0,0.0
2022-01-26 10:01:25.006514,0.0,0.0,0.0
2022-01-26 10:01:25.503230,0.0,0.0,0.0
2022-01-26 10:01:26.010633,0.0,0.0,0.0
2022-01-26 10:01:26.505270,0.0,0.0,0.0
2022-01-26 10:01:27.004353,0.0,0.0,0.0
2022-01-26 10:01:27.510002,0.0,0.0,0.0
2022-01-26 10:01:28.008136,0.0,0.0,0.0
2022-01-26 10:01:28.502719,0.0,0.0,0.0
2022-01-26 10:01:29.001777,0.0,0.0,0.0
2022-01-26 10:01:29.509804,0.0,0.0,0.0
2022-01-26 10:01:30.007521,0.0,0.0,0.0
2022-01-26 10:01:30.508548,0.0,0.0,0.0
2022-01-26 10:01:31.006288,0.0,0.0,0.0
2022-01-26 10:01:31.511039,0.0,0.0,0.0
2022-01-26 10:01:32.001032,0.0,0.0,0.0
2022-01-26 10:01:32.507290,0.0,0.0,0.0
2022-01-26 10:01:33.005888,0.0,0.0,0.0
2022-01-26 10:01:33.510132,0.0,0.0,0.0
2022-01-26 10:01:34.008775,0.0,0.0,0.0
2022-01-26 10:01:34.505774,0.0,0.0,0.0
2022-01-26 10:01:35.005280,0.0,0.0,0.0
2022-01-26 10:01:35.510144,0.0,0.0,0.0
2022-01-26 10:01:36.505713,0.0,0.0,0.0
2022-01-26 10:01:37.004766,0.0,0.0,0.0
2022-01-26 10:01:37.507930,0.0,0.0,0.0
2022-01-26 10:01:38.006373,0.0,0.0,0.0
2022-01-26 10:01:38.502601,0.0,0.0,0.0
2022-01-26 10:01:39.010000,0.0,0.0,0.0
2022-01-26 10:01:39.503860,0.0,0.0,0.0
2022-01-26 10:01:40.001996,0.0,0.0,0.0
2022-01-26 10:01:40.508423,0.0,0.0,0.0
2022-01-26 10:01:41.005041,0.0,0.0,0.0
2022-01-26 10:01:41.508613,0.0,0.0,0.0
2022-01-26 10:01:42.006759,0.0,0.0,0.0
2022-01-26 10:01:43.005853,0.0,0.0,0.0
2022-01-26 10:01:43.510689,0.0,0.0,0.0
2022-01-26 10:01:44.009079,0.0,0.0,0.0
2022-01-26 10:01:44.505298,0.0,0.0,0.0
2022-01-26 10:01:45.005078,0.0,0.0,0.0
2022-01-26 10:01:45.509783,0.0,0.0,0.0
2022-01-26 10:01:46.009027,0.0,0.0,0.0
2022-01-26 10:01:46.503488,0.0,0.0,0.0
2022-01-26 10:01:47.010669,0.0,0.0,0.0
2022-01-26 10:01:47.506249,0.0,0.0,0.0
2022-01-26 10:01:48.005363,0.0,0.0,0.0
2022-01-26 10:01:48.509979,0.0,0.0,0.0
2022-01-26 10:01:49.007385,0.0,0.0,0.0
2022-01-26 10:01:49.502697,0.0,0.0,0.0
2022-01-26 10:01:50.001234,0.0,0.0,0.0
2022-01-26 10:01:50.507013,0.0,0.0,0.0
2022-01-26 10:01:51.007617,0.0,0.0,0.0
2022-01-26 10:01:51.501644,0.0,0.0,0.0
2022-01-26 10:01:52.002353,0.0,0.0,0.0
2022-01-26 10:01:52.507686,0.0,0.0,0.0
2022-01-26 10:01:53.006390,0.0,0.0,0.0
2022-01-26 10:01:53.501266,0.0,0.0,0.0
2022-01-26 10:01:54.009105,0.0,0.0,0.0
2022-01-26 10:01:54.508960,0.0,0.0,0.0
2022-01-26 10:01:55.006439,0.0,0.0,0.0
2022-01-26 10:01:55.501384,0.0,0.0,0.0
2022-01-26 10:01:56.010944,0.0,0.0,0.0
2022-01-26 10:01:56.506165,0.0,0.0,0.0
2022-01-26 10:01:57.002846,0.0,0.0,0.0
2022-01-26 10:01:57.507847,0.0,0.0,0.0
2022-01-26 10:01:58.006307,0.0,0.0,0.0
2022-01-26 10:01:58.502579,0.0,0.0,0.0
2022-01-26 10:01:59.011015,0.0,0.0,0.0
2022-01-26 10:01:59.506464,0.0,0.0,0.0
2022-01-26 10:02:00.004427,0.0,0.0,0.0
2022-01-26 10:02:00.508368,0.0,0.0,0.0
2022-01-26 10:02:01.007610,0.0,0.0,0.0
2022-01-26 10:02:01.503809,0.0,0.0,0.0
2022-01-26 10:02:02.003332,0.0,0.0,0.0
2022-01-26 10:02:02.510312,0.0,0.0,0.0
2022-01-26 10:02:03.007811,0.0,0.0,0.0
2022-01-26 10:02:03.507107,0.0,0.0,0.0
2022-01-26 10:02:04.003222,0.0,0.0,0.0
2022-01-26 10:02:04.509406,0.0,0.0,0.0
2022-01-26 10:02:05.007454,0.0,0.0,0.0
2022-01-26 10:02:05.502697,0.0,0.0,0.0
2022-01-26 10:02:06.001129,0.0,0.0,0.0
2022-01-26 10:02:06.506854,0.0,0.0,0.0
2022-01-26 10:02:07.009136,0.0,0.0,0.0
2022-01-26 10:02:07.507012,0.0,0.0,0.0
2022-01-26 10:02:08.005997,0.0,0.0,0.0
2022-01-26 10:02:08.510970,0.0,0.0,0.0
2022-01-26 10:02:09.001509,0.0,0.0,0.0
2022-01-26 10:02:09.506485,0.0,0.0,0.0
2022-01-26 10:02:10.004400,0.0,0.0,0.0
2022-01-26 10:02:10.510383,0.0,0.0,0.0
2022-01-26 10:02:11.008657,0.0,0.0,0.0
2022-01-26 10:02:11.503348,0.0,0.0,0.0
2022-01-26 10:02:12.002412,0.0,0.0,0.0
2022-01-26 10:02:12.508355,0.0,0.0,0.0
2022-01-26 10:02:13.005717,0.0,0.0,0.0
2022-01-26 10:02:13.501188,0.0,0.0,0.0
2022-01-26 10:02:14.009900,0.0,0.0,0.0
2022-01-26 10:02:14.505765,0.0,0.0,0.0
2022-01-26 10:02:15.004052,0.0,0.0,0.0
2022-01-26 10:02:15.508233,0.0,0.0,0.0
2022-01-26 10:02:16.004998,0.0,0.0,0.0
2022-01-26 10:02:16.502632,0.0,0.0,0.0
2022-01-26 10:02:17.001809,0.0,0.0,0.0
2022-01-26 10:02:17.507659,0.0,0.0,0.0
2022-01-26 10:02:18.007401,0.0,0.0,0.0
2022-01-26 10:02:19.005441,0.0,0.0,0.0
2022-01-26 10:02:19.510034,0.0,0.0,0.0
2022-01-26 10:02:20.007588,0.0,0.0,0.0
2022-01-26 10:02:20.510826,0.0,0.0,0.0
2022-01-26 10:02:21.008414,0.0,0.0,0.0
2022-01-26 10:02:21.503862,0.0,0.0,0.0
2022-01-26 10:02:22.010674,0.0,0.0,0.0
2022-01-26 10:02:22.505130,0.0,0.0,0.0
2022-01-26 10:02:23.003359,0.0,0.0,0.0
2022-01-26 10:02:23.508468,0.0,0.0,0.0
2022-01-26 10:02:24.009294,0.0,0.0,0.0
2022-01-26 10:02:24.504069,0.0,0.0,0.0
2022-01-26 10:02:25.002639,0.0,0.0,0.0
2022-01-26 10:02:25.509849,0.0,0.0,0.0
2022-01-26 10:02:26.008015,0.0,0.0,0.0
2022-01-26 10:02:26.501564,0.0,0.0,0.0
2022-01-26 10:02:27.009820,0.0,0.0,0.0
2022-01-26 10:02:27.503319,0.0,0.0,0.0
2022-01-26 10:02:28.004271,0.0,0.0,0.0
2022-01-26 10:02:28.509873,0.0,0.0,0.0
2022-01-26 10:02:29.006621,0.0,0.0,0.0
2022-01-26 10:02:29.502193,0.0,0.0,0.0
2022-01-26 10:02:30.010796,0.0,0.0,0.0
2022-01-26 10:02:30.507423,0.0,0.0,0.0
2022-01-26 10:02:31.005426,0.0,0.0,0.0
2022-01-26 10:02:31.501707,0.0,0.0,0.0
2022-01-26 10:02:32.010847,0.0,0.0,0.0
2022-01-26 10:02:32.505641,0.0,0.0,0.0
2022-01-26 10:02:33.003662,0.0,0.0,0.0
2022-01-26 10:02:33.509946,0.0,0.0,0.0
2022-01-26 10:02:34.007549,0.0,0.0,0.0
2022-01-26 10:02:34.504842,0.0,0.0,0.0
2022-01-26 10:02:35.002087,0.0,0.0,0.0
2022-01-26 10:02:35.507881,0.0,0.0,0.0
2022-01-26 10:02:36.008090,0.0,0.0,0.0
2022-01-26 10:02:36.503143,0.0,0.0,0.0
2022-01-26 10:02:37.002390,0.0,0.0,0.0
2022-01-26 10:02:37.507406,0.0,0.0,0.0
2022-01-26 10:02:38.006632,0.0,0.0,0.0
2022-01-26 10:02:38.511034,0.0,0.0,0.0
2022-01-26 10:02:39.010386,0.0,0.0,0.0
2022-01-26 10:02:39.506366,0.0,0.0,0.0
2022-01-26 10:02:40.003825,0.0,0.0,0.0
2022-01-26 10:02:40.510546,0.0,0.0,0.0
2022-01-26 10:02:41.008394,0.0,0.0,0.0
2022-01-26 10:02:41.504755,0.0,0.0,0.0
2022-01-26 10:02:42.002510,0.0,0.0,0.0
2022-01-26 10:02:42.507539,0.0,0.0,0.0
2022-01-26 10:02:43.004441,0.0,0.0,0.0
2022-01-26 10:02:43.509454,0.0,0.0,0.0
2022-01-26 10:02:44.005806,0.0,0.0,0.0
2022-01-26 10:02:44.501372,0.0,0.0,0.0
2022-01-26 10:02:45.009119,0.0,0.0,0.0
2022-01-26 10:02:45.503790,0.0,0.0,0.0
2022-01-26 10:02:46.001792,0.0,0.0,0.0
2022-01-26 10:02:46.511130,0.0,0.0,0.0
2022-01-26 10:02:47.008465,0.0,0.0,0.0
2022-01-26 10:02:47.505413,0.0,0.0,0.0
2022-01-26 10:02:48.004208,0.0,0.0,0.0
2022-01-26 10:02:48.510647,0.0,0.0,0.0
2022-01-26 10:02:49.009709,0.0,0.0,0.0
2022-01-26 10:02:49.504970,0.0,0.0,0.0
2022-01-26 10:02:50.002351,0.0,0.0,0.0
2022-01-26 10:02:50.506316,0.0,0.0,0.0
2022-01-26 10:02:51.004066,0.0,0.0,0.0
2022-01-26 10:02:51.510512,0.0,0.0,0.0
2022-01-26 10:02:52.007574,0.0,0.0,0.0
2022-01-26 10:02:52.505051,0.0,0.0,0.0
2022-01-26 10:02:53.002648,0.0,0.0,0.0
2022-01-26 10:02:53.507520,0.0,0.0,0.0
2022-01-26 10:02:54.007146,0.0,0.0,0.0
2022-01-26 10:02:54.510265,0.0,0.0,0.0
2022-01-26 10:02:55.007515,0.0,0.0,0.0
2022-01-26 10:02:55.503420,0.0,0.0,0.0
2022-01-26 10:02:56.002095,0.0,0.0,0.0
2022-01-26 10:02:56.509667,0.0,0.0,0.0
2022-01-26 10:02:57.009642,0.0,0.0,0.0
2022-01-26 10:02:57.505018,0.0,0.0,0.0
2022-01-26 10:02:58.004606,0.0,0.0,0.0
2022-01-26 10:02:58.509371,0.0,0.0,0.0
2022-01-26 10:02:59.007357,0.0,0.0,0.0
2022-01-26 10:02:59.503022,0.0,0.0,0.0
2022-01-26 10:03:00.010113,0.0,0.0,0.0
2022-01-26 10:03:00.509145,0.0,0.0,0.0
2022-01-26 10:03:01.008378,0.0,0.0,0.0
2022-01-26 10:03:01.504047,0.0,0.0,0.0
2022-01-26 10:03:02.011154,0.0,0.0,0.0
2022-01-26 10:03:02.508768,0.0,0.0,0.0
2022-01-26 10:03:03.007098,0.0,0.0,0.0
2022-01-26 10:03:03.501782,0.0,0.0,0.0
2022-01-26 10:03:04.009778,0.0,0.0,0.0
2022-01-26 10:03:04.505759,0.0,0.0,0.0
2022-01-26 10:03:05.005054,0.0,0.0,0.0
2022-01-26 10:03:05.510644,0.0,0.0,0.0
2022-01-26 10:03:06.009644,0.0,0.0,0.0
2022-01-26 10:03:06.504679,0.0,0.0,0.0
2022-01-26 10:03:07.003403,0.0,0.0,0.0
2022-01-26 10:03:07.510221,0.0,0.0,0.0
2022-01-26 10:03:08.006965,0.0,0.0,0.0
2022-01-26 10:03:08.502298,0.0,0.0,0.0
2022-01-26 10:03:09.010150,0.0,0.0,0.0
2022-01-26 10:03:09.506272,0.0,0.0,0.0
2022-01-26 10:03:10.003651,0.0,0.0,0.0
2022-01-26 10:03:10.509099,0.0,0.0,0.0
2022-01-26 10:03:11.006114,0.0,0.0,0.0
2022-01-26 10:03:11.502765,0.0,0.0,0.0
2022-01-26 10:03:12.010460,0.0,0.0,0.0
2022-01-26 10:03:12.505570,0.0,0.0,0.0
2022-01-26 10:03:13.003462,0.0,0.0,0.0
2022-01-26 10:03:13.509381,0.0,0.0,0.0
2022-01-26 10:03:14.010228,0.0,0.0,0.0
2022-01-26 10:03:14.507204,0.0,0.0,0.0
2022-01-26 10:03:15.005122,0.0,0.0,0.0
2022-01-26 10:03:15.510860,0.0,0.0,0.0
2022-01-26 10:03:16.009925,0.0,0.0,0.0
2022-01-26 10:03:16.505139,0.0,0.0,0.0
2022-01-26 10:03:17.003228,0.0,0.0,0.0
2022-01-26 10:03:17.508886,0.0,0.0,0.0
2022-01-26 10:03:18.006769,0.0,0.0,0.0
2022-01-26 10:03:18.501034,0.0,0.0,0.0
2022-01-26 10:03:19.010339,0.0,0.0,0.0
2022-01-26 10:03:19.503592,0.0,0.0,0.0
2022-01-26 10:03:20.001122,0.0,0.0,0.0
2022-01-26 10:03:20.507432,0.0,0.0,0.0
2022-01-26 10:03:21.006538,0.0,0.0,0.0
2022-01-26 10:03:21.510622,0.0,0.0,0.0
2022-01-26 10:03:22.008166,0.0,0.0,0.0
2022-01-26 10:03:22.503394,0.0,0.0,0.0
2022-01-26 10:03:23.010813,0.0,0.0,0.0
2022-01-26 10:03:23.507245,0.0,0.0,0.0
2022-01-26 10:03:24.005028,0.0,0.0,0.0
2022-01-26 10:03:24.501571,0.0,0.0,0.0
2022-01-26 10:03:25.009962,0.0,0.0,0.0
2022-01-26 10:03:25.506303,0.0,0.0,0.0
2022-01-26 10:03:26.004154,0.0,0.0,0.0
2022-01-26 10:03:26.510762,0.0,0.0,0.0
2022-01-26 10:03:27.008548,0.0,0.0,0.0
2022-01-26 10:03:27.505003,0.0,0.0,0.0
2022-01-26 10:03:28.005265,0.0,0.0,0.0
2022-01-26 10:03:28.502618,0.0,0.0,0.0
2022-01-26 10:03:29.010239,0.0,0.0,0.0
2022-01-26 10:03:29.504469,0.0,0.0,0.0
2022-01-26 10:03:30.002784,0.0,0.0,0.0
2022-01-26 10:03:30.507611,0.0,0.0,0.0
2022-01-26 10:03:31.004906,0.0,0.0,0.0
2022-01-26 10:03:31.509822,0.0,0.0,0.0
2022-01-26 10:03:32.008353,0.0,0.0,0.0
2022-01-26 10:03:32.506204,0.0,0.0,0.0
2022-01-26 10:03:33.003236,0.0,0.0,0.0
2022-01-26 10:03:33.508355,0.0,0.0,0.0
2022-01-26 10:03:34.006806,0.0,0.0,0.0
2022-01-26 10:03:34.503954,0.0,0.0,0.0
2022-01-26 10:03:35.008842,0.0,0.0,0.0
2022-01-26 10:03:35.505401,0.0,0.0,0.0
2022-01-26 10:03:36.002721,0.0,0.0,0.0
2022-01-26 10:03:36.507081,0.0,0.0,0.0
2022-01-26 10:03:37.008028,0.0,0.0,0.0
2022-01-26 10:03:37.503431,0.0,0.0,0.0
2022-01-26 10:03:38.002836,0.0,0.0,0.0
2022-01-26 10:03:38.506091,0.0,0.0,0.0
2022-01-26 10:03:39.004152,0.0,0.0,0.0
2022-01-26 10:03:39.501441,0.0,0.0,0.0
2022-01-26 10:03:40.009739,0.0,0.0,0.0
2022-01-26 10:03:40.504350,0.0,0.0,0.0
2022-01-26 10:03:41.001455,0.0,0.0,0.0
2022-01-26 10:03:41.509518,0.0,0.0,0.0
2022-01-26 10:03:42.007279,0.0,0.0,0.0
2022-01-26 10:03:42.502484,0.0,0.0,0.0
2022-01-26 10:03:43.009697,0.0,0.0,0.0
2022-01-26 10:03:43.505695,0.0,0.0,0.0
2022-01-26 10:03:44.003082,0.0,0.0,0.0
2022-01-26 10:03:44.507459,0.0,0.0,0.0
2022-01-26 10:03:45.005888,0.0,0.0,0.0
2022-01-26 10:03:45.501520,0.0,0.0,0.0
2022-01-26 10:03:46.002365,0.0,0.0,0.0
2022-01-26 10:03:46.506660,0.0,0.0,0.0
2022-01-26 10:03:47.002160,0.0,0.0,0.0
2022-01-26 10:03:47.509102,0.0,0.0,0.0
2022-01-26 10:03:48.006876,0.0,0.0,0.0
2022-01-26 10:03:48.502268,0.0,0.0,0.0
2022-01-26 10:03:49.010012,0.0,0.0,0.0
2022-01-26 10:03:49.505162,0.0,0.0,0.0
2022-01-26 10:03:50.003932,0.0,0.0,0.0
2022-01-26 10:03:50.501759,0.0,0.0,0.0
2022-01-26 10:03:51.009961,0.0,0.0,0.0
2022-01-26 10:03:51.506759,0.0,0.0,0.0
2022-01-26 10:03:52.004715,0.0,0.0,0.0
2022-01-26 10:03:52.509905,0.0,0.0,0.0
2022-01-26 10:03:53.009974,0.0,0.0,0.0
2022-01-26 10:03:53.505232,0.0,0.0,0.0
2022-01-26 10:03:54.002469,0.0,0.0,0.0
2022-01-26 10:03:54.507303,0.0,0.0,0.0
2022-01-26 10:03:55.007196,0.0,0.0,0.0
2022-01-26 10:03:55.501654,0.0,0.0,0.0
2022-01-26 10:03:56.010272,0.0,0.0,0.0
2022-01-26 10:03:56.508312,0.0,0.0,0.0
2022-01-26 10:03:57.011460,0.0,0.0,0.0
2022-01-26 10:03:57.505023,0.0,0.0,0.0
2022-01-26 10:03:58.004727,0.0,0.0,0.0
2022-01-26 10:03:58.509116,0.0,0.0,0.0
2022-01-26 10:03:59.006723,0.0,0.0,0.0
2022-01-26 10:03:59.503960,0.0,0.0,0.0
2022-01-26 10:04:00.004675,0.0,0.0,0.0
2022-01-26 10:04:00.510215,0.0,0.0,0.0
2022-01-26 10:04:01.008817,0.0,0.0,0.0
2022-01-26 10:04:01.503039,0.0,0.0,0.0
2022-01-26 10:04:02.001286,0.0,0.0,0.0
2022-01-26 10:04:02.504991,0.0,0.0,0.0
2022-01-26 10:04:03.003486,0.0,0.0,0.0
2022-01-26 10:04:03.502261,0.0,0.0,0.0
2022-01-26 10:04:04.002688,0.0,0.0,0.0
2022-01-26 10:04:04.507195,0.0,0.0,0.0
2022-01-26 10:04:05.005262,0.0,0.0,0.0
2022-01-26 10:04:05.501477,0.0,0.0,0.0
2022-01-26 10:04:06.008895,0.0,0.0,0.0
2022-01-26 10:04:06.503165,0.0,0.0,0.0
2022-01-26 10:04:07.010263,0.0,0.0,0.0
2022-01-26 10:04:07.504060,0.0,0.0,0.0
2022-01-26 10:04:08.002773,0.0,0.0,0.0
2022-01-26 10:04:08.506558,0.0,0.0,0.0
2022-01-26 10:04:09.505475,0.0,0.0,0.0
2022-01-26 10:04:10.003117,0.0,0.0,0.0
2022-01-26 10:04:10.506657,0.0,0.0,0.0
2022-01-26 10:04:11.003448,0.0,0.0,0.0
2022-01-26 10:04:11.507986,0.0,0.0,0.0
2022-01-26 10:04:12.007609,0.0,0.0,0.0
2022-01-26 10:04:12.503917,0.0,0.0,0.0
2022-01-26 10:04:13.010452,0.0,0.0,0.0
2022-01-26 10:04:13.507445,0.0,0.0,0.0
2022-01-26 10:04:14.006218,0.0,0.0,0.0
2022-01-26 10:04:14.510755,0.0,0.0,0.0
2022-01-26 10:04:15.008862,0.0,0.0,0.0
2022-01-26 10:04:15.505522,0.0,0.0,0.0
2022-01-26 10:04:16.003413,0.0,0.0,0.0
2022-01-26 10:04:16.510302,0.0,0.0,0.0
2022-01-26 10:04:17.009977,0.0,0.0,0.0
2022-01-26 10:04:17.505098,0.0,0.0,0.0
2022-01-26 10:04:18.006960,0.0,0.0,0.0
2022-01-26 10:04:18.509359,0.0,0.0,0.0
2022-01-26 10:04:19.006804,0.0,0.0,0.0
2022-01-26 10:04:19.501398,0.0,0.0,0.0
2022-01-26 10:04:20.010012,0.0,0.0,0.0
2022-01-26 10:04:20.504752,0.0,0.0,0.0
2022-01-26 10:04:21.002637,0.0,0.0,0.0
2022-01-26 10:04:21.509726,0.0,0.0,0.0
2022-01-26 10:04:22.007980,0.0,0.0,0.0
2022-01-26 10:04:22.505003,0.0,0.0,0.0
2022-01-26 10:04:23.008904,0.0,0.0,0.0
2022-01-26 10:04:23.505965,0.0,0.0,0.0
2022-01-26 10:04:24.004193,0.0,0.0,0.0
2022-01-26 10:04:24.510774,0.0,0.0,0.0
2022-01-26 10:04:25.008587,0.0,0.0,0.0
2022-01-26 10:04:25.503747,0.0,0.0,0.0
2022-01-26 10:04:26.003010,0.0,0.0,0.0
2022-01-26 10:04:26.507459,0.0,0.0,0.0
2022-01-26 10:04:27.007159,0.0,0.0,0.0
2022-01-26 10:04:27.502475,0.0,0.0,0.0
2022-01-26 10:04:28.010691,0.0,0.0,0.0
2022-01-26 10:04:28.504721,0.0,0.0,0.0
2022-01-26 10:04:29.003609,0.0,0.0,0.0
2022-01-26 10:04:29.508406,0.0,0.0,0.0
2022-01-26 10:04:30.006755,0.0,0.0,0.0
2022-01-26 10:04:30.503133,0.0,0.0,0.0
2022-01-26 10:04:31.001881,0.0,0.0,0.0
2022-01-26 10:04:31.506243,0.0,0.0,0.0
2022-01-26 10:04:32.004486,0.0,0.0,0.0
2022-01-26 10:04:32.510714,0.0,0.0,0.0
2022-01-26 10:04:33.007966,0.0,0.0,0.0
2022-01-26 10:04:33.502960,0.0,0.0,0.0
2022-01-26 10:04:34.002010,0.0,0.0,0.0
2022-01-26 10:04:34.508372,0.0,0.0,0.0
2022-01-26 10:04:35.007627,0.0,0.0,0.0
2022-01-26 10:04:35.504763,0.0,0.0,0.0
2022-01-26 10:04:36.002238,0.0,0.0,0.0
2022-01-26 10:04:36.507868,0.0,0.0,0.0
2022-01-26 10:04:37.005485,0.0,0.0,0.0
2022-01-26 10:04:37.510256,0.0,0.0,0.0
2022-01-26 10:04:38.007357,0.0,0.0,0.0
2022-01-26 10:04:38.501974,0.0,0.0,0.0
2022-01-26 10:04:39.010725,0.0,0.0,0.0
2022-01-26 10:04:39.506806,0.0,0.0,0.0
2022-01-26 10:04:40.010710,0.0,0.0,0.0
2022-01-26 10:04:40.506278,0.0,0.0,0.0
2022-01-26 10:04:41.001897,0.0,0.0,0.0
2022-01-26 10:04:41.510975,0.0,0.0,0.0
2022-01-26 10:04:42.004333,0.0,0.0,0.0
2022-01-26 10:04:42.511033,0.0,0.0,0.0
2022-01-26 10:04:43.010848,0.0,0.0,0.0
2022-01-26 10:04:43.505277,0.0,0.0,0.0
2022-01-26 10:04:44.008927,0.0,0.0,0.0
2022-01-26 10:04:44.506330,0.0,0.0,0.0
2022-01-26 10:04:45.004818,0.0,0.0,0.0
2022-01-26 10:04:45.509363,0.0,0.0,0.0
2022-01-26 10:04:46.006366,0.0,0.0,0.0
2022-01-26 10:04:46.510659,0.0,0.0,0.0
2022-01-26 10:04:47.010283,0.0,0.0,0.0
2022-01-26 10:04:47.505380,0.0,0.0,0.0
2022-01-26 10:04:48.003635,0.0,0.0,0.0
2022-01-26 10:04:48.509772,0.0,0.0,0.0
2022-01-26 10:04:49.008240,0.0,0.0,0.0
2022-01-26 10:04:49.504923,0.0,0.0,0.0
2022-01-26 10:04:50.001988,0.0,0.0,0.0
2022-01-26 10:04:50.507879,0.0,0.0,0.0
2022-01-26 10:04:51.001049,0.0,0.0,0.0
2022-01-26 10:04:51.506181,0.0,0.0,0.0
2022-01-26 10:04:52.003704,0.0,0.0,0.0
2022-01-26 10:04:52.508811,0.0,0.0,0.0
2022-01-26 10:04:53.002281,0.0,0.0,0.0
2022-01-26 10:04:53.508506,0.0,0.0,0.0
2022-01-26 10:04:54.006538,0.0,0.0,0.0
2022-01-26 10:04:54.503548,0.0,0.0,0.0
2022-01-26 10:04:55.001966,0.0,0.0,0.0
2022-01-26 10:04:55.508679,0.0,0.0,0.0
2022-01-26 10:04:56.007064,0.0,0.0,0.0
2022-01-26 10:04:56.501919,0.0,0.0,0.0
2022-01-26 10:04:57.010021,0.0,0.0,0.0
2022-01-26 10:04:57.503862,0.0,0.0,0.0
2022-01-26 10:04:58.002084,0.0,0.0,0.0
2022-01-26 10:04:58.509099,0.0,0.0,0.0
2022-01-26 10:04:59.007939,0.0,0.0,0.0
2022-01-26 10:04:59.503242,0.0,0.0,0.0
2022-01-26 10:05:00.001474,0.0,0.0,0.0
2022-01-26 10:05:00.505338,0.0,0.0,0.0
2022-01-26 10:05:01.003996,0.0,0.0,0.0
2022-01-26 10:05:01.509186,0.0,0.0,0.0
2022-01-26 10:05:02.001565,0.0,0.0,0.0
2022-01-26 10:05:02.509274,0.0,0.0,0.0
2022-01-26 10:05:03.006792,0.0,0.0,0.0
2022-01-26 10:05:03.501236,0.0,0.0,0.0
2022-01-26 10:05:04.009082,0.0,0.0,0.0
2022-01-26 10:05:04.504612,0.0,0.0,0.0
2022-01-26 10:05:05.001374,0.0,0.0,0.0
2022-01-26 10:05:05.507691,0.0,0.0,0.0
2022-01-26 10:05:06.005117,0.0,0.0,0.0
2022-01-26 10:05:06.502641,0.0,0.0,0.0
2022-01-26 10:05:07.010559,0.0,0.0,0.0
2022-01-26 10:05:07.504656,0.0,0.0,0.0
2022-01-26 10:05:08.009900,0.0,0.0,0.0
2022-01-26 10:05:08.505338,0.0,0.0,0.0
2022-01-26 10:05:09.008414,0.0,0.0,0.0
2022-01-26 10:05:09.503268,0.0,0.0,0.0
2022-01-26 10:05:10.010787,0.0,0.0,0.0
2022-01-26 10:05:10.504579,0.0,0.0,0.0
2022-01-26 10:05:11.009114,0.0,0.0,0.0
2022-01-26 10:05:11.507174,0.0,0.0,0.0
2022-01-26 10:05:12.006491,0.0,0.0,0.0
2022-01-26 10:05:12.510998,0.0,0.0,0.0
2022-01-26 10:05:13.007960,0.0,0.0,0.0
2022-01-26 10:05:13.502847,0.0,0.0,0.0
2022-01-26 10:05:14.010637,0.0,0.0,0.0
2022-01-26 10:05:14.505267,0.0,0.0,0.0
2022-01-26 10:05:15.005675,0.0,0.0,0.0
2022-01-26 10:05:15.502973,0.0,0.0,0.0
2022-01-26 10:05:16.010879,0.0,0.0,0.0
2022-01-26 10:05:16.508716,0.0,0.0,0.0
2022-01-26 10:05:17.006340,0.0,0.0,0.0
2022-01-26 10:05:17.502480,0.0,0.0,0.0
2022-01-26 10:05:18.009847,0.0,0.0,0.0
2022-01-26 10:05:18.505468,0.0,0.0,0.0
2022-01-26 10:05:19.003801,0.0,0.0,0.0
2022-01-26 10:05:19.509626,0.0,0.0,0.0
2022-01-26 10:05:20.007574,0.0,0.0,0.0
2022-01-26 10:05:20.504405,0.0,0.0,0.0
2022-01-26 10:05:21.003239,0.0,0.0,0.0
2022-01-26 10:05:21.508022,0.0,0.0,0.0
2022-01-26 10:05:22.006732,0.0,0.0,0.0
2022-01-26 10:05:22.502273,0.0,0.0,0.0
2022-01-26 10:05:23.010460,0.0,0.0,0.0
2022-01-26 10:05:23.506705,0.0,0.0,0.0
2022-01-26 10:05:24.005509,0.0,0.0,0.0
2022-01-26 10:05:24.510211,0.0,0.0,0.0
2022-01-26 10:05:25.008036,0.0,0.0,0.0
2022-01-26 10:05:25.505868,0.0,0.0,0.0
2022-01-26 10:05:26.005256,0.0,0.0,0.0
2022-01-26 10:05:26.509699,0.0,0.0,0.0
2022-01-26 10:05:27.007291,0.0,0.0,0.0
2022-01-26 10:05:27.502373,0.0,0.0,0.0
2022-01-26 10:05:28.010774,0.0,0.0,0.0
2022-01-26 10:05:28.505276,0.0,0.0,0.0
2022-01-26 10:05:29.003070,0.0,0.0,0.0
2022-01-26 10:05:29.508868,0.0,0.0,0.0
2022-01-26 10:05:30.003346,0.0,0.0,0.0
2022-01-26 10:05:30.502233,0.0,0.0,0.0
2022-01-26 10:05:31.011165,0.0,0.0,0.0
2022-01-26 10:05:31.506547,0.0,0.0,0.0
2022-01-26 10:05:32.004801,0.0,0.0,0.0
2022-01-26 10:05:32.509881,0.0,0.0,0.0
2022-01-26 10:05:33.008848,0.0,0.0,0.0
2022-01-26 10:05:33.504312,0.0,0.0,0.0
2022-01-26 10:05:34.005276,0.0,0.0,0.0
2022-01-26 10:05:34.510425,0.0,0.0,0.0
2022-01-26 10:05:35.007365,0.0,0.0,0.0
2022-01-26 10:05:35.502420,0.0,0.0,0.0
2022-01-26 10:05:36.009974,0.0,0.0,0.0
2022-01-26 10:05:36.505674,0.0,0.0,0.0
2022-01-26 10:05:37.007522,0.0,0.0,0.0
2022-01-26 10:05:37.502508,0.0,0.0,0.0
2022-01-26 10:05:38.009363,0.0,0.0,0.0
2022-01-26 10:05:38.506238,0.0,0.0,0.0
2022-01-26 10:05:39.003413,0.0,0.0,0.0
2022-01-26 10:05:39.508256,0.0,0.0,0.0
2022-01-26 10:05:40.008507,0.0,0.0,0.0
2022-01-26 10:05:40.501804,0.0,0.0,0.0
2022-01-26 10:05:41.010222,0.0,0.0,0.0
2022-01-26 10:05:41.504408,0.0,0.0,0.0
2022-01-26 10:05:42.003522,0.0,0.0,0.0
2022-01-26 10:05:42.508515,0.0,0.0,0.0
2022-01-26 10:05:43.008525,0.0,0.0,0.0
2022-01-26 10:05:43.504114,0.0,0.0,0.0
2022-01-26 10:05:44.003169,0.0,0.0,0.0
2022-01-26 10:05:44.509733,0.0,0.0,0.0
2022-01-26 10:05:45.008043,0.0,0.0,0.0
2022-01-26 10:05:45.503912,0.0,0.0,0.0
2022-01-26 10:05:46.002097,0.0,0.0,0.0
2022-01-26 10:05:46.508884,0.0,0.0,0.0
2022-01-26 10:05:47.002270,0.0,0.0,0.0
2022-01-26 10:05:47.510309,0.0,0.0,0.0
2022-01-26 10:05:48.008552,0.0,0.0,0.0
2022-01-26 10:05:48.503754,0.0,0.0,0.0
2022-01-26 10:05:49.001686,0.0,0.0,0.0
2022-01-26 10:05:49.508097,0.0,0.0,0.0
2022-01-26 10:05:50.007812,0.0,0.0,0.0
2022-01-26 10:05:50.502597,0.0,0.0,0.0
2022-01-26 10:05:51.010665,0.0,0.0,0.0
2022-01-26 10:05:51.505529,0.0,0.0,0.0
2022-01-26 10:05:52.005913,0.0,0.0,0.0
2022-01-26 10:05:53.005088,0.0,0.0,0.0
2022-01-26 10:05:53.510029,0.0,0.0,0.0
2022-01-26 10:05:54.008386,0.0,0.0,0.0
2022-01-26 10:05:54.505470,0.0,0.0,0.0
2022-01-26 10:05:55.003037,0.0,0.0,0.0
2022-01-26 10:05:55.507380,0.0,0.0,0.0
2022-01-26 10:05:56.005263,0.0,0.0,0.0
2022-01-26 10:05:56.504156,0.0,0.0,0.0
2022-01-26 10:05:57.004641,0.0,0.0,0.0
2022-01-26 10:05:57.509317,0.0,0.0,0.0
2022-01-26 10:05:58.009048,0.0,0.0,0.0
2022-01-26 10:05:58.504225,0.0,0.0,0.0
2022-01-26 10:05:59.003264,0.0,0.0,0.0
2022-01-26 10:05:59.508958,0.0,0.0,0.0
2022-01-26 10:06:00.007163,0.0,0.0,0.0
2022-01-26 10:06:00.502519,0.0,0.0,0.0
2022-01-26 10:06:01.001464,0.0,0.0,0.0
2022-01-26 10:06:01.505571,0.0,0.0,0.0
2022-01-26 10:06:02.003849,0.0,0.0,0.0
2022-01-26 10:06:02.507692,0.0,0.0,0.0
2022-01-26 10:06:03.006263,0.0,0.0,0.0
2022-01-26 10:06:03.501098,0.0,0.0,0.0
2022-01-26 10:06:04.009150,0.0,0.0,0.0
2022-01-26 10:06:04.504482,0.0,0.0,0.0
2022-01-26 10:06:05.003690,0.0,0.0,0.0
2022-01-26 10:06:05.502322,0.0,0.0,0.0
2022-01-26 10:06:06.005211,0.0,0.0,0.0
2022-01-26 10:06:06.509920,0.0,0.0,0.0
2022-01-26 10:06:07.008219,0.0,0.0,0.0
2022-01-26 10:06:07.503573,0.0,0.0,0.0
2022-01-26 10:06:08.002505,0.0,0.0,0.0
2022-01-26 10:06:08.508765,0.0,0.0,0.0
2022-01-26 10:06:09.007831,0.0,0.0,0.0
2022-01-26 10:06:09.503710,0.0,0.0,0.0
2022-01-26 10:06:10.002059,0.0,0.0,0.0
2022-01-26 10:06:10.507752,0.0,0.0,0.0
2022-01-26 10:06:11.002169,0.0,0.0,0.0
2022-01-26 10:06:11.505761,0.0,0.0,0.0
2022-01-26 10:06:12.003458,0.0,0.0,0.0
2022-01-26 10:06:12.508585,0.0,0.0,0.0
2022-01-26 10:06:13.006665,0.0,0.0,0.0
2022-01-26 10:06:13.501778,0.0,0.0,0.0
2022-01-26 10:06:14.004282,0.0,0.0,0.0
2022-01-26 10:06:14.510305,0.0,0.0,0.0
2022-01-26 10:06:15.007990,0.0,0.0,0.0
2022-01-26 10:06:15.502367,0.0,0.0,0.0
2022-01-26 10:06:16.010139,0.0,0.0,0.0
2022-01-26 10:06:16.504343,0.0,0.0,0.0
2022-01-26 10:06:17.002296,0.0,0.0,0.0
2022-01-26 10:06:17.506323,0.0,0.0,0.0
2022-01-26 10:06:18.003354,0.0,0.0,0.0
2022-01-26 10:06:18.507884,0.0,0.0,0.0
2022-01-26 10:06:19.005757,0.0,0.0,0.0
2022-01-26 10:06:19.510264,0.0,0.0,0.0
2022-01-26 10:06:20.001375,0.0,0.0,0.0
2022-01-26 10:06:20.506998,0.0,0.0,0.0
2022-01-26 10:06:21.006208,0.0,0.0,0.0
2022-01-26 10:06:21.504439,0.0,0.0,0.0
2022-01-26 10:06:22.003492,0.0,0.0,0.0
2022-01-26 10:06:22.509702,0.0,0.0,0.0
2022-01-26 10:06:23.007972,0.0,0.0,0.0
2022-01-26 10:06:23.503163,0.0,0.0,0.0
2022-01-26 10:06:24.001680,0.0,0.0,0.0
2022-01-26 10:06:24.509247,0.0,0.0,0.0
2022-01-26 10:06:25.006831,0.0,0.0,0.0
2022-01-26 10:06:25.501138,0.0,0.0,0.0
2022-01-26 10:06:26.009895,0.0,0.0,0.0
2022-01-26 10:06:26.504829,0.0,0.0,0.0
2022-01-26 10:06:27.003697,0.0,0.0,0.0
2022-01-26 10:06:27.509815,0.0,0.0,0.0
2022-01-26 10:06:28.008713,0.0,0.0,0.0
2022-01-26 10:06:28.504123,0.0,0.0,0.0
2022-01-26 10:06:29.002182,0.0,0.0,0.0
2022-01-26 10:06:29.506838,0.0,0.0,0.0
2022-01-26 10:06:30.008343,0.0,0.0,0.0
2022-01-26 10:06:30.504010,0.0,0.0,0.0
2022-01-26 10:06:31.001812,0.0,0.0,0.0
2022-01-26 10:06:31.508116,0.0,0.0,0.0
2022-01-26 10:06:32.008059,0.0,0.0,0.0
2022-01-26 10:06:32.506463,0.0,0.0,0.0
2022-01-26 10:06:33.004296,0.0,0.0,0.0
2022-01-26 10:06:33.508164,0.0,0.0,0.0
2022-01-26 10:06:34.006459,0.0,0.0,0.0
2022-01-26 10:06:34.502472,0.0,0.0,0.0
2022-01-26 10:06:35.506302,0.0,0.0,0.0
2022-01-26 10:06:36.005105,0.0,0.0,0.0
2022-01-26 10:06:36.510728,0.0,0.0,0.0
2022-01-26 10:06:37.009629,0.0,0.0,0.0
2022-01-26 10:06:37.506456,0.0,0.0,0.0
2022-01-26 10:06:38.004118,0.0,0.0,0.0
2022-01-26 10:06:38.509024,0.0,0.0,0.0
2022-01-26 10:06:39.006811,0.0,0.0,0.0
2022-01-26 10:06:39.503071,0.0,0.0,0.0
2022-01-26 10:06:40.001656,0.0,0.0,0.0
2022-01-26 10:06:40.506465,0.0,0.0,0.0
2022-01-26 10:06:41.006898,0.0,0.0,0.0
2022-01-26 10:06:41.501886,0.0,0.0,0.0
2022-01-26 10:06:42.002615,0.0,0.0,0.0
2022-01-26 10:06:42.509046,0.0,0.0,0.0
2022-01-26 10:06:43.007812,0.0,0.0,0.0
2022-01-26 10:06:43.504291,0.0,0.0,0.0
2022-01-26 10:06:44.003404,0.0,0.0,0.0
2022-01-26 10:06:44.509486,0.0,0.0,0.0
2022-01-26 10:06:45.008883,0.0,0.0,0.0
2022-01-26 10:06:45.503969,0.0,0.0,0.0
2022-01-26 10:06:46.007853,0.0,0.0,0.0
2022-01-26 10:06:46.505972,0.0,0.0,0.0
2022-01-26 10:06:47.003496,0.0,0.0,0.0
2022-01-26 10:06:47.509424,0.0,0.0,0.0
2022-01-26 10:06:48.007329,0.0,0.0,0.0
2022-01-26 10:06:48.502580,0.0,0.0,0.0
2022-01-26 10:06:49.004171,0.0,0.0,0.0
2022-01-26 10:06:49.509259,0.0,0.0,0.0
2022-01-26 10:06:50.007437,0.0,0.0,0.0
2022-01-26 10:06:50.504029,0.0,0.0,0.0
2022-01-26 10:06:51.004410,0.0,0.0,0.0
2022-01-26 10:06:51.510487,0.0,0.0,0.0
2022-01-26 10:06:52.008764,0.0,0.0,0.0
2022-01-26 10:06:52.510369,0.0,0.0,0.0
2022-01-26 10:06:53.008304,0.0,0.0,0.0
2022-01-26 10:06:53.501901,0.0,0.0,0.0
2022-01-26 10:06:54.003371,0.0,0.0,0.0
2022-01-26 10:06:54.508670,0.0,0.0,0.0
2022-01-26 10:06:55.006512,0.0,0.0,0.0
2022-01-26 10:06:55.503365,0.0,0.0,0.0
2022-01-26 10:06:56.002965,0.0,0.0,0.0
2022-01-26 10:06:56.508953,0.0,0.0,0.0
2022-01-26 10:06:57.006658,0.0,0.0,0.0
2022-01-26 10:06:57.502556,0.0,0.0,0.0
2022-01-26 10:06:58.002681,0.0,0.0,0.0
2022-01-26 10:06:58.509216,0.0,0.0,0.0
2022-01-26 10:06:59.007188,0.0,0.0,0.0
2022-01-26 10:06:59.511094,0.0,0.0,0.0
2022-01-26 10:07:00.009969,0.0,0.0,0.0
2022-01-26 10:07:00.505558,0.0,0.0,0.0
2022-01-26 10:07:01.003101,0.0,0.0,0.0
2022-01-26 10:07:01.507599,0.0,0.0,0.0
2022-01-26 10:07:02.009029,0.0,0.0,0.0
2022-01-26 10:07:02.510161,0.0,0.0,0.0
2022-01-26 10:07:03.007536,0.0,0.0,0.0
2022-01-26 10:07:03.503076,0.0,0.0,0.0
2022-01-26 10:07:04.002584,0.0,0.0,0.0
2022-01-26 10:07:04.507359,0.0,0.0,0.0
2022-01-26 10:07:05.004615,0.0,0.0,0.0
2022-01-26 10:07:05.508974,0.0,0.0,0.0
2022-01-26 10:07:06.007405,0.0,0.0,0.0
2022-01-26 10:07:06.501972,0.0,0.0,0.0
2022-01-26 10:07:07.010016,0.0,0.0,0.0
2022-01-26 10:07:07.504465,0.0,0.0,0.0
2022-01-26 10:07:08.002468,0.0,0.0,0.0
2022-01-26 10:07:08.506891,0.0,0.0,0.0
2022-01-26 10:07:09.005052,0.0,0.0,0.0
2022-01-26 10:07:09.510647,0.0,0.0,0.0
2022-01-26 10:07:10.009098,0.0,0.0,0.0
2022-01-26 10:07:10.503890,0.0,0.0,0.0
2022-01-26 10:07:11.009040,0.0,0.0,0.0
2022-01-26 10:07:11.504122,0.0,0.0,0.0
2022-01-26 10:07:12.001447,0.0,0.0,0.0
2022-01-26 10:07:12.508219,0.0,0.0,0.0
2022-01-26 10:07:13.007444,0.0,0.0,0.0
2022-01-26 10:07:13.502586,0.0,0.0,0.0
2022-01-26 10:07:14.506019,0.0,0.0,0.0
2022-01-26 10:07:15.002307,0.0,0.0,0.0
2022-01-26 10:07:15.509810,0.0,0.0,0.0
2022-01-26 10:07:16.007553,0.0,0.0,0.0
2022-01-26 10:07:16.503096,0.0,0.0,0.0
2022-01-26 10:07:17.010961,0.0,0.0,0.0
2022-01-26 10:07:17.507526,0.0,0.0,0.0
2022-01-26 10:07:18.006150,0.0,0.0,0.0
2022-01-26 10:07:18.510367,0.0,0.0,0.0
2022-01-26 10:07:19.010964,0.0,0.0,0.0
2022-01-26 10:07:19.508249,0.0,0.0,0.0
2022-01-26 10:07:20.006817,0.0,0.0,0.0
2022-01-26 10:07:20.502305,0.0,0.0,0.0
2022-01-26 10:07:21.010261,0.0,0.0,0.0
2022-01-26 10:07:21.505249,0.0,0.0,0.0
2022-01-26 10:07:22.006766,0.0,0.0,0.0
2022-01-26 10:07:22.501498,0.0,0.0,0.0
2022-01-26 10:07:23.009850,0.0,0.0,0.0
2022-01-26 10:07:23.504718,0.0,0.0,0.0
2022-01-26 10:07:24.004141,0.0,0.0,0.0
2022-01-26 10:07:24.509712,0.0,0.0,0.0
2022-01-26 10:07:25.007483,0.0,0.0,0.0
2022-01-26 10:07:25.502789,0.0,0.0,0.0
2022-01-26 10:07:26.002444,0.0,0.0,0.0
2022-01-26 10:07:26.509122,0.0,0.0,0.0
2022-01-26 10:07:27.009089,0.0,0.0,0.0
2022-01-26 10:07:27.510393,0.0,0.0,0.0
2022-01-26 10:07:28.009534,0.0,0.0,0.0
2022-01-26 10:07:28.505058,0.0,0.0,0.0
2022-01-26 10:07:29.007025,0.0,0.0,0.0
2022-01-26 10:07:29.501916,0.0,0.0,0.0
2022-01-26 10:07:30.001076,0.0,0.0,0.0
2022-01-26 10:07:30.507962,0.0,0.0,0.0
2022-01-26 10:07:31.007960,0.0,0.0,0.0
2022-01-26 10:07:31.502322,0.0,0.0,0.0
2022-01-26 10:07:32.010800,0.0,0.0,0.0
2022-01-26 10:07:32.505931,0.0,0.0,0.0
2022-01-26 10:07:33.004520,0.0,0.0,0.0
2022-01-26 10:07:33.501505,0.0,0.0,0.0
2022-01-26 10:07:34.006866,0.0,0.0,0.0
2022-01-26 10:07:34.507782,0.0,0.0,0.0
2022-01-26 10:07:35.006505,0.0,0.0,0.0
2022-01-26 10:07:35.504066,0.0,0.0,0.0
2022-01-26 10:07:36.003629,0.0,0.0,0.0
2022-01-26 10:07:36.509822,0.0,0.0,0.0
2022-01-26 10:07:37.002485,0.0,0.0,0.0
2022-01-26 10:07:37.506333,0.0,0.0,0.0
2022-01-26 10:07:38.003309,0.0,0.0,0.0
2022-01-26 10:07:38.508401,0.0,0.0,0.0
2022-01-26 10:07:39.007103,0.0,0.0,0.0
2022-01-26 10:07:39.502495,0.0,0.0,0.0
2022-01-26 10:07:40.002235,0.0,0.0,0.0
2022-01-26 10:07:40.509869,0.0,0.0,0.0
2022-01-26 10:07:41.007094,0.0,0.0,0.0
2022-01-26 10:07:41.501359,0.0,0.0,0.0
2022-01-26 10:07:42.009610,0.0,0.0,0.0
2022-01-26 10:07:42.506936,0.0,0.0,0.0
2022-01-26 10:07:43.004686,0.0,0.0,0.0
2022-01-26 10:07:43.509249,0.0,0.0,0.0
2022-01-26 10:07:44.007891,0.0,0.0,0.0
2022-01-26 10:07:44.503773,0.0,0.0,0.0
2022-01-26 10:07:45.001823,0.0,0.0,0.0
2022-01-26 10:07:45.506812,0.0,0.0,0.0
2022-01-26 10:07:46.003895,0.0,0.0,0.0
2022-01-26 10:07:46.509681,0.0,0.0,0.0
2022-01-26 10:07:47.008572,0.0,0.0,0.0
2022-01-26 10:07:47.505128,0.0,0.0,0.0
2022-01-26 10:07:48.003375,0.0,0.0,0.0
2022-01-26 10:07:48.509089,0.0,0.0,0.0
2022-01-26 10:07:49.008120,0.0,0.0,0.0
2022-01-26 10:07:49.504572,0.0,0.0,0.0
2022-01-26 10:07:50.002967,0.0,0.0,0.0
2022-01-26 10:07:50.507911,0.0,0.0,0.0
2022-01-26 10:07:51.005466,0.0,0.0,0.0
2022-01-26 10:07:51.501118,0.0,0.0,0.0
2022-01-26 10:07:52.009726,0.0,0.0,0.0
2022-01-26 10:07:52.503714,0.0,0.0,0.0
2022-01-26 10:07:53.505769,0.0,0.0,0.0
2022-01-26 10:07:54.005853,0.0,0.0,0.0
2022-01-26 10:07:54.501017,0.0,0.0,0.0
2022-01-26 10:07:55.010458,0.0,0.0,0.0
2022-01-26 10:07:55.509664,0.0,0.0,0.0
2022-01-26 10:07:56.007491,0.0,0.0,0.0
2022-01-26 10:07:56.501966,0.0,0.0,0.0
2022-01-26 10:07:57.010701,0.0,0.0,0.0
2022-01-26 10:07:57.506581,0.0,0.0,0.0
2022-01-26 10:07:58.002050,0.0,0.0,0.0
2022-01-26 10:07:58.508599,0.0,0.0,0.0
2022-01-26 10:07:59.007403,0.0,0.0,0.0
2022-01-26 10:07:59.503688,0.0,0.0,0.0
2022-01-26 10:08:00.002678,0.0,0.0,0.0
2022-01-26 10:08:00.505408,0.0,0.0,0.0
2022-01-26 10:08:01.002970,0.0,0.0,0.0
2022-01-26 10:08:01.508978,0.0,0.0,0.0
2022-01-26 10:08:02.006926,0.0,0.0,0.0
2022-01-26 10:08:02.501406,0.0,0.0,0.0
2022-01-26 10:08:03.010071,0.0,0.0,0.0
2022-01-26 10:08:03.504584,0.0,0.0,0.0
2022-01-26 10:08:04.002798,0.0,0.0,0.0
2022-01-26 10:08:04.509472,0.0,0.0,0.0
2022-01-26 10:08:05.006815,0.0,0.0,0.0
2022-01-26 10:08:05.510331,0.0,0.0,0.0
2022-01-26 10:08:06.007211,0.0,0.0,0.0
2022-01-26 10:08:06.501055,0.0,0.0,0.0
2022-01-26 10:08:07.010416,0.0,0.0,0.0
2022-01-26 10:08:07.503977,0.0,0.0,0.0
2022-01-26 10:08:08.003903,0.0,0.0,0.0
2022-01-26 10:08:08.509147,0.0,0.0,0.0
2022-01-26 10:08:09.008092,0.0,0.0,0.0
2022-01-26 10:08:09.509440,0.0,0.0,0.0
2022-01-26 10:08:10.008470,0.0,0.0,0.0
2022-01-26 10:08:10.503779,0.0,0.0,0.0
2022-01-26 10:08:11.008986,0.0,0.0,0.0
2022-01-26 10:08:11.505478,0.0,0.0,0.0
2022-01-26 10:08:12.003730,0.0,0.0,0.0
2022-01-26 10:08:12.509311,0.0,0.0,0.0
2022-01-26 10:08:13.007689,0.0,0.0,0.0
2022-01-26 10:08:13.505496,0.0,0.0,0.0
2022-01-26 10:08:14.003765,0.0,0.0,0.0
2022-01-26 10:08:14.509259,0.0,0.0,0.0
2022-01-26 10:08:15.007496,0.0,0.0,0.0
2022-01-26 10:08:15.502102,0.0,0.0,0.0
2022-01-26 10:08:16.010877,0.0,0.0,0.0
2022-01-26 10:08:16.506606,0.0,0.0,0.0
2022-01-26 10:08:17.003462,0.0,0.0,0.0
2022-01-26 10:08:17.508085,0.0,0.0,0.0
2022-01-26 10:08:18.008111,0.0,0.0,0.0
2022-01-26 10:08:18.504397,0.0,0.0,0.0
2022-01-26 10:08:19.001723,0.0,0.0,0.0
2022-01-26 10:08:19.507472,0.0,0.0,0.0
2022-01-26 10:08:20.005257,0.0,0.0,0.0
2022-01-26 10:08:20.510058,0.0,0.0,0.0
2022-01-26 10:08:21.008522,0.0,0.0,0.0
2022-01-26 10:08:21.502501,0.0,0.0,0.0
2022-01-26 10:08:22.010271,0.0,0.0,0.0
2022-01-26 10:08:22.508065,0.0,0.0,0.0
2022-01-26 10:08:23.007729,0.0,0.0,0.0
2022-01-26 10:08:23.501714,0.0,0.0,0.0
2022-01-26 10:08:24.505510,0.0,0.0,0.0
2022-01-26 10:08:25.003722,0.0,0.0,0.0
2022-01-26 10:08:25.511095,0.0,0.0,0.0
2022-01-26 10:08:26.008783,0.0,0.0,0.0
2022-01-26 10:08:26.503278,0.0,0.0,0.0
2022-01-26 10:08:27.003490,0.0,0.0,0.0
2022-01-26 10:08:27.508857,0.0,0.0,0.0
2022-01-26 10:08:28.007282,0.0,0.0,0.0
2022-01-26 10:08:28.502194,0.0,0.0,0.0
2022-01-26 10:08:29.010605,0.0,0.0,0.0
2022-01-26 10:08:29.506531,0.0,0.0,0.0
2022-01-26 10:08:30.006783,0.0,0.0,0.0
2022-01-26 10:08:30.501848,0.0,0.0,0.0
2022-01-26 10:08:31.009907,0.0,0.0,0.0
2022-01-26 10:08:31.503733,0.0,0.0,0.0
2022-01-26 10:08:32.006267,0.0,0.0,0.0
2022-01-26 10:08:32.504093,0.0,0.0,0.0
2022-01-26 10:08:33.001276,0.0,0.0,0.0
2022-01-26 10:08:33.506205,0.0,0.0,0.0
2022-01-26 10:08:34.003999,0.0,0.0,0.0
2022-01-26 10:08:34.509778,0.0,0.0,0.0
2022-01-26 10:08:35.008974,0.0,0.0,0.0
2022-01-26 10:08:35.504656,0.0,0.0,0.0
2022-01-26 10:08:36.002471,0.0,0.0,0.0
2022-01-26 10:08:36.508131,0.0,0.0,0.0
2022-01-26 10:08:37.006166,0.0,0.0,0.0
2022-01-26 10:08:37.501218,0.0,0.0,0.0
2022-01-26 10:08:38.010553,0.0,0.0,0.0
2022-01-26 10:08:38.506415,0.0,0.0,0.0
2022-01-26 10:08:39.006387,0.0,0.0,0.0
2022-01-26 10:08:39.501782,0.0,0.0,0.0
2022-01-26 10:08:40.010373,0.0,0.0,0.0
2022-01-26 10:08:40.505043,0.0,0.0,0.0
2022-01-26 10:08:41.002849,0.0,0.0,0.0
2022-01-26 10:08:41.501419,0.0,0.0,0.0
2022-01-26 10:08:42.009156,0.0,0.0,0.0
2022-01-26 10:08:42.503894,0.0,0.0,0.0
2022-01-26 10:08:43.001390,0.0,0.0,0.0
2022-01-26 10:08:43.508167,0.0,0.0,0.0
2022-01-26 10:08:44.007780,0.0,0.0,0.0
2022-01-26 10:08:44.503453,0.0,0.0,0.0
2022-01-26 10:08:45.003332,0.0,0.0,0.0
2022-01-26 10:08:45.501721,0.0,0.0,0.0
2022-01-26 10:08:46.010246,0.0,0.0,0.0
2022-01-26 10:08:46.506768,0.0,0.0,0.0
2022-01-26 10:08:47.005779,0.0,0.0,0.0
2022-01-26 10:08:47.510546,0.0,0.0,0.0
2022-01-26 10:08:48.007015,0.0,0.0,0.0
2022-01-26 10:08:48.503919,0.0,0.0,0.0
2022-01-26 10:08:49.001847,0.0,0.0,0.0
2022-01-26 10:08:49.506560,0.0,0.0,0.0
2022-01-26 10:08:50.006718,0.0,0.0,0.0
2022-01-26 10:08:50.504364,0.0,0.0,0.0
2022-01-26 10:08:51.002445,0.0,0.0,0.0
2022-01-26 10:08:51.508133,0.0,0.0,0.0
2022-01-26 10:08:52.010020,0.0,0.0,0.0
2022-01-26 10:08:52.505617,0.0,0.0,0.0
2022-01-26 10:08:53.002472,0.0,0.0,0.0
2022-01-26 10:08:53.506857,0.0,0.0,0.0
2022-01-26 10:08:54.003629,0.0,0.0,0.0
2022-01-26 10:08:54.509572,0.0,0.0,0.0
2022-01-26 10:08:55.007465,0.0,0.0,0.0
2022-01-26 10:08:55.503334,0.0,0.0,0.0
2022-01-26 10:08:56.010663,0.0,0.0,0.0
2022-01-26 10:08:56.504841,0.0,0.0,0.0
2022-01-26 10:08:57.004278,0.0,0.0,0.0
2022-01-26 10:08:57.508994,0.0,0.0,0.0
2022-01-26 10:08:58.006840,0.0,0.0,0.0
2022-01-26 10:08:58.503891,0.0,0.0,0.0
2022-01-26 10:08:59.001772,0.0,0.0,0.0
2022-01-26 10:08:59.508490,0.0,0.0,0.0
2022-01-26 10:09:00.005784,0.0,0.0,0.0
2022-01-26 10:09:00.502234,0.0,0.0,0.0
2022-01-26 10:09:01.011071,0.0,0.0,0.0
2022-01-26 10:09:01.504908,0.0,0.0,0.0
2022-01-26 10:09:02.007208,0.0,0.0,0.0
2022-01-26 10:09:02.502646,0.0,0.0,0.0
2022-01-26 10:09:03.002123,0.0,0.0,0.0
2022-01-26 10:09:03.508662,0.0,0.0,0.0
2022-01-26 10:09:04.006940,0.0,0.0,0.0
2022-01-26 10:09:04.502779,0.0,0.0,0.0
2022-01-26 10:09:05.010331,0.0,0.0,0.0
2022-01-26 10:09:05.504546,0.0,0.0,0.0
2022-01-26 10:09:06.001671,0.0,0.0,0.0
2022-01-26 10:09:06.506737,0.0,0.0,0.0
2022-01-26 10:09:07.006366,0.0,0.0,0.0
2022-01-26 10:09:07.502175,0.0,0.0,0.0
2022-01-26 10:09:08.008585,0.0,0.0,0.0
2022-01-26 10:09:08.506345,0.0,0.0,0.0
2022-01-26 10:09:09.004410,0.0,0.0,0.0
2022-01-26 10:09:09.510801,0.0,0.0,0.0
2022-01-26 10:09:10.009093,0.0,0.0,0.0
2022-01-26 10:09:10.502746,0.0,0.0,0.0
2022-01-26 10:09:11.002446,0.0,0.0,0.0
2022-01-26 10:09:11.505624,0.0,0.0,0.0
2022-01-26 10:09:12.002913,0.0,0.0,0.0
2022-01-26 10:09:12.502325,0.0,0.0,0.0
2022-01-26 10:09:13.008718,0.0,0.0,0.0
2022-01-26 10:09:13.502825,0.0,0.0,0.0
2022-01-26 10:09:14.002114,0.0,0.0,0.0
2022-01-26 10:09:14.505555,0.0,0.0,0.0
2022-01-26 10:09:15.003312,0.0,0.0,0.0
2022-01-26 10:09:15.508284,0.0,0.0,0.0
2022-01-26 10:09:16.006586,0.0,0.0,0.0
2022-01-26 10:09:16.502001,0.0,0.0,0.0
2022-01-26 10:09:17.009702,0.0,0.0,0.0
2022-01-26 10:09:17.509111,0.0,0.0,0.0
2022-01-26 10:09:18.007767,0.0,0.0,0.0
2022-01-26 10:09:18.502306,0.0,0.0,0.0
2022-01-26 10:09:19.010784,0.0,0.0,0.0
2022-01-26 10:09:19.505254,0.0,0.0,0.0
2022-01-26 10:09:20.003276,0.0,0.0,0.0
2022-01-26 10:09:20.509130,0.0,0.0,0.0
2022-01-26 10:09:21.007913,0.0,0.0,0.0
2022-01-26 10:09:21.503965,0.0,0.0,0.0
2022-01-26 10:09:22.002933,0.0,0.0,0.0
2022-01-26 10:09:22.509989,0.0,0.0,0.0
2022-01-26 10:09:23.009079,0.0,0.0,0.0
2022-01-26 10:09:23.504397,0.0,0.0,0.0
2022-01-26 10:09:24.002186,0.0,0.0,0.0
2022-01-26 10:09:24.510591,0.0,0.0,0.0
2022-01-26 10:09:25.008259,0.0,0.0,0.0
2022-01-26 10:09:25.502350,0.0,0.0,0.0
2022-01-26 10:09:26.001673,0.0,0.0,0.0
2022-01-26 10:09:26.506919,0.0,0.0,0.0
2022-01-26 10:09:27.005763,0.0,0.0,0.0
2022-01-26 10:09:27.511209,0.0,0.0,0.0
2022-01-26 10:09:28.008895,0.0,0.0,0.0
2022-01-26 10:09:28.506468,0.0,0.0,0.0
2022-01-26 10:09:29.003767,0.0,0.0,0.0
2022-01-26 10:09:29.509742,0.0,0.0,0.0
2022-01-26 10:09:30.010296,0.0,0.0,0.0
2022-01-26 10:09:30.507036,0.0,0.0,0.0
2022-01-26 10:09:31.004071,0.0,0.0,0.0
2022-01-26 10:09:31.508334,0.0,0.0,0.0
2022-01-26 10:09:32.006260,0.0,0.0,0.0
2022-01-26 10:09:32.510646,0.0,0.0,0.0
2022-01-26 10:09:33.008937,0.0,0.0,0.0
2022-01-26 10:09:33.503540,0.0,0.0,0.0
2022-01-26 10:09:34.002893,0.0,0.0,0.0
2022-01-26 10:09:34.506234,0.0,0.0,0.0
2022-01-26 10:09:35.004091,0.0,0.0,0.0
2022-01-26 10:09:35.511387,0.0,0.0,0.0
2022-01-26 10:09:36.008999,0.0,0.0,0.0
2022-01-26 10:09:36.503263,0.0,0.0,0.0
2022-01-26 10:09:37.005788,0.0,0.0,0.0
2022-01-26 10:09:37.504928,0.0,0.0,0.0
2022-01-26 10:09:38.004558,0.0,0.0,0.0
2022-01-26 10:09:38.506494,0.0,0.0,0.0
2022-01-26 10:09:39.008325,0.0,0.0,0.0
2022-01-26 10:09:39.504758,0.0,0.0,0.0
2022-01-26 10:09:40.001913,0.0,0.0,0.0
2022-01-26 10:09:40.507201,0.0,0.0,0.0
2022-01-26 10:09:41.007378,0.0,0.0,0.0
2022-01-26 10:09:41.502858,0.0,0.0,0.0
2022-01-26 10:09:42.001208,0.0,0.0,0.0
2022-01-26 10:09:42.506599,0.0,0.0,0.0
2022-01-26 10:09:43.003785,0.0,0.0,0.0
2022-01-26 10:09:43.508543,0.0,0.0,0.0
2022-01-26 10:09:44.007847,0.0,0.0,0.0
2022-01-26 10:09:44.504051,0.0,0.0,0.0
2022-01-26 10:09:45.001700,0.0,0.0,0.0
2022-01-26 10:09:45.507275,0.0,0.0,0.0
2022-01-26 10:09:46.003814,0.0,0.0,0.0
2022-01-26 10:09:46.509285,0.0,0.0,0.0
2022-01-26 10:09:47.007948,0.0,0.0,0.0
2022-01-26 10:09:47.502808,0.0,0.0,0.0
2022-01-26 10:09:48.010833,0.0,0.0,0.0
2022-01-26 10:09:48.507239,0.0,0.0,0.0
2022-01-26 10:09:49.005032,0.0,0.0,0.0
2022-01-26 10:09:49.510698,0.0,0.0,0.0
2022-01-26 10:09:50.005207,0.0,0.0,0.0
2022-01-26 10:09:51.005887,0.0,0.0,0.0
2022-01-26 10:09:51.501182,0.0,0.0,0.0
2022-01-26 10:09:52.011054,0.0,0.0,0.0
2022-01-26 10:09:52.506260,0.0,0.0,0.0
2022-01-26 10:09:53.004948,0.0,0.0,0.0
2022-01-26 10:09:53.501152,0.0,0.0,0.0
2022-01-26 10:09:54.010285,0.0,0.0,0.0
2022-01-26 10:09:54.504870,0.0,0.0,0.0
2022-01-26 10:09:55.002714,0.0,0.0,0.0
2022-01-26 10:09:55.509528,0.0,0.0,0.0
2022-01-26 10:09:56.010262,0.0,0.0,0.0
2022-01-26 10:09:57.005344,0.0,0.0,0.0
2022-01-26 10:09:57.510128,0.0,0.0,0.0
2022-01-26 10:09:58.010240,0.0,0.0,0.0
2022-01-26 10:09:58.507798,0.0,0.0,0.0
2022-01-26 10:09:59.006361,0.0,0.0,0.0
2022-01-26 10:09:59.504436,0.0,0.0,0.0
2022-01-26 10:10:00.002258,0.0,0.0,0.0
2022-01-26 10:10:00.506810,0.0,0.0,0.0
2022-01-26 10:10:01.005857,0.0,0.0,0.0
2022-01-26 10:10:01.510824,0.0,0.0,0.0
2022-01-26 10:10:02.009381,0.0,0.0,0.0
2022-01-26 10:10:02.503970,0.0,0.0,0.0
2022-01-26 10:10:03.001016,0.0,0.0,0.0
2022-01-26 10:10:03.505172,0.0,0.0,0.0
2022-01-26 10:10:04.008518,0.0,0.0,0.0
2022-01-26 10:10:04.505544,0.0,0.0,0.0
2022-01-26 10:10:05.004110,0.0,0.0,0.0
2022-01-26 10:10:05.510718,0.0,0.0,0.0
2022-01-26 10:10:06.010638,0.0,0.0,0.0
2022-01-26 10:10:06.508136,0.0,0.0,0.0
2022-01-26 10:10:07.005816,0.0,0.0,0.0
2022-01-26 10:10:07.511127,0.0,0.0,0.0
2022-01-26 10:10:08.008623,0.0,0.0,0.0
2022-01-26 10:10:08.503572,0.0,0.0,0.0
2022-01-26 10:10:09.002294,0.0,0.0,0.0
2022-01-26 10:10:09.506463,0.0,0.0,0.0
2022-01-26 10:10:10.003153,0.0,0.0,0.0
2022-01-26 10:10:10.507127,0.0,0.0,0.0
2022-01-26 10:10:11.003180,0.0,0.0,0.0
2022-01-26 10:10:11.507788,0.0,0.0,0.0
2022-01-26 10:10:12.005919,0.0,0.0,0.0
2022-01-26 10:10:12.501632,0.0,0.0,0.0
2022-01-26 10:10:13.010380,0.0,0.0,0.0
2022-01-26 10:10:13.504063,0.0,0.0,0.0
2022-01-26 10:10:14.002372,0.0,0.0,0.0
2022-01-26 10:10:14.505699,0.0,0.0,0.0
2022-01-26 10:10:15.005211,0.0,0.0,0.0
2022-01-26 10:10:15.509964,0.0,0.0,0.0
2022-01-26 10:10:16.006768,0.0,0.0,0.0
2022-01-26 10:10:16.503137,0.0,0.0,0.0
2022-01-26 10:10:17.001312,0.0,0.0,0.0
2022-01-26 10:10:17.505844,0.0,0.0,0.0
2022-01-26 10:10:18.004456,0.0,0.0,0.0
2022-01-26 10:10:18.509682,0.0,0.0,0.0
2022-01-26 10:10:19.005018,0.0,0.0,0.0
2022-01-26 10:10:19.501972,0.0,0.0,0.0
2022-01-26 10:10:20.010195,0.0,0.0,0.0
2022-01-26 10:10:20.504482,0.0,0.0,0.0
2022-01-26 10:10:21.002199,0.0,0.0,0.0
2022-01-26 10:10:21.506594,0.0,0.0,0.0
2022-01-26 10:10:22.003829,0.0,0.0,0.0
2022-01-26 10:10:22.509261,0.0,0.0,0.0
2022-01-26 10:10:23.007773,0.0,0.0,0.0
2022-01-26 10:10:23.503413,0.0,0.0,0.0
2022-01-26 10:10:24.002079,0.0,0.0,0.0
2022-01-26 10:10:24.507857,0.0,0.0,0.0
2022-01-26 10:10:25.007678,0.0,0.0,0.0
2022-01-26 10:10:25.503829,0.0,0.0,0.0
2022-01-26 10:10:26.003333,0.0,0.0,0.0
2022-01-26 10:10:26.508460,0.0,0.0,0.0
2022-01-26 10:10:27.008249,0.0,0.0,0.0
2022-01-26 10:10:27.502469,0.0,0.0,0.0
2022-01-26 10:10:28.001045,0.0,0.0,0.0
2022-01-26 10:10:28.506509,0.0,0.0,0.0
2022-01-26 10:10:29.004661,0.0,0.0,0.0
2022-01-26 10:10:29.511173,0.0,0.0,0.0
2022-01-26 10:10:30.010315,0.0,0.0,0.0
2022-01-26 10:10:30.506998,0.0,0.0,0.0
2022-01-26 10:10:31.004570,0.0,0.0,0.0
2022-01-26 10:10:31.502866,0.0,0.0,0.0
2022-01-26 10:10:32.002038,0.0,0.0,0.0
2022-01-26 10:10:32.507253,0.0,0.0,0.0
2022-01-26 10:10:33.005378,0.0,0.0,0.0
2022-01-26 10:10:33.501740,0.0,0.0,0.0
2022-01-26 10:10:34.011054,0.0,0.0,0.0
2022-01-26 10:10:34.507182,0.0,0.0,0.0
2022-01-26 10:10:35.003257,0.0,0.0,0.0
2022-01-26 10:10:35.508170,0.0,0.0,0.0
2022-01-26 10:10:36.007346,0.0,0.0,0.0
2022-01-26 10:10:36.502545,0.0,0.0,0.0
2022-01-26 10:10:37.001941,0.0,0.0,0.0
2022-01-26 10:10:37.508157,0.0,0.0,0.0
2022-01-26 10:10:38.007132,0.0,0.0,0.0
2022-01-26 10:10:38.502965,0.0,0.0,0.0
2022-01-26 10:10:39.010655,0.0,0.0,0.0
2022-01-26 10:10:39.506489,0.0,0.0,0.0
2022-01-26 10:10:40.003658,0.0,0.0,0.0
2022-01-26 10:10:40.508586,0.0,0.0,0.0
2022-01-26 10:10:41.005779,0.0,0.0,0.0
2022-01-26 10:10:41.502378,0.0,0.0,0.0
2022-01-26 10:10:42.505054,0.0,0.0,0.0
2022-01-26 10:10:43.003842,0.0,0.0,0.0
2022-01-26 10:10:43.508515,0.0,0.0,0.0
2022-01-26 10:10:44.006681,0.0,0.0,0.0
2022-01-26 10:10:44.502292,0.0,0.0,0.0
2022-01-26 10:10:45.010605,0.0,0.0,0.0
2022-01-26 10:10:45.505214,0.0,0.0,0.0
2022-01-26 10:10:46.003785,0.0,0.0,0.0
2022-01-26 10:10:46.509527,0.0,0.0,0.0
2022-01-26 10:10:47.007996,0.0,0.0,0.0
2022-01-26 10:10:47.501287,0.0,0.0,0.0
2022-01-26 10:10:48.008965,0.0,0.0,0.0
2022-01-26 10:10:48.505698,0.0,0.0,0.0
2022-01-26 10:10:49.003676,0.0,0.0,0.0
2022-01-26 10:10:49.509804,0.0,0.0,0.0
2022-01-26 10:10:50.007478,0.0,0.0,0.0
2022-01-26 10:10:50.503369,0.0,0.0,0.0
2022-01-26 10:10:51.505213,0.0,0.0,0.0
2022-01-26 10:10:52.004674,0.0,0.0,0.0
2022-01-26 10:10:52.509980,0.0,0.0,0.0
2022-01-26 10:10:53.009235,0.0,0.0,0.0
2022-01-26 10:10:53.505678,0.0,0.0,0.0
2022-01-26 10:10:54.003686,0.0,0.0,0.0
2022-01-26 10:10:54.510656,0.0,0.0,0.0
2022-01-26 10:10:55.008277,0.0,0.0,0.0
2022-01-26 10:10:55.501853,0.0,0.0,0.0
2022-01-26 10:10:56.001083,0.0,0.0,0.0
2022-01-26 10:10:56.508037,0.0,0.0,0.0
2022-01-26 10:10:57.007295,0.0,0.0,0.0
2022-01-26 10:10:57.501297,0.0,0.0,0.0
2022-01-26 10:10:58.010302,0.0,0.0,0.0
2022-01-26 10:10:58.505316,0.0,0.0,0.0
2022-01-26 10:10:59.003869,0.0,0.0,0.0
2022-01-26 10:10:59.510217,0.0,0.0,0.0
2022-01-26 10:11:00.006793,0.0,0.0,0.0
2022-01-26 10:11:00.503228,0.0,0.0,0.0
2022-01-26 10:11:01.002722,0.0,0.0,0.0
2022-01-26 10:11:01.507130,0.0,0.0,0.0
2022-01-26 10:11:02.004936,0.0,0.0,0.0
2022-01-26 10:11:02.509024,0.0,0.0,0.0
2022-01-26 10:11:03.007222,0.0,0.0,0.0
2022-01-26 10:11:03.503736,0.0,0.0,0.0
2022-01-26 10:11:04.001418,0.0,0.0,0.0
2022-01-26 10:11:04.505923,0.0,0.0,0.0
2022-01-26 10:11:05.005972,0.0,0.0,0.0
2022-01-26 10:11:05.510680,0.0,0.0,0.0
2022-01-26 10:11:06.007456,0.0,0.0,0.0
2022-01-26 10:11:06.502642,0.0,0.0,0.0
2022-01-26 10:11:07.010115,0.0,0.0,0.0
2022-01-26 10:11:07.506765,0.0,0.0,0.0
2022-01-26 10:11:08.005644,0.0,0.0,0.0
2022-01-26 10:11:08.510672,0.0,0.0,0.0
2022-01-26 10:11:09.008574,0.0,0.0,0.0
2022-01-26 10:11:09.505363,0.0,0.0,0.0
2022-01-26 10:11:10.002892,0.0,0.0,0.0
2022-01-26 10:11:10.508005,0.0,0.0,0.0
2022-01-26 10:11:11.003850,0.0,0.0,0.0
2022-01-26 10:11:11.510235,0.0,0.0,0.0
2022-01-26 10:11:12.007812,0.0,0.0,0.0
2022-01-26 10:11:12.503405,0.0,0.0,0.0
2022-01-26 10:11:13.004355,0.0,0.0,0.0
2022-01-26 10:11:13.509298,0.0,0.0,0.0
2022-01-26 10:11:14.009187,0.0,0.0,0.0
2022-01-26 10:11:14.504329,0.0,0.0,0.0
2022-01-26 10:11:15.002135,0.0,0.0,0.0
2022-01-26 10:11:15.507310,0.0,0.0,0.0
2022-01-26 10:11:16.004626,0.0,0.0,0.0
2022-01-26 10:11:16.509564,0.0,0.0,0.0
2022-01-26 10:11:17.009709,0.0,0.0,0.0
2022-01-26 10:11:17.506661,0.0,0.0,0.0
2022-01-26 10:11:18.005234,0.0,0.0,0.0
2022-01-26 10:11:18.502765,0.0,0.0,0.0
2022-01-26 10:11:19.010511,0.0,0.0,0.0
2022-01-26 10:11:19.506438,0.0,0.0,0.0
2022-01-26 10:11:20.002874,0.0,0.0,0.0
2022-01-26 10:11:20.509862,0.0,0.0,0.0
2022-01-26 10:11:21.008376,0.0,0.0,0.0
2022-01-26 10:11:21.504342,0.0,0.0,0.0
2022-01-26 10:11:22.505714,0.0,0.0,0.0
2022-01-26 10:11:23.003376,0.0,0.0,0.0
2022-01-26 10:11:23.502527,0.0,0.0,0.0
2022-01-26 10:11:24.010940,0.0,0.0,0.0
2022-01-26 10:11:24.505309,0.0,0.0,0.0
2022-01-26 10:11:25.004677,0.0,0.0,0.0
2022-01-26 10:11:25.508540,0.0,0.0,0.0
2022-01-26 10:11:26.006866,0.0,0.0,0.0
2022-01-26 10:11:26.501509,0.0,0.0,0.0
2022-01-26 10:11:27.009657,0.0,0.0,0.0
2022-01-26 10:11:27.504597,0.0,0.0,0.0
2022-01-26 10:11:28.002643,0.0,0.0,0.0
2022-01-26 10:11:28.508369,0.0,0.0,0.0
2022-01-26 10:11:29.007701,0.0,0.0,0.0
2022-01-26 10:11:29.501419,0.0,0.0,0.0
2022-01-26 10:11:30.009709,0.0,0.0,0.0
2022-01-26 10:11:30.503695,0.0,0.0,0.0
2022-01-26 10:11:31.001976,0.0,0.0,0.0
2022-01-26 10:11:31.506411,0.0,0.0,0.0
2022-01-26 10:11:32.003859,0.0,0.0,0.0
2022-01-26 10:11:32.501822,0.0,0.0,0.0
2022-01-26 10:11:33.010756,0.0,0.0,0.0
2022-01-26 10:11:33.507130,0.0,0.0,0.0
2022-01-26 10:11:34.005162,0.0,0.0,0.0
2022-01-26 10:11:34.509830,0.0,0.0,0.0
2022-01-26 10:11:35.006788,0.0,0.0,0.0
2022-01-26 10:11:36.005874,0.0,0.0,0.0
2022-01-26 10:11:36.509845,0.0,0.0,0.0
2022-01-26 10:11:37.007470,0.0,0.0,0.0
2022-01-26 10:11:37.503717,0.0,0.0,0.0
2022-01-26 10:11:38.002811,0.0,0.0,0.0
2022-01-26 10:11:38.507169,0.0,0.0,0.0
2022-01-26 10:11:39.005119,0.0,0.0,0.0
2022-01-26 10:11:39.510741,0.0,0.0,0.0
2022-01-26 10:11:40.008073,0.0,0.0,0.0
2022-01-26 10:11:40.503910,0.0,0.0,0.0
2022-01-26 10:11:41.002378,0.0,0.0,0.0
2022-01-26 10:11:41.506622,0.0,0.0,0.0
2022-01-26 10:11:42.005195,0.0,0.0,0.0
2022-01-26 10:11:42.508697,0.0,0.0,0.0
2022-01-26 10:11:43.006348,0.0,0.0,0.0
2022-01-26 10:11:43.501873,0.0,0.0,0.0
2022-01-26 10:11:44.010267,0.0,0.0,0.0
2022-01-26 10:11:44.505190,0.0,0.0,0.0
2022-01-26 10:11:45.002892,0.0,0.0,0.0
2022-01-26 10:11:45.510113,0.0,0.0,0.0
2022-01-26 10:11:46.008466,0.0,0.0,0.0
2022-01-26 10:11:46.505223,0.0,0.0,0.0
2022-01-26 10:11:47.004278,0.0,0.0,0.0
2022-01-26 10:11:47.508473,0.0,0.0,0.0
2022-01-26 10:11:48.006502,0.0,0.0,0.0
2022-01-26 10:11:48.501760,0.0,0.0,0.0
2022-01-26 10:11:49.010119,0.0,0.0,0.0
2022-01-26 10:11:49.505898,0.0,0.0,0.0
2022-01-26 10:11:50.002832,0.0,0.0,0.0
2022-01-26 10:11:50.509010,0.0,0.0,0.0
2022-01-26 10:11:51.008423,0.0,0.0,0.0
2022-01-26 10:11:51.504949,0.0,0.0,0.0
2022-01-26 10:11:52.003633,0.0,0.0,0.0
2022-01-26 10:11:52.509665,0.0,0.0,0.0
2022-01-26 10:11:53.008373,0.0,0.0,0.0
2022-01-26 10:11:53.502444,0.0,0.0,0.0
2022-01-26 10:11:54.010318,0.0,0.0,0.0
2022-01-26 10:11:54.506231,0.0,0.0,0.0
2022-01-26 10:11:55.004379,0.0,0.0,0.0
2022-01-26 10:11:55.510797,0.0,0.0,0.0
2022-01-26 10:11:56.008325,0.0,0.0,0.0
2022-01-26 10:11:56.502793,0.0,0.0,0.0
2022-01-26 10:11:57.002500,0.0,0.0,0.0
2022-01-26 10:11:57.508222,0.0,0.0,0.0
2022-01-26 10:11:58.007210,0.0,0.0,0.0
2022-01-26 10:11:58.501176,0.0,0.0,0.0
2022-01-26 10:11:59.009295,0.0,0.0,0.0
2022-01-26 10:11:59.503770,0.0,0.0,0.0
2022-01-26 10:12:00.001951,0.0,0.0,0.0
2022-01-26 10:12:00.505271,0.0,0.0,0.0
2022-01-26 10:12:01.002819,0.0,0.0,0.0
2022-01-26 10:12:01.509369,0.0,0.0,0.0
2022-01-26 10:12:02.008930,0.0,0.0,0.0
2022-01-26 10:12:02.503444,0.0,0.0,0.0
2022-01-26 10:12:03.011096,0.0,0.0,0.0
2022-01-26 10:12:03.507520,0.0,0.0,0.0
2022-01-26 10:12:04.005937,0.0,0.0,0.0
2022-01-26 10:12:04.510519,0.0,0.0,0.0
2022-01-26 10:12:05.001921,0.0,0.0,0.0
2022-01-26 10:12:05.506615,0.0,0.0,0.0
2022-01-26 10:12:06.004603,0.0,0.0,0.0
2022-01-26 10:12:06.501733,0.0,0.0,0.0
2022-01-26 10:12:07.009921,0.0,0.0,0.0
2022-01-26 10:12:07.504141,0.0,0.0,0.0
2022-01-26 10:12:08.003533,0.0,0.0,0.0
2022-01-26 10:12:08.503619,0.0,0.0,0.0
2022-01-26 10:12:09.009879,0.0,0.0,0.0
2022-01-26 10:12:09.504704,0.0,0.0,0.0
2022-01-26 10:12:10.005123,0.0,0.0,0.0
2022-01-26 10:12:10.510253,0.0,0.0,0.0
2022-01-26 10:12:11.007915,0.0,0.0,0.0
2022-01-26 10:12:11.503008,0.0,0.0,0.0
2022-01-26 10:12:12.001206,0.0,0.0,0.0
2022-01-26 10:12:12.506109,0.0,0.0,0.0
2022-01-26 10:12:13.002860,0.0,0.0,0.0
2022-01-26 10:12:13.508662,0.0,0.0,0.0
2022-01-26 10:12:14.007523,0.0,0.0,0.0
2022-01-26 10:12:14.502659,0.0,0.0,0.0
2022-01-26 10:12:15.003084,0.0,0.0,0.0
2022-01-26 10:12:15.508561,0.0,0.0,0.0
2022-01-26 10:12:16.006299,0.0,0.0,0.0
2022-01-26 10:12:16.510685,0.0,0.0,0.0
2022-01-26 10:12:17.007600,0.0,0.0,0.0
2022-01-26 10:12:17.503179,0.0,0.0,0.0
2022-01-26 10:12:18.001985,0.0,0.0,0.0
2022-01-26 10:12:18.508399,0.0,0.0,0.0
2022-01-26 10:12:19.007332,0.0,0.0,0.0
2022-01-26 10:12:19.503379,0.0,0.0,0.0
2022-01-26 10:12:20.001546,0.0,0.0,0.0
2022-01-26 10:12:20.508366,0.0,0.0,0.0
2022-01-26 10:12:21.005132,0.0,0.0,0.0
2022-01-26 10:12:21.510801,0.0,0.0,0.0
2022-01-26 10:12:22.009434,0.0,0.0,0.0
2022-01-26 10:12:22.503620,0.0,0.0,0.0
2022-01-26 10:12:23.002629,0.0,0.0,0.0
2022-01-26 10:12:23.507623,0.0,0.0,0.0
2022-01-26 10:12:24.006415,0.0,0.0,0.0
2022-01-26 10:12:24.510959,0.0,0.0,0.0
2022-01-26 10:12:25.010299,0.0,0.0,0.0
2022-01-26 10:12:25.505914,0.0,0.0,0.0
2022-01-26 10:12:26.002615,0.0,0.0,0.0
2022-01-26 10:12:26.506775,0.0,0.0,0.0
2022-01-26 10:12:27.005362,0.0,0.0,0.0
2022-01-26 10:12:27.509790,0.0,0.0,0.0
2022-01-26 10:12:28.008008,0.0,0.0,0.0
2022-01-26 10:12:28.505078,0.0,0.0,0.0
2022-01-26 10:12:29.003761,0.0,0.0,0.0
2022-01-26 10:12:29.510766,0.0,0.0,0.0
2022-01-26 10:12:30.011016,0.0,0.0,0.0
2022-01-26 10:12:30.507701,0.0,0.0,0.0
2022-01-26 10:12:31.008652,0.0,0.0,0.0
2022-01-26 10:12:31.503880,0.0,0.0,0.0
2022-01-26 10:12:32.003972,0.0,0.0,0.0
2022-01-26 10:12:32.510387,0.0,0.0,0.0
2022-01-26 10:12:33.009146,0.0,0.0,0.0
2022-01-26 10:12:33.503394,0.0,0.0,0.0
2022-01-26 10:12:34.011101,0.0,0.0,0.0
2022-01-26 10:12:34.505826,0.0,0.0,0.0
2022-01-26 10:12:35.002640,0.0,0.0,0.0
2022-01-26 10:12:35.508409,0.0,0.0,0.0
2022-01-26 10:12:36.005517,0.0,0.0,0.0
2022-01-26 10:12:36.510495,0.0,0.0,0.0
2022-01-26 10:12:37.007915,0.0,0.0,0.0
2022-01-26 10:12:37.503964,0.0,0.0,0.0
2022-01-26 10:12:38.001631,0.0,0.0,0.0
2022-01-26 10:12:38.505850,0.0,0.0,0.0
2022-01-26 10:12:39.002908,0.0,0.0,0.0
2022-01-26 10:12:39.509840,0.0,0.0,0.0
2022-01-26 10:12:40.007955,0.0,0.0,0.0
2022-01-26 10:12:40.503313,0.0,0.0,0.0
2022-01-26 10:12:41.010535,0.0,0.0,0.0
2022-01-26 10:12:41.507729,0.0,0.0,0.0
2022-01-26 10:12:42.005154,0.0,0.0,0.0
2022-01-26 10:12:42.509414,0.0,0.0,0.0
2022-01-26 10:12:43.007350,0.0,0.0,0.0
2022-01-26 10:12:43.502543,0.0,0.0,0.0
2022-01-26 10:12:44.001808,0.0,0.0,0.0
2022-01-26 10:12:44.508850,0.0,0.0,0.0
2022-01-26 10:12:45.007571,0.0,0.0,0.0
2022-01-26 10:12:45.503917,0.0,0.0,0.0
2022-01-26 10:12:46.002556,0.0,0.0,0.0
2022-01-26 10:12:46.510651,0.0,0.0,0.0
2022-01-26 10:12:47.010999,0.0,0.0,0.0
2022-01-26 10:12:47.506370,0.0,0.0,0.0
2022-01-26 10:12:48.003328,0.0,0.0,0.0
2022-01-26 10:12:48.507945,0.0,0.0,0.0
2022-01-26 10:12:49.005866,0.0,0.0,0.0
2022-01-26 10:12:49.501068,0.0,0.0,0.0
2022-01-26 10:12:50.009779,0.0,0.0,0.0
2022-01-26 10:12:50.504415,0.0,0.0,0.0
2022-01-26 10:12:51.002004,0.0,0.0,0.0
2022-01-26 10:12:51.509676,0.0,0.0,0.0
2022-01-26 10:12:52.008498,0.0,0.0,0.0
2022-01-26 10:12:52.503998,0.0,0.0,0.0
2022-01-26 10:12:53.002608,0.0,0.0,0.0
2022-01-26 10:12:53.507755,0.0,0.0,0.0
2022-01-26 10:12:54.005862,0.0,0.0,0.0
2022-01-26 10:12:54.501052,0.0,0.0,0.0
2022-01-26 10:12:55.009183,0.0,0.0,0.0
2022-01-26 10:12:55.504472,0.0,0.0,0.0
2022-01-26 10:12:56.003826,0.0,0.0,0.0
2022-01-26 10:12:56.508974,0.0,0.0,0.0
2022-01-26 10:12:57.007859,0.0,0.0,0.0
2022-01-26 10:12:57.504912,0.0,0.0,0.0
2022-01-26 10:12:58.003076,0.0,0.0,0.0
2022-01-26 10:12:58.506758,0.0,0.0,0.0
2022-01-26 10:12:59.005041,0.0,0.0,0.0
2022-01-26 10:12:59.510515,0.0,0.0,0.0
2022-01-26 10:13:00.009071,0.0,0.0,0.0
2022-01-26 10:13:00.504431,0.0,0.0,0.0
2022-01-26 10:13:01.002339,0.0,0.0,0.0
2022-01-26 10:13:01.507103,0.0,0.0,0.0
2022-01-26 10:13:02.005513,0.0,0.0,0.0
2022-01-26 10:13:02.501107,0.0,0.0,0.0
2022-01-26 10:13:03.010246,0.0,0.0,0.0
2022-01-26 10:13:03.503304,0.0,0.0,0.0
2022-01-26 10:13:04.003377,0.0,0.0,0.0
2022-01-26 10:13:04.509920,0.0,0.0,0.0
2022-01-26 10:13:05.007954,0.0,0.0,0.0
2022-01-26 10:13:05.503734,0.0,0.0,0.0
2022-01-26 10:13:06.001168,0.0,0.0,0.0
2022-01-26 10:13:06.507110,0.0,0.0,0.0
2022-01-26 10:13:07.005107,0.0,0.0,0.0
2022-01-26 10:13:07.510775,0.0,0.0,0.0
2022-01-26 10:13:08.009040,0.0,0.0,0.0
2022-01-26 10:13:08.504543,0.0,0.0,0.0
2022-01-26 10:13:09.003614,0.0,0.0,0.0
2022-01-26 10:13:09.508645,0.0,0.0,0.0
2022-01-26 10:13:10.006568,0.0,0.0,0.0
2022-01-26 10:13:10.501181,0.0,0.0,0.0
2022-01-26 10:13:11.005764,0.0,0.0,0.0
2022-01-26 10:13:11.509800,0.0,0.0,0.0
2022-01-26 10:13:12.008091,0.0,0.0,0.0
2022-01-26 10:13:12.503078,0.0,0.0,0.0
2022-01-26 10:13:13.003187,0.0,0.0,0.0
2022-01-26 10:13:13.508805,0.0,0.0,0.0
2022-01-26 10:13:14.007869,0.0,0.0,0.0
2022-01-26 10:13:14.502625,0.0,0.0,0.0
2022-01-26 10:13:15.010285,0.0,0.0,0.0
2022-01-26 10:13:15.505526,0.0,0.0,0.0
2022-01-26 10:13:16.004656,0.0,0.0,0.0
2022-01-26 10:13:16.510688,0.0,0.0,0.0
2022-01-26 10:13:17.008437,0.0,0.0,0.0
2022-01-26 10:13:17.504762,0.0,0.0,0.0
2022-01-26 10:13:18.002607,0.0,0.0,0.0
2022-01-26 10:13:18.507604,0.0,0.0,0.0
2022-01-26 10:13:19.004812,0.0,0.0,0.0
2022-01-26 10:13:19.510528,0.0,0.0,0.0
2022-01-26 10:13:20.008217,0.0,0.0,0.0
2022-01-26 10:13:20.503320,0.0,0.0,0.0
2022-01-26 10:13:21.010787,0.0,0.0,0.0
2022-01-26 10:13:21.506367,0.0,0.0,0.0
2022-01-26 10:13:22.005114,0.0,0.0,0.0
2022-01-26 10:13:22.510517,0.0,0.0,0.0
2022-01-26 10:13:23.008537,0.0,0.0,0.0
2022-01-26 10:13:23.503612,0.0,0.0,0.0
2022-01-26 10:13:24.001044,0.0,0.0,0.0
2022-01-26 10:13:24.506724,0.0,0.0,0.0
2022-01-26 10:13:25.003513,0.0,0.0,0.0
2022-01-26 10:13:25.502712,0.0,0.0,0.0
2022-01-26 10:13:26.010209,0.0,0.0,0.0
2022-01-26 10:13:26.505853,0.0,0.0,0.0
2022-01-26 10:13:27.011252,0.0,0.0,0.0
2022-01-26 10:13:27.507172,0.0,0.0,0.0
2022-01-26 10:13:28.005777,0.0,0.0,0.0
2022-01-26 10:13:28.509926,0.0,0.0,0.0
2022-01-26 10:13:29.010495,0.0,0.0,0.0
2022-01-26 10:13:29.504921,0.0,0.0,0.0
2022-01-26 10:13:30.003565,0.0,0.0,0.0
2022-01-26 10:13:30.509243,0.0,0.0,0.0
2022-01-26 10:13:31.008569,0.0,0.0,0.0
2022-01-26 10:13:31.503963,0.0,0.0,0.0
2022-01-26 10:13:32.003924,0.0,0.0,0.0
2022-01-26 10:13:32.509774,0.0,0.0,0.0
2022-01-26 10:13:33.008001,0.0,0.0,0.0
2022-01-26 10:13:33.506492,0.0,0.0,0.0
2022-01-26 10:13:34.004963,0.0,0.0,0.0
2022-01-26 10:13:34.501056,0.0,0.0,0.0
2022-01-26 10:13:35.008862,0.0,0.0,0.0
2022-01-26 10:13:35.504395,0.0,0.0,0.0
2022-01-26 10:13:36.002155,0.0,0.0,0.0
2022-01-26 10:13:36.506402,0.0,0.0,0.0
2022-01-26 10:13:37.006860,0.0,0.0,0.0
2022-01-26 10:13:37.501766,0.0,0.0,0.0
2022-01-26 10:13:38.009971,0.0,0.0,0.0
2022-01-26 10:13:38.505498,0.0,0.0,0.0
2022-01-26 10:13:39.008424,0.0,0.0,0.0
2022-01-26 10:13:39.505061,0.0,0.0,0.0
2022-01-26 10:13:40.005188,0.0,0.0,0.0
2022-01-26 10:13:40.510528,0.0,0.0,0.0
2022-01-26 10:13:41.010234,0.0,0.0,0.0
2022-01-26 10:13:41.506166,0.0,0.0,0.0
2022-01-26 10:13:42.004857,0.0,0.0,0.0
2022-01-26 10:13:42.510405,0.0,0.0,0.0
2022-01-26 10:13:43.009781,0.0,0.0,0.0
2022-01-26 10:13:43.506824,0.0,0.0,0.0
2022-01-26 10:13:44.003568,0.0,0.0,0.0
2022-01-26 10:13:44.509731,0.0,0.0,0.0
2022-01-26 10:13:45.007843,0.0,0.0,0.0
2022-01-26 10:13:45.502733,0.0,0.0,0.0
2022-01-26 10:13:46.010751,0.0,0.0,0.0
2022-01-26 10:13:46.508001,0.0,0.0,0.0
2022-01-26 10:13:47.007051,0.0,0.0,0.0
2022-01-26 10:13:47.503729,0.0,0.0,0.0
2022-01-26 10:13:48.001944,0.0,0.0,0.0
2022-01-26 10:13:48.507770,0.0,0.0,0.0
2022-01-26 10:13:49.006886,0.0,0.0,0.0
2022-01-26 10:13:49.503792,0.0,0.0,0.0
2022-01-26 10:13:50.002718,0.0,0.0,0.0
2022-01-26 10:13:50.510134,0.0,0.0,0.0
2022-01-26 10:13:51.008869,0.0,0.0,0.0
2022-01-26 10:13:51.503081,0.0,0.0,0.0
2022-01-26 10:13:52.002139,0.0,0.0,0.0
2022-01-26 10:13:52.506908,0.0,0.0,0.0
2022-01-26 10:13:53.004528,0.0,0.0,0.0
2022-01-26 10:13:53.501367,0.0,0.0,0.0
2022-01-26 10:13:54.009953,0.0,0.0,0.0
2022-01-26 10:13:54.504041,0.0,0.0,0.0
2022-01-26 10:13:55.002375,0.0,0.0,0.0
2022-01-26 10:13:55.510680,0.0,0.0,0.0
2022-01-26 10:13:56.009419,0.0,0.0,0.0
2022-01-26 10:13:56.503302,0.0,0.0,0.0
2022-01-26 10:13:57.003509,0.0,0.0,0.0
2022-01-26 10:13:57.510046,0.0,0.0,0.0
2022-01-26 10:13:58.008469,0.0,0.0,0.0
2022-01-26 10:13:58.504055,0.0,0.0,0.0
2022-01-26 10:13:59.002496,0.0,0.0,0.0
2022-01-26 10:13:59.508974,0.0,0.0,0.0
2022-01-26 10:14:00.006257,0.0,0.0,0.0
2022-01-26 10:14:00.501662,0.0,0.0,0.0
2022-01-26 10:14:01.010334,0.0,0.0,0.0
2022-01-26 10:14:01.507661,0.0,0.0,0.0
2022-01-26 10:14:02.007916,0.0,0.0,0.0
2022-01-26 10:14:02.502289,0.0,0.0,0.0
2022-01-26 10:14:03.001437,0.0,0.0,0.0
2022-01-26 10:14:03.506319,0.0,0.0,0.0
2022-01-26 10:14:04.005392,0.0,0.0,0.0
2022-01-26 10:14:04.511035,0.0,0.0,0.0
2022-01-26 10:14:05.008453,0.0,0.0,0.0
2022-01-26 10:14:05.503680,0.0,0.0,0.0
2022-01-26 10:14:06.000940,0.0,0.0,0.0
2022-01-26 10:14:06.508470,0.0,0.0,0.0
2022-01-26 10:14:07.006207,0.0,0.0,0.0
2022-01-26 10:14:07.510409,0.0,0.0,0.0
2022-01-26 10:14:08.007909,0.0,0.0,0.0
2022-01-26 10:14:08.504260,0.0,0.0,0.0
2022-01-26 10:14:09.002653,0.0,0.0,0.0
2022-01-26 10:14:09.508339,0.0,0.0,0.0
2022-01-26 10:14:10.005151,0.0,0.0,0.0
2022-01-26 10:14:10.501448,0.0,0.0,0.0
2022-01-26 10:14:11.005857,0.0,0.0,0.0
2022-01-26 10:14:11.510875,0.0,0.0,0.0
2022-01-26 10:14:12.008159,0.0,0.0,0.0
2022-01-26 10:14:12.502516,0.0,0.0,0.0
2022-01-26 10:14:13.003424,0.0,0.0,0.0
2022-01-26 10:14:13.507846,0.0,0.0,0.0
2022-01-26 10:14:14.006257,0.0,0.0,0.0
2022-01-26 10:14:14.505158,0.0,0.0,0.0
2022-01-26 10:14:15.004894,0.0,0.0,0.0
2022-01-26 10:14:15.509459,0.0,0.0,0.0
2022-01-26 10:14:16.007338,0.0,0.0,0.0
2022-01-26 10:14:16.502739,0.0,0.0,0.0
2022-01-26 10:14:17.001001,0.0,0.0,0.0
2022-01-26 10:14:17.505016,0.0,0.0,0.0
2022-01-26 10:14:18.003059,0.0,0.0,0.0
2022-01-26 10:14:18.509992,0.0,0.0,0.0
2022-01-26 10:14:19.007512,0.0,0.0,0.0
2022-01-26 10:14:19.504508,0.0,0.0,0.0
2022-01-26 10:14:20.001787,0.0,0.0,0.0
2022-01-26 10:14:20.506428,0.0,0.0,0.0
2022-01-26 10:14:21.004593,0.0,0.0,0.0
2022-01-26 10:14:21.510440,0.0,0.0,0.0
2022-01-26 10:14:22.006452,0.0,0.0,0.0
2022-01-26 10:14:22.501062,0.0,0.0,0.0
2022-01-26 10:14:23.009696,0.0,0.0,0.0
2022-01-26 10:14:23.504953,0.0,0.0,0.0
2022-01-26 10:14:24.003061,0.0,0.0,0.0
2022-01-26 10:14:24.507438,0.0,0.0,0.0
2022-01-26 10:14:25.006420,0.0,0.0,0.0
2022-01-26 10:14:25.502583,0.0,0.0,0.0
2022-01-26 10:14:26.010681,0.0,0.0,0.0
2022-01-26 10:14:26.506718,0.0,0.0,0.0
2022-01-26 10:14:27.005792,0.0,0.0,0.0
2022-01-26 10:14:27.510648,0.0,0.0,0.0
2022-01-26 10:14:28.008157,0.0,0.0,0.0
2022-01-26 10:14:28.505080,0.0,0.0,0.0
2022-01-26 10:14:29.003352,0.0,0.0,0.0
2022-01-26 10:14:29.509284,0.0,0.0,0.0
2022-01-26 10:14:30.008082,0.0,0.0,0.0
2022-01-26 10:14:30.502774,0.0,0.0,0.0
2022-01-26 10:14:31.010098,0.0,0.0,0.0
2022-01-26 10:14:31.505465,0.0,0.0,0.0
2022-01-26 10:14:32.002728,0.0,0.0,0.0
2022-01-26 10:14:32.509121,0.0,0.0,0.0
2022-01-26 10:14:33.006271,0.0,0.0,0.0
2022-01-26 10:14:33.510884,0.0,0.0,0.0
2022-01-26 10:14:34.008765,0.0,0.0,0.0
2022-01-26 10:14:34.504012,0.0,0.0,0.0
2022-01-26 10:14:35.002285,0.0,0.0,0.0
2022-01-26 10:14:35.507007,0.0,0.0,0.0
2022-01-26 10:14:36.004996,0.0,0.0,0.0
2022-01-26 10:14:36.510439,0.0,0.0,0.0
2022-01-26 10:14:37.007114,0.0,0.0,0.0
2022-01-26 10:14:37.510547,0.0,0.0,0.0
2022-01-26 10:14:38.008225,0.0,0.0,0.0
2022-01-26 10:14:38.505238,0.0,0.0,0.0
2022-01-26 10:14:39.003510,0.0,0.0,0.0
2022-01-26 10:14:39.510020,0.0,0.0,0.0
2022-01-26 10:14:40.007526,0.0,0.0,0.0
2022-01-26 10:14:40.503039,0.0,0.0,0.0
2022-01-26 10:14:41.011021,0.0,0.0,0.0
2022-01-26 10:14:41.505301,0.0,0.0,0.0
2022-01-26 10:14:42.003122,0.0,0.0,0.0
2022-01-26 10:14:42.510736,0.0,0.0,0.0
2022-01-26 10:14:43.009942,0.0,0.0,0.0
2022-01-26 10:14:43.505978,0.0,0.0,0.0
2022-01-26 10:14:44.004316,0.0,0.0,0.0
2022-01-26 10:14:44.509557,0.0,0.0,0.0
2022-01-26 10:14:45.007447,0.0,0.0,0.0
2022-01-26 10:14:45.502797,0.0,0.0,0.0
2022-01-26 10:14:46.002453,0.0,0.0,0.0
2022-01-26 10:14:46.506542,0.0,0.0,0.0
2022-01-26 10:14:47.006829,0.0,0.0,0.0
2022-01-26 10:14:47.503493,0.0,0.0,0.0
2022-01-26 10:14:48.011032,0.0,0.0,0.0
2022-01-26 10:14:48.505544,0.0,0.0,0.0
2022-01-26 10:14:49.004481,0.0,0.0,0.0
2022-01-26 10:14:49.509123,0.0,0.0,0.0
2022-01-26 10:14:50.007960,0.0,0.0,0.0
2022-01-26 10:14:50.503520,0.0,0.0,0.0
2022-01-26 10:14:51.001046,0.0,0.0,0.0
2022-01-26 10:14:51.505675,0.0,0.0,0.0
2022-01-26 10:14:52.004325,0.0,0.0,0.0
2022-01-26 10:14:52.508730,0.0,0.0,0.0
2022-01-26 10:14:53.006672,0.0,0.0,0.0
2022-01-26 10:14:53.503505,0.0,0.0,0.0
2022-01-26 10:14:54.002455,0.0,0.0,0.0
2022-01-26 10:14:54.506958,0.0,0.0,0.0
2022-01-26 10:14:55.004631,0.0,0.0,0.0
2022-01-26 10:14:55.510020,0.0,0.0,0.0
2022-01-26 10:14:56.006876,0.0,0.0,0.0
2022-01-26 10:14:56.502493,0.0,0.0,0.0
2022-01-26 10:14:57.010699,0.0,0.0,0.0
2022-01-26 10:14:57.504986,0.0,0.0,0.0
2022-01-26 10:14:58.003912,0.0,0.0,0.0
2022-01-26 10:14:58.501515,0.0,0.0,0.0
2022-01-26 10:14:59.010803,0.0,0.0,0.0
2022-01-26 10:14:59.504821,0.0,0.0,0.0
2022-01-26 10:15:00.003667,0.0,0.0,0.0
2022-01-26 10:15:00.510385,0.0,0.0,0.0
2022-01-26 10:15:01.008567,0.0,0.0,0.0
2022-01-26 10:15:01.503860,0.0,0.0,0.0
2022-01-26 10:15:02.011142,0.0,0.0,0.0
2022-01-26 10:15:02.506571,0.0,0.0,0.0
2022-01-26 10:15:03.004137,0.0,0.0,0.0
2022-01-26 10:15:03.509707,0.0,0.0,0.0
2022-01-26 10:15:04.007133,0.0,0.0,0.0
2022-01-26 10:15:04.504231,0.0,0.0,0.0
2022-01-26 10:15:05.003181,0.0,0.0,0.0
2022-01-26 10:15:05.507796,0.0,0.0,0.0
2022-01-26 10:15:06.005369,0.0,0.0,0.0
2022-01-26 10:15:06.511043,0.0,0.0,0.0
2022-01-26 10:15:07.007818,0.0,0.0,0.0
2022-01-26 10:15:07.503017,0.0,0.0,0.0
2022-01-26 10:15:08.002117,0.0,0.0,0.0
2022-01-26 10:15:08.506793,0.0,0.0,0.0
2022-01-26 10:15:09.005878,0.0,0.0,0.0
2022-01-26 10:15:09.510822,0.0,0.0,0.0
2022-01-26 10:15:10.009020,0.0,0.0,0.0
2022-01-26 10:15:10.503453,0.0,0.0,0.0
2022-01-26 10:15:11.007413,0.0,0.0,0.0
2022-01-26 10:15:11.501008,0.0,0.0,0.0
2022-01-26 10:15:12.009192,0.0,0.0,0.0
2022-01-26 10:15:12.506044,0.0,0.0,0.0
2022-01-26 10:15:13.004760,0.0,0.0,0.0
2022-01-26 10:15:13.510289,0.0,0.0,0.0
2022-01-26 10:15:14.009069,0.0,0.0,0.0
2022-01-26 10:15:14.506281,0.0,0.0,0.0
2022-01-26 10:15:15.004923,0.0,0.0,0.0
2022-01-26 10:15:15.509117,0.0,0.0,0.0
2022-01-26 10:15:16.007458,0.0,0.0,0.0
2022-01-26 10:15:16.502413,0.0,0.0,0.0
2022-01-26 10:15:17.010386,0.0,0.0,0.0
2022-01-26 10:15:17.505117,0.0,0.0,0.0
2022-01-26 10:15:18.003662,0.0,0.0,0.0
2022-01-26 10:15:18.509879,0.0,0.0,0.0
2022-01-26 10:15:19.008585,0.0,0.0,0.0
2022-01-26 10:15:19.507108,0.0,0.0,0.0
2022-01-26 10:15:20.005042,0.0,0.0,0.0
2022-01-26 10:15:20.509851,0.0,0.0,0.0
2022-01-26 10:15:21.007240,0.0,0.0,0.0
2022-01-26 10:15:21.502755,0.0,0.0,0.0
2022-01-26 10:15:22.003728,0.0,0.0,0.0
2022-01-26 10:15:22.501166,0.0,0.0,0.0
2022-01-26 10:15:23.009907,0.0,0.0,0.0
2022-01-26 10:15:23.504864,0.0,0.0,0.0
2022-01-26 10:15:24.002638,0.0,0.0,0.0
2022-01-26 10:15:24.509097,0.0,0.0,0.0
2022-01-26 10:15:25.006866,0.0,0.0,0.0
2022-01-26 10:15:25.502069,0.0,0.0,0.0
2022-01-26 10:15:26.002290,0.0,0.0,0.0
2022-01-26 10:15:26.507685,0.0,0.0,0.0
2022-01-26 10:15:27.007734,0.0,0.0,0.0
2022-01-26 10:15:27.503112,0.0,0.0,0.0
2022-01-26 10:15:28.010544,0.0,0.0,0.0
2022-01-26 10:15:28.504541,0.0,0.0,0.0
2022-01-26 10:15:29.002669,0.0,0.0,0.0
2022-01-26 10:15:29.508848,0.0,0.0,0.0
2022-01-26 10:15:30.006331,0.0,0.0,0.0
2022-01-26 10:15:30.501747,0.0,0.0,0.0
2022-01-26 10:15:31.009968,0.0,0.0,0.0
2022-01-26 10:15:31.506965,0.0,0.0,0.0
2022-01-26 10:15:32.005915,0.0,0.0,0.0
2022-01-26 10:15:32.510036,0.0,0.0,0.0
2022-01-26 10:15:33.008219,0.0,0.0,0.0
2022-01-26 10:15:33.502856,0.0,0.0,0.0
2022-01-26 10:15:34.010675,0.0,0.0,0.0
2022-01-26 10:15:34.507357,0.0,0.0,0.0
2022-01-26 10:15:35.006209,0.0,0.0,0.0
2022-01-26 10:15:35.503012,0.0,0.0,0.0
2022-01-26 10:15:36.006412,0.0,0.0,0.0
2022-01-26 10:15:36.511025,0.0,0.0,0.0
2022-01-26 10:15:37.009316,0.0,0.0,0.0
2022-01-26 10:15:37.504956,0.0,0.0,0.0
2022-01-26 10:15:38.003444,0.0,0.0,0.0
2022-01-26 10:15:38.510245,0.0,0.0,0.0
2022-01-26 10:15:39.009103,0.0,0.0,0.0
2022-01-26 10:15:39.503588,0.0,0.0,0.0
2022-01-26 10:15:40.001746,0.0,0.0,0.0
2022-01-26 10:15:40.509211,0.0,0.0,0.0
2022-01-26 10:15:41.008557,0.0,0.0,0.0
2022-01-26 10:15:41.505182,0.0,0.0,0.0
2022-01-26 10:15:42.003333,0.0,0.0,0.0
2022-01-26 10:15:42.506394,0.0,0.0,0.0
2022-01-26 10:15:43.002776,0.0,0.0,0.0
2022-01-26 10:15:43.502350,0.0,0.0,0.0
2022-01-26 10:15:44.004383,0.0,0.0,0.0
2022-01-26 10:15:44.509565,0.0,0.0,0.0
2022-01-26 10:15:45.007761,0.0,0.0,0.0
2022-01-26 10:15:45.504903,0.0,0.0,0.0
2022-01-26 10:15:46.002043,0.0,0.0,0.0
2022-01-26 10:15:46.508548,0.0,0.0,0.0
2022-01-26 10:15:47.006311,0.0,0.0,0.0
2022-01-26 10:15:47.510315,0.0,0.0,0.0
2022-01-26 10:15:48.010503,0.0,0.0,0.0
2022-01-26 10:15:48.506481,0.0,0.0,0.0
2022-01-26 10:15:49.005733,0.0,0.0,0.0
2022-01-26 10:15:49.503853,0.0,0.0,0.0
2022-01-26 10:15:50.004867,0.0,0.0,0.0
2022-01-26 10:15:50.501333,0.0,0.0,0.0
2022-01-26 10:15:51.009872,0.0,0.0,0.0
2022-01-26 10:15:51.507086,0.0,0.0,0.0
2022-01-26 10:15:52.004364,0.0,0.0,0.0
2022-01-26 10:15:52.509115,0.0,0.0,0.0
2022-01-26 10:15:53.007832,0.0,0.0,0.0
2022-01-26 10:15:53.503163,0.0,0.0,0.0
2022-01-26 10:15:54.001076,0.0,0.0,0.0
2022-01-26 10:15:54.508390,0.0,0.0,0.0
2022-01-26 10:15:55.006265,0.0,0.0,0.0
2022-01-26 10:15:55.502225,0.0,0.0,0.0
2022-01-26 10:15:56.010336,0.0,0.0,0.0
2022-01-26 10:15:56.506438,0.0,0.0,0.0
2022-01-26 10:15:57.004229,0.0,0.0,0.0
2022-01-26 10:15:57.509123,0.0,0.0,0.0
2022-01-26 10:15:58.007954,0.0,0.0,0.0
2022-01-26 10:15:58.503741,0.0,0.0,0.0
2022-01-26 10:15:59.002206,0.0,0.0,0.0
2022-01-26 10:15:59.507561,0.0,0.0,0.0
2022-01-26 10:16:00.003861,0.0,0.0,0.0
2022-01-26 10:16:00.508822,0.0,0.0,0.0
2022-01-26 10:16:01.007969,0.0,0.0,0.0
2022-01-26 10:16:01.504984,0.0,0.0,0.0
2022-01-26 10:16:02.002706,0.0,0.0,0.0
2022-01-26 10:16:02.507484,0.0,0.0,0.0
2022-01-26 10:16:03.006335,0.0,0.0,0.0
2022-01-26 10:16:03.501947,0.0,0.0,0.0
2022-01-26 10:16:04.002491,0.0,0.0,0.0
2022-01-26 10:16:04.508412,0.0,0.0,0.0
2022-01-26 10:16:05.007489,0.0,0.0,0.0
2022-01-26 10:16:05.502575,0.0,0.0,0.0
2022-01-26 10:16:06.009551,0.0,0.0,0.0
2022-01-26 10:16:06.504676,0.0,0.0,0.0
2022-01-26 10:16:07.004945,0.0,0.0,0.0
2022-01-26 10:16:07.501675,0.0,0.0,0.0
2022-01-26 10:16:08.010255,0.0,0.0,0.0
2022-01-26 10:16:08.504188,0.0,0.0,0.0
2022-01-26 10:16:09.004745,0.0,0.0,0.0
2022-01-26 10:16:09.501290,0.0,0.0,0.0
2022-01-26 10:16:10.009835,0.0,0.0,0.0
2022-01-26 10:16:10.503025,0.0,0.0,0.0
2022-01-26 10:16:11.007573,0.0,0.0,0.0
2022-01-26 10:16:11.502947,0.0,0.0,0.0
2022-01-26 10:16:12.004822,0.0,0.0,0.0
2022-01-26 10:16:12.510641,0.0,0.0,0.0
2022-01-26 10:16:13.007510,0.0,0.0,0.0
2022-01-26 10:16:13.502970,0.0,0.0,0.0
2022-01-26 10:16:14.001904,0.0,0.0,0.0
2022-01-26 10:16:14.508042,0.0,0.0,0.0
2022-01-26 10:16:15.007560,0.0,0.0,0.0
2022-01-26 10:16:15.503853,0.0,0.0,0.0
2022-01-26 10:16:16.002254,0.0,0.0,0.0
2022-01-26 10:16:16.508004,0.0,0.0,0.0
2022-01-26 10:16:17.007622,0.0,0.0,0.0
2022-01-26 10:16:17.503138,0.0,0.0,0.0
2022-01-26 10:16:18.006309,0.0,0.0,0.0
2022-01-26 10:16:18.501776,0.0,0.0,0.0
2022-01-26 10:16:19.010518,0.0,0.0,0.0
2022-01-26 10:16:19.506928,0.0,0.0,0.0
2022-01-26 10:16:20.007492,0.0,0.0,0.0
2022-01-26 10:16:20.502312,0.0,0.0,0.0
2022-01-26 10:16:21.009207,0.0,0.0,0.0
2022-01-26 10:16:21.507184,0.0,0.0,0.0
2022-01-26 10:16:22.006289,0.0,0.0,0.0
2022-01-26 10:16:23.005390,0.0,0.0,0.0
2022-01-26 10:16:23.510990,0.0,0.0,0.0
2022-01-26 10:16:24.010308,0.0,0.0,0.0
2022-01-26 10:16:24.506684,0.0,0.0,0.0
2022-01-26 10:16:25.004444,0.0,0.0,0.0
2022-01-26 10:16:25.509777,0.0,0.0,0.0
2022-01-26 10:16:26.009664,0.0,0.0,0.0
2022-01-26 10:16:26.506834,0.0,0.0,0.0
2022-01-26 10:16:27.006297,0.0,0.0,0.0
2022-01-26 10:16:27.501149,0.0,0.0,0.0
2022-01-26 10:16:28.008486,0.0,0.0,0.0
2022-01-26 10:16:28.504750,0.0,0.0,0.0
2022-01-26 10:16:29.003530,0.0,0.0,0.0
2022-01-26 10:16:29.507439,0.0,0.0,0.0
2022-01-26 10:16:30.004127,0.0,0.0,0.0
2022-01-26 10:16:30.510753,0.0,0.0,0.0
2022-01-26 10:16:31.009984,0.0,0.0,0.0
2022-01-26 10:16:31.506279,0.0,0.0,0.0
2022-01-26 10:16:32.004127,0.0,0.0,0.0
2022-01-26 10:16:32.510010,0.0,0.0,0.0
2022-01-26 10:16:33.008686,0.0,0.0,0.0
2022-01-26 10:16:33.503930,0.0,0.0,0.0
2022-01-26 10:16:34.004456,0.0,0.0,0.0
2022-01-26 10:16:34.509908,0.0,0.0,0.0
2022-01-26 10:16:35.009877,0.0,0.0,0.0
2022-01-26 10:16:35.505010,0.0,0.0,0.0
2022-01-26 10:16:36.002697,0.0,0.0,0.0
2022-01-26 10:16:36.508564,0.0,0.0,0.0
2022-01-26 10:16:37.007857,0.0,0.0,0.0
2022-01-26 10:16:37.502594,0.0,0.0,0.0
2022-01-26 10:16:38.010376,0.0,0.0,0.0
2022-01-26 10:16:38.505891,0.0,0.0,0.0
2022-01-26 10:16:39.003661,0.0,0.0,0.0
2022-01-26 10:16:39.510405,0.0,0.0,0.0
2022-01-26 10:16:40.008382,0.0,0.0,0.0
2022-01-26 10:16:40.502346,0.0,0.0,0.0
2022-01-26 10:16:41.010423,0.0,0.0,0.0
2022-01-26 10:16:41.509413,0.0,0.0,0.0
2022-01-26 10:16:42.007049,0.0,0.0,0.0
2022-01-26 10:16:42.502442,0.0,0.0,0.0
2022-01-26 10:16:43.010856,0.0,0.0,0.0
2022-01-26 10:16:43.505793,0.0,0.0,0.0
2022-01-26 10:16:44.003812,0.0,0.0,0.0
2022-01-26 10:16:44.510646,0.0,0.0,0.0
2022-01-26 10:16:45.008353,0.0,0.0,0.0
2022-01-26 10:16:45.504609,0.0,0.0,0.0
2022-01-26 10:16:46.002361,0.0,0.0,0.0
2022-01-26 10:16:46.507416,0.0,0.0,0.0
2022-01-26 10:16:47.006578,0.0,0.0,0.0
2022-01-26 10:16:47.503852,0.0,0.0,0.0
2022-01-26 10:16:48.001727,0.0,0.0,0.0
2022-01-26 10:16:48.506780,0.0,0.0,0.0
2022-01-26 10:16:49.006337,0.0,0.0,0.0
2022-01-26 10:16:49.501461,0.0,0.0,0.0
2022-01-26 10:16:50.505106,0.0,0.0,0.0
2022-01-26 10:16:51.003764,0.0,0.0,0.0
2022-01-26 10:16:51.509934,0.0,0.0,0.0
2022-01-26 10:16:52.006737,0.0,0.0,0.0
2022-01-26 10:16:52.501629,0.0,0.0,0.0
2022-01-26 10:16:53.010997,0.0,0.0,0.0
2022-01-26 10:16:53.506656,0.0,0.0,0.0
2022-01-26 10:16:54.003258,0.0,0.0,0.0
2022-01-26 10:16:54.509568,0.0,0.0,0.0
2022-01-26 10:16:55.008141,0.0,0.0,0.0
2022-01-26 10:16:55.503875,0.0,0.0,0.0
2022-01-26 10:16:56.001493,0.0,0.0,0.0
2022-01-26 10:16:56.506243,0.0,0.0,0.0
2022-01-26 10:16:57.004514,0.0,0.0,0.0
2022-01-26 10:16:57.509758,0.0,0.0,0.0
2022-01-26 10:16:58.009651,0.0,0.0,0.0
2022-01-26 10:16:58.503123,0.0,0.0,0.0
2022-01-26 10:16:59.010782,0.0,0.0,0.0
2022-01-26 10:16:59.505358,0.0,0.0,0.0
2022-01-26 10:17:00.003053,0.0,0.0,0.0
2022-01-26 10:17:00.503717,0.0,0.0,0.0
2022-01-26 10:17:01.002020,0.0,0.0,0.0
2022-01-26 10:17:01.507796,0.0,0.0,0.0
2022-01-26 10:17:02.006069,0.0,0.0,0.0
2022-01-26 10:17:02.501142,0.0,0.0,0.0
2022-01-26 10:17:03.009255,0.0,0.0,0.0
2022-01-26 10:17:03.505178,0.0,0.0,0.0
2022-01-26 10:17:04.006660,0.0,0.0,0.0
2022-01-26 10:17:04.502274,0.0,0.0,0.0
2022-01-26 10:17:05.010438,0.0,0.0,0.0
2022-01-26 10:17:05.505144,0.0,0.0,0.0
2022-01-26 10:17:06.003631,0.0,0.0,0.0
2022-01-26 10:17:06.500923,0.0,0.0,0.0
2022-01-26 10:17:07.009107,0.0,0.0,0.0
2022-01-26 10:17:07.504502,0.0,0.0,0.0
2022-01-26 10:17:08.004077,0.0,0.0,0.0
2022-01-26 10:17:08.510351,0.0,0.0,0.0
2022-01-26 10:17:09.008548,0.0,0.0,0.0
2022-01-26 10:17:09.503312,0.0,0.0,0.0
2022-01-26 10:17:10.002047,0.0,0.0,0.0
2022-01-26 10:17:10.507669,0.0,0.0,0.0
2022-01-26 10:17:11.001099,0.0,0.0,0.0
2022-01-26 10:17:11.506945,0.0,0.0,0.0
2022-01-26 10:17:12.005112,0.0,0.0,0.0
2022-01-26 10:17:12.509517,0.0,0.0,0.0
2022-01-26 10:17:13.006859,0.0,0.0,0.0
2022-01-26 10:17:13.501659,0.0,0.0,0.0
2022-01-26 10:17:14.010165,0.0,0.0,0.0
2022-01-26 10:17:14.505148,0.0,0.0,0.0
2022-01-26 10:17:15.004215,0.0,0.0,0.0
2022-01-26 10:17:15.510358,0.0,0.0,0.0
2022-01-26 10:17:16.010765,0.0,0.0,0.0
2022-01-26 10:17:16.504731,0.0,0.0,0.0
2022-01-26 10:17:17.002597,0.0,0.0,0.0
2022-01-26 10:17:17.507814,0.0,0.0,0.0
2022-01-26 10:17:18.005752,0.0,0.0,0.0
2022-01-26 10:17:18.501782,0.0,0.0,0.0
2022-01-26 10:17:19.001674,0.0,0.0,0.0
2022-01-26 10:17:19.506807,0.0,0.0,0.0
2022-01-26 10:17:20.005356,0.0,0.0,0.0
2022-01-26 10:17:20.510872,0.0,0.0,0.0
2022-01-26 10:17:21.010001,0.0,0.0,0.0
2022-01-26 10:17:21.504551,0.0,0.0,0.0
2022-01-26 10:17:22.003769,0.0,0.0,0.0
2022-01-26 10:17:22.508727,0.0,0.0,0.0
2022-01-26 10:17:23.007369,0.0,0.0,0.0
2022-01-26 10:17:23.503092,0.0,0.0,0.0
2022-01-26 10:17:24.001125,0.0,0.0,0.0
2022-01-26 10:17:24.507235,0.0,0.0,0.0
2022-01-26 10:17:25.005531,0.0,0.0,0.0
2022-01-26 10:17:25.510238,0.0,0.0,0.0
2022-01-26 10:17:26.008554,0.0,0.0,0.0
2022-01-26 10:17:26.503111,0.0,0.0,0.0
2022-01-26 10:17:27.010249,0.0,0.0,0.0
2022-01-26 10:17:27.504756,0.0,0.0,0.0
2022-01-26 10:17:28.002209,0.0,0.0,0.0
2022-01-26 10:17:28.508952,0.0,0.0,0.0
2022-01-26 10:17:29.007172,0.0,0.0,0.0
2022-01-26 10:17:29.501020,0.0,0.0,0.0
2022-01-26 10:17:30.009026,0.0,0.0,0.0
2022-01-26 10:17:30.503441,0.0,0.0,0.0
2022-01-26 10:17:31.001937,0.0,0.0,0.0
2022-01-26 10:17:31.508440,0.0,0.0,0.0
2022-01-26 10:17:32.010210,0.0,0.0,0.0
2022-01-26 10:17:32.505204,0.0,0.0,0.0
2022-01-26 10:17:33.003710,0.0,0.0,0.0
2022-01-26 10:17:33.501083,0.0,0.0,0.0
2022-01-26 10:17:34.009952,0.0,0.0,0.0
2022-01-26 10:17:34.505044,0.0,0.0,0.0
2022-01-26 10:17:35.004288,0.0,0.0,0.0
2022-01-26 10:17:35.508879,0.0,0.0,0.0
2022-01-26 10:17:36.007345,0.0,0.0,0.0
2022-01-26 10:17:36.503608,0.0,0.0,0.0
2022-01-26 10:17:37.001934,0.0,0.0,0.0
2022-01-26 10:17:37.509747,0.0,0.0,0.0
2022-01-26 10:17:38.008092,0.0,0.0,0.0
2022-01-26 10:17:38.502877,0.0,0.0,0.0
2022-01-26 10:17:39.010765,0.0,0.0,0.0
2022-01-26 10:17:39.505487,0.0,0.0,0.0
2022-01-26 10:17:40.003276,0.0,0.0,0.0
2022-01-26 10:17:40.508544,0.0,0.0,0.0
2022-01-26 10:17:41.006333,0.0,0.0,0.0
2022-01-26 10:17:41.501264,0.0,0.0,0.0
2022-01-26 10:17:42.009192,0.0,0.0,0.0
2022-01-26 10:17:42.505151,0.0,0.0,0.0
2022-01-26 10:17:43.003635,0.0,0.0,0.0
2022-01-26 10:17:43.509948,0.0,0.0,0.0
2022-01-26 10:17:44.008092,0.0,0.0,0.0
2022-01-26 10:17:44.505128,0.0,0.0,0.0
2022-01-26 10:17:45.004721,0.0,0.0,0.0
2022-01-26 10:17:45.510273,0.0,0.0,0.0
2022-01-26 10:17:46.008413,0.0,0.0,0.0
2022-01-26 10:17:46.506176,0.0,0.0,0.0
2022-01-26 10:17:47.004959,0.0,0.0,0.0
2022-01-26 10:17:47.501056,0.0,0.0,0.0
2022-01-26 10:17:48.008685,0.0,0.0,0.0
2022-01-26 10:17:48.502846,0.0,0.0,0.0
2022-01-26 10:17:49.001169,0.0,0.0,0.0
2022-01-26 10:17:49.505040,0.0,0.0,0.0
2022-01-26 10:17:50.002812,0.0,0.0,0.0
2022-01-26 10:17:50.501098,0.0,0.0,0.0
2022-01-26 10:17:51.010634,0.0,0.0,0.0
2022-01-26 10:17:51.506478,0.0,0.0,0.0
2022-01-26 10:17:52.004620,0.0,0.0,0.0
2022-01-26 10:17:52.509404,0.0,0.0,0.0
2022-01-26 10:17:53.003754,0.0,0.0,0.0
2022-01-26 10:17:53.509847,0.0,0.0,0.0
2022-01-26 10:17:54.009231,0.0,0.0,0.0
2022-01-26 10:17:54.504109,0.0,0.0,0.0
2022-01-26 10:17:55.003531,0.0,0.0,0.0
2022-01-26 10:17:55.501493,0.0,0.0,0.0
2022-01-26 10:17:56.009250,0.0,0.0,0.0
2022-01-26 10:17:56.504581,0.0,0.0,0.0
2022-01-26 10:17:57.003878,0.0,0.0,0.0
2022-01-26 10:17:57.508563,0.0,0.0,0.0
2022-01-26 10:17:58.007422,0.0,0.0,0.0
2022-01-26 10:17:58.502033,0.0,0.0,0.0
2022-01-26 10:17:59.009815,0.0,0.0,0.0
2022-01-26 10:17:59.506314,0.0,0.0,0.0
2022-01-26 10:18:00.006993,0.0,0.0,0.0
2022-01-26 10:18:00.508846,0.0,0.0,0.0
2022-01-26 10:18:01.005507,0.0,0.0,0.0
2022-01-26 10:18:01.510812,0.0,0.0,0.0
2022-01-26 10:18:02.008148,0.0,0.0,0.0
2022-01-26 10:18:02.503818,0.0,0.0,0.0
2022-01-26 10:18:03.002952,0.0,0.0,0.0
2022-01-26 10:18:03.509009,0.0,0.0,0.0
2022-01-26 10:18:04.003076,0.0,0.0,0.0
2022-01-26 10:18:04.509019,0.0,0.0,0.0
2022-01-26 10:18:05.006743,0.0,0.0,0.0
2022-01-26 10:18:05.502044,0.0,0.0,0.0
2022-01-26 10:18:06.010236,0.0,0.0,0.0
2022-01-26 10:18:06.506392,0.0,0.0,0.0
2022-01-26 10:18:07.004075,0.0,0.0,0.0
2022-01-26 10:18:07.509539,0.0,0.0,0.0
2022-01-26 10:18:08.008990,0.0,0.0,0.0
2022-01-26 10:18:08.503027,0.0,0.0,0.0
2022-01-26 10:18:09.004041,0.0,0.0,0.0
2022-01-26 10:18:09.508356,0.0,0.0,0.0
2022-01-26 10:18:10.006582,0.0,0.0,0.0
2022-01-26 10:18:10.500550,0.0,0.0,0.0
2022-01-26 10:18:11.005369,0.0,0.0,0.0
2022-01-26 10:18:11.501281,0.0,0.0,0.0
2022-01-26 10:18:12.009960,0.0,0.0,0.0
2022-01-26 10:18:12.507764,0.0,0.0,0.0
2022-01-26 10:18:13.005085,0.0,0.0,0.0
2022-01-26 10:18:13.510834,0.0,0.0,0.0
2022-01-26 10:18:14.010124,0.0,0.0,0.0
2022-01-26 10:18:14.507263,0.0,0.0,0.0
2022-01-26 10:18:15.006428,0.0,0.0,0.0
2022-01-26 10:18:15.501742,0.0,0.0,0.0
2022-01-26 10:18:16.009933,0.0,0.0,0.0
2022-01-26 10:18:16.504845,0.0,0.0,0.0
2022-01-26 10:18:17.005673,0.0,0.0,0.0
2022-01-26 10:18:17.511099,0.0,0.0,0.0
2022-01-26 10:18:18.009672,0.0,0.0,0.0
2022-01-26 10:18:18.504846,0.0,0.0,0.0
2022-01-26 10:18:19.004065,0.0,0.0,0.0
2022-01-26 10:18:19.509189,0.0,0.0,0.0
2022-01-26 10:18:20.006560,0.0,0.0,0.0
2022-01-26 10:18:20.502305,0.0,0.0,0.0
2022-01-26 10:18:21.008535,0.0,0.0,0.0
2022-01-26 10:18:21.507297,0.0,0.0,0.0
2022-01-26 10:18:22.004618,0.0,0.0,0.0
2022-01-26 10:18:22.510344,0.0,0.0,0.0
2022-01-26 10:18:23.008157,0.0,0.0,0.0
2022-01-26 10:18:23.503139,0.0,0.0,0.0
2022-01-26 10:18:24.001358,0.0,0.0,0.0
2022-01-26 10:18:24.507175,0.0,0.0,0.0
2022-01-26 10:18:25.003759,0.0,0.0,0.0
2022-01-26 10:18:25.508942,0.0,0.0,0.0
2022-01-26 10:18:26.007041,0.0,0.0,0.0
2022-01-26 10:18:26.501496,0.0,0.0,0.0
2022-01-26 10:18:27.009864,0.0,0.0,0.0
2022-01-26 10:18:27.504326,0.0,0.0,0.0
2022-01-26 10:18:28.002486,0.0,0.0,0.0
2022-01-26 10:18:28.507011,0.0,0.0,0.0
2022-01-26 10:18:29.009620,0.0,0.0,0.0
2022-01-26 10:18:29.504751,0.0,0.0,0.0
2022-01-26 10:18:30.002053,0.0,0.0,0.0
2022-01-26 10:18:30.505813,0.0,0.0,0.0
2022-01-26 10:18:31.003288,0.0,0.0,0.0
2022-01-26 10:18:31.507864,0.0,0.0,0.0
2022-01-26 10:18:32.006261,0.0,0.0,0.0
2022-01-26 10:18:32.501013,0.0,0.0,0.0
2022-01-26 10:18:33.010185,0.0,0.0,0.0
2022-01-26 10:18:33.505033,0.0,0.0,0.0
2022-01-26 10:18:34.003267,0.0,0.0,0.0
2022-01-26 10:18:34.508124,0.0,0.0,0.0
2022-01-26 10:18:35.007033,0.0,0.0,0.0
2022-01-26 10:18:35.502577,0.0,0.0,0.0
2022-01-26 10:18:36.001418,0.0,0.0,0.0
2022-01-26 10:18:36.506502,0.0,0.0,0.0
2022-01-26 10:18:37.004516,0.0,0.0,0.0
2022-01-26 10:18:37.510840,0.0,0.0,0.0
2022-01-26 10:18:38.009307,0.0,0.0,0.0
2022-01-26 10:18:38.505239,0.0,0.0,0.0
2022-01-26 10:18:39.003160,0.0,0.0,0.0
2022-01-26 10:18:39.508927,0.0,0.0,0.0
2022-01-26 10:18:40.007303,0.0,0.0,0.0
2022-01-26 10:18:40.503204,0.0,0.0,0.0
2022-01-26 10:18:41.002331,0.0,0.0,0.0
2022-01-26 10:18:41.507981,0.0,0.0,0.0
2022-01-26 10:18:42.005821,0.0,0.0,0.0
2022-01-26 10:18:42.501488,0.0,0.0,0.0
2022-01-26 10:18:43.011140,0.0,0.0,0.0
2022-01-26 10:18:43.506316,0.0,0.0,0.0
2022-01-26 10:18:44.004019,0.0,0.0,0.0
2022-01-26 10:18:44.510106,0.0,0.0,0.0
2022-01-26 10:18:45.007824,0.0,0.0,0.0
2022-01-26 10:18:45.504122,0.0,0.0,0.0
2022-01-26 10:18:46.002024,0.0,0.0,0.0
2022-01-26 10:18:46.510623,0.0,0.0,0.0
2022-01-26 10:18:47.009032,0.0,0.0,0.0
2022-01-26 10:18:47.504512,0.0,0.0,0.0
2022-01-26 10:18:48.001299,0.0,0.0,0.0
2022-01-26 10:18:48.506366,0.0,0.0,0.0
2022-01-26 10:18:49.005345,0.0,0.0,0.0
2022-01-26 10:18:49.501312,0.0,0.0,0.0
2022-01-26 10:18:50.009135,0.0,0.0,0.0
2022-01-26 10:18:50.504853,0.0,0.0,0.0
2022-01-26 10:18:51.002284,0.0,0.0,0.0
2022-01-26 10:18:51.508574,0.0,0.0,0.0
2022-01-26 10:18:52.007055,0.0,0.0,0.0
2022-01-26 10:18:52.501568,0.0,0.0,0.0
2022-01-26 10:18:53.009739,0.0,0.0,0.0
2022-01-26 10:18:53.506677,0.0,0.0,0.0
2022-01-26 10:18:54.003762,0.0,0.0,0.0
2022-01-26 10:18:54.508776,0.0,0.0,0.0
2022-01-26 10:18:55.005901,0.0,0.0,0.0
2022-01-26 10:18:55.510303,0.0,0.0,0.0
2022-01-26 10:18:56.007396,0.0,0.0,0.0
2022-01-26 10:18:56.502357,0.0,0.0,0.0
2022-01-26 10:18:57.009479,0.0,0.0,0.0
2022-01-26 10:18:57.506884,0.0,0.0,0.0
2022-01-26 10:18:58.005343,0.0,0.0,0.0
2022-01-26 10:18:58.511004,0.0,0.0,0.0
2022-01-26 10:18:59.010061,0.0,0.0,0.0
2022-01-26 10:18:59.505080,0.0,0.0,0.0
2022-01-26 10:19:00.002655,0.0,0.0,0.0
2022-01-26 10:19:00.508003,0.0,0.0,0.0
2022-01-26 10:19:01.006913,0.0,0.0,0.0
2022-01-26 10:19:01.502187,0.0,0.0,0.0
2022-01-26 10:19:02.009733,0.0,0.0,0.0
2022-01-26 10:19:02.503299,0.0,0.0,0.0
2022-01-26 10:19:03.002501,0.0,0.0,0.0
2022-01-26 10:19:03.507687,0.0,0.0,0.0
2022-01-26 10:19:04.005061,0.0,0.0,0.0
2022-01-26 10:19:04.510027,0.0,0.0,0.0
2022-01-26 10:19:05.007543,0.0,0.0,0.0
2022-01-26 10:19:05.502457,0.0,0.0,0.0
2022-01-26 10:19:06.001086,0.0,0.0,0.0
2022-01-26 10:19:06.505788,0.0,0.0,0.0
2022-01-26 10:19:07.002357,0.0,0.0,0.0
2022-01-26 10:19:07.507539,0.0,0.0,0.0
2022-01-26 10:19:08.005172,0.0,0.0,0.0
2022-01-26 10:19:08.510022,0.0,0.0,0.0
2022-01-26 10:19:09.008197,0.0,0.0,0.0
2022-01-26 10:19:09.503053,0.0,0.0,0.0
2022-01-26 10:19:10.003413,0.0,0.0,0.0
2022-01-26 10:19:10.509234,0.0,0.0,0.0
2022-01-26 10:19:11.004810,0.0,0.0,0.0
2022-01-26 10:19:11.509118,0.0,0.0,0.0
2022-01-26 10:19:12.008454,0.0,0.0,0.0
2022-01-26 10:19:12.504602,0.0,0.0,0.0
2022-01-26 10:19:13.006795,0.0,0.0,0.0
2022-01-26 10:19:13.501056,0.0,0.0,0.0
2022-01-26 10:19:14.006250,0.0,0.0,0.0
2022-01-26 10:19:14.503300,0.0,0.0,0.0
2022-01-26 10:19:15.000990,0.0,0.0,0.0
2022-01-26 10:19:15.504989,0.0,0.0,0.0
2022-01-26 10:19:16.002317,0.0,0.0,0.0
2022-01-26 10:19:16.509098,0.0,0.0,0.0
2022-01-26 10:19:17.007779,0.0,0.0,0.0
2022-01-26 10:19:17.502198,0.0,0.0,0.0
2022-01-26 10:19:18.001893,0.0,0.0,0.0
2022-01-26 10:19:18.507597,0.0,0.0,0.0
2022-01-26 10:19:19.007010,0.0,0.0,0.0
2022-01-26 10:19:19.507470,0.0,0.0,0.0
2022-01-26 10:19:20.004010,0.0,0.0,0.0
2022-01-26 10:19:20.509518,0.0,0.0,0.0
2022-01-26 10:19:21.007638,0.0,0.0,0.0
2022-01-26 10:19:21.502753,0.0,0.0,0.0
2022-01-26 10:19:22.009272,0.0,0.0,0.0
2022-01-26 10:19:22.503303,0.0,0.0,0.0
2022-01-26 10:19:23.002291,0.0,0.0,0.0
2022-01-26 10:19:23.509977,0.0,0.0,0.0
2022-01-26 10:19:24.006731,0.0,0.0,0.0
2022-01-26 10:19:24.510992,0.0,0.0,0.0
2022-01-26 10:19:25.009361,0.0,0.0,0.0
2022-01-26 10:19:25.503051,0.0,0.0,0.0
2022-01-26 10:19:26.002279,0.0,0.0,0.0
2022-01-26 10:19:26.507231,0.0,0.0,0.0
2022-01-26 10:19:27.007807,0.0,0.0,0.0
2022-01-26 10:19:28.005096,0.0,0.0,0.0
2022-01-26 10:19:28.500999,0.0,0.0,0.0
2022-01-26 10:19:29.010797,0.0,0.0,0.0
2022-01-26 10:19:29.506137,0.0,0.0,0.0
2022-01-26 10:19:30.005318,0.0,0.0,0.0
2022-01-26 10:19:30.510697,0.0,0.0,0.0
2022-01-26 10:19:31.008656,0.0,0.0,0.0
2022-01-26 10:19:31.505735,0.0,0.0,0.0
2022-01-26 10:19:32.007370,0.0,0.0,0.0
2022-01-26 10:19:32.504625,0.0,0.0,0.0
2022-01-26 10:19:33.003193,0.0,0.0,0.0
2022-01-26 10:19:33.508749,0.0,0.0,0.0
2022-01-26 10:19:34.008135,0.0,0.0,0.0
2022-01-26 10:19:34.504679,0.0,0.0,0.0
2022-01-26 10:19:35.003222,0.0,0.0,0.0
2022-01-26 10:19:35.509824,0.0,0.0,0.0
2022-01-26 10:19:36.007607,0.0,0.0,0.0
2022-01-26 10:19:36.509898,0.0,0.0,0.0
2022-01-26 10:19:37.006860,0.0,0.0,0.0
2022-01-26 10:19:37.505030,0.0,0.0,0.0
2022-01-26 10:19:38.001796,0.0,0.0,0.0
2022-01-26 10:19:38.507510,0.0,0.0,0.0
2022-01-26 10:19:39.005001,0.0,0.0,0.0
2022-01-26 10:19:39.501538,0.0,0.0,0.0
2022-01-26 10:19:40.010763,0.0,0.0,0.0
2022-01-26 10:19:40.505683,0.0,0.0,0.0
2022-01-26 10:19:41.005871,0.0,0.0,0.0
2022-01-26 10:19:42.005891,0.0,0.0,0.0
2022-01-26 10:19:42.501713,0.0,0.0,0.0
2022-01-26 10:19:43.010509,0.0,0.0,0.0
2022-01-26 10:19:43.505819,0.0,0.0,0.0
2022-01-26 10:19:44.008146,0.0,0.0,0.0
2022-01-26 10:19:44.502968,0.0,0.0,0.0
2022-01-26 10:19:45.010724,0.0,0.0,0.0
2022-01-26 10:19:45.505351,0.0,0.0,0.0
2022-01-26 10:19:46.003551,0.0,0.0,0.0
2022-01-26 10:19:46.506642,0.0,0.0,0.0
2022-01-26 10:19:47.005991,0.0,0.0,0.0
2022-01-26 10:19:47.501918,0.0,0.0,0.0
2022-01-26 10:19:48.001446,0.0,0.0,0.0
2022-01-26 10:19:48.507852,0.0,0.0,0.0
2022-01-26 10:19:49.006652,0.0,0.0,0.0
2022-01-26 10:19:49.501749,0.0,0.0,0.0
2022-01-26 10:19:50.009563,0.0,0.0,0.0
2022-01-26 10:19:50.506790,0.0,0.0,0.0
2022-01-26 10:19:51.006226,0.0,0.0,0.0
2022-01-26 10:19:51.502903,0.0,0.0,0.0
2022-01-26 10:19:52.002660,0.0,0.0,-0.03864
2022-01-26 10:19:52.506978,0.0,0.0,-0.03864
2022-01-26 10:19:53.005762,0.0,0.0,0.0
2022-01-26 10:19:53.510655,0.0,0.0,0.0
2022-01-26 10:19:54.008198,0.0,0.0,0.0
2022-01-26 10:19:54.503613,0.0,0.0,0.0
2022-01-26 10:19:55.003464,0.0,0.0,-0.03864
2022-01-26 10:19:55.507799,0.0,0.0,-0.03864
2022-01-26 10:19:56.005666,0.0,0.0,-0.03864
2022-01-26 10:19:56.510801,0.0,0.0,-0.03864
2022-01-26 10:19:57.008736,0.0,0.0,0.0
2022-01-26 10:19:57.503522,0.0,0.0,0.0
2022-01-26 10:19:58.001507,0.0,0.0,0.0
2022-01-26 10:19:58.506162,0.0,0.0,0.0
2022-01-26 10:19:59.005498,0.0,0.0,0.0
2022-01-26 10:19:59.510307,0.0,0.0,0.0
2022-01-26 10:20:00.001962,0.0,0.0,0.0
2022-01-26 10:20:00.509093,0.0,0.0,0.0
2022-01-26 10:20:01.006085,0.0,0.0,0.0
2022-01-26 10:20:01.501435,0.0,0.0,0.0
2022-01-26 10:20:02.009887,0.0,0.0,0.0
2022-01-26 10:20:02.504227,0.0,0.0,0.0
2022-01-26 10:20:03.001700,0.0,0.0,0.0
2022-01-26 10:20:03.506925,0.0,0.0,0.0
2022-01-26 10:20:04.004489,0.0,0.0,0.0
2022-01-26 10:20:04.509719,0.0,0.0,0.0
2022-01-26 10:20:05.009110,0.0,0.0,0.0
2022-01-26 10:20:05.503279,0.0,0.0,0.0
2022-01-26 10:20:06.001304,0.0,0.0,0.0
2022-01-26 10:20:06.506752,0.0,0.0,0.0
2022-01-26 10:20:07.005484,0.0,0.0,0.0
2022-01-26 10:20:07.501072,0.0,0.0,0.0
2022-01-26 10:20:08.009175,0.0,0.0,0.0
2022-01-26 10:20:08.504181,0.0,0.0,0.0
2022-01-26 10:20:09.001966,0.0,0.0,0.0
2022-01-26 10:20:09.507658,0.0,0.0,0.0
2022-01-26 10:20:10.006760,0.0,0.0,0.0
2022-01-26 10:20:10.501353,0.0,0.0,0.0
2022-01-26 10:20:11.005913,0.0,0.0,0.0
2022-01-26 10:20:11.502175,0.0,0.0,0.0
2022-01-26 10:20:12.010634,0.0,0.0,0.0
2022-01-26 10:20:12.504486,0.0,0.0,0.0
2022-01-26 10:20:13.002120,0.0,0.0,0.0
2022-01-26 10:20:13.506623,0.0,0.0,0.0
2022-01-26 10:20:14.004128,0.0,0.0,0.0
2022-01-26 10:20:14.510366,0.0,0.0,0.0
2022-01-26 10:20:15.007956,0.0,0.0,0.0
2022-01-26 10:20:15.503918,0.0,0.0,0.0
2022-01-26 10:20:16.001067,0.0,0.0,0.0
2022-01-26 10:20:16.505696,0.0,0.0,0.0
2022-01-26 10:20:17.002337,0.0,0.0,0.0
2022-01-26 10:20:17.505529,0.0,0.0,0.0
2022-01-26 10:20:18.003397,0.0,0.0,0.0
2022-01-26 10:20:18.511126,0.0,0.0,0.0
2022-01-26 10:20:19.009125,0.0,0.0,0.0
2022-01-26 10:20:19.503817,0.0,0.0,0.0
2022-01-26 10:20:20.003395,0.0,0.0,0.0
2022-01-26 10:20:20.508697,0.0,0.0,0.0
2022-01-26 10:20:21.006307,0.0,0.0,0.0
2022-01-26 10:20:21.510646,0.0,0.0,0.0
2022-01-26 10:20:22.010445,0.0,0.0,0.0
2022-01-26 10:20:22.502936,0.0,0.0,0.0
2022-01-26 10:20:23.002609,0.0,0.0,0.0
2022-01-26 10:20:23.508566,0.0,0.0,0.0
2022-01-26 10:20:24.009208,0.0,0.0,0.0
2022-01-26 10:20:24.502554,0.0,0.0,0.0
2022-01-26 10:20:25.003274,0.0,0.0,0.0
2022-01-26 10:20:25.510098,0.0,0.0,0.0
2022-01-26 10:20:26.007290,0.0,0.0,0.0
2022-01-26 10:20:26.503567,0.0,0.0,0.0
2022-01-26 10:20:27.001877,0.0,0.0,0.0
2022-01-26 10:20:27.501155,0.0,0.0,0.0
2022-01-26 10:20:28.009297,0.0,0.0,0.0
2022-01-26 10:20:28.504606,0.0,0.0,0.0
2022-01-26 10:20:29.002291,0.0,0.0,0.0
2022-01-26 10:20:29.508683,0.0,0.0,0.0
2022-01-26 10:20:30.006890,0.0,0.0,0.0
2022-01-26 10:20:30.500917,0.0,0.0,0.0
2022-01-26 10:20:31.008953,0.0,0.0,0.0
2022-01-26 10:20:31.505078,0.0,0.0,0.0
2022-01-26 10:20:32.004872,0.0,0.0,0.0
2022-01-26 10:20:32.502764,0.0,0.0,0.0
2022-01-26 10:20:33.009986,0.0,0.0,0.0
2022-01-26 10:20:33.506054,0.0,0.0,0.0
2022-01-26 10:20:34.002784,0.0,0.0,0.0
2022-01-26 10:20:34.507129,0.0,0.0,0.0
2022-01-26 10:20:35.006096,0.0,0.0,0.0
2022-01-26 10:20:35.504902,0.0,0.0,0.0
2022-01-26 10:20:36.002876,0.0,0.0,0.0
2022-01-26 10:20:36.508935,0.0,0.0,0.0
2022-01-26 10:20:37.008064,0.0,0.0,0.0
2022-01-26 10:20:37.510516,0.0,0.0,0.0
2022-01-26 10:20:38.008384,0.0,0.0,0.0
2022-01-26 10:20:38.502710,0.0,0.0,0.0
2022-01-26 10:20:39.001550,0.0,0.0,0.0
2022-01-26 10:20:39.509841,0.0,0.0,0.0
2022-01-26 10:20:40.009055,0.0,0.0,0.0
2022-01-26 10:20:40.508729,0.0,0.0,0.0
2022-01-26 10:20:41.008230,0.0,0.0,0.0
2022-01-26 10:20:41.503796,0.0,0.0,0.0
2022-01-26 10:20:42.001371,0.0,0.0,0.0
2022-01-26 10:20:42.510214,0.0,0.0,0.0
2022-01-26 10:20:43.008070,0.0,0.0,0.0
2022-01-26 10:20:43.503940,0.0,0.0,0.0
2022-01-26 10:20:44.002381,0.0,0.0,0.0
2022-01-26 10:20:44.507644,0.0,0.0,0.0
2022-01-26 10:20:45.004301,0.0,0.0,0.0
2022-01-26 10:20:45.509849,0.0,0.0,0.0
2022-01-26 10:20:46.009555,0.0,0.0,0.0
2022-01-26 10:20:46.504333,0.0,0.0,0.0
2022-01-26 10:20:47.003627,0.0,0.0,0.0
2022-01-26 10:20:47.508603,0.0,0.0,0.0
2022-01-26 10:20:48.005896,0.0,0.0,0.0
2022-01-26 10:20:48.510148,0.0,0.0,0.0
2022-01-26 10:20:49.008229,0.0,0.0,0.0
2022-01-26 10:20:49.502298,0.0,0.0,0.0
2022-01-26 10:20:50.010858,0.0,0.0,0.0
2022-01-26 10:20:50.505931,0.0,0.0,0.0
2022-01-26 10:20:51.003636,0.0,0.0,0.0
2022-01-26 10:20:51.510774,0.0,0.0,0.0
2022-01-26 10:20:52.009377,0.0,0.0,0.0
2022-01-26 10:20:52.504957,0.0,0.0,0.0
2022-01-26 10:20:53.003451,0.0,0.0,0.0
2022-01-26 10:20:53.509520,0.0,0.0,0.0
2022-01-26 10:20:54.009475,0.0,0.0,0.0
2022-01-26 10:20:54.506631,0.0,0.0,0.0
2022-01-26 10:20:55.006086,0.0,0.0,0.0
2022-01-26 10:20:55.510817,0.0,0.0,0.0
2022-01-26 10:20:56.008401,0.0,0.0,0.0
2022-01-26 10:20:56.503760,0.0,0.0,0.0
2022-01-26 10:20:57.002624,0.0,0.0,0.0
2022-01-26 10:20:57.507455,0.0,0.0,0.0
2022-01-26 10:20:58.006907,0.0,0.0,0.0
2022-01-26 10:20:58.501794,0.0,0.0,0.0
2022-01-26 10:20:59.010381,0.0,0.0,0.0
2022-01-26 10:20:59.506353,0.0,0.0,0.0
2022-01-26 10:21:00.005107,0.0,0.0,0.0
2022-01-26 10:21:00.507010,0.0,0.0,0.0
2022-01-26 10:21:01.004808,0.0,0.0,0.0
2022-01-26 10:21:01.503948,0.0,0.0,0.0
2022-01-26 10:21:02.003680,0.0,0.0,0.0
2022-01-26 10:21:02.509409,0.0,0.0,0.0
2022-01-26 10:21:03.009678,0.0,0.0,0.0
2022-01-26 10:21:03.506207,0.0,0.0,0.0
2022-01-26 10:21:04.006118,0.0,0.0,0.0
2022-01-26 10:21:04.501570,0.0,0.0,0.0
2022-01-26 10:21:05.505770,0.0,0.0,0.0
2022-01-26 10:21:06.003680,0.0,0.0,0.0
2022-01-26 10:21:06.507408,0.0,0.0,0.0
2022-01-26 10:21:07.005547,0.0,0.0,0.0
2022-01-26 10:21:07.509916,0.0,0.0,0.0
2022-01-26 10:21:08.008999,0.0,0.0,0.0
2022-01-26 10:21:08.503406,0.0,0.0,0.0
2022-01-26 10:21:09.001755,0.0,0.0,0.0
2022-01-26 10:21:09.509056,0.0,0.0,0.0
2022-01-26 10:21:10.006663,0.0,0.0,0.0
2022-01-26 10:21:10.502519,0.0,0.0,0.0
2022-01-26 10:21:11.005899,0.0,0.0,0.0
2022-01-26 10:21:12.005699,0.0,0.0,0.0
2022-01-26 10:21:12.501307,0.0,0.0,0.0
2022-01-26 10:21:13.009647,0.0,0.0,0.0
2022-01-26 10:21:13.507432,0.0,0.0,0.0
2022-01-26 10:21:14.006483,0.0,0.0,0.0
2022-01-26 10:21:14.501832,0.0,0.0,0.0
2022-01-26 10:21:15.009730,0.0,0.0,0.0
2022-01-26 10:21:15.505825,0.0,0.0,0.0
2022-01-26 10:21:16.003323,0.0,0.0,0.0
2022-01-26 10:21:16.509154,0.0,0.0,0.0
2022-01-26 10:21:17.005932,0.0,0.0,0.0
2022-01-26 10:21:17.502329,0.0,0.0,0.0
2022-01-26 10:21:18.004618,0.0,0.0,0.0
2022-01-26 10:21:18.504642,0.0,0.0,0.0
2022-01-26 10:21:19.002585,0.0,0.0,0.0
2022-01-26 10:21:19.506963,0.0,0.0,0.0
2022-01-26 10:21:20.005190,0.0,0.0,0.0
2022-01-26 10:21:20.510024,0.0,0.0,0.0
2022-01-26 10:21:21.008846,0.0,0.0,0.0
2022-01-26 10:21:21.504074,0.0,0.0,0.0
2022-01-26 10:21:22.006487,0.0,0.0,0.0
2022-01-26 10:21:22.501487,0.0,0.0,0.0
2022-01-26 10:21:23.010446,0.0,0.0,0.0
2022-01-26 10:21:23.508957,0.0,0.0,0.0
2022-01-26 10:21:24.006576,0.0,0.0,0.0
2022-01-26 10:21:24.501312,0.0,0.0,0.0
2022-01-26 10:21:25.009530,0.0,0.0,0.0
2022-01-26 10:21:25.505759,0.0,0.0,0.0
2022-01-26 10:21:26.004532,0.0,0.0,0.0
2022-01-26 10:21:26.501820,0.0,0.0,0.0
2022-01-26 10:21:27.010679,0.0,0.0,0.0
2022-01-26 10:21:27.505127,0.0,0.0,0.0
2022-01-26 10:21:28.002877,0.0,0.0,0.0
2022-01-26 10:21:28.507879,0.0,0.0,0.0
2022-01-26 10:21:29.003016,0.0,0.0,0.0
2022-01-26 10:21:29.509076,0.0,0.0,0.0
2022-01-26 10:21:30.006739,0.0,0.0,0.0
2022-01-26 10:21:30.502262,0.0,0.0,0.0
2022-01-26 10:21:31.001456,0.0,0.0,0.0
