時間,回転１,回転２,回転３
2022-01-26 12:00:00.005738,0.0,0.0,0.0
2022-01-26 12:00:00.500642,0.0,0.0,0.0
2022-01-26 12:00:01.008629,0.0,0.0,0.0
2022-01-26 12:00:01.503800,0.0,0.0,0.0
2022-01-26 12:00:02.002958,0.0,0.0,0.0
2022-01-26 12:00:02.508423,0.0,0.0,0.0
2022-01-26 12:00:03.003245,0.0,0.0,0.0
2022-01-26 12:00:04.004699,0.0,0.0,0.0
2022-01-26 12:00:04.510751,0.0,0.0,0.0
2022-01-26 12:00:05.008920,0.0,0.0,0.0
2022-01-26 12:00:05.501993,0.0,0.0,0.0
2022-01-26 12:00:06.009436,0.0,0.0,0.0
2022-01-26 12:00:06.504415,0.0,0.0,0.0
2022-01-26 12:00:07.001889,0.0,0.0,0.0
2022-01-26 12:00:07.507252,0.0,0.0,0.0
2022-01-26 12:00:08.006275,0.0,0.0,0.0
2022-01-26 12:00:08.501354,0.0,0.0,0.0
2022-01-26 12:00:09.009264,0.0,0.0,0.0
2022-01-26 12:00:09.503705,0.0,0.0,0.0
2022-01-26 12:00:10.009371,0.0,0.0,0.0
2022-01-26 12:00:10.506106,0.0,0.0,0.0
2022-01-26 12:00:11.003933,0.0,0.0,0.0
2022-01-26 12:00:11.501272,0.0,0.0,0.0
2022-01-26 12:00:12.010872,0.0,0.0,0.0
2022-01-26 12:00:12.506961,0.0,0.0,0.0
2022-01-26 12:00:13.004992,0.0,0.0,0.0
2022-01-26 12:00:13.510151,0.0,0.0,0.0
2022-01-26 12:00:14.007444,0.0,0.0,0.0
2022-01-26 12:00:14.502432,0.0,0.0,0.0
2022-01-26 12:00:15.009841,0.0,0.0,0.0
2022-01-26 12:00:15.504306,0.0,0.0,0.0
2022-01-26 12:00:16.001969,0.0,0.0,0.0
2022-01-26 12:00:16.507047,0.0,0.0,0.0
2022-01-26 12:00:17.006809,0.0,0.0,0.0
2022-01-26 12:00:18.005097,0.0,0.0,0.0
2022-01-26 12:00:18.509800,0.0,0.0,0.0
2022-01-26 12:00:19.006669,0.0,0.0,0.0
2022-01-26 12:00:19.501893,0.0,0.0,0.0
2022-01-26 12:00:20.009726,0.0,0.0,0.0
2022-01-26 12:00:20.505362,0.0,0.0,0.0
2022-01-26 12:00:21.002980,0.0,0.0,0.0
2022-01-26 12:00:21.508488,0.0,0.0,0.0
2022-01-26 12:00:22.006180,0.0,0.0,0.0
2022-01-26 12:00:22.502358,0.0,0.0,0.0
2022-01-26 12:00:23.009322,0.0,0.0,0.0
2022-01-26 12:00:23.503423,0.0,0.0,0.0
2022-01-26 12:00:24.002305,0.0,0.0,0.0
2022-01-26 12:00:24.506752,0.0,0.0,0.0
2022-01-26 12:00:25.005679,0.0,0.0,0.0
2022-01-26 12:00:25.501289,0.0,0.0,0.0
2022-01-26 12:00:26.505201,0.0,0.0,0.0
2022-01-26 12:00:27.006686,0.0,0.0,0.0
2022-01-26 12:00:27.505188,0.0,0.0,0.0
2022-01-26 12:00:28.006725,0.0,0.0,0.0
2022-01-26 12:00:28.508186,0.0,0.0,0.0
2022-01-26 12:00:29.007026,0.0,0.0,0.0
2022-01-26 12:00:29.506782,0.0,0.0,0.0
2022-01-26 12:00:30.003781,0.0,0.0,0.0
2022-01-26 12:00:30.509083,0.0,0.0,0.0
2022-01-26 12:00:31.007175,0.0,0.0,0.0
2022-01-26 12:00:31.503976,0.0,0.0,0.0
2022-01-26 12:00:32.001224,0.0,0.0,0.0
2022-01-26 12:00:32.505420,0.0,0.0,0.0
2022-01-26 12:00:33.003107,0.0,0.0,0.0
2022-01-26 12:00:33.508225,0.0,0.0,0.0
2022-01-26 12:00:34.004374,0.0,0.0,0.0
2022-01-26 12:00:34.509487,0.0,0.0,0.0
2022-01-26 12:00:35.010342,0.0,0.0,0.0
2022-01-26 12:00:35.505012,0.0,0.0,0.0
2022-01-26 12:00:36.003137,0.0,0.0,0.0
2022-01-26 12:00:36.507366,0.0,0.0,0.0
2022-01-26 12:00:37.005960,0.0,0.0,0.0
2022-01-26 12:00:37.502295,0.0,0.0,0.0
2022-01-26 12:00:38.009483,0.0,0.0,0.0
2022-01-26 12:00:38.502393,0.0,0.0,0.0
2022-01-26 12:00:39.010742,0.0,0.0,0.0
2022-01-26 12:00:39.506192,0.0,0.0,0.0
2022-01-26 12:00:40.005110,0.0,0.0,0.0
2022-01-26 12:00:40.510280,0.0,0.0,0.0
2022-01-26 12:00:41.006642,0.0,0.0,0.0
2022-01-26 12:00:41.501015,0.0,0.0,0.0
2022-01-26 12:00:42.008475,0.0,0.0,0.0
2022-01-26 12:00:42.504702,0.0,0.0,0.0
2022-01-26 12:00:43.003285,0.0,0.0,0.0
2022-01-26 12:00:43.508201,0.0,0.0,0.0
2022-01-26 12:00:44.001520,0.0,0.0,0.0
2022-01-26 12:00:44.507773,0.0,0.0,0.0
2022-01-26 12:00:45.004292,0.0,0.0,0.0
2022-01-26 12:00:45.508553,0.0,0.0,0.0
2022-01-26 12:00:46.006548,0.0,0.0,0.0
2022-01-26 12:00:46.501872,0.0,0.0,0.0
2022-01-26 12:00:47.009251,0.0,0.0,0.0
2022-01-26 12:00:47.503482,0.0,0.0,0.0
2022-01-26 12:00:48.002332,0.0,0.0,0.0
2022-01-26 12:00:48.506139,0.0,0.0,0.0
2022-01-26 12:00:49.003393,0.0,0.0,0.0
2022-01-26 12:00:49.510631,0.0,0.0,0.0
2022-01-26 12:00:50.009891,0.0,0.0,0.0
2022-01-26 12:00:50.503168,0.0,0.0,0.0
2022-01-26 12:00:51.001123,0.0,0.0,0.0
2022-01-26 12:00:51.504410,0.0,0.0,0.0
2022-01-26 12:00:52.002560,0.0,0.0,0.0
2022-01-26 12:00:52.506310,0.0,0.0,0.0
2022-01-26 12:00:53.003986,0.0,0.0,0.0
2022-01-26 12:00:53.502067,0.0,0.0,0.0
2022-01-26 12:00:54.009077,0.0,0.0,0.0
2022-01-26 12:00:54.503807,0.0,0.0,0.0
2022-01-26 12:00:55.001864,0.0,0.0,0.0
2022-01-26 12:00:55.505705,0.0,0.0,0.0
2022-01-26 12:00:56.004338,0.0,0.0,0.0
2022-01-26 12:00:56.505837,0.0,0.0,0.0
2022-01-26 12:00:57.007359,0.0,0.0,0.0
2022-01-26 12:00:57.507606,0.0,0.0,0.0
2022-01-26 12:00:58.004890,0.0,0.0,0.0
2022-01-26 12:00:58.509969,0.0,0.0,0.0
2022-01-26 12:00:59.007529,0.0,0.0,0.0
2022-01-26 12:00:59.510774,0.0,0.0,0.0
2022-01-26 12:01:00.005420,0.0,0.0,0.0
2022-01-26 12:01:00.510826,0.0,0.0,0.0
2022-01-26 12:01:01.001427,0.0,0.0,0.0
2022-01-26 12:01:01.507857,0.0,0.0,0.0
2022-01-26 12:01:02.007109,0.0,0.0,0.0
2022-01-26 12:01:02.502366,0.0,0.0,0.0
2022-01-26 12:01:03.001878,0.0,0.0,0.0
2022-01-26 12:01:03.506404,0.0,0.0,0.0
2022-01-26 12:01:04.010325,0.0,0.0,0.0
2022-01-26 12:01:04.504910,0.0,0.0,0.0
2022-01-26 12:01:05.003603,0.0,0.0,0.0
2022-01-26 12:01:05.508387,0.0,0.0,0.0
2022-01-26 12:01:06.007350,0.0,0.0,0.0
2022-01-26 12:01:06.503372,0.0,0.0,0.0
2022-01-26 12:01:07.003754,0.0,0.0,0.0
2022-01-26 12:01:07.508289,0.0,0.0,0.0
2022-01-26 12:01:08.006069,0.0,0.0,0.0
2022-01-26 12:01:08.510512,0.0,0.0,0.0
2022-01-26 12:01:09.007714,0.0,0.0,0.0
2022-01-26 12:01:09.503711,0.0,0.0,0.0
2022-01-26 12:01:10.002944,0.0,0.0,0.0
2022-01-26 12:01:10.510479,0.0,0.0,0.0
2022-01-26 12:01:11.005234,0.0,0.0,0.0
2022-01-26 12:01:11.508622,0.0,0.0,0.0
2022-01-26 12:01:12.006301,0.0,0.0,0.0
2022-01-26 12:01:12.501225,0.0,0.0,0.0
2022-01-26 12:01:13.008355,0.0,0.0,0.0
2022-01-26 12:01:13.503142,0.0,0.0,0.0
2022-01-26 12:01:14.504661,0.0,0.0,0.0
2022-01-26 12:01:15.001472,0.0,0.0,0.0
2022-01-26 12:01:15.506670,0.0,0.0,0.0
2022-01-26 12:01:16.004944,0.0,0.0,0.0
2022-01-26 12:01:16.510892,0.0,0.0,0.0
2022-01-26 12:01:17.009354,0.0,0.0,0.0
2022-01-26 12:01:17.505097,0.0,0.0,0.0
2022-01-26 12:01:18.002453,0.0,0.0,0.0
2022-01-26 12:01:18.507942,0.0,0.0,0.0
2022-01-26 12:01:19.005418,0.0,0.0,0.0
2022-01-26 12:01:19.509773,0.0,0.0,0.0
2022-01-26 12:01:20.006628,0.0,0.0,0.0
2022-01-26 12:01:20.504880,0.0,0.0,0.0
2022-01-26 12:01:21.003216,0.0,0.0,0.0
2022-01-26 12:01:21.501065,0.0,0.0,0.0
2022-01-26 12:01:22.008253,0.0,0.0,0.0
2022-01-26 12:01:22.503240,0.0,0.0,0.0
2022-01-26 12:01:23.010561,0.0,0.0,0.0
2022-01-26 12:01:23.505435,0.0,0.0,0.0
2022-01-26 12:01:24.002993,0.0,0.0,0.0
2022-01-26 12:01:24.510264,0.0,0.0,0.0
2022-01-26 12:01:25.008751,0.0,0.0,0.0
2022-01-26 12:01:25.503843,0.0,0.0,0.0
2022-01-26 12:01:26.000946,0.0,0.0,0.0
2022-01-26 12:01:26.506656,0.0,0.0,0.0
2022-01-26 12:01:27.005087,0.0,0.0,0.0
2022-01-26 12:01:27.509936,0.0,0.0,0.0
2022-01-26 12:01:28.006204,0.0,0.0,0.0
2022-01-26 12:01:28.510442,0.0,0.0,0.0
2022-01-26 12:01:29.008291,0.0,0.0,0.0
2022-01-26 12:01:29.508033,0.0,0.0,0.0
2022-01-26 12:01:30.006132,0.0,0.0,0.0
2022-01-26 12:01:30.501551,0.0,0.0,0.0
2022-01-26 12:01:31.010669,0.0,0.0,0.0
2022-01-26 12:01:31.505960,0.0,0.0,0.0
2022-01-26 12:01:32.003971,0.0,0.0,0.0
2022-01-26 12:01:32.510896,0.0,0.0,0.0
2022-01-26 12:01:33.010156,0.0,0.0,0.0
2022-01-26 12:01:33.506686,0.0,0.0,0.0
2022-01-26 12:01:34.003273,0.0,0.0,0.0
2022-01-26 12:01:34.511006,0.0,0.0,0.0
2022-01-26 12:01:35.007613,0.0,0.0,0.0
2022-01-26 12:01:35.504035,0.0,0.0,0.0
2022-01-26 12:01:36.011001,0.0,0.0,0.0
2022-01-26 12:01:36.501214,0.0,0.0,0.0
2022-01-26 12:01:37.008709,0.0,0.0,0.0
2022-01-26 12:01:37.503155,0.0,0.0,0.0
2022-01-26 12:01:38.010023,0.0,0.0,0.0
2022-01-26 12:01:38.501675,0.0,0.0,0.0
2022-01-26 12:01:39.009321,0.0,0.0,0.0
2022-01-26 12:01:39.503754,0.0,0.0,0.0
2022-01-26 12:01:40.008418,0.0,0.0,0.0
2022-01-26 12:01:40.503345,0.0,0.0,0.0
2022-01-26 12:01:41.002327,0.0,0.0,0.0
2022-01-26 12:01:41.507365,0.0,0.0,0.0
2022-01-26 12:01:42.007847,0.0,0.0,0.0
2022-01-26 12:01:42.505605,0.0,0.0,0.0
2022-01-26 12:01:43.005958,0.0,0.0,0.0
2022-01-26 12:01:43.502841,0.0,0.0,0.0
2022-01-26 12:01:44.005498,0.0,0.0,0.0
2022-01-26 12:01:44.504046,0.0,0.0,0.0
2022-01-26 12:01:45.003136,0.0,0.0,0.0
2022-01-26 12:01:45.508121,0.0,0.0,0.0
2022-01-26 12:01:46.000921,0.0,0.0,0.0
2022-01-26 12:01:46.506320,0.0,0.0,0.0
2022-01-26 12:01:47.005438,0.0,0.0,0.0
2022-01-26 12:01:47.502625,0.0,0.0,0.0
2022-01-26 12:01:48.002529,0.0,0.0,0.0
2022-01-26 12:01:48.508515,0.0,0.0,0.0
2022-01-26 12:01:49.006035,0.0,0.0,0.0
2022-01-26 12:01:50.004825,0.0,0.0,0.0
2022-01-26 12:01:50.510782,0.0,0.0,0.0
2022-01-26 12:01:51.008276,0.0,0.0,0.0
2022-01-26 12:01:51.502411,0.0,0.0,0.0
2022-01-26 12:01:52.011021,0.0,0.0,0.0
2022-01-26 12:01:52.506323,0.0,0.0,0.0
2022-01-26 12:01:53.003191,0.0,0.0,0.0
2022-01-26 12:01:53.502932,0.0,0.0,0.0
2022-01-26 12:01:54.505314,0.0,0.0,0.0
2022-01-26 12:01:55.003229,0.0,0.0,0.0
2022-01-26 12:01:55.509491,0.0,0.0,0.0
2022-01-26 12:01:56.001874,0.0,0.0,0.0
2022-01-26 12:01:56.501254,0.0,0.0,0.0
2022-01-26 12:01:57.001494,0.0,0.0,0.0
2022-01-26 12:01:57.501139,0.0,0.0,0.0
2022-01-26 12:01:58.008859,0.0,0.0,0.0
2022-01-26 12:01:58.504014,0.0,0.0,0.0
2022-01-26 12:01:59.002121,0.0,0.0,0.0
2022-01-26 12:01:59.508682,0.0,0.0,0.0
2022-01-26 12:02:00.006266,0.0,0.0,0.0
2022-01-26 12:02:00.509042,0.0,0.0,0.0
2022-01-26 12:02:01.005045,0.0,0.0,0.0
2022-01-26 12:02:01.510240,0.0,0.0,0.0
2022-01-26 12:02:02.002886,0.0,0.0,0.0
2022-01-26 12:02:02.504822,0.0,0.0,0.0
2022-01-26 12:02:03.002181,0.0,0.0,0.0
2022-01-26 12:02:03.507480,0.0,0.0,0.0
2022-01-26 12:02:04.007919,0.0,0.0,0.0
2022-01-26 12:02:04.503298,0.0,0.0,0.0
2022-01-26 12:02:05.003759,0.0,0.0,0.0
2022-01-26 12:02:05.508019,0.0,0.0,0.0
2022-01-26 12:02:06.006183,0.0,0.0,0.0
2022-01-26 12:02:06.503881,0.0,0.0,0.0
2022-01-26 12:02:07.001171,0.0,0.0,0.0
2022-01-26 12:02:07.501836,0.0,0.0,0.0
2022-01-26 12:02:08.009936,0.0,0.0,0.0
2022-01-26 12:02:08.503333,0.0,0.0,0.0
2022-01-26 12:02:09.009273,0.0,0.0,0.0
2022-01-26 12:02:09.505165,0.0,0.0,0.0
2022-01-26 12:02:10.009415,0.0,0.0,0.0
2022-01-26 12:02:10.510437,0.0,0.0,0.0
2022-01-26 12:02:11.009389,0.0,0.0,0.0
2022-01-26 12:02:11.508443,0.0,0.0,0.0
2022-01-26 12:02:12.009571,0.0,0.0,0.0
2022-01-26 12:02:12.504076,0.0,0.0,0.0
2022-01-26 12:02:13.002437,0.0,0.0,0.0
2022-01-26 12:02:13.501343,0.0,0.0,0.0
2022-01-26 12:02:14.008065,0.0,0.0,0.0
2022-01-26 12:02:14.505651,0.0,0.0,0.0
2022-01-26 12:02:15.003499,0.0,0.0,0.0
2022-01-26 12:02:15.501158,0.0,0.0,0.0
2022-01-26 12:02:16.009452,0.0,0.0,0.0
2022-01-26 12:02:16.504224,0.0,0.0,0.0
2022-01-26 12:02:17.505301,0.0,0.0,0.0
2022-01-26 12:02:18.002429,0.0,0.0,0.0
2022-01-26 12:02:18.508810,0.0,0.0,0.0
2022-01-26 12:02:19.008233,0.0,0.0,0.0
2022-01-26 12:02:19.505962,0.0,0.0,0.0
2022-01-26 12:02:20.004425,0.0,0.0,0.0
2022-01-26 12:02:20.510082,0.0,0.0,0.0
2022-01-26 12:02:21.000844,0.0,0.0,0.0
2022-01-26 12:02:21.505415,0.0,0.0,0.0
2022-01-26 12:02:22.009020,0.0,0.0,0.0
2022-01-26 12:02:22.507890,0.0,0.0,0.0
2022-01-26 12:02:23.006343,0.0,0.0,0.0
2022-01-26 12:02:23.501691,0.0,0.0,0.0
2022-01-26 12:02:24.001271,0.0,0.0,0.0
2022-01-26 12:02:24.503865,0.0,0.0,0.0
2022-01-26 12:02:25.002756,0.0,0.0,0.0
2022-01-26 12:02:25.508464,0.0,0.0,0.0
2022-01-26 12:02:26.001059,0.0,0.0,0.0
2022-01-26 12:02:26.503534,0.0,0.0,0.0
2022-01-26 12:02:27.003498,0.0,0.0,0.0
2022-01-26 12:02:27.506327,0.0,0.0,0.0
2022-01-26 12:02:28.006489,0.0,0.0,0.0
2022-01-26 12:02:28.502867,0.0,0.0,0.0
2022-01-26 12:02:29.008927,0.0,0.0,0.0
2022-01-26 12:02:29.505113,0.0,0.0,0.0
2022-01-26 12:02:30.002511,0.0,0.0,0.0
2022-01-26 12:02:30.505558,0.0,0.0,0.0
2022-01-26 12:02:31.010792,0.0,0.0,0.0
2022-01-26 12:02:31.510707,0.0,0.0,0.0
2022-01-26 12:02:32.008270,0.0,0.0,0.0
2022-01-26 12:02:32.508428,0.0,0.0,0.0
2022-01-26 12:02:33.009130,0.0,0.0,0.0
2022-01-26 12:02:33.502874,0.0,0.0,0.0
2022-01-26 12:02:34.002329,0.0,0.0,0.0
2022-01-26 12:02:34.509077,0.0,0.0,0.0
2022-01-26 12:02:35.009849,0.0,0.0,0.0
2022-01-26 12:02:35.510275,0.0,0.0,0.0
2022-01-26 12:02:36.003219,0.0,0.0,0.0
2022-01-26 12:02:36.501567,0.0,0.0,0.0
2022-01-26 12:02:37.002167,0.0,0.0,0.0
2022-01-26 12:02:37.502176,0.0,0.0,0.0
2022-01-26 12:02:38.003780,0.0,0.0,0.0
2022-01-26 12:02:38.509184,0.0,0.0,0.0
2022-01-26 12:02:39.001365,0.0,0.0,0.0
2022-01-26 12:02:39.508615,0.0,0.0,0.0
2022-01-26 12:02:40.002329,0.0,0.0,0.0
2022-01-26 12:02:40.510508,0.0,0.0,0.0
2022-01-26 12:02:41.002148,0.0,0.0,0.0
2022-01-26 12:02:41.510756,0.0,0.0,0.0
2022-01-26 12:02:42.005030,0.0,0.0,0.0
2022-01-26 12:02:42.510050,0.0,0.0,0.0
2022-01-26 12:02:43.006815,0.0,0.0,0.0
2022-01-26 12:02:43.502162,0.0,0.0,0.0
2022-01-26 12:02:44.009338,0.0,0.0,0.0
2022-01-26 12:02:44.502339,0.0,0.0,0.0
2022-01-26 12:02:45.009546,0.0,0.0,0.0
2022-01-26 12:02:45.504101,0.0,0.0,0.0
2022-01-26 12:02:46.002421,0.0,0.0,0.0
2022-01-26 12:02:46.504991,0.0,0.0,0.0
2022-01-26 12:02:47.003785,0.0,0.0,0.0
2022-01-26 12:02:47.510595,0.0,0.0,0.0
2022-01-26 12:02:48.003957,0.0,0.0,0.0
2022-01-26 12:02:49.004500,0.0,0.0,0.0
2022-01-26 12:02:49.508953,0.0,0.0,0.0
2022-01-26 12:02:50.005289,0.0,0.0,0.0
2022-01-26 12:02:50.504942,0.0,0.0,0.0
2022-01-26 12:02:51.007620,0.0,0.0,0.0
2022-01-26 12:02:51.506409,0.0,0.0,0.0
2022-01-26 12:02:52.003928,0.0,0.0,0.0
2022-01-26 12:02:52.501983,0.0,0.0,0.0
2022-01-26 12:02:53.009403,0.0,0.0,0.0
2022-01-26 12:02:53.505155,0.0,0.0,0.0
2022-01-26 12:02:54.004869,0.0,0.0,0.0
2022-01-26 12:02:54.507426,0.0,0.0,0.0
2022-01-26 12:02:55.006679,0.0,0.0,0.0
2022-01-26 12:02:55.504430,0.0,0.0,0.0
2022-01-26 12:02:56.003968,0.0,0.0,0.0
2022-01-26 12:02:56.510504,0.0,0.0,0.0
2022-01-26 12:02:57.003483,0.0,0.0,0.0
2022-01-26 12:02:57.504959,0.0,0.0,0.0
2022-01-26 12:02:58.008041,0.0,0.0,0.0
2022-01-26 12:02:58.505179,0.0,0.0,0.0
2022-01-26 12:02:59.009040,0.0,0.0,0.0
2022-01-26 12:02:59.504595,0.0,0.0,0.0
2022-01-26 12:03:00.004714,0.0,0.0,0.0
2022-01-26 12:03:00.505340,0.0,0.0,0.0
2022-01-26 12:03:01.002644,0.0,0.0,0.0
2022-01-26 12:03:01.509767,0.0,0.0,0.0
2022-01-26 12:03:02.007857,0.0,0.0,0.0
2022-01-26 12:03:02.503313,0.0,0.0,0.0
2022-01-26 12:03:03.002679,0.0,0.0,0.0
2022-01-26 12:03:03.508509,0.0,0.0,0.0
2022-01-26 12:03:04.006152,0.0,0.0,0.0
2022-01-26 12:03:04.502441,0.0,0.0,0.0
2022-01-26 12:03:05.010616,0.0,0.0,0.0
2022-01-26 12:03:05.506776,0.0,0.0,0.0
2022-01-26 12:03:06.010873,0.0,0.0,0.0
2022-01-26 12:03:06.508875,0.0,0.0,0.0
2022-01-26 12:03:07.008981,0.0,0.0,0.0
2022-01-26 12:03:07.504811,0.0,0.0,0.0
2022-01-26 12:03:08.003777,0.0,0.0,0.0
2022-01-26 12:03:08.509543,0.0,0.0,0.0
2022-01-26 12:03:09.007774,0.0,0.0,0.0
2022-01-26 12:03:09.502403,0.0,0.0,0.0
2022-01-26 12:03:10.001774,0.0,0.0,0.0
2022-01-26 12:03:10.507704,0.0,0.0,0.0
2022-01-26 12:03:11.005920,0.0,0.0,0.0
2022-01-26 12:03:11.502286,0.0,0.0,0.0
2022-01-26 12:03:12.002224,0.0,0.0,0.0
2022-01-26 12:03:12.507390,0.0,0.0,0.0
2022-01-26 12:03:13.005864,0.0,0.0,0.0
2022-01-26 12:03:13.503269,0.0,0.0,0.0
2022-01-26 12:03:14.003488,0.0,0.0,0.0
2022-01-26 12:03:14.509484,0.0,0.0,0.0
2022-01-26 12:03:15.010409,0.0,0.0,0.0
2022-01-26 12:03:15.508568,0.0,0.0,0.0
2022-01-26 12:03:16.000978,0.0,0.0,0.0
2022-01-26 12:03:16.507380,0.0,0.0,0.0
2022-01-26 12:03:17.008227,0.0,0.0,0.0
2022-01-26 12:03:17.506025,0.0,0.0,0.0
2022-01-26 12:03:18.003824,0.0,0.0,0.0
2022-01-26 12:03:18.502729,0.0,0.0,0.0
2022-01-26 12:03:19.006241,0.0,0.0,0.0
2022-01-26 12:03:19.503352,0.0,0.0,0.0
2022-01-26 12:03:20.007652,0.0,0.0,0.0
2022-01-26 12:03:20.509853,0.0,0.0,0.0
2022-01-26 12:03:21.005535,0.0,0.0,0.0
2022-01-26 12:03:21.506702,0.0,0.0,0.0
2022-01-26 12:03:22.002070,0.0,0.0,0.0
2022-01-26 12:03:22.507070,0.0,0.0,0.0
2022-01-26 12:03:23.007898,0.0,0.0,0.0
2022-01-26 12:03:23.506867,0.0,0.0,0.0
2022-01-26 12:03:24.005727,0.0,0.0,0.0
2022-01-26 12:03:24.502702,0.0,0.0,0.0
2022-01-26 12:03:25.010943,0.0,0.0,0.0
2022-01-26 12:03:25.507269,0.0,0.0,0.0
2022-01-26 12:03:26.005812,0.0,0.0,0.0
2022-01-26 12:03:26.502651,0.0,0.0,0.0
2022-01-26 12:03:27.006079,0.0,0.0,0.0
2022-01-26 12:03:27.502383,0.0,0.0,0.0
2022-01-26 12:03:28.007213,0.0,0.0,0.0
2022-01-26 12:03:28.508600,0.0,0.0,0.0
2022-01-26 12:03:29.007822,0.0,0.0,0.0
2022-01-26 12:03:29.503148,0.0,0.0,0.0
2022-01-26 12:03:30.006058,0.0,0.0,0.0
2022-01-26 12:03:30.503535,0.0,0.0,0.0
2022-01-26 12:03:31.007051,0.0,0.0,0.0
2022-01-26 12:03:31.508656,0.0,0.0,0.0
2022-01-26 12:03:32.003034,0.0,0.0,0.0
2022-01-26 12:03:32.507616,0.0,0.0,0.0
2022-01-26 12:03:33.005120,0.0,0.0,0.0
2022-01-26 12:03:33.510293,0.0,0.0,0.0
2022-01-26 12:03:34.008810,0.0,0.0,0.0
2022-01-26 12:03:34.504373,0.0,0.0,0.0
2022-01-26 12:03:35.005729,0.0,0.0,0.0
2022-01-26 12:03:35.502259,0.0,0.0,0.0
2022-01-26 12:03:36.010120,0.0,0.0,0.0
2022-01-26 12:03:36.507314,0.0,0.0,0.0
2022-01-26 12:03:37.005057,0.0,0.0,0.0
2022-01-26 12:03:37.501826,0.0,0.0,0.0
2022-01-26 12:03:38.010967,0.0,0.0,0.0
2022-01-26 12:03:38.505269,0.0,0.0,0.0
2022-01-26 12:03:39.008088,0.0,0.0,0.0
2022-01-26 12:03:39.509007,0.0,0.0,0.0
2022-01-26 12:03:40.004504,0.0,0.0,0.0
2022-01-26 12:03:40.509461,0.0,0.0,0.0
2022-01-26 12:03:41.009223,0.0,0.0,0.0
2022-01-26 12:03:41.506694,0.0,0.0,0.0
2022-01-26 12:03:42.007273,0.0,0.0,0.0
2022-01-26 12:03:42.508650,0.0,0.0,0.0
2022-01-26 12:03:43.011073,0.0,0.0,0.0
2022-01-26 12:03:43.509176,0.0,0.0,0.0
2022-01-26 12:03:44.008231,0.0,0.0,0.0
2022-01-26 12:03:44.508626,0.0,0.0,0.0
2022-01-26 12:03:45.008252,0.0,0.0,0.0
2022-01-26 12:03:45.505861,0.0,0.0,0.0
2022-01-26 12:03:46.002820,0.0,0.0,0.0
2022-01-26 12:03:46.507787,0.0,0.0,0.0
2022-01-26 12:03:47.008346,0.0,0.0,0.0
2022-01-26 12:03:47.503981,0.0,0.0,0.0
2022-01-26 12:03:48.007178,0.0,0.0,0.0
2022-01-26 12:03:48.504444,0.0,0.0,0.0
2022-01-26 12:03:49.001976,0.0,0.0,0.0
2022-01-26 12:03:49.508458,0.0,0.0,0.0
2022-01-26 12:03:50.008958,0.0,0.0,0.0
2022-01-26 12:03:50.508276,0.0,0.0,0.0
2022-01-26 12:03:51.001080,0.0,0.0,0.0
2022-01-26 12:03:51.501355,0.0,0.0,0.0
2022-01-26 12:03:52.007020,0.0,0.0,0.0
2022-01-26 12:03:52.501344,0.0,0.0,0.0
2022-01-26 12:03:53.505176,0.0,0.0,0.0
2022-01-26 12:03:54.004928,0.0,0.0,0.0
2022-01-26 12:03:54.511030,0.0,0.0,0.0
2022-01-26 12:03:55.010494,0.0,0.0,0.0
2022-01-26 12:03:55.506756,0.0,0.0,0.0
2022-01-26 12:03:56.002301,0.0,0.0,0.0
2022-01-26 12:03:56.501952,0.0,0.0,0.0
2022-01-26 12:03:57.009339,0.0,0.0,0.0
2022-01-26 12:03:57.506339,0.0,0.0,0.0
2022-01-26 12:03:58.007999,0.0,0.0,0.0
2022-01-26 12:03:58.502687,0.0,0.0,0.0
2022-01-26 12:03:59.010982,0.0,0.0,0.0
2022-01-26 12:03:59.504681,0.0,0.0,0.0
2022-01-26 12:04:00.002597,0.0,0.0,0.0
2022-01-26 12:04:00.509817,0.0,0.0,0.0
2022-01-26 12:04:01.008321,0.0,0.0,0.0
2022-01-26 12:04:01.503927,0.0,0.0,0.0
2022-01-26 12:04:02.001395,0.0,0.0,0.0
2022-01-26 12:04:02.509330,0.0,0.0,0.0
2022-01-26 12:04:03.006968,0.0,0.0,0.0
2022-01-26 12:04:03.504084,0.0,0.0,0.0
2022-01-26 12:04:04.001033,0.0,0.0,0.0
2022-01-26 12:04:04.509259,0.0,0.0,0.0
2022-01-26 12:04:05.008232,0.0,0.0,0.0
2022-01-26 12:04:05.504728,0.0,0.0,0.0
2022-01-26 12:04:06.003204,0.0,0.0,0.0
2022-01-26 12:04:06.508833,0.0,0.0,0.0
2022-01-26 12:04:07.002457,0.0,0.0,0.0
2022-01-26 12:04:07.508128,0.0,0.0,0.0
2022-01-26 12:04:08.007327,0.0,0.0,0.0
2022-01-26 12:04:09.005158,0.0,0.0,0.0
2022-01-26 12:04:09.509265,0.0,0.0,0.0
2022-01-26 12:04:10.010687,0.0,0.0,0.0
2022-01-26 12:04:10.506112,0.0,0.0,0.0
2022-01-26 12:04:11.003005,0.0,0.0,0.0
2022-01-26 12:04:11.501635,0.0,0.0,0.0
2022-01-26 12:04:12.009197,0.0,0.0,0.0
2022-01-26 12:04:12.503152,0.0,0.0,0.0
2022-01-26 12:04:13.003038,0.0,0.0,0.0
2022-01-26 12:04:13.509887,0.0,0.0,0.0
2022-01-26 12:04:14.006881,0.0,0.0,0.0
2022-01-26 12:04:14.500935,0.0,0.0,0.0
2022-01-26 12:04:15.010251,0.0,0.0,0.0
2022-01-26 12:04:15.506668,0.0,0.0,0.0
2022-01-26 12:04:16.004474,0.0,0.0,0.0
2022-01-26 12:04:16.509504,0.0,0.0,0.0
2022-01-26 12:04:17.007563,0.0,0.0,0.0
2022-01-26 12:04:17.502822,0.0,0.0,0.0
2022-01-26 12:04:18.010430,0.0,0.0,0.0
2022-01-26 12:04:18.505731,0.0,0.0,0.0
2022-01-26 12:04:19.005477,0.0,0.0,0.0
2022-01-26 12:04:19.510597,0.0,0.0,0.0
2022-01-26 12:04:20.009275,0.0,0.0,0.0
2022-01-26 12:04:20.503528,0.0,0.0,0.0
2022-01-26 12:04:21.505156,0.0,0.0,0.0
2022-01-26 12:04:22.003449,0.0,0.0,0.0
2022-01-26 12:04:22.508110,0.0,0.0,0.0
2022-01-26 12:04:23.004300,0.0,0.0,0.0
2022-01-26 12:04:23.509224,0.0,0.0,0.0
2022-01-26 12:04:24.006744,0.0,0.0,0.0
2022-01-26 12:04:24.502069,0.0,0.0,0.0
2022-01-26 12:04:25.010201,0.0,0.0,0.0
2022-01-26 12:04:25.506454,0.0,0.0,0.0
2022-01-26 12:04:26.002695,0.0,0.0,0.0
2022-01-26 12:04:26.508895,0.0,0.0,0.0
2022-01-26 12:04:27.006855,0.0,0.0,0.0
2022-01-26 12:04:27.501422,0.0,0.0,0.0
2022-01-26 12:04:28.008510,0.0,0.0,0.0
2022-01-26 12:04:28.503272,0.0,0.0,0.0
2022-01-26 12:04:29.011100,0.0,0.0,0.0
2022-01-26 12:04:29.507824,0.0,0.0,0.0
2022-01-26 12:04:30.006479,0.0,0.0,0.0
2022-01-26 12:04:30.510776,0.0,0.0,0.0
2022-01-26 12:04:31.008328,0.0,0.0,0.0
2022-01-26 12:04:31.502665,0.0,0.0,0.0
2022-01-26 12:04:32.011078,0.0,0.0,0.0
2022-01-26 12:04:32.506812,0.0,0.0,0.0
2022-01-26 12:04:33.006864,0.0,0.0,0.0
2022-01-26 12:04:33.502426,0.0,0.0,0.0
2022-01-26 12:04:34.010540,0.0,0.0,0.0
2022-01-26 12:04:34.505332,0.0,0.0,0.0
2022-01-26 12:04:35.002418,0.0,0.0,0.0
2022-01-26 12:04:35.504462,0.0,0.0,0.0
2022-01-26 12:04:36.003796,0.0,0.0,0.0
2022-01-26 12:04:36.509038,0.0,0.0,0.0
2022-01-26 12:04:37.006889,0.0,0.0,0.0
2022-01-26 12:04:37.501151,0.0,0.0,0.0
2022-01-26 12:04:38.009484,0.0,0.0,0.0
2022-01-26 12:04:38.509166,0.0,0.0,0.0
2022-01-26 12:04:39.006891,0.0,0.0,0.0
2022-01-26 12:04:39.501020,0.0,0.0,0.0
2022-01-26 12:04:40.008001,0.0,0.0,0.0
2022-01-26 12:04:40.503808,0.0,0.0,0.0
2022-01-26 12:04:41.002476,0.0,0.0,0.0
2022-01-26 12:04:41.507371,0.0,0.0,0.0
2022-01-26 12:04:42.004953,0.0,0.0,0.0
2022-01-26 12:04:42.500967,0.0,0.0,0.0
2022-01-26 12:04:43.009360,0.0,0.0,0.0
2022-01-26 12:04:43.503900,0.0,0.0,0.0
2022-01-26 12:04:44.010646,0.0,0.0,0.0
2022-01-26 12:04:44.504236,0.0,0.0,0.0
2022-01-26 12:04:45.003587,0.0,0.0,0.0
2022-01-26 12:04:45.508820,0.0,0.0,0.0
2022-01-26 12:04:46.007297,0.0,0.0,0.0
2022-01-26 12:04:46.503527,0.0,0.0,0.0
2022-01-26 12:04:47.011397,0.0,0.0,0.0
2022-01-26 12:04:47.507464,0.0,0.0,0.0
2022-01-26 12:04:48.004476,0.0,0.0,0.0
2022-01-26 12:04:48.501198,0.0,0.0,0.0
2022-01-26 12:04:49.008128,0.0,0.0,0.0
2022-01-26 12:04:49.503321,0.0,0.0,0.0
2022-01-26 12:04:50.002847,0.0,0.0,0.0
2022-01-26 12:04:50.507759,0.0,0.0,0.0
2022-01-26 12:04:51.006537,0.0,0.0,0.0
2022-01-26 12:04:51.501916,0.0,0.0,0.0
2022-01-26 12:04:52.009919,0.0,0.0,0.0
2022-01-26 12:04:52.504909,0.0,0.0,0.0
2022-01-26 12:04:53.002369,0.0,0.0,0.0
2022-01-26 12:04:53.507372,0.0,0.0,0.0
2022-01-26 12:04:54.002199,0.0,0.0,0.0
2022-01-26 12:04:54.508255,0.0,0.0,0.0
2022-01-26 12:04:55.006670,0.0,0.0,0.0
2022-01-26 12:04:55.501256,0.0,0.0,0.0
2022-01-26 12:04:56.008876,0.0,0.0,0.0
2022-01-26 12:04:56.505810,0.0,0.0,0.0
2022-01-26 12:04:57.003985,0.0,0.0,0.0
2022-01-26 12:04:57.508491,0.0,0.0,0.0
2022-01-26 12:04:58.005549,0.0,0.0,0.0
2022-01-26 12:04:58.509110,0.0,0.0,0.0
2022-01-26 12:04:59.006232,0.0,0.0,0.0
2022-01-26 12:04:59.510345,0.0,0.0,0.0
2022-01-26 12:05:00.006982,0.0,0.0,0.0
2022-01-26 12:05:00.502176,0.0,0.0,0.0
2022-01-26 12:05:01.000833,0.0,0.0,0.0
2022-01-26 12:05:01.505860,0.0,0.0,0.0
2022-01-26 12:05:02.003877,0.0,0.0,0.0
2022-01-26 12:05:02.509019,0.0,0.0,0.0
2022-01-26 12:05:03.005504,0.0,0.0,0.0
2022-01-26 12:05:03.501138,0.0,0.0,0.0
2022-01-26 12:05:04.008950,0.0,0.0,0.0
2022-01-26 12:05:04.504123,0.0,0.0,0.0
2022-01-26 12:05:05.001873,0.0,0.0,0.0
2022-01-26 12:05:05.508505,0.0,0.0,0.0
2022-01-26 12:05:06.006356,0.0,0.0,0.0
2022-01-26 12:05:06.501612,0.0,0.0,0.0
2022-01-26 12:05:07.001116,0.0,0.0,0.0
2022-01-26 12:05:07.504595,0.0,0.0,0.0
2022-01-26 12:05:08.001427,0.0,0.0,0.0
2022-01-26 12:05:08.506692,0.0,0.0,0.0
2022-01-26 12:05:09.003474,0.0,0.0,0.0
2022-01-26 12:05:09.508093,0.0,0.0,0.0
2022-01-26 12:05:10.004877,0.0,0.0,0.0
2022-01-26 12:05:10.509769,0.0,0.0,0.0
2022-01-26 12:05:11.000971,0.0,0.0,0.0
2022-01-26 12:05:11.505265,0.0,0.0,0.0
2022-01-26 12:05:12.002332,0.0,0.0,0.0
2022-01-26 12:05:12.505674,0.0,0.0,0.0
2022-01-26 12:05:13.002088,0.0,0.0,0.0
2022-01-26 12:05:13.507406,0.0,0.0,0.0
2022-01-26 12:05:14.007400,0.0,0.0,0.0
2022-01-26 12:05:14.501089,0.0,0.0,0.0
2022-01-26 12:05:15.008975,0.0,0.0,0.0
2022-01-26 12:05:15.503210,0.0,0.0,0.0
2022-01-26 12:05:16.008314,0.0,0.0,0.0
2022-01-26 12:05:16.502062,0.0,0.0,0.0
2022-01-26 12:05:17.009649,0.0,0.0,0.0
2022-01-26 12:05:17.505462,0.0,0.0,0.0
2022-01-26 12:05:18.001727,0.0,0.0,0.0
2022-01-26 12:05:18.510102,0.0,0.0,0.0
2022-01-26 12:05:19.007092,0.0,0.0,0.0
2022-01-26 12:05:19.503541,0.0,0.0,0.0
2022-01-26 12:05:20.001717,0.0,0.0,0.0
2022-01-26 12:05:20.505526,0.0,0.0,0.0
2022-01-26 12:05:21.002998,0.0,0.0,0.0
2022-01-26 12:05:21.508427,0.0,0.0,0.0
2022-01-26 12:05:22.007006,0.0,0.0,0.0
2022-01-26 12:05:22.501062,0.0,0.0,0.0
2022-01-26 12:05:23.010387,0.0,0.0,0.0
2022-01-26 12:05:23.503965,0.0,0.0,0.0
2022-01-26 12:05:24.002648,0.0,0.0,0.0
2022-01-26 12:05:24.506332,0.0,0.0,0.0
2022-01-26 12:05:25.003870,0.0,0.0,0.0
2022-01-26 12:05:25.508758,0.0,0.0,0.0
2022-01-26 12:05:26.006312,0.0,0.0,0.0
2022-01-26 12:05:26.510294,0.0,0.0,0.0
2022-01-26 12:05:27.006956,0.0,0.0,0.0
2022-01-26 12:05:27.501842,0.0,0.0,0.0
2022-01-26 12:05:28.009467,0.0,0.0,0.0
2022-01-26 12:05:28.503957,0.0,0.0,0.0
2022-01-26 12:05:29.011060,0.0,0.0,0.0
2022-01-26 12:05:29.504507,0.0,0.0,0.0
2022-01-26 12:05:30.002318,0.0,0.0,0.0
2022-01-26 12:05:30.506499,0.0,0.0,0.0
2022-01-26 12:05:31.003757,0.0,0.0,0.0
2022-01-26 12:05:31.508532,0.0,0.0,0.0
2022-01-26 12:05:32.006452,0.0,0.0,0.0
2022-01-26 12:05:32.507092,0.0,0.0,0.0
2022-01-26 12:05:33.005770,0.0,0.0,0.0
2022-01-26 12:05:33.510852,0.0,0.0,0.0
2022-01-26 12:05:34.008270,0.0,0.0,0.0
2022-01-26 12:05:34.502056,0.0,0.0,0.0
2022-01-26 12:05:35.504720,0.0,0.0,0.0
2022-01-26 12:05:36.002196,0.0,0.0,0.0
2022-01-26 12:05:36.507828,0.0,0.0,0.0
2022-01-26 12:05:37.005454,0.0,0.0,0.0
2022-01-26 12:05:37.502510,0.0,0.0,0.0
2022-01-26 12:05:38.009644,0.0,0.0,0.0
2022-01-26 12:05:38.503573,0.0,0.0,0.0
2022-01-26 12:05:39.010700,0.0,0.0,0.0
2022-01-26 12:05:39.507570,0.0,0.0,0.0
2022-01-26 12:05:40.003196,0.0,0.0,0.0
2022-01-26 12:05:40.508867,0.0,0.0,0.0
2022-01-26 12:05:41.005022,0.0,0.0,0.0
2022-01-26 12:05:41.508862,0.0,0.0,0.0
2022-01-26 12:05:42.008800,0.0,0.0,0.0
2022-01-26 12:05:42.503262,0.0,0.0,0.0
2022-01-26 12:05:43.009489,0.0,0.0,0.0
2022-01-26 12:05:43.504080,0.0,0.0,0.0
2022-01-26 12:05:44.002542,0.0,0.0,0.0
2022-01-26 12:05:44.505530,0.0,0.0,0.0
2022-01-26 12:05:45.003989,0.0,0.0,0.0
2022-01-26 12:05:45.508980,0.0,0.0,0.0
2022-01-26 12:05:46.006354,0.0,0.0,0.0
2022-01-26 12:05:46.502104,0.0,0.0,0.0
2022-01-26 12:05:47.010086,0.0,0.0,0.0
2022-01-26 12:05:47.504508,0.0,0.0,0.0
2022-01-26 12:05:48.001552,0.0,0.0,0.0
2022-01-26 12:05:48.505415,0.0,0.0,0.0
2022-01-26 12:05:49.003573,0.0,0.0,0.0
2022-01-26 12:05:49.509193,0.0,0.0,0.0
2022-01-26 12:05:50.006471,0.0,0.0,0.0
2022-01-26 12:05:50.510292,0.0,0.0,0.0
2022-01-26 12:05:51.008313,0.0,0.0,0.0
2022-01-26 12:05:51.503211,0.0,0.0,0.0
2022-01-26 12:05:52.010798,0.0,0.0,0.0
2022-01-26 12:05:52.506234,0.0,0.0,0.0
2022-01-26 12:05:53.003082,0.0,0.0,0.0
2022-01-26 12:05:53.508480,0.0,0.0,0.0
2022-01-26 12:05:54.004881,0.0,0.0,0.0
2022-01-26 12:05:54.510240,0.0,0.0,0.0
2022-01-26 12:05:55.006277,0.0,0.0,0.0
2022-01-26 12:05:55.501288,0.0,0.0,0.0
2022-01-26 12:05:56.008415,0.0,0.0,0.0
2022-01-26 12:05:56.502336,0.0,0.0,0.0
2022-01-26 12:05:57.001043,0.0,0.0,0.0
2022-01-26 12:05:57.505318,0.0,0.0,0.0
2022-01-26 12:05:58.003787,0.0,0.0,0.0
2022-01-26 12:05:58.508421,0.0,0.0,0.0
2022-01-26 12:05:59.005700,0.0,0.0,0.0
2022-01-26 12:05:59.501548,0.0,0.0,0.0
2022-01-26 12:06:00.001466,0.0,0.0,0.0
2022-01-26 12:06:00.508931,0.0,0.0,0.0
2022-01-26 12:06:01.004635,0.0,0.0,0.0
2022-01-26 12:06:01.509752,0.0,0.0,0.0
2022-01-26 12:06:02.007355,0.0,0.0,0.0
2022-01-26 12:06:02.501870,0.0,0.0,0.0
2022-01-26 12:06:03.009685,0.0,0.0,0.0
2022-01-26 12:06:03.505082,0.0,0.0,0.0
2022-01-26 12:06:04.003729,0.0,0.0,0.0
2022-01-26 12:06:04.508553,0.0,0.0,0.0
2022-01-26 12:06:05.006871,0.0,0.0,0.0
2022-01-26 12:06:05.510288,0.0,0.0,0.0
2022-01-26 12:06:06.007050,0.0,0.0,0.0
2022-01-26 12:06:06.502243,0.0,0.0,0.0
2022-01-26 12:06:07.008522,0.0,0.0,0.0
2022-01-26 12:06:07.504288,0.0,0.0,0.0
2022-01-26 12:06:08.004478,0.0,0.0,0.0
2022-01-26 12:06:08.510670,0.0,0.0,0.0
2022-01-26 12:06:09.505206,0.0,0.0,0.0
2022-01-26 12:06:10.002571,0.0,0.0,0.0
2022-01-26 12:06:10.507711,0.0,0.0,0.0
2022-01-26 12:06:11.006007,0.0,0.0,0.0
2022-01-26 12:06:11.501113,0.0,0.0,0.0
2022-01-26 12:06:12.008490,0.0,0.0,0.0
2022-01-26 12:06:12.502962,0.0,0.0,0.0
2022-01-26 12:06:13.010488,0.0,0.0,0.0
2022-01-26 12:06:13.508084,0.0,0.0,0.0
2022-01-26 12:06:14.006101,0.0,0.0,0.0
2022-01-26 12:06:14.509555,0.0,0.0,0.0
2022-01-26 12:06:15.006913,0.0,0.0,0.0
2022-01-26 12:06:15.502287,0.0,0.0,0.0
2022-01-26 12:06:16.009544,0.0,0.0,0.0
2022-01-26 12:06:16.503634,0.0,0.0,0.0
2022-01-26 12:06:17.002415,0.0,0.0,0.0
2022-01-26 12:06:17.506163,0.0,0.0,0.0
2022-01-26 12:06:18.003676,0.0,0.0,0.0
2022-01-26 12:06:18.508335,0.0,0.0,0.0
2022-01-26 12:06:19.004906,0.0,0.0,0.0
2022-01-26 12:06:19.509902,0.0,0.0,0.0
2022-01-26 12:06:20.007206,0.0,0.0,0.0
2022-01-26 12:06:20.502942,0.0,0.0,0.0
2022-01-26 12:06:21.010311,0.0,0.0,0.0
2022-01-26 12:06:21.504993,0.0,0.0,0.0
2022-01-26 12:06:22.003265,0.0,0.0,0.0
2022-01-26 12:06:22.502365,0.0,0.0,0.0
2022-01-26 12:06:23.010026,0.0,0.0,0.0
2022-01-26 12:06:23.505675,0.0,0.0,0.0
2022-01-26 12:06:24.004157,0.0,0.0,0.0
2022-01-26 12:06:24.510044,0.0,0.0,0.0
2022-01-26 12:06:25.005886,0.0,0.0,0.0
2022-01-26 12:06:25.509156,0.0,0.0,0.0
2022-01-26 12:06:26.005289,0.0,0.0,0.0
2022-01-26 12:06:26.501777,0.0,0.0,0.0
2022-01-26 12:06:27.010748,0.0,0.0,0.0
2022-01-26 12:06:27.506191,0.0,0.0,0.0
2022-01-26 12:06:28.003949,0.0,0.0,0.0
2022-01-26 12:06:28.510074,0.0,0.0,0.0
2022-01-26 12:06:29.007300,0.0,0.0,0.0
2022-01-26 12:06:29.502326,0.0,0.0,0.0
2022-01-26 12:06:30.010133,0.0,0.0,0.0
2022-01-26 12:06:30.504388,0.0,0.0,0.0
2022-01-26 12:06:31.001554,0.0,0.0,0.0
2022-01-26 12:06:31.509768,0.0,0.0,0.0
2022-01-26 12:06:32.007025,0.0,0.0,0.0
2022-01-26 12:06:32.510821,0.0,0.0,0.0
2022-01-26 12:06:33.008634,0.0,0.0,0.0
2022-01-26 12:06:33.503405,0.0,0.0,0.0
2022-01-26 12:06:34.001539,0.0,0.0,0.0
2022-01-26 12:06:34.506998,0.0,0.0,0.0
2022-01-26 12:06:35.002565,0.0,0.0,0.0
2022-01-26 12:06:35.509005,0.0,0.0,0.0
2022-01-26 12:06:36.008807,0.0,0.0,0.0
2022-01-26 12:06:36.501958,0.0,0.0,0.0
2022-01-26 12:06:37.010010,0.0,0.0,0.0
2022-01-26 12:06:37.504675,0.0,0.0,0.0
2022-01-26 12:06:38.002314,0.0,0.0,0.0
2022-01-26 12:06:38.505962,0.0,0.0,0.0
2022-01-26 12:06:39.004964,0.0,0.0,0.0
2022-01-26 12:06:39.510531,0.0,0.0,0.0
2022-01-26 12:06:40.009011,0.0,0.0,0.0
2022-01-26 12:06:40.504188,0.0,0.0,0.0
2022-01-26 12:06:41.002301,0.0,0.0,0.0
2022-01-26 12:06:41.507544,0.0,0.0,0.0
2022-01-26 12:06:42.003264,0.0,0.0,0.0
2022-01-26 12:06:42.507845,0.0,0.0,0.0
2022-01-26 12:06:43.005234,0.0,0.0,0.0
2022-01-26 12:06:43.510353,0.0,0.0,0.0
2022-01-26 12:06:44.007226,0.0,0.0,0.0
2022-01-26 12:06:44.502320,0.0,0.0,0.0
2022-01-26 12:06:45.001672,0.0,0.0,0.0
2022-01-26 12:06:45.506091,0.0,0.0,0.0
2022-01-26 12:06:46.005013,0.0,0.0,0.0
2022-01-26 12:06:46.507969,0.0,0.0,0.0
2022-01-26 12:06:47.006867,0.0,0.0,0.0
2022-01-26 12:06:47.501279,0.0,0.0,0.0
2022-01-26 12:06:48.009724,0.0,0.0,0.0
2022-01-26 12:06:48.503659,0.0,0.0,0.0
2022-01-26 12:06:49.011028,0.0,0.0,0.0
2022-01-26 12:06:49.507284,0.0,0.0,0.0
2022-01-26 12:06:50.004622,0.0,0.0,0.0
2022-01-26 12:06:50.509200,0.0,0.0,0.0
2022-01-26 12:06:51.006618,0.0,0.0,0.0
2022-01-26 12:06:51.501100,0.0,0.0,0.0
2022-01-26 12:06:52.007039,0.0,0.0,0.0
2022-01-26 12:06:52.510522,0.0,0.0,0.0
2022-01-26 12:06:53.010894,0.0,0.0,0.0
2022-01-26 12:06:53.506914,0.0,0.0,0.0
2022-01-26 12:06:54.005175,0.0,0.0,0.0
2022-01-26 12:06:54.502547,0.0,0.0,0.0
2022-01-26 12:06:55.009509,0.0,0.0,0.0
2022-01-26 12:06:55.504165,0.0,0.0,0.0
2022-01-26 12:06:56.002067,0.0,0.0,0.0
2022-01-26 12:06:56.505050,0.0,0.0,0.0
2022-01-26 12:06:57.002403,0.0,0.0,0.0
2022-01-26 12:06:57.507594,0.0,0.0,0.0
2022-01-26 12:06:58.005358,0.0,0.0,0.0
2022-01-26 12:06:58.509880,0.0,0.0,0.0
2022-01-26 12:06:59.008557,0.0,0.0,0.0
2022-01-26 12:06:59.503925,0.0,0.0,0.0
2022-01-26 12:07:00.002365,0.0,0.0,0.0
2022-01-26 12:07:00.507317,0.0,0.0,0.0
2022-01-26 12:07:01.003842,0.0,0.0,0.0
2022-01-26 12:07:01.509861,0.0,0.0,0.0
2022-01-26 12:07:02.008327,0.0,0.0,0.0
2022-01-26 12:07:02.503099,0.0,0.0,0.0
2022-01-26 12:07:03.009974,0.0,0.0,0.0
2022-01-26 12:07:03.504656,0.0,0.0,0.0
2022-01-26 12:07:04.002869,0.0,0.0,0.0
2022-01-26 12:07:04.507655,0.0,0.0,0.0
2022-01-26 12:07:05.004607,0.0,0.0,0.0
2022-01-26 12:07:05.511050,0.0,0.0,0.0
2022-01-26 12:07:06.002069,0.0,0.0,0.0
2022-01-26 12:07:06.510364,0.0,0.0,0.0
2022-01-26 12:07:07.007192,0.0,0.0,0.0
2022-01-26 12:07:07.509261,0.0,0.0,0.0
2022-01-26 12:07:08.005985,0.0,0.0,0.0
2022-01-26 12:07:08.510731,0.0,0.0,0.0
2022-01-26 12:07:09.009082,0.0,0.0,0.0
2022-01-26 12:07:09.509072,0.0,0.0,0.0
2022-01-26 12:07:10.006567,0.0,0.0,0.0
2022-01-26 12:07:10.501373,0.0,0.0,0.0
2022-01-26 12:07:11.001433,0.0,0.0,0.0
2022-01-26 12:07:11.505845,0.0,0.0,0.0
2022-01-26 12:07:12.003241,0.0,0.0,0.0
2022-01-26 12:07:12.508262,0.0,0.0,0.0
2022-01-26 12:07:13.006716,0.0,0.0,0.0
2022-01-26 12:07:13.501671,0.0,0.0,0.0
2022-01-26 12:07:14.010299,0.0,0.0,0.0
2022-01-26 12:07:14.504040,0.0,0.0,0.0
2022-01-26 12:07:15.002560,0.0,0.0,0.0
2022-01-26 12:07:15.509523,0.0,0.0,0.0
2022-01-26 12:07:16.006873,0.0,0.0,0.0
2022-01-26 12:07:16.510682,0.0,0.0,0.0
2022-01-26 12:07:17.008855,0.0,0.0,0.0
2022-01-26 12:07:17.502559,0.0,0.0,0.0
2022-01-26 12:07:18.010261,0.0,0.0,0.0
2022-01-26 12:07:18.506229,0.0,0.0,0.0
2022-01-26 12:07:19.007241,0.0,0.0,0.0
2022-01-26 12:07:19.507822,0.0,0.0,0.0
2022-01-26 12:07:20.006903,0.0,0.0,0.0
2022-01-26 12:07:20.503836,0.0,0.0,0.0
2022-01-26 12:07:21.010565,0.0,0.0,0.0
2022-01-26 12:07:21.508991,0.0,0.0,0.0
2022-01-26 12:07:22.006307,0.0,0.0,0.0
2022-01-26 12:07:22.502466,0.0,0.0,0.0
2022-01-26 12:07:23.010897,0.0,0.0,0.0
2022-01-26 12:07:23.503681,0.0,0.0,0.0
2022-01-26 12:07:24.003242,0.0,0.0,0.0
2022-01-26 12:07:24.509148,0.0,0.0,0.0
2022-01-26 12:07:25.006497,0.0,0.0,0.0
2022-01-26 12:07:25.502174,0.0,0.0,0.0
2022-01-26 12:07:26.009345,0.0,0.0,0.0
2022-01-26 12:07:26.503312,0.0,0.0,0.0
2022-01-26 12:07:27.010466,0.0,0.0,0.0
2022-01-26 12:07:27.505954,0.0,0.0,0.0
2022-01-26 12:07:28.002378,0.0,0.0,0.0
2022-01-26 12:07:28.508465,0.0,0.0,0.0
2022-01-26 12:07:29.008097,0.0,0.0,0.0
2022-01-26 12:07:29.502162,0.0,0.0,0.0
2022-01-26 12:07:30.008452,0.0,0.0,0.0
2022-01-26 12:07:30.503249,0.0,0.0,0.0
2022-01-26 12:07:31.001880,0.0,0.0,0.0
2022-01-26 12:07:31.505874,0.0,0.0,0.0
2022-01-26 12:07:32.002746,0.0,0.0,0.0
2022-01-26 12:07:32.508554,0.0,0.0,0.0
2022-01-26 12:07:33.005546,0.0,0.0,0.0
2022-01-26 12:07:33.502316,0.0,0.0,0.0
2022-01-26 12:07:34.009146,0.0,0.0,0.0
2022-01-26 12:07:34.503944,0.0,0.0,0.0
2022-01-26 12:07:35.001996,0.0,0.0,0.0
2022-01-26 12:07:35.507319,0.0,0.0,0.0
2022-01-26 12:07:36.004216,0.0,0.0,0.0
2022-01-26 12:07:36.508522,0.0,0.0,0.0
2022-01-26 12:07:37.005126,0.0,0.0,0.0
2022-01-26 12:07:37.510204,0.0,0.0,0.0
2022-01-26 12:07:38.006611,0.0,0.0,0.0
2022-01-26 12:07:38.503296,0.0,0.0,0.0
2022-01-26 12:07:39.009845,0.0,0.0,0.0
2022-01-26 12:07:39.503652,0.0,0.0,0.0
2022-01-26 12:07:40.001945,0.0,0.0,0.0
2022-01-26 12:07:40.505150,0.0,0.0,0.0
2022-01-26 12:07:41.002992,0.0,0.0,0.0
2022-01-26 12:07:41.506616,0.0,0.0,0.0
2022-01-26 12:07:42.005097,0.0,0.0,0.0
2022-01-26 12:07:42.508623,0.0,0.0,0.0
2022-01-26 12:07:43.006582,0.0,0.0,0.0
2022-01-26 12:07:43.501235,0.0,0.0,0.0
2022-01-26 12:07:44.008995,0.0,0.0,0.0
2022-01-26 12:07:44.501714,0.0,0.0,0.0
2022-01-26 12:07:45.009758,0.0,0.0,0.0
2022-01-26 12:07:45.502645,0.0,0.0,0.0
2022-01-26 12:07:46.010109,0.0,0.0,0.0
2022-01-26 12:07:46.504219,0.0,0.0,0.0
2022-01-26 12:07:47.003168,0.0,0.0,0.0
2022-01-26 12:07:47.509103,0.0,0.0,0.0
2022-01-26 12:07:48.006060,0.0,0.0,0.0
2022-01-26 12:07:48.509812,0.0,0.0,0.0
2022-01-26 12:07:49.007850,0.0,0.0,0.0
2022-01-26 12:07:49.502043,0.0,0.0,0.0
2022-01-26 12:07:50.010293,0.0,0.0,0.0
2022-01-26 12:07:50.505352,0.0,0.0,0.0
2022-01-26 12:07:51.002957,0.0,0.0,0.0
2022-01-26 12:07:51.510219,0.0,0.0,0.0
2022-01-26 12:07:52.006641,0.0,0.0,0.0
2022-01-26 12:07:52.502225,0.0,0.0,0.0
2022-01-26 12:07:53.009766,0.0,0.0,0.0
2022-01-26 12:07:53.504938,0.0,0.0,0.0
2022-01-26 12:07:54.003306,0.0,0.0,0.0
2022-01-26 12:07:54.509487,0.0,0.0,0.0
2022-01-26 12:07:55.007709,0.0,0.0,0.0
2022-01-26 12:07:55.502797,0.0,0.0,0.0
2022-01-26 12:07:56.005124,0.0,0.0,0.0
2022-01-26 12:07:56.510858,0.0,0.0,0.0
2022-01-26 12:07:57.008900,0.0,0.0,0.0
2022-01-26 12:07:57.503239,0.0,0.0,0.0
2022-01-26 12:07:58.011054,0.0,0.0,0.0
2022-01-26 12:07:58.501756,0.0,0.0,0.0
2022-01-26 12:07:59.010471,0.0,0.0,0.0
2022-01-26 12:07:59.505460,0.0,0.0,0.0
2022-01-26 12:08:00.002530,0.0,0.0,0.0
2022-01-26 12:08:00.501691,0.0,0.0,0.0
2022-01-26 12:08:01.009439,0.0,0.0,0.0
2022-01-26 12:08:01.505060,0.0,0.0,0.0
2022-01-26 12:08:02.003990,0.0,0.0,0.0
2022-01-26 12:08:02.508100,0.0,0.0,0.0
2022-01-26 12:08:03.005760,0.0,0.0,0.0
2022-01-26 12:08:03.509331,0.0,0.0,0.0
2022-01-26 12:08:04.005153,0.0,0.0,0.0
2022-01-26 12:08:04.501008,0.0,0.0,0.0
2022-01-26 12:08:05.008391,0.0,0.0,0.0
2022-01-26 12:08:05.507864,0.0,0.0,0.0
2022-01-26 12:08:06.007211,0.0,0.0,0.0
2022-01-26 12:08:06.502768,0.0,0.0,0.0
2022-01-26 12:08:07.009465,0.0,0.0,0.0
2022-01-26 12:08:07.505000,0.0,0.0,0.0
2022-01-26 12:08:08.003831,0.0,0.0,0.0
2022-01-26 12:08:08.508333,0.0,0.0,0.0
2022-01-26 12:08:09.007806,0.0,0.0,0.0
2022-01-26 12:08:09.508489,0.0,0.0,0.0
2022-01-26 12:08:10.006736,0.0,0.0,0.0
2022-01-26 12:08:10.506613,0.0,0.0,0.0
2022-01-26 12:08:11.002913,0.0,0.0,0.0
2022-01-26 12:08:11.505691,0.0,0.0,0.0
2022-01-26 12:08:12.003610,0.0,0.0,0.0
2022-01-26 12:08:12.500942,0.0,0.0,0.0
2022-01-26 12:08:13.009529,0.0,0.0,0.0
2022-01-26 12:08:13.504284,0.0,0.0,0.0
2022-01-26 12:08:14.008989,0.0,0.0,0.0
2022-01-26 12:08:14.502518,0.0,0.0,0.0
2022-01-26 12:08:15.008822,0.0,0.0,-0.03864
2022-01-26 12:08:15.502781,0.0,0.0,-0.03864
2022-01-26 12:08:16.001041,0.0,0.0,0.0
2022-01-26 12:08:16.505795,0.0,0.0,0.0
2022-01-26 12:08:17.005510,0.0,0.0,0.0
2022-01-26 12:08:17.511042,0.0,0.0,0.0
2022-01-26 12:08:18.008385,0.0,0.0,0.0
2022-01-26 12:08:18.504107,0.0,0.0,0.0
2022-01-26 12:08:19.002889,0.0,0.0,0.0
2022-01-26 12:08:19.506707,0.0,0.0,0.0
2022-01-26 12:08:20.005152,0.0,0.0,0.0
2022-01-26 12:08:20.510330,0.0,0.0,0.0
2022-01-26 12:08:21.008313,0.0,0.0,0.0
2022-01-26 12:08:21.503278,0.0,0.0,0.0
2022-01-26 12:08:22.505039,0.0,0.0,0.0
2022-01-26 12:08:23.002506,0.0,0.0,0.0
2022-01-26 12:08:23.506684,0.0,0.0,0.0
2022-01-26 12:08:24.006154,0.0,0.0,0.0
2022-01-26 12:08:24.501869,0.0,0.0,0.0
2022-01-26 12:08:25.008001,0.0,0.0,0.0
2022-01-26 12:08:25.503310,0.0,0.0,0.0
2022-01-26 12:08:26.003096,0.0,0.0,0.0
2022-01-26 12:08:26.507072,0.0,0.0,0.0
2022-01-26 12:08:27.004781,0.0,0.0,0.0
2022-01-26 12:08:27.508216,0.0,0.0,0.0
2022-01-26 12:08:28.005954,0.0,0.0,0.0
2022-01-26 12:08:28.503879,0.0,0.0,0.0
2022-01-26 12:08:29.001052,0.0,0.0,0.0
2022-01-26 12:08:29.507994,0.0,0.0,0.0
2022-01-26 12:08:30.006588,0.0,0.0,0.0
2022-01-26 12:08:30.509241,0.0,0.0,0.0
2022-01-26 12:08:31.008276,0.0,0.0,0.0
2022-01-26 12:08:31.503204,0.0,0.0,0.0
2022-01-26 12:08:32.002364,0.0,0.0,0.0
2022-01-26 12:08:32.506558,0.0,0.0,0.0
2022-01-26 12:08:33.006020,0.0,0.0,0.0
2022-01-26 12:08:33.502438,0.0,0.0,0.0
2022-01-26 12:08:34.001492,0.0,0.0,0.0
2022-01-26 12:08:34.506872,0.0,0.0,0.0
2022-01-26 12:08:35.005409,0.0,0.0,0.0
2022-01-26 12:08:35.501495,0.0,0.0,0.0
2022-01-26 12:08:36.009327,0.0,0.0,0.0
2022-01-26 12:08:36.504637,0.0,0.0,0.0
2022-01-26 12:08:37.002325,0.0,0.0,0.0
2022-01-26 12:08:37.508528,0.0,0.0,0.0
2022-01-26 12:08:38.006361,0.0,0.0,0.0
2022-01-26 12:08:38.501350,0.0,0.0,0.0
2022-01-26 12:08:39.008798,0.0,0.0,0.0
2022-01-26 12:08:39.503178,0.0,0.0,0.0
2022-01-26 12:08:40.011032,0.0,0.0,0.0
2022-01-26 12:08:40.505119,0.0,0.0,0.0
2022-01-26 12:08:41.002862,0.0,0.0,0.0
2022-01-26 12:08:41.507401,0.0,0.0,0.0
2022-01-26 12:08:42.006866,0.0,0.0,0.0
2022-01-26 12:08:42.510680,0.0,0.0,0.0
2022-01-26 12:08:43.008430,0.0,0.0,0.0
2022-01-26 12:08:43.502476,0.0,0.0,0.0
2022-01-26 12:08:44.001466,0.0,0.0,0.0
2022-01-26 12:08:44.506760,0.0,0.0,0.0
2022-01-26 12:08:45.004604,0.0,0.0,0.0
2022-01-26 12:08:45.508382,0.0,0.0,0.0
2022-01-26 12:08:46.005285,0.0,0.0,0.0
2022-01-26 12:08:46.511058,0.0,0.0,0.0
2022-01-26 12:08:47.008898,0.0,0.0,0.0
2022-01-26 12:08:47.503460,0.0,0.0,0.0
2022-01-26 12:08:48.010627,0.0,0.0,0.0
2022-01-26 12:08:48.504943,0.0,0.0,0.0
2022-01-26 12:08:49.003184,0.0,0.0,0.0
2022-01-26 12:08:49.508836,0.0,0.0,0.0
2022-01-26 12:08:50.007088,0.0,0.0,0.0
2022-01-26 12:08:51.005304,0.0,0.0,0.0
2022-01-26 12:08:51.511022,0.0,0.0,0.0
2022-01-26 12:08:52.009999,0.0,0.0,0.0
2022-01-26 12:08:52.505765,0.0,0.0,0.0
2022-01-26 12:08:53.002957,0.0,0.0,0.0
2022-01-26 12:08:53.508613,0.0,0.0,0.0
2022-01-26 12:08:54.005630,0.0,0.0,0.0
2022-01-26 12:08:54.503249,0.0,0.0,0.0
2022-01-26 12:08:55.010098,0.0,0.0,0.0
2022-01-26 12:08:55.506346,0.0,0.0,0.0
2022-01-26 12:08:56.005087,0.0,0.0,0.0
2022-01-26 12:08:56.501049,0.0,0.0,0.0
2022-01-26 12:08:57.000881,0.0,0.0,0.0
2022-01-26 12:08:57.506628,0.0,0.0,0.0
2022-01-26 12:08:58.003300,0.0,0.0,0.0
2022-01-26 12:08:58.509824,0.0,0.0,0.0
2022-01-26 12:08:59.006693,0.0,0.0,0.0
2022-01-26 12:08:59.504715,0.0,0.0,0.0
2022-01-26 12:09:00.008704,0.0,0.0,0.0
2022-01-26 12:09:00.510093,0.0,0.0,0.0
2022-01-26 12:09:01.011138,0.0,0.0,0.0
2022-01-26 12:09:01.505063,0.0,0.0,0.0
2022-01-26 12:09:02.007267,0.0,0.0,0.0
2022-01-26 12:09:02.502662,0.0,0.0,0.0
2022-01-26 12:09:03.009898,0.0,0.0,0.0
2022-01-26 12:09:03.504344,0.0,0.0,0.0
2022-01-26 12:09:04.002607,0.0,0.0,0.0
2022-01-26 12:09:04.508429,0.0,0.0,0.0
2022-01-26 12:09:05.007984,0.0,0.0,0.0
2022-01-26 12:09:05.502563,0.0,0.0,0.0
2022-01-26 12:09:06.003256,0.0,0.0,0.0
2022-01-26 12:09:06.508670,0.0,0.0,0.0
2022-01-26 12:09:07.006945,0.0,0.0,0.0
2022-01-26 12:09:07.502371,0.0,0.0,0.0
2022-01-26 12:09:08.010859,0.0,0.0,0.0
2022-01-26 12:09:08.507224,0.0,0.0,0.0
2022-01-26 12:09:09.004440,0.0,0.0,0.0
2022-01-26 12:09:09.507912,0.0,0.0,0.0
2022-01-26 12:09:10.001683,0.0,0.0,0.0
2022-01-26 12:09:10.508059,0.0,0.0,0.0
2022-01-26 12:09:11.006752,0.0,0.0,0.0
2022-01-26 12:09:11.502066,0.0,0.0,0.0
2022-01-26 12:09:12.001720,0.0,0.0,0.0
2022-01-26 12:09:12.507967,0.0,0.0,0.0
2022-01-26 12:09:13.011019,0.0,0.0,0.0
2022-01-26 12:09:13.505454,0.0,0.0,0.0
2022-01-26 12:09:14.002605,0.0,0.0,0.0
2022-01-26 12:09:14.507905,0.0,0.0,0.0
2022-01-26 12:09:15.005241,0.0,0.0,0.0
2022-01-26 12:09:15.510774,0.0,0.0,0.0
2022-01-26 12:09:16.009081,0.0,0.0,0.0
2022-01-26 12:09:16.503392,0.0,0.0,0.0
2022-01-26 12:09:17.001371,0.0,0.0,0.0
2022-01-26 12:09:17.508691,0.0,0.0,0.0
2022-01-26 12:09:18.008018,0.0,0.0,0.0
2022-01-26 12:09:18.503162,0.0,0.0,0.0
2022-01-26 12:09:19.003191,0.0,0.0,0.0
2022-01-26 12:09:19.510061,0.0,0.0,0.0
2022-01-26 12:09:20.006755,0.0,0.0,0.0
2022-01-26 12:09:20.502071,0.0,0.0,0.0
2022-01-26 12:09:21.009166,0.0,0.0,0.0
2022-01-26 12:09:21.507569,0.0,0.0,0.0
2022-01-26 12:09:22.004510,0.0,0.0,0.0
2022-01-26 12:09:22.501747,0.0,0.0,0.0
2022-01-26 12:09:23.008311,0.0,0.0,0.0
2022-01-26 12:09:23.502089,0.0,0.0,0.0
2022-01-26 12:09:24.010513,0.0,0.0,0.0
2022-01-26 12:09:24.506621,0.0,0.0,0.0
2022-01-26 12:09:25.005259,0.0,0.0,0.0
2022-01-26 12:09:25.510377,0.0,0.0,0.0
2022-01-26 12:09:26.008724,0.0,0.0,0.0
2022-01-26 12:09:26.503565,0.0,0.0,0.0
2022-01-26 12:09:27.003601,0.0,0.0,0.0
2022-01-26 12:09:27.508808,0.0,0.0,0.0
2022-01-26 12:09:28.009243,0.0,0.0,0.0
2022-01-26 12:09:28.505110,0.0,0.0,0.0
2022-01-26 12:09:29.003497,0.0,0.0,0.0
2022-01-26 12:09:29.509749,0.0,0.0,0.0
2022-01-26 12:09:30.010547,0.0,0.0,0.0
2022-01-26 12:09:30.505965,0.0,0.0,0.0
2022-01-26 12:09:31.003620,0.0,0.0,0.0
2022-01-26 12:09:31.502026,0.0,0.0,0.0
2022-01-26 12:09:32.000849,0.0,0.0,0.0
2022-01-26 12:09:32.507303,0.0,0.0,0.0
2022-01-26 12:09:33.005045,0.0,0.0,0.0
2022-01-26 12:09:33.509033,0.0,0.0,0.0
2022-01-26 12:09:34.008343,0.0,0.0,0.0
2022-01-26 12:09:34.505232,0.0,0.0,0.0
2022-01-26 12:09:35.003942,0.0,0.0,0.0
2022-01-26 12:09:35.509909,0.0,0.0,0.0
2022-01-26 12:09:36.007548,0.0,0.0,0.0
2022-01-26 12:09:36.502457,0.0,0.0,0.0
2022-01-26 12:09:37.009258,0.0,0.0,0.0
2022-01-26 12:09:37.505020,0.0,0.0,0.0
2022-01-26 12:09:38.002263,0.0,0.0,0.0
2022-01-26 12:09:38.507411,0.0,0.0,0.0
2022-01-26 12:09:39.004953,0.0,0.0,0.0
2022-01-26 12:09:39.510321,0.0,0.0,0.0
2022-01-26 12:09:40.006242,0.0,0.0,0.0
2022-01-26 12:09:40.503762,0.0,0.0,0.0
2022-01-26 12:09:41.001699,0.0,0.0,0.0
2022-01-26 12:09:41.509084,0.0,0.0,0.0
2022-01-26 12:09:42.008327,0.0,0.0,0.0
2022-01-26 12:09:42.504586,0.0,0.0,0.0
2022-01-26 12:09:43.001553,0.0,0.0,0.0
2022-01-26 12:09:43.505554,0.0,0.0,0.0
2022-01-26 12:09:44.006010,0.0,0.0,0.0
2022-01-26 12:09:44.502881,0.0,0.0,0.0
2022-01-26 12:09:45.009072,0.0,0.0,0.0
2022-01-26 12:09:45.503717,0.0,0.0,0.0
2022-01-26 12:09:46.009095,0.0,0.0,0.0
2022-01-26 12:09:46.507429,0.0,0.0,0.0
2022-01-26 12:09:47.002361,0.0,0.0,0.0
2022-01-26 12:09:47.501045,0.0,0.0,0.0
2022-01-26 12:09:48.009657,0.0,0.0,0.0
2022-01-26 12:09:48.503958,0.0,0.0,0.0
2022-01-26 12:09:49.003633,0.0,0.0,0.0
2022-01-26 12:09:49.509119,0.0,0.0,0.0
2022-01-26 12:09:50.006682,0.0,0.0,0.0
2022-01-26 12:09:50.501448,0.0,0.0,0.0
2022-01-26 12:09:51.009699,0.0,0.0,0.0
2022-01-26 12:09:51.504709,0.0,0.0,0.0
2022-01-26 12:09:52.003056,0.0,0.0,0.0
2022-01-26 12:09:52.506646,0.0,0.0,0.0
2022-01-26 12:09:53.005751,0.0,0.0,0.0
2022-01-26 12:09:53.501621,0.0,0.0,0.0
2022-01-26 12:09:54.008841,0.0,0.0,0.0
2022-01-26 12:09:54.504457,0.0,0.0,0.0
2022-01-26 12:09:55.001389,0.0,0.0,0.0
2022-01-26 12:09:55.505934,0.0,0.0,0.0
2022-01-26 12:09:56.004105,0.0,0.0,0.0
2022-01-26 12:09:56.510337,0.0,0.0,0.0
2022-01-26 12:09:57.008412,0.0,0.0,0.0
2022-01-26 12:09:57.502595,0.0,0.0,0.0
2022-01-26 12:09:58.001419,0.0,0.0,0.0
2022-01-26 12:09:58.506139,0.0,0.0,0.0
2022-01-26 12:09:59.003634,0.0,0.0,0.0
2022-01-26 12:09:59.507226,0.0,0.0,0.0
2022-01-26 12:10:00.003232,0.0,0.0,0.0
2022-01-26 12:10:00.509929,0.0,0.0,0.0
2022-01-26 12:10:01.009525,0.0,0.0,0.0
2022-01-26 12:10:01.505291,0.0,0.0,0.0
2022-01-26 12:10:02.002285,0.0,0.0,0.0
2022-01-26 12:10:02.508513,0.0,0.0,0.0
2022-01-26 12:10:03.005681,0.0,0.0,0.0
2022-01-26 12:10:03.510656,0.0,0.0,0.0
2022-01-26 12:10:04.008911,0.0,0.0,0.0
2022-01-26 12:10:04.504292,0.0,0.0,0.0
2022-01-26 12:10:05.002540,0.0,0.0,0.0
2022-01-26 12:10:05.508466,0.0,0.0,0.0
2022-01-26 12:10:06.005832,0.0,0.0,0.0
2022-01-26 12:10:06.502381,0.0,0.0,0.0
2022-01-26 12:10:07.009863,0.0,0.0,0.0
2022-01-26 12:10:07.503991,0.0,0.0,0.0
2022-01-26 12:10:08.004433,0.0,0.0,0.0
2022-01-26 12:10:08.502878,0.0,0.0,0.0
2022-01-26 12:10:09.001495,0.0,0.0,0.0
2022-01-26 12:10:09.505684,0.0,0.0,0.0
2022-01-26 12:10:10.004038,0.0,0.0,0.0
2022-01-26 12:10:10.507771,0.0,0.0,0.0
2022-01-26 12:10:11.006694,0.0,0.0,0.0
2022-01-26 12:10:11.501191,0.0,0.0,0.0
2022-01-26 12:10:12.006595,0.0,0.0,0.0
2022-01-26 12:10:12.503240,0.0,0.0,0.0
2022-01-26 12:10:13.010487,0.0,0.0,0.0
2022-01-26 12:10:13.507288,0.0,0.0,0.0
2022-01-26 12:10:14.006305,0.0,0.0,0.0
2022-01-26 12:10:14.502846,0.0,0.0,0.0
2022-01-26 12:10:15.001312,0.0,0.0,0.0
2022-01-26 12:10:15.508661,0.0,0.0,0.0
2022-01-26 12:10:16.008997,0.0,0.0,0.0
2022-01-26 12:10:16.503026,0.0,0.0,0.0
2022-01-26 12:10:17.009808,0.0,0.0,0.0
2022-01-26 12:10:17.504864,0.0,0.0,0.0
2022-01-26 12:10:18.002438,0.0,0.0,0.0
2022-01-26 12:10:18.505908,0.0,0.0,0.0
2022-01-26 12:10:19.004864,0.0,0.0,0.0
2022-01-26 12:10:19.502100,0.0,0.0,0.0
2022-01-26 12:10:20.010263,0.0,0.0,0.0
2022-01-26 12:10:20.504193,0.0,0.0,0.0
2022-01-26 12:10:21.004402,0.0,0.0,0.0
2022-01-26 12:10:21.510146,0.0,0.0,0.0
2022-01-26 12:10:22.006562,0.0,0.0,0.0
2022-01-26 12:10:22.501457,0.0,0.0,0.0
2022-01-26 12:10:23.010125,0.0,0.0,0.0
2022-01-26 12:10:23.504472,0.0,0.0,0.0
2022-01-26 12:10:24.007203,0.0,0.0,0.0
2022-01-26 12:10:24.504625,0.0,0.0,0.0
2022-01-26 12:10:25.002610,0.0,0.0,0.0
2022-01-26 12:10:25.509310,0.0,0.0,0.0
2022-01-26 12:10:26.009264,0.0,0.0,0.0
2022-01-26 12:10:26.504894,0.0,0.0,0.0
2022-01-26 12:10:27.005235,0.0,0.0,0.0
2022-01-26 12:10:27.510858,0.0,0.0,0.0
2022-01-26 12:10:28.008387,0.0,0.0,0.0
2022-01-26 12:10:28.503413,0.0,0.0,0.0
2022-01-26 12:10:29.001749,0.0,0.0,0.0
2022-01-26 12:10:29.508297,0.0,0.0,0.0
2022-01-26 12:10:30.007384,0.0,0.0,0.0
2022-01-26 12:10:30.502115,0.0,0.0,0.0
2022-01-26 12:10:31.010638,0.0,0.0,0.0
2022-01-26 12:10:31.506030,0.0,0.0,0.0
2022-01-26 12:10:32.005527,0.0,0.0,0.0
2022-01-26 12:10:32.510349,0.0,0.0,0.0
2022-01-26 12:10:33.005227,0.0,0.0,0.0
2022-01-26 12:10:33.509026,0.0,0.0,0.0
2022-01-26 12:10:34.009432,0.0,0.0,0.0
2022-01-26 12:10:34.505198,0.0,0.0,0.0
2022-01-26 12:10:35.002084,0.0,0.0,0.0
2022-01-26 12:10:35.507001,0.0,0.0,0.0
2022-01-26 12:10:36.008172,0.0,0.0,0.0
2022-01-26 12:10:36.503932,0.0,0.0,0.0
2022-01-26 12:10:37.002652,0.0,0.0,0.0
2022-01-26 12:10:37.506649,0.0,0.0,0.0
2022-01-26 12:10:38.007113,0.0,0.0,0.0
2022-01-26 12:10:38.503145,0.0,0.0,0.0
2022-01-26 12:10:39.002792,0.0,0.0,0.0
2022-01-26 12:10:39.508400,0.0,0.0,0.0
2022-01-26 12:10:40.006450,0.0,0.0,0.0
2022-01-26 12:10:40.510792,0.0,0.0,0.0
2022-01-26 12:10:41.008356,0.0,0.0,0.0
2022-01-26 12:10:41.504837,0.0,0.0,0.0
2022-01-26 12:10:42.003990,0.0,0.0,0.0
2022-01-26 12:10:42.503337,0.0,0.0,0.0
2022-01-26 12:10:43.001297,0.0,0.0,0.0
2022-01-26 12:10:43.506401,0.0,0.0,0.0
2022-01-26 12:10:44.003503,0.0,0.0,0.0
2022-01-26 12:10:44.508640,0.0,0.0,0.0
2022-01-26 12:10:45.006094,0.0,0.0,0.0
2022-01-26 12:10:45.510236,0.0,0.0,0.0
2022-01-26 12:10:46.008689,0.0,0.0,0.0
2022-01-26 12:10:46.504448,0.0,0.0,0.0
2022-01-26 12:10:47.002433,0.0,0.0,0.0
2022-01-26 12:10:47.506830,0.0,0.0,0.0
2022-01-26 12:10:48.006979,0.0,0.0,0.0
2022-01-26 12:10:48.510111,0.0,0.0,0.0
2022-01-26 12:10:49.009935,0.0,0.0,0.0
2022-01-26 12:10:49.504534,0.0,0.0,0.0
2022-01-26 12:10:50.006899,0.0,0.0,0.0
2022-01-26 12:10:50.502048,0.0,0.0,0.0
2022-01-26 12:10:51.007840,0.0,0.0,0.0
2022-01-26 12:10:51.504028,0.0,0.0,0.0
2022-01-26 12:10:52.002126,0.0,0.0,0.0
2022-01-26 12:10:52.507262,0.0,0.0,0.0
2022-01-26 12:10:53.005044,0.0,0.0,0.0
2022-01-26 12:10:53.510663,0.0,0.0,0.0
2022-01-26 12:10:54.007792,0.0,0.0,0.0
2022-01-26 12:10:54.501882,0.0,0.0,0.0
2022-01-26 12:10:55.000817,0.0,0.0,0.0
2022-01-26 12:10:55.506218,0.0,0.0,0.0
2022-01-26 12:10:56.004009,0.0,0.0,0.0
2022-01-26 12:10:56.501403,0.0,0.0,0.0
2022-01-26 12:10:57.009660,0.0,0.0,0.0
2022-01-26 12:10:57.507982,0.0,0.0,0.0
2022-01-26 12:10:58.007023,0.0,0.0,0.0
2022-01-26 12:10:58.503548,0.0,0.0,0.0
2022-01-26 12:10:59.005199,0.0,0.0,0.0
2022-01-26 12:10:59.510875,0.0,0.0,0.0
2022-01-26 12:11:00.009651,0.0,0.0,0.0
2022-01-26 12:11:00.505695,0.0,0.0,0.0
2022-01-26 12:11:01.003593,0.0,0.0,0.0
2022-01-26 12:11:01.508571,0.0,0.0,0.0
2022-01-26 12:11:02.007931,0.0,0.0,0.0
2022-01-26 12:11:02.506675,0.0,0.0,0.0
2022-01-26 12:11:03.003917,0.0,0.0,0.0
2022-01-26 12:11:03.501815,0.0,0.0,0.0
2022-01-26 12:11:04.009058,0.0,0.0,0.0
2022-01-26 12:11:04.505555,0.0,0.0,0.0
2022-01-26 12:11:05.002873,0.0,0.0,0.0
2022-01-26 12:11:05.510654,0.0,0.0,0.0
2022-01-26 12:11:06.007416,0.0,0.0,0.0
2022-01-26 12:11:06.502209,0.0,0.0,0.0
2022-01-26 12:11:07.504972,0.0,0.0,0.0
2022-01-26 12:11:08.002265,0.0,0.0,0.0
2022-01-26 12:11:08.501460,0.0,0.0,0.0
2022-01-26 12:11:09.008411,0.0,0.0,0.0
2022-01-26 12:11:09.502570,0.0,0.0,0.0
2022-01-26 12:11:10.009004,0.0,0.0,0.0
2022-01-26 12:11:10.506814,0.0,0.0,0.0
2022-01-26 12:11:11.010741,0.0,0.0,0.0
2022-01-26 12:11:11.507114,0.0,0.0,0.0
2022-01-26 12:11:12.006756,0.0,0.0,0.0
2022-01-26 12:11:12.504090,0.0,0.0,0.0
2022-01-26 12:11:13.002703,0.0,0.0,0.0
2022-01-26 12:11:13.507890,0.0,0.0,0.0
2022-01-26 12:11:14.004293,0.0,0.0,0.0
2022-01-26 12:11:14.508291,0.0,0.0,0.0
2022-01-26 12:11:15.005504,0.0,0.0,0.0
2022-01-26 12:11:16.004291,0.0,0.0,0.0
2022-01-26 12:11:16.508673,0.0,0.0,0.0
2022-01-26 12:11:17.007744,0.0,0.0,0.0
2022-01-26 12:11:17.506566,0.0,0.0,0.0
2022-01-26 12:11:18.003454,0.0,0.0,0.0
2022-01-26 12:11:18.508627,0.0,0.0,0.0
2022-01-26 12:11:19.006059,0.0,0.0,0.0
2022-01-26 12:11:19.510787,0.0,0.0,0.0
2022-01-26 12:11:20.008534,0.0,0.0,0.0
2022-01-26 12:11:20.503527,0.0,0.0,0.0
2022-01-26 12:11:21.002379,0.0,0.0,0.0
2022-01-26 12:11:21.508312,0.0,0.0,0.0
2022-01-26 12:11:22.007655,0.0,0.0,0.0
2022-01-26 12:11:22.502591,0.0,0.0,0.0
2022-01-26 12:11:23.002508,0.0,0.0,0.0
2022-01-26 12:11:23.508398,0.0,0.0,0.0
2022-01-26 12:11:24.006150,0.0,0.0,0.0
2022-01-26 12:11:24.507790,0.0,0.0,0.0
2022-01-26 12:11:25.004096,0.0,0.0,0.0
2022-01-26 12:11:26.004985,0.0,0.0,0.0
2022-01-26 12:11:26.510663,0.0,0.0,0.0
2022-01-26 12:11:27.006885,0.0,0.0,0.0
2022-01-26 12:11:27.502523,0.0,0.0,0.0
2022-01-26 12:11:28.009761,0.0,0.0,0.0
2022-01-26 12:11:28.503783,0.0,0.0,0.0
2022-01-26 12:11:29.001997,0.0,0.0,0.0
2022-01-26 12:11:29.505605,0.0,0.0,0.0
2022-01-26 12:11:30.002313,0.0,0.0,0.0
2022-01-26 12:11:30.500943,0.0,0.0,0.0
2022-01-26 12:11:31.010746,0.0,0.0,0.0
2022-01-26 12:11:31.506006,0.0,0.0,0.0
2022-01-26 12:11:32.003628,0.0,0.0,0.0
2022-01-26 12:11:32.507982,0.0,0.0,0.0
2022-01-26 12:11:33.001674,0.0,0.0,0.0
2022-01-26 12:11:33.506290,0.0,0.0,0.0
2022-01-26 12:11:34.010449,0.0,0.0,0.0
2022-01-26 12:11:34.507411,0.0,0.0,0.0
2022-01-26 12:11:35.005784,0.0,0.0,0.0
2022-01-26 12:11:35.501058,0.0,0.0,0.0
2022-01-26 12:11:36.009231,0.0,0.0,0.0
2022-01-26 12:11:36.502799,0.0,0.0,0.0
2022-01-26 12:11:37.002148,0.0,0.0,0.0
2022-01-26 12:11:37.506226,0.0,0.0,0.0
2022-01-26 12:11:38.003780,0.0,0.0,0.0
2022-01-26 12:11:38.509289,0.0,0.0,0.0
2022-01-26 12:11:39.005663,0.0,0.0,0.0
2022-01-26 12:11:39.501127,0.0,0.0,0.0
2022-01-26 12:11:40.009029,0.0,0.0,0.0
2022-01-26 12:11:40.503037,0.0,0.0,0.0
2022-01-26 12:11:41.011045,0.0,0.0,0.0
2022-01-26 12:11:41.506779,0.0,0.0,0.0
2022-01-26 12:11:42.003740,0.0,0.0,0.0
2022-01-26 12:11:42.507735,0.0,0.0,0.0
2022-01-26 12:11:43.004899,0.0,0.0,0.0
2022-01-26 12:11:43.510593,0.0,0.0,0.0
2022-01-26 12:11:44.008034,0.0,0.0,0.0
2022-01-26 12:11:44.502235,0.0,0.0,0.0
2022-01-26 12:11:45.009468,0.0,0.0,0.0
2022-01-26 12:11:45.504586,0.0,0.0,0.0
2022-01-26 12:11:46.004771,0.0,0.0,0.0
2022-01-26 12:11:46.509094,0.0,0.0,0.0
2022-01-26 12:11:47.007066,0.0,0.0,0.0
2022-01-26 12:11:47.510926,0.0,0.0,0.0
2022-01-26 12:11:48.008734,0.0,0.0,0.0
2022-01-26 12:11:48.505021,0.0,0.0,0.0
2022-01-26 12:11:49.010213,0.0,0.0,0.0
2022-01-26 12:11:49.504335,0.0,0.0,0.0
2022-01-26 12:11:50.002395,0.0,0.0,0.0
2022-01-26 12:11:50.508920,0.0,0.0,0.0
2022-01-26 12:11:51.008389,0.0,0.0,0.0
2022-01-26 12:11:51.504065,0.0,0.0,0.0
2022-01-26 12:11:52.003459,0.0,0.0,0.0
2022-01-26 12:11:52.507914,0.0,0.0,0.0
2022-01-26 12:11:53.005431,0.0,0.0,0.0
2022-01-26 12:11:53.509153,0.0,0.0,0.0
2022-01-26 12:11:54.007827,0.0,0.0,0.0
2022-01-26 12:11:54.502263,0.0,0.0,0.0
2022-01-26 12:11:55.007499,0.0,0.0,0.0
2022-01-26 12:11:55.502182,0.0,0.0,0.0
2022-01-26 12:11:56.001123,0.0,0.0,0.0
2022-01-26 12:11:56.507052,0.0,0.0,0.0
2022-01-26 12:11:57.004557,0.0,0.0,0.0
2022-01-26 12:11:57.508728,0.0,0.0,0.0
2022-01-26 12:11:58.009323,0.0,0.0,0.0
2022-01-26 12:11:58.505666,0.0,0.0,0.0
2022-01-26 12:11:59.003665,0.0,0.0,0.0
2022-01-26 12:11:59.506942,0.0,0.0,0.0
2022-01-26 12:12:00.005242,0.0,0.0,0.0
2022-01-26 12:12:00.510848,0.0,0.0,0.0
2022-01-26 12:12:01.009973,0.0,0.0,0.0
2022-01-26 12:12:01.503165,0.0,0.0,0.0
2022-01-26 12:12:02.005447,0.0,0.0,0.0
2022-01-26 12:12:02.510367,0.0,0.0,0.0
2022-01-26 12:12:03.007126,0.0,0.0,0.0
2022-01-26 12:12:03.502388,0.0,0.0,0.0
2022-01-26 12:12:04.009845,0.0,0.0,0.0
2022-01-26 12:12:04.504716,0.0,0.0,0.0
2022-01-26 12:12:05.004333,0.0,0.0,0.0
2022-01-26 12:12:05.509792,0.0,0.0,0.0
2022-01-26 12:12:06.008534,0.0,0.0,0.0
2022-01-26 12:12:06.503934,0.0,0.0,0.0
2022-01-26 12:12:07.001746,0.0,0.0,0.0
2022-01-26 12:12:07.503829,0.0,0.0,0.0
2022-01-26 12:12:08.001815,0.0,0.0,0.0
2022-01-26 12:12:08.507471,0.0,0.0,0.0
2022-01-26 12:12:09.007978,0.0,0.0,0.0
2022-01-26 12:12:09.503739,0.0,0.0,0.0
2022-01-26 12:12:10.001274,0.0,0.0,0.0
2022-01-26 12:12:10.501341,0.0,0.0,0.0
2022-01-26 12:12:11.009718,0.0,0.0,0.0
2022-01-26 12:12:11.506758,0.0,0.0,0.0
2022-01-26 12:12:12.003984,0.0,0.0,0.0
2022-01-26 12:12:12.509310,0.0,0.0,0.0
2022-01-26 12:12:13.007754,0.0,0.0,0.0
2022-01-26 12:12:13.502451,0.0,0.0,0.0
2022-01-26 12:12:14.002870,0.0,0.0,0.0
2022-01-26 12:12:14.509202,0.0,0.0,0.0
2022-01-26 12:12:15.007930,0.0,0.0,0.0
2022-01-26 12:12:15.505399,0.0,0.0,0.0
2022-01-26 12:12:16.001829,0.0,0.0,0.0
2022-01-26 12:12:16.501883,0.0,0.0,0.0
2022-01-26 12:12:17.010193,0.0,0.0,0.0
2022-01-26 12:12:17.503713,0.0,0.0,0.0
2022-01-26 12:12:18.003390,0.0,0.0,0.0
2022-01-26 12:12:18.510395,0.0,0.0,0.0
2022-01-26 12:12:19.007889,0.0,0.0,0.0
2022-01-26 12:12:19.504057,0.0,0.0,0.0
2022-01-26 12:12:20.006038,0.0,0.0,0.0
2022-01-26 12:12:20.511139,0.0,0.0,0.0
2022-01-26 12:12:21.010041,0.0,0.0,0.0
2022-01-26 12:12:21.504766,0.0,0.0,0.0
2022-01-26 12:12:22.001927,0.0,0.0,0.0
2022-01-26 12:12:22.506435,0.0,0.0,0.0
2022-01-26 12:12:23.002711,0.0,0.0,0.0
2022-01-26 12:12:23.509763,0.0,0.0,0.0
2022-01-26 12:12:24.007969,0.0,0.0,0.0
2022-01-26 12:12:24.503757,0.0,0.0,0.0
2022-01-26 12:12:25.011211,0.0,0.0,0.0
2022-01-26 12:12:25.505284,0.0,0.0,0.0
2022-01-26 12:12:26.004816,0.0,0.0,0.0
2022-01-26 12:12:26.509825,0.0,0.0,0.0
2022-01-26 12:12:27.006590,0.0,0.0,0.0
2022-01-26 12:12:27.501791,0.0,0.0,0.0
2022-01-26 12:12:28.010803,0.0,0.0,0.0
2022-01-26 12:12:28.508658,0.0,0.0,0.0
2022-01-26 12:12:29.007947,0.0,0.0,0.0
2022-01-26 12:12:29.502711,0.0,0.0,0.0
2022-01-26 12:12:30.009506,0.0,0.0,0.0
2022-01-26 12:12:30.503134,0.0,0.0,0.0
2022-01-26 12:12:31.003782,0.0,0.0,0.0
2022-01-26 12:12:31.508156,0.0,0.0,0.0
2022-01-26 12:12:32.008999,0.0,0.0,0.0
2022-01-26 12:12:32.503316,0.0,0.0,0.0
2022-01-26 12:12:33.010891,0.0,0.0,0.0
2022-01-26 12:12:33.505201,0.0,0.0,0.0
2022-01-26 12:12:34.002965,0.0,0.0,0.0
2022-01-26 12:12:34.506951,0.0,0.0,0.0
2022-01-26 12:12:35.005328,0.0,0.0,0.0
2022-01-26 12:12:35.509900,0.0,0.0,0.0
2022-01-26 12:12:36.007986,0.0,0.0,0.0
2022-01-26 12:12:36.501685,0.0,0.0,0.0
2022-01-26 12:12:37.002158,0.0,0.0,0.0
2022-01-26 12:12:37.507494,0.0,0.0,0.0
2022-01-26 12:12:38.005422,0.0,0.0,0.0
2022-01-26 12:12:38.511031,0.0,0.0,0.0
2022-01-26 12:12:39.007815,0.0,0.0,0.0
2022-01-26 12:12:39.502557,0.0,0.0,0.0
2022-01-26 12:12:40.008566,0.0,0.0,0.0
2022-01-26 12:12:40.502932,0.0,0.0,0.0
2022-01-26 12:12:41.010178,0.0,0.0,0.0
2022-01-26 12:12:41.505169,0.0,0.0,0.0
2022-01-26 12:12:42.001792,0.0,0.0,0.0
2022-01-26 12:12:42.507634,0.0,0.0,0.0
2022-01-26 12:12:43.005082,0.0,0.0,0.0
2022-01-26 12:12:43.510252,0.0,0.0,0.0
2022-01-26 12:12:44.009333,0.0,0.0,0.0
2022-01-26 12:12:44.506706,0.0,0.0,0.0
2022-01-26 12:12:45.005474,0.0,0.0,0.0
2022-01-26 12:12:45.501013,0.0,0.0,0.0
2022-01-26 12:12:46.007729,0.0,0.0,0.0
2022-01-26 12:12:46.503831,0.0,0.0,0.0
2022-01-26 12:12:47.010727,0.0,0.0,0.0
2022-01-26 12:12:47.508077,0.0,0.0,0.0
2022-01-26 12:12:48.006695,0.0,0.0,0.0
2022-01-26 12:12:48.501404,0.0,0.0,0.0
2022-01-26 12:12:49.010766,0.0,0.0,0.0
2022-01-26 12:12:49.503252,0.0,0.0,0.0
2022-01-26 12:12:50.504904,0.0,0.0,0.0
2022-01-26 12:12:51.003355,0.0,0.0,0.0
2022-01-26 12:12:51.510136,0.0,0.0,0.0
2022-01-26 12:12:52.007505,0.0,0.0,0.0
2022-01-26 12:12:52.501564,0.0,0.0,0.0
2022-01-26 12:12:53.001171,0.0,0.0,0.0
2022-01-26 12:12:53.506612,0.0,0.0,0.0
2022-01-26 12:12:54.005477,0.0,0.0,0.0
2022-01-26 12:12:54.511165,0.0,0.0,0.0
2022-01-26 12:12:55.008269,0.0,0.0,0.0
2022-01-26 12:12:55.502252,0.0,0.0,0.0
2022-01-26 12:12:56.006729,0.0,0.0,0.0
2022-01-26 12:12:56.502795,0.0,0.0,0.0
2022-01-26 12:12:57.002394,0.0,0.0,0.0
2022-01-26 12:12:57.506521,0.0,0.0,0.0
2022-01-26 12:12:58.006394,0.0,0.0,0.0
2022-01-26 12:12:58.509830,0.0,0.0,0.0
2022-01-26 12:12:59.006184,0.0,0.0,0.0
2022-01-26 12:12:59.501778,0.0,0.0,0.0
2022-01-26 12:13:00.010501,0.0,0.0,0.0
2022-01-26 12:13:00.507157,0.0,0.0,0.0
2022-01-26 12:13:01.006253,0.0,0.0,0.0
2022-01-26 12:13:01.501135,0.0,0.0,0.0
2022-01-26 12:13:02.008879,0.0,0.0,0.0
2022-01-26 12:13:02.504101,0.0,0.0,0.0
2022-01-26 12:13:03.004349,0.0,0.0,0.0
2022-01-26 12:13:03.510335,0.0,0.0,0.0
2022-01-26 12:13:04.010333,0.0,0.0,0.0
2022-01-26 12:13:04.507206,0.0,0.0,0.0
2022-01-26 12:13:05.006617,0.0,0.0,0.0
2022-01-26 12:13:05.501009,0.0,0.0,0.0
2022-01-26 12:13:06.010328,0.0,0.0,0.0
2022-01-26 12:13:06.507844,0.0,0.0,0.0
2022-01-26 12:13:07.004093,0.0,0.0,0.0
2022-01-26 12:13:07.506979,0.0,0.0,0.0
2022-01-26 12:13:08.003955,0.0,0.0,0.0
2022-01-26 12:13:08.509553,0.0,0.0,0.0
2022-01-26 12:13:09.008433,0.0,0.0,0.0
2022-01-26 12:13:09.504578,0.0,0.0,0.0
2022-01-26 12:13:10.003057,0.0,0.0,0.0
2022-01-26 12:13:10.508762,0.0,0.0,0.0
2022-01-26 12:13:11.005335,0.0,0.0,0.0
2022-01-26 12:13:11.510376,0.0,0.0,0.0
2022-01-26 12:13:12.007865,0.0,0.0,0.0
2022-01-26 12:13:12.503309,0.0,0.0,0.0
2022-01-26 12:13:13.010208,0.0,0.0,0.0
2022-01-26 12:13:13.506818,0.0,0.0,0.0
2022-01-26 12:13:14.004370,0.0,0.0,0.0
2022-01-26 12:13:14.509095,0.0,0.0,0.0
2022-01-26 12:13:15.005399,0.0,0.0,0.0
2022-01-26 12:13:15.501464,0.0,0.0,0.0
2022-01-26 12:13:16.009222,0.0,0.0,0.0
2022-01-26 12:13:16.503221,0.0,0.0,0.0
2022-01-26 12:13:17.001522,0.0,0.0,0.0
2022-01-26 12:13:17.505121,0.0,0.0,0.0
2022-01-26 12:13:18.004238,0.0,0.0,0.0
2022-01-26 12:13:18.500807,0.0,0.0,0.0
2022-01-26 12:13:19.007818,0.0,0.0,0.0
2022-01-26 12:13:19.502960,0.0,0.0,0.0
2022-01-26 12:13:20.009822,0.0,0.0,0.0
2022-01-26 12:13:20.504895,0.0,0.0,0.0
2022-01-26 12:13:21.002198,0.0,0.0,0.0
2022-01-26 12:13:21.507072,0.0,0.0,0.0
2022-01-26 12:13:22.003280,0.0,0.0,0.0
2022-01-26 12:13:22.507399,0.0,0.0,0.0
2022-01-26 12:13:23.005947,0.0,0.0,0.0
2022-01-26 12:13:23.501472,0.0,0.0,0.0
2022-01-26 12:13:24.002545,0.0,0.0,0.0
2022-01-26 12:13:24.509331,0.0,0.0,0.0
2022-01-26 12:13:25.005687,0.0,0.0,0.0
2022-01-26 12:13:25.501245,0.0,0.0,0.0
2022-01-26 12:13:26.011081,0.0,0.0,0.0
2022-01-26 12:13:26.505415,0.0,0.0,0.0
2022-01-26 12:13:27.002369,0.0,0.0,0.0
2022-01-26 12:13:27.510154,0.0,0.0,0.0
2022-01-26 12:13:28.007056,0.0,0.0,0.0
2022-01-26 12:13:28.502538,0.0,0.0,0.0
2022-01-26 12:13:29.010919,0.0,0.0,0.0
2022-01-26 12:13:29.504644,0.0,0.0,0.0
2022-01-26 12:13:30.001911,0.0,0.0,0.0
2022-01-26 12:13:30.507672,0.0,0.0,0.0
2022-01-26 12:13:31.005269,0.0,0.0,0.0
2022-01-26 12:13:31.509497,0.0,0.0,0.0
2022-01-26 12:13:32.008425,0.0,0.0,0.0
2022-01-26 12:13:32.502538,0.0,0.0,0.0
2022-01-26 12:13:33.002946,0.0,0.0,0.0
2022-01-26 12:13:33.506396,0.0,0.0,0.0
2022-01-26 12:13:34.002879,0.0,0.0,0.0
2022-01-26 12:13:34.506835,0.0,0.0,0.0
2022-01-26 12:13:35.003358,0.0,0.0,0.0
2022-01-26 12:13:35.511109,0.0,0.0,0.0
2022-01-26 12:13:36.009680,0.0,0.0,0.0
2022-01-26 12:13:36.505996,0.0,0.0,0.0
2022-01-26 12:13:37.003721,0.0,0.0,0.0
2022-01-26 12:13:37.509870,0.0,0.0,0.0
2022-01-26 12:13:38.009570,0.0,0.0,0.0
2022-01-26 12:13:38.505121,0.0,0.0,0.0
2022-01-26 12:13:39.002665,0.0,0.0,0.0
2022-01-26 12:13:39.506853,0.0,0.0,0.0
2022-01-26 12:13:40.006356,0.0,0.0,0.0
2022-01-26 12:13:40.510048,0.0,0.0,0.0
2022-01-26 12:13:41.009274,0.0,0.0,0.0
2022-01-26 12:13:41.504475,0.0,0.0,0.0
2022-01-26 12:13:42.004890,0.0,0.0,0.0
2022-01-26 12:13:42.510483,0.0,0.0,0.0
2022-01-26 12:13:43.008572,0.0,0.0,0.0
2022-01-26 12:13:43.503918,0.0,0.0,0.0
2022-01-26 12:13:44.006183,0.0,0.0,0.0
2022-01-26 12:13:44.502370,0.0,0.0,0.0
2022-01-26 12:13:45.009642,0.0,0.0,0.0
2022-01-26 12:13:45.500941,0.0,0.0,0.0
2022-01-26 12:13:46.009151,0.0,0.0,0.0
2022-01-26 12:13:46.509552,0.0,0.0,0.0
2022-01-26 12:13:47.009490,0.0,0.0,0.0
2022-01-26 12:13:47.504823,0.0,0.0,0.0
2022-01-26 12:13:48.001259,0.0,0.0,0.0
2022-01-26 12:13:48.506536,0.0,0.0,0.0
2022-01-26 12:13:49.003604,0.0,0.0,0.0
2022-01-26 12:13:49.507766,0.0,0.0,0.0
2022-01-26 12:13:50.007474,0.0,0.0,0.0
2022-01-26 12:13:50.503094,0.0,0.0,0.0
2022-01-26 12:13:51.010151,0.0,0.0,0.0
2022-01-26 12:13:51.503825,0.0,0.0,0.0
2022-01-26 12:13:52.010531,0.0,0.0,0.0
2022-01-26 12:13:52.505283,0.0,0.0,0.0
2022-01-26 12:13:53.005107,0.0,0.0,0.0
2022-01-26 12:13:53.510653,0.0,0.0,0.0
2022-01-26 12:13:54.505086,0.0,0.0,0.0
2022-01-26 12:13:55.003011,0.0,0.0,0.0
2022-01-26 12:13:55.510517,0.0,0.0,0.0
2022-01-26 12:13:56.008429,0.0,0.0,0.0
2022-01-26 12:13:56.502879,0.0,0.0,0.0
2022-01-26 12:13:57.003032,0.0,0.0,0.0
2022-01-26 12:13:57.506788,0.0,0.0,0.0
2022-01-26 12:13:58.003107,0.0,0.0,0.0
2022-01-26 12:13:58.509067,0.0,0.0,0.0
2022-01-26 12:13:59.007186,0.0,0.0,0.0
2022-01-26 12:13:59.501954,0.0,0.0,0.0
2022-01-26 12:14:00.002128,0.0,0.0,0.0
2022-01-26 12:14:00.501218,0.0,0.0,0.0
2022-01-26 12:14:01.009647,0.0,0.0,0.0
2022-01-26 12:14:01.504887,0.0,0.0,0.0
2022-01-26 12:14:02.005735,0.0,0.0,0.0
2022-01-26 12:14:02.510801,0.0,0.0,0.0
2022-01-26 12:14:03.008580,0.0,0.0,0.0
2022-01-26 12:14:03.504593,0.0,0.0,0.0
2022-01-26 12:14:04.001733,0.0,0.0,0.0
2022-01-26 12:14:04.507225,0.0,0.0,0.0
2022-01-26 12:14:05.004514,0.0,0.0,0.0
2022-01-26 12:14:05.509200,0.0,0.0,0.0
2022-01-26 12:14:06.004699,0.0,0.0,0.0
2022-01-26 12:14:06.508989,0.0,0.0,0.0
2022-01-26 12:14:07.006693,0.0,0.0,0.0
2022-01-26 12:14:07.510623,0.0,0.0,0.0
2022-01-26 12:14:08.009888,0.0,0.0,0.0
2022-01-26 12:14:08.501537,0.0,0.0,0.0
2022-01-26 12:14:09.009500,0.0,0.0,0.0
2022-01-26 12:14:09.503591,0.0,0.0,0.0
2022-01-26 12:14:10.002126,0.0,0.0,0.0
2022-01-26 12:14:10.508074,0.0,0.0,0.0
2022-01-26 12:14:11.006047,0.0,0.0,0.0
2022-01-26 12:14:11.501557,0.0,0.0,0.0
2022-01-26 12:14:12.002214,0.0,0.0,0.0
2022-01-26 12:14:12.508196,0.0,0.0,0.0
2022-01-26 12:14:13.006856,0.0,0.0,0.0
2022-01-26 12:14:13.501160,0.0,0.0,0.0
2022-01-26 12:14:14.007262,0.0,0.0,0.0
2022-01-26 12:14:14.510145,0.0,0.0,0.0
2022-01-26 12:14:15.009100,0.0,0.0,0.0
2022-01-26 12:14:15.506242,0.0,0.0,0.0
2022-01-26 12:14:16.003382,0.0,0.0,0.0
2022-01-26 12:14:16.501685,0.0,0.0,0.0
2022-01-26 12:14:17.008971,0.0,0.0,0.0
2022-01-26 12:14:17.502635,0.0,0.0,0.0
2022-01-26 12:14:18.010365,0.0,0.0,0.0
2022-01-26 12:14:18.504882,0.0,0.0,0.0
2022-01-26 12:14:19.003868,0.0,0.0,0.0
2022-01-26 12:14:19.507276,0.0,0.0,0.0
2022-01-26 12:14:20.007431,0.0,0.0,0.0
2022-01-26 12:14:20.503186,0.0,0.0,0.0
2022-01-26 12:14:21.004745,0.0,0.0,0.0
2022-01-26 12:14:21.503171,0.0,0.0,0.0
2022-01-26 12:14:22.001545,0.0,0.0,0.0
2022-01-26 12:14:22.506275,0.0,0.0,0.0
2022-01-26 12:14:23.006067,0.0,0.0,0.0
2022-01-26 12:14:23.502066,0.0,0.0,0.0
2022-01-26 12:14:24.009638,0.0,0.0,0.0
2022-01-26 12:14:24.505986,0.0,0.0,0.0
2022-01-26 12:14:25.002168,0.0,0.0,0.0
2022-01-26 12:14:25.508956,0.0,0.0,0.0
2022-01-26 12:14:26.006077,0.0,0.0,0.0
2022-01-26 12:14:26.509957,0.0,0.0,0.0
2022-01-26 12:14:27.006565,0.0,0.0,0.0
2022-01-26 12:14:27.501218,0.0,0.0,0.0
2022-01-26 12:14:28.009477,0.0,0.0,0.0
2022-01-26 12:14:28.504403,0.0,0.0,0.0
2022-01-26 12:14:29.003202,0.0,0.0,0.0
2022-01-26 12:14:29.507534,0.0,0.0,0.0
2022-01-26 12:14:30.006644,0.0,0.0,0.0
2022-01-26 12:14:30.510046,0.0,0.0,0.0
2022-01-26 12:14:31.009883,0.0,0.0,0.0
2022-01-26 12:14:31.505265,0.0,0.0,0.0
2022-01-26 12:14:32.004217,0.0,0.0,0.0
2022-01-26 12:14:32.507092,0.0,0.0,0.0
2022-01-26 12:14:33.006342,0.0,0.0,0.0
2022-01-26 12:14:33.504842,0.0,0.0,0.0
2022-01-26 12:14:34.002347,0.0,0.0,0.0
2022-01-26 12:14:34.508902,0.0,0.0,0.0
2022-01-26 12:14:35.007116,0.0,0.0,0.0
2022-01-26 12:14:35.502308,0.0,0.0,0.0
2022-01-26 12:14:36.001078,0.0,0.0,0.0
2022-01-26 12:14:36.504722,0.0,0.0,0.0
2022-01-26 12:14:37.003271,0.0,0.0,0.0
2022-01-26 12:14:37.507851,0.0,0.0,0.0
2022-01-26 12:14:38.006641,0.0,0.0,0.0
2022-01-26 12:14:38.505037,0.0,0.0,0.0
2022-01-26 12:14:39.001894,0.0,0.0,0.0
2022-01-26 12:14:39.506967,0.0,0.0,0.0
2022-01-26 12:14:40.004955,0.0,0.0,0.0
2022-01-26 12:14:40.510468,0.0,0.0,0.0
2022-01-26 12:14:41.007850,0.0,0.0,0.0
2022-01-26 12:14:41.505571,0.0,0.0,0.0
2022-01-26 12:14:42.003991,0.0,0.0,0.0
2022-01-26 12:14:42.501067,0.0,0.0,0.0
2022-01-26 12:14:43.005311,0.0,0.0,0.0
2022-01-26 12:14:43.502514,0.0,0.0,0.0
2022-01-26 12:14:44.003356,0.0,0.0,0.0
2022-01-26 12:14:44.508735,0.0,0.0,0.0
2022-01-26 12:14:45.005530,0.0,0.0,0.0
2022-01-26 12:14:45.501693,0.0,0.0,0.0
2022-01-26 12:14:46.011039,0.0,0.0,0.0
2022-01-26 12:14:46.506990,0.0,0.0,0.0
2022-01-26 12:14:47.008482,0.0,0.0,0.0
2022-01-26 12:14:47.507605,0.0,0.0,0.0
2022-01-26 12:14:48.007763,0.0,0.0,0.0
2022-01-26 12:14:48.503624,0.0,0.0,0.0
2022-01-26 12:14:49.003969,0.0,0.0,0.0
2022-01-26 12:14:49.509824,0.0,0.0,0.0
2022-01-26 12:14:50.010145,0.0,0.0,0.0
2022-01-26 12:14:50.504972,0.0,0.0,0.0
2022-01-26 12:14:51.005005,0.0,0.0,0.0
2022-01-26 12:14:51.504546,0.0,0.0,0.0
2022-01-26 12:14:52.001776,0.0,0.0,0.0
2022-01-26 12:14:52.509441,0.0,0.0,0.0
2022-01-26 12:14:53.007419,0.0,0.0,0.0
2022-01-26 12:14:53.503039,0.0,0.0,0.0
2022-01-26 12:14:54.003437,0.0,0.0,0.0
2022-01-26 12:14:54.501472,0.0,0.0,0.0
2022-01-26 12:14:55.010256,0.0,0.0,0.0
2022-01-26 12:14:55.509060,0.0,0.0,0.0
2022-01-26 12:14:56.005771,0.0,0.0,0.0
2022-01-26 12:14:56.502943,0.0,0.0,0.0
2022-01-26 12:14:57.010960,0.0,0.0,0.0
2022-01-26 12:14:57.506172,0.0,0.0,0.0
2022-01-26 12:14:58.003707,0.0,0.0,0.0
2022-01-26 12:14:58.509060,0.0,0.0,0.0
2022-01-26 12:14:59.008337,0.0,0.0,0.0
2022-01-26 12:14:59.503503,0.0,0.0,0.0
2022-01-26 12:15:00.002605,0.0,0.0,0.0
2022-01-26 12:15:00.507250,0.0,0.0,0.0
2022-01-26 12:15:01.007963,0.0,0.0,0.0
2022-01-26 12:15:01.504125,0.0,0.0,0.0
2022-01-26 12:15:02.003915,0.0,0.0,0.0
2022-01-26 12:15:02.510088,0.0,0.0,0.0
2022-01-26 12:15:03.009939,0.0,0.0,0.0
2022-01-26 12:15:03.504416,0.0,0.0,0.0
2022-01-26 12:15:04.005519,0.0,0.0,0.0
2022-01-26 12:15:04.500523,0.0,0.0,0.0
2022-01-26 12:15:05.008904,0.0,0.0,0.0
2022-01-26 12:15:05.505741,0.0,0.0,0.0
2022-01-26 12:15:06.003268,0.0,0.0,0.0
2022-01-26 12:15:06.508353,0.0,0.0,0.0
2022-01-26 12:15:07.006367,0.0,0.0,0.0
2022-01-26 12:15:07.510859,0.0,0.0,0.0
2022-01-26 12:15:08.010655,0.0,0.0,0.0
2022-01-26 12:15:08.508857,0.0,0.0,0.0
2022-01-26 12:15:09.006606,0.0,0.0,0.0
2022-01-26 12:15:09.510781,0.0,0.0,0.0
2022-01-26 12:15:10.007440,0.0,0.0,0.0
2022-01-26 12:15:10.501556,0.0,0.0,0.0
2022-01-26 12:15:11.010588,0.0,0.0,0.0
2022-01-26 12:15:11.503661,0.0,0.0,0.0
2022-01-26 12:15:12.002296,0.0,0.0,0.0
2022-01-26 12:15:12.508282,0.0,0.0,0.0
2022-01-26 12:15:13.004695,0.0,0.0,0.0
2022-01-26 12:15:13.501009,0.0,0.0,0.0
2022-01-26 12:15:14.009100,0.0,0.0,0.0
2022-01-26 12:15:14.503426,0.0,0.0,0.0
2022-01-26 12:15:15.011275,0.0,0.0,0.0
2022-01-26 12:15:15.506246,0.0,0.0,0.0
2022-01-26 12:15:16.001715,0.0,0.0,0.0
2022-01-26 12:15:16.507006,0.0,0.0,0.0
2022-01-26 12:15:17.005225,0.0,0.0,0.0
2022-01-26 12:15:17.509776,0.0,0.0,0.0
2022-01-26 12:15:18.007407,0.0,0.0,0.0
2022-01-26 12:15:18.503269,0.0,0.0,0.0
2022-01-26 12:15:19.505018,0.0,0.0,0.0
2022-01-26 12:15:20.002646,0.0,0.0,0.0
2022-01-26 12:15:20.508629,0.0,0.0,0.0
2022-01-26 12:15:21.007794,0.0,0.0,0.0
2022-01-26 12:15:21.502135,0.0,0.0,0.0
2022-01-26 12:15:22.002180,0.0,0.0,0.0
2022-01-26 12:15:22.508934,0.0,0.0,0.0
2022-01-26 12:15:23.006013,0.0,0.0,0.0
2022-01-26 12:15:23.501343,0.0,0.0,0.0
2022-01-26 12:15:24.008367,0.0,0.0,0.0
2022-01-26 12:15:24.504221,0.0,0.0,0.0
2022-01-26 12:15:25.006661,0.0,0.0,0.0
2022-01-26 12:15:25.506540,0.0,0.0,0.0
2022-01-26 12:15:26.006233,0.0,0.0,0.0
2022-01-26 12:15:26.503986,0.0,0.0,0.0
2022-01-26 12:15:27.001897,0.0,0.0,0.0
2022-01-26 12:15:27.507319,0.0,0.0,0.0
2022-01-26 12:15:28.006733,0.0,0.0,0.0
2022-01-26 12:15:28.503265,0.0,0.0,0.0
2022-01-26 12:15:29.000941,0.0,0.0,0.0
2022-01-26 12:15:29.505449,0.0,0.0,0.0
2022-01-26 12:15:30.004346,0.0,0.0,0.0
2022-01-26 12:15:30.510343,0.0,0.0,0.0
2022-01-26 12:15:31.001308,0.0,0.0,0.0
2022-01-26 12:15:31.507044,0.0,0.0,0.0
2022-01-26 12:15:32.005749,0.0,0.0,0.0
2022-01-26 12:15:32.510379,0.0,0.0,0.0
2022-01-26 12:15:33.006345,0.0,0.0,0.0
2022-01-26 12:15:33.510853,0.0,0.0,0.0
2022-01-26 12:15:34.008862,0.0,0.0,0.0
2022-01-26 12:15:34.505722,0.0,0.0,0.0
2022-01-26 12:15:35.004164,0.0,0.0,0.0
2022-01-26 12:15:35.503701,0.0,0.0,0.0
2022-01-26 12:15:36.002476,0.0,0.0,0.0
2022-01-26 12:15:36.507316,0.0,0.0,0.0
2022-01-26 12:15:37.006009,0.0,0.0,0.0
2022-01-26 12:15:37.510061,0.0,0.0,0.0
2022-01-26 12:15:38.008352,0.0,0.0,0.0
2022-01-26 12:15:38.503658,0.0,0.0,0.0
2022-01-26 12:15:39.002573,0.0,0.0,0.0
2022-01-26 12:15:39.508078,0.0,0.0,0.0
2022-01-26 12:15:40.005678,0.0,0.0,0.0
2022-01-26 12:15:40.510104,0.0,0.0,0.0
2022-01-26 12:15:41.006999,0.0,0.0,0.0
2022-01-26 12:15:41.502480,0.0,0.0,0.0
2022-01-26 12:15:42.009714,0.0,0.0,0.0
2022-01-26 12:15:42.504824,0.0,0.0,0.0
2022-01-26 12:15:43.003526,0.0,0.0,0.0
2022-01-26 12:15:43.507293,0.0,0.0,0.0
2022-01-26 12:15:44.005870,0.0,0.0,0.0
2022-01-26 12:15:44.502225,0.0,0.0,0.0
2022-01-26 12:15:45.010316,0.0,0.0,0.0
2022-01-26 12:15:45.504970,0.0,0.0,0.0
2022-01-26 12:15:46.003530,0.0,0.0,0.0
2022-01-26 12:15:46.508445,0.0,0.0,0.0
2022-01-26 12:15:47.008144,0.0,0.0,0.0
2022-01-26 12:15:47.505907,0.0,0.0,0.0
2022-01-26 12:15:48.004988,0.0,0.0,0.0
2022-01-26 12:15:48.501523,0.0,0.0,0.0
2022-01-26 12:15:49.009989,0.0,0.0,0.0
2022-01-26 12:15:49.504064,0.0,0.0,0.0
2022-01-26 12:15:50.003790,0.0,0.0,0.0
2022-01-26 12:15:50.508423,0.0,0.0,0.0
2022-01-26 12:15:51.005774,0.0,0.0,0.0
2022-01-26 12:15:51.509556,0.0,0.0,0.0
2022-01-26 12:15:52.006468,0.0,0.0,0.0
2022-01-26 12:15:52.501760,0.0,0.0,0.0
2022-01-26 12:15:53.009130,0.0,0.0,0.0
2022-01-26 12:15:53.504849,0.0,0.0,0.0
2022-01-26 12:15:54.001924,0.0,0.0,0.0
2022-01-26 12:15:54.509232,0.0,0.0,0.0
2022-01-26 12:15:55.007172,0.0,0.0,0.0
2022-01-26 12:15:55.503185,0.0,0.0,0.0
2022-01-26 12:15:56.001180,0.0,0.0,0.0
2022-01-26 12:15:56.506552,0.0,0.0,0.0
2022-01-26 12:15:57.004453,0.0,0.0,0.0
2022-01-26 12:15:57.510694,0.0,0.0,0.0
2022-01-26 12:15:58.009459,0.0,0.0,0.0
2022-01-26 12:15:58.507916,0.0,0.0,0.0
2022-01-26 12:15:59.008752,0.0,0.0,0.0
2022-01-26 12:15:59.504498,0.0,0.0,0.0
2022-01-26 12:16:00.002679,0.0,0.0,0.0
2022-01-26 12:16:00.507312,0.0,0.0,0.0
2022-01-26 12:16:01.004375,0.0,0.0,0.0
2022-01-26 12:16:01.509729,0.0,0.0,0.0
2022-01-26 12:16:02.006155,0.0,0.0,0.0
2022-01-26 12:16:02.502316,0.0,0.0,0.0
2022-01-26 12:16:03.011273,0.0,0.0,0.0
2022-01-26 12:16:03.505033,0.0,0.0,0.0
2022-01-26 12:16:04.003854,0.0,0.0,0.0
2022-01-26 12:16:04.508425,0.0,0.0,0.0
2022-01-26 12:16:05.007881,0.0,0.0,0.0
2022-01-26 12:16:05.502047,0.0,0.0,0.0
2022-01-26 12:16:06.009876,0.0,0.0,0.0
2022-01-26 12:16:06.508394,0.0,0.0,0.0
2022-01-26 12:16:07.006274,0.0,0.0,0.0
2022-01-26 12:16:07.500731,0.0,0.0,0.0
2022-01-26 12:16:08.008520,0.0,0.0,0.0
2022-01-26 12:16:08.504682,0.0,0.0,0.0
2022-01-26 12:16:09.505077,0.0,0.0,0.0
2022-01-26 12:16:10.001488,0.0,0.0,0.0
2022-01-26 12:16:10.507242,0.0,0.0,0.0
2022-01-26 12:16:11.003908,0.0,0.0,0.0
2022-01-26 12:16:11.510558,0.0,0.0,0.0
2022-01-26 12:16:12.007295,0.0,0.0,0.0
2022-01-26 12:16:12.501444,0.0,0.0,0.0
2022-01-26 12:16:13.009736,0.0,0.0,0.0
2022-01-26 12:16:13.504637,0.0,0.0,0.0
2022-01-26 12:16:14.008008,0.0,0.0,0.0
2022-01-26 12:16:14.503790,0.0,0.0,0.0
2022-01-26 12:16:15.001221,0.0,0.0,0.0
2022-01-26 12:16:15.504888,0.0,0.0,0.0
2022-01-26 12:16:16.004794,0.0,0.0,0.0
2022-01-26 12:16:16.510289,0.0,0.0,0.0
2022-01-26 12:16:17.009851,0.0,0.0,0.0
2022-01-26 12:16:17.504294,0.0,0.0,0.0
2022-01-26 12:16:18.003541,0.0,0.0,0.0
2022-01-26 12:16:18.507170,0.0,0.0,0.0
2022-01-26 12:16:19.007620,0.0,0.0,0.0
2022-01-26 12:16:19.501889,0.0,0.0,0.0
2022-01-26 12:16:20.009794,0.0,0.0,0.0
2022-01-26 12:16:20.506128,0.0,0.0,0.0
2022-01-26 12:16:21.003197,0.0,0.0,0.0
2022-01-26 12:16:21.510240,0.0,0.0,0.0
2022-01-26 12:16:22.006989,0.0,0.0,0.0
2022-01-26 12:16:22.503430,0.0,0.0,0.0
2022-01-26 12:16:23.001528,0.0,0.0,0.0
2022-01-26 12:16:23.506723,0.0,0.0,0.0
2022-01-26 12:16:24.004738,0.0,0.0,0.0
2022-01-26 12:16:24.509564,0.0,0.0,0.0
2022-01-26 12:16:25.003401,0.0,0.0,0.0
2022-01-26 12:16:25.507206,0.0,0.0,0.0
2022-01-26 12:16:26.004552,0.0,0.0,0.0
2022-01-26 12:16:26.509504,0.0,0.0,0.0
2022-01-26 12:16:27.006356,0.0,0.0,0.0
2022-01-26 12:16:27.502283,0.0,0.0,0.0
2022-01-26 12:16:28.009854,0.0,0.0,0.0
2022-01-26 12:16:28.504736,0.0,0.0,0.0
2022-01-26 12:16:29.003887,0.0,0.0,0.0
2022-01-26 12:16:29.509025,0.0,0.0,0.0
2022-01-26 12:16:30.006382,0.0,0.0,0.0
2022-01-26 12:16:30.510278,0.0,0.0,0.0
2022-01-26 12:16:31.005696,0.0,0.0,0.0
2022-01-26 12:16:31.510765,0.0,0.0,0.0
2022-01-26 12:16:32.007877,0.0,0.0,0.0
2022-01-26 12:16:32.502709,0.0,0.0,0.0
2022-01-26 12:16:33.009933,0.0,0.0,0.0
2022-01-26 12:16:33.506294,0.0,0.0,0.0
2022-01-26 12:16:34.002870,0.0,0.0,0.0
2022-01-26 12:16:34.509694,0.0,0.0,0.0
2022-01-26 12:16:35.009269,0.0,0.0,0.0
2022-01-26 12:16:35.502277,0.0,0.0,0.0
2022-01-26 12:16:36.008882,0.0,0.0,0.0
2022-01-26 12:16:36.506057,0.0,0.0,0.0
2022-01-26 12:16:37.004294,0.0,0.0,0.0
2022-01-26 12:16:37.509936,0.0,0.0,0.0
2022-01-26 12:16:38.009632,0.0,0.0,0.0
2022-01-26 12:16:38.503943,0.0,0.0,0.0
2022-01-26 12:16:39.001097,0.0,0.0,0.0
2022-01-26 12:16:39.508008,0.0,0.0,0.0
2022-01-26 12:16:40.006308,0.0,0.0,0.0
2022-01-26 12:16:40.501643,0.0,0.0,0.0
2022-01-26 12:16:41.000964,0.0,0.0,0.0
2022-01-26 12:16:41.507360,0.0,0.0,0.0
2022-01-26 12:16:42.005164,0.0,0.0,0.0
2022-01-26 12:16:42.510487,0.0,0.0,0.0
2022-01-26 12:16:43.008613,0.0,0.0,0.0
2022-01-26 12:16:43.502548,0.0,0.0,0.0
2022-01-26 12:16:44.009563,0.0,0.0,0.0
2022-01-26 12:16:44.502865,0.0,0.0,0.0
2022-01-26 12:16:45.009734,0.0,0.0,0.0
2022-01-26 12:16:45.503141,0.0,0.0,0.0
2022-01-26 12:16:46.010065,0.0,0.0,0.0
2022-01-26 12:16:46.504322,0.0,0.0,0.0
2022-01-26 12:16:47.001980,0.0,0.0,0.0
2022-01-26 12:16:47.507458,0.0,0.0,0.0
2022-01-26 12:16:48.005184,0.0,0.0,0.0
2022-01-26 12:16:48.510957,0.0,0.0,0.0
2022-01-26 12:16:49.008199,0.0,0.0,0.0
2022-01-26 12:16:49.510262,0.0,0.0,0.0
2022-01-26 12:16:50.009900,0.0,0.0,0.0
2022-01-26 12:16:50.506300,0.0,0.0,0.0
2022-01-26 12:16:51.006675,0.0,0.0,0.0
2022-01-26 12:16:51.503780,0.0,0.0,0.0
2022-01-26 12:16:52.001903,0.0,0.0,0.0
2022-01-26 12:16:52.508832,0.0,0.0,0.0
2022-01-26 12:16:53.007899,0.0,0.0,0.0
2022-01-26 12:16:53.509340,0.0,0.0,0.0
2022-01-26 12:16:54.009879,0.0,0.0,0.0
2022-01-26 12:16:54.509754,0.0,0.0,0.0
2022-01-26 12:16:55.008772,0.0,0.0,0.0
2022-01-26 12:16:55.506860,0.0,0.0,0.0
2022-01-26 12:16:56.006315,0.0,0.0,0.0
2022-01-26 12:16:56.509433,0.0,0.0,0.0
2022-01-26 12:16:57.006259,0.0,0.0,0.0
2022-01-26 12:16:58.005006,0.0,0.0,0.0
2022-01-26 12:16:58.508937,0.0,0.0,0.0
2022-01-26 12:16:59.006003,0.0,0.0,0.0
2022-01-26 12:16:59.503099,0.0,0.0,0.0
2022-01-26 12:17:00.503239,0.0,0.0,0.0
2022-01-26 12:17:01.010766,0.0,0.0,0.0
2022-01-26 12:17:01.508313,0.0,0.0,0.0
2022-01-26 12:17:02.005003,0.0,0.0,0.0
2022-01-26 12:17:03.004821,0.0,0.0,0.0
2022-01-26 12:17:03.508995,0.0,0.0,0.0
2022-01-26 12:17:04.007001,0.0,0.0,0.0
2022-01-26 12:17:04.510457,0.0,0.0,0.0
2022-01-26 12:17:05.007755,0.0,0.0,0.0
2022-01-26 12:17:05.503950,0.0,0.0,0.0
2022-01-26 12:17:06.002514,0.0,0.0,0.0
2022-01-26 12:17:06.508072,0.0,0.0,0.0
2022-01-26 12:17:07.005389,0.0,0.0,0.0
2022-01-26 12:17:07.508853,0.0,0.0,0.0
2022-01-26 12:17:08.006155,0.0,0.0,0.0
2022-01-26 12:17:08.502784,0.0,0.0,0.0
2022-01-26 12:17:09.001056,0.0,0.0,0.0
2022-01-26 12:17:09.504908,0.0,0.0,0.0
2022-01-26 12:17:10.002785,0.0,0.0,0.0
2022-01-26 12:17:10.507692,0.0,0.0,0.0
2022-01-26 12:17:11.006290,0.0,0.0,0.0
2022-01-26 12:17:12.005145,0.0,0.0,0.0
2022-01-26 12:17:12.501966,0.0,0.0,0.0
2022-01-26 12:17:13.010302,0.0,0.0,0.0
2022-01-26 12:17:13.507342,0.0,0.0,0.0
2022-01-26 12:17:14.007846,0.0,0.0,0.0
2022-01-26 12:17:14.502016,0.0,0.0,0.0
2022-01-26 12:17:15.009667,0.0,0.0,0.0
2022-01-26 12:17:15.505977,0.0,0.0,0.0
2022-01-26 12:17:16.002791,0.0,0.0,0.0
2022-01-26 12:17:16.508440,0.0,0.0,0.0
2022-01-26 12:17:17.005485,0.0,0.0,0.0
2022-01-26 12:17:17.509924,0.0,0.0,0.0
2022-01-26 12:17:18.008076,0.0,0.0,0.0
2022-01-26 12:17:18.503031,0.0,0.0,0.0
2022-01-26 12:17:19.003207,0.0,0.0,0.0
2022-01-26 12:17:19.510756,0.0,0.0,0.0
2022-01-26 12:17:20.006682,0.0,0.0,0.0
2022-01-26 12:17:20.502134,0.0,0.0,0.0
2022-01-26 12:17:21.009987,0.0,0.0,0.0
2022-01-26 12:17:21.505176,0.0,0.0,0.0
2022-01-26 12:17:22.002354,0.0,0.0,0.0
2022-01-26 12:17:22.508116,0.0,0.0,0.0
2022-01-26 12:17:23.003899,0.0,0.0,0.0
2022-01-26 12:17:23.510499,0.0,0.0,0.0
2022-01-26 12:17:24.010048,0.0,0.0,0.0
2022-01-26 12:17:24.504383,0.0,0.0,0.0
2022-01-26 12:17:25.002115,0.0,0.0,0.0
2022-01-26 12:17:25.508906,0.0,0.0,0.0
2022-01-26 12:17:26.008785,0.0,0.0,0.0
2022-01-26 12:17:26.503323,0.0,0.0,0.0
2022-01-26 12:17:27.002864,0.0,0.0,0.0
2022-01-26 12:17:27.506738,0.0,0.0,0.0
2022-01-26 12:17:28.005069,0.0,0.0,0.0
2022-01-26 12:17:28.509540,0.0,0.0,0.0
2022-01-26 12:17:29.007987,0.0,0.0,0.0
2022-01-26 12:17:29.502416,0.0,0.0,0.0
2022-01-26 12:17:30.003469,0.0,0.0,0.0
2022-01-26 12:17:30.509184,0.0,0.0,0.0
2022-01-26 12:17:31.006895,0.0,0.0,0.0
2022-01-26 12:17:31.501375,0.0,0.0,0.0
2022-01-26 12:17:32.010162,0.0,0.0,0.0
2022-01-26 12:17:32.506035,0.0,0.0,0.0
2022-01-26 12:17:33.002412,0.0,0.0,0.0
2022-01-26 12:17:33.507714,0.0,0.0,0.0
2022-01-26 12:17:34.006526,0.0,0.0,0.0
2022-01-26 12:17:34.502625,0.0,0.0,0.0
2022-01-26 12:17:35.010048,0.0,0.0,0.0
2022-01-26 12:17:35.503903,0.0,0.0,0.0
2022-01-26 12:17:36.002631,0.0,0.0,0.0
2022-01-26 12:17:36.506238,0.0,0.0,0.0
2022-01-26 12:17:37.006657,0.0,0.0,0.0
2022-01-26 12:17:37.510777,0.0,0.0,0.0
2022-01-26 12:17:38.006756,0.0,0.0,0.0
2022-01-26 12:17:38.510853,0.0,0.0,0.0
2022-01-26 12:17:39.009732,0.0,0.0,0.0
2022-01-26 12:17:39.504421,0.0,0.0,0.0
2022-01-26 12:17:40.004396,0.0,0.0,0.0
2022-01-26 12:17:40.509786,0.0,0.0,0.0
2022-01-26 12:17:41.007096,0.0,0.0,0.0
2022-01-26 12:17:41.505107,0.0,0.0,0.0
2022-01-26 12:17:42.002710,0.0,0.0,0.0
2022-01-26 12:17:42.506792,0.0,0.0,0.0
2022-01-26 12:17:43.003896,0.0,0.0,0.0
2022-01-26 12:17:43.506627,0.0,0.0,0.0
2022-01-26 12:17:44.002268,0.0,0.0,0.0
2022-01-26 12:17:44.506422,0.0,0.0,0.0
2022-01-26 12:17:45.003109,0.0,0.0,0.0
2022-01-26 12:17:45.508539,0.0,0.0,0.0
2022-01-26 12:17:46.006167,0.0,0.0,0.0
2022-01-26 12:17:46.501910,0.0,0.0,0.0
2022-01-26 12:17:47.001434,0.0,0.0,0.0
2022-01-26 12:17:47.501956,0.0,0.0,0.0
2022-01-26 12:17:48.009540,0.0,0.0,0.0
2022-01-26 12:17:48.505003,0.0,0.0,0.0
2022-01-26 12:17:49.001564,0.0,0.0,0.0
2022-01-26 12:17:49.503913,0.0,0.0,0.0
2022-01-26 12:17:50.001722,0.0,0.0,0.0
2022-01-26 12:17:50.508166,0.0,0.0,0.0
2022-01-26 12:17:51.005172,0.0,0.0,0.0
2022-01-26 12:17:51.509048,0.0,0.0,0.0
2022-01-26 12:17:52.009471,0.0,0.0,0.0
2022-01-26 12:17:52.503819,0.0,0.0,0.0
2022-01-26 12:17:53.002132,0.0,0.0,0.0
2022-01-26 12:17:53.506697,0.0,0.0,0.0
2022-01-26 12:17:54.003819,0.0,0.0,0.0
2022-01-26 12:17:54.508992,0.0,0.0,0.0
2022-01-26 12:17:55.010698,0.0,0.0,0.0
2022-01-26 12:17:55.507803,0.0,0.0,0.0
2022-01-26 12:17:56.005745,0.0,0.0,0.0
2022-01-26 12:17:56.510743,0.0,0.0,0.0
2022-01-26 12:17:57.001444,0.0,0.0,0.0
2022-01-26 12:17:57.510401,0.0,0.0,0.0
2022-01-26 12:17:58.007814,0.0,0.0,0.0
2022-01-26 12:17:58.505085,0.0,0.0,0.0
2022-01-26 12:17:59.003514,0.0,0.0,0.0
2022-01-26 12:17:59.508982,0.0,0.0,0.0
2022-01-26 12:18:00.005388,0.0,0.0,0.0
2022-01-26 12:18:00.508352,0.0,0.0,0.0
2022-01-26 12:18:01.006002,0.0,0.0,0.0
2022-01-26 12:18:01.510662,0.0,0.0,0.0
2022-01-26 12:18:02.007327,0.0,0.0,0.0
2022-01-26 12:18:02.511124,0.0,0.0,0.0
2022-01-26 12:18:03.008580,0.0,0.0,0.0
2022-01-26 12:18:03.507259,0.0,0.0,0.0
2022-01-26 12:18:04.505035,0.0,0.0,0.0
2022-01-26 12:18:05.002216,0.0,0.0,0.0
2022-01-26 12:18:05.505836,0.0,0.0,0.0
2022-01-26 12:18:06.010841,0.0,0.0,0.0
2022-01-26 12:18:06.508582,0.0,0.0,0.0
2022-01-26 12:18:07.005399,0.0,0.0,0.0
2022-01-26 12:18:07.501343,0.0,0.0,0.0
2022-01-26 12:18:08.009825,0.0,0.0,0.0
2022-01-26 12:18:08.507147,0.0,0.0,0.0
2022-01-26 12:18:09.004232,0.0,0.0,0.0
2022-01-26 12:18:09.509362,0.0,0.0,0.0
2022-01-26 12:18:10.007643,0.0,0.0,0.0
2022-01-26 12:18:10.501013,0.0,0.0,0.0
2022-01-26 12:18:11.004777,0.0,0.0,0.0
2022-01-26 12:18:11.510768,0.0,0.0,0.0
2022-01-26 12:18:12.007845,0.0,0.0,0.0
2022-01-26 12:18:12.502638,0.0,0.0,0.0
2022-01-26 12:18:13.001223,0.0,0.0,0.0
2022-01-26 12:18:13.505835,0.0,0.0,0.0
2022-01-26 12:18:14.003895,0.0,0.0,0.0
2022-01-26 12:18:14.507737,0.0,0.0,0.0
2022-01-26 12:18:15.005803,0.0,0.0,0.0
2022-01-26 12:18:15.501442,0.0,0.0,0.0
2022-01-26 12:18:16.009496,0.0,0.0,0.0
2022-01-26 12:18:16.503443,0.0,0.0,0.0
2022-01-26 12:18:17.003565,0.0,0.0,0.0
2022-01-26 12:18:17.501080,0.0,0.0,0.0
2022-01-26 12:18:18.009470,0.0,0.0,0.0
2022-01-26 12:18:18.504187,0.0,0.0,0.0
2022-01-26 12:18:19.001064,0.0,0.0,0.0
2022-01-26 12:18:19.506215,0.0,0.0,0.0
2022-01-26 12:18:20.003371,0.0,0.0,0.0
2022-01-26 12:18:20.508388,0.0,0.0,0.0
2022-01-26 12:18:21.005469,0.0,0.0,0.0
2022-01-26 12:18:21.501077,0.0,0.0,0.0
2022-01-26 12:18:22.009108,0.0,0.0,0.0
2022-01-26 12:18:22.503950,0.0,0.0,0.0
2022-01-26 12:18:23.001780,0.0,0.0,0.0
2022-01-26 12:18:23.506062,0.0,0.0,0.0
2022-01-26 12:18:24.002992,0.0,0.0,0.0
2022-01-26 12:18:24.505782,0.0,0.0,0.0
2022-01-26 12:18:25.005476,0.0,0.0,0.0
2022-01-26 12:18:25.510237,0.0,0.0,0.0
2022-01-26 12:18:26.007836,0.0,0.0,0.0
2022-01-26 12:18:26.504179,0.0,0.0,0.0
2022-01-26 12:18:27.002678,0.0,0.0,0.0
2022-01-26 12:18:27.509209,0.0,0.0,0.0
2022-01-26 12:18:28.006972,0.0,0.0,0.0
2022-01-26 12:18:28.503599,0.0,0.0,0.0
2022-01-26 12:18:29.002374,0.0,0.0,0.0
2022-01-26 12:18:29.507489,0.0,0.0,0.0
2022-01-26 12:18:30.004532,0.0,0.0,0.0
2022-01-26 12:18:30.510323,0.0,0.0,0.0
2022-01-26 12:18:31.007877,0.0,0.0,0.0
2022-01-26 12:18:31.502731,0.0,0.0,0.0
2022-01-26 12:18:32.505054,0.0,0.0,0.0
2022-01-26 12:18:33.003768,0.0,0.0,0.0
2022-01-26 12:18:33.509508,0.0,0.0,0.0
2022-01-26 12:18:34.006352,0.0,0.0,0.0
2022-01-26 12:18:34.502809,0.0,0.0,0.0
2022-01-26 12:18:35.010633,0.0,0.0,0.0
2022-01-26 12:18:35.504182,0.0,0.0,0.0
2022-01-26 12:18:36.004557,0.0,0.0,0.0
2022-01-26 12:18:36.510628,0.0,0.0,0.0
2022-01-26 12:18:37.010061,0.0,0.0,0.0
2022-01-26 12:18:37.506650,0.0,0.0,0.0
2022-01-26 12:18:38.004042,0.0,0.0,0.0
2022-01-26 12:18:38.509099,0.0,0.0,0.0
2022-01-26 12:18:39.008919,0.0,0.0,0.0
2022-01-26 12:18:39.506289,0.0,0.0,0.0
2022-01-26 12:18:40.003108,0.0,0.0,0.0
2022-01-26 12:18:40.501288,0.0,0.0,0.0
2022-01-26 12:18:41.002341,0.0,0.0,0.0
2022-01-26 12:18:41.508640,0.0,0.0,0.0
2022-01-26 12:18:42.005857,0.0,0.0,0.0
2022-01-26 12:18:42.510402,0.0,0.0,0.0
2022-01-26 12:18:43.006964,0.0,0.0,0.0
2022-01-26 12:18:43.501195,0.0,0.0,0.0
2022-01-26 12:18:44.009979,0.0,0.0,0.0
2022-01-26 12:18:44.504852,0.0,0.0,0.0
2022-01-26 12:18:45.007140,0.0,0.0,0.0
2022-01-26 12:18:45.502412,0.0,0.0,0.0
2022-01-26 12:18:46.002441,0.0,0.0,0.0
2022-01-26 12:18:46.509558,0.0,0.0,0.0
2022-01-26 12:18:47.006791,0.0,0.0,0.0
2022-01-26 12:18:47.503308,0.0,0.0,0.0
2022-01-26 12:18:48.010756,0.0,0.0,0.0
2022-01-26 12:18:48.505540,0.0,0.0,0.0
2022-01-26 12:18:49.004975,0.0,0.0,0.0
2022-01-26 12:18:49.505689,0.0,0.0,0.0
2022-01-26 12:18:50.004612,0.0,0.0,0.0
2022-01-26 12:18:50.508802,0.0,0.0,0.0
2022-01-26 12:18:51.008003,0.0,0.0,0.0
2022-01-26 12:18:51.510766,0.0,0.0,0.0
2022-01-26 12:18:52.009055,0.0,0.0,0.0
2022-01-26 12:18:52.502136,0.0,0.0,0.0
2022-01-26 12:18:53.002198,0.0,0.0,0.0
2022-01-26 12:18:53.507527,0.0,0.0,0.0
2022-01-26 12:18:54.008595,0.0,0.0,0.0
2022-01-26 12:18:54.505332,0.0,0.0,0.0
2022-01-26 12:18:55.002318,0.0,0.0,0.0
2022-01-26 12:18:55.509316,0.0,0.0,0.0
2022-01-26 12:18:56.008291,0.0,0.0,0.0
2022-01-26 12:18:56.502443,0.0,0.0,0.0
2022-01-26 12:18:57.001066,0.0,0.0,0.0
2022-01-26 12:18:57.506068,0.0,0.0,0.0
2022-01-26 12:18:58.002347,0.0,0.0,0.0
2022-01-26 12:18:58.511054,0.0,0.0,0.0
2022-01-26 12:18:59.008111,0.0,0.0,0.0
2022-01-26 12:18:59.502467,0.0,0.0,0.0
2022-01-26 12:19:00.004206,0.0,0.0,0.0
2022-01-26 12:19:00.504405,0.0,0.0,0.0
2022-01-26 12:19:01.001282,0.0,0.0,0.0
2022-01-26 12:19:01.506461,0.0,0.0,0.0
2022-01-26 12:19:02.008138,0.0,0.0,0.0
2022-01-26 12:19:02.505118,0.0,0.0,0.0
2022-01-26 12:19:03.003706,0.0,0.0,0.0
2022-01-26 12:19:03.507495,0.0,0.0,0.0
2022-01-26 12:19:04.001262,0.0,0.0,0.0
2022-01-26 12:19:04.507862,0.0,0.0,0.0
2022-01-26 12:19:05.004996,0.0,0.0,0.0
2022-01-26 12:19:05.510214,0.0,0.0,0.0
2022-01-26 12:19:06.007457,0.0,0.0,0.0
2022-01-26 12:19:06.503077,0.0,0.0,0.0
2022-01-26 12:19:07.010736,0.0,0.0,0.0
2022-01-26 12:19:07.506266,0.0,0.0,0.0
2022-01-26 12:19:08.006320,0.0,0.0,0.0
2022-01-26 12:19:08.510763,0.0,0.0,0.0
2022-01-26 12:19:09.009921,0.0,0.0,0.0
2022-01-26 12:19:09.506011,0.0,0.0,0.0
2022-01-26 12:19:10.003758,0.0,0.0,0.0
2022-01-26 12:19:10.509253,0.0,0.0,0.0
2022-01-26 12:19:11.010021,0.0,0.0,0.0
2022-01-26 12:19:11.504406,0.0,0.0,0.0
2022-01-26 12:19:12.505444,0.0,0.0,0.0
2022-01-26 12:19:13.003141,0.0,0.0,0.0
2022-01-26 12:19:13.508009,0.0,0.0,0.0
2022-01-26 12:19:14.007204,0.0,0.0,0.0
2022-01-26 12:19:14.503451,0.0,0.0,0.0
2022-01-26 12:19:15.001136,0.0,0.0,0.0
2022-01-26 12:19:15.510499,0.0,0.0,0.0
2022-01-26 12:19:16.010025,0.0,0.0,0.0
2022-01-26 12:19:16.500859,0.0,0.0,0.0
2022-01-26 12:19:17.007876,0.0,0.0,0.0
2022-01-26 12:19:17.510090,0.0,0.0,0.0
2022-01-26 12:19:18.005871,0.0,0.0,0.0
2022-01-26 12:19:18.505977,0.0,0.0,0.0
2022-01-26 12:19:19.004946,0.0,0.0,0.0
2022-01-26 12:19:19.510991,0.0,0.0,0.0
2022-01-26 12:19:20.008476,0.0,0.0,0.0
2022-01-26 12:19:20.507573,0.0,0.0,0.0
2022-01-26 12:19:21.004587,0.0,0.0,0.0
2022-01-26 12:19:21.510011,0.0,0.0,0.0
2022-01-26 12:19:22.007757,0.0,0.0,0.0
2022-01-26 12:19:22.503771,0.0,0.0,0.0
2022-01-26 12:19:23.001852,0.0,0.0,0.0
2022-01-26 12:19:23.509128,0.0,0.0,0.0
2022-01-26 12:19:24.004970,0.0,0.0,0.0
2022-01-26 12:19:24.503008,0.0,0.0,0.0
2022-01-26 12:19:25.001461,0.0,0.0,0.0
2022-01-26 12:19:25.506825,0.0,0.0,0.0
2022-01-26 12:19:26.005081,0.0,0.0,0.0
2022-01-26 12:19:26.509075,0.0,0.0,0.0
2022-01-26 12:19:27.006132,0.0,0.0,0.0
2022-01-26 12:19:27.510072,0.0,0.0,0.0
2022-01-26 12:19:28.005336,0.0,0.0,0.0
2022-01-26 12:19:28.509155,0.0,0.0,0.0
2022-01-26 12:19:29.003668,0.0,0.0,0.0
2022-01-26 12:19:29.510973,0.0,0.0,0.0
2022-01-26 12:19:30.008979,0.0,0.0,0.0
2022-01-26 12:19:30.503677,0.0,0.0,0.0
2022-01-26 12:19:31.505342,0.0,0.0,0.0
2022-01-26 12:19:32.002970,0.0,0.0,0.0
2022-01-26 12:19:32.507751,0.0,0.0,0.0
2022-01-26 12:19:33.008554,0.0,0.0,0.0
2022-01-26 12:19:33.504742,0.0,0.0,0.0
2022-01-26 12:19:34.002663,0.0,0.0,0.0
2022-01-26 12:19:34.509916,0.0,0.0,0.0
2022-01-26 12:19:35.008816,0.0,0.0,0.0
2022-01-26 12:19:35.500966,0.0,0.0,0.0
2022-01-26 12:19:36.001626,0.0,0.0,0.0
2022-01-26 12:19:36.503983,0.0,0.0,0.0
2022-01-26 12:19:37.010930,0.0,0.0,0.0
2022-01-26 12:19:37.507073,0.0,0.0,0.0
2022-01-26 12:19:38.006759,0.0,0.0,0.0
2022-01-26 12:19:38.501106,0.0,0.0,0.0
2022-01-26 12:19:39.009230,0.0,0.0,0.0
2022-01-26 12:19:39.507399,0.0,0.0,0.0
2022-01-26 12:19:40.004197,0.0,0.0,0.0
2022-01-26 12:19:40.509823,0.0,0.0,0.0
2022-01-26 12:19:41.007314,0.0,0.0,0.0
2022-01-26 12:19:41.501537,0.0,0.0,0.0
2022-01-26 12:19:42.010347,0.0,0.0,0.0
2022-01-26 12:19:42.504665,0.0,0.0,0.0
2022-01-26 12:19:43.002061,0.0,0.0,0.0
2022-01-26 12:19:43.508038,0.0,0.0,0.0
2022-01-26 12:19:44.007481,0.0,0.0,0.0
2022-01-26 12:19:44.503653,0.0,0.0,0.0
2022-01-26 12:19:45.002107,0.0,0.0,0.0
2022-01-26 12:19:45.508044,0.0,0.0,0.0
2022-01-26 12:19:46.003196,0.0,0.0,0.0
2022-01-26 12:19:46.501851,0.0,0.0,0.0
2022-01-26 12:19:47.003160,0.0,0.0,0.0
2022-01-26 12:19:47.507003,0.0,0.0,0.0
2022-01-26 12:19:48.003939,0.0,0.0,0.0
2022-01-26 12:19:48.501109,0.0,0.0,0.0
2022-01-26 12:19:49.009564,0.0,0.0,0.0
2022-01-26 12:19:49.505095,0.0,0.0,0.0
2022-01-26 12:19:50.002380,0.0,0.0,0.0
2022-01-26 12:19:50.506076,0.0,0.0,0.0
2022-01-26 12:19:51.003104,0.0,0.0,0.0
2022-01-26 12:19:51.509338,0.0,0.0,0.0
2022-01-26 12:19:52.006205,0.0,0.0,0.0
2022-01-26 12:19:52.501048,0.0,0.0,0.0
2022-01-26 12:19:53.001155,0.0,0.0,0.0
2022-01-26 12:19:53.506283,0.0,0.0,0.0
2022-01-26 12:19:54.003109,0.0,0.0,0.0
2022-01-26 12:19:54.508886,0.0,0.0,0.0
2022-01-26 12:19:55.006214,0.0,0.0,0.0
2022-01-26 12:19:55.501527,0.0,0.0,0.0
2022-01-26 12:19:56.010363,0.0,0.0,0.0
2022-01-26 12:19:56.506222,0.0,0.0,0.0
2022-01-26 12:19:57.003975,0.0,0.0,0.0
2022-01-26 12:19:57.508912,0.0,0.0,0.0
2022-01-26 12:19:58.006830,0.0,0.0,0.0
2022-01-26 12:19:58.510396,0.0,0.0,0.0
2022-01-26 12:19:59.007191,0.0,0.0,0.0
2022-01-26 12:19:59.509178,0.0,0.0,0.0
2022-01-26 12:20:00.010581,0.0,0.0,0.0
2022-01-26 12:20:00.509651,0.0,0.0,0.0
2022-01-26 12:20:01.002650,0.0,0.0,0.0
2022-01-26 12:20:01.501547,0.0,0.0,0.0
2022-01-26 12:20:02.009221,0.0,0.0,0.0
2022-01-26 12:20:02.504769,0.0,0.0,0.0
2022-01-26 12:20:03.003487,0.0,0.0,0.0
2022-01-26 12:20:03.508982,0.0,0.0,0.0
2022-01-26 12:20:04.006293,0.0,0.0,0.0
2022-01-26 12:20:04.503667,0.0,0.0,0.0
2022-01-26 12:20:05.001267,0.0,0.0,0.0
2022-01-26 12:20:05.506389,0.0,0.0,0.0
2022-01-26 12:20:06.006186,0.0,0.0,0.0
2022-01-26 12:20:06.510561,0.0,0.0,0.0
2022-01-26 12:20:07.006523,0.0,0.0,0.0
2022-01-26 12:20:07.501129,0.0,0.0,0.0
2022-01-26 12:20:08.010695,0.0,0.0,0.0
2022-01-26 12:20:08.505265,0.0,0.0,0.0
2022-01-26 12:20:09.002403,0.0,0.0,0.0
2022-01-26 12:20:09.506315,0.0,0.0,0.0
2022-01-26 12:20:10.005087,0.0,0.0,0.0
2022-01-26 12:20:10.501201,0.0,0.0,0.0
2022-01-26 12:20:11.006157,0.0,0.0,0.0
2022-01-26 12:20:11.510310,0.0,0.0,0.0
2022-01-26 12:20:12.009500,0.0,0.0,0.0
2022-01-26 12:20:12.504405,0.0,0.0,0.0
2022-01-26 12:20:13.003800,0.0,0.0,0.0
2022-01-26 12:20:13.508877,0.0,0.0,0.0
2022-01-26 12:20:14.007193,0.0,0.0,0.0
2022-01-26 12:20:14.503214,0.0,0.0,0.0
2022-01-26 12:20:15.002378,0.0,0.0,0.0
2022-01-26 12:20:15.508614,0.0,0.0,0.0
2022-01-26 12:20:16.005370,0.0,0.0,0.0
2022-01-26 12:20:16.509767,0.0,0.0,0.0
2022-01-26 12:20:17.009640,0.0,0.0,0.0
2022-01-26 12:20:17.505868,0.0,0.0,0.0
2022-01-26 12:20:18.002864,0.0,0.0,0.0
2022-01-26 12:20:18.510678,0.0,0.0,0.0
2022-01-26 12:20:19.007970,0.0,0.0,0.0
2022-01-26 12:20:19.501393,0.0,0.0,0.0
2022-01-26 12:20:20.001118,0.0,0.0,0.0
2022-01-26 12:20:20.506277,0.0,0.0,0.0
2022-01-26 12:20:21.002939,0.0,0.0,0.0
2022-01-26 12:20:21.507915,0.0,0.0,0.0
2022-01-26 12:20:22.005162,0.0,0.0,0.0
2022-01-26 12:20:22.510622,0.0,0.0,0.0
2022-01-26 12:20:23.009839,0.0,0.0,0.0
2022-01-26 12:20:23.505627,0.0,0.0,0.0
2022-01-26 12:20:24.005776,0.0,0.0,0.0
2022-01-26 12:20:24.510728,0.0,0.0,0.0
2022-01-26 12:20:25.009884,0.0,0.0,0.0
2022-01-26 12:20:25.503973,0.0,0.0,0.0
2022-01-26 12:20:26.002434,0.0,0.0,0.0
2022-01-26 12:20:26.508500,0.0,0.0,0.0
2022-01-26 12:20:27.008017,0.0,0.0,0.0
2022-01-26 12:20:27.502836,0.0,0.0,0.0
2022-01-26 12:20:28.010952,0.0,0.0,0.0
2022-01-26 12:20:28.506166,0.0,0.0,0.0
2022-01-26 12:20:29.003579,0.0,0.0,0.0
2022-01-26 12:20:29.507839,0.0,0.0,0.0
2022-01-26 12:20:30.004991,0.0,0.0,0.0
2022-01-26 12:20:30.502730,0.0,0.0,0.0
2022-01-26 12:20:31.004286,0.0,0.0,0.0
2022-01-26 12:20:31.508508,0.0,0.0,0.0
2022-01-26 12:20:32.001075,0.0,0.0,0.0
2022-01-26 12:20:32.505735,0.0,0.0,0.0
2022-01-26 12:20:33.010920,0.0,0.0,0.0
2022-01-26 12:20:33.506848,0.0,0.0,0.0
2022-01-26 12:20:34.009226,0.0,0.0,0.0
2022-01-26 12:20:34.510752,0.0,0.0,0.0
2022-01-26 12:20:35.002518,0.0,0.0,0.0
2022-01-26 12:20:35.507144,0.0,0.0,0.0
2022-01-26 12:20:36.009166,0.0,0.0,0.0
2022-01-26 12:20:36.507872,0.0,0.0,0.0
2022-01-26 12:20:37.005850,0.0,0.0,0.0
2022-01-26 12:20:37.504985,0.0,0.0,0.0
2022-01-26 12:20:38.003866,0.0,0.0,0.0
2022-01-26 12:20:38.508972,0.0,0.0,0.0
2022-01-26 12:20:39.003983,0.0,0.0,0.0
2022-01-26 12:20:39.508555,0.0,0.0,0.0
2022-01-26 12:20:40.009109,0.0,0.0,0.0
2022-01-26 12:20:40.506878,0.0,0.0,0.0
2022-01-26 12:20:41.005780,0.0,0.0,0.0
2022-01-26 12:20:41.501271,0.0,0.0,0.0
2022-01-26 12:20:42.009943,0.0,0.0,0.0
2022-01-26 12:20:42.504259,0.0,0.0,0.0
2022-01-26 12:20:43.002456,0.0,0.0,0.0
2022-01-26 12:20:43.508282,0.0,0.0,0.0
2022-01-26 12:20:44.010267,0.0,0.0,0.0
2022-01-26 12:20:44.501437,0.0,0.0,0.0
2022-01-26 12:20:45.009809,0.0,0.0,0.0
2022-01-26 12:20:45.505192,0.0,0.0,0.0
2022-01-26 12:20:46.010181,0.0,0.0,0.0
2022-01-26 12:20:46.502681,0.0,0.0,0.0
2022-01-26 12:20:47.010886,0.0,0.0,0.0
2022-01-26 12:20:47.503927,0.0,0.0,0.0
2022-01-26 12:20:48.003416,0.0,0.0,0.0
2022-01-26 12:20:48.509739,0.0,0.0,0.0
2022-01-26 12:20:49.006911,0.0,0.0,0.0
2022-01-26 12:20:49.508472,0.0,0.0,0.0
2022-01-26 12:20:50.005356,0.0,0.0,0.0
2022-01-26 12:20:50.510575,0.0,0.0,0.0
2022-01-26 12:20:51.008457,0.0,0.0,0.0
2022-01-26 12:20:51.509318,0.0,0.0,0.0
2022-01-26 12:20:52.009343,0.0,0.0,0.0
2022-01-26 12:20:52.505700,0.0,0.0,0.0
2022-01-26 12:20:53.008509,0.0,0.0,0.0
2022-01-26 12:20:53.510225,0.0,0.0,0.0
2022-01-26 12:20:54.001459,0.0,0.0,0.0
2022-01-26 12:20:54.506654,0.0,0.0,0.0
2022-01-26 12:20:55.001503,0.0,0.0,0.0
2022-01-26 12:20:55.504631,0.0,0.0,0.0
2022-01-26 12:20:56.002183,0.0,0.0,0.0
2022-01-26 12:20:56.505013,0.0,0.0,0.0
2022-01-26 12:20:57.006153,0.0,0.0,0.0
2022-01-26 12:20:57.501201,0.0,0.0,0.0
2022-01-26 12:20:58.005172,0.0,0.0,0.0
2022-01-26 12:20:58.506484,0.0,0.0,0.0
2022-01-26 12:20:59.004014,0.0,0.0,0.0
2022-01-26 12:20:59.508301,0.0,0.0,0.0
2022-01-26 12:21:00.009480,0.0,0.0,0.0
2022-01-26 12:21:00.503452,0.0,0.0,0.0
2022-01-26 12:21:01.001090,0.0,0.0,0.0
2022-01-26 12:21:01.510585,0.0,0.0,0.0
2022-01-26 12:21:02.007822,0.0,0.0,0.0
2022-01-26 12:21:02.505562,0.0,0.0,0.0
2022-01-26 12:21:03.003891,0.0,0.0,0.0
2022-01-26 12:21:03.507479,0.0,0.0,0.0
2022-01-26 12:21:04.004086,0.0,0.0,0.0
2022-01-26 12:21:04.508491,0.0,0.0,0.0
2022-01-26 12:21:05.006317,0.0,0.0,0.0
2022-01-26 12:21:05.509926,0.0,0.0,0.0
2022-01-26 12:21:06.003937,0.0,0.0,0.0
2022-01-26 12:21:06.508046,0.0,0.0,0.0
2022-01-26 12:21:07.003870,0.0,0.0,0.0
2022-01-26 12:21:07.508571,0.0,0.0,0.0
2022-01-26 12:21:08.001207,0.0,0.0,0.0
2022-01-26 12:21:08.510267,0.0,0.0,0.0
2022-01-26 12:21:09.003320,0.0,0.0,0.0
2022-01-26 12:21:09.510072,0.0,0.0,0.0
2022-01-26 12:21:10.009108,0.0,0.0,0.0
2022-01-26 12:21:10.503450,0.0,0.0,0.0
2022-01-26 12:21:11.006531,0.0,0.0,0.0
2022-01-26 12:21:11.505229,0.0,0.0,0.0
2022-01-26 12:21:12.007974,0.0,0.0,0.0
2022-01-26 12:21:12.504892,0.0,0.0,0.0
2022-01-26 12:21:13.010747,0.0,0.0,0.0
2022-01-26 12:21:13.502175,0.0,0.0,0.0
2022-01-26 12:21:14.007776,0.0,0.0,0.0
2022-01-26 12:21:14.506465,0.0,0.0,0.0
2022-01-26 12:21:15.002091,0.0,0.0,0.0
2022-01-26 12:21:15.503288,0.0,0.0,0.0
2022-01-26 12:21:16.000751,0.0,0.0,0.0
2022-01-26 12:21:16.505467,0.0,0.0,0.0
2022-01-26 12:21:17.005111,0.0,0.0,0.0
2022-01-26 12:21:17.501893,0.0,0.0,0.0
2022-01-26 12:21:18.002849,0.0,0.0,0.0
2022-01-26 12:21:18.508505,0.0,0.0,0.0
2022-01-26 12:21:19.005709,0.0,0.0,0.0
2022-01-26 12:21:19.506177,0.0,0.0,0.0
2022-01-26 12:21:20.000601,0.0,0.0,0.0
2022-01-26 12:21:20.504534,0.0,0.0,0.0
2022-01-26 12:21:21.002305,0.0,0.0,0.0
2022-01-26 12:21:21.507393,0.0,0.0,0.0
2022-01-26 12:21:22.004401,0.0,0.0,0.0
2022-01-26 12:21:22.508565,0.0,0.0,0.0
2022-01-26 12:21:23.006706,0.0,0.0,0.0
2022-01-26 12:21:23.503192,0.0,0.0,0.0
2022-01-26 12:21:24.010885,0.0,0.0,0.0
2022-01-26 12:21:24.507223,0.0,0.0,0.0
2022-01-26 12:21:25.004756,0.0,0.0,0.0
2022-01-26 12:21:25.510242,0.0,0.0,0.0
2022-01-26 12:21:26.007541,0.0,0.0,0.0
2022-01-26 12:21:26.502601,0.0,0.0,0.0
2022-01-26 12:21:27.007918,0.0,0.0,0.0
2022-01-26 12:21:27.503893,0.0,0.0,0.0
2022-01-26 12:21:28.003402,0.0,0.0,0.0
2022-01-26 12:21:28.509451,0.0,0.0,0.0
2022-01-26 12:21:29.008176,0.0,0.0,0.0
2022-01-26 12:21:29.503409,0.0,0.0,0.0
2022-01-26 12:21:30.001619,0.0,0.0,0.0
2022-01-26 12:21:30.504050,0.0,0.0,0.0
2022-01-26 12:21:31.001385,0.0,0.0,0.0
2022-01-26 12:21:31.507292,0.0,0.0,0.0
2022-01-26 12:21:32.003330,0.0,0.0,0.0
2022-01-26 12:21:32.507249,0.0,0.0,0.0
2022-01-26 12:21:33.010867,0.0,0.0,0.0
2022-01-26 12:21:33.508909,0.0,0.0,0.0
2022-01-26 12:21:34.005128,0.0,0.0,0.0
2022-01-26 12:21:34.508706,0.0,0.0,0.0
2022-01-26 12:21:35.005009,0.0,0.0,0.0
2022-01-26 12:21:35.508185,0.0,0.0,0.0
2022-01-26 12:21:36.004461,0.0,0.0,0.0
