時間,回転１,回転２,回転３
2022-01-26 15:00:00.010790,0.0,0.0,0.0
2022-01-26 15:00:00.508621,0.0,0.0,0.0
2022-01-26 15:00:01.004450,0.0,0.0,0.0
2022-01-26 15:00:01.508383,0.0,0.0,0.0
2022-01-26 15:00:02.005158,0.0,0.0,0.0
2022-01-26 15:00:02.504103,0.0,0.0,0.0
2022-01-26 15:00:03.003870,0.0,0.0,0.0
2022-01-26 15:00:03.501039,0.0,0.0,0.0
2022-01-26 15:00:04.010195,0.0,0.0,0.0
2022-01-26 15:00:04.502748,0.0,0.0,0.0
2022-01-26 15:00:05.010496,0.0,0.0,0.0
2022-01-26 15:00:05.509567,0.0,0.0,0.0
2022-01-26 15:00:06.007746,0.0,0.0,0.0
2022-01-26 15:00:06.500941,0.0,0.0,0.0
2022-01-26 15:00:07.005566,0.0,0.0,0.0
2022-01-26 15:00:07.509987,0.0,0.0,0.0
2022-01-26 15:00:08.002858,0.0,0.0,0.0
2022-01-26 15:00:08.506739,0.0,0.0,0.0
2022-01-26 15:00:09.004346,0.0,0.0,0.0
2022-01-26 15:00:09.508408,0.0,0.0,0.0
2022-01-26 15:00:10.006575,0.0,0.0,0.0
2022-01-26 15:00:10.501306,0.0,0.0,0.0
2022-01-26 15:00:11.010303,0.0,0.0,0.0
2022-01-26 15:00:11.503818,0.0,0.0,0.0
2022-01-26 15:00:12.003217,0.0,0.0,0.0
2022-01-26 15:00:12.505227,0.0,0.0,0.0
2022-01-26 15:00:13.009301,0.0,0.0,0.0
2022-01-26 15:00:13.501172,0.0,0.0,0.0
2022-01-26 15:00:14.006387,0.0,0.0,0.0
2022-01-26 15:00:14.507879,0.0,0.0,0.0
2022-01-26 15:00:15.008256,0.0,0.0,0.0
2022-01-26 15:00:15.509261,0.0,0.0,0.0
2022-01-26 15:00:16.010015,0.0,0.0,0.0
2022-01-26 15:00:16.503363,0.0,0.0,0.0
2022-01-26 15:00:17.001114,0.0,0.0,0.0
2022-01-26 15:00:17.504642,0.0,0.0,0.0
2022-01-26 15:00:18.002197,0.0,0.0,0.0
2022-01-26 15:00:18.501725,0.0,0.0,0.0
2022-01-26 15:00:19.010341,0.0,0.0,0.0
2022-01-26 15:00:19.504299,0.0,0.0,0.0
2022-01-26 15:00:20.001292,0.0,0.0,0.0
2022-01-26 15:00:20.507529,0.0,0.0,0.0
2022-01-26 15:00:21.006222,0.0,0.0,0.0
2022-01-26 15:00:21.511068,0.0,0.0,0.0
2022-01-26 15:00:22.001094,0.0,0.0,0.0
2022-01-26 15:00:22.500468,0.0,0.0,0.0
2022-01-26 15:00:23.002019,0.0,0.0,0.0
2022-01-26 15:00:23.507653,0.0,0.0,0.0
2022-01-26 15:00:24.002394,0.0,0.0,0.0
2022-01-26 15:00:24.503686,0.0,0.0,0.0
2022-01-26 15:00:25.005974,0.0,0.0,0.0
2022-01-26 15:00:25.501919,0.0,0.0,0.0
2022-01-26 15:00:26.009304,0.0,0.0,0.0
2022-01-26 15:00:26.511282,0.0,0.0,0.0
2022-01-26 15:00:27.003134,0.0,0.0,0.0
2022-01-26 15:00:27.506090,0.0,0.0,0.0
2022-01-26 15:00:28.011296,0.0,0.0,0.0
2022-01-26 15:00:28.503702,0.0,0.0,0.0
2022-01-26 15:00:29.008390,0.0,0.0,0.0
2022-01-26 15:00:29.506686,0.0,0.0,0.0
2022-01-26 15:00:30.007408,0.0,0.0,0.0
2022-01-26 15:00:30.507403,0.0,0.0,0.0
2022-01-26 15:00:31.010145,0.0,0.0,0.0
2022-01-26 15:00:31.503071,0.0,0.0,0.0
2022-01-26 15:00:32.004275,0.0,0.0,0.0
2022-01-26 15:00:32.510368,0.0,0.0,0.0
2022-01-26 15:00:33.005803,0.0,0.0,0.0
2022-01-26 15:00:33.510793,0.0,0.0,0.0
2022-01-26 15:00:34.003115,0.0,0.0,0.0
2022-01-26 15:00:34.505234,0.0,0.0,0.0
2022-01-26 15:00:35.006052,0.0,0.0,0.0
2022-01-26 15:00:35.505894,0.0,0.0,0.0
2022-01-26 15:00:36.004891,0.0,0.0,0.0
2022-01-26 15:00:36.505867,0.0,0.0,0.0
2022-01-26 15:00:37.007370,0.0,0.0,0.0
2022-01-26 15:00:37.505611,0.0,0.0,0.0
2022-01-26 15:00:38.009306,0.0,0.0,0.0
2022-01-26 15:00:38.510225,0.0,0.0,0.0
2022-01-26 15:00:39.004131,0.0,0.0,0.0
2022-01-26 15:00:39.507542,0.0,0.0,0.0
2022-01-26 15:00:40.002133,0.0,0.0,0.0
2022-01-26 15:00:40.501648,0.0,0.0,0.0
2022-01-26 15:00:41.009023,0.0,0.0,0.0
2022-01-26 15:00:41.503637,0.0,0.0,0.0
2022-01-26 15:00:42.007141,0.0,0.0,0.0
2022-01-26 15:00:42.504517,0.0,0.0,0.0
2022-01-26 15:00:43.010010,0.0,0.0,0.0
2022-01-26 15:00:43.507665,0.0,0.0,0.0
2022-01-26 15:00:44.002096,0.0,0.0,0.0
2022-01-26 15:00:44.504789,0.0,0.0,0.0
2022-01-26 15:00:45.003303,0.0,0.0,0.0
2022-01-26 15:00:45.508862,0.0,0.0,0.0
2022-01-26 15:00:46.007267,0.0,0.0,0.0
2022-01-26 15:00:46.502231,0.0,0.0,0.0
2022-01-26 15:00:47.010149,0.0,0.0,0.0
2022-01-26 15:00:47.501386,0.0,0.0,0.0
2022-01-26 15:00:48.005165,0.0,0.0,0.0
2022-01-26 15:00:48.503323,0.0,0.0,0.0
2022-01-26 15:00:49.005323,0.0,0.0,0.0
2022-01-26 15:00:49.505709,0.0,0.0,0.0
2022-01-26 15:00:50.003943,0.0,0.0,0.0
2022-01-26 15:00:50.506437,0.0,0.0,0.0
2022-01-26 15:00:51.004853,0.0,0.0,0.0
2022-01-26 15:00:51.501662,0.0,0.0,0.0
2022-01-26 15:00:52.003556,0.0,0.0,0.0
2022-01-26 15:00:52.509187,0.0,0.0,0.0
2022-01-26 15:00:53.010100,0.0,0.0,0.0
2022-01-26 15:00:53.502996,0.0,0.0,0.0
2022-01-26 15:00:54.002204,0.0,0.0,0.0
2022-01-26 15:00:54.506565,0.0,0.0,0.0
2022-01-26 15:00:55.004390,0.0,0.0,0.0
2022-01-26 15:00:55.510099,0.0,0.0,0.0
2022-01-26 15:00:56.006846,0.0,0.0,0.0
2022-01-26 15:00:56.501038,0.0,0.0,0.0
2022-01-26 15:00:57.008762,0.0,0.0,0.0
2022-01-26 15:00:57.506381,0.0,0.0,0.0
2022-01-26 15:00:58.005272,0.0,0.0,0.0
2022-01-26 15:00:58.510074,0.0,0.0,0.0
2022-01-26 15:00:59.007164,0.0,0.0,0.0
2022-01-26 15:00:59.509552,0.0,0.0,0.0
2022-01-26 15:01:00.005383,0.0,0.0,0.0
2022-01-26 15:01:00.509926,0.0,0.0,0.0
2022-01-26 15:01:01.008507,0.0,0.0,0.0
2022-01-26 15:01:01.506273,0.0,0.0,0.0
2022-01-26 15:01:02.003411,0.0,0.0,0.0
2022-01-26 15:01:02.506915,0.0,0.0,0.0
2022-01-26 15:01:03.004701,0.0,0.0,0.0
2022-01-26 15:01:03.508970,0.0,0.0,0.0
2022-01-26 15:01:04.007247,0.0,0.0,0.0
2022-01-26 15:01:04.511130,0.0,0.0,0.0
2022-01-26 15:01:05.008990,0.0,0.0,0.0
2022-01-26 15:01:05.503263,0.0,0.0,0.0
2022-01-26 15:01:06.002858,0.0,0.0,0.0
2022-01-26 15:01:06.508105,0.0,0.0,0.0
2022-01-26 15:01:07.004667,0.0,0.0,0.0
2022-01-26 15:01:07.508876,0.0,0.0,0.0
2022-01-26 15:01:08.006339,0.0,0.0,0.0
2022-01-26 15:01:08.510407,0.0,0.0,0.0
2022-01-26 15:01:09.007469,0.0,0.0,0.0
2022-01-26 15:01:09.502447,0.0,0.0,0.0
2022-01-26 15:01:10.003037,0.0,0.0,0.0
2022-01-26 15:01:10.509274,0.0,0.0,0.0
2022-01-26 15:01:11.006013,0.0,0.0,0.0
2022-01-26 15:01:11.509124,0.0,0.0,0.0
2022-01-26 15:01:12.006088,0.0,0.0,0.0
2022-01-26 15:01:12.510299,0.0,0.0,0.0
2022-01-26 15:01:13.008570,0.0,0.0,0.0
2022-01-26 15:01:13.503424,0.0,0.0,0.0
2022-01-26 15:01:14.010078,0.0,0.0,0.0
2022-01-26 15:01:14.505828,0.0,0.0,0.0
2022-01-26 15:01:15.002649,0.0,0.0,0.0
2022-01-26 15:01:15.508133,0.0,0.0,0.0
2022-01-26 15:01:16.004861,0.0,0.0,0.0
2022-01-26 15:01:16.508786,0.0,0.0,0.0
2022-01-26 15:01:17.006272,0.0,0.0,0.0
2022-01-26 15:01:17.509287,0.0,0.0,0.0
2022-01-26 15:01:18.007447,0.0,0.0,0.0
2022-01-26 15:01:18.502981,0.0,0.0,0.0
2022-01-26 15:01:19.001843,0.0,0.0,0.0
2022-01-26 15:01:19.507396,0.0,0.0,0.0
2022-01-26 15:01:20.004343,0.0,0.0,0.0
2022-01-26 15:01:20.508547,0.0,0.0,0.0
2022-01-26 15:01:21.007136,0.0,0.0,0.0
2022-01-26 15:01:21.501407,0.0,0.0,0.0
2022-01-26 15:01:22.009973,0.0,0.0,0.0
2022-01-26 15:01:22.504512,0.0,0.0,0.0
2022-01-26 15:01:23.004184,0.0,0.0,0.0
2022-01-26 15:01:23.507022,0.0,0.0,0.0
2022-01-26 15:01:24.001825,0.0,0.0,0.0
2022-01-26 15:01:24.507406,0.0,0.0,0.0
2022-01-26 15:01:25.005264,0.0,0.0,0.0
2022-01-26 15:01:25.510689,0.0,0.0,0.0
2022-01-26 15:01:26.008894,0.0,0.0,0.0
2022-01-26 15:01:26.502897,0.0,0.0,0.0
2022-01-26 15:01:27.010421,0.0,0.0,0.0
2022-01-26 15:01:27.507427,0.0,0.0,0.0
2022-01-26 15:01:28.003958,0.0,0.0,0.0
2022-01-26 15:01:28.508954,0.0,0.0,0.0
2022-01-26 15:01:29.001450,0.0,0.0,0.0
2022-01-26 15:01:29.509381,0.0,0.0,0.0
2022-01-26 15:01:30.006857,0.0,0.0,0.0
2022-01-26 15:01:30.500922,0.0,0.0,0.0
2022-01-26 15:01:31.009117,0.0,0.0,0.0
2022-01-26 15:01:31.505077,0.0,0.0,0.0
2022-01-26 15:01:32.003739,0.0,0.0,0.0
2022-01-26 15:01:32.507285,0.0,0.0,0.0
2022-01-26 15:01:33.003506,0.0,0.0,0.0
2022-01-26 15:01:33.506539,0.0,0.0,0.0
2022-01-26 15:01:34.004972,0.0,0.0,0.0
2022-01-26 15:01:34.508747,0.0,0.0,0.0
2022-01-26 15:01:35.005783,0.0,0.0,0.0
2022-01-26 15:01:35.507678,0.0,0.0,0.0
2022-01-26 15:01:36.004285,0.0,0.0,0.0
2022-01-26 15:01:36.508936,0.0,0.0,0.0
2022-01-26 15:01:37.006203,0.0,0.0,0.0
2022-01-26 15:01:37.510020,0.0,0.0,0.0
2022-01-26 15:01:38.008044,0.0,0.0,0.0
2022-01-26 15:01:38.501819,0.0,0.0,0.0
2022-01-26 15:01:39.009401,0.0,0.0,0.0
2022-01-26 15:01:39.503939,0.0,0.0,0.0
2022-01-26 15:01:40.002508,0.0,0.0,0.0
2022-01-26 15:01:40.507523,0.0,0.0,0.0
2022-01-26 15:01:41.006299,0.0,0.0,0.0
2022-01-26 15:01:41.509202,0.0,0.0,0.0
2022-01-26 15:01:42.004523,0.0,0.0,0.0
2022-01-26 15:01:42.509020,0.0,0.0,0.0
2022-01-26 15:01:43.006836,0.0,0.0,0.0
2022-01-26 15:01:43.502061,0.0,0.0,0.0
2022-01-26 15:01:44.001109,0.0,0.0,0.0
2022-01-26 15:01:44.504779,0.0,0.0,0.0
2022-01-26 15:01:45.001119,0.0,0.0,0.0
2022-01-26 15:01:45.509086,0.0,0.0,0.0
2022-01-26 15:01:46.006844,0.0,0.0,0.0
2022-01-26 15:01:46.501097,0.0,0.0,0.0
2022-01-26 15:01:47.008690,0.0,0.0,0.0
2022-01-26 15:01:47.502766,0.0,0.0,0.0
2022-01-26 15:01:48.011116,0.0,0.0,0.0
2022-01-26 15:01:48.505259,0.0,0.0,0.0
2022-01-26 15:01:49.003175,0.0,0.0,0.0
2022-01-26 15:01:49.510308,0.0,0.0,0.0
2022-01-26 15:01:50.008259,0.0,0.0,0.0
2022-01-26 15:01:50.501508,0.0,0.0,0.0
2022-01-26 15:01:51.008569,0.0,0.0,0.0
2022-01-26 15:01:51.502382,0.0,0.0,0.0
2022-01-26 15:01:52.009902,0.0,0.0,0.0
2022-01-26 15:01:52.503903,0.0,0.0,0.0
2022-01-26 15:01:53.002646,0.0,0.0,0.0
2022-01-26 15:01:53.507078,0.0,0.0,0.0
2022-01-26 15:01:54.005852,0.0,0.0,0.0
2022-01-26 15:01:54.510782,0.0,0.0,0.0
2022-01-26 15:01:55.009894,0.0,0.0,0.0
2022-01-26 15:01:55.502372,0.0,0.0,0.0
2022-01-26 15:01:56.010187,0.0,0.0,0.0
2022-01-26 15:01:56.510855,0.0,0.0,0.0
2022-01-26 15:01:57.009241,0.0,0.0,0.0
2022-01-26 15:01:57.503969,0.0,0.0,0.0
2022-01-26 15:01:58.010721,0.0,0.0,0.0
2022-01-26 15:01:58.504735,0.0,0.0,0.0
2022-01-26 15:01:59.009571,0.0,0.0,0.0
2022-01-26 15:01:59.500946,0.0,0.0,0.0
2022-01-26 15:02:00.004371,0.0,0.0,0.0
2022-01-26 15:02:00.510781,0.0,0.0,0.0
2022-01-26 15:02:01.006877,0.0,0.0,0.0
2022-01-26 15:02:01.508918,0.0,0.0,0.0
2022-01-26 15:02:02.005316,0.0,0.0,0.0
2022-01-26 15:02:02.508610,0.0,0.0,0.0
2022-01-26 15:02:03.005968,0.0,0.0,0.0
2022-01-26 15:02:03.502797,0.0,0.0,0.0
2022-01-26 15:02:04.001059,0.0,0.0,0.0
2022-01-26 15:02:04.503669,0.0,0.0,0.0
2022-01-26 15:02:05.010505,0.0,0.0,0.0
2022-01-26 15:02:05.503734,0.0,0.0,0.0
2022-01-26 15:02:06.009721,0.0,0.0,0.0
2022-01-26 15:02:06.502729,0.0,0.0,0.0
2022-01-26 15:02:07.000994,0.0,0.0,0.0
2022-01-26 15:02:07.504880,0.0,0.0,0.0
2022-01-26 15:02:08.001021,0.0,0.0,0.0
2022-01-26 15:02:08.505811,0.0,0.0,0.0
2022-01-26 15:02:09.004436,0.0,0.0,0.0
2022-01-26 15:02:10.005729,0.0,0.0,0.0
2022-01-26 15:02:10.510241,0.0,0.0,0.0
2022-01-26 15:02:11.008526,0.0,0.0,0.0
2022-01-26 15:02:11.504722,0.0,0.0,0.0
2022-01-26 15:02:12.002721,0.0,0.0,0.0
2022-01-26 15:02:12.506635,0.0,0.0,0.0
2022-01-26 15:02:13.003821,0.0,0.0,0.0
2022-01-26 15:02:13.508850,0.0,0.0,0.0
2022-01-26 15:02:14.005145,0.0,0.0,0.0
2022-01-26 15:02:14.509131,0.0,0.0,0.0
2022-01-26 15:02:15.006823,0.0,0.0,0.0
2022-01-26 15:02:15.501841,0.0,0.0,0.0
2022-01-26 15:02:16.010808,0.0,0.0,0.0
2022-01-26 15:02:16.504836,0.0,0.0,0.0
2022-01-26 15:02:17.001697,0.0,0.0,0.0
2022-01-26 15:02:17.510134,0.0,0.0,0.0
2022-01-26 15:02:18.008033,0.0,0.0,0.0
2022-01-26 15:02:18.501730,0.0,0.0,0.0
2022-01-26 15:02:19.010325,0.0,0.0,0.0
2022-01-26 15:02:19.505303,0.0,0.0,0.0
2022-01-26 15:02:20.002780,0.0,0.0,0.0
2022-01-26 15:02:20.508991,0.0,0.0,0.0
2022-01-26 15:02:21.005291,0.0,0.0,0.0
2022-01-26 15:02:21.510903,0.0,0.0,0.0
2022-01-26 15:02:22.008410,0.0,0.0,0.0
2022-01-26 15:02:22.502488,0.0,0.0,0.0
2022-01-26 15:02:23.001531,0.0,0.0,0.0
2022-01-26 15:02:23.506888,0.0,0.0,0.0
2022-01-26 15:02:24.005102,0.0,0.0,0.0
2022-01-26 15:02:24.502628,0.0,0.0,0.0
2022-01-26 15:02:25.009936,0.0,0.0,0.0
2022-01-26 15:02:25.504450,0.0,0.0,0.0
2022-01-26 15:02:26.010867,0.0,0.0,0.0
2022-01-26 15:02:26.506983,0.0,0.0,0.0
2022-01-26 15:02:27.004470,0.0,0.0,0.0
2022-01-26 15:02:27.508949,0.0,0.0,0.0
2022-01-26 15:02:28.006759,0.0,0.0,0.0
2022-01-26 15:02:28.502996,0.0,0.0,0.0
2022-01-26 15:02:29.010581,0.0,0.0,0.0
2022-01-26 15:02:29.504737,0.0,0.0,0.0
2022-01-26 15:02:30.003909,0.0,0.0,0.0
2022-01-26 15:02:30.507873,0.0,0.0,0.0
2022-01-26 15:02:31.007155,0.0,0.0,0.0
2022-01-26 15:02:31.502307,0.0,0.0,0.0
2022-01-26 15:02:32.008896,0.0,0.0,0.0
2022-01-26 15:02:32.502054,0.0,0.0,0.0
2022-01-26 15:02:33.001392,0.0,0.0,0.0
2022-01-26 15:02:33.507395,0.0,0.0,0.0
2022-01-26 15:02:34.004552,0.0,0.0,0.0
2022-01-26 15:02:34.509875,0.0,0.0,0.0
2022-01-26 15:02:35.006436,0.0,0.0,0.0
2022-01-26 15:02:35.510578,0.0,0.0,0.0
2022-01-26 15:02:36.008030,0.0,0.0,0.0
2022-01-26 15:02:36.503179,0.0,0.0,0.0
2022-01-26 15:02:37.010873,0.0,0.0,0.0
2022-01-26 15:02:37.506543,0.0,0.0,0.0
2022-01-26 15:02:38.003432,0.0,0.0,0.0
2022-01-26 15:02:38.509390,0.0,0.0,0.0
2022-01-26 15:02:39.006247,0.0,0.0,0.0
2022-01-26 15:02:39.510665,0.0,0.0,0.0
2022-01-26 15:02:40.008565,0.0,0.0,0.0
2022-01-26 15:02:40.501535,0.0,0.0,0.0
2022-01-26 15:02:41.007630,0.0,0.0,0.0
2022-01-26 15:02:41.501928,0.0,0.0,0.0
2022-01-26 15:02:42.009718,0.0,0.0,0.0
2022-01-26 15:02:42.505449,0.0,0.0,0.0
2022-01-26 15:02:43.003339,0.0,0.0,0.0
2022-01-26 15:02:43.508405,0.0,0.0,0.0
2022-01-26 15:02:44.005194,0.0,0.0,0.0
2022-01-26 15:02:44.510616,0.0,0.0,0.0
2022-01-26 15:02:45.008014,0.0,0.0,0.0
2022-01-26 15:02:45.510885,0.0,0.0,0.0
2022-01-26 15:02:46.005736,0.0,0.0,0.0
2022-01-26 15:02:46.501057,0.0,0.0,0.0
2022-01-26 15:02:47.004128,0.0,0.0,0.0
2022-01-26 15:02:47.507208,0.0,0.0,0.0
2022-01-26 15:02:48.005387,0.0,0.0,0.0
2022-01-26 15:02:48.508257,0.0,0.0,0.0
2022-01-26 15:02:49.003989,0.0,0.0,0.0
2022-01-26 15:02:49.507586,0.0,0.0,0.0
2022-01-26 15:02:50.008837,0.0,0.0,0.0
2022-01-26 15:02:50.502323,0.0,0.0,0.0
2022-01-26 15:02:51.008641,0.0,0.0,0.0
2022-01-26 15:02:51.502700,0.0,0.0,0.0
2022-01-26 15:02:52.006335,0.0,0.0,0.0
2022-01-26 15:02:52.501781,0.0,0.0,0.0
2022-01-26 15:02:53.011086,0.0,0.0,0.0
2022-01-26 15:02:53.501652,0.0,0.0,0.0
2022-01-26 15:02:54.004867,0.0,0.0,0.0
2022-01-26 15:02:54.507067,0.0,0.0,0.0
2022-01-26 15:02:55.003585,0.0,0.0,0.0
2022-01-26 15:02:55.501649,0.0,0.0,0.0
2022-01-26 15:02:56.007832,0.0,0.0,0.0
2022-01-26 15:02:56.510286,0.0,0.0,0.0
2022-01-26 15:02:57.004210,0.0,0.0,0.0
2022-01-26 15:02:57.500443,0.0,0.0,0.0
2022-01-26 15:02:58.000982,0.0,0.0,0.0
2022-01-26 15:02:58.501599,0.0,0.0,0.0
2022-01-26 15:02:59.006040,0.0,0.0,0.0
2022-01-26 15:02:59.508212,0.0,0.0,0.0
2022-01-26 15:03:00.006735,0.0,0.0,0.0
2022-01-26 15:03:00.501244,0.0,0.0,0.0
2022-01-26 15:03:01.005236,0.0,0.0,0.0
2022-01-26 15:03:01.502084,0.0,0.0,0.0
2022-01-26 15:03:02.001671,0.0,0.0,0.0
2022-01-26 15:03:02.509566,0.0,0.0,0.0
2022-01-26 15:03:03.002045,0.0,0.0,0.0
2022-01-26 15:03:03.506801,0.0,0.0,0.0
2022-01-26 15:03:04.002547,0.0,0.0,0.0
2022-01-26 15:03:04.500461,0.0,0.0,0.0
2022-01-26 15:03:05.001722,0.0,0.0,0.0
2022-01-26 15:03:05.508054,0.0,0.0,0.0
2022-01-26 15:03:06.008062,0.0,0.0,0.0
2022-01-26 15:03:06.502475,0.0,0.0,0.0
2022-01-26 15:03:07.008589,0.0,0.0,0.0
2022-01-26 15:03:07.503052,0.0,0.0,0.0
2022-01-26 15:03:08.009866,0.0,0.0,0.0
2022-01-26 15:03:08.506103,0.0,0.0,0.0
2022-01-26 15:03:09.002646,0.0,0.0,0.0
2022-01-26 15:03:09.508039,0.0,0.0,0.0
2022-01-26 15:03:10.007963,0.0,0.0,0.0
2022-01-26 15:03:10.501503,0.0,0.0,0.0
2022-01-26 15:03:11.010480,0.0,0.0,0.0
2022-01-26 15:03:11.505350,0.0,0.0,0.0
2022-01-26 15:03:12.002457,0.0,0.0,0.0
2022-01-26 15:03:12.506310,0.0,0.0,0.0
2022-01-26 15:03:13.004869,0.0,0.0,0.0
2022-01-26 15:03:13.510360,0.0,0.0,0.0
2022-01-26 15:03:14.007669,0.0,0.0,0.0
2022-01-26 15:03:14.504310,0.0,0.0,0.0
2022-01-26 15:03:15.002503,0.0,0.0,0.0
2022-01-26 15:03:15.507447,0.0,0.0,0.0
2022-01-26 15:03:16.004556,0.0,0.0,0.0
2022-01-26 15:03:16.509054,0.0,0.0,0.0
2022-01-26 15:03:17.006365,0.0,0.0,0.0
2022-01-26 15:03:17.506708,0.0,0.0,0.0
2022-01-26 15:03:18.004646,0.0,0.0,0.0
2022-01-26 15:03:18.506778,0.0,0.0,0.0
2022-01-26 15:03:19.008608,0.0,0.0,0.0
2022-01-26 15:03:19.501770,0.0,0.0,0.0
2022-01-26 15:03:20.007796,0.0,0.0,0.0
2022-01-26 15:03:20.504444,0.0,0.0,0.0
2022-01-26 15:03:21.001061,0.0,0.0,0.0
2022-01-26 15:03:21.504426,0.0,0.0,0.0
2022-01-26 15:03:22.002851,0.0,0.0,0.0
2022-01-26 15:03:22.508644,0.0,0.0,0.0
2022-01-26 15:03:23.005898,0.0,0.0,0.0
2022-01-26 15:03:23.501668,0.0,0.0,0.0
2022-01-26 15:03:24.009137,0.0,0.0,0.0
2022-01-26 15:03:24.503257,0.0,0.0,0.0
2022-01-26 15:03:25.010901,0.0,0.0,0.0
2022-01-26 15:03:25.506680,0.0,0.0,0.0
2022-01-26 15:03:26.006285,0.0,0.0,0.0
2022-01-26 15:03:26.502656,0.0,0.0,0.0
2022-01-26 15:03:27.001170,0.0,0.0,0.0
2022-01-26 15:03:27.509825,0.0,0.0,0.0
2022-01-26 15:03:28.007328,0.0,0.0,0.0
2022-01-26 15:03:28.503196,0.0,0.0,0.0
2022-01-26 15:03:29.003216,0.0,0.0,0.0
2022-01-26 15:03:29.502215,0.0,0.0,0.0
2022-01-26 15:03:30.008344,0.0,0.0,0.0
2022-01-26 15:03:30.505477,0.0,0.0,0.0
2022-01-26 15:03:31.003389,0.0,0.0,0.0
2022-01-26 15:03:31.501252,0.0,0.0,0.0
2022-01-26 15:03:32.009967,0.0,0.0,0.0
2022-01-26 15:03:32.504667,0.0,0.0,0.0
2022-01-26 15:03:33.006863,0.0,0.0,0.0
2022-01-26 15:03:33.510871,0.0,0.0,0.0
2022-01-26 15:03:34.007942,0.0,0.0,0.0
2022-01-26 15:03:34.502136,0.0,0.0,0.0
2022-01-26 15:03:35.010792,0.0,0.0,0.0
2022-01-26 15:03:35.504540,0.0,0.0,0.0
2022-01-26 15:03:36.003736,0.0,0.0,0.0
2022-01-26 15:03:36.509427,0.0,0.0,0.0
2022-01-26 15:03:37.006759,0.0,0.0,0.0
2022-01-26 15:03:37.501313,0.0,0.0,0.0
2022-01-26 15:03:38.010427,0.0,0.0,0.0
2022-01-26 15:03:38.504613,0.0,0.0,0.0
2022-01-26 15:03:39.000903,0.0,0.0,0.0
2022-01-26 15:03:39.504349,0.0,0.0,0.0
2022-01-26 15:03:40.001403,0.0,0.0,0.0
2022-01-26 15:03:40.508398,0.0,0.0,0.0
2022-01-26 15:03:41.003574,0.0,0.0,0.0
2022-01-26 15:03:41.505316,0.0,0.0,0.0
2022-01-26 15:03:42.001400,0.0,0.0,0.0
2022-01-26 15:03:42.505788,0.0,0.0,0.0
2022-01-26 15:03:43.003218,0.0,0.0,0.0
2022-01-26 15:03:43.500985,0.0,0.0,0.0
2022-01-26 15:03:44.009851,0.0,0.0,0.0
2022-01-26 15:03:44.505735,0.0,0.0,0.0
2022-01-26 15:03:45.009058,0.0,0.0,0.0
2022-01-26 15:03:45.503878,0.0,0.0,0.0
2022-01-26 15:03:46.003421,0.0,0.0,0.0
2022-01-26 15:03:46.510812,0.0,0.0,0.0
2022-01-26 15:03:47.009070,0.0,0.0,0.0
2022-01-26 15:03:47.503849,0.0,0.0,0.0
2022-01-26 15:03:48.004509,0.0,0.0,0.0
2022-01-26 15:03:48.509037,0.0,0.0,0.0
2022-01-26 15:03:49.008903,0.0,0.0,0.0
2022-01-26 15:03:49.502696,0.0,0.0,0.0
2022-01-26 15:03:50.007623,0.0,0.0,0.0
2022-01-26 15:03:50.510687,0.0,0.0,0.0
2022-01-26 15:03:51.008575,0.0,0.0,0.0
2022-01-26 15:03:51.510147,0.0,0.0,0.0
2022-01-26 15:03:52.007268,0.0,0.0,0.0
2022-01-26 15:03:52.502320,0.0,0.0,0.0
2022-01-26 15:03:53.009445,0.0,0.0,0.0
2022-01-26 15:03:53.504394,0.0,0.0,0.0
2022-01-26 15:03:54.004261,0.0,0.0,0.0
2022-01-26 15:03:54.508947,0.0,0.0,0.0
2022-01-26 15:03:55.003355,0.0,0.0,0.0
2022-01-26 15:03:55.507195,0.0,0.0,0.0
2022-01-26 15:03:56.009155,0.0,0.0,0.0
2022-01-26 15:03:56.502207,0.0,0.0,0.0
2022-01-26 15:03:57.008153,0.0,0.0,0.0
2022-01-26 15:03:57.502734,0.0,0.0,0.0
2022-01-26 15:03:58.007737,0.0,0.0,0.0
2022-01-26 15:03:58.503983,0.0,0.0,0.0
2022-01-26 15:03:59.001552,0.0,0.0,0.0
2022-01-26 15:03:59.507382,0.0,0.0,0.0
2022-01-26 15:04:00.003793,0.0,0.0,0.0
2022-01-26 15:04:00.505831,0.0,0.0,0.0
2022-01-26 15:04:01.001769,0.0,0.0,0.0
2022-01-26 15:04:01.502220,0.0,0.0,0.0
2022-01-26 15:04:02.011147,0.0,0.0,0.0
2022-01-26 15:04:02.502134,0.0,0.0,0.0
2022-01-26 15:04:03.010910,0.0,0.0,0.0
2022-01-26 15:04:03.506811,0.0,0.0,0.0
2022-01-26 15:04:04.006875,0.0,0.0,0.0
2022-01-26 15:04:04.511255,0.0,0.0,0.0
2022-01-26 15:04:05.009362,0.0,0.0,0.0
2022-01-26 15:04:05.510369,0.0,0.0,0.0
2022-01-26 15:04:06.005453,0.0,0.0,0.0
2022-01-26 15:04:06.509322,0.0,0.0,0.0
2022-01-26 15:04:07.006369,0.0,0.0,0.0
2022-01-26 15:04:07.501132,0.0,0.0,0.0
2022-01-26 15:04:08.007995,0.0,0.0,0.0
2022-01-26 15:04:08.501859,0.0,0.0,0.0
2022-01-26 15:04:09.010798,0.0,0.0,0.0
2022-01-26 15:04:09.505276,0.0,0.0,0.0
2022-01-26 15:04:10.001617,0.0,0.0,0.0
2022-01-26 15:04:10.507536,0.0,0.0,0.0
2022-01-26 15:04:11.007646,0.0,0.0,0.0
2022-01-26 15:04:11.510636,0.0,0.0,0.0
2022-01-26 15:04:12.006835,0.0,0.0,0.0
2022-01-26 15:04:12.502567,0.0,0.0,0.0
2022-01-26 15:04:13.011084,0.0,0.0,0.0
2022-01-26 15:04:13.505437,0.0,0.0,0.0
2022-01-26 15:04:14.004212,0.0,0.0,0.0
2022-01-26 15:04:14.508792,0.0,0.0,0.0
2022-01-26 15:04:15.003724,0.0,0.0,0.0
2022-01-26 15:04:15.510918,0.0,0.0,0.0
2022-01-26 15:04:16.007350,0.0,0.0,0.0
2022-01-26 15:04:16.510176,0.0,0.0,0.0
2022-01-26 15:04:17.007383,0.0,0.0,0.0
2022-01-26 15:04:17.503318,0.0,0.0,0.0
2022-01-26 15:04:18.002580,0.0,0.0,0.0
2022-01-26 15:04:18.509116,0.0,0.0,0.0
2022-01-26 15:04:19.007174,0.0,0.0,0.0
2022-01-26 15:04:19.502192,0.0,0.0,0.0
2022-01-26 15:04:20.010585,0.0,0.0,0.0
2022-01-26 15:04:20.504664,0.0,0.0,0.0
2022-01-26 15:04:21.001650,0.0,0.0,0.0
2022-01-26 15:04:21.507003,0.0,0.0,0.0
2022-01-26 15:04:22.005325,0.0,0.0,0.0
2022-01-26 15:04:22.509713,0.0,0.0,0.0
2022-01-26 15:04:23.007748,0.0,0.0,0.0
2022-01-26 15:04:23.503388,0.0,0.0,0.0
2022-01-26 15:04:24.010786,0.0,0.0,0.0
2022-01-26 15:04:24.507379,0.0,0.0,0.0
2022-01-26 15:04:25.003391,0.0,0.0,0.0
2022-01-26 15:04:25.508751,0.0,0.0,0.0
2022-01-26 15:04:26.006293,0.0,0.0,0.0
2022-01-26 15:04:26.501605,0.0,0.0,0.0
2022-01-26 15:04:27.009228,0.0,0.0,0.0
2022-01-26 15:04:27.504479,0.0,0.0,0.0
2022-01-26 15:04:28.001722,0.0,0.0,0.0
2022-01-26 15:04:28.506003,0.0,0.0,0.0
2022-01-26 15:04:29.002368,0.0,0.0,0.0
2022-01-26 15:04:29.504865,0.0,0.0,0.0
2022-01-26 15:04:30.005955,0.0,0.0,0.0
2022-01-26 15:04:30.503452,0.0,0.0,0.0
2022-01-26 15:04:31.004754,0.0,0.0,0.0
2022-01-26 15:04:31.502308,0.0,0.0,0.0
2022-01-26 15:04:32.010283,0.0,0.0,0.0
2022-01-26 15:04:32.506219,0.0,0.0,0.0
2022-01-26 15:04:33.005153,0.0,0.0,0.0
2022-01-26 15:04:33.501212,0.0,0.0,0.0
2022-01-26 15:04:34.010015,0.0,0.0,0.0
2022-01-26 15:04:34.506234,0.0,0.0,0.0
2022-01-26 15:04:35.005667,0.0,0.0,0.0
2022-01-26 15:04:35.510322,0.0,0.0,0.0
2022-01-26 15:04:36.006867,0.0,0.0,0.0
2022-01-26 15:04:36.502861,0.0,0.0,0.0
2022-01-26 15:04:37.010339,0.0,0.0,0.0
2022-01-26 15:04:37.506419,0.0,0.0,0.0
2022-01-26 15:04:38.005716,0.0,0.0,0.0
2022-01-26 15:04:38.504608,0.0,0.0,0.0
2022-01-26 15:04:39.005355,0.0,0.0,0.0
2022-01-26 15:04:39.507127,0.0,0.0,0.0
2022-01-26 15:04:40.004231,0.0,0.0,0.0
2022-01-26 15:04:40.505093,0.0,0.0,0.0
2022-01-26 15:04:41.006201,0.0,0.0,0.0
2022-01-26 15:04:41.509805,0.0,0.0,0.0
2022-01-26 15:04:42.004021,0.0,0.0,0.0
2022-01-26 15:04:42.504242,0.0,0.0,0.0
2022-01-26 15:04:43.005227,0.0,0.0,0.0
2022-01-26 15:04:43.505368,0.0,0.0,0.0
2022-01-26 15:04:44.008608,0.0,0.0,0.0
2022-01-26 15:04:44.505939,0.0,0.0,0.0
2022-01-26 15:04:45.009289,0.0,0.0,0.0
2022-01-26 15:04:45.505106,0.0,0.0,0.0
2022-01-26 15:04:46.009820,0.0,0.0,0.0
2022-01-26 15:04:46.504228,0.0,0.0,0.0
2022-01-26 15:04:47.011176,0.0,0.0,0.0
2022-01-26 15:04:47.503545,0.0,0.0,0.0
2022-01-26 15:04:48.006077,0.0,0.0,0.0
2022-01-26 15:04:48.506207,0.0,0.0,0.0
2022-01-26 15:04:49.000908,0.0,0.0,0.0
2022-01-26 15:04:49.504102,0.0,0.0,0.0
2022-01-26 15:04:50.004442,0.0,0.0,0.0
2022-01-26 15:04:50.508414,0.0,0.0,0.0
2022-01-26 15:04:51.009087,0.0,0.0,0.0
2022-01-26 15:04:51.502731,0.0,0.0,0.0
2022-01-26 15:04:52.007995,0.0,0.0,0.0
2022-01-26 15:04:52.509086,0.0,0.0,0.0
2022-01-26 15:04:53.002944,0.0,0.0,0.0
2022-01-26 15:04:53.505467,0.0,0.0,0.0
2022-01-26 15:04:54.003942,0.0,0.0,0.0
2022-01-26 15:04:54.508463,0.0,0.0,0.0
2022-01-26 15:04:55.003540,0.0,0.0,0.0
2022-01-26 15:04:55.502456,0.0,0.0,0.0
2022-01-26 15:04:56.000890,0.0,0.0,0.0
2022-01-26 15:04:56.506277,0.0,0.0,0.0
2022-01-26 15:04:57.004994,0.0,0.0,0.0
2022-01-26 15:04:57.509381,0.0,0.0,0.0
2022-01-26 15:04:58.006571,0.0,0.0,0.0
2022-01-26 15:04:58.502780,0.0,0.0,0.0
2022-01-26 15:04:59.002090,0.0,0.0,0.0
2022-01-26 15:04:59.502388,0.0,0.0,0.0
2022-01-26 15:05:00.008872,0.0,0.0,0.0
2022-01-26 15:05:00.501445,0.0,0.0,0.0
2022-01-26 15:05:01.009788,0.0,0.0,0.0
2022-01-26 15:05:01.506102,0.0,0.0,0.0
2022-01-26 15:05:02.003990,0.0,0.0,0.0
2022-01-26 15:05:02.509332,0.0,0.0,0.0
2022-01-26 15:05:03.008129,0.0,0.0,0.0
2022-01-26 15:05:03.507073,0.0,0.0,0.0
2022-01-26 15:05:04.007895,0.0,0.0,0.0
2022-01-26 15:05:04.509673,0.0,0.0,0.0
2022-01-26 15:05:05.002996,0.0,0.0,0.0
2022-01-26 15:05:05.506626,0.0,0.0,0.0
2022-01-26 15:05:06.008030,0.0,0.0,0.0
2022-01-26 15:05:06.502094,0.0,0.0,0.0
2022-01-26 15:05:07.008639,0.0,0.0,0.0
2022-01-26 15:05:07.504285,0.0,0.0,0.0
2022-01-26 15:05:08.002228,0.0,0.0,0.0
2022-01-26 15:05:08.507352,0.0,0.0,0.0
2022-01-26 15:05:09.004837,0.0,0.0,0.0
2022-01-26 15:05:09.509731,0.0,0.0,0.0
2022-01-26 15:05:10.009729,0.0,0.0,0.0
2022-01-26 15:05:10.502561,0.0,0.0,0.0
2022-01-26 15:05:11.007019,0.0,0.0,0.0
2022-01-26 15:05:11.502491,0.0,0.0,0.0
2022-01-26 15:05:12.001561,0.0,0.0,0.0
2022-01-26 15:05:12.507623,0.0,0.0,0.0
2022-01-26 15:05:13.004255,0.0,0.0,0.0
2022-01-26 15:05:13.509435,0.0,0.0,0.0
2022-01-26 15:05:14.006749,0.0,0.0,0.0
2022-01-26 15:05:14.502467,0.0,0.0,0.0
2022-01-26 15:05:15.010359,0.0,0.0,0.0
2022-01-26 15:05:15.505846,0.0,0.0,0.0
2022-01-26 15:05:16.005983,0.0,0.0,0.0
2022-01-26 15:05:16.501982,0.0,0.0,0.0
2022-01-26 15:05:17.005157,0.0,0.0,0.0
2022-01-26 15:05:17.509978,0.0,0.0,0.0
2022-01-26 15:05:18.007989,0.0,0.0,0.0
2022-01-26 15:05:18.510469,0.0,0.0,0.0
2022-01-26 15:05:19.010029,0.0,0.0,0.0
2022-01-26 15:05:19.505167,0.0,0.0,0.0
2022-01-26 15:05:20.008963,0.0,0.0,0.0
2022-01-26 15:05:20.509636,0.0,0.0,0.0
2022-01-26 15:05:21.004061,0.0,0.0,0.0
2022-01-26 15:05:21.506284,0.0,0.0,0.0
2022-01-26 15:05:22.010930,0.0,0.0,0.0
2022-01-26 15:05:22.506651,0.0,0.0,0.0
2022-01-26 15:05:23.005256,0.0,0.0,0.0
2022-01-26 15:05:23.510355,0.0,0.0,0.0
2022-01-26 15:05:24.008719,0.0,0.0,0.0
2022-01-26 15:05:24.507310,0.0,0.0,0.0
2022-01-26 15:05:25.005002,0.0,0.0,0.0
2022-01-26 15:05:25.508604,0.0,0.0,0.0
2022-01-26 15:05:26.005108,0.0,0.0,0.0
2022-01-26 15:05:26.508294,0.0,0.0,0.0
2022-01-26 15:05:27.005131,0.0,0.0,0.0
2022-01-26 15:05:27.508695,0.0,0.0,0.0
2022-01-26 15:05:28.010163,0.0,0.0,0.0
2022-01-26 15:05:28.510494,0.0,0.0,0.0
2022-01-26 15:05:29.006749,0.0,0.0,0.0
2022-01-26 15:05:29.501190,0.0,0.0,0.0
2022-01-26 15:05:30.009265,0.0,0.0,0.0
2022-01-26 15:05:30.502324,0.0,0.0,0.0
2022-01-26 15:05:31.010724,0.0,0.0,0.0
2022-01-26 15:05:31.506730,0.0,0.0,0.0
2022-01-26 15:05:32.003047,0.0,0.0,0.0
2022-01-26 15:05:32.509721,0.0,0.0,0.0
2022-01-26 15:05:33.008222,0.0,0.0,0.0
2022-01-26 15:05:33.502958,0.0,0.0,0.0
2022-01-26 15:05:34.011121,0.0,0.0,0.0
2022-01-26 15:05:34.507169,0.0,0.0,0.0
2022-01-26 15:05:35.003832,0.0,0.0,0.0
2022-01-26 15:05:35.508707,0.0,0.0,0.0
2022-01-26 15:05:36.006099,0.0,0.0,0.0
2022-01-26 15:05:36.503233,0.0,0.0,0.0
2022-01-26 15:05:37.010836,0.0,0.0,0.0
2022-01-26 15:05:37.501630,0.0,0.0,0.0
2022-01-26 15:05:38.008895,0.0,0.0,0.0
2022-01-26 15:05:38.509684,0.0,0.0,0.0
2022-01-26 15:05:39.002354,0.0,0.0,0.0
2022-01-26 15:05:39.506568,0.0,0.0,0.0
2022-01-26 15:05:40.003733,0.0,0.0,0.0
2022-01-26 15:05:40.508839,0.0,0.0,0.0
2022-01-26 15:05:41.001258,0.0,0.0,0.0
2022-01-26 15:05:41.508579,0.0,0.0,0.0
2022-01-26 15:05:42.005856,0.0,0.0,0.0
2022-01-26 15:05:42.509799,0.0,0.0,0.0
2022-01-26 15:05:43.003141,0.0,0.0,0.0
2022-01-26 15:05:43.503739,0.0,0.0,0.0
2022-01-26 15:05:44.008569,0.0,0.0,0.0
2022-01-26 15:05:44.510962,0.0,0.0,0.0
2022-01-26 15:05:45.006702,0.0,0.0,0.0
2022-01-26 15:05:45.507602,0.0,0.0,0.0
2022-01-26 15:05:46.001829,0.0,0.0,0.0
2022-01-26 15:05:46.505399,0.0,0.0,0.0
2022-01-26 15:05:47.011197,0.0,0.0,0.0
2022-01-26 15:05:47.504340,0.0,0.0,0.0
2022-01-26 15:05:48.010245,0.0,0.0,0.0
2022-01-26 15:05:48.502112,0.0,0.0,0.0
2022-01-26 15:05:49.011048,0.0,0.0,0.0
2022-01-26 15:05:49.506076,0.0,0.0,0.0
2022-01-26 15:05:50.002450,0.0,0.0,0.0
2022-01-26 15:05:50.507224,0.0,0.0,0.0
2022-01-26 15:05:51.001316,0.0,0.0,0.0
2022-01-26 15:05:51.504388,0.0,0.0,0.0
2022-01-26 15:05:52.006005,0.0,0.0,0.0
2022-01-26 15:05:52.505048,0.0,0.0,0.0
2022-01-26 15:05:53.008710,0.0,0.0,0.0
2022-01-26 15:05:53.501822,0.0,0.0,0.0
2022-01-26 15:05:54.010363,0.0,0.0,0.0
2022-01-26 15:05:54.503124,0.0,0.0,0.0
2022-01-26 15:05:55.010714,0.0,0.0,0.0
2022-01-26 15:05:55.504228,0.0,0.0,0.0
2022-01-26 15:05:56.009918,0.0,0.0,0.0
2022-01-26 15:05:56.503628,0.0,0.0,0.0
2022-01-26 15:05:57.009678,0.0,0.0,0.0
2022-01-26 15:05:57.501493,0.0,0.0,0.0
2022-01-26 15:05:58.008586,0.0,0.0,0.0
2022-01-26 15:05:58.501856,0.0,0.0,0.0
2022-01-26 15:05:59.009003,0.0,0.0,0.0
2022-01-26 15:05:59.504157,0.0,0.0,0.0
2022-01-26 15:06:00.002083,0.0,0.0,0.0
2022-01-26 15:06:00.505919,0.0,0.0,0.0
2022-01-26 15:06:01.001098,0.0,0.0,0.0
2022-01-26 15:06:01.505899,0.0,0.0,0.0
2022-01-26 15:06:02.001086,0.0,0.0,0.0
2022-01-26 15:06:02.506285,0.0,0.0,0.0
2022-01-26 15:06:03.001070,0.0,0.0,0.0
2022-01-26 15:06:03.506283,0.0,0.0,0.0
2022-01-26 15:06:04.001774,0.0,0.0,0.0
2022-01-26 15:06:04.506861,0.0,0.0,0.0
2022-01-26 15:06:05.003446,0.0,0.0,0.0
2022-01-26 15:06:05.509476,0.0,0.0,0.0
2022-01-26 15:06:06.006061,0.0,0.0,0.0
2022-01-26 15:06:06.503013,0.0,0.0,0.0
2022-01-26 15:06:07.010478,0.0,0.0,0.0
2022-01-26 15:06:07.504478,0.0,0.0,0.0
2022-01-26 15:06:08.010247,0.0,0.0,0.0
2022-01-26 15:06:08.503891,0.0,0.0,0.0
2022-01-26 15:06:09.009816,0.0,0.0,0.0
2022-01-26 15:06:09.503893,0.0,0.0,0.0
2022-01-26 15:06:10.009480,0.0,0.0,0.0
2022-01-26 15:06:10.501036,0.0,0.0,0.0
2022-01-26 15:06:11.009936,0.0,0.0,0.0
2022-01-26 15:06:11.503542,0.0,0.0,0.0
2022-01-26 15:06:12.011407,0.0,0.0,0.0
2022-01-26 15:06:12.503286,0.0,0.0,0.0
2022-01-26 15:06:13.009907,0.0,0.0,0.0
2022-01-26 15:06:13.501672,0.0,0.0,0.0
2022-01-26 15:06:14.009278,0.0,0.0,0.0
2022-01-26 15:06:14.504351,0.0,0.0,0.0
2022-01-26 15:06:15.011154,0.0,0.0,0.0
2022-01-26 15:06:15.503110,0.0,0.0,0.0
2022-01-26 15:06:16.009559,0.0,0.0,0.0
2022-01-26 15:06:16.503742,0.0,0.0,0.0
2022-01-26 15:06:17.009804,0.0,0.0,0.0
2022-01-26 15:06:17.502163,0.0,0.0,0.0
2022-01-26 15:06:18.009999,0.0,0.0,0.0
2022-01-26 15:06:18.502279,0.0,0.0,0.0
2022-01-26 15:06:19.009113,0.0,0.0,0.0
2022-01-26 15:06:19.503168,0.0,0.0,0.0
2022-01-26 15:06:20.010277,0.0,0.0,0.0
2022-01-26 15:06:20.501015,0.0,0.0,0.0
2022-01-26 15:06:21.009081,0.0,0.0,0.0
2022-01-26 15:06:21.501081,0.0,0.0,0.0
2022-01-26 15:06:22.007688,0.0,0.0,0.0
2022-01-26 15:06:22.510921,0.0,0.0,0.0
2022-01-26 15:06:23.008578,0.0,0.0,0.0
2022-01-26 15:06:23.503816,0.0,0.0,0.0
2022-01-26 15:06:24.011463,0.0,0.0,0.0
2022-01-26 15:06:24.507413,0.0,0.0,0.0
2022-01-26 15:06:25.003193,0.0,0.0,0.0
2022-01-26 15:06:25.508297,0.0,0.0,0.0
2022-01-26 15:06:26.005147,0.0,0.0,0.0
2022-01-26 15:06:26.510818,0.0,0.0,0.0
2022-01-26 15:06:27.006604,0.0,0.0,0.0
2022-01-26 15:06:28.004502,0.0,0.0,0.0
2022-01-26 15:06:28.509931,0.0,0.0,0.0
2022-01-26 15:06:29.005734,0.0,0.0,0.0
2022-01-26 15:06:29.500956,0.0,0.0,0.0
2022-01-26 15:06:30.008053,0.0,0.0,0.0
2022-01-26 15:06:30.501340,0.0,0.0,0.0
2022-01-26 15:06:31.010382,0.0,0.0,0.0
2022-01-26 15:06:31.504316,0.0,0.0,0.0
2022-01-26 15:06:32.505618,0.0,0.0,0.0
2022-01-26 15:06:33.011005,0.0,0.0,0.0
2022-01-26 15:06:33.507230,0.0,0.0,0.0
2022-01-26 15:06:34.001669,0.0,0.0,0.0
2022-01-26 15:06:34.507726,0.0,0.0,0.0
2022-01-26 15:06:35.002780,0.0,0.0,0.0
2022-01-26 15:06:35.507262,0.0,0.0,0.0
2022-01-26 15:06:36.002249,0.0,0.0,0.0
2022-01-26 15:06:36.504691,0.0,0.0,0.0
2022-01-26 15:06:37.001410,0.0,0.0,0.0
2022-01-26 15:06:37.506473,0.0,0.0,0.0
2022-01-26 15:06:38.004476,0.0,0.0,0.0
2022-01-26 15:06:38.508709,0.0,0.0,0.0
2022-01-26 15:06:39.004134,0.0,0.0,0.0
2022-01-26 15:06:39.507900,0.0,0.0,0.0
2022-01-26 15:06:40.004371,0.0,0.0,0.0
2022-01-26 15:06:40.509149,0.0,0.0,0.0
2022-01-26 15:06:41.005166,0.0,0.0,0.0
2022-01-26 15:06:41.508775,0.0,0.0,0.0
2022-01-26 15:06:42.004491,0.0,0.0,0.0
2022-01-26 15:06:42.501031,0.0,0.0,0.0
2022-01-26 15:06:43.007551,0.0,0.0,0.0
2022-01-26 15:06:43.511118,0.0,0.0,0.0
2022-01-26 15:06:44.010032,0.0,0.0,0.0
2022-01-26 15:06:44.502847,0.0,0.0,0.0
2022-01-26 15:06:45.010608,0.0,0.0,0.0
2022-01-26 15:06:45.502473,0.0,0.0,0.0
2022-01-26 15:06:46.009013,0.0,0.0,0.0
2022-01-26 15:06:46.504518,0.0,0.0,0.0
2022-01-26 15:06:47.004544,0.0,0.0,0.0
2022-01-26 15:06:47.501234,0.0,0.0,0.0
2022-01-26 15:06:48.011003,0.0,0.0,0.0
2022-01-26 15:06:48.501032,0.0,0.0,0.0
2022-01-26 15:06:49.007454,0.0,0.0,0.0
2022-01-26 15:06:49.509786,0.0,0.0,0.0
2022-01-26 15:06:50.006041,0.0,0.0,0.0
2022-01-26 15:06:50.510165,0.0,0.0,0.0
2022-01-26 15:06:51.008370,0.0,0.0,0.0
2022-01-26 15:06:51.503139,0.0,0.0,0.0
2022-01-26 15:06:52.010721,0.0,0.0,0.0
2022-01-26 15:06:52.503329,0.0,0.0,0.0
2022-01-26 15:06:53.011125,0.0,0.0,0.0
2022-01-26 15:06:53.502652,0.0,0.0,0.0
2022-01-26 15:06:54.009371,0.0,0.0,0.0
2022-01-26 15:06:54.502129,0.0,0.0,0.0
2022-01-26 15:06:55.008085,0.0,0.0,0.0
2022-01-26 15:06:55.501318,0.0,0.0,0.0
2022-01-26 15:06:56.010371,0.0,0.0,0.0
2022-01-26 15:06:56.504314,0.0,0.0,0.0
2022-01-26 15:06:57.009364,0.0,0.0,0.0
2022-01-26 15:06:57.501565,0.0,0.0,0.0
2022-01-26 15:06:58.009084,0.0,0.0,0.0
2022-01-26 15:06:58.502418,0.0,0.0,0.0
2022-01-26 15:06:59.008523,0.0,0.0,0.0
2022-01-26 15:06:59.502861,0.0,0.0,0.0
2022-01-26 15:07:00.009873,0.0,0.0,0.0
2022-01-26 15:07:00.506776,0.0,0.0,0.0
2022-01-26 15:07:01.001224,0.0,0.0,0.0
2022-01-26 15:07:01.505936,0.0,0.0,0.0
2022-01-26 15:07:02.009186,0.0,0.0,0.0
2022-01-26 15:07:02.503054,0.0,0.0,0.0
2022-01-26 15:07:03.001348,0.0,0.0,0.0
2022-01-26 15:07:03.506466,0.0,0.0,0.0
2022-01-26 15:07:04.001683,0.0,0.0,0.0
2022-01-26 15:07:04.508928,0.0,0.0,0.0
2022-01-26 15:07:05.005090,0.0,0.0,0.0
2022-01-26 15:07:05.509747,0.0,0.0,0.0
2022-01-26 15:07:06.006408,0.0,0.0,0.0
2022-01-26 15:07:06.510328,0.0,0.0,0.0
2022-01-26 15:07:07.005973,0.0,0.0,0.0
2022-01-26 15:07:07.508970,0.0,0.0,0.0
2022-01-26 15:07:08.006749,0.0,0.0,0.0
2022-01-26 15:07:08.510464,0.0,0.0,0.0
2022-01-26 15:07:09.007225,0.0,0.0,0.0
2022-01-26 15:07:09.510689,0.0,0.0,0.0
2022-01-26 15:07:10.009718,0.0,0.0,0.0
2022-01-26 15:07:10.502720,0.0,0.0,0.0
2022-01-26 15:07:11.010259,0.0,0.0,0.0
2022-01-26 15:07:11.502080,0.0,0.0,0.0
2022-01-26 15:07:12.010150,0.0,0.0,0.0
2022-01-26 15:07:12.504543,0.0,0.0,0.0
2022-01-26 15:07:13.011105,0.0,0.0,0.0
2022-01-26 15:07:13.505975,0.0,0.0,0.0
2022-01-26 15:07:14.505503,0.0,0.0,0.0
2022-01-26 15:07:15.011008,0.0,0.0,0.0
2022-01-26 15:07:15.502881,0.0,0.0,0.0
2022-01-26 15:07:16.009382,0.0,0.0,0.0
2022-01-26 15:07:16.500938,0.0,0.0,0.0
2022-01-26 15:07:17.009212,0.0,0.0,0.0
2022-01-26 15:07:17.501231,0.0,0.0,0.0
2022-01-26 15:07:18.007979,0.0,0.0,0.0
2022-01-26 15:07:18.501375,0.0,0.0,0.0
2022-01-26 15:07:19.007748,0.0,0.0,0.0
2022-01-26 15:07:19.501154,0.0,0.0,0.0
2022-01-26 15:07:20.009797,0.0,0.0,0.0
2022-01-26 15:07:20.501833,0.0,0.0,0.0
2022-01-26 15:07:21.008617,0.0,0.0,0.0
2022-01-26 15:07:21.502269,0.0,0.0,0.0
2022-01-26 15:07:22.009456,0.0,0.0,0.0
2022-01-26 15:07:22.504649,0.0,0.0,0.0
2022-01-26 15:07:23.001302,0.0,0.0,0.0
2022-01-26 15:07:23.507423,0.0,0.0,0.0
2022-01-26 15:07:24.002010,0.0,0.0,0.0
2022-01-26 15:07:24.507076,0.0,0.0,0.0
2022-01-26 15:07:25.004198,0.0,0.0,0.0
2022-01-26 15:07:25.508458,0.0,0.0,0.0
2022-01-26 15:07:26.004448,0.0,0.0,0.0
2022-01-26 15:07:26.509003,0.0,0.0,0.0
2022-01-26 15:07:27.003921,0.0,0.0,0.0
2022-01-26 15:07:27.509331,0.0,0.0,0.0
2022-01-26 15:07:28.004979,0.0,0.0,0.0
2022-01-26 15:07:28.508669,0.0,0.0,0.0
2022-01-26 15:07:29.004145,0.0,0.0,0.0
2022-01-26 15:07:29.507738,0.0,0.0,0.0
2022-01-26 15:07:30.004246,0.0,0.0,0.0
2022-01-26 15:07:30.507010,0.0,0.0,0.0
2022-01-26 15:07:31.001673,0.0,0.0,0.0
2022-01-26 15:07:31.506294,0.0,0.0,0.0
2022-01-26 15:07:32.004737,0.0,0.0,0.0
2022-01-26 15:07:32.509973,0.0,0.0,0.0
2022-01-26 15:07:33.006355,0.0,0.0,0.0
2022-01-26 15:07:33.511363,0.0,0.0,0.0
2022-01-26 15:07:34.006772,0.0,0.0,0.0
2022-01-26 15:07:34.511272,0.0,0.0,0.0
2022-01-26 15:07:35.006820,0.0,0.0,0.0
2022-01-26 15:07:35.501039,0.0,0.0,0.0
2022-01-26 15:07:36.008008,0.0,0.0,0.0
2022-01-26 15:07:36.501890,0.0,0.0,0.0
2022-01-26 15:07:37.009196,0.0,0.0,0.0
2022-01-26 15:07:37.501915,0.0,0.0,0.0
2022-01-26 15:07:38.009211,0.0,0.0,0.0
2022-01-26 15:07:38.501817,0.0,0.0,0.0
2022-01-26 15:07:39.008592,0.0,0.0,0.0
2022-01-26 15:07:39.510763,0.0,0.0,0.0
2022-01-26 15:07:40.007991,0.0,0.0,0.0
2022-01-26 15:07:40.502497,0.0,0.0,0.0
2022-01-26 15:07:41.002634,0.0,0.0,0.0
2022-01-26 15:07:41.507681,0.0,0.0,0.0
2022-01-26 15:07:42.003038,0.0,0.0,0.0
2022-01-26 15:07:42.506872,0.0,0.0,0.0
2022-01-26 15:07:43.001895,0.0,0.0,0.0
2022-01-26 15:07:43.504885,0.0,0.0,0.0
2022-01-26 15:07:44.002070,0.0,0.0,0.0
2022-01-26 15:07:44.506058,0.0,0.0,0.0
2022-01-26 15:07:45.001427,0.0,0.0,0.0
2022-01-26 15:07:45.506774,0.0,0.0,0.0
2022-01-26 15:07:46.002312,0.0,0.0,0.0
2022-01-26 15:07:46.511330,0.0,0.0,0.0
2022-01-26 15:07:47.003172,0.0,0.0,0.0
2022-01-26 15:07:47.507983,0.0,0.0,0.0
2022-01-26 15:07:48.009085,0.0,0.0,0.0
2022-01-26 15:07:48.505940,0.0,0.0,0.0
2022-01-26 15:07:49.001704,0.0,0.0,0.0
2022-01-26 15:07:49.507939,0.0,0.0,0.0
2022-01-26 15:07:50.004041,0.0,0.0,0.0
2022-01-26 15:07:50.503357,0.0,0.0,0.0
2022-01-26 15:07:51.009178,0.0,0.0,0.0
2022-01-26 15:07:51.503246,0.0,0.0,0.0
2022-01-26 15:07:52.006095,0.0,0.0,0.0
2022-01-26 15:07:52.501206,0.0,0.0,0.0
2022-01-26 15:07:53.008661,0.0,0.0,0.0
2022-01-26 15:07:53.503221,0.0,0.0,0.0
2022-01-26 15:07:54.009122,0.0,0.0,0.0
2022-01-26 15:07:54.502301,0.0,0.0,0.0
2022-01-26 15:07:55.010570,0.0,0.0,0.0
2022-01-26 15:07:55.503506,0.0,0.0,0.0
2022-01-26 15:07:56.011448,0.0,0.0,0.0
2022-01-26 15:07:56.506941,0.0,0.0,0.0
2022-01-26 15:07:57.001643,0.0,0.0,0.0
2022-01-26 15:07:57.505864,0.0,0.0,0.0
2022-01-26 15:07:58.002495,0.0,0.0,0.0
2022-01-26 15:07:58.507982,0.0,0.0,0.0
2022-01-26 15:07:59.004148,0.0,0.0,0.0
2022-01-26 15:07:59.508904,0.0,0.0,0.0
2022-01-26 15:08:00.004816,0.0,0.0,0.0
2022-01-26 15:08:00.508189,0.0,0.0,0.0
2022-01-26 15:08:01.005020,0.0,0.0,0.0
2022-01-26 15:08:01.509073,0.0,0.0,0.0
2022-01-26 15:08:02.006423,0.0,0.0,0.0
2022-01-26 15:08:02.510315,0.0,0.0,0.0
2022-01-26 15:08:03.004726,0.0,0.0,0.0
2022-01-26 15:08:03.508850,0.0,0.0,0.0
2022-01-26 15:08:04.005260,0.0,0.0,0.0
2022-01-26 15:08:04.507640,0.0,0.0,0.0
2022-01-26 15:08:05.002265,0.0,0.0,0.0
2022-01-26 15:08:05.507044,0.0,0.0,0.0
2022-01-26 15:08:06.003087,0.0,0.0,0.0
2022-01-26 15:08:06.509616,0.0,0.0,0.0
2022-01-26 15:08:07.006272,0.0,0.0,0.0
2022-01-26 15:08:07.510320,0.0,0.0,0.0
2022-01-26 15:08:08.006100,0.0,0.0,0.0
2022-01-26 15:08:08.509318,0.0,0.0,0.0
2022-01-26 15:08:09.004295,0.0,0.0,0.0
2022-01-26 15:08:09.508638,0.0,0.0,0.0
2022-01-26 15:08:10.003979,0.0,0.0,0.0
2022-01-26 15:08:10.509356,0.0,0.0,0.0
2022-01-26 15:08:11.005646,0.0,0.0,0.0
2022-01-26 15:08:11.501815,0.0,0.0,0.0
2022-01-26 15:08:12.008100,0.0,0.0,0.0
2022-01-26 15:08:12.501196,0.0,0.0,0.0
2022-01-26 15:08:13.010852,0.0,0.0,0.0
2022-01-26 15:08:13.503950,0.0,0.0,0.0
2022-01-26 15:08:14.010431,0.0,0.0,0.0
2022-01-26 15:08:14.506176,0.0,0.0,0.0
2022-01-26 15:08:15.001774,0.0,0.0,0.0
2022-01-26 15:08:15.505948,0.0,0.0,0.0
2022-01-26 15:08:16.002319,0.0,0.0,0.0
2022-01-26 15:08:16.508796,0.0,0.0,0.0
2022-01-26 15:08:17.004378,0.0,0.0,0.0
2022-01-26 15:08:17.509553,0.0,0.0,0.0
2022-01-26 15:08:18.006453,0.0,0.0,0.0
2022-01-26 15:08:18.509749,0.0,0.0,0.0
2022-01-26 15:08:19.007183,0.0,0.0,0.0
2022-01-26 15:08:19.510644,0.0,0.0,0.0
2022-01-26 15:08:20.008508,0.0,0.0,0.0
2022-01-26 15:08:20.502291,0.0,0.0,0.0
2022-01-26 15:08:21.008163,0.0,0.0,0.0
2022-01-26 15:08:21.510850,0.0,0.0,0.0
2022-01-26 15:08:22.007319,0.0,0.0,0.0
2022-01-26 15:08:22.510348,0.0,0.0,0.0
2022-01-26 15:08:23.005714,0.0,0.0,0.0
2022-01-26 15:08:23.510386,0.0,0.0,0.0
2022-01-26 15:08:24.006432,0.0,0.0,0.0
2022-01-26 15:08:24.501923,0.0,0.0,0.0
2022-01-26 15:08:25.009036,0.0,0.0,0.0
2022-01-26 15:08:25.502141,0.0,0.0,0.0
2022-01-26 15:08:26.010304,0.0,0.0,0.0
2022-01-26 15:08:26.505406,0.0,0.0,0.0
2022-01-26 15:08:27.001697,0.0,0.0,0.0
2022-01-26 15:08:27.506414,0.0,0.0,0.0
2022-01-26 15:08:28.004392,0.0,0.0,0.0
2022-01-26 15:08:28.509946,0.0,0.0,0.0
2022-01-26 15:08:29.007561,0.0,0.0,0.0
2022-01-26 15:08:29.509892,0.0,0.0,0.0
2022-01-26 15:08:30.005554,0.0,0.0,0.0
2022-01-26 15:08:30.509506,0.0,0.0,0.0
2022-01-26 15:08:31.004219,0.0,0.0,0.0
2022-01-26 15:08:31.508880,0.0,0.0,0.0
2022-01-26 15:08:32.004831,0.0,0.0,0.0
2022-01-26 15:08:32.510736,0.0,0.0,0.0
2022-01-26 15:08:33.006322,0.0,0.0,0.0
2022-01-26 15:08:33.509645,0.0,0.0,0.0
2022-01-26 15:08:34.006368,0.0,0.0,0.0
2022-01-26 15:08:34.511183,0.0,0.0,0.0
2022-01-26 15:08:35.008157,0.0,0.0,0.0
2022-01-26 15:08:35.503165,0.0,0.0,0.0
2022-01-26 15:08:36.006732,0.0,0.0,0.0
2022-01-26 15:08:36.502280,0.0,0.0,0.0
2022-01-26 15:08:37.002566,0.0,0.0,0.0
2022-01-26 15:08:37.507451,0.0,0.0,0.0
2022-01-26 15:08:38.005310,0.0,0.0,0.0
2022-01-26 15:08:38.510654,0.0,0.0,0.0
2022-01-26 15:08:39.006899,0.0,0.0,0.0
2022-01-26 15:08:39.501421,0.0,0.0,0.0
2022-01-26 15:08:40.008842,0.0,0.0,0.0
2022-01-26 15:08:40.502376,0.0,0.0,0.0
2022-01-26 15:08:41.008523,0.0,0.0,0.0
2022-01-26 15:08:41.505999,0.0,0.0,0.0
2022-01-26 15:08:42.000921,0.0,0.0,0.0
2022-01-26 15:08:42.505394,0.0,0.0,0.0
2022-01-26 15:08:43.010334,0.0,0.0,0.0
2022-01-26 15:08:43.503260,0.0,0.0,0.0
2022-01-26 15:08:44.010140,0.0,0.0,0.0
2022-01-26 15:08:44.504304,0.0,0.0,0.0
2022-01-26 15:08:45.009854,0.0,0.0,0.0
2022-01-26 15:08:45.508998,0.0,0.0,0.0
2022-01-26 15:08:46.005534,0.0,0.0,0.0
2022-01-26 15:08:46.510293,0.0,0.0,0.0
2022-01-26 15:08:47.007096,0.0,0.0,0.0
2022-01-26 15:08:47.501426,0.0,0.0,0.0
2022-01-26 15:08:48.008970,0.0,0.0,0.0
2022-01-26 15:08:48.502333,0.0,0.0,0.0
2022-01-26 15:08:49.009934,0.0,0.0,0.0
2022-01-26 15:08:49.503192,0.0,0.0,0.0
2022-01-26 15:08:50.001736,0.0,0.0,0.0
2022-01-26 15:08:50.508558,0.0,0.0,0.0
2022-01-26 15:08:51.004544,0.0,0.0,0.0
2022-01-26 15:08:51.508070,0.0,0.0,0.0
2022-01-26 15:08:52.004590,0.0,0.0,0.0
2022-01-26 15:08:52.507887,0.0,0.0,0.0
2022-01-26 15:08:53.004447,0.0,0.0,0.0
2022-01-26 15:08:53.508886,0.0,0.0,0.0
2022-01-26 15:08:54.004249,0.0,0.0,0.0
2022-01-26 15:08:54.506726,0.0,0.0,0.0
2022-01-26 15:08:55.005511,0.0,0.0,0.0
2022-01-26 15:08:55.501036,0.0,0.0,0.0
2022-01-26 15:08:56.007616,0.0,0.0,0.0
2022-01-26 15:08:56.510922,0.0,0.0,0.0
2022-01-26 15:08:57.006363,0.0,0.0,0.0
2022-01-26 15:08:57.501259,0.0,0.0,0.0
2022-01-26 15:08:58.009501,0.0,0.0,0.0
2022-01-26 15:08:58.501770,0.0,0.0,0.0
2022-01-26 15:08:59.007833,0.0,0.0,0.0
2022-01-26 15:08:59.503399,0.0,0.0,0.0
2022-01-26 15:09:00.009769,0.0,0.0,0.0
2022-01-26 15:09:00.507286,0.0,0.0,0.0
2022-01-26 15:09:01.001830,0.0,0.0,0.0
2022-01-26 15:09:01.504957,0.0,0.0,0.0
2022-01-26 15:09:02.011325,0.0,0.0,0.0
2022-01-26 15:09:02.504895,0.0,0.0,0.0
2022-01-26 15:09:03.001390,0.0,0.0,0.0
2022-01-26 15:09:03.507340,0.0,0.0,0.0
2022-01-26 15:09:04.002187,0.0,0.0,0.0
2022-01-26 15:09:04.507139,0.0,0.0,0.0
2022-01-26 15:09:05.003534,0.0,0.0,0.0
2022-01-26 15:09:05.508331,0.0,0.0,0.0
2022-01-26 15:09:06.003881,0.0,0.0,0.0
2022-01-26 15:09:06.508031,0.0,0.0,0.0
2022-01-26 15:09:07.004735,0.0,0.0,0.0
2022-01-26 15:09:07.509096,0.0,0.0,0.0
2022-01-26 15:09:08.005506,0.0,0.0,0.0
2022-01-26 15:09:08.509765,0.0,0.0,0.0
2022-01-26 15:09:09.004993,0.0,0.0,0.0
2022-01-26 15:09:09.507910,0.0,0.0,0.0
2022-01-26 15:09:10.003387,0.0,0.0,0.0
2022-01-26 15:09:10.506069,0.0,0.0,0.0
2022-01-26 15:09:11.004579,0.0,0.0,0.0
2022-01-26 15:09:11.501387,0.0,0.0,0.0
2022-01-26 15:09:12.010236,0.0,0.0,0.0
2022-01-26 15:09:12.510461,0.0,0.0,0.0
2022-01-26 15:09:13.006374,0.0,0.0,0.0
2022-01-26 15:09:13.510537,0.0,0.0,0.0
2022-01-26 15:09:14.006309,0.0,0.0,0.0
2022-01-26 15:09:14.501969,0.0,0.0,0.0
2022-01-26 15:09:15.003431,0.0,0.0,0.0
2022-01-26 15:09:15.511357,0.0,0.0,0.0
2022-01-26 15:09:16.005207,0.0,0.0,0.0
2022-01-26 15:09:16.504750,0.0,0.0,0.0
2022-01-26 15:09:17.008706,0.0,0.0,0.0
2022-01-26 15:09:17.502133,0.0,0.0,0.0
2022-01-26 15:09:18.007334,0.0,0.0,0.0
2022-01-26 15:09:18.506844,0.0,0.0,0.0
2022-01-26 15:09:19.006529,0.0,0.0,0.0
2022-01-26 15:09:19.501462,0.0,0.0,0.0
2022-01-26 15:09:20.007732,0.0,0.0,0.0
2022-01-26 15:09:20.502211,0.0,0.0,0.0
2022-01-26 15:09:21.010582,0.0,0.0,0.0
2022-01-26 15:09:21.505524,0.0,0.0,0.0
2022-01-26 15:09:22.011152,0.0,0.0,0.0
2022-01-26 15:09:22.504335,0.0,0.0,0.0
2022-01-26 15:09:23.003687,0.0,0.0,0.0
2022-01-26 15:09:23.509108,0.0,0.0,0.0
2022-01-26 15:09:24.005913,0.0,0.0,0.0
2022-01-26 15:09:24.509500,0.0,0.0,0.0
2022-01-26 15:09:25.005196,0.0,0.0,0.0
2022-01-26 15:09:25.508762,0.0,0.0,0.0
2022-01-26 15:09:26.008926,0.0,0.0,0.0
2022-01-26 15:09:26.501945,0.0,0.0,0.0
2022-01-26 15:09:27.009818,0.0,0.0,0.0
2022-01-26 15:09:27.501280,0.0,0.0,0.0
2022-01-26 15:09:28.008975,0.0,0.0,0.0
2022-01-26 15:09:28.501930,0.0,0.0,0.0
2022-01-26 15:09:29.009674,0.0,0.0,0.0
2022-01-26 15:09:29.510685,0.0,0.0,0.0
2022-01-26 15:09:30.007524,0.0,0.0,0.0
2022-01-26 15:09:30.501914,0.0,0.0,0.0
2022-01-26 15:09:31.008507,0.0,0.0,0.0
2022-01-26 15:09:31.502683,0.0,0.0,0.0
2022-01-26 15:09:32.004038,0.0,0.0,0.0
2022-01-26 15:09:32.508669,0.0,0.0,0.0
2022-01-26 15:09:33.003402,0.0,0.0,0.0
2022-01-26 15:09:33.507436,0.0,0.0,0.0
2022-01-26 15:09:34.001982,0.0,0.0,0.0
2022-01-26 15:09:34.506429,0.0,0.0,0.0
2022-01-26 15:09:35.004755,0.0,0.0,0.0
2022-01-26 15:09:35.509008,0.0,0.0,0.0
2022-01-26 15:09:36.007596,0.0,0.0,0.0
2022-01-26 15:09:36.502431,0.0,0.0,0.0
2022-01-26 15:09:37.009388,0.0,0.0,0.0
2022-01-26 15:09:37.501904,0.0,0.0,0.0
2022-01-26 15:09:38.009002,0.0,0.0,0.0
2022-01-26 15:09:38.501698,0.0,0.0,0.0
2022-01-26 15:09:39.010032,0.0,0.0,0.0
2022-01-26 15:09:39.503391,0.0,0.0,0.0
2022-01-26 15:09:40.010163,0.0,0.0,0.0
2022-01-26 15:09:40.501748,0.0,0.0,0.0
2022-01-26 15:09:41.008080,0.0,0.0,0.0
2022-01-26 15:09:41.511415,0.0,0.0,0.0
2022-01-26 15:09:42.007569,0.0,0.0,0.0
2022-01-26 15:09:42.501800,0.0,0.0,0.0
2022-01-26 15:09:43.005989,0.0,0.0,0.0
2022-01-26 15:09:43.510188,0.0,0.0,0.0
2022-01-26 15:09:44.010797,0.0,0.0,0.0
2022-01-26 15:09:44.507364,0.0,0.0,0.0
2022-01-26 15:09:45.004401,0.0,0.0,0.0
2022-01-26 15:09:45.508085,0.0,0.0,0.0
2022-01-26 15:09:46.005521,0.0,0.0,0.0
2022-01-26 15:09:46.509766,0.0,0.0,0.0
2022-01-26 15:09:47.007502,0.0,0.0,0.0
2022-01-26 15:09:47.502350,0.0,0.0,0.0
2022-01-26 15:09:48.505062,0.0,0.0,0.0
2022-01-26 15:09:49.001966,0.0,0.0,0.0
2022-01-26 15:09:49.505250,0.0,0.0,0.0
2022-01-26 15:09:50.003888,0.0,0.0,0.0
2022-01-26 15:09:50.507741,0.0,0.0,0.0
2022-01-26 15:09:51.005091,0.0,0.0,0.0
2022-01-26 15:09:51.509113,0.0,0.0,0.0
2022-01-26 15:09:52.005363,0.0,0.0,0.0
2022-01-26 15:09:52.510087,0.0,0.0,0.0
2022-01-26 15:09:53.008342,0.0,0.0,0.0
2022-01-26 15:09:53.505543,0.0,0.0,0.0
2022-01-26 15:09:54.001893,0.0,0.0,0.0
2022-01-26 15:09:54.502596,0.0,0.0,0.0
2022-01-26 15:09:55.001964,0.0,0.0,0.0
2022-01-26 15:09:55.510534,0.0,0.0,0.0
2022-01-26 15:09:56.005507,0.0,0.0,0.0
2022-01-26 15:09:56.507733,0.0,0.0,0.0
2022-01-26 15:09:57.005967,0.0,0.0,0.0
2022-01-26 15:09:57.501447,0.0,0.0,0.0
2022-01-26 15:09:58.005434,0.0,0.0,0.0
2022-01-26 15:09:58.509997,0.0,0.0,0.0
2022-01-26 15:09:59.002818,0.0,0.0,0.0
2022-01-26 15:09:59.504725,0.0,0.0,0.0
2022-01-26 15:10:00.006315,0.0,0.0,0.0
2022-01-26 15:10:00.509640,0.0,0.0,0.0
2022-01-26 15:10:01.005524,0.0,0.0,0.0
2022-01-26 15:10:01.507685,0.0,0.0,0.0
2022-01-26 15:10:02.010409,0.0,0.0,0.0
2022-01-26 15:10:02.501169,0.0,0.0,0.0
2022-01-26 15:10:03.003146,0.0,0.0,0.0
2022-01-26 15:10:03.505409,0.0,0.0,0.0
2022-01-26 15:10:04.010589,0.0,0.0,0.0
2022-01-26 15:10:04.502211,0.0,0.0,0.0
2022-01-26 15:10:05.008415,0.0,0.0,0.0
2022-01-26 15:10:05.507270,0.0,0.0,0.0
2022-01-26 15:10:06.009158,0.0,0.0,0.0
2022-01-26 15:10:06.510308,0.0,0.0,0.0
2022-01-26 15:10:07.002994,0.0,0.0,0.0
2022-01-26 15:10:07.505859,0.0,0.0,0.0
2022-01-26 15:10:08.010161,0.0,0.0,0.0
2022-01-26 15:10:08.500986,0.0,0.0,0.0
2022-01-26 15:10:09.005281,0.0,0.0,0.0
2022-01-26 15:10:09.506409,0.0,0.0,0.0
2022-01-26 15:10:10.002581,0.0,0.0,0.0
2022-01-26 15:10:10.506621,0.0,0.0,0.0
2022-01-26 15:10:11.002646,0.0,0.0,0.0
2022-01-26 15:10:11.505035,0.0,0.0,0.0
2022-01-26 15:10:12.005845,0.0,0.0,0.0
2022-01-26 15:10:12.506916,0.0,0.0,0.0
2022-01-26 15:10:13.007684,0.0,0.0,0.0
2022-01-26 15:10:13.502509,0.0,0.0,0.0
2022-01-26 15:10:14.007985,0.0,0.0,0.0
2022-01-26 15:10:14.509394,0.0,0.0,0.0
2022-01-26 15:10:15.001843,0.0,0.0,0.0
2022-01-26 15:10:15.510111,0.0,0.0,0.0
2022-01-26 15:10:16.007454,0.0,0.0,0.0
2022-01-26 15:10:16.506558,0.0,0.0,0.0
2022-01-26 15:10:17.003045,0.0,0.0,0.0
2022-01-26 15:10:17.504642,0.0,0.0,0.0
2022-01-26 15:10:18.003809,0.0,0.0,0.0
2022-01-26 15:10:18.503843,0.0,0.0,0.0
2022-01-26 15:10:19.009593,0.0,0.0,0.0
2022-01-26 15:10:19.510829,0.0,0.0,0.0
2022-01-26 15:10:20.010693,0.0,0.0,0.0
2022-01-26 15:10:20.504063,0.0,0.0,0.0
2022-01-26 15:10:21.001348,0.0,0.0,0.0
2022-01-26 15:10:21.506824,0.0,0.0,0.0
2022-01-26 15:10:22.002098,0.0,0.0,0.0
2022-01-26 15:10:22.506197,0.0,0.0,0.0
2022-01-26 15:10:23.002902,0.0,0.0,0.0
2022-01-26 15:10:23.510612,0.0,0.0,0.0
2022-01-26 15:10:24.007913,0.0,0.0,0.0
2022-01-26 15:10:24.501989,0.0,0.0,0.0
2022-01-26 15:10:25.008524,0.0,0.0,0.0
2022-01-26 15:10:25.503613,0.0,0.0,0.0
2022-01-26 15:10:26.002368,0.0,0.0,0.0
2022-01-26 15:10:26.506073,0.0,0.0,0.0
2022-01-26 15:10:27.002626,0.0,0.0,0.0
2022-01-26 15:10:27.506045,0.0,0.0,0.0
2022-01-26 15:10:28.007025,0.0,0.0,0.0
2022-01-26 15:10:28.505284,0.0,0.0,0.0
2022-01-26 15:10:29.006444,0.0,0.0,0.0
2022-01-26 15:10:29.508334,0.0,0.0,0.0
2022-01-26 15:10:30.000628,0.0,0.0,0.0
2022-01-26 15:10:30.502863,0.0,0.0,0.0
2022-01-26 15:10:31.009150,0.0,0.0,0.0
2022-01-26 15:10:31.505465,0.0,0.0,0.0
2022-01-26 15:10:32.003349,0.0,0.0,0.0
2022-01-26 15:10:32.507490,0.0,0.0,0.0
2022-01-26 15:10:33.010884,0.0,0.0,0.0
2022-01-26 15:10:33.509950,0.0,0.0,0.0
2022-01-26 15:10:34.002174,0.0,0.0,0.0
2022-01-26 15:10:34.501482,0.0,0.0,0.0
2022-01-26 15:10:35.010071,0.0,0.0,0.0
2022-01-26 15:10:35.503346,0.0,0.0,0.0
2022-01-26 15:10:36.005526,0.0,0.0,0.0
2022-01-26 15:10:36.506464,0.0,0.0,0.0
2022-01-26 15:10:37.003201,0.0,0.0,0.07822
2022-01-26 15:10:37.508389,0.0,0.0,0.07822
2022-01-26 15:10:38.004267,0.0,0.0,0.0
2022-01-26 15:10:38.508690,0.0,0.0,0.0
2022-01-26 15:10:39.004728,0.0,0.0,0.0
2022-01-26 15:10:39.507481,0.0,0.0,0.0
2022-01-26 15:10:40.003109,0.0,0.0,0.0
2022-01-26 15:10:40.507811,0.0,0.0,0.0
2022-01-26 15:10:41.009255,0.0,0.0,0.0
2022-01-26 15:10:41.505788,0.0,0.0,0.0
2022-01-26 15:10:42.001348,0.0,0.0,0.0
2022-01-26 15:10:42.503738,0.0,0.0,0.0
2022-01-26 15:10:43.005864,0.0,0.0,0.0
2022-01-26 15:10:43.510325,0.0,0.0,0.0
2022-01-26 15:10:44.005717,0.0,0.0,0.0
2022-01-26 15:10:44.505873,0.0,0.0,0.0
2022-01-26 15:10:45.004596,0.0,0.0,0.0
2022-01-26 15:10:45.505059,0.0,0.0,0.0
2022-01-26 15:10:46.010292,0.0,0.0,0.0
2022-01-26 15:10:46.501283,0.0,0.0,0.0
2022-01-26 15:10:47.009929,0.0,0.0,0.0
2022-01-26 15:10:47.504252,0.0,0.0,0.0
2022-01-26 15:10:48.008743,0.0,0.0,0.0
2022-01-26 15:10:48.502402,0.0,0.0,0.0
2022-01-26 15:10:49.008545,0.0,0.0,0.0
2022-01-26 15:10:49.505013,0.0,0.0,0.0
2022-01-26 15:10:50.003215,0.0,0.0,0.0
2022-01-26 15:10:50.509195,0.0,0.0,0.0
2022-01-26 15:10:51.009073,0.0,0.0,0.0
2022-01-26 15:10:51.503250,0.0,0.0,0.0
2022-01-26 15:10:52.008549,0.0,0.0,0.0
2022-01-26 15:10:52.501525,0.0,0.0,0.0
2022-01-26 15:10:53.001765,0.0,0.0,0.0
2022-01-26 15:10:53.507915,0.0,0.0,0.0
2022-01-26 15:10:54.005855,0.0,0.0,0.0
2022-01-26 15:10:54.502046,0.0,0.0,0.0
2022-01-26 15:10:55.008703,0.0,0.0,0.0
2022-01-26 15:10:55.502947,0.0,0.0,0.0
2022-01-26 15:10:56.005163,0.0,0.0,0.0
2022-01-26 15:10:56.509110,0.0,0.0,0.0
2022-01-26 15:10:57.005269,0.0,0.0,0.0
2022-01-26 15:10:57.506631,0.0,0.0,0.0
2022-01-26 15:10:58.002218,0.0,0.0,0.0
2022-01-26 15:10:58.508924,0.0,0.0,0.0
2022-01-26 15:10:59.004234,0.0,0.0,0.0
2022-01-26 15:10:59.503883,0.0,0.0,0.0
2022-01-26 15:11:00.006065,0.0,0.0,0.0
2022-01-26 15:11:00.507505,0.0,0.0,0.0
2022-01-26 15:11:01.002363,0.0,0.0,0.0
2022-01-26 15:11:01.510261,0.0,0.0,0.0
2022-01-26 15:11:02.007078,0.0,0.0,0.0
2022-01-26 15:11:02.500614,0.0,0.0,0.0
2022-01-26 15:11:03.006614,0.0,0.0,0.0
2022-01-26 15:11:03.502252,0.0,0.0,0.0
2022-01-26 15:11:04.009432,0.0,0.0,0.0
2022-01-26 15:11:04.510633,0.0,0.0,0.0
2022-01-26 15:11:05.004313,0.0,0.0,0.0
2022-01-26 15:11:05.509036,0.0,0.0,0.0
2022-01-26 15:11:06.006853,0.0,0.0,0.0
2022-01-26 15:11:06.504687,0.0,0.0,0.0
2022-01-26 15:11:07.004887,0.0,0.0,0.0
2022-01-26 15:11:07.507627,0.0,0.0,0.0
2022-01-26 15:11:08.004572,0.0,0.0,0.0
2022-01-26 15:11:08.509346,0.0,0.0,0.0
2022-01-26 15:11:09.005893,0.0,0.0,0.0
2022-01-26 15:11:10.002000,0.0,0.0,0.0
2022-01-26 15:11:10.506138,0.0,0.0,0.0
2022-01-26 15:11:11.003770,0.0,0.0,0.0
2022-01-26 15:11:11.508365,0.0,0.0,0.0
2022-01-26 15:11:12.004034,0.0,0.0,0.0
2022-01-26 15:11:12.507703,0.0,0.0,0.0
2022-01-26 15:11:13.004301,0.0,0.0,0.0
2022-01-26 15:11:13.508728,0.0,0.0,0.0
2022-01-26 15:11:14.006622,0.0,0.0,0.0
2022-01-26 15:11:14.501598,0.0,0.0,0.0
2022-01-26 15:11:15.008359,0.0,0.0,0.0
2022-01-26 15:11:15.502187,0.0,0.0,0.0
2022-01-26 15:11:16.010464,0.0,0.0,0.0
2022-01-26 15:11:16.505762,0.0,0.0,0.0
2022-01-26 15:11:17.002781,0.0,0.0,0.0
2022-01-26 15:11:17.507379,0.0,0.0,0.0
2022-01-26 15:11:18.004621,0.0,0.0,0.0
2022-01-26 15:11:18.509796,0.0,0.0,0.0
2022-01-26 15:11:19.007764,0.0,0.0,0.0
2022-01-26 15:11:19.501463,0.0,0.0,0.0
2022-01-26 15:11:20.009439,0.0,0.0,0.0
2022-01-26 15:11:20.503058,0.0,0.0,0.0
2022-01-26 15:11:21.006188,0.0,0.0,0.0
2022-01-26 15:11:21.502834,0.0,0.0,0.0
2022-01-26 15:11:22.009845,0.0,0.0,0.0
2022-01-26 15:11:22.502717,0.0,0.0,0.0
2022-01-26 15:11:23.010491,0.0,0.0,0.0
2022-01-26 15:11:23.506944,0.0,0.0,0.0
2022-01-26 15:11:24.001570,0.0,0.0,0.0
2022-01-26 15:11:24.504421,0.0,0.0,0.0
2022-01-26 15:11:25.002855,0.0,0.0,0.0
2022-01-26 15:11:25.508188,0.0,0.0,0.0
2022-01-26 15:11:26.005081,0.0,0.0,0.0
2022-01-26 15:11:26.509554,0.0,0.0,0.0
2022-01-26 15:11:27.007524,0.0,0.0,0.0
2022-01-26 15:11:27.500877,0.0,0.0,0.0
2022-01-26 15:11:28.003222,0.0,0.0,0.0
2022-01-26 15:11:28.507244,0.0,0.0,0.0
2022-01-26 15:11:29.003647,0.0,0.0,0.0
2022-01-26 15:11:29.507971,0.0,0.0,0.0
2022-01-26 15:11:30.003781,0.0,0.0,0.0
2022-01-26 15:11:30.505338,0.0,0.0,0.0
2022-01-26 15:11:31.011111,0.0,0.0,0.0
2022-01-26 15:11:31.504609,0.0,0.0,0.0
2022-01-26 15:11:32.006135,0.0,0.0,0.0
2022-01-26 15:11:32.510049,0.0,0.0,0.0
2022-01-26 15:11:33.002597,0.0,0.0,0.0
2022-01-26 15:11:33.501156,0.0,0.0,0.0
2022-01-26 15:11:34.006404,0.0,0.0,0.0
2022-01-26 15:11:35.001894,0.0,0.0,0.0
2022-01-26 15:11:35.503419,0.0,0.0,0.0
2022-01-26 15:11:36.010839,0.0,0.0,0.0
2022-01-26 15:11:36.509708,0.0,0.0,0.0
2022-01-26 15:11:37.006155,0.0,0.0,0.0
2022-01-26 15:11:37.506285,0.0,0.0,0.0
2022-01-26 15:11:38.006719,0.0,0.0,0.0
2022-01-26 15:11:38.501552,0.0,0.0,0.0
2022-01-26 15:11:39.010659,0.0,0.0,0.0
2022-01-26 15:11:39.506169,0.0,0.0,0.0
2022-01-26 15:11:40.004395,0.0,0.0,0.0
2022-01-26 15:11:40.508923,0.0,0.0,0.0
2022-01-26 15:11:41.008129,0.0,0.0,0.0
2022-01-26 15:11:41.502682,0.0,0.0,0.0
2022-01-26 15:11:42.009094,0.0,0.0,-0.07822
2022-01-26 15:11:42.503532,0.0,0.0,-0.07822
2022-01-26 15:11:43.010263,0.0,0.0,-0.03864
2022-01-26 15:11:43.503964,0.0,0.0,-0.03864
2022-01-26 15:11:44.002345,0.0,0.0,0.0
2022-01-26 15:11:44.507947,0.0,0.0,0.0
2022-01-26 15:11:45.006665,0.0,0.0,0.0
2022-01-26 15:11:45.503739,0.0,0.0,0.0
2022-01-26 15:11:46.010717,0.0,0.0,0.0
2022-01-26 15:11:46.505635,0.0,0.0,0.0
2022-01-26 15:11:47.002347,0.0,0.0,0.0
2022-01-26 15:11:47.506554,0.0,0.0,0.0
2022-01-26 15:11:48.003358,0.0,0.0,0.0
2022-01-26 15:11:48.507318,0.0,0.0,0.0
2022-01-26 15:11:49.004986,0.0,0.0,0.0
2022-01-26 15:11:49.510538,0.0,0.0,0.0
2022-01-26 15:11:50.006895,0.0,0.0,0.0
2022-01-26 15:11:50.508242,0.0,0.0,0.0
2022-01-26 15:11:51.010736,0.0,0.0,0.0
2022-01-26 15:11:51.505949,0.0,0.0,0.0
2022-01-26 15:11:52.004082,0.0,0.0,0.0
2022-01-26 15:11:52.508629,0.0,0.0,0.0
2022-01-26 15:11:53.010071,0.0,0.0,0.0
2022-01-26 15:11:53.504060,0.0,0.0,0.0
2022-01-26 15:11:54.002337,0.0,0.0,0.0
2022-01-26 15:11:54.505499,0.0,0.0,0.0
2022-01-26 15:11:55.004745,0.0,0.0,0.0
2022-01-26 15:11:55.509657,0.0,0.0,0.0
2022-01-26 15:11:56.006867,0.0,0.0,0.0
2022-01-26 15:11:56.502325,0.0,0.0,0.0
2022-01-26 15:11:57.010250,0.0,0.0,0.0
2022-01-26 15:11:57.504484,0.0,0.0,0.0
2022-01-26 15:11:58.002349,0.0,0.0,0.0
2022-01-26 15:11:58.508391,0.0,0.0,0.0
2022-01-26 15:11:59.006473,0.0,0.0,0.0
2022-01-26 15:11:59.511035,0.0,0.0,0.0
2022-01-26 15:12:00.009660,0.0,0.0,0.0
2022-01-26 15:12:00.505527,0.0,0.0,0.0
2022-01-26 15:12:01.006984,0.0,0.0,0.0
2022-01-26 15:12:01.503359,0.0,0.0,0.0
2022-01-26 15:12:02.007035,0.0,0.0,0.0
2022-01-26 15:12:02.501937,0.0,0.0,0.0
2022-01-26 15:12:03.009236,0.0,0.0,0.0
2022-01-26 15:12:03.503763,0.0,0.0,0.0
2022-01-26 15:12:04.002837,0.0,0.0,0.0
2022-01-26 15:12:04.503975,0.0,0.0,0.0
2022-01-26 15:12:05.001126,0.0,0.0,0.0
2022-01-26 15:12:05.505452,0.0,0.0,0.0
2022-01-26 15:12:06.003361,0.0,0.0,0.0
2022-01-26 15:12:06.508255,0.0,0.0,0.0
2022-01-26 15:12:07.006742,0.0,0.0,0.0
2022-01-26 15:12:07.502019,0.0,0.0,0.0
2022-01-26 15:12:08.002836,0.0,0.0,0.0
2022-01-26 15:12:08.505696,0.0,0.0,0.0
2022-01-26 15:12:09.003681,0.0,0.0,0.0
2022-01-26 15:12:09.508433,0.0,0.0,0.0
2022-01-26 15:12:10.004410,0.0,0.0,0.0
2022-01-26 15:12:10.506397,0.0,0.0,0.0
2022-01-26 15:12:11.003155,0.0,0.0,0.0
2022-01-26 15:12:11.508847,0.0,0.0,0.0
2022-01-26 15:12:12.005264,0.0,0.0,0.0
2022-01-26 15:12:12.503884,0.0,0.0,0.0
2022-01-26 15:12:13.010047,0.0,0.0,0.0
2022-01-26 15:12:13.508968,0.0,0.0,0.0
2022-01-26 15:12:14.503805,0.0,0.0,0.0
2022-01-26 15:12:15.005535,0.0,0.0,0.0
2022-01-26 15:12:15.509471,0.0,0.0,0.0
2022-01-26 15:12:16.009032,0.0,0.0,0.0
2022-01-26 15:12:16.509082,0.0,0.0,0.0
2022-01-26 15:12:17.002717,0.0,0.0,0.0
2022-01-26 15:12:17.505424,0.0,0.0,0.0
2022-01-26 15:12:18.008864,0.0,0.0,0.0
2022-01-26 15:12:18.510450,0.0,0.0,0.0
2022-01-26 15:12:19.007532,0.0,0.0,0.0
2022-01-26 15:12:19.502051,0.0,0.0,0.0
2022-01-26 15:12:20.010110,0.0,0.0,0.0
2022-01-26 15:12:20.506051,0.0,0.0,0.0
2022-01-26 15:12:21.005850,0.0,0.0,0.0
2022-01-26 15:12:21.510124,0.0,0.0,0.0
2022-01-26 15:12:22.006686,0.0,0.0,0.0
2022-01-26 15:12:22.502662,0.0,0.0,0.0
2022-01-26 15:12:23.005734,0.0,0.0,0.0
2022-01-26 15:12:23.501030,0.0,0.0,0.0
2022-01-26 15:12:24.008073,0.0,0.0,0.0
2022-01-26 15:12:24.503877,0.0,0.0,0.0
2022-01-26 15:12:25.002461,0.0,0.0,0.0
2022-01-26 15:12:25.509039,0.0,0.0,0.0
2022-01-26 15:12:26.007088,0.0,0.0,0.0
2022-01-26 15:12:26.507616,0.0,0.0,0.0
2022-01-26 15:12:27.006060,0.0,0.0,0.0
2022-01-26 15:12:27.501530,0.0,0.0,0.0
2022-01-26 15:12:28.001570,0.0,0.0,0.0
2022-01-26 15:12:28.507626,0.0,0.0,0.0
2022-01-26 15:12:29.007546,0.0,0.0,0.0
2022-01-26 15:12:29.501201,0.0,0.0,0.0
2022-01-26 15:12:30.007240,0.0,0.0,0.0
2022-01-26 15:12:30.501010,0.0,0.0,0.0
2022-01-26 15:12:31.008497,0.0,0.0,0.0
2022-01-26 15:12:31.503794,0.0,0.0,0.0
2022-01-26 15:12:32.002225,0.0,0.0,0.0
2022-01-26 15:12:32.508230,0.0,0.0,0.0
2022-01-26 15:12:33.006753,0.0,0.0,0.0
2022-01-26 15:12:33.503888,0.0,0.0,0.0
2022-01-26 15:12:34.005897,0.0,0.0,0.0
2022-01-26 15:12:35.005786,0.0,0.0,0.0
2022-01-26 15:12:36.004110,0.0,0.0,0.0
2022-01-26 15:12:36.507637,0.0,0.0,0.0
2022-01-26 15:12:37.003368,0.0,0.0,0.0
2022-01-26 15:12:37.508885,0.0,0.0,0.0
2022-01-26 15:12:38.008036,0.0,0.0,0.0
2022-01-26 15:12:38.502818,0.0,0.0,0.0
2022-01-26 15:12:39.001229,0.0,0.0,0.0
2022-01-26 15:12:39.507963,0.0,0.0,0.0
2022-01-26 15:12:40.007411,0.0,0.0,0.0
2022-01-26 15:12:40.510667,0.0,0.0,0.0
2022-01-26 15:12:41.006917,0.0,0.0,0.0
2022-01-26 15:12:41.502222,0.0,0.0,0.0
2022-01-26 15:12:42.011149,0.0,0.0,0.0
2022-01-26 15:12:42.505917,0.0,0.0,0.0
2022-01-26 15:12:43.004665,0.0,0.0,0.0
2022-01-26 15:12:43.501693,0.0,0.0,0.0
2022-01-26 15:12:44.009145,0.0,0.0,0.0
2022-01-26 15:12:44.502471,0.0,0.0,0.0
2022-01-26 15:12:45.009729,0.0,0.0,0.0
2022-01-26 15:12:45.503233,0.0,0.0,0.0
2022-01-26 15:12:46.003798,0.0,0.0,0.0
2022-01-26 15:12:46.510996,0.0,0.0,0.0
2022-01-26 15:12:47.008014,0.0,0.0,0.0
2022-01-26 15:12:47.502331,0.0,0.0,0.0
2022-01-26 15:12:48.009250,0.0,0.0,0.0
2022-01-26 15:12:48.504433,0.0,0.0,0.0
2022-01-26 15:12:49.006217,0.0,0.0,0.0
2022-01-26 15:12:49.501704,0.0,0.0,0.0
2022-01-26 15:12:50.004627,0.0,0.0,0.0
2022-01-26 15:12:50.510148,0.0,0.0,0.0
2022-01-26 15:12:51.009119,0.0,0.0,0.0
2022-01-26 15:12:51.502109,0.0,0.0,0.0
2022-01-26 15:12:52.010654,0.0,0.0,0.0
2022-01-26 15:12:52.507398,0.0,0.0,0.0
2022-01-26 15:12:53.005179,0.0,0.0,0.0
2022-01-26 15:12:53.510297,0.0,0.0,0.0
2022-01-26 15:12:54.005702,0.0,0.0,0.0
2022-01-26 15:12:54.501260,0.0,0.0,0.0
2022-01-26 15:12:55.011137,0.0,0.0,0.0
2022-01-26 15:12:55.504329,0.0,0.0,0.0
2022-01-26 15:12:56.001987,0.0,0.0,0.0
2022-01-26 15:12:56.508115,0.0,0.0,0.0
2022-01-26 15:12:57.004926,0.0,0.0,0.0
2022-01-26 15:12:57.510490,0.0,0.0,0.0
2022-01-26 15:12:58.006911,0.0,0.0,0.0
2022-01-26 15:12:58.510192,0.0,0.0,0.0
2022-01-26 15:12:59.009190,0.0,0.0,0.0
2022-01-26 15:12:59.503234,0.0,0.0,0.0
2022-01-26 15:13:00.503528,0.0,0.0,0.0
2022-01-26 15:13:01.009972,0.0,0.0,0.0
2022-01-26 15:13:01.504925,0.0,0.0,0.0
2022-01-26 15:13:02.002147,0.0,0.0,0.0
2022-01-26 15:13:02.509191,0.0,0.0,0.0
2022-01-26 15:13:03.007007,0.0,0.0,0.0
2022-01-26 15:13:03.501560,0.0,0.0,0.0
2022-01-26 15:13:04.010268,0.0,0.0,0.0
2022-01-26 15:13:04.505738,0.0,0.0,0.0
2022-01-26 15:13:05.003527,0.0,0.0,0.0
2022-01-26 15:13:05.507459,0.0,0.0,0.0
2022-01-26 15:13:06.006344,0.0,0.0,0.0
2022-01-26 15:13:06.502457,0.0,0.0,0.0
2022-01-26 15:13:07.009739,0.0,0.0,0.0
2022-01-26 15:13:07.504477,0.0,0.0,0.0
2022-01-26 15:13:08.002672,0.0,0.0,0.0
2022-01-26 15:13:08.506910,0.0,0.0,0.0
2022-01-26 15:13:09.001166,0.0,0.0,0.0
2022-01-26 15:13:09.505651,0.0,0.0,0.0
2022-01-26 15:13:10.002186,0.0,0.0,0.0
2022-01-26 15:13:10.506759,0.0,0.0,0.0
2022-01-26 15:13:11.003740,0.0,0.0,0.0
2022-01-26 15:13:11.511129,0.0,0.0,0.0
2022-01-26 15:13:12.008027,0.0,0.0,0.0
2022-01-26 15:13:12.501754,0.0,0.0,0.0
2022-01-26 15:13:13.008498,0.0,0.0,0.0
2022-01-26 15:13:13.502923,0.0,0.0,0.0
2022-01-26 15:13:14.010619,0.0,0.0,0.0
2022-01-26 15:13:14.505866,0.0,0.0,0.0
2022-01-26 15:13:15.010150,0.0,0.0,0.0
2022-01-26 15:13:15.505933,0.0,0.0,0.0
2022-01-26 15:13:16.003768,0.0,0.0,0.0
2022-01-26 15:13:16.506752,0.0,0.0,0.0
2022-01-26 15:13:17.004067,0.0,0.0,0.0
2022-01-26 15:13:17.510359,0.0,0.0,0.0
2022-01-26 15:13:18.002804,0.0,0.0,0.0
2022-01-26 15:13:18.507027,0.0,0.0,0.0
2022-01-26 15:13:19.000977,0.0,0.0,0.0
2022-01-26 15:13:19.505231,0.0,0.0,0.0
2022-01-26 15:13:20.001441,0.0,0.0,0.0
2022-01-26 15:13:20.509997,0.0,0.0,0.0
2022-01-26 15:13:21.005358,0.0,0.0,0.0
2022-01-26 15:13:21.503772,0.0,0.0,0.0
2022-01-26 15:13:22.004194,0.0,0.0,0.0
2022-01-26 15:13:22.505856,0.0,0.0,0.0
2022-01-26 15:13:23.504987,0.0,0.0,0.0
2022-01-26 15:13:24.004542,0.0,0.0,0.0
2022-01-26 15:13:24.503616,0.0,0.0,0.0
2022-01-26 15:13:25.005045,0.0,0.0,0.0
2022-01-26 15:13:25.509686,0.0,0.0,0.0
2022-01-26 15:13:26.006346,0.0,0.0,0.0
2022-01-26 15:13:26.506893,0.0,0.0,0.0
2022-01-26 15:13:27.003082,0.0,0.0,0.0
2022-01-26 15:13:27.501682,0.0,0.0,0.0
2022-01-26 15:13:28.006954,0.0,0.0,0.0
2022-01-26 15:13:29.002842,0.0,0.0,0.0
2022-01-26 15:13:29.501822,0.0,0.0,0.0
2022-01-26 15:13:30.001607,0.0,0.0,0.0
2022-01-26 15:13:30.501237,0.0,0.0,0.0
2022-01-26 15:13:31.006717,0.0,0.0,0.0
2022-01-26 15:13:31.509551,0.0,0.0,0.0
2022-01-26 15:13:32.006741,0.0,0.0,0.0
2022-01-26 15:13:32.510196,0.0,0.0,0.0
2022-01-26 15:13:33.004186,0.0,0.0,0.0
2022-01-26 15:13:33.508079,0.0,0.0,0.0
2022-01-26 15:13:34.000851,0.0,0.0,0.0
2022-01-26 15:13:34.504843,0.0,0.0,0.0
2022-01-26 15:13:35.000945,0.0,0.0,0.0
2022-01-26 15:13:35.504520,0.0,0.0,0.0
2022-01-26 15:13:36.001563,0.0,0.0,0.0
2022-01-26 15:13:36.506595,0.0,0.0,0.0
2022-01-26 15:13:37.006916,0.0,0.0,0.0
2022-01-26 15:13:37.506758,0.0,0.0,0.0
2022-01-26 15:13:38.004257,0.0,0.0,0.0
2022-01-26 15:13:38.509685,0.0,0.0,0.0
2022-01-26 15:13:39.008694,0.0,0.0,0.0
2022-01-26 15:13:39.503502,0.0,0.0,0.0
2022-01-26 15:13:40.003546,0.0,0.0,0.0
2022-01-26 15:13:40.506592,0.0,0.0,0.0
2022-01-26 15:13:41.005357,0.0,0.0,0.0
2022-01-26 15:13:41.510586,0.0,0.0,0.0
2022-01-26 15:13:42.006781,0.0,0.0,0.0
2022-01-26 15:13:42.501770,0.0,0.0,0.0
2022-01-26 15:13:43.009311,0.0,0.0,0.0
2022-01-26 15:13:43.506717,0.0,0.0,0.0
2022-01-26 15:13:44.003829,0.0,0.0,0.0
2022-01-26 15:13:44.508576,0.0,0.0,0.0
2022-01-26 15:13:45.007652,0.0,0.0,0.0
2022-01-26 15:13:45.507320,0.0,0.0,0.0
2022-01-26 15:13:46.009793,0.0,0.0,0.0
2022-01-26 15:13:46.502441,0.0,0.0,0.0
2022-01-26 15:13:47.008464,0.0,0.0,0.0
2022-01-26 15:13:47.504870,0.0,0.0,0.0
2022-01-26 15:13:48.001891,0.0,0.0,0.0
2022-01-26 15:13:48.505877,0.0,0.0,0.0
2022-01-26 15:13:49.003358,0.0,0.0,0.0
2022-01-26 15:13:49.507984,0.0,0.0,0.0
2022-01-26 15:13:50.005964,0.0,0.0,0.0
2022-01-26 15:13:50.501947,0.0,0.0,0.0
2022-01-26 15:13:51.010938,0.0,0.0,0.0
2022-01-26 15:13:51.505398,0.0,0.0,0.0
2022-01-26 15:13:52.002351,0.0,0.0,0.0
2022-01-26 15:13:52.507374,0.0,0.0,0.0
2022-01-26 15:13:53.005752,0.0,0.0,0.0
2022-01-26 15:13:53.510240,0.0,0.0,0.0
2022-01-26 15:13:54.007480,0.0,0.0,0.0
2022-01-26 15:13:54.501095,0.0,0.0,0.0
2022-01-26 15:13:55.009454,0.0,0.0,0.0
2022-01-26 15:13:55.504215,0.0,0.0,0.0
2022-01-26 15:13:56.001804,0.0,0.0,0.0
2022-01-26 15:13:56.507418,0.0,0.0,0.0
2022-01-26 15:13:57.005887,0.0,0.0,0.0
2022-01-26 15:13:57.501076,0.0,0.0,0.0
2022-01-26 15:13:58.008712,0.0,0.0,0.0
2022-01-26 15:13:58.504028,0.0,0.0,0.0
2022-01-26 15:13:59.002000,0.0,0.0,0.0
2022-01-26 15:13:59.508403,0.0,0.0,0.0
2022-01-26 15:14:00.006002,0.0,0.0,0.0
2022-01-26 15:14:00.502307,0.0,0.0,0.0
2022-01-26 15:14:01.000958,0.0,0.0,0.0
2022-01-26 15:14:01.507076,0.0,0.0,0.0
2022-01-26 15:14:02.004337,0.0,0.0,0.0
2022-01-26 15:14:02.509959,0.0,0.0,0.0
2022-01-26 15:14:03.006182,0.0,0.0,0.0
2022-01-26 15:14:03.501403,0.0,0.0,0.0
2022-01-26 15:14:04.009936,0.0,0.0,0.0
2022-01-26 15:14:04.504634,0.0,0.0,0.0
2022-01-26 15:14:05.001283,0.0,0.0,0.0
2022-01-26 15:14:05.507111,0.0,0.0,0.0
2022-01-26 15:14:06.001379,0.0,0.0,0.0
2022-01-26 15:14:06.507114,0.0,0.0,0.0
2022-01-26 15:14:07.004982,0.0,0.0,0.0
2022-01-26 15:14:07.510774,0.0,0.0,0.0
2022-01-26 15:14:08.008399,0.0,0.0,0.0
2022-01-26 15:14:08.503642,0.0,0.0,0.0
2022-01-26 15:14:09.003968,0.0,0.0,0.0
2022-01-26 15:14:09.508983,0.0,0.0,0.0
2022-01-26 15:14:10.007910,0.0,0.0,0.0
2022-01-26 15:14:10.502065,0.0,0.0,0.0
2022-01-26 15:14:11.009899,0.0,0.0,0.0
2022-01-26 15:14:11.503110,0.0,0.0,0.0
2022-01-26 15:14:12.009756,0.0,0.0,0.0
2022-01-26 15:14:12.507141,0.0,0.0,0.0
2022-01-26 15:14:13.006273,0.0,0.0,0.0
2022-01-26 15:14:13.501763,0.0,0.0,0.0
2022-01-26 15:14:14.010294,0.0,0.0,0.0
2022-01-26 15:14:14.504013,0.0,0.0,0.0
2022-01-26 15:14:15.002318,0.0,0.0,0.0
2022-01-26 15:14:15.507021,0.0,0.0,0.0
2022-01-26 15:14:16.005672,0.0,0.0,0.0
2022-01-26 15:14:16.510991,0.0,0.0,0.0
2022-01-26 15:14:17.008752,0.0,0.0,0.0
2022-01-26 15:14:17.502913,0.0,0.0,0.0
2022-01-26 15:14:18.001048,0.0,0.0,0.0
2022-01-26 15:14:18.509555,0.0,0.0,0.0
2022-01-26 15:14:19.007126,0.0,0.0,0.0
2022-01-26 15:14:20.005020,0.0,0.0,0.0
2022-01-26 15:14:20.509481,0.0,0.0,0.0
2022-01-26 15:14:21.005830,0.0,0.0,0.0
2022-01-26 15:14:21.510624,0.0,0.0,0.0
2022-01-26 15:14:22.010471,0.0,0.0,0.0
2022-01-26 15:14:22.505315,0.0,0.0,0.0
2022-01-26 15:14:23.000904,0.0,0.0,0.0
2022-01-26 15:14:23.507800,0.0,0.0,0.0
2022-01-26 15:14:24.006091,0.0,0.0,0.0
2022-01-26 15:14:24.510865,0.0,0.0,0.0
2022-01-26 15:14:25.008619,0.0,0.0,0.0
2022-01-26 15:14:25.503947,0.0,0.0,0.0
2022-01-26 15:14:26.002306,0.0,0.0,0.0
2022-01-26 15:14:26.507810,0.0,0.0,0.0
2022-01-26 15:14:27.004862,0.0,0.0,0.0
2022-01-26 15:14:27.509969,0.0,0.0,0.0
2022-01-26 15:14:28.008295,0.0,0.0,0.0
2022-01-26 15:14:28.502338,0.0,0.0,0.0
2022-01-26 15:14:29.009285,0.0,0.0,0.0
2022-01-26 15:14:29.503140,0.0,0.0,0.0
2022-01-26 15:14:30.010888,0.0,0.0,0.0
2022-01-26 15:14:30.504950,0.0,0.0,0.0
2022-01-26 15:14:31.002306,0.0,0.0,0.0
2022-01-26 15:14:31.507638,0.0,0.0,0.0
2022-01-26 15:14:32.004992,0.0,0.0,0.0
2022-01-26 15:14:32.502477,0.0,0.0,0.0
2022-01-26 15:14:33.009935,0.0,0.0,0.0
2022-01-26 15:14:33.504712,0.0,0.0,0.0
2022-01-26 15:14:34.003255,0.0,0.0,0.0
2022-01-26 15:14:34.509822,0.0,0.0,0.0
2022-01-26 15:14:35.007967,0.0,0.0,0.0
2022-01-26 15:14:35.502457,0.0,0.0,0.0
2022-01-26 15:14:36.010154,0.0,0.0,0.0
2022-01-26 15:14:36.503945,0.0,0.0,0.0
2022-01-26 15:14:37.000962,0.0,0.0,0.0
2022-01-26 15:14:37.505467,0.0,0.0,0.0
2022-01-26 15:14:38.003374,0.0,0.0,0.0
2022-01-26 15:14:38.509042,0.0,0.0,0.0
2022-01-26 15:14:39.007379,0.0,0.0,0.0
2022-01-26 15:14:39.501270,0.0,0.0,0.0
2022-01-26 15:14:40.009195,0.0,0.0,0.0
2022-01-26 15:14:40.503257,0.0,0.0,0.0
2022-01-26 15:14:41.002414,0.0,0.0,0.0
2022-01-26 15:14:41.507758,0.0,0.0,0.0
2022-01-26 15:14:42.005038,0.0,0.0,0.0
2022-01-26 15:14:42.508010,0.0,0.0,0.0
2022-01-26 15:14:43.006769,0.0,0.0,0.0
2022-01-26 15:14:43.510543,0.0,0.0,0.0
2022-01-26 15:14:44.008969,0.0,0.0,0.0
2022-01-26 15:14:44.503574,0.0,0.0,0.0
2022-01-26 15:14:45.010859,0.0,0.0,0.0
2022-01-26 15:14:45.506632,0.0,0.0,0.0
2022-01-26 15:14:46.003444,0.0,0.0,0.0
2022-01-26 15:14:46.506912,0.0,0.0,0.0
2022-01-26 15:14:47.006162,0.0,0.0,0.0
2022-01-26 15:14:47.510843,0.0,0.0,0.0
2022-01-26 15:14:48.008400,0.0,0.0,0.0
2022-01-26 15:14:48.502659,0.0,0.0,0.0
2022-01-26 15:14:49.001825,0.0,0.0,0.0
2022-01-26 15:14:49.507431,0.0,0.0,0.0
2022-01-26 15:14:50.005551,0.0,0.0,0.0
2022-01-26 15:14:50.510636,0.0,0.0,0.0
2022-01-26 15:14:51.008551,0.0,0.0,0.0
2022-01-26 15:14:51.503293,0.0,0.0,0.0
2022-01-26 15:14:52.001829,0.0,0.0,0.0
2022-01-26 15:14:52.507433,0.0,0.0,0.0
2022-01-26 15:14:53.005082,0.0,0.0,0.0
2022-01-26 15:14:53.510824,0.0,0.0,0.0
2022-01-26 15:14:54.008470,0.0,0.0,0.0
2022-01-26 15:14:54.503886,0.0,0.0,0.0
2022-01-26 15:14:55.002131,0.0,0.0,0.0
2022-01-26 15:14:55.506661,0.0,0.0,0.0
2022-01-26 15:14:56.003815,0.0,0.0,0.0
2022-01-26 15:14:56.501073,0.0,0.0,0.0
2022-01-26 15:14:57.009267,0.0,0.0,0.0
2022-01-26 15:14:57.502271,0.0,0.0,0.0
2022-01-26 15:14:58.010012,0.0,0.0,0.0
2022-01-26 15:14:58.505124,0.0,0.0,0.0
2022-01-26 15:14:59.004475,0.0,0.0,0.0
2022-01-26 15:14:59.508552,0.0,0.0,0.0
2022-01-26 15:15:00.005540,0.0,0.0,0.0
2022-01-26 15:15:00.503216,0.0,0.0,0.0
2022-01-26 15:15:01.001950,0.0,0.0,0.0
2022-01-26 15:15:01.507794,0.0,0.0,0.0
2022-01-26 15:15:02.005279,0.0,0.0,0.0
2022-01-26 15:15:02.501125,0.0,0.0,0.0
2022-01-26 15:15:03.001019,0.0,0.0,0.0
2022-01-26 15:15:03.507096,0.0,0.0,0.0
2022-01-26 15:15:04.005212,0.0,0.0,0.0
2022-01-26 15:15:04.508663,0.0,0.0,0.0
2022-01-26 15:15:05.007818,0.0,0.0,0.0
2022-01-26 15:15:05.502542,0.0,0.0,0.0
2022-01-26 15:15:06.001547,0.0,0.0,0.0
2022-01-26 15:15:06.503179,0.0,0.0,0.0
2022-01-26 15:15:07.003118,0.0,0.0,0.0
2022-01-26 15:15:07.509243,0.0,0.0,0.0
2022-01-26 15:15:08.007492,0.0,0.0,0.0
2022-01-26 15:15:08.502073,0.0,0.0,0.0
2022-01-26 15:15:09.009908,0.0,0.0,0.0
2022-01-26 15:15:09.506788,0.0,0.0,0.0
2022-01-26 15:15:10.005437,0.0,0.0,0.0
2022-01-26 15:15:10.509550,0.0,0.0,0.0
2022-01-26 15:15:11.002944,0.0,0.0,0.0
2022-01-26 15:15:11.509858,0.0,0.0,0.0
2022-01-26 15:15:12.007961,0.0,0.0,0.0
2022-01-26 15:15:12.502616,0.0,0.0,0.0
2022-01-26 15:15:13.001896,0.0,0.0,0.0
2022-01-26 15:15:13.508109,0.0,0.0,0.0
2022-01-26 15:15:14.006489,0.0,0.0,0.0
2022-01-26 15:15:14.502870,0.0,0.0,0.0
2022-01-26 15:15:15.010601,0.0,0.0,0.0
2022-01-26 15:15:15.504786,0.0,0.0,0.0
2022-01-26 15:15:16.003946,0.0,0.0,0.0
2022-01-26 15:15:16.508482,0.0,0.0,0.0
2022-01-26 15:15:17.006452,0.0,0.0,0.0
2022-01-26 15:15:17.502066,0.0,0.0,0.0
2022-01-26 15:15:18.009849,0.0,0.0,0.0
2022-01-26 15:15:18.504192,0.0,0.0,0.0
2022-01-26 15:15:19.001443,0.0,0.0,0.0
2022-01-26 15:15:19.506245,0.0,0.0,0.0
2022-01-26 15:15:20.002121,0.0,0.0,0.0
2022-01-26 15:15:20.508594,0.0,0.0,0.0
2022-01-26 15:15:21.005123,0.0,0.0,0.0
2022-01-26 15:15:21.509055,0.0,0.0,0.0
2022-01-26 15:15:22.007485,0.0,0.0,0.0
2022-01-26 15:15:22.511159,0.0,0.0,0.0
2022-01-26 15:15:23.009984,0.0,0.0,0.0
2022-01-26 15:15:23.506023,0.0,0.0,0.0
2022-01-26 15:15:24.003585,0.0,0.0,0.0
2022-01-26 15:15:24.507566,0.0,0.0,0.0
2022-01-26 15:15:25.007960,0.0,0.0,0.0
2022-01-26 15:15:25.502517,0.0,0.0,0.0
2022-01-26 15:15:26.010165,0.0,0.0,0.0
2022-01-26 15:15:26.504024,0.0,0.0,0.0
2022-01-26 15:15:27.002801,0.0,0.0,0.0
2022-01-26 15:15:27.506610,0.0,0.0,0.0
2022-01-26 15:15:28.004475,0.0,0.0,0.0
2022-01-26 15:15:28.510104,0.0,0.0,0.0
2022-01-26 15:15:29.006749,0.0,0.0,0.0
2022-01-26 15:15:29.505010,0.0,0.0,0.0
2022-01-26 15:15:30.002779,0.0,0.0,0.0
2022-01-26 15:15:30.507359,0.0,0.0,0.0
2022-01-26 15:15:31.003520,0.0,0.0,0.0
2022-01-26 15:15:31.509287,0.0,0.0,0.0
2022-01-26 15:15:32.007021,0.0,0.0,0.0
2022-01-26 15:15:32.510321,0.0,0.0,0.0
2022-01-26 15:15:33.006841,0.0,0.0,0.0
2022-01-26 15:15:33.503207,0.0,0.0,0.0
2022-01-26 15:15:34.001543,0.0,0.0,0.0
2022-01-26 15:15:34.506768,0.0,0.0,0.0
2022-01-26 15:15:35.004489,0.0,0.0,0.0
2022-01-26 15:15:35.501493,0.0,0.0,0.0
2022-01-26 15:15:36.009917,0.0,0.0,0.0
2022-01-26 15:15:36.504726,0.0,0.0,0.0
2022-01-26 15:15:37.002875,0.0,0.0,0.0
2022-01-26 15:15:37.508742,0.0,0.0,0.0
2022-01-26 15:15:38.006368,0.0,0.0,0.0
2022-01-26 15:15:38.502502,0.0,0.0,0.0
2022-01-26 15:15:39.009947,0.0,0.0,0.0
2022-01-26 15:15:39.504234,0.0,0.0,0.0
2022-01-26 15:15:40.003408,0.0,0.0,0.0
2022-01-26 15:15:40.508434,0.0,0.0,0.0
2022-01-26 15:15:41.006306,0.0,0.0,0.0
2022-01-26 15:15:41.502079,0.0,0.0,0.0
2022-01-26 15:15:42.010787,0.0,0.0,0.0
2022-01-26 15:15:42.507157,0.0,0.0,0.0
2022-01-26 15:15:43.007380,0.0,0.0,0.0
2022-01-26 15:15:43.502280,0.0,0.0,0.0
2022-01-26 15:15:44.010820,0.0,0.0,0.0
2022-01-26 15:15:44.505630,0.0,0.0,0.0
2022-01-26 15:15:45.004826,0.0,0.0,0.0
2022-01-26 15:15:45.509706,0.0,0.0,0.0
2022-01-26 15:15:46.006817,0.0,0.0,0.0
2022-01-26 15:15:46.502504,0.0,0.0,0.0
2022-01-26 15:15:47.010688,0.0,0.0,0.0
2022-01-26 15:15:47.504939,0.0,0.0,0.0
2022-01-26 15:15:48.002729,0.0,0.0,0.0
2022-01-26 15:15:48.507704,0.0,0.0,0.0
2022-01-26 15:15:49.005800,0.0,0.0,0.0
2022-01-26 15:15:49.500996,0.0,0.0,0.0
2022-01-26 15:15:50.007387,0.0,0.0,0.0
2022-01-26 15:15:50.502572,0.0,0.0,0.0
2022-01-26 15:15:51.006679,0.0,0.0,0.0
2022-01-26 15:15:51.503861,0.0,0.0,0.0
2022-01-26 15:15:52.002722,0.0,0.0,0.0
2022-01-26 15:15:52.508561,0.0,0.0,0.0
2022-01-26 15:15:53.005661,0.0,0.0,0.0
2022-01-26 15:15:53.510754,0.0,0.0,0.0
2022-01-26 15:15:54.010740,0.0,0.0,0.0
2022-01-26 15:15:54.506332,0.0,0.0,0.0
2022-01-26 15:15:55.005714,0.0,0.0,0.0
2022-01-26 15:15:55.501842,0.0,0.0,0.0
2022-01-26 15:15:56.009218,0.0,0.0,0.0
2022-01-26 15:15:56.504562,0.0,0.0,0.0
2022-01-26 15:15:57.004038,0.0,0.0,0.0
2022-01-26 15:15:57.509695,0.0,0.0,0.0
2022-01-26 15:15:58.007924,0.0,0.0,0.0
2022-01-26 15:15:58.504344,0.0,0.0,0.0
2022-01-26 15:15:59.001738,0.0,0.0,0.0
2022-01-26 15:15:59.507415,0.0,0.0,0.0
2022-01-26 15:16:00.005289,0.0,0.0,0.0
2022-01-26 15:16:00.501072,0.0,0.0,0.0
2022-01-26 15:16:01.010586,0.0,0.0,0.0
2022-01-26 15:16:01.505225,0.0,0.0,0.0
2022-01-26 15:16:02.002629,0.0,0.0,0.0
2022-01-26 15:16:02.507825,0.0,0.0,0.0
2022-01-26 15:16:03.005031,0.0,0.0,0.0
2022-01-26 15:16:03.510664,0.0,0.0,0.0
2022-01-26 15:16:04.007651,0.0,0.0,0.0
2022-01-26 15:16:04.503896,0.0,0.0,0.0
2022-01-26 15:16:05.002600,0.0,0.0,0.0
2022-01-26 15:16:05.506136,0.0,0.0,0.0
2022-01-26 15:16:06.004367,0.0,0.0,0.0
2022-01-26 15:16:06.509908,0.0,0.0,0.0
2022-01-26 15:16:07.008775,0.0,0.0,0.0
2022-01-26 15:16:07.503823,0.0,0.0,0.0
2022-01-26 15:16:08.001669,0.0,0.0,0.0
2022-01-26 15:16:08.506171,0.0,0.0,0.0
2022-01-26 15:16:09.004587,0.0,0.0,0.0
2022-01-26 15:16:09.510116,0.0,0.0,0.0
2022-01-26 15:16:10.003341,0.0,0.0,0.0
2022-01-26 15:16:10.506642,0.0,0.0,0.0
2022-01-26 15:16:11.005274,0.0,0.0,0.0
2022-01-26 15:16:11.510323,0.0,0.0,0.0
2022-01-26 15:16:12.007555,0.0,0.0,0.0
2022-01-26 15:16:12.501307,0.0,0.0,0.0
2022-01-26 15:16:13.010205,0.0,0.0,0.0
2022-01-26 15:16:13.507962,0.0,0.0,0.0
2022-01-26 15:16:14.005191,0.0,0.0,0.0
2022-01-26 15:16:14.501198,0.0,0.0,0.0
2022-01-26 15:16:15.010079,0.0,0.0,0.0
2022-01-26 15:16:15.505338,0.0,0.0,0.0
2022-01-26 15:16:16.003258,0.0,0.0,0.0
2022-01-26 15:16:16.508376,0.0,0.0,0.0
2022-01-26 15:16:17.005041,0.0,0.0,0.0
2022-01-26 15:16:17.510263,0.0,0.0,0.0
2022-01-26 15:16:18.008005,0.0,0.0,0.0
2022-01-26 15:16:18.504232,0.0,0.0,0.0
2022-01-26 15:16:19.003489,0.0,0.0,0.0
2022-01-26 15:16:19.508196,0.0,0.0,0.0
2022-01-26 15:16:20.005770,0.0,0.0,0.0
2022-01-26 15:16:20.502769,0.0,0.0,0.0
2022-01-26 15:16:21.010787,0.0,0.0,0.0
2022-01-26 15:16:21.506107,0.0,0.0,0.0
2022-01-26 15:16:22.002826,0.0,0.0,0.0
2022-01-26 15:16:22.510463,0.0,0.0,0.0
2022-01-26 15:16:23.007367,0.0,0.0,0.0
2022-01-26 15:16:23.502383,0.0,0.0,0.0
2022-01-26 15:16:24.009053,0.0,0.0,0.0
2022-01-26 15:16:24.502693,0.0,0.0,0.0
2022-01-26 15:16:25.010783,0.0,0.0,0.0
2022-01-26 15:16:25.505226,0.0,0.0,0.0
2022-01-26 15:16:26.002516,0.0,0.0,0.0
2022-01-26 15:16:26.506514,0.0,0.0,0.0
2022-01-26 15:16:27.004641,0.0,0.0,0.0
2022-01-26 15:16:27.509124,0.0,0.0,0.0
2022-01-26 15:16:28.005745,0.0,0.0,0.0
2022-01-26 15:16:28.510254,0.0,0.0,0.0
2022-01-26 15:16:29.006550,0.0,0.0,0.0
2022-01-26 15:16:29.510515,0.0,0.0,0.0
2022-01-26 15:16:30.001356,0.0,0.0,0.0
2022-01-26 15:16:30.506815,0.0,0.0,0.0
2022-01-26 15:16:31.006562,0.0,0.0,0.0
2022-01-26 15:16:31.503013,0.0,0.0,0.0
2022-01-26 15:16:32.010313,0.0,0.0,0.0
2022-01-26 15:16:32.505400,0.0,0.0,0.0
2022-01-26 15:16:33.003402,0.0,0.0,0.0
2022-01-26 15:16:33.507177,0.0,0.0,0.0
2022-01-26 15:16:34.005024,0.0,0.0,0.0
2022-01-26 15:16:34.510919,0.0,0.0,0.0
2022-01-26 15:16:35.008608,0.0,0.0,0.0
2022-01-26 15:16:35.502766,0.0,0.0,0.0
2022-01-26 15:16:36.002517,0.0,0.0,0.0
2022-01-26 15:16:36.507362,0.0,0.0,0.0
2022-01-26 15:16:37.004641,0.0,0.0,0.0
2022-01-26 15:16:37.509345,0.0,0.0,0.0
2022-01-26 15:16:38.007845,0.0,0.0,0.0
2022-01-26 15:16:38.502645,0.0,0.0,0.0
2022-01-26 15:16:39.001077,0.0,0.0,0.0
2022-01-26 15:16:39.505963,0.0,0.0,0.0
2022-01-26 15:16:40.003175,0.0,0.0,0.0
2022-01-26 15:16:40.510957,0.0,0.0,0.0
2022-01-26 15:16:41.007754,0.0,0.0,0.0
2022-01-26 15:16:41.502772,0.0,0.0,0.0
2022-01-26 15:16:42.010245,0.0,0.0,0.0
2022-01-26 15:16:42.505314,0.0,0.0,0.0
2022-01-26 15:16:43.003006,0.0,0.0,0.0
2022-01-26 15:16:43.510877,0.0,0.0,0.0
2022-01-26 15:16:44.008233,0.0,0.0,0.0
2022-01-26 15:16:44.503194,0.0,0.0,0.0
2022-01-26 15:16:45.001446,0.0,0.0,0.0
2022-01-26 15:16:45.506836,0.0,0.0,0.0
2022-01-26 15:16:46.004982,0.0,0.0,0.0
2022-01-26 15:16:46.510076,0.0,0.0,0.0
2022-01-26 15:16:47.007616,0.0,0.0,0.0
2022-01-26 15:16:47.503474,0.0,0.0,0.0
2022-01-26 15:16:48.001677,0.0,0.0,0.0
2022-01-26 15:16:48.508310,0.0,0.0,0.0
2022-01-26 15:16:49.005753,0.0,0.0,0.0
2022-01-26 15:16:49.503499,0.0,0.0,0.0
2022-01-26 15:16:50.002614,0.0,0.0,0.0
2022-01-26 15:16:50.506199,0.0,0.0,0.0
2022-01-26 15:16:51.004610,0.0,0.0,0.0
2022-01-26 15:16:51.507120,0.0,0.0,0.0
2022-01-26 15:16:52.006492,0.0,0.0,0.0
2022-01-26 15:16:52.510622,0.0,0.0,0.0
2022-01-26 15:16:53.008986,0.0,0.0,0.0
2022-01-26 15:16:53.501964,0.0,0.0,0.0
2022-01-26 15:16:54.002979,0.0,0.0,0.0
2022-01-26 15:16:54.506680,0.0,0.0,0.0
2022-01-26 15:16:55.003451,0.0,0.0,0.0
2022-01-26 15:16:55.507101,0.0,0.0,0.0
2022-01-26 15:16:56.004054,0.0,0.0,0.0
2022-01-26 15:16:56.509718,0.0,0.0,0.0
2022-01-26 15:16:57.007172,0.0,0.0,0.0
2022-01-26 15:16:57.500959,0.0,0.0,0.0
2022-01-26 15:16:58.008015,0.0,0.0,0.0
2022-01-26 15:16:58.503321,0.0,0.0,0.0
2022-01-26 15:16:59.001145,0.0,0.0,0.0
2022-01-26 15:16:59.506378,0.0,0.0,0.0
2022-01-26 15:17:00.003963,0.0,0.0,0.0
2022-01-26 15:17:00.506770,0.0,0.0,0.0
2022-01-26 15:17:01.004376,0.0,0.0,0.0
2022-01-26 15:17:01.510384,0.0,0.0,0.0
2022-01-26 15:17:02.007992,0.0,0.0,0.0
2022-01-26 15:17:02.504725,0.0,0.0,0.0
2022-01-26 15:17:03.002984,0.0,0.0,0.0
2022-01-26 15:17:03.501727,0.0,0.0,0.0
2022-01-26 15:17:04.009571,0.0,0.0,0.0
2022-01-26 15:17:04.504887,0.0,0.0,0.0
2022-01-26 15:17:05.002953,0.0,0.0,0.0
2022-01-26 15:17:05.506908,0.0,0.0,0.0
2022-01-26 15:17:06.003811,0.0,0.0,0.0
2022-01-26 15:17:06.508393,0.0,0.0,0.0
2022-01-26 15:17:07.005567,0.0,0.0,0.0
2022-01-26 15:17:07.501766,0.0,0.0,0.0
2022-01-26 15:17:08.009060,0.0,0.0,0.0
2022-01-26 15:17:08.504306,0.0,0.0,0.0
2022-01-26 15:17:09.002336,0.0,0.0,0.0
2022-01-26 15:17:09.505894,0.0,0.0,0.0
2022-01-26 15:17:10.004198,0.0,0.0,0.0
2022-01-26 15:17:10.501108,0.0,0.0,0.0
2022-01-26 15:17:11.007678,0.0,0.0,0.0
2022-01-26 15:17:11.504144,0.0,0.0,0.0
2022-01-26 15:17:12.003931,0.0,0.0,0.0
2022-01-26 15:17:12.510238,0.0,0.0,0.0
2022-01-26 15:17:13.009531,0.0,0.0,0.0
2022-01-26 15:17:13.504319,0.0,0.0,0.0
2022-01-26 15:17:14.002441,0.0,0.0,0.0
2022-01-26 15:17:14.506718,0.0,0.0,0.0
2022-01-26 15:17:15.003460,0.0,0.0,0.0
2022-01-26 15:17:15.508370,0.0,0.0,0.0
2022-01-26 15:17:16.006747,0.0,0.0,0.0
2022-01-26 15:17:16.501386,0.0,0.0,0.0
2022-01-26 15:17:17.008308,0.0,0.0,0.0
2022-01-26 15:17:17.502215,0.0,0.0,0.0
2022-01-26 15:17:18.009801,0.0,0.0,0.0
2022-01-26 15:17:18.504365,0.0,0.0,0.0
2022-01-26 15:17:19.010651,0.0,0.0,0.0
2022-01-26 15:17:19.505802,0.0,0.0,0.0
2022-01-26 15:17:20.003828,0.0,0.0,0.0
2022-01-26 15:17:20.510399,0.0,0.0,0.0
2022-01-26 15:17:21.007620,0.0,0.0,0.0
2022-01-26 15:17:21.501671,0.0,0.0,0.0
2022-01-26 15:17:22.010335,0.0,0.0,0.0
2022-01-26 15:17:22.505717,0.0,0.0,0.0
2022-01-26 15:17:23.003047,0.0,0.0,0.0
2022-01-26 15:17:23.507270,0.0,0.0,0.0
2022-01-26 15:17:24.004205,0.0,0.0,0.0
2022-01-26 15:17:24.509218,0.0,0.0,0.0
2022-01-26 15:17:25.009910,0.0,0.0,0.0
2022-01-26 15:17:25.504091,0.0,0.0,0.0
2022-01-26 15:17:26.011008,0.0,0.0,0.0
2022-01-26 15:17:26.507381,0.0,0.0,0.0
2022-01-26 15:17:27.005060,0.0,0.0,0.0
2022-01-26 15:17:27.508670,0.0,0.0,0.0
2022-01-26 15:17:28.006289,0.0,0.0,0.0
2022-01-26 15:17:28.501343,0.0,0.0,0.0
2022-01-26 15:17:29.007716,0.0,0.0,0.0
2022-01-26 15:17:29.505763,0.0,0.0,0.0
2022-01-26 15:17:30.003763,0.0,0.0,0.0
2022-01-26 15:17:30.507575,0.0,0.0,0.0
2022-01-26 15:17:31.005855,0.0,0.0,0.0
2022-01-26 15:17:31.501434,0.0,0.0,0.0
2022-01-26 15:17:32.009800,0.0,0.0,0.0
2022-01-26 15:17:32.504643,0.0,0.0,0.0
2022-01-26 15:17:33.003349,0.0,0.0,0.0
2022-01-26 15:17:33.510863,0.0,0.0,0.0
2022-01-26 15:17:34.009186,0.0,0.0,0.0
2022-01-26 15:17:34.502902,0.0,0.0,0.0
2022-01-26 15:17:35.010016,0.0,0.0,0.0
2022-01-26 15:17:35.504648,0.0,0.0,0.0
2022-01-26 15:17:36.002753,0.0,0.0,0.0
2022-01-26 15:17:36.507227,0.0,0.0,0.0
2022-01-26 15:17:37.005862,0.0,0.0,0.0
2022-01-26 15:17:37.509724,0.0,0.0,0.0
2022-01-26 15:17:38.008745,0.0,0.0,0.0
2022-01-26 15:17:38.505024,0.0,0.0,0.0
2022-01-26 15:17:39.002249,0.0,0.0,0.0
2022-01-26 15:17:39.509747,0.0,0.0,0.0
2022-01-26 15:17:40.006794,0.0,0.0,0.0
2022-01-26 15:17:40.501435,0.0,0.0,0.0
2022-01-26 15:17:41.009062,0.0,0.0,0.0
2022-01-26 15:17:41.507653,0.0,0.0,0.0
2022-01-26 15:17:42.006049,0.0,0.0,0.0
2022-01-26 15:17:42.502953,0.0,0.0,0.0
2022-01-26 15:17:43.009737,0.0,0.0,0.0
2022-01-26 15:17:43.503339,0.0,0.0,0.0
2022-01-26 15:17:44.011167,0.0,0.0,0.0
2022-01-26 15:17:44.505821,0.0,0.0,0.0
2022-01-26 15:17:45.002659,0.0,0.0,0.0
2022-01-26 15:17:45.507290,0.0,0.0,0.0
2022-01-26 15:17:46.005099,0.0,0.0,0.0
2022-01-26 15:17:46.502451,0.0,0.0,0.0
2022-01-26 15:17:47.001089,0.0,0.0,0.0
2022-01-26 15:17:47.505863,0.0,0.0,0.0
2022-01-26 15:17:48.003793,0.0,0.0,0.0
2022-01-26 15:17:48.508717,0.0,0.0,0.0
2022-01-26 15:17:49.007324,0.0,0.0,0.0
2022-01-26 15:17:49.502234,0.0,0.0,0.0
2022-01-26 15:17:50.002773,0.0,0.0,0.0
2022-01-26 15:17:50.506871,0.0,0.0,0.0
2022-01-26 15:17:51.003757,0.0,0.0,0.0
2022-01-26 15:17:51.501195,0.0,0.0,0.0
2022-01-26 15:17:52.007953,0.0,0.0,0.0
2022-01-26 15:17:52.501621,0.0,0.0,0.0
2022-01-26 15:17:53.010433,0.0,0.0,0.0
2022-01-26 15:17:53.506406,0.0,0.0,0.0
2022-01-26 15:17:54.004380,0.0,0.0,0.0
2022-01-26 15:17:54.508425,0.0,0.0,0.0
2022-01-26 15:17:55.005271,0.0,0.0,0.0
2022-01-26 15:17:55.501820,0.0,0.0,0.0
2022-01-26 15:17:56.008986,0.0,0.0,0.0
2022-01-26 15:17:56.503556,0.0,0.0,0.0
2022-01-26 15:17:57.002317,0.0,0.0,0.0
2022-01-26 15:17:57.507965,0.0,0.0,0.0
2022-01-26 15:17:58.005974,0.0,0.0,0.0
2022-01-26 15:17:58.510743,0.0,0.0,0.0
2022-01-26 15:17:59.007549,0.0,0.0,0.0
2022-01-26 15:17:59.501746,0.0,0.0,0.0
2022-01-26 15:18:00.009502,0.0,0.0,0.0
2022-01-26 15:18:00.507068,0.0,0.0,0.0
2022-01-26 15:18:01.005890,0.0,0.0,0.0
2022-01-26 15:18:01.510369,0.0,0.0,0.0
2022-01-26 15:18:02.007839,0.0,0.0,0.0
2022-01-26 15:18:02.501495,0.0,0.0,0.0
2022-01-26 15:18:03.009559,0.0,0.0,0.0
2022-01-26 15:18:03.503722,0.0,0.0,0.0
2022-01-26 15:18:04.001263,0.0,0.0,0.0
2022-01-26 15:18:04.507531,0.0,0.0,0.0
2022-01-26 15:18:05.006040,0.0,0.0,0.0
2022-01-26 15:18:05.502142,0.0,0.0,0.0
2022-01-26 15:18:06.009865,0.0,0.0,0.0
2022-01-26 15:18:06.504400,0.0,0.0,0.0
2022-01-26 15:18:07.002216,0.0,0.0,0.0
2022-01-26 15:18:07.507559,0.0,0.0,0.0
2022-01-26 15:18:08.008525,0.0,0.0,0.0
2022-01-26 15:18:08.502772,0.0,0.0,0.0
2022-01-26 15:18:09.001112,0.0,0.0,0.0
2022-01-26 15:18:09.511191,0.0,0.0,0.0
2022-01-26 15:18:10.008218,0.0,0.0,0.0
2022-01-26 15:18:10.502318,0.0,0.0,0.0
2022-01-26 15:18:11.001055,0.0,0.0,0.0
2022-01-26 15:18:11.506256,0.0,0.0,0.0
2022-01-26 15:18:12.003042,0.0,0.0,0.0
2022-01-26 15:18:12.508315,0.0,0.0,0.0
2022-01-26 15:18:13.006536,0.0,0.0,0.0
2022-01-26 15:18:13.502644,0.0,0.0,0.0
2022-01-26 15:18:14.002177,0.0,0.0,0.0
2022-01-26 15:18:14.506745,0.0,0.0,0.0
2022-01-26 15:18:15.004619,0.0,0.0,0.0
2022-01-26 15:18:15.510293,0.0,0.0,0.0
2022-01-26 15:18:16.009363,0.0,0.0,0.0
2022-01-26 15:18:16.504926,0.0,0.0,0.0
2022-01-26 15:18:17.003044,0.0,0.0,0.0
2022-01-26 15:18:17.509408,0.0,0.0,0.0
2022-01-26 15:18:18.006325,0.0,0.0,0.0
2022-01-26 15:18:18.503006,0.0,0.0,0.0
2022-01-26 15:18:19.001069,0.0,0.0,0.0
2022-01-26 15:18:19.505715,0.0,0.0,0.0
2022-01-26 15:18:20.002254,0.0,0.0,0.0
2022-01-26 15:18:20.505843,0.0,0.0,0.0
2022-01-26 15:18:21.004119,0.0,0.0,0.0
2022-01-26 15:18:21.509535,0.0,0.0,0.0
2022-01-26 15:18:22.007021,0.0,0.0,0.0
2022-01-26 15:18:22.503904,0.0,0.0,0.0
2022-01-26 15:18:23.001714,0.0,0.0,0.0
2022-01-26 15:18:23.506235,0.0,0.0,0.0
2022-01-26 15:18:24.003949,0.0,0.0,0.0
2022-01-26 15:18:24.508866,0.0,0.0,0.0
2022-01-26 15:18:25.007921,0.0,0.0,0.0
2022-01-26 15:18:25.502750,0.0,0.0,0.0
2022-01-26 15:18:26.010635,0.0,0.0,0.0
2022-01-26 15:18:26.504286,0.0,0.0,0.0
2022-01-26 15:18:27.003392,0.0,0.0,0.0
2022-01-26 15:18:27.509100,0.0,0.0,0.0
2022-01-26 15:18:28.006607,0.0,0.0,0.0
2022-01-26 15:18:28.501510,0.0,0.0,0.0
2022-01-26 15:18:29.009421,0.0,0.0,0.0
2022-01-26 15:18:29.503933,0.0,0.0,0.0
2022-01-26 15:18:30.001829,0.0,0.0,0.0
2022-01-26 15:18:30.506794,0.0,0.0,0.0
2022-01-26 15:18:31.003808,0.0,0.0,0.0
2022-01-26 15:18:31.509717,0.0,0.0,0.0
2022-01-26 15:18:32.006737,0.0,0.0,0.0
2022-01-26 15:18:32.501538,0.0,0.0,0.0
2022-01-26 15:18:33.010644,0.0,0.0,0.0
2022-01-26 15:18:33.505426,0.0,0.0,0.0
2022-01-26 15:18:34.004728,0.0,0.0,0.0
2022-01-26 15:18:34.509161,0.0,0.0,0.0
2022-01-26 15:18:35.007766,0.0,0.0,0.0
2022-01-26 15:18:35.502599,0.0,0.0,0.0
2022-01-26 15:18:36.010717,0.0,0.0,0.0
2022-01-26 15:18:36.506943,0.0,0.0,0.0
2022-01-26 15:18:37.005414,0.0,0.0,0.0
2022-01-26 15:18:37.510783,0.0,0.0,0.0
2022-01-26 15:18:38.007364,0.0,0.0,0.0
2022-01-26 15:18:38.502295,0.0,0.0,0.0
2022-01-26 15:18:39.001769,0.0,0.0,0.0
2022-01-26 15:18:39.507596,0.0,0.0,0.0
2022-01-26 15:18:40.005731,0.0,0.0,0.0
2022-01-26 15:18:41.005239,0.0,0.0,0.0
2022-01-26 15:18:42.005701,0.0,0.0,0.0
2022-01-26 15:18:42.510361,0.0,0.0,0.0
2022-01-26 15:18:43.007853,0.0,0.0,0.0
2022-01-26 15:18:43.501149,0.0,0.0,0.0
2022-01-26 15:18:44.009798,0.0,0.0,0.0
2022-01-26 15:18:44.504595,0.0,0.0,0.0
2022-01-26 15:18:45.003520,0.0,0.0,0.0
2022-01-26 15:18:45.509045,0.0,0.0,0.0
2022-01-26 15:18:46.008078,0.0,0.0,0.0
2022-01-26 15:18:46.504623,0.0,0.0,0.0
2022-01-26 15:18:47.002587,0.0,0.0,0.0
2022-01-26 15:18:47.506685,0.0,0.0,0.0
2022-01-26 15:18:48.005628,0.0,0.0,0.0
2022-01-26 15:18:48.501065,0.0,0.0,0.0
2022-01-26 15:18:49.010174,0.0,0.0,0.0
2022-01-26 15:18:49.504721,0.0,0.0,0.0
2022-01-26 15:18:50.002749,0.0,0.0,-0.03864
2022-01-26 15:18:50.509245,0.0,0.0,-0.03864
2022-01-26 15:18:51.007034,0.0,0.0,0.0
2022-01-26 15:18:51.502207,0.0,0.0,0.0
2022-01-26 15:18:52.001011,0.0,0.0,0.0
2022-01-26 15:18:52.506199,0.0,0.0,0.0
2022-01-26 15:18:53.006386,0.0,0.0,0.0
2022-01-26 15:18:53.510866,0.0,0.0,0.0
2022-01-26 15:18:54.007826,0.0,0.0,0.0
2022-01-26 15:18:54.502705,0.0,0.0,0.0
2022-01-26 15:18:55.010411,0.0,0.0,0.0
2022-01-26 15:18:55.504798,0.0,0.0,0.0
2022-01-26 15:18:56.004109,0.0,0.0,0.0
2022-01-26 15:18:56.508415,0.0,0.0,0.0
2022-01-26 15:18:57.005886,0.0,0.0,0.0
2022-01-26 15:18:57.510001,0.0,0.0,0.0
2022-01-26 15:18:58.007598,0.0,0.0,0.0
2022-01-26 15:18:58.509155,0.0,0.0,0.0
2022-01-26 15:18:59.007399,0.0,0.0,0.0
2022-01-26 15:18:59.502107,0.0,0.0,0.0
2022-01-26 15:19:00.010170,0.0,0.0,0.0
2022-01-26 15:19:00.505078,0.0,0.0,0.0
2022-01-26 15:19:01.001972,0.0,0.0,0.0
2022-01-26 15:19:01.507407,0.0,0.0,0.0
2022-01-26 15:19:02.004717,0.0,0.0,0.0
2022-01-26 15:19:02.509218,0.0,0.0,0.0
2022-01-26 15:19:03.006556,0.0,0.0,0.0
2022-01-26 15:19:03.502263,0.0,0.0,0.0
2022-01-26 15:19:04.001713,0.0,0.0,0.0
2022-01-26 15:19:04.508490,0.0,0.0,0.0
2022-01-26 15:19:05.005015,0.0,0.0,0.0
2022-01-26 15:19:05.509340,0.0,0.0,0.0
2022-01-26 15:19:06.006085,0.0,0.0,0.0
2022-01-26 15:19:06.510507,0.0,0.0,0.0
2022-01-26 15:19:07.010399,0.0,0.0,0.0
2022-01-26 15:19:07.505413,0.0,0.0,0.0
2022-01-26 15:19:08.004905,0.0,0.0,0.0
2022-01-26 15:19:08.510214,0.0,0.0,0.0
2022-01-26 15:19:09.006875,0.0,0.0,0.0
2022-01-26 15:19:09.510262,0.0,0.0,0.0
2022-01-26 15:19:10.008202,0.0,0.0,0.0
2022-01-26 15:19:10.502602,0.0,0.0,0.0
2022-01-26 15:19:11.008781,0.0,0.0,0.0
2022-01-26 15:19:11.504242,0.0,0.0,0.0
2022-01-26 15:19:12.001808,0.0,0.0,0.0
2022-01-26 15:19:12.506361,0.0,0.0,0.0
2022-01-26 15:19:13.004477,0.0,0.0,0.0
2022-01-26 15:19:13.509714,0.0,0.0,0.0
2022-01-26 15:19:14.008993,0.0,0.0,0.0
2022-01-26 15:19:14.505451,0.0,0.0,0.0
2022-01-26 15:19:15.002035,0.0,0.0,0.0
2022-01-26 15:19:15.506432,0.0,0.0,0.0
2022-01-26 15:19:16.005058,0.0,0.0,0.0
2022-01-26 15:19:16.510250,0.0,0.0,0.0
2022-01-26 15:19:17.008086,0.0,0.0,0.0
2022-01-26 15:19:17.504016,0.0,0.0,0.0
2022-01-26 15:19:18.010293,0.0,0.0,0.0
2022-01-26 15:19:18.508559,0.0,0.0,0.0
2022-01-26 15:19:19.005941,0.0,0.0,0.0
2022-01-26 15:19:19.510436,0.0,0.0,0.0
2022-01-26 15:19:20.007271,0.0,0.0,0.0
2022-01-26 15:19:20.503464,0.0,0.0,0.0
2022-01-26 15:19:21.001704,0.0,0.0,0.0
2022-01-26 15:19:21.507423,0.0,0.0,0.0
2022-01-26 15:19:22.007776,0.0,0.0,0.0
2022-01-26 15:19:22.501879,0.0,0.0,0.0
2022-01-26 15:19:23.008994,0.0,0.0,0.0
2022-01-26 15:19:23.504575,0.0,0.0,0.0
2022-01-26 15:19:24.002441,0.0,0.0,0.0
2022-01-26 15:19:24.506705,0.0,0.0,0.0
2022-01-26 15:19:25.004356,0.0,0.0,0.0
2022-01-26 15:19:25.509132,0.0,0.0,0.0
2022-01-26 15:19:26.007639,0.0,0.0,0.0
2022-01-26 15:19:26.504190,0.0,0.0,0.0
2022-01-26 15:19:27.002078,0.0,0.0,0.0
2022-01-26 15:19:27.510875,0.0,0.0,0.0
2022-01-26 15:19:28.008977,0.0,0.0,0.0
2022-01-26 15:19:28.502959,0.0,0.0,0.0
2022-01-26 15:19:29.010319,0.0,0.0,0.0
2022-01-26 15:19:29.505516,0.0,0.0,0.0
2022-01-26 15:19:30.002995,0.0,0.0,0.0
2022-01-26 15:19:30.508288,0.0,0.0,0.0
2022-01-26 15:19:31.008020,0.0,0.0,0.0
2022-01-26 15:19:31.503947,0.0,0.0,0.0
2022-01-26 15:19:32.001497,0.0,0.0,0.0
2022-01-26 15:19:32.507957,0.0,0.0,0.0
2022-01-26 15:19:33.005769,0.0,0.0,0.0
2022-01-26 15:19:33.510773,0.0,0.0,0.0
2022-01-26 15:19:34.008616,0.0,0.0,0.0
2022-01-26 15:19:34.503974,0.0,0.0,0.0
2022-01-26 15:19:35.001218,0.0,0.0,0.0
2022-01-26 15:19:35.505887,0.0,0.0,0.0
2022-01-26 15:19:36.004526,0.0,0.0,0.0
2022-01-26 15:19:36.509125,0.0,0.0,0.0
2022-01-26 15:19:37.007891,0.0,0.0,0.0
2022-01-26 15:19:37.501202,0.0,0.0,0.0
2022-01-26 15:19:38.010697,0.0,0.0,0.0
2022-01-26 15:19:38.504947,0.0,0.0,0.0
2022-01-26 15:19:39.004356,0.0,0.0,0.0
2022-01-26 15:19:39.508912,0.0,0.0,0.0
2022-01-26 15:19:40.006775,0.0,0.0,0.0
2022-01-26 15:19:40.503282,0.0,0.0,0.0
2022-01-26 15:19:41.010791,0.0,0.0,0.0
2022-01-26 15:19:41.505789,0.0,0.0,0.0
2022-01-26 15:19:42.003480,0.0,0.0,0.0
2022-01-26 15:19:42.508307,0.0,0.0,0.0
2022-01-26 15:19:43.005393,0.0,0.0,0.0
2022-01-26 15:19:43.502255,0.0,0.0,0.0
2022-01-26 15:19:44.010390,0.0,0.0,0.0
2022-01-26 15:19:44.504749,0.0,0.0,0.0
2022-01-26 15:19:45.003837,0.0,0.0,0.0
2022-01-26 15:19:45.508365,0.0,0.0,0.0
2022-01-26 15:19:46.005523,0.0,0.0,0.0
2022-01-26 15:19:46.510075,0.0,0.0,0.0
2022-01-26 15:19:47.007900,0.0,0.0,0.0
2022-01-26 15:19:47.502674,0.0,0.0,0.0
2022-01-26 15:19:48.001723,0.0,0.0,0.0
2022-01-26 15:19:48.506002,0.0,0.0,0.0
2022-01-26 15:19:49.003345,0.0,0.0,0.0
2022-01-26 15:19:49.509259,0.0,0.0,0.0
2022-01-26 15:19:50.007163,0.0,0.0,0.0
2022-01-26 15:19:50.501340,0.0,0.0,0.0
2022-01-26 15:19:51.009071,0.0,0.0,0.0
2022-01-26 15:19:51.503672,0.0,0.0,0.0
2022-01-26 15:19:52.010521,0.0,0.0,0.0
2022-01-26 15:19:52.506266,0.0,0.0,0.0
2022-01-26 15:19:53.003366,0.0,0.0,0.0
2022-01-26 15:19:53.508687,0.0,0.0,0.0
2022-01-26 15:19:54.006647,0.0,0.0,0.0
2022-01-26 15:19:54.500688,0.0,0.0,0.0
2022-01-26 15:19:55.007963,0.0,0.0,0.0
2022-01-26 15:19:55.502803,0.0,0.0,0.0
2022-01-26 15:19:56.010560,0.0,0.0,0.0
2022-01-26 15:19:56.506001,0.0,0.0,0.0
2022-01-26 15:19:57.002684,0.0,0.0,0.0
2022-01-26 15:19:57.509090,0.0,0.0,0.0
2022-01-26 15:19:58.008595,0.0,0.0,0.0
2022-01-26 15:19:58.504942,0.0,0.0,0.0
2022-01-26 15:19:59.002620,0.0,0.0,0.0
2022-01-26 15:19:59.507186,0.0,0.0,0.0
2022-01-26 15:20:00.005055,0.0,0.0,0.0
2022-01-26 15:20:00.510161,0.0,0.0,0.0
2022-01-26 15:20:01.001621,0.0,0.0,0.0
2022-01-26 15:20:01.506741,0.0,0.0,0.0
2022-01-26 15:20:02.006555,0.0,0.0,0.0
2022-01-26 15:20:02.501239,0.0,0.0,0.0
2022-01-26 15:20:03.009446,0.0,0.0,0.0
2022-01-26 15:20:03.506021,0.0,0.0,0.0
2022-01-26 15:20:04.005542,0.0,0.0,0.0
2022-01-26 15:20:04.502640,0.0,0.0,0.0
2022-01-26 15:20:05.010929,0.0,0.0,0.0
2022-01-26 15:20:05.504429,0.0,0.0,0.0
2022-01-26 15:20:06.002757,0.0,0.0,0.0
2022-01-26 15:20:06.509080,0.0,0.0,0.0
2022-01-26 15:20:07.006522,0.0,0.0,0.0
2022-01-26 15:20:07.501911,0.0,0.0,0.0
2022-01-26 15:20:08.009404,0.0,0.0,0.0
2022-01-26 15:20:08.505679,0.0,0.0,0.0
2022-01-26 15:20:09.004142,0.0,0.0,0.0
2022-01-26 15:20:09.501179,0.0,0.0,0.0
2022-01-26 15:20:10.009772,0.0,0.0,0.0
2022-01-26 15:20:10.504933,0.0,0.0,0.0
2022-01-26 15:20:11.002327,0.0,0.0,0.0
2022-01-26 15:20:11.503214,0.0,0.0,0.0
2022-01-26 15:20:12.002032,0.0,0.0,0.0
2022-01-26 15:20:12.506963,0.0,0.0,0.0
2022-01-26 15:20:13.004308,0.0,0.0,0.0
2022-01-26 15:20:13.502503,0.0,0.0,0.0
2022-01-26 15:20:14.009379,0.0,0.0,0.0
2022-01-26 15:20:14.503613,0.0,0.0,0.0
2022-01-26 15:20:15.001904,0.0,0.0,0.0
2022-01-26 15:20:15.506680,0.0,0.0,0.0
2022-01-26 15:20:16.003915,0.0,0.0,0.0
2022-01-26 15:20:16.508862,0.0,0.0,0.0
2022-01-26 15:20:17.007082,0.0,0.0,0.0
2022-01-26 15:20:17.502425,0.0,0.0,0.0
2022-01-26 15:20:18.008900,0.0,0.0,0.0
2022-01-26 15:20:18.504306,0.0,0.0,0.0
2022-01-26 15:20:19.002262,0.0,0.0,0.0
2022-01-26 15:20:19.506346,0.0,0.0,0.0
2022-01-26 15:20:20.003603,0.0,0.0,0.0
2022-01-26 15:20:20.508895,0.0,0.0,0.0
2022-01-26 15:20:21.003946,0.0,0.0,0.0
2022-01-26 15:20:21.509408,0.0,0.0,0.0
2022-01-26 15:20:22.011097,0.0,0.0,0.0
2022-01-26 15:20:22.507420,0.0,0.0,0.0
2022-01-26 15:20:23.005533,0.0,0.0,0.0
2022-01-26 15:20:23.510312,0.0,0.0,0.0
2022-01-26 15:20:24.007304,0.0,0.0,0.0
2022-01-26 15:20:24.502685,0.0,0.0,0.0
2022-01-26 15:20:25.009933,0.0,0.0,0.0
2022-01-26 15:20:25.504576,0.0,0.0,0.0
2022-01-26 15:20:26.002311,0.0,0.0,0.0
2022-01-26 15:20:26.507676,0.0,0.0,0.0
2022-01-26 15:20:27.006316,0.0,0.0,0.0
2022-01-26 15:20:27.500879,0.0,0.0,0.0
2022-01-26 15:20:28.009233,0.0,0.0,0.0
2022-01-26 15:20:28.502407,0.0,0.0,0.0
2022-01-26 15:20:29.001076,0.0,0.0,0.0
2022-01-26 15:20:29.506686,0.0,0.0,0.0
2022-01-26 15:20:30.004301,0.0,0.0,0.0
2022-01-26 15:20:30.508521,0.0,0.0,0.0
2022-01-26 15:20:31.006811,0.0,0.0,0.0
2022-01-26 15:20:31.503970,0.0,0.0,0.0
2022-01-26 15:20:32.001655,0.0,0.0,0.0
2022-01-26 15:20:32.505625,0.0,0.0,0.0
2022-01-26 15:20:33.003418,0.0,0.0,0.0
2022-01-26 15:20:33.507882,0.0,0.0,0.0
2022-01-26 15:20:34.004606,0.0,0.0,0.0
2022-01-26 15:20:34.508603,0.0,0.0,0.0
2022-01-26 15:20:35.005973,0.0,0.0,0.0
2022-01-26 15:20:35.504230,0.0,0.0,0.0
2022-01-26 15:20:36.002307,0.0,0.0,0.0
2022-01-26 15:20:36.502925,0.0,0.0,0.0
2022-01-26 15:20:37.001720,0.0,0.0,0.0
2022-01-26 15:20:37.508226,0.0,0.0,0.0
2022-01-26 15:20:38.006328,0.0,0.0,0.0
2022-01-26 15:20:38.510512,0.0,0.0,0.0
2022-01-26 15:20:39.007896,0.0,0.0,0.0
2022-01-26 15:20:39.504913,0.0,0.0,0.0
2022-01-26 15:20:40.010752,0.0,0.0,0.0
2022-01-26 15:20:40.506241,0.0,0.0,0.0
2022-01-26 15:20:41.003510,0.0,0.0,0.0
2022-01-26 15:20:41.507425,0.0,0.0,0.0
2022-01-26 15:20:42.005771,0.0,0.0,0.0
2022-01-26 15:20:42.510092,0.0,0.0,0.0
2022-01-26 15:20:43.008985,0.0,0.0,0.0
2022-01-26 15:20:44.005121,0.0,0.0,0.0
2022-01-26 15:20:44.509784,0.0,0.0,0.0
2022-01-26 15:20:45.008408,0.0,0.0,0.0
2022-01-26 15:20:45.504463,0.0,0.0,0.0
2022-01-26 15:20:46.004411,0.0,0.0,0.0
2022-01-26 15:20:46.504214,0.0,0.0,0.0
2022-01-26 15:20:47.007792,0.0,0.0,0.0
2022-01-26 15:20:47.503392,0.0,0.0,0.0
2022-01-26 15:20:48.001031,0.0,0.0,0.0
2022-01-26 15:20:48.506637,0.0,0.0,0.0
2022-01-26 15:20:49.005091,0.0,0.0,0.0
2022-01-26 15:20:49.501472,0.0,0.0,0.0
2022-01-26 15:20:50.005862,0.0,0.0,0.0
2022-01-26 15:20:50.509865,0.0,0.0,0.0
2022-01-26 15:20:51.006964,0.0,0.0,0.0
2022-01-26 15:20:51.502063,0.0,0.0,0.0
2022-01-26 15:20:52.002052,0.0,0.0,0.0
2022-01-26 15:20:52.507141,0.0,0.0,0.0
2022-01-26 15:20:53.006439,0.0,0.0,0.0
2022-01-26 15:20:53.510765,0.0,0.0,0.0
2022-01-26 15:20:54.009888,0.0,0.0,0.0
2022-01-26 15:20:54.503850,0.0,0.0,0.0
2022-01-26 15:20:55.002066,0.0,0.0,0.0
2022-01-26 15:20:55.506528,0.0,0.0,0.0
2022-01-26 15:20:56.005033,0.0,0.0,0.0
2022-01-26 15:20:57.005253,0.0,0.0,0.0
2022-01-26 15:20:57.509447,0.0,0.0,0.0
2022-01-26 15:20:58.007470,0.0,0.0,0.0
2022-01-26 15:20:58.502951,0.0,0.0,0.0
2022-01-26 15:20:59.002083,0.0,0.0,0.0
2022-01-26 15:20:59.508129,0.0,0.0,0.0
2022-01-26 15:21:00.004767,0.0,0.0,0.0
2022-01-26 15:21:00.508584,0.0,0.0,0.0
2022-01-26 15:21:01.006115,0.0,0.0,0.0
2022-01-26 15:21:01.501054,0.0,0.0,0.0
2022-01-26 15:21:02.009307,0.0,0.0,0.0
2022-01-26 15:21:02.504629,0.0,0.0,0.0
2022-01-26 15:21:03.001558,0.0,0.0,0.0
2022-01-26 15:21:03.507370,0.0,0.0,0.0
2022-01-26 15:21:04.005137,0.0,0.0,0.0
2022-01-26 15:21:04.509686,0.0,0.0,0.0
2022-01-26 15:21:05.008693,0.0,0.0,0.0
2022-01-26 15:21:05.503611,0.0,0.0,0.0
2022-01-26 15:21:06.001643,0.0,0.0,0.0
2022-01-26 15:21:06.506104,0.0,0.0,0.0
2022-01-26 15:21:07.002978,0.0,0.0,0.03864
2022-01-26 15:21:07.510819,0.0,0.0,0.03864
2022-01-26 15:21:08.007225,0.0,0.0,0.0
2022-01-26 15:21:08.502772,0.0,0.0,0.0
2022-01-26 15:21:09.001105,0.0,0.0,0.0
2022-01-26 15:21:09.505927,0.0,0.0,0.0
2022-01-26 15:21:10.004551,0.0,0.0,0.0
2022-01-26 15:21:10.508204,0.0,0.0,0.0
2022-01-26 15:21:11.006301,0.0,0.0,0.0
2022-01-26 15:21:11.501525,0.0,0.0,0.0
2022-01-26 15:21:12.009966,0.0,0.0,0.0
2022-01-26 15:21:12.503895,0.0,0.0,0.0
2022-01-26 15:21:13.001107,0.0,0.0,0.0
2022-01-26 15:21:13.506052,0.0,0.0,0.0
2022-01-26 15:21:14.003297,0.0,0.0,0.0
2022-01-26 15:21:14.507624,0.0,0.0,0.0
2022-01-26 15:21:15.005086,0.0,0.0,0.0
2022-01-26 15:21:15.510239,0.0,0.0,0.0
2022-01-26 15:21:16.006687,0.0,0.0,0.0
2022-01-26 15:21:16.503462,0.0,0.0,0.0
2022-01-26 15:21:17.010371,0.0,0.0,0.0
2022-01-26 15:21:17.506008,0.0,0.0,0.0
2022-01-26 15:21:18.003380,0.0,0.0,0.0
2022-01-26 15:21:18.506817,0.0,0.0,0.0
2022-01-26 15:21:19.003986,0.0,0.0,0.0
2022-01-26 15:21:19.509551,0.0,0.0,0.0
2022-01-26 15:21:20.006803,0.0,0.0,0.0
2022-01-26 15:21:20.506631,0.0,0.0,0.0
2022-01-26 15:21:21.008997,0.0,0.0,0.0
2022-01-26 15:21:21.504738,0.0,0.0,0.0
2022-01-26 15:21:22.002862,0.0,0.0,0.0
2022-01-26 15:21:22.502183,0.0,0.0,0.0
2022-01-26 15:21:23.010779,0.0,0.0,0.0
2022-01-26 15:21:23.510327,0.0,0.0,0.0
2022-01-26 15:21:24.007525,0.0,0.0,0.0
2022-01-26 15:21:24.505191,0.0,0.0,0.0
2022-01-26 15:21:25.005633,0.0,0.0,0.0
2022-01-26 15:21:25.510838,0.0,0.0,0.0
2022-01-26 15:21:26.008786,0.0,0.0,0.0
2022-01-26 15:21:26.503955,0.0,0.0,0.0
2022-01-26 15:21:27.001774,0.0,0.0,0.0
2022-01-26 15:21:27.507062,0.0,0.0,0.0
2022-01-26 15:21:28.003148,0.0,0.0,0.0
2022-01-26 15:21:28.507421,0.0,0.0,0.0
2022-01-26 15:21:29.004496,0.0,0.0,0.0
2022-01-26 15:21:29.510538,0.0,0.0,0.0
