時間,回転１,回転２,回転３
2022-01-26 14:00:00.010101,0.0,0.0,0.0
2022-01-26 14:00:00.504143,0.0,0.0,0.0
2022-01-26 14:00:01.003133,0.0,0.0,-0.03864
2022-01-26 14:00:01.500679,0.0,0.0,-0.03864
2022-01-26 14:00:02.003230,0.0,0.0,-0.58906
2022-01-26 14:00:02.507225,0.0,0.0,-0.58906
2022-01-26 14:00:03.006204,0.0,0.0,-0.07822
2022-01-26 14:00:03.510323,0.0,0.0,-0.07822
2022-01-26 14:00:04.008670,0.0,0.0,-0.54947
2022-01-26 14:00:04.502379,0.0,0.0,-0.54947
2022-01-26 14:00:05.002481,0.0,0.0,-0.7851
2022-01-26 14:00:05.507447,0.0,0.0,-0.7851
2022-01-26 14:00:06.001385,0.0,0.0,-0.03864
2022-01-26 14:00:06.505901,0.0,0.0,-0.03864
2022-01-26 14:00:07.003837,0.0,0.0,0.0
2022-01-26 14:00:07.501693,0.0,0.0,0.0
2022-01-26 14:00:08.008686,0.0,0.0,0.0
2022-01-26 14:00:08.501569,0.0,0.0,0.0
2022-01-26 14:00:09.008577,0.0,0.0,0.0
2022-01-26 14:00:09.502081,0.0,0.0,0.0
2022-01-26 14:00:10.008572,0.0,0.0,0.0
2022-01-26 14:00:10.504615,0.0,0.0,0.0
2022-01-26 14:00:11.002459,0.0,0.0,0.0
2022-01-26 14:00:11.506226,0.0,0.0,0.0
2022-01-26 14:00:12.002955,0.0,0.0,0.0
2022-01-26 14:00:12.503252,0.0,0.0,0.0
2022-01-26 14:00:13.010267,0.0,0.0,0.0
2022-01-26 14:00:13.501395,0.0,0.0,0.0
2022-01-26 14:00:14.004264,0.0,0.0,0.0
2022-01-26 14:00:14.506564,0.0,0.0,0.0
2022-01-26 14:00:15.003830,0.0,0.0,-0.03864
2022-01-26 14:00:15.508459,0.0,0.0,-0.03864
2022-01-26 14:00:16.006602,0.0,0.0,-1.92364
2022-01-26 14:00:16.501093,0.0,0.0,-1.92364
2022-01-26 14:00:17.007929,0.0,0.0,-1.09895
2022-01-26 14:00:17.506704,0.0,0.0,-1.09895
2022-01-26 14:00:18.004774,0.0,0.0,-0.03864
2022-01-26 14:00:18.510831,0.0,0.0,-0.03864
2022-01-26 14:00:19.007972,0.0,0.0,-1.02072
2022-01-26 14:00:19.504321,0.0,0.0,-1.02072
2022-01-26 14:00:20.001769,0.0,0.0,-0.35343
2022-01-26 14:00:20.507078,0.0,0.0,-0.35343
2022-01-26 14:00:21.003366,0.0,0.0,-0.90291
2022-01-26 14:00:21.501339,0.0,0.0,-0.90291
2022-01-26 14:00:22.009208,0.0,0.0,-0.03864
2022-01-26 14:00:22.508458,0.0,0.0,-0.03864
2022-01-26 14:00:23.011112,0.0,0.0,0.0
2022-01-26 14:00:23.502606,0.0,0.0,0.0
2022-01-26 14:00:24.001399,0.0,0.0,0.0
2022-01-26 14:00:24.505364,0.0,0.0,0.0
2022-01-26 14:00:25.003186,0.0,0.0,0.0
2022-01-26 14:00:25.505554,0.0,0.0,0.0
2022-01-26 14:00:26.011141,0.0,0.0,0.0
2022-01-26 14:00:26.506133,0.0,0.0,0.0
2022-01-26 14:00:27.010686,0.0,0.0,0.0
2022-01-26 14:00:27.510199,0.0,0.0,0.0
2022-01-26 14:00:28.007814,0.0,0.0,0.0
2022-01-26 14:00:28.501814,0.0,0.0,0.0
2022-01-26 14:00:29.006472,0.0,0.0,0.0
2022-01-26 14:00:29.505294,0.0,0.0,0.0
2022-01-26 14:00:30.008192,0.0,0.0,-0.11781
2022-01-26 14:00:30.510400,0.0,0.0,-0.11781
2022-01-26 14:00:31.002229,0.0,0.0,-0.03864
2022-01-26 14:00:31.506149,0.0,0.0,-0.03864
2022-01-26 14:00:32.006729,0.0,0.0,-0.07822
2022-01-26 14:00:33.004046,0.0,0.0,-0.23562
2022-01-26 14:00:33.503919,0.0,0.0,-0.23562
2022-01-26 14:00:34.010290,0.0,0.0,-0.03864
2022-01-26 14:00:34.504697,0.0,0.0,-0.03864
2022-01-26 14:00:35.001138,0.0,0.0,-1.25635
2022-01-26 14:00:35.505018,0.0,0.0,-1.25635
2022-01-26 14:00:36.003696,0.0,0.0,-0.31385
2022-01-26 14:00:36.505240,0.0,0.0,-0.31385
2022-01-26 14:00:37.006199,0.0,0.0,0.0
2022-01-26 14:00:37.507427,0.0,0.0,0.0
2022-01-26 14:00:38.002408,0.0,0.0,0.0
2022-01-26 14:00:38.505819,0.0,0.0,0.0
2022-01-26 14:00:39.001460,0.0,0.0,0.0
2022-01-26 14:00:39.504644,0.0,0.0,0.0
2022-01-26 14:00:40.005556,0.0,0.0,0.0
2022-01-26 14:00:40.502715,0.0,0.0,0.0
2022-01-26 14:00:41.010700,0.0,0.0,0.0
2022-01-26 14:00:41.505356,0.0,0.0,0.0
2022-01-26 14:00:42.009640,0.0,0.0,0.0
2022-01-26 14:00:42.506839,0.0,0.0,0.0
2022-01-26 14:00:43.010394,0.0,0.0,0.0
2022-01-26 14:00:43.507573,0.0,0.0,0.0
2022-01-26 14:00:44.007749,0.0,0.0,0.0
2022-01-26 14:00:44.509692,0.0,0.0,0.0
2022-01-26 14:00:45.003879,0.0,0.0,0.0
2022-01-26 14:00:45.510037,0.0,0.0,0.0
2022-01-26 14:00:46.001271,0.0,0.0,0.0
2022-01-26 14:00:46.510212,0.0,0.0,0.0
2022-01-26 14:00:47.003644,0.0,0.0,0.0
2022-01-26 14:00:47.509022,0.0,0.0,0.0
2022-01-26 14:00:48.008812,0.0,0.0,0.0
2022-01-26 14:00:48.506745,0.0,0.0,0.0
2022-01-26 14:00:49.006395,0.0,0.0,0.0
2022-01-26 14:00:49.503758,0.0,0.0,0.0
2022-01-26 14:00:50.004746,0.0,0.0,0.0
2022-01-26 14:00:50.510556,0.0,0.0,0.0
2022-01-26 14:00:51.005927,0.0,0.0,0.0
2022-01-26 14:00:51.505754,0.0,0.0,0.0
2022-01-26 14:00:52.005681,0.0,0.0,0.0
2022-01-26 14:00:52.507321,0.0,0.0,0.0
2022-01-26 14:00:53.007197,0.0,0.0,0.0
2022-01-26 14:00:53.505381,0.0,0.0,0.0
2022-01-26 14:00:54.010235,0.0,0.0,0.0
2022-01-26 14:00:54.505510,0.0,0.0,0.0
2022-01-26 14:00:55.006593,0.0,0.0,0.0
2022-01-26 14:00:55.505065,0.0,0.0,0.0
2022-01-26 14:00:56.006057,0.0,0.0,0.0
2022-01-26 14:00:56.506478,0.0,0.0,0.0
2022-01-26 14:00:57.005692,0.0,0.0,0.0
2022-01-26 14:00:57.509065,0.0,0.0,0.0
2022-01-26 14:00:58.002059,0.0,0.0,0.0
2022-01-26 14:00:58.504556,0.0,0.0,0.0
2022-01-26 14:00:59.006980,0.0,0.0,0.0
2022-01-26 14:00:59.506492,0.0,0.0,0.0
2022-01-26 14:01:00.009627,0.0,0.0,0.0
2022-01-26 14:01:00.501010,0.0,0.0,0.0
2022-01-26 14:01:01.008333,0.0,0.0,0.0
2022-01-26 14:01:01.502430,0.0,0.0,0.0
2022-01-26 14:01:02.001031,0.0,0.0,0.0
2022-01-26 14:01:02.510109,0.0,0.0,0.0
2022-01-26 14:01:03.008596,0.0,0.0,0.0
2022-01-26 14:01:03.502389,0.0,0.0,0.0
2022-01-26 14:01:04.010550,0.0,0.0,0.0
2022-01-26 14:01:04.506229,0.0,0.0,0.0
2022-01-26 14:01:05.002313,0.0,0.0,0.0
2022-01-26 14:01:05.510432,0.0,0.0,0.0
2022-01-26 14:01:06.001270,0.0,0.0,0.0
2022-01-26 14:01:06.502631,0.0,0.0,0.0
2022-01-26 14:01:07.010170,0.0,0.0,0.0
2022-01-26 14:01:07.503908,0.0,0.0,0.0
2022-01-26 14:01:08.010065,0.0,0.0,0.0
2022-01-26 14:01:08.504818,0.0,0.0,0.0
2022-01-26 14:01:09.001336,0.0,0.0,0.0
2022-01-26 14:01:09.503224,0.0,0.0,0.0
2022-01-26 14:01:10.004366,0.0,0.0,0.0
2022-01-26 14:01:10.508263,0.0,0.0,0.0
2022-01-26 14:01:11.005021,0.0,0.0,0.0
2022-01-26 14:01:11.508044,0.0,0.0,0.0
2022-01-26 14:01:12.002135,0.0,0.0,0.0
2022-01-26 14:01:12.501433,0.0,0.0,0.0
2022-01-26 14:01:13.009068,0.0,0.0,0.0
2022-01-26 14:01:13.503754,0.0,0.0,0.0
2022-01-26 14:01:14.010296,0.0,0.0,0.0
2022-01-26 14:01:14.502849,0.0,0.0,0.0
2022-01-26 14:01:15.005367,0.0,0.0,0.0
2022-01-26 14:01:15.504887,0.0,0.0,0.0
2022-01-26 14:01:16.001924,0.0,0.0,0.0
2022-01-26 14:01:16.507678,0.0,0.0,0.0
2022-01-26 14:01:17.007254,0.0,0.0,0.0
2022-01-26 14:01:17.510473,0.0,0.0,0.0
2022-01-26 14:01:18.006383,0.0,0.0,0.0
2022-01-26 14:01:18.510328,0.0,0.0,0.0
2022-01-26 14:01:19.006788,0.0,0.0,0.0
2022-01-26 14:01:19.506621,0.0,0.0,0.0
2022-01-26 14:01:20.003888,0.0,0.0,0.0
2022-01-26 14:01:20.508272,0.0,0.0,0.0
2022-01-26 14:01:21.004861,0.0,0.0,0.0
2022-01-26 14:01:21.511064,0.0,0.0,0.0
2022-01-26 14:01:22.005314,0.0,0.0,0.0
2022-01-26 14:01:22.509324,0.0,0.0,0.0
2022-01-26 14:01:23.004365,0.0,0.0,0.0
2022-01-26 14:01:23.506344,0.0,0.0,0.0
2022-01-26 14:01:24.009800,0.0,0.0,0.0
2022-01-26 14:01:24.510980,0.0,0.0,0.0
2022-01-26 14:01:25.002189,0.0,0.0,0.0
2022-01-26 14:01:25.502210,0.0,0.0,0.0
2022-01-26 14:01:26.005046,0.0,0.0,0.0
2022-01-26 14:01:26.505475,0.0,0.0,0.0
2022-01-26 14:01:27.001473,0.0,0.0,0.0
2022-01-26 14:01:27.501562,0.0,0.0,0.0
2022-01-26 14:01:28.007185,0.0,0.0,0.0
2022-01-26 14:01:28.509411,0.0,0.0,0.0
2022-01-26 14:01:29.010876,0.0,0.0,0.0
2022-01-26 14:01:29.503970,0.0,0.0,0.0
2022-01-26 14:01:30.005508,0.0,0.0,0.0
2022-01-26 14:01:30.505394,0.0,0.0,0.0
2022-01-26 14:01:31.000805,0.0,0.0,0.0
2022-01-26 14:01:31.502916,0.0,0.0,0.0
2022-01-26 14:01:32.001846,0.0,0.0,0.0
2022-01-26 14:01:32.505223,0.0,0.0,0.0
2022-01-26 14:01:33.008917,0.0,0.0,0.0
2022-01-26 14:01:33.509275,0.0,0.0,0.0
2022-01-26 14:01:34.006519,0.0,0.0,0.0
2022-01-26 14:01:34.508745,0.0,0.0,0.0
2022-01-26 14:01:35.004225,0.0,0.0,0.0
2022-01-26 14:01:35.507021,0.0,0.0,0.0
2022-01-26 14:01:36.007284,0.0,0.0,0.0
2022-01-26 14:01:36.502637,0.0,0.0,0.0
2022-01-26 14:01:37.002167,0.0,0.0,0.0
2022-01-26 14:01:37.505004,0.0,0.0,0.0
2022-01-26 14:01:38.010011,0.0,0.0,0.0
2022-01-26 14:01:38.503737,0.0,0.0,0.0
2022-01-26 14:01:39.004580,0.0,0.0,0.0
2022-01-26 14:01:39.504471,0.0,0.0,0.0
2022-01-26 14:01:40.004788,0.0,0.0,0.0
2022-01-26 14:01:40.507439,0.0,0.0,0.0
2022-01-26 14:01:41.007763,0.0,0.0,0.0
2022-01-26 14:01:41.501415,0.0,0.0,0.0
2022-01-26 14:01:42.008831,0.0,0.0,0.0
2022-01-26 14:01:42.503510,0.0,0.0,0.0
2022-01-26 14:01:43.002292,0.0,0.0,0.0
2022-01-26 14:01:43.507062,0.0,0.0,0.0
2022-01-26 14:01:44.004889,0.0,0.0,0.0
2022-01-26 14:01:44.501662,0.0,0.0,0.0
2022-01-26 14:01:45.007131,0.0,0.0,0.0
2022-01-26 14:01:45.501648,0.0,0.0,0.0
2022-01-26 14:01:46.009480,0.0,0.0,0.0
2022-01-26 14:01:46.505105,0.0,0.0,0.0
2022-01-26 14:01:47.004059,0.0,0.0,0.0
2022-01-26 14:01:47.509523,0.0,0.0,0.0
2022-01-26 14:01:48.008048,0.0,0.0,0.0
2022-01-26 14:01:48.502828,0.0,0.0,0.0
2022-01-26 14:01:49.002330,0.0,0.0,0.0
2022-01-26 14:01:49.507883,0.0,0.0,0.0
2022-01-26 14:01:50.006632,0.0,0.0,0.0
2022-01-26 14:01:50.502513,0.0,0.0,0.0
2022-01-26 14:01:51.008814,0.0,0.0,0.0
2022-01-26 14:01:51.506003,0.0,0.0,0.0
2022-01-26 14:01:52.003301,0.0,0.0,0.0
2022-01-26 14:01:52.506909,0.0,0.0,0.0
2022-01-26 14:01:53.005210,0.0,0.0,0.0
2022-01-26 14:01:53.501849,0.0,0.0,0.0
2022-01-26 14:01:54.010460,0.0,0.0,0.0
2022-01-26 14:01:54.503487,0.0,0.0,0.0
2022-01-26 14:01:55.010770,0.0,0.0,0.0
2022-01-26 14:01:55.505538,0.0,0.0,0.0
2022-01-26 14:01:56.003738,0.0,0.0,0.0
2022-01-26 14:01:56.507746,0.0,0.0,0.0
2022-01-26 14:01:57.005968,0.0,0.0,0.0
2022-01-26 14:01:57.501837,0.0,0.0,0.0
2022-01-26 14:01:58.009491,0.0,0.0,0.0
2022-01-26 14:01:58.505071,0.0,0.0,0.0
2022-01-26 14:01:59.002309,0.0,0.0,0.0
2022-01-26 14:01:59.509102,0.0,0.0,0.0
2022-01-26 14:02:00.005939,0.0,0.0,0.0
2022-01-26 14:02:00.503498,0.0,0.0,0.0
2022-01-26 14:02:01.001919,0.0,0.0,0.0
2022-01-26 14:02:01.507244,0.0,0.0,0.0
2022-01-26 14:02:02.005464,0.0,0.0,0.0
2022-01-26 14:02:02.501910,0.0,0.0,0.0
2022-01-26 14:02:03.009887,0.0,0.0,0.0
2022-01-26 14:02:03.505089,0.0,0.0,0.0
2022-01-26 14:02:04.003236,0.0,0.0,0.0
2022-01-26 14:02:04.508561,0.0,0.0,0.0
2022-01-26 14:02:05.006768,0.0,0.0,0.0
2022-01-26 14:02:05.502810,0.0,0.0,0.0
2022-01-26 14:02:06.011117,0.0,0.0,0.0
2022-01-26 14:02:06.506628,0.0,0.0,0.0
2022-01-26 14:02:07.005815,0.0,0.0,0.0
2022-01-26 14:02:07.510845,0.0,0.0,0.0
2022-01-26 14:02:08.009904,0.0,0.0,0.0
2022-01-26 14:02:08.504253,0.0,0.0,0.0
2022-01-26 14:02:09.002906,0.0,0.0,0.0
2022-01-26 14:02:09.506986,0.0,0.0,0.0
2022-01-26 14:02:10.004872,0.0,0.0,0.0
2022-01-26 14:02:10.504468,0.0,0.0,0.0
2022-01-26 14:02:11.010681,0.0,0.0,0.0
2022-01-26 14:02:11.506234,0.0,0.0,0.0
2022-01-26 14:02:12.003911,0.0,0.0,0.0
2022-01-26 14:02:12.508777,0.0,0.0,0.0
2022-01-26 14:02:13.006661,0.0,0.0,0.0
2022-01-26 14:02:13.503162,0.0,0.0,0.0
2022-01-26 14:02:14.001189,0.0,0.0,0.0
2022-01-26 14:02:14.505114,0.0,0.0,0.0
2022-01-26 14:02:15.000527,0.0,0.0,0.0
2022-01-26 14:02:16.003575,0.0,0.0,0.0
2022-01-26 14:02:16.502843,0.0,0.0,0.0
2022-01-26 14:02:17.008736,0.0,0.0,0.0
2022-01-26 14:02:17.508560,0.0,0.0,0.0
2022-01-26 14:02:18.007214,0.0,0.0,0.0
2022-01-26 14:02:18.501639,0.0,0.0,0.0
2022-01-26 14:02:19.009374,0.0,0.0,0.0
2022-01-26 14:02:19.503000,0.0,0.0,0.0
2022-01-26 14:02:20.011085,0.0,0.0,0.0
2022-01-26 14:02:20.505166,0.0,0.0,0.0
2022-01-26 14:02:21.004731,0.0,0.0,0.0
2022-01-26 14:02:21.501960,0.0,0.0,0.0
2022-01-26 14:02:22.009316,0.0,0.0,0.0
2022-01-26 14:02:22.509124,0.0,0.0,0.0
2022-01-26 14:02:23.006263,0.0,0.0,0.0
2022-01-26 14:02:23.510139,0.0,0.0,0.0
2022-01-26 14:02:24.008810,0.0,0.0,0.0
2022-01-26 14:02:24.505630,0.0,0.0,0.0
2022-01-26 14:02:25.004522,0.0,0.0,0.0
2022-01-26 14:02:25.509379,0.0,0.0,0.0
2022-01-26 14:02:26.003068,0.0,0.0,0.0
2022-01-26 14:02:26.507107,0.0,0.0,0.0
2022-01-26 14:02:27.010157,0.0,0.0,0.0
2022-01-26 14:02:27.500900,0.0,0.0,0.0
2022-01-26 14:02:28.004079,0.0,0.0,0.0
2022-01-26 14:02:28.509266,0.0,0.0,0.0
2022-01-26 14:02:29.007417,0.0,0.0,0.0
2022-01-26 14:02:29.508920,0.0,0.0,0.0
2022-01-26 14:02:30.001364,0.0,0.0,0.0
2022-01-26 14:02:30.505449,0.0,0.0,0.0
2022-01-26 14:02:31.003973,0.0,0.0,0.0
2022-01-26 14:02:31.509372,0.0,0.0,0.0
2022-01-26 14:02:32.006852,0.0,0.0,0.0
2022-01-26 14:02:32.501764,0.0,0.0,0.0
2022-01-26 14:02:33.002073,0.0,0.0,0.0
2022-01-26 14:02:33.507617,0.0,0.0,0.0
2022-01-26 14:02:34.005698,0.0,0.0,0.0
2022-01-26 14:02:34.501069,0.0,0.0,0.0
2022-01-26 14:02:35.009726,0.0,0.0,0.0
2022-01-26 14:02:35.502592,0.0,0.0,0.0
2022-01-26 14:02:36.001410,0.0,0.0,0.0
2022-01-26 14:02:36.510757,0.0,0.0,0.0
2022-01-26 14:02:37.007109,0.0,0.0,0.0
2022-01-26 14:02:37.503860,0.0,0.0,0.0
2022-01-26 14:02:38.003801,0.0,0.0,0.0
2022-01-26 14:02:38.503787,0.0,0.0,0.0
2022-01-26 14:02:39.010812,0.0,0.0,0.0
2022-01-26 14:02:39.501202,0.0,0.0,0.0
2022-01-26 14:02:40.009208,0.0,0.0,0.0
2022-01-26 14:02:40.505274,0.0,0.0,0.0
2022-01-26 14:02:41.002776,0.0,0.0,0.0
2022-01-26 14:02:41.510592,0.0,0.0,0.0
2022-01-26 14:02:42.008476,0.0,0.0,0.0
2022-01-26 14:02:42.504506,0.0,0.0,0.0
2022-01-26 14:02:43.002166,0.0,0.0,0.0
2022-01-26 14:02:43.507464,0.0,0.0,0.0
2022-01-26 14:02:44.006555,0.0,0.0,0.0
2022-01-26 14:02:44.501844,0.0,0.0,0.0
2022-01-26 14:02:45.010262,0.0,0.0,0.0
2022-01-26 14:02:45.506217,0.0,0.0,0.0
2022-01-26 14:02:46.004005,0.0,0.0,0.0
2022-01-26 14:02:46.509490,0.0,0.0,0.0
2022-01-26 14:02:47.007363,0.0,0.0,0.0
2022-01-26 14:02:47.503897,0.0,0.0,0.0
2022-01-26 14:02:48.011013,0.0,0.0,0.0
2022-01-26 14:02:48.506277,0.0,0.0,0.0
2022-01-26 14:02:49.004236,0.0,0.0,0.0
2022-01-26 14:02:49.509998,0.0,0.0,0.0
2022-01-26 14:02:50.006846,0.0,0.0,0.0
2022-01-26 14:02:50.503266,0.0,0.0,0.0
2022-01-26 14:02:51.001231,0.0,0.0,0.0
2022-01-26 14:02:51.507963,0.0,0.0,0.0
2022-01-26 14:02:52.005677,0.0,0.0,0.0
2022-01-26 14:02:52.509782,0.0,0.0,0.0
2022-01-26 14:02:53.007990,0.0,0.0,0.0
2022-01-26 14:02:53.509074,0.0,0.0,0.0
2022-01-26 14:02:54.006349,0.0,0.0,0.0
2022-01-26 14:02:54.503260,0.0,0.0,0.0
2022-01-26 14:02:55.001877,0.0,0.0,0.0
2022-01-26 14:02:55.507911,0.0,0.0,0.0
2022-01-26 14:02:56.008280,0.0,0.0,0.0
2022-01-26 14:02:56.503258,0.0,0.0,0.0
2022-01-26 14:02:57.010860,0.0,0.0,0.0
2022-01-26 14:02:57.506606,0.0,0.0,0.0
2022-01-26 14:02:58.003796,0.0,0.0,0.0
2022-01-26 14:02:58.509108,0.0,0.0,0.0
2022-01-26 14:02:59.006318,0.0,0.0,0.0
2022-01-26 14:02:59.503779,0.0,0.0,0.0
2022-01-26 14:03:00.003534,0.0,0.0,0.0
2022-01-26 14:03:00.509925,0.0,0.0,0.0
2022-01-26 14:03:01.008607,0.0,0.0,0.0
2022-01-26 14:03:01.502273,0.0,0.0,0.0
2022-01-26 14:03:02.001771,0.0,0.0,0.0
2022-01-26 14:03:02.508917,0.0,0.0,0.0
2022-01-26 14:03:03.005718,0.0,0.0,0.0
2022-01-26 14:03:03.510270,0.0,0.0,0.0
2022-01-26 14:03:04.009539,0.0,0.0,0.0
2022-01-26 14:03:04.503880,0.0,0.0,0.0
2022-01-26 14:03:05.003210,0.0,0.0,0.0
2022-01-26 14:03:05.509362,0.0,0.0,0.0
2022-01-26 14:03:06.006675,0.0,0.0,0.0
2022-01-26 14:03:06.502180,0.0,0.0,0.0
2022-01-26 14:03:07.001718,0.0,0.0,0.0
2022-01-26 14:03:07.507627,0.0,0.0,0.0
2022-01-26 14:03:08.005979,0.0,0.0,0.0
2022-01-26 14:03:08.501673,0.0,0.0,0.0
2022-01-26 14:03:09.010441,0.0,0.0,0.0
2022-01-26 14:03:09.505250,0.0,0.0,0.0
2022-01-26 14:03:10.003180,0.0,0.0,0.0
2022-01-26 14:03:10.508669,0.0,0.0,0.0
2022-01-26 14:03:11.002686,0.0,0.0,0.0
2022-01-26 14:03:11.510339,0.0,0.0,0.0
2022-01-26 14:03:12.008067,0.0,0.0,0.0
2022-01-26 14:03:12.501940,0.0,0.0,0.0
2022-01-26 14:03:13.010091,0.0,0.0,0.0
2022-01-26 14:03:13.504066,0.0,0.0,0.0
2022-01-26 14:03:14.001799,0.0,0.0,0.0
2022-01-26 14:03:14.505331,0.0,0.0,0.0
2022-01-26 14:03:15.005219,0.0,0.0,0.0
2022-01-26 14:03:15.501231,0.0,0.0,0.0
2022-01-26 14:03:16.011083,0.0,0.0,0.0
2022-01-26 14:03:16.507580,0.0,0.0,0.0
2022-01-26 14:03:17.005070,0.0,0.0,0.0
2022-01-26 14:03:17.509718,0.0,0.0,0.0
2022-01-26 14:03:18.008083,0.0,0.0,0.0
2022-01-26 14:03:18.502968,0.0,0.0,0.0
2022-01-26 14:03:19.506000,0.0,0.0,0.0
2022-01-26 14:03:20.002451,0.0,0.0,0.0
2022-01-26 14:03:20.507385,0.0,0.0,0.0
2022-01-26 14:03:21.007760,0.0,0.0,0.0
2022-01-26 14:03:21.501190,0.0,0.0,0.0
2022-01-26 14:03:22.003385,0.0,0.0,0.0
2022-01-26 14:03:22.508467,0.0,0.0,0.0
2022-01-26 14:03:23.006016,0.0,0.0,0.0
2022-01-26 14:03:23.510765,0.0,0.0,0.0
2022-01-26 14:03:24.008715,0.0,0.0,0.0
2022-01-26 14:03:24.503735,0.0,0.0,0.0
2022-01-26 14:03:25.002226,0.0,0.0,0.0
2022-01-26 14:03:25.509941,0.0,0.0,0.0
2022-01-26 14:03:26.006634,0.0,0.0,0.0
2022-01-26 14:03:26.503016,0.0,0.0,0.0
2022-01-26 14:03:27.011099,0.0,0.0,0.0
2022-01-26 14:03:27.505738,0.0,0.0,0.0
2022-01-26 14:03:28.003633,0.0,0.0,0.0
2022-01-26 14:03:28.507711,0.0,0.0,0.0
2022-01-26 14:03:29.004613,0.0,0.0,0.0
2022-01-26 14:03:29.510581,0.0,0.0,0.0
2022-01-26 14:03:30.008940,0.0,0.0,0.0
2022-01-26 14:03:30.503983,0.0,0.0,0.0
2022-01-26 14:03:31.002106,0.0,0.0,0.0
2022-01-26 14:03:31.506603,0.0,0.0,0.0
2022-01-26 14:03:32.006481,0.0,0.0,0.0
2022-01-26 14:03:32.510352,0.0,0.0,0.0
2022-01-26 14:03:33.006799,0.0,0.0,0.0
2022-01-26 14:03:33.502219,0.0,0.0,0.0
2022-01-26 14:03:34.010139,0.0,0.0,0.0
2022-01-26 14:03:34.501729,0.0,0.0,0.0
2022-01-26 14:03:35.002810,0.0,0.0,0.0
2022-01-26 14:03:35.505135,0.0,0.0,0.0
2022-01-26 14:03:36.002489,0.0,0.0,0.0
2022-01-26 14:03:36.506835,0.0,0.0,0.0
2022-01-26 14:03:37.001670,0.0,0.0,0.0
2022-01-26 14:03:37.503432,0.0,0.0,0.0
2022-01-26 14:03:38.001711,0.0,0.0,0.0
2022-01-26 14:03:38.508422,0.0,0.0,0.0
2022-01-26 14:03:39.006349,0.0,0.0,0.0
2022-01-26 14:03:39.501017,0.0,0.0,0.0
2022-01-26 14:03:40.001764,0.0,0.0,0.0
2022-01-26 14:03:40.506865,0.0,0.0,0.0
2022-01-26 14:03:41.008379,0.0,0.0,0.0
2022-01-26 14:03:41.505350,0.0,0.0,0.0
2022-01-26 14:03:42.003229,0.0,0.0,0.0
2022-01-26 14:03:42.507172,0.0,0.0,0.0
2022-01-26 14:03:43.002295,0.0,0.0,0.0
2022-01-26 14:03:43.507621,0.0,0.0,0.0
2022-01-26 14:03:44.006217,0.0,0.0,0.0
2022-01-26 14:03:44.510255,0.0,0.0,0.0
2022-01-26 14:03:45.008201,0.0,0.0,0.0
2022-01-26 14:03:45.504283,0.0,0.0,0.0
2022-01-26 14:03:46.001571,0.0,0.0,0.0
2022-01-26 14:03:46.507297,0.0,0.0,0.0
2022-01-26 14:03:47.006013,0.0,0.0,0.0
2022-01-26 14:03:47.503979,0.0,0.0,0.0
2022-01-26 14:03:48.001910,0.0,0.0,0.0
2022-01-26 14:03:48.507621,0.0,0.0,0.0
2022-01-26 14:03:49.004045,0.0,0.0,0.0
2022-01-26 14:03:49.507661,0.0,0.0,0.0
2022-01-26 14:03:50.007287,0.0,0.0,0.0
2022-01-26 14:03:50.502595,0.0,0.0,0.0
2022-01-26 14:03:51.001745,0.0,0.0,0.0
2022-01-26 14:03:51.507300,0.0,0.0,0.0
2022-01-26 14:03:52.007401,0.0,0.0,0.0
2022-01-26 14:03:52.501222,0.0,0.0,0.0
2022-01-26 14:03:53.009710,0.0,0.0,0.0
2022-01-26 14:03:53.502823,0.0,0.0,0.0
2022-01-26 14:03:54.011127,0.0,0.0,0.0
2022-01-26 14:03:54.506266,0.0,0.0,0.0
2022-01-26 14:03:55.010465,0.0,0.0,0.0
2022-01-26 14:03:55.507915,0.0,0.0,0.0
2022-01-26 14:03:56.008608,0.0,0.0,0.0
2022-01-26 14:03:56.508143,0.0,0.0,0.0
2022-01-26 14:03:57.006767,0.0,0.0,0.0
2022-01-26 14:03:57.510924,0.0,0.0,0.0
2022-01-26 14:03:58.009372,0.0,0.0,0.0
2022-01-26 14:03:58.504662,0.0,0.0,0.0
2022-01-26 14:03:59.003196,0.0,0.0,0.0
2022-01-26 14:04:00.504636,0.0,0.0,0.0
2022-01-26 14:04:01.001149,0.0,0.0,0.0
2022-01-26 14:04:01.501204,0.0,0.0,0.0
2022-01-26 14:04:02.010140,0.0,0.0,0.0
2022-01-26 14:04:02.505947,0.0,0.0,0.0
2022-01-26 14:04:03.010464,0.0,0.0,0.0
2022-01-26 14:04:03.505541,0.0,0.0,0.0
2022-01-26 14:04:04.011071,0.0,0.0,0.0
2022-01-26 14:04:04.503056,0.0,0.0,0.0
2022-01-26 14:04:05.008138,0.0,0.0,0.0
2022-01-26 14:04:05.503391,0.0,0.0,0.0
2022-01-26 14:04:06.009300,0.0,0.0,0.0
2022-01-26 14:04:06.502735,0.0,0.0,0.0
2022-01-26 14:04:07.009695,0.0,0.0,0.0
2022-01-26 14:04:07.505841,0.0,0.0,0.0
2022-01-26 14:04:08.007518,0.0,0.0,0.0
2022-01-26 14:04:08.503170,0.0,0.0,0.0
2022-01-26 14:04:09.010308,0.0,0.0,0.0
2022-01-26 14:04:09.506912,0.0,0.0,0.0
2022-01-26 14:04:10.005005,0.0,0.0,0.0
2022-01-26 14:04:10.510209,0.0,0.0,0.0
2022-01-26 14:04:11.007333,0.0,0.0,0.0
2022-01-26 14:04:12.005173,0.0,0.0,0.0
2022-01-26 14:04:12.502736,0.0,0.0,0.0
2022-01-26 14:04:13.000998,0.0,0.0,0.0
2022-01-26 14:04:13.507864,0.0,0.0,0.0
2022-01-26 14:04:14.005434,0.0,0.0,0.0
2022-01-26 14:04:14.511231,0.0,0.0,0.0
2022-01-26 14:04:15.009025,0.0,0.0,0.0
2022-01-26 14:04:15.509485,0.0,0.0,0.0
2022-01-26 14:04:16.008057,0.0,0.0,0.0
2022-01-26 14:04:16.503393,0.0,0.0,0.0
2022-01-26 14:04:17.010943,0.0,0.0,0.0
2022-01-26 14:04:17.505403,0.0,0.0,0.0
2022-01-26 14:04:18.003251,0.0,0.0,0.0
2022-01-26 14:04:18.508969,0.0,0.0,0.0
2022-01-26 14:04:19.007339,0.0,0.0,0.0
2022-01-26 14:04:19.502513,0.0,0.0,0.0
2022-01-26 14:04:20.009912,0.0,0.0,0.0
2022-01-26 14:04:20.506108,0.0,0.0,0.0
2022-01-26 14:04:21.003939,0.0,0.0,0.0
2022-01-26 14:04:21.508036,0.0,0.0,0.0
2022-01-26 14:04:22.005799,0.0,0.0,0.0
2022-01-26 14:04:22.501195,0.0,0.0,0.0
2022-01-26 14:04:23.009781,0.0,0.0,0.0
2022-01-26 14:04:23.508378,0.0,0.0,0.0
2022-01-26 14:04:24.005386,0.0,0.0,0.0
2022-01-26 14:04:24.505730,0.0,0.0,0.0
2022-01-26 14:04:25.001312,0.0,0.0,0.0
2022-01-26 14:04:25.510210,0.0,0.0,0.0
2022-01-26 14:04:26.009468,0.0,0.0,0.0
2022-01-26 14:04:26.504165,0.0,0.0,0.0
2022-01-26 14:04:27.008430,0.0,0.0,0.0
2022-01-26 14:04:27.508798,0.0,0.0,0.0
2022-01-26 14:04:28.007741,0.0,0.0,0.0
2022-01-26 14:04:28.509162,0.0,0.0,0.0
2022-01-26 14:04:29.008031,0.0,0.0,0.0
2022-01-26 14:04:29.503410,0.0,0.0,0.0
2022-01-26 14:04:30.002128,0.0,0.0,0.0
2022-01-26 14:04:30.507029,0.0,0.0,0.0
2022-01-26 14:04:31.005185,0.0,0.0,0.0
2022-01-26 14:04:32.004882,0.0,0.0,0.0
2022-01-26 14:04:32.508448,0.0,0.0,0.0
2022-01-26 14:04:33.006573,0.0,0.0,0.0
2022-01-26 14:04:33.510140,0.0,0.0,0.0
2022-01-26 14:04:34.007539,0.0,0.0,0.0
2022-01-26 14:04:34.501846,0.0,0.0,0.0
2022-01-26 14:04:35.009437,0.0,0.0,0.0
2022-01-26 14:04:35.504279,0.0,0.0,0.0
2022-01-26 14:04:36.001272,0.0,0.0,0.0
2022-01-26 14:04:36.506621,0.0,0.0,0.0
2022-01-26 14:04:37.004137,0.0,0.0,0.0
2022-01-26 14:04:37.507823,0.0,0.0,0.0
2022-01-26 14:04:38.004582,0.0,0.0,0.0
2022-01-26 14:04:38.510795,0.0,0.0,0.0
2022-01-26 14:04:39.008100,0.0,0.0,0.0
2022-01-26 14:04:39.503835,0.0,0.0,0.0
2022-01-26 14:04:40.009492,0.0,0.0,0.0
2022-01-26 14:04:40.510453,0.0,0.0,0.0
2022-01-26 14:04:41.005878,0.0,0.0,0.0
2022-01-26 14:04:41.506947,0.0,0.0,0.0
2022-01-26 14:04:42.010039,0.0,0.0,0.0
2022-01-26 14:04:42.505157,0.0,0.0,0.0
2022-01-26 14:04:43.004352,0.0,0.0,0.0
2022-01-26 14:04:43.509421,0.0,0.0,0.0
2022-01-26 14:04:44.005810,0.0,0.0,0.0
2022-01-26 14:04:44.505157,0.0,0.0,0.0
2022-01-26 14:04:45.004816,0.0,0.0,0.0
2022-01-26 14:04:45.507344,0.0,0.0,0.0
2022-01-26 14:04:46.004272,0.0,0.0,0.0
2022-01-26 14:04:46.509511,0.0,0.0,0.0
2022-01-26 14:04:47.005989,0.0,0.0,0.0
2022-01-26 14:04:47.502544,0.0,0.0,0.0
2022-01-26 14:04:48.010480,0.0,0.0,0.0
2022-01-26 14:04:48.511009,0.0,0.0,0.0
2022-01-26 14:04:49.009103,0.0,0.0,0.0
2022-01-26 14:04:49.503770,0.0,0.0,0.0
2022-01-26 14:04:50.003802,0.0,0.0,0.0
2022-01-26 14:04:50.508887,0.0,0.0,0.0
2022-01-26 14:04:51.006219,0.0,0.0,0.0
2022-01-26 14:04:51.503529,0.0,0.0,0.0
2022-01-26 14:04:52.002299,0.0,0.0,0.0
2022-01-26 14:04:52.507208,0.0,0.0,0.0
2022-01-26 14:04:53.004030,0.0,0.0,0.0
2022-01-26 14:04:53.509429,0.0,0.0,0.0
2022-01-26 14:04:54.007019,0.0,0.0,0.0
2022-01-26 14:04:54.501865,0.0,0.0,0.0
2022-01-26 14:04:55.001193,0.0,0.0,0.0
2022-01-26 14:04:55.506698,0.0,0.0,0.0
2022-01-26 14:04:56.005194,0.0,0.0,0.0
2022-01-26 14:04:56.510511,0.0,0.0,0.0
2022-01-26 14:04:57.009240,0.0,0.0,0.0
2022-01-26 14:04:57.504652,0.0,0.0,0.0
2022-01-26 14:04:58.002726,0.0,0.0,0.0
2022-01-26 14:04:58.508964,0.0,0.0,0.0
2022-01-26 14:04:59.010495,0.0,0.0,0.0
2022-01-26 14:04:59.505446,0.0,0.0,0.0
2022-01-26 14:05:00.003207,0.0,0.0,0.0
2022-01-26 14:05:00.507354,0.0,0.0,0.0
2022-01-26 14:05:01.006783,0.0,0.0,0.0
2022-01-26 14:05:01.501652,0.0,0.0,0.0
2022-01-26 14:05:02.008517,0.0,0.0,0.0
2022-01-26 14:05:02.504416,0.0,0.0,0.0
2022-01-26 14:05:03.002334,0.0,0.0,0.0
2022-01-26 14:05:03.507857,0.0,0.0,0.0
2022-01-26 14:05:04.007371,0.0,0.0,0.0
2022-01-26 14:05:04.503885,0.0,0.0,0.0
2022-01-26 14:05:05.001275,0.0,0.0,-0.03864
2022-01-26 14:05:05.507082,0.0,0.0,-0.03864
2022-01-26 14:05:06.005082,0.0,0.0,0.0
2022-01-26 14:05:06.509146,0.0,0.0,0.0
2022-01-26 14:05:07.006391,0.0,0.0,0.0
2022-01-26 14:05:07.501693,0.0,0.0,0.0
2022-01-26 14:05:08.009900,0.0,0.0,0.0
2022-01-26 14:05:08.505512,0.0,0.0,0.0
2022-01-26 14:05:09.003332,0.0,0.0,0.0
2022-01-26 14:05:09.507373,0.0,0.0,0.0
2022-01-26 14:05:10.004403,0.0,0.0,0.0
2022-01-26 14:05:10.509310,0.0,0.0,0.0
2022-01-26 14:05:11.007499,0.0,0.0,0.0
2022-01-26 14:05:11.502305,0.0,0.0,0.0
2022-01-26 14:05:12.010170,0.0,0.0,0.0
2022-01-26 14:05:12.501294,0.0,0.0,0.0
2022-01-26 14:05:13.008351,0.0,0.0,0.0
2022-01-26 14:05:13.504111,0.0,0.0,0.0
2022-01-26 14:05:14.003963,0.0,0.0,0.0
2022-01-26 14:05:14.509048,0.0,0.0,0.0
2022-01-26 14:05:15.006626,0.0,0.0,0.0
2022-01-26 14:05:15.501122,0.0,0.0,0.0
2022-01-26 14:05:16.009645,0.0,0.0,0.0
2022-01-26 14:05:16.504457,0.0,0.0,0.0
2022-01-26 14:05:17.004070,0.0,0.0,0.0
2022-01-26 14:05:17.509881,0.0,0.0,0.0
2022-01-26 14:05:18.008194,0.0,0.0,0.0
2022-01-26 14:05:18.502991,0.0,0.0,0.0
2022-01-26 14:05:19.010116,0.0,0.0,0.0
2022-01-26 14:05:19.504836,0.0,0.0,0.0
2022-01-26 14:05:20.002119,0.0,0.0,0.0
2022-01-26 14:05:20.508179,0.0,0.0,0.0
2022-01-26 14:05:21.005122,0.0,0.0,0.0
2022-01-26 14:05:21.510680,0.0,0.0,0.0
2022-01-26 14:05:22.008663,0.0,0.0,0.0
2022-01-26 14:05:22.502882,0.0,0.0,0.0
2022-01-26 14:05:23.009684,0.0,0.0,0.0
2022-01-26 14:05:23.504071,0.0,0.0,0.0
2022-01-26 14:05:24.002112,0.0,0.0,0.0
2022-01-26 14:05:24.507772,0.0,0.0,0.0
2022-01-26 14:05:25.005166,0.0,0.0,0.0
2022-01-26 14:05:25.509070,0.0,0.0,0.0
2022-01-26 14:05:26.009371,0.0,0.0,0.0
2022-01-26 14:05:26.505027,0.0,0.0,0.0
2022-01-26 14:05:27.002434,0.0,0.0,0.0
2022-01-26 14:05:27.506968,0.0,0.0,0.0
2022-01-26 14:05:28.008125,0.0,0.0,0.0
2022-01-26 14:05:28.503221,0.0,0.0,0.0
2022-01-26 14:05:29.001088,0.0,0.0,0.0
2022-01-26 14:05:29.505668,0.0,0.0,0.0
2022-01-26 14:05:30.004290,0.0,0.0,0.0
2022-01-26 14:05:30.509622,0.0,0.0,0.0
2022-01-26 14:05:31.007714,0.0,0.0,0.0
2022-01-26 14:05:31.506781,0.0,0.0,0.0
2022-01-26 14:05:32.004004,0.0,0.0,0.0
2022-01-26 14:05:32.509540,0.0,0.0,0.0
2022-01-26 14:05:33.007723,0.0,0.0,0.0
2022-01-26 14:05:33.502778,0.0,0.0,0.0
2022-01-26 14:05:34.505708,0.0,0.0,0.0
2022-01-26 14:05:35.002778,0.0,0.0,0.0
2022-01-26 14:05:35.510190,0.0,0.0,0.0
2022-01-26 14:05:36.011011,0.0,0.0,0.0
2022-01-26 14:05:36.505565,0.0,0.0,0.0
2022-01-26 14:05:37.002612,0.0,0.0,0.0
2022-01-26 14:05:37.507895,0.0,0.0,0.0
2022-01-26 14:05:38.004780,0.0,0.0,0.0
2022-01-26 14:05:38.509617,0.0,0.0,0.0
2022-01-26 14:05:39.007735,0.0,0.0,0.0
2022-01-26 14:05:39.501096,0.0,0.0,0.0
2022-01-26 14:05:40.010207,0.0,0.0,0.0
2022-01-26 14:05:40.503846,0.0,0.0,0.0
2022-01-26 14:05:41.002163,0.0,0.0,0.0
2022-01-26 14:05:41.509062,0.0,0.0,0.0
2022-01-26 14:05:42.005533,0.0,0.0,0.0
2022-01-26 14:05:42.510324,0.0,0.0,0.0
2022-01-26 14:05:43.008499,0.0,0.0,0.0
2022-01-26 14:05:43.503301,0.0,0.0,0.0
2022-01-26 14:05:44.010849,0.0,0.0,0.0
2022-01-26 14:05:44.509891,0.0,0.0,0.0
2022-01-26 14:05:45.009633,0.0,0.0,0.0
2022-01-26 14:05:45.505018,0.0,0.0,0.0
2022-01-26 14:05:46.002594,0.0,0.0,0.0
2022-01-26 14:05:46.508524,0.0,0.0,0.0
2022-01-26 14:05:47.005971,0.0,0.0,0.0
2022-01-26 14:05:47.508635,0.0,0.0,0.0
2022-01-26 14:05:48.006732,0.0,0.0,0.0
2022-01-26 14:05:48.510318,0.0,0.0,0.0
2022-01-26 14:05:49.001634,0.0,0.0,0.0
2022-01-26 14:05:49.506352,0.0,0.0,0.0
2022-01-26 14:05:50.006082,0.0,0.0,0.0
2022-01-26 14:05:50.501695,0.0,0.0,0.0
2022-01-26 14:05:51.010281,0.0,0.0,0.0
2022-01-26 14:05:51.506382,0.0,0.0,0.0
2022-01-26 14:05:52.003422,0.0,0.0,0.0
2022-01-26 14:05:52.508449,0.0,0.0,0.0
2022-01-26 14:05:53.005118,0.0,0.0,0.0
2022-01-26 14:05:53.510051,0.0,0.0,0.0
2022-01-26 14:05:54.008516,0.0,0.0,0.0
2022-01-26 14:05:54.502981,0.0,0.0,0.0
2022-01-26 14:05:55.010334,0.0,0.0,0.0
2022-01-26 14:05:55.504744,0.0,0.0,0.0
2022-01-26 14:05:56.002910,0.0,0.0,0.0
2022-01-26 14:05:56.508488,0.0,0.0,0.0
2022-01-26 14:05:57.006807,0.0,0.0,0.0
2022-01-26 14:05:57.502221,0.0,0.0,0.0
2022-01-26 14:05:58.010824,0.0,0.0,0.0
2022-01-26 14:05:58.504519,0.0,0.0,0.0
2022-01-26 14:05:59.002766,0.0,0.0,0.0
2022-01-26 14:05:59.508208,0.0,0.0,0.0
2022-01-26 14:06:00.006146,0.0,0.0,0.0
2022-01-26 14:06:00.510217,0.0,0.0,0.0
2022-01-26 14:06:01.008268,0.0,0.0,0.0
2022-01-26 14:06:01.503582,0.0,0.0,0.0
2022-01-26 14:06:02.001781,0.0,0.0,0.0
2022-01-26 14:06:02.508137,0.0,0.0,0.0
2022-01-26 14:06:03.004967,0.0,0.0,0.0
2022-01-26 14:06:03.511038,0.0,0.0,0.0
2022-01-26 14:06:04.010145,0.0,0.0,0.0
2022-01-26 14:06:04.504006,0.0,0.0,0.0
2022-01-26 14:06:05.010963,0.0,0.0,0.0
2022-01-26 14:06:05.507208,0.0,0.0,0.0
2022-01-26 14:06:06.006612,0.0,0.0,0.0
2022-01-26 14:06:06.503129,0.0,0.0,0.0
2022-01-26 14:06:07.001057,0.0,0.0,0.0
2022-01-26 14:06:07.506704,0.0,0.0,0.0
2022-01-26 14:06:08.005018,0.0,0.0,0.0
2022-01-26 14:06:08.510716,0.0,0.0,0.0
2022-01-26 14:06:09.008147,0.0,0.0,0.0
2022-01-26 14:06:09.501979,0.0,0.0,0.0
2022-01-26 14:06:10.000956,0.0,0.0,0.0
2022-01-26 14:06:10.504775,0.0,0.0,0.0
2022-01-26 14:06:11.004145,0.0,0.0,0.0
2022-01-26 14:06:11.508512,0.0,0.0,0.0
2022-01-26 14:06:12.007519,0.0,0.0,0.0
2022-01-26 14:06:12.511155,0.0,0.0,0.0
2022-01-26 14:06:13.008033,0.0,0.0,0.0
2022-01-26 14:06:13.502707,0.0,0.0,0.0
2022-01-26 14:06:14.001537,0.0,0.0,0.0
2022-01-26 14:06:14.506954,0.0,0.0,0.0
2022-01-26 14:06:15.005097,0.0,0.0,0.0
2022-01-26 14:06:15.502718,0.0,0.0,0.0
2022-01-26 14:06:16.010664,0.0,0.0,0.0
2022-01-26 14:06:16.504132,0.0,0.0,0.0
2022-01-26 14:06:17.002058,0.0,0.0,0.0
2022-01-26 14:06:17.506155,0.0,0.0,0.0
2022-01-26 14:06:18.005538,0.0,0.0,0.0
2022-01-26 14:06:18.509224,0.0,0.0,0.0
2022-01-26 14:06:19.006909,0.0,0.0,0.0
2022-01-26 14:06:19.500936,0.0,0.0,0.0
2022-01-26 14:06:20.008194,0.0,0.0,0.0
2022-01-26 14:06:20.503189,0.0,0.0,0.0
2022-01-26 14:06:21.002223,0.0,0.0,0.0
2022-01-26 14:06:21.507762,0.0,0.0,0.0
2022-01-26 14:06:22.005138,0.0,0.0,0.0
2022-01-26 14:06:22.501413,0.0,0.0,0.0
2022-01-26 14:06:23.009699,0.0,0.0,0.0
2022-01-26 14:06:23.505243,0.0,0.0,0.0
2022-01-26 14:06:24.004615,0.0,0.0,0.0
2022-01-26 14:06:24.501877,0.0,0.0,0.0
2022-01-26 14:06:25.003762,0.0,0.0,0.0
2022-01-26 14:06:25.509804,0.0,0.0,0.0
2022-01-26 14:06:26.007914,0.0,0.0,0.0
2022-01-26 14:06:26.501610,0.0,0.0,0.0
2022-01-26 14:06:27.009620,0.0,0.0,0.0
2022-01-26 14:06:27.504359,0.0,0.0,0.0
2022-01-26 14:06:28.003231,0.0,0.0,0.0
2022-01-26 14:06:28.507713,0.0,0.0,0.0
2022-01-26 14:06:29.002029,0.0,0.0,0.0
2022-01-26 14:06:29.509512,0.0,0.0,0.0
2022-01-26 14:06:30.007279,0.0,0.0,0.0
2022-01-26 14:06:30.501235,0.0,0.0,0.0
2022-01-26 14:06:31.009806,0.0,0.0,0.0
2022-01-26 14:06:31.503381,0.0,0.0,0.0
2022-01-26 14:06:32.010407,0.0,0.0,0.0
2022-01-26 14:06:32.505378,0.0,0.0,0.0
2022-01-26 14:06:33.003607,0.0,0.0,0.0
2022-01-26 14:06:33.510417,0.0,0.0,0.0
2022-01-26 14:06:34.006797,0.0,0.0,0.0
2022-01-26 14:06:35.005386,0.0,0.0,0.0
2022-01-26 14:06:35.501607,0.0,0.0,0.0
2022-01-26 14:06:36.008875,0.0,0.0,0.0
2022-01-26 14:06:36.504030,0.0,0.0,0.0
2022-01-26 14:06:37.001708,0.0,0.0,0.0
2022-01-26 14:06:37.506817,0.0,0.0,0.0
2022-01-26 14:06:38.002378,0.0,0.0,0.0
2022-01-26 14:06:38.510491,0.0,0.0,0.0
2022-01-26 14:06:39.002205,0.0,0.0,0.0
2022-01-26 14:06:39.510027,0.0,0.0,0.0
2022-01-26 14:06:40.003788,0.0,0.0,0.0
2022-01-26 14:06:40.509681,0.0,0.0,0.0
2022-01-26 14:06:41.002736,0.0,0.0,0.0
2022-01-26 14:06:41.506721,0.0,0.0,0.0
2022-01-26 14:06:42.006676,0.0,0.0,0.0
2022-01-26 14:06:42.506920,0.0,0.0,0.0
2022-01-26 14:06:43.004693,0.0,0.0,0.0
2022-01-26 14:06:43.508568,0.0,0.0,0.0
2022-01-26 14:06:44.006517,0.0,0.0,0.0
2022-01-26 14:06:44.501663,0.0,0.0,0.0
2022-01-26 14:06:45.009248,0.0,0.0,0.0
2022-01-26 14:06:45.502844,0.0,0.0,0.0
2022-01-26 14:06:46.503838,0.0,0.0,0.0
2022-01-26 14:06:47.006124,0.0,0.0,0.0
2022-01-26 14:06:47.502290,0.0,0.0,0.0
2022-01-26 14:06:48.009808,0.0,0.0,0.0
2022-01-26 14:06:48.504670,0.0,0.0,0.0
2022-01-26 14:06:49.002031,0.0,0.0,0.0
2022-01-26 14:06:49.504458,0.0,0.0,0.0
2022-01-26 14:06:50.003240,0.0,0.0,0.0
2022-01-26 14:06:50.502649,0.0,0.0,0.0
2022-01-26 14:06:51.008297,0.0,0.0,0.0
2022-01-26 14:06:51.508974,0.0,0.0,0.0
2022-01-26 14:06:52.003640,0.0,0.0,0.0
2022-01-26 14:06:52.504875,0.0,0.0,0.0
2022-01-26 14:06:53.005840,0.0,0.0,0.0
2022-01-26 14:06:53.510550,0.0,0.0,0.0
2022-01-26 14:06:54.008343,0.0,0.0,0.0
2022-01-26 14:06:54.503322,0.0,0.0,0.0
2022-01-26 14:06:55.001133,0.0,0.0,0.0
2022-01-26 14:06:55.505336,0.0,0.0,0.0
2022-01-26 14:06:56.002218,0.0,0.0,0.0
2022-01-26 14:06:56.501508,0.0,0.0,0.0
2022-01-26 14:06:57.010688,0.0,0.0,0.0
2022-01-26 14:06:57.505742,0.0,0.0,0.0
2022-01-26 14:06:58.002481,0.0,0.0,0.0
2022-01-26 14:06:58.506497,0.0,0.0,0.0
2022-01-26 14:06:59.002053,0.0,0.0,0.0
2022-01-26 14:06:59.503208,0.0,0.0,0.0
2022-01-26 14:07:00.010107,0.0,0.0,0.0
2022-01-26 14:07:00.504958,0.0,0.0,0.0
2022-01-26 14:07:01.002649,0.0,0.0,0.0
2022-01-26 14:07:01.508001,0.0,0.0,0.0
2022-01-26 14:07:02.003592,0.0,0.0,0.0
2022-01-26 14:07:02.502946,0.0,0.0,0.0
2022-01-26 14:07:03.005482,0.0,0.0,0.0
2022-01-26 14:07:03.510039,0.0,0.0,0.0
2022-01-26 14:07:04.007656,0.0,0.0,0.0
2022-01-26 14:07:04.502960,0.0,0.0,0.0
2022-01-26 14:07:05.001794,0.0,0.0,0.0
2022-01-26 14:07:05.507328,0.0,0.0,0.0
2022-01-26 14:07:06.004322,0.0,0.0,0.0
2022-01-26 14:07:06.508513,0.0,0.0,0.0
2022-01-26 14:07:07.004402,0.0,0.0,0.0
2022-01-26 14:07:07.509098,0.0,0.0,0.0
2022-01-26 14:07:08.007463,0.0,0.0,0.0
2022-01-26 14:07:08.502486,0.0,0.0,0.0
2022-01-26 14:07:09.010398,0.0,0.0,0.0
2022-01-26 14:07:09.506255,0.0,0.0,0.0
2022-01-26 14:07:10.004564,0.0,0.0,0.0
2022-01-26 14:07:10.509545,0.0,0.0,0.0
2022-01-26 14:07:11.009063,0.0,0.0,0.0
2022-01-26 14:07:11.503420,0.0,0.0,0.0
2022-01-26 14:07:12.001544,0.0,0.0,0.0
2022-01-26 14:07:12.505118,0.0,0.0,0.0
2022-01-26 14:07:13.001259,0.0,0.0,0.0
2022-01-26 14:07:13.506314,0.0,0.0,0.0
2022-01-26 14:07:14.003205,0.0,0.0,0.0
2022-01-26 14:07:14.509468,0.0,0.0,0.0
2022-01-26 14:07:15.007167,0.0,0.0,0.0
2022-01-26 14:07:15.502590,0.0,0.0,0.0
2022-01-26 14:07:16.011122,0.0,0.0,0.0
2022-01-26 14:07:16.505215,0.0,0.0,0.0
2022-01-26 14:07:17.006100,0.0,0.0,0.0
2022-01-26 14:07:17.502590,0.0,0.0,0.0
2022-01-26 14:07:18.010534,0.0,0.0,0.0
2022-01-26 14:07:18.505074,0.0,0.0,0.0
2022-01-26 14:07:19.003556,0.0,0.0,0.0
2022-01-26 14:07:19.508476,0.0,0.0,0.0
2022-01-26 14:07:20.006165,0.0,0.0,0.0
2022-01-26 14:07:20.506724,0.0,0.0,0.0
2022-01-26 14:07:21.006415,0.0,0.0,0.0
2022-01-26 14:07:21.503127,0.0,0.0,0.0
2022-01-26 14:07:22.001500,0.0,0.0,0.0
2022-01-26 14:07:22.504125,0.0,0.0,0.0
2022-01-26 14:07:23.002351,0.0,0.0,0.0
2022-01-26 14:07:23.506370,0.0,0.0,0.0
2022-01-26 14:07:24.004678,0.0,0.0,0.0
2022-01-26 14:07:24.509761,0.0,0.0,0.0
2022-01-26 14:07:25.007864,0.0,0.0,0.0
2022-01-26 14:07:25.502787,0.0,0.0,0.0
2022-01-26 14:07:26.010765,0.0,0.0,0.0
2022-01-26 14:07:26.504885,0.0,0.0,0.0
2022-01-26 14:07:27.002319,0.0,0.0,0.0
2022-01-26 14:07:27.501730,0.0,0.0,0.0
2022-01-26 14:07:28.010653,0.0,0.0,0.0
2022-01-26 14:07:28.504529,0.0,0.0,0.0
2022-01-26 14:07:29.002372,0.0,0.0,0.0
2022-01-26 14:07:29.506714,0.0,0.0,0.0
2022-01-26 14:07:30.004974,0.0,0.0,0.0
2022-01-26 14:07:30.501833,0.0,0.0,0.0
2022-01-26 14:07:31.010788,0.0,0.0,0.0
2022-01-26 14:07:31.505511,0.0,0.0,0.0
2022-01-26 14:07:32.003225,0.0,0.0,0.0
2022-01-26 14:07:32.508745,0.0,0.0,0.0
2022-01-26 14:07:33.006835,0.0,0.0,0.0
2022-01-26 14:07:33.510966,0.0,0.0,0.0
2022-01-26 14:07:34.009477,0.0,0.0,0.0
2022-01-26 14:07:34.503658,0.0,0.0,0.0
2022-01-26 14:07:35.002320,0.0,0.0,0.0
2022-01-26 14:07:35.508352,0.0,0.0,0.0
2022-01-26 14:07:36.008840,0.0,0.0,0.0
2022-01-26 14:07:36.504430,0.0,0.0,0.0
2022-01-26 14:07:37.001727,0.0,0.0,0.0
2022-01-26 14:07:37.506805,0.0,0.0,0.0
2022-01-26 14:07:38.003788,0.0,0.0,0.0
2022-01-26 14:07:38.508456,0.0,0.0,0.0
2022-01-26 14:07:39.005499,0.0,0.0,0.0
2022-01-26 14:07:39.501930,0.0,0.0,0.0
2022-01-26 14:07:40.010357,0.0,0.0,0.0
2022-01-26 14:07:40.508752,0.0,0.0,0.0
2022-01-26 14:07:41.005445,0.0,0.0,0.0
2022-01-26 14:07:41.509798,0.0,0.0,0.0
2022-01-26 14:07:42.006652,0.0,0.0,0.0
2022-01-26 14:07:42.510238,0.0,0.0,0.0
2022-01-26 14:07:43.009885,0.0,0.0,0.0
2022-01-26 14:07:43.506347,0.0,0.0,0.0
2022-01-26 14:07:44.005196,0.0,0.0,0.0
2022-01-26 14:07:44.510860,0.0,0.0,0.0
2022-01-26 14:07:45.009082,0.0,0.0,0.0
2022-01-26 14:07:45.504335,0.0,0.0,0.0
2022-01-26 14:07:46.002345,0.0,0.0,0.0
2022-01-26 14:07:46.507645,0.0,0.0,0.0
2022-01-26 14:07:47.006010,0.0,0.0,0.0
2022-01-26 14:07:47.503122,0.0,0.0,0.0
2022-01-26 14:07:48.000880,0.0,0.0,0.0
2022-01-26 14:07:48.507788,0.0,0.0,0.0
2022-01-26 14:07:49.005715,0.0,0.0,0.0
2022-01-26 14:07:49.510491,0.0,0.0,0.0
2022-01-26 14:07:50.008027,0.0,0.0,0.0
2022-01-26 14:07:50.503636,0.0,0.0,0.0
2022-01-26 14:07:51.001648,0.0,0.0,0.0
2022-01-26 14:07:51.506142,0.0,0.0,0.0
2022-01-26 14:07:52.004173,0.0,0.0,0.0
2022-01-26 14:07:52.500975,0.0,0.0,0.0
2022-01-26 14:07:53.009168,0.0,0.0,0.0
2022-01-26 14:07:53.502549,0.0,0.0,0.0
2022-01-26 14:07:54.010001,0.0,0.0,0.0
2022-01-26 14:07:54.504236,0.0,0.0,0.0
2022-01-26 14:07:55.002794,0.0,0.0,0.0
2022-01-26 14:07:55.510563,0.0,0.0,0.0
2022-01-26 14:07:56.008327,0.0,0.0,0.0
2022-01-26 14:07:56.503416,0.0,0.0,0.0
2022-01-26 14:07:57.010714,0.0,0.0,0.0
2022-01-26 14:07:57.507617,0.0,0.0,0.0
2022-01-26 14:07:58.007864,0.0,0.0,0.0
2022-01-26 14:07:58.502962,0.0,0.0,0.0
2022-01-26 14:07:59.009932,0.0,0.0,0.0
2022-01-26 14:07:59.504377,0.0,0.0,0.0
2022-01-26 14:08:00.002584,0.0,0.0,0.0
2022-01-26 14:08:00.505347,0.0,0.0,0.0
2022-01-26 14:08:01.003851,0.0,0.0,0.0
2022-01-26 14:08:01.509820,0.0,0.0,0.0
2022-01-26 14:08:02.006906,0.0,0.0,0.0
2022-01-26 14:08:02.501789,0.0,0.0,0.0
2022-01-26 14:08:03.010644,0.0,0.0,0.0
2022-01-26 14:08:03.505025,0.0,0.0,0.0
2022-01-26 14:08:04.002913,0.0,0.0,0.0
2022-01-26 14:08:04.507840,0.0,0.0,0.0
2022-01-26 14:08:05.004613,0.0,0.0,0.0
2022-01-26 14:08:05.508408,0.0,0.0,0.0
2022-01-26 14:08:06.007684,0.0,0.0,0.0
2022-01-26 14:08:06.503117,0.0,0.0,0.0
2022-01-26 14:08:07.002047,0.0,0.0,0.0
2022-01-26 14:08:07.505923,0.0,0.0,0.0
2022-01-26 14:08:08.002099,0.0,0.0,0.0
2022-01-26 14:08:08.506798,0.0,0.0,0.0
2022-01-26 14:08:09.004977,0.0,0.0,0.0
2022-01-26 14:08:09.510762,0.0,0.0,0.0
2022-01-26 14:08:10.008549,0.0,0.0,0.0
2022-01-26 14:08:10.504362,0.0,0.0,0.0
2022-01-26 14:08:11.001394,0.0,0.0,0.0
2022-01-26 14:08:11.506809,0.0,0.0,0.0
2022-01-26 14:08:12.003979,0.0,0.0,0.0
2022-01-26 14:08:12.500686,0.0,0.0,0.0
2022-01-26 14:08:13.008255,0.0,0.0,0.0
2022-01-26 14:08:13.503681,0.0,0.0,0.0
2022-01-26 14:08:14.010725,0.0,0.0,0.0
2022-01-26 14:08:14.503220,0.0,0.0,0.0
2022-01-26 14:08:15.002542,0.0,0.0,0.0
2022-01-26 14:08:15.507492,0.0,0.0,0.0
2022-01-26 14:08:16.004286,0.0,0.0,0.0
2022-01-26 14:08:16.510333,0.0,0.0,0.0
2022-01-26 14:08:17.007484,0.0,0.0,0.0
2022-01-26 14:08:17.502042,0.0,0.0,0.0
2022-01-26 14:08:18.009149,0.0,0.0,0.0
2022-01-26 14:08:18.502951,0.0,0.0,0.0
2022-01-26 14:08:19.002521,0.0,0.0,0.0
2022-01-26 14:08:19.509039,0.0,0.0,0.0
2022-01-26 14:08:20.006698,0.0,0.0,0.0
2022-01-26 14:08:20.501201,0.0,0.0,0.0
2022-01-26 14:08:21.008535,0.0,0.0,0.0
2022-01-26 14:08:21.501627,0.0,0.0,0.0
2022-01-26 14:08:22.009558,0.0,0.0,0.0
2022-01-26 14:08:22.504274,0.0,0.0,0.0
2022-01-26 14:08:23.002555,0.0,0.0,0.0
2022-01-26 14:08:23.507131,0.0,0.0,0.0
2022-01-26 14:08:24.005097,0.0,0.0,0.0
2022-01-26 14:08:24.501609,0.0,0.0,0.0
2022-01-26 14:08:25.009488,0.0,0.0,0.0
2022-01-26 14:08:25.507526,0.0,0.0,0.0
2022-01-26 14:08:26.006857,0.0,0.0,0.0
2022-01-26 14:08:26.502545,0.0,0.0,0.0
2022-01-26 14:08:27.010694,0.0,0.0,0.0
2022-01-26 14:08:27.506415,0.0,0.0,0.0
2022-01-26 14:08:28.004551,0.0,0.0,0.0
2022-01-26 14:08:28.510008,0.0,0.0,0.0
2022-01-26 14:08:29.007972,0.0,0.0,0.0
2022-01-26 14:08:29.503637,0.0,0.0,0.0
2022-01-26 14:08:30.001022,0.0,0.0,0.0
2022-01-26 14:08:30.505781,0.0,0.0,0.0
2022-01-26 14:08:31.003755,0.0,0.0,0.0
2022-01-26 14:08:31.508526,0.0,0.0,0.0
2022-01-26 14:08:32.007757,0.0,0.0,0.0
2022-01-26 14:08:32.503495,0.0,0.0,0.0
2022-01-26 14:08:33.009451,0.0,0.0,0.0
2022-01-26 14:08:33.502980,0.0,0.0,0.0
2022-01-26 14:08:34.001420,0.0,0.0,0.0
2022-01-26 14:08:34.506261,0.0,0.0,0.0
2022-01-26 14:08:35.004357,0.0,0.0,0.0
2022-01-26 14:08:35.508584,0.0,0.0,0.0
2022-01-26 14:08:36.008420,0.0,0.0,0.0
2022-01-26 14:08:36.503781,0.0,0.0,0.0
2022-01-26 14:08:37.001429,0.0,0.0,0.0
2022-01-26 14:08:37.510144,0.0,0.0,0.0
2022-01-26 14:08:38.007802,0.0,0.0,0.0
2022-01-26 14:08:38.502246,0.0,0.0,0.0
2022-01-26 14:08:39.010947,0.0,0.0,0.0
2022-01-26 14:08:39.503906,0.0,0.0,0.0
2022-01-26 14:08:40.001807,0.0,0.0,0.0
2022-01-26 14:08:40.506547,0.0,0.0,0.0
2022-01-26 14:08:41.003415,0.0,0.0,0.0
2022-01-26 14:08:41.508338,0.0,0.0,0.0
2022-01-26 14:08:42.007192,0.0,0.0,0.0
2022-01-26 14:08:42.502464,0.0,0.0,0.0
2022-01-26 14:08:43.010703,0.0,0.0,0.0
2022-01-26 14:08:43.506089,0.0,0.0,0.0
2022-01-26 14:08:44.004359,0.0,0.0,0.0
2022-01-26 14:08:44.510216,0.0,0.0,0.0
2022-01-26 14:08:45.008733,0.0,0.0,0.0
2022-01-26 14:08:45.502781,0.0,0.0,0.0
2022-01-26 14:08:46.002311,0.0,0.0,0.0
2022-01-26 14:08:46.506058,0.0,0.0,0.0
2022-01-26 14:08:47.003843,0.0,0.0,0.0
2022-01-26 14:08:47.508953,0.0,0.0,0.0
2022-01-26 14:08:48.006771,0.0,0.0,0.0
2022-01-26 14:08:48.501518,0.0,0.0,0.0
2022-01-26 14:08:49.008660,0.0,0.0,0.0
2022-01-26 14:08:49.503535,0.0,0.0,0.0
2022-01-26 14:08:50.001119,0.0,0.0,0.0
2022-01-26 14:08:50.507023,0.0,0.0,0.0
2022-01-26 14:08:51.003497,0.0,0.0,0.0
2022-01-26 14:08:51.507926,0.0,0.0,0.0
2022-01-26 14:08:52.004128,0.0,0.0,0.0
2022-01-26 14:08:52.510122,0.0,0.0,0.0
2022-01-26 14:08:53.010338,0.0,0.0,0.0
2022-01-26 14:08:53.505699,0.0,0.0,0.0
2022-01-26 14:08:54.006774,0.0,0.0,0.0
2022-01-26 14:08:54.501999,0.0,0.0,0.0
2022-01-26 14:08:55.010536,0.0,0.0,0.0
2022-01-26 14:08:55.507401,0.0,0.0,0.0
2022-01-26 14:08:56.005902,0.0,0.0,0.0
2022-01-26 14:08:56.510294,0.0,0.0,0.0
2022-01-26 14:08:57.007853,0.0,0.0,0.0
2022-01-26 14:08:57.504368,0.0,0.0,0.0
2022-01-26 14:08:58.002711,0.0,0.0,0.0
2022-01-26 14:08:58.507215,0.0,0.0,0.0
2022-01-26 14:08:59.004238,0.0,0.0,0.0
2022-01-26 14:08:59.509881,0.0,0.0,0.0
2022-01-26 14:09:00.007065,0.0,0.0,0.0
2022-01-26 14:09:00.509366,0.0,0.0,0.0
2022-01-26 14:09:01.006140,0.0,0.0,0.0
2022-01-26 14:09:01.510764,0.0,0.0,0.0
2022-01-26 14:09:02.010326,0.0,0.0,0.0
2022-01-26 14:09:02.504033,0.0,0.0,0.0
2022-01-26 14:09:03.003231,0.0,0.0,0.0
2022-01-26 14:09:03.511054,0.0,0.0,0.0
2022-01-26 14:09:04.008723,0.0,0.0,0.0
2022-01-26 14:09:04.503146,0.0,0.0,0.0
2022-01-26 14:09:05.010947,0.0,0.0,0.0
2022-01-26 14:09:05.505408,0.0,0.0,0.0
2022-01-26 14:09:06.003154,0.0,0.0,0.0
2022-01-26 14:09:06.508600,0.0,0.0,0.0
2022-01-26 14:09:07.004786,0.0,0.0,0.0
2022-01-26 14:09:07.501800,0.0,0.0,0.0
2022-01-26 14:09:08.010149,0.0,0.0,0.0
2022-01-26 14:09:08.505032,0.0,0.0,0.0
2022-01-26 14:09:09.003492,0.0,0.0,0.0
2022-01-26 14:09:09.509426,0.0,0.0,0.0
2022-01-26 14:09:10.006636,0.0,0.0,0.0
2022-01-26 14:09:10.502108,0.0,0.0,0.0
2022-01-26 14:09:11.009996,0.0,0.0,0.0
2022-01-26 14:09:11.505431,0.0,0.0,0.0
2022-01-26 14:09:12.005283,0.0,0.0,0.0
2022-01-26 14:09:12.508447,0.0,0.0,0.0
2022-01-26 14:09:13.005086,0.0,0.0,0.0
2022-01-26 14:09:13.502533,0.0,0.0,0.0
2022-01-26 14:09:14.002349,0.0,0.0,0.0
2022-01-26 14:09:14.506483,0.0,0.0,0.0
2022-01-26 14:09:15.002251,0.0,0.0,0.0
2022-01-26 14:09:15.509163,0.0,0.0,0.0
2022-01-26 14:09:16.007847,0.0,0.0,0.0
2022-01-26 14:09:16.503496,0.0,0.0,0.0
2022-01-26 14:09:17.001494,0.0,0.0,0.0
2022-01-26 14:09:17.508132,0.0,0.0,0.0
2022-01-26 14:09:18.006675,0.0,0.0,0.0
2022-01-26 14:09:18.504574,0.0,0.0,0.0
2022-01-26 14:09:19.002303,0.0,0.0,0.0
2022-01-26 14:09:19.505774,0.0,0.0,0.0
2022-01-26 14:09:20.002252,0.0,0.0,0.0
2022-01-26 14:09:20.509258,0.0,0.0,0.0
2022-01-26 14:09:21.007182,0.0,0.0,0.0
2022-01-26 14:09:21.502726,0.0,0.0,0.0
2022-01-26 14:09:22.008598,0.0,0.0,0.0
2022-01-26 14:09:22.503206,0.0,0.0,0.0
2022-01-26 14:09:23.009986,0.0,0.0,0.0
2022-01-26 14:09:23.508399,0.0,0.0,0.0
2022-01-26 14:09:24.006620,0.0,0.0,0.0
2022-01-26 14:09:24.510749,0.0,0.0,0.0
2022-01-26 14:09:25.001407,0.0,0.0,0.0
2022-01-26 14:09:25.508813,0.0,0.0,0.0
2022-01-26 14:09:26.006583,0.0,0.0,0.0
2022-01-26 14:09:26.510643,0.0,0.0,0.0
2022-01-26 14:09:27.008152,0.0,0.0,0.0
2022-01-26 14:09:27.502129,0.0,0.0,0.0
2022-01-26 14:09:28.010458,0.0,0.0,0.0
2022-01-26 14:09:28.505255,0.0,0.0,0.0
2022-01-26 14:09:29.005950,0.0,0.0,0.0
2022-01-26 14:09:29.502716,0.0,0.0,0.0
2022-01-26 14:09:30.002590,0.0,0.0,0.0
2022-01-26 14:09:30.508298,0.0,0.0,0.0
2022-01-26 14:09:31.006543,0.0,0.0,0.0
2022-01-26 14:09:31.501535,0.0,0.0,0.0
2022-01-26 14:09:32.008292,0.0,0.0,0.0
2022-01-26 14:09:32.502463,0.0,0.0,0.0
2022-01-26 14:09:33.010645,0.0,0.0,0.0
2022-01-26 14:09:33.507190,0.0,0.0,0.0
2022-01-26 14:09:34.003999,0.0,0.0,0.0
2022-01-26 14:09:34.509411,0.0,0.0,0.0
2022-01-26 14:09:35.006289,0.0,0.0,0.0
2022-01-26 14:09:35.510278,0.0,0.0,0.0
2022-01-26 14:09:36.007391,0.0,0.0,0.0
2022-01-26 14:09:36.502273,0.0,0.0,0.0
2022-01-26 14:09:37.010754,0.0,0.0,0.0
2022-01-26 14:09:37.506840,0.0,0.0,0.0
2022-01-26 14:09:38.006060,0.0,0.0,0.0
2022-01-26 14:09:38.502261,0.0,0.0,0.0
2022-01-26 14:09:39.010226,0.0,0.0,0.0
2022-01-26 14:09:39.505352,0.0,0.0,0.0
2022-01-26 14:09:40.002945,0.0,0.0,0.0
2022-01-26 14:09:40.506632,0.0,0.0,0.0
2022-01-26 14:09:41.004985,0.0,0.0,0.0
2022-01-26 14:09:41.508986,0.0,0.0,0.0
2022-01-26 14:09:42.007605,0.0,0.0,0.0
2022-01-26 14:09:42.501470,0.0,0.0,0.0
2022-01-26 14:09:43.009184,0.0,0.0,0.0
2022-01-26 14:09:43.503340,0.0,0.0,0.0
2022-01-26 14:09:44.010213,0.0,0.0,0.0
2022-01-26 14:09:44.506278,0.0,0.0,0.0
2022-01-26 14:09:45.003478,0.0,0.0,0.0
2022-01-26 14:09:45.510092,0.0,0.0,0.0
2022-01-26 14:09:46.006752,0.0,0.0,0.0
2022-01-26 14:09:46.502351,0.0,0.0,0.0
2022-01-26 14:09:47.010054,0.0,0.0,0.0
2022-01-26 14:09:47.504156,0.0,0.0,0.0
2022-01-26 14:09:48.001113,0.0,0.0,0.0
2022-01-26 14:09:48.505739,0.0,0.0,0.0
2022-01-26 14:09:49.003181,0.0,0.0,0.0
2022-01-26 14:09:49.507720,0.0,0.0,0.0
2022-01-26 14:09:50.004826,0.0,0.0,0.0
2022-01-26 14:09:50.509981,0.0,0.0,0.0
2022-01-26 14:09:51.008072,0.0,0.0,0.0
2022-01-26 14:09:51.502403,0.0,0.0,0.0
2022-01-26 14:09:52.010383,0.0,0.0,0.0
2022-01-26 14:09:52.504731,0.0,0.0,0.0
2022-01-26 14:09:53.001422,0.0,0.0,0.0
2022-01-26 14:09:53.506816,0.0,0.0,0.0
2022-01-26 14:09:54.005399,0.0,0.0,0.0
2022-01-26 14:09:54.509752,0.0,0.0,0.0
2022-01-26 14:09:55.010654,0.0,0.0,0.0
2022-01-26 14:09:55.506414,0.0,0.0,0.0
2022-01-26 14:09:56.004447,0.0,0.0,0.0
2022-01-26 14:09:56.509126,0.0,0.0,0.0
2022-01-26 14:09:57.005543,0.0,0.0,0.0
2022-01-26 14:09:57.510266,0.0,0.0,0.0
2022-01-26 14:09:58.005919,0.0,0.0,0.0
2022-01-26 14:09:58.503724,0.0,0.0,0.0
2022-01-26 14:09:59.001811,0.0,0.0,0.0
2022-01-26 14:09:59.505988,0.0,0.0,0.0
2022-01-26 14:10:00.004404,0.0,0.0,0.0
2022-01-26 14:10:00.510687,0.0,0.0,0.0
2022-01-26 14:10:01.008598,0.0,0.0,0.0
2022-01-26 14:10:01.502204,0.0,0.0,0.0
2022-01-26 14:10:02.010222,0.0,0.0,0.0
2022-01-26 14:10:02.505737,0.0,0.0,0.0
2022-01-26 14:10:03.003939,0.0,0.0,0.0
2022-01-26 14:10:03.508205,0.0,0.0,0.0
2022-01-26 14:10:04.004993,0.0,0.0,0.0
2022-01-26 14:10:04.502177,0.0,0.0,0.0
2022-01-26 14:10:05.009702,0.0,0.0,0.0
2022-01-26 14:10:05.504677,0.0,0.0,0.0
2022-01-26 14:10:06.002405,0.0,0.0,0.0
2022-01-26 14:10:06.506918,0.0,0.0,0.0
2022-01-26 14:10:07.006511,0.0,0.0,0.0
2022-01-26 14:10:07.510784,0.0,0.0,0.0
2022-01-26 14:10:08.010113,0.0,0.0,0.0
2022-01-26 14:10:08.506793,0.0,0.0,0.0
2022-01-26 14:10:09.003318,0.0,0.0,0.0
2022-01-26 14:10:09.508664,0.0,0.0,0.0
2022-01-26 14:10:10.007932,0.0,0.0,0.0
2022-01-26 14:10:10.502722,0.0,0.0,0.0
2022-01-26 14:10:11.001330,0.0,0.0,0.0
2022-01-26 14:10:11.507116,0.0,0.0,0.0
2022-01-26 14:10:12.001537,0.0,0.0,0.0
2022-01-26 14:10:12.505787,0.0,0.0,0.0
2022-01-26 14:10:13.008394,0.0,0.0,0.0
2022-01-26 14:10:13.503533,0.0,0.0,0.0
2022-01-26 14:10:14.002361,0.0,0.0,0.0
2022-01-26 14:10:14.506965,0.0,0.0,0.0
2022-01-26 14:10:15.005001,0.0,0.0,0.0
2022-01-26 14:10:15.509139,0.0,0.0,0.0
2022-01-26 14:10:16.006901,0.0,0.0,0.0
2022-01-26 14:10:16.510780,0.0,0.0,0.0
2022-01-26 14:10:17.005317,0.0,0.0,0.0
2022-01-26 14:10:17.503877,0.0,0.0,0.0
2022-01-26 14:10:18.001515,0.0,0.0,0.0
2022-01-26 14:10:18.506724,0.0,0.0,0.0
2022-01-26 14:10:19.006349,0.0,0.0,0.0
2022-01-26 14:10:19.502696,0.0,0.0,0.0
2022-01-26 14:10:20.009304,0.0,0.0,0.0
2022-01-26 14:10:20.504353,0.0,0.0,0.0
2022-01-26 14:10:21.001431,0.0,0.0,0.0
2022-01-26 14:10:21.507077,0.0,0.0,0.0
2022-01-26 14:10:22.001833,0.0,0.0,0.0
2022-01-26 14:10:22.508083,0.0,0.0,0.0
2022-01-26 14:10:23.006338,0.0,0.0,0.0
2022-01-26 14:10:23.510140,0.0,0.0,0.0
2022-01-26 14:10:24.008869,0.0,0.0,0.0
2022-01-26 14:10:24.504239,0.0,0.0,0.0
2022-01-26 14:10:25.001997,0.0,0.0,0.0
2022-01-26 14:10:25.507225,0.0,0.0,0.0
2022-01-26 14:10:26.007888,0.0,0.0,0.0
2022-01-26 14:10:26.501557,0.0,0.0,0.0
2022-01-26 14:10:27.001415,0.0,0.0,0.0
2022-01-26 14:10:27.507598,0.0,0.0,0.0
2022-01-26 14:10:28.004962,0.0,0.0,0.0
2022-01-26 14:10:28.509074,0.0,0.0,0.0
2022-01-26 14:10:29.001384,0.0,0.0,0.0
2022-01-26 14:10:29.502053,0.0,0.0,0.0
2022-01-26 14:10:30.000974,0.0,0.0,0.0
2022-01-26 14:10:30.510736,0.0,0.0,0.0
2022-01-26 14:10:31.010815,0.0,0.0,0.0
2022-01-26 14:10:31.504997,0.0,0.0,0.0
2022-01-26 14:10:33.001888,0.0,0.0,0.0
2022-01-26 14:10:33.508093,0.0,0.0,0.0
2022-01-26 14:10:34.004943,0.0,0.0,0.0
2022-01-26 14:10:34.510711,0.0,0.0,0.0
2022-01-26 14:10:35.009084,0.0,0.0,0.0
2022-01-26 14:10:35.502712,0.0,0.0,0.0
2022-01-26 14:10:36.010501,0.0,0.0,0.0
2022-01-26 14:10:36.506108,0.0,0.0,0.0
2022-01-26 14:10:37.005743,0.0,0.0,0.0
2022-01-26 14:10:37.510266,0.0,0.0,0.0
2022-01-26 14:10:38.007968,0.0,0.0,0.0
2022-01-26 14:10:38.503010,0.0,0.0,0.0
2022-01-26 14:10:39.010440,0.0,0.0,0.0
2022-01-26 14:10:39.503582,0.0,0.0,0.0
2022-01-26 14:10:40.001036,0.0,0.0,0.0
2022-01-26 14:10:40.506678,0.0,0.0,0.0
2022-01-26 14:10:41.004351,0.0,0.0,0.0
2022-01-26 14:10:41.510204,0.0,0.0,0.0
2022-01-26 14:10:42.010053,0.0,0.0,0.0
2022-01-26 14:10:42.502008,0.0,0.0,0.0
2022-01-26 14:10:43.009405,0.0,0.0,0.0
2022-01-26 14:10:43.504452,0.0,0.0,0.0
2022-01-26 14:10:44.002104,0.0,0.0,0.0
2022-01-26 14:10:44.506825,0.0,0.0,0.0
2022-01-26 14:10:45.003624,0.0,0.0,0.0
2022-01-26 14:10:45.508428,0.0,0.0,0.0
2022-01-26 14:10:46.007279,0.0,0.0,0.0
2022-01-26 14:10:46.502643,0.0,0.0,0.0
2022-01-26 14:10:47.010762,0.0,0.0,0.0
2022-01-26 14:10:47.505506,0.0,0.0,0.0
2022-01-26 14:10:48.002506,0.0,0.0,0.0
2022-01-26 14:10:48.507763,0.0,0.0,0.0
2022-01-26 14:10:49.006219,0.0,0.0,0.0
2022-01-26 14:10:49.510205,0.0,0.0,0.0
2022-01-26 14:10:50.006652,0.0,0.0,0.0
2022-01-26 14:10:50.502983,0.0,0.0,0.0
2022-01-26 14:10:51.010850,0.0,0.0,0.0
2022-01-26 14:10:51.504420,0.0,0.0,0.0
2022-01-26 14:10:52.008191,0.0,0.0,0.0
2022-01-26 14:10:52.502232,0.0,0.0,0.0
2022-01-26 14:10:53.001051,0.0,0.0,0.0
2022-01-26 14:10:53.506785,0.0,0.0,0.0
2022-01-26 14:10:54.002964,0.0,0.0,0.0
2022-01-26 14:10:54.510365,0.0,0.0,0.0
2022-01-26 14:10:55.005135,0.0,0.0,0.0
2022-01-26 14:10:55.505004,0.0,0.0,0.0
2022-01-26 14:10:56.008246,0.0,0.0,0.0
2022-01-26 14:10:56.507243,0.0,0.0,0.0
2022-01-26 14:10:57.010621,0.0,0.0,0.0
2022-01-26 14:10:57.510620,0.0,0.0,0.0
2022-01-26 14:10:58.002746,0.0,0.0,0.0
2022-01-26 14:10:58.510913,0.0,0.0,0.0
2022-01-26 14:10:59.002774,0.0,0.0,0.0
2022-01-26 14:10:59.510228,0.0,0.0,0.0
2022-01-26 14:11:00.006936,0.0,0.0,0.0
2022-01-26 14:11:00.508902,0.0,0.0,0.0
2022-01-26 14:11:01.005959,0.0,0.0,0.0
2022-01-26 14:11:01.502711,0.0,0.0,0.0
2022-01-26 14:11:02.009507,0.0,0.0,0.0
2022-01-26 14:11:02.503952,0.0,0.0,0.0
2022-01-26 14:11:03.003367,0.0,0.0,0.0
2022-01-26 14:11:03.506203,0.0,0.0,0.0
2022-01-26 14:11:04.009282,0.0,0.0,0.0
2022-01-26 14:11:04.505510,0.0,0.0,0.0
2022-01-26 14:11:05.003748,0.0,0.0,0.0
2022-01-26 14:11:05.506663,0.0,0.0,0.0
2022-01-26 14:11:06.004487,0.0,0.0,0.0
2022-01-26 14:11:06.509790,0.0,0.0,0.0
2022-01-26 14:11:07.007238,0.0,0.0,0.0
2022-01-26 14:11:07.503722,0.0,0.0,0.0
2022-01-26 14:11:08.003206,0.0,0.0,0.0
2022-01-26 14:11:08.508413,0.0,0.0,0.0
2022-01-26 14:11:09.007342,0.0,0.0,0.0
2022-01-26 14:11:09.502779,0.0,0.0,0.0
2022-01-26 14:11:10.008124,0.0,0.0,0.0
2022-01-26 14:11:10.501510,0.0,0.0,0.0
2022-01-26 14:11:11.008131,0.0,0.0,0.0
2022-01-26 14:11:11.503304,0.0,0.0,0.0
2022-01-26 14:11:12.007588,0.0,0.0,0.0
2022-01-26 14:11:12.505873,0.0,0.0,0.0
2022-01-26 14:11:13.004973,0.0,0.0,0.0
2022-01-26 14:11:13.501351,0.0,0.0,0.0
2022-01-26 14:11:14.009058,0.0,0.0,0.0
2022-01-26 14:11:14.502578,0.0,0.0,0.0
2022-01-26 14:11:15.010425,0.0,0.0,0.0
2022-01-26 14:11:15.505979,0.0,0.0,0.0
2022-01-26 14:11:16.004905,0.0,0.0,0.0
2022-01-26 14:11:16.501379,0.0,0.0,0.0
2022-01-26 14:11:17.009842,0.0,0.0,0.0
2022-01-26 14:11:17.502455,0.0,0.0,0.0
2022-01-26 14:11:18.002250,0.0,0.0,0.0
2022-01-26 14:11:18.508986,0.0,0.0,0.0
2022-01-26 14:11:19.005970,0.0,0.0,0.0
2022-01-26 14:11:19.501520,0.0,0.0,0.0
2022-01-26 14:11:20.009410,0.0,0.0,0.0
2022-01-26 14:11:20.505819,0.0,0.0,0.0
2022-01-26 14:11:21.003350,0.0,0.0,0.0
2022-01-26 14:11:21.509017,0.0,0.0,0.0
2022-01-26 14:11:22.006108,0.0,0.0,0.0
2022-01-26 14:11:22.510315,0.0,0.0,0.0
2022-01-26 14:11:23.010172,0.0,0.0,0.0
2022-01-26 14:11:23.504424,0.0,0.0,0.0
2022-01-26 14:11:24.003701,0.0,0.0,0.0
2022-01-26 14:11:24.508256,0.0,0.0,0.0
2022-01-26 14:11:25.007746,0.0,0.0,0.0
2022-01-26 14:11:25.501711,0.0,0.0,0.0
2022-01-26 14:11:26.010698,0.0,0.0,0.0
2022-01-26 14:11:26.505134,0.0,0.0,0.0
2022-01-26 14:11:27.003222,0.0,0.0,0.0
2022-01-26 14:11:27.507221,0.0,0.0,0.0
2022-01-26 14:11:28.004498,0.0,0.0,0.0
2022-01-26 14:11:28.508988,0.0,0.0,0.0
2022-01-26 14:11:29.006807,0.0,0.0,0.0
2022-01-26 14:11:29.503708,0.0,0.0,0.0
2022-01-26 14:11:30.010871,0.0,0.0,0.0
2022-01-26 14:11:30.504730,0.0,0.0,0.0
2022-01-26 14:11:31.002561,0.0,0.0,0.0
2022-01-26 14:11:31.507801,0.0,0.0,0.0
2022-01-26 14:11:32.000983,0.0,0.0,0.0
2022-01-26 14:11:32.505664,0.0,0.0,0.0
2022-01-26 14:11:33.002297,0.0,0.0,0.0
2022-01-26 14:11:33.509367,0.0,0.0,0.0
2022-01-26 14:11:34.007456,0.0,0.0,0.0
2022-01-26 14:11:34.503174,0.0,0.0,0.0
2022-01-26 14:11:35.010917,0.0,0.0,0.0
2022-01-26 14:11:35.504252,0.0,0.0,0.0
2022-01-26 14:11:36.001713,0.0,0.0,0.0
2022-01-26 14:11:36.508798,0.0,0.0,0.0
2022-01-26 14:11:37.006857,0.0,0.0,0.0
2022-01-26 14:11:37.502396,0.0,0.0,0.0
2022-01-26 14:11:38.009883,0.0,0.0,0.0
2022-01-26 14:11:38.504201,0.0,0.0,0.0
2022-01-26 14:11:39.003881,0.0,0.0,0.0
2022-01-26 14:11:39.511040,0.0,0.0,0.0
2022-01-26 14:11:40.009008,0.0,0.0,0.0
2022-01-26 14:11:40.504512,0.0,0.0,0.0
2022-01-26 14:11:41.002130,0.0,0.0,0.0
2022-01-26 14:11:41.509064,0.0,0.0,0.0
2022-01-26 14:11:42.006766,0.0,0.0,0.0
2022-01-26 14:11:42.501986,0.0,0.0,0.0
2022-01-26 14:11:43.010007,0.0,0.0,0.0
2022-01-26 14:11:43.505609,0.0,0.0,0.0
2022-01-26 14:11:44.003498,0.0,0.0,0.0
2022-01-26 14:11:44.509200,0.0,0.0,0.0
2022-01-26 14:11:45.007082,0.0,0.0,0.0
2022-01-26 14:11:45.503303,0.0,0.0,0.0
2022-01-26 14:11:46.002170,0.0,0.0,0.0
2022-01-26 14:11:46.507590,0.0,0.0,0.0
2022-01-26 14:11:47.005713,0.0,0.0,0.0
2022-01-26 14:11:47.501104,0.0,0.0,0.0
2022-01-26 14:11:48.010400,0.0,0.0,0.0
2022-01-26 14:11:48.508095,0.0,0.0,0.0
2022-01-26 14:11:49.005947,0.0,0.0,0.0
2022-01-26 14:11:49.510863,0.0,0.0,0.0
2022-01-26 14:11:50.008976,0.0,0.0,0.0
2022-01-26 14:11:50.505132,0.0,0.0,0.0
2022-01-26 14:11:51.002364,0.0,0.0,0.0
2022-01-26 14:11:51.507332,0.0,0.0,0.0
2022-01-26 14:11:52.005738,0.0,0.0,0.0
2022-01-26 14:11:52.502856,0.0,0.0,0.0
2022-01-26 14:11:53.001287,0.0,0.0,0.0
2022-01-26 14:11:53.504927,0.0,0.0,0.0
2022-01-26 14:11:54.002585,0.0,0.0,0.0
2022-01-26 14:11:54.507323,0.0,0.0,0.0
2022-01-26 14:11:55.005142,0.0,0.0,0.0
2022-01-26 14:11:55.509412,0.0,0.0,0.0
2022-01-26 14:11:56.007431,0.0,0.0,0.0
2022-01-26 14:11:56.502667,0.0,0.0,0.0
2022-01-26 14:11:57.001266,0.0,0.0,0.0
2022-01-26 14:11:57.506050,0.0,0.0,0.0
2022-01-26 14:11:58.006773,0.0,0.0,0.0
2022-01-26 14:11:58.510229,0.0,0.0,0.0
2022-01-26 14:11:59.007724,0.0,0.0,0.0
2022-01-26 14:11:59.503247,0.0,0.0,0.0
2022-01-26 14:12:00.001936,0.0,0.0,0.0
2022-01-26 14:12:00.510482,0.0,0.0,0.0
2022-01-26 14:12:01.009138,0.0,0.0,0.0
2022-01-26 14:12:01.502590,0.0,0.0,0.0
2022-01-26 14:12:02.010461,0.0,0.0,0.0
2022-01-26 14:12:02.504405,0.0,0.0,0.0
2022-01-26 14:12:03.002367,0.0,0.0,0.0
2022-01-26 14:12:03.507707,0.0,0.0,0.0
2022-01-26 14:12:04.003574,0.0,0.0,0.0
2022-01-26 14:12:04.510193,0.0,0.0,0.0
2022-01-26 14:12:05.007946,0.0,0.0,0.0
2022-01-26 14:12:05.504527,0.0,0.0,0.0
2022-01-26 14:12:06.005785,0.0,0.0,0.0
2022-01-26 14:12:06.501082,0.0,0.0,0.0
2022-01-26 14:12:07.008995,0.0,0.0,0.0
2022-01-26 14:12:07.503623,0.0,0.0,0.0
2022-01-26 14:12:08.000996,0.0,0.0,0.0
2022-01-26 14:12:08.506868,0.0,0.0,0.0
2022-01-26 14:12:09.004086,0.0,0.0,0.0
2022-01-26 14:12:09.510833,0.0,0.0,0.0
2022-01-26 14:12:10.010997,0.0,0.0,0.0
2022-01-26 14:12:10.507076,0.0,0.0,0.0
2022-01-26 14:12:11.006664,0.0,0.0,0.0
2022-01-26 14:12:11.509931,0.0,0.0,0.0
2022-01-26 14:12:12.009195,0.0,0.0,0.0
2022-01-26 14:12:12.505111,0.0,0.0,0.0
2022-01-26 14:12:13.003162,0.0,0.0,0.0
2022-01-26 14:12:13.508207,0.0,0.0,0.0
2022-01-26 14:12:14.005722,0.0,0.0,0.0
2022-01-26 14:12:14.502157,0.0,0.0,0.0
2022-01-26 14:12:15.009448,0.0,0.0,0.0
2022-01-26 14:12:15.503526,0.0,0.0,0.0
2022-01-26 14:12:16.003529,0.0,0.0,0.0
2022-01-26 14:12:16.509041,0.0,0.0,0.0
2022-01-26 14:12:17.007539,0.0,0.0,0.0
2022-01-26 14:12:17.503168,0.0,0.0,0.0
2022-01-26 14:12:18.001761,0.0,0.0,0.0
2022-01-26 14:12:18.500678,0.0,0.0,0.0
2022-01-26 14:12:19.008323,0.0,0.0,0.0
2022-01-26 14:12:19.502606,0.0,0.0,0.0
2022-01-26 14:12:20.009248,0.0,0.0,0.0
2022-01-26 14:12:20.503357,0.0,0.0,0.0
2022-01-26 14:12:21.010617,0.0,0.0,0.0
2022-01-26 14:12:21.501270,0.0,0.0,0.0
2022-01-26 14:12:22.009661,0.0,0.0,0.0
2022-01-26 14:12:22.503163,0.0,0.0,0.0
2022-01-26 14:12:23.001704,0.0,0.0,0.0
2022-01-26 14:12:23.506663,0.0,0.0,0.0
2022-01-26 14:12:24.003357,0.0,0.0,0.0
2022-01-26 14:12:24.509070,0.0,0.0,0.0
2022-01-26 14:12:25.010447,0.0,0.0,0.0
2022-01-26 14:12:25.505762,0.0,0.0,0.0
2022-01-26 14:12:26.003764,0.0,0.0,0.0
2022-01-26 14:12:26.508239,0.0,0.0,0.0
2022-01-26 14:12:27.005771,0.0,0.0,0.0
2022-01-26 14:12:27.502705,0.0,0.0,0.0
2022-01-26 14:12:28.001025,0.0,0.0,0.0
2022-01-26 14:12:28.508998,0.0,0.0,0.0
2022-01-26 14:12:29.006324,0.0,0.0,0.0
2022-01-26 14:12:29.502968,0.0,0.0,0.0
2022-01-26 14:12:30.009568,0.0,0.0,0.0
2022-01-26 14:12:30.504377,0.0,0.0,0.0
2022-01-26 14:12:31.002048,0.0,0.0,0.0
2022-01-26 14:12:31.506051,0.0,0.0,0.0
2022-01-26 14:12:32.005456,0.0,0.0,0.0
2022-01-26 14:12:32.510981,0.0,0.0,0.0
2022-01-26 14:12:33.007729,0.0,0.0,0.0
2022-01-26 14:12:33.502898,0.0,0.0,0.0
2022-01-26 14:12:34.002438,0.0,0.0,0.0
2022-01-26 14:12:34.506750,0.0,0.0,0.0
2022-01-26 14:12:35.005524,0.0,0.0,0.0
2022-01-26 14:12:35.501458,0.0,0.0,0.0
2022-01-26 14:12:36.505690,0.0,0.0,0.0
2022-01-26 14:12:37.003329,0.0,0.0,0.0
2022-01-26 14:12:37.510695,0.0,0.0,0.0
2022-01-26 14:12:38.009054,0.0,0.0,0.0
2022-01-26 14:12:38.504565,0.0,0.0,0.0
2022-01-26 14:12:39.002670,0.0,0.0,0.0
2022-01-26 14:12:39.508338,0.0,0.0,0.0
2022-01-26 14:12:40.005235,0.0,0.0,0.0
2022-01-26 14:12:40.503086,0.0,0.0,0.0
2022-01-26 14:12:41.010124,0.0,0.0,0.0
2022-01-26 14:12:41.503777,0.0,0.0,0.0
2022-01-26 14:12:42.003829,0.0,0.0,0.0
2022-01-26 14:12:42.508852,0.0,0.0,0.0
2022-01-26 14:12:43.005722,0.0,0.0,0.0
2022-01-26 14:12:43.500961,0.0,0.0,0.0
2022-01-26 14:12:44.002732,0.0,0.0,0.0
2022-01-26 14:12:44.510850,0.0,0.0,0.0
2022-01-26 14:12:45.011146,0.0,0.0,0.0
2022-01-26 14:12:45.507005,0.0,0.0,0.0
2022-01-26 14:12:46.004576,0.0,0.0,0.0
2022-01-26 14:12:46.510418,0.0,0.0,0.0
2022-01-26 14:12:47.010741,0.0,0.0,0.0
2022-01-26 14:12:47.504443,0.0,0.0,0.0
2022-01-26 14:12:48.000954,0.0,0.0,0.0
2022-01-26 14:12:48.506526,0.0,0.0,0.0
2022-01-26 14:12:49.005112,0.0,0.0,0.0
2022-01-26 14:12:49.510642,0.0,0.0,0.0
2022-01-26 14:12:50.008515,0.0,0.0,0.0
2022-01-26 14:12:50.503681,0.0,0.0,0.0
2022-01-26 14:12:51.002052,0.0,0.0,0.0
2022-01-26 14:12:51.506430,0.0,0.0,0.0
2022-01-26 14:12:52.005236,0.0,0.0,0.0
2022-01-26 14:12:52.510178,0.0,0.0,0.0
2022-01-26 14:12:53.007006,0.0,0.0,0.0
2022-01-26 14:12:53.502413,0.0,0.0,0.0
2022-01-26 14:12:54.009118,0.0,0.0,0.0
2022-01-26 14:12:54.504014,0.0,0.0,0.0
2022-01-26 14:12:55.002434,0.0,0.0,0.0
2022-01-26 14:12:55.508946,0.0,0.0,0.0
2022-01-26 14:12:56.006346,0.0,0.0,0.0
2022-01-26 14:12:56.501679,0.0,0.0,0.0
2022-01-26 14:12:57.010282,0.0,0.0,0.0
2022-01-26 14:12:57.504861,0.0,0.0,0.0
2022-01-26 14:12:58.003906,0.0,0.0,0.0
2022-01-26 14:12:58.507485,0.0,0.0,0.0
2022-01-26 14:12:59.006140,0.0,0.0,0.0
2022-01-26 14:12:59.502723,0.0,0.0,0.0
2022-01-26 14:13:00.001665,0.0,0.0,0.0
2022-01-26 14:13:00.505222,0.0,0.0,0.0
2022-01-26 14:13:01.003421,0.0,0.0,0.0
2022-01-26 14:13:01.508403,0.0,0.0,0.0
2022-01-26 14:13:02.008070,0.0,0.0,0.0
2022-01-26 14:13:02.501548,0.0,0.0,0.0
2022-01-26 14:13:03.009877,0.0,0.0,0.0
2022-01-26 14:13:03.504823,0.0,0.0,0.0
2022-01-26 14:13:04.002219,0.0,0.0,0.0
2022-01-26 14:13:04.508439,0.0,0.0,0.0
2022-01-26 14:13:05.006591,0.0,0.0,0.0
2022-01-26 14:13:05.501921,0.0,0.0,0.0
2022-01-26 14:13:06.009743,0.0,0.0,0.0
2022-01-26 14:13:06.503789,0.0,0.0,0.0
2022-01-26 14:13:07.001202,0.0,0.0,0.0
2022-01-26 14:13:07.505825,0.0,0.0,0.0
2022-01-26 14:13:08.005307,0.0,0.0,0.0
2022-01-26 14:13:08.510783,0.0,0.0,0.0
2022-01-26 14:13:09.007856,0.0,0.0,0.0
2022-01-26 14:13:09.503312,0.0,0.0,0.0
2022-01-26 14:13:10.001228,0.0,0.0,0.0
2022-01-26 14:13:10.505664,0.0,0.0,0.0
2022-01-26 14:13:11.003055,0.0,0.0,0.0
2022-01-26 14:13:11.506210,0.0,0.0,0.0
2022-01-26 14:13:12.003866,0.0,0.0,0.0
2022-01-26 14:13:12.509398,0.0,0.0,0.0
2022-01-26 14:13:13.007989,0.0,0.0,0.0
2022-01-26 14:13:13.502731,0.0,0.0,0.0
2022-01-26 14:13:14.008987,0.0,0.0,0.0
2022-01-26 14:13:14.504973,0.0,0.0,0.0
2022-01-26 14:13:15.003323,0.0,0.0,0.0
2022-01-26 14:13:15.507965,0.0,0.0,0.0
2022-01-26 14:13:16.005730,0.0,0.0,0.0
2022-01-26 14:13:16.509887,0.0,0.0,0.0
2022-01-26 14:13:17.006757,0.0,0.0,0.0
2022-01-26 14:13:17.505134,0.0,0.0,0.0
2022-01-26 14:13:18.003209,0.0,0.0,0.0
2022-01-26 14:13:18.506958,0.0,0.0,0.0
2022-01-26 14:13:19.006717,0.0,0.0,0.0
2022-01-26 14:13:19.510900,0.0,0.0,0.0
2022-01-26 14:13:20.008135,0.0,0.0,0.0
2022-01-26 14:13:20.503142,0.0,0.0,0.0
2022-01-26 14:13:21.010848,0.0,0.0,0.0
2022-01-26 14:13:21.504829,0.0,0.0,0.0
2022-01-26 14:13:22.005881,0.0,0.0,0.0
2022-01-26 14:13:22.501303,0.0,0.0,0.0
2022-01-26 14:13:23.010969,0.0,0.0,0.0
2022-01-26 14:13:23.507227,0.0,0.0,0.0
2022-01-26 14:13:24.004593,0.0,0.0,0.0
2022-01-26 14:13:24.500688,0.0,0.0,0.0
2022-01-26 14:13:25.008213,0.0,0.0,0.0
2022-01-26 14:13:25.502298,0.0,0.0,0.0
2022-01-26 14:13:26.001548,0.0,0.0,0.0
2022-01-26 14:13:26.507977,0.0,0.0,0.0
2022-01-26 14:13:27.006689,0.0,0.0,0.0
2022-01-26 14:13:27.501288,0.0,0.0,0.0
2022-01-26 14:13:28.008224,0.0,0.0,0.0
2022-01-26 14:13:28.502520,0.0,0.0,0.0
2022-01-26 14:13:29.504988,0.0,0.0,0.0
2022-01-26 14:13:30.002300,0.0,0.0,0.0
2022-01-26 14:13:30.507261,0.0,0.0,0.0
2022-01-26 14:13:31.005515,0.0,0.0,0.0
2022-01-26 14:13:31.501766,0.0,0.0,0.0
2022-01-26 14:13:32.010503,0.0,0.0,0.0
2022-01-26 14:13:32.504462,0.0,0.0,0.0
2022-01-26 14:13:33.002072,0.0,0.0,0.0
2022-01-26 14:13:33.507615,0.0,0.0,0.0
2022-01-26 14:13:34.006352,0.0,0.0,0.0
2022-01-26 14:13:34.501922,0.0,0.0,0.0
2022-01-26 14:13:35.002090,0.0,0.0,0.0
2022-01-26 14:13:35.510480,0.0,0.0,0.0
2022-01-26 14:13:36.004379,0.0,0.0,0.0
2022-01-26 14:13:36.509038,0.0,0.0,0.0
2022-01-26 14:13:37.008756,0.0,0.0,0.0
2022-01-26 14:13:37.503290,0.0,0.0,0.0
2022-01-26 14:13:38.009646,0.0,0.0,0.0
2022-01-26 14:13:38.503106,0.0,0.0,0.0
2022-01-26 14:13:39.010360,0.0,0.0,0.0
2022-01-26 14:13:39.505851,0.0,0.0,0.0
2022-01-26 14:13:40.004400,0.0,0.0,0.0
2022-01-26 14:13:40.509070,0.0,0.0,0.0
2022-01-26 14:13:41.006027,0.0,0.0,0.0
2022-01-26 14:13:41.510297,0.0,0.0,0.0
2022-01-26 14:13:42.008542,0.0,0.0,0.0
2022-01-26 14:13:42.502866,0.0,0.0,0.0
2022-01-26 14:13:43.010679,0.0,0.0,0.0
2022-01-26 14:13:43.504885,0.0,0.0,0.0
2022-01-26 14:13:44.003108,0.0,0.0,0.0
2022-01-26 14:13:44.510347,0.0,0.0,0.0
2022-01-26 14:13:45.007291,0.0,0.0,0.0
2022-01-26 14:13:45.502702,0.0,0.0,0.0
2022-01-26 14:13:46.001398,0.0,0.0,0.0
2022-01-26 14:13:46.507324,0.0,0.0,0.0
2022-01-26 14:13:47.005006,0.0,0.0,0.0
2022-01-26 14:13:47.511116,0.0,0.0,0.0
2022-01-26 14:13:48.008934,0.0,0.0,0.0
2022-01-26 14:13:48.503458,0.0,0.0,0.0
2022-01-26 14:13:49.001433,0.0,0.0,0.0
2022-01-26 14:13:49.505792,0.0,0.0,0.0
2022-01-26 14:13:50.003140,0.0,0.0,0.0
2022-01-26 14:13:50.509061,0.0,0.0,0.0
2022-01-26 14:13:51.006163,0.0,0.0,0.0
2022-01-26 14:13:51.500984,0.0,0.0,0.0
2022-01-26 14:13:52.009956,0.0,0.0,0.0
2022-01-26 14:13:52.504213,0.0,0.0,0.0
2022-01-26 14:13:53.002228,0.0,0.0,0.0
2022-01-26 14:13:53.505757,0.0,0.0,0.0
2022-01-26 14:13:54.001781,0.0,0.0,0.0
2022-01-26 14:13:54.508892,0.0,0.0,0.0
2022-01-26 14:13:55.006010,0.0,0.0,0.0
2022-01-26 14:13:55.502558,0.0,0.0,0.0
2022-01-26 14:13:56.010308,0.0,0.0,0.0
2022-01-26 14:13:56.503900,0.0,0.0,0.0
2022-01-26 14:13:57.002139,0.0,0.0,0.0
2022-01-26 14:13:57.506310,0.0,0.0,0.0
2022-01-26 14:13:58.005800,0.0,0.0,0.0
2022-01-26 14:13:58.510252,0.0,0.0,0.0
2022-01-26 14:13:59.007436,0.0,0.0,0.0
2022-01-26 14:13:59.503859,0.0,0.0,0.0
2022-01-26 14:14:00.503320,0.0,0.0,0.0
2022-01-26 14:14:01.001063,0.0,0.0,0.0
2022-01-26 14:14:01.502816,0.0,0.0,0.0
2022-01-26 14:14:02.010342,0.0,0.0,0.0
2022-01-26 14:14:02.505720,0.0,0.0,0.0
2022-01-26 14:14:03.005105,0.0,0.0,0.0
2022-01-26 14:14:03.501034,0.0,0.0,0.0
2022-01-26 14:14:04.009825,0.0,0.0,0.0
2022-01-26 14:14:04.505444,0.0,0.0,0.0
2022-01-26 14:14:05.005007,0.0,0.0,0.0
2022-01-26 14:14:05.509643,0.0,0.0,0.0
2022-01-26 14:14:06.005243,0.0,0.0,0.0
2022-01-26 14:14:06.500587,0.0,0.0,0.0
2022-01-26 14:14:07.006789,0.0,0.0,0.0
2022-01-26 14:14:07.502646,0.0,0.0,0.0
2022-01-26 14:14:08.010342,0.0,0.0,0.0
2022-01-26 14:14:08.505806,0.0,0.0,0.0
2022-01-26 14:14:09.002818,0.0,0.0,0.0
2022-01-26 14:14:09.508845,0.0,0.0,0.0
2022-01-26 14:14:10.008003,0.0,0.0,0.0
2022-01-26 14:14:10.502384,0.0,0.0,0.0
2022-01-26 14:14:11.006824,0.0,0.0,0.0
2022-01-26 14:14:11.502459,0.0,0.0,0.0
2022-01-26 14:14:12.003464,0.0,0.0,0.0
2022-01-26 14:14:12.507648,0.0,0.0,0.0
2022-01-26 14:14:13.004673,0.0,0.0,0.0
2022-01-26 14:14:13.504501,0.0,0.0,0.0
2022-01-26 14:14:14.002681,0.0,0.0,0.0
2022-01-26 14:14:14.507776,0.0,0.0,0.0
2022-01-26 14:14:15.006165,0.0,0.0,0.0
2022-01-26 14:14:15.510477,0.0,0.0,0.0
2022-01-26 14:14:16.006485,0.0,0.0,0.0
2022-01-26 14:14:16.502642,0.0,0.0,0.0
2022-01-26 14:14:17.010856,0.0,0.0,0.0
2022-01-26 14:14:17.506692,0.0,0.0,0.0
2022-01-26 14:14:18.003228,0.0,0.0,0.0
2022-01-26 14:14:18.509370,0.0,0.0,0.0
2022-01-26 14:14:19.007833,0.0,0.0,0.0
2022-01-26 14:14:19.502443,0.0,0.0,0.0
2022-01-26 14:14:20.009842,0.0,0.0,0.0
2022-01-26 14:14:20.505710,0.0,0.0,0.0
2022-01-26 14:14:21.003294,0.0,0.0,0.0
2022-01-26 14:14:21.507055,0.0,0.0,0.0
2022-01-26 14:14:22.004547,0.0,0.0,0.0
2022-01-26 14:14:22.507743,0.0,0.0,0.0
2022-01-26 14:14:23.004714,0.0,0.0,0.0
2022-01-26 14:14:23.500998,0.0,0.0,0.0
2022-01-26 14:14:24.010349,0.0,0.0,0.0
2022-01-26 14:14:24.506462,0.0,0.0,0.0
2022-01-26 14:14:25.004696,0.0,0.0,0.0
2022-01-26 14:14:25.502379,0.0,0.0,0.0
2022-01-26 14:14:26.010108,0.0,0.0,0.0
2022-01-26 14:14:26.504450,0.0,0.0,0.0
2022-01-26 14:14:27.002119,0.0,0.0,0.0
2022-01-26 14:14:27.506689,0.0,0.0,0.0
2022-01-26 14:14:28.007406,0.0,0.0,0.0
2022-01-26 14:14:28.501678,0.0,0.0,0.0
2022-01-26 14:14:29.010353,0.0,0.0,0.0
2022-01-26 14:14:29.505551,0.0,0.0,0.0
2022-01-26 14:14:30.002685,0.0,0.0,0.0
2022-01-26 14:14:30.508597,0.0,0.0,0.0
2022-01-26 14:14:31.005882,0.0,0.0,0.0
2022-01-26 14:14:31.501116,0.0,0.0,0.0
2022-01-26 14:14:32.009696,0.0,0.0,0.0
2022-01-26 14:14:32.504553,0.0,0.0,0.0
2022-01-26 14:14:33.010985,0.0,0.0,0.0
2022-01-26 14:14:33.505878,0.0,0.0,0.0
2022-01-26 14:14:34.003272,0.0,0.0,0.0
2022-01-26 14:14:34.500988,0.0,0.0,0.0
2022-01-26 14:14:35.007964,0.0,0.0,0.0
2022-01-26 14:14:35.503361,0.0,0.0,0.0
2022-01-26 14:14:36.001694,0.0,0.0,0.0
2022-01-26 14:14:36.505026,0.0,0.0,0.0
2022-01-26 14:14:37.004017,0.0,0.0,0.0
2022-01-26 14:14:37.509834,0.0,0.0,0.0
2022-01-26 14:14:38.006085,0.0,0.0,0.0
2022-01-26 14:14:38.502201,0.0,0.0,0.0
2022-01-26 14:14:39.010668,0.0,0.0,0.0
2022-01-26 14:14:39.505029,0.0,0.0,0.0
2022-01-26 14:14:40.009315,0.0,0.0,0.0
2022-01-26 14:14:40.508524,0.0,0.0,0.0
2022-01-26 14:14:41.006753,0.0,0.0,0.0
2022-01-26 14:14:41.502119,0.0,0.0,0.0
2022-01-26 14:14:42.009406,0.0,0.0,0.0
2022-01-26 14:14:42.503411,0.0,0.0,0.0
2022-01-26 14:14:43.000931,0.0,0.0,0.0
2022-01-26 14:14:43.507642,0.0,0.0,0.0
2022-01-26 14:14:44.005536,0.0,0.0,0.0
2022-01-26 14:14:44.510773,0.0,0.0,0.0
2022-01-26 14:14:45.009120,0.0,0.0,0.0
2022-01-26 14:14:45.504851,0.0,0.0,0.0
2022-01-26 14:14:46.003444,0.0,0.0,0.0
2022-01-26 14:14:46.508741,0.0,0.0,0.0
2022-01-26 14:14:47.007103,0.0,0.0,0.0
2022-01-26 14:14:47.503157,0.0,0.0,0.0
2022-01-26 14:14:48.002355,0.0,0.0,0.0
2022-01-26 14:14:48.506302,0.0,0.0,0.0
2022-01-26 14:14:49.003622,0.0,0.0,0.0
2022-01-26 14:14:49.509956,0.0,0.0,0.0
2022-01-26 14:14:50.007310,0.0,0.0,0.0
2022-01-26 14:14:50.502175,0.0,0.0,0.0
2022-01-26 14:14:51.009408,0.0,0.0,0.0
2022-01-26 14:14:51.504651,0.0,0.0,0.0
2022-01-26 14:14:52.002885,0.0,0.0,0.0
2022-01-26 14:14:52.510300,0.0,0.0,0.0
2022-01-26 14:14:53.008252,0.0,0.0,0.0
2022-01-26 14:14:53.502284,0.0,0.0,0.0
2022-01-26 14:14:54.009937,0.0,0.0,0.0
2022-01-26 14:14:54.505919,0.0,0.0,0.0
2022-01-26 14:14:55.004984,0.0,0.0,0.0
2022-01-26 14:14:55.509559,0.0,0.0,0.0
2022-01-26 14:14:56.006862,0.0,0.0,0.0
2022-01-26 14:14:56.502275,0.0,0.0,0.0
2022-01-26 14:14:57.003007,0.0,0.0,0.0
2022-01-26 14:14:57.507654,0.0,0.0,0.0
2022-01-26 14:14:58.007449,0.0,0.0,0.0
2022-01-26 14:14:58.502996,0.0,0.0,0.0
2022-01-26 14:14:59.010474,0.0,0.0,0.0
2022-01-26 14:14:59.504603,0.0,0.0,0.0
2022-01-26 14:15:00.005124,0.0,0.0,0.0
2022-01-26 14:15:00.501043,0.0,0.0,0.0
2022-01-26 14:15:01.001124,0.0,0.0,0.0
2022-01-26 14:15:01.505743,0.0,0.0,0.0
2022-01-26 14:15:02.003601,0.0,0.0,0.0
2022-01-26 14:15:02.508363,0.0,0.0,0.0
2022-01-26 14:15:03.006050,0.0,0.0,0.0
2022-01-26 14:15:03.509648,0.0,0.0,0.0
2022-01-26 14:15:04.007060,0.0,0.0,0.0
2022-01-26 14:15:04.503419,0.0,0.0,0.0
2022-01-26 14:15:05.010734,0.0,0.0,0.0
2022-01-26 14:15:05.506269,0.0,0.0,0.0
2022-01-26 14:15:06.005468,0.0,0.0,0.0
2022-01-26 14:15:06.510723,0.0,0.0,0.0
2022-01-26 14:15:07.008076,0.0,0.0,0.0
2022-01-26 14:15:07.502532,0.0,0.0,0.0
2022-01-26 14:15:08.009233,0.0,0.0,0.0
2022-01-26 14:15:08.503663,0.0,0.0,0.0
2022-01-26 14:15:09.002489,0.0,0.0,0.0
2022-01-26 14:15:09.509086,0.0,0.0,0.0
2022-01-26 14:15:10.007476,0.0,0.0,0.0
2022-01-26 14:15:10.502440,0.0,0.0,0.0
2022-01-26 14:15:11.009704,0.0,0.0,0.0
2022-01-26 14:15:11.503725,0.0,0.0,0.0
2022-01-26 14:15:12.002746,0.0,0.0,0.0
2022-01-26 14:15:12.508390,0.0,0.0,0.0
2022-01-26 14:15:13.006559,0.0,0.0,0.0
2022-01-26 14:15:13.510829,0.0,0.0,0.0
2022-01-26 14:15:14.007851,0.0,0.0,0.0
2022-01-26 14:15:14.503734,0.0,0.0,0.0
2022-01-26 14:15:15.001062,0.0,0.0,0.0
2022-01-26 14:15:15.506083,0.0,0.0,0.0
2022-01-26 14:15:16.003886,0.0,0.0,0.0
2022-01-26 14:15:16.508141,0.0,0.0,0.0
2022-01-26 14:15:17.006091,0.0,0.0,0.0
2022-01-26 14:15:17.510267,0.0,0.0,0.0
2022-01-26 14:15:18.007311,0.0,0.0,0.0
2022-01-26 14:15:18.510945,0.0,0.0,0.0
2022-01-26 14:15:19.009825,0.0,0.0,0.0
2022-01-26 14:15:19.502961,0.0,0.0,0.0
2022-01-26 14:15:20.009357,0.0,0.0,0.0
2022-01-26 14:15:20.502641,0.0,0.0,0.0
2022-01-26 14:15:21.009681,0.0,0.0,0.0
2022-01-26 14:15:21.503868,0.0,0.0,0.0
2022-01-26 14:15:22.002788,0.0,0.0,0.0
2022-01-26 14:15:22.509004,0.0,0.0,0.0
2022-01-26 14:15:23.008026,0.0,0.0,0.0
2022-01-26 14:15:23.503233,0.0,0.0,0.0
2022-01-26 14:15:24.010778,0.0,0.0,0.0
2022-01-26 14:15:24.506413,0.0,0.0,0.0
2022-01-26 14:15:25.003192,0.0,0.0,0.0
2022-01-26 14:15:25.509039,0.0,0.0,0.0
2022-01-26 14:15:26.008380,0.0,0.0,0.0
2022-01-26 14:15:26.503781,0.0,0.0,0.0
2022-01-26 14:15:27.002605,0.0,0.0,0.0
2022-01-26 14:15:27.509046,0.0,0.0,0.0
2022-01-26 14:15:28.008616,0.0,0.0,0.0
2022-01-26 14:15:28.502715,0.0,0.0,0.0
2022-01-26 14:15:29.010712,0.0,0.0,0.0
2022-01-26 14:15:29.506395,0.0,0.0,0.0
2022-01-26 14:15:30.004179,0.0,0.0,0.0
2022-01-26 14:15:30.509268,0.0,0.0,0.0
2022-01-26 14:15:31.008185,0.0,0.0,0.0
2022-01-26 14:15:31.503455,0.0,0.0,0.0
2022-01-26 14:15:32.002880,0.0,0.0,0.0
2022-01-26 14:15:32.509175,0.0,0.0,0.0
2022-01-26 14:15:33.006700,0.0,0.0,0.0
2022-01-26 14:15:33.502822,0.0,0.0,0.0
2022-01-26 14:15:34.001935,0.0,0.0,0.0
2022-01-26 14:15:34.505723,0.0,0.0,0.0
2022-01-26 14:15:35.002213,0.0,0.0,0.0
2022-01-26 14:15:35.506266,0.0,0.0,0.0
2022-01-26 14:15:36.003261,0.0,0.0,0.0
2022-01-26 14:15:36.509875,0.0,0.0,0.0
2022-01-26 14:15:37.006341,0.0,0.0,0.0
2022-01-26 14:15:37.502858,0.0,0.0,0.0
2022-01-26 14:15:38.010518,0.0,0.0,0.0
2022-01-26 14:15:38.505129,0.0,0.0,0.0
2022-01-26 14:15:39.002275,0.0,0.0,0.0
2022-01-26 14:15:39.507746,0.0,0.0,0.0
2022-01-26 14:15:40.003890,0.0,0.0,0.0
2022-01-26 14:15:40.508218,0.0,0.0,0.0
2022-01-26 14:15:41.006388,0.0,0.0,0.0
2022-01-26 14:15:41.511026,0.0,0.0,0.0
2022-01-26 14:15:42.009048,0.0,0.0,0.0
2022-01-26 14:15:42.503586,0.0,0.0,0.0
2022-01-26 14:15:43.001279,0.0,0.0,0.0
2022-01-26 14:15:43.506407,0.0,0.0,0.0
2022-01-26 14:15:44.003727,0.0,0.0,0.0
2022-01-26 14:15:44.509731,0.0,0.0,0.0
2022-01-26 14:15:45.007303,0.0,0.0,0.0
2022-01-26 14:15:45.503556,0.0,0.0,0.0
2022-01-26 14:15:46.002482,0.0,0.0,0.0
2022-01-26 14:15:46.508775,0.0,0.0,0.0
2022-01-26 14:15:47.005508,0.0,0.0,0.0
2022-01-26 14:15:47.510470,0.0,0.0,0.0
2022-01-26 14:15:48.007168,0.0,0.0,0.0
2022-01-26 14:15:48.502037,0.0,0.0,0.0
2022-01-26 14:15:49.001943,0.0,0.0,0.0
2022-01-26 14:15:49.507416,0.0,0.0,0.0
2022-01-26 14:15:50.007285,0.0,0.0,0.0
2022-01-26 14:15:50.502839,0.0,0.0,0.0
2022-01-26 14:15:51.001738,0.0,0.0,0.0
2022-01-26 14:15:51.506544,0.0,0.0,0.0
2022-01-26 14:15:52.004117,0.0,0.0,0.0
2022-01-26 14:15:53.005881,0.0,0.0,0.0
2022-01-26 14:15:53.501067,0.0,0.0,0.0
2022-01-26 14:15:54.009050,0.0,0.0,0.0
2022-01-26 14:15:54.505005,0.0,0.0,0.0
2022-01-26 14:15:55.005974,0.0,0.0,0.0
2022-01-26 14:15:55.501371,0.0,0.0,0.0
2022-01-26 14:15:56.008525,0.0,0.0,0.0
2022-01-26 14:15:56.503036,0.0,0.0,0.0
2022-01-26 14:15:57.011105,0.0,0.0,0.0
2022-01-26 14:15:57.505567,0.0,0.0,0.0
2022-01-26 14:15:58.002735,0.0,0.0,0.0
2022-01-26 14:15:58.508006,0.0,0.0,0.0
2022-01-26 14:15:59.007390,0.0,0.0,0.0
2022-01-26 14:15:59.503725,0.0,0.0,0.0
2022-01-26 14:16:00.002878,0.0,0.0,0.0
2022-01-26 14:16:00.506418,0.0,0.0,0.0
2022-01-26 14:16:01.004684,0.0,0.0,0.0
2022-01-26 14:16:01.510000,0.0,0.0,0.0
2022-01-26 14:16:02.008126,0.0,0.0,0.0
2022-01-26 14:16:02.502313,0.0,0.0,0.0
2022-01-26 14:16:03.010497,0.0,0.0,0.0
2022-01-26 14:16:03.508089,0.0,0.0,0.0
2022-01-26 14:16:04.007053,0.0,0.0,0.0
2022-01-26 14:16:04.502226,0.0,0.0,0.0
2022-01-26 14:16:05.009182,0.0,0.0,0.0
2022-01-26 14:16:05.507791,0.0,0.0,0.0
2022-01-26 14:16:06.004501,0.0,0.0,0.0
2022-01-26 14:16:06.509400,0.0,0.0,0.0
2022-01-26 14:16:07.007669,0.0,0.0,0.0
2022-01-26 14:16:07.505479,0.0,0.0,0.0
2022-01-26 14:16:08.002674,0.0,0.0,0.0
2022-01-26 14:16:08.506800,0.0,0.0,0.0
2022-01-26 14:16:09.004308,0.0,0.0,0.0
2022-01-26 14:16:09.509815,0.0,0.0,0.0
2022-01-26 14:16:10.007557,0.0,0.0,0.0
2022-01-26 14:16:10.501171,0.0,0.0,0.0
2022-01-26 14:16:11.006549,0.0,0.0,0.0
2022-01-26 14:16:11.501703,0.0,0.0,0.0
2022-01-26 14:16:12.008834,0.0,0.0,0.0
2022-01-26 14:16:12.503180,0.0,0.0,0.0
2022-01-26 14:16:13.001370,0.0,0.0,0.0
2022-01-26 14:16:13.506784,0.0,0.0,0.0
2022-01-26 14:16:14.003301,0.0,0.0,0.0
2022-01-26 14:16:14.509615,0.0,0.0,0.0
2022-01-26 14:16:15.007446,0.0,0.0,0.0
2022-01-26 14:16:15.502938,0.0,0.0,0.0
2022-01-26 14:16:16.010554,0.0,0.0,0.0
2022-01-26 14:16:16.506566,0.0,0.0,0.0
2022-01-26 14:16:17.005382,0.0,0.0,0.0
2022-01-26 14:16:17.510648,0.0,0.0,0.0
2022-01-26 14:16:18.009675,0.0,0.0,0.0
2022-01-26 14:16:18.505397,0.0,0.0,0.0
2022-01-26 14:16:19.003380,0.0,0.0,0.0
2022-01-26 14:16:19.501971,0.0,0.0,0.0
2022-01-26 14:16:20.009899,0.0,0.0,0.0
2022-01-26 14:16:20.504169,0.0,0.0,0.0
2022-01-26 14:16:21.001346,0.0,0.0,0.0
2022-01-26 14:16:21.509446,0.0,0.0,0.0
2022-01-26 14:16:22.006376,0.0,0.0,0.0
2022-01-26 14:16:22.510002,0.0,0.0,0.0
2022-01-26 14:16:23.008002,0.0,0.0,0.0
2022-01-26 14:16:23.502700,0.0,0.0,0.0
2022-01-26 14:16:24.008801,0.0,0.0,0.0
2022-01-26 14:16:24.502634,0.0,0.0,0.0
2022-01-26 14:16:25.009955,0.0,0.0,0.0
2022-01-26 14:16:25.505188,0.0,0.0,0.0
2022-01-26 14:16:26.004451,0.0,0.0,0.0
2022-01-26 14:16:26.509119,0.0,0.0,0.0
2022-01-26 14:16:27.006553,0.0,0.0,0.0
2022-01-26 14:16:27.501696,0.0,0.0,0.0
2022-01-26 14:16:28.010242,0.0,0.0,0.0
2022-01-26 14:16:28.503252,0.0,0.0,0.0
2022-01-26 14:16:29.001032,0.0,0.0,0.0
2022-01-26 14:16:29.506249,0.0,0.0,0.0
2022-01-26 14:16:30.003497,0.0,0.0,0.0
2022-01-26 14:16:30.502207,0.0,0.0,0.0
2022-01-26 14:16:31.010131,0.0,0.0,0.0
2022-01-26 14:16:31.506324,0.0,0.0,0.0
2022-01-26 14:16:32.003600,0.0,0.0,0.0
2022-01-26 14:16:32.508822,0.0,0.0,0.0
2022-01-26 14:16:33.005746,0.0,0.0,0.0
2022-01-26 14:16:33.500714,0.0,0.0,0.0
2022-01-26 14:16:34.008188,0.0,0.0,0.0
2022-01-26 14:16:34.503921,0.0,0.0,0.0
2022-01-26 14:16:35.003826,0.0,0.0,0.0
2022-01-26 14:16:35.508488,0.0,0.0,0.0
2022-01-26 14:16:36.006163,0.0,0.0,0.0
2022-01-26 14:16:36.509921,0.0,0.0,0.0
2022-01-26 14:16:37.006721,0.0,0.0,0.0
2022-01-26 14:16:37.501018,0.0,0.0,0.0
2022-01-26 14:16:38.009461,0.0,0.0,0.0
2022-01-26 14:16:38.503162,0.0,0.0,0.0
2022-01-26 14:16:39.002123,0.0,0.0,0.0
2022-01-26 14:16:39.506133,0.0,0.0,0.0
2022-01-26 14:16:40.003711,0.0,0.0,0.0
2022-01-26 14:16:40.509059,0.0,0.0,0.0
2022-01-26 14:16:41.005291,0.0,0.0,0.0
2022-01-26 14:16:41.509551,0.0,0.0,0.0
2022-01-26 14:16:42.009409,0.0,0.0,0.0
2022-01-26 14:16:42.503965,0.0,0.0,0.0
2022-01-26 14:16:43.001846,0.0,0.0,0.0
2022-01-26 14:16:43.509030,0.0,0.0,0.0
2022-01-26 14:16:44.007166,0.0,0.0,0.0
2022-01-26 14:16:44.501105,0.0,0.0,0.0
2022-01-26 14:16:45.008039,0.0,0.0,0.0
2022-01-26 14:16:45.507842,0.0,0.0,0.0
2022-01-26 14:16:46.002964,0.0,0.0,0.0
2022-01-26 14:16:46.507189,0.0,0.0,0.0
2022-01-26 14:16:47.002570,0.0,0.0,0.0
2022-01-26 14:16:47.506405,0.0,0.0,0.0
2022-01-26 14:16:48.002919,0.0,0.0,0.0
2022-01-26 14:16:48.510698,0.0,0.0,0.0
2022-01-26 14:16:49.007882,0.0,0.0,0.0
2022-01-26 14:16:49.502747,0.0,0.0,0.0
2022-01-26 14:16:50.009253,0.0,0.0,0.0
2022-01-26 14:16:50.503304,0.0,0.0,0.0
2022-01-26 14:16:51.010310,0.0,0.0,0.0
2022-01-26 14:16:51.504828,0.0,0.0,0.0
2022-01-26 14:16:52.002320,0.0,0.0,0.0
2022-01-26 14:16:52.506351,0.0,0.0,0.0
2022-01-26 14:16:53.003673,0.0,0.0,0.0
2022-01-26 14:16:53.507215,0.0,0.0,0.0
2022-01-26 14:16:54.004346,0.0,0.0,0.0
2022-01-26 14:16:54.509262,0.0,0.0,0.0
2022-01-26 14:16:55.003947,0.0,0.0,0.0
2022-01-26 14:16:55.510060,0.0,0.0,0.0
2022-01-26 14:16:56.008009,0.0,0.0,0.0
2022-01-26 14:16:56.502062,0.0,0.0,0.0
2022-01-26 14:16:57.009252,0.0,0.0,0.0
2022-01-26 14:16:57.504878,0.0,0.0,0.0
2022-01-26 14:16:58.003839,0.0,0.0,0.0
2022-01-26 14:16:58.509390,0.0,0.0,0.0
2022-01-26 14:16:59.006662,0.0,0.0,0.0
2022-01-26 14:16:59.510517,0.0,0.0,0.0
2022-01-26 14:17:00.007343,0.0,0.0,0.0
2022-01-26 14:17:00.502311,0.0,0.0,0.0
2022-01-26 14:17:01.001863,0.0,0.0,0.0
2022-01-26 14:17:01.508842,0.0,0.0,0.0
2022-01-26 14:17:02.006546,0.0,0.0,0.0
2022-01-26 14:17:02.510598,0.0,0.0,0.0
2022-01-26 14:17:03.009346,0.0,0.0,0.0
2022-01-26 14:17:03.504913,0.0,0.0,0.0
2022-01-26 14:17:04.003690,0.0,0.0,0.0
2022-01-26 14:17:04.508554,0.0,0.0,0.0
2022-01-26 14:17:05.005412,0.0,0.0,0.0
2022-01-26 14:17:05.501482,0.0,0.0,0.0
2022-01-26 14:17:06.001201,0.0,0.0,0.0
2022-01-26 14:17:06.505208,0.0,0.0,0.0
2022-01-26 14:17:07.003159,0.0,0.0,0.0
2022-01-26 14:17:07.508017,0.0,0.0,0.0
2022-01-26 14:17:08.006152,0.0,0.0,0.0
2022-01-26 14:17:08.510278,0.0,0.0,0.0
2022-01-26 14:17:09.007960,0.0,0.0,0.0
2022-01-26 14:17:09.502432,0.0,0.0,0.0
2022-01-26 14:17:10.010068,0.0,0.0,0.0
2022-01-26 14:17:10.507634,0.0,0.0,0.0
2022-01-26 14:17:11.005231,0.0,0.0,0.0
2022-01-26 14:17:11.510310,0.0,0.0,0.0
2022-01-26 14:17:12.007287,0.0,0.0,0.0
2022-01-26 14:17:12.501755,0.0,0.0,0.0
2022-01-26 14:17:13.010654,0.0,0.0,0.0
2022-01-26 14:17:13.504999,0.0,0.0,0.0
2022-01-26 14:17:14.004663,0.0,0.0,0.0
2022-01-26 14:17:14.509488,0.0,0.0,0.0
2022-01-26 14:17:15.008959,0.0,0.0,0.0
2022-01-26 14:17:15.503233,0.0,0.0,0.0
2022-01-26 14:17:16.001415,0.0,0.0,0.0
2022-01-26 14:17:16.504971,0.0,0.0,0.0
2022-01-26 14:17:17.003158,0.0,0.0,0.0
2022-01-26 14:17:17.509661,0.0,0.0,0.0
2022-01-26 14:17:18.006259,0.0,0.0,0.0
2022-01-26 14:17:18.500979,0.0,0.0,0.0
2022-01-26 14:17:19.008960,0.0,0.0,0.0
2022-01-26 14:17:19.504053,0.0,0.0,0.0
2022-01-26 14:17:20.001497,0.0,0.0,0.0
2022-01-26 14:17:20.506292,0.0,0.0,0.0
2022-01-26 14:17:21.003648,0.0,0.0,0.0
2022-01-26 14:17:21.508747,0.0,0.0,0.0
2022-01-26 14:17:22.008856,0.0,0.0,0.0
2022-01-26 14:17:22.503405,0.0,0.0,0.0
2022-01-26 14:17:23.001143,0.0,0.0,0.0
2022-01-26 14:17:23.506589,0.0,0.0,0.0
2022-01-26 14:17:24.003844,0.0,0.0,0.0
2022-01-26 14:17:24.509179,0.0,0.0,0.0
2022-01-26 14:17:25.006910,0.0,0.0,0.0
2022-01-26 14:17:25.510940,0.0,0.0,0.0
2022-01-26 14:17:26.001082,0.0,0.0,0.0
2022-01-26 14:17:26.506352,0.0,0.0,0.0
2022-01-26 14:17:27.003738,0.0,0.0,0.0
2022-01-26 14:17:27.509630,0.0,0.0,0.0
2022-01-26 14:17:28.007788,0.0,0.0,0.0
2022-01-26 14:17:28.504146,0.0,0.0,0.0
2022-01-26 14:17:29.002103,0.0,0.0,0.0
2022-01-26 14:17:29.507385,0.0,0.0,0.0
2022-01-26 14:17:30.003304,0.0,0.0,0.0
2022-01-26 14:17:30.508404,0.0,0.0,0.0
2022-01-26 14:17:31.006560,0.0,0.0,0.0
2022-01-26 14:17:31.501749,0.0,0.0,0.0
2022-01-26 14:17:32.008137,0.0,0.0,0.0
2022-01-26 14:17:32.501693,0.0,0.0,0.0
2022-01-26 14:17:33.010656,0.0,0.0,0.0
2022-01-26 14:17:33.504709,0.0,0.0,0.0
2022-01-26 14:17:34.001338,0.0,0.0,0.0
2022-01-26 14:17:34.505213,0.0,0.0,0.0
2022-01-26 14:17:35.003269,0.0,0.0,0.0
2022-01-26 14:17:35.509015,0.0,0.0,0.0
2022-01-26 14:17:36.006383,0.0,0.0,0.0
2022-01-26 14:17:37.004943,0.0,0.0,0.0
2022-01-26 14:17:37.509027,0.0,0.0,0.0
2022-01-26 14:17:38.005881,0.0,0.0,0.0
2022-01-26 14:17:38.503589,0.0,0.0,0.0
2022-01-26 14:17:39.001413,0.0,0.0,0.0
2022-01-26 14:17:39.506735,0.0,0.0,0.0
2022-01-26 14:17:40.006712,0.0,0.0,0.0
2022-01-26 14:17:40.500956,0.0,0.0,0.0
2022-01-26 14:17:41.010298,0.0,0.0,0.0
2022-01-26 14:17:41.504424,0.0,0.0,0.0
2022-01-26 14:17:42.001949,0.0,0.0,0.0
2022-01-26 14:17:42.508967,0.0,0.0,0.0
2022-01-26 14:17:43.006155,0.0,0.0,0.0
2022-01-26 14:17:43.510770,0.0,0.0,0.0
2022-01-26 14:17:44.007293,0.0,0.0,0.0
2022-01-26 14:17:44.503379,0.0,0.0,0.0
2022-01-26 14:17:45.010561,0.0,0.0,0.0
2022-01-26 14:17:45.504164,0.0,0.0,0.0
2022-01-26 14:17:46.011281,0.0,0.0,0.0
2022-01-26 14:17:46.504715,0.0,0.0,0.0
2022-01-26 14:17:47.003838,0.0,0.0,0.0
2022-01-26 14:17:47.509428,0.0,0.0,0.0
2022-01-26 14:17:48.006699,0.0,0.0,0.0
2022-01-26 14:17:48.510731,0.0,0.0,0.0
2022-01-26 14:17:49.008551,0.0,0.0,0.0
2022-01-26 14:17:49.502733,0.0,0.0,0.0
2022-01-26 14:17:50.002561,0.0,0.0,0.0
2022-01-26 14:17:50.505357,0.0,0.0,0.0
2022-01-26 14:17:51.002374,0.0,0.0,0.0
2022-01-26 14:17:51.507838,0.0,0.0,0.0
2022-01-26 14:17:52.005767,0.0,0.0,0.0
2022-01-26 14:17:52.509407,0.0,0.0,0.0
2022-01-26 14:17:53.007314,0.0,0.0,0.0
2022-01-26 14:17:53.502400,0.0,0.0,0.0
2022-01-26 14:17:54.001557,0.0,0.0,0.0
2022-01-26 14:17:54.505932,0.0,0.0,0.0
2022-01-26 14:17:55.003992,0.0,0.0,0.0
2022-01-26 14:17:55.510742,0.0,0.0,0.0
2022-01-26 14:17:56.007218,0.0,0.0,0.0
2022-01-26 14:17:56.501828,0.0,0.0,0.0
2022-01-26 14:17:57.008345,0.0,0.0,0.0
2022-01-26 14:17:57.502327,0.0,0.0,0.0
2022-01-26 14:17:58.010302,0.0,0.0,0.0
2022-01-26 14:17:58.504109,0.0,0.0,0.0
2022-01-26 14:17:59.002509,0.0,0.0,0.0
2022-01-26 14:17:59.508163,0.0,0.0,0.0
2022-01-26 14:18:00.006122,0.0,0.0,0.0
2022-01-26 14:18:00.509450,0.0,0.0,0.0
2022-01-26 14:18:01.006166,0.0,0.0,0.0
2022-01-26 14:18:01.502973,0.0,0.0,0.0
2022-01-26 14:18:02.010455,0.0,0.0,0.0
2022-01-26 14:18:02.505280,0.0,0.0,0.0
2022-01-26 14:18:03.002933,0.0,0.0,0.0
2022-01-26 14:18:03.507808,0.0,0.0,0.0
2022-01-26 14:18:04.006384,0.0,0.0,0.0
2022-01-26 14:18:05.005293,0.0,0.0,0.0
2022-01-26 14:18:05.509773,0.0,0.0,0.0
2022-01-26 14:18:06.006366,0.0,0.0,0.0
2022-01-26 14:18:06.500879,0.0,0.0,0.0
2022-01-26 14:18:07.009719,0.0,0.0,0.0
2022-01-26 14:18:07.504541,0.0,0.0,0.0
2022-01-26 14:18:08.002270,0.0,0.0,0.0
2022-01-26 14:18:08.506786,0.0,0.0,0.0
2022-01-26 14:18:09.004681,0.0,0.0,0.0
2022-01-26 14:18:09.501132,0.0,0.0,0.0
2022-01-26 14:18:10.008878,0.0,0.0,0.0
2022-01-26 14:18:10.503662,0.0,0.0,0.0
2022-01-26 14:18:11.505395,0.0,0.0,0.0
2022-01-26 14:18:12.002337,0.0,0.0,0.0
2022-01-26 14:18:12.506462,0.0,0.0,0.0
2022-01-26 14:18:13.006018,0.0,0.0,0.0
2022-01-26 14:18:13.500916,0.0,0.0,0.0
2022-01-26 14:18:14.010077,0.0,0.0,0.0
2022-01-26 14:18:14.504262,0.0,0.0,0.0
2022-01-26 14:18:15.001350,0.0,0.0,0.0
2022-01-26 14:18:15.506412,0.0,0.0,0.0
2022-01-26 14:18:16.003362,0.0,0.0,0.0
2022-01-26 14:18:16.509037,0.0,0.0,0.0
2022-01-26 14:18:17.007463,0.0,0.0,0.0
2022-01-26 14:18:17.502183,0.0,0.0,0.0
2022-01-26 14:18:18.003095,0.0,0.0,0.0
2022-01-26 14:18:18.509186,0.0,0.0,0.0
2022-01-26 14:18:19.005602,0.0,0.0,0.0
2022-01-26 14:18:19.510879,0.0,0.0,0.0
2022-01-26 14:18:20.010495,0.0,0.0,0.0
2022-01-26 14:18:20.506050,0.0,0.0,0.0
2022-01-26 14:18:21.002946,0.0,0.0,0.0
2022-01-26 14:18:21.509835,0.0,0.0,0.0
2022-01-26 14:18:22.008221,0.0,0.0,0.0
2022-01-26 14:18:22.503345,0.0,0.0,0.0
2022-01-26 14:18:23.004621,0.0,0.0,0.0
2022-01-26 14:18:23.510331,0.0,0.0,0.0
2022-01-26 14:18:24.009734,0.0,0.0,0.0
2022-01-26 14:18:24.504926,0.0,0.0,0.0
2022-01-26 14:18:25.002747,0.0,0.0,0.0
2022-01-26 14:18:25.508026,0.0,0.0,0.0
2022-01-26 14:18:26.007105,0.0,0.0,0.0
2022-01-26 14:18:26.503279,0.0,0.0,0.0
2022-01-26 14:18:27.001313,0.0,0.0,0.0
2022-01-26 14:18:27.508558,0.0,0.0,0.0
2022-01-26 14:18:28.007177,0.0,0.0,0.0
2022-01-26 14:18:28.503596,0.0,0.0,0.0
2022-01-26 14:18:29.002717,0.0,0.0,0.0
2022-01-26 14:18:29.508956,0.0,0.0,0.0
2022-01-26 14:18:30.007790,0.0,0.0,0.0
2022-01-26 14:18:30.501989,0.0,0.0,0.0
2022-01-26 14:18:31.009103,0.0,0.0,0.0
2022-01-26 14:18:31.504496,0.0,0.0,0.0
2022-01-26 14:18:32.004235,0.0,0.0,0.0
2022-01-26 14:18:32.501040,0.0,0.0,0.0
2022-01-26 14:18:33.009376,0.0,0.0,0.0
2022-01-26 14:18:33.504403,0.0,0.0,0.0
2022-01-26 14:18:34.001719,0.0,0.0,0.0
2022-01-26 14:18:34.507199,0.0,0.0,0.0
2022-01-26 14:18:35.005432,0.0,0.0,0.0
2022-01-26 14:18:35.510333,0.0,0.0,0.0
2022-01-26 14:18:36.007871,0.0,0.0,0.0
2022-01-26 14:18:36.505246,0.0,0.0,0.0
2022-01-26 14:18:37.002691,0.0,0.0,0.0
2022-01-26 14:18:37.506661,0.0,0.0,0.0
2022-01-26 14:18:38.005532,0.0,0.0,0.0
2022-01-26 14:18:38.509439,0.0,0.0,0.0
2022-01-26 14:18:39.007756,0.0,0.0,0.0
2022-01-26 14:18:39.502273,0.0,0.0,0.0
2022-01-26 14:18:40.011133,0.0,0.0,0.0
2022-01-26 14:18:40.505715,0.0,0.0,0.0
2022-01-26 14:18:41.008963,0.0,0.0,0.0
2022-01-26 14:18:41.504461,0.0,0.0,0.0
2022-01-26 14:18:42.001910,0.0,0.0,0.0
2022-01-26 14:18:42.505751,0.0,0.0,0.0
2022-01-26 14:18:43.005084,0.0,0.0,0.0
2022-01-26 14:18:43.509034,0.0,0.0,0.0
2022-01-26 14:18:44.005359,0.0,0.0,0.0
2022-01-26 14:18:44.510957,0.0,0.0,0.0
2022-01-26 14:18:45.007947,0.0,0.0,0.0
2022-01-26 14:18:45.505127,0.0,0.0,0.0
2022-01-26 14:18:46.002483,0.0,0.0,0.0
2022-01-26 14:18:46.507357,0.0,0.0,0.0
2022-01-26 14:18:47.005485,0.0,0.0,0.0
2022-01-26 14:18:47.510991,0.0,0.0,0.0
2022-01-26 14:18:48.009180,0.0,0.0,0.0
2022-01-26 14:18:48.505461,0.0,0.0,0.0
2022-01-26 14:18:49.003610,0.0,0.0,0.0
2022-01-26 14:18:49.508332,0.0,0.0,0.0
2022-01-26 14:18:50.006499,0.0,0.0,0.0
2022-01-26 14:18:50.510860,0.0,0.0,0.0
2022-01-26 14:18:51.008452,0.0,0.0,0.0
2022-01-26 14:18:51.504082,0.0,0.0,0.0
2022-01-26 14:18:52.002051,0.0,0.0,0.0
2022-01-26 14:18:52.507033,0.0,0.0,0.0
2022-01-26 14:18:53.003522,0.0,0.0,0.0
2022-01-26 14:18:53.508654,0.0,0.0,0.0
2022-01-26 14:18:54.007968,0.0,0.0,0.0
2022-01-26 14:18:54.504334,0.0,0.0,0.0
2022-01-26 14:18:55.002736,0.0,0.0,0.0
2022-01-26 14:18:55.507782,0.0,0.0,0.0
2022-01-26 14:18:56.006311,0.0,0.0,0.0
2022-01-26 14:18:56.501691,0.0,0.0,0.0
2022-01-26 14:18:57.010668,0.0,0.0,0.0
2022-01-26 14:18:57.506245,0.0,0.0,0.0
2022-01-26 14:18:58.003878,0.0,0.0,0.0
2022-01-26 14:18:58.507311,0.0,0.0,0.0
2022-01-26 14:18:59.007119,0.0,0.0,0.0
2022-01-26 14:18:59.501386,0.0,0.0,0.0
2022-01-26 14:19:00.009673,0.0,0.0,0.0
2022-01-26 14:19:00.502620,0.0,0.0,0.0
2022-01-26 14:19:01.010345,0.0,0.0,0.0
2022-01-26 14:19:01.505152,0.0,0.0,0.0
2022-01-26 14:19:02.003381,0.0,0.0,0.0
2022-01-26 14:19:02.507387,0.0,0.0,0.0
2022-01-26 14:19:03.005438,0.0,0.0,0.0
2022-01-26 14:19:03.502516,0.0,0.0,0.0
2022-01-26 14:19:04.009178,0.0,0.0,0.0
2022-01-26 14:19:04.504898,0.0,0.0,0.0
2022-01-26 14:19:05.003114,0.0,0.0,0.0
2022-01-26 14:19:05.507964,0.0,0.0,0.0
2022-01-26 14:19:06.006520,0.0,0.0,0.0
2022-01-26 14:19:06.502420,0.0,0.0,0.0
2022-01-26 14:19:07.008768,0.0,0.0,0.0
2022-01-26 14:19:07.505883,0.0,0.0,0.0
2022-01-26 14:19:08.005270,0.0,0.0,0.0
2022-01-26 14:19:08.510397,0.0,0.0,0.0
2022-01-26 14:19:09.008143,0.0,0.0,0.0
2022-01-26 14:19:09.501549,0.0,0.0,0.0
2022-01-26 14:19:10.008536,0.0,0.0,0.0
2022-01-26 14:19:10.503413,0.0,0.0,0.0
2022-01-26 14:19:11.007997,0.0,0.0,0.0
2022-01-26 14:19:11.502827,0.0,0.0,0.0
2022-01-26 14:19:12.001012,0.0,0.0,0.0
2022-01-26 14:19:12.505378,0.0,0.0,0.0
2022-01-26 14:19:13.003184,0.0,0.0,0.0
2022-01-26 14:19:13.509451,0.0,0.0,0.0
2022-01-26 14:19:14.008069,0.0,0.0,0.0
2022-01-26 14:19:14.503030,0.0,0.0,0.0
2022-01-26 14:19:15.010074,0.0,0.0,0.0
2022-01-26 14:19:15.504740,0.0,0.0,0.0
2022-01-26 14:19:16.003126,0.0,0.0,0.0
2022-01-26 14:19:16.509164,0.0,0.0,0.0
2022-01-26 14:19:17.006508,0.0,0.0,0.0
2022-01-26 14:19:17.509765,0.0,0.0,0.0
2022-01-26 14:19:18.007035,0.0,0.0,0.0
2022-01-26 14:19:18.502098,0.0,0.0,0.0
2022-01-26 14:19:19.010155,0.0,0.0,0.0
2022-01-26 14:19:19.503118,0.0,0.0,0.0
2022-01-26 14:19:20.003047,0.0,0.0,0.0
2022-01-26 14:19:20.508591,0.0,0.0,0.0
2022-01-26 14:19:21.007827,0.0,0.0,0.0
2022-01-26 14:19:21.502968,0.0,0.0,0.0
2022-01-26 14:19:22.002487,0.0,0.0,0.0
2022-01-26 14:19:22.508010,0.0,0.0,0.0
2022-01-26 14:19:23.005543,0.0,0.0,0.0
2022-01-26 14:19:23.510321,0.0,0.0,0.0
2022-01-26 14:19:24.008304,0.0,0.0,0.0
2022-01-26 14:19:24.502246,0.0,0.0,0.0
2022-01-26 14:19:25.001972,0.0,0.0,0.0
2022-01-26 14:19:25.509269,0.0,0.0,0.0
2022-01-26 14:19:26.005708,0.0,0.0,0.0
2022-01-26 14:19:26.510823,0.0,0.0,0.0
2022-01-26 14:19:27.006731,0.0,0.0,0.0
2022-01-26 14:19:27.501613,0.0,0.0,0.0
2022-01-26 14:19:28.009352,0.0,0.0,0.0
2022-01-26 14:19:28.505057,0.0,0.0,0.0
2022-01-26 14:19:29.003708,0.0,0.0,-0.03864
2022-01-26 14:19:29.508545,0.0,0.0,-0.03864
2022-01-26 14:19:30.008967,0.0,0.0,0.0
2022-01-26 14:19:30.502943,0.0,0.0,0.0
2022-01-26 14:19:31.001406,0.0,0.0,0.0
2022-01-26 14:19:31.507520,0.0,0.0,0.0
2022-01-26 14:19:32.004925,0.0,0.0,0.0
2022-01-26 14:19:32.510042,0.0,0.0,0.0
2022-01-26 14:19:33.007263,0.0,0.0,0.0
2022-01-26 14:19:33.502658,0.0,0.0,0.0
2022-01-26 14:19:34.001905,0.0,0.0,0.0
2022-01-26 14:19:34.507862,0.0,0.0,0.0
2022-01-26 14:19:35.006188,0.0,0.0,0.0
2022-01-26 14:19:35.502358,0.0,0.0,0.0
2022-01-26 14:19:36.010285,0.0,0.0,0.0
2022-01-26 14:19:36.506104,0.0,0.0,0.0
2022-01-26 14:19:37.007786,0.0,0.0,0.0
2022-01-26 14:19:37.502697,0.0,0.0,0.0
2022-01-26 14:19:38.009883,0.0,0.0,0.0
2022-01-26 14:19:38.503704,0.0,0.0,0.0
2022-01-26 14:19:39.002079,0.0,0.0,0.0
2022-01-26 14:19:39.508620,0.0,0.0,0.0
2022-01-26 14:19:40.008205,0.0,0.0,0.0
2022-01-26 14:19:40.503280,0.0,0.0,0.0
2022-01-26 14:19:41.001401,0.0,0.0,0.0
2022-01-26 14:19:41.505537,0.0,0.0,0.0
2022-01-26 14:19:42.003879,0.0,0.0,0.0
2022-01-26 14:19:42.509424,0.0,0.0,0.0
2022-01-26 14:19:43.008080,0.0,0.0,0.0
2022-01-26 14:19:43.504552,0.0,0.0,0.0
2022-01-26 14:19:44.001726,0.0,0.0,0.0
2022-01-26 14:19:44.506373,0.0,0.0,0.0
2022-01-26 14:19:45.006420,0.0,0.0,0.0
2022-01-26 14:19:45.504205,0.0,0.0,0.0
2022-01-26 14:19:46.505265,0.0,0.0,0.0
2022-01-26 14:19:47.003788,0.0,0.0,0.0
2022-01-26 14:19:47.508989,0.0,0.0,0.0
2022-01-26 14:19:48.006037,0.0,0.0,0.0
2022-01-26 14:19:48.502307,0.0,0.0,0.0
2022-01-26 14:19:49.010370,0.0,0.0,0.0
2022-01-26 14:19:49.505258,0.0,0.0,0.0
2022-01-26 14:19:50.005047,0.0,0.0,0.0
2022-01-26 14:19:50.507949,0.0,0.0,0.0
2022-01-26 14:19:51.006646,0.0,0.0,0.0
2022-01-26 14:19:51.510979,0.0,0.0,0.0
2022-01-26 14:19:52.008559,0.0,0.0,0.0
2022-01-26 14:19:52.506081,0.0,0.0,0.0
2022-01-26 14:19:53.005087,0.0,0.0,0.0
2022-01-26 14:19:53.510867,0.0,0.0,0.0
2022-01-26 14:19:54.006992,0.0,0.0,0.0
2022-01-26 14:19:54.501341,0.0,0.0,0.0
2022-01-26 14:19:55.008898,0.0,0.0,0.0
2022-01-26 14:19:55.503706,0.0,0.0,0.0
2022-01-26 14:19:56.004737,0.0,0.0,0.0
2022-01-26 14:19:56.509854,0.0,0.0,0.0
2022-01-26 14:19:57.007590,0.0,0.0,0.0
2022-01-26 14:19:57.505276,0.0,0.0,0.0
2022-01-26 14:19:58.002803,0.0,0.0,0.0
2022-01-26 14:19:58.507733,0.0,0.0,0.0
2022-01-26 14:19:59.007349,0.0,0.0,0.0
2022-01-26 14:19:59.502681,0.0,0.0,0.0
2022-01-26 14:20:00.010104,0.0,0.0,0.0
2022-01-26 14:20:00.503056,0.0,0.0,0.0
2022-01-26 14:20:01.010750,0.0,0.0,0.0
2022-01-26 14:20:01.505049,0.0,0.0,0.0
2022-01-26 14:20:02.003109,0.0,0.0,0.0
2022-01-26 14:20:02.508350,0.0,0.0,0.0
2022-01-26 14:20:03.004906,0.0,0.0,0.0
2022-01-26 14:20:03.508960,0.0,0.0,0.0
2022-01-26 14:20:04.007669,0.0,0.0,0.0
2022-01-26 14:20:04.501327,0.0,0.0,0.0
2022-01-26 14:20:05.009394,0.0,0.0,0.0
2022-01-26 14:20:05.504817,0.0,0.0,0.0
2022-01-26 14:20:06.001743,0.0,0.0,0.0
2022-01-26 14:20:06.505962,0.0,0.0,0.0
2022-01-26 14:20:07.004499,0.0,0.0,0.03864
2022-01-26 14:20:07.510263,0.0,0.0,0.03864
2022-01-26 14:20:08.008652,0.0,0.0,0.0
2022-01-26 14:20:08.502549,0.0,0.0,0.0
2022-01-26 14:20:09.001210,0.0,0.0,0.0
2022-01-26 14:20:09.501644,0.0,0.0,0.0
2022-01-26 14:20:10.001398,0.0,0.0,0.0
2022-01-26 14:20:10.505779,0.0,0.0,0.0
2022-01-26 14:20:11.003437,0.0,0.0,0.0
2022-01-26 14:20:11.508675,0.0,0.0,0.0
2022-01-26 14:20:12.005744,0.0,0.0,0.0
2022-01-26 14:20:12.502418,0.0,0.0,0.0
2022-01-26 14:20:13.010792,0.0,0.0,0.0
2022-01-26 14:20:13.506431,0.0,0.0,0.0
2022-01-26 14:20:14.003660,0.0,0.0,0.0
2022-01-26 14:20:14.511028,0.0,0.0,0.0
2022-01-26 14:20:15.007792,0.0,0.0,0.0
2022-01-26 14:20:15.503241,0.0,0.0,0.0
2022-01-26 14:20:16.002300,0.0,0.0,0.0
2022-01-26 14:20:16.507328,0.0,0.0,0.0
2022-01-26 14:20:17.005677,0.0,0.0,0.0
2022-01-26 14:20:17.510778,0.0,0.0,0.0
2022-01-26 14:20:18.007663,0.0,0.0,0.0
2022-01-26 14:20:18.502146,0.0,0.0,0.0
2022-01-26 14:20:19.010782,0.0,0.0,0.0
2022-01-26 14:20:19.505950,0.0,0.0,0.0
2022-01-26 14:20:20.003930,0.0,0.0,0.0
2022-01-26 14:20:20.506510,0.0,0.0,0.0
2022-01-26 14:20:21.004235,0.0,0.0,0.0
2022-01-26 14:20:21.508682,0.0,0.0,0.0
2022-01-26 14:20:22.007259,0.0,0.0,0.0
2022-01-26 14:20:22.502507,0.0,0.0,0.0
2022-01-26 14:20:23.010608,0.0,0.0,0.0
2022-01-26 14:20:23.502177,0.0,0.0,0.0
2022-01-26 14:20:24.010559,0.0,0.0,0.0
2022-01-26 14:20:24.504896,0.0,0.0,0.0
2022-01-26 14:20:25.001970,0.0,0.0,0.0
2022-01-26 14:20:25.506298,0.0,0.0,0.0
2022-01-26 14:20:26.003771,0.0,0.0,0.0
2022-01-26 14:20:26.509375,0.0,0.0,0.0
2022-01-26 14:20:27.006500,0.0,0.0,0.0
2022-01-26 14:20:27.510597,0.0,0.0,0.0
2022-01-26 14:20:28.008094,0.0,0.0,0.0
2022-01-26 14:20:28.506040,0.0,0.0,0.0
2022-01-26 14:20:29.003872,0.0,0.0,0.0
2022-01-26 14:20:29.510241,0.0,0.0,0.0
2022-01-26 14:20:30.008095,0.0,0.0,0.0
2022-01-26 14:20:30.501863,0.0,0.0,0.0
2022-01-26 14:20:31.010105,0.0,0.0,0.0
2022-01-26 14:20:31.505434,0.0,0.0,0.0
2022-01-26 14:20:32.003607,0.0,0.0,0.0
2022-01-26 14:20:32.506974,0.0,0.0,0.0
2022-01-26 14:20:33.006696,0.0,0.0,0.0
2022-01-26 14:20:33.510437,0.0,0.0,0.0
2022-01-26 14:20:34.006770,0.0,0.0,0.0
2022-01-26 14:20:34.502264,0.0,0.0,0.0
2022-01-26 14:20:35.009516,0.0,0.0,0.0
2022-01-26 14:20:35.502281,0.0,0.0,0.0
2022-01-26 14:20:36.008816,0.0,0.0,0.0
2022-01-26 14:20:36.503298,0.0,0.0,0.0
2022-01-26 14:20:37.010701,0.0,0.0,0.0
2022-01-26 14:20:37.508768,0.0,0.0,0.0
2022-01-26 14:20:38.005221,0.0,0.0,0.0
2022-01-26 14:20:38.507858,0.0,0.0,0.0
2022-01-26 14:20:39.007231,0.0,0.0,0.0
2022-01-26 14:20:39.505425,0.0,0.0,0.0
2022-01-26 14:20:40.010735,0.0,0.0,0.0
2022-01-26 14:20:40.506567,0.0,0.0,0.0
2022-01-26 14:20:41.005552,0.0,0.0,0.0
2022-01-26 14:20:41.510136,0.0,0.0,0.0
2022-01-26 14:20:42.009098,0.0,0.0,0.0
2022-01-26 14:20:42.502070,0.0,0.0,0.0
2022-01-26 14:20:43.010345,0.0,0.0,0.0
2022-01-26 14:20:43.504243,0.0,0.0,0.0
2022-01-26 14:20:44.001096,0.0,0.0,0.0
2022-01-26 14:20:44.506821,0.0,0.0,0.0
2022-01-26 14:20:45.004133,0.0,0.0,0.0
2022-01-26 14:20:45.508717,0.0,0.0,0.0
2022-01-26 14:20:46.005739,0.0,0.0,0.0
2022-01-26 14:20:46.502403,0.0,0.0,0.0
2022-01-26 14:20:47.009416,0.0,0.0,0.0
2022-01-26 14:20:47.506292,0.0,0.0,0.0
2022-01-26 14:20:48.005210,0.0,0.0,0.0
2022-01-26 14:20:48.500496,0.0,0.0,0.0
2022-01-26 14:20:49.005748,0.0,0.0,0.0
2022-01-26 14:20:49.510871,0.0,0.0,0.0
2022-01-26 14:20:50.009096,0.0,0.0,0.0
2022-01-26 14:20:50.505296,0.0,0.0,0.0
2022-01-26 14:20:51.002735,0.0,0.0,0.0
2022-01-26 14:20:51.506536,0.0,0.0,0.0
2022-01-26 14:20:52.005912,0.0,0.0,0.0
2022-01-26 14:20:52.500921,0.0,0.0,0.0
2022-01-26 14:20:53.008962,0.0,0.0,0.0
2022-01-26 14:20:53.502655,0.0,0.0,0.0
2022-01-26 14:20:54.504566,0.0,0.0,0.0
2022-01-26 14:20:55.001956,0.0,0.0,0.0
2022-01-26 14:20:55.508183,0.0,0.0,0.0
2022-01-26 14:20:56.006278,0.0,0.0,0.0
2022-01-26 14:20:56.501324,0.0,0.0,0.0
2022-01-26 14:20:57.008964,0.0,0.0,0.0
2022-01-26 14:20:57.503260,0.0,0.0,0.0
2022-01-26 14:20:58.001010,0.0,0.0,0.0
2022-01-26 14:20:58.506149,0.0,0.0,0.0
2022-01-26 14:20:59.002548,0.0,0.0,0.0
2022-01-26 14:20:59.506289,0.0,0.0,0.0
2022-01-26 14:21:00.007299,0.0,0.0,0.0
2022-01-26 14:21:00.500951,0.0,0.0,0.0
2022-01-26 14:21:01.010291,0.0,0.0,0.0
2022-01-26 14:21:01.505461,0.0,0.0,0.0
2022-01-26 14:21:02.002416,0.0,0.0,0.0
2022-01-26 14:21:02.507471,0.0,0.0,0.0
2022-01-26 14:21:03.004633,0.0,0.0,0.0
2022-01-26 14:21:03.509916,0.0,0.0,0.0
2022-01-26 14:21:04.009081,0.0,0.0,0.0
2022-01-26 14:21:04.505392,0.0,0.0,0.0
2022-01-26 14:21:05.003811,0.0,0.0,0.0
2022-01-26 14:21:05.508596,0.0,0.0,0.0
2022-01-26 14:21:06.006219,0.0,0.0,0.0
2022-01-26 14:21:06.510317,0.0,0.0,0.0
2022-01-26 14:21:07.008963,0.0,0.0,0.0
2022-01-26 14:21:07.503863,0.0,0.0,0.0
2022-01-26 14:21:08.010802,0.0,0.0,0.0
2022-01-26 14:21:08.506669,0.0,0.0,0.0
2022-01-26 14:21:09.004539,0.0,0.0,0.0
2022-01-26 14:21:09.511183,0.0,0.0,0.0
2022-01-26 14:21:10.009219,0.0,0.0,0.0
2022-01-26 14:21:10.502428,0.0,0.0,0.0
2022-01-26 14:21:11.008869,0.0,0.0,0.0
2022-01-26 14:21:11.505854,0.0,0.0,0.0
2022-01-26 14:21:12.004424,0.0,0.0,0.0
2022-01-26 14:21:12.507493,0.0,0.0,0.0
2022-01-26 14:21:13.006687,0.0,0.0,0.0
2022-01-26 14:21:13.501209,0.0,0.0,0.0
2022-01-26 14:21:14.008989,0.0,0.0,0.0
2022-01-26 14:21:14.504185,0.0,0.0,0.0
2022-01-26 14:21:15.002800,0.0,0.0,0.0
2022-01-26 14:21:15.508467,0.0,0.0,0.0
2022-01-26 14:21:16.005602,0.0,0.0,0.0
2022-01-26 14:21:16.509513,0.0,0.0,0.0
2022-01-26 14:21:17.006568,0.0,0.0,0.0
2022-01-26 14:21:17.502559,0.0,0.0,0.0
2022-01-26 14:21:18.011039,0.0,0.0,0.0
2022-01-26 14:21:18.504654,0.0,0.0,0.0
2022-01-26 14:21:19.002237,0.0,0.0,0.0
2022-01-26 14:21:19.507999,0.0,0.0,0.0
2022-01-26 14:21:20.007603,0.0,0.0,0.0
2022-01-26 14:21:20.501645,0.0,0.0,0.0
2022-01-26 14:21:21.009763,0.0,0.0,0.0
2022-01-26 14:21:21.504721,0.0,0.0,0.0
2022-01-26 14:21:22.002394,0.0,0.0,0.0
2022-01-26 14:21:22.510206,0.0,0.0,0.0
2022-01-26 14:21:23.007863,0.0,0.0,0.0
2022-01-26 14:21:23.502270,0.0,0.0,0.0
2022-01-26 14:21:24.010672,0.0,0.0,0.0
2022-01-26 14:21:24.505184,0.0,0.0,0.0
2022-01-26 14:21:25.003876,0.0,0.0,0.0
2022-01-26 14:21:25.508641,0.0,0.0,0.0
2022-01-26 14:21:26.008749,0.0,0.0,0.0
2022-01-26 14:21:26.504473,0.0,0.0,0.0
2022-01-26 14:21:27.003903,0.0,0.0,0.0
2022-01-26 14:21:27.507329,0.0,0.0,0.0
2022-01-26 14:21:28.006604,0.0,0.0,0.0
2022-01-26 14:21:28.501165,0.0,0.0,0.0
