時間,回転１,回転２,回転３
2022-01-26 08:00:03.011148,0.0,0.0,0.0
2022-01-26 08:00:03.502229,0.0,0.0,0.0
2022-01-26 08:00:04.010344,0.0,0.0,0.0
2022-01-26 08:00:04.505952,0.0,0.0,0.0
2022-01-26 08:00:05.007841,0.0,0.0,0.0
2022-01-26 08:00:05.509881,0.0,0.0,0.0
2022-01-26 08:00:06.008154,0.0,0.0,0.0
2022-01-26 08:00:06.502703,0.0,0.0,0.0
2022-01-26 08:00:07.009997,0.0,0.0,0.0
2022-01-26 08:00:07.506168,0.0,0.0,0.0
2022-01-26 08:00:08.003630,0.0,0.0,0.0
2022-01-26 08:00:08.509234,0.0,0.0,0.0
2022-01-26 08:00:09.006877,0.0,0.0,0.0
2022-01-26 08:00:09.500878,0.0,0.0,0.0
2022-01-26 08:00:10.009097,0.0,0.0,0.0
2022-01-26 08:00:10.503126,0.0,0.0,0.0
2022-01-26 08:00:11.009376,0.0,0.0,0.0
2022-01-26 08:00:11.505176,0.0,0.0,0.0
2022-01-26 08:00:12.002590,0.0,0.0,0.0
2022-01-26 08:00:12.507678,0.0,0.0,0.0
2022-01-26 08:00:13.005526,0.0,0.0,0.0
2022-01-26 08:00:13.510425,0.0,0.0,0.0
2022-01-26 08:00:14.008196,0.0,0.0,0.0
2022-01-26 08:00:14.501926,0.0,0.0,0.0
2022-01-26 08:00:15.010576,0.0,0.0,0.0
2022-01-26 08:00:15.508531,0.0,0.0,0.0
2022-01-26 08:00:16.006357,0.0,0.0,0.0
2022-01-26 08:00:16.509878,0.0,0.0,0.0
2022-01-26 08:00:17.008995,0.0,0.0,0.0
2022-01-26 08:00:17.505342,0.0,0.0,0.0
2022-01-26 08:00:18.003421,0.0,0.0,0.0
2022-01-26 08:00:18.507510,0.0,0.0,0.0
2022-01-26 08:00:19.006377,0.0,0.0,0.0
2022-01-26 08:00:19.501418,0.0,0.0,0.0
2022-01-26 08:00:20.009907,0.0,0.0,0.0
2022-01-26 08:00:20.507177,0.0,0.0,0.0
2022-01-26 08:00:21.003993,0.0,0.0,0.0
2022-01-26 08:00:21.509870,0.0,0.0,0.0
2022-01-26 08:00:22.008440,0.0,0.0,0.0
2022-01-26 08:00:22.503475,0.0,0.0,0.0
2022-01-26 08:00:23.002220,0.0,0.0,0.0
2022-01-26 08:00:23.506878,0.0,0.0,0.0
2022-01-26 08:00:24.006734,0.0,0.0,0.0
2022-01-26 08:00:24.510679,0.0,0.0,0.0
2022-01-26 08:00:25.007934,0.0,0.0,0.0
2022-01-26 08:00:25.502508,0.0,0.0,0.0
2022-01-26 08:00:26.010463,0.0,0.0,0.0
2022-01-26 08:00:26.505103,0.0,0.0,0.0
2022-01-26 08:00:27.003974,0.0,0.0,0.0
2022-01-26 08:00:27.510833,0.0,0.0,0.0
2022-01-26 08:00:28.008975,0.0,0.0,0.0
2022-01-26 08:00:28.503968,0.0,0.0,0.0
2022-01-26 08:00:29.009985,0.0,0.0,0.0
2022-01-26 08:00:29.502321,0.0,0.0,0.0
2022-01-26 08:00:30.009148,0.0,0.0,0.0
2022-01-26 08:00:30.504024,0.0,0.0,0.0
2022-01-26 08:00:31.002160,0.0,0.0,0.0
2022-01-26 08:00:31.507861,0.0,0.0,0.0
2022-01-26 08:00:32.005485,0.0,0.0,0.0
2022-01-26 08:00:32.503632,0.0,0.0,0.0
2022-01-26 08:00:33.007397,0.0,0.0,0.0
2022-01-26 08:00:33.502306,0.0,0.0,0.0
2022-01-26 08:00:34.011178,0.0,0.0,0.0
2022-01-26 08:00:34.505919,0.0,0.0,0.0
2022-01-26 08:00:35.005690,0.0,0.0,0.0
2022-01-26 08:00:35.504473,0.0,0.0,0.0
2022-01-26 08:00:36.003165,0.0,0.0,0.0
2022-01-26 08:00:36.509827,0.0,0.0,0.0
2022-01-26 08:00:37.007310,0.0,0.0,0.0
2022-01-26 08:00:37.501064,0.0,0.0,0.0
2022-01-26 08:00:38.009188,0.0,0.0,0.0
2022-01-26 08:00:38.504416,0.0,0.0,0.0
2022-01-26 08:00:39.005527,0.0,0.0,0.0
2022-01-26 08:00:39.504696,0.0,0.0,0.0
2022-01-26 08:00:40.003957,0.0,0.0,0.0
2022-01-26 08:00:40.510140,0.0,0.0,0.0
2022-01-26 08:00:41.002684,0.0,0.0,0.0
2022-01-26 08:00:41.504187,0.0,0.0,0.0
2022-01-26 08:00:42.002419,0.0,0.0,0.0
2022-01-26 08:00:42.505195,0.0,0.0,0.0
2022-01-26 08:00:43.003031,0.0,0.0,0.0
2022-01-26 08:00:43.508350,0.0,0.0,0.0
2022-01-26 08:00:44.006727,0.0,0.0,0.0
2022-01-26 08:00:44.502436,0.0,0.0,0.0
2022-01-26 08:00:45.010216,0.0,0.0,0.0
2022-01-26 08:00:45.506203,0.0,0.0,0.0
2022-01-26 08:00:46.003078,0.0,0.0,0.0
2022-01-26 08:00:46.509909,0.0,0.0,0.0
2022-01-26 08:00:47.009894,0.0,0.0,0.0
2022-01-26 08:00:47.505313,0.0,0.0,0.0
2022-01-26 08:00:48.002974,0.0,0.0,0.0
2022-01-26 08:00:48.509649,0.0,0.0,0.0
2022-01-26 08:00:49.007832,0.0,0.0,0.0
2022-01-26 08:00:49.502271,0.0,0.0,0.0
2022-01-26 08:00:50.505950,0.0,0.0,0.0
2022-01-26 08:00:51.003866,0.0,0.0,0.0
2022-01-26 08:00:51.509074,0.0,0.0,0.0
2022-01-26 08:00:52.009706,0.0,0.0,0.0
2022-01-26 08:00:52.505098,0.0,0.0,0.0
2022-01-26 08:00:53.004347,0.0,0.0,0.0
2022-01-26 08:00:53.510724,0.0,0.0,0.0
2022-01-26 08:00:54.008883,0.0,0.0,0.0
2022-01-26 08:00:54.503933,0.0,0.0,0.0
2022-01-26 08:00:55.004128,0.0,0.0,0.0
2022-01-26 08:00:55.508297,0.0,0.0,0.0
2022-01-26 08:00:56.006312,0.0,0.0,0.0
2022-01-26 08:00:56.502268,0.0,0.0,0.0
2022-01-26 08:00:57.001219,0.0,0.0,0.0
2022-01-26 08:00:57.502829,0.0,0.0,0.0
2022-01-26 08:00:58.010691,0.0,0.0,0.0
2022-01-26 08:00:58.505554,0.0,0.0,0.0
2022-01-26 08:00:59.002837,0.0,0.0,0.0
2022-01-26 08:00:59.510111,0.0,0.0,0.0
2022-01-26 08:01:00.007272,0.0,0.0,0.0
2022-01-26 08:01:00.509234,0.0,0.0,0.0
2022-01-26 08:01:01.008341,0.0,0.0,0.0
2022-01-26 08:01:01.503645,0.0,0.0,0.0
2022-01-26 08:01:02.002360,0.0,0.0,0.0
2022-01-26 08:01:02.507478,0.0,0.0,0.0
2022-01-26 08:01:03.006336,0.0,0.0,0.0
2022-01-26 08:01:03.501095,0.0,0.0,0.0
2022-01-26 08:01:04.010876,0.0,0.0,0.0
2022-01-26 08:01:04.501468,0.0,0.0,0.0
2022-01-26 08:01:05.001404,0.0,0.0,0.0
2022-01-26 08:01:05.507498,0.0,0.0,0.0
2022-01-26 08:01:06.007336,0.0,0.0,0.0
2022-01-26 08:01:06.502945,0.0,0.0,0.0
2022-01-26 08:01:07.001065,0.0,0.0,0.0
2022-01-26 08:01:07.506830,0.0,0.0,0.0
2022-01-26 08:01:08.003216,0.0,0.0,0.0
2022-01-26 08:01:08.507443,0.0,0.0,0.0
2022-01-26 08:01:09.005006,0.0,0.0,0.0
2022-01-26 08:01:09.503289,0.0,0.0,0.0
2022-01-26 08:01:10.001318,0.0,0.0,0.0
2022-01-26 08:01:10.507945,0.0,0.0,0.0
2022-01-26 08:01:11.001096,0.0,0.0,0.0
2022-01-26 08:01:11.507093,0.0,0.0,0.0
2022-01-26 08:01:12.000943,0.0,0.0,0.0
2022-01-26 08:01:12.508504,0.0,0.0,0.0
2022-01-26 08:01:13.004745,0.0,0.0,0.0
2022-01-26 08:01:13.510050,0.0,0.0,0.0
2022-01-26 08:01:14.007437,0.0,0.0,0.0
2022-01-26 08:01:14.503793,0.0,0.0,0.0
2022-01-26 08:01:15.001885,0.0,0.0,0.0
2022-01-26 08:01:15.501127,0.0,0.0,0.0
2022-01-26 08:01:16.001083,0.0,0.0,0.0
2022-01-26 08:01:16.504312,0.0,0.0,0.0
2022-01-26 08:01:17.002649,0.0,0.0,0.0
2022-01-26 08:01:17.506821,0.0,0.0,0.0
2022-01-26 08:01:18.004426,0.0,0.0,0.0
2022-01-26 08:01:18.508850,0.0,0.0,0.0
2022-01-26 08:01:19.007936,0.0,0.0,0.0
2022-01-26 08:01:19.504019,0.0,0.0,0.0
2022-01-26 08:01:20.001068,0.0,0.0,0.0
2022-01-26 08:01:20.505663,0.0,0.0,0.0
2022-01-26 08:01:21.008234,0.0,0.0,0.0
2022-01-26 08:01:21.503965,0.0,0.0,0.0
2022-01-26 08:01:22.004030,0.0,0.0,0.0
2022-01-26 08:01:22.510276,0.0,0.0,0.0
2022-01-26 08:01:23.007529,0.0,0.0,0.0
2022-01-26 08:01:23.506545,0.0,0.0,0.0
2022-01-26 08:01:24.011189,0.0,0.0,0.0
2022-01-26 08:01:24.506333,0.0,0.0,0.0
2022-01-26 08:01:25.004025,0.0,0.0,0.0
2022-01-26 08:01:25.510130,0.0,0.0,0.0
2022-01-26 08:01:26.009019,0.0,0.0,0.0
2022-01-26 08:01:26.503987,0.0,0.0,0.0
2022-01-26 08:01:27.002793,0.0,0.0,0.0
2022-01-26 08:01:27.508662,0.0,0.0,0.0
2022-01-26 08:01:28.008425,0.0,0.0,0.0
2022-01-26 08:01:28.503686,0.0,0.0,0.0
2022-01-26 08:01:29.003057,0.0,0.0,0.0
2022-01-26 08:01:29.507353,0.0,0.0,0.0
2022-01-26 08:01:30.006697,0.0,0.0,0.0
2022-01-26 08:01:30.501486,0.0,0.0,0.0
2022-01-26 08:01:31.008997,0.0,0.0,0.0
2022-01-26 08:01:31.502868,0.0,0.0,0.0
2022-01-26 08:01:32.001785,0.0,0.0,0.0
2022-01-26 08:01:32.510554,0.0,0.0,0.0
2022-01-26 08:01:33.010053,0.0,0.0,0.0
2022-01-26 08:01:33.505766,0.0,0.0,0.0
2022-01-26 08:01:34.003892,0.0,0.0,0.0
2022-01-26 08:01:34.509336,0.0,0.0,0.0
2022-01-26 08:01:35.006470,0.0,0.0,0.0
2022-01-26 08:01:35.507042,0.0,0.0,0.0
2022-01-26 08:01:36.008995,0.0,0.0,0.0
2022-01-26 08:01:36.504554,0.0,0.0,0.0
2022-01-26 08:01:37.003342,0.0,0.0,0.0
2022-01-26 08:01:37.508607,0.0,0.0,0.0
2022-01-26 08:01:38.006398,0.0,0.0,0.0
2022-01-26 08:01:38.501163,0.0,0.0,0.0
2022-01-26 08:01:39.010472,0.0,0.0,0.0
2022-01-26 08:01:39.506037,0.0,0.0,0.0
2022-01-26 08:01:40.003505,0.0,0.0,0.0
2022-01-26 08:01:40.509691,0.0,0.0,0.0
2022-01-26 08:01:41.006726,0.0,0.0,0.0
2022-01-26 08:01:41.510781,0.0,0.0,0.0
2022-01-26 08:01:42.008002,0.0,0.0,0.0
2022-01-26 08:01:42.502965,0.0,0.0,0.0
2022-01-26 08:01:43.010571,0.0,0.0,0.0
2022-01-26 08:01:43.504850,0.0,0.0,0.0
2022-01-26 08:01:44.001146,0.0,0.0,0.0
2022-01-26 08:01:44.506858,0.0,0.0,0.0
2022-01-26 08:01:45.004991,0.0,0.0,0.0
2022-01-26 08:01:45.510894,0.0,0.0,0.0
2022-01-26 08:01:46.007715,0.0,0.0,0.0
2022-01-26 08:01:46.504974,0.0,0.0,0.0
2022-01-26 08:01:47.003369,0.0,0.0,0.0
2022-01-26 08:01:47.501119,0.0,0.0,0.0
2022-01-26 08:01:48.009750,0.0,0.0,0.0
2022-01-26 08:01:48.505058,0.0,0.0,0.0
2022-01-26 08:01:49.004091,0.0,0.0,0.0
2022-01-26 08:01:49.509962,0.0,0.0,0.0
2022-01-26 08:01:50.008761,0.0,0.0,0.0
2022-01-26 08:01:50.503238,0.0,0.0,0.0
2022-01-26 08:01:51.002600,0.0,0.0,0.0
2022-01-26 08:01:51.502253,0.0,0.0,0.0
2022-01-26 08:01:52.010977,0.0,0.0,0.0
2022-01-26 08:01:52.505369,0.0,0.0,0.0
2022-01-26 08:01:53.003899,0.0,0.0,0.0
2022-01-26 08:01:53.508449,0.0,0.0,0.0
2022-01-26 08:01:54.004943,0.0,0.0,0.0
2022-01-26 08:01:54.501783,0.0,0.0,0.0
2022-01-26 08:01:55.008852,0.0,0.0,0.0
2022-01-26 08:01:55.505653,0.0,0.0,0.0
2022-01-26 08:01:56.003787,0.0,0.0,0.0
2022-01-26 08:01:56.508446,0.0,0.0,0.0
2022-01-26 08:01:57.005821,0.0,0.0,0.0
2022-01-26 08:01:57.510650,0.0,0.0,0.0
2022-01-26 08:01:58.008631,0.0,0.0,0.0
2022-01-26 08:01:58.505352,0.0,0.0,0.0
2022-01-26 08:01:59.005632,0.0,0.0,0.0
2022-01-26 08:01:59.501378,0.0,0.0,0.0
2022-01-26 08:02:00.010622,0.0,0.0,0.0
2022-01-26 08:02:00.507402,0.0,0.0,0.0
2022-01-26 08:02:01.005688,0.0,0.0,0.0
2022-01-26 08:02:01.510370,0.0,0.0,0.0
2022-01-26 08:02:02.007550,0.0,0.0,0.0
2022-01-26 08:02:02.504451,0.0,0.0,0.0
2022-01-26 08:02:03.002977,0.0,0.0,0.0
2022-01-26 08:02:03.509019,0.0,0.0,0.0
2022-01-26 08:02:04.005818,0.0,0.0,0.0
2022-01-26 08:02:04.510361,0.0,0.0,0.0
2022-01-26 08:02:05.009127,0.0,0.0,0.0
2022-01-26 08:02:05.504563,0.0,0.0,0.0
2022-01-26 08:02:06.002418,0.0,0.0,0.0
2022-01-26 08:02:06.509302,0.0,0.0,0.0
2022-01-26 08:02:07.010746,0.0,0.0,0.0
2022-01-26 08:02:07.505496,0.0,0.0,0.0
2022-01-26 08:02:08.004878,0.0,0.0,0.0
2022-01-26 08:02:08.501449,0.0,0.0,0.0
2022-01-26 08:02:09.010701,0.0,0.0,0.0
2022-01-26 08:02:09.505128,0.0,0.0,0.0
2022-01-26 08:02:10.003646,0.0,0.0,0.0
2022-01-26 08:02:10.507572,0.0,0.0,0.0
2022-01-26 08:02:11.004172,0.0,0.0,0.0
2022-01-26 08:02:11.501082,0.0,0.0,0.0
2022-01-26 08:02:12.009995,0.0,0.0,0.0
2022-01-26 08:02:12.504800,0.0,0.0,0.0
2022-01-26 08:02:13.003183,0.0,0.0,0.0
2022-01-26 08:02:13.509057,0.0,0.0,0.0
2022-01-26 08:02:14.010347,0.0,0.0,0.0
2022-01-26 08:02:14.502464,0.0,0.0,0.0
2022-01-26 08:02:15.009868,0.0,0.0,0.0
2022-01-26 08:02:15.504234,0.0,0.0,0.0
2022-01-26 08:02:16.003624,0.0,0.0,0.0
2022-01-26 08:02:16.509946,0.0,0.0,0.0
2022-01-26 08:02:17.008551,0.0,0.0,0.0
2022-01-26 08:02:17.504027,0.0,0.0,0.0
2022-01-26 08:02:18.002107,0.0,0.0,0.0
2022-01-26 08:02:18.509741,0.0,0.0,0.0
2022-01-26 08:02:19.008674,0.0,0.0,0.0
2022-01-26 08:02:19.502983,0.0,0.0,0.0
2022-01-26 08:02:20.010796,0.0,0.0,0.0
2022-01-26 08:02:20.507741,0.0,0.0,0.0
2022-01-26 08:02:21.005393,0.0,0.0,0.0
2022-01-26 08:02:22.005049,0.0,0.0,0.0
2022-01-26 08:02:22.509411,0.0,0.0,0.0
2022-01-26 08:02:23.010018,0.0,0.0,0.0
2022-01-26 08:02:23.504782,0.0,0.0,0.0
2022-01-26 08:02:24.004014,0.0,0.0,0.0
2022-01-26 08:02:24.508610,0.0,0.0,0.0
2022-01-26 08:02:25.006795,0.0,0.0,0.0
2022-01-26 08:02:25.502542,0.0,0.0,0.0
2022-01-26 08:02:26.010734,0.0,0.0,0.0
2022-01-26 08:02:26.505965,0.0,0.0,0.0
2022-01-26 08:02:27.004114,0.0,0.0,0.0
2022-01-26 08:02:27.500951,0.0,0.0,0.0
2022-01-26 08:02:28.008627,0.0,0.0,0.0
2022-01-26 08:02:28.503284,0.0,0.0,0.0
2022-01-26 08:02:29.001747,0.0,0.0,0.0
2022-01-26 08:02:29.508246,0.0,0.0,0.0
2022-01-26 08:02:30.006312,0.0,0.0,0.0
2022-01-26 08:02:30.510983,0.0,0.0,0.0
2022-01-26 08:02:31.008164,0.0,0.0,0.0
2022-01-26 08:02:31.502206,0.0,0.0,0.0
2022-01-26 08:02:32.010413,0.0,0.0,0.0
2022-01-26 08:02:32.505571,0.0,0.0,0.0
2022-01-26 08:02:33.003961,0.0,0.0,0.0
2022-01-26 08:02:33.509325,0.0,0.0,0.0
2022-01-26 08:02:34.001232,0.0,0.0,0.0
2022-01-26 08:02:34.506668,0.0,0.0,0.0
2022-01-26 08:02:35.004866,0.0,0.0,0.0
2022-01-26 08:02:35.509444,0.0,0.0,0.0
2022-01-26 08:02:36.009339,0.0,0.0,0.0
2022-01-26 08:02:36.503976,0.0,0.0,0.0
2022-01-26 08:02:37.002608,0.0,0.0,0.0
2022-01-26 08:02:37.507480,0.0,0.0,0.0
2022-01-26 08:02:38.004142,0.0,0.0,0.0
2022-01-26 08:02:38.501075,0.0,0.0,0.0
2022-01-26 08:02:39.010973,0.0,0.0,0.0
2022-01-26 08:02:39.506317,0.0,0.0,0.0
2022-01-26 08:02:40.003986,0.0,0.0,0.0
2022-01-26 08:02:40.510050,0.0,0.0,0.0
2022-01-26 08:02:41.006859,0.0,0.0,0.0
2022-01-26 08:02:41.501312,0.0,0.0,0.0
2022-01-26 08:02:42.009189,0.0,0.0,0.0
2022-01-26 08:02:42.503947,0.0,0.0,0.0
2022-01-26 08:02:43.004686,0.0,0.0,0.0
2022-01-26 08:02:43.507904,0.0,0.0,0.0
2022-01-26 08:02:44.001878,0.0,0.0,0.0
2022-01-26 08:02:44.506500,0.0,0.0,0.0
2022-01-26 08:02:45.003894,0.0,0.0,0.0
2022-01-26 08:02:45.508174,0.0,0.0,0.0
2022-01-26 08:02:46.005130,0.0,0.0,0.0
2022-01-26 08:02:46.509549,0.0,0.0,0.0
2022-01-26 08:02:47.009153,0.0,0.0,0.0
2022-01-26 08:02:47.506587,0.0,0.0,0.0
2022-01-26 08:02:48.005263,0.0,0.0,0.0
2022-01-26 08:02:48.502862,0.0,0.0,0.0
2022-01-26 08:02:49.001282,0.0,0.0,0.0
2022-01-26 08:02:49.508111,0.0,0.0,0.0
2022-01-26 08:02:50.006428,0.0,0.0,0.0
2022-01-26 08:02:50.509911,0.0,0.0,0.0
2022-01-26 08:02:51.008056,0.0,0.0,0.0
2022-01-26 08:02:51.506775,0.0,0.0,0.0
2022-01-26 08:02:52.004008,0.0,0.0,0.0
2022-01-26 08:02:52.508950,0.0,0.0,0.0
2022-01-26 08:02:53.005043,0.0,0.0,0.0
2022-01-26 08:02:53.509453,0.0,0.0,0.0
2022-01-26 08:02:54.007451,0.0,0.0,0.0
2022-01-26 08:02:54.502648,0.0,0.0,0.0
2022-01-26 08:02:55.010784,0.0,0.0,0.0
2022-01-26 08:02:55.504555,0.0,0.0,0.0
2022-01-26 08:02:56.003567,0.0,0.0,0.0
2022-01-26 08:02:56.507907,0.0,0.0,0.0
2022-01-26 08:02:57.005979,0.0,0.0,0.0
2022-01-26 08:02:57.502301,0.0,0.0,0.0
2022-01-26 08:02:58.009833,0.0,0.0,0.0
2022-01-26 08:02:58.503836,0.0,0.0,0.0
2022-01-26 08:02:59.002075,0.0,0.0,0.0
2022-01-26 08:02:59.506594,0.0,0.0,0.0
2022-01-26 08:03:00.005736,0.0,0.0,0.0
2022-01-26 08:03:00.502187,0.0,0.0,0.0
2022-01-26 08:03:01.010911,0.0,0.0,0.0
2022-01-26 08:03:01.507265,0.0,0.0,0.0
2022-01-26 08:03:02.005654,0.0,0.0,0.0
2022-01-26 08:03:02.509501,0.0,0.0,0.0
2022-01-26 08:03:03.007891,0.0,0.0,0.0
2022-01-26 08:03:03.502689,0.0,0.0,0.0
2022-01-26 08:03:04.001067,0.0,0.0,0.0
2022-01-26 08:03:04.507989,0.0,0.0,0.0
2022-01-26 08:03:05.007101,0.0,0.0,0.0
2022-01-26 08:03:05.502834,0.0,0.0,0.0
2022-01-26 08:03:06.010313,0.0,0.0,0.0
2022-01-26 08:03:06.507129,0.0,0.0,0.0
2022-01-26 08:03:07.005389,0.0,0.0,0.0
2022-01-26 08:03:08.005705,0.0,0.0,0.0
2022-01-26 08:03:08.504189,0.0,0.0,0.0
2022-01-26 08:03:09.003908,0.0,0.0,0.0
2022-01-26 08:03:09.509714,0.0,0.0,0.0
2022-01-26 08:03:10.006682,0.0,0.0,0.0
2022-01-26 08:03:10.507936,0.0,0.0,0.0
2022-01-26 08:03:11.010702,0.0,0.0,0.0
2022-01-26 08:03:11.503934,0.0,0.0,0.0
2022-01-26 08:03:12.002133,0.0,0.0,0.0
2022-01-26 08:03:12.507843,0.0,0.0,0.0
2022-01-26 08:03:13.005073,0.0,0.0,0.0
2022-01-26 08:03:13.501862,0.0,0.0,0.0
2022-01-26 08:03:14.010260,0.0,0.0,0.0
2022-01-26 08:03:14.506394,0.0,0.0,0.0
2022-01-26 08:03:15.005524,0.0,0.0,0.0
2022-01-26 08:03:16.005756,0.0,0.0,0.0
2022-01-26 08:03:16.510848,0.0,0.0,0.0
2022-01-26 08:03:17.003559,0.0,0.0,0.0
2022-01-26 08:03:17.509479,0.0,0.0,0.0
2022-01-26 08:03:18.002312,0.0,0.0,0.0
2022-01-26 08:03:18.508502,0.0,0.0,0.0
2022-01-26 08:03:19.006807,0.0,0.0,0.0
2022-01-26 08:03:19.501423,0.0,0.0,0.0
2022-01-26 08:03:20.009905,0.0,0.0,0.0
2022-01-26 08:03:20.504607,0.0,0.0,0.0
2022-01-26 08:03:21.002153,0.0,0.0,0.0
2022-01-26 08:03:21.506898,0.0,0.0,0.0
2022-01-26 08:03:22.005552,0.0,0.0,0.0
2022-01-26 08:03:22.502610,0.0,0.0,0.0
2022-01-26 08:03:23.009941,0.0,0.0,0.0
2022-01-26 08:03:23.505477,0.0,0.0,0.0
2022-01-26 08:03:24.003966,0.0,0.0,0.0
2022-01-26 08:03:24.509183,0.0,0.0,0.0
2022-01-26 08:03:25.007575,0.0,0.0,0.0
2022-01-26 08:03:25.502963,0.0,0.0,0.0
2022-01-26 08:03:26.001174,0.0,0.0,0.0
2022-01-26 08:03:26.509549,0.0,0.0,0.0
2022-01-26 08:03:27.007088,0.0,0.0,0.0
2022-01-26 08:03:27.501125,0.0,0.0,0.0
2022-01-26 08:03:28.010544,0.0,0.0,0.0
2022-01-26 08:03:28.508941,0.0,0.0,0.0
2022-01-26 08:03:29.006923,0.0,0.0,0.0
2022-01-26 08:03:29.502836,0.0,0.0,0.0
2022-01-26 08:03:30.010611,0.0,0.0,0.0
2022-01-26 08:03:30.505558,0.0,0.0,0.0
2022-01-26 08:03:31.004295,0.0,0.0,0.0
2022-01-26 08:03:31.510837,0.0,0.0,0.0
2022-01-26 08:03:32.009830,0.0,0.0,0.0
2022-01-26 08:03:32.509845,0.0,0.0,0.0
2022-01-26 08:03:33.007669,0.0,0.0,0.0
2022-01-26 08:03:33.502598,0.0,0.0,0.0
2022-01-26 08:03:34.002660,0.0,0.0,0.0
2022-01-26 08:03:34.507258,0.0,0.0,0.0
2022-01-26 08:03:35.006955,0.0,0.0,0.0
2022-01-26 08:03:35.503380,0.0,0.0,0.0
2022-01-26 08:03:36.002913,0.0,0.0,0.0
2022-01-26 08:03:36.509711,0.0,0.0,0.0
2022-01-26 08:03:37.008242,0.0,0.0,0.0
2022-01-26 08:03:37.506968,0.0,0.0,0.0
2022-01-26 08:03:38.002984,0.0,0.0,0.0
2022-01-26 08:03:38.508100,0.0,0.0,0.0
2022-01-26 08:03:39.006738,0.0,0.0,0.0
2022-01-26 08:03:39.504149,0.0,0.0,0.0
2022-01-26 08:03:40.002889,0.0,0.0,0.0
2022-01-26 08:03:40.510914,0.0,0.0,0.0
2022-01-26 08:03:41.009143,0.0,0.0,0.0
2022-01-26 08:03:41.503395,0.0,0.0,0.0
2022-01-26 08:03:42.001555,0.0,0.0,0.0
2022-01-26 08:03:42.506849,0.0,0.0,0.0
2022-01-26 08:03:43.004936,0.0,0.0,0.0
2022-01-26 08:03:43.504995,0.0,0.0,0.0
2022-01-26 08:03:44.001210,0.0,0.0,0.0
2022-01-26 08:03:44.508220,0.0,0.0,0.0
2022-01-26 08:03:45.005497,0.0,0.0,0.0
2022-01-26 08:03:45.509031,0.0,0.0,0.0
2022-01-26 08:03:46.007207,0.0,0.0,0.0
2022-01-26 08:03:46.501246,0.0,0.0,0.0
2022-01-26 08:03:47.010341,0.0,0.0,0.0
2022-01-26 08:03:47.504556,0.0,0.0,0.0
2022-01-26 08:03:48.003423,0.0,0.0,0.0
2022-01-26 08:03:48.509964,0.0,0.0,0.0
2022-01-26 08:03:49.001745,0.0,0.0,0.0
2022-01-26 08:03:49.506594,0.0,0.0,0.0
2022-01-26 08:03:50.003901,0.0,0.0,0.0
2022-01-26 08:03:50.508495,0.0,0.0,0.0
2022-01-26 08:03:51.008029,0.0,0.0,0.0
2022-01-26 08:03:51.502025,0.0,0.0,0.0
2022-01-26 08:03:52.010590,0.0,0.0,0.0
2022-01-26 08:03:52.504367,0.0,0.0,0.0
2022-01-26 08:03:53.003889,0.0,0.0,0.0
2022-01-26 08:03:53.501123,0.0,0.0,0.0
2022-01-26 08:03:54.004253,0.0,0.0,0.0
2022-01-26 08:03:54.510580,0.0,0.0,0.0
2022-01-26 08:03:55.008776,0.0,0.0,0.0
2022-01-26 08:03:55.503840,0.0,0.0,0.0
2022-01-26 08:03:56.002059,0.0,0.0,0.0
2022-01-26 08:03:56.507315,0.0,0.0,0.0
2022-01-26 08:03:57.004724,0.0,0.0,0.0
2022-01-26 08:03:57.509735,0.0,0.0,0.0
2022-01-26 08:03:58.001730,0.0,0.0,0.0
2022-01-26 08:03:58.507425,0.0,0.0,0.0
2022-01-26 08:03:59.009276,0.0,0.0,0.0
2022-01-26 08:03:59.505334,0.0,0.0,0.0
2022-01-26 08:04:00.005375,0.0,0.0,0.0
2022-01-26 08:04:00.501973,0.0,0.0,0.0
2022-01-26 08:04:01.009841,0.0,0.0,0.0
2022-01-26 08:04:01.506752,0.0,0.0,0.0
2022-01-26 08:04:02.004628,0.0,0.0,0.0
2022-01-26 08:04:02.510556,0.0,0.0,0.0
2022-01-26 08:04:03.010258,0.0,0.0,0.0
2022-01-26 08:04:03.504873,0.0,0.0,0.0
2022-01-26 08:04:04.002395,0.0,0.0,0.0
2022-01-26 08:04:04.507391,0.0,0.0,0.0
2022-01-26 08:04:05.005146,0.0,0.0,0.0
2022-01-26 08:04:05.510514,0.0,0.0,0.0
2022-01-26 08:04:06.009995,0.0,0.0,0.0
2022-01-26 08:04:06.508960,0.0,0.0,0.0
2022-01-26 08:04:07.008897,0.0,0.0,0.0
2022-01-26 08:04:07.506405,0.0,0.0,0.0
2022-01-26 08:04:08.007746,0.0,0.0,0.0
2022-01-26 08:04:08.502365,0.0,0.0,0.0
2022-01-26 08:04:09.003865,0.0,0.0,0.0
2022-01-26 08:04:09.509771,0.0,0.0,0.0
2022-01-26 08:04:10.009235,0.0,0.0,0.0
2022-01-26 08:04:10.506808,0.0,0.0,0.0
2022-01-26 08:04:11.010498,0.0,0.0,0.0
2022-01-26 08:04:11.507361,0.0,0.0,0.0
2022-01-26 08:04:12.008513,0.0,0.0,0.0
2022-01-26 08:04:12.503157,0.0,0.0,0.0
2022-01-26 08:04:13.001415,0.0,0.0,0.0
2022-01-26 08:04:13.506555,0.0,0.0,0.0
2022-01-26 08:04:14.006779,0.0,0.0,0.0
2022-01-26 08:04:14.501933,0.0,0.0,0.0
2022-01-26 08:04:15.010405,0.0,0.0,0.0
2022-01-26 08:04:15.504437,0.0,0.0,0.0
2022-01-26 08:04:16.004616,0.0,0.0,0.0
2022-01-26 08:04:16.510301,0.0,0.0,0.0
2022-01-26 08:04:17.002071,0.0,0.0,0.0
2022-01-26 08:04:17.508713,0.0,0.0,0.0
2022-01-26 08:04:18.010346,0.0,0.0,0.0
2022-01-26 08:04:18.506884,0.0,0.0,0.0
2022-01-26 08:04:19.004851,0.0,0.0,0.0
2022-01-26 08:04:19.509522,0.0,0.0,0.0
2022-01-26 08:04:20.010846,0.0,0.0,0.0
2022-01-26 08:04:20.504911,0.0,0.0,0.0
2022-01-26 08:04:21.006627,0.0,0.0,0.0
2022-01-26 08:04:21.511064,0.0,0.0,0.0
2022-01-26 08:04:22.010334,0.0,0.0,0.0
2022-01-26 08:04:22.504611,0.0,0.0,0.0
2022-01-26 08:04:23.005131,0.0,0.0,0.0
2022-01-26 08:04:23.509788,0.0,0.0,0.0
2022-01-26 08:04:24.007632,0.0,0.0,0.0
2022-01-26 08:04:24.504065,0.0,0.0,0.0
2022-01-26 08:04:25.001434,0.0,0.0,0.0
2022-01-26 08:04:25.507211,0.0,0.0,0.0
2022-01-26 08:04:26.010609,0.0,0.0,0.0
2022-01-26 08:04:26.506727,0.0,0.0,0.0
2022-01-26 08:04:27.505396,0.0,0.0,0.0
2022-01-26 08:04:28.002670,0.0,0.0,0.0
2022-01-26 08:04:28.510768,0.0,0.0,0.0
2022-01-26 08:04:29.009358,0.0,0.0,0.0
2022-01-26 08:04:29.502733,0.0,0.0,0.0
2022-01-26 08:04:30.010656,0.0,0.0,0.0
2022-01-26 08:04:30.506818,0.0,0.0,0.0
2022-01-26 08:04:31.003070,0.0,0.0,0.0
2022-01-26 08:04:31.507447,0.0,0.0,0.0
2022-01-26 08:04:32.005064,0.0,0.0,0.0
2022-01-26 08:04:32.510902,0.0,0.0,0.0
2022-01-26 08:04:33.010191,0.0,0.0,0.0
2022-01-26 08:04:33.506335,0.0,0.0,0.0
2022-01-26 08:04:34.004072,0.0,0.0,0.0
2022-01-26 08:04:34.509732,0.0,0.0,0.0
2022-01-26 08:04:35.008807,0.0,0.0,0.0
2022-01-26 08:04:35.504444,0.0,0.0,0.0
2022-01-26 08:04:36.002714,0.0,0.0,0.0
2022-01-26 08:04:36.509816,0.0,0.0,0.0
2022-01-26 08:04:37.008456,0.0,0.0,0.0
2022-01-26 08:04:37.507470,0.0,0.0,0.0
2022-01-26 08:04:38.006511,0.0,0.0,0.0
2022-01-26 08:04:38.504032,0.0,0.0,0.0
2022-01-26 08:04:39.005718,0.0,0.0,0.0
2022-01-26 08:04:39.502645,0.0,0.0,0.0
2022-01-26 08:04:40.010506,0.0,0.0,0.0
2022-01-26 08:04:40.507334,0.0,0.0,0.0
2022-01-26 08:04:41.005130,0.0,0.0,0.0
2022-01-26 08:04:41.502548,0.0,0.0,0.0
2022-01-26 08:04:42.002286,0.0,0.0,0.0
2022-01-26 08:04:42.508235,0.0,0.0,0.0
2022-01-26 08:04:43.003922,0.0,0.0,0.0
2022-01-26 08:04:43.507932,0.0,0.0,0.0
2022-01-26 08:04:44.006409,0.0,0.0,0.0
2022-01-26 08:04:44.501040,0.0,0.0,0.0
2022-01-26 08:04:45.001230,0.0,0.0,0.0
2022-01-26 08:04:45.506307,0.0,0.0,0.0
2022-01-26 08:04:46.004501,0.0,0.0,0.0
2022-01-26 08:04:46.505198,0.0,0.0,0.0
2022-01-26 08:04:47.003894,0.0,0.0,0.0
2022-01-26 08:04:48.005226,0.0,0.0,0.0
2022-01-26 08:04:48.510384,0.0,0.0,0.0
2022-01-26 08:04:49.009767,0.0,0.0,0.0
2022-01-26 08:04:49.505166,0.0,0.0,0.0
2022-01-26 08:04:50.010583,0.0,0.0,0.0
2022-01-26 08:04:50.504682,0.0,0.0,0.0
2022-01-26 08:04:51.002665,0.0,0.0,0.0
2022-01-26 08:04:51.508998,0.0,0.0,0.0
2022-01-26 08:04:52.008525,0.0,0.0,0.0
2022-01-26 08:04:52.502343,0.0,0.0,0.0
2022-01-26 08:04:53.010293,0.0,0.0,0.0
2022-01-26 08:04:53.505844,0.0,0.0,0.0
2022-01-26 08:04:54.003958,0.0,0.0,0.0
2022-01-26 08:04:54.509947,0.0,0.0,0.0
2022-01-26 08:04:55.007231,0.0,0.0,0.0
2022-01-26 08:04:55.504176,0.0,0.0,0.0
2022-01-26 08:04:56.002436,0.0,0.0,0.0
2022-01-26 08:04:56.508586,0.0,0.0,0.0
2022-01-26 08:04:57.005978,0.0,0.0,0.0
2022-01-26 08:04:57.510724,0.0,0.0,0.0
2022-01-26 08:04:58.011137,0.0,0.0,0.0
2022-01-26 08:04:58.506432,0.0,0.0,0.0
2022-01-26 08:04:59.008743,0.0,0.0,0.0
2022-01-26 08:04:59.501959,0.0,0.0,0.0
2022-01-26 08:05:00.010554,0.0,0.0,0.0
2022-01-26 08:05:00.510786,0.0,0.0,0.0
2022-01-26 08:05:01.008204,0.0,0.0,0.0
2022-01-26 08:05:01.503526,0.0,0.0,0.0
2022-01-26 08:05:02.010878,0.0,0.0,0.0
2022-01-26 08:05:02.505121,0.0,0.0,0.0
2022-01-26 08:05:03.003150,0.0,0.0,0.0
2022-01-26 08:05:03.508671,0.0,0.0,0.0
2022-01-26 08:05:04.006307,0.0,0.0,0.0
2022-01-26 08:05:04.510261,0.0,0.0,0.0
2022-01-26 08:05:05.008826,0.0,0.0,0.0
2022-01-26 08:05:05.504431,0.0,0.0,0.0
2022-01-26 08:05:06.001765,0.0,0.0,0.0
2022-01-26 08:05:06.507351,0.0,0.0,0.0
2022-01-26 08:05:07.004118,0.0,0.0,0.0
2022-01-26 08:05:07.509189,0.0,0.0,0.0
2022-01-26 08:05:08.007896,0.0,0.0,0.0
2022-01-26 08:05:08.504021,0.0,0.0,0.0
2022-01-26 08:05:09.000983,0.0,0.0,0.0
2022-01-26 08:05:09.506311,0.0,0.0,0.0
2022-01-26 08:05:10.005131,0.0,0.0,0.0
2022-01-26 08:05:10.509669,0.0,0.0,0.0
2022-01-26 08:05:11.003629,0.0,0.0,0.0
2022-01-26 08:05:11.510037,0.0,0.0,0.0
2022-01-26 08:05:12.006634,0.0,0.0,0.0
2022-01-26 08:05:12.502871,0.0,0.0,0.0
2022-01-26 08:05:13.001354,0.0,0.0,0.0
2022-01-26 08:05:13.506306,0.0,0.0,0.0
2022-01-26 08:05:14.003902,0.0,0.0,0.0
2022-01-26 08:05:14.511168,0.0,0.0,0.0
2022-01-26 08:05:15.009345,0.0,0.0,0.0
2022-01-26 08:05:15.504176,0.0,0.0,0.0
2022-01-26 08:05:16.007913,0.0,0.0,0.0
2022-01-26 08:05:16.505802,0.0,0.0,0.0
2022-01-26 08:05:17.006728,0.0,0.0,0.0
2022-01-26 08:05:17.503547,0.0,0.0,0.0
2022-01-26 08:05:18.505102,0.0,0.0,0.0
2022-01-26 08:05:19.003904,0.0,0.0,0.0
2022-01-26 08:05:19.509103,0.0,0.0,0.0
2022-01-26 08:05:20.007178,0.0,0.0,0.0
2022-01-26 08:05:20.502879,0.0,0.0,0.0
2022-01-26 08:05:21.001999,0.0,0.0,0.0
2022-01-26 08:05:21.507355,0.0,0.0,0.0
2022-01-26 08:05:22.005944,0.0,0.0,0.0
2022-01-26 08:05:22.502262,0.0,0.0,0.0
2022-01-26 08:05:23.006410,0.0,0.0,0.0
2022-01-26 08:05:23.510431,0.0,0.0,0.0
2022-01-26 08:05:24.006353,0.0,0.0,0.0
2022-01-26 08:05:24.502435,0.0,0.0,0.0
2022-01-26 08:05:25.009539,0.0,0.0,0.0
2022-01-26 08:05:25.506315,0.0,0.0,0.0
2022-01-26 08:05:26.003340,0.0,0.0,0.0
2022-01-26 08:05:26.501380,0.0,0.0,0.0
2022-01-26 08:05:27.003289,0.0,0.0,0.0
2022-01-26 08:05:27.510373,0.0,0.0,0.0
2022-01-26 08:05:28.007388,0.0,0.0,0.0
2022-01-26 08:05:28.505388,0.0,0.0,0.0
2022-01-26 08:05:29.003964,0.0,0.0,0.0
2022-01-26 08:05:29.510448,0.0,0.0,0.0
2022-01-26 08:05:30.007923,0.0,0.0,0.0
2022-01-26 08:05:30.504947,0.0,0.0,0.0
2022-01-26 08:05:31.003036,0.0,0.0,0.0
2022-01-26 08:05:31.509752,0.0,0.0,0.0
2022-01-26 08:05:32.003924,0.0,0.0,0.0
2022-01-26 08:05:32.509042,0.0,0.0,0.0
2022-01-26 08:05:33.007826,0.0,0.0,0.0
2022-01-26 08:05:33.502979,0.0,0.0,0.0
2022-01-26 08:05:34.001410,0.0,0.0,0.0
2022-01-26 08:05:34.506628,0.0,0.0,0.0
2022-01-26 08:05:35.005143,0.0,0.0,0.0
2022-01-26 08:05:35.501954,0.0,0.0,0.0
2022-01-26 08:05:36.008725,0.0,0.0,0.0
2022-01-26 08:05:36.505148,0.0,0.0,0.0
2022-01-26 08:05:37.002504,0.0,0.0,0.0
2022-01-26 08:05:37.506972,0.0,0.0,0.0
2022-01-26 08:05:38.004423,0.0,0.0,0.0
2022-01-26 08:05:38.510358,0.0,0.0,0.0
2022-01-26 08:05:39.007069,0.0,0.0,0.0
2022-01-26 08:05:39.505185,0.0,0.0,0.0
2022-01-26 08:05:40.002784,0.0,0.0,0.0
2022-01-26 08:05:40.508720,0.0,0.0,0.0
2022-01-26 08:05:41.006448,0.0,0.0,0.0
2022-01-26 08:05:41.510373,0.0,0.0,0.0
2022-01-26 08:05:42.007540,0.0,0.0,0.0
2022-01-26 08:05:42.502970,0.0,0.0,0.0
2022-01-26 08:05:43.001285,0.0,0.0,0.0
2022-01-26 08:05:43.506003,0.0,0.0,0.0
2022-01-26 08:05:44.004946,0.0,0.0,0.0
2022-01-26 08:05:44.508342,0.0,0.0,0.0
2022-01-26 08:05:45.005790,0.0,0.0,0.0
2022-01-26 08:05:45.505779,0.0,0.0,0.0
2022-01-26 08:05:46.003686,0.0,0.0,0.0
2022-01-26 08:05:46.508759,0.0,0.0,0.0
2022-01-26 08:05:47.006907,0.0,0.0,0.0
2022-01-26 08:05:47.502287,0.0,0.0,0.0
2022-01-26 08:05:48.010072,0.0,0.0,0.0
2022-01-26 08:05:48.504566,0.0,0.0,0.0
2022-01-26 08:05:49.002171,0.0,0.0,0.0
2022-01-26 08:05:49.507347,0.0,0.0,0.0
2022-01-26 08:05:50.005833,0.0,0.0,0.0
2022-01-26 08:05:50.509346,0.0,0.0,0.0
2022-01-26 08:05:51.007467,0.0,0.0,0.0
2022-01-26 08:05:51.504752,0.0,0.0,0.0
2022-01-26 08:05:52.002468,0.0,0.0,0.0
2022-01-26 08:05:52.506692,0.0,0.0,0.0
2022-01-26 08:05:53.007245,0.0,0.0,0.0
2022-01-26 08:05:53.502835,0.0,0.0,0.0
2022-01-26 08:05:54.001925,0.0,0.0,0.0
2022-01-26 08:05:54.506831,0.0,0.0,0.0
2022-01-26 08:05:55.003626,0.0,0.0,0.0
2022-01-26 08:05:55.508394,0.0,0.0,0.0
2022-01-26 08:05:56.008759,0.0,0.0,0.0
2022-01-26 08:05:56.503013,0.0,0.0,0.0
2022-01-26 08:05:57.001734,0.0,0.0,0.0
2022-01-26 08:05:57.506839,0.0,0.0,0.0
2022-01-26 08:05:58.004496,0.0,0.0,0.0
2022-01-26 08:05:58.510807,0.0,0.0,0.0
2022-01-26 08:05:59.008389,0.0,0.0,0.0
2022-01-26 08:05:59.501740,0.0,0.0,0.0
2022-01-26 08:06:00.010423,0.0,0.0,0.0
2022-01-26 08:06:00.509139,0.0,0.0,0.0
2022-01-26 08:06:01.008261,0.0,0.0,0.0
2022-01-26 08:06:01.503891,0.0,0.0,0.0
2022-01-26 08:06:02.003370,0.0,0.0,0.0
2022-01-26 08:06:02.503889,0.0,0.0,0.0
2022-01-26 08:06:03.008187,0.0,0.0,0.0
2022-01-26 08:06:03.511295,0.0,0.0,0.0
2022-01-26 08:06:04.007128,0.0,0.0,0.0
2022-01-26 08:06:04.502380,0.0,0.0,0.0
2022-01-26 08:06:05.000981,0.0,0.0,0.0
2022-01-26 08:06:05.511180,0.0,0.0,0.0
2022-01-26 08:06:06.009323,0.0,0.0,0.0
2022-01-26 08:06:06.502865,0.0,0.0,0.0
2022-01-26 08:06:07.009551,0.0,0.0,0.0
2022-01-26 08:06:07.504350,0.0,0.0,0.0
2022-01-26 08:06:08.002161,0.0,0.0,0.0
2022-01-26 08:06:08.506773,0.0,0.0,0.0
2022-01-26 08:06:09.004478,0.0,0.0,0.0
2022-01-26 08:06:09.508955,0.0,0.0,0.0
2022-01-26 08:06:10.003374,0.0,0.0,0.0
2022-01-26 08:06:10.501450,0.0,0.0,0.0
2022-01-26 08:06:11.009564,0.0,0.0,0.0
2022-01-26 08:06:11.504287,0.0,0.0,0.0
2022-01-26 08:06:12.001319,0.0,0.0,0.0
2022-01-26 08:06:12.506835,0.0,0.0,0.0
2022-01-26 08:06:13.004056,0.0,0.0,0.0
2022-01-26 08:06:13.509054,0.0,0.0,0.0
2022-01-26 08:06:14.005318,0.0,0.0,0.0
2022-01-26 08:06:15.006262,0.0,0.0,0.0
2022-01-26 08:06:15.510780,0.0,0.0,0.0
2022-01-26 08:06:16.007295,0.0,0.0,0.0
2022-01-26 08:06:16.501307,0.0,0.0,0.0
2022-01-26 08:06:17.007445,0.0,0.0,0.0
2022-01-26 08:06:17.502234,0.0,0.0,0.0
2022-01-26 08:06:18.010901,0.0,0.0,0.0
2022-01-26 08:06:18.507022,0.0,0.0,0.0
2022-01-26 08:06:19.006541,0.0,0.0,0.0
2022-01-26 08:06:19.501559,0.0,0.0,0.0
2022-01-26 08:06:20.009035,0.0,0.0,0.0
2022-01-26 08:06:20.505071,0.0,0.0,0.0
2022-01-26 08:06:21.001696,0.0,0.0,0.0
2022-01-26 08:06:21.508023,0.0,0.0,0.0
2022-01-26 08:06:22.006278,0.0,0.0,0.0
2022-01-26 08:06:22.501143,0.0,0.0,0.0
2022-01-26 08:06:23.009362,0.0,0.0,0.0
2022-01-26 08:06:23.506355,0.0,0.0,0.0
2022-01-26 08:06:24.009662,0.0,0.0,0.0
2022-01-26 08:06:24.505408,0.0,0.0,0.0
2022-01-26 08:06:25.003847,0.0,0.0,0.0
2022-01-26 08:06:25.508793,0.0,0.0,0.0
2022-01-26 08:06:26.003380,0.0,0.0,0.0
2022-01-26 08:06:26.510319,0.0,0.0,0.0
2022-01-26 08:06:27.007314,0.0,0.0,0.0
2022-01-26 08:06:27.504792,0.0,0.0,0.0
2022-01-26 08:06:28.001843,0.0,0.0,0.0
2022-01-26 08:06:28.506763,0.0,0.0,0.0
2022-01-26 08:06:29.007964,0.0,0.0,0.0
2022-01-26 08:06:29.502209,0.0,0.0,0.0
2022-01-26 08:06:30.007375,0.0,0.0,0.0
2022-01-26 08:06:30.509981,0.0,0.0,0.0
2022-01-26 08:06:31.007030,0.0,0.0,0.0
2022-01-26 08:06:31.501964,0.0,0.0,0.0
2022-01-26 08:06:32.003756,0.0,0.0,0.0
2022-01-26 08:06:32.509622,0.0,0.0,0.0
2022-01-26 08:06:33.007814,0.0,0.0,0.0
2022-01-26 08:06:33.502064,0.0,0.0,0.0
2022-01-26 08:06:34.010211,0.0,0.0,0.0
2022-01-26 08:06:34.509040,0.0,0.0,0.0
2022-01-26 08:06:35.006245,0.0,0.0,0.0
2022-01-26 08:06:35.503186,0.0,0.0,0.0
2022-01-26 08:06:36.002747,0.0,0.0,0.0
2022-01-26 08:06:36.508141,0.0,0.0,0.0
2022-01-26 08:06:37.005913,0.0,0.0,0.0
2022-01-26 08:06:37.501922,0.0,0.0,0.0
2022-01-26 08:06:38.006342,0.0,0.0,0.0
2022-01-26 08:06:38.501941,0.0,0.0,0.0
2022-01-26 08:06:39.002740,0.0,0.0,0.0
2022-01-26 08:06:39.510609,0.0,0.0,0.0
2022-01-26 08:06:40.007884,0.0,0.0,0.0
2022-01-26 08:06:40.504249,0.0,0.0,0.0
2022-01-26 08:06:41.001011,0.0,0.0,0.0
2022-01-26 08:06:41.505445,0.0,0.0,0.0
2022-01-26 08:06:42.005051,0.0,0.0,0.0
2022-01-26 08:06:42.509213,0.0,0.0,0.0
2022-01-26 08:06:43.008436,0.0,0.0,0.0
2022-01-26 08:06:43.503914,0.0,0.0,0.0
2022-01-26 08:06:44.001985,0.0,0.0,0.0
2022-01-26 08:06:44.508272,0.0,0.0,0.0
2022-01-26 08:06:45.006364,0.0,0.0,0.0
2022-01-26 08:06:45.501833,0.0,0.0,0.0
2022-01-26 08:06:46.001468,0.0,0.0,0.0
2022-01-26 08:06:46.506629,0.0,0.0,0.0
2022-01-26 08:06:47.004446,0.0,0.0,0.0
2022-01-26 08:06:47.510775,0.0,0.0,0.0
2022-01-26 08:06:48.005331,0.0,0.0,0.0
2022-01-26 08:06:48.510103,0.0,0.0,0.0
2022-01-26 08:06:49.007876,0.0,0.0,0.0
2022-01-26 08:06:49.505207,0.0,0.0,0.0
2022-01-26 08:06:50.002354,0.0,0.0,0.0
2022-01-26 08:06:50.508242,0.0,0.0,0.0
2022-01-26 08:06:51.005702,0.0,0.0,0.0
2022-01-26 08:06:51.510670,0.0,0.0,0.0
2022-01-26 08:06:52.008596,0.0,0.0,0.0
2022-01-26 08:06:52.503432,0.0,0.0,0.0
2022-01-26 08:06:53.011199,0.0,0.0,0.0
2022-01-26 08:06:53.506313,0.0,0.0,0.0
2022-01-26 08:06:54.006734,0.0,0.0,0.0
2022-01-26 08:06:54.503307,0.0,0.0,0.0
2022-01-26 08:06:55.011064,0.0,0.0,0.0
2022-01-26 08:06:55.506679,0.0,0.0,0.0
2022-01-26 08:06:56.009886,0.0,0.0,0.0
2022-01-26 08:06:56.507234,0.0,0.0,0.0
2022-01-26 08:06:57.007261,0.0,0.0,0.0
2022-01-26 08:06:57.503683,0.0,0.0,0.0
2022-01-26 08:06:58.007696,0.0,0.0,0.0
2022-01-26 08:06:58.504560,0.0,0.0,0.0
2022-01-26 08:06:59.001717,0.0,0.0,0.0
2022-01-26 08:06:59.506846,0.0,0.0,0.0
2022-01-26 08:07:00.005023,0.0,0.0,0.0
2022-01-26 08:07:00.504676,0.0,0.0,0.0
2022-01-26 08:07:01.002480,0.0,0.0,0.0
2022-01-26 08:07:01.508101,0.0,0.0,0.0
2022-01-26 08:07:02.006817,0.0,0.0,0.0
2022-01-26 08:07:02.504262,0.0,0.0,0.0
2022-01-26 08:07:03.010459,0.0,0.0,0.0
2022-01-26 08:07:03.507040,0.0,0.0,0.0
2022-01-26 08:07:04.006351,0.0,0.0,0.0
2022-01-26 08:07:04.501306,0.0,0.0,0.0
2022-01-26 08:07:05.009457,0.0,0.0,0.0
2022-01-26 08:07:05.503192,0.0,0.0,0.0
2022-01-26 08:07:06.003050,0.0,0.0,0.0
2022-01-26 08:07:06.510484,0.0,0.0,0.0
2022-01-26 08:07:07.007767,0.0,0.0,0.0
2022-01-26 08:07:07.504112,0.0,0.0,0.0
2022-01-26 08:07:08.003004,0.0,0.0,0.0
2022-01-26 08:07:08.507247,0.0,0.0,0.0
2022-01-26 08:07:09.004351,0.0,0.0,0.0
2022-01-26 08:07:10.005780,0.0,0.0,0.0
2022-01-26 08:07:10.504556,0.0,0.0,0.0
2022-01-26 08:07:11.010679,0.0,0.0,0.0
2022-01-26 08:07:11.505251,0.0,0.0,0.0
2022-01-26 08:07:12.003219,0.0,0.0,0.0
2022-01-26 08:07:12.507843,0.0,0.0,0.0
2022-01-26 08:07:13.006236,0.0,0.0,0.0
2022-01-26 08:07:13.501799,0.0,0.0,0.0
2022-01-26 08:07:14.009491,0.0,0.0,0.0
2022-01-26 08:07:14.504566,0.0,0.0,0.0
2022-01-26 08:07:15.003088,0.0,0.0,0.0
2022-01-26 08:07:15.506322,0.0,0.0,0.0
2022-01-26 08:07:16.003814,0.0,0.0,0.0
2022-01-26 08:07:16.508328,0.0,0.0,0.0
2022-01-26 08:07:17.006308,0.0,0.0,0.0
2022-01-26 08:07:17.502771,0.0,0.0,0.0
2022-01-26 08:07:18.002034,0.0,0.0,0.0
2022-01-26 08:07:18.506299,0.0,0.0,0.0
2022-01-26 08:07:19.003936,0.0,0.0,0.0
2022-01-26 08:07:19.509902,0.0,0.0,0.0
2022-01-26 08:07:20.007882,0.0,0.0,0.0
2022-01-26 08:07:20.504048,0.0,0.0,0.0
2022-01-26 08:07:21.003602,0.0,0.0,0.0
2022-01-26 08:07:21.508673,0.0,0.0,0.0
2022-01-26 08:07:22.006800,0.0,0.0,0.0
2022-01-26 08:07:22.501967,0.0,0.0,0.0
2022-01-26 08:07:23.009832,0.0,0.0,0.0
2022-01-26 08:07:23.506321,0.0,0.0,0.0
2022-01-26 08:07:24.004589,0.0,0.0,0.0
2022-01-26 08:07:24.508332,0.0,0.0,0.0
2022-01-26 08:07:25.004952,0.0,0.0,0.0
2022-01-26 08:07:25.506886,0.0,0.0,0.0
2022-01-26 08:07:26.003893,0.0,0.0,0.0
2022-01-26 08:07:26.509900,0.0,0.0,0.0
2022-01-26 08:07:27.010758,0.0,0.0,0.0
2022-01-26 08:07:27.507224,0.0,0.0,0.0
2022-01-26 08:07:28.004635,0.0,0.0,0.0
2022-01-26 08:07:28.510269,0.0,0.0,0.0
2022-01-26 08:07:29.007576,0.0,0.0,0.0
2022-01-26 08:07:29.503781,0.0,0.0,0.0
2022-01-26 08:07:30.005783,0.0,0.0,0.0
2022-01-26 08:07:30.509530,0.0,0.0,0.0
2022-01-26 08:07:31.004739,0.0,0.0,0.0
2022-01-26 08:07:31.510226,0.0,0.0,0.0
2022-01-26 08:07:32.007544,0.0,0.0,0.0
2022-01-26 08:07:32.502694,0.0,0.0,0.0
2022-01-26 08:07:33.002659,0.0,0.0,0.0
2022-01-26 08:07:33.506725,0.0,0.0,0.0
2022-01-26 08:07:34.005250,0.0,0.0,0.0
2022-01-26 08:07:34.503931,0.0,0.0,0.0
2022-01-26 08:07:35.001821,0.0,0.0,0.0
2022-01-26 08:07:35.505823,0.0,0.0,0.0
2022-01-26 08:07:36.002409,0.0,0.0,0.0
2022-01-26 08:07:36.506671,0.0,0.0,0.0
2022-01-26 08:07:37.006561,0.0,0.0,0.0
2022-01-26 08:07:37.502924,0.0,0.0,0.0
2022-01-26 08:07:38.001367,0.0,0.0,0.0
2022-01-26 08:07:38.501510,0.0,0.0,0.0
2022-01-26 08:07:39.001996,0.0,0.0,0.0
2022-01-26 08:07:39.506446,0.0,0.0,0.0
2022-01-26 08:07:40.004878,0.0,0.0,0.0
2022-01-26 08:07:40.510730,0.0,0.0,0.0
2022-01-26 08:07:41.009704,0.0,0.0,0.0
2022-01-26 08:07:41.506376,0.0,0.0,0.0
2022-01-26 08:07:42.006318,0.0,0.0,0.0
2022-01-26 08:07:42.509408,0.0,0.0,0.0
2022-01-26 08:07:43.007855,0.0,0.0,0.0
2022-01-26 08:07:43.502994,0.0,0.0,0.0
2022-01-26 08:07:44.001881,0.0,0.0,0.0
2022-01-26 08:07:44.507461,0.0,0.0,0.0
2022-01-26 08:07:45.007730,0.0,0.0,0.0
2022-01-26 08:07:45.506207,0.0,0.0,0.0
2022-01-26 08:07:46.008170,0.0,0.0,0.0
2022-01-26 08:07:46.503964,0.0,0.0,0.0
2022-01-26 08:07:47.002768,0.0,0.0,0.0
2022-01-26 08:07:47.508295,0.0,0.0,0.0
2022-01-26 08:07:48.005943,0.0,0.0,0.0
2022-01-26 08:07:48.509672,0.0,0.0,0.0
2022-01-26 08:07:49.007692,0.0,0.0,0.0
2022-01-26 08:07:49.502960,0.0,0.0,0.0
2022-01-26 08:07:50.002398,0.0,0.0,0.0
2022-01-26 08:07:50.508441,0.0,0.0,0.0
2022-01-26 08:07:51.005327,0.0,0.0,0.0
2022-01-26 08:07:51.501864,0.0,0.0,0.0
2022-01-26 08:07:52.009666,0.0,0.0,0.0
2022-01-26 08:07:52.505975,0.0,0.0,0.0
2022-01-26 08:07:53.003906,0.0,0.0,0.0
2022-01-26 08:07:53.509917,0.0,0.0,0.0
2022-01-26 08:07:54.006796,0.0,0.0,0.0
2022-01-26 08:07:54.503367,0.0,0.0,0.0
2022-01-26 08:07:55.010817,0.0,0.0,0.0
2022-01-26 08:07:55.506715,0.0,0.0,0.0
2022-01-26 08:07:56.006268,0.0,0.0,0.0
2022-01-26 08:07:56.502384,0.0,0.0,0.0
2022-01-26 08:07:57.011328,0.0,0.0,0.0
2022-01-26 08:07:57.505377,0.0,0.0,0.0
2022-01-26 08:07:58.004035,0.0,0.0,0.0
2022-01-26 08:07:58.509304,0.0,0.0,0.0
2022-01-26 08:07:59.007189,0.0,0.0,0.0
2022-01-26 08:07:59.501674,0.0,0.0,0.0
2022-01-26 08:08:00.003579,0.0,0.0,0.0
2022-01-26 08:08:00.508283,0.0,0.0,0.0
2022-01-26 08:08:01.006267,0.0,0.0,0.0
2022-01-26 08:08:01.501927,0.0,0.0,0.0
2022-01-26 08:08:02.002246,0.0,0.0,0.0
2022-01-26 08:08:02.507512,0.0,0.0,0.0
2022-01-26 08:08:03.006259,0.0,0.0,0.0
2022-01-26 08:08:03.501774,0.0,0.0,0.0
2022-01-26 08:08:04.011000,0.0,0.0,0.0
2022-01-26 08:08:04.505537,0.0,0.0,0.0
2022-01-26 08:08:05.003010,0.0,0.0,0.0
2022-01-26 08:08:05.507582,0.0,0.0,0.0
2022-01-26 08:08:06.006294,0.0,0.0,0.0
2022-01-26 08:08:06.510644,0.0,0.0,0.0
2022-01-26 08:08:07.008384,0.0,0.0,0.0
2022-01-26 08:08:07.502717,0.0,0.0,0.0
2022-01-26 08:08:08.009772,0.0,0.0,0.0
2022-01-26 08:08:08.505257,0.0,0.0,0.0
2022-01-26 08:08:09.004495,0.0,0.0,0.0
2022-01-26 08:08:09.501005,0.0,0.0,0.0
2022-01-26 08:08:10.009041,0.0,0.0,0.0
2022-01-26 08:08:10.505299,0.0,0.0,0.0
2022-01-26 08:08:11.009474,0.0,0.0,0.0
2022-01-26 08:08:11.503328,0.0,0.0,0.0
2022-01-26 08:08:12.010515,0.0,0.0,0.0
2022-01-26 08:08:12.503989,0.0,0.0,0.0
2022-01-26 08:08:13.011099,0.0,0.0,0.0
2022-01-26 08:08:13.507494,0.0,0.0,0.0
2022-01-26 08:08:14.004340,0.0,0.0,0.0
2022-01-26 08:08:14.510250,0.0,0.0,0.0
2022-01-26 08:08:15.007870,0.0,0.0,0.0
2022-01-26 08:08:15.503193,0.0,0.0,0.0
2022-01-26 08:08:16.504897,0.0,0.0,0.0
2022-01-26 08:08:17.003087,0.0,0.0,0.0
2022-01-26 08:08:17.506962,0.0,0.0,0.0
2022-01-26 08:08:18.004002,0.0,0.0,0.0
2022-01-26 08:08:18.510009,0.0,0.0,0.0
2022-01-26 08:08:19.007793,0.0,0.0,0.0
2022-01-26 08:08:19.502712,0.0,0.0,0.0
2022-01-26 08:08:20.010510,0.0,0.0,0.0
2022-01-26 08:08:20.505570,0.0,0.0,0.0
2022-01-26 08:08:21.004518,0.0,0.0,0.0
2022-01-26 08:08:21.502370,0.0,0.0,0.0
2022-01-26 08:08:22.003132,0.0,0.0,0.0
2022-01-26 08:08:22.509854,0.0,0.0,0.0
2022-01-26 08:08:23.007267,0.0,0.0,0.0
2022-01-26 08:08:23.501631,0.0,0.0,0.0
2022-01-26 08:08:24.010018,0.0,0.0,0.0
2022-01-26 08:08:24.503806,0.0,0.0,0.0
2022-01-26 08:08:25.002350,0.0,0.0,0.0
2022-01-26 08:08:25.507619,0.0,0.0,0.0
2022-01-26 08:08:26.005823,0.0,0.0,0.0
2022-01-26 08:08:26.501874,0.0,0.0,0.0
2022-01-26 08:08:27.001458,0.0,0.0,0.0
2022-01-26 08:08:27.506559,0.0,0.0,0.0
2022-01-26 08:08:28.003898,0.0,0.0,0.0
2022-01-26 08:08:28.509745,0.0,0.0,0.0
2022-01-26 08:08:29.006856,0.0,0.0,0.0
2022-01-26 08:08:29.510716,0.0,0.0,0.0
2022-01-26 08:08:30.008637,0.0,0.0,0.0
2022-01-26 08:08:30.503335,0.0,0.0,0.0
2022-01-26 08:08:31.010224,0.0,0.0,0.0
2022-01-26 08:08:31.510772,0.0,0.0,0.0
2022-01-26 08:08:32.001086,0.0,0.0,0.0
2022-01-26 08:08:32.506873,0.0,0.0,0.0
2022-01-26 08:08:33.005134,0.0,0.0,0.0
2022-01-26 08:08:33.510604,0.0,0.0,0.0
2022-01-26 08:08:34.007412,0.0,0.0,0.0
2022-01-26 08:08:34.510797,0.0,0.0,0.0
2022-01-26 08:08:35.007743,0.0,0.0,0.0
2022-01-26 08:08:35.502524,0.0,0.0,0.0
2022-01-26 08:08:36.002608,0.0,0.0,0.0
2022-01-26 08:08:36.507870,0.0,0.0,0.0
2022-01-26 08:08:37.005467,0.0,0.0,0.0
2022-01-26 08:08:37.509462,0.0,0.0,0.0
2022-01-26 08:08:38.006789,0.0,0.0,0.0
2022-01-26 08:08:38.510422,0.0,0.0,0.0
2022-01-26 08:08:39.007457,0.0,0.0,0.0
2022-01-26 08:08:39.502405,0.0,0.0,0.0
2022-01-26 08:08:40.009926,0.0,0.0,0.0
2022-01-26 08:08:40.505454,0.0,0.0,0.0
2022-01-26 08:08:41.009907,0.0,0.0,0.0
2022-01-26 08:08:41.504651,0.0,0.0,0.0
2022-01-26 08:08:42.505327,0.0,0.0,0.0
2022-01-26 08:08:43.002321,0.0,0.0,0.0
2022-01-26 08:08:43.508494,0.0,0.0,0.0
2022-01-26 08:08:44.005756,0.0,0.0,0.0
2022-01-26 08:08:44.501740,0.0,0.0,0.0
2022-01-26 08:08:45.009386,0.0,0.0,0.0
2022-01-26 08:08:45.507357,0.0,0.0,0.0
2022-01-26 08:08:46.006322,0.0,0.0,0.0
2022-01-26 08:08:46.502722,0.0,0.0,0.0
2022-01-26 08:08:47.010483,0.0,0.0,0.0
2022-01-26 08:08:47.505499,0.0,0.0,0.0
2022-01-26 08:08:48.003923,0.0,0.0,0.0
2022-01-26 08:08:48.508290,0.0,0.0,0.0
2022-01-26 08:08:49.006557,0.0,0.0,0.0
2022-01-26 08:08:49.510779,0.0,0.0,0.0
2022-01-26 08:08:50.008653,0.0,0.0,0.0
2022-01-26 08:08:50.504955,0.0,0.0,0.0
2022-01-26 08:08:51.002906,0.0,0.0,0.0
2022-01-26 08:08:51.508595,0.0,0.0,0.0
2022-01-26 08:08:52.005931,0.0,0.0,0.0
2022-01-26 08:08:52.510536,0.0,0.0,0.0
2022-01-26 08:08:53.008192,0.0,0.0,0.0
2022-01-26 08:08:53.502914,0.0,0.0,0.0
2022-01-26 08:08:54.010636,0.0,0.0,0.0
2022-01-26 08:08:54.508018,0.0,0.0,0.0
2022-01-26 08:08:55.006890,0.0,0.0,0.0
2022-01-26 08:08:55.502695,0.0,0.0,0.0
2022-01-26 08:08:56.005926,0.0,0.0,0.0
2022-01-26 08:08:56.509151,0.0,0.0,0.0
2022-01-26 08:08:57.006583,0.0,0.0,0.0
2022-01-26 08:08:57.502012,0.0,0.0,0.0
2022-01-26 08:08:58.009562,0.0,0.0,0.0
2022-01-26 08:08:58.503870,0.0,0.0,0.0
2022-01-26 08:08:59.010803,0.0,0.0,0.0
2022-01-26 08:08:59.509413,0.0,0.0,0.0
2022-01-26 08:09:00.005241,0.0,0.0,0.0
2022-01-26 08:09:00.507981,0.0,0.0,0.0
2022-01-26 08:09:01.005655,0.0,0.0,0.0
2022-01-26 08:09:01.508443,0.0,0.0,0.0
2022-01-26 08:09:02.006615,0.0,0.0,0.0
2022-01-26 08:09:02.502451,0.0,0.0,0.0
2022-01-26 08:09:03.001142,0.0,0.0,0.0
2022-01-26 08:09:03.505816,0.0,0.0,0.0
2022-01-26 08:09:04.002566,0.0,0.0,0.0
2022-01-26 08:09:04.509542,0.0,0.0,0.0
2022-01-26 08:09:05.006308,0.0,0.0,0.0
2022-01-26 08:09:05.510321,0.0,0.0,0.0
2022-01-26 08:09:06.007725,0.0,0.0,0.0
2022-01-26 08:09:06.501024,0.0,0.0,0.0
2022-01-26 08:09:07.010260,0.0,0.0,0.0
2022-01-26 08:09:07.506362,0.0,0.0,0.0
2022-01-26 08:09:08.003750,0.0,0.0,0.0
2022-01-26 08:09:08.507883,0.0,0.0,0.0
2022-01-26 08:09:09.005824,0.0,0.0,0.0
2022-01-26 08:09:09.510215,0.0,0.0,0.0
2022-01-26 08:09:10.006660,0.0,0.0,0.0
2022-01-26 08:09:45.509200,0.0,0.0,0.0
2022-01-26 08:09:46.004019,0.0,0.0,0.0
2022-01-26 08:09:46.509858,0.0,0.0,0.0
2022-01-26 08:09:47.009165,0.0,0.0,0.0
2022-01-26 08:09:47.506644,0.0,0.0,0.0
2022-01-26 08:09:48.008426,0.0,0.0,0.0
2022-01-26 08:09:48.509284,0.0,0.0,0.0
2022-01-26 08:09:49.005293,0.0,0.0,0.0
2022-01-26 08:09:49.509982,0.0,0.0,0.0
2022-01-26 08:09:50.009192,0.0,0.0,0.0
2022-01-26 08:09:50.508150,0.0,0.0,0.0
2022-01-26 08:09:51.007760,0.0,0.0,0.0
2022-01-26 08:09:51.502468,0.0,0.0,0.0
2022-01-26 08:09:52.002932,0.0,0.0,0.0
2022-01-26 08:09:52.508452,0.0,0.0,0.0
2022-01-26 08:09:53.007553,0.0,0.0,0.0
2022-01-26 08:09:53.503520,0.0,0.0,0.0
2022-01-26 08:09:54.001558,0.0,0.0,0.0
2022-01-26 08:09:54.501009,0.0,0.0,0.0
2022-01-26 08:09:55.007075,0.0,0.0,0.0
2022-01-26 08:09:55.505088,0.0,0.0,0.0
2022-01-26 08:09:56.001484,0.0,0.0,0.0
2022-01-26 08:09:56.505738,0.0,0.0,0.0
2022-01-26 08:09:57.003459,0.0,0.0,0.0
2022-01-26 08:09:57.508786,0.0,0.0,0.0
2022-01-26 08:09:58.007356,0.0,0.0,0.0
2022-01-26 08:09:58.504009,0.0,0.0,0.0
2022-01-26 08:09:59.004272,0.0,0.0,0.0
2022-01-26 08:09:59.501816,0.0,0.0,0.0
2022-01-26 08:10:00.009776,0.0,0.0,0.0
2022-01-26 08:10:00.504946,0.0,0.0,0.0
2022-01-26 08:10:01.003515,0.0,0.0,0.0
2022-01-26 08:10:01.508693,0.0,0.0,0.0
2022-01-26 08:10:02.006047,0.0,0.0,0.0
2022-01-26 08:10:02.510815,0.0,0.0,0.0
2022-01-26 08:10:03.002815,0.0,0.0,0.0
2022-01-26 08:10:03.506345,0.0,0.0,0.0
2022-01-26 08:10:04.003802,0.0,0.0,0.0
2022-01-26 08:10:04.509945,0.0,0.0,0.0
2022-01-26 08:10:05.009888,0.0,0.0,0.0
2022-01-26 08:10:05.506357,0.0,0.0,0.0
2022-01-26 08:10:06.003530,0.0,0.0,0.0
2022-01-26 08:10:06.508171,0.0,0.0,0.0
2022-01-26 08:10:07.005248,0.0,0.0,0.0
2022-01-26 08:10:07.502657,0.0,0.0,0.0
2022-01-26 08:10:08.001971,0.0,0.0,0.0
2022-01-26 08:10:08.506935,0.0,0.0,0.0
2022-01-26 08:10:09.003523,0.0,0.0,0.0
2022-01-26 08:10:09.509733,0.0,0.0,0.0
2022-01-26 08:10:11.006252,0.0,0.0,0.0
2022-01-26 08:10:11.501403,0.0,0.0,0.0
2022-01-26 08:10:12.010379,0.0,0.0,0.0
2022-01-26 08:10:12.504604,0.0,0.0,0.0
2022-01-26 08:10:13.002292,0.0,0.0,0.0
2022-01-26 08:10:13.508517,0.0,0.0,0.0
2022-01-26 08:10:14.004991,0.0,0.0,0.0
2022-01-26 08:10:14.507104,0.0,0.0,0.0
2022-01-26 08:10:15.005946,0.0,0.0,0.0
2022-01-26 08:10:16.005368,0.0,0.0,0.0
2022-01-26 08:10:16.501175,0.0,0.0,0.0
2022-01-26 08:10:17.009846,0.0,0.0,0.0
2022-01-26 08:10:17.501971,0.0,0.0,0.0
2022-01-26 08:10:18.010919,0.0,0.0,0.0
2022-01-26 08:10:18.503823,0.0,0.0,0.0
2022-01-26 08:10:19.003192,0.0,0.0,0.0
2022-01-26 08:10:19.508867,0.0,0.0,0.0
2022-01-26 08:10:20.006184,0.0,0.0,0.0
2022-01-26 08:10:20.501271,0.0,0.0,0.0
2022-01-26 08:10:21.010492,0.0,0.0,0.0
2022-01-26 08:10:21.505842,0.0,0.0,0.0
2022-01-26 08:10:22.003445,0.0,0.0,0.0
2022-01-26 08:10:22.510504,0.0,0.0,0.0
2022-01-26 08:10:23.008651,0.0,0.0,0.0
2022-01-26 08:10:23.503234,0.0,0.0,0.0
2022-01-26 08:10:24.001666,0.0,0.0,0.0
2022-01-26 08:10:24.506687,0.0,0.0,0.0
2022-01-26 08:10:25.003614,0.0,0.0,0.0
2022-01-26 08:10:25.509222,0.0,0.0,0.0
2022-01-26 08:10:26.007995,0.0,0.0,0.0
2022-01-26 08:10:26.504105,0.0,0.0,0.0
2022-01-26 08:10:27.004415,0.0,0.0,0.0
2022-01-26 08:10:27.509207,0.0,0.0,0.0
2022-01-26 08:10:28.007346,0.0,0.0,0.0
2022-01-26 08:10:28.503229,0.0,0.0,0.0
2022-01-26 08:10:29.006791,0.0,0.0,0.0
2022-01-26 08:10:29.506693,0.0,0.0,0.0
2022-01-26 08:10:30.004169,0.0,0.0,0.0
2022-01-26 08:10:30.508883,0.0,0.0,0.0
2022-01-26 08:10:31.008403,0.0,0.0,0.0
2022-01-26 08:10:31.506356,0.0,0.0,0.0
2022-01-26 08:10:32.005739,0.0,0.0,0.0
2022-01-26 08:10:32.501485,0.0,0.0,0.0
2022-01-26 08:10:33.010634,0.0,0.0,0.0
2022-01-26 08:10:33.505080,0.0,0.0,0.0
2022-01-26 08:10:34.003520,0.0,0.0,0.0
2022-01-26 08:10:34.509697,0.0,0.0,0.0
2022-01-26 08:10:35.008150,0.0,0.0,0.0
2022-01-26 08:10:35.503020,0.0,0.0,0.0
2022-01-26 08:10:36.003281,0.0,0.0,0.0
2022-01-26 08:10:36.508247,0.0,0.0,0.0
2022-01-26 08:10:37.006877,0.0,0.0,0.0
2022-01-26 08:10:37.503194,0.0,0.0,0.0
2022-01-26 08:10:38.003626,0.0,0.0,0.0
2022-01-26 08:10:38.509263,0.0,0.0,0.0
2022-01-26 08:10:39.007880,0.0,0.0,0.0
2022-01-26 08:10:39.502002,0.0,0.0,0.0
2022-01-26 08:10:40.010946,0.0,0.0,0.0
2022-01-26 08:10:40.505039,0.0,0.0,0.0
2022-01-26 08:10:41.003173,0.0,0.0,0.0
2022-01-26 08:10:41.508001,0.0,0.0,0.0
2022-01-26 08:10:42.005864,0.0,0.0,0.0
2022-01-26 08:10:42.510265,0.0,0.0,0.0
2022-01-26 08:10:43.008086,0.0,0.0,0.0
2022-01-26 08:10:43.503299,0.0,0.0,0.0
2022-01-26 08:10:44.003916,0.0,0.0,0.0
2022-01-26 08:10:44.509940,0.0,0.0,0.0
2022-01-26 08:10:45.006485,0.0,0.0,0.0
2022-01-26 08:10:45.501173,0.0,0.0,0.0
2022-01-26 08:10:46.010571,0.0,0.0,0.0
2022-01-26 08:10:46.507643,0.0,0.0,0.0
2022-01-26 08:10:47.005375,0.0,0.0,0.0
2022-01-26 08:10:47.510352,0.0,0.0,0.0
2022-01-26 08:10:48.008710,0.0,0.0,0.0
2022-01-26 08:10:48.505135,0.0,0.0,0.0
2022-01-26 08:10:49.004127,0.0,0.0,0.0
2022-01-26 08:10:49.508442,0.0,0.0,0.0
2022-01-26 08:10:50.006793,0.0,0.0,0.0
2022-01-26 08:10:50.511014,0.0,0.0,0.0
2022-01-26 08:10:51.001688,0.0,0.0,0.0
2022-01-26 08:10:51.507387,0.0,0.0,0.0
2022-01-26 08:10:52.007918,0.0,0.0,0.0
2022-01-26 08:10:52.502624,0.0,0.0,0.0
2022-01-26 08:10:53.005753,0.0,0.0,0.0
2022-01-26 08:10:53.502947,0.0,0.0,0.0
2022-01-26 08:10:54.011303,0.0,0.0,0.0
2022-01-26 08:10:54.506737,0.0,0.0,0.0
2022-01-26 08:10:55.003479,0.0,0.0,0.0
2022-01-26 08:10:55.510415,0.0,0.0,0.0
2022-01-26 08:10:56.002844,0.0,0.0,0.0
2022-01-26 08:10:56.503773,0.0,0.0,0.0
2022-01-26 08:10:57.002844,0.0,0.0,0.0
2022-01-26 08:10:57.508957,0.0,0.0,0.0
2022-01-26 08:10:58.007551,0.0,0.0,0.0
2022-01-26 08:10:58.502485,0.0,0.0,0.0
2022-01-26 08:10:59.011052,0.0,0.0,0.0
2022-01-26 08:10:59.508451,0.0,0.0,0.0
2022-01-26 08:11:00.006250,0.0,0.0,0.0
2022-01-26 08:11:00.502403,0.0,0.0,0.0
2022-01-26 08:11:01.009629,0.0,0.0,0.0
2022-01-26 08:11:01.506456,0.0,0.0,0.0
2022-01-26 08:11:02.004628,0.0,0.0,0.0
2022-01-26 08:11:02.507962,0.0,0.0,0.0
2022-01-26 08:11:03.006624,0.0,0.0,0.0
2022-01-26 08:11:03.501075,0.0,0.0,0.0
2022-01-26 08:11:04.008779,0.0,0.0,0.0
2022-01-26 08:11:04.502275,0.0,0.0,0.0
2022-01-26 08:11:05.009123,0.0,0.0,0.0
2022-01-26 08:11:05.502820,0.0,0.0,0.0
2022-01-26 08:11:06.002422,0.0,0.0,0.0
2022-01-26 08:11:06.507341,0.0,0.0,0.0
2022-01-26 08:11:07.004836,0.0,0.0,0.0
2022-01-26 08:11:07.510418,0.0,0.0,0.0
2022-01-26 08:11:08.007919,0.0,0.0,0.0
2022-01-26 08:11:08.502436,0.0,0.0,0.0
2022-01-26 08:11:09.002820,0.0,0.0,0.0
2022-01-26 08:11:09.509312,0.0,0.0,0.0
2022-01-26 08:11:10.007943,0.0,0.0,0.0
2022-01-26 08:11:10.503129,0.0,0.0,0.0
2022-01-26 08:11:11.006717,0.0,0.0,0.0
2022-01-26 08:11:11.501039,0.0,0.0,0.0
2022-01-26 08:11:12.010287,0.0,0.0,0.0
2022-01-26 08:11:12.507414,0.0,0.0,0.0
2022-01-26 08:11:13.005356,0.0,0.0,0.0
2022-01-26 08:11:13.502512,0.0,0.0,0.0
2022-01-26 08:11:14.010283,0.0,0.0,0.0
2022-01-26 08:11:14.504985,0.0,0.0,0.0
2022-01-26 08:11:15.005273,0.0,0.0,0.0
2022-01-26 08:11:15.509122,0.0,0.0,0.0
2022-01-26 08:11:16.006655,0.0,0.0,0.0
2022-01-26 08:11:16.502591,0.0,0.0,0.0
2022-01-26 08:11:17.008583,0.0,0.0,0.0
2022-01-26 08:11:17.506839,0.0,0.0,0.0
2022-01-26 08:11:18.004450,0.0,0.0,0.0
2022-01-26 08:11:18.510013,0.0,0.0,0.0
2022-01-26 08:11:19.003774,0.0,0.0,0.0
2022-01-26 08:11:19.510617,0.0,0.0,0.0
2022-01-26 08:11:20.008115,0.0,0.0,0.0
2022-01-26 08:11:20.504482,0.0,0.0,0.0
2022-01-26 08:11:21.002447,0.0,0.0,0.0
2022-01-26 08:11:21.507058,0.0,0.0,0.0
2022-01-26 08:11:22.005264,0.0,0.0,0.0
2022-01-26 08:11:22.509935,0.0,0.0,0.0
2022-01-26 08:11:23.002551,0.0,0.0,0.0
2022-01-26 08:11:23.507081,0.0,0.0,0.0
2022-01-26 08:11:24.007416,0.0,0.0,0.0
2022-01-26 08:11:24.502040,0.0,0.0,0.0
2022-01-26 08:11:25.006815,0.0,0.0,0.0
2022-01-26 08:11:25.503458,0.0,0.0,0.0
2022-01-26 08:11:26.002535,0.0,0.0,0.0
2022-01-26 08:11:26.510966,0.0,0.0,0.0
2022-01-26 08:11:27.002698,0.0,0.0,0.0
2022-01-26 08:11:27.506829,0.0,0.0,0.0
2022-01-26 08:11:28.004402,0.0,0.0,0.0
2022-01-26 08:11:28.509102,0.0,0.0,0.0
2022-01-26 08:11:29.007595,0.0,0.0,0.0
2022-01-26 08:11:29.510496,0.0,0.0,0.0
2022-01-26 08:11:30.008422,0.0,0.0,0.0
2022-01-26 08:11:30.503267,0.0,0.0,0.0
2022-01-26 08:11:31.004515,0.0,0.0,0.0
2022-01-26 08:11:31.508293,0.0,0.0,0.0
2022-01-26 08:11:32.005079,0.0,0.0,0.0
2022-01-26 08:11:32.510116,0.0,0.0,0.0
2022-01-26 08:11:33.007322,0.0,0.0,0.0
2022-01-26 08:11:33.503954,0.0,0.0,0.0
2022-01-26 08:11:34.001979,0.0,0.0,0.0
2022-01-26 08:11:34.507223,0.0,0.0,0.0
2022-01-26 08:11:35.005102,0.0,0.0,0.0
2022-01-26 08:11:36.005203,0.0,0.0,0.0
2022-01-26 08:11:36.510942,0.0,0.0,0.0
2022-01-26 08:11:37.006287,0.0,0.0,0.0
2022-01-26 08:11:37.501248,0.0,0.0,0.0
2022-01-26 08:11:38.009367,0.0,0.0,0.0
2022-01-26 08:11:38.505121,0.0,0.0,0.0
2022-01-26 08:11:39.005741,0.0,0.0,0.0
2022-01-26 08:11:39.510653,0.0,0.0,0.0
2022-01-26 08:11:40.007749,0.0,0.0,0.0
2022-01-26 08:11:40.505144,0.0,0.0,0.0
2022-01-26 08:11:41.010138,0.0,0.0,0.0
2022-01-26 08:11:41.506980,0.0,0.0,0.0
2022-01-26 08:11:42.005220,0.0,0.0,0.0
2022-01-26 08:11:42.511012,0.0,0.0,0.0
2022-01-26 08:11:43.003297,0.0,0.0,0.0
2022-01-26 08:11:43.509262,0.0,0.0,0.0
2022-01-26 08:11:44.007112,0.0,0.0,0.0
2022-01-26 08:11:44.504673,0.0,0.0,0.0
2022-01-26 08:11:45.004149,0.0,0.0,0.0
2022-01-26 08:11:45.509841,0.0,0.0,0.0
2022-01-26 08:11:46.008364,0.0,0.0,0.0
2022-01-26 08:11:46.505087,0.0,0.0,0.0
2022-01-26 08:11:47.004316,0.0,0.0,0.0
2022-01-26 08:11:47.509445,0.0,0.0,0.0
2022-01-26 08:11:48.007402,0.0,0.0,0.0
2022-01-26 08:11:48.505953,0.0,0.0,0.0
2022-01-26 08:11:49.003954,0.0,0.0,0.0
2022-01-26 08:11:49.510007,0.0,0.0,0.0
2022-01-26 08:11:50.008648,0.0,0.0,0.0
2022-01-26 08:11:50.503609,0.0,0.0,0.0
2022-01-26 08:11:51.003088,0.0,0.0,0.0
2022-01-26 08:11:51.508436,0.0,0.0,0.0
2022-01-26 08:11:52.008627,0.0,0.0,0.0
2022-01-26 08:11:52.502298,0.0,0.0,0.0
2022-01-26 08:11:53.004486,0.0,0.0,0.0
2022-01-26 08:11:53.510651,0.0,0.0,0.0
2022-01-26 08:11:54.008412,0.0,0.0,0.0
2022-01-26 08:11:54.502926,0.0,0.0,0.0
2022-01-26 08:11:55.001846,0.0,0.0,0.0
2022-01-26 08:11:55.508441,0.0,0.0,0.0
2022-01-26 08:11:56.006074,0.0,0.0,0.0
2022-01-26 08:11:56.501103,0.0,0.0,0.0
2022-01-26 08:11:57.011255,0.0,0.0,0.0
2022-01-26 08:11:57.508857,0.0,0.0,0.0
2022-01-26 08:11:58.007283,0.0,0.0,0.0
2022-01-26 08:11:58.502440,0.0,0.0,0.0
2022-01-26 08:11:59.010856,0.0,0.0,0.0
2022-01-26 08:11:59.506412,0.0,0.0,0.0
2022-01-26 08:12:00.006365,0.0,0.0,0.0
2022-01-26 08:12:00.502945,0.0,0.0,0.0
2022-01-26 08:12:01.010276,0.0,0.0,0.0
2022-01-26 08:12:01.506568,0.0,0.0,0.0
2022-01-26 08:12:02.005520,0.0,0.0,0.0
2022-01-26 08:12:02.510417,0.0,0.0,0.0
2022-01-26 08:12:03.008661,0.0,0.0,0.0
2022-01-26 08:12:03.503986,0.0,0.0,0.0
2022-01-26 08:12:04.001038,0.0,0.0,0.0
2022-01-26 08:12:04.508881,0.0,0.0,0.0
2022-01-26 08:12:05.008592,0.0,0.0,0.0
2022-01-26 08:12:05.505189,0.0,0.0,0.0
2022-01-26 08:12:06.002911,0.0,0.0,0.0
2022-01-26 08:12:06.510107,0.0,0.0,0.0
2022-01-26 08:12:07.007839,0.0,0.0,0.0
2022-01-26 08:12:07.502606,0.0,0.0,0.0
2022-01-26 08:12:08.011344,0.0,0.0,0.0
2022-01-26 08:12:08.507282,0.0,0.0,0.0
2022-01-26 08:12:09.004678,0.0,0.0,0.0
2022-01-26 08:12:09.501335,0.0,0.0,0.0
2022-01-26 08:12:10.008607,0.0,0.0,0.0
2022-01-26 08:12:10.507032,0.0,0.0,0.0
2022-01-26 08:12:11.006641,0.0,0.0,0.0
2022-01-26 08:12:11.501985,0.0,0.0,0.0
2022-01-26 08:12:12.011195,0.0,0.0,0.0
2022-01-26 08:12:12.507888,0.0,0.0,0.0
2022-01-26 08:12:13.007572,0.0,0.0,0.0
2022-01-26 08:12:13.506768,0.0,0.0,0.0
2022-01-26 08:12:14.006862,0.0,0.0,0.0
2022-01-26 08:12:14.501556,0.0,0.0,0.0
2022-01-26 08:12:15.010675,0.0,0.0,0.0
2022-01-26 08:12:15.509797,0.0,0.0,0.0
2022-01-26 08:12:16.008110,0.0,0.0,0.0
2022-01-26 08:12:16.502612,0.0,0.0,0.0
2022-01-26 08:12:17.010129,0.0,0.0,0.0
2022-01-26 08:12:17.504358,0.0,0.0,0.0
2022-01-26 08:12:18.003794,0.0,0.0,0.0
2022-01-26 08:12:18.509996,0.0,0.0,0.0
2022-01-26 08:12:19.008049,0.0,0.0,0.0
2022-01-26 08:12:19.503842,0.0,0.0,0.0
2022-01-26 08:12:20.003827,0.0,0.0,0.0
2022-01-26 08:12:20.511176,0.0,0.0,0.0
2022-01-26 08:12:21.006222,0.0,0.0,0.0
2022-01-26 08:12:21.502476,0.0,0.0,0.0
2022-01-26 08:12:22.003425,0.0,0.0,0.0
2022-01-26 08:12:22.510674,0.0,0.0,0.0
2022-01-26 08:12:23.008996,0.0,0.0,0.0
2022-01-26 08:12:23.505019,0.0,0.0,0.0
2022-01-26 08:12:24.007340,0.0,0.0,0.0
2022-01-26 08:12:24.502420,0.0,0.0,0.0
2022-01-26 08:12:25.010833,0.0,0.0,0.0
2022-01-26 08:12:25.505412,0.0,0.0,0.0
2022-01-26 08:12:26.004789,0.0,0.0,0.0
2022-01-26 08:12:26.503741,0.0,0.0,0.0
2022-01-26 08:12:27.002356,0.0,0.0,0.0
2022-01-26 08:12:27.510447,0.0,0.0,0.0
2022-01-26 08:12:28.006805,0.0,0.0,0.0
2022-01-26 08:12:28.502622,0.0,0.0,0.0
2022-01-26 08:12:29.005826,0.0,0.0,0.0
2022-01-26 08:12:29.501143,0.0,0.0,0.0
2022-01-26 08:12:30.010231,0.0,0.0,0.0
2022-01-26 08:12:30.504138,0.0,0.0,0.0
2022-01-26 08:12:31.004512,0.0,0.0,0.0
2022-01-26 08:12:31.510723,0.0,0.0,0.0
2022-01-26 08:12:32.010082,0.0,0.0,0.0
2022-01-26 08:12:32.504726,0.0,0.0,0.0
2022-01-26 08:12:33.003844,0.0,0.0,0.0
2022-01-26 08:12:33.509240,0.0,0.0,0.0
2022-01-26 08:12:34.007839,0.0,0.0,0.0
2022-01-26 08:12:34.505036,0.0,0.0,0.0
2022-01-26 08:12:35.002407,0.0,0.0,0.0
2022-01-26 08:12:35.508996,0.0,0.0,0.0
2022-01-26 08:12:36.006469,0.0,0.0,0.0
2022-01-26 08:12:36.502223,0.0,0.0,0.0
2022-01-26 08:12:37.001810,0.0,0.0,0.0
2022-01-26 08:12:37.507400,0.0,0.0,0.0
2022-01-26 08:12:38.005950,0.0,0.0,0.0
2022-01-26 08:12:38.508157,0.0,0.0,0.0
2022-01-26 08:12:39.008223,0.0,0.0,0.0
2022-01-26 08:12:39.504200,0.0,0.0,0.0
2022-01-26 08:12:40.003499,0.0,0.0,0.0
2022-01-26 08:12:40.509827,0.0,0.0,0.0
2022-01-26 08:12:41.006651,0.0,0.0,0.0
2022-01-26 08:12:41.502080,0.0,0.0,0.0
2022-01-26 08:12:42.010736,0.0,0.0,0.0
2022-01-26 08:12:42.507122,0.0,0.0,0.0
2022-01-26 08:12:43.005176,0.0,0.0,0.0
2022-01-26 08:12:43.511154,0.0,0.0,0.0
2022-01-26 08:12:44.010682,0.0,0.0,0.0
2022-01-26 08:12:44.508067,0.0,0.0,0.0
2022-01-26 08:12:45.007594,0.0,0.0,0.0
2022-01-26 08:12:45.502321,0.0,0.0,0.0
2022-01-26 08:12:46.010193,0.0,0.0,0.0
2022-01-26 08:12:46.507286,0.0,0.0,0.0
2022-01-26 08:12:47.005819,0.0,0.0,0.0
2022-01-26 08:12:47.510840,0.0,0.0,0.0
2022-01-26 08:12:48.008470,0.0,0.0,0.0
2022-01-26 08:12:48.505428,0.0,0.0,0.0
2022-01-26 08:12:49.004930,0.0,0.0,0.0
2022-01-26 08:12:49.510429,0.0,0.0,0.0
2022-01-26 08:12:50.008062,0.0,0.0,0.0
2022-01-26 08:12:50.504405,0.0,0.0,0.0
2022-01-26 08:12:51.002997,0.0,0.0,0.0
2022-01-26 08:12:51.508138,0.0,0.0,0.0
2022-01-26 08:12:52.006787,0.0,0.0,0.0
2022-01-26 08:12:52.503128,0.0,0.0,0.0
2022-01-26 08:12:53.002758,0.0,0.0,0.0
2022-01-26 08:12:53.509549,0.0,0.0,0.0
2022-01-26 08:12:54.008443,0.0,0.0,0.0
2022-01-26 08:12:54.502979,0.0,0.0,0.0
2022-01-26 08:12:55.003184,0.0,0.0,0.0
2022-01-26 08:12:55.508214,0.0,0.0,0.0
2022-01-26 08:12:56.007253,0.0,0.0,0.0
2022-01-26 08:12:56.501157,0.0,0.0,0.0
2022-01-26 08:12:57.010319,0.0,0.0,0.0
2022-01-26 08:12:57.505242,0.0,0.0,0.0
2022-01-26 08:12:58.004873,0.0,0.0,0.0
2022-01-26 08:12:58.501120,0.0,0.0,0.0
2022-01-26 08:12:59.010051,0.0,0.0,0.0
2022-01-26 08:12:59.505171,0.0,0.0,0.0
2022-01-26 08:13:00.003231,0.0,0.0,0.0
2022-01-26 08:13:00.505245,0.0,0.0,0.0
2022-01-26 08:13:01.003657,0.0,0.0,0.0
2022-01-26 08:13:01.509132,0.0,0.0,0.0
2022-01-26 08:13:02.008421,0.0,0.0,0.0
2022-01-26 08:13:02.501234,0.0,0.0,0.0
2022-01-26 08:13:03.008386,0.0,0.0,0.0
2022-01-26 08:13:03.507648,0.0,0.0,0.0
2022-01-26 08:13:04.008590,0.0,0.0,0.0
2022-01-26 08:13:04.507920,0.0,0.0,0.0
2022-01-26 08:13:05.005694,0.0,0.0,0.0
2022-01-26 08:13:05.510748,0.0,0.0,0.0
2022-01-26 08:13:06.010217,0.0,0.0,0.0
2022-01-26 08:13:06.510797,0.0,0.0,0.0
2022-01-26 08:13:07.009261,0.0,0.0,0.0
2022-01-26 08:13:07.505009,0.0,0.0,0.0
2022-01-26 08:13:08.003210,0.0,0.0,0.0
2022-01-26 08:13:08.509442,0.0,0.0,0.0
2022-01-26 08:13:09.007683,0.0,0.0,0.0
2022-01-26 08:13:09.504131,0.0,0.0,0.0
2022-01-26 08:13:10.003378,0.0,0.0,0.0
2022-01-26 08:13:10.502826,0.0,0.0,0.0
2022-01-26 08:13:11.010411,0.0,0.0,0.0
2022-01-26 08:13:11.505467,0.0,0.0,0.0
2022-01-26 08:13:12.003402,0.0,0.0,0.0
2022-01-26 08:13:12.508574,0.0,0.0,0.0
2022-01-26 08:13:13.008873,0.0,0.0,0.0
2022-01-26 08:13:13.504576,0.0,0.0,0.0
2022-01-26 08:13:14.002808,0.0,0.0,0.0
2022-01-26 08:13:14.508173,0.0,0.0,0.0
2022-01-26 08:13:15.006188,0.0,0.0,0.0
2022-01-26 08:13:15.502045,0.0,0.0,0.0
2022-01-26 08:13:16.009928,0.0,0.0,0.0
2022-01-26 08:13:16.506784,0.0,0.0,0.0
2022-01-26 08:13:17.003912,0.0,0.0,0.0
2022-01-26 08:13:17.508752,0.0,0.0,0.0
2022-01-26 08:13:18.006334,0.0,0.0,0.0
2022-01-26 08:13:18.501375,0.0,0.0,0.0
2022-01-26 08:13:19.010061,0.0,0.0,0.0
2022-01-26 08:13:19.504334,0.0,0.0,0.0
2022-01-26 08:13:20.001098,0.0,0.0,0.0
2022-01-26 08:13:20.506379,0.0,0.0,0.0
2022-01-26 08:13:21.006818,0.0,0.0,0.0
2022-01-26 08:13:21.502389,0.0,0.0,0.0
2022-01-26 08:13:22.011043,0.0,0.0,0.0
2022-01-26 08:13:22.506814,0.0,0.0,0.0
2022-01-26 08:13:23.006251,0.0,0.0,0.0
2022-01-26 08:13:23.502724,0.0,0.0,0.0
2022-01-26 08:13:24.011160,0.0,0.0,0.0
2022-01-26 08:13:24.507267,0.0,0.0,0.0
2022-01-26 08:13:25.006274,0.0,0.0,0.0
2022-01-26 08:13:25.502143,0.0,0.0,0.0
2022-01-26 08:13:26.010705,0.0,0.0,0.0
2022-01-26 08:13:26.505914,0.0,0.0,0.0
2022-01-26 08:13:27.003763,0.0,0.0,0.0
2022-01-26 08:13:27.509820,0.0,0.0,0.0
2022-01-26 08:13:28.007854,0.0,0.0,0.0
2022-01-26 08:13:28.503524,0.0,0.0,0.0
2022-01-26 08:13:29.001565,0.0,0.0,0.0
2022-01-26 08:13:29.506386,0.0,0.0,0.0
2022-01-26 08:13:30.005901,0.0,0.0,0.0
2022-01-26 08:13:30.501169,0.0,0.0,0.0
2022-01-26 08:13:31.009867,0.0,0.0,0.0
2022-01-26 08:13:31.504098,0.0,0.0,0.0
2022-01-26 08:13:32.002158,0.0,0.0,0.0
2022-01-26 08:13:32.505239,0.0,0.0,0.0
2022-01-26 08:13:33.002666,0.0,0.0,0.0
2022-01-26 08:13:33.510461,0.0,0.0,0.0
2022-01-26 08:13:34.007992,0.0,0.0,0.0
2022-01-26 08:13:34.503705,0.0,0.0,0.0
2022-01-26 08:13:35.003812,0.0,0.0,0.0
2022-01-26 08:13:35.508508,0.0,0.0,0.0
2022-01-26 08:13:36.007095,0.0,0.0,0.0
2022-01-26 08:13:36.509429,0.0,0.0,0.0
2022-01-26 08:13:37.007470,0.0,0.0,0.0
2022-01-26 08:13:37.507163,0.0,0.0,0.0
2022-01-26 08:13:38.003035,0.0,0.0,0.0
2022-01-26 08:13:38.507862,0.0,0.0,0.0
2022-01-26 08:13:39.006233,0.0,0.0,0.0
2022-01-26 08:13:39.510303,0.0,0.0,0.0
2022-01-26 08:13:40.008013,0.0,0.0,0.0
2022-01-26 08:13:40.501160,0.0,0.0,0.0
2022-01-26 08:13:41.008686,0.0,0.0,0.0
2022-01-26 08:13:41.502756,0.0,0.0,0.0
2022-01-26 08:13:42.010690,0.0,0.0,0.0
2022-01-26 08:13:42.505165,0.0,0.0,0.0
2022-01-26 08:13:43.003874,0.0,0.0,0.0
2022-01-26 08:13:43.510810,0.0,0.0,0.0
2022-01-26 08:13:44.008965,0.0,0.0,0.0
2022-01-26 08:13:44.503424,0.0,0.0,0.0
2022-01-26 08:13:45.002648,0.0,0.0,0.0
2022-01-26 08:13:45.507190,0.0,0.0,0.0
2022-01-26 08:13:46.003249,0.0,0.0,0.0
2022-01-26 08:13:46.508214,0.0,0.0,0.0
2022-01-26 08:13:47.006552,0.0,0.0,0.0
2022-01-26 08:13:47.501752,0.0,0.0,0.0
2022-01-26 08:13:48.008581,0.0,0.0,0.0
2022-01-26 08:13:48.505759,0.0,0.0,0.0
2022-01-26 08:13:49.006418,0.0,0.0,0.0
2022-01-26 08:13:49.502327,0.0,0.0,0.0
2022-01-26 08:13:50.010642,0.0,0.0,0.0
2022-01-26 08:13:50.505224,0.0,0.0,0.0
2022-01-26 08:13:51.003993,0.0,0.0,0.0
2022-01-26 08:13:51.510685,0.0,0.0,0.0
2022-01-26 08:13:52.004547,0.0,0.0,0.0
2022-01-26 08:13:52.501003,0.0,0.0,0.0
2022-01-26 08:13:53.008888,0.0,0.0,0.0
2022-01-26 08:13:53.502447,0.0,0.0,0.0
2022-01-26 08:13:54.001057,0.0,0.0,0.0
2022-01-26 08:13:54.506836,0.0,0.0,0.0
2022-01-26 08:13:55.005670,0.0,0.0,0.0
2022-01-26 08:13:55.504498,0.0,0.0,0.0
2022-01-26 08:13:56.002516,0.0,0.0,0.0
2022-01-26 08:13:56.508362,0.0,0.0,0.0
2022-01-26 08:13:57.006274,0.0,0.0,0.0
2022-01-26 08:13:57.510522,0.0,0.0,0.0
2022-01-26 08:13:58.009634,0.0,0.0,0.0
2022-01-26 08:13:58.506684,0.0,0.0,0.0
2022-01-26 08:13:59.004302,0.0,0.0,0.0
2022-01-26 08:13:59.509964,0.0,0.0,0.0
2022-01-26 08:14:00.010615,0.0,0.0,0.0
2022-01-26 08:14:00.506479,0.0,0.0,0.0
2022-01-26 08:14:01.003930,0.0,0.0,0.0
2022-01-26 08:14:01.509910,0.0,0.0,0.0
2022-01-26 08:14:02.007974,0.0,0.0,0.0
2022-01-26 08:14:02.502502,0.0,0.0,0.0
2022-01-26 08:14:03.009720,0.0,0.0,0.0
2022-01-26 08:14:03.504367,0.0,0.0,0.0
2022-01-26 08:14:04.504427,0.0,0.0,0.0
2022-01-26 08:14:05.009651,0.0,0.0,0.0
2022-01-26 08:14:05.505956,0.0,0.0,0.0
2022-01-26 08:14:06.002185,0.0,0.0,0.0
2022-01-26 08:14:06.509741,0.0,0.0,0.0
2022-01-26 08:14:07.007040,0.0,0.0,0.0
2022-01-26 08:14:07.501661,0.0,0.0,0.0
2022-01-26 08:14:08.009699,0.0,0.0,0.0
2022-01-26 08:14:08.504967,0.0,0.0,0.0
2022-01-26 08:14:09.009927,0.0,0.0,0.0
2022-01-26 08:14:09.506425,0.0,0.0,0.0
2022-01-26 08:14:10.003823,0.0,0.0,0.0
2022-01-26 08:14:10.509055,0.0,0.0,0.0
2022-01-26 08:14:11.005411,0.0,0.0,0.0
2022-01-26 08:14:11.507042,0.0,0.0,0.0
2022-01-26 08:14:12.006167,0.0,0.0,0.0
2022-01-26 08:14:12.509888,0.0,0.0,0.0
2022-01-26 08:14:13.007133,0.0,0.0,0.0
2022-01-26 08:14:13.500920,0.0,0.0,0.0
2022-01-26 08:14:14.004717,0.0,0.0,0.0
2022-01-26 08:14:14.510582,0.0,0.0,0.0
2022-01-26 08:14:15.008174,0.0,0.0,0.0
2022-01-26 08:14:15.505057,0.0,0.0,0.0
2022-01-26 08:14:16.004397,0.0,0.0,0.0
2022-01-26 08:14:16.510224,0.0,0.0,0.0
2022-01-26 08:14:17.009050,0.0,0.0,0.0
2022-01-26 08:14:17.504419,0.0,0.0,0.0
2022-01-26 08:14:18.001538,0.0,0.0,0.0
2022-01-26 08:14:18.510188,0.0,0.0,0.0
2022-01-26 08:14:19.002088,0.0,0.0,0.0
2022-01-26 08:14:19.507599,0.0,0.0,0.0
2022-01-26 08:14:20.004394,0.0,0.0,0.0
2022-01-26 08:14:20.509882,0.0,0.0,0.0
2022-01-26 08:14:21.007362,0.0,0.0,0.0
2022-01-26 08:14:21.501870,0.0,0.0,0.0
2022-01-26 08:14:22.010168,0.0,0.0,0.0
2022-01-26 08:14:22.502614,0.0,0.0,0.0
2022-01-26 08:14:23.008709,0.0,0.0,0.0
2022-01-26 08:14:23.503152,0.0,0.0,0.0
2022-01-26 08:14:24.011115,0.0,0.0,0.0
2022-01-26 08:14:24.506493,0.0,0.0,0.0
2022-01-26 08:14:25.001767,0.0,0.0,0.0
2022-01-26 08:14:25.507603,0.0,0.0,0.0
2022-01-26 08:14:26.007252,0.0,0.0,0.0
2022-01-26 08:14:26.502342,0.0,0.0,0.0
2022-01-26 08:14:27.001068,0.0,0.0,0.0
2022-01-26 08:14:27.505805,0.0,0.0,0.0
2022-01-26 08:14:28.004899,0.0,0.0,0.0
2022-01-26 08:14:28.508957,0.0,0.0,0.0
2022-01-26 08:14:29.009847,0.0,0.0,0.0
2022-01-26 08:14:29.506131,0.0,0.0,0.0
2022-01-26 08:14:30.005053,0.0,0.0,0.0
2022-01-26 08:14:30.502308,0.0,0.0,0.0
2022-01-26 08:14:31.010655,0.0,0.0,0.0
2022-01-26 08:14:31.506229,0.0,0.0,0.0
2022-01-26 08:14:32.003207,0.0,0.0,0.0
2022-01-26 08:14:32.510208,0.0,0.0,0.0
2022-01-26 08:14:33.001077,0.0,0.0,0.0
2022-01-26 08:14:33.507760,0.0,0.0,0.0
2022-01-26 08:14:34.007227,0.0,0.0,0.0
2022-01-26 08:14:34.501916,0.0,0.0,0.0
2022-01-26 08:14:35.006265,0.0,0.0,0.0
2022-01-26 08:14:35.502823,0.0,0.0,0.0
2022-01-26 08:14:36.010400,0.0,0.0,0.0
2022-01-26 08:14:36.507958,0.0,0.0,0.0
2022-01-26 08:14:37.005410,0.0,0.0,0.0
2022-01-26 08:14:37.505157,0.0,0.0,0.0
2022-01-26 08:14:38.006520,0.0,0.0,0.0
2022-01-26 08:14:38.505247,0.0,0.0,0.0
2022-01-26 08:14:39.002268,0.0,0.0,0.0
2022-01-26 08:14:39.507509,0.0,0.0,0.0
2022-01-26 08:14:40.006268,0.0,0.0,0.0
2022-01-26 08:14:40.502710,0.0,0.0,0.0
2022-01-26 08:14:41.009363,0.0,0.0,0.0
2022-01-26 08:14:42.503972,0.0,0.0,0.0
2022-01-26 08:14:43.008458,0.0,0.0,0.0
2022-01-26 08:14:43.509950,0.0,0.0,0.0
2022-01-26 08:14:44.008979,0.0,0.0,0.0
2022-01-26 08:14:44.503947,0.0,0.0,0.0
2022-01-26 08:14:45.004438,0.0,0.0,0.0
2022-01-26 08:14:45.508476,0.0,0.0,0.0
2022-01-26 08:14:46.005265,0.0,0.0,0.0
2022-01-26 08:14:46.510446,0.0,0.0,0.0
2022-01-26 08:14:47.009816,0.0,0.0,0.0
2022-01-26 08:14:47.506624,0.0,0.0,0.0
2022-01-26 08:14:48.004899,0.0,0.0,0.0
2022-01-26 08:14:48.509151,0.0,0.0,0.0
2022-01-26 08:14:49.007062,0.0,0.0,0.0
2022-01-26 08:14:49.508804,0.0,0.0,0.0
2022-01-26 08:14:50.007350,0.0,0.0,0.0
2022-01-26 08:14:50.502396,0.0,0.0,0.0
2022-01-26 08:14:51.006629,0.0,0.0,0.0
2022-01-26 08:14:51.510314,0.0,0.0,0.0
2022-01-26 08:14:52.008032,0.0,0.0,0.0
2022-01-26 08:14:52.503580,0.0,0.0,0.0
2022-01-26 08:14:53.010516,0.0,0.0,0.0
2022-01-26 08:14:53.505118,0.0,0.0,0.0
2022-01-26 08:14:54.001216,0.0,0.0,0.0
2022-01-26 08:14:54.505701,0.0,0.0,0.0
2022-01-26 08:14:55.004568,0.0,0.0,0.0
2022-01-26 08:14:55.503476,0.0,0.0,0.0
2022-01-26 08:14:56.001688,0.0,0.0,0.0
2022-01-26 08:14:56.508196,0.0,0.0,0.0
2022-01-26 08:14:57.006193,0.0,0.0,0.0
2022-01-26 08:14:57.510197,0.0,0.0,0.0
2022-01-26 08:14:58.008286,0.0,0.0,0.0
2022-01-26 08:14:58.504717,0.0,0.0,0.0
2022-01-26 08:14:59.005314,0.0,0.0,0.0
2022-01-26 08:14:59.510425,0.0,0.0,0.0
2022-01-26 08:15:00.008287,0.0,0.0,0.0
2022-01-26 08:15:00.505327,0.0,0.0,0.0
2022-01-26 08:15:01.004192,0.0,0.0,0.0
2022-01-26 08:15:01.508912,0.0,0.0,0.0
2022-01-26 08:15:02.006322,0.0,0.0,0.0
2022-01-26 08:15:02.508936,0.0,0.0,0.0
2022-01-26 08:15:03.006735,0.0,0.0,0.0
2022-01-26 08:15:03.501320,0.0,0.0,0.0
2022-01-26 08:15:04.010416,0.0,0.0,0.0
2022-01-26 08:15:04.507016,0.0,0.0,0.0
2022-01-26 08:15:05.003394,0.0,0.0,0.0
2022-01-26 08:15:05.507987,0.0,0.0,0.0
2022-01-26 08:15:06.005630,0.0,0.0,0.0
2022-01-26 08:15:06.501840,0.0,0.0,0.0
2022-01-26 08:15:07.006077,0.0,0.0,0.0
2022-01-26 08:15:07.501190,0.0,0.0,0.0
2022-01-26 08:15:08.002791,0.0,0.0,0.0
2022-01-26 08:15:08.505474,0.0,0.0,0.0
2022-01-26 08:15:09.009430,0.0,0.0,0.0
2022-01-26 08:15:09.505934,0.0,0.0,0.0
2022-01-26 08:15:10.003898,0.0,0.0,0.0
2022-01-26 08:15:10.508388,0.0,0.0,0.0
2022-01-26 08:15:11.006269,0.0,0.0,0.0
2022-01-26 08:15:11.503091,0.0,0.0,0.0
2022-01-26 08:15:12.002702,0.0,0.0,0.0
2022-01-26 08:15:12.507262,0.0,0.0,0.0
2022-01-26 08:15:13.005718,0.0,0.0,0.0
2022-01-26 08:15:13.502140,0.0,0.0,0.0
2022-01-26 08:15:14.010489,0.0,0.0,0.0
2022-01-26 08:15:14.505118,0.0,0.0,0.0
2022-01-26 08:15:15.002253,0.0,0.0,0.0
2022-01-26 08:15:15.503994,0.0,0.0,0.0
2022-01-26 08:15:16.003468,0.0,0.0,0.0
2022-01-26 08:15:16.507458,0.0,0.0,0.0
2022-01-26 08:15:17.003044,0.0,0.0,0.0
2022-01-26 08:15:17.511126,0.0,0.0,0.0
2022-01-26 08:15:18.004318,0.0,0.0,0.0
2022-01-26 08:15:18.509258,0.0,0.0,0.0
2022-01-26 08:15:19.007898,0.0,0.0,0.0
2022-01-26 08:15:19.509887,0.0,0.0,0.0
2022-01-26 08:15:20.007018,0.0,0.0,0.0
2022-01-26 08:15:20.502379,0.0,0.0,0.0
2022-01-26 08:15:21.011204,0.0,0.0,0.0
2022-01-26 08:15:21.504548,0.0,0.0,0.0
2022-01-26 08:15:22.007687,0.0,0.0,0.0
2022-01-26 08:15:22.505463,0.0,0.0,0.0
2022-01-26 08:15:23.002710,0.0,0.0,0.0
2022-01-26 08:15:23.509434,0.0,0.0,0.0
2022-01-26 08:15:24.006279,0.0,0.0,0.0
2022-01-26 08:15:24.510706,0.0,0.0,0.0
2022-01-26 08:15:25.010566,0.0,0.0,0.0
2022-01-26 08:15:25.505080,0.0,0.0,0.0
2022-01-26 08:15:26.001363,0.0,0.0,0.0
2022-01-26 08:15:26.505785,0.0,0.0,0.0
2022-01-26 08:15:27.003520,0.0,0.0,0.0
2022-01-26 08:15:27.509363,0.0,0.0,0.0
2022-01-26 08:15:28.006676,0.0,0.0,0.0
2022-01-26 08:15:28.501465,0.0,0.0,0.0
2022-01-26 08:15:29.010556,0.0,0.0,0.0
2022-01-26 08:15:29.504944,0.0,0.0,0.0
2022-01-26 08:15:30.005531,0.0,0.0,0.0
2022-01-26 08:15:30.509543,0.0,0.0,0.0
2022-01-26 08:15:31.007136,0.0,0.0,0.0
2022-01-26 08:15:31.503337,0.0,0.0,0.0
2022-01-26 08:15:32.010329,0.0,0.0,0.0
2022-01-26 08:15:32.506082,0.0,0.0,0.0
2022-01-26 08:15:33.003809,0.0,0.0,0.0
2022-01-26 08:15:33.510474,0.0,0.0,0.0
2022-01-26 08:15:34.007878,0.0,0.0,0.0
2022-01-26 08:15:34.502652,0.0,0.0,0.0
2022-01-26 08:15:35.010576,0.0,0.0,0.0
2022-01-26 08:15:35.510655,0.0,0.0,0.0
2022-01-26 08:15:36.009869,0.0,0.0,0.0
2022-01-26 08:15:36.504163,0.0,0.0,0.0
2022-01-26 08:15:37.000901,0.0,0.0,0.0
2022-01-26 08:15:37.506233,0.0,0.0,0.0
2022-01-26 08:15:38.002572,0.0,0.0,0.0
2022-01-26 08:15:38.508362,0.0,0.0,0.0
2022-01-26 08:15:39.005519,0.0,0.0,0.0
2022-01-26 08:15:39.510051,0.0,0.0,0.0
2022-01-26 08:15:40.008940,0.0,0.0,0.0
2022-01-26 08:15:40.505230,0.0,0.0,0.0
2022-01-26 08:15:41.003922,0.0,0.0,0.0
2022-01-26 08:15:41.509200,0.0,0.0,0.0
2022-01-26 08:15:42.008108,0.0,0.0,0.0
2022-01-26 08:15:42.503466,0.0,0.0,0.0
2022-01-26 08:15:43.001020,0.0,0.0,0.0
2022-01-26 08:15:43.506406,0.0,0.0,0.0
2022-01-26 08:15:44.006730,0.0,0.0,0.0
2022-01-26 08:15:44.510674,0.0,0.0,0.0
2022-01-26 08:15:45.001004,0.0,0.0,0.0
2022-01-26 08:15:45.505316,0.0,0.0,0.0
2022-01-26 08:15:46.003854,0.0,0.0,0.0
2022-01-26 08:15:46.508346,0.0,0.0,0.0
2022-01-26 08:15:47.006266,0.0,0.0,0.0
2022-01-26 08:15:47.511101,0.0,0.0,0.0
2022-01-26 08:15:48.008522,0.0,0.0,0.0
2022-01-26 08:15:48.502585,0.0,0.0,0.0
2022-01-26 08:15:49.001069,0.0,0.0,0.0
2022-01-26 08:15:49.508621,0.0,0.0,0.0
2022-01-26 08:15:50.005520,0.0,0.0,0.0
2022-01-26 08:15:50.502793,0.0,0.0,0.0
2022-01-26 08:15:51.010268,0.0,0.0,0.0
2022-01-26 08:15:51.505363,0.0,0.0,0.0
2022-01-26 08:15:52.007831,0.0,0.0,0.0
2022-01-26 08:15:52.502720,0.0,0.0,0.0
2022-01-26 08:15:53.004148,0.0,0.0,0.0
2022-01-26 08:15:53.509218,0.0,0.0,0.0
2022-01-26 08:15:54.009355,0.0,0.0,0.0
2022-01-26 08:15:54.506540,0.0,0.0,0.0
2022-01-26 08:15:55.004561,0.0,0.0,0.0
2022-01-26 08:15:55.510338,0.0,0.0,0.0
2022-01-26 08:15:56.006705,0.0,0.0,0.0
2022-01-26 08:15:56.501021,0.0,0.0,0.0
2022-01-26 08:15:57.009136,0.0,0.0,0.0
2022-01-26 08:15:57.503099,0.0,0.0,0.0
2022-01-26 08:15:58.001515,0.0,0.0,0.0
2022-01-26 08:15:58.510785,0.0,0.0,0.0
2022-01-26 08:15:59.008010,0.0,0.0,0.0
2022-01-26 08:15:59.504032,0.0,0.0,0.0
2022-01-26 08:16:00.002529,0.0,0.0,0.0
2022-01-26 08:16:00.506999,0.0,0.0,0.0
2022-01-26 08:16:01.006809,0.0,0.0,0.0
2022-01-26 08:16:01.503704,0.0,0.0,0.0
2022-01-26 08:16:02.001642,0.0,0.0,0.0
2022-01-26 08:16:02.507833,0.0,0.0,0.0
2022-01-26 08:16:03.006317,0.0,0.0,0.0
2022-01-26 08:16:03.502496,0.0,0.0,0.0
2022-01-26 08:16:04.010855,0.0,0.0,0.0
2022-01-26 08:16:04.503906,0.0,0.0,0.0
2022-01-26 08:16:05.002822,0.0,0.0,0.0
2022-01-26 08:16:05.508967,0.0,0.0,0.0
2022-01-26 08:16:06.007297,0.0,0.0,0.0
2022-01-26 08:16:06.501206,0.0,0.0,0.0
2022-01-26 08:16:07.001001,0.0,0.0,0.0
2022-01-26 08:16:07.506289,0.0,0.0,0.0
2022-01-26 08:16:08.003523,0.0,0.0,0.0
2022-01-26 08:16:08.508353,0.0,0.0,0.0
2022-01-26 08:16:09.006134,0.0,0.0,0.0
2022-01-26 08:16:09.510597,0.0,0.0,0.0
2022-01-26 08:16:10.007880,0.0,0.0,0.0
2022-01-26 08:16:10.501493,0.0,0.0,0.0
2022-01-26 08:16:11.006021,0.0,0.0,0.0
2022-01-26 08:16:11.503358,0.0,0.0,0.0
2022-01-26 08:16:12.001930,0.0,0.0,0.0
2022-01-26 08:16:12.507176,0.0,0.0,0.0
2022-01-26 08:16:13.005430,0.0,0.0,0.0
2022-01-26 08:16:13.510929,0.0,0.0,0.0
2022-01-26 08:16:14.010123,0.0,0.0,0.0
2022-01-26 08:16:14.503891,0.0,0.0,0.0
2022-01-26 08:16:15.002357,0.0,0.0,0.0
2022-01-26 08:16:15.507269,0.0,0.0,0.0
2022-01-26 08:16:16.004982,0.0,0.0,0.0
2022-01-26 08:16:17.005341,0.0,0.0,0.0
2022-01-26 08:16:17.509630,0.0,0.0,0.0
2022-01-26 08:16:18.010528,0.0,0.0,0.0
2022-01-26 08:16:18.504596,0.0,0.0,0.0
2022-01-26 08:16:19.505713,0.0,0.0,0.0
2022-01-26 08:16:20.003239,0.0,0.0,0.0
2022-01-26 08:16:20.507496,0.0,0.0,0.0
2022-01-26 08:16:21.010360,0.0,0.0,0.0
2022-01-26 08:16:21.506681,0.0,0.0,0.0
2022-01-26 08:16:22.005525,0.0,0.0,0.0
2022-01-26 08:16:22.509231,0.0,0.0,0.0
2022-01-26 08:16:23.007677,0.0,0.0,0.0
2022-01-26 08:16:23.502465,0.0,0.0,0.0
2022-01-26 08:16:24.003047,0.0,0.0,0.0
2022-01-26 08:16:24.507197,0.0,0.0,0.0
2022-01-26 08:16:25.003842,0.0,0.0,0.0
2022-01-26 08:16:25.508354,0.0,0.0,0.0
2022-01-26 08:16:26.008603,0.0,0.0,0.0
2022-01-26 08:16:26.503164,0.0,0.0,0.0
2022-01-26 08:16:27.002882,0.0,0.0,0.0
2022-01-26 08:16:27.509117,0.0,0.0,0.0
2022-01-26 08:16:28.007245,0.0,0.0,0.0
2022-01-26 08:16:28.501124,0.0,0.0,0.0
2022-01-26 08:16:29.009338,0.0,0.0,0.0
2022-01-26 08:16:29.504642,0.0,0.0,0.0
2022-01-26 08:16:30.505244,0.0,0.0,0.0
2022-01-26 08:16:31.003971,0.0,0.0,0.0
2022-01-26 08:16:31.507838,0.0,0.0,0.0
2022-01-26 08:16:32.007388,0.0,0.0,0.0
2022-01-26 08:16:32.502674,0.0,0.0,0.0
2022-01-26 08:16:33.010813,0.0,0.0,0.0
2022-01-26 08:16:33.509697,0.0,0.0,0.0
2022-01-26 08:16:34.007503,0.0,0.0,0.0
2022-01-26 08:16:34.501552,0.0,0.0,0.0
2022-01-26 08:16:35.010648,0.0,0.0,0.0
2022-01-26 08:16:35.507665,0.0,0.0,0.0
2022-01-26 08:16:36.004945,0.0,0.0,0.0
2022-01-26 08:16:36.508362,0.0,0.0,0.0
2022-01-26 08:16:37.005333,0.0,0.0,0.0
2022-01-26 08:16:37.510179,0.0,0.0,0.0
2022-01-26 08:16:38.007821,0.0,0.0,0.0
2022-01-26 08:16:38.502563,0.0,0.0,0.0
2022-01-26 08:16:39.009879,0.0,0.0,0.0
2022-01-26 08:16:39.504718,0.0,0.0,0.0
2022-01-26 08:16:40.001648,0.0,0.0,0.0
2022-01-26 08:16:40.507026,0.0,0.0,0.0
2022-01-26 08:16:41.005077,0.0,0.0,0.0
2022-01-26 08:16:41.503596,0.0,0.0,0.0
2022-01-26 08:16:42.010351,0.0,0.0,0.0
2022-01-26 08:16:42.505102,0.0,0.0,0.0
2022-01-26 08:16:43.002096,0.0,0.0,0.0
2022-01-26 08:16:43.506886,0.0,0.0,0.0
2022-01-26 08:16:44.004979,0.0,0.0,0.0
2022-01-26 08:16:44.511075,0.0,0.0,0.0
2022-01-26 08:16:45.009043,0.0,0.0,0.0
2022-01-26 08:16:45.503263,0.0,0.0,0.0
2022-01-26 08:16:46.004449,0.0,0.0,0.0
2022-01-26 08:16:46.510399,0.0,0.0,0.0
2022-01-26 08:16:47.008041,0.0,0.0,0.0
2022-01-26 08:16:47.503207,0.0,0.0,0.0
2022-01-26 08:16:48.002479,0.0,0.0,0.0
2022-01-26 08:16:48.506575,0.0,0.0,0.0
2022-01-26 08:16:49.005395,0.0,0.0,0.0
2022-01-26 08:16:49.501510,0.0,0.0,0.0
2022-01-26 08:16:50.009770,0.0,0.0,0.0
2022-01-26 08:16:50.503552,0.0,0.0,0.0
2022-01-26 08:16:51.001679,0.0,0.0,0.0
2022-01-26 08:16:51.506707,0.0,0.0,0.0
2022-01-26 08:16:52.006882,0.0,0.0,0.0
2022-01-26 08:16:52.510647,0.0,0.0,0.0
2022-01-26 08:16:53.007697,0.0,0.0,0.0
2022-01-26 08:16:53.502865,0.0,0.0,0.0
2022-01-26 08:16:54.003499,0.0,0.0,0.0
2022-01-26 08:16:54.506705,0.0,0.0,0.0
2022-01-26 08:16:55.004294,0.0,0.0,0.0
2022-01-26 08:16:55.509322,0.0,0.0,0.0
2022-01-26 08:16:56.007519,0.0,0.0,0.0
2022-01-26 08:16:56.503826,0.0,0.0,0.0
2022-01-26 08:16:57.003319,0.0,0.0,0.0
2022-01-26 08:16:57.509802,0.0,0.0,0.0
2022-01-26 08:16:58.006423,0.0,0.0,0.0
2022-01-26 08:16:58.500834,0.0,0.0,0.0
2022-01-26 08:16:59.009816,0.0,0.0,0.0
2022-01-26 08:16:59.504632,0.0,0.0,0.0
2022-01-26 08:17:00.010570,0.0,0.0,0.0
2022-01-26 08:17:00.502580,0.0,0.0,0.0
2022-01-26 08:17:01.010399,0.0,0.0,0.0
2022-01-26 08:17:01.501600,0.0,0.0,0.0
2022-01-26 08:17:02.009123,0.0,0.0,0.0
2022-01-26 08:17:02.505155,0.0,0.0,0.0
2022-01-26 08:17:03.002474,0.0,0.0,0.0
2022-01-26 08:17:03.505717,0.0,0.0,0.0
2022-01-26 08:17:04.002347,0.0,0.0,0.0
2022-01-26 08:17:04.507203,0.0,0.0,0.0
2022-01-26 08:17:05.006052,0.0,0.0,0.0
2022-01-26 08:17:05.509932,0.0,0.0,0.0
2022-01-26 08:17:06.009199,0.0,0.0,0.0
2022-01-26 08:17:06.509115,0.0,0.0,0.0
2022-01-26 08:17:07.007234,0.0,0.0,0.0
2022-01-26 08:17:07.507986,0.0,0.0,0.0
2022-01-26 08:17:08.002374,0.0,0.0,0.0
2022-01-26 08:17:08.507054,0.0,0.0,0.0
2022-01-26 08:17:09.004146,0.0,0.0,0.0
2022-01-26 08:17:09.510998,0.0,0.0,0.0
2022-01-26 08:17:10.006961,0.0,0.0,0.0
2022-01-26 08:17:10.502501,0.0,0.0,0.0
2022-01-26 08:17:11.003964,0.0,0.0,0.0
2022-01-26 08:17:11.501116,0.0,0.0,0.0
2022-01-26 08:17:12.009550,0.0,0.0,0.0
2022-01-26 08:17:12.506135,0.0,0.0,0.0
2022-01-26 08:17:13.003899,0.0,0.0,0.0
2022-01-26 08:17:13.507841,0.0,0.0,0.0
2022-01-26 08:17:14.008741,0.0,0.0,0.0
2022-01-26 08:17:14.502560,0.0,0.0,0.0
2022-01-26 08:17:15.002479,0.0,0.0,0.0
2022-01-26 08:17:15.506776,0.0,0.0,0.0
2022-01-26 08:17:16.005411,0.0,0.0,0.0
2022-01-26 08:17:16.502172,0.0,0.0,0.0
2022-01-26 08:17:17.007360,0.0,0.0,0.0
2022-01-26 08:17:17.502569,0.0,0.0,0.0
2022-01-26 08:17:18.001915,0.0,0.0,0.0
2022-01-26 08:17:18.507897,0.0,0.0,0.0
2022-01-26 08:17:19.006654,0.0,0.0,0.0
2022-01-26 08:17:19.501457,0.0,0.0,0.0
2022-01-26 08:17:20.003943,0.0,0.0,0.0
2022-01-26 08:17:20.510353,0.0,0.0,0.0
2022-01-26 08:17:21.010400,0.0,0.0,0.0
2022-01-26 08:17:21.504617,0.0,0.0,0.0
2022-01-26 08:17:22.001809,0.0,0.0,0.0
2022-01-26 08:17:22.506969,0.0,0.0,0.0
2022-01-26 08:17:23.004395,0.0,0.0,0.0
2022-01-26 08:17:23.509649,0.0,0.0,0.0
2022-01-26 08:17:24.006059,0.0,0.0,0.0
2022-01-26 08:17:24.510591,0.0,0.0,0.0
2022-01-26 08:17:25.010218,0.0,0.0,0.0
2022-01-26 08:17:25.505480,0.0,0.0,0.0
2022-01-26 08:17:26.006059,0.0,0.0,0.0
2022-01-26 08:17:26.501111,0.0,0.0,0.0
2022-01-26 08:17:27.009271,0.0,0.0,0.0
2022-01-26 08:17:27.504524,0.0,0.0,0.0
2022-01-26 08:17:28.003588,0.0,0.0,0.0
2022-01-26 08:17:28.509774,0.0,0.0,0.0
2022-01-26 08:17:29.009304,0.0,0.0,0.0
2022-01-26 08:17:29.508276,0.0,0.0,0.0
2022-01-26 08:17:30.001775,0.0,0.0,0.0
2022-01-26 08:17:30.505762,0.0,0.0,0.0
2022-01-26 08:17:31.001377,0.0,0.0,0.0
2022-01-26 08:17:31.506882,0.0,0.0,0.0
2022-01-26 08:17:32.005023,0.0,0.0,0.0
2022-01-26 08:17:32.510311,0.0,0.0,0.0
2022-01-26 08:17:33.010821,0.0,0.0,0.0
2022-01-26 08:17:33.509685,0.0,0.0,0.0
2022-01-26 08:17:34.008741,0.0,0.0,0.0
2022-01-26 08:17:34.503414,0.0,0.0,0.0
2022-01-26 08:17:35.002846,0.0,0.0,0.0
2022-01-26 08:17:35.509785,0.0,0.0,0.0
2022-01-26 08:17:36.003750,0.0,0.0,0.0
2022-01-26 08:17:36.508014,0.0,0.0,0.0
2022-01-26 08:17:37.005917,0.0,0.0,0.0
2022-01-26 08:17:37.510800,0.0,0.0,0.0
2022-01-26 08:17:38.010648,0.0,0.0,0.0
2022-01-26 08:17:38.505867,0.0,0.0,0.0
2022-01-26 08:17:39.003728,0.0,0.0,0.0
2022-01-26 08:17:39.508996,0.0,0.0,0.0
2022-01-26 08:17:40.006418,0.0,0.0,0.0
2022-01-26 08:17:40.511003,0.0,0.0,0.0
2022-01-26 08:17:41.004253,0.0,0.0,0.0
2022-01-26 08:17:41.509163,0.0,0.0,0.0
2022-01-26 08:17:42.006225,0.0,0.0,0.0
2022-01-26 08:17:42.508234,0.0,0.0,0.0
2022-01-26 08:17:43.007281,0.0,0.0,0.0
2022-01-26 08:17:43.502181,0.0,0.0,0.0
2022-01-26 08:17:44.009541,0.0,0.0,0.0
2022-01-26 08:17:44.503471,0.0,0.0,0.0
2022-01-26 08:17:45.010576,0.0,0.0,0.0
2022-01-26 08:17:45.506718,0.0,0.0,0.0
2022-01-26 08:17:46.005208,0.0,0.0,0.0
2022-01-26 08:17:46.502364,0.0,0.0,0.0
2022-01-26 08:17:47.001307,0.0,0.0,0.0
2022-01-26 08:17:47.506477,0.0,0.0,0.0
2022-01-26 08:17:48.004654,0.0,0.0,0.0
2022-01-26 08:17:48.510408,0.0,0.0,0.0
2022-01-26 08:17:49.007914,0.0,0.0,0.0
2022-01-26 08:17:49.502389,0.0,0.0,0.0
2022-01-26 08:17:50.505015,0.0,0.0,0.0
2022-01-26 08:17:51.001380,0.0,0.0,0.0
2022-01-26 08:17:51.507874,0.0,0.0,0.0
2022-01-26 08:17:52.006613,0.0,0.0,0.0
2022-01-26 08:17:52.503620,0.0,0.0,0.0
2022-01-26 08:17:53.011008,0.0,0.0,0.0
2022-01-26 08:17:53.506309,0.0,0.0,0.0
2022-01-26 08:17:54.002626,0.0,0.0,0.0
2022-01-26 08:17:54.510594,0.0,0.0,0.0
2022-01-26 08:17:55.007532,0.0,0.0,0.0
2022-01-26 08:17:55.502161,0.0,0.0,0.0
2022-01-26 08:17:56.009868,0.0,0.0,0.0
2022-01-26 08:17:56.507182,0.0,0.0,0.0
2022-01-26 08:17:57.005288,0.0,0.0,0.0
2022-01-26 08:17:57.510137,0.0,0.0,0.0
2022-01-26 08:17:58.008238,0.0,0.0,0.0
2022-01-26 08:17:58.502342,0.0,0.0,0.0
2022-01-26 08:17:59.002504,0.0,0.0,0.0
2022-01-26 08:17:59.506697,0.0,0.0,0.0
2022-01-26 08:18:00.005790,0.0,0.0,0.0
2022-01-26 08:18:00.502152,0.0,0.0,0.0
2022-01-26 08:18:01.009052,0.0,0.0,0.0
2022-01-26 08:18:01.505209,0.0,0.0,0.0
2022-01-26 08:18:02.003876,0.0,0.0,0.0
2022-01-26 08:18:02.509292,0.0,0.0,0.0
2022-01-26 08:18:03.008390,0.0,0.0,0.0
2022-01-26 08:18:03.503612,0.0,0.0,0.0
2022-01-26 08:18:04.002226,0.0,0.0,0.0
2022-01-26 08:18:04.508295,0.0,0.0,0.0
2022-01-26 08:18:05.006416,0.0,0.0,0.0
2022-01-26 08:18:05.510551,0.0,0.0,0.0
2022-01-26 08:18:06.008158,0.0,0.0,0.0
2022-01-26 08:18:06.502537,0.0,0.0,0.0
2022-01-26 08:18:07.005760,0.0,0.0,0.0
2022-01-26 08:18:07.510362,0.0,0.0,0.0
2022-01-26 08:18:08.008352,0.0,0.0,0.0
2022-01-26 08:18:08.506102,0.0,0.0,0.0
2022-01-26 08:18:09.006416,0.0,0.0,0.0
2022-01-26 08:18:09.502405,0.0,0.0,0.0
2022-01-26 08:18:10.001235,0.0,0.0,0.0
2022-01-26 08:18:10.506749,0.0,0.0,0.0
2022-01-26 08:18:11.003618,0.0,0.0,0.0
2022-01-26 08:18:11.509778,0.0,0.0,0.0
2022-01-26 08:18:12.006811,0.0,0.0,0.0
2022-01-26 08:18:12.501791,0.0,0.0,0.0
2022-01-26 08:18:13.005087,0.0,0.0,0.0
2022-01-26 08:18:13.505789,0.0,0.0,0.0
2022-01-26 08:18:14.003988,0.0,0.0,0.0
2022-01-26 08:18:14.510372,0.0,0.0,0.0
2022-01-26 08:18:15.003040,0.0,0.0,0.0
2022-01-26 08:18:15.507343,0.0,0.0,0.0
2022-01-26 08:18:16.005180,0.0,0.0,0.0
2022-01-26 08:18:16.500955,0.0,0.0,0.0
2022-01-26 08:18:17.008459,0.0,0.0,0.0
2022-01-26 08:18:17.505330,0.0,0.0,0.0
2022-01-26 08:18:18.004541,0.0,0.0,0.0
2022-01-26 08:18:18.508544,0.0,0.0,0.0
2022-01-26 08:18:19.005894,0.0,0.0,0.0
2022-01-26 08:18:19.501486,0.0,0.0,0.0
2022-01-26 08:18:20.001079,0.0,0.0,0.0
2022-01-26 08:18:20.506493,0.0,0.0,0.0
2022-01-26 08:18:21.005031,0.0,0.0,0.0
2022-01-26 08:18:21.509190,0.0,0.0,0.0
2022-01-26 08:18:22.006826,0.0,0.0,0.0
2022-01-26 08:18:22.503377,0.0,0.0,0.0
2022-01-26 08:18:23.005478,0.0,0.0,0.0
2022-01-26 08:18:23.510470,0.0,0.0,0.0
2022-01-26 08:18:24.008147,0.0,0.0,0.0
2022-01-26 08:18:24.502853,0.0,0.0,0.0
2022-01-26 08:18:25.009702,0.0,0.0,0.0
2022-01-26 08:18:25.504014,0.0,0.0,0.0
2022-01-26 08:18:26.002293,0.0,0.0,0.0
2022-01-26 08:18:26.505948,0.0,0.0,0.0
2022-01-26 08:18:27.001554,0.0,0.0,0.0
2022-01-26 08:18:27.506888,0.0,0.0,0.0
2022-01-26 08:18:28.004991,0.0,0.0,0.0
2022-01-26 08:18:28.510512,0.0,0.0,0.0
2022-01-26 08:18:29.007678,0.0,0.0,0.0
2022-01-26 08:18:29.502675,0.0,0.0,0.0
2022-01-26 08:18:30.010759,0.0,0.0,0.0
2022-01-26 08:18:30.505947,0.0,0.0,0.0
2022-01-26 08:18:31.003922,0.0,0.0,0.0
2022-01-26 08:18:31.509749,0.0,0.0,0.0
2022-01-26 08:18:32.003263,0.0,0.0,0.0
2022-01-26 08:18:32.509978,0.0,0.0,0.0
2022-01-26 08:18:33.007895,0.0,0.0,0.0
2022-01-26 08:18:33.504045,0.0,0.0,0.0
2022-01-26 08:18:34.003263,0.0,0.0,0.0
2022-01-26 08:18:34.509021,0.0,0.0,0.0
2022-01-26 08:18:35.006588,0.0,0.0,0.0
2022-01-26 08:18:35.504574,0.0,0.0,0.0
2022-01-26 08:18:36.002375,0.0,0.0,0.0
2022-01-26 08:18:36.506336,0.0,0.0,0.0
2022-01-26 08:18:37.003458,0.0,0.0,0.0
2022-01-26 08:18:37.509939,0.0,0.0,0.0
2022-01-26 08:18:38.008638,0.0,0.0,0.0
2022-01-26 08:18:38.502687,0.0,0.0,0.0
2022-01-26 08:18:39.009751,0.0,0.0,0.0
2022-01-26 08:18:39.506180,0.0,0.0,0.0
2022-01-26 08:18:40.003438,0.0,0.0,0.0
2022-01-26 08:18:40.504736,0.0,0.0,0.0
2022-01-26 08:18:41.002283,0.0,0.0,0.0
2022-01-26 08:18:41.508002,0.0,0.0,0.0
2022-01-26 08:18:42.007156,0.0,0.0,0.0
2022-01-26 08:18:42.507611,0.0,0.0,0.0
2022-01-26 08:18:43.002683,0.0,0.0,0.0
2022-01-26 08:18:44.005231,0.0,0.0,0.0
2022-01-26 08:18:44.510771,0.0,0.0,0.0
2022-01-26 08:18:45.001181,0.0,0.0,0.0
2022-01-26 08:18:45.509651,0.0,0.0,0.0
2022-01-26 08:18:46.010419,0.0,0.0,0.0
2022-01-26 08:18:46.504763,0.0,0.0,0.0
2022-01-26 08:18:47.003345,0.0,0.0,0.0
2022-01-26 08:18:47.509014,0.0,0.0,0.0
2022-01-26 08:18:48.006658,0.0,0.0,0.0
2022-01-26 08:18:48.504169,0.0,0.0,0.0
2022-01-26 08:18:49.002918,0.0,0.0,0.0
2022-01-26 08:18:49.509804,0.0,0.0,0.0
2022-01-26 08:18:50.007027,0.0,0.0,0.0
2022-01-26 08:18:50.502271,0.0,0.0,0.0
2022-01-26 08:18:51.011179,0.0,0.0,0.0
2022-01-26 08:18:51.506013,0.0,0.0,0.0
2022-01-26 08:18:52.004076,0.0,0.0,0.0
2022-01-26 08:18:52.509369,0.0,0.0,0.0
2022-01-26 08:18:53.006828,0.0,0.0,0.0
2022-01-26 08:18:53.501987,0.0,0.0,0.0
2022-01-26 08:18:54.001505,0.0,0.0,0.0
2022-01-26 08:18:54.508094,0.0,0.0,0.0
2022-01-26 08:18:55.006881,0.0,0.0,0.0
2022-01-26 08:18:55.501478,0.0,0.0,0.0
2022-01-26 08:18:56.009449,0.0,0.0,0.0
2022-01-26 08:18:56.510748,0.0,0.0,0.0
2022-01-26 08:18:57.009031,0.0,0.0,0.0
2022-01-26 08:18:57.502725,0.0,0.0,0.0
2022-01-26 08:18:58.001249,0.0,0.0,0.0
2022-01-26 08:18:58.509817,0.0,0.0,0.0
2022-01-26 08:18:59.008456,0.0,0.0,0.0
2022-01-26 08:18:59.502932,0.0,0.0,0.0
2022-01-26 08:19:00.010449,0.0,0.0,0.0
2022-01-26 08:19:00.502674,0.0,0.0,0.0
2022-01-26 08:19:01.010255,0.0,0.0,0.0
2022-01-26 08:19:01.505167,0.0,0.0,0.0
2022-01-26 08:19:02.002569,0.0,0.0,0.0
2022-01-26 08:19:02.509113,0.0,0.0,0.0
2022-01-26 08:19:03.006603,0.0,0.0,0.0
2022-01-26 08:19:03.510886,0.0,0.0,0.0
2022-01-26 08:19:04.007804,0.0,0.0,0.0
2022-01-26 08:19:04.503704,0.0,0.0,0.0
2022-01-26 08:19:05.010775,0.0,0.0,0.0
2022-01-26 08:19:05.504950,0.0,0.0,0.0
2022-01-26 08:19:06.002306,0.0,0.0,0.0
2022-01-26 08:19:06.510148,0.0,0.0,0.0
2022-01-26 08:19:07.006904,0.0,0.0,0.0
2022-01-26 08:19:07.502486,0.0,0.0,0.0
2022-01-26 08:19:08.009797,0.0,0.0,0.0
2022-01-26 08:19:08.504972,0.0,0.0,0.0
2022-01-26 08:19:09.010961,0.0,0.0,0.0
2022-01-26 08:19:09.505788,0.0,0.0,0.0
2022-01-26 08:19:10.003557,0.0,0.0,0.0
2022-01-26 08:19:10.509156,0.0,0.0,0.0
2022-01-26 08:19:11.009906,0.0,0.0,0.0
2022-01-26 08:19:11.504609,0.0,0.0,0.0
2022-01-26 08:19:12.003249,0.0,0.0,0.0
2022-01-26 08:19:12.508823,0.0,0.0,0.0
2022-01-26 08:19:13.008322,0.0,0.0,0.0
2022-01-26 08:19:13.504753,0.0,0.0,0.0
2022-01-26 08:19:14.003149,0.0,0.0,0.0
2022-01-26 08:19:14.509635,0.0,0.0,0.0
2022-01-26 08:19:15.007293,0.0,0.0,0.0
2022-01-26 08:19:15.507336,0.0,0.0,0.0
2022-01-26 08:19:16.006518,0.0,0.0,0.0
2022-01-26 08:19:16.500994,0.0,0.0,0.0
2022-01-26 08:19:17.009260,0.0,0.0,0.0
2022-01-26 08:19:17.503497,0.0,0.0,0.0
2022-01-26 08:19:18.000769,0.0,0.0,0.0
2022-01-26 08:19:18.503248,0.0,0.0,0.0
2022-01-26 08:19:19.002743,0.0,0.0,0.0
2022-01-26 08:19:19.509651,0.0,0.0,0.0
2022-01-26 08:19:20.008555,0.0,0.0,0.0
2022-01-26 08:19:20.503223,0.0,0.0,0.0
2022-01-26 08:19:21.001733,0.0,0.0,0.0
2022-01-26 08:19:21.506838,0.0,0.0,0.0
2022-01-26 08:19:22.007293,0.0,0.0,0.0
2022-01-26 08:19:22.502449,0.0,0.0,0.0
2022-01-26 08:19:23.009765,0.0,0.0,0.0
2022-01-26 08:19:23.503374,0.0,0.0,0.0
2022-01-26 08:19:24.011025,0.0,0.0,0.0
2022-01-26 08:19:24.508870,0.0,0.0,0.0
2022-01-26 08:19:25.006027,0.0,0.0,0.0
2022-01-26 08:19:25.504968,0.0,0.0,0.0
2022-01-26 08:19:26.003213,0.0,0.0,0.0
2022-01-26 08:19:26.508373,0.0,0.0,0.0
2022-01-26 08:19:27.006931,0.0,0.0,0.0
2022-01-26 08:19:27.502512,0.0,0.0,0.0
2022-01-26 08:19:28.011708,0.0,0.0,0.0
2022-01-26 08:19:28.501274,0.0,0.0,0.0
2022-01-26 08:19:29.009291,0.0,0.0,0.0
2022-01-26 08:19:29.508303,0.0,0.0,0.0
2022-01-26 08:19:30.006798,0.0,0.0,0.0
2022-01-26 08:19:30.502094,0.0,0.0,0.0
2022-01-26 08:19:31.009961,0.0,0.0,0.0
2022-01-26 08:19:31.505495,0.0,0.0,0.0
2022-01-26 08:19:32.002930,0.0,0.0,0.0
2022-01-26 08:19:32.508645,0.0,0.0,0.0
2022-01-26 08:19:33.002171,0.0,0.0,0.0
2022-01-26 08:19:33.508572,0.0,0.0,0.0
2022-01-26 08:19:34.008524,0.0,0.0,0.0
2022-01-26 08:19:34.506412,0.0,0.0,0.0
2022-01-26 08:19:35.005185,0.0,0.0,0.0
2022-01-26 08:19:35.501976,0.0,0.0,0.0
2022-01-26 08:19:36.504871,0.0,0.0,0.0
2022-01-26 08:19:37.002560,0.0,0.0,0.0
2022-01-26 08:19:37.509077,0.0,0.0,0.0
2022-01-26 08:19:38.006644,0.0,0.0,0.0
2022-01-26 08:19:38.501107,0.0,0.0,0.0
2022-01-26 08:19:39.008267,0.0,0.0,0.0
2022-01-26 08:19:39.504323,0.0,0.0,0.0
2022-01-26 08:19:40.003333,0.0,0.0,0.0
2022-01-26 08:19:40.507393,0.0,0.0,0.0
2022-01-26 08:19:41.007040,0.0,0.0,0.0
2022-01-26 08:19:41.502301,0.0,0.0,0.0
2022-01-26 08:19:42.009651,0.0,0.0,0.0
2022-01-26 08:19:42.503630,0.0,0.0,0.0
2022-01-26 08:19:43.002452,0.0,0.0,0.0
2022-01-26 08:19:43.508784,0.0,0.0,0.0
2022-01-26 08:19:44.006802,0.0,0.0,0.0
2022-01-26 08:19:44.502798,0.0,0.0,0.0
2022-01-26 08:19:45.005502,0.0,0.0,0.0
2022-01-26 08:19:45.510624,0.0,0.0,0.0
2022-01-26 08:19:46.010880,0.0,0.0,0.0
2022-01-26 08:19:46.501844,0.0,0.0,0.0
2022-01-26 08:19:47.009416,0.0,0.0,0.0
2022-01-26 08:19:47.504310,0.0,0.0,0.0
2022-01-26 08:19:48.002792,0.0,0.0,0.0
2022-01-26 08:19:48.507219,0.0,0.0,0.0
2022-01-26 08:19:49.005198,0.0,0.0,0.0
2022-01-26 08:19:49.510891,0.0,0.0,0.0
2022-01-26 08:19:50.007374,0.0,0.0,0.0
2022-01-26 08:19:50.501183,0.0,0.0,0.0
2022-01-26 08:19:51.009074,0.0,0.0,0.0
2022-01-26 08:19:51.503877,0.0,0.0,0.0
2022-01-26 08:19:52.003059,0.0,0.0,0.0
2022-01-26 08:19:52.504953,0.0,0.0,0.0
2022-01-26 08:19:53.002924,0.0,0.0,0.0
2022-01-26 08:19:53.508126,0.0,0.0,0.0
2022-01-26 08:19:54.006228,0.0,0.0,0.0
2022-01-26 08:19:54.501521,0.0,0.0,0.0
2022-01-26 08:19:55.009434,0.0,0.0,0.0
2022-01-26 08:19:55.503964,0.0,0.0,0.0
2022-01-26 08:19:56.002513,0.0,0.0,0.0
2022-01-26 08:19:56.508452,0.0,0.0,0.0
2022-01-26 08:19:57.006324,0.0,0.0,0.0
2022-01-26 08:19:57.503774,0.0,0.0,0.0
2022-01-26 08:19:58.003705,0.0,0.0,0.0
2022-01-26 08:19:58.508356,0.0,0.0,0.0
2022-01-26 08:19:59.007411,0.0,0.0,0.0
2022-01-26 08:19:59.510695,0.0,0.0,0.0
2022-01-26 08:20:00.010539,0.0,0.0,0.0
2022-01-26 08:20:00.509702,0.0,0.0,0.0
2022-01-26 08:20:01.005021,0.0,0.0,0.0
2022-01-26 08:20:01.509904,0.0,0.0,0.0
2022-01-26 08:20:02.007589,0.0,0.0,0.0
2022-01-26 08:20:02.503865,0.0,0.0,0.0
2022-01-26 08:20:03.003629,0.0,0.0,0.0
2022-01-26 08:20:03.508093,0.0,0.0,0.0
2022-01-26 08:20:04.005126,0.0,0.0,0.0
2022-01-26 08:20:04.510075,0.0,0.0,0.0
2022-01-26 08:20:05.010825,0.0,0.0,0.0
2022-01-26 08:20:05.505718,0.0,0.0,0.0
2022-01-26 08:20:06.006703,0.0,0.0,0.0
2022-01-26 08:20:06.501846,0.0,0.0,0.0
2022-01-26 08:20:07.008852,0.0,0.0,0.0
2022-01-26 08:20:07.505216,0.0,0.0,0.0
2022-01-26 08:20:08.006310,0.0,0.0,0.0
2022-01-26 08:20:08.510500,0.0,0.0,0.0
2022-01-26 08:20:09.005539,0.0,0.0,0.0
2022-01-26 08:20:09.510749,0.0,0.0,0.0
2022-01-26 08:20:10.003165,0.0,0.0,0.0
2022-01-26 08:20:10.507560,0.0,0.0,0.0
2022-01-26 08:20:11.005651,0.0,0.0,0.0
2022-01-26 08:20:11.501650,0.0,0.0,0.0
2022-01-26 08:20:12.009137,0.0,0.0,0.0
2022-01-26 08:20:12.503634,0.0,0.0,0.0
2022-01-26 08:20:13.010794,0.0,0.0,0.0
2022-01-26 08:20:13.507183,0.0,0.0,0.0
2022-01-26 08:20:14.003789,0.0,0.0,0.0
2022-01-26 08:20:14.509818,0.0,0.0,0.0
2022-01-26 08:20:15.009815,0.0,0.0,0.0
2022-01-26 08:20:15.505795,0.0,0.0,0.0
2022-01-26 08:20:16.004117,0.0,0.0,0.0
2022-01-26 08:20:16.505131,0.0,0.0,0.0
2022-01-26 08:20:17.003216,0.0,0.0,0.0
2022-01-26 08:20:17.509748,0.0,0.0,0.0
2022-01-26 08:20:18.007242,0.0,0.0,0.0
2022-01-26 08:20:18.506021,0.0,0.0,0.0
2022-01-26 08:20:19.003229,0.0,0.0,0.0
2022-01-26 08:20:19.505025,0.0,0.0,0.0
2022-01-26 08:20:20.003306,0.0,0.0,0.0
2022-01-26 08:20:20.508855,0.0,0.0,0.0
2022-01-26 08:20:21.008127,0.0,0.0,0.0
2022-01-26 08:20:21.502469,0.0,0.0,0.0
2022-01-26 08:20:22.010936,0.0,0.0,0.0
2022-01-26 08:20:22.506297,0.0,0.0,0.0
2022-01-26 08:20:23.004535,0.0,0.0,0.0
2022-01-26 08:20:23.508845,0.0,0.0,0.0
2022-01-26 08:20:24.005087,0.0,0.0,0.0
2022-01-26 08:20:24.510917,0.0,0.0,0.0
2022-01-26 08:20:25.006673,0.0,0.0,0.0
2022-01-26 08:20:25.510249,0.0,0.0,0.0
2022-01-26 08:20:26.007698,0.0,0.0,0.0
2022-01-26 08:20:26.504512,0.0,0.0,0.0
2022-01-26 08:20:27.002135,0.0,0.0,0.0
2022-01-26 08:20:27.508532,0.0,0.0,0.0
2022-01-26 08:20:28.006557,0.0,0.0,0.0
2022-01-26 08:20:28.503458,0.0,0.0,0.0
2022-01-26 08:20:29.001942,0.0,0.0,0.0
2022-01-26 08:20:29.505896,0.0,0.0,0.0
2022-01-26 08:20:30.002687,0.0,0.0,0.0
2022-01-26 08:20:30.507345,0.0,0.0,0.0
2022-01-26 08:20:31.005722,0.0,0.0,0.0
2022-01-26 08:20:31.510074,0.0,0.0,0.0
2022-01-26 08:20:32.001958,0.0,0.0,0.0
2022-01-26 08:20:32.508654,0.0,0.0,0.0
2022-01-26 08:20:33.003098,0.0,0.0,0.0
2022-01-26 08:20:33.504308,0.0,0.0,0.0
2022-01-26 08:20:34.000792,0.0,0.0,0.0
2022-01-26 08:20:34.506221,0.0,0.0,0.0
2022-01-26 08:20:35.002249,0.0,0.0,0.0
2022-01-26 08:20:35.509264,0.0,0.0,0.0
2022-01-26 08:20:36.002635,0.0,0.0,0.0
2022-01-26 08:20:36.509503,0.0,0.0,0.0
2022-01-26 08:20:37.007483,0.0,0.0,0.0
2022-01-26 08:20:37.502472,0.0,0.0,0.0
2022-01-26 08:20:38.010697,0.0,0.0,0.0
2022-01-26 08:20:38.505377,0.0,0.0,0.0
2022-01-26 08:20:39.002858,0.0,0.0,0.0
2022-01-26 08:20:39.509858,0.0,0.0,0.0
2022-01-26 08:20:40.009204,0.0,0.0,0.0
2022-01-26 08:20:40.503680,0.0,0.0,0.0
2022-01-26 08:20:41.002668,0.0,0.0,0.0
2022-01-26 08:20:41.503847,0.0,0.0,0.0
2022-01-26 08:20:42.002986,0.0,0.0,0.0
2022-01-26 08:20:42.508291,0.0,0.0,0.0
2022-01-26 08:20:43.006756,0.0,0.0,0.0
2022-01-26 08:20:43.510880,0.0,0.0,0.0
2022-01-26 08:20:44.008920,0.0,0.0,0.0
2022-01-26 08:20:44.502673,0.0,0.0,0.0
2022-01-26 08:20:45.010467,0.0,0.0,0.0
2022-01-26 08:20:45.505724,0.0,0.0,0.0
2022-01-26 08:20:46.003369,0.0,0.0,0.0
2022-01-26 08:20:46.510568,0.0,0.0,0.0
2022-01-26 08:20:47.006189,0.0,0.0,0.0
2022-01-26 08:20:47.502745,0.0,0.0,0.0
2022-01-26 08:20:48.001466,0.0,0.0,0.0
2022-01-26 08:20:48.508504,0.0,0.0,0.0
2022-01-26 08:20:49.007354,0.0,0.0,0.0
2022-01-26 08:20:49.501191,0.0,0.0,0.0
2022-01-26 08:20:50.004347,0.0,0.0,0.0
2022-01-26 08:20:50.510562,0.0,0.0,0.0
2022-01-26 08:20:51.009000,0.0,0.0,0.0
2022-01-26 08:20:51.505693,0.0,0.0,0.0
2022-01-26 08:20:52.002758,0.0,0.0,0.0
2022-01-26 08:20:52.503024,0.0,0.0,0.0
2022-01-26 08:20:53.010578,0.0,0.0,0.0
2022-01-26 08:20:53.510287,0.0,0.0,0.0
2022-01-26 08:20:54.005089,0.0,0.0,0.0
2022-01-26 08:20:54.503648,0.0,0.0,0.0
2022-01-26 08:20:55.003715,0.0,0.0,0.0
2022-01-26 08:20:55.509893,0.0,0.0,0.0
2022-01-26 08:20:56.007905,0.0,0.0,0.0
2022-01-26 08:20:56.502315,0.0,0.0,0.0
2022-01-26 08:20:57.010355,0.0,0.0,0.0
2022-01-26 08:20:57.505745,0.0,0.0,0.0
2022-01-26 08:20:58.006888,0.0,0.0,0.0
2022-01-26 08:20:58.502238,0.0,0.0,0.0
2022-01-26 08:20:59.001807,0.0,0.0,0.0
2022-01-26 08:20:59.506545,0.0,0.0,0.0
2022-01-26 08:21:00.003703,0.0,0.0,0.0
2022-01-26 08:21:00.508951,0.0,0.0,0.0
2022-01-26 08:21:01.008781,0.0,0.0,0.0
2022-01-26 08:21:01.502304,0.0,0.0,0.0
2022-01-26 08:21:02.009495,0.0,0.0,0.0
2022-01-26 08:21:02.505734,0.0,0.0,0.0
2022-01-26 08:21:03.005425,0.0,0.0,0.0
2022-01-26 08:21:03.509268,0.0,0.0,0.0
2022-01-26 08:21:04.006667,0.0,0.0,0.0
2022-01-26 08:21:04.510570,0.0,0.0,0.0
2022-01-26 08:21:05.008988,0.0,0.0,0.0
2022-01-26 08:21:05.504812,0.0,0.0,0.0
2022-01-26 08:21:06.003229,0.0,0.0,0.0
2022-01-26 08:21:06.509411,0.0,0.0,0.0
2022-01-26 08:21:07.007358,0.0,0.0,0.0
2022-01-26 08:21:07.504051,0.0,0.0,0.0
2022-01-26 08:21:08.002370,0.0,0.0,0.0
2022-01-26 08:21:08.510276,0.0,0.0,0.0
2022-01-26 08:21:09.008362,0.0,0.0,0.0
2022-01-26 08:21:09.503972,0.0,0.0,0.0
2022-01-26 08:21:10.001225,0.0,0.0,0.0
2022-01-26 08:21:10.504938,0.0,0.0,0.0
2022-01-26 08:21:11.001504,0.0,0.0,0.0
2022-01-26 08:21:11.506804,0.0,0.0,0.0
2022-01-26 08:21:12.005422,0.0,0.0,0.0
2022-01-26 08:21:12.509426,0.0,0.0,0.0
2022-01-26 08:21:13.007410,0.0,0.0,0.0
2022-01-26 08:21:13.504019,0.0,0.0,0.0
2022-01-26 08:21:14.001783,0.0,0.0,0.0
2022-01-26 08:21:14.506537,0.0,0.0,0.0
2022-01-26 08:21:15.003960,0.0,0.0,0.0
2022-01-26 08:21:15.508564,0.0,0.0,0.0
2022-01-26 08:21:16.006336,0.0,0.0,0.0
2022-01-26 08:21:16.501257,0.0,0.0,0.0
2022-01-26 08:21:17.008494,0.0,0.0,0.0
2022-01-26 08:21:17.503355,0.0,0.0,0.0
2022-01-26 08:21:18.002711,0.0,0.0,0.0
2022-01-26 08:21:18.507634,0.0,0.0,0.0
2022-01-26 08:21:19.005923,0.0,0.0,0.0
2022-01-26 08:21:19.510416,0.0,0.0,0.0
2022-01-26 08:21:20.009137,0.0,0.0,0.0
2022-01-26 08:21:20.504238,0.0,0.0,0.0
2022-01-26 08:21:21.003269,0.0,0.0,0.0
2022-01-26 08:21:21.509908,0.0,0.0,0.0
2022-01-26 08:21:22.008659,0.0,0.0,0.0
2022-01-26 08:21:22.510869,0.0,0.0,0.0
2022-01-26 08:21:23.004475,0.0,0.0,0.0
2022-01-26 08:21:23.509710,0.0,0.0,0.0
2022-01-26 08:21:24.002009,0.0,0.0,0.0
2022-01-26 08:21:24.507308,0.0,0.0,0.0
2022-01-26 08:21:25.007124,0.0,0.0,0.0
2022-01-26 08:21:25.501954,0.0,0.0,0.0
2022-01-26 08:21:26.010545,0.0,0.0,0.0
2022-01-26 08:21:26.505560,0.0,0.0,0.0
2022-01-26 08:21:27.002934,0.0,0.0,0.0
2022-01-26 08:21:27.507342,0.0,0.0,0.0
2022-01-26 08:21:28.005069,0.0,0.0,0.0
2022-01-26 08:21:28.509264,0.0,0.0,0.0
2022-01-26 08:21:29.005676,0.0,0.0,0.0
2022-01-26 08:21:29.502298,0.0,0.0,0.0
2022-01-26 08:21:30.008820,0.0,0.0,0.0
2022-01-26 08:21:30.502884,0.0,0.0,0.0
2022-01-26 08:21:31.009388,0.0,0.0,0.0
2022-01-26 08:21:31.505067,0.0,0.0,0.0
2022-01-26 08:21:32.002990,0.0,0.0,0.0
2022-01-26 08:21:32.509519,0.0,0.0,0.0
2022-01-26 08:21:33.007823,0.0,0.0,0.0
2022-01-26 08:21:33.502648,0.0,0.0,0.0
2022-01-26 08:21:34.007008,0.0,0.0,0.0
2022-01-26 08:21:34.503208,0.0,0.0,0.0
2022-01-26 08:21:35.006608,0.0,0.0,0.0
2022-01-26 08:21:35.500720,0.0,0.0,0.0
2022-01-26 08:21:36.008820,0.0,0.0,0.0
2022-01-26 08:21:36.504589,0.0,0.0,0.0
2022-01-26 08:21:37.010912,0.0,0.0,0.0
2022-01-26 08:21:37.505451,0.0,0.0,0.0
2022-01-26 08:21:38.003738,0.0,0.0,0.0
2022-01-26 08:21:38.508169,0.0,0.0,0.0
2022-01-26 08:21:39.006545,0.0,0.0,0.0
2022-01-26 08:21:39.501789,0.0,0.0,0.0
2022-01-26 08:21:40.010374,0.0,0.0,0.0
2022-01-26 08:21:40.505211,0.0,0.0,0.0
2022-01-26 08:21:41.002389,0.0,0.0,0.0
2022-01-26 08:21:41.508095,0.0,0.0,0.0
2022-01-26 08:21:42.005538,0.0,0.0,0.0
2022-01-26 08:21:42.510280,0.0,0.0,0.0
2022-01-26 08:21:43.001276,0.0,0.0,0.0
2022-01-26 08:21:43.502080,0.0,0.0,0.0
2022-01-26 08:21:44.009901,0.0,0.0,0.0
2022-01-26 08:21:44.505239,0.0,0.0,0.0
2022-01-26 08:21:45.003322,0.0,0.0,0.0
2022-01-26 08:21:45.508918,0.0,0.0,0.0
2022-01-26 08:21:46.009919,0.0,0.0,0.0
2022-01-26 08:21:46.504502,0.0,0.0,0.0
2022-01-26 08:21:47.003102,0.0,0.0,0.0
2022-01-26 08:21:47.510205,0.0,0.0,0.0
2022-01-26 08:21:48.011070,0.0,0.0,0.0
2022-01-26 08:21:48.507786,0.0,0.0,0.0
2022-01-26 08:21:49.006404,0.0,0.0,0.0
2022-01-26 08:21:49.503046,0.0,0.0,0.0
2022-01-26 08:21:50.004519,0.0,0.0,0.0
2022-01-26 08:21:50.508810,0.0,0.0,0.0
2022-01-26 08:21:51.005805,0.0,0.0,0.0
2022-01-26 08:21:51.501673,0.0,0.0,0.0
2022-01-26 08:21:52.007306,0.0,0.0,0.0
2022-01-26 08:21:52.501812,0.0,0.0,0.0
2022-01-26 08:21:53.010637,0.0,0.0,0.0
2022-01-26 08:21:53.506023,0.0,0.0,0.0
2022-01-26 08:21:54.003347,0.0,0.0,0.0
2022-01-26 08:21:54.509997,0.0,0.0,0.0
2022-01-26 08:21:55.008038,0.0,0.0,0.0
2022-01-26 08:21:55.501930,0.0,0.0,0.0
2022-01-26 08:21:56.002008,0.0,0.0,0.0
2022-01-26 08:21:56.503089,0.0,0.0,0.0
2022-01-26 08:21:57.005069,0.0,0.0,0.0
2022-01-26 08:21:57.510001,0.0,0.0,0.0
2022-01-26 08:21:58.002338,0.0,0.0,0.0
2022-01-26 08:21:58.509133,0.0,0.0,0.0
2022-01-26 08:21:59.007515,0.0,0.0,0.0
2022-01-26 08:21:59.507084,0.0,0.0,0.0
2022-01-26 08:22:00.003484,0.0,0.0,0.0
2022-01-26 08:22:00.503149,0.0,0.0,0.0
2022-01-26 08:22:01.002122,0.0,0.0,0.0
2022-01-26 08:22:01.508790,0.0,0.0,0.0
2022-01-26 08:22:02.007754,0.0,0.0,0.0
2022-01-26 08:22:02.504179,0.0,0.0,0.0
2022-01-26 08:22:03.000975,0.0,0.0,0.0
2022-01-26 08:22:03.509843,0.0,0.0,0.0
2022-01-26 08:22:04.007534,0.0,0.0,0.0
2022-01-26 08:22:04.501711,0.0,0.0,0.0
2022-01-26 08:22:05.009885,0.0,0.0,0.0
2022-01-26 08:22:05.504676,0.0,0.0,0.0
2022-01-26 08:22:06.002441,0.0,0.0,0.0
2022-01-26 08:22:06.510136,0.0,0.0,0.0
2022-01-26 08:22:07.505369,0.0,0.0,0.0
2022-01-26 08:22:08.008566,0.0,0.0,0.0
2022-01-26 08:22:08.506203,0.0,0.0,0.0
2022-01-26 08:22:09.003171,0.0,0.0,0.0
2022-01-26 08:22:09.508272,0.0,0.0,0.0
2022-01-26 08:22:10.005408,0.0,0.0,0.0
2022-01-26 08:22:10.507610,0.0,0.0,0.0
2022-01-26 08:22:11.004997,0.0,0.0,0.0
2022-01-26 08:22:11.510418,0.0,0.0,0.0
