時間,回転１,回転２,回転３
2022-01-19 14:00:00.006812,84.62773,84.751,85.17843
2022-01-19 14:00:00.501319,83.69946,84.02925,85.41406
2022-01-19 14:00:01.000739,84.42104,84.803,85.41406
2022-01-19 14:00:01.507792,83.85417,84.33875,85.92395
2022-01-19 14:00:02.007346,84.62773,84.85375,85.92395
2022-01-19 14:00:02.507172,84.1636,83.97725,85.72791
2022-01-19 14:00:03.006490,84.1636,84.3895,85.72791
2022-01-19 14:00:03.501820,84.1636,84.33875,86.3952
2022-01-19 14:00:04.009714,84.57575,84.699,86.3952
2022-01-19 14:00:04.510336,84.05963,84.4415,85.29625
2022-01-19 14:00:05.007752,83.7502,84.23475,85.29625
2022-01-19 14:00:05.505962,84.62773,84.64825,85.57051
2022-01-19 14:00:06.003388,84.21434,84.33875,85.57051
2022-01-19 14:00:06.502848,84.42104,84.4935,86.00312
2022-01-19 14:00:07.010261,84.11161,84.184,86.00312
2022-01-19 14:00:07.504139,84.00888,84.28675,85.21708
2022-01-19 14:00:08.003325,84.31831,84.699,85.21708
2022-01-19 14:00:08.508474,84.00888,84.59625,85.4527
2022-01-19 14:00:09.006511,84.00888,84.132,85.4527
2022-01-19 14:00:09.501453,84.31831,84.33875,85.4527
2022-01-19 14:00:10.009841,84.00888,84.33875,85.4527
2022-01-19 14:00:10.507433,84.05963,84.184,85.06062
2022-01-19 14:00:11.002912,84.57575,84.803,85.06062
2022-01-19 14:00:11.508585,84.00888,84.33875,85.49229
2022-01-19 14:00:12.006116,84.11161,84.4415,85.49229
2022-01-19 14:00:12.501886,84.21434,84.3895,85.02104
2022-01-19 14:00:13.009754,84.52377,84.3895,85.02104
2022-01-19 14:00:13.504713,84.1636,84.23475,86.23875
2022-01-19 14:00:14.001249,84.1636,84.4415,86.23875
2022-01-19 14:00:14.511177,84.00888,84.184,85.7675
2022-01-19 14:00:15.009809,84.42104,84.699,85.7675
2022-01-19 14:00:15.505126,83.80219,84.02925,85.41406
2022-01-19 14:00:16.004656,84.42104,84.64825,85.41406
2022-01-19 14:00:16.510438,84.1636,84.28675,85.33489
2022-01-19 14:00:17.009014,84.21434,84.3895,85.33489
2022-01-19 14:00:17.504646,84.73046,84.803,85.64968
2022-01-19 14:00:18.004220,83.7502,84.132,85.64968
2022-01-19 14:00:18.508634,84.26632,84.64825,86.35656
2022-01-19 14:00:19.006512,83.69946,83.97725,86.35656
2022-01-19 14:00:19.510921,84.73046,85.0085,85.53187
2022-01-19 14:00:20.007839,83.9569,84.184,85.53187
2022-01-19 14:00:20.502711,84.57575,84.64825,85.72791
2022-01-19 14:00:21.011164,84.31831,84.3895,85.72791
2022-01-19 14:00:21.508044,83.85417,84.02925,85.21708
2022-01-19 14:00:22.006215,84.88517,85.1125,85.21708
2022-01-19 14:00:22.502051,83.64747,84.02925,85.57051
2022-01-19 14:00:23.010210,84.21434,84.3895,85.57051
2022-01-19 14:00:23.505206,83.85417,84.184,85.29625
2022-01-19 14:00:24.004309,84.47302,84.699,85.29625
2022-01-19 14:00:24.509299,84.83319,84.803,84.90322
2022-01-19 14:00:25.007784,83.85417,84.132,84.90322
2022-01-19 14:00:25.502407,84.11161,84.33875,86.5526
2022-01-19 14:00:26.011122,84.11161,84.4415,86.5526
2022-01-19 14:00:26.507100,84.67848,85.0605,85.41406
2022-01-19 14:00:27.005814,83.7502,84.184,85.41406
2022-01-19 14:00:27.501105,84.26632,84.3895,85.17843
2022-01-19 14:00:28.008362,84.11161,84.08,85.17843
2022-01-19 14:00:28.503901,84.67848,84.95775,85.09926
2022-01-19 14:00:29.003762,84.26632,84.54425,85.09926
2022-01-19 14:00:29.510980,83.69946,83.8745,85.80614
2022-01-19 14:00:30.008885,84.36905,84.54425,85.80614
2022-01-19 14:00:30.505171,84.11161,84.699,84.86364
2022-01-19 14:00:31.003736,84.36905,84.4415,84.86364
2022-01-19 14:00:31.509558,84.31831,84.4935,86.43479
2022-01-19 14:00:32.007055,83.9569,83.92525,86.43479
2022-01-19 14:00:32.502196,84.31831,84.4935,85.13885
2022-01-19 14:00:33.009256,84.47302,84.64825,85.13885
2022-01-19 14:00:33.503661,84.05963,84.4415,85.21708
2022-01-19 14:00:34.001707,83.85417,84.184,85.21708
2022-01-19 14:00:34.510263,84.36905,84.4935,85.41406
2022-01-19 14:00:35.006716,84.31831,84.59625,85.41406
2022-01-19 14:00:35.502334,84.21434,84.132,85.33489
2022-01-19 14:00:36.010548,84.42104,84.54425,85.33489
2022-01-19 14:00:36.504533,83.85417,84.02925,85.57051
2022-01-19 14:00:37.003076,84.67848,84.90575,85.57051
2022-01-19 14:00:37.509194,84.00888,84.3895,85.72791
2022-01-19 14:00:38.006925,84.31831,84.59625,85.72791
2022-01-19 14:00:38.510657,83.85417,84.184,85.57051
2022-01-19 14:00:39.007417,84.05963,84.33875,85.57051
2022-01-19 14:00:39.504100,84.67848,84.59625,85.17843
2022-01-19 14:00:40.002906,83.9569,84.132,85.17843
2022-01-19 14:00:40.508007,84.52377,84.90575,85.33489
2022-01-19 14:00:41.006673,83.64747,83.97725,85.33489
2022-01-19 14:00:41.507758,84.57575,84.751,85.4527
2022-01-19 14:00:42.006117,83.90492,84.33875,85.4527
2022-01-19 14:00:42.501654,84.52377,84.59625,85.96354
2022-01-19 14:00:43.001851,84.31831,84.4415,85.96354
2022-01-19 14:00:43.507886,83.54475,83.565,86.12093
2022-01-19 14:00:44.007718,84.73046,85.16325,86.12093
2022-01-19 14:00:44.500574,83.80219,84.02925,84.90322
2022-01-19 14:00:45.009412,84.88517,85.0605,84.90322
2022-01-19 14:00:45.507519,83.59549,83.97725,85.96354
2022-01-19 14:00:46.003864,84.26632,84.3895,85.96354
2022-01-19 14:00:46.502669,84.73046,84.95775,85.25666
2022-01-19 14:00:47.005166,84.1636,84.3895,85.25666
2022-01-19 14:00:47.502403,84.36905,84.59625,85.92395
2022-01-19 14:00:48.002760,83.49276,83.71975,85.92395
2022-01-19 14:00:48.510427,85.03989,85.37,85.41406
2022-01-19 14:00:49.008848,83.7502,84.02925,85.41406
2022-01-19 14:00:49.503850,84.62773,84.751,85.37447
2022-01-19 14:00:50.001528,83.69946,83.8225,85.37447
2022-01-19 14:00:50.507105,84.57575,84.54425,85.72791
2022-01-19 14:00:51.006188,84.42104,84.90575,85.72791
2022-01-19 14:00:51.511117,84.21434,84.4935,86.15958
2022-01-19 14:00:52.004976,84.26632,84.59625,86.15958
2022-01-19 14:00:52.501457,83.59549,83.8225,84.825
2022-01-19 14:00:53.010604,84.73046,84.95775,84.825
2022-01-19 14:00:53.505901,84.21434,84.33875,86.00312
2022-01-19 14:00:54.003292,84.21434,84.23475,86.00312
2022-01-19 14:00:54.507943,84.1636,84.33875,85.41406
2022-01-19 14:00:55.004932,84.21434,84.59625,85.41406
2022-01-19 14:00:55.502203,84.31831,84.699,85.53187
2022-01-19 14:00:56.009897,83.64747,84.02925,85.53187
2022-01-19 14:00:56.504840,84.52377,84.751,85.09926
2022-01-19 14:00:57.004460,83.90492,84.184,85.09926
2022-01-19 14:00:57.502259,85.03989,85.1125,84.90322
2022-01-19 14:00:58.010440,84.05963,84.23475,84.90322
2022-01-19 14:00:58.505155,84.11161,84.33875,86.04176
2022-01-19 14:00:59.003742,83.9569,84.33875,86.04176
2022-01-19 14:00:59.508441,84.21434,84.3895,85.64968
2022-01-19 14:01:00.005297,84.21434,84.3895,85.64968
2022-01-19 14:01:00.510029,84.00888,84.3895,85.29625
2022-01-19 14:01:01.008067,84.36905,84.4415,85.29625
2022-01-19 14:01:01.504202,84.73046,84.90575,84.74583
2022-01-19 14:01:02.004084,84.11161,84.3895,84.74583
2022-01-19 14:01:02.508570,84.36905,84.699,86.3952
2022-01-19 14:01:03.006903,83.7502,84.02925,86.3952
2022-01-19 14:01:03.501060,84.67848,84.90575,84.90322
2022-01-19 14:01:04.008835,83.85417,84.3895,84.90322
2022-01-19 14:01:04.504477,84.42104,84.3895,85.37447
2022-01-19 14:01:05.002391,84.21434,84.184,85.37447
2022-01-19 14:01:05.507685,84.26632,84.59625,85.25666
2022-01-19 14:01:06.005729,84.36905,84.699,85.25666
2022-01-19 14:01:06.501270,83.90492,84.08,85.80614
2022-01-19 14:01:07.008869,84.52377,84.64825,85.80614
2022-01-19 14:01:07.503971,83.7502,84.33875,85.6101
2022-01-19 14:01:08.004073,84.36905,84.4415,85.6101
2022-01-19 14:01:08.509061,84.47302,84.4935,85.17843
2022-01-19 14:01:09.004502,84.11161,84.08,85.17843
2022-01-19 14:01:09.510042,84.36905,84.85375,85.09926
2022-01-19 14:01:10.007780,83.85417,84.184,85.09926
2022-01-19 14:01:10.503978,84.36905,84.4935,85.72791
2022-01-19 14:01:11.010211,83.7502,84.184,85.72791
2022-01-19 14:01:11.506394,84.57575,84.803,85.29625
2022-01-19 14:01:12.003973,84.11161,84.132,85.29625
2022-01-19 14:01:12.508010,84.36905,84.59625,87.14166
2022-01-19 14:01:13.005315,84.26632,84.54425,87.14166
2022-01-19 14:01:13.510616,84.31831,84.64825,85.49229
2022-01-19 14:01:14.008717,84.52377,84.59625,85.49229
2022-01-19 14:01:14.504660,83.39003,83.7705,85.25666
2022-01-19 14:01:15.002697,84.67848,84.85375,85.25666
2022-01-19 14:01:15.509049,83.59549,83.92525,85.25666
2022-01-19 14:01:16.007495,84.62773,84.803,85.25666
2022-01-19 14:01:16.502515,84.26632,84.59625,85.53187
2022-01-19 14:01:17.010712,84.05963,84.4935,85.53187
2022-01-19 14:01:17.506272,84.52377,84.64825,84.98145
2022-01-19 14:01:18.002284,84.36905,84.59625,84.98145
2022-01-19 14:01:18.506648,84.21434,84.3895,86.19916
2022-01-19 14:01:19.009218,83.90492,84.23475,86.19916
2022-01-19 14:01:19.504301,84.57575,84.54425,85.64968
2022-01-19 14:01:20.001963,84.11161,84.3895,85.64968
2022-01-19 14:01:20.506925,84.1636,84.33875,84.78541
2022-01-19 14:01:21.005464,84.26632,84.33875,84.78541
2022-01-19 14:01:21.510332,84.21434,84.33875,86.23875
2022-01-19 14:01:22.009252,84.67848,84.85375,86.23875
2022-01-19 14:01:22.503749,83.9569,84.33875,85.84572
2022-01-19 14:01:23.002375,84.11161,84.02925,85.84572
2022-01-19 14:01:23.509003,84.1636,84.3895,85.25666
2022-01-19 14:01:24.009114,84.52377,84.90575,85.25666
2022-01-19 14:01:24.509942,84.1636,84.28675,85.92395
2022-01-19 14:01:25.008111,83.9569,84.23475,85.92395
2022-01-19 14:01:25.503812,84.00888,84.23475,85.41406
2022-01-19 14:01:26.004132,84.57575,85.16325,85.41406
2022-01-19 14:01:26.509643,83.9569,83.97725,85.7675
2022-01-19 14:01:27.007640,84.26632,84.4415,85.7675
2022-01-19 14:01:27.502627,84.11161,84.4415,85.53187
2022-01-19 14:01:28.002239,84.62773,85.0085,85.53187
2022-01-19 14:01:28.507993,84.26632,84.33875,85.80614
2022-01-19 14:01:29.005802,84.47302,84.54425,85.80614
2022-01-19 14:01:29.510807,83.64747,84.132,85.84572
2022-01-19 14:01:30.008570,84.36905,84.33875,85.84572
2022-01-19 14:01:30.503034,84.62773,84.90575,85.72791
2022-01-19 14:01:31.010504,83.80219,83.8225,85.72791
2022-01-19 14:01:31.506309,84.62773,84.85375,85.17843
2022-01-19 14:01:32.004219,83.90492,84.23475,85.17843
2022-01-19 14:01:32.502917,84.31831,84.54425,85.53187
2022-01-19 14:01:33.002275,84.26632,84.90575,85.53187
2022-01-19 14:01:33.507367,84.00888,84.184,85.41406
2022-01-19 14:01:34.004731,84.11161,84.3895,85.41406
2022-01-19 14:01:34.511130,84.36905,84.54425,85.17843
2022-01-19 14:01:35.001069,84.52377,84.803,85.17843
2022-01-19 14:01:35.507001,84.11161,84.23475,85.7675
2022-01-19 14:01:36.005566,84.26632,84.59625,85.7675
2022-01-19 14:01:36.501487,83.59549,83.97725,85.29625
2022-01-19 14:01:37.001696,84.67848,84.85375,85.29625
2022-01-19 14:01:37.506827,84.11161,84.28675,85.72791
2022-01-19 14:01:38.004475,84.42104,84.4935,85.72791
2022-01-19 14:01:38.509459,84.52377,84.699,85.7675
2022-01-19 14:01:39.007923,84.00888,84.28675,85.7675
2022-01-19 14:01:39.503992,84.62773,84.803,85.7675
2022-01-19 14:01:40.003682,83.7502,84.184,85.7675
2022-01-19 14:01:40.508010,84.31831,84.3895,85.33489
2022-01-19 14:01:41.006365,84.00888,84.33875,85.33489
2022-01-19 14:01:41.502704,84.52377,84.59625,85.80614
2022-01-19 14:01:42.010292,84.1636,84.4415,85.80614
2022-01-19 14:01:42.504421,84.52377,84.90575,85.21708
2022-01-19 14:01:43.001225,84.21434,84.3895,85.21708
2022-01-19 14:01:43.506362,83.90492,84.23475,85.57051
2022-01-19 14:01:44.008864,84.73046,84.85375,85.57051
2022-01-19 14:01:44.502872,84.00888,84.3895,86.00312
2022-01-19 14:01:45.010900,84.11161,84.08,86.00312
2022-01-19 14:01:45.504410,84.42104,84.54425,84.86364
2022-01-19 14:01:46.005071,84.21434,84.33875,84.86364
2022-01-19 14:01:46.501258,84.42104,84.64825,87.18125
2022-01-19 14:01:47.010272,84.1636,84.3895,87.18125
2022-01-19 14:01:47.506737,84.1636,84.184,86.04176
2022-01-19 14:01:48.004479,84.21434,84.64825,86.04176
2022-01-19 14:01:48.509756,84.52377,84.64825,84.90322
2022-01-19 14:01:49.009762,84.57575,84.64825,84.90322
2022-01-19 14:01:49.505100,83.7502,84.02925,85.41406
2022-01-19 14:01:50.003926,84.26632,84.4415,85.41406
2022-01-19 14:01:50.507845,84.67848,85.0085,85.06062
2022-01-19 14:01:51.005300,83.9569,84.08,85.06062
2022-01-19 14:01:51.510386,83.90492,84.4415,85.25666
2022-01-19 14:01:52.009152,84.21434,84.28675,85.25666
2022-01-19 14:01:52.503038,84.73046,84.90575,86.04176
2022-01-19 14:01:53.010679,84.42104,84.699,86.04176
2022-01-19 14:01:53.506266,84.36905,84.64825,85.41406
2022-01-19 14:01:54.003716,83.7502,83.97725,85.41406
2022-01-19 14:01:54.508648,84.36905,84.699,85.09926
2022-01-19 14:01:55.010401,84.31831,84.803,85.09926
2022-01-19 14:01:55.506863,84.11161,84.02925,86.15958
2022-01-19 14:01:56.003826,84.05963,84.4415,86.15958
2022-01-19 14:01:56.509746,83.90492,83.97725,85.37447
2022-01-19 14:01:57.007752,84.57575,84.699,85.37447
2022-01-19 14:01:57.502651,83.9569,84.28675,85.33489
2022-01-19 14:01:58.010831,84.52377,84.4935,85.33489
2022-01-19 14:01:58.506419,83.64747,84.02925,85.29625
2022-01-19 14:01:59.004193,84.62773,84.751,85.29625
2022-01-19 14:02:00.004896,84.26632,84.28675,85.6101
2022-01-19 14:02:00.510149,84.31831,84.54425,85.29625
2022-01-19 14:02:01.008091,83.80219,84.08,85.29625
2022-01-19 14:02:01.502933,84.73046,84.90575,85.49229
2022-01-19 14:02:02.001523,83.85417,84.184,85.49229
2022-01-19 14:02:02.507547,84.47302,84.59625,85.25666
2022-01-19 14:02:03.005728,84.00888,84.54425,85.25666
2022-01-19 14:02:03.503894,84.1636,84.23475,85.7675
2022-01-19 14:02:04.002272,84.67848,84.803,85.7675
2022-01-19 14:02:04.506276,84.05963,84.132,85.17843
2022-01-19 14:02:05.004455,84.52377,84.751,85.17843
2022-01-19 14:02:05.509976,83.7502,84.184,85.84572
2022-01-19 14:02:06.007877,84.52377,84.59625,85.84572
2022-01-19 14:02:06.502752,83.69946,84.28675,85.53187
2022-01-19 14:02:07.001862,84.62773,84.85375,85.53187
2022-01-19 14:02:07.508461,84.1636,84.23475,85.29625
2022-01-19 14:02:08.007134,84.36905,84.4935,85.29625
2022-01-19 14:02:08.503147,84.47302,84.64825,86.23875
2022-01-19 14:02:09.010725,83.90492,84.28675,86.23875
2022-01-19 14:02:09.506202,84.47302,84.64825,85.6101
2022-01-19 14:02:10.003211,83.49276,84.08,85.6101
2022-01-19 14:02:10.506016,84.42104,84.4415,85.29625
2022-01-19 14:02:11.003819,84.57575,84.803,85.29625
2022-01-19 14:02:11.509158,83.9569,84.184,86.08135
2022-01-19 14:02:12.006265,84.36905,84.64825,86.08135
2022-01-19 14:02:12.503210,84.1636,84.54425,85.4527
2022-01-19 14:02:13.010734,84.05963,84.28675,85.4527
2022-01-19 14:02:13.505512,84.26632,84.751,84.825
2022-01-19 14:02:14.002905,83.64747,83.7705,84.825
2022-01-19 14:02:14.507937,84.42104,84.59625,85.72791
2022-01-19 14:02:15.006883,84.73046,84.751,85.72791
2022-01-19 14:02:15.502077,84.05963,84.3895,85.49229
2022-01-19 14:02:16.010744,84.26632,84.54425,85.49229
2022-01-19 14:02:16.505284,84.21434,84.28675,85.64968
2022-01-19 14:02:17.005758,84.00888,84.54425,85.64968
2022-01-19 14:02:17.510665,84.1636,84.23475,85.72791
2022-01-19 14:02:18.008623,84.47302,84.699,85.72791
2022-01-19 14:02:18.504021,84.11161,84.08,85.4527
2022-01-19 14:02:19.001473,84.26632,84.3895,85.4527
2022-01-19 14:02:19.506593,84.47302,84.751,85.41406
2022-01-19 14:02:20.003907,84.1636,84.23475,85.41406
2022-01-19 14:02:20.509302,84.21434,84.54425,86.15958
2022-01-19 14:02:21.008352,84.00888,84.184,86.15958
2022-01-19 14:02:21.506381,84.31831,84.803,84.94281
2022-01-19 14:02:22.005996,84.31831,84.4415,84.94281
2022-01-19 14:02:22.505883,84.42104,84.4415,86.08135
2022-01-19 14:02:23.003333,83.64747,84.02925,86.08135
2022-01-19 14:02:23.508023,84.52377,84.751,86.47437
2022-01-19 14:02:24.006889,84.05963,84.33875,86.47437
2022-01-19 14:02:24.502879,84.00888,84.132,241.08301
2022-01-19 14:02:25.010746,84.05963,84.54425,241.08301
2022-01-19 14:02:25.506307,84.00888,84.132,217.79572
2022-01-19 14:02:26.004559,84.9879,85.0605,217.79572
2022-01-19 14:02:26.509901,83.54475,83.565,152.88104
2022-01-19 14:02:27.007046,84.67848,84.85375,152.88104
2022-01-19 14:02:27.501135,83.80219,84.184,96.33104
2022-01-19 14:02:28.010104,84.42104,84.4935,96.33104
2022-01-19 14:02:28.506326,83.7502,84.28675,91.81458
2022-01-19 14:02:29.003922,84.31831,84.33875,91.81458
2022-01-19 14:02:29.508783,84.26632,84.184,89.14447
2022-01-19 14:02:30.007490,84.62773,84.85375,89.14447
2022-01-19 14:02:30.504351,84.31831,84.64825,87.45551
2022-01-19 14:02:31.001728,84.11161,84.54425,87.45551
2022-01-19 14:02:31.508433,84.62773,84.699,86.86645
2022-01-19 14:02:32.006582,83.69946,84.28675,86.86645
2022-01-19 14:02:32.502759,84.83319,85.0085,86.43479
2022-01-19 14:02:33.010761,84.00888,84.02925,86.43479
2022-01-19 14:02:33.506416,84.47302,84.59625,85.88531
2022-01-19 14:02:34.004516,84.21434,84.4415,85.88531
2022-01-19 14:02:34.510527,83.85417,84.184,85.57051
2022-01-19 14:02:35.008911,84.47302,84.59625,85.57051
2022-01-19 14:02:35.503211,83.7502,84.184,86.15958
2022-01-19 14:02:36.003020,84.31831,84.3895,86.15958
2022-01-19 14:02:36.509710,84.31831,84.4935,85.25666
2022-01-19 14:02:37.008470,84.52377,84.59625,85.25666
2022-01-19 14:02:37.504027,84.11161,84.184,85.80614
2022-01-19 14:02:38.002682,84.52377,85.0085,85.80614
2022-01-19 14:02:38.507449,84.1636,84.184,85.25666
2022-01-19 14:02:39.005276,84.05963,84.54425,85.25666
2022-01-19 14:02:39.501645,84.31831,84.54425,86.59218
2022-01-19 14:02:40.009688,84.1636,84.59625,86.59218
2022-01-19 14:02:40.505512,84.26632,84.184,85.21708
2022-01-19 14:02:41.003173,84.47302,84.59625,85.21708
2022-01-19 14:02:41.511107,84.21434,84.699,85.13885
2022-01-19 14:02:42.009416,84.00888,84.02925,85.13885
2022-01-19 14:02:42.505183,84.31831,84.803,85.57051
2022-01-19 14:02:43.002777,84.00888,84.23475,85.57051
2022-01-19 14:02:43.508140,84.42104,84.90575,85.64968
2022-01-19 14:02:44.007220,84.26632,84.184,85.64968
2022-01-19 14:02:44.502689,84.36905,84.4415,85.53187
2022-01-19 14:02:45.010647,84.11161,84.28675,85.53187
2022-01-19 14:02:45.504943,84.1636,84.23475,86.08135
2022-01-19 14:02:46.002963,84.52377,84.85375,86.08135
2022-01-19 14:02:46.507725,84.21434,84.28675,85.7675
2022-01-19 14:02:47.005852,83.7502,84.3895,85.7675
2022-01-19 14:02:47.508220,84.26632,84.3895,85.6101
2022-01-19 14:02:48.007761,84.78245,84.803,85.6101
2022-01-19 14:02:48.504562,84.11161,84.4935,86.00312
2022-01-19 14:02:49.003345,84.57575,84.59625,86.00312
2022-01-19 14:02:49.508954,83.7502,84.02925,86.15958
2022-01-19 14:02:50.007580,84.62773,84.751,86.15958
2022-01-19 14:02:50.501205,84.26632,85.0085,85.33489
2022-01-19 14:02:51.009336,84.11161,84.132,85.33489
2022-01-19 14:02:51.510992,84.42104,84.33875,85.06062
2022-01-19 14:02:52.008435,84.11161,84.33875,85.06062
2022-01-19 14:02:52.504954,84.47302,84.751,86.27739
2022-01-19 14:02:53.001719,84.26632,84.59625,86.27739
2022-01-19 14:02:53.506368,84.1636,84.132,85.7675
2022-01-19 14:02:54.003308,83.7502,84.4935,85.7675
2022-01-19 14:02:54.510164,84.57575,84.803,85.4527
2022-01-19 14:02:55.008426,83.85417,84.02925,85.4527
2022-01-19 14:02:55.502664,84.57575,84.54425,84.90322
2022-01-19 14:02:56.001961,84.00888,84.184,84.90322
2022-01-19 14:02:56.507769,83.85417,84.23475,85.6101
2022-01-19 14:02:57.009769,84.73046,84.95775,85.6101
2022-01-19 14:02:57.507333,83.69946,84.33875,85.41406
2022-01-19 14:02:58.004938,84.31831,84.59625,85.41406
2022-01-19 14:02:58.501251,84.26632,84.3895,86.3952
2022-01-19 14:02:59.008538,84.36905,84.699,86.3952
2022-01-19 14:02:59.502794,84.31831,84.4415,85.33489
2022-01-19 14:03:00.001742,84.31831,84.4935,85.33489
2022-01-19 14:03:00.504357,83.7502,83.8225,84.39239
2022-01-19 14:03:01.004182,84.36905,84.90575,84.39239
2022-01-19 14:03:01.510209,84.31831,84.4935,86.98426
2022-01-19 14:03:02.008158,83.9569,84.23475,86.98426
2022-01-19 14:03:02.502852,84.31831,84.4935,85.4527
2022-01-19 14:03:03.001123,84.21434,84.33875,85.4527
2022-01-19 14:03:03.508259,84.26632,84.59625,85.09926
2022-01-19 14:03:04.006593,84.1636,84.23475,85.09926
2022-01-19 14:03:05.005074,83.90492,84.08,85.72791
2022-01-19 14:03:05.510398,84.47302,84.90575,85.92395
2022-01-19 14:03:06.007983,84.11161,84.184,85.92395
2022-01-19 14:03:06.504457,84.42104,84.4935,85.29625
2022-01-19 14:03:07.004225,84.00888,84.3895,85.29625
2022-01-19 14:03:07.510180,83.9569,84.184,86.31697
2022-01-19 14:03:08.007589,84.57575,85.0605,86.31697
2022-01-19 14:03:08.503363,83.80219,84.08,85.64968
2022-01-19 14:03:09.001088,84.52377,85.0605,85.64968
2022-01-19 14:03:09.507840,84.00888,83.92525,85.17843
2022-01-19 14:03:10.004738,84.47302,84.54425,85.17843
2022-01-19 14:03:10.509210,84.47302,84.699,85.6101
2022-01-19 14:03:11.007511,84.42104,84.64825,85.6101
2022-01-19 14:03:11.503044,83.44078,83.7705,85.49229
2022-01-19 14:03:12.011053,84.57575,84.699,85.49229
2022-01-19 14:03:12.506762,84.00888,84.699,85.17843
2022-01-19 14:03:13.001035,84.36905,84.3895,85.17843
2022-01-19 14:03:13.506181,84.62773,84.59625,85.57051
2022-01-19 14:03:14.002988,83.69946,83.92525,85.57051
2022-01-19 14:03:14.507404,84.47302,84.54425,85.09926
2022-01-19 14:03:15.005821,84.31831,84.699,85.09926
2022-01-19 14:03:15.507327,83.90492,84.02925,85.6101
2022-01-19 14:03:16.010137,84.00888,84.54425,85.6101
2022-01-19 14:03:16.504638,84.11161,84.23475,84.94281
2022-01-19 14:03:17.003438,84.57575,84.64825,84.94281
2022-01-19 14:03:17.509781,84.26632,84.3895,85.53187
2022-01-19 14:03:18.007557,84.52377,84.54425,85.53187
2022-01-19 14:03:18.503191,83.59549,84.08,85.49229
2022-01-19 14:03:19.002406,84.67848,84.90575,85.49229
2022-01-19 14:03:19.508502,83.80219,84.28675,85.68833
2022-01-19 14:03:20.005759,84.73046,84.751,85.68833
2022-01-19 14:03:20.502128,83.9569,84.132,85.25666
2022-01-19 14:03:21.006771,84.21434,84.33875,85.25666
2022-01-19 14:03:21.501768,84.62773,84.59625,85.37447
2022-01-19 14:03:22.009145,84.05963,84.4415,85.37447
2022-01-19 14:03:22.502490,84.31831,84.23475,85.57051
2022-01-19 14:03:23.010703,83.85417,84.3895,85.57051
2022-01-19 14:03:23.506913,84.42104,84.54425,85.57051
2022-01-19 14:03:24.005529,83.9569,84.3895,85.57051
2022-01-19 14:03:24.509186,84.47302,84.54425,86.23875
2022-01-19 14:03:25.008094,84.05963,84.132,86.23875
2022-01-19 14:03:25.503492,84.42104,84.699,85.06062
2022-01-19 14:03:26.002777,84.21434,84.28675,85.06062
2022-01-19 14:03:26.507929,84.00888,84.4935,85.84572
2022-01-19 14:03:27.007002,84.21434,84.33875,85.84572
2022-01-19 14:03:27.502719,84.11161,84.59625,85.84572
2022-01-19 14:03:28.003387,84.1636,84.23475,85.84572
2022-01-19 14:03:28.508539,84.36905,84.33875,84.825
2022-01-19 14:03:29.007554,84.36905,84.59625,84.825
2022-01-19 14:03:29.503621,84.47302,84.4935,85.53187
2022-01-19 14:03:30.002299,84.05963,84.4415,85.53187
2022-01-19 14:03:30.509382,84.21434,84.3895,85.4527
2022-01-19 14:03:31.007447,83.9569,84.3895,85.4527
2022-01-19 14:03:31.503127,84.11161,84.23475,85.57051
2022-01-19 14:03:32.010128,84.11161,84.184,85.57051
2022-01-19 14:03:32.506040,84.26632,84.54425,85.25666
2022-01-19 14:03:33.004049,84.21434,84.33875,85.25666
2022-01-19 14:03:33.510705,84.42104,84.90575,85.72791
2022-01-19 14:03:34.009429,84.11161,84.33875,85.72791
2022-01-19 14:03:34.504262,83.85417,84.4415,85.33489
2022-01-19 14:03:35.003798,84.36905,84.4935,85.33489
2022-01-19 14:03:35.508569,84.57575,84.699,85.49229
2022-01-19 14:03:36.006396,83.49276,83.71975,85.49229
2022-01-19 14:03:36.502840,84.67848,84.85375,85.09926
2022-01-19 14:03:37.505387,84.67848,84.64825,85.06062
2022-01-19 14:03:38.004447,83.80219,84.23475,85.06062
2022-01-19 14:03:38.510176,84.26632,84.3895,85.92395
2022-01-19 14:03:39.001207,84.36905,84.4415,85.92395
2022-01-19 14:03:39.506785,84.42104,84.59625,85.21708
2022-01-19 14:03:40.003027,84.26632,84.3895,85.21708
2022-01-19 14:03:40.508117,83.85417,84.28675,85.49229
2022-01-19 14:03:41.006864,84.47302,84.699,85.49229
2022-01-19 14:03:41.501920,83.69946,84.23475,86.15958
2022-01-19 14:03:42.010767,84.67848,84.699,86.15958
2022-01-19 14:03:42.506748,83.64747,83.8745,85.02104
2022-01-19 14:03:43.004455,84.31831,84.54425,85.02104
2022-01-19 14:03:43.501454,84.67848,84.64825,85.68833
2022-01-19 14:03:44.009935,83.80219,84.33875,85.68833
2022-01-19 14:03:44.506016,84.47302,84.64825,85.37447
2022-01-19 14:03:45.004010,83.7502,84.184,85.37447
2022-01-19 14:03:45.510135,84.57575,84.803,85.4527
2022-01-19 14:03:46.008608,84.1636,84.59625,85.4527
2022-01-19 14:03:46.503210,84.21434,84.28675,85.37447
2022-01-19 14:03:47.001817,84.26632,84.132,85.37447
2022-01-19 14:03:47.506530,84.31831,84.751,85.41406
2022-01-19 14:03:48.006680,84.21434,84.4935,85.41406
2022-01-19 14:03:48.502042,83.90492,84.28675,85.02104
2022-01-19 14:03:49.005838,84.57575,84.59625,85.02104
2022-01-19 14:03:49.502029,83.54475,84.08,85.92395
2022-01-19 14:03:50.010701,85.03989,85.318,85.92395
2022-01-19 14:03:50.504810,83.9569,83.92525,85.4527
2022-01-19 14:03:51.003454,84.57575,84.85375,85.4527
2022-01-19 14:03:51.508645,83.90492,83.92525,85.41406
2022-01-19 14:03:52.007667,84.11161,84.699,85.41406
2022-01-19 14:03:52.504056,84.05963,83.97725,85.84572
2022-01-19 14:03:53.003486,83.9569,84.3895,85.84572
2022-01-19 14:03:53.509127,84.26632,84.3895,84.90322
2022-01-19 14:03:54.007774,84.62773,84.59625,84.90322
2022-01-19 14:03:54.504161,84.52377,84.803,85.72791
2022-01-19 14:03:55.002384,83.9569,84.184,85.72791
2022-01-19 14:03:55.509248,84.42104,84.699,85.92395
2022-01-19 14:03:56.007328,84.11161,84.184,85.92395
2022-01-19 14:03:56.502486,83.90492,84.4415,84.94281
2022-01-19 14:03:57.003592,84.47302,84.751,84.94281
2022-01-19 14:03:57.509493,83.69946,83.61575,86.23875
2022-01-19 14:03:58.007912,84.67848,84.85375,86.23875
2022-01-19 14:03:58.505907,84.26632,84.33875,85.84572
2022-01-19 14:03:59.002777,84.11161,84.699,85.84572
2022-01-19 14:03:59.507506,84.26632,84.28675,85.17843
2022-01-19 14:04:00.005620,84.00888,84.3895,85.17843
2022-01-19 14:04:00.506876,84.00888,84.23475,85.13885
2022-01-19 14:04:01.010115,84.62773,84.803,85.13885
2022-01-19 14:04:01.505104,84.31831,84.4415,85.7675
2022-01-19 14:04:02.003612,84.11161,84.02925,85.7675
2022-01-19 14:04:02.509326,84.26632,84.751,85.4527
2022-01-19 14:04:03.008290,84.21434,84.33875,85.4527
2022-01-19 14:04:03.502656,84.11161,84.3895,85.29625
2022-01-19 14:04:04.001795,84.36905,84.64825,85.29625
2022-01-19 14:04:04.507637,84.05963,84.4415,85.02104
2022-01-19 14:04:05.002289,84.26632,84.28675,85.02104
2022-01-19 14:04:06.004064,84.05963,84.54425,85.6101
2022-01-19 14:04:06.509416,84.78245,84.803,85.57051
2022-01-19 14:04:07.007784,83.49276,83.8225,85.57051
2022-01-19 14:04:07.506605,84.67848,84.803,84.94281
2022-01-19 14:04:08.005986,83.80219,84.23475,84.94281
2022-01-19 14:04:08.501036,84.47302,84.699,85.49229
2022-01-19 14:04:09.010185,84.11161,84.08,85.49229
2022-01-19 14:04:09.505432,84.31831,84.64825,85.17843
2022-01-19 14:04:10.005306,84.36905,84.64825,85.17843
2022-01-19 14:04:10.502441,84.47302,84.803,85.72791
2022-01-19 14:04:11.007883,84.1636,84.184,85.72791
2022-01-19 14:04:11.503204,83.80219,84.23475,85.72791
2022-01-19 14:04:12.001264,84.36905,84.54425,85.72791
2022-01-19 14:04:12.506564,84.26632,84.28675,85.13885
2022-01-19 14:04:13.010674,84.21434,84.699,85.13885
2022-01-19 14:04:13.505533,83.90492,84.132,85.06062
2022-01-19 14:04:14.006746,84.11161,84.4415,85.06062
2022-01-19 14:04:14.501566,84.73046,84.95775,85.6101
2022-01-19 14:04:15.001172,83.80219,84.28675,85.6101
2022-01-19 14:04:15.507500,84.57575,84.64825,85.21708
2022-01-19 14:04:16.005857,84.11161,84.02925,85.21708
2022-01-19 14:04:16.501118,84.47302,84.85375,85.4527
2022-01-19 14:04:17.008994,84.31831,84.4415,85.4527
2022-01-19 14:04:17.504076,84.42104,84.751,85.25666
2022-01-19 14:04:18.001768,83.59549,83.513,85.25666
2022-01-19 14:04:18.506962,84.36905,84.95775,86.08135
2022-01-19 14:04:19.005894,84.31831,84.59625,86.08135
2022-01-19 14:04:19.502373,84.31831,84.33875,85.88531
2022-01-19 14:04:20.010270,84.47302,84.699,85.88531
2022-01-19 14:04:20.505391,84.05963,84.184,85.64968
2022-01-19 14:04:21.004167,84.11161,84.699,85.64968
2022-01-19 14:04:21.509315,84.21434,84.28675,85.25666
2022-01-19 14:04:22.008060,83.7502,84.28675,85.25666
2022-01-19 14:04:22.503348,84.05963,84.33875,85.57051
2022-01-19 14:04:23.009745,84.42104,84.64825,85.57051
2022-01-19 14:04:23.506721,84.26632,84.4935,85.96354
2022-01-19 14:04:24.003458,84.36905,84.4935,85.96354
2022-01-19 14:04:24.509746,84.11161,84.4415,85.02104
2022-01-19 14:04:25.006694,84.26632,84.33875,85.02104
2022-01-19 14:04:25.510635,84.05963,84.3895,85.7675
2022-01-19 14:04:26.007623,84.31831,84.54425,85.7675
2022-01-19 14:04:26.501305,84.21434,84.54425,85.21708
2022-01-19 14:04:27.009829,84.11161,84.23475,85.21708
2022-01-19 14:04:27.505405,84.42104,84.4935,85.72791
2022-01-19 14:04:28.004492,84.1636,84.64825,85.72791
2022-01-19 14:04:28.510311,84.1636,84.28675,85.57051
2022-01-19 14:04:29.008878,84.00888,84.4415,85.57051
2022-01-19 14:04:29.503767,84.1636,84.4415,86.00312
2022-01-19 14:04:30.003087,83.9569,84.28675,86.00312
2022-01-19 14:04:30.507570,84.26632,84.4415,84.74583
2022-01-19 14:04:31.006359,84.78245,84.64825,84.74583
2022-01-19 14:04:31.501743,83.85417,84.23475,85.53187
2022-01-19 14:04:32.009888,84.36905,84.64825,85.53187
2022-01-19 14:04:32.505472,84.00888,84.23475,85.37447
2022-01-19 14:04:33.002882,84.42104,84.699,85.37447
2022-01-19 14:04:33.508423,83.69946,83.97725,86.3952
2022-01-19 14:04:34.006420,84.36905,84.59625,86.3952
2022-01-19 14:04:34.511337,84.26632,84.23475,86.15958
2022-01-19 14:04:35.007376,84.62773,85.0085,86.15958
2022-01-19 14:04:35.502705,84.1636,84.28675,85.57051
2022-01-19 14:04:36.010545,84.00888,84.23475,85.57051
2022-01-19 14:04:36.505151,84.73046,84.751,85.21708
2022-01-19 14:04:37.006311,83.64747,84.23475,85.21708
2022-01-19 14:04:37.502007,84.57575,84.751,85.21708
2022-01-19 14:04:38.010783,83.59549,83.61575,85.21708
2022-01-19 14:04:38.506730,84.36905,84.699,85.21708
2022-01-19 14:04:39.004016,84.47302,84.64825,85.21708
2022-01-19 14:04:39.509075,84.05963,84.3895,85.57051
2022-01-19 14:04:40.006773,84.57575,84.751,85.57051
2022-01-19 14:04:40.501858,83.85417,84.23475,85.72791
2022-01-19 14:04:41.009990,84.42104,84.64825,85.72791
2022-01-19 14:04:41.505416,84.21434,84.3895,86.00312
2022-01-19 14:04:42.003337,84.57575,84.803,86.00312
2022-01-19 14:04:42.507954,83.9569,84.08,85.57051
2022-01-19 14:04:43.007006,84.36905,84.803,85.57051
2022-01-19 14:04:43.510989,84.21434,84.23475,86.35656
2022-01-19 14:04:44.009886,84.00888,84.3895,86.35656
2022-01-19 14:04:44.504965,84.47302,84.699,85.06062
2022-01-19 14:04:45.002178,83.80219,84.02925,85.06062
2022-01-19 14:04:45.510397,84.47302,84.751,85.53187
2022-01-19 14:04:46.006928,84.42104,84.3895,85.53187
2022-01-19 14:04:46.502771,84.1636,84.4935,85.09926
2022-01-19 14:04:47.010633,84.21434,84.28675,85.09926
2022-01-19 14:04:47.505551,84.05963,84.4415,86.31697
2022-01-19 14:04:48.002848,84.1636,84.28675,86.31697
2022-01-19 14:04:48.509419,84.31831,84.54425,85.4527
2022-01-19 14:04:49.008011,83.9569,84.184,85.4527
2022-01-19 14:04:49.502720,84.62773,84.751,84.90322
2022-01-19 14:04:50.004066,84.11161,84.33875,84.90322
2022-01-19 14:04:50.508530,84.36905,84.54425,86.04176
2022-01-19 14:04:51.006107,84.26632,84.4415,86.04176
2022-01-19 14:04:51.511007,84.26632,84.54425,85.6101
2022-01-19 14:04:52.008117,83.90492,84.3895,85.6101
2022-01-19 14:04:52.503321,84.21434,84.3895,85.21708
2022-01-19 14:04:53.001372,84.1636,84.132,85.21708
2022-01-19 14:04:53.506772,84.26632,84.699,85.6101
2022-01-19 14:04:54.006537,84.57575,84.751,85.6101
2022-01-19 14:04:54.501287,83.80219,84.132,85.21708
2022-01-19 14:04:55.010803,84.47302,84.64825,85.21708
2022-01-19 14:04:55.505822,84.11161,84.33875,85.53187
2022-01-19 14:04:56.004906,84.26632,84.54425,85.53187
2022-01-19 14:04:56.510017,84.36905,84.33875,85.25666
2022-01-19 14:04:57.007385,84.31831,84.59625,85.25666
2022-01-19 14:04:57.504369,84.31831,84.33875,85.6101
2022-01-19 14:04:58.006384,84.00888,84.28675,85.6101
2022-01-19 14:04:58.502791,84.78245,85.0085,85.06062
2022-01-19 14:04:59.010897,83.33805,83.7705,85.06062
2022-01-19 14:04:59.510477,84.73046,85.0605,85.7675
2022-01-19 14:05:00.007757,84.11161,84.23475,85.7675
2022-01-19 14:05:00.501299,84.36905,84.64825,85.25666
2022-01-19 14:05:01.009811,84.57575,84.64825,85.25666
2022-01-19 14:05:01.504626,83.69946,84.08,85.4527
2022-01-19 14:05:02.002476,84.78245,84.803,85.4527
2022-01-19 14:05:02.507788,83.39003,83.8225,85.68833
2022-01-19 14:05:03.006343,84.78245,85.0085,85.68833
2022-01-19 14:05:03.502524,84.00888,84.02925,85.88531
2022-01-19 14:05:04.010821,84.31831,84.54425,85.88531
2022-01-19 14:05:04.506317,84.1636,84.23475,85.53187
2022-01-19 14:05:05.003844,84.42104,84.803,85.53187
2022-01-19 14:05:05.508975,84.21434,84.4415,86.15958
2022-01-19 14:05:06.007146,83.9569,84.23475,86.15958
2022-01-19 14:05:06.502017,84.62773,84.751,85.21708
2022-01-19 14:05:07.002076,83.69946,83.97725,85.21708
2022-01-19 14:05:07.507925,84.52377,84.85375,85.49229
2022-01-19 14:05:08.006669,84.42104,84.3895,85.49229
2022-01-19 14:05:08.510738,83.90492,84.28675,85.33489
2022-01-19 14:05:09.011141,84.21434,84.33875,85.33489
2022-01-19 14:05:09.505397,84.00888,84.28675,85.7675
2022-01-19 14:05:10.003279,84.42104,84.85375,85.7675
2022-01-19 14:05:10.507972,83.85417,84.08,86.12093
2022-01-19 14:05:11.005298,84.47302,84.54425,86.12093
2022-01-19 14:05:11.508956,84.21434,84.132,84.78541
2022-01-19 14:05:12.006769,84.57575,84.90575,84.78541
2022-01-19 14:05:12.502392,83.9569,84.132,85.4527
2022-01-19 14:05:13.011128,84.11161,84.28675,85.4527
2022-01-19 14:05:13.504574,84.31831,84.4415,85.72791
2022-01-19 14:05:14.002548,83.9569,84.54425,85.72791
2022-01-19 14:05:14.507728,84.42104,84.803,85.37447
2022-01-19 14:05:15.005397,84.1636,84.184,85.37447
2022-01-19 14:05:15.510911,84.36905,84.4935,85.6101
2022-01-19 14:05:16.008618,84.47302,84.59625,85.6101
2022-01-19 14:05:16.504905,84.21434,84.54425,85.4527
2022-01-19 14:05:17.002648,84.31831,84.33875,85.4527
2022-01-19 14:05:17.507345,83.80219,84.184,85.33489
2022-01-19 14:05:18.004907,84.36905,84.699,85.33489
2022-01-19 14:05:18.509946,84.47302,84.4415,86.3952
2022-01-19 14:05:19.007179,84.00888,84.4415,86.3952
2022-01-19 14:05:19.501229,84.26632,84.33875,85.68833
2022-01-19 14:05:20.010284,84.05963,84.3895,85.68833
2022-01-19 14:05:20.506818,84.47302,84.751,84.86364
2022-01-19 14:05:21.001066,83.28607,83.513,84.86364
2022-01-19 14:05:21.504772,84.88517,85.1125,164.66229
2022-01-19 14:05:22.002294,83.69946,83.8225,164.66229
2022-01-19 14:05:22.507180,84.52377,84.64825,241.82947
2022-01-19 14:05:23.004835,84.11161,84.23475,241.82947
2022-01-19 14:05:23.510405,83.80219,84.132,202.08708
2022-01-19 14:05:24.008572,84.36905,84.4415,202.08708
2022-01-19 14:05:24.504890,83.54475,83.7705,131.36093
2022-01-19 14:05:25.001995,84.67848,85.0605,131.36093
2022-01-19 14:05:25.509933,83.69946,84.02925,89.96916
2022-01-19 14:05:26.008398,84.62773,84.803,89.96916
2022-01-19 14:05:26.503380,84.26632,84.184,96.29145
2022-01-19 14:05:27.002820,83.80219,84.132,96.29145
2022-01-19 14:05:27.508705,84.62773,84.90575,89.3801
2022-01-19 14:05:28.006356,83.90492,84.132,89.3801
2022-01-19 14:05:28.504076,84.93716,85.16325,87.69114
2022-01-19 14:05:29.001524,83.39003,83.7705,87.69114
2022-01-19 14:05:29.509810,84.62773,84.803,86.82781
2022-01-19 14:05:30.007258,84.26632,84.23475,86.82781
2022-01-19 14:05:30.501093,84.52377,84.699,86.31697
2022-01-19 14:05:31.009767,84.1636,84.3895,86.31697
2022-01-19 14:05:31.506382,83.90492,84.184,85.33489
2022-01-19 14:05:32.005479,84.52377,84.85375,85.33489
2022-01-19 14:05:32.501410,83.80219,84.3895,85.68833
2022-01-19 14:05:33.010090,84.52377,84.59625,85.68833
2022-01-19 14:05:33.505980,83.59549,83.461,85.84572
2022-01-19 14:05:34.007652,84.83319,85.16325,85.84572
2022-01-19 14:05:34.504400,83.90492,84.28675,85.02104
2022-01-19 14:05:35.002445,84.21434,84.54425,85.02104
2022-01-19 14:05:35.509074,84.00888,84.23475,85.80614
2022-01-19 14:05:36.006750,84.00888,84.4935,85.80614
2022-01-19 14:05:36.502279,84.57575,84.95775,85.53187
2022-01-19 14:05:37.010746,84.31831,84.3895,85.53187
2022-01-19 14:05:37.506712,84.31831,84.4415,85.4527
2022-01-19 14:05:38.005747,84.05963,84.33875,85.4527
2022-01-19 14:05:38.502247,84.26632,84.54425,85.68833
2022-01-19 14:05:39.010247,84.26632,84.54425,85.68833
2022-01-19 14:05:39.503756,83.54475,83.97725,85.41406
2022-01-19 14:05:40.002831,84.31831,84.699,85.41406
2022-01-19 14:05:40.508200,84.21434,84.28675,85.88531
2022-01-19 14:05:41.006738,84.21434,84.4415,85.88531
2022-01-19 14:05:41.501221,84.62773,84.64825,85.84572
2022-01-19 14:05:42.007533,84.31831,84.54425,85.84572
2022-01-19 14:05:42.501995,83.90492,84.08,85.29625
2022-01-19 14:05:43.010748,84.31831,84.59625,85.29625
2022-01-19 14:05:43.507735,83.9569,84.28675,85.92395
2022-01-19 14:05:44.006096,84.26632,84.33875,85.92395
2022-01-19 14:05:44.502730,84.05963,84.132,85.41406
2022-01-19 14:05:45.010383,84.47302,84.699,85.41406
2022-01-19 14:05:45.504292,84.1636,84.4415,85.02104
2022-01-19 14:05:46.003401,84.47302,84.4935,85.02104
2022-01-19 14:05:46.508018,83.90492,84.23475,85.7675
2022-01-19 14:05:47.005611,84.36905,84.64825,85.7675
2022-01-19 14:05:47.502040,83.85417,84.184,85.25666
2022-01-19 14:05:48.008025,84.57575,84.699,85.25666
2022-01-19 14:05:48.502483,84.31831,84.184,85.68833
2022-01-19 14:05:49.009435,84.21434,84.59625,85.68833
2022-01-19 14:05:49.506178,84.52377,84.751,85.57051
2022-01-19 14:05:50.004578,83.80219,83.92525,85.57051
2022-01-19 14:05:50.510669,84.57575,84.90575,85.17843
2022-01-19 14:05:51.001095,83.69946,84.132,85.17843
2022-01-19 14:05:51.505170,84.57575,84.751,85.53187
2022-01-19 14:05:52.003440,84.05963,84.02925,85.53187
2022-01-19 14:05:52.509487,84.62773,84.85375,85.29625
2022-01-19 14:05:53.007313,84.21434,84.4415,85.29625
2022-01-19 14:05:53.502590,83.9569,83.97725,85.17843
2022-01-19 14:05:54.010164,84.52377,84.85375,85.17843
2022-01-19 14:05:54.506778,83.80219,84.184,85.29625
2022-01-19 14:05:55.005961,84.47302,84.699,85.29625
2022-01-19 14:05:55.511016,84.36905,84.4415,86.04176
2022-01-19 14:05:56.008621,84.26632,84.64825,86.04176
2022-01-19 14:05:56.505517,84.31831,84.54425,85.41406
2022-01-19 14:05:57.002356,84.11161,84.4415,85.41406
2022-01-19 14:05:57.509860,84.47302,84.59625,85.64968
2022-01-19 14:05:58.008041,83.69946,84.184,85.64968
2022-01-19 14:05:58.502277,84.57575,84.90575,85.17843
2022-01-19 14:05:59.011165,84.00888,83.8225,85.17843
2022-01-19 14:05:59.505689,84.62773,84.803,85.7675
2022-01-19 14:06:00.010678,83.9569,84.132,85.7675
2022-01-19 14:06:00.508514,84.31831,84.4935,85.64968
2022-01-19 14:06:01.007060,83.9569,84.28675,85.64968
2022-01-19 14:06:01.501555,84.11161,84.59625,85.49229
2022-01-19 14:06:02.010440,84.47302,84.54425,85.49229
2022-01-19 14:06:02.507349,84.31831,84.33875,85.25666
2022-01-19 14:06:03.006030,83.85417,84.08,85.25666
2022-01-19 14:06:03.501052,84.83319,85.0085,85.92395
2022-01-19 14:06:04.010177,83.80219,84.02925,85.92395
2022-01-19 14:06:04.505813,84.21434,84.4415,85.53187
2022-01-19 14:06:05.004468,84.05963,84.54425,85.53187
2022-01-19 14:06:05.508760,84.26632,84.54425,85.57051
2022-01-19 14:06:06.007396,84.26632,84.4415,85.57051
2022-01-19 14:06:06.501128,84.47302,84.54425,85.68833
2022-01-19 14:06:07.009495,84.26632,84.4415,85.68833
2022-01-19 14:06:07.506803,84.05963,84.23475,85.13885
2022-01-19 14:06:08.006396,84.31831,84.64825,85.13885
2022-01-19 14:06:08.502140,84.11161,84.28675,85.6101
2022-01-19 14:06:09.010008,84.11161,84.4935,85.6101
2022-01-19 14:06:09.507131,84.21434,84.59625,85.72791
2022-01-19 14:06:10.005479,84.21434,84.23475,85.72791
2022-01-19 14:06:10.509387,84.47302,84.4935,85.6101
2022-01-19 14:06:11.006454,84.26632,84.3895,85.6101
2022-01-19 14:06:11.502259,84.36905,84.699,85.4527
2022-01-19 14:06:12.010808,83.69946,84.02925,85.4527
2022-01-19 14:06:12.506017,84.42104,84.54425,85.6101
2022-01-19 14:06:13.003413,83.7502,84.08,85.6101
2022-01-19 14:06:13.508426,84.67848,84.85375,85.13885
2022-01-19 14:06:14.008987,84.31831,84.4415,85.13885
2022-01-19 14:06:14.503950,84.00888,84.132,86.23875
2022-01-19 14:06:15.004312,84.52377,84.699,86.23875
2022-01-19 14:06:15.510695,84.05963,84.3895,85.29625
2022-01-19 14:06:16.007183,84.78245,85.318,85.29625
2022-01-19 14:06:16.504598,83.33805,83.71975,85.64968
2022-01-19 14:06:17.002561,84.83319,84.90575,85.64968
2022-01-19 14:06:17.508079,84.21434,84.23475,85.4527
2022-01-19 14:06:18.005839,84.31831,84.59625,85.4527
2022-01-19 14:06:18.503806,84.42104,84.699,85.06062
2022-01-19 14:06:19.002187,83.9569,84.02925,85.06062
2022-01-19 14:06:19.507845,84.73046,85.0085,85.64968
2022-01-19 14:06:20.004349,83.7502,84.28675,85.64968
2022-01-19 14:06:20.508940,84.47302,84.64825,85.57051
2022-01-19 14:06:21.007023,84.05963,84.184,85.57051
2022-01-19 14:06:21.502942,84.11161,84.184,85.53187
2022-01-19 14:06:22.003024,84.67848,84.751,85.53187
2022-01-19 14:06:22.510668,83.9569,84.184,85.64968
2022-01-19 14:06:23.008548,84.62773,85.0085,85.64968
2022-01-19 14:06:23.504691,83.64747,84.02925,85.57051
2022-01-19 14:06:24.002781,84.67848,84.90575,85.57051
2022-01-19 14:06:24.508842,83.7502,83.97725,86.12093
2022-01-19 14:06:25.007825,84.47302,84.64825,86.12093
2022-01-19 14:06:25.502823,84.11161,84.23475,85.80614
2022-01-19 14:06:26.001657,84.1636,84.33875,85.80614
2022-01-19 14:06:26.506548,84.31831,84.64825,85.49229
2022-01-19 14:06:27.006054,84.11161,84.33875,85.49229
2022-01-19 14:06:27.501569,84.26632,84.3895,84.90322
2022-01-19 14:06:28.010428,84.11161,84.33875,84.90322
2022-01-19 14:06:28.506349,84.42104,84.4415,85.02104
2022-01-19 14:06:29.004636,84.11161,84.23475,85.02104
2022-01-19 14:06:29.501479,84.26632,84.54425,85.17843
2022-01-19 14:06:30.009509,84.36905,84.64825,85.17843
2022-01-19 14:06:30.504964,83.69946,83.8225,85.06062
2022-01-19 14:06:31.007226,84.36905,84.699,85.06062
2022-01-19 14:06:31.502605,84.1636,84.54425,85.7675
2022-01-19 14:06:32.010410,84.26632,84.4935,85.7675
2022-01-19 14:06:32.504398,84.47302,84.4935,85.06062
2022-01-19 14:06:33.003514,83.85417,84.08,85.06062
2022-01-19 14:06:33.510561,84.36905,84.751,85.21708
2022-01-19 14:06:34.008326,83.85417,84.23475,85.21708
2022-01-19 14:06:34.503551,84.42104,84.751,85.80614
2022-01-19 14:06:35.002636,83.59549,83.8745,85.80614
2022-01-19 14:06:35.508436,84.57575,84.85375,85.25666
2022-01-19 14:06:36.008597,84.62773,84.699,85.25666
2022-01-19 14:06:36.503815,83.90492,84.132,85.80614
2022-01-19 14:06:37.002358,84.05963,84.28675,85.80614
2022-01-19 14:06:37.506047,83.90492,84.132,85.80614
2022-01-19 14:06:38.004046,84.57575,84.85375,85.80614
2022-01-19 14:06:38.510733,83.59549,84.08,85.80614
2022-01-19 14:06:39.008156,84.47302,84.699,85.80614
2022-01-19 14:06:39.502716,84.11161,84.132,85.4527
2022-01-19 14:06:40.010818,84.52377,84.64825,85.4527
2022-01-19 14:06:40.507461,84.62773,84.95775,86.08135
2022-01-19 14:06:41.005498,83.64747,84.02925,86.08135
2022-01-19 14:06:41.511005,84.57575,84.751,85.6101
2022-01-19 14:06:42.009215,83.44078,83.92525,85.6101
2022-01-19 14:06:42.503381,84.78245,85.0085,85.80614
2022-01-19 14:06:43.001055,84.05963,84.132,85.80614
2022-01-19 14:06:43.506619,84.62773,84.803,85.7675
2022-01-19 14:06:44.003465,84.05963,84.08,85.7675
2022-01-19 14:06:44.508406,84.11161,84.3895,85.96354
2022-01-19 14:06:45.009448,84.36905,84.803,85.96354
2022-01-19 14:06:45.504426,83.80219,84.184,85.29625
2022-01-19 14:06:46.003011,84.47302,84.54425,85.29625
2022-01-19 14:06:46.508548,83.64747,83.97725,85.6101
2022-01-19 14:06:47.004984,84.67848,84.699,85.6101
2022-01-19 14:06:47.510001,84.11161,84.28675,85.13885
2022-01-19 14:06:48.008170,84.42104,84.59625,85.13885
2022-01-19 14:06:48.504589,84.05963,84.33875,85.88531
2022-01-19 14:06:49.003988,84.00888,84.28675,85.88531
2022-01-19 14:06:49.510295,84.36905,84.54425,85.37447
2022-01-19 14:06:50.008091,84.1636,84.4935,85.37447
2022-01-19 14:06:50.501287,84.26632,84.28675,85.49229
2022-01-19 14:06:51.010784,84.1636,84.23475,85.49229
2022-01-19 14:06:51.505179,84.31831,84.59625,85.41406
2022-01-19 14:06:52.002280,83.90492,84.28675,85.41406
2022-01-19 14:06:52.509656,84.36905,84.59625,85.29625
2022-01-19 14:06:53.006648,84.42104,84.54425,85.29625
2022-01-19 14:06:53.501275,83.59549,84.02925,86.31697
2022-01-19 14:06:54.010437,84.47302,84.751,86.31697
2022-01-19 14:06:54.506334,84.21434,84.23475,85.25666
2022-01-19 14:06:55.003879,84.47302,84.59625,85.25666
2022-01-19 14:06:55.510159,83.9569,84.4415,85.92395
2022-01-19 14:06:56.006741,84.05963,84.28675,85.92395
2022-01-19 14:06:56.503971,84.42104,84.64825,85.57051
2022-01-19 14:06:57.010754,84.11161,84.54425,85.57051
2022-01-19 14:06:57.507459,84.05963,84.184,85.06062
2022-01-19 14:06:58.006560,84.36905,84.4415,85.06062
2022-01-19 14:06:58.503690,83.85417,84.02925,85.68833
2022-01-19 14:06:59.003244,84.78245,85.0605,85.68833
2022-01-19 14:06:59.510860,83.9569,84.08,85.64968
2022-01-19 14:07:00.010026,84.31831,84.59625,85.64968
2022-01-19 14:07:00.503138,84.11161,84.4935,84.98145
2022-01-19 14:07:01.002589,84.21434,84.4415,84.98145
2022-01-19 14:07:01.507206,84.31831,84.3895,85.7675
2022-01-19 14:07:02.006244,84.1636,84.184,85.7675
2022-01-19 14:07:02.510788,84.47302,84.85375,85.53187
2022-01-19 14:07:03.009231,83.9569,84.28675,85.53187
2022-01-19 14:07:03.505160,84.57575,84.751,84.90322
2022-01-19 14:07:04.004586,83.69946,83.97725,84.90322
2022-01-19 14:07:04.501256,84.52377,84.54425,85.64968
2022-01-19 14:07:05.001126,84.31831,84.54425,85.64968
2022-01-19 14:07:05.508032,84.21434,84.28675,85.57051
2022-01-19 14:07:06.007825,84.31831,84.4935,85.57051
2022-01-19 14:07:06.502691,84.00888,84.4415,84.94281
2022-01-19 14:07:07.001882,84.42104,84.59625,84.94281
2022-01-19 14:07:07.507778,83.90492,84.08,85.37447
2022-01-19 14:07:08.007732,84.47302,84.751,85.37447
2022-01-19 14:07:08.502763,84.00888,84.33875,85.57051
2022-01-19 14:07:09.009935,84.67848,84.64825,85.57051
2022-01-19 14:07:09.505812,84.26632,84.4415,85.7675
2022-01-19 14:07:10.003775,84.11161,84.33875,85.7675
2022-01-19 14:07:10.508915,84.31831,84.54425,85.72791
2022-01-19 14:07:11.003805,83.9569,84.23475,85.72791
2022-01-19 14:07:11.508724,84.42104,84.803,85.6101
2022-01-19 14:07:12.008038,83.9569,84.4935,85.6101
2022-01-19 14:07:12.506072,84.52377,84.54425,85.64968
2022-01-19 14:07:13.003320,84.42104,84.4415,85.64968
2022-01-19 14:07:13.508356,84.42104,84.751,85.68833
2022-01-19 14:07:14.007191,83.7502,84.02925,85.68833
2022-01-19 14:07:14.501139,84.31831,84.3895,85.37447
2022-01-19 14:07:15.009259,84.31831,84.4415,85.37447
2022-01-19 14:07:15.504955,83.85417,84.3895,85.57051
2022-01-19 14:07:16.003995,84.31831,84.54425,85.57051
2022-01-19 14:07:16.508896,84.11161,84.184,85.68833
2022-01-19 14:07:17.009279,84.52377,84.751,85.68833
2022-01-19 14:07:17.504364,84.47302,84.803,85.84572
2022-01-19 14:07:18.002064,83.9569,84.08,85.84572
2022-01-19 14:07:18.507486,84.21434,84.54425,85.6101
2022-01-19 14:07:19.004217,83.90492,84.4935,85.6101
2022-01-19 14:07:19.509886,84.31831,84.3895,86.15958
2022-01-19 14:07:20.007269,84.26632,84.33875,86.15958
2022-01-19 14:07:20.502057,83.7502,84.132,85.53187
2022-01-19 14:07:21.003442,84.73046,85.0085,85.53187
2022-01-19 14:07:21.510866,84.00888,84.3895,85.84572
2022-01-19 14:07:22.007510,84.26632,84.28675,85.84572
2022-01-19 14:07:22.502304,84.00888,84.699,85.41406
2022-01-19 14:07:23.010289,83.90492,84.02925,85.41406
2022-01-19 14:07:23.504897,84.67848,84.803,85.96354
2022-01-19 14:07:24.003319,84.05963,84.23475,85.96354
2022-01-19 14:07:24.508298,84.47302,84.85375,85.80614
2022-01-19 14:07:25.005570,84.00888,84.184,85.80614
2022-01-19 14:07:25.501349,84.52377,84.751,85.17843
2022-01-19 14:07:26.010833,83.69946,84.132,85.17843
2022-01-19 14:07:26.505349,84.36905,84.4935,85.96354
2022-01-19 14:07:27.004166,84.47302,84.751,85.96354
2022-01-19 14:07:27.509386,83.90492,83.7705,85.53187
2022-01-19 14:07:28.008175,84.67848,85.0085,85.53187
2022-01-19 14:07:28.503175,83.85417,84.23475,84.94281
2022-01-19 14:07:29.002976,84.67848,84.85375,84.94281
2022-01-19 14:07:29.508143,84.00888,84.28675,85.68833
2022-01-19 14:07:30.006315,84.26632,84.4935,85.68833
2022-01-19 14:07:30.502686,83.9569,84.08,84.98145
2022-01-19 14:07:31.001685,84.52377,84.699,84.98145
2022-01-19 14:07:31.506511,84.42104,84.699,85.7675
2022-01-19 14:07:32.006740,84.05963,84.3895,85.7675
2022-01-19 14:07:32.502409,84.21434,84.4415,85.6101
2022-01-19 14:07:33.010382,84.05963,84.33875,85.6101
2022-01-19 14:07:33.505020,84.62773,84.85375,85.6101
2022-01-19 14:07:34.002756,83.80219,84.23475,85.6101
2022-01-19 14:07:34.509116,84.1636,84.184,84.98145
2022-01-19 14:07:35.008083,84.31831,84.3895,84.98145
2022-01-19 14:07:35.503487,84.11161,84.3895,85.41406
2022-01-19 14:07:36.001721,84.26632,84.4935,85.41406
2022-01-19 14:07:36.507661,83.80219,84.02925,85.21708
2022-01-19 14:07:37.004398,84.36905,84.3895,85.21708
2022-01-19 14:07:37.509656,84.1636,84.699,85.64968
2022-01-19 14:07:38.008168,84.52377,84.54425,85.64968
2022-01-19 14:07:38.502495,83.9569,84.184,85.92395
2022-01-19 14:07:39.001537,84.21434,84.4935,85.92395
2022-01-19 14:07:39.507399,84.21434,84.3895,85.4527
2022-01-19 14:07:40.005106,84.11161,84.3895,85.4527
2022-01-19 14:07:40.510275,84.21434,84.59625,85.37447
2022-01-19 14:07:41.008341,83.7502,84.132,85.37447
2022-01-19 14:07:41.502868,84.67848,84.59625,85.37447
2022-01-19 14:07:42.010859,84.05963,84.4935,85.37447
2022-01-19 14:07:42.505927,84.1636,84.33875,85.37447
2022-01-19 14:07:43.004188,84.57575,84.90575,85.37447
2022-01-19 14:07:43.509189,84.00888,84.132,85.17843
2022-01-19 14:07:44.009862,84.47302,84.59625,85.17843
2022-01-19 14:07:44.505357,84.11161,84.59625,85.06062
2022-01-19 14:07:45.002916,83.90492,83.97725,85.06062
2022-01-19 14:07:45.509148,84.62773,84.85375,85.80614
2022-01-19 14:07:46.006335,83.9569,83.92525,85.80614
2022-01-19 14:07:46.502964,84.67848,84.95775,85.53187
2022-01-19 14:07:47.505074,84.26632,84.54425,85.6101
2022-01-19 14:07:48.003237,83.9569,84.28675,85.6101
2022-01-19 14:07:48.507225,84.62773,84.803,85.17843
2022-01-19 14:07:49.006765,84.11161,84.4935,85.17843
2022-01-19 14:07:49.502419,84.21434,84.3895,85.49229
2022-01-19 14:07:50.001211,84.67848,84.85375,85.49229
2022-01-19 14:07:50.507099,83.7502,83.8225,85.6101
2022-01-19 14:07:51.006651,84.47302,84.751,85.6101
2022-01-19 14:07:51.502764,84.05963,84.4415,85.64968
2022-01-19 14:07:52.001023,84.1636,84.33875,85.64968
2022-01-19 14:07:52.507378,84.36905,84.803,85.21708
2022-01-19 14:07:53.005089,84.00888,84.23475,85.21708
2022-01-19 14:07:53.502836,84.78245,85.0085,85.4527
2022-01-19 14:07:54.001864,83.90492,84.132,85.4527
2022-01-19 14:07:54.506749,84.57575,84.90575,85.80614
2022-01-19 14:07:55.003492,83.64747,83.8225,85.80614
2022-01-19 14:07:55.507998,84.36905,84.4935,85.53187
2022-01-19 14:07:56.006417,83.7502,84.184,85.53187
2022-01-19 14:07:56.502123,84.57575,84.699,85.06062
2022-01-19 14:07:57.010056,84.47302,84.54425,85.06062
2022-01-19 14:07:57.504706,84.00888,84.33875,86.47437
2022-01-19 14:07:58.001844,84.93716,85.0605,86.47437
2022-01-19 14:07:58.509191,83.85417,84.28675,85.49229
2022-01-19 14:07:59.006915,84.47302,84.54425,85.49229
2022-01-19 14:07:59.501819,83.64747,84.23475,85.06062
2022-01-19 14:08:00.010638,84.21434,84.33875,85.06062
2022-01-19 14:08:00.505487,84.67848,84.803,86.12093
2022-01-19 14:08:01.004844,84.31831,84.4415,86.12093
2022-01-19 14:08:01.501788,83.90492,84.02925,84.90322
2022-01-19 14:08:02.009835,84.26632,84.59625,84.90322
2022-01-19 14:08:02.505856,84.31831,84.4935,85.92395
2022-01-19 14:08:03.004467,83.59549,84.23475,85.92395
2022-01-19 14:08:03.509297,84.47302,84.64825,85.49229
2022-01-19 14:08:04.007314,84.05963,84.184,85.49229
2022-01-19 14:08:04.504542,84.42104,84.64825,85.13885
2022-01-19 14:08:05.004566,84.26632,84.4935,85.13885
2022-01-19 14:08:05.501570,83.59549,83.8745,85.96354
2022-01-19 14:08:06.009452,84.73046,84.699,85.96354
2022-01-19 14:08:06.507207,83.90492,84.4415,85.88531
2022-01-19 14:08:07.005773,84.36905,84.54425,85.88531
2022-01-19 14:08:07.504030,84.21434,84.64825,85.17843
2022-01-19 14:08:08.002250,84.26632,84.4935,85.17843
2022-01-19 14:08:08.507979,84.47302,84.54425,85.41406
2022-01-19 14:08:09.006189,84.47302,84.85375,85.41406
2022-01-19 14:08:09.510782,84.00888,84.184,86.00312
2022-01-19 14:08:10.007982,84.36905,84.751,86.00312
2022-01-19 14:08:10.501334,84.05963,84.132,85.96354
2022-01-19 14:08:11.006081,84.00888,84.59625,85.96354
2022-01-19 14:08:11.504013,84.11161,84.23475,85.6101
2022-01-19 14:08:12.001878,84.57575,84.751,85.6101
2022-01-19 14:08:12.506633,83.9569,84.184,85.80614
2022-01-19 14:08:13.003911,84.78245,84.95775,85.80614
2022-01-19 14:08:13.510454,83.7502,84.08,85.7675
2022-01-19 14:08:14.007954,84.52377,84.64825,85.7675
2022-01-19 14:08:14.504040,84.31831,84.699,85.80614
2022-01-19 14:08:15.001199,84.42104,84.28675,85.80614
2022-01-19 14:08:15.507393,84.1636,84.28675,85.68833
2022-01-19 14:08:16.005116,84.00888,84.132,85.68833
2022-01-19 14:08:16.509786,84.42104,84.54425,85.21708
2022-01-19 14:08:17.007299,84.1636,84.4935,85.21708
2022-01-19 14:08:17.508936,84.1636,84.28675,85.68833
2022-01-19 14:08:18.007808,83.80219,84.3895,85.68833
2022-01-19 14:08:18.503047,84.05963,84.132,85.02104
2022-01-19 14:08:19.011154,84.52377,84.64825,85.02104
2022-01-19 14:08:19.502357,84.1636,84.3895,239.66926
2022-01-19 14:08:20.001620,84.00888,84.33875,239.66926
2022-01-19 14:08:20.507304,83.90492,84.184,221.40833
2022-01-19 14:08:21.003697,84.57575,84.59625,221.40833
2022-01-19 14:08:21.501146,83.49276,84.02925,178.60375
2022-01-19 14:08:22.008507,84.26632,84.33875,178.60375
2022-01-19 14:08:22.503299,84.47302,84.64825,115.53447
2022-01-19 14:08:23.001531,83.9569,83.8745,115.53447
2022-01-19 14:08:23.506807,84.57575,84.751,92.75708
2022-01-19 14:08:24.006718,83.90492,84.28675,92.75708
2022-01-19 14:08:24.504083,84.36905,84.3895,92.63926
2022-01-19 14:08:25.003596,83.80219,84.23475,92.63926
2022-01-19 14:08:25.508671,84.57575,84.699,87.29906
2022-01-19 14:08:26.007404,83.85417,84.184,87.29906
2022-01-19 14:08:26.502629,84.73046,84.90575,86.00312
2022-01-19 14:08:27.011039,83.90492,84.28675,86.00312
2022-01-19 14:08:27.505515,84.26632,84.54425,86.47437
2022-01-19 14:08:28.003384,84.26632,84.3895,86.47437
2022-01-19 14:08:28.510930,84.11161,84.4415,86.67041
2022-01-19 14:08:29.008838,84.42104,84.59625,86.67041
2022-01-19 14:08:29.502652,83.9569,84.28675,85.96354
2022-01-19 14:08:30.011146,84.52377,84.59625,85.96354
2022-01-19 14:08:30.507391,84.42104,84.33875,86.00312
2022-01-19 14:08:31.005021,84.31831,84.751,86.00312
2022-01-19 14:08:31.510713,84.00888,84.08,85.49229
2022-01-19 14:08:32.009135,84.26632,84.59625,85.49229
2022-01-19 14:08:32.503600,84.05963,84.08,85.37447
2022-01-19 14:08:33.004214,84.31831,84.803,85.37447
2022-01-19 14:08:33.510151,84.36905,84.59625,85.21708
2022-01-19 14:08:34.008212,84.05963,84.02925,85.21708
2022-01-19 14:08:34.503284,84.57575,84.699,85.72791
2022-01-19 14:08:35.005458,84.21434,84.4415,85.72791
2022-01-19 14:08:35.501363,84.36905,84.751,85.57051
2022-01-19 14:08:36.010017,83.9569,84.08,85.57051
2022-01-19 14:08:36.504097,83.80219,84.4415,85.53187
2022-01-19 14:08:37.003834,84.26632,84.3895,85.53187
2022-01-19 14:08:37.501202,84.73046,84.803,85.92395
2022-01-19 14:08:38.009849,83.85417,84.23475,85.92395
2022-01-19 14:08:38.505124,84.31831,84.4415,85.49229
2022-01-19 14:08:39.002774,84.36905,84.4935,85.49229
2022-01-19 14:08:39.507980,84.52377,84.59625,85.21708
2022-01-19 14:08:40.007453,84.11161,84.85375,85.21708
2022-01-19 14:08:40.501557,83.69946,83.8225,85.64968
2022-01-19 14:08:41.009004,84.67848,84.59625,85.64968
2022-01-19 14:08:41.504701,84.11161,84.23475,85.57051
2022-01-19 14:08:42.003856,84.31831,84.4935,85.57051
2022-01-19 14:08:42.508405,83.9569,84.33875,85.53187
2022-01-19 14:08:43.006567,84.26632,84.28675,85.53187
2022-01-19 14:08:43.503750,83.85417,84.54425,84.94281
2022-01-19 14:08:44.001780,84.73046,84.85375,84.94281
2022-01-19 14:08:44.507176,84.31831,84.4415,85.92395
2022-01-19 14:08:45.005565,83.90492,83.97725,85.92395
2022-01-19 14:08:45.502120,84.67848,84.95775,85.4527
2022-01-19 14:08:46.009500,83.80219,84.132,85.4527
2022-01-19 14:08:46.506788,84.42104,84.4935,84.86364
2022-01-19 14:08:47.001007,84.11161,84.699,84.86364
2022-01-19 14:08:47.506582,84.05963,84.33875,85.96354
2022-01-19 14:08:48.005529,84.36905,84.4935,85.96354
2022-01-19 14:08:48.510539,84.42104,84.54425,85.25666
2022-01-19 14:08:49.008075,84.26632,84.3895,85.25666
2022-01-19 14:08:49.503354,84.05963,84.4935,84.825
2022-01-19 14:08:50.001864,84.26632,84.3895,84.825
2022-01-19 14:08:50.506783,83.80219,84.3895,85.21708
2022-01-19 14:08:51.006338,84.57575,84.751,85.21708
2022-01-19 14:08:51.501397,83.90492,84.28675,85.72791
2022-01-19 14:08:52.010229,84.26632,84.28675,85.72791
2022-01-19 14:08:52.504620,84.21434,84.33875,85.4527
2022-01-19 14:08:53.001974,84.00888,84.4935,85.4527
2022-01-19 14:08:53.506123,84.26632,84.28675,85.72791
2022-01-19 14:08:54.004543,84.26632,84.699,85.72791
2022-01-19 14:08:54.509072,83.9569,84.132,85.68833
2022-01-19 14:08:55.006266,84.36905,84.803,85.68833
2022-01-19 14:08:55.504322,84.31831,84.23475,86.08135
2022-01-19 14:08:56.002023,84.31831,84.33875,86.08135
2022-01-19 14:08:56.507374,84.31831,84.54425,85.64968
2022-01-19 14:08:57.006728,83.69946,83.7705,85.64968
2022-01-19 14:08:57.501838,84.47302,84.95775,85.21708
2022-01-19 14:08:58.011095,84.36905,84.751,85.21708
2022-01-19 14:08:58.506733,83.85417,84.4415,85.57051
2022-01-19 14:08:59.006371,84.31831,84.184,85.57051
2022-01-19 14:08:59.501636,84.62773,84.64825,85.4527
2022-01-19 14:09:00.010123,84.42104,84.64825,85.4527
2022-01-19 14:09:00.507748,84.21434,84.3895,85.49229
2022-01-19 14:09:01.005863,83.7502,84.132,85.49229
2022-01-19 14:09:01.501954,84.11161,84.132,85.17843
2022-01-19 14:09:02.009265,84.1636,84.90575,85.17843
2022-01-19 14:09:02.504640,83.90492,84.02925,86.04176
2022-01-19 14:09:03.002373,84.42104,84.4935,86.04176
2022-01-19 14:09:03.509013,84.00888,84.28675,86.08135
2022-01-19 14:09:04.009303,84.88517,84.95775,86.08135
2022-01-19 14:09:04.505823,84.26632,84.54425,85.57051
2022-01-19 14:09:05.005406,83.80219,84.08,85.57051
2022-01-19 14:09:05.509752,83.90492,84.59625,85.13885
2022-01-19 14:09:06.006895,84.36905,84.28675,85.13885
2022-01-19 14:09:06.502591,84.26632,84.54425,85.57051
2022-01-19 14:09:07.009513,83.9569,84.132,85.57051
2022-01-19 14:09:07.505455,84.57575,84.751,85.64968
2022-01-19 14:09:08.004466,83.85417,84.184,85.64968
2022-01-19 14:09:08.500961,84.78245,84.803,85.4527
2022-01-19 14:09:09.008893,83.59549,84.184,85.4527
2022-01-19 14:09:09.504510,84.26632,84.4415,85.7675
2022-01-19 14:09:10.005206,84.05963,84.28675,85.7675
2022-01-19 14:09:10.509657,84.36905,84.4935,85.92395
2022-01-19 14:09:11.006721,84.1636,84.28675,85.92395
2022-01-19 14:09:11.503529,84.1636,84.28675,85.88531
2022-01-19 14:09:12.001183,84.52377,84.803,85.88531
2022-01-19 14:09:12.507904,83.69946,84.132,85.41406
2022-01-19 14:09:13.006342,84.57575,84.90575,85.41406
2022-01-19 14:09:13.501612,83.80219,84.132,86.47437
2022-01-19 14:09:14.009765,84.52377,84.64825,86.47437
2022-01-19 14:09:14.501506,84.47302,84.4935,85.13885
2022-01-19 14:09:15.010130,84.05963,84.33875,85.13885
2022-01-19 14:09:15.505253,84.57575,84.699,85.41406
2022-01-19 14:09:16.003317,83.90492,84.23475,85.41406
2022-01-19 14:09:16.508653,84.78245,84.95775,85.49229
2022-01-19 14:09:17.006244,83.69946,84.184,85.49229
2022-01-19 14:09:17.510810,84.1636,84.3895,85.17843
2022-01-19 14:09:18.008399,84.31831,84.33875,85.17843
2022-01-19 14:09:18.504562,84.47302,84.803,85.96354
2022-01-19 14:09:19.002610,83.90492,83.97725,85.96354
2022-01-19 14:09:19.507343,84.31831,84.751,85.57051
2022-01-19 14:09:20.004970,84.31831,84.4415,85.57051
2022-01-19 14:09:20.509793,84.05963,84.59625,84.74583
2022-01-19 14:09:21.007597,84.52377,84.64825,84.74583
2022-01-19 14:09:21.502772,84.05963,84.132,86.04176
2022-01-19 14:09:22.005067,84.57575,84.90575,86.04176
2022-01-19 14:09:22.509309,84.1636,84.28675,85.41406
2022-01-19 14:09:23.008163,84.05963,84.54425,85.41406
2022-01-19 14:09:23.503819,84.26632,84.33875,85.21708
2022-01-19 14:09:24.002916,83.90492,84.4935,85.21708
2022-01-19 14:09:24.507262,84.73046,84.751,85.41406
2022-01-19 14:09:25.005559,84.31831,84.3895,85.41406
2022-01-19 14:09:25.501261,84.26632,84.33875,85.41406
2022-01-19 14:09:26.009851,84.36905,84.4935,85.41406
2022-01-19 14:09:26.505089,84.05963,84.4415,85.02104
2022-01-19 14:09:27.003732,84.05963,84.28675,85.02104
2022-01-19 14:09:27.507951,84.1636,84.64825,85.57051
2022-01-19 14:09:28.007517,84.1636,84.132,85.57051
2022-01-19 14:09:28.503850,84.42104,84.751,85.17843
2022-01-19 14:09:29.002342,84.36905,84.59625,85.17843
2022-01-19 14:09:29.509158,84.21434,84.132,85.80614
2022-01-19 14:09:30.007867,84.05963,84.54425,85.80614
2022-01-19 14:09:30.503255,84.36905,84.54425,85.33489
2022-01-19 14:09:31.010751,83.7502,84.28675,85.33489
2022-01-19 14:09:31.505180,84.26632,84.3895,85.02104
2022-01-19 14:09:32.003362,84.11161,84.33875,85.02104
2022-01-19 14:09:32.509018,84.26632,84.3895,86.00312
2022-01-19 14:09:33.008047,84.42104,84.4415,86.00312
2022-01-19 14:09:33.503340,84.00888,84.4415,85.57051
2022-01-19 14:09:34.003150,84.1636,84.28675,85.57051
2022-01-19 14:09:34.510251,84.05963,84.4415,85.49229
2022-01-19 14:09:35.008469,84.52377,84.699,85.49229
2022-01-19 14:09:35.503755,83.69946,84.02925,85.33489
2022-01-19 14:09:36.002675,84.42104,84.3895,85.33489
2022-01-19 14:09:36.508267,84.47302,84.33875,84.98145
2022-01-19 14:09:37.006804,84.47302,84.803,84.98145
2022-01-19 14:09:37.501621,84.31831,84.59625,85.64968
2022-01-19 14:09:38.008231,83.59549,84.08,85.64968
2022-01-19 14:09:38.503159,84.57575,84.699,85.37447
2022-01-19 14:09:39.001293,83.64747,84.132,85.37447
2022-01-19 14:09:39.508189,84.73046,84.95775,85.17843
2022-01-19 14:09:40.007331,84.21434,84.08,85.17843
2022-01-19 14:09:40.503276,84.00888,84.33875,85.72791
2022-01-19 14:09:41.001207,84.83319,84.751,85.72791
2022-01-19 14:09:41.507764,84.26632,84.699,85.92395
2022-01-19 14:09:42.006676,83.7502,83.8745,85.92395
2022-01-19 14:09:42.500990,84.05963,84.54425,84.70718
2022-01-19 14:09:43.009532,84.26632,84.3895,84.70718
2022-01-19 14:09:43.504141,84.31831,84.33875,85.33489
2022-01-19 14:09:44.002990,84.47302,84.803,85.33489
2022-01-19 14:09:44.509753,83.80219,84.02925,85.53187
2022-01-19 14:09:45.008158,84.47302,84.95775,85.53187
2022-01-19 14:09:45.502423,84.47302,84.54425,85.17843
2022-01-19 14:09:46.010784,83.85417,84.4415,85.17843
2022-01-19 14:09:46.506376,84.47302,84.4935,86.08135
2022-01-19 14:09:47.003499,83.80219,83.92525,86.08135
2022-01-19 14:09:47.508663,84.62773,84.699,85.33489
2022-01-19 14:09:48.007262,84.21434,84.3895,85.33489
2022-01-19 14:09:48.504970,84.26632,84.803,85.4527
2022-01-19 14:09:49.004306,84.00888,84.132,85.4527
2022-01-19 14:09:49.509471,84.36905,84.751,85.4527
2022-01-19 14:09:50.008135,83.85417,84.02925,85.4527
2022-01-19 14:09:50.503620,84.47302,84.699,85.57051
2022-01-19 14:09:51.010783,84.1636,84.33875,85.57051
2022-01-19 14:09:51.506897,84.00888,84.184,85.6101
2022-01-19 14:09:52.004879,84.52377,84.803,85.6101
2022-01-19 14:09:52.509830,84.05963,84.184,85.29625
2022-01-19 14:09:53.009395,84.47302,84.90575,85.29625
2022-01-19 14:09:53.504392,84.52377,84.64825,85.6101
2022-01-19 14:09:54.003043,83.69946,84.02925,85.6101
2022-01-19 14:09:54.506988,84.1636,84.33875,85.57051
2022-01-19 14:09:55.004986,84.67848,84.64825,85.57051
2022-01-19 14:09:55.502786,84.00888,84.4935,86.19916
2022-01-19 14:09:56.010391,84.26632,84.4415,86.19916
2022-01-19 14:09:56.504697,83.90492,84.08,85.02104
2022-01-19 14:09:57.003388,84.42104,84.4415,85.02104
2022-01-19 14:09:57.509062,84.26632,84.699,85.53187
2022-01-19 14:09:58.007088,84.21434,84.3895,85.53187
2022-01-19 14:09:58.502763,84.00888,83.97725,85.29625
2022-01-19 14:09:59.009895,84.05963,84.54425,85.29625
2022-01-19 14:09:59.504295,84.52377,84.90575,85.21708
2022-01-19 14:10:00.001749,83.85417,84.23475,85.21708
2022-01-19 14:10:00.507354,84.11161,84.184,85.72791
2022-01-19 14:10:01.006069,83.85417,84.3895,85.72791
2022-01-19 14:10:01.502836,84.88517,85.0085,85.33489
2022-01-19 14:10:02.001104,84.47302,84.4935,85.33489
2022-01-19 14:10:02.506243,83.59549,83.97725,85.96354
2022-01-19 14:10:03.003856,84.57575,84.64825,85.96354
2022-01-19 14:10:03.508988,83.90492,84.28675,85.53187
2022-01-19 14:10:04.008011,84.62773,84.751,85.53187
2022-01-19 14:10:04.502882,83.64747,84.23475,85.29625
2022-01-19 14:10:05.002407,84.11161,84.33875,85.29625
2022-01-19 14:10:05.509267,84.67848,84.59625,85.6101
2022-01-19 14:10:06.008517,84.73046,84.90575,85.6101
2022-01-19 14:10:06.503917,83.69946,83.7705,85.7675
2022-01-19 14:10:07.001796,84.36905,84.699,85.7675
2022-01-19 14:10:07.508738,84.11161,84.08,85.4527
2022-01-19 14:10:08.006991,84.21434,84.699,85.4527
2022-01-19 14:10:08.503058,84.57575,84.803,86.12093
2022-01-19 14:10:09.002291,83.9569,84.132,86.12093
2022-01-19 14:10:09.507395,84.52377,84.64825,85.29625
2022-01-19 14:10:10.006454,84.1636,84.08,85.29625
2022-01-19 14:10:10.510629,84.47302,84.90575,85.64968
2022-01-19 14:10:11.005910,84.05963,84.28675,85.64968
2022-01-19 14:10:11.510848,83.80219,84.23475,85.7675
2022-01-19 14:10:12.009259,84.36905,84.4415,85.7675
2022-01-19 14:10:12.503494,84.21434,84.33875,85.41406
2022-01-19 14:10:13.001073,84.36905,84.4415,85.41406
2022-01-19 14:10:13.508769,84.42104,84.3895,85.13885
2022-01-19 14:10:14.006710,84.47302,84.90575,85.13885
2022-01-19 14:10:14.504581,83.90492,84.02925,85.7675
2022-01-19 14:10:15.003206,84.31831,84.85375,85.7675
2022-01-19 14:10:15.507978,84.1636,84.3895,85.72791
2022-01-19 14:10:16.005355,84.1636,84.4415,85.72791
2022-01-19 14:10:16.502280,84.31831,84.4935,85.64968
2022-01-19 14:10:17.009888,84.36905,84.184,85.64968
2022-01-19 14:10:17.505444,84.21434,84.699,85.80614
2022-01-19 14:10:18.004358,84.36905,84.4935,85.80614
2022-01-19 14:10:18.509658,83.90492,84.28675,84.98145
2022-01-19 14:10:19.008864,84.1636,84.28675,84.98145
2022-01-19 14:10:19.504532,83.90492,84.4935,85.64968
2022-01-19 14:10:20.004212,84.1636,84.28675,85.64968
2022-01-19 14:10:20.509845,84.62773,84.64825,85.64968
2022-01-19 14:10:21.007187,83.90492,84.23475,85.64968
2022-01-19 14:10:21.502884,84.62773,84.85375,85.13885
2022-01-19 14:10:22.003552,84.00888,84.28675,85.13885
2022-01-19 14:10:22.509775,84.52377,84.64825,85.64968
2022-01-19 14:10:23.009865,83.7502,84.132,85.64968
2022-01-19 14:10:23.505726,84.11161,84.28675,85.21708
2022-01-19 14:10:24.004231,84.52377,84.54425,85.21708
2022-01-19 14:10:24.509139,84.11161,84.59625,85.4527
2022-01-19 14:10:25.006578,84.31831,84.4935,85.4527
2022-01-19 14:10:25.501463,83.9569,84.3895,85.7675
2022-01-19 14:10:26.505777,83.69946,84.28675,85.80614
2022-01-19 14:10:27.003792,84.11161,84.28675,85.80614
2022-01-19 14:10:27.509383,84.26632,84.184,85.6101
2022-01-19 14:10:28.007367,84.05963,84.4415,85.6101
2022-01-19 14:10:28.504808,84.57575,84.751,85.57051
2022-01-19 14:10:29.003947,84.00888,84.4415,85.57051
2022-01-19 14:10:29.509166,84.36905,84.3895,84.94281
2022-01-19 14:10:30.008409,83.9569,84.4415,84.94281
2022-01-19 14:10:30.504088,84.83319,85.1125,86.08135
2022-01-19 14:10:31.002160,83.59549,83.66775,86.08135
2022-01-19 14:10:31.508590,84.62773,84.90575,85.72791
2022-01-19 14:10:32.006368,83.7502,83.97725,85.72791
2022-01-19 14:10:32.503252,84.52377,84.90575,84.90322
2022-01-19 14:10:33.010490,84.42104,84.33875,84.90322
2022-01-19 14:10:33.505352,83.7502,84.184,85.64968
2022-01-19 14:10:34.003867,84.62773,84.95775,85.64968
2022-01-19 14:10:34.511338,83.90492,83.97725,85.33489
2022-01-19 14:10:35.010207,84.73046,85.1125,85.33489
2022-01-19 14:10:35.504524,83.90492,84.08,85.92395
2022-01-19 14:10:36.002288,84.26632,84.699,85.92395
2022-01-19 14:10:36.509905,84.31831,84.4415,84.98145
2022-01-19 14:10:37.008954,84.36905,84.699,84.98145
2022-01-19 14:10:37.506847,83.9569,84.23475,85.7675
2022-01-19 14:10:38.004502,83.90492,84.23475,85.7675
2022-01-19 14:10:38.510394,84.42104,84.54425,85.29625
2022-01-19 14:10:39.007981,84.47302,84.3895,85.29625
2022-01-19 14:10:39.503994,84.05963,84.4415,86.23875
2022-01-19 14:10:40.003466,83.90492,83.97725,86.23875
2022-01-19 14:10:40.509513,84.1636,84.4935,84.86364
2022-01-19 14:10:41.007155,84.57575,84.95775,84.86364
2022-01-19 14:10:41.503197,83.64747,84.132,85.25666
2022-01-19 14:10:42.001879,84.42104,84.4935,85.25666
2022-01-19 14:10:42.506773,84.26632,84.132,85.7675
2022-01-19 14:10:43.005006,84.52377,84.90575,85.7675
2022-01-19 14:10:43.501125,84.1636,84.132,85.68833
2022-01-19 14:10:44.010955,84.05963,84.33875,85.68833
2022-01-19 14:10:44.506800,84.11161,84.4415,85.84572
2022-01-19 14:10:45.004498,84.21434,84.54425,85.84572
2022-01-19 14:10:45.509722,84.31831,84.54425,85.96354
2022-01-19 14:10:46.007269,84.42104,84.3895,85.96354
2022-01-19 14:10:46.503941,84.21434,84.4415,85.37447
2022-01-19 14:10:47.002787,84.47302,84.699,85.37447
2022-01-19 14:10:47.506889,83.7502,83.97725,85.29625
2022-01-19 14:10:48.008085,84.62773,84.803,85.29625
2022-01-19 14:10:48.503170,83.39003,83.8745,85.68833
2022-01-19 14:10:49.010879,84.36905,84.699,85.68833
2022-01-19 14:10:49.506058,84.31831,84.23475,85.41406
2022-01-19 14:10:50.004111,84.11161,84.4935,85.41406
2022-01-19 14:10:50.501746,84.73046,84.751,85.53187
2022-01-19 14:10:51.009903,84.26632,84.54425,85.53187
2022-01-19 14:10:51.505499,83.9569,84.28675,85.29625
2022-01-19 14:10:52.003330,83.90492,84.28675,85.29625
2022-01-19 14:10:52.502269,84.62773,84.803,84.825
2022-01-19 14:10:53.001265,83.80219,83.7705,84.825
2022-01-19 14:10:53.506760,84.62773,84.90575,85.6101
2022-01-19 14:10:54.006604,84.1636,84.08,85.6101
2022-01-19 14:10:54.501203,84.52377,84.85375,85.49229
2022-01-19 14:10:55.001194,84.67848,84.90575,85.49229
2022-01-19 14:10:55.507473,83.59549,83.97725,85.80614
2022-01-19 14:10:56.006352,84.31831,84.4935,85.80614
2022-01-19 14:10:56.501028,83.64747,83.97725,85.37447
2022-01-19 14:10:57.008845,84.93716,85.26725,85.37447
2022-01-19 14:10:57.503265,84.11161,84.08,85.41406
2022-01-19 14:10:58.002282,83.90492,84.28675,85.41406
2022-01-19 14:10:58.503602,84.31831,84.4415,85.49229
2022-01-19 14:10:59.001615,83.9569,84.33875,85.49229
2022-01-19 14:10:59.509956,84.62773,84.95775,85.06062
2022-01-19 14:11:00.008332,83.23532,83.61575,85.06062
2022-01-19 14:11:00.503158,84.47302,84.803,85.17843
2022-01-19 14:11:01.001929,84.31831,84.33875,85.17843
2022-01-19 14:11:01.506821,85.09187,85.37,85.53187
2022-01-19 14:11:02.005791,83.80219,83.97725,85.53187
2022-01-19 14:11:02.511127,84.00888,84.33875,85.53187
2022-01-19 14:11:03.009716,84.47302,84.3895,85.53187
2022-01-19 14:11:03.510758,84.36905,84.803,85.33489
2022-01-19 14:11:04.008253,84.05963,84.28675,85.33489
2022-01-19 14:11:04.503795,84.05963,84.08,86.15958
2022-01-19 14:11:05.010801,84.11161,84.3895,86.15958
2022-01-19 14:11:05.505998,84.42104,84.59625,85.68833
2022-01-19 14:11:06.003775,84.36905,84.699,85.68833
2022-01-19 14:11:06.508978,84.1636,84.23475,85.09926
2022-01-19 14:11:07.006775,83.80219,84.23475,85.09926
2022-01-19 14:11:07.502380,84.62773,84.90575,85.21708
2022-01-19 14:11:08.009902,84.05963,84.08,85.21708
2022-01-19 14:11:08.505182,84.1636,84.4415,85.25666
2022-01-19 14:11:09.003398,84.05963,84.23475,85.25666
2022-01-19 14:11:09.501087,84.1636,84.4935,85.57051
2022-01-19 14:11:10.008391,84.31831,84.54425,85.57051
2022-01-19 14:11:10.503831,84.21434,84.751,86.15958
2022-01-19 14:11:11.008777,84.26632,84.4935,86.15958
2022-01-19 14:11:11.503378,84.26632,84.4415,85.33489
2022-01-19 14:11:12.001058,84.26632,84.4935,85.33489
2022-01-19 14:11:12.507267,84.36905,84.4935,85.68833
2022-01-19 14:11:13.005319,83.80219,84.28675,85.68833
2022-01-19 14:11:13.511103,84.52377,84.59625,85.21708
2022-01-19 14:11:14.009487,83.90492,84.02925,85.21708
2022-01-19 14:11:14.503677,84.57575,84.95775,85.49229
2022-01-19 14:11:15.001225,84.05963,84.23475,85.49229
2022-01-19 14:11:15.507285,84.36905,84.64825,86.08135
2022-01-19 14:11:16.006791,84.00888,83.92525,86.08135
2022-01-19 14:11:16.502006,83.59549,83.8745,86.67041
2022-01-19 14:11:17.010197,84.93716,85.1125,86.67041
2022-01-19 14:11:17.505775,83.39003,83.61575,238.17729
2022-01-19 14:11:18.006875,84.36905,84.59625,238.17729
2022-01-19 14:11:18.505745,83.49276,83.7705,215.28208
2022-01-19 14:11:19.003813,84.62773,84.803,215.28208
2022-01-19 14:11:19.509980,84.47302,84.4935,158.37864
2022-01-19 14:11:20.007819,84.00888,84.28675,158.37864
2022-01-19 14:11:20.501798,83.80219,83.8745,98.52989
2022-01-19 14:11:21.009836,84.05963,84.184,98.52989
2022-01-19 14:11:21.506058,84.73046,84.95775,92.28583
2022-01-19 14:11:22.003914,83.7502,84.132,92.28583
2022-01-19 14:11:22.508959,84.26632,84.54425,87.29906
2022-01-19 14:11:23.007503,84.05963,83.8745,87.29906
2022-01-19 14:11:23.502787,84.9879,85.47275,87.96635
2022-01-19 14:11:24.009529,84.36905,84.54425,87.96635
2022-01-19 14:11:24.506696,84.26632,84.4415,86.67041
2022-01-19 14:11:25.005489,84.00888,84.23475,86.67041
2022-01-19 14:11:25.510231,83.90492,84.33875,86.31697
2022-01-19 14:11:26.009155,84.93716,85.318,86.31697
2022-01-19 14:11:26.503407,84.00888,84.08,86.12093
2022-01-19 14:11:27.002379,84.21434,84.33875,86.12093
2022-01-19 14:11:27.508510,83.9569,84.132,86.5526
2022-01-19 14:11:28.008844,84.47302,84.803,86.5526
2022-01-19 14:11:28.502652,83.80219,83.8745,85.88531
2022-01-19 14:11:29.009876,83.80219,84.33875,85.88531
2022-01-19 14:11:29.504949,84.00888,84.28675,85.02104
2022-01-19 14:11:30.004490,84.26632,84.3895,85.02104
2022-01-19 14:11:30.509704,84.52377,84.751,85.41406
2022-01-19 14:11:31.007433,84.05963,84.28675,85.41406
2022-01-19 14:11:31.504042,84.21434,84.4415,86.3952
2022-01-19 14:11:32.002309,84.26632,84.4415,86.3952
2022-01-19 14:11:32.508301,84.57575,84.85375,85.41406
2022-01-19 14:11:33.008783,83.85417,84.33875,85.41406
2022-01-19 14:11:33.503688,84.1636,84.28675,85.33489
2022-01-19 14:11:34.001245,84.26632,84.3895,85.33489
2022-01-19 14:11:34.507857,84.57575,84.64825,85.09926
2022-01-19 14:11:35.006384,84.00888,84.3895,85.09926
2022-01-19 14:11:35.502683,84.31831,84.4935,85.84572
2022-01-19 14:11:36.002053,84.11161,84.4415,85.84572
2022-01-19 14:11:36.508458,84.47302,84.751,84.98145
2022-01-19 14:11:37.006650,84.47302,84.64825,84.98145
2022-01-19 14:11:37.502067,83.9569,84.08,85.37447
2022-01-19 14:11:38.000969,84.47302,84.3895,85.37447
2022-01-19 14:11:38.506208,84.05963,84.3895,85.4527
2022-01-19 14:11:39.004128,84.42104,84.59625,85.4527
2022-01-19 14:11:39.509138,83.7502,83.97725,86.12093
2022-01-19 14:11:40.006909,84.47302,84.85375,86.12093
2022-01-19 14:11:40.504057,84.21434,84.59625,86.15958
2022-01-19 14:11:41.002323,84.21434,84.33875,86.15958
2022-01-19 14:11:41.506917,84.73046,84.64825,85.64968
2022-01-19 14:11:42.005270,83.85417,84.132,85.64968
2022-01-19 14:11:42.501099,84.57575,84.85375,85.72791
2022-01-19 14:11:43.010708,83.59549,83.8745,85.72791
2022-01-19 14:11:43.506194,84.26632,84.3895,85.53187
2022-01-19 14:11:44.003874,83.9569,84.4415,85.53187
2022-01-19 14:11:44.510054,84.47302,84.699,85.92395
2022-01-19 14:11:45.009993,84.21434,84.02925,85.92395
2022-01-19 14:11:45.506596,84.11161,84.3895,85.6101
2022-01-19 14:11:46.001847,84.42104,84.64825,85.6101
2022-01-19 14:11:46.507304,84.1636,84.33875,85.88531
2022-01-19 14:11:47.006786,84.31831,84.59625,85.88531
2022-01-19 14:11:47.503777,83.54475,83.97725,85.02104
2022-01-19 14:11:48.001698,85.03989,85.318,85.02104
2022-01-19 14:11:48.507756,83.85417,83.7705,85.57051
2022-01-19 14:11:49.005374,84.31831,84.54425,85.57051
2022-01-19 14:11:49.501606,83.9569,84.23475,85.80614
2022-01-19 14:11:50.010516,84.00888,84.28675,85.80614
2022-01-19 14:11:50.506447,84.11161,84.28675,85.37447
2022-01-19 14:11:51.004030,83.80219,84.184,85.37447
2022-01-19 14:11:51.509047,84.05963,84.33875,237.54864
2022-01-19 14:11:52.007102,84.1636,84.23475,237.54864
2022-01-19 14:11:52.501642,84.67848,84.90575,215.75333
2022-01-19 14:11:53.009558,84.11161,84.132,215.75333
2022-01-19 14:11:53.506681,84.00888,84.33875,169.76781
2022-01-19 14:11:54.005396,84.1636,84.23475,169.76781
2022-01-19 14:11:54.509677,84.05963,84.23475,108.66176
2022-01-19 14:11:55.008622,84.47302,84.751,108.66176
2022-01-19 14:11:55.504658,83.44078,83.61575,91.97197
2022-01-19 14:11:56.001486,84.31831,84.4415,91.97197
2022-01-19 14:11:56.507451,84.52377,84.59625,91.73635
2022-01-19 14:11:57.006789,84.47302,84.699,91.73635
2022-01-19 14:11:57.501938,84.21434,84.3895,87.4951
2022-01-19 14:11:58.010766,84.11161,84.23475,87.4951
2022-01-19 14:11:58.509278,84.31831,84.699,86.00312
2022-01-19 14:11:59.007270,84.26632,84.699,86.00312
2022-01-19 14:11:59.501406,83.80219,83.8745,87.18125
2022-01-19 14:12:00.008171,84.31831,84.4415,87.18125
2022-01-19 14:12:00.502754,84.1636,84.4935,85.84572
2022-01-19 14:12:01.001633,84.73046,84.803,85.84572
2022-01-19 14:12:01.507591,83.9569,84.132,85.4527
2022-01-19 14:12:02.006450,84.31831,84.64825,85.4527
2022-01-19 14:12:02.502624,83.7502,84.23475,86.82781
2022-01-19 14:12:03.009694,84.52377,84.751,86.82781
2022-01-19 14:12:03.505456,84.42104,84.4415,85.6101
2022-01-19 14:12:04.002686,83.64747,83.8745,85.6101
2022-01-19 14:12:04.507561,84.67848,84.90575,86.31697
2022-01-19 14:12:05.005712,83.85417,84.08,86.31697
2022-01-19 14:12:05.510854,84.73046,85.21525,86.31697
2022-01-19 14:12:06.008563,83.44078,83.8745,86.31697
2022-01-19 14:12:06.503068,84.31831,84.4935,85.25666
2022-01-19 14:12:07.010161,84.42104,84.4935,85.25666
2022-01-19 14:12:07.506623,84.11161,84.33875,85.72791
2022-01-19 14:12:08.009788,84.67848,84.751,85.72791
2022-01-19 14:12:08.503545,83.7502,83.8745,85.49229
2022-01-19 14:12:09.001939,84.52377,84.85375,85.49229
2022-01-19 14:12:09.508948,83.69946,84.184,85.7675
2022-01-19 14:12:10.006450,84.42104,84.751,85.7675
2022-01-19 14:12:10.502120,84.00888,84.02925,85.21708
2022-01-19 14:12:11.005985,84.21434,84.4935,85.21708
2022-01-19 14:12:11.502383,84.47302,84.699,85.68833
2022-01-19 14:12:12.010066,84.00888,84.184,85.68833
2022-01-19 14:12:12.505222,84.93716,85.21525,85.33489
2022-01-19 14:12:13.002434,83.28607,83.7705,85.33489
2022-01-19 14:12:13.507589,84.83319,85.0605,86.04176
2022-01-19 14:12:14.005424,83.80219,83.8225,86.04176
2022-01-19 14:12:14.510789,84.88517,84.95775,85.4527
2022-01-19 14:12:15.009084,83.85417,83.97725,85.4527
2022-01-19 14:12:15.504906,84.21434,84.4935,85.53187
2022-01-19 14:12:16.005789,84.11161,84.33875,85.53187
2022-01-19 14:12:16.511049,84.05963,84.4935,86.71
2022-01-19 14:12:17.009356,84.78245,85.0085,86.71
2022-01-19 14:12:17.503626,83.80219,83.92525,86.12093
2022-01-19 14:12:18.010556,84.42104,84.64825,86.12093
2022-01-19 14:12:18.505745,84.11161,84.132,85.17843
2022-01-19 14:12:19.002686,84.36905,84.64825,85.17843
2022-01-19 14:12:19.507963,84.26632,84.4935,85.84572
2022-01-19 14:12:20.006874,83.59549,83.97725,85.84572
2022-01-19 14:12:20.504803,84.42104,84.803,85.33489
2022-01-19 14:12:21.002535,84.1636,84.3895,85.33489
2022-01-19 14:12:21.508734,84.67848,84.699,84.70718
2022-01-19 14:12:22.006979,84.36905,84.3895,84.70718
2022-01-19 14:12:22.510219,83.9569,84.132,85.6101
2022-01-19 14:12:23.010467,84.26632,84.59625,85.6101
2022-01-19 14:12:23.505680,84.36905,84.751,85.02104
2022-01-19 14:12:24.002940,84.1636,84.4415,85.02104
2022-01-19 14:12:24.508096,83.69946,84.08,86.23875
2022-01-19 14:12:25.007001,84.42104,84.59625,86.23875
2022-01-19 14:12:25.501688,84.62773,84.59625,85.49229
2022-01-19 14:12:26.009994,84.21434,84.33875,85.49229
2022-01-19 14:12:26.505056,83.90492,84.23475,85.41406
2022-01-19 14:12:27.002048,83.9569,84.132,85.41406
2022-01-19 14:12:27.508000,84.47302,84.85375,84.78541
2022-01-19 14:12:28.005824,84.05963,84.4935,84.78541
2022-01-19 14:12:28.501288,84.1636,84.23475,85.96354
2022-01-19 14:12:29.009499,84.21434,84.3895,85.96354
2022-01-19 14:12:29.506895,84.21434,84.23475,84.98145
2022-01-19 14:12:30.005201,85.09187,85.26725,84.98145
2022-01-19 14:12:30.511126,83.33805,83.7705,85.41406
2022-01-19 14:12:31.010623,84.42104,84.699,85.41406
2022-01-19 14:12:31.505141,83.80219,84.132,85.33489
2022-01-19 14:12:32.002421,84.73046,84.95775,85.33489
2022-01-19 14:12:32.506724,84.36905,84.3895,85.92395
2022-01-19 14:12:33.005952,84.42104,84.54425,85.92395
2022-01-19 14:12:33.501933,84.05963,84.184,85.92395
2022-01-19 14:12:34.010052,84.47302,84.751,85.92395
2022-01-19 14:12:34.505547,84.67848,84.95775,86.27739
2022-01-19 14:12:35.003341,83.39003,83.71975,86.27739
2022-01-19 14:12:35.508982,84.21434,84.4415,85.68833
2022-01-19 14:12:36.007433,83.9569,84.132,85.68833
2022-01-19 14:12:36.501150,84.42104,84.3895,85.64968
2022-01-19 14:12:37.009213,84.52377,84.59625,85.64968
2022-01-19 14:12:37.504889,83.85417,84.23475,85.29625
2022-01-19 14:12:38.002930,84.47302,84.699,85.29625
2022-01-19 14:12:38.501735,84.00888,84.3895,84.90322
2022-01-19 14:12:39.009747,84.57575,84.54425,84.90322
2022-01-19 14:12:39.505459,83.54475,83.92525,85.33489
2022-01-19 14:12:40.004265,84.47302,84.751,85.33489
2022-01-19 14:12:40.510308,83.9569,83.92525,85.53187
2022-01-19 14:12:41.001688,84.52377,84.64825,85.53187
2022-01-19 14:12:41.509475,84.31831,84.751,85.4527
2022-01-19 14:12:42.007376,84.31831,84.54425,85.4527
2022-01-19 14:12:42.503770,84.47302,84.751,85.64968
2022-01-19 14:12:43.002516,83.54475,83.92525,85.64968
2022-01-19 14:12:43.509056,84.78245,84.95775,84.78541
2022-01-19 14:12:44.008404,84.1636,84.33875,84.78541
2022-01-19 14:12:44.504478,84.05963,84.28675,85.96354
2022-01-19 14:12:45.001230,84.1636,84.4415,85.96354
2022-01-19 14:12:45.501236,84.26632,84.4935,84.98145
2022-01-19 14:12:46.009940,84.26632,84.4935,84.98145
2022-01-19 14:12:46.506345,84.21434,84.64825,85.57051
2022-01-19 14:12:47.002617,83.64747,83.71975,85.57051
2022-01-19 14:12:47.509072,84.57575,84.699,85.7675
2022-01-19 14:12:48.008244,84.47302,84.64825,85.7675
2022-01-19 14:12:48.502404,84.11161,84.3895,85.80614
2022-01-19 14:12:49.010530,83.9569,84.23475,85.80614
2022-01-19 14:12:49.506719,84.42104,84.59625,85.4527
2022-01-19 14:12:50.006312,84.00888,84.3895,85.4527
2022-01-19 14:12:50.502250,84.57575,84.85375,85.88531
2022-01-19 14:12:51.010267,83.85417,83.97725,85.88531
2022-01-19 14:12:51.505236,84.1636,84.132,85.37447
2022-01-19 14:12:52.004225,84.26632,84.59625,85.37447
2022-01-19 14:12:52.510078,84.1636,84.4415,86.08135
2022-01-19 14:12:53.008228,84.36905,84.54425,86.08135
2022-01-19 14:12:53.503428,83.90492,84.28675,85.72791
2022-01-19 14:12:54.001751,84.1636,84.28675,85.72791
2022-01-19 14:12:54.506638,84.88517,84.95775,85.53187
2022-01-19 14:12:55.005419,83.69946,83.71975,85.53187
2022-01-19 14:12:55.501795,84.57575,84.699,85.49229
2022-01-19 14:12:56.010376,83.59549,83.8745,85.49229
2022-01-19 14:12:56.506779,84.73046,85.0605,84.94281
2022-01-19 14:12:57.006467,83.64747,84.08,84.94281
2022-01-19 14:12:57.502425,84.57575,84.90575,85.33489
2022-01-19 14:12:58.009835,83.9569,84.184,85.33489
2022-01-19 14:12:58.504637,84.78245,84.90575,85.80614
2022-01-19 14:12:59.001847,84.67848,84.699,85.80614
2022-01-19 14:12:59.507379,83.39003,83.7705,85.68833
2022-01-19 14:13:00.004905,84.36905,84.751,85.68833
2022-01-19 14:13:01.005421,84.36905,84.59625,85.33489
2022-01-19 14:13:01.510661,83.33805,83.8225,86.08135
2022-01-19 14:13:02.009299,84.42104,84.33875,86.08135
2022-01-19 14:13:02.503644,84.36905,84.3895,234.01426
2022-01-19 14:13:03.001263,84.36905,84.4415,234.01426
2022-01-19 14:13:03.505893,84.1636,84.4415,217.75614
2022-01-19 14:13:04.002996,83.64747,83.92525,217.75614
2022-01-19 14:13:04.510252,84.26632,84.4935,171.06375
2022-01-19 14:13:05.009208,84.00888,84.33875,171.06375
2022-01-19 14:13:05.505273,84.47302,84.54425,108.3875
2022-01-19 14:13:06.004723,84.05963,84.02925,108.3875
2022-01-19 14:13:06.510821,84.57575,84.59625,92.83625
2022-01-19 14:13:07.009920,84.21434,84.64825,92.83625
2022-01-19 14:13:07.507093,83.9569,84.23475,91.73635
2022-01-19 14:13:08.004711,84.42104,84.4935,91.73635
2022-01-19 14:13:08.510857,84.11161,84.699,86.82781
2022-01-19 14:13:09.011061,84.52377,84.54425,86.82781
2022-01-19 14:13:09.507959,85.03989,84.90575,86.23875
2022-01-19 14:13:10.006473,84.83319,84.95775,86.23875
2022-01-19 14:13:10.502095,84.05963,84.4415,87.4951
2022-01-19 14:13:11.006260,84.42104,84.54425,87.4951
2022-01-19 14:13:11.501814,84.00888,84.132,85.72791
2022-01-19 14:13:12.010416,84.05963,84.4415,85.72791
2022-01-19 14:13:12.506423,84.11161,84.28675,85.6101
2022-01-19 14:13:13.003674,84.21434,84.23475,85.6101
2022-01-19 14:13:13.510364,84.1636,84.08,85.64968
2022-01-19 14:13:14.008636,84.57575,84.95775,85.64968
2022-01-19 14:13:14.503861,84.1636,84.3895,86.31697
2022-01-19 14:13:15.003337,84.36905,84.64825,86.31697
2022-01-19 14:13:15.509166,83.90492,84.132,85.7675
2022-01-19 14:13:16.008298,84.00888,84.28675,85.7675
2022-01-19 14:13:16.506300,84.21434,84.54425,85.17843
2022-01-19 14:13:17.003903,84.05963,84.28675,85.17843
2022-01-19 14:13:17.508563,84.52377,84.699,85.4527
2022-01-19 14:13:18.008478,83.80219,84.132,85.4527
2022-01-19 14:13:18.503442,84.62773,84.85375,85.84572
2022-01-19 14:13:19.010718,84.1636,84.33875,85.84572
2022-01-19 14:13:19.505946,84.26632,84.3895,86.00312
2022-01-19 14:13:20.003866,83.64747,83.97725,86.00312
2022-01-19 14:13:20.509909,84.31831,84.33875,85.29625
2022-01-19 14:13:21.008394,84.83319,85.1125,85.29625
2022-01-19 14:13:21.506974,83.49276,83.8225,85.84572
2022-01-19 14:13:22.004302,84.62773,84.95775,85.84572
2022-01-19 14:13:22.501781,83.59549,83.71975,85.72791
2022-01-19 14:13:23.010415,85.1946,85.37,85.72791
2022-01-19 14:13:23.505388,83.85417,84.28675,85.96354
2022-01-19 14:13:24.003260,83.69946,83.71975,85.96354
2022-01-19 14:13:24.508902,84.57575,84.699,85.06062
2022-01-19 14:13:25.007426,84.00888,84.3895,85.06062
2022-01-19 14:13:25.503403,84.93716,85.16325,85.84572
2022-01-19 14:13:26.001850,83.33805,83.461,85.84572
2022-01-19 14:13:26.509405,84.42104,84.4935,85.84572
2022-01-19 14:13:27.008888,84.00888,84.54425,85.84572
2022-01-19 14:13:27.502607,84.88517,85.0605,85.80614
2022-01-19 14:13:28.010775,84.11161,84.184,85.80614
2022-01-19 14:13:28.506379,84.26632,84.3895,85.6101
2022-01-19 14:13:29.005110,84.31831,84.59625,85.6101
2022-01-19 14:13:30.005202,84.62773,84.751,85.49229
2022-01-19 14:13:30.510939,83.23532,83.71975,85.21708
2022-01-19 14:13:31.008610,84.36905,84.54425,85.21708
2022-01-19 14:13:31.505241,84.31831,84.4415,85.41406
2022-01-19 14:13:32.004666,84.21434,84.28675,85.41406
2022-01-19 14:13:32.510398,84.42104,84.699,86.63083
2022-01-19 14:13:33.008449,83.80219,84.132,86.63083
2022-01-19 14:13:33.502887,84.47302,84.54425,85.41406
2022-01-19 14:13:34.002424,84.31831,84.90575,85.41406
2022-01-19 14:13:34.508418,84.26632,84.3895,85.80614
2022-01-19 14:13:35.007531,84.00888,84.132,85.80614
2022-01-19 14:13:35.503893,84.52377,84.751,85.6101
2022-01-19 14:13:36.002814,84.26632,84.4935,85.6101
2022-01-19 14:13:36.509861,84.11161,84.4415,85.37447
2022-01-19 14:13:37.010337,84.21434,84.4415,85.37447
2022-01-19 14:13:37.508155,83.64747,84.184,85.88531
2022-01-19 14:13:38.004964,84.42104,84.59625,85.88531
2022-01-19 14:13:38.511045,84.31831,84.64825,85.6101
2022-01-19 14:13:39.010391,84.31831,84.28675,85.6101
2022-01-19 14:13:39.504622,84.73046,84.85375,84.98145
2022-01-19 14:13:40.002424,84.00888,84.132,84.98145
2022-01-19 14:13:40.508355,84.36905,84.59625,85.64968
2022-01-19 14:13:41.008034,84.21434,84.4935,85.64968
2022-01-19 14:13:41.501058,84.05963,84.33875,85.17843
2022-01-19 14:13:42.001176,84.05963,84.4415,85.17843
2022-01-19 14:13:42.506708,83.9569,84.08,85.25666
2022-01-19 14:13:43.004531,84.57575,84.90575,85.25666
2022-01-19 14:13:43.509727,84.42104,84.699,86.00312
2022-01-19 14:13:44.008719,84.52377,84.59625,86.00312
2022-01-19 14:13:44.503934,83.33805,83.61575,85.72791
2022-01-19 14:13:45.004101,84.78245,85.0605,85.72791
2022-01-19 14:13:45.510987,83.90492,84.3895,85.4527
2022-01-19 14:13:46.009756,84.26632,84.33875,85.4527
2022-01-19 14:13:46.504725,83.85417,84.28675,85.6101
2022-01-19 14:13:47.001787,83.69946,83.8225,85.6101
2022-01-19 14:13:47.506479,85.03989,85.318,85.06062
2022-01-19 14:13:48.003778,84.05963,84.33875,85.06062
2022-01-19 14:13:48.508610,84.00888,84.28675,85.57051
2022-01-19 14:13:49.008478,83.80219,84.184,85.57051
2022-01-19 14:13:49.502945,84.52377,84.4935,85.64968
2022-01-19 14:13:50.001505,84.21434,84.751,85.64968
2022-01-19 14:13:50.505540,84.00888,84.28675,85.57051
2022-01-19 14:13:51.002811,84.11161,84.33875,85.57051
2022-01-19 14:13:51.507741,84.1636,84.23475,85.29625
2022-01-19 14:13:52.006421,84.88517,85.16325,85.29625
2022-01-19 14:13:52.503377,83.23532,83.8225,85.49229
2022-01-19 14:13:53.505566,83.69946,83.8745,85.96354
2022-01-19 14:13:54.003085,84.78245,85.0085,85.96354
2022-01-19 14:13:54.508749,84.62773,84.85375,85.64968
2022-01-19 14:13:55.007284,83.64747,83.8745,85.64968
2022-01-19 14:13:55.502786,84.52377,84.64825,85.29625
2022-01-19 14:13:56.010639,84.05963,84.3895,85.29625
2022-01-19 14:13:56.505232,84.67848,84.751,85.64968
2022-01-19 14:13:57.004626,83.7502,84.08,85.64968
2022-01-19 14:13:57.508218,84.21434,84.33875,86.19916
2022-01-19 14:13:58.006112,83.7502,83.97725,86.19916
2022-01-19 14:13:58.510946,84.78245,85.0605,84.86364
2022-01-19 14:13:59.008664,84.1636,84.33875,84.86364
2022-01-19 14:13:59.505529,83.9569,84.28675,86.12093
2022-01-19 14:14:00.003015,84.52377,84.4935,86.12093
2022-01-19 14:14:00.510417,83.9569,84.33875,84.98145
2022-01-19 14:14:01.009216,84.36905,84.28675,84.98145
2022-01-19 14:14:01.504720,84.26632,84.54425,85.33489
2022-01-19 14:14:02.002730,83.90492,84.132,85.33489
2022-01-19 14:14:02.507410,84.1636,84.4415,86.12093
2022-01-19 14:14:03.006760,84.21434,84.64825,86.12093
2022-01-19 14:14:03.504368,84.26632,84.3895,86.00312
2022-01-19 14:14:04.002083,84.1636,84.64825,86.00312
2022-01-19 14:14:04.508159,84.11161,84.184,84.94281
2022-01-19 14:14:05.005073,84.26632,84.4415,84.94281
2022-01-19 14:14:05.505899,84.21434,84.28675,85.80614
2022-01-19 14:14:06.001917,84.05963,84.33875,85.80614
2022-01-19 14:14:06.507794,84.42104,84.699,85.37447
2022-01-19 14:14:07.006391,84.11161,84.23475,85.37447
2022-01-19 14:14:07.504116,83.90492,84.64825,85.33489
2022-01-19 14:14:08.001548,84.31831,84.59625,85.33489
2022-01-19 14:14:08.508141,84.57575,84.803,85.4527
2022-01-19 14:14:09.006983,84.11161,84.184,85.4527
2022-01-19 14:14:09.508667,84.31831,84.54425,85.33489
2022-01-19 14:14:10.003711,84.05963,84.33875,85.33489
2022-01-19 14:14:10.508360,84.47302,84.54425,85.6101
2022-01-19 14:14:11.008380,84.00888,84.4415,85.6101
2022-01-19 14:14:11.502940,84.21434,84.33875,86.23875
2022-01-19 14:14:12.002753,84.52377,84.699,86.23875
2022-01-19 14:14:12.508389,84.05963,84.28675,85.29625
2022-01-19 14:14:13.006829,84.42104,84.59625,85.29625
2022-01-19 14:14:13.502007,83.9569,84.23475,85.7675
2022-01-19 14:14:14.010360,84.31831,84.3895,85.7675
2022-01-19 14:14:14.506370,83.9569,84.4415,85.57051
2022-01-19 14:14:15.005295,84.36905,84.4935,85.57051
2022-01-19 14:14:15.510386,83.7502,84.184,85.72791
2022-01-19 14:14:16.007753,84.78245,84.803,85.72791
2022-01-19 14:14:16.505027,84.57575,84.59625,85.53187
2022-01-19 14:14:17.003958,84.05963,84.28675,85.53187
2022-01-19 14:14:17.510236,84.36905,84.54425,85.68833
2022-01-19 14:14:18.009806,83.59549,84.132,85.68833
2022-01-19 14:14:18.504596,84.67848,84.85375,85.64968
2022-01-19 14:14:19.002185,84.05963,84.64825,85.64968
2022-01-19 14:14:19.507340,84.11161,84.28675,86.27739
2022-01-19 14:14:20.006152,84.31831,84.33875,86.27739
2022-01-19 14:14:20.510299,84.1636,84.4935,85.49229
2022-01-19 14:14:21.009728,84.57575,84.64825,85.49229
2022-01-19 14:14:21.505110,83.59549,84.02925,85.7675
2022-01-19 14:14:22.003956,84.26632,84.3895,85.7675
2022-01-19 14:14:22.508050,83.90492,84.699,86.08135
2022-01-19 14:14:23.006776,84.78245,84.803,86.08135
2022-01-19 14:14:23.502051,84.11161,84.132,86.12093
2022-01-19 14:14:24.010195,84.21434,84.33875,86.12093
2022-01-19 14:14:24.506472,84.26632,84.4415,85.29625
2022-01-19 14:14:25.004190,84.21434,84.4935,85.29625
2022-01-19 14:14:25.501674,84.21434,84.23475,86.08135
2022-01-19 14:14:26.010816,83.85417,84.3895,86.08135
2022-01-19 14:14:26.505149,84.1636,84.08,85.96354
2022-01-19 14:14:27.003743,84.9879,85.0605,85.96354
2022-01-19 14:14:27.509220,83.90492,84.02925,85.6101
2022-01-19 14:14:28.007390,84.26632,84.4415,85.6101
2022-01-19 14:14:28.502690,84.42104,84.803,86.04176
2022-01-19 14:14:29.001124,83.9569,84.08,86.04176
2022-01-19 14:14:29.505779,84.47302,85.1125,85.68833
2022-01-19 14:14:30.006309,83.80219,83.97725,85.68833
2022-01-19 14:14:30.503844,84.31831,84.4415,85.57051
2022-01-19 14:14:31.002874,84.52377,84.54425,85.57051
2022-01-19 14:14:31.509244,84.42104,84.751,85.57051
2022-01-19 14:14:32.008421,83.85417,84.184,85.57051
2022-01-19 14:14:32.504069,84.42104,84.4935,85.09926
2022-01-19 14:14:33.001902,84.05963,84.4935,85.09926
2022-01-19 14:14:33.507983,84.42104,84.4935,86.12093
2022-01-19 14:14:34.007181,84.62773,84.803,86.12093
2022-01-19 14:14:34.505093,84.00888,83.97725,85.21708
2022-01-19 14:14:35.003793,84.36905,84.59625,85.21708
2022-01-19 14:14:35.509001,84.11161,84.4415,85.57051
2022-01-19 14:14:36.007687,84.21434,84.4415,85.57051
2022-01-19 14:14:36.503304,84.31831,84.699,85.6101
2022-01-19 14:14:37.000988,84.00888,84.08,85.6101
2022-01-19 14:14:37.506349,84.42104,84.699,86.12093
2022-01-19 14:14:38.003861,84.42104,84.4415,86.12093
2022-01-19 14:14:38.509040,84.36905,84.54425,85.09926
2022-01-19 14:14:39.008441,83.80219,84.184,85.09926
2022-01-19 14:14:39.503895,84.78245,84.90575,85.49229
2022-01-19 14:14:40.001291,83.33805,83.71975,85.49229
2022-01-19 14:14:40.506571,85.1946,85.26725,85.17843
2022-01-19 14:14:41.004210,84.00888,84.33875,85.17843
2022-01-19 14:14:41.510806,84.1636,84.184,86.5526
2022-01-19 14:14:42.008678,84.42104,84.54425,86.5526
2022-01-19 14:14:42.502850,84.11161,84.33875,85.64968
2022-01-19 14:14:43.010720,84.62773,84.751,85.64968
2022-01-19 14:14:43.506780,83.9569,84.28675,85.41406
2022-01-19 14:14:44.004450,84.26632,84.33875,85.41406
2022-01-19 14:14:44.509135,83.80219,84.28675,84.98145
2022-01-19 14:14:45.008401,84.78245,84.90575,84.98145
2022-01-19 14:14:45.505142,84.47302,84.90575,85.88531
2022-01-19 14:14:46.003658,83.80219,84.08,85.88531
2022-01-19 14:14:46.509155,84.42104,84.4935,85.6101
2022-01-19 14:14:47.006687,84.1636,84.54425,85.6101
2022-01-19 14:14:47.503176,84.73046,84.90575,85.72791
2022-01-19 14:14:48.010801,83.64747,84.33875,85.72791
2022-01-19 14:14:48.505457,84.31831,84.33875,85.80614
2022-01-19 14:14:49.003837,84.57575,84.59625,85.80614
2022-01-19 14:14:50.005925,84.52377,84.64825,86.43479
2022-01-19 14:14:50.501391,83.7502,83.97725,85.57051
2022-01-19 14:14:51.009720,84.1636,84.33875,85.57051
2022-01-19 14:14:51.506530,84.36905,84.95775,85.02104
2022-01-19 14:14:52.004452,84.1636,84.33875,85.02104
2022-01-19 14:14:52.509162,84.1636,84.132,85.64968
2022-01-19 14:14:53.008589,84.36905,84.54425,85.64968
2022-01-19 14:14:53.503397,84.1636,84.3895,85.29625
2022-01-19 14:14:54.002892,84.52377,84.803,85.29625
2022-01-19 14:14:54.506751,84.26632,84.23475,85.80614
2022-01-19 14:14:55.004390,83.69946,84.3895,85.80614
2022-01-19 14:14:55.510306,84.1636,84.3895,85.4527
2022-01-19 14:14:56.008626,84.67848,84.90575,85.4527
2022-01-19 14:14:56.503964,84.36905,84.23475,85.92395
2022-01-19 14:14:57.002290,84.47302,84.4935,85.92395
2022-01-19 14:14:57.507063,83.80219,84.132,85.80614
2022-01-19 14:14:58.004926,84.52377,84.4935,85.80614
2022-01-19 14:14:58.501044,83.9569,84.64825,85.64968
2022-01-19 14:14:59.008380,84.11161,84.33875,85.64968
2022-01-19 14:14:59.504037,83.85417,84.08,85.13885
2022-01-19 14:15:00.002150,84.31831,84.54425,85.13885
2022-01-19 14:15:00.506285,84.31831,84.59625,86.08135
2022-01-19 14:15:01.002664,84.21434,84.54425,86.08135
2022-01-19 14:15:01.508592,84.21434,84.23475,85.6101
2022-01-19 14:15:02.007861,83.9569,84.4935,85.6101
2022-01-19 14:15:02.504638,84.57575,84.803,85.25666
2022-01-19 14:15:03.002521,83.9569,84.4935,85.25666
2022-01-19 14:15:03.507625,84.1636,84.23475,85.06062
2022-01-19 14:15:04.007439,84.67848,84.64825,85.06062
2022-01-19 14:15:04.503642,84.00888,84.28675,85.68833
2022-01-19 14:15:05.001812,84.57575,84.751,85.68833
2022-01-19 14:15:05.507580,83.90492,84.33875,85.17843
2022-01-19 14:15:06.005068,84.52377,84.803,85.17843
2022-01-19 14:15:06.509373,83.7502,84.184,85.84572
2022-01-19 14:15:07.008790,84.42104,84.4415,85.84572
2022-01-19 14:15:07.503606,84.42104,84.4415,85.21708
2022-01-19 14:15:08.001151,84.31831,84.751,85.21708
2022-01-19 14:15:08.506206,84.05963,84.23475,86.74864
2022-01-19 14:15:09.003578,83.90492,84.33875,86.74864
2022-01-19 14:15:09.509290,84.47302,84.699,86.04176
2022-01-19 14:15:10.008252,84.26632,84.803,86.04176
2022-01-19 14:15:10.505086,84.52377,84.54425,86.78822
2022-01-19 14:15:11.009932,83.90492,83.7705,86.78822
2022-01-19 14:15:11.507784,84.67848,84.64825,84.86364
2022-01-19 14:15:12.006416,84.42104,84.59625,84.86364
2022-01-19 14:15:12.501660,83.90492,84.33875,85.49229
2022-01-19 14:15:13.010088,84.05963,84.132,85.49229
2022-01-19 14:15:13.508495,84.11161,84.64825,85.25666
2022-01-19 14:15:14.007502,84.62773,84.64825,85.25666
2022-01-19 14:15:14.502373,84.42104,84.4415,85.6101
2022-01-19 14:15:15.010335,84.21434,84.4415,85.6101
2022-01-19 14:15:15.507572,83.9569,83.97725,85.6101
2022-01-19 14:15:16.005334,84.62773,85.0085,85.6101
2022-01-19 14:15:16.501895,84.05963,84.28675,85.41406
2022-01-19 14:15:17.009054,83.90492,84.4935,85.41406
2022-01-19 14:15:17.503768,84.11161,84.184,85.57051
2022-01-19 14:15:18.001743,83.7502,84.33875,85.57051
2022-01-19 14:15:18.506786,84.93716,85.16325,85.84572
2022-01-19 14:15:19.005116,84.00888,84.08,85.84572
2022-01-19 14:15:19.501185,83.9569,84.3895,85.17843
2022-01-19 14:15:20.010928,84.1636,84.28675,85.17843
2022-01-19 14:15:20.506690,84.36905,84.95775,85.6101
2022-01-19 14:15:21.003568,84.21434,84.4935,85.6101
2022-01-19 14:15:21.509406,84.1636,84.4935,85.53187
2022-01-19 14:15:22.008182,84.05963,84.23475,85.53187
2022-01-19 14:15:22.503150,84.78245,84.90575,84.90322
2022-01-19 14:15:23.001224,84.1636,84.4935,84.90322
2022-01-19 14:15:23.506846,83.90492,84.02925,85.68833
2022-01-19 14:15:24.005084,84.05963,84.54425,85.68833
2022-01-19 14:15:24.502130,84.47302,84.59625,85.41406
2022-01-19 14:15:25.010850,83.9569,84.33875,85.41406
2022-01-19 14:15:25.506923,84.42104,84.4935,85.09926
2022-01-19 14:15:26.005656,84.21434,84.33875,85.09926
2022-01-19 14:15:26.501301,84.52377,84.64825,85.57051
2022-01-19 14:15:27.009560,84.42104,84.64825,85.57051
2022-01-19 14:15:27.504045,83.69946,84.184,85.57051
2022-01-19 14:15:28.002230,84.31831,84.59625,85.57051
2022-01-19 14:15:28.509232,84.05963,84.4935,86.15958
2022-01-19 14:15:29.009800,84.05963,84.28675,86.15958
2022-01-19 14:15:29.506093,84.42104,84.4935,85.57051
2022-01-19 14:15:30.004717,84.26632,84.4415,85.57051
2022-01-19 14:15:30.509782,84.21434,84.4415,85.6101
2022-01-19 14:15:31.007623,84.21434,84.64825,85.6101
2022-01-19 14:15:31.504012,84.1636,84.33875,85.33489
2022-01-19 14:15:32.001704,84.00888,84.4935,85.33489
2022-01-19 14:15:32.503576,84.21434,84.33875,85.4527
2022-01-19 14:15:33.001768,83.90492,84.02925,85.4527
2022-01-19 14:15:33.510054,84.57575,84.751,84.86364
2022-01-19 14:15:34.008953,84.21434,84.184,84.86364
2022-01-19 14:15:34.502989,84.11161,84.3895,85.57051
2022-01-19 14:15:35.001729,84.67848,84.699,85.57051
2022-01-19 14:15:35.507071,83.49276,84.08,84.90322
2022-01-19 14:15:36.005465,84.57575,84.803,84.90322
2022-01-19 14:15:36.510966,84.36905,84.3895,85.6101
2022-01-19 14:15:37.010501,83.90492,84.184,85.6101
2022-01-19 14:15:37.506657,83.90492,83.92525,85.41406
2022-01-19 14:15:38.007223,84.47302,84.95775,85.41406
2022-01-19 14:15:38.503222,84.1636,84.184,86.15958
2022-01-19 14:15:39.001072,84.21434,84.699,86.15958
2022-01-19 14:15:39.506220,84.31831,84.3895,85.7675
2022-01-19 14:15:40.004168,84.21434,84.3895,85.7675
2022-01-19 14:15:40.507876,84.52377,84.699,85.68833
2022-01-19 14:15:41.007363,84.21434,84.28675,85.68833
2022-01-19 14:15:41.503373,83.9569,84.33875,85.33489
2022-01-19 14:15:42.003797,84.31831,84.3895,85.33489
2022-01-19 14:15:42.510932,84.21434,84.803,85.96354
2022-01-19 14:15:43.010370,84.36905,84.4415,85.96354
2022-01-19 14:15:43.506320,84.1636,84.4935,85.21708
2022-01-19 14:15:44.003410,84.21434,84.23475,85.21708
2022-01-19 14:15:44.507707,84.47302,84.33875,84.98145
2022-01-19 14:15:45.006642,84.26632,84.751,84.98145
2022-01-19 14:15:45.501529,84.05963,84.184,86.31697
2022-01-19 14:15:46.010612,84.00888,84.4415,86.31697
2022-01-19 14:15:46.506339,84.11161,84.33875,85.96354
2022-01-19 14:15:47.004990,84.52377,85.1125,85.96354
2022-01-19 14:15:47.510810,84.31831,84.28675,85.6101
2022-01-19 14:15:48.008658,84.36905,84.184,85.6101
2022-01-19 14:15:48.503861,84.05963,84.4415,85.88531
