時間,回転１,回転２,回転３
2022-01-19 17:00:00.006441,0.0,0.0,0.0
2022-01-19 17:00:00.502597,0.0,0.0,0.0
2022-01-19 17:00:01.002477,0.0,0.0,0.0
2022-01-19 17:00:01.509972,0.0,0.0,0.0
2022-01-19 17:00:02.009745,0.0,0.0,0.0
2022-01-19 17:00:02.506693,0.0,0.0,0.0
2022-01-19 17:00:03.004412,0.0,0.0,0.0
2022-01-19 17:00:03.501951,0.0,0.0,0.0
2022-01-19 17:00:04.010100,0.0,0.0,0.0
2022-01-19 17:00:04.508906,0.0,0.0,0.0
2022-01-19 17:00:05.010584,0.0,0.0,0.0
2022-01-19 17:00:05.505749,0.0,0.0,0.0
2022-01-19 17:00:06.004130,0.0,0.0,0.0
2022-01-19 17:00:06.509711,0.0,0.0,0.0
2022-01-19 17:00:07.007288,0.0,0.0,0.0
2022-01-19 17:00:07.503364,0.0,0.0,0.0
2022-01-19 17:00:08.001809,0.0,0.0,0.0
2022-01-19 17:00:08.506587,0.0,0.0,0.0
2022-01-19 17:00:09.004562,0.0,0.0,0.0
2022-01-19 17:00:09.509606,0.0,0.0,0.0
2022-01-19 17:00:10.008531,0.0,0.0,0.0
2022-01-19 17:00:10.502848,0.0,0.0,0.0
2022-01-19 17:00:11.008321,0.0,0.0,0.0
2022-01-19 17:00:11.503482,0.0,0.0,0.0
2022-01-19 17:00:12.005545,0.0,0.0,0.0
2022-01-19 17:00:12.501824,0.0,0.0,0.0
2022-01-19 17:00:13.009073,0.0,0.0,0.0
2022-01-19 17:00:13.504027,0.0,0.0,0.0
2022-01-19 17:00:14.002542,0.0,0.0,0.0
2022-01-19 17:00:14.510003,0.0,0.0,0.0
2022-01-19 17:00:15.003153,0.0,0.0,0.0
2022-01-19 17:00:15.508675,0.0,0.0,0.0
2022-01-19 17:00:16.006568,0.0,0.0,0.0
2022-01-19 17:00:16.501860,0.0,0.0,0.0
2022-01-19 17:00:17.010889,0.0,0.0,0.0
2022-01-19 17:00:17.506777,0.0,0.0,0.0
2022-01-19 17:00:18.005125,0.0,0.0,0.0
2022-01-19 17:00:18.508806,0.0,0.0,0.0
2022-01-19 17:00:19.007739,0.0,0.0,0.0
2022-01-19 17:00:19.504208,0.0,0.0,0.0
2022-01-19 17:00:20.001534,0.0,0.0,0.0
2022-01-19 17:00:20.505761,0.0,0.0,0.0
2022-01-19 17:00:21.003805,0.0,0.0,0.0
2022-01-19 17:00:21.509029,0.0,0.0,0.0
2022-01-19 17:00:22.006819,0.0,0.0,0.0
2022-01-19 17:00:22.511069,0.0,0.0,0.0
2022-01-19 17:00:23.009501,0.0,0.0,0.0
2022-01-19 17:00:23.505502,0.0,0.0,0.0
2022-01-19 17:00:24.003288,0.0,0.0,0.0
2022-01-19 17:00:24.510031,0.0,0.0,0.0
2022-01-19 17:00:25.007691,0.0,0.0,0.0
2022-01-19 17:00:25.503596,0.0,0.0,0.0
2022-01-19 17:00:26.001695,0.0,0.0,0.0
2022-01-19 17:00:26.506770,0.0,0.0,0.0
2022-01-19 17:00:27.005445,0.0,0.0,0.0
2022-01-19 17:00:27.501662,0.0,0.0,0.0
2022-01-19 17:00:28.011324,0.0,0.0,0.0
2022-01-19 17:00:28.505975,0.0,0.0,0.0
2022-01-19 17:00:29.002928,0.0,0.0,0.0
2022-01-19 17:00:29.510275,0.0,0.0,0.0
2022-01-19 17:00:30.008811,0.0,0.0,0.0
2022-01-19 17:00:30.503859,0.0,0.0,0.0
2022-01-19 17:00:31.001875,0.0,0.0,0.0
2022-01-19 17:00:31.509708,0.0,0.0,0.0
2022-01-19 17:00:32.008564,0.0,0.0,0.0
2022-01-19 17:00:32.503823,0.0,0.0,0.0
2022-01-19 17:00:33.002337,0.0,0.0,0.0
2022-01-19 17:00:33.506699,0.0,0.0,0.0
2022-01-19 17:00:34.004184,0.0,0.0,0.0
2022-01-19 17:00:34.501316,0.0,0.0,0.0
2022-01-19 17:00:35.002739,0.0,0.0,0.0
2022-01-19 17:00:35.507173,0.0,0.0,0.0
2022-01-19 17:00:36.008267,0.0,0.0,0.0
2022-01-19 17:00:36.503954,0.0,0.0,0.0
2022-01-19 17:00:37.009188,0.0,0.0,0.0
2022-01-19 17:00:37.509103,0.0,0.0,0.0
2022-01-19 17:00:38.009208,0.0,0.0,0.0
2022-01-19 17:00:38.505787,0.0,0.0,0.0
2022-01-19 17:00:39.004103,0.0,0.0,0.0
2022-01-19 17:00:39.501794,0.0,0.0,0.0
2022-01-19 17:00:40.010082,0.0,0.0,0.0
2022-01-19 17:00:40.504024,0.0,0.0,0.0
2022-01-19 17:00:41.005771,0.0,0.0,0.0
2022-01-19 17:00:41.510556,0.0,0.0,0.0
2022-01-19 17:00:42.008780,0.0,0.0,0.0
2022-01-19 17:00:42.505374,0.0,0.0,0.0
2022-01-19 17:00:43.004372,0.0,0.0,0.0
2022-01-19 17:00:43.501039,0.0,0.0,0.0
2022-01-19 17:00:44.009779,0.0,0.0,0.0
2022-01-19 17:00:44.505119,0.0,0.0,0.0
2022-01-19 17:00:45.002962,0.0,0.0,0.0
2022-01-19 17:00:45.509126,0.0,0.0,0.0
2022-01-19 17:00:46.007771,0.0,0.0,0.0
2022-01-19 17:00:46.504755,0.0,0.0,0.0
2022-01-19 17:00:47.002151,0.0,0.0,0.0
2022-01-19 17:00:47.507797,0.0,0.0,0.0
2022-01-19 17:00:48.006471,0.0,0.0,0.0
2022-01-19 17:00:48.502343,0.0,0.0,0.0
2022-01-19 17:00:49.010667,0.0,0.0,0.0
2022-01-19 17:00:49.506576,0.0,0.0,0.0
2022-01-19 17:00:50.005416,0.0,0.0,0.0
2022-01-19 17:00:50.510658,0.0,0.0,0.0
2022-01-19 17:00:51.009458,0.0,0.0,0.0
2022-01-19 17:00:51.505734,0.0,0.0,0.0
2022-01-19 17:00:52.004551,0.0,0.0,0.0
2022-01-19 17:00:52.510002,0.0,0.0,0.0
2022-01-19 17:00:53.009197,0.0,0.0,0.0
2022-01-19 17:00:53.504354,0.0,0.0,0.0
2022-01-19 17:00:54.001935,0.0,0.0,0.0
2022-01-19 17:00:54.507031,0.0,0.0,0.0
2022-01-19 17:00:55.004283,0.0,0.0,0.0
2022-01-19 17:00:55.510231,0.0,0.0,0.0
2022-01-19 17:00:56.008943,0.0,0.0,0.0
2022-01-19 17:00:56.505789,0.0,0.0,0.0
2022-01-19 17:00:57.003503,0.0,0.0,0.0
2022-01-19 17:00:57.507937,0.0,0.0,0.0
2022-01-19 17:00:58.007148,0.0,0.0,0.0
2022-01-19 17:00:58.503299,0.0,0.0,0.0
2022-01-19 17:00:59.001297,0.0,0.0,0.0
2022-01-19 17:00:59.506351,0.0,0.0,0.0
2022-01-19 17:01:00.005358,0.0,0.0,0.0
2022-01-19 17:01:00.501555,0.0,0.0,0.0
2022-01-19 17:01:01.001123,0.0,0.0,0.0
2022-01-19 17:01:01.506692,0.0,0.0,0.0
2022-01-19 17:01:02.004233,0.0,0.0,0.0
2022-01-19 17:01:02.508718,0.0,0.0,0.0
2022-01-19 17:01:03.008680,0.0,0.0,0.0
2022-01-19 17:01:03.502739,0.0,0.0,0.0
2022-01-19 17:01:04.005007,0.0,0.0,0.0
2022-01-19 17:01:04.502414,0.0,0.0,0.0
2022-01-19 17:01:05.010141,0.0,0.0,0.0
2022-01-19 17:01:05.506088,0.0,0.0,0.0
2022-01-19 17:01:06.003410,0.0,0.0,0.0
2022-01-19 17:01:06.510619,0.0,0.0,0.0
2022-01-19 17:01:07.008100,0.0,0.0,0.0
2022-01-19 17:01:07.502882,0.0,0.0,0.0
2022-01-19 17:01:08.010222,0.0,0.0,0.0
2022-01-19 17:01:08.506686,0.0,0.0,0.0
2022-01-19 17:01:09.005002,0.0,0.0,0.0
2022-01-19 17:01:09.502040,0.0,0.0,0.0
2022-01-19 17:01:10.010793,0.0,0.0,0.0
2022-01-19 17:01:10.505964,0.0,0.0,0.0
2022-01-19 17:01:11.010201,0.0,0.0,0.0
2022-01-19 17:01:11.504754,0.0,0.0,0.0
2022-01-19 17:01:12.003926,0.0,0.0,0.0
2022-01-19 17:01:12.508703,0.0,0.0,0.0
2022-01-19 17:01:13.007967,0.0,0.0,0.0
2022-01-19 17:01:13.504868,0.0,0.0,0.0
2022-01-19 17:01:14.002351,0.0,0.0,0.0
2022-01-19 17:01:14.505655,0.0,0.0,0.0
2022-01-19 17:01:15.003305,0.0,0.0,0.0
2022-01-19 17:01:15.508238,0.0,0.0,0.0
2022-01-19 17:01:16.006406,0.0,0.0,0.0
2022-01-19 17:01:16.504256,0.0,0.0,0.0
2022-01-19 17:01:17.003418,0.0,0.0,0.0
2022-01-19 17:01:17.509003,0.0,0.0,0.0
2022-01-19 17:01:18.006654,0.0,0.0,0.0
2022-01-19 17:01:18.501833,0.0,0.0,0.0
2022-01-19 17:01:19.010671,0.0,0.0,0.0
2022-01-19 17:01:19.506513,0.0,0.0,0.0
2022-01-19 17:01:20.005315,0.0,0.0,0.0
2022-01-19 17:01:20.509861,0.0,0.0,0.0
2022-01-19 17:01:21.008739,0.0,0.0,0.0
2022-01-19 17:01:21.503021,0.0,0.0,0.0
2022-01-19 17:01:22.002575,0.0,0.0,0.0
2022-01-19 17:01:22.508614,0.0,0.0,0.0
2022-01-19 17:01:23.007188,0.0,0.0,0.0
2022-01-19 17:01:23.505117,0.0,0.0,0.0
2022-01-19 17:01:24.002889,0.0,0.0,0.0
2022-01-19 17:01:24.509272,0.0,0.0,0.0
2022-01-19 17:01:25.007221,0.0,0.0,0.0
2022-01-19 17:01:25.508592,0.0,0.0,0.0
2022-01-19 17:01:26.009679,0.0,0.0,0.0
2022-01-19 17:01:26.505201,0.0,0.0,0.0
2022-01-19 17:01:27.002705,0.0,0.0,0.0
2022-01-19 17:01:27.508327,0.0,0.0,0.0
2022-01-19 17:01:28.006025,0.0,0.0,0.0
2022-01-19 17:01:28.510058,0.0,0.0,0.0
2022-01-19 17:01:29.007930,0.0,0.0,0.0
2022-01-19 17:01:29.503763,0.0,0.0,0.0
2022-01-19 17:01:30.000952,0.0,0.0,0.0
2022-01-19 17:01:30.506468,0.0,0.0,0.0
2022-01-19 17:01:31.003818,0.0,0.0,0.0
2022-01-19 17:01:31.508281,0.0,0.0,0.0
2022-01-19 17:01:32.004975,0.0,0.0,0.0
2022-01-19 17:01:32.501082,0.0,0.0,0.0
2022-01-19 17:01:33.505552,0.0,0.0,0.0
2022-01-19 17:01:34.003372,0.0,0.0,0.0
2022-01-19 17:01:34.509644,0.0,0.0,0.0
2022-01-19 17:01:35.006853,0.0,0.0,0.0
2022-01-19 17:01:35.502070,0.0,0.0,0.0
2022-01-19 17:01:36.009317,0.0,0.0,0.0
2022-01-19 17:01:36.504065,0.0,0.0,0.0
2022-01-19 17:01:37.002126,0.0,0.0,0.0
2022-01-19 17:01:37.509013,0.0,0.0,0.0
2022-01-19 17:01:38.007463,0.0,0.0,0.0
2022-01-19 17:01:38.502088,0.0,0.0,0.0
2022-01-19 17:01:39.009957,0.0,0.0,0.0
2022-01-19 17:01:39.504162,0.0,0.0,0.0
2022-01-19 17:01:40.001785,0.0,0.0,0.0
2022-01-19 17:01:40.506275,0.0,0.0,0.0
2022-01-19 17:01:41.005038,0.0,0.0,0.0
2022-01-19 17:01:41.510148,0.0,0.0,0.0
2022-01-19 17:01:42.010248,0.0,0.0,0.0
2022-01-19 17:01:42.505456,0.0,0.0,0.0
2022-01-19 17:01:43.005034,0.0,0.0,0.0
2022-01-19 17:01:43.509859,0.0,0.0,0.0
2022-01-19 17:01:44.008046,0.0,0.0,0.0
2022-01-19 17:01:44.503789,0.0,0.0,0.0
2022-01-19 17:01:45.002358,0.0,0.0,0.0
2022-01-19 17:01:45.507986,0.0,0.0,0.0
2022-01-19 17:01:46.005424,0.0,0.0,0.0
2022-01-19 17:01:46.501820,0.0,0.0,0.0
2022-01-19 17:01:47.010247,0.0,0.0,0.0
2022-01-19 17:01:47.506130,0.0,0.0,0.0
2022-01-19 17:01:48.005239,0.0,0.0,0.0
2022-01-19 17:01:48.509498,0.0,0.0,0.0
2022-01-19 17:01:49.007170,0.0,0.0,0.0
2022-01-19 17:01:49.501198,0.0,0.0,0.0
2022-01-19 17:01:50.010186,0.0,0.0,0.0
2022-01-19 17:01:50.504857,0.0,0.0,0.0
2022-01-19 17:01:51.003669,0.0,0.0,0.0
2022-01-19 17:01:51.509291,0.0,0.0,0.0
2022-01-19 17:01:52.008331,0.0,0.0,0.0
2022-01-19 17:01:52.503714,0.0,0.0,0.0
2022-01-19 17:01:53.002784,0.0,0.0,0.0
2022-01-19 17:01:53.507868,0.0,0.0,0.0
2022-01-19 17:01:54.005620,0.0,0.0,0.0
2022-01-19 17:01:54.510918,0.0,0.0,0.0
2022-01-19 17:01:55.010140,0.0,0.0,0.0
2022-01-19 17:01:55.505142,0.0,0.0,0.0
2022-01-19 17:01:56.003503,0.0,0.0,0.0
2022-01-19 17:01:56.509524,0.0,0.0,0.0
2022-01-19 17:01:57.007833,0.0,0.0,0.0
2022-01-19 17:01:57.502740,0.0,0.0,0.0
2022-01-19 17:01:58.002915,0.0,0.0,0.0
2022-01-19 17:01:58.508693,0.0,0.0,0.0
2022-01-19 17:01:59.006696,0.0,0.0,0.0
2022-01-19 17:01:59.502222,0.0,0.0,0.0
2022-01-19 17:02:00.009934,0.0,0.0,0.0
2022-01-19 17:02:00.507015,0.0,0.0,0.0
2022-01-19 17:02:01.006261,0.0,0.0,0.0
2022-01-19 17:02:01.502723,0.0,0.0,0.0
2022-01-19 17:02:02.001736,0.0,0.0,0.0
2022-01-19 17:02:02.508244,0.0,0.0,0.0
2022-01-19 17:02:03.005985,0.0,0.0,0.0
2022-01-19 17:02:03.504417,0.0,0.0,0.0
2022-01-19 17:02:04.002357,0.0,0.0,0.0
2022-01-19 17:02:04.506644,0.0,0.0,0.0
2022-01-19 17:02:05.004071,0.0,0.0,0.0
2022-01-19 17:02:05.509910,0.0,0.0,0.0
2022-01-19 17:02:06.008117,0.0,0.0,0.0
2022-01-19 17:02:06.505270,0.0,0.0,0.0
2022-01-19 17:02:07.003128,0.0,0.0,0.0
2022-01-19 17:02:07.508855,0.0,0.0,0.0
2022-01-19 17:02:08.006639,0.0,0.0,0.0
2022-01-19 17:02:08.502426,0.0,0.0,0.0
2022-01-19 17:02:09.002217,0.0,0.0,0.0
2022-01-19 17:02:09.506233,0.0,0.0,0.0
2022-01-19 17:02:10.005882,0.0,0.0,0.0
2022-01-19 17:02:11.005298,0.0,0.0,0.0
2022-01-19 17:02:11.511107,0.0,0.0,0.0
2022-01-19 17:02:12.009911,0.0,0.0,0.0
2022-01-19 17:02:12.505922,0.0,0.0,0.0
2022-01-19 17:02:13.003721,0.0,0.0,0.0
2022-01-19 17:02:13.509735,0.0,0.0,0.0
2022-01-19 17:02:14.008567,0.0,0.0,0.0
2022-01-19 17:02:14.506632,0.0,0.0,0.0
2022-01-19 17:02:15.003800,0.0,0.0,0.0
2022-01-19 17:02:15.508426,0.0,0.0,0.0
2022-01-19 17:02:16.006682,0.0,0.0,0.0
2022-01-19 17:02:16.502060,0.0,0.0,0.0
2022-01-19 17:02:17.010355,0.0,0.0,0.0
2022-01-19 17:02:17.508727,0.0,0.0,0.0
2022-01-19 17:02:18.007001,0.0,0.0,0.0
2022-01-19 17:02:18.502833,0.0,0.0,0.0
2022-01-19 17:02:19.011004,0.0,0.0,0.0
2022-01-19 17:02:19.508846,0.0,0.0,0.0
2022-01-19 17:02:20.007174,0.0,0.0,0.0
2022-01-19 17:02:20.502803,0.0,0.0,0.0
2022-01-19 17:02:21.009904,0.0,0.0,0.0
2022-01-19 17:02:21.505793,0.0,0.0,0.0
2022-01-19 17:02:22.004069,0.0,0.0,0.0
2022-01-19 17:02:22.510707,0.0,0.0,0.0
2022-01-19 17:02:23.008922,0.0,0.0,0.0
2022-01-19 17:02:23.503854,0.0,0.0,0.0
2022-01-19 17:02:24.004720,0.0,0.0,0.0
2022-01-19 17:02:24.509995,0.0,0.0,0.0
2022-01-19 17:02:25.007313,0.0,0.0,0.0
2022-01-19 17:02:25.502770,0.0,0.0,0.0
2022-01-19 17:02:26.001676,0.0,0.0,0.0
2022-01-19 17:02:26.507734,0.0,0.0,0.0
2022-01-19 17:02:27.009180,0.0,0.0,0.0
2022-01-19 17:02:27.505117,0.0,0.0,0.0
2022-01-19 17:02:28.004243,0.0,0.0,0.0
2022-01-19 17:02:28.510784,0.0,0.0,0.0
2022-01-19 17:02:29.008805,0.0,0.0,0.0
2022-01-19 17:02:29.503763,0.0,0.0,0.0
2022-01-19 17:02:30.001898,0.0,0.0,0.0
2022-01-19 17:02:30.508957,0.0,0.0,0.0
2022-01-19 17:02:31.001270,0.0,0.0,0.0
2022-01-19 17:02:31.506886,0.0,0.0,0.0
2022-01-19 17:02:32.006171,0.0,0.0,0.0
2022-01-19 17:02:32.502222,0.0,0.0,0.0
2022-01-19 17:02:33.009550,0.0,0.0,0.0
2022-01-19 17:02:33.505216,0.0,0.0,0.0
2022-01-19 17:02:34.010518,0.0,0.0,0.0
2022-01-19 17:02:34.507923,0.0,0.0,0.0
2022-01-19 17:02:35.005731,0.0,0.0,0.0
2022-01-19 17:02:35.501067,0.0,0.0,0.0
2022-01-19 17:02:36.009972,0.0,0.0,0.0
2022-01-19 17:02:36.505839,0.0,0.0,0.0
2022-01-19 17:02:37.003149,0.0,0.0,0.0
2022-01-19 17:02:37.509135,0.0,0.0,0.0
2022-01-19 17:02:38.007418,0.0,0.0,0.0
2022-01-19 17:02:38.502290,0.0,0.0,0.0
2022-01-19 17:02:39.009464,0.0,0.0,0.0
2022-01-19 17:02:39.504364,0.0,0.0,0.0
2022-01-19 17:02:40.001806,0.0,0.0,0.0
2022-01-19 17:02:40.506763,0.0,0.0,0.0
2022-01-19 17:02:41.006230,0.0,0.0,0.0
2022-01-19 17:02:41.510043,0.0,0.0,0.0
2022-01-19 17:02:42.008293,0.0,0.0,0.0
2022-01-19 17:02:42.502771,0.0,0.0,0.0
2022-01-19 17:02:43.001728,0.0,0.0,0.0
2022-01-19 17:02:43.507585,0.0,0.0,0.0
2022-01-19 17:02:44.006736,0.0,0.0,0.0
2022-01-19 17:02:44.504942,0.0,0.0,0.0
2022-01-19 17:02:45.008266,0.0,0.0,0.0
2022-01-19 17:02:45.503208,0.0,0.0,0.0
2022-01-19 17:02:46.010970,0.0,0.0,0.0
2022-01-19 17:02:46.507135,0.0,0.0,0.0
2022-01-19 17:02:47.005832,0.0,0.0,0.0
2022-01-19 17:02:47.511207,0.0,0.0,0.0
2022-01-19 17:02:48.007921,0.0,0.0,0.0
2022-01-19 17:02:48.502416,0.0,0.0,0.0
2022-01-19 17:02:49.010852,0.0,0.0,0.0
2022-01-19 17:02:49.506884,0.0,0.0,0.0
2022-01-19 17:02:50.006291,0.0,0.0,0.0
2022-01-19 17:02:50.510480,0.0,0.0,0.0
2022-01-19 17:02:51.008086,0.0,0.0,0.0
2022-01-19 17:02:51.505918,0.0,0.0,0.0
2022-01-19 17:02:52.003955,0.0,0.0,0.0
2022-01-19 17:02:52.509155,0.0,0.0,0.0
2022-01-19 17:02:53.007246,0.0,0.0,0.0
2022-01-19 17:02:53.501611,0.0,0.0,0.0
2022-01-19 17:02:54.010011,0.0,0.0,0.0
2022-01-19 17:02:54.505536,0.0,0.0,0.0
2022-01-19 17:02:55.004282,0.0,0.0,0.0
2022-01-19 17:02:55.509898,0.0,0.0,0.0
2022-01-19 17:02:56.007707,0.0,0.0,0.0
2022-01-19 17:02:56.501192,0.0,0.0,0.0
2022-01-19 17:02:57.004669,0.0,0.0,0.0
2022-01-19 17:02:57.510775,0.0,0.0,0.0
2022-01-19 17:02:58.008980,0.0,0.0,0.0
2022-01-19 17:02:58.504325,0.0,0.0,0.0
2022-01-19 17:02:59.001697,0.0,0.0,0.0
2022-01-19 17:02:59.507372,0.0,0.0,0.0
2022-01-19 17:03:00.005507,0.0,0.0,0.0
2022-01-19 17:03:00.508730,0.0,0.0,0.0
2022-01-19 17:03:01.006090,0.0,0.0,0.0
2022-01-19 17:03:01.501315,0.0,0.0,0.0
2022-01-19 17:03:02.008485,0.0,0.0,0.0
2022-01-19 17:03:02.504165,0.0,0.0,0.0
2022-01-19 17:03:03.002420,0.0,0.0,0.0
2022-01-19 17:03:04.504023,0.0,0.0,0.0
2022-01-19 17:03:05.004231,0.0,0.0,0.0
2022-01-19 17:03:05.509469,0.0,0.0,0.0
2022-01-19 17:03:06.007871,0.0,0.0,0.0
2022-01-19 17:03:06.502352,0.0,0.0,0.0
2022-01-19 17:03:07.001806,0.0,0.0,0.0
2022-01-19 17:03:07.506771,0.0,0.0,0.0
2022-01-19 17:03:08.004529,0.0,0.0,0.0
2022-01-19 17:03:08.501982,0.0,0.0,0.0
2022-01-19 17:03:09.011089,0.0,0.0,0.0
2022-01-19 17:03:09.506433,0.0,0.0,0.0
2022-01-19 17:03:10.005021,0.0,0.0,0.0
2022-01-19 17:03:10.509747,0.0,0.0,0.0
2022-01-19 17:03:11.007929,0.0,0.0,0.0
2022-01-19 17:03:11.502911,0.0,0.0,0.0
2022-01-19 17:03:12.010896,0.0,0.0,0.0
2022-01-19 17:03:12.505908,0.0,0.0,0.0
2022-01-19 17:03:13.005571,0.0,0.0,0.0
2022-01-19 17:03:13.501324,0.0,0.0,0.0
2022-01-19 17:03:14.009359,0.0,0.0,0.0
2022-01-19 17:03:14.504458,0.0,0.0,0.0
2022-01-19 17:03:15.002249,0.0,0.0,0.0
2022-01-19 17:03:15.510773,0.0,0.0,0.0
2022-01-19 17:03:16.008554,0.0,0.0,0.0
2022-01-19 17:03:16.503348,0.0,0.0,0.0
2022-01-19 17:03:17.001827,0.0,0.0,0.0
2022-01-19 17:03:17.507839,0.0,0.0,0.0
2022-01-19 17:03:18.006215,0.0,0.0,0.0
2022-01-19 17:03:18.501956,0.0,0.0,0.0
2022-01-19 17:03:19.009862,0.0,0.0,0.0
2022-01-19 17:03:19.505290,0.0,0.0,0.0
2022-01-19 17:03:20.003218,0.0,0.0,0.0
2022-01-19 17:03:20.509128,0.0,0.0,0.0
2022-01-19 17:03:21.007515,0.0,0.0,0.0
2022-01-19 17:03:21.504473,0.0,0.0,0.0
2022-01-19 17:03:22.002600,0.0,0.0,0.0
2022-01-19 17:03:22.505101,0.0,0.0,0.0
2022-01-19 17:03:23.001629,0.0,0.0,0.0
2022-01-19 17:03:23.508272,0.0,0.0,0.0
2022-01-19 17:03:24.006876,0.0,0.0,0.0
2022-01-19 17:03:24.502688,0.0,0.0,0.0
2022-01-19 17:03:25.010168,0.0,0.0,0.0
2022-01-19 17:03:25.510421,0.0,0.0,0.0
2022-01-19 17:03:26.009540,0.0,0.0,0.0
2022-01-19 17:03:26.504312,0.0,0.0,0.0
2022-01-19 17:03:27.002341,0.0,0.0,0.0
2022-01-19 17:03:27.508742,0.0,0.0,0.0
2022-01-19 17:03:28.006764,0.0,0.0,0.0
2022-01-19 17:03:28.501768,0.0,0.0,0.0
2022-01-19 17:03:29.010818,0.0,0.0,0.0
2022-01-19 17:03:29.505453,0.0,0.0,0.0
2022-01-19 17:03:30.003246,0.0,0.0,0.0
2022-01-19 17:03:30.509150,0.0,0.0,0.0
2022-01-19 17:03:31.006901,0.0,0.0,0.0
2022-01-19 17:03:31.501835,0.0,0.0,0.0
2022-01-19 17:03:32.010051,0.0,0.0,0.0
2022-01-19 17:03:32.505952,0.0,0.0,0.0
2022-01-19 17:03:33.004500,0.0,0.0,0.0
2022-01-19 17:03:33.508910,0.0,0.0,0.0
2022-01-19 17:03:34.007036,0.0,0.0,0.0
2022-01-19 17:03:34.503582,0.0,0.0,0.0
2022-01-19 17:03:35.001907,0.0,0.0,0.0
2022-01-19 17:03:35.507397,0.0,0.0,0.0
2022-01-19 17:03:36.007159,0.0,0.0,0.0
2022-01-19 17:03:36.501683,0.0,0.0,0.0
2022-01-19 17:03:37.009809,0.0,0.0,0.0
2022-01-19 17:03:37.505098,0.0,0.0,0.0
2022-01-19 17:03:38.006277,0.0,0.0,0.0
2022-01-19 17:03:38.510911,0.0,0.0,0.0
2022-01-19 17:03:39.010371,0.0,0.0,0.0
2022-01-19 17:03:39.508257,0.0,0.0,0.0
2022-01-19 17:03:40.006122,0.0,0.0,0.0
2022-01-19 17:03:40.502334,0.0,0.0,0.0
2022-01-19 17:03:41.010888,0.0,0.0,0.0
2022-01-19 17:03:41.506634,0.0,0.0,0.0
2022-01-19 17:03:42.004811,0.0,0.0,0.0
2022-01-19 17:03:42.510818,0.0,0.0,0.0
2022-01-19 17:03:43.010476,0.0,0.0,0.0
2022-01-19 17:03:43.504995,0.0,0.0,0.0
2022-01-19 17:03:44.002641,0.0,0.0,0.0
2022-01-19 17:03:44.509068,0.0,0.0,0.0
2022-01-19 17:03:45.006776,0.0,0.0,0.0
2022-01-19 17:03:45.502398,0.0,0.0,0.0
2022-01-19 17:03:46.010556,0.0,0.0,0.0
2022-01-19 17:03:46.505474,0.0,0.0,0.0
2022-01-19 17:03:47.002694,0.0,0.0,0.0
2022-01-19 17:03:47.509355,0.0,0.0,0.0
2022-01-19 17:03:48.006548,0.0,0.0,0.0
2022-01-19 17:03:48.508447,0.0,0.0,0.0
2022-01-19 17:03:49.007854,0.0,0.0,0.0
2022-01-19 17:03:49.502197,0.0,0.0,0.0
2022-01-19 17:03:50.010065,0.0,0.0,0.0
2022-01-19 17:03:50.506325,0.0,0.0,0.0
2022-01-19 17:03:51.003813,0.0,0.0,0.0
2022-01-19 17:03:51.509254,0.0,0.0,0.0
2022-01-19 17:03:52.007261,0.0,0.0,0.0
2022-01-19 17:03:52.503165,0.0,0.0,0.0
2022-01-19 17:03:53.004154,0.0,0.0,0.0
2022-01-19 17:03:53.510016,0.0,0.0,0.0
2022-01-19 17:03:54.007427,0.0,0.0,0.0
2022-01-19 17:03:54.503180,0.0,0.0,0.0
2022-01-19 17:03:55.001809,0.0,0.0,0.0
2022-01-19 17:03:55.506843,0.0,0.0,0.0
2022-01-19 17:03:56.006305,0.0,0.0,0.0
2022-01-19 17:03:56.503611,0.0,0.0,0.0
2022-01-19 17:03:57.003450,0.0,0.0,0.0
2022-01-19 17:03:57.508551,0.0,0.0,0.0
2022-01-19 17:03:58.006957,0.0,0.0,0.0
2022-01-19 17:03:58.502315,0.0,0.0,0.0
2022-01-19 17:03:59.001270,0.0,0.0,0.0
2022-01-19 17:03:59.508121,0.0,0.0,0.0
2022-01-19 17:04:00.006402,0.0,0.0,0.0
2022-01-19 17:04:00.502354,0.0,0.0,0.0
2022-01-19 17:04:01.010492,0.0,0.0,0.0
2022-01-19 17:04:01.505932,0.0,0.0,0.0
2022-01-19 17:04:02.004483,0.0,0.0,0.0
2022-01-19 17:04:02.509145,0.0,0.0,0.0
2022-01-19 17:04:03.009161,0.0,0.0,0.0
2022-01-19 17:04:03.504037,0.0,0.0,0.0
2022-01-19 17:04:04.002716,0.0,0.0,0.0
2022-01-19 17:04:04.507355,0.0,0.0,0.0
2022-01-19 17:04:05.005158,0.0,0.0,0.0
2022-01-19 17:04:05.501330,0.0,0.0,0.0
2022-01-19 17:04:06.008121,0.0,0.0,0.0
2022-01-19 17:04:06.504134,0.0,0.0,0.0
2022-01-19 17:04:07.001775,0.0,0.0,0.0
2022-01-19 17:04:07.506301,0.0,0.0,0.0
2022-01-19 17:04:08.003946,0.0,0.0,0.0
2022-01-19 17:04:08.508589,0.0,0.0,0.0
2022-01-19 17:04:09.006328,0.0,0.0,0.0
2022-01-19 17:04:09.504734,0.0,0.0,0.0
2022-01-19 17:04:10.003843,0.0,0.0,0.0
2022-01-19 17:04:10.507871,0.0,0.0,0.0
2022-01-19 17:04:11.010780,0.0,0.0,0.0
2022-01-19 17:04:11.506804,0.0,0.0,0.0
2022-01-19 17:04:12.004510,0.0,0.0,0.0
2022-01-19 17:04:12.510013,0.0,0.0,0.0
2022-01-19 17:04:13.010459,0.0,0.0,0.0
2022-01-19 17:04:13.505505,0.0,0.0,0.0
2022-01-19 17:04:14.005125,0.0,0.0,0.0
2022-01-19 17:04:14.502348,0.0,0.0,0.0
2022-01-19 17:04:15.010532,0.0,0.0,0.0
2022-01-19 17:04:15.505746,0.0,0.0,0.0
2022-01-19 17:04:16.003852,0.0,0.0,0.0
2022-01-19 17:04:16.509883,0.0,0.0,0.0
2022-01-19 17:04:17.007219,0.0,0.0,0.0
2022-01-19 17:04:17.501423,0.0,0.0,0.0
2022-01-19 17:04:18.009912,0.0,0.0,0.0
2022-01-19 17:04:18.504441,0.0,0.0,0.0
2022-01-19 17:04:19.001029,0.0,0.0,0.0
2022-01-19 17:04:19.506649,0.0,0.0,0.0
2022-01-19 17:04:20.004844,0.0,0.0,0.0
2022-01-19 17:04:20.509728,0.0,0.0,0.0
2022-01-19 17:04:21.006781,0.0,0.0,0.0
2022-01-19 17:04:21.501332,0.0,0.0,0.0
2022-01-19 17:04:22.009244,0.0,0.0,0.0
2022-01-19 17:04:22.504845,0.0,0.0,0.0
2022-01-19 17:04:23.004055,0.0,0.0,0.0
2022-01-19 17:04:23.509974,0.0,0.0,0.0
2022-01-19 17:04:24.006976,0.0,0.0,0.0
2022-01-19 17:04:24.504288,0.0,0.0,0.0
2022-01-19 17:04:25.009429,0.0,0.0,0.0
2022-01-19 17:04:25.503351,0.0,0.0,0.0
2022-01-19 17:04:26.003259,0.0,0.0,0.0
2022-01-19 17:04:26.507684,0.0,0.0,0.0
2022-01-19 17:04:27.005562,0.0,0.0,0.0
2022-01-19 17:04:27.509204,0.0,0.0,0.0
2022-01-19 17:04:28.007299,0.0,0.0,0.0
2022-01-19 17:04:28.503047,0.0,0.0,0.0
2022-01-19 17:04:29.001847,0.0,0.0,0.0
2022-01-19 17:04:29.506486,0.0,0.0,0.0
2022-01-19 17:04:30.005994,0.0,0.0,0.0
2022-01-19 17:04:30.501715,0.0,0.0,0.0
2022-01-19 17:04:31.009393,0.0,0.0,0.0
2022-01-19 17:04:31.506333,0.0,0.0,0.0
2022-01-19 17:04:32.003300,0.0,0.0,0.0
2022-01-19 17:04:32.508605,0.0,0.0,0.0
2022-01-19 17:04:33.006089,0.0,0.0,0.0
2022-01-19 17:04:33.511269,0.0,0.0,0.0
2022-01-19 17:04:34.009867,0.0,0.0,0.0
2022-01-19 17:04:34.507273,0.0,0.0,0.0
2022-01-19 17:04:35.003781,0.0,0.0,0.0
2022-01-19 17:04:35.502787,0.0,0.0,0.0
2022-01-19 17:04:36.010404,0.0,0.0,0.0
2022-01-19 17:04:36.505475,0.0,0.0,0.0
2022-01-19 17:04:37.003669,0.0,0.0,0.0
2022-01-19 17:04:37.509128,0.0,0.0,0.0
2022-01-19 17:04:38.006768,0.0,0.0,0.0
2022-01-19 17:04:38.502257,0.0,0.0,0.0
2022-01-19 17:04:39.008273,0.0,0.0,0.0
2022-01-19 17:04:39.503800,0.0,0.0,0.0
2022-01-19 17:04:40.001815,0.0,0.0,0.0
2022-01-19 17:04:40.506429,0.0,0.0,0.0
2022-01-19 17:04:41.004181,0.0,0.0,0.0
2022-01-19 17:04:41.511073,0.0,0.0,0.0
2022-01-19 17:04:42.008503,0.0,0.0,0.0
2022-01-19 17:04:42.502325,0.0,0.0,0.0
2022-01-19 17:04:43.008390,0.0,0.0,0.0
2022-01-19 17:04:43.503280,0.0,0.0,0.0
2022-01-19 17:04:44.001543,0.0,0.0,0.0
2022-01-19 17:04:44.502892,0.0,0.0,0.0
2022-01-19 17:04:45.002029,0.0,0.0,0.0
2022-01-19 17:04:45.507630,0.0,0.0,0.0
2022-01-19 17:04:46.003408,0.0,0.0,0.0
2022-01-19 17:04:46.508074,0.0,0.0,0.0
2022-01-19 17:04:47.005611,0.0,0.0,0.0
2022-01-19 17:04:47.501447,0.0,0.0,0.0
2022-01-19 17:04:48.010767,0.0,0.0,0.0
2022-01-19 17:04:48.506489,0.0,0.0,0.0
2022-01-19 17:04:49.005153,0.0,0.0,0.0
2022-01-19 17:04:49.508680,0.0,0.0,0.0
2022-01-19 17:04:50.006589,0.0,0.0,0.0
2022-01-19 17:04:50.510398,0.0,0.0,0.0
2022-01-19 17:04:51.008818,0.0,0.0,0.0
2022-01-19 17:04:51.503483,0.0,0.0,0.0
2022-01-19 17:04:52.005176,0.0,0.0,0.0
2022-01-19 17:04:52.501070,0.0,0.0,0.0
2022-01-19 17:04:53.008589,0.0,0.0,0.0
2022-01-19 17:04:53.508897,0.0,0.0,0.0
2022-01-19 17:04:54.007810,0.0,0.0,0.0
2022-01-19 17:04:54.504035,0.0,0.0,0.0
2022-01-19 17:04:55.002986,0.0,0.0,0.0
2022-01-19 17:04:55.502176,0.0,0.0,0.0
2022-01-19 17:04:56.009741,0.0,0.0,0.0
2022-01-19 17:04:56.505250,0.0,0.0,0.0
2022-01-19 17:04:57.003375,0.0,0.0,0.0
2022-01-19 17:04:57.508938,0.0,0.0,0.0
2022-01-19 17:04:58.008012,0.0,0.0,0.0
2022-01-19 17:04:58.503913,0.0,0.0,0.0
2022-01-19 17:04:59.002705,0.0,0.0,0.0
2022-01-19 17:04:59.508111,0.0,0.0,0.0
2022-01-19 17:05:00.004535,0.0,0.0,0.0
2022-01-19 17:05:00.509388,0.0,0.0,0.0
2022-01-19 17:05:01.008135,0.0,0.0,0.0
2022-01-19 17:05:01.505417,0.0,0.0,0.0
2022-01-19 17:05:02.002317,0.0,0.0,0.0
2022-01-19 17:05:02.507199,0.0,0.0,0.0
2022-01-19 17:05:03.006209,0.0,0.0,0.0
2022-01-19 17:05:03.501208,0.0,0.0,0.0
2022-01-19 17:05:04.010064,0.0,0.0,0.0
2022-01-19 17:05:04.505278,0.0,0.0,0.0
2022-01-19 17:05:05.004418,0.0,0.0,0.0
2022-01-19 17:05:06.005312,0.0,0.0,0.0
2022-01-19 17:05:06.510631,0.0,0.0,0.0
2022-01-19 17:05:07.005736,0.0,0.0,0.0
2022-01-19 17:05:07.510117,0.0,0.0,0.0
2022-01-19 17:05:08.008542,0.0,0.0,0.0
2022-01-19 17:05:08.505523,0.0,0.0,0.0
2022-01-19 17:05:09.003187,0.0,0.0,0.0
2022-01-19 17:05:09.508589,0.0,0.0,0.0
2022-01-19 17:05:10.004889,0.0,0.0,0.0
2022-01-19 17:05:10.508986,0.0,0.0,0.0
2022-01-19 17:05:11.003036,0.0,0.0,0.0
2022-01-19 17:05:11.510331,0.0,0.0,0.0
2022-01-19 17:05:12.009236,0.0,0.0,0.0
2022-01-19 17:05:12.505729,0.0,0.0,0.0
2022-01-19 17:05:13.004314,0.0,0.0,0.0
2022-01-19 17:05:13.510435,0.0,0.0,0.0
2022-01-19 17:05:14.006253,0.0,0.0,0.0
2022-01-19 17:05:14.502635,0.0,0.0,0.0
2022-01-19 17:05:15.505126,0.0,0.0,0.0
2022-01-19 17:05:16.003440,0.0,0.0,0.0
2022-01-19 17:05:16.510878,0.0,0.0,0.0
2022-01-19 17:05:17.001838,0.0,0.0,0.0
2022-01-19 17:05:17.509265,0.0,0.0,0.0
2022-01-19 17:05:18.007237,0.0,0.0,0.0
2022-01-19 17:05:18.510883,0.0,0.0,0.0
2022-01-19 17:05:19.008873,0.0,0.0,0.0
2022-01-19 17:05:19.503463,0.0,0.0,0.0
2022-01-19 17:05:20.002840,0.0,0.0,0.0
2022-01-19 17:05:20.509955,0.0,0.0,0.0
2022-01-19 17:05:21.008142,0.0,0.0,0.0
2022-01-19 17:05:21.503247,0.0,0.0,0.0
2022-01-19 17:05:22.001237,0.0,0.0,0.0
2022-01-19 17:05:22.505850,0.0,0.0,0.0
2022-01-19 17:05:23.003782,0.0,0.0,0.0
2022-01-19 17:05:23.501195,0.0,0.0,0.0
2022-01-19 17:05:24.008874,0.0,0.0,0.0
2022-01-19 17:05:24.502238,0.0,0.0,0.0
2022-01-19 17:05:25.009948,0.0,0.0,0.0
2022-01-19 17:05:25.505121,0.0,0.0,0.0
2022-01-19 17:05:26.004769,0.0,0.0,0.0
2022-01-19 17:05:26.510449,0.0,0.0,0.0
2022-01-19 17:05:27.008699,0.0,0.0,0.0
2022-01-19 17:05:27.503437,0.0,0.0,0.0
2022-01-19 17:05:28.001624,0.0,0.0,0.0
2022-01-19 17:05:28.505000,0.0,0.0,0.0
2022-01-19 17:05:29.003297,0.0,0.0,0.0
2022-01-19 17:05:29.507407,0.0,0.0,0.0
2022-01-19 17:05:30.007444,0.0,0.0,0.0
2022-01-19 17:05:30.503476,0.0,0.0,0.0
2022-01-19 17:05:31.001063,0.0,0.0,0.0
2022-01-19 17:05:31.505887,0.0,0.0,0.0
2022-01-19 17:05:32.005292,0.0,0.0,0.0
2022-01-19 17:05:32.510491,0.0,0.0,0.0
2022-01-19 17:05:33.008096,0.0,0.0,0.0
2022-01-19 17:05:33.506191,0.0,0.0,0.0
2022-01-19 17:05:34.004326,0.0,0.0,0.0
2022-01-19 17:05:34.508155,0.0,0.0,0.0
2022-01-19 17:05:35.005436,0.0,0.0,0.0
2022-01-19 17:05:35.510738,0.0,0.0,0.0
2022-01-19 17:05:36.009856,0.0,0.0,0.0
2022-01-19 17:05:36.504997,0.0,0.0,0.0
2022-01-19 17:05:37.003910,0.0,0.0,0.0
2022-01-19 17:05:37.509616,0.0,0.0,0.0
2022-01-19 17:05:38.008435,0.0,0.0,0.0
2022-01-19 17:05:38.504549,0.0,0.0,0.0
2022-01-19 17:05:39.002652,0.0,0.0,0.0
2022-01-19 17:05:39.508085,0.0,0.0,0.0
2022-01-19 17:05:40.006262,0.0,0.0,0.0
2022-01-19 17:05:40.502411,0.0,0.0,0.0
2022-01-19 17:05:41.002777,0.0,0.0,0.0
2022-01-19 17:05:41.508897,0.0,0.0,0.0
2022-01-19 17:05:42.007292,0.0,0.0,0.0
2022-01-19 17:05:42.502710,0.0,0.0,0.0
2022-01-19 17:05:43.001847,0.0,0.0,0.0
2022-01-19 17:05:43.505779,0.0,0.0,0.0
2022-01-19 17:05:44.005487,0.0,0.0,0.0
2022-01-19 17:05:44.501987,0.0,0.0,0.0
2022-01-19 17:05:45.010058,0.0,0.0,0.0
2022-01-19 17:05:45.507316,0.0,0.0,0.0
2022-01-19 17:05:46.008018,0.0,0.0,0.0
2022-01-19 17:05:46.502164,0.0,0.0,0.0
2022-01-19 17:05:47.010728,0.0,0.0,0.0
2022-01-19 17:05:47.506094,0.0,0.0,0.0
2022-01-19 17:05:48.004350,0.0,0.0,0.0
2022-01-19 17:05:48.510379,0.0,0.0,0.0
2022-01-19 17:05:49.008677,0.0,0.0,0.0
2022-01-19 17:05:49.504267,0.0,0.0,0.0
2022-01-19 17:05:50.002974,0.0,0.0,0.0
2022-01-19 17:05:50.508276,0.0,0.0,0.0
2022-01-19 17:05:51.006873,0.0,0.0,0.0
2022-01-19 17:05:51.502746,0.0,0.0,0.0
2022-01-19 17:05:52.001371,0.0,0.0,0.0
2022-01-19 17:05:52.505772,0.0,0.0,0.0
2022-01-19 17:05:53.004468,0.0,0.0,0.0
2022-01-19 17:05:53.510344,0.0,0.0,0.0
2022-01-19 17:05:54.009233,0.0,0.0,0.0
2022-01-19 17:05:54.505785,0.0,0.0,0.0
2022-01-19 17:05:55.003277,0.0,0.0,0.0
2022-01-19 17:05:55.509989,0.0,0.0,0.0
2022-01-19 17:05:56.010122,0.0,0.0,0.0
2022-01-19 17:05:56.504396,0.0,0.0,0.0
2022-01-19 17:05:57.002600,0.0,0.0,0.0
2022-01-19 17:05:57.507242,0.0,0.0,0.0
2022-01-19 17:05:58.005148,0.0,0.0,0.0
2022-01-19 17:05:58.501351,0.0,0.0,0.0
2022-01-19 17:05:59.009349,0.0,0.0,0.0
2022-01-19 17:05:59.504502,0.0,0.0,0.0
2022-01-19 17:06:00.004639,0.0,0.0,0.0
2022-01-19 17:06:00.503363,0.0,0.0,0.0
2022-01-19 17:06:01.001967,0.0,0.0,0.0
2022-01-19 17:06:01.507842,0.0,0.0,0.0
2022-01-19 17:06:02.006111,0.0,0.0,0.0
2022-01-19 17:06:02.501827,0.0,0.0,0.0
2022-01-19 17:06:03.001308,0.0,0.0,0.0
2022-01-19 17:06:03.507228,0.0,0.0,0.0
2022-01-19 17:06:04.005319,0.0,0.0,0.0
2022-01-19 17:06:04.503183,0.0,0.0,0.0
2022-01-19 17:06:05.005898,0.0,0.0,0.0
2022-01-19 17:06:05.506007,0.0,0.0,0.0
2022-01-19 17:06:06.004706,0.0,0.0,0.0
2022-01-19 17:06:06.501534,0.0,0.0,0.0
2022-01-19 17:06:07.002431,0.0,0.0,0.0
2022-01-19 17:06:07.507433,0.0,0.0,0.0
2022-01-19 17:06:08.008137,0.0,0.0,0.0
2022-01-19 17:06:08.503031,0.0,0.0,0.0
2022-01-19 17:06:09.001920,0.0,0.0,0.0
2022-01-19 17:06:09.506775,0.0,0.0,0.0
2022-01-19 17:06:10.004776,0.0,0.0,0.0
2022-01-19 17:06:10.509742,0.0,0.0,0.0
2022-01-19 17:06:11.006397,0.0,0.0,0.0
2022-01-19 17:06:11.502155,0.0,0.0,0.0
2022-01-19 17:06:12.001709,0.0,0.0,0.0
2022-01-19 17:06:12.508274,0.0,0.0,0.0
2022-01-19 17:06:13.007517,0.0,0.0,0.0
2022-01-19 17:06:13.501667,0.0,0.0,0.0
2022-01-19 17:06:14.001145,0.0,0.0,0.0
2022-01-19 17:06:14.506152,0.0,0.0,0.0
2022-01-19 17:06:15.004599,0.0,0.0,0.0
2022-01-19 17:06:15.506796,0.0,0.0,0.0
2022-01-19 17:06:16.009800,0.0,0.0,0.0
2022-01-19 17:06:16.503862,0.0,0.0,0.0
2022-01-19 17:06:17.003527,0.0,0.0,0.0
2022-01-19 17:06:17.509401,0.0,0.0,0.0
2022-01-19 17:06:18.007400,0.0,0.0,0.0
2022-01-19 17:06:18.502744,0.0,0.0,0.0
2022-01-19 17:06:19.001039,0.0,0.0,0.0
2022-01-19 17:06:19.506234,0.0,0.0,0.0
2022-01-19 17:06:20.004236,0.0,0.0,0.0
2022-01-19 17:06:20.509164,0.0,0.0,0.0
2022-01-19 17:06:21.007675,0.0,0.0,0.0
2022-01-19 17:06:21.506604,0.0,0.0,0.0
2022-01-19 17:06:22.004617,0.0,0.0,0.0
2022-01-19 17:06:22.510689,0.0,0.0,0.0
2022-01-19 17:06:23.009831,0.0,0.0,0.0
2022-01-19 17:06:23.504123,0.0,0.0,0.0
2022-01-19 17:06:24.003381,0.0,0.0,0.0
2022-01-19 17:06:24.508364,0.0,0.0,0.0
2022-01-19 17:06:25.008005,0.0,0.0,0.0
2022-01-19 17:06:25.502607,0.0,0.0,0.0
2022-01-19 17:06:26.010423,0.0,0.0,0.0
2022-01-19 17:06:26.504422,0.0,0.0,0.0
2022-01-19 17:06:27.002389,0.0,0.0,0.0
2022-01-19 17:06:27.506922,0.0,0.0,0.0
2022-01-19 17:06:28.005413,0.0,0.0,0.0
2022-01-19 17:06:28.500991,0.0,0.0,0.0
2022-01-19 17:06:29.009146,0.0,0.0,0.0
2022-01-19 17:06:29.505722,0.0,0.0,0.0
2022-01-19 17:06:30.004586,0.0,0.0,0.0
2022-01-19 17:06:30.509122,0.0,0.0,12.2525
2022-01-19 17:06:31.007087,0.0,0.0,12.2525
2022-01-19 17:06:31.503949,0.0,0.0,-0.03864
2022-01-19 17:06:32.001998,0.0,0.0,-0.03864
2022-01-19 17:06:32.506956,0.0,0.0,-0.03864
2022-01-19 17:06:33.005445,0.0,0.0,-0.03864
2022-01-19 17:06:33.502272,0.0,0.0,-0.03864
2022-01-19 17:06:34.001751,0.0,0.0,-0.03864
2022-01-19 17:06:34.506786,0.0,0.0,-0.03864
2022-01-19 17:06:35.008567,0.0,0.0,-0.03864
2022-01-19 17:06:35.503983,0.0,0.0,-0.03864
2022-01-19 17:06:36.003496,0.0,0.0,-0.03864
2022-01-19 17:06:36.510976,0.0,0.0,-0.03864
2022-01-19 17:06:37.007971,0.0,0.0,-0.03864
2022-01-19 17:06:37.502113,0.0,0.0,-0.03864
2022-01-19 17:06:38.010620,0.0,0.0,-0.03864
2022-01-19 17:06:38.508009,0.0,0.0,0.0
2022-01-19 17:06:39.007393,0.0,0.0,0.0
2022-01-19 17:06:39.502256,0.0,0.0,-0.03864
2022-01-19 17:06:40.010480,0.0,0.0,-0.03864
2022-01-19 17:06:40.505688,0.0,0.0,0.0
2022-01-19 17:06:41.003615,0.0,0.0,0.0
2022-01-19 17:06:41.509339,0.0,0.0,0.0
2022-01-19 17:06:42.009191,0.0,0.0,0.0
2022-01-19 17:06:42.505325,0.0,0.0,0.0
2022-01-19 17:06:43.004024,0.0,0.0,0.0
2022-01-19 17:06:43.509167,0.0,0.0,-0.03864
2022-01-19 17:06:44.008196,0.0,0.0,-0.03864
2022-01-19 17:06:44.504045,0.0,0.0,0.0
2022-01-19 17:06:45.002778,0.0,0.0,0.0
2022-01-19 17:06:45.501071,0.0,0.0,0.0
2022-01-19 17:06:46.505497,0.0,0.0,0.0
2022-01-19 17:06:47.003705,0.0,0.0,0.0
2022-01-19 17:06:47.510081,0.0,0.0,-0.03864
2022-01-19 17:06:48.007805,0.0,0.0,-0.03864
2022-01-19 17:06:48.502177,0.0,0.0,0.0
2022-01-19 17:06:49.001873,0.0,0.0,0.0
2022-01-19 17:06:49.508126,0.0,0.0,0.0
2022-01-19 17:06:50.006494,0.0,0.0,0.0
2022-01-19 17:06:50.501097,0.0,0.0,0.0
2022-01-19 17:06:51.010629,0.0,0.0,0.0
2022-01-19 17:06:51.505437,0.0,0.0,0.0
2022-01-19 17:06:52.003192,0.0,0.0,0.0
2022-01-19 17:06:52.509990,0.0,0.0,0.0
2022-01-19 17:06:53.007578,0.0,0.0,0.0
2022-01-19 17:06:53.502316,0.0,0.0,0.0
2022-01-19 17:06:54.010610,0.0,0.0,0.0
2022-01-19 17:06:54.506776,0.0,0.0,0.0
2022-01-19 17:06:55.004800,0.0,0.0,0.0
2022-01-19 17:06:55.509340,0.0,0.0,0.0
2022-01-19 17:06:56.009796,0.0,0.0,0.0
2022-01-19 17:06:56.507394,0.0,0.0,0.0
2022-01-19 17:06:57.006657,0.0,0.0,0.0
2022-01-19 17:06:57.510449,0.0,0.0,0.0
2022-01-19 17:06:58.010285,0.0,0.0,0.0
2022-01-19 17:06:58.505016,0.0,0.0,0.0
2022-01-19 17:06:59.003351,0.0,0.0,0.0
2022-01-19 17:06:59.502319,0.0,0.0,0.0
2022-01-19 17:07:00.009997,0.0,0.0,0.0
2022-01-19 17:07:00.506168,0.0,0.0,0.0
2022-01-19 17:07:01.005132,0.0,0.0,0.0
2022-01-19 17:07:01.501323,0.0,0.0,0.0
2022-01-19 17:07:02.008680,0.0,0.0,0.0
2022-01-19 17:07:02.505821,0.0,0.0,0.0
2022-01-19 17:07:03.005917,0.0,0.0,0.0
2022-01-19 17:07:03.502992,0.0,0.0,0.0
2022-01-19 17:07:04.002941,0.0,0.0,0.0
2022-01-19 17:07:04.509360,0.0,0.0,0.0
2022-01-19 17:07:05.007417,0.0,0.0,0.0
2022-01-19 17:07:05.501793,0.0,0.0,0.0
2022-01-19 17:07:06.001535,0.0,0.0,0.0
2022-01-19 17:07:06.507371,0.0,0.0,0.0
2022-01-19 17:07:07.007204,0.0,0.0,0.0
2022-01-19 17:07:07.502418,0.0,0.0,0.0
2022-01-19 17:07:08.004869,0.0,0.0,0.0
2022-01-19 17:07:08.509310,0.0,0.0,0.0
2022-01-19 17:07:09.008385,0.0,0.0,0.0
2022-01-19 17:07:09.506776,0.0,0.0,0.0
2022-01-19 17:07:10.006382,0.0,0.0,0.0
2022-01-19 17:07:10.500997,0.0,0.0,0.0
2022-01-19 17:07:11.010413,0.0,0.0,0.0
2022-01-19 17:07:11.506235,0.0,0.0,0.0
2022-01-19 17:07:12.005644,0.0,0.0,0.0
2022-01-19 17:07:12.505094,0.0,0.0,0.0
2022-01-19 17:07:13.005492,0.0,0.0,0.0
2022-01-19 17:07:13.510366,0.0,0.0,0.0
2022-01-19 17:07:14.009064,0.0,0.0,0.0
2022-01-19 17:07:14.504012,0.0,0.0,0.0
2022-01-19 17:07:15.002439,0.0,0.0,0.0
2022-01-19 17:07:15.507671,0.0,0.0,0.0
2022-01-19 17:07:16.006227,0.0,0.0,0.0
2022-01-19 17:07:16.504646,0.0,0.0,0.0
2022-01-19 17:07:17.002339,0.0,0.0,0.0
2022-01-19 17:07:17.507739,0.0,0.0,0.0
2022-01-19 17:07:18.007452,0.0,0.0,0.0
2022-01-19 17:07:18.504014,0.0,0.0,0.0
2022-01-19 17:07:19.001734,0.0,0.0,0.0
2022-01-19 17:07:19.506592,0.0,0.0,0.0
2022-01-19 17:07:20.005459,0.0,0.0,0.0
2022-01-19 17:07:20.501148,0.0,0.0,0.0
2022-01-19 17:07:21.009764,0.0,0.0,0.0
2022-01-19 17:07:21.504118,0.0,0.0,0.0
2022-01-19 17:07:22.001928,0.0,0.0,0.0
2022-01-19 17:07:22.507818,0.0,0.0,0.0
2022-01-19 17:07:23.006904,0.0,0.0,0.0
2022-01-19 17:07:23.502427,0.0,0.0,0.0
2022-01-19 17:07:24.010775,0.0,0.0,0.0
2022-01-19 17:07:24.505005,0.0,0.0,0.0
2022-01-19 17:07:25.002330,0.0,0.0,0.0
2022-01-19 17:07:25.507005,0.0,0.0,0.0
2022-01-19 17:07:26.001702,0.0,0.0,0.0
2022-01-19 17:07:26.506810,0.0,0.0,0.0
2022-01-19 17:07:27.005759,0.0,0.0,0.0
2022-01-19 17:07:27.501482,0.0,0.0,0.0
2022-01-19 17:07:28.010562,0.0,0.0,0.0
2022-01-19 17:07:28.508068,0.0,0.0,0.0
2022-01-19 17:07:29.005384,0.0,0.0,0.0
2022-01-19 17:07:29.510079,0.0,0.0,0.0
2022-01-19 17:07:30.010785,0.0,0.0,0.0
2022-01-19 17:07:30.508100,0.0,0.0,-0.03864
2022-01-19 17:07:31.005761,0.0,0.0,-0.03864
2022-01-19 17:07:31.510490,0.0,0.0,-0.03864
2022-01-19 17:07:32.008756,0.0,0.0,-0.03864
2022-01-19 17:07:32.504005,0.0,0.0,0.0
2022-01-19 17:07:33.001911,0.0,0.0,0.0
2022-01-19 17:07:33.509494,0.0,0.0,0.0
2022-01-19 17:07:34.007675,0.0,0.0,0.0
2022-01-19 17:07:34.502344,0.0,0.0,0.0
2022-01-19 17:07:35.010058,0.0,0.0,0.0
2022-01-19 17:07:35.505060,0.0,0.0,0.0
2022-01-19 17:07:36.002658,0.0,0.0,0.0
2022-01-19 17:07:36.507508,0.0,0.0,0.0
2022-01-19 17:07:37.005019,0.0,0.0,0.0
2022-01-19 17:07:37.509726,0.0,0.0,0.0
2022-01-19 17:07:38.008143,0.0,0.0,0.0
2022-01-19 17:07:38.503185,0.0,0.0,0.0
2022-01-19 17:07:39.003986,0.0,0.0,0.0
2022-01-19 17:07:39.510313,0.0,0.0,0.0
2022-01-19 17:07:40.007708,0.0,0.0,0.0
2022-01-19 17:07:40.503165,0.0,0.0,0.0
2022-01-19 17:07:41.001134,0.0,0.0,0.0
2022-01-19 17:07:41.506476,0.0,0.0,0.0
2022-01-19 17:07:42.004437,0.0,0.0,0.0
2022-01-19 17:07:42.510691,0.0,0.0,0.0
2022-01-19 17:07:43.008304,0.0,0.0,0.0
2022-01-19 17:07:43.504669,0.0,0.0,0.0
2022-01-19 17:07:44.002895,0.0,0.0,0.0
2022-01-19 17:07:44.507696,0.0,0.0,0.0
2022-01-19 17:07:45.007071,0.0,0.0,0.0
2022-01-19 17:07:45.505033,0.0,0.0,0.0
2022-01-19 17:07:46.004163,0.0,0.0,0.0
2022-01-19 17:07:46.508674,0.0,0.0,0.0
2022-01-19 17:07:47.008745,0.0,0.0,0.0
2022-01-19 17:07:47.505830,0.0,0.0,0.0
2022-01-19 17:07:48.004194,0.0,0.0,0.0
2022-01-19 17:07:48.510107,0.0,0.0,0.0
2022-01-19 17:07:49.008409,0.0,0.0,0.0
2022-01-19 17:07:49.505961,0.0,0.0,0.0
2022-01-19 17:07:50.003340,0.0,0.0,0.0
2022-01-19 17:07:50.502795,0.0,0.0,-0.03864
2022-01-19 17:07:51.011160,0.0,0.0,-0.03864
2022-01-19 17:07:51.507054,0.0,0.0,-0.03864
2022-01-19 17:07:52.005553,0.0,0.0,-0.03864
2022-01-19 17:07:52.510086,0.0,0.0,0.0
2022-01-19 17:07:53.008616,0.0,0.0,0.0
2022-01-19 17:07:53.503886,0.0,0.0,0.0
2022-01-19 17:07:54.003579,0.0,0.0,0.0
2022-01-19 17:07:54.509817,0.0,0.0,0.0
2022-01-19 17:07:55.008152,0.0,0.0,0.0
2022-01-19 17:07:55.504717,0.0,0.0,0.0
2022-01-19 17:07:56.006123,0.0,0.0,0.0
2022-01-19 17:07:56.501721,0.0,0.0,0.0
2022-01-19 17:07:57.010644,0.0,0.0,0.0
2022-01-19 17:07:57.509082,0.0,0.0,0.0
2022-01-19 17:07:58.006341,0.0,0.0,0.0
2022-01-19 17:07:58.511022,0.0,0.0,0.0
2022-01-19 17:07:59.008278,0.0,0.0,0.0
2022-01-19 17:07:59.502944,0.0,0.0,0.0
2022-01-19 17:08:00.010977,0.0,0.0,0.0
2022-01-19 17:08:00.506613,0.0,0.0,0.0
2022-01-19 17:08:01.004073,0.0,0.0,0.0
2022-01-19 17:08:01.510185,0.0,0.0,-0.03864
2022-01-19 17:08:02.008056,0.0,0.0,-0.03864
2022-01-19 17:08:02.503005,0.0,0.0,0.0
2022-01-19 17:08:03.010733,0.0,0.0,0.0
2022-01-19 17:08:03.507320,0.0,0.0,0.0
2022-01-19 17:08:04.004390,0.0,0.0,0.0
2022-01-19 17:08:04.509278,0.0,0.0,0.0
2022-01-19 17:08:05.009655,0.0,0.0,0.0
2022-01-19 17:08:05.505106,0.0,0.0,0.0
2022-01-19 17:08:06.003516,0.0,0.0,0.0
2022-01-19 17:08:06.507760,0.0,0.0,0.0
2022-01-19 17:08:07.004449,0.0,0.0,0.0
2022-01-19 17:08:07.509915,0.0,0.0,0.0
2022-01-19 17:08:08.008842,0.0,0.0,0.0
2022-01-19 17:08:08.508131,0.0,0.0,0.0
2022-01-19 17:08:09.007431,0.0,0.0,0.0
2022-01-19 17:08:09.501346,0.0,0.0,0.0
2022-01-19 17:08:10.009848,0.0,0.0,0.0
2022-01-19 17:08:10.505484,0.0,0.0,0.0
2022-01-19 17:08:11.011183,0.0,0.0,0.0
2022-01-19 17:08:11.506757,0.0,0.0,0.0
2022-01-19 17:08:12.005408,0.0,0.0,0.0
2022-01-19 17:08:12.502417,0.0,0.0,0.0
2022-01-19 17:08:13.505255,0.0,0.0,0.0
2022-01-19 17:08:14.003880,0.0,0.0,0.0
2022-01-19 17:08:14.509920,0.0,0.0,0.0
2022-01-19 17:08:15.007973,0.0,0.0,0.0
2022-01-19 17:08:15.505120,0.0,0.0,0.0
2022-01-19 17:08:16.003994,0.0,0.0,0.0
2022-01-19 17:08:16.509686,0.0,0.0,0.0
2022-01-19 17:08:17.001776,0.0,0.0,0.0
2022-01-19 17:08:17.505929,0.0,0.0,0.0
2022-01-19 17:08:18.003339,0.0,0.0,0.0
2022-01-19 17:08:18.510272,0.0,0.0,0.0
2022-01-19 17:08:19.008888,0.0,0.0,0.0
2022-01-19 17:08:19.505256,0.0,0.0,0.0
2022-01-19 17:08:20.004421,0.0,0.0,0.0
2022-01-19 17:08:20.509645,0.0,0.0,0.0
2022-01-19 17:08:21.007488,0.0,0.0,0.0
2022-01-19 17:08:21.501202,0.0,0.0,0.0
2022-01-19 17:08:22.010561,0.0,0.0,0.0
2022-01-19 17:08:22.506760,0.0,0.0,0.0
2022-01-19 17:08:23.003666,0.0,0.0,0.0
2022-01-19 17:08:23.510644,0.0,0.0,0.0
2022-01-19 17:08:24.007460,0.0,0.0,0.0
2022-01-19 17:08:24.502339,0.0,0.0,0.0
2022-01-19 17:08:25.001023,0.0,0.0,0.0
2022-01-19 17:08:25.507259,0.0,0.0,0.0
2022-01-19 17:08:26.007996,0.0,0.0,0.0
2022-01-19 17:08:26.503292,0.0,0.0,0.0
2022-01-19 17:08:27.001715,0.0,0.0,0.0
2022-01-19 17:08:27.505686,0.0,0.0,0.0
2022-01-19 17:08:28.002733,0.0,0.0,0.0
2022-01-19 17:08:28.506888,0.0,0.0,0.0
2022-01-19 17:08:29.005693,0.0,0.0,0.0
2022-01-19 17:08:29.510760,0.0,0.0,0.0
2022-01-19 17:08:30.009796,0.0,0.0,0.0
2022-01-19 17:08:30.504610,0.0,0.0,0.0
2022-01-19 17:08:31.002081,0.0,0.0,0.0
2022-01-19 17:08:31.508548,0.0,0.0,0.0
2022-01-19 17:08:32.007020,0.0,0.0,0.0
2022-01-19 17:08:32.501007,0.0,0.0,0.0
2022-01-19 17:08:33.001304,0.0,0.0,0.0
2022-01-19 17:08:33.505902,0.0,0.0,0.0
2022-01-19 17:08:34.003181,0.0,0.0,0.0
2022-01-19 17:08:34.508298,0.0,0.0,-0.03864
2022-01-19 17:08:35.006559,0.0,0.0,-0.03864
2022-01-19 17:08:35.501268,0.0,0.0,0.0
2022-01-19 17:08:36.011135,0.0,0.0,0.0
2022-01-19 17:08:36.508459,0.0,0.0,0.0
2022-01-19 17:08:37.001775,0.0,0.0,0.0
2022-01-19 17:08:37.508447,0.0,0.0,0.0
2022-01-19 17:08:38.006846,0.0,0.0,0.0
2022-01-19 17:08:38.503158,0.0,0.0,0.0
2022-01-19 17:08:39.001272,0.0,0.0,0.0
2022-01-19 17:08:39.507703,0.0,0.0,0.0
2022-01-19 17:08:40.006670,0.0,0.0,0.0
2022-01-19 17:08:40.501508,0.0,0.0,0.0
2022-01-19 17:08:41.011035,0.0,0.0,0.0
2022-01-19 17:08:41.506913,0.0,0.0,0.0
2022-01-19 17:08:42.005093,0.0,0.0,0.0
2022-01-19 17:08:42.504748,0.0,0.0,0.0
2022-01-19 17:08:43.003532,0.0,0.0,0.0
2022-01-19 17:08:43.501907,0.0,0.0,0.0
2022-01-19 17:08:44.010225,0.0,0.0,0.0
2022-01-19 17:08:44.506230,0.0,0.0,0.0
2022-01-19 17:08:45.002269,0.0,0.0,0.0
2022-01-19 17:08:45.507992,0.0,0.0,0.0
2022-01-19 17:08:46.006335,0.0,0.0,0.0
2022-01-19 17:08:46.510831,0.0,0.0,0.0
2022-01-19 17:08:47.008433,0.0,0.0,0.0
2022-01-19 17:08:47.502758,0.0,0.0,0.0
2022-01-19 17:08:48.009847,0.0,0.0,0.0
2022-01-19 17:08:48.503696,0.0,0.0,0.0
2022-01-19 17:08:49.004478,0.0,0.0,0.0
2022-01-19 17:08:49.501157,0.0,0.0,0.0
2022-01-19 17:08:50.009027,0.0,0.0,0.0
2022-01-19 17:08:50.505870,0.0,0.0,0.0
2022-01-19 17:08:51.005476,0.0,0.0,0.0
2022-01-19 17:08:51.510364,0.0,0.0,0.0
2022-01-19 17:08:52.007923,0.0,0.0,0.0
2022-01-19 17:08:52.502105,0.0,0.0,0.0
2022-01-19 17:08:53.009053,0.0,0.0,0.0
2022-01-19 17:08:53.507915,0.0,0.0,0.0
2022-01-19 17:08:54.005426,0.0,0.0,0.0
2022-01-19 17:08:54.502772,0.0,0.0,0.0
2022-01-19 17:08:55.010359,0.0,0.0,0.0
2022-01-19 17:08:55.506001,0.0,0.0,0.0
2022-01-19 17:08:56.004450,0.0,0.0,0.0
2022-01-19 17:08:56.510600,0.0,0.0,0.0
2022-01-19 17:08:57.008693,0.0,0.0,0.0
2022-01-19 17:08:57.503745,0.0,0.0,0.0
2022-01-19 17:08:58.001643,0.0,0.0,0.0
2022-01-19 17:08:58.507163,0.0,0.0,0.0
2022-01-19 17:08:59.005091,0.0,0.0,0.0
2022-01-19 17:08:59.510348,0.0,0.0,0.0
2022-01-19 17:09:00.009311,0.0,0.0,0.0
2022-01-19 17:09:00.507657,0.0,0.0,0.0
2022-01-19 17:09:01.005561,0.0,0.0,0.0
2022-01-19 17:09:01.511175,0.0,0.0,0.0
2022-01-19 17:09:02.008609,0.0,0.0,0.0
2022-01-19 17:09:02.502967,0.0,0.0,0.0
2022-01-19 17:09:03.001430,0.0,0.0,0.0
2022-01-19 17:09:03.508749,0.0,0.0,0.0
2022-01-19 17:09:04.007725,0.0,0.0,0.0
2022-01-19 17:09:04.501873,0.0,0.0,0.0
2022-01-19 17:09:05.001140,0.0,0.0,0.0
2022-01-19 17:09:05.503635,0.0,0.0,0.0
2022-01-19 17:09:06.001271,0.0,0.0,0.0
2022-01-19 17:09:06.503917,0.0,0.0,0.0
2022-01-19 17:09:07.003531,0.0,0.0,0.0
2022-01-19 17:09:07.509193,0.0,0.0,0.0
2022-01-19 17:09:08.007304,0.0,0.0,0.0
2022-01-19 17:09:08.501850,0.0,0.0,0.0
2022-01-19 17:09:09.009963,0.0,0.0,0.0
2022-01-19 17:09:09.506264,0.0,0.0,0.0
2022-01-19 17:09:10.004469,0.0,0.0,0.0
2022-01-19 17:09:10.502226,0.0,0.0,0.0
2022-01-19 17:09:11.006881,0.0,0.0,0.0
2022-01-19 17:09:11.501415,0.0,0.0,0.0
2022-01-19 17:09:12.008781,0.0,0.0,0.0
2022-01-19 17:09:12.503304,0.0,0.0,0.0
2022-01-19 17:09:13.505293,0.0,0.0,0.0
2022-01-19 17:09:14.002951,0.0,0.0,0.0
2022-01-19 17:09:14.509884,0.0,0.0,0.0
2022-01-19 17:09:15.009781,0.0,0.0,0.0
2022-01-19 17:09:15.505972,0.0,0.0,0.0
2022-01-19 17:09:16.003919,0.0,0.0,0.0
2022-01-19 17:09:16.508548,0.0,0.0,0.0
2022-01-19 17:09:17.007931,0.0,0.0,0.0
2022-01-19 17:09:17.503821,0.0,0.0,0.0
2022-01-19 17:09:18.002742,0.0,0.0,0.0
2022-01-19 17:09:18.509414,0.0,0.0,0.0
2022-01-19 17:09:19.007340,0.0,0.0,0.0
2022-01-19 17:09:19.502358,0.0,0.0,0.0
2022-01-19 17:09:20.010534,0.0,0.0,0.0
2022-01-19 17:09:20.505828,0.0,0.0,0.0
2022-01-19 17:09:21.005415,0.0,0.0,0.0
2022-01-19 17:09:21.501936,0.0,0.0,0.0
2022-01-19 17:09:22.010202,0.0,0.0,0.0
2022-01-19 17:09:22.504878,0.0,0.0,0.0
2022-01-19 17:09:23.002660,0.0,0.0,0.0
2022-01-19 17:09:23.510106,0.0,0.0,0.0
2022-01-19 17:09:24.008758,0.0,0.0,0.0
2022-01-19 17:09:24.504572,0.0,0.0,0.0
2022-01-19 17:09:25.002481,0.0,0.0,0.0
2022-01-19 17:09:25.507690,0.0,0.0,0.0
2022-01-19 17:09:26.004671,0.0,0.0,0.0
2022-01-19 17:09:26.509390,0.0,0.0,0.0
2022-01-19 17:09:27.007348,0.0,0.0,0.0
2022-01-19 17:09:27.506940,0.0,0.0,0.0
2022-01-19 17:09:28.006699,0.0,0.0,0.0
2022-01-19 17:09:28.501085,0.0,0.0,0.0
2022-01-19 17:09:29.010775,0.0,0.0,0.0
2022-01-19 17:09:29.508477,0.0,0.0,0.0
2022-01-19 17:09:30.006435,0.0,0.0,0.0
2022-01-19 17:09:30.501826,0.0,0.0,0.0
2022-01-19 17:09:31.010318,0.0,0.0,0.0
2022-01-19 17:09:31.507283,0.0,0.0,0.0
2022-01-19 17:09:32.005106,0.0,0.0,0.0
2022-01-19 17:09:32.510277,0.0,0.0,0.0
2022-01-19 17:09:33.007082,0.0,0.0,0.0
2022-01-19 17:09:33.502378,0.0,0.0,0.0
2022-01-19 17:09:34.009868,0.0,0.0,0.0
2022-01-19 17:09:34.504877,0.0,0.0,0.0
2022-01-19 17:09:35.002291,0.0,0.0,0.0
2022-01-19 17:09:35.506853,0.0,0.0,0.0
2022-01-19 17:09:36.004689,0.0,0.0,0.0
2022-01-19 17:09:36.510605,0.0,0.0,0.0
2022-01-19 17:09:37.008740,0.0,0.0,0.0
2022-01-19 17:09:37.505158,0.0,0.0,0.0
2022-01-19 17:09:38.004316,0.0,0.0,0.0
2022-01-19 17:09:38.509264,0.0,0.0,0.0
2022-01-19 17:09:39.007794,0.0,0.0,0.0
2022-01-19 17:09:39.501664,0.0,0.0,0.0
2022-01-19 17:09:40.010358,0.0,0.0,0.0
2022-01-19 17:09:40.507019,0.0,0.0,0.0
2022-01-19 17:09:41.005766,0.0,0.0,0.0
2022-01-19 17:09:41.502025,0.0,0.0,0.0
2022-01-19 17:09:42.009505,0.0,0.0,0.0
2022-01-19 17:09:42.504913,0.0,0.0,0.0
2022-01-19 17:09:43.001930,0.0,0.0,0.0
2022-01-19 17:09:43.506934,0.0,0.0,0.0
2022-01-19 17:09:44.005096,0.0,0.0,0.0
2022-01-19 17:09:44.509866,0.0,0.0,0.0
2022-01-19 17:09:45.009921,0.0,0.0,0.0
2022-01-19 17:09:45.506728,0.0,0.0,0.0
2022-01-19 17:09:46.005497,0.0,0.0,0.0
2022-01-19 17:09:46.508771,0.0,0.0,0.0
2022-01-19 17:09:47.006595,0.0,0.0,0.0
2022-01-19 17:09:47.501908,0.0,0.0,0.0
2022-01-19 17:09:48.001252,0.0,0.0,0.0
2022-01-19 17:09:48.509304,0.0,0.0,0.0
2022-01-19 17:09:49.007481,0.0,0.0,0.0
2022-01-19 17:09:49.503008,0.0,0.0,0.0
2022-01-19 17:09:50.003298,0.0,0.0,0.0
2022-01-19 17:09:50.508286,0.0,0.0,0.0
2022-01-19 17:09:51.006712,0.0,0.0,0.0
2022-01-19 17:09:51.510975,0.0,0.0,0.0
2022-01-19 17:09:52.009267,0.0,0.0,0.0
2022-01-19 17:09:52.504394,0.0,0.0,0.0
2022-01-19 17:09:53.002629,0.0,0.0,0.0
2022-01-19 17:09:53.508891,0.0,0.0,0.0
2022-01-19 17:09:54.006976,0.0,0.0,0.0
2022-01-19 17:09:54.501863,0.0,0.0,0.0
2022-01-19 17:09:55.001803,0.0,0.0,0.0
2022-01-19 17:09:55.507280,0.0,0.0,0.0
2022-01-19 17:09:56.005481,0.0,0.0,0.0
2022-01-19 17:09:56.501464,0.0,0.0,0.0
2022-01-19 17:09:57.010274,0.0,0.0,0.0
2022-01-19 17:09:57.510102,0.0,0.0,0.0
2022-01-19 17:09:58.008114,0.0,0.0,0.0
2022-01-19 17:09:58.503866,0.0,0.0,0.0
2022-01-19 17:09:59.001031,0.0,0.0,0.0
2022-01-19 17:09:59.506131,0.0,0.0,0.0
2022-01-19 17:10:00.003983,0.0,0.0,0.0
2022-01-19 17:10:00.507693,0.0,0.0,0.0
2022-01-19 17:10:01.006761,0.0,0.0,0.0
2022-01-19 17:10:01.502780,0.0,0.0,0.0
2022-01-19 17:10:02.001247,0.0,0.0,0.0
2022-01-19 17:10:02.504950,0.0,0.0,0.0
2022-01-19 17:10:03.002716,0.0,0.0,0.0
2022-01-19 17:10:03.508060,0.0,0.0,0.0
2022-01-19 17:10:04.009294,0.0,0.0,0.0
2022-01-19 17:10:04.503173,0.0,0.0,0.0
2022-01-19 17:10:05.001791,0.0,0.0,0.0
2022-01-19 17:10:05.507612,0.0,0.0,0.0
2022-01-19 17:10:06.006621,0.0,0.0,0.0
2022-01-19 17:10:06.501766,0.0,0.0,0.0
2022-01-19 17:10:07.009781,0.0,0.0,0.0
2022-01-19 17:10:07.505774,0.0,0.0,0.0
2022-01-19 17:10:08.003758,0.0,0.0,0.0
2022-01-19 17:10:08.509896,0.0,0.0,0.0
2022-01-19 17:10:09.008136,0.0,0.0,0.0
2022-01-19 17:10:09.503567,0.0,0.0,0.0
2022-01-19 17:10:10.001939,0.0,0.0,0.0
2022-01-19 17:10:10.506150,0.0,0.0,0.0
2022-01-19 17:10:11.003896,0.0,0.0,0.0
2022-01-19 17:10:11.507869,0.0,0.0,0.0
2022-01-19 17:10:12.007261,0.0,0.0,0.0
2022-01-19 17:10:12.503292,0.0,0.0,0.0
2022-01-19 17:10:13.002203,0.0,0.0,0.0
2022-01-19 17:10:13.507570,0.0,0.0,0.0
2022-01-19 17:10:14.006514,0.0,0.0,0.0
2022-01-19 17:10:14.501075,0.0,0.0,0.0
2022-01-19 17:10:15.010335,0.0,0.0,0.0
2022-01-19 17:10:15.505917,0.0,0.0,0.0
2022-01-19 17:10:16.003301,0.0,0.0,0.0
2022-01-19 17:10:16.508480,0.0,0.0,0.0
2022-01-19 17:10:17.006659,0.0,0.0,0.0
2022-01-19 17:10:17.501827,0.0,0.0,0.0
2022-01-19 17:10:18.010441,0.0,0.0,0.0
2022-01-19 17:10:18.506418,0.0,0.0,0.0
2022-01-19 17:10:19.005079,0.0,0.0,0.0
2022-01-19 17:10:19.511108,0.0,0.0,0.0
2022-01-19 17:10:20.008855,0.0,0.0,0.0
2022-01-19 17:10:20.506125,0.0,0.0,0.0
2022-01-19 17:10:21.004219,0.0,0.0,0.0
2022-01-19 17:10:21.510294,0.0,0.0,0.0
2022-01-19 17:10:22.002474,0.0,0.0,0.0
2022-01-19 17:10:22.509718,0.0,0.0,0.0
2022-01-19 17:10:23.004572,0.0,0.0,0.0
2022-01-19 17:10:23.501080,0.0,0.0,0.0
2022-01-19 17:10:24.005254,0.0,0.0,0.0
2022-01-19 17:10:24.502793,0.0,0.0,0.0
2022-01-19 17:10:25.002302,0.0,0.0,0.0
2022-01-19 17:10:25.503683,0.0,0.0,0.0
2022-01-19 17:10:26.001397,0.0,0.0,0.0
2022-01-19 17:10:26.508535,0.0,0.0,0.0
2022-01-19 17:10:27.006784,0.0,0.0,0.0
2022-01-19 17:10:27.510526,0.0,0.0,0.0
2022-01-19 17:10:28.009414,0.0,0.0,0.0
2022-01-19 17:10:28.503839,0.0,0.0,0.0
2022-01-19 17:10:29.002046,0.0,0.0,0.0
2022-01-19 17:10:29.507430,0.0,0.0,0.0
2022-01-19 17:10:30.007182,0.0,0.0,0.0
2022-01-19 17:10:30.511063,0.0,0.0,0.0
2022-01-19 17:10:31.009020,0.0,0.0,0.0
2022-01-19 17:10:31.503241,0.0,0.0,0.0
2022-01-19 17:10:32.002248,0.0,0.0,0.0
2022-01-19 17:10:32.508365,0.0,0.0,0.0
2022-01-19 17:10:33.007326,0.0,0.0,0.0
2022-01-19 17:10:33.501445,0.0,0.0,0.0
2022-01-19 17:10:34.004982,0.0,0.0,0.0
2022-01-19 17:10:34.503429,0.0,0.0,0.0
2022-01-19 17:10:35.002090,0.0,0.0,0.0
2022-01-19 17:10:35.510552,0.0,0.0,0.0
2022-01-19 17:10:36.007909,0.0,0.0,0.0
2022-01-19 17:10:36.502409,0.0,0.0,0.0
2022-01-19 17:10:37.010416,0.0,0.0,0.0
2022-01-19 17:10:37.505217,0.0,0.0,0.0
2022-01-19 17:10:38.002818,0.0,0.0,0.0
2022-01-19 17:10:38.507942,0.0,0.0,0.0
2022-01-19 17:10:39.005413,0.0,0.0,0.0
2022-01-19 17:10:39.501076,0.0,0.0,0.0
2022-01-19 17:10:40.009921,0.0,0.0,0.0
2022-01-19 17:10:40.506478,0.0,0.0,0.0
2022-01-19 17:10:41.006268,0.0,0.0,0.0
2022-01-19 17:10:41.501072,0.0,0.0,0.0
2022-01-19 17:10:42.009091,0.0,0.0,0.0
2022-01-19 17:10:42.505959,0.0,0.0,0.0
2022-01-19 17:10:43.004418,0.0,0.0,0.0
2022-01-19 17:10:43.509614,0.0,0.0,0.0
2022-01-19 17:10:44.008748,0.0,0.0,0.0
2022-01-19 17:10:44.504249,0.0,0.0,0.0
2022-01-19 17:10:45.002827,0.0,0.0,0.0
2022-01-19 17:10:45.510338,0.0,0.0,0.0
2022-01-19 17:10:46.007853,0.0,0.0,0.0
2022-01-19 17:10:46.503379,0.0,0.0,0.0
2022-01-19 17:10:47.002285,0.0,0.0,0.0
2022-01-19 17:10:47.506978,0.0,0.0,0.0
2022-01-19 17:10:48.005347,0.0,0.0,0.0
2022-01-19 17:10:48.510730,0.0,0.0,0.0
2022-01-19 17:10:49.011056,0.0,0.0,0.0
2022-01-19 17:10:49.506366,0.0,0.0,0.0
2022-01-19 17:10:50.004846,0.0,0.0,0.0
2022-01-19 17:10:50.508991,0.0,0.0,0.0
2022-01-19 17:10:51.007246,0.0,0.0,0.0
2022-01-19 17:10:51.511013,0.0,0.0,0.0
2022-01-19 17:10:52.009447,0.0,0.0,0.0
2022-01-19 17:10:52.505140,0.0,0.0,0.0
2022-01-19 17:10:53.004954,0.0,0.0,0.0
2022-01-19 17:10:53.511027,0.0,0.0,0.0
2022-01-19 17:10:54.009762,0.0,0.0,0.0
2022-01-19 17:10:54.505453,0.0,0.0,0.0
2022-01-19 17:10:55.003518,0.0,0.0,0.0
2022-01-19 17:10:55.507637,0.0,0.0,0.0
2022-01-19 17:10:56.006487,0.0,0.0,0.0
2022-01-19 17:10:56.502040,0.0,0.0,0.0
2022-01-19 17:10:57.010234,0.0,0.0,0.0
2022-01-19 17:10:57.506634,0.0,0.0,0.0
2022-01-19 17:10:58.004749,0.0,0.0,0.0
2022-01-19 17:10:58.508635,0.0,0.0,0.0
2022-01-19 17:10:59.006177,0.0,0.0,0.0
2022-01-19 17:10:59.502735,0.0,0.0,0.0
2022-01-19 17:11:00.001723,0.0,0.0,0.0
2022-01-19 17:11:00.509221,0.0,0.0,0.0
2022-01-19 17:11:01.008585,0.0,0.0,0.0
2022-01-19 17:11:01.504070,0.0,0.0,0.0
2022-01-19 17:11:02.010093,0.0,0.0,0.0
2022-01-19 17:11:02.505773,0.0,0.0,0.0
2022-01-19 17:11:03.004806,0.0,0.0,0.0
2022-01-19 17:11:03.509815,0.0,0.0,0.0
2022-01-19 17:11:04.008239,0.0,0.0,0.0
2022-01-19 17:11:04.503295,0.0,0.0,0.0
2022-01-19 17:11:05.001162,0.0,0.0,0.0
2022-01-19 17:11:05.506899,0.0,0.0,0.0
2022-01-19 17:11:06.004961,0.0,0.0,0.0
2022-01-19 17:11:06.501507,0.0,0.0,0.0
2022-01-19 17:11:07.009920,0.0,0.0,0.0
2022-01-19 17:11:07.505118,0.0,0.0,0.0
2022-01-19 17:11:08.002148,0.0,0.0,0.0
2022-01-19 17:11:08.505206,0.0,0.0,0.0
2022-01-19 17:11:09.004586,0.0,0.0,0.0
2022-01-19 17:11:09.501940,0.0,0.0,0.0
2022-01-19 17:11:10.010293,0.0,0.0,0.0
2022-01-19 17:11:10.504257,0.0,0.0,0.0
2022-01-19 17:11:11.010481,0.0,0.0,0.0
2022-01-19 17:11:11.503810,0.0,0.0,0.0
2022-01-19 17:11:12.011172,0.0,0.0,0.0
2022-01-19 17:11:12.506488,0.0,0.0,0.0
2022-01-19 17:11:13.005331,0.0,0.0,0.0
2022-01-19 17:11:13.508529,0.0,0.0,0.0
2022-01-19 17:11:14.006274,0.0,0.0,0.0
2022-01-19 17:11:14.501208,0.0,0.0,0.0
2022-01-19 17:11:15.505311,0.0,0.0,0.0
2022-01-19 17:11:16.002724,0.0,0.0,0.0
2022-01-19 17:11:16.507227,0.0,0.0,0.0
2022-01-19 17:11:17.006802,0.0,0.0,0.0
2022-01-19 17:11:17.510676,0.0,0.0,0.0
2022-01-19 17:11:18.002188,0.0,0.0,0.0
2022-01-19 17:11:18.507346,0.0,0.0,0.0
2022-01-19 17:11:19.005741,0.0,0.0,0.0
2022-01-19 17:11:19.501275,0.0,0.0,0.0
2022-01-19 17:11:20.010478,0.0,0.0,0.0
2022-01-19 17:11:20.506287,0.0,0.0,0.0
2022-01-19 17:11:21.004606,0.0,0.0,0.0
2022-01-19 17:11:21.510152,0.0,0.0,0.0
2022-01-19 17:11:22.007931,0.0,0.0,0.0
2022-01-19 17:11:22.503150,0.0,0.0,0.0
2022-01-19 17:11:23.001528,0.0,0.0,0.0
2022-01-19 17:11:23.506465,0.0,0.0,0.0
2022-01-19 17:11:24.004418,0.0,0.0,0.0
2022-01-19 17:11:24.502289,0.0,0.0,0.0
2022-01-19 17:11:25.009701,0.0,0.0,0.0
2022-01-19 17:11:25.505131,0.0,0.0,0.0
2022-01-19 17:11:26.003225,0.0,0.0,0.0
2022-01-19 17:11:26.508240,0.0,0.0,0.0
2022-01-19 17:11:27.007564,0.0,0.0,0.0
2022-01-19 17:11:27.503641,0.0,0.0,0.0
2022-01-19 17:11:28.001945,0.0,0.0,0.0
2022-01-19 17:11:28.507638,0.0,0.0,0.0
2022-01-19 17:11:29.007310,0.0,0.0,0.0
2022-01-19 17:11:29.502891,0.0,0.0,0.0
2022-01-19 17:11:30.002087,0.0,0.0,0.0
2022-01-19 17:11:30.508835,0.0,0.0,0.0
2022-01-19 17:11:31.007322,0.0,0.0,0.0
2022-01-19 17:11:31.503014,0.0,0.0,0.0
2022-01-19 17:11:32.001999,0.0,0.0,0.0
2022-01-19 17:11:32.501224,0.0,0.0,0.0
2022-01-19 17:11:33.009431,0.0,0.0,0.0
2022-01-19 17:11:33.504251,0.0,0.0,0.0
2022-01-19 17:11:34.011028,0.0,0.0,0.0
2022-01-19 17:11:34.506780,0.0,0.0,0.0
2022-01-19 17:11:35.007035,0.0,0.0,0.0
2022-01-19 17:11:35.503439,0.0,0.0,0.0
2022-01-19 17:11:36.002599,0.0,0.0,0.0
2022-01-19 17:11:36.509025,0.0,0.0,0.0
2022-01-19 17:11:37.006278,0.0,0.0,0.0
2022-01-19 17:11:37.510783,0.0,0.0,0.0
2022-01-19 17:11:38.008737,0.0,0.0,0.0
2022-01-19 17:11:38.505457,0.0,0.0,0.0
2022-01-19 17:11:39.004750,0.0,0.0,0.0
2022-01-19 17:11:39.509823,0.0,0.0,0.0
2022-01-19 17:11:40.008626,0.0,0.0,0.0
2022-01-19 17:11:40.503844,0.0,0.0,0.0
2022-01-19 17:11:41.001657,0.0,0.0,0.0
2022-01-19 17:11:41.501230,0.0,0.0,0.0
2022-01-19 17:11:42.009985,0.0,0.0,0.0
2022-01-19 17:11:42.506569,0.0,0.0,0.0
2022-01-19 17:11:43.003961,0.0,0.0,0.0
2022-01-19 17:11:43.509206,0.0,0.0,0.0
2022-01-19 17:11:44.007271,0.0,0.0,0.0
2022-01-19 17:11:44.501843,0.0,0.0,0.0
2022-01-19 17:11:45.001510,0.0,0.0,0.0
2022-01-19 17:11:45.507460,0.0,0.0,0.0
2022-01-19 17:11:46.004982,0.0,0.0,0.0
2022-01-19 17:11:46.509873,0.0,0.0,0.0
2022-01-19 17:11:47.008424,0.0,0.0,0.0
2022-01-19 17:11:47.502518,0.0,0.0,0.0
2022-01-19 17:11:48.010690,0.0,0.0,0.0
2022-01-19 17:11:48.508693,0.0,0.0,0.0
2022-01-19 17:11:49.009053,0.0,0.0,0.0
2022-01-19 17:11:49.502834,0.0,0.0,0.0
2022-01-19 17:11:50.010740,0.0,0.0,0.0
2022-01-19 17:11:50.505409,0.0,0.0,0.0
2022-01-19 17:11:51.003346,0.0,0.0,0.0
2022-01-19 17:11:51.508403,0.0,0.0,0.0
2022-01-19 17:11:52.008578,0.0,0.0,0.0
2022-01-19 17:11:52.503274,0.0,0.0,0.0
2022-01-19 17:11:53.010745,0.0,0.0,0.0
2022-01-19 17:11:53.506759,0.0,0.0,0.0
2022-01-19 17:11:54.005682,0.0,0.0,0.0
2022-01-19 17:11:54.501313,0.0,0.0,0.0
2022-01-19 17:11:55.009696,0.0,0.0,0.0
2022-01-19 17:11:55.505982,0.0,0.0,0.0
2022-01-19 17:11:56.003946,0.0,0.0,0.0
2022-01-19 17:11:56.510334,0.0,0.0,0.0
2022-01-19 17:11:57.008255,0.0,0.0,0.0
2022-01-19 17:11:57.505162,0.0,0.0,0.0
2022-01-19 17:11:58.002201,0.0,0.0,0.0
2022-01-19 17:11:58.506768,0.0,0.0,0.0
2022-01-19 17:11:59.005553,0.0,0.0,0.0
2022-01-19 17:11:59.501161,0.0,0.0,0.0
2022-01-19 17:12:00.009375,0.0,0.0,0.0
2022-01-19 17:12:00.504724,0.0,0.0,0.0
2022-01-19 17:12:01.004733,0.0,0.0,0.0
2022-01-19 17:12:01.510556,0.0,0.0,0.0
2022-01-19 17:12:02.010149,0.0,0.0,0.0
2022-01-19 17:12:02.506396,0.0,0.0,0.0
2022-01-19 17:12:03.004497,0.0,0.0,0.0
2022-01-19 17:12:03.510032,0.0,0.0,0.0
2022-01-19 17:12:04.008351,0.0,0.0,0.0
2022-01-19 17:12:04.502528,0.0,0.0,0.0
2022-01-19 17:12:05.010197,0.0,0.0,0.0
2022-01-19 17:12:05.506814,0.0,0.0,0.0
2022-01-19 17:12:06.005517,0.0,0.0,0.0
2022-01-19 17:12:06.501564,0.0,0.0,0.0
2022-01-19 17:12:07.010470,0.0,0.0,0.0
2022-01-19 17:12:07.505807,0.0,0.0,0.0
2022-01-19 17:12:08.003921,0.0,0.0,0.0
2022-01-19 17:12:08.508234,0.0,0.0,0.0
2022-01-19 17:12:09.006323,0.0,0.0,0.0
2022-01-19 17:12:09.508349,0.0,0.0,0.0
2022-01-19 17:12:10.007412,0.0,0.0,0.0
2022-01-19 17:12:10.502754,0.0,0.0,0.0
2022-01-19 17:12:11.006178,0.0,0.0,0.0
2022-01-19 17:12:11.501374,0.0,0.0,0.0
2022-01-19 17:12:12.008993,0.0,0.0,0.0
2022-01-19 17:12:12.505509,0.0,0.0,0.0
2022-01-19 17:12:13.005129,0.0,0.0,0.0
2022-01-19 17:12:13.505701,0.0,0.0,0.0
2022-01-19 17:12:14.003233,0.0,0.0,0.0
2022-01-19 17:12:14.509249,0.0,0.0,0.0
2022-01-19 17:12:15.005651,0.0,0.0,0.0
2022-01-19 17:12:15.501129,0.0,0.0,0.0
2022-01-19 17:12:16.008575,0.0,0.0,0.0
2022-01-19 17:12:16.503021,0.0,0.0,0.0
2022-01-19 17:12:17.002765,0.0,0.0,0.0
2022-01-19 17:12:17.508765,0.0,0.0,0.0
2022-01-19 17:12:18.007210,0.0,0.0,0.0
2022-01-19 17:12:18.501431,0.0,0.0,0.0
2022-01-19 17:12:19.010370,0.0,0.0,0.0
2022-01-19 17:12:19.505148,0.0,0.0,0.0
2022-01-19 17:12:20.003850,0.0,0.0,0.0
2022-01-19 17:12:20.509657,0.0,0.0,0.0
2022-01-19 17:12:21.006814,0.0,0.0,0.0
2022-01-19 17:12:21.501782,0.0,0.0,0.0
2022-01-19 17:12:22.010486,0.0,0.0,0.0
2022-01-19 17:12:22.507221,0.0,0.0,0.0
2022-01-19 17:12:23.005711,0.0,0.0,0.0
2022-01-19 17:12:23.510870,0.0,0.0,0.0
2022-01-19 17:12:24.008736,0.0,0.0,0.0
2022-01-19 17:12:24.503744,0.0,0.0,0.0
2022-01-19 17:12:25.002337,0.0,0.0,0.0
2022-01-19 17:12:25.503063,0.0,0.0,0.0
2022-01-19 17:12:26.002594,0.0,0.0,0.0
2022-01-19 17:12:26.508968,0.0,0.0,0.0
2022-01-19 17:12:27.007133,0.0,0.0,0.0
2022-01-19 17:12:27.503422,0.0,0.0,0.0
2022-01-19 17:12:28.001360,0.0,0.0,0.0
2022-01-19 17:12:28.506777,0.0,0.0,0.0
2022-01-19 17:12:29.005305,0.0,0.0,0.0
2022-01-19 17:12:29.502626,0.0,0.0,0.0
2022-01-19 17:12:30.010264,0.0,0.0,0.0
2022-01-19 17:12:30.505413,0.0,0.0,0.0
2022-01-19 17:12:31.003268,0.0,0.0,0.0
2022-01-19 17:12:31.506687,0.0,0.0,0.0
2022-01-19 17:12:32.004585,0.0,0.0,0.0
2022-01-19 17:12:32.509917,0.0,0.0,0.0
2022-01-19 17:12:33.007899,0.0,0.0,0.0
2022-01-19 17:12:33.501258,0.0,0.0,0.0
2022-01-19 17:12:34.010285,0.0,0.0,0.0
2022-01-19 17:12:34.504703,0.0,0.0,0.0
2022-01-19 17:12:35.003065,0.0,0.0,0.0
2022-01-19 17:12:35.506210,0.0,0.0,0.0
2022-01-19 17:12:36.006998,0.0,0.0,0.0
2022-01-19 17:12:36.506234,0.0,0.0,0.0
2022-01-19 17:12:37.003740,0.0,0.0,0.0
2022-01-19 17:12:37.511120,0.0,0.0,0.0
2022-01-19 17:12:38.008773,0.0,0.0,0.0
2022-01-19 17:12:38.504063,0.0,0.0,0.0
2022-01-19 17:12:39.002866,0.0,0.0,0.0
2022-01-19 17:12:39.510764,0.0,0.0,0.0
2022-01-19 17:12:40.008838,0.0,0.0,0.0
2022-01-19 17:12:40.504267,0.0,0.0,0.0
2022-01-19 17:12:41.002244,0.0,0.0,0.0
2022-01-19 17:12:41.507866,0.0,0.0,0.0
2022-01-19 17:12:42.006022,0.0,0.0,0.0
2022-01-19 17:12:42.510665,0.0,0.0,0.0
2022-01-19 17:12:43.009342,0.0,0.0,0.0
2022-01-19 17:12:43.503780,0.0,0.0,0.0
2022-01-19 17:12:44.001812,0.0,0.0,0.0
2022-01-19 17:12:44.506565,0.0,0.0,0.0
2022-01-19 17:12:45.005462,0.0,0.0,0.0
2022-01-19 17:12:45.501388,0.0,0.0,0.0
2022-01-19 17:12:46.009790,0.0,0.0,0.0
2022-01-19 17:12:46.507759,0.0,0.0,0.0
2022-01-19 17:12:47.006627,0.0,0.0,0.0
2022-01-19 17:12:47.501337,0.0,0.0,0.0
2022-01-19 17:12:48.010246,0.0,0.0,0.0
2022-01-19 17:12:48.506470,0.0,0.0,0.0
2022-01-19 17:12:49.004711,0.0,0.0,0.0
2022-01-19 17:12:49.510991,0.0,0.0,0.0
2022-01-19 17:12:50.008581,0.0,0.0,0.0
2022-01-19 17:12:50.509672,0.0,0.0,0.0
2022-01-19 17:12:51.003853,0.0,0.0,0.0
2022-01-19 17:12:51.510031,0.0,0.0,0.0
2022-01-19 17:12:52.008766,0.0,0.0,0.0
2022-01-19 17:12:52.502822,0.0,0.0,0.0
2022-01-19 17:12:53.001807,0.0,0.0,0.0
2022-01-19 17:12:53.508787,0.0,0.0,0.0
2022-01-19 17:12:54.007484,0.0,0.0,0.0
2022-01-19 17:12:54.502493,0.0,0.0,0.0
2022-01-19 17:12:55.010776,0.0,0.0,0.0
2022-01-19 17:12:55.507070,0.0,0.0,0.0
2022-01-19 17:12:56.005524,0.0,0.0,0.0
2022-01-19 17:12:56.502884,0.0,0.0,0.0
2022-01-19 17:12:57.001462,0.0,0.0,0.0
2022-01-19 17:12:57.506886,0.0,0.0,0.0
2022-01-19 17:12:58.004679,0.0,0.0,0.0
2022-01-19 17:12:58.501820,0.0,0.0,0.0
2022-01-19 17:12:59.008971,0.0,0.0,0.0
2022-01-19 17:12:59.502541,0.0,0.0,0.0
2022-01-19 17:13:00.002046,0.0,0.0,0.0
2022-01-19 17:13:00.507571,0.0,0.0,0.0
2022-01-19 17:13:01.004112,0.0,0.0,0.0
2022-01-19 17:13:01.510562,0.0,0.0,0.0
2022-01-19 17:13:02.007683,0.0,0.0,0.0
2022-01-19 17:13:02.503263,0.0,0.0,0.0
2022-01-19 17:13:03.002352,0.0,0.0,0.0
2022-01-19 17:13:03.508624,0.0,0.0,0.0
2022-01-19 17:13:04.006797,0.0,0.0,0.0
2022-01-19 17:13:04.501851,0.0,0.0,0.0
2022-01-19 17:13:05.010752,0.0,0.0,0.0
2022-01-19 17:13:05.506735,0.0,0.0,0.0
2022-01-19 17:13:06.006359,0.0,0.0,0.0
2022-01-19 17:13:06.501568,0.0,0.0,0.0
2022-01-19 17:13:07.001743,0.0,0.0,0.0
2022-01-19 17:13:07.509208,0.0,0.0,0.0
2022-01-19 17:13:08.007803,0.0,0.0,0.0
2022-01-19 17:13:08.503650,0.0,0.0,0.0
2022-01-19 17:13:09.001719,0.0,0.0,0.0
2022-01-19 17:13:09.506434,0.0,0.0,0.0
2022-01-19 17:13:10.005506,0.0,0.0,0.0
2022-01-19 17:13:10.511021,0.0,0.0,0.0
2022-01-19 17:13:11.007419,0.0,0.0,0.0
2022-01-19 17:13:11.505059,0.0,0.0,0.0
2022-01-19 17:13:12.003273,0.0,0.0,0.0
2022-01-19 17:13:12.510277,0.0,0.0,0.0
2022-01-19 17:13:13.008113,0.0,0.0,0.0
2022-01-19 17:13:13.504666,0.0,0.0,0.0
2022-01-19 17:13:14.005421,0.0,0.0,0.0
2022-01-19 17:13:14.510784,0.0,0.0,0.0
2022-01-19 17:13:15.009283,0.0,0.0,0.0
2022-01-19 17:13:15.504239,0.0,0.0,0.0
2022-01-19 17:13:16.002504,0.0,0.0,0.0
2022-01-19 17:13:16.506368,0.0,0.0,0.0
2022-01-19 17:13:17.005457,0.0,0.0,0.0
2022-01-19 17:13:17.510503,0.0,0.0,0.0
2022-01-19 17:13:18.008524,0.0,0.0,0.0
2022-01-19 17:13:18.504107,0.0,0.0,0.0
2022-01-19 17:13:19.001565,0.0,0.0,0.0
2022-01-19 17:13:19.508485,0.0,0.0,0.0
2022-01-19 17:13:20.006617,0.0,0.0,0.0
2022-01-19 17:13:20.503885,0.0,0.0,0.0
2022-01-19 17:13:21.001853,0.0,0.0,0.0
2022-01-19 17:13:21.506619,0.0,0.0,0.0
2022-01-19 17:13:22.004097,0.0,0.0,0.0
2022-01-19 17:13:22.508454,0.0,0.0,0.0
2022-01-19 17:13:23.006504,0.0,0.0,0.0
2022-01-19 17:13:23.502184,0.0,0.0,0.0
2022-01-19 17:13:24.010996,0.0,0.0,0.0
2022-01-19 17:13:24.505311,0.0,0.0,0.0
2022-01-19 17:13:25.003805,0.0,0.0,0.0
2022-01-19 17:13:25.509375,0.0,0.0,-0.03864
2022-01-19 17:13:26.007504,0.0,0.0,-0.03864
2022-01-19 17:13:26.502917,0.0,0.0,0.0
2022-01-19 17:13:27.003011,0.0,0.0,0.0
2022-01-19 17:13:27.508787,0.0,0.0,0.0
2022-01-19 17:13:28.007347,0.0,0.0,0.0
2022-01-19 17:13:28.502627,0.0,0.0,0.0
2022-01-19 17:13:29.001250,0.0,0.0,0.0
2022-01-19 17:13:29.506679,0.0,0.0,0.0
2022-01-19 17:13:30.004603,0.0,0.0,0.0
2022-01-19 17:13:30.510426,0.0,0.0,0.0
2022-01-19 17:13:31.007382,0.0,0.0,0.0
2022-01-19 17:13:31.503349,0.0,0.0,0.0
2022-01-19 17:13:32.001563,0.0,0.0,0.0
2022-01-19 17:13:32.504873,0.0,0.0,0.0
2022-01-19 17:13:33.002748,0.0,0.0,0.0
2022-01-19 17:13:33.506585,0.0,0.0,0.0
2022-01-19 17:13:34.008072,0.0,0.0,0.0
2022-01-19 17:13:34.504598,0.0,0.0,0.0
2022-01-19 17:13:35.002834,0.0,0.0,0.0
2022-01-19 17:13:35.508487,0.0,0.0,0.0
2022-01-19 17:13:36.009097,0.0,0.0,0.0
2022-01-19 17:13:36.503745,0.0,0.0,0.0
2022-01-19 17:13:37.002552,0.0,0.0,0.0
2022-01-19 17:13:37.507026,0.0,0.0,0.0
2022-01-19 17:13:38.005502,0.0,0.0,0.0
2022-01-19 17:13:38.510516,0.0,0.0,0.0
2022-01-19 17:13:39.010103,0.0,0.0,0.0
2022-01-19 17:13:39.505430,0.0,0.0,0.0
2022-01-19 17:13:40.004586,0.0,0.0,0.0
2022-01-19 17:13:40.501327,0.0,0.0,0.0
2022-01-19 17:13:41.505134,0.0,0.0,0.0
2022-01-19 17:13:42.002733,0.0,0.0,0.0
2022-01-19 17:13:42.508289,0.0,0.0,0.0
2022-01-19 17:13:43.004559,0.0,0.0,0.0
2022-01-19 17:13:43.509641,0.0,0.0,0.0
2022-01-19 17:13:44.007970,0.0,0.0,0.0
2022-01-19 17:13:44.504876,0.0,0.0,0.0
2022-01-19 17:13:45.003379,0.0,0.0,0.0
2022-01-19 17:13:45.508176,0.0,0.0,0.0
2022-01-19 17:13:46.005439,0.0,0.0,0.0
2022-01-19 17:13:46.502771,0.0,0.0,0.0
2022-01-19 17:13:47.504854,0.0,0.0,0.0
2022-01-19 17:13:48.005134,0.0,0.0,0.0
2022-01-19 17:13:48.508613,0.0,0.0,0.0
2022-01-19 17:13:49.006493,0.0,0.0,0.0
2022-01-19 17:13:49.501117,0.0,0.0,0.0
2022-01-19 17:13:50.010094,0.0,0.0,0.0
2022-01-19 17:13:50.505274,0.0,0.0,0.0
2022-01-19 17:13:51.004946,0.0,0.0,0.0
2022-01-19 17:13:51.503183,0.0,0.0,0.0
2022-01-19 17:13:52.001287,0.0,0.0,0.0
2022-01-19 17:13:52.508112,0.0,0.0,0.0
2022-01-19 17:13:53.007512,0.0,0.0,0.0
2022-01-19 17:13:53.502417,0.0,0.0,0.0
2022-01-19 17:13:54.010453,0.0,0.0,0.0
2022-01-19 17:13:54.504400,0.0,0.0,0.0
2022-01-19 17:13:55.005128,0.0,0.0,0.0
2022-01-19 17:13:55.509660,0.0,0.0,0.0
2022-01-19 17:13:56.008473,0.0,0.0,0.0
2022-01-19 17:13:56.503937,0.0,0.0,0.0
2022-01-19 17:13:57.011219,0.0,0.0,0.0
2022-01-19 17:13:57.506448,0.0,0.0,0.0
2022-01-19 17:13:58.005731,0.0,0.0,0.0
2022-01-19 17:13:58.502762,0.0,0.0,0.0
2022-01-19 17:13:59.010792,0.0,0.0,0.0
2022-01-19 17:13:59.505559,0.0,0.0,0.0
2022-01-19 17:14:00.004910,0.0,0.0,0.0
2022-01-19 17:14:00.508121,0.0,0.0,0.0
2022-01-19 17:14:01.002663,0.0,0.0,0.0
2022-01-19 17:14:01.507628,0.0,0.0,0.0
2022-01-19 17:14:02.008164,0.0,0.0,0.0
2022-01-19 17:14:02.501802,0.0,0.0,0.0
2022-01-19 17:14:03.010203,0.0,0.0,0.0
2022-01-19 17:14:03.505106,0.0,0.0,0.0
2022-01-19 17:14:04.004761,0.0,0.0,0.0
2022-01-19 17:14:04.510419,0.0,0.0,0.0
2022-01-19 17:14:05.010380,0.0,0.0,0.0
2022-01-19 17:14:05.505442,0.0,0.0,0.0
2022-01-19 17:14:06.002025,0.0,0.0,0.0
2022-01-19 17:14:06.506902,0.0,0.0,0.0
2022-01-19 17:14:07.005256,0.0,0.0,0.0
2022-01-19 17:14:07.508662,0.0,0.0,0.0
2022-01-19 17:14:08.007312,0.0,0.0,0.0
2022-01-19 17:14:08.505801,0.0,0.0,0.0
2022-01-19 17:14:09.003221,0.0,0.0,0.0
2022-01-19 17:14:09.510325,0.0,0.0,0.0
2022-01-19 17:14:10.007664,0.0,0.0,0.0
2022-01-19 17:14:10.502997,0.0,0.0,0.0
2022-01-19 17:14:11.008627,0.0,0.0,0.0
2022-01-19 17:14:11.502736,0.0,0.0,0.0
2022-01-19 17:14:12.001014,0.0,0.0,0.0
2022-01-19 17:14:12.505937,0.0,0.0,0.0
2022-01-19 17:14:13.003367,0.0,0.0,0.0
2022-01-19 17:14:13.504349,0.0,0.0,0.0
2022-01-19 17:14:14.003461,0.0,0.0,0.0
2022-01-19 17:14:14.508399,0.0,0.0,0.0
2022-01-19 17:14:15.006004,0.0,0.0,0.0
2022-01-19 17:14:15.502521,0.0,0.0,0.0
2022-01-19 17:14:16.010829,0.0,0.0,0.0
2022-01-19 17:14:16.505215,0.0,0.0,0.0
2022-01-19 17:14:17.004167,0.0,0.0,0.0
2022-01-19 17:14:17.508512,0.0,0.0,0.0
2022-01-19 17:14:18.006532,0.0,0.0,0.0
2022-01-19 17:14:18.501522,0.0,0.0,0.0
2022-01-19 17:14:19.009524,0.0,0.0,0.0
2022-01-19 17:14:19.505242,0.0,0.0,0.0
2022-01-19 17:14:20.002379,0.0,0.0,0.0
2022-01-19 17:14:20.507315,0.0,0.0,0.0
2022-01-19 17:14:21.006804,0.0,0.0,0.0
2022-01-19 17:14:21.510767,0.0,0.0,0.0
2022-01-19 17:14:22.010420,0.0,0.0,0.0
2022-01-19 17:14:22.505018,0.0,0.0,0.0
2022-01-19 17:14:23.004082,0.0,0.0,0.0
2022-01-19 17:14:23.509176,0.0,0.0,0.0
2022-01-19 17:14:24.006802,0.0,0.0,0.0
2022-01-19 17:14:24.501730,0.0,0.0,0.0
2022-01-19 17:14:25.010353,0.0,0.0,0.0
2022-01-19 17:14:25.506736,0.0,0.0,0.0
2022-01-19 17:14:26.006526,0.0,0.0,0.0
2022-01-19 17:14:26.501350,0.0,0.0,0.0
2022-01-19 17:14:27.009531,0.0,0.0,0.0
2022-01-19 17:14:27.504818,0.0,0.0,0.0
2022-01-19 17:14:28.003989,0.0,0.0,0.0
2022-01-19 17:14:28.509314,0.0,0.0,0.0
2022-01-19 17:14:29.008311,0.0,0.0,0.0
2022-01-19 17:14:29.502726,0.0,0.0,0.0
2022-01-19 17:14:30.001243,0.0,0.0,0.0
2022-01-19 17:14:30.506149,0.0,0.0,0.0
2022-01-19 17:14:31.003381,0.0,0.0,0.0
2022-01-19 17:14:31.509300,0.0,0.0,0.0
2022-01-19 17:14:32.006803,0.0,0.0,0.0
2022-01-19 17:14:32.504093,0.0,0.0,0.0
2022-01-19 17:14:33.001629,0.0,0.0,0.0
2022-01-19 17:14:33.508343,0.0,0.0,0.0
2022-01-19 17:14:34.006469,0.0,0.0,0.0
2022-01-19 17:14:34.501242,0.0,0.0,0.0
2022-01-19 17:14:35.010146,0.0,0.0,0.0
2022-01-19 17:14:35.506723,0.0,0.0,0.0
2022-01-19 17:14:36.005508,0.0,0.0,0.0
2022-01-19 17:14:36.502102,0.0,0.0,0.0
2022-01-19 17:14:37.010099,0.0,0.0,0.0
2022-01-19 17:14:37.504388,0.0,0.0,0.0
2022-01-19 17:14:38.002679,0.0,0.0,0.0
2022-01-19 17:14:38.502769,0.0,0.0,0.0
2022-01-19 17:14:39.001831,0.0,0.0,0.0
2022-01-19 17:14:39.507411,0.0,0.0,0.0
2022-01-19 17:14:40.005616,0.0,0.0,0.0
2022-01-19 17:14:40.510103,0.0,0.0,0.0
2022-01-19 17:14:41.007932,0.0,0.0,0.0
2022-01-19 17:14:41.501208,0.0,0.0,0.0
2022-01-19 17:14:42.009019,0.0,0.0,0.0
2022-01-19 17:14:42.505735,0.0,0.0,0.0
2022-01-19 17:14:43.003551,0.0,0.0,0.0
2022-01-19 17:14:43.508706,0.0,0.0,0.0
2022-01-19 17:14:44.005643,0.0,0.0,0.0
2022-01-19 17:14:44.510154,0.0,0.0,0.0
2022-01-19 17:14:45.008342,0.0,0.0,0.0
2022-01-19 17:14:45.505083,0.0,0.0,0.0
2022-01-19 17:14:46.002609,0.0,0.0,0.0
2022-01-19 17:14:46.508090,0.0,0.0,0.0
2022-01-19 17:14:47.006748,0.0,0.0,0.0
2022-01-19 17:14:47.502776,0.0,0.0,0.0
2022-01-19 17:14:48.001125,0.0,0.0,0.0
2022-01-19 17:14:48.505687,0.0,0.0,0.0
2022-01-19 17:14:49.005545,0.0,0.0,0.0
2022-01-19 17:14:49.502642,0.0,0.0,0.0
2022-01-19 17:14:50.005836,0.0,0.0,0.0
2022-01-19 17:14:50.509749,0.0,0.0,0.0
2022-01-19 17:14:51.008116,0.0,0.0,0.0
2022-01-19 17:14:51.502697,0.0,0.0,0.0
2022-01-19 17:14:52.001395,0.0,0.0,0.0
2022-01-19 17:14:52.506227,0.0,0.0,0.0
2022-01-19 17:14:53.004062,0.0,0.0,0.0
2022-01-19 17:14:53.508917,0.0,0.0,0.0
2022-01-19 17:14:54.006703,0.0,0.0,0.0
2022-01-19 17:14:54.501842,0.0,0.0,0.0
2022-01-19 17:14:55.011315,0.0,0.0,0.0
2022-01-19 17:14:55.506379,0.0,0.0,0.0
2022-01-19 17:14:56.004974,0.0,0.0,0.0
2022-01-19 17:14:56.510630,0.0,0.0,0.0
2022-01-19 17:14:57.009917,0.0,0.0,0.0
2022-01-19 17:14:57.503997,0.0,0.0,0.0
2022-01-19 17:14:58.001093,0.0,0.0,0.0
2022-01-19 17:14:58.506846,0.0,0.0,0.0
2022-01-19 17:14:59.004978,0.0,0.0,0.0
2022-01-19 17:14:59.509705,0.0,0.0,0.0
2022-01-19 17:15:00.006427,0.0,0.0,0.0
2022-01-19 17:15:00.510037,0.0,0.0,0.0
2022-01-19 17:15:01.010743,0.0,0.0,0.0
2022-01-19 17:15:01.506547,0.0,0.0,0.0
2022-01-19 17:15:02.002663,0.0,0.0,0.0
2022-01-19 17:15:02.508001,0.0,0.0,0.0
2022-01-19 17:15:03.006803,0.0,0.0,0.0
2022-01-19 17:15:03.511291,0.0,0.0,0.0
2022-01-19 17:15:04.009711,0.0,0.0,0.0
2022-01-19 17:15:04.505554,0.0,0.0,0.0
2022-01-19 17:15:05.002552,0.0,0.0,0.0
2022-01-19 17:15:05.508326,0.0,0.0,0.0
2022-01-19 17:15:06.006749,0.0,0.0,0.0
2022-01-19 17:15:06.503487,0.0,0.0,0.0
2022-01-19 17:15:07.004900,0.0,0.0,0.0
2022-01-19 17:15:07.510742,0.0,0.0,0.0
2022-01-19 17:15:08.008639,0.0,0.0,0.0
2022-01-19 17:15:08.505015,0.0,0.0,0.0
2022-01-19 17:15:09.001952,0.0,0.0,0.0
2022-01-19 17:15:09.506617,0.0,0.0,0.0
2022-01-19 17:15:10.004237,0.0,0.0,0.0
2022-01-19 17:15:10.509751,0.0,0.0,0.0
2022-01-19 17:15:11.005998,0.0,0.0,0.0
2022-01-19 17:15:11.502648,0.0,0.0,0.0
2022-01-19 17:15:12.009829,0.0,0.0,0.0
2022-01-19 17:15:12.505689,0.0,0.0,0.0
2022-01-19 17:15:13.003907,0.0,0.0,0.0
2022-01-19 17:15:13.508860,0.0,0.0,0.0
2022-01-19 17:15:14.007663,0.0,0.0,0.0
2022-01-19 17:15:14.505121,0.0,0.0,0.0
2022-01-19 17:15:15.002900,0.0,0.0,0.0
2022-01-19 17:15:15.509682,0.0,0.0,0.0
2022-01-19 17:15:16.007338,0.0,0.0,0.0
2022-01-19 17:15:16.503789,0.0,0.0,0.0
2022-01-19 17:15:17.002020,0.0,0.0,0.0
2022-01-19 17:15:17.507639,0.0,0.0,0.0
2022-01-19 17:15:18.005620,0.0,0.0,0.0
2022-01-19 17:15:18.509447,0.0,0.0,0.0
2022-01-19 17:15:19.006785,0.0,0.0,0.0
2022-01-19 17:15:19.502406,0.0,0.0,0.0
2022-01-19 17:15:20.009721,0.0,0.0,0.0
2022-01-19 17:15:20.506962,0.0,0.0,0.0
2022-01-19 17:15:21.006191,0.0,0.0,0.0
2022-01-19 17:15:21.501193,0.0,0.0,0.0
2022-01-19 17:15:22.009445,0.0,0.0,0.0
2022-01-19 17:15:22.505457,0.0,0.0,0.0
2022-01-19 17:15:23.002784,0.0,0.0,0.0
2022-01-19 17:15:23.507486,0.0,0.0,0.0
2022-01-19 17:15:24.004874,0.0,0.0,0.0
2022-01-19 17:15:24.509901,0.0,0.0,0.0
2022-01-19 17:15:25.008273,0.0,0.0,0.0
2022-01-19 17:15:25.503138,0.0,0.0,0.0
2022-01-19 17:15:26.001341,0.0,0.0,0.0
2022-01-19 17:15:26.508474,0.0,0.0,0.0
2022-01-19 17:15:27.005857,0.0,0.0,0.0
2022-01-19 17:15:27.502466,0.0,0.0,0.0
2022-01-19 17:15:28.001211,0.0,0.0,0.0
2022-01-19 17:15:28.506219,0.0,0.0,0.0
2022-01-19 17:15:29.003474,0.0,0.0,0.0
2022-01-19 17:15:29.508518,0.0,0.0,0.0
2022-01-19 17:15:30.007718,0.0,0.0,0.0
2022-01-19 17:15:30.504405,0.0,0.0,0.0
2022-01-19 17:15:31.004056,0.0,0.0,0.0
2022-01-19 17:15:31.510223,0.0,0.0,0.0
2022-01-19 17:15:32.007620,0.0,0.0,0.0
2022-01-19 17:15:32.504741,0.0,0.0,0.0
2022-01-19 17:15:33.003631,0.0,0.0,0.0
2022-01-19 17:15:33.510559,0.0,0.0,0.0
2022-01-19 17:15:34.009306,0.0,0.0,0.0
2022-01-19 17:15:34.504831,0.0,0.0,0.0
2022-01-19 17:15:35.004070,0.0,0.0,0.0
2022-01-19 17:15:35.510611,0.0,0.0,0.0
2022-01-19 17:15:36.009106,0.0,0.0,0.0
2022-01-19 17:15:36.505339,0.0,0.0,0.0
2022-01-19 17:15:37.003233,0.0,0.0,0.0
2022-01-19 17:15:37.509659,0.0,0.0,0.0
2022-01-19 17:15:38.009734,0.0,0.0,0.0
2022-01-19 17:15:38.504926,0.0,0.0,0.0
2022-01-19 17:15:39.003435,0.0,0.0,0.0
2022-01-19 17:15:39.510021,0.0,0.0,0.0
2022-01-19 17:15:40.008374,0.0,0.0,0.0
2022-01-19 17:15:40.503479,0.0,0.0,0.0
2022-01-19 17:15:41.002973,0.0,0.0,0.0
2022-01-19 17:15:41.509784,0.0,0.0,0.0
2022-01-19 17:15:42.007222,0.0,0.0,0.0
2022-01-19 17:15:42.503005,0.0,0.0,0.0
2022-01-19 17:15:43.001148,0.0,0.0,0.0
2022-01-19 17:15:43.506779,0.0,0.0,0.0
2022-01-19 17:15:44.005283,0.0,0.0,0.0
2022-01-19 17:15:44.510588,0.0,0.0,0.0
2022-01-19 17:15:45.009050,0.0,0.0,0.0
2022-01-19 17:15:45.503885,0.0,0.0,0.0
2022-01-19 17:15:46.002797,0.0,0.0,0.0
2022-01-19 17:15:46.508331,0.0,0.0,0.0
2022-01-19 17:15:47.007384,0.0,0.0,0.0
2022-01-19 17:15:47.502917,0.0,0.0,0.0
2022-01-19 17:15:48.505121,0.0,0.0,0.0
2022-01-19 17:15:49.004022,0.0,0.0,0.0
2022-01-19 17:15:49.510610,0.0,0.0,0.0
2022-01-19 17:15:50.008392,0.0,0.0,0.0
2022-01-19 17:15:50.504194,0.0,0.0,0.0
2022-01-19 17:15:51.003276,0.0,0.0,0.0
2022-01-19 17:15:51.508055,0.0,0.0,0.0
2022-01-19 17:15:52.008094,0.0,0.0,0.0
2022-01-19 17:15:52.503951,0.0,0.0,0.0
2022-01-19 17:15:53.002735,0.0,0.0,0.0
2022-01-19 17:15:53.508219,0.0,0.0,0.0
2022-01-19 17:15:54.006984,0.0,0.0,0.0
2022-01-19 17:15:54.503021,0.0,0.0,0.0
2022-01-19 17:15:55.001490,0.0,0.0,0.0
2022-01-19 17:15:55.506682,0.0,0.0,0.0
2022-01-19 17:15:56.009027,0.0,0.0,0.0
2022-01-19 17:15:56.505874,0.0,0.0,0.0
2022-01-19 17:15:57.004286,0.0,0.0,0.0
2022-01-19 17:15:57.510134,0.0,0.0,0.0
2022-01-19 17:15:58.009805,0.0,0.0,0.0
2022-01-19 17:15:58.503989,0.0,0.0,0.0
2022-01-19 17:15:59.005138,0.0,0.0,0.0
2022-01-19 17:15:59.509556,0.0,0.0,0.0
2022-01-19 17:16:00.007541,0.0,0.0,0.0
2022-01-19 17:16:00.502529,0.0,0.0,0.0
2022-01-19 17:16:01.010053,0.0,0.0,0.0
2022-01-19 17:16:01.504187,0.0,0.0,0.0
2022-01-19 17:16:02.002371,0.0,0.0,0.0
2022-01-19 17:16:02.507770,0.0,0.0,0.0
2022-01-19 17:16:03.005676,0.0,0.0,0.0
2022-01-19 17:16:03.503162,0.0,0.0,0.0
2022-01-19 17:16:04.010390,0.0,0.0,0.0
2022-01-19 17:16:04.505398,0.0,0.0,0.0
2022-01-19 17:16:05.002916,0.0,0.0,0.0
2022-01-19 17:16:05.510657,0.0,0.0,0.0
2022-01-19 17:16:06.008554,0.0,0.0,0.0
2022-01-19 17:16:06.503251,0.0,0.0,0.0
2022-01-19 17:16:07.010830,0.0,0.0,0.0
2022-01-19 17:16:07.505832,0.0,0.0,0.0
2022-01-19 17:16:08.003587,0.0,0.0,0.0
2022-01-19 17:16:08.508765,0.0,0.0,0.0
2022-01-19 17:16:09.505076,0.0,0.0,0.0
2022-01-19 17:16:10.003020,0.0,0.0,0.0
2022-01-19 17:16:10.506199,0.0,0.0,0.0
2022-01-19 17:16:11.010130,0.0,0.0,0.0
2022-01-19 17:16:11.506458,0.0,0.0,0.0
2022-01-19 17:16:12.005093,0.0,0.0,0.0
2022-01-19 17:16:12.509161,0.0,0.0,0.0
2022-01-19 17:16:13.008098,0.0,0.0,0.0
2022-01-19 17:16:13.502797,0.0,0.0,0.0
2022-01-19 17:16:14.001498,0.0,0.0,0.0
2022-01-19 17:16:14.505086,0.0,0.0,0.0
2022-01-19 17:16:15.003634,0.0,0.0,0.0
2022-01-19 17:16:15.509809,0.0,0.0,0.0
2022-01-19 17:16:16.007509,0.0,0.0,0.0
2022-01-19 17:16:16.505392,0.0,0.0,0.0
2022-01-19 17:16:17.003228,0.0,0.0,0.0
2022-01-19 17:16:17.508431,0.0,0.0,0.0
2022-01-19 17:16:18.006074,0.0,0.0,0.0
2022-01-19 17:16:18.501090,0.0,0.0,0.0
2022-01-19 17:16:19.010107,0.0,0.0,0.0
2022-01-19 17:16:19.506714,0.0,0.0,0.0
2022-01-19 17:16:20.006449,0.0,0.0,0.0
2022-01-19 17:16:20.501200,0.0,0.0,0.0
2022-01-19 17:16:21.009886,0.0,0.0,0.0
2022-01-19 17:16:21.503748,0.0,0.0,0.0
2022-01-19 17:16:22.003106,0.0,0.0,0.0
2022-01-19 17:16:22.508940,0.0,0.0,0.0
2022-01-19 17:16:23.006626,0.0,0.0,0.0
2022-01-19 17:16:23.502880,0.0,0.0,0.0
2022-01-19 17:16:24.001497,0.0,0.0,0.0
2022-01-19 17:16:24.507423,0.0,0.0,0.0
2022-01-19 17:16:25.005335,0.0,0.0,0.0
2022-01-19 17:16:25.509283,0.0,0.0,0.0
2022-01-19 17:16:26.006921,0.0,0.0,0.0
2022-01-19 17:16:26.503704,0.0,0.0,0.0
2022-01-19 17:16:27.004095,0.0,0.0,0.0
2022-01-19 17:16:27.508018,0.0,0.0,0.0
2022-01-19 17:16:28.007503,0.0,0.0,0.0
2022-01-19 17:16:28.501670,0.0,0.0,0.0
2022-01-19 17:16:29.009959,0.0,0.0,0.0
2022-01-19 17:16:29.505279,0.0,0.0,0.0
2022-01-19 17:16:30.005291,0.0,0.0,0.0
2022-01-19 17:16:30.510786,0.0,0.0,0.0
2022-01-19 17:16:31.007828,0.0,0.0,0.0
2022-01-19 17:16:31.503496,0.0,0.0,0.0
2022-01-19 17:16:32.003186,0.0,0.0,0.0
2022-01-19 17:16:32.509557,0.0,0.0,0.0
2022-01-19 17:16:33.008168,0.0,0.0,0.0
2022-01-19 17:16:33.506848,0.0,0.0,0.0
2022-01-19 17:16:34.004345,0.0,0.0,0.0
2022-01-19 17:16:34.509149,0.0,0.0,0.0
2022-01-19 17:16:35.006957,0.0,0.0,0.0
2022-01-19 17:16:35.503801,0.0,0.0,0.0
2022-01-19 17:16:36.002171,0.0,0.0,0.0
2022-01-19 17:16:36.508489,0.0,0.0,0.0
2022-01-19 17:16:37.007390,0.0,0.0,0.0
2022-01-19 17:16:37.502406,0.0,0.0,0.0
2022-01-19 17:16:38.010518,0.0,0.0,0.0
2022-01-19 17:16:38.505311,0.0,0.0,0.0
2022-01-19 17:16:39.004493,0.0,0.0,0.0
2022-01-19 17:16:39.503200,0.0,0.0,0.0
2022-01-19 17:16:40.002146,0.0,0.0,0.0
2022-01-19 17:16:40.509534,0.0,0.0,0.0
2022-01-19 17:16:41.007135,0.0,0.0,0.0
2022-01-19 17:16:41.504500,0.0,0.0,0.0
2022-01-19 17:16:42.001757,0.0,0.0,0.0
2022-01-19 17:16:42.508453,0.0,0.0,0.0
2022-01-19 17:16:43.007477,0.0,0.0,0.0
2022-01-19 17:16:43.504902,0.0,0.0,0.0
2022-01-19 17:16:44.002375,0.0,0.0,0.0
2022-01-19 17:16:44.506690,0.0,0.0,0.0
2022-01-19 17:16:45.004713,0.0,0.0,0.0
2022-01-19 17:16:45.509691,0.0,0.0,0.0
2022-01-19 17:16:46.008168,0.0,0.0,0.0
2022-01-19 17:16:46.504168,0.0,0.0,0.0
2022-01-19 17:16:47.002987,0.0,0.0,0.0
2022-01-19 17:16:47.506020,0.0,0.0,0.0
2022-01-19 17:16:48.003904,0.0,0.0,0.0
2022-01-19 17:16:48.510196,0.0,0.0,0.0
2022-01-19 17:16:49.007817,0.0,0.0,0.0
2022-01-19 17:16:49.501920,0.0,0.0,0.0
2022-01-19 17:16:50.010732,0.0,0.0,0.0
2022-01-19 17:16:50.506234,0.0,0.0,0.0
2022-01-19 17:16:51.003404,0.0,0.0,0.0
2022-01-19 17:16:51.506637,0.0,0.0,0.0
2022-01-19 17:16:52.004675,0.0,0.0,0.0
2022-01-19 17:16:52.508428,0.0,0.0,0.0
2022-01-19 17:16:53.007098,0.0,0.0,0.0
2022-01-19 17:16:54.004962,0.0,0.0,0.0
2022-01-19 17:16:54.502605,0.0,0.0,0.0
2022-01-19 17:16:55.010696,0.0,0.0,0.0
2022-01-19 17:16:55.506916,0.0,0.0,0.0
2022-01-19 17:16:56.005164,0.0,0.0,0.0
2022-01-19 17:16:56.510970,0.0,0.0,0.0
2022-01-19 17:16:57.008074,0.0,0.0,0.0
2022-01-19 17:16:57.503716,0.0,0.0,0.0
2022-01-19 17:16:58.004061,0.0,0.0,0.0
2022-01-19 17:16:58.508658,0.0,0.0,0.0
2022-01-19 17:16:59.006870,0.0,0.0,0.0
2022-01-19 17:16:59.502019,0.0,0.0,0.0
2022-01-19 17:17:00.008631,0.0,0.0,0.0
2022-01-19 17:17:00.505631,0.0,0.0,0.0
2022-01-19 17:17:01.003276,0.0,0.0,0.0
2022-01-19 17:17:01.508029,0.0,0.0,0.0
2022-01-19 17:17:02.006773,0.0,0.0,0.0
2022-01-19 17:17:02.503718,0.0,0.0,0.0
2022-01-19 17:17:03.001730,0.0,0.0,0.0
2022-01-19 17:17:03.507377,0.0,0.0,0.0
2022-01-19 17:17:04.006006,0.0,0.0,0.0
2022-01-19 17:17:04.501242,0.0,0.0,0.0
2022-01-19 17:17:05.010271,0.0,0.0,0.0
2022-01-19 17:17:05.505030,0.0,0.0,0.0
2022-01-19 17:17:06.003278,0.0,0.0,0.0
2022-01-19 17:17:06.507468,0.0,0.0,0.0
2022-01-19 17:17:07.006207,0.0,0.0,0.0
2022-01-19 17:17:07.511150,0.0,0.0,0.0
2022-01-19 17:17:08.008397,0.0,0.0,0.0
2022-01-19 17:17:08.501742,0.0,0.0,0.0
2022-01-19 17:17:09.010932,0.0,0.0,0.0
2022-01-19 17:17:09.506357,0.0,0.0,0.0
2022-01-19 17:17:10.005696,0.0,0.0,0.0
2022-01-19 17:17:10.502087,0.0,0.0,0.0
2022-01-19 17:17:11.007316,0.0,0.0,0.0
2022-01-19 17:17:11.504619,0.0,0.0,0.0
2022-01-19 17:17:12.003413,0.0,0.0,0.0
2022-01-19 17:17:12.508146,0.0,0.0,0.0
2022-01-19 17:17:13.005713,0.0,0.0,0.0
2022-01-19 17:17:13.510574,0.0,0.0,0.0
2022-01-19 17:17:14.008801,0.0,0.0,0.0
2022-01-19 17:17:14.505255,0.0,0.0,0.0
2022-01-19 17:17:15.002644,0.0,0.0,0.0
2022-01-19 17:17:15.508700,0.0,0.0,0.0
2022-01-19 17:17:16.005109,0.0,0.0,0.0
2022-01-19 17:17:16.510233,0.0,0.0,0.0
2022-01-19 17:17:17.008245,0.0,0.0,0.0
2022-01-19 17:17:17.503630,0.0,0.0,0.0
2022-01-19 17:17:18.002645,0.0,0.0,0.0
2022-01-19 17:17:18.507886,0.0,0.0,0.0
2022-01-19 17:17:19.006787,0.0,0.0,0.0
2022-01-19 17:17:19.501460,0.0,0.0,0.0
2022-01-19 17:17:20.010183,0.0,0.0,0.0
2022-01-19 17:17:20.505064,0.0,0.0,0.0
2022-01-19 17:17:21.003601,0.0,0.0,0.0
2022-01-19 17:17:21.510783,0.0,0.0,0.0
2022-01-19 17:17:22.008476,0.0,0.0,0.0
2022-01-19 17:17:22.503754,0.0,0.0,0.0
2022-01-19 17:17:23.003197,0.0,0.0,0.0
2022-01-19 17:17:23.508524,0.0,0.0,0.0
2022-01-19 17:17:24.008505,0.0,0.0,0.0
2022-01-19 17:17:24.504211,0.0,0.0,0.0
2022-01-19 17:17:25.002800,0.0,0.0,0.0
2022-01-19 17:17:25.508612,0.0,0.0,0.0
2022-01-19 17:17:26.006404,0.0,0.0,0.0
2022-01-19 17:17:26.501758,0.0,0.0,0.0
2022-01-19 17:17:27.010349,0.0,0.0,0.0
2022-01-19 17:17:27.505045,0.0,0.0,0.0
2022-01-19 17:17:28.006721,0.0,0.0,0.0
2022-01-19 17:17:28.503212,0.0,0.0,0.0
2022-01-19 17:17:29.002612,0.0,0.0,0.0
2022-01-19 17:17:29.508660,0.0,0.0,0.0
2022-01-19 17:17:30.006475,0.0,0.0,0.0
2022-01-19 17:17:30.511155,0.0,0.0,0.0
2022-01-19 17:17:31.008214,0.0,0.0,0.0
2022-01-19 17:17:31.503255,0.0,0.0,0.0
2022-01-19 17:17:32.001922,0.0,0.0,0.0
2022-01-19 17:17:32.505844,0.0,0.0,0.0
2022-01-19 17:17:33.003877,0.0,0.0,0.0
2022-01-19 17:17:33.508907,0.0,0.0,0.0
2022-01-19 17:17:34.007902,0.0,0.0,0.0
2022-01-19 17:17:34.503370,0.0,0.0,0.0
2022-01-19 17:17:35.002351,0.0,0.0,0.0
2022-01-19 17:17:35.508217,0.0,0.0,0.0
2022-01-19 17:17:36.006733,0.0,0.0,0.0
2022-01-19 17:17:36.502810,0.0,0.0,0.0
2022-01-19 17:17:37.002568,0.0,0.0,0.0
2022-01-19 17:17:37.506784,0.0,0.0,0.0
2022-01-19 17:17:38.008682,0.0,0.0,0.0
2022-01-19 17:17:38.504216,0.0,0.0,0.0
2022-01-19 17:17:39.001903,0.0,0.0,0.0
2022-01-19 17:17:39.507243,0.0,0.0,0.0
2022-01-19 17:17:40.006084,0.0,0.0,0.0
2022-01-19 17:17:40.501077,0.0,0.0,0.0
2022-01-19 17:17:41.007954,0.0,0.0,0.0
2022-01-19 17:17:41.503645,0.0,0.0,0.0
2022-01-19 17:17:42.002600,0.0,0.0,0.0
2022-01-19 17:17:42.509152,0.0,0.0,0.0
2022-01-19 17:17:43.008008,0.0,0.0,0.0
2022-01-19 17:17:43.502895,0.0,0.0,0.0
2022-01-19 17:17:44.010205,0.0,0.0,0.0
2022-01-19 17:17:44.505655,0.0,0.0,0.0
2022-01-19 17:17:45.004293,0.0,0.0,0.0
2022-01-19 17:17:45.509954,0.0,0.0,0.0
2022-01-19 17:17:46.007139,0.0,0.0,0.0
2022-01-19 17:17:46.501884,0.0,0.0,0.0
2022-01-19 17:17:47.010042,0.0,0.0,0.0
2022-01-19 17:17:47.505138,0.0,0.0,0.0
2022-01-19 17:17:48.010130,0.0,0.0,0.0
2022-01-19 17:17:48.506771,0.0,0.0,0.0
2022-01-19 17:17:49.005054,0.0,0.0,0.0
2022-01-19 17:17:49.510326,0.0,0.0,0.0
2022-01-19 17:17:50.007412,0.0,0.0,0.0
2022-01-19 17:17:50.502038,0.0,0.0,0.0
2022-01-19 17:17:51.009091,0.0,0.0,0.0
2022-01-19 17:17:51.502905,0.0,0.0,0.0
2022-01-19 17:17:52.001162,0.0,0.0,0.0
2022-01-19 17:17:52.506739,0.0,0.0,0.0
2022-01-19 17:17:53.004017,0.0,0.0,0.0
2022-01-19 17:17:53.509820,0.0,0.0,0.0
2022-01-19 17:17:54.006886,0.0,0.0,0.0
2022-01-19 17:17:54.502579,0.0,0.0,0.0
2022-01-19 17:17:55.008728,0.0,0.0,0.0
2022-01-19 17:17:55.506221,0.0,0.0,0.0
2022-01-19 17:17:56.005513,0.0,0.0,0.0
2022-01-19 17:17:56.510743,0.0,0.0,0.0
2022-01-19 17:17:57.008367,0.0,0.0,0.0
2022-01-19 17:17:57.502653,0.0,0.0,0.0
2022-01-19 17:17:58.009986,0.0,0.0,0.0
2022-01-19 17:17:58.503860,0.0,0.0,0.0
2022-01-19 17:17:59.001856,0.0,0.0,0.0
2022-01-19 17:17:59.506835,0.0,0.0,0.0
2022-01-19 17:18:00.005928,0.0,0.0,0.0
2022-01-19 17:18:00.508609,0.0,0.0,0.15645
2022-01-19 17:18:01.006417,0.0,0.0,0.15645
2022-01-19 17:18:01.500705,0.0,0.0,0.03864
2022-01-19 17:18:02.009894,0.0,0.0,0.03864
2022-01-19 17:18:02.504696,0.0,0.0,0.03864
2022-01-19 17:18:03.001825,0.0,0.0,0.03864
2022-01-19 17:18:03.508653,0.0,0.0,0.03864
2022-01-19 17:18:04.006356,0.0,0.0,0.03864
2022-01-19 17:18:04.501075,0.0,0.0,0.0
2022-01-19 17:18:05.007356,0.0,0.0,0.0
2022-01-19 17:18:05.504293,0.0,0.0,0.0
2022-01-19 17:18:06.003399,0.0,0.0,0.0
2022-01-19 17:18:06.508018,0.0,0.0,0.0
2022-01-19 17:18:07.007488,0.0,0.0,0.0
2022-01-19 17:18:07.501856,0.0,0.0,0.0
2022-01-19 17:18:08.009822,0.0,0.0,0.0
2022-01-19 17:18:08.505009,0.0,0.0,0.0
2022-01-19 17:18:09.002211,0.0,0.0,0.0
2022-01-19 17:18:09.505991,0.0,0.0,0.0
2022-01-19 17:18:10.005467,0.0,0.0,0.0
2022-01-19 17:18:10.509958,0.0,0.0,0.0
2022-01-19 17:18:11.004981,0.0,0.0,0.0
2022-01-19 17:18:11.508721,0.0,0.0,0.0
2022-01-19 17:18:12.007663,0.0,0.0,0.0
2022-01-19 17:18:12.502292,0.0,0.0,0.0
2022-01-19 17:18:13.010086,0.0,0.0,0.0
2022-01-19 17:18:13.503692,0.0,0.0,0.0
2022-01-19 17:18:14.010851,0.0,0.0,0.0
2022-01-19 17:18:14.504999,0.0,0.0,0.0
2022-01-19 17:18:15.009042,0.0,0.0,0.0
2022-01-19 17:18:15.503280,0.0,0.0,0.0
2022-01-19 17:18:16.001067,0.0,0.0,0.0
2022-01-19 17:18:16.506085,0.0,0.0,0.0
2022-01-19 17:18:17.001541,0.0,0.0,0.0
2022-01-19 17:18:17.509363,0.0,0.0,0.0
2022-01-19 17:18:18.007350,0.0,0.0,0.0
2022-01-19 17:18:18.510252,0.0,0.0,0.0
2022-01-19 17:18:19.009338,0.0,0.0,0.0
2022-01-19 17:18:19.503846,0.0,0.0,0.0
2022-01-19 17:18:20.002168,0.0,0.0,0.0
2022-01-19 17:18:20.508679,0.0,0.0,0.03864
2022-01-19 17:18:21.006916,0.0,0.0,0.03864
2022-01-19 17:18:21.503644,0.0,0.0,0.0
2022-01-19 17:18:22.010844,0.0,0.0,0.0
2022-01-19 17:18:22.509087,0.0,0.0,0.0
2022-01-19 17:18:23.008127,0.0,0.0,0.0
2022-01-19 17:18:23.503000,0.0,0.0,0.0
2022-01-19 17:18:24.009932,0.0,0.0,0.0
2022-01-19 17:18:24.504569,0.0,0.0,0.0
2022-01-19 17:18:25.000955,0.0,0.0,0.0
2022-01-19 17:18:25.505499,0.0,0.0,0.0
2022-01-19 17:18:26.008303,0.0,0.0,0.0
2022-01-19 17:18:26.503232,0.0,0.0,0.0
2022-01-19 17:18:27.009145,0.0,0.0,0.0
2022-01-19 17:18:27.503774,0.0,0.0,0.0
2022-01-19 17:18:28.011155,0.0,0.0,0.0
2022-01-19 17:18:28.506480,0.0,0.0,0.0
2022-01-19 17:18:29.002607,0.0,0.0,0.0
2022-01-19 17:18:29.509700,0.0,0.0,0.0
2022-01-19 17:18:30.006849,0.0,0.0,0.0
2022-01-19 17:18:30.501488,0.0,0.0,0.0
2022-01-19 17:18:31.009332,0.0,0.0,0.0
2022-01-19 17:18:31.504234,0.0,0.0,0.0
2022-01-19 17:18:32.010908,0.0,0.0,0.0
2022-01-19 17:18:32.504062,0.0,0.0,0.0
2022-01-19 17:18:33.002862,0.0,0.0,0.0
2022-01-19 17:18:33.508702,0.0,0.0,0.0
2022-01-19 17:18:34.006831,0.0,0.0,0.0
2022-01-19 17:18:34.502547,0.0,0.0,0.0
2022-01-19 17:18:35.009797,0.0,0.0,0.0
2022-01-19 17:18:35.504860,0.0,0.0,0.0
2022-01-19 17:18:36.011094,0.0,0.0,0.0
2022-01-19 17:18:36.503860,0.0,0.0,0.0
2022-01-19 17:18:37.003805,0.0,0.0,0.0
2022-01-19 17:18:37.501176,0.0,0.0,0.0
2022-01-19 17:18:38.002233,0.0,0.0,0.0
2022-01-19 17:18:38.508525,0.0,0.0,0.0
2022-01-19 17:18:39.008274,0.0,0.0,0.0
2022-01-19 17:18:39.507753,0.0,0.0,0.0
2022-01-19 17:18:40.007990,0.0,0.0,0.0
2022-01-19 17:18:40.508464,0.0,0.0,0.0
2022-01-19 17:18:41.007138,0.0,0.0,0.0
2022-01-19 17:18:41.507394,0.0,0.0,0.0
2022-01-19 17:18:42.002652,0.0,0.0,0.0
2022-01-19 17:18:42.504391,0.0,0.0,0.0
2022-01-19 17:18:43.008401,0.0,0.0,0.0
2022-01-19 17:18:43.501921,0.0,0.0,0.0
2022-01-19 17:18:44.008232,0.0,0.0,0.0
2022-01-19 17:18:44.510262,0.0,0.0,0.0
2022-01-19 17:18:45.005951,0.0,0.0,0.0
2022-01-19 17:18:45.506321,0.0,0.0,0.0
2022-01-19 17:18:46.009015,0.0,0.0,0.0
2022-01-19 17:18:46.503718,0.0,0.0,0.0
2022-01-19 17:18:47.003747,0.0,0.0,0.0
2022-01-19 17:18:47.509230,0.0,0.0,0.0
2022-01-19 17:18:48.004461,0.0,0.0,0.0
2022-01-19 17:18:48.502136,0.0,0.0,0.0
2022-01-19 17:18:49.001201,0.0,0.0,0.0
2022-01-19 17:18:49.506828,0.0,0.0,0.0
2022-01-19 17:18:50.007567,0.0,0.0,0.0
2022-01-19 17:18:50.506783,0.0,0.0,0.0
2022-01-19 17:18:51.008767,0.0,0.0,0.0
2022-01-19 17:18:51.507993,0.0,0.0,0.0
2022-01-19 17:18:52.005188,0.0,0.0,0.0
2022-01-19 17:18:52.502852,0.0,0.0,0.0
2022-01-19 17:18:53.002124,0.0,0.0,0.0
2022-01-19 17:18:53.508841,0.0,0.0,0.0
2022-01-19 17:18:54.001636,0.0,0.0,0.0
2022-01-19 17:18:54.501110,0.0,0.0,0.0
2022-01-19 17:18:55.005818,0.0,0.0,0.0
2022-01-19 17:18:55.510270,0.0,0.0,0.0
2022-01-19 17:18:56.009344,0.0,0.0,0.0
2022-01-19 17:18:56.505849,0.0,0.0,0.0
2022-01-19 17:18:57.001507,0.0,0.0,0.0
2022-01-19 17:18:57.501916,0.0,0.0,0.0
2022-01-19 17:18:58.010190,0.0,0.0,0.0
2022-01-19 17:18:58.509147,0.0,0.0,0.0
2022-01-19 17:18:59.002442,0.0,0.0,0.0
2022-01-19 17:18:59.506762,0.0,0.0,0.0
2022-01-19 17:19:00.003218,0.0,0.0,0.0
2022-01-19 17:19:00.504350,0.0,0.0,0.0
2022-01-19 17:19:01.003756,0.0,0.0,0.0
2022-01-19 17:19:01.503699,0.0,0.0,0.0
2022-01-19 17:19:02.002080,0.0,0.0,0.0
2022-01-19 17:19:02.503933,0.0,0.0,0.0
2022-01-19 17:19:03.010661,0.0,0.0,0.0
2022-01-19 17:19:03.508779,0.0,0.0,0.0
2022-01-19 17:19:04.006724,0.0,0.0,0.0
2022-01-19 17:19:04.511025,0.0,0.0,0.0
2022-01-19 17:19:05.003892,0.0,0.0,0.0
2022-01-19 17:19:05.503638,0.0,0.0,0.0
2022-01-19 17:19:06.004775,0.0,0.0,0.0
2022-01-19 17:19:06.501634,0.0,0.0,0.0
2022-01-19 17:19:07.009003,0.0,0.0,0.0
2022-01-19 17:19:07.504294,0.0,0.0,0.0
2022-01-19 17:19:08.006843,0.0,0.0,0.0
2022-01-19 17:19:08.509644,0.0,0.0,0.0
2022-01-19 17:19:09.009997,0.0,0.0,0.0
2022-01-19 17:19:09.504472,0.0,0.0,0.0
2022-01-19 17:19:10.007951,0.0,0.0,0.0
2022-01-19 17:19:10.502026,0.0,0.0,0.0
2022-01-19 17:19:11.004032,0.0,0.0,0.0
2022-01-19 17:19:11.500988,0.0,0.0,0.0
2022-01-19 17:19:12.008998,0.0,0.0,0.0
2022-01-19 17:19:12.503518,0.0,0.0,0.0
2022-01-19 17:19:13.010359,0.0,0.0,0.0
2022-01-19 17:19:13.504966,0.0,0.0,0.0
2022-01-19 17:19:14.011182,0.0,0.0,0.0
2022-01-19 17:19:14.503916,0.0,0.0,0.0
2022-01-19 17:19:15.010756,0.0,0.0,0.0
2022-01-19 17:19:15.505822,0.0,0.0,0.0
2022-01-19 17:19:16.003497,0.0,0.0,0.0
2022-01-19 17:19:16.509717,0.0,0.0,0.0
2022-01-19 17:19:17.006211,0.0,0.0,0.0
2022-01-19 17:19:17.510733,0.0,0.0,0.0
2022-01-19 17:19:18.007770,0.0,0.0,0.0
2022-01-19 17:19:18.505886,0.0,0.0,0.0
2022-01-19 17:19:19.002651,0.0,0.0,0.0
2022-01-19 17:19:19.508729,0.0,0.0,0.0
2022-01-19 17:19:20.005065,0.0,0.0,0.0
2022-01-19 17:19:20.502662,0.0,0.0,0.0
2022-01-19 17:19:21.008477,0.0,0.0,0.0
2022-01-19 17:19:21.502436,0.0,0.0,0.0
2022-01-19 17:19:22.009017,0.0,0.0,0.0
2022-01-19 17:19:22.504158,0.0,0.0,0.0
2022-01-19 17:19:23.001134,0.0,0.0,0.0
2022-01-19 17:19:23.506564,0.0,0.0,0.0
2022-01-19 17:19:24.003313,0.0,0.0,0.0
2022-01-19 17:19:24.508609,0.0,0.0,0.0
2022-01-19 17:19:25.006748,0.0,0.0,0.0
2022-01-19 17:19:25.501480,0.0,0.0,0.0
2022-01-19 17:19:26.008309,0.0,0.0,0.0
2022-01-19 17:19:26.503232,0.0,0.0,0.0
2022-01-19 17:19:27.010830,0.0,0.0,0.0
2022-01-19 17:19:27.506160,0.0,0.0,0.0
2022-01-19 17:19:28.002361,0.0,0.0,0.0
2022-01-19 17:19:28.508802,0.0,0.0,0.0
2022-01-19 17:19:29.004000,0.0,0.0,0.0
2022-01-19 17:19:29.509978,0.0,0.0,0.0
2022-01-19 17:19:30.007214,0.0,0.0,0.0
2022-01-19 17:19:30.503626,0.0,0.0,0.0
2022-01-19 17:19:31.001119,0.0,0.0,0.0
2022-01-19 17:19:31.507394,0.0,0.0,0.0
2022-01-19 17:19:32.006639,0.0,0.0,0.0
2022-01-19 17:19:32.502778,0.0,0.0,0.0
2022-01-19 17:19:33.008601,0.0,0.0,0.0
2022-01-19 17:19:33.504521,0.0,0.0,0.0
2022-01-19 17:19:34.001655,0.0,0.0,0.0
2022-01-19 17:19:34.507793,0.0,0.0,0.0
2022-01-19 17:19:35.007514,0.0,0.0,0.0
2022-01-19 17:19:35.505535,0.0,0.0,0.0
2022-01-19 17:19:36.002429,0.0,0.0,0.0
2022-01-19 17:19:36.508182,0.0,0.0,0.0
2022-01-19 17:19:37.004938,0.0,0.0,0.0
2022-01-19 17:19:37.510121,0.0,0.0,0.0
2022-01-19 17:19:38.006319,0.0,0.0,0.0
2022-01-19 17:19:38.501161,0.0,0.0,0.0
2022-01-19 17:19:39.009651,0.0,0.0,0.0
2022-01-19 17:19:39.506642,0.0,0.0,0.0
2022-01-19 17:19:40.003559,0.0,0.0,0.0
2022-01-19 17:19:40.506788,0.0,0.0,0.0
2022-01-19 17:19:41.003941,0.0,0.0,0.0
2022-01-19 17:19:41.508316,0.0,0.0,0.0
2022-01-19 17:19:42.004713,0.0,0.0,0.0
2022-01-19 17:19:42.501558,0.0,0.0,0.0
2022-01-19 17:19:43.007805,0.0,0.0,0.0
2022-01-19 17:19:43.501736,0.0,0.0,0.0
2022-01-19 17:19:44.009351,0.0,0.0,0.0
2022-01-19 17:19:44.504441,0.0,0.0,0.0
2022-01-19 17:19:45.001948,0.0,0.0,0.0
2022-01-19 17:19:45.505207,0.0,0.0,0.0
2022-01-19 17:19:46.001947,0.0,0.0,0.0
2022-01-19 17:19:46.506371,0.0,0.0,0.0
2022-01-19 17:19:47.002218,0.0,0.0,0.0
2022-01-19 17:19:47.506823,0.0,0.0,0.03864
2022-01-19 17:19:48.003487,0.0,0.0,0.03864
2022-01-19 17:19:48.508723,0.0,0.0,0.0
2022-01-19 17:19:49.005815,0.0,0.0,0.0
2022-01-19 17:19:49.507371,0.0,0.0,0.0
2022-01-19 17:19:50.004698,0.0,0.0,0.0
2022-01-19 17:19:50.510465,0.0,0.0,0.0
2022-01-19 17:19:51.006992,0.0,0.0,0.0
2022-01-19 17:19:51.502693,0.0,0.0,0.0
2022-01-19 17:19:52.009786,0.0,0.0,0.0
2022-01-19 17:19:52.504573,0.0,0.0,0.0
2022-01-19 17:19:53.003532,0.0,0.0,0.0
2022-01-19 17:19:53.509032,0.0,0.0,0.0
2022-01-19 17:19:54.007460,0.0,0.0,0.0
2022-01-19 17:19:54.503677,0.0,0.0,0.0
2022-01-19 17:19:55.010352,0.0,0.0,0.0
2022-01-19 17:19:55.504587,0.0,0.0,0.0
2022-01-19 17:19:56.001894,0.0,0.0,0.0
2022-01-19 17:19:56.508296,0.0,0.0,-0.03864
2022-01-19 17:19:57.005981,0.0,0.0,-0.03864
2022-01-19 17:19:57.509955,0.0,0.0,-0.03864
2022-01-19 17:19:58.007457,0.0,0.0,-0.03864
2022-01-19 17:19:58.501728,0.0,0.0,0.0
2022-01-19 17:19:59.009150,0.0,0.0,0.0
2022-01-19 17:19:59.506160,0.0,0.0,0.0
2022-01-19 17:20:00.004256,0.0,0.0,0.0
2022-01-19 17:20:00.509337,0.0,0.0,0.0
2022-01-19 17:20:01.006408,0.0,0.0,0.0
2022-01-19 17:20:01.501553,0.0,0.0,0.0
2022-01-19 17:20:02.009529,0.0,0.0,0.0
2022-01-19 17:20:02.504312,0.0,0.0,0.0
2022-01-19 17:20:03.002600,0.0,0.0,0.0
2022-01-19 17:20:03.507767,0.0,0.0,0.0
2022-01-19 17:20:04.004561,0.0,0.0,0.0
2022-01-19 17:20:04.509083,0.0,0.0,0.0
2022-01-19 17:20:05.005143,0.0,0.0,0.0
2022-01-19 17:20:06.005477,0.0,0.0,0.0
2022-01-19 17:20:06.502287,0.0,0.0,0.0
2022-01-19 17:20:07.009296,0.0,0.0,0.0
2022-01-19 17:20:07.502692,0.0,0.0,0.0
2022-01-19 17:20:08.009516,0.0,0.0,0.0
2022-01-19 17:20:08.505476,0.0,0.0,0.0
2022-01-19 17:20:09.001405,0.0,0.0,0.0
2022-01-19 17:20:09.506135,0.0,0.0,0.0
2022-01-19 17:20:10.004603,0.0,0.0,0.0
2022-01-19 17:20:10.500876,0.0,0.0,0.0
2022-01-19 17:20:11.003211,0.0,0.0,0.0
2022-01-19 17:20:11.509183,0.0,0.0,0.0
2022-01-19 17:20:12.006589,0.0,0.0,0.0
2022-01-19 17:20:12.501079,0.0,0.0,0.0
2022-01-19 17:20:13.010834,0.0,0.0,0.0
2022-01-19 17:20:13.507886,0.0,0.0,0.0
2022-01-19 17:20:14.003533,0.0,0.0,0.0
2022-01-19 17:20:14.508492,0.0,0.0,0.0
2022-01-19 17:20:15.004912,0.0,0.0,0.0
2022-01-19 17:20:15.501890,0.0,0.0,0.0
2022-01-19 17:20:16.008652,0.0,0.0,0.0
2022-01-19 17:20:16.503441,0.0,0.0,0.0
2022-01-19 17:20:17.001098,0.0,0.0,0.0
2022-01-19 17:20:17.505804,0.0,0.0,0.0
2022-01-19 17:20:18.002542,0.0,0.0,0.0
2022-01-19 17:20:18.507447,0.0,0.0,0.0
2022-01-19 17:20:19.003671,0.0,0.0,0.0
2022-01-19 17:20:19.510418,0.0,0.0,0.0
2022-01-19 17:20:20.008583,0.0,0.0,0.0
2022-01-19 17:20:20.505782,0.0,0.0,0.0
2022-01-19 17:20:21.001802,0.0,0.0,0.0
2022-01-19 17:20:21.505985,0.0,0.0,0.0
2022-01-19 17:20:22.003362,0.0,0.0,0.0
2022-01-19 17:20:22.507977,0.0,0.0,0.0
2022-01-19 17:20:23.004455,0.0,0.0,0.0
2022-01-19 17:20:23.509707,0.0,0.0,0.0
2022-01-19 17:20:24.006801,0.0,0.0,0.0
2022-01-19 17:20:24.502747,0.0,0.0,0.0
2022-01-19 17:20:25.009171,0.0,0.0,0.0
2022-01-19 17:20:25.504439,0.0,0.0,0.0
2022-01-19 17:20:26.010717,0.0,0.0,0.0
2022-01-19 17:20:26.504221,0.0,0.0,0.0
2022-01-19 17:20:27.003269,0.0,0.0,0.0
2022-01-19 17:20:27.501304,0.0,0.0,0.0
2022-01-19 17:20:28.008399,0.0,0.0,0.0
2022-01-19 17:20:28.503726,0.0,0.0,0.0
2022-01-19 17:20:29.001637,0.0,0.0,0.0
2022-01-19 17:20:29.505484,0.0,0.0,0.0
2022-01-19 17:20:30.002662,0.0,0.0,0.0
2022-01-19 17:20:30.507509,0.0,0.0,0.0
2022-01-19 17:20:31.005342,0.0,0.0,0.0
2022-01-19 17:20:31.509555,0.0,0.0,0.0
2022-01-19 17:20:32.006526,0.0,0.0,0.0
2022-01-19 17:20:32.510837,0.0,0.0,0.0
2022-01-19 17:20:33.009258,0.0,0.0,0.0
2022-01-19 17:20:33.504229,0.0,0.0,0.0
2022-01-19 17:20:34.003200,0.0,0.0,0.0
2022-01-19 17:20:34.510880,0.0,0.0,0.0
2022-01-19 17:20:35.007393,0.0,0.0,0.0
2022-01-19 17:20:35.502077,0.0,0.0,0.0
2022-01-19 17:20:36.009157,0.0,0.0,0.0
2022-01-19 17:20:36.503117,0.0,0.0,0.0
2022-01-19 17:20:37.001206,0.0,0.0,0.0
2022-01-19 17:20:37.505563,0.0,0.0,0.0
2022-01-19 17:20:38.002877,0.0,0.0,0.0
2022-01-19 17:20:38.506963,0.0,0.0,0.0
2022-01-19 17:20:39.004564,0.0,0.0,0.0
2022-01-19 17:20:39.501122,0.0,0.0,0.0
2022-01-19 17:20:40.007478,0.0,0.0,0.0
2022-01-19 17:20:40.502758,0.0,0.0,0.0
2022-01-19 17:20:41.009890,0.0,0.0,0.0
2022-01-19 17:20:41.505277,0.0,0.0,0.0
2022-01-19 17:20:42.001071,0.0,0.0,0.0
2022-01-19 17:20:42.506609,0.0,0.0,0.0
2022-01-19 17:20:43.003318,0.0,0.0,0.0
2022-01-19 17:20:43.508562,0.0,0.0,0.0
2022-01-19 17:20:44.004714,0.0,0.0,0.0
2022-01-19 17:20:44.510683,0.0,0.0,0.0
2022-01-19 17:20:45.008486,0.0,0.0,0.0
2022-01-19 17:20:45.503912,0.0,0.0,0.0
2022-01-19 17:20:46.001898,0.0,0.0,0.0
2022-01-19 17:20:46.508153,0.0,0.0,0.0
2022-01-19 17:20:47.004941,0.0,0.0,0.0
2022-01-19 17:20:47.509109,0.0,0.0,0.0
2022-01-19 17:20:48.006302,0.0,0.0,0.0
2022-01-19 17:20:48.501206,0.0,0.0,0.0
2022-01-19 17:20:49.008482,0.0,0.0,0.0
2022-01-19 17:20:49.503962,0.0,0.0,0.0
2022-01-19 17:20:50.002085,0.0,0.0,0.0
2022-01-19 17:20:50.506541,0.0,0.0,0.0
2022-01-19 17:20:51.004042,0.0,0.0,0.0
2022-01-19 17:20:51.510870,0.0,0.0,0.0
2022-01-19 17:20:52.008420,0.0,0.0,0.0
2022-01-19 17:20:52.503248,0.0,0.0,0.0
2022-01-19 17:20:53.010211,0.0,0.0,0.0
2022-01-19 17:20:53.504326,0.0,0.0,0.0
2022-01-19 17:20:54.001389,0.0,0.0,0.0
2022-01-19 17:20:54.505837,0.0,0.0,0.0
2022-01-19 17:20:55.003405,0.0,0.0,0.0
2022-01-19 17:20:55.510101,0.0,0.0,0.0
2022-01-19 17:20:56.006374,0.0,0.0,0.0
2022-01-19 17:20:56.502290,0.0,0.0,0.0
2022-01-19 17:20:57.010294,0.0,0.0,0.0
2022-01-19 17:20:57.503721,0.0,0.0,0.0
2022-01-19 17:20:58.009933,0.0,0.0,0.0
2022-01-19 17:20:58.504116,0.0,0.0,0.0
2022-01-19 17:20:59.010340,0.0,0.0,0.0
2022-01-19 17:20:59.504353,0.0,0.0,0.0
2022-01-19 17:21:00.002209,0.0,0.0,0.0
2022-01-19 17:21:00.506830,0.0,0.0,0.0
2022-01-19 17:21:01.003556,0.0,0.0,0.0
2022-01-19 17:21:01.509829,0.0,0.0,0.0
2022-01-19 17:21:02.006641,0.0,0.0,0.0
2022-01-19 17:21:02.501237,0.0,0.0,-0.03864
2022-01-19 17:21:03.008429,0.0,0.0,-0.03864
2022-01-19 17:21:03.503873,0.0,0.0,0.0
2022-01-19 17:21:04.010542,0.0,0.0,0.0
2022-01-19 17:21:04.504130,0.0,0.0,-0.03864
2022-01-19 17:21:05.001328,0.0,0.0,-0.03864
2022-01-19 17:21:05.505984,0.0,0.0,-0.03864
2022-01-19 17:21:06.002436,0.0,0.0,-0.03864
2022-01-19 17:21:06.507724,0.0,0.0,-0.03864
2022-01-19 17:21:07.004231,0.0,0.0,-0.03864
2022-01-19 17:21:07.509351,0.0,0.0,0.0
2022-01-19 17:21:08.006778,0.0,0.0,0.0
2022-01-19 17:21:08.505069,0.0,0.0,0.0
2022-01-19 17:21:09.002136,0.0,0.0,0.0
2022-01-19 17:21:09.507823,0.0,0.0,0.0
2022-01-19 17:21:10.004738,0.0,0.0,0.0
2022-01-19 17:21:10.509938,0.0,0.0,0.0
2022-01-19 17:21:11.005537,0.0,0.0,0.0
2022-01-19 17:21:11.509723,0.0,0.0,0.0
2022-01-19 17:21:12.006922,0.0,0.0,0.0
2022-01-19 17:21:12.501933,0.0,0.0,0.0
2022-01-19 17:21:13.009165,0.0,0.0,0.0
2022-01-19 17:21:13.502609,0.0,0.0,0.0
2022-01-19 17:21:14.010267,0.0,0.0,0.0
2022-01-19 17:21:14.504994,0.0,0.0,0.0
2022-01-19 17:21:15.002419,0.0,0.0,0.0
2022-01-19 17:21:15.508257,0.0,0.0,0.0
2022-01-19 17:21:16.004590,0.0,0.0,0.0
2022-01-19 17:21:16.509559,0.0,0.0,0.0
2022-01-19 17:21:17.006898,0.0,0.0,0.0
2022-01-19 17:21:17.502202,0.0,0.0,0.0
2022-01-19 17:21:18.008169,0.0,0.0,0.0
2022-01-19 17:21:18.503124,0.0,0.0,0.0
2022-01-19 17:21:19.010547,0.0,0.0,0.0
2022-01-19 17:21:19.505287,0.0,0.0,0.0
2022-01-19 17:21:20.002508,0.0,0.0,0.0
2022-01-19 17:21:20.507421,0.0,0.0,0.0
2022-01-19 17:21:21.006003,0.0,0.0,0.0
2022-01-19 17:21:21.510849,0.0,0.0,0.0
2022-01-19 17:21:22.009291,0.0,0.0,0.0
2022-01-19 17:21:22.505153,0.0,0.0,0.0
2022-01-19 17:21:23.002662,0.0,0.0,0.0
2022-01-19 17:21:23.509929,0.0,0.0,0.0
2022-01-19 17:21:24.005859,0.0,0.0,0.0
2022-01-19 17:21:24.501222,0.0,0.0,0.0
2022-01-19 17:21:25.007332,0.0,0.0,0.0
2022-01-19 17:21:25.503174,0.0,0.0,0.0
