時間,回転１,回転２,回転３
2022-01-19 19:00:00.011220,0.0,0.0,0.0
2022-01-19 19:00:00.502163,0.0,0.0,0.0
2022-01-19 19:00:01.009390,0.0,0.0,0.0
2022-01-19 19:00:01.503337,0.0,0.0,0.0
2022-01-19 19:00:02.009287,0.0,0.0,0.0
2022-01-19 19:00:02.506838,0.0,0.0,0.0
2022-01-19 19:00:03.010031,0.0,0.0,0.0
2022-01-19 19:00:03.505336,0.0,0.0,0.0
2022-01-19 19:00:04.004003,0.0,0.0,0.0
2022-01-19 19:00:04.509511,0.0,0.0,0.0
2022-01-19 19:00:05.008017,0.0,0.0,0.0
2022-01-19 19:00:05.502391,0.0,0.0,0.0
2022-01-19 19:00:06.010809,0.0,0.0,0.0
2022-01-19 19:00:06.505553,0.0,0.0,0.0
2022-01-19 19:00:07.006047,0.0,0.0,0.0
2022-01-19 19:00:07.505114,0.0,0.0,0.0
2022-01-19 19:00:08.005034,0.0,0.0,0.0
2022-01-19 19:00:08.510953,0.0,0.0,0.0
2022-01-19 19:00:09.008953,0.0,0.0,0.0
2022-01-19 19:00:09.507783,0.0,0.0,0.0
2022-01-19 19:00:10.005765,0.0,0.0,0.0
2022-01-19 19:00:10.509895,0.0,0.0,0.0
2022-01-19 19:00:11.004513,0.0,0.0,0.0
2022-01-19 19:00:11.510460,0.0,0.0,0.0
2022-01-19 19:00:12.007128,0.0,0.0,0.0
2022-01-19 19:00:12.502274,0.0,0.0,0.0
2022-01-19 19:00:13.009286,0.0,0.0,0.0
2022-01-19 19:00:13.504766,0.0,0.0,0.0
2022-01-19 19:00:14.002745,0.0,0.0,0.0
2022-01-19 19:00:14.508164,0.0,0.0,0.0
2022-01-19 19:00:15.007807,0.0,0.0,0.0
2022-01-19 19:00:15.502475,0.0,0.0,0.0
2022-01-19 19:00:16.010507,0.0,0.0,0.0
2022-01-19 19:00:16.504153,0.0,0.0,0.0
2022-01-19 19:00:17.003464,0.0,0.0,0.0
2022-01-19 19:00:17.508100,0.0,0.0,0.0
2022-01-19 19:00:18.006233,0.0,0.0,0.0
2022-01-19 19:00:18.502357,0.0,0.0,0.0
2022-01-19 19:00:19.009518,0.0,0.0,0.0
2022-01-19 19:00:19.504261,0.0,0.0,0.0
2022-01-19 19:00:20.002333,0.0,0.0,0.0
2022-01-19 19:00:20.508222,0.0,0.0,0.0
2022-01-19 19:00:21.004570,0.0,0.0,0.0
2022-01-19 19:00:21.510421,0.0,0.0,0.0
2022-01-19 19:00:22.010575,0.0,0.0,0.0
2022-01-19 19:00:22.506889,0.0,0.0,0.0
2022-01-19 19:00:23.004380,0.0,0.0,0.0
2022-01-19 19:00:23.509969,0.0,0.0,0.0
2022-01-19 19:00:24.007583,0.0,0.0,0.0
2022-01-19 19:00:24.503983,0.0,0.0,0.0
2022-01-19 19:00:25.002498,0.0,0.0,0.0
2022-01-19 19:00:25.510746,0.0,0.0,0.0
2022-01-19 19:00:26.009342,0.0,0.0,0.0
2022-01-19 19:00:26.506390,0.0,0.0,0.0
2022-01-19 19:00:27.004323,0.0,0.0,0.0
2022-01-19 19:00:27.508250,0.0,0.0,0.0
2022-01-19 19:00:28.007377,0.0,0.0,0.0
2022-01-19 19:00:28.502439,0.0,0.0,0.0
2022-01-19 19:00:29.002686,0.0,0.0,0.0
2022-01-19 19:00:29.507603,0.0,0.0,0.0
2022-01-19 19:00:30.005288,0.0,0.0,0.0
2022-01-19 19:00:30.501069,0.0,0.0,0.0
2022-01-19 19:00:31.008943,0.0,0.0,0.0
2022-01-19 19:00:31.502656,0.0,0.0,0.0
2022-01-19 19:00:32.010611,0.0,0.0,0.0
2022-01-19 19:00:32.507716,0.0,0.0,0.0
2022-01-19 19:00:33.004456,0.0,0.0,0.0
2022-01-19 19:00:33.508663,0.0,0.0,0.0
2022-01-19 19:00:34.005873,0.0,0.0,0.0
2022-01-19 19:00:34.511087,0.0,0.0,0.0
2022-01-19 19:00:35.008017,0.0,0.0,0.0
2022-01-19 19:00:35.506058,0.0,0.0,0.0
2022-01-19 19:00:36.004587,0.0,0.0,0.0
2022-01-19 19:00:36.509750,0.0,0.0,0.0
2022-01-19 19:00:37.008167,0.0,0.0,0.0
2022-01-19 19:00:37.504923,0.0,0.0,0.0
2022-01-19 19:00:38.001627,0.0,0.0,0.0
2022-01-19 19:00:38.506764,0.0,0.0,0.0
2022-01-19 19:00:39.006564,0.0,0.0,0.0
2022-01-19 19:00:39.501052,0.0,0.0,0.0
2022-01-19 19:00:40.008978,0.0,0.0,0.0
2022-01-19 19:00:40.503138,0.0,0.0,0.0
2022-01-19 19:00:41.001235,0.0,0.0,0.0
2022-01-19 19:00:41.506302,0.0,0.0,0.0
2022-01-19 19:00:42.004295,0.0,0.0,0.0
2022-01-19 19:00:42.509890,0.0,0.0,0.0
2022-01-19 19:00:43.008115,0.0,0.0,0.0
2022-01-19 19:00:43.503172,0.0,0.0,0.0
2022-01-19 19:00:44.002605,0.0,0.0,0.0
2022-01-19 19:00:44.507166,0.0,0.0,0.0
2022-01-19 19:00:45.005635,0.0,0.0,0.0
2022-01-19 19:00:45.501454,0.0,0.0,0.0
2022-01-19 19:00:46.009890,0.0,0.0,0.0
2022-01-19 19:00:46.504724,0.0,0.0,0.0
2022-01-19 19:00:47.002776,0.0,0.0,0.0
2022-01-19 19:00:47.507501,0.0,0.0,0.0
2022-01-19 19:00:48.006585,0.0,0.0,0.0
2022-01-19 19:00:48.501856,0.0,0.0,0.0
2022-01-19 19:00:49.011170,0.0,0.0,0.0
2022-01-19 19:00:49.507476,0.0,0.0,0.0
2022-01-19 19:00:50.006722,0.0,0.0,0.0
2022-01-19 19:00:50.502791,0.0,0.0,0.0
2022-01-19 19:00:51.010920,0.0,0.0,0.0
2022-01-19 19:00:51.505920,0.0,0.0,0.0
2022-01-19 19:00:52.003695,0.0,0.0,0.0
2022-01-19 19:00:52.504145,0.0,0.0,0.0
2022-01-19 19:00:53.002369,0.0,0.0,0.0
2022-01-19 19:00:53.507366,0.0,0.0,0.0
2022-01-19 19:00:54.009181,0.0,0.0,0.0
2022-01-19 19:00:54.506531,0.0,0.0,0.0
2022-01-19 19:00:55.010503,0.0,0.0,0.0
2022-01-19 19:00:55.509775,0.0,0.0,0.0
2022-01-19 19:00:56.005927,0.0,0.0,0.0
2022-01-19 19:00:56.502229,0.0,0.0,0.0
2022-01-19 19:00:57.010142,0.0,0.0,0.0
2022-01-19 19:00:57.507449,0.0,0.0,0.0
2022-01-19 19:00:58.004278,0.0,0.0,0.0
2022-01-19 19:00:58.509784,0.0,0.0,0.0
2022-01-19 19:00:59.007224,0.0,0.0,0.0
2022-01-19 19:00:59.502159,0.0,0.0,0.0
2022-01-19 19:01:00.504009,0.0,0.0,0.0
2022-01-19 19:01:01.003459,0.0,0.0,0.0
2022-01-19 19:01:01.508519,0.0,0.0,0.0
2022-01-19 19:01:02.007364,0.0,0.0,0.0
2022-01-19 19:01:02.502733,0.0,0.0,0.0
2022-01-19 19:01:03.001488,0.0,0.0,0.0
2022-01-19 19:01:03.506763,0.0,0.0,0.0
2022-01-19 19:01:04.004713,0.0,0.0,0.0
2022-01-19 19:01:04.509965,0.0,0.0,0.0
2022-01-19 19:01:05.007424,0.0,0.0,0.0
2022-01-19 19:01:05.503127,0.0,0.0,0.0
2022-01-19 19:01:06.001539,0.0,0.0,0.0
2022-01-19 19:01:06.506240,0.0,0.0,0.0
2022-01-19 19:01:07.005554,0.0,0.0,0.0
2022-01-19 19:01:07.501674,0.0,0.0,0.0
2022-01-19 19:01:08.010303,0.0,0.0,0.0
2022-01-19 19:01:08.505391,0.0,0.0,0.0
2022-01-19 19:01:09.003734,0.0,0.0,0.0
2022-01-19 19:01:09.508586,0.0,0.0,0.0
2022-01-19 19:01:10.009926,0.0,0.0,0.0
2022-01-19 19:01:10.507050,0.0,0.0,0.0
2022-01-19 19:01:11.001072,0.0,0.0,0.0
2022-01-19 19:01:11.506891,0.0,0.0,0.0
2022-01-19 19:01:12.004900,0.0,0.0,0.0
2022-01-19 19:01:12.510343,0.0,0.0,0.0
2022-01-19 19:01:13.007746,0.0,0.0,0.0
2022-01-19 19:01:13.502520,0.0,0.0,0.0
2022-01-19 19:01:14.010817,0.0,0.0,0.0
2022-01-19 19:01:14.505264,0.0,0.0,0.0
2022-01-19 19:01:15.003489,0.0,0.0,0.0
2022-01-19 19:01:15.508299,0.0,0.0,0.0
2022-01-19 19:01:16.007274,0.0,0.0,0.0
2022-01-19 19:01:16.501409,0.0,0.0,0.0
2022-01-19 19:01:17.010368,0.0,0.0,0.0
2022-01-19 19:01:17.507906,0.0,0.0,0.0
2022-01-19 19:01:18.007411,0.0,0.0,0.0
2022-01-19 19:01:18.502618,0.0,0.0,0.0
2022-01-19 19:01:19.010613,0.0,0.0,0.0
2022-01-19 19:01:19.506735,0.0,0.0,0.0
2022-01-19 19:01:20.002924,0.0,0.0,0.0
2022-01-19 19:01:20.508132,0.0,0.0,0.0
2022-01-19 19:01:21.007565,0.0,0.0,0.0
2022-01-19 19:01:21.504543,0.0,0.0,0.0
2022-01-19 19:01:22.002656,0.0,0.0,0.0
2022-01-19 19:01:22.508390,0.0,0.0,0.0
2022-01-19 19:01:23.007431,0.0,0.0,0.0
2022-01-19 19:01:23.502041,0.0,0.0,0.0
2022-01-19 19:01:24.009815,0.0,0.0,0.0
2022-01-19 19:01:24.506361,0.0,0.0,0.0
2022-01-19 19:01:25.003797,0.0,0.0,0.0
2022-01-19 19:01:25.510377,0.0,0.0,0.0
2022-01-19 19:01:26.008639,0.0,0.0,0.0
2022-01-19 19:01:26.504692,0.0,0.0,0.0
2022-01-19 19:01:27.002393,0.0,0.0,0.0
2022-01-19 19:01:27.508028,0.0,0.0,0.0
2022-01-19 19:01:28.008492,0.0,0.0,0.0
2022-01-19 19:01:28.502548,0.0,0.0,0.0
2022-01-19 19:01:29.010890,0.0,0.0,0.0
2022-01-19 19:01:29.506766,0.0,0.0,0.0
2022-01-19 19:01:30.005641,0.0,0.0,0.0
2022-01-19 19:01:30.510273,0.0,0.0,0.0
2022-01-19 19:01:31.008253,0.0,0.0,0.0
2022-01-19 19:01:31.506432,0.0,0.0,0.0
2022-01-19 19:01:32.004415,0.0,0.0,0.0
2022-01-19 19:01:32.510401,0.0,0.0,0.0
2022-01-19 19:01:33.007668,0.0,0.0,0.0
2022-01-19 19:01:33.502806,0.0,0.0,0.0
2022-01-19 19:01:34.011153,0.0,0.0,0.0
2022-01-19 19:01:34.506216,0.0,0.0,0.0
2022-01-19 19:01:35.003188,0.0,0.0,0.0
2022-01-19 19:01:35.508830,0.0,0.0,0.0
2022-01-19 19:01:36.006901,0.0,0.0,0.0
2022-01-19 19:01:36.500948,0.0,0.0,0.0
2022-01-19 19:01:37.010701,0.0,0.0,0.0
2022-01-19 19:01:37.504854,0.0,0.0,0.0
2022-01-19 19:01:38.003485,0.0,0.0,0.0
2022-01-19 19:01:38.508581,0.0,0.0,0.0
2022-01-19 19:01:39.006786,0.0,0.0,0.0
2022-01-19 19:01:39.510387,0.0,0.0,0.0
2022-01-19 19:01:40.007937,0.0,0.0,0.0
2022-01-19 19:01:40.503034,0.0,0.0,0.0
2022-01-19 19:01:41.001848,0.0,0.0,0.0
2022-01-19 19:01:41.506750,0.0,0.0,0.0
2022-01-19 19:01:42.005646,0.0,0.0,0.0
2022-01-19 19:01:42.509111,0.0,0.0,0.0
2022-01-19 19:01:43.006637,0.0,0.0,0.0
2022-01-19 19:01:43.502465,0.0,0.0,0.0
2022-01-19 19:01:44.010758,0.0,0.0,0.0
2022-01-19 19:01:44.504066,0.0,0.0,0.0
2022-01-19 19:01:45.003503,0.0,0.0,0.0
2022-01-19 19:01:45.510301,0.0,0.0,0.0
2022-01-19 19:01:46.007454,0.0,0.0,0.0
2022-01-19 19:01:46.501511,0.0,0.0,0.0
2022-01-19 19:01:47.010353,0.0,0.0,0.0
2022-01-19 19:01:47.505206,0.0,0.0,0.0
2022-01-19 19:01:48.003846,0.0,0.0,0.0
2022-01-19 19:01:48.501787,0.0,0.0,0.0
2022-01-19 19:01:49.009621,0.0,0.0,0.0
2022-01-19 19:01:49.504602,0.0,0.0,0.0
2022-01-19 19:01:50.002722,0.0,0.0,0.0
2022-01-19 19:01:50.507509,0.0,0.0,0.0
2022-01-19 19:01:51.005236,0.0,0.0,0.0
2022-01-19 19:01:51.502269,0.0,0.0,0.0
2022-01-19 19:01:52.010111,0.0,0.0,0.0
2022-01-19 19:01:52.505177,0.0,0.0,0.0
2022-01-19 19:01:53.002966,0.0,0.0,0.0
2022-01-19 19:01:53.507403,0.0,0.0,0.0
2022-01-19 19:01:54.005506,0.0,0.0,0.0
2022-01-19 19:01:54.509904,0.0,0.0,0.0
2022-01-19 19:01:55.008556,0.0,0.0,0.0
2022-01-19 19:01:55.505748,0.0,0.0,0.0
2022-01-19 19:01:56.002108,0.0,0.0,0.0
2022-01-19 19:01:56.507256,0.0,0.0,0.0
2022-01-19 19:01:57.004554,0.0,0.0,0.0
2022-01-19 19:01:57.509883,0.0,0.0,0.0
2022-01-19 19:01:58.006516,0.0,0.0,0.0
2022-01-19 19:01:58.503449,0.0,0.0,0.0
2022-01-19 19:01:59.002648,0.0,0.0,0.0
2022-01-19 19:01:59.508220,0.0,0.0,0.0
2022-01-19 19:02:00.006065,0.0,0.0,0.0
2022-01-19 19:02:00.506236,0.0,0.0,0.0
2022-01-19 19:02:01.003849,0.0,0.0,0.0
2022-01-19 19:02:01.507486,0.0,0.0,0.0
2022-01-19 19:02:02.004808,0.0,0.0,0.0
2022-01-19 19:02:02.509712,0.0,0.0,0.0
2022-01-19 19:02:03.006554,0.0,0.0,0.0
2022-01-19 19:02:03.501566,0.0,0.0,0.0
2022-01-19 19:02:04.010585,0.0,0.0,0.0
2022-01-19 19:02:04.504826,0.0,0.0,0.0
2022-01-19 19:02:05.004146,0.0,0.0,0.0
2022-01-19 19:02:05.508977,0.0,0.0,0.0
2022-01-19 19:02:06.008529,0.0,0.0,0.0
2022-01-19 19:02:06.504853,0.0,0.0,0.0
2022-01-19 19:02:07.003396,0.0,0.0,0.0
2022-01-19 19:02:07.508602,0.0,0.0,0.0
2022-01-19 19:02:08.006662,0.0,0.0,0.0
2022-01-19 19:02:08.503805,0.0,0.0,0.0
2022-01-19 19:02:09.001296,0.0,0.0,0.0
2022-01-19 19:02:09.507433,0.0,0.0,0.0
2022-01-19 19:02:10.005868,0.0,0.0,0.0
2022-01-19 19:02:10.510151,0.0,0.0,0.0
2022-01-19 19:02:11.004513,0.0,0.0,0.0
2022-01-19 19:02:11.510977,0.0,0.0,0.0
2022-01-19 19:02:12.010388,0.0,0.0,0.0
2022-01-19 19:02:12.505397,0.0,0.0,0.0
2022-01-19 19:02:13.003544,0.0,0.0,0.0
2022-01-19 19:02:13.509177,0.0,0.0,0.0
2022-01-19 19:02:14.006901,0.0,0.0,0.0
2022-01-19 19:02:14.504731,0.0,0.0,0.0
2022-01-19 19:02:15.002780,0.0,0.0,0.0
2022-01-19 19:02:15.508908,0.0,0.0,0.0
2022-01-19 19:02:16.007725,0.0,0.0,0.0
2022-01-19 19:02:16.502767,0.0,0.0,0.0
2022-01-19 19:02:17.010869,0.0,0.0,0.0
2022-01-19 19:02:17.507624,0.0,0.0,0.0
2022-01-19 19:02:18.006907,0.0,0.0,0.0
2022-01-19 19:02:18.502266,0.0,0.0,0.0
2022-01-19 19:02:19.002190,0.0,0.0,0.0
2022-01-19 19:02:19.506733,0.0,0.0,0.0
2022-01-19 19:02:20.004044,0.0,0.0,0.0
2022-01-19 19:02:20.507941,0.0,0.0,0.0
2022-01-19 19:02:21.007057,0.0,0.0,0.0
2022-01-19 19:02:21.503553,0.0,0.0,0.0
2022-01-19 19:02:22.003920,0.0,0.0,0.0
2022-01-19 19:02:22.502499,0.0,0.0,0.0
2022-01-19 19:02:23.009157,0.0,0.0,0.0
2022-01-19 19:02:23.507087,0.0,0.0,0.0
2022-01-19 19:02:24.003807,0.0,0.0,0.0
2022-01-19 19:02:24.509520,0.0,0.0,0.0
2022-01-19 19:02:25.007299,0.0,0.0,0.0
2022-01-19 19:02:25.501403,0.0,0.0,0.0
2022-01-19 19:02:26.009810,0.0,0.0,0.0
2022-01-19 19:02:26.504347,0.0,0.0,0.0
2022-01-19 19:02:27.003448,0.0,0.0,0.0
2022-01-19 19:02:27.509814,0.0,0.0,0.0
2022-01-19 19:02:28.007524,0.0,0.0,0.0
2022-01-19 19:02:28.502833,0.0,0.0,0.0
2022-01-19 19:02:29.001090,0.0,0.0,0.0
2022-01-19 19:02:29.509816,0.0,0.0,0.0
2022-01-19 19:02:30.007925,0.0,0.0,0.0
2022-01-19 19:02:30.502025,0.0,0.0,0.0
2022-01-19 19:02:31.010192,0.0,0.0,0.0
2022-01-19 19:02:31.503480,0.0,0.0,0.0
2022-01-19 19:02:32.001398,0.0,0.0,0.0
2022-01-19 19:02:32.507998,0.0,0.0,0.0
2022-01-19 19:02:33.005873,0.0,0.0,0.0
2022-01-19 19:02:33.510120,0.0,0.0,0.0
2022-01-19 19:02:34.008650,0.0,0.0,0.0
2022-01-19 19:02:34.502610,0.0,0.0,0.0
2022-01-19 19:02:35.010478,0.0,0.0,0.0
2022-01-19 19:02:35.504588,0.0,0.0,0.0
2022-01-19 19:02:36.003352,0.0,0.0,0.0
2022-01-19 19:02:36.508137,0.0,0.0,0.0
2022-01-19 19:02:37.006794,0.0,0.0,0.0
2022-01-19 19:02:37.501164,0.0,0.0,0.0
2022-01-19 19:02:38.009479,0.0,0.0,0.0
2022-01-19 19:02:38.505184,0.0,0.0,0.0
2022-01-19 19:02:39.003191,0.0,0.0,0.0
2022-01-19 19:02:39.501152,0.0,0.0,0.0
2022-01-19 19:02:40.011112,0.0,0.0,0.0
2022-01-19 19:02:40.505765,0.0,0.0,0.0
2022-01-19 19:02:41.004624,0.0,0.0,0.0
2022-01-19 19:02:41.509525,0.0,0.0,0.0
2022-01-19 19:02:42.009982,0.0,0.0,0.0
2022-01-19 19:02:42.505050,0.0,0.0,0.0
2022-01-19 19:02:43.002435,0.0,0.0,0.0
2022-01-19 19:02:43.508981,0.0,0.0,0.0
2022-01-19 19:02:44.008510,0.0,0.0,0.0
2022-01-19 19:02:44.504627,0.0,0.0,0.0
2022-01-19 19:02:45.002056,0.0,0.0,0.0
2022-01-19 19:02:45.507376,0.0,0.0,0.0
2022-01-19 19:02:46.006048,0.0,0.0,0.0
2022-01-19 19:02:46.501157,0.0,0.0,0.0
2022-01-19 19:02:47.010392,0.0,0.0,0.0
2022-01-19 19:02:47.505723,0.0,0.0,0.0
2022-01-19 19:02:48.004034,0.0,0.0,0.0
2022-01-19 19:02:48.510148,0.0,0.0,0.0
2022-01-19 19:02:49.007436,0.0,0.0,0.0
2022-01-19 19:02:49.503250,0.0,0.0,0.0
2022-01-19 19:02:50.001129,0.0,0.0,0.0
2022-01-19 19:02:50.508314,0.0,0.0,0.0
2022-01-19 19:02:51.006981,0.0,0.0,0.0
2022-01-19 19:02:51.502633,0.0,0.0,0.0
2022-01-19 19:02:52.011116,0.0,0.0,0.0
2022-01-19 19:02:52.508090,0.0,0.0,0.0
2022-01-19 19:02:53.008476,0.0,0.0,0.0
2022-01-19 19:02:53.502591,0.0,0.0,0.0
2022-01-19 19:02:54.010769,0.0,0.0,0.0
2022-01-19 19:02:54.505022,0.0,0.0,0.0
2022-01-19 19:02:55.002193,0.0,0.0,0.0
2022-01-19 19:02:55.507861,0.0,0.0,0.0
2022-01-19 19:02:56.003352,0.0,0.0,0.0
2022-01-19 19:02:56.509988,0.0,0.0,0.0
2022-01-19 19:02:57.008147,0.0,0.0,0.0
2022-01-19 19:02:57.503388,0.0,0.0,0.0
2022-01-19 19:02:58.010682,0.0,0.0,0.0
2022-01-19 19:02:58.504519,0.0,0.0,0.0
2022-01-19 19:02:59.003162,0.0,0.0,0.0
2022-01-19 19:02:59.508806,0.0,0.0,0.0
2022-01-19 19:03:00.007966,0.0,0.0,0.0
2022-01-19 19:03:00.502098,0.0,0.0,0.0
2022-01-19 19:03:01.010725,0.0,0.0,0.0
2022-01-19 19:03:01.504679,0.0,0.0,0.0
2022-01-19 19:03:02.003685,0.0,0.0,0.0
2022-01-19 19:03:02.509812,0.0,0.0,0.0
2022-01-19 19:03:03.009044,0.0,0.0,0.0
2022-01-19 19:03:03.505566,0.0,0.0,0.0
2022-01-19 19:03:04.003781,0.0,0.0,0.0
2022-01-19 19:03:04.509462,0.0,0.0,0.0
2022-01-19 19:03:05.006720,0.0,0.0,0.0
2022-01-19 19:03:05.501810,0.0,0.0,0.0
2022-01-19 19:03:06.010716,0.0,0.0,0.0
2022-01-19 19:03:06.505665,0.0,0.0,0.0
2022-01-19 19:03:07.003937,0.0,0.0,0.0
2022-01-19 19:03:07.509134,0.0,0.0,0.0
2022-01-19 19:03:08.006317,0.0,0.0,0.0
2022-01-19 19:03:08.510569,0.0,0.0,0.0
2022-01-19 19:03:09.008756,0.0,0.0,0.0
2022-01-19 19:03:09.502419,0.0,0.0,0.0
2022-01-19 19:03:10.001423,0.0,0.0,0.0
2022-01-19 19:03:10.505984,0.0,0.0,0.0
2022-01-19 19:03:11.010494,0.0,0.0,0.0
2022-01-19 19:03:11.505373,0.0,0.0,0.0
2022-01-19 19:03:12.003873,0.0,0.0,0.0
2022-01-19 19:03:12.508425,0.0,0.0,0.0
2022-01-19 19:03:13.005851,0.0,0.0,0.0
2022-01-19 19:03:13.510631,0.0,0.0,0.0
2022-01-19 19:03:14.008710,0.0,0.0,0.0
2022-01-19 19:03:14.504029,0.0,0.0,0.0
2022-01-19 19:03:15.001430,0.0,0.0,0.0
2022-01-19 19:03:15.507992,0.0,0.0,0.0
2022-01-19 19:03:16.006333,0.0,0.0,0.0
2022-01-19 19:03:16.501313,0.0,0.0,0.0
2022-01-19 19:03:17.009477,0.0,0.0,0.0
2022-01-19 19:03:17.505823,0.0,0.0,0.0
2022-01-19 19:03:18.003631,0.0,0.0,0.0
2022-01-19 19:03:18.508605,0.0,0.0,0.0
2022-01-19 19:03:19.006405,0.0,0.0,0.0
2022-01-19 19:03:19.503480,0.0,0.0,0.0
2022-01-19 19:03:20.002653,0.0,0.0,0.0
2022-01-19 19:03:20.509130,0.0,0.0,0.0
2022-01-19 19:03:21.008515,0.0,0.0,0.0
2022-01-19 19:03:21.502707,0.0,0.0,0.0
2022-01-19 19:03:22.011153,0.0,0.0,0.0
2022-01-19 19:03:22.505547,0.0,0.0,0.0
2022-01-19 19:03:23.003424,0.0,0.0,0.0
2022-01-19 19:03:23.510351,0.0,0.0,0.0
2022-01-19 19:03:24.007640,0.0,0.0,0.0
2022-01-19 19:03:24.504438,0.0,0.0,0.0
2022-01-19 19:03:25.002934,0.0,0.0,0.0
2022-01-19 19:03:25.506822,0.0,0.0,0.0
2022-01-19 19:03:26.004959,0.0,0.0,0.0
2022-01-19 19:03:26.510728,0.0,0.0,0.0
2022-01-19 19:03:27.008418,0.0,0.0,0.0
2022-01-19 19:03:27.503467,0.0,0.0,0.0
2022-01-19 19:03:28.001146,0.0,0.0,0.0
2022-01-19 19:03:28.507706,0.0,0.0,0.0
2022-01-19 19:03:29.007007,0.0,0.0,0.0
2022-01-19 19:03:29.511092,0.0,0.0,0.0
2022-01-19 19:03:30.008704,0.0,0.0,0.0
2022-01-19 19:03:30.505517,0.0,0.0,0.0
2022-01-19 19:03:31.004358,0.0,0.0,0.0
2022-01-19 19:03:31.509721,0.0,0.0,0.0
2022-01-19 19:03:32.007397,0.0,0.0,0.0
2022-01-19 19:03:32.502024,0.0,0.0,0.0
2022-01-19 19:03:33.010128,0.0,0.0,0.0
2022-01-19 19:03:33.504241,0.0,0.0,0.0
2022-01-19 19:03:34.002239,0.0,0.0,0.0
2022-01-19 19:03:34.507636,0.0,0.0,0.0
2022-01-19 19:03:35.006770,0.0,0.0,0.0
2022-01-19 19:03:35.505125,0.0,0.0,0.0
2022-01-19 19:03:36.004164,0.0,0.0,0.0
2022-01-19 19:03:36.509015,0.0,0.0,0.0
2022-01-19 19:03:37.007305,0.0,0.0,0.0
2022-01-19 19:03:37.502685,0.0,0.0,0.0
2022-01-19 19:03:38.009869,0.0,0.0,0.0
2022-01-19 19:03:38.505491,0.0,0.0,0.0
2022-01-19 19:03:39.003327,0.0,0.0,0.0
2022-01-19 19:03:39.508061,0.0,0.0,0.0
2022-01-19 19:03:40.008222,0.0,0.0,0.0
2022-01-19 19:03:40.502762,0.0,0.0,0.0
2022-01-19 19:03:41.001178,0.0,0.0,0.0
2022-01-19 19:03:41.505793,0.0,0.0,0.0
2022-01-19 19:03:42.004682,0.0,0.0,0.0
2022-01-19 19:03:42.501082,0.0,0.0,0.0
2022-01-19 19:03:43.505294,0.0,0.0,0.0
2022-01-19 19:03:44.002468,0.0,0.0,0.0
2022-01-19 19:03:44.508679,0.0,0.0,0.0
2022-01-19 19:03:45.006737,0.0,0.0,0.0
2022-01-19 19:03:45.503107,0.0,0.0,0.0
2022-01-19 19:03:46.001761,0.0,0.0,0.0
2022-01-19 19:03:46.506190,0.0,0.0,0.0
2022-01-19 19:03:47.003353,0.0,0.0,0.0
2022-01-19 19:03:47.508753,0.0,0.0,0.0
2022-01-19 19:03:48.007344,0.0,0.0,0.0
2022-01-19 19:03:48.502378,0.0,0.0,0.0
2022-01-19 19:03:49.009985,0.0,0.0,0.0
2022-01-19 19:03:49.506634,0.0,0.0,0.0
2022-01-19 19:03:50.004137,0.0,0.0,0.0
2022-01-19 19:03:50.508659,0.0,0.0,0.0
2022-01-19 19:03:51.007603,0.0,0.0,0.0
2022-01-19 19:03:51.502167,0.0,0.0,0.0
2022-01-19 19:03:52.009823,0.0,0.0,0.0
2022-01-19 19:03:52.504408,0.0,0.0,0.0
2022-01-19 19:03:53.003789,0.0,0.0,0.0
2022-01-19 19:03:53.509756,0.0,0.0,0.0
2022-01-19 19:03:54.008135,0.0,0.0,0.0
2022-01-19 19:03:54.503062,0.0,0.0,0.0
2022-01-19 19:03:55.010616,0.0,0.0,0.0
2022-01-19 19:03:55.506827,0.0,0.0,0.0
2022-01-19 19:03:56.005215,0.0,0.0,0.0
2022-01-19 19:03:56.508954,0.0,0.0,0.0
2022-01-19 19:03:57.006722,0.0,0.0,0.0
2022-01-19 19:03:57.503946,0.0,0.0,0.0
2022-01-19 19:03:58.002395,0.0,0.0,0.0
2022-01-19 19:03:58.507488,0.0,0.0,0.0
2022-01-19 19:03:59.008203,0.0,0.0,0.0
2022-01-19 19:03:59.504158,0.0,0.0,0.0
2022-01-19 19:04:00.002285,0.0,0.0,0.0
2022-01-19 19:04:00.507179,0.0,0.0,0.0
2022-01-19 19:04:01.005895,0.0,0.0,0.0
2022-01-19 19:04:01.503302,0.0,0.0,0.0
2022-01-19 19:04:02.001243,0.0,0.0,0.0
2022-01-19 19:04:02.508294,0.0,0.0,0.0
2022-01-19 19:04:03.006556,0.0,0.0,0.0
2022-01-19 19:04:03.510932,0.0,0.0,0.0
2022-01-19 19:04:04.008745,0.0,0.0,0.0
2022-01-19 19:04:04.502962,0.0,0.0,0.0
2022-01-19 19:04:05.001162,0.0,0.0,0.0
2022-01-19 19:04:05.506944,0.0,0.0,0.0
2022-01-19 19:04:06.003676,0.0,0.0,0.0
2022-01-19 19:04:06.508575,0.0,0.0,0.0
2022-01-19 19:04:07.007010,0.0,0.0,0.0
2022-01-19 19:04:07.502445,0.0,0.0,0.0
2022-01-19 19:04:08.009912,0.0,0.0,0.0
2022-01-19 19:04:08.505857,0.0,0.0,0.0
2022-01-19 19:04:09.004331,0.0,0.0,0.0
2022-01-19 19:04:09.501622,0.0,0.0,0.0
2022-01-19 19:04:10.009939,0.0,0.0,0.0
2022-01-19 19:04:10.504965,0.0,0.0,0.0
2022-01-19 19:04:11.001007,0.0,0.0,0.0
2022-01-19 19:04:11.508062,0.0,0.0,0.0
2022-01-19 19:04:12.006758,0.0,0.0,0.0
2022-01-19 19:04:12.502508,0.0,0.0,0.0
2022-01-19 19:04:13.010847,0.0,0.0,0.0
2022-01-19 19:04:13.506792,0.0,0.0,0.0
2022-01-19 19:04:14.004197,0.0,0.0,0.0
2022-01-19 19:04:14.509639,0.0,0.0,0.0
2022-01-19 19:04:15.006429,0.0,0.0,0.0
2022-01-19 19:04:15.501043,0.0,0.0,0.0
2022-01-19 19:04:16.009758,0.0,0.0,0.0
2022-01-19 19:04:16.509329,0.0,0.0,0.0
2022-01-19 19:04:17.007488,0.0,0.0,0.0
2022-01-19 19:04:17.503631,0.0,0.0,0.0
2022-01-19 19:04:18.011015,0.0,0.0,0.0
2022-01-19 19:04:18.506217,0.0,0.0,0.0
2022-01-19 19:04:19.005335,0.0,0.0,0.0
2022-01-19 19:04:19.502316,0.0,0.0,0.0
2022-01-19 19:04:20.010610,0.0,0.0,0.0
2022-01-19 19:04:20.504100,0.0,0.0,0.0
2022-01-19 19:04:21.001657,0.0,0.0,0.0
2022-01-19 19:04:21.509488,0.0,0.0,0.0
2022-01-19 19:04:22.006819,0.0,0.0,0.0
2022-01-19 19:04:22.501881,0.0,0.0,0.0
2022-01-19 19:04:23.001411,0.0,0.0,0.0
2022-01-19 19:04:23.506794,0.0,0.0,0.0
2022-01-19 19:04:24.002937,0.0,0.0,0.0
2022-01-19 19:04:24.507757,0.0,0.0,0.0
2022-01-19 19:04:25.004918,0.0,0.0,0.0
2022-01-19 19:04:25.501237,0.0,0.0,0.0
2022-01-19 19:04:26.009985,0.0,0.0,0.0
2022-01-19 19:04:26.506380,0.0,0.0,0.0
2022-01-19 19:04:27.004235,0.0,0.0,0.0
2022-01-19 19:04:27.501281,0.0,0.0,0.0
2022-01-19 19:04:28.009994,0.0,0.0,0.0
2022-01-19 19:04:28.503894,0.0,0.0,0.0
2022-01-19 19:04:29.001466,0.0,0.0,0.0
2022-01-19 19:04:29.505500,0.0,0.0,0.0
2022-01-19 19:04:30.003991,0.0,0.0,0.0
2022-01-19 19:04:30.509044,0.0,0.0,0.0
2022-01-19 19:04:31.007039,0.0,0.0,0.0
2022-01-19 19:04:31.502030,0.0,0.0,0.0
2022-01-19 19:04:32.010287,0.0,0.0,0.0
2022-01-19 19:04:32.504975,0.0,0.0,0.0
2022-01-19 19:04:33.002888,0.0,0.0,0.0
2022-01-19 19:04:33.508560,0.0,0.0,0.0
2022-01-19 19:04:34.006367,0.0,0.0,0.0
2022-01-19 19:04:34.510552,0.0,0.0,0.0
2022-01-19 19:04:35.008095,0.0,0.0,0.0
2022-01-19 19:04:35.504482,0.0,0.0,0.0
2022-01-19 19:04:36.002208,0.0,0.0,0.0
2022-01-19 19:04:36.507332,0.0,0.0,0.0
2022-01-19 19:04:37.005435,0.0,0.0,0.0
2022-01-19 19:04:37.509882,0.0,0.0,0.0
2022-01-19 19:04:38.007585,0.0,0.0,0.0
2022-01-19 19:04:38.502721,0.0,0.0,0.0
2022-01-19 19:04:39.001305,0.0,0.0,0.0
2022-01-19 19:04:39.505902,0.0,0.0,0.0
2022-01-19 19:04:40.004884,0.0,0.0,0.0
2022-01-19 19:04:40.508869,0.0,0.0,0.0
2022-01-19 19:04:41.007901,0.0,0.0,0.0
2022-01-19 19:04:41.503478,0.0,0.0,0.0
2022-01-19 19:04:42.001084,0.0,0.0,0.0
2022-01-19 19:04:42.506210,0.0,0.0,0.0
2022-01-19 19:04:43.004565,0.0,0.0,0.0
2022-01-19 19:04:43.510555,0.0,0.0,0.0
2022-01-19 19:04:44.009775,0.0,0.0,0.0
2022-01-19 19:04:44.504375,0.0,0.0,0.0
2022-01-19 19:04:45.001792,0.0,0.0,0.0
2022-01-19 19:04:45.509057,0.0,0.0,0.0
2022-01-19 19:04:46.006770,0.0,0.0,0.0
2022-01-19 19:04:46.501694,0.0,0.0,0.0
2022-01-19 19:04:47.001121,0.0,0.0,0.0
2022-01-19 19:04:47.505753,0.0,0.0,0.0
2022-01-19 19:04:48.003340,0.0,0.0,0.0
2022-01-19 19:04:48.509188,0.0,0.0,0.0
2022-01-19 19:04:49.006862,0.0,0.0,0.0
2022-01-19 19:04:49.501093,0.0,0.0,0.0
2022-01-19 19:04:50.008201,0.0,0.0,0.0
2022-01-19 19:04:50.504199,0.0,0.0,0.0
2022-01-19 19:04:51.003794,0.0,0.0,0.0
2022-01-19 19:04:51.509931,0.0,0.0,0.0
2022-01-19 19:04:52.009204,0.0,0.0,0.0
2022-01-19 19:04:52.503960,0.0,0.0,0.0
2022-01-19 19:04:53.003463,0.0,0.0,0.0
2022-01-19 19:04:53.509442,0.0,0.0,0.0
2022-01-19 19:04:54.006923,0.0,0.0,0.0
2022-01-19 19:04:54.501182,0.0,0.0,0.0
2022-01-19 19:04:55.010592,0.0,0.0,0.0
2022-01-19 19:04:55.505564,0.0,0.0,0.0
2022-01-19 19:04:56.003703,0.0,0.0,0.0
2022-01-19 19:04:56.509202,0.0,0.0,0.0
2022-01-19 19:04:57.008162,0.0,0.0,0.0
2022-01-19 19:04:57.502815,0.0,0.0,0.0
2022-01-19 19:04:58.002795,0.0,0.0,0.0
2022-01-19 19:04:58.507457,0.0,0.0,0.0
2022-01-19 19:04:59.004197,0.0,0.0,0.0
2022-01-19 19:04:59.508627,0.0,0.0,0.0
2022-01-19 19:05:00.005772,0.0,0.0,0.0
2022-01-19 19:05:00.501719,0.0,0.0,0.0
2022-01-19 19:05:01.010379,0.0,0.0,0.0
2022-01-19 19:05:01.505877,0.0,0.0,0.0
2022-01-19 19:05:02.004560,0.0,0.0,0.0
2022-01-19 19:05:02.509160,0.0,0.0,0.0
2022-01-19 19:05:03.008065,0.0,0.0,0.0
2022-01-19 19:05:03.503448,0.0,0.0,0.0
2022-01-19 19:05:04.010768,0.0,0.0,0.0
2022-01-19 19:05:04.505001,0.0,0.0,0.0
2022-01-19 19:05:05.001871,0.0,0.0,0.0
2022-01-19 19:05:05.506176,0.0,0.0,0.0
2022-01-19 19:05:06.002585,0.0,0.0,0.0
2022-01-19 19:05:06.507318,0.0,0.0,0.0
2022-01-19 19:05:07.010525,0.0,0.0,0.0
2022-01-19 19:05:07.506662,0.0,0.0,0.0
2022-01-19 19:05:08.008066,0.0,0.0,0.0
2022-01-19 19:05:08.503339,0.0,0.0,0.0
2022-01-19 19:05:09.011082,0.0,0.0,0.0
2022-01-19 19:05:09.505802,0.0,0.0,0.0
2022-01-19 19:05:10.002956,0.0,0.0,0.0
2022-01-19 19:05:10.509440,0.0,0.0,0.0
2022-01-19 19:05:11.005743,0.0,0.0,0.0
2022-01-19 19:05:11.501896,0.0,0.0,0.0
2022-01-19 19:05:12.009243,0.0,0.0,0.0
2022-01-19 19:05:12.504951,0.0,0.0,0.0
2022-01-19 19:05:13.003488,0.0,0.0,0.0
2022-01-19 19:05:13.509977,0.0,0.0,0.0
2022-01-19 19:05:14.006764,0.0,0.0,0.0
2022-01-19 19:05:14.501723,0.0,0.0,0.0
2022-01-19 19:05:15.010556,0.0,0.0,0.0
2022-01-19 19:05:15.505154,0.0,0.0,0.0
2022-01-19 19:05:16.002862,0.0,0.0,0.0
2022-01-19 19:05:16.506289,0.0,0.0,0.0
2022-01-19 19:05:17.003476,0.0,0.0,0.0
2022-01-19 19:05:17.509870,0.0,0.0,0.0
2022-01-19 19:05:18.007853,0.0,0.0,0.0
2022-01-19 19:05:18.503502,0.0,0.0,0.0
2022-01-19 19:05:19.001449,0.0,0.0,0.0
2022-01-19 19:05:19.505798,0.0,0.0,0.0
2022-01-19 19:05:20.004282,0.0,0.0,0.0
2022-01-19 19:05:20.510509,0.0,0.0,0.0
2022-01-19 19:05:21.007982,0.0,0.0,0.0
2022-01-19 19:05:21.502529,0.0,0.0,0.0
2022-01-19 19:05:22.001031,0.0,0.0,0.0
2022-01-19 19:05:22.506676,0.0,0.0,0.0
2022-01-19 19:05:23.004079,0.0,0.0,0.0
2022-01-19 19:05:23.508571,0.0,0.0,0.0
2022-01-19 19:05:24.006732,0.0,0.0,0.0
2022-01-19 19:05:24.501379,0.0,0.0,0.0
2022-01-19 19:05:25.009060,0.0,0.0,0.0
2022-01-19 19:05:25.502820,0.0,0.0,0.0
2022-01-19 19:05:26.011113,0.0,0.0,0.0
2022-01-19 19:05:26.506166,0.0,0.0,0.0
2022-01-19 19:05:27.003425,0.0,0.0,0.0
2022-01-19 19:05:27.510973,0.0,0.0,0.0
2022-01-19 19:05:28.009658,0.0,0.0,0.0
2022-01-19 19:05:28.505144,0.0,0.0,0.0
2022-01-19 19:05:29.001993,0.0,0.0,0.0
2022-01-19 19:05:29.506859,0.0,0.0,0.0
2022-01-19 19:05:30.004996,0.0,0.0,0.0
2022-01-19 19:05:30.509674,0.0,0.0,0.0
2022-01-19 19:05:31.007306,0.0,0.0,0.0
2022-01-19 19:05:31.502810,0.0,0.0,0.0
2022-01-19 19:05:32.010372,0.0,0.0,0.0
2022-01-19 19:05:32.505228,0.0,0.0,0.0
2022-01-19 19:05:33.002878,0.0,0.0,0.0
2022-01-19 19:05:33.508165,0.0,0.0,0.0
2022-01-19 19:05:34.006798,0.0,0.0,0.0
2022-01-19 19:05:34.502777,0.0,0.0,0.0
2022-01-19 19:05:35.010940,0.0,0.0,0.0
2022-01-19 19:05:35.506564,0.0,0.0,0.0
2022-01-19 19:05:36.003259,0.0,0.0,0.0
2022-01-19 19:05:36.509043,0.0,0.0,0.0
2022-01-19 19:05:37.007623,0.0,0.0,0.0
2022-01-19 19:05:37.503033,0.0,0.0,0.0
2022-01-19 19:05:38.011186,0.0,0.0,0.0
2022-01-19 19:05:38.505328,0.0,0.0,0.0
2022-01-19 19:05:39.002851,0.0,0.0,0.0
2022-01-19 19:05:39.508951,0.0,0.0,0.0
2022-01-19 19:05:40.005498,0.0,0.0,0.0
2022-01-19 19:05:40.510307,0.0,0.0,0.0
2022-01-19 19:05:41.007967,0.0,0.0,0.0
2022-01-19 19:05:41.505430,0.0,0.0,0.0
2022-01-19 19:05:42.003864,0.0,0.0,0.0
2022-01-19 19:05:42.508976,0.0,0.0,0.0
2022-01-19 19:05:43.005904,0.0,0.0,0.0
2022-01-19 19:05:43.510741,0.0,0.0,0.0
2022-01-19 19:05:44.007741,0.0,0.0,0.0
2022-01-19 19:05:44.504279,0.0,0.0,0.0
2022-01-19 19:05:45.002253,0.0,0.0,0.0
2022-01-19 19:05:45.508364,0.0,0.0,0.0
2022-01-19 19:05:46.006610,0.0,0.0,0.0
2022-01-19 19:05:46.510204,0.0,0.0,0.0
2022-01-19 19:05:47.007490,0.0,0.0,0.0
2022-01-19 19:05:47.502398,0.0,0.0,0.0
2022-01-19 19:05:48.010123,0.0,0.0,0.0
2022-01-19 19:05:48.505416,0.0,0.0,0.0
2022-01-19 19:05:49.002602,0.0,0.0,0.0
2022-01-19 19:05:49.506956,0.0,0.0,0.0
2022-01-19 19:05:50.005074,0.0,0.0,0.0
2022-01-19 19:05:50.510783,0.0,0.0,0.0
2022-01-19 19:05:51.009053,0.0,0.0,0.0
2022-01-19 19:05:51.506404,0.0,0.0,0.0
2022-01-19 19:05:52.003735,0.0,0.0,0.0
2022-01-19 19:05:52.509236,0.0,0.0,0.0
2022-01-19 19:05:53.006760,0.0,0.0,0.0
2022-01-19 19:05:53.501607,0.0,0.0,0.0
2022-01-19 19:05:54.010501,0.0,0.0,0.0
2022-01-19 19:05:54.505041,0.0,0.0,0.0
2022-01-19 19:05:55.003469,0.0,0.0,0.0
2022-01-19 19:05:55.507367,0.0,0.0,0.0
2022-01-19 19:05:56.006711,0.0,0.0,0.0
2022-01-19 19:05:56.510332,0.0,0.0,0.0
2022-01-19 19:05:57.008311,0.0,0.0,0.0
2022-01-19 19:05:57.502428,0.0,0.0,0.0
2022-01-19 19:05:58.009793,0.0,0.0,0.0
2022-01-19 19:05:58.508770,0.0,0.0,0.0
2022-01-19 19:05:59.007069,0.0,0.0,0.0
2022-01-19 19:05:59.510536,0.0,0.0,0.0
2022-01-19 19:06:00.007942,0.0,0.0,0.0
2022-01-19 19:06:00.501075,0.0,0.0,0.0
2022-01-19 19:06:01.009179,0.0,0.0,0.0
2022-01-19 19:06:01.506623,0.0,0.0,0.0
2022-01-19 19:06:02.005776,0.0,0.0,0.0
2022-01-19 19:06:02.510782,0.0,0.0,0.0
2022-01-19 19:06:03.009054,0.0,0.0,0.0
2022-01-19 19:06:03.503471,0.0,0.0,0.0
2022-01-19 19:06:04.002878,0.0,0.0,0.0
2022-01-19 19:06:04.508623,0.0,0.0,0.0
2022-01-19 19:06:05.009095,0.0,0.0,0.0
2022-01-19 19:06:05.503368,0.0,0.0,0.0
2022-01-19 19:06:06.003078,0.0,0.0,0.0
2022-01-19 19:06:06.508566,0.0,0.0,0.0
2022-01-19 19:06:07.006361,0.0,0.0,0.0
2022-01-19 19:06:07.501434,0.0,0.0,0.0
2022-01-19 19:06:08.010533,0.0,0.0,0.0
2022-01-19 19:06:08.508957,0.0,0.0,0.0
2022-01-19 19:06:09.006883,0.0,0.0,0.0
2022-01-19 19:06:09.502375,0.0,0.0,0.0
2022-01-19 19:06:10.009065,0.0,0.0,0.0
2022-01-19 19:06:10.505233,0.0,0.0,0.0
2022-01-19 19:06:11.009510,0.0,0.0,0.0
2022-01-19 19:06:11.503398,0.0,0.0,0.0
2022-01-19 19:06:12.001888,0.0,0.0,0.0
2022-01-19 19:06:12.507586,0.0,0.0,0.0
2022-01-19 19:06:13.004777,0.0,0.0,0.0
2022-01-19 19:06:13.509754,0.0,0.0,0.0
2022-01-19 19:06:14.007470,0.0,0.0,0.0
2022-01-19 19:06:14.502631,0.0,0.0,0.0
2022-01-19 19:06:15.010398,0.0,0.0,0.0
2022-01-19 19:06:15.504526,0.0,0.0,0.0
2022-01-19 19:06:16.003714,0.0,0.0,0.0
2022-01-19 19:06:16.508352,0.0,0.0,0.0
2022-01-19 19:06:17.007231,0.0,0.0,0.0
2022-01-19 19:06:17.501676,0.0,0.0,0.0
2022-01-19 19:06:18.009152,0.0,0.0,0.0
2022-01-19 19:06:18.508298,0.0,0.0,0.0
2022-01-19 19:06:19.006958,0.0,0.0,0.0
2022-01-19 19:06:19.501861,0.0,0.0,0.0
2022-01-19 19:06:20.010642,0.0,0.0,0.0
2022-01-19 19:06:20.506262,0.0,0.0,0.0
2022-01-19 19:06:21.004049,0.0,0.0,0.0
2022-01-19 19:06:21.509425,0.0,0.0,0.0
2022-01-19 19:06:22.008638,0.0,0.0,0.0
2022-01-19 19:06:22.502791,0.0,0.0,0.0
2022-01-19 19:06:23.010822,0.0,0.0,0.0
2022-01-19 19:06:23.505795,0.0,0.0,0.0
2022-01-19 19:06:24.003502,0.0,0.0,0.0
2022-01-19 19:06:24.508424,0.0,0.0,0.0
2022-01-19 19:06:25.006656,0.0,0.0,0.0
2022-01-19 19:06:25.503178,0.0,0.0,0.0
2022-01-19 19:06:26.003318,0.0,0.0,0.0
2022-01-19 19:06:26.507915,0.0,0.0,0.0
2022-01-19 19:06:27.006260,0.0,0.0,0.0
2022-01-19 19:06:27.501301,0.0,0.0,0.0
2022-01-19 19:06:28.009837,0.0,0.0,0.0
2022-01-19 19:06:28.504888,0.0,0.0,0.0
2022-01-19 19:06:29.002254,0.0,0.0,0.0
2022-01-19 19:06:29.507595,0.0,0.0,0.0
2022-01-19 19:06:30.007254,0.0,0.0,0.0
2022-01-19 19:06:30.501207,0.0,0.0,0.0
2022-01-19 19:06:31.008629,0.0,0.0,0.0
2022-01-19 19:06:31.502954,0.0,0.0,0.0
2022-01-19 19:06:32.008304,0.0,0.0,0.0
2022-01-19 19:06:32.505180,0.0,0.0,0.0
2022-01-19 19:06:33.001696,0.0,0.0,0.0
2022-01-19 19:06:33.505105,0.0,0.0,0.0
2022-01-19 19:06:34.003624,0.0,0.0,0.0
2022-01-19 19:06:34.508715,0.0,0.0,0.0
2022-01-19 19:06:35.006766,0.0,0.0,0.0
2022-01-19 19:06:35.502586,0.0,0.0,0.0
2022-01-19 19:06:36.010664,0.0,0.0,0.0
2022-01-19 19:06:36.505904,0.0,0.0,0.0
2022-01-19 19:06:37.003196,0.0,0.0,0.0
2022-01-19 19:06:37.509389,0.0,0.0,0.0
2022-01-19 19:06:38.006385,0.0,0.0,0.0
2022-01-19 19:06:38.501653,0.0,0.0,0.0
2022-01-19 19:06:39.009564,0.0,0.0,0.0
2022-01-19 19:06:39.503486,0.0,0.0,0.0
2022-01-19 19:06:40.001306,0.0,0.0,0.0
2022-01-19 19:06:40.505050,0.0,0.0,0.0
2022-01-19 19:06:41.003066,0.0,0.0,0.0
2022-01-19 19:06:41.509877,0.0,0.0,0.0
2022-01-19 19:06:42.008177,0.0,0.0,0.0
2022-01-19 19:06:42.510970,0.0,0.0,0.0
2022-01-19 19:06:43.008714,0.0,0.0,0.0
2022-01-19 19:06:43.504323,0.0,0.0,0.0
2022-01-19 19:06:44.002608,0.0,0.0,0.0
2022-01-19 19:06:44.506318,0.0,0.0,0.0
2022-01-19 19:06:45.003829,0.0,0.0,0.0
2022-01-19 19:06:45.510734,0.0,0.0,0.0
2022-01-19 19:06:46.008451,0.0,0.0,0.0
2022-01-19 19:06:46.501516,0.0,0.0,0.0
2022-01-19 19:06:47.010144,0.0,0.0,0.0
2022-01-19 19:06:47.504825,0.0,0.0,0.0
2022-01-19 19:06:48.002222,0.0,0.0,0.0
2022-01-19 19:06:48.507267,0.0,0.0,0.0
2022-01-19 19:06:49.005656,0.0,0.0,0.0
2022-01-19 19:06:49.501227,0.0,0.0,0.0
2022-01-19 19:06:50.010236,0.0,0.0,0.0
2022-01-19 19:06:50.505096,0.0,0.0,0.0
2022-01-19 19:06:51.003163,0.0,0.0,0.0
2022-01-19 19:06:51.506915,0.0,0.0,0.0
2022-01-19 19:06:52.004573,0.0,0.0,0.0
2022-01-19 19:06:52.506371,0.0,0.0,0.0
2022-01-19 19:06:53.004002,0.0,0.0,0.0
2022-01-19 19:06:53.509088,0.0,0.0,0.0
2022-01-19 19:06:54.006781,0.0,0.0,0.0
2022-01-19 19:06:54.502048,0.0,0.0,0.0
2022-01-19 19:06:55.010437,0.0,0.0,0.0
2022-01-19 19:06:55.505852,0.0,0.0,0.0
2022-01-19 19:06:56.002826,0.0,0.0,0.0
2022-01-19 19:06:56.507947,0.0,0.0,0.0
2022-01-19 19:06:57.005213,0.0,0.0,0.0
2022-01-19 19:06:57.509408,0.0,0.0,0.0
2022-01-19 19:06:58.006642,0.0,0.0,0.0
2022-01-19 19:06:58.502723,0.0,0.0,0.0
2022-01-19 19:06:59.011193,0.0,0.0,0.0
2022-01-19 19:06:59.505905,0.0,0.0,0.0
2022-01-19 19:07:00.005204,0.0,0.0,0.0
2022-01-19 19:07:00.511056,0.0,0.0,0.0
2022-01-19 19:07:01.008763,0.0,0.0,0.0
2022-01-19 19:07:01.504276,0.0,0.0,0.0
2022-01-19 19:07:02.001571,0.0,0.0,0.0
2022-01-19 19:07:02.506884,0.0,0.0,0.0
2022-01-19 19:07:03.005146,0.0,0.0,0.0
2022-01-19 19:07:03.510852,0.0,0.0,0.0
2022-01-19 19:07:04.007929,0.0,0.0,0.0
2022-01-19 19:07:04.503491,0.0,0.0,0.0
2022-01-19 19:07:05.002078,0.0,0.0,0.0
2022-01-19 19:07:05.509204,0.0,0.0,0.0
2022-01-19 19:07:06.006927,0.0,0.0,0.0
2022-01-19 19:07:06.504551,0.0,0.0,0.0
2022-01-19 19:07:07.001568,0.0,0.0,0.0
2022-01-19 19:07:07.506379,0.0,0.0,0.0
2022-01-19 19:07:08.003198,0.0,0.0,0.0
2022-01-19 19:07:08.508166,0.0,0.0,0.0
2022-01-19 19:07:09.006837,0.0,0.0,0.0
2022-01-19 19:07:09.503966,0.0,0.0,0.0
2022-01-19 19:07:10.002523,0.0,0.0,0.0
2022-01-19 19:07:10.507376,0.0,0.0,0.0
2022-01-19 19:07:11.001931,0.0,0.0,0.0
2022-01-19 19:07:11.507421,0.0,0.0,0.0
2022-01-19 19:07:12.004945,0.0,0.0,0.0
2022-01-19 19:07:12.509808,0.0,0.0,0.0
2022-01-19 19:07:13.007857,0.0,0.0,0.0
2022-01-19 19:07:13.504743,0.0,0.0,0.0
2022-01-19 19:07:14.001840,0.0,0.0,0.0
2022-01-19 19:07:14.507993,0.0,0.0,0.0
2022-01-19 19:07:15.005799,0.0,0.0,0.0
2022-01-19 19:07:15.509336,0.0,0.0,0.0
2022-01-19 19:07:16.007673,0.0,0.0,0.0
2022-01-19 19:07:16.502477,0.0,0.0,0.0
2022-01-19 19:07:17.010702,0.0,0.0,0.0
2022-01-19 19:07:17.507220,0.0,0.0,0.0
2022-01-19 19:07:18.006120,0.0,0.0,0.0
2022-01-19 19:07:18.510801,0.0,0.0,0.0
2022-01-19 19:07:19.008741,0.0,0.0,0.0
2022-01-19 19:07:19.503204,0.0,0.0,0.0
2022-01-19 19:07:20.002429,0.0,0.0,0.0
2022-01-19 19:07:20.507351,0.0,0.0,0.0
2022-01-19 19:07:21.005074,0.0,0.0,0.0
2022-01-19 19:07:21.509336,0.0,0.0,0.0
2022-01-19 19:07:22.007082,0.0,0.0,0.0
2022-01-19 19:07:22.509060,0.0,0.0,0.0
2022-01-19 19:07:23.006491,0.0,0.0,0.0
2022-01-19 19:07:23.502774,0.0,0.0,0.0
2022-01-19 19:07:24.505104,0.0,0.0,0.0
2022-01-19 19:07:25.003371,0.0,0.0,0.0
2022-01-19 19:07:25.507754,0.0,0.0,0.0
2022-01-19 19:07:26.006378,0.0,0.0,0.0
2022-01-19 19:07:26.501939,0.0,0.0,0.0
2022-01-19 19:07:27.004516,0.0,0.0,0.0
2022-01-19 19:07:27.508722,0.0,0.0,0.0
2022-01-19 19:07:28.006987,0.0,0.0,0.0
2022-01-19 19:07:28.502929,0.0,0.0,0.0
2022-01-19 19:07:29.001493,0.0,0.0,0.0
2022-01-19 19:07:30.510123,0.0,0.0,0.0
2022-01-19 19:07:31.008773,0.0,0.0,0.0
2022-01-19 19:07:31.504565,0.0,0.0,0.0
2022-01-19 19:07:32.003055,0.0,0.0,0.0
2022-01-19 19:07:32.508769,0.0,0.0,0.0
2022-01-19 19:07:33.006946,0.0,0.0,0.0
2022-01-19 19:07:33.502135,0.0,0.0,0.0
2022-01-19 19:07:34.001724,0.0,0.0,0.0
2022-01-19 19:07:34.508665,0.0,0.0,0.0
2022-01-19 19:07:35.006320,0.0,0.0,0.0
2022-01-19 19:07:35.501969,0.0,0.0,0.0
2022-01-19 19:07:36.009987,0.0,0.0,0.0
2022-01-19 19:07:36.507817,0.0,0.0,0.0
2022-01-19 19:07:37.008812,0.0,0.0,0.0
2022-01-19 19:07:37.504360,0.0,0.0,0.0
2022-01-19 19:07:38.003496,0.0,0.0,0.0
2022-01-19 19:07:38.510767,0.0,0.0,0.0
2022-01-19 19:07:39.009198,0.0,0.0,0.0
2022-01-19 19:07:39.503860,0.0,0.0,0.0
2022-01-19 19:07:40.001388,0.0,0.0,0.0
2022-01-19 19:07:40.504957,0.0,0.0,0.0
2022-01-19 19:07:41.002979,0.0,0.0,0.0
2022-01-19 19:07:41.510398,0.0,0.0,0.0
2022-01-19 19:07:42.007321,0.0,0.0,0.0
2022-01-19 19:07:42.503516,0.0,0.0,0.0
2022-01-19 19:07:43.002270,0.0,0.0,0.0
2022-01-19 19:07:43.507394,0.0,0.0,0.0
2022-01-19 19:07:44.004486,0.0,0.0,0.0
2022-01-19 19:07:44.501226,0.0,0.0,0.0
2022-01-19 19:07:45.011140,0.0,0.0,0.0
2022-01-19 19:07:45.505089,0.0,0.0,0.0
2022-01-19 19:07:46.002377,0.0,0.0,0.0
2022-01-19 19:07:46.506926,0.0,0.0,0.0
2022-01-19 19:07:47.005368,0.0,0.0,0.0
2022-01-19 19:07:47.510985,0.0,0.0,0.0
2022-01-19 19:07:48.009185,0.0,0.0,0.0
2022-01-19 19:07:48.506513,0.0,0.0,0.0
2022-01-19 19:07:49.005183,0.0,0.0,0.0
2022-01-19 19:07:49.501382,0.0,0.0,0.0
2022-01-19 19:07:50.009521,0.0,0.0,0.0
2022-01-19 19:07:50.505046,0.0,0.0,0.0
2022-01-19 19:07:51.003776,0.0,0.0,0.0
2022-01-19 19:07:51.510882,0.0,0.0,0.0
2022-01-19 19:07:52.007704,0.0,0.0,0.0
2022-01-19 19:07:52.504218,0.0,0.0,0.0
2022-01-19 19:07:53.002441,0.0,0.0,0.0
2022-01-19 19:07:53.507330,0.0,0.0,0.0
2022-01-19 19:07:54.005867,0.0,0.0,0.0
2022-01-19 19:07:54.500943,0.0,0.0,0.0
2022-01-19 19:07:55.010404,0.0,0.0,0.0
2022-01-19 19:07:55.505316,0.0,0.0,0.0
2022-01-19 19:07:56.002628,0.0,0.0,0.0
2022-01-19 19:07:56.508336,0.0,0.0,0.0
2022-01-19 19:07:57.006884,0.0,0.0,0.0
2022-01-19 19:07:57.501930,0.0,0.0,0.0
2022-01-19 19:07:58.009928,0.0,0.0,0.0
2022-01-19 19:07:58.506731,0.0,0.0,0.0
2022-01-19 19:07:59.005779,0.0,0.0,0.0
2022-01-19 19:07:59.501367,0.0,0.0,0.0
2022-01-19 19:08:00.010162,0.0,0.0,0.0
2022-01-19 19:08:00.503514,0.0,0.0,0.0
2022-01-19 19:08:01.001718,0.0,0.0,0.0
2022-01-19 19:08:01.502003,0.0,0.0,0.0
2022-01-19 19:08:02.009021,0.0,0.0,0.0
2022-01-19 19:08:02.504917,0.0,0.0,0.0
2022-01-19 19:08:03.001807,0.0,0.0,0.0
2022-01-19 19:08:03.506888,0.0,0.0,0.0
2022-01-19 19:08:04.005780,0.0,0.0,0.0
2022-01-19 19:08:04.510892,0.0,0.0,0.0
2022-01-19 19:08:05.001117,0.0,0.0,0.0
2022-01-19 19:08:05.505658,0.0,0.0,0.0
2022-01-19 19:08:06.002614,0.0,0.0,0.0
2022-01-19 19:08:06.507977,0.0,0.0,0.0
2022-01-19 19:08:07.006132,0.0,0.0,0.0
2022-01-19 19:08:07.501351,0.0,0.0,0.0
2022-01-19 19:08:08.009446,0.0,0.0,0.0
2022-01-19 19:08:08.505724,0.0,0.0,0.0
2022-01-19 19:08:09.004162,0.0,0.0,0.0
2022-01-19 19:08:09.509560,0.0,0.0,0.0
2022-01-19 19:08:10.007542,0.0,0.0,0.0
2022-01-19 19:08:10.502285,0.0,0.0,0.0
2022-01-19 19:08:11.006349,0.0,0.0,0.0
2022-01-19 19:08:11.502899,0.0,0.0,0.0
2022-01-19 19:08:12.001560,0.0,0.0,0.0
2022-01-19 19:08:12.507449,0.0,0.0,0.0
2022-01-19 19:08:13.005355,0.0,0.0,0.0
2022-01-19 19:08:13.510475,0.0,0.0,0.0
2022-01-19 19:08:14.007909,0.0,0.0,0.0
2022-01-19 19:08:14.502719,0.0,0.0,0.0
2022-01-19 19:08:15.002018,0.0,0.0,0.0
2022-01-19 19:08:15.506276,0.0,0.0,0.0
2022-01-19 19:08:16.003780,0.0,0.0,0.0
2022-01-19 19:08:16.507650,0.0,0.0,0.0
2022-01-19 19:08:17.004081,0.0,0.0,0.0
2022-01-19 19:08:17.510254,0.0,0.0,0.0
2022-01-19 19:08:18.007896,0.0,0.0,0.0
2022-01-19 19:08:18.504519,0.0,0.0,0.0
2022-01-19 19:08:19.002696,0.0,0.0,0.0
2022-01-19 19:08:19.508347,0.0,0.0,0.0
2022-01-19 19:08:20.007996,0.0,0.0,0.0
2022-01-19 19:08:20.502164,0.0,0.0,0.0
2022-01-19 19:08:21.010688,0.0,0.0,0.0
2022-01-19 19:08:21.505670,0.0,0.0,0.0
2022-01-19 19:08:22.005160,0.0,0.0,0.0
2022-01-19 19:08:22.509001,0.0,0.0,0.0
2022-01-19 19:08:23.006177,0.0,0.0,0.0
2022-01-19 19:08:23.501096,0.0,0.0,0.0
2022-01-19 19:08:24.008623,0.0,0.0,0.0
2022-01-19 19:08:24.504099,0.0,0.0,0.0
2022-01-19 19:08:25.003347,0.0,0.0,0.0
2022-01-19 19:08:25.501698,0.0,0.0,0.0
2022-01-19 19:08:26.009913,0.0,0.0,0.0
2022-01-19 19:08:26.507384,0.0,0.0,0.0
2022-01-19 19:08:27.005069,0.0,0.0,0.0
2022-01-19 19:08:27.509258,0.0,0.0,0.0
2022-01-19 19:08:28.008586,0.0,0.0,0.0
2022-01-19 19:08:28.504120,0.0,0.0,0.0
2022-01-19 19:08:29.001295,0.0,0.0,0.0
2022-01-19 19:08:29.506589,0.0,0.0,0.0
2022-01-19 19:08:30.005990,0.0,0.0,0.0
2022-01-19 19:08:30.501770,0.0,0.0,0.0
2022-01-19 19:08:31.010476,0.0,0.0,0.0
2022-01-19 19:08:31.507413,0.0,0.0,0.0
2022-01-19 19:08:32.005285,0.0,0.0,0.0
2022-01-19 19:08:32.510141,0.0,0.0,0.0
2022-01-19 19:08:33.008827,0.0,0.0,0.0
2022-01-19 19:08:33.503243,0.0,0.0,0.0
2022-01-19 19:08:34.001328,0.0,0.0,0.0
2022-01-19 19:08:34.507931,0.0,0.0,0.0
2022-01-19 19:08:35.005871,0.0,0.0,0.0
2022-01-19 19:08:35.503567,0.0,0.0,0.0
2022-01-19 19:08:36.505525,0.0,0.0,0.0
2022-01-19 19:08:37.002723,0.0,0.0,0.0
2022-01-19 19:08:37.508472,0.0,0.0,0.0
2022-01-19 19:08:38.005492,0.0,0.0,0.0
2022-01-19 19:08:38.510714,0.0,0.0,0.0
2022-01-19 19:08:39.008122,0.0,0.0,0.0
2022-01-19 19:08:39.504713,0.0,0.0,0.0
2022-01-19 19:08:40.002396,0.0,0.0,0.0
2022-01-19 19:08:40.507156,0.0,0.0,0.0
2022-01-19 19:08:41.005757,0.0,0.0,0.0
2022-01-19 19:08:41.510783,0.0,0.0,0.0
2022-01-19 19:08:42.008937,0.0,0.0,0.0
2022-01-19 19:08:42.504091,0.0,0.0,0.0
2022-01-19 19:08:43.004109,0.0,0.0,0.0
2022-01-19 19:08:43.510627,0.0,0.0,0.0
2022-01-19 19:08:44.008678,0.0,0.0,0.0
2022-01-19 19:08:44.503992,0.0,0.0,0.0
2022-01-19 19:08:45.003205,0.0,0.0,0.0
2022-01-19 19:08:45.509118,0.0,0.0,0.0
2022-01-19 19:08:46.006798,0.0,0.0,0.0
2022-01-19 19:08:46.502943,0.0,0.0,0.0
2022-01-19 19:08:47.001065,0.0,0.0,0.0
2022-01-19 19:08:47.505892,0.0,0.0,0.0
2022-01-19 19:08:48.003819,0.0,0.0,0.0
2022-01-19 19:08:48.509813,0.0,0.0,0.0
2022-01-19 19:08:49.008679,0.0,0.0,0.0
2022-01-19 19:08:49.505379,0.0,0.0,0.0
2022-01-19 19:08:50.002795,0.0,0.0,0.0
2022-01-19 19:08:50.507660,0.0,0.0,0.0
2022-01-19 19:08:51.005774,0.0,0.0,0.0
2022-01-19 19:08:51.501635,0.0,0.0,0.0
2022-01-19 19:08:52.009850,0.0,0.0,0.0
2022-01-19 19:08:52.504811,0.0,0.0,0.0
2022-01-19 19:08:53.002148,0.0,0.0,0.0
2022-01-19 19:08:53.510025,0.0,0.0,0.0
2022-01-19 19:08:54.007086,0.0,0.0,0.0
2022-01-19 19:08:54.501382,0.0,0.0,0.0
2022-01-19 19:08:55.009245,0.0,0.0,0.0
2022-01-19 19:08:55.505152,0.0,0.0,0.0
2022-01-19 19:08:56.004177,0.0,0.0,0.0
2022-01-19 19:08:56.509173,0.0,0.0,0.0
2022-01-19 19:08:57.006952,0.0,0.0,0.0
2022-01-19 19:08:57.501172,0.0,0.0,0.0
2022-01-19 19:08:58.008795,0.0,0.0,0.0
2022-01-19 19:08:58.503233,0.0,0.0,0.0
2022-01-19 19:08:59.002856,0.0,0.0,0.0
2022-01-19 19:08:59.509563,0.0,0.0,0.0
2022-01-19 19:09:00.007576,0.0,0.0,0.0
2022-01-19 19:09:00.503224,0.0,0.0,0.0
2022-01-19 19:09:01.002129,0.0,0.0,0.0
2022-01-19 19:09:01.508072,0.0,0.0,0.0
2022-01-19 19:09:02.006802,0.0,0.0,0.0
2022-01-19 19:09:02.501907,0.0,0.0,0.0
2022-01-19 19:09:03.010437,0.0,0.0,0.0
2022-01-19 19:09:03.506985,0.0,0.0,0.0
2022-01-19 19:09:04.005785,0.0,0.0,0.0
2022-01-19 19:09:04.501134,0.0,0.0,0.0
2022-01-19 19:09:05.008986,0.0,0.0,0.0
2022-01-19 19:09:05.503514,0.0,0.0,0.0
2022-01-19 19:09:06.001472,0.0,0.0,0.0
2022-01-19 19:09:06.507198,0.0,0.0,0.0
2022-01-19 19:09:07.004565,0.0,0.0,0.0
2022-01-19 19:09:07.510379,0.0,0.0,0.0
2022-01-19 19:09:08.007375,0.0,0.0,0.0
2022-01-19 19:09:08.502489,0.0,0.0,0.0
2022-01-19 19:09:09.009730,0.0,0.0,0.0
2022-01-19 19:09:09.504373,0.0,0.0,0.0
2022-01-19 19:09:10.002494,0.0,0.0,0.0
2022-01-19 19:09:10.506863,0.0,0.0,0.0
2022-01-19 19:09:11.002540,0.0,0.0,0.0
2022-01-19 19:09:11.507805,0.0,0.0,0.0
2022-01-19 19:09:12.005324,0.0,0.0,0.0
2022-01-19 19:09:12.510782,0.0,0.0,0.0
2022-01-19 19:09:13.009122,0.0,0.0,0.0
2022-01-19 19:09:13.504697,0.0,0.0,0.0
2022-01-19 19:09:14.002322,0.0,0.0,0.0
2022-01-19 19:09:14.507315,0.0,0.0,0.0
2022-01-19 19:09:15.004614,0.0,0.0,0.0
2022-01-19 19:09:15.510476,0.0,0.0,0.0
2022-01-19 19:09:16.007374,0.0,0.0,0.0
2022-01-19 19:09:16.510303,0.0,0.0,0.0
2022-01-19 19:09:17.009729,0.0,0.0,0.0
2022-01-19 19:09:17.504666,0.0,0.0,0.0
2022-01-19 19:09:18.001381,0.0,0.0,0.0
2022-01-19 19:09:18.506361,0.0,0.0,0.0
2022-01-19 19:09:19.003663,0.0,0.0,0.0
2022-01-19 19:09:19.508292,0.0,0.0,0.0
2022-01-19 19:09:20.008042,0.0,0.0,0.0
2022-01-19 19:09:20.506321,0.0,0.0,0.0
2022-01-19 19:09:21.004447,0.0,0.0,0.0
2022-01-19 19:09:21.510939,0.0,0.0,0.0
2022-01-19 19:09:22.008633,0.0,0.0,0.0
2022-01-19 19:09:22.503512,0.0,0.0,0.0
2022-01-19 19:09:23.001497,0.0,0.0,0.0
2022-01-19 19:09:23.507266,0.0,0.0,0.0
2022-01-19 19:09:24.007246,0.0,0.0,0.0
2022-01-19 19:09:24.503136,0.0,0.0,0.0
2022-01-19 19:09:25.002642,0.0,0.0,0.0
2022-01-19 19:09:25.508258,0.0,0.0,0.0
2022-01-19 19:09:26.006485,0.0,0.0,0.0
2022-01-19 19:09:26.502250,0.0,0.0,0.0
2022-01-19 19:09:27.010544,0.0,0.0,0.0
2022-01-19 19:09:27.507286,0.0,0.0,0.0
2022-01-19 19:09:28.006295,0.0,0.0,0.0
2022-01-19 19:09:28.502541,0.0,0.0,0.0
2022-01-19 19:09:29.009861,0.0,0.0,0.0
2022-01-19 19:09:29.505062,0.0,0.0,0.0
2022-01-19 19:09:30.003928,0.0,0.0,0.0
2022-01-19 19:09:30.509867,0.0,0.0,0.0
2022-01-19 19:09:31.007304,0.0,0.0,0.0
2022-01-19 19:09:31.502675,0.0,0.0,0.0
2022-01-19 19:09:32.010557,0.0,0.0,0.0
2022-01-19 19:09:32.504745,0.0,0.0,0.0
2022-01-19 19:09:33.002491,0.0,0.0,0.0
2022-01-19 19:09:33.506888,0.0,0.0,0.0
2022-01-19 19:09:34.004967,0.0,0.0,0.0
2022-01-19 19:09:34.501475,0.0,0.0,0.0
2022-01-19 19:09:35.009384,0.0,0.0,0.0
2022-01-19 19:09:35.504119,0.0,0.0,0.0
2022-01-19 19:09:36.002001,0.0,0.0,0.0
2022-01-19 19:09:36.507099,0.0,0.0,0.0
2022-01-19 19:09:37.005728,0.0,0.0,0.0
2022-01-19 19:09:37.503675,0.0,0.0,0.0
2022-01-19 19:09:38.001971,0.0,0.0,0.0
2022-01-19 19:09:38.506180,0.0,0.0,0.0
2022-01-19 19:09:39.003998,0.0,0.0,0.0
2022-01-19 19:09:39.510069,0.0,0.0,0.0
2022-01-19 19:09:40.007921,0.0,0.0,0.0
2022-01-19 19:09:40.502804,0.0,0.0,0.0
2022-01-19 19:09:41.010662,0.0,0.0,0.0
2022-01-19 19:09:41.504981,0.0,0.0,0.0
2022-01-19 19:09:42.001560,0.0,0.0,0.0
2022-01-19 19:09:42.506549,0.0,0.0,0.0
2022-01-19 19:09:43.004228,0.0,0.0,0.0
2022-01-19 19:09:43.508541,0.0,0.0,0.0
2022-01-19 19:09:44.007553,0.0,0.0,0.0
2022-01-19 19:09:44.503350,0.0,0.0,0.0
2022-01-19 19:09:45.001444,0.0,0.0,0.0
2022-01-19 19:09:45.507503,0.0,0.0,0.0
2022-01-19 19:09:46.005389,0.0,0.0,0.0
2022-01-19 19:09:46.501376,0.0,0.0,0.0
2022-01-19 19:09:47.010761,0.0,0.0,0.0
2022-01-19 19:09:47.505704,0.0,0.0,0.0
2022-01-19 19:09:48.004840,0.0,0.0,0.0
2022-01-19 19:09:48.508634,0.0,0.0,0.0
2022-01-19 19:09:49.007340,0.0,0.0,0.0
2022-01-19 19:09:49.501920,0.0,0.0,0.0
2022-01-19 19:09:50.009797,0.0,0.0,0.0
2022-01-19 19:09:50.506196,0.0,0.0,0.0
2022-01-19 19:09:51.004553,0.0,0.0,0.0
2022-01-19 19:09:51.510483,0.0,0.0,0.0
2022-01-19 19:09:52.008397,0.0,0.0,0.0
2022-01-19 19:09:52.504074,0.0,0.0,0.0
2022-01-19 19:09:53.001245,0.0,0.0,0.0
2022-01-19 19:09:53.505984,0.0,0.0,0.0
2022-01-19 19:09:54.004453,0.0,0.0,0.0
2022-01-19 19:09:54.509802,0.0,0.0,0.0
2022-01-19 19:09:55.008963,0.0,0.0,0.0
2022-01-19 19:09:55.503453,0.0,0.0,0.0
2022-01-19 19:09:56.001015,0.0,0.0,0.0
2022-01-19 19:09:56.504548,0.0,0.0,0.0
2022-01-19 19:09:57.003726,0.0,0.0,0.0
2022-01-19 19:09:57.509706,0.0,0.0,0.0
2022-01-19 19:09:58.009738,0.0,0.0,0.0
2022-01-19 19:09:58.504022,0.0,0.0,0.0
2022-01-19 19:09:59.002088,0.0,0.0,0.0
2022-01-19 19:09:59.507179,0.0,0.0,0.0
2022-01-19 19:10:00.004341,0.0,0.0,0.0
2022-01-19 19:10:00.508085,0.0,0.0,0.0
2022-01-19 19:10:01.007904,0.0,0.0,0.0
2022-01-19 19:10:01.502725,0.0,0.0,0.0
2022-01-19 19:10:02.011342,0.0,0.0,0.0
2022-01-19 19:10:02.505348,0.0,0.0,0.0
2022-01-19 19:10:03.003578,0.0,0.0,0.0
2022-01-19 19:10:03.509119,0.0,0.0,0.0
2022-01-19 19:10:04.008255,0.0,0.0,0.0
2022-01-19 19:10:04.505172,0.0,0.0,0.0
2022-01-19 19:10:05.003018,0.0,0.0,0.0
2022-01-19 19:10:05.508699,0.0,0.0,0.0
2022-01-19 19:10:06.004640,0.0,0.0,0.0
2022-01-19 19:10:06.508579,0.0,0.0,0.0
2022-01-19 19:10:07.007600,0.0,0.0,0.0
2022-01-19 19:10:07.502091,0.0,0.0,0.0
2022-01-19 19:10:08.009825,0.0,0.0,0.0
2022-01-19 19:10:08.505430,0.0,0.0,0.0
2022-01-19 19:10:09.002026,0.0,0.0,0.0
2022-01-19 19:10:09.506568,0.0,0.0,0.0
2022-01-19 19:10:10.006919,0.0,0.0,0.0
2022-01-19 19:10:10.510174,0.0,0.0,0.0
2022-01-19 19:10:11.011157,0.0,0.0,0.0
2022-01-19 19:10:11.506999,0.0,0.0,0.0
2022-01-19 19:10:12.005827,0.0,0.0,0.0
2022-01-19 19:10:12.501427,0.0,0.0,0.0
2022-01-19 19:10:13.009996,0.0,0.0,0.0
2022-01-19 19:10:13.504631,0.0,0.0,0.0
2022-01-19 19:10:14.002447,0.0,0.0,0.0
2022-01-19 19:10:14.506391,0.0,0.0,0.0
2022-01-19 19:10:15.004242,0.0,0.0,0.0
2022-01-19 19:10:15.508050,0.0,0.0,0.0
2022-01-19 19:10:16.006990,0.0,0.0,0.0
2022-01-19 19:10:16.511213,0.0,0.0,0.0
2022-01-19 19:10:17.009438,0.0,0.0,0.0
2022-01-19 19:10:17.506587,0.0,0.0,0.0
2022-01-19 19:10:18.005523,0.0,0.0,0.0
2022-01-19 19:10:18.510845,0.0,0.0,0.0
2022-01-19 19:10:19.001054,0.0,0.0,0.0
2022-01-19 19:10:19.507485,0.0,0.0,0.0
2022-01-19 19:10:20.005697,0.0,0.0,0.0
2022-01-19 19:10:20.510586,0.0,0.0,0.0
2022-01-19 19:10:21.008731,0.0,0.0,0.0
2022-01-19 19:10:21.503583,0.0,0.0,0.0
2022-01-19 19:10:22.001868,0.0,0.0,0.0
2022-01-19 19:10:22.506720,0.0,0.0,0.0
2022-01-19 19:10:23.004622,0.0,0.0,0.0
2022-01-19 19:10:23.508952,0.0,0.0,0.0
2022-01-19 19:10:24.006754,0.0,0.0,0.0
2022-01-19 19:10:24.502052,0.0,0.0,0.0
2022-01-19 19:10:25.009789,0.0,0.0,0.0
2022-01-19 19:10:25.505754,0.0,0.0,0.0
2022-01-19 19:10:26.004618,0.0,0.0,0.0
2022-01-19 19:10:26.509273,0.0,0.0,0.0
2022-01-19 19:10:27.006486,0.0,0.0,0.0
2022-01-19 19:10:27.501467,0.0,0.0,0.0
2022-01-19 19:10:28.009947,0.0,0.0,0.0
2022-01-19 19:10:28.504302,0.0,0.0,0.0
2022-01-19 19:10:29.001097,0.0,0.0,0.0
2022-01-19 19:10:29.508873,0.0,0.0,0.0
2022-01-19 19:10:30.008138,0.0,0.0,0.0
2022-01-19 19:10:30.502750,0.0,0.0,0.0
2022-01-19 19:10:31.505399,0.0,0.0,0.0
2022-01-19 19:10:32.002571,0.0,0.0,0.0
2022-01-19 19:10:32.507072,0.0,0.0,0.0
2022-01-19 19:10:33.004602,0.0,0.0,0.0
2022-01-19 19:10:33.510449,0.0,0.0,0.0
2022-01-19 19:10:34.009124,0.0,0.0,0.0
2022-01-19 19:10:34.504218,0.0,0.0,0.0
2022-01-19 19:10:35.001812,0.0,0.0,0.0
2022-01-19 19:10:35.506475,0.0,0.0,0.0
2022-01-19 19:10:36.003460,0.0,0.0,0.0
2022-01-19 19:10:36.507958,0.0,0.0,0.0
2022-01-19 19:10:37.005217,0.0,0.0,0.0
2022-01-19 19:10:37.510885,0.0,0.0,0.0
2022-01-19 19:10:38.009087,0.0,0.0,0.0
2022-01-19 19:10:38.503840,0.0,0.0,0.0
2022-01-19 19:10:39.003158,0.0,0.0,0.0
2022-01-19 19:10:39.508435,0.0,0.0,0.0
2022-01-19 19:10:40.006480,0.0,0.0,0.0
2022-01-19 19:10:40.501055,0.0,0.0,0.0
2022-01-19 19:10:41.008538,0.0,0.0,0.0
2022-01-19 19:10:41.503549,0.0,0.0,0.0
2022-01-19 19:10:42.010799,0.0,0.0,0.0
2022-01-19 19:10:42.505830,0.0,0.0,0.0
2022-01-19 19:10:43.002252,0.0,0.0,0.0
2022-01-19 19:10:43.509077,0.0,0.0,0.0
2022-01-19 19:10:44.007781,0.0,0.0,0.0
2022-01-19 19:10:44.501275,0.0,0.0,0.0
2022-01-19 19:10:45.010724,0.0,0.0,0.0
2022-01-19 19:10:45.504481,0.0,0.0,0.0
2022-01-19 19:10:46.003325,0.0,0.0,0.0
2022-01-19 19:10:46.508457,0.0,0.0,0.0
2022-01-19 19:10:47.008822,0.0,0.0,0.0
2022-01-19 19:10:47.503457,0.0,0.0,0.0
2022-01-19 19:10:48.001898,0.0,0.0,0.0
2022-01-19 19:10:48.506695,0.0,0.0,0.0
2022-01-19 19:10:49.005358,0.0,0.0,0.0
2022-01-19 19:10:49.510770,0.0,0.0,0.0
2022-01-19 19:10:50.009757,0.0,0.0,0.0
2022-01-19 19:10:50.505760,0.0,0.0,0.0
2022-01-19 19:10:51.004502,0.0,0.0,0.0
2022-01-19 19:10:51.510022,0.0,0.0,0.0
2022-01-19 19:10:52.007427,0.0,0.0,0.0
2022-01-19 19:10:52.502143,0.0,0.0,0.0
2022-01-19 19:10:53.010489,0.0,0.0,0.0
2022-01-19 19:10:53.505107,0.0,0.0,0.0
2022-01-19 19:10:54.004637,0.0,0.0,0.0
2022-01-19 19:10:54.509325,0.0,0.0,0.0
2022-01-19 19:10:55.007553,0.0,0.0,0.0
2022-01-19 19:10:55.502760,0.0,0.0,0.0
2022-01-19 19:10:56.001301,0.0,0.0,0.0
2022-01-19 19:10:56.506562,0.0,0.0,0.0
2022-01-19 19:10:57.007500,0.0,0.0,0.0
2022-01-19 19:10:57.505102,0.0,0.0,0.0
2022-01-19 19:10:58.004846,0.0,0.0,0.0
2022-01-19 19:10:58.509738,0.0,0.0,0.0
2022-01-19 19:10:59.007972,0.0,0.0,0.0
2022-01-19 19:10:59.503954,0.0,0.0,0.0
2022-01-19 19:11:00.002422,0.0,0.0,0.0
2022-01-19 19:11:00.508095,0.0,0.0,0.0
2022-01-19 19:11:01.006283,0.0,0.0,0.0
2022-01-19 19:11:01.510994,0.0,0.0,0.0
2022-01-19 19:11:02.009386,0.0,0.0,0.0
2022-01-19 19:11:02.504608,0.0,0.0,0.0
2022-01-19 19:11:03.002740,0.0,0.0,0.0
2022-01-19 19:11:03.509173,0.0,0.0,0.0
2022-01-19 19:11:04.008657,0.0,0.0,0.0
2022-01-19 19:11:04.504248,0.0,0.0,0.0
2022-01-19 19:11:05.002077,0.0,0.0,0.0
2022-01-19 19:11:05.507332,0.0,0.0,0.0
2022-01-19 19:11:06.007531,0.0,0.0,0.0
2022-01-19 19:11:06.501061,0.0,0.0,0.0
2022-01-19 19:11:07.009953,0.0,0.0,0.0
2022-01-19 19:11:07.504284,0.0,0.0,0.0
2022-01-19 19:11:08.001961,0.0,0.0,0.0
2022-01-19 19:11:08.506820,0.0,0.0,0.0
2022-01-19 19:11:09.005720,0.0,0.0,0.0
2022-01-19 19:11:09.510314,0.0,0.0,0.0
2022-01-19 19:11:10.008197,0.0,0.0,0.0
2022-01-19 19:11:10.503191,0.0,0.0,0.0
2022-01-19 19:11:11.006969,0.0,0.0,0.0
2022-01-19 19:11:11.501194,0.0,0.0,0.0
2022-01-19 19:11:12.009228,0.0,0.0,0.0
2022-01-19 19:11:12.504029,0.0,0.0,0.0
2022-01-19 19:11:13.002983,0.0,0.0,0.0
2022-01-19 19:11:13.508462,0.0,0.0,0.0
2022-01-19 19:11:14.006699,0.0,0.0,0.0
2022-01-19 19:11:14.510683,0.0,0.0,0.0
2022-01-19 19:11:15.008371,0.0,0.0,0.0
2022-01-19 19:11:15.503965,0.0,0.0,0.0
2022-01-19 19:11:16.001067,0.0,0.0,0.0
2022-01-19 19:11:16.507327,0.0,0.0,0.0
2022-01-19 19:11:17.003509,0.0,0.0,0.0
2022-01-19 19:11:17.501090,0.0,0.0,0.0
2022-01-19 19:11:18.009829,0.0,0.0,0.0
2022-01-19 19:11:18.505126,0.0,0.0,0.0
2022-01-19 19:11:19.003124,0.0,0.0,0.0
2022-01-19 19:11:19.509173,0.0,0.0,0.0
2022-01-19 19:11:20.006413,0.0,0.0,0.0
2022-01-19 19:11:21.005422,0.0,0.0,0.0
2022-01-19 19:11:21.510313,0.0,0.0,0.0
2022-01-19 19:11:22.009320,0.0,0.0,0.0
2022-01-19 19:11:22.503332,0.0,0.0,0.0
2022-01-19 19:11:23.010527,0.0,0.0,0.0
2022-01-19 19:11:23.506419,0.0,0.0,0.0
2022-01-19 19:11:24.005953,0.0,0.0,0.0
2022-01-19 19:11:24.501734,0.0,0.0,0.0
2022-01-19 19:11:25.010273,0.0,0.0,0.0
2022-01-19 19:11:25.505080,0.0,0.0,0.0
2022-01-19 19:11:26.004099,0.0,0.0,0.0
2022-01-19 19:11:26.509158,0.0,0.0,0.0
2022-01-19 19:11:27.007492,0.0,0.0,0.0
2022-01-19 19:11:27.502436,0.0,0.0,0.0
2022-01-19 19:11:28.506011,0.0,0.0,0.0
2022-01-19 19:11:29.003081,0.0,0.0,0.0
2022-01-19 19:11:29.507367,0.0,0.0,0.0
2022-01-19 19:11:30.005469,0.0,0.0,0.0
2022-01-19 19:11:30.510935,0.0,0.0,0.0
2022-01-19 19:11:31.008166,0.0,0.0,0.0
2022-01-19 19:11:31.503834,0.0,0.0,0.0
2022-01-19 19:11:32.002581,0.0,0.0,0.0
2022-01-19 19:11:32.506789,0.0,0.0,0.0
2022-01-19 19:11:33.004287,0.0,0.0,0.0
2022-01-19 19:11:33.510236,0.0,0.0,0.0
2022-01-19 19:11:34.007580,0.0,0.0,0.0
2022-01-19 19:11:34.503756,0.0,0.0,0.0
2022-01-19 19:11:35.002984,0.0,0.0,0.0
2022-01-19 19:11:35.507967,0.0,0.0,0.0
2022-01-19 19:11:36.007488,0.0,0.0,0.0
2022-01-19 19:11:36.503036,0.0,0.0,0.0
2022-01-19 19:11:37.001808,0.0,0.0,0.0
2022-01-19 19:11:37.506926,0.0,0.0,0.0
2022-01-19 19:11:38.006487,0.0,0.0,0.0
2022-01-19 19:11:38.501823,0.0,0.0,0.0
2022-01-19 19:11:39.010689,0.0,0.0,0.0
2022-01-19 19:11:39.505069,0.0,0.0,0.0
2022-01-19 19:11:40.003946,0.0,0.0,0.0
2022-01-19 19:11:40.509200,0.0,0.0,0.0
2022-01-19 19:11:41.007138,0.0,0.0,0.0
2022-01-19 19:11:41.502127,0.0,0.0,0.0
2022-01-19 19:11:42.011276,0.0,0.0,0.0
2022-01-19 19:11:42.505774,0.0,0.0,0.0
2022-01-19 19:11:43.004589,0.0,0.0,0.0
2022-01-19 19:11:43.508876,0.0,0.0,0.0
2022-01-19 19:11:44.007991,0.0,0.0,0.0
2022-01-19 19:11:44.502355,0.0,0.0,0.0
2022-01-19 19:11:45.010425,0.0,0.0,0.0
2022-01-19 19:11:45.505863,0.0,0.0,0.0
2022-01-19 19:11:46.004801,0.0,0.0,0.0
2022-01-19 19:11:46.508876,0.0,0.0,0.0
2022-01-19 19:11:47.006777,0.0,0.0,0.0
2022-01-19 19:11:47.501766,0.0,0.0,0.0
2022-01-19 19:11:48.009094,0.0,0.0,0.0
2022-01-19 19:11:48.503197,0.0,0.0,0.0
2022-01-19 19:11:49.003226,0.0,0.0,0.0
2022-01-19 19:11:49.509822,0.0,0.0,0.0
2022-01-19 19:11:50.009235,0.0,0.0,0.0
2022-01-19 19:11:50.504065,0.0,0.0,0.0
2022-01-19 19:11:51.002069,0.0,0.0,0.0
2022-01-19 19:11:51.508061,0.0,0.0,0.0
2022-01-19 19:11:52.007326,0.0,0.0,0.0
2022-01-19 19:11:52.504117,0.0,0.0,0.0
2022-01-19 19:11:53.003797,0.0,0.0,0.0
2022-01-19 19:11:53.510165,0.0,0.0,0.0
2022-01-19 19:11:54.007746,0.0,0.0,0.0
2022-01-19 19:11:54.503398,0.0,0.0,0.0
2022-01-19 19:11:55.001133,0.0,0.0,0.0
2022-01-19 19:11:55.506796,0.0,0.0,0.0
2022-01-19 19:11:56.006012,0.0,0.0,0.0
2022-01-19 19:11:56.501072,0.0,0.0,0.0
2022-01-19 19:11:57.009115,0.0,0.0,0.0
2022-01-19 19:11:57.503673,0.0,0.0,0.0
2022-01-19 19:11:58.002187,0.0,0.0,0.0
2022-01-19 19:11:58.507737,0.0,0.0,0.0
2022-01-19 19:11:59.005432,0.0,0.0,0.0
2022-01-19 19:11:59.503189,0.0,0.0,0.0
2022-01-19 19:12:00.002090,0.0,0.0,0.0
2022-01-19 19:12:00.505767,0.0,0.0,0.0
2022-01-19 19:12:01.005101,0.0,0.0,0.0
2022-01-19 19:12:01.509518,0.0,0.0,0.0
2022-01-19 19:12:02.007045,0.0,0.0,0.0
2022-01-19 19:12:02.503290,0.0,0.0,0.0
2022-01-19 19:12:03.003009,0.0,0.0,0.0
2022-01-19 19:12:03.508184,0.0,0.0,0.0
2022-01-19 19:12:04.007210,0.0,0.0,0.0
2022-01-19 19:12:04.503678,0.0,0.0,0.0
2022-01-19 19:12:05.002701,0.0,0.0,0.0
2022-01-19 19:12:05.507261,0.0,0.0,0.0
2022-01-19 19:12:06.005437,0.0,0.0,0.0
2022-01-19 19:12:06.509379,0.0,0.0,0.0
2022-01-19 19:12:07.007038,0.0,0.0,0.0
2022-01-19 19:12:07.502752,0.0,0.0,0.0
2022-01-19 19:12:08.010494,0.0,0.0,0.0
2022-01-19 19:12:08.505639,0.0,0.0,0.0
2022-01-19 19:12:09.004041,0.0,0.0,0.0
2022-01-19 19:12:09.509979,0.0,0.0,0.0
2022-01-19 19:12:10.009001,0.0,0.0,0.0
2022-01-19 19:12:10.503796,0.0,0.0,0.0
2022-01-19 19:12:11.008020,0.0,0.0,0.0
2022-01-19 19:12:11.503814,0.0,0.0,0.0
2022-01-19 19:12:12.002018,0.0,0.0,0.0
2022-01-19 19:12:13.005466,0.0,0.0,0.0
2022-01-19 19:12:13.501335,0.0,0.0,0.0
2022-01-19 19:12:14.009287,0.0,0.0,0.0
2022-01-19 19:12:14.503356,0.0,0.0,0.0
2022-01-19 19:12:15.001068,0.0,0.0,0.0
2022-01-19 19:12:15.506498,0.0,0.0,0.0
2022-01-19 19:12:16.005675,0.0,0.0,0.0
2022-01-19 19:12:16.510020,0.0,0.0,0.0
2022-01-19 19:12:17.008570,0.0,0.0,0.0
2022-01-19 19:12:17.502821,0.0,0.0,0.0
2022-01-19 19:12:18.010615,0.0,0.0,0.0
2022-01-19 19:12:18.504551,0.0,0.0,0.0
2022-01-19 19:12:19.002895,0.0,0.0,0.0
2022-01-19 19:12:19.510285,0.0,0.0,0.0
2022-01-19 19:12:20.007326,0.0,0.0,0.0
2022-01-19 19:12:20.502246,0.0,0.0,0.0
2022-01-19 19:12:21.505242,0.0,0.0,0.0
2022-01-19 19:12:22.002059,0.0,0.0,0.0
2022-01-19 19:12:22.508408,0.0,0.0,0.0
2022-01-19 19:12:23.006305,0.0,0.0,0.0
2022-01-19 19:12:23.502512,0.0,0.0,0.0
2022-01-19 19:12:24.009703,0.0,0.0,0.0
2022-01-19 19:12:24.504323,0.0,0.0,0.0
2022-01-19 19:12:25.002988,0.0,0.0,0.0
2022-01-19 19:12:25.507653,0.0,0.0,0.0
2022-01-19 19:12:26.005485,0.0,0.0,0.0
2022-01-19 19:12:26.510601,0.0,0.0,0.0
2022-01-19 19:12:27.008722,0.0,0.0,0.0
2022-01-19 19:12:27.504262,0.0,0.0,0.0
2022-01-19 19:12:28.002365,0.0,0.0,0.0
2022-01-19 19:12:28.508826,0.0,0.0,0.0
2022-01-19 19:12:29.008879,0.0,0.0,0.0
2022-01-19 19:12:29.505267,0.0,0.0,0.0
2022-01-19 19:12:30.002837,0.0,0.0,0.0
2022-01-19 19:12:30.509650,0.0,0.0,0.0
2022-01-19 19:12:31.008844,0.0,0.0,0.0
2022-01-19 19:12:31.503726,0.0,0.0,0.0
2022-01-19 19:12:32.001479,0.0,0.0,0.0
2022-01-19 19:12:32.506834,0.0,0.0,0.0
2022-01-19 19:12:33.005819,0.0,0.0,0.0
2022-01-19 19:12:33.503305,0.0,0.0,0.0
2022-01-19 19:12:34.010612,0.0,0.0,0.0
2022-01-19 19:12:34.503939,0.0,0.0,0.0
2022-01-19 19:12:35.001795,0.0,0.0,0.0
2022-01-19 19:12:35.508110,0.0,0.0,0.0
2022-01-19 19:12:36.007011,0.0,0.0,0.0
2022-01-19 19:12:36.502378,0.0,0.0,0.0
2022-01-19 19:12:37.002229,0.0,0.0,0.0
2022-01-19 19:12:37.507462,0.0,0.0,0.0
2022-01-19 19:12:38.005916,0.0,0.0,0.0
2022-01-19 19:12:38.510424,0.0,0.0,0.0
2022-01-19 19:12:39.008718,0.0,0.0,0.0
2022-01-19 19:12:39.502886,0.0,0.0,0.0
2022-01-19 19:12:40.010995,0.0,0.0,0.0
2022-01-19 19:12:40.508111,0.0,0.0,0.0
2022-01-19 19:12:41.007356,0.0,0.0,0.0
2022-01-19 19:12:41.501927,0.0,0.0,0.0
2022-01-19 19:12:42.010291,0.0,0.0,0.0
2022-01-19 19:12:42.504454,0.0,0.0,0.0
2022-01-19 19:12:43.001838,0.0,0.0,0.0
2022-01-19 19:12:43.507846,0.0,0.0,0.0
2022-01-19 19:12:44.005992,0.0,0.0,0.0
2022-01-19 19:12:44.501194,0.0,0.0,0.0
2022-01-19 19:12:45.008832,0.0,0.0,0.0
2022-01-19 19:12:45.506223,0.0,0.0,0.0
2022-01-19 19:12:46.004177,0.0,0.0,0.0
2022-01-19 19:12:46.507817,0.0,0.0,0.0
2022-01-19 19:12:47.005457,0.0,0.0,0.0
2022-01-19 19:12:47.503106,0.0,0.0,0.0
2022-01-19 19:12:48.001101,0.0,0.0,0.0
2022-01-19 19:12:48.506292,0.0,0.0,0.0
2022-01-19 19:12:49.003533,0.0,0.0,0.0
2022-01-19 19:12:49.509051,0.0,0.0,0.0
2022-01-19 19:12:50.007179,0.0,0.0,0.0
2022-01-19 19:12:50.502533,0.0,0.0,0.0
2022-01-19 19:12:51.010641,0.0,0.0,0.0
2022-01-19 19:12:51.505172,0.0,0.0,0.0
2022-01-19 19:12:52.002677,0.0,0.0,0.0
2022-01-19 19:12:52.505414,0.0,0.0,0.0
2022-01-19 19:12:53.003045,0.0,0.0,0.0
2022-01-19 19:12:53.507450,0.0,0.0,0.0
2022-01-19 19:12:54.005676,0.0,0.0,0.0
2022-01-19 19:12:54.502488,0.0,0.0,0.0
2022-01-19 19:12:55.008978,0.0,0.0,0.0
2022-01-19 19:12:55.503875,0.0,0.0,0.0
2022-01-19 19:12:56.001813,0.0,0.0,0.0
2022-01-19 19:12:56.505745,0.0,0.0,0.0
2022-01-19 19:12:57.004002,0.0,0.0,0.0
2022-01-19 19:12:57.510445,0.0,0.0,0.0
2022-01-19 19:12:58.008391,0.0,0.0,0.0
2022-01-19 19:12:58.502996,0.0,0.0,0.0
2022-01-19 19:12:59.010483,0.0,0.0,0.0
2022-01-19 19:12:59.505036,0.0,0.0,0.0
2022-01-19 19:13:00.005200,0.0,0.0,0.0
2022-01-19 19:13:00.509879,0.0,0.0,0.0
2022-01-19 19:13:01.009442,0.0,0.0,0.0
2022-01-19 19:13:01.503992,0.0,0.0,0.0
2022-01-19 19:13:02.002361,0.0,0.0,0.0
2022-01-19 19:13:02.507521,0.0,0.0,0.0
2022-01-19 19:13:03.008072,0.0,0.0,0.0
2022-01-19 19:13:03.504985,0.0,0.0,0.0
2022-01-19 19:13:04.003811,0.0,0.0,0.0
2022-01-19 19:13:04.510258,0.0,0.0,0.0
2022-01-19 19:13:05.007003,0.0,0.0,0.0
2022-01-19 19:13:05.502493,0.0,0.0,0.0
2022-01-19 19:13:06.010883,0.0,0.0,0.0
2022-01-19 19:13:06.505392,0.0,0.0,0.0
2022-01-19 19:13:07.004011,0.0,0.0,0.0
2022-01-19 19:13:07.510657,0.0,0.0,0.0
2022-01-19 19:13:08.008497,0.0,0.0,0.0
2022-01-19 19:13:08.503083,0.0,0.0,0.0
2022-01-19 19:13:09.001777,0.0,0.0,0.0
2022-01-19 19:13:09.507788,0.0,0.0,0.0
2022-01-19 19:13:10.007320,0.0,0.0,0.0
2022-01-19 19:13:10.503573,0.0,0.0,0.0
2022-01-19 19:13:11.009676,0.0,0.0,0.0
2022-01-19 19:13:11.504397,0.0,0.0,0.0
2022-01-19 19:13:12.002413,0.0,0.0,0.0
2022-01-19 19:13:12.508890,0.0,0.0,0.0
2022-01-19 19:13:13.006740,0.0,0.0,0.0
2022-01-19 19:13:13.510664,0.0,0.0,0.0
2022-01-19 19:13:14.007312,0.0,0.0,0.0
2022-01-19 19:13:14.504493,0.0,0.0,0.0
2022-01-19 19:13:15.004406,0.0,0.0,0.0
2022-01-19 19:13:15.510016,0.0,0.0,0.0
2022-01-19 19:13:16.008205,0.0,0.0,0.0
2022-01-19 19:13:16.502801,0.0,0.0,0.0
2022-01-19 19:13:17.010805,0.0,0.0,0.0
2022-01-19 19:13:17.505703,0.0,0.0,0.0
2022-01-19 19:13:18.005456,0.0,0.0,0.0
2022-01-19 19:13:18.510719,0.0,0.0,0.0
2022-01-19 19:13:19.007427,0.0,0.0,0.0
2022-01-19 19:13:19.502352,0.0,0.0,0.0
2022-01-19 19:13:20.001140,0.0,0.0,0.0
2022-01-19 19:13:20.504098,0.0,0.0,0.0
2022-01-19 19:13:21.003089,0.0,0.0,0.0
2022-01-19 19:13:21.509194,0.0,0.0,0.0
2022-01-19 19:13:22.007340,0.0,0.0,0.0
2022-01-19 19:13:22.503458,0.0,0.0,0.0
2022-01-19 19:13:23.001348,0.0,0.0,0.0
2022-01-19 19:13:23.507874,0.0,0.0,0.0
2022-01-19 19:13:24.005934,0.0,0.0,0.0
2022-01-19 19:13:24.502081,0.0,0.0,0.0
2022-01-19 19:13:25.001281,0.0,0.0,0.0
2022-01-19 19:13:25.506518,0.0,0.0,0.0
2022-01-19 19:13:26.004047,0.0,0.0,0.0
2022-01-19 19:13:26.508793,0.0,0.0,0.0
2022-01-19 19:13:27.006595,0.0,0.0,0.0
2022-01-19 19:13:27.510669,0.0,0.0,0.0
2022-01-19 19:13:28.009919,0.0,0.0,0.0
2022-01-19 19:13:28.505930,0.0,0.0,0.0
2022-01-19 19:13:29.003145,0.0,0.0,0.0
2022-01-19 19:13:29.507305,0.0,0.0,0.0
2022-01-19 19:13:30.005358,0.0,0.0,0.0
2022-01-19 19:13:30.510318,0.0,0.0,0.0
2022-01-19 19:13:31.010993,0.0,0.0,0.0
2022-01-19 19:13:31.507538,0.0,0.0,0.0
2022-01-19 19:13:32.007190,0.0,0.0,0.0
2022-01-19 19:13:32.501893,0.0,0.0,0.0
2022-01-19 19:13:33.010231,0.0,0.0,0.0
2022-01-19 19:13:33.504002,0.0,0.0,0.0
2022-01-19 19:13:34.001138,0.0,0.0,0.0
2022-01-19 19:13:34.503984,0.0,0.0,0.0
2022-01-19 19:13:35.002718,0.0,0.0,0.0
2022-01-19 19:13:35.507990,0.0,0.0,0.0
2022-01-19 19:13:36.005540,0.0,0.0,0.0
2022-01-19 19:13:36.509614,0.0,0.0,0.0
2022-01-19 19:13:37.007113,0.0,0.0,0.0
2022-01-19 19:13:37.502697,0.0,0.0,0.0
2022-01-19 19:13:38.001806,0.0,0.0,0.0
2022-01-19 19:13:38.507776,0.0,0.0,0.0
2022-01-19 19:13:39.007233,0.0,0.0,0.0
2022-01-19 19:13:39.503303,0.0,0.0,0.0
2022-01-19 19:13:40.001446,0.0,0.0,0.0
2022-01-19 19:13:40.508415,0.0,0.0,0.0
2022-01-19 19:13:41.006873,0.0,0.0,0.0
2022-01-19 19:13:41.511109,0.0,0.0,0.0
2022-01-19 19:13:42.007442,0.0,0.0,0.0
2022-01-19 19:13:42.508182,0.0,0.0,0.0
2022-01-19 19:13:43.006980,0.0,0.0,0.0
2022-01-19 19:13:43.502454,0.0,0.0,0.0
2022-01-19 19:13:44.009244,0.0,0.0,0.0
2022-01-19 19:13:44.503372,0.0,0.0,0.0
2022-01-19 19:13:45.003428,0.0,0.0,0.0
2022-01-19 19:13:45.507441,0.0,0.0,0.0
2022-01-19 19:13:46.006682,0.0,0.0,0.0
2022-01-19 19:13:46.508717,0.0,0.0,0.0
2022-01-19 19:13:47.006573,0.0,0.0,0.0
2022-01-19 19:13:47.502836,0.0,0.0,0.0
2022-01-19 19:13:48.010765,0.0,0.0,0.0
2022-01-19 19:13:48.504989,0.0,0.0,0.0
2022-01-19 19:13:49.001943,0.0,0.0,0.0
2022-01-19 19:13:49.507339,0.0,0.0,0.0
2022-01-19 19:13:50.006086,0.0,0.0,0.0
2022-01-19 19:13:50.510559,0.0,0.0,0.0
2022-01-19 19:13:51.009108,0.0,0.0,0.0
2022-01-19 19:13:51.503707,0.0,0.0,0.0
2022-01-19 19:13:52.004480,0.0,0.0,0.0
2022-01-19 19:13:52.510683,0.0,0.0,0.0
2022-01-19 19:13:53.008985,0.0,0.0,0.0
2022-01-19 19:13:53.504086,0.0,0.0,0.0
2022-01-19 19:13:54.001948,0.0,0.0,0.0
2022-01-19 19:13:54.507246,0.0,0.0,0.0
2022-01-19 19:13:55.006753,0.0,0.0,0.0
2022-01-19 19:13:55.502152,0.0,0.0,0.0
2022-01-19 19:13:56.010938,0.0,0.0,0.0
2022-01-19 19:13:56.505540,0.0,0.0,0.0
2022-01-19 19:13:57.003500,0.0,0.0,0.0
2022-01-19 19:13:57.508559,0.0,0.0,0.0
2022-01-19 19:13:58.007310,0.0,0.0,0.0
2022-01-19 19:13:58.502672,0.0,0.0,0.0
2022-01-19 19:13:59.001142,0.0,0.0,0.0
2022-01-19 19:13:59.505516,0.0,0.0,0.0
2022-01-19 19:14:00.003596,0.0,0.0,0.0
2022-01-19 19:14:00.505246,0.0,0.0,0.0
2022-01-19 19:14:01.003455,0.0,0.0,0.0
2022-01-19 19:14:01.510174,0.0,0.0,0.0
2022-01-19 19:14:02.007802,0.0,0.0,0.0
2022-01-19 19:14:02.501004,0.0,0.0,0.0
2022-01-19 19:14:03.010034,0.0,0.0,0.0
2022-01-19 19:14:03.504649,0.0,0.0,0.0
2022-01-19 19:14:04.004816,0.0,0.0,0.0
2022-01-19 19:14:04.509009,0.0,0.0,0.0
2022-01-19 19:14:05.006351,0.0,0.0,0.0
2022-01-19 19:14:05.502974,0.0,0.0,0.0
2022-01-19 19:14:06.010465,0.0,0.0,0.0
2022-01-19 19:14:06.503747,0.0,0.0,0.0
2022-01-19 19:14:07.001680,0.0,0.0,0.0
2022-01-19 19:14:07.506984,0.0,0.0,0.0
2022-01-19 19:14:08.005294,0.0,0.0,0.0
2022-01-19 19:14:08.503715,0.0,0.0,0.0
2022-01-19 19:14:09.002169,0.0,0.0,0.0
2022-01-19 19:14:09.506795,0.0,0.0,0.0
2022-01-19 19:14:10.004717,0.0,0.0,0.0
2022-01-19 19:14:10.509979,0.0,0.0,0.0
2022-01-19 19:14:11.006448,0.0,0.0,0.0
2022-01-19 19:14:11.502604,0.0,0.0,0.0
2022-01-19 19:14:12.002752,0.0,0.0,0.0
2022-01-19 19:14:12.508565,0.0,0.0,0.0
2022-01-19 19:14:13.005871,0.0,0.0,0.0
2022-01-19 19:14:13.510834,0.0,0.0,0.0
2022-01-19 19:14:14.008430,0.0,0.0,0.0
2022-01-19 19:14:14.502375,0.0,0.0,0.0
2022-01-19 19:14:15.010623,0.0,0.0,0.0
2022-01-19 19:14:15.506828,0.0,0.0,0.0
2022-01-19 19:14:16.004542,0.0,0.0,0.0
2022-01-19 19:14:16.509150,0.0,0.0,0.0
2022-01-19 19:14:17.007421,0.0,0.0,0.0
2022-01-19 19:14:17.502321,0.0,0.0,0.0
2022-01-19 19:14:18.010812,0.0,0.0,0.0
2022-01-19 19:14:18.505225,0.0,0.0,0.0
2022-01-19 19:14:19.002402,0.0,0.0,0.0
2022-01-19 19:14:19.508045,0.0,0.0,0.0
2022-01-19 19:14:20.006763,0.0,0.0,0.0
2022-01-19 19:14:20.501375,0.0,0.0,0.0
2022-01-19 19:14:21.010159,0.0,0.0,0.0
2022-01-19 19:14:21.506515,0.0,0.0,0.0
2022-01-19 19:14:22.004678,0.0,0.0,0.0
2022-01-19 19:14:22.510047,0.0,0.0,0.0
2022-01-19 19:14:23.008541,0.0,0.0,0.0
2022-01-19 19:14:23.506494,0.0,0.0,0.0
2022-01-19 19:14:24.005155,0.0,0.0,0.0
2022-01-19 19:14:24.511259,0.0,0.0,0.0
2022-01-19 19:14:25.010747,0.0,0.0,0.0
2022-01-19 19:14:25.504157,0.0,0.0,0.0
2022-01-19 19:14:26.002792,0.0,0.0,0.0
2022-01-19 19:14:26.507737,0.0,0.0,0.0
2022-01-19 19:14:27.005745,0.0,0.0,0.0
2022-01-19 19:14:27.511063,0.0,0.0,0.0
2022-01-19 19:14:28.008522,0.0,0.0,0.0
2022-01-19 19:14:28.502523,0.0,0.0,0.0
2022-01-19 19:14:29.010370,0.0,0.0,0.0
2022-01-19 19:14:29.504544,0.0,0.0,0.0
2022-01-19 19:14:30.002242,0.0,0.0,0.0
2022-01-19 19:14:30.509280,0.0,0.0,0.0
2022-01-19 19:14:31.006832,0.0,0.0,0.0
2022-01-19 19:14:31.502255,0.0,0.0,0.0
2022-01-19 19:14:32.010165,0.0,0.0,0.0
2022-01-19 19:14:32.505013,0.0,0.0,0.0
2022-01-19 19:14:33.002328,0.0,0.0,0.0
2022-01-19 19:14:33.510302,0.0,0.0,0.0
2022-01-19 19:14:34.010338,0.0,0.0,0.0
2022-01-19 19:14:34.505197,0.0,0.0,0.0
2022-01-19 19:14:35.003343,0.0,0.0,0.0
2022-01-19 19:14:35.509959,0.0,0.0,0.0
2022-01-19 19:14:36.008837,0.0,0.0,0.0
2022-01-19 19:14:36.504843,0.0,0.0,0.0
2022-01-19 19:14:37.003846,0.0,0.0,0.0
2022-01-19 19:14:37.509181,0.0,0.0,0.0
2022-01-19 19:14:38.007102,0.0,0.0,0.0
2022-01-19 19:14:38.502982,0.0,0.0,0.0
2022-01-19 19:14:39.001126,0.0,0.0,0.0
2022-01-19 19:14:39.506258,0.0,0.0,0.0
2022-01-19 19:14:40.005986,0.0,0.0,0.0
2022-01-19 19:14:40.504331,0.0,0.0,0.0
2022-01-19 19:14:41.002655,0.0,0.0,0.0
2022-01-19 19:14:41.509498,0.0,0.0,0.0
2022-01-19 19:14:42.007833,0.0,0.0,0.0
2022-01-19 19:14:42.502028,0.0,0.0,0.0
2022-01-19 19:14:43.010953,0.0,0.0,0.0
2022-01-19 19:14:43.505873,0.0,0.0,0.0
2022-01-19 19:14:44.003705,0.0,0.0,0.0
2022-01-19 19:14:44.508301,0.0,0.0,0.0
2022-01-19 19:14:45.007522,0.0,0.0,0.0
2022-01-19 19:14:45.502646,0.0,0.0,0.0
2022-01-19 19:14:46.011061,0.0,0.0,0.0
2022-01-19 19:14:46.505315,0.0,0.0,0.0
2022-01-19 19:14:47.004958,0.0,0.0,0.0
2022-01-19 19:14:47.510710,0.0,0.0,0.0
2022-01-19 19:14:48.009034,0.0,0.0,0.0
2022-01-19 19:14:48.503797,0.0,0.0,0.0
2022-01-19 19:14:49.002266,0.0,0.0,0.0
2022-01-19 19:14:49.506366,0.0,0.0,0.0
2022-01-19 19:14:50.005793,0.0,0.0,0.0
2022-01-19 19:14:50.501247,0.0,0.0,0.0
2022-01-19 19:14:51.008619,0.0,0.0,0.0
2022-01-19 19:14:51.503751,0.0,0.0,0.0
2022-01-19 19:14:52.001671,0.0,0.0,0.0
2022-01-19 19:14:52.508296,0.0,0.0,0.0
2022-01-19 19:14:53.006381,0.0,0.0,0.0
2022-01-19 19:14:53.510847,0.0,0.0,0.0
2022-01-19 19:14:54.009697,0.0,0.0,0.0
2022-01-19 19:14:54.504095,0.0,0.0,0.0
2022-01-19 19:14:55.002613,0.0,0.0,0.0
2022-01-19 19:14:55.507933,0.0,0.0,0.0
2022-01-19 19:14:56.004911,0.0,0.0,0.0
2022-01-19 19:14:56.510725,0.0,0.0,0.0
2022-01-19 19:14:57.010711,0.0,0.0,0.0
2022-01-19 19:14:57.506041,0.0,0.0,0.0
2022-01-19 19:14:58.004414,0.0,0.0,0.0
2022-01-19 19:14:58.509436,0.0,0.0,0.0
2022-01-19 19:14:59.007364,0.0,0.0,0.0
2022-01-19 19:14:59.502218,0.0,0.0,0.0
2022-01-19 19:15:00.010236,0.0,0.0,0.0
2022-01-19 19:15:00.505640,0.0,0.0,0.0
2022-01-19 19:15:01.002649,0.0,0.0,0.0
2022-01-19 19:15:01.506757,0.0,0.0,0.0
2022-01-19 19:15:02.003982,0.0,0.0,0.0
2022-01-19 19:15:02.509175,0.0,0.0,0.0
2022-01-19 19:15:03.008378,0.0,0.0,0.0
2022-01-19 19:15:03.504616,0.0,0.0,0.0
2022-01-19 19:15:04.004527,0.0,0.0,0.0
2022-01-19 19:15:04.509075,0.0,0.0,0.0
2022-01-19 19:15:05.007370,0.0,0.0,0.0
2022-01-19 19:15:05.503944,0.0,0.0,0.0
2022-01-19 19:15:06.001935,0.0,0.0,0.0
2022-01-19 19:15:06.505835,0.0,0.0,0.0
2022-01-19 19:15:07.003951,0.0,0.0,0.0
2022-01-19 19:15:07.510598,0.0,0.0,0.0
2022-01-19 19:15:08.007397,0.0,0.0,0.0
2022-01-19 19:15:08.501922,0.0,0.0,0.0
2022-01-19 19:15:09.009953,0.0,0.0,0.0
2022-01-19 19:15:09.503616,0.0,0.0,0.0
2022-01-19 19:15:10.001265,0.0,0.0,0.0
2022-01-19 19:15:10.506233,0.0,0.0,0.0
2022-01-19 19:15:11.010525,0.0,0.0,0.0
2022-01-19 19:15:11.505293,0.0,0.0,0.0
2022-01-19 19:15:12.003254,0.0,0.0,0.0
2022-01-19 19:15:12.508830,0.0,0.0,0.0
2022-01-19 19:15:13.006142,0.0,0.0,0.0
2022-01-19 19:15:13.501231,0.0,0.0,0.0
2022-01-19 19:15:14.001267,0.0,0.0,0.0
2022-01-19 19:15:14.506993,0.0,0.0,0.0
2022-01-19 19:15:15.005857,0.0,0.0,0.0
2022-01-19 19:15:15.501162,0.0,0.0,0.0
2022-01-19 19:15:16.009259,0.0,0.0,0.0
2022-01-19 19:15:16.504610,0.0,0.0,0.0
2022-01-19 19:15:17.002740,0.0,0.0,0.0
2022-01-19 19:15:17.509846,0.0,0.0,0.0
2022-01-19 19:15:18.009156,0.0,0.0,0.0
2022-01-19 19:15:18.504375,0.0,0.0,0.0
2022-01-19 19:15:19.003107,0.0,0.0,0.0
2022-01-19 19:15:19.507767,0.0,0.0,0.0
2022-01-19 19:15:20.005538,0.0,0.0,0.0
2022-01-19 19:15:20.511081,0.0,0.0,0.0
2022-01-19 19:15:21.010142,0.0,0.0,0.0
2022-01-19 19:15:21.505448,0.0,0.0,0.0
2022-01-19 19:15:22.004090,0.0,0.0,0.0
2022-01-19 19:15:22.509389,0.0,0.0,0.0
2022-01-19 19:15:23.007402,0.0,0.0,0.0
2022-01-19 19:15:23.501901,0.0,0.0,0.0
2022-01-19 19:15:24.010751,0.0,0.0,0.0
2022-01-19 19:15:24.507427,0.0,0.0,0.0
2022-01-19 19:15:25.006098,0.0,0.0,0.0
2022-01-19 19:15:25.501092,0.0,0.0,0.0
2022-01-19 19:15:26.010722,0.0,0.0,0.0
2022-01-19 19:15:26.505144,0.0,0.0,0.0
2022-01-19 19:15:27.003224,0.0,0.0,0.0
2022-01-19 19:15:27.507666,0.0,0.0,0.0
2022-01-19 19:15:28.006618,0.0,0.0,0.0
2022-01-19 19:15:28.510728,0.0,0.0,0.0
2022-01-19 19:15:29.008585,0.0,0.0,0.0
2022-01-19 19:15:29.502766,0.0,0.0,0.0
2022-01-19 19:15:30.010977,0.0,0.0,0.0
2022-01-19 19:15:30.506625,0.0,0.0,0.0
2022-01-19 19:15:31.005290,0.0,0.0,0.0
2022-01-19 19:15:31.501869,0.0,0.0,0.0
2022-01-19 19:15:32.002371,0.0,0.0,0.0
2022-01-19 19:15:32.506123,0.0,0.0,0.0
2022-01-19 19:15:33.003734,0.0,0.0,0.0
2022-01-19 19:15:33.509041,0.0,0.0,0.0
2022-01-19 19:15:34.006731,0.0,0.0,0.0
2022-01-19 19:15:34.502472,0.0,0.0,0.0
2022-01-19 19:15:35.010887,0.0,0.0,0.0
2022-01-19 19:15:35.506422,0.0,0.0,0.0
2022-01-19 19:15:36.008231,0.0,0.0,0.0
2022-01-19 19:15:36.503766,0.0,0.0,0.0
2022-01-19 19:15:37.002164,0.0,0.0,0.0
2022-01-19 19:15:37.507635,0.0,0.0,0.0
2022-01-19 19:15:38.007283,0.0,0.0,0.0
2022-01-19 19:15:38.505057,0.0,0.0,0.0
2022-01-19 19:15:39.004132,0.0,0.0,0.0
2022-01-19 19:15:39.509120,0.0,0.0,0.0
2022-01-19 19:15:40.007693,0.0,0.0,0.0
2022-01-19 19:15:40.502590,0.0,0.0,0.0
2022-01-19 19:15:41.001360,0.0,0.0,0.0
2022-01-19 19:15:41.507772,0.0,0.0,0.0
2022-01-19 19:15:42.005386,0.0,0.0,0.0
2022-01-19 19:15:42.510696,0.0,0.0,0.0
2022-01-19 19:15:43.010245,0.0,0.0,0.0
2022-01-19 19:15:43.505144,0.0,0.0,0.0
2022-01-19 19:15:44.003504,0.0,0.0,0.0
2022-01-19 19:15:44.507852,0.0,0.0,0.0
2022-01-19 19:15:45.006404,0.0,0.0,0.0
2022-01-19 19:15:45.501210,0.0,0.0,0.0
2022-01-19 19:15:46.010757,0.0,0.0,0.0
2022-01-19 19:15:46.505627,0.0,0.0,0.0
2022-01-19 19:15:47.003830,0.0,0.0,0.0
2022-01-19 19:15:47.507409,0.0,0.0,0.0
2022-01-19 19:15:48.006304,0.0,0.0,0.0
2022-01-19 19:15:48.501661,0.0,0.0,0.0
2022-01-19 19:15:49.009562,0.0,0.0,0.0
2022-01-19 19:15:49.504124,0.0,0.0,0.0
2022-01-19 19:15:50.001411,0.0,0.0,0.0
2022-01-19 19:15:50.507407,0.0,0.0,0.0
2022-01-19 19:15:51.004968,0.0,0.0,0.0
2022-01-19 19:15:51.510533,0.0,0.0,0.0
2022-01-19 19:15:52.008088,0.0,0.0,0.0
2022-01-19 19:15:52.505950,0.0,0.0,0.0
2022-01-19 19:15:53.004199,0.0,0.0,0.0
2022-01-19 19:15:53.508862,0.0,0.0,0.0
2022-01-19 19:15:54.007535,0.0,0.0,0.0
2022-01-19 19:15:54.502141,0.0,0.0,0.0
2022-01-19 19:15:55.010319,0.0,0.0,0.0
2022-01-19 19:15:55.504659,0.0,0.0,0.0
2022-01-19 19:15:56.002391,0.0,0.0,0.0
2022-01-19 19:15:56.506552,0.0,0.0,0.0
2022-01-19 19:15:57.004537,0.0,0.0,0.0
2022-01-19 19:15:57.508733,0.0,0.0,0.0
2022-01-19 19:15:58.006750,0.0,0.0,0.0
2022-01-19 19:15:58.502345,0.0,0.0,0.0
2022-01-19 19:15:59.010304,0.0,0.0,0.0
2022-01-19 19:15:59.507275,0.0,0.0,0.0
2022-01-19 19:16:00.006189,0.0,0.0,0.0
2022-01-19 19:16:00.510547,0.0,0.0,0.0
2022-01-19 19:16:01.008487,0.0,0.0,0.0
2022-01-19 19:16:01.503470,0.0,0.0,0.0
2022-01-19 19:16:02.001091,0.0,0.0,0.0
2022-01-19 19:16:02.507336,0.0,0.0,0.0
2022-01-19 19:16:03.005211,0.0,0.0,0.0
2022-01-19 19:16:03.510833,0.0,0.0,0.0
2022-01-19 19:16:04.008877,0.0,0.0,0.0
2022-01-19 19:16:04.503583,0.0,0.0,0.0
2022-01-19 19:16:05.001256,0.0,0.0,0.0
2022-01-19 19:16:05.506602,0.0,0.0,0.0
2022-01-19 19:16:06.005017,0.0,0.0,0.0
2022-01-19 19:16:06.509704,0.0,0.0,0.0
2022-01-19 19:16:07.007268,0.0,0.0,0.0
2022-01-19 19:16:07.503550,0.0,0.0,0.0
2022-01-19 19:16:08.002278,0.0,0.0,0.0
2022-01-19 19:16:08.506676,0.0,0.0,0.0
2022-01-19 19:16:09.006004,0.0,0.0,0.0
2022-01-19 19:16:09.510829,0.0,0.0,0.0
2022-01-19 19:16:10.009212,0.0,0.0,0.0
2022-01-19 19:16:10.502670,0.0,0.0,0.0
2022-01-19 19:16:11.007460,0.0,0.0,0.0
2022-01-19 19:16:11.503890,0.0,0.0,0.0
2022-01-19 19:16:12.002438,0.0,0.0,0.0
2022-01-19 19:16:12.510319,0.0,0.0,0.0
2022-01-19 19:16:13.008100,0.0,0.0,0.0
2022-01-19 19:16:13.504728,0.0,0.0,0.0
2022-01-19 19:16:14.003968,0.0,0.0,0.0
2022-01-19 19:16:14.510126,0.0,0.0,0.0
2022-01-19 19:16:15.007898,0.0,0.0,0.0
2022-01-19 19:16:15.502948,0.0,0.0,0.0
2022-01-19 19:16:16.000998,0.0,0.0,0.0
2022-01-19 19:16:16.507044,0.0,0.0,0.0
2022-01-19 19:16:17.005860,0.0,0.0,0.0
2022-01-19 19:16:17.510554,0.0,0.0,0.0
2022-01-19 19:16:18.006913,0.0,0.0,0.0
2022-01-19 19:16:18.501551,0.0,0.0,0.0
2022-01-19 19:16:19.010527,0.0,0.0,0.0
2022-01-19 19:16:19.506349,0.0,0.0,0.0
2022-01-19 19:16:20.003819,0.0,0.0,0.0
2022-01-19 19:16:20.509081,0.0,0.0,0.0
2022-01-19 19:16:21.007723,0.0,0.0,0.0
2022-01-19 19:16:21.501725,0.0,0.0,0.0
2022-01-19 19:16:22.001306,0.0,0.0,0.0
2022-01-19 19:16:22.507143,0.0,0.0,0.0
2022-01-19 19:16:23.004913,0.0,0.0,0.0
2022-01-19 19:16:23.509939,0.0,0.0,0.0
2022-01-19 19:16:24.009405,0.0,0.0,0.0
2022-01-19 19:16:24.504713,0.0,0.0,0.0
2022-01-19 19:16:25.002339,0.0,0.0,0.0
2022-01-19 19:16:25.506963,0.0,0.0,0.0
2022-01-19 19:16:26.005909,0.0,0.0,0.0
2022-01-19 19:16:26.502381,0.0,0.0,0.0
2022-01-19 19:16:27.010198,0.0,0.0,0.0
2022-01-19 19:16:27.504750,0.0,0.0,0.0
2022-01-19 19:16:28.003028,0.0,0.0,0.0
2022-01-19 19:16:28.507404,0.0,0.0,0.0
2022-01-19 19:16:29.006361,0.0,0.0,0.0
2022-01-19 19:16:29.510803,0.0,0.0,0.0
2022-01-19 19:16:30.010297,0.0,0.0,0.0
2022-01-19 19:16:30.504846,0.0,0.0,0.0
2022-01-19 19:16:31.003022,0.0,0.0,0.0
2022-01-19 19:16:31.506990,0.0,0.0,0.0
2022-01-19 19:16:32.005034,0.0,0.0,0.0
2022-01-19 19:16:32.510153,0.0,0.0,0.0
2022-01-19 19:16:33.008514,0.0,0.0,0.0
2022-01-19 19:16:33.502786,0.0,0.0,0.0
2022-01-19 19:16:34.002389,0.0,0.0,0.0
2022-01-19 19:16:34.506711,0.0,0.0,0.0
2022-01-19 19:16:35.006519,0.0,0.0,0.0
2022-01-19 19:16:35.510919,0.0,0.0,0.0
2022-01-19 19:16:36.007816,0.0,0.0,0.0
2022-01-19 19:16:36.502490,0.0,0.0,0.0
2022-01-19 19:16:37.010506,0.0,0.0,0.0
2022-01-19 19:16:37.505138,0.0,0.0,0.0
2022-01-19 19:16:38.003173,0.0,0.0,0.0
2022-01-19 19:16:38.508424,0.0,0.0,0.0
2022-01-19 19:16:39.006873,0.0,0.0,0.0
2022-01-19 19:16:39.501651,0.0,0.0,0.0
2022-01-19 19:16:40.010573,0.0,0.0,0.0
2022-01-19 19:16:40.506245,0.0,0.0,0.0
2022-01-19 19:16:41.003963,0.0,0.0,0.0
2022-01-19 19:16:41.508715,0.0,0.0,0.0
2022-01-19 19:16:42.007553,0.0,0.0,0.0
2022-01-19 19:16:42.501880,0.0,0.0,0.0
2022-01-19 19:16:43.010221,0.0,0.0,0.0
2022-01-19 19:16:43.507105,0.0,0.0,0.0
2022-01-19 19:16:44.005742,0.0,0.0,0.0
2022-01-19 19:16:44.510908,0.0,0.0,0.0
2022-01-19 19:16:45.009553,0.0,0.0,0.0
2022-01-19 19:16:45.504603,0.0,0.0,0.0
2022-01-19 19:16:46.009037,0.0,0.0,0.0
2022-01-19 19:16:46.503043,0.0,0.0,0.0
2022-01-19 19:16:47.003117,0.0,0.0,0.0
2022-01-19 19:16:47.506692,0.0,0.0,0.0
2022-01-19 19:16:48.004769,0.0,0.0,0.0
2022-01-19 19:16:48.509258,0.0,0.0,0.0
2022-01-19 19:16:49.006501,0.0,0.0,0.0
2022-01-19 19:16:49.501150,0.0,0.0,0.0
2022-01-19 19:16:50.009396,0.0,0.0,0.0
2022-01-19 19:16:50.505715,0.0,0.0,0.0
2022-01-19 19:16:51.004609,0.0,0.0,0.0
2022-01-19 19:16:51.508669,0.0,0.0,0.0
2022-01-19 19:16:52.005630,0.0,0.0,0.0
2022-01-19 19:16:52.511382,0.0,0.0,0.0
2022-01-19 19:16:53.010846,0.0,0.0,0.0
2022-01-19 19:16:53.506142,0.0,0.0,0.0
2022-01-19 19:16:54.004175,0.0,0.0,0.0
2022-01-19 19:16:54.508535,0.0,0.0,0.0
2022-01-19 19:16:55.005471,0.0,0.0,0.0
2022-01-19 19:16:55.510080,0.0,0.0,0.0
2022-01-19 19:16:56.007186,0.0,0.0,0.0
2022-01-19 19:16:56.502750,0.0,0.0,0.0
2022-01-19 19:16:57.002042,0.0,0.0,0.0
2022-01-19 19:16:57.509083,0.0,0.0,0.0
2022-01-19 19:16:58.006087,0.0,0.0,0.0
2022-01-19 19:16:58.503048,0.0,0.0,0.0
2022-01-19 19:16:59.001055,0.0,0.0,0.0
2022-01-19 19:16:59.506262,0.0,0.0,0.0
2022-01-19 19:17:00.004159,0.0,0.0,0.0
2022-01-19 19:17:00.501252,0.0,0.0,0.0
2022-01-19 19:17:01.000969,0.0,0.0,0.0
2022-01-19 19:17:01.505357,0.0,0.0,0.0
2022-01-19 19:17:02.004160,0.0,0.0,0.0
2022-01-19 19:17:02.508890,0.0,0.0,0.0
2022-01-19 19:17:03.007250,0.0,0.0,0.0
2022-01-19 19:17:03.503971,0.0,0.0,0.0
2022-01-19 19:17:04.002003,0.0,0.0,0.0
2022-01-19 19:17:04.506042,0.0,0.0,0.0
2022-01-19 19:17:05.003925,0.0,0.0,0.0
2022-01-19 19:17:05.509297,0.0,0.0,0.0
2022-01-19 19:17:06.008381,0.0,0.0,0.0
2022-01-19 19:17:06.503372,0.0,0.0,0.0
2022-01-19 19:17:07.001097,0.0,0.0,0.0
2022-01-19 19:17:07.507096,0.0,0.0,0.0
2022-01-19 19:17:08.005363,0.0,0.0,0.0
2022-01-19 19:17:08.510131,0.0,0.0,0.0
2022-01-19 19:17:09.007220,0.0,0.0,0.0
2022-01-19 19:17:09.502868,0.0,0.0,0.0
2022-01-19 19:17:10.001348,0.0,0.0,0.0
2022-01-19 19:17:10.507791,0.0,0.0,0.0
2022-01-19 19:17:11.001493,0.0,0.0,0.0
2022-01-19 19:17:11.507373,0.0,0.0,0.0
2022-01-19 19:17:12.005461,0.0,0.0,0.0
2022-01-19 19:17:12.501214,0.0,0.0,0.0
2022-01-19 19:17:13.009717,0.0,0.0,0.0
2022-01-19 19:17:13.507500,0.0,0.0,0.0
2022-01-19 19:17:14.006938,0.0,0.0,0.0
2022-01-19 19:17:14.501079,0.0,0.0,0.0
2022-01-19 19:17:15.010000,0.0,0.0,0.0
2022-01-19 19:17:15.504313,0.0,0.0,0.0
2022-01-19 19:17:16.001745,0.0,0.0,0.0
2022-01-19 19:17:16.506552,0.0,0.0,0.0
2022-01-19 19:17:17.005718,0.0,0.0,0.0
2022-01-19 19:17:17.509842,0.0,0.0,0.0
2022-01-19 19:17:18.008563,0.0,0.0,0.0
2022-01-19 19:17:18.504596,0.0,0.0,0.0
2022-01-19 19:17:19.003231,0.0,0.0,0.0
2022-01-19 19:17:19.508471,0.0,0.0,0.0
2022-01-19 19:17:20.005711,0.0,0.0,0.0
2022-01-19 19:17:20.502526,0.0,0.0,0.0
2022-01-19 19:17:21.001307,0.0,0.0,0.0
2022-01-19 19:17:21.503510,0.0,0.0,0.0
2022-01-19 19:17:22.001737,0.0,0.0,0.0
2022-01-19 19:17:22.506423,0.0,0.0,0.0
2022-01-19 19:17:23.004009,0.0,0.0,0.0
2022-01-19 19:17:23.510337,0.0,0.0,0.0
2022-01-19 19:17:24.001197,0.0,0.0,0.0
2022-01-19 19:17:24.507249,0.0,0.0,0.0
2022-01-19 19:17:25.004883,0.0,0.0,0.0
2022-01-19 19:17:25.508412,0.0,0.0,0.0
2022-01-19 19:17:26.007330,0.0,0.0,0.0
2022-01-19 19:17:26.502382,0.0,0.0,0.0
2022-01-19 19:17:27.010373,0.0,0.0,0.0
2022-01-19 19:17:27.507246,0.0,0.0,0.0
2022-01-19 19:17:28.005118,0.0,0.0,0.0
2022-01-19 19:17:28.510468,0.0,0.0,0.0
2022-01-19 19:17:29.009142,0.0,0.0,0.0
2022-01-19 19:17:29.503324,0.0,0.0,0.0
2022-01-19 19:17:30.003669,0.0,0.0,0.0
2022-01-19 19:17:30.501493,0.0,0.0,0.0
2022-01-19 19:17:31.010372,0.0,0.0,0.0
2022-01-19 19:17:31.505091,0.0,0.0,0.0
2022-01-19 19:17:32.001976,0.0,0.0,0.0
2022-01-19 19:17:32.506777,0.0,0.0,0.0
2022-01-19 19:17:33.006322,0.0,0.0,0.0
2022-01-19 19:17:33.502126,0.0,0.0,0.0
2022-01-19 19:17:34.001549,0.0,0.0,0.0
2022-01-19 19:17:34.506263,0.0,0.0,0.0
2022-01-19 19:17:35.004359,0.0,0.0,0.0
2022-01-19 19:17:35.510034,0.0,0.0,0.0
2022-01-19 19:17:36.008130,0.0,0.0,0.0
2022-01-19 19:17:36.509876,0.0,0.0,0.0
2022-01-19 19:17:37.007584,0.0,0.0,0.0
2022-01-19 19:17:37.502645,0.0,0.0,0.0
2022-01-19 19:17:38.003603,0.0,0.0,0.0
2022-01-19 19:17:39.005891,0.0,0.0,0.0
2022-01-19 19:17:39.510114,0.0,0.0,0.0
2022-01-19 19:17:40.008870,0.0,0.0,0.0
2022-01-19 19:17:40.504753,0.0,0.0,0.0
2022-01-19 19:17:41.003456,0.0,0.0,0.0
2022-01-19 19:17:41.509091,0.0,0.0,0.0
2022-01-19 19:17:42.007932,0.0,0.0,0.0
2022-01-19 19:17:42.501952,0.0,0.0,0.0
2022-01-19 19:17:43.009956,0.0,0.0,0.0
2022-01-19 19:17:43.503869,0.0,0.0,0.0
2022-01-19 19:17:44.003513,0.0,0.0,0.0
2022-01-19 19:17:44.508995,0.0,0.0,0.0
2022-01-19 19:17:45.006660,0.0,0.0,0.0
2022-01-19 19:17:45.502667,0.0,0.0,0.0
2022-01-19 19:17:46.010307,0.0,0.0,0.0
2022-01-19 19:17:46.506712,0.0,0.0,0.0
2022-01-19 19:17:47.004981,0.0,0.0,0.0
2022-01-19 19:17:47.510473,0.0,0.0,0.0
2022-01-19 19:17:48.009089,0.0,0.0,0.0
2022-01-19 19:17:48.504640,0.0,0.0,0.0
2022-01-19 19:17:49.003679,0.0,0.0,0.0
2022-01-19 19:17:49.508740,0.0,0.0,0.0
2022-01-19 19:17:50.007611,0.0,0.0,0.0
2022-01-19 19:17:50.501890,0.0,0.0,0.0
2022-01-19 19:17:51.010646,0.0,0.0,0.0
2022-01-19 19:17:51.506173,0.0,0.0,0.0
2022-01-19 19:17:52.003862,0.0,0.0,0.0
2022-01-19 19:17:52.510682,0.0,0.0,0.0
2022-01-19 19:17:53.010188,0.0,0.0,0.0
2022-01-19 19:17:53.505818,0.0,0.0,0.0
2022-01-19 19:17:54.002633,0.0,0.0,0.0
2022-01-19 19:17:54.508710,0.0,0.0,0.0
2022-01-19 19:17:55.007427,0.0,0.0,0.0
2022-01-19 19:17:55.502365,0.0,0.0,0.0
2022-01-19 19:17:56.011142,0.0,0.0,0.0
2022-01-19 19:17:56.506320,0.0,0.0,0.0
2022-01-19 19:17:57.004514,0.0,0.0,0.0
2022-01-19 19:17:57.509292,0.0,0.0,0.0
2022-01-19 19:17:58.008296,0.0,0.0,0.0
2022-01-19 19:17:58.502313,0.0,0.0,0.0
2022-01-19 19:17:59.010150,0.0,0.0,0.0
2022-01-19 19:17:59.505542,0.0,0.0,0.0
2022-01-19 19:18:00.003375,0.0,0.0,0.0
2022-01-19 19:18:00.508919,0.0,0.0,0.0
2022-01-19 19:18:01.008099,0.0,0.0,0.0
2022-01-19 19:18:01.503819,0.0,0.0,0.0
2022-01-19 19:18:02.001836,0.0,0.0,0.0
2022-01-19 19:18:02.506467,0.0,0.0,0.0
2022-01-19 19:18:03.004712,0.0,0.0,0.0
2022-01-19 19:18:03.509782,0.0,0.0,0.0
2022-01-19 19:18:04.008592,0.0,0.0,0.0
2022-01-19 19:18:04.503245,0.0,0.0,0.0
2022-01-19 19:18:05.505915,0.0,0.0,0.0
2022-01-19 19:18:06.003397,0.0,0.0,0.0
2022-01-19 19:18:06.501122,0.0,0.0,0.0
2022-01-19 19:18:07.008834,0.0,0.0,0.0
2022-01-19 19:18:07.504535,0.0,0.0,0.0
2022-01-19 19:18:08.002239,0.0,0.0,0.0
2022-01-19 19:18:08.506853,0.0,0.0,0.0
2022-01-19 19:18:09.004902,0.0,0.0,0.0
2022-01-19 19:18:09.501320,0.0,0.0,0.0
2022-01-19 19:18:10.009453,0.0,0.0,0.0
2022-01-19 19:18:10.504968,0.0,0.0,0.0
2022-01-19 19:18:11.009835,0.0,0.0,0.0
2022-01-19 19:18:11.505444,0.0,0.0,0.0
2022-01-19 19:18:12.002181,0.0,0.0,0.0
2022-01-19 19:18:12.507242,0.0,0.0,0.0
2022-01-19 19:18:13.005552,0.0,0.0,0.0
2022-01-19 19:18:13.501186,0.0,0.0,0.0
2022-01-19 19:18:14.007935,0.0,0.0,0.0
2022-01-19 19:18:14.504307,0.0,0.0,0.0
2022-01-19 19:18:15.003682,0.0,0.0,0.0
2022-01-19 19:18:15.509030,0.0,0.0,0.0
2022-01-19 19:18:16.008699,0.0,0.0,0.0
2022-01-19 19:18:16.504715,0.0,0.0,0.0
2022-01-19 19:18:17.002426,0.0,0.0,0.0
2022-01-19 19:18:17.508355,0.0,0.0,0.0
2022-01-19 19:18:18.007657,0.0,0.0,0.0
2022-01-19 19:18:18.502787,0.0,0.0,0.0
2022-01-19 19:18:19.009897,0.0,0.0,0.0
2022-01-19 19:18:19.503698,0.0,0.0,0.0
2022-01-19 19:18:20.001967,0.0,0.0,0.0
2022-01-19 19:18:20.508501,0.0,0.0,0.0
2022-01-19 19:18:21.006358,0.0,0.0,0.0
2022-01-19 19:18:21.501757,0.0,0.0,0.0
2022-01-19 19:18:22.010162,0.0,0.0,0.0
2022-01-19 19:18:22.504943,0.0,0.0,0.0
2022-01-19 19:18:23.005365,0.0,0.0,0.0
2022-01-19 19:18:23.510095,0.0,0.0,0.0
2022-01-19 19:18:24.008026,0.0,0.0,0.0
2022-01-19 19:18:24.502798,0.0,0.0,0.0
2022-01-19 19:18:25.009666,0.0,0.0,0.0
2022-01-19 19:18:25.504952,0.0,0.0,0.0
2022-01-19 19:18:26.002258,0.0,0.0,0.0
2022-01-19 19:18:26.509504,0.0,0.0,0.0
2022-01-19 19:18:27.008007,0.0,0.0,0.0
2022-01-19 19:18:27.504131,0.0,0.0,0.0
2022-01-19 19:18:28.003181,0.0,0.0,0.0
2022-01-19 19:18:28.508655,0.0,0.0,0.0
2022-01-19 19:18:29.006788,0.0,0.0,0.0
2022-01-19 19:18:29.502302,0.0,0.0,0.0
2022-01-19 19:18:30.009892,0.0,0.0,0.0
2022-01-19 19:18:30.504526,0.0,0.0,0.0
2022-01-19 19:18:31.010558,0.0,0.0,0.0
2022-01-19 19:18:31.504497,0.0,0.0,0.0
2022-01-19 19:18:32.011048,0.0,0.0,0.0
2022-01-19 19:18:32.506728,0.0,0.0,0.0
2022-01-19 19:18:33.005504,0.0,0.0,0.0
2022-01-19 19:18:33.510277,0.0,0.0,0.0
2022-01-19 19:18:34.009243,0.0,0.0,0.0
2022-01-19 19:18:34.505044,0.0,0.0,0.0
2022-01-19 19:18:35.001806,0.0,0.0,0.0
2022-01-19 19:18:35.508954,0.0,0.0,0.0
2022-01-19 19:18:36.007176,0.0,0.0,0.0
2022-01-19 19:18:36.501935,0.0,0.0,0.0
2022-01-19 19:18:37.010393,0.0,0.0,0.0
2022-01-19 19:18:37.504483,0.0,0.0,0.0
2022-01-19 19:18:38.009754,0.0,0.0,0.0
2022-01-19 19:18:38.504344,0.0,0.0,0.0
2022-01-19 19:18:39.004574,0.0,0.0,0.0
2022-01-19 19:18:39.508194,0.0,0.0,0.0
2022-01-19 19:18:40.007813,0.0,0.0,0.0
2022-01-19 19:18:40.504299,0.0,0.0,0.0
2022-01-19 19:18:41.009981,0.0,0.0,0.0
2022-01-19 19:18:41.504662,0.0,0.0,0.0
2022-01-19 19:18:42.505088,0.0,0.0,0.0
2022-01-19 19:18:43.010845,0.0,0.0,0.0
2022-01-19 19:18:43.505320,0.0,0.0,0.0
2022-01-19 19:18:44.002767,0.0,0.0,0.0
2022-01-19 19:18:44.507852,0.0,0.0,0.0
2022-01-19 19:18:45.004269,0.0,0.0,0.0
2022-01-19 19:18:45.508517,0.0,0.0,0.0
2022-01-19 19:18:46.007463,0.0,0.0,0.0
2022-01-19 19:18:46.501639,0.0,0.0,0.0
2022-01-19 19:18:47.009928,0.0,0.0,0.0
2022-01-19 19:18:47.505255,0.0,0.0,0.0
2022-01-19 19:18:48.002201,0.0,0.0,0.0
2022-01-19 19:18:48.507463,0.0,0.0,0.0
2022-01-19 19:18:49.006954,0.0,0.0,0.0
2022-01-19 19:18:49.501194,0.0,0.0,0.0
2022-01-19 19:18:50.008491,0.0,0.0,0.0
2022-01-19 19:18:50.504659,0.0,0.0,0.0
2022-01-19 19:18:51.003238,0.0,0.0,0.0
2022-01-19 19:18:51.510015,0.0,0.0,0.0
2022-01-19 19:18:52.006455,0.0,0.0,0.0
2022-01-19 19:18:52.502445,0.0,0.0,0.0
2022-01-19 19:18:53.009104,0.0,0.0,0.0
2022-01-19 19:18:53.504319,0.0,0.0,0.0
2022-01-19 19:18:54.002134,0.0,0.0,0.0
2022-01-19 19:18:54.509019,0.0,0.0,0.0
2022-01-19 19:18:55.005355,0.0,0.0,0.0
2022-01-19 19:18:55.501495,0.0,0.0,0.0
2022-01-19 19:18:56.009982,0.0,0.0,0.0
2022-01-19 19:18:56.503098,0.0,0.0,0.0
2022-01-19 19:18:57.010107,0.0,0.0,0.0
2022-01-19 19:18:57.505015,0.0,0.0,0.0
2022-01-19 19:18:58.002264,0.0,0.0,0.0
2022-01-19 19:18:58.506649,0.0,0.0,0.0
2022-01-19 19:18:59.005112,0.0,0.0,0.0
2022-01-19 19:18:59.501707,0.0,0.0,0.0
2022-01-19 19:19:00.008734,0.0,0.0,0.0
2022-01-19 19:19:00.501695,0.0,0.0,0.0
2022-01-19 19:19:01.009990,0.0,0.0,0.0
2022-01-19 19:19:01.504636,0.0,0.0,0.0
2022-01-19 19:19:02.001500,0.0,0.0,0.0
2022-01-19 19:19:02.504894,0.0,0.0,0.0
2022-01-19 19:19:03.002198,0.0,0.0,0.0
2022-01-19 19:19:03.508230,0.0,0.0,0.0
2022-01-19 19:19:04.005284,0.0,0.0,0.0
2022-01-19 19:19:04.502143,0.0,0.0,0.0
2022-01-19 19:19:05.008906,0.0,0.0,0.0
2022-01-19 19:19:05.503129,0.0,0.0,0.0
2022-01-19 19:19:06.010543,0.0,0.0,0.0
2022-01-19 19:19:06.505227,0.0,0.0,0.0
2022-01-19 19:19:07.011065,0.0,0.0,0.0
2022-01-19 19:19:07.506456,0.0,0.0,0.0
2022-01-19 19:19:08.003016,0.0,0.0,0.0
2022-01-19 19:19:08.507258,0.0,0.0,0.0
2022-01-19 19:19:09.003451,0.0,0.0,0.0
2022-01-19 19:19:09.510415,0.0,0.0,0.0
2022-01-19 19:19:10.006766,0.0,0.0,0.0
2022-01-19 19:19:10.501902,0.0,0.0,0.0
2022-01-19 19:19:11.005755,0.0,0.0,0.0
2022-01-19 19:19:11.509773,0.0,0.0,0.0
2022-01-19 19:19:12.006630,0.0,0.0,0.0
2022-01-19 19:19:12.502094,0.0,0.0,0.0
2022-01-19 19:19:13.009961,0.0,0.0,0.0
2022-01-19 19:19:13.503636,0.0,0.0,0.0
2022-01-19 19:19:14.010627,0.0,0.0,0.0
2022-01-19 19:19:14.507343,0.0,0.0,0.0
2022-01-19 19:19:15.002739,0.0,0.0,0.0
2022-01-19 19:19:15.507756,0.0,0.0,0.0
2022-01-19 19:19:16.004443,0.0,0.0,0.0
2022-01-19 19:19:16.510139,0.0,0.0,0.0
2022-01-19 19:19:17.005919,0.0,0.0,0.0
2022-01-19 19:19:17.510778,0.0,0.0,0.0
2022-01-19 19:19:18.007431,0.0,0.0,0.0
2022-01-19 19:19:18.502639,0.0,0.0,0.0
2022-01-19 19:19:19.009143,0.0,0.0,0.0
2022-01-19 19:19:19.502675,0.0,0.0,0.0
2022-01-19 19:19:20.008982,0.0,0.0,0.0
2022-01-19 19:19:20.503333,0.0,0.0,0.0
2022-01-19 19:19:21.010407,0.0,0.0,0.0
2022-01-19 19:19:21.507488,0.0,0.0,0.0
2022-01-19 19:19:22.005137,0.0,0.0,0.0
2022-01-19 19:19:22.510854,0.0,0.0,0.0
2022-01-19 19:19:23.007761,0.0,0.0,0.0
2022-01-19 19:19:23.501923,0.0,0.0,0.0
2022-01-19 19:19:24.009369,0.0,0.0,0.0
2022-01-19 19:19:24.504024,0.0,0.0,0.0
2022-01-19 19:19:25.001476,0.0,0.0,0.0
2022-01-19 19:19:25.507136,0.0,0.0,0.0
2022-01-19 19:19:26.003339,0.0,0.0,0.0
2022-01-19 19:19:26.508113,0.0,0.0,0.0
2022-01-19 19:19:27.005661,0.0,0.0,0.0
2022-01-19 19:19:27.510244,0.0,0.0,0.0
2022-01-19 19:19:28.009477,0.0,0.0,0.0
2022-01-19 19:19:28.506478,0.0,0.0,0.0
2022-01-19 19:19:29.002459,0.0,0.0,0.0
2022-01-19 19:19:29.507462,0.0,0.0,0.0
2022-01-19 19:19:30.005803,0.0,0.0,0.0
2022-01-19 19:19:30.501072,0.0,0.0,0.0
2022-01-19 19:19:31.007204,0.0,0.0,0.0
2022-01-19 19:19:31.502688,0.0,0.0,0.0
2022-01-19 19:19:32.001460,0.0,0.0,0.0
2022-01-19 19:19:32.506225,0.0,0.0,0.0
2022-01-19 19:19:33.002371,0.0,0.0,0.0
2022-01-19 19:19:33.506518,0.0,0.0,0.0
2022-01-19 19:19:34.002875,0.0,0.0,0.0
2022-01-19 19:19:34.507844,0.0,0.0,0.0
2022-01-19 19:19:35.004090,0.0,0.0,0.0
2022-01-19 19:19:35.510876,0.0,0.0,0.0
2022-01-19 19:19:36.007695,0.0,0.0,0.0
2022-01-19 19:19:36.500984,0.0,0.0,0.0
2022-01-19 19:19:37.006914,0.0,0.0,0.0
2022-01-19 19:19:37.502658,0.0,0.0,0.0
2022-01-19 19:19:38.008586,0.0,0.0,0.0
2022-01-19 19:19:38.503489,0.0,0.0,0.0
2022-01-19 19:19:39.003131,0.0,0.0,0.0
2022-01-19 19:19:39.508672,0.0,0.0,0.0
2022-01-19 19:19:40.006455,0.0,0.0,0.0
2022-01-19 19:19:40.501779,0.0,0.0,0.0
2022-01-19 19:19:41.008482,0.0,0.0,0.0
2022-01-19 19:19:41.503118,0.0,0.0,0.0
2022-01-19 19:19:42.010547,0.0,0.0,0.0
2022-01-19 19:19:42.505646,0.0,0.0,0.0
2022-01-19 19:19:43.003633,0.0,0.0,0.0
2022-01-19 19:19:43.509992,0.0,0.0,0.0
2022-01-19 19:19:44.006059,0.0,0.0,0.0
2022-01-19 19:19:44.510933,0.0,0.0,0.0
2022-01-19 19:19:45.006728,0.0,0.0,0.0
2022-01-19 19:19:45.504822,0.0,0.0,0.0
2022-01-19 19:19:46.002657,0.0,0.0,0.0
2022-01-19 19:19:46.507659,0.0,0.0,0.0
2022-01-19 19:19:47.005794,0.0,0.0,0.0
2022-01-19 19:19:47.510983,0.0,0.0,0.0
2022-01-19 19:19:48.008426,0.0,0.0,0.0
2022-01-19 19:19:48.504314,0.0,0.0,0.0
2022-01-19 19:19:49.010982,0.0,0.0,0.0
2022-01-19 19:19:49.504452,0.0,0.0,0.0
2022-01-19 19:19:50.010377,0.0,0.0,0.0
2022-01-19 19:19:50.505286,0.0,0.0,0.0
2022-01-19 19:19:51.002308,0.0,0.0,0.0
2022-01-19 19:19:51.507488,0.0,0.0,0.0
2022-01-19 19:19:52.005665,0.0,0.0,0.0
2022-01-19 19:19:52.510714,0.0,0.0,0.0
2022-01-19 19:19:53.009131,0.0,0.0,0.0
2022-01-19 19:19:53.505029,0.0,0.0,0.0
2022-01-19 19:19:54.001271,0.0,0.0,0.0
2022-01-19 19:19:54.506332,0.0,0.0,0.0
2022-01-19 19:19:55.003099,0.0,0.0,0.0
2022-01-19 19:19:55.507632,0.0,0.0,0.0
2022-01-19 19:19:56.004185,0.0,0.0,0.0
2022-01-19 19:19:56.510417,0.0,0.0,0.0
2022-01-19 19:19:57.006129,0.0,0.0,0.0
2022-01-19 19:19:57.501650,0.0,0.0,0.0
2022-01-19 19:19:58.009631,0.0,0.0,0.0
2022-01-19 19:19:58.504714,0.0,0.0,0.0
2022-01-19 19:19:59.001676,0.0,0.0,0.0
2022-01-19 19:19:59.506899,0.0,0.0,0.0
2022-01-19 19:20:00.004264,0.0,0.0,0.0
2022-01-19 19:20:00.503191,0.0,0.0,0.0
2022-01-19 19:20:01.009921,0.0,0.0,0.0
2022-01-19 19:20:01.504597,0.0,0.0,0.0
2022-01-19 19:20:02.001289,0.0,0.0,0.0
2022-01-19 19:20:02.505215,0.0,0.0,0.0
2022-01-19 19:20:03.002149,0.0,0.0,0.0
2022-01-19 19:20:03.508999,0.0,0.0,0.0
2022-01-19 19:20:04.005780,0.0,0.0,0.0
2022-01-19 19:20:04.510456,0.0,0.0,0.0
2022-01-19 19:20:05.007778,0.0,0.0,0.0
2022-01-19 19:20:05.502964,0.0,0.0,0.0
2022-01-19 19:20:06.010402,0.0,0.0,0.0
2022-01-19 19:20:06.505801,0.0,0.0,0.0
2022-01-19 19:20:07.002156,0.0,0.0,0.0
2022-01-19 19:20:07.507187,0.0,0.0,0.0
2022-01-19 19:20:08.004826,0.0,0.0,0.0
2022-01-19 19:20:08.509134,0.0,0.0,0.0
2022-01-19 19:20:09.006312,0.0,0.0,0.0
2022-01-19 19:20:09.511131,0.0,0.0,0.0
2022-01-19 19:20:10.008181,0.0,0.0,0.0
2022-01-19 19:20:10.506690,0.0,0.0,0.0
2022-01-19 19:20:11.010300,0.0,0.0,0.0
2022-01-19 19:20:11.505571,0.0,0.0,0.0
2022-01-19 19:20:12.003913,0.0,0.0,0.0
2022-01-19 19:20:12.509760,0.0,0.0,0.0
2022-01-19 19:20:13.006138,0.0,0.0,0.0
2022-01-19 19:20:13.510579,0.0,0.0,0.0
2022-01-19 19:20:14.007469,0.0,0.0,0.0
2022-01-19 19:20:14.503095,0.0,0.0,0.0
2022-01-19 19:20:15.009773,0.0,0.0,0.0
2022-01-19 19:20:15.505494,0.0,0.0,0.0
2022-01-19 19:20:16.001331,0.0,0.0,0.0
2022-01-19 19:20:16.506578,0.0,0.0,0.0
2022-01-19 19:20:17.005749,0.0,0.0,0.0
2022-01-19 19:20:17.500995,0.0,0.0,0.0
2022-01-19 19:20:18.007696,0.0,0.0,0.0
2022-01-19 19:20:18.503115,0.0,0.0,0.0
2022-01-19 19:20:19.010296,0.0,0.0,0.0
2022-01-19 19:20:19.505864,0.0,0.0,0.0
2022-01-19 19:20:20.003692,0.0,0.0,0.0
2022-01-19 19:20:20.508027,0.0,0.0,0.0
2022-01-19 19:20:21.004912,0.0,0.0,0.0
2022-01-19 19:20:21.509446,0.0,0.0,0.0
2022-01-19 19:20:22.007178,0.0,0.0,0.0
2022-01-19 19:20:22.502095,0.0,0.0,0.0
2022-01-19 19:20:23.010199,0.0,0.0,0.0
2022-01-19 19:20:23.504528,0.0,0.0,0.0
2022-01-19 19:20:24.002638,0.0,0.0,0.0
2022-01-19 19:20:24.510054,0.0,0.0,0.0
2022-01-19 19:20:25.008458,0.0,0.0,0.0
2022-01-19 19:20:25.502001,0.0,0.0,0.0
2022-01-19 19:20:26.008691,0.0,0.0,0.0
2022-01-19 19:20:26.503515,0.0,0.0,0.0
2022-01-19 19:20:27.010422,0.0,0.0,0.0
2022-01-19 19:20:27.505067,0.0,0.0,0.0
2022-01-19 19:20:28.002450,0.0,0.0,0.0
2022-01-19 19:20:28.507038,0.0,0.0,0.0
2022-01-19 19:20:29.004827,0.0,0.0,0.0
2022-01-19 19:20:29.510883,0.0,0.0,0.0
2022-01-19 19:20:30.008528,0.0,0.0,0.0
2022-01-19 19:20:30.502693,0.0,0.0,0.0
2022-01-19 19:20:31.008911,0.0,0.0,0.0
2022-01-19 19:20:31.502784,0.0,0.0,0.0
2022-01-19 19:20:32.009032,0.0,0.0,0.0
2022-01-19 19:20:32.502594,0.0,0.0,0.0
2022-01-19 19:20:33.001079,0.0,0.0,0.0
2022-01-19 19:20:33.504422,0.0,0.0,0.0
2022-01-19 19:20:34.003109,0.0,0.0,0.0
2022-01-19 19:20:34.507331,0.0,0.0,0.0
2022-01-19 19:20:35.003106,0.0,0.0,0.0
2022-01-19 19:20:35.507488,0.0,0.0,0.0
2022-01-19 19:20:36.004138,0.0,0.0,0.0
2022-01-19 19:20:36.508428,0.0,0.0,0.0
2022-01-19 19:20:37.007454,0.0,0.0,0.0
2022-01-19 19:20:37.502040,0.0,0.0,0.0
2022-01-19 19:20:38.007835,0.0,0.0,0.0
2022-01-19 19:20:38.503867,0.0,0.0,0.0
2022-01-19 19:20:39.010662,0.0,0.0,0.0
2022-01-19 19:20:39.507249,0.0,0.0,0.0
2022-01-19 19:20:40.006602,0.0,0.0,0.0
2022-01-19 19:20:40.501489,0.0,0.0,0.0
2022-01-19 19:20:41.009281,0.0,0.0,0.0
2022-01-19 19:20:41.504463,0.0,0.0,0.0
2022-01-19 19:20:42.001811,0.0,0.0,0.0
2022-01-19 19:20:42.506647,0.0,0.0,0.0
2022-01-19 19:20:43.005619,0.0,0.0,0.0
2022-01-19 19:20:43.501905,0.0,0.0,0.0
2022-01-19 19:20:44.009032,0.0,0.0,0.0
2022-01-19 19:20:44.503030,0.0,0.0,0.0
2022-01-19 19:20:45.010471,0.0,0.0,0.0
2022-01-19 19:20:45.505258,0.0,0.0,0.0
2022-01-19 19:20:46.002615,0.0,0.0,0.0
2022-01-19 19:20:46.506732,0.0,0.0,0.0
2022-01-19 19:20:47.005014,0.0,0.0,0.0
2022-01-19 19:20:47.510478,0.0,0.0,0.0
2022-01-19 19:20:48.007296,0.0,0.0,0.0
2022-01-19 19:20:48.502296,0.0,0.0,0.0
2022-01-19 19:20:49.009013,0.0,0.0,0.0
2022-01-19 19:20:49.503729,0.0,0.0,0.0
2022-01-19 19:20:50.009833,0.0,0.0,0.0
2022-01-19 19:20:50.504293,0.0,0.0,0.0
2022-01-19 19:20:51.001860,0.0,0.0,0.0
2022-01-19 19:20:51.507295,0.0,0.0,0.0
2022-01-19 19:20:52.003246,0.0,0.0,0.0
2022-01-19 19:20:52.508982,0.0,0.0,0.0
2022-01-19 19:20:53.004640,0.0,0.0,0.0
2022-01-19 19:20:53.509175,0.0,0.0,0.0
2022-01-19 19:20:54.006633,0.0,0.0,0.0
2022-01-19 19:20:54.501714,0.0,0.0,0.0
2022-01-19 19:20:55.003422,0.0,0.0,0.0
2022-01-19 19:20:55.508302,0.0,0.0,0.0
2022-01-19 19:20:56.004924,0.0,0.0,0.0
2022-01-19 19:20:56.510748,0.0,0.0,0.0
2022-01-19 19:20:57.007394,0.0,0.0,0.0
2022-01-19 19:20:57.502797,0.0,0.0,0.0
2022-01-19 19:20:58.006771,0.0,0.0,0.0
2022-01-19 19:20:58.502786,0.0,0.0,0.0
2022-01-19 19:20:59.010615,0.0,0.0,0.0
2022-01-19 19:20:59.504649,0.0,0.0,0.0
2022-01-19 19:21:00.002489,0.0,0.0,0.0
2022-01-19 19:21:00.507833,0.0,0.0,0.0
2022-01-19 19:21:01.004549,0.0,0.0,0.0
2022-01-19 19:21:01.509485,0.0,0.0,0.0
2022-01-19 19:21:02.005671,0.0,0.0,0.0
2022-01-19 19:21:02.501833,0.0,0.0,0.0
2022-01-19 19:21:03.009879,0.0,0.0,0.0
2022-01-19 19:21:03.505418,0.0,0.0,0.0
2022-01-19 19:21:04.001439,0.0,0.0,0.0
2022-01-19 19:21:04.506119,0.0,0.0,0.0
2022-01-19 19:21:05.001816,0.0,0.0,0.0
2022-01-19 19:21:05.507379,0.0,0.0,0.0
2022-01-19 19:21:06.005373,0.0,0.0,0.0
2022-01-19 19:21:06.510526,0.0,0.0,0.0
2022-01-19 19:21:07.006669,0.0,0.0,0.0
2022-01-19 19:21:07.509727,0.0,0.0,0.0
2022-01-19 19:21:08.006700,0.0,0.0,0.0
2022-01-19 19:21:08.502721,0.0,0.0,0.0
2022-01-19 19:21:09.009549,0.0,0.0,0.0
2022-01-19 19:21:09.505548,0.0,0.0,0.0
2022-01-19 19:21:10.001531,0.0,0.0,0.0
2022-01-19 19:21:10.506390,0.0,0.0,0.0
2022-01-19 19:21:11.009326,0.0,0.0,0.0
2022-01-19 19:21:11.505762,0.0,0.0,0.0
2022-01-19 19:21:12.001009,0.0,0.0,0.0
2022-01-19 19:21:12.508622,0.0,0.0,0.0
2022-01-19 19:21:13.006295,0.0,0.0,0.0
2022-01-19 19:21:13.502488,0.0,0.0,0.0
2022-01-19 19:21:14.009115,0.0,0.0,0.0
2022-01-19 19:21:14.504427,0.0,0.0,0.0
2022-01-19 19:21:15.010940,0.0,0.0,0.0
2022-01-19 19:21:15.506320,0.0,0.0,0.0
2022-01-19 19:21:16.004743,0.0,0.0,0.0
2022-01-19 19:21:16.509009,0.0,0.0,0.0
2022-01-19 19:21:17.008106,0.0,0.0,0.0
2022-01-19 19:21:17.502889,0.0,0.0,0.0
2022-01-19 19:21:18.009173,0.0,0.0,0.0
2022-01-19 19:21:18.504322,0.0,0.0,0.0
2022-01-19 19:21:19.010683,0.0,0.0,0.0
2022-01-19 19:21:19.507766,0.0,0.0,0.0
2022-01-19 19:21:20.005685,0.0,0.0,0.0
2022-01-19 19:21:21.005296,0.0,0.0,0.0
2022-01-19 19:21:21.510289,0.0,0.0,0.0
2022-01-19 19:21:22.006608,0.0,0.0,0.0
2022-01-19 19:21:22.501189,0.0,0.0,0.0
2022-01-19 19:21:23.009310,0.0,0.0,0.0
2022-01-19 19:21:23.504852,0.0,0.0,0.0
2022-01-19 19:21:24.001559,0.0,0.0,0.0
2022-01-19 19:21:24.507446,0.0,0.0,0.0
2022-01-19 19:21:25.004754,0.0,0.0,0.0
2022-01-19 19:21:25.502258,0.0,0.0,0.0
2022-01-19 19:21:26.008351,0.0,0.0,0.0
2022-01-19 19:21:26.505174,0.0,0.0,0.0
2022-01-19 19:21:27.001904,0.0,0.0,0.0
2022-01-19 19:21:27.506268,0.0,0.0,0.0
2022-01-19 19:21:28.003687,0.0,0.0,0.0
2022-01-19 19:21:28.509462,0.0,0.0,0.0
