時間,回転１,回転２,回転３
2022-01-19 16:00:00.008310,0.0,0.0,0.0
2022-01-19 16:00:00.505054,0.0,0.0,0.0
2022-01-19 16:00:01.002558,0.0,0.0,0.0
2022-01-19 16:00:01.509228,0.0,0.0,0.0
2022-01-19 16:00:02.006053,0.0,0.0,0.0
2022-01-19 16:00:02.501614,0.0,0.0,0.0
2022-01-19 16:00:03.000786,0.0,0.0,0.0
2022-01-19 16:00:03.506029,0.0,0.0,0.0
2022-01-19 16:00:04.007144,0.0,0.0,0.0
2022-01-19 16:00:04.504556,0.0,0.0,0.0
2022-01-19 16:00:05.006485,0.0,0.0,0.0
2022-01-19 16:00:05.503620,0.0,0.0,0.0
2022-01-19 16:00:06.002558,0.0,0.0,0.0
2022-01-19 16:00:06.508186,0.0,0.0,0.0
2022-01-19 16:00:07.007653,0.0,0.0,0.0
2022-01-19 16:00:07.506372,0.0,0.0,0.0
2022-01-19 16:00:08.003320,0.0,0.0,0.0
2022-01-19 16:00:08.510560,0.0,0.0,0.0
2022-01-19 16:00:09.008346,0.0,0.0,0.0
2022-01-19 16:00:09.504398,0.0,0.0,0.0
2022-01-19 16:00:10.003207,0.0,0.0,0.0
2022-01-19 16:00:10.509878,0.0,0.0,0.0
2022-01-19 16:00:11.005367,0.0,0.0,0.0
2022-01-19 16:00:11.510997,0.0,0.0,0.0
2022-01-19 16:00:12.009463,0.0,0.0,0.0
2022-01-19 16:00:12.506084,0.0,0.0,0.0
2022-01-19 16:00:13.004354,0.0,0.0,0.0
2022-01-19 16:00:13.510895,0.0,0.0,0.0
2022-01-19 16:00:14.001274,0.0,0.0,0.0
2022-01-19 16:00:14.505523,0.0,0.0,0.0
2022-01-19 16:00:15.004399,0.0,0.0,0.0
2022-01-19 16:00:15.510783,0.0,0.0,0.0
2022-01-19 16:00:16.009054,0.0,0.0,0.0
2022-01-19 16:00:16.504263,0.0,0.0,0.0
2022-01-19 16:00:17.001275,0.0,0.0,0.0
2022-01-19 16:00:17.511071,0.0,0.0,0.0
2022-01-19 16:00:18.009867,0.0,0.0,0.0
2022-01-19 16:00:18.505025,0.0,0.0,0.0
2022-01-19 16:00:19.002168,0.0,0.0,0.0
2022-01-19 16:00:19.506640,0.0,0.0,0.0
2022-01-19 16:00:20.004582,0.0,0.0,0.0
2022-01-19 16:00:20.509050,0.0,0.0,0.0
2022-01-19 16:00:21.008851,0.0,0.0,0.0
2022-01-19 16:00:21.505046,0.0,0.0,0.0
2022-01-19 16:00:22.004247,0.0,0.0,0.0
2022-01-19 16:00:22.510181,0.0,0.0,0.0
2022-01-19 16:00:23.009072,0.0,0.0,0.0
2022-01-19 16:00:23.504352,0.0,0.0,0.0
2022-01-19 16:00:24.003549,0.0,0.0,0.0
2022-01-19 16:00:24.507224,0.0,0.0,0.0
2022-01-19 16:00:25.005160,0.0,0.0,0.0
2022-01-19 16:00:25.510335,0.0,0.0,0.0
2022-01-19 16:00:26.009513,0.0,0.0,0.0
2022-01-19 16:00:26.504542,0.0,0.0,0.0
2022-01-19 16:00:27.003458,0.0,0.0,0.0
2022-01-19 16:00:27.507416,0.0,0.0,0.0
2022-01-19 16:00:28.008218,0.0,0.0,0.0
2022-01-19 16:00:28.504444,0.0,0.0,0.0
2022-01-19 16:00:29.004276,0.0,0.0,0.0
2022-01-19 16:00:29.510052,0.0,0.0,0.0
2022-01-19 16:00:30.008676,0.0,0.0,0.0
2022-01-19 16:00:30.505303,0.0,0.0,0.0
2022-01-19 16:00:31.005624,0.0,0.0,0.0
2022-01-19 16:00:31.501063,0.0,0.0,0.0
2022-01-19 16:00:32.009915,0.0,0.0,0.0
2022-01-19 16:00:32.503217,0.0,0.0,0.0
2022-01-19 16:00:33.003985,0.0,0.0,0.0
2022-01-19 16:00:33.503514,0.0,0.0,0.0
2022-01-19 16:00:34.001225,0.0,0.0,0.0
2022-01-19 16:00:34.508928,0.0,0.0,0.0
2022-01-19 16:00:35.007120,0.0,0.0,0.0
2022-01-19 16:00:35.502610,0.0,0.0,0.0
2022-01-19 16:00:36.010646,0.0,0.0,0.0
2022-01-19 16:00:36.507521,0.0,0.0,0.0
2022-01-19 16:00:37.006177,0.0,0.0,0.0
2022-01-19 16:00:38.005129,0.0,0.0,0.0
2022-01-19 16:00:38.509557,0.0,0.0,0.0
2022-01-19 16:00:39.006827,0.0,0.0,0.0
2022-01-19 16:00:39.508934,0.0,0.0,0.0
2022-01-19 16:00:40.001509,0.0,0.0,0.0
2022-01-19 16:00:40.503994,0.0,0.0,0.0
2022-01-19 16:00:41.003200,0.0,0.0,0.0
2022-01-19 16:00:41.509693,0.0,0.0,0.0
2022-01-19 16:00:42.007218,0.0,0.0,0.0
2022-01-19 16:00:42.501117,0.0,0.0,0.0
2022-01-19 16:00:43.009005,0.0,0.0,0.0
2022-01-19 16:00:43.504752,0.0,0.0,0.0
2022-01-19 16:00:44.001814,0.0,0.0,0.0
2022-01-19 16:00:44.508258,0.0,0.0,0.0
2022-01-19 16:00:45.008858,0.0,0.0,0.0
2022-01-19 16:00:45.506403,0.0,0.0,0.0
2022-01-19 16:00:46.004624,0.0,0.0,0.0
2022-01-19 16:00:46.510754,0.0,0.0,0.0
2022-01-19 16:00:47.008856,0.0,0.0,0.0
2022-01-19 16:00:47.503790,0.0,0.0,0.0
2022-01-19 16:00:48.011083,0.0,0.0,0.0
2022-01-19 16:00:48.507376,0.0,0.0,0.0
2022-01-19 16:00:49.001544,0.0,0.0,0.0
2022-01-19 16:00:49.505696,0.0,0.0,0.0
2022-01-19 16:00:50.004422,0.0,0.0,0.0
2022-01-19 16:00:50.509158,0.0,0.0,0.0
2022-01-19 16:00:51.008004,0.0,0.0,0.0
2022-01-19 16:00:51.504376,0.0,0.0,0.0
2022-01-19 16:00:52.003580,0.0,0.0,0.0
2022-01-19 16:00:52.508398,0.0,0.0,0.0
2022-01-19 16:00:53.007919,0.0,0.0,0.0
2022-01-19 16:00:53.502766,0.0,0.0,0.0
2022-01-19 16:00:54.001028,0.0,0.0,0.0
2022-01-19 16:00:54.510709,0.0,0.0,0.0
2022-01-19 16:00:55.008647,0.0,0.0,0.0
2022-01-19 16:00:55.504590,0.0,0.0,0.0
2022-01-19 16:00:56.003815,0.0,0.0,0.0
2022-01-19 16:00:56.501191,0.0,0.0,0.0
2022-01-19 16:00:57.010277,0.0,0.0,0.0
2022-01-19 16:00:57.505075,0.0,0.0,0.0
2022-01-19 16:00:58.002746,0.0,0.0,0.0
2022-01-19 16:00:58.507776,0.0,0.0,0.0
2022-01-19 16:00:59.005717,0.0,0.0,0.0
2022-01-19 16:00:59.502108,0.0,0.0,0.0
2022-01-19 16:01:00.001313,0.0,0.0,0.0
2022-01-19 16:01:00.504965,0.0,0.0,0.0
2022-01-19 16:01:01.003975,0.0,0.0,0.0
2022-01-19 16:01:01.501321,0.0,0.0,0.0
2022-01-19 16:01:02.006773,0.0,0.0,0.0
2022-01-19 16:01:02.501436,0.0,0.0,0.0
2022-01-19 16:01:03.009329,0.0,0.0,0.0
2022-01-19 16:01:03.501872,0.0,0.0,0.0
2022-01-19 16:01:04.001137,0.0,0.0,0.0
2022-01-19 16:01:04.505729,0.0,0.0,0.0
2022-01-19 16:01:05.005357,0.0,0.0,0.0
2022-01-19 16:01:05.509202,0.0,0.0,0.0
2022-01-19 16:01:06.006237,0.0,0.0,0.0
2022-01-19 16:01:06.502313,0.0,0.0,0.0
2022-01-19 16:01:07.010825,0.0,0.0,0.0
2022-01-19 16:01:07.506308,0.0,0.0,0.0
2022-01-19 16:01:08.005473,0.0,0.0,0.0
2022-01-19 16:01:08.501909,0.0,0.0,0.0
2022-01-19 16:01:09.010477,0.0,0.0,0.0
2022-01-19 16:01:09.505973,0.0,0.0,0.0
2022-01-19 16:01:10.003383,0.0,0.0,0.0
2022-01-19 16:01:10.507225,0.0,0.0,0.0
2022-01-19 16:01:11.001173,0.0,0.0,0.0
2022-01-19 16:01:11.506344,0.0,0.0,0.0
2022-01-19 16:01:12.007107,0.0,0.0,0.0
2022-01-19 16:01:12.502511,0.0,0.0,0.0
2022-01-19 16:01:13.009696,0.0,0.0,0.0
2022-01-19 16:01:13.505001,0.0,0.0,0.0
2022-01-19 16:01:14.003936,0.0,0.0,0.0
2022-01-19 16:01:14.510453,0.0,0.0,0.0
2022-01-19 16:01:15.008763,0.0,0.0,0.0
2022-01-19 16:01:15.505957,0.0,0.0,0.0
2022-01-19 16:01:16.004518,0.0,0.0,0.0
2022-01-19 16:01:16.508987,0.0,0.0,0.0
2022-01-19 16:01:17.007014,0.0,0.0,0.0
2022-01-19 16:01:17.502124,0.0,0.0,0.0
2022-01-19 16:01:18.010877,0.0,0.0,0.0
2022-01-19 16:01:18.507596,0.0,0.0,0.0
2022-01-19 16:01:19.007939,0.0,0.0,0.0
2022-01-19 16:01:19.504600,0.0,0.0,0.0
2022-01-19 16:01:20.001963,0.0,0.0,0.0
2022-01-19 16:01:20.506845,0.0,0.0,0.0
2022-01-19 16:01:21.004511,0.0,0.0,0.0
2022-01-19 16:01:21.509250,0.0,0.0,0.0
2022-01-19 16:01:22.007149,0.0,0.0,0.0
2022-01-19 16:01:22.503317,0.0,0.0,0.0
2022-01-19 16:01:23.001363,0.0,0.0,0.0
2022-01-19 16:01:23.507185,0.0,0.0,0.0
2022-01-19 16:01:24.005379,0.0,0.0,0.0
2022-01-19 16:01:24.509904,0.0,0.0,0.0
2022-01-19 16:01:25.007578,0.0,0.0,0.0
2022-01-19 16:01:25.510538,0.0,0.0,0.0
2022-01-19 16:01:26.007928,0.0,0.0,0.0
2022-01-19 16:01:26.503277,0.0,0.0,0.0
2022-01-19 16:01:27.002150,0.0,0.0,0.0
2022-01-19 16:01:27.508057,0.0,0.0,0.0
2022-01-19 16:01:28.009395,0.0,0.0,0.0
2022-01-19 16:01:28.506562,0.0,0.0,0.0
2022-01-19 16:01:29.004193,0.0,0.0,0.0
2022-01-19 16:01:29.509973,0.0,0.0,0.0
2022-01-19 16:01:30.006845,0.0,0.0,0.0
2022-01-19 16:01:30.502276,0.0,0.0,0.0
2022-01-19 16:01:31.010611,0.0,0.0,0.0
2022-01-19 16:01:31.506742,0.0,0.0,0.0
2022-01-19 16:01:32.007448,0.0,0.0,0.0
2022-01-19 16:01:32.504030,0.0,0.0,0.0
2022-01-19 16:01:33.003331,0.0,0.0,0.0
2022-01-19 16:01:33.508697,0.0,0.0,0.0
2022-01-19 16:01:34.006896,0.0,0.0,0.0
2022-01-19 16:01:34.503727,0.0,0.0,0.0
2022-01-19 16:01:35.001017,0.0,0.0,0.0
2022-01-19 16:01:35.506542,0.0,0.0,0.0
2022-01-19 16:01:36.005505,0.0,0.0,0.0
2022-01-19 16:01:36.509965,0.0,0.0,0.0
2022-01-19 16:01:37.010286,0.0,0.0,0.0
2022-01-19 16:01:37.506677,0.0,0.0,0.0
2022-01-19 16:01:38.006200,0.0,0.0,0.0
2022-01-19 16:01:38.501630,0.0,0.0,0.0
2022-01-19 16:01:39.009456,0.0,0.0,0.0
2022-01-19 16:01:39.504974,0.0,0.0,0.0
2022-01-19 16:01:40.002791,0.0,0.0,0.0
2022-01-19 16:01:40.507366,0.0,0.0,0.0
2022-01-19 16:01:41.005864,0.0,0.0,0.0
2022-01-19 16:01:41.510810,0.0,0.0,0.0
2022-01-19 16:01:42.008972,0.0,0.0,0.0
2022-01-19 16:01:42.508636,0.0,0.0,0.0
2022-01-19 16:01:43.008569,0.0,0.0,0.0
2022-01-19 16:01:43.503189,0.0,0.0,0.0
2022-01-19 16:01:44.001450,0.0,0.0,0.0
2022-01-19 16:01:44.506187,0.0,0.0,0.0
2022-01-19 16:01:45.004033,0.0,0.0,0.0
2022-01-19 16:01:45.501654,0.0,0.0,0.0
2022-01-19 16:01:46.001258,0.0,0.0,0.0
2022-01-19 16:01:46.507858,0.0,0.0,0.0
2022-01-19 16:01:47.005682,0.0,0.0,0.0
2022-01-19 16:01:47.510725,0.0,0.0,0.0
2022-01-19 16:01:48.010746,0.0,0.0,0.0
2022-01-19 16:01:48.506899,0.0,0.0,0.0
2022-01-19 16:01:49.004475,0.0,0.0,0.0
2022-01-19 16:01:49.510732,0.0,0.0,0.0
2022-01-19 16:01:50.009274,0.0,0.0,0.0
2022-01-19 16:01:50.504472,0.0,0.0,0.0
2022-01-19 16:01:51.002754,0.0,0.0,0.0
2022-01-19 16:01:51.509046,0.0,0.0,0.0
2022-01-19 16:01:52.006738,0.0,0.0,0.0
2022-01-19 16:01:52.503238,0.0,0.0,0.0
2022-01-19 16:01:53.505553,0.0,0.0,0.0
2022-01-19 16:01:54.004285,0.0,0.0,0.0
2022-01-19 16:01:54.509829,0.0,0.0,0.0
2022-01-19 16:01:55.007390,0.0,0.0,0.0
2022-01-19 16:01:55.502980,0.0,0.0,0.0
2022-01-19 16:01:56.001923,0.0,0.0,0.0
2022-01-19 16:01:56.507597,0.0,0.0,0.0
2022-01-19 16:01:57.006235,0.0,0.0,0.0
2022-01-19 16:01:57.501216,0.0,0.0,0.0
2022-01-19 16:01:58.009423,0.0,0.0,0.0
2022-01-19 16:01:58.504338,0.0,0.0,0.0
2022-01-19 16:01:59.002172,0.0,0.0,0.0
2022-01-19 16:01:59.507075,0.0,0.0,0.0
2022-01-19 16:02:00.006905,0.0,0.0,0.0
2022-01-19 16:02:00.510826,0.0,0.0,0.0
2022-01-19 16:02:01.008268,0.0,0.0,0.0
2022-01-19 16:02:01.503687,0.0,0.0,0.0
2022-01-19 16:02:02.001898,0.0,0.0,0.0
2022-01-19 16:02:02.507401,0.0,0.0,0.0
2022-01-19 16:02:03.006822,0.0,0.0,0.0
2022-01-19 16:02:03.503167,0.0,0.0,0.0
2022-01-19 16:02:04.001289,0.0,0.0,0.0
2022-01-19 16:02:04.506721,0.0,0.0,0.0
2022-01-19 16:02:05.004403,0.0,0.0,0.0
2022-01-19 16:02:05.508385,0.0,0.0,0.0
2022-01-19 16:02:06.006357,0.0,0.0,0.0
2022-01-19 16:02:06.503237,0.0,0.0,0.0
2022-01-19 16:02:07.002064,0.0,0.0,0.0
2022-01-19 16:02:07.506744,0.0,0.0,0.0
2022-01-19 16:02:08.004164,0.0,0.0,0.0
2022-01-19 16:02:08.508372,0.0,0.0,0.0
2022-01-19 16:02:09.007257,0.0,0.0,0.0
2022-01-19 16:02:09.504530,0.0,0.0,0.0
2022-01-19 16:02:10.002377,0.0,0.0,0.0
2022-01-19 16:02:10.507176,0.0,0.0,0.0
2022-01-19 16:02:11.004990,0.0,0.0,0.0
2022-01-19 16:02:11.508412,0.0,0.0,0.0
2022-01-19 16:02:12.006693,0.0,0.0,0.0
2022-01-19 16:02:12.501636,0.0,0.0,0.0
2022-01-19 16:02:13.009952,0.0,0.0,0.0
2022-01-19 16:02:13.506190,0.0,0.0,0.0
2022-01-19 16:02:14.004263,0.0,0.0,0.0
2022-01-19 16:02:14.510540,0.0,0.0,0.0
2022-01-19 16:02:15.007319,0.0,0.0,0.0
2022-01-19 16:02:15.502369,0.0,0.0,0.0
2022-01-19 16:02:16.006805,0.0,0.0,0.0
2022-01-19 16:02:16.502776,0.0,0.0,0.0
2022-01-19 16:02:17.001136,0.0,0.0,0.0
2022-01-19 16:02:17.506690,0.0,0.0,0.0
2022-01-19 16:02:18.004743,0.0,0.0,0.0
2022-01-19 16:02:18.508624,0.0,0.0,0.0
2022-01-19 16:02:19.005099,0.0,0.0,0.0
2022-01-19 16:02:19.510788,0.0,0.0,0.0
2022-01-19 16:02:20.008743,0.0,0.0,0.0
2022-01-19 16:02:20.504992,0.0,0.0,0.0
2022-01-19 16:02:21.002745,0.0,0.0,0.0
2022-01-19 16:02:21.508582,0.0,0.0,0.0
2022-01-19 16:02:22.006673,0.0,0.0,0.0
2022-01-19 16:02:22.502591,0.0,0.0,0.0
2022-01-19 16:02:23.009809,0.0,0.0,0.0
2022-01-19 16:02:23.509175,0.0,0.0,0.0
2022-01-19 16:02:24.007678,0.0,0.0,0.0
2022-01-19 16:02:24.503462,0.0,0.0,0.0
2022-01-19 16:02:25.001611,0.0,0.0,0.0
2022-01-19 16:02:25.507107,0.0,0.0,0.0
2022-01-19 16:02:26.006606,0.0,0.0,0.0
2022-01-19 16:02:26.502666,0.0,0.0,0.0
2022-01-19 16:02:27.505329,0.0,0.0,0.0
2022-01-19 16:02:28.002641,0.0,0.0,0.0
2022-01-19 16:02:28.506973,0.0,0.0,0.0
2022-01-19 16:02:29.004150,0.0,0.0,0.0
2022-01-19 16:02:29.511652,0.0,0.0,0.0
2022-01-19 16:02:30.005494,0.0,0.0,0.0
2022-01-19 16:02:30.501674,0.0,0.0,0.0
2022-01-19 16:02:31.009901,0.0,0.0,0.0
2022-01-19 16:02:31.505440,0.0,0.0,0.0
2022-01-19 16:02:32.002954,0.0,0.0,0.0
2022-01-19 16:02:32.507773,0.0,0.0,0.0
2022-01-19 16:02:33.005522,0.0,0.0,0.0
2022-01-19 16:02:33.509863,0.0,0.0,0.0
2022-01-19 16:02:34.006960,0.0,0.0,0.0
2022-01-19 16:02:34.502795,0.0,0.0,0.0
2022-01-19 16:02:35.010454,0.0,0.0,0.0
2022-01-19 16:02:35.506661,0.0,0.0,0.0
2022-01-19 16:02:36.001314,0.0,0.0,0.0
2022-01-19 16:02:36.507405,0.0,0.0,0.0
2022-01-19 16:02:37.005631,0.0,0.0,0.0
2022-01-19 16:02:37.501137,0.0,0.0,0.0
2022-01-19 16:02:38.009864,0.0,0.0,0.0
2022-01-19 16:02:38.505221,0.0,0.0,0.0
2022-01-19 16:02:39.002316,0.0,0.0,0.0
2022-01-19 16:02:39.507597,0.0,0.0,0.0
2022-01-19 16:02:40.006750,0.0,0.0,0.0
2022-01-19 16:02:40.501775,0.0,0.0,0.0
2022-01-19 16:02:41.010966,0.0,0.0,0.0
2022-01-19 16:02:41.507172,0.0,0.0,0.0
2022-01-19 16:02:42.007732,0.0,0.0,0.0
2022-01-19 16:02:42.505420,0.0,0.0,0.0
2022-01-19 16:02:43.002749,0.0,0.0,0.0
2022-01-19 16:02:43.506961,0.0,0.0,0.0
2022-01-19 16:02:44.004315,0.0,0.0,0.0
2022-01-19 16:02:44.509849,0.0,0.0,0.0
2022-01-19 16:02:45.007153,0.0,0.0,0.0
2022-01-19 16:02:45.501458,0.0,0.0,0.0
2022-01-19 16:02:46.010040,0.0,0.0,0.0
2022-01-19 16:02:46.506245,0.0,0.0,0.0
2022-01-19 16:02:47.005002,0.0,0.0,0.0
2022-01-19 16:02:47.509864,0.0,0.0,0.0
2022-01-19 16:02:48.010342,0.0,0.0,0.0
2022-01-19 16:02:48.504983,0.0,0.0,0.0
2022-01-19 16:02:49.002856,0.0,0.0,0.0
2022-01-19 16:02:49.509686,0.0,0.0,0.0
2022-01-19 16:02:50.006755,0.0,0.0,0.0
2022-01-19 16:02:50.502702,0.0,0.0,0.0
2022-01-19 16:02:51.009924,0.0,0.0,0.0
2022-01-19 16:02:51.507835,0.0,0.0,0.0
2022-01-19 16:02:52.005078,0.0,0.0,0.0
2022-01-19 16:02:52.510588,0.0,0.0,0.0
2022-01-19 16:02:53.007737,0.0,0.0,0.0
2022-01-19 16:02:53.502488,0.0,0.0,0.0
2022-01-19 16:02:54.011172,0.0,0.0,0.0
2022-01-19 16:02:54.506787,0.0,0.0,0.0
2022-01-19 16:02:55.005183,0.0,0.0,0.0
2022-01-19 16:02:55.510798,0.0,0.0,0.0
2022-01-19 16:02:56.009046,0.0,0.0,0.0
2022-01-19 16:02:56.503459,0.0,0.0,0.0
2022-01-19 16:02:57.001033,0.0,0.0,0.0
2022-01-19 16:02:57.505819,0.0,0.0,0.0
2022-01-19 16:02:58.003242,0.0,0.0,0.0
2022-01-19 16:02:58.508936,0.0,0.0,0.0
2022-01-19 16:02:59.007261,0.0,0.0,0.0
2022-01-19 16:02:59.503307,0.0,0.0,0.0
2022-01-19 16:03:00.001684,0.0,0.0,0.0
2022-01-19 16:03:00.503657,0.0,0.0,0.0
2022-01-19 16:03:01.002588,0.0,0.0,0.0
2022-01-19 16:03:01.509551,0.0,0.0,0.0
2022-01-19 16:03:02.008862,0.0,0.0,0.0
2022-01-19 16:03:02.504255,0.0,0.0,0.0
2022-01-19 16:03:03.004008,0.0,0.0,0.0
2022-01-19 16:03:03.508204,0.0,0.0,0.0
2022-01-19 16:03:04.006726,0.0,0.0,0.0
2022-01-19 16:03:04.511127,0.0,0.0,0.0
2022-01-19 16:03:05.008401,0.0,0.0,0.0
2022-01-19 16:03:05.502702,0.0,0.0,0.0
2022-01-19 16:03:06.001832,0.0,0.0,0.0
2022-01-19 16:03:06.506589,0.0,0.0,0.0
2022-01-19 16:03:07.004951,0.0,0.0,0.0
2022-01-19 16:03:07.503865,0.0,0.0,0.0
2022-01-19 16:03:08.002842,0.0,0.0,0.0
2022-01-19 16:03:08.506907,0.0,0.0,0.0
2022-01-19 16:03:09.009971,0.0,0.0,0.0
2022-01-19 16:03:09.502941,0.0,0.0,0.0
2022-01-19 16:03:10.001275,0.0,0.0,0.0
2022-01-19 16:03:10.505613,0.0,0.0,0.0
2022-01-19 16:03:11.010047,0.0,0.0,0.0
2022-01-19 16:03:11.505301,0.0,0.0,0.0
2022-01-19 16:03:12.002924,0.0,0.0,0.0
2022-01-19 16:03:12.508519,0.0,0.0,0.0
2022-01-19 16:03:13.008641,0.0,0.0,0.0
2022-01-19 16:03:13.503433,0.0,0.0,0.0
2022-01-19 16:03:14.002377,0.0,0.0,0.0
2022-01-19 16:03:14.508720,0.0,0.0,0.0
2022-01-19 16:03:15.007150,0.0,0.0,0.0
2022-01-19 16:03:15.507279,0.0,0.0,0.0
2022-01-19 16:03:16.008084,0.0,0.0,0.0
2022-01-19 16:03:16.504527,0.0,0.0,0.0
2022-01-19 16:03:17.002830,0.0,0.0,0.0
2022-01-19 16:03:17.508313,0.0,0.0,0.0
2022-01-19 16:03:18.005911,0.0,0.0,0.0
2022-01-19 16:03:18.510551,0.0,0.0,0.0
2022-01-19 16:03:19.008452,0.0,0.0,0.0
2022-01-19 16:03:19.503602,0.0,0.0,0.0
2022-01-19 16:03:20.002993,0.0,0.0,0.0
2022-01-19 16:03:20.507707,0.0,0.0,0.0
2022-01-19 16:03:21.006265,0.0,0.0,0.0
2022-01-19 16:03:21.501333,0.0,0.0,0.0
2022-01-19 16:03:22.003828,0.0,0.0,0.0
2022-01-19 16:03:22.509201,0.0,0.0,0.0
2022-01-19 16:03:23.006876,0.0,0.0,0.0
2022-01-19 16:03:23.504404,0.0,0.0,0.0
2022-01-19 16:03:24.001824,0.0,0.0,0.0
2022-01-19 16:03:24.507793,0.0,0.0,0.0
2022-01-19 16:03:25.008491,0.0,0.0,0.0
2022-01-19 16:03:25.503543,0.0,0.0,0.0
2022-01-19 16:03:26.002794,0.0,0.0,0.0
2022-01-19 16:03:26.508944,0.0,0.0,0.0
2022-01-19 16:03:27.007869,0.0,0.0,0.0
2022-01-19 16:03:27.503392,0.0,0.0,0.0
2022-01-19 16:03:28.002827,0.0,0.0,0.0
2022-01-19 16:03:28.507380,0.0,0.0,0.0
2022-01-19 16:03:29.006137,0.0,0.0,0.0
2022-01-19 16:03:29.501698,0.0,0.0,0.0
2022-01-19 16:03:30.008847,0.0,0.0,0.0
2022-01-19 16:03:30.504578,0.0,0.0,0.0
2022-01-19 16:03:31.002655,0.0,0.0,0.0
2022-01-19 16:03:31.509055,0.0,0.0,0.0
2022-01-19 16:03:32.007522,0.0,0.0,0.0
2022-01-19 16:03:32.503255,0.0,0.0,0.0
2022-01-19 16:03:33.001505,0.0,0.0,0.0
2022-01-19 16:03:33.509410,0.0,0.0,0.0
2022-01-19 16:03:34.009604,0.0,0.0,0.0
2022-01-19 16:03:34.503816,0.0,0.0,0.0
2022-01-19 16:03:35.001695,0.0,0.0,0.0
2022-01-19 16:03:35.504880,0.0,0.0,0.0
2022-01-19 16:03:37.004391,0.0,0.0,0.0
2022-01-19 16:03:37.510698,0.0,0.0,0.0
2022-01-19 16:03:38.010611,0.0,0.0,0.0
2022-01-19 16:03:38.503386,0.0,0.0,0.0
2022-01-19 16:03:39.010592,0.0,0.0,0.0
2022-01-19 16:03:39.506862,0.0,0.0,0.0
2022-01-19 16:03:40.003664,0.0,0.0,0.0
2022-01-19 16:03:40.509806,0.0,0.0,0.0
2022-01-19 16:03:41.006700,0.0,0.0,0.0
2022-01-19 16:03:41.501281,0.0,0.0,0.0
2022-01-19 16:03:42.009732,0.0,0.0,0.0
2022-01-19 16:03:42.505511,0.0,0.0,0.0
2022-01-19 16:03:43.002932,0.0,0.0,0.0
2022-01-19 16:03:43.509679,0.0,0.0,0.0
2022-01-19 16:03:44.001112,0.0,0.0,0.0
2022-01-19 16:03:44.510048,0.0,0.0,0.0
2022-01-19 16:03:45.009537,0.0,0.0,0.0
2022-01-19 16:03:45.504658,0.0,0.0,0.0
2022-01-19 16:03:46.001515,0.0,0.0,0.0
2022-01-19 16:03:46.507268,0.0,0.0,0.0
2022-01-19 16:03:47.005091,0.0,0.0,0.0
2022-01-19 16:03:47.510475,0.0,0.0,0.0
2022-01-19 16:03:48.007918,0.0,0.0,0.0
2022-01-19 16:03:48.503274,0.0,0.0,0.0
2022-01-19 16:03:49.003915,0.0,0.0,0.0
2022-01-19 16:03:49.509105,0.0,0.0,0.0
2022-01-19 16:03:50.006868,0.0,0.0,0.0
2022-01-19 16:03:50.503029,0.0,0.0,0.0
2022-01-19 16:03:51.010415,0.0,0.0,0.0
2022-01-19 16:03:51.507001,0.0,0.0,0.0
2022-01-19 16:03:52.007606,0.0,0.0,0.0
2022-01-19 16:03:52.502760,0.0,0.0,0.0
2022-01-19 16:03:53.010970,0.0,0.0,0.0
2022-01-19 16:03:53.504276,0.0,0.0,0.0
2022-01-19 16:03:54.002170,0.0,0.0,0.0
2022-01-19 16:03:54.507373,0.0,0.0,0.0
2022-01-19 16:03:55.001451,0.0,0.0,0.0
2022-01-19 16:03:55.503424,0.0,0.0,0.0
2022-01-19 16:03:56.006370,0.0,0.0,0.0
2022-01-19 16:03:56.502369,0.0,0.0,0.0
2022-01-19 16:03:57.010394,0.0,0.0,0.0
2022-01-19 16:03:57.509133,0.0,0.0,0.0
2022-01-19 16:03:58.006509,0.0,0.0,0.0
2022-01-19 16:03:58.506358,0.0,0.0,0.0
2022-01-19 16:03:59.005653,0.0,0.0,0.0
2022-01-19 16:03:59.501250,0.0,0.0,0.0
2022-01-19 16:04:00.008901,0.0,0.0,0.0
2022-01-19 16:04:00.505045,0.0,0.0,0.0
2022-01-19 16:04:01.006366,0.0,0.0,0.0
2022-01-19 16:04:01.501492,0.0,0.0,0.0
2022-01-19 16:04:02.009864,0.0,0.0,0.0
2022-01-19 16:04:02.505430,0.0,0.0,0.0
2022-01-19 16:04:03.002306,0.0,0.0,0.0
2022-01-19 16:04:03.509245,0.0,0.0,0.0
2022-01-19 16:04:04.008779,0.0,0.0,0.0
2022-01-19 16:04:04.506131,0.0,0.0,0.0
2022-01-19 16:04:05.004512,0.0,0.0,0.0
2022-01-19 16:04:05.509843,0.0,0.0,0.0
2022-01-19 16:04:06.005513,0.0,0.0,0.0
2022-01-19 16:04:06.503497,0.0,0.0,0.0
2022-01-19 16:04:07.001751,0.0,0.0,0.0
2022-01-19 16:04:07.508538,0.0,0.0,0.0
2022-01-19 16:04:08.008472,0.0,0.0,0.0
2022-01-19 16:04:08.503811,0.0,0.0,0.0
2022-01-19 16:04:09.001776,0.0,0.0,0.0
2022-01-19 16:04:09.506402,0.0,0.0,0.0
2022-01-19 16:04:10.005217,0.0,0.0,0.0
2022-01-19 16:04:10.509954,0.0,0.0,0.0
2022-01-19 16:04:11.004847,0.0,0.0,0.0
2022-01-19 16:04:11.502741,0.0,0.0,0.0
2022-01-19 16:04:12.001889,0.0,0.0,0.0
2022-01-19 16:04:12.507279,0.0,0.0,0.0
2022-01-19 16:04:13.005042,0.0,0.0,0.0
2022-01-19 16:04:13.509359,0.0,0.0,0.0
2022-01-19 16:04:14.008008,0.0,0.0,0.0
2022-01-19 16:04:14.507271,0.0,0.0,0.0
2022-01-19 16:04:15.005671,0.0,0.0,0.0
2022-01-19 16:04:16.005936,0.0,0.0,-0.03864
2022-01-19 16:04:16.502421,0.0,0.0,0.0
2022-01-19 16:04:17.010471,0.0,0.0,0.0
2022-01-19 16:04:17.506753,0.0,0.0,0.0
2022-01-19 16:04:18.005206,0.0,0.0,0.0
2022-01-19 16:04:18.511039,0.0,0.0,0.0
2022-01-19 16:04:19.009558,0.0,0.0,0.0
2022-01-19 16:04:19.503598,0.0,0.0,0.0
2022-01-19 16:04:20.002453,0.0,0.0,0.0
2022-01-19 16:04:20.507760,0.0,0.0,0.0
2022-01-19 16:04:21.006159,0.0,0.0,0.0
2022-01-19 16:04:21.504019,0.0,0.0,0.0
2022-01-19 16:04:22.005201,0.0,0.0,0.0
2022-01-19 16:04:22.510295,0.0,0.0,0.0
2022-01-19 16:04:23.006804,0.0,0.0,0.0
2022-01-19 16:04:23.501814,0.0,0.0,0.0
2022-01-19 16:04:24.010573,0.0,0.0,0.0
2022-01-19 16:04:24.505364,0.0,0.0,0.0
2022-01-19 16:04:25.004773,0.0,0.0,0.0
2022-01-19 16:04:25.501170,0.0,0.0,0.0
2022-01-19 16:04:26.010621,0.0,0.0,0.0
2022-01-19 16:04:26.506783,0.0,0.0,0.0
2022-01-19 16:04:27.005351,0.0,0.0,0.0
2022-01-19 16:04:27.510812,0.0,0.0,0.0
2022-01-19 16:04:28.011022,0.0,0.0,0.0
2022-01-19 16:04:28.505057,0.0,0.0,0.0
2022-01-19 16:04:29.004336,0.0,0.0,0.0
2022-01-19 16:04:29.509139,0.0,0.0,0.0
2022-01-19 16:04:30.006764,0.0,0.0,0.0
2022-01-19 16:04:30.502625,0.0,0.0,0.0
2022-01-19 16:04:31.001742,0.0,0.0,0.0
2022-01-19 16:04:31.506738,0.0,0.0,0.0
2022-01-19 16:04:32.007208,0.0,0.0,0.0
2022-01-19 16:04:32.501809,0.0,0.0,0.0
2022-01-19 16:04:33.010234,0.0,0.0,0.0
2022-01-19 16:04:33.507864,0.0,0.0,0.0
2022-01-19 16:04:34.006844,0.0,0.0,0.0
2022-01-19 16:04:34.501139,0.0,0.0,0.0
2022-01-19 16:04:35.009230,0.0,0.0,0.0
2022-01-19 16:04:35.505953,0.0,0.0,0.0
2022-01-19 16:04:36.002727,0.0,0.0,0.0
2022-01-19 16:04:36.508334,0.0,0.0,0.0
2022-01-19 16:04:37.008022,0.0,0.0,0.0
2022-01-19 16:04:37.506746,0.0,0.0,0.0
2022-01-19 16:04:38.005243,0.0,0.0,0.0
2022-01-19 16:04:38.509555,0.0,0.0,-0.03864
2022-01-19 16:04:39.007624,0.0,0.0,-0.03864
2022-01-19 16:04:39.503941,0.0,0.0,0.0
2022-01-19 16:04:40.002012,0.0,0.0,0.0
2022-01-19 16:04:40.506737,0.0,0.0,0.0
2022-01-19 16:04:41.006647,0.0,0.0,0.0
2022-01-19 16:04:41.501803,0.0,0.0,0.0
2022-01-19 16:04:42.009679,0.0,0.0,0.0
2022-01-19 16:04:42.507338,0.0,0.0,0.0
2022-01-19 16:04:43.004916,0.0,0.0,0.0
2022-01-19 16:04:43.511102,0.0,0.0,0.0
2022-01-19 16:04:44.008587,0.0,0.0,0.0
2022-01-19 16:04:44.504215,0.0,0.0,0.0
2022-01-19 16:04:45.003341,0.0,0.0,0.0
2022-01-19 16:04:45.509835,0.0,0.0,0.0
2022-01-19 16:04:46.010067,0.0,0.0,0.0
2022-01-19 16:04:46.506328,0.0,0.0,0.0
2022-01-19 16:04:47.003966,0.0,0.0,0.0
2022-01-19 16:04:47.509931,0.0,0.0,0.0
2022-01-19 16:04:48.006762,0.0,0.0,0.0
2022-01-19 16:04:48.503160,0.0,0.0,0.0
2022-01-19 16:04:49.011058,0.0,0.0,0.0
2022-01-19 16:04:49.508483,0.0,0.0,0.0
2022-01-19 16:04:50.005911,0.0,0.0,0.0
2022-01-19 16:04:50.505265,0.0,0.0,0.0
2022-01-19 16:04:51.003186,0.0,0.0,0.0
2022-01-19 16:04:51.508059,0.0,0.0,0.0
2022-01-19 16:04:52.006481,0.0,0.0,0.0
2022-01-19 16:04:52.511285,0.0,0.0,0.0
2022-01-19 16:04:53.006380,0.0,0.0,0.0
2022-01-19 16:04:53.501452,0.0,0.0,-0.03864
2022-01-19 16:04:54.009464,0.0,0.0,-0.03864
2022-01-19 16:04:54.504128,0.0,0.0,0.0
2022-01-19 16:04:55.002594,0.0,0.0,0.0
2022-01-19 16:04:55.508099,0.0,0.0,0.0
2022-01-19 16:04:56.007495,0.0,0.0,0.0
2022-01-19 16:04:56.503184,0.0,0.0,0.0
2022-01-19 16:04:57.001816,0.0,0.0,0.0
2022-01-19 16:04:57.509453,0.0,0.0,0.0
2022-01-19 16:04:58.008584,0.0,0.0,0.0
2022-01-19 16:04:58.504963,0.0,0.0,0.0
2022-01-19 16:04:59.003209,0.0,0.0,0.0
2022-01-19 16:04:59.510389,0.0,0.0,-0.03864
2022-01-19 16:05:00.007022,0.0,0.0,-0.03864
2022-01-19 16:05:00.510882,0.0,0.0,0.0
2022-01-19 16:05:01.008023,0.0,0.0,0.0
2022-01-19 16:05:01.504823,0.0,0.0,0.0
2022-01-19 16:05:02.002756,0.0,0.0,0.0
2022-01-19 16:05:02.510342,0.0,0.0,0.0
2022-01-19 16:05:03.008377,0.0,0.0,0.0
2022-01-19 16:05:03.503801,0.0,0.0,0.0
2022-01-19 16:05:04.002821,0.0,0.0,0.0
2022-01-19 16:05:04.508720,0.0,0.0,0.0
2022-01-19 16:05:05.006818,0.0,0.0,0.0
2022-01-19 16:05:05.503295,0.0,0.0,0.0
2022-01-19 16:05:06.002332,0.0,0.0,0.0
2022-01-19 16:05:06.502883,0.0,0.0,0.0
2022-01-19 16:05:07.010401,0.0,0.0,0.0
2022-01-19 16:05:07.505331,0.0,0.0,0.0
2022-01-19 16:05:08.004012,0.0,0.0,0.0
2022-01-19 16:05:08.510329,0.0,0.0,0.0
2022-01-19 16:05:09.009897,0.0,0.0,0.0
2022-01-19 16:05:09.505674,0.0,0.0,0.0
2022-01-19 16:05:10.005061,0.0,0.0,0.0
2022-01-19 16:05:10.501289,0.0,0.0,0.0
2022-01-19 16:05:11.006461,0.0,0.0,0.0
2022-01-19 16:05:11.502406,0.0,0.0,0.0
2022-01-19 16:05:12.010565,0.0,0.0,0.0
2022-01-19 16:05:12.505569,0.0,0.0,0.0
2022-01-19 16:05:13.006318,0.0,0.0,0.0
2022-01-19 16:05:13.502670,0.0,0.0,0.0
2022-01-19 16:05:14.002116,0.0,0.0,0.0
2022-01-19 16:05:14.508321,0.0,0.0,0.0
2022-01-19 16:05:15.008068,0.0,0.0,0.0
2022-01-19 16:05:15.508142,0.0,0.0,0.0
2022-01-19 16:05:16.006255,0.0,0.0,0.0
2022-01-19 16:05:16.503799,0.0,0.0,0.0
2022-01-19 16:05:17.003911,0.0,0.0,0.0
2022-01-19 16:05:17.509361,0.0,0.0,0.0
2022-01-19 16:05:18.007962,0.0,0.0,0.0
2022-01-19 16:05:18.503082,0.0,0.0,0.0
2022-01-19 16:05:19.001105,0.0,0.0,0.0
2022-01-19 16:05:19.508316,0.0,0.0,0.0
2022-01-19 16:05:20.006450,0.0,0.0,0.0
2022-01-19 16:05:20.501956,0.0,0.0,0.0
2022-01-19 16:05:21.009203,0.0,0.0,0.0
2022-01-19 16:05:21.503671,0.0,0.0,0.0
2022-01-19 16:05:22.011272,0.0,0.0,0.0
2022-01-19 16:05:22.508581,0.0,0.0,0.0
2022-01-19 16:05:23.007005,0.0,0.0,0.0
2022-01-19 16:05:23.502810,0.0,0.0,0.0
2022-01-19 16:05:24.001327,0.0,0.0,0.0
2022-01-19 16:05:24.507244,0.0,0.0,0.0
2022-01-19 16:05:25.006801,0.0,0.0,0.0
2022-01-19 16:05:25.501896,0.0,0.0,0.0
2022-01-19 16:05:26.009893,0.0,0.0,0.0
2022-01-19 16:05:26.504852,0.0,0.0,0.0
2022-01-19 16:05:27.003467,0.0,0.0,0.0
2022-01-19 16:05:27.509129,0.0,0.0,0.0
2022-01-19 16:05:28.006741,0.0,0.0,0.0
2022-01-19 16:05:28.501559,0.0,0.0,0.0
2022-01-19 16:05:29.011008,0.0,0.0,0.0
2022-01-19 16:05:29.507612,0.0,0.0,0.0
2022-01-19 16:05:30.006905,0.0,0.0,0.0
2022-01-19 16:05:30.501864,0.0,0.0,0.0
2022-01-19 16:05:31.010801,0.0,0.0,0.0
2022-01-19 16:05:31.505735,0.0,0.0,0.0
2022-01-19 16:05:32.003700,0.0,0.0,0.0
2022-01-19 16:05:32.510620,0.0,0.0,0.0
2022-01-19 16:05:33.010259,0.0,0.0,0.0
2022-01-19 16:05:33.505174,0.0,0.0,0.0
2022-01-19 16:05:34.002584,0.0,0.0,0.0
2022-01-19 16:05:34.508770,0.0,0.0,0.0
2022-01-19 16:05:35.007123,0.0,0.0,0.0
2022-01-19 16:05:35.501323,0.0,0.0,0.0
2022-01-19 16:05:36.008734,0.0,0.0,0.0
2022-01-19 16:05:36.506045,0.0,0.0,0.0
2022-01-19 16:05:37.003386,0.0,0.0,0.0
2022-01-19 16:05:37.508436,0.0,0.0,0.0
2022-01-19 16:05:38.011266,0.0,0.0,0.0
2022-01-19 16:05:38.506193,0.0,0.0,0.0
2022-01-19 16:05:39.003483,0.0,0.0,0.0
2022-01-19 16:05:39.501437,0.0,0.0,0.0
2022-01-19 16:05:40.009067,0.0,0.0,0.0
2022-01-19 16:05:40.502042,0.0,0.0,0.0
2022-01-19 16:05:41.009487,0.0,0.0,0.0
2022-01-19 16:05:41.506526,0.0,0.0,0.0
2022-01-19 16:05:42.003682,0.0,0.0,0.0
2022-01-19 16:05:42.509634,0.0,0.0,0.0
2022-01-19 16:05:43.009523,0.0,0.0,0.0
2022-01-19 16:05:43.505412,0.0,0.0,0.0
2022-01-19 16:05:44.004181,0.0,0.0,0.0
2022-01-19 16:05:44.508936,0.0,0.0,0.0
2022-01-19 16:05:45.007588,0.0,0.0,0.0
2022-01-19 16:05:45.502107,0.0,0.0,0.0
2022-01-19 16:05:46.010327,0.0,0.0,0.0
2022-01-19 16:05:46.504280,0.0,0.0,0.0
2022-01-19 16:05:47.001736,0.0,0.0,0.0
2022-01-19 16:05:47.507234,0.0,0.0,0.0
2022-01-19 16:05:48.003792,0.0,0.0,0.0
2022-01-19 16:05:48.508465,0.0,0.0,0.0
2022-01-19 16:05:49.006696,0.0,0.0,0.0
2022-01-19 16:05:49.502958,0.0,0.0,0.0
2022-01-19 16:05:50.001193,0.0,0.0,0.0
2022-01-19 16:05:50.507751,0.0,0.0,0.0
2022-01-19 16:05:51.004865,0.0,0.0,0.0
2022-01-19 16:05:51.509804,0.0,0.0,0.0
2022-01-19 16:05:52.007032,0.0,0.0,0.0
2022-01-19 16:05:52.502049,0.0,0.0,0.0
2022-01-19 16:05:53.009948,0.0,0.0,0.0
2022-01-19 16:05:53.509367,0.0,0.0,0.0
2022-01-19 16:05:54.007545,0.0,0.0,0.0
2022-01-19 16:05:54.502599,0.0,0.0,0.0
2022-01-19 16:05:55.010497,0.0,0.0,0.0
2022-01-19 16:05:55.505286,0.0,0.0,0.0
2022-01-19 16:05:56.003887,0.0,0.0,0.0
2022-01-19 16:05:56.507682,0.0,0.0,0.0
2022-01-19 16:05:57.006861,0.0,0.0,0.0
2022-01-19 16:05:57.501901,0.0,0.0,0.0
2022-01-19 16:05:58.002063,0.0,0.0,0.0
2022-01-19 16:05:58.508763,0.0,0.0,0.0
2022-01-19 16:05:59.007369,0.0,0.0,0.0
2022-01-19 16:05:59.504321,0.0,0.0,0.0
2022-01-19 16:06:00.003520,0.0,0.0,0.0
2022-01-19 16:06:00.508452,0.0,0.0,0.0
2022-01-19 16:06:01.007339,0.0,0.0,0.0
2022-01-19 16:06:01.501962,0.0,0.0,0.0
2022-01-19 16:06:02.010939,0.0,0.0,0.0
2022-01-19 16:06:02.506854,0.0,0.0,0.0
2022-01-19 16:06:03.004282,0.0,0.0,0.0
2022-01-19 16:06:03.509854,0.0,0.0,0.0
2022-01-19 16:06:04.007883,0.0,0.0,0.0
2022-01-19 16:06:04.505157,0.0,0.0,0.0
2022-01-19 16:06:05.003688,0.0,0.0,0.0
2022-01-19 16:06:05.508460,0.0,0.0,0.0
2022-01-19 16:06:06.006935,0.0,0.0,0.0
2022-01-19 16:06:06.510307,0.0,0.0,0.0
2022-01-19 16:06:07.010067,0.0,0.0,0.0
2022-01-19 16:06:07.506164,0.0,0.0,0.0
2022-01-19 16:06:08.002791,0.0,0.0,0.0
2022-01-19 16:06:08.508057,0.0,0.0,0.0
2022-01-19 16:06:09.006489,0.0,0.0,0.0
2022-01-19 16:06:09.503275,0.0,0.0,0.0
2022-01-19 16:06:10.001225,0.0,0.0,0.0
2022-01-19 16:06:10.506011,0.0,0.0,0.0
2022-01-19 16:06:11.010109,0.0,0.0,0.0
2022-01-19 16:06:11.504258,0.0,0.0,0.0
2022-01-19 16:06:12.002867,0.0,0.0,0.0
2022-01-19 16:06:12.507984,0.0,0.0,0.0
2022-01-19 16:06:13.006716,0.0,0.0,0.0
2022-01-19 16:06:13.504482,0.0,0.0,0.0
2022-01-19 16:06:14.003576,0.0,0.0,0.0
2022-01-19 16:06:14.508426,0.0,0.0,0.0
2022-01-19 16:06:15.007003,0.0,0.0,0.0
2022-01-19 16:06:15.510805,0.0,0.0,0.0
2022-01-19 16:06:16.009054,0.0,0.0,0.0
2022-01-19 16:06:16.503776,0.0,0.0,0.0
2022-01-19 16:06:17.004216,0.0,0.0,0.0
2022-01-19 16:06:17.510320,0.0,0.0,0.0
2022-01-19 16:06:18.009078,0.0,0.0,0.0
2022-01-19 16:06:18.504554,0.0,0.0,0.0
2022-01-19 16:06:19.002865,0.0,0.0,0.0
2022-01-19 16:06:19.509545,0.0,0.0,0.0
2022-01-19 16:06:20.006746,0.0,0.0,0.0
2022-01-19 16:06:20.501640,0.0,0.0,0.0
2022-01-19 16:06:21.009870,0.0,0.0,0.0
2022-01-19 16:06:21.505756,0.0,0.0,0.0
2022-01-19 16:06:22.003572,0.0,0.0,0.0
2022-01-19 16:06:22.509098,0.0,0.0,0.0
2022-01-19 16:06:23.006841,0.0,0.0,0.0
2022-01-19 16:06:24.005482,0.0,0.0,0.0
2022-01-19 16:06:24.501486,0.0,0.0,0.0
2022-01-19 16:06:25.008585,0.0,0.0,0.0
2022-01-19 16:06:25.503132,0.0,0.0,0.0
2022-01-19 16:06:26.010905,0.0,0.0,0.0
2022-01-19 16:06:26.505913,0.0,0.0,0.0
2022-01-19 16:06:27.003966,0.0,0.0,0.0
2022-01-19 16:06:27.509957,0.0,0.0,0.0
2022-01-19 16:06:28.008975,0.0,0.0,0.0
2022-01-19 16:06:28.504102,0.0,0.0,0.0
2022-01-19 16:06:29.001791,0.0,0.0,0.0
2022-01-19 16:06:29.507883,0.0,0.0,0.0
2022-01-19 16:06:30.006848,0.0,0.0,0.0
2022-01-19 16:06:30.503392,0.0,0.0,0.0
2022-01-19 16:06:31.002430,0.0,0.0,0.0
2022-01-19 16:06:31.507545,0.0,0.0,0.0
2022-01-19 16:06:32.006406,0.0,0.0,0.0
2022-01-19 16:06:32.501228,0.0,0.0,0.0
2022-01-19 16:06:33.009118,0.0,0.0,0.0
2022-01-19 16:06:33.504169,0.0,0.0,0.0
2022-01-19 16:06:34.002390,0.0,0.0,0.0
2022-01-19 16:06:34.509904,0.0,0.0,0.0
2022-01-19 16:06:35.006649,0.0,0.0,0.0
2022-01-19 16:06:35.502511,0.0,0.0,0.0
2022-01-19 16:06:36.010587,0.0,0.0,0.0
2022-01-19 16:06:36.505889,0.0,0.0,0.0
2022-01-19 16:06:37.005138,0.0,0.0,0.0
2022-01-19 16:06:37.503047,0.0,0.0,0.0
2022-01-19 16:06:38.001481,0.0,0.0,0.0
2022-01-19 16:06:38.508035,0.0,0.0,0.0
2022-01-19 16:06:39.003959,0.0,0.0,0.0
2022-01-19 16:06:39.510403,0.0,0.0,0.0
2022-01-19 16:06:40.006890,0.0,0.0,0.0
2022-01-19 16:06:40.501120,0.0,0.0,0.0
2022-01-19 16:06:41.009516,0.0,0.0,0.0
2022-01-19 16:06:41.509693,0.0,0.0,0.0
2022-01-19 16:06:42.001781,0.0,0.0,0.0
2022-01-19 16:06:42.511014,0.0,0.0,0.0
2022-01-19 16:06:43.009681,0.0,0.0,0.0
2022-01-19 16:06:43.505199,0.0,0.0,0.0
2022-01-19 16:06:44.003390,0.0,0.0,0.0
2022-01-19 16:06:44.508589,0.0,0.0,0.0
2022-01-19 16:06:45.006942,0.0,0.0,0.0
2022-01-19 16:06:45.502515,0.0,0.0,0.0
2022-01-19 16:06:46.009210,0.0,0.0,0.0
2022-01-19 16:06:46.504495,0.0,0.0,0.0
2022-01-19 16:06:47.001433,0.0,0.0,0.0
2022-01-19 16:06:47.507762,0.0,0.0,0.0
2022-01-19 16:06:48.006286,0.0,0.0,0.0
2022-01-19 16:06:48.510984,0.0,0.0,0.0
2022-01-19 16:06:49.007996,0.0,0.0,0.0
2022-01-19 16:06:49.503375,0.0,0.0,0.0
2022-01-19 16:06:50.003777,0.0,0.0,0.0
2022-01-19 16:06:50.508371,0.0,0.0,0.0
2022-01-19 16:06:51.006830,0.0,0.0,0.0
2022-01-19 16:06:51.504471,0.0,0.0,0.0
2022-01-19 16:06:52.001473,0.0,0.0,0.0
2022-01-19 16:06:52.508055,0.0,0.0,0.0
2022-01-19 16:06:53.008780,0.0,0.0,0.0
2022-01-19 16:06:53.504957,0.0,0.0,0.0
2022-01-19 16:06:54.002599,0.0,0.0,0.0
2022-01-19 16:06:54.507648,0.0,0.0,0.0
2022-01-19 16:06:55.007640,0.0,0.0,0.0
2022-01-19 16:06:55.502752,0.0,0.0,0.0
2022-01-19 16:06:56.002785,0.0,0.0,0.0
2022-01-19 16:06:56.507497,0.0,0.0,0.0
2022-01-19 16:06:57.006128,0.0,0.0,0.0
2022-01-19 16:06:57.501262,0.0,0.0,0.0
2022-01-19 16:06:58.008890,0.0,0.0,0.0
2022-01-19 16:06:58.504298,0.0,0.0,0.0
2022-01-19 16:06:59.003260,0.0,0.0,0.0
2022-01-19 16:06:59.501288,0.0,0.0,0.0
2022-01-19 16:07:00.007896,0.0,0.0,0.0
2022-01-19 16:07:00.502314,0.0,0.0,0.0
2022-01-19 16:07:01.009936,0.0,0.0,0.0
2022-01-19 16:07:01.506746,0.0,0.0,0.0
2022-01-19 16:07:02.003468,0.0,0.0,0.0
2022-01-19 16:07:02.509940,0.0,0.0,0.0
2022-01-19 16:07:03.008241,0.0,0.0,0.0
2022-01-19 16:07:03.503960,0.0,0.0,0.0
2022-01-19 16:07:04.003337,0.0,0.0,0.0
2022-01-19 16:07:04.509984,0.0,0.0,0.0
2022-01-19 16:07:05.001050,0.0,0.0,0.0
2022-01-19 16:07:05.506211,0.0,0.0,0.0
2022-01-19 16:07:06.005432,0.0,0.0,0.0
2022-01-19 16:07:06.509909,0.0,0.0,0.0
2022-01-19 16:07:07.010325,0.0,0.0,0.0
2022-01-19 16:07:07.504680,0.0,0.0,0.0
2022-01-19 16:07:08.003405,0.0,0.0,0.0
2022-01-19 16:07:08.509728,0.0,0.0,0.0
2022-01-19 16:07:09.009444,0.0,0.0,0.0
2022-01-19 16:07:09.504529,0.0,0.0,0.0
2022-01-19 16:07:10.004422,0.0,0.0,0.0
2022-01-19 16:07:10.509403,0.0,0.0,0.0
2022-01-19 16:07:11.004388,0.0,0.0,0.0
2022-01-19 16:07:11.510302,0.0,0.0,0.0
2022-01-19 16:07:12.009801,0.0,0.0,0.0
2022-01-19 16:07:12.507058,0.0,0.0,0.0
2022-01-19 16:07:13.005762,0.0,0.0,0.0
2022-01-19 16:07:13.502605,0.0,0.0,0.0
2022-01-19 16:07:14.008914,0.0,0.0,0.0
2022-01-19 16:07:14.503803,0.0,0.0,0.0
2022-01-19 16:07:15.002764,0.0,0.0,0.0
2022-01-19 16:07:15.509131,0.0,0.0,0.0
2022-01-19 16:07:16.009325,0.0,0.0,0.0
2022-01-19 16:07:16.508260,0.0,0.0,0.0
2022-01-19 16:07:17.006814,0.0,0.0,0.0
2022-01-19 16:07:17.501296,0.0,0.0,0.0
2022-01-19 16:07:18.010494,0.0,0.0,0.0
2022-01-19 16:07:18.505542,0.0,0.0,0.0
2022-01-19 16:07:19.003352,0.0,0.0,0.0
2022-01-19 16:07:19.510674,0.0,0.0,0.0
2022-01-19 16:07:20.009463,0.0,0.0,0.0
2022-01-19 16:07:20.503841,0.0,0.0,0.0
2022-01-19 16:07:21.001356,0.0,0.0,0.0
2022-01-19 16:07:21.505864,0.0,0.0,0.0
2022-01-19 16:07:22.003904,0.0,0.0,0.0
2022-01-19 16:07:22.508860,0.0,0.0,0.0
2022-01-19 16:07:23.008516,0.0,0.0,0.0
2022-01-19 16:07:23.503280,0.0,0.0,0.0
2022-01-19 16:07:24.001165,0.0,0.0,0.0
2022-01-19 16:07:24.506369,0.0,0.0,0.0
2022-01-19 16:07:25.004957,0.0,0.0,0.0
2022-01-19 16:07:25.509185,0.0,0.0,0.0
2022-01-19 16:07:26.006814,0.0,0.0,0.0
2022-01-19 16:07:26.508274,0.0,0.0,0.0
2022-01-19 16:07:27.006662,0.0,0.0,0.0
2022-01-19 16:07:27.501749,0.0,0.0,0.0
2022-01-19 16:07:28.005561,0.0,0.0,0.0
2022-01-19 16:07:28.506020,0.0,0.0,0.0
2022-01-19 16:07:29.008107,0.0,0.0,0.0
2022-01-19 16:07:29.505292,0.0,0.0,0.0
2022-01-19 16:07:30.003417,0.0,0.0,0.0
2022-01-19 16:07:30.510069,0.0,0.0,0.0
2022-01-19 16:07:31.010665,0.0,0.0,0.0
2022-01-19 16:07:31.502847,0.0,0.0,0.0
2022-01-19 16:07:32.001896,0.0,0.0,0.0
2022-01-19 16:07:32.507940,0.0,0.0,0.0
2022-01-19 16:07:33.005153,0.0,0.0,0.0
2022-01-19 16:07:33.510548,0.0,0.0,0.0
2022-01-19 16:07:34.008346,0.0,0.0,0.0
2022-01-19 16:07:34.504577,0.0,0.0,0.0
2022-01-19 16:07:35.001724,0.0,0.0,0.0
2022-01-19 16:07:35.508565,0.0,0.0,0.0
2022-01-19 16:07:36.005338,0.0,0.0,0.0
2022-01-19 16:07:36.510782,0.0,0.0,0.0
2022-01-19 16:07:37.007827,0.0,0.0,0.0
2022-01-19 16:07:37.502836,0.0,0.0,0.0
2022-01-19 16:07:38.001113,0.0,0.0,0.0
2022-01-19 16:07:38.505782,0.0,0.0,0.0
2022-01-19 16:07:39.003441,0.0,0.0,0.0
2022-01-19 16:07:39.509109,0.0,0.0,0.0
2022-01-19 16:07:40.006818,0.0,0.0,0.0
2022-01-19 16:07:40.511229,0.0,0.0,0.0
2022-01-19 16:07:41.008018,0.0,0.0,0.0
2022-01-19 16:07:41.502978,0.0,0.0,0.0
2022-01-19 16:07:42.010064,0.0,0.0,0.0
2022-01-19 16:07:42.505160,0.0,0.0,0.0
2022-01-19 16:07:43.002164,0.0,0.0,0.0
2022-01-19 16:07:43.509413,0.0,0.0,0.0
2022-01-19 16:07:44.007586,0.0,0.0,0.0
2022-01-19 16:07:44.503387,0.0,0.0,0.0
2022-01-19 16:07:45.002021,0.0,0.0,0.0
2022-01-19 16:07:45.506212,0.0,0.0,0.0
2022-01-19 16:07:46.004470,0.0,0.0,0.0
2022-01-19 16:07:46.510364,0.0,0.0,0.0
2022-01-19 16:07:47.007008,0.0,0.0,0.0
2022-01-19 16:07:47.502824,0.0,0.0,0.0
2022-01-19 16:07:48.011205,0.0,0.0,0.0
2022-01-19 16:07:48.507387,0.0,0.0,0.0
2022-01-19 16:07:49.005252,0.0,0.0,0.0
2022-01-19 16:07:49.509039,0.0,0.0,0.0
2022-01-19 16:07:50.007026,0.0,0.0,0.0
2022-01-19 16:07:50.504029,0.0,0.0,0.0
2022-01-19 16:07:51.010710,0.0,0.0,0.0
2022-01-19 16:07:51.503905,0.0,0.0,0.0
2022-01-19 16:07:52.001446,0.0,0.0,0.0
2022-01-19 16:07:52.508305,0.0,0.0,0.0
2022-01-19 16:07:53.005954,0.0,0.0,0.0
2022-01-19 16:07:53.501395,0.0,0.0,0.0
2022-01-19 16:07:54.010091,0.0,0.0,0.0
2022-01-19 16:07:54.504772,0.0,0.0,0.0
2022-01-19 16:07:55.004359,0.0,0.0,0.0
2022-01-19 16:07:55.509379,0.0,0.0,0.0
2022-01-19 16:07:56.005250,0.0,0.0,0.0
2022-01-19 16:07:56.509470,0.0,0.0,0.0
2022-01-19 16:07:57.007410,0.0,0.0,0.0
2022-01-19 16:07:57.504946,0.0,0.0,0.0
2022-01-19 16:07:58.002893,0.0,0.0,0.0
2022-01-19 16:07:58.508444,0.0,0.0,0.0
2022-01-19 16:07:59.006516,0.0,0.0,0.0
2022-01-19 16:07:59.502339,0.0,0.0,0.0
2022-01-19 16:08:00.010511,0.0,0.0,0.0
2022-01-19 16:08:00.507055,0.0,0.0,0.0
2022-01-19 16:08:01.005458,0.0,0.0,0.0
2022-01-19 16:08:01.510966,0.0,0.0,0.0
2022-01-19 16:08:02.008405,0.0,0.0,0.0
2022-01-19 16:08:02.501777,0.0,0.0,0.0
2022-01-19 16:08:03.010745,0.0,0.0,0.0
2022-01-19 16:08:03.507200,0.0,0.0,0.0
2022-01-19 16:08:04.007854,0.0,0.0,0.0
2022-01-19 16:08:04.504120,0.0,0.0,0.0
2022-01-19 16:08:05.003967,0.0,0.0,0.0
2022-01-19 16:08:05.509938,0.0,0.0,0.0
2022-01-19 16:08:06.009423,0.0,0.0,0.0
2022-01-19 16:08:06.505127,0.0,0.0,0.0
2022-01-19 16:08:07.004893,0.0,0.0,0.0
2022-01-19 16:08:07.501201,0.0,0.0,0.0
2022-01-19 16:08:08.009790,0.0,0.0,0.0
2022-01-19 16:08:08.506171,0.0,0.0,0.0
2022-01-19 16:08:09.004560,0.0,0.0,0.0
2022-01-19 16:08:09.509677,0.0,0.0,0.0
2022-01-19 16:08:10.009128,0.0,0.0,0.0
2022-01-19 16:08:10.505724,0.0,0.0,0.0
2022-01-19 16:08:11.010851,0.0,0.0,0.0
2022-01-19 16:08:11.507180,0.0,0.0,0.0
2022-01-19 16:08:12.006261,0.0,0.0,0.0
2022-01-19 16:08:12.510047,0.0,0.0,0.0
2022-01-19 16:08:13.009352,0.0,0.0,0.0
2022-01-19 16:08:13.504038,0.0,0.0,0.0
2022-01-19 16:08:14.003119,0.0,0.0,0.0
2022-01-19 16:08:14.509899,0.0,0.0,0.0
2022-01-19 16:08:15.005543,0.0,0.0,0.0
2022-01-19 16:08:15.510417,0.0,0.0,0.0
2022-01-19 16:08:16.007295,0.0,0.0,0.0
2022-01-19 16:08:17.006290,0.0,0.0,0.0
2022-01-19 16:08:17.510956,0.0,0.0,0.0
2022-01-19 16:08:18.010467,0.0,0.0,0.0
2022-01-19 16:08:18.505024,0.0,0.0,0.0
2022-01-19 16:08:19.002428,0.0,0.0,0.0
2022-01-19 16:08:19.508487,0.0,0.0,0.0
2022-01-19 16:08:20.007982,0.0,0.0,0.0
2022-01-19 16:08:20.503434,0.0,0.0,0.0
2022-01-19 16:08:21.002673,0.0,0.0,0.0
2022-01-19 16:08:21.502038,0.0,0.0,0.0
2022-01-19 16:08:22.009223,0.0,0.0,0.0
2022-01-19 16:08:22.504992,0.0,0.0,0.0
2022-01-19 16:08:23.003790,0.0,0.0,0.0
2022-01-19 16:08:23.509210,0.0,0.0,0.0
2022-01-19 16:08:24.004476,0.0,0.0,0.0
2022-01-19 16:08:24.510224,0.0,0.0,0.0
2022-01-19 16:08:25.008993,0.0,0.0,0.0
2022-01-19 16:08:25.506010,0.0,0.0,0.0
2022-01-19 16:08:26.003035,0.0,0.0,0.0
2022-01-19 16:08:26.509139,0.0,0.0,0.0
2022-01-19 16:08:27.006922,0.0,0.0,0.0
2022-01-19 16:08:27.502882,0.0,0.0,0.0
2022-01-19 16:08:28.004130,0.0,0.0,0.0
2022-01-19 16:08:28.501326,0.0,0.0,0.0
2022-01-19 16:08:29.008439,0.0,0.0,0.0
2022-01-19 16:08:29.503760,0.0,0.0,0.0
2022-01-19 16:08:30.002191,0.0,0.0,0.0
2022-01-19 16:08:30.508934,0.0,0.0,0.0
2022-01-19 16:08:31.007810,0.0,0.0,0.0
2022-01-19 16:08:31.505300,0.0,0.0,0.0
2022-01-19 16:08:32.004106,0.0,0.0,0.0
2022-01-19 16:08:32.510827,0.0,0.0,0.0
2022-01-19 16:08:33.009100,0.0,0.0,0.0
2022-01-19 16:08:33.501544,0.0,0.0,0.0
2022-01-19 16:08:34.009738,0.0,0.0,0.0
2022-01-19 16:08:34.504415,0.0,0.0,0.0
2022-01-19 16:08:35.009730,0.0,0.0,0.0
2022-01-19 16:08:35.503160,0.0,0.0,0.0
2022-01-19 16:08:36.010686,0.0,0.0,0.0
2022-01-19 16:08:36.506257,0.0,0.0,0.0
2022-01-19 16:08:37.004806,0.0,0.0,0.0
2022-01-19 16:08:37.509842,0.0,0.0,0.0
2022-01-19 16:08:38.007064,0.0,0.0,0.0
2022-01-19 16:08:38.504511,0.0,0.0,0.0
2022-01-19 16:08:39.002333,0.0,0.0,0.0
2022-01-19 16:08:39.506844,0.0,0.0,0.0
2022-01-19 16:08:40.005083,0.0,0.0,0.0
2022-01-19 16:08:40.510553,0.0,0.0,0.0
2022-01-19 16:08:41.007619,0.0,0.0,0.0
2022-01-19 16:08:41.504663,0.0,0.0,0.0
2022-01-19 16:08:42.002086,0.0,0.0,0.0
2022-01-19 16:08:42.506775,0.0,0.0,0.0
2022-01-19 16:08:43.006385,0.0,0.0,0.0
2022-01-19 16:08:43.501176,0.0,0.0,0.0
2022-01-19 16:08:44.009684,0.0,0.0,0.0
2022-01-19 16:08:44.506748,0.0,0.0,0.0
2022-01-19 16:08:45.005990,0.0,0.0,0.0
2022-01-19 16:08:45.503506,0.0,0.0,0.0
2022-01-19 16:08:46.001736,0.0,0.0,0.0
2022-01-19 16:08:46.506759,0.0,0.0,0.0
2022-01-19 16:08:47.004229,0.0,0.0,0.0
2022-01-19 16:08:47.509562,0.0,0.0,0.0
2022-01-19 16:08:48.007300,0.0,0.0,0.0
2022-01-19 16:08:48.505668,0.0,0.0,0.0
2022-01-19 16:08:49.004229,0.0,0.0,0.0
2022-01-19 16:08:49.509352,0.0,0.0,0.0
2022-01-19 16:08:50.007339,0.0,0.0,0.0
2022-01-19 16:08:50.502268,0.0,0.0,0.0
2022-01-19 16:08:51.010859,0.0,0.0,0.0
2022-01-19 16:08:51.506378,0.0,0.0,0.0
2022-01-19 16:08:52.004938,0.0,0.0,0.0
2022-01-19 16:08:52.509186,0.0,0.0,0.0
2022-01-19 16:08:53.008238,0.0,0.0,0.0
2022-01-19 16:08:53.502264,0.0,0.0,0.0
2022-01-19 16:08:54.010845,0.0,0.0,0.0
2022-01-19 16:08:54.506894,0.0,0.0,0.0
2022-01-19 16:08:55.006640,0.0,0.0,0.0
2022-01-19 16:08:55.501237,0.0,0.0,0.0
2022-01-19 16:08:56.009742,0.0,0.0,0.0
2022-01-19 16:08:56.503528,0.0,0.0,0.0
2022-01-19 16:08:57.004546,0.0,0.0,0.0
2022-01-19 16:08:57.510036,0.0,0.0,0.0
2022-01-19 16:08:58.009684,0.0,0.0,0.0
2022-01-19 16:08:58.507373,0.0,0.0,0.0
2022-01-19 16:08:59.004962,0.0,0.0,0.0
2022-01-19 16:08:59.510007,0.0,0.0,0.0
2022-01-19 16:09:00.008749,0.0,0.0,0.0
2022-01-19 16:09:00.510886,0.0,0.0,0.0
2022-01-19 16:09:01.004132,0.0,0.0,0.0
2022-01-19 16:09:02.005061,0.0,0.0,0.0
2022-01-19 16:09:02.510972,0.0,0.0,0.0
2022-01-19 16:09:03.008663,0.0,0.0,0.0
2022-01-19 16:09:03.503890,0.0,0.0,0.0
2022-01-19 16:09:04.002054,0.0,0.0,0.0
2022-01-19 16:09:04.507467,0.0,0.0,0.0
2022-01-19 16:09:05.005782,0.0,0.0,0.0
2022-01-19 16:09:05.502701,0.0,0.0,0.0
2022-01-19 16:09:06.010578,0.0,0.0,0.0
2022-01-19 16:09:06.504448,0.0,0.0,0.0
2022-01-19 16:09:07.002880,0.0,0.0,0.0
2022-01-19 16:09:07.509275,0.0,0.0,0.0
2022-01-19 16:09:08.006949,0.0,0.0,0.0
2022-01-19 16:09:08.504842,0.0,0.0,0.0
2022-01-19 16:09:09.003878,0.0,0.0,0.0
2022-01-19 16:09:09.508836,0.0,0.0,0.0
2022-01-19 16:09:10.006264,0.0,0.0,0.0
2022-01-19 16:09:10.504571,0.0,0.0,0.0
2022-01-19 16:09:11.002023,0.0,0.0,0.0
2022-01-19 16:09:11.509073,0.0,0.0,0.0
2022-01-19 16:09:12.009832,0.0,0.0,0.0
2022-01-19 16:09:12.506541,0.0,0.0,0.0
2022-01-19 16:09:13.005365,0.0,0.0,0.0
2022-01-19 16:09:14.005416,0.0,0.0,0.0
2022-01-19 16:09:14.511124,0.0,0.0,0.0
2022-01-19 16:09:15.009422,0.0,0.0,0.0
2022-01-19 16:09:15.505512,0.0,0.0,0.0
2022-01-19 16:09:16.003182,0.0,0.0,0.0
2022-01-19 16:09:16.508120,0.0,0.0,0.0
2022-01-19 16:09:17.008406,0.0,0.0,0.0
2022-01-19 16:09:17.504436,0.0,0.0,0.0
2022-01-19 16:09:18.004042,0.0,0.0,0.0
2022-01-19 16:09:18.508969,0.0,0.0,0.0
2022-01-19 16:09:19.001040,0.0,0.0,0.0
2022-01-19 16:09:19.505989,0.0,0.0,0.0
2022-01-19 16:09:20.002826,0.0,0.0,0.0
2022-01-19 16:09:20.509106,0.0,0.0,0.0
2022-01-19 16:09:21.008579,0.0,0.0,0.0
2022-01-19 16:09:21.502560,0.0,0.0,0.0
2022-01-19 16:09:22.009952,0.0,0.0,0.0
2022-01-19 16:09:22.505882,0.0,0.0,0.0
2022-01-19 16:09:23.003600,0.0,0.0,0.0
2022-01-19 16:09:23.509155,0.0,0.0,0.0
2022-01-19 16:09:24.007856,0.0,0.0,0.0
2022-01-19 16:09:24.501674,0.0,0.0,0.0
2022-01-19 16:09:25.010055,0.0,0.0,0.0
2022-01-19 16:09:25.505741,0.0,0.0,0.0
2022-01-19 16:09:26.005571,0.0,0.0,0.0
2022-01-19 16:09:26.511161,0.0,0.0,0.0
2022-01-19 16:09:27.009651,0.0,0.0,0.0
2022-01-19 16:09:27.503592,0.0,0.0,0.0
2022-01-19 16:09:28.002262,0.0,0.0,0.0
2022-01-19 16:09:28.508519,0.0,0.0,0.0
2022-01-19 16:09:29.006509,0.0,0.0,0.0
2022-01-19 16:09:29.501340,0.0,0.0,0.0
2022-01-19 16:09:30.010331,0.0,0.0,0.0
2022-01-19 16:09:30.505954,0.0,0.0,0.0
2022-01-19 16:09:31.004586,0.0,0.0,0.0
2022-01-19 16:09:31.510243,0.0,0.0,0.0
2022-01-19 16:09:32.008217,0.0,0.0,0.0
2022-01-19 16:09:32.504150,0.0,0.0,0.0
2022-01-19 16:09:33.002525,0.0,0.0,0.0
2022-01-19 16:09:33.508025,0.0,0.0,0.0
2022-01-19 16:09:34.006719,0.0,0.0,0.0
2022-01-19 16:09:34.501245,0.0,0.0,0.0
2022-01-19 16:09:35.010844,0.0,0.0,0.0
2022-01-19 16:09:35.509063,0.0,0.0,0.0
2022-01-19 16:09:36.002255,0.0,0.0,0.0
2022-01-19 16:09:36.506826,0.0,0.0,0.0
2022-01-19 16:09:37.005406,0.0,0.0,0.0
2022-01-19 16:09:37.506956,0.0,0.0,0.0
2022-01-19 16:09:38.005092,0.0,0.0,0.0
2022-01-19 16:09:38.510992,0.0,0.0,0.0
2022-01-19 16:09:39.007844,0.0,0.0,0.0
2022-01-19 16:09:39.509474,0.0,0.0,0.0
2022-01-19 16:09:40.007130,0.0,0.0,0.0
2022-01-19 16:09:40.502360,0.0,0.0,0.0
2022-01-19 16:09:41.010670,0.0,0.0,0.0
2022-01-19 16:09:41.505765,0.0,0.0,0.0
2022-01-19 16:09:42.003872,0.0,0.0,0.0
2022-01-19 16:09:42.508531,0.0,0.0,0.0
2022-01-19 16:09:43.008646,0.0,0.0,0.0
2022-01-19 16:09:43.508428,0.0,0.0,0.0
2022-01-19 16:09:44.006931,0.0,0.0,0.0
2022-01-19 16:09:44.502399,0.0,0.0,0.0
2022-01-19 16:09:45.010157,0.0,0.0,0.0
2022-01-19 16:09:45.505045,0.0,0.0,0.0
2022-01-19 16:09:46.004283,0.0,0.0,0.0
2022-01-19 16:09:46.502313,0.0,0.0,0.0
2022-01-19 16:09:47.010416,0.0,0.0,0.0
2022-01-19 16:09:47.505762,0.0,0.0,0.0
2022-01-19 16:09:48.003513,0.0,0.0,0.0
2022-01-19 16:09:48.509623,0.0,0.0,0.0
2022-01-19 16:09:49.001898,0.0,0.0,0.0
2022-01-19 16:09:49.506639,0.0,0.0,0.0
2022-01-19 16:09:50.005026,0.0,0.0,0.0
2022-01-19 16:09:50.510654,0.0,0.0,0.0
2022-01-19 16:09:51.009907,0.0,0.0,0.0
2022-01-19 16:09:51.504593,0.0,0.0,0.0
2022-01-19 16:09:52.002777,0.0,0.0,0.0
2022-01-19 16:09:52.510227,0.0,0.0,0.0
2022-01-19 16:09:53.008423,0.0,0.0,0.0
2022-01-19 16:09:53.504708,0.0,0.0,0.0
2022-01-19 16:09:54.004250,0.0,0.0,0.0
2022-01-19 16:09:54.509759,0.0,0.0,0.0
2022-01-19 16:09:55.007704,0.0,0.0,0.0
2022-01-19 16:09:55.503011,0.0,0.0,0.0
2022-01-19 16:09:56.010371,0.0,0.0,0.0
2022-01-19 16:09:56.502424,0.0,0.0,0.0
2022-01-19 16:09:57.009781,0.0,0.0,0.0
2022-01-19 16:09:57.504730,0.0,0.0,0.0
2022-01-19 16:09:58.003320,0.0,0.0,0.0
2022-01-19 16:09:58.508905,0.0,0.0,0.0
2022-01-19 16:09:59.009120,0.0,0.0,0.0
2022-01-19 16:09:59.505326,0.0,0.0,0.0
2022-01-19 16:10:00.002886,0.0,0.0,0.0
2022-01-19 16:10:00.507625,0.0,0.0,0.0
2022-01-19 16:10:01.005460,0.0,0.0,0.0
2022-01-19 16:10:01.509789,0.0,0.0,0.0
2022-01-19 16:10:02.007903,0.0,0.0,0.0
2022-01-19 16:10:02.502465,0.0,0.0,0.0
2022-01-19 16:10:03.001206,0.0,0.0,0.0
2022-01-19 16:10:03.507002,0.0,0.0,0.0
2022-01-19 16:10:04.006232,0.0,0.0,0.0
2022-01-19 16:10:04.508571,0.0,0.0,0.0
2022-01-19 16:10:05.007505,0.0,0.0,0.0
2022-01-19 16:10:05.506181,0.0,0.0,0.0
2022-01-19 16:10:06.010358,0.0,0.0,0.0
2022-01-19 16:10:06.507972,0.0,0.0,0.0
2022-01-19 16:10:07.007434,0.0,0.0,0.0
2022-01-19 16:10:07.502653,0.0,0.0,0.0
2022-01-19 16:10:08.009656,0.0,0.0,0.0
2022-01-19 16:10:08.505299,0.0,0.0,0.0
2022-01-19 16:10:09.004578,0.0,0.0,0.0
2022-01-19 16:10:09.501165,0.0,0.0,0.0
2022-01-19 16:10:10.010100,0.0,0.0,0.0
2022-01-19 16:10:10.505925,0.0,0.0,0.0
2022-01-19 16:10:11.010513,0.0,0.0,0.0
2022-01-19 16:10:11.502787,0.0,0.0,0.0
2022-01-19 16:10:12.004312,0.0,0.0,0.0
2022-01-19 16:10:12.501648,0.0,0.0,0.0
2022-01-19 16:10:13.010644,0.0,0.0,0.0
2022-01-19 16:10:13.507934,0.0,0.0,0.0
2022-01-19 16:10:14.007713,0.0,0.0,0.0
2022-01-19 16:10:14.503675,0.0,0.0,0.0
2022-01-19 16:10:15.001255,0.0,0.0,0.0
2022-01-19 16:10:15.507314,0.0,0.0,0.0
2022-01-19 16:10:16.005377,0.0,0.0,0.0
2022-01-19 16:10:16.510645,0.0,0.0,0.0
2022-01-19 16:10:17.001038,0.0,0.0,0.0
2022-01-19 16:10:17.505686,0.0,0.0,0.0
2022-01-19 16:10:18.003465,0.0,0.0,0.0
2022-01-19 16:10:18.501454,0.0,0.0,0.0
2022-01-19 16:10:19.009631,0.0,0.0,0.0
2022-01-19 16:10:19.504697,0.0,0.0,0.0
2022-01-19 16:10:20.003346,0.0,0.0,0.0
2022-01-19 16:10:20.508119,0.0,0.0,0.0
2022-01-19 16:10:21.005915,0.0,0.0,0.0
2022-01-19 16:10:21.502517,0.0,0.0,0.0
2022-01-19 16:10:22.011070,0.0,0.0,0.0
2022-01-19 16:10:22.505115,0.0,0.0,0.0
2022-01-19 16:10:23.004322,0.0,0.0,0.0
2022-01-19 16:10:23.508807,0.0,0.0,0.0
2022-01-19 16:10:24.007056,0.0,0.0,0.0
2022-01-19 16:10:24.502791,0.0,0.0,0.0
2022-01-19 16:10:25.010637,0.0,0.0,0.0
2022-01-19 16:10:25.505752,0.0,0.0,0.0
2022-01-19 16:10:26.002677,0.0,0.0,0.0
2022-01-19 16:10:26.510770,0.0,0.0,0.0
2022-01-19 16:10:27.010627,0.0,0.0,0.0
2022-01-19 16:10:27.505794,0.0,0.0,0.0
2022-01-19 16:10:28.004100,0.0,0.0,0.0
2022-01-19 16:10:28.511166,0.0,0.0,0.0
2022-01-19 16:10:29.009449,0.0,0.0,0.0
2022-01-19 16:10:29.504324,0.0,0.0,0.0
2022-01-19 16:10:30.002758,0.0,0.0,0.0
2022-01-19 16:10:30.508430,0.0,0.0,0.0
2022-01-19 16:10:31.005148,0.0,0.0,0.0
2022-01-19 16:10:31.509929,0.0,0.0,0.0
2022-01-19 16:10:32.008651,0.0,0.0,0.0
2022-01-19 16:10:32.504962,0.0,0.0,0.0
2022-01-19 16:10:33.007143,0.0,0.0,0.0
2022-01-19 16:10:33.504061,0.0,0.0,0.0
2022-01-19 16:10:34.010603,0.0,0.0,0.0
2022-01-19 16:10:34.505632,0.0,0.0,0.0
2022-01-19 16:10:35.003101,0.0,0.0,0.0
2022-01-19 16:10:35.510716,0.0,0.0,0.0
2022-01-19 16:10:36.010038,0.0,0.0,0.0
2022-01-19 16:10:36.504817,0.0,0.0,0.0
2022-01-19 16:10:37.002469,0.0,0.0,0.0
2022-01-19 16:10:37.509917,0.0,0.0,0.0
2022-01-19 16:10:38.007744,0.0,0.0,0.0
2022-01-19 16:10:38.503373,0.0,0.0,0.0
2022-01-19 16:10:39.003338,0.0,0.0,0.0
2022-01-19 16:10:39.508428,0.0,0.0,0.0
2022-01-19 16:10:40.006162,0.0,0.0,0.0
2022-01-19 16:10:40.501066,0.0,0.0,0.0
2022-01-19 16:10:41.009894,0.0,0.0,0.0
2022-01-19 16:10:41.506273,0.0,0.0,0.0
2022-01-19 16:10:42.005482,0.0,0.0,0.0
2022-01-19 16:10:42.502799,0.0,0.0,0.0
2022-01-19 16:10:43.010849,0.0,0.0,0.0
2022-01-19 16:10:43.506320,0.0,0.0,0.0
2022-01-19 16:10:44.004267,0.0,0.0,0.0
2022-01-19 16:10:44.509367,0.0,0.0,0.0
2022-01-19 16:10:45.007822,0.0,0.0,0.0
2022-01-19 16:10:45.506141,0.0,0.0,0.0
2022-01-19 16:10:46.006218,0.0,0.0,0.0
2022-01-19 16:10:46.501175,0.0,0.0,0.0
2022-01-19 16:10:47.001513,0.0,0.0,0.0
2022-01-19 16:10:47.506706,0.0,0.0,0.0
2022-01-19 16:10:48.005542,0.0,0.0,0.0
2022-01-19 16:10:48.501806,0.0,0.0,0.0
2022-01-19 16:10:49.010697,0.0,0.0,0.0
2022-01-19 16:10:49.507517,0.0,0.0,0.0
2022-01-19 16:10:50.005727,0.0,0.0,0.0
2022-01-19 16:10:50.501715,0.0,0.0,0.0
2022-01-19 16:10:51.008856,0.0,0.0,0.0
2022-01-19 16:10:51.505856,0.0,0.0,0.0
2022-01-19 16:10:52.010216,0.0,0.0,0.0
2022-01-19 16:10:52.506168,0.0,0.0,0.0
2022-01-19 16:10:53.003768,0.0,0.0,0.0
2022-01-19 16:10:53.508920,0.0,0.0,0.0
2022-01-19 16:10:54.005387,0.0,0.0,0.0
2022-01-19 16:10:54.510549,0.0,0.0,0.0
2022-01-19 16:10:55.007887,0.0,0.0,0.0
2022-01-19 16:10:55.503416,0.0,0.0,0.0
2022-01-19 16:10:56.003330,0.0,0.0,0.0
2022-01-19 16:10:56.508979,0.0,0.0,0.0
2022-01-19 16:10:57.006087,0.0,0.0,0.0
2022-01-19 16:10:57.510510,0.0,0.0,0.0
2022-01-19 16:10:58.009145,0.0,0.0,0.0
2022-01-19 16:10:58.504051,0.0,0.0,0.0
2022-01-19 16:10:59.002029,0.0,0.0,0.0
2022-01-19 16:10:59.508972,0.0,0.0,0.0
2022-01-19 16:11:00.006759,0.0,0.0,0.0
2022-01-19 16:11:00.505714,0.0,0.0,0.0
2022-01-19 16:11:01.003660,0.0,0.0,0.0
2022-01-19 16:11:01.508155,0.0,0.0,0.0
2022-01-19 16:11:02.005121,0.0,0.0,0.0
2022-01-19 16:11:02.510106,0.0,0.0,0.0
2022-01-19 16:11:03.008760,0.0,0.0,0.0
2022-01-19 16:11:03.505158,0.0,0.0,0.0
2022-01-19 16:11:04.005966,0.0,0.0,0.0
2022-01-19 16:11:04.511197,0.0,0.0,0.0
2022-01-19 16:11:05.009034,0.0,0.0,0.0
2022-01-19 16:11:05.504652,0.0,0.0,0.0
2022-01-19 16:11:06.003489,0.0,0.0,0.0
2022-01-19 16:11:06.509194,0.0,0.0,0.0
2022-01-19 16:11:07.007956,0.0,0.0,0.0
2022-01-19 16:11:07.504199,0.0,0.0,0.0
2022-01-19 16:11:08.003177,0.0,0.0,0.0
2022-01-19 16:11:08.507766,0.0,0.0,0.0
2022-01-19 16:11:09.004422,0.0,0.0,0.0
2022-01-19 16:11:09.509002,0.0,0.0,0.0
2022-01-19 16:11:10.009170,0.0,0.0,0.0
2022-01-19 16:11:10.505055,0.0,0.0,0.0
2022-01-19 16:11:11.009445,0.0,0.0,0.0
2022-01-19 16:11:11.508545,0.0,0.0,0.0
2022-01-19 16:11:12.006689,0.0,0.0,0.0
2022-01-19 16:11:12.504701,0.0,0.0,0.0
2022-01-19 16:11:13.002284,0.0,0.0,0.0
2022-01-19 16:11:13.508696,0.0,0.0,0.0
2022-01-19 16:11:14.007603,0.0,0.0,0.0
2022-01-19 16:11:14.502858,0.0,0.0,0.0
2022-01-19 16:11:15.010767,0.0,0.0,0.0
2022-01-19 16:11:15.505956,0.0,0.0,0.0
2022-01-19 16:11:16.005357,0.0,0.0,0.0
2022-01-19 16:11:16.511029,0.0,0.0,0.0
2022-01-19 16:11:17.008224,0.0,0.0,0.0
2022-01-19 16:11:17.505762,0.0,0.0,0.0
2022-01-19 16:11:18.002836,0.0,0.0,0.0
2022-01-19 16:11:18.509346,0.0,0.0,0.0
2022-01-19 16:11:19.008060,0.0,0.0,0.0
2022-01-19 16:11:19.503336,0.0,0.0,0.0
2022-01-19 16:11:20.002394,0.0,0.0,0.0
2022-01-19 16:11:20.508217,0.0,0.0,0.0
2022-01-19 16:11:21.005694,0.0,0.0,0.0
2022-01-19 16:11:21.501120,0.0,0.0,0.0
2022-01-19 16:11:22.009440,0.0,0.0,0.0
2022-01-19 16:11:22.505061,0.0,0.0,0.0
2022-01-19 16:11:23.004260,0.0,0.0,0.0
2022-01-19 16:11:23.510697,0.0,0.0,0.0
2022-01-19 16:11:24.008963,0.0,0.0,0.0
2022-01-19 16:11:24.503453,0.0,0.0,0.0
2022-01-19 16:11:25.001527,0.0,0.0,0.0
2022-01-19 16:11:25.507034,0.0,0.0,0.0
2022-01-19 16:11:26.005325,0.0,0.0,0.0
2022-01-19 16:11:26.510438,0.0,0.0,0.0
2022-01-19 16:11:27.008689,0.0,0.0,0.0
2022-01-19 16:11:27.503972,0.0,0.0,0.0
2022-01-19 16:11:28.002134,0.0,0.0,0.0
2022-01-19 16:11:28.507467,0.0,0.0,0.0
2022-01-19 16:11:29.005846,0.0,0.0,0.0
2022-01-19 16:11:29.502637,0.0,0.0,0.0
2022-01-19 16:11:30.505661,0.0,0.0,0.0
2022-01-19 16:11:31.004201,0.0,0.0,0.0
2022-01-19 16:11:31.509930,0.0,0.0,0.0
2022-01-19 16:11:32.007380,0.0,0.0,0.0
2022-01-19 16:11:32.502733,0.0,0.0,0.0
2022-01-19 16:11:33.003227,0.0,0.0,0.0
2022-01-19 16:11:33.509737,0.0,0.0,0.0
2022-01-19 16:11:34.008078,0.0,0.0,0.0
2022-01-19 16:11:34.503983,0.0,0.0,0.0
2022-01-19 16:11:35.001643,0.0,0.0,0.0
2022-01-19 16:11:35.506800,0.0,0.0,0.0
2022-01-19 16:11:36.005537,0.0,0.0,0.0
2022-01-19 16:11:36.511150,0.0,0.0,0.0
2022-01-19 16:11:37.002375,0.0,0.0,0.0
2022-01-19 16:11:37.507124,0.0,0.0,0.0
2022-01-19 16:11:38.005415,0.0,0.0,0.0
2022-01-19 16:11:38.508420,0.0,0.0,0.0
2022-01-19 16:11:39.006678,0.0,0.0,0.0
2022-01-19 16:11:39.501237,0.0,0.0,0.0
2022-01-19 16:11:40.010647,0.0,0.0,0.0
2022-01-19 16:11:40.506911,0.0,0.0,0.0
2022-01-19 16:11:41.006783,0.0,0.0,0.0
2022-01-19 16:11:41.502167,0.0,0.0,0.0
2022-01-19 16:11:42.009945,0.0,0.0,0.0
2022-01-19 16:11:42.505034,0.0,0.0,0.0
2022-01-19 16:11:43.002927,0.0,0.0,0.0
2022-01-19 16:11:43.502209,0.0,0.0,0.0
2022-01-19 16:11:44.010813,0.0,0.0,0.0
2022-01-19 16:11:44.506338,0.0,0.0,0.0
2022-01-19 16:11:45.004270,0.0,0.0,0.0
2022-01-19 16:11:45.509249,0.0,0.0,0.0
2022-01-19 16:11:46.006727,0.0,0.0,0.0
2022-01-19 16:11:46.501137,0.0,0.0,0.0
2022-01-19 16:11:47.011109,0.0,0.0,0.0
2022-01-19 16:11:47.505450,0.0,0.0,0.0
2022-01-19 16:11:48.004568,0.0,0.0,0.0
2022-01-19 16:11:48.504780,0.0,0.0,0.0
2022-01-19 16:11:49.002988,0.0,0.0,0.0
2022-01-19 16:11:49.502887,0.0,0.0,0.0
2022-01-19 16:11:50.010427,0.0,0.0,0.0
2022-01-19 16:11:50.503468,0.0,0.0,0.0
2022-01-19 16:11:51.008927,0.0,0.0,0.0
2022-01-19 16:11:51.506719,0.0,0.0,0.0
2022-01-19 16:11:52.005497,0.0,0.0,0.0
2022-01-19 16:11:52.501242,0.0,0.0,0.0
2022-01-19 16:11:53.001203,0.0,0.0,0.0
2022-01-19 16:11:53.510098,0.0,0.0,0.0
2022-01-19 16:11:54.002615,0.0,0.0,0.0
2022-01-19 16:11:54.503901,0.0,0.0,0.0
2022-01-19 16:11:55.007664,0.0,0.0,0.0
2022-01-19 16:11:55.506647,0.0,0.0,0.0
2022-01-19 16:11:56.001792,0.0,0.0,0.0
2022-01-19 16:11:56.502618,0.0,0.0,0.0
2022-01-19 16:11:57.009185,0.0,0.0,0.0
2022-01-19 16:11:57.508075,0.0,0.0,0.0
2022-01-19 16:11:58.009184,0.0,0.0,0.0
2022-01-19 16:11:58.502359,0.0,0.0,0.0
2022-01-19 16:11:59.010744,0.0,0.0,0.0
2022-01-19 16:11:59.506270,0.0,0.0,0.0
2022-01-19 16:12:00.004194,0.0,0.0,0.0
2022-01-19 16:12:00.510921,0.0,0.0,0.0
2022-01-19 16:12:01.009714,0.0,0.0,0.0
2022-01-19 16:12:01.502781,0.0,0.0,0.0
2022-01-19 16:12:02.010836,0.0,0.0,0.0
2022-01-19 16:12:02.505704,0.0,0.0,0.0
2022-01-19 16:12:03.004230,0.0,0.0,0.0
2022-01-19 16:12:03.509095,0.0,0.0,0.0
2022-01-19 16:12:04.009552,0.0,0.0,0.0
2022-01-19 16:12:04.504876,0.0,0.0,0.0
2022-01-19 16:12:05.003518,0.0,0.0,0.0
2022-01-19 16:12:05.508559,0.0,0.0,0.0
2022-01-19 16:12:06.006019,0.0,0.0,0.0
2022-01-19 16:12:06.510500,0.0,0.0,0.0
2022-01-19 16:12:07.010381,0.0,0.0,0.0
2022-01-19 16:12:07.506731,0.0,0.0,0.0
2022-01-19 16:12:08.004637,0.0,0.0,0.0
2022-01-19 16:12:08.510556,0.0,0.0,0.0
2022-01-19 16:12:09.008810,0.0,0.0,0.0
2022-01-19 16:12:09.502295,0.0,0.0,0.0
2022-01-19 16:12:10.004036,0.0,0.0,0.0
2022-01-19 16:12:10.509784,0.0,0.0,0.0
2022-01-19 16:12:11.004673,0.0,0.0,0.0
2022-01-19 16:12:11.501501,0.0,0.0,0.0
2022-01-19 16:12:12.009022,0.0,0.0,0.0
2022-01-19 16:12:12.504364,0.0,0.0,0.0
2022-01-19 16:12:13.010998,0.0,0.0,0.0
2022-01-19 16:12:13.506827,0.0,0.0,0.0
2022-01-19 16:12:14.006704,0.0,0.0,0.0
2022-01-19 16:12:14.502163,0.0,0.0,0.0
2022-01-19 16:12:15.010755,0.0,0.0,0.0
2022-01-19 16:12:15.506339,0.0,0.0,0.0
2022-01-19 16:12:16.003736,0.0,0.0,0.0
2022-01-19 16:12:16.510144,0.0,0.0,0.0
2022-01-19 16:12:17.007664,0.0,0.0,0.0
2022-01-19 16:12:17.502773,0.0,0.0,0.0
2022-01-19 16:12:18.010415,0.0,0.0,0.0
2022-01-19 16:12:18.505513,0.0,0.0,0.0
2022-01-19 16:12:19.007368,0.0,0.0,0.0
2022-01-19 16:12:19.501269,0.0,0.0,0.0
2022-01-19 16:12:20.011198,0.0,0.0,0.0
2022-01-19 16:12:20.507613,0.0,0.0,0.0
2022-01-19 16:12:21.007151,0.0,0.0,0.0
2022-01-19 16:12:21.511178,0.0,0.0,0.0
2022-01-19 16:12:22.009969,0.0,0.0,0.0
2022-01-19 16:12:22.505163,0.0,0.0,0.0
2022-01-19 16:12:23.002097,0.0,0.0,0.0
2022-01-19 16:12:23.506785,0.0,0.0,0.0
2022-01-19 16:12:24.005466,0.0,0.0,0.0
2022-01-19 16:12:24.501285,0.0,0.0,0.0
2022-01-19 16:12:25.010225,0.0,0.0,0.0
2022-01-19 16:12:25.504428,0.0,0.0,0.0
2022-01-19 16:12:26.001965,0.0,0.0,0.0
2022-01-19 16:12:26.506898,0.0,0.0,0.0
2022-01-19 16:12:27.005712,0.0,0.0,0.0
2022-01-19 16:12:27.501877,0.0,0.0,0.0
2022-01-19 16:12:28.001106,0.0,0.0,0.0
2022-01-19 16:12:28.504530,0.0,0.0,0.0
2022-01-19 16:12:29.003447,0.0,0.0,0.0
2022-01-19 16:12:29.508993,0.0,0.0,0.0
2022-01-19 16:12:30.006741,0.0,0.0,0.0
2022-01-19 16:12:30.502271,0.0,0.0,0.0
2022-01-19 16:12:31.010190,0.0,0.0,0.0
2022-01-19 16:12:31.506771,0.0,0.0,0.0
2022-01-19 16:12:32.004257,0.0,0.0,0.0
2022-01-19 16:12:32.509876,0.0,0.0,0.0
2022-01-19 16:12:33.007606,0.0,0.0,0.0
2022-01-19 16:12:33.502220,0.0,0.0,0.0
2022-01-19 16:12:34.009038,0.0,0.0,0.0
2022-01-19 16:12:34.505211,0.0,0.0,0.0
2022-01-19 16:12:35.003837,0.0,0.0,0.0
2022-01-19 16:12:35.503964,0.0,0.0,0.0
2022-01-19 16:12:36.001526,0.0,0.0,0.0
2022-01-19 16:12:36.506417,0.0,0.0,0.0
2022-01-19 16:12:37.003516,0.0,0.0,0.0
2022-01-19 16:12:37.510465,0.0,0.0,0.0
2022-01-19 16:12:38.008573,0.0,0.0,0.0
2022-01-19 16:12:38.503361,0.0,0.0,0.0
2022-01-19 16:12:39.006635,0.0,0.0,0.0
2022-01-19 16:12:39.502833,0.0,0.0,0.0
2022-01-19 16:12:40.003371,0.0,0.0,0.0
2022-01-19 16:12:40.508352,0.0,0.0,0.0
2022-01-19 16:12:41.006784,0.0,0.0,0.0
2022-01-19 16:12:41.501762,0.0,0.0,0.0
2022-01-19 16:12:42.010935,0.0,0.0,0.0
2022-01-19 16:12:42.508058,0.0,0.0,0.0
2022-01-19 16:12:43.006237,0.0,0.0,0.0
2022-01-19 16:12:43.502632,0.0,0.0,0.0
2022-01-19 16:12:44.002088,0.0,0.0,0.0
2022-01-19 16:12:44.510804,0.0,0.0,0.0
2022-01-19 16:12:45.007305,0.0,0.0,0.0
2022-01-19 16:12:45.503613,0.0,0.0,0.0
2022-01-19 16:12:46.004185,0.0,0.0,0.0
2022-01-19 16:12:46.509091,0.0,0.0,0.0
2022-01-19 16:12:47.009608,0.0,0.0,0.0
2022-01-19 16:12:47.504552,0.0,0.0,0.0
2022-01-19 16:12:48.005782,0.0,0.0,0.0
2022-01-19 16:12:48.502747,0.0,0.0,0.0
2022-01-19 16:12:49.009782,0.0,0.0,0.0
2022-01-19 16:12:49.507122,0.0,0.0,0.0
2022-01-19 16:12:50.006761,0.0,0.0,0.0
2022-01-19 16:12:50.501692,0.0,0.0,0.0
2022-01-19 16:12:51.009729,0.0,0.0,0.0
2022-01-19 16:12:51.506142,0.0,0.0,0.0
2022-01-19 16:12:52.003793,0.0,0.0,0.0
2022-01-19 16:12:52.509239,0.0,0.0,0.0
2022-01-19 16:12:53.008033,0.0,0.0,0.0
2022-01-19 16:12:53.503419,0.0,0.0,0.0
2022-01-19 16:12:54.001889,0.0,0.0,0.0
2022-01-19 16:12:54.505188,0.0,0.0,0.0
2022-01-19 16:12:55.004657,0.0,0.0,0.0
2022-01-19 16:12:55.502387,0.0,0.0,0.0
2022-01-19 16:12:56.010057,0.0,0.0,0.0
2022-01-19 16:12:56.504555,0.0,0.0,0.0
2022-01-19 16:12:57.002748,0.0,0.0,0.0
2022-01-19 16:12:57.507436,0.0,0.0,0.0
2022-01-19 16:12:58.005455,0.0,0.0,0.0
2022-01-19 16:12:58.503652,0.0,0.0,0.0
2022-01-19 16:12:59.001741,0.0,0.0,0.0
2022-01-19 16:12:59.505647,0.0,0.0,0.0
2022-01-19 16:13:00.003464,0.0,0.0,0.0
2022-01-19 16:13:00.505351,0.0,0.0,0.0
2022-01-19 16:13:01.001714,0.0,0.0,0.0
2022-01-19 16:13:01.509120,0.0,0.0,0.0
2022-01-19 16:13:02.007393,0.0,0.0,0.0
2022-01-19 16:13:02.501566,0.0,0.0,0.0
2022-01-19 16:13:03.007557,0.0,0.0,0.0
2022-01-19 16:13:03.505481,0.0,0.0,0.0
2022-01-19 16:13:04.002532,0.0,0.0,0.0
2022-01-19 16:13:04.510110,0.0,0.0,0.0
2022-01-19 16:13:05.006436,0.0,0.0,0.0
2022-01-19 16:13:05.501520,0.0,0.0,0.0
2022-01-19 16:13:06.010175,0.0,0.0,0.0
2022-01-19 16:13:06.510914,0.0,0.0,0.0
2022-01-19 16:13:07.008088,0.0,0.0,0.0
2022-01-19 16:13:07.502337,0.0,0.0,0.0
2022-01-19 16:13:08.009646,0.0,0.0,0.0
2022-01-19 16:13:08.505425,0.0,0.0,0.0
2022-01-19 16:13:09.002413,0.0,0.0,0.0
2022-01-19 16:13:09.510043,0.0,0.0,0.0
2022-01-19 16:13:10.007644,0.0,0.0,0.0
2022-01-19 16:13:10.501808,0.0,0.0,0.0
2022-01-19 16:13:11.006649,0.0,0.0,0.0
2022-01-19 16:13:11.503829,0.0,0.0,0.0
2022-01-19 16:13:12.010389,0.0,0.0,0.0
2022-01-19 16:13:12.506585,0.0,0.0,0.0
2022-01-19 16:13:13.004084,0.0,0.0,0.0
2022-01-19 16:13:13.508911,0.0,0.0,0.0
2022-01-19 16:13:14.006203,0.0,0.0,0.0
2022-01-19 16:13:14.504719,0.0,0.0,0.0
2022-01-19 16:13:15.002611,0.0,0.0,0.0
2022-01-19 16:13:15.508613,0.0,0.0,0.0
2022-01-19 16:13:16.007156,0.0,0.0,0.0
2022-01-19 16:13:16.511023,0.0,0.0,0.0
2022-01-19 16:13:17.009616,0.0,0.0,0.0
2022-01-19 16:13:17.505134,0.0,0.0,0.0
2022-01-19 16:13:18.004749,0.0,0.0,0.0
2022-01-19 16:13:18.510782,0.0,0.0,0.0
2022-01-19 16:13:19.004637,0.0,0.0,0.0
2022-01-19 16:13:19.510384,0.0,0.0,0.0
2022-01-19 16:13:20.009080,0.0,0.0,0.0
2022-01-19 16:13:20.504818,0.0,0.0,0.0
2022-01-19 16:13:21.003273,0.0,0.0,0.0
2022-01-19 16:13:21.510365,0.0,0.0,0.0
2022-01-19 16:13:22.009716,0.0,0.0,0.0
2022-01-19 16:13:22.506202,0.0,0.0,0.0
2022-01-19 16:13:23.003129,0.0,0.0,0.0
2022-01-19 16:13:23.508993,0.0,0.0,0.0
2022-01-19 16:13:24.007408,0.0,0.0,0.0
2022-01-19 16:13:24.502907,0.0,0.0,0.0
2022-01-19 16:13:25.001560,0.0,0.0,0.0
2022-01-19 16:13:25.509396,0.0,0.0,0.0
2022-01-19 16:13:26.006740,0.0,0.0,0.0
2022-01-19 16:13:26.503125,0.0,0.0,0.0
2022-01-19 16:13:27.011024,0.0,0.0,0.0
2022-01-19 16:13:27.506769,0.0,0.0,0.0
2022-01-19 16:13:28.004357,0.0,0.0,0.0
2022-01-19 16:13:28.510182,0.0,0.0,0.0
2022-01-19 16:13:29.009072,0.0,0.0,0.0
2022-01-19 16:13:29.504875,0.0,0.0,0.0
2022-01-19 16:13:30.002095,0.0,0.0,0.0
2022-01-19 16:13:30.506711,0.0,0.0,0.0
2022-01-19 16:13:31.004977,0.0,0.0,0.0
2022-01-19 16:13:32.006017,0.0,0.0,0.0
2022-01-19 16:13:32.502425,0.0,0.0,0.0
2022-01-19 16:13:33.010350,0.0,0.0,0.0
2022-01-19 16:13:33.505898,0.0,0.0,0.0
2022-01-19 16:13:34.003583,0.0,0.0,0.0
2022-01-19 16:13:34.509139,0.0,0.0,0.0
2022-01-19 16:13:35.007034,0.0,0.0,0.0
2022-01-19 16:13:35.502566,0.0,0.0,0.0
2022-01-19 16:13:36.010950,0.0,0.0,0.0
2022-01-19 16:13:36.506002,0.0,0.0,0.0
2022-01-19 16:13:37.002811,0.0,0.0,0.0
2022-01-19 16:13:37.508019,0.0,0.0,0.0
2022-01-19 16:13:38.008110,0.0,0.0,0.0
2022-01-19 16:13:38.503913,0.0,0.0,0.0
2022-01-19 16:13:39.005774,0.0,0.0,0.0
2022-01-19 16:13:39.503712,0.0,0.0,0.0
2022-01-19 16:13:40.010170,0.0,0.0,0.0
2022-01-19 16:13:40.506663,0.0,0.0,0.0
2022-01-19 16:13:41.003842,0.0,0.0,0.0
2022-01-19 16:13:41.509230,0.0,0.0,0.0
2022-01-19 16:13:42.007066,0.0,0.0,0.0
2022-01-19 16:13:42.503396,0.0,0.0,0.0
2022-01-19 16:13:43.000996,0.0,0.0,0.0
2022-01-19 16:13:43.507591,0.0,0.0,0.0
2022-01-19 16:13:44.005128,0.0,0.0,0.0
2022-01-19 16:13:44.511142,0.0,0.0,0.0
2022-01-19 16:13:45.010817,0.0,0.0,0.0
2022-01-19 16:13:45.507778,0.0,0.0,0.0
2022-01-19 16:13:46.006785,0.0,0.0,0.0
2022-01-19 16:13:46.506223,0.0,0.0,0.0
2022-01-19 16:13:47.004019,0.0,0.0,0.0
2022-01-19 16:13:47.508227,0.0,0.0,0.0
2022-01-19 16:13:48.006663,0.0,0.0,0.0
2022-01-19 16:13:48.511015,0.0,0.0,0.0
2022-01-19 16:13:49.007594,0.0,0.0,0.0
2022-01-19 16:13:49.505207,0.0,0.0,0.0
2022-01-19 16:13:50.003299,0.0,0.0,0.0
2022-01-19 16:13:50.508008,0.0,0.0,0.0
2022-01-19 16:13:51.007168,0.0,0.0,0.0
2022-01-19 16:13:51.502282,0.0,0.0,0.0
2022-01-19 16:13:52.001032,0.0,0.0,0.0
2022-01-19 16:13:52.505113,0.0,0.0,0.0
2022-01-19 16:13:53.003281,0.0,0.0,0.0
2022-01-19 16:13:53.509163,0.0,0.0,0.0
2022-01-19 16:13:54.008747,0.0,0.0,0.0
2022-01-19 16:13:54.506754,0.0,0.0,0.0
2022-01-19 16:13:55.004689,0.0,0.0,0.0
2022-01-19 16:13:55.510495,0.0,0.0,0.0
2022-01-19 16:13:56.007835,0.0,0.0,0.0
2022-01-19 16:13:56.502478,0.0,0.0,0.0
2022-01-19 16:13:57.009687,0.0,0.0,0.0
2022-01-19 16:13:57.506624,0.0,0.0,0.0
2022-01-19 16:13:58.003829,0.0,0.0,0.0
2022-01-19 16:13:58.509909,0.0,0.0,0.0
2022-01-19 16:13:59.008243,0.0,0.0,0.0
2022-01-19 16:13:59.504192,0.0,0.0,0.0
2022-01-19 16:14:00.003190,0.0,0.0,0.0
2022-01-19 16:14:00.502348,0.0,0.0,0.0
2022-01-19 16:14:01.010367,0.0,0.0,0.0
2022-01-19 16:14:01.504951,0.0,0.0,0.0
2022-01-19 16:14:02.002128,0.0,0.0,0.0
2022-01-19 16:14:02.509013,0.0,0.0,0.0
2022-01-19 16:14:03.009022,0.0,0.0,0.0
2022-01-19 16:14:03.503041,0.0,0.0,0.0
2022-01-19 16:14:04.004801,0.0,0.0,0.0
2022-01-19 16:14:04.509065,0.0,0.0,0.0
2022-01-19 16:14:05.007459,0.0,0.0,0.0
2022-01-19 16:14:05.507782,0.0,0.0,0.0
2022-01-19 16:14:06.003587,0.0,0.0,0.0
2022-01-19 16:14:06.509528,0.0,0.0,0.0
2022-01-19 16:14:07.007930,0.0,0.0,0.0
2022-01-19 16:14:07.505250,0.0,0.0,0.0
2022-01-19 16:14:08.002648,0.0,0.0,0.0
2022-01-19 16:14:08.507902,0.0,0.0,0.0
2022-01-19 16:14:09.006355,0.0,0.0,0.0
2022-01-19 16:14:09.501302,0.0,0.0,0.0
2022-01-19 16:14:10.010133,0.0,0.0,0.0
2022-01-19 16:14:10.505683,0.0,0.0,0.0
2022-01-19 16:14:11.001149,0.0,0.0,0.0
2022-01-19 16:14:11.505104,0.0,0.0,0.0
2022-01-19 16:14:12.003853,0.0,0.0,0.0
2022-01-19 16:14:12.510287,0.0,0.0,0.0
2022-01-19 16:14:13.008446,0.0,0.0,0.0
2022-01-19 16:14:13.503416,0.0,0.0,0.0
2022-01-19 16:14:14.001148,0.0,0.0,0.0
2022-01-19 16:14:14.510475,0.0,0.0,0.0
2022-01-19 16:14:15.007513,0.0,0.0,0.0
2022-01-19 16:14:15.503549,0.0,0.0,0.0
2022-01-19 16:14:16.001763,0.0,0.0,0.0
2022-01-19 16:14:16.507860,0.0,0.0,0.0
2022-01-19 16:14:17.004993,0.0,0.0,0.0
2022-01-19 16:14:17.510986,0.0,0.0,0.0
2022-01-19 16:14:18.009958,0.0,0.0,0.0
2022-01-19 16:14:18.505517,0.0,0.0,0.0
2022-01-19 16:14:19.002781,0.0,0.0,0.0
2022-01-19 16:14:19.507773,0.0,0.0,0.0
2022-01-19 16:14:20.006132,0.0,0.0,0.0
2022-01-19 16:14:20.510675,0.0,0.0,0.0
2022-01-19 16:14:21.009001,0.0,0.0,0.0
2022-01-19 16:14:21.504930,0.0,0.0,0.0
2022-01-19 16:14:22.002702,0.0,0.0,0.0
2022-01-19 16:14:22.509136,0.0,0.0,0.0
2022-01-19 16:14:23.006553,0.0,0.0,0.0
2022-01-19 16:14:23.509735,0.0,0.0,0.0
2022-01-19 16:14:24.009523,0.0,0.0,0.0
2022-01-19 16:14:24.508137,0.0,0.0,0.0
2022-01-19 16:14:25.006449,0.0,0.0,0.0
2022-01-19 16:14:25.501566,0.0,0.0,0.0
2022-01-19 16:14:26.009552,0.0,0.0,0.0
2022-01-19 16:14:26.505011,0.0,0.0,0.0
2022-01-19 16:14:27.003693,0.0,0.0,0.0
2022-01-19 16:14:27.508870,0.0,0.0,0.0
2022-01-19 16:14:28.007416,0.0,0.0,0.0
2022-01-19 16:14:28.503386,0.0,0.0,0.0
2022-01-19 16:14:29.007412,0.0,0.0,0.0
2022-01-19 16:14:29.501910,0.0,0.0,0.0
2022-01-19 16:14:30.007409,0.0,0.0,0.0
2022-01-19 16:14:30.508712,0.0,0.0,0.0
2022-01-19 16:14:31.007783,0.0,0.0,0.0
2022-01-19 16:14:31.505472,0.0,0.0,0.0
2022-01-19 16:14:32.002398,0.0,0.0,0.0
2022-01-19 16:14:32.508695,0.0,0.0,0.0
2022-01-19 16:14:33.008095,0.0,0.0,0.0
2022-01-19 16:14:33.504139,0.0,0.0,0.0
2022-01-19 16:14:34.001823,0.0,0.0,0.0
2022-01-19 16:14:34.508338,0.0,0.0,0.0
2022-01-19 16:14:35.006909,0.0,0.0,0.0
2022-01-19 16:14:35.504089,0.0,0.0,0.0
2022-01-19 16:14:36.006159,0.0,0.0,0.0
2022-01-19 16:14:36.502582,0.0,0.0,0.0
2022-01-19 16:14:37.003830,0.0,0.0,0.0
2022-01-19 16:14:37.509193,0.0,0.0,0.0
2022-01-19 16:14:38.007293,0.0,0.0,0.0
2022-01-19 16:14:38.502278,0.0,0.0,0.0
2022-01-19 16:14:39.010633,0.0,0.0,0.0
2022-01-19 16:14:39.505792,0.0,0.0,0.0
2022-01-19 16:14:40.004642,0.0,0.0,0.0
2022-01-19 16:14:40.501296,0.0,0.0,0.0
2022-01-19 16:14:41.009655,0.0,0.0,0.0
2022-01-19 16:14:41.509336,0.0,0.0,0.0
2022-01-19 16:14:42.006659,0.0,0.0,0.0
2022-01-19 16:14:42.502219,0.0,0.0,0.0
2022-01-19 16:14:43.009829,0.0,0.0,0.0
2022-01-19 16:14:43.504687,0.0,0.0,0.0
2022-01-19 16:14:44.003016,0.0,0.0,0.0
2022-01-19 16:14:44.509508,0.0,0.0,0.0
2022-01-19 16:14:45.009025,0.0,0.0,0.0
2022-01-19 16:14:45.504229,0.0,0.0,0.0
2022-01-19 16:14:46.001815,0.0,0.0,0.0
2022-01-19 16:14:46.508510,0.0,0.0,0.0
2022-01-19 16:14:47.005860,0.0,0.0,0.0
2022-01-19 16:14:47.501885,0.0,0.0,0.0
2022-01-19 16:14:48.009735,0.0,0.0,0.0
2022-01-19 16:14:48.507663,0.0,0.0,0.0
2022-01-19 16:14:49.006999,0.0,0.0,0.0
2022-01-19 16:14:49.502317,0.0,0.0,0.0
2022-01-19 16:14:50.010316,0.0,0.0,0.0
2022-01-19 16:14:50.506168,0.0,0.0,0.0
2022-01-19 16:14:51.002847,0.0,0.0,0.0
2022-01-19 16:14:51.509060,0.0,0.0,0.0
2022-01-19 16:14:52.006737,0.0,0.0,0.0
2022-01-19 16:14:52.501982,0.0,0.0,0.0
2022-01-19 16:14:53.001324,0.0,0.0,0.0
2022-01-19 16:14:53.506239,0.0,0.0,0.0
2022-01-19 16:14:54.004440,0.0,0.0,0.0
2022-01-19 16:14:54.510362,0.0,0.0,0.0
2022-01-19 16:14:55.008304,0.0,0.0,0.0
2022-01-19 16:14:55.503402,0.0,0.0,0.0
2022-01-19 16:14:56.002322,0.0,0.0,0.0
2022-01-19 16:14:56.506887,0.0,0.0,0.0
2022-01-19 16:14:57.005037,0.0,0.0,0.0
2022-01-19 16:14:57.508653,0.0,0.0,0.0
2022-01-19 16:14:58.005545,0.0,0.0,0.0
2022-01-19 16:14:58.502638,0.0,0.0,0.0
2022-01-19 16:14:59.001366,0.0,0.0,0.0
2022-01-19 16:14:59.508577,0.0,0.0,0.0
2022-01-19 16:15:00.006361,0.0,0.0,0.0
2022-01-19 16:15:00.501783,0.0,0.0,0.0
2022-01-19 16:15:01.010233,0.0,0.0,0.0
2022-01-19 16:15:01.508657,0.0,0.0,0.0
2022-01-19 16:15:02.006667,0.0,0.0,0.0
2022-01-19 16:15:02.510867,0.0,0.0,0.0
2022-01-19 16:15:03.002300,0.0,0.0,0.0
2022-01-19 16:15:03.508149,0.0,0.0,0.0
2022-01-19 16:15:04.007577,0.0,0.0,0.0
2022-01-19 16:15:04.502364,0.0,0.0,0.0
2022-01-19 16:15:05.010083,0.0,0.0,0.0
2022-01-19 16:15:05.506452,0.0,0.0,0.0
2022-01-19 16:15:06.003828,0.0,0.0,0.0
2022-01-19 16:15:06.510750,0.0,0.0,0.0
2022-01-19 16:15:07.008846,0.0,0.0,0.0
2022-01-19 16:15:07.504049,0.0,0.0,0.0
2022-01-19 16:15:08.002053,0.0,0.0,0.0
2022-01-19 16:15:08.510309,0.0,0.0,0.0
2022-01-19 16:15:09.010339,0.0,0.0,0.0
2022-01-19 16:15:09.509202,0.0,0.0,0.0
2022-01-19 16:15:10.007981,0.0,0.0,0.0
2022-01-19 16:15:10.502874,0.0,0.0,0.0
2022-01-19 16:15:11.007328,0.0,0.0,0.0
2022-01-19 16:15:11.502497,0.0,0.0,0.0
2022-01-19 16:15:12.002712,0.0,0.0,0.0
2022-01-19 16:15:12.508532,0.0,0.0,0.0
2022-01-19 16:15:13.005235,0.0,0.0,0.0
2022-01-19 16:15:13.511124,0.0,0.0,0.0
2022-01-19 16:15:14.011049,0.0,0.0,0.0
2022-01-19 16:15:14.504774,0.0,0.0,0.0
2022-01-19 16:15:15.002883,0.0,0.0,0.0
2022-01-19 16:15:15.509372,0.0,0.0,0.0
2022-01-19 16:15:16.008723,0.0,0.0,0.0
2022-01-19 16:15:16.502630,0.0,0.0,0.0
2022-01-19 16:15:17.505394,0.0,0.0,0.0
2022-01-19 16:15:18.003938,0.0,0.0,0.0
2022-01-19 16:15:18.510720,0.0,0.0,0.0
2022-01-19 16:15:19.010348,0.0,0.0,0.0
2022-01-19 16:15:19.505199,0.0,0.0,0.0
2022-01-19 16:15:20.002862,0.0,0.0,0.0
2022-01-19 16:15:20.508468,0.0,0.0,0.0
2022-01-19 16:15:21.006774,0.0,0.0,0.0
2022-01-19 16:15:21.506988,0.0,0.0,0.0
2022-01-19 16:15:22.004385,0.0,0.0,0.0
2022-01-19 16:15:22.504106,0.0,0.0,0.0
2022-01-19 16:15:23.006521,0.0,0.0,0.0
2022-01-19 16:15:23.503745,0.0,0.0,0.0
2022-01-19 16:15:24.004555,0.0,0.0,0.0
2022-01-19 16:15:24.502784,0.0,0.0,0.0
2022-01-19 16:15:25.003083,0.0,0.0,0.0
2022-01-19 16:15:25.502598,0.0,0.0,0.0
2022-01-19 16:15:26.003060,0.0,0.0,0.0
2022-01-19 16:15:26.503123,0.0,0.0,0.0
2022-01-19 16:15:27.008729,0.0,0.0,0.0
2022-01-19 16:15:27.508741,0.0,0.0,0.0
2022-01-19 16:15:28.009462,0.0,0.0,0.0
2022-01-19 16:15:28.505245,0.0,0.0,0.0
2022-01-19 16:15:29.005157,0.0,0.0,0.0
2022-01-19 16:15:29.508426,0.0,0.0,0.0
2022-01-19 16:15:30.002746,0.0,0.0,0.0
2022-01-19 16:15:30.505685,0.0,0.0,0.0
2022-01-19 16:15:31.007429,0.0,0.0,0.0
2022-01-19 16:15:31.501877,0.0,0.0,0.0
2022-01-19 16:15:32.008038,0.0,0.0,0.0
2022-01-19 16:15:32.505491,0.0,0.0,0.0
2022-01-19 16:15:33.005044,0.0,0.0,0.0
2022-01-19 16:15:33.502822,0.0,0.0,0.0
2022-01-19 16:15:34.008288,0.0,0.0,0.0
2022-01-19 16:15:34.501060,0.0,0.0,0.0
2022-01-19 16:15:35.007054,0.0,0.0,0.0
2022-01-19 16:15:35.501664,0.0,0.0,0.0
2022-01-19 16:15:36.009643,0.0,0.0,0.0
2022-01-19 16:15:36.508381,0.0,0.0,0.0
2022-01-19 16:15:37.001967,0.0,0.0,0.0
2022-01-19 16:15:37.510957,0.0,0.0,0.0
2022-01-19 16:15:38.010745,0.0,0.0,0.0
2022-01-19 16:15:38.509146,0.0,0.0,0.0
2022-01-19 16:15:39.009197,0.0,0.0,0.0
2022-01-19 16:15:39.508533,0.0,0.0,0.0
2022-01-19 16:15:40.006861,0.0,0.0,0.0
2022-01-19 16:15:40.502653,0.0,0.0,0.0
2022-01-19 16:15:41.010154,0.0,0.0,0.0
2022-01-19 16:15:41.506703,0.0,0.0,0.0
2022-01-19 16:15:42.002659,0.0,0.0,0.0
2022-01-19 16:15:42.509479,0.0,0.0,0.0
2022-01-19 16:15:43.008367,0.0,0.0,0.0
2022-01-19 16:15:43.509823,0.0,0.0,0.0
2022-01-19 16:15:44.003239,0.0,0.0,0.0
2022-01-19 16:15:44.501293,0.0,0.0,0.0
2022-01-19 16:15:45.010639,0.0,0.0,0.0
2022-01-19 16:15:45.502052,0.0,0.0,0.0
2022-01-19 16:15:46.007827,0.0,0.0,0.0
2022-01-19 16:15:46.502610,0.0,0.0,0.0
2022-01-19 16:15:47.011220,0.0,0.0,0.0
2022-01-19 16:15:47.508714,0.0,0.0,0.0
2022-01-19 16:15:48.009107,0.0,0.0,0.0
2022-01-19 16:15:48.504887,0.0,0.0,0.0
2022-01-19 16:15:49.002494,0.0,0.0,0.0
2022-01-19 16:15:49.506819,0.0,0.0,0.0
2022-01-19 16:15:50.008189,0.0,0.0,0.0
2022-01-19 16:15:50.504496,0.0,0.0,0.0
2022-01-19 16:15:51.002487,0.0,0.0,0.0
2022-01-19 16:15:51.507162,0.0,0.0,0.0
2022-01-19 16:15:52.006002,0.0,0.0,0.0
2022-01-19 16:15:53.005134,0.0,0.0,0.0
2022-01-19 16:15:53.503650,0.0,0.0,0.0
2022-01-19 16:15:54.002268,0.0,0.0,0.0
2022-01-19 16:15:54.508095,0.0,0.0,0.0
2022-01-19 16:15:55.005989,0.0,0.0,0.0
2022-01-19 16:15:55.510762,0.0,0.0,0.0
2022-01-19 16:15:56.008526,0.0,0.0,0.0
2022-01-19 16:15:56.503392,0.0,0.0,0.0
2022-01-19 16:15:57.009960,0.0,0.0,0.0
2022-01-19 16:15:57.504313,0.0,0.0,0.0
2022-01-19 16:15:58.003408,0.0,0.0,0.0
2022-01-19 16:15:58.508479,0.0,0.0,0.0
2022-01-19 16:15:59.006400,0.0,0.0,0.0
2022-01-19 16:15:59.501372,0.0,0.0,0.0
2022-01-19 16:16:00.010717,0.0,0.0,0.0
2022-01-19 16:16:00.506807,0.0,0.0,0.0
2022-01-19 16:16:01.006322,0.0,0.0,0.0
2022-01-19 16:16:01.502951,0.0,0.0,0.0
2022-01-19 16:16:02.001460,0.0,0.0,0.0
2022-01-19 16:16:02.506897,0.0,0.0,0.0
2022-01-19 16:16:03.005679,0.0,0.0,0.0
2022-01-19 16:16:03.502223,0.0,0.0,0.0
2022-01-19 16:16:04.009829,0.0,0.0,0.0
2022-01-19 16:16:04.505491,0.0,0.0,0.0
2022-01-19 16:16:05.002962,0.0,0.0,0.0
2022-01-19 16:16:05.510258,0.0,0.0,0.0
2022-01-19 16:16:06.008082,0.0,0.0,0.0
2022-01-19 16:16:06.506370,0.0,0.0,0.0
2022-01-19 16:16:07.005151,0.0,0.0,0.0
2022-01-19 16:16:07.501675,0.0,0.0,0.0
2022-01-19 16:16:08.010850,0.0,0.0,0.0
2022-01-19 16:16:08.504890,0.0,0.0,0.0
2022-01-19 16:16:09.003870,0.0,0.0,0.0
2022-01-19 16:16:09.508470,0.0,0.0,0.0
2022-01-19 16:16:10.006047,0.0,0.0,0.0
2022-01-19 16:16:10.502580,0.0,0.0,0.0
2022-01-19 16:16:11.007074,0.0,0.0,0.0
2022-01-19 16:16:11.511055,0.0,0.0,0.0
2022-01-19 16:16:12.009418,0.0,0.0,0.0
2022-01-19 16:16:12.504630,0.0,0.0,0.0
2022-01-19 16:16:13.001986,0.0,0.0,0.0
2022-01-19 16:16:13.508067,0.0,0.0,0.0
2022-01-19 16:16:14.008189,0.0,0.0,0.0
2022-01-19 16:16:14.502339,0.0,0.0,0.0
2022-01-19 16:16:15.010269,0.0,0.0,0.0
2022-01-19 16:16:15.506938,0.0,0.0,0.0
2022-01-19 16:16:16.004530,0.0,0.0,0.0
2022-01-19 16:16:16.510916,0.0,0.0,0.0
2022-01-19 16:16:17.010771,0.0,0.0,0.0
2022-01-19 16:16:17.506036,0.0,0.0,0.0
2022-01-19 16:16:18.005919,0.0,0.0,0.0
2022-01-19 16:16:18.511026,0.0,0.0,0.0
2022-01-19 16:16:19.007892,0.0,0.0,0.0
2022-01-19 16:16:19.501918,0.0,0.0,0.0
2022-01-19 16:16:20.011082,0.0,0.0,0.0
2022-01-19 16:16:20.509964,0.0,0.0,0.0
2022-01-19 16:16:21.007259,0.0,0.0,0.0
2022-01-19 16:16:21.501077,0.0,0.0,0.0
2022-01-19 16:16:22.008033,0.0,0.0,0.0
2022-01-19 16:16:22.503130,0.0,0.0,0.0
2022-01-19 16:16:23.010266,0.0,0.0,0.0
2022-01-19 16:16:23.505523,0.0,0.0,0.0
2022-01-19 16:16:24.002487,0.0,0.0,0.0
2022-01-19 16:16:24.505475,0.0,0.0,0.0
2022-01-19 16:16:25.002782,0.0,0.0,0.0
2022-01-19 16:16:25.504106,0.0,0.0,0.0
2022-01-19 16:16:26.004229,0.0,0.0,0.0
2022-01-19 16:16:26.509265,0.0,0.0,0.0
2022-01-19 16:16:27.006271,0.0,0.0,0.0
2022-01-19 16:16:27.504295,0.0,0.0,0.0
2022-01-19 16:16:28.001892,0.0,0.0,0.0
2022-01-19 16:16:28.508030,0.0,0.0,0.0
2022-01-19 16:16:29.005457,0.0,0.0,0.0
2022-01-19 16:16:29.501700,0.0,0.0,0.0
2022-01-19 16:16:30.009413,0.0,0.0,0.0
2022-01-19 16:16:30.503825,0.0,0.0,0.0
2022-01-19 16:16:31.003436,0.0,0.0,0.0
2022-01-19 16:16:31.507913,0.0,0.0,0.0
2022-01-19 16:16:32.005790,0.0,0.0,0.0
2022-01-19 16:16:32.502141,0.0,0.0,0.0
2022-01-19 16:16:33.010065,0.0,0.0,0.0
2022-01-19 16:16:33.505165,0.0,0.0,0.0
2022-01-19 16:16:34.003365,0.0,0.0,0.0
2022-01-19 16:16:34.501336,0.0,0.0,0.0
2022-01-19 16:16:35.505912,0.0,0.0,0.0
2022-01-19 16:16:36.003310,0.0,0.0,0.0
2022-01-19 16:16:36.509109,0.0,0.0,0.0
2022-01-19 16:16:37.007325,0.0,0.0,0.0
2022-01-19 16:16:37.502049,0.0,0.0,0.0
2022-01-19 16:16:38.011186,0.0,0.0,0.0
2022-01-19 16:16:38.507402,0.0,0.0,0.0
2022-01-19 16:16:39.006911,0.0,0.0,0.0
2022-01-19 16:16:39.501424,0.0,0.0,0.0
2022-01-19 16:16:40.008971,0.0,0.0,0.0
2022-01-19 16:16:40.503578,0.0,0.0,0.0
2022-01-19 16:16:41.001924,0.0,0.0,0.0
2022-01-19 16:16:41.501863,0.0,0.0,0.0
2022-01-19 16:16:42.010302,0.0,0.0,0.0
2022-01-19 16:16:42.507977,0.0,0.0,0.0
2022-01-19 16:16:43.007394,0.0,0.0,0.0
2022-01-19 16:16:43.502615,0.0,0.0,0.0
2022-01-19 16:16:44.001069,0.0,0.0,0.0
2022-01-19 16:16:44.507164,0.0,0.0,0.0
2022-01-19 16:16:45.005550,0.0,0.0,0.0
2022-01-19 16:16:45.500718,0.0,0.0,0.0
2022-01-19 16:16:46.005543,0.0,0.0,0.0
2022-01-19 16:16:46.510139,0.0,0.0,0.0
2022-01-19 16:16:47.005853,0.0,0.0,0.0
2022-01-19 16:16:47.506318,0.0,0.0,0.0
2022-01-19 16:16:48.005158,0.0,0.0,0.0
2022-01-19 16:16:48.503443,0.0,0.0,0.0
2022-01-19 16:16:49.002555,0.0,0.0,0.0
2022-01-19 16:16:49.506169,0.0,0.0,0.0
2022-01-19 16:16:50.003364,0.0,0.0,0.0
2022-01-19 16:16:50.506970,0.0,0.0,0.0
2022-01-19 16:16:51.003919,0.0,0.0,0.0
2022-01-19 16:16:51.509548,0.0,0.0,0.0
2022-01-19 16:16:52.008920,0.0,0.0,0.0
2022-01-19 16:16:52.504575,0.0,0.0,0.0
2022-01-19 16:16:53.003772,0.0,0.0,0.0
2022-01-19 16:16:53.509931,0.0,0.0,0.0
2022-01-19 16:16:54.007373,0.0,0.0,0.0
2022-01-19 16:16:54.502352,0.0,0.0,0.0
2022-01-19 16:16:55.010460,0.0,0.0,0.0
2022-01-19 16:16:55.505773,0.0,0.0,0.0
2022-01-19 16:16:56.009456,0.0,0.0,0.0
2022-01-19 16:16:56.505337,0.0,0.0,0.0
2022-01-19 16:16:57.003298,0.0,0.0,0.0
2022-01-19 16:16:57.507303,0.0,0.0,0.0
2022-01-19 16:16:58.007448,0.0,0.0,0.0
2022-01-19 16:16:58.503897,0.0,0.0,0.0
2022-01-19 16:16:59.004006,0.0,0.0,0.0
2022-01-19 16:16:59.507128,0.0,0.0,0.0
2022-01-19 16:17:00.005687,0.0,0.0,0.0
2022-01-19 16:17:00.510739,0.0,0.0,0.0
2022-01-19 16:17:01.009498,0.0,0.0,0.0
2022-01-19 16:17:01.506356,0.0,0.0,0.0
2022-01-19 16:17:02.006255,0.0,0.0,0.0
2022-01-19 16:17:02.510762,0.0,0.0,0.0
2022-01-19 16:17:03.008577,0.0,0.0,0.0
2022-01-19 16:17:03.504266,0.0,0.0,0.0
2022-01-19 16:17:04.001679,0.0,0.0,0.0
2022-01-19 16:17:04.506364,0.0,0.0,0.0
2022-01-19 16:17:05.005112,0.0,0.0,0.0
2022-01-19 16:17:05.509881,0.0,0.0,0.0
2022-01-19 16:17:06.007457,0.0,0.0,0.0
2022-01-19 16:17:06.503500,0.0,0.0,0.0
2022-01-19 16:17:07.004325,0.0,0.0,0.0
2022-01-19 16:17:07.507527,0.0,0.0,0.0
2022-01-19 16:17:08.006928,0.0,0.0,0.0
2022-01-19 16:17:08.510518,0.0,0.0,0.0
2022-01-19 16:17:09.009160,0.0,0.0,0.0
2022-01-19 16:17:09.507148,0.0,0.0,0.0
2022-01-19 16:17:10.007728,0.0,0.0,0.0
2022-01-19 16:17:10.505373,0.0,0.0,0.0
2022-01-19 16:17:11.009933,0.0,0.0,0.0
2022-01-19 16:17:11.504848,0.0,0.0,0.0
2022-01-19 16:17:12.003721,0.0,0.0,0.0
2022-01-19 16:17:12.507767,0.0,0.0,0.0
2022-01-19 16:17:13.005984,0.0,0.0,0.0
2022-01-19 16:17:13.509131,0.0,0.0,0.0
2022-01-19 16:17:14.006782,0.0,0.0,0.0
2022-01-19 16:17:14.510706,0.0,0.0,0.0
2022-01-19 16:17:15.008124,0.0,0.0,0.0
2022-01-19 16:17:15.505641,0.0,0.0,0.0
2022-01-19 16:17:16.002902,0.0,0.0,0.0
2022-01-19 16:17:16.507375,0.0,0.0,0.0
2022-01-19 16:17:17.006379,0.0,0.0,0.0
2022-01-19 16:17:17.503809,0.0,0.0,0.0
2022-01-19 16:17:18.005024,0.0,0.0,0.0
2022-01-19 16:17:18.508605,0.0,0.0,0.0
2022-01-19 16:17:19.009008,0.0,0.0,0.0
2022-01-19 16:17:19.504079,0.0,0.0,0.0
2022-01-19 16:17:20.004123,0.0,0.0,0.0
2022-01-19 16:17:20.508998,0.0,0.0,0.0
2022-01-19 16:17:21.005870,0.0,0.0,0.0
2022-01-19 16:17:21.509519,0.0,0.0,0.0
2022-01-19 16:17:22.008006,0.0,0.0,0.0
2022-01-19 16:17:22.501403,0.0,0.0,0.0
2022-01-19 16:17:23.010111,0.0,0.0,0.0
2022-01-19 16:17:23.505785,0.0,0.0,0.0
2022-01-19 16:17:24.004836,0.0,0.0,0.0
2022-01-19 16:17:24.507408,0.0,0.0,0.0
2022-01-19 16:17:25.005714,0.0,0.0,0.0
2022-01-19 16:17:25.508994,0.0,0.0,0.0
2022-01-19 16:17:26.008454,0.0,0.0,0.0
2022-01-19 16:17:26.503485,0.0,0.0,0.0
2022-01-19 16:17:27.002221,0.0,0.0,0.0
2022-01-19 16:17:27.506412,0.0,0.0,0.0
2022-01-19 16:17:28.003940,0.0,0.0,0.0
2022-01-19 16:17:28.509796,0.0,0.0,0.0
2022-01-19 16:17:29.007241,0.0,0.0,0.0
2022-01-19 16:17:29.509993,0.0,0.0,0.0
2022-01-19 16:17:30.008562,0.0,0.0,0.0
2022-01-19 16:17:30.503340,0.0,0.0,0.0
2022-01-19 16:17:31.001253,0.0,0.0,0.0
2022-01-19 16:17:31.505690,0.0,0.0,0.0
2022-01-19 16:17:32.003917,0.0,0.0,0.0
2022-01-19 16:17:32.507895,0.0,0.0,0.0
2022-01-19 16:17:33.006641,0.0,0.0,0.0
2022-01-19 16:17:33.502990,0.0,0.0,0.0
2022-01-19 16:17:34.002047,0.0,0.0,0.0
2022-01-19 16:17:34.506011,0.0,0.0,0.0
2022-01-19 16:17:35.003431,0.0,0.0,0.0
2022-01-19 16:17:35.506777,0.0,0.0,0.0
2022-01-19 16:17:36.005095,0.0,0.0,0.0
2022-01-19 16:17:36.508521,0.0,0.0,0.0
2022-01-19 16:17:37.008211,0.0,0.0,0.0
2022-01-19 16:17:37.503630,0.0,0.0,0.0
2022-01-19 16:17:38.001959,0.0,0.0,0.0
2022-01-19 16:17:38.506320,0.0,0.0,0.0
2022-01-19 16:17:39.004352,0.0,0.0,0.0
2022-01-19 16:17:39.509548,0.0,0.0,0.0
2022-01-19 16:17:40.007440,0.0,0.0,0.0
2022-01-19 16:17:40.502504,0.0,0.0,0.0
2022-01-19 16:17:41.010785,0.0,0.0,0.0
2022-01-19 16:17:41.506367,0.0,0.0,0.0
2022-01-19 16:17:42.004751,0.0,0.0,0.0
2022-01-19 16:17:42.507873,0.0,0.0,0.0
2022-01-19 16:17:43.006820,0.0,0.0,0.0
2022-01-19 16:17:43.501391,0.0,0.0,0.0
2022-01-19 16:17:44.010208,0.0,0.0,0.0
2022-01-19 16:17:44.505097,0.0,0.0,0.0
2022-01-19 16:17:45.003886,0.0,0.0,0.0
2022-01-19 16:17:45.509274,0.0,0.0,0.0
2022-01-19 16:17:46.009327,0.0,0.0,0.0
2022-01-19 16:17:46.503650,0.0,0.0,0.0
2022-01-19 16:17:47.002350,0.0,0.0,0.0
2022-01-19 16:17:47.509757,0.0,0.0,0.0
2022-01-19 16:17:48.007534,0.0,0.0,0.0
2022-01-19 16:17:48.503249,0.0,0.0,0.0
2022-01-19 16:17:49.001177,0.0,0.0,0.0
2022-01-19 16:17:49.503649,0.0,0.0,0.0
2022-01-19 16:17:50.001848,0.0,0.0,0.0
2022-01-19 16:17:50.505890,0.0,0.0,0.0
2022-01-19 16:17:51.003931,0.0,0.0,0.0
2022-01-19 16:17:51.507813,0.0,0.0,0.0
2022-01-19 16:17:52.006370,0.0,0.0,0.0
2022-01-19 16:17:52.510302,0.0,0.0,0.0
2022-01-19 16:17:53.008405,0.0,0.0,0.0
2022-01-19 16:17:53.503390,0.0,0.0,0.0
2022-01-19 16:17:54.001332,0.0,0.0,0.0
2022-01-19 16:17:54.503804,0.0,0.0,0.0
2022-01-19 16:17:55.002773,0.0,0.0,0.0
2022-01-19 16:17:55.506735,0.0,0.0,0.0
2022-01-19 16:17:56.003975,0.0,0.0,0.0
2022-01-19 16:17:56.508181,0.0,0.0,0.0
2022-01-19 16:17:57.007327,0.0,0.0,0.0
2022-01-19 16:17:57.502221,0.0,0.0,0.0
2022-01-19 16:17:58.001154,0.0,0.0,0.0
2022-01-19 16:17:58.506731,0.0,0.0,0.0
2022-01-19 16:17:59.004092,0.0,0.0,0.0
2022-01-19 16:17:59.509365,0.0,0.0,0.0
2022-01-19 16:18:00.008529,0.0,0.0,0.0
2022-01-19 16:18:00.502393,0.0,0.0,0.0
2022-01-19 16:18:01.002840,0.0,0.0,0.0
2022-01-19 16:18:01.506667,0.0,0.0,0.0
2022-01-19 16:18:02.004369,0.0,0.0,0.0
2022-01-19 16:18:02.508759,0.0,0.0,0.0
2022-01-19 16:18:03.006105,0.0,0.0,0.0
2022-01-19 16:18:03.509548,0.0,0.0,0.0
2022-01-19 16:18:04.008251,0.0,0.0,0.0
2022-01-19 16:18:04.502759,0.0,0.0,0.0
2022-01-19 16:18:05.010629,0.0,0.0,0.0
2022-01-19 16:18:05.504010,0.0,0.0,0.0
2022-01-19 16:18:06.001814,0.0,0.0,0.0
2022-01-19 16:18:06.507162,0.0,0.0,0.0
2022-01-19 16:18:07.007302,0.0,0.0,0.0
2022-01-19 16:18:07.510970,0.0,0.0,0.0
2022-01-19 16:18:08.010373,0.0,0.0,0.0
2022-01-19 16:18:08.504160,0.0,0.0,0.0
2022-01-19 16:18:09.001444,0.0,0.0,0.0
2022-01-19 16:18:09.504903,0.0,0.0,0.0
2022-01-19 16:18:10.002473,0.0,0.0,0.0
2022-01-19 16:18:10.506161,0.0,0.0,0.0
2022-01-19 16:18:11.006421,0.0,0.0,0.0
2022-01-19 16:18:11.501171,0.0,0.0,0.0
2022-01-19 16:18:12.010906,0.0,0.0,0.0
2022-01-19 16:18:12.503402,0.0,0.0,0.0
2022-01-19 16:18:13.505765,0.0,0.0,0.0
2022-01-19 16:18:14.005104,0.0,0.0,0.0
2022-01-19 16:18:14.501083,0.0,0.0,0.0
2022-01-19 16:18:15.009622,0.0,0.0,0.0
2022-01-19 16:18:15.503097,0.0,0.0,0.0
2022-01-19 16:18:16.002531,0.0,0.0,0.0
2022-01-19 16:18:16.506903,0.0,0.0,0.0
2022-01-19 16:18:17.006808,0.0,0.0,0.0
2022-01-19 16:18:17.510792,0.0,0.0,0.0
2022-01-19 16:18:18.010868,0.0,0.0,0.0
2022-01-19 16:18:18.507264,0.0,0.0,0.0
2022-01-19 16:18:19.006749,0.0,0.0,0.0
2022-01-19 16:18:19.511107,0.0,0.0,0.0
2022-01-19 16:18:20.008144,0.0,0.0,0.0
2022-01-19 16:18:20.502947,0.0,0.0,0.0
2022-01-19 16:18:21.001020,0.0,0.0,0.0
2022-01-19 16:18:21.504819,0.0,0.0,0.0
2022-01-19 16:18:22.004452,0.0,0.0,0.0
2022-01-19 16:18:22.508060,0.0,0.0,0.0
2022-01-19 16:18:23.005639,0.0,0.0,0.0
2022-01-19 16:18:23.502138,0.0,0.0,0.0
2022-01-19 16:18:24.002295,0.0,0.0,0.0
2022-01-19 16:18:24.505913,0.0,0.0,0.0
2022-01-19 16:18:25.003037,0.0,0.0,0.0
2022-01-19 16:18:25.508455,0.0,0.0,0.0
2022-01-19 16:18:26.006960,0.0,0.0,0.0
2022-01-19 16:18:26.508924,0.0,0.0,0.0
2022-01-19 16:18:27.007243,0.0,0.0,0.0
2022-01-19 16:18:27.502575,0.0,0.0,0.0
2022-01-19 16:18:28.000906,0.0,0.0,0.0
2022-01-19 16:18:28.503905,0.0,0.0,0.0
2022-01-19 16:18:29.002769,0.0,0.0,0.0
2022-01-19 16:18:29.506576,0.0,0.0,0.0
2022-01-19 16:18:30.004856,0.0,0.0,0.0
2022-01-19 16:18:30.507371,0.0,0.0,0.0
2022-01-19 16:18:31.005956,0.0,0.0,0.0
2022-01-19 16:18:31.508921,0.0,0.0,0.0
2022-01-19 16:18:32.006435,0.0,0.0,0.0
2022-01-19 16:18:32.510854,0.0,0.0,0.0
2022-01-19 16:18:33.010087,0.0,0.0,0.0
2022-01-19 16:18:33.503268,0.0,0.0,0.0
2022-01-19 16:18:34.001530,0.0,0.0,0.0
2022-01-19 16:18:34.505863,0.0,0.0,0.0
2022-01-19 16:18:35.002757,0.0,0.0,0.0
2022-01-19 16:18:35.507715,0.0,0.0,0.0
2022-01-19 16:18:36.006826,0.0,0.0,0.0
2022-01-19 16:18:36.501449,0.0,0.0,0.0
2022-01-19 16:18:37.010439,0.0,0.0,0.0
2022-01-19 16:18:37.503521,0.0,0.0,0.0
2022-01-19 16:18:38.002246,0.0,0.0,0.0
2022-01-19 16:18:38.506840,0.0,0.0,0.0
2022-01-19 16:18:39.006398,0.0,0.0,0.0
2022-01-19 16:18:39.502430,0.0,-0.05075,0.0
2022-01-19 16:18:40.005560,0.0,0.0,0.0
2022-01-19 16:18:40.509459,0.0,0.0,0.0
2022-01-19 16:18:41.009684,0.0,0.0,0.0
2022-01-19 16:18:41.504258,0.0,0.0,0.0
2022-01-19 16:18:42.001420,0.0,0.0,0.0
2022-01-19 16:18:42.508559,0.0,0.0,0.0
2022-01-19 16:18:43.007940,0.0,0.0,0.0
2022-01-19 16:18:43.501320,0.0,0.0,0.0
2022-01-19 16:18:44.009054,0.0,0.0,0.0
2022-01-19 16:18:44.502885,0.0,0.0,0.0
2022-01-19 16:18:45.010710,0.0,0.0,0.0
2022-01-19 16:18:45.503941,0.0,0.0,0.0
2022-01-19 16:18:47.008760,0.0,0.0,0.0
2022-01-19 16:18:47.502553,0.0,0.0,0.0
2022-01-19 16:18:48.010627,0.0,0.0,0.0
2022-01-19 16:18:48.504307,0.0,0.0,0.0
2022-01-19 16:18:49.002768,0.0,0.0,0.0
2022-01-19 16:18:49.506461,0.0,0.0,0.0
2022-01-19 16:18:50.004539,0.0,0.0,0.0
2022-01-19 16:18:50.501502,0.0,0.0,0.0
2022-01-19 16:18:51.010495,0.0,0.0,0.0
2022-01-19 16:18:51.504240,0.0,0.0,0.0
2022-01-19 16:18:52.001405,0.0,0.0,0.0
2022-01-19 16:18:52.505025,0.0,0.0,0.0
2022-01-19 16:18:53.004330,0.0,0.0,0.0
2022-01-19 16:18:53.504925,0.0,0.0,0.0
2022-01-19 16:18:54.005479,0.0,0.0,0.0
2022-01-19 16:18:54.509838,0.0,0.0,0.0
2022-01-19 16:18:55.002703,0.0,0.0,0.0
2022-01-19 16:18:55.506616,0.0,0.0,0.0
2022-01-19 16:18:56.004426,0.0,0.0,0.0
2022-01-19 16:18:56.507384,0.0,0.0,0.0
2022-01-19 16:18:57.005547,0.0,0.0,0.0
2022-01-19 16:18:57.502536,0.0,0.0,0.0
2022-01-19 16:18:58.010619,0.0,0.0,0.0
2022-01-19 16:18:58.503293,0.0,0.0,0.0
2022-01-19 16:18:59.001106,0.0,0.0,0.0
2022-01-19 16:18:59.503992,0.0,0.0,0.0
2022-01-19 16:19:00.002508,0.0,0.0,0.0
2022-01-19 16:19:00.509122,0.0,0.0,0.0
2022-01-19 16:19:01.005651,0.0,0.0,0.0
2022-01-19 16:19:01.507284,0.0,0.0,0.0
2022-01-19 16:19:02.005205,0.0,0.0,0.0
2022-01-19 16:19:02.507437,0.0,0.0,0.0
2022-01-19 16:19:03.003496,0.0,0.0,0.0
2022-01-19 16:19:03.507361,0.0,0.0,0.0
2022-01-19 16:19:04.004943,0.0,0.0,0.0
2022-01-19 16:19:04.508514,0.0,0.0,0.0
2022-01-19 16:19:05.007350,0.0,0.0,0.0
2022-01-19 16:19:05.502455,0.0,0.0,0.0
2022-01-19 16:19:06.002342,0.0,0.0,0.0
2022-01-19 16:19:06.507126,0.0,0.0,0.0
2022-01-19 16:19:07.006158,0.0,0.0,0.0
2022-01-19 16:19:07.509083,0.0,0.0,0.0
2022-01-19 16:19:08.505673,0.0,0.0,0.0
2022-01-19 16:19:09.002775,0.0,0.0,0.0
2022-01-19 16:19:09.506758,0.0,0.0,0.0
2022-01-19 16:19:10.007199,0.0,0.0,0.0
2022-01-19 16:19:10.501110,0.0,0.0,0.0
2022-01-19 16:19:11.005321,0.0,0.0,0.0
2022-01-19 16:19:11.502278,0.0,0.0,0.0
2022-01-19 16:19:12.011061,0.0,0.0,0.0
2022-01-19 16:19:12.505533,0.0,0.0,0.0
2022-01-19 16:19:13.003308,0.0,0.0,0.0
2022-01-19 16:19:13.506911,0.0,0.0,0.0
2022-01-19 16:19:14.006460,0.0,0.0,0.0
2022-01-19 16:19:14.509738,0.0,0.0,0.0
2022-01-19 16:19:15.008949,0.0,0.0,0.0
2022-01-19 16:19:15.502745,0.0,0.0,0.0
2022-01-19 16:19:16.011031,0.0,0.0,0.0
2022-01-19 16:19:16.506108,0.0,0.0,0.0
2022-01-19 16:19:17.003876,0.0,0.0,0.0
2022-01-19 16:19:17.506238,0.0,0.0,0.0
2022-01-19 16:19:18.002775,0.0,0.0,0.0
2022-01-19 16:19:18.508270,0.0,0.0,0.0
2022-01-19 16:19:19.006156,0.0,0.0,0.0
2022-01-19 16:19:19.501117,0.0,0.0,0.0
2022-01-19 16:19:20.009804,0.0,0.0,0.0
2022-01-19 16:19:20.503965,0.0,0.0,0.0
2022-01-19 16:19:21.002077,0.0,0.0,0.0
2022-01-19 16:19:21.509936,0.0,0.0,0.0
2022-01-19 16:19:22.008514,0.0,0.0,0.0
2022-01-19 16:19:22.501687,0.0,0.0,0.0
2022-01-19 16:19:23.009190,0.0,0.0,0.0
2022-01-19 16:19:23.504023,0.0,0.0,0.0
2022-01-19 16:19:24.001365,0.0,0.0,0.0
2022-01-19 16:19:24.506193,0.0,0.0,-0.03864
2022-01-19 16:19:25.004359,0.0,0.0,-0.03864
2022-01-19 16:19:25.509797,0.0,0.0,0.0
2022-01-19 16:19:26.007890,0.0,0.0,0.0
2022-01-19 16:19:26.502491,0.0,0.0,0.0
2022-01-19 16:19:27.505036,0.0,0.0,0.0
2022-01-19 16:19:28.003063,0.0,0.0,0.0
2022-01-19 16:19:28.507225,0.0,0.0,0.0
2022-01-19 16:19:29.006753,0.0,0.0,0.0
2022-01-19 16:19:29.510374,0.0,0.0,0.0
2022-01-19 16:19:30.007505,0.0,0.0,0.0
2022-01-19 16:19:30.502472,0.0,0.0,0.0
2022-01-19 16:19:31.009193,0.0,0.0,0.0
2022-01-19 16:19:31.503757,0.0,0.0,0.0
2022-01-19 16:19:32.001065,0.0,0.0,0.0
2022-01-19 16:19:32.506357,0.0,0.0,0.0
2022-01-19 16:19:33.004050,0.0,0.0,0.0
2022-01-19 16:19:33.507591,0.0,0.0,0.0
2022-01-19 16:19:34.006163,0.0,0.0,0.0
2022-01-19 16:19:34.509524,0.0,0.0,0.0
2022-01-19 16:19:35.006530,0.0,0.0,0.0
2022-01-19 16:19:35.509394,0.0,0.0,0.0
2022-01-19 16:19:36.007783,0.0,0.0,0.0
2022-01-19 16:19:36.502054,0.0,0.0,0.0
2022-01-19 16:19:37.003603,0.0,0.0,0.0
2022-01-19 16:19:37.501344,0.0,0.0,0.0
2022-01-19 16:19:38.008899,0.0,0.0,0.0
2022-01-19 16:19:38.502304,0.0,0.0,0.0
2022-01-19 16:19:39.001308,0.0,0.0,0.0
2022-01-19 16:19:39.503950,0.0,0.0,0.0
2022-01-19 16:19:40.001925,0.0,0.0,0.0
2022-01-19 16:19:40.506790,0.0,0.0,0.0
2022-01-19 16:19:41.005305,0.0,0.0,0.0
2022-01-19 16:19:41.508847,0.0,0.0,0.0
2022-01-19 16:19:42.007528,0.0,0.0,0.0
2022-01-19 16:19:42.503526,0.0,0.0,0.0
2022-01-19 16:19:43.002475,0.0,0.0,0.0
2022-01-19 16:19:43.506821,0.0,0.0,0.0
2022-01-19 16:19:44.006154,0.0,0.0,0.0
2022-01-19 16:19:44.509866,0.0,0.0,0.0
2022-01-19 16:19:45.007900,0.0,0.0,0.0
2022-01-19 16:19:45.503202,0.0,0.0,0.0
2022-01-19 16:19:46.001275,0.0,0.0,0.0
2022-01-19 16:19:46.504898,0.0,0.0,0.0
2022-01-19 16:19:47.003127,0.0,0.0,0.0
2022-01-19 16:19:47.506385,0.0,0.0,0.0
2022-01-19 16:19:48.005661,0.0,0.0,0.0
2022-01-19 16:19:48.501014,0.0,0.0,0.0
2022-01-19 16:19:49.009513,0.0,0.0,0.0
2022-01-19 16:19:49.505496,0.0,0.0,0.0
2022-01-19 16:19:50.002373,0.0,0.0,0.0
2022-01-19 16:19:50.506402,0.0,0.0,0.0
2022-01-19 16:19:51.003850,0.0,0.0,0.0
2022-01-19 16:19:51.507448,0.0,0.0,0.0
2022-01-19 16:19:52.002056,0.0,0.0,0.0
2022-01-19 16:19:52.508958,0.0,0.0,0.0
2022-01-19 16:19:53.007043,0.0,0.0,0.0
2022-01-19 16:19:53.502136,0.0,0.0,0.0
2022-01-19 16:19:54.010792,0.0,0.0,0.0
2022-01-19 16:19:54.505394,0.0,0.0,0.0
2022-01-19 16:19:55.004887,0.0,0.0,0.0
2022-01-19 16:19:55.507645,0.0,0.0,0.0
2022-01-19 16:19:56.005240,0.0,0.0,0.0
2022-01-19 16:19:56.509197,0.0,0.0,0.0
2022-01-19 16:19:57.006918,0.0,0.0,0.0
2022-01-19 16:19:57.509774,0.0,0.0,0.0
2022-01-19 16:19:58.009801,0.0,0.0,0.0
2022-01-19 16:19:58.504572,0.0,0.0,0.0
2022-01-19 16:19:59.002356,0.0,0.0,0.0
2022-01-19 16:19:59.508589,0.0,0.0,0.0
2022-01-19 16:20:00.006433,0.0,0.0,0.0
2022-01-19 16:20:00.502492,0.0,0.0,0.0
2022-01-19 16:20:01.001271,0.0,0.0,0.0
2022-01-19 16:20:01.505731,0.0,0.0,0.0
2022-01-19 16:20:02.003050,0.0,0.0,0.0
2022-01-19 16:20:02.507973,0.0,0.0,0.0
2022-01-19 16:20:03.005653,0.0,0.0,0.0
2022-01-19 16:20:03.509513,0.0,0.0,0.0
2022-01-19 16:20:04.010999,0.0,0.0,0.0
2022-01-19 16:20:04.503551,0.0,0.0,0.0
2022-01-19 16:20:05.002249,0.0,0.0,0.0
2022-01-19 16:20:05.509488,0.0,0.0,0.0
2022-01-19 16:20:06.010139,0.0,0.0,0.0
2022-01-19 16:20:06.504484,0.0,0.0,0.0
2022-01-19 16:20:07.004350,0.0,0.0,0.0
2022-01-19 16:20:07.508032,0.0,0.0,0.0
2022-01-19 16:20:08.007456,0.0,0.0,0.0
2022-01-19 16:20:08.511050,0.0,0.0,0.0
2022-01-19 16:20:09.010515,0.0,0.0,0.0
2022-01-19 16:20:09.506473,0.0,0.0,0.0
2022-01-19 16:20:10.003905,0.0,0.0,0.0
2022-01-19 16:20:10.506183,0.0,0.0,0.0
2022-01-19 16:20:11.009838,0.0,0.0,0.0
2022-01-19 16:20:11.503971,0.0,0.0,0.0
2022-01-19 16:20:12.010659,0.0,0.0,0.0
2022-01-19 16:20:12.503217,0.0,0.0,0.0
2022-01-19 16:20:13.002305,0.0,0.0,0.0
2022-01-19 16:20:13.505124,0.0,0.0,0.0
2022-01-19 16:20:14.004406,0.0,0.0,0.0
2022-01-19 16:20:14.508693,0.0,0.0,0.0
2022-01-19 16:20:15.006153,0.0,0.0,0.0
2022-01-19 16:20:15.509806,0.0,0.0,0.0
2022-01-19 16:20:16.010219,0.0,0.0,0.0
2022-01-19 16:20:16.505097,0.0,0.0,0.0
2022-01-19 16:20:17.003603,0.0,0.0,0.0
2022-01-19 16:20:17.508579,0.0,0.0,0.0
2022-01-19 16:20:18.008113,0.0,0.0,0.0
2022-01-19 16:20:18.501872,0.0,0.0,0.0
2022-01-19 16:20:19.009848,0.0,0.0,0.0
2022-01-19 16:20:19.505774,0.0,0.0,0.0
2022-01-19 16:20:20.004005,0.0,0.0,0.0
2022-01-19 16:20:20.508330,0.0,0.0,0.0
2022-01-19 16:20:21.006770,0.0,0.0,0.0
2022-01-19 16:20:21.510108,0.0,0.0,0.0
2022-01-19 16:20:22.008065,0.0,0.0,0.0
2022-01-19 16:20:22.502228,0.0,0.0,0.0
2022-01-19 16:20:23.010592,0.0,0.0,0.0
2022-01-19 16:20:23.503556,0.0,0.0,0.0
2022-01-19 16:20:24.004125,0.0,0.0,0.0
2022-01-19 16:20:24.508293,0.0,0.0,0.0
2022-01-19 16:20:25.006696,0.0,0.0,0.0
2022-01-19 16:20:25.508909,0.0,0.0,0.0
2022-01-19 16:20:26.005247,0.0,0.0,0.0
2022-01-19 16:20:26.510249,0.0,0.0,0.0
2022-01-19 16:20:27.007838,0.0,0.0,0.0
2022-01-19 16:20:27.509905,0.0,0.0,0.0
2022-01-19 16:20:28.007379,0.0,0.0,0.0
2022-01-19 16:20:28.510846,0.0,0.0,0.0
2022-01-19 16:20:29.010111,0.0,0.0,0.0
2022-01-19 16:20:29.503570,0.0,0.0,0.0
2022-01-19 16:20:30.001851,0.0,0.0,0.0
2022-01-19 16:20:30.506253,0.0,0.0,0.0
2022-01-19 16:20:31.003754,0.0,0.0,0.0
2022-01-19 16:20:31.508789,0.0,0.0,0.0
2022-01-19 16:20:32.007059,0.0,0.0,0.0
2022-01-19 16:20:32.501238,0.0,0.0,0.0
2022-01-19 16:20:33.009448,0.0,0.0,0.0
2022-01-19 16:20:33.510206,0.0,0.0,0.0
2022-01-19 16:20:34.010172,0.0,0.0,0.0
2022-01-19 16:20:34.503287,0.0,0.0,0.0
2022-01-19 16:20:35.005753,0.0,0.0,0.0
2022-01-19 16:20:35.511152,0.0,0.0,0.0
2022-01-19 16:20:36.008273,0.0,0.0,0.0
2022-01-19 16:20:36.501340,0.0,0.0,0.0
2022-01-19 16:20:37.001769,0.0,0.0,0.0
2022-01-19 16:20:37.505909,0.0,0.0,0.0
2022-01-19 16:20:38.003483,0.0,0.0,0.0
2022-01-19 16:20:38.507581,0.0,0.0,0.0
2022-01-19 16:20:39.001935,0.0,0.0,0.0
2022-01-19 16:20:39.501501,0.0,0.0,0.0
2022-01-19 16:20:40.008749,0.0,0.0,0.0
2022-01-19 16:20:40.505282,0.0,0.0,0.0
2022-01-19 16:20:41.003680,0.0,0.0,0.0
2022-01-19 16:20:41.502013,0.0,0.0,0.0
2022-01-19 16:20:42.009261,0.0,0.0,0.0
2022-01-19 16:20:42.504153,0.0,0.0,0.0
2022-01-19 16:20:43.002774,0.0,0.0,0.0
2022-01-19 16:20:43.506878,0.0,0.0,0.0
2022-01-19 16:20:44.005198,0.0,0.0,0.0
2022-01-19 16:20:44.509270,0.0,0.0,0.0
2022-01-19 16:20:45.007921,0.0,0.0,0.0
2022-01-19 16:20:46.004751,0.0,0.0,0.0
2022-01-19 16:20:46.508120,0.0,0.0,0.0
2022-01-19 16:20:47.008272,0.0,0.0,0.0
2022-01-19 16:20:47.507978,0.0,0.0,0.0
2022-01-19 16:20:48.006521,0.0,0.0,0.0
2022-01-19 16:20:48.510878,0.0,0.0,0.0
2022-01-19 16:20:49.009989,0.0,0.0,0.0
2022-01-19 16:20:49.504094,0.0,0.0,0.0
2022-01-19 16:20:50.001782,0.0,0.0,0.0
2022-01-19 16:20:50.505305,0.0,0.0,0.0
2022-01-19 16:20:51.002989,0.0,0.0,0.0
2022-01-19 16:20:51.505929,0.0,0.0,0.0
2022-01-19 16:20:52.005220,0.0,0.0,0.0
2022-01-19 16:20:52.509811,0.0,0.0,0.0
2022-01-19 16:20:53.007195,0.0,0.0,0.0
2022-01-19 16:20:53.502239,0.0,0.0,0.0
2022-01-19 16:20:54.010545,0.0,0.0,0.0
2022-01-19 16:20:54.502401,0.0,0.0,0.0
2022-01-19 16:20:55.001782,0.0,0.0,0.0
2022-01-19 16:20:55.507378,0.0,0.0,0.0
2022-01-19 16:20:56.005402,0.0,0.0,0.0
2022-01-19 16:20:56.508975,0.0,0.0,0.0
2022-01-19 16:20:57.007060,0.0,0.0,0.0
2022-01-19 16:20:57.510619,0.0,0.0,0.0
2022-01-19 16:20:58.007875,0.0,0.0,0.0
2022-01-19 16:20:58.502177,0.0,0.0,0.0
2022-01-19 16:20:59.001438,0.0,0.0,0.0
2022-01-19 16:20:59.506429,0.0,0.0,0.0
2022-01-19 16:21:00.004785,0.0,0.0,0.0
2022-01-19 16:21:00.508485,0.0,0.0,0.0
2022-01-19 16:21:01.006715,0.0,0.0,0.0
2022-01-19 16:21:01.502053,0.0,0.0,0.0
2022-01-19 16:21:02.009744,0.0,0.0,0.0
2022-01-19 16:21:02.502796,0.0,0.0,0.0
2022-01-19 16:21:03.009354,0.0,0.0,0.0
2022-01-19 16:21:03.506659,0.0,0.0,0.0
2022-01-19 16:21:04.004095,0.0,0.0,0.0
2022-01-19 16:21:04.508924,0.0,0.0,0.0
2022-01-19 16:21:05.007373,0.0,0.0,0.0
2022-01-19 16:21:05.503500,0.0,0.0,0.0
2022-01-19 16:21:06.003187,0.0,0.0,0.0
2022-01-19 16:21:06.506674,0.0,0.0,0.0
2022-01-19 16:21:07.004396,0.0,0.0,0.0
2022-01-19 16:21:07.507842,0.0,0.0,0.0
2022-01-19 16:21:08.006663,0.0,0.0,0.0
2022-01-19 16:21:08.509758,0.0,0.0,0.0
2022-01-19 16:21:09.007962,0.0,0.0,0.0
2022-01-19 16:21:09.501356,0.0,0.0,0.0
2022-01-19 16:21:10.009262,0.0,0.0,0.0
2022-01-19 16:21:10.502089,0.0,0.0,0.0
2022-01-19 16:21:11.007332,0.0,0.0,0.0
2022-01-19 16:21:11.501400,0.0,0.0,0.0
2022-01-19 16:21:12.010806,0.0,0.0,0.0
2022-01-19 16:21:12.507490,0.0,0.0,0.0
2022-01-19 16:21:13.005162,0.0,0.0,0.0
2022-01-19 16:21:13.508035,0.0,0.0,0.0
2022-01-19 16:21:14.007225,0.0,0.0,0.0
2022-01-19 16:21:14.501180,0.0,0.0,0.0
2022-01-19 16:21:15.009254,0.0,0.0,0.0
2022-01-19 16:21:15.501420,0.0,0.0,0.0
2022-01-19 16:21:16.002155,0.0,0.0,0.0
2022-01-19 16:21:16.507604,0.0,0.0,0.0
2022-01-19 16:21:17.006155,0.0,0.0,0.0
2022-01-19 16:21:17.509794,0.0,0.0,0.0
2022-01-19 16:21:18.007919,0.0,0.0,0.0
2022-01-19 16:21:18.501796,0.0,0.0,0.0
2022-01-19 16:21:19.009458,0.0,0.0,0.0
2022-01-19 16:21:19.510413,0.0,0.0,0.0
2022-01-19 16:21:20.008273,0.0,0.0,0.0
2022-01-19 16:21:20.501915,0.0,0.0,0.0
2022-01-19 16:21:21.001046,0.0,0.0,0.0
2022-01-19 16:21:21.503789,0.0,0.0,0.0
2022-01-19 16:21:22.001487,0.0,0.0,0.0
2022-01-19 16:21:22.505102,0.0,0.0,0.0
2022-01-19 16:21:23.005327,0.0,0.0,0.0
2022-01-19 16:21:23.501502,0.0,0.0,0.0
2022-01-19 16:21:24.009553,0.0,0.0,0.0
2022-01-19 16:21:24.504762,0.0,0.0,0.0
2022-01-19 16:21:25.004218,0.0,0.0,0.0
2022-01-19 16:21:25.508165,0.0,0.0,0.0
2022-01-19 16:21:26.007442,0.0,0.0,0.0
2022-01-19 16:21:26.509852,0.0,0.0,0.0
2022-01-19 16:21:27.008173,0.0,0.0,0.0
2022-01-19 16:21:27.501894,0.0,0.0,0.0
2022-01-19 16:21:28.010734,0.0,0.0,0.0
2022-01-19 16:21:28.507319,0.0,0.0,0.0
2022-01-19 16:21:29.009905,0.0,0.0,0.0
2022-01-19 16:21:29.501276,0.0,0.0,0.0
2022-01-19 16:21:30.005227,0.0,0.0,0.0
2022-01-19 16:21:30.505697,0.0,0.0,0.0
2022-01-19 16:21:31.003884,0.0,0.0,0.0
