時間,回転１,回転２,回転３
2022-01-19 13:00:00.009243,84.36905,84.59625,85.57051
2022-01-19 13:00:00.500854,84.00888,84.28675,86.12093
2022-01-19 13:00:01.009361,84.73046,85.0605,86.12093
2022-01-19 13:00:01.506894,83.85417,84.132,85.64968
2022-01-19 13:00:02.004030,84.42104,84.59625,85.64968
2022-01-19 13:00:02.507724,83.59549,84.184,85.29625
2022-01-19 13:00:03.009826,84.62773,84.699,85.29625
2022-01-19 13:00:03.505866,84.26632,84.33875,85.29625
2022-01-19 13:00:04.008487,84.31831,84.4935,85.29625
2022-01-19 13:00:04.503226,84.1636,84.33875,85.25666
2022-01-19 13:00:05.006701,84.1636,84.64825,85.25666
2022-01-19 13:00:05.504036,84.57575,84.699,85.29625
2022-01-19 13:00:06.004486,83.44078,83.8745,85.29625
2022-01-19 13:00:06.510430,84.47302,84.699,86.5526
2022-01-19 13:00:07.008325,84.21434,84.54425,86.5526
2022-01-19 13:00:07.501628,84.42104,84.64825,85.68833
2022-01-19 13:00:08.001975,84.00888,84.23475,85.68833
2022-01-19 13:00:08.508348,84.26632,84.4935,85.4527
2022-01-19 13:00:09.007837,84.21434,84.33875,85.4527
2022-01-19 13:00:09.501712,84.11161,84.803,85.17843
2022-01-19 13:00:10.011137,84.11161,84.23475,85.17843
2022-01-19 13:00:10.504712,84.31831,84.4415,85.64968
2022-01-19 13:00:11.011140,84.26632,84.4935,85.64968
2022-01-19 13:00:11.509719,84.11161,84.132,84.90322
2022-01-19 13:00:12.006732,84.36905,84.59625,84.90322
2022-01-19 13:00:12.502115,83.90492,84.02925,241.59385
2022-01-19 13:00:13.010043,83.80219,84.23475,241.59385
2022-01-19 13:00:13.505356,84.67848,84.699,224.82489
2022-01-19 13:00:14.003969,83.64747,84.08,224.82489
2022-01-19 13:00:14.508924,84.62773,84.54425,180.56697
2022-01-19 13:00:15.006472,84.05963,84.132,180.56697
2022-01-19 13:00:15.502527,84.31831,84.4935,117.96895
2022-01-19 13:00:16.002026,83.85417,84.02925,117.96895
2022-01-19 13:00:16.508157,84.1636,84.64825,88.67322
2022-01-19 13:00:17.006586,83.7502,83.92525,88.67322
2022-01-19 13:00:17.503833,84.47302,84.90575,93.18968
2022-01-19 13:00:18.004031,83.90492,83.92525,93.18968
2022-01-19 13:00:18.508978,84.62773,84.751,88.24156
2022-01-19 13:00:19.006274,84.26632,84.4935,88.24156
2022-01-19 13:00:19.501452,84.42104,84.59625,86.15958
2022-01-19 13:00:20.009553,84.05963,84.4415,86.15958
2022-01-19 13:00:20.506286,83.9569,84.132,86.78822
2022-01-19 13:00:21.005049,84.1636,84.64825,86.78822
2022-01-19 13:00:21.510323,84.31831,84.33875,86.00312
2022-01-19 13:00:22.007405,84.52377,84.751,86.00312
2022-01-19 13:00:22.502626,83.80219,83.8745,85.64968
2022-01-19 13:00:23.010090,84.62773,84.85375,85.64968
2022-01-19 13:00:23.504972,84.31831,84.751,85.96354
2022-01-19 13:00:24.002642,84.1636,84.23475,85.96354
2022-01-19 13:00:24.507337,83.85417,84.23475,86.12093
2022-01-19 13:00:25.006891,83.9569,84.08,86.12093
2022-01-19 13:00:25.503756,84.93716,84.95775,85.06062
2022-01-19 13:00:26.002879,83.9569,84.132,85.06062
2022-01-19 13:00:26.507191,84.11161,84.3895,85.92395
2022-01-19 13:00:27.002531,84.05963,84.28675,85.92395
2022-01-19 13:00:27.506826,84.73046,84.90575,85.33489
2022-01-19 13:00:28.005030,84.00888,84.4415,85.33489
2022-01-19 13:00:28.503284,83.9569,83.97725,85.57051
2022-01-19 13:00:29.003281,84.05963,84.33875,85.57051
2022-01-19 13:00:29.510535,84.47302,84.54425,84.86364
2022-01-19 13:00:30.004634,84.78245,84.95775,84.86364
2022-01-19 13:00:30.509970,83.69946,83.92525,85.64968
2022-01-19 13:00:31.007039,84.1636,84.184,85.64968
2022-01-19 13:00:31.502457,83.9569,84.4935,84.78541
2022-01-19 13:00:32.009658,84.62773,84.803,84.78541
2022-01-19 13:00:32.505658,84.00888,84.28675,85.68833
2022-01-19 13:00:33.003976,84.42104,84.4935,85.68833
2022-01-19 13:00:33.502481,83.9569,84.08,85.41406
2022-01-19 13:00:34.011162,84.42104,84.699,85.41406
2022-01-19 13:00:34.509873,84.11161,84.23475,85.09926
2022-01-19 13:00:35.006791,83.9569,84.23475,85.09926
2022-01-19 13:00:35.501550,84.26632,84.3895,85.80614
2022-01-19 13:00:36.010655,83.90492,84.3895,85.80614
2022-01-19 13:00:36.505840,84.67848,84.85375,84.86364
2022-01-19 13:00:37.004120,84.31831,84.3895,84.86364
2022-01-19 13:00:37.509120,84.11161,84.23475,85.88531
2022-01-19 13:00:38.009851,84.26632,84.3895,85.88531
2022-01-19 13:00:38.505862,84.1636,84.54425,85.41406
2022-01-19 13:00:39.003159,84.00888,84.132,85.41406
2022-01-19 13:00:39.510354,84.42104,84.90575,85.49229
2022-01-19 13:00:40.008680,84.11161,84.02925,85.49229
2022-01-19 13:00:40.503506,84.78245,84.90575,85.6101
2022-01-19 13:00:41.010842,84.00888,84.33875,85.6101
2022-01-19 13:00:41.508058,84.21434,84.33875,85.68833
2022-01-19 13:00:42.007884,84.36905,84.699,85.68833
2022-01-19 13:00:42.503919,84.1636,84.23475,85.29625
2022-01-19 13:00:43.002298,83.90492,84.751,85.29625
2022-01-19 13:00:43.508050,84.26632,84.33875,85.68833
2022-01-19 13:00:44.005698,84.67848,84.64825,85.68833
2022-01-19 13:00:44.510768,83.85417,83.97725,85.29625
2022-01-19 13:00:45.009760,84.31831,84.64825,85.29625
2022-01-19 13:00:45.505252,84.11161,84.3895,85.4527
2022-01-19 13:00:46.003447,84.31831,84.4935,85.4527
2022-01-19 13:00:46.507655,83.85417,84.59625,85.41406
2022-01-19 13:00:47.007359,83.90492,84.02925,85.41406
2022-01-19 13:00:47.504683,84.93716,85.0085,84.74583
2022-01-19 13:00:48.001520,84.1636,84.184,84.74583
2022-01-19 13:00:48.508527,84.67848,84.699,86.35656
2022-01-19 13:00:49.006721,83.28607,83.61575,86.35656
2022-01-19 13:00:49.501925,84.57575,84.59625,85.25666
2022-01-19 13:00:50.010528,84.00888,84.699,85.25666
2022-01-19 13:00:50.504689,84.57575,84.85375,85.49229
2022-01-19 13:00:51.004038,84.00888,84.132,85.49229
2022-01-19 13:00:51.501320,84.36905,84.4415,86.15958
2022-01-19 13:00:52.010394,84.57575,84.751,86.15958
2022-01-19 13:00:52.509156,84.21434,84.4935,86.27739
2022-01-19 13:00:53.007351,84.36905,84.4415,86.27739
2022-01-19 13:00:53.502579,83.39003,83.8745,85.53187
2022-01-19 13:00:54.011003,84.57575,84.64825,85.53187
2022-01-19 13:00:54.506517,84.42104,84.751,85.06062
2022-01-19 13:00:55.005022,84.11161,84.184,85.06062
2022-01-19 13:00:55.501381,84.36905,84.4415,85.4527
2022-01-19 13:00:56.010366,83.85417,84.28675,85.4527
2022-01-19 13:00:56.509667,84.47302,84.54425,85.49229
2022-01-19 13:00:57.007365,83.90492,84.4415,85.49229
2022-01-19 13:00:57.502122,84.31831,84.3895,86.08135
2022-01-19 13:00:58.009605,83.69946,84.132,86.08135
2022-01-19 13:00:58.504613,84.62773,84.59625,85.4527
2022-01-19 13:00:59.004566,84.21434,84.33875,85.4527
2022-01-19 13:00:59.510048,84.36905,84.59625,85.02104
2022-01-19 13:01:00.007867,84.11161,84.28675,85.02104
2022-01-19 13:01:00.507621,84.00888,84.33875,86.12093
2022-01-19 13:01:01.007820,84.67848,84.803,86.12093
2022-01-19 13:01:01.504493,83.64747,84.23475,86.04176
2022-01-19 13:01:02.003346,84.36905,84.54425,86.04176
2022-01-19 13:01:02.509109,84.1636,84.33875,85.37447
2022-01-19 13:01:03.006997,84.42104,84.803,85.37447
2022-01-19 13:01:03.503267,83.9569,84.23475,85.72791
2022-01-19 13:01:04.001750,84.47302,84.85375,85.72791
2022-01-19 13:01:04.509050,83.80219,83.7705,85.06062
2022-01-19 13:01:05.006814,84.42104,85.0085,85.06062
2022-01-19 13:01:05.501119,84.00888,84.08,85.80614
2022-01-19 13:01:06.010447,84.26632,84.184,85.80614
2022-01-19 13:01:06.506262,84.47302,84.699,85.57051
2022-01-19 13:01:07.008938,84.31831,84.54425,85.57051
2022-01-19 13:01:07.510404,84.05963,84.28675,85.21708
2022-01-19 13:01:08.002540,84.57575,84.64825,85.21708
2022-01-19 13:01:08.506759,83.69946,84.23475,85.68833
2022-01-19 13:01:09.005513,84.52377,84.54425,85.68833
2022-01-19 13:01:09.503708,84.11161,84.184,85.64968
2022-01-19 13:01:10.001648,84.31831,84.54425,85.64968
2022-01-19 13:01:10.505873,84.42104,84.59625,85.29625
2022-01-19 13:01:11.010448,84.00888,84.28675,85.29625
2022-01-19 13:01:11.506867,84.05963,84.28675,85.53187
2022-01-19 13:01:12.008516,84.11161,84.699,85.53187
2022-01-19 13:01:12.503774,84.00888,84.02925,85.72791
2022-01-19 13:01:13.000982,84.67848,84.751,85.72791
2022-01-19 13:01:13.506189,84.05963,84.23475,85.29625
2022-01-19 13:01:14.004568,84.31831,84.3895,85.29625
2022-01-19 13:01:14.508526,83.85417,84.23475,85.29625
2022-01-19 13:01:15.007249,84.78245,84.699,85.29625
2022-01-19 13:01:15.501137,83.39003,83.8745,85.21708
2022-01-19 13:01:16.001288,84.83319,84.95775,85.21708
2022-01-19 13:01:16.506240,83.80219,84.08,85.37447
2022-01-19 13:01:17.003707,84.26632,84.33875,85.37447
2022-01-19 13:01:17.508560,84.62773,84.85375,85.25666
2022-01-19 13:01:18.008735,83.85417,84.08,85.25666
2022-01-19 13:01:18.503447,84.47302,84.3895,84.6676
2022-01-19 13:01:19.001855,84.05963,84.64825,84.6676
2022-01-19 13:01:19.507191,84.31831,84.4935,85.53187
2022-01-19 13:01:20.007595,83.64747,84.08,85.53187
2022-01-19 13:01:20.503885,84.36905,84.4415,86.08135
2022-01-19 13:01:21.008405,84.31831,84.28675,86.08135
2022-01-19 13:01:21.504692,84.52377,84.751,86.12093
2022-01-19 13:01:22.002863,83.90492,84.08,86.12093
2022-01-19 13:01:22.507159,83.9569,84.3895,85.41406
2022-01-19 13:01:23.005781,84.52377,84.803,85.41406
2022-01-19 13:01:23.501219,83.85417,84.4935,85.80614
2022-01-19 13:01:24.505636,84.1636,84.184,84.98145
2022-01-19 13:01:25.003873,84.47302,84.699,84.98145
2022-01-19 13:01:25.509931,84.36905,84.33875,85.49229
2022-01-19 13:01:26.008148,84.1636,84.4415,85.49229
2022-01-19 13:01:26.503272,83.69946,83.97725,85.49229
2022-01-19 13:01:27.002744,84.26632,84.95775,85.49229
2022-01-19 13:01:27.510787,84.52377,84.59625,85.64968
2022-01-19 13:01:28.009634,83.85417,83.92525,85.64968
2022-01-19 13:01:28.505042,84.62773,84.803,85.41406
2022-01-19 13:01:29.002520,83.9569,83.92525,85.41406
2022-01-19 13:01:29.507348,84.88517,85.37,85.25666
2022-01-19 13:01:30.008102,83.9569,83.97725,85.25666
2022-01-19 13:01:30.504506,83.7502,84.3895,85.53187
2022-01-19 13:01:31.002808,84.26632,84.3895,85.53187
2022-01-19 13:01:31.510435,84.26632,84.3895,85.92395
2022-01-19 13:01:32.009537,84.1636,84.184,85.92395
2022-01-19 13:01:32.505125,84.57575,84.4415,85.25666
2022-01-19 13:01:33.003729,84.05963,84.3895,85.25666
2022-01-19 13:01:33.510107,84.47302,84.54425,85.29625
2022-01-19 13:01:34.006706,84.00888,84.64825,85.29625
2022-01-19 13:01:34.505171,84.26632,84.28675,85.64968
2022-01-19 13:01:35.003272,84.26632,84.3895,85.64968
2022-01-19 13:01:35.510586,84.1636,84.28675,85.13885
2022-01-19 13:01:36.007967,84.52377,84.54425,85.13885
2022-01-19 13:01:36.506533,84.1636,84.4415,85.33489
2022-01-19 13:01:37.004762,84.00888,84.08,85.33489
2022-01-19 13:01:37.510772,84.21434,84.751,85.33489
2022-01-19 13:01:38.008482,84.52377,84.59625,85.33489
2022-01-19 13:01:38.504252,84.11161,84.54425,85.4527
2022-01-19 13:01:39.001896,84.36905,84.4935,85.4527
2022-01-19 13:01:39.506459,84.52377,84.4935,85.57051
2022-01-19 13:01:40.003495,83.90492,84.28675,85.57051
2022-01-19 13:01:40.509839,84.47302,84.751,85.13885
2022-01-19 13:01:41.009102,83.90492,84.3895,85.13885
2022-01-19 13:01:41.504575,84.36905,84.4415,85.64968
2022-01-19 13:01:42.002143,84.11161,84.4935,85.64968
2022-01-19 13:01:42.506144,84.11161,84.184,85.33489
2022-01-19 13:01:43.005652,84.52377,84.54425,85.33489
2022-01-19 13:01:43.502530,84.1636,84.4415,85.09926
2022-01-19 13:01:44.010350,84.31831,84.4935,85.09926
2022-01-19 13:01:44.509381,83.7502,84.33875,85.4527
2022-01-19 13:01:45.008190,84.57575,84.751,85.4527
2022-01-19 13:01:45.504877,84.00888,84.4935,85.37447
2022-01-19 13:01:46.003155,84.52377,84.54425,85.37447
2022-01-19 13:01:46.508385,83.90492,83.7705,85.09926
2022-01-19 13:01:47.007160,84.52377,84.699,85.09926
2022-01-19 13:01:47.501482,84.21434,84.33875,85.80614
2022-01-19 13:01:48.009942,84.1636,84.64825,85.80614
2022-01-19 13:01:48.504345,84.1636,84.28675,85.64968
2022-01-19 13:01:49.003179,84.05963,84.54425,85.64968
2022-01-19 13:01:49.509140,84.26632,84.4415,85.29625
2022-01-19 13:01:50.008062,84.67848,84.803,85.29625
2022-01-19 13:01:50.504017,84.00888,84.23475,85.6101
2022-01-19 13:01:51.003609,83.59549,83.71975,85.6101
2022-01-19 13:01:51.510482,84.57575,85.0605,85.4527
2022-01-19 13:01:52.008476,84.00888,84.132,85.4527
2022-01-19 13:01:52.504140,84.36905,84.699,85.64968
2022-01-19 13:01:53.002346,84.11161,84.184,85.64968
2022-01-19 13:01:53.510001,83.90492,84.132,86.00312
2022-01-19 13:01:54.005488,84.88517,85.16325,86.00312
2022-01-19 13:01:54.507984,84.05963,84.28675,85.53187
2022-01-19 13:01:55.008274,84.11161,84.4935,85.53187
2022-01-19 13:01:55.504127,84.11161,84.28675,85.25666
2022-01-19 13:01:56.004256,84.11161,84.64825,85.25666
2022-01-19 13:01:56.508293,84.31831,84.33875,85.88531
2022-01-19 13:01:57.005752,84.26632,84.54425,85.88531
2022-01-19 13:01:57.501677,83.85417,83.92525,85.29625
2022-01-19 13:01:58.009453,84.73046,84.85375,85.29625
2022-01-19 13:01:58.505020,84.47302,84.95775,85.17843
2022-01-19 13:01:59.001194,83.90492,84.132,85.17843
2022-01-19 13:01:59.509495,84.36905,84.699,85.88531
2022-01-19 13:02:00.008890,83.59549,83.8225,85.88531
2022-01-19 13:02:00.503576,84.47302,84.95775,85.02104
2022-01-19 13:02:01.001905,84.1636,84.4415,85.02104
2022-01-19 13:02:01.508751,84.36905,84.28675,86.04176
2022-01-19 13:02:02.006824,83.85417,84.184,86.04176
2022-01-19 13:02:02.501385,84.67848,84.699,85.33489
2022-01-19 13:02:03.010322,83.9569,84.23475,85.33489
2022-01-19 13:02:03.505492,84.42104,84.4935,85.37447
2022-01-19 13:02:04.003576,83.85417,84.28675,85.37447
2022-01-19 13:02:04.509400,84.21434,84.33875,85.7675
2022-01-19 13:02:05.007300,84.67848,84.64825,85.7675
2022-01-19 13:02:05.502252,83.9569,84.23475,86.15958
2022-01-19 13:02:06.008537,84.36905,84.4415,86.15958
2022-01-19 13:02:06.503158,84.11161,84.3895,85.29625
2022-01-19 13:02:07.001614,84.1636,84.4415,85.29625
2022-01-19 13:02:07.507376,83.69946,84.33875,85.84572
2022-01-19 13:02:08.006096,84.42104,84.59625,85.84572
2022-01-19 13:02:08.503205,84.42104,84.4935,86.04176
2022-01-19 13:02:09.011372,84.36905,84.4935,86.04176
2022-01-19 13:02:09.506509,84.1636,84.33875,85.21708
2022-01-19 13:02:10.003879,84.05963,84.59625,85.21708
2022-01-19 13:02:10.509059,84.88517,84.85375,85.49229
2022-01-19 13:02:11.005653,83.54475,83.97725,85.49229
2022-01-19 13:02:11.502749,84.26632,84.54425,84.86364
2022-01-19 13:02:12.011389,84.31831,84.184,84.86364
2022-01-19 13:02:12.509686,84.1636,84.3895,85.96354
2022-01-19 13:02:13.010169,84.36905,84.33875,85.96354
2022-01-19 13:02:13.506823,84.11161,84.54425,85.41406
2022-01-19 13:02:14.008424,84.1636,84.23475,85.41406
2022-01-19 13:02:14.504316,84.26632,84.751,85.21708
2022-01-19 13:02:15.002049,84.31831,84.4935,85.21708
2022-01-19 13:02:15.507533,83.85417,84.02925,85.37447
2022-01-19 13:02:16.005994,84.73046,85.0085,85.37447
2022-01-19 13:02:16.501398,84.1636,84.28675,86.19916
2022-01-19 13:02:17.010756,84.36905,84.64825,86.19916
2022-01-19 13:02:17.507454,84.11161,84.3895,85.37447
2022-01-19 13:02:18.006488,83.7502,84.23475,85.37447
2022-01-19 13:02:18.504376,84.83319,84.85375,85.37447
2022-01-19 13:02:19.003720,84.00888,84.28675,85.37447
2022-01-19 13:02:19.509757,84.36905,84.3895,85.25666
2022-01-19 13:02:20.010021,84.26632,84.28675,85.25666
2022-01-19 13:02:20.507169,84.11161,84.699,85.49229
2022-01-19 13:02:21.006302,84.42104,84.59625,85.49229
2022-01-19 13:02:21.501843,84.21434,84.54425,85.64968
2022-01-19 13:02:22.011119,83.69946,83.8745,85.64968
2022-01-19 13:02:22.506859,84.21434,84.59625,85.09926
2022-01-19 13:02:23.004291,84.52377,84.64825,85.09926
2022-01-19 13:02:23.510669,84.42104,84.33875,85.84572
2022-01-19 13:02:24.002768,84.21434,84.59625,85.84572
2022-01-19 13:02:24.507172,84.21434,84.4935,85.68833
2022-01-19 13:02:25.006577,84.26632,84.699,85.68833
2022-01-19 13:02:25.502138,84.57575,84.59625,85.13885
2022-01-19 13:02:26.010747,83.85417,84.28675,85.13885
2022-01-19 13:02:26.508335,84.26632,84.4415,85.09926
2022-01-19 13:02:27.006653,84.62773,84.54425,85.09926
2022-01-19 13:02:27.511173,83.9569,84.33875,85.80614
2022-01-19 13:02:28.008975,84.36905,84.64825,85.80614
2022-01-19 13:02:28.503522,84.11161,84.4935,85.4527
2022-01-19 13:02:29.003127,84.52377,84.64825,85.4527
2022-01-19 13:02:29.507641,83.69946,84.08,85.80614
2022-01-19 13:02:30.006041,84.1636,84.33875,85.80614
2022-01-19 13:02:30.501518,84.57575,84.4415,85.09926
2022-01-19 13:02:31.009067,84.26632,84.64825,85.09926
2022-01-19 13:02:31.503011,84.42104,84.54425,85.37447
2022-01-19 13:02:32.001343,83.69946,84.08,85.37447
2022-01-19 13:02:32.508002,84.47302,84.54425,85.25666
2022-01-19 13:02:33.008337,83.7502,84.23475,85.25666
2022-01-19 13:02:33.503273,84.88517,85.0605,85.21708
2022-01-19 13:02:34.001841,83.85417,83.8745,85.21708
2022-01-19 13:02:34.506656,84.52377,84.803,85.92395
2022-01-19 13:02:35.004840,84.47302,84.64825,85.92395
2022-01-19 13:02:35.501185,84.00888,84.3895,85.84572
2022-01-19 13:02:36.008447,84.67848,84.751,85.84572
2022-01-19 13:02:36.503105,83.7502,84.132,85.29625
2022-01-19 13:02:37.001950,84.52377,84.803,85.29625
2022-01-19 13:02:37.506906,83.80219,84.02925,85.21708
2022-01-19 13:02:38.004979,84.62773,84.90575,85.21708
2022-01-19 13:02:38.510754,83.9569,83.97725,85.13885
2022-01-19 13:02:39.008708,84.42104,84.90575,85.13885
2022-01-19 13:02:39.502840,84.1636,84.132,85.13885
2022-01-19 13:02:40.002288,83.90492,84.23475,85.13885
2022-01-19 13:02:40.506774,84.62773,84.803,85.25666
2022-01-19 13:02:41.004935,83.59549,83.7705,85.25666
2022-01-19 13:02:41.511086,84.88517,84.95775,85.33489
2022-01-19 13:02:42.009202,83.90492,83.92525,85.33489
2022-01-19 13:02:42.505077,84.62773,85.0085,85.06062
2022-01-19 13:02:43.006323,84.26632,84.33875,85.06062
2022-01-19 13:02:43.502202,84.00888,84.28675,85.7675
2022-01-19 13:02:44.009105,84.42104,84.59625,85.7675
2022-01-19 13:02:44.507097,83.80219,84.184,85.72791
2022-01-19 13:02:45.005776,84.26632,84.4935,85.72791
2022-01-19 13:02:45.501315,84.21434,84.28675,85.29625
2022-01-19 13:02:46.008443,84.57575,84.85375,85.29625
2022-01-19 13:02:46.503290,83.85417,84.08,85.92395
2022-01-19 13:02:47.002693,84.36905,84.803,85.92395
2022-01-19 13:02:47.509797,84.21434,84.4415,85.53187
2022-01-19 13:02:48.008206,83.80219,84.23475,85.53187
2022-01-19 13:02:48.503212,84.31831,84.4415,85.41406
2022-01-19 13:02:49.004743,84.31831,84.184,85.41406
2022-01-19 13:02:49.510966,84.31831,84.803,85.13885
2022-01-19 13:02:50.009023,84.57575,84.3895,85.13885
2022-01-19 13:02:50.502708,83.85417,84.08,85.49229
2022-01-19 13:02:51.009867,84.62773,84.699,85.49229
2022-01-19 13:02:51.505063,83.9569,84.4935,85.41406
2022-01-19 13:02:52.002695,84.31831,84.3895,85.41406
2022-01-19 13:02:52.508487,84.1636,84.184,85.37447
2022-01-19 13:02:53.005861,84.21434,84.4935,85.37447
2022-01-19 13:02:53.503526,84.26632,84.4935,85.06062
2022-01-19 13:02:54.002856,84.42104,84.751,85.06062
2022-01-19 13:02:54.509822,83.80219,83.92525,85.88531
2022-01-19 13:02:55.009441,84.21434,84.751,85.88531
2022-01-19 13:02:55.504100,84.26632,84.4935,85.53187
2022-01-19 13:02:56.002327,84.36905,84.4415,85.53187
2022-01-19 13:02:56.508708,84.42104,84.64825,85.84572
2022-01-19 13:02:57.006687,84.31831,84.3895,85.84572
2022-01-19 13:02:57.504630,83.80219,84.08,85.64968
2022-01-19 13:02:58.003491,84.88517,85.0605,85.64968
2022-01-19 13:02:58.509278,83.64747,84.08,86.08135
2022-01-19 13:02:59.006771,84.57575,84.699,86.08135
2022-01-19 13:02:59.501513,83.90492,84.02925,85.80614
2022-01-19 13:03:00.010333,84.52377,84.85375,85.80614
2022-01-19 13:03:00.505716,84.31831,84.28675,85.41406
2022-01-19 13:03:01.004210,84.31831,84.54425,85.41406
2022-01-19 13:03:01.501887,83.85417,83.97725,85.68833
2022-01-19 13:03:02.010096,84.1636,84.64825,85.68833
2022-01-19 13:03:02.505823,84.52377,84.803,85.49229
2022-01-19 13:03:03.005053,83.64747,84.08,85.49229
2022-01-19 13:03:03.509806,84.52377,84.64825,85.7675
2022-01-19 13:03:04.007710,84.1636,84.184,85.7675
2022-01-19 13:03:04.503336,84.47302,84.90575,85.25666
2022-01-19 13:03:05.010528,84.31831,84.4415,85.25666
2022-01-19 13:03:05.505874,83.80219,84.23475,85.6101
2022-01-19 13:03:06.005517,84.67848,84.803,85.6101
2022-01-19 13:03:06.510848,83.90492,84.3895,85.02104
2022-01-19 13:03:07.009114,84.31831,84.64825,85.02104
2022-01-19 13:03:07.503686,84.47302,84.28675,85.53187
2022-01-19 13:03:08.003895,84.42104,84.803,85.53187
2022-01-19 13:03:08.509319,83.9569,84.08,85.6101
2022-01-19 13:03:09.007456,84.21434,84.4935,85.6101
2022-01-19 13:03:09.505898,83.59549,83.8225,85.64968
2022-01-19 13:03:10.002324,84.52377,84.751,85.64968
2022-01-19 13:03:10.506848,84.00888,84.02925,232.99354
2022-01-19 13:03:11.010759,83.85417,83.8745,232.99354
2022-01-19 13:03:11.506745,84.62773,84.90575,215.16426
2022-01-19 13:03:12.004347,83.85417,83.97725,215.16426
2022-01-19 13:03:12.510081,84.57575,84.64825,160.8527
2022-01-19 13:03:13.008472,83.59549,83.61575,160.8527
2022-01-19 13:03:13.504526,84.21434,84.751,101.94645
2022-01-19 13:03:14.001875,84.1636,84.33875,101.94645
2022-01-19 13:03:14.510659,84.52377,84.59625,92.91447
2022-01-19 13:03:15.010080,83.7502,84.02925,92.91447
2022-01-19 13:03:15.506212,84.11161,84.132,87.80895
2022-01-19 13:03:16.004470,84.31831,84.64825,87.80895
2022-01-19 13:03:16.502566,84.36905,84.4935,87.45551
2022-01-19 13:03:17.010221,84.42104,84.54425,87.45551
2022-01-19 13:03:17.505291,83.69946,84.02925,86.78822
2022-01-19 13:03:18.003938,84.11161,84.33875,86.78822
2022-01-19 13:03:18.507939,84.31831,84.751,86.00312
2022-01-19 13:03:19.006253,84.11161,84.184,86.00312
2022-01-19 13:03:19.501742,84.11161,84.4935,86.00312
2022-01-19 13:03:20.001711,84.42104,84.54425,86.00312
2022-01-19 13:03:20.506561,84.1636,84.4935,85.21708
2022-01-19 13:03:21.004169,84.62773,84.803,85.21708
2022-01-19 13:03:21.509967,83.54475,83.7705,86.31697
2022-01-19 13:03:22.008374,84.1636,84.3895,86.31697
2022-01-19 13:03:22.503766,84.78245,84.85375,85.6101
2022-01-19 13:03:23.001542,83.90492,84.184,85.6101
2022-01-19 13:03:23.505165,84.36905,84.3895,85.4527
2022-01-19 13:03:24.003253,83.85417,84.132,85.4527
2022-01-19 13:03:24.510810,84.67848,84.95775,85.57051
2022-01-19 13:03:25.008463,83.69946,84.08,85.57051
2022-01-19 13:03:25.502749,84.36905,84.64825,85.64968
2022-01-19 13:03:26.001150,84.11161,84.184,85.64968
2022-01-19 13:03:26.507058,84.36905,84.64825,84.90322
2022-01-19 13:03:27.004851,84.42104,84.4935,84.90322
2022-01-19 13:03:27.509852,83.7502,84.02925,85.64968
2022-01-19 13:03:28.008842,84.57575,84.699,85.64968
2022-01-19 13:03:28.505015,83.54475,83.97725,85.37447
2022-01-19 13:03:29.006790,84.73046,85.1125,85.37447
2022-01-19 13:03:29.502355,84.11161,84.02925,85.88531
2022-01-19 13:03:30.010218,84.47302,84.699,85.88531
2022-01-19 13:03:30.508640,84.52377,84.4935,85.25666
2022-01-19 13:03:31.007023,84.11161,84.33875,85.25666
2022-01-19 13:03:31.502695,84.1636,84.3895,85.4527
2022-01-19 13:03:32.001258,83.90492,84.3895,85.4527
2022-01-19 13:03:32.505403,84.42104,84.803,84.74583
2022-01-19 13:03:33.006477,84.05963,84.23475,84.74583
2022-01-19 13:03:33.503686,84.57575,84.803,85.80614
2022-01-19 13:03:34.010864,84.1636,84.184,85.80614
2022-01-19 13:03:34.506232,84.05963,84.3895,85.17843
2022-01-19 13:03:35.007589,84.47302,84.751,85.17843
2022-01-19 13:03:35.504820,83.49276,83.92525,85.06062
2022-01-19 13:03:36.003431,84.57575,84.90575,85.06062
2022-01-19 13:03:36.508733,84.05963,84.33875,85.33489
2022-01-19 13:03:37.008370,84.67848,84.803,85.33489
2022-01-19 13:03:37.506408,84.42104,84.23475,86.12093
2022-01-19 13:03:38.004835,83.85417,84.132,86.12093
2022-01-19 13:03:38.509730,84.36905,84.59625,85.17843
2022-01-19 13:03:39.009226,84.00888,84.33875,85.17843
2022-01-19 13:03:39.505759,84.00888,84.3895,85.49229
2022-01-19 13:03:40.005485,84.11161,84.54425,85.49229
2022-01-19 13:03:40.501717,84.11161,84.28675,85.21708
2022-01-19 13:03:41.010478,84.62773,84.59625,85.21708
2022-01-19 13:03:41.508711,84.36905,84.4935,85.29625
2022-01-19 13:03:42.006345,84.00888,84.3895,85.29625
2022-01-19 13:03:42.501627,84.00888,84.23475,85.4527
2022-01-19 13:03:43.010253,84.52377,84.803,85.4527
2022-01-19 13:03:43.505852,83.80219,84.184,85.80614
2022-01-19 13:03:44.004503,84.31831,84.4935,85.80614
2022-01-19 13:03:44.503015,84.47302,84.4415,85.57051
2022-01-19 13:03:45.001680,83.9569,84.28675,85.57051
2022-01-19 13:03:45.507181,84.62773,84.803,85.53187
2022-01-19 13:03:46.008551,83.9569,84.132,85.53187
2022-01-19 13:03:46.503343,84.47302,84.751,85.29625
2022-01-19 13:03:47.001570,83.64747,84.132,85.29625
2022-01-19 13:03:47.506347,84.47302,84.751,85.84572
2022-01-19 13:03:48.007154,84.21434,83.97725,85.84572
2022-01-19 13:03:48.501652,84.11161,84.33875,85.64968
2022-01-19 13:03:49.010714,84.42104,84.85375,85.64968
2022-01-19 13:03:49.510640,83.90492,84.08,85.13885
2022-01-19 13:03:50.009190,84.57575,84.64825,85.13885
2022-01-19 13:03:50.507387,83.59549,83.92525,85.37447
2022-01-19 13:03:51.001177,84.78245,85.0605,85.37447
2022-01-19 13:03:51.510680,84.21434,84.08,85.92395
2022-01-19 13:03:52.001697,84.1636,84.3895,85.92395
2022-01-19 13:03:52.509011,84.47302,84.54425,85.4527
2022-01-19 13:03:53.006789,83.85417,84.132,85.4527
2022-01-19 13:03:53.502816,84.88517,85.0085,85.88531
2022-01-19 13:03:54.001135,83.49276,83.71975,85.88531
2022-01-19 13:03:54.507410,84.47302,84.751,85.57051
2022-01-19 13:03:55.006323,84.21434,84.23475,85.57051
2022-01-19 13:03:55.501668,84.52377,84.751,85.64968
2022-01-19 13:03:56.010363,83.80219,83.92525,85.64968
2022-01-19 13:03:56.505501,84.42104,84.751,86.27739
2022-01-19 13:03:57.004343,84.21434,84.28675,86.27739
2022-01-19 13:03:57.509755,84.11161,84.33875,85.17843
2022-01-19 13:03:58.010779,84.78245,85.0085,85.17843
2022-01-19 13:03:58.505212,83.69946,83.92525,85.88531
2022-01-19 13:03:59.003950,84.57575,84.64825,85.88531
2022-01-19 13:03:59.501294,84.26632,84.4935,85.33489
2022-01-19 13:04:00.001730,84.00888,84.4415,85.33489
2022-01-19 13:04:00.505012,84.47302,84.54425,84.90322
2022-01-19 13:04:01.003184,83.59549,83.97725,84.90322
2022-01-19 13:04:01.510875,84.62773,85.0085,85.29625
2022-01-19 13:04:02.009848,84.00888,84.23475,85.29625
2022-01-19 13:04:02.505057,84.52377,84.64825,85.25666
2022-01-19 13:04:03.005427,84.21434,84.132,85.25666
2022-01-19 13:04:03.502947,84.47302,84.751,85.33489
2022-01-19 13:04:04.010426,83.90492,84.08,85.33489
2022-01-19 13:04:04.505395,84.36905,84.4935,85.29625
2022-01-19 13:04:05.003414,84.1636,84.4415,85.29625
2022-01-19 13:04:05.508687,83.9569,84.4415,85.13885
2022-01-19 13:04:06.004722,84.57575,84.699,85.13885
2022-01-19 13:04:06.510362,84.26632,84.23475,85.21708
2022-01-19 13:04:07.009407,84.11161,84.4415,85.21708
2022-01-19 13:04:07.506107,84.47302,84.699,85.25666
2022-01-19 13:04:08.003180,83.90492,84.08,85.25666
2022-01-19 13:04:08.507847,84.26632,84.59625,85.53187
2022-01-19 13:04:09.005972,83.7502,84.23475,85.53187
2022-01-19 13:04:09.508616,84.52377,84.803,85.96354
2022-01-19 13:04:10.003634,84.05963,84.02925,85.96354
2022-01-19 13:04:10.506008,84.11161,84.23475,85.6101
2022-01-19 13:04:11.010360,84.52377,84.699,85.6101
2022-01-19 13:04:11.509565,84.11161,84.3895,85.09926
2022-01-19 13:04:12.005062,84.57575,84.95775,85.09926
2022-01-19 13:04:12.510841,83.23532,83.71975,85.57051
2022-01-19 13:04:13.009936,84.42104,84.699,85.57051
2022-01-19 13:04:13.505108,84.26632,84.28675,86.19916
2022-01-19 13:04:14.003203,84.36905,84.59625,86.19916
2022-01-19 13:04:14.508315,84.42104,84.54425,85.49229
2022-01-19 13:04:15.007767,83.64747,83.97725,85.49229
2022-01-19 13:04:15.504618,84.73046,85.1125,85.64968
2022-01-19 13:04:16.003134,83.54475,84.08,85.64968
2022-01-19 13:04:16.509779,84.62773,84.95775,85.41406
2022-01-19 13:04:17.007414,83.7502,83.61575,85.41406
2022-01-19 13:04:17.502478,84.47302,84.59625,86.08135
2022-01-19 13:04:18.002292,84.62773,84.699,86.08135
2022-01-19 13:04:18.507980,84.11161,84.184,85.80614
2022-01-19 13:04:19.006114,84.26632,84.3895,85.80614
2022-01-19 13:04:19.501299,83.7502,84.08,85.13885
2022-01-19 13:04:20.002905,84.78245,85.1125,85.13885
2022-01-19 13:04:20.508635,83.44078,83.71975,85.09926
2022-01-19 13:04:21.009026,84.67848,84.803,85.09926
2022-01-19 13:04:21.505867,84.11161,84.132,85.25666
2022-01-19 13:04:22.004086,84.47302,84.59625,85.25666
2022-01-19 13:04:22.509422,84.31831,84.64825,85.33489
2022-01-19 13:04:23.006796,83.90492,84.184,85.33489
2022-01-19 13:04:23.501828,84.21434,84.4415,85.6101
2022-01-19 13:04:24.010331,83.7502,84.184,85.6101
2022-01-19 13:04:24.507119,84.57575,84.751,85.17843
2022-01-19 13:04:25.006847,84.36905,84.3895,85.17843
2022-01-19 13:04:25.503856,84.21434,84.3895,85.21708
2022-01-19 13:04:26.003585,84.11161,84.33875,85.21708
2022-01-19 13:04:26.508971,84.11161,84.4415,85.72791
2022-01-19 13:04:27.006766,84.1636,84.54425,85.72791
2022-01-19 13:04:27.503855,84.11161,84.4415,85.53187
2022-01-19 13:04:28.002441,84.42104,84.4415,85.53187
2022-01-19 13:04:28.507417,83.9569,83.97725,84.98145
2022-01-19 13:04:29.006408,84.36905,84.59625,84.98145
2022-01-19 13:04:29.503364,83.90492,84.23475,85.21708
2022-01-19 13:04:30.001243,84.31831,84.59625,85.21708
2022-01-19 13:04:30.507441,84.1636,84.64825,85.25666
2022-01-19 13:04:31.005348,84.00888,84.4415,85.25666
2022-01-19 13:04:31.501671,84.36905,84.4415,86.12093
2022-01-19 13:04:32.009963,84.36905,84.4415,86.12093
2022-01-19 13:04:32.504486,84.47302,84.64825,85.96354
2022-01-19 13:04:33.001920,84.05963,84.184,85.96354
2022-01-19 13:04:33.507465,83.9569,84.28675,85.68833
2022-01-19 13:04:34.006054,84.52377,84.803,85.68833
2022-01-19 13:04:34.501444,83.7502,84.184,85.13885
2022-01-19 13:04:35.009246,84.31831,84.54425,85.13885
2022-01-19 13:04:35.503122,84.21434,84.28675,85.84572
2022-01-19 13:04:36.001817,84.26632,84.4935,85.84572
2022-01-19 13:04:36.509818,84.36905,84.699,85.21708
2022-01-19 13:04:37.007421,83.90492,83.8745,85.21708
2022-01-19 13:04:37.502103,84.52377,84.90575,85.64968
2022-01-19 13:04:38.002314,83.64747,83.92525,85.64968
2022-01-19 13:04:38.501334,84.78245,84.85375,85.80614
2022-01-19 13:04:39.008700,84.05963,84.132,85.80614
2022-01-19 13:04:39.504712,84.26632,84.3895,84.78541
2022-01-19 13:04:40.001496,84.52377,84.64825,84.78541
2022-01-19 13:04:40.507276,83.80219,84.184,86.12093
2022-01-19 13:04:41.006821,84.67848,84.803,86.12093
2022-01-19 13:04:41.502548,83.85417,84.02925,85.96354
2022-01-19 13:04:42.001844,84.52377,84.90575,85.96354
2022-01-19 13:04:42.506094,83.85417,84.08,85.7675
2022-01-19 13:04:43.004153,84.57575,84.699,85.7675
2022-01-19 13:04:43.509861,84.05963,84.184,85.80614
2022-01-19 13:04:44.007469,84.1636,84.3895,85.80614
2022-01-19 13:04:44.502864,84.05963,84.4935,85.17843
2022-01-19 13:04:45.001291,83.90492,84.23475,85.17843
2022-01-19 13:04:45.505552,84.52377,84.803,85.57051
2022-01-19 13:04:46.003382,83.85417,84.08,85.57051
2022-01-19 13:04:46.508776,84.47302,84.85375,85.21708
2022-01-19 13:04:47.006649,84.36905,84.4935,85.21708
2022-01-19 13:04:47.505466,84.42104,84.4935,85.37447
2022-01-19 13:04:48.004139,84.21434,84.33875,85.37447
2022-01-19 13:04:48.507540,83.9569,84.33875,85.17843
2022-01-19 13:04:49.007946,84.57575,84.699,85.17843
2022-01-19 13:04:49.504720,83.64747,84.02925,86.00312
2022-01-19 13:04:50.002467,84.42104,84.64825,86.00312
2022-01-19 13:04:50.507343,84.26632,84.33875,85.72791
2022-01-19 13:04:51.005327,84.52377,84.699,85.72791
2022-01-19 13:04:51.510813,83.90492,84.08,85.49229
2022-01-19 13:04:52.010217,84.31831,84.59625,85.49229
2022-01-19 13:04:52.503787,84.21434,84.54425,85.84572
2022-01-19 13:04:53.003163,84.11161,84.59625,85.84572
2022-01-19 13:04:53.510234,84.05963,84.184,85.80614
2022-01-19 13:04:54.007460,84.42104,84.4415,85.80614
2022-01-19 13:04:54.503363,84.26632,84.4415,85.25666
2022-01-19 13:04:55.004780,84.62773,84.803,85.25666
2022-01-19 13:04:55.509278,84.00888,84.33875,86.5526
2022-01-19 13:04:56.009824,84.21434,84.54425,86.5526
2022-01-19 13:04:56.505621,83.85417,84.33875,84.6676
2022-01-19 13:04:57.003426,84.36905,84.699,84.6676
2022-01-19 13:04:57.509973,84.11161,84.28675,85.92395
2022-01-19 13:04:58.008471,84.26632,84.184,85.92395
2022-01-19 13:04:58.504716,84.67848,84.751,85.02104
2022-01-19 13:04:59.002707,83.9569,84.02925,85.02104
2022-01-19 13:04:59.507344,84.57575,84.90575,85.53187
2022-01-19 13:05:00.006564,83.64747,84.08,85.53187
2022-01-19 13:05:00.504514,84.31831,84.4935,85.57051
2022-01-19 13:05:01.004493,84.05963,84.33875,85.57051
2022-01-19 13:05:01.509748,84.31831,84.33875,85.33489
2022-01-19 13:05:02.007233,84.93716,85.0605,85.33489
2022-01-19 13:05:02.502460,83.39003,83.565,85.84572
2022-01-19 13:05:03.010126,84.57575,84.90575,85.84572
2022-01-19 13:05:03.505138,83.9569,84.28675,85.72791
2022-01-19 13:05:04.002717,84.26632,84.54425,85.72791
2022-01-19 13:05:04.510225,83.85417,84.184,85.84572
2022-01-19 13:05:05.007486,84.1636,84.28675,85.84572
2022-01-19 13:05:05.502823,84.62773,84.54425,85.25666
2022-01-19 13:05:06.001141,84.11161,84.28675,85.25666
2022-01-19 13:05:06.508010,84.31831,84.751,85.13885
2022-01-19 13:05:07.006619,83.7502,83.8745,85.13885
2022-01-19 13:05:07.502631,84.83319,85.0605,85.53187
2022-01-19 13:05:08.010744,83.80219,84.132,85.53187
2022-01-19 13:05:08.506102,84.36905,84.33875,85.88531
2022-01-19 13:05:09.005297,84.31831,84.4935,85.88531
2022-01-19 13:05:09.501782,84.21434,84.28675,85.64968
2022-01-19 13:05:10.002712,84.31831,84.59625,85.64968
2022-01-19 13:05:10.507259,83.85417,84.23475,85.57051
2022-01-19 13:05:11.003460,84.62773,84.95775,85.57051
2022-01-19 13:05:11.510160,83.85417,84.28675,85.80614
2022-01-19 13:05:12.007566,84.31831,84.54425,85.80614
2022-01-19 13:05:12.502512,84.1636,84.23475,85.72791
2022-01-19 13:05:13.010002,84.52377,84.64825,85.72791
2022-01-19 13:05:13.509077,84.21434,84.64825,85.72791
2022-01-19 13:05:14.008990,83.90492,84.08,85.72791
2022-01-19 13:05:14.503236,84.47302,84.54425,85.37447
2022-01-19 13:05:15.001836,83.7502,84.08,85.37447
2022-01-19 13:05:15.501097,84.78245,84.95775,84.825
2022-01-19 13:05:16.009334,84.05963,84.08,84.825
2022-01-19 13:05:16.502719,84.36905,84.28675,86.04176
2022-01-19 13:05:17.010778,84.26632,84.64825,86.04176
2022-01-19 13:05:17.507630,84.11161,84.4415,85.33489
2022-01-19 13:05:18.010803,84.11161,84.3895,85.33489
2022-01-19 13:05:18.505522,83.90492,84.23475,85.68833
2022-01-19 13:05:19.003476,84.36905,84.54425,85.68833
2022-01-19 13:05:19.509930,84.36905,84.64825,85.02104
2022-01-19 13:05:20.009352,84.26632,84.3895,85.02104
2022-01-19 13:05:20.503405,84.36905,84.59625,85.84572
2022-01-19 13:05:21.010916,84.05963,84.28675,85.84572
2022-01-19 13:05:21.507348,84.42104,84.751,86.15958
2022-01-19 13:05:22.006336,84.05963,84.23475,86.15958
2022-01-19 13:05:22.502478,84.42104,84.64825,86.00312
2022-01-19 13:05:23.001067,84.05963,84.33875,86.00312
2022-01-19 13:05:23.506332,84.26632,84.28675,85.41406
2022-01-19 13:05:24.005236,84.52377,84.803,85.41406
2022-01-19 13:05:24.510303,83.85417,84.08,85.64968
2022-01-19 13:05:25.000979,84.47302,84.64825,85.64968
2022-01-19 13:05:25.509170,83.90492,83.97725,85.96354
2022-01-19 13:05:26.007600,84.62773,84.90575,85.96354
2022-01-19 13:05:26.504141,83.85417,84.3895,86.31697
2022-01-19 13:05:27.002024,84.11161,84.184,86.31697
2022-01-19 13:05:27.506767,84.42104,84.4415,85.13885
2022-01-19 13:05:28.005316,84.42104,84.59625,85.13885
2022-01-19 13:05:28.511278,84.47302,84.64825,85.72791
2022-01-19 13:05:29.005351,83.64747,83.92525,85.72791
2022-01-19 13:05:30.005076,83.49276,84.02925,85.13885
2022-01-19 13:05:30.509713,84.42104,84.59625,85.4527
2022-01-19 13:05:31.008477,84.42104,84.4935,85.4527
2022-01-19 13:05:31.506203,84.00888,84.23475,85.6101
2022-01-19 13:05:32.006125,84.67848,84.95775,85.6101
2022-01-19 13:05:32.510977,84.05963,84.23475,85.80614
2022-01-19 13:05:33.008519,84.67848,84.85375,85.80614
2022-01-19 13:05:33.503710,83.59549,84.23475,85.13885
2022-01-19 13:05:34.001668,84.73046,84.85375,85.13885
2022-01-19 13:05:34.507271,83.90492,83.92525,85.57051
2022-01-19 13:05:35.005052,84.47302,84.54425,85.57051
2022-01-19 13:05:35.510820,84.42104,84.54425,85.57051
2022-01-19 13:05:36.001239,84.26632,84.64825,85.57051
2022-01-19 13:05:36.506390,84.31831,84.3895,85.37447
2022-01-19 13:05:37.004745,83.80219,84.23475,85.37447
2022-01-19 13:05:37.501719,84.42104,84.64825,85.17843
2022-01-19 13:05:38.010856,83.80219,84.08,85.17843
2022-01-19 13:05:38.504975,84.62773,84.803,85.88531
2022-01-19 13:05:39.002524,84.00888,84.28675,85.88531
2022-01-19 13:05:39.508758,84.1636,84.4415,86.31697
2022-01-19 13:05:40.010108,84.21434,84.4935,86.31697
2022-01-19 13:05:40.506253,83.9569,84.3895,85.4527
2022-01-19 13:05:41.004350,84.31831,84.4935,85.4527
2022-01-19 13:05:41.510859,83.9569,84.28675,85.96354
2022-01-19 13:05:42.008435,84.52377,84.4935,85.96354
2022-01-19 13:05:42.507515,84.31831,84.59625,85.17843
2022-01-19 13:05:43.006540,84.11161,84.28675,85.17843
2022-01-19 13:05:43.501465,84.26632,84.3895,85.09926
2022-01-19 13:05:44.010217,84.05963,84.3895,85.09926
2022-01-19 13:05:44.506202,84.26632,84.54425,86.12093
2022-01-19 13:05:45.005205,83.85417,84.184,86.12093
2022-01-19 13:05:45.510296,84.36905,84.184,85.17843
2022-01-19 13:05:46.008096,84.1636,84.4415,85.17843
2022-01-19 13:05:46.502745,84.52377,84.751,85.53187
2022-01-19 13:05:47.001361,84.11161,84.3895,85.53187
2022-01-19 13:05:47.506245,84.31831,84.4935,85.21708
2022-01-19 13:05:48.006909,83.85417,84.132,85.21708
2022-01-19 13:05:48.503073,84.62773,85.1125,85.37447
2022-01-19 13:05:49.002485,84.11161,84.132,85.37447
2022-01-19 13:05:49.508034,84.73046,84.803,85.4527
2022-01-19 13:05:50.003726,83.85417,84.132,85.4527
2022-01-19 13:05:50.510191,84.26632,84.59625,85.80614
2022-01-19 13:05:51.006967,83.9569,84.132,85.80614
2022-01-19 13:05:51.504656,84.31831,84.4935,85.09926
2022-01-19 13:05:52.003678,83.69946,84.132,85.09926
2022-01-19 13:05:52.508340,84.93716,84.95775,85.21708
2022-01-19 13:05:53.008506,84.00888,84.184,85.21708
2022-01-19 13:05:53.503667,84.31831,84.4415,85.57051
2022-01-19 13:05:54.003741,84.36905,84.64825,85.57051
2022-01-19 13:05:54.509522,83.85417,84.02925,85.37447
2022-01-19 13:05:55.006611,84.42104,84.699,85.37447
2022-01-19 13:05:55.505063,83.64747,84.184,85.06062
2022-01-19 13:05:56.003930,84.36905,84.33875,85.06062
2022-01-19 13:05:56.503738,84.52377,84.699,85.6101
2022-01-19 13:05:57.003536,84.1636,84.23475,85.6101
2022-01-19 13:05:57.503829,84.67848,84.95775,85.64968
2022-01-19 13:05:58.006930,83.59549,83.8745,85.64968
2022-01-19 13:05:58.501371,84.62773,84.85375,85.64968
2022-01-19 13:05:59.010285,84.05963,84.4935,85.64968
2022-01-19 13:05:59.507138,84.05963,84.184,86.04176
2022-01-19 13:06:00.005838,84.11161,84.28675,86.04176
2022-01-19 13:06:00.509533,84.47302,84.64825,85.21708
2022-01-19 13:06:01.007571,84.21434,84.4415,85.21708
2022-01-19 13:06:01.502335,84.21434,84.3895,85.92395
2022-01-19 13:06:02.010715,84.36905,84.64825,85.92395
2022-01-19 13:06:02.506836,83.90492,84.184,85.96354
2022-01-19 13:06:03.006546,84.31831,84.54425,85.96354
2022-01-19 13:06:03.503240,83.9569,84.28675,85.25666
2022-01-19 13:06:04.003227,84.31831,84.4935,85.25666
2022-01-19 13:06:04.508459,84.21434,84.4935,85.96354
2022-01-19 13:06:05.006278,84.42104,84.699,85.96354
2022-01-19 13:06:05.510695,84.1636,84.184,85.68833
2022-01-19 13:06:06.009526,84.47302,84.803,85.68833
2022-01-19 13:06:06.505930,83.9569,84.08,86.00312
2022-01-19 13:06:07.004404,83.59549,84.02925,86.00312
2022-01-19 13:06:07.501352,84.21434,84.28675,106.69854
2022-01-19 13:06:08.010243,84.1636,84.33875,106.69854
2022-01-19 13:06:08.506271,84.42104,84.54425,238.64854
2022-01-19 13:06:09.004371,84.05963,84.184,238.64854
2022-01-19 13:06:09.509189,83.90492,84.08,208.99937
2022-01-19 13:06:10.006999,84.31831,84.23475,208.99937
2022-01-19 13:06:10.501497,83.90492,84.33875,135.83781
2022-01-19 13:06:11.005646,84.00888,84.08,135.83781
2022-01-19 13:06:11.509832,84.31831,84.4935,90.12656
2022-01-19 13:06:12.007438,84.11161,84.28675,90.12656
2022-01-19 13:06:12.501666,84.31831,84.4935,92.87489
2022-01-19 13:06:13.010587,84.47302,84.751,92.87489
2022-01-19 13:06:13.506393,83.49276,83.513,87.73072
2022-01-19 13:06:14.005120,84.88517,85.21525,87.73072
2022-01-19 13:06:14.510571,84.1636,84.23475,87.77031
2022-01-19 13:06:15.008692,84.62773,84.95775,87.77031
2022-01-19 13:06:15.502370,83.85417,84.132,87.29906
2022-01-19 13:06:16.001848,84.67848,84.751,87.29906
2022-01-19 13:06:16.506886,84.1636,84.33875,86.51301
2022-01-19 13:06:17.005869,84.52377,84.751,86.51301
2022-01-19 13:06:17.501642,83.64747,84.23475,86.3952
2022-01-19 13:06:18.002398,84.00888,84.02925,86.3952
2022-01-19 13:06:18.507575,84.42104,84.803,85.33489
2022-01-19 13:06:19.004666,84.42104,84.3895,85.33489
2022-01-19 13:06:19.509210,84.83319,84.95775,85.57051
2022-01-19 13:06:20.007171,83.39003,83.61575,85.57051
2022-01-19 13:06:20.502331,84.36905,84.3895,85.29625
2022-01-19 13:06:21.010706,83.90492,84.33875,85.29625
2022-01-19 13:06:21.505785,84.42104,84.59625,85.4527
2022-01-19 13:06:22.005055,84.1636,84.54425,85.4527
2022-01-19 13:06:22.510932,84.11161,84.28675,85.09926
2022-01-19 13:06:23.010401,84.57575,84.64825,85.09926
2022-01-19 13:06:23.506679,84.1636,84.33875,85.33489
2022-01-19 13:06:24.004226,84.26632,84.4935,85.33489
2022-01-19 13:06:24.509136,83.59549,83.92525,85.72791
2022-01-19 13:06:25.006710,84.47302,84.59625,85.72791
2022-01-19 13:06:25.502775,83.69946,84.132,85.72791
2022-01-19 13:06:26.004222,84.31831,84.3895,85.72791
2022-01-19 13:06:26.501802,84.57575,84.59625,85.6101
2022-01-19 13:06:27.009262,83.9569,84.02925,85.6101
2022-01-19 13:06:27.504739,84.52377,84.59625,85.17843
2022-01-19 13:06:28.002276,84.1636,84.59625,85.17843
2022-01-19 13:06:28.508671,84.42104,84.4415,85.57051
2022-01-19 13:06:29.006713,83.7502,84.33875,85.57051
2022-01-19 13:06:29.501054,84.42104,84.33875,85.53187
2022-01-19 13:06:30.009972,84.31831,84.3895,85.53187
2022-01-19 13:06:30.505096,84.47302,84.59625,85.02104
2022-01-19 13:06:31.004544,83.9569,84.23475,85.02104
2022-01-19 13:06:31.508570,83.9569,84.33875,85.72791
2022-01-19 13:06:32.007256,84.31831,84.4935,85.72791
2022-01-19 13:06:32.504391,83.90492,84.4415,85.25666
2022-01-19 13:06:33.001214,84.1636,84.23475,85.25666
2022-01-19 13:06:33.506090,84.67848,84.85375,85.57051
2022-01-19 13:06:34.004678,83.9569,83.92525,85.57051
2022-01-19 13:06:34.510476,84.52377,84.64825,86.71
2022-01-19 13:06:35.008482,84.05963,84.4415,86.71
2022-01-19 13:06:35.505177,84.21434,84.3895,86.27739
2022-01-19 13:06:36.005167,83.9569,84.54425,86.27739
2022-01-19 13:06:36.511016,83.80219,83.8225,84.825
2022-01-19 13:06:37.003410,84.83319,85.21525,84.825
2022-01-19 13:06:37.509769,83.9569,84.184,85.57051
2022-01-19 13:06:38.006721,84.26632,84.4415,85.57051
2022-01-19 13:06:38.505752,84.21434,84.4415,85.41406
2022-01-19 13:06:39.003557,84.21434,84.33875,85.41406
2022-01-19 13:06:39.508703,84.1636,84.59625,85.49229
2022-01-19 13:06:40.007273,84.00888,84.33875,85.49229
2022-01-19 13:06:40.505978,84.36905,84.4415,85.29625
2022-01-19 13:06:41.007200,84.26632,84.28675,85.29625
2022-01-19 13:06:41.502803,84.31831,84.59625,85.25666
2022-01-19 13:06:42.001523,83.9569,84.184,85.25666
2022-01-19 13:06:42.506852,84.42104,84.751,85.33489
2022-01-19 13:06:43.010217,83.90492,84.132,85.33489
2022-01-19 13:06:43.505448,84.42104,84.59625,85.80614
2022-01-19 13:06:44.004159,84.26632,84.85375,85.80614
2022-01-19 13:06:44.501638,83.9569,84.184,85.06062
2022-01-19 13:06:45.009864,84.52377,84.4935,85.06062
2022-01-19 13:06:45.506913,83.80219,84.132,85.64968
2022-01-19 13:06:46.005520,84.47302,84.59625,85.64968
2022-01-19 13:06:47.004841,84.52377,84.64825,85.88531
2022-01-19 13:06:47.501133,83.90492,83.92525,86.00312
2022-01-19 13:06:48.005814,84.83319,84.95775,86.00312
2022-01-19 13:06:48.501192,84.11161,84.184,85.68833
2022-01-19 13:06:49.009238,84.1636,84.3895,85.68833
2022-01-19 13:06:49.504193,84.47302,84.699,84.825
2022-01-19 13:06:50.002381,83.85417,84.184,84.825
2022-01-19 13:06:50.508287,84.88517,84.90575,86.5526
2022-01-19 13:06:51.005868,83.59549,84.184,86.5526
2022-01-19 13:06:51.510550,84.21434,84.4935,86.19916
2022-01-19 13:06:52.008404,84.42104,84.4935,86.19916
2022-01-19 13:06:52.504677,84.36905,84.4935,85.6101
2022-01-19 13:06:53.003010,84.1636,84.28675,85.6101
2022-01-19 13:06:53.510769,83.85417,84.23475,86.27739
2022-01-19 13:06:54.009206,84.47302,84.4415,86.27739
2022-01-19 13:06:54.503188,83.90492,84.54425,85.72791
2022-01-19 13:06:55.001415,84.42104,84.4935,85.72791
2022-01-19 13:06:55.507237,84.11161,84.23475,85.72791
2022-01-19 13:06:56.007460,84.36905,84.4415,85.72791
2022-01-19 13:06:56.503938,84.21434,84.33875,85.06062
2022-01-19 13:06:57.002243,83.7502,84.08,85.06062
2022-01-19 13:06:57.508365,84.47302,84.59625,85.33489
2022-01-19 13:06:58.007210,84.00888,84.59625,85.33489
2022-01-19 13:06:58.502486,84.11161,84.33875,84.86364
2022-01-19 13:06:59.010902,84.47302,84.64825,84.86364
2022-01-19 13:06:59.506362,84.21434,84.28675,85.53187
2022-01-19 13:07:00.003793,84.26632,84.33875,85.53187
2022-01-19 13:07:00.507856,84.42104,84.90575,85.72791
2022-01-19 13:07:01.005229,83.59549,83.61575,85.72791
2022-01-19 13:07:01.511204,84.31831,84.85375,84.86364
2022-01-19 13:07:02.009526,83.90492,84.132,84.86364
2022-01-19 13:07:02.506931,84.1636,84.64825,85.80614
2022-01-19 13:07:03.006626,84.42104,84.184,85.80614
2022-01-19 13:07:03.502713,84.47302,84.4935,85.49229
2022-01-19 13:07:04.001307,83.9569,84.33875,85.49229
2022-01-19 13:07:04.509757,84.47302,84.4415,85.09926
2022-01-19 13:07:05.007977,83.85417,84.28675,85.09926
2022-01-19 13:07:05.503092,84.36905,84.54425,85.29625
2022-01-19 13:07:06.002385,83.85417,84.3895,85.29625
2022-01-19 13:07:06.508035,84.11161,84.184,85.21708
2022-01-19 13:07:07.005475,84.73046,84.699,85.21708
2022-01-19 13:07:07.510745,84.11161,84.33875,85.64968
2022-01-19 13:07:08.008847,84.11161,84.28675,85.64968
2022-01-19 13:07:08.503214,84.1636,84.59625,85.84572
2022-01-19 13:07:09.002911,84.1636,84.28675,85.84572
2022-01-19 13:07:09.506930,83.85417,84.54425,85.84572
2022-01-19 13:07:10.003294,84.47302,84.54425,85.84572
2022-01-19 13:07:10.507198,84.26632,84.28675,85.06062
2022-01-19 13:07:11.002266,84.31831,84.4935,85.06062
2022-01-19 13:07:11.508655,84.42104,84.59625,86.00312
2022-01-19 13:07:12.007656,83.80219,84.132,86.00312
2022-01-19 13:07:12.502299,84.83319,85.0085,85.21708
2022-01-19 13:07:13.010592,83.44078,84.132,85.21708
2022-01-19 13:07:13.505238,84.31831,84.184,85.49229
2022-01-19 13:07:14.003789,84.57575,84.3895,85.49229
2022-01-19 13:07:14.510997,84.36905,84.4935,85.68833
2022-01-19 13:07:15.009839,84.26632,84.33875,85.68833
2022-01-19 13:07:15.501028,83.69946,84.08,85.7675
2022-01-19 13:07:16.009710,84.52377,84.64825,85.7675
2022-01-19 13:07:16.503093,83.69946,84.3895,85.33489
2022-01-19 13:07:17.010785,84.42104,84.699,85.33489
2022-01-19 13:07:17.504528,83.90492,83.97725,85.37447
2022-01-19 13:07:18.002251,84.36905,84.4415,85.37447
2022-01-19 13:07:18.507821,84.21434,84.4415,85.02104
2022-01-19 13:07:19.006095,84.47302,84.803,85.02104
2022-01-19 13:07:19.502440,84.1636,84.28675,85.7675
2022-01-19 13:07:20.004952,83.90492,84.4935,85.7675
2022-01-19 13:07:20.501559,84.1636,84.33875,84.98145
2022-01-19 13:07:21.010679,84.42104,84.54425,84.98145
2022-01-19 13:07:21.505742,84.21434,84.184,85.72791
2022-01-19 13:07:22.001784,84.47302,84.59625,85.72791
2022-01-19 13:07:22.507849,84.00888,84.28675,85.84572
2022-01-19 13:07:23.007273,84.05963,84.184,85.84572
2022-01-19 13:07:23.501830,84.67848,85.21525,85.29625
2022-01-19 13:07:24.010411,84.05963,84.08,85.29625
2022-01-19 13:07:24.505846,84.05963,84.3895,85.64968
2022-01-19 13:07:25.004731,84.67848,84.751,85.64968
2022-01-19 13:07:25.509996,84.1636,84.23475,85.41406
2022-01-19 13:07:26.007308,84.47302,84.751,85.41406
2022-01-19 13:07:26.502550,83.9569,84.23475,85.64968
2022-01-19 13:07:27.009721,84.21434,84.59625,85.64968
2022-01-19 13:07:27.505027,84.52377,84.64825,85.88531
2022-01-19 13:07:28.003536,84.11161,84.59625,85.88531
2022-01-19 13:07:28.509865,84.1636,84.23475,85.4527
2022-01-19 13:07:29.007391,84.36905,84.4935,85.4527
2022-01-19 13:07:29.504533,84.21434,84.4415,85.06062
2022-01-19 13:07:30.003253,84.42104,84.54425,85.06062
2022-01-19 13:07:30.509511,84.05963,84.4935,85.7675
2022-01-19 13:07:31.008399,83.9569,84.132,85.7675
2022-01-19 13:07:31.503066,84.47302,84.90575,85.4527
2022-01-19 13:07:32.001867,83.9569,83.8745,85.4527
2022-01-19 13:07:32.508742,84.57575,84.85375,85.29625
2022-01-19 13:07:33.008634,83.85417,84.184,85.29625
2022-01-19 13:07:33.507202,84.26632,84.184,86.04176
2022-01-19 13:07:34.006755,83.90492,84.28675,86.04176
2022-01-19 13:07:35.004529,83.85417,84.4415,86.27739
2022-01-19 13:07:35.503420,84.21434,84.28675,85.09926
2022-01-19 13:07:36.002833,84.26632,84.23475,85.09926
2022-01-19 13:07:36.507196,84.36905,84.54425,85.21708
2022-01-19 13:07:37.004511,84.52377,84.699,85.21708
2022-01-19 13:07:37.510108,83.80219,84.23475,85.68833
2022-01-19 13:07:38.008794,83.90492,84.02925,85.68833
2022-01-19 13:07:38.506290,84.00888,84.64825,85.17843
2022-01-19 13:07:39.004951,84.52377,84.699,85.17843
2022-01-19 13:07:39.510323,84.36905,84.64825,85.64968
2022-01-19 13:07:40.007686,84.00888,84.08,85.64968
2022-01-19 13:07:40.502928,84.52377,84.28675,85.33489
2022-01-19 13:07:41.001048,84.31831,84.59625,85.33489
2022-01-19 13:07:41.508874,84.31831,84.54425,85.72791
2022-01-19 13:07:42.007606,83.54475,84.08,85.72791
2022-01-19 13:07:42.503205,84.31831,84.33875,85.84572
2022-01-19 13:07:43.002573,83.90492,84.28675,85.84572
2022-01-19 13:07:43.509051,84.88517,85.0605,84.94281
2022-01-19 13:07:44.008329,84.21434,84.132,84.94281
2022-01-19 13:07:44.503410,83.90492,84.28675,85.64968
2022-01-19 13:07:45.003760,84.31831,84.23475,85.64968
2022-01-19 13:07:45.509999,84.47302,85.0085,85.72791
2022-01-19 13:07:46.001987,83.85417,84.08,85.72791
2022-01-19 13:07:46.508031,84.1636,84.54425,85.57051
2022-01-19 13:07:47.006946,83.9569,83.97725,85.57051
2022-01-19 13:07:47.503583,84.47302,84.33875,85.88531
2022-01-19 13:07:48.003864,84.67848,85.0085,85.88531
2022-01-19 13:07:48.510263,83.80219,83.92525,86.63083
2022-01-19 13:07:49.007974,84.31831,84.699,86.63083
2022-01-19 13:07:49.502787,84.1636,84.33875,86.35656
2022-01-19 13:07:50.001074,84.05963,84.54425,86.35656
2022-01-19 13:07:50.506477,84.1636,84.184,85.53187
2022-01-19 13:07:51.004319,84.47302,84.3895,85.53187
2022-01-19 13:07:51.501297,84.11161,84.3895,84.58937
2022-01-19 13:07:52.010806,84.62773,84.64825,84.58937
2022-01-19 13:07:52.506604,83.69946,84.23475,85.6101
2022-01-19 13:07:53.003385,84.42104,84.4935,85.6101
2022-01-19 13:07:53.508375,83.90492,84.64825,85.13885
2022-01-19 13:07:54.006775,83.80219,83.97725,85.13885
2022-01-19 13:07:54.502612,84.78245,84.85375,85.06062
2022-01-19 13:07:55.010790,84.11161,84.33875,85.06062
2022-01-19 13:07:55.507135,84.31831,84.4935,85.68833
2022-01-19 13:07:56.007147,84.1636,84.59625,85.68833
2022-01-19 13:07:56.502288,84.21434,84.23475,85.53187
2022-01-19 13:07:57.002059,84.1636,84.699,85.53187
2022-01-19 13:07:57.507920,84.31831,84.4415,84.86364
2022-01-19 13:07:58.005095,84.36905,84.3895,84.86364
2022-01-19 13:07:58.509057,83.7502,83.92525,86.00312
2022-01-19 13:07:59.006345,84.83319,84.95775,86.00312
2022-01-19 13:07:59.510755,83.64747,84.184,85.17843
2022-01-19 13:08:00.009088,84.93716,85.1125,85.17843
2022-01-19 13:08:00.507106,83.54475,84.02925,85.96354
2022-01-19 13:08:01.005131,84.36905,84.3895,85.96354
2022-01-19 13:08:01.501465,84.31831,84.4415,85.33489
2022-01-19 13:08:02.010234,84.11161,84.33875,85.33489
2022-01-19 13:08:02.506412,84.21434,84.23475,85.80614
2022-01-19 13:08:03.004823,84.11161,84.4935,85.80614
2022-01-19 13:08:03.502649,84.47302,84.751,85.13885
2022-01-19 13:08:04.011127,83.9569,84.54425,85.13885
2022-01-19 13:08:04.508180,84.36905,84.54425,85.57051
2022-01-19 13:08:05.009190,83.7502,84.08,85.57051
2022-01-19 13:08:05.502857,84.9879,85.0085,84.98145
2022-01-19 13:08:06.002699,84.05963,84.184,84.98145
2022-01-19 13:08:06.507999,83.7502,84.132,85.53187
2022-01-19 13:08:07.007306,84.52377,84.699,85.53187
2022-01-19 13:08:07.502269,83.7502,84.132,85.49229
2022-01-19 13:08:08.010414,84.9879,85.0605,85.49229
2022-01-19 13:08:08.505777,83.80219,84.23475,85.57051
2022-01-19 13:08:09.002738,84.21434,84.54425,85.57051
2022-01-19 13:08:09.509297,84.42104,84.3895,85.29625
2022-01-19 13:08:10.008045,84.36905,84.803,85.29625
2022-01-19 13:08:10.503389,84.05963,84.02925,85.37447
2022-01-19 13:08:11.008131,84.21434,84.59625,85.37447
2022-01-19 13:08:11.503166,84.47302,84.4415,85.57051
2022-01-19 13:08:12.001231,83.69946,84.02925,85.57051
2022-01-19 13:08:12.505874,84.73046,84.803,85.68833
2022-01-19 13:08:13.002684,84.11161,84.184,85.68833
2022-01-19 13:08:13.508178,84.52377,84.59625,85.33489
2022-01-19 13:08:14.008140,84.21434,84.4415,85.33489
2022-01-19 13:08:14.504526,84.31831,84.751,85.25666
2022-01-19 13:08:15.010817,84.1636,84.28675,85.25666
2022-01-19 13:08:15.504701,84.11161,84.4935,85.72791
2022-01-19 13:08:16.001607,84.1636,84.3895,85.72791
2022-01-19 13:08:16.507396,84.83319,84.699,85.72791
2022-01-19 13:08:17.005073,83.9569,84.132,85.72791
2022-01-19 13:08:17.509848,84.36905,84.3895,85.96354
2022-01-19 13:08:18.007423,84.11161,84.54425,85.96354
2022-01-19 13:08:18.504568,84.26632,84.3895,85.4527
2022-01-19 13:08:19.002917,83.85417,84.3895,85.4527
2022-01-19 13:08:19.509630,84.26632,84.3895,84.90322
2022-01-19 13:08:20.007905,84.36905,84.4415,84.90322
2022-01-19 13:08:20.503700,84.67848,84.85375,85.29625
2022-01-19 13:08:21.002886,84.26632,84.132,85.29625
2022-01-19 13:08:21.509925,84.1636,84.4935,85.7675
2022-01-19 13:08:22.007637,84.26632,84.4415,85.7675
2022-01-19 13:08:22.506214,84.1636,84.4415,85.17843
2022-01-19 13:08:23.005137,84.31831,84.4935,85.17843
2022-01-19 13:08:23.510533,84.00888,84.3895,85.37447
2022-01-19 13:08:24.009345,84.00888,84.184,85.37447
2022-01-19 13:08:24.504750,84.78245,84.803,85.21708
2022-01-19 13:08:25.002902,83.9569,84.4935,85.21708
2022-01-19 13:08:25.508648,84.52377,84.54425,85.02104
2022-01-19 13:08:26.006879,83.85417,84.23475,85.02104
2022-01-19 13:08:26.501881,84.31831,84.54425,85.96354
2022-01-19 13:08:27.010362,83.90492,84.132,85.96354
2022-01-19 13:08:27.504632,84.57575,84.699,85.25666
2022-01-19 13:08:28.004675,84.11161,83.97725,85.25666
2022-01-19 13:08:28.508991,84.31831,84.803,85.06062
2022-01-19 13:08:29.008248,84.1636,84.28675,85.06062
2022-01-19 13:08:29.501905,84.1636,84.4935,85.37447
2022-01-19 13:08:30.010072,84.83319,84.90575,85.37447
2022-01-19 13:08:30.504758,83.23532,83.66775,86.59218
2022-01-19 13:08:31.001662,84.67848,84.85375,86.59218
2022-01-19 13:08:31.507169,84.11161,83.92525,85.49229
2022-01-19 13:08:32.003585,84.31831,84.751,85.49229
2022-01-19 13:08:32.510824,84.1636,84.33875,85.06062
2022-01-19 13:08:33.007835,84.00888,84.4935,85.06062
2022-01-19 13:08:33.502703,84.36905,84.33875,85.7675
2022-01-19 13:08:34.001880,83.90492,84.3895,85.7675
2022-01-19 13:08:34.506512,84.73046,84.90575,86.00312
2022-01-19 13:08:35.005051,84.00888,83.97725,86.00312
2022-01-19 13:08:35.502425,84.42104,84.751,85.25666
2022-01-19 13:08:36.001371,84.1636,84.3895,85.25666
2022-01-19 13:08:36.507577,84.36905,84.751,85.68833
2022-01-19 13:08:37.006683,84.47302,84.54425,85.68833
2022-01-19 13:08:37.505073,83.54475,84.184,85.68833
2022-01-19 13:08:38.003057,84.57575,84.59625,85.68833
2022-01-19 13:08:38.509204,84.31831,84.28675,85.25666
2022-01-19 13:08:39.006847,84.57575,84.95775,85.25666
2022-01-19 13:08:39.501374,84.1636,84.33875,85.4527
2022-01-19 13:08:40.010451,84.00888,84.4415,85.4527
2022-01-19 13:08:40.505363,84.26632,84.28675,85.29625
2022-01-19 13:08:41.003457,84.57575,85.1125,85.29625
2022-01-19 13:08:41.509894,83.64747,83.8745,85.53187
2022-01-19 13:08:42.007561,84.52377,84.3895,85.53187
2022-01-19 13:08:42.504989,84.31831,84.4935,85.09926
2022-01-19 13:08:43.002762,84.26632,84.4415,85.09926
2022-01-19 13:08:43.509493,84.42104,84.90575,85.7675
2022-01-19 13:08:44.007800,83.9569,84.02925,85.7675
2022-01-19 13:08:44.503971,84.1636,84.4935,85.29625
2022-01-19 13:08:45.001972,84.26632,84.54425,85.29625
2022-01-19 13:08:45.506411,84.21434,84.33875,85.80614
2022-01-19 13:08:46.004342,84.11161,84.23475,85.80614
2022-01-19 13:08:46.509192,84.31831,84.33875,85.21708
2022-01-19 13:08:47.007333,84.00888,84.4415,85.21708
2022-01-19 13:08:47.501163,84.47302,84.4935,85.33489
2022-01-19 13:08:48.009058,83.9569,84.33875,85.33489
2022-01-19 13:08:48.504309,84.11161,84.28675,85.88531
2022-01-19 13:08:49.003614,84.36905,84.64825,85.88531
2022-01-19 13:08:49.508649,84.1636,84.3895,85.96354
2022-01-19 13:08:50.005999,84.52377,84.64825,85.96354
2022-01-19 13:08:50.510667,84.42104,84.90575,85.17843
2022-01-19 13:08:51.009440,83.9569,84.132,85.17843
2022-01-19 13:08:51.509658,84.31831,84.4935,85.37447
2022-01-19 13:08:52.007519,84.57575,84.751,85.37447
2022-01-19 13:08:52.504165,83.69946,84.02925,85.41406
2022-01-19 13:08:53.004020,84.31831,84.3895,85.41406
2022-01-19 13:08:53.510914,84.26632,84.23475,85.96354
2022-01-19 13:08:54.010004,84.26632,84.64825,85.96354
2022-01-19 13:08:54.504551,84.67848,84.85375,86.15958
2022-01-19 13:08:55.002454,83.69946,84.132,86.15958
2022-01-19 13:08:55.508448,84.57575,84.751,84.825
2022-01-19 13:08:56.007287,83.49276,83.97725,84.825
2022-01-19 13:08:56.502713,84.67848,84.85375,85.72791
2022-01-19 13:08:57.010245,83.7502,83.71975,85.72791
2022-01-19 13:08:57.506636,84.62773,85.0085,85.80614
2022-01-19 13:08:58.006506,83.85417,83.92525,85.80614
2022-01-19 13:08:58.502778,84.57575,84.699,85.29625
2022-01-19 13:08:59.010318,84.73046,84.85375,85.29625
2022-01-19 13:08:59.506205,83.69946,84.132,85.72791
2022-01-19 13:09:00.004337,84.31831,84.3895,85.72791
2022-01-19 13:09:00.510264,84.00888,84.184,85.64968
2022-01-19 13:09:01.007485,84.83319,85.1125,85.64968
2022-01-19 13:09:01.501810,84.31831,84.4935,85.02104
2022-01-19 13:09:02.001084,83.80219,84.184,85.02104
2022-01-19 13:09:02.505558,84.42104,84.3895,85.7675
2022-01-19 13:09:03.004537,84.26632,84.699,85.7675
2022-01-19 13:09:03.509956,84.21434,84.4935,85.02104
2022-01-19 13:09:04.008567,84.21434,84.4415,85.02104
2022-01-19 13:09:04.503947,83.80219,84.08,85.68833
2022-01-19 13:09:05.002178,83.85417,83.7705,85.68833
2022-01-19 13:09:05.503842,85.1946,85.52475,238.1377
2022-01-19 13:09:06.004430,83.85417,84.08,225.92479
2022-01-19 13:09:06.504989,84.47302,84.751,225.92479
2022-01-19 13:09:07.006518,83.7502,83.92525,225.92479
2022-01-19 13:09:07.503310,84.05963,84.28675,186.02593
2022-01-19 13:09:08.002080,84.57575,84.803,186.02593
2022-01-19 13:09:08.503008,83.59549,83.71975,121.73895
2022-01-19 13:09:09.002198,84.36905,84.64825,121.73895
2022-01-19 13:09:09.506784,83.85417,83.92525,91.22551
2022-01-19 13:09:10.004262,84.83319,85.318,91.22551
2022-01-19 13:09:10.509987,83.64747,83.8745,94.91729
2022-01-19 13:09:11.006842,84.21434,84.4935,94.91729
2022-01-19 13:09:11.504618,84.05963,84.23475,87.6525
2022-01-19 13:09:12.002489,85.03989,85.0085,87.6525
2022-01-19 13:09:12.507877,83.85417,84.132,86.59218
2022-01-19 13:09:13.008477,84.78245,84.803,86.59218
2022-01-19 13:09:13.503701,83.69946,84.08,86.5526
2022-01-19 13:09:14.011026,84.47302,84.64825,86.5526
2022-01-19 13:09:14.506984,83.85417,84.3895,85.21708
2022-01-19 13:09:15.006633,84.21434,84.28675,85.21708
2022-01-19 13:09:15.504556,84.36905,84.4415,85.84572
2022-01-19 13:09:16.003527,84.1636,84.54425,85.84572
2022-01-19 13:09:16.509241,84.67848,84.751,85.4527
2022-01-19 13:09:17.007340,83.18334,83.513,85.4527
2022-01-19 13:09:17.503662,84.62773,84.751,85.68833
2022-01-19 13:09:18.002101,83.64747,84.132,85.68833
2022-01-19 13:09:18.510474,84.47302,84.59625,84.98145
2022-01-19 13:09:19.010985,84.05963,83.97725,84.98145
2022-01-19 13:09:19.509097,84.47302,84.803,85.4527
2022-01-19 13:09:20.006739,84.31831,84.4935,85.4527
2022-01-19 13:09:20.501958,83.85417,84.23475,85.53187
2022-01-19 13:09:21.010265,84.57575,84.751,85.53187
2022-01-19 13:09:21.502987,83.69946,84.08,85.92395
2022-01-19 13:09:22.001739,84.42104,84.699,85.92395
2022-01-19 13:09:22.508406,84.00888,83.8745,86.08135
2022-01-19 13:09:23.006529,84.62773,84.803,86.08135
2022-01-19 13:09:24.005534,84.11161,84.4935,85.53187
2022-01-19 13:09:24.503034,84.52377,84.699,85.64968
2022-01-19 13:09:25.010123,83.54475,83.92525,85.64968
2022-01-19 13:09:25.504995,84.93716,85.16325,85.21708
2022-01-19 13:09:26.002880,83.59549,83.71975,85.21708
2022-01-19 13:09:26.507305,84.62773,84.90575,84.98145
2022-01-19 13:09:27.004704,84.1636,84.132,84.98145
2022-01-19 13:09:27.510483,84.21434,84.4935,85.6101
2022-01-19 13:09:28.007920,84.1636,84.184,85.6101
2022-01-19 13:09:28.502629,84.00888,84.4415,85.33489
2022-01-19 13:09:29.001732,84.1636,84.28675,85.33489
2022-01-19 13:09:29.507192,84.05963,84.33875,85.53187
2022-01-19 13:09:30.006309,84.67848,84.95775,85.53187
2022-01-19 13:09:30.502226,84.26632,84.3895,85.6101
2022-01-19 13:09:31.009466,84.26632,84.4415,85.6101
2022-01-19 13:09:31.506508,84.11161,84.28675,85.88531
2022-01-19 13:09:32.004532,84.11161,84.23475,85.88531
2022-01-19 13:09:32.503108,84.42104,84.64825,85.25666
2022-01-19 13:09:33.002254,83.69946,84.08,85.25666
2022-01-19 13:09:34.005547,84.42104,84.3895,85.25666
2022-01-19 13:09:34.502364,84.36905,84.751,84.90322
2022-01-19 13:09:35.004100,84.26632,84.4415,84.90322
2022-01-19 13:09:35.510081,83.7502,84.08,85.64968
2022-01-19 13:09:36.007669,84.47302,84.64825,85.64968
2022-01-19 13:09:36.502952,84.11161,84.33875,85.02104
2022-01-19 13:09:37.011045,83.9569,84.28675,85.02104
2022-01-19 13:09:37.507293,84.21434,84.28675,85.57051
2022-01-19 13:09:38.005785,84.36905,84.4415,85.57051
2022-01-19 13:09:38.501867,84.52377,84.64825,85.6101
2022-01-19 13:09:39.010766,83.90492,84.08,85.6101
2022-01-19 13:09:39.507300,84.47302,84.59625,85.6101
2022-01-19 13:09:40.005978,83.9569,84.3895,85.6101
2022-01-19 13:09:40.502664,84.31831,84.803,85.80614
2022-01-19 13:09:41.505786,83.9569,84.23475,85.53187
2022-01-19 13:09:42.004473,84.57575,84.59625,85.53187
2022-01-19 13:09:42.510103,83.90492,84.23475,85.37447
2022-01-19 13:09:43.008696,84.62773,84.751,85.37447
2022-01-19 13:09:43.503911,83.39003,83.61575,85.33489
2022-01-19 13:09:44.001458,84.62773,84.90575,85.33489
2022-01-19 13:09:44.509975,83.85417,84.02925,86.12093
2022-01-19 13:09:45.008930,84.88517,85.16325,86.12093
2022-01-19 13:09:45.504989,83.85417,83.92525,85.57051
2022-01-19 13:09:46.004364,84.21434,84.54425,85.57051
2022-01-19 13:09:46.510781,84.42104,84.699,85.06062
2022-01-19 13:09:47.010227,84.00888,84.23475,85.06062
2022-01-19 13:09:47.505282,84.62773,84.95775,85.37447
2022-01-19 13:09:48.004572,83.39003,83.66775,85.37447
2022-01-19 13:09:48.509835,84.67848,84.90575,85.13885
2022-01-19 13:09:49.008623,84.31831,84.184,85.13885
2022-01-19 13:09:49.501549,83.9569,84.33875,85.6101
2022-01-19 13:09:50.010360,84.47302,84.699,85.6101
2022-01-19 13:09:50.504148,83.85417,84.08,85.57051
2022-01-19 13:09:51.003474,84.52377,84.803,85.57051
2022-01-19 13:09:51.509349,83.85417,84.184,85.37447
2022-01-19 13:09:52.006903,84.9879,85.21525,85.37447
2022-01-19 13:09:52.502542,83.80219,83.66775,85.88531
2022-01-19 13:09:53.010511,84.47302,84.803,85.88531
2022-01-19 13:09:53.507368,83.90492,84.184,85.53187
2022-01-19 13:09:54.006321,84.31831,84.64825,85.53187
2022-01-19 13:09:54.501570,84.42104,84.59625,85.02104
2022-01-19 13:09:55.009970,83.54475,84.184,85.02104
2022-01-19 13:09:55.505914,84.36905,84.59625,86.74864
2022-01-19 13:09:56.004168,84.47302,84.3895,86.74864
2022-01-19 13:09:56.502438,84.57575,84.751,85.4527
2022-01-19 13:09:57.010040,84.00888,84.28675,85.4527
2022-01-19 13:09:57.504516,83.9569,84.132,86.47437
2022-01-19 13:09:58.002756,84.31831,84.4935,86.47437
2022-01-19 13:09:58.509906,83.85417,84.132,85.6101
2022-01-19 13:09:59.008716,84.47302,84.751,85.6101
2022-01-19 13:09:59.501112,84.11161,84.184,85.4527
2022-01-19 13:10:00.002274,84.26632,84.28675,85.4527
2022-01-19 13:10:00.508142,84.52377,84.64825,85.06062
2022-01-19 13:10:01.006349,84.36905,84.751,85.06062
2022-01-19 13:10:01.502725,84.21434,84.4935,85.92395
2022-01-19 13:10:02.002533,83.54475,83.92525,85.92395
2022-01-19 13:10:02.506814,84.57575,84.803,85.17843
2022-01-19 13:10:03.004515,84.47302,84.4935,85.17843
2022-01-19 13:10:03.503640,84.11161,84.23475,86.00312
2022-01-19 13:10:04.005566,84.11161,84.184,86.00312
2022-01-19 13:10:04.510757,84.05963,84.3895,85.25666
2022-01-19 13:10:05.001180,84.62773,84.751,85.25666
2022-01-19 13:10:05.505717,83.9569,84.3895,85.33489
2022-01-19 13:10:06.003913,84.05963,84.3895,85.33489
2022-01-19 13:10:06.509381,84.05963,84.132,85.68833
2022-01-19 13:10:07.010356,84.52377,84.803,85.68833
2022-01-19 13:10:07.505285,84.62773,84.64825,86.35656
2022-01-19 13:10:08.003139,83.9569,84.184,86.35656
2022-01-19 13:10:08.509355,84.31831,84.4415,84.62801
2022-01-19 13:10:09.010804,83.85417,83.92525,84.62801
2022-01-19 13:10:09.506423,84.62773,85.0085,85.49229
2022-01-19 13:10:10.007266,83.44078,83.8745,85.49229
2022-01-19 13:10:10.501863,84.57575,84.751,85.33489
2022-01-19 13:10:11.005816,84.11161,84.02925,85.33489
2022-01-19 13:10:11.504316,84.31831,84.803,85.88531
2022-01-19 13:10:12.005905,84.31831,84.4415,85.88531
2022-01-19 13:10:12.510623,83.85417,83.97725,85.92395
2022-01-19 13:10:13.008274,84.36905,84.54425,85.92395
2022-01-19 13:10:13.505759,83.80219,84.23475,85.84572
2022-01-19 13:10:14.004115,84.78245,85.0085,85.84572
2022-01-19 13:10:14.508907,84.00888,83.97725,84.98145
2022-01-19 13:10:15.006304,84.21434,84.4935,84.98145
2022-01-19 13:10:15.501688,84.1636,84.33875,86.59218
2022-01-19 13:10:16.010767,84.26632,84.4415,86.59218
2022-01-19 13:10:16.508088,84.78245,85.0605,85.4527
2022-01-19 13:10:17.007280,83.69946,84.02925,85.4527
2022-01-19 13:10:17.502524,84.57575,84.699,85.4527
2022-01-19 13:10:18.009810,84.00888,84.02925,85.4527
2022-01-19 13:10:18.501085,84.78245,84.90575,85.64968
2022-01-19 13:10:19.505043,84.11161,84.4415,85.49229
2022-01-19 13:10:20.003800,84.05963,84.23475,85.49229
2022-01-19 13:10:20.507847,83.7502,84.23475,85.21708
2022-01-19 13:10:21.006329,84.78245,85.0085,85.21708
2022-01-19 13:10:21.510802,84.11161,84.08,85.96354
2022-01-19 13:10:22.008209,84.21434,84.54425,85.96354
2022-01-19 13:10:22.503272,83.9569,84.28675,85.37447
2022-01-19 13:10:23.002655,84.52377,84.64825,85.37447
2022-01-19 13:10:23.507079,84.05963,84.23475,85.13885
2022-01-19 13:10:24.003542,84.1636,84.59625,85.13885
2022-01-19 13:10:24.509081,83.9569,84.28675,85.49229
2022-01-19 13:10:25.007282,84.42104,84.4415,85.49229
2022-01-19 13:10:25.503261,84.52377,84.85375,85.21708
2022-01-19 13:10:26.009780,84.31831,84.4935,85.21708
2022-01-19 13:10:26.504641,83.64747,83.8225,85.64968
2022-01-19 13:10:27.003284,84.47302,84.64825,85.64968
2022-01-19 13:10:27.508600,84.21434,84.54425,84.98145
2022-01-19 13:10:28.006608,84.26632,84.59625,84.98145
2022-01-19 13:10:28.502161,84.00888,84.28675,85.80614
2022-01-19 13:10:29.011006,84.36905,84.33875,85.80614
2022-01-19 13:10:29.506767,84.67848,84.803,85.17843
2022-01-19 13:10:30.007305,84.00888,84.3895,85.17843
2022-01-19 13:10:30.501839,84.1636,84.3895,85.72791
2022-01-19 13:10:31.009877,83.9569,84.132,85.72791
2022-01-19 13:10:31.504290,84.47302,84.85375,85.4527
2022-01-19 13:10:32.003337,84.26632,84.59625,85.4527
2022-01-19 13:10:32.509247,84.26632,84.3895,85.53187
2022-01-19 13:10:33.007993,84.62773,84.64825,85.53187
2022-01-19 13:10:33.502836,84.1636,84.184,84.98145
2022-01-19 13:10:34.001862,84.78245,85.0085,84.98145
2022-01-19 13:10:34.501423,83.39003,83.7705,86.27739
2022-01-19 13:10:35.010050,84.47302,84.85375,86.27739
2022-01-19 13:10:35.504791,83.59549,84.08,85.7675
2022-01-19 13:10:36.002375,84.47302,84.59625,85.7675
2022-01-19 13:10:36.509279,84.52377,84.3895,85.96354
2022-01-19 13:10:37.006823,84.00888,84.184,85.96354
2022-01-19 13:10:37.501443,84.36905,84.4935,86.00312
2022-01-19 13:10:38.011009,84.05963,84.28675,86.00312
2022-01-19 13:10:38.506775,84.62773,84.95775,86.23875
2022-01-19 13:10:39.003054,83.23532,83.8225,86.23875
2022-01-19 13:10:39.507391,84.47302,84.59625,85.72791
2022-01-19 13:10:40.009283,84.1636,84.184,85.72791
2022-01-19 13:10:40.504047,84.42104,84.64825,85.37447
2022-01-19 13:10:41.005898,84.21434,84.4935,85.37447
2022-01-19 13:10:41.501174,84.00888,84.08,85.41406
2022-01-19 13:10:42.010156,84.52377,84.95775,85.41406
2022-01-19 13:10:42.504484,83.80219,84.28675,85.4527
2022-01-19 13:10:43.002324,84.26632,84.3895,85.4527
2022-01-19 13:10:43.509086,84.00888,83.97725,85.68833
2022-01-19 13:10:44.010243,84.42104,84.54425,85.68833
2022-01-19 13:10:44.506340,84.42104,84.64825,85.25666
2022-01-19 13:10:45.006197,84.11161,84.3895,85.25666
2022-01-19 13:10:45.502496,84.21434,84.59625,86.90604
2022-01-19 13:10:46.009943,84.1636,84.33875,86.90604
2022-01-19 13:10:46.504740,84.36905,84.54425,85.80614
2022-01-19 13:10:47.003445,84.05963,84.184,85.80614
2022-01-19 13:10:48.005158,84.21434,84.23475,85.21708
2022-01-19 13:10:48.503623,84.05963,84.33875,85.49229
2022-01-19 13:10:49.002424,84.31831,84.59625,85.49229
2022-01-19 13:10:49.508183,84.11161,84.4935,85.25666
2022-01-19 13:10:50.007393,84.42104,84.751,85.25666
2022-01-19 13:10:50.502438,84.00888,84.33875,85.88531
2022-01-19 13:10:51.010134,84.1636,84.4415,85.88531
2022-01-19 13:10:51.504512,84.78245,84.751,85.88531
2022-01-19 13:10:52.003071,83.80219,83.97725,85.88531
2022-01-19 13:10:52.508676,84.31831,84.59625,85.33489
2022-01-19 13:10:53.005683,83.69946,84.132,85.33489
2022-01-19 13:10:53.502405,84.78245,84.95775,85.68833
2022-01-19 13:10:54.011079,84.05963,84.23475,85.68833
2022-01-19 13:10:54.506846,84.21434,84.3895,85.72791
2022-01-19 13:10:55.008374,84.26632,84.4415,85.72791
2022-01-19 13:10:55.504482,83.90492,84.08,84.74583
2022-01-19 13:10:56.003397,84.62773,84.90575,84.74583
2022-01-19 13:10:56.509487,83.7502,83.8745,85.80614
2022-01-19 13:10:57.008955,84.67848,85.0085,85.80614
2022-01-19 13:10:57.503636,83.90492,84.184,85.41406
2022-01-19 13:10:58.007360,84.57575,84.54425,85.41406
2022-01-19 13:10:58.503974,84.73046,84.85375,85.4527
2022-01-19 13:10:59.002884,83.85417,84.02925,85.4527
2022-01-19 13:10:59.508825,84.1636,84.3895,85.7675
2022-01-19 13:11:00.006930,83.7502,84.02925,85.7675
2022-01-19 13:11:00.502844,84.78245,85.1125,85.41406
2022-01-19 13:11:01.002345,83.39003,83.8745,85.41406
2022-01-19 13:11:01.509548,84.52377,84.64825,85.02104
2022-01-19 13:11:02.009264,83.9569,84.132,85.02104
2022-01-19 13:11:02.503628,84.88517,85.0605,85.4527
2022-01-19 13:11:03.001384,84.31831,84.59625,85.4527
2022-01-19 13:11:03.506193,83.54475,83.61575,85.41406
2022-01-19 13:11:04.005093,84.52377,84.803,85.41406
2022-01-19 13:11:04.510876,83.90492,84.23475,85.41406
2022-01-19 13:11:05.009453,84.62773,84.90575,85.41406
2022-01-19 13:11:05.506376,83.80219,83.8745,86.00312
2022-01-19 13:11:06.006268,84.31831,84.3895,86.00312
2022-01-19 13:11:06.511192,84.36905,84.54425,85.17843
2022-01-19 13:11:07.009972,84.1636,84.4415,85.17843
2022-01-19 13:11:07.504728,84.31831,84.699,85.21708
2022-01-19 13:11:08.004297,83.64747,84.08,85.21708
2022-01-19 13:11:08.510333,84.52377,84.64825,85.64968
2022-01-19 13:11:09.008285,84.00888,84.33875,85.64968
2022-01-19 13:11:09.505432,84.78245,84.95775,84.6676
2022-01-19 13:11:10.004213,83.7502,83.7705,84.6676
2022-01-19 13:11:10.507780,84.26632,84.59625,85.7675
2022-01-19 13:11:11.007881,84.26632,84.64825,85.7675
2022-01-19 13:11:11.502860,84.31831,84.59625,85.33489
2022-01-19 13:11:12.001483,84.31831,84.64825,85.33489
2022-01-19 13:11:12.507410,83.39003,83.7705,85.53187
2022-01-19 13:11:13.006776,84.62773,84.59625,85.53187
2022-01-19 13:11:13.501293,84.62773,84.64825,85.17843
2022-01-19 13:11:14.002277,84.31831,84.3895,85.17843
2022-01-19 13:11:14.508486,84.05963,84.33875,86.5526
2022-01-19 13:11:15.006950,84.05963,84.33875,86.5526
2022-01-19 13:11:15.502298,84.42104,84.59625,85.4527
2022-01-19 13:11:16.010790,83.9569,84.4415,85.4527
2022-01-19 13:11:16.505817,84.47302,84.4935,85.64968
2022-01-19 13:11:17.004620,84.36905,84.3895,85.64968
2022-01-19 13:11:17.510786,84.26632,84.33875,85.17843
2022-01-19 13:11:18.009836,84.52377,84.95775,85.17843
2022-01-19 13:11:18.506849,84.21434,84.4415,85.57051
2022-01-19 13:11:19.004069,84.21434,84.54425,85.57051
2022-01-19 13:11:19.502756,83.64747,84.132,85.64968
2022-01-19 13:11:20.001646,84.00888,84.184,85.64968
2022-01-19 13:11:20.506411,84.67848,84.751,84.825
2022-01-19 13:11:21.005021,84.00888,84.132,84.825
2022-01-19 13:11:21.501207,84.11161,84.54425,86.35656
2022-01-19 13:11:22.008970,83.69946,83.97725,86.35656
2022-01-19 13:11:22.503498,84.57575,84.803,85.80614
2022-01-19 13:11:23.003351,84.26632,84.59625,85.80614
2022-01-19 13:11:23.509741,84.21434,84.33875,85.09926
2022-01-19 13:11:24.008157,84.00888,84.08,85.09926
2022-01-19 13:11:24.503278,84.57575,84.59625,85.21708
2022-01-19 13:11:25.001608,84.42104,84.699,85.21708
2022-01-19 13:11:25.507204,84.21434,84.64825,85.88531
2022-01-19 13:11:26.005541,84.21434,84.54425,85.88531
2022-01-19 13:11:26.510756,83.44078,83.66775,84.90322
2022-01-19 13:11:27.009197,85.03989,85.318,84.90322
2022-01-19 13:11:27.504632,84.00888,84.33875,85.84572
2022-01-19 13:11:28.001739,84.42104,84.33875,85.84572
2022-01-19 13:11:28.505684,84.00888,84.23475,85.80614
2022-01-19 13:11:29.004269,84.31831,84.64825,85.80614
2022-01-19 13:11:29.511197,84.73046,84.95775,85.53187
2022-01-19 13:11:30.010833,83.59549,83.8745,85.53187
2022-01-19 13:11:30.507553,84.11161,84.184,85.37447
2022-01-19 13:11:31.006830,84.1636,84.3895,85.37447
2022-01-19 13:11:31.503641,84.57575,84.699,84.98145
2022-01-19 13:11:32.002612,84.31831,84.3895,84.98145
2022-01-19 13:11:32.507083,84.11161,84.4415,85.7675
2022-01-19 13:11:33.007051,84.05963,84.33875,85.7675
2022-01-19 13:11:33.502439,84.36905,84.54425,85.6101
2022-01-19 13:11:34.004140,84.57575,84.85375,85.6101
2022-01-19 13:11:34.508987,83.54475,83.92525,85.57051
2022-01-19 13:11:35.007239,84.47302,84.64825,85.57051
2022-01-19 13:11:35.502320,84.47302,84.54425,85.41406
2022-01-19 13:11:36.009668,84.21434,84.59625,85.41406
2022-01-19 13:11:36.508070,84.21434,84.64825,85.84572
2022-01-19 13:11:37.007954,83.85417,84.23475,85.84572
2022-01-19 13:11:37.502507,84.26632,84.33875,84.47156
2022-01-19 13:11:38.011042,84.31831,84.90575,84.47156
2022-01-19 13:11:38.506355,84.26632,84.23475,85.68833
2022-01-19 13:11:39.006367,84.21434,84.3895,85.68833
2022-01-19 13:11:39.501334,84.1636,84.23475,85.02104
2022-01-19 13:11:40.009707,84.26632,84.751,85.02104
2022-01-19 13:11:40.506371,84.1636,84.3895,85.68833
2022-01-19 13:11:41.003230,84.42104,84.64825,85.68833
2022-01-19 13:11:41.510013,84.00888,84.4415,85.49229
2022-01-19 13:11:42.007408,84.11161,84.28675,85.49229
2022-01-19 13:11:42.502866,84.67848,84.751,85.57051
2022-01-19 13:11:43.010804,83.9569,84.08,85.57051
2022-01-19 13:11:43.506635,84.47302,84.803,85.17843
2022-01-19 13:11:44.004954,83.9569,84.23475,85.17843
2022-01-19 13:11:44.510095,84.21434,84.23475,85.49229
2022-01-19 13:11:45.007500,84.57575,84.90575,85.49229
2022-01-19 13:11:45.505033,84.00888,84.184,85.64968
2022-01-19 13:11:46.003047,84.57575,84.751,85.64968
2022-01-19 13:11:46.508616,84.00888,84.184,85.29625
2022-01-19 13:11:47.006847,84.52377,84.699,85.29625
2022-01-19 13:11:47.501821,84.47302,84.751,85.4527
2022-01-19 13:11:48.009924,84.31831,84.54425,85.4527
2022-01-19 13:11:48.506433,83.85417,84.33875,85.41406
2022-01-19 13:11:49.004326,84.36905,84.64825,85.41406
2022-01-19 13:11:49.501290,84.11161,84.33875,85.21708
2022-01-19 13:11:50.003332,84.21434,84.184,85.21708
2022-01-19 13:11:50.503361,84.47302,84.85375,85.96354
2022-01-19 13:11:51.003069,83.64747,83.92525,85.96354
2022-01-19 13:11:51.507645,84.9879,85.21525,85.21708
2022-01-19 13:11:52.005419,83.80219,84.184,85.21708
2022-01-19 13:11:52.510738,84.52377,84.699,86.3952
2022-01-19 13:11:53.008726,83.7502,84.184,86.3952
2022-01-19 13:11:53.503874,84.36905,84.3895,84.90322
2022-01-19 13:11:54.003201,84.57575,84.803,84.90322
2022-01-19 13:11:54.510332,84.00888,84.184,85.17843
2022-01-19 13:11:55.008262,84.21434,84.33875,85.17843
2022-01-19 13:11:55.503777,84.21434,84.4935,86.35656
2022-01-19 13:11:56.002506,84.47302,84.699,86.35656
2022-01-19 13:11:56.507380,83.64747,84.184,85.4527
2022-01-19 13:11:57.005068,84.31831,84.4935,85.4527
2022-01-19 13:11:57.504700,84.26632,84.4415,85.64968
2022-01-19 13:11:58.004353,84.1636,84.33875,85.64968
2022-01-19 13:11:58.509175,84.62773,84.90575,86.19916
2022-01-19 13:11:59.010149,83.59549,83.7705,86.19916
2022-01-19 13:11:59.506436,84.52377,84.699,85.17843
2022-01-19 13:12:00.004774,84.11161,84.59625,85.17843
2022-01-19 13:12:00.511083,84.36905,84.33875,85.96354
2022-01-19 13:12:01.010655,84.11161,84.132,85.96354
2022-01-19 13:12:01.505103,84.26632,84.3895,85.4527
2022-01-19 13:12:02.002739,84.1636,84.4415,85.4527
2022-01-19 13:12:02.508480,83.9569,84.132,85.88531
2022-01-19 13:12:03.008598,84.05963,84.3895,85.88531
2022-01-19 13:12:03.503634,83.54475,84.08,238.1377
2022-01-19 13:12:04.002475,84.36905,84.33875,238.1377
2022-01-19 13:12:04.506764,84.57575,84.751,217.4027
2022-01-19 13:12:05.004889,84.1636,84.08,217.4027
2022-01-19 13:12:05.510072,84.00888,84.33875,165.01572
2022-01-19 13:12:06.007187,84.05963,84.28675,165.01572
2022-01-19 13:12:06.502002,84.31831,84.64825,104.14625
2022-01-19 13:12:07.010574,84.11161,84.54425,104.14625
2022-01-19 13:12:07.506773,83.80219,83.8745,93.42531
2022-01-19 13:12:08.004231,84.42104,84.59625,93.42531
2022-01-19 13:12:08.508412,84.00888,83.97725,88.00593
2022-01-19 13:12:09.006604,84.9879,85.21525,88.00593
2022-01-19 13:12:09.502051,83.7502,84.132,87.61291
2022-01-19 13:12:10.001797,84.21434,84.4935,87.61291
2022-01-19 13:12:10.506129,84.36905,84.751,86.59218
2022-01-19 13:12:11.011141,84.11161,84.28675,86.59218
2022-01-19 13:12:11.507068,84.21434,84.4415,86.94562
2022-01-19 13:12:12.008559,84.05963,84.184,86.94562
2022-01-19 13:12:12.505657,84.52377,84.699,85.96354
2022-01-19 13:12:13.005491,83.85417,84.08,85.96354
2022-01-19 13:12:13.510490,84.47302,84.803,85.29625
2022-01-19 13:12:14.505425,84.42104,84.4935,85.7675
2022-01-19 13:12:15.003737,84.00888,84.3895,85.7675
2022-01-19 13:12:15.508491,84.11161,84.132,85.49229
2022-01-19 13:12:16.006231,84.83319,84.95775,85.49229
2022-01-19 13:12:16.501354,83.64747,83.92525,84.98145
2022-01-19 13:12:17.010252,84.52377,84.803,84.98145
2022-01-19 13:12:17.506765,83.64747,83.97725,85.68833
2022-01-19 13:12:18.004207,84.42104,84.64825,85.68833
2022-01-19 13:12:18.508340,83.69946,84.184,85.64968
2022-01-19 13:12:19.007069,84.47302,84.54425,85.64968
2022-01-19 13:12:19.503460,84.00888,84.132,85.21708
2022-01-19 13:12:20.003485,84.52377,84.751,85.21708
2022-01-19 13:12:20.505151,84.31831,84.54425,85.37447
2022-01-19 13:12:21.004453,83.59549,83.92525,85.37447
2022-01-19 13:12:21.501510,84.47302,84.4935,85.21708
2022-01-19 13:12:22.009553,83.54475,84.02925,85.21708
2022-01-19 13:12:22.504897,84.47302,84.64825,84.90322
2022-01-19 13:12:23.003589,84.31831,84.59625,84.90322
2022-01-19 13:12:23.509349,83.9569,84.02925,85.7675
2022-01-19 13:12:24.008689,84.26632,84.4415,85.7675
2022-01-19 13:12:24.504034,84.31831,84.59625,85.06062
2022-01-19 13:12:25.002492,84.67848,84.751,85.06062
2022-01-19 13:12:25.508963,83.39003,83.8225,85.6101
2022-01-19 13:12:26.008363,84.31831,84.3895,85.6101
2022-01-19 13:12:26.502625,84.31831,84.4935,85.53187
2022-01-19 13:12:27.002395,84.78245,85.1125,85.53187
2022-01-19 13:12:27.507899,84.11161,84.28675,86.04176
2022-01-19 13:12:28.007569,83.85417,84.132,86.04176
2022-01-19 13:12:28.503757,84.52377,84.59625,84.825
2022-01-19 13:12:29.002260,84.42104,84.803,84.825
2022-01-19 13:12:29.507603,84.42104,84.54425,85.64968
2022-01-19 13:12:30.004777,83.49276,83.8745,85.64968
2022-01-19 13:12:30.501948,84.00888,84.28675,85.25666
2022-01-19 13:12:31.009776,84.83319,85.0605,85.25666
2022-01-19 13:12:31.504663,84.05963,84.33875,85.41406
2022-01-19 13:12:32.002548,84.05963,84.28675,85.41406
2022-01-19 13:12:32.507836,84.05963,84.4415,85.25666
2022-01-19 13:12:33.006957,84.1636,84.132,85.25666
2022-01-19 13:12:33.504720,84.36905,85.0605,86.35656
2022-01-19 13:12:34.003306,83.9569,83.97725,86.35656
2022-01-19 13:12:34.501230,84.36905,84.4415,85.84572
2022-01-19 13:12:35.001468,84.00888,84.23475,85.84572
2022-01-19 13:12:35.506209,84.36905,84.59625,85.41406
2022-01-19 13:12:36.004157,83.9569,84.33875,85.41406
2022-01-19 13:12:36.501105,84.57575,84.751,85.29625
2022-01-19 13:12:37.008921,83.49276,84.08,85.29625
2022-01-19 13:12:37.503582,84.47302,84.59625,85.88531
2022-01-19 13:12:38.002401,84.52377,84.85375,85.88531
2022-01-19 13:12:38.507164,84.00888,84.08,85.17843
2022-01-19 13:12:39.005760,84.31831,84.4935,85.17843
2022-01-19 13:12:39.502021,83.9569,84.33875,85.13885
2022-01-19 13:12:40.010717,84.36905,84.4935,85.13885
2022-01-19 13:12:40.506355,84.00888,84.4415,85.4527
2022-01-19 13:12:41.003957,83.9569,83.92525,85.4527
2022-01-19 13:12:41.509049,84.62773,84.803,84.86364
2022-01-19 13:12:42.007375,84.1636,84.23475,84.86364
2022-01-19 13:12:42.501261,84.42104,84.64825,86.08135
2022-01-19 13:12:43.009842,84.00888,84.33875,86.08135
2022-01-19 13:12:43.510436,84.57575,84.751,85.25666
2022-01-19 13:12:44.009795,83.28607,83.7705,85.25666
2022-01-19 13:12:44.505210,84.93716,84.90575,84.5102
2022-01-19 13:12:45.002816,84.21434,84.4415,84.5102
2022-01-19 13:12:45.508623,84.42104,84.699,85.84572
2022-01-19 13:12:46.004482,84.11161,84.184,85.84572
2022-01-19 13:12:46.509723,83.90492,84.132,85.37447
2022-01-19 13:12:47.009014,84.73046,85.0085,85.37447
2022-01-19 13:12:47.504805,83.7502,84.28675,85.92395
2022-01-19 13:12:48.003160,84.1636,84.23475,85.92395
2022-01-19 13:12:48.501233,84.00888,84.33875,85.13885
2022-01-19 13:12:49.009621,84.57575,84.699,85.13885
2022-01-19 13:12:49.504297,84.47302,84.54425,86.04176
2022-01-19 13:12:50.002256,83.85417,84.28675,86.04176
2022-01-19 13:12:50.508158,83.9569,84.132,85.68833
2022-01-19 13:12:51.005961,84.1636,84.4935,85.68833
2022-01-19 13:12:51.509928,84.42104,84.4935,85.64968
2022-01-19 13:12:52.009666,83.69946,84.23475,85.64968
2022-01-19 13:12:52.506428,84.36905,84.3895,84.825
2022-01-19 13:12:53.002111,84.47302,84.4935,84.825
2022-01-19 13:12:53.508042,84.47302,84.59625,85.92395
2022-01-19 13:12:54.005398,84.57575,84.751,85.92395
2022-01-19 13:12:55.005053,84.1636,84.184,86.00312
2022-01-19 13:12:55.509850,84.36905,84.85375,85.80614
2022-01-19 13:12:56.007510,84.31831,84.4415,85.80614
2022-01-19 13:12:56.503886,84.21434,84.184,85.57051
2022-01-19 13:12:57.002532,84.36905,84.4415,85.57051
2022-01-19 13:12:57.510940,83.85417,84.08,85.06062
2022-01-19 13:12:58.008760,84.62773,85.0085,85.06062
2022-01-19 13:12:58.504806,84.00888,84.132,85.49229
2022-01-19 13:12:59.003195,83.69946,84.28675,85.49229
2022-01-19 13:12:59.509356,84.00888,84.184,85.21708
2022-01-19 13:13:00.007351,84.73046,84.85375,85.21708
2022-01-19 13:13:00.504010,84.11161,84.28675,86.43479
2022-01-19 13:13:01.002401,84.31831,84.54425,86.43479
2022-01-19 13:13:01.508517,83.7502,83.97725,86.04176
2022-01-19 13:13:02.008903,84.83319,84.85375,86.04176
2022-01-19 13:13:02.505509,84.00888,84.59625,85.57051
2022-01-19 13:13:03.002156,84.11161,84.28675,85.57051
2022-01-19 13:13:03.507401,84.21434,84.4935,85.6101
2022-01-19 13:13:04.005974,84.36905,84.54425,85.6101
2022-01-19 13:13:04.501707,84.26632,84.54425,85.21708
2022-01-19 13:13:05.010945,84.11161,84.4415,85.21708
2022-01-19 13:13:05.507631,84.26632,84.28675,85.06062
2022-01-19 13:13:06.009135,84.11161,84.59625,85.06062
2022-01-19 13:13:06.503032,84.31831,84.54425,86.08135
2022-01-19 13:13:07.002116,84.00888,84.132,86.08135
2022-01-19 13:13:07.508911,84.31831,84.4415,85.33489
2022-01-19 13:13:08.007321,84.52377,84.699,85.33489
2022-01-19 13:13:08.504824,83.85417,84.28675,85.33489
2022-01-19 13:13:09.003995,84.52377,84.59625,85.33489
2022-01-19 13:13:09.509047,83.80219,84.23475,85.06062
2022-01-19 13:13:10.007316,84.62773,84.699,85.06062
2022-01-19 13:13:10.502180,83.90492,84.28675,86.27739
2022-01-19 13:13:11.007161,84.31831,84.3895,86.27739
2022-01-19 13:13:11.503276,84.31831,84.3895,85.84572
2022-01-19 13:13:12.001465,84.05963,84.3895,85.84572
2022-01-19 13:13:12.505725,84.26632,84.28675,85.13885
2022-01-19 13:13:13.002264,84.21434,84.54425,85.13885
2022-01-19 13:13:13.508224,84.1636,84.28675,86.31697
2022-01-19 13:13:14.007221,84.11161,84.699,86.31697
2022-01-19 13:13:14.503375,84.42104,84.4935,85.53187
2022-01-19 13:13:15.001709,84.05963,84.08,85.53187
2022-01-19 13:13:15.506943,84.36905,84.64825,85.02104
2022-01-19 13:13:16.004653,84.1636,84.184,85.02104
2022-01-19 13:13:16.510414,83.90492,84.23475,85.57051
2022-01-19 13:13:17.007898,84.1636,84.184,85.57051
2022-01-19 13:13:17.502582,83.9569,84.751,85.21708
2022-01-19 13:13:18.001153,84.31831,84.28675,85.21708
2022-01-19 13:13:18.506301,84.73046,84.90575,85.17843
2022-01-19 13:13:19.003184,84.00888,84.23475,85.17843
2022-01-19 13:13:19.508001,84.05963,84.184,85.4527
2022-01-19 13:13:20.005497,84.42104,84.751,85.4527
2022-01-19 13:13:20.510324,84.00888,84.23475,85.53187
2022-01-19 13:13:21.008858,83.90492,84.54425,85.53187
2022-01-19 13:13:21.503851,84.00888,84.132,85.6101
2022-01-19 13:13:22.001937,84.67848,84.751,85.6101
2022-01-19 13:13:22.507163,84.62773,84.64825,85.49229
2022-01-19 13:13:23.003988,84.05963,84.184,85.49229
2022-01-19 13:13:23.504497,84.05963,84.33875,85.6101
2022-01-19 13:13:24.003243,84.42104,84.54425,85.6101
2022-01-19 13:13:24.509147,84.1636,84.95775,84.98145
2022-01-19 13:13:25.008563,84.05963,84.184,84.98145
2022-01-19 13:13:25.506740,84.26632,84.4935,85.96354
2022-01-19 13:13:26.005080,83.90492,84.08,85.96354
2022-01-19 13:13:26.501018,85.09187,85.21525,85.33489
2022-01-19 13:13:27.009980,83.90492,84.132,85.33489
2022-01-19 13:13:27.505299,83.9569,84.132,86.27739
2022-01-19 13:13:28.003482,84.11161,84.699,86.27739
2022-01-19 13:13:28.509711,84.31831,84.33875,85.49229
2022-01-19 13:13:29.007366,84.57575,84.85375,85.49229
2022-01-19 13:13:29.502870,84.21434,84.184,85.96354
2022-01-19 13:13:30.010793,84.1636,84.184,85.96354
2022-01-19 13:13:30.505696,84.26632,84.64825,85.49229
2022-01-19 13:13:31.004209,84.62773,84.85375,85.49229
2022-01-19 13:13:31.511063,83.59549,84.02925,85.68833
2022-01-19 13:13:32.008020,84.52377,84.64825,85.68833
2022-01-19 13:13:32.501178,83.90492,84.33875,86.43479
2022-01-19 13:13:33.010186,84.31831,84.3895,86.43479
2022-01-19 13:13:33.506353,84.52377,84.699,85.25666
2022-01-19 13:13:34.003454,83.85417,84.02925,85.25666
2022-01-19 13:13:34.510638,84.67848,84.803,85.64968
2022-01-19 13:13:35.008622,84.11161,84.64825,85.64968
2022-01-19 13:13:35.504537,84.05963,84.33875,85.13885
2022-01-19 13:13:36.002671,84.1636,84.54425,85.13885
2022-01-19 13:13:36.508897,83.90492,84.02925,85.72791
2022-01-19 13:13:37.007486,84.36905,84.4935,85.72791
2022-01-19 13:13:37.504521,84.47302,84.699,85.4527
2022-01-19 13:13:38.002683,84.05963,84.23475,85.4527
2022-01-19 13:13:38.503740,84.11161,84.4935,85.4527
2022-01-19 13:13:39.001676,84.57575,84.699,85.4527
2022-01-19 13:13:39.507007,83.59549,84.184,84.98145
2022-01-19 13:13:40.004578,84.67848,84.803,84.98145
2022-01-19 13:13:40.509977,84.21434,84.184,85.88531
2022-01-19 13:13:41.007837,84.11161,84.3895,85.88531
2022-01-19 13:13:41.502341,84.26632,84.4415,85.88531
2022-01-19 13:13:42.001032,84.11161,84.4935,85.88531
2022-01-19 13:13:42.507396,84.26632,84.3895,85.6101
2022-01-19 13:13:43.006291,84.05963,84.64825,85.6101
2022-01-19 13:13:43.501190,84.05963,84.184,85.53187
2022-01-19 13:13:44.009533,84.31831,84.4415,85.53187
2022-01-19 13:13:44.505503,84.57575,84.751,85.53187
2022-01-19 13:13:45.003211,84.26632,84.4935,85.53187
2022-01-19 13:13:45.508605,83.80219,84.132,85.33489
2022-01-19 13:13:46.007241,84.26632,84.33875,85.33489
2022-01-19 13:13:46.500927,84.26632,84.90575,85.49229
2022-01-19 13:13:47.010901,84.57575,84.699,85.49229
2022-01-19 13:13:47.507622,84.00888,84.08,85.29625
2022-01-19 13:13:48.005939,83.85417,83.97725,85.29625
2022-01-19 13:13:49.005559,84.05963,84.4415,86.12093
2022-01-19 13:13:49.511037,84.52377,84.59625,86.19916
2022-01-19 13:13:50.001053,83.59549,83.97725,86.19916
2022-01-19 13:13:50.506334,84.11161,84.28675,85.4527
2022-01-19 13:13:51.004453,84.57575,84.95775,85.4527
2022-01-19 13:13:51.509180,84.52377,84.64825,85.53187
2022-01-19 13:13:52.007001,83.90492,83.92525,85.53187
2022-01-19 13:13:52.504771,83.80219,84.184,85.4527
2022-01-19 13:13:53.002511,84.42104,84.54425,85.4527
2022-01-19 13:13:53.508006,84.05963,84.59625,86.04176
2022-01-19 13:13:54.005428,84.57575,84.803,86.04176
2022-01-19 13:13:54.510174,83.59549,84.02925,85.33489
2022-01-19 13:13:55.007244,84.36905,84.4415,85.33489
2022-01-19 13:13:55.502434,84.93716,84.90575,85.17843
2022-01-19 13:13:56.010678,83.69946,84.02925,85.17843
2022-01-19 13:13:56.506978,84.47302,84.4935,85.02104
2022-01-19 13:13:57.007387,83.59549,84.02925,85.02104
2022-01-19 13:13:57.502492,84.57575,84.699,85.6101
2022-01-19 13:13:58.009887,84.00888,84.4935,85.6101
2022-01-19 13:13:58.504158,84.26632,84.23475,85.80614
2022-01-19 13:13:59.001784,84.31831,84.28675,85.80614
2022-01-19 13:13:59.506349,84.52377,84.751,84.54979
2022-01-19 13:14:00.003917,84.31831,84.23475,84.54979
2022-01-19 13:14:00.508065,84.31831,84.803,85.68833
2022-01-19 13:14:01.007523,84.21434,84.28675,85.68833
2022-01-19 13:14:01.503996,83.59549,84.132,85.4527
2022-01-19 13:14:02.001855,84.67848,84.699,85.4527
2022-01-19 13:14:02.507351,83.80219,83.8225,85.57051
2022-01-19 13:14:03.005071,84.52377,84.751,85.57051
2022-01-19 13:14:03.501080,84.21434,84.23475,85.41406
2022-01-19 13:14:04.010262,84.36905,84.95775,85.41406
2022-01-19 13:14:04.507200,84.1636,84.28675,85.84572
2022-01-19 13:14:05.004058,83.7502,84.33875,85.84572
2022-01-19 13:14:05.510794,84.26632,84.3895,85.17843
2022-01-19 13:14:06.009675,83.9569,84.08,85.17843
2022-01-19 13:14:06.505292,84.62773,84.85375,86.12093
2022-01-19 13:14:07.002739,83.90492,83.92525,86.12093
2022-01-19 13:14:07.507987,84.31831,84.751,85.53187
2022-01-19 13:14:08.005068,84.05963,84.33875,85.53187
2022-01-19 13:14:08.508602,83.85417,84.3895,85.4527
2022-01-19 13:14:09.006393,84.47302,84.4935,85.4527
2022-01-19 13:14:09.504542,83.9569,84.33875,85.96354
2022-01-19 13:14:10.004524,84.67848,84.85375,85.96354
2022-01-19 13:14:10.500687,84.05963,84.02925,86.04176
2022-01-19 13:14:11.004327,84.31831,84.699,86.04176
2022-01-19 13:14:11.502526,84.62773,84.64825,85.06062
2022-01-19 13:14:12.002654,84.00888,84.54425,85.06062
2022-01-19 13:14:12.509266,83.85417,83.97725,85.72791
2022-01-19 13:14:13.006292,84.11161,84.4935,85.72791
2022-01-19 13:14:13.511025,84.1636,84.3895,85.17843
2022-01-19 13:14:14.010859,84.57575,84.699,85.17843
2022-01-19 13:14:14.504756,83.9569,84.28675,85.7675
2022-01-19 13:14:15.002907,84.00888,84.132,85.7675
2022-01-19 13:14:15.507428,84.73046,85.1125,85.37447
2022-01-19 13:14:16.005682,84.21434,84.33875,85.37447
2022-01-19 13:14:16.501073,83.44078,83.8745,85.57051
2022-01-19 13:14:17.009402,84.42104,84.59625,85.57051
2022-01-19 13:14:17.504475,84.21434,84.23475,85.4527
2022-01-19 13:14:18.002385,84.31831,84.4935,85.4527
2022-01-19 13:14:18.510281,84.21434,84.54425,85.29625
2022-01-19 13:14:19.007989,83.64747,84.184,85.29625
2022-01-19 13:14:19.504130,84.57575,84.64825,85.02104
2022-01-19 13:14:20.002927,84.05963,84.4415,85.02104
2022-01-19 13:14:20.507950,84.36905,84.54425,85.53187
2022-01-19 13:14:21.006168,84.31831,84.28675,85.53187
2022-01-19 13:14:21.511053,84.00888,84.28675,85.33489
2022-01-19 13:14:22.009797,84.31831,84.54425,85.33489
2022-01-19 13:14:22.503817,84.26632,84.751,85.84572
2022-01-19 13:14:23.004433,83.80219,84.02925,85.84572
2022-01-19 13:14:23.511188,84.1636,84.59625,85.49229
2022-01-19 13:14:24.001096,84.31831,84.54425,85.49229
2022-01-19 13:14:24.510774,84.26632,84.33875,85.06062
2022-01-19 13:14:25.009025,84.1636,84.4415,85.06062
2022-01-19 13:14:25.503738,84.00888,83.92525,85.33489
2022-01-19 13:14:26.003350,84.26632,84.751,85.33489
2022-01-19 13:14:26.509101,84.62773,84.59625,86.00312
2022-01-19 13:14:27.008744,83.64747,84.02925,86.00312
2022-01-19 13:14:27.505001,84.52377,84.64825,85.09926
2022-01-19 13:14:28.002858,84.11161,84.28675,85.09926
2022-01-19 13:14:28.508853,84.83319,85.0085,86.63083
2022-01-19 13:14:29.007379,83.80219,83.8745,86.63083
2022-01-19 13:14:29.502560,84.36905,84.803,85.53187
2022-01-19 13:14:30.011089,84.05963,84.184,85.53187
2022-01-19 13:14:30.505797,84.47302,84.95775,84.825
2022-01-19 13:14:31.004899,84.11161,84.28675,84.825
2022-01-19 13:14:31.509675,84.11161,84.23475,86.23875
2022-01-19 13:14:32.009693,84.62773,84.699,86.23875
2022-01-19 13:14:32.504459,84.31831,84.3895,85.53187
2022-01-19 13:14:33.005468,84.05963,84.54425,85.53187
2022-01-19 13:14:33.509106,83.9569,84.08,85.68833
2022-01-19 13:14:34.008715,83.9569,84.33875,85.68833
2022-01-19 13:14:34.504003,84.57575,84.64825,85.53187
2022-01-19 13:14:35.001165,84.00888,84.4935,85.53187
2022-01-19 13:14:35.505213,84.36905,84.4415,85.37447
2022-01-19 13:14:36.002990,84.67848,84.3895,85.37447
2022-01-19 13:14:36.510280,84.11161,84.64825,85.64968
2022-01-19 13:14:37.009123,84.1636,84.33875,85.64968
2022-01-19 13:14:37.503680,84.62773,85.0085,85.72791
2022-01-19 13:14:38.002752,83.85417,83.8745,85.72791
2022-01-19 13:14:38.507885,84.05963,84.59625,85.41406
2022-01-19 13:14:39.007490,84.21434,84.3895,85.41406
2022-01-19 13:14:39.502202,84.31831,84.33875,84.98145
2022-01-19 13:14:40.009827,84.42104,84.803,84.98145
2022-01-19 13:14:40.507627,84.21434,84.33875,85.29625
2022-01-19 13:14:41.006697,84.21434,84.59625,85.29625
2022-01-19 13:14:41.503442,84.36905,84.4415,85.53187
2022-01-19 13:14:42.001736,84.00888,84.54425,85.53187
2022-01-19 13:14:42.508021,84.1636,84.23475,85.49229
2022-01-19 13:14:43.006932,84.47302,84.33875,85.49229
2022-01-19 13:14:43.504542,84.11161,84.33875,85.53187
2022-01-19 13:14:44.002364,84.47302,84.699,85.53187
2022-01-19 13:14:44.507020,84.05963,84.3895,85.88531
2022-01-19 13:14:45.005249,84.36905,84.3895,85.88531
2022-01-19 13:14:45.501000,83.59549,84.23475,85.7675
2022-01-19 13:14:46.009850,84.21434,84.54425,85.7675
2022-01-19 13:14:46.507437,84.26632,84.28675,85.4527
2022-01-19 13:14:47.007690,84.47302,84.64825,85.4527
2022-01-19 13:14:47.503685,83.85417,83.97725,85.57051
2022-01-19 13:14:48.002322,84.1636,84.59625,85.57051
2022-01-19 13:14:48.506190,84.57575,84.64825,85.21708
2022-01-19 13:14:49.003571,84.00888,84.54425,85.21708
2022-01-19 13:14:49.502736,84.21434,84.3895,86.00312
2022-01-19 13:14:50.010636,84.00888,84.184,86.00312
2022-01-19 13:14:50.506377,84.42104,84.699,84.90322
2022-01-19 13:14:51.003955,84.83319,84.85375,84.90322
2022-01-19 13:14:51.509670,83.80219,84.28675,85.57051
2022-01-19 13:14:52.009742,84.31831,84.33875,85.57051
2022-01-19 13:14:52.504777,83.90492,84.4415,85.49229
2022-01-19 13:14:53.002567,84.78245,85.0605,85.49229
2022-01-19 13:14:53.507550,83.59549,83.8745,85.09926
2022-01-19 13:14:54.006704,84.52377,84.54425,85.09926
2022-01-19 13:14:54.503825,83.9569,84.08,84.90322
2022-01-19 13:14:55.003253,84.67848,85.21525,84.90322
2022-01-19 13:14:55.509756,84.21434,84.4415,84.825
2022-01-19 13:14:56.008298,84.11161,84.3895,84.825
2022-01-19 13:14:56.505008,84.21434,84.33875,85.68833
2022-01-19 13:14:57.004698,84.05963,84.3895,85.68833
2022-01-19 13:14:57.501339,84.78245,84.85375,85.64968
2022-01-19 13:14:58.009528,84.00888,83.97725,85.64968
2022-01-19 13:14:58.507738,83.9569,84.33875,85.68833
2022-01-19 13:14:59.006374,84.1636,84.4415,85.68833
2022-01-19 13:14:59.505172,84.36905,84.699,85.21708
2022-01-19 13:15:00.002861,83.90492,83.97725,85.21708
2022-01-19 13:15:00.511317,83.85417,84.08,88.79104
2022-01-19 13:15:01.010494,84.26632,84.4415,88.79104
2022-01-19 13:15:01.503924,84.36905,84.23475,231.46197
2022-01-19 13:15:02.002737,84.62773,84.95775,231.46197
2022-01-19 13:15:02.511069,83.64747,83.8745,216.65718
2022-01-19 13:15:03.008696,84.11161,84.28675,216.65718
2022-01-19 13:15:03.503981,84.05963,84.184,147.61906
2022-01-19 13:15:04.003567,84.1636,84.64825,147.61906
2022-01-19 13:15:04.508301,84.11161,84.23475,90.44041
2022-01-19 13:15:05.010447,84.42104,84.4415,90.44041
2022-01-19 13:15:05.507227,84.1636,84.4935,94.75989
2022-01-19 13:15:06.006310,83.9569,84.08,94.75989
2022-01-19 13:15:06.501038,84.36905,84.699,88.2802
2022-01-19 13:15:07.009411,84.42104,84.59625,88.2802
2022-01-19 13:15:07.505293,84.05963,84.4415,88.08416
2022-01-19 13:15:08.003892,84.00888,84.33875,88.08416
2022-01-19 13:15:08.509945,84.57575,84.751,87.02385
2022-01-19 13:15:09.008562,84.1636,84.4415,87.02385
2022-01-19 13:15:09.504166,84.67848,84.751,87.18125
2022-01-19 13:15:10.001951,83.59549,83.8745,87.18125
2022-01-19 13:15:10.506808,84.47302,84.59625,86.78822
2022-01-19 13:15:11.011230,84.00888,84.4415,86.78822
2022-01-19 13:15:11.507957,84.78245,84.90575,85.64968
2022-01-19 13:15:12.006820,83.80219,83.8745,85.64968
2022-01-19 13:15:12.501993,84.11161,84.3895,85.68833
2022-01-19 13:15:13.009986,84.57575,84.751,85.68833
2022-01-19 13:15:13.505467,84.00888,84.3895,85.92395
2022-01-19 13:15:14.003167,84.52377,84.4415,85.92395
2022-01-19 13:15:14.508475,83.44078,83.8225,85.06062
2022-01-19 13:15:15.006625,84.57575,84.85375,85.06062
2022-01-19 13:15:15.502994,83.90492,84.184,85.17843
2022-01-19 13:15:16.001775,84.47302,84.751,85.17843
2022-01-19 13:15:16.507986,84.1636,84.02925,85.25666
2022-01-19 13:15:17.006570,84.21434,84.4935,85.25666
2022-01-19 13:15:17.501747,84.42104,84.54425,85.21708
2022-01-19 13:15:18.010947,84.26632,84.4935,85.21708
2022-01-19 13:15:18.505541,84.1636,84.28675,85.49229
2022-01-19 13:15:19.003648,83.59549,83.97725,85.49229
2022-01-19 13:15:19.509470,84.78245,85.1125,85.88531
2022-01-19 13:15:20.009465,83.9569,83.8745,85.88531
2022-01-19 13:15:20.505119,84.42104,84.90575,85.02104
2022-01-19 13:15:21.002209,83.80219,83.8225,85.02104
2022-01-19 13:15:21.506519,84.31831,84.699,85.84572
2022-01-19 13:15:22.003845,84.83319,85.0085,85.84572
2022-01-19 13:15:22.509178,83.44078,83.92525,86.15958
2022-01-19 13:15:23.010324,84.47302,84.699,86.15958
2022-01-19 13:15:23.506293,83.9569,83.97725,85.53187
2022-01-19 13:15:24.004496,84.73046,85.1125,85.53187
2022-01-19 13:15:24.511228,83.64747,83.71975,85.7675
2022-01-19 13:15:25.009626,84.36905,84.699,85.7675
2022-01-19 13:15:25.504566,84.26632,84.4415,85.21708
2022-01-19 13:15:26.002734,84.05963,84.4415,85.21708
2022-01-19 13:15:26.510539,84.36905,84.4415,84.90322
2022-01-19 13:15:27.008414,84.26632,84.184,84.90322
2022-01-19 13:15:27.504013,84.1636,84.33875,85.4527
2022-01-19 13:15:28.002307,84.31831,84.33875,85.4527
2022-01-19 13:15:28.507978,83.85417,84.23475,85.57051
2022-01-19 13:15:29.006765,84.31831,84.3895,85.57051
2022-01-19 13:15:29.501406,83.85417,84.3895,85.53187
2022-01-19 13:15:30.010627,84.42104,84.64825,85.53187
2022-01-19 13:15:30.504880,84.31831,84.28675,85.57051
2022-01-19 13:15:31.005826,84.26632,84.54425,85.57051
2022-01-19 13:15:31.501827,84.52377,84.4935,85.06062
2022-01-19 13:15:32.010247,84.00888,84.28675,85.06062
2022-01-19 13:15:32.504325,84.1636,84.3895,85.64968
2022-01-19 13:15:33.002384,84.31831,84.59625,85.64968
2022-01-19 13:15:33.509056,84.1636,84.3895,85.57051
2022-01-19 13:15:34.007485,83.80219,84.184,85.57051
2022-01-19 13:15:34.502439,84.57575,84.85375,86.00312
2022-01-19 13:15:35.002239,84.26632,84.23475,86.00312
2022-01-19 13:15:35.509141,83.9569,84.28675,85.57051
2022-01-19 13:15:36.011189,84.52377,84.751,85.57051
2022-01-19 13:15:36.506230,83.49276,83.8745,85.6101
2022-01-19 13:15:37.004315,84.62773,84.85375,85.6101
2022-01-19 13:15:37.510308,83.64747,83.97725,85.17843
2022-01-19 13:15:38.009163,84.57575,84.85375,85.17843
2022-01-19 13:15:38.504052,84.31831,84.184,86.23875
2022-01-19 13:15:39.003601,84.05963,84.4935,86.23875
2022-01-19 13:15:39.509089,84.26632,84.4935,85.49229
2022-01-19 13:15:40.005997,83.9569,84.28675,85.49229
2022-01-19 13:15:40.501107,84.67848,84.95775,85.72791
2022-01-19 13:15:41.009727,83.39003,83.71975,85.72791
2022-01-19 13:15:41.504937,84.57575,85.0605,86.5526
2022-01-19 13:15:42.005514,84.26632,84.28675,86.5526
2022-01-19 13:15:42.510823,84.93716,84.95775,85.64968
2022-01-19 13:15:43.008270,83.90492,84.132,85.64968
2022-01-19 13:15:43.505764,83.9569,84.33875,85.68833
2022-01-19 13:15:44.004342,84.52377,84.59625,85.68833
2022-01-19 13:15:44.510149,83.90492,84.28675,85.49229
2022-01-19 13:15:45.008152,84.42104,84.699,85.49229
2022-01-19 13:15:45.504326,83.85417,83.92525,85.06062
2022-01-19 13:15:46.003504,84.83319,85.21525,85.06062
2022-01-19 13:15:46.510726,84.1636,84.132,85.88531
2022-01-19 13:15:47.008107,84.26632,84.54425,85.88531
2022-01-19 13:15:47.502409,84.1636,84.33875,85.53187
2022-01-19 13:15:48.010082,83.9569,84.28675,85.53187
2022-01-19 13:15:48.504482,84.57575,84.85375,85.13885
2022-01-19 13:15:49.002719,83.54475,83.7705,85.13885
2022-01-19 13:15:49.507536,84.62773,84.803,86.15958
