時間,回転１,回転２,回転３
2022-01-16 17:00:01.011088,0.0,0.0,0.0
2022-01-16 17:00:01.502607,0.0,0.0,0.0
2022-01-16 17:00:02.000756,0.0,0.0,0.0
2022-01-16 17:00:02.505437,0.0,0.0,0.0
2022-01-16 17:00:03.002653,0.0,0.0,0.0
2022-01-16 17:00:03.508115,0.0,0.0,0.0
2022-01-16 17:00:04.005132,0.0,0.0,0.0
2022-01-16 17:00:04.504306,0.0,0.0,0.0
2022-01-16 17:00:05.011080,0.0,0.0,0.0
2022-01-16 17:00:05.505955,0.0,0.0,0.0
2022-01-16 17:00:06.006416,0.0,0.0,0.0
2022-01-16 17:00:06.501286,0.0,0.0,0.0
2022-01-16 17:00:07.010235,0.0,0.0,0.0
2022-01-16 17:00:07.504743,0.0,0.0,0.0
2022-01-16 17:00:08.002129,0.0,0.0,0.0
2022-01-16 17:00:08.507187,0.0,0.0,0.0
2022-01-16 17:00:09.005594,0.0,0.0,0.0
2022-01-16 17:00:09.510939,0.0,0.0,0.0
2022-01-16 17:00:10.007199,0.0,0.0,0.0
2022-01-16 17:00:10.503331,0.0,0.0,0.0
2022-01-16 17:00:11.011125,0.0,0.0,0.0
2022-01-16 17:00:11.505234,0.0,0.0,0.0
2022-01-16 17:00:12.005242,0.0,0.0,0.0
2022-01-16 17:00:12.510375,0.0,0.0,0.0
2022-01-16 17:00:13.008223,0.0,0.0,0.0
2022-01-16 17:00:13.502962,0.0,0.0,0.0
2022-01-16 17:00:14.001094,0.0,0.0,0.0
2022-01-16 17:00:14.507838,0.0,0.0,0.0
2022-01-16 17:00:15.005826,0.0,0.0,0.0
2022-01-16 17:00:15.501253,0.0,0.0,0.0
2022-01-16 17:00:16.010424,0.0,0.0,0.0
2022-01-16 17:00:16.506258,0.0,0.0,0.0
2022-01-16 17:00:17.003878,0.0,0.0,0.0
2022-01-16 17:00:17.509706,0.0,0.0,0.0
2022-01-16 17:00:18.008330,0.0,0.0,0.0
2022-01-16 17:00:18.504119,0.0,0.0,0.0
2022-01-16 17:00:19.001997,0.0,0.0,0.0
2022-01-16 17:00:19.507920,0.0,0.0,0.0
2022-01-16 17:00:20.005731,0.0,0.0,0.0
2022-01-16 17:00:20.509660,0.0,0.0,0.0
2022-01-16 17:00:21.007276,0.0,0.0,0.0
2022-01-16 17:00:21.504440,0.0,0.0,0.0
2022-01-16 17:00:22.003613,0.0,0.0,0.0
2022-01-16 17:00:22.508162,0.0,0.0,0.0
2022-01-16 17:00:23.005605,0.0,0.0,0.0
2022-01-16 17:00:23.503524,0.0,0.0,0.0
2022-01-16 17:00:24.001704,0.0,0.0,0.0
2022-01-16 17:00:24.508229,0.0,0.0,0.0
2022-01-16 17:00:25.006766,0.0,0.0,0.0
2022-01-16 17:00:25.501266,0.0,0.0,0.0
2022-01-16 17:00:26.009738,0.0,0.0,0.0
2022-01-16 17:00:26.505867,0.0,0.0,0.0
2022-01-16 17:00:27.005034,0.0,0.0,0.0
2022-01-16 17:00:27.509203,0.0,0.0,0.0
2022-01-16 17:00:28.008649,0.0,0.0,0.0
2022-01-16 17:00:28.502870,0.0,0.0,0.0
2022-01-16 17:00:29.011148,0.0,0.0,0.0
2022-01-16 17:00:29.506933,0.0,0.0,0.0
2022-01-16 17:00:30.004965,0.0,0.0,0.0
2022-01-16 17:00:31.004547,0.0,0.0,0.0
2022-01-16 17:00:32.005113,0.0,0.0,0.0
2022-01-16 17:00:32.510183,0.0,0.0,0.0
2022-01-16 17:00:33.009172,0.0,0.0,0.0
2022-01-16 17:00:33.503858,0.0,0.0,0.0
2022-01-16 17:00:34.000968,0.0,0.0,0.0
2022-01-16 17:00:34.507192,0.0,0.0,0.0
2022-01-16 17:00:35.005875,0.0,0.0,0.0
2022-01-16 17:00:35.510902,0.0,0.0,0.0
2022-01-16 17:00:36.008593,0.0,0.0,0.0
2022-01-16 17:00:36.503480,0.0,0.0,0.0
2022-01-16 17:00:37.010866,0.0,0.0,0.0
2022-01-16 17:00:37.506185,0.0,0.0,0.0
2022-01-16 17:00:38.005087,0.0,0.0,0.0
2022-01-16 17:00:38.509671,0.0,0.0,0.0
2022-01-16 17:00:39.008362,0.0,0.0,0.0
2022-01-16 17:00:39.503207,0.0,0.0,0.0
2022-01-16 17:00:40.001465,0.0,0.0,0.0
2022-01-16 17:00:40.505814,0.0,0.0,0.0
2022-01-16 17:00:41.005626,0.0,0.0,0.0
2022-01-16 17:00:41.510858,0.0,0.0,0.0
2022-01-16 17:00:42.009374,0.0,0.0,0.0
2022-01-16 17:00:42.505123,0.0,0.0,0.0
2022-01-16 17:00:43.003425,0.0,0.0,0.0
2022-01-16 17:00:43.508553,0.0,0.0,0.0
2022-01-16 17:00:44.005961,0.0,0.0,0.0
2022-01-16 17:00:44.511086,0.0,0.0,0.0
2022-01-16 17:00:45.008079,0.0,0.0,0.0
2022-01-16 17:00:45.505280,0.0,0.0,0.0
2022-01-16 17:00:46.004635,0.0,0.0,0.0
2022-01-16 17:00:46.509808,0.0,0.0,0.0
2022-01-16 17:00:47.008027,0.0,0.0,0.0
2022-01-16 17:00:47.502740,0.0,0.0,0.0
2022-01-16 17:00:48.010766,0.0,0.0,0.0
2022-01-16 17:00:48.505234,0.0,0.0,0.0
2022-01-16 17:00:49.003567,0.0,0.0,0.0
2022-01-16 17:00:49.508554,0.0,0.0,0.0
2022-01-16 17:00:50.007626,0.0,0.0,0.0
2022-01-16 17:00:50.501261,0.0,0.0,0.0
2022-01-16 17:00:51.010396,0.0,0.0,0.0
2022-01-16 17:00:51.504191,0.0,0.0,0.0
2022-01-16 17:00:52.001708,0.0,0.0,0.0
2022-01-16 17:00:52.505656,0.0,0.0,0.0
2022-01-16 17:00:53.004594,0.0,0.0,0.0
2022-01-16 17:00:53.508836,0.0,0.0,0.0
2022-01-16 17:00:54.006618,0.0,0.0,0.0
2022-01-16 17:00:54.502232,0.0,0.0,0.0
2022-01-16 17:00:55.010758,0.0,0.0,0.0
2022-01-16 17:00:55.505113,0.0,0.0,0.0
2022-01-16 17:00:56.003773,0.0,0.0,0.0
2022-01-16 17:00:56.507319,0.0,0.0,0.0
2022-01-16 17:00:57.005334,0.0,0.0,0.0
2022-01-16 17:00:57.510285,0.0,0.0,0.0
2022-01-16 17:00:58.009635,0.0,0.0,0.0
2022-01-16 17:00:58.503737,0.0,0.0,0.0
2022-01-16 17:00:59.002853,0.0,0.0,0.0
2022-01-16 17:00:59.508590,0.0,0.0,0.0
2022-01-16 17:01:00.005444,0.0,0.0,0.0
2022-01-16 17:01:00.508920,0.0,0.0,0.0
2022-01-16 17:01:01.005130,0.0,0.0,0.0
2022-01-16 17:01:01.509314,0.0,0.0,0.0
2022-01-16 17:01:02.007132,0.0,0.0,0.0
2022-01-16 17:01:02.501548,0.0,0.0,0.0
2022-01-16 17:01:03.001237,0.0,0.0,0.0
2022-01-16 17:01:03.506063,0.0,0.0,0.0
2022-01-16 17:01:04.005245,0.0,0.0,0.0
2022-01-16 17:01:04.510402,0.0,0.0,0.0
2022-01-16 17:01:05.009683,0.0,0.0,0.0
2022-01-16 17:01:05.504991,0.0,0.0,0.0
2022-01-16 17:01:06.002596,0.0,0.0,0.0
2022-01-16 17:01:06.506845,0.0,0.0,0.0
2022-01-16 17:01:07.005727,0.0,0.0,0.0
2022-01-16 17:01:07.511204,0.0,0.0,0.0
2022-01-16 17:01:08.009223,0.0,0.0,0.0
2022-01-16 17:01:08.510055,0.0,0.0,0.0
2022-01-16 17:01:09.008392,0.0,0.0,0.0
2022-01-16 17:01:09.502885,0.0,0.0,0.0
2022-01-16 17:01:10.010123,0.0,0.0,0.0
2022-01-16 17:01:10.503401,0.0,0.0,0.0
2022-01-16 17:01:11.002361,0.0,0.0,0.0
2022-01-16 17:01:11.507308,0.0,0.0,0.0
2022-01-16 17:01:12.005825,0.0,0.0,0.0
2022-01-16 17:01:12.510119,0.0,0.0,0.0
2022-01-16 17:01:13.007982,0.0,0.0,0.0
2022-01-16 17:01:13.501810,0.0,0.0,0.0
2022-01-16 17:01:14.009629,0.0,0.0,0.0
2022-01-16 17:01:14.504750,0.0,0.0,0.0
2022-01-16 17:01:15.002625,0.0,0.0,0.0
2022-01-16 17:01:15.508332,0.0,0.0,0.0
2022-01-16 17:01:16.007770,0.0,0.0,0.0
2022-01-16 17:01:16.502740,0.0,0.0,0.0
2022-01-16 17:01:17.010233,0.0,0.0,0.0
2022-01-16 17:01:17.504330,0.0,0.0,0.0
2022-01-16 17:01:18.001327,0.0,0.0,0.0
2022-01-16 17:01:18.505557,0.0,0.0,0.0
2022-01-16 17:01:19.003962,0.0,0.0,0.0
2022-01-16 17:01:19.508996,0.0,0.0,0.0
2022-01-16 17:01:20.007284,0.0,0.0,0.0
2022-01-16 17:01:20.502912,0.0,0.0,0.0
2022-01-16 17:01:21.003310,0.0,0.0,0.0
2022-01-16 17:01:21.509120,0.0,0.0,0.0
2022-01-16 17:01:22.006305,0.0,0.0,0.0
2022-01-16 17:01:22.501401,0.0,0.0,0.0
2022-01-16 17:01:23.009712,0.0,0.0,0.0
2022-01-16 17:01:23.502843,0.0,0.0,0.0
2022-01-16 17:01:24.002273,0.0,0.0,0.0
2022-01-16 17:01:24.509032,0.0,0.0,0.0
2022-01-16 17:01:25.007536,0.0,0.0,0.0
2022-01-16 17:01:25.503172,0.0,0.0,0.0
2022-01-16 17:01:26.001396,0.0,0.0,0.0
2022-01-16 17:01:26.506108,0.0,0.0,0.0
2022-01-16 17:01:27.004618,0.0,0.0,0.0
2022-01-16 17:01:27.508654,0.0,0.0,0.0
2022-01-16 17:01:28.005791,0.0,0.0,0.0
2022-01-16 17:01:28.502308,0.0,0.0,0.0
2022-01-16 17:01:29.010756,0.0,0.0,0.0
2022-01-16 17:01:29.507468,0.0,0.0,0.0
2022-01-16 17:01:30.005897,0.0,0.0,0.0
2022-01-16 17:01:30.501145,0.0,0.0,0.0
2022-01-16 17:01:31.009302,0.0,0.0,0.0
2022-01-16 17:01:31.505024,0.0,0.0,0.0
2022-01-16 17:01:32.002880,0.0,0.0,0.0
2022-01-16 17:01:32.508338,0.0,0.0,0.0
2022-01-16 17:01:33.005692,0.0,0.0,0.0
2022-01-16 17:01:33.510998,0.0,0.0,0.0
2022-01-16 17:01:34.010095,0.0,0.0,0.0
2022-01-16 17:01:34.505603,0.0,0.0,0.0
2022-01-16 17:01:35.004543,0.0,0.0,0.0
2022-01-16 17:01:35.508434,0.0,0.0,0.0
2022-01-16 17:01:36.006450,0.0,0.0,0.0
2022-01-16 17:01:36.501878,0.0,0.0,0.0
2022-01-16 17:01:37.009382,0.0,0.0,0.0
2022-01-16 17:01:37.502869,0.0,0.0,0.0
2022-01-16 17:01:38.010839,0.0,0.0,0.0
2022-01-16 17:01:38.505370,0.0,0.0,0.0
2022-01-16 17:01:39.003698,0.0,0.0,0.0
2022-01-16 17:01:39.509444,0.0,0.0,0.0
2022-01-16 17:01:40.007429,0.0,0.0,0.0
2022-01-16 17:01:40.506793,0.0,0.0,0.0
2022-01-16 17:01:41.006054,0.0,0.0,0.0
2022-01-16 17:01:41.502853,0.0,0.0,0.0
2022-01-16 17:01:42.010558,0.0,0.0,0.0
2022-01-16 17:01:42.505212,0.0,0.0,0.0
2022-01-16 17:01:43.004176,0.0,0.0,0.0
2022-01-16 17:01:43.510097,0.0,0.0,0.0
2022-01-16 17:01:44.009403,0.0,0.0,0.0
2022-01-16 17:01:44.504333,0.0,0.0,0.0
2022-01-16 17:01:45.002712,0.0,0.0,0.0
2022-01-16 17:01:45.508332,0.0,0.0,0.0
2022-01-16 17:01:46.008107,0.0,0.0,0.0
2022-01-16 17:01:46.502234,0.0,0.0,0.0
2022-01-16 17:01:47.001943,0.0,0.0,0.0
2022-01-16 17:01:47.507852,0.0,0.0,0.0
2022-01-16 17:01:48.005673,0.0,0.0,0.0
2022-01-16 17:01:48.509752,0.0,0.0,0.0
2022-01-16 17:01:49.008378,0.0,0.0,0.0
2022-01-16 17:01:49.502730,0.0,0.0,0.0
2022-01-16 17:01:50.010834,0.0,0.0,0.0
2022-01-16 17:01:50.508345,0.0,0.0,0.0
2022-01-16 17:01:51.005232,0.0,0.0,0.0
2022-01-16 17:01:51.508770,0.0,0.0,0.0
2022-01-16 17:01:52.006057,0.0,0.0,0.0
2022-01-16 17:01:52.501271,0.0,0.0,0.0
2022-01-16 17:01:53.009290,0.0,0.0,0.0
2022-01-16 17:01:53.505295,0.0,0.0,0.0
2022-01-16 17:01:54.003541,0.0,0.0,0.0
2022-01-16 17:01:54.507780,0.0,0.0,0.0
2022-01-16 17:01:55.006186,0.0,0.0,0.0
2022-01-16 17:01:55.501268,0.0,0.0,0.0
2022-01-16 17:01:56.009612,0.0,0.0,0.0
2022-01-16 17:01:56.503679,0.0,0.0,0.0
2022-01-16 17:01:57.001516,0.0,0.0,0.0
2022-01-16 17:01:57.506913,0.0,0.0,0.0
2022-01-16 17:01:58.004207,0.0,0.0,0.0
2022-01-16 17:01:58.507502,0.0,0.0,0.0
2022-01-16 17:01:59.004704,0.0,0.0,0.0
2022-01-16 17:01:59.501884,0.0,0.0,0.0
2022-01-16 17:02:00.009328,0.0,0.0,0.0
2022-01-16 17:02:00.503552,0.0,0.0,0.0
2022-01-16 17:02:01.001668,0.0,0.0,0.0
2022-01-16 17:02:01.506946,0.0,0.0,0.0
2022-01-16 17:02:02.004842,0.0,0.0,0.0
2022-01-16 17:02:02.511131,0.0,0.0,0.0
2022-01-16 17:02:03.009219,0.0,0.0,0.0
2022-01-16 17:02:03.505075,0.0,0.0,0.0
2022-01-16 17:02:04.004488,0.0,0.0,0.0
2022-01-16 17:02:05.006406,0.0,0.0,0.0
2022-01-16 17:02:05.501714,0.0,0.0,0.0
2022-01-16 17:02:06.010482,0.0,0.0,0.0
2022-01-16 17:02:06.504729,0.0,0.0,0.0
2022-01-16 17:02:07.002652,0.0,0.0,0.0
2022-01-16 17:02:07.509053,0.0,0.0,0.0
2022-01-16 17:02:08.007003,0.0,0.0,0.0
2022-01-16 17:02:08.502140,0.0,0.0,0.0
2022-01-16 17:02:09.010961,0.0,0.0,0.0
2022-01-16 17:02:09.504483,0.0,0.0,0.0
2022-01-16 17:02:10.001942,0.0,0.0,0.0
2022-01-16 17:02:10.506736,0.0,0.0,0.0
2022-01-16 17:02:11.004776,0.0,0.0,0.0
2022-01-16 17:02:11.510047,0.0,0.0,0.0
2022-01-16 17:02:12.008915,0.0,0.0,0.0
2022-01-16 17:02:12.505033,0.0,0.0,0.0
2022-01-16 17:02:13.002994,0.0,0.0,0.0
2022-01-16 17:02:13.507518,0.0,0.0,0.0
2022-01-16 17:02:14.005970,0.0,0.0,0.0
2022-01-16 17:02:14.501489,0.0,0.0,0.0
2022-01-16 17:02:15.011272,0.0,0.0,0.0
2022-01-16 17:02:15.506222,0.0,0.0,0.0
2022-01-16 17:02:16.005551,0.0,0.0,0.0
2022-01-16 17:02:16.501154,0.0,0.0,0.0
2022-01-16 17:02:17.009755,0.0,0.0,0.0
2022-01-16 17:02:17.504534,0.0,0.0,0.0
2022-01-16 17:02:18.002478,0.0,0.0,0.0
2022-01-16 17:02:18.505878,0.0,0.0,0.0
2022-01-16 17:02:19.003788,0.0,0.0,0.0
2022-01-16 17:02:19.508052,0.0,0.0,0.0
2022-01-16 17:02:20.006394,0.0,0.0,0.0
2022-01-16 17:02:20.501557,0.0,0.0,0.0
2022-01-16 17:02:21.010900,0.0,0.0,0.0
2022-01-16 17:02:21.506865,0.0,0.0,0.0
2022-01-16 17:02:22.004685,0.0,0.0,0.0
2022-01-16 17:02:22.509696,0.0,0.0,0.0
2022-01-16 17:02:23.007226,0.0,0.0,0.0
2022-01-16 17:02:23.503151,0.0,0.0,0.0
2022-01-16 17:02:24.001795,0.0,0.0,0.0
2022-01-16 17:02:24.508279,0.0,0.0,0.0
2022-01-16 17:02:25.007340,0.0,0.0,0.0
2022-01-16 17:02:25.502395,0.0,0.0,0.0
2022-01-16 17:02:26.010262,0.0,0.0,0.0
2022-01-16 17:02:26.507885,0.0,0.0,0.0
2022-01-16 17:02:27.005692,0.0,0.0,0.0
2022-01-16 17:02:27.501063,0.0,0.0,0.0
2022-01-16 17:02:28.011092,0.0,0.0,0.0
2022-01-16 17:02:28.507259,0.0,0.0,0.0
2022-01-16 17:02:29.005006,0.0,0.0,0.0
2022-01-16 17:02:29.501787,0.0,0.0,0.0
2022-01-16 17:02:30.010512,0.0,0.0,0.0
2022-01-16 17:02:30.505738,0.0,0.0,0.0
2022-01-16 17:02:31.004919,0.0,0.0,0.0
2022-01-16 17:02:31.509509,0.0,0.0,0.0
2022-01-16 17:02:32.008679,0.0,0.0,0.0
2022-01-16 17:02:32.504122,0.0,0.0,0.0
2022-01-16 17:02:33.002055,0.0,0.0,0.0
2022-01-16 17:02:33.505454,0.0,0.0,0.0
2022-01-16 17:02:34.002907,0.0,0.0,0.0
2022-01-16 17:02:34.507554,0.0,0.0,0.0
2022-01-16 17:02:35.005709,0.0,0.0,0.0
2022-01-16 17:02:35.509751,0.0,0.0,0.0
2022-01-16 17:02:36.008660,0.0,0.0,0.0
2022-01-16 17:02:36.502739,0.0,0.0,0.0
2022-01-16 17:02:37.001443,0.0,0.0,0.0
2022-01-16 17:02:37.506218,0.0,0.0,0.0
2022-01-16 17:02:38.005330,0.0,0.0,0.0
2022-01-16 17:02:38.501733,0.0,0.0,0.0
2022-01-16 17:02:39.001286,0.0,0.0,0.0
2022-01-16 17:02:39.506335,0.0,0.0,0.0
2022-01-16 17:02:40.005599,0.0,0.0,0.0
2022-01-16 17:02:40.501989,0.0,0.0,0.0
2022-01-16 17:02:41.010708,0.0,0.0,0.0
2022-01-16 17:02:41.505576,0.0,0.0,0.0
2022-01-16 17:02:42.004493,0.0,0.0,0.0
2022-01-16 17:02:42.510671,0.0,0.0,0.0
2022-01-16 17:02:43.008708,0.0,0.0,0.0
2022-01-16 17:02:43.504128,0.0,0.0,0.0
2022-01-16 17:02:44.001605,0.0,0.0,0.0
2022-01-16 17:02:44.507500,0.0,0.0,0.0
2022-01-16 17:02:45.005782,0.0,0.0,0.0
2022-01-16 17:02:45.510899,0.0,0.0,0.0
2022-01-16 17:02:46.008564,0.0,0.0,0.0
2022-01-16 17:02:46.503524,0.0,0.0,0.0
2022-01-16 17:02:47.001314,0.0,0.0,0.0
2022-01-16 17:02:47.505723,0.0,0.0,0.0
2022-01-16 17:02:48.004633,0.0,0.0,0.0
2022-01-16 17:02:48.509249,0.0,0.0,0.0
2022-01-16 17:02:49.007458,0.0,0.0,0.0
2022-01-16 17:02:49.503177,0.0,0.0,0.0
2022-01-16 17:02:50.001553,0.0,0.0,0.0
2022-01-16 17:02:50.506921,0.0,0.0,0.0
2022-01-16 17:02:51.004447,0.0,0.0,0.0
2022-01-16 17:02:51.509645,0.0,0.0,0.0
2022-01-16 17:02:52.008226,0.0,0.0,0.0
2022-01-16 17:02:52.501913,0.0,0.0,0.0
2022-01-16 17:02:53.505487,0.0,0.0,0.0
2022-01-16 17:02:54.003509,0.0,0.0,0.0
2022-01-16 17:02:54.509477,0.0,0.0,0.0
2022-01-16 17:02:55.007417,0.0,0.0,0.0
2022-01-16 17:02:55.503522,0.0,0.0,0.0
2022-01-16 17:02:56.001459,0.0,0.0,0.0
2022-01-16 17:02:56.505140,0.0,0.0,0.0
2022-01-16 17:02:57.003151,0.0,0.0,0.0
2022-01-16 17:02:57.507883,0.0,0.0,0.0
2022-01-16 17:02:58.005604,0.0,0.0,0.0
2022-01-16 17:02:58.501750,0.0,0.0,0.0
2022-01-16 17:02:59.010961,0.0,0.0,0.0
2022-01-16 17:02:59.504539,0.0,0.0,0.0
2022-01-16 17:03:00.003711,0.0,0.0,0.0
2022-01-16 17:03:00.505673,0.0,0.0,0.0
2022-01-16 17:03:01.003727,0.0,0.0,0.0
2022-01-16 17:03:01.510252,0.0,0.0,0.0
2022-01-16 17:03:02.008190,0.0,0.0,0.0
2022-01-16 17:03:02.504939,0.0,0.0,0.0
2022-01-16 17:03:03.002427,0.0,0.0,0.0
2022-01-16 17:03:03.507684,0.0,0.0,0.0
2022-01-16 17:03:04.006515,0.0,0.0,0.0
2022-01-16 17:03:04.501159,0.0,0.0,0.0
2022-01-16 17:03:05.010501,0.0,0.0,0.0
2022-01-16 17:03:05.506799,0.0,0.0,0.0
2022-01-16 17:03:06.005715,0.0,0.0,0.0
2022-01-16 17:03:06.501131,0.0,0.0,0.0
2022-01-16 17:03:07.010723,0.0,0.0,0.0
2022-01-16 17:03:07.504756,0.0,0.0,0.0
2022-01-16 17:03:08.002225,0.0,0.0,0.0
2022-01-16 17:03:08.507472,0.0,0.0,0.0
2022-01-16 17:03:09.004846,0.0,0.0,0.0
2022-01-16 17:03:09.510032,0.0,0.0,0.0
2022-01-16 17:03:10.006005,0.0,0.0,0.0
2022-01-16 17:03:10.506739,0.0,0.0,0.0
2022-01-16 17:03:11.005143,0.0,0.0,0.0
2022-01-16 17:03:11.501144,0.0,0.0,0.0
2022-01-16 17:03:12.001604,0.0,0.0,0.0
2022-01-16 17:03:12.506768,0.0,0.0,0.0
2022-01-16 17:03:13.004236,0.0,0.0,0.0
2022-01-16 17:03:13.510772,0.0,0.0,0.0
2022-01-16 17:03:14.008849,0.0,0.0,0.0
2022-01-16 17:03:14.504312,0.0,0.0,0.0
2022-01-16 17:03:15.001214,0.0,0.0,0.0
2022-01-16 17:03:15.507008,0.0,0.0,0.0
2022-01-16 17:03:16.006048,0.0,0.0,0.0
2022-01-16 17:03:16.501853,0.0,0.0,0.0
2022-01-16 17:03:17.010285,0.0,0.0,0.0
2022-01-16 17:03:17.503041,0.0,0.0,0.0
2022-01-16 17:03:18.010046,0.0,0.0,0.0
2022-01-16 17:03:18.505104,0.0,0.0,0.0
2022-01-16 17:03:19.004117,0.0,0.0,0.0
2022-01-16 17:03:19.508907,0.0,0.0,0.0
2022-01-16 17:03:20.005463,0.0,0.0,0.0
2022-01-16 17:03:20.502416,0.0,0.0,0.0
2022-01-16 17:03:21.001900,0.0,0.0,0.0
2022-01-16 17:03:21.506291,0.0,0.0,0.0
2022-01-16 17:03:22.003587,0.0,0.0,0.0
2022-01-16 17:03:22.507893,0.0,0.0,0.0
2022-01-16 17:03:23.004964,0.0,0.0,0.0
2022-01-16 17:03:23.509191,0.0,0.0,0.0
2022-01-16 17:03:24.006891,0.0,0.0,0.0
2022-01-16 17:03:24.503115,0.0,0.0,0.0
2022-01-16 17:03:25.001490,0.0,0.0,0.0
2022-01-16 17:03:25.506899,0.0,0.0,0.0
2022-01-16 17:03:26.003642,0.0,0.0,0.0
2022-01-16 17:03:26.509186,0.0,0.0,0.0
2022-01-16 17:03:27.006864,0.0,0.0,0.0
2022-01-16 17:03:27.511095,0.0,0.0,0.0
2022-01-16 17:03:28.008421,0.0,0.0,0.0
2022-01-16 17:03:28.504577,0.0,0.0,0.0
2022-01-16 17:03:29.002294,0.0,0.0,0.0
2022-01-16 17:03:29.510095,0.0,0.0,0.0
2022-01-16 17:03:30.011104,0.0,0.0,0.0
2022-01-16 17:03:30.507326,0.0,0.0,0.0
2022-01-16 17:03:31.006654,0.0,0.0,0.0
2022-01-16 17:03:31.501439,0.0,0.0,0.0
2022-01-16 17:03:32.009143,0.0,0.0,0.0
2022-01-16 17:03:32.504797,0.0,0.0,0.0
2022-01-16 17:03:33.002195,0.0,0.0,0.0
2022-01-16 17:03:33.508574,0.0,0.0,0.0
2022-01-16 17:03:34.007623,0.0,0.0,0.0
2022-01-16 17:03:34.501538,0.0,0.0,0.0
2022-01-16 17:03:35.009361,0.0,0.0,0.0
2022-01-16 17:03:35.504654,0.0,0.0,0.0
2022-01-16 17:03:36.002561,0.0,0.0,0.0
2022-01-16 17:03:36.507983,0.0,0.0,0.0
2022-01-16 17:03:37.005336,0.0,0.0,0.0
2022-01-16 17:03:37.509455,0.0,0.0,0.0
2022-01-16 17:03:38.009315,0.0,0.0,0.0
2022-01-16 17:03:38.506490,0.0,0.0,0.0
2022-01-16 17:03:39.004652,0.0,0.0,0.0
2022-01-16 17:03:39.509668,0.0,0.0,0.0
2022-01-16 17:03:40.008709,0.0,0.0,0.0
2022-01-16 17:03:40.504065,0.0,0.0,0.0
2022-01-16 17:03:41.011303,0.0,0.0,0.0
2022-01-16 17:03:41.506336,0.0,0.0,0.0
2022-01-16 17:03:42.005050,0.0,0.0,0.0
2022-01-16 17:03:42.501061,0.0,0.0,0.0
2022-01-16 17:03:43.009797,0.0,0.0,0.0
2022-01-16 17:03:43.505692,0.0,0.0,0.0
2022-01-16 17:03:44.005438,0.0,0.0,0.0
2022-01-16 17:03:44.501132,0.0,0.0,0.0
2022-01-16 17:03:45.008796,0.0,0.0,0.0
2022-01-16 17:03:45.503276,0.0,0.0,0.0
2022-01-16 17:03:46.001235,0.0,0.0,0.0
2022-01-16 17:03:46.507294,0.0,0.0,0.0
2022-01-16 17:03:47.003888,0.0,0.0,0.0
2022-01-16 17:03:47.508694,0.0,0.0,0.0
2022-01-16 17:03:48.005156,0.0,0.0,0.0
2022-01-16 17:03:48.501673,0.0,0.0,0.0
2022-01-16 17:03:49.009359,0.0,0.0,0.0
2022-01-16 17:03:49.503617,0.0,0.0,0.0
2022-01-16 17:03:50.011204,0.0,0.0,0.0
2022-01-16 17:03:50.506744,0.0,0.0,0.0
2022-01-16 17:03:51.004436,0.0,0.0,0.0
2022-01-16 17:03:51.508561,0.0,0.0,0.0
2022-01-16 17:03:52.006765,0.0,0.0,0.0
2022-01-16 17:03:52.502219,0.0,0.0,0.0
2022-01-16 17:03:53.010304,0.0,0.0,0.0
2022-01-16 17:03:53.504567,0.0,0.0,0.0
2022-01-16 17:03:54.002975,0.0,0.0,0.0
2022-01-16 17:03:54.508415,0.0,0.0,0.0
2022-01-16 17:03:55.005778,0.0,0.0,0.0
2022-01-16 17:03:55.510616,0.0,0.0,0.0
2022-01-16 17:03:56.009114,0.0,0.0,0.0
2022-01-16 17:03:56.506726,0.0,0.0,0.0
2022-01-16 17:03:57.005257,0.0,0.0,0.0
2022-01-16 17:03:57.510227,0.0,0.0,0.0
2022-01-16 17:03:58.007542,0.0,0.0,0.0
2022-01-16 17:03:58.506274,0.0,0.0,0.0
2022-01-16 17:03:59.004684,0.0,0.0,0.0
2022-01-16 17:03:59.509663,0.0,0.0,0.0
2022-01-16 17:04:00.008280,0.0,0.0,0.0
2022-01-16 17:04:00.503329,0.0,0.0,0.0
2022-01-16 17:04:01.002141,0.0,0.0,0.0
2022-01-16 17:04:01.507429,0.0,0.0,0.0
2022-01-16 17:04:02.005652,0.0,0.0,0.0
2022-01-16 17:04:02.509066,0.0,0.0,0.0
2022-01-16 17:04:03.005755,0.0,0.0,0.0
2022-01-16 17:04:03.509627,0.0,0.0,0.0
2022-01-16 17:04:04.007620,0.0,0.0,0.0
2022-01-16 17:04:04.501488,0.0,0.0,0.0
2022-01-16 17:04:05.001134,0.0,0.0,0.0
2022-01-16 17:04:05.506134,0.0,0.0,0.0
2022-01-16 17:04:06.005649,0.0,0.0,0.0
2022-01-16 17:04:06.511108,0.0,0.0,0.0
2022-01-16 17:04:07.008605,0.0,0.0,0.0
2022-01-16 17:04:07.504538,0.0,0.0,0.0
2022-01-16 17:04:08.001845,0.0,0.0,0.0
2022-01-16 17:04:08.507911,0.0,0.0,0.0
2022-01-16 17:04:09.006711,0.0,0.0,0.0
2022-01-16 17:04:09.502188,0.0,0.0,0.0
2022-01-16 17:04:10.009711,0.0,0.0,0.0
2022-01-16 17:04:10.506235,0.0,0.0,0.0
2022-01-16 17:04:11.003106,0.0,0.0,0.0
2022-01-16 17:04:11.507481,0.0,0.0,0.0
2022-01-16 17:04:12.005760,0.0,0.0,0.0
2022-01-16 17:04:12.509793,0.0,0.0,0.0
2022-01-16 17:04:13.008645,0.0,0.0,0.0
2022-01-16 17:04:13.506209,0.0,0.0,0.0
2022-01-16 17:04:14.004265,0.0,0.0,0.0
2022-01-16 17:04:14.507797,0.0,0.0,0.0
2022-01-16 17:04:15.005138,0.0,0.0,0.0
2022-01-16 17:04:15.510475,0.0,0.0,0.0
2022-01-16 17:04:16.009527,0.0,0.0,0.0
2022-01-16 17:04:16.504478,0.0,0.0,0.0
2022-01-16 17:04:17.002291,0.0,0.0,0.0
2022-01-16 17:04:17.506936,0.0,0.0,0.0
2022-01-16 17:04:18.005728,0.0,0.0,0.0
2022-01-16 17:04:18.509931,0.0,0.0,0.0
2022-01-16 17:04:19.008636,0.0,0.0,0.0
2022-01-16 17:04:19.501934,0.0,0.0,0.0
2022-01-16 17:04:20.011119,0.0,0.0,0.0
2022-01-16 17:04:20.505458,0.0,0.0,0.0
2022-01-16 17:04:21.003880,0.0,0.0,0.0
2022-01-16 17:04:21.510459,0.0,0.0,0.0
2022-01-16 17:04:22.008651,0.0,0.0,0.0
2022-01-16 17:04:22.506043,0.0,0.0,0.0
2022-01-16 17:04:23.005280,0.0,0.0,0.0
2022-01-16 17:04:23.510474,0.0,0.0,0.0
2022-01-16 17:04:24.009328,0.0,0.0,0.0
2022-01-16 17:04:24.504094,0.0,0.0,0.0
2022-01-16 17:04:25.001292,0.0,0.0,0.0
2022-01-16 17:04:25.505526,0.0,0.0,0.0
2022-01-16 17:04:26.004599,0.0,0.0,0.0
2022-01-16 17:04:26.509822,0.0,0.0,0.0
2022-01-16 17:04:27.009034,0.0,0.0,0.0
2022-01-16 17:04:27.501877,0.0,0.0,0.0
2022-01-16 17:04:28.010276,0.0,0.0,0.0
2022-01-16 17:04:28.505281,0.0,0.0,0.0
2022-01-16 17:04:29.003846,0.0,0.0,0.0
2022-01-16 17:04:29.507756,0.0,0.0,0.0
2022-01-16 17:04:30.005690,0.0,0.0,0.0
2022-01-16 17:04:30.510338,0.0,0.0,0.0
2022-01-16 17:04:31.009249,0.0,0.0,0.0
2022-01-16 17:04:31.504814,0.0,0.0,0.0
2022-01-16 17:04:32.002404,0.0,0.0,0.0
2022-01-16 17:04:32.507395,0.0,0.0,0.0
2022-01-16 17:04:33.005450,0.0,0.0,0.0
2022-01-16 17:04:33.510068,0.0,0.0,0.0
2022-01-16 17:04:34.008335,0.0,0.0,0.0
2022-01-16 17:04:34.502868,0.0,0.0,0.0
2022-01-16 17:04:35.010175,0.0,0.0,0.0
2022-01-16 17:04:35.503990,0.0,0.0,0.0
2022-01-16 17:04:36.002991,0.0,0.0,0.0
2022-01-16 17:04:36.507768,0.0,0.0,0.0
2022-01-16 17:04:37.005391,0.0,0.0,0.0
2022-01-16 17:04:37.508374,0.0,0.0,0.0
2022-01-16 17:04:38.006375,0.0,0.0,0.0
2022-01-16 17:04:38.501837,0.0,0.0,0.0
2022-01-16 17:04:39.009852,0.0,0.0,0.0
2022-01-16 17:04:39.504395,0.0,0.0,0.0
2022-01-16 17:04:40.003531,0.0,0.0,0.0
2022-01-16 17:04:40.509950,0.0,0.0,0.0
2022-01-16 17:04:41.009014,0.0,0.0,0.0
2022-01-16 17:04:41.501980,0.0,0.0,0.0
2022-01-16 17:04:42.010895,0.0,0.0,0.0
2022-01-16 17:04:42.505646,0.0,0.0,0.0
2022-01-16 17:04:43.003240,0.0,0.0,0.0
2022-01-16 17:04:43.508075,0.0,0.0,0.0
2022-01-16 17:04:44.005527,0.0,0.0,0.0
2022-01-16 17:04:44.501605,0.0,0.0,0.0
2022-01-16 17:04:45.001191,0.0,0.0,0.0
2022-01-16 17:04:45.504400,0.0,0.0,0.0
2022-01-16 17:04:46.002531,0.0,0.0,0.0
2022-01-16 17:04:46.506967,0.0,0.0,0.0
2022-01-16 17:04:47.004385,0.0,0.0,0.0
2022-01-16 17:04:47.509260,0.0,0.0,0.0
2022-01-16 17:04:48.008434,0.0,0.0,0.0
2022-01-16 17:04:48.502916,0.0,0.0,0.0
2022-01-16 17:04:49.011202,0.0,0.0,0.0
2022-01-16 17:04:49.505786,0.0,0.0,0.0
2022-01-16 17:04:50.005035,0.0,0.0,0.0
2022-01-16 17:04:50.510462,0.0,0.0,0.0
2022-01-16 17:04:51.009741,0.0,0.0,0.0
2022-01-16 17:04:51.503913,0.0,0.0,0.0
2022-01-16 17:04:52.002497,0.0,0.0,0.0
2022-01-16 17:04:52.507483,0.0,0.0,0.0
2022-01-16 17:04:53.005831,0.0,0.0,0.0
2022-01-16 17:04:53.511127,0.0,0.0,0.0
2022-01-16 17:04:54.010211,0.0,0.0,0.0
2022-01-16 17:04:54.505210,0.0,0.0,0.0
2022-01-16 17:04:55.003446,0.0,0.0,0.0
2022-01-16 17:04:55.507970,0.0,0.0,0.0
2022-01-16 17:04:56.006193,0.0,0.0,0.0
2022-01-16 17:04:56.510804,0.0,0.0,0.0
2022-01-16 17:04:57.009409,0.0,0.0,0.0
2022-01-16 17:04:57.504299,0.0,0.0,0.0
2022-01-16 17:04:58.004186,0.0,0.0,0.0
2022-01-16 17:04:58.502480,0.0,0.0,0.0
2022-01-16 17:04:59.002065,0.0,0.0,0.0
2022-01-16 17:04:59.505750,0.0,0.0,0.0
2022-01-16 17:05:00.004514,0.0,0.0,0.0
2022-01-16 17:05:00.506086,0.0,0.0,0.0
2022-01-16 17:05:01.004079,0.0,0.0,0.0
2022-01-16 17:05:01.508835,0.0,0.0,0.0
2022-01-16 17:05:02.007582,0.0,0.0,0.0
2022-01-16 17:05:02.502313,0.0,0.0,0.0
2022-01-16 17:05:03.010309,0.0,0.0,0.0
2022-01-16 17:05:03.505595,0.0,0.0,0.0
2022-01-16 17:05:04.005750,0.0,0.0,0.0
2022-01-16 17:05:04.501549,0.0,0.0,0.0
2022-01-16 17:05:05.009883,0.0,0.0,0.0
2022-01-16 17:05:05.503891,0.0,0.0,0.0
2022-01-16 17:05:06.002345,0.0,0.0,0.0
2022-01-16 17:05:06.508820,0.0,0.0,0.0
2022-01-16 17:05:07.005826,0.0,0.0,0.0
2022-01-16 17:05:07.511046,0.0,0.0,0.0
2022-01-16 17:05:08.007430,0.0,0.0,0.0
2022-01-16 17:05:08.511143,0.0,0.0,0.0
2022-01-16 17:05:09.009495,0.0,0.0,0.0
2022-01-16 17:05:09.505005,0.0,0.0,0.0
2022-01-16 17:05:10.001288,0.0,0.0,0.0
2022-01-16 17:05:10.504103,0.0,0.0,0.0
2022-01-16 17:05:11.003033,0.0,0.0,0.0
2022-01-16 17:05:11.507615,0.0,0.0,0.0
2022-01-16 17:05:12.005747,0.0,0.0,0.0
2022-01-16 17:05:12.502310,0.0,0.0,0.0
2022-01-16 17:05:13.011074,0.0,0.0,0.0
2022-01-16 17:05:13.506260,0.0,0.0,0.0
2022-01-16 17:05:14.004876,0.0,0.0,0.0
2022-01-16 17:05:14.511099,0.0,0.0,0.0
2022-01-16 17:05:15.008803,0.0,0.0,0.0
2022-01-16 17:05:15.504213,0.0,0.0,0.0
2022-01-16 17:05:16.001728,0.0,0.0,0.0
2022-01-16 17:05:16.507146,0.0,0.0,0.0
2022-01-16 17:05:17.005797,0.0,0.0,0.0
2022-01-16 17:05:17.510185,0.0,0.0,0.0
2022-01-16 17:05:18.009098,0.0,0.0,0.0
2022-01-16 17:05:18.505266,0.0,0.0,0.0
2022-01-16 17:05:19.004529,0.0,0.0,0.0
2022-01-16 17:05:19.509075,0.0,0.0,0.0
2022-01-16 17:05:20.006974,0.0,0.0,0.0
2022-01-16 17:05:20.510854,0.0,0.0,0.0
2022-01-16 17:05:21.009341,0.0,0.0,0.0
2022-01-16 17:05:21.504448,0.0,0.0,0.0
2022-01-16 17:05:22.002829,0.0,0.0,0.0
2022-01-16 17:05:22.508004,0.0,0.0,0.0
2022-01-16 17:05:23.005685,0.0,0.0,0.0
2022-01-16 17:05:23.509796,0.0,0.0,0.0
2022-01-16 17:05:24.008336,0.0,0.0,0.0
2022-01-16 17:05:24.504725,0.0,0.0,0.0
2022-01-16 17:05:25.002788,0.0,0.0,0.0
2022-01-16 17:05:25.507560,0.0,0.0,0.0
2022-01-16 17:05:26.005038,0.0,0.0,0.0
2022-01-16 17:05:26.509045,0.0,0.0,0.0
2022-01-16 17:05:27.005835,0.0,0.0,0.0
2022-01-16 17:05:27.501148,0.0,0.0,0.0
2022-01-16 17:05:28.009014,0.0,0.0,0.0
2022-01-16 17:05:28.503105,0.0,0.0,0.0
2022-01-16 17:05:29.002308,0.0,0.0,0.0
2022-01-16 17:05:29.506997,0.0,0.0,0.0
2022-01-16 17:05:30.008287,0.0,0.0,0.0
2022-01-16 17:05:30.502318,0.0,0.0,0.0
2022-01-16 17:05:31.010704,0.0,0.0,0.0
2022-01-16 17:05:31.504805,0.0,0.0,0.0
2022-01-16 17:05:32.002413,0.0,0.0,0.0
2022-01-16 17:05:32.507360,0.0,0.0,0.0
2022-01-16 17:05:33.004554,0.0,0.0,0.0
2022-01-16 17:05:33.510207,0.0,0.0,0.0
2022-01-16 17:05:34.008090,0.0,0.0,0.0
2022-01-16 17:05:34.502732,0.0,0.0,0.0
2022-01-16 17:05:35.001156,0.0,0.0,0.0
2022-01-16 17:05:35.506203,0.0,0.0,0.0
2022-01-16 17:05:36.003981,0.0,0.0,0.0
2022-01-16 17:05:36.508850,0.0,0.0,0.0
2022-01-16 17:05:37.005815,0.0,0.0,0.0
2022-01-16 17:05:37.510175,0.0,0.0,0.0
2022-01-16 17:05:38.010404,0.0,0.0,0.0
2022-01-16 17:05:38.506097,0.0,0.0,0.0
2022-01-16 17:05:39.003017,0.0,0.0,0.0
2022-01-16 17:05:39.506886,0.0,0.0,0.0
2022-01-16 17:05:40.004771,0.0,0.0,0.0
2022-01-16 17:05:40.510437,0.0,0.0,0.0
2022-01-16 17:05:41.007283,0.0,0.0,0.0
2022-01-16 17:05:41.510828,0.0,0.0,0.0
2022-01-16 17:05:42.009714,0.0,0.0,0.0
2022-01-16 17:05:42.506444,0.0,0.0,0.0
2022-01-16 17:05:43.004543,0.0,0.0,0.0
2022-01-16 17:05:43.504563,0.0,0.0,0.0
2022-01-16 17:05:44.001333,0.0,0.0,0.0
2022-01-16 17:05:44.505137,0.0,0.0,0.0
2022-01-16 17:05:45.002789,0.0,0.0,0.0
2022-01-16 17:05:45.507799,0.0,0.0,0.0
2022-01-16 17:05:46.005464,0.0,0.0,0.0
2022-01-16 17:05:46.502185,0.0,0.0,0.0
2022-01-16 17:05:47.010292,0.0,0.0,0.0
2022-01-16 17:05:47.505591,0.0,0.0,0.0
2022-01-16 17:05:48.004436,0.0,0.0,0.0
2022-01-16 17:05:48.509710,0.0,0.0,0.0
2022-01-16 17:05:49.008928,0.0,0.0,0.0
2022-01-16 17:05:49.502393,0.0,0.0,0.0
2022-01-16 17:05:50.504219,0.0,0.0,0.0
2022-01-16 17:05:51.001747,0.0,0.0,0.0
2022-01-16 17:05:51.508171,0.0,0.0,0.0
2022-01-16 17:05:52.005882,0.0,0.0,0.0
2022-01-16 17:05:52.511202,0.0,0.0,0.0
2022-01-16 17:05:53.009705,0.0,0.0,0.0
2022-01-16 17:05:53.503091,0.0,0.0,0.0
2022-01-16 17:05:54.001085,0.0,0.0,0.0
2022-01-16 17:05:54.506817,0.0,0.0,0.0
2022-01-16 17:05:55.005123,0.0,0.0,0.0
2022-01-16 17:05:55.508766,0.0,0.0,0.0
2022-01-16 17:05:56.003267,0.0,0.0,0.0
2022-01-16 17:05:56.508587,0.0,0.0,0.0
2022-01-16 17:05:57.006188,0.0,0.0,0.0
2022-01-16 17:05:57.510674,0.0,0.0,0.0
2022-01-16 17:05:58.009832,0.0,0.0,0.0
2022-01-16 17:05:58.503988,0.0,0.0,0.0
2022-01-16 17:05:59.011174,0.0,0.0,0.0
2022-01-16 17:05:59.506669,0.0,0.0,0.0
2022-01-16 17:06:00.005102,0.0,0.0,0.0
2022-01-16 17:06:00.510674,0.0,0.0,0.0
2022-01-16 17:06:01.008819,0.0,0.0,0.0
2022-01-16 17:06:01.504409,0.0,0.0,0.0
2022-01-16 17:06:02.001092,0.0,0.0,0.0
2022-01-16 17:06:02.506136,0.0,0.0,0.0
2022-01-16 17:06:03.004896,0.0,0.0,0.0
2022-01-16 17:06:03.510112,0.0,0.0,0.0
2022-01-16 17:06:04.008998,0.0,0.0,0.0
2022-01-16 17:06:04.505663,0.0,0.0,0.0
2022-01-16 17:06:05.004496,0.0,0.0,0.0
2022-01-16 17:06:05.508080,0.0,0.0,0.0
2022-01-16 17:06:06.005058,0.0,0.0,0.0
2022-01-16 17:06:07.003783,0.0,0.0,0.0
2022-01-16 17:06:07.508854,0.0,0.0,0.0
2022-01-16 17:06:08.006486,0.0,0.0,0.0
2022-01-16 17:06:08.501185,0.0,0.0,0.0
2022-01-16 17:06:09.009395,0.0,0.0,0.0
2022-01-16 17:06:09.504647,0.0,0.0,0.0
2022-01-16 17:06:10.000571,0.0,0.0,0.0
2022-01-16 17:06:10.507019,0.0,0.0,0.0
2022-01-16 17:06:11.003809,0.0,0.0,0.0
2022-01-16 17:06:11.508470,0.0,0.0,0.0
2022-01-16 17:06:12.005655,0.0,0.0,0.0
2022-01-16 17:06:12.511033,0.0,0.0,0.0
2022-01-16 17:06:13.008638,0.0,0.0,0.0
2022-01-16 17:06:13.505170,0.0,0.0,0.0
2022-01-16 17:06:14.001745,0.0,0.0,0.0
2022-01-16 17:06:14.506838,0.0,0.0,0.0
2022-01-16 17:06:15.004068,0.0,0.0,0.0
2022-01-16 17:06:15.509042,0.0,0.0,0.0
2022-01-16 17:06:16.005779,0.0,0.0,0.0
2022-01-16 17:06:16.501172,0.0,0.0,0.0
2022-01-16 17:06:17.009025,0.0,0.0,0.0
2022-01-16 17:06:17.503651,0.0,0.0,0.0
2022-01-16 17:06:18.010419,0.0,0.0,0.0
2022-01-16 17:06:18.505612,0.0,0.0,0.0
2022-01-16 17:06:19.004730,0.0,0.0,0.0
2022-01-16 17:06:19.509864,0.0,0.0,0.0
2022-01-16 17:06:20.007966,0.0,0.0,0.0
2022-01-16 17:06:20.501766,0.0,0.0,0.0
2022-01-16 17:06:21.010921,0.0,0.0,0.0
2022-01-16 17:06:21.505061,0.0,0.0,0.0
2022-01-16 17:06:22.002954,0.0,0.0,0.0
2022-01-16 17:06:22.508953,0.0,0.0,0.0
2022-01-16 17:06:23.008098,0.0,0.0,0.0
2022-01-16 17:06:23.505534,0.0,0.0,0.0
2022-01-16 17:06:24.004814,0.0,0.0,0.0
2022-01-16 17:06:24.509246,0.0,0.0,0.0
2022-01-16 17:06:25.008221,0.0,0.0,0.0
2022-01-16 17:06:25.502726,0.0,0.0,0.0
2022-01-16 17:06:26.011148,0.0,0.0,0.0
2022-01-16 17:06:26.505723,0.0,0.0,0.0
2022-01-16 17:06:27.004078,0.0,0.0,0.0
2022-01-16 17:06:27.509148,0.0,0.0,0.0
2022-01-16 17:06:28.008276,0.0,0.0,0.0
2022-01-16 17:06:28.503636,0.0,0.0,0.0
2022-01-16 17:06:29.001151,0.0,0.0,0.0
2022-01-16 17:06:29.506290,0.0,0.0,0.0
2022-01-16 17:06:30.004633,0.0,0.0,0.0
2022-01-16 17:06:30.509503,0.0,0.0,0.0
2022-01-16 17:06:31.007326,0.0,0.0,0.0
2022-01-16 17:06:31.510492,0.0,0.0,0.0
2022-01-16 17:06:32.008966,0.0,0.0,0.0
2022-01-16 17:06:32.506001,0.0,0.0,0.0
2022-01-16 17:06:33.003843,0.0,0.0,0.0
2022-01-16 17:06:33.508452,0.0,0.0,0.0
2022-01-16 17:06:34.005591,0.0,0.0,0.0
2022-01-16 17:06:34.510957,0.0,0.0,0.0
2022-01-16 17:06:35.007374,0.0,0.0,0.0
2022-01-16 17:06:35.501633,0.0,0.0,0.0
2022-01-16 17:06:36.001169,0.0,0.0,0.0
2022-01-16 17:06:36.505890,0.0,0.0,0.0
2022-01-16 17:06:37.004808,0.0,0.0,0.0
2022-01-16 17:06:37.509914,0.0,0.0,0.0
2022-01-16 17:06:38.006520,0.0,0.0,0.0
2022-01-16 17:06:38.501809,0.0,0.0,0.0
2022-01-16 17:06:39.010938,0.0,0.0,0.0
2022-01-16 17:06:39.504525,0.0,0.0,0.0
2022-01-16 17:06:40.002276,0.0,0.0,0.0
2022-01-16 17:06:40.508352,0.0,0.0,0.0
2022-01-16 17:06:41.006378,0.0,0.0,0.0
2022-01-16 17:06:41.502121,0.0,0.0,0.0
2022-01-16 17:06:42.010834,0.0,0.0,0.0
2022-01-16 17:06:42.506127,0.0,0.0,0.0
2022-01-16 17:06:43.004681,0.0,0.0,0.0
2022-01-16 17:06:43.510036,0.0,0.0,0.0
2022-01-16 17:06:44.008419,0.0,0.0,0.0
2022-01-16 17:06:44.504317,0.0,0.0,0.0
2022-01-16 17:06:45.002353,0.0,0.0,0.0
2022-01-16 17:06:45.509034,0.0,0.0,0.0
2022-01-16 17:06:46.008089,0.0,0.0,0.0
2022-01-16 17:06:46.502816,0.0,0.0,0.0
2022-01-16 17:06:47.010620,0.0,0.0,0.0
2022-01-16 17:06:47.505175,0.0,0.0,0.0
2022-01-16 17:06:48.004049,0.0,0.0,0.0
2022-01-16 17:06:48.501345,0.0,0.0,0.0
2022-01-16 17:06:49.009170,0.0,0.0,0.0
2022-01-16 17:06:49.504353,0.0,0.0,0.0
2022-01-16 17:06:50.002593,0.0,0.0,0.0
2022-01-16 17:06:50.509195,0.0,0.0,0.0
2022-01-16 17:06:51.007162,0.0,0.0,0.0
2022-01-16 17:06:51.501698,0.0,0.0,0.0
2022-01-16 17:06:52.011092,0.0,0.0,0.0
2022-01-16 17:06:52.506265,0.0,0.0,0.0
2022-01-16 17:06:53.004389,0.0,0.0,0.0
2022-01-16 17:06:53.501138,0.0,0.0,0.0
2022-01-16 17:06:54.009897,0.0,0.0,0.0
2022-01-16 17:06:54.506435,0.0,0.0,0.0
2022-01-16 17:06:55.005835,0.0,0.0,0.0
2022-01-16 17:06:55.510936,0.0,0.0,0.0
2022-01-16 17:06:56.008692,0.0,0.0,0.0
2022-01-16 17:06:56.502959,0.0,0.0,0.0
2022-01-16 17:06:57.001056,0.0,0.0,0.0
2022-01-16 17:06:57.506160,0.0,0.0,0.0
2022-01-16 17:06:58.004807,0.0,0.0,0.0
2022-01-16 17:06:58.509086,0.0,0.0,0.0
2022-01-16 17:06:59.006979,0.0,0.0,0.0
2022-01-16 17:06:59.502174,0.0,0.0,0.0
2022-01-16 17:07:00.009268,0.0,0.0,0.0
2022-01-16 17:07:00.504006,0.0,0.0,0.0
2022-01-16 17:07:01.010995,0.0,0.0,0.0
2022-01-16 17:07:01.506273,0.0,0.0,0.0
2022-01-16 17:07:02.005241,0.0,0.0,0.0
2022-01-16 17:07:02.510568,0.0,0.0,0.0
2022-01-16 17:07:03.010643,0.0,0.0,0.0
2022-01-16 17:07:03.504998,0.0,0.0,0.0
2022-01-16 17:07:04.002064,0.0,0.0,0.0
2022-01-16 17:07:04.506336,0.0,0.0,0.0
2022-01-16 17:07:05.005998,0.0,0.0,0.0
2022-01-16 17:07:05.502034,0.0,0.0,0.0
2022-01-16 17:07:06.010841,0.0,0.0,0.0
2022-01-16 17:07:06.506103,0.0,0.0,0.0
2022-01-16 17:07:07.004203,0.0,0.0,0.0
2022-01-16 17:07:07.501035,0.0,0.0,0.0
2022-01-16 17:07:08.001082,0.0,0.0,0.0
2022-01-16 17:07:08.505584,0.0,0.0,0.0
2022-01-16 17:07:09.005090,0.0,0.0,0.0
2022-01-16 17:07:09.510164,0.0,0.0,0.0
2022-01-16 17:07:10.006566,0.0,0.0,0.0
2022-01-16 17:07:10.501524,0.0,0.0,0.0
2022-01-16 17:07:11.010144,0.0,0.0,0.0
2022-01-16 17:07:11.505626,0.0,0.0,0.0
2022-01-16 17:07:12.007091,0.0,0.0,0.0
2022-01-16 17:07:12.503716,0.0,0.0,0.0
2022-01-16 17:07:13.001535,0.0,0.0,0.0
2022-01-16 17:07:13.506263,0.0,0.0,0.0
2022-01-16 17:07:14.003417,0.0,0.0,0.0
2022-01-16 17:07:14.507831,0.0,0.0,0.0
2022-01-16 17:07:15.006317,0.0,0.0,0.0
2022-01-16 17:07:15.501562,0.0,0.0,0.0
2022-01-16 17:07:16.010884,0.0,0.0,0.0
2022-01-16 17:07:16.508580,0.0,0.0,0.0
2022-01-16 17:07:17.004872,0.0,0.0,0.0
2022-01-16 17:07:17.509111,0.0,0.0,0.0
2022-01-16 17:07:18.006724,0.0,0.0,0.0
2022-01-16 17:07:18.511088,0.0,0.0,0.0
2022-01-16 17:07:19.009128,0.0,0.0,0.0
2022-01-16 17:07:19.502698,0.0,0.0,0.0
2022-01-16 17:07:20.010279,0.0,0.0,0.0
2022-01-16 17:07:20.504996,0.0,0.0,0.0
2022-01-16 17:07:21.002288,0.0,0.0,0.0
2022-01-16 17:07:21.507914,0.0,0.0,0.0
2022-01-16 17:07:22.005945,0.0,0.0,0.0
2022-01-16 17:07:22.511145,0.0,0.0,0.0
2022-01-16 17:07:23.008756,0.0,0.0,0.0
2022-01-16 17:07:23.502525,0.0,0.0,0.0
2022-01-16 17:07:24.001712,0.0,0.0,0.0
2022-01-16 17:07:24.507005,0.0,0.0,0.0
2022-01-16 17:07:25.005665,0.0,0.0,0.0
2022-01-16 17:07:25.501981,0.0,0.0,0.0
2022-01-16 17:07:26.010260,0.0,0.0,0.0
2022-01-16 17:07:26.506205,0.0,0.0,0.0
2022-01-16 17:07:27.004874,0.0,0.0,0.0
2022-01-16 17:07:27.509185,0.0,0.0,0.0
2022-01-16 17:07:28.006157,0.0,0.0,0.0
2022-01-16 17:07:29.005277,0.0,0.0,0.0
2022-01-16 17:07:29.510664,0.0,0.0,0.0
2022-01-16 17:07:30.007531,0.0,0.0,0.0
2022-01-16 17:07:30.503986,0.0,0.0,0.0
2022-01-16 17:07:31.001471,0.0,0.0,0.0
2022-01-16 17:07:31.507151,0.0,0.0,0.0
2022-01-16 17:07:32.005244,0.0,0.0,0.0
2022-01-16 17:07:32.509027,0.0,0.0,0.0
2022-01-16 17:07:33.005642,0.0,0.0,0.0
2022-01-16 17:07:33.502326,0.0,0.0,0.0
2022-01-16 17:07:34.011036,0.0,0.0,0.0
2022-01-16 17:07:34.506423,0.0,0.0,0.0
2022-01-16 17:07:35.005691,0.0,0.0,0.0
2022-01-16 17:07:35.510794,0.0,0.0,0.0
2022-01-16 17:07:36.008027,0.0,0.0,0.0
2022-01-16 17:07:36.502409,0.0,0.0,0.0
2022-01-16 17:07:37.010994,0.0,0.0,0.0
2022-01-16 17:07:37.504153,0.0,0.0,0.0
2022-01-16 17:07:38.002294,0.0,0.0,0.0
2022-01-16 17:07:38.507298,0.0,0.0,0.0
2022-01-16 17:07:39.005646,0.0,0.0,0.0
2022-01-16 17:07:39.505997,0.0,0.0,0.0
2022-01-16 17:07:40.003975,0.0,0.0,0.0
2022-01-16 17:07:40.508101,0.0,0.0,0.0
2022-01-16 17:07:41.005716,0.0,0.0,0.0
2022-01-16 17:07:42.005407,0.0,0.0,0.0
2022-01-16 17:07:42.501982,0.0,0.0,0.0
2022-01-16 17:07:43.010946,0.0,0.0,0.0
2022-01-16 17:07:43.505132,0.0,0.0,0.0
2022-01-16 17:07:44.005051,0.0,0.0,0.0
2022-01-16 17:07:44.510368,0.0,0.0,0.0
2022-01-16 17:07:45.007540,0.0,0.0,0.0
2022-01-16 17:07:45.502588,0.0,0.0,0.0
2022-01-16 17:07:46.002160,0.0,0.0,0.0
2022-01-16 17:07:46.507924,0.0,0.0,0.0
2022-01-16 17:07:47.005722,0.0,0.0,0.0
2022-01-16 17:07:47.510942,0.0,0.0,0.0
2022-01-16 17:07:48.009791,0.0,0.0,0.0
2022-01-16 17:07:48.507535,0.0,0.0,0.0
2022-01-16 17:07:49.006418,0.0,0.0,0.0
2022-01-16 17:07:49.502073,0.0,0.0,0.0
2022-01-16 17:07:50.010897,0.0,0.0,0.0
2022-01-16 17:07:50.505075,0.0,0.0,0.0
2022-01-16 17:07:51.003286,0.0,0.0,0.0
2022-01-16 17:07:51.508546,0.0,0.0,0.0
2022-01-16 17:07:52.005748,0.0,0.0,0.0
2022-01-16 17:07:52.509699,0.0,0.0,0.0
2022-01-16 17:07:53.008715,0.0,0.0,0.0
2022-01-16 17:07:53.503010,0.0,0.0,0.0
2022-01-16 17:07:54.001761,0.0,0.0,0.0
2022-01-16 17:07:54.506961,0.0,0.0,0.0
2022-01-16 17:07:55.004347,0.0,0.0,0.0
2022-01-16 17:07:55.509091,0.0,0.0,0.0
2022-01-16 17:07:56.005701,0.0,0.0,0.0
2022-01-16 17:07:56.510778,0.0,0.0,0.0
2022-01-16 17:07:57.009456,0.0,0.0,0.0
2022-01-16 17:07:57.506274,0.0,0.0,0.0
2022-01-16 17:07:58.004562,0.0,0.0,0.0
2022-01-16 17:07:58.510465,0.0,0.0,0.0
2022-01-16 17:07:59.007796,0.0,0.0,0.0
2022-01-16 17:07:59.501613,0.0,0.0,0.0
2022-01-16 17:08:00.009074,0.0,0.0,0.0
2022-01-16 17:08:01.004308,0.0,0.0,0.0
2022-01-16 17:08:01.510420,0.0,0.0,0.0
2022-01-16 17:08:02.008326,0.0,0.0,0.0
2022-01-16 17:08:02.502448,0.0,0.0,0.0
2022-01-16 17:08:03.001319,0.0,0.0,0.0
2022-01-16 17:08:03.507872,0.0,0.0,0.0
2022-01-16 17:08:04.006272,0.0,0.0,0.0
2022-01-16 17:08:04.501294,0.0,0.0,0.0
2022-01-16 17:08:05.008572,0.0,0.0,0.0
2022-01-16 17:08:05.502985,0.0,0.0,0.0
2022-01-16 17:08:06.010817,0.0,0.0,0.0
2022-01-16 17:08:06.507702,0.0,0.0,0.0
2022-01-16 17:08:07.006232,0.0,0.0,0.0
2022-01-16 17:08:07.501196,0.0,0.0,0.0
2022-01-16 17:08:08.009013,0.0,0.0,0.0
2022-01-16 17:08:08.503400,0.0,0.0,0.0
2022-01-16 17:08:09.011007,0.0,0.0,0.0
2022-01-16 17:08:09.506190,0.0,0.0,0.0
2022-01-16 17:08:10.002938,0.0,0.0,0.0
2022-01-16 17:08:10.503052,0.0,0.0,0.0
2022-01-16 17:08:11.002123,0.0,0.0,0.0
2022-01-16 17:08:11.507918,0.0,0.0,0.0
2022-01-16 17:08:12.005861,0.0,0.0,0.0
2022-01-16 17:08:12.510317,0.0,0.0,0.0
2022-01-16 17:08:13.007866,0.0,0.0,0.0
2022-01-16 17:08:13.501656,0.0,0.0,0.0
2022-01-16 17:08:14.010221,0.0,0.0,0.0
2022-01-16 17:08:14.504743,0.0,0.0,0.0
2022-01-16 17:08:15.003547,0.0,0.0,0.0
2022-01-16 17:08:15.502084,0.0,0.0,0.0
2022-01-16 17:08:16.010034,0.0,0.0,0.0
2022-01-16 17:08:16.504459,0.0,0.0,0.0
2022-01-16 17:08:17.002578,0.0,0.0,0.0
2022-01-16 17:08:17.507519,0.0,0.0,0.0
2022-01-16 17:08:18.004923,0.0,0.0,0.0
2022-01-16 17:08:18.509895,0.0,0.0,0.0
2022-01-16 17:08:19.008545,0.0,0.0,0.0
2022-01-16 17:08:19.503297,0.0,0.0,0.0
2022-01-16 17:08:20.002278,0.0,0.0,0.0
2022-01-16 17:08:20.506828,0.0,0.0,0.0
2022-01-16 17:08:21.003370,0.0,0.0,0.0
2022-01-16 17:08:21.509002,0.0,0.0,0.0
2022-01-16 17:08:22.009740,0.0,0.0,0.0
2022-01-16 17:08:22.504497,0.0,0.0,0.0
2022-01-16 17:08:23.002779,0.0,0.0,0.0
2022-01-16 17:08:23.508792,0.0,0.0,0.0
2022-01-16 17:08:24.006232,0.0,0.0,0.0
2022-01-16 17:08:24.503477,0.0,0.0,0.0
2022-01-16 17:08:25.003365,0.0,0.0,0.0
2022-01-16 17:08:25.510353,0.0,0.0,0.0
2022-01-16 17:08:26.009625,0.0,0.0,0.0
2022-01-16 17:08:26.504184,0.0,0.0,0.0
2022-01-16 17:08:27.001894,0.0,0.0,0.0
2022-01-16 17:08:27.506392,0.0,0.0,0.0
2022-01-16 17:08:28.005221,0.0,0.0,0.0
2022-01-16 17:08:28.502028,0.0,0.0,0.0
2022-01-16 17:08:29.010547,0.0,0.0,0.0
2022-01-16 17:08:29.505164,0.0,0.0,0.0
2022-01-16 17:08:30.003458,0.0,0.0,0.0
2022-01-16 17:08:30.507787,0.0,0.0,0.0
2022-01-16 17:08:31.006399,0.0,0.0,0.0
2022-01-16 17:08:31.510710,0.0,0.0,0.0
2022-01-16 17:08:32.008676,0.0,0.0,0.0
2022-01-16 17:08:32.502368,0.0,0.0,0.0
2022-01-16 17:08:33.011201,0.0,0.0,0.0
2022-01-16 17:08:33.505298,0.0,0.0,0.0
2022-01-16 17:08:34.004084,0.0,0.0,0.0
2022-01-16 17:08:34.509474,0.0,0.0,0.0
2022-01-16 17:08:35.006991,0.0,0.0,0.0
2022-01-16 17:08:35.501141,0.0,0.0,0.0
2022-01-16 17:08:36.009594,0.0,0.0,0.0
2022-01-16 17:08:36.503738,0.0,0.0,0.0
2022-01-16 17:08:37.002623,0.0,0.0,0.0
2022-01-16 17:08:37.508988,0.0,0.0,0.0
2022-01-16 17:08:38.006819,0.0,0.0,0.0
2022-01-16 17:08:38.501101,0.0,0.0,0.0
2022-01-16 17:08:39.009900,0.0,0.0,0.0
2022-01-16 17:08:39.504030,0.0,0.0,0.0
2022-01-16 17:08:40.003544,0.0,0.0,0.0
2022-01-16 17:08:40.507685,0.0,0.0,0.0
2022-01-16 17:08:41.006461,0.0,0.0,0.0
2022-01-16 17:08:41.501189,0.0,0.0,0.0
2022-01-16 17:08:42.010724,0.0,0.0,0.0
2022-01-16 17:08:42.505899,0.0,0.0,0.0
2022-01-16 17:08:43.004112,0.0,0.0,0.0
2022-01-16 17:08:43.509089,0.0,0.0,0.0
2022-01-16 17:08:44.008038,0.0,0.0,0.0
2022-01-16 17:08:44.502635,0.0,0.0,0.0
2022-01-16 17:08:45.011039,0.0,0.0,0.0
2022-01-16 17:08:45.505365,0.0,0.0,0.0
2022-01-16 17:08:46.003398,0.0,0.0,0.0
2022-01-16 17:08:46.510184,0.0,0.0,0.0
2022-01-16 17:08:47.009133,0.0,0.0,0.0
2022-01-16 17:08:47.503141,0.0,0.0,0.0
2022-01-16 17:08:48.002512,0.0,0.0,0.0
2022-01-16 17:08:48.506361,0.0,0.0,0.0
2022-01-16 17:08:49.005690,0.0,0.0,0.0
2022-01-16 17:08:49.510924,0.0,0.0,0.0
2022-01-16 17:08:50.009035,0.0,0.0,0.0
2022-01-16 17:08:50.502614,0.0,0.0,0.0
2022-01-16 17:08:51.002331,0.0,0.0,0.0
2022-01-16 17:08:51.505737,0.0,0.0,0.0
2022-01-16 17:08:52.004143,0.0,0.0,0.0
2022-01-16 17:08:52.510031,0.0,0.0,0.0
2022-01-16 17:08:53.007184,0.0,0.0,0.0
2022-01-16 17:08:53.502045,0.0,0.0,0.0
2022-01-16 17:08:54.010787,0.0,0.0,0.0
2022-01-16 17:08:54.504819,0.0,0.0,0.0
2022-01-16 17:08:55.003042,0.0,0.0,0.0
2022-01-16 17:08:55.509626,0.0,0.0,0.0
2022-01-16 17:08:56.006903,0.0,0.0,0.0
2022-01-16 17:08:56.501229,0.0,0.0,0.0
2022-01-16 17:08:57.009388,0.0,0.0,0.0
2022-01-16 17:08:57.505248,0.0,0.0,0.0
2022-01-16 17:08:58.003856,0.0,0.0,0.0
2022-01-16 17:08:58.509154,0.0,0.0,0.0
2022-01-16 17:08:59.007676,0.0,0.0,0.0
2022-01-16 17:08:59.501943,0.0,0.0,0.0
2022-01-16 17:09:00.010098,0.0,0.0,0.0
2022-01-16 17:09:00.501548,0.0,0.0,0.0
2022-01-16 17:09:01.009853,0.0,0.0,0.0
2022-01-16 17:09:01.504702,0.0,0.0,0.0
2022-01-16 17:09:02.002274,0.0,0.0,0.0
2022-01-16 17:09:02.507759,0.0,0.0,0.0
2022-01-16 17:09:03.005336,0.0,0.0,0.0
2022-01-16 17:09:03.508965,0.0,0.0,0.0
2022-01-16 17:09:04.008827,0.0,0.0,0.0
2022-01-16 17:09:04.502193,0.0,0.0,0.0
2022-01-16 17:09:05.009852,0.0,0.0,0.0
2022-01-16 17:09:05.503983,0.0,0.0,0.0
2022-01-16 17:09:06.001628,0.0,0.0,0.0
2022-01-16 17:09:06.506652,0.0,0.0,0.0
2022-01-16 17:09:07.005762,0.0,0.0,0.0
2022-01-16 17:09:07.501626,0.0,0.0,0.0
2022-01-16 17:09:08.009838,0.0,0.0,0.0
2022-01-16 17:09:08.505956,0.0,0.0,0.0
2022-01-16 17:09:09.004200,0.0,0.0,0.0
2022-01-16 17:09:09.507687,0.0,0.0,0.0
2022-01-16 17:09:10.003634,0.0,0.0,0.0
2022-01-16 17:09:10.507538,0.0,0.0,0.0
2022-01-16 17:09:11.005399,0.0,0.0,0.0
2022-01-16 17:09:11.509624,0.0,0.0,0.0
2022-01-16 17:09:12.008876,0.0,0.0,0.0
2022-01-16 17:09:12.505778,0.0,0.0,0.0
2022-01-16 17:09:13.005388,0.0,0.0,0.0
2022-01-16 17:09:13.501101,0.0,0.0,0.0
2022-01-16 17:09:14.008427,0.0,0.0,0.0
2022-01-16 17:09:14.503238,0.0,0.0,0.0
2022-01-16 17:09:15.001887,0.0,0.0,0.0
2022-01-16 17:09:15.506960,0.0,0.0,0.0
2022-01-16 17:09:16.005759,0.0,0.0,0.0
2022-01-16 17:09:16.510092,0.0,0.0,0.0
2022-01-16 17:09:17.009288,0.0,0.0,0.0
2022-01-16 17:09:17.504341,0.0,0.0,0.0
2022-01-16 17:09:18.002080,0.0,0.0,0.0
2022-01-16 17:09:18.508064,0.0,0.0,0.0
2022-01-16 17:09:19.005618,0.0,0.0,0.0
2022-01-16 17:09:19.510917,0.0,0.0,0.0
2022-01-16 17:09:20.010301,0.0,0.0,0.0
2022-01-16 17:09:20.506763,0.0,0.0,0.0
2022-01-16 17:09:21.001982,0.0,0.0,0.0
2022-01-16 17:09:21.508094,0.0,0.0,0.0
2022-01-16 17:09:22.005549,0.0,0.0,0.0
2022-01-16 17:09:22.510888,0.0,0.0,0.0
2022-01-16 17:09:23.009151,0.0,0.0,0.0
2022-01-16 17:09:23.503357,0.0,0.0,0.0
2022-01-16 17:09:24.011067,0.0,0.0,0.0
2022-01-16 17:09:24.506664,0.0,0.0,0.0
2022-01-16 17:09:25.004740,0.0,0.0,0.0
2022-01-16 17:09:25.509527,0.0,0.0,0.0
2022-01-16 17:09:26.007620,0.0,0.0,0.0
2022-01-16 17:09:26.501982,0.0,0.0,0.0
2022-01-16 17:09:27.010689,0.0,0.0,0.0
2022-01-16 17:09:27.504994,0.0,0.0,0.0
2022-01-16 17:09:28.002936,0.0,0.0,0.0
2022-01-16 17:09:28.508546,0.0,0.0,0.0
2022-01-16 17:09:29.003853,0.0,0.0,0.0
2022-01-16 17:09:29.507323,0.0,0.0,0.0
2022-01-16 17:09:30.005120,0.0,0.0,0.0
2022-01-16 17:09:30.510557,0.0,0.0,0.0
2022-01-16 17:09:31.008919,0.0,0.0,0.0
2022-01-16 17:09:31.503664,0.0,0.0,0.0
2022-01-16 17:09:32.002353,0.0,0.0,0.0
2022-01-16 17:09:32.508011,0.0,0.0,0.0
2022-01-16 17:09:33.005853,0.0,0.0,0.0
2022-01-16 17:09:33.510103,0.0,0.0,0.0
2022-01-16 17:09:34.009750,0.0,0.0,0.0
2022-01-16 17:09:34.506207,0.0,0.0,0.0
2022-01-16 17:09:35.005712,0.0,0.0,0.0
2022-01-16 17:09:35.503167,0.0,0.0,0.0
2022-01-16 17:09:36.001347,0.0,0.0,0.0
2022-01-16 17:09:36.506675,0.0,0.0,0.0
2022-01-16 17:09:37.004083,0.0,0.0,0.0
2022-01-16 17:09:37.508993,0.0,0.0,0.0
2022-01-16 17:09:38.005797,0.0,0.0,0.0
2022-01-16 17:09:38.510599,0.0,0.0,0.0
2022-01-16 17:09:39.008805,0.0,0.0,0.0
2022-01-16 17:09:39.504573,0.0,0.0,0.0
2022-01-16 17:09:40.003568,0.0,0.0,0.0
2022-01-16 17:09:40.509252,0.0,0.0,0.0
2022-01-16 17:09:41.006577,0.0,0.0,0.0
2022-01-16 17:09:41.511203,0.0,0.0,0.0
2022-01-16 17:09:42.008998,0.0,0.0,0.0
2022-01-16 17:09:42.504436,0.0,0.0,0.0
2022-01-16 17:09:43.002399,0.0,0.0,0.0
2022-01-16 17:09:43.508060,0.0,0.0,0.0
2022-01-16 17:09:44.007434,0.0,0.0,0.0
2022-01-16 17:09:44.501674,0.0,0.0,0.0
2022-01-16 17:09:45.001966,0.0,0.0,0.0
2022-01-16 17:09:45.506558,0.0,0.0,0.0
2022-01-16 17:09:46.004387,0.0,0.0,0.0
2022-01-16 17:09:46.511139,0.0,0.0,0.0
2022-01-16 17:09:47.009476,0.0,0.0,0.0
2022-01-16 17:09:47.505728,0.0,0.0,0.0
2022-01-16 17:09:48.004722,0.0,0.0,0.0
2022-01-16 17:09:48.502048,0.0,0.0,0.0
2022-01-16 17:09:49.009456,0.0,0.0,0.0
2022-01-16 17:09:49.504276,0.0,0.0,0.0
2022-01-16 17:09:50.504870,0.0,0.0,0.0
2022-01-16 17:09:51.001640,0.0,0.0,0.0
2022-01-16 17:09:51.506506,0.0,0.0,0.0
2022-01-16 17:09:52.005476,0.0,0.0,0.0
2022-01-16 17:09:52.509954,0.0,0.0,0.0
2022-01-16 17:09:53.006851,0.0,0.0,0.0
2022-01-16 17:09:53.505102,0.0,0.0,0.0
2022-01-16 17:09:54.004926,0.0,0.0,0.0
2022-01-16 17:09:54.510075,0.0,0.0,0.0
2022-01-16 17:09:55.008105,0.0,0.0,0.0
2022-01-16 17:09:55.502735,0.0,0.0,0.0
2022-01-16 17:09:56.002142,0.0,0.0,0.0
2022-01-16 17:09:56.508418,0.0,0.0,0.0
2022-01-16 17:09:57.006301,0.0,0.0,0.0
2022-01-16 17:09:57.510464,0.0,0.0,0.0
2022-01-16 17:09:58.008645,0.0,0.0,0.0
2022-01-16 17:09:58.503611,0.0,0.0,0.0
2022-01-16 17:09:59.001794,0.0,0.0,0.0
2022-01-16 17:09:59.507420,0.0,0.0,0.0
2022-01-16 17:10:00.005499,0.0,0.0,0.0
2022-01-16 17:10:00.509640,0.0,0.0,0.0
2022-01-16 17:10:01.007836,0.0,0.0,0.0
2022-01-16 17:10:01.510881,0.0,0.0,0.0
2022-01-16 17:10:02.009206,0.0,0.0,0.0
2022-01-16 17:10:02.505052,0.0,0.0,0.0
2022-01-16 17:10:03.005747,0.0,0.0,0.0
2022-01-16 17:10:03.511124,0.0,0.0,0.0
2022-01-16 17:10:04.009093,0.0,0.0,0.0
2022-01-16 17:10:04.503495,0.0,0.0,0.0
2022-01-16 17:10:05.001118,0.0,0.0,0.0
2022-01-16 17:10:05.506059,0.0,0.0,0.0
2022-01-16 17:10:06.004573,0.0,0.0,0.0
2022-01-16 17:10:06.509381,0.0,0.0,0.0
2022-01-16 17:10:07.006654,0.0,0.0,0.0
2022-01-16 17:10:07.501423,0.0,0.0,0.0
2022-01-16 17:10:08.010215,0.0,0.0,0.0
2022-01-16 17:10:08.505090,0.0,0.0,0.0
2022-01-16 17:10:09.002744,0.0,0.0,0.0
2022-01-16 17:10:09.508592,0.0,0.0,0.0
2022-01-16 17:10:10.005098,0.0,0.0,0.0
2022-01-16 17:10:10.504929,0.0,0.0,0.0
2022-01-16 17:10:11.001010,0.0,0.0,0.0
2022-01-16 17:10:11.507462,0.0,0.0,0.0
2022-01-16 17:10:12.006217,0.0,0.0,0.0
2022-01-16 17:10:12.510711,0.0,0.0,0.0
2022-01-16 17:10:13.008583,0.0,0.0,0.0
2022-01-16 17:10:13.502875,0.0,0.0,0.0
2022-01-16 17:10:14.001641,0.0,0.0,0.0
2022-01-16 17:10:14.508299,0.0,0.0,0.0
2022-01-16 17:10:15.008915,0.0,0.0,0.0
2022-01-16 17:10:15.506814,0.0,0.0,0.0
2022-01-16 17:10:16.004306,0.0,0.0,0.0
2022-01-16 17:10:16.510280,0.0,0.0,0.0
2022-01-16 17:10:17.008551,0.0,0.0,0.0
2022-01-16 17:10:17.503364,0.0,0.0,0.0
2022-01-16 17:10:18.001114,0.0,0.0,0.0
2022-01-16 17:10:18.504998,0.0,0.0,0.0
2022-01-16 17:10:19.001575,0.0,0.0,0.0
2022-01-16 17:10:19.505943,0.0,0.0,0.0
2022-01-16 17:10:20.005073,0.0,0.0,0.0
2022-01-16 17:10:20.508837,0.0,0.0,0.0
2022-01-16 17:10:21.006969,0.0,0.0,0.0
2022-01-16 17:10:21.500988,0.0,0.0,0.0
2022-01-16 17:10:22.010647,0.0,0.0,0.0
2022-01-16 17:10:22.504635,0.0,0.0,0.0
2022-01-16 17:10:23.002218,0.0,0.0,0.0
2022-01-16 17:10:23.508358,0.0,0.0,0.0
2022-01-16 17:10:24.005700,0.0,0.0,0.0
2022-01-16 17:10:24.509747,0.0,0.0,0.0
2022-01-16 17:10:25.007187,0.0,0.0,0.0
2022-01-16 17:10:25.503613,0.0,0.0,0.0
2022-01-16 17:10:26.001868,0.0,0.0,0.0
2022-01-16 17:10:26.505635,0.0,0.0,0.0
2022-01-16 17:10:27.009989,0.0,0.0,0.0
2022-01-16 17:10:27.504759,0.0,0.0,0.0
2022-01-16 17:10:28.002595,0.0,0.0,0.0
2022-01-16 17:10:28.508654,0.0,0.0,0.0
2022-01-16 17:10:29.006485,0.0,0.0,0.0
2022-01-16 17:10:29.510356,0.0,0.0,0.0
2022-01-16 17:10:30.009034,0.0,0.0,0.0
2022-01-16 17:10:30.501227,0.0,0.0,0.0
2022-01-16 17:10:31.009629,0.0,0.0,0.0
2022-01-16 17:10:31.503575,0.0,0.0,0.0
2022-01-16 17:10:32.004457,0.0,0.0,0.0
2022-01-16 17:10:32.508511,0.0,0.0,0.0
2022-01-16 17:10:33.006853,0.0,0.0,0.0
2022-01-16 17:10:33.501716,0.0,0.0,0.0
2022-01-16 17:10:34.505117,0.0,0.0,0.0
2022-01-16 17:10:35.002362,0.0,0.0,0.0
2022-01-16 17:10:35.508709,0.0,0.0,0.0
2022-01-16 17:10:36.006812,0.0,0.0,0.0
2022-01-16 17:10:36.501045,0.0,0.0,0.0
2022-01-16 17:10:37.009631,0.0,0.0,0.0
2022-01-16 17:10:37.503503,0.0,0.0,0.0
2022-01-16 17:10:38.001493,0.0,0.0,0.0
2022-01-16 17:10:38.506708,0.0,0.0,0.0
2022-01-16 17:10:39.008098,0.0,0.0,0.0
2022-01-16 17:10:39.502843,0.0,0.0,0.0
2022-01-16 17:10:40.001526,0.0,0.0,0.0
2022-01-16 17:10:40.506958,0.0,0.0,0.0
2022-01-16 17:10:41.004236,0.0,0.0,0.0
2022-01-16 17:10:41.509401,0.0,0.0,0.0
2022-01-16 17:10:42.008146,0.0,0.0,0.0
2022-01-16 17:10:42.504451,0.0,0.0,0.0
2022-01-16 17:10:43.001395,0.0,0.0,0.0
2022-01-16 17:10:43.508520,0.0,0.0,0.0
2022-01-16 17:10:44.006006,0.0,0.0,0.0
2022-01-16 17:10:44.510873,0.0,0.0,0.0
2022-01-16 17:10:45.009197,0.0,0.0,0.0
2022-01-16 17:10:45.504399,0.0,0.0,0.0
2022-01-16 17:10:46.001400,0.0,0.0,0.0
2022-01-16 17:10:46.507452,0.0,0.0,0.0
2022-01-16 17:10:47.004662,0.0,0.0,0.0
2022-01-16 17:10:47.510640,0.0,0.0,0.0
2022-01-16 17:10:48.010681,0.0,0.0,0.0
2022-01-16 17:10:48.505690,0.0,0.0,0.0
2022-01-16 17:10:49.005085,0.0,0.0,0.0
2022-01-16 17:10:49.509747,0.0,0.0,0.0
2022-01-16 17:10:50.008490,0.0,0.0,0.0
2022-01-16 17:10:50.504141,0.0,0.0,0.0
2022-01-16 17:10:51.001298,0.0,0.0,0.0
2022-01-16 17:10:51.508554,0.0,0.0,0.0
2022-01-16 17:10:52.006237,0.0,0.0,0.0
2022-01-16 17:10:52.504851,0.0,0.0,0.0
2022-01-16 17:10:53.003502,0.0,0.0,0.0
2022-01-16 17:10:53.509063,0.0,0.0,0.0
2022-01-16 17:10:54.006402,0.0,0.0,0.0
2022-01-16 17:10:54.511028,0.0,0.0,0.0
2022-01-16 17:10:55.009724,0.0,0.0,0.0
2022-01-16 17:10:55.504802,0.0,0.0,0.0
2022-01-16 17:10:56.002352,0.0,0.0,0.0
2022-01-16 17:10:56.508599,0.0,0.0,0.0
2022-01-16 17:10:57.007256,0.0,0.0,0.0
2022-01-16 17:10:58.004540,0.0,0.0,0.0
2022-01-16 17:10:58.509173,0.0,0.0,0.0
2022-01-16 17:10:59.006932,0.0,0.0,0.0
2022-01-16 17:10:59.501385,0.0,0.0,0.0
2022-01-16 17:11:00.009861,0.0,0.0,0.0
2022-01-16 17:11:00.506723,0.0,0.0,0.0
2022-01-16 17:11:01.005531,0.0,0.0,0.0
2022-01-16 17:11:01.502924,0.0,0.0,0.0
2022-01-16 17:11:02.010564,0.0,0.0,0.0
2022-01-16 17:11:02.504611,0.0,0.0,0.0
2022-01-16 17:11:03.002554,0.0,0.0,0.0
2022-01-16 17:11:03.506844,0.0,0.0,0.0
2022-01-16 17:11:04.006140,0.0,0.0,0.0
2022-01-16 17:11:04.501386,0.0,0.0,0.0
2022-01-16 17:11:05.009554,0.0,0.0,0.0
2022-01-16 17:11:05.505919,0.0,0.0,0.0
2022-01-16 17:11:06.004083,0.0,0.0,0.0
2022-01-16 17:11:06.509440,0.0,0.0,0.0
2022-01-16 17:11:07.006940,0.0,0.0,0.0
2022-01-16 17:11:07.501906,0.0,0.0,0.0
2022-01-16 17:11:08.009840,0.0,0.0,0.0
2022-01-16 17:11:08.503824,0.0,0.0,0.0
2022-01-16 17:11:09.001902,0.0,0.0,0.0
2022-01-16 17:11:09.506882,0.0,0.0,0.0
2022-01-16 17:11:10.005147,0.0,0.0,0.0
2022-01-16 17:11:10.510783,0.0,0.0,0.0
2022-01-16 17:11:11.009407,0.0,0.0,0.0
2022-01-16 17:11:11.503190,0.0,0.0,0.0
2022-01-16 17:11:12.001193,0.0,0.0,0.0
2022-01-16 17:11:12.507686,0.0,0.0,0.0
2022-01-16 17:11:13.004773,0.0,0.0,0.0
2022-01-16 17:11:13.508430,0.0,0.0,0.0
2022-01-16 17:11:14.006206,0.0,0.0,0.0
2022-01-16 17:11:14.501769,0.0,0.0,0.0
2022-01-16 17:11:15.010792,0.0,0.0,0.0
2022-01-16 17:11:15.505601,0.0,0.0,0.0
2022-01-16 17:11:16.002899,0.0,0.0,0.0
2022-01-16 17:11:16.508370,0.0,0.0,0.0
2022-01-16 17:11:17.005727,0.0,0.0,0.0
2022-01-16 17:11:17.509589,0.0,0.0,0.0
2022-01-16 17:11:18.007555,0.0,0.0,0.0
2022-01-16 17:11:18.502828,0.0,0.0,0.0
2022-01-16 17:11:19.001207,0.0,0.0,0.0
2022-01-16 17:11:19.506008,0.0,0.0,0.0
2022-01-16 17:11:20.003637,0.0,0.0,0.0
2022-01-16 17:11:20.508678,0.0,0.0,0.0
2022-01-16 17:11:21.007082,0.0,0.0,0.0
2022-01-16 17:11:21.501271,0.0,0.0,0.0
2022-01-16 17:11:22.010890,0.0,0.0,0.0
2022-01-16 17:11:22.505871,0.0,0.0,0.0
2022-01-16 17:11:23.005183,0.0,0.0,0.0
2022-01-16 17:11:23.501808,0.0,0.0,0.0
2022-01-16 17:11:24.010441,0.0,0.0,0.0
2022-01-16 17:11:24.506057,0.0,0.0,0.0
2022-01-16 17:11:25.004808,0.0,0.0,0.0
2022-01-16 17:11:25.508989,0.0,0.0,0.0
2022-01-16 17:11:26.007299,0.0,0.0,0.0
2022-01-16 17:11:26.502440,0.0,0.0,0.0
2022-01-16 17:11:27.010442,0.0,0.0,0.0
2022-01-16 17:11:27.504984,0.0,0.0,0.0
2022-01-16 17:11:28.003468,0.0,0.0,0.0
2022-01-16 17:11:28.509140,0.0,0.0,0.0
2022-01-16 17:11:29.006902,0.0,0.0,0.0
2022-01-16 17:11:29.510334,0.0,0.0,0.0
2022-01-16 17:11:30.007314,0.0,0.0,0.0
2022-01-16 17:11:30.502597,0.0,0.0,0.0
2022-01-16 17:11:31.001761,0.0,0.0,0.0
2022-01-16 17:11:31.506755,0.0,0.0,0.0
2022-01-16 17:11:32.005739,0.0,0.0,0.0
2022-01-16 17:11:32.501140,0.0,0.0,0.0
2022-01-16 17:11:33.009762,0.0,0.0,0.0
2022-01-16 17:11:33.504599,0.0,0.0,0.0
2022-01-16 17:11:34.002732,0.0,0.0,0.0
2022-01-16 17:11:34.507838,0.0,0.0,0.0
2022-01-16 17:11:35.005923,0.0,0.0,0.0
2022-01-16 17:11:35.502231,0.0,0.0,0.0
2022-01-16 17:11:36.001686,0.0,0.0,0.0
2022-01-16 17:11:36.509160,0.0,0.0,0.0
2022-01-16 17:11:37.005760,0.0,0.0,0.0
2022-01-16 17:11:37.502983,0.0,0.0,0.0
2022-01-16 17:11:38.001529,0.0,0.0,0.0
2022-01-16 17:11:38.506432,0.0,0.0,0.0
2022-01-16 17:11:39.004921,0.0,0.0,0.0
2022-01-16 17:11:39.509162,0.0,0.0,0.0
2022-01-16 17:11:40.008433,0.0,0.0,0.0
2022-01-16 17:11:40.503611,0.0,0.0,0.0
2022-01-16 17:11:41.003225,0.0,0.0,0.0
2022-01-16 17:11:41.507631,0.0,0.0,0.0
2022-01-16 17:11:42.005507,0.0,0.0,0.0
2022-01-16 17:11:42.501710,0.0,0.0,0.0
2022-01-16 17:11:43.009254,0.0,0.0,0.0
2022-01-16 17:11:43.503332,0.0,0.0,0.0
2022-01-16 17:11:44.011195,0.0,0.0,0.0
2022-01-16 17:11:44.505746,0.0,0.0,0.0
2022-01-16 17:11:45.004678,0.0,0.0,0.0
2022-01-16 17:11:45.501137,0.0,0.0,0.0
2022-01-16 17:11:46.009755,0.0,0.0,0.0
2022-01-16 17:11:46.505045,0.0,0.0,0.0
2022-01-16 17:11:47.002410,0.0,0.0,0.0
2022-01-16 17:11:47.506819,0.0,0.0,0.0
2022-01-16 17:11:48.006346,0.0,0.0,0.0
2022-01-16 17:11:48.501157,0.0,0.0,0.0
2022-01-16 17:11:49.009426,0.0,0.0,0.0
2022-01-16 17:11:49.504981,0.0,0.0,0.0
2022-01-16 17:11:50.003802,0.0,0.0,0.0
2022-01-16 17:11:50.509085,0.0,0.0,0.0
2022-01-16 17:11:51.007536,0.0,0.0,0.0
2022-01-16 17:11:51.502586,0.0,0.0,0.0
2022-01-16 17:11:52.010287,0.0,0.0,0.0
2022-01-16 17:11:52.505902,0.0,0.0,0.0
2022-01-16 17:11:53.004816,0.0,0.0,0.0
2022-01-16 17:11:53.509907,0.0,0.0,0.0
2022-01-16 17:11:54.008218,0.0,0.0,0.0
2022-01-16 17:11:54.504644,0.0,0.0,0.0
2022-01-16 17:11:55.002905,0.0,0.0,0.0
2022-01-16 17:11:55.507505,0.0,0.0,0.0
2022-01-16 17:11:56.005594,0.0,0.0,0.0
2022-01-16 17:11:56.501518,0.0,0.0,0.0
2022-01-16 17:11:57.010518,0.0,0.0,0.0
2022-01-16 17:11:57.505231,0.0,0.0,0.0
2022-01-16 17:11:58.003459,0.0,0.0,0.0
2022-01-16 17:11:58.508713,0.0,0.0,0.0
2022-01-16 17:11:59.006419,0.0,0.0,0.0
2022-01-16 17:11:59.503436,0.0,0.0,0.0
2022-01-16 17:12:00.001827,0.0,0.0,0.0
2022-01-16 17:12:00.506675,0.0,0.0,0.0
2022-01-16 17:12:01.004211,0.0,0.0,0.0
2022-01-16 17:12:01.509483,0.0,0.0,0.0
2022-01-16 17:12:02.007472,0.0,0.0,0.0
2022-01-16 17:12:02.501523,0.0,0.0,0.0
2022-01-16 17:12:03.010400,0.0,0.0,0.0
2022-01-16 17:12:03.508631,0.0,0.0,0.0
2022-01-16 17:12:04.006197,0.0,0.0,0.0
2022-01-16 17:12:04.501394,0.0,0.0,0.0
2022-01-16 17:12:05.010215,0.0,0.0,0.0
2022-01-16 17:12:05.504043,0.0,0.0,0.0
2022-01-16 17:12:06.003291,0.0,0.0,0.0
2022-01-16 17:12:06.507760,0.0,0.0,0.0
2022-01-16 17:12:07.004520,0.0,0.0,0.0
2022-01-16 17:12:07.501143,0.0,0.0,0.0
2022-01-16 17:12:08.010170,0.0,0.0,0.0
2022-01-16 17:12:08.504039,0.0,0.0,0.0
2022-01-16 17:12:09.002971,0.0,0.0,0.0
2022-01-16 17:12:09.508656,0.0,0.0,0.0
2022-01-16 17:12:10.005636,0.0,0.0,0.0
2022-01-16 17:12:10.509157,0.0,0.0,0.0
2022-01-16 17:12:11.007034,0.0,0.0,0.0
2022-01-16 17:12:11.501223,0.0,0.0,0.0
2022-01-16 17:12:12.010637,0.0,0.0,0.0
2022-01-16 17:12:12.504830,0.0,0.0,0.0
2022-01-16 17:12:13.001606,0.0,0.0,0.0
2022-01-16 17:12:13.506772,0.0,0.0,0.0
2022-01-16 17:12:14.003751,0.0,0.0,0.0
2022-01-16 17:12:14.509133,0.0,0.0,0.0
2022-01-16 17:12:15.006320,0.0,0.0,0.0
2022-01-16 17:12:15.510954,0.0,0.0,0.0
2022-01-16 17:12:16.008416,0.0,0.0,0.0
2022-01-16 17:12:16.504682,0.0,0.0,0.0
2022-01-16 17:12:17.003901,0.0,0.0,0.0
2022-01-16 17:12:17.509612,0.0,0.0,0.0
2022-01-16 17:12:18.008483,0.0,0.0,0.0
2022-01-16 17:12:18.502617,0.0,0.0,0.0
2022-01-16 17:12:19.002359,0.0,0.0,0.0
2022-01-16 17:12:19.506744,0.0,0.0,0.0
2022-01-16 17:12:20.005411,0.0,0.0,0.0
2022-01-16 17:12:20.509744,0.0,0.0,0.0
2022-01-16 17:12:21.010108,0.0,0.0,0.0
2022-01-16 17:12:21.504602,0.0,0.0,0.0
2022-01-16 17:12:22.001176,0.0,0.0,0.0
2022-01-16 17:12:22.506862,0.0,0.0,0.0
2022-01-16 17:12:23.005439,0.0,0.0,0.0
2022-01-16 17:12:23.510171,0.0,0.0,0.0
2022-01-16 17:12:24.008628,0.0,0.0,0.0
2022-01-16 17:12:24.504422,0.0,0.0,0.0
2022-01-16 17:12:25.001753,0.0,0.0,0.0
2022-01-16 17:12:25.508992,0.0,0.0,0.0
2022-01-16 17:12:26.007507,0.0,0.0,0.0
2022-01-16 17:12:26.511126,0.0,0.0,0.0
2022-01-16 17:12:27.009103,0.0,0.0,0.0
2022-01-16 17:12:27.504104,0.0,0.0,0.0
2022-01-16 17:12:28.002004,0.0,0.0,0.0
2022-01-16 17:12:28.506331,0.0,0.0,0.0
2022-01-16 17:12:29.004710,0.0,0.0,0.0
2022-01-16 17:12:29.501700,0.0,0.0,0.0
2022-01-16 17:12:30.010296,0.0,0.0,0.0
2022-01-16 17:12:30.506352,0.0,0.0,0.0
2022-01-16 17:12:31.004600,0.0,0.0,0.0
2022-01-16 17:12:31.509766,0.0,0.0,0.0
2022-01-16 17:12:32.007123,0.0,0.0,0.0
2022-01-16 17:12:32.501705,0.0,0.0,0.0
2022-01-16 17:12:33.010884,0.0,0.0,0.0
2022-01-16 17:12:33.504688,0.0,0.0,0.0
2022-01-16 17:12:34.003165,0.0,0.0,0.0
2022-01-16 17:12:34.508351,0.0,0.0,0.0
2022-01-16 17:12:35.005785,0.0,0.0,0.0
2022-01-16 17:12:35.510302,0.0,0.0,0.0
2022-01-16 17:12:36.006984,0.0,0.0,0.0
2022-01-16 17:12:36.502178,0.0,0.0,0.0
2022-01-16 17:12:37.009528,0.0,0.0,0.0
2022-01-16 17:12:37.505916,0.0,0.0,0.0
2022-01-16 17:12:38.004250,0.0,0.0,0.0
2022-01-16 17:12:38.501683,0.0,0.0,0.0
2022-01-16 17:12:39.002322,0.0,0.0,0.0
2022-01-16 17:12:39.505866,0.0,0.0,0.0
2022-01-16 17:12:40.005032,0.0,0.0,0.0
2022-01-16 17:12:40.510029,0.0,0.0,0.0
2022-01-16 17:12:41.008350,0.0,0.0,0.0
2022-01-16 17:12:41.503894,0.0,0.0,0.0
2022-01-16 17:12:42.002575,0.0,0.0,0.0
2022-01-16 17:12:42.508732,0.0,0.0,0.0
2022-01-16 17:12:43.007806,0.0,0.0,0.0
2022-01-16 17:12:43.502172,0.0,0.0,0.0
2022-01-16 17:12:44.010712,0.0,0.0,0.0
2022-01-16 17:12:44.505826,0.0,0.0,0.0
2022-01-16 17:12:45.004390,0.0,0.0,0.0
2022-01-16 17:12:45.509152,0.0,0.0,0.0
2022-01-16 17:12:46.010089,0.0,0.0,0.0
2022-01-16 17:12:46.504714,0.0,0.0,0.0
2022-01-16 17:12:47.002943,0.0,0.0,0.0
2022-01-16 17:12:47.509022,0.0,0.0,0.0
2022-01-16 17:12:48.005747,0.0,0.0,0.0
2022-01-16 17:12:48.509820,0.0,0.0,0.0
2022-01-16 17:12:49.008143,0.0,0.0,0.0
2022-01-16 17:12:49.503135,0.0,0.0,0.0
2022-01-16 17:12:50.002124,0.0,0.0,0.0
2022-01-16 17:12:50.501875,0.0,0.0,0.0
2022-01-16 17:12:51.009758,0.0,0.0,0.0
2022-01-16 17:12:51.504699,0.0,0.0,0.0
2022-01-16 17:12:52.003249,0.0,0.0,0.0
2022-01-16 17:12:52.507186,0.0,0.0,0.0
2022-01-16 17:12:53.005158,0.0,0.0,0.0
2022-01-16 17:12:53.510155,0.0,0.0,0.0
2022-01-16 17:12:54.008664,0.0,0.0,0.0
2022-01-16 17:12:54.503809,0.0,0.0,0.0
2022-01-16 17:12:55.001341,0.0,0.0,0.0
2022-01-16 17:12:55.504701,0.0,0.0,0.0
2022-01-16 17:12:56.003221,0.0,0.0,0.0
2022-01-16 17:12:56.509803,0.0,0.0,0.0
2022-01-16 17:12:57.009282,0.0,0.0,0.0
2022-01-16 17:12:57.509008,0.0,0.0,0.0
2022-01-16 17:12:58.006829,0.0,0.0,0.0
2022-01-16 17:12:58.501934,0.0,0.0,0.0
2022-01-16 17:12:59.010375,0.0,0.0,0.0
2022-01-16 17:12:59.504711,0.0,0.0,0.0
2022-01-16 17:13:00.002565,0.0,0.0,0.0
2022-01-16 17:13:00.507927,0.0,0.0,0.0
2022-01-16 17:13:01.005900,0.0,0.0,0.0
2022-01-16 17:13:01.501157,0.0,0.0,0.0
2022-01-16 17:13:02.009892,0.0,0.0,0.0
2022-01-16 17:13:02.505000,0.0,0.0,0.0
2022-01-16 17:13:03.004872,0.0,0.0,0.0
2022-01-16 17:13:03.510206,0.0,0.0,0.0
2022-01-16 17:13:04.007843,0.0,0.0,0.0
2022-01-16 17:13:04.503426,0.0,0.0,0.0
2022-01-16 17:13:05.003796,0.0,0.0,0.0
2022-01-16 17:13:05.508155,0.0,0.0,0.0
2022-01-16 17:13:06.004982,0.0,0.0,0.0
2022-01-16 17:13:06.502274,0.0,0.0,0.0
2022-01-16 17:13:07.011062,0.0,0.0,0.0
2022-01-16 17:13:07.506499,0.0,0.0,0.0
2022-01-16 17:13:08.004332,0.0,0.0,0.0
2022-01-16 17:13:08.508353,0.0,0.0,0.0
2022-01-16 17:13:09.005648,0.0,0.0,0.0
2022-01-16 17:13:09.502768,0.0,0.0,0.0
2022-01-16 17:13:10.010463,0.0,0.0,0.0
2022-01-16 17:13:10.505190,0.0,0.0,0.0
2022-01-16 17:13:11.003429,0.0,0.0,0.0
2022-01-16 17:13:11.507838,0.0,0.0,0.0
2022-01-16 17:13:12.004923,0.0,0.0,0.0
2022-01-16 17:13:12.510196,0.0,0.0,0.0
2022-01-16 17:13:13.007384,0.0,0.0,0.0
2022-01-16 17:13:13.501257,0.0,0.0,0.0
2022-01-16 17:13:14.010718,0.0,0.0,0.0
2022-01-16 17:13:14.505626,0.0,0.0,0.0
2022-01-16 17:13:15.004358,0.0,0.0,0.0
2022-01-16 17:13:15.510768,0.0,0.0,0.0
2022-01-16 17:13:16.008316,0.0,0.0,0.0
2022-01-16 17:13:16.502943,0.0,0.0,0.0
2022-01-16 17:13:17.001087,0.0,0.0,0.0
2022-01-16 17:13:17.506440,0.0,0.0,0.0
2022-01-16 17:13:18.004510,0.0,0.0,0.0
2022-01-16 17:13:18.501467,0.0,0.0,0.0
2022-01-16 17:13:19.009632,0.0,0.0,0.0
2022-01-16 17:13:19.503430,0.0,0.0,0.0
2022-01-16 17:13:20.002075,0.0,0.0,0.0
2022-01-16 17:13:20.506851,0.0,0.0,0.0
2022-01-16 17:13:21.005884,0.0,0.0,0.0
2022-01-16 17:13:21.510255,0.0,0.0,0.0
2022-01-16 17:13:22.009166,0.0,0.0,0.0
2022-01-16 17:13:22.504125,0.0,0.0,0.0
2022-01-16 17:13:23.001807,0.0,0.0,0.0
2022-01-16 17:13:23.507393,0.0,0.0,0.0
2022-01-16 17:13:24.004542,0.0,0.0,0.0
2022-01-16 17:13:24.508679,0.0,0.0,0.0
2022-01-16 17:13:25.007816,0.0,0.0,0.0
2022-01-16 17:13:25.503906,0.0,0.0,0.0
2022-01-16 17:13:26.011132,0.0,0.0,0.0
2022-01-16 17:13:26.505158,0.0,0.0,0.0
2022-01-16 17:13:27.002548,0.0,0.0,0.0
2022-01-16 17:13:27.510516,0.0,0.0,0.0
2022-01-16 17:13:28.010746,0.0,0.0,0.0
2022-01-16 17:13:28.505823,0.0,0.0,0.0
2022-01-16 17:13:29.004746,0.0,0.0,0.0
2022-01-16 17:13:29.510391,0.0,0.0,0.0
2022-01-16 17:13:30.009199,0.0,0.0,0.0
2022-01-16 17:13:30.504023,0.0,0.0,0.0
2022-01-16 17:13:31.002606,0.0,0.0,0.0
2022-01-16 17:13:31.509018,0.0,0.0,0.0
2022-01-16 17:13:32.005655,0.0,0.0,0.0
2022-01-16 17:13:32.501795,0.0,0.0,0.0
2022-01-16 17:13:33.011239,0.0,0.0,0.0
2022-01-16 17:13:33.506480,0.0,0.0,0.0
2022-01-16 17:13:34.005855,0.0,0.0,0.0
2022-01-16 17:13:34.511343,0.0,0.0,0.0
2022-01-16 17:13:35.009543,0.0,0.0,0.0
2022-01-16 17:13:35.504667,0.0,0.0,0.0
2022-01-16 17:13:36.001686,0.0,0.0,0.0
2022-01-16 17:13:36.507333,0.0,0.0,0.0
2022-01-16 17:13:37.007113,0.0,0.0,0.0
2022-01-16 17:13:37.501298,0.0,0.0,0.0
2022-01-16 17:13:38.001379,0.0,0.0,0.0
2022-01-16 17:13:38.507472,0.0,0.0,0.0
2022-01-16 17:13:39.005090,0.0,0.0,0.0
2022-01-16 17:13:39.509851,0.0,0.0,0.0
2022-01-16 17:13:40.008166,0.0,0.0,0.0
2022-01-16 17:13:40.503294,0.0,0.0,0.0
2022-01-16 17:13:41.002939,0.0,0.0,0.0
2022-01-16 17:13:41.508584,0.0,0.0,0.0
2022-01-16 17:13:42.006329,0.0,0.0,0.0
2022-01-16 17:13:42.510558,0.0,0.0,0.0
2022-01-16 17:13:43.008708,0.0,0.0,0.0
2022-01-16 17:13:43.502935,0.0,0.0,0.0
2022-01-16 17:13:44.011111,0.0,0.0,0.0
2022-01-16 17:13:44.506044,0.0,0.0,0.0
2022-01-16 17:13:45.002668,0.0,0.0,0.0
2022-01-16 17:13:45.508415,0.0,0.0,0.0
2022-01-16 17:13:46.009218,0.0,0.0,0.0
2022-01-16 17:13:46.502963,0.0,0.0,0.0
2022-01-16 17:13:47.001871,0.0,0.0,0.0
2022-01-16 17:13:47.508517,0.0,0.0,0.0
2022-01-16 17:13:48.007083,0.0,0.0,0.0
2022-01-16 17:13:48.502224,0.0,0.0,0.0
2022-01-16 17:13:49.010756,0.0,0.0,0.0
2022-01-16 17:13:49.507231,0.0,0.0,0.0
2022-01-16 17:13:50.005748,0.0,0.0,0.0
2022-01-16 17:13:50.501792,0.0,0.0,0.0
2022-01-16 17:13:51.011099,0.0,0.0,0.0
2022-01-16 17:13:51.506940,0.0,0.0,0.0
2022-01-16 17:13:52.004966,0.0,0.0,0.0
2022-01-16 17:13:52.509171,0.0,0.0,0.0
2022-01-16 17:13:53.006738,0.0,0.0,0.0
2022-01-16 17:13:53.502154,0.0,0.0,0.0
2022-01-16 17:13:54.001200,0.0,0.0,0.0
2022-01-16 17:13:54.507247,0.0,0.0,0.0
2022-01-16 17:13:55.006285,0.0,0.0,0.0
2022-01-16 17:13:55.510813,0.0,0.0,0.0
2022-01-16 17:13:56.008889,0.0,0.0,0.0
2022-01-16 17:13:56.502954,0.0,0.0,0.0
2022-01-16 17:13:57.010344,0.0,0.0,0.0
2022-01-16 17:13:57.504300,0.0,0.0,0.0
2022-01-16 17:13:58.001714,0.0,0.0,0.0
2022-01-16 17:13:58.508163,0.0,0.0,0.0
2022-01-16 17:13:59.006605,0.0,0.0,0.0
2022-01-16 17:13:59.501478,0.0,0.0,0.0
2022-01-16 17:14:00.010261,0.0,0.0,0.0
2022-01-16 17:14:00.505247,0.0,0.0,0.0
2022-01-16 17:14:01.004857,0.0,0.0,0.0
2022-01-16 17:14:01.509869,0.0,0.0,0.0
2022-01-16 17:14:02.006029,0.0,0.0,0.0
2022-01-16 17:14:02.510967,0.0,0.0,0.0
2022-01-16 17:14:03.009424,0.0,0.0,0.0
2022-01-16 17:14:03.505970,0.0,0.0,0.0
2022-01-16 17:14:04.005333,0.0,0.0,0.0
2022-01-16 17:14:04.510028,0.0,0.0,0.0
2022-01-16 17:14:05.009106,0.0,0.0,0.0
2022-01-16 17:14:05.502165,0.0,0.0,0.0
2022-01-16 17:14:06.011126,0.0,0.0,0.0
2022-01-16 17:14:06.505506,0.0,0.0,0.0
2022-01-16 17:14:07.002707,0.0,0.0,0.0
2022-01-16 17:14:07.506487,0.0,0.0,0.0
2022-01-16 17:14:08.004721,0.0,0.0,0.0
2022-01-16 17:14:08.510120,0.0,0.0,0.0
2022-01-16 17:14:09.008238,0.0,0.0,0.0
2022-01-16 17:14:09.504204,0.0,0.0,0.0
2022-01-16 17:14:10.010737,0.0,0.0,0.0
2022-01-16 17:14:10.506041,0.0,0.0,0.0
2022-01-16 17:14:11.003998,0.0,0.0,0.0
2022-01-16 17:14:11.508250,0.0,0.0,0.0
2022-01-16 17:14:12.005050,0.0,0.0,0.0
2022-01-16 17:14:12.510724,0.0,0.0,0.0
2022-01-16 17:14:13.008873,0.0,0.0,0.0
2022-01-16 17:14:13.503478,0.0,0.0,0.0
2022-01-16 17:14:14.010386,0.0,0.0,0.0
2022-01-16 17:14:14.505259,0.0,0.0,0.0
2022-01-16 17:14:15.004274,0.0,0.0,0.0
2022-01-16 17:14:15.510074,0.0,0.0,0.0
2022-01-16 17:14:16.008921,0.0,0.0,0.0
2022-01-16 17:14:16.504199,0.0,0.0,0.0
2022-01-16 17:14:17.002231,0.0,0.0,0.0
2022-01-16 17:14:17.508089,0.0,0.0,0.0
2022-01-16 17:14:18.009052,0.0,0.0,0.0
2022-01-16 17:14:18.503322,0.0,0.0,0.0
2022-01-16 17:14:19.003164,0.0,0.0,0.0
2022-01-16 17:14:19.508223,0.0,0.0,0.0
2022-01-16 17:14:20.006400,0.0,0.0,0.0
2022-01-16 17:14:20.504604,0.0,0.0,0.0
2022-01-16 17:14:21.002623,0.0,0.0,0.0
2022-01-16 17:14:21.507739,0.0,0.0,0.0
2022-01-16 17:14:22.005679,0.0,0.0,0.0
2022-01-16 17:14:22.510094,0.0,0.0,0.0
2022-01-16 17:14:23.009105,0.0,0.0,0.0
2022-01-16 17:14:23.504898,0.0,0.0,0.0
2022-01-16 17:14:24.004244,0.0,0.0,0.0
2022-01-16 17:14:24.509168,0.0,0.0,0.0
2022-01-16 17:14:25.007026,0.0,0.0,0.0
2022-01-16 17:14:25.503098,0.0,0.0,0.0
2022-01-16 17:14:26.011043,0.0,0.0,0.0
2022-01-16 17:14:26.505908,0.0,0.0,0.0
2022-01-16 17:14:27.003603,0.0,0.0,0.0
2022-01-16 17:14:27.507066,0.0,0.0,0.0
2022-01-16 17:14:28.005127,0.0,0.0,0.0
2022-01-16 17:14:28.509207,0.0,0.0,0.0
2022-01-16 17:14:29.006826,0.0,0.0,0.0
2022-01-16 17:14:29.501504,0.0,0.0,0.0
2022-01-16 17:14:30.001086,0.0,0.0,0.0
2022-01-16 17:14:30.506324,0.0,0.0,0.0
2022-01-16 17:14:31.006891,0.0,0.0,0.0
2022-01-16 17:14:31.502601,0.0,0.0,0.0
2022-01-16 17:14:32.504864,0.0,0.0,0.0
2022-01-16 17:14:33.002247,0.0,0.0,0.0
2022-01-16 17:14:33.507421,0.0,0.0,0.0
2022-01-16 17:14:34.005705,0.0,0.0,0.0
2022-01-16 17:14:34.510793,0.0,0.0,0.0
2022-01-16 17:14:35.009308,0.0,0.0,0.0
2022-01-16 17:14:35.503124,0.0,0.0,0.0
2022-01-16 17:14:36.002298,0.0,0.0,0.0
2022-01-16 17:14:36.507243,0.0,0.0,0.0
2022-01-16 17:14:37.005502,0.0,0.0,0.0
2022-01-16 17:14:37.511118,0.0,0.0,0.0
2022-01-16 17:14:38.009569,0.0,0.0,0.0
2022-01-16 17:14:38.504911,0.0,0.0,0.0
2022-01-16 17:14:39.004190,0.0,0.0,0.0
2022-01-16 17:14:39.508970,0.0,0.0,0.0
2022-01-16 17:14:40.006086,0.0,0.0,0.0
2022-01-16 17:14:40.501185,0.0,0.0,0.0
2022-01-16 17:14:41.009029,0.0,0.0,0.0
2022-01-16 17:14:41.503728,0.0,0.0,0.0
2022-01-16 17:14:42.001364,0.0,0.0,0.0
2022-01-16 17:14:42.507114,0.0,0.0,0.0
2022-01-16 17:14:43.003894,0.0,0.0,0.0
2022-01-16 17:14:43.511016,0.0,0.0,0.0
2022-01-16 17:14:44.008693,0.0,0.0,0.0
2022-01-16 17:14:44.503484,0.0,0.0,0.0
2022-01-16 17:14:45.010487,0.0,0.0,0.0
2022-01-16 17:14:45.504968,0.0,0.0,0.0
2022-01-16 17:14:46.001976,0.0,0.0,0.0
2022-01-16 17:14:46.506870,0.0,0.0,0.0
2022-01-16 17:14:47.004868,0.0,0.0,0.0
2022-01-16 17:14:47.509358,0.0,0.0,0.0
2022-01-16 17:14:48.007595,0.0,0.0,0.0
2022-01-16 17:14:48.501539,0.0,0.0,0.0
2022-01-16 17:14:49.009845,0.0,0.0,0.0
2022-01-16 17:14:49.505062,0.0,0.0,0.0
2022-01-16 17:14:50.004412,0.0,0.0,0.0
2022-01-16 17:14:50.508919,0.0,0.0,0.0
2022-01-16 17:14:51.005579,0.0,0.0,0.0
2022-01-16 17:14:51.510508,0.0,0.0,0.0
2022-01-16 17:14:52.009546,0.0,0.0,0.0
2022-01-16 17:14:52.507224,0.0,0.0,0.0
2022-01-16 17:14:53.006157,0.0,0.0,0.0
2022-01-16 17:14:53.510110,0.0,0.0,0.0
2022-01-16 17:14:54.008983,0.0,0.0,0.0
2022-01-16 17:14:54.503489,0.0,0.0,0.0
2022-01-16 17:14:55.001177,0.0,0.0,0.0
2022-01-16 17:14:55.506376,0.0,0.0,0.0
2022-01-16 17:14:56.005467,0.0,0.0,0.0
2022-01-16 17:14:56.510795,0.0,0.0,0.0
2022-01-16 17:14:57.001211,0.0,0.0,0.0
2022-01-16 17:14:57.505745,0.0,0.0,0.0
2022-01-16 17:14:58.003253,0.0,0.0,0.0
2022-01-16 17:14:58.508227,0.0,0.0,0.0
2022-01-16 17:14:59.006218,0.0,0.0,0.0
2022-01-16 17:14:59.501688,0.0,0.0,0.0
2022-01-16 17:15:00.009308,0.0,0.0,0.0
2022-01-16 17:15:00.504615,0.0,0.0,0.0
2022-01-16 17:15:01.003138,0.0,0.0,0.0
2022-01-16 17:15:01.507767,0.0,0.0,0.0
2022-01-16 17:15:02.006284,0.0,0.0,0.0
2022-01-16 17:15:02.510984,0.0,0.0,0.0
2022-01-16 17:15:03.009960,0.0,0.0,0.0
2022-01-16 17:15:03.503854,0.0,0.0,0.0
2022-01-16 17:15:04.001276,0.0,0.0,0.0
2022-01-16 17:15:04.506670,0.0,0.0,0.0
2022-01-16 17:15:05.006243,0.0,0.0,0.0
2022-01-16 17:15:05.504162,0.0,0.0,0.0
2022-01-16 17:15:06.001639,0.0,0.0,0.0
2022-01-16 17:15:06.506299,0.0,0.0,0.0
2022-01-16 17:15:07.001672,0.0,0.0,0.0
2022-01-16 17:15:07.506739,0.0,0.0,0.0
2022-01-16 17:15:08.005798,0.0,0.0,0.0
2022-01-16 17:15:08.501179,0.0,0.0,0.0
2022-01-16 17:15:09.008881,0.0,0.0,0.0
2022-01-16 17:15:09.507499,0.0,0.0,0.0
2022-01-16 17:15:10.004866,0.0,0.0,0.0
2022-01-16 17:15:10.501332,0.0,0.0,0.0
2022-01-16 17:15:11.011161,0.0,0.0,0.0
2022-01-16 17:15:11.504761,0.0,0.0,0.0
2022-01-16 17:15:12.002489,0.0,0.0,0.0
2022-01-16 17:15:12.507619,0.0,0.0,0.0
2022-01-16 17:15:13.005973,0.0,0.0,0.0
2022-01-16 17:15:13.502315,0.0,0.0,0.0
2022-01-16 17:15:14.003083,0.0,0.0,0.0
2022-01-16 17:15:14.508440,0.0,0.0,0.0
2022-01-16 17:15:15.007217,0.0,0.0,0.0
2022-01-16 17:15:15.503188,0.0,0.0,0.0
2022-01-16 17:15:16.504925,0.0,0.0,0.0
2022-01-16 17:15:17.002313,0.0,0.0,0.0
2022-01-16 17:15:17.509111,0.0,0.0,0.0
2022-01-16 17:15:18.005090,0.0,0.0,0.0
2022-01-16 17:15:18.509880,0.0,0.0,0.0
2022-01-16 17:15:19.008178,0.0,0.0,0.0
2022-01-16 17:15:19.504102,0.0,0.0,0.0
2022-01-16 17:15:20.001079,0.0,0.0,0.0
2022-01-16 17:15:20.501660,0.0,0.0,0.0
2022-01-16 17:15:21.001432,0.0,0.0,0.0
2022-01-16 17:15:21.505215,0.0,0.0,0.0
2022-01-16 17:15:22.002846,0.0,0.0,0.0
2022-01-16 17:15:22.508930,0.0,0.0,0.0
2022-01-16 17:15:23.006726,0.0,0.0,0.0
2022-01-16 17:15:23.503412,0.0,0.0,0.0
2022-01-16 17:15:24.002883,0.0,0.0,0.0
2022-01-16 17:15:24.507472,0.0,0.0,0.0
2022-01-16 17:15:25.006097,0.0,0.0,0.0
2022-01-16 17:15:25.510249,0.0,0.0,0.0
2022-01-16 17:15:26.009120,0.0,0.0,0.0
2022-01-16 17:15:26.503608,0.0,0.0,0.0
2022-01-16 17:15:27.001692,0.0,0.0,0.0
2022-01-16 17:15:27.504948,0.0,0.0,0.0
2022-01-16 17:15:28.003831,0.0,0.0,0.0
2022-01-16 17:15:28.508490,0.0,0.0,0.0
2022-01-16 17:15:29.005970,0.0,0.0,0.0
2022-01-16 17:15:29.510966,0.0,0.0,0.0
2022-01-16 17:15:30.009737,0.0,0.0,0.0
2022-01-16 17:15:30.504824,0.0,0.0,0.0
2022-01-16 17:15:31.001751,0.0,0.0,0.0
2022-01-16 17:15:31.506975,0.0,0.0,0.0
2022-01-16 17:15:32.004988,0.0,0.0,0.0
2022-01-16 17:15:32.501487,0.0,0.0,0.0
2022-01-16 17:15:33.010266,0.0,0.0,0.0
2022-01-16 17:15:33.504898,0.0,0.0,0.0
2022-01-16 17:15:34.002818,0.0,0.0,0.0
2022-01-16 17:15:34.507265,0.0,0.0,0.0
2022-01-16 17:15:35.005211,0.0,0.0,0.0
2022-01-16 17:15:35.510803,0.0,0.0,0.0
2022-01-16 17:15:36.009954,0.0,0.0,0.0
2022-01-16 17:15:36.503830,0.0,0.0,0.0
2022-01-16 17:15:37.002842,0.0,0.0,0.0
2022-01-16 17:15:37.509154,0.0,0.0,0.0
2022-01-16 17:15:38.006953,0.0,0.0,0.0
2022-01-16 17:15:38.501535,0.0,0.0,0.0
2022-01-16 17:15:39.009446,0.0,0.0,0.0
2022-01-16 17:15:39.503114,0.0,0.0,0.0
2022-01-16 17:15:40.011091,0.0,0.0,0.0
2022-01-16 17:15:40.505639,0.0,0.0,0.0
2022-01-16 17:15:41.005242,0.0,0.0,0.0
2022-01-16 17:15:41.510540,0.0,0.0,0.0
2022-01-16 17:15:42.009721,0.0,0.0,0.0
2022-01-16 17:15:42.504726,0.0,0.0,0.0
2022-01-16 17:15:43.003056,0.0,0.0,0.0
2022-01-16 17:15:43.508046,0.0,0.0,0.0
2022-01-16 17:15:44.005937,0.0,0.0,0.0
2022-01-16 17:15:44.501081,0.0,0.0,0.0
2022-01-16 17:15:45.008208,0.0,0.0,0.0
2022-01-16 17:15:45.502708,0.0,0.0,0.0
2022-01-16 17:15:46.001809,0.0,0.0,0.0
2022-01-16 17:15:46.508469,0.0,0.0,0.0
2022-01-16 17:15:47.005864,0.0,0.0,0.0
2022-01-16 17:15:47.508694,0.0,0.0,0.0
2022-01-16 17:15:48.005161,0.0,0.0,0.0
2022-01-16 17:15:48.510122,0.0,0.0,0.0
2022-01-16 17:15:49.009705,0.0,0.0,0.0
2022-01-16 17:15:49.503910,0.0,0.0,0.0
2022-01-16 17:15:50.001107,0.0,0.0,0.0
2022-01-16 17:15:50.506930,0.0,0.0,0.0
2022-01-16 17:15:51.004659,0.0,0.0,0.0
2022-01-16 17:15:51.509602,0.0,0.0,0.0
2022-01-16 17:15:52.007470,0.0,0.0,0.0
2022-01-16 17:15:52.502246,0.0,0.0,0.0
2022-01-16 17:15:53.009688,0.0,0.0,0.0
2022-01-16 17:15:53.502419,0.0,0.0,0.0
2022-01-16 17:15:54.010499,0.0,0.0,0.0
2022-01-16 17:15:54.505879,0.0,0.0,0.0
2022-01-16 17:15:55.006746,0.0,0.0,0.0
2022-01-16 17:15:55.504137,0.0,0.0,0.0
2022-01-16 17:15:56.003622,0.0,0.0,0.0
2022-01-16 17:15:56.508637,0.0,0.0,0.0
2022-01-16 17:15:57.006698,0.0,0.0,0.0
2022-01-16 17:15:57.505215,0.0,0.0,0.0
2022-01-16 17:15:58.004045,0.0,0.0,0.0
2022-01-16 17:15:58.510119,0.0,0.0,0.0
2022-01-16 17:15:59.007654,0.0,0.0,0.0
2022-01-16 17:15:59.502985,0.0,0.0,0.0
2022-01-16 17:16:00.503974,0.0,0.0,0.0
2022-01-16 17:16:01.001368,0.0,0.0,0.0
2022-01-16 17:16:01.505756,0.0,0.0,0.0
2022-01-16 17:16:02.003838,0.0,0.0,0.0
2022-01-16 17:16:02.508573,0.0,0.0,0.0
2022-01-16 17:16:03.006231,0.0,0.0,0.0
2022-01-16 17:16:03.501859,0.0,0.0,0.0
2022-01-16 17:16:04.001103,0.0,0.0,0.0
2022-01-16 17:16:04.505263,0.0,0.0,0.0
2022-01-16 17:16:05.004469,0.0,0.0,0.0
2022-01-16 17:16:05.510370,0.0,0.0,0.0
2022-01-16 17:16:06.009580,0.0,0.0,0.0
2022-01-16 17:16:06.505665,0.0,0.0,0.0
2022-01-16 17:16:07.003447,0.0,0.0,0.0
2022-01-16 17:16:07.509278,0.0,0.0,0.0
2022-01-16 17:16:08.004167,0.0,0.0,0.0
2022-01-16 17:16:08.509362,0.0,0.0,0.0
2022-01-16 17:16:09.008482,0.0,0.0,0.0
2022-01-16 17:16:09.504164,0.0,0.0,0.0
2022-01-16 17:16:10.000763,0.0,0.0,0.0
2022-01-16 17:16:10.505589,0.0,0.0,0.0
2022-01-16 17:16:11.002912,0.0,0.0,0.0
2022-01-16 17:16:11.508780,0.0,0.0,0.0
2022-01-16 17:16:12.006435,0.0,0.0,0.0
2022-01-16 17:16:12.501372,0.0,0.0,0.0
2022-01-16 17:16:13.009150,0.0,0.0,0.0
2022-01-16 17:16:13.505700,0.0,0.0,0.0
2022-01-16 17:16:14.004675,0.0,0.0,0.0
2022-01-16 17:16:14.509180,0.0,0.0,0.0
2022-01-16 17:16:15.007632,0.0,0.0,0.0
2022-01-16 17:16:15.502606,0.0,0.0,0.0
2022-01-16 17:16:16.010517,0.0,0.0,0.0
2022-01-16 17:16:16.504795,0.0,0.0,0.0
2022-01-16 17:16:17.006286,0.0,0.0,0.0
2022-01-16 17:16:17.502314,0.0,0.0,0.0
2022-01-16 17:16:18.001784,0.0,0.0,0.0
2022-01-16 17:16:18.508564,0.0,0.0,0.0
2022-01-16 17:16:19.008034,0.0,0.0,0.0
2022-01-16 17:16:19.503929,0.0,0.0,0.0
2022-01-16 17:16:20.002131,0.0,0.0,0.0
2022-01-16 17:16:20.506855,0.0,0.0,0.0
2022-01-16 17:16:21.004092,0.0,0.0,0.0
2022-01-16 17:16:21.509237,0.0,0.0,0.0
2022-01-16 17:16:22.007854,0.0,0.0,0.0
2022-01-16 17:16:22.504429,0.0,0.0,0.0
2022-01-16 17:16:23.003903,0.0,0.0,0.0
2022-01-16 17:16:23.509717,0.0,0.0,0.0
2022-01-16 17:16:24.006702,0.0,0.0,0.0
2022-01-16 17:16:24.511229,0.0,0.0,0.0
2022-01-16 17:16:25.008730,0.0,0.0,0.0
2022-01-16 17:16:25.504635,0.0,0.0,0.0
2022-01-16 17:16:26.002937,0.0,0.0,0.0
2022-01-16 17:16:26.507974,0.0,0.0,0.0
2022-01-16 17:16:27.005648,0.0,0.0,0.0
2022-01-16 17:16:27.502258,0.0,0.0,0.0
2022-01-16 17:16:28.010984,0.0,0.0,0.0
2022-01-16 17:16:28.506566,0.0,0.0,0.0
2022-01-16 17:16:29.004437,0.0,0.0,0.0
2022-01-16 17:16:29.508960,0.0,0.0,0.0
2022-01-16 17:16:30.003331,0.0,0.0,0.0
2022-01-16 17:16:30.508143,0.0,0.0,0.0
2022-01-16 17:16:31.006669,0.0,0.0,0.0
2022-01-16 17:16:31.504813,0.0,0.0,0.0
2022-01-16 17:16:32.002660,0.0,0.0,0.0
2022-01-16 17:16:32.507607,0.0,0.0,0.0
2022-01-16 17:16:33.005364,0.0,0.0,0.0
2022-01-16 17:16:33.501469,0.0,0.0,0.0
2022-01-16 17:16:34.005380,0.0,0.0,0.0
2022-01-16 17:16:34.511196,0.0,0.0,0.0
2022-01-16 17:16:35.008798,0.0,0.0,0.0
2022-01-16 17:16:35.503102,0.0,0.0,0.0
2022-01-16 17:16:36.001132,0.0,0.0,0.0
2022-01-16 17:16:36.508356,0.0,0.0,0.0
2022-01-16 17:16:37.006076,0.0,0.0,0.0
2022-01-16 17:16:37.511148,0.0,0.0,0.0
2022-01-16 17:16:38.009149,0.0,0.0,0.0
2022-01-16 17:16:38.502828,0.0,0.0,0.0
2022-01-16 17:16:39.002287,0.0,0.0,0.0
2022-01-16 17:16:39.507445,0.0,0.0,0.0
2022-01-16 17:16:40.005671,0.0,0.0,0.0
2022-01-16 17:16:40.501568,0.0,0.0,0.0
2022-01-16 17:16:41.001077,0.0,0.0,0.0
2022-01-16 17:16:41.505654,0.0,0.0,0.0
2022-01-16 17:16:42.004158,0.0,0.0,0.0
2022-01-16 17:16:42.507874,0.0,0.0,0.0
2022-01-16 17:16:43.006328,0.0,0.0,0.0
2022-01-16 17:16:43.502104,0.0,0.0,0.0
2022-01-16 17:16:44.010707,0.0,0.0,0.0
2022-01-16 17:16:44.505318,0.0,0.0,0.0
2022-01-16 17:16:45.003048,0.0,0.0,0.0
2022-01-16 17:16:45.508728,0.0,0.0,0.0
2022-01-16 17:16:46.005656,0.0,0.0,0.0
2022-01-16 17:16:46.509885,0.0,0.0,0.0
2022-01-16 17:16:47.008157,0.0,0.0,0.0
2022-01-16 17:16:47.502919,0.0,0.0,0.0
2022-01-16 17:16:48.001240,0.0,0.0,0.0
2022-01-16 17:16:48.506603,0.0,0.0,0.0
2022-01-16 17:16:49.004811,0.0,0.0,0.0
2022-01-16 17:16:49.509026,0.0,0.0,0.0
2022-01-16 17:16:50.008067,0.0,0.0,0.0
2022-01-16 17:16:50.503268,0.0,0.0,0.0
2022-01-16 17:16:51.002221,0.0,0.0,0.0
2022-01-16 17:16:51.507475,0.0,0.0,0.0
2022-01-16 17:16:52.005614,0.0,0.0,0.0
2022-01-16 17:16:52.511058,0.0,0.0,0.0
2022-01-16 17:16:53.008825,0.0,0.0,0.0
2022-01-16 17:16:53.503649,0.0,0.0,0.0
2022-01-16 17:16:54.001785,0.0,0.0,0.0
2022-01-16 17:16:54.506963,0.0,0.0,0.0
2022-01-16 17:16:55.002870,0.0,0.0,0.0
2022-01-16 17:16:55.508118,0.0,0.0,0.0
2022-01-16 17:16:56.006402,0.0,0.0,0.0
2022-01-16 17:16:56.510805,0.0,0.0,0.0
2022-01-16 17:16:57.008256,0.0,0.0,0.0
2022-01-16 17:16:57.503469,0.0,0.0,0.0
2022-01-16 17:16:58.010412,0.0,0.0,0.0
2022-01-16 17:16:58.503876,0.0,0.0,0.0
2022-01-16 17:16:59.002230,0.0,0.0,0.0
2022-01-16 17:16:59.507154,0.0,0.0,0.0
2022-01-16 17:17:00.005260,0.0,0.0,0.0
2022-01-16 17:17:00.509839,0.0,0.0,0.0
2022-01-16 17:17:01.009124,0.0,0.0,0.0
2022-01-16 17:17:01.505773,0.0,0.0,0.0
2022-01-16 17:17:02.004173,0.0,0.0,0.0
2022-01-16 17:17:02.510151,0.0,0.0,0.0
2022-01-16 17:17:03.009962,0.0,0.0,0.0
2022-01-16 17:17:03.503996,0.0,0.0,0.0
2022-01-16 17:17:04.001439,0.0,0.0,0.0
2022-01-16 17:17:04.505974,0.0,0.0,0.0
2022-01-16 17:17:05.004697,0.0,0.0,0.0
2022-01-16 17:17:05.509359,0.0,0.0,0.0
2022-01-16 17:17:06.008746,0.0,0.0,0.0
2022-01-16 17:17:06.505021,0.0,0.0,0.0
2022-01-16 17:17:07.003689,0.0,0.0,0.0
2022-01-16 17:17:07.510912,0.0,0.0,0.0
2022-01-16 17:17:08.011028,0.0,0.0,0.0
2022-01-16 17:17:08.506368,0.0,0.0,0.0
2022-01-16 17:17:09.004732,0.0,0.0,0.0
2022-01-16 17:17:09.508581,0.0,0.0,0.0
2022-01-16 17:17:10.005720,0.0,0.0,0.0
2022-01-16 17:17:10.509846,0.0,0.0,0.0
2022-01-16 17:17:11.009414,0.0,0.0,0.0
2022-01-16 17:17:11.505592,0.0,0.0,0.0
2022-01-16 17:17:12.003670,0.0,0.0,0.0
2022-01-16 17:17:12.501265,0.0,0.0,0.0
2022-01-16 17:17:13.010502,0.0,0.0,0.0
2022-01-16 17:17:13.506737,0.0,0.0,0.0
2022-01-16 17:17:14.004304,0.0,0.0,0.0
2022-01-16 17:17:14.509550,0.0,0.0,0.0
2022-01-16 17:17:15.006579,0.0,0.0,0.0
2022-01-16 17:17:15.501580,0.0,0.0,0.0
2022-01-16 17:17:16.010218,0.0,0.0,0.0
2022-01-16 17:17:16.506124,0.0,0.0,0.0
2022-01-16 17:17:17.006227,0.0,0.0,0.0
2022-01-16 17:17:17.511090,0.0,0.0,0.0
2022-01-16 17:17:18.007927,0.0,0.0,0.0
2022-01-16 17:17:18.510505,0.0,0.0,0.0
2022-01-16 17:17:19.009015,0.0,0.0,0.0
2022-01-16 17:17:19.503391,0.0,0.0,0.0
2022-01-16 17:17:20.011244,0.0,0.0,0.0
2022-01-16 17:17:20.506718,0.0,0.0,0.0
2022-01-16 17:17:21.005019,0.0,0.0,0.0
2022-01-16 17:17:21.510743,0.0,0.0,0.0
2022-01-16 17:17:22.007620,0.0,0.0,0.0
2022-01-16 17:17:22.504454,0.0,0.0,0.0
2022-01-16 17:17:23.002747,0.0,0.0,0.0
2022-01-16 17:17:23.508286,0.0,0.0,0.0
2022-01-16 17:17:24.006234,0.0,0.0,0.0
2022-01-16 17:17:24.502288,0.0,0.0,0.0
2022-01-16 17:17:25.010321,0.0,0.0,0.0
2022-01-16 17:17:25.505157,0.0,0.0,0.0
2022-01-16 17:17:26.001131,0.0,0.0,0.0
2022-01-16 17:17:26.507450,0.0,0.0,0.0
2022-01-16 17:17:27.005470,0.0,0.0,0.0
2022-01-16 17:17:27.510455,0.0,0.0,0.0
2022-01-16 17:17:28.008189,0.0,0.0,0.0
2022-01-16 17:17:28.504360,0.0,0.0,0.0
2022-01-16 17:17:29.002759,0.0,0.0,0.0
2022-01-16 17:17:29.507423,0.0,0.0,0.0
2022-01-16 17:17:30.006391,0.0,0.0,0.0
2022-01-16 17:17:30.511098,0.0,0.0,0.0
2022-01-16 17:17:31.008739,0.0,0.0,0.0
2022-01-16 17:17:31.504082,0.0,0.0,0.0
2022-01-16 17:17:32.001688,0.0,0.0,0.0
2022-01-16 17:17:32.507822,0.0,0.0,0.0
2022-01-16 17:17:33.005676,0.0,0.0,0.0
2022-01-16 17:17:33.501085,0.0,0.0,0.0
2022-01-16 17:17:34.009001,0.0,0.0,0.0
2022-01-16 17:17:34.505410,0.0,0.0,0.0
2022-01-16 17:17:35.002951,0.0,0.0,0.0
2022-01-16 17:17:35.509335,0.0,0.0,0.0
2022-01-16 17:17:36.008178,0.0,0.0,0.0
2022-01-16 17:17:36.502495,0.0,0.0,0.0
2022-01-16 17:17:37.001348,0.0,0.0,0.0
2022-01-16 17:17:37.505538,0.0,0.0,0.0
2022-01-16 17:17:38.004626,0.0,0.0,0.0
2022-01-16 17:17:38.509344,0.0,0.0,0.0
2022-01-16 17:17:39.009362,0.0,0.0,0.0
2022-01-16 17:17:39.504970,0.0,0.0,0.0
2022-01-16 17:17:40.005151,0.0,0.0,0.0
2022-01-16 17:17:40.501035,0.0,0.0,0.0
2022-01-16 17:17:41.009252,0.0,0.0,0.0
2022-01-16 17:17:41.502456,0.0,0.0,0.0
2022-01-16 17:17:42.010742,0.0,0.0,0.0
2022-01-16 17:17:42.505753,0.0,0.0,0.0
2022-01-16 17:17:43.005143,0.0,0.0,0.0
2022-01-16 17:17:43.502034,0.0,0.0,0.0
2022-01-16 17:17:44.002847,0.0,0.0,0.0
2022-01-16 17:17:44.508756,0.0,0.0,0.0
2022-01-16 17:17:45.006879,0.0,0.0,0.0
2022-01-16 17:17:45.502807,0.0,0.0,0.0
2022-01-16 17:17:46.010749,0.0,0.0,0.0
2022-01-16 17:17:46.505831,0.0,0.0,0.0
2022-01-16 17:17:47.002910,0.0,0.0,0.0
2022-01-16 17:17:47.508723,0.0,0.0,0.0
2022-01-16 17:17:48.007675,0.0,0.0,0.0
2022-01-16 17:17:48.501802,0.0,0.0,0.0
2022-01-16 17:17:49.009124,0.0,0.0,0.0
2022-01-16 17:17:49.505722,0.0,0.0,0.0
2022-01-16 17:17:50.003104,0.0,0.0,0.0
2022-01-16 17:17:50.506854,0.0,0.0,0.0
2022-01-16 17:17:51.004135,0.0,0.0,0.0
2022-01-16 17:17:51.510384,0.0,0.0,0.0
2022-01-16 17:17:52.008250,0.0,0.0,0.0
2022-01-16 17:17:52.504866,0.0,0.0,0.0
2022-01-16 17:17:53.002422,0.0,0.0,0.0
2022-01-16 17:17:53.508164,0.0,0.0,0.0
2022-01-16 17:17:54.005707,0.0,0.0,0.0
2022-01-16 17:17:54.510204,0.0,0.0,0.0
2022-01-16 17:17:55.008126,0.0,0.0,0.0
2022-01-16 17:17:55.503099,0.0,0.0,0.0
2022-01-16 17:17:56.001399,0.0,0.0,0.0
2022-01-16 17:17:56.508136,0.0,0.0,0.0
2022-01-16 17:17:57.005149,0.0,0.0,0.0
2022-01-16 17:17:57.509722,0.0,0.0,0.0
2022-01-16 17:17:58.006881,0.0,0.0,0.0
2022-01-16 17:17:58.502268,0.0,0.0,0.0
2022-01-16 17:17:59.009909,0.0,0.0,0.0
2022-01-16 17:17:59.504652,0.0,0.0,0.0
2022-01-16 17:18:00.002241,0.0,0.0,0.0
2022-01-16 17:18:00.507120,0.0,0.0,0.0
2022-01-16 17:18:01.004798,0.0,0.0,0.0
2022-01-16 17:18:01.509331,0.0,0.0,0.0
2022-01-16 17:18:02.007001,0.0,0.0,0.0
2022-01-16 17:18:02.501730,0.0,0.0,0.0
2022-01-16 17:18:03.010601,0.0,0.0,0.0
2022-01-16 17:18:03.505857,0.0,0.0,0.0
2022-01-16 17:18:04.004485,0.0,0.0,0.0
2022-01-16 17:18:04.501030,0.0,0.0,0.0
2022-01-16 17:18:05.009818,0.0,0.0,0.0
2022-01-16 17:18:05.503910,0.0,0.0,0.0
2022-01-16 17:18:06.001001,0.0,0.0,0.0
2022-01-16 17:18:06.507807,0.0,0.0,0.0
2022-01-16 17:18:07.005143,0.0,0.0,0.0
2022-01-16 17:18:07.509710,0.0,0.0,0.0
2022-01-16 17:18:08.005727,0.0,0.0,0.0
2022-01-16 17:18:08.509541,0.0,0.0,0.0
2022-01-16 17:18:09.008018,0.0,0.0,0.0
2022-01-16 17:18:09.504130,0.0,0.0,0.0
2022-01-16 17:18:10.504980,0.0,0.0,0.0
2022-01-16 17:18:11.002575,0.0,0.0,0.0
2022-01-16 17:18:11.509739,0.0,0.0,0.0
2022-01-16 17:18:12.005842,0.0,0.0,0.0
2022-01-16 17:18:12.501826,0.0,0.0,0.0
2022-01-16 17:18:13.010171,0.0,0.0,0.0
2022-01-16 17:18:13.504540,0.0,0.0,0.0
2022-01-16 17:18:14.002301,0.0,0.0,0.0
2022-01-16 17:18:14.508895,0.0,0.0,0.0
2022-01-16 17:18:15.005761,0.0,0.0,0.0
2022-01-16 17:18:15.510663,0.0,0.0,0.0
2022-01-16 17:18:16.007862,0.0,0.0,0.0
2022-01-16 17:18:16.503207,0.0,0.0,0.0
2022-01-16 17:18:17.011155,0.0,0.0,0.0
2022-01-16 17:18:17.506415,0.0,0.0,0.0
2022-01-16 17:18:18.003316,0.0,0.0,0.0
2022-01-16 17:18:18.507301,0.0,0.0,0.0
2022-01-16 17:18:19.006364,0.0,0.0,0.0
2022-01-16 17:18:19.510791,0.0,0.0,0.0
2022-01-16 17:18:20.008180,0.0,0.0,0.0
2022-01-16 17:18:20.504133,0.0,0.0,0.0
2022-01-16 17:18:21.001249,0.0,0.0,0.0
2022-01-16 17:18:21.505734,0.0,0.0,0.0
2022-01-16 17:18:22.003472,0.0,0.0,0.0
2022-01-16 17:18:22.509252,0.0,0.0,0.0
2022-01-16 17:18:23.006395,0.0,0.0,0.0
2022-01-16 17:18:23.504110,0.0,0.0,0.0
2022-01-16 17:18:24.001520,0.0,0.0,0.0
2022-01-16 17:18:24.505967,0.0,0.0,0.0
2022-01-16 17:18:25.002893,0.0,0.0,0.0
2022-01-16 17:18:25.507018,0.0,0.0,0.0
2022-01-16 17:18:26.006182,0.0,0.0,0.0
2022-01-16 17:18:26.501653,0.0,0.0,0.0
2022-01-16 17:18:27.008771,0.0,0.0,0.0
2022-01-16 17:18:27.504023,0.0,0.0,0.0
2022-01-16 17:18:28.006228,0.0,0.0,0.0
2022-01-16 17:18:28.511152,0.0,0.0,0.0
2022-01-16 17:18:29.009652,0.0,0.0,0.0
2022-01-16 17:18:29.504599,0.0,0.0,0.0
2022-01-16 17:18:30.001725,0.0,0.0,0.0
2022-01-16 17:18:30.507084,0.0,0.0,0.0
2022-01-16 17:18:31.005555,0.0,0.0,0.0
2022-01-16 17:18:31.510696,0.0,0.0,0.0
2022-01-16 17:18:32.008571,0.0,0.0,0.0
2022-01-16 17:18:32.504294,0.0,0.0,0.0
2022-01-16 17:18:33.001350,0.0,0.0,0.0
2022-01-16 17:18:33.505554,0.0,0.0,0.0
2022-01-16 17:18:34.002964,0.0,0.0,0.0
2022-01-16 17:18:34.507477,0.0,0.0,0.0
2022-01-16 17:18:35.007004,0.0,0.0,0.0
2022-01-16 17:18:35.501483,0.0,0.0,0.0
2022-01-16 17:18:36.009450,0.0,0.0,0.0
2022-01-16 17:18:36.504862,0.0,0.0,0.0
2022-01-16 17:18:37.002740,0.0,0.0,0.0
2022-01-16 17:18:37.508465,0.0,0.0,0.0
2022-01-16 17:18:38.005620,0.0,0.0,0.0
2022-01-16 17:18:38.510826,0.0,0.0,0.0
2022-01-16 17:18:39.008820,0.0,0.0,0.0
2022-01-16 17:18:39.501763,0.0,0.0,0.0
2022-01-16 17:18:40.010229,0.0,0.0,0.0
2022-01-16 17:18:40.505807,0.0,0.0,0.0
2022-01-16 17:18:41.005628,0.0,0.0,0.0
2022-01-16 17:18:41.511005,0.0,0.0,0.0
2022-01-16 17:18:42.010560,0.0,0.0,0.0
2022-01-16 17:18:42.504813,0.0,0.0,0.0
2022-01-16 17:18:43.002991,0.0,0.0,0.0
2022-01-16 17:18:43.507503,0.0,0.0,0.0
2022-01-16 17:18:44.005610,0.0,0.0,0.0
2022-01-16 17:18:44.510062,0.0,0.0,0.0
2022-01-16 17:18:45.007147,0.0,0.0,0.0
2022-01-16 17:18:45.503747,0.0,0.0,0.0
2022-01-16 17:18:46.003149,0.0,0.0,0.0
2022-01-16 17:18:46.508134,0.0,0.0,0.0
2022-01-16 17:18:47.005230,0.0,0.0,0.0
2022-01-16 17:18:47.501146,0.0,0.0,0.0
2022-01-16 17:18:48.001215,0.0,0.0,0.0
2022-01-16 17:18:48.505201,0.0,0.0,0.0
2022-01-16 17:18:49.002840,0.0,0.0,0.0
2022-01-16 17:18:49.507632,0.0,0.0,0.0
2022-01-16 17:18:50.006031,0.0,0.0,0.0
2022-01-16 17:18:50.510694,0.0,0.0,0.0
2022-01-16 17:18:51.008336,0.0,0.0,0.0
2022-01-16 17:18:51.503031,0.0,0.0,0.0
2022-01-16 17:18:52.010746,0.0,0.0,0.0
2022-01-16 17:18:52.507536,0.0,0.0,0.0
2022-01-16 17:18:53.004871,0.0,0.0,0.0
2022-01-16 17:18:53.509204,0.0,0.0,0.0
2022-01-16 17:18:54.007605,0.0,0.0,0.0
2022-01-16 17:18:54.502465,0.0,0.0,0.0
2022-01-16 17:18:55.010186,0.0,0.0,0.0
2022-01-16 17:18:55.505474,0.0,0.0,0.0
2022-01-16 17:18:56.002614,0.0,0.0,0.0
2022-01-16 17:18:56.507661,0.0,0.0,0.0
2022-01-16 17:18:57.005717,0.0,0.0,0.0
2022-01-16 17:18:57.510571,0.0,0.0,0.0
2022-01-16 17:18:58.009629,0.0,0.0,0.0
2022-01-16 17:18:58.505496,0.0,0.0,0.0
2022-01-16 17:18:59.005303,0.0,0.0,0.0
2022-01-16 17:18:59.509143,0.0,0.0,0.0
2022-01-16 17:19:00.008080,0.0,0.0,0.0
2022-01-16 17:19:00.511182,0.0,0.0,0.0
2022-01-16 17:19:01.008137,0.0,0.0,0.0
2022-01-16 17:19:01.502431,0.0,0.0,0.0
2022-01-16 17:19:02.010481,0.0,0.0,0.0
2022-01-16 17:19:02.508828,0.0,0.0,0.0
2022-01-16 17:19:03.006546,0.0,0.0,0.0
2022-01-16 17:19:03.511043,0.0,0.0,0.0
2022-01-16 17:19:04.008679,0.0,0.0,0.0
2022-01-16 17:19:04.503119,0.0,0.0,0.0
2022-01-16 17:19:05.010857,0.0,0.0,0.0
2022-01-16 17:19:05.506409,0.0,0.0,0.0
2022-01-16 17:19:06.005785,0.0,0.0,0.0
2022-01-16 17:19:06.501024,0.0,0.0,0.0
2022-01-16 17:19:07.010386,0.0,0.0,0.0
2022-01-16 17:19:07.506593,0.0,0.0,0.0
2022-01-16 17:19:08.004875,0.0,0.0,0.0
2022-01-16 17:19:08.501498,0.0,0.0,0.0
2022-01-16 17:19:09.004597,0.0,0.0,0.0
2022-01-16 17:19:09.501299,0.0,0.0,0.0
2022-01-16 17:19:10.009900,0.0,0.0,0.0
2022-01-16 17:19:10.505295,0.0,0.0,0.0
2022-01-16 17:19:11.004926,0.0,0.0,0.0
2022-01-16 17:19:11.501634,0.0,0.0,0.0
2022-01-16 17:19:12.002239,0.0,0.0,0.0
2022-01-16 17:19:12.507374,0.0,0.0,0.0
2022-01-16 17:19:13.005654,0.0,0.0,0.0
2022-01-16 17:19:13.501820,0.0,0.0,0.0
2022-01-16 17:19:14.009730,0.0,0.0,0.0
2022-01-16 17:19:14.503693,0.0,0.0,0.0
2022-01-16 17:19:15.001660,0.0,0.0,0.0
2022-01-16 17:19:15.509093,0.0,0.0,0.0
2022-01-16 17:19:16.006276,0.0,0.0,0.0
2022-01-16 17:19:16.501594,0.0,0.0,0.0
2022-01-16 17:19:17.009224,0.0,0.0,0.0
2022-01-16 17:19:17.504515,0.0,0.0,0.0
2022-01-16 17:19:18.002795,0.0,0.0,0.0
2022-01-16 17:19:18.508503,0.0,0.0,0.0
2022-01-16 17:19:19.005912,0.0,0.0,0.0
2022-01-16 17:19:19.510936,0.0,0.0,0.0
2022-01-16 17:19:20.010057,0.0,0.0,0.0
2022-01-16 17:19:20.504072,0.0,0.0,0.0
2022-01-16 17:19:21.002367,0.0,0.0,0.0
2022-01-16 17:19:21.506092,0.0,0.0,0.0
2022-01-16 17:19:22.003339,0.0,0.0,0.0
2022-01-16 17:19:22.508563,0.0,0.0,0.0
2022-01-16 17:19:23.006325,0.0,0.0,0.0
2022-01-16 17:19:23.502676,0.0,0.0,0.0
2022-01-16 17:19:24.010172,0.0,0.0,0.0
2022-01-16 17:19:24.508947,0.0,0.0,0.0
2022-01-16 17:19:25.007058,0.0,0.0,0.0
2022-01-16 17:19:25.510849,0.0,0.0,0.0
2022-01-16 17:19:26.008706,0.0,0.0,0.0
2022-01-16 17:19:26.503321,0.0,0.0,0.0
2022-01-16 17:19:27.010928,0.0,0.0,0.0
2022-01-16 17:19:27.504960,0.0,0.0,0.0
2022-01-16 17:19:28.002168,0.0,0.0,0.0
2022-01-16 17:19:28.506299,0.0,0.0,0.0
2022-01-16 17:19:29.005721,0.0,0.0,0.0
2022-01-16 17:19:29.502325,0.0,0.0,0.0
2022-01-16 17:19:30.010818,0.0,0.0,0.0
2022-01-16 17:19:30.506240,0.0,0.0,0.0
2022-01-16 17:19:31.004169,0.0,0.0,0.0
2022-01-16 17:19:31.508690,0.0,0.0,0.0
2022-01-16 17:19:32.006640,0.0,0.0,0.0
2022-01-16 17:19:32.510802,0.0,0.0,0.0
2022-01-16 17:19:33.009743,0.0,0.0,0.0
2022-01-16 17:19:33.505858,0.0,0.0,0.0
2022-01-16 17:19:34.004613,0.0,0.0,0.0
2022-01-16 17:19:34.508581,0.0,0.0,0.0
2022-01-16 17:19:35.006103,0.0,0.0,0.0
2022-01-16 17:19:35.501519,0.0,0.0,0.0
2022-01-16 17:19:36.009943,0.0,0.0,0.0
2022-01-16 17:19:36.504812,0.0,0.0,0.0
2022-01-16 17:19:37.002161,0.0,0.0,0.0
2022-01-16 17:19:37.508344,0.0,0.0,0.0
2022-01-16 17:19:38.006573,0.0,0.0,0.0
2022-01-16 17:19:38.501245,0.0,0.0,0.0
2022-01-16 17:19:39.009338,0.0,0.0,0.0
2022-01-16 17:19:39.504116,0.0,0.0,0.0
2022-01-16 17:19:40.001471,0.0,0.0,0.0
2022-01-16 17:19:40.505852,0.0,0.0,0.0
2022-01-16 17:19:41.004644,0.0,0.0,0.0
2022-01-16 17:19:41.509267,0.0,0.0,0.0
2022-01-16 17:19:42.007230,0.0,0.0,0.0
2022-01-16 17:19:42.504819,0.0,0.0,0.0
2022-01-16 17:19:43.002721,0.0,0.0,0.0
2022-01-16 17:19:43.507515,0.0,0.0,0.0
2022-01-16 17:19:44.005531,0.0,0.0,0.0
2022-01-16 17:19:44.510636,0.0,0.0,0.0
2022-01-16 17:19:45.007416,0.0,0.0,0.0
2022-01-16 17:19:45.501147,0.0,0.0,0.0
2022-01-16 17:19:46.008720,0.0,0.0,0.0
2022-01-16 17:19:46.505837,0.0,0.0,0.0
2022-01-16 17:19:47.002548,0.0,0.0,0.0
2022-01-16 17:19:47.507848,0.0,0.0,0.0
2022-01-16 17:19:48.005529,0.0,0.0,0.0
2022-01-16 17:19:48.510824,0.0,0.0,0.0
2022-01-16 17:19:49.007905,0.0,0.0,0.0
2022-01-16 17:19:49.503496,0.0,0.0,0.0
2022-01-16 17:19:50.001785,0.0,0.0,0.0
2022-01-16 17:19:50.507975,0.0,0.0,0.0
2022-01-16 17:19:51.008694,0.0,0.0,0.0
2022-01-16 17:19:51.503985,0.0,0.0,0.0
2022-01-16 17:19:52.001979,0.0,0.0,0.0
2022-01-16 17:19:52.505449,0.0,0.0,0.0
2022-01-16 17:19:53.003639,0.0,0.0,0.0
2022-01-16 17:19:53.507481,0.0,0.0,0.0
2022-01-16 17:19:54.005129,0.0,0.0,0.0
2022-01-16 17:19:54.510855,0.0,0.0,0.0
2022-01-16 17:19:55.009286,0.0,0.0,0.0
2022-01-16 17:19:55.505759,0.0,0.0,0.0
2022-01-16 17:19:56.004161,0.0,0.0,0.0
2022-01-16 17:19:56.508888,0.0,0.0,0.0
2022-01-16 17:19:57.007396,0.0,0.0,0.0
2022-01-16 17:19:57.501938,0.0,0.0,0.0
2022-01-16 17:19:58.011077,0.0,0.0,0.0
2022-01-16 17:19:58.504974,0.0,0.0,0.0
2022-01-16 17:19:59.002478,0.0,0.0,0.0
2022-01-16 17:19:59.508734,0.0,0.0,0.0
2022-01-16 17:20:00.007393,0.0,0.0,0.0
2022-01-16 17:20:00.510687,0.0,0.0,0.0
2022-01-16 17:20:01.009190,0.0,0.0,0.0
2022-01-16 17:20:01.504312,0.0,0.0,0.0
2022-01-16 17:20:02.002900,0.0,0.0,0.0
2022-01-16 17:20:02.507209,0.0,0.0,0.0
2022-01-16 17:20:03.004044,0.0,0.0,0.0
2022-01-16 17:20:03.509254,0.0,0.0,0.0
2022-01-16 17:20:04.009658,0.0,0.0,0.0
2022-01-16 17:20:04.504981,0.0,0.0,0.0
2022-01-16 17:20:05.002867,0.0,0.0,0.0
2022-01-16 17:20:05.507434,0.0,0.0,0.0
2022-01-16 17:20:06.005809,0.0,0.0,0.0
2022-01-16 17:20:06.501204,0.0,0.0,0.0
2022-01-16 17:20:07.009438,0.0,0.0,0.0
2022-01-16 17:20:07.505630,0.0,0.0,0.0
2022-01-16 17:20:08.005383,0.0,0.0,0.0
2022-01-16 17:20:08.501477,0.0,0.0,0.0
2022-01-16 17:20:09.011183,0.0,0.0,0.0
2022-01-16 17:20:09.502754,0.0,0.0,0.0
2022-01-16 17:20:10.001484,0.0,0.0,0.0
2022-01-16 17:20:10.507579,0.0,0.0,0.0
2022-01-16 17:20:11.005074,0.0,0.0,0.0
2022-01-16 17:20:11.510638,0.0,0.0,0.0
2022-01-16 17:20:12.010988,0.0,0.0,0.0
2022-01-16 17:20:12.507876,0.0,0.0,0.0
2022-01-16 17:20:13.005861,0.0,0.0,0.0
2022-01-16 17:20:13.509873,0.0,0.0,0.0
2022-01-16 17:20:14.007870,0.0,0.0,0.0
2022-01-16 17:20:14.503169,0.0,0.0,0.0
2022-01-16 17:20:15.010963,0.0,0.0,0.0
2022-01-16 17:20:15.504829,0.0,0.0,0.0
2022-01-16 17:20:16.002889,0.0,0.0,0.0
2022-01-16 17:20:16.508368,0.0,0.0,0.0
2022-01-16 17:20:17.004922,0.0,0.0,0.0
2022-01-16 17:20:17.510248,0.0,0.0,0.0
2022-01-16 17:20:18.010144,0.0,0.0,0.0
2022-01-16 17:20:18.505651,0.0,0.0,0.0
2022-01-16 17:20:19.004556,0.0,0.0,0.0
2022-01-16 17:20:19.508731,0.0,0.0,0.0
2022-01-16 17:20:20.007180,0.0,0.0,0.0
2022-01-16 17:20:20.501514,0.0,0.0,0.0
2022-01-16 17:20:21.009485,0.0,0.0,0.0
2022-01-16 17:20:21.504434,0.0,0.0,0.0
2022-01-16 17:20:22.002782,0.0,0.0,0.0
2022-01-16 17:20:22.501352,0.0,0.0,0.0
2022-01-16 17:20:23.009513,0.0,0.0,0.0
2022-01-16 17:20:23.504976,0.0,0.0,0.0
2022-01-16 17:20:24.002797,0.0,0.0,0.0
2022-01-16 17:20:24.506649,0.0,0.0,0.0
2022-01-16 17:20:25.006498,0.0,0.0,0.0
2022-01-16 17:20:25.510762,0.0,0.0,0.0
2022-01-16 17:20:26.009348,0.0,0.0,0.0
2022-01-16 17:20:26.505877,0.0,0.0,0.0
2022-01-16 17:20:27.004174,0.0,0.0,0.0
2022-01-16 17:20:27.508389,0.0,0.0,0.0
2022-01-16 17:20:28.006384,0.0,0.0,0.0
2022-01-16 17:20:28.501557,0.0,0.0,0.0
2022-01-16 17:20:29.009407,0.0,0.0,0.0
2022-01-16 17:20:29.505954,0.0,0.0,0.0
2022-01-16 17:20:30.002643,0.0,0.0,0.0
2022-01-16 17:20:30.506588,0.0,0.0,0.0
2022-01-16 17:20:31.007111,0.0,0.0,0.0
2022-01-16 17:20:31.502115,0.0,0.0,0.0
2022-01-16 17:20:32.010082,0.0,0.0,0.0
2022-01-16 17:20:32.505128,0.0,0.0,0.0
2022-01-16 17:20:33.004076,0.0,0.0,0.0
2022-01-16 17:20:33.509455,0.0,0.0,0.0
2022-01-16 17:20:34.009026,0.0,0.0,0.0
2022-01-16 17:20:34.503788,0.0,0.0,0.0
2022-01-16 17:20:35.002928,0.0,0.0,0.0
2022-01-16 17:20:35.509478,0.0,0.0,0.0
2022-01-16 17:20:36.008109,0.0,0.0,0.0
2022-01-16 17:20:36.501666,0.0,0.0,0.0
2022-01-16 17:20:37.010002,0.0,0.0,0.0
2022-01-16 17:20:37.504701,0.0,0.0,0.0
2022-01-16 17:20:38.002340,0.0,0.0,0.0
2022-01-16 17:20:38.507396,0.0,0.0,0.0
2022-01-16 17:20:39.004773,0.0,0.0,0.0
2022-01-16 17:20:39.508994,0.0,0.0,0.0
2022-01-16 17:20:40.006926,0.0,0.0,0.0
2022-01-16 17:20:40.511222,0.0,0.0,0.0
2022-01-16 17:20:41.009125,0.0,0.0,0.0
2022-01-16 17:20:41.502443,0.0,0.0,0.0
2022-01-16 17:20:42.010785,0.0,0.0,0.0
2022-01-16 17:20:42.506338,0.0,0.0,0.0
2022-01-16 17:20:43.004030,0.0,0.0,0.0
2022-01-16 17:20:43.509073,0.0,0.0,0.0
2022-01-16 17:20:44.005714,0.0,0.0,0.0
2022-01-16 17:20:44.501281,0.0,0.0,0.0
2022-01-16 17:20:45.009144,0.0,0.0,0.0
2022-01-16 17:20:45.505680,0.0,0.0,0.0
2022-01-16 17:20:46.003317,0.0,0.0,0.0
2022-01-16 17:20:46.507716,0.0,0.0,0.0
2022-01-16 17:20:47.004101,0.0,0.0,0.0
2022-01-16 17:20:47.509040,0.0,0.0,0.0
2022-01-16 17:20:48.006727,0.0,0.0,0.0
2022-01-16 17:20:48.501468,0.0,0.0,0.0
2022-01-16 17:20:49.010416,0.0,0.0,0.0
2022-01-16 17:20:49.504787,0.0,0.0,0.0
2022-01-16 17:20:50.003062,0.0,0.0,0.0
2022-01-16 17:20:50.508070,0.0,0.0,0.0
2022-01-16 17:20:51.004805,0.0,0.0,0.0
2022-01-16 17:20:51.509715,0.0,0.0,0.0
2022-01-16 17:20:52.008246,0.0,0.0,0.0
2022-01-16 17:20:52.501836,0.0,0.0,0.0
2022-01-16 17:20:53.010324,0.0,0.0,0.0
2022-01-16 17:20:53.508036,0.0,0.0,0.0
2022-01-16 17:20:54.003552,0.0,0.0,0.0
2022-01-16 17:20:54.509804,0.0,0.0,0.0
2022-01-16 17:20:55.008615,0.0,0.0,0.0
2022-01-16 17:20:55.503336,0.0,0.0,0.0
2022-01-16 17:20:56.001940,0.0,0.0,0.0
2022-01-16 17:20:56.506956,0.0,0.0,0.0
2022-01-16 17:20:57.005204,0.0,0.0,0.0
2022-01-16 17:20:57.510943,0.0,0.0,0.0
2022-01-16 17:20:58.001638,0.0,0.0,0.0
2022-01-16 17:20:58.507093,0.0,0.0,0.0
2022-01-16 17:20:59.004170,0.0,0.0,0.0
2022-01-16 17:20:59.508333,0.0,0.0,0.0
2022-01-16 17:21:00.006403,0.0,0.0,0.0
2022-01-16 17:21:00.509567,0.0,0.0,0.0
2022-01-16 17:21:01.008664,0.0,0.0,0.0
2022-01-16 17:21:01.503763,0.0,0.0,0.0
2022-01-16 17:21:02.003080,0.0,0.0,0.0
2022-01-16 17:21:02.508872,0.0,0.0,0.0
2022-01-16 17:21:03.007058,0.0,0.0,0.0
2022-01-16 17:21:03.502656,0.0,0.0,0.0
2022-01-16 17:21:04.002037,0.0,0.0,0.0
2022-01-16 17:21:04.507797,0.0,0.0,0.0
2022-01-16 17:21:05.005059,0.0,0.0,0.0
2022-01-16 17:21:05.501323,0.0,0.0,0.0
2022-01-16 17:21:06.009846,0.0,0.0,0.0
2022-01-16 17:21:06.506772,0.0,0.0,0.0
2022-01-16 17:21:07.005783,0.0,0.0,0.0
2022-01-16 17:21:07.510928,0.0,0.0,0.0
2022-01-16 17:21:08.009149,0.0,0.0,0.0
2022-01-16 17:21:08.504453,0.0,0.0,0.0
2022-01-16 17:21:09.001671,0.0,0.0,0.0
2022-01-16 17:21:09.505676,0.0,0.0,0.0
2022-01-16 17:21:10.002916,0.0,0.0,0.0
2022-01-16 17:21:10.507701,0.0,0.0,0.0
2022-01-16 17:21:11.007616,0.0,0.0,0.0
2022-01-16 17:21:11.503548,0.0,0.0,0.0
2022-01-16 17:21:12.002335,0.0,0.0,0.0
2022-01-16 17:21:12.506800,0.0,0.0,0.0
2022-01-16 17:21:13.005388,0.0,0.0,0.0
2022-01-16 17:21:13.510153,0.0,0.0,0.0
2022-01-16 17:21:14.008520,0.0,0.0,0.0
2022-01-16 17:21:14.502853,0.0,0.0,0.0
2022-01-16 17:21:15.003926,0.0,0.0,0.0
2022-01-16 17:21:15.511009,0.0,0.0,0.0
2022-01-16 17:21:16.009880,0.0,0.0,0.0
2022-01-16 17:21:16.504774,0.0,0.0,0.0
2022-01-16 17:21:17.002824,0.0,0.0,0.0
2022-01-16 17:21:17.506749,0.0,0.0,0.0
2022-01-16 17:21:18.004991,0.0,0.0,0.0
2022-01-16 17:21:18.510196,0.0,0.0,0.0
2022-01-16 17:21:19.009134,0.0,0.0,0.0
2022-01-16 17:21:19.502903,0.0,0.0,0.0
2022-01-16 17:21:20.003857,0.0,0.0,0.0
2022-01-16 17:21:20.508670,0.0,0.0,0.0
2022-01-16 17:21:21.005895,0.0,0.0,0.0
2022-01-16 17:21:21.501022,0.0,0.0,0.0
2022-01-16 17:21:22.009200,0.0,0.0,0.0
2022-01-16 17:21:22.504599,0.0,0.0,0.0
2022-01-16 17:21:23.001621,0.0,0.0,0.0
2022-01-16 17:21:23.505644,0.0,0.0,0.0
2022-01-16 17:21:24.006253,0.0,0.0,0.0
2022-01-16 17:21:24.503160,0.0,0.0,0.0
2022-01-16 17:21:25.010389,0.0,0.0,0.0
2022-01-16 17:21:25.505444,0.0,0.0,0.0
2022-01-16 17:21:26.005853,0.0,0.0,0.0
2022-01-16 17:21:26.501910,0.0,0.0,0.0
2022-01-16 17:21:27.011258,0.0,0.0,0.0
2022-01-16 17:21:27.505952,0.0,0.0,0.0
2022-01-16 17:21:28.004372,0.0,0.0,0.0
2022-01-16 17:21:28.509068,0.0,0.0,0.0
2022-01-16 17:21:29.008824,0.0,0.0,0.0
2022-01-16 17:21:29.502828,0.0,0.0,0.0
2022-01-16 17:21:30.001218,0.0,0.0,0.0
