時間,回転１,回転２,回転３
2022-01-16 12:00:00.009624,84.1636,84.64825,85.33489
2022-01-16 12:00:00.509297,83.9569,84.184,85.33489
2022-01-16 12:00:01.007553,84.36905,84.803,85.72791
2022-01-16 12:00:01.503694,84.21434,84.54425,85.72791
2022-01-16 12:00:02.002200,83.9569,84.54425,86.04176
2022-01-16 12:00:02.509159,84.31831,84.64825,86.04176
2022-01-16 12:00:03.009965,84.11161,84.64825,85.49229
2022-01-16 12:00:03.502168,84.52377,84.95775,85.49229
2022-01-16 12:00:04.001070,83.54475,83.8225,86.08135
2022-01-16 12:00:04.504875,84.47302,84.90575,86.08135
2022-01-16 12:00:05.003763,84.31831,84.33875,86.12093
2022-01-16 12:00:05.508710,84.31831,84.85375,86.12093
2022-01-16 12:00:06.007175,83.90492,84.184,85.17843
2022-01-16 12:00:06.502090,84.31831,84.64825,85.17843
2022-01-16 12:00:07.001255,84.05963,84.4415,85.84572
2022-01-16 12:00:07.508585,84.11161,84.699,85.84572
2022-01-16 12:00:08.007047,84.26632,84.59625,85.6101
2022-01-16 12:00:08.510869,84.21434,84.132,85.6101
2022-01-16 12:00:09.010049,84.36905,84.803,85.84572
2022-01-16 12:00:09.504730,83.9569,84.23475,85.84572
2022-01-16 12:00:10.001565,84.31831,84.90575,85.84572
2022-01-16 12:00:10.505252,84.11161,84.3895,85.84572
2022-01-16 12:00:11.009542,83.9569,84.54425,85.21708
2022-01-16 12:00:11.501902,84.62773,84.95775,85.21708
2022-01-16 12:00:12.007140,83.9569,84.23475,85.41406
2022-01-16 12:00:12.502023,84.26632,84.699,85.41406
2022-01-16 12:00:13.010459,83.9569,84.3895,85.72791
2022-01-16 12:00:13.505416,84.31831,84.699,85.72791
2022-01-16 12:00:14.003184,84.36905,84.64825,85.6101
2022-01-16 12:00:14.508273,84.00888,84.803,85.6101
2022-01-16 12:00:15.006643,83.85417,84.33875,85.4527
2022-01-16 12:00:15.511140,84.73046,84.85375,85.4527
2022-01-16 12:00:16.010595,84.31831,84.59625,85.88531
2022-01-16 12:00:16.504987,83.69946,83.92525,85.88531
2022-01-16 12:00:17.002313,84.36905,85.1125,85.57051
2022-01-16 12:00:17.508213,83.80219,84.3895,85.57051
2022-01-16 12:00:18.006502,84.11161,84.59625,85.57051
2022-01-16 12:00:19.005484,84.11161,84.4935,85.06062
2022-01-16 12:00:19.510125,84.57575,84.803,85.06062
2022-01-16 12:00:20.008667,84.21434,84.28675,85.80614
2022-01-16 12:00:20.504677,84.00888,84.3895,85.80614
2022-01-16 12:00:21.002959,84.1636,84.54425,85.57051
2022-01-16 12:00:21.507280,84.11161,84.4935,85.57051
2022-01-16 12:00:22.005240,84.11161,84.59625,85.72791
2022-01-16 12:00:22.501547,84.1636,84.4935,85.72791
2022-01-16 12:00:23.009454,84.1636,84.4935,85.13885
2022-01-16 12:00:23.503301,84.62773,84.699,85.13885
2022-01-16 12:00:24.001325,84.26632,84.803,86.04176
2022-01-16 12:00:24.507066,83.80219,84.08,86.04176
2022-01-16 12:00:25.002760,84.26632,84.751,86.15958
2022-01-16 12:00:25.507545,84.31831,84.803,86.15958
2022-01-16 12:00:26.005290,83.80219,84.28675,85.96354
2022-01-16 12:00:26.510432,84.36905,84.751,85.96354
2022-01-16 12:00:27.009437,84.21434,84.3895,85.7675
2022-01-16 12:00:27.503158,84.26632,84.90575,85.7675
2022-01-16 12:00:28.002047,84.67848,85.1125,85.6101
2022-01-16 12:00:28.509084,83.44078,83.97725,85.6101
2022-01-16 12:00:29.006851,84.21434,84.4935,85.64968
2022-01-16 12:00:29.501683,84.05963,84.54425,85.64968
2022-01-16 12:00:30.009502,84.26632,84.803,85.64968
2022-01-16 12:00:30.504526,84.31831,84.54425,85.64968
2022-01-16 12:00:31.003020,83.9569,84.33875,84.94281
2022-01-16 12:00:31.508417,84.21434,84.33875,84.94281
2022-01-16 12:00:32.006884,84.52377,84.85375,85.88531
2022-01-16 12:00:32.502580,84.00888,84.4415,85.88531
2022-01-16 12:00:33.011183,83.69946,84.23475,86.15958
2022-01-16 12:00:33.506189,84.21434,84.59625,86.15958
2022-01-16 12:00:34.004726,84.11161,84.33875,85.21708
2022-01-16 12:00:34.508581,84.67848,85.0085,85.21708
2022-01-16 12:00:35.005848,84.11161,84.54425,86.19916
2022-01-16 12:00:35.501497,83.90492,84.23475,86.19916
2022-01-16 12:00:36.505052,84.11161,84.4935,85.33489
2022-01-16 12:00:37.003226,83.90492,84.3895,86.00312
2022-01-16 12:00:37.507254,84.21434,84.54425,86.00312
2022-01-16 12:00:38.004798,84.26632,84.54425,85.68833
2022-01-16 12:00:38.509535,84.42104,84.751,85.68833
2022-01-16 12:00:39.007828,84.26632,84.751,85.88531
2022-01-16 12:00:39.503327,84.11161,84.4415,85.88531
2022-01-16 12:00:40.002136,84.1636,84.64825,85.64968
2022-01-16 12:00:40.507432,84.47302,84.803,85.64968
2022-01-16 12:00:41.005455,83.64747,84.132,85.72791
2022-01-16 12:00:41.510959,84.36905,84.751,85.72791
2022-01-16 12:00:42.009200,84.36905,84.54425,85.53187
2022-01-16 12:00:42.505739,83.9569,84.3895,85.53187
2022-01-16 12:00:43.005784,84.47302,84.803,85.57051
2022-01-16 12:00:43.501371,84.00888,84.3895,85.57051
2022-01-16 12:00:44.009808,84.26632,84.85375,85.72791
2022-01-16 12:00:44.506599,83.90492,84.3895,85.72791
2022-01-16 12:00:45.005076,84.26632,84.4935,85.53187
2022-01-16 12:00:45.509398,84.42104,84.4935,85.53187
2022-01-16 12:00:46.007449,83.90492,84.33875,85.57051
2022-01-16 12:00:46.505227,84.52377,84.90575,85.57051
2022-01-16 12:00:47.007789,83.69946,83.92525,85.6101
2022-01-16 12:00:47.511084,84.36905,84.90575,85.6101
2022-01-16 12:00:48.008152,83.54475,84.33875,85.4527
2022-01-16 12:00:48.504575,84.67848,84.90575,85.4527
2022-01-16 12:00:49.007101,84.11161,84.08,85.6101
2022-01-16 12:00:49.505873,84.11161,84.4415,85.6101
2022-01-16 12:00:50.005857,84.47302,85.0085,85.13885
2022-01-16 12:00:50.505905,83.59549,84.02925,85.13885
2022-01-16 12:00:51.005026,84.78245,85.1125,85.49229
2022-01-16 12:00:51.501611,83.44078,83.92525,85.49229
2022-01-16 12:00:52.002321,84.36905,84.803,85.96354
2022-01-16 12:00:52.508187,84.31831,84.4935,85.96354
2022-01-16 12:00:53.007449,84.00888,84.33875,86.04176
2022-01-16 12:00:53.501913,84.31831,84.64825,86.04176
2022-01-16 12:00:54.010690,83.85417,84.28675,85.84572
2022-01-16 12:00:54.505522,84.31831,84.699,85.84572
2022-01-16 12:00:55.004950,83.9569,84.59625,85.88531
2022-01-16 12:00:55.510549,84.11161,84.4415,85.88531
2022-01-16 12:00:56.009618,84.26632,84.3895,85.29625
2022-01-16 12:00:56.508256,84.21434,84.4415,85.29625
2022-01-16 12:00:57.006495,84.11161,84.54425,86.08135
2022-01-16 12:00:57.501636,84.00888,84.3895,86.08135
2022-01-16 12:00:58.010161,84.31831,84.64825,85.57051
2022-01-16 12:00:58.505864,83.80219,84.23475,85.57051
2022-01-16 12:00:59.004748,84.67848,85.1125,85.41406
2022-01-16 12:00:59.510273,83.64747,84.02925,85.41406
2022-01-16 12:01:00.007688,84.78245,84.85375,85.68833
2022-01-16 12:01:00.506609,84.05963,84.23475,85.68833
2022-01-16 12:01:01.005130,84.42104,84.95775,85.80614
2022-01-16 12:01:01.510744,83.85417,84.23475,85.80614
2022-01-16 12:01:02.009198,84.1636,84.59625,85.21708
2022-01-16 12:01:02.502648,84.11161,84.4935,85.21708
2022-01-16 12:01:03.001595,84.05963,84.59625,85.84572
2022-01-16 12:01:03.507474,84.36905,84.59625,85.84572
2022-01-16 12:01:04.004409,83.9569,84.28675,85.7675
2022-01-16 12:01:04.510551,84.52377,84.95775,85.7675
2022-01-16 12:01:05.009569,84.31831,84.64825,85.88531
2022-01-16 12:01:05.504201,83.80219,84.28675,85.88531
2022-01-16 12:01:06.002562,84.11161,84.54425,85.68833
2022-01-16 12:01:06.508456,83.18334,83.565,85.68833
2022-01-16 12:01:07.005840,84.9879,85.0605,236.13489
2022-01-16 12:01:07.510482,83.90492,84.08,236.13489
2022-01-16 12:01:08.006825,83.80219,84.132,217.36406
2022-01-16 12:01:08.501718,84.57575,84.85375,217.36406
2022-01-16 12:01:09.010725,84.00888,84.184,169.61041
2022-01-16 12:01:09.506318,84.26632,84.64825,169.61041
2022-01-16 12:01:10.003928,83.49276,83.97725,109.9577
2022-01-16 12:01:10.508241,83.85417,84.184,109.9577
2022-01-16 12:01:11.008204,84.52377,84.64825,97.35176
2022-01-16 12:01:11.502277,84.11161,84.23475,97.35176
2022-01-16 12:01:12.010558,84.00888,84.3895,91.93239
2022-01-16 12:01:12.506394,83.7502,84.132,91.93239
2022-01-16 12:01:13.002330,84.52377,84.95775,87.77031
2022-01-16 12:01:13.509963,83.90492,84.3895,87.77031
2022-01-16 12:01:14.009049,84.52377,84.803,86.94562
2022-01-16 12:01:14.502472,83.69946,84.184,86.94562
2022-01-16 12:01:15.010936,84.05963,84.4935,86.3952
2022-01-16 12:01:15.505185,84.78245,84.90575,86.3952
2022-01-16 12:01:16.004690,83.64747,84.02925,85.80614
2022-01-16 12:01:16.509823,84.57575,84.803,85.80614
2022-01-16 12:01:17.006657,83.64747,83.97725,86.51301
2022-01-16 12:01:17.510846,84.62773,84.95775,86.51301
2022-01-16 12:01:18.010384,83.80219,84.3895,86.00312
2022-01-16 12:01:18.507984,84.31831,84.54425,86.00312
2022-01-16 12:01:19.005809,84.42104,84.64825,86.51301
2022-01-16 12:01:20.004102,84.1636,84.64825,86.08135
2022-01-16 12:01:20.508664,84.11161,84.4415,86.08135
2022-01-16 12:01:21.006005,84.42104,84.751,86.00312
2022-01-16 12:01:21.510224,83.85417,84.54425,86.00312
2022-01-16 12:01:22.008301,84.21434,84.4935,86.31697
2022-01-16 12:01:22.503436,84.1636,84.184,86.31697
2022-01-16 12:01:23.002170,84.26632,84.54425,85.57051
2022-01-16 12:01:23.508128,84.31831,84.751,85.57051
2022-01-16 12:01:24.005535,83.80219,84.28675,85.21708
2022-01-16 12:01:24.501691,84.47302,84.64825,85.21708
2022-01-16 12:01:25.003038,83.90492,84.54425,85.64968
2022-01-16 12:01:25.509069,84.62773,84.95775,85.64968
2022-01-16 12:01:26.007586,84.00888,84.08,85.72791
2022-01-16 12:01:26.502279,84.52377,84.64825,85.72791
2022-01-16 12:01:27.001120,84.21434,84.54425,85.72791
2022-01-16 12:01:27.507566,84.31831,84.85375,85.72791
2022-01-16 12:01:28.005886,84.05963,84.4415,85.57051
2022-01-16 12:01:28.510859,83.9569,84.54425,85.57051
2022-01-16 12:01:29.009130,84.57575,84.751,85.96354
2022-01-16 12:01:29.502937,84.11161,84.33875,85.96354
2022-01-16 12:01:30.001268,84.21434,84.699,85.4527
2022-01-16 12:01:30.506179,84.00888,84.33875,85.4527
2022-01-16 12:01:31.004992,84.00888,84.59625,86.19916
2022-01-16 12:01:31.510430,84.26632,84.4935,86.19916
2022-01-16 12:01:32.009708,84.11161,84.699,85.41406
2022-01-16 12:01:32.504370,84.11161,84.4415,85.41406
2022-01-16 12:01:33.001736,84.26632,84.4415,86.12093
2022-01-16 12:01:33.507452,84.31831,84.4935,86.12093
2022-01-16 12:01:34.005193,84.42104,84.90575,85.64968
2022-01-16 12:01:34.510953,83.9569,84.54425,85.64968
2022-01-16 12:01:35.008981,83.9569,84.54425,85.57051
2022-01-16 12:01:35.504776,84.05963,84.54425,85.57051
2022-01-16 12:01:36.002082,84.78245,85.16325,85.37447
2022-01-16 12:01:36.509517,83.69946,84.132,85.37447
2022-01-16 12:01:37.007502,84.36905,84.59625,86.5526
2022-01-16 12:01:37.501863,84.21434,84.4935,86.5526
2022-01-16 12:01:38.001339,84.11161,84.64825,85.72791
2022-01-16 12:01:38.506779,84.31831,84.64825,85.72791
2022-01-16 12:01:39.004996,83.64747,84.132,86.31697
2022-01-16 12:01:39.509121,84.21434,84.751,86.31697
2022-01-16 12:01:40.006305,83.90492,84.4935,86.08135
2022-01-16 12:01:41.005381,84.47302,84.699,85.64968
2022-01-16 12:01:41.501740,83.7502,84.28675,85.64968
2022-01-16 12:01:42.001643,84.52377,84.90575,85.80614
2022-01-16 12:01:42.507025,83.80219,84.132,85.80614
2022-01-16 12:01:43.004173,84.31831,84.803,85.80614
2022-01-16 12:01:43.508090,83.80219,84.54425,85.80614
2022-01-16 12:01:44.005800,84.36905,84.4935,85.29625
2022-01-16 12:01:44.501899,84.26632,84.59625,85.29625
2022-01-16 12:01:45.001205,84.36905,84.803,85.92395
2022-01-16 12:01:45.509331,84.26632,84.59625,85.92395
2022-01-16 12:01:46.007054,83.85417,84.33875,85.84572
2022-01-16 12:01:46.501564,84.36905,84.4415,85.84572
2022-01-16 12:01:47.010480,83.85417,84.4415,85.68833
2022-01-16 12:01:47.505110,84.42104,84.699,85.68833
2022-01-16 12:01:48.002778,84.11161,84.699,86.82781
2022-01-16 12:01:48.507793,84.11161,84.3895,86.82781
2022-01-16 12:01:49.005020,84.1636,84.64825,85.64968
2022-01-16 12:01:49.501990,84.36905,84.59625,85.64968
2022-01-16 12:01:50.002892,84.11161,84.54425,86.94562
2022-01-16 12:01:50.509316,83.9569,84.59625,86.94562
2022-01-16 12:01:51.010122,84.1636,84.28675,85.72791
2022-01-16 12:01:51.504523,83.9569,84.3895,85.72791
2022-01-16 12:01:52.002287,84.47302,84.751,85.09926
2022-01-16 12:01:52.508789,84.26632,84.803,85.09926
2022-01-16 12:01:53.006302,83.7502,84.184,85.25666
2022-01-16 12:01:53.503865,84.21434,84.33875,85.25666
2022-01-16 12:01:54.002153,84.11161,84.90575,85.41406
2022-01-16 12:01:54.508432,84.47302,84.751,85.41406
2022-01-16 12:01:55.005754,83.85417,84.4935,85.25666
2022-01-16 12:01:55.509952,84.26632,84.4415,85.25666
2022-01-16 12:01:56.007389,84.26632,84.54425,85.68833
2022-01-16 12:01:56.501091,84.47302,84.85375,85.68833
2022-01-16 12:01:57.007902,83.85417,84.28675,85.64968
2022-01-16 12:01:57.502589,84.21434,84.4935,85.64968
2022-01-16 12:01:58.011009,84.05963,84.54425,85.41406
2022-01-16 12:01:58.506239,84.31831,84.95775,85.41406
2022-01-16 12:01:59.004271,84.11161,84.3895,86.35656
2022-01-16 12:01:59.510285,84.21434,84.4935,86.35656
2022-01-16 12:02:00.006820,84.1636,84.33875,85.68833
2022-01-16 12:02:00.510190,84.73046,84.95775,85.68833
2022-01-16 12:02:01.009656,83.49276,83.97725,85.96354
2022-01-16 12:02:01.506220,84.47302,84.803,85.96354
2022-01-16 12:02:02.005013,83.54475,84.184,85.41406
2022-01-16 12:02:02.510128,84.67848,84.90575,85.41406
2022-01-16 12:02:03.008066,84.31831,84.54425,85.92395
2022-01-16 12:02:03.504671,83.64747,84.132,85.92395
2022-01-16 12:02:04.003090,84.42104,84.85375,85.37447
2022-01-16 12:02:04.508537,84.00888,84.33875,85.37447
2022-01-16 12:02:05.006232,84.62773,84.95775,87.14166
2022-01-16 12:02:05.502007,83.49276,84.23475,87.14166
2022-01-16 12:02:06.010295,84.1636,84.4935,85.64968
2022-01-16 12:02:06.504312,84.83319,84.95775,85.64968
2022-01-16 12:02:07.003840,84.1636,84.3895,85.72791
2022-01-16 12:02:07.510474,84.47302,84.699,85.72791
2022-01-16 12:02:08.009624,83.64747,84.33875,86.12093
2022-01-16 12:02:08.503910,84.62773,84.95775,86.12093
2022-01-16 12:02:09.004120,83.80219,84.3895,85.4527
2022-01-16 12:02:09.505804,84.36905,84.803,85.4527
2022-01-16 12:02:10.002889,83.85417,84.28675,85.92395
2022-01-16 12:02:10.508645,84.52377,84.85375,85.92395
2022-01-16 12:02:11.006600,84.47302,84.4935,86.12093
2022-01-16 12:02:12.005239,84.05963,84.4415,85.88531
2022-01-16 12:02:12.501774,84.00888,84.4935,85.88531
2022-01-16 12:02:13.010336,84.31831,84.64825,85.25666
2022-01-16 12:02:13.505501,83.7502,84.23475,85.25666
2022-01-16 12:02:14.004924,84.47302,84.59625,86.35656
2022-01-16 12:02:14.508160,84.36905,84.59625,86.35656
2022-01-16 12:02:15.006092,84.1636,84.54425,85.64968
2022-01-16 12:02:15.510068,84.1636,84.4415,85.64968
2022-01-16 12:02:16.008250,83.80219,84.3895,85.92395
2022-01-16 12:02:16.503304,84.31831,84.4415,85.92395
2022-01-16 12:02:17.002488,83.9569,84.699,85.68833
2022-01-16 12:02:17.506901,84.1636,84.28675,85.68833
2022-01-16 12:02:18.004891,84.31831,84.4415,86.74864
2022-01-16 12:02:18.510633,84.21434,84.699,86.74864
2022-01-16 12:02:19.009088,84.21434,84.64825,85.7675
2022-01-16 12:02:19.503713,83.9569,84.23475,85.7675
2022-01-16 12:02:20.002698,84.26632,84.751,85.25666
2022-01-16 12:02:20.507744,84.00888,84.64825,85.25666
2022-01-16 12:02:21.005213,84.42104,84.751,85.6101
2022-01-16 12:02:21.502803,84.31831,84.33875,85.6101
2022-01-16 12:02:22.001240,84.1636,84.4935,85.6101
2022-01-16 12:02:22.506936,84.36905,84.64825,85.6101
2022-01-16 12:02:23.005846,84.05963,84.59625,86.00312
2022-01-16 12:02:23.501680,84.26632,84.4415,86.00312
2022-01-16 12:02:24.009986,83.7502,84.3895,86.12093
2022-01-16 12:02:24.505125,84.52377,84.699,86.12093
2022-01-16 12:02:25.003916,84.42104,84.699,86.04176
2022-01-16 12:02:25.509519,83.90492,84.28675,86.04176
2022-01-16 12:02:26.009106,84.36905,84.64825,85.72791
2022-01-16 12:02:26.503129,84.00888,84.4415,85.72791
2022-01-16 12:02:27.001483,84.67848,84.699,86.43479
2022-01-16 12:02:27.508764,83.59549,84.23475,86.43479
2022-01-16 12:02:28.007488,84.05963,84.54425,85.53187
2022-01-16 12:02:28.504297,84.26632,84.699,85.53187
2022-01-16 12:02:29.002615,84.05963,84.3895,85.57051
2022-01-16 12:02:29.507833,84.62773,85.0085,85.57051
2022-01-16 12:02:30.006906,83.64747,84.184,85.64968
2022-01-16 12:02:30.503503,84.31831,84.54425,85.64968
2022-01-16 12:02:31.505321,84.31831,84.3895,85.84572
2022-01-16 12:02:32.003014,83.7502,84.23475,85.02104
2022-01-16 12:02:32.509148,84.36905,84.699,85.02104
2022-01-16 12:02:33.007364,84.26632,84.59625,86.51301
2022-01-16 12:02:33.501410,84.21434,84.803,86.51301
2022-01-16 12:02:34.008229,84.36905,84.54425,85.6101
2022-01-16 12:02:34.502771,83.80219,84.28675,85.6101
2022-01-16 12:02:35.010015,84.42104,84.803,85.7675
2022-01-16 12:02:35.507438,83.9569,84.54425,85.7675
2022-01-16 12:02:36.006936,84.67848,84.803,85.7675
2022-01-16 12:02:36.501761,83.90492,83.92525,85.7675
2022-01-16 12:02:37.009699,84.00888,84.4415,86.59218
2022-01-16 12:02:37.505297,84.26632,84.54425,86.59218
2022-01-16 12:02:38.004042,84.1636,84.64825,86.04176
2022-01-16 12:02:38.508722,84.21434,84.4935,86.04176
2022-01-16 12:02:39.006559,83.59549,84.4935,85.37447
2022-01-16 12:02:39.502516,84.47302,84.59625,85.37447
2022-01-16 12:02:40.010962,84.31831,84.59625,85.64968
2022-01-16 12:02:40.506511,84.47302,84.90575,85.64968
2022-01-16 12:02:41.005845,83.69946,84.02925,85.57051
2022-01-16 12:02:41.502538,84.11161,84.64825,85.57051
2022-01-16 12:02:42.001361,84.21434,84.54425,85.6101
2022-01-16 12:02:42.506238,83.9569,84.59625,85.6101
2022-01-16 12:02:43.004553,84.21434,84.4935,85.49229
2022-01-16 12:02:43.509583,84.26632,84.54425,85.49229
2022-01-16 12:02:44.008678,84.36905,84.751,86.23875
2022-01-16 12:02:44.505718,84.05963,84.3895,86.23875
2022-01-16 12:02:45.002438,84.31831,84.90575,85.41406
2022-01-16 12:02:45.508882,83.90492,84.3895,85.41406
2022-01-16 12:02:46.008758,83.80219,84.59625,86.31697
2022-01-16 12:02:46.504893,84.00888,84.23475,86.31697
2022-01-16 12:02:47.002529,84.42104,84.803,86.08135
2022-01-16 12:02:47.508192,84.11161,84.4935,86.08135
2022-01-16 12:02:48.005862,84.31831,84.3895,85.53187
2022-01-16 12:02:48.510863,83.90492,84.3895,85.53187
2022-01-16 12:02:49.007086,84.36905,84.751,85.21708
2022-01-16 12:02:49.510507,83.9569,84.803,85.21708
2022-01-16 12:02:50.009203,83.9569,84.28675,85.41406
2022-01-16 12:02:50.507023,84.1636,84.4935,85.41406
2022-01-16 12:02:51.002367,84.21434,84.64825,85.4527
2022-01-16 12:02:51.508190,84.73046,84.803,85.4527
2022-01-16 12:02:52.005872,83.80219,84.33875,86.35656
2022-01-16 12:02:52.509894,84.31831,84.4935,86.35656
2022-01-16 12:02:53.001129,84.00888,84.54425,86.12093
2022-01-16 12:02:53.506629,84.1636,84.54425,86.12093
2022-01-16 12:02:54.004825,84.11161,84.751,85.72791
2022-01-16 12:02:54.510666,84.11161,84.28675,85.72791
2022-01-16 12:02:55.008247,84.21434,84.33875,85.92395
2022-01-16 12:02:55.503892,84.11161,84.59625,85.92395
2022-01-16 12:02:56.504850,84.11161,84.751,85.4527
2022-01-16 12:02:57.001746,83.90492,84.28675,85.72791
2022-01-16 12:02:57.505235,83.54475,84.08,85.72791
2022-01-16 12:02:58.003764,84.93716,85.422,85.84572
2022-01-16 12:02:58.509121,83.9569,83.97725,85.84572
2022-01-16 12:02:59.006253,84.11161,84.751,85.80614
2022-01-16 12:02:59.511106,84.11161,84.33875,85.80614
2022-01-16 12:03:00.010235,84.26632,84.85375,85.6101
2022-01-16 12:03:00.508901,84.83319,84.95775,85.6101
2022-01-16 12:03:01.005963,83.33805,84.08,85.84572
2022-01-16 12:03:01.501607,84.26632,84.4935,85.84572
2022-01-16 12:03:02.011281,84.36905,84.59625,85.88531
2022-01-16 12:03:02.506979,84.36905,84.803,85.88531
2022-01-16 12:03:03.004695,83.85417,84.28675,85.68833
2022-01-16 12:03:03.502286,84.26632,84.803,85.68833
2022-01-16 12:03:04.504800,84.31831,84.803,86.19916
2022-01-16 12:03:05.002954,84.21434,84.4935,86.3952
2022-01-16 12:03:05.509003,83.90492,84.23475,86.3952
2022-01-16 12:03:06.006793,84.26632,84.64825,85.29625
2022-01-16 12:03:06.501227,84.1636,84.33875,85.29625
2022-01-16 12:03:07.010448,84.1636,84.751,85.57051
2022-01-16 12:03:07.505059,84.05963,84.33875,85.57051
2022-01-16 12:03:08.003010,84.11161,84.4935,85.17843
2022-01-16 12:03:08.508432,84.26632,84.3895,85.17843
2022-01-16 12:03:09.006337,84.26632,84.699,85.57051
2022-01-16 12:03:09.501881,84.26632,84.54425,85.57051
2022-01-16 12:03:10.009778,84.21434,84.699,85.6101
2022-01-16 12:03:10.504331,84.05963,84.64825,85.6101
2022-01-16 12:03:11.002808,84.05963,84.23475,85.4527
2022-01-16 12:03:11.509351,84.57575,85.1125,85.4527
2022-01-16 12:03:12.007918,83.85417,84.132,86.78822
2022-01-16 12:03:12.504351,83.85417,84.33875,86.78822
2022-01-16 12:03:13.009334,84.21434,84.3895,85.41406
2022-01-16 12:03:13.504052,84.31831,84.3895,85.41406
2022-01-16 12:03:14.002338,83.90492,84.64825,85.72791
2022-01-16 12:03:14.508014,84.42104,84.85375,85.72791
2022-01-16 12:03:15.005769,83.85417,84.33875,86.00312
2022-01-16 12:03:15.509673,84.26632,84.3895,86.00312
2022-01-16 12:03:16.007551,84.11161,84.803,85.09926
2022-01-16 12:03:16.501617,84.1636,84.28675,85.09926
2022-01-16 12:03:17.008557,84.52377,84.59625,86.04176
2022-01-16 12:03:17.505715,83.85417,84.23475,86.04176
2022-01-16 12:03:18.003309,84.31831,84.64825,85.37447
2022-01-16 12:03:18.508761,84.21434,84.751,85.37447
2022-01-16 12:03:19.005793,84.05963,84.33875,85.06062
2022-01-16 12:03:19.503458,83.85417,84.4935,85.06062
2022-01-16 12:03:20.001048,84.47302,84.699,85.37447
2022-01-16 12:03:20.507144,84.52377,84.64825,85.37447
2022-01-16 12:03:21.004440,84.31831,84.59625,85.64968
2022-01-16 12:03:21.509251,84.05963,84.23475,85.64968
2022-01-16 12:03:22.008607,84.00888,84.54425,85.25666
2022-01-16 12:03:22.504260,84.83319,85.16325,85.25666
2022-01-16 12:03:23.001015,83.28607,83.92525,86.23875
2022-01-16 12:03:23.505650,84.36905,84.699,86.23875
2022-01-16 12:03:24.004244,84.1636,84.4415,85.41406
2022-01-16 12:03:24.509063,84.31831,84.699,85.41406
2022-01-16 12:03:25.008308,84.47302,84.64825,85.41406
2022-01-16 12:03:25.502482,83.69946,84.132,85.41406
2022-01-16 12:03:26.010831,84.42104,84.751,85.64968
2022-01-16 12:03:26.507908,83.9569,84.59625,85.64968
2022-01-16 12:03:27.005141,84.47302,84.803,85.57051
2022-01-16 12:03:27.509843,83.49276,83.92525,85.57051
2022-01-16 12:03:28.008003,84.36905,84.54425,85.21708
2022-01-16 12:03:28.503771,83.69946,83.66775,85.21708
2022-01-16 12:03:29.002049,84.11161,84.4935,176.91479
2022-01-16 12:03:29.507725,84.31831,84.54425,176.91479
2022-01-16 12:03:30.004318,83.33805,83.8225,233.07176
2022-01-16 12:03:30.509723,84.52377,84.803,233.07176
2022-01-16 12:03:31.009128,83.7502,84.132,191.52354
2022-01-16 12:03:31.504004,84.31831,84.4935,191.52354
2022-01-16 12:03:32.002803,84.05963,84.02925,123.19229
2022-01-16 12:03:32.508320,83.80219,84.28675,123.19229
2022-01-16 12:03:33.005453,84.21434,84.33875,90.95125
2022-01-16 12:03:33.510536,84.1636,84.54425,90.95125
2022-01-16 12:03:34.010252,83.69946,83.97725,94.21041
2022-01-16 12:03:34.506822,83.90492,84.3895,94.21041
2022-01-16 12:03:35.006971,84.26632,84.4935,89.85135
2022-01-16 12:03:35.503401,84.1636,84.28675,89.85135
2022-01-16 12:03:36.004677,84.42104,84.85375,87.3377
2022-01-16 12:03:36.503838,83.80219,84.132,87.3377
2022-01-16 12:03:37.001806,84.42104,84.90575,86.00312
2022-01-16 12:03:37.507088,84.62773,84.95775,86.00312
2022-01-16 12:03:38.005045,83.80219,84.132,86.15958
2022-01-16 12:03:38.509384,84.00888,84.3895,86.15958
2022-01-16 12:03:39.008749,84.47302,84.59625,86.27739
2022-01-16 12:03:39.502367,83.9569,84.4415,86.27739
2022-01-16 12:03:40.001770,84.47302,84.803,86.90604
2022-01-16 12:03:40.508679,84.00888,84.54425,86.90604
2022-01-16 12:03:41.005617,84.47302,84.751,86.12093
2022-01-16 12:03:41.509519,84.1636,84.64825,86.12093
2022-01-16 12:03:42.008644,84.21434,84.4935,86.31697
2022-01-16 12:03:42.503008,84.52377,84.64825,86.31697
2022-01-16 12:03:43.001138,84.05963,84.4415,86.47437
2022-01-16 12:03:43.506638,84.31831,84.54425,86.47437
2022-01-16 12:03:44.006596,83.9569,84.4935,85.96354
2022-01-16 12:03:44.504531,84.57575,84.803,85.96354
2022-01-16 12:03:45.001883,83.90492,84.54425,86.04176
2022-01-16 12:03:45.507454,84.36905,84.64825,86.04176
2022-01-16 12:03:46.008516,84.1636,84.4415,86.12093
2022-01-16 12:03:46.502998,84.57575,84.95775,86.12093
2022-01-16 12:03:47.010879,84.42104,84.64825,85.7675
2022-01-16 12:03:47.504795,83.85417,84.3895,85.7675
2022-01-16 12:03:48.002742,84.36905,84.59625,85.88531
2022-01-16 12:03:48.508561,83.9569,84.3895,85.88531
2022-01-16 12:03:49.007778,84.31831,84.85375,85.41406
2022-01-16 12:03:49.502358,83.59549,84.28675,85.41406
2022-01-16 12:03:50.010773,84.67848,84.85375,86.04176
2022-01-16 12:03:50.505707,84.00888,84.23475,86.04176
2022-01-16 12:03:51.004549,84.42104,84.85375,85.96354
2022-01-16 12:03:51.509658,84.42104,84.59625,85.96354
2022-01-16 12:03:52.008353,83.64747,84.02925,85.6101
2022-01-16 12:03:52.503995,84.42104,84.751,85.6101
2022-01-16 12:03:53.011045,83.44078,84.08,85.64968
2022-01-16 12:03:53.506973,85.09187,85.57675,85.64968
2022-01-16 12:03:54.006683,84.05963,84.02925,86.15958
2022-01-16 12:03:54.502476,84.1636,84.64825,86.15958
2022-01-16 12:03:55.010317,84.1636,84.54425,85.53187
2022-01-16 12:03:55.507537,84.21434,84.751,85.53187
2022-01-16 12:03:56.004213,84.42104,84.699,85.80614
2022-01-16 12:03:56.508519,83.54475,84.132,85.80614
2022-01-16 12:03:57.006385,84.05963,84.4415,86.04176
2022-01-16 12:03:57.510873,84.52377,84.751,86.04176
2022-01-16 12:03:58.010278,84.67848,85.1125,86.19916
2022-01-16 12:03:58.503751,83.44078,83.7705,86.19916
2022-01-16 12:03:59.003974,84.21434,84.64825,85.84572
2022-01-16 12:03:59.509761,84.31831,84.803,85.84572
2022-01-16 12:04:00.007832,83.64747,84.33875,87.10208
2022-01-16 12:04:00.502307,84.47302,84.95775,87.10208
2022-01-16 12:04:01.010723,83.64747,83.92525,85.33489
2022-01-16 12:04:01.506887,84.83319,85.0605,85.33489
2022-01-16 12:04:02.004306,84.31831,84.59625,86.19916
2022-01-16 12:04:02.510173,84.1636,84.64825,86.19916
2022-01-16 12:04:03.008447,84.31831,84.64825,85.29625
2022-01-16 12:04:03.503093,83.7502,84.3895,85.29625
2022-01-16 12:04:04.001034,84.00888,84.54425,85.92395
2022-01-16 12:04:04.506262,84.1636,84.59625,85.92395
2022-01-16 12:04:05.005067,84.26632,84.59625,85.96354
2022-01-16 12:04:05.501081,84.36905,84.59625,85.96354
2022-01-16 12:04:06.003315,84.00888,84.4935,84.94281
2022-01-16 12:04:06.509130,84.36905,84.59625,84.94281
2022-01-16 12:04:07.005729,84.1636,84.699,86.23875
2022-01-16 12:04:07.510754,84.11161,84.751,86.23875
2022-01-16 12:04:08.009765,83.44078,83.97725,86.63083
2022-01-16 12:04:08.504051,84.62773,84.90575,86.63083
2022-01-16 12:04:09.010912,84.62773,84.59625,85.64968
2022-01-16 12:04:09.506317,84.00888,84.4935,85.64968
2022-01-16 12:04:10.003465,84.26632,84.64825,86.08135
2022-01-16 12:04:10.502471,83.80219,84.23475,86.08135
2022-01-16 12:04:11.009840,84.36905,84.751,86.47437
2022-01-16 12:04:11.505033,83.9569,84.699,86.47437
2022-01-16 12:04:12.003168,84.42104,84.751,85.37447
2022-01-16 12:04:12.508008,84.05963,84.132,85.37447
2022-01-16 12:04:13.005265,84.67848,85.0605,85.09926
2022-01-16 12:04:13.510684,84.11161,84.4935,85.09926
2022-01-16 12:04:14.009052,84.36905,84.699,86.00312
2022-01-16 12:04:14.504554,84.21434,84.54425,86.00312
2022-01-16 12:04:15.003088,83.69946,84.33875,85.37447
2022-01-16 12:04:15.509388,84.73046,85.16325,85.37447
2022-01-16 12:04:16.009059,84.11161,84.184,86.15958
2022-01-16 12:04:16.504102,84.1636,84.54425,86.15958
2022-01-16 12:04:17.001371,83.9569,84.33875,85.37447
2022-01-16 12:04:17.506817,84.26632,84.699,85.37447
2022-01-16 12:04:18.004437,84.78245,85.0605,85.57051
2022-01-16 12:04:18.509662,83.54475,84.132,85.57051
2022-01-16 12:04:19.008300,84.11161,84.64825,85.53187
2022-01-16 12:04:19.505323,83.90492,83.97725,85.53187
2022-01-16 12:04:20.004216,84.57575,85.0085,85.64968
2022-01-16 12:04:20.510418,83.69946,84.23475,85.64968
2022-01-16 12:04:21.009549,84.31831,84.751,85.49229
2022-01-16 12:04:21.505308,83.7502,84.184,85.49229
2022-01-16 12:04:22.004235,84.47302,84.751,85.53187
2022-01-16 12:04:22.508601,84.47302,84.90575,85.53187
2022-01-16 12:04:23.005204,83.9569,84.28675,86.15958
2022-01-16 12:04:23.502226,84.21434,84.699,86.15958
2022-01-16 12:04:24.001737,84.21434,84.4415,86.27739
2022-01-16 12:04:24.505351,84.05963,84.64825,86.27739
2022-01-16 12:04:25.004135,84.11161,84.4415,85.68833
2022-01-16 12:04:25.509006,83.9569,84.4415,85.68833
2022-01-16 12:04:26.007283,84.1636,84.4935,86.59218
2022-01-16 12:04:26.503679,84.11161,84.64825,86.59218
2022-01-16 12:04:27.505544,84.1636,84.184,86.15958
2022-01-16 12:04:28.002994,84.21434,84.751,86.47437
2022-01-16 12:04:28.508710,83.85417,84.28675,86.47437
2022-01-16 12:04:29.005656,84.36905,84.64825,84.90322
2022-01-16 12:04:29.510298,84.11161,84.59625,84.90322
2022-01-16 12:04:30.009214,83.80219,84.4935,86.3952
2022-01-16 12:04:30.505085,84.21434,84.3895,86.3952
2022-01-16 12:04:31.005060,84.36905,84.64825,85.57051
2022-01-16 12:04:31.510776,84.36905,84.64825,85.57051
2022-01-16 12:04:32.009611,84.21434,84.59625,86.08135
2022-01-16 12:04:32.505213,83.85417,84.28675,86.08135
2022-01-16 12:04:33.005228,84.47302,84.803,85.80614
2022-01-16 12:04:33.509834,83.90492,84.4935,85.80614
2022-01-16 12:04:34.008838,84.26632,84.699,85.33489
2022-01-16 12:04:34.504580,84.36905,84.59625,85.33489
2022-01-16 12:04:35.001758,83.9569,84.23475,86.04176
2022-01-16 12:04:35.508760,84.47302,84.90575,86.04176
2022-01-16 12:04:36.006902,83.69946,84.08,86.23875
2022-01-16 12:04:36.501672,84.31831,84.85375,86.23875
2022-01-16 12:04:37.010810,83.49276,84.132,85.21708
2022-01-16 12:04:37.509137,84.42104,84.751,85.21708
2022-01-16 12:04:38.009259,84.1636,84.28675,85.96354
2022-01-16 12:04:38.506742,84.47302,84.803,85.96354
2022-01-16 12:04:39.005691,84.21434,84.4935,86.31697
2022-01-16 12:04:39.510039,84.05963,84.4415,86.31697
2022-01-16 12:04:40.009259,84.36905,84.85375,85.33489
2022-01-16 12:04:40.504718,83.59549,84.3895,85.33489
2022-01-16 12:04:41.001853,84.57575,84.85375,85.92395
2022-01-16 12:04:41.506146,83.80219,84.132,85.92395
2022-01-16 12:04:42.004544,84.67848,84.85375,85.92395
2022-01-16 12:04:42.509085,84.62773,84.803,85.92395
2022-01-16 12:04:43.006540,83.9569,84.28675,86.27739
2022-01-16 12:04:43.511088,84.26632,84.699,86.27739
2022-01-16 12:04:44.008784,83.9569,84.33875,85.64968
2022-01-16 12:04:44.503143,84.31831,84.751,85.64968
2022-01-16 12:04:45.011022,83.9569,84.4415,85.4527
2022-01-16 12:04:45.505918,84.36905,84.59625,85.4527
2022-01-16 12:04:46.003709,84.05963,84.33875,85.68833
2022-01-16 12:04:46.509045,84.26632,84.59625,85.68833
2022-01-16 12:04:47.005909,84.26632,84.59625,85.88531
2022-01-16 12:04:47.501137,83.85417,84.28675,85.88531
2022-01-16 12:04:48.006726,84.11161,84.4415,86.35656
2022-01-16 12:04:48.502054,83.69946,84.4935,86.35656
2022-01-16 12:04:49.010863,84.42104,84.54425,85.06062
2022-01-16 12:04:49.504853,84.31831,84.3895,85.06062
2022-01-16 12:04:50.002440,83.9569,84.33875,85.29625
2022-01-16 12:04:50.509683,84.26632,84.803,85.29625
2022-01-16 12:04:51.007901,84.1636,84.59625,86.04176
2022-01-16 12:04:51.503133,84.21434,84.59625,86.04176
2022-01-16 12:04:52.010361,83.85417,84.33875,85.7675
2022-01-16 12:04:52.504431,83.9569,84.33875,85.7675
2022-01-16 12:04:53.002624,84.52377,84.751,85.4527
2022-01-16 12:04:53.508422,84.26632,84.59625,85.4527
2022-01-16 12:04:54.005520,83.90492,84.33875,86.19916
2022-01-16 12:04:54.510134,84.00888,84.4935,86.19916
2022-01-16 12:04:55.009665,84.73046,85.0085,85.7675
2022-01-16 12:04:55.505366,83.59549,84.23475,85.7675
2022-01-16 12:04:56.004257,84.47302,84.699,86.23875
2022-01-16 12:04:56.509136,83.90492,84.184,86.23875
2022-01-16 12:04:57.006634,84.42104,84.64825,85.53187
2022-01-16 12:04:57.501842,84.47302,84.90575,85.53187
2022-01-16 12:04:58.001925,83.64747,84.184,86.00312
2022-01-16 12:04:58.506535,84.36905,84.699,86.00312
2022-01-16 12:04:59.004034,83.85417,84.184,85.02104
2022-01-16 12:04:59.502406,84.83319,85.26725,85.02104
2022-01-16 12:05:00.010830,83.85417,84.08,85.68833
2022-01-16 12:05:00.507345,84.31831,84.54425,85.68833
2022-01-16 12:05:01.006391,84.21434,84.699,85.37447
2022-01-16 12:05:01.501877,83.9569,84.4415,85.37447
2022-01-16 12:05:02.002029,84.78245,85.26725,85.25666
2022-01-16 12:05:02.508749,83.33805,83.61575,85.25666
2022-01-16 12:05:03.005848,84.67848,84.90575,85.84572
2022-01-16 12:05:03.502034,83.64747,84.28675,85.84572
2022-01-16 12:05:04.010116,84.62773,84.803,85.80614
2022-01-16 12:05:04.505748,84.47302,84.54425,85.80614
2022-01-16 12:05:05.005082,83.80219,84.33875,85.17843
2022-01-16 12:05:05.509717,84.05963,84.699,85.17843
2022-01-16 12:05:06.009295,83.9569,84.33875,85.49229
2022-01-16 12:05:06.505361,84.52377,84.85375,85.49229
2022-01-16 12:05:07.004200,83.7502,84.33875,86.3952
2022-01-16 12:05:07.510297,84.42104,84.699,86.3952
2022-01-16 12:05:08.007982,83.90492,84.02925,85.49229
2022-01-16 12:05:08.503613,84.42104,84.751,85.49229
2022-01-16 12:05:09.010664,84.31831,84.751,86.00312
2022-01-16 12:05:09.506407,83.64747,84.02925,86.00312
2022-01-16 12:05:10.005174,84.31831,84.4935,85.41406
2022-01-16 12:05:10.509980,84.11161,84.90575,85.41406
2022-01-16 12:05:11.008778,84.42104,84.699,85.64968
2022-01-16 12:05:11.503338,84.31831,84.4415,85.64968
2022-01-16 12:05:12.002345,84.21434,84.4415,86.00312
2022-01-16 12:05:12.510501,84.31831,84.699,86.00312
2022-01-16 12:05:13.008630,84.21434,84.699,85.41406
2022-01-16 12:05:13.503096,84.1636,84.4935,85.41406
2022-01-16 12:05:14.000965,83.44078,84.02925,85.7675
2022-01-16 12:05:14.506459,84.26632,84.64825,85.7675
2022-01-16 12:05:15.003379,84.11161,84.33875,85.7675
2022-01-16 12:05:15.507793,84.62773,84.90575,85.7675
2022-01-16 12:05:16.006832,84.05963,84.33875,85.68833
2022-01-16 12:05:16.503524,84.21434,84.4935,85.68833
2022-01-16 12:05:17.010917,84.1636,84.4415,85.4527
2022-01-16 12:05:17.506755,84.11161,84.95775,85.4527
2022-01-16 12:05:18.005579,84.1636,84.33875,85.68833
2022-01-16 12:05:18.510799,83.7502,84.184,85.68833
2022-01-16 12:05:19.009014,84.1636,84.28675,86.35656
2022-01-16 12:05:19.504326,84.31831,84.751,86.35656
2022-01-16 12:05:20.002732,84.21434,84.751,85.92395
2022-01-16 12:05:20.509253,84.26632,84.4415,85.92395
2022-01-16 12:05:21.007539,83.85417,84.184,86.00312
2022-01-16 12:05:21.502055,84.31831,84.85375,86.00312
2022-01-16 12:05:22.010177,83.90492,84.4935,86.19916
2022-01-16 12:05:22.505001,84.36905,84.33875,86.19916
2022-01-16 12:05:23.002461,84.36905,84.4415,85.68833
2022-01-16 12:05:23.508191,83.90492,84.4415,85.68833
2022-01-16 12:05:24.005584,84.78245,85.26725,86.86645
2022-01-16 12:05:24.502553,83.64747,84.02925,86.86645
2022-01-16 12:05:25.010859,84.67848,85.0085,84.94281
2022-01-16 12:05:25.507799,83.69946,84.28675,84.94281
2022-01-16 12:05:26.007098,84.26632,84.4935,85.7675
2022-01-16 12:05:26.501611,84.31831,84.64825,85.7675
2022-01-16 12:05:27.009906,84.00888,84.33875,85.4527
2022-01-16 12:05:27.504898,84.26632,84.59625,85.4527
2022-01-16 12:05:28.009718,83.64747,84.28675,85.29625
2022-01-16 12:05:28.505051,84.57575,84.803,85.29625
2022-01-16 12:05:29.002318,83.90492,84.28675,86.00312
2022-01-16 12:05:29.506452,84.05963,84.33875,86.00312
2022-01-16 12:05:30.004988,84.21434,84.4935,85.4527
2022-01-16 12:05:30.501130,83.9569,84.33875,85.4527
2022-01-16 12:05:31.009242,84.57575,84.90575,86.08135
2022-01-16 12:05:31.509330,83.85417,84.28675,86.08135
2022-01-16 12:05:32.008730,84.11161,84.4935,85.53187
2022-01-16 12:05:32.502883,83.69946,84.3895,85.53187
2022-01-16 12:05:33.010828,84.93716,85.0085,85.37447
2022-01-16 12:05:33.505738,84.00888,84.23475,85.37447
2022-01-16 12:05:34.004761,84.05963,84.4935,85.57051
2022-01-16 12:05:34.501878,83.80219,84.132,85.57051
2022-01-16 12:05:35.504534,84.21434,84.54425,85.80614
2022-01-16 12:05:36.004683,83.85417,84.59625,85.92395
2022-01-16 12:05:36.509366,84.11161,84.28675,85.92395
2022-01-16 12:05:37.008605,84.21434,84.4415,85.92395
2022-01-16 12:05:37.505005,84.62773,84.95775,85.92395
2022-01-16 12:05:38.003242,84.26632,84.4415,85.7675
2022-01-16 12:05:38.506588,84.1636,84.64825,85.7675
2022-01-16 12:05:39.005375,83.9569,84.184,85.17843
2022-01-16 12:05:39.511137,84.1636,84.699,85.17843
2022-01-16 12:05:40.008855,84.36905,84.751,87.10208
2022-01-16 12:05:40.503243,83.9569,84.59625,87.10208
2022-01-16 12:05:41.002067,84.31831,84.4415,85.53187
2022-01-16 12:05:41.509733,84.31831,84.64825,85.53187
2022-01-16 12:05:42.009482,84.21434,84.59625,85.7675
2022-01-16 12:05:42.504543,84.26632,84.4935,85.7675
2022-01-16 12:05:43.002338,83.7502,84.28675,85.80614
2022-01-16 12:05:43.509426,84.21434,84.4415,85.80614
2022-01-16 12:05:44.006997,83.80219,84.54425,85.17843
2022-01-16 12:05:44.502149,84.42104,84.751,85.17843
2022-01-16 12:05:45.010889,84.21434,84.33875,85.84572
2022-01-16 12:05:45.506407,84.21434,84.4935,85.84572
2022-01-16 12:05:46.004685,84.26632,84.59625,85.29625
2022-01-16 12:05:46.510311,83.80219,84.23475,85.29625
2022-01-16 12:05:47.009838,84.42104,84.59625,85.41406
2022-01-16 12:05:47.509393,83.80219,84.4415,85.41406
2022-01-16 12:05:48.007346,84.31831,84.4935,85.49229
2022-01-16 12:05:48.501504,84.67848,85.0085,85.49229
2022-01-16 12:05:49.009521,83.9569,84.08,86.04176
2022-01-16 12:05:49.505168,84.42104,84.751,86.04176
2022-01-16 12:05:50.004516,83.69946,84.184,85.72791
2022-01-16 12:05:50.509970,84.26632,84.4415,85.72791
2022-01-16 12:05:51.008101,83.28607,83.71975,86.08135
2022-01-16 12:05:51.503077,84.31831,84.54425,86.08135
2022-01-16 12:05:52.011503,84.00888,84.184,240.3375
2022-01-16 12:05:52.507007,84.31831,84.33875,240.3375
2022-01-16 12:05:53.004618,84.62773,84.751,215.20385
2022-01-16 12:05:53.508547,83.7502,84.08,215.20385
2022-01-16 12:05:54.006397,84.21434,84.3895,154.96208
2022-01-16 12:05:54.503712,83.64747,84.184,154.96208
2022-01-16 12:05:55.002187,84.11161,84.4415,100.72968
2022-01-16 12:05:55.507586,83.85417,84.28675,100.72968
2022-01-16 12:05:56.006909,84.00888,84.02925,96.7627
2022-01-16 12:05:56.501243,84.36905,84.59625,96.7627
2022-01-16 12:05:57.009984,83.7502,84.132,90.71562
2022-01-16 12:05:57.505796,84.21434,84.28675,90.71562
2022-01-16 12:05:58.005279,84.36905,84.751,87.73072
2022-01-16 12:05:59.005867,83.9569,84.699,87.10208
2022-01-16 12:05:59.501209,84.1636,84.4935,87.10208
2022-01-16 12:06:00.001293,84.36905,84.4415,86.63083
2022-01-16 12:06:00.505688,84.31831,84.85375,86.63083
2022-01-16 12:06:01.005435,83.85417,84.28675,86.71
2022-01-16 12:06:01.509750,83.9569,84.3895,86.71
2022-01-16 12:06:02.008168,84.42104,84.699,86.23875
2022-01-16 12:06:02.503229,83.85417,84.64825,86.23875
2022-01-16 12:06:03.001637,84.26632,84.28675,88.20197
2022-01-16 12:06:03.509686,84.26632,84.699,88.20197
2022-01-16 12:06:04.007427,84.42104,84.751,85.25666
2022-01-16 12:06:04.502006,84.00888,84.3895,85.25666
2022-01-16 12:06:05.504752,83.90492,84.184,86.47437
2022-01-16 12:06:06.003134,84.21434,84.95775,85.37447
2022-01-16 12:06:06.507774,84.05963,84.33875,85.37447
2022-01-16 12:06:07.005786,84.31831,84.4415,87.06343
2022-01-16 12:06:07.510135,84.05963,84.4415,87.06343
2022-01-16 12:06:08.008121,84.26632,84.59625,85.84572
2022-01-16 12:06:08.504746,84.1636,84.64825,85.84572
2022-01-16 12:06:09.003659,84.26632,84.4415,85.53187
2022-01-16 12:06:09.509457,83.44078,84.184,85.53187
2022-01-16 12:06:10.005705,84.47302,84.803,85.17843
2022-01-16 12:06:10.510499,84.31831,84.54425,85.17843
2022-01-16 12:06:11.008698,84.31831,84.54425,85.57051
2022-01-16 12:06:11.503460,84.1636,84.4935,85.57051
2022-01-16 12:06:12.001682,84.11161,84.4415,85.80614
2022-01-16 12:06:12.506101,84.1636,84.64825,85.80614
2022-01-16 12:06:13.003045,84.31831,85.0085,86.5526
2022-01-16 12:06:13.508448,84.21434,84.4935,86.5526
2022-01-16 12:06:14.006890,84.1636,84.4935,85.53187
2022-01-16 12:06:14.502165,84.05963,84.4935,85.53187
2022-01-16 12:06:15.001146,84.42104,84.699,86.47437
2022-01-16 12:06:15.505998,83.54475,84.02925,86.47437
2022-01-16 12:06:16.004877,84.47302,84.90575,85.92395
2022-01-16 12:06:16.508987,83.64747,84.23475,85.92395
2022-01-16 12:06:17.005533,84.57575,84.90575,87.14166
2022-01-16 12:06:17.501085,83.9569,84.54425,87.14166
2022-01-16 12:06:18.001274,84.11161,84.3895,85.96354
2022-01-16 12:06:18.505856,84.78245,84.90575,85.96354
2022-01-16 12:06:19.004792,84.05963,84.54425,85.88531
2022-01-16 12:06:19.510226,84.52377,84.751,85.88531
2022-01-16 12:06:20.009834,83.69946,84.23475,85.53187
2022-01-16 12:06:20.505252,84.11161,84.4415,85.53187
2022-01-16 12:06:21.004052,84.11161,84.699,86.23875
2022-01-16 12:06:21.509936,84.47302,84.803,86.23875
2022-01-16 12:06:22.008204,84.47302,84.59625,85.88531
2022-01-16 12:06:22.506080,84.1636,84.54425,85.88531
2022-01-16 12:06:23.003912,84.1636,84.3895,85.29625
2022-01-16 12:06:23.509418,84.11161,84.85375,85.29625
2022-01-16 12:06:24.008815,84.52377,84.699,86.00312
2022-01-16 12:06:24.503898,83.90492,84.3895,86.00312
2022-01-16 12:06:25.004680,84.05963,84.33875,86.43479
2022-01-16 12:06:25.510307,84.21434,84.4935,86.43479
2022-01-16 12:06:26.009870,84.11161,84.59625,85.06062
2022-01-16 12:06:26.508061,84.52377,84.803,85.06062
2022-01-16 12:06:27.006147,84.21434,84.64825,86.27739
2022-01-16 12:06:27.501688,83.80219,84.23475,86.27739
2022-01-16 12:06:28.001274,84.05963,84.90575,85.29625
2022-01-16 12:06:28.506932,84.47302,84.699,85.29625
2022-01-16 12:06:29.004352,84.21434,84.4415,85.57051
2022-01-16 12:06:29.509182,84.1636,84.4935,85.57051
2022-01-16 12:06:30.006252,84.11161,84.3895,85.64968
2022-01-16 12:06:30.501721,84.36905,85.1125,85.64968
2022-01-16 12:06:31.001977,84.1636,84.33875,85.96354
2022-01-16 12:06:31.507377,84.00888,84.751,85.96354
2022-01-16 12:06:32.005556,84.00888,84.23475,85.02104
2022-01-16 12:06:32.510233,84.26632,84.90575,85.02104
2022-01-16 12:06:33.009413,84.26632,84.54425,86.47437
2022-01-16 12:06:33.505137,84.57575,84.751,86.47437
2022-01-16 12:06:34.001663,83.85417,84.23475,85.25666
2022-01-16 12:06:34.506439,84.73046,84.90575,85.25666
2022-01-16 12:06:35.005190,84.11161,84.59625,86.23875
2022-01-16 12:06:35.503381,84.26632,84.59625,86.23875
2022-01-16 12:06:36.002404,83.9569,84.64825,86.15958
2022-01-16 12:06:36.508515,84.26632,84.4415,86.15958
2022-01-16 12:06:37.006507,84.42104,84.4935,85.84572
2022-01-16 12:06:37.502003,84.11161,84.59625,85.84572
2022-01-16 12:06:38.011195,84.26632,84.3895,85.6101
2022-01-16 12:06:38.510091,83.9569,84.4415,85.6101
2022-01-16 12:06:39.008763,84.42104,84.59625,85.64968
2022-01-16 12:06:39.503491,83.80219,84.3895,85.64968
2022-01-16 12:06:40.001708,84.52377,84.90575,86.23875
2022-01-16 12:06:40.507405,83.85417,84.08,86.23875
2022-01-16 12:06:41.005756,84.21434,84.64825,86.12093
2022-01-16 12:06:41.502272,84.67848,85.16325,86.12093
2022-01-16 12:06:42.010531,83.90492,84.4415,85.96354
2022-01-16 12:06:42.503223,84.31831,84.699,85.96354
2022-01-16 12:06:43.001163,83.64747,84.23475,86.86645
2022-01-16 12:06:43.505743,84.31831,84.59625,86.86645
2022-01-16 12:06:44.004840,84.78245,84.85375,85.80614
2022-01-16 12:06:44.501956,83.9569,84.3895,85.80614
2022-01-16 12:06:45.009696,84.05963,84.33875,86.3952
2022-01-16 12:06:45.505642,84.1636,84.751,86.3952
2022-01-16 12:06:46.005775,84.42104,84.803,85.53187
2022-01-16 12:06:46.503679,83.64747,84.33875,85.53187
2022-01-16 12:06:47.001683,84.67848,84.90575,85.80614
2022-01-16 12:06:47.506722,83.80219,83.97725,85.80614
2022-01-16 12:06:48.005676,84.67848,84.95775,85.4527
2022-01-16 12:06:48.501817,84.05963,84.3895,85.4527
2022-01-16 12:06:49.011331,84.1636,84.64825,86.3952
2022-01-16 12:06:49.506063,84.11161,84.3895,86.3952
2022-01-16 12:06:50.005289,84.1636,84.59625,86.00312
2022-01-16 12:06:50.510933,84.05963,84.54425,86.00312
2022-01-16 12:06:51.008203,84.42104,84.54425,85.37447
2022-01-16 12:06:51.501124,84.36905,84.751,85.37447
2022-01-16 12:06:52.009095,83.90492,83.97725,86.71
2022-01-16 12:06:52.504669,84.31831,85.0605,86.71
2022-01-16 12:06:53.006649,84.05963,84.4415,86.08135
2022-01-16 12:06:53.501309,84.11161,84.699,86.08135
2022-01-16 12:06:54.009668,84.11161,84.33875,85.29625
2022-01-16 12:06:54.505090,83.59549,84.02925,85.29625
2022-01-16 12:06:55.004101,84.73046,84.95775,86.08135
2022-01-16 12:06:55.508602,84.26632,84.33875,86.08135
2022-01-16 12:06:56.006066,84.11161,84.699,85.53187
2022-01-16 12:06:56.501854,84.11161,84.54425,85.53187
2022-01-16 12:06:57.001152,84.11161,84.59625,86.00312
2022-01-16 12:06:57.508873,84.31831,84.54425,86.00312
2022-01-16 12:06:58.005819,84.21434,84.751,85.6101
2022-01-16 12:06:58.510318,83.90492,84.184,85.6101
2022-01-16 12:06:59.009001,84.52377,84.4935,85.72791
2022-01-16 12:06:59.502488,84.36905,84.90575,85.72791
2022-01-16 12:07:00.009730,84.26632,84.4415,85.92395
2022-01-16 12:07:00.504800,84.26632,84.803,85.92395
2022-01-16 12:07:01.002653,83.90492,84.33875,86.04176
2022-01-16 12:07:01.510716,84.00888,84.4935,86.04176
2022-01-16 12:07:02.009141,84.36905,84.64825,85.33489
2022-01-16 12:07:02.507565,84.42104,84.64825,85.33489
2022-01-16 12:07:03.005274,84.1636,84.54425,86.67041
2022-01-16 12:07:03.510463,84.00888,84.3895,86.67041
2022-01-16 12:07:04.010812,84.21434,84.64825,85.72791
2022-01-16 12:07:04.505736,84.47302,84.64825,85.72791
2022-01-16 12:07:05.004880,83.59549,83.97725,85.57051
2022-01-16 12:07:05.508979,84.26632,84.59625,85.57051
2022-01-16 12:07:06.009634,84.31831,84.4415,85.21708
2022-01-16 12:07:06.504115,84.36905,84.751,85.21708
2022-01-16 12:07:07.004246,84.00888,84.33875,85.84572
2022-01-16 12:07:07.509454,84.26632,84.751,85.84572
2022-01-16 12:07:08.008183,84.42104,84.699,85.7675
2022-01-16 12:07:08.503086,83.90492,84.4415,85.7675
2022-01-16 12:07:09.001891,84.11161,84.4415,85.96354
2022-01-16 12:07:09.508113,83.69946,83.92525,85.96354
2022-01-16 12:07:10.006370,84.47302,85.0085,85.17843
2022-01-16 12:07:10.504682,84.21434,84.4415,85.17843
2022-01-16 12:07:11.004031,84.00888,84.54425,86.98426
2022-01-16 12:07:11.509095,84.26632,84.33875,86.98426
2022-01-16 12:07:12.006332,84.42104,84.85375,86.12093
2022-01-16 12:07:12.510212,84.00888,84.4935,86.12093
2022-01-16 12:07:13.008936,83.90492,84.33875,86.59218
2022-01-16 12:07:13.504046,84.42104,84.85375,86.59218
2022-01-16 12:07:14.002740,83.9569,83.97725,85.64968
2022-01-16 12:07:14.506831,84.52377,85.0605,85.64968
2022-01-16 12:07:15.006248,83.90492,84.08,86.04176
2022-01-16 12:07:15.501168,84.52377,84.85375,86.04176
2022-01-16 12:07:16.009145,84.00888,84.33875,86.15958
2022-01-16 12:07:16.504045,83.85417,84.64825,86.15958
2022-01-16 12:07:17.002755,84.52377,84.803,85.41406
2022-01-16 12:07:17.507925,83.90492,84.08,85.41406
2022-01-16 12:07:18.005263,84.62773,84.95775,85.49229
2022-01-16 12:07:18.510589,83.80219,84.08,85.49229
2022-01-16 12:07:19.008449,84.05963,84.59625,85.68833
2022-01-16 12:07:19.505962,84.42104,84.59625,85.68833
2022-01-16 12:07:20.004802,83.85417,84.28675,85.88531
2022-01-16 12:07:20.508626,84.31831,84.699,85.88531
2022-01-16 12:07:21.008416,84.31831,84.699,85.6101
2022-01-16 12:07:21.503809,83.90492,84.33875,85.6101
2022-01-16 12:07:22.001193,84.31831,84.54425,84.94281
2022-01-16 12:07:22.507062,84.36905,84.85375,84.94281
2022-01-16 12:07:23.004671,83.9569,84.33875,85.96354
2022-01-16 12:07:23.511113,83.9569,84.64825,85.96354
2022-01-16 12:07:24.009953,83.85417,84.02925,86.5526
2022-01-16 12:07:24.504611,84.78245,84.85375,86.5526
2022-01-16 12:07:25.003439,84.11161,84.4935,85.72791
2022-01-16 12:07:25.507347,84.00888,84.3895,85.72791
2022-01-16 12:07:26.005068,84.11161,84.54425,85.21708
2022-01-16 12:07:26.502533,84.21434,84.699,85.21708
2022-01-16 12:07:27.010314,83.9569,84.4415,86.47437
2022-01-16 12:07:27.505091,84.21434,84.64825,86.47437
2022-01-16 12:07:28.002519,84.26632,84.4935,85.09926
2022-01-16 12:07:28.501728,84.21434,84.4935,85.09926
2022-01-16 12:07:29.009640,84.52377,84.59625,85.80614
2022-01-16 12:07:29.503021,83.69946,84.23475,85.80614
2022-01-16 12:07:30.004850,84.36905,84.85375,85.29625
2022-01-16 12:07:30.509813,84.00888,84.59625,85.29625
2022-01-16 12:07:31.008281,83.90492,84.3895,85.88531
2022-01-16 12:07:31.503028,84.00888,84.28675,85.88531
2022-01-16 12:07:32.001072,84.42104,84.751,85.57051
2022-01-16 12:07:32.506736,84.42104,84.59625,85.57051
2022-01-16 12:07:33.004437,84.00888,84.3895,85.6101
2022-01-16 12:07:33.509871,84.36905,84.699,85.6101
2022-01-16 12:07:34.010463,83.69946,84.184,85.80614
2022-01-16 12:07:34.506530,84.36905,84.85375,85.80614
2022-01-16 12:07:35.005925,83.80219,84.23475,85.41406
2022-01-16 12:07:35.501512,84.47302,84.751,85.41406
2022-01-16 12:07:36.009963,84.36905,84.33875,85.92395
2022-01-16 12:07:36.504967,84.1636,84.699,85.92395
2022-01-16 12:07:37.003973,84.52377,84.85375,85.80614
2022-01-16 12:07:37.509296,84.00888,84.4415,85.80614
2022-01-16 12:07:38.007624,84.1636,84.4935,85.25666
2022-01-16 12:07:38.504112,83.7502,84.33875,85.25666
2022-01-16 12:07:39.002187,84.62773,85.1125,86.23875
2022-01-16 12:07:39.506625,84.31831,84.28675,86.23875
2022-01-16 12:07:40.005353,84.36905,84.751,86.15958
2022-01-16 12:07:40.509501,83.80219,84.132,86.15958
2022-01-16 12:07:41.008026,84.36905,84.803,86.31697
2022-01-16 12:07:41.503467,84.57575,85.0605,86.31697
2022-01-16 12:07:42.001723,83.18334,83.565,85.4527
2022-01-16 12:07:42.508277,84.47302,84.803,85.4527
2022-01-16 12:07:43.005603,84.11161,84.4415,85.7675
2022-01-16 12:07:43.510711,84.42104,84.85375,85.7675
2022-01-16 12:07:44.008906,84.42104,84.59625,86.15958
2022-01-16 12:07:44.503621,83.85417,84.23475,86.15958
2022-01-16 12:07:45.001624,84.31831,84.4935,85.29625
2022-01-16 12:07:45.506291,84.05963,84.751,85.29625
2022-01-16 12:07:46.004658,84.00888,84.4935,85.6101
2022-01-16 12:07:46.511009,84.26632,84.54425,85.6101
2022-01-16 12:07:47.010110,84.21434,84.54425,85.06062
2022-01-16 12:07:47.505621,84.42104,84.803,85.06062
2022-01-16 12:07:48.003689,84.11161,84.33875,86.43479
2022-01-16 12:07:48.510703,84.26632,84.699,86.43479
2022-01-16 12:07:49.009265,84.47302,84.803,86.86645
2022-01-16 12:07:49.504155,84.00888,84.4935,86.86645
2022-01-16 12:07:50.001917,84.00888,84.54425,85.13885
2022-01-16 12:07:50.509030,84.11161,84.3895,85.13885
2022-01-16 12:07:51.007836,84.42104,84.59625,85.68833
2022-01-16 12:07:51.503429,83.85417,84.4935,85.68833
2022-01-16 12:07:52.001006,84.11161,84.4935,85.7675
2022-01-16 12:07:52.505678,84.05963,84.4935,85.7675
2022-01-16 12:07:53.003510,84.52377,85.0085,85.53187
2022-01-16 12:07:53.508911,83.80219,84.23475,85.53187
2022-01-16 12:07:54.005534,84.36905,84.64825,85.80614
2022-01-16 12:07:54.511079,84.36905,84.54425,85.80614
2022-01-16 12:07:55.011043,84.21434,84.64825,86.35656
2022-01-16 12:07:55.503901,84.1636,84.4935,86.35656
2022-01-16 12:07:56.002981,84.00888,84.28675,85.13885
2022-01-16 12:07:56.508247,84.47302,85.0085,85.13885
2022-01-16 12:07:57.005450,83.69946,84.3895,86.27739
2022-01-16 12:07:57.511232,84.62773,84.95775,86.27739
2022-01-16 12:07:58.009737,84.21434,84.23475,85.29625
2022-01-16 12:07:58.504444,84.05963,84.4415,85.29625
2022-01-16 12:07:59.002313,84.26632,84.64825,85.6101
2022-01-16 12:07:59.509718,83.9569,84.4415,85.6101
2022-01-16 12:08:00.008735,84.62773,84.95775,86.15958
2022-01-16 12:08:00.502211,83.33805,83.8745,86.15958
2022-01-16 12:08:01.001213,84.62773,84.95775,85.53187
2022-01-16 12:08:01.506507,84.21434,84.4415,85.53187
2022-01-16 12:08:02.005539,84.36905,84.90575,86.08135
2022-01-16 12:08:02.509379,83.90492,84.33875,86.08135
2022-01-16 12:08:03.008256,84.05963,84.4935,85.92395
2022-01-16 12:08:03.504209,84.47302,84.85375,85.92395
2022-01-16 12:08:04.001689,83.64747,84.28675,86.27739
2022-01-16 12:08:04.507193,84.42104,84.64825,86.27739
2022-01-16 12:08:05.006603,83.59549,83.8225,85.4527
2022-01-16 12:08:05.502075,84.78245,84.95775,85.4527
2022-01-16 12:08:06.001320,84.31831,84.64825,85.80614
2022-01-16 12:08:06.507344,83.64747,84.184,85.80614
2022-01-16 12:08:07.005157,84.26632,84.64825,86.00312
2022-01-16 12:08:07.501323,83.7502,84.4415,86.00312
2022-01-16 12:08:08.010515,84.36905,84.85375,85.88531
2022-01-16 12:08:08.505191,83.9569,84.28675,85.88531
2022-01-16 12:08:09.002131,84.47302,84.64825,86.31697
2022-01-16 12:08:09.508254,84.26632,84.4935,86.31697
2022-01-16 12:08:10.006125,84.36905,84.85375,85.53187
2022-01-16 12:08:10.502169,83.85417,84.33875,85.53187
2022-01-16 12:08:11.010981,84.26632,84.803,85.57051
2022-01-16 12:08:11.508824,83.90492,84.33875,85.57051
2022-01-16 12:08:12.007558,83.9569,84.4935,85.6101
2022-01-16 12:08:12.501227,84.1636,84.54425,85.6101
2022-01-16 12:08:13.001856,84.00888,84.08,85.53187
2022-01-16 12:08:13.507586,84.05963,83.97725,85.53187
2022-01-16 12:08:14.005859,84.05963,84.33875,237.27437
2022-01-16 12:08:14.501489,84.26632,84.59625,237.27437
2022-01-16 12:08:15.008245,83.7502,83.97725,224.47145
2022-01-16 12:08:15.504266,84.05963,84.33875,224.47145
2022-01-16 12:08:16.002223,83.9569,84.132,185.39729
2022-01-16 12:08:16.508764,84.26632,84.3895,185.39729
2022-01-16 12:08:17.008385,83.80219,84.08,121.34687
2022-01-16 12:08:17.503752,84.05963,84.4415,121.34687
2022-01-16 12:08:18.001383,84.47302,84.699,90.28301
2022-01-16 12:08:18.508192,83.80219,84.23475,90.28301
2022-01-16 12:08:19.004582,83.90492,84.33875,95.1925
2022-01-16 12:08:19.510505,84.05963,84.33875,95.1925
2022-01-16 12:08:20.009016,84.31831,84.4935,89.18406
2022-01-16 12:08:20.504377,84.36905,84.699,89.18406
2022-01-16 12:08:21.004020,83.85417,84.184,86.3952
2022-01-16 12:08:21.504612,84.21434,84.699,86.3952
2022-01-16 12:08:22.005744,84.57575,85.1125,85.68833
2022-01-16 12:08:22.501822,83.80219,84.33875,85.68833
2022-01-16 12:08:23.001544,84.05963,84.4935,86.35656
2022-01-16 12:08:23.506898,83.9569,84.28675,86.35656
2022-01-16 12:08:24.004968,84.42104,84.59625,85.72791
2022-01-16 12:08:24.501058,84.47302,84.64825,85.72791
2022-01-16 12:08:25.009726,83.90492,84.33875,86.78822
2022-01-16 12:08:25.504661,84.1636,84.4935,86.78822
2022-01-16 12:08:26.003697,84.21434,84.64825,87.61291
2022-01-16 12:08:26.509803,84.31831,84.751,87.61291
2022-01-16 12:08:27.007550,83.90492,84.28675,85.84572
2022-01-16 12:08:27.503494,84.57575,84.95775,85.84572
2022-01-16 12:08:28.001815,84.00888,84.28675,85.6101
2022-01-16 12:08:28.506552,84.11161,84.54425,85.6101
2022-01-16 12:08:29.005484,84.36905,84.59625,85.80614
2022-01-16 12:08:29.503055,84.05963,84.59625,85.80614
2022-01-16 12:08:30.011141,84.47302,84.751,86.43479
2022-01-16 12:08:30.506333,83.85417,84.28675,86.43479
2022-01-16 12:08:31.004815,84.36905,84.59625,85.37447
2022-01-16 12:08:31.501070,84.05963,84.28675,85.37447
2022-01-16 12:08:32.002480,84.11161,84.59625,86.04176
2022-01-16 12:08:32.506995,84.11161,84.64825,86.04176
2022-01-16 12:08:33.004601,84.21434,84.59625,85.92395
2022-01-16 12:08:33.509218,84.42104,84.85375,85.92395
2022-01-16 12:08:34.008077,83.90492,84.4415,85.84572
2022-01-16 12:08:34.502277,84.67848,84.90575,85.84572
2022-01-16 12:08:35.010008,84.21434,84.33875,85.57051
2022-01-16 12:08:35.504042,84.36905,84.751,85.57051
2022-01-16 12:08:36.002144,83.90492,84.4935,85.84572
2022-01-16 12:08:36.506479,84.1636,84.751,85.84572
2022-01-16 12:08:37.005392,84.21434,84.54425,86.00312
2022-01-16 12:08:37.510870,83.80219,84.4415,86.00312
2022-01-16 12:08:38.008148,84.47302,84.699,85.96354
2022-01-16 12:08:38.504653,84.42104,84.803,85.96354
2022-01-16 12:08:39.001837,84.26632,84.4935,85.68833
2022-01-16 12:08:39.506673,84.21434,84.64825,85.68833
2022-01-16 12:08:40.003876,84.00888,84.3895,85.80614
2022-01-16 12:08:40.510623,84.11161,84.59625,85.80614
2022-01-16 12:08:41.007536,84.05963,84.54425,86.00312
2022-01-16 12:08:41.501993,84.00888,84.33875,86.00312
2022-01-16 12:08:42.009859,84.42104,84.4935,86.23875
2022-01-16 12:08:42.503403,84.36905,84.4935,86.23875
2022-01-16 12:08:43.002983,84.57575,85.0605,85.25666
2022-01-16 12:08:43.508994,83.49276,83.92525,85.25666
2022-01-16 12:08:44.006389,84.42104,84.699,86.74864
2022-01-16 12:08:44.510755,84.11161,84.54425,86.74864
2022-01-16 12:08:45.010023,84.52377,84.751,85.68833
2022-01-16 12:08:45.504399,83.9569,84.54425,85.68833
2022-01-16 12:08:46.002417,84.21434,84.33875,85.57051
2022-01-16 12:08:46.506420,84.62773,84.751,85.57051
2022-01-16 12:08:47.006719,84.1636,84.803,86.15958
2022-01-16 12:08:47.504072,84.05963,84.54425,86.15958
2022-01-16 12:08:48.504737,84.21434,84.59625,85.80614
2022-01-16 12:08:49.002194,83.85417,84.4935,86.04176
2022-01-16 12:08:49.506554,84.31831,84.59625,86.04176
2022-01-16 12:08:50.009318,84.47302,84.64825,85.92395
2022-01-16 12:08:50.503670,84.00888,84.3895,85.92395
2022-01-16 12:08:51.001601,84.57575,84.90575,85.57051
2022-01-16 12:08:51.506916,83.69946,84.02925,85.57051
2022-01-16 12:08:52.004729,84.47302,84.699,86.23875
2022-01-16 12:08:52.501160,83.39003,84.132,86.23875
2022-01-16 12:08:53.009523,84.52377,84.699,85.92395
2022-01-16 12:08:53.507210,84.21434,84.3895,85.92395
2022-01-16 12:08:54.007391,84.36905,84.699,85.7675
2022-01-16 12:08:54.502565,84.26632,84.64825,85.7675
2022-01-16 12:08:55.001650,84.11161,84.3895,85.64968
2022-01-16 12:08:55.507354,84.26632,84.54425,85.64968
2022-01-16 12:08:56.005295,83.49276,84.132,85.49229
2022-01-16 12:08:56.510911,84.47302,84.699,85.49229
2022-01-16 12:08:57.001409,84.26632,84.54425,85.68833
2022-01-16 12:08:57.507400,84.05963,84.33875,85.68833
2022-01-16 12:08:58.008620,84.42104,84.95775,85.92395
2022-01-16 12:08:58.503982,83.9569,84.33875,85.92395
2022-01-16 12:08:59.001745,84.47302,84.85375,85.29625
2022-01-16 12:08:59.505894,83.85417,84.59625,85.29625
2022-01-16 12:09:00.003551,84.05963,84.23475,85.64968
2022-01-16 12:09:00.505609,84.11161,84.4415,85.64968
2022-01-16 12:09:01.005828,84.26632,84.59625,85.49229
2022-01-16 12:09:01.501634,84.26632,84.64825,85.49229
2022-01-16 12:09:02.011160,83.9569,84.23475,86.67041
2022-01-16 12:09:02.506468,84.31831,84.59625,86.67041
2022-01-16 12:09:03.005020,84.05963,84.699,85.17843
2022-01-16 12:09:03.510140,84.42104,84.90575,85.17843
2022-01-16 12:09:04.008559,83.85417,84.28675,86.08135
2022-01-16 12:09:04.503635,84.26632,84.3895,86.08135
2022-01-16 12:09:05.011086,84.31831,84.59625,85.09926
2022-01-16 12:09:05.509155,84.26632,84.751,85.09926
2022-01-16 12:09:06.006203,84.00888,84.33875,86.19916
2022-01-16 12:09:06.511110,84.11161,84.4935,86.19916
2022-01-16 12:09:07.009100,84.31831,84.54425,85.53187
2022-01-16 12:09:07.505354,84.26632,84.85375,85.53187
2022-01-16 12:09:08.002783,83.90492,84.23475,85.06062
2022-01-16 12:09:08.507463,84.42104,84.59625,85.06062
2022-01-16 12:09:09.005851,84.00888,84.23475,86.74864
2022-01-16 12:09:09.510179,84.31831,84.751,86.74864
2022-01-16 12:09:10.006630,83.64747,84.132,86.08135
2022-01-16 12:09:10.501325,84.57575,84.85375,86.08135
2022-01-16 12:09:11.009331,83.85417,84.3895,85.4527
2022-01-16 12:09:11.504208,84.62773,84.90575,85.4527
2022-01-16 12:09:12.002218,84.36905,84.54425,85.92395
2022-01-16 12:09:12.506365,83.80219,84.33875,85.92395
2022-01-16 12:09:13.004917,84.36905,84.699,85.84572
2022-01-16 12:09:13.510487,84.05963,84.54425,85.84572
2022-01-16 12:09:14.009425,84.42104,84.699,85.72791
2022-01-16 12:09:14.508018,83.54475,84.132,85.72791
2022-01-16 12:09:15.006516,84.62773,84.699,85.64968
2022-01-16 12:09:15.501327,84.21434,84.3895,85.64968
2022-01-16 12:09:16.009600,84.31831,84.59625,85.72791
2022-01-16 12:09:16.505782,84.21434,84.54425,85.72791
2022-01-16 12:09:17.004162,83.85417,84.33875,85.33489
2022-01-16 12:09:17.509093,84.67848,84.85375,85.33489
2022-01-16 12:09:18.005677,83.33805,84.02925,85.72791
2022-01-16 12:09:18.510947,84.52377,84.64825,85.72791
2022-01-16 12:09:19.008987,83.9569,84.33875,86.15958
2022-01-16 12:09:19.505159,84.36905,84.64825,86.15958
2022-01-16 12:09:20.002259,84.52377,84.64825,85.68833
2022-01-16 12:09:20.508909,83.7502,84.184,85.68833
2022-01-16 12:09:21.006166,84.42104,84.751,85.84572
2022-01-16 12:09:21.510863,83.69946,84.28675,85.84572
2022-01-16 12:09:22.009397,84.47302,84.4935,86.23875
2022-01-16 12:09:22.504103,84.00888,84.3895,86.23875
2022-01-16 12:09:23.002229,84.26632,84.54425,85.33489
2022-01-16 12:09:23.507705,84.57575,84.803,85.33489
2022-01-16 12:09:24.001817,84.26632,84.699,86.12093
2022-01-16 12:09:24.507521,84.05963,84.3895,86.12093
2022-01-16 12:09:25.005585,84.05963,84.3895,85.25666
2022-01-16 12:09:25.501120,84.11161,84.4935,85.25666
2022-01-16 12:09:26.008827,84.47302,85.0085,85.7675
2022-01-16 12:09:26.503467,84.21434,84.3895,85.7675
2022-01-16 12:09:27.001744,84.26632,84.28675,85.53187
2022-01-16 12:09:27.508765,84.26632,84.803,85.53187
2022-01-16 12:09:28.008172,84.57575,84.95775,85.68833
2022-01-16 12:09:28.503450,83.85417,84.184,85.68833
2022-01-16 12:09:29.002021,84.26632,84.4935,85.80614
2022-01-16 12:09:29.509215,83.64747,84.4935,85.80614
2022-01-16 12:09:30.007714,84.36905,84.4935,86.12093
2022-01-16 12:09:30.502354,84.47302,84.54425,86.12093
2022-01-16 12:09:31.010790,84.21434,84.4415,85.64968
2022-01-16 12:09:31.506209,84.26632,84.4935,85.64968
2022-01-16 12:09:32.005152,84.00888,84.54425,86.08135
2022-01-16 12:09:32.501982,84.1636,84.28675,86.08135
2022-01-16 12:09:33.001252,83.80219,84.59625,85.29625
2022-01-16 12:09:33.505661,84.52377,84.85375,85.29625
2022-01-16 12:09:34.004264,84.21434,84.4415,85.88531
2022-01-16 12:09:34.510292,84.05963,84.33875,85.88531
2022-01-16 12:09:35.008944,84.57575,84.85375,85.72791
2022-01-16 12:09:35.504813,83.85417,84.23475,85.72791
2022-01-16 12:09:36.004850,84.83319,84.95775,85.53187
2022-01-16 12:09:36.509181,83.33805,84.132,85.53187
2022-01-16 12:09:37.008432,84.36905,84.64825,86.47437
2022-01-16 12:09:37.504643,84.11161,84.28675,86.47437
2022-01-16 12:09:38.002279,84.11161,84.4415,85.4527
2022-01-16 12:09:38.507413,84.31831,84.64825,85.4527
2022-01-16 12:09:39.005424,83.90492,84.4935,85.49229
2022-01-16 12:09:39.502090,84.11161,84.4415,85.49229
2022-01-16 12:09:40.001245,84.00888,84.699,86.47437
2022-01-16 12:09:40.506195,84.42104,84.85375,86.47437
2022-01-16 12:09:41.003805,83.64747,83.97725,86.47437
2022-01-16 12:09:41.509244,84.47302,84.64825,86.47437
2022-01-16 12:09:42.005517,84.1636,84.33875,85.53187
2022-01-16 12:09:42.510942,84.26632,84.803,85.53187
2022-01-16 12:09:43.008372,84.42104,84.54425,86.04176
2022-01-16 12:09:43.502101,83.33805,83.8745,86.04176
2022-01-16 12:09:44.011030,84.78245,85.1125,85.4527
2022-01-16 12:09:44.506381,84.11161,84.64825,85.4527
2022-01-16 12:09:45.006353,84.11161,84.184,86.35656
2022-01-16 12:09:45.502751,84.05963,84.33875,86.35656
2022-01-16 12:09:46.009798,83.9569,84.33875,85.49229
2022-01-16 12:09:46.503848,84.47302,84.64825,85.49229
2022-01-16 12:09:47.504818,84.05963,84.23475,86.00312
2022-01-16 12:09:48.002335,84.11161,84.751,86.23875
2022-01-16 12:09:48.506801,84.47302,84.64825,86.23875
2022-01-16 12:09:49.004076,84.1636,84.3895,86.74864
2022-01-16 12:09:49.509323,84.26632,84.803,86.74864
2022-01-16 12:09:50.008317,83.9569,84.28675,85.49229
2022-01-16 12:09:50.503067,84.1636,84.64825,85.49229
2022-01-16 12:09:51.010439,84.26632,84.4415,86.74864
2022-01-16 12:09:51.505584,83.7502,84.54425,86.74864
2022-01-16 12:09:52.003420,84.11161,84.33875,85.4527
2022-01-16 12:09:52.508565,84.42104,84.59625,85.4527
2022-01-16 12:09:53.006400,84.11161,84.54425,85.92395
2022-01-16 12:09:53.503026,84.05963,84.54425,85.92395
2022-01-16 12:09:54.011037,84.42104,84.95775,85.7675
2022-01-16 12:09:54.506129,83.64747,83.97725,85.7675
2022-01-16 12:09:55.005866,84.05963,84.751,84.98145
2022-01-16 12:09:55.502451,84.11161,84.23475,84.98145
2022-01-16 12:09:56.011154,84.11161,84.54425,86.47437
2022-01-16 12:09:56.505403,84.36905,84.803,86.47437
2022-01-16 12:09:57.005051,84.11161,84.28675,85.92395
2022-01-16 12:09:57.510146,83.7502,84.23475,85.92395
2022-01-16 12:09:58.010498,84.42104,84.85375,86.08135
2022-01-16 12:09:58.506592,83.9569,84.64825,86.08135
2022-01-16 12:09:59.004281,84.31831,84.64825,85.57051
2022-01-16 12:09:59.508513,84.31831,84.699,85.57051
2022-01-16 12:10:00.006037,84.42104,84.59625,85.68833
2022-01-16 12:10:00.503444,84.47302,84.64825,85.68833
2022-01-16 12:10:01.001246,84.11161,84.54425,85.84572
2022-01-16 12:10:01.505842,84.00888,84.28675,85.84572
2022-01-16 12:10:02.004477,83.90492,84.59625,85.80614
2022-01-16 12:10:02.509721,83.90492,84.3895,85.80614
2022-01-16 12:10:03.009318,84.00888,84.4415,86.08135
2022-01-16 12:10:03.504751,84.26632,84.54425,86.08135
2022-01-16 12:10:04.002287,84.36905,84.4415,85.49229
2022-01-16 12:10:04.506713,84.31831,84.699,85.49229
2022-01-16 12:10:05.006137,84.47302,84.90575,86.12093
2022-01-16 12:10:05.501472,83.69946,84.33875,86.12093
2022-01-16 12:10:06.008908,84.36905,84.59625,85.68833
2022-01-16 12:10:06.503124,83.90492,84.4415,85.68833
2022-01-16 12:10:07.010797,84.73046,84.95775,85.37447
2022-01-16 12:10:07.504627,84.31831,84.54425,85.37447
2022-01-16 12:10:08.001400,83.85417,84.28675,86.27739
2022-01-16 12:10:08.508124,84.36905,84.59625,86.27739
2022-01-16 12:10:09.007064,84.42104,84.95775,86.12093
2022-01-16 12:10:09.501883,84.11161,84.3895,86.12093
2022-01-16 12:10:10.009969,83.9569,84.59625,85.72791
2022-01-16 12:10:10.504285,84.05963,84.184,85.72791
2022-01-16 12:10:11.002036,84.57575,84.751,85.88531
2022-01-16 12:10:11.506921,84.26632,84.64825,85.88531
2022-01-16 12:10:12.006756,83.80219,84.02925,85.37447
2022-01-16 12:10:12.511010,84.52377,84.95775,85.37447
2022-01-16 12:10:13.009929,84.00888,84.23475,84.90322
2022-01-16 12:10:13.504844,83.9569,84.59625,84.90322
2022-01-16 12:10:14.003628,84.21434,84.54425,85.6101
2022-01-16 12:10:14.508693,84.31831,84.4935,85.6101
2022-01-16 12:10:15.006757,84.05963,84.28675,85.80614
2022-01-16 12:10:15.501258,84.21434,84.59625,85.80614
2022-01-16 12:10:16.010265,84.05963,84.64825,85.49229
2022-01-16 12:10:16.506462,84.1636,84.33875,85.49229
2022-01-16 12:10:17.004160,84.11161,84.64825,86.31697
2022-01-16 12:10:17.510742,84.05963,84.33875,86.31697
2022-01-16 12:10:18.009397,84.21434,84.4935,86.31697
2022-01-16 12:10:18.504747,84.1636,84.54425,86.31697
2022-01-16 12:10:19.002865,84.21434,84.3895,85.57051
2022-01-16 12:10:19.507893,84.31831,84.803,85.57051
2022-01-16 12:10:20.005043,84.05963,84.28675,85.84572
2022-01-16 12:10:20.510828,84.1636,84.699,85.84572
2022-01-16 12:10:21.009408,84.31831,84.64825,85.84572
2022-01-16 12:10:21.505587,84.05963,84.3895,85.84572
2022-01-16 12:10:22.004154,84.11161,84.184,86.59218
2022-01-16 12:10:22.508642,84.36905,84.4935,86.59218
2022-01-16 12:10:23.006461,83.64747,84.28675,85.72791
2022-01-16 12:10:23.501117,84.52377,84.803,85.72791
2022-01-16 12:10:24.008760,83.7502,84.184,85.84572
2022-01-16 12:10:24.502130,84.21434,84.3895,85.84572
2022-01-16 12:10:25.010689,84.26632,84.85375,85.53187
2022-01-16 12:10:25.505606,84.1636,84.4935,85.53187
2022-01-16 12:10:26.004682,84.57575,84.59625,87.10208
2022-01-16 12:10:26.510083,83.90492,84.28675,87.10208
2022-01-16 12:10:27.008138,84.26632,84.59625,85.53187
2022-01-16 12:10:27.503332,83.9569,84.54425,85.53187
2022-01-16 12:10:28.001005,84.26632,84.751,85.53187
2022-01-16 12:10:28.506493,83.54475,84.08,85.53187
2022-01-16 12:10:29.004754,84.78245,84.90575,85.53187
2022-01-16 12:10:29.510828,84.31831,84.54425,85.53187
2022-01-16 12:10:30.008239,83.9569,84.4415,86.27739
2022-01-16 12:10:30.505064,84.36905,84.751,86.27739
2022-01-16 12:10:31.004952,83.7502,84.184,85.72791
2022-01-16 12:10:31.509369,84.42104,84.64825,85.72791
2022-01-16 12:10:32.008606,83.90492,84.699,85.13885
2022-01-16 12:10:32.502667,83.85417,84.132,85.13885
2022-01-16 12:10:33.010858,84.36905,84.54425,85.13885
2022-01-16 12:10:33.506036,84.21434,84.64825,85.13885
2022-01-16 12:10:34.004029,84.26632,84.54425,86.31697
2022-01-16 12:10:34.509680,84.00888,84.4935,86.31697
2022-01-16 12:10:35.008216,84.26632,84.4935,84.98145
2022-01-16 12:10:35.502771,83.59549,84.23475,84.98145
2022-01-16 12:10:36.001596,83.9569,84.23475,88.31979
2022-01-16 12:10:36.506308,83.80219,83.97725,88.31979
2022-01-16 12:10:37.002995,84.1636,84.3895,239.94447
2022-01-16 12:10:37.506846,84.00888,84.132,239.94447
2022-01-16 12:10:38.004376,84.52377,85.0605,216.30375
2022-01-16 12:10:38.501514,83.80219,83.92525,216.30375
2022-01-16 12:10:39.010874,83.85417,84.23475,139.76426
2022-01-16 12:10:39.507623,84.1636,84.28675,139.76426
2022-01-16 12:10:40.007319,84.1636,84.4415,90.87208
2022-01-16 12:10:40.501939,84.05963,84.184,90.87208
2022-01-16 12:10:41.001642,84.00888,84.02925,98.88333
2022-01-16 12:10:41.508598,84.42104,84.85375,98.88333
2022-01-16 12:10:42.006615,83.90492,84.08,88.86926
2022-01-16 12:10:42.502334,84.21434,84.4935,88.86926
2022-01-16 12:10:43.001150,84.31831,84.64825,87.14166
2022-01-16 12:10:43.508466,83.64747,84.184,87.14166
2022-01-16 12:10:44.005484,84.67848,84.95775,86.27739
2022-01-16 12:10:44.509813,84.42104,84.4415,86.27739
2022-01-16 12:10:45.009643,84.11161,84.64825,86.15958
2022-01-16 12:10:45.505219,84.31831,84.59625,86.15958
2022-01-16 12:10:46.003444,84.21434,84.803,86.71
2022-01-16 12:10:46.507221,84.36905,84.699,86.71
2022-01-16 12:10:47.006787,83.54475,84.23475,86.35656
2022-01-16 12:10:47.502306,84.1636,84.4935,86.35656
2022-01-16 12:10:48.010937,84.1636,84.3895,86.90604
2022-01-16 12:10:48.505590,84.57575,85.16325,86.90604
2022-01-16 12:10:49.004558,84.00888,84.3895,85.6101
2022-01-16 12:10:49.509482,84.1636,84.54425,85.6101
2022-01-16 12:10:50.007228,84.62773,84.90575,85.84572
2022-01-16 12:10:50.501745,83.90492,84.54425,85.84572
2022-01-16 12:10:51.010306,84.42104,84.751,85.64968
2022-01-16 12:10:51.504921,84.05963,84.23475,85.64968
2022-01-16 12:10:52.002923,84.21434,84.64825,85.6101
2022-01-16 12:10:52.511110,84.57575,84.699,85.6101
2022-01-16 12:10:53.008548,83.90492,84.33875,85.72791
2022-01-16 12:10:53.501892,84.78245,85.21525,85.72791
2022-01-16 12:10:54.007866,83.44078,84.08,86.08135
2022-01-16 12:10:54.502458,84.62773,84.95775,86.08135
2022-01-16 12:10:55.001252,84.05963,84.33875,86.19916
2022-01-16 12:10:55.506302,84.57575,84.95775,86.19916
2022-01-16 12:10:56.004912,84.05963,84.4415,86.08135
2022-01-16 12:10:56.509487,84.05963,84.4415,86.08135
2022-01-16 12:10:57.006820,84.1636,84.59625,85.33489
2022-01-16 12:10:57.501900,84.1636,84.4935,85.33489
2022-01-16 12:10:58.010853,84.31831,84.751,85.7675
2022-01-16 12:10:58.505987,83.85417,84.28675,85.7675
2022-01-16 12:10:59.003262,84.42104,84.803,86.12093
2022-01-16 12:10:59.508626,84.31831,84.4415,86.12093
2022-01-16 12:11:00.006231,84.47302,84.95775,85.41406
2022-01-16 12:11:00.511038,84.11161,84.4415,85.41406
2022-01-16 12:11:01.008784,84.00888,84.4935,86.23875
2022-01-16 12:11:01.503216,84.47302,84.699,86.23875
2022-01-16 12:11:02.001417,83.85417,84.23475,85.84572
2022-01-16 12:11:02.506440,84.78245,85.16325,85.84572
2022-01-16 12:11:03.004221,83.9569,84.132,86.19916
2022-01-16 12:11:03.509570,84.21434,84.59625,86.19916
2022-01-16 12:11:04.009022,83.85417,84.23475,85.96354
2022-01-16 12:11:04.505044,84.36905,84.90575,85.96354
2022-01-16 12:11:05.003472,83.90492,84.23475,85.4527
2022-01-16 12:11:05.508644,83.85417,84.33875,85.4527
2022-01-16 12:11:06.005659,84.36905,84.699,85.06062
2022-01-16 12:11:06.510813,84.67848,84.803,85.06062
2022-01-16 12:11:07.010010,84.36905,84.90575,85.64968
2022-01-16 12:11:07.504611,83.69946,83.8745,85.64968
2022-01-16 12:11:08.003190,84.21434,84.699,85.49229
2022-01-16 12:11:08.508085,84.1636,84.64825,85.49229
2022-01-16 12:11:09.006081,83.9569,84.64825,85.96354
2022-01-16 12:11:09.502769,83.9569,84.33875,85.96354
2022-01-16 12:11:10.007865,83.80219,83.66775,85.41406
2022-01-16 12:11:10.502596,83.9569,84.23475,85.41406
2022-01-16 12:11:11.010668,85.14262,85.0605,242.26114
2022-01-16 12:11:11.505232,83.59549,83.97725,242.26114
2022-01-16 12:11:12.002391,84.00888,84.08,216.30375
2022-01-16 12:11:12.506663,84.11161,84.54425,216.30375
2022-01-16 12:11:13.004373,84.00888,84.33875,163.40593
2022-01-16 12:11:13.509674,83.85417,84.28675,163.40593
2022-01-16 12:11:14.008635,84.26632,84.54425,108.2301
2022-01-16 12:11:14.503416,83.90492,84.132,108.2301
2022-01-16 12:11:15.003783,84.42104,84.751,94.44604
2022-01-16 12:11:15.510358,84.1636,84.4935,94.44604
2022-01-16 12:11:16.008732,83.80219,84.132,89.61572
2022-01-16 12:11:16.502953,84.00888,84.28675,89.61572
2022-01-16 12:11:17.010667,84.00888,84.28675,87.3377
2022-01-16 12:11:17.505918,84.42104,84.751,87.3377
2022-01-16 12:11:18.003167,84.26632,84.33875,86.67041
2022-01-16 12:11:18.509133,83.90492,84.54425,86.67041
2022-01-16 12:11:19.006646,84.31831,84.64825,86.15958
2022-01-16 12:11:19.501038,84.00888,84.3895,86.15958
2022-01-16 12:11:20.009032,84.36905,84.699,87.6525
2022-01-16 12:11:20.502892,83.44078,84.02925,87.6525
2022-01-16 12:11:21.003205,84.47302,84.803,86.47437
2022-01-16 12:11:21.501094,84.21434,84.28675,86.47437
2022-01-16 12:11:22.010483,84.67848,84.95775,86.78822
2022-01-16 12:11:22.506023,83.90492,84.28675,86.78822
2022-01-16 12:11:23.006822,84.31831,84.95775,86.23875
2022-01-16 12:11:23.501981,84.31831,84.699,86.23875
2022-01-16 12:11:24.009754,83.59549,84.23475,86.08135
2022-01-16 12:11:24.505814,84.57575,85.0085,86.08135
2022-01-16 12:11:25.004604,84.31831,84.699,85.80614
2022-01-16 12:11:25.510849,84.05963,84.4935,85.80614
2022-01-16 12:11:26.008762,84.31831,84.3895,85.7675
2022-01-16 12:11:26.503276,84.26632,84.54425,85.7675
2022-01-16 12:11:27.011243,84.62773,85.0605,85.92395
2022-01-16 12:11:27.508085,83.7502,84.4415,85.92395
2022-01-16 12:11:28.005265,84.1636,84.64825,85.21708
2022-01-16 12:11:28.510192,84.21434,84.3895,85.21708
2022-01-16 12:11:29.007701,84.47302,84.95775,86.27739
2022-01-16 12:11:29.502276,84.26632,84.64825,86.27739
2022-01-16 12:11:30.001221,83.80219,84.08,86.43479
2022-01-16 12:11:30.505066,84.26632,84.59625,86.43479
2022-01-16 12:11:31.001924,84.31831,84.699,85.21708
2022-01-16 12:11:31.506889,84.26632,84.59625,85.21708
2022-01-16 12:11:32.004877,84.05963,84.54425,85.88531
2022-01-16 12:11:32.509887,84.21434,84.54425,85.88531
2022-01-16 12:11:33.007074,84.52377,84.54425,85.25666
2022-01-16 12:11:33.501533,84.05963,84.59625,85.25666
2022-01-16 12:11:34.010198,84.05963,84.54425,85.41406
2022-01-16 12:11:34.505115,83.90492,84.33875,85.41406
2022-01-16 12:11:35.003438,84.11161,84.59625,85.64968
2022-01-16 12:11:35.507748,84.36905,84.85375,85.64968
2022-01-16 12:11:36.005777,84.1636,84.4935,86.27739
2022-01-16 12:11:37.005045,84.05963,84.33875,86.31697
2022-01-16 12:11:37.509669,84.26632,84.64825,86.31697
2022-01-16 12:11:38.006734,84.11161,84.64825,86.78822
2022-01-16 12:11:38.502707,84.05963,84.59625,86.78822
2022-01-16 12:11:39.011137,83.85417,84.3895,85.02104
2022-01-16 12:11:39.504543,84.57575,84.64825,85.02104
2022-01-16 12:11:40.002098,84.73046,84.699,85.80614
2022-01-16 12:11:40.507984,83.9569,84.3895,85.80614
2022-01-16 12:11:41.008602,84.21434,84.59625,86.00312
2022-01-16 12:11:41.503605,83.9569,84.28675,86.00312
2022-01-16 12:11:42.001740,84.52377,84.90575,86.67041
2022-01-16 12:11:42.507833,83.49276,84.02925,86.67041
2022-01-16 12:11:43.005824,84.42104,84.751,85.80614
2022-01-16 12:11:43.503474,84.42104,84.4935,85.80614
2022-01-16 12:11:44.001243,84.36905,84.59625,85.68833
2022-01-16 12:11:44.507921,84.21434,84.699,85.68833
2022-01-16 12:11:45.006351,83.9569,84.33875,86.15958
2022-01-16 12:11:45.504213,84.57575,85.0605,86.15958
2022-01-16 12:11:46.001424,83.64747,84.23475,85.53187
2022-01-16 12:11:46.507850,84.78245,84.95775,85.53187
2022-01-16 12:11:47.006225,83.90492,84.08,86.00312
2022-01-16 12:11:47.510343,84.42104,84.751,86.00312
2022-01-16 12:11:48.008320,84.31831,84.4415,86.63083
2022-01-16 12:11:48.502957,83.85417,84.08,86.63083
2022-01-16 12:11:49.001474,84.52377,85.1125,86.12093
2022-01-16 12:11:49.507624,83.7502,84.23475,86.12093
2022-01-16 12:11:50.006518,84.31831,84.803,86.04176
2022-01-16 12:11:50.502247,83.9569,84.23475,86.04176
2022-01-16 12:11:51.001195,84.67848,84.85375,85.09926
2022-01-16 12:11:51.507276,84.1636,84.4415,85.09926
2022-01-16 12:11:52.005913,84.00888,84.4415,85.88531
2022-01-16 12:11:52.501112,84.26632,84.64825,85.88531
2022-01-16 12:11:53.009268,84.1636,84.59625,86.31697
2022-01-16 12:11:53.503978,84.00888,84.4415,86.31697
2022-01-16 12:11:54.003312,83.90492,84.3895,85.64968
2022-01-16 12:11:54.508933,84.21434,84.59625,85.64968
2022-01-16 12:11:55.006944,84.31831,84.64825,85.53187
2022-01-16 12:11:55.510928,84.26632,84.699,85.53187
2022-01-16 12:11:56.008360,84.1636,84.54425,86.12093
2022-01-16 12:11:56.502875,84.11161,84.4935,86.12093
2022-01-16 12:11:57.009754,84.31831,84.64825,87.10208
2022-01-16 12:11:57.505031,83.9569,84.4415,87.10208
2022-01-16 12:11:58.001999,84.05963,84.33875,86.51301
2022-01-16 12:11:58.508880,84.26632,84.4415,86.51301
2022-01-16 12:11:59.006279,84.11161,84.4415,85.17843
2022-01-16 12:12:00.004982,84.26632,84.803,86.04176
2022-01-16 12:12:00.511049,84.26632,84.54425,86.04176
2022-01-16 12:12:01.009603,83.59549,84.132,85.80614
2022-01-16 12:12:01.504922,84.57575,84.751,85.80614
2022-01-16 12:12:02.002349,84.36905,84.64825,85.4527
2022-01-16 12:12:02.507691,84.05963,84.4415,85.4527
2022-01-16 12:12:03.005128,84.26632,84.54425,85.68833
2022-01-16 12:12:03.501405,83.85417,84.3895,85.68833
2022-01-16 12:12:04.009341,84.88517,85.21525,85.84572
2022-01-16 12:12:04.506016,83.54475,84.132,85.84572
2022-01-16 12:12:05.003479,84.21434,84.699,85.68833
2022-01-16 12:12:05.508157,83.9569,84.23475,85.68833
2022-01-16 12:12:06.007623,84.36905,84.64825,85.41406
2022-01-16 12:12:06.502149,84.21434,84.59625,85.41406
2022-01-16 12:12:07.009619,83.54475,83.8225,85.64968
2022-01-16 12:12:07.506656,84.67848,85.0085,85.64968
2022-01-16 12:12:08.003454,83.64747,84.02925,85.84572
2022-01-16 12:12:08.508233,84.73046,85.0085,85.84572
2022-01-16 12:12:09.005906,83.54475,83.97725,86.35656
2022-01-16 12:12:09.501251,84.52377,84.699,86.35656
2022-01-16 12:12:10.007521,84.1636,84.699,85.84572
2022-01-16 12:12:10.502340,83.90492,84.23475,85.84572
2022-01-16 12:12:11.010315,84.78245,85.1125,86.15958
2022-01-16 12:12:11.505672,83.69946,84.08,86.15958
2022-01-16 12:12:12.004270,84.47302,84.751,85.57051
2022-01-16 12:12:12.508670,83.80219,84.23475,85.57051
2022-01-16 12:12:13.005286,84.67848,84.85375,86.19916
2022-01-16 12:12:13.509629,84.05963,84.184,86.19916
2022-01-16 12:12:14.009048,84.00888,84.4415,85.80614
2022-01-16 12:12:14.504127,84.21434,84.751,85.80614
2022-01-16 12:12:15.001528,84.05963,84.4935,85.96354
2022-01-16 12:12:15.507128,84.42104,84.95775,85.96354
2022-01-16 12:12:16.005284,83.44078,84.02925,86.35656
2022-01-16 12:12:16.502191,84.47302,84.59625,86.35656
2022-01-16 12:12:17.001910,84.47302,84.59625,86.43479
2022-01-16 12:12:17.506583,84.21434,84.59625,86.43479
2022-01-16 12:12:18.004382,83.69946,84.184,85.4527
2022-01-16 12:12:18.508940,83.9569,84.4935,85.4527
2022-01-16 12:12:19.006851,84.31831,84.59625,85.37447
2022-01-16 12:12:19.509392,83.85417,84.54425,85.37447
2022-01-16 12:12:20.007103,84.47302,84.803,85.84572
2022-01-16 12:12:20.501790,84.05963,84.184,85.84572
2022-01-16 12:12:21.011022,84.47302,84.64825,84.98145
2022-01-16 12:12:21.506225,83.90492,84.4415,84.98145
2022-01-16 12:12:22.006170,84.31831,84.699,85.72791
2022-01-16 12:12:22.501398,84.21434,84.54425,85.72791
2022-01-16 12:12:23.009787,83.64747,84.28675,85.96354
2022-01-16 12:12:23.505759,84.21434,84.33875,85.96354
2022-01-16 12:12:24.004068,84.21434,84.4415,85.64968
2022-01-16 12:12:24.508741,84.36905,84.59625,85.64968
2022-01-16 12:12:25.007683,84.36905,84.751,86.31697
2022-01-16 12:12:25.504611,83.85417,84.33875,86.31697
2022-01-16 12:12:26.002890,84.26632,84.59625,85.72791
2022-01-16 12:12:26.507561,84.21434,84.90575,85.72791
2022-01-16 12:12:27.006799,83.9569,84.23475,85.09926
2022-01-16 12:12:27.501510,83.9569,84.184,85.09926
2022-01-16 12:12:28.010152,84.42104,84.59625,85.53187
2022-01-16 12:12:28.505122,84.31831,84.64825,85.53187
2022-01-16 12:12:29.002907,84.00888,84.3895,86.23875
2022-01-16 12:12:29.508943,84.42104,84.699,86.23875
2022-01-16 12:12:30.006212,83.80219,84.132,85.53187
2022-01-16 12:12:30.510879,84.73046,85.47275,85.53187
2022-01-16 12:12:31.009202,84.00888,84.54425,86.3952
2022-01-16 12:12:31.503657,84.26632,84.33875,86.3952
2022-01-16 12:12:32.001860,84.26632,84.59625,85.92395
2022-01-16 12:12:32.507537,83.9569,84.28675,85.92395
2022-01-16 12:12:33.005148,84.78245,85.16325,85.17843
2022-01-16 12:12:33.510666,83.7502,84.132,85.17843
2022-01-16 12:12:34.010341,84.21434,84.4935,86.27739
2022-01-16 12:12:34.504546,83.49276,84.08,86.27739
2022-01-16 12:12:35.002080,84.67848,84.95775,85.84572
2022-01-16 12:12:35.506517,84.26632,84.4935,85.84572
2022-01-16 12:12:36.004224,84.00888,84.4415,86.12093
2022-01-16 12:12:36.510735,84.36905,84.699,86.12093
2022-01-16 12:12:37.009641,84.00888,84.28675,85.64968
2022-01-16 12:12:37.506571,84.62773,84.85375,85.64968
2022-01-16 12:12:38.005011,83.44078,84.02925,86.23875
2022-01-16 12:12:38.501427,84.21434,84.4415,86.23875
2022-01-16 12:12:39.011079,84.31831,84.59625,85.72791
2022-01-16 12:12:39.505594,84.36905,84.803,85.72791
2022-01-16 12:12:40.003271,84.26632,84.751,86.23875
2022-01-16 12:12:40.507976,84.11161,84.54425,86.23875
2022-01-16 12:12:41.004582,84.1636,84.4415,85.6101
2022-01-16 12:12:41.509947,84.11161,84.59625,85.6101
2022-01-16 12:12:42.008216,84.62773,84.64825,85.64968
2022-01-16 12:12:42.503757,83.80219,84.132,85.64968
2022-01-16 12:12:43.001183,84.42104,84.85375,86.12093
2022-01-16 12:12:43.506963,84.11161,84.28675,86.12093
2022-01-16 12:12:44.006426,84.1636,84.59625,86.12093
2022-01-16 12:12:44.501399,84.42104,84.64825,86.12093
2022-01-16 12:12:45.010630,83.9569,84.59625,85.80614
2022-01-16 12:12:45.505510,84.47302,84.59625,85.80614
2022-01-16 12:12:46.003476,84.1636,84.4935,85.33489
2022-01-16 12:12:46.509033,84.47302,84.699,85.33489
2022-01-16 12:12:47.008996,84.26632,84.64825,85.92395
2022-01-16 12:12:47.506299,83.85417,84.28675,85.92395
2022-01-16 12:12:48.004092,84.36905,84.4935,85.96354
2022-01-16 12:12:48.508844,84.05963,84.64825,85.96354
2022-01-16 12:12:49.006602,84.1636,84.3895,85.6101
2022-01-16 12:12:49.511198,84.21434,84.699,85.6101
2022-01-16 12:12:50.009071,84.05963,84.132,85.84572
2022-01-16 12:12:50.504787,84.36905,84.64825,85.84572
2022-01-16 12:12:51.002416,84.11161,84.59625,86.3952
2022-01-16 12:12:51.508575,84.00888,84.3895,86.3952
2022-01-16 12:12:52.007004,83.7502,84.08,85.72791
2022-01-16 12:12:52.511127,84.1636,84.4935,85.72791
2022-01-16 12:12:53.011037,84.00888,84.64825,86.90604
2022-01-16 12:12:53.509198,84.31831,84.59625,86.90604
2022-01-16 12:12:54.007793,84.47302,84.64825,85.4527
2022-01-16 12:12:54.502371,84.05963,84.33875,85.4527
2022-01-16 12:12:55.010442,84.36905,84.90575,85.06062
2022-01-16 12:12:55.508451,84.05963,84.54425,85.06062
2022-01-16 12:12:56.006017,84.05963,84.33875,85.84572
2022-01-16 12:12:56.501462,83.85417,84.4415,85.84572
2022-01-16 12:12:57.011188,84.36905,84.33875,85.80614
2022-01-16 12:12:57.505872,85.03989,85.1125,85.80614
2022-01-16 12:12:58.003388,83.9569,84.28675,85.49229
2022-01-16 12:12:58.508216,84.1636,84.54425,85.49229
2022-01-16 12:12:59.005206,83.9569,84.3895,85.80614
2022-01-16 12:12:59.511112,84.31831,84.59625,85.80614
2022-01-16 12:13:00.002305,83.59549,84.28675,86.35656
2022-01-16 12:13:00.506242,84.26632,84.64825,86.35656
2022-01-16 12:13:01.004166,84.26632,84.4415,85.37447
2022-01-16 12:13:01.509801,84.52377,84.699,85.37447
2022-01-16 12:13:02.007265,84.47302,84.751,86.23875
2022-01-16 12:13:02.502357,84.00888,84.33875,86.23875
2022-01-16 12:13:03.001344,84.1636,84.4415,85.64968
2022-01-16 12:13:03.506916,83.69946,84.4415,85.64968
2022-01-16 12:13:04.005280,84.31831,84.59625,85.88531
2022-01-16 12:13:04.510476,84.11161,84.4935,85.88531
2022-01-16 12:13:05.008677,84.21434,84.33875,85.7675
2022-01-16 12:13:05.501679,84.26632,84.54425,85.7675
2022-01-16 12:13:06.010503,84.47302,85.0085,85.92395
2022-01-16 12:13:06.507637,84.1636,84.28675,85.92395
2022-01-16 12:13:07.005535,83.7502,84.184,85.7675
2022-01-16 12:13:07.501859,84.31831,84.751,85.7675
2022-01-16 12:13:08.002671,83.90492,84.33875,85.37447
2022-01-16 12:13:08.510293,84.47302,84.64825,85.37447
2022-01-16 12:13:09.008728,84.05963,84.23475,86.15958
2022-01-16 12:13:09.502455,83.85417,84.54425,86.15958
2022-01-16 12:13:10.010233,84.47302,84.803,85.64968
2022-01-16 12:13:10.504078,83.9569,84.33875,85.64968
2022-01-16 12:13:11.003242,84.26632,84.59625,85.49229
2022-01-16 12:13:11.508161,83.90492,84.699,85.49229
2022-01-16 12:13:12.007007,84.05963,84.132,86.51301
2022-01-16 12:13:12.502085,84.52377,84.751,86.51301
2022-01-16 12:13:13.001875,84.1636,84.699,86.82781
2022-01-16 12:13:13.507141,83.90492,84.28675,86.82781
2022-01-16 12:13:14.005183,84.26632,84.751,85.57051
2022-01-16 12:13:14.509835,84.00888,84.184,85.57051
2022-01-16 12:13:15.007672,84.1636,84.85375,85.17843
2022-01-16 12:13:15.510715,84.11161,84.3895,85.17843
2022-01-16 12:13:16.007880,84.42104,84.59625,85.7675
2022-01-16 12:13:16.503554,83.69946,83.97725,85.7675
2022-01-16 12:13:17.010288,84.78245,85.318,84.86364
2022-01-16 12:13:17.507399,83.80219,84.132,84.86364
2022-01-16 12:13:18.005714,84.31831,84.4415,86.35656
2022-01-16 12:13:18.501131,83.80219,84.4415,86.35656
2022-01-16 12:13:19.008437,84.36905,84.4415,86.08135
2022-01-16 12:13:19.502898,84.57575,84.699,86.08135
2022-01-16 12:13:20.010057,83.69946,84.184,85.80614
2022-01-16 12:13:20.504975,84.1636,84.54425,85.80614
2022-01-16 12:13:21.002196,84.05963,84.33875,86.04176
2022-01-16 12:13:21.506514,84.11161,84.64825,86.04176
2022-01-16 12:13:22.005489,84.26632,84.90575,85.80614
2022-01-16 12:13:22.501379,84.11161,84.3895,85.80614
2022-01-16 12:13:23.008651,84.1636,84.33875,85.72791
2022-01-16 12:13:23.502431,84.26632,84.59625,85.72791
2022-01-16 12:13:24.009089,84.62773,84.803,85.68833
2022-01-16 12:13:24.503592,83.44078,84.08,85.68833
2022-01-16 12:13:25.001239,84.47302,84.751,85.92395
2022-01-16 12:13:25.505187,83.80219,84.4415,85.92395
2022-01-16 12:13:26.002255,84.62773,85.0085,85.49229
2022-01-16 12:13:26.508898,83.9569,84.33875,85.49229
2022-01-16 12:13:27.006464,84.31831,84.3895,85.68833
2022-01-16 12:13:27.501135,84.26632,84.4935,85.68833
2022-01-16 12:13:28.008644,84.21434,84.803,85.49229
2022-01-16 12:13:28.505055,84.21434,84.28675,85.49229
2022-01-16 12:13:29.003755,83.64747,84.28675,85.64968
2022-01-16 12:13:29.509028,84.26632,84.59625,85.64968
2022-01-16 12:13:30.006036,83.80219,84.4935,86.35656
2022-01-16 12:13:30.510350,84.88517,85.26725,86.35656
2022-01-16 12:13:31.008613,83.9569,84.02925,86.3952
2022-01-16 12:13:31.503636,84.05963,84.3895,86.3952
2022-01-16 12:13:32.003300,83.9569,84.23475,85.7675
2022-01-16 12:13:32.507486,83.44078,83.8225,85.7675
2022-01-16 12:13:33.004431,84.62773,84.751,213.16145
2022-01-16 12:13:33.510473,83.02862,83.66775,213.16145
2022-01-16 12:13:34.008124,84.31831,84.4415,237.54864
2022-01-16 12:13:34.503068,84.67848,84.699,237.54864
2022-01-16 12:13:35.010998,83.80219,84.132,189.59895
2022-01-16 12:13:35.504998,84.26632,84.4415,189.59895
2022-01-16 12:13:36.004765,83.49276,83.92525,123.38833
2022-01-16 12:13:36.511032,83.9569,84.184,123.38833
2022-01-16 12:13:37.008724,84.00888,84.64825,90.59781
2022-01-16 12:13:37.504696,84.31831,84.23475,90.59781
2022-01-16 12:13:38.002754,83.69946,83.97725,99.31593
2022-01-16 12:13:38.507463,84.73046,84.90575,99.31593
2022-01-16 12:13:39.004847,83.9569,84.08,89.49791
2022-01-16 12:13:39.501829,84.47302,84.95775,89.49791
2022-01-16 12:13:40.010278,84.05963,84.3895,86.63083
2022-01-16 12:13:40.505948,83.80219,84.4935,86.63083
2022-01-16 12:13:41.004663,84.1636,84.4415,86.23875
2022-01-16 12:13:41.509235,84.42104,84.803,86.23875
2022-01-16 12:13:42.007121,84.1636,84.54425,86.15958
2022-01-16 12:13:42.501144,84.42104,84.64825,86.15958
2022-01-16 12:13:43.008956,83.7502,84.33875,86.00312
2022-01-16 12:13:43.504181,84.57575,84.803,86.00312
2022-01-16 12:13:44.001906,83.90492,84.59625,86.90604
2022-01-16 12:13:44.507817,84.1636,84.4935,86.90604
2022-01-16 12:13:45.006873,83.90492,84.3895,86.35656
2022-01-16 12:13:45.503134,84.31831,84.54425,86.35656
2022-01-16 12:13:46.011011,84.52377,84.85375,85.92395
2022-01-16 12:13:46.505524,84.11161,84.64825,85.92395
2022-01-16 12:13:47.002338,84.1636,84.54425,86.00312
2022-01-16 12:13:47.507430,84.00888,84.54425,86.00312
2022-01-16 12:13:48.005693,84.36905,84.751,85.09926
2022-01-16 12:13:48.510971,84.1636,84.699,85.09926
2022-01-16 12:13:49.008877,84.00888,84.33875,86.15958
2022-01-16 12:13:49.502154,84.05963,84.132,86.15958
2022-01-16 12:13:50.001653,84.36905,84.699,85.64968
2022-01-16 12:13:50.507450,84.42104,84.85375,85.64968
2022-01-16 12:13:51.005519,84.05963,84.699,85.64968
2022-01-16 12:13:51.510910,83.7502,84.28675,85.64968
2022-01-16 12:13:52.008986,84.11161,84.699,85.64968
2022-01-16 12:13:52.503618,84.42104,84.699,85.64968
2022-01-16 12:13:53.001209,84.21434,84.28675,86.67041
2022-01-16 12:13:53.505696,83.90492,84.4415,86.67041
2022-01-16 12:13:54.004579,83.9569,84.28675,85.64968
2022-01-16 12:13:55.005156,84.57575,85.0085,86.23875
2022-01-16 12:13:55.510646,83.54475,84.23475,86.23875
2022-01-16 12:13:56.007269,84.62773,85.0085,86.23875
2022-01-16 12:13:56.501875,84.00888,84.02925,86.23875
2022-01-16 12:13:57.009935,84.47302,84.85375,86.71
2022-01-16 12:13:57.505099,84.21434,84.4415,86.71
2022-01-16 12:13:58.002135,84.05963,84.59625,86.04176
2022-01-16 12:13:58.507787,84.05963,84.184,86.04176
2022-01-16 12:13:59.004891,84.42104,85.0085,85.68833
2022-01-16 12:13:59.502187,84.05963,84.33875,85.68833
2022-01-16 12:14:00.008693,84.26632,84.64825,85.4527
2022-01-16 12:14:00.510805,84.26632,84.4935,85.4527
2022-01-16 12:14:01.008057,83.90492,84.184,86.12093
2022-01-16 12:14:01.502938,84.67848,85.21525,86.12093
2022-01-16 12:14:02.010861,84.1636,84.23475,85.49229
2022-01-16 12:14:02.506159,83.90492,84.3895,85.49229
2022-01-16 12:14:03.003984,84.42104,84.59625,86.47437
2022-01-16 12:14:03.509408,84.00888,84.54425,86.47437
2022-01-16 12:14:04.007899,84.67848,84.803,85.80614
2022-01-16 12:14:04.502719,84.1636,84.23475,85.80614
2022-01-16 12:14:05.002136,84.05963,84.699,86.90604
2022-01-16 12:14:05.506614,84.26632,84.54425,86.90604
2022-01-16 12:14:06.004389,84.31831,84.699,86.15958
2022-01-16 12:14:06.508995,83.90492,84.33875,86.15958
2022-01-16 12:14:07.006137,84.1636,84.751,86.00312
2022-01-16 12:14:07.503033,83.90492,84.08,86.00312
2022-01-16 12:14:08.002352,84.62773,84.803,85.21708
2022-01-16 12:14:08.508993,84.36905,84.85375,85.21708
2022-01-16 12:14:09.007796,83.69946,84.02925,85.80614
2022-01-16 12:14:09.502019,84.1636,84.64825,85.80614
2022-01-16 12:14:10.010021,83.9569,84.28675,85.09926
2022-01-16 12:14:10.504922,84.11161,84.64825,85.09926
2022-01-16 12:14:11.002586,84.1636,84.64825,85.84572
2022-01-16 12:14:11.508384,84.36905,84.4415,85.84572
2022-01-16 12:14:12.006716,84.00888,84.4415,85.68833
2022-01-16 12:14:12.504762,84.67848,84.95775,85.68833
2022-01-16 12:14:13.002927,84.11161,84.59625,85.64968
2022-01-16 12:14:13.507380,83.7502,84.132,85.64968
2022-01-16 12:14:14.005635,83.9569,84.59625,85.96354
2022-01-16 12:14:14.511173,84.21434,84.4935,85.96354
2022-01-16 12:14:15.009210,84.36905,84.33875,86.43479
2022-01-16 12:14:15.504427,84.21434,84.90575,86.43479
2022-01-16 12:14:16.002506,83.9569,84.3895,85.4527
2022-01-16 12:14:16.506800,84.67848,85.0085,85.4527
2022-01-16 12:14:17.007128,84.1636,84.4415,86.78822
2022-01-16 12:14:17.502260,83.90492,84.54425,86.78822
2022-01-16 12:14:18.010593,84.42104,84.54425,85.92395
2022-01-16 12:14:18.506609,84.11161,84.33875,85.92395
2022-01-16 12:14:19.005087,84.42104,84.751,85.53187
2022-01-16 12:14:19.508994,84.31831,84.54425,85.53187
2022-01-16 12:14:20.007781,84.00888,84.803,85.37447
2022-01-16 12:14:20.503197,84.26632,84.54425,85.37447
2022-01-16 12:14:21.001013,83.90492,84.54425,86.67041
2022-01-16 12:14:21.508133,84.36905,84.803,86.67041
2022-01-16 12:14:22.005592,84.11161,84.54425,85.57051
2022-01-16 12:14:22.509648,84.36905,84.64825,85.57051
2022-01-16 12:14:23.008094,84.00888,84.28675,86.08135
2022-01-16 12:14:23.503697,84.42104,84.95775,86.08135
2022-01-16 12:14:24.001374,83.9569,84.4415,86.19916
2022-01-16 12:14:24.505784,83.85417,84.3895,86.19916
2022-01-16 12:14:25.004085,84.26632,84.4935,85.92395
2022-01-16 12:14:25.509088,84.00888,84.59625,85.92395
2022-01-16 12:14:26.008667,84.26632,84.699,86.15958
2022-01-16 12:14:26.504671,84.36905,84.3895,86.15958
2022-01-16 12:14:27.002492,84.05963,84.59625,85.53187
2022-01-16 12:14:27.505867,84.26632,84.59625,85.53187
2022-01-16 12:14:28.004280,84.21434,84.85375,85.57051
2022-01-16 12:14:28.509197,84.11161,84.3895,85.57051
2022-01-16 12:14:29.007670,84.05963,84.4415,85.88531
2022-01-16 12:14:29.502409,84.11161,84.3895,85.88531
2022-01-16 12:14:30.001517,84.42104,84.699,85.72791
2022-01-16 12:14:30.508625,83.90492,84.3895,85.72791
2022-01-16 12:14:31.005559,84.42104,84.751,86.12093
2022-01-16 12:14:31.501194,84.1636,84.59625,86.12093
2022-01-16 12:14:32.010960,83.9569,84.59625,85.84572
2022-01-16 12:14:32.505024,83.80219,84.184,85.84572
2022-01-16 12:14:33.004357,84.52377,84.64825,86.5526
2022-01-16 12:14:33.508925,84.26632,84.4935,86.5526
2022-01-16 12:14:34.006392,84.00888,84.64825,86.15958
2022-01-16 12:14:34.510971,84.42104,84.699,86.15958
2022-01-16 12:14:35.009572,83.69946,84.33875,85.72791
2022-01-16 12:14:35.503672,84.31831,84.699,85.72791
2022-01-16 12:14:36.001734,83.80219,84.3895,85.57051
2022-01-16 12:14:36.505895,84.05963,84.59625,85.57051
2022-01-16 12:14:37.004460,84.52377,84.64825,85.80614
2022-01-16 12:14:37.509122,84.05963,84.54425,85.80614
2022-01-16 12:14:38.005460,84.26632,84.59625,85.25666
2022-01-16 12:14:38.511007,83.9569,84.4415,85.25666
2022-01-16 12:14:39.009717,84.21434,84.64825,85.92395
2022-01-16 12:14:39.507037,83.9569,84.3895,85.92395
2022-01-16 12:14:40.005126,84.11161,84.54425,85.6101
2022-01-16 12:14:40.510907,83.9569,84.28675,85.6101
2022-01-16 12:14:41.010173,84.47302,84.90575,85.64968
2022-01-16 12:14:41.505892,84.1636,84.28675,85.64968
2022-01-16 12:14:42.004447,84.21434,84.751,85.7675
2022-01-16 12:14:42.510403,84.21434,84.3895,85.7675
2022-01-16 12:14:43.009328,83.80219,84.23475,86.27739
2022-01-16 12:14:43.504848,84.83319,85.1125,86.27739
2022-01-16 12:14:44.002589,83.59549,84.02925,85.29625
2022-01-16 12:14:44.507279,84.57575,84.90575,85.29625
2022-01-16 12:14:45.005859,83.9569,84.02925,86.19916
2022-01-16 12:14:45.511075,84.42104,84.803,86.19916
2022-01-16 12:14:46.010134,84.31831,84.699,85.96354
2022-01-16 12:14:46.505580,83.85417,84.28675,85.96354
2022-01-16 12:14:47.004563,84.00888,84.4415,85.57051
2022-01-16 12:14:47.509977,83.85417,84.3895,85.57051
2022-01-16 12:14:48.008703,84.93716,85.318,85.53187
2022-01-16 12:14:48.503341,84.1636,84.4415,85.53187
2022-01-16 12:14:49.002413,84.00888,84.4935,86.3952
2022-01-16 12:14:49.508433,84.26632,84.59625,86.3952
2022-01-16 12:14:50.006268,84.1636,84.59625,85.41406
2022-01-16 12:14:50.510279,84.42104,84.85375,85.41406
2022-01-16 12:14:51.007519,83.28607,84.08,85.96354
2022-01-16 12:14:51.503011,84.31831,84.751,85.96354
2022-01-16 12:14:52.001408,84.42104,84.4935,85.6101
2022-01-16 12:14:52.508992,84.26632,84.699,85.6101
2022-01-16 12:14:53.005880,84.1636,84.4935,85.64968
2022-01-16 12:14:53.510416,84.1636,84.3895,85.64968
2022-01-16 12:14:54.010422,84.21434,84.59625,85.6101
2022-01-16 12:14:54.506212,84.05963,84.699,85.6101
2022-01-16 12:14:55.004759,84.05963,84.4935,86.04176
2022-01-16 12:14:55.510340,84.05963,84.23475,86.04176
2022-01-16 12:14:56.009197,84.31831,84.59625,85.49229
2022-01-16 12:14:56.503413,84.1636,84.54425,85.49229
2022-01-16 12:14:57.011241,84.05963,84.54425,85.72791
2022-01-16 12:14:57.508018,84.42104,84.699,85.72791
2022-01-16 12:14:58.007558,83.85417,84.3895,85.13885
2022-01-16 12:14:58.502046,84.1636,84.54425,85.13885
2022-01-16 12:14:59.010156,84.31831,84.699,85.84572
2022-01-16 12:14:59.506620,84.11161,84.3895,85.84572
2022-01-16 12:15:00.005630,84.31831,84.4415,85.80614
2022-01-16 12:15:00.507718,84.05963,84.54425,85.80614
2022-01-16 12:15:01.006628,84.31831,84.751,86.43479
2022-01-16 12:15:01.510417,84.1636,84.54425,86.43479
2022-01-16 12:15:02.008008,84.73046,85.1125,86.51301
2022-01-16 12:15:02.502752,83.69946,84.132,86.51301
2022-01-16 12:15:03.001936,84.47302,84.90575,85.96354
2022-01-16 12:15:03.506819,84.21434,84.4415,85.96354
2022-01-16 12:15:04.005191,84.36905,84.85375,86.12093
2022-01-16 12:15:04.508673,83.80219,84.23475,86.12093
2022-01-16 12:15:05.005485,83.9569,84.28675,86.00312
2022-01-16 12:15:05.502399,84.57575,84.95775,86.00312
2022-01-16 12:15:06.001701,83.80219,84.184,85.80614
2022-01-16 12:15:06.506966,84.52377,84.95775,85.80614
2022-01-16 12:15:07.004376,84.21434,84.23475,85.88531
2022-01-16 12:15:07.509024,84.05963,84.54425,85.88531
2022-01-16 12:15:08.006402,84.36905,84.699,86.04176
2022-01-16 12:15:08.511038,84.11161,84.59625,86.04176
2022-01-16 12:15:09.008976,84.47302,85.0085,86.19916
2022-01-16 12:15:09.505059,83.39003,83.8225,86.19916
2022-01-16 12:15:10.003888,84.67848,84.95775,85.84572
2022-01-16 12:15:10.509170,84.00888,84.02925,85.84572
2022-01-16 12:15:11.008296,84.36905,84.90575,86.00312
2022-01-16 12:15:11.503745,83.90492,84.23475,86.00312
2022-01-16 12:15:12.002038,84.21434,84.751,84.94281
2022-01-16 12:15:12.506195,84.62773,84.90575,84.94281
2022-01-16 12:15:13.004931,83.7502,84.4415,86.04176
2022-01-16 12:15:13.508620,84.26632,84.4935,86.04176
2022-01-16 12:15:14.006597,84.26632,84.3895,85.29625
2022-01-16 12:15:14.502565,84.62773,84.95775,85.29625
2022-01-16 12:15:15.001905,84.11161,84.4415,86.08135
2022-01-16 12:15:15.506661,83.85417,84.4935,86.08135
2022-01-16 12:15:16.004942,83.9569,84.3895,85.09926
2022-01-16 12:15:16.510318,84.11161,84.64825,85.09926
2022-01-16 12:15:17.009324,84.47302,85.0605,86.3952
2022-01-16 12:15:17.504180,84.1636,84.28675,86.3952
2022-01-16 12:15:18.002921,84.1636,84.4415,85.25666
2022-01-16 12:15:18.506413,84.1636,84.4415,85.25666
2022-01-16 12:15:19.005024,84.1636,84.54425,85.88531
2022-01-16 12:15:19.501243,84.05963,84.33875,85.88531
2022-01-16 12:15:20.011186,83.80219,84.3895,85.68833
2022-01-16 12:15:20.507694,83.9569,84.33875,85.68833
2022-01-16 12:15:21.004797,84.11161,84.751,86.23875
2022-01-16 12:15:21.509019,84.1636,84.54425,86.23875
2022-01-16 12:15:22.005295,84.31831,84.4935,85.84572
2022-01-16 12:15:22.509351,84.11161,84.4935,85.84572
2022-01-16 12:15:23.006801,84.05963,84.54425,85.96354
2022-01-16 12:15:23.502916,84.11161,84.64825,85.96354
2022-01-16 12:15:24.010558,84.26632,84.803,85.4527
2022-01-16 12:15:24.505143,83.69946,84.08,85.4527
2022-01-16 12:15:25.002527,84.36905,84.751,86.15958
2022-01-16 12:15:25.508510,84.52377,84.803,86.15958
2022-01-16 12:15:26.004310,83.90492,84.28675,85.41406
2022-01-16 12:15:26.510470,84.31831,84.59625,85.41406
2022-01-16 12:15:27.008626,83.90492,84.23475,86.35656
2022-01-16 12:15:27.503880,84.26632,84.64825,86.35656
2022-01-16 12:15:28.002402,83.59549,84.28675,86.27739
2022-01-16 12:15:28.507575,84.52377,84.751,86.27739
2022-01-16 12:15:29.005183,84.21434,84.3895,87.14166
2022-01-16 12:15:29.501312,84.47302,84.90575,87.14166
2022-01-16 12:15:30.010196,84.31831,84.59625,87.21989
2022-01-16 12:15:30.504738,83.85417,84.08,87.21989
2022-01-16 12:15:31.001893,84.57575,84.95775,86.15958
2022-01-16 12:15:31.509054,83.64747,84.28675,86.15958
2022-01-16 12:15:32.006784,84.26632,84.59625,85.53187
2022-01-16 12:15:32.501826,84.1636,84.3895,85.53187
2022-01-16 12:15:33.010476,84.47302,84.54425,85.88531
2022-01-16 12:15:33.505132,84.26632,84.4415,85.88531
2022-01-16 12:15:34.002522,84.05963,84.28675,85.09926
2022-01-16 12:15:34.509301,84.47302,84.90575,85.09926
2022-01-16 12:15:35.008366,83.85417,84.33875,85.57051
2022-01-16 12:15:35.502215,84.11161,84.33875,85.57051
2022-01-16 12:15:36.004667,83.85417,84.33875,86.04176
2022-01-16 12:15:37.004995,84.42104,84.64825,85.37447
2022-01-16 12:15:37.501277,84.21434,84.54425,85.37447
2022-01-16 12:15:38.009625,84.00888,84.3895,85.92395
2022-01-16 12:15:38.503847,83.90492,84.4415,85.92395
2022-01-16 12:15:39.002185,84.62773,84.90575,86.08135
2022-01-16 12:15:39.506832,84.11161,84.3895,86.08135
2022-01-16 12:15:40.005734,84.1636,84.33875,85.02104
2022-01-16 12:15:40.501485,84.26632,84.59625,85.02104
2022-01-16 12:15:41.010878,84.11161,84.4935,86.31697
2022-01-16 12:15:41.508101,84.11161,84.54425,86.31697
2022-01-16 12:15:42.005632,84.1636,84.54425,85.88531
2022-01-16 12:15:42.510893,84.05963,84.4935,85.88531
2022-01-16 12:15:43.008359,84.11161,84.54425,85.72791
2022-01-16 12:15:43.503733,84.36905,84.4935,85.72791
2022-01-16 12:15:44.002503,84.47302,84.59625,85.41406
2022-01-16 12:15:44.507331,83.7502,84.132,85.41406
2022-01-16 12:15:45.006037,84.31831,84.95775,85.64968
2022-01-16 12:15:45.511025,84.11161,84.4935,85.64968
2022-01-16 12:15:46.010252,84.36905,84.59625,85.7675
2022-01-16 12:15:46.505996,83.7502,84.08,85.7675
2022-01-16 12:15:47.003436,84.26632,84.54425,86.43479
2022-01-16 12:15:47.507605,84.36905,84.54425,86.43479
2022-01-16 12:15:48.005806,84.05963,84.3895,85.41406
2022-01-16 12:15:48.510785,84.05963,84.4415,85.41406
2022-01-16 12:15:49.009074,83.69946,84.08,86.31697
2022-01-16 12:15:49.503556,84.47302,84.90575,86.31697
2022-01-16 12:15:50.001512,83.85417,84.4415,87.21989
2022-01-16 12:15:50.507537,84.11161,84.23475,87.21989
