時間,回転１,回転２,回転３
2022-01-25 14:00:00.004866,84.31831,84.699,85.57051
2022-01-25 14:00:00.511033,83.90492,83.97725,85.21708
2022-01-25 14:00:01.009491,84.42104,84.803,85.21708
2022-01-25 14:00:01.505210,84.42104,84.751,85.49229
2022-01-25 14:00:02.002315,83.90492,84.33875,85.49229
2022-01-25 14:00:02.508484,84.52377,84.751,85.88531
2022-01-25 14:00:03.006637,83.9569,84.28675,85.88531
2022-01-25 14:00:03.501132,84.52377,84.803,85.6101
2022-01-25 14:00:04.010654,83.85417,84.23475,85.6101
2022-01-25 14:00:04.508505,84.11161,84.4415,84.98145
2022-01-25 14:00:05.009065,84.31831,84.59625,84.98145
2022-01-25 14:00:05.502692,84.26632,84.90575,86.23875
2022-01-25 14:00:06.001793,84.36905,84.64825,86.23875
2022-01-25 14:00:06.507718,84.05963,84.4415,85.41406
2022-01-25 14:00:07.005817,84.11161,84.4415,85.41406
2022-01-25 14:00:07.501505,84.1636,84.4415,85.64968
2022-01-25 14:00:08.006069,84.26632,84.4415,85.64968
2022-01-25 14:00:08.506880,84.05963,84.33875,85.17843
2022-01-25 14:00:09.005520,83.90492,84.184,85.17843
2022-01-25 14:00:09.501342,84.36905,84.699,85.25666
2022-01-25 14:00:10.010382,84.00888,84.23475,85.25666
2022-01-25 14:00:10.506322,84.52377,85.1125,86.78822
2022-01-25 14:00:11.003323,83.7502,84.08,86.78822
2022-01-25 14:00:11.507996,84.42104,84.699,85.57051
2022-01-25 14:00:12.006644,84.36905,84.54425,85.57051
2022-01-25 14:00:12.505710,83.90492,84.132,85.53187
2022-01-25 14:00:13.004353,84.36905,84.699,85.53187
2022-01-25 14:00:13.502379,83.59549,84.08,85.21708
2022-01-25 14:00:14.001648,84.62773,84.90575,85.21708
2022-01-25 14:00:14.507063,83.59549,84.33875,85.7675
2022-01-25 14:00:15.004757,84.42104,84.699,85.7675
2022-01-25 14:00:15.503336,84.42104,84.33875,85.33489
2022-01-25 14:00:16.002877,84.00888,84.4935,85.33489
2022-01-25 14:00:16.501192,84.11161,84.184,85.88531
2022-01-25 14:00:17.011122,83.44078,83.7705,85.88531
2022-01-25 14:00:17.506980,84.88517,85.26725,231.65801
2022-01-25 14:00:18.006267,82.97664,83.66775,231.65801
2022-01-25 14:00:18.502665,84.62773,84.803,217.16708
2022-01-25 14:00:19.011202,83.9569,83.97725,217.16708
2022-01-25 14:00:19.506833,84.31831,84.4415,176.44354
2022-01-25 14:00:20.006581,84.57575,84.751,176.44354
2022-01-25 14:00:20.502156,83.23532,83.565,118.63718
2022-01-25 14:00:21.001816,84.73046,85.0085,118.63718
2022-01-25 14:00:21.509060,83.33805,84.02925,92.48281
2022-01-25 14:00:22.007317,84.78245,85.16325,92.48281
2022-01-25 14:00:22.503285,83.18334,83.41025,90.79385
2022-01-25 14:00:23.002445,84.47302,84.751,90.79385
2022-01-25 14:00:23.501225,84.31831,84.3895,89.06625
2022-01-25 14:00:24.010582,84.31831,84.751,89.06625
2022-01-25 14:00:24.506325,84.00888,84.54425,86.31697
2022-01-25 14:00:25.003944,83.54475,84.08,86.31697
2022-01-25 14:00:25.506814,84.62773,85.0605,86.19916
2022-01-25 14:00:26.007440,83.85417,84.132,86.19916
2022-01-25 14:00:26.503358,84.52377,84.803,86.08135
2022-01-25 14:00:27.002844,84.05963,84.33875,86.08135
2022-01-25 14:00:27.509565,84.1636,84.3895,86.74864
2022-01-25 14:00:28.010525,84.57575,84.95775,86.74864
2022-01-25 14:00:28.504351,84.11161,84.803,86.63083
2022-01-25 14:00:29.004538,83.85417,84.28675,86.63083
2022-01-25 14:00:29.502345,84.11161,84.59625,86.86645
2022-01-25 14:00:30.001043,84.11161,84.28675,86.86645
2022-01-25 14:00:30.506517,84.67848,84.751,86.15958
2022-01-25 14:00:31.004313,84.00888,84.4415,86.15958
2022-01-25 14:00:31.510308,84.05963,84.4415,85.53187
2022-01-25 14:00:32.009866,84.36905,84.803,85.53187
2022-01-25 14:00:32.505434,84.36905,84.85375,85.68833
2022-01-25 14:00:33.004514,83.80219,84.23475,85.68833
2022-01-25 14:00:33.509375,84.05963,84.28675,86.00312
2022-01-25 14:00:34.007659,84.47302,84.699,86.00312
2022-01-25 14:00:34.505551,84.11161,84.33875,85.53187
2022-01-25 14:00:35.002398,84.42104,84.90575,85.53187
2022-01-25 14:00:35.508282,83.9569,84.4935,86.00312
2022-01-25 14:00:36.007700,84.36905,84.751,86.00312
2022-01-25 14:00:36.503026,84.1636,84.699,86.08135
2022-01-25 14:00:37.003114,84.1636,84.3895,86.08135
2022-01-25 14:00:37.510320,84.05963,84.3895,85.6101
2022-01-25 14:00:38.008428,84.21434,84.4415,85.6101
2022-01-25 14:00:38.506566,84.21434,84.54425,85.7675
2022-01-25 14:00:39.005135,83.85417,84.23475,85.7675
2022-01-25 14:00:39.510450,84.62773,84.90575,85.49229
2022-01-25 14:00:40.011216,83.80219,84.28675,85.49229
2022-01-25 14:00:40.506108,84.62773,84.803,86.15958
2022-01-25 14:00:41.003757,83.90492,84.02925,86.15958
2022-01-25 14:00:41.510437,84.62773,84.85375,85.92395
2022-01-25 14:00:42.007701,84.11161,84.4935,85.92395
2022-01-25 14:00:42.505148,84.21434,84.64825,85.53187
2022-01-25 14:00:43.004694,84.1636,84.4415,85.53187
2022-01-25 14:00:43.501510,83.9569,84.132,85.80614
2022-01-25 14:00:44.011116,84.42104,84.803,85.80614
2022-01-25 14:00:44.506418,84.00888,84.4415,85.92395
2022-01-25 14:00:45.004194,84.36905,84.4415,85.92395
2022-01-25 14:00:45.501270,83.9569,84.23475,85.4527
2022-01-25 14:00:46.010808,84.36905,84.85375,85.4527
2022-01-25 14:00:46.506736,84.57575,85.0085,85.29625
2022-01-25 14:00:47.004716,83.85417,84.28675,85.29625
2022-01-25 14:00:47.503077,84.36905,84.751,85.88531
2022-01-25 14:00:48.001847,83.49276,83.97725,85.88531
2022-01-25 14:00:48.507423,84.88517,84.90575,84.90322
2022-01-25 14:00:49.005740,84.11161,84.28675,84.90322
2022-01-25 14:00:49.501704,83.9569,84.3895,85.88531
2022-01-25 14:00:50.010762,83.9569,84.33875,85.88531
2022-01-25 14:00:50.506157,84.21434,84.699,85.25666
2022-01-25 14:00:51.003174,84.21434,84.54425,85.25666
2022-01-25 14:00:51.501654,83.9569,84.699,85.64968
2022-01-25 14:00:52.002454,84.1636,84.28675,85.64968
2022-01-25 14:00:52.507689,84.78245,84.803,85.72791
2022-01-25 14:00:53.007182,84.31831,84.59625,85.72791
2022-01-25 14:00:53.502594,83.7502,84.132,85.88531
2022-01-25 14:00:54.010486,84.36905,84.699,85.88531
2022-01-25 14:00:54.505637,84.21434,84.33875,85.09926
2022-01-25 14:00:55.003643,84.26632,84.803,85.09926
2022-01-25 14:00:55.508088,83.85417,84.08,86.27739
2022-01-25 14:00:56.007844,84.26632,84.4415,86.27739
2022-01-25 14:00:56.503906,84.67848,84.90575,86.12093
2022-01-25 14:00:57.002029,84.52377,84.803,86.12093
2022-01-25 14:00:57.507262,83.7502,84.132,86.47437
2022-01-25 14:00:58.009706,84.11161,84.3895,86.47437
2022-01-25 14:00:58.505824,84.11161,84.751,85.80614
2022-01-25 14:00:59.003764,84.11161,84.33875,85.80614
2022-01-25 14:00:59.510157,84.52377,84.803,86.15958
2022-01-25 14:01:00.007360,83.80219,84.132,86.15958
2022-01-25 14:01:00.507334,84.52377,84.90575,85.64968
2022-01-25 14:01:01.006383,84.05963,84.54425,85.64968
2022-01-25 14:01:01.501333,84.1636,84.33875,86.12093
2022-01-25 14:01:02.010249,83.9569,84.59625,86.12093
2022-01-25 14:01:02.506546,84.00888,84.4415,85.53187
2022-01-25 14:01:03.004419,84.1636,84.59625,85.53187
2022-01-25 14:01:03.510210,84.21434,84.28675,85.68833
2022-01-25 14:01:04.008502,84.42104,84.699,85.68833
2022-01-25 14:01:04.503361,83.90492,84.3895,85.88531
2022-01-25 14:01:05.002917,84.57575,84.95775,85.88531
2022-01-25 14:01:05.510862,83.64747,83.97725,85.64968
2022-01-25 14:01:06.009911,84.67848,85.0085,85.64968
2022-01-25 14:01:06.505521,83.69946,84.132,86.43479
2022-01-25 14:01:07.005527,84.21434,84.23475,86.43479
2022-01-25 14:01:07.510244,84.73046,85.0085,85.09926
2022-01-25 14:01:08.007770,83.85417,84.08,85.09926
2022-01-25 14:01:08.504254,84.62773,84.95775,86.5526
2022-01-25 14:01:09.001442,83.90492,84.3895,86.5526
2022-01-25 14:01:09.507542,84.36905,84.803,85.33489
2022-01-25 14:01:10.005647,83.69946,84.184,85.33489
2022-01-25 14:01:10.502243,84.21434,84.4935,85.21708
2022-01-25 14:01:11.006797,84.36905,84.59625,85.21708
2022-01-25 14:01:11.502686,84.1636,84.751,85.72791
2022-01-25 14:01:12.001384,84.26632,84.64825,85.72791
2022-01-25 14:01:12.507599,84.00888,84.3895,85.64968
2022-01-25 14:01:13.006770,84.31831,84.54425,85.64968
2022-01-25 14:01:13.501395,83.90492,84.54425,86.35656
2022-01-25 14:01:14.009718,84.1636,84.28675,86.35656
2022-01-25 14:01:14.506083,84.42104,84.751,85.64968
2022-01-25 14:01:15.004481,84.00888,84.33875,85.64968
2022-01-25 14:01:15.509035,84.42104,84.85375,85.96354
2022-01-25 14:01:16.007926,83.90492,84.28675,85.96354
2022-01-25 14:01:16.502385,84.21434,84.4935,85.80614
2022-01-25 14:01:17.001543,84.26632,84.751,85.80614
2022-01-25 14:01:17.508773,84.31831,84.3895,86.08135
2022-01-25 14:01:18.007052,83.85417,84.132,86.08135
2022-01-25 14:01:18.505520,84.36905,84.4415,85.4527
2022-01-25 14:01:19.003950,84.36905,84.803,85.4527
2022-01-25 14:01:19.510356,83.85417,84.23475,85.53187
2022-01-25 14:01:20.009145,84.26632,84.59625,85.53187
2022-01-25 14:01:20.503965,83.7502,84.28675,85.57051
2022-01-25 14:01:21.002825,84.47302,84.59625,85.57051
2022-01-25 14:01:21.508376,84.36905,84.803,85.64968
2022-01-25 14:01:22.007954,83.7502,83.97725,85.64968
2022-01-25 14:01:22.503305,84.47302,84.803,84.86364
2022-01-25 14:01:23.002443,83.90492,84.23475,84.86364
2022-01-25 14:01:23.508477,84.47302,84.803,85.84572
2022-01-25 14:01:24.002552,84.26632,84.64825,85.84572
2022-01-25 14:01:24.507294,83.90492,84.28675,85.25666
2022-01-25 14:01:25.006193,83.9569,84.4935,85.25666
2022-01-25 14:01:25.502166,84.26632,84.59625,85.37447
2022-01-25 14:01:26.004351,84.57575,84.95775,85.37447
2022-01-25 14:01:26.510936,83.59549,84.08,86.27739
2022-01-25 14:01:27.010259,84.21434,84.4935,86.27739
2022-01-25 14:01:27.508345,83.69946,84.08,85.6101
2022-01-25 14:01:28.009089,84.9879,85.26725,85.6101
2022-01-25 14:01:28.503358,83.28607,83.7705,85.21708
2022-01-25 14:01:29.001878,84.36905,84.54425,85.21708
2022-01-25 14:01:29.509495,84.52377,84.751,85.84572
2022-01-25 14:01:30.009016,84.1636,84.54425,85.84572
2022-01-25 14:01:30.504058,84.62773,85.0605,85.53187
2022-01-25 14:01:31.003896,83.69946,84.184,85.53187
2022-01-25 14:01:31.501903,84.31831,84.54425,85.84572
2022-01-25 14:01:32.010775,84.11161,84.751,85.84572
2022-01-25 14:01:32.507165,84.26632,84.54425,86.15958
2022-01-25 14:01:33.005877,84.1636,84.33875,86.15958
2022-01-25 14:01:33.502289,84.05963,84.33875,85.29625
2022-01-25 14:01:34.011039,84.57575,84.699,85.29625
2022-01-25 14:01:34.506949,83.85417,84.23475,86.04176
2022-01-25 14:01:35.004607,84.57575,84.59625,86.04176
2022-01-25 14:01:35.509652,83.49276,84.23475,85.49229
2022-01-25 14:01:36.008069,84.57575,84.90575,85.49229
2022-01-25 14:01:36.505637,84.05963,84.3895,85.49229
2022-01-25 14:01:37.003910,84.57575,84.90575,85.49229
2022-01-25 14:01:37.507787,84.11161,84.33875,85.92395
2022-01-25 14:01:38.005482,84.36905,84.54425,85.92395
2022-01-25 14:01:38.501860,84.05963,84.33875,85.68833
2022-01-25 14:01:39.010505,84.00888,84.4415,85.68833
2022-01-25 14:01:39.506206,84.21434,84.54425,85.68833
2022-01-25 14:01:40.003558,83.69946,84.33875,85.68833
2022-01-25 14:01:40.510300,84.67848,84.751,85.88531
2022-01-25 14:01:41.010292,83.80219,83.8745,85.88531
2022-01-25 14:01:41.504039,84.52377,85.1125,86.00312
2022-01-25 14:01:42.001959,84.05963,84.23475,86.00312
2022-01-25 14:01:42.511184,83.9569,84.28675,85.41406
2022-01-25 14:01:43.010469,84.1636,84.4935,85.41406
2022-01-25 14:01:43.507218,83.85417,84.59625,85.92395
2022-01-25 14:01:44.005863,84.52377,84.85375,85.92395
2022-01-25 14:01:44.501184,84.36905,84.4415,86.00312
2022-01-25 14:01:45.010390,83.9569,84.4415,86.00312
2022-01-25 14:01:45.506916,84.42104,84.699,85.4527
2022-01-25 14:01:46.006696,84.05963,84.64825,85.4527
2022-01-25 14:01:46.503399,84.26632,84.4935,85.57051
2022-01-25 14:01:47.002723,83.7502,84.3895,85.57051
2022-01-25 14:01:47.502309,84.21434,84.59625,85.29625
2022-01-25 14:01:48.010805,84.67848,84.803,85.29625
2022-01-25 14:01:48.505430,84.21434,84.64825,85.80614
2022-01-25 14:01:49.004815,83.69946,84.08,85.80614
2022-01-25 14:01:49.511034,84.1636,84.4415,85.6101
2022-01-25 14:01:50.009742,84.47302,84.54425,85.6101
2022-01-25 14:01:50.506092,83.9569,84.803,85.53187
2022-01-25 14:01:51.004464,84.1636,84.3895,85.53187
2022-01-25 14:01:51.501997,83.9569,84.184,85.72791
2022-01-25 14:01:52.010290,83.90492,84.132,85.72791
2022-01-25 14:01:52.505822,85.09187,85.37,85.53187
2022-01-25 14:01:53.006988,83.23532,83.66775,85.53187
2022-01-25 14:01:53.503530,84.52377,84.751,86.04176
2022-01-25 14:01:54.002456,83.69946,84.28675,86.04176
2022-01-25 14:01:54.507953,84.52377,84.64825,86.08135
2022-01-25 14:01:55.006668,84.42104,84.64825,86.08135
2022-01-25 14:01:55.504755,83.9569,84.132,85.84572
2022-01-25 14:01:56.003446,84.11161,84.28675,85.84572
2022-01-25 14:01:56.508241,84.36905,84.95775,85.53187
2022-01-25 14:01:57.007485,83.9569,84.28675,85.53187
2022-01-25 14:01:57.502117,84.05963,84.54425,85.68833
2022-01-25 14:01:58.002648,84.1636,84.54425,85.68833
2022-01-25 14:01:58.509906,84.1636,84.64825,85.49229
2022-01-25 14:01:59.007710,84.52377,84.54425,85.49229
2022-01-25 14:01:59.503964,84.11161,84.3895,85.6101
2022-01-25 14:02:00.003374,83.90492,84.54425,85.6101
2022-01-25 14:02:00.507395,84.1636,84.4415,86.00312
2022-01-25 14:02:01.005052,84.1636,84.64825,86.00312
2022-01-25 14:02:01.510304,84.36905,84.803,85.41406
2022-01-25 14:02:02.010463,84.05963,84.3895,85.41406
2022-01-25 14:02:02.507772,84.1636,84.33875,85.57051
2022-01-25 14:02:03.005449,84.21434,84.23475,85.57051
2022-01-25 14:02:03.501729,84.47302,84.751,85.53187
2022-01-25 14:02:04.001295,83.85417,84.132,85.53187
2022-01-25 14:02:04.508060,84.31831,84.90575,86.08135
2022-01-25 14:02:05.006437,84.11161,84.28675,86.08135
2022-01-25 14:02:05.501372,83.90492,84.54425,85.96354
2022-01-25 14:02:06.009752,84.78245,85.0085,85.96354
2022-01-25 14:02:06.506153,84.00888,84.23475,85.21708
2022-01-25 14:02:07.005114,84.36905,84.85375,85.21708
2022-01-25 14:02:07.501816,83.90492,84.184,85.64968
2022-01-25 14:02:08.010252,84.47302,85.0085,85.64968
2022-01-25 14:02:08.507928,83.90492,84.23475,86.27739
2022-01-25 14:02:09.007328,84.1636,84.95775,86.27739
2022-01-25 14:02:09.503484,84.00888,84.28675,85.96354
2022-01-25 14:02:10.003129,84.52377,84.751,85.96354
2022-01-25 14:02:10.508728,84.11161,84.59625,85.92395
2022-01-25 14:02:11.002690,84.1636,84.3895,85.92395
2022-01-25 14:02:11.509164,84.00888,84.4415,85.96354
2022-01-25 14:02:12.007557,83.90492,84.132,85.96354
2022-01-25 14:02:12.502673,83.90492,84.64825,85.64968
2022-01-25 14:02:13.001626,84.42104,84.751,85.64968
2022-01-25 14:02:13.507102,83.85417,84.23475,85.92395
2022-01-25 14:02:14.004624,84.36905,84.4415,85.92395
2022-01-25 14:02:14.510854,84.67848,84.54425,85.92395
2022-01-25 14:02:15.010334,83.90492,84.33875,85.92395
2022-01-25 14:02:15.505746,84.47302,84.59625,85.84572
2022-01-25 14:02:16.004219,83.85417,84.3895,85.84572
2022-01-25 14:02:16.511022,84.05963,84.28675,85.68833
2022-01-25 14:02:17.009478,84.73046,85.16325,85.68833
2022-01-25 14:02:17.507750,83.64747,84.08,86.3952
2022-01-25 14:02:18.006182,84.47302,84.33875,86.3952
2022-01-25 14:02:18.502657,84.00888,84.4415,84.98145
2022-01-25 14:02:19.002748,84.67848,84.90575,84.98145
2022-01-25 14:02:19.508100,83.80219,84.3895,85.64968
2022-01-25 14:02:20.005673,83.85417,84.23475,85.64968
2022-01-25 14:02:20.501323,84.00888,84.59625,85.41406
2022-01-25 14:02:21.010324,84.36905,84.54425,85.41406
2022-01-25 14:02:21.506113,84.52377,84.59625,85.64968
2022-01-25 14:02:22.005991,83.9569,84.4415,85.64968
2022-01-25 14:02:22.501682,84.36905,84.64825,85.7675
2022-01-25 14:02:23.504617,84.52377,84.751,85.84572
2022-01-25 14:02:24.004712,83.69946,84.184,85.84572
2022-01-25 14:02:24.509546,84.1636,84.4935,85.41406
2022-01-25 14:02:25.008174,84.42104,84.4935,85.41406
2022-01-25 14:02:25.503975,84.26632,84.699,85.88531
2022-01-25 14:02:26.003233,84.21434,84.33875,85.88531
2022-01-25 14:02:26.509190,84.00888,84.699,84.98145
2022-01-25 14:02:27.008027,84.11161,84.54425,84.98145
2022-01-25 14:02:27.503914,83.90492,84.54425,85.88531
2022-01-25 14:02:28.003678,84.52377,84.54425,85.88531
2022-01-25 14:02:28.509407,84.1636,84.28675,86.35656
2022-01-25 14:02:29.007398,84.26632,84.64825,86.35656
2022-01-25 14:02:29.502712,84.26632,84.4935,85.37447
2022-01-25 14:02:30.010352,84.00888,84.54425,85.37447
2022-01-25 14:02:30.507197,84.31831,84.4415,86.27739
2022-01-25 14:02:31.006429,83.59549,84.3895,86.27739
2022-01-25 14:02:31.504011,84.47302,84.64825,85.33489
2022-01-25 14:02:32.003425,84.26632,84.3895,85.33489
2022-01-25 14:02:32.510991,84.36905,84.699,85.80614
2022-01-25 14:02:33.009379,83.90492,84.184,85.80614
2022-01-25 14:02:33.505681,84.42104,85.0605,85.80614
2022-01-25 14:02:34.004390,84.1636,84.4415,85.80614
2022-01-25 14:02:34.509027,84.05963,84.59625,85.4527
2022-01-25 14:02:35.008639,83.80219,84.08,85.4527
2022-01-25 14:02:35.503820,84.31831,84.699,85.6101
2022-01-25 14:02:36.004597,84.31831,84.3895,85.6101
2022-01-25 14:02:36.501497,84.05963,84.28675,85.84572
2022-01-25 14:02:37.010426,84.05963,84.64825,85.84572
2022-01-25 14:02:37.505943,84.21434,84.59625,85.41406
2022-01-25 14:02:38.004377,83.85417,84.4415,85.41406
2022-01-25 14:02:38.501253,84.42104,84.4935,86.15958
2022-01-25 14:02:39.009716,83.64747,83.97725,86.15958
2022-01-25 14:02:39.505257,83.90492,84.132,120.44301
2022-01-25 14:02:40.004525,84.52377,84.33875,120.44301
2022-01-25 14:02:40.510473,83.64747,84.08,235.19239
2022-01-25 14:02:41.008657,84.21434,84.59625,235.19239
2022-01-25 14:02:41.505016,84.11161,84.54425,200.39906
2022-01-25 14:02:42.003744,83.59549,83.92525,200.39906
2022-01-25 14:02:42.501213,83.90492,84.28675,132.38166
2022-01-25 14:02:43.008981,83.90492,84.184,132.38166
2022-01-25 14:02:43.504897,85.14262,85.1125,89.41968
2022-01-25 14:02:44.004538,83.49276,83.71975,89.41968
2022-01-25 14:02:44.500977,84.00888,84.23475,91.73635
2022-01-25 14:02:45.001979,84.05963,84.4415,91.73635
2022-01-25 14:02:45.508557,84.26632,84.3895,89.26229
2022-01-25 14:02:46.006357,83.90492,84.54425,89.26229
2022-01-25 14:02:46.501812,83.80219,84.23475,87.57333
2022-01-25 14:02:47.001861,84.36905,84.59625,87.57333
2022-01-25 14:02:47.507818,84.47302,84.90575,86.59218
2022-01-25 14:02:48.005196,84.83319,85.1125,86.59218
2022-01-25 14:02:48.510869,83.59549,84.184,85.7675
2022-01-25 14:02:49.009376,84.31831,84.64825,85.7675
2022-01-25 14:02:49.507117,83.90492,84.4935,86.04176
2022-01-25 14:02:50.007958,84.47302,84.95775,86.04176
2022-01-25 14:02:50.502589,83.7502,84.02925,87.02385
2022-01-25 14:02:51.010647,84.11161,84.33875,87.02385
2022-01-25 14:02:51.508246,84.31831,84.54425,86.00312
2022-01-25 14:02:52.505424,84.47302,84.751,85.6101
2022-01-25 14:02:53.004025,83.64747,84.08,85.6101
2022-01-25 14:02:53.502478,84.1636,84.54425,85.25666
2022-01-25 14:02:54.004678,84.36905,84.803,85.25666
2022-01-25 14:02:54.511087,84.31831,84.59625,85.37447
2022-01-25 14:02:55.010508,84.05963,84.08,85.37447
2022-01-25 14:02:55.506565,84.05963,84.751,85.53187
2022-01-25 14:02:56.006646,84.47302,84.64825,85.53187
2022-01-25 14:02:56.501153,84.21434,84.59625,85.49229
2022-01-25 14:02:57.005068,84.00888,84.54425,85.49229
2022-01-25 14:02:57.511310,83.85417,84.28675,85.88531
2022-01-25 14:02:58.001221,84.47302,84.85375,85.88531
2022-01-25 14:02:58.501784,84.05963,83.92525,86.43479
2022-01-25 14:02:59.002293,84.52377,84.95775,86.43479
2022-01-25 14:02:59.509524,83.90492,84.4415,86.04176
2022-01-25 14:03:00.008615,84.36905,84.803,86.04176
2022-01-25 14:03:00.504475,84.47302,84.4935,84.94281
2022-01-25 14:03:01.002785,83.80219,84.33875,84.94281
2022-01-25 14:03:01.509397,84.57575,84.803,85.6101
2022-01-25 14:03:02.008752,84.21434,84.23475,85.6101
2022-01-25 14:03:02.505245,84.00888,84.59625,85.49229
2022-01-25 14:03:03.003906,84.42104,84.64825,85.49229
2022-01-25 14:03:03.510076,84.26632,84.751,85.37447
2022-01-25 14:03:04.003779,84.00888,84.4415,85.37447
2022-01-25 14:03:04.508212,83.7502,84.28675,85.6101
2022-01-25 14:03:05.006697,84.31831,84.4415,85.6101
2022-01-25 14:03:05.502496,84.78245,84.85375,85.6101
2022-01-25 14:03:06.010770,83.7502,84.33875,85.6101
2022-01-25 14:03:06.506436,84.1636,84.59625,85.96354
2022-01-25 14:03:07.004189,83.90492,84.33875,85.96354
2022-01-25 14:03:07.502059,84.36905,84.64825,85.72791
2022-01-25 14:03:08.001772,83.90492,84.33875,85.72791
2022-01-25 14:03:08.507249,84.42104,84.59625,85.13885
2022-01-25 14:03:09.005845,84.42104,84.4935,85.13885
2022-01-25 14:03:09.501461,84.26632,84.4935,85.68833
2022-01-25 14:03:10.010333,84.57575,84.803,85.68833
2022-01-25 14:03:10.505108,83.80219,84.4415,86.23875
2022-01-25 14:03:11.011153,84.47302,84.64825,86.23875
2022-01-25 14:03:11.506457,83.44078,83.97725,85.29625
2022-01-25 14:03:12.005294,84.52377,84.699,85.29625
2022-01-25 14:03:12.503393,84.26632,84.4415,85.49229
2022-01-25 14:03:13.004221,84.26632,84.64825,85.49229
2022-01-25 14:03:14.005088,83.90492,84.28675,85.49229
2022-01-25 14:03:14.501684,84.73046,85.0605,85.06062
2022-01-25 14:03:15.010209,83.54475,84.184,85.06062
2022-01-25 14:03:15.506199,84.47302,84.751,86.04176
2022-01-25 14:03:16.003884,83.69946,84.02925,86.04176
2022-01-25 14:03:16.510748,84.62773,84.95775,85.57051
2022-01-25 14:03:17.009116,84.47302,84.699,85.57051
2022-01-25 14:03:17.506496,83.9569,84.4415,86.08135
2022-01-25 14:03:18.005203,84.05963,84.184,86.08135
2022-01-25 14:03:18.510880,84.11161,84.54425,86.3952
2022-01-25 14:03:19.010455,84.42104,84.95775,86.3952
2022-01-25 14:03:19.506401,83.49276,83.92525,85.57051
2022-01-25 14:03:20.005701,84.67848,85.1125,85.57051
2022-01-25 14:03:20.510650,84.05963,84.23475,85.41406
2022-01-25 14:03:21.009222,84.47302,84.803,85.41406
2022-01-25 14:03:21.506282,83.80219,84.132,85.72791
2022-01-25 14:03:22.005228,83.9569,84.28675,85.72791
2022-01-25 14:03:22.501090,84.31831,84.59625,86.12093
2022-01-25 14:03:23.010722,83.80219,84.184,86.12093
2022-01-25 14:03:23.508752,84.57575,84.803,85.49229
2022-01-25 14:03:24.008552,84.21434,84.33875,85.49229
2022-01-25 14:03:24.504053,84.36905,84.85375,85.33489
2022-01-25 14:03:25.001736,84.31831,84.54425,85.33489
2022-01-25 14:03:25.507853,84.36905,84.803,85.88531
2022-01-25 14:03:26.006329,84.11161,84.4935,85.88531
2022-01-25 14:03:26.503049,83.54475,84.132,86.43479
2022-01-25 14:03:27.001725,84.47302,84.85375,86.43479
2022-01-25 14:03:27.507143,84.00888,84.23475,86.15958
2022-01-25 14:03:28.006558,84.47302,84.90575,86.15958
2022-01-25 14:03:28.502012,84.00888,84.28675,85.57051
2022-01-25 14:03:29.009683,84.21434,84.4935,85.57051
2022-01-25 14:03:29.505194,84.67848,84.90575,85.80614
2022-01-25 14:03:30.004553,84.11161,84.4935,85.80614
2022-01-25 14:03:30.511140,83.9569,84.3895,85.64968
2022-01-25 14:03:31.505791,84.26632,84.54425,86.15958
2022-01-25 14:03:32.004293,84.21434,84.28675,86.15958
2022-01-25 14:03:32.510829,84.11161,84.4935,85.72791
2022-01-25 14:03:33.009644,84.57575,84.90575,85.72791
2022-01-25 14:03:33.505351,84.11161,84.28675,85.37447
2022-01-25 14:03:34.004333,84.21434,84.699,85.37447
2022-01-25 14:03:34.510870,83.9569,84.33875,85.41406
2022-01-25 14:03:35.007929,84.52377,84.95775,85.41406
2022-01-25 14:03:35.502279,84.00888,84.132,86.23875
2022-01-25 14:03:36.003140,84.05963,84.4415,86.23875
2022-01-25 14:03:36.508868,84.21434,84.54425,84.825
2022-01-25 14:03:37.009311,84.05963,84.23475,84.825
2022-01-25 14:03:37.506312,84.21434,84.4935,85.92395
2022-01-25 14:03:38.004958,83.54475,84.132,85.92395
2022-01-25 14:03:38.501846,84.62773,85.1125,85.37447
2022-01-25 14:03:39.011188,84.36905,84.54425,85.37447
2022-01-25 14:03:39.507632,84.05963,84.4415,85.64968
2022-01-25 14:03:40.006520,83.85417,84.23475,85.64968
2022-01-25 14:03:40.504608,84.26632,84.751,86.04176
2022-01-25 14:03:41.004198,84.31831,84.64825,86.04176
2022-01-25 14:03:41.509428,83.44078,84.02925,85.7675
2022-01-25 14:03:42.008266,84.31831,84.699,85.7675
2022-01-25 14:03:42.504222,84.00888,83.8745,85.53187
2022-01-25 14:03:43.002649,84.67848,85.16325,85.53187
2022-01-25 14:03:43.509041,84.36905,84.699,86.27739
2022-01-25 14:03:44.008321,83.85417,84.184,86.27739
2022-01-25 14:03:44.505949,84.36905,84.751,86.04176
2022-01-25 14:03:45.006096,83.69946,84.132,86.04176
2022-01-25 14:03:45.501260,84.52377,84.95775,85.96354
2022-01-25 14:03:46.002375,84.00888,84.08,85.96354
2022-01-25 14:03:46.509734,84.1636,84.4415,86.27739
2022-01-25 14:03:47.009116,84.00888,84.33875,86.27739
2022-01-25 14:03:47.503525,84.1636,84.803,85.64968
2022-01-25 14:03:48.002897,84.00888,84.28675,85.64968
2022-01-25 14:03:48.504546,83.90492,84.3895,86.19916
2022-01-25 14:03:49.002738,84.31831,84.64825,86.19916
2022-01-25 14:03:49.508213,84.62773,84.90575,85.41406
2022-01-25 14:03:50.008016,84.31831,84.3895,85.41406
2022-01-25 14:03:50.504599,84.1636,84.28675,85.88531
2022-01-25 14:03:51.004559,84.05963,84.54425,85.88531
2022-01-25 14:03:51.502753,84.26632,84.59625,85.64968
2022-01-25 14:03:52.002402,83.9569,84.4415,85.64968
2022-01-25 14:03:52.507938,84.11161,84.54425,86.31697
2022-01-25 14:03:53.009087,84.00888,84.28675,86.31697
2022-01-25 14:03:53.503726,84.36905,84.59625,85.88531
2022-01-25 14:03:54.002944,84.52377,84.85375,85.88531
2022-01-25 14:03:54.509872,84.00888,84.28675,86.04176
2022-01-25 14:03:55.001747,83.90492,84.33875,86.04176
2022-01-25 14:03:55.508542,84.05963,84.4935,85.6101
2022-01-25 14:03:56.008076,84.1636,84.54425,85.6101
2022-01-25 14:03:56.505629,84.21434,84.699,85.64968
2022-01-25 14:03:57.004063,83.90492,84.08,85.64968
2022-01-25 14:03:57.501330,84.52377,84.59625,85.84572
2022-01-25 14:03:58.001178,83.85417,84.28675,85.84572
2022-01-25 14:03:58.508877,84.36905,84.699,85.49229
2022-01-25 14:03:59.006910,84.11161,84.3895,85.49229
2022-01-25 14:03:59.502511,84.05963,84.3895,85.92395
2022-01-25 14:04:00.003990,83.59549,84.08,85.92395
2022-01-25 14:04:00.501288,84.47302,84.699,85.84572
2022-01-25 14:04:01.010306,84.52377,84.4935,85.84572
2022-01-25 14:04:01.508160,83.85417,84.23475,85.84572
2022-01-25 14:04:02.006648,84.1636,84.54425,85.84572
2022-01-25 14:04:02.503599,83.9569,84.3895,85.84572
2022-01-25 14:04:03.002452,84.67848,85.0085,85.84572
2022-01-25 14:04:03.508815,83.85417,84.4415,85.84572
2022-01-25 14:04:04.007665,84.42104,84.751,85.84572
2022-01-25 14:04:04.506066,84.00888,84.184,85.25666
2022-01-25 14:04:05.003723,84.73046,84.90575,85.25666
2022-01-25 14:04:05.510482,84.26632,84.59625,85.72791
2022-01-25 14:04:06.006489,83.54475,84.02925,85.72791
2022-01-25 14:04:06.503822,84.31831,84.699,85.80614
2022-01-25 14:04:07.003145,83.69946,84.33875,85.80614
2022-01-25 14:04:07.509789,84.57575,85.0605,85.53187
2022-01-25 14:04:08.008618,84.11161,84.3895,85.53187
2022-01-25 14:04:08.503826,83.90492,84.23475,85.49229
2022-01-25 14:04:09.002761,84.52377,84.699,85.49229
2022-01-25 14:04:09.509188,83.90492,84.132,85.6101
2022-01-25 14:04:10.007865,84.88517,85.16325,85.6101
2022-01-25 14:04:10.503312,83.54475,83.97725,85.64968
2022-01-25 14:04:11.009133,84.21434,84.59625,85.64968
2022-01-25 14:04:11.504294,84.00888,84.33875,85.37447
2022-01-25 14:04:12.002589,84.42104,84.803,85.37447
2022-01-25 14:04:12.507988,84.00888,84.23475,85.64968
2022-01-25 14:04:13.006586,84.05963,84.33875,85.64968
2022-01-25 14:04:13.501348,84.11161,84.3895,85.6101
2022-01-25 14:04:14.008984,84.42104,84.90575,85.6101
2022-01-25 14:04:14.503646,84.57575,85.16325,86.43479
2022-01-25 14:04:15.001938,83.59549,83.97725,86.43479
2022-01-25 14:04:15.509973,84.21434,84.28675,85.64968
2022-01-25 14:04:16.007994,84.52377,84.64825,85.64968
2022-01-25 14:04:16.503811,83.9569,84.28675,85.13885
2022-01-25 14:04:17.001044,84.42104,84.751,85.13885
2022-01-25 14:04:17.506413,83.54475,84.02925,86.3952
2022-01-25 14:04:18.006152,84.31831,84.751,86.3952
2022-01-25 14:04:18.501704,84.36905,84.90575,85.17843
2022-01-25 14:04:19.010406,84.31831,84.4415,85.17843
2022-01-25 14:04:19.506736,84.31831,84.28675,86.35656
2022-01-25 14:04:20.007111,83.90492,84.23475,86.35656
2022-01-25 14:04:20.506586,84.26632,84.59625,85.57051
2022-01-25 14:04:21.003982,84.11161,84.3895,85.57051
2022-01-25 14:04:21.509258,84.36905,84.699,85.6101
2022-01-25 14:04:22.008053,83.49276,84.184,85.6101
2022-01-25 14:04:22.502789,84.57575,84.751,85.92395
2022-01-25 14:04:23.001907,84.36905,84.4935,85.92395
2022-01-25 14:04:23.507789,84.26632,84.54425,86.23875
2022-01-25 14:04:24.006175,84.42104,84.699,86.23875
2022-01-25 14:04:24.502247,83.49276,83.92525,85.6101
2022-01-25 14:04:25.001549,84.57575,85.0605,85.6101
2022-01-25 14:04:25.509107,83.69946,84.28675,86.5526
2022-01-25 14:04:26.004304,84.21434,84.64825,86.5526
2022-01-25 14:04:26.503495,84.26632,84.54425,85.29625
2022-01-25 14:04:27.002090,84.36905,84.3895,85.29625
2022-01-25 14:04:27.508642,84.52377,84.90575,86.00312
2022-01-25 14:04:28.007477,83.64747,84.28675,86.00312
2022-01-25 14:04:28.504278,84.47302,85.0085,85.80614
2022-01-25 14:04:29.002699,83.13135,83.61575,85.80614
2022-01-25 14:04:29.507987,85.03989,85.47275,85.25666
2022-01-25 14:04:30.006946,83.59549,83.8745,85.25666
2022-01-25 14:04:30.502070,84.73046,84.699,86.63083
2022-01-25 14:04:31.001348,84.1636,84.23475,86.63083
2022-01-25 14:04:31.505212,84.05963,84.3895,85.53187
2022-01-25 14:04:32.003570,84.52377,84.90575,85.53187
2022-01-25 14:04:32.509451,83.64747,84.28675,85.29625
2022-01-25 14:04:33.009161,84.31831,84.699,85.29625
2022-01-25 14:04:33.505505,83.7502,84.184,86.27739
2022-01-25 14:04:34.004179,84.36905,84.4415,86.27739
2022-01-25 14:04:34.509465,84.78245,84.751,85.72791
2022-01-25 14:04:35.007390,83.9569,84.28675,85.72791
2022-01-25 14:04:35.503708,84.00888,84.3895,85.53187
2022-01-25 14:04:36.001404,84.11161,84.4415,85.53187
2022-01-25 14:04:36.507665,84.67848,85.0085,84.94281
2022-01-25 14:04:37.006379,83.49276,84.08,84.94281
2022-01-25 14:04:37.503032,84.42104,84.699,85.64968
2022-01-25 14:04:38.002312,84.11161,84.08,85.64968
2022-01-25 14:04:38.507994,84.62773,84.95775,85.4527
2022-01-25 14:04:39.005861,84.21434,84.803,85.4527
2022-01-25 14:04:39.501338,83.69946,84.08,86.12093
2022-01-25 14:04:40.010379,84.21434,84.3895,86.12093
2022-01-25 14:04:40.505795,84.05963,84.59625,85.17843
2022-01-25 14:04:41.004560,84.26632,84.3895,85.17843
2022-01-25 14:04:41.501309,84.1636,84.4415,86.00312
2022-01-25 14:04:42.010650,84.1636,84.33875,86.00312
2022-01-25 14:04:42.506397,84.26632,84.751,85.49229
2022-01-25 14:04:43.004092,84.31831,84.803,85.49229
2022-01-25 14:04:43.501188,84.21434,84.28675,85.41406
2022-01-25 14:04:44.010376,84.00888,84.3895,85.41406
2022-01-25 14:04:44.507917,84.21434,84.4935,86.23875
2022-01-25 14:04:45.006319,84.11161,84.4415,86.23875
2022-01-25 14:04:45.502609,84.21434,84.3895,85.64968
2022-01-25 14:04:46.001311,84.26632,84.64825,85.64968
2022-01-25 14:04:46.509007,84.00888,84.4935,85.64968
2022-01-25 14:04:47.007328,84.67848,84.95775,85.64968
2022-01-25 14:04:47.503428,83.59549,83.97725,85.64968
2022-01-25 14:04:48.003083,84.73046,85.16325,85.64968
2022-01-25 14:04:48.509690,83.69946,84.184,86.47437
2022-01-25 14:04:49.007967,84.21434,84.59625,86.47437
2022-01-25 14:04:49.505256,84.31831,84.64825,85.80614
2022-01-25 14:04:50.003533,83.9569,84.33875,85.80614
2022-01-25 14:04:50.510735,84.36905,84.699,85.53187
2022-01-25 14:04:51.010319,83.90492,84.184,85.53187
2022-01-25 14:04:51.506108,84.26632,84.54425,85.6101
2022-01-25 14:04:52.003857,84.11161,84.64825,85.6101
2022-01-25 14:04:52.505380,84.21434,84.33875,85.53187
2022-01-25 14:04:53.004332,84.36905,84.54425,85.53187
2022-01-25 14:04:53.501480,83.9569,84.4415,86.27739
2022-01-25 14:04:54.010004,84.52377,84.90575,86.27739
2022-01-25 14:04:54.507849,83.59549,83.8745,85.25666
2022-01-25 14:04:55.007757,84.62773,84.85375,85.25666
2022-01-25 14:04:55.503374,83.54475,84.132,85.06062
2022-01-25 14:04:56.001633,84.42104,84.4935,85.06062
2022-01-25 14:04:56.507675,84.26632,84.28675,85.4527
2022-01-25 14:04:57.006749,84.05963,84.54425,85.4527
2022-01-25 14:04:57.503365,83.9569,84.33875,85.41406
2022-01-25 14:04:58.011008,84.21434,84.751,85.41406
2022-01-25 14:04:58.509151,84.05963,84.28675,85.7675
2022-01-25 14:04:59.007555,84.1636,84.699,85.7675
2022-01-25 14:04:59.503365,84.31831,84.64825,85.88531
2022-01-25 14:05:00.001952,83.64747,83.97725,85.88531
2022-01-25 14:05:00.509807,84.83319,84.95775,85.17843
2022-01-25 14:05:01.007753,83.90492,84.184,85.17843
2022-01-25 14:05:01.503675,83.69946,84.02925,85.7675
2022-01-25 14:05:02.010953,84.05963,84.23475,85.7675
2022-01-25 14:05:02.507299,83.64747,84.23475,233.97562
2022-01-25 14:05:03.006829,84.42104,84.33875,233.97562
2022-01-25 14:05:03.503005,83.85417,84.184,215.43947
2022-01-25 14:05:04.010730,83.9569,84.08,215.43947
2022-01-25 14:05:04.507437,84.21434,84.4415,162.81687
2022-01-25 14:05:05.005129,84.26632,84.64825,162.81687
2022-01-25 14:05:05.502299,83.9569,84.132,100.57229
2022-01-25 14:05:06.002170,83.80219,84.132,100.57229
2022-01-25 14:05:06.507925,83.9569,84.184,92.9927
2022-01-25 14:05:07.006324,83.9569,84.3895,92.9927
2022-01-25 14:05:07.502337,84.57575,84.59625,89.5375
2022-01-25 14:05:08.001643,83.80219,84.08,89.5375
2022-01-25 14:05:08.507303,84.67848,85.0085,86.78822
2022-01-25 14:05:09.007848,84.00888,84.4415,86.78822
2022-01-25 14:05:09.503614,84.26632,84.85375,86.31697
2022-01-25 14:05:10.001565,84.00888,84.28675,86.31697
2022-01-25 14:05:10.506163,83.80219,84.4415,86.04176
2022-01-25 14:05:11.005299,84.00888,84.08,86.04176
2022-01-25 14:05:12.005041,83.80219,84.23475,86.94562
2022-01-25 14:05:12.501065,84.26632,84.59625,86.78822
2022-01-25 14:05:13.001778,83.90492,84.33875,86.78822
2022-01-25 14:05:13.508401,84.31831,84.64825,87.41687
2022-01-25 14:05:14.008070,84.31831,84.90575,87.41687
2022-01-25 14:05:14.504446,84.05963,84.33875,86.86645
2022-01-25 14:05:15.002327,84.1636,84.4935,86.86645
2022-01-25 14:05:15.510638,84.31831,84.751,86.12093
2022-01-25 14:05:16.001503,84.42104,84.95775,86.12093
2022-01-25 14:05:16.506838,83.69946,83.92525,85.72791
2022-01-25 14:05:17.006128,84.42104,84.4935,85.72791
2022-01-25 14:05:17.502152,83.69946,84.3895,86.08135
2022-01-25 14:05:18.010750,84.36905,84.59625,86.08135
2022-01-25 14:05:18.507428,84.67848,85.0085,85.96354
2022-01-25 14:05:19.005721,83.7502,84.08,85.96354
2022-01-25 14:05:19.502193,84.57575,84.95775,85.21708
2022-01-25 14:05:20.009769,83.85417,84.28675,85.21708
2022-01-25 14:05:20.506536,84.57575,84.803,85.7675
2022-01-25 14:05:21.004217,83.9569,84.4415,85.7675
2022-01-25 14:05:21.510674,84.1636,84.33875,85.41406
2022-01-25 14:05:22.008345,84.00888,84.33875,85.41406
2022-01-25 14:05:22.505665,84.31831,84.699,85.25666
2022-01-25 14:05:23.006167,84.21434,84.59625,85.25666
2022-01-25 14:05:23.501968,84.21434,84.4415,86.67041
2022-01-25 14:05:24.010846,84.21434,84.33875,86.67041
2022-01-25 14:05:24.507238,83.85417,84.33875,85.57051
2022-01-25 14:05:25.004303,84.73046,85.0085,85.57051
2022-01-25 14:05:25.509554,83.7502,84.33875,85.80614
2022-01-25 14:05:26.010370,84.11161,84.23475,85.80614
2022-01-25 14:05:26.506396,84.00888,84.33875,86.31697
2022-01-25 14:05:27.004218,84.21434,84.4935,86.31697
2022-01-25 14:05:27.502386,84.42104,84.699,85.7675
2022-01-25 14:05:28.003576,83.90492,84.184,85.7675
2022-01-25 14:05:28.510392,84.00888,84.33875,85.68833
2022-01-25 14:05:29.009937,84.1636,84.803,85.68833
2022-01-25 14:05:29.508862,84.57575,84.95775,85.84572
2022-01-25 14:05:30.008074,84.52377,84.803,85.84572
2022-01-25 14:05:30.506172,83.85417,84.08,86.15958
2022-01-25 14:05:31.004077,83.9569,84.33875,86.15958
2022-01-25 14:05:31.503760,84.36905,84.85375,85.21708
2022-01-25 14:05:32.002560,84.26632,84.4415,85.21708
2022-01-25 14:05:32.508929,83.90492,84.64825,85.84572
2022-01-25 14:05:33.006113,83.9569,84.23475,85.84572
2022-01-25 14:05:33.502262,84.36905,84.4415,85.68833
2022-01-25 14:05:34.001818,84.57575,84.803,85.68833
2022-01-25 14:05:34.507245,84.36905,84.59625,86.19916
2022-01-25 14:05:35.006835,83.69946,84.184,86.19916
2022-01-25 14:05:35.502825,84.11161,84.28675,85.33489
2022-01-25 14:05:36.003288,84.26632,84.85375,85.33489
2022-01-25 14:05:36.509758,84.1636,84.3895,85.72791
2022-01-25 14:05:37.007901,84.1636,84.4415,85.72791
2022-01-25 14:05:37.504058,84.11161,84.184,85.37447
2022-01-25 14:05:38.002380,84.42104,84.751,85.37447
2022-01-25 14:05:38.508307,83.9569,84.4935,85.92395
2022-01-25 14:05:39.007718,84.42104,84.699,85.92395
2022-01-25 14:05:39.504096,83.44078,84.02925,85.7675
2022-01-25 14:05:40.002886,84.52377,84.85375,85.7675
2022-01-25 14:05:40.511121,84.36905,84.803,85.29625
2022-01-25 14:05:41.008800,83.9569,83.97725,85.29625
2022-01-25 14:05:41.503961,84.57575,84.699,85.17843
2022-01-25 14:05:42.004125,83.44078,84.02925,85.17843
2022-01-25 14:05:42.510209,84.78245,85.0085,86.23875
2022-01-25 14:05:43.009098,83.54475,84.08,86.23875
2022-01-25 14:05:43.504549,84.42104,84.95775,86.19916
2022-01-25 14:05:44.002278,84.11161,84.64825,86.19916
2022-01-25 14:05:44.507882,84.00888,84.3895,85.37447
2022-01-25 14:05:45.007197,84.57575,84.751,85.37447
2022-01-25 14:05:45.506085,84.26632,84.64825,86.19916
2022-01-25 14:05:46.004789,84.00888,84.28675,86.19916
2022-01-25 14:05:46.509691,83.80219,84.28675,85.88531
2022-01-25 14:05:47.007260,84.47302,84.751,85.88531
2022-01-25 14:05:47.504547,83.7502,84.3895,85.6101
2022-01-25 14:05:48.002871,84.31831,84.54425,85.6101
2022-01-25 14:05:48.510732,84.00888,84.132,86.04176
2022-01-25 14:05:49.009643,84.36905,84.699,86.04176
2022-01-25 14:05:49.504447,84.78245,85.0085,85.7675
2022-01-25 14:05:50.005416,84.00888,84.33875,85.7675
2022-01-25 14:05:50.501766,84.11161,84.08,85.37447
2022-01-25 14:05:51.009480,83.49276,84.33875,85.37447
2022-01-25 14:05:51.505300,84.36905,84.59625,86.3952
2022-01-25 14:05:52.002678,84.47302,84.4935,86.3952
2022-01-25 14:05:52.508644,84.05963,84.4935,85.25666
2022-01-25 14:05:53.006879,83.90492,84.23475,85.25666
2022-01-25 14:05:53.502517,84.42104,84.90575,85.29625
2022-01-25 14:05:54.010508,84.26632,84.4415,85.29625
2022-01-25 14:05:54.507138,83.90492,84.699,86.90604
2022-01-25 14:05:55.005463,84.31831,84.54425,86.90604
2022-01-25 14:05:55.501286,83.80219,84.02925,85.84572
2022-01-25 14:05:56.010459,84.88517,85.0605,85.84572
2022-01-25 14:05:56.505708,84.00888,84.28675,85.21708
2022-01-25 14:05:57.003844,84.05963,84.4935,85.21708
2022-01-25 14:05:57.509825,83.90492,84.23475,86.04176
2022-01-25 14:05:58.008639,84.05963,84.751,86.04176
2022-01-25 14:05:58.503889,84.26632,84.59625,86.23875
2022-01-25 14:05:59.003944,84.26632,84.64825,86.23875
2022-01-25 14:05:59.509145,84.00888,84.28675,85.72791
2022-01-25 14:06:00.007674,84.05963,84.23475,85.72791
2022-01-25 14:06:00.503136,84.05963,84.4935,85.72791
2022-01-25 14:06:01.002368,84.1636,84.3895,85.72791
2022-01-25 14:06:01.510765,83.85417,84.3895,85.37447
2022-01-25 14:06:02.007964,84.57575,84.699,85.37447
2022-01-25 14:06:02.504781,83.85417,84.33875,85.84572
2022-01-25 14:06:03.005423,84.42104,84.54425,85.84572
2022-01-25 14:06:03.510945,84.31831,84.64825,85.72791
2022-01-25 14:06:04.010930,83.90492,84.184,85.72791
2022-01-25 14:06:04.506862,84.52377,84.64825,85.80614
2022-01-25 14:06:05.004766,83.85417,84.4415,85.80614
2022-01-25 14:06:05.508571,84.26632,84.59625,85.7675
2022-01-25 14:06:06.007473,83.85417,84.28675,85.7675
2022-01-25 14:06:06.502441,84.26632,84.3895,86.04176
2022-01-25 14:06:07.002134,84.47302,84.699,86.04176
2022-01-25 14:06:07.501118,84.00888,84.3895,85.4527
2022-01-25 14:06:08.009223,84.26632,84.4415,85.4527
2022-01-25 14:06:08.503769,83.9569,84.4415,85.68833
2022-01-25 14:06:09.002947,84.21434,84.95775,85.68833
2022-01-25 14:06:09.509143,83.9569,84.4415,85.88531
2022-01-25 14:06:10.007467,84.47302,84.4935,85.88531
2022-01-25 14:06:10.502623,84.26632,84.28675,85.92395
2022-01-25 14:06:11.006591,84.00888,84.4935,85.92395
2022-01-25 14:06:11.504662,84.57575,84.90575,85.88531
2022-01-25 14:06:12.002853,83.90492,84.3895,85.88531
2022-01-25 14:06:12.509000,84.21434,84.54425,85.06062
2022-01-25 14:06:13.008159,83.69946,84.59625,85.06062
2022-01-25 14:06:13.507443,84.47302,84.751,86.04176
2022-01-25 14:06:14.006197,84.00888,84.132,86.04176
2022-01-25 14:06:14.503851,84.62773,84.803,86.00312
2022-01-25 14:06:15.002183,83.90492,84.08,86.00312
2022-01-25 14:06:15.506769,84.42104,85.1125,85.7675
2022-01-25 14:06:16.006475,84.00888,84.28675,85.7675
2022-01-25 14:06:16.501812,83.9569,84.54425,86.86645
2022-01-25 14:06:17.009957,83.9569,84.132,86.86645
2022-01-25 14:06:17.506315,84.1636,84.59625,85.49229
2022-01-25 14:06:18.008105,84.52377,84.95775,85.49229
2022-01-25 14:06:18.504915,83.9569,84.08,85.13885
2022-01-25 14:06:19.003672,84.36905,84.85375,85.13885
2022-01-25 14:06:19.509990,84.05963,84.4415,85.84572
2022-01-25 14:06:20.008946,83.7502,84.3895,85.84572
2022-01-25 14:06:20.507200,84.36905,84.59625,85.96354
2022-01-25 14:06:21.005349,83.59549,84.02925,85.96354
2022-01-25 14:06:21.501698,84.67848,84.85375,85.84572
2022-01-25 14:06:22.010733,84.11161,84.132,85.84572
2022-01-25 14:06:22.507173,84.57575,85.16325,85.49229
2022-01-25 14:06:23.005526,84.1636,84.28675,85.49229
2022-01-25 14:06:23.501131,84.00888,84.64825,85.64968
2022-01-25 14:06:24.011109,83.9569,84.28675,85.64968
2022-01-25 14:06:24.506235,83.9569,84.54425,86.04176
2022-01-25 14:06:25.005202,84.21434,84.54425,86.04176
2022-01-25 14:06:25.501002,84.57575,84.4415,85.4527
2022-01-25 14:06:26.504877,84.26632,84.4935,85.80614
2022-01-25 14:06:27.003365,84.52377,85.0605,85.80614
2022-01-25 14:06:27.509643,84.00888,84.33875,86.12093
2022-01-25 14:06:28.007960,83.85417,84.3895,86.12093
2022-01-25 14:06:28.507360,84.05963,84.4415,85.64968
2022-01-25 14:06:29.006420,84.57575,84.54425,85.64968
2022-01-25 14:06:29.502092,84.21434,84.59625,85.57051
2022-01-25 14:06:30.002051,84.11161,84.23475,85.57051
2022-01-25 14:06:30.508648,84.11161,84.54425,85.68833
2022-01-25 14:06:31.006447,84.57575,84.803,85.68833
2022-01-25 14:06:31.502294,83.85417,84.4935,86.43479
2022-01-25 14:06:32.009639,84.05963,84.23475,86.43479
2022-01-25 14:06:32.505235,84.21434,84.28675,85.41406
2022-01-25 14:06:33.004403,84.31831,84.699,85.41406
2022-01-25 14:06:34.004673,83.80219,84.3895,85.29625
2022-01-25 14:06:34.509395,84.26632,84.3895,86.08135
2022-01-25 14:06:35.010088,83.80219,84.28675,86.08135
2022-01-25 14:06:35.507652,84.31831,84.54425,85.33489
2022-01-25 14:06:36.009054,84.47302,84.699,85.33489
2022-01-25 14:06:36.505697,83.9569,84.132,85.80614
2022-01-25 14:06:37.004563,84.21434,84.28675,85.80614
2022-01-25 14:06:37.508911,84.21434,85.0085,86.08135
2022-01-25 14:06:38.006860,84.47302,84.59625,86.08135
2022-01-25 14:06:38.502402,83.85417,84.184,86.35656
2022-01-25 14:06:39.001128,83.9569,84.132,86.35656
2022-01-25 14:06:39.509036,83.85417,84.132,85.92395
2022-01-25 14:06:40.006414,84.83319,85.16325,85.92395
2022-01-25 14:06:40.502418,83.59549,83.92525,85.41406
2022-01-25 14:06:41.010286,84.57575,85.0085,85.41406
2022-01-25 14:06:41.508870,83.69946,84.08,86.3952
2022-01-25 14:06:42.008073,84.36905,84.85375,86.3952
2022-01-25 14:06:42.503857,84.62773,84.751,85.68833
2022-01-25 14:06:43.002483,83.85417,84.28675,85.68833
2022-01-25 14:06:43.507395,84.57575,84.85375,85.49229
2022-01-25 14:06:44.007560,83.90492,84.02925,85.49229
2022-01-25 14:06:44.501247,84.05963,84.699,86.15958
2022-01-25 14:06:45.001287,84.1636,84.699,86.15958
2022-01-25 14:06:45.506794,84.42104,84.803,85.53187
2022-01-25 14:06:46.005063,84.1636,84.3895,85.53187
2022-01-25 14:06:46.502768,83.80219,84.4415,85.13885
2022-01-25 14:06:47.001318,84.36905,84.64825,85.13885
2022-01-25 14:06:47.507016,84.52377,84.4935,86.47437
2022-01-25 14:06:48.005130,83.69946,84.28675,86.47437
2022-01-25 14:06:48.502599,83.85417,84.28675,85.49229
2022-01-25 14:06:49.001225,84.26632,84.751,85.49229
2022-01-25 14:06:49.506269,83.9569,84.184,85.37447
2022-01-25 14:06:50.004065,84.1636,84.751,85.37447
2022-01-25 14:06:50.509050,83.85417,83.92525,85.57051
2022-01-25 14:06:51.006745,84.83319,84.90575,85.57051
2022-01-25 14:06:51.502825,84.42104,84.699,85.49229
2022-01-25 14:06:52.001482,84.26632,84.4935,85.49229
2022-01-25 14:06:52.507633,84.11161,84.699,85.7675
2022-01-25 14:06:53.006546,84.26632,84.4935,85.7675
2022-01-25 14:06:53.501964,84.1636,84.699,86.27739
2022-01-25 14:06:54.011051,84.00888,84.33875,86.27739
2022-01-25 14:06:54.506617,84.36905,84.4415,85.72791
2022-01-25 14:06:55.004059,83.90492,84.23475,85.72791
2022-01-25 14:06:55.510578,84.62773,84.90575,85.96354
2022-01-25 14:06:56.008491,83.85417,84.28675,85.96354
2022-01-25 14:06:56.504498,84.57575,84.90575,85.49229
2022-01-25 14:06:57.003102,83.28607,83.8225,85.49229
2022-01-25 14:06:57.501749,84.42104,84.59625,86.23875
2022-01-25 14:06:58.001039,84.1636,84.4415,86.23875
2022-01-25 14:06:58.507624,84.31831,84.64825,85.7675
2022-01-25 14:06:59.005288,84.36905,84.3895,85.7675
2022-01-25 14:06:59.510370,83.9569,84.4415,85.09926
2022-01-25 14:07:00.008842,84.42104,84.59625,85.09926
2022-01-25 14:07:00.503749,84.05963,84.59625,85.57051
2022-01-25 14:07:01.001980,84.21434,84.54425,85.57051
2022-01-25 14:07:01.509870,83.59549,83.8225,85.80614
2022-01-25 14:07:02.008984,84.47302,85.0085,85.80614
2022-01-25 14:07:02.504567,84.36905,84.4415,86.5526
2022-01-25 14:07:03.002912,84.00888,84.3895,86.5526
2022-01-25 14:07:03.508163,84.36905,84.4935,85.06062
2022-01-25 14:07:04.006951,83.7502,84.184,85.06062
2022-01-25 14:07:04.501829,84.52377,85.0085,85.72791
2022-01-25 14:07:05.009898,83.39003,83.8745,85.72791
2022-01-25 14:07:05.506604,84.52377,84.85375,85.4527
2022-01-25 14:07:06.006197,84.05963,84.132,85.4527
2022-01-25 14:07:06.501086,84.42104,85.0085,86.12093
2022-01-25 14:07:07.001996,84.21434,84.3895,86.12093
2022-01-25 14:07:07.507732,84.11161,84.59625,86.12093
2022-01-25 14:07:08.006058,84.36905,84.54425,86.12093
2022-01-25 14:07:08.501090,83.44078,84.132,85.57051
2022-01-25 14:07:09.009974,84.42104,84.90575,85.57051
2022-01-25 14:07:09.504733,84.00888,84.132,85.72791
2022-01-25 14:07:10.003667,84.42104,84.85375,85.72791
2022-01-25 14:07:10.510557,84.05963,84.3895,85.92395
2022-01-25 14:07:11.004309,84.00888,84.4935,85.92395
2022-01-25 14:07:11.511169,84.52377,84.699,85.02104
2022-01-25 14:07:12.001799,84.00888,84.4415,85.02104
2022-01-25 14:07:12.507465,83.90492,84.08,85.96354
2022-01-25 14:07:13.005794,84.42104,84.699,85.96354
2022-01-25 14:07:13.501936,84.21434,84.699,85.49229
2022-01-25 14:07:14.010498,84.26632,84.4415,85.49229
2022-01-25 14:07:14.506865,83.9569,84.59625,84.94281
2022-01-25 14:07:15.007377,84.11161,84.4415,84.94281
2022-01-25 14:07:15.501858,83.90492,84.3895,85.64968
2022-01-25 14:07:16.504106,84.00888,84.28675,85.33489
2022-01-25 14:07:17.004581,84.47302,84.90575,85.33489
2022-01-25 14:07:17.509393,84.00888,84.33875,86.08135
2022-01-25 14:07:18.008309,84.11161,84.54425,86.08135
2022-01-25 14:07:18.504419,84.21434,84.54425,86.3952
2022-01-25 14:07:19.002033,83.90492,84.28675,86.3952
2022-01-25 14:07:19.507710,84.26632,84.59625,85.4527
2022-01-25 14:07:20.009551,83.85417,84.28675,85.4527
2022-01-25 14:07:20.503645,84.62773,84.95775,85.53187
2022-01-25 14:07:21.002260,84.62773,84.699,85.53187
2022-01-25 14:07:21.508390,83.80219,84.132,85.4527
2022-01-25 14:07:22.007910,84.21434,84.54425,85.4527
2022-01-25 14:07:22.506521,83.7502,84.132,85.09926
2022-01-25 14:07:23.005137,84.67848,84.90575,85.09926
2022-01-25 14:07:23.503654,83.18334,83.66775,85.33489
2022-01-25 14:07:24.002802,84.36905,84.59625,85.33489
2022-01-25 14:07:24.509682,84.42104,84.3895,169.3352
2022-01-25 14:07:25.007516,84.21434,84.64825,169.3352
2022-01-25 14:07:25.503628,84.31831,84.4415,235.42801
2022-01-25 14:07:26.002098,83.49276,83.71975,235.42801
2022-01-25 14:07:26.509040,84.67848,84.95775,199.77041
2022-01-25 14:07:27.007278,83.44078,83.8745,199.77041
2022-01-25 14:07:27.503124,84.31831,84.59625,132.26385
2022-01-25 14:07:28.003593,83.90492,84.08,132.26385
2022-01-25 14:07:28.510132,84.36905,84.59625,91.22551
2022-01-25 14:07:29.008850,84.42104,84.4935,91.22551
2022-01-25 14:07:29.503242,83.69946,84.08,93.11051
2022-01-25 14:07:30.002826,84.21434,84.3895,93.11051
2022-01-25 14:07:30.508447,83.54475,84.02925,87.21989
2022-01-25 14:07:31.007503,84.73046,85.318,87.21989
2022-01-25 14:07:31.503748,83.80219,84.02925,86.43479
2022-01-25 14:07:32.002433,84.78245,84.90575,86.43479
2022-01-25 14:07:32.507332,83.85417,84.02925,86.35656
2022-01-25 14:07:33.005679,84.42104,84.90575,86.35656
2022-01-25 14:07:33.502773,84.36905,84.699,86.74864
2022-01-25 14:07:34.001379,83.54475,83.8745,86.74864
2022-01-25 14:07:34.507111,84.47302,84.90575,86.15958
2022-01-25 14:07:35.004805,83.80219,84.4935,86.15958
2022-01-25 14:07:35.509943,84.67848,85.0605,86.00312
2022-01-25 14:07:36.008381,83.90492,83.8745,86.00312
2022-01-25 14:07:36.503750,84.67848,85.0085,86.67041
2022-01-25 14:07:37.002790,84.00888,84.33875,86.67041
2022-01-25 14:07:37.510715,84.21434,84.751,85.49229
2022-01-25 14:07:38.010383,83.85417,84.33875,85.49229
2022-01-25 14:07:38.506125,83.64747,84.08,85.49229
2022-01-25 14:07:39.006541,84.78245,85.0085,85.49229
2022-01-25 14:07:39.502324,84.00888,84.184,85.33489
2022-01-25 14:07:40.010888,84.31831,84.751,85.33489
2022-01-25 14:07:40.506278,84.26632,84.4935,86.23875
2022-01-25 14:07:41.003175,84.62773,84.64825,86.23875
2022-01-25 14:07:41.509142,84.1636,84.699,86.19916
2022-01-25 14:07:42.007900,83.59549,84.184,86.19916
2022-01-25 14:07:42.506472,84.36905,84.803,85.33489
2022-01-25 14:07:43.005103,84.42104,84.3895,85.33489
2022-01-25 14:07:43.501625,84.00888,84.4415,85.92395
2022-01-25 14:07:44.010468,84.1636,84.59625,85.92395
2022-01-25 14:07:44.506367,84.11161,84.54425,85.21708
2022-01-25 14:07:45.003802,84.21434,84.4415,85.21708
2022-01-25 14:07:45.510905,84.05963,84.33875,86.27739
2022-01-25 14:07:46.008443,84.21434,84.699,86.27739
2022-01-25 14:07:46.502822,84.52377,84.4935,85.64968
2022-01-25 14:07:47.002009,84.26632,84.59625,85.64968
2022-01-25 14:07:47.507227,84.1636,84.33875,85.84572
2022-01-25 14:07:48.006177,84.21434,84.59625,85.84572
2022-01-25 14:07:48.510722,84.42104,84.803,85.33489
2022-01-25 14:07:49.008238,83.90492,84.4415,85.33489
2022-01-25 14:07:49.503375,84.42104,84.85375,86.71
2022-01-25 14:07:50.002314,84.00888,84.132,86.71
2022-01-25 14:07:50.507871,84.11161,84.4415,84.98145
2022-01-25 14:07:51.007371,84.52377,84.751,84.98145
2022-01-25 14:07:51.504697,83.9569,84.3895,85.37447
2022-01-25 14:07:52.002733,84.21434,84.4935,85.37447
2022-01-25 14:07:52.510333,83.7502,84.33875,86.59218
2022-01-25 14:07:53.007947,84.52377,84.85375,86.59218
2022-01-25 14:07:53.502409,84.26632,84.64825,85.68833
2022-01-25 14:07:54.001485,84.36905,84.4935,85.68833
2022-01-25 14:07:54.507815,84.05963,84.08,85.88531
2022-01-25 14:07:55.006276,84.00888,84.4935,85.88531
2022-01-25 14:07:55.501565,84.21434,84.64825,86.94562
2022-01-25 14:07:56.011193,84.05963,84.4935,86.94562
2022-01-25 14:07:56.507031,84.31831,84.59625,85.13885
2022-01-25 14:07:57.005461,83.69946,84.132,85.13885
2022-01-25 14:07:57.502452,84.83319,85.16325,85.6101
2022-01-25 14:07:58.001878,84.31831,84.699,85.6101
2022-01-25 14:07:58.508385,83.7502,83.97725,85.6101
2022-01-25 14:07:59.007863,84.05963,84.3895,85.6101
2022-01-25 14:07:59.504424,83.9569,84.28675,86.23875
2022-01-25 14:08:00.001776,84.42104,84.90575,86.23875
2022-01-25 14:08:00.507061,83.9569,84.59625,86.23875
2022-01-25 14:08:01.006942,84.31831,84.3895,86.23875
2022-01-25 14:08:01.502400,84.26632,84.33875,85.7675
2022-01-25 14:08:02.010879,84.57575,85.0605,85.7675
2022-01-25 14:08:02.510088,84.00888,84.4935,85.68833
2022-01-25 14:08:03.009312,83.9569,84.28675,85.68833
2022-01-25 14:08:03.505413,84.1636,84.64825,85.21708
2022-01-25 14:08:04.005702,83.90492,84.64825,85.21708
2022-01-25 14:08:04.501058,84.42104,84.64825,85.68833
2022-01-25 14:08:05.010725,84.31831,84.33875,85.68833
2022-01-25 14:08:05.508570,84.21434,84.54425,85.37447
2022-01-25 14:08:06.006875,84.21434,84.4935,85.37447
2022-01-25 14:08:06.501815,84.21434,84.4935,85.53187
2022-01-25 14:08:07.010193,84.1636,84.59625,85.53187
2022-01-25 14:08:07.505415,84.21434,84.85375,85.88531
2022-01-25 14:08:08.004189,83.7502,83.97725,85.88531
2022-01-25 14:08:08.511198,84.73046,84.95775,85.84572
2022-01-25 14:08:09.009915,84.21434,84.4415,85.84572
2022-01-25 14:08:09.506160,84.36905,84.54425,86.19916
2022-01-25 14:08:10.004324,84.21434,84.59625,86.19916
2022-01-25 14:08:10.510011,84.36905,84.85375,85.13885
2022-01-25 14:08:11.004703,83.7502,84.3895,85.13885
2022-01-25 14:08:11.511199,84.21434,84.699,85.84572
2022-01-25 14:08:12.008991,83.9569,84.28675,85.84572
2022-01-25 14:08:12.509397,84.1636,84.28675,85.25666
2022-01-25 14:08:13.008355,84.31831,84.59625,85.25666
2022-01-25 14:08:13.506220,83.85417,84.184,86.3952
2022-01-25 14:08:14.004919,84.73046,85.21525,86.3952
2022-01-25 14:08:14.511120,83.59549,84.132,86.23875
2022-01-25 14:08:15.008986,84.26632,84.803,86.23875
2022-01-25 14:08:15.504145,83.85417,84.33875,85.64968
2022-01-25 14:08:16.004870,84.31831,84.54425,85.64968
2022-01-25 14:08:16.509168,84.73046,84.85375,85.06062
2022-01-25 14:08:17.009034,83.80219,84.08,85.06062
2022-01-25 14:08:17.506623,84.26632,84.751,85.84572
2022-01-25 14:08:18.005457,84.05963,84.4935,85.84572
2022-01-25 14:08:18.501212,84.67848,85.0605,85.13885
2022-01-25 14:08:19.009854,83.23532,83.61575,85.13885
2022-01-25 14:08:19.505135,84.42104,84.699,86.19916
2022-01-25 14:08:20.002757,84.1636,84.28675,86.19916
2022-01-25 14:08:20.509089,84.42104,84.751,86.04176
2022-01-25 14:08:21.007305,84.26632,84.54425,86.04176
2022-01-25 14:08:21.507545,83.64747,83.7705,85.7675
2022-01-25 14:08:22.006700,84.83319,85.318,85.7675
2022-01-25 14:08:22.503077,83.7502,84.28675,85.33489
2022-01-25 14:08:23.002585,84.31831,84.54425,85.33489
2022-01-25 14:08:23.509129,84.00888,84.132,85.68833
2022-01-25 14:08:24.006774,84.05963,84.33875,85.68833
2022-01-25 14:08:24.501430,84.47302,84.803,85.6101
2022-01-25 14:08:25.010162,84.1636,84.54425,85.6101
2022-01-25 14:08:25.504596,84.11161,84.54425,85.7675
2022-01-25 14:08:26.003208,84.11161,84.59625,85.7675
2022-01-25 14:08:26.510024,84.21434,84.699,85.49229
2022-01-25 14:08:27.010491,84.26632,84.54425,85.49229
2022-01-25 14:08:27.506804,84.26632,84.4415,86.43479
2022-01-25 14:08:28.005333,84.31831,84.64825,86.43479
2022-01-25 14:08:28.501776,83.80219,84.28675,85.53187
2022-01-25 14:08:29.010043,84.52377,84.751,85.53187
2022-01-25 14:08:29.502334,83.7502,84.184,86.23875
2022-01-25 14:08:30.010142,84.36905,84.699,86.23875
2022-01-25 14:08:30.505109,84.47302,84.85375,85.29625
2022-01-25 14:08:31.003840,84.11161,84.28675,85.29625
2022-01-25 14:08:31.501718,84.36905,84.699,85.80614
2022-01-25 14:08:32.505220,83.9569,84.4935,85.57051
2022-01-25 14:08:33.003406,84.11161,84.54425,85.57051
2022-01-25 14:08:33.509846,83.9569,84.33875,85.4527
2022-01-25 14:08:34.008499,84.05963,84.4415,85.4527
2022-01-25 14:08:34.503758,84.31831,84.4935,85.72791
2022-01-25 14:08:35.001257,84.47302,84.64825,85.72791
2022-01-25 14:08:35.507415,83.85417,84.33875,85.33489
2022-01-25 14:08:36.006715,84.52377,85.0085,85.33489
2022-01-25 14:08:36.503279,83.9569,84.184,86.51301
2022-01-25 14:08:37.002685,84.62773,84.95775,86.51301
2022-01-25 14:08:37.510255,83.59549,84.28675,86.00312
2022-01-25 14:08:38.010804,84.47302,84.64825,86.00312
2022-01-25 14:08:38.506761,84.88517,84.85375,85.09926
2022-01-25 14:08:39.005668,83.85417,84.4935,85.09926
2022-01-25 14:08:39.511061,84.1636,84.751,85.6101
2022-01-25 14:08:40.009404,84.05963,84.3895,85.6101
2022-01-25 14:08:40.506216,84.11161,84.4935,85.72791
2022-01-25 14:08:41.005533,84.1636,84.85375,85.72791
2022-01-25 14:08:41.501544,84.42104,84.751,85.33489
2022-01-25 14:08:42.010326,83.85417,84.02925,85.33489
2022-01-25 14:08:42.505670,84.52377,84.64825,85.7675
2022-01-25 14:08:43.003824,84.36905,84.751,85.7675
2022-01-25 14:08:43.509978,83.54475,83.97725,85.80614
2022-01-25 14:08:44.009175,84.83319,85.0085,85.80614
2022-01-25 14:08:44.503552,83.39003,83.97725,85.57051
2022-01-25 14:08:45.003856,84.52377,84.90575,85.57051
2022-01-25 14:08:45.510969,84.11161,84.33875,85.7675
2022-01-25 14:08:46.010558,84.05963,84.28675,85.7675
2022-01-25 14:08:46.505187,84.52377,84.95775,85.88531
2022-01-25 14:08:47.002370,84.05963,84.3895,85.88531
2022-01-25 14:08:47.506665,84.26632,84.59625,85.92395
2022-01-25 14:08:48.005110,83.69946,84.23475,85.92395
2022-01-25 14:08:48.511211,84.21434,84.64825,86.27739
2022-01-25 14:08:49.010071,84.1636,84.28675,86.27739
2022-01-25 14:08:49.506690,84.31831,84.4935,86.19916
2022-01-25 14:08:50.007664,84.1636,84.4935,86.19916
2022-01-25 14:08:50.505933,84.26632,84.90575,85.96354
2022-01-25 14:08:51.004951,84.21434,84.54425,85.96354
2022-01-25 14:08:51.509839,83.9569,84.3895,85.57051
2022-01-25 14:08:52.006901,84.26632,84.4935,85.57051
2022-01-25 14:08:52.501092,83.9569,84.4935,85.68833
2022-01-25 14:08:53.010359,84.1636,84.3895,85.68833
2022-01-25 14:08:53.508506,84.36905,84.59625,85.7675
2022-01-25 14:08:54.006340,83.90492,84.23475,85.7675
2022-01-25 14:08:54.501117,84.42104,84.751,85.09926
2022-01-25 14:08:55.009009,84.1636,84.54425,85.09926
2022-01-25 14:08:55.506555,84.00888,84.3895,85.84572
2022-01-25 14:08:56.004530,83.69946,84.184,85.84572
2022-01-25 14:08:56.509737,84.57575,84.4935,86.19916
2022-01-25 14:08:57.008578,84.1636,84.59625,86.19916
2022-01-25 14:08:57.505184,84.1636,84.59625,86.00312
2022-01-25 14:08:58.004697,84.21434,84.4935,86.00312
2022-01-25 14:08:58.510203,84.00888,84.184,86.27739
2022-01-25 14:08:59.007970,84.31831,84.54425,86.27739
2022-01-25 14:08:59.505831,84.26632,84.95775,85.6101
2022-01-25 14:09:00.003450,83.80219,83.97725,85.6101
2022-01-25 14:09:00.509046,84.36905,84.59625,86.12093
2022-01-25 14:09:01.007805,84.05963,84.3895,86.12093
2022-01-25 14:09:01.503512,84.78245,85.1125,85.6101
2022-01-25 14:09:02.002402,83.7502,84.132,85.6101
2022-01-25 14:09:02.509920,84.26632,84.4415,86.04176
2022-01-25 14:09:03.007366,83.85417,84.3895,86.04176
2022-01-25 14:09:03.504961,84.52377,84.751,85.29625
2022-01-25 14:09:04.002858,83.90492,84.23475,85.29625
2022-01-25 14:09:04.510481,84.1636,84.54425,85.72791
2022-01-25 14:09:05.009068,84.05963,84.3895,85.72791
2022-01-25 14:09:05.504979,84.00888,84.4935,85.64968
2022-01-25 14:09:06.003140,84.67848,85.0605,85.64968
2022-01-25 14:09:06.507081,83.49276,84.184,85.7675
2022-01-25 14:09:07.003981,84.57575,84.85375,85.7675
2022-01-25 14:09:07.509990,84.05963,84.33875,86.43479
2022-01-25 14:09:08.002453,84.11161,84.4415,86.43479
2022-01-25 14:09:08.507620,84.47302,84.85375,85.09926
2022-01-25 14:09:09.006366,83.9569,84.28675,85.09926
2022-01-25 14:09:09.503164,84.47302,84.64825,86.04176
2022-01-25 14:09:10.001431,83.85417,84.4935,86.04176
2022-01-25 14:09:10.507923,84.11161,84.54425,86.08135
2022-01-25 14:09:11.005188,84.1636,84.699,86.08135
2022-01-25 14:09:11.502450,84.11161,84.33875,85.57051
2022-01-25 14:09:12.010707,84.52377,84.751,85.57051
2022-01-25 14:09:12.507347,83.9569,84.33875,85.33489
2022-01-25 14:09:13.006291,84.05963,84.4935,85.33489
2022-01-25 14:09:13.502743,84.11161,84.59625,86.43479
2022-01-25 14:09:14.010542,84.21434,84.23475,86.43479
2022-01-25 14:09:14.505430,83.7502,84.4415,85.25666
2022-01-25 14:09:15.004034,84.57575,84.85375,85.25666
2022-01-25 14:09:15.502395,84.05963,84.184,86.27739
2022-01-25 14:09:16.001847,84.57575,84.803,86.27739
2022-01-25 14:09:16.507195,83.80219,84.132,86.71
2022-01-25 14:09:17.007845,84.11161,84.4935,86.71
2022-01-25 14:09:17.504066,84.00888,84.33875,85.29625
2022-01-25 14:09:18.003517,84.31831,84.85375,85.29625
2022-01-25 14:09:18.508414,84.05963,84.184,85.49229
2022-01-25 14:09:19.008277,84.21434,84.3895,85.49229
2022-01-25 14:09:19.504096,84.26632,84.4935,85.72791
2022-01-25 14:09:20.001670,84.47302,84.803,85.72791
2022-01-25 14:09:20.506778,84.00888,84.3895,85.72791
2022-01-25 14:09:21.005503,84.00888,84.23475,85.72791
2022-01-25 14:09:21.501224,83.80219,84.4415,85.41406
2022-01-25 14:09:22.009668,84.73046,85.0605,85.41406
2022-01-25 14:09:22.505961,84.1636,84.4935,85.17843
2022-01-25 14:09:23.004398,84.05963,84.132,85.17843
2022-01-25 14:09:23.510478,84.1636,84.33875,85.49229
2022-01-25 14:09:24.009253,84.31831,84.85375,85.49229
2022-01-25 14:09:24.505025,84.21434,84.33875,86.59218
2022-01-25 14:09:25.002765,83.85417,84.3895,86.59218
2022-01-25 14:09:25.507927,84.00888,84.23475,85.29625
2022-01-25 14:09:26.007542,84.73046,85.16325,85.29625
2022-01-25 14:09:26.505687,84.05963,84.4415,86.23875
2022-01-25 14:09:27.005139,84.31831,84.4935,86.23875
2022-01-25 14:09:27.509937,84.11161,84.3895,85.7675
2022-01-25 14:09:28.009324,84.36905,84.64825,85.7675
2022-01-25 14:09:28.505113,83.7502,84.28675,85.53187
2022-01-25 14:09:29.002625,84.36905,84.64825,85.53187
2022-01-25 14:09:29.509804,84.00888,84.54425,85.7675
2022-01-25 14:09:30.008658,84.26632,84.3895,85.7675
2022-01-25 14:09:30.505255,84.73046,84.95775,85.64968
2022-01-25 14:09:31.005099,83.64747,84.08,85.64968
2022-01-25 14:09:31.510236,84.73046,84.95775,85.13885
2022-01-25 14:09:32.008880,83.85417,84.23475,85.13885
2022-01-25 14:09:32.504513,84.52377,84.803,86.43479
2022-01-25 14:09:33.003002,83.80219,84.4935,86.43479
2022-01-25 14:09:33.508713,84.11161,84.33875,85.4527
2022-01-25 14:09:34.006873,84.26632,84.33875,85.4527
2022-01-25 14:09:34.503909,84.21434,84.59625,85.57051
2022-01-25 14:09:35.003972,84.11161,84.4415,85.57051
2022-01-25 14:09:35.510285,84.1636,84.59625,86.12093
2022-01-25 14:09:36.009014,84.00888,84.3895,86.12093
2022-01-25 14:09:36.506347,84.1636,84.90575,85.29625
2022-01-25 14:09:37.003780,84.00888,84.4935,85.29625
2022-01-25 14:09:37.510351,84.00888,84.23475,86.00312
2022-01-25 14:09:38.008713,84.26632,84.59625,86.00312
2022-01-25 14:09:38.503401,84.36905,84.4415,86.31697
2022-01-25 14:09:39.001686,83.9569,84.4415,86.31697
2022-01-25 14:09:39.507985,84.21434,84.33875,86.19916
2022-01-25 14:09:40.003337,83.90492,84.699,86.19916
2022-01-25 14:09:40.510643,84.57575,84.90575,85.57051
2022-01-25 14:09:41.008974,84.00888,84.132,85.57051
2022-01-25 14:09:41.505473,84.26632,84.751,85.02104
2022-01-25 14:09:42.004092,84.1636,84.3895,85.02104
2022-01-25 14:09:42.508834,84.36905,84.803,85.37447
2022-01-25 14:09:43.006958,84.1636,84.184,85.37447
2022-01-25 14:09:43.503016,83.85417,84.64825,86.47437
2022-01-25 14:09:44.002712,83.9569,84.132,86.47437
2022-01-25 14:09:44.509330,84.52377,84.85375,85.72791
2022-01-25 14:09:45.007396,84.11161,84.132,85.72791
2022-01-25 14:09:45.503145,84.52377,84.803,85.57051
2022-01-25 14:09:46.001986,83.54475,83.92525,85.57051
2022-01-25 14:09:46.508262,83.80219,84.02925,85.49229
2022-01-25 14:09:47.006875,84.21434,84.85375,85.49229
2022-01-25 14:09:47.505786,83.90492,84.08,232.44406
2022-01-25 14:09:48.003857,84.21434,84.699,232.44406
2022-01-25 14:09:48.502255,83.90492,84.08,218.07093
2022-01-25 14:09:49.010523,84.78245,84.699,218.07093
2022-01-25 14:09:49.507175,83.64747,83.8745,158.9677
2022-01-25 14:09:50.008204,84.05963,84.3895,158.9677
2022-01-25 14:09:50.503124,83.80219,84.33875,105.4026
2022-01-25 14:09:51.002129,83.69946,84.02925,105.4026
2022-01-25 14:09:51.509011,84.1636,84.699,95.34895
2022-01-25 14:09:52.008410,83.90492,83.8225,95.34895
2022-01-25 14:09:52.504145,85.03989,85.16325,90.1652
2022-01-25 14:09:53.003083,83.59549,83.92525,90.1652
2022-01-25 14:09:53.507615,84.57575,84.751,86.94562
2022-01-25 14:09:54.005383,83.80219,84.184,86.94562
2022-01-25 14:09:54.510834,84.26632,84.4935,86.27739
2022-01-25 14:09:55.009644,83.9569,84.803,86.27739
2022-01-25 14:09:55.505927,84.00888,84.184,86.63083
2022-01-25 14:09:56.003993,84.47302,84.4935,86.63083
2022-01-25 14:09:56.510932,84.26632,84.699,85.92395
2022-01-25 14:09:57.010287,84.67848,84.95775,85.92395
2022-01-25 14:09:57.505673,83.59549,84.02925,86.71
2022-01-25 14:09:58.005236,84.36905,84.59625,86.71
2022-01-25 14:09:58.511042,83.59549,84.28675,86.94562
2022-01-25 14:09:59.009227,84.57575,85.0085,86.94562
2022-01-25 14:09:59.504782,83.80219,84.08,85.41406
2022-01-25 14:10:00.002675,84.21434,84.4415,85.41406
2022-01-25 14:10:00.509110,84.26632,84.3895,85.80614
2022-01-25 14:10:01.009033,84.11161,84.59625,85.80614
2022-01-25 14:10:01.505303,84.36905,84.64825,85.72791
2022-01-25 14:10:02.003393,83.54475,84.33875,85.72791
2022-01-25 14:10:02.511003,84.42104,84.64825,86.59218
2022-01-25 14:10:03.009474,84.21434,84.59625,86.59218
2022-01-25 14:10:03.505570,84.36905,84.64825,86.43479
2022-01-25 14:10:04.003371,84.26632,84.23475,86.43479
2022-01-25 14:10:04.509884,83.85417,84.28675,85.80614
2022-01-25 14:10:05.007536,84.57575,84.699,85.80614
2022-01-25 14:10:05.505086,84.21434,84.85375,85.37447
2022-01-25 14:10:06.004354,83.90492,84.4935,85.37447
2022-01-25 14:10:06.501654,84.05963,84.4935,85.96354
2022-01-25 14:10:07.003867,84.31831,84.54425,85.96354
2022-01-25 14:10:07.510982,84.47302,84.4935,85.7675
2022-01-25 14:10:08.009644,83.90492,84.4415,85.7675
2022-01-25 14:10:08.504703,83.85417,84.23475,86.19916
2022-01-25 14:10:09.002239,84.26632,84.64825,86.19916
2022-01-25 14:10:09.509955,84.47302,84.59625,86.19916
2022-01-25 14:10:10.009610,83.7502,84.4415,86.19916
2022-01-25 14:10:10.505115,84.11161,84.59625,85.37447
2022-01-25 14:10:11.010390,84.05963,84.132,85.37447
2022-01-25 14:10:11.505969,84.52377,84.803,85.88531
2022-01-25 14:10:12.003464,84.1636,84.59625,85.88531
2022-01-25 14:10:12.509171,83.9569,84.59625,86.63083
2022-01-25 14:10:13.007689,84.26632,84.64825,86.63083
2022-01-25 14:10:13.503193,83.90492,84.184,85.80614
2022-01-25 14:10:14.010885,84.26632,84.33875,85.80614
2022-01-25 14:10:14.508645,84.1636,84.33875,85.80614
2022-01-25 14:10:15.006749,83.9569,84.33875,85.80614
2022-01-25 14:10:15.502425,84.42104,84.699,85.80614
2022-01-25 14:10:16.002286,84.00888,84.4935,85.80614
2022-01-25 14:10:16.509372,84.52377,84.90575,86.08135
2022-01-25 14:10:17.007276,83.90492,84.4415,86.08135
2022-01-25 14:10:17.503082,84.42104,84.699,86.23875
2022-01-25 14:10:18.002291,84.31831,84.4415,86.23875
2022-01-25 14:10:18.504023,84.05963,84.33875,85.6101
2022-01-25 14:10:19.003896,84.36905,84.4935,85.6101
2022-01-25 14:10:19.510326,84.05963,84.803,85.57051
2022-01-25 14:10:20.009161,84.00888,84.28675,85.57051
2022-01-25 14:10:20.504929,83.7502,84.184,85.49229
2022-01-25 14:10:21.002650,84.62773,85.0085,85.49229
2022-01-25 14:10:21.509525,84.21434,84.4935,85.72791
2022-01-25 14:10:22.008536,84.36905,84.699,85.72791
2022-01-25 14:10:22.503927,83.9569,84.08,86.08135
2022-01-25 14:10:23.002959,84.1636,84.59625,86.08135
2022-01-25 14:10:23.510053,84.78245,85.0085,85.25666
2022-01-25 14:10:24.009853,83.39003,84.02925,85.25666
2022-01-25 14:10:24.505147,84.42104,84.4935,85.21708
2022-01-25 14:10:25.003255,83.64747,84.02925,85.21708
2022-01-25 14:10:25.506360,84.93716,85.21525,85.57051
2022-01-25 14:10:26.004365,84.52377,84.59625,85.57051
2022-01-25 14:10:26.510413,83.9569,84.54425,85.92395
2022-01-25 14:10:27.009259,84.21434,84.3895,85.92395
2022-01-25 14:10:27.507425,84.00888,84.4415,85.25666
2022-01-25 14:10:28.007132,84.36905,84.699,85.25666
2022-01-25 14:10:28.502359,83.44078,83.97725,86.3952
2022-01-25 14:10:29.010515,84.36905,84.751,86.3952
2022-01-25 14:10:29.506264,84.31831,84.23475,85.7675
2022-01-25 14:10:30.003905,84.36905,84.90575,85.7675
2022-01-25 14:10:30.510431,83.90492,84.28675,86.00312
2022-01-25 14:10:31.008843,84.21434,84.90575,86.00312
2022-01-25 14:10:31.504384,83.85417,84.02925,86.08135
2022-01-25 14:10:32.001469,84.21434,84.803,86.08135
2022-01-25 14:10:32.509909,83.9569,84.23475,85.41406
2022-01-25 14:10:33.009052,84.05963,84.23475,85.41406
2022-01-25 14:10:33.505252,84.62773,85.0085,85.84572
2022-01-25 14:10:34.004288,83.85417,84.23475,85.84572
2022-01-25 14:10:34.502391,84.52377,85.0085,86.04176
2022-01-25 14:10:35.010454,83.9569,84.28675,86.04176
2022-01-25 14:10:35.506858,83.85417,84.4415,85.37447
2022-01-25 14:10:36.004937,84.57575,84.90575,85.37447
2022-01-25 14:10:36.501077,84.00888,84.08,85.68833
2022-01-25 14:10:37.010231,84.26632,84.803,85.68833
2022-01-25 14:10:37.506096,84.21434,84.59625,86.15958
2022-01-25 14:10:38.003429,84.1636,84.59625,86.15958
2022-01-25 14:10:38.508994,84.42104,84.54425,85.92395
2022-01-25 14:10:39.008310,83.85417,84.54425,85.92395
2022-01-25 14:10:39.505534,83.90492,84.28675,85.64968
2022-01-25 14:10:40.003029,84.52377,84.751,85.64968
2022-01-25 14:10:40.509419,84.11161,84.3895,85.80614
2022-01-25 14:10:41.007881,84.26632,84.4935,85.80614
2022-01-25 14:10:41.504783,84.00888,84.751,85.53187
2022-01-25 14:10:42.003489,84.42104,84.64825,85.53187
2022-01-25 14:10:42.506864,84.1636,84.64825,85.37447
2022-01-25 14:10:43.004147,84.11161,84.4415,85.37447
2022-01-25 14:10:43.510004,83.90492,84.28675,86.00312
2022-01-25 14:10:44.007856,84.21434,84.699,86.00312
2022-01-25 14:10:44.502782,84.36905,84.4415,85.37447
2022-01-25 14:10:45.002200,83.64747,84.184,85.37447
2022-01-25 14:10:45.510031,84.52377,84.90575,85.84572
2022-01-25 14:10:46.010046,83.80219,84.4415,85.84572
2022-01-25 14:10:46.506201,84.52377,84.803,85.68833
2022-01-25 14:10:47.004508,83.69946,84.28675,85.68833
2022-01-25 14:10:47.511199,84.36905,84.4415,85.96354
2022-01-25 14:10:48.009299,84.57575,84.699,85.96354
2022-01-25 14:10:48.504366,84.00888,84.4935,85.72791
2022-01-25 14:10:49.002712,84.21434,84.59625,85.72791
2022-01-25 14:10:49.508493,84.1636,84.54425,85.53187
2022-01-25 14:10:50.006733,84.36905,84.64825,85.53187
2022-01-25 14:10:50.507447,84.11161,84.59625,85.4527
2022-01-25 14:10:51.007363,84.00888,84.3895,85.4527
2022-01-25 14:10:51.503762,84.42104,84.4415,85.49229
2022-01-25 14:10:52.001008,84.1636,84.54425,85.49229
2022-01-25 14:10:52.506346,84.21434,84.4415,84.86364
2022-01-25 14:10:53.004240,83.9569,84.4415,84.86364
2022-01-25 14:10:53.510792,84.36905,84.64825,85.84572
2022-01-25 14:10:54.008191,84.00888,84.3895,85.84572
2022-01-25 14:10:54.503903,84.21434,84.4415,86.15958
2022-01-25 14:10:55.004486,84.05963,84.184,86.15958
2022-01-25 14:10:55.510802,84.42104,84.803,84.90322
2022-01-25 14:10:56.505123,84.36905,84.95775,85.84572
2022-01-25 14:10:57.003005,84.00888,84.28675,85.84572
2022-01-25 14:10:57.510657,83.85417,84.33875,85.33489
2022-01-25 14:10:58.008434,84.31831,84.699,85.33489
2022-01-25 14:10:58.504032,84.21434,84.4935,85.68833
2022-01-25 14:10:59.002857,84.42104,84.803,85.68833
2022-01-25 14:10:59.509468,83.90492,84.132,85.88531
2022-01-25 14:11:00.009154,83.90492,84.3895,85.88531
2022-01-25 14:11:00.502717,84.42104,84.699,85.57051
2022-01-25 14:11:01.001332,83.9569,84.4935,85.57051
2022-01-25 14:11:01.506680,84.00888,84.3895,85.29625
2022-01-25 14:11:02.004252,84.11161,84.4935,85.29625
2022-01-25 14:11:02.510465,84.36905,84.699,85.72791
2022-01-25 14:11:03.008353,84.83319,84.95775,85.72791
2022-01-25 14:11:03.505767,83.49276,83.7705,85.41406
2022-01-25 14:11:04.004741,84.31831,84.64825,85.41406
2022-01-25 14:11:04.502826,84.21434,84.59625,85.4527
2022-01-25 14:11:05.001175,84.42104,84.699,85.4527
2022-01-25 14:11:05.508642,83.80219,84.184,86.08135
2022-01-25 14:11:06.006747,84.21434,84.751,86.08135
2022-01-25 14:11:06.510921,84.42104,84.3895,85.80614
2022-01-25 14:11:07.505312,84.52377,84.803,85.6101
2022-01-25 14:11:08.005085,83.49276,83.8225,85.6101
2022-01-25 14:11:08.510565,84.67848,85.1125,85.88531
2022-01-25 14:11:09.009292,83.69946,84.08,85.88531
2022-01-25 14:11:09.504653,84.31831,84.54425,85.72791
2022-01-25 14:11:10.003359,84.62773,84.95775,85.72791
2022-01-25 14:11:10.507685,83.69946,84.02925,85.72791
2022-01-25 14:11:11.004853,84.67848,84.85375,85.72791
2022-01-25 14:11:11.501116,83.7502,84.23475,85.7675
2022-01-25 14:11:12.009996,84.62773,85.0605,85.7675
2022-01-25 14:11:12.505902,83.59549,84.23475,85.49229
2022-01-25 14:11:13.004289,84.31831,84.803,85.49229
2022-01-25 14:11:13.503368,84.36905,84.3895,86.35656
2022-01-25 14:11:14.002080,84.57575,84.95775,86.35656
2022-01-25 14:11:14.508264,84.26632,84.3895,85.84572
2022-01-25 14:11:15.006868,83.9569,84.4935,85.84572
2022-01-25 14:11:15.502217,84.36905,84.699,85.41406
2022-01-25 14:11:16.002795,83.59549,84.132,85.41406
2022-01-25 14:11:16.509148,84.36905,85.0085,85.57051
2022-01-25 14:11:17.007437,83.90492,84.23475,85.57051
2022-01-25 14:11:17.502041,84.31831,84.699,85.37447
2022-01-25 14:11:18.001281,84.31831,84.33875,85.37447
2022-01-25 14:11:18.507879,84.31831,84.64825,85.17843
2022-01-25 14:11:19.006055,84.26632,84.54425,85.17843
2022-01-25 14:11:19.502332,84.1636,84.54425,86.3952
2022-01-25 14:11:20.010740,84.1636,84.54425,86.3952
2022-01-25 14:11:20.506776,83.7502,84.132,84.78541
2022-01-25 14:11:21.004410,84.83319,85.318,84.78541
2022-01-25 14:11:21.509807,83.9569,84.02925,85.96354
2022-01-25 14:11:22.008182,83.80219,84.28675,85.96354
2022-01-25 14:11:22.505006,84.36905,84.699,85.53187
2022-01-25 14:11:23.005914,84.1636,84.59625,85.53187
2022-01-25 14:11:23.510972,84.67848,85.1125,85.21708
2022-01-25 14:11:24.000990,83.49276,83.97725,85.21708
2022-01-25 14:11:24.507744,84.42104,84.64825,85.37447
2022-01-25 14:11:25.006868,84.57575,84.699,85.37447
2022-01-25 14:11:25.502347,84.05963,84.59625,85.72791
2022-01-25 14:11:26.010907,84.05963,84.4935,85.72791
2022-01-25 14:11:26.506580,84.11161,84.4935,86.08135
2022-01-25 14:11:27.004523,84.05963,84.4415,86.08135
2022-01-25 14:11:27.501646,84.26632,84.85375,85.49229
2022-01-25 14:11:28.010582,84.00888,84.54425,85.49229
2022-01-25 14:11:28.509008,84.05963,84.08,85.84572
2022-01-25 14:11:29.006787,84.47302,84.64825,85.84572
2022-01-25 14:11:29.502740,84.26632,84.803,85.57051
2022-01-25 14:11:30.001630,83.69946,84.02925,85.57051
2022-01-25 14:11:30.507095,84.57575,84.85375,86.08135
2022-01-25 14:11:31.006733,83.33805,83.8745,86.08135
2022-01-25 14:11:31.502028,84.62773,84.90575,85.09926
2022-01-25 14:11:32.505172,84.00888,84.3895,85.72791
2022-01-25 14:11:33.003486,84.36905,84.751,85.72791
2022-01-25 14:11:33.509074,84.00888,84.33875,85.68833
2022-01-25 14:11:34.007437,84.62773,84.803,85.68833
2022-01-25 14:11:34.505054,83.80219,84.4415,85.6101
2022-01-25 14:11:35.004277,84.00888,84.4415,85.6101
2022-01-25 14:11:35.510843,84.1636,84.4415,86.04176
2022-01-25 14:11:36.008307,84.31831,84.54425,86.04176
2022-01-25 14:11:36.503978,84.1636,84.4935,86.12093
2022-01-25 14:11:37.002998,83.69946,84.132,86.12093
2022-01-25 14:11:37.508047,84.57575,84.85375,85.4527
2022-01-25 14:11:38.006847,83.80219,84.184,85.4527
2022-01-25 14:11:38.503449,84.73046,85.26725,86.35656
2022-01-25 14:11:39.001670,83.44078,83.8745,86.35656
2022-01-25 14:11:39.508427,84.57575,84.85375,85.25666
2022-01-25 14:11:40.006262,84.31831,84.3895,85.25666
2022-01-25 14:11:40.502166,84.05963,84.3895,85.6101
2022-01-25 14:11:41.010643,84.21434,84.64825,85.6101
2022-01-25 14:11:41.506952,83.90492,84.184,86.51301
2022-01-25 14:11:42.004348,84.21434,84.699,86.51301
2022-01-25 14:11:42.510713,83.39003,83.8745,85.25666
2022-01-25 14:11:43.007862,84.78245,84.95775,85.25666
2022-01-25 14:11:43.503924,84.31831,84.4415,86.04176
2022-01-25 14:11:44.001865,84.21434,84.54425,86.04176
2022-01-25 14:11:44.507230,84.00888,84.28675,85.96354
2022-01-25 14:11:45.005702,84.05963,84.3895,85.96354
2022-01-25 14:11:45.502189,84.31831,84.95775,85.29625
2022-01-25 14:11:46.009902,83.64747,84.4415,85.29625
2022-01-25 14:11:46.506352,84.21434,84.4415,85.92395
2022-01-25 14:11:47.005327,84.1636,84.132,85.92395
2022-01-25 14:11:47.501375,84.67848,85.0605,86.12093
2022-01-25 14:11:48.010150,84.1636,84.54425,86.12093
2022-01-25 14:11:48.507048,83.90492,84.23475,86.00312
2022-01-25 14:11:49.004953,84.11161,84.54425,86.00312
2022-01-25 14:11:49.509907,83.90492,84.3895,85.53187
2022-01-25 14:11:50.009451,83.9569,84.3895,85.53187
2022-01-25 14:11:50.505814,84.42104,84.4935,86.08135
2022-01-25 14:11:51.003752,84.42104,84.54425,86.08135
2022-01-25 14:11:51.509320,84.21434,84.4415,85.06062
2022-01-25 14:11:52.008991,84.52377,84.751,85.06062
2022-01-25 14:11:52.505424,84.26632,84.699,85.96354
2022-01-25 14:11:53.003752,83.64747,84.132,85.96354
2022-01-25 14:11:53.510749,84.31831,84.699,85.7675
2022-01-25 14:11:54.010213,84.26632,84.54425,85.7675
2022-01-25 14:11:54.507045,84.05963,84.33875,86.27739
2022-01-25 14:11:55.006139,84.47302,84.59625,86.27739
2022-01-25 14:11:55.502741,83.69946,84.02925,85.68833
2022-01-25 14:11:56.001773,84.73046,84.90575,85.68833
2022-01-25 14:11:56.508253,84.05963,84.54425,85.49229
2022-01-25 14:11:57.007501,84.00888,84.28675,85.49229
2022-01-25 14:11:57.503215,84.1636,84.3895,85.33489
2022-01-25 14:11:58.001403,84.1636,84.54425,85.33489
2022-01-25 14:11:58.507186,84.57575,84.751,85.72791
2022-01-25 14:11:59.007410,83.90492,84.28675,85.72791
2022-01-25 14:11:59.503279,84.11161,84.54425,85.37447
2022-01-25 14:12:00.010681,84.26632,84.803,85.37447
2022-01-25 14:12:00.503984,84.62773,84.85375,85.72791
2022-01-25 14:12:01.002658,83.23532,83.66775,85.72791
2022-01-25 14:12:01.509143,84.52377,84.751,85.17843
2022-01-25 14:12:02.008313,84.21434,84.4415,85.17843
2022-01-25 14:12:02.504241,84.26632,84.64825,86.08135
2022-01-25 14:12:03.003752,84.47302,84.95775,86.08135
2022-01-25 14:12:03.510226,83.39003,83.8745,85.33489
2022-01-25 14:12:04.009104,84.78245,85.26725,85.33489
2022-01-25 14:12:04.506894,83.7502,84.28675,85.92395
2022-01-25 14:12:05.005288,84.47302,84.59625,85.92395
2022-01-25 14:12:05.501173,84.11161,84.184,85.37447
2022-01-25 14:12:06.010322,84.00888,84.4935,85.37447
2022-01-25 14:12:06.508912,83.9569,84.4415,85.29625
2022-01-25 14:12:07.008471,84.1636,84.54425,85.29625
2022-01-25 14:12:07.505824,84.31831,84.699,85.21708
2022-01-25 14:12:08.003866,83.9569,84.3895,85.21708
2022-01-25 14:12:08.511110,84.57575,84.803,86.35656
2022-01-25 14:12:09.009546,83.33805,83.461,86.35656
2022-01-25 14:12:09.506231,84.88517,84.751,229.73437
2022-01-25 14:12:10.005121,83.80219,84.08,229.73437
2022-01-25 14:12:10.510914,83.69946,84.23475,229.57697
2022-01-25 14:12:11.006454,84.52377,84.751,229.57697
2022-01-25 14:12:11.503624,83.44078,83.7705,188.06739
2022-01-25 14:12:12.002052,84.93716,85.1125,188.06739
2022-01-25 14:12:12.501876,83.9569,84.132,125.74458
2022-01-25 14:12:13.009622,84.47302,84.4935,125.74458
2022-01-25 14:12:13.508255,83.9569,84.132,92.0502
2022-01-25 14:12:14.006943,84.31831,84.803,92.0502
2022-01-25 14:12:14.503439,83.7502,84.184,93.50354
2022-01-25 14:12:15.001427,83.90492,84.23475,93.50354
2022-01-25 14:12:15.509700,84.47302,84.64825,92.12937
2022-01-25 14:12:16.009305,84.00888,84.54425,92.12937
2022-01-25 14:12:16.506008,84.62773,84.803,85.68833
2022-01-25 14:12:17.006292,84.05963,84.33875,85.68833
2022-01-25 14:12:18.005520,84.47302,84.90575,86.15958
2022-01-25 14:12:18.502125,84.31831,84.803,86.12093
2022-01-25 14:12:19.010735,84.00888,84.4935,86.12093
2022-01-25 14:12:19.506004,83.80219,84.3895,86.3952
2022-01-25 14:12:20.004431,84.42104,84.59625,86.3952
2022-01-25 14:12:20.510379,84.78245,84.95775,86.47437
2022-01-25 14:12:21.009325,83.64747,83.92525,86.47437
2022-01-25 14:12:21.506995,84.36905,84.85375,87.41687
2022-01-25 14:12:22.006819,83.85417,84.184,87.41687
2022-01-25 14:12:22.501906,84.36905,84.751,85.64968
2022-01-25 14:12:23.010755,83.85417,84.59625,85.64968
2022-01-25 14:12:23.506292,84.00888,84.23475,86.35656
2022-01-25 14:12:24.004368,84.31831,84.4415,86.35656
2022-01-25 14:12:24.506282,84.52377,84.751,85.49229
2022-01-25 14:12:25.004443,84.57575,85.21525,85.49229
2022-01-25 14:12:25.501192,83.59549,83.97725,85.7675
2022-01-25 14:12:26.010137,84.11161,84.4415,85.7675
2022-01-25 14:12:26.505000,83.85417,84.54425,85.80614
2022-01-25 14:12:27.005428,84.42104,84.751,85.80614
2022-01-25 14:12:27.502203,84.52377,84.59625,85.4527
2022-01-25 14:12:28.505198,84.57575,85.0085,85.37447
2022-01-25 14:12:29.003056,84.00888,84.54425,85.37447
2022-01-25 14:12:29.510060,84.57575,85.0085,85.96354
2022-01-25 14:12:30.002023,83.69946,84.23475,85.96354
2022-01-25 14:12:30.507659,84.05963,84.4415,85.21708
2022-01-25 14:12:31.008328,84.21434,84.4415,85.21708
2022-01-25 14:12:31.502731,84.47302,84.699,85.53187
2022-01-25 14:12:32.010552,84.36905,84.803,85.53187
2022-01-25 14:12:32.506353,84.00888,84.59625,85.64968
2022-01-25 14:12:33.004622,84.42104,84.64825,85.64968
2022-01-25 14:12:33.508602,84.11161,84.54425,85.80614
2022-01-25 14:12:34.006946,84.42104,84.95775,85.80614
2022-01-25 14:12:34.502131,83.85417,84.184,85.68833
2022-01-25 14:12:35.009854,84.21434,84.33875,85.68833
2022-01-25 14:12:35.507946,84.42104,84.59625,85.80614
2022-01-25 14:12:36.008314,84.1636,84.64825,85.80614
2022-01-25 14:12:36.503577,84.26632,84.64825,85.4527
2022-01-25 14:12:37.002041,83.9569,84.33875,85.4527
2022-01-25 14:12:37.506771,84.36905,84.64825,85.57051
2022-01-25 14:12:38.005009,83.90492,84.33875,85.57051
2022-01-25 14:12:38.510842,84.47302,84.59625,85.72791
2022-01-25 14:12:39.008786,84.21434,84.59625,85.72791
2022-01-25 14:12:39.504975,83.90492,84.23475,86.15958
2022-01-25 14:12:40.002898,84.47302,84.803,86.15958
2022-01-25 14:12:40.507213,84.21434,84.54425,86.04176
2022-01-25 14:12:41.005414,84.36905,84.803,86.04176
2022-01-25 14:12:41.502407,83.69946,84.4415,85.72791
2022-01-25 14:12:42.010598,84.31831,84.3895,85.72791
2022-01-25 14:12:42.505447,84.47302,84.4935,85.57051
2022-01-25 14:12:43.003381,84.05963,84.4415,85.57051
2022-01-25 14:12:43.510223,84.31831,84.751,85.64968
2022-01-25 14:12:44.008287,83.85417,84.184,85.64968
2022-01-25 14:12:44.505184,84.31831,84.59625,85.06062
2022-01-25 14:12:45.002874,84.42104,85.0605,85.06062
2022-01-25 14:12:45.509012,83.9569,84.3895,85.80614
2022-01-25 14:12:46.009202,84.26632,84.4935,85.80614
2022-01-25 14:12:46.504954,84.1636,84.33875,85.6101
2022-01-25 14:12:47.002579,84.42104,84.95775,85.6101
2022-01-25 14:12:47.508275,83.85417,84.28675,85.37447
2022-01-25 14:12:48.007195,84.52377,84.85375,85.37447
2022-01-25 14:12:48.502106,83.28607,83.7705,86.12093
2022-01-25 14:12:49.010397,84.83319,85.0085,86.12093
2022-01-25 14:12:49.504776,84.26632,84.64825,85.53187
2022-01-25 14:12:50.003666,83.7502,83.97725,85.53187
2022-01-25 14:12:50.510702,84.47302,84.699,85.96354
2022-01-25 14:12:51.009188,83.54475,83.92525,85.96354
2022-01-25 14:12:51.505958,84.73046,84.85375,85.53187
2022-01-25 14:12:52.004768,83.90492,84.4415,85.53187
2022-01-25 14:12:52.510448,84.11161,84.28675,85.53187
2022-01-25 14:12:53.009159,84.05963,84.54425,85.53187
2022-01-25 14:12:53.504084,84.47302,84.803,85.02104
2022-01-25 14:12:54.002227,84.78245,84.95775,85.02104
2022-01-25 14:12:54.507059,83.85417,84.184,86.12093
2022-01-25 14:12:55.006085,84.11161,84.33875,86.12093
2022-01-25 14:12:55.501314,83.80219,84.23475,85.4527
2022-01-25 14:12:56.010078,84.78245,84.90575,85.4527
2022-01-25 14:12:56.505138,83.54475,84.23475,85.96354
2022-01-25 14:12:57.002836,84.47302,84.64825,85.96354
2022-01-25 14:12:57.510119,84.1636,84.4415,85.49229
2022-01-25 14:12:58.008505,84.26632,84.699,85.49229
2022-01-25 14:12:58.505787,84.73046,84.85375,85.64968
2022-01-25 14:12:59.004451,83.59549,83.97725,85.64968
2022-01-25 14:12:59.501019,84.36905,84.64825,85.57051
2022-01-25 14:13:00.010392,83.7502,84.3895,85.57051
2022-01-25 14:13:00.503347,84.57575,84.64825,85.6101
2022-01-25 14:13:01.002340,83.80219,84.184,85.6101
2022-01-25 14:13:01.507926,84.1636,84.54425,85.92395
2022-01-25 14:13:02.007181,84.36905,84.751,85.92395
2022-01-25 14:13:02.502235,83.9569,84.33875,85.7675
2022-01-25 14:13:03.010793,84.36905,84.59625,85.7675
2022-01-25 14:13:03.508538,83.64747,84.33875,85.88531
2022-01-25 14:13:04.006147,84.42104,84.64825,85.88531
2022-01-25 14:13:04.502359,84.1636,84.64825,85.4527
2022-01-25 14:13:05.010302,84.1636,84.4415,85.4527
2022-01-25 14:13:05.504743,84.36905,84.85375,86.00312
2022-01-25 14:13:06.003277,84.05963,84.751,86.00312
2022-01-25 14:13:06.510230,84.05963,84.132,85.49229
2022-01-25 14:13:07.009417,84.00888,84.59625,85.49229
2022-01-25 14:13:07.506430,84.05963,84.54425,85.88531
2022-01-25 14:13:08.006413,84.11161,84.54425,85.88531
2022-01-25 14:13:08.502875,84.26632,84.54425,85.80614
2022-01-25 14:13:09.002311,84.26632,84.4415,85.80614
2022-01-25 14:13:09.508310,84.42104,84.699,85.57051
2022-01-25 14:13:10.007360,84.21434,84.699,85.57051
2022-01-25 14:13:10.502294,84.00888,84.4935,85.80614
2022-01-25 14:13:11.007133,84.26632,84.54425,85.80614
2022-01-25 14:13:11.503230,83.9569,84.54425,85.37447
2022-01-25 14:13:12.001468,84.1636,84.4935,85.37447
2022-01-25 14:13:12.509739,84.36905,84.59625,85.21708
2022-01-25 14:13:13.007988,83.90492,84.28675,85.21708
2022-01-25 14:13:13.502780,84.31831,84.54425,85.84572
2022-01-25 14:13:14.001561,84.05963,84.59625,85.84572
2022-01-25 14:13:14.507993,84.1636,84.4415,85.84572
2022-01-25 14:13:15.007262,83.9569,84.59625,85.84572
2022-01-25 14:13:15.505655,84.42104,84.54425,85.4527
2022-01-25 14:13:16.003821,84.36905,84.54425,85.4527
2022-01-25 14:13:16.502087,83.9569,84.3895,85.64968
2022-01-25 14:13:17.001448,84.05963,84.33875,85.64968
2022-01-25 14:13:17.506704,84.00888,84.4935,85.53187
2022-01-25 14:13:18.004510,84.21434,84.59625,85.53187
2022-01-25 14:13:18.510286,83.85417,84.64825,85.64968
2022-01-25 14:13:19.007573,84.47302,84.699,85.64968
2022-01-25 14:13:19.502834,84.00888,84.184,85.80614
2022-01-25 14:13:20.001088,84.52377,84.90575,85.80614
2022-01-25 14:13:20.507075,84.26632,84.59625,85.68833
2022-01-25 14:13:21.006262,83.7502,84.132,85.68833
2022-01-25 14:13:21.504508,84.26632,84.4415,85.92395
2022-01-25 14:13:22.003361,83.49276,84.33875,85.92395
2022-01-25 14:13:22.510160,84.9879,85.26725,86.15958
2022-01-25 14:13:23.007976,84.11161,84.184,86.15958
2022-01-25 14:13:23.507374,84.21434,84.3895,85.33489
2022-01-25 14:13:24.006342,84.11161,84.4415,85.33489
2022-01-25 14:13:24.501757,84.26632,84.699,85.7675
2022-01-25 14:13:25.009863,84.1636,84.4415,85.7675
2022-01-25 14:13:25.506736,83.7502,84.4415,85.49229
2022-01-25 14:13:26.006233,84.05963,84.33875,85.49229
2022-01-25 14:13:26.510985,84.42104,84.699,86.04176
2022-01-25 14:13:27.010425,84.21434,84.3895,86.04176
2022-01-25 14:13:27.509323,84.11161,84.28675,85.72791
2022-01-25 14:13:28.007933,84.26632,84.751,85.72791
2022-01-25 14:13:28.504268,84.11161,84.3895,85.33489
2022-01-25 14:13:29.003748,84.11161,84.699,85.33489
2022-01-25 14:13:29.509838,84.1636,84.4415,86.00312
2022-01-25 14:13:30.008196,84.26632,84.803,86.00312
2022-01-25 14:13:30.504012,84.36905,84.59625,85.64968
2022-01-25 14:13:31.002440,84.1636,84.3895,85.64968
2022-01-25 14:13:31.508477,84.62773,85.0085,86.51301
2022-01-25 14:13:32.007586,83.69946,84.08,86.51301
2022-01-25 14:13:32.502232,84.31831,84.90575,86.08135
2022-01-25 14:13:33.001124,83.85417,84.33875,86.08135
2022-01-25 14:13:33.501566,84.26632,84.90575,85.6101
2022-01-25 14:13:34.009849,84.26632,84.3895,85.6101
2022-01-25 14:13:34.504872,84.1636,84.4935,85.33489
2022-01-25 14:13:35.003686,84.1636,84.59625,85.33489
2022-01-25 14:13:35.508502,84.47302,84.64825,86.12093
2022-01-25 14:13:36.006193,84.1636,84.59625,86.12093
2022-01-25 14:13:36.501775,83.80219,84.08,85.80614
2022-01-25 14:13:37.002059,84.00888,84.85375,85.80614
2022-01-25 14:13:37.507383,84.21434,84.33875,85.13885
2022-01-25 14:13:38.006541,84.52377,84.64825,85.13885
2022-01-25 14:13:38.501545,84.00888,84.59625,85.41406
2022-01-25 14:13:39.010691,84.1636,84.4415,85.41406
2022-01-25 14:13:39.507890,84.21434,84.54425,85.68833
2022-01-25 14:13:40.006660,84.31831,84.4935,85.68833
2022-01-25 14:13:40.510949,84.00888,84.751,85.21708
2022-01-25 14:13:41.009356,84.1636,84.33875,85.21708
2022-01-25 14:13:41.503665,83.9569,84.132,85.92395
2022-01-25 14:13:42.002938,84.42104,84.64825,85.92395
2022-01-25 14:13:42.509139,84.47302,84.90575,85.4527
2022-01-25 14:13:43.007595,83.85417,84.4935,85.4527
2022-01-25 14:13:43.504507,84.26632,84.4935,85.53187
2022-01-25 14:13:44.003642,83.7502,84.3895,85.53187
2022-01-25 14:13:44.509507,84.31831,84.751,85.57051
2022-01-25 14:13:45.007401,84.26632,84.59625,85.57051
2022-01-25 14:13:45.503537,83.64747,83.8745,86.31697
2022-01-25 14:13:46.003394,84.36905,84.3895,86.31697
2022-01-25 14:13:46.511118,84.00888,84.4935,85.17843
2022-01-25 14:13:47.010224,84.62773,84.85375,85.17843
2022-01-25 14:13:47.507984,83.69946,84.28675,85.72791
2022-01-25 14:13:48.007550,84.1636,84.4415,85.72791
2022-01-25 14:13:48.506289,83.90492,84.3895,85.37447
2022-01-25 14:13:49.005853,84.47302,84.85375,85.37447
2022-01-25 14:13:49.501553,84.57575,84.54425,85.29625
2022-01-25 14:13:50.010806,83.59549,84.08,85.29625
2022-01-25 14:13:50.506876,84.21434,84.28675,85.21708
2022-01-25 14:13:51.004973,84.21434,84.90575,85.21708
2022-01-25 14:13:51.510253,84.26632,84.33875,85.49229
2022-01-25 14:13:52.009202,84.11161,84.64825,85.49229
2022-01-25 14:13:52.504053,83.90492,84.08,85.53187
2022-01-25 14:13:53.003302,84.31831,84.54425,85.53187
2022-01-25 14:13:53.509422,84.52377,84.95775,85.72791
2022-01-25 14:13:54.009048,84.1636,84.4415,85.72791
2022-01-25 14:13:54.507967,83.9569,84.3895,85.72791
2022-01-25 14:13:55.006759,84.21434,84.751,85.72791
2022-01-25 14:13:55.503466,83.85417,84.4935,85.57051
2022-01-25 14:13:56.002560,84.42104,84.33875,85.57051
2022-01-25 14:13:56.509545,84.31831,84.33875,85.64968
2022-01-25 14:13:57.002080,84.00888,84.28675,85.64968
2022-01-25 14:13:57.509982,84.31831,84.64825,85.84572
2022-01-25 14:13:58.008847,84.05963,84.85375,85.84572
2022-01-25 14:13:58.504672,84.1636,84.4935,86.47437
2022-01-25 14:13:59.003694,83.90492,84.59625,86.47437
2022-01-25 14:13:59.510105,84.05963,84.23475,86.00312
2022-01-25 14:14:00.007968,84.42104,84.4415,86.00312
2022-01-25 14:14:00.505036,84.42104,84.64825,85.80614
2022-01-25 14:14:01.003325,83.9569,84.132,85.80614
2022-01-25 14:14:01.502180,84.00888,84.64825,85.64968
2022-01-25 14:14:02.000971,84.1636,84.4415,85.64968
2022-01-25 14:14:02.507246,83.80219,84.3895,86.00312
2022-01-25 14:14:03.006145,84.36905,84.803,86.00312
2022-01-25 14:14:03.502446,84.1636,84.3895,85.72791
2022-01-25 14:14:04.002254,84.00888,84.28675,85.72791
2022-01-25 14:14:04.508188,84.67848,84.751,85.53187
2022-01-25 14:14:05.006000,83.59549,84.184,85.53187
2022-01-25 14:14:05.502051,84.31831,84.751,84.98145
2022-01-25 14:14:06.011250,83.39003,84.02925,84.98145
2022-01-25 14:14:06.506702,84.42104,84.4935,85.49229
2022-01-25 14:14:07.005395,84.1636,84.54425,85.49229
2022-01-25 14:14:07.510927,84.31831,84.803,85.57051
2022-01-25 14:14:08.009638,84.05963,84.184,85.57051
2022-01-25 14:14:08.505131,84.05963,84.54425,85.25666
2022-01-25 14:14:09.003620,84.67848,84.90575,85.25666
2022-01-25 14:14:09.509658,84.00888,84.54425,85.96354
2022-01-25 14:14:10.007761,84.11161,84.33875,85.96354
2022-01-25 14:14:10.505778,83.69946,84.02925,85.72791
2022-01-25 14:14:11.009804,84.52377,84.751,85.72791
2022-01-25 14:14:11.505446,84.62773,84.751,85.57051
2022-01-25 14:14:12.003447,83.69946,84.28675,85.57051
2022-01-25 14:14:12.508983,84.36905,84.59625,85.53187
2022-01-25 14:14:13.008407,83.90492,84.4935,85.53187
2022-01-25 14:14:13.503479,84.36905,84.751,86.15958
2022-01-25 14:14:14.001271,83.7502,84.3895,86.15958
2022-01-25 14:14:14.509189,84.26632,84.4935,85.49229
2022-01-25 14:14:15.007455,84.00888,84.08,85.49229
2022-01-25 14:14:15.505365,84.62773,85.1125,85.84572
2022-01-25 14:14:16.004306,83.9569,84.3895,85.84572
2022-01-25 14:14:16.501813,84.05963,84.4415,85.88531
2022-01-25 14:14:17.010440,84.26632,84.4935,85.88531
2022-01-25 14:14:17.505478,83.59549,84.184,85.09926
2022-01-25 14:14:18.005889,84.67848,85.16325,85.09926
2022-01-25 14:14:18.501807,83.9569,84.132,86.43479
2022-01-25 14:14:19.010415,84.42104,84.85375,86.43479
2022-01-25 14:14:19.504996,84.11161,84.33875,85.4527
2022-01-25 14:14:20.003190,84.57575,85.0605,85.4527
2022-01-25 14:14:20.502135,84.21434,84.3895,85.29625
2022-01-25 14:14:21.010155,83.85417,84.3895,85.29625
2022-01-25 14:14:21.504272,83.90492,84.23475,85.17843
2022-01-25 14:14:22.003494,84.26632,84.54425,85.17843
2022-01-25 14:14:22.508495,84.11161,84.59625,85.7675
2022-01-25 14:14:23.008205,84.1636,84.23475,85.7675
2022-01-25 14:14:23.507456,84.00888,84.59625,85.80614
2022-01-25 14:14:24.006184,84.36905,84.54425,85.80614
2022-01-25 14:14:24.501301,84.00888,84.54425,85.72791
2022-01-25 14:14:25.008857,84.62773,84.90575,85.72791
2022-01-25 14:14:25.503301,83.64747,83.92525,85.06062
2022-01-25 14:14:26.010602,84.36905,84.803,85.06062
2022-01-25 14:14:26.505065,84.11161,84.33875,86.23875
2022-01-25 14:14:27.006337,84.1636,84.64825,86.23875
2022-01-25 14:14:27.501644,84.42104,84.699,85.88531
2022-01-25 14:14:28.010570,83.85417,84.4415,85.88531
2022-01-25 14:14:28.507264,84.21434,84.751,86.00312
2022-01-25 14:14:29.005766,83.85417,84.23475,86.00312
2022-01-25 14:14:29.501180,84.26632,84.28675,85.4527
2022-01-25 14:14:30.011207,84.52377,84.64825,85.4527
2022-01-25 14:14:30.508485,83.64747,84.33875,85.53187
2022-01-25 14:14:31.007973,84.21434,84.23475,85.53187
2022-01-25 14:14:31.503717,83.69946,84.02925,86.35656
2022-01-25 14:14:32.002920,84.42104,84.751,86.35656
2022-01-25 14:14:32.510902,83.59549,84.02925,238.05947
2022-01-25 14:14:33.009104,84.21434,84.54425,238.05947
2022-01-25 14:14:33.503415,84.57575,84.132,215.04645
2022-01-25 14:14:34.002382,83.80219,84.23475,215.04645
2022-01-25 14:14:34.508670,84.42104,84.751,148.40416
2022-01-25 14:14:35.007274,83.44078,83.8745,148.40416
2022-01-25 14:14:35.503084,84.88517,85.0605,96.88051
2022-01-25 14:14:36.002992,83.44078,84.08,96.88051
2022-01-25 14:14:36.510304,84.00888,84.08,91.97197
2022-01-25 14:14:37.009738,84.1636,84.132,91.97197
2022-01-25 14:14:37.506511,84.42104,84.751,89.45833
2022-01-25 14:14:38.004269,84.21434,84.28675,89.45833
2022-01-25 14:14:38.510638,84.26632,84.85375,87.37729
2022-01-25 14:14:39.009293,84.05963,84.3895,87.37729
2022-01-25 14:14:39.503614,83.80219,84.23475,86.08135
2022-01-25 14:14:40.002177,84.73046,85.1125,86.08135
2022-01-25 14:14:40.509112,83.90492,83.8745,86.51301
2022-01-25 14:14:41.007679,84.42104,84.64825,86.51301
2022-01-25 14:14:41.503870,84.05963,84.28675,85.72791
2022-01-25 14:14:42.010632,84.11161,84.59625,85.72791
2022-01-25 14:14:42.505184,84.36905,84.699,85.88531
2022-01-25 14:14:43.003553,83.69946,84.28675,85.88531
2022-01-25 14:14:43.510924,83.80219,84.08,86.74864
2022-01-25 14:14:44.010817,84.47302,84.64825,86.74864
2022-01-25 14:14:44.506424,84.36905,84.90575,86.31697
2022-01-25 14:14:45.004936,84.26632,84.3895,86.31697
2022-01-25 14:14:45.503413,84.21434,84.59625,85.64968
2022-01-25 14:14:46.002941,83.7502,83.8745,85.64968
2022-01-25 14:14:46.507820,84.57575,85.26725,85.41406
2022-01-25 14:14:47.006045,83.9569,84.132,85.41406
2022-01-25 14:14:47.502471,83.90492,84.184,85.88531
2022-01-25 14:14:48.002024,84.1636,84.64825,85.88531
2022-01-25 14:14:48.507389,84.31831,84.4415,85.41406
2022-01-25 14:14:49.005857,84.47302,84.85375,85.41406
2022-01-25 14:14:49.502336,84.05963,84.28675,86.08135
2022-01-25 14:14:50.002929,84.21434,84.54425,86.08135
2022-01-25 14:14:50.502833,83.9569,84.4415,85.4527
2022-01-25 14:14:51.505406,83.90492,84.184,85.29625
2022-01-25 14:14:52.003927,84.47302,84.64825,85.29625
2022-01-25 14:14:52.510359,84.11161,84.54425,85.57051
2022-01-25 14:14:53.007887,84.36905,84.54425,85.57051
2022-01-25 14:14:53.504208,84.26632,84.699,85.72791
2022-01-25 14:14:54.002907,84.26632,84.59625,85.72791
2022-01-25 14:14:54.509326,83.85417,84.28675,86.78822
2022-01-25 14:14:55.008357,84.26632,84.751,86.78822
2022-01-25 14:14:55.506008,84.26632,84.4935,85.96354
2022-01-25 14:14:56.007545,84.26632,84.59625,85.96354
2022-01-25 14:14:56.503144,83.9569,84.132,86.31697
2022-01-25 14:14:57.002410,83.9569,84.4935,86.31697
2022-01-25 14:14:57.506790,84.73046,85.0085,85.80614
2022-01-25 14:14:58.004434,83.90492,84.23475,85.80614
2022-01-25 14:14:58.501439,83.85417,84.4415,85.64968
2022-01-25 14:14:59.010722,84.11161,84.4415,85.64968
2022-01-25 14:14:59.507546,84.31831,84.699,85.88531
2022-01-25 14:15:00.004220,84.52377,84.699,85.88531
2022-01-25 14:15:00.508741,84.11161,84.54425,85.57051
2022-01-25 14:15:01.008560,84.00888,84.4935,85.57051
2022-01-25 14:15:01.504264,83.85417,84.08,85.17843
2022-01-25 14:15:02.002822,84.78245,85.1125,85.17843
2022-01-25 14:15:02.507884,83.85417,84.23475,86.04176
2022-01-25 14:15:03.007432,84.47302,85.0085,86.04176
2022-01-25 14:15:03.505157,84.05963,84.08,85.84572
2022-01-25 14:15:04.003939,83.90492,84.33875,85.84572
2022-01-25 14:15:04.510937,84.78245,85.0605,84.94281
2022-01-25 14:15:05.010664,84.00888,84.33875,84.94281
2022-01-25 14:15:05.505988,84.1636,84.4415,86.31697
2022-01-25 14:15:06.005793,83.80219,84.23475,86.31697
2022-01-25 14:15:06.503200,84.73046,85.0085,86.04176
2022-01-25 14:15:07.004304,84.67848,84.64825,86.04176
2022-01-25 14:15:07.509336,83.54475,83.97725,85.57051
2022-01-25 14:15:08.010181,84.00888,84.23475,85.57051
2022-01-25 14:15:08.506383,84.31831,84.699,85.7675
2022-01-25 14:15:09.004793,84.21434,84.64825,85.7675
2022-01-25 14:15:09.502124,84.11161,84.59625,85.68833
2022-01-25 14:15:10.010620,84.11161,84.3895,85.68833
2022-01-25 14:15:10.503604,84.52377,84.54425,85.29625
2022-01-25 14:15:11.003160,84.52377,84.85375,85.29625
2022-01-25 14:15:11.509297,84.05963,84.4415,85.92395
2022-01-25 14:15:12.010369,83.7502,84.02925,85.92395
2022-01-25 14:15:12.506754,84.31831,84.64825,85.53187
2022-01-25 14:15:13.005941,83.69946,84.28675,85.53187
2022-01-25 14:15:13.502081,84.78245,85.21525,85.88531
2022-01-25 14:15:14.010231,84.21434,84.4415,85.88531
2022-01-25 14:15:14.505212,84.52377,84.803,85.4527
2022-01-25 14:15:15.003414,84.05963,84.3895,85.4527
2022-01-25 14:15:15.510456,84.26632,84.59625,85.7675
2022-01-25 14:15:16.008989,84.11161,84.4415,85.7675
2022-01-25 14:15:16.504854,83.9569,84.4935,86.23875
2022-01-25 14:15:17.004108,83.90492,84.28675,86.23875
2022-01-25 14:15:17.501130,84.62773,84.64825,85.37447
2022-01-25 14:15:18.010008,84.36905,84.64825,85.37447
2022-01-25 14:15:18.506359,84.52377,84.64825,85.6101
2022-01-25 14:15:19.008087,83.69946,84.184,85.6101
2022-01-25 14:15:19.504074,84.42104,84.699,85.41406
2022-01-25 14:15:20.003078,83.69946,84.08,85.41406
2022-01-25 14:15:20.509533,84.52377,85.0605,85.7675
2022-01-25 14:15:21.008699,83.85417,84.08,85.7675
2022-01-25 14:15:21.504016,84.21434,84.64825,85.84572
2022-01-25 14:15:22.002930,84.52377,84.699,85.84572
2022-01-25 14:15:23.005505,84.21434,84.54425,85.92395
2022-01-25 14:15:23.502325,83.7502,84.33875,85.53187
2022-01-25 14:15:24.010281,84.05963,84.59625,85.53187
2022-01-25 14:15:24.507226,83.90492,84.4415,85.64968
2022-01-25 14:15:25.004104,84.47302,84.699,85.64968
2022-01-25 14:15:25.511182,84.57575,84.803,85.41406
2022-01-25 14:15:26.010204,83.9569,84.28675,85.41406
2022-01-25 14:15:26.508232,84.67848,84.95775,85.13885
2022-01-25 14:15:27.005165,83.9569,84.28675,85.13885
2022-01-25 14:15:27.501648,84.42104,84.95775,85.7675
2022-01-25 14:15:28.009772,83.18334,84.02925,85.7675
2022-01-25 14:15:28.504609,84.52377,84.85375,86.15958
2022-01-25 14:15:29.003330,84.31831,84.4935,86.15958
2022-01-25 14:15:29.510140,84.11161,84.699,85.80614
2022-01-25 14:15:30.007969,84.42104,84.64825,85.80614
2022-01-25 14:15:30.504014,83.7502,83.97725,85.4527
2022-01-25 14:15:31.003479,84.62773,85.0085,85.4527
2022-01-25 14:15:31.508375,83.90492,84.4935,85.92395
2022-01-25 14:15:32.008311,83.80219,84.132,85.92395
2022-01-25 14:15:32.504601,84.1636,84.28675,85.29625
2022-01-25 14:15:33.003137,84.62773,85.0085,85.29625
2022-01-25 14:15:33.508612,83.80219,84.184,85.88531
2022-01-25 14:15:34.007040,84.31831,84.751,85.88531
2022-01-25 14:15:34.501940,84.00888,84.4935,85.72791
2022-01-25 14:15:35.005565,83.80219,84.28675,85.72791
2022-01-25 14:15:35.501721,84.57575,84.95775,84.94281
2022-01-25 14:15:36.009562,84.05963,84.33875,84.94281
2022-01-25 14:15:36.505502,84.21434,84.3895,85.80614
2022-01-25 14:15:37.004387,84.1636,84.54425,85.80614
2022-01-25 14:15:37.510369,83.90492,84.4415,85.49229
2022-01-25 14:15:38.009088,84.67848,85.0605,85.49229
2022-01-25 14:15:38.503759,83.7502,84.23475,85.25666
2022-01-25 14:15:39.003843,84.47302,84.803,85.25666
2022-01-25 14:15:39.502811,83.9569,84.28675,86.12093
2022-01-25 14:15:40.001097,84.31831,84.64825,86.12093
2022-01-25 14:15:40.506510,84.36905,84.54425,85.92395
2022-01-25 14:15:41.006337,84.00888,84.4935,85.92395
2022-01-25 14:15:41.501934,84.05963,84.4415,85.57051
2022-01-25 14:15:42.505314,84.26632,84.59625,85.49229
2022-01-25 14:15:43.004379,83.85417,84.28675,85.49229
2022-01-25 14:15:43.510598,84.26632,84.64825,85.64968
2022-01-25 14:15:44.005663,84.67848,84.803,85.64968
2022-01-25 14:15:44.501481,83.44078,83.66775,85.72791
2022-01-25 14:15:45.002258,84.62773,84.95775,85.72791
2022-01-25 14:15:45.507620,83.59549,83.8225,85.7675
2022-01-25 14:15:46.006989,84.93716,85.422,85.7675
2022-01-25 14:15:46.502214,83.69946,84.132,85.80614
2022-01-25 14:15:47.010594,84.11161,84.33875,85.80614
2022-01-25 14:15:47.507016,84.73046,84.90575,85.53187
2022-01-25 14:15:48.006621,84.00888,84.28675,85.53187
2022-01-25 14:15:48.503152,84.31831,84.803,85.41406
2022-01-25 14:15:49.003545,83.64747,84.08,85.41406
2022-01-25 14:15:49.510885,84.42104,84.90575,86.3952
2022-01-25 14:15:50.009833,83.7502,84.3895,86.3952
2022-01-25 14:15:50.505081,84.52377,84.90575,85.64968
2022-01-25 14:15:51.008466,84.21434,84.23475,85.64968
2022-01-25 14:15:51.503516,84.47302,84.64825,86.00312
