時間,回転１,回転２,回転３
2022-01-25 08:00:05.014898,29.4981,29.86675,0.0
2022-01-25 08:00:05.505540,30.27166,29.50525,0.0
2022-01-25 08:00:06.003094,31.50936,31.1555,0.0
2022-01-25 08:00:06.509763,31.04522,30.69125,0.0
2022-01-25 08:00:07.009474,30.01422,30.5365,0.0
2022-01-25 08:00:07.505181,29.85951,30.07225,0.0
2022-01-25 08:00:08.004654,29.60083,30.6405,0.0
2022-01-25 08:00:08.509883,30.9425,30.227,0.0
2022-01-25 08:00:09.009138,30.5291,31.00075,0.0
2022-01-25 08:00:09.505327,30.01422,30.846,0.0
2022-01-25 08:00:10.004125,29.18867,29.9175,0.0
2022-01-25 08:00:10.509775,28.98198,30.48575,0.0
2022-01-25 08:00:11.004198,31.04522,30.74325,0.0
2022-01-25 08:00:11.511357,30.83853,30.43375,0.0
2022-01-25 08:00:12.008921,29.91025,30.12425,0.0
2022-01-25 08:00:12.504577,29.39537,30.48575,0.0
2022-01-25 08:00:13.002818,30.42637,30.43375,0.0
2022-01-25 08:00:13.508522,30.89051,30.74325,0.0
2022-01-25 08:00:14.008422,30.42637,30.5365,0.0
2022-01-25 08:00:14.503928,30.11695,30.12425,0.0
2022-01-25 08:00:15.003864,29.96224,30.5885,0.0
2022-01-25 08:00:15.509823,30.21968,31.00075,0.0
2022-01-25 08:00:16.009117,30.37439,30.12425,0.0
2022-01-25 08:00:16.505404,30.83853,30.43375,0.0
2022-01-25 08:00:17.004683,30.27166,30.48575,0.0
2022-01-25 08:00:17.510477,30.11695,30.279,0.0
2022-01-25 08:00:18.005941,30.63307,30.5365,0.0
2022-01-25 08:00:18.501357,30.99324,30.43375,0.0
2022-01-25 08:00:19.009994,30.47836,30.43375,0.0
2022-01-25 08:00:19.507519,30.16893,30.6405,0.0
2022-01-25 08:00:20.006052,29.60083,30.69125,0.0
2022-01-25 08:00:20.505865,30.78778,30.12425,0.0
2022-01-25 08:00:21.003932,31.25192,30.6405,0.0
2022-01-25 08:00:21.501071,30.47836,30.74325,0.0
2022-01-25 08:00:22.010884,29.96224,30.48575,0.0
2022-01-25 08:00:22.506824,29.24066,30.69125,0.0
2022-01-25 08:00:23.006038,29.96224,30.12425,0.0
2022-01-25 08:00:23.502684,31.04522,30.17625,0.0
2022-01-25 08:00:24.010808,30.68382,30.95,0.0
2022-01-25 08:00:24.506786,30.21968,30.331,0.0
2022-01-25 08:00:25.006724,29.03396,30.227,0.0
2022-01-25 08:00:25.502774,30.7358,30.846,0.0
2022-01-25 08:00:26.011217,31.35465,30.43375,0.0
2022-01-25 08:00:26.508159,30.78778,30.48575,0.0
2022-01-25 08:00:27.004980,29.55008,30.5885,0.0
2022-01-25 08:00:27.501464,28.77652,30.12425,0.0
2022-01-25 08:00:28.009150,29.85951,30.846,0.0
2022-01-25 08:00:28.504172,31.56135,30.95,0.0
2022-01-25 08:00:29.004162,30.63307,30.279,0.0
2022-01-25 08:00:29.502223,29.85951,30.12425,0.0
2022-01-25 08:00:30.010994,29.4981,30.43375,0.0
2022-01-25 08:00:30.507733,30.27166,30.69125,0.0
2022-01-25 08:00:31.005920,30.89051,30.69125,0.0
2022-01-25 08:00:31.502745,30.21968,30.48575,0.0
2022-01-25 08:00:32.010152,29.80752,30.331,0.0
2022-01-25 08:00:32.508182,29.96224,30.279,0.0
2022-01-25 08:00:33.006196,30.9425,30.74325,0.0
2022-01-25 08:00:33.501997,30.99324,30.69125,0.0
2022-01-25 08:00:34.010404,30.16893,30.279,0.0
2022-01-25 08:00:34.506397,29.2914,30.74325,0.0
2022-01-25 08:00:35.004270,29.4981,30.74325,0.0
2022-01-25 08:00:35.510814,30.47836,30.12425,0.0
2022-01-25 08:00:36.009511,30.7358,30.74325,0.0
2022-01-25 08:00:36.506650,30.21968,30.5885,0.0
2022-01-25 08:00:37.504917,30.27166,30.69125,0.0
2022-01-25 08:00:38.000851,30.7358,30.5365,0.0
2022-01-25 08:00:38.507919,30.21968,30.227,0.0
2022-01-25 08:00:39.006368,29.85951,30.43375,0.0
2022-01-25 08:00:39.510637,29.34339,30.69125,0.0
2022-01-25 08:00:40.009242,30.63307,30.279,0.0
2022-01-25 08:00:40.504569,30.42637,30.79525,0.0
2022-01-25 08:00:41.004086,30.5291,30.846,0.0
2022-01-25 08:00:41.509563,29.80752,30.227,0.0
2022-01-25 08:00:42.008114,29.60083,30.279,0.0
2022-01-25 08:00:42.503579,31.04522,30.74325,0.0
2022-01-25 08:00:43.011214,30.68382,30.227,0.0
2022-01-25 08:00:43.506867,30.47836,30.38175,0.0
2022-01-25 08:00:44.007040,30.11695,30.69125,0.0
2022-01-25 08:00:44.502802,29.34339,30.12425,0.0
2022-01-25 08:00:45.002359,29.91025,30.279,0.0
2022-01-25 08:00:45.510411,31.19994,31.10475,0.0
2022-01-25 08:00:46.009916,30.83853,30.48575,0.0
2022-01-25 08:00:46.505764,29.91025,29.9175,0.0
2022-01-25 08:00:47.007488,28.62181,30.846,0.0
2022-01-25 08:00:47.502980,30.27166,30.5885,0.0
2022-01-25 08:00:48.001159,31.35465,30.331,0.0
2022-01-25 08:00:48.501091,30.78778,30.846,0.0
2022-01-25 08:00:49.010801,30.16893,30.227,0.0
2022-01-25 08:00:49.508943,29.34339,30.0215,0.0
2022-01-25 08:00:50.008329,30.63307,30.898,0.0
2022-01-25 08:00:50.504625,31.25192,30.38175,0.0
2022-01-25 08:00:51.003657,30.63307,30.0215,0.0
2022-01-25 08:00:51.510456,30.01422,30.279,0.0
2022-01-25 08:00:52.009237,28.93123,30.846,0.0
2022-01-25 08:00:52.504447,30.9425,30.331,0.0
2022-01-25 08:00:53.004165,30.89051,30.846,0.0
2022-01-25 08:00:53.503065,30.7358,30.79525,0.0
2022-01-25 08:00:54.011031,29.85951,30.07225,0.0
2022-01-25 08:00:54.506898,29.7048,30.48575,0.0
2022-01-25 08:00:55.004786,30.58109,31.00075,0.0
2022-01-25 08:00:55.502767,30.83853,30.331,0.0
2022-01-25 08:00:56.010833,30.37439,29.76275,0.0
2022-01-25 08:00:56.509345,29.2914,30.12425,0.0
2022-01-25 08:00:57.007490,29.80752,30.5365,0.0
2022-01-25 08:00:57.504675,30.27166,30.12425,0.0
2022-01-25 08:00:58.003046,30.9425,30.79525,0.0
2022-01-25 08:00:58.510224,30.32365,30.48575,0.0
2022-01-25 08:00:59.007932,29.7048,30.38175,0.0
2022-01-25 08:00:59.504241,30.11695,31.2075,0.0
2022-01-25 08:01:00.003381,30.27166,30.5365,0.0
2022-01-25 08:01:00.505131,30.78778,30.17625,0.0
2022-01-25 08:01:01.003358,30.21968,30.79525,0.0
2022-01-25 08:01:01.501217,29.34339,30.38175,0.0
2022-01-25 08:01:02.010260,29.55008,29.9695,0.0
2022-01-25 08:01:02.505971,30.5291,30.5365,0.0
2022-01-25 08:01:03.004271,31.04522,30.43375,0.0
2022-01-25 08:01:03.510483,30.06497,30.17625,0.0
2022-01-25 08:01:04.008254,29.60083,30.69125,0.0
2022-01-25 08:01:04.503317,29.7048,30.5885,0.0
2022-01-25 08:01:05.002569,30.68382,30.48575,0.0
2022-01-25 08:01:05.508018,30.7358,30.95,0.0
2022-01-25 08:01:06.007921,30.37439,30.5365,0.0
2022-01-25 08:01:06.503312,29.80752,30.07225,0.0
2022-01-25 08:01:07.001093,28.98198,30.43375,0.0
2022-01-25 08:01:07.506803,31.04522,30.5885,0.0
2022-01-25 08:01:08.004653,31.09721,30.331,0.0
2022-01-25 08:01:08.510643,30.16893,30.38175,0.0
2022-01-25 08:01:09.006838,29.44612,30.227,0.0
2022-01-25 08:01:09.502418,29.18867,30.279,0.0
2022-01-25 08:01:10.001185,30.37439,30.95,0.0
2022-01-25 08:01:10.507648,31.14795,30.69125,0.0
2022-01-25 08:01:11.003618,29.80752,30.38175,0.0
2022-01-25 08:01:11.508905,28.93123,30.43375,0.0
2022-01-25 08:01:12.008253,28.62181,30.69125,0.0
2022-01-25 08:01:12.503986,31.09721,30.69125,0.0
2022-01-25 08:01:13.001940,31.09721,30.227,0.0
2022-01-25 08:01:13.507308,30.32365,30.12425,0.0
2022-01-25 08:01:14.004470,28.93123,30.5365,0.0
2022-01-25 08:01:14.510873,29.85951,30.38175,0.0
2022-01-25 08:01:15.009888,30.99324,30.69125,0.0
2022-01-25 08:01:15.506165,30.63307,30.12425,0.0
2022-01-25 08:01:16.004115,30.47836,30.38175,0.0
2022-01-25 08:01:16.509472,29.7048,31.00075,0.0
2022-01-25 08:01:17.007720,30.32365,30.5365,0.0
2022-01-25 08:01:17.504310,30.27166,30.5365,0.0
2022-01-25 08:01:18.002742,30.78778,30.331,0.0
2022-01-25 08:01:18.508143,29.80752,30.279,0.0
2022-01-25 08:01:19.006248,29.13669,30.846,0.0
2022-01-25 08:01:19.503984,29.80752,30.279,0.0
2022-01-25 08:01:20.002705,30.78778,30.12425,0.0
2022-01-25 08:01:20.507701,30.06497,30.38175,0.0
2022-01-25 08:01:21.006000,29.96224,30.43375,0.0
2022-01-25 08:01:21.501201,30.01422,30.38175,0.0
2022-01-25 08:01:22.009460,30.58109,30.5365,0.0
2022-01-25 08:01:22.507353,30.21968,30.74325,0.0
2022-01-25 08:01:23.006824,29.96224,30.43375,0.0
2022-01-25 08:01:23.504414,29.44612,30.79525,0.0
2022-01-25 08:01:24.003809,30.16893,30.48575,0.0
2022-01-25 08:01:24.509746,30.42637,30.227,0.0
2022-01-25 08:01:25.007952,30.42637,30.79525,0.0
2022-01-25 08:01:25.504259,30.06497,30.5885,0.0
2022-01-25 08:01:26.003210,29.65281,29.9175,0.0
2022-01-25 08:01:26.508257,30.47836,30.5365,0.0
2022-01-25 08:01:27.006149,30.21968,30.48575,0.0
2022-01-25 08:01:27.511180,30.42637,30.279,0.0
2022-01-25 08:01:28.008722,30.32365,30.74325,0.0
2022-01-25 08:01:28.507061,29.7048,30.48575,0.0
2022-01-25 08:01:29.003090,29.60083,30.279,0.0
2022-01-25 08:01:29.509892,30.32365,31.1555,0.0
2022-01-25 08:01:30.010699,30.58109,30.5365,0.0
2022-01-25 08:01:30.505893,30.27166,30.12425,0.0
2022-01-25 08:01:31.005041,29.60083,30.5365,0.0
2022-01-25 08:01:31.501268,29.85951,30.5885,0.0
2022-01-25 08:01:32.011119,31.14795,30.331,0.0
2022-01-25 08:01:32.505761,31.45738,30.227,0.0
2022-01-25 08:01:33.006992,30.21968,30.5885,0.0
2022-01-25 08:01:33.502776,29.55008,30.17625,0.0
2022-01-25 08:01:34.002065,29.60083,30.69125,0.0
2022-01-25 08:01:34.507657,30.01422,30.69125,0.0
2022-01-25 08:01:35.006109,30.7358,30.38175,0.0
2022-01-25 08:01:35.502561,30.27166,30.43375,0.0
2022-01-25 08:01:36.010786,29.18867,30.898,0.0
2022-01-25 08:01:36.506083,28.98198,30.5365,0.0
2022-01-25 08:01:37.003971,31.19994,30.227,0.0
2022-01-25 08:01:37.503085,31.04522,30.74325,0.0
2022-01-25 08:01:38.002348,30.06497,30.5365,0.0
2022-01-25 08:01:38.507175,29.4981,30.227,0.0
2022-01-25 08:01:39.004608,28.51784,30.95,0.0
2022-01-25 08:01:39.510864,31.25192,30.5365,0.0
2022-01-25 08:01:40.008694,31.30267,29.86675,0.0
2022-01-25 08:01:40.502318,29.75554,30.69125,0.0
2022-01-25 08:01:41.010156,29.18867,30.69125,0.0
2022-01-25 08:01:41.506557,28.67255,30.38175,0.0
2022-01-25 08:01:42.006517,30.63307,30.79525,0.0
2022-01-25 08:01:42.501374,30.58109,30.79525,0.0
2022-01-25 08:01:43.009847,29.91025,29.9175,0.0
2022-01-25 08:01:43.504333,29.18867,30.6405,0.0
2022-01-25 08:01:44.002431,30.27166,30.898,0.0
2022-01-25 08:01:44.509835,31.14795,30.279,0.0
2022-01-25 08:01:45.008407,30.7358,30.227,0.0
2022-01-25 08:01:45.504292,30.01422,30.846,0.0
2022-01-25 08:01:46.003440,28.98198,30.12425,0.0
2022-01-25 08:01:46.510724,29.85951,30.43375,0.0
2022-01-25 08:01:47.007766,30.58109,30.898,0.0
2022-01-25 08:01:47.503908,30.63307,30.279,0.0
2022-01-25 08:01:48.002091,29.91025,30.17625,0.0
2022-01-25 08:01:48.508911,28.77652,31.10475,0.0
2022-01-25 08:01:49.007972,30.78778,30.43375,0.0
2022-01-25 08:01:49.502442,31.25192,30.07225,0.0
2022-01-25 08:01:50.001877,30.58109,30.5885,0.0
2022-01-25 08:01:50.510854,30.11695,30.79525,0.0
2022-01-25 08:01:51.008522,29.03396,30.17625,0.0
2022-01-25 08:01:51.504250,30.21968,30.79525,0.0
2022-01-25 08:01:52.002940,31.09721,30.5885,0.0
2022-01-25 08:01:52.508868,31.09721,29.76275,0.0
2022-01-25 08:01:53.006674,29.65281,30.6405,0.0
2022-01-25 08:01:53.502540,29.24066,30.898,0.0
2022-01-25 08:01:54.010602,29.96224,30.38175,0.0
2022-01-25 08:01:54.506345,30.42637,30.17625,0.0
2022-01-25 08:01:55.004122,30.37439,30.6405,0.0
2022-01-25 08:01:55.510682,30.01422,30.227,0.0
2022-01-25 08:01:56.008478,28.77652,30.898,0.0
2022-01-25 08:01:56.502506,29.85951,30.898,0.0
2022-01-25 08:01:57.001821,30.58109,30.17625,0.0
2022-01-25 08:01:57.510285,30.27166,30.227,0.0
2022-01-25 08:01:58.008494,29.60083,30.898,0.0
2022-01-25 08:01:58.503880,28.72454,30.331,0.0
2022-01-25 08:01:59.003156,30.63307,29.9695,0.0
2022-01-25 08:01:59.510759,30.7358,30.69125,0.0
2022-01-25 08:02:00.010638,30.42637,30.38175,0.0
2022-01-25 08:02:00.503331,29.7048,30.74325,0.0
2022-01-25 08:02:01.001998,30.63307,30.69125,0.0
2022-01-25 08:02:01.508160,31.35465,30.331,0.0
2022-01-25 08:02:02.006671,30.68382,30.6405,0.0
2022-01-25 08:02:02.504941,30.16893,30.6405,0.0
2022-01-25 08:02:03.003020,29.34339,30.69125,0.0
2022-01-25 08:02:03.510648,30.16893,30.48575,0.0
2022-01-25 08:02:04.008736,30.63307,29.9695,0.0
2022-01-25 08:02:04.504476,30.42637,30.5365,0.0
2022-01-25 08:02:05.002849,30.11695,30.43375,0.0
2022-01-25 08:02:05.508689,29.4981,30.331,0.0
2022-01-25 08:02:06.007826,29.96224,30.5365,0.0
2022-01-25 08:02:06.502638,30.68382,30.43375,0.0
2022-01-25 08:02:07.011134,30.27166,30.69125,0.0
2022-01-25 08:02:07.507373,29.85951,30.48575,0.0
2022-01-25 08:02:08.005460,29.7048,30.5885,0.0
2022-01-25 08:02:08.510840,30.37439,30.6405,0.0
2022-01-25 08:02:09.007846,30.68382,30.279,0.0
2022-01-25 08:02:09.503299,30.58109,30.74325,0.0
2022-01-25 08:02:10.001416,29.96224,30.17625,0.0
2022-01-25 08:02:10.507669,29.34339,30.12425,0.0
2022-01-25 08:02:11.003330,29.7048,30.69125,0.0
2022-01-25 08:02:11.509080,30.37439,30.38175,0.0
2022-01-25 08:02:12.007614,30.42637,30.331,0.0
2022-01-25 08:02:12.503361,29.96224,30.69125,0.0
2022-01-25 08:02:13.003195,28.87925,30.79525,-0.03864
2022-01-25 08:02:13.507750,30.06497,30.5885,-0.03864
2022-01-25 08:02:14.006696,31.56135,30.6405,0.0
2022-01-25 08:02:14.501195,31.14795,30.38175,0.0
2022-01-25 08:02:15.010849,30.42637,30.227,0.0
2022-01-25 08:02:15.505724,29.39537,30.79525,0.0
2022-01-25 08:02:16.010645,29.24066,30.6405,0.0
2022-01-25 08:02:16.506366,30.63307,30.12425,0.0
2022-01-25 08:02:17.005961,31.19994,29.9695,0.0
2022-01-25 08:02:17.502239,30.58109,30.74325,0.0
2022-01-25 08:02:18.010864,29.03396,30.6405,0.0
2022-01-25 08:02:18.506360,29.39537,30.38175,0.0
2022-01-25 08:02:19.006362,31.45738,30.69125,0.0
2022-01-25 08:02:19.510623,30.78778,30.43375,0.0
2022-01-25 08:02:20.008384,30.32365,30.331,0.0
2022-01-25 08:02:20.503465,29.65281,31.10475,0.0
2022-01-25 08:02:21.505234,30.9425,29.9695,0.0
2022-01-25 08:02:22.003874,30.47836,30.79525,0.0
2022-01-25 08:02:22.510594,29.96224,30.79525,0.0
2022-01-25 08:02:23.007878,29.24066,29.81475,0.0
2022-01-25 08:02:23.504864,30.21968,30.12425,0.0
2022-01-25 08:02:24.002446,31.14795,30.5885,0.0
2022-01-25 08:02:24.504048,30.27166,30.898,0.0
2022-01-25 08:02:25.003829,30.06497,30.74325,0.0
2022-01-25 08:02:25.510226,29.24066,30.69125,0.0
2022-01-25 08:02:26.008629,30.21968,30.17625,0.0
2022-01-25 08:02:26.505483,31.35465,30.69125,0.0
2022-01-25 08:02:27.004396,30.37439,30.43375,0.0
2022-01-25 08:02:27.505263,29.80752,30.331,0.0
2022-01-25 08:02:28.004999,28.67255,30.43375,0.0
2022-01-25 08:02:28.509202,30.01422,30.5365,0.0
2022-01-25 08:02:29.007857,30.78778,30.227,0.0
2022-01-25 08:02:29.503944,30.06497,30.17625,0.0
2022-01-25 08:02:30.001851,29.65281,30.898,0.0
2022-01-25 08:02:30.506774,28.87925,30.5885,0.0
2022-01-25 08:02:31.005127,30.7358,30.5885,0.0
2022-01-25 08:02:31.511088,30.89051,30.6405,0.0
2022-01-25 08:02:32.009070,30.16893,30.0215,0.0
2022-01-25 08:02:32.505542,29.7048,30.6405,0.0
2022-01-25 08:02:33.003263,29.08595,30.69125,0.0
2022-01-25 08:02:33.509271,30.63307,30.227,0.0
2022-01-25 08:02:34.008180,31.04522,30.279,0.0
2022-01-25 08:02:34.503996,30.27166,30.74325,0.0
2022-01-25 08:02:35.002577,29.7048,30.48575,0.0
2022-01-25 08:02:35.510242,29.2914,30.331,0.0
2022-01-25 08:02:36.009889,30.68382,30.69125,0.0
2022-01-25 08:02:36.505153,31.25192,30.331,0.0
2022-01-25 08:02:37.003603,30.37439,30.331,0.0
2022-01-25 08:02:37.501188,29.7048,31.2075,0.0
2022-01-25 08:02:38.001739,29.39537,30.48575,0.0
2022-01-25 08:02:38.509039,30.11695,29.55725,0.0
2022-01-25 08:02:39.008629,31.09721,30.74325,0.0
2022-01-25 08:02:39.503675,30.37439,30.898,0.0
2022-01-25 08:02:40.002598,29.60083,30.12425,0.0
2022-01-25 08:02:40.509159,29.91025,30.279,0.0
2022-01-25 08:02:41.007942,30.99324,30.74325,0.0
2022-01-25 08:02:41.503863,31.14795,30.17625,0.0
2022-01-25 08:02:42.002574,29.85951,30.846,0.0
2022-01-25 08:02:42.508939,29.2914,30.69125,0.0
2022-01-25 08:02:43.006894,29.85951,30.17625,0.0
2022-01-25 08:02:43.501492,30.5291,30.38175,0.0
2022-01-25 08:02:44.010330,30.83853,30.79525,0.0
2022-01-25 08:02:44.511058,29.85951,30.279,0.0
2022-01-25 08:02:45.010395,29.03396,30.48575,0.0
2022-01-25 08:02:45.506564,28.93123,30.48575,0.0
2022-01-25 08:02:46.005139,30.89051,30.279,0.0
2022-01-25 08:02:46.510077,30.7358,30.6405,0.0
2022-01-25 08:02:47.007177,29.80752,30.74325,0.0
2022-01-25 08:02:47.504363,29.24066,30.331,0.0
2022-01-25 08:02:48.003611,29.75554,30.227,0.0
2022-01-25 08:02:48.509796,30.83853,31.00075,0.0
2022-01-25 08:02:49.007950,30.7358,30.17625,0.0
2022-01-25 08:02:49.505026,29.80752,30.331,0.0
2022-01-25 08:02:50.002787,29.65281,30.6405,0.0
2022-01-25 08:02:50.508970,29.75554,30.279,0.0
2022-01-25 08:02:51.006806,30.7358,30.43375,0.0
2022-01-25 08:02:51.501927,30.58109,30.5365,0.0
2022-01-25 08:02:52.002152,30.16893,30.5365,0.0
2022-01-25 08:02:52.509772,29.2914,30.43375,0.0
2022-01-25 08:02:53.010350,30.21968,30.5885,0.0
2022-01-25 08:02:53.506523,30.5291,30.6405,0.0
2022-01-25 08:02:54.004832,30.37439,30.17625,0.0
2022-01-25 08:02:54.511051,29.55008,30.79525,0.0
2022-01-25 08:02:55.008960,29.85951,30.6405,0.0
2022-01-25 08:02:55.505273,30.9425,30.227,0.0
2022-01-25 08:02:56.003920,31.50936,30.5365,0.0
2022-01-25 08:02:56.506496,30.68382,30.279,0.0
2022-01-25 08:02:57.005954,29.60083,30.5365,0.0
2022-01-25 08:02:57.503259,29.03396,30.69125,0.0
2022-01-25 08:02:58.001505,30.99324,30.331,0.0
2022-01-25 08:02:58.506105,31.56135,30.43375,0.0
2022-01-25 08:02:59.003829,30.58109,30.79525,0.0
2022-01-25 08:02:59.510411,29.7048,30.5365,0.0
2022-01-25 08:03:00.008032,29.18867,30.43375,0.0
2022-01-25 08:03:00.504668,30.06497,30.5885,0.0
2022-01-25 08:03:01.003212,31.19994,30.12425,0.0
2022-01-25 08:03:02.005286,29.60083,30.79525,0.0
2022-01-25 08:03:02.501433,28.93123,29.86675,0.0
2022-01-25 08:03:03.009125,29.91025,30.12425,0.0
2022-01-25 08:03:03.505733,31.61209,30.95,0.0
2022-01-25 08:03:04.004530,30.78778,30.5365,0.0
2022-01-25 08:03:04.509419,29.7048,30.43375,0.0
2022-01-25 08:03:05.008454,29.18867,30.48575,0.0
2022-01-25 08:03:05.503663,30.83853,30.17625,0.0
2022-01-25 08:03:06.003280,31.19994,30.74325,0.0
2022-01-25 08:03:06.509862,29.96224,30.846,0.0
2022-01-25 08:03:07.005460,29.75554,30.331,0.0
2022-01-25 08:03:07.501893,29.39537,29.9175,0.0
2022-01-25 08:03:08.010237,30.9425,30.6405,0.0
2022-01-25 08:03:08.506761,30.63307,30.5885,0.0
2022-01-25 08:03:09.005104,29.91025,30.12425,0.0
2022-01-25 08:03:09.501320,29.03396,30.6405,0.0
2022-01-25 08:03:10.001191,29.34339,30.6405,0.0
2022-01-25 08:03:10.509957,30.78778,30.279,0.0
2022-01-25 08:03:11.004025,30.68382,30.95,0.0
2022-01-25 08:03:11.509481,29.75554,30.48575,0.0
2022-01-25 08:03:12.008364,29.75554,29.81475,0.0
2022-01-25 08:03:12.506829,30.21968,30.5365,0.0
2022-01-25 08:03:13.003926,30.11695,30.79525,0.0
2022-01-25 08:03:13.501087,30.58109,30.331,0.0
2022-01-25 08:03:14.007691,29.75554,30.43375,0.0
2022-01-25 08:03:14.505242,29.2914,30.69125,0.0
2022-01-25 08:03:15.004644,29.75554,30.12425,0.0
2022-01-25 08:03:15.501923,29.96224,30.6405,0.0
2022-01-25 08:03:16.001288,30.78778,30.5365,0.0
2022-01-25 08:03:16.507915,30.11695,30.38175,0.0
2022-01-25 08:03:17.005499,29.55008,30.5365,0.0
2022-01-25 08:03:17.506976,30.58109,30.6405,0.0
2022-01-25 08:03:18.006353,30.78778,29.9175,0.0
2022-01-25 08:03:18.501993,30.47836,30.38175,0.0
2022-01-25 08:03:19.005207,30.16893,31.2075,0.0
2022-01-25 08:03:19.509204,28.87925,30.331,0.0
2022-01-25 08:03:20.008436,29.44612,29.9175,0.0
2022-01-25 08:03:20.504590,31.25192,30.846,0.0
2022-01-25 08:03:21.002271,30.42637,30.5365,0.0
2022-01-25 08:03:21.509922,30.16893,30.5365,0.0
2022-01-25 08:03:22.008708,28.98198,30.79525,0.0
2022-01-25 08:03:22.503536,28.93123,30.17625,0.0
2022-01-25 08:03:23.002756,31.81879,30.227,0.0
2022-01-25 08:03:23.510950,31.14795,31.00075,0.0
2022-01-25 08:03:24.009673,29.85951,30.5365,0.0
2022-01-25 08:03:24.506241,29.34339,29.86675,0.0
2022-01-25 08:03:25.004803,29.2914,30.846,0.0
2022-01-25 08:03:25.504214,31.35465,30.74325,0.0
2022-01-25 08:03:26.001457,30.47836,30.17625,0.0
2022-01-25 08:03:26.508471,30.32365,30.6405,0.0
2022-01-25 08:03:27.007985,29.34339,30.48575,0.0
2022-01-25 08:03:27.503220,29.03396,30.12425,0.0
2022-01-25 08:03:28.002772,30.89051,30.898,0.0
2022-01-25 08:03:28.501621,30.89051,30.5885,0.0
2022-01-25 08:03:29.010801,29.91025,30.17625,0.0
2022-01-25 08:03:29.506687,29.2914,30.38175,0.0
2022-01-25 08:03:30.004363,30.42637,30.69125,0.0
2022-01-25 08:03:30.500994,30.63307,30.17625,0.0
2022-01-25 08:03:31.010831,30.16893,30.5365,0.0
2022-01-25 08:03:31.505961,29.65281,30.898,0.0
2022-01-25 08:03:32.005558,29.75554,30.279,0.0
2022-01-25 08:03:32.503489,30.16893,30.69125,0.0
2022-01-25 08:03:33.003299,30.63307,30.6405,0.0
2022-01-25 08:03:33.509561,30.32365,30.38175,0.0
2022-01-25 08:03:34.010742,29.85951,30.5885,0.0
2022-01-25 08:03:34.506411,30.68382,30.5885,0.0
2022-01-25 08:03:35.004723,31.30267,30.0215,0.0
2022-01-25 08:03:35.501977,30.58109,30.5885,0.0
2022-01-25 08:03:36.010168,30.06497,30.6405,0.0
2022-01-25 08:03:36.505680,29.08595,30.12425,0.0
2022-01-25 08:03:37.004570,29.08595,30.43375,0.0
2022-01-25 08:03:37.510238,30.9425,30.6405,0.0
2022-01-25 08:03:38.007992,31.04522,30.5365,0.0
2022-01-25 08:03:38.506463,29.91025,30.74325,0.0
2022-01-25 08:03:39.004720,29.60083,30.6405,0.0
2022-01-25 08:03:39.506999,28.98198,30.12425,0.0
2022-01-25 08:03:40.004144,30.27166,30.38175,0.0
2022-01-25 08:03:40.501389,31.35465,30.74325,0.0
2022-01-25 08:03:41.009691,30.32365,30.331,0.0
2022-01-25 08:03:41.505141,29.60083,30.12425,0.0
2022-01-25 08:03:42.008469,29.18867,30.5365,0.0
2022-01-25 08:03:42.504006,30.21968,30.17625,0.0
2022-01-25 08:03:43.004106,30.83853,30.69125,0.0
2022-01-25 08:03:43.501321,29.91025,30.846,0.0
2022-01-25 08:03:44.505038,30.32365,30.69125,0.0
2022-01-25 08:03:45.004174,31.14795,30.69125,0.0
2022-01-25 08:03:45.509131,31.04522,30.43375,0.0
2022-01-25 08:03:46.006903,29.91025,30.48575,0.0
2022-01-25 08:03:46.501927,29.65281,30.17625,0.0
2022-01-25 08:03:47.003853,29.65281,30.227,0.0
2022-01-25 08:03:47.510370,30.89051,30.79525,0.0
2022-01-25 08:03:48.011126,30.99324,30.38175,0.0
2022-01-25 08:03:48.509988,30.32365,30.17625,0.0
2022-01-25 08:03:49.007630,29.08595,30.331,0.0
2022-01-25 08:03:49.503713,29.55008,30.69125,0.0
2022-01-25 08:03:50.001786,30.7358,30.74325,0.0
2022-01-25 08:03:50.507313,30.27166,30.898,0.0
2022-01-25 08:03:51.007506,30.01422,30.43375,0.0
2022-01-25 08:03:51.502771,29.18867,30.227,0.0
2022-01-25 08:03:52.001394,30.63307,30.6405,0.0
2022-01-25 08:03:52.506932,30.58109,30.279,0.0
2022-01-25 08:03:53.001121,30.27166,30.43375,0.0
2022-01-25 08:03:53.507921,29.55008,30.331,0.0
2022-01-25 08:03:54.006385,30.16893,30.48575,0.0
2022-01-25 08:03:54.502064,30.27166,30.48575,0.0
2022-01-25 08:03:55.001742,30.63307,30.38175,0.0
2022-01-25 08:03:55.501846,30.27166,31.00075,0.0
2022-01-25 08:03:56.009727,29.2914,30.48575,0.0
2022-01-25 08:03:56.505396,29.7048,30.5885,0.0
2022-01-25 08:03:57.008571,30.68382,31.10475,0.0
2022-01-25 08:03:57.511064,30.37439,30.17625,0.0
2022-01-25 08:03:58.006144,30.11695,30.48575,0.0
2022-01-25 08:03:58.505630,29.4981,30.48575,0.0
2022-01-25 08:03:59.003512,29.75554,30.279,0.0
2022-01-25 08:03:59.502281,30.5291,30.12425,0.0
2022-01-25 08:04:00.004459,30.47836,30.69125,0.0
2022-01-25 08:04:00.511024,30.32365,30.6405,0.0
2022-01-25 08:04:01.002791,29.39537,30.17625,0.0
2022-01-25 08:04:01.508958,30.21968,30.69125,0.0
2022-01-25 08:04:02.008037,31.09721,30.79525,0.0
2022-01-25 08:04:02.501853,31.04522,30.279,0.0
2022-01-25 08:04:03.002087,30.27166,31.2075,0.0
2022-01-25 08:04:03.505147,29.39537,30.6405,0.0
2022-01-25 08:04:04.003961,29.24066,29.608,0.0
2022-01-25 08:04:04.503744,31.25192,30.279,0.0
2022-01-25 08:04:05.001892,30.78778,31.10475,0.0
2022-01-25 08:04:05.501265,30.06497,30.17625,0.0
2022-01-25 08:04:06.008269,29.24066,30.07225,0.0
2022-01-25 08:04:06.503012,29.75554,30.5885,0.0
2022-01-25 08:04:07.010761,31.14795,30.43375,0.0
2022-01-25 08:04:07.505805,31.66407,31.00075,0.0
2022-01-25 08:04:08.004440,30.11695,30.43375,0.0
2022-01-25 08:04:08.506000,29.18867,30.48575,0.0
2022-01-25 08:04:09.004275,29.03396,30.279,0.0
2022-01-25 08:04:09.510732,31.30267,30.898,0.0
2022-01-25 08:04:10.004553,31.25192,30.5365,0.0
2022-01-25 08:04:11.004431,28.98198,30.17625,0.0
2022-01-25 08:04:11.509894,28.67255,30.74325,0.0
2022-01-25 08:04:12.006855,31.09721,30.331,0.0
2022-01-25 08:04:12.503299,31.25192,30.6405,0.0
2022-01-25 08:04:13.001915,30.83853,30.48575,0.0
2022-01-25 08:04:13.508936,29.18867,30.0215,0.0
2022-01-25 08:04:14.010225,29.85951,31.00075,0.0
2022-01-25 08:04:14.506721,31.35465,30.74325,0.0
2022-01-25 08:04:15.007062,30.83853,30.279,0.0
2022-01-25 08:04:15.503193,30.27166,30.79525,0.0
2022-01-25 08:04:16.002025,29.44612,30.69125,0.0
2022-01-25 08:04:16.507676,30.58109,30.17625,0.0
2022-01-25 08:04:17.002298,30.7358,30.5885,0.0
2022-01-25 08:04:17.509698,30.27166,30.5885,0.0
2022-01-25 08:04:18.007207,29.7048,30.12425,0.0
2022-01-25 08:04:18.503749,29.44612,30.846,0.0
2022-01-25 08:04:19.005069,30.99324,30.48575,0.0
2022-01-25 08:04:19.510030,30.16893,30.17625,0.0
2022-01-25 08:04:20.008039,30.37439,30.69125,0.0
2022-01-25 08:04:20.502984,29.7048,30.74325,0.0
2022-01-25 08:04:21.001818,29.75554,30.17625,0.0
2022-01-25 08:04:21.507822,30.37439,30.6405,0.0
2022-01-25 08:04:22.005711,30.42637,30.79525,0.0
2022-01-25 08:04:22.501248,30.47836,30.43375,0.0
2022-01-25 08:04:23.009511,29.85951,30.279,0.0
2022-01-25 08:04:23.508008,29.44612,30.5365,0.0
2022-01-25 08:04:24.006557,30.01422,30.279,0.0
2022-01-25 08:04:24.502389,31.04522,30.69125,0.0
2022-01-25 08:04:25.010338,30.68382,30.74325,0.0
2022-01-25 08:04:25.504830,29.96224,30.0215,0.0
2022-01-25 08:04:26.003844,29.03396,30.279,0.0
2022-01-25 08:04:26.510514,29.03396,30.79525,0.0
2022-01-25 08:04:27.009032,31.09721,30.5365,0.0
2022-01-25 08:04:27.503629,30.58109,30.5365,0.0
2022-01-25 08:04:28.004880,29.75554,30.5885,0.0
2022-01-25 08:04:28.509950,29.03396,30.227,0.0
2022-01-25 08:04:29.008135,29.08595,30.79525,0.0
2022-01-25 08:04:29.503210,31.09721,30.69125,0.0
2022-01-25 08:04:30.004367,30.63307,30.279,0.0
2022-01-25 08:04:30.510511,29.4981,30.331,0.0
2022-01-25 08:04:31.009366,29.34339,30.5365,0.0
2022-01-25 08:04:31.505745,30.47836,30.5365,0.0
2022-01-25 08:04:32.003930,31.30267,30.227,0.0
2022-01-25 08:04:32.510015,30.42637,30.48575,0.0
2022-01-25 08:04:33.008634,29.80752,30.5885,0.0
2022-01-25 08:04:33.503360,29.39537,30.43375,0.0
2022-01-25 08:04:34.011057,30.47836,30.74325,0.0
2022-01-25 08:04:34.507088,30.9425,30.43375,0.0
2022-01-25 08:04:35.006203,30.11695,30.227,0.0
2022-01-25 08:04:35.505262,29.2914,30.846,0.0
2022-01-25 08:04:36.004842,29.55008,30.5365,0.0
2022-01-25 08:04:36.510881,31.25192,30.17625,0.0
2022-01-25 08:04:37.009464,30.58109,30.69125,0.0
2022-01-25 08:04:37.506238,29.91025,30.38175,0.0
2022-01-25 08:04:38.004327,29.4981,30.12425,0.0
2022-01-25 08:04:38.511041,28.93123,30.95,0.0
2022-01-25 08:04:39.505443,30.5291,30.48575,0.0
2022-01-25 08:04:40.004866,29.85951,30.846,0.0
2022-01-25 08:04:40.510046,28.67255,30.331,0.0
2022-01-25 08:04:41.008775,29.96224,30.43375,0.0
2022-01-25 08:04:41.505769,30.89051,30.95,0.0
2022-01-25 08:04:42.004200,30.7358,30.279,0.0
2022-01-25 08:04:42.510483,29.85951,30.227,0.0
2022-01-25 08:04:43.009923,28.93123,30.5885,0.0
2022-01-25 08:04:43.506184,29.7048,30.0215,0.0
2022-01-25 08:04:44.004935,31.09721,30.5885,0.0
2022-01-25 08:04:44.510036,30.7358,30.846,0.0
2022-01-25 08:04:45.008528,30.16893,30.17625,0.0
2022-01-25 08:04:45.504639,29.18867,30.48575,0.0
2022-01-25 08:04:46.005061,29.4981,30.69125,0.0
2022-01-25 08:04:46.501472,30.58109,30.5885,0.0
2022-01-25 08:04:47.009877,30.83853,30.38175,0.0
2022-01-25 08:04:47.505422,30.11695,30.846,0.0
2022-01-25 08:04:48.004221,29.55008,30.12425,0.0
2022-01-25 08:04:48.510281,29.60083,30.227,0.0
2022-01-25 08:04:49.008769,31.19994,31.00075,0.0
2022-01-25 08:04:49.503792,31.30267,30.38175,0.0
2022-01-25 08:04:50.002886,30.06497,29.608,0.0
2022-01-25 08:04:50.509783,28.67255,30.6405,0.0
2022-01-25 08:04:51.008390,28.72454,30.898,0.0
2022-01-25 08:04:51.505356,31.50936,30.48575,0.0
2022-01-25 08:04:52.003382,30.7358,30.48575,0.0
2022-01-25 08:04:52.508024,30.32365,30.69125,0.0
2022-01-25 08:04:53.006920,29.34339,30.279,0.0
2022-01-25 08:04:53.502729,30.27166,31.10475,0.0
2022-01-25 08:04:54.002002,30.99324,30.95,0.0
2022-01-25 08:04:54.501323,30.11695,29.9175,0.0
2022-01-25 08:04:55.008829,29.85951,29.50525,0.0
2022-01-25 08:04:55.507862,29.03396,31.2595,0.0
2022-01-25 08:04:56.010382,29.91025,30.227,0.0
2022-01-25 08:04:56.501615,31.09721,29.9695,0.0
2022-01-25 08:04:57.008917,30.68382,30.17625,0.0
2022-01-25 08:04:57.504750,29.96224,30.74325,0.0
2022-01-25 08:04:58.006601,29.24066,30.74325,0.0
2022-01-25 08:04:58.507398,29.75554,30.846,0.0
2022-01-25 08:04:59.003178,30.78778,30.331,0.0
2022-01-25 08:04:59.510293,30.32365,30.07225,0.0
2022-01-25 08:05:00.003650,29.75554,31.00075,0.0
2022-01-25 08:05:01.004696,30.47836,30.12425,0.0
2022-01-25 08:05:01.507695,30.47836,30.6405,0.0
2022-01-25 08:05:02.002926,30.32365,30.43375,0.0
2022-01-25 08:05:02.507377,29.60083,30.07225,0.0
2022-01-25 08:05:03.003799,29.96224,30.79525,0.0
2022-01-25 08:05:03.505177,30.58109,30.69125,0.0
2022-01-25 08:05:04.007430,30.32365,30.331,0.0
2022-01-25 08:05:04.505988,30.21968,31.05275,0.0
2022-01-25 08:05:05.005131,29.80752,30.5365,0.0
2022-01-25 08:05:05.510786,29.65281,30.0215,0.0
2022-01-25 08:05:06.009676,30.47836,30.79525,0.0
2022-01-25 08:05:06.508089,30.7358,30.74325,0.0
2022-01-25 08:05:07.006547,30.5291,30.0215,0.0
2022-01-25 08:05:07.504320,29.91025,30.48575,0.0
2022-01-25 08:05:08.002177,29.44612,30.43375,0.0
2022-01-25 08:05:08.507555,30.16893,30.17625,0.0
2022-01-25 08:05:09.007622,30.78778,30.74325,0.0
2022-01-25 08:05:09.502358,30.5291,30.48575,0.0
2022-01-25 08:05:10.002103,29.34339,30.331,0.0
2022-01-25 08:05:10.508023,29.96224,30.95,0.0
2022-01-25 08:05:11.003792,31.25192,30.74325,0.0
2022-01-25 08:05:11.510309,30.99324,30.227,0.0
2022-01-25 08:05:12.008250,30.27166,30.331,0.0
2022-01-25 08:05:12.503456,29.18867,30.6405,0.0
2022-01-25 08:05:13.003966,29.24066,30.5885,0.0
2022-01-25 08:05:13.510900,30.47836,30.331,0.0
2022-01-25 08:05:14.008328,30.99324,30.38175,0.0
2022-01-25 08:05:14.503712,30.21968,30.17625,0.0
2022-01-25 08:05:15.003379,29.60083,30.331,0.0
2022-01-25 08:05:15.509197,29.2914,31.31025,0.0
2022-01-25 08:05:16.002277,30.21968,30.846,0.0
2022-01-25 08:05:16.510007,30.9425,29.9695,0.0
2022-01-25 08:05:17.005254,30.01422,30.43375,0.0
2022-01-25 08:05:17.509293,29.2914,30.43375,0.0
2022-01-25 08:05:18.002154,28.51784,30.279,0.0
2022-01-25 08:05:18.501840,31.30267,30.227,0.0
2022-01-25 08:05:19.010877,30.99324,30.38175,0.0
2022-01-25 08:05:19.503098,29.80752,30.5365,0.0
2022-01-25 08:05:20.001728,29.08595,30.227,0.0
2022-01-25 08:05:20.506260,29.08595,30.5365,0.0
2022-01-25 08:05:21.004304,30.78778,30.331,0.0
2022-01-25 08:05:21.502069,30.7358,30.48575,0.0
2022-01-25 08:05:22.010184,29.96224,30.79525,0.0
2022-01-25 08:05:22.506325,29.24066,30.43375,0.0
2022-01-25 08:05:23.004761,30.78778,30.5885,0.0
2022-01-25 08:05:23.510547,31.04522,30.331,0.0
2022-01-25 08:05:24.008461,30.47836,30.5885,0.0
2022-01-25 08:05:24.503978,29.7048,30.43375,0.0
2022-01-25 08:05:25.002841,29.03396,30.279,0.0
2022-01-25 08:05:25.508888,30.32365,30.74325,0.0
2022-01-25 08:05:26.007391,31.04522,30.331,0.0
2022-01-25 08:05:26.504969,30.63307,30.43375,0.0
2022-01-25 08:05:27.003017,29.7048,30.331,0.0
2022-01-25 08:05:27.511117,29.4981,30.5365,0.0
2022-01-25 08:05:28.009551,31.09721,30.79525,0.0
2022-01-25 08:05:28.506360,31.14795,30.43375,0.0
2022-01-25 08:05:29.004388,30.47836,30.5885,0.0
2022-01-25 08:05:29.502768,29.96224,30.331,0.0
2022-01-25 08:05:30.002145,29.2914,30.6405,0.0
2022-01-25 08:05:30.508335,30.9425,30.5885,0.0
2022-01-25 08:05:31.007977,31.19994,30.07225,0.0
2022-01-25 08:05:31.505216,30.78778,30.5365,0.0
2022-01-25 08:05:32.006306,29.75554,30.74325,0.0
2022-01-25 08:05:32.501288,29.03396,30.331,0.0
2022-01-25 08:05:33.010168,29.80752,30.5365,0.0
2022-01-25 08:05:33.506014,31.56135,30.227,0.0
2022-01-25 08:05:34.003943,30.27166,30.38175,0.0
2022-01-25 08:05:34.509916,29.80752,30.74325,0.0
2022-01-25 08:05:35.008179,28.98198,30.5885,0.0
2022-01-25 08:05:35.506267,29.08595,30.5365,0.0
2022-01-25 08:05:36.004115,30.5291,30.279,0.0
2022-01-25 08:05:36.509838,30.63307,30.48575,0.0
2022-01-25 08:05:37.008057,29.80752,30.6405,0.0
2022-01-25 08:05:37.503669,29.03396,30.5885,0.0
2022-01-25 08:05:38.004641,30.06497,30.5365,0.0
2022-01-25 08:05:38.510865,31.30267,30.5885,0.0
2022-01-25 08:05:39.010991,30.5291,30.17625,0.0
2022-01-25 08:05:39.501882,29.65281,30.74325,0.0
2022-01-25 08:05:40.003361,29.7048,30.48575,0.0
2022-01-25 08:05:40.501065,30.16893,30.12425,0.0
2022-01-25 08:05:41.010535,30.89051,30.69125,0.0
2022-01-25 08:05:41.506816,30.21968,30.898,0.0
2022-01-25 08:05:42.005080,29.39537,29.86675,0.0
2022-01-25 08:05:42.509993,29.96224,31.10475,0.0
2022-01-25 08:05:43.008525,31.19994,30.79525,0.0
2022-01-25 08:05:43.506866,30.99324,29.9175,0.0
2022-01-25 08:05:44.004854,30.01422,30.79525,0.0
2022-01-25 08:05:44.501683,29.44612,30.74325,0.0
2022-01-25 08:05:45.010754,30.27166,30.5365,0.0
2022-01-25 08:05:45.506316,30.9425,29.76275,0.0
2022-01-25 08:05:46.003712,30.42637,30.227,0.0
2022-01-25 08:05:46.509930,29.96224,30.38175,0.0
2022-01-25 08:05:47.008039,29.24066,30.6405,0.0
2022-01-25 08:05:47.505650,30.06497,30.6405,0.0
2022-01-25 08:05:48.004278,30.47836,30.331,0.0
2022-01-25 08:05:48.510617,30.63307,30.12425,0.0
2022-01-25 08:05:49.009090,29.65281,30.898,0.0
2022-01-25 08:05:49.505768,29.7048,30.5885,0.0
2022-01-25 08:05:50.004566,29.96224,30.279,0.0
2022-01-25 08:05:50.510281,30.63307,30.898,0.0
2022-01-25 08:05:51.008188,30.7358,30.5365,0.0
2022-01-25 08:05:51.504131,30.32365,29.66,0.0
2022-01-25 08:05:52.002518,29.24066,31.1555,0.0
2022-01-25 08:05:52.507228,30.9425,31.05275,0.0
2022-01-25 08:05:53.006796,30.89051,29.9695,0.0
2022-01-25 08:05:53.503455,30.83853,30.0215,0.0
2022-01-25 08:05:54.001314,30.16893,31.05275,0.0
2022-01-25 08:05:54.506489,29.44612,30.43375,0.0
2022-01-25 08:05:55.004955,29.60083,30.227,0.0
2022-01-25 08:05:55.511289,30.5291,30.69125,0.0
2022-01-25 08:05:56.010682,30.89051,30.279,0.0
2022-01-25 08:05:56.506648,30.27166,30.279,0.0
2022-01-25 08:05:57.005201,29.85951,31.2075,0.0
2022-01-25 08:05:57.504108,29.96224,30.48575,0.0
2022-01-25 08:05:58.004367,31.19994,29.3505,0.0
2022-01-25 08:05:58.509760,30.58109,30.331,0.0
2022-01-25 08:05:59.008296,29.96224,30.6405,0.0
2022-01-25 08:05:59.504683,29.4981,30.79525,0.0
2022-01-25 08:06:00.002925,29.7048,29.86675,0.0
2022-01-25 08:06:00.510885,31.35465,30.12425,0.0
2022-01-25 08:06:01.006139,30.83853,31.05275,0.0
2022-01-25 08:06:01.503990,29.91025,30.43375,0.0
2022-01-25 08:06:02.002078,29.18867,30.6405,0.0
2022-01-25 08:06:02.507981,29.60083,30.17625,0.0
2022-01-25 08:06:03.006676,31.30267,30.5365,0.0
2022-01-25 08:06:03.504526,30.42637,30.5365,0.0
2022-01-25 08:06:04.003223,29.96224,30.331,0.0
2022-01-25 08:06:04.509135,28.87925,30.5365,0.0
2022-01-25 08:06:05.007898,30.5291,30.227,0.0
2022-01-25 08:06:05.502654,30.99324,30.48575,0.0
2022-01-25 08:06:06.002686,30.11695,30.79525,0.0
2022-01-25 08:06:06.507851,29.65281,30.227,0.0
2022-01-25 08:06:07.006750,29.24066,30.5885,0.0
2022-01-25 08:06:07.510653,29.91025,30.48575,0.0
2022-01-25 08:06:08.008891,30.47836,30.5885,0.0
2022-01-25 08:06:08.504017,30.27166,30.38175,0.0
2022-01-25 08:06:09.002372,29.24066,30.48575,0.0
2022-01-25 08:06:09.507437,30.32365,30.6405,0.0
2022-01-25 08:06:10.004851,31.04522,30.38175,0.0
2022-01-25 08:06:10.502663,30.27166,30.38175,0.0
2022-01-25 08:06:11.007091,29.91025,30.6405,0.0
2022-01-25 08:06:11.507925,29.65281,30.38175,0.0
2022-01-25 08:06:12.007918,29.7048,30.898,0.0
2022-01-25 08:06:12.503633,30.63307,30.5365,0.0
2022-01-25 08:06:13.002327,30.68382,30.227,0.0
2022-01-25 08:06:13.509949,29.96224,30.43375,0.0
2022-01-25 08:06:15.008134,30.42637,30.43375,0.0
2022-01-25 08:06:15.504105,30.89051,30.279,0.0
2022-01-25 08:06:16.003663,30.01422,30.43375,0.0
2022-01-25 08:06:16.508235,29.91025,30.846,0.0
2022-01-25 08:06:17.006758,29.91025,30.43375,0.0
2022-01-25 08:06:17.502170,30.83853,30.331,0.0
2022-01-25 08:06:18.010117,30.78778,30.74325,0.0
2022-01-25 08:06:18.505714,29.96224,30.74325,0.0
2022-01-25 08:06:19.003284,29.24066,30.48575,0.0
2022-01-25 08:06:19.509063,28.98198,30.38175,0.0
2022-01-25 08:06:20.008219,31.09721,30.279,0.0
2022-01-25 08:06:20.505858,30.42637,30.38175,0.0
2022-01-25 08:06:21.009828,29.7048,30.79525,0.0
2022-01-25 08:06:21.507738,28.98198,30.43375,0.0
2022-01-25 08:06:22.009229,28.93123,29.9175,0.0
2022-01-25 08:06:22.505708,31.25192,30.74325,0.0
2022-01-25 08:06:23.003834,30.83853,30.6405,0.0
2022-01-25 08:06:23.510027,30.11695,30.5365,0.0
2022-01-25 08:06:24.008970,28.93123,30.74325,0.0
2022-01-25 08:06:24.505036,28.87925,30.331,0.0
2022-01-25 08:06:25.005951,31.19994,30.38175,0.0
2022-01-25 08:06:25.502006,30.78778,30.69125,0.0
2022-01-25 08:06:26.010949,30.21968,30.227,0.0
2022-01-25 08:06:26.505945,29.13669,30.227,0.0
2022-01-25 08:06:27.004731,29.44612,30.69125,0.0
2022-01-25 08:06:27.509103,30.63307,30.331,0.0
2022-01-25 08:06:28.007784,30.68382,30.12425,0.0
2022-01-25 08:06:28.503725,30.06497,30.79525,0.0
2022-01-25 08:06:29.002960,29.7048,30.6405,0.0
2022-01-25 08:06:29.509882,30.16893,30.43375,0.0
2022-01-25 08:06:30.007854,30.58109,30.6405,0.0
2022-01-25 08:06:30.503782,30.37439,30.331,0.0
2022-01-25 08:06:31.002283,29.4981,30.331,0.0
2022-01-25 08:06:31.507319,30.21968,30.69125,0.0
2022-01-25 08:06:32.007805,30.58109,30.5365,0.0
2022-01-25 08:06:32.503674,30.37439,30.12425,0.0
2022-01-25 08:06:33.003458,30.11695,30.5365,0.0
2022-01-25 08:06:33.510807,29.55008,30.5885,0.0
2022-01-25 08:06:34.010010,29.13669,30.227,0.0
2022-01-25 08:06:34.506112,30.83853,30.43375,0.0
2022-01-25 08:06:35.006993,30.27166,30.79525,0.0
2022-01-25 08:06:35.504558,30.21968,30.38175,0.0
2022-01-25 08:06:36.002298,29.4981,30.898,0.0
2022-01-25 08:06:36.508504,29.4981,30.38175,0.0
2022-01-25 08:06:37.007963,31.71606,29.9695,0.0
2022-01-25 08:06:37.503218,31.19994,30.279,0.0
2022-01-25 08:06:38.010888,30.37439,30.95,0.0
2022-01-25 08:06:38.509015,29.4981,30.48575,0.0
2022-01-25 08:06:39.007478,29.08595,29.86675,0.0
2022-01-25 08:06:39.503394,30.42637,30.69125,0.0
2022-01-25 08:06:40.002092,30.78778,30.331,0.0
2022-01-25 08:06:40.505915,30.47836,30.48575,0.0
2022-01-25 08:06:41.003824,30.01422,31.05275,0.0
2022-01-25 08:06:41.508292,29.91025,30.5365,0.0
2022-01-25 08:06:42.007664,30.47836,29.86675,0.0
2022-01-25 08:06:42.506741,31.09721,31.36225,0.0
2022-01-25 08:06:43.005327,30.47836,30.74325,0.0
2022-01-25 08:06:43.503390,29.55008,30.17625,0.0
2022-01-25 08:06:44.008449,28.72454,29.4025,0.0
2022-01-25 08:06:44.504080,30.78778,30.38175,0.0
2022-01-25 08:06:45.002825,31.35465,30.79525,0.0
2022-01-25 08:06:45.508863,30.42637,30.5885,0.0
2022-01-25 08:06:46.006467,29.2914,30.279,0.0
2022-01-25 08:06:46.501533,29.39537,30.331,0.0
2022-01-25 08:06:47.001786,30.11695,30.846,0.0
2022-01-25 08:06:47.507913,30.78778,30.5885,0.0
2022-01-25 08:06:48.006652,30.01422,30.5365,0.0
2022-01-25 08:06:48.503553,29.08595,30.331,0.0
2022-01-25 08:06:49.003412,29.60083,30.5885,0.0
2022-01-25 08:06:49.508055,30.58109,30.331,0.0
2022-01-25 08:06:50.007274,30.68382,30.331,0.0
2022-01-25 08:06:50.505440,29.75554,30.6405,0.0
2022-01-25 08:06:51.003283,29.96224,30.227,0.0
2022-01-25 08:06:51.501822,30.42637,30.48575,0.0
2022-01-25 08:06:52.001285,30.27166,30.846,0.0
2022-01-25 08:06:52.507127,30.42637,30.227,0.0
2022-01-25 08:06:53.006796,29.34339,30.279,0.0
2022-01-25 08:06:53.505649,30.42637,30.846,0.0
2022-01-25 08:06:54.006681,30.32365,30.6405,0.0
2022-01-25 08:06:54.501108,30.21968,30.07225,0.0
2022-01-25 08:06:55.010550,30.63307,30.69125,0.0
2022-01-25 08:06:55.506796,29.60083,30.43375,0.0
2022-01-25 08:06:56.006319,29.75554,30.227,0.0
2022-01-25 08:06:56.502354,30.32365,30.5885,0.0
2022-01-25 08:06:57.010389,30.58109,30.331,0.0
2022-01-25 08:06:57.508910,30.37439,30.5365,0.0
2022-01-25 08:06:58.007235,30.11695,30.846,0.0
2022-01-25 08:06:58.503256,29.34339,30.48575,0.0
2022-01-25 08:06:59.001112,30.78778,30.279,0.0
2022-01-25 08:06:59.506727,31.14795,30.5365,0.0
2022-01-25 08:07:00.005392,30.68382,30.69125,0.0
2022-01-25 08:07:00.502221,29.85951,30.5885,0.0
2022-01-25 08:07:01.010519,28.98198,30.48575,0.0
2022-01-25 08:07:01.506811,30.42637,30.07225,0.0
2022-01-25 08:07:02.004987,31.7668,30.279,0.0
2022-01-25 08:07:02.510086,30.7358,30.846,0.0
2022-01-25 08:07:03.008121,30.11695,30.48575,0.0
2022-01-25 08:07:03.504658,28.93123,30.17625,0.0
2022-01-25 08:07:04.003529,30.32365,30.69125,0.0
2022-01-25 08:07:04.505251,30.78778,30.43375,0.0
2022-01-25 08:07:05.002899,30.21968,30.5885,0.0
2022-01-25 08:07:05.510497,29.65281,30.5885,0.0
2022-01-25 08:07:06.008803,29.03396,30.07225,0.0
2022-01-25 08:07:06.505735,30.37439,30.846,0.0
2022-01-25 08:07:07.003680,31.25192,30.79525,0.0
2022-01-25 08:07:07.509526,30.5291,30.331,0.0
2022-01-25 08:07:08.009071,29.18867,30.331,0.0
2022-01-25 08:07:08.504586,28.72454,30.38175,0.0
2022-01-25 08:07:09.007572,30.37439,30.5885,0.0
2022-01-25 08:07:09.506840,30.47836,30.74325,0.0
2022-01-25 08:07:10.004118,29.85951,30.38175,0.0
2022-01-25 08:07:10.509004,29.39537,30.43375,0.0
2022-01-25 08:07:11.003348,28.93123,30.5885,0.0
2022-01-25 08:07:11.509886,31.56135,30.38175,0.0
2022-01-25 08:07:12.008108,31.09721,30.74325,0.0
2022-01-25 08:07:12.504354,30.5291,30.5885,0.0
2022-01-25 08:07:13.002560,28.93123,30.38175,0.0
2022-01-25 08:07:13.501132,29.44612,30.74325,0.0
2022-01-25 08:07:14.009537,30.89051,30.0215,0.0
2022-01-25 08:07:14.505406,30.63307,30.69125,0.0
2022-01-25 08:07:15.004542,30.21968,30.69125,0.0
2022-01-25 08:07:15.504343,29.55008,30.17625,0.0
2022-01-25 08:07:16.003418,29.03396,30.48575,0.0
2022-01-25 08:07:16.510376,30.9425,30.5885,0.0
2022-01-25 08:07:17.009273,30.58109,30.17625,0.0
2022-01-25 08:07:17.501870,29.91025,30.69125,0.0
2022-01-25 08:07:18.010681,29.96224,30.69125,0.0
2022-01-25 08:07:18.506778,30.32365,30.17625,0.0
2022-01-25 08:07:19.004735,30.42637,30.74325,0.0
2022-01-25 08:07:20.006132,29.91025,30.38175,0.0
2022-01-25 08:07:20.502352,29.08595,30.43375,0.0
2022-01-25 08:07:21.008553,29.2914,30.69125,0.0
2022-01-25 08:07:21.506393,30.27166,30.227,0.0
2022-01-25 08:07:22.006301,30.47836,30.6405,0.0
2022-01-25 08:07:22.503315,29.85951,30.5885,0.0
2022-01-25 08:07:23.001458,28.98198,30.0215,0.0
2022-01-25 08:07:23.508250,30.32365,30.279,0.0
2022-01-25 08:07:24.006954,31.04522,31.00075,0.0
2022-01-25 08:07:24.502313,30.78778,30.331,0.0
2022-01-25 08:07:25.010255,30.5291,30.279,0.0
2022-01-25 08:07:25.506413,29.7048,30.898,0.0
2022-01-25 08:07:26.005002,30.06497,30.279,0.0
2022-01-25 08:07:26.503442,31.81879,30.48575,0.0
2022-01-25 08:07:27.002372,31.09721,30.846,0.0
2022-01-25 08:07:27.508082,30.68382,30.331,0.0
2022-01-25 08:07:28.006599,29.75554,29.81475,0.0
2022-01-25 08:07:28.502831,29.55008,31.00075,0.0
2022-01-25 08:07:29.001361,31.14795,30.331,0.0
2022-01-25 08:07:29.505156,30.58109,30.279,0.0
2022-01-25 08:07:30.008099,29.55008,30.5885,0.0
2022-01-25 08:07:30.507560,30.21968,30.898,0.0
2022-01-25 08:07:31.006825,31.04522,30.279,0.0
2022-01-25 08:07:31.502357,30.89051,30.95,0.0
2022-01-25 08:07:32.004117,30.37439,31.00075,0.0
2022-01-25 08:07:32.503183,29.55008,30.12425,0.0
2022-01-25 08:07:33.006548,29.85951,30.227,0.0
2022-01-25 08:07:33.503361,30.27166,30.898,0.0
2022-01-25 08:07:34.010507,30.89051,30.07225,0.0
2022-01-25 08:07:34.510245,30.11695,30.07225,0.0
2022-01-25 08:07:35.002952,29.55008,30.74325,0.0
2022-01-25 08:07:35.502929,29.80752,30.12425,0.0
2022-01-25 08:07:36.001545,31.09721,30.07225,0.0
2022-01-25 08:07:36.509372,31.09721,31.05275,0.0
2022-01-25 08:07:37.002540,30.37439,30.48575,0.0
2022-01-25 08:07:37.510651,29.34339,30.38175,0.0
2022-01-25 08:07:38.004086,30.06497,31.10475,0.0
2022-01-25 08:07:38.502792,30.27166,30.279,0.0
2022-01-25 08:07:39.001293,30.83853,30.17625,0.0
2022-01-25 08:07:39.507785,30.11695,30.95,0.0
2022-01-25 08:07:40.006388,29.2914,30.279,0.0
2022-01-25 08:07:40.504239,29.7048,29.76275,0.0
2022-01-25 08:07:41.002286,30.78778,30.79525,0.0
2022-01-25 08:07:41.509126,30.58109,30.38175,0.0
2022-01-25 08:07:42.008761,30.27166,30.331,0.0
2022-01-25 08:07:42.503962,28.93123,30.74325,0.0
2022-01-25 08:07:43.002234,30.06497,30.5885,0.0
2022-01-25 08:07:43.508043,31.35465,30.331,0.0
2022-01-25 08:07:44.006402,30.83853,31.2595,0.0
2022-01-25 08:07:44.502822,29.91025,30.331,0.0
2022-01-25 08:07:45.002565,28.93123,29.9695,0.0
2022-01-25 08:07:45.508010,28.93123,30.227,0.0
2022-01-25 08:07:46.007402,31.14795,30.74325,0.0
2022-01-25 08:07:46.511070,31.19994,30.331,0.0
2022-01-25 08:07:47.008823,30.01422,30.17625,0.0
2022-01-25 08:07:47.504948,29.39537,30.48575,0.0
2022-01-25 08:07:48.004548,29.60083,30.12425,0.0
2022-01-25 08:07:48.509359,30.5291,30.846,0.0
2022-01-25 08:07:49.009131,31.30267,30.898,0.0
2022-01-25 08:07:49.505841,30.16893,30.331,0.0
2022-01-25 08:07:50.004853,29.55008,30.279,0.0
2022-01-25 08:07:50.509450,28.98198,31.00075,0.0
2022-01-25 08:07:51.007775,29.91025,30.5365,0.0
2022-01-25 08:07:51.503311,30.89051,30.12425,0.0
2022-01-25 08:07:52.002644,30.16893,30.331,0.0
2022-01-25 08:07:52.504689,29.34339,30.43375,0.0
2022-01-25 08:07:53.004026,30.06497,30.38175,0.0
2022-01-25 08:07:53.506503,31.40663,30.5885,0.0
2022-01-25 08:07:54.004354,30.83853,30.331,0.0
2022-01-25 08:07:54.509820,29.65281,30.38175,0.0
2022-01-25 08:07:55.008209,29.18867,30.95,0.0
2022-01-25 08:07:55.506537,30.42637,30.6405,0.0
2022-01-25 08:07:56.004664,30.37439,30.6405,0.0
2022-01-25 08:07:56.509809,30.32365,30.48575,0.0
2022-01-25 08:07:57.008523,29.60083,30.38175,0.0
2022-01-25 08:07:57.503891,30.58109,30.74325,0.0
2022-01-25 08:07:58.004873,30.99324,30.38175,0.0
2022-01-25 08:07:58.510232,30.32365,30.17625,0.0
2022-01-25 08:07:59.008569,30.06497,30.5365,0.0
2022-01-25 08:07:59.504814,29.39537,30.331,0.0
2022-01-25 08:08:00.003376,29.75554,30.279,0.0
2022-01-25 08:08:00.509647,30.11695,30.6405,0.0
2022-01-25 08:08:01.008720,30.27166,30.74325,0.0
2022-01-25 08:08:01.504875,30.78778,30.5365,0.0
2022-01-25 08:08:02.002468,30.16893,30.846,0.0
2022-01-25 08:08:02.506333,30.32365,30.38175,0.0
2022-01-25 08:08:03.004758,30.06497,30.0215,0.0
2022-01-25 08:08:03.509121,30.11695,31.2595,0.0
2022-01-25 08:08:04.007976,30.42637,30.5365,0.0
2022-01-25 08:08:04.503712,29.60083,29.9695,0.0
2022-01-25 08:08:05.003791,29.75554,30.331,0.0
2022-01-25 08:08:05.501325,30.63307,30.5885,0.0
2022-01-25 08:08:06.008192,30.9425,30.38175,0.0
2022-01-25 08:08:06.501721,30.21968,30.5365,0.0
2022-01-25 08:08:07.003099,29.44612,30.69125,0.0
2022-01-25 08:08:07.504646,29.65281,30.279,0.0
2022-01-25 08:08:08.001360,30.21968,30.74325,0.0
2022-01-25 08:08:08.501501,31.09721,30.74325,0.0
2022-01-25 08:08:09.002679,30.5291,30.12425,0.0
2022-01-25 08:08:09.509083,29.7048,30.227,0.0
2022-01-25 08:08:10.009624,28.77652,30.898,0.0
2022-01-25 08:08:10.505899,30.9425,30.279,0.0
2022-01-25 08:08:11.006771,31.09721,30.07225,0.0
2022-01-25 08:08:11.504485,30.5291,30.48575,0.0
2022-01-25 08:08:12.003356,29.80752,30.279,0.0
2022-01-25 08:08:12.509301,28.82727,30.48575,0.0
2022-01-25 08:08:13.008909,30.32365,30.69125,0.0
2022-01-25 08:08:13.504049,31.66407,30.43375,0.0
2022-01-25 08:08:14.002752,30.7358,30.38175,0.0
2022-01-25 08:08:14.509762,29.55008,30.95,0.0
2022-01-25 08:08:15.001083,29.18867,30.43375,0.0
2022-01-25 08:08:15.506409,30.42637,30.38175,0.0
2022-01-25 08:08:16.004297,30.68382,30.846,0.0
2022-01-25 08:08:16.508774,30.06497,30.43375,0.0
2022-01-25 08:08:17.006640,29.65281,30.12425,0.0
2022-01-25 08:08:17.506400,29.13669,31.00075,0.0
2022-01-25 08:08:18.004099,30.83853,30.43375,0.0
2022-01-25 08:08:18.508977,30.83853,30.17625,0.0
2022-01-25 08:08:19.006919,29.96224,30.74325,0.0
2022-01-25 08:08:19.504854,29.03396,30.5365,0.0
2022-01-25 08:08:20.002301,29.34339,30.07225,0.0
2022-01-25 08:08:20.507699,30.7358,30.898,0.0
2022-01-25 08:08:21.008252,30.68382,30.5885,0.0
2022-01-25 08:08:21.509911,29.85951,30.12425,0.0
2022-01-25 08:08:22.003130,29.13669,30.38175,0.0
2022-01-25 08:08:22.510675,30.42637,30.846,0.0
2022-01-25 08:08:23.009226,30.89051,30.43375,0.0
2022-01-25 08:08:23.504888,30.5291,30.227,0.0
2022-01-25 08:08:24.004532,30.21968,30.48575,0.0
2022-01-25 08:08:24.502406,29.13669,29.9695,0.0
2022-01-25 08:08:25.010745,29.13669,30.69125,0.0
2022-01-25 08:08:25.506542,30.32365,30.79525,0.0
2022-01-25 08:08:26.005252,30.7358,30.279,0.0
2022-01-25 08:08:26.502912,29.75554,30.279,0.0
2022-01-25 08:08:27.001915,29.39537,30.74325,0.0
2022-01-25 08:08:27.506999,29.55008,30.279,0.0
2022-01-25 08:08:28.004717,31.04522,30.5365,0.0
2022-01-25 08:08:28.509493,30.63307,30.74325,0.0
2022-01-25 08:08:29.008296,30.16893,30.331,0.0
2022-01-25 08:08:29.505245,29.08595,30.48575,0.0
2022-01-25 08:08:30.002450,28.77652,30.898,0.0
2022-01-25 08:08:30.508395,31.14795,30.331,0.0
2022-01-25 08:08:31.008344,31.04522,29.81475,0.0
2022-01-25 08:08:31.504747,30.21968,30.5885,0.0
2022-01-25 08:08:32.003098,28.98198,30.69125,0.0
2022-01-25 08:08:32.509279,29.2914,30.48575,0.0
2022-01-25 08:08:33.007815,31.40663,30.5365,0.0
2022-01-25 08:08:33.504519,30.9425,30.48575,0.0
2022-01-25 08:08:34.009235,30.42637,30.17625,0.0
2022-01-25 08:08:34.504436,29.39537,30.898,0.0
2022-01-25 08:08:35.004028,30.37439,30.846,0.0
2022-01-25 08:08:35.502053,31.61209,30.12425,0.0
2022-01-25 08:08:36.001366,30.37439,30.17625,0.0
2022-01-25 08:08:36.506412,29.75554,30.898,0.0
2022-01-25 08:08:37.003779,29.39537,29.81475,0.0
2022-01-25 08:08:37.510953,29.44612,30.6405,0.0
2022-01-25 08:08:38.009297,30.37439,30.6405,0.0
2022-01-25 08:08:38.504819,30.37439,30.331,0.0
2022-01-25 08:08:39.003340,29.75554,30.69125,0.0
2022-01-25 08:08:39.510766,29.39537,30.5885,0.0
2022-01-25 08:08:40.010072,30.7358,30.331,0.0
2022-01-25 08:08:40.505944,30.63307,30.6405,0.0
2022-01-25 08:08:41.003998,30.27166,30.69125,0.0
2022-01-25 08:08:41.507721,29.44612,30.48575,0.0
2022-01-25 08:08:42.006156,29.60083,30.38175,0.0
2022-01-25 08:08:42.502399,30.42637,30.331,0.0
2022-01-25 08:08:43.010370,30.5291,30.43375,0.0
2022-01-25 08:08:43.507055,29.85951,30.43375,0.0
2022-01-25 08:08:44.006151,29.44612,30.43375,0.0
2022-01-25 08:08:44.502566,30.37439,30.6405,0.0
2022-01-25 08:08:45.003013,30.7358,30.69125,0.0
2022-01-25 08:08:45.508676,30.5291,30.6405,0.0
2022-01-25 08:08:46.007458,29.91025,30.5365,0.0
2022-01-25 08:08:46.503080,29.7048,30.43375,0.0
2022-01-25 08:08:47.001647,29.7048,30.43375,0.0
2022-01-25 08:08:47.508297,30.16893,30.74325,0.0
2022-01-25 08:08:48.005217,30.42637,30.5365,0.0
2022-01-25 08:08:48.503323,30.16893,30.0215,0.0
2022-01-25 08:08:49.002531,29.44612,30.279,0.0
2022-01-25 08:08:49.508383,30.01422,30.74325,0.0
2022-01-25 08:08:50.007623,30.27166,30.5365,0.0
2022-01-25 08:08:50.505072,30.78778,30.38175,0.0
2022-01-25 08:08:51.002936,29.91025,30.6405,0.0
2022-01-25 08:08:51.510221,29.18867,30.69125,0.0
2022-01-25 08:08:52.009408,30.78778,30.6405,0.0
2022-01-25 08:08:52.505814,30.63307,30.79525,0.0
2022-01-25 08:08:53.003892,30.7358,30.227,0.0
2022-01-25 08:08:53.501709,29.75554,30.0215,0.0
2022-01-25 08:08:54.010271,28.4671,31.00075,0.0
2022-01-25 08:08:54.506037,29.08595,30.48575,0.0
2022-01-25 08:08:55.004262,31.14795,30.279,0.0
2022-01-25 08:08:55.509860,31.09721,30.0215,0.0
2022-01-25 08:08:56.002004,30.7358,30.74325,0.0
2022-01-25 08:08:56.507914,29.60083,30.846,0.0
2022-01-25 08:08:57.006767,29.44612,30.331,0.0
2022-01-25 08:08:57.504694,30.68382,30.846,0.0
2022-01-25 08:08:58.003901,30.7358,30.48575,0.0
2022-01-25 08:08:58.501683,29.96224,30.227,0.0
2022-01-25 08:08:59.010097,29.34339,30.69125,0.0
2022-01-25 08:08:59.504726,29.2914,30.69125,0.0
2022-01-25 08:09:00.003549,30.89051,29.81475,0.0
2022-01-25 08:09:00.508135,30.58109,30.43375,0.0
2022-01-25 08:09:01.007562,30.16893,30.6405,0.0
2022-01-25 08:09:01.504557,29.2914,30.227,0.0
2022-01-25 08:09:02.004433,29.7048,30.6405,0.0
2022-01-25 08:09:02.504046,30.37439,30.48575,0.0
2022-01-25 08:09:03.004896,30.47836,30.6405,0.0
2022-01-25 08:09:03.510237,29.80752,30.69125,0.0
2022-01-25 08:09:04.008038,29.60083,30.38175,0.0
2022-01-25 08:09:04.502811,31.14795,30.5365,0.0
2022-01-25 08:09:05.001987,30.58109,30.69125,0.0
2022-01-25 08:09:05.507423,30.16893,30.227,0.0
2022-01-25 08:09:06.007679,29.39537,30.43375,0.0
2022-01-25 08:09:06.504379,30.27166,30.6405,0.0
2022-01-25 08:09:07.005062,30.5291,30.48575,0.0
2022-01-25 08:09:07.501720,30.63307,30.227,0.0
2022-01-25 08:09:08.001245,29.80752,30.331,0.0
2022-01-25 08:09:08.507543,29.55008,30.79525,0.0
2022-01-25 08:09:09.006419,29.18867,30.43375,0.0
2022-01-25 08:09:09.501990,30.16893,30.898,0.0
2022-01-25 08:09:10.010412,30.7358,30.5365,0.0
2022-01-25 08:09:10.507881,30.16893,29.9175,0.0
2022-01-25 08:09:11.002014,29.2914,30.79525,0.0
2022-01-25 08:09:11.507689,29.65281,30.79525,0.0
2022-01-25 08:09:12.005731,30.83853,30.331,0.0
2022-01-25 08:09:12.502226,30.78778,30.12425,0.0
2022-01-25 08:09:13.009071,29.75554,30.846,0.0
2022-01-25 08:09:13.502464,29.34339,30.331,0.0
2022-01-25 08:09:14.010416,29.13669,30.48575,0.0
2022-01-25 08:09:14.509658,31.04522,30.846,0.0
2022-01-25 08:09:15.009111,30.63307,30.279,0.0
2022-01-25 08:09:15.504211,29.96224,30.48575,0.0
2022-01-25 08:09:16.005162,29.24066,31.05275,0.0
2022-01-25 08:09:16.501556,28.72454,30.12425,0.0
2022-01-25 08:09:17.001819,31.61209,30.07225,0.0
2022-01-25 08:09:17.506799,31.35465,30.5365,0.0
2022-01-25 08:09:18.007286,30.78778,30.43375,0.0
2022-01-25 08:09:18.502968,28.77652,30.38175,0.0
2022-01-25 08:09:19.002861,28.77652,30.5885,0.0
2022-01-25 08:09:19.511027,31.30267,30.5885,0.0
2022-01-25 08:09:20.008862,31.56135,30.227,0.0
2022-01-25 08:09:20.504296,30.78778,30.79525,0.0
2022-01-25 08:09:21.003000,29.60083,30.5885,0.0
2022-01-25 08:09:21.503018,29.2914,30.331,0.0
2022-01-25 08:09:22.001142,30.99324,30.69125,0.0
2022-01-25 08:09:22.507282,30.7358,30.43375,0.0
2022-01-25 08:09:23.006243,29.44612,30.227,0.0
2022-01-25 08:09:23.501302,30.47836,30.69125,0.0
2022-01-25 08:09:24.010254,30.58109,30.5365,0.0
2022-01-25 08:09:24.504916,30.42637,30.331,0.0
2022-01-25 08:09:25.003861,30.11695,30.5365,0.0
2022-01-25 08:09:25.510216,29.65281,30.69125,0.0
2022-01-25 08:09:26.008968,29.7048,30.43375,0.0
2022-01-25 08:09:26.505849,30.78778,30.48575,0.0
2022-01-25 08:09:27.004654,30.5291,30.898,0.0
2022-01-25 08:09:27.502446,30.32365,30.279,0.0
2022-01-25 08:09:28.001621,29.4981,30.331,0.0
2022-01-25 08:09:28.511041,30.37439,30.79525,0.0
2022-01-25 08:09:29.009782,31.09721,30.38175,0.0
2022-01-25 08:09:29.506821,30.68382,30.38175,0.0
2022-01-25 08:09:30.008733,30.47836,30.5885,0.0
2022-01-25 08:09:30.507138,29.65281,30.279,0.0
2022-01-25 08:09:31.010769,29.65281,30.5885,0.0
2022-01-25 08:09:31.505321,30.27166,30.79525,0.0
2022-01-25 08:09:32.007403,31.14795,30.331,0.0
2022-01-25 08:09:32.504394,30.27166,30.227,0.0
2022-01-25 08:09:33.004947,29.7048,30.79525,0.0
2022-01-25 08:09:33.510916,29.03396,30.5365,0.0
2022-01-25 08:09:34.008319,30.63307,30.227,0.0
2022-01-25 08:09:34.501482,31.66407,30.5885,0.0
2022-01-25 08:09:35.001174,30.89051,30.17625,0.0
2022-01-25 08:09:35.506726,30.01422,30.69125,0.0
2022-01-25 08:09:36.005312,29.03396,30.69125,0.0
2022-01-25 08:09:36.501725,28.56982,30.227,0.0
2022-01-25 08:09:37.010201,31.09721,30.279,0.0
2022-01-25 08:09:37.506790,30.16893,30.79525,0.0
2022-01-25 08:09:38.005946,30.16893,30.6405,0.0
2022-01-25 08:09:38.501311,29.13669,30.69125,0.0
2022-01-25 08:09:39.010454,30.01422,30.227,0.0
2022-01-25 08:09:39.505810,31.09721,30.17625,0.0
2022-01-25 08:09:40.004289,30.21968,30.95,0.0
2022-01-25 08:09:40.501423,29.60083,30.43375,0.0
2022-01-25 08:09:41.001347,29.65281,30.331,0.0
2022-01-25 08:09:41.509888,30.63307,30.331,0.0
2022-01-25 08:09:42.007415,30.42637,30.5365,0.0
2022-01-25 08:09:42.502666,29.96224,30.38175,0.0
2022-01-25 08:09:43.002478,29.13669,30.79525,0.0
2022-01-25 08:09:43.510275,29.55008,30.48575,0.0
2022-01-25 08:09:44.008893,30.27166,30.0215,0.0
2022-01-25 08:09:44.506550,30.7358,30.846,0.0
2022-01-25 08:09:45.004741,29.96224,30.69125,0.0
2022-01-25 08:09:45.510474,29.08595,30.12425,0.0
2022-01-25 08:09:46.001364,29.13669,30.69125,0.0
2022-01-25 08:09:46.508440,30.83853,30.69125,0.0
2022-01-25 08:09:47.006592,31.19994,30.227,0.0
2022-01-25 08:09:47.501666,30.11695,30.38175,0.0
2022-01-25 08:09:48.006198,29.18867,30.846,0.0
2022-01-25 08:09:48.501658,28.87925,30.48575,0.0
2022-01-25 08:09:49.009781,30.21968,30.5365,0.0
2022-01-25 08:09:49.505439,30.83853,30.79525,0.0
2022-01-25 08:09:50.003289,29.80752,30.17625,0.0
2022-01-25 08:09:50.502680,29.75554,30.331,0.0
2022-01-25 08:09:51.001666,29.85951,31.00075,0.0
2022-01-25 08:09:51.508318,30.83853,30.5365,0.0
2022-01-25 08:09:52.006813,30.27166,29.9695,0.0
2022-01-25 08:09:52.501258,30.06497,30.898,0.0
2022-01-25 08:09:53.010416,29.75554,30.48575,0.0
2022-01-25 08:09:53.505863,30.68382,30.43375,0.0
2022-01-25 08:09:54.004829,30.37439,30.48575,0.0
2022-01-25 08:09:54.501812,30.47836,30.5365,0.0
2022-01-25 08:09:55.004319,29.80752,30.279,0.0
2022-01-25 08:09:55.501146,29.80752,30.95,0.0
2022-01-25 08:09:56.001193,30.06497,30.48575,0.0
2022-01-25 08:09:56.509136,30.68382,29.76275,0.0
2022-01-25 08:09:57.007439,30.42637,30.5885,0.0
2022-01-25 08:09:57.502262,29.75554,31.2075,0.0
2022-01-25 08:09:58.002699,29.7048,30.43375,0.0
2022-01-25 08:09:58.508513,29.44612,30.0215,0.0
2022-01-25 08:09:59.008176,30.99324,30.74325,0.0
2022-01-25 08:09:59.503609,30.99324,30.38175,0.0
2022-01-25 08:10:00.001557,30.42637,30.5365,0.0
2022-01-25 08:10:00.508444,29.13669,30.5365,0.0
2022-01-25 08:10:01.008073,29.55008,30.279,0.0
2022-01-25 08:10:01.503224,31.50936,30.5365,0.0
2022-01-25 08:10:02.002666,30.47836,30.74325,0.0
2022-01-25 08:10:02.508155,29.7048,30.227,0.0
2022-01-25 08:10:03.009248,29.24066,30.5365,0.0
2022-01-25 08:10:03.506597,28.93123,30.69125,0.0
2022-01-25 08:10:04.006969,30.68382,30.5365,0.0
2022-01-25 08:10:04.509482,30.58109,30.5365,0.0
2022-01-25 08:10:05.003913,29.65281,30.69125,0.0
2022-01-25 08:10:05.501110,29.13669,30.38175,0.0
2022-01-25 08:10:06.005381,30.32365,30.38175,0.0
2022-01-25 08:10:06.506699,31.25192,30.69125,0.0
2022-01-25 08:10:07.010719,30.58109,30.279,0.0
2022-01-25 08:10:07.510621,30.11695,30.43375,0.0
2022-01-25 08:10:08.005049,29.2914,30.5365,0.0
2022-01-25 08:10:08.502836,30.7358,30.43375,0.0
2022-01-25 08:10:09.001677,30.89051,30.227,0.0
2022-01-25 08:10:09.506821,30.16893,30.69125,0.0
2022-01-25 08:10:10.002307,29.75554,30.898,0.0
2022-01-25 08:10:10.507878,29.7048,30.43375,0.0
2022-01-25 08:10:11.007949,30.89051,30.6405,0.0
2022-01-25 08:10:11.503704,30.99324,30.5365,0.0
2022-01-25 08:10:12.009753,30.37439,30.12425,0.0
2022-01-25 08:10:12.509269,29.4981,30.95,0.0
2022-01-25 08:10:13.002276,29.96224,30.48575,0.0
2022-01-25 08:10:13.502948,30.27166,29.86675,0.0
2022-01-25 08:10:14.006753,30.99324,30.6405,0.0
2022-01-25 08:10:14.505982,29.91025,30.69125,0.0
2022-01-25 08:10:15.005146,29.18867,30.17625,0.0
2022-01-25 08:10:15.501889,29.96224,30.43375,0.0
2022-01-25 08:10:16.010807,30.37439,30.74325,0.0
2022-01-25 08:10:16.505886,31.19994,30.5885,0.0
2022-01-25 08:10:17.002797,30.27166,30.74325,0.0
2022-01-25 08:10:17.510338,29.91025,30.74325,0.0
2022-01-25 08:10:18.010186,29.13669,30.0215,0.0
2022-01-25 08:10:18.507434,30.11695,30.331,0.0
2022-01-25 08:10:19.007097,30.9425,30.6405,0.0
2022-01-25 08:10:19.502931,30.47836,30.43375,0.0
2022-01-25 08:10:20.002753,29.85951,30.38175,0.0
2022-01-25 08:10:20.509515,29.4981,30.48575,0.0
2022-01-25 08:10:21.003197,30.78778,30.07225,0.0
2022-01-25 08:10:21.501317,31.25192,30.74325,0.0
2022-01-25 08:10:22.010742,30.01422,30.95,0.0
2022-01-25 08:10:22.510904,29.55008,30.5365,0.0
2022-01-25 08:10:23.009764,29.75554,30.5885,0.0
2022-01-25 08:10:23.506853,30.47836,30.69125,0.0
2022-01-25 08:10:24.004546,31.25192,30.331,0.0
2022-01-25 08:10:24.510315,30.21968,30.48575,0.0
2022-01-25 08:10:25.009003,29.4981,30.227,0.0
2022-01-25 08:10:25.504509,29.55008,30.48575,0.0
2022-01-25 08:10:26.003241,30.11695,30.5885,0.0
2022-01-25 08:10:26.510055,30.83853,30.227,0.0
2022-01-25 08:10:27.008384,30.11695,30.43375,0.0
2022-01-25 08:10:27.505000,29.13669,30.5365,0.0
2022-01-25 08:10:28.003006,30.32365,30.48575,0.0
2022-01-25 08:10:28.509116,31.40663,30.898,0.0
2022-01-25 08:10:29.008011,30.83853,30.74325,0.0
2022-01-25 08:10:29.505012,29.80752,30.43375,0.0
2022-01-25 08:10:30.003613,29.39537,30.43375,0.0
2022-01-25 08:10:30.509485,30.47836,30.5885,0.0
2022-01-25 08:10:31.010464,30.78778,30.07225,0.0
2022-01-25 08:10:31.509518,30.47836,30.5365,0.0
2022-01-25 08:10:32.009718,30.01422,30.48575,0.0
2022-01-25 08:10:32.506077,29.55008,30.38175,0.0
2022-01-25 08:10:33.006332,29.75554,30.43375,0.0
2022-01-25 08:10:33.510516,30.27166,30.43375,0.0
2022-01-25 08:10:34.007866,30.47836,30.74325,0.0
2022-01-25 08:10:34.510429,29.80752,30.5885,0.0
2022-01-25 08:10:35.008385,29.44612,30.5885,0.0
2022-01-25 08:10:35.504953,30.21968,30.846,0.0
2022-01-25 08:10:36.003372,30.78778,29.9695,0.0
2022-01-25 08:10:36.506985,30.42637,30.5365,0.0
2022-01-25 08:10:37.005029,29.91025,31.05275,0.0
2022-01-25 08:10:37.501201,29.96224,30.07225,0.0
2022-01-25 08:10:38.009419,31.19994,29.81475,0.0
2022-01-25 08:10:38.503843,30.99324,31.00075,0.0
2022-01-25 08:10:39.003482,30.27166,30.43375,0.0
2022-01-25 08:10:39.510561,29.4981,30.12425,0.0
2022-01-25 08:10:40.008827,28.87925,30.69125,0.0
2022-01-25 08:10:40.509489,30.99324,30.43375,0.0
2022-01-25 08:10:41.006828,31.09721,30.227,0.0
2022-01-25 08:10:41.506834,30.7358,31.517,0.0
2022-01-25 08:10:42.006671,30.01422,30.95,0.0
2022-01-25 08:10:42.502579,29.34339,29.712,0.0
2022-01-25 08:10:43.010875,30.01422,29.55725,0.0
2022-01-25 08:10:43.506916,31.66407,31.00075,0.0
2022-01-25 08:10:44.006520,30.58109,30.69125,0.0
2022-01-25 08:10:44.503365,29.7048,30.0215,0.0
2022-01-25 08:10:45.001028,29.39537,30.79525,0.0
2022-01-25 08:10:45.507390,29.39537,30.74325,0.0
2022-01-25 08:10:46.005201,31.19994,30.846,0.0
2022-01-25 08:10:46.511068,30.47836,30.95,0.0
2022-01-25 08:10:47.010358,29.60083,30.227,0.0
2022-01-25 08:10:47.506145,29.60083,30.227,0.0
2022-01-25 08:10:48.003844,30.78778,31.1555,0.0
2022-01-25 08:10:48.511162,30.9425,30.279,0.0
2022-01-25 08:10:49.010396,30.11695,30.12425,0.0
2022-01-25 08:10:49.508529,29.85951,30.279,0.0
2022-01-25 08:10:50.007772,30.11695,30.5885,0.0
2022-01-25 08:10:50.507560,30.63307,30.38175,0.0
2022-01-25 08:10:51.009979,31.09721,30.5885,0.0
2022-01-25 08:10:51.506306,29.85951,30.48575,0.0
2022-01-25 08:10:52.004082,29.24066,30.17625,0.0
2022-01-25 08:10:52.510808,29.60083,30.898,0.0
2022-01-25 08:10:53.004864,30.68382,30.5885,0.0
2022-01-25 08:10:53.509533,30.37439,30.227,0.0
2022-01-25 08:10:54.008855,29.75554,31.00075,0.0
2022-01-25 08:10:54.506169,29.2914,30.6405,0.0
2022-01-25 08:10:55.004545,30.47836,29.81475,0.0
2022-01-25 08:10:55.509498,30.9425,30.898,0.0
2022-01-25 08:10:56.008818,30.42637,30.331,0.0
2022-01-25 08:10:56.506454,30.06497,30.48575,0.0
2022-01-25 08:10:57.004775,29.80752,30.74325,0.0
2022-01-25 08:10:57.510742,30.7358,30.227,0.0
2022-01-25 08:10:58.009386,30.5291,30.17625,0.0
2022-01-25 08:10:58.507351,30.21968,31.00075,0.0
2022-01-25 08:10:59.005515,29.55008,30.74325,0.0
2022-01-25 08:10:59.501404,29.7048,30.07225,0.0
2022-01-25 08:11:00.009866,30.21968,30.5365,0.0
2022-01-25 08:11:00.506377,30.58109,30.79525,0.0
2022-01-25 08:11:01.004582,30.47836,30.331,0.0
2022-01-25 08:11:01.510242,29.65281,30.38175,0.0
2022-01-25 08:11:02.010321,30.11695,30.48575,0.0
2022-01-25 08:11:02.505629,30.63307,30.227,0.0
2022-01-25 08:11:03.002527,30.5291,30.79525,0.0
2022-01-25 08:11:03.509756,30.21968,30.6405,0.0
2022-01-25 08:11:04.009186,29.80752,30.17625,0.0
2022-01-25 08:11:04.505705,29.60083,30.12425,0.0
2022-01-25 08:11:05.003265,30.78778,31.2075,0.0
2022-01-25 08:11:05.509404,30.78778,30.48575,0.0
2022-01-25 08:11:06.007659,30.42637,30.38175,0.0
2022-01-25 08:11:06.503314,30.11695,30.5365,0.0
2022-01-25 08:11:07.002681,29.39537,30.331,0.0
2022-01-25 08:11:07.508707,30.01422,30.5365,0.0
2022-01-25 08:11:08.007648,31.09721,30.74325,0.0
2022-01-25 08:11:08.503787,30.83853,30.5365,0.0
2022-01-25 08:11:09.005148,30.27166,30.227,0.0
2022-01-25 08:11:09.502379,29.60083,30.69125,0.0
2022-01-25 08:11:10.001643,30.99324,30.279,0.0
2022-01-25 08:11:10.507641,31.09721,30.331,0.0
2022-01-25 08:11:11.002724,30.37439,30.79525,0.0
2022-01-25 08:11:11.502097,29.7048,30.48575,0.0
2022-01-25 08:11:12.010745,28.98198,30.43375,0.0
2022-01-25 08:11:12.506675,30.63307,30.6405,0.0
2022-01-25 08:11:13.003880,30.99324,30.331,0.0
2022-01-25 08:11:13.510551,30.21968,30.5885,0.0
2022-01-25 08:11:14.008558,29.4981,30.5885,0.0
2022-01-25 08:11:14.503150,30.16893,30.331,0.0
2022-01-25 08:11:15.002017,30.63307,30.17625,0.0
2022-01-25 08:11:15.510366,31.09721,30.69125,0.0
2022-01-25 08:11:16.009735,30.21968,30.38175,0.0
2022-01-25 08:11:16.505062,29.34339,30.17625,0.0
2022-01-25 08:11:17.003467,29.08595,30.846,0.0
2022-01-25 08:11:17.508836,30.01422,30.227,0.0
2022-01-25 08:11:18.008689,31.25192,30.846,0.0
2022-01-25 08:11:18.504595,29.96224,30.69125,0.0
2022-01-25 08:11:19.003715,29.7048,30.12425,0.0
2022-01-25 08:11:19.510592,29.75554,30.6405,0.0
2022-01-25 08:11:20.009207,30.68382,30.69125,0.0
2022-01-25 08:11:20.501165,31.09721,30.331,0.0
2022-01-25 08:11:21.004903,30.16893,30.5365,0.0
2022-01-25 08:11:21.511013,29.39537,30.38175,0.0
2022-01-25 08:11:22.010515,29.75554,30.07225,0.0
2022-01-25 08:11:22.505670,30.5291,30.74325,0.0
2022-01-25 08:11:23.003231,30.83853,30.79525,0.0
2022-01-25 08:11:23.510322,30.37439,30.227,0.0
2022-01-25 08:11:24.008352,29.34339,30.5365,0.0
2022-01-25 08:11:24.506597,29.65281,30.69125,0.0
2022-01-25 08:11:25.005416,30.27166,30.5885,0.0
2022-01-25 08:11:25.502895,31.04522,30.69125,0.0
2022-01-25 08:11:26.001940,30.32365,30.6405,0.0
2022-01-25 08:11:26.508574,29.65281,30.0215,0.0
2022-01-25 08:11:27.006463,30.06497,30.6405,0.0
2022-01-25 08:11:27.502418,30.63307,30.6405,0.0
2022-01-25 08:11:28.010175,31.04522,30.12425,0.0
2022-01-25 08:11:28.506718,30.21968,30.12425,0.0
2022-01-25 08:11:29.008348,29.85951,30.6405,0.0
2022-01-25 08:11:29.506509,29.2914,30.846,0.0
2022-01-25 08:11:30.004326,30.63307,30.6405,0.0
2022-01-25 08:11:30.507581,30.83853,30.846,0.0
2022-01-25 08:11:31.008417,30.47836,30.43375,0.0
2022-01-25 08:11:31.502833,29.2914,30.227,0.0
2022-01-25 08:11:32.011070,29.60083,31.2075,0.0
2022-01-25 08:11:32.506848,30.78778,30.6405,0.0
2022-01-25 08:11:33.005554,30.68382,29.9695,0.0
2022-01-25 08:11:33.503507,30.11695,30.38175,0.0
2022-01-25 08:11:34.007863,29.7048,30.79525,0.0
2022-01-25 08:11:34.505736,30.68382,29.76275,0.0
2022-01-25 08:11:35.004029,30.58109,30.227,0.0
2022-01-25 08:11:35.510248,30.27166,30.79525,0.0
2022-01-25 08:11:36.002933,29.44612,30.48575,0.0
2022-01-25 08:11:36.510407,29.2914,30.6405,0.0
2022-01-25 08:11:37.007502,30.27166,30.846,0.0
2022-01-25 08:11:37.503409,30.42637,30.5885,0.0
2022-01-25 08:11:38.001990,30.06497,29.9695,0.0
2022-01-25 08:11:38.509232,29.7048,31.10475,0.0
2022-01-25 08:11:39.010702,30.32365,30.279,0.0
2022-01-25 08:11:39.506310,30.5291,30.331,0.0
2022-01-25 08:11:40.005027,30.42637,31.05275,0.0
2022-01-25 08:11:40.502669,30.16893,30.38175,0.0
2022-01-25 08:11:41.011010,29.65281,29.81475,0.0
2022-01-25 08:11:41.507018,30.58109,31.10475,0.0
2022-01-25 08:11:42.008044,30.27166,30.5365,0.0
2022-01-25 08:11:42.503518,30.37439,30.43375,0.0
2022-01-25 08:11:43.002305,30.11695,31.10475,0.0
2022-01-25 08:11:43.509042,29.60083,30.43375,0.0
2022-01-25 08:11:44.002474,30.11695,29.81475,0.0
2022-01-25 08:11:44.509727,30.58109,31.2075,0.0
2022-01-25 08:11:45.007724,30.5291,30.69125,0.0
2022-01-25 08:11:45.503293,29.91025,29.86675,0.0
2022-01-25 08:11:46.002287,29.39537,30.17625,0.0
2022-01-25 08:11:46.507982,29.34339,30.74325,0.0
2022-01-25 08:11:47.008298,30.32365,30.43375,0.0
2022-01-25 08:11:47.504085,30.63307,30.48575,0.0
2022-01-25 08:11:48.002781,29.91025,30.74325,0.0
2022-01-25 08:11:48.510602,29.03396,30.331,0.0
2022-01-25 08:11:49.001455,29.65281,30.74325,0.0
2022-01-25 08:11:49.510721,31.14795,31.00075,0.0
2022-01-25 08:11:50.008301,30.83853,30.38175,0.0
2022-01-25 08:11:50.504648,30.11695,29.86675,0.0
2022-01-25 08:11:51.003239,29.2914,30.898,0.0
2022-01-25 08:11:51.510628,29.7048,30.5365,0.0
2022-01-25 08:11:52.009461,30.42637,30.17625,0.0
2022-01-25 08:11:52.507449,30.9425,30.38175,0.0
2022-01-25 08:11:53.006149,30.27166,30.331,0.0
2022-01-25 08:11:53.502250,29.60083,30.5365,0.0
2022-01-25 08:11:54.010710,29.96224,31.00075,0.0
2022-01-25 08:11:54.505850,31.25192,30.6405,0.0
2022-01-25 08:11:55.005526,30.99324,30.43375,0.0
2022-01-25 08:11:55.502146,30.27166,30.846,0.0
2022-01-25 08:11:56.011101,29.55008,30.38175,0.0
2022-01-25 08:11:56.507578,29.08595,30.48575,0.0
2022-01-25 08:11:57.006511,31.30267,30.79525,0.0
2022-01-25 08:11:57.502641,30.68382,30.279,0.0
2022-01-25 08:11:58.010617,29.80752,30.48575,0.0
2022-01-25 08:11:58.505231,29.39537,30.5365,0.0
2022-01-25 08:11:59.006239,29.7048,30.07225,0.0
2022-01-25 08:11:59.502350,31.19994,30.74325,0.0
2022-01-25 08:12:00.002054,30.37439,30.79525,0.0
2022-01-25 08:12:00.508700,29.75554,30.227,0.0
2022-01-25 08:12:01.006321,29.18867,30.74325,0.0
2022-01-25 08:12:01.501722,30.11695,30.48575,0.0
2022-01-25 08:12:02.010672,30.68382,30.227,0.0
2022-01-25 08:12:02.506399,30.5291,30.6405,0.0
2022-01-25 08:12:03.005696,29.75554,30.38175,0.0
2022-01-25 08:12:03.501685,30.21968,30.38175,0.0
2022-01-25 08:12:04.010330,30.58109,30.74325,0.0
2022-01-25 08:12:04.506337,30.7358,30.5365,0.0
2022-01-25 08:12:05.006221,30.21968,30.227,0.0
2022-01-25 08:12:05.503300,29.91025,30.48575,0.0
2022-01-25 08:12:06.010257,29.85951,30.48575,0.0
2022-01-25 08:12:06.505407,30.63307,30.898,0.0
2022-01-25 08:12:07.003963,30.63307,30.48575,0.0
2022-01-25 08:12:07.509906,30.32365,30.227,0.0
2022-01-25 08:12:08.007656,29.4981,30.38175,0.0
2022-01-25 08:12:08.504702,30.01422,30.6405,0.0
2022-01-25 08:12:09.004855,30.58109,30.5365,0.0
2022-01-25 08:12:09.510945,30.99324,30.38175,0.0
2022-01-25 08:12:10.002309,30.37439,30.48575,0.0
2022-01-25 08:12:10.501530,29.4981,30.5885,0.0
2022-01-25 08:12:11.009034,29.4981,30.38175,0.0
2022-01-25 08:12:11.505083,31.35465,30.5365,0.0
2022-01-25 08:12:12.002744,31.14795,30.279,0.0
2022-01-25 08:12:12.508175,30.5291,30.5365,0.0
2022-01-25 08:12:13.005141,29.4981,30.69125,0.0
2022-01-25 08:12:13.510403,29.18867,30.48575,0.0
2022-01-25 08:12:14.008495,29.96224,30.48575,0.0
2022-01-25 08:12:14.504310,30.89051,30.279,0.0
2022-01-25 08:12:15.003705,30.32365,30.5885,0.0
2022-01-25 08:12:15.509331,30.27166,30.5365,0.0
2022-01-25 08:12:16.007272,29.2914,30.43375,0.0
2022-01-25 08:12:16.503838,30.83853,30.74325,0.0
2022-01-25 08:12:17.002274,31.30267,30.43375,0.0
2022-01-25 08:12:17.508396,30.42637,30.17625,0.0
2022-01-25 08:12:18.007965,29.2914,30.846,0.0
2022-01-25 08:12:18.506469,29.2914,30.17625,0.0
2022-01-25 08:12:19.008318,30.16893,30.331,0.0
2022-01-25 08:12:19.505064,30.58109,30.95,0.0
2022-01-25 08:12:20.001894,30.21968,30.38175,0.0
2022-01-25 08:12:20.508113,29.03396,29.86675,0.0
2022-01-25 08:12:21.006559,29.34339,31.10475,0.0
2022-01-25 08:12:21.502000,30.32365,30.5885,0.0
2022-01-25 08:12:22.010460,30.83853,29.9695,0.0
2022-01-25 08:12:22.505772,29.96224,31.00075,0.0
2022-01-25 08:12:23.005410,28.87925,30.48575,0.0
2022-01-25 08:12:23.505715,30.11695,29.81475,0.0
2022-01-25 08:12:24.005759,30.63307,30.95,0.0
2022-01-25 08:12:24.511176,30.37439,30.79525,0.0
2022-01-25 08:12:25.009039,29.91025,30.227,0.0
2022-01-25 08:12:25.503026,29.2914,30.6405,0.0
2022-01-25 08:12:26.001898,30.01422,30.79525,0.0
2022-01-25 08:12:26.507246,30.27166,30.38175,0.0
2022-01-25 08:12:27.006859,30.37439,30.17625,0.0
2022-01-25 08:12:27.505798,29.65281,30.95,0.0
2022-01-25 08:12:28.008100,29.75554,30.227,0.0
2022-01-25 08:12:28.507254,30.37439,30.6405,0.0
2022-01-25 08:12:29.005752,30.58109,30.95,0.0
2022-01-25 08:12:29.501354,30.5291,30.17625,0.0
2022-01-25 08:12:30.010970,29.55008,29.608,0.0
2022-01-25 08:12:30.507862,30.01422,31.2595,0.0
2022-01-25 08:12:31.004119,30.68382,30.95,0.0
2022-01-25 08:12:31.510661,30.58109,30.17625,0.0
2022-01-25 08:12:32.001744,30.37439,30.38175,0.0
2022-01-25 08:12:32.509961,29.7048,30.48575,0.0
2022-01-25 08:12:33.007816,29.03396,30.74325,0.0
2022-01-25 08:12:33.503573,30.63307,30.69125,0.0
2022-01-25 08:12:34.002331,31.25192,30.331,0.0
2022-01-25 08:12:34.508852,30.7358,30.07225,0.0
2022-01-25 08:12:35.007839,29.91025,31.00075,0.0
2022-01-25 08:12:35.504090,29.34339,30.6405,0.0
2022-01-25 08:12:36.002211,29.55008,30.07225,0.0
2022-01-25 08:12:36.508989,31.30267,30.227,0.0
2022-01-25 08:12:37.005888,30.37439,30.846,0.0
2022-01-25 08:12:37.502615,30.16893,30.331,0.0
2022-01-25 08:12:38.001105,29.39537,30.74325,0.0
2022-01-25 08:12:38.507256,29.75554,30.6405,0.0
2022-01-25 08:12:39.007772,31.04522,30.17625,0.0
2022-01-25 08:12:39.504757,30.42637,30.69125,0.0
2022-01-25 08:12:40.007044,30.01422,30.846,0.0
2022-01-25 08:12:40.503778,29.80752,30.279,0.0
2022-01-25 08:12:41.002829,31.04522,29.9695,0.0
2022-01-25 08:12:41.508492,30.63307,30.74325,0.0
2022-01-25 08:12:42.003360,30.06497,30.38175,0.0
2022-01-25 08:12:42.504398,29.44612,30.227,0.0
2022-01-25 08:12:43.005708,29.2914,30.69125,0.0
2022-01-25 08:12:43.502515,30.01422,30.48575,0.0
2022-01-25 08:12:44.010186,30.47836,30.48575,0.0
2022-01-25 08:12:44.502479,29.85951,30.6405,0.0
2022-01-25 08:12:45.010570,29.39537,30.227,0.0
2022-01-25 08:12:45.501853,30.37439,30.79525,0.0
2022-01-25 08:12:46.001798,30.37439,30.6405,0.0
2022-01-25 08:12:46.509814,30.47836,30.43375,0.0
2022-01-25 08:12:47.003404,29.96224,30.279,0.0
2022-01-25 08:12:47.504011,30.11695,30.331,0.0
2022-01-25 08:12:48.002028,30.11695,30.5365,0.0
2022-01-25 08:12:48.509262,30.5291,30.48575,0.0
2022-01-25 08:12:49.001531,30.47836,30.43375,0.0
2022-01-25 08:12:49.505435,29.80752,30.43375,0.0
2022-01-25 08:12:50.004284,29.80752,30.5885,0.0
2022-01-25 08:12:50.501770,30.27166,31.10475,0.0
2022-01-25 08:12:51.010910,30.5291,30.48575,0.0
2022-01-25 08:12:51.507477,30.47836,30.07225,0.0
2022-01-25 08:12:52.004955,30.11695,30.69125,0.0
2022-01-25 08:12:52.510910,29.80752,30.5885,0.0
2022-01-25 08:12:53.009343,30.63307,30.43375,0.0
2022-01-25 08:12:53.506329,30.78778,30.43375,0.0
2022-01-25 08:12:54.003773,30.58109,30.279,0.0
2022-01-25 08:12:54.509086,30.06497,30.38175,0.0
2022-01-25 08:12:55.006725,29.03396,30.846,0.0
2022-01-25 08:12:55.502362,29.18867,30.5885,0.0
2022-01-25 08:12:56.001518,30.32365,30.227,0.0
2022-01-25 08:12:56.501319,30.89051,30.74325,0.0
2022-01-25 08:12:57.009719,29.96224,30.6405,0.0
2022-01-25 08:12:57.510774,29.08595,30.279,0.0
2022-01-25 08:12:58.001348,29.60083,30.69125,0.0
2022-01-25 08:12:58.508807,31.14795,30.279,0.0
2022-01-25 08:12:59.011167,31.25192,30.331,0.0
2022-01-25 08:12:59.507277,30.78778,30.79525,0.0
2022-01-25 08:13:00.006047,29.75554,30.331,0.0
2022-01-25 08:13:00.507668,29.39537,30.227,0.0
2022-01-25 08:13:01.001226,30.37439,30.74325,0.0
2022-01-25 08:13:01.511311,30.9425,30.5885,0.0
2022-01-25 08:13:02.002087,29.4981,30.6405,0.0
2022-01-25 08:13:02.510344,29.18867,30.846,0.0
2022-01-25 08:13:03.001507,30.11695,30.38175,0.0
2022-01-25 08:13:03.501752,30.99324,30.331,0.0
2022-01-25 08:13:04.002904,30.58109,30.74325,0.0
2022-01-25 08:13:04.509497,29.7048,30.12425,0.0
2022-01-25 08:13:05.008994,29.2914,30.5365,0.0
2022-01-25 08:13:05.505349,30.68382,30.5885,0.0
2022-01-25 08:13:06.004049,30.58109,30.17625,0.0
2022-01-25 08:13:06.510092,30.37439,30.331,0.0
2022-01-25 08:13:07.008966,29.60083,30.898,0.0
2022-01-25 08:13:07.503967,29.39537,30.5365,0.0
2022-01-25 08:13:08.008216,30.47836,30.5365,0.0
2022-01-25 08:13:08.505745,30.7358,30.74325,0.0
2022-01-25 08:13:09.002330,29.96224,30.07225,0.0
2022-01-25 08:13:09.510706,29.34339,30.5885,0.0
2022-01-25 08:13:10.008965,29.65281,30.846,0.0
2022-01-25 08:13:10.504953,31.04522,30.17625,0.0
2022-01-25 08:13:11.009076,30.78778,30.12425,0.0
2022-01-25 08:13:11.504797,30.32365,30.74325,0.0
2022-01-25 08:13:12.003834,29.65281,30.48575,0.0
2022-01-25 08:13:12.509650,29.4981,30.279,0.0
2022-01-25 08:13:13.008122,30.5291,30.5885,0.0
2022-01-25 08:13:13.506370,30.58109,30.79525,0.0
2022-01-25 08:13:14.005636,30.37439,30.279,0.0
2022-01-25 08:13:14.502777,29.39537,30.95,0.0
2022-01-25 08:13:15.005922,30.37439,30.898,0.0
2022-01-25 08:13:15.504172,31.35465,29.66,0.0
2022-01-25 08:13:16.005399,30.89051,30.12425,0.0
2022-01-25 08:13:16.502344,30.21968,31.10475,0.0
2022-01-25 08:13:17.002366,29.24066,30.279,0.0
2022-01-25 08:13:17.508020,29.85951,30.5365,0.0
2022-01-25 08:13:18.004153,30.32365,30.331,0.0
2022-01-25 08:13:18.502782,31.19994,30.227,0.0
2022-01-25 08:13:19.003017,30.42637,30.43375,0.0
2022-01-25 08:13:19.508956,29.13669,31.05275,0.0
2022-01-25 08:13:20.007864,30.01422,30.5365,0.0
2022-01-25 08:13:20.504287,30.7358,29.9175,0.0
2022-01-25 08:13:21.003208,31.25192,31.10475,0.0
2022-01-25 08:13:21.509565,30.01422,30.12425,0.0
2022-01-25 08:13:22.009242,29.60083,30.331,0.0
2022-01-25 08:13:22.508136,29.34339,30.5885,0.0
2022-01-25 08:13:23.007314,30.7358,30.43375,0.0
2022-01-25 08:13:23.502548,31.19994,30.227,0.0
2022-01-25 08:13:24.001447,30.37439,30.898,0.0
2022-01-25 08:13:24.508150,29.60083,30.48575,0.0
2022-01-25 08:13:25.009269,28.87925,30.12425,0.0
2022-01-25 08:13:25.506806,29.91025,30.898,0.0
2022-01-25 08:13:26.008206,30.99324,30.74325,0.0
2022-01-25 08:13:26.508977,29.91025,30.17625,0.0
2022-01-25 08:13:27.009856,29.44612,30.5365,0.0
2022-01-25 08:13:27.504960,29.85951,30.6405,0.0
2022-01-25 08:13:28.010766,30.99324,30.07225,0.0
2022-01-25 08:13:28.506799,30.32365,30.48575,0.0
2022-01-25 08:13:29.007246,30.16893,30.48575,0.0
2022-01-25 08:13:29.510269,29.34339,30.38175,0.0
2022-01-25 08:13:30.001049,30.63307,30.5365,0.0
2022-01-25 08:13:30.509179,30.32365,30.74325,0.0
2022-01-25 08:13:31.004135,30.47836,30.07225,0.0
2022-01-25 08:13:31.510603,29.75554,30.6405,0.0
2022-01-25 08:13:32.009131,29.55008,31.1555,0.0
2022-01-25 08:13:32.506299,30.47836,30.48575,0.0
2022-01-25 08:13:33.004877,30.32365,29.81475,0.0
2022-01-25 08:13:33.511115,30.42637,30.79525,0.0
2022-01-25 08:13:34.007786,29.4981,30.38175,0.0
2022-01-25 08:13:34.504553,30.32365,30.279,0.0
2022-01-25 08:13:35.007819,30.27166,30.6405,0.0
2022-01-25 08:13:35.504979,30.42637,30.17625,0.0
2022-01-25 08:13:36.006023,30.37439,30.6405,0.0
2022-01-25 08:13:36.501465,29.91025,31.05275,0.0
2022-01-25 08:13:37.001040,29.85951,30.5885,0.0
2022-01-25 08:13:37.508041,30.42637,30.12425,0.0
2022-01-25 08:13:38.003916,30.83853,30.6405,0.0
2022-01-25 08:13:38.501115,30.47836,30.898,0.0
2022-01-25 08:13:39.010800,29.4981,30.69125,0.0
2022-01-25 08:13:39.511023,29.65281,30.43375,0.0
2022-01-25 08:13:40.010337,30.42637,30.17625,0.0
2022-01-25 08:13:40.508157,30.83853,30.331,0.0
2022-01-25 08:13:41.006305,30.37439,30.6405,0.0
2022-01-25 08:13:41.503316,29.91025,30.43375,0.0
2022-01-25 08:13:42.002164,29.39537,30.279,0.0
2022-01-25 08:13:42.508360,30.16893,30.5365,0.0
2022-01-25 08:13:43.006650,31.40663,30.5885,0.0
2022-01-25 08:13:43.501755,30.83853,30.38175,0.0
2022-01-25 08:13:44.002178,29.13669,30.6405,0.0
2022-01-25 08:13:44.508371,28.77652,30.331,0.0
2022-01-25 08:13:45.007557,30.21968,30.74325,0.0
2022-01-25 08:13:45.505128,30.99324,30.5885,0.0
2022-01-25 08:13:46.002945,30.68382,30.12425,0.0
2022-01-25 08:13:46.509192,29.34339,30.5885,0.0
2022-01-25 08:13:47.007943,29.03396,30.38175,0.0
2022-01-25 08:13:47.502781,30.32365,30.48575,0.0
2022-01-25 08:13:48.006609,30.5291,30.5365,0.0
2022-01-25 08:13:48.501068,30.32365,30.43375,0.0
2022-01-25 08:13:49.010375,29.60083,30.48575,0.0
2022-01-25 08:13:49.505713,29.55008,30.38175,0.0
2022-01-25 08:13:50.004888,31.14795,30.38175,0.0
2022-01-25 08:13:50.502629,30.7358,30.6405,0.0
2022-01-25 08:13:51.010666,29.85951,30.48575,0.0
2022-01-25 08:13:51.505992,29.18867,30.79525,0.0
2022-01-25 08:13:52.004233,30.27166,30.48575,0.0
2022-01-25 08:13:52.501760,30.89051,30.07225,0.0
2022-01-25 08:13:53.009332,30.27166,30.74325,0.0
2022-01-25 08:13:53.506057,29.91025,30.6405,0.0
2022-01-25 08:13:54.008336,29.13669,30.38175,0.0
2022-01-25 08:13:54.503296,31.14795,30.43375,0.0
2022-01-25 08:13:55.001097,30.78778,30.38175,0.0
2022-01-25 08:13:55.506416,30.37439,30.279,0.0
2022-01-25 08:13:56.005085,30.16893,31.00075,0.0
2022-01-25 08:13:56.501832,29.60083,30.48575,0.0
2022-01-25 08:13:57.009877,30.5291,30.0215,0.0
2022-01-25 08:13:57.507381,30.68382,31.10475,0.0
2022-01-25 08:13:58.003769,30.58109,30.5365,0.0
2022-01-25 08:13:58.501565,30.01422,30.279,0.0
2022-01-25 08:13:59.001400,29.24066,30.69125,0.0
2022-01-25 08:13:59.507113,29.08595,30.38175,0.0
2022-01-25 08:14:00.007531,30.83853,30.279,0.0
2022-01-25 08:14:00.501139,30.83853,30.898,0.0
2022-01-25 08:14:01.006183,30.06497,30.38175,0.0
2022-01-25 08:14:01.502431,29.34339,29.9175,0.0
2022-01-25 08:14:02.002871,30.16893,30.5365,0.0
2022-01-25 08:14:02.508480,31.04522,30.79525,0.0
2022-01-25 08:14:03.006757,30.68382,30.227,0.0
2022-01-25 08:14:03.502394,30.01422,30.74325,0.0
2022-01-25 08:14:04.001631,29.18867,30.95,0.0
2022-01-25 08:14:04.507159,28.77652,30.227,0.0
2022-01-25 08:14:05.006380,31.45738,30.69125,0.0
2022-01-25 08:14:05.502573,30.32365,30.5885,0.0
2022-01-25 08:14:06.002347,30.06497,30.279,0.0
2022-01-25 08:14:06.509778,29.13669,30.227,0.0
2022-01-25 08:14:07.009505,29.13669,30.43375,0.0
2022-01-25 08:14:07.505138,30.68382,30.279,0.0
2022-01-25 08:14:08.002407,30.58109,30.331,0.0
2022-01-25 08:14:08.508540,29.60083,30.79525,0.0
2022-01-25 08:14:09.007888,29.2914,30.48575,0.0
2022-01-25 08:14:09.504484,30.42637,30.38175,0.0
2022-01-25 08:14:10.004263,30.68382,31.05275,0.0
2022-01-25 08:14:10.502320,30.21968,30.43375,0.0
2022-01-25 08:14:11.008213,29.39537,30.227,0.0
2022-01-25 08:14:11.504080,30.32365,30.79525,0.0
2022-01-25 08:14:12.002795,30.89051,30.227,0.0
2022-01-25 08:14:12.507409,30.27166,30.0215,0.0
2022-01-25 08:14:13.004998,30.01422,31.00075,-0.03864
2022-01-25 08:14:13.501995,29.96224,30.48575,-0.03864
2022-01-25 08:14:14.010583,30.37439,29.81475,0.0
2022-01-25 08:14:14.506645,30.58109,30.898,0.0
2022-01-25 08:14:15.005045,30.42637,30.5885,0.0
2022-01-25 08:14:15.501173,29.96224,30.5885,0.0
2022-01-25 08:14:16.011173,29.2914,30.95,0.0
2022-01-25 08:14:16.506593,29.34339,30.69125,0.0
2022-01-25 08:14:17.005520,30.99324,29.9175,0.0
2022-01-25 08:14:17.502362,30.47836,30.79525,0.0
2022-01-25 08:14:18.010886,29.91025,31.00075,0.0
2022-01-25 08:14:18.510932,29.03396,30.279,0.0
2022-01-25 08:14:19.006798,30.06497,29.66,0.0
2022-01-25 08:14:19.505095,31.04522,30.74325,0.0
2022-01-25 08:14:20.009250,30.47836,30.69125,0.0
2022-01-25 08:14:20.503364,30.16893,30.279,0.0
2022-01-25 08:14:21.001540,29.08595,30.846,0.0
2022-01-25 08:14:21.508897,29.75554,30.5885,0.0
2022-01-25 08:14:22.010540,30.83853,30.279,0.0
2022-01-25 08:14:22.506522,31.09721,31.1555,0.0
2022-01-25 08:14:23.004877,30.37439,30.6405,0.0
2022-01-25 08:14:23.502611,29.34339,29.81475,0.0
2022-01-25 08:14:24.004133,29.18867,30.07225,0.0
2022-01-25 08:14:24.502966,30.99324,31.05275,0.0
2022-01-25 08:14:25.004981,30.9425,30.279,0.0
2022-01-25 08:14:25.510760,30.16893,29.9695,0.0
2022-01-25 08:14:26.008224,29.44612,30.331,0.0
2022-01-25 08:14:26.505808,28.72454,30.48575,0.0
2022-01-25 08:14:27.004247,30.78778,30.95,0.0
2022-01-25 08:14:27.502055,30.7358,30.74325,0.0
2022-01-25 08:14:28.007088,30.21968,30.43375,0.0
2022-01-25 08:14:28.502696,29.18867,30.5365,0.0
2022-01-25 08:14:29.002821,29.24066,30.79525,0.0
2022-01-25 08:14:29.503428,30.7358,30.38175,0.0
2022-01-25 08:14:30.008597,30.5291,30.331,0.0
2022-01-25 08:14:30.510395,30.06497,30.5365,0.0
2022-01-25 08:14:31.001327,28.98198,30.331,0.0
2022-01-25 08:14:31.506078,30.7358,30.38175,0.0
2022-01-25 08:14:32.010741,30.99324,30.48575,0.0
2022-01-25 08:14:32.509480,30.63307,30.331,0.0
2022-01-25 08:14:33.003750,30.21968,30.69125,0.0
2022-01-25 08:14:33.505488,29.80752,31.00075,0.0
2022-01-25 08:14:34.005220,30.27166,30.331,0.0
2022-01-25 08:14:34.503589,30.99324,30.5885,0.0
2022-01-25 08:14:35.001334,30.27166,30.5365,0.0
2022-01-25 08:14:35.506998,29.4981,30.48575,0.0
2022-01-25 08:14:36.006855,30.01422,30.69125,0.0
2022-01-25 08:14:36.503422,30.7358,30.07225,0.0
2022-01-25 08:14:37.010146,30.42637,30.279,0.0
2022-01-25 08:14:37.510291,30.01422,30.846,0.0
2022-01-25 08:14:38.007401,29.85951,30.279,0.0
2022-01-25 08:14:38.503572,30.27166,30.12425,0.0
2022-01-25 08:14:39.003090,30.21968,31.05275,0.0
2022-01-25 08:14:39.508513,30.5291,30.38175,0.0
2022-01-25 08:14:40.006868,30.01422,30.69125,0.0
2022-01-25 08:14:40.510977,29.75554,30.898,0.0
2022-01-25 08:14:41.008421,29.60083,30.07225,0.0
2022-01-25 08:14:41.504782,30.21968,30.227,0.0
2022-01-25 08:14:42.002598,30.58109,31.1555,0.0
2022-01-25 08:14:42.508143,30.06497,30.5365,0.0
2022-01-25 08:14:43.005942,29.85951,29.66,0.0
2022-01-25 08:14:43.502238,29.55008,30.43375,0.0
2022-01-25 08:14:44.010348,31.04522,31.31025,0.0
2022-01-25 08:14:44.506545,31.04522,30.846,0.0
2022-01-25 08:14:45.004592,30.5291,30.38175,0.0
2022-01-25 08:14:45.509440,29.2914,30.6405,0.0
2022-01-25 08:14:46.008771,29.55008,30.79525,0.0
2022-01-25 08:14:46.505347,30.11695,30.95,0.0
2022-01-25 08:14:47.003610,31.19994,30.38175,0.0
2022-01-25 08:14:47.502823,30.78778,30.38175,0.0
2022-01-25 08:14:48.003773,29.44612,30.43375,0.0
2022-01-25 08:14:48.509925,29.34339,30.48575,0.0
2022-01-25 08:14:49.008125,30.01422,30.38175,0.0
2022-01-25 08:14:49.504037,30.7358,30.5365,0.0
2022-01-25 08:14:50.001447,29.85951,30.43375,0.0
2022-01-25 08:14:50.508201,29.44612,30.38175,0.0
2022-01-25 08:14:51.008013,29.4981,30.48575,0.0
2022-01-25 08:14:51.505040,30.83853,30.5365,0.0
2022-01-25 08:14:52.004218,31.09721,30.5365,0.0
2022-01-25 08:14:52.510995,29.96224,30.5885,0.0
2022-01-25 08:14:53.008720,29.96224,30.69125,0.0
2022-01-25 08:14:53.504765,29.34339,30.227,0.0
2022-01-25 08:14:54.003510,30.83853,30.43375,0.0
2022-01-25 08:14:54.507266,30.78778,30.898,0.0
2022-01-25 08:14:55.007143,30.27166,30.38175,0.0
2022-01-25 08:14:55.503524,29.2914,30.227,0.0
2022-01-25 08:14:56.002997,29.08595,30.846,0.0
2022-01-25 08:14:56.508502,30.63307,30.07225,0.0
2022-01-25 08:14:57.007089,30.9425,30.43375,0.0
2022-01-25 08:14:57.502752,30.11695,30.95,0.0
2022-01-25 08:14:58.001266,29.24066,30.331,0.0
2022-01-25 08:14:58.506867,29.91025,30.227,0.0
2022-01-25 08:14:59.010256,30.78778,31.2075,0.0
2022-01-25 08:14:59.506243,30.32365,30.5365,0.0
2022-01-25 08:15:00.006692,29.80752,29.81475,0.0
2022-01-25 08:15:00.506986,29.2914,30.6405,0.0
2022-01-25 08:15:01.005695,30.16893,30.846,0.0
2022-01-25 08:15:01.510941,30.68382,30.331,0.0
2022-01-25 08:15:02.010410,30.42637,30.5365,0.0
2022-01-25 08:15:02.505093,29.55008,30.07225,0.0
2022-01-25 08:15:03.005472,29.96224,30.12425,0.0
2022-01-25 08:15:03.502176,31.09721,30.79525,0.0
2022-01-25 08:15:04.010907,31.09721,30.74325,0.0
2022-01-25 08:15:04.509544,30.42637,30.38175,0.0
2022-01-25 08:15:05.002343,29.85951,30.48575,0.0
2022-01-25 08:15:05.509199,29.13669,30.69125,0.0
2022-01-25 08:15:06.007892,30.89051,30.38175,0.0
2022-01-25 08:15:06.506114,31.25192,30.846,0.0
2022-01-25 08:15:07.005260,30.89051,30.74325,0.0
2022-01-25 08:15:07.502337,30.01422,30.227,0.0
2022-01-25 08:15:08.010699,29.24066,30.5365,0.0
2022-01-25 08:15:08.506140,29.34339,30.6405,0.0
2022-01-25 08:15:09.004012,30.58109,30.0215,0.0
2022-01-25 08:15:09.502797,30.58109,30.331,0.0
2022-01-25 08:15:10.001896,29.75554,30.79525,0.0
2022-01-25 08:15:10.503467,30.01422,30.48575,0.0
2022-01-25 08:15:11.008602,30.9425,30.5885,0.0
2022-01-25 08:15:11.507346,30.99324,30.74325,0.0
2022-01-25 08:15:12.010367,30.27166,30.227,0.0
2022-01-25 08:15:12.509164,29.60083,30.5365,0.0
2022-01-25 08:15:13.007938,29.96224,30.95,0.0
2022-01-25 08:15:13.508809,30.63307,30.48575,0.0
2022-01-25 08:15:14.008631,30.89051,30.17625,0.0
2022-01-25 08:15:14.503669,30.27166,30.74325,0.0
2022-01-25 08:15:15.004080,29.2914,30.38175,0.0
2022-01-25 08:15:15.502900,29.55008,29.9175,0.0
2022-01-25 08:15:16.010124,30.37439,31.05275,0.0
2022-01-25 08:15:16.509100,30.83853,30.5365,0.0
2022-01-25 08:15:17.004237,30.01422,30.07225,0.0
2022-01-25 08:15:17.510753,29.13669,30.846,0.0
2022-01-25 08:15:18.003352,29.39537,30.6405,0.0
2022-01-25 08:15:18.507424,30.89051,30.38175,0.0
2022-01-25 08:15:19.010643,30.7358,30.74325,0.0
2022-01-25 08:15:19.510807,29.96224,30.69125,0.0
2022-01-25 08:15:20.010431,29.03396,30.279,0.0
2022-01-25 08:15:20.507095,29.7048,30.227,0.0
2022-01-25 08:15:21.011085,30.58109,30.48575,0.0
2022-01-25 08:15:21.501874,30.58109,30.43375,0.0
2022-01-25 08:15:22.004870,30.01422,30.331,0.0
2022-01-25 08:15:22.506940,29.2914,30.48575,0.0
2022-01-25 08:15:23.006168,29.91025,30.48575,0.0
2022-01-25 08:15:23.504095,30.37439,30.898,0.0
2022-01-25 08:15:24.002200,30.7358,30.5885,0.0
2022-01-25 08:15:24.509856,29.60083,30.48575,0.0
2022-01-25 08:15:25.009001,29.13669,30.43375,0.0
2022-01-25 08:15:25.505075,30.42637,30.43375,0.0
2022-01-25 08:15:26.005158,30.99324,30.95,0.0
2022-01-25 08:15:26.502100,30.83853,30.5885,0.0
2022-01-25 08:15:27.010857,29.80752,29.81475,0.0
2022-01-25 08:15:27.505825,29.18867,30.38175,0.0
2022-01-25 08:15:28.006027,29.80752,30.69125,0.0
2022-01-25 08:15:28.504044,31.30267,30.48575,0.0
2022-01-25 08:15:29.002650,30.89051,30.48575,0.0
2022-01-25 08:15:29.503835,30.01422,30.79525,0.0
2022-01-25 08:15:30.003964,29.60083,30.5365,0.0
2022-01-25 08:15:30.502923,28.77652,30.69125,0.0
2022-01-25 08:15:31.001950,30.42637,30.74325,0.0
2022-01-25 08:15:31.507400,30.9425,30.12425,0.0
2022-01-25 08:15:32.007221,29.96224,30.07225,0.0
2022-01-25 08:15:32.504423,29.4981,31.10475,0.0
2022-01-25 08:15:33.002910,29.80752,30.279,0.0
2022-01-25 08:15:33.509077,31.19994,30.17625,0.0
2022-01-25 08:15:34.007766,30.89051,30.331,0.0
2022-01-25 08:15:34.503174,29.85951,30.69125,0.0
2022-01-25 08:15:35.002929,29.18867,30.43375,0.0
2022-01-25 08:15:35.510051,29.96224,30.74325,0.0
2022-01-25 08:15:36.010306,31.14795,30.6405,0.0
2022-01-25 08:15:36.510751,30.47836,30.12425,0.0
2022-01-25 08:15:37.001723,29.60083,30.898,0.0
2022-01-25 08:15:37.501187,29.03396,30.5885,0.0
2022-01-25 08:15:38.002311,31.04522,30.17625,0.0
2022-01-25 08:15:38.505446,31.25192,30.846,0.0
2022-01-25 08:15:39.005000,30.42637,30.48575,0.0
2022-01-25 08:15:39.501523,29.65281,29.81475,0.0
2022-01-25 08:15:40.504576,30.99324,30.846,0.0
2022-01-25 08:15:41.005061,30.89051,30.5365,0.0
2022-01-25 08:15:41.502876,30.21968,30.5885,0.0
2022-01-25 08:15:42.001893,29.55008,30.6405,0.0
2022-01-25 08:15:42.510595,29.2914,30.17625,0.0
2022-01-25 08:15:43.009024,29.96224,30.74325,0.0
2022-01-25 08:15:43.506436,30.7358,30.79525,0.0
2022-01-25 08:15:44.004649,30.16893,29.9695,0.0
2022-01-25 08:15:44.506764,29.2914,30.331,0.0
2022-01-25 08:15:45.001482,30.21968,30.846,0.0
2022-01-25 08:15:45.507910,30.58109,30.5365,0.0
2022-01-25 08:15:46.006148,30.5291,30.12425,0.0
2022-01-25 08:15:46.504634,29.96224,30.74325,0.0
2022-01-25 08:15:47.002480,29.55008,30.38175,0.0
2022-01-25 08:15:47.506852,29.60083,30.5885,0.0
2022-01-25 08:15:48.007699,30.78778,31.05275,0.0
2022-01-25 08:15:48.503182,30.06497,30.227,0.0
2022-01-25 08:15:49.003371,29.91025,29.86675,0.0
2022-01-25 08:15:49.510307,29.75554,31.05275,0.0
2022-01-25 08:15:50.010124,30.06497,30.48575,0.0
2022-01-25 08:15:50.505561,30.83853,30.279,0.0
2022-01-25 08:15:51.003959,30.5291,30.6405,0.0
2022-01-25 08:15:51.509130,29.85951,30.48575,0.0
2022-01-25 08:15:52.005489,29.65281,30.17625,0.0
2022-01-25 08:15:52.501839,29.60083,30.95,0.0
2022-01-25 08:15:53.010443,30.89051,30.5365,0.0
2022-01-25 08:15:53.509280,30.78778,30.12425,0.0
2022-01-25 08:15:54.008940,30.27166,30.898,0.0
2022-01-25 08:15:54.506450,29.13669,30.5365,0.0
2022-01-25 08:15:55.004373,29.75554,30.279,0.0
2022-01-25 08:15:55.510779,30.63307,30.74325,0.0
2022-01-25 08:15:56.009002,30.89051,30.5885,0.0
2022-01-25 08:15:56.504138,30.01422,29.9695,0.0
2022-01-25 08:15:57.003818,29.24066,30.5885,0.0
2022-01-25 08:15:57.502864,29.03396,30.846,0.0
2022-01-25 08:15:58.002398,30.9425,30.38175,0.0
2022-01-25 08:15:58.507234,30.68382,30.38175,0.0
2022-01-25 08:15:59.006414,29.85951,31.05275,0.0
2022-01-25 08:15:59.501909,29.08595,30.0215,0.0
2022-01-25 08:16:00.005043,29.2914,30.74325,0.0
2022-01-25 08:16:00.507416,31.35465,30.846,0.0
2022-01-25 08:16:01.006639,30.7358,30.0215,0.0
2022-01-25 08:16:01.502430,29.80752,30.12425,0.0
2022-01-25 08:16:02.010698,29.24066,30.898,0.0
2022-01-25 08:16:02.506021,30.16893,30.43375,0.0
2022-01-25 08:16:03.007340,31.19994,30.07225,0.0
2022-01-25 08:16:03.502710,30.32365,30.79525,0.0
2022-01-25 08:16:04.007481,30.21968,30.48575,0.0
2022-01-25 08:16:04.505298,29.39537,30.331,0.0
2022-01-25 08:16:05.006211,30.01422,31.00075,0.0
2022-01-25 08:16:05.500990,30.83853,30.5885,0.0
2022-01-25 08:16:06.002764,30.7358,30.07225,0.0
2022-01-25 08:16:06.508985,29.65281,30.5885,0.0
2022-01-25 08:16:07.009049,29.4981,30.69125,0.0
2022-01-25 08:16:07.505080,30.5291,30.38175,0.0
2022-01-25 08:16:08.003270,30.89051,30.227,0.0
2022-01-25 08:16:08.510269,29.91025,30.5885,0.0
2022-01-25 08:16:09.009490,29.60083,30.17625,0.0
2022-01-25 08:16:09.505361,30.06497,30.898,0.0
2022-01-25 08:16:10.003495,30.63307,30.74325,0.0
2022-01-25 08:16:10.508807,30.63307,30.0215,0.0
2022-01-25 08:16:11.002695,30.32365,30.279,0.0
2022-01-25 08:16:11.509064,29.55008,31.00075,0.0
2022-01-25 08:16:12.008113,30.06497,30.331,0.0
2022-01-25 08:16:12.503374,30.5291,30.38175,0.0
2022-01-25 08:16:13.003476,31.25192,30.38175,0.0
2022-01-25 08:16:13.507684,30.21968,30.17625,0.0
2022-01-25 08:16:14.005542,29.55008,30.95,0.0
2022-01-25 08:16:14.504134,29.2914,30.5365,0.0
2022-01-25 08:16:15.006062,30.83853,30.279,0.0
2022-01-25 08:16:15.503998,30.68382,30.5365,0.0
2022-01-25 08:16:16.010629,30.63307,30.5885,0.0
2022-01-25 08:16:16.508642,29.7048,30.48575,0.0
2022-01-25 08:16:17.006883,29.03396,30.6405,0.0
2022-01-25 08:16:17.504759,30.68382,30.227,0.0
2022-01-25 08:16:18.001187,31.19994,30.5365,0.0
2022-01-25 08:16:18.505433,30.32365,30.79525,0.0
2022-01-25 08:16:19.006073,29.55008,30.227,0.0
2022-01-25 08:16:19.502926,29.7048,30.43375,0.0
2022-01-25 08:16:20.003513,30.9425,30.5885,0.0
2022-01-25 08:16:20.506485,30.99324,30.38175,0.0
2022-01-25 08:16:21.004408,30.11695,30.6405,0.0
2022-01-25 08:16:21.504297,29.39537,30.5885,0.0
2022-01-25 08:16:22.002518,28.93123,30.279,0.0
2022-01-25 08:16:22.510426,30.83853,30.48575,0.0
2022-01-25 08:16:23.009242,30.78778,30.898,0.0
2022-01-25 08:16:23.504025,29.80752,30.17625,0.0
2022-01-25 08:16:24.001444,30.11695,30.38175,0.0
2022-01-25 08:16:24.508320,30.37439,30.898,0.0
2022-01-25 08:16:25.007156,30.37439,30.43375,0.0
2022-01-25 08:16:25.501516,30.42637,30.07225,0.0
2022-01-25 08:16:26.002072,29.7048,30.79525,0.0
2022-01-25 08:16:26.509192,30.11695,30.48575,0.0
2022-01-25 08:16:27.007861,30.16893,30.5365,0.0
2022-01-25 08:16:27.502804,30.68382,30.79525,0.0
2022-01-25 08:16:28.001100,30.11695,30.38175,0.0
2022-01-25 08:16:28.505404,29.60083,29.86675,0.0
2022-01-25 08:16:29.004898,29.96224,31.00075,0.0
2022-01-25 08:16:29.511120,30.78778,30.846,0.0
2022-01-25 08:16:30.010387,30.78778,30.17625,0.0
2022-01-25 08:16:30.508479,30.37439,29.9175,0.0
2022-01-25 08:16:31.007705,29.55008,31.10475,0.0
2022-01-25 08:16:31.509379,29.44612,30.5365,0.0
2022-01-25 08:16:32.002241,30.5291,30.07225,0.0
2022-01-25 08:16:32.510002,30.63307,30.6405,0.0
2022-01-25 08:16:33.008530,30.21968,30.279,0.0
2022-01-25 08:16:33.504118,29.65281,30.43375,0.0
2022-01-25 08:16:34.002182,29.13669,31.10475,0.0
2022-01-25 08:16:34.506809,30.58109,30.331,0.0
2022-01-25 08:16:35.006769,30.99324,29.712,0.0
2022-01-25 08:16:35.504817,30.42637,31.00075,0.0
2022-01-25 08:16:36.003808,29.85951,30.74325,0.0
2022-01-25 08:16:36.508469,29.44612,30.331,0.0
2022-01-25 08:16:37.006404,31.40663,29.86675,0.0
2022-01-25 08:16:38.005649,30.7358,31.05275,0.0
2022-01-25 08:16:38.501851,29.60083,30.846,0.0
2022-01-25 08:16:39.010386,28.93123,30.331,0.0
2022-01-25 08:16:39.505080,29.4981,30.38175,0.0
2022-01-25 08:16:40.005444,31.14795,30.6405,0.0
2022-01-25 08:16:40.503203,30.63307,30.331,0.0
2022-01-25 08:16:41.003894,29.7048,30.38175,0.0
2022-01-25 08:16:41.509163,29.18867,30.846,0.0
2022-01-25 08:16:42.010037,29.96224,30.48575,0.0
2022-01-25 08:16:42.506050,31.45738,30.43375,0.0
2022-01-25 08:16:43.005266,30.47836,30.69125,0.0
2022-01-25 08:16:43.501235,29.60083,30.38175,0.0
2022-01-25 08:16:44.010131,29.44612,30.331,0.0
2022-01-25 08:16:44.507145,30.7358,30.846,0.0
2022-01-25 08:16:45.008454,30.89051,30.43375,0.0
2022-01-25 08:16:45.502944,30.21968,30.279,0.0
2022-01-25 08:16:46.003805,29.08595,30.69125,0.0
2022-01-25 08:16:46.502685,29.44612,30.48575,0.0
2022-01-25 08:16:47.002268,30.7358,30.227,0.0
2022-01-25 08:16:47.507273,30.78778,30.43375,0.0
2022-01-25 08:16:48.006131,29.55008,30.69125,0.0
2022-01-25 08:16:48.505067,29.7048,30.5885,0.0
2022-01-25 08:16:49.003043,30.58109,30.69125,0.0
2022-01-25 08:16:49.510661,30.78778,30.5365,0.0
2022-01-25 08:16:50.008990,30.37439,30.12425,0.0
2022-01-25 08:16:50.503439,30.11695,30.5885,0.0
2022-01-25 08:16:51.002221,29.24066,30.95,0.0
2022-01-25 08:16:51.502450,29.96224,30.331,0.0
2022-01-25 08:16:52.010172,30.7358,29.76275,0.0
2022-01-25 08:16:52.505291,30.37439,30.898,0.0
2022-01-25 08:16:53.003844,29.7048,30.48575,0.0
2022-01-25 08:16:53.503272,29.91025,30.38175,0.0
2022-01-25 08:16:54.002027,30.42637,30.6405,0.0
2022-01-25 08:16:54.507634,30.63307,30.79525,0.0
2022-01-25 08:16:55.006130,30.5291,30.5365,0.0
2022-01-25 08:16:55.502333,29.85951,30.95,0.0
2022-01-25 08:16:56.010364,29.39537,30.48575,0.0
2022-01-25 08:16:56.507333,30.16893,30.227,0.0
2022-01-25 08:16:57.007038,30.32365,30.331,0.0
2022-01-25 08:16:57.502386,30.63307,30.79525,0.0
2022-01-25 08:16:58.005214,29.7048,30.331,0.0
2022-01-25 08:16:58.505096,29.18867,30.48575,0.0
2022-01-25 08:16:59.005628,30.37439,30.5365,0.0
2022-01-25 08:16:59.504674,30.89051,30.331,0.0
2022-01-25 08:17:00.008192,30.7358,30.6405,0.0
2022-01-25 08:17:00.505556,29.85951,30.898,0.0
2022-01-25 08:17:01.004908,29.55008,30.5885,0.0
2022-01-25 08:17:01.506371,30.5291,30.43375,0.0
2022-01-25 08:17:02.005778,31.04522,30.5885,0.0
2022-01-25 08:17:02.501083,30.47836,30.38175,0.0
2022-01-25 08:17:03.505352,29.18867,30.5365,0.0
2022-01-25 08:17:04.003546,29.65281,30.331,0.0
2022-01-25 08:17:04.509722,31.04522,30.6405,0.0
2022-01-25 08:17:05.007432,30.06497,30.227,0.0
2022-01-25 08:17:05.505481,29.91025,30.5365,0.0
2022-01-25 08:17:06.004473,29.2914,30.6405,0.0
2022-01-25 08:17:06.507964,30.83853,30.5885,0.0
2022-01-25 08:17:07.006668,30.99324,30.846,0.0
2022-01-25 08:17:07.502574,30.5291,30.5365,0.0
2022-01-25 08:17:08.008457,29.65281,30.38175,0.0
2022-01-25 08:17:08.505672,29.34339,30.6405,0.0
2022-01-25 08:17:09.003183,30.7358,30.279,0.0
2022-01-25 08:17:09.508987,31.04522,30.17625,0.0
2022-01-25 08:17:10.007724,30.37439,30.5365,0.0
2022-01-25 08:17:10.503333,29.96224,30.48575,0.0
2022-01-25 08:17:11.009832,29.91025,30.5365,0.0
2022-01-25 08:17:11.506917,30.99324,30.279,0.0
2022-01-25 08:17:12.004588,30.9425,30.5885,0.0
2022-01-25 08:17:12.501671,30.37439,30.74325,0.0
2022-01-25 08:17:13.002772,29.60083,30.79525,0.0
2022-01-25 08:17:13.508499,29.85951,30.898,0.0
2022-01-25 08:17:14.006891,30.78778,30.38175,0.0
2022-01-25 08:17:14.502413,30.7358,29.81475,0.0
2022-01-25 08:17:15.001882,30.11695,31.1555,0.0
2022-01-25 08:17:15.508080,29.60083,30.5885,0.0
2022-01-25 08:17:16.006679,29.34339,30.07225,0.0
2022-01-25 08:17:16.502996,30.58109,30.227,0.0
2022-01-25 08:17:17.011168,30.37439,30.74325,0.0
2022-01-25 08:17:17.507408,29.96224,30.331,0.0
2022-01-25 08:17:18.001245,29.39537,30.5885,0.0
2022-01-25 08:17:18.506724,29.65281,30.74325,0.0
2022-01-25 08:17:19.005877,31.09721,30.17625,0.0
2022-01-25 08:17:19.503412,31.04522,30.95,0.0
2022-01-25 08:17:20.003412,30.01422,30.79525,0.0
2022-01-25 08:17:20.509667,29.60083,30.38175,0.0
2022-01-25 08:17:21.006606,29.85951,29.55725,0.0
2022-01-25 08:17:21.502503,31.45738,30.846,0.0
2022-01-25 08:17:22.002504,31.09721,30.5885,0.0
2022-01-25 08:17:22.501823,30.01422,30.17625,0.0
2022-01-25 08:17:23.010923,29.4981,30.279,0.0
2022-01-25 08:17:23.507773,29.03396,30.74325,0.0
2022-01-25 08:17:24.007200,30.5291,30.331,0.0
2022-01-25 08:17:24.504567,30.78778,30.95,0.0
2022-01-25 08:17:25.002822,29.65281,30.48575,0.0
2022-01-25 08:17:25.508017,29.7048,30.17625,0.0
2022-01-25 08:17:26.006806,29.4981,30.898,0.0
2022-01-25 08:17:26.503095,30.42637,30.48575,0.0
2022-01-25 08:17:27.002692,30.7358,30.07225,0.0
2022-01-25 08:17:27.501190,29.80752,30.69125,0.0
2022-01-25 08:17:28.004689,29.55008,30.331,0.0
2022-01-25 08:17:28.510252,30.9425,30.17625,0.0
2022-01-25 08:17:29.009212,30.89051,30.846,0.0
2022-01-25 08:17:29.505484,30.5291,30.331,0.0
2022-01-25 08:17:30.003596,29.80752,30.38175,0.0
