時間,回転１,回転２,回転３
2022-01-25 09:00:00.005371,39.3997,40.64725,0.0
2022-01-25 09:00:00.501792,40.53467,40.131,0.0
2022-01-25 09:00:01.011152,39.76111,40.28575,0.0
2022-01-25 09:00:01.510582,39.91582,40.33775,0.0
2022-01-25 09:00:02.009204,39.81185,40.33775,0.0
2022-01-25 09:00:02.503194,39.55441,40.69925,0.0
2022-01-25 09:00:03.003312,40.27599,39.616,0.0
2022-01-25 09:00:03.501697,40.01855,40.90475,0.0
2022-01-25 09:00:04.009971,39.45168,40.38975,0.0
2022-01-25 09:00:04.507680,39.96657,40.131,0.0
2022-01-25 09:00:05.010171,40.17326,39.9255,0.0
2022-01-25 09:00:05.510238,39.76111,40.33775,0.0
2022-01-25 09:00:06.009848,39.6064,40.235,0.0
2022-01-25 09:00:06.506333,40.17326,40.33775,0.0
2022-01-25 09:00:07.003912,39.96657,40.4405,0.0
2022-01-25 09:00:07.509111,39.45168,40.38975,0.0
2022-01-25 09:00:08.007964,39.81185,39.9255,0.0
2022-01-25 09:00:08.504086,40.12128,40.90475,0.0
2022-01-25 09:00:09.002713,39.6064,40.235,0.0
2022-01-25 09:00:09.509448,39.55441,40.08025,0.0
2022-01-25 09:00:10.007893,40.79211,40.4405,0.0
2022-01-25 09:00:10.502642,39.65714,40.38975,0.0
2022-01-25 09:00:11.006864,39.34772,39.97625,0.0
2022-01-25 09:00:11.503342,40.53467,40.131,0.0
2022-01-25 09:00:12.010874,39.96657,40.5445,0.0
2022-01-25 09:00:12.502764,39.24499,40.38975,0.0
2022-01-25 09:00:13.505110,40.17326,40.59525,0.0
2022-01-25 09:00:14.005972,39.03829,40.183,0.0
2022-01-25 09:00:14.510853,40.22525,40.131,0.0
2022-01-25 09:00:15.003510,39.65714,40.33775,0.0
2022-01-25 09:00:15.507249,39.86384,40.5445,0.0
2022-01-25 09:00:16.007357,40.12128,40.183,0.0
2022-01-25 09:00:16.502032,39.65714,39.9255,0.0
2022-01-25 09:00:17.010650,39.86384,40.4925,0.0
2022-01-25 09:00:17.505683,39.86384,40.183,0.0
2022-01-25 09:00:18.004702,40.12128,40.33775,0.0
2022-01-25 09:00:18.502594,39.70912,40.4925,0.0
2022-01-25 09:00:19.011178,39.50243,40.131,0.0
2022-01-25 09:00:19.508724,40.17326,40.64725,0.0
2022-01-25 09:00:20.007506,40.01855,39.71875,0.0
2022-01-25 09:00:20.502761,39.86384,40.90475,0.0
2022-01-25 09:00:21.010543,39.45168,39.40925,0.0
2022-01-25 09:00:21.505877,40.4307,40.802,0.0
2022-01-25 09:00:22.003366,40.12128,40.28575,0.0
2022-01-25 09:00:22.501891,38.93556,40.02825,0.0
2022-01-25 09:00:23.010752,40.37996,41.26625,0.0
2022-01-25 09:00:23.510183,39.96657,39.512,0.0
2022-01-25 09:00:24.008260,39.34772,41.0595,0.0
2022-01-25 09:00:24.504787,39.96657,39.35725,0.0
2022-01-25 09:00:25.001619,40.53467,40.69925,0.0
2022-01-25 09:00:25.510091,39.70912,40.33775,0.0
2022-01-25 09:00:26.008536,39.29697,39.40925,0.0
2022-01-25 09:00:26.504434,40.4307,41.26625,0.0
2022-01-25 09:00:27.003332,40.07053,39.8735,0.0
2022-01-25 09:00:27.509873,39.45168,41.1635,0.0
2022-01-25 09:00:28.008154,39.24499,40.131,0.0
2022-01-25 09:00:28.504420,41.15352,40.02825,0.0
2022-01-25 09:00:29.004016,40.07053,40.75,0.0
2022-01-25 09:00:29.510783,38.83283,38.945,0.0
2022-01-25 09:00:30.010445,40.22525,41.26625,0.0
2022-01-25 09:00:30.506059,40.53467,39.71875,0.0
2022-01-25 09:00:31.004495,39.29697,40.4405,0.0
2022-01-25 09:00:31.502384,39.45168,40.802,0.0
2022-01-25 09:00:32.001234,40.53467,39.9255,0.0
2022-01-25 09:00:32.507444,39.34772,41.31825,0.0
2022-01-25 09:00:33.005955,39.76111,39.04775,0.0
2022-01-25 09:00:33.503309,40.48269,41.1115,0.0
2022-01-25 09:00:34.001418,39.193,39.8735,0.0
2022-01-25 09:00:34.506786,39.96657,39.616,0.0
2022-01-25 09:00:35.007116,40.48269,40.4925,0.0
2022-01-25 09:00:35.502282,39.55441,39.616,0.0
2022-01-25 09:00:36.001271,39.24499,41.31825,0.0
2022-01-25 09:00:36.508286,40.68938,39.8215,0.0
2022-01-25 09:00:37.006650,40.27599,41.00875,0.0
2022-01-25 09:00:37.501872,38.62614,40.131,0.0
2022-01-25 09:00:38.009816,40.8441,39.77075,0.0
2022-01-25 09:00:38.506647,40.27599,40.802,0.0
2022-01-25 09:00:39.003464,39.193,39.66675,0.0
2022-01-25 09:00:39.509248,39.55441,40.4925,0.0
2022-01-25 09:00:40.007407,40.27599,39.8215,0.0
2022-01-25 09:00:40.504769,39.76111,41.0595,0.0
2022-01-25 09:00:41.003992,38.88358,40.183,0.0
2022-01-25 09:00:41.511116,40.4307,40.33775,0.0
2022-01-25 09:00:42.009999,39.86384,40.802,0.0
2022-01-25 09:00:42.506351,39.70912,39.35725,0.0
2022-01-25 09:00:43.009948,39.96657,40.5445,0.0
2022-01-25 09:00:43.506628,40.32797,39.9255,0.0
2022-01-25 09:00:44.004529,40.22525,40.28575,0.0
2022-01-25 09:00:44.501998,39.45168,39.9255,0.0
2022-01-25 09:00:45.011091,39.96657,40.64725,0.0
2022-01-25 09:00:45.506732,40.22525,40.75,0.0
2022-01-25 09:00:46.003985,39.14226,39.8215,0.0
2022-01-25 09:00:46.509843,39.45168,40.183,0.0
2022-01-25 09:00:47.002925,40.74013,40.59525,0.0
2022-01-25 09:00:47.509974,39.91582,39.71875,0.0
2022-01-25 09:00:48.008022,39.24499,40.131,0.0
2022-01-25 09:00:48.503414,40.22525,40.4405,0.0
2022-01-25 09:00:49.001988,40.12128,40.08025,0.0
2022-01-25 09:00:49.509664,39.29697,40.4925,0.0
2022-01-25 09:00:50.008448,39.91582,40.38975,0.0
2022-01-25 09:00:50.507353,39.70912,40.802,0.0
2022-01-25 09:00:51.006024,40.01855,39.8735,0.0
2022-01-25 09:00:51.507468,39.50243,40.4405,0.0
2022-01-25 09:00:52.006579,40.48269,40.4925,0.0
2022-01-25 09:00:52.504515,39.55441,39.46125,0.0
2022-01-25 09:00:53.001958,40.07053,40.59525,0.0
2022-01-25 09:00:53.509923,40.4307,40.08025,0.0
2022-01-25 09:00:54.007841,39.45168,40.5445,0.0
2022-01-25 09:00:54.502614,39.6064,40.4405,0.0
2022-01-25 09:00:55.010828,40.12128,40.33775,0.0
2022-01-25 09:00:55.506959,40.07053,40.64725,0.0
2022-01-25 09:00:56.005650,38.83283,39.71875,0.0
2022-01-25 09:00:56.506656,40.8441,40.854,0.0
2022-01-25 09:00:57.006119,40.48269,39.8735,0.0
2022-01-25 09:00:57.502337,39.14226,40.4405,0.0
2022-01-25 09:00:58.001833,40.07053,40.235,0.0
2022-01-25 09:00:58.509241,40.32797,39.97625,0.0
2022-01-25 09:00:59.006918,39.24499,40.802,0.0
2022-01-25 09:00:59.502139,39.45168,39.77075,0.0
2022-01-25 09:01:00.002008,40.37996,41.31825,0.0
2022-01-25 09:01:00.509950,39.76111,39.564,0.0
2022-01-25 09:01:01.008315,39.34772,40.69925,0.0
2022-01-25 09:01:01.506187,40.32797,40.4925,0.0
2022-01-25 09:01:02.004706,40.17326,40.02825,0.0
2022-01-25 09:01:02.505184,39.76111,40.802,0.03864
2022-01-25 09:01:03.004433,39.76111,39.46125,0.03864
2022-01-25 09:01:03.509844,39.96657,41.26625,0.0
2022-01-25 09:01:04.007738,40.17326,39.564,0.0
2022-01-25 09:01:04.503543,39.45168,40.90475,0.0
2022-01-25 09:01:05.002584,40.12128,40.33775,0.0
2022-01-25 09:01:05.507956,39.6064,39.616,0.0
2022-01-25 09:01:06.008601,39.96657,41.369,0.0
2022-01-25 09:01:06.506285,39.96657,39.40925,0.0
2022-01-25 09:01:07.004417,39.76111,41.26625,0.0
2022-01-25 09:01:07.502201,39.55441,39.71875,0.0
2022-01-25 09:01:08.010412,39.81185,40.08025,0.0
2022-01-25 09:01:08.506758,40.17326,40.854,0.0
2022-01-25 09:01:09.006117,39.34772,39.35725,0.0
2022-01-25 09:01:09.503239,40.27599,40.95675,0.0
2022-01-25 09:01:10.503797,40.07053,40.75,0.0
2022-01-25 09:01:11.004107,39.50243,40.59525,0.0
2022-01-25 09:01:11.501458,39.91582,39.564,0.0
2022-01-25 09:01:12.008871,40.8441,41.00875,0.0
2022-01-25 09:01:12.503526,39.50243,38.945,0.0
2022-01-25 09:01:13.002576,39.09027,41.369,0.0
2022-01-25 09:01:13.508478,40.53467,39.9255,0.0
2022-01-25 09:01:14.003615,39.81185,40.38975,0.0
2022-01-25 09:01:14.508881,38.98755,40.235,0.0
2022-01-25 09:01:15.005825,40.53467,39.9255,0.0
2022-01-25 09:01:15.510447,40.37996,41.21425,0.0
2022-01-25 09:01:16.008992,39.24499,39.35725,0.0
2022-01-25 09:01:16.504174,39.70912,41.26625,0.0
2022-01-25 09:01:17.002653,40.8441,39.40925,0.0
2022-01-25 09:01:17.508520,39.70912,40.59525,0.0
2022-01-25 09:01:18.006946,39.03829,40.4925,0.0
2022-01-25 09:01:18.504046,40.6374,40.4925,0.0
2022-01-25 09:01:19.005558,40.53467,40.4925,0.0
2022-01-25 09:01:19.501905,39.14226,40.08025,0.0
2022-01-25 09:01:20.001184,39.193,40.95675,0.0
2022-01-25 09:01:20.507632,40.94682,39.97625,0.0
2022-01-25 09:01:21.005632,39.65714,39.97625,0.0
2022-01-25 09:01:21.501740,39.34772,40.4925,0.0
2022-01-25 09:01:22.010478,40.37996,40.33775,0.0
2022-01-25 09:01:22.507661,40.01855,40.183,0.0
2022-01-25 09:01:23.006307,39.24499,40.4405,0.0
2022-01-25 09:01:23.502201,40.48269,40.802,0.0
2022-01-25 09:01:24.010311,39.50243,40.33775,0.0
2022-01-25 09:01:24.507878,39.55441,40.02825,0.0
2022-01-25 09:01:25.005972,40.53467,40.802,0.0
2022-01-25 09:01:25.510478,39.6064,39.8735,0.0
2022-01-25 09:01:26.009671,39.86384,39.77075,0.0
2022-01-25 09:01:26.505178,40.12128,40.5445,0.0
2022-01-25 09:01:27.004695,39.96657,40.28575,0.0
2022-01-25 09:01:27.511192,39.81185,40.64725,0.0
2022-01-25 09:01:28.010752,39.50243,40.28575,0.0
2022-01-25 09:01:28.506727,40.37996,40.75,0.0
2022-01-25 09:01:29.007254,39.91582,40.131,0.0
2022-01-25 09:01:29.503159,39.29697,40.235,0.0
2022-01-25 09:01:30.004008,40.68938,40.75,0.0
2022-01-25 09:01:30.509901,40.17326,39.71875,0.0
2022-01-25 09:01:31.008496,39.55441,40.131,0.0
2022-01-25 09:01:31.510795,40.01855,40.5445,0.0
2022-01-25 09:01:32.005076,40.27599,40.28575,0.0
2022-01-25 09:01:32.510891,39.50243,40.5445,0.0
2022-01-25 09:01:33.008009,39.24499,39.8735,0.0
2022-01-25 09:01:33.508557,39.65714,41.1115,0.0
2022-01-25 09:01:34.006712,40.32797,39.616,0.0
2022-01-25 09:01:34.501212,39.86384,40.4925,0.0
2022-01-25 09:01:35.008376,39.45168,40.64725,0.0
2022-01-25 09:01:35.505188,40.74013,38.997,0.0
2022-01-25 09:01:36.004270,39.70912,41.1635,0.0
2022-01-25 09:01:36.511101,39.70912,40.235,0.0
2022-01-25 09:01:37.009531,40.12128,40.802,0.0
2022-01-25 09:01:37.504500,40.27599,40.131,0.0
2022-01-25 09:01:38.003222,39.45168,40.08025,0.0
2022-01-25 09:01:38.507756,39.50243,40.90475,0.0
2022-01-25 09:01:39.007195,40.58542,39.15175,0.0
2022-01-25 09:01:39.502740,39.55441,41.00875,0.0
2022-01-25 09:01:40.003264,40.01855,39.66675,0.0
2022-01-25 09:01:40.509978,39.81185,40.5445,0.0
2022-01-25 09:01:41.009712,39.65714,40.33775,0.0
2022-01-25 09:01:41.504347,39.76111,40.5445,0.0
2022-01-25 09:01:42.003716,39.81185,40.4405,0.0
2022-01-25 09:01:42.501651,39.55441,39.564,0.0
2022-01-25 09:01:43.010339,39.96657,41.0595,0.0
2022-01-25 09:01:43.506295,40.58542,39.77075,0.0
2022-01-25 09:01:44.004471,39.86384,40.64725,0.0
2022-01-25 09:01:44.501016,39.34772,40.08025,0.0
2022-01-25 09:01:45.505127,39.86384,40.854,0.0
2022-01-25 09:01:46.004100,39.29697,39.71875,0.0
2022-01-25 09:01:46.510317,39.65714,41.31825,0.0
2022-01-25 09:01:47.008273,40.27599,39.04775,0.0
2022-01-25 09:01:47.508639,39.76111,41.1115,0.0
2022-01-25 09:01:48.007892,39.96657,39.77075,0.0
2022-01-25 09:01:48.505107,40.8441,39.46125,0.0
2022-01-25 09:01:49.006300,39.70912,41.1635,0.0
2022-01-25 09:01:49.503554,39.29697,39.46125,0.0
2022-01-25 09:01:50.002229,40.07053,41.369,0.0
2022-01-25 09:01:50.508210,40.37996,39.77075,0.0
2022-01-25 09:01:51.007838,39.29697,40.4925,0.0
2022-01-25 09:01:51.504464,39.55441,40.64725,0.0
2022-01-25 09:01:52.002757,40.17326,39.40925,0.0
2022-01-25 09:01:52.501317,39.50243,40.802,0.0
2022-01-25 09:01:53.005284,40.27599,39.71875,0.0
2022-01-25 09:01:54.005423,40.27599,39.9255,0.0
2022-01-25 09:01:54.503223,39.86384,40.33775,0.0
2022-01-25 09:01:55.002072,39.50243,40.802,0.0
2022-01-25 09:01:55.508209,39.96657,39.40925,0.0
2022-01-25 09:01:56.007575,40.17326,40.90475,0.0
2022-01-25 09:01:56.503965,39.6064,39.97625,0.0
2022-01-25 09:01:57.005874,39.76111,40.38975,0.0
2022-01-25 09:01:57.504422,40.17326,40.183,0.0
2022-01-25 09:01:58.005026,39.70912,40.235,0.0
2022-01-25 09:01:58.503551,40.17326,40.854,0.0
2022-01-25 09:01:59.010919,40.07053,39.512,0.0
2022-01-25 09:01:59.507522,38.98755,41.00875,0.0
2022-01-25 09:02:00.005089,40.01855,39.77075,0.0
2022-01-25 09:02:00.510289,40.4307,40.5445,0.0
2022-01-25 09:02:01.010861,39.14226,40.02825,0.0
2022-01-25 09:02:01.506487,39.81185,40.69925,0.0
2022-01-25 09:02:02.009314,40.37996,40.131,0.0
2022-01-25 09:02:02.505274,40.32797,40.38975,0.0
2022-01-25 09:02:03.002784,38.88358,40.5445,0.0
2022-01-25 09:02:03.507979,40.89484,40.33775,0.0
2022-01-25 09:02:04.007892,40.53467,40.33775,0.0
2022-01-25 09:02:04.507338,39.34772,40.33775,0.0
2022-01-25 09:02:05.004579,38.88358,40.38975,0.0
2022-01-25 09:02:05.510686,40.89484,39.71875,0.0
2022-01-25 09:02:06.010799,40.01855,40.69925,0.0
2022-01-25 09:02:06.506631,38.41944,40.235,0.0
2022-01-25 09:02:07.005520,40.8441,40.4925,0.0
2022-01-25 09:02:07.510695,40.37996,39.77075,0.0
2022-01-25 09:02:08.009185,39.09027,40.854,0.0
2022-01-25 09:02:08.506614,39.96657,39.8215,0.0
2022-01-25 09:02:09.002852,41.35898,39.8735,0.0
2022-01-25 09:02:09.510429,39.86384,41.0595,0.0
2022-01-25 09:02:10.010249,38.67812,39.71875,0.0
2022-01-25 09:02:10.505219,40.53467,40.69925,0.0
2022-01-25 09:02:11.009237,40.48269,40.183,0.0
2022-01-25 09:02:11.507322,39.24499,40.854,0.0
2022-01-25 09:02:12.007917,39.65714,40.08025,0.0
2022-01-25 09:02:12.503206,40.4307,39.35725,0.0
2022-01-25 09:02:13.002405,39.50243,41.369,0.0
2022-01-25 09:02:13.507499,39.81185,39.77075,0.0
2022-01-25 09:02:14.006668,40.27599,40.28575,0.0
2022-01-25 09:02:14.502185,39.45168,40.33775,0.0
2022-01-25 09:02:15.001656,40.32797,40.4405,0.0
2022-01-25 09:02:15.502302,40.12128,40.802,0.0
2022-01-25 09:02:16.002286,39.29697,39.564,0.0
2022-01-25 09:02:16.504037,40.37996,41.21425,0.0
2022-01-25 09:02:17.002782,39.76111,39.71875,0.0
2022-01-25 09:02:17.507604,39.96657,40.08025,0.0
2022-01-25 09:02:18.006156,39.55441,41.00875,0.0
2022-01-25 09:02:19.004982,40.12128,41.0595,0.0
2022-01-25 09:02:19.501257,39.50243,39.66675,0.0
2022-01-25 09:02:20.009754,40.07053,40.95675,0.0
2022-01-25 09:02:20.507968,39.65714,39.97625,0.0
2022-01-25 09:02:21.007174,40.32797,40.4405,0.0
2022-01-25 09:02:21.503348,39.29697,40.4405,0.0
2022-01-25 09:02:22.002437,40.53467,39.66675,0.0
2022-01-25 09:02:22.508463,40.48269,41.1115,0.0
2022-01-25 09:02:23.007764,39.24499,39.9255,0.0
2022-01-25 09:02:23.503701,39.65714,40.59525,0.0
2022-01-25 09:02:24.002658,40.4307,39.8215,0.0
2022-01-25 09:02:24.508602,39.55441,40.75,0.0
2022-01-25 09:02:25.007175,39.09027,40.131,0.0
2022-01-25 09:02:25.505661,40.53467,39.77075,0.0
2022-01-25 09:02:26.003747,39.86384,40.802,0.0
2022-01-25 09:02:26.509166,39.50243,39.616,0.0
2022-01-25 09:02:27.001955,40.17326,40.854,0.0
2022-01-25 09:02:27.507152,40.07053,40.33775,0.0
2022-01-25 09:02:28.001898,39.55441,40.59525,0.0
2022-01-25 09:02:28.508075,39.96657,39.8215,0.0
2022-01-25 09:02:29.001556,39.86384,39.8215,0.0
2022-01-25 09:02:29.509138,40.01855,41.00875,0.0
2022-01-25 09:02:30.007407,39.65714,39.512,0.0
2022-01-25 09:02:30.502816,40.53467,40.854,0.0
2022-01-25 09:02:31.002609,39.65714,39.97625,0.0
2022-01-25 09:02:31.507588,39.81185,40.02825,0.0
2022-01-25 09:02:32.006720,40.4307,41.21425,0.0
2022-01-25 09:02:32.503446,39.3997,39.77075,0.0
2022-01-25 09:02:33.002349,39.65714,41.0595,0.0
2022-01-25 09:02:33.507491,40.17326,39.2545,0.0
2022-01-25 09:02:34.005784,40.17326,40.59525,0.0
2022-01-25 09:02:34.506663,38.72887,40.131,0.0
2022-01-25 09:02:35.006145,40.6374,39.71875,0.0
2022-01-25 09:02:35.502643,40.37996,40.69925,0.0
2022-01-25 09:02:36.001877,39.29697,39.9255,0.0
2022-01-25 09:02:36.506346,39.70912,41.0595,0.0
2022-01-25 09:02:37.003866,40.48269,40.131,0.0
2022-01-25 09:02:37.510574,40.07053,40.64725,0.0
2022-01-25 09:02:38.009879,39.29697,40.235,0.0
2022-01-25 09:02:38.507186,39.6064,39.8215,0.0
2022-01-25 09:02:39.005949,40.22525,40.5445,0.0
2022-01-25 09:02:39.501801,39.65714,40.235,0.0
2022-01-25 09:02:40.009968,39.45168,39.97625,0.0
2022-01-25 09:02:40.505097,40.48269,40.08025,0.0
2022-01-25 09:02:41.010501,39.96657,40.69925,0.0
2022-01-25 09:02:41.504844,39.34772,40.59525,0.0
2022-01-25 09:02:42.003301,40.17326,40.28575,0.0
2022-01-25 09:02:42.509894,40.37996,40.28575,0.0
2022-01-25 09:02:43.002223,39.193,40.38975,0.0
2022-01-25 09:02:43.509830,39.65714,39.8215,0.0
2022-01-25 09:02:44.010164,40.07053,40.183,0.0
2022-01-25 09:02:44.505746,40.01855,40.4405,0.0
2022-01-25 09:02:45.007925,39.55441,40.08025,0.0
2022-01-25 09:02:45.506318,40.12128,40.64725,0.0
2022-01-25 09:02:46.006588,40.37996,40.4925,0.0
2022-01-25 09:02:46.505262,39.45168,41.1635,0.0
2022-01-25 09:02:47.004457,40.17326,39.512,0.0
2022-01-25 09:02:47.503783,39.96657,40.69925,0.0
2022-01-25 09:02:48.002911,39.50243,40.183,0.0
2022-01-25 09:02:48.508845,39.70912,39.8215,0.0
2022-01-25 09:02:49.010956,40.58542,40.5445,0.0
2022-01-25 09:02:49.507117,39.45168,39.8735,0.0
2022-01-25 09:02:50.007146,39.96657,41.00875,0.0
2022-01-25 09:02:50.501771,40.53467,40.08025,0.0
2022-01-25 09:02:51.010221,39.50243,40.854,0.0
2022-01-25 09:02:51.507162,39.45168,40.59525,0.0
2022-01-25 09:02:52.007234,39.91582,39.09975,0.0
2022-01-25 09:02:52.503256,40.12128,41.1635,0.0
2022-01-25 09:02:53.002321,39.29697,39.616,0.0
2022-01-25 09:02:53.508636,40.01855,40.69925,0.0
2022-01-25 09:02:54.007685,40.4307,40.33775,0.0
2022-01-25 09:02:54.504086,39.76111,40.33775,0.0
2022-01-25 09:02:55.002610,39.6064,40.802,0.0
2022-01-25 09:02:55.508156,40.48269,39.512,0.0
2022-01-25 09:02:56.007944,40.17326,41.57575,0.0
2022-01-25 09:02:56.507010,39.09027,39.46125,0.0
2022-01-25 09:02:57.007334,40.22525,40.183,0.0
2022-01-25 09:02:57.502792,40.74013,40.5445,0.0
2022-01-25 09:02:58.001512,39.3997,39.77075,0.0
2022-01-25 09:02:58.507307,39.45168,40.64725,0.0
2022-01-25 09:02:59.006585,40.68938,39.512,0.0
2022-01-25 09:02:59.505639,39.86384,41.7305,0.0
2022-01-25 09:03:00.003937,39.24499,39.9255,0.0
2022-01-25 09:03:00.505912,39.81185,40.02825,0.0
2022-01-25 09:03:01.003808,40.32797,41.0595,0.0
2022-01-25 09:03:01.510196,39.34772,39.09975,0.0
2022-01-25 09:03:02.008670,40.12128,40.95675,0.0
2022-01-25 09:03:02.504390,39.76111,40.131,0.0
2022-01-25 09:03:03.002731,40.37996,40.75,0.0
2022-01-25 09:03:03.510614,40.01855,40.02825,0.0
2022-01-25 09:03:04.010899,39.6064,40.28575,0.0
2022-01-25 09:03:04.508974,40.07053,40.90475,0.0
2022-01-25 09:03:05.007843,39.55441,39.8215,0.0
2022-01-25 09:03:05.505816,40.32797,40.5445,0.0
2022-01-25 09:03:06.003396,39.81185,40.28575,0.0
2022-01-25 09:03:06.508988,39.55441,40.4405,0.0
2022-01-25 09:03:07.007136,40.12128,40.08025,0.0
2022-01-25 09:03:07.501929,39.86384,40.59525,0.0
2022-01-25 09:03:08.010550,39.76111,39.9255,0.0
2022-01-25 09:03:08.506922,39.86384,40.183,0.0
2022-01-25 09:03:09.002457,40.12128,40.69925,0.0
2022-01-25 09:03:09.501251,39.55441,40.183,0.0
2022-01-25 09:03:10.010469,39.6064,40.33775,0.0
2022-01-25 09:03:10.506586,40.4307,40.131,0.0
2022-01-25 09:03:11.004527,39.76111,40.33775,0.0
2022-01-25 09:03:11.510369,39.6064,40.38975,0.0
2022-01-25 09:03:12.008968,39.81185,39.8215,0.0
2022-01-25 09:03:12.504021,40.32797,40.95675,0.0
2022-01-25 09:03:13.002792,39.6064,39.512,0.0
2022-01-25 09:03:13.504339,39.24499,40.95675,0.0
2022-01-25 09:03:14.002804,40.8441,40.28575,0.0
2022-01-25 09:03:14.501102,39.86384,40.28575,0.0
2022-01-25 09:03:15.010228,39.09027,40.4405,0.0
2022-01-25 09:03:15.506825,40.07053,40.02825,0.0
2022-01-25 09:03:16.004653,40.48269,40.854,0.0
2022-01-25 09:03:16.501268,39.29697,39.564,0.0
2022-01-25 09:03:17.001117,39.45168,40.5445,0.0
2022-01-25 09:03:17.506804,40.53467,40.02825,0.0
2022-01-25 09:03:18.005738,39.34772,40.4925,0.0
2022-01-25 09:03:18.503447,39.70912,40.38975,0.0
2022-01-25 09:03:19.001658,40.12128,40.38975,0.0
2022-01-25 09:03:19.508520,39.76111,40.5445,0.0
2022-01-25 09:03:20.006552,39.6064,40.4405,0.0
2022-01-25 09:03:20.502098,40.4307,40.183,0.0
2022-01-25 09:03:21.008953,39.81185,40.235,0.0
2022-01-25 09:03:21.505363,39.193,39.77075,0.0
2022-01-25 09:03:22.003355,40.4307,39.9255,0.0
2022-01-25 09:03:22.501008,40.01855,40.69925,0.0
2022-01-25 09:03:23.010362,39.29697,39.71875,0.0
2022-01-25 09:03:23.508057,40.32797,41.0595,0.0
2022-01-25 09:03:24.007413,40.12128,40.131,0.0
2022-01-25 09:03:24.503824,39.6064,40.69925,0.0
2022-01-25 09:03:25.007515,39.29697,40.38975,0.0
2022-01-25 09:03:25.502776,40.48269,39.8735,0.0
2022-01-25 09:03:26.010959,39.76111,40.802,0.0
2022-01-25 09:03:26.507493,38.98755,39.3065,0.0
2022-01-25 09:03:27.009751,40.48269,40.64725,0.0
2022-01-25 09:03:27.505778,39.96657,40.4405,0.0
2022-01-25 09:03:28.004015,39.86384,40.235,0.0
2022-01-25 09:03:28.511353,39.6064,40.75,0.0
2022-01-25 09:03:29.009341,40.53467,40.08025,0.0
2022-01-25 09:03:29.505654,40.12128,41.1115,0.0
2022-01-25 09:03:30.004609,39.3997,39.40925,0.0
2022-01-25 09:03:30.510933,39.50243,40.59525,0.0
2022-01-25 09:03:31.009010,40.53467,40.4925,0.0
2022-01-25 09:03:31.507685,39.86384,39.04775,0.0
2022-01-25 09:03:32.007631,38.98755,41.1115,0.0
2022-01-25 09:03:32.503394,40.94682,40.02825,0.0
2022-01-25 09:03:33.001807,40.01855,41.0595,0.0
2022-01-25 09:03:33.510700,38.88358,39.71875,0.0
2022-01-25 09:03:34.010079,39.81185,40.75,0.0
2022-01-25 09:03:34.505444,40.48269,40.75,0.0
2022-01-25 09:03:35.003371,39.29697,38.84225,0.0
2022-01-25 09:03:35.502729,39.29697,41.1115,0.0
2022-01-25 09:03:36.003512,40.68938,39.616,0.0
2022-01-25 09:03:36.508653,39.6064,40.59525,0.0
2022-01-25 09:03:37.006479,39.91582,40.59525,0.0
2022-01-25 09:03:37.502192,39.86384,40.95675,0.0
2022-01-25 09:03:38.010702,39.70912,40.64725,0.0
2022-01-25 09:03:38.507921,39.70912,39.15175,0.0
2022-01-25 09:03:39.006758,40.07053,41.369,0.0
2022-01-25 09:03:39.504618,39.91582,39.71875,0.0
2022-01-25 09:03:40.002719,39.09027,39.97625,0.0
2022-01-25 09:03:40.510751,40.74013,40.28575,0.0
2022-01-25 09:03:41.001759,40.68938,40.183,0.0
2022-01-25 09:03:41.508308,38.98755,40.95675,0.0
2022-01-25 09:03:42.007912,40.32797,39.9255,0.0
2022-01-25 09:03:42.504916,40.37996,41.0595,0.0
2022-01-25 09:03:43.004415,39.34772,39.8735,0.0
2022-01-25 09:03:43.502261,39.3997,40.4405,0.0
2022-01-25 09:03:44.010042,40.32797,40.59525,0.0
2022-01-25 09:03:44.503725,39.70912,39.40925,0.0
2022-01-25 09:03:45.002110,39.70912,40.33775,0.0
2022-01-25 09:03:45.501546,40.53467,39.77075,0.0
2022-01-25 09:03:46.001401,39.91582,41.26625,0.0
2022-01-25 09:03:46.507440,39.86384,39.8735,0.0
2022-01-25 09:03:47.004531,39.70912,41.1115,0.0
2022-01-25 09:03:47.506707,40.37996,40.235,0.0
2022-01-25 09:03:48.004411,39.96657,39.97625,0.0
2022-01-25 09:03:48.510607,39.193,40.59525,0.0
2022-01-25 09:03:49.010974,40.48269,40.131,0.0
2022-01-25 09:03:49.503869,40.22525,40.33775,0.0
2022-01-25 09:03:50.003336,39.45168,39.8215,0.0
2022-01-25 09:03:50.505867,39.81185,40.854,0.0
2022-01-25 09:03:51.003096,40.22525,40.38975,0.0
2022-01-25 09:03:51.508714,39.76111,40.183,0.0
2022-01-25 09:03:52.008128,39.45168,40.4925,0.0
2022-01-25 09:03:52.503458,39.86384,40.235,0.0
2022-01-25 09:03:53.005385,39.81185,40.28575,0.0
2022-01-25 09:03:53.509877,40.07053,39.97625,0.0
2022-01-25 09:03:54.001544,39.76111,40.69925,0.0
2022-01-25 09:03:54.507123,40.01855,39.8735,0.0
2022-01-25 09:03:55.009397,40.17326,40.4405,0.0
2022-01-25 09:03:55.501032,39.6064,40.4925,0.0
2022-01-25 09:03:56.010515,40.4307,39.8215,0.0
2022-01-25 09:03:56.507363,39.50243,40.59525,0.0
2022-01-25 09:03:57.007013,39.81185,39.97625,0.0
2022-01-25 09:03:57.502613,40.4307,40.4405,0.0
2022-01-25 09:03:58.010983,39.29697,40.28575,0.0
2022-01-25 09:03:58.506798,39.14226,40.28575,0.0
2022-01-25 09:03:59.005795,40.12128,40.183,0.0
2022-01-25 09:03:59.502790,40.22525,39.9255,0.0
2022-01-25 09:04:00.002973,38.93556,40.69925,0.0
2022-01-25 09:04:00.505151,40.74013,40.131,0.0
2022-01-25 09:04:01.003263,40.22525,40.4925,0.0
2022-01-25 09:04:01.510124,39.14226,40.02825,0.0
2022-01-25 09:04:02.006834,39.86384,40.75,0.0
2022-01-25 09:04:02.505325,40.58542,39.97625,0.0
2022-01-25 09:04:03.007128,39.55441,40.854,0.0
2022-01-25 09:04:03.510921,38.88358,39.97625,0.0
2022-01-25 09:04:04.010595,41.15352,40.64725,0.0
2022-01-25 09:04:04.506385,40.4307,40.183,0.0
2022-01-25 09:04:05.003674,39.45168,39.9255,0.0
2022-01-25 09:04:05.509106,38.83283,41.31825,0.0
2022-01-25 09:04:06.005489,41.10154,39.2025,0.0
2022-01-25 09:04:06.510537,40.07053,40.95675,0.0
2022-01-25 09:04:07.010287,38.83283,40.02825,0.0
2022-01-25 09:04:07.506777,40.4307,40.59525,0.0
2022-01-25 09:04:08.007363,40.48269,40.5445,0.0
2022-01-25 09:04:08.503337,39.09027,39.35725,0.0
2022-01-25 09:04:09.002381,39.70912,41.369,0.0
2022-01-25 09:04:09.510772,40.4307,39.46125,0.0
2022-01-25 09:04:10.007256,39.6064,40.95675,0.0
2022-01-25 09:04:10.502819,39.55441,40.28575,0.0
2022-01-25 09:04:11.008498,40.22525,40.02825,0.0
2022-01-25 09:04:11.506679,39.3997,40.95675,0.0
2022-01-25 09:04:12.007460,39.96657,39.46125,0.0
2022-01-25 09:04:12.505870,40.4307,41.421,0.0
2022-01-25 09:04:13.003863,39.3997,39.46125,0.0
2022-01-25 09:04:13.510256,39.86384,40.183,0.0
2022-01-25 09:04:14.008511,40.07053,40.90475,0.0
2022-01-25 09:04:14.504725,40.22525,39.09975,0.0
2022-01-25 09:04:15.005047,39.24499,41.31825,0.0
2022-01-25 09:04:15.502186,40.37996,39.77075,0.0
2022-01-25 09:04:16.010910,40.17326,40.802,0.0
2022-01-25 09:04:16.510792,39.24499,40.183,0.0
2022-01-25 09:04:17.008346,39.91582,40.235,0.0
2022-01-25 09:04:17.505104,39.81185,40.90475,0.0
2022-01-25 09:04:18.003617,40.4307,38.893,0.0
2022-01-25 09:04:18.502358,39.50243,41.31825,0.0
2022-01-25 09:04:19.001625,39.65714,39.8735,0.0
2022-01-25 09:04:19.506669,40.48269,40.38975,0.0
2022-01-25 09:04:20.006399,39.6064,40.4925,0.0
2022-01-25 09:04:20.502013,39.3997,40.854,0.0
2022-01-25 09:04:21.003453,40.58542,40.5445,0.0
2022-01-25 09:04:21.508821,39.91582,39.512,0.0
2022-01-25 09:04:22.007937,39.34772,41.1635,0.0
2022-01-25 09:04:22.503547,40.27599,39.77075,0.0
2022-01-25 09:04:23.011168,40.94682,40.4405,0.0
2022-01-25 09:04:23.508414,39.50243,40.33775,0.0
2022-01-25 09:04:24.009358,38.88358,40.59525,0.0
2022-01-25 09:04:24.505922,40.8441,40.28575,0.0
2022-01-25 09:04:25.004158,39.91582,39.97625,0.0
2022-01-25 09:04:25.502459,39.03829,41.1635,0.0
2022-01-25 09:04:26.001103,40.12128,39.77075,0.0
2022-01-25 09:04:26.503378,40.32797,40.183,0.0
2022-01-25 09:04:27.008075,39.09027,40.4925,0.0
2022-01-25 09:04:27.504717,40.17326,40.02825,0.0
2022-01-25 09:04:28.003651,40.07053,40.64725,0.0
2022-01-25 09:04:28.509857,39.86384,40.183,0.0
2022-01-25 09:04:29.008266,40.27599,40.854,0.0
2022-01-25 09:04:29.506226,39.96657,39.8735,0.0
2022-01-25 09:04:30.005820,39.45168,40.4925,0.0
2022-01-25 09:04:30.501899,39.91582,40.235,0.0
2022-01-25 09:04:31.002241,40.32797,40.08025,0.0
2022-01-25 09:04:31.510034,39.3997,40.235,0.0
2022-01-25 09:04:32.008637,39.76111,40.235,0.0
2022-01-25 09:04:32.508772,40.48269,40.5445,0.0
2022-01-25 09:04:33.008249,39.70912,40.33775,0.0
2022-01-25 09:04:33.506324,39.65714,41.1635,0.0
2022-01-25 09:04:34.004613,40.32797,39.564,0.0
2022-01-25 09:04:34.503589,39.96657,40.5445,0.0
2022-01-25 09:04:35.002396,39.3997,40.02825,0.0
2022-01-25 09:04:35.508928,39.86384,40.4925,0.0
2022-01-25 09:04:36.007916,40.12128,39.8215,0.0
2022-01-25 09:04:36.505985,39.193,40.4405,0.0
2022-01-25 09:04:37.002837,40.12128,40.69925,0.0
2022-01-25 09:04:37.508351,39.86384,40.02825,0.0
2022-01-25 09:04:38.007902,40.07053,40.59525,0.0
2022-01-25 09:04:38.505623,39.96657,40.38975,0.0
2022-01-25 09:04:39.004176,39.86384,40.4925,0.0
2022-01-25 09:04:39.510494,40.53467,39.8215,0.0
2022-01-25 09:04:40.008968,39.81185,40.4925,0.0
2022-01-25 09:04:40.505115,39.29697,40.08025,0.0
2022-01-25 09:04:41.003908,40.01855,39.97625,0.0
2022-01-25 09:04:41.509632,40.68938,40.854,0.0
2022-01-25 09:04:42.008028,39.29697,40.235,0.0
2022-01-25 09:04:42.508740,39.81185,40.59525,0.0
2022-01-25 09:04:43.006612,40.27599,39.71875,0.0
2022-01-25 09:04:43.506284,39.45168,40.95675,0.0
2022-01-25 09:04:44.004507,40.22525,40.02825,0.0
2022-01-25 09:04:44.510413,39.6064,40.4925,0.0
2022-01-25 09:04:45.005047,39.193,40.33775,0.0
2022-01-25 09:04:45.510903,39.91582,39.8735,0.0
2022-01-25 09:04:46.010329,40.17326,41.0595,0.0
2022-01-25 09:04:46.507396,39.70912,39.8735,0.0
2022-01-25 09:04:47.006541,39.86384,41.00875,0.0
2022-01-25 09:04:47.503597,40.68938,39.71875,0.0
2022-01-25 09:04:48.004245,39.96657,40.02825,0.0
2022-01-25 09:04:48.506704,39.09027,41.26625,0.0
2022-01-25 09:04:49.005146,40.17326,39.2025,0.0
2022-01-25 09:04:49.503939,40.27599,41.1115,0.0
2022-01-25 09:04:50.001481,39.50243,39.8215,0.0
2022-01-25 09:04:50.503285,39.34772,40.75,0.0
2022-01-25 09:04:51.003056,40.89484,41.00875,0.0
2022-01-25 09:04:51.510162,39.86384,39.3065,0.0
2022-01-25 09:04:52.001305,38.78085,41.369,0.0
2022-01-25 09:04:52.502844,40.99881,38.945,0.0
2022-01-25 09:04:53.011161,40.07053,40.59525,0.0
2022-01-25 09:04:53.510733,38.78085,40.4925,0.0
2022-01-25 09:04:54.004999,39.86384,39.616,0.0
2022-01-25 09:04:54.510825,40.89484,41.1115,0.0
2022-01-25 09:04:55.003363,39.55441,39.66675,0.0
2022-01-25 09:04:55.509178,39.03829,41.6785,0.0
2022-01-25 09:04:56.001284,40.94682,39.77075,0.0
2022-01-25 09:04:56.509489,40.27599,40.08025,0.0
2022-01-25 09:04:57.008083,39.29697,40.38975,0.0
2022-01-25 09:04:57.502642,39.14226,39.2545,0.0
2022-01-25 09:04:58.001306,40.68938,40.854,0.0
2022-01-25 09:04:58.508219,39.6064,40.183,0.0
2022-01-25 09:04:59.010648,39.24499,41.00875,0.0
2022-01-25 09:04:59.506523,40.17326,39.77075,0.0
2022-01-25 09:05:00.005336,40.17326,40.90475,0.0
2022-01-25 09:05:00.510003,39.86384,40.854,0.0
2022-01-25 09:05:01.007801,39.96657,39.512,0.0
2022-01-25 09:05:01.505058,40.01855,40.802,0.0
2022-01-25 09:05:02.004264,39.50243,39.8215,0.0
2022-01-25 09:05:02.510259,40.01855,40.75,0.0
2022-01-25 09:05:03.008504,40.01855,40.08025,0.0
2022-01-25 09:05:03.505132,39.29697,40.75,0.0
2022-01-25 09:05:04.003664,40.22525,40.33775,0.0
2022-01-25 09:05:04.504359,39.86384,40.28575,0.0
2022-01-25 09:05:05.006374,40.01855,41.21425,0.0
2022-01-25 09:05:05.501972,39.70912,39.97625,0.0
2022-01-25 09:05:06.003869,40.37996,40.08025,0.0
2022-01-25 09:05:06.501226,40.22525,40.131,0.0
2022-01-25 09:05:07.010674,39.03829,40.64725,0.0
2022-01-25 09:05:07.506964,40.32797,40.08025,0.0
2022-01-25 09:05:08.002403,40.4307,40.4405,0.0
2022-01-25 09:05:08.502493,39.34772,40.4925,0.0
2022-01-25 09:05:09.001272,39.81185,40.02825,0.0
2022-01-25 09:05:09.507475,40.58542,40.38975,0.0
2022-01-25 09:05:10.006795,39.34772,40.802,0.0
2022-01-25 09:05:10.505315,39.24499,39.8735,0.0
2022-01-25 09:05:11.009155,40.27599,40.131,0.0
2022-01-25 09:05:11.505851,39.76111,40.33775,0.0
2022-01-25 09:05:12.003759,39.86384,40.69925,0.0
2022-01-25 09:05:12.510332,39.6064,40.02825,0.0
2022-01-25 09:05:13.008517,40.48269,40.33775,0.0
2022-01-25 09:05:13.504766,39.65714,40.38975,0.0
2022-01-25 09:05:14.004089,39.70912,40.33775,0.0
2022-01-25 09:05:14.510109,40.27599,40.183,0.0
2022-01-25 09:05:15.009377,39.86384,40.802,0.0
2022-01-25 09:05:15.502902,39.70912,39.77075,0.0
2022-01-25 09:05:16.006267,40.12128,40.69925,0.0
2022-01-25 09:05:16.501567,39.86384,40.183,0.0
2022-01-25 09:05:17.001534,39.55441,40.08025,0.0
2022-01-25 09:05:17.505338,40.12128,40.33775,0.0
2022-01-25 09:05:18.005127,39.81185,39.71875,0.0
2022-01-25 09:05:18.502687,39.14226,40.90475,0.0
2022-01-25 09:05:19.003525,40.53467,39.8735,0.0
2022-01-25 09:05:19.508925,39.86384,41.21425,0.0
2022-01-25 09:05:20.006726,39.29697,39.9255,0.0
2022-01-25 09:05:20.502452,40.58542,40.28575,0.0
2022-01-25 09:05:21.004535,39.55441,40.02825,0.0
2022-01-25 09:05:21.507424,40.01855,39.97625,0.0
2022-01-25 09:05:22.006947,39.55441,40.5445,0.0
2022-01-25 09:05:22.504017,40.32797,39.3065,0.0
2022-01-25 09:05:23.002643,39.81185,41.421,0.0
2022-01-25 09:05:23.510350,39.3997,39.71875,0.0
2022-01-25 09:05:24.009401,39.96657,40.64725,0.0
2022-01-25 09:05:24.504502,40.01855,40.5445,0.0
2022-01-25 09:05:25.007504,40.12128,40.131,0.0
2022-01-25 09:05:25.507772,39.3997,40.183,0.0
2022-01-25 09:05:26.006370,40.6374,39.2545,0.0
2022-01-25 09:05:26.504982,39.76111,41.1115,0.0
2022-01-25 09:05:27.006155,39.34772,39.512,0.0
2022-01-25 09:05:27.501954,39.96657,40.4405,0.0
2022-01-25 09:05:28.010792,40.17326,40.4925,0.0
2022-01-25 09:05:28.506892,39.6064,39.97625,0.0
2022-01-25 09:05:29.005483,39.65714,41.421,0.0
2022-01-25 09:05:29.511051,40.48269,39.3065,0.0
2022-01-25 09:05:30.009746,39.70912,41.369,0.0
2022-01-25 09:05:30.506076,39.6064,39.9255,0.0
2022-01-25 09:05:31.005720,40.07053,39.71875,0.0
2022-01-25 09:05:31.506778,39.91582,41.1635,0.0
2022-01-25 09:05:32.004978,39.50243,38.945,0.0
2022-01-25 09:05:32.501063,39.86384,41.369,0.0
2022-01-25 09:05:33.002677,40.4307,39.77075,0.0
2022-01-25 09:05:33.508811,39.76111,41.21425,0.0
2022-01-25 09:05:34.001731,39.65714,40.802,0.0
2022-01-25 09:05:34.510809,40.4307,39.2545,0.0
2022-01-25 09:05:35.009481,39.45168,41.369,0.0
2022-01-25 09:05:35.506321,39.81185,39.09975,0.0
2022-01-25 09:05:36.003655,39.96657,40.95675,0.0
2022-01-25 09:05:36.511161,39.65714,39.8735,0.0
2022-01-25 09:05:37.011208,39.24499,40.854,0.0
2022-01-25 09:05:37.505134,40.32797,40.75,0.0
2022-01-25 09:05:38.004081,40.58542,40.235,0.0
2022-01-25 09:05:38.503377,39.14226,41.1115,0.0
2022-01-25 09:05:39.002560,40.32797,39.35725,0.0
2022-01-25 09:05:39.509879,40.12128,40.5445,0.0
2022-01-25 09:05:40.008059,39.96657,40.235,0.0
2022-01-25 09:05:40.505163,38.98755,40.02825,0.0
2022-01-25 09:05:41.003203,40.8441,40.28575,0.0
2022-01-25 09:05:41.509560,40.17326,40.38975,0.0
2022-01-25 09:05:42.007371,37.49117,40.95675,0.0
2022-01-25 09:05:42.502583,41.8751,39.97625,0.0
2022-01-25 09:05:43.011091,38.41944,39.8215,0.0
2022-01-25 09:05:43.506615,41.56567,40.854,0.0
2022-01-25 09:05:44.005051,39.03829,39.3065,0.0
2022-01-25 09:05:44.501369,40.4307,40.28575,0.0
2022-01-25 09:05:45.010708,39.6064,40.38975,0.0
2022-01-25 09:05:45.505189,39.96657,39.9255,0.0
2022-01-25 09:05:46.005154,40.12128,40.28575,0.0
2022-01-25 09:05:46.501181,40.79211,40.64725,0.0
2022-01-25 09:05:47.010296,40.79211,40.90475,0.0
2022-01-25 09:05:47.507045,39.81185,39.9255,36.83572
2022-01-25 09:05:48.004768,39.81185,39.97625,36.83572
2022-01-25 09:05:48.501135,41.04955,41.0595,85.72791
2022-01-25 09:05:49.009128,39.50243,39.512,85.72791
2022-01-25 09:05:49.504387,39.34772,39.564,90.40083
2022-01-25 09:05:50.003472,40.48269,40.75,90.40083
2022-01-25 09:05:50.510068,40.17326,40.08025,87.14166
2022-01-25 09:05:51.009054,39.91582,39.8735,87.14166
2022-01-25 09:05:51.504889,41.10154,41.21425,87.18125
2022-01-25 09:05:52.004234,40.37996,40.28575,87.18125
2022-01-25 09:05:52.509383,39.193,39.3065,88.31979
2022-01-25 09:05:53.007482,41.20427,41.26625,88.31979
2022-01-25 09:05:53.502258,39.70912,39.71875,86.94562
2022-01-25 09:05:54.010971,39.6064,39.66675,86.94562
2022-01-25 09:05:54.505868,40.89484,40.854,87.18125
2022-01-25 09:05:55.005644,39.3997,39.616,87.18125
2022-01-25 09:05:55.501791,40.27599,40.4925,87.37729
2022-01-25 09:05:56.009366,39.96657,40.131,87.37729
2022-01-25 09:05:56.506746,40.22525,40.38975,87.21989
2022-01-25 09:05:57.008368,39.91582,40.02825,87.21989
2022-01-25 09:05:57.505969,40.07053,40.131,87.41687
2022-01-25 09:05:58.003903,40.4307,40.5445,87.41687
2022-01-25 09:05:58.504025,39.81185,39.8215,86.82781
2022-01-25 09:05:59.006484,44.45323,44.61875,86.82781
2022-01-25 09:05:59.502471,47.44475,47.611,87.37729
2022-01-25 09:06:00.010226,49.61072,49.7255,87.37729
2022-01-25 09:06:00.505069,52.96242,53.182,88.39801
2022-01-25 09:06:01.002855,56.00592,56.277,88.39801
2022-01-25 09:06:01.501138,58.01718,58.4435,88.79104
2022-01-25 09:06:02.010263,61.93574,62.31225,88.79104
2022-01-25 09:06:02.505321,64.05097,64.376,87.06343
2022-01-25 09:06:03.004940,66.93852,67.6765,87.06343
2022-01-25 09:06:03.504500,70.49691,71.185,86.90604
2022-01-25 09:06:04.004831,72.76562,73.45425,86.90604
2022-01-25 09:06:04.505680,75.85987,76.60125,87.77031
2022-01-25 09:06:05.003493,78.90337,79.64425,87.77031
2022-01-25 09:06:05.510755,80.96538,81.604,88.2802
2022-01-25 09:06:06.010156,84.52377,85.318,88.2802
2022-01-25 09:06:06.506992,83.80219,84.184,88.12375
2022-01-25 09:06:07.005198,83.23532,84.08,88.12375
2022-01-25 09:06:07.501793,84.36905,84.85375,88.71281
2022-01-25 09:06:08.504952,84.78245,85.47275,87.6525
2022-01-25 09:06:09.002765,83.13135,83.71975,87.6525
2022-01-25 09:06:09.506863,83.54475,84.184,86.59218
2022-01-25 09:06:10.005250,83.13135,83.7705,86.59218
2022-01-25 09:06:10.510226,83.85417,85.0085,86.35656
2022-01-25 09:06:11.008742,83.69946,84.4415,86.35656
2022-01-25 09:06:11.502834,83.64747,84.23475,86.47437
2022-01-25 09:06:12.010727,82.9259,83.71975,86.47437
2022-01-25 09:06:12.505169,83.59549,84.54425,87.73072
2022-01-25 09:06:13.006000,83.9569,84.803,87.73072
2022-01-25 09:06:13.503504,83.33805,84.02925,86.43479
2022-01-25 09:06:14.002771,83.39003,84.4415,86.43479
2022-01-25 09:06:14.501476,83.33805,84.08,86.08135
2022-01-25 09:06:15.010109,83.9569,84.85375,86.08135
2022-01-25 09:06:15.507831,83.28607,84.184,86.47437
2022-01-25 09:06:16.009737,83.64747,84.4935,86.47437
2022-01-25 09:06:16.505626,82.82193,83.8225,86.12093
2022-01-25 09:06:17.010816,83.64747,84.4415,86.12093
2022-01-25 09:06:17.509077,83.49276,84.59625,85.72791
2022-01-25 09:06:18.005820,83.69946,84.4415,85.72791
2022-01-25 09:06:18.510430,83.49276,84.28675,86.04176
2022-01-25 09:06:19.009455,83.02862,83.8225,86.04176
2022-01-25 09:06:19.510726,83.85417,85.16325,85.17843
2022-01-25 09:06:20.011226,83.33805,84.3895,85.17843
2022-01-25 09:06:20.505660,83.54475,84.54425,85.96354
2022-01-25 09:06:21.003769,83.23532,84.132,85.96354
2022-01-25 09:06:21.510607,83.64747,84.803,85.4527
2022-01-25 09:06:22.008976,83.54475,84.3895,85.4527
2022-01-25 09:06:22.505217,83.64747,84.184,86.31697
2022-01-25 09:06:23.003188,83.7502,84.4415,86.31697
2022-01-25 09:06:23.501878,83.49276,84.28675,85.84572
2022-01-25 09:06:24.005374,83.85417,84.4415,85.92395
2022-01-25 09:06:24.503102,82.82193,83.71975,85.92395
2022-01-25 09:06:25.011077,84.00888,84.64825,85.92395
2022-01-25 09:06:25.507729,83.39003,84.184,85.4527
2022-01-25 09:06:26.006496,84.05963,84.33875,85.4527
2022-01-25 09:06:26.503113,83.85417,84.4415,86.67041
2022-01-25 09:06:27.010463,83.69946,84.28675,86.67041
2022-01-25 09:06:27.510171,83.90492,84.59625,85.4527
2022-01-25 09:06:28.008372,83.49276,84.4935,85.4527
2022-01-25 09:06:28.505922,83.44078,84.28675,86.04176
2022-01-25 09:06:29.004041,83.59549,84.33875,86.04176
2022-01-25 09:06:29.509979,83.90492,84.3895,85.33489
2022-01-25 09:06:30.008459,83.49276,84.4415,85.33489
2022-01-25 09:06:30.504020,84.05963,84.33875,85.64968
2022-01-25 09:06:31.004018,83.90492,84.33875,85.64968
2022-01-25 09:06:31.509935,83.59549,84.184,85.96354
2022-01-25 09:06:32.008234,83.69946,84.4935,85.96354
2022-01-25 09:06:32.505084,83.02862,83.7705,85.25666
2022-01-25 09:06:33.003262,84.42104,84.85375,85.25666
2022-01-25 09:06:33.509075,83.02862,83.92525,85.72791
2022-01-25 09:06:34.010229,84.00888,84.184,85.72791
2022-01-25 09:06:34.505541,84.31831,84.90575,85.72791
2022-01-25 09:06:35.004678,83.18334,83.7705,85.72791
2022-01-25 09:06:35.511056,83.80219,84.699,85.80614
2022-01-25 09:06:36.009138,83.90492,84.803,85.80614
2022-01-25 09:06:36.505222,83.08061,83.66775,86.59218
2022-01-25 09:06:37.003394,83.9569,84.699,86.59218
2022-01-25 09:06:37.503823,83.33805,83.8745,86.04176
2022-01-25 09:06:38.002917,83.9569,84.4935,86.04176
2022-01-25 09:06:38.509829,84.05963,84.33875,85.72791
2022-01-25 09:06:39.007718,83.69946,84.184,85.72791
2022-01-25 09:06:39.504124,83.39003,84.132,86.15958
2022-01-25 09:06:40.004418,84.11161,85.0085,86.15958
2022-01-25 09:06:40.511030,83.23532,83.92525,86.04176
2022-01-25 09:06:41.008125,83.90492,84.54425,86.04176
2022-01-25 09:06:41.504452,83.64747,84.4415,85.96354
2022-01-25 09:06:42.001495,83.90492,84.33875,85.96354
2022-01-25 09:06:42.506954,84.21434,84.54425,85.49229
2022-01-25 09:06:43.006131,83.18334,83.66775,85.49229
2022-01-25 09:06:43.501564,83.9569,84.803,85.88531
2022-01-25 09:06:44.010303,83.49276,84.4415,85.88531
2022-01-25 09:06:44.507133,83.80219,84.4415,85.64968
2022-01-25 09:06:45.005458,83.28607,84.3895,85.64968
2022-01-25 09:06:45.501656,83.80219,84.132,85.21708
2022-01-25 09:06:46.010569,83.69946,84.59625,85.21708
2022-01-25 09:06:46.508663,83.59549,84.132,85.84572
2022-01-25 09:06:47.006398,84.05963,84.699,85.84572
2022-01-25 09:06:47.501834,82.61647,83.565,85.02104
2022-01-25 09:06:48.009709,84.21434,85.1125,85.02104
2022-01-25 09:06:48.506292,83.08061,84.23475,86.15958
2022-01-25 09:06:49.005017,83.69946,84.23475,86.15958
2022-01-25 09:06:49.502827,83.69946,84.4935,85.37447
2022-01-25 09:06:50.011137,83.85417,84.184,85.37447
2022-01-25 09:06:50.507707,84.21434,85.0085,85.96354
2022-01-25 09:06:51.007144,83.54475,84.28675,85.96354
2022-01-25 09:06:51.501485,83.59549,84.184,85.80614
2022-01-25 09:06:52.009748,83.39003,84.33875,85.80614
2022-01-25 09:06:52.506321,83.90492,84.803,86.08135
2022-01-25 09:06:53.004087,82.87391,83.92525,86.08135
2022-01-25 09:06:53.503102,84.26632,84.4415,86.19916
2022-01-25 09:06:54.004415,83.80219,84.3895,86.19916
2022-01-25 09:06:54.508510,83.7502,84.28675,85.4527
2022-01-25 09:06:55.006114,83.54475,84.08,85.4527
2022-01-25 09:06:55.503968,83.33805,83.8745,193.52635
2022-01-25 09:06:56.010240,83.54475,83.8745,193.52635
2022-01-25 09:06:56.505145,83.64747,84.3895,236.60614
2022-01-25 09:06:57.002758,83.28607,83.8225,236.60614
2022-01-25 09:06:57.509700,83.7502,84.4935,189.52072
2022-01-25 09:06:58.008725,83.02862,83.41025,189.52072
2022-01-25 09:06:58.504334,84.57575,85.0085,107.2876
2022-01-25 09:06:59.002828,83.28607,83.97725,107.2876
2022-01-25 09:06:59.507168,83.54475,84.184,90.87208
2022-01-25 09:07:00.005075,83.44078,84.184,90.87208
2022-01-25 09:07:00.510747,83.69946,84.132,96.21322
2022-01-25 09:07:01.008842,82.9259,83.8745,96.21322
2022-01-25 09:07:01.509156,84.31831,84.803,90.67604
2022-01-25 09:07:02.009474,83.54475,84.28675,86.04176
2022-01-25 09:07:02.506745,83.7502,84.23475,86.04176
2022-01-25 09:07:03.005046,83.80219,84.3895,86.04176
2022-01-25 09:07:03.503370,83.64747,84.4935,85.88531
2022-01-25 09:07:04.010386,83.90492,84.4935,85.88531
2022-01-25 09:07:04.506778,83.49276,84.4935,86.74864
2022-01-25 09:07:05.006983,83.64747,84.184,86.74864
2022-01-25 09:07:05.501543,83.28607,83.92525,86.15958
2022-01-25 09:07:06.009517,84.00888,84.751,86.15958
2022-01-25 09:07:06.507892,83.44078,84.28675,86.15958
2022-01-25 09:07:07.006522,83.54475,84.28675,86.15958
2022-01-25 09:07:07.501786,83.64747,84.184,86.5526
2022-01-25 09:07:08.010727,83.44078,84.23475,86.5526
2022-01-25 09:07:08.506551,84.05963,84.699,85.17843
2022-01-25 09:07:09.003936,83.44078,84.23475,85.17843
2022-01-25 09:07:09.507027,83.85417,84.08,86.00312
2022-01-25 09:07:10.004339,83.64747,84.08,86.00312
2022-01-25 09:07:10.501730,83.54475,84.3895,85.33489
2022-01-25 09:07:11.006201,84.21434,84.90575,85.33489
2022-01-25 09:07:11.501963,83.28607,83.8745,85.33489
2022-01-25 09:07:12.010457,83.69946,84.184,85.33489
2022-01-25 09:07:12.506769,83.64747,84.803,85.25666
2022-01-25 09:07:13.003993,83.23532,84.02925,85.25666
2022-01-25 09:07:13.509162,84.05963,84.54425,86.08135
2022-01-25 09:07:14.007368,83.59549,84.08,86.08135
2022-01-25 09:07:14.506428,83.49276,83.97725,85.92395
2022-01-25 09:07:15.002724,83.85417,84.699,85.92395
2022-01-25 09:07:15.508402,83.54475,84.28675,85.4527
2022-01-25 09:07:16.009276,83.85417,84.59625,85.4527
2022-01-25 09:07:16.504284,83.44078,83.8225,85.64968
2022-01-25 09:07:17.004007,83.59549,84.64825,85.64968
2022-01-25 09:07:17.508957,83.69946,84.28675,85.09926
2022-01-25 09:07:18.007380,84.05963,84.59625,85.09926
2022-01-25 09:07:18.503846,83.18334,83.8225,85.80614
2022-01-25 09:07:19.004714,83.9569,84.33875,85.80614
2022-01-25 09:07:19.502709,83.33805,84.4935,85.06062
2022-01-25 09:07:20.004317,84.05963,84.4935,85.06062
2022-01-25 09:07:20.510710,83.23532,83.97725,85.92395
2022-01-25 09:07:21.008150,83.85417,84.33875,85.92395
2022-01-25 09:07:21.503035,84.05963,84.59625,85.53187
2022-01-25 09:07:22.002887,83.54475,84.28675,85.53187
2022-01-25 09:07:22.501089,83.59549,84.3895,85.96354
2022-01-25 09:07:23.009320,83.33805,84.33875,85.17843
2022-01-25 09:07:23.504633,84.1636,84.699,85.17843
2022-01-25 09:07:24.003691,83.54475,84.3895,85.17843
2022-01-25 09:07:24.510236,83.9569,84.28675,85.49229
2022-01-25 09:07:25.011277,83.80219,84.4415,85.49229
2022-01-25 09:07:25.506866,83.49276,84.08,85.37447
2022-01-25 09:07:26.005493,83.59549,84.23475,85.37447
2022-01-25 09:07:26.501161,83.49276,84.33875,85.64968
2022-01-25 09:07:27.010544,84.00888,84.699,85.64968
2022-01-25 09:07:27.505826,83.13135,83.97725,86.00312
2022-01-25 09:07:28.002814,84.11161,84.54425,86.00312
2022-01-25 09:07:28.509718,83.23532,83.97725,85.6101
2022-01-25 09:07:29.007366,84.21434,84.699,85.6101
2022-01-25 09:07:29.501770,83.59549,84.132,85.49229
2022-01-25 09:07:30.010842,83.08061,83.71975,85.49229
2022-01-25 09:07:30.506614,84.11161,84.95775,85.25666
2022-01-25 09:07:31.004364,83.33805,84.08,85.25666
2022-01-25 09:07:31.503024,84.11161,84.59625,84.94281
2022-01-25 09:07:32.002312,83.23532,84.132,84.94281
2022-01-25 09:07:32.509569,84.1636,84.59625,85.7675
2022-01-25 09:07:33.010998,83.33805,83.8225,85.7675
2022-01-25 09:07:33.506696,83.90492,84.64825,85.72791
2022-01-25 09:07:34.004962,83.69946,84.02925,85.72791
2022-01-25 09:07:34.501409,83.59549,84.33875,85.17843
2022-01-25 09:07:35.010293,83.59549,84.184,85.17843
2022-01-25 09:07:35.506025,83.69946,84.59625,85.4527
2022-01-25 09:07:36.004758,83.80219,84.4935,85.4527
2022-01-25 09:07:36.510846,84.05963,84.3895,85.6101
2022-01-25 09:07:37.008747,83.80219,84.3895,85.6101
2022-01-25 09:07:37.508271,83.59549,84.23475,85.92395
2022-01-25 09:07:38.006818,83.7502,84.64825,85.92395
2022-01-25 09:07:38.502597,83.7502,84.33875,86.04176
2022-01-25 09:07:39.011028,83.39003,83.92525,86.04176
2022-01-25 09:07:39.508845,83.7502,84.4935,85.64968
2022-01-25 09:07:40.009183,83.69946,84.59625,85.64968
2022-01-25 09:07:40.504801,83.69946,84.132,85.37447
2022-01-25 09:07:41.008917,83.80219,84.184,85.37447
2022-01-25 09:07:41.503326,83.59549,84.4935,86.19916
2022-01-25 09:07:42.005461,83.64747,84.54425,86.19916
2022-01-25 09:07:42.511082,83.49276,84.3895,85.41406
2022-01-25 09:07:43.009727,83.80219,84.23475,86.04176
2022-01-25 09:07:43.505934,83.23532,84.23475,86.04176
2022-01-25 09:07:44.004317,83.85417,84.3895,86.04176
2022-01-25 09:07:44.510129,83.9569,84.3895,85.37447
2022-01-25 09:07:45.008034,83.7502,84.184,85.37447
2022-01-25 09:07:45.503832,83.7502,84.4415,86.15958
2022-01-25 09:07:46.002829,83.33805,84.33875,86.15958
2022-01-25 09:07:46.509062,83.64747,84.28675,85.57051
2022-01-25 09:07:47.007800,83.59549,84.28675,85.57051
2022-01-25 09:07:47.503365,84.05963,84.4935,85.4527
2022-01-25 09:07:48.003260,83.90492,84.751,85.4527
2022-01-25 09:07:48.509127,83.54475,84.132,85.33489
2022-01-25 09:07:49.006529,84.1636,84.59625,85.33489
2022-01-25 09:07:49.503251,83.39003,84.08,86.12093
2022-01-25 09:07:50.002061,84.05963,84.803,86.12093
2022-01-25 09:07:50.510913,83.02862,83.92525,85.72791
2022-01-25 09:07:51.009169,84.36905,84.751,85.4527
2022-01-25 09:07:51.505123,83.08061,84.184,85.4527
2022-01-25 09:07:52.003691,84.47302,84.95775,85.4527
2022-01-25 09:07:52.509657,83.80219,84.28675,85.6101
2022-01-25 09:07:53.007182,83.54475,84.02925,85.6101
2022-01-25 09:07:53.504096,84.05963,84.4935,85.6101
2022-01-25 09:07:54.003295,83.33805,83.92525,85.6101
2022-01-25 09:07:54.508932,84.05963,84.751,86.12093
2022-01-25 09:07:55.003901,83.23532,84.28675,86.12093
2022-01-25 09:07:55.509338,83.64747,84.08,85.88531
2022-01-25 09:07:56.004356,83.9569,84.59625,85.88531
2022-01-25 09:07:56.510808,83.69946,84.33875,85.06062
2022-01-25 09:07:57.009961,83.85417,84.3895,85.06062
2022-01-25 09:07:57.505548,83.18334,83.97725,86.23875
2022-01-25 09:07:58.004361,84.05963,84.59625,86.23875
2022-01-25 09:07:58.501077,83.28607,83.8225,85.41406
2022-01-25 09:07:59.009823,84.1636,84.90575,85.41406
2022-01-25 09:07:59.509525,82.87391,83.61575,85.41406
2022-01-25 09:08:00.008244,84.42104,84.90575,85.41406
2022-01-25 09:08:00.503453,83.64747,84.23475,85.80614
2022-01-25 09:08:01.002065,83.54475,84.184,85.80614
2022-01-25 09:08:01.509077,84.47302,85.16325,86.23875
2022-01-25 09:08:02.007560,82.87391,83.461,86.23875
2022-01-25 09:08:02.503114,84.47302,85.0605,85.84572
2022-01-25 09:08:03.002912,82.97664,83.7705,85.84572
2022-01-25 09:08:03.508749,83.59549,84.132,86.23875
2022-01-25 09:08:04.001648,83.39003,83.97725,86.23875
2022-01-25 09:08:04.506730,84.11161,84.64825,85.68833
2022-01-25 09:08:05.004417,83.59549,84.02925,85.68833
2022-01-25 09:08:05.509813,84.1636,84.699,85.37447
2022-01-25 09:08:06.008256,83.90492,84.3895,85.37447
2022-01-25 09:08:06.504537,83.23532,84.23475,85.6101
2022-01-25 09:08:07.003921,84.11161,84.85375,85.6101
2022-01-25 09:08:07.510842,83.54475,84.08,85.57051
2022-01-25 09:08:08.000981,83.90492,84.54425,85.57051
2022-01-25 09:08:08.509707,83.85417,84.64825,85.41406
2022-01-25 09:08:09.008349,83.18334,83.8225,85.41406
2022-01-25 09:08:09.504451,84.1636,84.4415,85.33489
2022-01-25 09:08:10.003256,83.64747,84.28675,85.33489
2022-01-25 09:08:10.507874,83.7502,84.4935,85.29625
2022-01-25 09:08:11.001854,83.18334,84.28675,85.29625
2022-01-25 09:08:11.507343,83.85417,84.184,86.15958
2022-01-25 09:08:12.007677,84.11161,84.4415,86.15958
2022-01-25 09:08:12.503721,83.9569,84.64825,85.84572
2022-01-25 09:08:13.003488,83.44078,84.08,85.84572
2022-01-25 09:08:13.509090,83.69946,84.23475,85.84572
2022-01-25 09:08:14.008328,84.05963,84.54425,85.84572
2022-01-25 09:08:14.506399,83.23532,84.3895,85.68833
2022-01-25 09:08:15.004165,84.00888,84.59625,85.68833
2022-01-25 09:08:15.509776,83.49276,83.97725,85.41406
2022-01-25 09:08:16.009019,83.90492,84.3895,85.41406
2022-01-25 09:08:16.504209,83.85417,84.33875,85.53187
2022-01-25 09:08:17.005570,83.18334,83.92525,85.53187
2022-01-25 09:08:17.503439,83.90492,84.4935,85.29625
2022-01-25 09:08:18.001673,83.49276,84.02925,85.29625
2022-01-25 09:08:18.506768,83.7502,84.23475,85.80614
2022-01-25 09:08:19.004505,83.7502,84.751,85.80614
2022-01-25 09:08:19.509235,83.64747,84.23475,84.90322
2022-01-25 09:08:20.010204,83.80219,84.28675,84.90322
2022-01-25 09:08:20.506035,83.49276,83.92525,85.72791
2022-01-25 09:08:21.006295,84.36905,85.1125,85.72791
2022-01-25 09:08:21.504014,83.13135,84.08,85.29625
2022-01-25 09:08:22.006385,84.26632,84.803,85.29625
2022-01-25 09:08:22.504119,83.02862,83.7705,85.7675
2022-01-25 09:08:23.003648,84.05963,84.59625,85.7675
2022-01-25 09:08:23.503087,83.69946,84.3895,85.84572
2022-01-25 09:08:24.008043,83.44078,83.97725,85.84572
2022-01-25 09:08:24.510517,83.85417,84.54425,84.78541
2022-01-25 09:08:25.003865,83.49276,84.23475,84.78541
2022-01-25 09:08:25.503434,84.21434,84.751,85.29625
2022-01-25 09:08:26.004435,83.49276,84.28675,85.29625
2022-01-25 09:08:26.502113,83.80219,84.3895,85.92395
2022-01-25 09:08:27.010709,83.90492,84.4935,85.92395
2022-01-25 09:08:27.507267,83.69946,84.08,85.57051
2022-01-25 09:08:28.006832,83.44078,84.08,85.57051
2022-01-25 09:08:28.502347,83.33805,84.28675,85.49229
2022-01-25 09:08:29.002633,84.00888,84.751,85.49229
2022-01-25 09:08:29.504122,83.28607,83.97725,85.33489
2022-01-25 09:08:30.001040,84.52377,84.803,85.33489
2022-01-25 09:08:30.509856,83.49276,84.08,86.27739
2022-01-25 09:08:31.008498,83.9569,84.54425,86.27739
2022-01-25 09:08:31.505122,83.9569,84.4415,85.96354
2022-01-25 09:08:32.010428,83.64747,84.23475,85.96354
2022-01-25 09:08:32.507462,84.11161,84.85375,85.68833
2022-01-25 09:08:33.006881,82.97664,83.92525,85.68833
2022-01-25 09:08:33.502379,84.05963,84.59625,86.23875
2022-01-25 09:08:34.011160,83.28607,84.02925,86.23875
2022-01-25 09:08:34.507218,84.1636,84.59625,85.41406
2022-01-25 09:08:35.006318,83.64747,84.132,85.41406
2022-01-25 09:08:35.502738,83.9569,84.85375,85.49229
2022-01-25 09:08:36.010714,83.39003,83.8745,85.49229
2022-01-25 09:08:36.507229,84.11161,84.699,85.21708
2022-01-25 09:08:37.006058,83.49276,84.02925,85.21708
2022-01-25 09:08:37.502330,83.33805,84.28675,85.57051
2022-01-25 09:08:38.001091,84.26632,84.751,85.57051
2022-01-25 09:08:38.508582,83.08061,83.565,85.4527
2022-01-25 09:08:39.007767,84.42104,84.85375,85.4527
2022-01-25 09:08:39.509889,83.64747,84.33875,86.47437
2022-01-25 09:08:40.007905,83.13135,84.132,86.47437
2022-01-25 09:08:40.503268,84.26632,84.699,85.06062
2022-01-25 09:08:41.002809,83.39003,84.02925,85.06062
2022-01-25 09:08:41.508887,84.00888,84.54425,86.51301
2022-01-25 09:08:42.006887,83.28607,84.28675,86.51301
2022-01-25 09:08:42.503578,83.69946,83.92525,86.23875
2022-01-25 09:08:43.003037,84.11161,84.4415,86.23875
2022-01-25 09:08:43.507926,83.85417,84.64825,85.49229
2022-01-25 09:08:44.007797,83.39003,84.184,85.49229
2022-01-25 09:08:44.502563,83.59549,84.23475,85.25666
2022-01-25 09:08:45.009714,83.64747,84.02925,85.25666
2022-01-25 09:08:45.506978,83.80219,84.751,85.53187
2022-01-25 09:08:46.008256,83.59549,84.02925,85.53187
2022-01-25 09:08:46.503426,84.05963,84.64825,85.49229
2022-01-25 09:08:47.004649,83.54475,83.8745,85.49229
2022-01-25 09:08:47.511354,83.9569,84.64825,86.3952
2022-01-25 09:08:48.010252,83.33805,84.23475,86.3952
2022-01-25 09:08:48.509155,83.54475,84.08,85.49229
2022-01-25 09:08:49.007766,83.64747,84.4935,85.49229
2022-01-25 09:08:49.504150,83.69946,84.23475,85.02104
2022-01-25 09:08:50.002671,83.85417,84.4415,85.02104
2022-01-25 09:08:50.508360,83.85417,84.132,85.49229
2022-01-25 09:08:51.006336,83.54475,84.184,85.49229
2022-01-25 09:08:51.502979,84.05963,84.59625,85.53187
2022-01-25 09:08:52.001801,83.80219,84.28675,85.53187
2022-01-25 09:08:52.509235,83.02862,83.8225,85.21708
2022-01-25 09:08:53.010703,84.1636,84.54425,85.21708
2022-01-25 09:08:53.508396,83.23532,84.132,85.7675
2022-01-25 09:08:54.010696,84.11161,84.3895,85.7675
2022-01-25 09:08:54.507692,84.00888,84.59625,85.49229
2022-01-25 09:08:55.007463,83.18334,84.02925,85.49229
2022-01-25 09:08:55.504454,84.1636,84.751,84.78541
2022-01-25 09:08:56.003160,83.44078,84.184,84.78541
2022-01-25 09:08:56.508505,83.90492,84.33875,85.4527
2022-01-25 09:08:57.007323,83.33805,84.184,85.4527
2022-01-25 09:08:57.504052,83.39003,84.02925,85.68833
2022-01-25 09:08:58.003284,84.00888,84.4935,85.68833
2022-01-25 09:08:58.508307,83.85417,84.3895,85.57051
2022-01-25 09:08:59.006798,83.64747,84.28675,85.57051
2022-01-25 09:08:59.502297,83.7502,84.33875,85.7675
2022-01-25 09:09:00.001228,83.85417,84.54425,85.7675
2022-01-25 09:09:00.504601,83.39003,84.08,85.09926
2022-01-25 09:09:01.004633,84.1636,84.3895,85.09926
2022-01-25 09:09:01.502315,83.08061,83.7705,86.19916
2022-01-25 09:09:02.010767,84.1636,84.59625,86.19916
2022-01-25 09:09:02.508004,83.90492,84.3895,85.57051
2022-01-25 09:09:03.007846,83.44078,84.184,85.57051
2022-01-25 09:09:03.503364,84.36905,84.85375,85.21708
2022-01-25 09:09:04.001731,83.39003,84.132,85.21708
2022-01-25 09:09:04.507215,83.85417,84.4935,85.96354
2022-01-25 09:09:05.005505,83.33805,84.23475,85.96354
2022-01-25 09:09:05.505955,83.9569,84.33875,85.21708
2022-01-25 09:09:06.005893,83.85417,84.33875,85.21708
2022-01-25 09:09:06.510773,83.54475,84.132,86.31697
2022-01-25 09:09:07.009841,83.7502,84.184,86.31697
2022-01-25 09:09:07.502923,83.90492,84.59625,85.25666
2022-01-25 09:09:08.001884,83.85417,84.3895,85.25666
2022-01-25 09:09:08.508630,83.49276,84.64825,86.31697
2022-01-25 09:09:09.006589,83.39003,83.71975,86.31697
2022-01-25 09:09:09.502296,83.85417,84.54425,85.21708
2022-01-25 09:09:10.010051,84.31831,84.803,85.21708
2022-01-25 09:09:10.505726,83.23532,83.92525,86.78822
2022-01-25 09:09:11.010179,83.49276,84.33875,86.78822
2022-01-25 09:09:11.503648,83.80219,84.132,85.84572
2022-01-25 09:09:12.002305,84.00888,84.699,85.84572
2022-01-25 09:09:12.507797,83.7502,84.4935,85.37447
2022-01-25 09:09:13.006181,83.28607,84.184,85.37447
2022-01-25 09:09:13.501720,83.85417,84.132,85.53187
2022-01-25 09:09:14.001084,84.00888,84.4415,85.53187
2022-01-25 09:09:14.506797,84.1636,84.803,85.29625
2022-01-25 09:09:15.006799,83.33805,83.97725,85.29625
2022-01-25 09:09:16.005064,84.05963,84.4415,85.96354
2022-01-25 09:09:16.503677,83.44078,84.4415,85.64968
2022-01-25 09:09:17.002675,83.33805,83.92525,85.64968
2022-01-25 09:09:17.502379,83.08061,83.41025,85.57051
2022-01-25 09:09:18.010293,83.90492,84.23475,85.57051
2022-01-25 09:09:18.506176,84.00888,84.23475,236.92093
2022-01-25 09:09:19.004340,83.85417,84.4935,236.92093
2022-01-25 09:09:19.502636,83.18334,83.66775,217.01062
2022-01-25 09:09:20.010780,83.49276,84.184,217.01062
2022-01-25 09:09:20.507301,83.90492,84.54425,161.12791
2022-01-25 09:09:21.007340,83.69946,84.02925,161.12791
2022-01-25 09:09:21.503912,83.54475,83.97725,97.39135
2022-01-25 09:09:22.002275,83.23532,83.61575,97.39135
2022-01-25 09:09:22.507563,84.00888,84.54425,96.135
2022-01-25 09:09:23.004221,83.85417,84.33875,96.135
2022-01-25 09:09:23.510708,83.80219,84.54425,95.85979
2022-01-25 09:09:24.008853,83.39003,83.71975,95.85979
2022-01-25 09:09:24.505038,83.9569,84.751,88.12375
2022-01-25 09:09:25.003437,83.54475,84.02925,88.12375
2022-01-25 09:09:25.511330,84.1636,84.699,86.15958
2022-01-25 09:09:26.008905,83.28607,84.08,86.15958
2022-01-25 09:09:26.506672,83.85417,84.4415,87.18125
2022-01-25 09:09:27.007269,83.44078,84.132,87.18125
2022-01-25 09:09:27.502299,83.9569,84.54425,87.3377
2022-01-25 09:09:28.010740,83.49276,84.28675,87.3377
2022-01-25 09:09:28.506901,84.21434,84.64825,86.35656
2022-01-25 09:09:29.009958,83.33805,83.8745,86.35656
2022-01-25 09:09:29.505111,83.59549,83.97725,86.04176
2022-01-25 09:09:30.004742,84.57575,85.1125,86.04176
2022-01-25 09:09:30.506475,83.02862,83.8745,86.31697
2022-01-25 09:09:31.003249,84.00888,84.751,86.31697
2022-01-25 09:09:31.509040,83.28607,84.02925,85.4527
2022-01-25 09:09:32.007747,84.21434,84.54425,85.4527
2022-01-25 09:09:32.505172,83.69946,84.54425,85.4527
2022-01-25 09:09:33.003207,83.7502,84.4415,85.4527
2022-01-25 09:09:33.502767,83.54475,84.08,85.33489
2022-01-25 09:09:34.010783,83.90492,84.699,85.33489
2022-01-25 09:09:34.507389,83.90492,84.132,85.80614
2022-01-25 09:09:35.005822,83.49276,84.54425,85.80614
2022-01-25 09:09:35.501717,83.85417,84.23475,86.15958
2022-01-25 09:09:36.009820,83.28607,84.02925,86.15958
2022-01-25 09:09:36.505026,84.31831,84.64825,85.21708
2022-01-25 09:09:37.003587,83.80219,84.23475,85.21708
2022-01-25 09:09:37.509309,83.80219,84.54425,86.35656
2022-01-25 09:09:38.007279,83.33805,83.97725,86.35656
2022-01-25 09:09:38.503616,83.80219,84.4415,85.64968
2022-01-25 09:09:39.003337,84.36905,85.0085,85.64968
2022-01-25 09:09:39.501056,83.02862,83.97725,85.96354
2022-01-25 09:09:40.010239,84.1636,84.64825,85.96354
2022-01-25 09:09:40.504783,83.54475,83.92525,86.08135
2022-01-25 09:09:41.002987,84.26632,84.85375,86.08135
2022-01-25 09:09:41.509276,83.49276,83.92525,86.67041
2022-01-25 09:09:42.007790,83.44078,84.4935,86.67041
2022-01-25 09:09:42.507725,83.54475,83.97725,85.49229
2022-01-25 09:09:43.006134,83.69946,84.4415,85.49229
2022-01-25 09:09:43.504164,84.1636,84.64825,87.02385
2022-01-25 09:09:44.002288,83.28607,83.92525,87.02385
2022-01-25 09:09:44.507196,84.11161,84.33875,85.29625
2022-01-25 09:09:45.006757,84.26632,84.64825,85.29625
2022-01-25 09:09:45.502050,83.80219,84.59625,86.08135
2022-01-25 09:09:46.002232,83.39003,84.184,86.08135
2022-01-25 09:09:46.507648,83.59549,84.28675,85.68833
2022-01-25 09:09:47.005907,83.64747,84.23475,85.68833
2022-01-25 09:09:47.501184,83.64747,84.54425,85.72791
2022-01-25 09:09:48.010009,83.9569,84.3895,85.72791
2022-01-25 09:09:48.509692,83.64747,84.02925,85.92395
2022-01-25 09:09:49.009166,83.90492,84.54425,85.92395
2022-01-25 09:09:49.504143,83.59549,84.23475,85.49229
2022-01-25 09:09:50.001622,83.85417,84.4415,85.49229
2022-01-25 09:09:50.508017,83.59549,84.184,85.68833
2022-01-25 09:09:51.006284,83.28607,84.33875,85.68833
2022-01-25 09:09:51.501525,84.05963,84.4935,85.33489
2022-01-25 09:09:52.009651,83.64747,84.02925,85.33489
2022-01-25 09:09:52.506170,84.05963,84.59625,85.29625
2022-01-25 09:09:53.003909,83.7502,84.4415,85.29625
2022-01-25 09:09:53.510921,83.59549,84.33875,86.08135
2022-01-25 09:09:54.009390,83.80219,84.184,86.08135
2022-01-25 09:09:54.504750,83.90492,84.59625,86.5526
2022-01-25 09:09:55.002726,83.23532,83.7705,86.5526
2022-01-25 09:09:55.505217,83.85417,84.803,85.92395
2022-01-25 09:09:56.006176,83.54475,84.3895,85.92395
2022-01-25 09:09:56.502192,83.7502,84.28675,86.12093
2022-01-25 09:09:57.009995,83.9569,84.54425,86.12093
2022-01-25 09:09:57.507525,84.05963,84.33875,85.17843
2022-01-25 09:09:58.005787,83.54475,84.132,85.17843
2022-01-25 09:09:58.504601,84.21434,84.90575,85.29625
2022-01-25 09:09:59.002760,83.18334,83.92525,85.29625
2022-01-25 09:09:59.510515,84.21434,84.751,86.3952
2022-01-25 09:10:00.008229,83.64747,84.4415,86.3952
2022-01-25 09:10:00.508183,83.59549,84.3895,85.68833
2022-01-25 09:10:01.007681,84.1636,84.803,85.68833
2022-01-25 09:10:01.505888,83.39003,83.97725,85.09926
2022-01-25 09:10:02.002071,84.36905,84.751,85.09926
2022-01-25 09:10:02.507770,83.18334,83.92525,86.12093
2022-01-25 09:10:03.005421,83.69946,84.184,86.12093
2022-01-25 09:10:03.510878,84.21434,84.85375,86.27739
2022-01-25 09:10:04.009959,83.54475,84.23475,86.27739
2022-01-25 09:10:04.505728,83.7502,84.33875,85.33489
2022-01-25 09:10:05.004020,83.80219,84.4935,85.33489
2022-01-25 09:10:05.503191,83.9569,84.54425,86.00312
2022-01-25 09:10:06.010772,83.59549,84.3895,86.00312
2022-01-25 09:10:06.505171,83.80219,84.4415,85.72791
2022-01-25 09:10:07.002811,83.02862,83.92525,85.72791
2022-01-25 09:10:07.507783,84.1636,84.85375,85.21708
2022-01-25 09:10:08.010283,84.05963,84.3895,85.21708
2022-01-25 09:10:08.506167,83.33805,84.02925,86.15958
2022-01-25 09:10:09.003828,83.80219,84.28675,86.15958
2022-01-25 09:10:09.508925,84.05963,84.59625,85.72791
2022-01-25 09:10:10.008421,84.1636,84.4935,85.72791
2022-01-25 09:10:10.504074,83.13135,84.08,85.41406
2022-01-25 09:10:11.008519,83.85417,84.54425,85.41406
2022-01-25 09:10:11.505329,83.59549,84.184,85.88531
2022-01-25 09:10:12.005141,84.42104,84.95775,85.88531
2022-01-25 09:10:12.501797,83.28607,83.97725,85.92395
2022-01-25 09:10:13.010566,83.54475,84.132,85.92395
2022-01-25 09:10:13.505485,83.9569,84.4415,85.37447
2022-01-25 09:10:14.004237,83.80219,84.699,85.37447
2022-01-25 09:10:14.502061,83.85417,84.28675,85.57051
2022-01-25 09:10:15.010853,83.54475,84.28675,85.57051
2022-01-25 09:10:15.505295,83.64747,84.132,85.72791
2022-01-25 09:10:16.003839,84.21434,84.64825,85.72791
2022-01-25 09:10:16.501323,83.33805,84.184,85.88531
2022-01-25 09:10:17.009288,84.1636,84.4935,85.88531
2022-01-25 09:10:17.508609,83.54475,84.08,85.92395
2022-01-25 09:10:18.010252,83.80219,84.3895,85.92395
2022-01-25 09:10:18.508348,83.80219,84.59625,85.53187
2022-01-25 09:10:19.000950,83.80219,84.184,85.53187
2022-01-25 09:10:19.507621,83.54475,83.97725,85.72791
2022-01-25 09:10:20.006467,83.59549,84.184,85.72791
2022-01-25 09:10:20.503013,83.54475,84.4415,85.25666
2022-01-25 09:10:21.007394,83.69946,84.4935,85.25666
2022-01-25 09:10:21.505025,84.00888,84.4415,86.51301
2022-01-25 09:10:22.003586,83.23532,84.02925,86.51301
2022-01-25 09:10:22.505090,84.11161,84.64825,86.59218
2022-01-25 09:10:23.003923,84.05963,84.64825,86.59218
2022-01-25 09:10:23.501401,83.39003,83.8745,85.33489
2022-01-25 09:10:24.009706,84.36905,84.90575,85.33489
2022-01-25 09:10:24.508778,83.13135,83.7705,85.25666
2022-01-25 09:10:25.007486,84.21434,84.751,85.25666
2022-01-25 09:10:25.503802,83.59549,84.33875,85.68833
2022-01-25 09:10:26.001564,83.69946,84.23475,85.68833
2022-01-25 09:10:26.508439,84.31831,84.90575,85.80614
2022-01-25 09:10:27.007401,83.18334,83.71975,85.80614
2022-01-25 09:10:27.502824,84.42104,85.1125,85.37447
2022-01-25 09:10:28.002706,83.59549,84.23475,85.37447
2022-01-25 09:10:28.508679,83.85417,84.4935,85.96354
2022-01-25 09:10:29.001637,83.33805,84.02925,85.96354
2022-01-25 09:10:29.507977,84.00888,84.59625,84.98145
2022-01-25 09:10:30.006650,83.59549,84.54425,84.98145
2022-01-25 09:10:30.503797,84.21434,84.59625,85.92395
2022-01-25 09:10:31.002927,83.64747,84.08,85.92395
2022-01-25 09:10:31.503154,83.64747,84.28675,85.57051
2022-01-25 09:10:32.001521,84.1636,84.85375,85.57051
2022-01-25 09:10:32.507786,83.28607,83.97725,85.37447
2022-01-25 09:10:33.007406,83.69946,84.132,85.37447
2022-01-25 09:10:33.501906,83.28607,84.132,85.41406
2022-01-25 09:10:34.010760,84.21434,84.54425,85.41406
2022-01-25 09:10:34.506434,83.9569,84.803,85.80614
2022-01-25 09:10:35.005252,83.7502,84.08,85.80614
2022-01-25 09:10:35.503440,83.90492,84.4415,85.33489
2022-01-25 09:10:36.003521,83.33805,83.8225,85.33489
2022-01-25 09:10:36.502363,84.21434,85.1125,85.21708
2022-01-25 09:10:37.504773,84.05963,84.4415,85.57051
2022-01-25 09:10:38.004628,83.18334,83.8745,85.57051
2022-01-25 09:10:38.501493,84.47302,84.90575,85.06062
2022-01-25 09:10:39.006297,84.47302,84.699,85.06062
2022-01-25 09:10:39.502674,82.9259,83.71975,86.08135
2022-01-25 09:10:40.011148,84.00888,84.751,86.08135
2022-01-25 09:10:40.506446,83.18334,83.97725,85.41406
2022-01-25 09:10:41.003559,84.52377,85.0605,85.41406
2022-01-25 09:10:41.504791,83.59549,84.28675,85.02104
2022-01-25 09:10:42.005453,83.59549,83.7705,85.02104
2022-01-25 09:10:42.501244,83.90492,84.33875,86.23875
2022-01-25 09:10:43.010012,84.21434,84.699,86.23875
2022-01-25 09:10:43.504848,83.44078,84.184,85.21708
2022-01-25 09:10:44.004721,83.59549,84.28675,85.21708
2022-01-25 09:10:44.500988,83.7502,84.28675,85.96354
2022-01-25 09:10:45.009109,83.64747,84.751,85.96354
2022-01-25 09:10:45.511071,83.9569,84.3895,85.88531
2022-01-25 09:10:46.001562,84.11161,84.4935,85.88531
2022-01-25 09:10:46.509025,83.33805,83.71975,85.57051
2022-01-25 09:10:47.007137,84.36905,85.0085,85.57051
2022-01-25 09:10:47.502492,83.44078,84.23475,85.57051
2022-01-25 09:10:48.002170,84.05963,84.4415,85.57051
2022-01-25 09:10:48.501544,83.44078,84.132,85.21708
2022-01-25 09:10:49.010721,83.54475,84.132,85.21708
2022-01-25 09:10:49.506761,83.7502,84.4935,86.51301
2022-01-25 09:10:50.004050,84.05963,84.3895,86.51301
2022-01-25 09:10:51.004580,83.80219,84.33875,85.84572
2022-01-25 09:10:51.509987,83.69946,84.4415,85.33489
2022-01-25 09:10:52.008583,83.64747,84.28675,85.33489
2022-01-25 09:10:52.504423,83.9569,84.3895,85.17843
2022-01-25 09:10:53.002921,83.18334,84.28675,85.17843
2022-01-25 09:10:53.508523,83.85417,84.08,86.51301
2022-01-25 09:10:54.006261,84.1636,84.59625,86.51301
2022-01-25 09:10:54.502600,83.64747,84.23475,85.33489
2022-01-25 09:10:55.002122,84.73046,85.26725,85.33489
2022-01-25 09:10:55.508878,83.44078,83.97725,85.88531
2022-01-25 09:10:56.007572,84.00888,84.3895,85.88531
2022-01-25 09:10:56.502636,83.49276,84.4415,85.84572
2022-01-25 09:10:57.001248,83.64747,84.08,85.84572
2022-01-25 09:10:57.506873,83.7502,84.3895,85.17843
2022-01-25 09:10:58.005767,83.59549,84.184,85.17843
2022-01-25 09:10:58.502784,84.05963,84.699,85.72791
2022-01-25 09:10:59.010383,83.49276,84.02925,85.72791
2022-01-25 09:10:59.507411,84.47302,85.0605,85.64968
2022-01-25 09:11:00.005508,82.97664,83.66775,85.64968
2022-01-25 09:11:01.005148,83.54475,84.33875,85.37447
2022-01-25 09:11:01.502006,84.26632,84.59625,86.00312
2022-01-25 09:11:02.010460,83.90492,84.4415,86.00312
2022-01-25 09:11:02.507459,83.59549,84.28675,85.64968
2022-01-25 09:11:04.001751,83.7502,84.28675,85.64968
2022-01-25 09:11:04.505181,83.23532,84.02925,85.7675
2022-01-25 09:11:05.005177,83.39003,83.7705,85.7675
2022-01-25 09:11:05.508064,84.62773,85.16325,85.02104
2022-01-25 09:11:06.001412,83.69946,84.08,85.02104
2022-01-25 09:11:06.501499,83.69946,84.23475,85.64968
2022-01-25 09:11:07.010942,83.59549,84.184,85.64968
2022-01-25 09:11:07.506807,84.42104,84.90575,85.53187
2022-01-25 09:11:08.005534,83.54475,84.33875,85.53187
2022-01-25 09:11:08.501347,83.80219,84.23475,85.25666
2022-01-25 09:11:09.008050,83.39003,84.132,85.25666
2022-01-25 09:11:09.505175,84.1636,84.803,85.68833
2022-01-25 09:11:10.004982,83.90492,84.28675,85.68833
2022-01-25 09:11:10.503217,83.85417,84.4935,85.49229
2022-01-25 09:11:11.010163,83.69946,84.184,85.49229
2022-01-25 09:11:11.506581,83.54475,84.28675,85.6101
2022-01-25 09:11:12.005212,84.42104,84.54425,85.6101
2022-01-25 09:11:12.501526,83.23532,83.92525,86.12093
2022-01-25 09:11:13.008045,83.54475,84.28675,86.12093
2022-01-25 09:11:13.504726,83.7502,84.184,85.80614
2022-01-25 09:11:14.005025,83.69946,84.3895,85.80614
2022-01-25 09:11:14.511246,83.69946,84.28675,84.78541
2022-01-25 09:11:15.010220,83.7502,84.3895,84.78541
2022-01-25 09:11:15.505702,83.9569,84.54425,86.27739
2022-01-25 09:11:16.003377,83.39003,84.3895,86.27739
2022-01-25 09:11:16.509453,83.90492,84.3895,85.33489
2022-01-25 09:11:17.009674,84.00888,84.33875,85.33489
2022-01-25 09:11:17.506377,83.39003,84.23475,85.68833
2022-01-25 09:11:18.006492,83.90492,84.54425,85.68833
2022-01-25 09:11:18.504019,83.44078,84.184,85.96354
2022-01-25 09:11:19.001863,84.11161,84.28675,85.96354
2022-01-25 09:11:19.507508,83.80219,84.54425,85.80614
2022-01-25 09:11:20.006430,83.7502,84.28675,85.80614
2022-01-25 09:11:20.502885,83.85417,84.54425,85.25666
2022-01-25 09:11:21.001570,83.80219,84.28675,85.25666
2022-01-25 09:11:21.508393,83.64747,84.08,85.53187
2022-01-25 09:11:22.007232,83.64747,84.3895,85.53187
2022-01-25 09:11:22.502707,83.59549,84.28675,85.02104
2022-01-25 09:11:23.004673,83.44078,84.28675,85.02104
2022-01-25 09:11:23.501756,83.90492,84.33875,86.35656
2022-01-25 09:11:24.505146,83.80219,84.02925,86.04176
2022-01-25 09:11:25.003531,84.00888,84.699,86.04176
2022-01-25 09:11:25.501202,83.44078,84.132,84.94281
2022-01-25 09:11:26.010283,84.42104,84.751,84.94281
2022-01-25 09:11:26.506147,83.39003,84.08,85.64968
2022-01-25 09:11:27.004768,83.9569,84.23475,85.64968
2022-01-25 09:11:27.509562,83.49276,84.54425,85.6101
2022-01-25 09:11:28.009811,83.9569,84.3895,85.6101
2022-01-25 09:11:28.507817,84.00888,84.4415,85.49229
2022-01-25 09:11:29.006696,83.39003,84.02925,85.49229
2022-01-25 09:11:29.501735,83.9569,84.3895,85.4527
2022-01-25 09:11:30.010061,83.80219,84.4415,85.4527
2022-01-25 09:11:30.505840,83.85417,84.184,85.64968
2022-01-25 09:11:31.004454,83.44078,84.184,85.64968
2022-01-25 09:11:31.510502,83.9569,84.59625,85.57051
2022-01-25 09:11:32.008566,83.9569,84.4935,85.57051
2022-01-25 09:11:32.508499,83.80219,84.3895,85.68833
2022-01-25 09:11:33.002034,83.64747,84.02925,85.68833
2022-01-25 09:11:33.502386,83.7502,84.4935,85.49229
2022-01-25 09:11:34.009770,83.7502,84.4935,85.49229
2022-01-25 09:11:34.502201,83.28607,84.132,85.53187
2022-01-25 09:11:35.010728,84.52377,84.90575,85.53187
2022-01-25 09:11:35.505114,82.97664,83.71975,86.08135
2022-01-25 09:11:36.003941,83.90492,84.59625,86.08135
2022-01-25 09:11:36.508200,84.21434,84.4415,85.37447
2022-01-25 09:11:37.009811,83.54475,83.97725,85.37447
2022-01-25 09:11:37.505254,84.11161,84.4415,86.04176
2022-01-25 09:11:38.003384,83.18334,84.132,86.04176
2022-01-25 09:11:38.510836,84.1636,84.90575,85.41406
2022-01-25 09:11:39.009843,83.59549,84.4415,85.41406
2022-01-25 09:11:39.506424,84.00888,84.184,86.19916
2022-01-25 09:11:40.006140,83.69946,83.8225,86.19916
2022-01-25 09:11:40.502266,83.7502,84.33875,89.30187
2022-01-25 09:11:41.010763,84.31831,84.4935,89.30187
2022-01-25 09:11:41.507993,82.77118,83.35825,232.7975
2022-01-25 09:11:42.006719,84.47302,84.95775,232.7975
2022-01-25 09:11:42.502472,82.9259,83.8225,219.6025
2022-01-25 09:11:43.001405,84.73046,85.16325,219.6025
2022-01-25 09:11:43.509425,82.77118,83.1515,140.47114
2022-01-25 09:11:44.008391,84.62773,84.90575,140.47114
2022-01-25 09:11:44.506460,83.64747,83.8225,93.38572
2022-01-25 09:11:45.005069,83.80219,84.3895,93.38572
2022-01-25 09:11:45.505012,83.9569,84.4415,93.38572
2022-01-25 09:11:46.005021,83.08061,83.565,93.38572
2022-01-25 09:11:46.509549,84.11161,84.33875,88.2802
2022-01-25 09:11:47.008859,83.64747,84.4415,88.2802
2022-01-25 09:11:47.505178,83.9569,84.4935,87.73072
2022-01-25 09:11:48.003197,83.90492,84.28675,87.73072
2022-01-25 09:11:48.509219,83.7502,84.4415,85.7675
2022-01-25 09:11:49.007467,83.54475,84.08,85.7675
2022-01-25 09:11:49.502317,84.1636,84.90575,86.08135
2022-01-25 09:11:50.010965,83.69946,84.184,86.08135
2022-01-25 09:11:50.508442,83.39003,84.184,85.68833
2022-01-25 09:11:51.007272,83.80219,84.23475,85.68833
2022-01-25 09:11:51.503215,83.9569,84.3895,86.71
2022-01-25 09:11:52.002999,83.85417,84.4415,86.71
2022-01-25 09:11:52.508718,83.80219,84.3895,86.51301
2022-01-25 09:11:53.006703,83.49276,84.28675,86.51301
2022-01-25 09:11:53.502798,84.1636,84.4415,86.00312
2022-01-25 09:11:54.001050,83.69946,84.54425,86.00312
2022-01-25 09:11:54.506946,83.85417,84.33875,85.80614
2022-01-25 09:11:55.005198,84.21434,84.699,85.80614
2022-01-25 09:11:55.511035,83.64747,84.02925,85.6101
2022-01-25 09:11:56.008649,84.00888,84.4415,85.6101
2022-01-25 09:11:56.504278,83.90492,84.699,85.92395
2022-01-25 09:11:57.004625,84.11161,84.4935,85.92395
2022-01-25 09:11:57.510756,83.59549,84.02925,85.7675
2022-01-25 09:11:58.010048,84.1636,84.59625,85.7675
2022-01-25 09:11:58.507243,83.23532,83.92525,85.4527
2022-01-25 09:11:59.008414,84.36905,84.803,85.4527
2022-01-25 09:11:59.510398,84.00888,84.33875,86.00312
2022-01-25 09:12:00.006960,83.18334,83.7705,86.00312
2022-01-25 09:12:00.507901,84.31831,85.0605,85.41406
2022-01-25 09:12:01.007859,83.39003,84.02925,85.41406
2022-01-25 09:12:01.503458,84.47302,84.95775,86.47437
2022-01-25 09:12:02.001911,83.02862,83.71975,86.47437
2022-01-25 09:12:02.506968,84.00888,84.28675,85.68833
2022-01-25 09:12:03.004794,84.05963,84.3895,85.68833
2022-01-25 09:12:03.501656,83.80219,84.4935,86.12093
2022-01-25 09:12:04.002875,84.1636,84.4935,86.12093
2022-01-25 09:12:04.507963,83.49276,83.92525,86.12093
2022-01-25 09:12:05.006295,84.31831,85.0085,86.12093
2022-01-25 09:12:05.502250,83.33805,84.08,85.80614
2022-01-25 09:12:06.001437,84.47302,84.699,85.80614
2022-01-25 09:12:06.506093,83.23532,83.565,85.49229
2022-01-25 09:12:07.004996,83.9569,84.59625,85.49229
2022-01-25 09:12:07.509959,84.21434,84.803,85.17843
2022-01-25 09:12:08.009027,83.44078,84.02925,85.17843
2022-01-25 09:12:08.505913,84.26632,84.699,85.96354
2022-01-25 09:12:09.003745,83.54475,84.184,85.96354
2022-01-25 09:12:09.501385,84.26632,84.751,85.21708
2022-01-25 09:12:10.009367,83.59549,84.184,85.21708
2022-01-25 09:12:10.505282,84.26632,84.59625,85.64968
2022-01-25 09:12:11.009701,83.39003,83.71975,85.64968
2022-01-25 09:12:11.506069,84.21434,84.90575,85.6101
2022-01-25 09:12:12.005109,83.80219,84.33875,85.6101
2022-01-25 09:12:12.502486,83.49276,84.23475,84.74583
2022-01-25 09:12:13.001808,84.42104,84.90575,84.74583
2022-01-25 09:12:13.509244,83.28607,84.02925,86.23875
2022-01-25 09:12:14.010597,84.26632,84.59625,86.23875
2022-01-25 09:12:14.506339,84.00888,84.3895,85.92395
2022-01-25 09:12:15.005942,83.85417,84.3895,85.92395
2022-01-25 09:12:15.501759,83.85417,84.28675,85.21708
2022-01-25 09:12:16.010799,83.64747,84.184,85.21708
2022-01-25 09:12:16.506245,84.1636,84.64825,85.09926
2022-01-25 09:12:17.004687,83.69946,84.23475,85.09926
2022-01-25 09:12:17.509827,84.26632,84.59625,85.7675
2022-01-25 09:12:18.008343,83.64747,83.8745,85.7675
2022-01-25 09:12:18.503917,84.57575,84.95775,85.80614
2022-01-25 09:12:19.002312,83.49276,83.92525,85.80614
2022-01-25 09:12:19.507149,84.21434,84.85375,85.96354
2022-01-25 09:12:20.005937,83.39003,83.97725,85.96354
2022-01-25 09:12:20.510909,83.80219,84.3895,85.29625
2022-01-25 09:12:21.009908,84.11161,84.54425,85.29625
2022-01-25 09:12:21.508311,83.49276,83.97725,86.35656
2022-01-25 09:12:22.002203,84.26632,84.751,86.35656
2022-01-25 09:12:22.510594,83.9569,84.3895,85.37447
2022-01-25 09:12:23.010759,83.64747,84.08,85.37447
2022-01-25 09:12:23.506245,84.47302,85.21525,85.64968
2022-01-25 09:12:24.005310,83.28607,83.7705,85.64968
2022-01-25 09:12:24.501065,84.05963,84.4935,86.04176
2022-01-25 09:12:25.010262,83.54475,84.184,86.04176
2022-01-25 09:12:25.506963,84.05963,84.54425,85.6101
2022-01-25 09:12:26.003226,84.21434,84.54425,85.6101
2022-01-25 09:12:26.510213,83.7502,84.132,85.06062
2022-01-25 09:12:27.009370,83.80219,84.23475,85.06062
2022-01-25 09:12:27.505833,84.21434,84.803,85.49229
2022-01-25 09:12:28.002768,83.54475,84.23475,85.49229
2022-01-25 09:12:28.508537,83.69946,84.28675,85.6101
2022-01-25 09:12:29.008131,83.85417,84.3895,85.6101
2022-01-25 09:12:29.504541,83.69946,84.33875,86.82781
2022-01-25 09:12:30.004444,84.1636,84.751,86.82781
2022-01-25 09:12:30.510748,84.05963,84.33875,86.12093
2022-01-25 09:12:31.010193,83.49276,84.02925,86.12093
2022-01-25 09:12:31.507827,84.21434,84.64825,86.04176
2022-01-25 09:12:32.005618,83.33805,83.8745,86.04176
2022-01-25 09:12:32.501570,84.21434,84.699,86.47437
2022-01-25 09:12:33.009843,83.9569,84.23475,86.47437
2022-01-25 09:12:33.503203,84.00888,84.54425,85.72791
2022-01-25 09:12:34.002503,84.00888,84.33875,85.72791
2022-01-25 09:12:34.509692,84.00888,84.4935,85.41406
2022-01-25 09:12:35.009809,84.47302,84.85375,85.41406
2022-01-25 09:12:35.504467,83.39003,83.97725,85.68833
2022-01-25 09:12:36.005076,84.21434,84.95775,85.68833
2022-01-25 09:12:36.502207,82.9259,83.71975,85.80614
2022-01-25 09:12:37.001266,84.36905,84.699,85.80614
2022-01-25 09:12:37.505183,83.9569,84.132,85.7675
2022-01-25 09:12:38.009102,83.85417,84.4415,85.7675
2022-01-25 09:12:38.509077,84.11161,84.54425,85.25666
2022-01-25 09:12:39.009837,83.80219,84.23475,85.25666
2022-01-25 09:12:39.505880,84.21434,84.4935,85.68833
2022-01-25 09:12:40.006866,83.39003,84.3895,85.68833
2022-01-25 09:12:40.504670,84.11161,84.751,85.13885
2022-01-25 09:12:41.002871,83.85417,84.08,85.13885
2022-01-25 09:12:41.510537,84.00888,84.33875,86.27739
2022-01-25 09:12:42.010393,83.85417,84.4935,86.27739
2022-01-25 09:12:42.506497,84.21434,84.85375,85.53187
2022-01-25 09:12:43.005039,83.7502,84.23475,85.53187
2022-01-25 09:12:43.502041,83.49276,84.08,85.80614
2022-01-25 09:12:44.010144,84.21434,84.699,85.80614
2022-01-25 09:12:44.506753,83.23532,83.8745,85.17843
2022-01-25 09:12:45.005060,84.26632,84.59625,85.17843
2022-01-25 09:12:45.502248,83.85417,84.23475,85.88531
2022-01-25 09:12:46.010970,83.7502,84.23475,85.88531
2022-01-25 09:12:46.506323,84.1636,84.699,84.825
2022-01-25 09:12:47.002206,83.64747,84.28675,84.825
2022-01-25 09:12:47.507303,83.80219,84.132,85.68833
2022-01-25 09:12:48.007528,84.00888,84.803,85.68833
2022-01-25 09:12:48.502674,83.59549,83.97725,86.04176
2022-01-25 09:12:49.010522,84.11161,84.4935,86.04176
2022-01-25 09:12:49.506428,84.00888,84.64825,86.43479
2022-01-25 09:12:50.004935,83.69946,84.23475,86.43479
2022-01-25 09:12:50.502972,84.11161,84.64825,86.27739
2022-01-25 09:12:51.010381,83.54475,83.97725,86.27739
2022-01-25 09:12:52.004904,83.59549,83.92525,85.68833
2022-01-25 09:12:52.501120,84.31831,84.803,85.68833
2022-01-25 09:12:53.008763,83.7502,84.02925,85.68833
2022-01-25 09:12:53.503975,84.1636,84.59625,85.68833
2022-01-25 09:12:54.003333,83.54475,84.184,85.68833
2022-01-25 09:12:54.510702,84.47302,84.90575,85.21708
2022-01-25 09:12:55.010548,83.54475,84.184,85.21708
2022-01-25 09:12:55.506947,84.31831,84.64825,86.04176
2022-01-25 09:12:56.006393,83.59549,84.184,86.04176
2022-01-25 09:12:56.503597,83.80219,84.33875,85.6101
2022-01-25 09:12:57.003133,84.00888,84.3895,85.6101
2022-01-25 09:12:57.508729,83.80219,84.184,86.12093
2022-01-25 09:12:58.007758,83.90492,84.59625,86.12093
2022-01-25 09:12:58.503878,83.69946,84.54425,86.67041
2022-01-25 09:12:59.004170,84.1636,84.4415,86.67041
2022-01-25 09:12:59.509727,83.7502,84.184,86.5526
2022-01-25 09:13:00.007248,83.69946,83.97725,86.5526
2022-01-25 09:13:00.509259,84.36905,84.751,85.02104
2022-01-25 09:13:01.007934,83.33805,83.7705,85.02104
2022-01-25 09:13:01.503539,84.21434,84.699,85.88531
2022-01-25 09:13:02.002080,83.44078,83.97725,85.88531
2022-01-25 09:13:02.508118,84.52377,84.95775,85.25666
2022-01-25 09:13:03.008521,83.33805,84.33875,85.25666
2022-01-25 09:13:03.503700,84.11161,84.4415,85.92395
2022-01-25 09:13:04.003047,84.21434,84.4415,85.92395
2022-01-25 09:13:04.509689,83.49276,84.132,85.49229
2022-01-25 09:13:06.009043,84.05963,84.3895,85.49229
2022-01-25 09:13:06.505350,83.64747,84.3895,85.41406
2022-01-25 09:13:07.002559,84.31831,84.4415,85.41406
2022-01-25 09:13:07.510403,83.7502,84.28675,86.19916
2022-01-25 09:13:08.006666,84.11161,84.23475,86.19916
2022-01-25 09:13:08.504227,83.90492,84.23475,84.94281
2022-01-25 09:13:09.002840,83.64747,84.4415,84.94281
2022-01-25 09:13:09.507948,84.00888,84.4415,86.31697
2022-01-25 09:13:10.006796,83.49276,84.132,86.31697
2022-01-25 09:13:10.503705,83.9569,84.33875,85.41406
2022-01-25 09:13:11.001195,83.9569,84.64825,85.41406
2022-01-25 09:13:11.507385,83.90492,84.33875,85.96354
2022-01-25 09:13:12.008170,84.05963,84.3895,85.96354
2022-01-25 09:13:12.502969,83.7502,84.4935,85.53187
2022-01-25 09:13:13.010829,83.9569,84.54425,85.53187
2022-01-25 09:13:13.503668,83.69946,84.3895,86.35656
2022-01-25 09:13:14.002143,84.11161,84.54425,86.35656
2022-01-25 09:13:14.506731,83.59549,84.4415,86.00312
2022-01-25 09:13:15.007113,84.11161,84.3895,86.00312
2022-01-25 09:13:15.504455,83.9569,84.4415,86.00312
2022-01-25 09:13:16.003392,83.80219,84.4935,86.00312
2022-01-25 09:13:16.509115,84.00888,84.64825,85.17843
2022-01-25 09:13:17.007769,83.64747,84.184,85.17843
2022-01-25 09:13:17.503912,84.00888,84.4415,85.7675
2022-01-25 09:13:18.002929,83.49276,84.3895,85.7675
2022-01-25 09:13:18.508527,84.05963,84.4415,86.00312
2022-01-25 09:13:19.009373,84.47302,84.95775,86.00312
2022-01-25 09:13:19.505879,83.54475,83.8745,86.5526
2022-01-25 09:13:20.005844,83.90492,84.4935,86.5526
2022-01-25 09:13:20.501758,83.80219,84.4935,85.17843
2022-01-25 09:13:21.002488,83.7502,84.23475,85.17843
2022-01-25 09:13:21.509672,83.64747,84.3895,85.17843
2022-01-25 09:13:22.008792,83.85417,84.132,85.17843
2022-01-25 09:13:22.505671,83.59549,84.28675,85.64968
2022-01-25 09:13:23.003375,83.7502,84.33875,85.64968
2022-01-25 09:13:23.501993,84.42104,85.0605,85.4527
2022-01-25 09:13:24.505074,84.31831,84.699,86.00312
2022-01-25 09:13:25.004631,83.33805,83.97725,86.00312
2022-01-25 09:13:25.510685,84.11161,84.59625,84.78541
2022-01-25 09:13:26.010977,83.49276,84.28675,84.78541
2022-01-25 09:13:26.506946,84.05963,84.132,85.64968
2022-01-25 09:13:27.005046,84.26632,84.803,85.64968
2022-01-25 09:13:27.509787,83.59549,84.3895,85.92395
2022-01-25 09:13:28.008565,84.21434,84.699,85.92395
2022-01-25 09:13:28.504148,83.85417,84.184,85.17843
2022-01-25 09:13:29.001910,83.85417,84.184,85.17843
2022-01-25 09:13:29.509675,83.54475,84.4415,85.57051
2022-01-25 09:13:30.007642,83.7502,83.92525,85.57051
2022-01-25 09:13:30.505919,84.05963,84.54425,85.37447
2022-01-25 09:13:31.003800,83.9569,84.33875,85.37447
2022-01-25 09:13:32.004715,83.49276,84.23475,85.49229
2022-01-25 09:13:32.506046,84.26632,84.4415,86.19916
2022-01-25 09:13:33.004460,83.64747,84.33875,86.19916
2022-01-25 09:13:33.510181,84.11161,84.59625,85.17843
2022-01-25 09:13:34.008091,83.28607,83.92525,85.17843
2022-01-25 09:13:34.506508,84.21434,84.54425,87.14166
2022-01-25 09:13:35.003022,83.80219,84.23475,87.14166
2022-01-25 09:13:35.510448,84.00888,84.59625,85.49229
2022-01-25 09:13:36.009862,84.42104,84.803,85.49229
2022-01-25 09:13:36.505166,83.49276,84.02925,85.29625
2022-01-25 09:13:37.002527,84.73046,84.95775,85.29625
2022-01-25 09:13:37.509058,83.13135,84.02925,86.23875
2022-01-25 09:13:38.008592,83.80219,84.3895,86.23875
2022-01-25 09:13:38.504311,84.11161,84.59625,85.49229
2022-01-25 09:13:39.005041,83.69946,84.184,85.49229
2022-01-25 09:13:39.501151,84.00888,84.3895,85.84572
2022-01-25 09:13:40.009529,83.80219,84.4935,85.84572
2022-01-25 09:13:40.505261,83.9569,84.184,85.17843
2022-01-25 09:13:41.001716,83.7502,84.33875,85.17843
2022-01-25 09:13:41.508766,84.11161,84.23475,86.08135
2022-01-25 09:13:42.007259,84.42104,84.64825,86.08135
2022-01-25 09:13:42.502840,83.90492,84.3895,85.41406
2022-01-25 09:13:43.001179,83.90492,84.28675,85.41406
2022-01-25 09:13:43.509108,84.05963,84.59625,85.17843
2022-01-25 09:13:44.001146,84.1636,84.59625,85.17843
2022-01-25 09:13:44.508044,83.64747,84.33875,85.96354
2022-01-25 09:13:45.005863,84.05963,84.3895,85.96354
2022-01-25 09:13:45.510410,83.80219,84.28675,85.84572
2022-01-25 09:13:46.009216,83.85417,84.4935,86.15958
2022-01-25 09:13:46.509831,84.05963,84.4415,86.15958
2022-01-25 09:13:47.007897,83.90492,84.64825,86.15958
2022-01-25 09:13:47.503965,83.64747,84.02925,84.94281
2022-01-25 09:13:48.003226,84.36905,84.95775,84.94281
2022-01-25 09:13:48.508738,83.85417,83.92525,86.08135
2022-01-25 09:13:49.006892,84.05963,84.59625,86.08135
2022-01-25 09:13:49.501956,83.9569,84.33875,85.96354
2022-01-25 09:13:50.010287,84.21434,84.4415,85.96354
2022-01-25 09:13:50.505541,83.44078,84.08,85.33489
2022-01-25 09:13:51.003514,84.21434,84.64825,85.33489
2022-01-25 09:13:51.509335,83.64747,84.28675,85.7675
2022-01-25 09:13:52.007324,84.11161,84.4935,85.7675
2022-01-25 09:13:52.505215,83.7502,84.4935,86.04176
2022-01-25 09:13:53.002790,83.90492,84.23475,86.04176
2022-01-25 09:13:53.507591,84.62773,84.64825,86.23875
2022-01-25 09:13:54.005704,83.39003,84.02925,86.23875
2022-01-25 09:13:54.501701,83.9569,84.33875,85.57051
2022-01-25 09:13:55.009630,83.64747,84.23475,85.57051
2022-01-25 09:13:55.507588,84.42104,84.699,85.06062
2022-01-25 09:13:56.004035,83.49276,84.4415,85.06062
2022-01-25 09:13:56.508562,84.11161,84.699,86.35656
2022-01-25 09:13:57.007855,84.00888,84.23475,86.35656
2022-01-25 09:13:57.504549,84.1636,84.59625,85.6101
2022-01-25 09:13:58.002846,84.11161,84.54425,86.19916
2022-01-25 09:13:58.509041,83.23532,83.8745,86.19916
2022-01-25 09:13:59.006581,84.31831,84.54425,86.19916
2022-01-25 09:13:59.502390,83.23532,83.92525,85.92395
2022-01-25 09:14:00.010715,84.26632,84.751,85.92395
2022-01-25 09:14:00.504020,83.85417,84.4935,85.84572
2022-01-25 09:14:01.002210,83.69946,83.92525,85.84572
2022-01-25 09:14:01.509891,84.1636,84.33875,84.70718
2022-01-25 09:14:02.002382,83.64747,84.23475,84.70718
2022-01-25 09:14:02.508871,84.1636,84.4935,85.6101
2022-01-25 09:14:03.010550,82.56449,83.04875,85.6101
2022-01-25 09:14:03.508113,84.42104,84.64825,162.34562
2022-01-25 09:14:04.007370,83.18334,83.7705,162.34562
2022-01-25 09:14:04.510917,84.57575,85.37,235.58541
2022-01-25 09:14:05.008453,83.02862,83.461,192.38781
2022-01-25 09:14:05.505729,83.80219,84.33875,192.38781
2022-01-25 09:14:06.003832,83.7502,83.92525,192.38781
2022-01-25 09:14:06.505620,83.7502,84.54425,115.7701
2022-01-25 09:14:07.005275,84.31831,84.803,115.7701
2022-01-25 09:14:07.505684,82.56449,83.30625,95.50635
2022-01-25 09:14:08.005093,84.42104,84.699,92.79666
2022-01-25 09:14:08.511168,83.85417,84.132,92.79666
2022-01-25 09:14:09.003068,83.85417,84.28675,92.79666
2022-01-25 09:14:09.501239,83.9569,84.33875,90.59781
2022-01-25 09:14:10.009280,83.7502,84.33875,90.59781
2022-01-25 09:14:10.503783,83.90492,84.28675,86.43479
2022-01-25 09:14:11.007749,83.80219,84.699,86.43479
2022-01-25 09:14:11.503103,83.80219,84.33875,86.63083
2022-01-25 09:14:12.010727,83.7502,84.184,86.63083
2022-01-25 09:14:12.505011,84.11161,84.4935,86.86645
2022-01-25 09:14:13.002724,84.00888,84.02925,86.86645
2022-01-25 09:14:13.509283,83.7502,84.4415,86.27739
2022-01-25 09:14:14.008728,84.26632,84.54425,86.27739
2022-01-25 09:14:14.504314,83.59549,84.132,86.47437
2022-01-25 09:14:15.003939,83.9569,84.33875,86.47437
2022-01-25 09:14:15.510092,84.00888,84.64825,87.14166
2022-01-25 09:14:16.008579,83.7502,84.28675,87.14166
2022-01-25 09:14:16.506146,84.36905,84.64825,86.04176
2022-01-25 09:14:17.004286,83.64747,84.184,86.04176
2022-01-25 09:14:17.501295,84.11161,84.59625,85.17843
2022-01-25 09:14:18.009501,83.9569,84.64825,85.17843
2022-01-25 09:14:18.507747,83.90492,84.184,85.84572
2022-01-25 09:14:19.004468,83.7502,84.3895,85.84572
2022-01-25 09:14:19.509936,83.9569,84.132,86.08135
2022-01-25 09:14:20.008564,84.42104,84.59625,86.08135
2022-01-25 09:14:20.504000,83.69946,84.28675,85.02104
2022-01-25 09:14:21.001920,84.00888,84.59625,85.02104
2022-01-25 09:14:21.506582,83.54475,84.23475,85.68833
2022-01-25 09:14:22.005524,84.31831,84.4935,85.68833
2022-01-25 09:14:23.005255,84.00888,84.64825,85.72791
2022-01-25 09:14:23.505742,83.7502,84.08,85.64968
2022-01-25 09:14:24.003286,83.7502,84.02925,85.64968
2022-01-25 09:14:24.509436,84.47302,84.803,85.09926
2022-01-25 09:14:25.008079,83.49276,84.3895,85.09926
2022-01-25 09:14:25.502726,84.05963,84.4935,85.72791
2022-01-25 09:14:26.004303,83.54475,84.132,85.72791
2022-01-25 09:14:26.509167,84.31831,84.4415,85.6101
2022-01-25 09:14:27.005824,83.90492,84.4935,85.6101
2022-01-25 09:14:27.503873,83.9569,84.4415,86.19916
2022-01-25 09:14:28.004088,84.11161,84.3895,86.19916
2022-01-25 09:14:28.510041,83.64747,84.33875,85.49229
2022-01-25 09:14:29.009055,84.11161,84.95775,85.49229
2022-01-25 09:14:29.503835,83.59549,84.28675,85.25666
2022-01-25 09:14:30.004165,84.31831,84.59625,85.25666
2022-01-25 09:14:30.510200,83.44078,84.132,86.47437
2022-01-25 09:14:31.008574,84.31831,84.64825,86.47437
2022-01-25 09:14:31.505289,83.7502,83.97725,85.68833
2022-01-25 09:14:32.010089,83.69946,84.08,85.68833
2022-01-25 09:14:32.506779,84.26632,84.699,85.21708
2022-01-25 09:14:33.006454,83.69946,84.184,85.21708
2022-01-25 09:14:33.502469,84.21434,84.64825,85.57051
2022-01-25 09:14:34.010418,83.39003,84.184,85.57051
2022-01-25 09:14:34.506872,84.47302,84.85375,85.64968
2022-01-25 09:14:35.006301,83.69946,83.92525,85.64968
2022-01-25 09:14:35.505149,84.52377,84.95775,85.68833
2022-01-25 09:14:36.007325,83.59549,83.97725,85.68833
2022-01-25 09:14:36.506052,83.64747,84.4415,86.12093
2022-01-25 09:14:37.003176,84.47302,84.803,86.12093
2022-01-25 09:14:37.508158,83.49276,83.97725,85.72791
2022-01-25 09:14:38.006304,84.52377,85.0085,85.72791
2022-01-25 09:14:38.511199,83.33805,83.92525,86.15958
2022-01-25 09:14:39.009888,84.26632,84.4935,86.15958
2022-01-25 09:14:39.506366,84.05963,84.33875,86.15958
2022-01-25 09:14:40.006582,83.85417,84.59625,86.15958
2022-01-25 09:14:40.503423,83.9569,84.59625,85.02104
2022-01-25 09:14:41.002137,84.00888,84.699,85.02104
2022-01-25 09:14:41.508695,83.90492,84.3895,85.17843
2022-01-25 09:14:42.008016,83.85417,84.132,85.17843
2022-01-25 09:14:42.505089,84.11161,84.54425,85.17843
2022-01-25 09:14:43.002734,83.7502,83.7705,85.17843
2022-01-25 09:14:43.507025,84.26632,84.90575,85.37447
2022-01-25 09:14:44.003879,83.44078,84.02925,85.37447
2022-01-25 09:14:44.509133,83.9569,84.4935,85.68833
2022-01-25 09:14:45.007899,84.05963,84.64825,85.68833
2022-01-25 09:14:45.505134,83.23532,83.97725,85.33489
2022-01-25 09:14:46.003967,84.52377,84.85375,85.33489
2022-01-25 09:14:46.508365,83.90492,83.92525,85.84572
2022-01-25 09:14:47.006787,83.85417,84.23475,85.84572
2022-01-25 09:14:47.502438,84.26632,84.85375,85.72791
2022-01-25 09:14:48.001794,83.54475,84.184,85.72791
2022-01-25 09:14:48.507929,83.85417,84.23475,85.41406
2022-01-25 09:14:49.007647,84.00888,84.64825,85.41406
2022-01-25 09:14:49.502700,83.80219,84.23475,85.53187
2022-01-25 09:14:50.010558,84.1636,84.54425,85.53187
2022-01-25 09:14:50.505270,83.85417,84.33875,85.4527
2022-01-25 09:14:51.003549,84.11161,84.33875,85.4527
2022-01-25 09:14:51.509121,84.05963,84.751,85.53187
2022-01-25 09:14:52.009428,83.59549,84.02925,85.53187
2022-01-25 09:14:52.506340,83.59549,84.02925,85.7675
2022-01-25 09:14:53.004843,84.21434,84.54425,85.7675
2022-01-25 09:14:53.509439,83.59549,84.08,86.12093
2022-01-25 09:14:54.010527,84.21434,84.699,86.12093
2022-01-25 09:14:54.506381,84.00888,84.184,85.80614
2022-01-25 09:14:55.006081,84.05963,84.59625,85.80614
2022-01-25 09:14:55.510728,84.31831,84.64825,86.08135
2022-01-25 09:14:56.011267,83.49276,83.92525,86.08135
2022-01-25 09:14:56.505507,84.05963,84.699,84.98145
2022-01-25 09:14:57.003338,83.49276,84.02925,84.98145
2022-01-25 09:14:57.509199,84.67848,85.0605,85.7675
2022-01-25 09:14:58.007274,83.64747,84.23475,85.7675
2022-01-25 09:14:58.505031,84.1636,84.64825,86.71
2022-01-25 09:14:59.003822,84.05963,84.4935,86.71
2022-01-25 09:14:59.510621,83.69946,84.184,85.37447
2022-01-25 09:15:00.010246,84.78245,85.0605,85.37447
2022-01-25 09:15:00.505734,83.02862,83.71975,85.6101
2022-01-25 09:15:01.004069,84.11161,84.54425,85.6101
2022-01-25 09:15:01.510525,83.9569,84.184,85.21708
2022-01-25 09:15:02.010612,84.21434,84.699,85.21708
2022-01-25 09:15:02.507911,83.64747,84.132,85.57051
2022-01-25 09:15:03.007552,83.69946,84.3895,85.57051
2022-01-25 09:15:03.504976,83.9569,84.3895,86.00312
2022-01-25 09:15:04.002708,84.11161,84.699,86.00312
2022-01-25 09:15:04.508898,84.05963,84.54425,86.08135
2022-01-25 09:15:05.007735,83.39003,83.8745,86.08135
2022-01-25 09:15:05.503847,84.1636,84.699,85.88531
2022-01-25 09:15:06.001710,83.9569,84.132,85.88531
2022-01-25 09:15:06.510456,84.21434,84.699,86.35656
2022-01-25 09:15:07.004143,83.64747,84.02925,86.35656
2022-01-25 09:15:07.510918,83.90492,84.23475,85.57051
2022-01-25 09:15:08.008881,84.36905,84.751,85.57051
2022-01-25 09:15:08.510737,83.33805,84.132,85.53187
2022-01-25 09:15:09.008548,83.90492,84.4935,85.53187
2022-01-25 09:15:09.502765,83.90492,84.33875,86.67041
2022-01-25 09:15:10.002105,83.9569,84.4935,86.67041
2022-01-25 09:15:10.508843,84.1636,84.54425,85.84572
2022-01-25 09:15:11.003962,83.9569,84.4935,85.84572
2022-01-25 09:15:11.507416,83.90492,84.184,85.29625
2022-01-25 09:15:12.007451,83.9569,84.59625,85.29625
2022-01-25 09:15:12.502861,83.7502,84.02925,85.6101
2022-01-25 09:15:13.010481,84.05963,84.33875,85.6101
2022-01-25 09:15:13.506803,83.9569,84.4935,85.68833
2022-01-25 09:15:14.004704,83.85417,84.33875,85.68833
2022-01-25 09:15:14.510600,83.7502,84.33875,85.7675
2022-01-25 09:15:15.008020,83.90492,84.23475,85.7675
2022-01-25 09:15:15.506191,84.1636,84.803,85.6101
2022-01-25 09:15:16.003944,83.80219,84.184,85.6101
2022-01-25 09:15:16.509961,83.64747,84.08,85.41406
2022-01-25 09:15:17.007480,83.90492,84.23475,85.41406
2022-01-25 09:15:17.504150,84.26632,84.64825,86.59218
2022-01-25 09:15:18.002104,83.44078,84.02925,86.59218
2022-01-25 09:15:18.508084,84.26632,84.59625,85.92395
2022-01-25 09:15:19.009176,83.39003,84.184,85.92395
2022-01-25 09:15:19.502298,84.36905,84.90575,85.92395
2022-01-25 09:15:20.002618,83.80219,84.54425,85.92395
2022-01-25 09:15:20.507389,83.7502,84.08,85.57051
2022-01-25 09:15:21.005509,84.1636,84.4415,85.57051
2022-01-25 09:15:21.507315,83.49276,83.92525,85.80614
2022-01-25 09:15:22.006583,84.26632,84.59625,85.80614
2022-01-25 09:15:22.504399,83.54475,83.97725,85.4527
2022-01-25 09:15:23.002784,84.1636,84.64825,85.4527
2022-01-25 09:15:23.507507,83.44078,84.184,85.7675
2022-01-25 09:15:24.007218,84.26632,84.4935,85.7675
2022-01-25 09:15:24.503741,84.62773,84.95775,85.13885
2022-01-25 09:15:25.006365,83.23532,83.7705,85.13885
2022-01-25 09:15:25.502579,84.11161,84.54425,85.80614
2022-01-25 09:15:26.002290,83.23532,83.71975,85.80614
2022-01-25 09:15:26.507390,84.73046,85.21525,86.00312
2022-01-25 09:15:27.006850,83.39003,84.33875,86.00312
2022-01-25 09:15:27.502306,83.7502,84.184,86.04176
2022-01-25 09:15:28.010150,84.31831,84.3895,86.04176
2022-01-25 09:15:28.507302,84.36905,84.59625,85.53187
2022-01-25 09:15:29.007458,83.9569,84.59625,85.53187
2022-01-25 09:15:29.502712,83.80219,84.28675,86.08135
2022-01-25 09:15:30.009658,83.80219,84.23475,86.08135
2022-01-25 09:15:30.506718,83.64747,84.23475,84.98145
2022-01-25 09:15:31.005374,84.47302,84.90575,84.98145
2022-01-25 09:15:31.501491,83.28607,83.92525,85.72791
2022-01-25 09:15:32.010208,84.31831,84.64825,85.72791
2022-01-25 09:15:32.506644,83.85417,84.132,86.00312
2022-01-25 09:15:33.004078,83.90492,84.28675,86.00312
2022-01-25 09:15:33.502382,83.80219,84.3895,85.6101
2022-01-25 09:15:34.010324,83.85417,84.4935,85.6101
2022-01-25 09:15:34.506745,83.85417,84.33875,85.29625
2022-01-25 09:15:35.006946,84.05963,84.699,85.29625
2022-01-25 09:15:35.502090,84.42104,84.751,85.80614
2022-01-25 09:15:36.008860,83.90492,84.132,85.80614
2022-01-25 09:15:36.503072,83.90492,84.3895,86.12093
2022-01-25 09:15:37.001198,83.7502,84.33875,86.12093
2022-01-25 09:15:37.507315,83.69946,84.23475,86.3952
2022-01-25 09:15:38.006647,84.31831,84.95775,86.3952
2022-01-25 09:15:38.503997,83.85417,84.28675,85.80614
2022-01-25 09:15:39.005436,84.31831,84.64825,85.80614
2022-01-25 09:15:39.510463,83.9569,84.4935,85.29625
2022-01-25 09:15:40.010709,84.21434,84.4415,85.29625
2022-01-25 09:15:40.505558,83.7502,84.184,86.08135
2022-01-25 09:15:41.004450,83.69946,84.28675,86.08135
2022-01-25 09:15:41.509935,84.05963,84.54425,85.06062
2022-01-25 09:15:42.008835,83.69946,84.3895,85.06062
2022-01-25 09:15:42.506425,83.80219,84.28675,85.64968
2022-01-25 09:15:43.010921,84.36905,84.85375,85.64968
2022-01-25 09:15:43.506071,83.64747,83.8225,86.15958
2022-01-25 09:15:44.001879,84.42104,85.0085,86.15958
2022-01-25 09:15:44.509768,83.7502,84.02925,85.21708
2022-01-25 09:15:45.007855,84.21434,84.699,85.21708
2022-01-25 09:15:45.503641,83.59549,84.23475,86.08135
2022-01-25 09:15:46.001628,84.00888,84.23475,86.08135
2022-01-25 09:15:46.507541,83.9569,84.4935,85.41406
2022-01-25 09:15:47.006741,83.85417,84.02925,85.41406
2022-01-25 09:15:47.502767,84.47302,84.95775,85.72791
2022-01-25 09:15:48.001864,83.28607,83.8745,85.72791
2022-01-25 09:15:48.506697,84.36905,84.85375,85.96354
2022-01-25 09:15:49.005225,83.9569,84.59625,85.96354
2022-01-25 09:15:49.502963,84.11161,84.59625,86.27739
2022-01-25 09:15:50.010874,83.33805,84.08,86.27739
2022-01-25 09:15:50.506222,83.90492,84.132,85.37447
2022-01-25 09:15:51.004967,84.67848,84.90575,85.37447
2022-01-25 09:15:51.501994,83.54475,83.97725,86.04176
2022-01-25 09:15:52.001090,84.1636,84.85375,86.04176
2022-01-25 09:15:52.507759,83.54475,83.97725,85.25666
2022-01-25 09:15:53.006689,84.36905,84.699,85.25666
2022-01-25 09:15:53.502342,83.69946,84.59625,85.49229
2022-01-25 09:15:54.010185,83.85417,84.02925,85.49229
2022-01-25 09:15:54.504947,84.11161,84.4415,85.68833
2022-01-25 09:15:55.006140,84.05963,84.4415,85.68833
2022-01-25 09:15:55.503386,84.31831,84.699,85.33489
2022-01-25 09:15:56.001072,83.59549,84.23475,85.33489
2022-01-25 09:15:56.506420,84.00888,84.4415,85.53187
2022-01-25 09:15:57.003651,83.33805,83.8745,85.53187
2022-01-25 09:15:57.510269,84.9879,85.1125,85.88531
2022-01-25 09:15:58.008987,83.18334,83.7705,85.88531
2022-01-25 09:15:58.504120,84.36905,84.699,85.25666
2022-01-25 09:15:59.002381,83.85417,84.184,85.25666
2022-01-25 09:15:59.508663,84.11161,84.803,86.23875
2022-01-25 09:16:00.006083,84.31831,84.85375,86.23875
2022-01-25 09:16:00.505359,83.13135,83.71975,85.53187
2022-01-25 09:16:01.003952,84.31831,84.803,85.53187
2022-01-25 09:16:01.508617,83.69946,84.4415,85.57051
2022-01-25 09:16:02.006758,84.1636,84.4935,85.57051
2022-01-25 09:16:02.511269,84.1636,84.4935,86.12093
2022-01-25 09:16:03.002382,83.59549,84.132,86.12093
2022-01-25 09:16:03.508003,84.42104,84.751,85.72791
2022-01-25 09:16:04.003795,83.64747,84.23475,85.72791
2022-01-25 09:16:04.502046,84.26632,84.4415,85.49229
2022-01-25 09:16:05.001150,83.85417,84.08,85.49229
2022-01-25 09:16:05.506616,84.21434,84.54425,85.29625
2022-01-25 09:16:06.005109,84.42104,84.699,85.29625
2022-01-25 09:16:06.510719,83.64747,84.02925,85.92395
2022-01-25 09:16:07.010009,83.90492,84.33875,85.92395
2022-01-25 09:16:07.507385,83.9569,84.4935,86.00312
2022-01-25 09:16:08.005677,83.85417,84.184,86.00312
2022-01-25 09:16:08.503243,83.7502,84.54425,85.80614
2022-01-25 09:16:09.001985,84.00888,84.33875,85.80614
2022-01-25 09:16:09.508574,83.9569,84.28675,84.78541
2022-01-25 09:16:10.009026,84.1636,84.4415,84.78541
2022-01-25 09:16:10.505432,84.05963,84.699,86.27739
2022-01-25 09:16:11.011114,83.64747,84.184,86.27739
2022-01-25 09:16:11.506239,84.00888,84.4415,85.64968
2022-01-25 09:16:12.006572,83.90492,84.64825,85.64968
2022-01-25 09:16:12.502312,83.80219,83.97725,85.68833
2022-01-25 09:16:13.003766,84.00888,84.751,85.68833
2022-01-25 09:16:13.501228,84.00888,84.132,86.15958
2022-01-25 09:16:14.010350,84.57575,84.699,86.15958
2022-01-25 09:16:14.508165,83.49276,84.02925,85.21708
2022-01-25 09:16:15.007634,84.21434,84.59625,85.21708
2022-01-25 09:16:15.503134,83.9569,84.4415,86.00312
2022-01-25 09:16:16.504637,83.39003,83.97725,85.68833
2022-01-25 09:16:17.003963,84.00888,84.33875,85.68833
2022-01-25 09:16:17.511195,84.31831,84.751,85.49229
2022-01-25 09:16:18.008986,83.85417,84.132,85.49229
2022-01-25 09:16:18.503592,84.11161,84.3895,86.08135
2022-01-25 09:16:19.002484,83.69946,84.184,86.08135
2022-01-25 09:16:19.510297,84.36905,84.59625,86.23875
2022-01-25 09:16:20.008456,83.7502,84.4935,86.23875
2022-01-25 09:16:20.503273,83.80219,84.02925,85.21708
2022-01-25 09:16:21.002344,84.00888,84.54425,85.21708
2022-01-25 09:16:21.506763,83.9569,84.28675,85.84572
2022-01-25 09:16:22.004400,84.26632,84.64825,85.84572
2022-01-25 09:16:22.505869,83.49276,84.132,86.74864
2022-01-25 09:16:23.004899,84.31831,84.85375,86.74864
2022-01-25 09:16:23.510360,83.08061,83.565,85.68833
2022-01-25 09:16:24.008021,84.62773,84.95775,85.68833
2022-01-25 09:16:24.503693,83.9569,84.59625,85.37447
