時間,回転１,回転２,回転３
2022-01-25 13:00:00.002545,84.26632,84.4415,86.19916
2022-01-25 13:00:00.505120,84.26632,84.132,85.4527
2022-01-25 13:00:01.004724,84.42104,84.90575,85.4527
2022-01-25 13:00:01.509548,83.7502,83.97725,85.64968
2022-01-25 13:00:02.007849,84.1636,84.699,85.64968
2022-01-25 13:00:02.502569,84.21434,84.4415,85.49229
2022-01-25 13:00:03.001382,84.05963,84.59625,85.49229
2022-01-25 13:00:03.507446,84.05963,84.33875,85.68833
2022-01-25 13:00:04.007391,84.26632,84.54425,85.68833
2022-01-25 13:00:04.510379,84.21434,84.4935,85.6101
2022-01-25 13:00:05.007769,84.31831,84.3895,85.6101
2022-01-25 13:00:05.503362,84.11161,84.699,85.6101
2022-01-25 13:00:06.005513,84.21434,84.54425,85.6101
2022-01-25 13:00:06.502239,83.69946,84.3895,86.5526
2022-01-25 13:00:07.009772,84.42104,84.64825,86.5526
2022-01-25 13:00:07.505027,84.26632,84.4935,85.25666
2022-01-25 13:00:08.003384,84.11161,84.59625,85.25666
2022-01-25 13:00:08.505799,84.36905,84.54425,86.00312
2022-01-25 13:00:09.004765,84.11161,84.699,86.00312
2022-01-25 13:00:09.501943,84.31831,84.699,85.29625
2022-01-25 13:00:10.009012,83.59549,84.184,85.29625
2022-01-25 13:00:10.505645,84.26632,84.54425,86.08135
2022-01-25 13:00:11.010011,84.21434,84.28675,86.08135
2022-01-25 13:00:11.506519,84.31831,84.54425,86.19916
2022-01-25 13:00:12.005040,84.73046,85.0605,86.19916
2022-01-25 13:00:12.505692,83.7502,84.184,86.04176
2022-01-25 13:00:13.003341,84.31831,84.59625,86.04176
2022-01-25 13:00:13.508234,83.85417,84.3895,86.19916
2022-01-25 13:00:14.006729,84.00888,84.23475,86.19916
2022-01-25 13:00:14.502790,84.52377,84.699,86.51301
2022-01-25 13:00:15.010818,84.26632,84.64825,86.51301
2022-01-25 13:00:15.504662,84.26632,84.23475,85.33489
2022-01-25 13:00:16.002764,84.52377,85.21525,85.33489
2022-01-25 13:00:16.507440,84.11161,84.33875,86.27739
2022-01-25 13:00:17.005819,84.05963,84.4935,86.27739
2022-01-25 13:00:17.502387,84.05963,84.3895,85.7675
2022-01-25 13:00:18.011099,83.49276,83.8745,85.7675
2022-01-25 13:00:18.507428,84.67848,84.85375,85.72791
2022-01-25 13:00:19.004724,83.80219,83.7705,85.72791
2022-01-25 13:00:19.510418,84.05963,84.4415,85.4527
2022-01-25 13:00:20.009103,83.90492,84.02925,85.4527
2022-01-25 13:00:20.504023,84.42104,84.699,237.47041
2022-01-25 13:00:21.001675,84.47302,84.4415,237.47041
2022-01-25 13:00:21.508191,83.59549,84.02925,214.06531
2022-01-25 13:00:22.006643,84.26632,84.3895,214.06531
2022-01-25 13:00:22.502060,83.9569,83.8745,158.84989
2022-01-25 13:00:23.001064,84.52377,85.0085,158.84989
2022-01-25 13:00:23.507880,83.54475,83.8225,100.49406
2022-01-25 13:00:24.006613,84.11161,84.59625,100.49406
2022-01-25 13:00:24.502797,84.11161,84.184,96.9201
2022-01-25 13:00:25.001082,84.00888,84.59625,96.9201
2022-01-25 13:00:25.505769,84.78245,85.0605,90.51864
2022-01-25 13:00:26.005031,83.49276,83.513,90.51864
2022-01-25 13:00:26.510127,84.47302,84.90575,86.94562
2022-01-25 13:00:27.009217,84.11161,84.3895,86.94562
2022-01-25 13:00:27.504910,84.52377,85.16325,86.04176
2022-01-25 13:00:28.002669,83.7502,83.71975,86.04176
2022-01-25 13:00:28.509022,84.1636,84.699,86.27739
2022-01-25 13:00:29.007283,84.05963,84.23475,86.27739
2022-01-25 13:00:29.505836,84.78245,84.90575,85.7675
2022-01-25 13:00:30.003889,84.11161,84.3895,85.7675
2022-01-25 13:00:30.510478,83.80219,84.08,86.08135
2022-01-25 13:00:31.010583,84.21434,84.751,86.08135
2022-01-25 13:00:31.505564,84.26632,84.3895,86.51301
2022-01-25 13:00:32.004146,84.47302,84.90575,86.51301
2022-01-25 13:00:32.510711,83.90492,84.28675,86.00312
2022-01-25 13:00:33.001207,84.00888,84.184,86.00312
2022-01-25 13:00:33.508673,84.52377,84.699,85.96354
2022-01-25 13:00:34.010708,84.21434,84.59625,85.96354
2022-01-25 13:00:34.510020,83.7502,84.3895,86.15958
2022-01-25 13:00:35.008437,84.21434,84.54425,86.15958
2022-01-25 13:00:35.503324,83.9569,84.28675,85.64968
2022-01-25 13:00:36.001726,84.62773,85.0605,85.64968
2022-01-25 13:00:36.508056,84.21434,84.59625,86.43479
2022-01-25 13:00:37.006379,84.00888,84.08,86.43479
2022-01-25 13:00:37.502907,84.67848,84.64825,85.21708
2022-01-25 13:00:38.001764,83.7502,84.28675,85.21708
2022-01-25 13:00:38.509036,84.47302,84.751,85.7675
2022-01-25 13:00:39.007960,83.85417,84.28675,85.7675
2022-01-25 13:00:39.504189,84.00888,84.3895,85.96354
2022-01-25 13:00:40.002748,83.80219,84.28675,85.96354
2022-01-25 13:00:40.509265,84.47302,84.803,85.21708
2022-01-25 13:00:41.007870,84.67848,84.4415,85.21708
2022-01-25 13:00:41.504668,84.00888,84.4935,86.12093
2022-01-25 13:00:42.003389,84.57575,84.751,86.12093
2022-01-25 13:00:43.005211,84.62773,84.85375,86.51301
2022-01-25 13:00:43.501489,83.59549,84.33875,85.09926
2022-01-25 13:00:44.009693,84.31831,84.54425,85.09926
2022-01-25 13:00:44.503200,84.00888,84.184,85.92395
2022-01-25 13:00:45.001177,84.52377,84.85375,85.92395
2022-01-25 13:00:45.507892,84.42104,84.699,85.64968
2022-01-25 13:00:46.005976,84.00888,84.4415,85.64968
2022-01-25 13:00:46.502647,84.05963,84.33875,86.08135
2022-01-25 13:00:47.011117,83.80219,84.3895,86.08135
2022-01-25 13:00:47.508322,84.57575,84.803,85.29625
2022-01-25 13:00:48.006466,83.9569,84.184,85.29625
2022-01-25 13:00:48.501507,84.05963,84.28675,85.6101
2022-01-25 13:00:49.002771,84.11161,84.23475,85.6101
2022-01-25 13:00:49.508944,84.36905,84.751,85.68833
2022-01-25 13:00:50.007593,84.42104,84.803,85.68833
2022-01-25 13:00:50.502879,83.54475,84.02925,86.35656
2022-01-25 13:00:51.001194,84.00888,84.23475,86.35656
2022-01-25 13:00:51.507081,84.26632,84.33875,84.78541
2022-01-25 13:00:52.006461,84.57575,85.0085,84.78541
2022-01-25 13:00:52.501031,84.05963,84.184,86.31697
2022-01-25 13:00:53.009545,83.9569,84.33875,86.31697
2022-01-25 13:00:53.505218,84.1636,84.4415,85.64968
2022-01-25 13:00:54.002541,84.52377,85.0085,85.64968
2022-01-25 13:00:54.508028,83.80219,84.184,86.23875
2022-01-25 13:00:55.006840,83.90492,84.184,86.23875
2022-01-25 13:00:55.501734,84.1636,84.54425,86.08135
2022-01-25 13:00:56.002618,84.47302,84.4935,86.08135
2022-01-25 13:00:56.509765,84.31831,84.751,85.80614
2022-01-25 13:00:57.008450,84.31831,84.751,85.80614
2022-01-25 13:00:57.504824,83.64747,83.92525,85.37447
2022-01-25 13:00:58.003055,84.47302,84.85375,85.37447
2022-01-25 13:00:58.509256,83.9569,84.4935,86.04176
2022-01-25 13:00:59.007213,84.05963,84.4415,86.04176
2022-01-25 13:00:59.502114,84.62773,84.85375,85.49229
2022-01-25 13:01:00.010147,83.80219,84.184,85.49229
2022-01-25 13:01:00.505021,84.67848,85.0085,85.64968
2022-01-25 13:01:01.003104,84.00888,84.4415,85.64968
2022-01-25 13:01:01.501566,84.00888,84.28675,86.19916
2022-01-25 13:01:02.000994,84.05963,84.4415,86.19916
2022-01-25 13:01:02.505520,84.36905,84.699,85.41406
2022-01-25 13:01:03.004351,84.47302,84.4935,85.41406
2022-01-25 13:01:03.509450,83.85417,84.28675,85.57051
2022-01-25 13:01:04.007926,84.00888,84.23475,85.57051
2022-01-25 13:01:04.506970,83.85417,84.33875,86.08135
2022-01-25 13:01:05.005787,84.78245,85.0605,86.08135
2022-01-25 13:01:05.503060,83.18334,83.66775,85.53187
2022-01-25 13:01:06.009619,84.67848,84.95775,85.53187
2022-01-25 13:01:06.505132,84.36905,84.4935,84.94281
2022-01-25 13:01:07.002948,84.31831,84.64825,84.94281
2022-01-25 13:01:07.508307,84.42104,84.699,85.84572
2022-01-25 13:01:08.008305,83.64747,84.08,85.84572
2022-01-25 13:01:08.504151,84.42104,84.85375,85.33489
2022-01-25 13:01:09.003566,83.7502,84.08,85.33489
2022-01-25 13:01:09.509445,84.21434,84.54425,85.88531
2022-01-25 13:01:10.008127,84.36905,84.751,85.88531
2022-01-25 13:01:10.503652,84.47302,84.85375,85.57051
2022-01-25 13:01:11.007908,83.69946,83.71975,85.57051
2022-01-25 13:01:11.503031,84.42104,84.751,85.4527
2022-01-25 13:01:12.001813,84.47302,84.699,85.4527
2022-01-25 13:01:12.507947,83.85417,84.132,85.92395
2022-01-25 13:01:13.004458,84.42104,84.803,85.92395
2022-01-25 13:01:13.511098,83.39003,83.7705,85.96354
2022-01-25 13:01:14.009151,85.1946,85.422,85.96354
2022-01-25 13:01:14.505727,84.11161,84.33875,85.21708
2022-01-25 13:01:15.005125,84.00888,84.3895,85.21708
2022-01-25 13:01:15.501415,83.80219,84.02925,85.7675
2022-01-25 13:01:16.010102,84.11161,84.23475,85.7675
2022-01-25 13:01:16.506228,84.42104,84.751,85.29625
2022-01-25 13:01:17.004021,83.7502,84.184,85.29625
2022-01-25 13:01:17.511187,84.05963,84.64825,85.33489
2022-01-25 13:01:18.009205,84.26632,84.23475,85.33489
2022-01-25 13:01:18.504116,84.31831,84.699,85.6101
2022-01-25 13:01:19.002586,84.31831,84.54425,85.6101
2022-01-25 13:01:19.508105,83.69946,83.97725,85.33489
2022-01-25 13:01:20.007585,84.26632,84.54425,85.33489
2022-01-25 13:01:20.503154,83.54475,84.132,86.51301
2022-01-25 13:01:21.003499,84.52377,85.1125,86.51301
2022-01-25 13:01:21.508723,84.47302,84.4935,85.80614
2022-01-25 13:01:22.010278,83.80219,84.132,85.80614
2022-01-25 13:01:22.504770,84.62773,84.90575,85.7675
2022-01-25 13:01:23.003242,84.05963,84.33875,85.7675
2022-01-25 13:01:23.509444,83.90492,84.08,85.88531
2022-01-25 13:01:24.008992,83.69946,84.33875,85.88531
2022-01-25 13:01:24.503213,84.1636,84.59625,85.29625
2022-01-25 13:01:25.010302,84.67848,84.90575,85.29625
2022-01-25 13:01:25.505845,84.1636,84.4935,85.02104
2022-01-25 13:01:26.003508,83.9569,84.23475,85.02104
2022-01-25 13:01:26.510558,84.11161,84.3895,85.7675
2022-01-25 13:01:27.007327,84.78245,85.0605,85.7675
2022-01-25 13:01:27.502843,83.54475,83.97725,85.92395
2022-01-25 13:01:28.003111,84.26632,84.64825,85.92395
2022-01-25 13:01:28.509034,83.69946,84.08,85.17843
2022-01-25 13:01:29.007231,84.57575,84.751,85.17843
2022-01-25 13:01:29.502262,84.47302,84.64825,86.15958
2022-01-25 13:01:30.010568,83.59549,84.02925,86.15958
2022-01-25 13:01:30.506404,84.73046,85.0085,85.17843
2022-01-25 13:01:31.005966,83.9569,84.184,85.17843
2022-01-25 13:01:31.501025,84.42104,84.90575,86.04176
2022-01-25 13:01:32.009863,83.80219,84.02925,86.04176
2022-01-25 13:01:32.505371,84.26632,84.54425,85.72791
2022-01-25 13:01:33.003887,84.42104,84.3895,85.72791
2022-01-25 13:01:33.509091,84.26632,84.751,84.825
2022-01-25 13:01:34.006888,84.00888,84.23475,84.825
2022-01-25 13:01:34.501477,84.1636,84.59625,86.12093
2022-01-25 13:01:35.010335,84.1636,84.54425,86.12093
2022-01-25 13:01:35.508157,83.54475,84.132,85.33489
2022-01-25 13:01:36.008985,84.73046,85.1125,85.33489
2022-01-25 13:01:36.503851,84.11161,83.97725,85.68833
2022-01-25 13:01:37.002841,84.1636,84.4415,85.68833
2022-01-25 13:01:37.508731,84.21434,84.59625,85.53187
2022-01-25 13:01:38.007926,83.7502,84.184,85.53187
2022-01-25 13:01:38.501635,84.9879,85.1125,85.41406
2022-01-25 13:01:39.010991,83.33805,83.97725,85.41406
2022-01-25 13:01:39.507368,84.62773,84.85375,86.04176
2022-01-25 13:01:40.006642,84.21434,84.184,86.04176
2022-01-25 13:01:40.503170,84.42104,84.751,86.12093
2022-01-25 13:01:41.001318,84.1636,84.4415,86.12093
2022-01-25 13:01:41.508756,83.90492,84.33875,85.17843
2022-01-25 13:01:42.007365,83.9569,84.3895,85.17843
2022-01-25 13:01:42.502365,83.7502,84.3895,85.57051
2022-01-25 13:01:43.009389,84.42104,84.54425,85.57051
2022-01-25 13:01:43.505010,84.1636,84.184,85.68833
2022-01-25 13:01:44.002737,84.00888,84.23475,85.68833
2022-01-25 13:01:44.509508,84.21434,84.59625,85.4527
2022-01-25 13:01:45.007910,84.00888,84.33875,85.4527
2022-01-25 13:01:45.503269,84.47302,84.85375,85.7675
2022-01-25 13:01:46.003470,83.80219,84.28675,85.7675
2022-01-25 13:01:46.508033,83.85417,84.4415,86.00312
2022-01-25 13:01:47.006355,84.57575,84.85375,86.00312
2022-01-25 13:01:47.501631,84.31831,84.4935,85.53187
2022-01-25 13:01:48.010532,84.00888,84.23475,85.53187
2022-01-25 13:01:48.502752,84.00888,84.4415,85.72791
2022-01-25 13:01:49.010565,84.21434,84.59625,85.72791
2022-01-25 13:01:49.508170,84.47302,84.90575,86.00312
2022-01-25 13:01:50.006458,84.05963,84.4935,86.00312
2022-01-25 13:01:50.501688,83.80219,84.184,85.92395
2022-01-25 13:01:51.010628,84.57575,84.85375,85.92395
2022-01-25 13:01:51.506303,84.42104,84.59625,86.08135
2022-01-25 13:01:52.004044,84.36905,84.751,86.08135
2022-01-25 13:01:52.510874,84.00888,84.28675,85.7675
2022-01-25 13:01:53.008981,83.80219,84.02925,85.7675
2022-01-25 13:01:53.505163,84.52377,85.0605,85.37447
2022-01-25 13:01:54.004965,84.00888,84.54425,85.37447
2022-01-25 13:01:54.509850,83.7502,84.02925,85.72791
2022-01-25 13:01:55.007709,84.62773,84.751,85.72791
2022-01-25 13:01:55.502537,84.11161,84.33875,86.00312
2022-01-25 13:01:56.001029,84.47302,84.803,86.00312
2022-01-25 13:01:56.508561,84.11161,84.28675,85.92395
2022-01-25 13:01:57.007131,83.9569,84.28675,85.92395
2022-01-25 13:01:57.503142,83.49276,83.92525,86.23875
2022-01-25 13:01:58.003239,84.93716,85.37,86.23875
2022-01-25 13:01:58.510390,83.80219,83.8745,85.96354
2022-01-25 13:01:59.008496,84.52377,84.699,85.96354
2022-01-25 13:01:59.505718,83.85417,84.02925,85.72791
2022-01-25 13:02:00.003984,84.31831,84.64825,85.72791
2022-01-25 13:02:00.508465,84.67848,85.26725,85.68833
2022-01-25 13:02:01.006786,83.54475,84.23475,85.68833
2022-01-25 13:02:01.502380,84.21434,84.54425,85.17843
2022-01-25 13:02:02.001477,84.31831,84.3895,85.17843
2022-01-25 13:02:02.507174,84.21434,84.4935,85.4527
2022-01-25 13:02:03.003815,84.36905,84.59625,85.4527
2022-01-25 13:02:03.510470,83.59549,83.92525,85.33489
2022-01-25 13:02:04.009255,84.52377,84.803,85.33489
2022-01-25 13:02:04.503757,83.85417,84.33875,85.49229
2022-01-25 13:02:05.003173,84.26632,84.54425,85.49229
2022-01-25 13:02:05.509752,83.90492,84.132,85.53187
2022-01-25 13:02:06.007641,84.31831,84.4415,85.53187
2022-01-25 13:02:06.504150,84.05963,84.184,85.92395
2022-01-25 13:02:07.002567,84.31831,84.59625,85.92395
2022-01-25 13:02:07.509113,84.1636,84.4415,85.33489
2022-01-25 13:02:08.006351,84.00888,84.4935,85.33489
2022-01-25 13:02:08.501993,84.00888,84.3895,85.88531
2022-01-25 13:02:09.011175,84.21434,84.54425,85.88531
2022-01-25 13:02:09.506350,84.1636,84.3895,86.08135
2022-01-25 13:02:10.005039,84.57575,84.699,86.08135
2022-01-25 13:02:10.501726,83.85417,84.28675,85.88531
2022-01-25 13:02:11.008035,83.90492,84.3895,85.88531
2022-01-25 13:02:11.505780,84.31831,84.85375,85.57051
2022-01-25 13:02:12.004875,84.05963,84.54425,85.57051
2022-01-25 13:02:12.509684,83.85417,84.33875,85.4527
2022-01-25 13:02:13.008125,83.7502,83.92525,85.4527
2022-01-25 13:02:13.503153,84.52377,84.699,85.29625
2022-01-25 13:02:14.001403,84.11161,84.4415,85.29625
2022-01-25 13:02:14.509176,84.42104,84.85375,86.00312
2022-01-25 13:02:15.007717,83.49276,84.02925,86.00312
2022-01-25 13:02:15.505281,84.52377,84.803,85.49229
2022-01-25 13:02:16.003854,83.9569,84.4935,85.49229
2022-01-25 13:02:16.509725,84.62773,84.64825,86.00312
2022-01-25 13:02:17.008173,84.36905,84.23475,86.00312
2022-01-25 13:02:17.504152,83.80219,84.08,85.33489
2022-01-25 13:02:18.002043,84.67848,85.0605,85.33489
2022-01-25 13:02:18.509210,84.26632,84.751,85.68833
2022-01-25 13:02:19.009269,84.05963,84.23475,85.68833
2022-01-25 13:02:19.505059,83.80219,84.28675,85.84572
2022-01-25 13:02:20.003613,84.05963,84.4415,85.84572
2022-01-25 13:02:20.509375,84.67848,84.751,85.92395
2022-01-25 13:02:21.007963,84.1636,84.3895,85.92395
2022-01-25 13:02:21.503587,84.1636,84.54425,85.4527
2022-01-25 13:02:22.003011,83.59549,84.08,85.4527
2022-01-25 13:02:22.509471,85.03989,85.422,85.25666
2022-01-25 13:02:23.009656,83.59549,83.97725,85.25666
2022-01-25 13:02:23.505156,84.31831,84.64825,85.64968
2022-01-25 13:02:24.002666,83.9569,84.23475,85.64968
2022-01-25 13:02:24.509845,84.36905,84.4935,85.96354
2022-01-25 13:02:25.007512,84.52377,84.90575,85.96354
2022-01-25 13:02:25.503429,83.54475,84.02925,86.71
2022-01-25 13:02:26.002407,84.57575,84.90575,86.71
2022-01-25 13:02:26.507919,83.80219,84.02925,85.64968
2022-01-25 13:02:27.007193,84.31831,84.59625,85.64968
2022-01-25 13:02:27.503766,84.00888,84.4415,85.4527
2022-01-25 13:02:28.003306,83.90492,83.97725,85.4527
2022-01-25 13:02:28.501699,84.42104,84.699,86.23875
2022-01-25 13:02:29.010144,84.26632,84.59625,86.23875
2022-01-25 13:02:29.506810,84.05963,84.4415,85.4527
2022-01-25 13:02:30.005874,83.90492,84.33875,85.4527
2022-01-25 13:02:30.501730,84.31831,84.699,85.53187
2022-01-25 13:02:31.010690,84.00888,84.59625,85.53187
2022-01-25 13:02:31.506409,84.11161,84.23475,85.21708
2022-01-25 13:02:32.004219,84.31831,84.28675,85.21708
2022-01-25 13:02:32.510527,84.05963,84.3895,86.00312
2022-01-25 13:02:33.001061,84.42104,84.85375,86.00312
2022-01-25 13:02:33.506954,83.85417,84.28675,85.21708
2022-01-25 13:02:34.004267,84.26632,84.4935,85.21708
2022-01-25 13:02:34.510390,83.80219,84.54425,85.6101
2022-01-25 13:02:35.008525,84.11161,84.3895,85.6101
2022-01-25 13:02:35.505461,84.36905,84.4935,85.57051
2022-01-25 13:02:36.003714,84.11161,84.23475,85.57051
2022-01-25 13:02:36.508998,84.47302,84.85375,85.49229
2022-01-25 13:02:37.009669,83.9569,84.23475,85.49229
2022-01-25 13:02:37.507720,84.11161,84.3895,85.25666
2022-01-25 13:02:38.006804,83.85417,84.4935,85.25666
2022-01-25 13:02:38.502055,84.31831,84.4935,85.6101
2022-01-25 13:02:39.001063,84.36905,84.54425,85.6101
2022-01-25 13:02:39.506897,83.7502,83.8225,85.33489
2022-01-25 13:02:40.004576,84.93716,85.318,85.33489
2022-01-25 13:02:40.510271,83.39003,83.92525,85.4527
2022-01-25 13:02:41.008437,84.93716,85.0085,85.4527
2022-01-25 13:02:41.505144,83.49276,83.8225,85.41406
2022-01-25 13:02:42.003978,83.80219,84.08,85.41406
2022-01-25 13:02:42.509637,84.36905,84.54425,163.60197
2022-01-25 13:02:43.008420,84.00888,84.132,163.60197
2022-01-25 13:02:43.505124,84.21434,84.54425,234.95676
2022-01-25 13:02:44.003588,83.69946,83.8225,234.95676
2022-01-25 13:02:44.508818,84.57575,84.85375,197.6102
2022-01-25 13:02:45.006807,83.64747,83.97725,197.6102
2022-01-25 13:02:45.502323,84.47302,84.64825,127.15833
2022-01-25 13:02:46.009518,83.59549,83.92525,127.15833
2022-01-25 13:02:46.506637,84.1636,84.08,90.36218
2022-01-25 13:02:47.005918,84.88517,85.0085,90.36218
2022-01-25 13:02:47.501784,83.49276,83.8225,94.99551
2022-01-25 13:02:48.010189,84.26632,84.54425,94.99551
2022-01-25 13:02:48.506796,83.59549,83.8745,88.4376
2022-01-25 13:02:49.007924,85.1946,85.422,88.4376
2022-01-25 13:02:49.503487,83.54475,84.02925,86.47437
2022-01-25 13:02:50.001986,84.05963,84.23475,86.47437
2022-01-25 13:02:50.508265,84.1636,84.33875,86.00312
2022-01-25 13:02:51.005810,84.1636,84.85375,86.00312
2022-01-25 13:02:51.503818,84.47302,85.0085,86.51301
2022-01-25 13:02:52.003118,83.64747,83.97725,86.51301
2022-01-25 13:02:52.508648,84.36905,84.64825,86.47437
2022-01-25 13:02:53.001565,83.64747,84.28675,86.47437
2022-01-25 13:02:53.506713,84.88517,85.0085,86.31697
2022-01-25 13:02:54.006315,83.9569,83.97725,86.31697
2022-01-25 13:02:54.501771,84.00888,84.4415,85.88531
2022-01-25 13:02:55.001914,84.26632,84.751,85.88531
2022-01-25 13:02:55.507362,83.90492,84.54425,86.04176
2022-01-25 13:02:56.007815,84.57575,84.803,86.04176
2022-01-25 13:02:56.504091,83.64747,84.184,86.15958
2022-01-25 13:02:57.003404,84.42104,84.54425,86.15958
2022-01-25 13:02:57.501138,84.42104,84.59625,85.17843
2022-01-25 13:02:58.010307,84.52377,85.0085,85.17843
2022-01-25 13:02:58.506357,84.00888,84.23475,86.67041
2022-01-25 13:02:59.004148,83.9569,84.28675,86.67041
2022-01-25 13:02:59.509144,84.31831,84.751,85.57051
2022-01-25 13:03:00.008178,83.90492,84.699,85.57051
2022-01-25 13:03:00.502749,84.57575,84.64825,85.92395
2022-01-25 13:03:01.001844,83.90492,84.33875,85.92395
2022-01-25 13:03:01.507301,84.36905,84.54425,85.53187
2022-01-25 13:03:02.006070,84.52377,84.90575,85.53187
2022-01-25 13:03:02.510717,83.9569,84.3895,85.96354
2022-01-25 13:03:03.009159,84.31831,84.4935,85.96354
2022-01-25 13:03:03.505102,83.64747,84.23475,85.68833
2022-01-25 13:03:04.003951,84.21434,84.4415,85.68833
2022-01-25 13:03:04.502088,84.36905,84.95775,85.84572
2022-01-25 13:03:05.008390,84.05963,84.184,85.84572
2022-01-25 13:03:05.504281,84.42104,84.59625,85.17843
2022-01-25 13:03:06.004408,84.36905,84.699,85.17843
2022-01-25 13:03:06.501449,83.85417,84.132,86.04176
2022-01-25 13:03:07.000959,84.21434,84.699,86.04176
2022-01-25 13:03:07.509754,84.31831,84.4935,85.7675
2022-01-25 13:03:08.007960,83.69946,84.23475,85.7675
2022-01-25 13:03:08.504487,84.11161,84.184,85.17843
2022-01-25 13:03:09.002911,84.62773,84.95775,85.17843
2022-01-25 13:03:09.509059,84.26632,84.54425,85.53187
2022-01-25 13:03:10.007496,84.36905,84.54425,85.53187
2022-01-25 13:03:10.504015,83.49276,84.02925,85.92395
2022-01-25 13:03:11.009784,84.62773,84.85375,85.92395
2022-01-25 13:03:11.506381,83.69946,84.3895,85.57051
2022-01-25 13:03:12.005318,84.47302,84.751,85.57051
2022-01-25 13:03:12.510824,83.9569,83.97725,86.23875
2022-01-25 13:03:13.001138,84.21434,84.64825,86.23875
2022-01-25 13:03:13.506365,84.52377,84.90575,85.4527
2022-01-25 13:03:14.005637,84.1636,84.4935,85.4527
2022-01-25 13:03:14.501832,84.05963,84.132,85.68833
2022-01-25 13:03:15.001617,83.54475,84.28675,85.68833
2022-01-25 13:03:15.509120,84.57575,84.85375,85.37447
2022-01-25 13:03:16.007812,84.26632,84.699,85.37447
2022-01-25 13:03:16.504422,84.21434,84.28675,85.49229
2022-01-25 13:03:17.002801,84.1636,84.4935,85.49229
2022-01-25 13:03:17.504569,84.26632,84.59625,85.80614
2022-01-25 13:03:18.003148,84.42104,84.54425,85.80614
2022-01-25 13:03:18.508641,84.00888,84.59625,86.00312
2022-01-25 13:03:19.007264,83.7502,83.97725,86.00312
2022-01-25 13:03:19.503548,83.80219,84.23475,85.33489
2022-01-25 13:03:20.003131,84.67848,85.1125,85.33489
2022-01-25 13:03:20.509119,83.90492,84.184,85.13885
2022-01-25 13:03:21.008049,84.21434,84.751,85.13885
2022-01-25 13:03:21.505413,84.05963,84.28675,85.88531
2022-01-25 13:03:22.004165,84.21434,84.54425,85.88531
2022-01-25 13:03:22.510948,84.67848,85.1125,85.49229
2022-01-25 13:03:23.009411,83.69946,84.23475,85.49229
2022-01-25 13:03:23.504416,84.11161,84.184,85.64968
2022-01-25 13:03:24.002786,84.31831,84.54425,85.64968
2022-01-25 13:03:24.508534,84.73046,84.95775,85.21708
2022-01-25 13:03:25.006675,83.80219,84.08,85.21708
2022-01-25 13:03:25.503166,84.11161,84.64825,85.96354
2022-01-25 13:03:26.011091,83.85417,83.97725,85.96354
2022-01-25 13:03:26.502429,84.26632,84.95775,85.49229
2022-01-25 13:03:27.011022,84.05963,84.132,85.49229
2022-01-25 13:03:27.506206,84.62773,84.59625,85.84572
2022-01-25 13:03:28.004190,83.9569,84.23475,85.84572
2022-01-25 13:03:28.510128,84.1636,84.54425,85.06062
2022-01-25 13:03:29.009182,84.21434,84.4935,85.06062
2022-01-25 13:03:29.504155,84.26632,84.33875,86.15958
2022-01-25 13:03:30.003711,83.9569,84.699,86.15958
2022-01-25 13:03:30.511114,84.26632,84.4415,85.49229
2022-01-25 13:03:31.010615,84.42104,84.4935,85.49229
2022-01-25 13:03:31.511053,84.1636,84.3895,85.84572
2022-01-25 13:03:32.009999,84.21434,84.4935,85.84572
2022-01-25 13:03:32.505340,84.00888,84.33875,86.5526
2022-01-25 13:03:33.004135,84.05963,84.4935,86.5526
2022-01-25 13:03:33.501794,84.1636,84.85375,84.70718
2022-01-25 13:03:34.010706,84.42104,84.699,84.70718
2022-01-25 13:03:34.503992,84.31831,84.4935,85.68833
2022-01-25 13:03:35.003976,83.9569,84.28675,85.68833
2022-01-25 13:03:35.501623,84.62773,84.90575,85.6101
2022-01-25 13:03:36.010235,83.59549,84.132,85.6101
2022-01-25 13:03:36.504988,84.57575,84.85375,85.53187
2022-01-25 13:03:37.003586,83.64747,84.33875,85.53187
2022-01-25 13:03:37.509891,84.11161,84.54425,86.15958
2022-01-25 13:03:38.007845,84.47302,84.751,86.15958
2022-01-25 13:03:38.501995,84.47302,84.59625,85.7675
2022-01-25 13:03:39.004056,84.31831,84.54425,85.7675
2022-01-25 13:03:39.510415,83.80219,84.132,85.17843
2022-01-25 13:03:40.001889,84.31831,84.54425,85.17843
2022-01-25 13:03:40.508171,84.00888,84.59625,85.68833
2022-01-25 13:03:41.008322,84.31831,84.54425,85.68833
2022-01-25 13:03:41.504405,84.05963,84.54425,85.41406
2022-01-25 13:03:42.005070,84.21434,84.33875,85.41406
2022-01-25 13:03:42.502851,84.52377,84.59625,85.53187
2022-01-25 13:03:43.505728,83.9569,84.08,85.88531
2022-01-25 13:03:44.003926,83.9569,84.4415,85.88531
2022-01-25 13:03:44.509856,84.26632,84.59625,85.49229
2022-01-25 13:03:45.008583,83.90492,84.4415,85.49229
2022-01-25 13:03:45.505332,84.21434,84.28675,86.04176
2022-01-25 13:03:46.004514,84.1636,84.33875,86.04176
2022-01-25 13:03:46.510956,84.31831,84.59625,85.72791
2022-01-25 13:03:47.009717,84.47302,84.64825,85.72791
2022-01-25 13:03:47.505847,83.7502,84.132,85.41406
2022-01-25 13:03:48.003414,84.21434,84.4415,85.41406
2022-01-25 13:03:48.509880,83.85417,84.751,85.37447
2022-01-25 13:03:49.007347,84.31831,84.59625,85.37447
2022-01-25 13:03:49.503563,84.21434,84.28675,85.64968
2022-01-25 13:03:50.003243,84.1636,84.54425,85.64968
2022-01-25 13:03:50.509107,84.05963,84.132,85.72791
2022-01-25 13:03:51.007937,84.57575,85.16325,85.72791
2022-01-25 13:03:51.504425,83.9569,84.02925,86.12093
2022-01-25 13:03:52.002432,83.9569,84.59625,86.12093
2022-01-25 13:03:52.508091,84.26632,84.54425,85.13885
2022-01-25 13:03:53.005998,84.11161,84.4415,85.13885
2022-01-25 13:03:53.510882,84.26632,84.4935,85.92395
2022-01-25 13:03:54.009840,84.31831,84.3895,85.92395
2022-01-25 13:03:54.505144,83.80219,84.184,85.41406
2022-01-25 13:03:55.003384,84.57575,84.803,85.41406
2022-01-25 13:03:55.508384,83.9569,84.59625,85.80614
2022-01-25 13:03:56.006141,84.05963,84.28675,85.80614
2022-01-25 13:03:56.510792,84.21434,84.64825,85.25666
2022-01-25 13:03:57.007897,83.9569,84.184,85.25666
2022-01-25 13:03:57.503392,84.57575,84.699,85.53187
2022-01-25 13:03:58.002616,83.7502,84.132,85.53187
2022-01-25 13:03:58.509072,84.26632,84.33875,85.41406
2022-01-25 13:03:59.007932,83.9569,84.59625,85.41406
2022-01-25 13:03:59.504934,84.42104,84.751,85.7675
2022-01-25 13:04:00.006590,84.11161,84.33875,85.7675
2022-01-25 13:04:00.510779,84.21434,84.23475,85.72791
2022-01-25 13:04:01.009072,84.26632,84.54425,85.72791
2022-01-25 13:04:01.505100,84.00888,84.4935,85.37447
2022-01-25 13:04:02.002913,84.52377,84.85375,85.37447
2022-01-25 13:04:02.509019,83.7502,84.23475,85.72791
2022-01-25 13:04:03.007646,84.36905,84.803,85.72791
2022-01-25 13:04:03.504416,83.9569,84.4415,85.92395
2022-01-25 13:04:04.003922,84.1636,84.33875,85.92395
2022-01-25 13:04:04.509004,84.36905,84.4415,85.25666
2022-01-25 13:04:05.008228,84.11161,84.4415,85.25666
2022-01-25 13:04:05.504071,84.1636,84.3895,85.7675
2022-01-25 13:04:06.001443,84.00888,84.751,85.7675
2022-01-25 13:04:06.507045,84.67848,85.1125,85.64968
2022-01-25 13:04:07.004404,83.33805,83.97725,85.64968
2022-01-25 13:04:07.502125,84.93716,85.0605,85.37447
2022-01-25 13:04:08.002651,84.00888,84.02925,85.37447
2022-01-25 13:04:08.510211,84.31831,84.699,86.23875
2022-01-25 13:04:09.008983,84.31831,84.699,86.23875
2022-01-25 13:04:09.504627,84.11161,84.64825,85.72791
2022-01-25 13:04:10.003307,84.05963,84.23475,85.72791
2022-01-25 13:04:10.507289,84.00888,84.54425,85.09926
2022-01-25 13:04:11.001279,84.42104,84.54425,85.09926
2022-01-25 13:04:11.509103,84.42104,84.4415,86.31697
2022-01-25 13:04:12.009763,84.36905,84.64825,86.31697
2022-01-25 13:04:12.507603,83.7502,83.92525,85.37447
2022-01-25 13:04:13.006177,84.42104,85.0605,85.37447
2022-01-25 13:04:13.501413,84.21434,84.54425,84.98145
2022-01-25 13:04:14.009948,83.90492,84.3895,84.98145
2022-01-25 13:04:14.507301,84.31831,84.3895,85.68833
2022-01-25 13:04:15.004409,83.90492,84.132,85.68833
2022-01-25 13:04:15.501990,84.83319,85.1125,85.33489
2022-01-25 13:04:16.010550,83.9569,84.02925,85.33489
2022-01-25 13:04:16.506058,83.69946,84.28675,86.19916
2022-01-25 13:04:17.005001,84.47302,84.95775,86.19916
2022-01-25 13:04:17.510637,84.1636,84.85375,85.29625
2022-01-25 13:04:18.009061,84.42104,84.699,85.29625
2022-01-25 13:04:18.504649,83.9569,84.28675,85.7675
2022-01-25 13:04:19.002698,84.1636,84.28675,85.7675
2022-01-25 13:04:19.507857,84.62773,84.803,85.72791
2022-01-25 13:04:20.006092,84.05963,84.59625,85.72791
2022-01-25 13:04:20.501569,84.11161,84.3895,85.57051
2022-01-25 13:04:21.009796,83.9569,84.54425,85.57051
2022-01-25 13:04:21.506806,84.05963,84.33875,85.4527
2022-01-25 13:04:22.004629,84.31831,84.85375,85.4527
2022-01-25 13:04:22.509409,83.9569,84.28675,86.3952
2022-01-25 13:04:23.008363,84.52377,84.3895,86.3952
2022-01-25 13:04:23.505790,84.11161,84.3895,85.33489
2022-01-25 13:04:24.004506,84.42104,84.64825,85.33489
2022-01-25 13:04:24.510648,84.05963,84.59625,85.53187
2022-01-25 13:04:25.008381,84.11161,84.184,85.53187
2022-01-25 13:04:25.503918,83.85417,84.23475,85.33489
2022-01-25 13:04:26.002866,84.31831,84.59625,85.33489
2022-01-25 13:04:26.508937,84.42104,84.4415,85.80614
2022-01-25 13:04:27.010037,84.1636,84.4935,85.80614
2022-01-25 13:04:27.505517,84.26632,84.4935,86.08135
2022-01-25 13:04:28.003735,84.00888,84.59625,86.08135
2022-01-25 13:04:28.502006,84.1636,84.59625,85.64968
2022-01-25 13:04:29.001149,83.80219,84.4415,85.64968
2022-01-25 13:04:29.506804,84.42104,84.751,85.37447
2022-01-25 13:04:30.006598,83.85417,83.97725,85.37447
2022-01-25 13:04:30.505155,84.47302,84.751,85.49229
2022-01-25 13:04:31.003133,84.21434,84.33875,85.49229
2022-01-25 13:04:31.509116,83.85417,84.54425,85.68833
2022-01-25 13:04:32.007307,84.62773,84.751,85.68833
2022-01-25 13:04:32.502470,83.59549,84.02925,85.17843
2022-01-25 13:04:33.010388,84.47302,84.85375,85.17843
2022-01-25 13:04:33.506353,84.00888,84.132,86.19916
2022-01-25 13:04:34.003515,84.57575,84.803,86.19916
2022-01-25 13:04:34.509381,83.64747,83.565,85.64968
2022-01-25 13:04:35.010296,84.1636,84.751,85.64968
2022-01-25 13:04:35.505766,84.42104,84.4415,86.5526
2022-01-25 13:04:36.004753,84.26632,84.699,86.5526
2022-01-25 13:04:36.501710,84.05963,84.3895,85.41406
2022-01-25 13:04:37.009980,83.7502,84.184,85.41406
2022-01-25 13:04:37.506207,84.88517,85.1125,85.7675
2022-01-25 13:04:38.003192,83.9569,84.132,85.7675
2022-01-25 13:04:38.509480,84.52377,84.90575,85.53187
2022-01-25 13:04:39.009073,83.69946,84.02925,85.53187
2022-01-25 13:04:39.503927,84.00888,84.3895,85.88531
2022-01-25 13:04:40.002857,84.67848,84.85375,85.88531
2022-01-25 13:04:40.508252,83.33805,83.8745,85.21708
2022-01-25 13:04:41.007286,84.42104,84.4935,85.21708
2022-01-25 13:04:41.502341,84.1636,84.28675,85.64968
2022-01-25 13:04:42.009506,84.00888,84.54425,85.64968
2022-01-25 13:04:42.505059,84.52377,84.803,86.04176
2022-01-25 13:04:43.002842,83.9569,84.4935,86.04176
2022-01-25 13:04:43.510360,83.7502,84.02925,85.92395
2022-01-25 13:04:44.008018,84.21434,84.751,85.92395
2022-01-25 13:04:44.502562,84.21434,84.54425,85.57051
2022-01-25 13:04:45.011115,84.36905,84.3895,85.57051
2022-01-25 13:04:45.506987,83.7502,84.28675,85.72791
2022-01-25 13:04:46.006648,83.85417,84.08,85.72791
2022-01-25 13:04:46.502817,84.52377,85.0085,86.12093
2022-01-25 13:04:47.010899,84.26632,84.699,86.12093
2022-01-25 13:04:47.507353,83.80219,84.4415,85.4527
2022-01-25 13:04:48.007348,84.1636,84.3895,85.4527
2022-01-25 13:04:48.503040,84.52377,84.59625,84.94281
2022-01-25 13:04:49.001554,84.42104,84.751,84.94281
2022-01-25 13:04:49.507944,84.21434,84.4935,85.57051
2022-01-25 13:04:50.007673,83.80219,84.28675,85.57051
2022-01-25 13:04:50.504354,84.31831,84.4935,86.00312
2022-01-25 13:04:51.002717,83.85417,84.4935,86.00312
2022-01-25 13:04:51.508549,84.05963,84.3895,85.02104
2022-01-25 13:04:52.006679,84.36905,84.4935,85.02104
2022-01-25 13:04:52.503871,84.57575,85.0085,85.13885
2022-01-25 13:04:53.010874,84.05963,84.33875,85.13885
2022-01-25 13:04:53.506712,84.1636,84.54425,85.92395
2022-01-25 13:04:54.004994,84.31831,84.4415,85.92395
2022-01-25 13:04:54.509852,83.7502,84.23475,85.72791
2022-01-25 13:04:55.006748,84.42104,84.699,85.72791
2022-01-25 13:04:55.502931,83.64747,83.92525,85.64968
2022-01-25 13:04:56.004419,84.57575,84.803,85.64968
2022-01-25 13:04:56.510653,84.26632,84.33875,85.68833
2022-01-25 13:04:57.008388,84.11161,84.699,85.68833
2022-01-25 13:04:57.508345,84.1636,84.3895,85.06062
2022-01-25 13:04:58.006336,83.9569,84.3895,85.06062
2022-01-25 13:04:58.502293,84.36905,84.803,85.49229
2022-01-25 13:04:59.010586,83.69946,84.02925,85.49229
2022-01-25 13:04:59.507554,84.62773,84.85375,85.25666
2022-01-25 13:05:00.006150,83.9569,84.02925,85.25666
2022-01-25 13:05:00.510440,84.67848,85.0085,85.09926
2022-01-25 13:05:01.008767,83.80219,84.02925,85.09926
2022-01-25 13:05:01.505156,84.1636,84.4935,85.6101
2022-01-25 13:05:02.003392,84.11161,84.59625,85.6101
2022-01-25 13:05:02.509385,83.33805,83.8225,85.92395
2022-01-25 13:05:03.007308,84.67848,85.0605,85.92395
2022-01-25 13:05:03.502757,84.26632,84.4415,85.33489
2022-01-25 13:05:04.001639,84.11161,84.4935,85.33489
2022-01-25 13:05:04.507536,83.64747,83.61575,86.23875
2022-01-25 13:05:05.006055,84.31831,84.64825,86.23875
2022-01-25 13:05:05.503466,84.05963,84.02925,233.22916
2022-01-25 13:05:06.505886,84.21434,84.33875,217.87395
2022-01-25 13:05:07.004754,84.26632,84.4415,217.87395
2022-01-25 13:05:07.505833,84.31831,84.751,165.44739
2022-01-25 13:05:08.003774,83.49276,83.8225,165.44739
2022-01-25 13:05:08.510573,84.62773,84.95775,109.05479
2022-01-25 13:05:09.008534,83.9569,84.23475,109.05479
2022-01-25 13:05:09.505093,84.21434,84.54425,92.56104
2022-01-25 13:05:10.003921,84.00888,84.08,92.56104
2022-01-25 13:05:10.501872,84.05963,84.28675,93.85697
2022-01-25 13:05:11.006132,84.31831,84.803,93.85697
2022-01-25 13:05:11.502948,84.31831,84.4415,88.595
2022-01-25 13:05:12.003165,84.00888,84.4935,88.595
2022-01-25 13:05:12.510123,84.31831,84.59625,86.3952
2022-01-25 13:05:13.009159,84.36905,84.803,86.3952
2022-01-25 13:05:13.506870,84.1636,84.4415,86.74864
2022-01-25 13:05:14.005735,84.21434,84.54425,86.74864
2022-01-25 13:05:14.502995,83.9569,84.23475,85.88531
2022-01-25 13:05:15.001156,84.57575,85.0085,85.88531
2022-01-25 13:05:15.506402,83.80219,84.23475,86.82781
2022-01-25 13:05:16.006438,84.21434,84.3895,86.82781
2022-01-25 13:05:16.503340,84.1636,84.4935,86.74864
2022-01-25 13:05:17.005071,84.26632,84.64825,86.74864
2022-01-25 13:05:17.502231,84.11161,84.59625,85.96354
2022-01-25 13:05:18.004698,84.36905,84.699,85.96354
2022-01-25 13:05:18.509777,84.42104,84.54425,85.64968
2022-01-25 13:05:19.007403,83.90492,84.33875,85.64968
2022-01-25 13:05:19.504064,84.67848,85.16325,85.25666
2022-01-25 13:05:20.003272,83.64747,84.132,85.25666
2022-01-25 13:05:20.509314,84.52377,84.699,85.92395
2022-01-25 13:05:21.007559,83.64747,84.08,85.92395
2022-01-25 13:05:21.503805,84.1636,84.64825,85.41406
2022-01-25 13:05:22.003290,84.42104,84.33875,85.41406
2022-01-25 13:05:22.510169,83.85417,84.184,85.57051
2022-01-25 13:05:23.008004,84.36905,84.59625,85.57051
2022-01-25 13:05:23.506888,84.36905,84.751,85.72791
2022-01-25 13:05:24.004528,84.31831,84.59625,85.72791
2022-01-25 13:05:24.509829,83.64747,83.92525,85.57051
2022-01-25 13:05:25.008569,84.57575,84.85375,85.57051
2022-01-25 13:05:25.504097,83.90492,84.08,85.64968
2022-01-25 13:05:26.003332,84.57575,84.90575,85.64968
2022-01-25 13:05:26.505682,84.21434,84.3895,86.3952
2022-01-25 13:05:27.004246,83.59549,83.97725,86.3952
2022-01-25 13:05:27.502009,84.93716,85.21525,85.29625
2022-01-25 13:05:28.001921,83.64747,84.3895,85.29625
2022-01-25 13:05:28.509860,84.36905,84.751,85.84572
2022-01-25 13:05:29.007612,84.31831,84.59625,85.84572
2022-01-25 13:05:29.506861,84.31831,84.59625,85.80614
2022-01-25 13:05:30.006778,84.11161,84.184,85.80614
2022-01-25 13:05:30.502346,84.11161,84.699,86.27739
2022-01-25 13:05:31.009977,84.26632,84.4415,86.27739
2022-01-25 13:05:31.508137,83.85417,84.28675,85.06062
2022-01-25 13:05:32.006752,84.05963,84.4935,85.06062
2022-01-25 13:05:32.504979,83.90492,84.33875,85.53187
2022-01-25 13:05:33.003208,84.83319,85.1125,85.53187
2022-01-25 13:05:33.507905,84.36905,84.4935,85.72791
2022-01-25 13:05:34.008415,83.85417,84.132,85.72791
2022-01-25 13:05:34.503420,84.52377,84.699,85.25666
2022-01-25 13:05:35.001017,83.90492,84.184,85.25666
2022-01-25 13:05:35.506612,84.52377,84.85375,85.64968
2022-01-25 13:05:36.004401,83.64747,84.184,85.64968
2022-01-25 13:05:36.510433,84.05963,84.23475,85.25666
2022-01-25 13:05:37.001068,84.78245,84.751,85.25666
2022-01-25 13:05:37.507828,83.9569,84.4415,85.88531
2022-01-25 13:05:38.005688,84.57575,84.90575,85.88531
2022-01-25 13:05:38.501173,83.90492,84.08,85.57051
2022-01-25 13:05:39.009859,84.1636,84.54425,85.57051
2022-01-25 13:05:39.506149,83.90492,84.64825,85.4527
2022-01-25 13:05:40.006660,84.52377,84.95775,85.4527
2022-01-25 13:05:40.503797,84.26632,84.184,85.6101
2022-01-25 13:05:41.002385,84.05963,84.33875,85.6101
2022-01-25 13:05:41.501701,84.05963,84.4415,86.04176
2022-01-25 13:05:42.004028,83.90492,84.23475,86.04176
2022-01-25 13:05:42.509943,84.73046,84.95775,85.41406
2022-01-25 13:05:43.008395,83.44078,83.8745,85.41406
2022-01-25 13:05:43.503121,84.31831,84.751,85.6101
2022-01-25 13:05:44.001483,84.47302,84.699,85.6101
2022-01-25 13:05:44.508984,84.26632,84.4935,86.19916
2022-01-25 13:05:45.006567,84.05963,84.184,86.19916
2022-01-25 13:05:45.502658,83.85417,84.132,86.15958
2022-01-25 13:05:46.001119,84.52377,85.1125,86.15958
2022-01-25 13:05:46.507400,83.69946,84.02925,86.23875
2022-01-25 13:05:47.004721,84.47302,84.85375,86.23875
2022-01-25 13:05:47.502457,83.69946,83.7705,85.53187
2022-01-25 13:05:48.010677,84.83319,85.21525,85.53187
2022-01-25 13:05:48.506192,83.9569,84.28675,86.00312
2022-01-25 13:05:49.004152,83.9569,84.33875,86.00312
2022-01-25 13:05:49.502044,84.47302,84.64825,85.64968
2022-01-25 13:05:50.001498,83.69946,84.184,85.64968
2022-01-25 13:05:50.509486,84.78245,85.21525,85.80614
2022-01-25 13:05:51.008267,83.80219,84.132,85.80614
2022-01-25 13:05:51.504071,84.57575,84.699,86.5526
2022-01-25 13:05:52.010767,83.9569,84.08,86.5526
2022-01-25 13:05:52.507823,84.21434,84.699,85.53187
2022-01-25 13:05:53.006231,83.90492,84.184,85.53187
2022-01-25 13:05:53.501818,84.05963,84.4415,85.09926
2022-01-25 13:05:54.010349,84.52377,85.0605,85.09926
2022-01-25 13:05:54.506334,83.7502,84.184,86.23875
2022-01-25 13:05:55.004059,84.73046,84.803,86.23875
2022-01-25 13:05:55.509784,84.1636,84.184,85.80614
2022-01-25 13:05:56.007874,84.31831,84.59625,85.80614
2022-01-25 13:05:56.503397,84.05963,84.33875,86.08135
2022-01-25 13:05:57.001802,83.69946,84.23475,86.08135
2022-01-25 13:05:57.506369,84.47302,84.95775,86.04176
2022-01-25 13:05:58.006916,83.49276,84.28675,86.04176
2022-01-25 13:05:58.503803,84.67848,84.803,86.98426
2022-01-25 13:05:59.004305,84.11161,84.23475,86.98426
2022-01-25 13:05:59.510957,84.31831,84.54425,85.25666
2022-01-25 13:06:00.009830,84.1636,84.59625,85.25666
2022-01-25 13:06:00.504073,84.1636,84.4935,85.37447
2022-01-25 13:06:01.003910,83.54475,84.02925,85.37447
2022-01-25 13:06:01.509881,84.05963,84.59625,85.4527
2022-01-25 13:06:02.009127,84.1636,84.4415,85.4527
2022-01-25 13:06:02.505141,84.57575,84.54425,85.80614
2022-01-25 13:06:03.003988,84.21434,84.54425,85.80614
2022-01-25 13:06:03.509966,84.00888,84.23475,85.84572
2022-01-25 13:06:04.007884,84.26632,84.64825,85.84572
2022-01-25 13:06:04.503782,84.52377,84.90575,85.06062
2022-01-25 13:06:05.002016,83.69946,84.08,85.06062
2022-01-25 13:06:05.510776,84.11161,84.4935,85.7675
2022-01-25 13:06:06.010643,83.80219,84.02925,85.7675
2022-01-25 13:06:06.506977,84.62773,84.699,86.63083
2022-01-25 13:06:07.006154,84.57575,84.803,86.63083
2022-01-25 13:06:07.503278,83.7502,84.184,85.57051
2022-01-25 13:06:08.002672,84.1636,84.64825,85.57051
2022-01-25 13:06:08.509746,83.90492,84.59625,85.17843
2022-01-25 13:06:09.008340,84.21434,84.64825,85.17843
2022-01-25 13:06:09.503528,84.1636,84.3895,85.96354
2022-01-25 13:06:10.001649,84.05963,84.23475,85.96354
2022-01-25 13:06:10.507440,84.62773,84.803,85.37447
2022-01-25 13:06:11.005014,84.05963,84.4935,85.37447
2022-01-25 13:06:11.502353,84.26632,84.4935,85.4527
2022-01-25 13:06:12.010086,84.00888,84.4935,85.4527
2022-01-25 13:06:12.505315,84.47302,85.0085,85.68833
2022-01-25 13:06:13.004082,83.49276,84.02925,85.68833
2022-01-25 13:06:13.509031,84.62773,84.803,86.31697
2022-01-25 13:06:14.007232,84.31831,84.4415,86.31697
2022-01-25 13:06:14.502900,84.36905,84.64825,85.80614
2022-01-25 13:06:15.010787,84.1636,84.3895,85.80614
2022-01-25 13:06:15.506220,83.9569,84.02925,85.29625
2022-01-25 13:06:16.006179,84.31831,84.64825,85.29625
2022-01-25 13:06:16.501395,83.7502,84.23475,85.49229
2022-01-25 13:06:17.008657,84.47302,84.699,85.49229
2022-01-25 13:06:17.505517,83.9569,83.97725,86.59218
2022-01-25 13:06:18.004019,84.21434,84.59625,86.59218
2022-01-25 13:06:18.510564,84.21434,84.751,85.68833
2022-01-25 13:06:19.008272,84.00888,84.23475,85.68833
2022-01-25 13:06:19.504318,84.36905,84.64825,85.29625
2022-01-25 13:06:20.002748,83.69946,84.184,85.29625
2022-01-25 13:06:20.509003,84.31831,84.4935,85.64968
2022-01-25 13:06:21.007284,84.11161,84.4415,85.64968
2022-01-25 13:06:21.503174,83.9569,84.33875,85.25666
2022-01-25 13:06:22.002849,84.62773,84.85375,85.25666
2022-01-25 13:06:22.508372,83.64747,84.28675,85.72791
2022-01-25 13:06:23.006722,84.52377,84.85375,85.72791
2022-01-25 13:06:23.501983,84.00888,84.59625,85.96354
2022-01-25 13:06:24.010822,83.80219,84.28675,85.96354
2022-01-25 13:06:24.508442,84.36905,84.54425,84.98145
2022-01-25 13:06:25.009754,84.36905,84.3895,84.98145
2022-01-25 13:06:25.505374,83.90492,84.08,85.80614
2022-01-25 13:06:26.006545,84.1636,84.59625,85.80614
2022-01-25 13:06:26.511146,83.85417,84.23475,85.29625
2022-01-25 13:06:27.008642,84.26632,84.59625,85.29625
2022-01-25 13:06:27.502870,84.05963,84.4415,85.29625
2022-01-25 13:06:28.002290,84.42104,84.90575,85.29625
2022-01-25 13:06:28.508734,84.05963,84.132,85.57051
2022-01-25 13:06:29.008073,84.62773,84.85375,85.57051
2022-01-25 13:06:29.506372,83.80219,84.08,86.23875
2022-01-25 13:06:30.003650,84.47302,84.90575,86.23875
2022-01-25 13:06:30.508834,83.54475,84.08,85.33489
2022-01-25 13:06:31.007097,84.26632,84.54425,85.33489
2022-01-25 13:06:31.503037,84.00888,84.132,85.92395
2022-01-25 13:06:32.010913,84.1636,84.4415,85.92395
2022-01-25 13:06:32.506775,84.42104,84.699,85.25666
2022-01-25 13:06:33.005190,84.00888,84.4935,85.25666
2022-01-25 13:06:33.501862,84.36905,84.90575,85.6101
2022-01-25 13:06:34.001024,83.90492,84.4415,85.6101
2022-01-25 13:06:34.507792,84.42104,84.64825,85.4527
2022-01-25 13:06:35.006276,83.85417,84.54425,85.4527
2022-01-25 13:06:35.501446,84.26632,84.184,85.64968
2022-01-25 13:06:36.009348,84.42104,84.4415,85.64968
2022-01-25 13:06:36.506587,84.11161,84.3895,86.27739
2022-01-25 13:06:37.005447,84.47302,85.0085,86.27739
2022-01-25 13:06:37.510975,83.85417,84.184,86.12093
2022-01-25 13:06:38.009401,84.31831,84.64825,86.12093
2022-01-25 13:06:38.505969,83.85417,84.132,85.72791
2022-01-25 13:06:39.005033,84.36905,84.699,85.72791
2022-01-25 13:06:39.510405,84.05963,84.132,85.53187
2022-01-25 13:06:40.009058,84.36905,84.28675,85.53187
2022-01-25 13:06:40.505535,84.31831,84.59625,85.4527
2022-01-25 13:06:41.003906,84.05963,84.3895,85.4527
2022-01-25 13:06:41.509835,84.52377,84.95775,85.57051
2022-01-25 13:06:42.008842,83.49276,83.97725,85.57051
2022-01-25 13:06:42.505946,84.47302,84.64825,85.41406
2022-01-25 13:06:43.005050,84.00888,84.33875,85.41406
2022-01-25 13:06:43.510400,84.47302,84.64825,85.7675
2022-01-25 13:06:44.006368,84.26632,84.699,85.7675
2022-01-25 13:06:44.502629,83.90492,84.28675,86.27739
2022-01-25 13:06:45.002212,84.21434,84.4415,86.27739
2022-01-25 13:06:45.507581,84.21434,84.751,85.64968
2022-01-25 13:06:46.006451,83.9569,84.23475,85.64968
2022-01-25 13:06:46.501705,84.11161,84.54425,85.57051
2022-01-25 13:06:47.009283,83.85417,84.08,85.57051
2022-01-25 13:06:47.506284,84.62773,84.803,85.68833
2022-01-25 13:06:48.004128,84.21434,84.803,85.68833
2022-01-25 13:06:48.509657,84.05963,84.4935,85.84572
2022-01-25 13:06:49.007937,84.11161,84.4415,85.84572
2022-01-25 13:06:49.502926,84.11161,84.4415,84.98145
2022-01-25 13:06:50.001246,84.11161,84.699,84.98145
2022-01-25 13:06:50.505411,84.21434,84.08,86.00312
2022-01-25 13:06:51.004636,84.36905,84.4415,86.00312
2022-01-25 13:06:51.501346,84.1636,84.3895,85.96354
2022-01-25 13:06:52.010769,84.26632,84.54425,85.96354
2022-01-25 13:06:52.506773,84.21434,84.4935,85.17843
2022-01-25 13:06:53.005626,84.26632,84.59625,85.17843
2022-01-25 13:06:53.502047,83.7502,84.3895,86.15958
2022-01-25 13:06:54.009416,84.21434,84.28675,86.15958
2022-01-25 13:06:54.505991,84.42104,84.54425,85.25666
2022-01-25 13:06:55.003894,83.64747,84.02925,85.25666
2022-01-25 13:06:55.509348,84.83319,85.21525,85.33489
2022-01-25 13:06:56.007139,83.85417,84.02925,85.33489
2022-01-25 13:06:56.503681,84.11161,84.3895,85.57051
2022-01-25 13:06:57.001552,83.85417,84.54425,85.57051
2022-01-25 13:06:57.507473,84.36905,84.59625,85.80614
2022-01-25 13:06:58.006706,84.36905,84.59625,85.80614
2022-01-25 13:06:58.504198,84.05963,84.23475,85.41406
2022-01-25 13:06:59.007500,84.47302,84.90575,85.41406
2022-01-25 13:06:59.506273,83.80219,83.97725,86.04176
2022-01-25 13:07:00.005732,84.62773,84.85375,86.04176
2022-01-25 13:07:00.503828,83.44078,83.8745,85.68833
2022-01-25 13:07:01.002485,84.62773,84.85375,85.68833
2022-01-25 13:07:01.508831,84.05963,84.23475,85.21708
2022-01-25 13:07:02.008955,84.11161,84.3895,85.21708
2022-01-25 13:07:02.500981,84.47302,84.803,86.51301
2022-01-25 13:07:03.002211,83.85417,84.33875,86.51301
2022-01-25 13:07:03.507423,84.31831,84.699,85.17843
2022-01-25 13:07:04.007000,83.9569,84.33875,85.17843
2022-01-25 13:07:04.501503,84.47302,84.699,85.68833
2022-01-25 13:07:05.001098,83.9569,84.28675,85.68833
2022-01-25 13:07:05.507210,84.1636,84.23475,85.68833
2022-01-25 13:07:06.005073,84.47302,84.90575,85.68833
2022-01-25 13:07:06.501538,83.90492,84.28675,85.25666
2022-01-25 13:07:07.010327,84.26632,84.3895,85.25666
2022-01-25 13:07:07.505551,83.85417,84.3895,85.4527
2022-01-25 13:07:08.005250,84.47302,84.803,85.4527
2022-01-25 13:07:08.502365,84.11161,84.751,85.68833
2022-01-25 13:07:09.010419,84.26632,84.28675,85.68833
2022-01-25 13:07:09.508603,84.31831,84.3895,85.25666
2022-01-25 13:07:10.006759,84.36905,84.85375,85.25666
2022-01-25 13:07:10.502365,83.85417,84.184,85.57051
2022-01-25 13:07:11.006949,84.00888,84.4415,85.57051
2022-01-25 13:07:11.502535,83.9569,84.184,85.68833
2022-01-25 13:07:12.001239,83.9569,84.3895,85.68833
2022-01-25 13:07:12.506088,84.67848,85.0605,85.84572
2022-01-25 13:07:13.005224,83.90492,84.23475,85.84572
2022-01-25 13:07:13.502187,84.42104,84.751,85.41406
2022-01-25 13:07:14.001269,84.1636,84.54425,85.41406
2022-01-25 13:07:14.508029,83.9569,84.4935,84.98145
2022-01-25 13:07:15.006996,83.90492,84.132,84.98145
2022-01-25 13:07:15.503886,84.11161,84.803,85.7675
2022-01-25 13:07:16.003791,84.11161,84.33875,85.7675
2022-01-25 13:07:16.510124,84.26632,84.59625,85.84572
2022-01-25 13:07:17.009332,83.90492,84.23475,85.84572
2022-01-25 13:07:17.506315,84.57575,84.751,85.33489
2022-01-25 13:07:18.004513,84.00888,84.4415,85.33489
2022-01-25 13:07:18.502251,84.11161,84.54425,85.64968
2022-01-25 13:07:19.010646,83.69946,84.23475,85.64968
2022-01-25 13:07:19.506219,84.26632,84.28675,85.92395
2022-01-25 13:07:20.004714,84.1636,84.54425,85.92395
2022-01-25 13:07:20.501263,84.1636,84.23475,85.41406
2022-01-25 13:07:21.010829,84.31831,84.54425,85.41406
2022-01-25 13:07:21.506922,84.00888,84.23475,86.19916
2022-01-25 13:07:22.006744,84.47302,84.751,86.19916
2022-01-25 13:07:22.503516,84.05963,84.4935,85.09926
2022-01-25 13:07:23.005627,84.00888,84.28675,85.09926
2022-01-25 13:07:23.503031,84.36905,84.85375,85.64968
2022-01-25 13:07:24.001164,84.00888,84.23475,85.64968
2022-01-25 13:07:24.505766,84.57575,84.751,86.04176
2022-01-25 13:07:25.004916,84.11161,84.4415,86.04176
2022-01-25 13:07:25.511134,84.36905,84.3895,85.41406
2022-01-25 13:07:26.010380,83.85417,84.132,85.41406
2022-01-25 13:07:26.505887,84.26632,84.4935,85.17843
2022-01-25 13:07:27.004964,83.39003,83.7705,85.17843
2022-01-25 13:07:27.509961,84.36905,84.59625,171.3776
2022-01-25 13:07:28.007630,84.21434,84.3895,171.3776
2022-01-25 13:07:28.504472,83.80219,83.92525,233.4252
2022-01-25 13:07:29.002990,84.93716,85.16325,233.4252
2022-01-25 13:07:29.510802,83.23532,83.565,196.00041
2022-01-25 13:07:30.009793,84.83319,84.803,196.00041
2022-01-25 13:07:30.506088,83.18334,83.97725,125.31291
2022-01-25 13:07:31.003756,84.31831,84.3895,125.31291
2022-01-25 13:07:31.510379,84.1636,84.23475,90.79385
2022-01-25 13:07:32.008463,84.1636,84.33875,90.79385
2022-01-25 13:07:32.502993,84.05963,84.28675,97.78437
2022-01-25 13:07:33.001549,83.80219,84.23475,97.78437
2022-01-25 13:07:33.509884,84.31831,84.4415,88.79104
2022-01-25 13:07:34.008646,84.11161,84.699,88.79104
2022-01-25 13:07:34.505816,84.42104,84.751,86.15958
2022-01-25 13:07:35.003624,83.90492,84.28675,86.15958
2022-01-25 13:07:35.510715,84.36905,84.64825,86.00312
2022-01-25 13:07:36.009488,84.26632,84.4415,86.00312
2022-01-25 13:07:36.505620,84.26632,84.751,86.08135
2022-01-25 13:07:37.004009,84.00888,84.33875,86.08135
2022-01-25 13:07:37.501883,83.80219,84.28675,86.43479
2022-01-25 13:07:38.009670,84.52377,84.699,86.43479
2022-01-25 13:07:38.505649,84.26632,84.803,86.15958
2022-01-25 13:07:39.003231,84.52377,84.751,86.15958
2022-01-25 13:07:39.509305,84.05963,84.33875,86.78822
2022-01-25 13:07:40.007646,84.42104,84.90575,86.78822
2022-01-25 13:07:40.505235,84.05963,84.184,85.88531
2022-01-25 13:07:41.003313,84.11161,84.85375,85.88531
2022-01-25 13:07:41.509456,84.05963,84.3895,85.7675
2022-01-25 13:07:42.009112,84.26632,84.59625,85.7675
2022-01-25 13:07:42.505300,84.31831,84.59625,85.37447
2022-01-25 13:07:43.005132,84.31831,84.54425,85.37447
2022-01-25 13:07:43.501698,84.00888,84.64825,85.80614
2022-01-25 13:07:44.009509,84.1636,84.3895,85.80614
2022-01-25 13:07:44.505729,84.31831,84.64825,85.80614
2022-01-25 13:07:45.003444,84.26632,84.54425,85.80614
2022-01-25 13:07:45.510872,84.31831,85.1125,85.09926
2022-01-25 13:07:46.009529,84.00888,84.08,85.09926
2022-01-25 13:07:46.505294,84.62773,84.59625,85.6101
2022-01-25 13:07:47.004987,84.00888,84.3895,85.6101
2022-01-25 13:07:47.501221,84.1636,84.4415,85.88531
2022-01-25 13:07:48.010309,83.7502,84.33875,85.88531
2022-01-25 13:07:48.504948,84.1636,84.4935,86.12093
2022-01-25 13:07:49.003254,83.90492,84.4935,86.12093
2022-01-25 13:07:49.508926,84.78245,85.1125,86.35656
2022-01-25 13:07:50.010992,84.00888,84.08,86.35656
2022-01-25 13:07:50.507628,84.11161,84.33875,85.72791
2022-01-25 13:07:51.006304,84.47302,84.699,85.72791
2022-01-25 13:07:51.503545,84.00888,84.33875,85.49229
2022-01-25 13:07:52.001876,84.31831,84.4415,85.49229
2022-01-25 13:07:52.507686,83.69946,84.4935,85.7675
2022-01-25 13:07:53.007331,84.11161,84.3895,85.7675
2022-01-25 13:07:53.502766,84.83319,84.90575,85.88531
2022-01-25 13:07:54.001504,84.05963,84.28675,85.88531
2022-01-25 13:07:54.507756,84.47302,84.751,85.68833
2022-01-25 13:07:55.006629,83.69946,84.184,85.68833
2022-01-25 13:07:55.502537,84.31831,84.3895,85.17843
2022-01-25 13:07:56.003030,83.80219,84.33875,85.17843
2022-01-25 13:07:56.510336,84.36905,84.699,86.31697
2022-01-25 13:07:57.007847,83.9569,84.28675,86.31697
2022-01-25 13:07:57.505903,84.47302,84.64825,86.51301
2022-01-25 13:07:58.004836,83.90492,83.97725,86.51301
2022-01-25 13:07:58.509341,84.67848,85.0605,85.80614
2022-01-25 13:07:59.008259,83.90492,84.28675,85.80614
2022-01-25 13:07:59.504967,84.11161,84.751,86.08135
2022-01-25 13:08:00.002759,83.9569,84.132,86.08135
2022-01-25 13:08:00.509066,84.1636,84.54425,85.41406
2022-01-25 13:08:01.008013,84.36905,84.59625,85.41406
2022-01-25 13:08:01.504665,84.31831,84.59625,85.64968
2022-01-25 13:08:02.002743,84.11161,84.59625,85.64968
2022-01-25 13:08:02.508428,84.1636,84.132,85.21708
2022-01-25 13:08:03.007914,84.21434,84.803,85.21708
2022-01-25 13:08:03.504339,84.21434,84.699,86.04176
2022-01-25 13:08:04.005052,83.80219,84.4415,86.04176
2022-01-25 13:08:04.510733,84.1636,84.3895,85.4527
2022-01-25 13:08:05.010217,84.36905,84.4415,85.4527
2022-01-25 13:08:05.506311,84.42104,84.85375,86.12093
2022-01-25 13:08:06.004639,84.00888,84.33875,86.12093
2022-01-25 13:08:06.502786,83.9569,84.4415,85.72791
2022-01-25 13:08:07.001521,84.11161,84.3895,85.72791
2022-01-25 13:08:07.508098,84.05963,84.803,85.17843
2022-01-25 13:08:08.006757,83.9569,84.23475,85.17843
2022-01-25 13:08:08.505873,84.26632,84.54425,87.02385
2022-01-25 13:08:09.004047,84.00888,84.184,87.02385
2022-01-25 13:08:09.501307,84.42104,84.699,85.80614
2022-01-25 13:08:10.001196,84.26632,84.751,85.80614
2022-01-25 13:08:10.508451,83.90492,84.02925,85.09926
2022-01-25 13:08:11.001910,84.36905,84.90575,85.09926
2022-01-25 13:08:11.508252,83.9569,84.02925,85.88531
2022-01-25 13:08:12.006565,84.57575,84.64825,85.88531
2022-01-25 13:08:12.502975,83.80219,84.28675,85.6101
2022-01-25 13:08:13.003562,84.36905,84.64825,85.6101
2022-01-25 13:08:13.509126,83.69946,84.184,85.49229
2022-01-25 13:08:14.007607,84.62773,85.0085,85.49229
2022-01-25 13:08:14.502457,83.54475,84.23475,85.64968
2022-01-25 13:08:15.001809,84.36905,84.59625,85.64968
2022-01-25 13:08:15.506351,84.57575,84.803,85.49229
2022-01-25 13:08:16.005373,84.00888,84.184,85.49229
2022-01-25 13:08:16.510569,84.36905,84.64825,86.15958
2022-01-25 13:08:17.008583,83.85417,84.33875,86.15958
2022-01-25 13:08:17.505900,84.26632,84.751,85.96354
2022-01-25 13:08:18.003759,84.00888,84.59625,85.96354
2022-01-25 13:08:18.510770,83.85417,84.33875,85.49229
2022-01-25 13:08:19.010694,84.31831,84.64825,85.49229
2022-01-25 13:08:19.505906,84.1636,84.4415,85.84572
2022-01-25 13:08:20.003451,84.47302,84.3895,85.84572
2022-01-25 13:08:20.508569,84.00888,84.4415,85.68833
2022-01-25 13:08:21.007495,84.31831,84.54425,85.68833
2022-01-25 13:08:21.503354,83.85417,84.4935,85.29625
2022-01-25 13:08:22.002099,84.62773,84.85375,85.29625
2022-01-25 13:08:22.507572,83.64747,84.02925,85.37447
2022-01-25 13:08:23.006367,84.62773,84.95775,85.37447
2022-01-25 13:08:23.501533,84.1636,84.184,85.72791
2022-01-25 13:08:24.010422,84.11161,84.4935,85.72791
2022-01-25 13:08:24.505547,84.21434,84.33875,86.15958
2022-01-25 13:08:25.003735,83.90492,84.3895,86.15958
2022-01-25 13:08:25.509960,84.21434,84.3895,86.47437
2022-01-25 13:08:26.008689,84.05963,84.699,86.47437
2022-01-25 13:08:26.506820,84.42104,84.4415,86.08135
2022-01-25 13:08:27.003806,84.36905,84.23475,86.08135
2022-01-25 13:08:27.501474,84.31831,84.699,85.92395
2022-01-25 13:08:28.010827,84.00888,84.28675,85.92395
2022-01-25 13:08:28.507789,84.1636,84.699,85.72791
2022-01-25 13:08:29.006155,84.26632,84.59625,85.72791
2022-01-25 13:08:29.501923,83.9569,84.3895,86.19916
2022-01-25 13:08:30.009554,84.52377,84.59625,86.19916
2022-01-25 13:08:30.505996,84.21434,84.3895,85.4527
2022-01-25 13:08:31.004275,84.1636,84.3895,85.4527
2022-01-25 13:08:31.502656,84.52377,84.699,85.88531
2022-01-25 13:08:32.010857,83.90492,84.4935,85.88531
2022-01-25 13:08:32.507992,84.1636,84.4935,84.94281
2022-01-25 13:08:33.005571,83.7502,84.28675,84.94281
2022-01-25 13:08:33.501326,84.1636,84.4415,86.31697
2022-01-25 13:08:34.009805,84.36905,84.3895,86.31697
2022-01-25 13:08:34.505675,84.36905,84.64825,86.47437
2022-01-25 13:08:35.003661,84.11161,84.184,86.47437
2022-01-25 13:08:36.005113,84.57575,84.751,84.90322
2022-01-25 13:08:36.501374,83.64747,84.23475,85.49229
2022-01-25 13:08:37.008960,84.05963,84.28675,85.49229
2022-01-25 13:08:37.504274,84.36905,84.64825,85.25666
2022-01-25 13:08:38.002025,83.85417,84.132,85.25666
2022-01-25 13:08:38.507718,84.78245,84.90575,85.33489
2022-01-25 13:08:39.006195,83.39003,83.97725,85.33489
2022-01-25 13:08:39.501173,84.42104,84.54425,85.6101
2022-01-25 13:08:40.009695,84.36905,84.699,85.6101
2022-01-25 13:08:40.505696,84.36905,84.59625,85.88531
2022-01-25 13:08:41.005143,83.7502,84.08,85.88531
2022-01-25 13:08:41.510904,84.26632,84.64825,85.64968
2022-01-25 13:08:42.009751,84.21434,84.184,85.64968
2022-01-25 13:08:42.505990,84.42104,85.0085,85.84572
2022-01-25 13:08:43.004869,84.05963,84.3895,85.84572
2022-01-25 13:08:43.501197,84.05963,84.59625,85.41406
2022-01-25 13:08:44.009226,84.62773,84.803,85.41406
2022-01-25 13:08:44.506087,83.33805,83.92525,85.84572
2022-01-25 13:08:45.004501,84.9879,85.16325,85.84572
2022-01-25 13:08:45.510957,84.05963,83.92525,86.08135
2022-01-25 13:08:46.009568,84.1636,84.59625,86.08135
2022-01-25 13:08:46.504768,84.36905,84.64825,85.33489
2022-01-25 13:08:47.002223,84.00888,84.4935,85.33489
2022-01-25 13:08:47.507004,84.42104,84.64825,86.23875
2022-01-25 13:08:48.004819,83.44078,84.02925,86.23875
2022-01-25 13:08:48.501220,84.42104,84.85375,85.68833
2022-01-25 13:08:49.010249,84.21434,84.4415,85.68833
2022-01-25 13:08:49.506459,84.47302,84.90575,85.17843
2022-01-25 13:08:50.007869,83.80219,84.08,85.17843
2022-01-25 13:08:50.503172,84.21434,84.64825,86.19916
2022-01-25 13:08:51.001920,84.52377,84.4415,86.19916
2022-01-25 13:08:51.508380,83.90492,84.4415,86.00312
2022-01-25 13:08:52.006758,84.62773,84.90575,86.00312
2022-01-25 13:08:52.501705,83.80219,83.8745,85.88531
2022-01-25 13:08:53.010354,84.78245,85.1125,85.88531
2022-01-25 13:08:53.506591,83.90492,84.02925,86.19916
2022-01-25 13:08:54.004739,84.1636,84.59625,86.19916
2022-01-25 13:08:54.502305,84.1636,84.33875,86.08135
2022-01-25 13:08:55.002117,83.80219,84.33875,86.08135
2022-01-25 13:08:55.508273,84.00888,84.28675,85.53187
2022-01-25 13:08:56.006785,84.31831,84.54425,85.53187
2022-01-25 13:08:56.503413,84.11161,84.4415,86.5526
2022-01-25 13:08:57.001483,84.26632,84.4935,86.5526
2022-01-25 13:08:57.507003,83.9569,84.4935,85.6101
2022-01-25 13:08:58.005945,83.85417,84.184,85.6101
2022-01-25 13:08:58.502372,84.05963,84.64825,85.4527
2022-01-25 13:08:59.010891,84.1636,84.59625,85.4527
2022-01-25 13:08:59.508076,83.7502,84.08,85.84572
2022-01-25 13:09:00.006863,84.47302,84.4935,85.84572
2022-01-25 13:09:00.509157,84.67848,84.751,85.49229
2022-01-25 13:09:01.008382,84.21434,84.803,85.49229
2022-01-25 13:09:01.504587,84.11161,84.28675,86.15958
2022-01-25 13:09:02.002318,84.1636,84.4935,86.15958
2022-01-25 13:09:02.510082,84.21434,84.54425,85.84572
2022-01-25 13:09:03.008720,84.00888,84.59625,85.84572
2022-01-25 13:09:03.503173,83.59549,84.02925,85.41406
2022-01-25 13:09:04.010785,84.36905,84.23475,85.41406
2022-01-25 13:09:04.506737,84.00888,84.3895,85.53187
2022-01-25 13:09:05.005138,84.21434,84.54425,85.53187
2022-01-25 13:09:05.508877,84.11161,84.64825,85.80614
2022-01-25 13:09:06.008182,84.00888,84.132,85.80614
2022-01-25 13:09:06.504975,84.21434,84.59625,85.25666
2022-01-25 13:09:07.004303,84.57575,84.751,85.25666
2022-01-25 13:09:07.501404,84.00888,83.97725,85.88531
2022-01-25 13:09:08.009134,84.36905,84.751,85.88531
2022-01-25 13:09:08.504606,84.1636,84.4415,85.72791
2022-01-25 13:09:09.006575,84.05963,84.3895,85.72791
2022-01-25 13:09:09.501500,84.67848,85.21525,84.94281
2022-01-25 13:09:10.009783,83.39003,84.08,84.94281
2022-01-25 13:09:10.506419,84.26632,84.3895,85.57051
2022-01-25 13:09:11.010766,84.26632,84.3895,85.57051
2022-01-25 13:09:11.507678,84.52377,85.0085,85.41406
2022-01-25 13:09:12.006865,83.9569,84.28675,85.41406
2022-01-25 13:09:12.501972,84.1636,84.699,86.47437
2022-01-25 13:09:13.002818,84.26632,84.4415,86.47437
2022-01-25 13:09:13.507738,84.11161,84.4415,86.19916
2022-01-25 13:09:14.007056,84.11161,84.54425,86.19916
2022-01-25 13:09:14.502825,83.7502,83.8225,85.33489
2022-01-25 13:09:15.002010,84.52377,85.0085,85.33489
2022-01-25 13:09:15.508889,84.05963,84.28675,85.4527
2022-01-25 13:09:16.007125,84.36905,84.699,85.4527
2022-01-25 13:09:16.504328,84.21434,84.33875,85.4527
2022-01-25 13:09:17.002766,84.11161,84.64825,85.4527
2022-01-25 13:09:17.508758,84.21434,84.28675,85.29625
2022-01-25 13:09:18.006334,83.90492,83.92525,85.29625
2022-01-25 13:09:18.502455,84.1636,84.59625,85.84572
2022-01-25 13:09:19.010633,84.47302,84.54425,85.84572
2022-01-25 13:09:19.506975,84.1636,84.59625,85.25666
2022-01-25 13:09:20.004601,83.9569,84.132,85.25666
2022-01-25 13:09:20.510678,84.42104,84.751,85.96354
2022-01-25 13:09:21.009279,84.36905,84.4935,85.96354
2022-01-25 13:09:21.505123,84.11161,84.64825,86.04176
2022-01-25 13:09:22.003193,84.00888,84.28675,86.04176
2022-01-25 13:09:22.508383,84.31831,84.64825,85.29625
2022-01-25 13:09:23.006409,84.11161,84.59625,85.29625
2022-01-25 13:09:23.510344,84.21434,84.54425,85.25666
2022-01-25 13:09:24.009026,83.80219,84.132,85.25666
2022-01-25 13:09:24.504524,84.42104,84.54425,85.49229
2022-01-25 13:09:25.004150,84.1636,84.64825,85.49229
2022-01-25 13:09:25.502214,83.9569,84.28675,85.13885
2022-01-25 13:09:26.001768,84.57575,84.64825,85.13885
2022-01-25 13:09:26.507517,83.90492,84.28675,85.84572
2022-01-25 13:09:27.004980,84.31831,84.4415,85.84572
2022-01-25 13:09:27.509431,84.00888,84.54425,85.53187
2022-01-25 13:09:28.007827,84.00888,84.33875,85.53187
2022-01-25 13:09:28.503541,83.85417,84.28675,85.17843
2022-01-25 13:09:29.001343,84.05963,84.23475,85.17843
2022-01-25 13:09:29.508179,84.57575,84.751,85.80614
2022-01-25 13:09:30.008686,84.21434,84.59625,85.80614
2022-01-25 13:09:30.505430,83.9569,84.28675,85.37447
2022-01-25 13:09:31.004009,83.85417,84.23475,85.37447
2022-01-25 13:09:31.510149,84.57575,84.85375,85.64968
2022-01-25 13:09:32.010154,83.69946,84.33875,85.64968
2022-01-25 13:09:32.506480,84.36905,84.751,86.35656
2022-01-25 13:09:33.004064,84.1636,84.33875,86.35656
2022-01-25 13:09:33.509810,84.26632,84.54425,85.02104
2022-01-25 13:09:34.008435,84.67848,84.751,85.02104
2022-01-25 13:09:34.506069,83.49276,84.08,85.7675
2022-01-25 13:09:35.004031,84.36905,84.64825,85.7675
2022-01-25 13:09:35.510030,83.9569,84.3895,85.41406
2022-01-25 13:09:36.008001,84.52377,84.90575,85.41406
2022-01-25 13:09:36.506479,83.64747,84.132,85.96354
2022-01-25 13:09:37.005554,84.57575,84.803,85.96354
2022-01-25 13:09:37.501402,84.52377,84.54425,85.4527
2022-01-25 13:09:38.009860,84.26632,84.59625,85.4527
2022-01-25 13:09:38.506254,84.11161,84.54425,85.96354
2022-01-25 13:09:39.004985,83.59549,83.97725,85.96354
2022-01-25 13:09:39.510298,84.62773,84.90575,85.13885
2022-01-25 13:09:40.008462,83.59549,84.02925,85.13885
2022-01-25 13:09:40.505103,84.62773,84.95775,85.88531
2022-01-25 13:09:41.004246,84.26632,84.28675,85.88531
2022-01-25 13:09:41.509558,84.05963,84.3895,85.53187
2022-01-25 13:09:42.008451,84.47302,84.751,85.53187
2022-01-25 13:09:42.506610,84.00888,84.28675,85.53187
2022-01-25 13:09:43.004975,83.9569,84.23475,85.53187
2022-01-25 13:09:43.510958,83.69946,84.28675,85.37447
2022-01-25 13:09:44.010350,84.36905,84.751,85.37447
2022-01-25 13:09:44.505312,84.36905,84.4415,85.80614
2022-01-25 13:09:45.003886,84.52377,84.64825,85.80614
2022-01-25 13:09:45.509929,84.00888,84.33875,85.17843
2022-01-25 13:09:46.009671,84.1636,84.4935,85.17843
2022-01-25 13:09:46.505177,84.42104,84.64825,85.49229
2022-01-25 13:09:47.003258,83.64747,84.3895,85.49229
2022-01-25 13:09:47.501104,84.31831,84.751,85.88531
2022-01-25 13:09:48.009779,83.90492,84.08,85.88531
2022-01-25 13:09:48.505005,84.36905,84.3895,85.72791
2022-01-25 13:09:49.002622,84.1636,84.33875,85.72791
2022-01-25 13:09:50.005221,84.05963,84.33875,85.49229
2022-01-25 13:09:50.502616,84.47302,84.803,229.10572
2022-01-25 13:09:51.010744,83.18334,83.66775,229.10572
2022-01-25 13:09:51.507847,84.83319,85.0085,214.14354
2022-01-25 13:09:52.008078,83.9569,84.132,214.14354
2022-01-25 13:09:52.506389,84.05963,84.23475,157.63312
2022-01-25 13:09:53.004733,84.1636,84.3895,157.63312
2022-01-25 13:09:53.501450,83.90492,84.184,101.59301
2022-01-25 13:09:54.010234,84.36905,84.54425,101.59301
2022-01-25 13:09:54.505477,83.85417,84.33875,97.8626
2022-01-25 13:09:55.005836,83.90492,84.23475,97.8626
2022-01-25 13:09:56.005220,84.67848,84.64825,90.71562
2022-01-25 13:09:56.501726,83.90492,84.28675,87.45551
2022-01-25 13:09:57.002621,84.42104,84.751,87.45551
2022-01-25 13:09:57.506591,83.7502,84.184,85.80614
2022-01-25 13:09:58.005049,84.67848,84.95775,85.80614
2022-01-25 13:09:58.501108,83.80219,84.4415,86.78822
2022-01-25 13:09:59.009079,84.21434,84.699,86.78822
2022-01-25 13:09:59.503936,84.26632,84.23475,86.59218
2022-01-25 13:10:00.002059,84.21434,84.64825,86.59218
2022-01-25 13:10:00.506291,84.47302,84.95775,86.27739
2022-01-25 13:10:01.006421,83.85417,84.23475,86.27739
2022-01-25 13:10:01.502804,84.26632,84.59625,86.82781
2022-01-25 13:10:02.010898,83.9569,84.4415,86.82781
2022-01-25 13:10:02.506860,84.9879,85.37,85.4527
2022-01-25 13:10:03.005025,83.90492,83.8745,85.4527
2022-01-25 13:10:03.501707,83.85417,84.3895,86.12093
2022-01-25 13:10:04.000991,84.36905,84.59625,86.12093
2022-01-25 13:10:04.507631,83.85417,84.132,85.29625
2022-01-25 13:10:05.007340,84.67848,85.0605,85.29625
2022-01-25 13:10:05.504767,83.28607,83.8745,85.84572
2022-01-25 13:10:06.002495,84.62773,84.90575,85.84572
2022-01-25 13:10:06.507795,84.26632,84.28675,86.15958
2022-01-25 13:10:07.005916,84.73046,85.0085,86.15958
2022-01-25 13:10:07.501279,83.69946,84.02925,86.51301
2022-01-25 13:10:08.009956,84.05963,84.4415,86.51301
2022-01-25 13:10:08.506198,84.26632,84.751,85.21708
2022-01-25 13:10:09.005836,84.00888,84.3895,85.21708
2022-01-25 13:10:09.510751,84.31831,84.699,86.27739
2022-01-25 13:10:10.001565,83.69946,84.08,86.27739
2022-01-25 13:10:10.507965,84.67848,84.85375,85.06062
2022-01-25 13:10:11.004444,84.52377,84.751,85.06062
2022-01-25 13:10:11.502064,84.11161,84.59625,85.72791
2022-01-25 13:10:12.010803,84.31831,84.4415,85.72791
2022-01-25 13:10:12.506883,83.80219,84.28675,85.6101
2022-01-25 13:10:13.006802,84.36905,84.803,85.6101
2022-01-25 13:10:13.502361,84.21434,84.64825,85.7675
2022-01-25 13:10:14.003342,84.31831,84.699,85.7675
2022-01-25 13:10:14.510381,84.26632,84.23475,86.78822
2022-01-25 13:10:15.007291,84.26632,84.59625,86.78822
2022-01-25 13:10:15.502489,84.21434,84.699,85.72791
2022-01-25 13:10:16.003777,84.21434,84.59625,85.72791
2022-01-25 13:10:16.501176,84.31831,84.699,85.6101
2022-01-25 13:10:17.009349,83.59549,84.132,85.6101
2022-01-25 13:10:17.505834,84.47302,84.59625,85.96354
2022-01-25 13:10:18.005476,84.47302,84.64825,85.96354
2022-01-25 13:10:18.504578,84.1636,84.33875,86.35656
2022-01-25 13:10:19.003111,84.47302,84.699,86.35656
2022-01-25 13:10:19.509776,83.59549,83.8745,85.80614
2022-01-25 13:10:20.007313,84.26632,84.59625,85.80614
2022-01-25 13:10:20.504638,83.9569,84.699,85.92395
2022-01-25 13:10:21.005890,84.1636,84.4935,85.92395
2022-01-25 13:10:21.502650,84.1636,84.184,85.17843
2022-01-25 13:10:22.002104,84.05963,84.33875,85.17843
2022-01-25 13:10:22.509243,84.73046,84.95775,85.53187
2022-01-25 13:10:23.007286,83.85417,84.33875,85.53187
2022-01-25 13:10:23.504096,84.36905,84.751,86.00312
2022-01-25 13:10:24.002558,83.39003,83.92525,86.00312
2022-01-25 13:10:24.509142,84.42104,84.4935,84.74583
2022-01-25 13:10:25.006335,84.05963,84.08,84.74583
2022-01-25 13:10:25.501536,84.36905,84.4415,232.24708
2022-01-25 13:10:26.010359,83.59549,83.8225,232.24708
2022-01-25 13:10:26.505661,84.11161,84.28675,217.87395
2022-01-25 13:10:27.004763,84.9879,85.26725,217.87395
2022-01-25 13:10:27.509487,83.28607,83.8225,173.89125
2022-01-25 13:10:28.009199,83.9569,84.33875,173.89125
2022-01-25 13:10:28.507261,83.64747,83.71975,112.39312
2022-01-25 13:10:29.005130,84.52377,84.699,112.39312
2022-01-25 13:10:29.510532,84.05963,84.23475,91.97197
2022-01-25 13:10:30.009743,83.80219,84.132,91.97197
2022-01-25 13:10:30.506639,84.1636,84.4935,92.63926
2022-01-25 13:10:31.004889,83.69946,84.132,92.63926
2022-01-25 13:10:31.510241,85.60675,85.83425,88.24156
2022-01-25 13:10:32.009688,83.18334,83.461,88.24156
2022-01-25 13:10:32.506835,84.62773,84.699,86.51301
2022-01-25 13:10:33.004884,83.7502,83.92525,86.51301
2022-01-25 13:10:33.502386,84.67848,85.1125,85.80614
2022-01-25 13:10:34.011332,83.80219,84.3895,85.80614
2022-01-25 13:10:34.507151,83.9569,84.33875,86.78822
2022-01-25 13:10:35.006579,84.36905,84.751,86.78822
2022-01-25 13:10:35.503621,83.80219,84.184,86.08135
2022-01-25 13:10:36.002635,84.62773,84.85375,86.08135
2022-01-25 13:10:36.510863,84.11161,84.184,86.3952
2022-01-25 13:10:37.010447,84.05963,84.33875,86.3952
2022-01-25 13:10:37.507616,84.47302,84.85375,85.7675
2022-01-25 13:10:38.006007,84.1636,84.64825,85.7675
2022-01-25 13:10:38.510465,84.36905,84.699,85.92395
2022-01-25 13:10:39.006701,83.7502,84.28675,85.92395
2022-01-25 13:10:39.502004,84.31831,84.64825,86.19916
2022-01-25 13:10:40.010346,84.1636,84.28675,86.19916
2022-01-25 13:10:40.506671,84.26632,84.54425,85.92395
2022-01-25 13:10:41.006955,84.1636,84.699,85.92395
2022-01-25 13:10:41.502187,83.85417,84.4415,85.41406
2022-01-25 13:10:42.001790,84.36905,84.699,85.41406
2022-01-25 13:10:42.507051,84.00888,84.4935,86.00312
2022-01-25 13:10:43.004577,84.05963,84.33875,86.00312
2022-01-25 13:10:43.501548,84.52377,84.85375,85.41406
2022-01-25 13:10:44.010076,83.90492,84.132,85.41406
2022-01-25 13:10:44.504760,84.52377,84.803,86.08135
2022-01-25 13:10:45.003010,83.59549,84.08,86.08135
2022-01-25 13:10:45.510191,84.1636,84.59625,86.47437
2022-01-25 13:10:46.010282,84.1636,84.3895,86.47437
2022-01-25 13:10:46.505105,83.90492,84.23475,85.13885
2022-01-25 13:10:47.003913,84.52377,84.751,85.13885
2022-01-25 13:10:47.510307,84.21434,84.33875,85.33489
2022-01-25 13:10:48.008927,84.47302,84.85375,85.33489
2022-01-25 13:10:48.502722,84.11161,84.54425,86.04176
2022-01-25 13:10:49.001770,84.21434,84.64825,86.04176
2022-01-25 13:10:49.509220,83.90492,84.23475,85.13885
2022-01-25 13:10:50.008414,84.31831,84.699,85.13885
2022-01-25 13:10:50.504933,83.80219,84.28675,86.51301
2022-01-25 13:10:51.003124,84.42104,84.4935,86.51301
2022-01-25 13:10:51.502309,84.78245,84.699,85.49229
2022-01-25 13:10:52.010501,84.05963,84.64825,85.49229
2022-01-25 13:10:52.506302,83.80219,84.28675,85.57051
2022-01-25 13:10:53.005260,84.00888,84.23475,85.57051
2022-01-25 13:10:53.502727,84.47302,84.803,85.72791
2022-01-25 13:10:54.001174,83.80219,84.33875,85.72791
2022-01-25 13:10:54.507907,84.36905,84.59625,86.35656
2022-01-25 13:10:55.006756,84.11161,84.184,86.35656
2022-01-25 13:10:55.502176,84.26632,84.4935,85.25666
2022-01-25 13:10:56.001169,84.57575,85.0605,85.25666
2022-01-25 13:10:56.506933,83.7502,84.184,85.80614
2022-01-25 13:10:57.003879,84.1636,84.3895,85.80614
2022-01-25 13:10:57.501080,83.85417,84.4935,85.72791
2022-01-25 13:10:58.009068,84.57575,84.751,85.72791
2022-01-25 13:10:58.502657,84.26632,84.28675,85.7675
2022-01-25 13:10:59.001850,84.11161,84.23475,85.7675
2022-01-25 13:10:59.507896,84.47302,84.64825,86.00312
2022-01-25 13:11:00.006138,84.31831,84.699,86.00312
2022-01-25 13:11:00.501713,84.26632,84.59625,85.64968
2022-01-25 13:11:01.001562,83.49276,84.08,85.64968
2022-01-25 13:11:01.508448,84.47302,84.751,85.53187
2022-01-25 13:11:02.006722,84.1636,84.23475,85.53187
2022-01-25 13:11:02.502656,84.36905,84.4935,86.19916
2022-01-25 13:11:03.010240,84.11161,84.54425,86.19916
2022-01-25 13:11:03.505339,83.80219,84.23475,85.29625
2022-01-25 13:11:04.003325,84.62773,84.85375,85.29625
2022-01-25 13:11:04.501518,83.7502,84.33875,86.47437
2022-01-25 13:11:05.010809,83.85417,84.08,86.47437
2022-01-25 13:11:05.506419,84.47302,84.751,85.41406
2022-01-25 13:11:06.003836,83.80219,83.8745,85.41406
2022-01-25 13:11:06.509553,84.9879,85.318,85.88531
2022-01-25 13:11:07.009442,83.90492,84.23475,85.88531
2022-01-25 13:11:07.504942,84.26632,84.4415,86.04176
2022-01-25 13:11:08.004686,83.9569,84.4415,86.04176
2022-01-25 13:11:08.501077,84.26632,84.59625,85.88531
2022-01-25 13:11:09.010974,84.36905,84.751,85.88531
2022-01-25 13:11:09.506396,83.7502,83.7705,86.15958
2022-01-25 13:11:10.004798,84.21434,84.54425,86.15958
2022-01-25 13:11:10.509639,84.11161,84.3895,85.29625
2022-01-25 13:11:11.004816,84.57575,85.1125,85.29625
2022-01-25 13:11:11.501629,83.85417,84.184,85.6101
2022-01-25 13:11:12.009282,84.11161,84.4415,85.6101
2022-01-25 13:11:12.505208,84.42104,84.85375,85.68833
2022-01-25 13:11:13.003134,84.11161,84.184,85.68833
2022-01-25 13:11:13.502321,84.57575,84.90575,85.53187
2022-01-25 13:11:14.010436,83.69946,84.23475,85.53187
2022-01-25 13:11:14.505315,84.57575,84.90575,85.17843
2022-01-25 13:11:15.003319,83.64747,84.02925,85.17843
2022-01-25 13:11:15.508592,84.67848,84.95775,85.29625
2022-01-25 13:11:16.007075,83.59549,84.23475,85.29625
2022-01-25 13:11:16.501812,84.73046,84.803,85.80614
2022-01-25 13:11:17.011141,84.1636,84.33875,85.80614
2022-01-25 13:11:17.507786,84.00888,84.3895,84.86364
2022-01-25 13:11:18.007478,84.67848,85.1125,84.86364
2022-01-25 13:11:18.504382,83.49276,83.97725,86.15958
2022-01-25 13:11:19.003384,84.57575,84.699,86.15958
2022-01-25 13:11:19.510393,83.7502,84.28675,85.68833
2022-01-25 13:11:20.010645,84.42104,84.64825,85.68833
2022-01-25 13:11:20.505184,84.26632,84.59625,85.21708
2022-01-25 13:11:21.003407,83.9569,84.184,85.21708
2022-01-25 13:11:21.511077,84.1636,84.59625,85.29625
2022-01-25 13:11:22.009246,84.05963,84.4415,85.29625
2022-01-25 13:11:22.508147,84.57575,84.90575,85.7675
2022-01-25 13:11:23.007323,83.39003,83.92525,85.7675
2022-01-25 13:11:23.503181,84.42104,84.59625,85.6101
2022-01-25 13:11:24.001254,84.00888,84.28675,85.6101
2022-01-25 13:11:24.506634,84.57575,84.699,85.92395
2022-01-25 13:11:25.004134,84.11161,84.54425,85.92395
2022-01-25 13:11:25.509837,83.64747,83.92525,85.41406
2022-01-25 13:11:26.008249,84.31831,84.54425,85.41406
2022-01-25 13:11:26.503939,84.11161,84.64825,85.53187
2022-01-25 13:11:27.003762,84.42104,84.64825,85.53187
2022-01-25 13:11:27.510482,83.90492,84.3895,86.12093
2022-01-25 13:11:28.001684,83.9569,84.184,86.12093
2022-01-25 13:11:28.507674,84.52377,84.85375,84.98145
2022-01-25 13:11:29.007254,84.47302,84.90575,84.98145
2022-01-25 13:11:29.503079,83.85417,84.08,85.92395
2022-01-25 13:11:30.010557,83.7502,84.02925,85.92395
2022-01-25 13:11:30.506668,83.9569,84.184,85.84572
2022-01-25 13:11:31.006344,84.26632,84.85375,85.84572
2022-01-25 13:11:31.503092,84.36905,84.64825,85.88531
2022-01-25 13:11:32.010403,84.21434,84.23475,85.88531
2022-01-25 13:11:32.506099,84.26632,84.64825,85.64968
2022-01-25 13:11:33.005406,84.57575,84.803,85.64968
2022-01-25 13:11:33.502853,84.11161,84.4415,85.84572
2022-01-25 13:11:34.011394,84.11161,84.23475,85.84572
2022-01-25 13:11:34.507900,83.49276,84.08,85.21708
2022-01-25 13:11:35.009904,84.57575,84.699,85.21708
2022-01-25 13:11:35.507897,84.73046,84.90575,85.96354
2022-01-25 13:11:36.006234,84.00888,84.33875,85.96354
2022-01-25 13:11:36.502025,84.36905,84.699,85.84572
2022-01-25 13:11:37.010130,83.90492,84.33875,85.84572
2022-01-25 13:11:37.505786,84.73046,84.85375,85.49229
2022-01-25 13:11:38.003685,83.59549,84.28675,85.49229
2022-01-25 13:11:38.508885,84.42104,84.64825,86.08135
2022-01-25 13:11:39.008099,84.21434,84.4935,86.08135
2022-01-25 13:11:39.505059,84.1636,84.33875,85.96354
2022-01-25 13:11:40.002661,84.31831,84.54425,85.96354
2022-01-25 13:11:40.510671,83.85417,84.33875,86.00312
2022-01-25 13:11:41.009067,84.26632,84.64825,86.00312
2022-01-25 13:11:41.504657,83.64747,84.132,85.68833
2022-01-25 13:11:42.002956,84.57575,84.85375,85.68833
2022-01-25 13:11:42.508180,84.26632,84.751,85.68833
2022-01-25 13:11:43.007656,84.21434,84.3895,85.68833
2022-01-25 13:11:43.502431,84.21434,84.3895,85.4527
2022-01-25 13:11:44.009794,84.1636,84.4415,85.4527
2022-01-25 13:11:44.506412,84.47302,84.64825,86.04176
2022-01-25 13:11:45.004108,83.7502,84.08,86.04176
2022-01-25 13:11:45.509000,84.31831,84.699,85.25666
2022-01-25 13:11:46.008213,83.54475,84.02925,85.25666
2022-01-25 13:11:46.506685,84.67848,84.90575,85.92395
2022-01-25 13:11:47.004461,84.31831,84.4935,85.92395
2022-01-25 13:11:47.501786,84.47302,84.751,85.53187
2022-01-25 13:11:48.010177,84.00888,84.28675,85.53187
2022-01-25 13:11:48.504547,83.9569,84.28675,85.4527
2022-01-25 13:11:49.002415,84.57575,84.64825,85.4527
2022-01-25 13:11:49.509948,83.9569,84.54425,86.19916
2022-01-25 13:11:50.007806,84.00888,84.184,86.19916
2022-01-25 13:11:50.504655,84.21434,84.4415,85.21708
2022-01-25 13:11:51.004033,84.1636,84.4935,85.21708
2022-01-25 13:11:51.509956,84.47302,84.751,84.86364
2022-01-25 13:11:52.008461,84.05963,84.699,84.86364
2022-01-25 13:11:52.502557,83.7502,83.8225,85.6101
2022-01-25 13:11:53.001568,84.36905,84.90575,85.6101
2022-01-25 13:11:53.508435,84.57575,84.699,86.15958
2022-01-25 13:11:54.006742,83.9569,83.8745,86.15958
2022-01-25 13:11:54.501860,84.36905,84.751,86.00312
2022-01-25 13:11:55.001538,83.69946,83.8745,86.00312
2022-01-25 13:11:55.506358,84.67848,85.1125,85.57051
2022-01-25 13:11:56.004130,84.05963,84.3895,85.57051
2022-01-25 13:11:56.509090,83.64747,84.28675,85.53187
2022-01-25 13:11:57.007472,84.52377,84.751,85.53187
2022-01-25 13:11:57.503324,84.36905,84.64825,85.25666
2022-01-25 13:11:58.004735,84.36905,84.64825,85.25666
2022-01-25 13:11:58.509489,83.90492,84.184,86.08135
2022-01-25 13:11:59.007342,83.69946,84.184,86.08135
2022-01-25 13:11:59.503875,84.31831,84.4935,84.98145
2022-01-25 13:12:00.003459,84.11161,84.699,84.98145
2022-01-25 13:12:00.509058,83.85417,84.184,86.00312
2022-01-25 13:12:01.007687,84.36905,84.803,86.00312
2022-01-25 13:12:01.504378,83.9569,84.184,85.96354
2022-01-25 13:12:02.004313,84.83319,85.0605,85.96354
2022-01-25 13:12:02.508891,83.80219,84.23475,86.15958
2022-01-25 13:12:03.006936,84.47302,84.59625,86.15958
2022-01-25 13:12:03.502751,83.59549,84.132,85.7675
2022-01-25 13:12:04.001401,84.62773,84.85375,85.7675
2022-01-25 13:12:04.507848,84.00888,84.33875,85.88531
2022-01-25 13:12:05.006403,84.21434,84.4415,85.88531
2022-01-25 13:12:05.503583,84.47302,84.751,85.06062
2022-01-25 13:12:06.002271,84.21434,84.64825,85.06062
2022-01-25 13:12:06.501659,84.31831,84.54425,85.88531
2022-01-25 13:12:07.010390,84.1636,84.64825,85.88531
2022-01-25 13:12:07.505284,83.9569,84.184,85.7675
2022-01-25 13:12:08.003308,84.00888,84.59625,85.7675
2022-01-25 13:12:08.508829,84.36905,84.54425,85.57051
2022-01-25 13:12:09.007237,84.21434,84.33875,85.57051
2022-01-25 13:12:09.501787,84.1636,84.4935,85.33489
2022-01-25 13:12:10.010427,84.52377,84.699,85.33489
2022-01-25 13:12:10.504951,83.90492,84.28675,85.68833
2022-01-25 13:12:11.002143,84.36905,84.699,85.68833
2022-01-25 13:12:11.508026,83.64747,84.33875,86.51301
2022-01-25 13:12:12.007030,84.42104,84.54425,86.51301
2022-01-25 13:12:12.501881,84.1636,84.28675,86.00312
2022-01-25 13:12:13.010592,84.05963,84.33875,86.00312
2022-01-25 13:12:13.507544,84.31831,84.23475,85.41406
2022-01-25 13:12:14.005147,84.05963,84.59625,85.41406
2022-01-25 13:12:14.511170,84.11161,84.184,85.6101
2022-01-25 13:12:15.010342,84.1636,84.803,85.6101
2022-01-25 13:12:15.508071,84.11161,84.08,86.19916
2022-01-25 13:12:16.006074,84.31831,84.699,86.19916
2022-01-25 13:12:16.501721,84.42104,84.751,85.84572
2022-01-25 13:12:17.010166,83.69946,83.8745,85.84572
2022-01-25 13:12:17.504630,84.62773,85.0605,86.00312
2022-01-25 13:12:18.002085,84.11161,84.23475,86.00312
2022-01-25 13:12:18.507499,83.59549,84.4415,85.68833
2022-01-25 13:12:19.005131,84.1636,84.4935,85.68833
2022-01-25 13:12:19.509864,84.21434,84.4415,85.68833
2022-01-25 13:12:20.010263,84.36905,84.3895,85.68833
2022-01-25 13:12:20.505400,84.26632,84.4935,86.04176
2022-01-25 13:12:21.003139,83.59549,84.02925,86.04176
2022-01-25 13:12:21.501440,84.47302,84.751,85.84572
2022-01-25 13:12:22.010381,84.26632,85.0605,85.84572
2022-01-25 13:12:22.506379,84.36905,84.64825,86.08135
2022-01-25 13:12:23.003633,84.00888,84.23475,86.08135
2022-01-25 13:12:23.510263,84.11161,84.184,85.37447
2022-01-25 13:12:24.008612,84.36905,84.4415,85.37447
2022-01-25 13:12:24.505257,84.1636,84.54425,85.64968
2022-01-25 13:12:25.003685,84.05963,84.184,85.64968
2022-01-25 13:12:25.508120,84.00888,84.54425,85.29625
2022-01-25 13:12:26.006566,84.11161,84.59625,85.29625
2022-01-25 13:12:26.502470,84.47302,85.0085,85.6101
2022-01-25 13:12:27.009741,84.11161,84.132,85.6101
2022-01-25 13:12:27.505230,84.62773,84.4935,85.7675
2022-01-25 13:12:28.005302,83.69946,84.08,85.7675
2022-01-25 13:12:29.004874,83.69946,84.23475,86.15958
2022-01-25 13:12:29.501331,84.11161,84.4935,85.84572
2022-01-25 13:12:30.010847,84.05963,84.54425,85.84572
2022-01-25 13:12:30.505859,84.47302,84.4935,86.12093
2022-01-25 13:12:31.003337,84.67848,84.751,86.12093
2022-01-25 13:12:31.508519,83.64747,84.08,86.90604
2022-01-25 13:12:32.006783,83.9569,84.23475,86.90604
2022-01-25 13:12:32.502308,84.05963,84.699,85.64968
2022-01-25 13:12:33.505332,83.59549,84.23475,85.92395
2022-01-25 13:12:34.003765,84.26632,84.23475,85.92395
2022-01-25 13:12:34.509832,84.1636,84.08,85.53187
2022-01-25 13:12:35.007740,84.73046,85.0085,85.53187
2022-01-25 13:12:35.502859,83.90492,84.23475,86.35656
2022-01-25 13:12:36.001163,83.69946,84.28675,86.35656
2022-01-25 13:12:36.507111,84.52377,84.95775,85.64968
2022-01-25 13:12:37.005428,83.69946,84.4415,85.64968
2022-01-25 13:12:37.501359,84.21434,84.4935,86.12093
2022-01-25 13:12:38.010511,84.1636,84.3895,86.12093
2022-01-25 13:12:38.505643,84.1636,84.3895,85.25666
2022-01-25 13:12:39.005095,84.31831,84.4935,85.25666
2022-01-25 13:12:39.501513,84.05963,84.4935,85.33489
2022-01-25 13:12:40.010710,84.11161,84.4415,85.33489
2022-01-25 13:12:40.507154,83.80219,84.3895,85.6101
2022-01-25 13:12:41.005748,84.57575,84.85375,85.6101
2022-01-25 13:12:41.510747,83.49276,84.08,85.57051
2022-01-25 13:12:42.010743,85.09187,85.422,85.57051
2022-01-25 13:12:42.505746,83.9569,84.132,86.59218
2022-01-25 13:12:43.003417,84.11161,84.4415,86.59218
2022-01-25 13:12:43.510762,84.1636,84.33875,86.08135
2022-01-25 13:12:44.009874,84.21434,84.85375,86.08135
2022-01-25 13:12:44.506749,84.31831,84.54425,85.49229
2022-01-25 13:12:45.004866,83.9569,84.4935,85.49229
2022-01-25 13:12:45.501883,83.85417,84.02925,85.7675
2022-01-25 13:12:46.010392,84.73046,84.85375,85.7675
2022-01-25 13:12:46.506794,84.05963,84.54425,85.4527
2022-01-25 13:12:47.006077,84.26632,84.33875,85.4527
2022-01-25 13:12:47.507232,83.64747,83.97725,103.47801
2022-01-25 13:12:48.005529,83.85417,84.02925,103.47801
2022-01-25 13:12:48.501754,84.11161,84.751,235.86062
2022-01-25 13:12:49.010664,84.1636,84.3895,235.86062
2022-01-25 13:12:49.508493,84.00888,83.8745,207.54604
2022-01-25 13:12:50.007158,83.90492,84.02925,207.54604
2022-01-25 13:12:50.501771,84.31831,84.4415,141.57104
2022-01-25 13:12:51.010761,84.36905,84.85375,141.57104
2022-01-25 13:12:51.506677,84.26632,84.4415,93.89656
2022-01-25 13:12:52.003394,83.23532,83.71975,93.89656
2022-01-25 13:12:52.511046,84.00888,84.132,92.79666
2022-01-25 13:12:53.002035,84.88517,85.1125,92.79666
2022-01-25 13:12:53.508010,83.7502,83.97725,88.2802
2022-01-25 13:12:54.007293,84.21434,84.184,88.2802
2022-01-25 13:12:54.502626,83.7502,84.23475,86.3952
2022-01-25 13:12:55.001081,84.67848,84.95775,86.3952
2022-01-25 13:12:55.508143,84.26632,84.803,86.5526
2022-01-25 13:12:56.006675,84.00888,84.33875,86.5526
2022-01-25 13:12:56.501172,84.00888,84.4415,85.80614
2022-01-25 13:12:57.002135,84.52377,84.64825,85.80614
2022-01-25 13:12:57.508116,84.78245,85.0605,86.94562
2022-01-25 13:12:58.006397,83.69946,84.23475,86.94562
2022-01-25 13:12:58.509105,84.57575,84.803,86.19916
2022-01-25 13:12:59.006380,83.59549,84.132,86.19916
2022-01-25 13:12:59.503304,84.67848,85.0605,86.51301
2022-01-25 13:13:00.003343,83.7502,83.97725,86.51301
2022-01-25 13:13:00.509078,84.11161,84.4415,85.49229
2022-01-25 13:13:01.009139,84.1636,84.23475,85.49229
2022-01-25 13:13:01.505959,84.1636,84.699,86.19916
2022-01-25 13:13:02.004410,84.21434,84.54425,86.19916
2022-01-25 13:13:02.501187,84.31831,84.751,87.61291
2022-01-25 13:13:03.009829,84.26632,84.4935,87.61291
2022-01-25 13:13:03.505716,83.80219,84.08,85.53187
2022-01-25 13:13:04.005336,84.88517,84.95775,85.53187
2022-01-25 13:13:04.510362,84.1636,84.08,85.7675
2022-01-25 13:13:05.006867,84.00888,84.4935,85.7675
2022-01-25 13:13:05.503400,84.42104,84.803,85.88531
2022-01-25 13:13:06.002690,83.7502,84.28675,85.88531
2022-01-25 13:13:06.508999,84.57575,84.64825,85.25666
2022-01-25 13:13:07.006691,83.7502,84.4935,85.25666
2022-01-25 13:13:07.501951,84.42104,84.59625,85.92395
2022-01-25 13:13:08.009804,84.36905,84.4415,85.92395
2022-01-25 13:13:08.505898,84.26632,84.699,85.64968
2022-01-25 13:13:09.004861,83.9569,84.33875,85.64968
2022-01-25 13:13:09.511008,84.1636,84.803,85.33489
2022-01-25 13:13:10.009777,83.80219,84.08,85.33489
2022-01-25 13:13:10.505927,84.26632,84.64825,86.04176
2022-01-25 13:13:11.009234,84.00888,84.23475,86.04176
2022-01-25 13:13:11.505018,84.42104,84.59625,85.92395
2022-01-25 13:13:12.003903,84.67848,85.21525,85.92395
2022-01-25 13:13:12.510015,83.64747,83.92525,85.25666
2022-01-25 13:13:13.008470,84.47302,85.0605,85.25666
2022-01-25 13:13:13.504626,84.47302,84.59625,85.68833
2022-01-25 13:13:14.002336,83.49276,84.02925,85.68833
2022-01-25 13:13:14.508454,84.36905,84.4935,85.57051
2022-01-25 13:13:15.006785,84.05963,84.132,85.57051
2022-01-25 13:13:15.502556,84.31831,84.64825,85.80614
2022-01-25 13:13:16.010957,84.57575,84.803,85.80614
2022-01-25 13:13:16.506781,83.59549,84.184,85.96354
2022-01-25 13:13:17.005673,84.62773,84.90575,85.96354
2022-01-25 13:13:17.501329,84.05963,84.4935,86.31697
2022-01-25 13:13:18.010125,84.42104,84.751,86.31697
2022-01-25 13:13:18.506231,83.85417,83.97725,85.72791
2022-01-25 13:13:19.004300,84.00888,84.33875,85.72791
2022-01-25 13:13:19.502813,84.36905,84.699,86.00312
2022-01-25 13:13:20.001947,84.21434,84.64825,86.00312
2022-01-25 13:13:20.508181,84.21434,84.33875,85.96354
2022-01-25 13:13:21.007182,83.85417,84.184,85.96354
2022-01-25 13:13:21.502837,84.47302,84.803,86.08135
2022-01-25 13:13:22.011058,83.80219,84.132,86.08135
2022-01-25 13:13:22.508026,84.21434,84.54425,85.64968
2022-01-25 13:13:23.005419,84.47302,84.4935,85.64968
2022-01-25 13:13:23.502153,84.11161,84.699,86.27739
2022-01-25 13:13:24.010209,84.52377,84.59625,86.27739
2022-01-25 13:13:24.504793,83.9569,84.184,85.53187
2022-01-25 13:13:25.003429,84.11161,84.4935,85.53187
2022-01-25 13:13:25.509962,83.49276,83.92525,86.31697
2022-01-25 13:13:26.007578,84.67848,85.0085,86.31697
2022-01-25 13:13:26.509457,83.90492,84.132,85.21708
2022-01-25 13:13:27.009452,84.62773,85.16325,85.21708
2022-01-25 13:13:27.505537,83.85417,84.08,85.96354
2022-01-25 13:13:28.007438,84.42104,84.85375,85.96354
2022-01-25 13:13:28.503553,84.83319,84.95775,85.88531
2022-01-25 13:13:29.001950,83.39003,83.97725,85.88531
2022-01-25 13:13:29.508262,84.1636,84.4415,86.27739
2022-01-25 13:13:30.007856,84.11161,84.33875,86.27739
2022-01-25 13:13:30.502577,84.52377,85.0085,85.49229
2022-01-25 13:13:31.010879,83.9569,84.23475,85.49229
2022-01-25 13:13:31.505718,84.05963,84.4415,85.7675
2022-01-25 13:13:32.003942,84.31831,84.59625,85.7675
2022-01-25 13:13:32.509543,84.21434,84.751,85.13885
2022-01-25 13:13:33.008649,84.00888,84.28675,85.13885
2022-01-25 13:13:33.503379,84.00888,84.132,85.96354
2022-01-25 13:13:34.001820,84.47302,84.85375,85.96354
2022-01-25 13:13:34.507819,84.11161,84.184,85.17843
2022-01-25 13:13:35.008096,84.57575,84.95775,85.17843
2022-01-25 13:13:35.503370,83.80219,84.132,85.80614
2022-01-25 13:13:36.001442,84.11161,84.59625,85.80614
2022-01-25 13:13:36.507433,84.57575,84.85375,85.96354
2022-01-25 13:13:37.004772,83.54475,83.97725,85.96354
2022-01-25 13:13:37.501158,84.73046,84.95775,85.53187
2022-01-25 13:13:38.010385,84.1636,84.23475,85.53187
2022-01-25 13:13:38.506783,84.00888,84.33875,85.92395
2022-01-25 13:13:39.007109,84.00888,84.23475,85.92395
2022-01-25 13:13:39.503252,84.31831,84.699,85.80614
2022-01-25 13:13:40.001058,84.11161,84.3895,85.80614
2022-01-25 13:13:40.506270,84.00888,84.4935,84.90322
2022-01-25 13:13:41.004993,83.9569,84.33875,84.90322
2022-01-25 13:13:41.501496,84.73046,84.90575,85.6101
2022-01-25 13:13:42.002413,83.9569,84.33875,85.6101
2022-01-25 13:13:42.510859,84.26632,84.803,85.96354
2022-01-25 13:13:43.010107,83.85417,84.23475,85.96354
2022-01-25 13:13:43.501978,84.21434,84.4935,85.29625
2022-01-25 13:13:44.010806,84.11161,84.59625,85.29625
2022-01-25 13:13:44.506407,84.42104,84.699,85.80614
2022-01-25 13:13:45.004941,84.36905,84.4415,85.80614
2022-01-25 13:13:45.503662,83.9569,84.28675,85.7675
2022-01-25 13:13:46.005106,84.47302,84.803,85.7675
2022-01-25 13:13:46.503444,83.90492,84.4415,85.68833
2022-01-25 13:13:47.001550,84.05963,84.3895,85.68833
2022-01-25 13:13:47.507489,83.80219,84.08,86.23875
2022-01-25 13:13:48.006685,84.42104,84.803,86.23875
2022-01-25 13:13:48.501836,84.78245,84.90575,85.37447
2022-01-25 13:13:49.001236,84.31831,84.59625,85.37447
2022-01-25 13:13:49.501999,83.80219,83.97725,85.92395
2022-01-25 13:13:50.002925,84.11161,84.54425,85.92395
2022-01-25 13:13:50.509808,84.36905,84.803,85.96354
2022-01-25 13:13:51.008920,83.69946,84.28675,85.96354
2022-01-25 13:13:51.504925,84.11161,84.4415,85.80614
2022-01-25 13:13:52.005748,84.00888,84.23475,85.80614
2022-01-25 13:13:52.501259,84.57575,84.85375,85.72791
2022-01-25 13:13:53.010298,84.57575,84.803,85.72791
2022-01-25 13:13:53.505285,83.64747,84.02925,86.08135
2022-01-25 13:13:54.002903,84.1636,84.3895,86.08135
2022-01-25 13:13:54.509172,83.9569,84.4415,85.88531
2022-01-25 13:13:55.006732,84.52377,85.0085,85.88531
2022-01-25 13:13:55.504560,83.80219,84.08,86.15958
2022-01-25 13:13:56.003884,84.26632,84.59625,86.15958
2022-01-25 13:13:56.509867,84.00888,84.02925,85.57051
2022-01-25 13:13:57.007784,84.47302,85.0085,85.57051
2022-01-25 13:13:57.503507,83.80219,84.132,86.08135
2022-01-25 13:13:58.003206,84.00888,84.23475,86.08135
2022-01-25 13:13:58.507704,84.1636,84.4935,85.88531
2022-01-25 13:13:59.006345,83.7502,84.33875,85.88531
2022-01-25 13:13:59.503983,84.52377,84.803,85.49229
2022-01-25 13:14:00.002781,84.31831,84.3895,85.49229
2022-01-25 13:14:00.506911,84.00888,84.3895,85.13885
2022-01-25 13:14:01.004704,84.31831,84.803,85.13885
2022-01-25 13:14:01.510968,84.00888,84.23475,85.64968
2022-01-25 13:14:02.009278,84.21434,84.54425,85.64968
2022-01-25 13:14:02.504334,83.9569,84.3895,85.6101
2022-01-25 13:14:03.002819,83.90492,84.3895,85.6101
2022-01-25 13:14:03.510628,84.52377,84.54425,85.68833
2022-01-25 13:14:04.010257,84.05963,84.59625,85.68833
2022-01-25 13:14:04.505296,84.57575,84.751,86.35656
2022-01-25 13:14:05.003371,83.85417,84.08,86.35656
2022-01-25 13:14:05.508619,84.21434,84.59625,85.09926
2022-01-25 13:14:06.005241,84.11161,84.64825,85.09926
2022-01-25 13:14:06.510276,84.1636,84.54425,86.00312
2022-01-25 13:14:07.008584,84.47302,84.64825,86.00312
2022-01-25 13:14:07.504855,83.80219,84.132,85.80614
2022-01-25 13:14:08.002805,84.26632,84.4935,85.80614
2022-01-25 13:14:08.508554,84.05963,84.3895,85.41406
2022-01-25 13:14:09.006054,84.78245,84.95775,85.41406
2022-01-25 13:14:09.501030,83.59549,83.97725,85.49229
2022-01-25 13:14:10.009707,84.1636,84.54425,85.49229
2022-01-25 13:14:10.505799,84.57575,84.751,85.21708
2022-01-25 13:14:11.009893,83.9569,84.23475,85.21708
2022-01-25 13:14:11.505326,84.52377,84.751,86.00312
2022-01-25 13:14:12.004695,83.69946,83.8745,86.00312
2022-01-25 13:14:12.510077,84.62773,84.85375,85.6101
2022-01-25 13:14:13.009657,84.00888,84.4415,85.6101
2022-01-25 13:14:13.505067,84.67848,85.0085,85.64968
2022-01-25 13:14:14.002342,83.90492,84.08,85.64968
2022-01-25 13:14:14.509145,84.21434,84.4415,85.6101
2022-01-25 13:14:15.005360,84.26632,84.64825,85.6101
2022-01-25 13:14:15.501844,84.11161,84.4415,86.98426
2022-01-25 13:14:16.009780,84.36905,84.59625,86.98426
2022-01-25 13:14:16.509967,83.59549,84.08,85.21708
2022-01-25 13:14:17.008936,84.78245,85.318,85.21708
2022-01-25 13:14:17.507176,83.85417,84.4415,85.4527
2022-01-25 13:14:18.005980,84.62773,84.751,85.4527
2022-01-25 13:14:18.511014,84.05963,83.97725,85.72791
2022-01-25 13:14:19.010661,84.11161,84.59625,85.72791
2022-01-25 13:14:19.504311,84.42104,84.699,85.92395
2022-01-25 13:14:20.010786,83.80219,84.132,85.92395
2022-01-25 13:14:20.505106,84.47302,84.95775,85.96354
2022-01-25 13:14:21.004085,83.54475,84.02925,85.96354
2022-01-25 13:14:21.510049,85.03989,85.21525,85.84572
2022-01-25 13:14:22.009438,84.21434,84.23475,85.84572
2022-01-25 13:14:22.504634,84.11161,84.33875,85.7675
2022-01-25 13:14:23.003063,84.00888,84.3895,85.7675
2022-01-25 13:14:23.510716,83.90492,84.3895,85.25666
2022-01-25 13:14:24.008624,84.57575,84.90575,85.25666
2022-01-25 13:14:24.502758,83.64747,84.33875,85.41406
2022-01-25 13:14:25.010775,84.26632,84.59625,85.41406
2022-01-25 13:14:25.505773,84.42104,84.4935,86.82781
2022-01-25 13:14:26.004092,84.47302,84.59625,86.82781
2022-01-25 13:14:26.501246,84.31831,84.4935,86.31697
2022-01-25 13:14:27.010958,83.90492,84.3895,86.31697
2022-01-25 13:14:27.506982,83.85417,84.33875,85.29625
2022-01-25 13:14:28.006315,83.90492,84.59625,85.29625
2022-01-25 13:14:28.503552,84.26632,84.59625,85.37447
2022-01-25 13:14:29.006412,84.47302,84.4935,85.37447
2022-01-25 13:14:29.501173,84.1636,84.33875,86.04176
2022-01-25 13:14:30.004356,84.36905,84.699,86.04176
2022-01-25 13:14:30.507472,84.05963,84.33875,85.84572
2022-01-25 13:14:31.002820,84.31831,84.803,85.84572
2022-01-25 13:14:31.506514,83.59549,84.23475,85.53187
2022-01-25 13:14:32.010535,84.36905,84.699,85.53187
2022-01-25 13:14:32.508373,84.11161,84.4415,85.88531
2022-01-25 13:14:33.002291,84.00888,84.08,85.88531
2022-01-25 13:14:33.505781,84.52377,84.59625,85.88531
2022-01-25 13:14:34.010987,84.00888,84.54425,85.88531
2022-01-25 13:14:34.505778,84.26632,84.64825,86.35656
2022-01-25 13:14:35.002533,84.05963,84.54425,86.35656
2022-01-25 13:14:35.502473,84.26632,84.59625,85.84572
2022-01-25 13:14:36.003145,83.9569,84.184,85.84572
2022-01-25 13:14:36.506799,84.42104,84.699,84.86364
2022-01-25 13:14:37.004019,84.05963,84.33875,84.86364
2022-01-25 13:14:37.505891,84.00888,84.33875,85.72791
2022-01-25 13:14:38.002748,84.42104,85.0085,85.72791
2022-01-25 13:14:38.507864,83.69946,84.08,85.57051
2022-01-25 13:14:39.006830,84.1636,84.54425,85.57051
2022-01-25 13:14:39.505086,84.36905,84.4415,85.37447
2022-01-25 13:14:40.001394,84.78245,85.1125,85.37447
2022-01-25 13:14:40.508439,83.85417,83.8225,86.31697
2022-01-25 13:14:41.004645,84.21434,84.4935,86.31697
2022-01-25 13:14:41.509708,84.21434,84.54425,85.96354
2022-01-25 13:14:42.006189,84.11161,84.4415,85.96354
2022-01-25 13:14:42.510741,84.67848,84.95775,85.49229
2022-01-25 13:14:43.005787,83.39003,83.8225,85.49229
2022-01-25 13:14:43.509889,84.52377,85.0605,86.12093
2022-01-25 13:14:44.007579,84.11161,84.3895,86.12093
2022-01-25 13:14:44.501124,84.36905,84.59625,85.29625
2022-01-25 13:14:45.006967,84.21434,84.54425,85.29625
2022-01-25 13:14:45.503316,84.05963,84.3895,85.68833
2022-01-25 13:14:46.009682,84.42104,84.85375,85.68833
2022-01-25 13:14:46.503697,83.7502,84.23475,85.92395
2022-01-25 13:14:47.002891,84.11161,84.4415,85.92395
2022-01-25 13:14:47.506699,84.11161,84.28675,85.88531
2022-01-25 13:14:48.004159,84.21434,84.751,85.88531
2022-01-25 13:14:48.504596,84.00888,84.28675,85.96354
2022-01-25 13:14:49.009953,84.05963,84.59625,85.96354
2022-01-25 13:14:49.505109,84.21434,84.4935,85.33489
2022-01-25 13:14:50.001046,84.11161,84.64825,85.33489
2022-01-25 13:14:50.504959,84.42104,84.699,85.17843
2022-01-25 13:14:51.003391,84.05963,84.33875,85.17843
2022-01-25 13:14:51.507574,84.05963,84.184,86.12093
2022-01-25 13:14:52.002795,84.11161,84.3895,86.12093
2022-01-25 13:14:52.506095,84.42104,84.751,85.53187
2022-01-25 13:14:53.003758,84.11161,84.4415,85.53187
2022-01-25 13:14:53.506453,84.1636,84.4415,86.3952
2022-01-25 13:14:54.003111,83.9569,84.28675,86.3952
2022-01-25 13:14:54.510771,84.52377,85.1125,85.49229
2022-01-25 13:14:55.007885,84.26632,84.28675,85.49229
2022-01-25 13:14:55.502663,84.21434,84.184,85.33489
2022-01-25 13:14:56.010037,83.9569,84.184,85.33489
2022-01-25 13:14:56.503926,84.47302,85.0085,85.29625
2022-01-25 13:14:57.004646,84.26632,84.751,85.29625
2022-01-25 13:14:57.508723,83.90492,84.132,86.23875
2022-01-25 13:14:58.005152,84.05963,84.4935,86.23875
2022-01-25 13:14:58.507735,84.31831,84.699,85.53187
2022-01-25 13:14:59.010526,84.67848,84.85375,85.53187
2022-01-25 13:14:59.504715,84.00888,84.28675,85.96354
2022-01-25 13:15:00.003319,84.21434,84.59625,85.96354
2022-01-25 13:15:00.508709,83.85417,84.28675,85.6101
2022-01-25 13:15:01.006677,84.00888,84.3895,85.6101
2022-01-25 13:15:01.503157,83.9569,84.33875,85.53187
2022-01-25 13:15:02.001164,84.05963,84.132,85.53187
2022-01-25 13:15:02.507745,84.78245,84.751,85.64968
2022-01-25 13:15:03.006949,83.7502,84.132,85.64968
2022-01-25 13:15:03.501669,84.42104,84.85375,86.35656
2022-01-25 13:15:04.009999,83.7502,84.184,86.35656
2022-01-25 13:15:04.505623,84.57575,84.85375,85.17843
2022-01-25 13:15:05.004923,83.28607,83.7705,85.17843
2022-01-25 13:15:05.510023,84.52377,84.751,86.51301
2022-01-25 13:15:06.008491,84.26632,84.4415,86.51301
2022-01-25 13:15:06.503724,83.80219,83.92525,85.57051
2022-01-25 13:15:07.005029,84.42104,84.751,85.57051
2022-01-25 13:15:07.500611,83.64747,84.132,85.21708
2022-01-25 13:15:08.010379,84.42104,84.751,85.21708
2022-01-25 13:15:08.505565,83.59549,84.28675,86.31697
2022-01-25 13:15:09.004349,84.05963,84.184,86.31697
2022-01-25 13:15:09.509811,83.9569,84.08,85.68833
2022-01-25 13:15:10.008557,84.1636,84.23475,85.68833
2022-01-25 13:15:10.508199,84.52377,84.803,239.98406
2022-01-25 13:15:11.002358,83.59549,84.02925,239.98406
2022-01-25 13:15:11.508117,84.11161,84.28675,215.08604
2022-01-25 13:15:12.007051,83.69946,84.02925,215.08604
2022-01-25 13:15:12.505075,84.67848,84.803,171.57364
2022-01-25 13:15:13.003237,83.80219,84.132,171.57364
2022-01-25 13:15:13.508625,84.42104,84.23475,114.35635
2022-01-25 13:15:14.008443,83.54475,83.71975,114.35635
2022-01-25 13:15:14.503433,84.62773,85.1125,91.85416
2022-01-25 13:15:15.002475,84.31831,84.85375,91.85416
2022-01-25 13:15:15.509155,83.69946,83.8745,94.99551
2022-01-25 13:15:16.007707,84.05963,84.28675,94.99551
2022-01-25 13:15:16.506180,83.90492,84.59625,90.79385
2022-01-25 13:15:17.003817,84.78245,84.803,90.79385
2022-01-25 13:15:17.509267,84.1636,84.4415,86.59218
2022-01-25 13:15:18.007891,83.85417,84.23475,86.59218
2022-01-25 13:15:18.503583,84.21434,84.699,86.98426
2022-01-25 13:15:19.001333,84.21434,84.64825,86.98426
2022-01-25 13:15:19.509130,84.31831,84.54425,86.27739
2022-01-25 13:15:20.008521,83.9569,84.59625,86.27739
2022-01-25 13:15:20.504037,84.00888,84.132,86.35656
2022-01-25 13:15:21.004638,84.47302,84.699,86.35656
2022-01-25 13:15:21.501051,84.11161,84.4415,86.35656
2022-01-25 13:15:22.009911,84.31831,84.699,86.35656
2022-01-25 13:15:22.506150,83.9569,84.184,85.53187
2022-01-25 13:15:23.004621,84.21434,84.59625,85.53187
2022-01-25 13:15:23.509082,84.00888,84.59625,85.09926
2022-01-25 13:15:24.006877,84.31831,84.699,85.09926
2022-01-25 13:15:24.502389,84.36905,84.64825,86.23875
2022-01-25 13:15:25.010449,83.64747,84.02925,86.23875
2022-01-25 13:15:25.507490,84.62773,85.0605,85.49229
2022-01-25 13:15:26.006622,84.05963,84.59625,85.49229
2022-01-25 13:15:26.502013,84.26632,84.59625,85.57051
2022-01-25 13:15:27.010487,83.80219,84.4935,85.57051
2022-01-25 13:15:27.506197,84.26632,84.4935,86.71
2022-01-25 13:15:28.008457,84.36905,84.64825,86.71
2022-01-25 13:15:28.503211,83.9569,84.23475,85.88531
2022-01-25 13:15:29.001853,84.62773,84.95775,85.88531
2022-01-25 13:15:29.508540,83.69946,84.184,85.4527
2022-01-25 13:15:30.009251,84.73046,85.0085,85.4527
2022-01-25 13:15:30.507639,83.90492,84.23475,86.12093
2022-01-25 13:15:31.007322,84.78245,85.0605,86.12093
2022-01-25 13:15:31.502983,83.9569,84.4415,85.80614
2022-01-25 13:15:32.001482,84.31831,84.33875,85.80614
2022-01-25 13:15:32.507837,84.47302,84.64825,85.4527
2022-01-25 13:15:33.006735,83.9569,84.28675,85.4527
2022-01-25 13:15:33.503560,84.42104,84.751,85.37447
2022-01-25 13:15:34.001508,83.9569,84.28675,85.37447
2022-01-25 13:15:34.509291,84.05963,84.33875,85.29625
2022-01-25 13:15:35.008494,84.00888,84.54425,85.29625
2022-01-25 13:15:35.504745,84.73046,85.0605,85.17843
2022-01-25 13:15:36.002391,83.9569,84.132,85.17843
2022-01-25 13:15:36.508504,84.26632,84.54425,86.08135
2022-01-25 13:15:37.006774,84.21434,84.4935,86.08135
2022-01-25 13:15:37.501868,84.11161,84.4935,86.08135
2022-01-25 13:15:38.011184,84.36905,84.699,86.08135
2022-01-25 13:15:38.507377,83.39003,83.92525,86.12093
2022-01-25 13:15:39.006500,84.62773,85.1125,86.12093
2022-01-25 13:15:39.502669,84.57575,84.803,86.23875
2022-01-25 13:15:40.009764,84.00888,84.23475,86.23875
2022-01-25 13:15:40.505246,84.31831,84.4935,85.57051
2022-01-25 13:15:41.003203,84.00888,84.3895,85.57051
2022-01-25 13:15:41.509552,84.1636,84.3895,85.92395
2022-01-25 13:15:42.008685,83.80219,84.3895,85.92395
2022-01-25 13:15:42.504595,83.9569,84.184,85.21708
2022-01-25 13:15:43.004020,84.57575,84.803,85.21708
2022-01-25 13:15:43.509886,84.36905,84.699,85.25666
2022-01-25 13:15:44.009142,84.36905,84.64825,85.25666
2022-01-25 13:15:44.506001,84.26632,84.59625,86.19916
2022-01-25 13:15:45.004369,84.05963,84.4415,86.19916
2022-01-25 13:15:45.511137,83.9569,84.4935,85.84572
2022-01-25 13:15:46.011039,84.1636,84.28675,85.84572
2022-01-25 13:15:46.506438,84.31831,84.64825,85.6101
2022-01-25 13:15:47.004985,84.05963,84.28675,85.6101
