時間,回転１,回転２,回転３
2022-01-25 19:00:00.008374,0.0,0.0,0.0
2022-01-25 19:00:00.502576,0.0,0.0,0.0
2022-01-25 19:00:01.010647,0.0,0.0,0.0
2022-01-25 19:00:01.510055,0.0,0.0,0.0
2022-01-25 19:00:02.007989,0.0,0.0,0.0
2022-01-25 19:00:02.507985,0.0,0.0,0.0
2022-01-25 19:00:03.005412,0.0,0.0,0.0
2022-01-25 19:00:03.509380,0.0,0.0,0.0
2022-01-25 19:00:04.007475,0.0,0.0,0.0
2022-01-25 19:00:04.502392,0.0,0.0,0.0
2022-01-25 19:00:05.000965,0.0,0.0,0.0
2022-01-25 19:00:05.507871,0.0,0.0,0.0
2022-01-25 19:00:06.005455,0.0,0.0,0.0
2022-01-25 19:00:06.501087,0.0,0.0,0.0
2022-01-25 19:00:07.009155,0.0,0.0,0.0
2022-01-25 19:00:07.504430,0.0,0.0,0.0
2022-01-25 19:00:08.002409,0.0,0.0,0.0
2022-01-25 19:00:08.507042,0.0,0.0,0.0
2022-01-25 19:00:09.003700,0.0,0.0,0.0
2022-01-25 19:00:09.508536,0.0,0.0,0.0
2022-01-25 19:00:10.007282,0.0,0.0,0.0
2022-01-25 19:00:10.502678,0.0,0.0,0.0
2022-01-25 19:00:11.007838,0.0,0.0,0.0
2022-01-25 19:00:11.503395,0.0,0.0,0.0
2022-01-25 19:00:12.001185,0.0,0.0,0.0
2022-01-25 19:00:12.504887,0.0,0.0,0.0
2022-01-25 19:00:13.001209,0.0,0.0,0.0
2022-01-25 19:00:13.504839,0.0,0.0,0.0
2022-01-25 19:00:14.002072,0.0,0.0,0.0
2022-01-25 19:00:14.507612,0.0,0.0,0.0
2022-01-25 19:00:15.007517,0.0,0.0,0.0
2022-01-25 19:00:15.502649,0.0,0.0,0.0
2022-01-25 19:00:16.009567,0.0,0.0,0.0
2022-01-25 19:00:16.506288,0.0,0.0,0.0
2022-01-25 19:00:17.003263,0.0,0.0,0.0
2022-01-25 19:00:17.506815,0.0,0.0,0.0
2022-01-25 19:00:18.005035,0.0,0.0,-0.03864
2022-01-25 19:00:18.501048,0.0,0.0,-0.03864
2022-01-25 19:00:19.009290,0.0,0.0,0.0
2022-01-25 19:00:19.506988,0.0,0.0,0.0
2022-01-25 19:00:20.005096,0.0,0.0,0.0
2022-01-25 19:00:20.510325,0.0,0.0,0.0
2022-01-25 19:00:21.006031,0.0,0.0,0.0
2022-01-25 19:00:21.503377,0.0,0.0,0.0
2022-01-25 19:00:22.011014,0.0,0.0,0.0
2022-01-25 19:00:22.505234,0.0,0.0,0.0
2022-01-25 19:00:23.002947,0.0,0.0,0.0
2022-01-25 19:00:23.507886,0.0,0.0,0.0
2022-01-25 19:00:24.006401,0.0,0.0,0.0
2022-01-25 19:00:25.005457,0.0,0.0,0.0
2022-01-25 19:00:25.509816,0.0,0.0,0.0
2022-01-25 19:00:26.008988,0.0,0.0,0.0
2022-01-25 19:00:26.511379,0.0,0.0,0.0
2022-01-25 19:00:27.008670,0.0,0.0,0.0
2022-01-25 19:00:27.509734,0.0,0.0,0.0
2022-01-25 19:00:28.005325,0.0,0.0,0.0
2022-01-25 19:00:28.501907,0.0,0.0,0.0
2022-01-25 19:00:29.002434,0.0,0.0,0.0
2022-01-25 19:00:29.507705,0.0,0.0,0.0
2022-01-25 19:00:30.006410,0.0,0.0,0.0
2022-01-25 19:00:30.501301,0.0,0.0,0.0
2022-01-25 19:00:31.008348,0.0,0.0,0.0
2022-01-25 19:00:31.503319,0.0,0.0,0.0
2022-01-25 19:00:32.010792,0.0,0.0,0.0
2022-01-25 19:00:32.505774,0.0,0.0,0.0
2022-01-25 19:00:33.002783,0.0,0.0,0.0
2022-01-25 19:00:33.508605,0.0,0.0,0.0
2022-01-25 19:00:34.005858,0.0,0.0,0.0
2022-01-25 19:00:34.509520,0.0,0.0,0.0
2022-01-25 19:00:35.006806,0.0,0.0,0.0
2022-01-25 19:00:35.501565,0.0,0.0,0.0
2022-01-25 19:00:36.010613,0.0,0.0,0.0
2022-01-25 19:00:36.505141,0.0,0.0,0.0
2022-01-25 19:00:37.002164,0.0,0.0,0.0
2022-01-25 19:00:37.508815,0.0,0.0,0.0
2022-01-25 19:00:38.006312,0.0,0.0,0.0
2022-01-25 19:00:38.510635,0.0,0.0,0.0
2022-01-25 19:00:39.007991,0.0,0.0,0.0
2022-01-25 19:00:39.502504,0.0,0.0,0.0
2022-01-25 19:00:40.008874,0.0,0.0,0.0
2022-01-25 19:00:40.504306,0.0,0.0,0.0
2022-01-25 19:00:41.002504,0.0,0.0,0.0
2022-01-25 19:00:41.508177,0.0,0.0,0.0
2022-01-25 19:00:42.006578,0.0,0.0,0.0
2022-01-25 19:00:42.501853,0.0,0.0,0.0
2022-01-25 19:00:43.009678,0.0,0.0,0.0
2022-01-25 19:00:43.508283,0.0,0.0,0.0
2022-01-25 19:00:44.006465,0.0,0.0,0.0
2022-01-25 19:00:44.501140,0.0,0.0,0.0
2022-01-25 19:00:45.008861,0.0,0.0,0.0
2022-01-25 19:00:45.503863,0.0,0.0,0.0
2022-01-25 19:00:46.003009,0.0,0.0,0.0
2022-01-25 19:00:46.506387,0.0,0.0,0.0
2022-01-25 19:00:47.004592,0.0,0.0,0.0
2022-01-25 19:00:47.509810,0.0,0.0,0.0
2022-01-25 19:00:48.006469,0.0,0.0,0.0
2022-01-25 19:00:48.511378,0.0,0.0,0.0
2022-01-25 19:00:49.007700,0.0,0.0,0.0
2022-01-25 19:00:49.503044,0.0,0.0,0.0
2022-01-25 19:00:50.010485,0.0,0.0,0.0
2022-01-25 19:00:50.508347,0.0,0.0,0.0
2022-01-25 19:00:51.003283,0.0,0.0,0.0
2022-01-25 19:00:51.508605,0.0,0.0,0.0
2022-01-25 19:00:52.005809,0.0,0.0,0.0
2022-01-25 19:00:52.501253,0.0,0.0,0.0
2022-01-25 19:00:53.008142,0.0,0.0,0.03864
2022-01-25 19:00:53.502851,0.0,0.0,0.03864
2022-01-25 19:00:54.003427,0.0,0.0,0.0
2022-01-25 19:00:54.509157,0.0,0.0,0.0
2022-01-25 19:00:55.008048,0.0,0.0,-0.07822
2022-01-25 19:00:55.503705,0.0,0.0,-0.07822
2022-01-25 19:00:56.001674,0.0,0.0,0.0
2022-01-25 19:00:56.507488,0.0,0.0,0.0
2022-01-25 19:00:57.004532,0.0,0.0,0.0
2022-01-25 19:00:57.511397,0.0,0.0,0.0
2022-01-25 19:00:58.009355,0.0,0.0,0.0
2022-01-25 19:00:58.504099,0.0,0.0,0.0
2022-01-25 19:00:59.011008,0.0,0.0,0.0
2022-01-25 19:00:59.504935,0.0,0.0,0.0
2022-01-25 19:01:00.002690,0.0,0.0,0.0
2022-01-25 19:01:00.508703,0.0,0.0,0.0
2022-01-25 19:01:01.006386,0.0,0.0,0.0
2022-01-25 19:01:01.502761,0.0,0.0,0.0
2022-01-25 19:01:02.003278,0.0,0.0,0.0
2022-01-25 19:01:02.508391,0.0,0.0,0.0
2022-01-25 19:01:03.007159,0.0,0.0,0.0
2022-01-25 19:01:03.501083,0.0,0.0,0.0
2022-01-25 19:01:04.009367,0.0,0.0,-0.03864
2022-01-25 19:01:04.505293,0.0,0.0,-0.03864
2022-01-25 19:01:05.003280,0.0,0.0,0.0
2022-01-25 19:01:05.508097,0.0,0.0,0.0
2022-01-25 19:01:06.007437,0.0,0.0,0.03864
2022-01-25 19:01:06.503712,0.0,0.0,0.03864
2022-01-25 19:01:07.002448,0.0,0.0,-0.03864
2022-01-25 19:01:07.506999,0.0,0.0,-0.03864
2022-01-25 19:01:08.006146,0.0,0.0,-0.03864
2022-01-25 19:01:08.502552,0.0,0.0,-0.03864
2022-01-25 19:01:09.010327,0.0,0.0,0.03864
2022-01-25 19:01:09.504807,0.0,0.0,0.03864
2022-01-25 19:01:10.002200,0.0,0.0,0.0
2022-01-25 19:01:10.504469,0.0,0.0,0.0
2022-01-25 19:01:11.001138,0.0,0.0,0.0
2022-01-25 19:01:11.505135,0.0,0.0,0.0
2022-01-25 19:01:12.003703,0.0,0.0,0.0
2022-01-25 19:01:12.509832,0.0,0.0,0.0
2022-01-25 19:01:13.006796,0.0,0.0,0.0
2022-01-25 19:01:13.502187,0.0,0.0,0.0
2022-01-25 19:01:14.010457,0.0,0.0,0.0
2022-01-25 19:01:14.505169,0.0,0.0,0.0
2022-01-25 19:01:15.002167,0.0,0.0,0.0
2022-01-25 19:01:15.506464,0.0,0.0,0.0
2022-01-25 19:01:16.003946,0.0,0.0,0.0
2022-01-25 19:01:16.510119,0.0,0.0,0.0
2022-01-25 19:01:17.008342,0.0,0.0,0.0
2022-01-25 19:01:17.502962,0.0,0.0,0.0
2022-01-25 19:01:18.003774,0.0,0.0,0.0
2022-01-25 19:01:18.508004,0.0,0.0,0.0
2022-01-25 19:01:19.005428,0.0,0.0,0.0
2022-01-25 19:01:19.501710,0.0,0.0,0.0
2022-01-25 19:01:20.009035,0.0,0.0,0.0
2022-01-25 19:01:20.503547,0.0,0.0,0.0
2022-01-25 19:01:21.002070,0.0,0.0,0.0
2022-01-25 19:01:21.506788,0.0,0.0,0.0
2022-01-25 19:01:22.005330,0.0,0.0,0.0
2022-01-25 19:01:22.503293,0.0,0.0,0.0
2022-01-25 19:01:23.001312,0.0,0.0,0.0
2022-01-25 19:01:23.506386,0.0,0.0,0.0
2022-01-25 19:01:24.003489,0.0,0.0,0.0
2022-01-25 19:01:24.507412,0.0,0.0,0.0
2022-01-25 19:01:25.005272,0.0,0.0,0.0
2022-01-25 19:01:25.501908,0.0,0.0,0.0
2022-01-25 19:01:26.009236,0.0,0.0,-0.03864
2022-01-25 19:01:26.504497,0.0,0.0,-0.03864
2022-01-25 19:01:27.003802,0.0,0.0,0.0
2022-01-25 19:01:27.508663,0.0,0.0,0.0
2022-01-25 19:01:28.006164,0.0,0.0,0.0
2022-01-25 19:01:28.510565,0.0,0.0,0.0
2022-01-25 19:01:29.010035,0.0,0.0,0.03864
2022-01-25 19:01:29.504712,0.0,0.0,0.03864
2022-01-25 19:01:30.001850,0.0,0.0,0.0
2022-01-25 19:01:30.506729,0.0,0.0,0.0
2022-01-25 19:01:31.004207,0.0,0.0,0.0
2022-01-25 19:01:31.501497,0.0,0.0,0.0
2022-01-25 19:01:32.001793,0.0,0.0,0.0
2022-01-25 19:01:32.506860,0.0,0.0,0.0
2022-01-25 19:01:33.003370,0.0,0.0,0.0
2022-01-25 19:01:33.508231,0.0,0.0,0.0
2022-01-25 19:01:34.005479,0.0,0.0,0.0
2022-01-25 19:01:34.510778,0.0,0.0,0.0
2022-01-25 19:01:35.008656,0.0,0.0,0.0
2022-01-25 19:01:35.503356,0.0,0.0,0.0
2022-01-25 19:01:36.002713,0.0,0.0,0.0
2022-01-25 19:01:36.507315,0.0,0.0,0.0
2022-01-25 19:01:37.003527,0.0,0.0,0.0
2022-01-25 19:01:37.507935,0.0,0.0,0.0
2022-01-25 19:01:38.006858,0.0,0.0,0.0
2022-01-25 19:01:38.500984,0.0,0.0,0.0
2022-01-25 19:01:39.008043,0.0,0.0,0.0
2022-01-25 19:01:39.503415,0.0,0.0,0.0
2022-01-25 19:01:40.001390,0.0,0.0,0.0
2022-01-25 19:01:40.508654,0.0,0.0,0.0
2022-01-25 19:01:41.006217,0.0,0.0,0.0
2022-01-25 19:01:41.501979,0.0,0.0,0.0
2022-01-25 19:01:42.009306,0.0,0.0,0.0
2022-01-25 19:01:42.504031,0.0,0.0,0.0
2022-01-25 19:01:43.001469,0.0,0.0,0.0
2022-01-25 19:01:43.507401,0.0,0.0,0.0
2022-01-25 19:01:44.005512,0.0,0.0,0.0
2022-01-25 19:01:44.509429,0.0,0.0,0.0
2022-01-25 19:01:45.008037,0.0,0.0,0.0
2022-01-25 19:01:45.502069,0.0,0.0,0.0
2022-01-25 19:01:46.009185,0.0,0.0,0.0
2022-01-25 19:01:46.504791,0.0,0.0,0.0
2022-01-25 19:01:47.002439,0.0,0.0,0.0
2022-01-25 19:01:47.508040,0.0,0.0,0.0
2022-01-25 19:01:48.005884,0.0,0.0,-0.03864
2022-01-25 19:01:48.501290,0.0,0.0,-0.03864
2022-01-25 19:01:49.009730,0.0,0.0,0.0
2022-01-25 19:01:49.506722,0.0,0.0,0.0
2022-01-25 19:01:50.005374,0.0,0.0,0.0
2022-01-25 19:01:50.509818,0.0,0.0,0.0
2022-01-25 19:01:51.007671,0.0,0.0,0.0
2022-01-25 19:01:51.501717,0.0,0.0,0.0
2022-01-25 19:01:52.009220,0.0,0.0,0.0
2022-01-25 19:01:52.503516,0.0,0.0,0.0
2022-01-25 19:01:53.011111,0.0,0.0,0.0
2022-01-25 19:01:53.506488,0.0,0.0,0.0
2022-01-25 19:01:54.005477,0.0,0.0,0.0
2022-01-25 19:01:54.510571,0.0,0.0,0.0
2022-01-25 19:01:55.008141,0.0,0.0,0.0
2022-01-25 19:01:55.503426,0.0,0.0,0.0
2022-01-25 19:01:56.010030,0.0,0.0,0.0
2022-01-25 19:01:56.503881,0.0,0.0,0.0
2022-01-25 19:01:57.001501,0.0,0.0,0.0
2022-01-25 19:01:57.505885,0.0,0.0,0.0
2022-01-25 19:01:58.002806,0.0,0.0,0.0
2022-01-25 19:01:58.509152,0.0,0.0,0.0
2022-01-25 19:01:59.007182,0.0,0.0,0.0
2022-01-25 19:01:59.502338,0.0,0.0,0.0
2022-01-25 19:02:00.009316,0.0,0.0,0.0
2022-01-25 19:02:00.510859,0.0,0.0,0.0
2022-01-25 19:02:01.009497,0.0,0.0,0.0
2022-01-25 19:02:01.503474,0.0,0.0,0.0
2022-01-25 19:02:02.010758,0.0,0.0,0.0
2022-01-25 19:02:02.506393,0.0,0.0,0.0
2022-01-25 19:02:03.002560,0.0,0.0,0.0
2022-01-25 19:02:03.506281,0.0,0.0,0.0
2022-01-25 19:02:04.003731,0.0,0.0,0.0
2022-01-25 19:02:04.508550,0.0,0.0,0.0
2022-01-25 19:02:05.005533,0.0,0.0,0.0
2022-01-25 19:02:05.509917,0.0,0.0,0.0
2022-01-25 19:02:06.006640,0.0,0.0,0.03864
2022-01-25 19:02:07.005150,0.0,0.0,-0.03864
2022-01-25 19:02:07.501127,0.0,0.0,-0.03864
2022-01-25 19:02:08.010728,0.0,0.0,-0.03864
2022-01-25 19:02:08.506065,0.0,0.0,-0.03864
2022-01-25 19:02:09.003373,0.0,0.0,0.0
2022-01-25 19:02:09.509616,0.0,0.0,0.0
2022-01-25 19:02:10.007094,0.0,0.0,0.03864
2022-01-25 19:02:10.500767,0.0,0.0,0.03864
2022-01-25 19:02:11.007299,0.0,0.0,0.0
2022-01-25 19:02:11.503474,0.0,0.0,0.0
2022-01-25 19:02:12.010899,0.0,0.0,0.0
2022-01-25 19:02:12.504466,0.0,0.0,0.0
2022-01-25 19:02:13.002687,0.0,0.0,0.0
2022-01-25 19:02:13.507435,0.0,0.0,0.0
2022-01-25 19:02:14.005808,0.0,0.0,0.0
2022-01-25 19:02:14.501157,0.0,0.0,0.0
2022-01-25 19:02:15.009399,0.0,0.0,0.0
2022-01-25 19:02:15.504221,0.0,0.0,0.0
2022-01-25 19:02:16.002071,0.0,0.0,0.0
2022-01-25 19:02:16.501112,0.0,0.0,0.0
2022-01-25 19:02:17.009212,0.0,0.0,-0.03864
2022-01-25 19:02:17.503183,0.0,0.0,-0.03864
2022-01-25 19:02:18.002209,0.0,0.0,0.0
2022-01-25 19:02:18.506597,0.0,0.0,0.0
2022-01-25 19:02:19.006328,0.0,0.0,0.0
2022-01-25 19:02:19.510304,0.0,0.0,0.0
2022-01-25 19:02:20.009106,0.0,0.0,0.0
2022-01-25 19:02:20.504992,0.0,0.0,0.0
2022-01-25 19:02:21.001646,0.0,0.0,0.0
2022-01-25 19:02:21.506555,0.0,0.0,0.0
2022-01-25 19:02:22.004781,0.0,0.0,0.0
2022-01-25 19:02:22.510132,0.0,0.0,0.0
2022-01-25 19:02:23.007537,0.0,0.0,0.0
2022-01-25 19:02:23.502721,0.0,0.0,0.0
2022-01-25 19:02:24.001403,0.0,0.0,0.0
2022-01-25 19:02:24.507788,0.0,0.0,0.0
2022-01-25 19:02:25.005888,0.0,0.0,0.03864
2022-01-25 19:02:25.503290,0.0,0.0,0.03864
2022-01-25 19:02:26.002717,0.0,0.0,0.0
2022-01-25 19:02:26.508863,0.0,0.0,0.0
2022-01-25 19:02:27.007009,0.0,0.0,0.0
2022-01-25 19:02:27.502572,0.0,0.0,0.0
2022-01-25 19:02:28.010033,0.0,0.0,0.0
2022-01-25 19:02:28.504069,0.0,0.0,0.0
2022-01-25 19:02:29.001978,0.0,0.0,0.0
2022-01-25 19:02:29.509193,0.0,0.0,0.0
2022-01-25 19:02:30.007076,0.0,0.0,0.0
2022-01-25 19:02:30.502512,0.0,0.0,0.0
2022-01-25 19:02:31.009636,0.0,0.0,0.0
2022-01-25 19:02:31.504751,0.0,0.0,0.0
2022-01-25 19:02:32.002469,0.0,0.0,0.0
2022-01-25 19:02:32.510522,0.0,0.0,0.0
2022-01-25 19:02:33.007062,0.0,0.0,0.0
2022-01-25 19:02:33.509525,0.0,0.0,0.0
2022-01-25 19:02:34.008091,0.0,0.0,0.0
2022-01-25 19:02:34.504823,0.0,0.0,0.0
2022-01-25 19:02:35.001483,0.0,0.0,0.0
2022-01-25 19:02:35.504950,0.0,0.0,0.0
2022-01-25 19:02:36.004017,0.0,0.0,0.0
2022-01-25 19:02:36.504943,0.0,0.0,0.0
2022-01-25 19:02:37.006933,0.0,0.0,0.0
2022-01-25 19:02:37.509069,0.0,0.0,0.0
2022-01-25 19:02:38.010999,0.0,0.0,0.0
2022-01-25 19:02:38.509152,0.0,0.0,0.0
2022-01-25 19:02:39.004456,0.0,0.0,0.0
2022-01-25 19:02:39.503663,0.0,0.0,0.0
2022-01-25 19:02:40.010199,0.0,0.0,-0.03864
2022-01-25 19:02:40.505525,0.0,0.0,-0.03864
2022-01-25 19:02:41.001304,0.0,0.0,0.0
2022-01-25 19:02:41.505773,0.0,0.0,0.0
2022-01-25 19:02:42.002312,0.0,0.0,0.0
2022-01-25 19:02:42.504847,0.0,0.0,0.0
2022-01-25 19:02:43.005054,0.0,0.0,0.0
2022-01-25 19:02:43.510133,0.0,0.0,0.0
2022-01-25 19:02:44.008781,0.0,0.0,0.0
2022-01-25 19:02:44.503260,0.0,0.0,0.0
2022-01-25 19:02:45.001615,0.0,0.0,0.0
2022-01-25 19:02:45.507606,0.0,0.0,0.0
2022-01-25 19:02:46.005081,0.0,0.0,0.0
2022-01-25 19:02:46.507872,0.0,0.0,0.0
2022-01-25 19:02:47.007619,0.0,0.0,0.0
2022-01-25 19:02:47.505062,0.0,0.0,0.0
2022-01-25 19:02:48.004591,0.0,0.0,0.0
2022-01-25 19:02:48.508854,0.0,0.0,0.0
2022-01-25 19:02:49.007286,0.0,0.0,0.0
2022-01-25 19:02:49.501416,0.0,0.0,0.0
2022-01-25 19:02:50.009748,0.0,0.0,0.0
2022-01-25 19:02:50.505027,0.0,0.0,0.0
2022-01-25 19:02:51.003794,0.0,0.0,0.0
2022-01-25 19:02:51.509848,0.0,0.0,0.0
2022-01-25 19:02:52.009325,0.0,0.0,0.0
2022-01-25 19:02:52.503329,0.0,0.0,0.0
2022-01-25 19:02:53.003013,0.0,0.0,0.0
2022-01-25 19:02:53.508736,0.0,0.0,0.0
2022-01-25 19:02:54.007307,0.0,0.0,0.0
2022-01-25 19:02:54.502084,0.0,0.0,0.0
2022-01-25 19:02:55.006293,0.0,0.0,0.0
2022-01-25 19:02:55.501255,0.0,0.0,0.0
2022-01-25 19:02:56.011111,0.0,0.0,0.0
2022-01-25 19:02:56.506732,0.0,0.0,0.0
2022-01-25 19:02:57.005615,0.0,0.0,0.0
2022-01-25 19:02:57.510301,0.0,0.0,0.0
2022-01-25 19:02:58.007499,0.0,0.0,0.0
2022-01-25 19:02:58.501119,0.0,0.0,0.0
2022-01-25 19:02:59.009351,0.0,0.0,0.0
2022-01-25 19:02:59.503274,0.0,0.0,0.0
2022-01-25 19:03:00.001836,0.0,0.0,0.0
2022-01-25 19:03:00.508935,0.0,0.0,0.0
2022-01-25 19:03:01.007003,0.0,0.0,0.0
2022-01-25 19:03:01.502613,0.0,0.0,0.0
2022-01-25 19:03:02.001179,0.0,0.0,0.0
2022-01-25 19:03:02.506671,0.0,0.0,0.0
2022-01-25 19:03:03.004235,0.0,0.0,0.0
2022-01-25 19:03:03.508164,0.0,0.0,0.0
2022-01-25 19:03:04.007849,0.0,0.0,0.0
2022-01-25 19:03:04.505085,0.0,0.0,0.0
2022-01-25 19:03:05.003254,0.0,0.0,0.0
2022-01-25 19:03:05.508925,0.0,0.0,0.0
2022-01-25 19:03:06.006867,0.0,0.0,0.0
2022-01-25 19:03:06.501988,0.0,0.0,0.0
2022-01-25 19:03:07.002398,0.0,0.0,0.0
2022-01-25 19:03:07.507489,0.0,0.0,0.0
2022-01-25 19:03:08.004843,0.0,0.0,0.0
2022-01-25 19:03:08.510205,0.0,0.0,0.0
2022-01-25 19:03:09.008712,0.0,0.0,0.0
2022-01-25 19:03:09.504772,0.0,0.0,0.0
2022-01-25 19:03:10.003094,0.0,0.0,0.0
2022-01-25 19:03:10.509034,0.0,0.0,0.0
2022-01-25 19:03:11.003323,0.0,0.0,0.0
2022-01-25 19:03:11.508791,0.0,0.0,0.0
2022-01-25 19:03:12.006978,0.0,0.0,0.0
2022-01-25 19:03:12.503531,0.0,0.0,0.0
2022-01-25 19:03:13.002731,0.0,0.0,0.0
2022-01-25 19:03:13.510525,0.0,0.0,0.0
2022-01-25 19:03:14.007416,0.0,0.0,0.0
2022-01-25 19:03:14.502252,0.0,0.0,0.0
2022-01-25 19:03:15.011245,0.0,0.0,0.0
2022-01-25 19:03:15.508611,0.0,0.0,0.0
2022-01-25 19:03:16.005739,0.0,0.0,0.0
2022-01-25 19:03:16.509995,0.0,0.0,0.0
2022-01-25 19:03:17.008094,0.0,0.0,0.0
2022-01-25 19:03:17.505207,0.0,0.0,0.0
2022-01-25 19:03:18.004228,0.0,0.0,0.0
2022-01-25 19:03:18.510765,0.0,0.0,0.0
2022-01-25 19:03:19.007758,0.0,0.0,0.0
2022-01-25 19:03:19.502367,0.0,0.0,0.0
2022-01-25 19:03:20.010800,0.0,0.0,0.0
2022-01-25 19:03:20.505895,0.0,0.0,0.0
2022-01-25 19:03:21.004124,0.0,0.0,0.0
2022-01-25 19:03:21.510357,0.0,0.0,0.0
2022-01-25 19:03:22.008772,0.0,0.0,0.0
2022-01-25 19:03:22.504717,0.0,0.0,0.0
2022-01-25 19:03:23.006280,0.0,0.0,0.0
2022-01-25 19:03:23.510630,0.0,0.0,0.0
2022-01-25 19:03:24.008248,0.0,0.0,0.0
2022-01-25 19:03:24.504184,0.0,0.0,0.0
2022-01-25 19:03:25.004022,0.0,0.0,0.03864
2022-01-25 19:03:25.509506,0.0,0.0,0.03864
2022-01-25 19:03:26.007776,0.0,0.0,0.0
2022-01-25 19:03:26.502448,0.0,0.0,0.0
2022-01-25 19:03:27.001822,0.0,0.0,0.0
2022-01-25 19:03:27.507417,0.0,0.0,0.0
2022-01-25 19:03:28.005834,0.0,0.0,0.0
2022-01-25 19:03:28.501179,0.0,0.0,0.0
2022-01-25 19:03:29.009762,0.0,0.0,0.0
2022-01-25 19:03:29.504226,0.0,0.0,0.0
2022-01-25 19:03:30.003351,0.0,0.0,0.0
2022-01-25 19:03:30.508651,0.0,0.0,0.0
2022-01-25 19:03:31.007888,0.0,0.0,0.0
2022-01-25 19:03:31.504513,0.0,0.0,0.0
2022-01-25 19:03:32.001495,0.0,0.0,0.0
2022-01-25 19:03:32.508110,0.0,0.0,0.0
2022-01-25 19:03:33.006860,0.0,0.0,0.0
2022-01-25 19:03:33.502228,0.0,0.0,0.0
2022-01-25 19:03:34.009810,0.0,0.0,0.15645
2022-01-25 19:03:34.504318,0.0,0.0,0.15645
2022-01-25 19:03:35.001869,0.0,0.0,0.03864
2022-01-25 19:03:35.506242,0.0,0.0,0.03864
2022-01-25 19:03:36.005073,0.0,0.0,0.03864
2022-01-25 19:03:36.510416,0.0,0.0,0.03864
2022-01-25 19:03:37.007467,0.0,0.0,0.0
2022-01-25 19:03:37.502984,0.0,0.0,0.0
2022-01-25 19:03:38.001817,0.0,0.0,0.0
2022-01-25 19:03:38.506881,0.0,0.0,0.0
2022-01-25 19:03:39.005409,0.0,0.0,0.0
2022-01-25 19:03:39.510412,0.0,0.0,0.0
2022-01-25 19:03:40.008139,0.0,0.0,0.0
2022-01-25 19:03:40.505230,0.0,0.0,0.0
2022-01-25 19:03:41.003280,0.0,0.0,0.0
2022-01-25 19:03:41.508638,0.0,0.0,0.0
2022-01-25 19:03:42.007208,0.0,0.0,0.0
2022-01-25 19:03:42.507957,0.0,0.0,0.0
2022-01-25 19:03:43.006207,0.0,0.0,0.0
2022-01-25 19:03:43.510570,0.0,0.0,0.0
2022-01-25 19:03:44.008075,0.0,0.0,0.0
2022-01-25 19:03:44.502359,0.0,0.0,0.0
2022-01-25 19:03:45.002190,0.0,0.0,0.0
2022-01-25 19:03:45.507390,0.0,0.0,0.0
2022-01-25 19:03:46.011184,0.0,0.0,0.0
2022-01-25 19:03:46.507948,0.0,0.0,0.0
2022-01-25 19:03:47.004434,0.0,0.0,0.0
2022-01-25 19:03:47.508215,0.0,0.0,0.0
2022-01-25 19:03:48.005071,0.0,0.0,0.0
2022-01-25 19:03:48.510990,0.0,0.0,0.0
2022-01-25 19:03:49.009012,0.0,0.0,0.0
2022-01-25 19:03:49.505349,0.0,0.0,0.0
2022-01-25 19:03:50.006790,0.0,0.0,0.0
2022-01-25 19:03:50.502522,0.0,0.0,0.0
2022-01-25 19:03:51.000987,0.0,0.0,0.0
2022-01-25 19:03:51.505659,0.0,0.0,0.0
2022-01-25 19:03:52.008073,0.0,0.0,0.0
2022-01-25 19:03:52.504915,0.0,0.0,0.0
2022-01-25 19:03:53.003775,0.0,0.0,0.0
2022-01-25 19:03:53.503930,0.0,0.0,0.0
2022-01-25 19:03:54.008657,0.0,0.0,0.0
2022-01-25 19:03:54.509742,0.0,0.0,0.0
2022-01-25 19:03:55.002205,0.0,0.0,0.0
2022-01-25 19:03:55.507233,0.0,0.0,0.0
2022-01-25 19:03:56.009492,0.0,0.0,0.0
2022-01-25 19:03:56.502597,0.0,0.0,0.0
2022-01-25 19:03:57.005345,0.0,0.0,0.0
2022-01-25 19:03:57.510282,0.0,0.0,0.0
2022-01-25 19:03:58.004609,0.0,0.0,0.0
2022-01-25 19:03:58.508778,0.0,0.0,0.0
2022-01-25 19:03:59.008389,0.0,0.0,0.0
2022-01-25 19:03:59.505076,0.0,0.0,0.0
2022-01-25 19:04:00.003793,0.0,0.0,0.0
2022-01-25 19:04:00.505291,0.0,0.0,0.0
2022-01-25 19:04:01.005045,0.0,0.0,0.0
2022-01-25 19:04:01.503453,0.0,0.0,0.0
2022-01-25 19:04:02.001085,0.0,0.0,0.0
2022-01-25 19:04:02.504666,0.0,0.0,0.0
2022-01-25 19:04:03.001876,0.0,0.0,0.0
2022-01-25 19:04:03.506812,0.0,0.0,0.0
2022-01-25 19:04:04.005485,0.0,0.0,0.0
2022-01-25 19:04:04.510902,0.0,0.0,0.0
2022-01-25 19:04:05.007798,0.0,0.0,0.0
2022-01-25 19:04:05.501933,0.0,0.0,0.0
2022-01-25 19:04:06.007696,0.0,0.0,0.0
2022-01-25 19:04:06.503527,0.0,0.0,0.0
2022-01-25 19:04:07.002125,0.0,0.0,0.0
2022-01-25 19:04:07.508543,0.0,0.0,0.0
2022-01-25 19:04:08.006382,0.0,0.0,0.0
2022-01-25 19:04:08.501029,0.0,0.0,0.0
2022-01-25 19:04:09.010272,0.0,0.0,0.0
2022-01-25 19:04:09.506435,0.0,0.0,0.0
2022-01-25 19:04:10.003280,0.0,0.0,0.0
2022-01-25 19:04:10.500913,0.0,0.0,0.0
2022-01-25 19:04:11.005502,0.0,0.0,0.0
2022-01-25 19:04:11.510313,0.0,0.0,0.0
2022-01-25 19:04:12.002279,0.0,0.0,0.0
2022-01-25 19:04:12.506827,0.0,0.0,0.0
2022-01-25 19:04:13.005211,0.0,0.0,0.0
2022-01-25 19:04:13.511038,0.0,0.0,0.0
2022-01-25 19:04:14.008900,0.0,0.0,0.0
2022-01-25 19:04:15.005138,0.0,0.0,0.0
2022-01-25 19:04:15.501529,0.0,0.0,0.0
2022-01-25 19:04:16.009782,0.0,0.0,0.0
2022-01-25 19:04:16.505888,0.0,0.0,0.0
2022-01-25 19:04:17.004329,0.0,0.0,0.0
2022-01-25 19:04:17.509813,0.0,0.0,0.0
2022-01-25 19:04:18.008213,0.0,0.0,0.0
2022-01-25 19:04:18.503912,0.0,0.0,0.0
2022-01-25 19:04:19.005230,0.0,0.0,0.0
2022-01-25 19:04:19.501968,0.0,0.0,0.0
2022-01-25 19:04:20.003160,0.0,0.0,0.0
2022-01-25 19:04:20.508919,0.0,0.0,0.0
2022-01-25 19:04:21.006036,0.0,0.0,0.0
2022-01-25 19:04:21.501498,0.0,0.0,0.0
2022-01-25 19:04:22.010265,0.0,0.0,0.0
2022-01-25 19:04:22.505018,0.0,0.0,0.0
2022-01-25 19:04:23.003075,0.0,0.0,0.0
2022-01-25 19:04:23.510353,0.0,0.0,0.0
2022-01-25 19:04:24.007837,0.0,0.0,0.0
2022-01-25 19:04:24.505118,0.0,0.0,0.0
2022-01-25 19:04:25.004832,0.0,0.0,0.0
2022-01-25 19:04:25.510741,0.0,0.0,0.0
2022-01-25 19:04:26.009025,0.0,0.0,0.0
2022-01-25 19:04:26.502656,0.0,0.0,0.0
2022-01-25 19:04:27.008573,0.0,0.0,0.0
2022-01-25 19:04:27.503448,0.0,0.0,0.0
2022-01-25 19:04:28.001636,0.0,0.0,0.0
2022-01-25 19:04:28.507996,0.0,0.0,0.0
2022-01-25 19:04:29.009260,0.0,0.0,0.0
2022-01-25 19:04:29.505115,0.0,0.0,0.0
2022-01-25 19:04:30.004978,0.0,0.0,0.0
2022-01-25 19:04:30.506803,0.0,0.0,0.0
2022-01-25 19:04:31.005426,0.0,0.0,0.0
2022-01-25 19:04:31.509950,0.0,0.0,0.0
2022-01-25 19:04:32.001854,0.0,0.0,0.0
2022-01-25 19:04:32.506902,0.0,0.0,0.0
2022-01-25 19:04:33.004453,0.0,0.0,0.0
2022-01-25 19:04:33.502330,0.0,0.0,0.0
2022-01-25 19:04:34.505538,0.0,0.0,0.0
2022-01-25 19:04:35.003429,0.0,0.0,0.03864
2022-01-25 19:04:35.508208,0.0,0.0,0.03864
2022-01-25 19:04:36.006636,0.0,0.0,0.0
2022-01-25 19:04:36.501443,0.0,0.0,0.0
2022-01-25 19:04:37.010725,0.0,0.0,0.0
2022-01-25 19:04:37.507457,0.0,0.0,0.0
2022-01-25 19:04:38.006289,0.0,0.0,0.0
2022-01-25 19:04:38.501678,0.0,0.0,0.0
2022-01-25 19:04:39.010790,0.0,0.0,0.0
2022-01-25 19:04:39.506302,0.0,0.0,0.0
2022-01-25 19:04:40.004596,0.0,0.0,0.0
2022-01-25 19:04:40.509790,0.0,0.0,0.0
2022-01-25 19:04:41.008653,0.0,0.0,0.0
2022-01-25 19:04:41.503872,0.0,0.0,0.0
2022-01-25 19:04:42.003539,0.0,0.0,0.0
2022-01-25 19:04:42.508046,0.0,0.0,0.0
2022-01-25 19:04:43.005991,0.0,0.0,0.0
2022-01-25 19:04:43.503347,0.0,0.0,0.0
2022-01-25 19:04:44.001241,0.0,0.0,0.0
2022-01-25 19:04:44.506141,0.0,0.0,0.0
2022-01-25 19:04:45.003498,0.0,0.0,0.0
2022-01-25 19:04:45.509440,0.0,0.0,0.0
2022-01-25 19:04:46.006564,0.0,0.0,0.0
2022-01-25 19:04:46.501040,0.0,0.0,0.0
2022-01-25 19:04:47.009497,0.0,0.0,0.0
2022-01-25 19:04:47.505778,0.0,0.0,0.0
2022-01-25 19:04:48.002882,0.0,0.0,0.0
2022-01-25 19:04:48.508209,0.0,0.0,0.0
2022-01-25 19:04:49.005926,0.0,0.0,0.0
2022-01-25 19:04:49.501306,0.0,0.0,0.0
2022-01-25 19:04:50.008530,0.0,0.0,0.0
2022-01-25 19:04:50.503462,0.0,0.0,0.0
2022-01-25 19:04:51.505124,0.0,0.0,0.0
2022-01-25 19:04:52.003327,0.0,0.0,0.0
2022-01-25 19:04:52.507965,0.0,0.0,0.0
2022-01-25 19:04:53.007155,0.0,0.0,0.0
2022-01-25 19:04:53.502621,0.0,0.0,0.0
2022-01-25 19:04:54.009077,0.0,0.0,0.0
2022-01-25 19:04:54.503128,0.0,0.0,0.0
2022-01-25 19:04:55.001451,0.0,0.0,0.0
2022-01-25 19:04:55.506749,0.0,0.0,0.0
2022-01-25 19:04:56.004495,0.0,0.0,0.0
2022-01-25 19:04:56.507464,0.0,0.0,0.0
2022-01-25 19:04:57.005177,0.0,0.0,0.0
2022-01-25 19:04:57.501531,0.0,0.0,0.0
2022-01-25 19:04:58.011141,0.0,0.0,0.0
2022-01-25 19:04:58.506902,0.0,0.0,0.0
2022-01-25 19:04:59.004893,0.0,0.0,0.0
2022-01-25 19:04:59.510024,0.0,0.0,0.0
2022-01-25 19:05:00.007609,0.0,0.0,0.0
2022-01-25 19:05:00.510872,0.0,0.0,0.0
2022-01-25 19:05:01.009126,0.0,0.0,0.0
2022-01-25 19:05:01.506757,0.0,0.0,0.0
2022-01-25 19:05:02.003813,0.0,0.0,0.0
2022-01-25 19:05:02.510843,0.0,0.0,0.0
2022-01-25 19:05:03.009570,0.0,0.0,0.0
2022-01-25 19:05:03.504302,0.0,0.0,0.0
2022-01-25 19:05:04.004033,0.0,0.0,0.0
2022-01-25 19:05:04.509716,0.0,0.0,0.0
2022-01-25 19:05:05.006649,0.0,0.0,0.0
2022-01-25 19:05:05.501915,0.0,0.0,0.0
2022-01-25 19:05:06.009708,0.0,0.0,0.0
2022-01-25 19:05:06.504760,0.0,0.0,0.0
2022-01-25 19:05:07.004040,0.0,0.0,0.0
2022-01-25 19:05:07.510780,0.0,0.0,0.0
2022-01-25 19:05:08.008396,0.0,0.0,0.0
2022-01-25 19:05:08.503684,0.0,0.0,0.0
2022-01-25 19:05:09.003084,0.0,0.0,0.0
2022-01-25 19:05:09.508255,0.0,0.0,0.0
2022-01-25 19:05:10.005876,0.0,0.0,0.0
2022-01-25 19:05:10.501749,0.0,0.0,0.0
2022-01-25 19:05:11.005065,0.0,0.0,0.0
2022-01-25 19:05:11.503399,0.0,0.0,0.0
2022-01-25 19:05:12.002389,0.0,0.0,0.0
2022-01-25 19:05:12.509148,0.0,0.0,0.0
2022-01-25 19:05:13.008510,0.0,0.0,0.0
2022-01-25 19:05:13.504481,0.0,0.0,0.0
2022-01-25 19:05:14.005995,0.0,0.0,0.0
2022-01-25 19:05:14.510792,0.0,0.0,0.0
2022-01-25 19:05:15.009004,0.0,0.0,0.0
2022-01-25 19:05:15.504187,0.0,0.0,0.0
2022-01-25 19:05:16.003404,0.0,0.0,0.0
2022-01-25 19:05:16.508960,0.0,0.0,0.0
2022-01-25 19:05:17.006839,0.0,0.0,-0.03864
2022-01-25 19:05:17.503584,0.0,0.0,-0.03864
2022-01-25 19:05:18.003329,0.0,0.0,0.0
2022-01-25 19:05:18.508992,0.0,0.0,0.0
2022-01-25 19:05:19.008247,0.0,0.0,0.0
2022-01-25 19:05:19.503036,0.0,0.0,0.0
2022-01-25 19:05:20.001255,0.0,0.0,0.0
2022-01-25 19:05:20.507158,0.0,0.0,0.0
2022-01-25 19:05:21.005059,0.0,0.0,0.0
2022-01-25 19:05:21.510735,0.0,0.0,0.0
2022-01-25 19:05:22.007669,0.0,0.0,0.0
2022-01-25 19:05:22.502757,0.0,0.0,0.0
2022-01-25 19:05:23.010130,0.0,0.0,0.0
2022-01-25 19:05:23.506407,0.0,0.0,0.0
2022-01-25 19:05:24.004459,0.0,0.0,0.0
2022-01-25 19:05:24.510614,0.0,0.0,0.0
2022-01-25 19:05:25.007975,0.0,0.0,0.0
2022-01-25 19:05:25.502321,0.0,0.0,0.0
2022-01-25 19:05:26.010179,0.0,0.0,0.0
2022-01-25 19:05:26.505058,0.0,0.0,0.0
2022-01-25 19:05:27.002994,0.0,0.0,0.0
2022-01-25 19:05:27.507361,0.0,0.0,0.0
2022-01-25 19:05:28.005409,0.0,0.0,0.0
2022-01-25 19:05:28.511074,0.0,0.0,0.0
2022-01-25 19:05:29.010056,0.0,0.0,0.0
2022-01-25 19:05:29.506531,0.0,0.0,0.0
2022-01-25 19:05:30.004727,0.0,0.0,0.0
2022-01-25 19:05:31.005996,0.0,0.0,0.0
2022-01-25 19:05:31.501136,0.0,0.0,0.0
2022-01-25 19:05:32.009039,0.0,0.0,0.0
2022-01-25 19:05:32.503829,0.0,0.0,0.0
2022-01-25 19:05:33.001706,0.0,0.0,0.0
2022-01-25 19:05:33.509422,0.0,0.0,0.0
2022-01-25 19:05:34.006594,0.0,0.0,0.0
2022-01-25 19:05:34.503508,0.0,0.0,0.0
2022-01-25 19:05:35.008482,0.0,0.0,0.0
2022-01-25 19:05:35.504106,0.0,0.0,0.0
2022-01-25 19:05:36.001902,0.0,0.0,0.0
2022-01-25 19:05:36.508573,0.0,0.0,0.0
2022-01-25 19:05:37.006843,0.0,0.0,0.0
2022-01-25 19:05:37.501788,0.0,0.0,0.0
2022-01-25 19:05:38.009717,0.0,0.0,0.0
2022-01-25 19:05:38.506794,0.0,0.0,0.0
2022-01-25 19:05:39.005363,0.0,0.0,0.0
2022-01-25 19:05:39.509092,0.0,0.0,0.0
2022-01-25 19:05:40.007551,0.0,0.0,0.0
2022-01-25 19:05:40.503273,0.0,0.0,0.0
2022-01-25 19:05:41.003500,0.0,0.0,0.0
2022-01-25 19:05:41.508590,0.0,0.0,0.0
2022-01-25 19:05:42.007400,0.0,0.0,0.0
2022-01-25 19:05:42.504167,0.0,0.0,0.0
2022-01-25 19:05:43.003763,0.0,0.0,0.0
2022-01-25 19:05:43.509923,0.0,0.0,0.0
2022-01-25 19:05:44.007037,0.0,0.0,0.0
2022-01-25 19:05:44.509864,0.0,0.0,0.0
2022-01-25 19:05:45.008011,0.0,0.0,0.0
2022-01-25 19:05:45.504787,0.0,0.0,0.0
2022-01-25 19:05:46.002968,0.0,0.0,-0.07822
2022-01-25 19:05:46.508695,0.0,0.0,-0.07822
2022-01-25 19:05:47.008308,0.0,0.0,0.0
2022-01-25 19:05:47.505548,0.0,0.0,0.0
2022-01-25 19:05:48.005195,0.0,0.0,0.0
2022-01-25 19:05:48.510664,0.0,0.0,0.0
2022-01-25 19:05:49.008313,0.0,0.0,0.0
2022-01-25 19:05:49.502795,0.0,0.0,0.0
2022-01-25 19:05:50.010879,0.0,0.0,0.0
2022-01-25 19:05:50.505860,0.0,0.0,0.0
2022-01-25 19:05:51.003608,0.0,0.0,0.0
2022-01-25 19:05:51.508946,0.0,0.0,0.0
2022-01-25 19:05:52.007213,0.0,0.0,0.0
2022-01-25 19:05:52.502863,0.0,0.0,0.0
2022-01-25 19:05:53.001184,0.0,0.0,0.0
2022-01-25 19:05:53.507807,0.0,0.0,0.0
2022-01-25 19:05:54.503127,0.0,0.0,0.0
2022-01-25 19:05:55.008032,0.0,0.0,0.0
2022-01-25 19:05:55.507406,0.0,0.0,0.0
2022-01-25 19:05:56.003942,0.0,0.0,0.0
2022-01-25 19:05:56.503695,0.0,0.0,0.0
2022-01-25 19:05:57.001792,0.0,0.0,0.0
2022-01-25 19:05:57.508083,0.0,0.0,0.0
2022-01-25 19:05:58.006783,0.0,0.0,0.0
2022-01-25 19:05:58.503651,0.0,0.0,0.0
2022-01-25 19:05:59.009891,0.0,0.0,0.0
2022-01-25 19:05:59.504802,0.0,0.0,0.0
2022-01-25 19:06:00.002978,0.0,0.0,0.0
2022-01-25 19:06:00.507696,0.0,0.0,0.0
2022-01-25 19:06:01.006742,0.0,0.0,0.0
2022-01-25 19:06:01.501692,0.0,0.0,0.0
2022-01-25 19:06:02.001554,0.0,0.0,0.0
2022-01-25 19:06:02.506380,0.0,0.0,0.0
2022-01-25 19:06:03.002796,0.0,0.0,0.0
2022-01-25 19:06:03.507616,0.0,0.0,0.0
2022-01-25 19:06:04.007767,0.0,0.0,0.0
2022-01-25 19:06:04.503314,0.0,0.0,0.0
2022-01-25 19:06:05.002585,0.0,0.0,0.0
2022-01-25 19:06:05.501895,0.0,0.0,0.0
2022-01-25 19:06:06.005921,0.0,0.0,0.0
2022-01-25 19:06:06.501177,0.0,0.0,0.0
2022-01-25 19:06:07.009818,0.0,0.0,0.0
2022-01-25 19:06:07.505038,0.0,0.0,0.0
2022-01-25 19:06:08.003013,0.0,0.0,0.0
2022-01-25 19:06:08.507944,0.0,0.0,0.0
2022-01-25 19:06:09.007374,0.0,0.0,0.0
2022-01-25 19:06:09.504773,0.0,0.0,0.0
2022-01-25 19:06:10.001724,0.0,0.0,0.0
2022-01-25 19:06:10.507482,0.0,0.0,0.0
2022-01-25 19:06:11.005251,0.0,0.0,0.0
2022-01-25 19:06:11.510597,0.0,0.0,0.0
2022-01-25 19:06:12.008724,0.0,0.0,0.0
2022-01-25 19:06:12.501657,0.0,0.0,0.0
2022-01-25 19:06:13.010311,0.0,0.0,0.0
2022-01-25 19:06:13.504969,0.0,0.0,0.0
2022-01-25 19:06:14.003236,0.0,0.0,0.0
2022-01-25 19:06:14.510546,0.0,0.0,0.0
2022-01-25 19:06:15.009079,0.0,0.0,0.0
2022-01-25 19:06:15.502819,0.0,0.0,0.0
2022-01-25 19:06:16.001992,0.0,0.0,0.0
2022-01-25 19:06:16.507390,0.0,0.0,0.0
2022-01-25 19:06:17.006211,0.0,0.0,0.0
2022-01-25 19:06:17.502012,0.0,0.0,0.0
2022-01-25 19:06:18.010716,0.0,0.0,0.0
2022-01-25 19:06:18.509210,0.0,0.0,0.0
2022-01-25 19:06:19.007911,0.0,0.0,0.0
2022-01-25 19:06:19.502187,0.0,0.0,0.0
2022-01-25 19:06:20.010444,0.0,0.0,0.0
2022-01-25 19:06:20.506736,0.0,0.0,0.0
2022-01-25 19:06:21.004896,0.0,0.0,0.0
2022-01-25 19:06:21.510048,0.0,0.0,0.0
2022-01-25 19:06:22.006716,0.0,0.0,0.0
2022-01-25 19:06:22.502812,0.0,0.0,0.0
2022-01-25 19:06:23.010761,0.0,0.0,0.0
2022-01-25 19:06:23.506801,0.0,0.0,0.0
2022-01-25 19:06:24.004690,0.0,0.0,0.0
2022-01-25 19:06:24.509698,0.0,0.0,0.0
2022-01-25 19:06:25.007668,0.0,0.0,0.0
2022-01-25 19:06:25.503474,0.0,0.0,0.0
2022-01-25 19:06:26.001796,0.0,0.0,0.0
2022-01-25 19:06:26.506535,0.0,0.0,0.0
2022-01-25 19:06:27.004791,0.0,0.0,0.0
2022-01-25 19:06:27.510386,0.0,0.0,0.0
2022-01-25 19:06:28.009175,0.0,0.0,0.0
2022-01-25 19:06:28.504584,0.0,0.0,0.0
2022-01-25 19:06:29.001971,0.0,0.0,0.0
2022-01-25 19:06:29.507435,0.0,0.0,0.0
2022-01-25 19:06:30.006810,0.0,0.0,0.0
2022-01-25 19:06:30.502707,0.0,0.0,0.0
2022-01-25 19:06:31.001272,0.0,0.0,0.0
2022-01-25 19:06:31.506817,0.0,0.0,0.0
2022-01-25 19:06:32.007239,0.0,0.0,0.0
2022-01-25 19:06:32.503561,0.0,0.0,0.0
2022-01-25 19:06:33.002176,0.0,0.0,0.0
2022-01-25 19:06:33.507730,0.0,0.0,0.0
2022-01-25 19:06:34.006436,0.0,0.0,0.0
2022-01-25 19:06:34.503420,0.0,0.0,0.0
2022-01-25 19:06:35.001068,0.0,0.0,0.0
2022-01-25 19:06:35.506148,0.0,0.0,0.0
2022-01-25 19:06:36.003472,0.0,0.0,0.0
2022-01-25 19:06:36.510698,0.0,0.0,0.0
2022-01-25 19:06:37.007857,0.0,0.0,0.0
2022-01-25 19:06:37.502598,0.0,0.0,0.0
2022-01-25 19:06:38.001467,0.0,0.0,0.0
2022-01-25 19:06:38.508147,0.0,0.0,0.0
2022-01-25 19:06:39.005686,0.0,0.0,0.0
2022-01-25 19:06:39.510306,0.0,0.0,0.0
2022-01-25 19:06:40.007215,0.0,0.0,0.0
2022-01-25 19:06:40.509543,0.0,0.0,0.0
2022-01-25 19:06:41.008706,0.0,0.0,0.0
2022-01-25 19:06:41.503316,0.0,0.0,0.0
2022-01-25 19:06:42.001542,0.0,0.0,0.0
2022-01-25 19:06:42.507425,0.0,0.0,0.0
2022-01-25 19:06:43.004648,0.0,0.0,0.0
2022-01-25 19:06:43.510721,0.0,0.0,0.0
2022-01-25 19:06:44.009066,0.0,0.0,0.0
2022-01-25 19:06:44.502661,0.0,0.0,0.0
2022-01-25 19:06:45.001012,0.0,0.0,0.0
2022-01-25 19:06:45.507188,0.0,0.0,0.0
2022-01-25 19:06:46.005767,0.0,0.0,0.0
2022-01-25 19:06:46.501254,0.0,0.0,0.0
2022-01-25 19:06:47.009702,0.0,0.0,0.0
2022-01-25 19:06:47.504773,0.0,0.0,0.0
2022-01-25 19:06:48.002930,0.0,0.0,0.0
2022-01-25 19:06:48.507476,0.0,0.0,0.0
2022-01-25 19:06:49.006221,0.0,0.0,0.0
2022-01-25 19:06:49.502768,0.0,0.0,0.0
2022-01-25 19:06:50.002357,0.0,0.0,0.0
2022-01-25 19:06:50.507445,0.0,0.0,0.0
2022-01-25 19:06:51.006413,0.0,0.0,0.0
2022-01-25 19:06:51.501956,0.0,0.0,0.0
2022-01-25 19:06:52.010805,0.0,0.0,0.0
2022-01-25 19:06:52.506658,0.0,0.0,0.0
2022-01-25 19:06:53.005154,0.0,0.0,0.0
2022-01-25 19:06:53.510791,0.0,0.0,0.0
2022-01-25 19:06:54.007858,0.0,0.0,0.0
2022-01-25 19:06:54.503303,0.0,0.0,0.0
2022-01-25 19:06:55.505082,0.0,0.0,0.0
2022-01-25 19:06:56.002751,0.0,0.0,0.0
2022-01-25 19:06:56.508203,0.0,0.0,0.0
2022-01-25 19:06:57.006564,0.0,0.0,0.0
2022-01-25 19:06:57.501164,0.0,0.0,0.0
2022-01-25 19:06:58.008911,0.0,0.0,0.0
2022-01-25 19:06:58.502965,0.0,0.0,0.0
2022-01-25 19:06:59.010839,0.0,0.0,0.0
2022-01-25 19:06:59.507936,0.0,0.0,0.0
2022-01-25 19:07:00.005903,0.0,0.0,0.0
2022-01-25 19:07:00.501248,0.0,0.0,0.0
2022-01-25 19:07:01.001400,0.0,0.0,0.0
2022-01-25 19:07:01.505786,0.0,0.0,0.0
2022-01-25 19:07:02.003378,0.0,0.0,0.0
2022-01-25 19:07:02.510118,0.0,0.0,0.0
2022-01-25 19:07:03.009686,0.0,0.0,0.0
2022-01-25 19:07:03.505080,0.0,0.0,0.0
2022-01-25 19:07:04.003732,0.0,0.0,0.0
2022-01-25 19:07:04.507415,0.0,0.0,0.0
2022-01-25 19:07:05.006421,0.0,0.0,0.0
2022-01-25 19:07:05.501360,0.0,0.0,0.0
2022-01-25 19:07:06.505742,0.0,0.0,0.0
2022-01-25 19:07:07.004091,0.0,0.0,0.0
2022-01-25 19:07:07.509486,0.0,0.0,0.0
2022-01-25 19:07:08.007579,0.0,0.0,0.0
2022-01-25 19:07:08.502790,0.0,0.0,0.0
2022-01-25 19:07:09.002660,0.0,0.0,0.0
2022-01-25 19:07:09.508529,0.0,0.0,0.0
2022-01-25 19:07:10.006376,0.0,0.0,0.0
2022-01-25 19:07:10.501102,0.0,0.0,0.0
2022-01-25 19:07:11.004734,0.0,0.0,0.0
2022-01-25 19:07:11.510129,0.0,0.0,0.0
2022-01-25 19:07:12.007314,0.0,0.0,0.0
2022-01-25 19:07:12.501956,0.0,0.0,0.0
2022-01-25 19:07:13.010380,0.0,0.0,0.0
2022-01-25 19:07:13.508091,0.0,0.0,0.0
2022-01-25 19:07:14.008468,0.0,0.0,0.0
2022-01-25 19:07:14.502759,0.0,0.0,0.0
2022-01-25 19:07:15.001477,0.0,0.0,0.0
2022-01-25 19:07:15.508783,0.0,0.0,0.0
2022-01-25 19:07:16.006432,0.0,0.0,0.0
2022-01-25 19:07:16.501374,0.0,0.0,0.0
2022-01-25 19:07:17.009848,0.0,0.0,0.0
2022-01-25 19:07:17.505743,0.0,0.0,0.0
2022-01-25 19:07:18.004973,0.0,0.0,0.0
2022-01-25 19:07:18.509197,0.0,0.0,0.0
2022-01-25 19:07:19.009770,0.0,0.0,0.0
2022-01-25 19:07:19.504741,0.0,0.0,0.0
2022-01-25 19:07:20.002667,0.0,0.0,0.0
2022-01-25 19:07:20.507803,0.0,0.0,0.0
2022-01-25 19:07:21.006210,0.0,0.0,0.0
2022-01-25 19:07:21.502676,0.0,0.0,0.0
2022-01-25 19:07:22.001042,0.0,0.0,0.0
2022-01-25 19:07:22.507681,0.0,0.0,0.0
2022-01-25 19:07:23.006274,0.0,0.0,0.0
2022-01-25 19:07:23.510808,0.0,0.0,0.0
2022-01-25 19:07:24.008303,0.0,0.0,0.0
2022-01-25 19:07:24.508071,0.0,0.0,0.0
2022-01-25 19:07:25.005751,0.0,0.0,0.0
2022-01-25 19:07:25.511137,0.0,0.0,0.0
2022-01-25 19:07:26.009128,0.0,0.0,0.0
2022-01-25 19:07:26.503901,0.0,0.0,0.0
2022-01-25 19:07:27.002987,0.0,0.0,0.0
2022-01-25 19:07:27.509215,0.0,0.0,0.0
2022-01-25 19:07:28.007796,0.0,0.0,0.0
2022-01-25 19:07:28.503026,0.0,0.0,0.0
2022-01-25 19:07:29.009714,0.0,0.0,0.0
2022-01-25 19:07:29.504718,0.0,0.0,0.0
2022-01-25 19:07:30.002594,0.0,0.0,0.0
2022-01-25 19:07:30.507428,0.0,0.0,0.0
2022-01-25 19:07:31.006386,0.0,0.0,0.0
2022-01-25 19:07:31.502735,0.0,0.0,0.0
2022-01-25 19:07:32.010801,0.0,0.0,0.0
2022-01-25 19:07:32.506117,0.0,0.0,0.0
2022-01-25 19:07:33.003521,0.0,0.0,0.0
2022-01-25 19:07:33.507655,0.0,0.0,0.0
2022-01-25 19:07:34.006301,0.0,0.0,0.0
2022-01-25 19:07:34.501363,0.0,0.0,0.0
2022-01-25 19:07:35.009769,0.0,0.0,0.0
2022-01-25 19:07:35.507215,0.0,0.0,0.0
2022-01-25 19:07:36.005943,0.0,0.0,0.0
2022-01-25 19:07:36.510379,0.0,0.0,0.0
2022-01-25 19:07:37.008646,0.0,0.0,0.0
2022-01-25 19:07:37.502385,0.0,0.0,0.0
2022-01-25 19:07:38.505909,0.0,0.0,0.0
2022-01-25 19:07:39.004142,0.0,0.0,0.0
2022-01-25 19:07:39.509856,0.0,0.0,0.0
2022-01-25 19:07:40.006968,0.0,0.0,0.0
2022-01-25 19:07:40.502396,0.0,0.0,0.0
2022-01-25 19:07:41.001324,0.0,0.0,0.0
2022-01-25 19:07:41.506349,0.0,0.0,0.0
2022-01-25 19:07:42.004156,0.0,0.0,0.0
2022-01-25 19:07:42.510772,0.0,0.0,0.0
2022-01-25 19:07:43.001190,0.0,0.0,0.0
2022-01-25 19:07:43.506469,0.0,0.0,0.0
2022-01-25 19:07:44.003704,0.0,0.0,0.0
2022-01-25 19:07:44.508364,0.0,0.0,0.0
2022-01-25 19:07:45.006998,0.0,0.0,0.0
2022-01-25 19:07:45.504771,0.0,0.0,0.0
2022-01-25 19:07:46.003213,0.0,0.0,0.0
2022-01-25 19:07:46.508332,0.0,0.0,0.0
2022-01-25 19:07:47.007799,0.0,0.0,0.0
2022-01-25 19:07:47.503894,0.0,0.0,0.0
2022-01-25 19:07:48.001729,0.0,0.0,0.0
2022-01-25 19:07:48.506627,0.0,0.0,0.0
2022-01-25 19:07:49.003279,0.0,0.0,0.0
2022-01-25 19:07:49.507917,0.0,0.0,0.0
2022-01-25 19:07:50.008471,0.0,0.0,0.0
2022-01-25 19:07:50.503287,0.0,0.0,0.0
2022-01-25 19:07:51.002120,0.0,0.0,0.0
2022-01-25 19:07:51.508962,0.0,0.0,0.0
2022-01-25 19:07:52.007169,0.0,0.0,0.0
2022-01-25 19:07:52.502723,0.0,0.0,0.0
2022-01-25 19:07:53.010320,0.0,0.0,0.0
2022-01-25 19:07:53.506355,0.0,0.0,0.0
2022-01-25 19:07:54.004695,0.0,0.0,0.0
2022-01-25 19:07:54.501714,0.0,0.0,0.0
2022-01-25 19:07:55.010282,0.0,0.0,0.0
2022-01-25 19:07:55.505241,0.0,0.0,0.0
2022-01-25 19:07:56.001770,0.0,0.0,0.0
2022-01-25 19:07:56.507048,0.0,0.0,0.0
2022-01-25 19:07:57.005616,0.0,0.0,0.0
2022-01-25 19:07:57.510926,0.0,0.0,0.0
2022-01-25 19:07:58.009038,0.0,0.0,0.0
2022-01-25 19:07:58.504843,0.0,0.0,0.0
2022-01-25 19:07:59.004394,0.0,0.0,0.0
2022-01-25 19:07:59.509491,0.0,0.0,0.0
2022-01-25 19:08:00.007756,0.0,0.0,0.0
2022-01-25 19:08:00.511565,0.0,0.0,0.0
2022-01-25 19:08:01.009747,0.0,0.0,0.0
2022-01-25 19:08:01.504874,0.0,0.0,0.0
2022-01-25 19:08:02.002679,0.0,0.0,0.0
2022-01-25 19:08:02.506851,0.0,0.0,0.0
2022-01-25 19:08:03.005469,0.0,0.0,0.0
2022-01-25 19:08:03.509404,0.0,0.0,0.0
2022-01-25 19:08:04.007942,0.0,0.0,0.0
2022-01-25 19:08:04.502291,0.0,0.0,0.0
2022-01-25 19:08:05.010284,0.0,0.0,0.0
2022-01-25 19:08:05.509125,0.0,0.0,0.0
2022-01-25 19:08:06.007983,0.0,0.0,0.0
2022-01-25 19:08:06.503613,0.0,0.0,0.0
2022-01-25 19:08:07.011379,0.0,0.0,0.0
2022-01-25 19:08:07.506003,0.0,0.0,0.0
2022-01-25 19:08:08.004479,0.0,0.0,0.0
2022-01-25 19:08:08.501375,0.0,0.0,0.0
2022-01-25 19:08:09.008625,0.0,0.0,0.0
2022-01-25 19:08:09.503551,0.0,0.0,0.0
2022-01-25 19:08:10.003258,0.0,0.0,0.0
2022-01-25 19:08:10.507364,0.0,0.0,0.0
2022-01-25 19:08:11.002142,0.0,0.0,0.0
2022-01-25 19:08:11.507500,0.0,0.0,0.0
2022-01-25 19:08:12.006498,0.0,0.0,0.0
2022-01-25 19:08:12.509360,0.0,0.0,0.0
2022-01-25 19:08:13.007288,0.0,0.0,0.0
2022-01-25 19:08:13.503428,0.0,0.0,0.0
2022-01-25 19:08:14.001843,0.0,0.0,0.0
2022-01-25 19:08:14.506678,0.0,0.0,0.0
2022-01-25 19:08:15.005389,0.0,0.0,0.0
2022-01-25 19:08:15.510747,0.0,0.0,0.0
2022-01-25 19:08:16.008782,0.0,0.0,0.0
2022-01-25 19:08:16.502315,0.0,0.0,0.0
2022-01-25 19:08:17.010744,0.0,0.0,0.0
2022-01-25 19:08:17.505889,0.0,0.0,0.0
2022-01-25 19:08:18.004104,0.0,0.0,0.0
2022-01-25 19:08:18.509128,0.0,0.0,0.0
2022-01-25 19:08:19.007902,0.0,0.0,0.0
2022-01-25 19:08:19.505015,0.0,0.0,0.0
2022-01-25 19:08:20.003410,0.0,0.0,0.0
2022-01-25 19:08:20.508763,0.0,0.0,0.0
2022-01-25 19:08:21.007141,0.0,0.0,0.0
2022-01-25 19:08:21.501112,0.0,0.0,0.0
2022-01-25 19:08:22.008997,0.0,0.0,0.0
2022-01-25 19:08:22.504925,0.0,0.0,0.0
2022-01-25 19:08:23.002289,0.0,0.0,0.0
2022-01-25 19:08:23.507933,0.0,0.0,0.0
2022-01-25 19:08:24.005977,0.0,0.0,0.0
2022-01-25 19:08:24.510802,0.0,0.0,0.0
2022-01-25 19:08:25.010793,0.0,0.0,0.0
2022-01-25 19:08:25.506412,0.0,0.0,0.0
2022-01-25 19:08:26.006020,0.0,0.0,0.0
2022-01-25 19:08:26.510757,0.0,0.0,0.0
2022-01-25 19:08:27.008688,0.0,0.0,0.0
2022-01-25 19:08:27.503868,0.0,0.0,0.0
2022-01-25 19:08:28.002009,0.0,0.0,0.0
2022-01-25 19:08:28.507423,0.0,0.0,0.0
2022-01-25 19:08:29.006212,0.0,0.0,0.0
2022-01-25 19:08:29.510525,0.0,0.0,0.0
2022-01-25 19:08:30.008164,0.0,0.0,0.0
2022-01-25 19:08:30.503892,0.0,0.0,0.0
2022-01-25 19:08:31.001945,0.0,0.0,0.0
2022-01-25 19:08:31.506426,0.0,0.0,0.0
2022-01-25 19:08:32.005825,0.0,0.0,0.0
2022-01-25 19:08:32.502461,0.0,0.0,0.0
2022-01-25 19:08:33.010576,0.0,0.0,0.0
2022-01-25 19:08:33.506423,0.0,0.0,0.0
2022-01-25 19:08:34.004481,0.0,0.0,0.0
2022-01-25 19:08:34.509029,0.0,0.0,0.0
2022-01-25 19:08:35.007852,0.0,0.0,0.0
2022-01-25 19:08:35.502446,0.0,0.0,0.0
2022-01-25 19:08:36.001680,0.0,0.0,0.0
2022-01-25 19:08:36.509024,0.0,0.0,0.0
2022-01-25 19:08:37.006477,0.0,0.0,0.0
2022-01-25 19:08:37.510940,0.0,0.0,0.0
2022-01-25 19:08:38.009426,0.0,0.0,0.0
2022-01-25 19:08:38.504668,0.0,0.0,0.0
2022-01-25 19:08:39.003004,0.0,0.0,0.0
2022-01-25 19:08:39.507967,0.0,0.0,0.0
2022-01-25 19:08:40.004100,0.0,0.0,0.0
2022-01-25 19:08:40.510908,0.0,0.0,0.0
2022-01-25 19:08:41.011314,0.0,0.0,0.0
2022-01-25 19:08:41.506644,0.0,0.0,0.0
2022-01-25 19:08:42.005850,0.0,0.0,0.0
2022-01-25 19:08:42.511116,0.0,0.0,0.0
2022-01-25 19:08:43.010156,0.0,0.0,0.0
2022-01-25 19:08:43.505100,0.0,0.0,0.0
2022-01-25 19:08:44.003460,0.0,0.0,0.0
2022-01-25 19:08:44.509310,0.0,0.0,0.0
2022-01-25 19:08:45.006929,0.0,0.0,0.0
2022-01-25 19:08:45.503866,0.0,0.0,0.0
2022-01-25 19:08:46.002196,0.0,0.0,0.0
2022-01-25 19:08:46.508040,0.0,0.0,0.0
2022-01-25 19:08:47.006350,0.0,0.0,0.0
2022-01-25 19:08:47.502427,0.0,0.0,0.0
2022-01-25 19:08:48.009882,0.0,0.0,0.0
2022-01-25 19:08:48.503394,0.0,0.0,0.0
2022-01-25 19:08:49.001143,0.0,0.0,0.0
2022-01-25 19:08:49.509708,0.0,0.0,0.0
2022-01-25 19:08:50.008550,0.0,0.0,0.0
2022-01-25 19:08:50.503491,0.0,0.0,0.0
2022-01-25 19:08:51.003405,0.0,0.0,0.0
2022-01-25 19:08:51.508296,0.0,0.0,0.0
2022-01-25 19:08:52.006662,0.0,0.0,0.0
2022-01-25 19:08:52.502592,0.0,0.0,0.0
2022-01-25 19:08:53.009789,0.0,0.0,0.0
2022-01-25 19:08:53.504797,0.0,0.0,0.0
2022-01-25 19:08:54.004715,0.0,0.0,0.0
2022-01-25 19:08:54.510214,0.0,0.0,0.0
2022-01-25 19:08:55.009056,0.0,0.0,0.0
2022-01-25 19:08:55.503284,0.0,0.0,0.0
2022-01-25 19:08:56.506220,0.0,0.0,0.0
2022-01-25 19:08:57.003537,0.0,0.0,0.0
2022-01-25 19:08:57.510370,0.0,0.0,0.0
2022-01-25 19:08:58.009520,0.0,0.0,0.0
2022-01-25 19:08:58.503809,0.0,0.0,0.0
2022-01-25 19:08:59.003930,0.0,0.0,0.0
2022-01-25 19:08:59.508102,0.0,0.0,0.0
2022-01-25 19:09:00.005633,0.0,0.0,0.0
2022-01-25 19:09:00.502454,0.0,0.0,0.0
2022-01-25 19:09:01.010380,0.0,0.0,0.0
2022-01-25 19:09:01.507605,0.0,0.0,0.0
2022-01-25 19:09:02.006696,0.0,0.0,0.0
2022-01-25 19:09:02.509485,0.0,0.0,0.0
2022-01-25 19:09:03.009204,0.0,0.0,0.0
2022-01-25 19:09:03.503966,0.0,0.0,0.0
2022-01-25 19:09:04.003000,0.0,0.0,0.0
2022-01-25 19:09:04.507798,0.0,0.0,0.0
2022-01-25 19:09:05.005660,0.0,0.0,0.0
2022-01-25 19:09:05.510882,0.0,0.0,0.0
2022-01-25 19:09:06.009154,0.0,0.0,0.0
2022-01-25 19:09:06.503428,0.0,0.0,0.0
2022-01-25 19:09:07.001904,0.0,0.0,0.0
2022-01-25 19:09:07.510240,0.0,0.0,0.0
2022-01-25 19:09:08.007497,0.0,0.0,0.0
2022-01-25 19:09:08.510638,0.0,0.0,0.0
2022-01-25 19:09:09.008482,0.0,0.0,0.0
2022-01-25 19:09:09.503769,0.0,0.0,0.0
2022-01-25 19:09:10.001874,0.0,0.0,0.0
2022-01-25 19:09:10.507618,0.0,0.0,0.0
2022-01-25 19:09:11.007235,0.0,0.0,0.0
2022-01-25 19:09:11.505238,0.0,0.0,0.0
2022-01-25 19:09:12.003422,0.0,0.0,0.0
2022-01-25 19:09:12.507405,0.0,0.0,0.0
2022-01-25 19:09:13.005853,0.0,0.0,0.0
2022-01-25 19:09:13.501374,0.0,0.0,0.0
2022-01-25 19:09:14.009039,0.0,0.0,0.0
2022-01-25 19:09:14.503074,0.0,0.0,0.0
2022-01-25 19:09:15.002731,0.0,0.0,0.0
2022-01-25 19:09:15.509121,0.0,0.0,0.0
2022-01-25 19:09:16.008720,0.0,0.0,0.0
2022-01-25 19:09:16.503248,0.0,0.0,0.0
2022-01-25 19:09:17.011234,0.0,0.0,0.0
2022-01-25 19:09:17.506318,0.0,0.0,0.0
2022-01-25 19:09:18.003263,0.0,0.0,0.0
2022-01-25 19:09:18.508834,0.0,0.0,0.0
2022-01-25 19:09:19.007640,0.0,0.0,0.0
2022-01-25 19:09:19.502852,0.0,0.0,0.0
2022-01-25 19:09:20.010102,0.0,0.0,0.0
2022-01-25 19:09:20.507504,0.0,0.0,0.0
2022-01-25 19:09:21.005286,0.0,0.0,0.0
2022-01-25 19:09:21.509765,0.0,0.0,0.0
2022-01-25 19:09:22.007544,0.0,0.0,0.0
2022-01-25 19:09:22.502077,0.0,0.0,0.0
2022-01-25 19:09:23.010842,0.0,0.0,0.0
2022-01-25 19:09:23.508069,0.0,0.0,0.0
2022-01-25 19:09:24.005850,0.0,0.0,0.0
2022-01-25 19:09:24.511241,0.0,0.0,0.0
2022-01-25 19:09:25.010823,0.0,0.0,0.0
2022-01-25 19:09:25.506814,0.0,0.0,0.0
2022-01-25 19:09:26.004614,0.0,0.0,0.0
2022-01-25 19:09:26.510733,0.0,0.0,0.0
2022-01-25 19:09:27.008984,0.0,0.0,0.0
2022-01-25 19:09:27.503365,0.0,0.0,0.0
2022-01-25 19:09:28.003289,0.0,0.0,0.0
2022-01-25 19:09:28.508080,0.0,0.0,0.0
2022-01-25 19:09:29.007611,0.0,0.0,0.0
2022-01-25 19:09:29.506413,0.0,0.0,0.0
2022-01-25 19:09:30.004678,0.0,0.0,0.0
2022-01-25 19:09:30.510581,0.0,0.0,0.0
2022-01-25 19:09:31.009022,0.0,0.0,0.0
2022-01-25 19:09:31.504431,0.0,0.0,0.0
2022-01-25 19:09:32.002709,0.0,0.0,0.0
2022-01-25 19:09:32.508868,0.0,0.0,0.0
2022-01-25 19:09:33.006580,0.0,0.0,0.0
2022-01-25 19:09:33.502242,0.0,0.0,0.0
2022-01-25 19:09:34.010430,0.0,0.0,0.0
2022-01-25 19:09:34.505847,0.0,0.0,0.0
2022-01-25 19:09:35.003637,0.0,0.0,0.0
2022-01-25 19:09:35.508056,0.0,0.0,0.0
2022-01-25 19:09:36.005543,0.0,0.0,0.0
2022-01-25 19:09:36.501798,0.0,0.0,0.0
2022-01-25 19:09:37.009323,0.0,0.0,0.0
2022-01-25 19:09:37.503412,0.0,0.0,0.0
2022-01-25 19:09:38.002160,0.0,0.0,0.0
2022-01-25 19:09:38.507588,0.0,0.0,0.0
2022-01-25 19:09:39.004651,0.0,0.0,0.0
2022-01-25 19:09:39.509877,0.0,0.0,0.0
2022-01-25 19:09:40.007952,0.0,0.0,0.0
2022-01-25 19:09:40.502289,0.0,0.0,0.0
2022-01-25 19:09:41.010439,0.0,0.0,0.0
2022-01-25 19:09:41.505020,0.0,0.0,0.0
2022-01-25 19:09:42.003327,0.0,0.0,0.0
2022-01-25 19:09:42.507862,0.0,0.0,0.0
2022-01-25 19:09:43.004969,0.0,0.0,0.0
2022-01-25 19:09:43.501367,0.0,0.0,0.0
2022-01-25 19:09:44.009711,0.0,0.0,0.0
2022-01-25 19:09:44.506222,0.0,0.0,0.0
2022-01-25 19:09:45.003445,0.0,0.0,0.0
2022-01-25 19:09:45.509012,0.0,0.0,0.0
2022-01-25 19:09:46.007387,0.0,0.0,0.0
2022-01-25 19:09:46.503838,0.0,0.0,0.0
2022-01-25 19:09:47.000994,0.0,0.0,0.0
2022-01-25 19:09:47.507313,0.0,0.0,0.0
2022-01-25 19:09:48.006752,0.0,0.0,0.0
2022-01-25 19:09:48.501175,0.0,0.0,0.0
2022-01-25 19:09:49.008605,0.0,0.0,0.0
2022-01-25 19:09:49.502183,0.0,0.0,0.0
2022-01-25 19:09:50.008159,0.0,0.0,0.0
2022-01-25 19:09:50.510207,0.0,0.0,0.0
2022-01-25 19:09:51.007066,0.0,0.0,0.0
2022-01-25 19:09:51.508150,0.0,0.0,0.0
2022-01-25 19:09:52.006355,0.0,0.0,0.0
2022-01-25 19:09:52.510847,0.0,0.0,0.0
2022-01-25 19:09:53.004339,0.0,0.0,0.0
2022-01-25 19:09:53.509400,0.0,0.0,0.0
2022-01-25 19:09:54.006686,0.0,0.0,0.0
2022-01-25 19:09:54.511174,0.0,0.0,0.0
2022-01-25 19:09:55.008890,0.0,0.0,0.0
2022-01-25 19:09:55.503524,0.0,0.0,0.0
2022-01-25 19:09:56.001901,0.0,0.0,0.0
2022-01-25 19:09:56.505881,0.0,0.0,0.0
2022-01-25 19:09:57.003556,0.0,0.0,0.0
2022-01-25 19:09:57.510760,0.0,0.0,0.0
2022-01-25 19:09:58.007199,0.0,0.0,0.0
2022-01-25 19:09:58.501372,0.0,0.0,0.0
2022-01-25 19:09:59.005148,0.0,0.0,0.0
2022-01-25 19:09:59.503947,0.0,0.0,0.0
2022-01-25 19:10:00.010278,0.0,0.0,0.0
2022-01-25 19:10:00.504371,0.0,0.0,0.0
2022-01-25 19:10:01.006351,0.0,0.0,0.0
2022-01-25 19:10:01.501362,0.0,0.0,0.0
2022-01-25 19:10:02.009726,0.0,0.0,0.0
2022-01-25 19:10:02.504933,0.0,0.0,0.0
2022-01-25 19:10:03.002656,0.0,0.0,0.0
2022-01-25 19:10:03.507719,0.0,0.0,0.0
2022-01-25 19:10:04.002980,0.0,0.0,0.0
2022-01-25 19:10:04.507016,0.0,0.0,0.0
2022-01-25 19:10:05.001695,0.0,0.0,0.0
2022-01-25 19:10:05.503080,0.0,0.0,0.0
2022-01-25 19:10:06.001048,0.0,0.0,0.0
2022-01-25 19:10:06.505250,0.0,0.0,0.0
2022-01-25 19:10:07.000996,0.0,0.0,0.0
2022-01-25 19:10:07.502776,0.0,0.0,0.0
2022-01-25 19:10:08.002416,0.0,0.0,0.0
2022-01-25 19:10:08.505996,0.0,0.0,0.0
2022-01-25 19:10:09.010284,0.0,0.0,0.0
2022-01-25 19:10:09.502186,0.0,0.0,0.0
2022-01-25 19:10:10.010621,0.0,0.0,0.0
2022-01-25 19:10:10.503829,0.0,0.0,0.0
2022-01-25 19:10:11.001415,0.0,0.0,0.0
2022-01-25 19:10:11.505110,0.0,0.0,0.0
2022-01-25 19:10:12.009321,0.0,0.0,0.0
2022-01-25 19:10:12.508786,0.0,0.0,0.0
2022-01-25 19:10:13.001228,0.0,0.0,0.0
2022-01-25 19:10:13.504448,0.0,0.0,0.0
2022-01-25 19:10:14.001199,0.0,0.0,0.0
2022-01-25 19:10:14.505332,0.0,0.0,0.0
2022-01-25 19:10:15.008723,0.0,0.0,0.0
2022-01-25 19:10:15.507423,0.0,0.0,0.0
2022-01-25 19:10:16.004940,0.0,0.0,0.0
2022-01-25 19:10:16.508388,0.0,0.0,0.0
2022-01-25 19:10:17.006062,0.0,0.0,0.0
2022-01-25 19:10:17.510994,0.0,0.0,0.0
2022-01-25 19:10:18.007448,0.0,0.0,0.0
2022-01-25 19:10:18.510706,0.0,0.0,0.0
2022-01-25 19:10:19.007493,0.0,0.0,0.0
2022-01-25 19:10:19.511065,0.0,0.0,0.0
2022-01-25 19:10:20.006201,0.0,0.0,0.0
2022-01-25 19:10:20.508660,0.0,0.0,0.0
2022-01-25 19:10:21.004544,0.0,0.0,0.0
2022-01-25 19:10:21.509356,0.0,0.0,0.0
2022-01-25 19:10:22.010551,0.0,0.0,0.0
2022-01-25 19:10:22.504689,0.0,0.0,0.0
2022-01-25 19:10:23.504659,0.0,0.0,0.0
2022-01-25 19:10:24.001745,0.0,0.0,0.0
2022-01-25 19:10:24.504976,0.0,0.0,0.0
2022-01-25 19:10:25.008194,0.0,0.0,0.0
2022-01-25 19:10:25.502393,0.0,0.0,0.0
2022-01-25 19:10:26.010032,0.0,0.0,0.0
2022-01-25 19:10:26.510990,0.0,0.0,0.0
2022-01-25 19:10:27.007841,0.0,0.0,0.0
2022-01-25 19:10:27.508594,0.0,0.0,0.0
2022-01-25 19:10:28.010072,0.0,0.0,0.0
2022-01-25 19:10:28.506419,0.0,0.0,0.0
2022-01-25 19:10:29.009037,0.0,0.0,0.0
2022-01-25 19:10:29.508080,0.0,0.0,0.0
2022-01-25 19:10:30.002151,0.0,0.0,0.0
2022-01-25 19:10:30.502390,0.0,0.0,0.0
2022-01-25 19:10:31.009323,0.0,0.0,0.0
2022-01-25 19:10:31.505009,0.0,0.0,0.0
2022-01-25 19:10:32.002203,0.0,0.0,0.0
2022-01-25 19:10:32.507874,0.0,0.0,0.0
2022-01-25 19:10:33.008668,0.0,0.0,0.0
2022-01-25 19:10:33.503041,0.0,0.0,0.0
2022-01-25 19:10:34.001518,0.0,0.0,0.0
2022-01-25 19:10:34.505831,0.0,0.0,0.0
2022-01-25 19:10:35.002649,0.0,0.0,0.0
2022-01-25 19:10:35.507438,0.0,0.0,0.0
2022-01-25 19:10:36.005951,0.0,0.0,0.0
2022-01-25 19:10:36.501080,0.0,0.0,0.0
2022-01-25 19:10:37.007954,0.0,0.0,0.0
2022-01-25 19:10:37.504180,0.0,0.0,0.0
2022-01-25 19:10:38.001552,0.0,0.0,0.0
2022-01-25 19:10:38.506255,0.0,0.0,0.0
2022-01-25 19:10:39.002388,0.0,0.0,0.0
2022-01-25 19:10:39.505882,0.0,0.0,0.0
2022-01-25 19:10:40.002437,0.0,0.0,0.0
2022-01-25 19:10:40.508657,0.0,0.0,0.0
2022-01-25 19:10:41.009365,0.0,0.0,0.0
2022-01-25 19:10:41.503915,0.0,0.0,0.0
2022-01-25 19:10:42.002164,0.0,0.0,0.0
2022-01-25 19:10:42.507381,0.0,0.0,0.0
2022-01-25 19:10:43.006749,0.0,0.0,0.0
2022-01-25 19:10:43.501631,0.0,0.0,0.0
2022-01-25 19:10:44.009984,0.0,0.0,0.0
2022-01-25 19:10:44.504749,0.0,0.0,0.0
2022-01-25 19:10:45.002715,0.0,0.0,0.0
2022-01-25 19:10:45.507494,0.0,0.0,0.0
2022-01-25 19:10:46.004754,0.0,0.0,0.0
2022-01-25 19:10:46.510656,0.0,0.0,0.0
2022-01-25 19:10:47.008051,0.0,0.0,0.0
2022-01-25 19:10:47.503405,0.0,0.0,0.0
2022-01-25 19:10:48.002596,0.0,0.0,0.0
2022-01-25 19:10:48.507677,0.0,0.0,0.0
2022-01-25 19:10:49.002386,0.0,0.0,0.0
2022-01-25 19:10:49.504205,0.0,0.0,0.0
2022-01-25 19:10:50.009544,0.0,0.0,0.0
2022-01-25 19:10:50.506360,0.0,0.0,0.0
2022-01-25 19:10:51.002960,0.0,0.0,0.0
2022-01-25 19:10:51.508939,0.0,0.0,0.0
2022-01-25 19:10:52.006903,0.0,0.0,0.0
2022-01-25 19:10:52.508021,0.0,0.0,0.0
2022-01-25 19:10:53.001668,0.0,0.0,0.0
2022-01-25 19:10:53.502262,0.0,0.0,0.0
2022-01-25 19:10:54.003379,0.0,0.0,0.0
2022-01-25 19:10:54.504907,0.0,0.0,0.0
2022-01-25 19:10:55.010182,0.0,0.0,0.0
2022-01-25 19:10:55.506812,0.0,0.0,0.0
2022-01-25 19:10:56.003510,0.0,0.0,0.0
2022-01-25 19:10:56.507140,0.0,0.0,0.0
2022-01-25 19:10:57.002612,0.0,0.0,0.0
2022-01-25 19:10:57.506848,0.0,0.0,0.0
2022-01-25 19:10:58.005221,0.0,0.0,0.0
2022-01-25 19:10:58.502285,0.0,0.0,0.0
2022-01-25 19:10:59.009755,0.0,0.0,0.0
2022-01-25 19:10:59.505682,0.0,0.0,0.0
2022-01-25 19:11:00.003106,0.0,0.0,0.0
2022-01-25 19:11:00.507921,0.0,0.0,0.0
2022-01-25 19:11:01.006743,0.0,0.0,0.0
2022-01-25 19:11:01.508217,0.0,0.0,0.0
2022-01-25 19:11:02.005349,0.0,0.0,0.0
2022-01-25 19:11:02.508096,0.0,0.0,0.0
2022-01-25 19:11:03.002329,0.0,0.0,0.0
2022-01-25 19:11:03.509300,0.0,0.0,0.0
2022-01-25 19:11:04.009602,0.0,0.0,0.0
2022-01-25 19:11:04.510769,0.0,0.0,0.0
2022-01-25 19:11:05.006639,0.0,0.0,0.0
2022-01-25 19:11:05.503837,0.0,0.0,0.0
2022-01-25 19:11:06.002434,0.0,0.0,0.0
2022-01-25 19:11:06.505407,0.0,0.0,0.0
2022-01-25 19:11:07.005265,0.0,0.0,0.0
2022-01-25 19:11:07.509113,0.0,0.0,0.0
2022-01-25 19:11:08.006775,0.0,0.0,0.0
2022-01-25 19:11:08.509402,0.0,0.0,0.0
2022-01-25 19:11:09.004261,0.0,0.0,0.0
2022-01-25 19:11:09.504874,0.0,0.0,0.0
2022-01-25 19:11:10.003363,0.0,0.0,0.0
2022-01-25 19:11:10.506986,0.0,0.0,0.0
2022-01-25 19:11:11.001095,0.0,0.0,0.0
2022-01-25 19:11:11.505160,0.0,0.0,0.0
2022-01-25 19:11:12.002268,0.0,0.0,0.0
2022-01-25 19:11:12.505932,0.0,0.0,0.0
2022-01-25 19:11:13.000949,0.0,0.0,0.0
2022-01-25 19:11:13.509918,0.0,0.0,0.0
2022-01-25 19:11:14.007398,0.0,0.0,0.0
2022-01-25 19:11:14.504188,0.0,0.0,0.0
2022-01-25 19:11:15.002485,0.0,0.0,0.0
2022-01-25 19:11:15.506638,0.0,0.0,0.0
2022-01-25 19:11:16.004927,0.0,0.0,0.0
2022-01-25 19:11:16.509155,0.0,0.0,0.0
2022-01-25 19:11:17.004372,0.0,0.0,0.0
2022-01-25 19:11:17.506799,0.0,0.0,0.0
2022-01-25 19:11:18.001360,0.0,0.0,0.0
2022-01-25 19:11:18.504709,0.0,0.0,0.0
2022-01-25 19:11:19.002869,0.0,0.0,0.0
2022-01-25 19:11:19.501877,0.0,0.0,0.0
2022-01-25 19:11:20.009946,0.0,0.0,0.0
2022-01-25 19:11:20.501771,0.0,0.0,0.0
2022-01-25 19:11:21.006276,0.0,0.0,0.0
2022-01-25 19:11:21.509830,0.0,0.0,0.0
2022-01-25 19:11:22.007315,0.0,0.0,0.0
2022-01-25 19:11:22.502198,0.0,0.0,0.0
2022-01-25 19:11:23.001089,0.0,0.0,0.0
2022-01-25 19:11:23.507563,0.0,0.0,0.0
2022-01-25 19:11:24.005316,0.0,0.0,0.0
2022-01-25 19:11:24.509797,0.0,0.0,0.0
2022-01-25 19:11:25.006773,0.0,0.0,0.0
2022-01-25 19:11:25.502632,0.0,0.0,0.0
2022-01-25 19:11:26.010728,0.0,0.0,0.0
2022-01-25 19:11:26.504547,0.0,0.0,0.0
2022-01-25 19:11:27.003139,0.0,0.0,0.0
2022-01-25 19:11:27.506409,0.0,0.0,0.0
2022-01-25 19:11:28.006826,0.0,0.0,0.0
2022-01-25 19:11:28.509664,0.0,0.0,0.0
2022-01-25 19:11:29.006412,0.0,0.0,0.0
2022-01-25 19:11:29.507936,0.0,0.0,0.0
2022-01-25 19:11:30.002443,0.0,0.0,0.0
2022-01-25 19:11:30.505276,0.0,0.0,0.0
2022-01-25 19:11:31.010427,0.0,0.0,0.0
2022-01-25 19:11:31.507444,0.0,0.0,0.0
2022-01-25 19:11:32.005199,0.0,0.0,0.0
2022-01-25 19:11:32.509448,0.0,0.0,0.0
2022-01-25 19:11:33.004034,0.0,0.0,0.0
2022-01-25 19:11:33.509472,0.0,0.0,0.0
2022-01-25 19:11:34.002268,0.0,0.0,0.0
2022-01-25 19:11:34.505948,0.0,0.0,0.0
2022-01-25 19:11:35.004506,0.0,0.0,0.0
2022-01-25 19:11:35.508463,0.0,0.0,0.0
2022-01-25 19:11:36.007208,0.0,0.0,0.0
2022-01-25 19:11:36.514009,0.0,0.0,0.0
2022-01-25 19:11:37.010960,0.0,0.0,0.0
2022-01-25 19:11:37.505711,0.0,0.0,0.0
2022-01-25 19:11:38.003306,0.0,0.0,0.0
2022-01-25 19:11:38.507272,0.0,0.0,0.0
2022-01-25 19:11:39.008188,0.0,0.0,0.0
2022-01-25 19:11:39.501418,0.0,0.0,0.0
2022-01-25 19:11:40.007493,0.0,0.0,0.0
2022-01-25 19:11:40.511111,0.0,0.0,0.0
2022-01-25 19:11:41.007439,0.0,0.0,0.0
2022-01-25 19:11:41.507623,0.0,0.0,0.0
2022-01-25 19:11:42.001032,0.0,0.0,0.0
2022-01-25 19:11:42.505621,0.0,0.0,0.0
2022-01-25 19:11:43.005557,0.0,0.0,0.0
2022-01-25 19:11:43.510765,0.0,0.0,0.0
2022-01-25 19:11:44.008433,0.0,0.0,0.0
2022-01-25 19:11:44.510653,0.0,0.0,0.0
2022-01-25 19:11:45.007926,0.0,0.0,0.0
2022-01-25 19:11:45.502776,0.0,0.0,0.0
2022-01-25 19:11:46.001729,0.0,0.0,0.0
2022-01-25 19:11:46.508204,0.0,0.0,0.0
2022-01-25 19:11:47.007069,0.0,0.0,0.0
2022-01-25 19:11:47.510622,0.0,0.0,0.0
2022-01-25 19:11:48.007905,0.0,0.0,0.0
2022-01-25 19:11:48.501719,0.0,0.0,0.0
2022-01-25 19:11:49.009826,0.0,0.0,0.0
2022-01-25 19:11:49.506809,0.0,0.0,0.0
2022-01-25 19:11:50.003396,0.0,0.0,0.0
2022-01-25 19:11:50.508137,0.0,0.0,0.0
2022-01-25 19:11:51.004215,0.0,0.0,0.0
2022-01-25 19:11:51.507569,0.0,0.0,0.0
2022-01-25 19:11:52.007676,0.0,0.0,0.0
2022-01-25 19:11:52.501867,0.0,0.0,0.0
2022-01-25 19:11:53.006765,0.0,0.0,0.0
2022-01-25 19:11:53.501273,0.0,0.0,0.0
2022-01-25 19:11:54.009309,0.0,0.0,0.0
2022-01-25 19:11:54.504418,0.0,0.0,0.0
2022-01-25 19:11:55.002260,0.0,0.0,0.0
2022-01-25 19:11:55.503935,0.0,0.0,0.0
2022-01-25 19:11:56.006838,0.0,0.0,0.0
2022-01-25 19:11:56.510756,0.0,0.0,0.0
2022-01-25 19:11:57.008600,0.0,0.0,0.0
2022-01-25 19:11:57.502532,0.0,0.0,0.0
2022-01-25 19:11:58.002057,0.0,0.0,0.0
2022-01-25 19:11:58.507390,0.0,0.0,0.0
2022-01-25 19:11:59.002163,0.0,0.0,0.0
2022-01-25 19:11:59.508230,0.0,0.0,0.0
2022-01-25 19:12:00.002948,0.0,0.0,0.0
2022-01-25 19:12:00.507041,0.0,0.0,0.0
2022-01-25 19:12:01.005299,0.0,0.0,0.0
2022-01-25 19:12:01.509299,0.0,0.0,0.0
2022-01-25 19:12:02.008020,0.0,0.0,0.0
2022-01-25 19:12:02.501620,0.0,0.0,0.0
2022-01-25 19:12:03.009715,0.0,0.0,0.0
2022-01-25 19:12:03.504794,0.0,0.0,0.0
2022-01-25 19:12:04.004749,0.0,0.0,0.0
2022-01-25 19:12:04.508704,0.0,0.0,0.0
2022-01-25 19:12:05.007805,0.0,0.0,0.0
2022-01-25 19:12:05.502645,0.0,0.0,0.0
2022-01-25 19:12:06.009738,0.0,0.0,0.0
2022-01-25 19:12:06.504705,0.0,0.0,0.0
2022-01-25 19:12:07.002309,0.0,0.0,0.0
2022-01-25 19:12:07.507616,0.0,0.0,0.0
2022-01-25 19:12:08.008043,0.0,0.0,0.0
2022-01-25 19:12:08.503204,0.0,0.0,0.0
2022-01-25 19:12:09.001877,0.0,0.0,0.0
2022-01-25 19:12:09.506858,0.0,0.0,0.0
2022-01-25 19:12:10.006253,0.0,0.0,0.0
2022-01-25 19:12:10.506786,0.0,0.0,0.0
2022-01-25 19:12:11.007971,0.0,0.0,0.0
2022-01-25 19:12:11.502082,0.0,0.0,0.0
2022-01-25 19:12:12.009319,0.0,0.0,0.0
2022-01-25 19:12:12.504903,0.0,0.0,0.0
2022-01-25 19:12:13.008555,0.0,0.0,0.0
2022-01-25 19:12:13.505433,0.0,0.0,0.0
2022-01-25 19:12:14.010540,0.0,0.0,0.0
2022-01-25 19:12:14.506173,0.0,0.0,0.0
2022-01-25 19:12:15.004256,0.0,0.0,0.0
2022-01-25 19:12:15.509936,0.0,0.0,0.0
2022-01-25 19:12:16.006764,0.0,0.0,0.0
2022-01-25 19:12:16.501895,0.0,0.0,0.0
2022-01-25 19:12:17.008632,0.0,0.0,0.0
2022-01-25 19:12:17.504404,0.0,0.0,0.0
2022-01-25 19:12:18.003619,0.0,0.0,0.0
2022-01-25 19:12:18.510106,0.0,0.0,0.0
2022-01-25 19:12:19.003471,0.0,0.0,0.0
2022-01-25 19:12:19.506391,0.0,0.0,0.0
2022-01-25 19:12:20.003201,0.0,0.0,0.0
2022-01-25 19:12:20.509020,0.0,0.0,0.0
2022-01-25 19:12:21.004863,0.0,0.0,0.0
2022-01-25 19:12:21.510643,0.0,0.0,0.0
2022-01-25 19:12:22.009208,0.0,0.0,0.0
2022-01-25 19:12:22.501773,0.0,0.0,0.0
2022-01-25 19:12:23.009778,0.0,0.0,0.0
2022-01-25 19:12:23.504646,0.0,0.0,0.0
2022-01-25 19:12:24.003476,0.0,0.0,0.0
2022-01-25 19:12:24.507972,0.0,0.0,0.0
2022-01-25 19:12:25.006414,0.0,0.0,0.0
2022-01-25 19:12:25.510829,0.0,0.0,0.0
2022-01-25 19:12:26.007322,0.0,0.0,0.0
2022-01-25 19:12:26.502345,0.0,0.0,0.0
2022-01-25 19:12:27.006676,0.0,0.0,0.0
2022-01-25 19:12:27.501166,0.0,0.0,0.0
2022-01-25 19:12:28.003159,0.0,0.0,0.0
2022-01-25 19:12:28.508018,0.0,0.0,0.0
2022-01-25 19:12:29.004940,0.0,0.0,0.0
2022-01-25 19:12:29.501174,0.0,0.0,0.0
2022-01-25 19:12:30.010177,0.0,0.0,0.0
2022-01-25 19:12:30.501077,0.0,0.0,0.0
2022-01-25 19:12:31.006156,0.0,0.0,0.0
2022-01-25 19:12:32.003386,0.0,0.0,0.0
2022-01-25 19:12:32.504843,0.0,0.0,0.0
2022-01-25 19:12:33.006059,0.0,0.0,0.0
2022-01-25 19:12:33.505082,0.0,0.0,0.0
2022-01-25 19:12:34.006873,0.0,0.0,0.0
2022-01-25 19:12:34.506347,0.0,0.0,0.0
2022-01-25 19:12:35.003961,0.0,0.0,0.0
2022-01-25 19:12:35.502243,0.0,0.0,0.0
2022-01-25 19:12:36.010401,0.0,0.0,0.0
2022-01-25 19:12:36.504061,0.0,0.0,0.0
2022-01-25 19:12:37.001851,0.0,0.0,0.0
2022-01-25 19:12:37.510175,0.0,0.0,0.0
2022-01-25 19:12:38.001770,0.0,0.0,0.0
2022-01-25 19:12:38.501872,0.0,0.0,0.0
2022-01-25 19:12:39.009459,0.0,0.0,0.0
2022-01-25 19:12:39.504977,0.0,0.0,0.0
2022-01-25 19:12:40.008599,0.0,0.0,0.0
2022-01-25 19:12:40.510546,0.0,0.0,0.0
2022-01-25 19:12:41.008938,0.0,0.0,0.0
2022-01-25 19:12:41.503623,0.0,0.0,0.0
2022-01-25 19:12:42.010946,0.0,0.0,0.0
2022-01-25 19:12:42.502287,0.0,0.0,0.0
2022-01-25 19:12:43.010818,0.0,0.0,0.0
2022-01-25 19:12:43.507642,0.0,0.0,0.0
2022-01-25 19:12:44.005753,0.0,0.0,0.0
2022-01-25 19:12:44.511204,0.0,0.0,0.0
2022-01-25 19:12:45.009261,0.0,0.0,0.0
2022-01-25 19:12:45.504625,0.0,0.0,0.0
2022-01-25 19:12:46.002487,0.0,0.0,0.0
2022-01-25 19:12:46.508555,0.0,0.0,0.0
2022-01-25 19:12:47.007627,0.0,0.0,0.0
2022-01-25 19:12:47.508014,0.0,0.0,0.0
2022-01-25 19:12:48.005388,0.0,0.0,0.0
2022-01-25 19:12:48.510325,0.0,0.0,0.0
2022-01-25 19:12:49.007331,0.0,0.0,0.0
2022-01-25 19:12:49.502405,0.0,0.0,0.0
2022-01-25 19:12:50.009223,0.0,0.0,0.0
2022-01-25 19:12:50.503187,0.0,0.0,0.0
2022-01-25 19:12:51.008433,0.0,0.0,0.0
2022-01-25 19:12:51.503559,0.0,0.0,0.0
2022-01-25 19:12:52.001083,0.0,0.0,0.0
2022-01-25 19:12:52.505964,0.0,0.0,0.0
2022-01-25 19:12:53.004375,0.0,0.0,0.0
2022-01-25 19:12:53.509099,0.0,0.0,0.0
2022-01-25 19:12:54.008189,0.0,0.0,0.0
2022-01-25 19:12:54.504053,0.0,0.0,0.0
2022-01-25 19:12:55.002342,0.0,0.0,0.0
2022-01-25 19:12:55.511112,0.0,0.0,0.0
2022-01-25 19:12:56.009322,0.0,0.0,0.0
2022-01-25 19:12:56.502292,0.0,0.0,0.0
2022-01-25 19:12:57.010164,0.0,0.0,0.0
2022-01-25 19:12:57.505666,0.0,0.0,0.0
2022-01-25 19:12:58.003901,0.0,0.0,0.0
2022-01-25 19:12:58.509082,0.0,0.0,0.0
2022-01-25 19:12:59.007893,0.0,0.0,0.0
2022-01-25 19:12:59.505649,0.0,0.0,0.0
2022-01-25 19:13:00.002826,0.0,0.0,0.0
2022-01-25 19:13:00.506187,0.0,0.0,0.0
2022-01-25 19:13:01.004700,0.0,0.0,0.0
2022-01-25 19:13:01.509298,0.0,0.0,0.0
2022-01-25 19:13:02.003745,0.0,0.0,0.0
2022-01-25 19:13:02.510338,0.0,0.0,0.0
2022-01-25 19:13:03.008816,0.0,0.0,0.0
2022-01-25 19:13:03.509982,0.0,0.0,0.0
2022-01-25 19:13:04.007887,0.0,0.0,0.0
2022-01-25 19:13:04.509106,0.0,0.0,0.0
2022-01-25 19:13:05.007146,0.0,0.0,0.0
2022-01-25 19:13:05.502243,0.0,0.0,0.0
2022-01-25 19:13:06.009538,0.0,0.0,-0.03864
2022-01-25 19:13:06.505108,0.0,0.0,-0.03864
2022-01-25 19:13:07.003974,0.0,0.0,0.0
2022-01-25 19:13:07.510762,0.0,0.0,0.0
2022-01-25 19:13:08.009712,0.0,0.0,-0.03864
2022-01-25 19:13:08.506585,0.0,0.0,-0.03864
2022-01-25 19:13:09.004007,0.0,0.0,0.0
2022-01-25 19:13:09.510714,0.0,0.0,0.0
2022-01-25 19:13:10.008184,0.0,0.0,0.0
2022-01-25 19:13:10.502583,0.0,0.0,0.0
2022-01-25 19:13:11.002975,0.0,0.0,0.0
2022-01-25 19:13:11.501887,0.0,0.0,0.0
2022-01-25 19:13:12.010661,0.0,0.0,0.0
2022-01-25 19:13:12.505416,0.0,0.0,0.0
2022-01-25 19:13:13.004191,0.0,0.0,0.0
2022-01-25 19:13:13.509403,0.0,0.0,0.0
2022-01-25 19:13:14.008873,0.0,0.0,0.0
2022-01-25 19:13:14.501230,0.0,0.0,0.0
2022-01-25 19:13:15.009768,0.0,0.0,0.0
2022-01-25 19:13:15.504577,0.0,0.0,0.0
2022-01-25 19:13:16.003778,0.0,0.0,0.0
2022-01-25 19:13:16.502745,0.0,0.0,0.0
2022-01-25 19:13:17.001086,0.0,0.0,0.0
2022-01-25 19:13:17.507560,0.0,0.0,0.0
2022-01-25 19:13:18.005785,0.0,0.0,0.0
2022-01-25 19:13:18.510949,0.0,0.0,0.0
2022-01-25 19:13:19.008560,0.0,0.0,0.0
2022-01-25 19:13:19.503523,0.0,0.0,0.0
2022-01-25 19:13:20.003315,0.0,0.0,0.0
2022-01-25 19:13:20.509769,0.0,0.0,0.0
2022-01-25 19:13:21.010484,0.0,0.0,0.0
2022-01-25 19:13:21.507561,0.0,0.0,0.0
2022-01-25 19:13:22.006444,0.0,0.0,0.0
2022-01-25 19:13:22.502443,0.0,0.0,0.0
2022-01-25 19:13:23.010903,0.0,0.0,0.0
2022-01-25 19:13:23.506349,0.0,0.0,0.0
2022-01-25 19:13:24.003953,0.0,0.0,0.0
2022-01-25 19:13:24.508235,0.0,0.0,0.0
2022-01-25 19:13:25.008150,0.0,0.0,0.0
2022-01-25 19:13:25.503476,0.0,0.0,0.0
2022-01-25 19:13:26.002130,0.0,0.0,0.0
2022-01-25 19:13:26.506925,0.0,0.0,0.0
2022-01-25 19:13:27.004091,0.0,0.0,0.0
2022-01-25 19:13:27.509501,0.0,0.0,0.0
2022-01-25 19:13:28.008610,0.0,0.0,0.0
2022-01-25 19:13:28.501170,0.0,0.0,0.0
2022-01-25 19:13:29.505988,0.0,0.0,0.0
2022-01-25 19:13:30.010875,0.0,0.0,0.0
2022-01-25 19:13:30.505772,0.0,0.0,0.0
2022-01-25 19:13:31.004090,0.0,0.0,0.0
2022-01-25 19:13:31.509155,0.0,0.0,0.0
2022-01-25 19:13:32.008043,0.0,0.0,0.0
2022-01-25 19:13:32.509227,0.0,0.0,0.0
2022-01-25 19:13:33.007136,0.0,0.0,0.0
2022-01-25 19:13:33.502493,0.0,0.0,0.0
2022-01-25 19:13:34.001830,0.0,0.0,0.0
2022-01-25 19:13:34.507836,0.0,0.0,0.0
2022-01-25 19:13:35.006871,0.0,0.0,0.0
2022-01-25 19:13:35.504304,0.0,0.0,0.0
2022-01-25 19:13:36.001805,0.0,0.0,0.0
2022-01-25 19:13:36.507393,0.0,0.0,0.0
2022-01-25 19:13:37.006294,0.0,0.0,0.0
2022-01-25 19:13:37.502642,0.0,0.0,0.0
2022-01-25 19:13:38.001415,0.0,0.0,0.0
2022-01-25 19:13:38.506408,0.0,0.0,0.0
2022-01-25 19:13:39.004148,0.0,0.0,0.0
2022-01-25 19:13:39.501770,0.0,0.0,0.0
2022-01-25 19:13:40.001271,0.0,0.0,-0.03864
2022-01-25 19:13:40.506781,0.0,0.0,-0.03864
2022-01-25 19:13:41.004431,0.0,0.0,-0.03864
2022-01-25 19:13:41.510726,0.0,0.0,-0.03864
2022-01-25 19:13:42.009847,0.0,0.0,0.0
2022-01-25 19:13:42.506458,0.0,0.0,0.0
2022-01-25 19:13:43.004678,0.0,0.0,0.0
2022-01-25 19:13:43.510615,0.0,0.0,0.0
2022-01-25 19:13:44.009737,0.0,0.0,0.0
2022-01-25 19:13:44.505306,0.0,0.0,0.0
2022-01-25 19:13:45.003401,0.0,0.0,0.0
2022-01-25 19:13:45.509518,0.0,0.0,0.0
2022-01-25 19:13:46.009491,0.0,0.0,0.0
2022-01-25 19:13:46.503481,0.0,0.0,0.0
2022-01-25 19:13:47.002010,0.0,0.0,0.0
2022-01-25 19:13:47.507391,0.0,0.0,0.0
2022-01-25 19:13:48.006454,0.0,0.0,-0.03864
2022-01-25 19:13:48.503063,0.0,0.0,-0.03864
2022-01-25 19:13:49.011248,0.0,0.0,0.0
2022-01-25 19:13:49.504797,0.0,0.0,0.0
2022-01-25 19:13:50.004087,0.0,0.0,0.0
2022-01-25 19:13:50.510721,0.0,0.0,0.0
2022-01-25 19:13:51.009137,0.0,0.0,0.0
2022-01-25 19:13:51.503660,0.0,0.0,0.0
2022-01-25 19:13:52.001992,0.0,0.0,-0.03864
2022-01-25 19:13:52.508060,0.0,0.0,-0.03864
2022-01-25 19:13:53.005903,0.0,0.0,0.0
2022-01-25 19:13:53.501934,0.0,0.0,0.0
2022-01-25 19:13:54.009848,0.0,0.0,0.0
2022-01-25 19:13:54.505235,0.0,0.0,0.0
2022-01-25 19:13:55.003985,0.0,0.0,0.0
2022-01-25 19:13:55.509109,0.0,0.0,0.0
2022-01-25 19:13:56.007553,0.0,0.0,0.0
2022-01-25 19:13:56.503345,0.0,0.0,0.0
2022-01-25 19:13:57.001264,0.0,0.0,0.0
2022-01-25 19:13:57.507265,0.0,0.0,0.0
2022-01-25 19:13:58.007728,0.0,0.0,-0.03864
2022-01-25 19:13:58.502265,0.0,0.0,-0.03864
2022-01-25 19:13:59.010327,0.0,0.0,0.0
2022-01-25 19:13:59.505186,0.0,0.0,0.0
2022-01-25 19:14:00.003399,0.0,0.0,0.0
2022-01-25 19:14:00.506598,0.0,0.0,0.0
2022-01-25 19:14:01.004957,0.0,0.0,0.0
2022-01-25 19:14:01.501270,0.0,0.0,0.0
2022-01-25 19:14:02.001768,0.0,0.0,0.0
2022-01-25 19:14:02.506824,0.0,0.0,0.0
2022-01-25 19:14:03.004931,0.0,0.0,0.0
2022-01-25 19:14:03.511172,0.0,0.0,0.0
2022-01-25 19:14:04.010176,0.0,0.0,0.0
2022-01-25 19:14:04.504739,0.0,0.0,0.0
2022-01-25 19:14:05.002786,0.0,0.0,0.0
2022-01-25 19:14:05.508723,0.0,0.0,0.0
2022-01-25 19:14:06.005500,0.0,0.0,0.0
2022-01-25 19:14:06.502034,0.0,0.0,0.0
2022-01-25 19:14:07.010167,0.0,0.0,0.0
2022-01-25 19:14:07.506738,0.0,0.0,0.0
2022-01-25 19:14:08.004875,0.0,0.0,0.0
2022-01-25 19:14:08.509397,0.0,0.0,0.0
2022-01-25 19:14:09.007076,0.0,0.0,0.0
2022-01-25 19:14:09.503599,0.0,0.0,0.0
2022-01-25 19:14:10.002709,0.0,0.0,0.0
2022-01-25 19:14:10.508161,0.0,0.0,0.0
2022-01-25 19:14:11.003779,0.0,0.0,0.0
2022-01-25 19:14:11.510834,0.0,0.0,0.0
2022-01-25 19:14:12.008587,0.0,0.0,0.0
2022-01-25 19:14:12.502796,0.0,0.0,0.0
2022-01-25 19:14:13.010840,0.0,0.0,-0.03864
2022-01-25 19:14:13.506500,0.0,0.0,-0.03864
2022-01-25 19:14:14.002743,0.0,0.0,0.0
2022-01-25 19:14:14.507226,0.0,0.0,0.0
2022-01-25 19:14:15.006792,0.0,0.0,0.0
2022-01-25 19:14:16.005912,0.0,0.0,-0.03864
2022-01-25 19:14:16.500979,0.0,0.0,-0.03864
2022-01-25 19:14:17.009420,0.0,0.0,0.0
2022-01-25 19:14:17.504628,0.0,0.0,0.0
2022-01-25 19:14:18.002917,0.0,0.0,0.0
2022-01-25 19:14:18.508039,0.0,0.0,0.0
2022-01-25 19:14:19.002319,0.0,0.0,0.0
2022-01-25 19:14:19.508410,0.0,0.0,0.0
2022-01-25 19:14:20.008373,0.0,0.0,0.0
2022-01-25 19:14:20.502298,0.0,0.0,0.0
2022-01-25 19:14:21.010478,0.0,0.0,0.0
2022-01-25 19:14:21.506255,0.0,0.0,0.0
2022-01-25 19:14:22.004265,0.0,0.0,0.0
2022-01-25 19:14:22.509532,0.0,0.0,0.0
2022-01-25 19:14:23.007859,0.0,0.0,0.0
2022-01-25 19:14:23.503068,0.0,0.0,0.0
2022-01-25 19:14:24.010286,0.0,0.0,0.0
2022-01-25 19:14:24.506800,0.0,0.0,0.0
2022-01-25 19:14:25.004411,0.0,0.0,0.0
2022-01-25 19:14:25.508797,0.0,0.0,0.0
2022-01-25 19:14:26.005647,0.0,0.0,0.0
2022-01-25 19:14:26.501116,0.0,0.0,0.0
2022-01-25 19:14:27.009983,0.0,0.0,0.0
2022-01-25 19:14:27.505189,0.0,0.0,0.0
2022-01-25 19:14:28.002388,0.0,0.0,0.0
2022-01-25 19:14:28.508879,0.0,0.0,0.0
2022-01-25 19:14:29.007248,0.0,0.0,0.0
2022-01-25 19:14:29.503354,0.0,0.0,0.0
2022-01-25 19:14:30.011120,0.0,0.0,0.0
2022-01-25 19:14:30.506265,0.0,0.0,0.0
2022-01-25 19:14:31.002742,0.0,0.0,0.0
2022-01-25 19:14:31.507687,0.0,0.0,0.0
2022-01-25 19:14:32.005822,0.0,0.0,0.0
2022-01-25 19:14:32.501734,0.0,0.0,0.0
2022-01-25 19:14:33.011041,0.0,0.0,0.0
2022-01-25 19:14:33.509530,0.0,0.0,0.0
2022-01-25 19:14:34.008426,0.0,0.0,0.0
2022-01-25 19:14:34.502872,0.0,0.0,0.0
2022-01-25 19:14:35.009045,0.0,0.0,0.0
2022-01-25 19:14:35.504269,0.0,0.0,0.0
2022-01-25 19:14:36.002767,0.0,0.0,0.0
2022-01-25 19:14:36.508352,0.0,0.0,0.0
2022-01-25 19:14:37.007946,0.0,0.0,0.0
2022-01-25 19:14:37.504750,0.0,0.0,0.0
2022-01-25 19:14:38.003991,0.0,0.0,0.0
2022-01-25 19:14:38.509475,0.0,0.0,0.0
2022-01-25 19:14:39.007601,0.0,0.0,0.0
2022-01-25 19:14:39.502332,0.0,0.0,0.0
2022-01-25 19:14:40.001100,0.0,0.0,0.0
2022-01-25 19:14:40.506896,0.0,0.0,0.0
2022-01-25 19:14:41.005510,0.0,0.0,0.0
2022-01-25 19:14:41.501125,0.0,0.0,0.0
2022-01-25 19:14:42.009978,0.0,0.0,0.0
2022-01-25 19:14:42.506574,0.0,0.0,0.0
2022-01-25 19:14:43.004946,0.0,0.0,-0.03864
2022-01-25 19:14:44.005845,0.0,0.0,0.0
2022-01-25 19:14:44.511046,0.0,0.0,0.0
2022-01-25 19:14:45.009346,0.0,0.0,-0.03864
2022-01-25 19:14:45.504422,0.0,0.0,-0.03864
2022-01-25 19:14:46.004060,0.0,0.0,0.03864
2022-01-25 19:14:46.501287,0.0,0.0,0.03864
2022-01-25 19:14:47.009360,0.0,0.0,0.0
2022-01-25 19:14:47.504967,0.0,0.0,0.0
2022-01-25 19:14:48.002627,0.0,0.0,-0.03864
2022-01-25 19:14:48.507930,0.0,0.0,-0.03864
2022-01-25 19:14:49.008027,0.0,0.0,-0.03864
2022-01-25 19:14:49.504171,0.0,0.0,-0.03864
2022-01-25 19:14:50.003601,0.0,0.0,0.0
2022-01-25 19:14:50.508676,0.0,0.0,0.0
2022-01-25 19:14:51.004895,0.0,0.0,-0.03864
2022-01-25 19:14:51.503718,0.0,0.0,-0.03864
2022-01-25 19:14:52.003487,0.0,0.0,-0.03864
2022-01-25 19:14:52.508057,0.0,0.0,-0.03864
2022-01-25 19:14:53.005566,0.0,0.0,-0.03864
2022-01-25 19:14:53.511145,0.0,0.0,-0.03864
2022-01-25 19:14:54.011212,0.0,0.0,0.0
2022-01-25 19:14:54.506012,0.0,0.0,0.0
2022-01-25 19:14:55.005110,0.0,0.0,0.0
2022-01-25 19:14:55.509897,0.0,0.0,0.0
2022-01-25 19:14:56.009804,0.0,0.0,0.0
2022-01-25 19:14:56.503975,0.0,0.0,0.0
2022-01-25 19:14:57.003373,0.0,0.0,0.0
2022-01-25 19:14:57.510042,0.0,0.0,0.0
2022-01-25 19:14:58.008172,0.0,0.0,0.0
2022-01-25 19:14:58.504251,0.0,0.0,0.0
2022-01-25 19:14:59.001809,0.0,0.0,0.0
2022-01-25 19:14:59.507146,0.0,0.0,0.0
2022-01-25 19:15:00.007056,0.0,0.0,0.0
2022-01-25 19:15:00.504467,0.0,0.0,0.0
2022-01-25 19:15:01.003404,0.0,0.0,0.0
2022-01-25 19:15:01.508834,0.0,0.0,0.0
2022-01-25 19:15:02.005680,0.0,0.0,0.0
2022-01-25 19:15:02.501272,0.0,0.0,0.0
2022-01-25 19:15:03.009946,0.0,0.0,0.0
2022-01-25 19:15:03.506066,0.0,0.0,0.0
2022-01-25 19:15:04.003621,0.0,0.0,0.0
2022-01-25 19:15:04.510769,0.0,0.0,0.0
2022-01-25 19:15:05.009649,0.0,0.0,0.0
2022-01-25 19:15:05.503649,0.0,0.0,0.0
2022-01-25 19:15:06.001413,0.0,0.0,0.0
2022-01-25 19:15:06.507434,0.0,0.0,0.0
2022-01-25 19:15:07.006186,0.0,0.0,0.0
2022-01-25 19:15:07.511569,0.0,0.0,0.0
2022-01-25 19:15:08.009462,0.0,0.0,0.0
2022-01-25 19:15:08.505811,0.0,0.0,0.0
2022-01-25 19:15:09.005278,0.0,0.0,0.0
2022-01-25 19:15:09.510665,0.0,0.0,0.0
2022-01-25 19:15:10.007884,0.0,0.0,0.0
2022-01-25 19:15:10.503004,0.0,0.0,0.0
2022-01-25 19:15:11.006809,0.0,0.0,0.0
2022-01-25 19:15:11.501764,0.0,0.0,0.0
2022-01-25 19:15:12.009880,0.0,0.0,0.0
2022-01-25 19:15:12.504423,0.0,0.0,0.0
2022-01-25 19:15:13.001860,0.0,0.0,0.0
2022-01-25 19:15:13.509360,0.0,0.0,0.0
2022-01-25 19:15:14.007502,0.0,0.0,0.0
2022-01-25 19:15:14.502437,0.0,0.0,0.0
2022-01-25 19:15:15.010381,0.0,0.0,0.0
2022-01-25 19:15:15.505204,0.0,0.0,0.0
2022-01-25 19:15:16.003201,0.0,0.0,0.0
2022-01-25 19:15:16.508023,0.0,0.0,0.0
2022-01-25 19:15:17.005835,0.0,0.0,0.0
2022-01-25 19:15:17.511378,0.0,0.0,0.0
2022-01-25 19:15:18.011300,0.0,0.0,0.0
2022-01-25 19:15:18.503371,0.0,0.0,0.0
2022-01-25 19:15:19.001295,0.0,0.0,0.0
2022-01-25 19:15:19.506835,0.0,0.0,0.0
2022-01-25 19:15:20.005634,0.0,0.0,0.0
2022-01-25 19:15:20.501188,0.0,0.0,0.0
2022-01-25 19:15:21.008658,0.0,0.0,0.0
2022-01-25 19:15:21.503493,0.0,0.0,0.0
2022-01-25 19:15:22.002471,0.0,0.0,0.0
2022-01-25 19:15:22.510946,0.0,0.0,0.0
2022-01-25 19:15:23.008644,0.0,0.0,0.0
2022-01-25 19:15:23.503635,0.0,0.0,0.0
2022-01-25 19:15:24.001291,0.0,0.0,0.0
2022-01-25 19:15:24.505639,0.0,0.0,0.0
2022-01-25 19:15:25.003618,0.0,0.0,0.0
2022-01-25 19:15:25.508346,0.0,0.0,0.0
2022-01-25 19:15:26.006994,0.0,0.0,0.0
2022-01-25 19:15:26.502820,0.0,0.0,0.0
2022-01-25 19:15:27.011009,0.0,0.0,0.0
2022-01-25 19:15:27.505141,0.0,0.0,0.0
2022-01-25 19:15:28.003360,0.0,0.0,0.0
2022-01-25 19:15:28.509811,0.0,0.0,0.0
2022-01-25 19:15:29.007388,0.0,0.0,0.0
2022-01-25 19:15:29.502748,0.0,0.0,0.0
2022-01-25 19:15:30.009808,0.0,0.0,0.0
2022-01-25 19:15:30.504871,0.0,0.0,0.0
2022-01-25 19:15:31.004787,0.0,0.0,0.0
2022-01-25 19:15:32.005116,0.0,0.0,0.0
2022-01-25 19:15:32.509729,0.0,0.0,0.0
2022-01-25 19:15:33.006169,0.0,0.0,0.0
2022-01-25 19:15:33.501406,0.0,0.0,0.0
2022-01-25 19:15:34.011206,0.0,0.0,0.0
2022-01-25 19:15:34.505805,0.0,0.0,0.0
2022-01-25 19:15:35.004137,0.0,0.0,0.0
2022-01-25 19:15:35.509239,0.0,0.0,0.0
2022-01-25 19:15:36.008680,0.0,0.0,0.0
2022-01-25 19:15:36.502774,0.0,0.0,0.0
2022-01-25 19:15:37.011076,0.0,0.0,0.0
2022-01-25 19:15:37.506827,0.0,0.0,0.0
2022-01-25 19:15:38.004054,0.0,0.0,0.0
2022-01-25 19:15:38.510113,0.0,0.0,0.0
2022-01-25 19:15:39.007877,0.0,0.0,0.0
2022-01-25 19:15:39.502529,0.0,0.0,0.0
2022-01-25 19:15:40.010419,0.0,0.0,0.0
2022-01-25 19:15:40.508584,0.0,0.0,0.0
2022-01-25 19:15:41.007173,0.0,0.0,0.0
2022-01-25 19:15:41.501180,0.0,0.0,0.0
2022-01-25 19:15:42.009899,0.0,0.0,0.0
2022-01-25 19:15:42.504298,0.0,0.0,0.0
2022-01-25 19:15:43.002553,0.0,0.0,0.0
2022-01-25 19:15:43.506331,0.0,0.0,0.0
2022-01-25 19:15:44.002661,0.0,0.0,0.0
2022-01-25 19:15:44.507897,0.0,0.0,0.0
2022-01-25 19:15:45.006433,0.0,0.0,0.0
2022-01-25 19:15:45.501495,0.0,0.0,0.0
2022-01-25 19:15:46.010402,0.0,0.0,0.0
2022-01-25 19:15:46.504534,0.0,0.0,0.0
2022-01-25 19:15:47.002239,0.0,0.0,0.0
2022-01-25 19:15:47.508286,0.0,0.0,0.0
2022-01-25 19:15:48.007631,0.0,0.0,0.0
2022-01-25 19:15:48.502643,0.0,0.0,0.0
2022-01-25 19:15:49.010218,0.0,0.0,0.0
2022-01-25 19:15:49.507353,0.0,0.0,0.0
2022-01-25 19:15:50.005856,0.0,0.0,0.0
2022-01-25 19:15:50.510673,0.0,0.0,0.0
2022-01-25 19:15:51.007492,0.0,0.0,0.0
2022-01-25 19:15:51.502511,0.0,0.0,0.0
2022-01-25 19:15:52.010350,0.0,0.0,0.0
2022-01-25 19:15:52.505256,0.0,0.0,0.0
2022-01-25 19:15:53.003812,0.0,0.0,0.0
2022-01-25 19:15:53.509522,0.0,0.0,0.0
2022-01-25 19:15:54.007406,0.0,0.0,0.0
2022-01-25 19:15:54.502694,0.0,0.0,0.0
2022-01-25 19:15:55.002930,0.0,0.0,0.0
2022-01-25 19:15:55.509867,0.0,0.0,0.0
2022-01-25 19:15:56.009044,0.0,0.0,0.0
2022-01-25 19:15:56.505082,0.0,0.0,0.0
2022-01-25 19:15:57.003654,0.0,0.0,0.0
2022-01-25 19:15:57.509526,0.0,0.0,0.0
2022-01-25 19:15:58.008751,0.0,0.0,0.0
2022-01-25 19:15:58.503772,0.0,0.0,0.0
2022-01-25 19:15:59.002260,0.0,0.0,0.0
2022-01-25 19:15:59.510440,0.0,0.0,0.0
2022-01-25 19:16:00.009879,0.0,0.0,0.0
2022-01-25 19:16:00.502274,0.0,0.0,0.0
2022-01-25 19:16:01.009088,0.0,0.0,0.0
2022-01-25 19:16:01.504907,0.0,0.0,0.0
2022-01-25 19:16:02.002201,0.0,0.0,0.0
2022-01-25 19:16:02.507219,0.0,0.0,0.0
2022-01-25 19:16:03.005785,0.0,0.0,0.0
2022-01-25 19:16:03.501822,0.0,0.0,0.0
2022-01-25 19:16:04.010264,0.0,0.0,0.0
2022-01-25 19:16:04.506325,0.0,0.0,0.0
2022-01-25 19:16:05.004296,0.0,0.0,0.0
2022-01-25 19:16:05.509431,0.0,0.0,0.0
2022-01-25 19:16:06.007874,0.0,0.0,0.0
2022-01-25 19:16:06.502419,0.0,0.0,0.0
2022-01-25 19:16:07.010157,0.0,0.0,0.0
2022-01-25 19:16:07.506155,0.0,0.0,0.0
2022-01-25 19:16:08.004738,0.0,0.0,0.0
2022-01-25 19:16:08.502484,0.0,0.0,0.0
2022-01-25 19:16:09.010416,0.0,0.0,0.0
2022-01-25 19:16:09.504693,0.0,0.0,0.0
2022-01-25 19:16:10.002762,0.0,0.0,0.0
2022-01-25 19:16:10.507878,0.0,0.0,0.0
2022-01-25 19:16:11.004047,0.0,0.0,0.0
2022-01-25 19:16:11.508323,0.0,0.0,0.0
2022-01-25 19:16:12.006634,0.0,0.0,0.0
2022-01-25 19:16:12.503238,0.0,0.0,0.0
2022-01-25 19:16:13.001834,0.0,0.0,0.0
2022-01-25 19:16:13.507734,0.0,0.0,0.0
2022-01-25 19:16:14.006586,0.0,0.0,0.0
2022-01-25 19:16:14.501312,0.0,0.0,0.0
2022-01-25 19:16:15.009461,0.0,0.0,0.0
2022-01-25 19:16:15.504311,0.0,0.0,0.0
2022-01-25 19:16:16.004634,0.0,0.0,0.0
2022-01-25 19:16:16.510458,0.0,0.0,0.0
2022-01-25 19:16:17.008794,0.0,0.0,0.0
2022-01-25 19:16:17.503349,0.0,0.0,0.0
2022-01-25 19:16:18.010920,0.0,0.0,0.0
2022-01-25 19:16:18.505810,0.0,0.0,0.0
2022-01-25 19:16:19.003748,0.0,0.0,0.0
2022-01-25 19:16:19.509786,0.0,0.0,0.0
2022-01-25 19:16:20.007590,0.0,0.0,0.0
2022-01-25 19:16:20.502412,0.0,0.0,0.0
2022-01-25 19:16:21.008783,0.0,0.0,0.0
2022-01-25 19:16:21.504930,0.0,0.0,0.0
2022-01-25 19:16:22.002983,0.0,0.0,0.0
2022-01-25 19:16:22.505343,0.0,0.0,0.0
2022-01-25 19:16:23.003226,0.0,0.0,0.0
2022-01-25 19:16:23.509772,0.0,0.0,0.0
2022-01-25 19:16:24.006972,0.0,0.0,0.0
2022-01-25 19:16:24.501436,0.0,0.0,0.0
2022-01-25 19:16:25.010126,0.0,0.0,0.0
2022-01-25 19:16:25.505281,0.0,0.0,0.0
2022-01-25 19:16:26.004343,0.0,0.0,0.0
2022-01-25 19:16:26.510851,0.0,0.0,0.0
2022-01-25 19:16:27.008576,0.0,0.0,0.0
2022-01-25 19:16:27.503566,0.0,0.0,0.0
2022-01-25 19:16:28.001727,0.0,0.0,0.0
2022-01-25 19:16:28.507191,0.0,0.0,0.0
2022-01-25 19:16:29.007029,0.0,0.0,0.0
2022-01-25 19:16:29.502409,0.0,0.0,0.0
2022-01-25 19:16:30.010329,0.0,0.0,0.0
2022-01-25 19:16:30.506461,0.0,0.0,0.0
2022-01-25 19:16:31.004472,0.0,0.0,0.0
2022-01-25 19:16:31.510790,0.0,0.0,0.0
2022-01-25 19:16:32.009085,0.0,0.0,0.0
2022-01-25 19:16:32.502691,0.0,0.0,0.0
2022-01-25 19:16:33.010287,0.0,0.0,0.0
2022-01-25 19:16:33.505300,0.0,0.0,0.0
2022-01-25 19:16:34.003403,0.0,0.0,0.0
2022-01-25 19:16:34.509242,0.0,0.0,0.0
2022-01-25 19:16:35.007324,0.0,0.0,0.0
2022-01-25 19:16:35.503553,0.0,0.0,0.0
2022-01-25 19:16:36.002545,0.0,0.0,0.0
2022-01-25 19:16:36.507987,0.0,0.0,0.0
2022-01-25 19:16:37.007498,0.0,0.0,0.0
2022-01-25 19:16:37.500989,0.0,0.0,0.0
2022-01-25 19:16:38.008658,0.0,0.0,0.0
2022-01-25 19:16:38.504459,0.0,0.0,0.0
2022-01-25 19:16:39.002909,0.0,0.0,0.0
2022-01-25 19:16:39.510156,0.0,0.0,0.0
2022-01-25 19:16:40.008524,0.0,0.0,0.0
2022-01-25 19:16:40.503471,0.0,0.0,0.0
2022-01-25 19:16:41.001657,0.0,0.0,0.0
2022-01-25 19:16:41.506696,0.0,0.0,0.0
2022-01-25 19:16:42.004417,0.0,0.0,0.0
2022-01-25 19:16:42.510915,0.0,0.0,0.0
2022-01-25 19:16:43.010950,0.0,0.0,0.0
2022-01-25 19:16:43.505497,0.0,0.0,0.0
2022-01-25 19:16:44.006013,0.0,0.0,0.0
2022-01-25 19:16:44.510668,0.0,0.0,0.0
2022-01-25 19:16:45.007310,0.0,0.0,0.0
2022-01-25 19:16:45.510229,0.0,0.0,0.0
2022-01-25 19:16:46.006134,0.0,0.0,0.0
2022-01-25 19:16:46.510335,0.0,0.0,0.0
2022-01-25 19:16:47.004876,0.0,0.0,0.0
2022-01-25 19:16:47.507373,0.0,0.0,0.0
2022-01-25 19:16:48.002762,0.0,0.0,0.0
2022-01-25 19:16:48.510824,0.0,0.0,0.0
2022-01-25 19:16:49.008061,0.0,0.0,0.0
2022-01-25 19:16:49.503464,0.0,0.0,0.0
2022-01-25 19:16:50.010860,0.0,0.0,0.0
2022-01-25 19:16:50.505017,0.0,0.0,0.0
2022-01-25 19:16:51.003218,0.0,0.0,0.0
2022-01-25 19:16:51.509196,0.0,0.0,0.0
2022-01-25 19:16:52.009261,0.0,0.0,0.0
2022-01-25 19:16:52.504280,0.0,0.0,0.0
2022-01-25 19:16:53.002897,0.0,0.0,0.0
2022-01-25 19:16:53.509335,0.0,0.0,0.0
2022-01-25 19:16:54.008444,0.0,0.0,0.0
2022-01-25 19:16:54.504696,0.0,0.0,0.0
2022-01-25 19:16:55.009567,0.0,0.0,0.0
2022-01-25 19:16:55.502443,0.0,0.0,0.0
2022-01-25 19:16:56.001276,0.0,0.0,0.0
2022-01-25 19:16:56.506651,0.0,0.0,0.0
2022-01-25 19:16:57.001942,0.0,0.0,0.0
2022-01-25 19:16:57.508533,0.0,0.0,0.0
2022-01-25 19:16:58.003884,0.0,0.0,0.0
2022-01-25 19:16:58.507977,0.0,0.0,0.0
2022-01-25 19:16:59.005172,0.0,0.0,0.0
2022-01-25 19:16:59.501145,0.0,0.0,0.0
2022-01-25 19:17:00.002359,0.0,0.0,0.0
2022-01-25 19:17:00.507548,0.0,0.0,0.0
2022-01-25 19:17:01.005185,0.0,0.0,0.0
2022-01-25 19:17:01.505926,0.0,0.0,0.0
2022-01-25 19:17:02.001070,0.0,0.0,0.0
2022-01-25 19:17:02.507375,0.0,0.0,0.0
2022-01-25 19:17:03.005000,0.0,0.0,0.0
2022-01-25 19:17:03.510286,0.0,0.0,0.0
2022-01-25 19:17:04.008628,0.0,0.0,0.0
2022-01-25 19:17:04.506375,0.0,0.0,0.0
2022-01-25 19:17:05.000964,0.0,0.0,0.0
2022-01-25 19:17:05.502210,0.0,0.0,0.0
2022-01-25 19:17:06.009203,0.0,0.0,0.0
2022-01-25 19:17:06.506960,0.0,0.0,0.0
2022-01-25 19:17:07.010206,0.0,0.0,0.0
2022-01-25 19:17:07.510978,0.0,0.0,0.0
2022-01-25 19:17:08.007500,0.0,0.0,0.0
2022-01-25 19:17:08.505956,0.0,0.0,0.0
2022-01-25 19:17:09.004556,0.0,0.0,0.0
2022-01-25 19:17:09.508706,0.0,0.0,0.0
2022-01-25 19:17:10.006529,0.0,0.0,0.0
2022-01-25 19:17:10.501658,0.0,0.0,0.0
2022-01-25 19:17:11.010315,0.0,0.0,0.0
2022-01-25 19:17:11.505277,0.0,0.0,0.0
2022-01-25 19:17:12.003404,0.0,0.0,0.0
2022-01-25 19:17:12.501155,0.0,0.0,0.0
2022-01-25 19:17:13.009457,0.0,0.0,0.0
2022-01-25 19:17:13.505178,0.0,0.0,0.0
2022-01-25 19:17:14.003120,0.0,0.0,0.0
2022-01-25 19:17:14.508070,0.0,0.0,0.0
2022-01-25 19:17:15.006135,0.0,0.0,0.0
2022-01-25 19:17:16.005016,0.0,0.0,0.0
2022-01-25 19:17:16.501016,0.0,0.0,0.0
2022-01-25 19:17:17.004087,0.0,0.0,0.0
2022-01-25 19:17:17.500660,0.0,0.0,0.0
2022-01-25 19:17:18.005085,0.0,0.0,0.0
2022-01-25 19:17:18.508987,0.0,0.0,0.0
2022-01-25 19:17:19.006223,0.0,0.0,0.0
2022-01-25 19:17:19.503916,0.0,0.0,0.0
2022-01-25 19:17:20.001568,0.0,0.0,0.0
2022-01-25 19:17:20.501004,0.0,0.0,0.0
2022-01-25 19:17:21.007812,0.0,0.0,0.0
2022-01-25 19:17:21.502883,0.0,0.0,0.0
2022-01-25 19:17:22.011306,0.0,0.0,0.0
2022-01-25 19:17:22.506795,0.0,0.0,0.0
2022-01-25 19:17:23.004766,0.0,0.0,0.0
2022-01-25 19:17:23.509907,0.0,0.0,0.0
2022-01-25 19:17:24.006786,0.0,0.0,0.0
2022-01-25 19:17:24.511136,0.0,0.0,0.0
2022-01-25 19:17:25.008527,0.0,0.0,0.0
2022-01-25 19:17:25.503236,0.0,0.0,0.0
2022-01-25 19:17:26.010171,0.0,0.0,0.0
2022-01-25 19:17:26.505105,0.0,0.0,0.0
2022-01-25 19:17:27.002805,0.0,0.0,0.0
2022-01-25 19:17:27.506755,0.0,0.0,0.0
2022-01-25 19:17:28.003478,0.0,0.0,0.0
2022-01-25 19:17:28.508465,0.0,0.0,0.0
2022-01-25 19:17:29.007469,0.0,0.0,0.0
2022-01-25 19:17:29.504610,0.0,0.0,0.0
2022-01-25 19:17:30.005224,0.0,0.0,0.0
2022-01-25 19:17:30.508265,0.0,0.0,0.0
2022-01-25 19:17:31.006951,0.0,0.0,0.0
2022-01-25 19:17:31.501938,0.0,0.0,0.0
2022-01-25 19:17:32.010979,0.0,0.0,0.0
2022-01-25 19:17:32.506477,0.0,0.0,0.0
2022-01-25 19:17:33.006326,0.0,0.0,0.0
2022-01-25 19:17:34.004731,0.0,0.0,0.0
2022-01-25 19:17:34.510247,0.0,0.0,0.0
2022-01-25 19:17:35.009349,0.0,0.0,0.0
2022-01-25 19:17:35.504846,0.0,0.0,0.0
2022-01-25 19:17:36.002346,0.0,0.0,0.0
2022-01-25 19:17:36.507307,0.0,0.0,0.0
2022-01-25 19:17:37.004697,0.0,0.0,0.0
2022-01-25 19:17:37.509136,0.0,0.0,0.0
2022-01-25 19:17:38.008090,0.0,0.0,0.0
2022-01-25 19:17:38.506613,0.0,0.0,0.0
2022-01-25 19:17:39.005476,0.0,0.0,0.0
2022-01-25 19:17:39.501230,0.0,0.0,0.0
2022-01-25 19:17:40.007470,0.0,0.0,0.0
2022-01-25 19:17:40.504877,0.0,0.0,0.0
2022-01-25 19:17:41.000562,0.0,0.0,0.0
2022-01-25 19:17:41.507884,0.0,0.0,0.0
2022-01-25 19:17:42.003691,0.0,0.0,0.0
2022-01-25 19:17:42.505697,0.0,0.0,0.0
2022-01-25 19:17:43.002012,0.0,0.0,0.0
2022-01-25 19:17:43.508566,0.0,0.0,0.0
2022-01-25 19:17:44.002398,0.0,0.0,0.0
2022-01-25 19:17:44.508424,0.0,0.0,0.0
2022-01-25 19:17:45.006805,0.0,0.0,0.0
2022-01-25 19:17:45.502451,0.0,0.0,0.0
2022-01-25 19:17:46.010833,0.0,0.0,0.0
2022-01-25 19:17:46.503816,0.0,0.0,0.0
2022-01-25 19:17:47.505908,0.0,0.0,0.0
2022-01-25 19:17:48.005130,0.0,0.0,0.0
2022-01-25 19:17:48.504552,0.0,0.0,0.0
2022-01-25 19:17:49.003532,0.0,0.0,0.0
2022-01-25 19:17:49.503380,0.0,0.0,0.0
2022-01-25 19:17:50.011107,0.0,0.0,0.0
2022-01-25 19:17:50.506389,0.0,0.0,0.0
2022-01-25 19:17:51.006201,0.0,0.0,0.0
2022-01-25 19:17:51.510977,0.0,0.0,0.0
2022-01-25 19:17:52.008351,0.0,0.0,0.0
2022-01-25 19:17:52.503986,0.0,0.0,0.0
2022-01-25 19:17:53.002676,0.0,0.0,0.0
2022-01-25 19:17:53.508793,0.0,0.0,0.0
2022-01-25 19:17:54.010445,0.0,0.0,0.0
2022-01-25 19:17:54.508019,0.0,0.0,0.0
2022-01-25 19:17:55.006376,0.0,0.0,0.0
2022-01-25 19:17:55.501667,0.0,0.0,0.0
2022-01-25 19:17:56.009259,0.0,0.0,0.0
2022-01-25 19:17:56.503547,0.0,0.0,0.0
2022-01-25 19:17:57.011008,0.0,0.0,0.0
2022-01-25 19:17:57.506586,0.0,0.0,0.0
2022-01-25 19:17:58.003350,0.0,0.0,0.0
2022-01-25 19:17:58.508404,0.0,0.0,0.0
2022-01-25 19:17:59.006265,0.0,0.0,0.0
2022-01-25 19:17:59.503261,0.0,0.0,0.0
2022-01-25 19:18:00.001850,0.0,0.0,0.0
2022-01-25 19:18:00.504565,0.0,0.0,0.0
2022-01-25 19:18:01.003217,0.0,0.0,0.0
2022-01-25 19:18:01.510056,0.0,0.0,0.0
2022-01-25 19:18:02.007801,0.0,0.0,0.0
2022-01-25 19:18:02.502277,0.0,0.0,0.0
2022-01-25 19:18:03.010360,0.0,0.0,0.0
2022-01-25 19:18:03.507238,0.0,0.0,0.0
2022-01-25 19:18:04.004523,0.0,0.0,0.0
2022-01-25 19:18:04.507972,0.0,0.0,0.0
2022-01-25 19:18:05.003753,0.0,0.0,0.0
2022-01-25 19:18:05.509773,0.0,0.0,0.0
2022-01-25 19:18:06.009284,0.0,0.0,0.0
2022-01-25 19:18:06.503353,0.0,0.0,0.0
2022-01-25 19:18:07.010547,0.0,0.0,0.0
2022-01-25 19:18:07.505626,0.0,0.0,0.0
2022-01-25 19:18:08.003740,0.0,0.0,0.0
2022-01-25 19:18:08.509154,0.0,0.0,0.0
2022-01-25 19:18:09.006760,0.0,0.0,0.0
2022-01-25 19:18:09.502084,0.0,0.0,0.0
2022-01-25 19:18:10.010481,0.0,0.0,0.0
2022-01-25 19:18:10.505615,0.0,0.0,0.0
2022-01-25 19:18:11.003238,0.0,0.0,0.0
2022-01-25 19:18:11.509511,0.0,0.0,0.0
2022-01-25 19:18:12.007218,0.0,0.0,0.0
2022-01-25 19:18:12.502900,0.0,0.0,0.0
2022-01-25 19:18:13.003627,0.0,0.0,0.0
2022-01-25 19:18:13.508602,0.0,0.0,0.0
2022-01-25 19:18:14.006627,0.0,0.0,0.0
2022-01-25 19:18:14.501736,0.0,0.0,0.0
2022-01-25 19:18:15.010261,0.0,0.0,0.0
2022-01-25 19:18:15.506536,0.0,0.0,0.0
2022-01-25 19:18:16.004505,0.0,0.0,0.0
2022-01-25 19:18:16.508179,0.0,0.0,0.0
2022-01-25 19:18:17.005624,0.0,0.0,0.0
2022-01-25 19:18:17.501640,0.0,0.0,0.0
2022-01-25 19:18:18.010139,0.0,0.0,0.0
2022-01-25 19:18:18.506795,0.0,0.0,0.0
2022-01-25 19:18:19.003551,0.0,0.0,0.0
2022-01-25 19:18:19.510319,0.0,0.0,0.0
2022-01-25 19:18:20.008447,0.0,0.0,0.0
2022-01-25 19:18:20.503607,0.0,0.0,0.0
2022-01-25 19:18:21.001207,0.0,0.0,0.0
2022-01-25 19:18:21.507509,0.0,0.0,0.0
2022-01-25 19:18:22.006498,0.0,0.0,0.0
2022-01-25 19:18:22.510755,0.0,0.0,0.0
2022-01-25 19:18:23.008810,0.0,0.0,0.0
2022-01-25 19:18:23.503391,0.0,0.0,0.0
2022-01-25 19:18:24.001667,0.0,0.0,0.0
2022-01-25 19:18:24.507354,0.0,0.0,0.0
2022-01-25 19:18:25.010089,0.0,0.0,0.0
2022-01-25 19:18:25.503402,0.0,0.0,0.0
2022-01-25 19:18:26.504514,0.0,0.0,0.0
2022-01-25 19:18:27.001433,0.0,0.0,0.0
2022-01-25 19:18:27.507701,0.0,0.0,0.0
2022-01-25 19:18:28.005965,0.0,0.0,0.0
2022-01-25 19:18:29.006307,0.0,0.0,0.0
2022-01-25 19:18:29.504193,0.0,0.0,0.0
2022-01-25 19:18:30.001780,0.0,0.0,0.0
2022-01-25 19:18:30.506645,0.0,0.0,0.0
2022-01-25 19:18:31.004071,0.0,0.0,0.0
2022-01-25 19:18:31.509915,0.0,0.0,0.0
2022-01-25 19:18:32.009758,0.0,0.0,0.0
2022-01-25 19:18:32.505124,0.0,0.0,0.0
2022-01-25 19:18:33.002067,0.0,0.0,0.0
2022-01-25 19:18:33.509187,0.0,0.0,0.0
2022-01-25 19:18:34.006378,0.0,0.0,0.0
2022-01-25 19:18:34.501294,0.0,0.0,0.0
2022-01-25 19:18:35.009337,0.0,0.0,0.0
2022-01-25 19:18:35.507134,0.0,0.0,0.0
2022-01-25 19:18:36.011040,0.0,0.0,0.0
2022-01-25 19:18:36.501681,0.0,0.0,0.0
2022-01-25 19:18:37.008440,0.0,0.0,0.0
2022-01-25 19:18:37.503413,0.0,0.0,0.0
2022-01-25 19:18:38.010791,0.0,0.0,0.0
2022-01-25 19:18:38.506510,0.0,0.0,0.0
2022-01-25 19:18:39.006638,0.0,0.0,0.0
2022-01-25 19:18:39.511062,0.0,0.0,0.0
2022-01-25 19:18:40.008929,0.0,0.0,0.0
2022-01-25 19:18:40.504404,0.0,0.0,0.0
2022-01-25 19:18:41.003326,0.0,0.0,0.0
2022-01-25 19:18:41.506997,0.0,0.0,0.0
2022-01-25 19:18:42.007099,0.0,0.0,0.0
2022-01-25 19:18:42.504181,0.0,0.0,0.0
2022-01-25 19:18:43.003031,0.0,0.0,0.0
2022-01-25 19:18:43.509445,0.0,0.0,0.0
2022-01-25 19:18:44.009395,0.0,0.0,0.0
2022-01-25 19:18:44.503979,0.0,0.0,0.0
2022-01-25 19:18:45.010770,0.0,0.0,0.0
2022-01-25 19:18:45.505233,0.0,0.0,0.0
2022-01-25 19:18:46.003100,0.0,0.0,0.0
2022-01-25 19:18:46.510795,0.0,0.0,0.0
2022-01-25 19:18:47.007323,0.0,0.0,0.0
2022-01-25 19:18:47.503381,0.0,0.0,0.0
2022-01-25 19:18:48.001114,0.0,0.0,0.0
2022-01-25 19:18:48.505293,0.0,0.0,0.0
2022-01-25 19:18:49.003350,0.0,0.0,0.0
2022-01-25 19:18:49.507749,0.0,0.0,0.0
2022-01-25 19:18:50.008489,0.0,0.0,0.0
2022-01-25 19:18:50.502773,0.0,0.0,0.0
2022-01-25 19:18:51.009658,0.0,0.0,0.0
2022-01-25 19:18:51.507300,0.0,0.0,0.0
2022-01-25 19:18:52.004601,0.0,0.0,0.0
2022-01-25 19:18:52.511121,0.0,0.0,0.0
2022-01-25 19:18:53.008776,0.0,0.0,0.0
2022-01-25 19:18:53.504396,0.0,0.0,0.0
2022-01-25 19:18:54.003471,0.0,0.0,0.0
2022-01-25 19:18:54.509717,0.0,0.0,0.0
2022-01-25 19:18:55.007233,0.0,0.0,0.0
2022-01-25 19:18:55.502601,0.0,0.0,0.0
2022-01-25 19:18:56.010944,0.0,0.0,0.0
2022-01-25 19:18:56.503152,0.0,0.0,0.0
2022-01-25 19:18:57.009669,0.0,0.0,0.0
2022-01-25 19:18:57.509070,0.0,0.0,0.0
2022-01-25 19:18:58.006107,0.0,0.0,0.0
2022-01-25 19:18:58.509646,0.0,0.0,0.0
2022-01-25 19:18:59.007773,0.0,0.0,0.0
2022-01-25 19:18:59.504454,0.0,0.0,0.0
2022-01-25 19:19:00.003219,0.0,0.0,0.0
2022-01-25 19:19:00.507075,0.0,0.0,0.0
2022-01-25 19:19:01.007640,0.0,0.0,0.0
2022-01-25 19:19:01.503626,0.0,0.0,0.0
2022-01-25 19:19:02.505526,0.0,0.0,0.0
2022-01-25 19:19:03.003394,0.0,0.0,0.0
2022-01-25 19:19:03.508423,0.0,0.0,0.0
2022-01-25 19:19:04.007606,0.0,0.0,0.0
2022-01-25 19:19:04.501981,0.0,0.0,0.0
2022-01-25 19:19:05.010907,0.0,0.0,0.0
2022-01-25 19:19:05.505917,0.0,0.0,0.0
2022-01-25 19:19:06.004564,0.0,0.0,0.0
2022-01-25 19:19:06.501125,0.0,0.0,0.0
2022-01-25 19:19:07.009855,0.0,0.0,0.0
2022-01-25 19:19:07.504502,0.0,0.0,0.0
2022-01-25 19:19:08.001189,0.0,0.0,0.0
2022-01-25 19:19:08.506756,0.0,0.0,0.0
2022-01-25 19:19:09.004725,0.0,0.0,0.0
2022-01-25 19:19:09.510487,0.0,0.0,0.0
2022-01-25 19:19:10.008646,0.0,0.0,0.0
2022-01-25 19:19:10.505805,0.0,0.0,0.0
2022-01-25 19:19:11.003475,0.0,0.0,0.0
2022-01-25 19:19:11.508076,0.0,0.0,0.0
2022-01-25 19:19:12.005294,0.0,0.0,0.0
2022-01-25 19:19:12.501564,0.0,0.0,0.0
2022-01-25 19:19:13.010504,0.0,0.0,0.0
2022-01-25 19:19:13.505966,0.0,0.0,0.0
2022-01-25 19:19:14.002834,0.0,0.0,0.0
2022-01-25 19:19:14.509056,0.0,0.0,0.0
2022-01-25 19:19:15.007503,0.0,0.0,0.0
2022-01-25 19:19:15.502459,0.0,0.0,0.0
2022-01-25 19:19:16.010096,0.0,0.0,0.0
2022-01-25 19:19:16.505042,0.0,0.0,0.0
2022-01-25 19:19:17.003379,0.0,0.0,0.0
2022-01-25 19:19:17.509663,0.0,0.0,0.0
2022-01-25 19:19:18.007052,0.0,0.0,0.0
2022-01-25 19:19:18.502354,0.0,0.0,0.0
2022-01-25 19:19:19.010096,0.0,0.0,0.0
2022-01-25 19:19:19.506797,0.0,0.0,0.0
2022-01-25 19:19:20.005891,0.0,0.0,0.0
2022-01-25 19:19:20.501772,0.0,0.0,0.0
2022-01-25 19:19:21.011401,0.0,0.0,0.0
2022-01-25 19:19:21.502805,0.0,0.0,0.0
2022-01-25 19:19:22.001720,0.0,0.0,0.0
2022-01-25 19:19:22.507436,0.0,0.0,0.0
2022-01-25 19:19:23.005669,0.0,0.0,0.0
2022-01-25 19:19:23.510572,0.0,0.0,0.0
2022-01-25 19:19:24.010839,0.0,0.0,0.0
2022-01-25 19:19:24.506668,0.0,0.0,0.0
2022-01-25 19:19:25.003388,0.0,0.0,0.0
2022-01-25 19:19:25.510992,0.0,0.0,0.0
2022-01-25 19:19:26.008119,0.0,0.0,0.0
2022-01-25 19:19:26.503142,0.0,0.0,0.0
2022-01-25 19:19:27.002808,0.0,0.0,0.0
2022-01-25 19:19:27.508283,0.0,0.0,0.0
2022-01-25 19:19:28.007416,0.0,0.0,0.0
2022-01-25 19:19:28.503176,0.0,0.0,0.0
2022-01-25 19:19:29.001925,0.0,0.0,0.0
2022-01-25 19:19:29.508768,0.0,0.0,0.0
2022-01-25 19:19:30.005930,0.0,0.0,0.0
2022-01-25 19:19:30.510860,0.0,0.0,0.0
2022-01-25 19:19:31.009817,0.0,0.0,0.0
2022-01-25 19:19:31.506017,0.0,0.0,0.0
2022-01-25 19:19:32.003932,0.0,0.0,0.0
2022-01-25 19:19:32.509953,0.0,0.0,0.0
2022-01-25 19:19:33.009746,0.0,0.0,0.0
2022-01-25 19:19:33.503839,0.0,0.0,0.0
2022-01-25 19:19:34.002792,0.0,0.0,0.0
2022-01-25 19:19:34.507947,0.0,0.0,0.0
2022-01-25 19:19:35.006847,0.0,0.0,0.0
2022-01-25 19:19:35.502635,0.0,0.0,0.0
2022-01-25 19:19:36.010298,0.0,0.0,0.0
2022-01-25 19:19:36.506655,0.0,0.0,0.0
2022-01-25 19:19:37.004180,0.0,0.0,0.0
2022-01-25 19:19:37.510697,0.0,0.0,0.0
2022-01-25 19:19:38.001065,0.0,0.0,0.0
2022-01-25 19:19:38.507274,0.0,0.0,0.0
2022-01-25 19:19:39.005174,0.0,0.0,0.0
2022-01-25 19:19:39.501209,0.0,0.0,0.0
2022-01-25 19:19:40.008499,0.0,0.0,0.0
2022-01-25 19:19:40.503472,0.0,0.0,0.0
2022-01-25 19:19:41.002331,0.0,0.0,0.0
2022-01-25 19:19:41.509997,0.0,0.0,0.0
2022-01-25 19:19:42.007533,0.0,0.0,0.0
2022-01-25 19:19:42.502804,0.0,0.0,0.0
2022-01-25 19:19:43.010579,0.0,0.0,0.0
2022-01-25 19:19:43.506095,0.0,0.0,0.0
2022-01-25 19:19:44.003279,0.0,0.0,0.0
2022-01-25 19:19:44.508789,0.0,0.0,0.0
2022-01-25 19:19:45.006454,0.0,0.0,0.0
2022-01-25 19:19:45.501903,0.0,0.0,0.0
2022-01-25 19:19:46.010713,0.0,0.0,0.0
2022-01-25 19:19:46.506386,0.0,0.0,0.0
2022-01-25 19:19:47.004315,0.0,0.0,0.0
2022-01-25 19:19:47.510180,0.0,0.0,0.0
2022-01-25 19:19:48.006762,0.0,0.0,0.0
2022-01-25 19:19:48.506800,0.0,0.0,0.0
2022-01-25 19:19:49.008960,0.0,0.0,0.0
2022-01-25 19:19:49.505338,0.0,0.0,0.0
2022-01-25 19:19:50.003660,0.0,0.0,0.0
2022-01-25 19:19:50.510488,0.0,0.0,0.0
2022-01-25 19:19:51.009563,0.0,0.0,0.0
2022-01-25 19:19:51.504048,0.0,0.0,0.0
2022-01-25 19:19:52.002168,0.0,0.0,0.0
2022-01-25 19:19:52.507395,0.0,0.0,0.0
2022-01-25 19:19:53.002940,0.0,0.0,0.0
2022-01-25 19:19:53.505545,0.0,0.0,0.0
2022-01-25 19:19:54.003143,0.0,0.0,0.0
2022-01-25 19:19:54.501789,0.0,0.0,0.0
2022-01-25 19:19:55.010763,0.0,0.0,0.0
2022-01-25 19:19:55.506589,0.0,0.0,0.0
2022-01-25 19:19:56.005254,0.0,0.0,0.0
2022-01-25 19:19:56.509696,0.0,0.0,0.0
2022-01-25 19:19:57.008027,0.0,0.0,0.0
2022-01-25 19:19:57.502417,0.0,0.0,0.0
2022-01-25 19:19:58.009186,0.0,0.0,0.0
2022-01-25 19:19:58.505529,0.0,0.0,0.0
2022-01-25 19:19:59.004504,0.0,0.0,0.0
2022-01-25 19:19:59.511307,0.0,0.0,0.0
2022-01-25 19:20:00.008849,0.0,0.0,0.0
2022-01-25 19:20:00.502048,0.0,0.0,0.0
2022-01-25 19:20:01.011077,0.0,0.0,0.0
2022-01-25 19:20:01.506273,0.0,0.0,0.0
2022-01-25 19:20:02.005013,0.0,0.0,0.0
2022-01-25 19:20:02.510460,0.0,0.0,0.0
2022-01-25 19:20:03.007251,0.0,0.0,0.0
2022-01-25 19:20:03.509735,0.0,0.0,0.0
2022-01-25 19:20:04.007958,0.0,0.0,0.0
2022-01-25 19:20:04.502871,0.0,0.0,0.0
2022-01-25 19:20:05.010321,0.0,0.0,0.0
2022-01-25 19:20:05.504872,0.0,0.0,0.0
2022-01-25 19:20:06.002117,0.0,0.0,0.0
2022-01-25 19:20:06.506456,0.0,0.0,0.0
2022-01-25 19:20:07.005561,0.0,0.0,0.0
2022-01-25 19:20:07.503799,0.0,0.0,0.0
2022-01-25 19:20:08.003623,0.0,0.0,0.0
2022-01-25 19:20:08.510433,0.0,0.0,0.0
2022-01-25 19:20:09.007821,0.0,0.0,0.0
2022-01-25 19:20:09.504162,0.0,0.0,0.0
2022-01-25 19:20:10.001852,0.0,0.0,0.0
2022-01-25 19:20:10.507442,0.0,0.0,0.0
2022-01-25 19:20:11.006247,0.0,0.0,0.0
2022-01-25 19:20:11.510525,0.0,0.0,0.0
2022-01-25 19:20:12.008267,0.0,0.0,0.0
2022-01-25 19:20:12.503528,0.0,0.0,0.0
2022-01-25 19:20:13.003139,0.0,0.0,0.0
2022-01-25 19:20:13.509004,0.0,0.0,0.0
2022-01-25 19:20:14.006239,0.0,0.0,0.0
2022-01-25 19:20:14.502580,0.0,0.0,0.0
2022-01-25 19:20:15.009961,0.0,0.0,0.0
2022-01-25 19:20:15.506294,0.0,0.0,0.0
2022-01-25 19:20:16.004965,0.0,0.0,0.0
2022-01-25 19:20:16.510325,0.0,0.0,0.0
2022-01-25 19:20:17.007404,0.0,0.0,0.0
2022-01-25 19:20:17.502901,0.0,0.0,0.0
2022-01-25 19:20:18.000976,0.0,0.0,0.0
2022-01-25 19:20:18.508744,0.0,0.0,0.0
2022-01-25 19:20:19.006547,0.0,0.0,0.0
2022-01-25 19:20:19.501222,0.0,0.0,0.0
2022-01-25 19:20:20.010531,0.0,0.0,0.0
2022-01-25 19:20:20.506467,0.0,0.0,0.0
2022-01-25 19:20:21.003307,0.0,0.0,0.0
2022-01-25 19:20:21.510124,0.0,0.0,0.0
2022-01-25 19:20:22.008570,0.0,0.0,0.0
2022-01-25 19:20:22.503377,0.0,0.0,0.0
2022-01-25 19:20:23.010682,0.0,0.0,0.0
2022-01-25 19:20:23.504660,0.0,0.0,0.0
2022-01-25 19:20:24.002591,0.0,0.0,0.0
2022-01-25 19:20:24.509019,0.0,0.0,0.0
2022-01-25 19:20:25.006694,0.0,0.0,0.0
2022-01-25 19:20:25.501978,0.0,0.0,0.0
2022-01-25 19:20:26.009923,0.0,0.0,0.0
2022-01-25 19:20:26.504768,0.0,0.0,0.0
2022-01-25 19:20:27.003399,0.0,0.0,0.0
2022-01-25 19:20:27.508010,0.0,0.0,0.0
2022-01-25 19:20:28.005806,0.0,0.0,0.0
2022-01-25 19:20:28.501505,0.0,0.0,0.0
2022-01-25 19:20:29.010277,0.0,0.0,0.0
2022-01-25 19:20:29.506319,0.0,0.0,0.0
2022-01-25 19:20:30.005254,0.0,0.0,0.0
2022-01-25 19:20:30.510169,0.0,0.0,0.0
2022-01-25 19:20:31.008809,0.0,0.0,0.0
2022-01-25 19:20:31.504183,0.0,0.0,0.0
2022-01-25 19:20:32.002769,0.0,0.0,0.0
2022-01-25 19:20:32.508645,0.0,0.0,0.0
2022-01-25 19:20:33.007104,0.0,0.0,0.0
2022-01-25 19:20:33.504759,0.0,0.0,0.0
2022-01-25 19:20:34.002765,0.0,0.0,0.0
2022-01-25 19:20:34.508445,0.0,0.0,0.0
2022-01-25 19:20:35.005891,0.0,0.0,0.0
2022-01-25 19:20:35.501708,0.0,0.0,0.0
2022-01-25 19:20:36.010720,0.0,0.0,0.0
2022-01-25 19:20:36.506414,0.0,0.0,0.0
2022-01-25 19:20:37.003792,0.0,0.0,0.0
2022-01-25 19:20:37.509150,0.0,0.0,0.0
2022-01-25 19:20:38.008801,0.0,0.0,0.0
2022-01-25 19:20:38.503162,0.0,0.0,0.0
2022-01-25 19:20:39.002463,0.0,0.0,0.0
2022-01-25 19:20:39.507058,0.0,0.0,0.0
2022-01-25 19:20:40.004047,0.0,0.0,0.0
2022-01-25 19:20:40.510810,0.0,0.0,0.0
2022-01-25 19:20:41.009409,0.0,0.0,0.0
2022-01-25 19:20:41.503764,0.0,0.0,0.0
2022-01-25 19:20:42.001529,0.0,0.0,0.0
2022-01-25 19:20:42.507972,0.0,0.0,0.0
2022-01-25 19:20:43.006299,0.0,0.0,0.0
2022-01-25 19:20:43.501429,0.0,0.0,0.0
2022-01-25 19:20:44.010286,0.0,0.0,0.0
2022-01-25 19:20:44.505007,0.0,0.0,0.0
2022-01-25 19:20:45.002571,0.0,0.0,0.0
2022-01-25 19:20:45.507185,0.0,0.0,0.0
2022-01-25 19:20:46.005469,0.0,0.0,0.0
2022-01-25 19:20:46.501902,0.0,0.0,0.0
2022-01-25 19:20:47.001087,0.0,0.0,0.0
2022-01-25 19:20:47.507530,0.0,0.0,0.0
2022-01-25 19:20:48.005940,0.0,0.0,0.0
2022-01-25 19:20:49.005851,0.0,0.0,0.0
2022-01-25 19:20:49.510560,0.0,0.0,0.0
2022-01-25 19:20:50.009252,0.0,0.0,0.0
2022-01-25 19:20:50.504528,0.0,0.0,0.0
2022-01-25 19:20:51.003206,0.0,0.0,0.0
2022-01-25 19:20:51.509700,0.0,0.0,0.0
2022-01-25 19:20:52.007670,0.0,0.0,0.0
2022-01-25 19:20:52.504103,0.0,0.0,0.0
2022-01-25 19:20:53.001729,0.0,0.0,0.0
2022-01-25 19:20:53.507520,0.0,0.0,0.0
2022-01-25 19:20:54.005159,0.0,0.0,0.0
2022-01-25 19:20:54.510233,0.0,0.0,0.0
2022-01-25 19:20:55.008020,0.0,0.0,0.0
2022-01-25 19:20:55.502179,0.0,0.0,0.0
2022-01-25 19:20:56.009365,0.0,0.0,0.0
2022-01-25 19:20:56.505220,0.0,0.0,0.0
2022-01-25 19:20:57.003471,0.0,0.0,0.0
2022-01-25 19:20:57.510093,0.0,0.0,0.0
2022-01-25 19:20:58.007403,0.0,0.0,0.0
2022-01-25 19:20:58.502158,0.0,0.0,0.0
2022-01-25 19:20:59.009498,0.0,0.0,0.0
2022-01-25 19:20:59.504174,0.0,0.0,0.0
2022-01-25 19:21:00.003474,0.0,0.0,0.0
2022-01-25 19:21:00.508214,0.0,0.0,0.0
2022-01-25 19:21:01.001215,0.0,0.0,0.0
2022-01-25 19:21:01.506264,0.0,0.0,0.0
2022-01-25 19:21:02.008319,0.0,0.0,0.0
2022-01-25 19:21:02.506970,0.0,0.0,0.0
2022-01-25 19:21:03.003237,0.0,0.0,0.0
2022-01-25 19:21:03.509127,0.0,0.0,0.0
2022-01-25 19:21:04.006926,0.0,0.0,0.0
2022-01-25 19:21:04.510327,0.0,0.0,0.0
2022-01-25 19:21:05.009172,0.0,0.0,0.0
2022-01-25 19:21:05.503292,0.0,0.0,0.0
2022-01-25 19:21:06.010721,0.0,0.0,0.0
2022-01-25 19:21:06.505256,0.0,0.0,0.0
2022-01-25 19:21:07.003236,0.0,0.0,0.0
2022-01-25 19:21:07.509046,0.0,0.0,0.0
2022-01-25 19:21:08.006501,0.0,0.0,0.0
2022-01-25 19:21:08.511022,0.0,0.0,0.0
2022-01-25 19:21:09.010137,0.0,0.0,0.0
2022-01-25 19:21:09.505147,0.0,0.0,0.0
2022-01-25 19:21:10.001442,0.0,0.0,0.0
2022-01-25 19:21:10.505136,0.0,0.0,0.0
2022-01-25 19:21:11.002572,0.0,0.0,0.0
2022-01-25 19:21:11.508604,0.0,0.0,0.0
2022-01-25 19:21:12.006439,0.0,0.0,0.0
2022-01-25 19:21:12.503471,0.0,0.0,0.0
2022-01-25 19:21:13.010849,0.0,0.0,0.0
2022-01-25 19:21:13.508227,0.0,0.0,0.0
2022-01-25 19:21:14.004805,0.0,0.0,0.0
2022-01-25 19:21:14.508991,0.0,0.0,0.0
2022-01-25 19:21:15.006957,0.0,0.0,0.0
2022-01-25 19:21:15.501722,0.0,0.0,0.0
2022-01-25 19:21:16.010396,0.0,0.0,0.0
2022-01-25 19:21:16.504312,0.0,0.0,0.0
2022-01-25 19:21:17.010949,0.0,0.0,0.0
2022-01-25 19:21:17.506750,0.0,0.0,0.0
2022-01-25 19:21:18.005610,0.0,0.0,0.0
2022-01-25 19:21:18.510789,0.0,0.0,0.0
2022-01-25 19:21:19.009998,0.0,0.0,0.0
2022-01-25 19:21:19.505178,0.0,0.0,0.0
2022-01-25 19:21:20.003394,0.0,0.0,0.0
2022-01-25 19:21:20.507297,0.0,0.0,0.0
2022-01-25 19:21:21.006308,0.0,0.0,0.0
2022-01-25 19:21:21.502528,0.0,0.0,0.0
2022-01-25 19:21:22.009028,0.0,0.0,0.0
2022-01-25 19:21:22.504110,0.0,0.0,0.0
2022-01-25 19:21:23.001939,0.0,0.0,0.0
2022-01-25 19:21:23.507333,0.0,0.0,0.0
2022-01-25 19:21:24.006358,0.0,0.0,0.0
2022-01-25 19:21:24.510815,0.0,0.0,0.0
2022-01-25 19:21:25.009659,0.0,0.0,0.0
2022-01-25 19:21:25.504884,0.0,0.0,0.0
2022-01-25 19:21:26.002761,0.0,0.0,0.0
2022-01-25 19:21:26.506241,0.0,0.0,0.0
2022-01-25 19:21:27.003846,0.0,0.0,0.0
2022-01-25 19:21:27.510448,0.0,0.0,0.0
2022-01-25 19:21:28.007800,0.0,0.0,0.0
