時間,回転１,回転２,回転３
2022-01-25 16:00:00.008408,83.90492,84.184,85.64968
2022-01-25 16:00:00.506832,84.88517,85.318,85.88531
2022-01-25 16:00:01.005242,83.23532,83.8745,85.88531
2022-01-25 16:00:02.005423,84.1636,84.132,86.74864
2022-01-25 16:00:02.503093,84.42104,84.95775,86.5526
2022-01-25 16:00:03.001337,84.05963,84.54425,86.5526
2022-01-25 16:00:03.509718,84.05963,84.4415,85.02104
2022-01-25 16:00:04.009532,84.1636,84.4935,85.02104
2022-01-25 16:00:04.507393,83.90492,84.59625,85.84572
2022-01-25 16:00:05.008471,84.52377,84.85375,85.84572
2022-01-25 16:00:05.504236,83.9569,84.08,85.96354
2022-01-25 16:00:06.003215,84.26632,84.59625,85.96354
2022-01-25 16:00:06.509135,83.90492,84.23475,85.92395
2022-01-25 16:00:07.008228,84.21434,84.699,85.92395
2022-01-25 16:00:07.502774,84.42104,84.90575,85.84572
2022-01-25 16:00:08.004193,83.44078,83.92525,85.84572
2022-01-25 16:00:08.510341,84.26632,84.699,85.80614
2022-01-25 16:00:09.008770,84.11161,84.132,85.80614
2022-01-25 16:00:09.506245,84.9879,85.21525,85.96354
2022-01-25 16:00:10.004884,83.85417,84.08,85.96354
2022-01-25 16:00:10.501677,84.00888,84.28675,85.33489
2022-01-25 16:00:11.006044,83.90492,84.28675,85.33489
2022-01-25 16:00:11.503130,84.31831,84.90575,85.29625
2022-01-25 16:00:12.003239,84.21434,84.751,85.29625
2022-01-25 16:00:12.511279,83.7502,84.02925,85.41406
2022-01-25 16:00:13.009670,84.62773,84.85375,85.41406
2022-01-25 16:00:13.504437,84.21434,84.54425,86.27739
2022-01-25 16:00:14.004636,84.36905,84.699,86.27739
2022-01-25 16:00:14.501013,83.9569,84.28675,86.00312
2022-01-25 16:00:15.009314,83.85417,84.28675,86.00312
2022-01-25 16:00:15.505140,84.73046,85.26725,85.29625
2022-01-25 16:00:16.003353,83.9569,84.54425,85.29625
2022-01-25 16:00:16.509111,83.85417,84.02925,86.31697
2022-01-25 16:00:17.008470,84.57575,84.751,86.31697
2022-01-25 16:00:17.503785,83.90492,84.33875,85.96354
2022-01-25 16:00:18.001431,84.62773,84.85375,85.96354
2022-01-25 16:00:18.508410,83.90492,84.33875,85.92395
2022-01-25 16:00:19.006784,83.85417,84.3895,85.92395
2022-01-25 16:00:19.502792,84.11161,84.54425,85.80614
2022-01-25 16:00:20.002605,84.47302,84.803,85.80614
2022-01-25 16:00:20.508878,84.31831,84.3895,85.57051
2022-01-25 16:00:21.009543,84.1636,84.54425,85.57051
2022-01-25 16:00:21.507924,84.00888,84.4935,85.92395
2022-01-25 16:00:22.006836,84.1636,84.4415,85.92395
2022-01-25 16:00:22.502306,84.52377,84.90575,85.84572
2022-01-25 16:00:23.003382,83.64747,84.23475,85.84572
2022-01-25 16:00:23.508468,84.31831,84.4935,84.90322
2022-01-25 16:00:24.006644,84.26632,84.28675,84.90322
2022-01-25 16:00:24.502412,84.11161,84.3895,86.47437
2022-01-25 16:00:25.002787,84.83319,85.0085,86.47437
2022-01-25 16:00:25.507155,83.49276,83.97725,85.6101
2022-01-25 16:00:26.007921,84.31831,84.803,85.6101
2022-01-25 16:00:26.501121,84.00888,84.59625,85.37447
2022-01-25 16:00:27.009445,84.57575,84.803,85.37447
2022-01-25 16:00:27.505875,83.85417,84.28675,86.63083
2022-01-25 16:00:28.003378,84.36905,84.59625,86.63083
2022-01-25 16:00:28.510424,83.90492,84.184,85.49229
2022-01-25 16:00:29.009113,84.31831,84.803,85.49229
2022-01-25 16:00:29.505029,84.52377,84.95775,85.09926
2022-01-25 16:00:30.004423,83.90492,84.4935,85.09926
2022-01-25 16:00:30.509297,84.31831,84.54425,86.00312
2022-01-25 16:00:31.007256,83.69946,84.184,86.00312
2022-01-25 16:00:31.503174,84.67848,85.0085,85.7675
2022-01-25 16:00:32.005244,84.26632,84.64825,85.7675
2022-01-25 16:00:32.501839,83.80219,84.132,86.51301
2022-01-25 16:00:33.010460,83.85417,84.28675,86.51301
2022-01-25 16:00:33.506805,84.21434,84.59625,85.92395
2022-01-25 16:00:34.005050,84.47302,85.0085,85.92395
2022-01-25 16:00:34.502836,83.90492,84.28675,85.6101
2022-01-25 16:00:35.010347,84.21434,84.3895,85.6101
2022-01-25 16:00:35.508109,84.1636,84.33875,85.7675
2022-01-25 16:00:36.006290,84.67848,84.95775,85.7675
2022-01-25 16:00:36.501230,84.00888,84.54425,86.04176
2022-01-25 16:00:37.009895,83.80219,84.28675,86.04176
2022-01-25 16:00:37.505960,84.21434,84.54425,85.29625
2022-01-25 16:00:38.002409,84.00888,84.751,85.29625
2022-01-25 16:00:38.508088,84.36905,84.64825,85.88531
2022-01-25 16:00:39.008029,84.31831,84.33875,85.88531
2022-01-25 16:00:39.505561,83.90492,84.23475,86.04176
2022-01-25 16:00:40.005023,84.57575,85.0085,86.04176
2022-01-25 16:00:40.510391,84.26632,84.64825,85.37447
2022-01-25 16:00:41.009151,83.90492,84.184,85.37447
2022-01-25 16:00:41.504895,84.1636,84.803,85.37447
2022-01-25 16:00:42.003681,84.1636,84.3895,85.37447
2022-01-25 16:00:42.510452,84.57575,84.699,87.06343
2022-01-25 16:00:43.008420,83.9569,84.33875,87.06343
2022-01-25 16:00:43.504857,84.21434,84.59625,84.825
2022-01-25 16:00:44.006440,83.59549,84.02925,84.825
2022-01-25 16:00:44.504256,84.67848,84.95775,86.08135
2022-01-25 16:00:45.002580,83.85417,84.23475,86.08135
2022-01-25 16:00:45.510233,84.21434,84.54425,85.4527
2022-01-25 16:00:46.008415,84.00888,84.28675,85.4527
2022-01-25 16:00:46.505216,84.47302,84.54425,85.6101
2022-01-25 16:00:47.004219,84.57575,84.803,85.6101
2022-01-25 16:00:47.509681,83.7502,84.184,85.92395
2022-01-25 16:00:48.008555,84.31831,84.803,85.92395
2022-01-25 16:00:48.508353,83.59549,84.02925,85.53187
2022-01-25 16:00:49.009318,84.67848,85.0605,85.53187
2022-01-25 16:00:49.506113,84.1636,84.4935,85.29625
2022-01-25 16:00:50.004486,84.00888,84.02925,85.29625
2022-01-25 16:00:50.510340,84.47302,84.85375,86.04176
2022-01-25 16:00:51.008770,84.00888,84.33875,86.04176
2022-01-25 16:00:51.506789,84.57575,85.0085,85.80614
2022-01-25 16:00:52.005182,83.64747,84.132,85.80614
2022-01-25 16:00:52.502339,84.31831,84.803,85.25666
2022-01-25 16:00:53.002681,83.59549,83.97725,85.25666
2022-01-25 16:00:53.510353,84.73046,84.803,85.80614
2022-01-25 16:00:54.010533,84.26632,84.33875,85.80614
2022-01-25 16:00:54.507244,84.1636,84.699,85.49229
2022-01-25 16:00:55.004394,84.36905,84.699,85.49229
2022-01-25 16:00:55.506751,83.64747,84.132,86.31697
2022-01-25 16:00:56.005060,84.78245,85.16325,86.31697
2022-01-25 16:00:56.501277,83.49276,84.132,86.12093
2022-01-25 16:00:57.009645,84.26632,84.54425,86.12093
2022-01-25 16:00:57.505079,84.21434,84.184,85.7675
2022-01-25 16:00:58.004961,84.05963,84.3895,85.7675
2022-01-25 16:00:58.507760,84.31831,84.90575,85.80614
2022-01-25 16:00:59.006380,84.00888,84.4415,85.80614
2022-01-25 16:00:59.501218,84.1636,84.64825,85.29625
2022-01-25 16:01:00.010741,83.90492,84.54425,85.29625
2022-01-25 16:01:00.506237,84.52377,84.59625,85.80614
2022-01-25 16:01:01.003420,84.21434,84.4935,85.80614
2022-01-25 16:01:01.509970,84.11161,84.3895,86.3952
2022-01-25 16:01:02.007748,84.42104,84.90575,86.3952
2022-01-25 16:01:02.504190,83.85417,84.54425,85.7675
2022-01-25 16:01:03.002519,84.31831,84.59625,85.7675
2022-01-25 16:01:03.507958,83.80219,84.3895,85.25666
2022-01-25 16:01:04.007192,84.05963,84.28675,85.25666
2022-01-25 16:01:04.502823,84.26632,84.59625,85.6101
2022-01-25 16:01:05.003885,84.31831,84.4935,85.6101
2022-01-25 16:01:05.501135,84.05963,84.4415,85.37447
2022-01-25 16:01:06.010349,84.11161,84.3895,85.37447
2022-01-25 16:01:06.507219,84.31831,84.54425,86.00312
2022-01-25 16:01:07.006680,84.1636,84.54425,86.00312
2022-01-25 16:01:07.502166,84.42104,84.64825,85.57051
2022-01-25 16:01:08.010479,83.7502,84.28675,85.57051
2022-01-25 16:01:08.505939,84.00888,84.28675,84.86364
2022-01-25 16:01:09.004125,84.83319,85.16325,84.86364
2022-01-25 16:01:09.509758,83.7502,84.184,86.04176
2022-01-25 16:01:10.008862,84.62773,84.751,86.04176
2022-01-25 16:01:10.506123,83.49276,84.02925,86.3952
2022-01-25 16:01:11.011005,84.88517,85.0085,86.3952
2022-01-25 16:01:11.509004,83.90492,84.3895,85.84572
2022-01-25 16:01:12.007992,84.05963,84.184,85.84572
2022-01-25 16:01:12.505037,84.36905,84.54425,85.49229
2022-01-25 16:01:13.004046,84.26632,84.90575,85.49229
2022-01-25 16:01:13.501056,84.26632,84.59625,85.7675
2022-01-25 16:01:14.009060,84.00888,84.33875,85.7675
2022-01-25 16:01:14.504261,84.11161,84.59625,85.57051
2022-01-25 16:01:15.002030,83.69946,84.28675,85.57051
2022-01-25 16:01:15.510794,84.9879,85.0085,85.84572
2022-01-25 16:01:16.009015,84.05963,84.3895,85.84572
2022-01-25 16:01:16.505408,83.9569,84.33875,85.33489
2022-01-25 16:01:17.003657,84.31831,84.699,85.33489
2022-01-25 16:01:17.508541,83.59549,84.184,85.33489
2022-01-25 16:01:18.006994,84.73046,84.95775,85.33489
2022-01-25 16:01:18.503261,83.28607,84.02925,85.57051
2022-01-25 16:01:19.010487,84.73046,84.95775,85.57051
2022-01-25 16:01:19.508512,84.11161,84.4415,85.4527
2022-01-25 16:01:20.006642,84.52377,84.751,85.4527
2022-01-25 16:01:20.502382,84.1636,84.4415,85.37447
2022-01-25 16:01:21.010054,83.7502,84.184,85.37447
2022-01-25 16:01:21.505670,84.21434,84.4935,84.98145
2022-01-25 16:01:22.003655,83.69946,84.33875,84.98145
2022-01-25 16:01:22.509353,84.47302,84.751,86.15958
2022-01-25 16:01:23.006284,84.05963,84.4415,86.15958
2022-01-25 16:01:23.502163,84.21434,84.4415,85.6101
2022-01-25 16:01:24.002330,84.36905,84.64825,85.6101
2022-01-25 16:01:24.508554,84.31831,84.751,85.6101
2022-01-25 16:01:25.008568,84.21434,84.4415,85.6101
2022-01-25 16:01:25.510798,83.85417,84.4415,85.6101
2022-01-25 16:01:26.002520,83.90492,84.132,85.6101
2022-01-25 16:01:26.510154,84.05963,84.699,85.84572
2022-01-25 16:01:27.009794,84.52377,84.751,85.84572
2022-01-25 16:01:27.506042,84.11161,84.28675,85.7675
2022-01-25 16:01:28.007789,84.42104,84.54425,85.7675
2022-01-25 16:01:28.507121,83.85417,84.3895,85.7675
2022-01-25 16:01:29.008608,84.31831,84.699,85.7675
2022-01-25 16:01:29.504279,84.1636,84.54425,86.27739
2022-01-25 16:01:30.003657,83.85417,84.4415,86.27739
2022-01-25 16:01:30.510071,84.26632,84.3895,85.96354
2022-01-25 16:01:31.006845,84.62773,84.85375,85.96354
2022-01-25 16:01:31.502946,84.52377,84.751,85.53187
2022-01-25 16:01:32.011019,83.90492,84.23475,85.53187
2022-01-25 16:01:32.506316,83.9569,84.54425,85.92395
2022-01-25 16:01:33.006427,83.9569,84.184,85.92395
2022-01-25 16:01:33.504047,84.26632,85.0605,85.57051
2022-01-25 16:01:34.003217,84.00888,84.23475,85.57051
2022-01-25 16:01:34.505399,84.21434,84.4415,85.7675
2022-01-25 16:01:35.003710,84.1636,84.4935,85.7675
2022-01-25 16:01:35.509707,84.73046,85.21525,85.80614
2022-01-25 16:01:36.009538,83.9569,84.3895,85.80614
2022-01-25 16:01:36.505866,83.85417,84.02925,85.64968
2022-01-25 16:01:37.004021,83.80219,84.23475,85.64968
2022-01-25 16:01:37.510486,84.26632,84.64825,84.86364
2022-01-25 16:01:38.010831,84.47302,84.90575,84.86364
2022-01-25 16:01:38.505604,84.05963,84.3895,85.25666
2022-01-25 16:01:39.004270,84.21434,84.4935,85.25666
2022-01-25 16:01:39.509823,84.1636,84.59625,84.94281
2022-01-25 16:01:40.005111,84.52377,84.803,84.94281
2022-01-25 16:01:40.504721,83.9569,84.4935,86.27739
2022-01-25 16:01:41.004005,84.00888,84.132,86.27739
2022-01-25 16:01:41.503651,83.7502,84.23475,85.33489
2022-01-25 16:01:42.004452,84.36905,84.699,85.33489
2022-01-25 16:01:42.505176,84.26632,84.33875,85.37447
2022-01-25 16:01:43.003048,83.85417,84.54425,85.37447
2022-01-25 16:01:43.501528,84.36905,84.4415,85.72791
2022-01-25 16:01:44.002781,83.90492,84.3895,85.72791
2022-01-25 16:01:44.509303,84.57575,84.751,86.47437
2022-01-25 16:01:45.007766,84.36905,84.699,86.47437
2022-01-25 16:01:45.503962,83.85417,84.08,85.88531
2022-01-25 16:01:46.002754,84.05963,84.4415,85.88531
2022-01-25 16:01:46.506578,84.05963,84.4935,85.92395
2022-01-25 16:01:47.004134,84.1636,84.23475,85.92395
2022-01-25 16:01:47.510479,84.1636,84.59625,84.94281
2022-01-25 16:01:48.009085,84.05963,84.28675,84.94281
2022-01-25 16:01:48.507020,83.9569,84.699,85.33489
2022-01-25 16:01:49.005894,84.57575,84.803,85.33489
2022-01-25 16:01:49.501096,84.26632,84.3895,85.33489
2022-01-25 16:01:50.010070,84.05963,84.59625,85.33489
2022-01-25 16:01:50.505801,83.9569,84.23475,85.64968
2022-01-25 16:01:51.003993,84.47302,84.90575,85.64968
2022-01-25 16:01:51.509990,84.26632,84.4415,85.6101
2022-01-25 16:01:52.008477,83.90492,84.64825,85.6101
2022-01-25 16:01:52.507031,84.11161,84.4415,86.3952
2022-01-25 16:01:53.005982,84.42104,84.54425,86.3952
2022-01-25 16:01:53.509915,84.31831,84.64825,85.68833
2022-01-25 16:01:54.001310,83.9569,84.3895,85.68833
2022-01-25 16:01:54.508484,84.05963,84.59625,86.04176
2022-01-25 16:01:55.007599,84.00888,84.132,86.04176
2022-01-25 16:01:55.502048,84.05963,84.85375,85.09926
2022-01-25 16:01:56.011101,83.90492,84.02925,85.09926
2022-01-25 16:01:56.506357,84.21434,84.4415,142.47395
2022-01-25 16:01:57.004850,83.85417,83.8745,142.47395
2022-01-25 16:01:57.510690,84.11161,84.28675,228.90968
2022-01-25 16:01:58.009063,84.42104,85.0085,228.90968
2022-01-25 16:01:58.505145,83.9569,84.132,200.4377
2022-01-25 16:01:59.004748,83.85417,84.4415,200.4377
2022-01-25 16:01:59.503383,83.85417,84.02925,135.72
2022-01-25 16:02:00.503101,84.36905,84.3895,90.48
2022-01-25 16:02:01.001256,83.90492,84.08,90.48
2022-01-25 16:02:01.508677,83.85417,84.08,93.97479
2022-01-25 16:02:02.010100,84.26632,84.4415,93.97479
2022-01-25 16:02:02.504920,84.1636,84.699,90.20479
2022-01-25 16:02:03.004965,83.80219,84.132,90.20479
2022-01-25 16:02:03.502732,84.05963,84.85375,87.29906
2022-01-25 16:02:04.011155,83.85417,84.02925,87.29906
2022-01-25 16:02:04.508093,84.83319,85.1125,86.00312
2022-01-25 16:02:05.006847,83.9569,84.33875,86.00312
2022-01-25 16:02:05.503551,84.31831,84.54425,86.51301
2022-01-25 16:02:06.002192,83.59549,84.132,86.51301
2022-01-25 16:02:06.509528,84.62773,84.95775,86.74864
2022-01-25 16:02:07.008026,83.64747,84.33875,86.74864
2022-01-25 16:02:07.505049,84.36905,84.54425,86.00312
2022-01-25 16:02:08.003352,84.47302,84.54425,86.00312
2022-01-25 16:02:08.509572,84.00888,84.59625,87.45551
2022-01-25 16:02:09.008347,84.57575,84.90575,87.45551
2022-01-25 16:02:09.504192,84.00888,84.4935,85.57051
2022-01-25 16:02:10.002764,84.05963,84.4415,85.57051
2022-01-25 16:02:10.501770,83.69946,84.699,85.92395
2022-01-25 16:02:11.006966,84.36905,84.59625,85.92395
2022-01-25 16:02:11.502148,84.31831,84.4935,85.68833
2022-01-25 16:02:12.010641,84.05963,84.33875,85.68833
2022-01-25 16:02:12.506649,83.90492,84.28675,85.72791
2022-01-25 16:02:13.005203,84.36905,85.0605,85.72791
2022-01-25 16:02:13.507311,84.1636,84.23475,86.04176
2022-01-25 16:02:14.005656,83.54475,84.3895,86.04176
2022-01-25 16:02:14.503228,84.31831,84.59625,85.96354
2022-01-25 16:02:15.002026,84.05963,84.33875,85.96354
2022-01-25 16:02:15.510411,84.42104,84.699,85.33489
2022-01-25 16:02:16.009293,84.26632,84.4415,85.33489
2022-01-25 16:02:16.503882,83.90492,84.4415,86.35656
2022-01-25 16:02:17.002593,84.31831,84.803,86.35656
2022-01-25 16:02:17.509965,83.85417,84.4935,85.92395
2022-01-25 16:02:18.008362,84.1636,84.3895,85.92395
2022-01-25 16:02:18.502424,84.1636,84.54425,85.80614
2022-01-25 16:02:19.010219,84.05963,84.23475,85.80614
2022-01-25 16:02:19.505148,84.26632,84.33875,85.53187
2022-01-25 16:02:20.008973,84.11161,84.54425,85.53187
2022-01-25 16:02:20.503572,84.1636,84.59625,85.57051
2022-01-25 16:02:21.005362,84.31831,84.95775,85.57051
2022-01-25 16:02:21.510082,84.05963,84.28675,85.80614
2022-01-25 16:02:22.009292,84.21434,84.59625,85.80614
2022-01-25 16:02:22.506052,84.1636,84.4415,86.04176
2022-01-25 16:02:23.003852,84.11161,84.23475,86.04176
2022-01-25 16:02:23.508734,83.90492,84.23475,85.53187
2022-01-25 16:02:24.007145,84.47302,84.751,85.53187
2022-01-25 16:02:24.501280,83.9569,84.4935,85.7675
2022-01-25 16:02:25.009863,84.36905,84.85375,85.7675
2022-01-25 16:02:25.504640,83.9569,84.4415,85.96354
2022-01-25 16:02:26.002867,84.42104,84.699,85.96354
2022-01-25 16:02:26.501498,84.52377,84.64825,86.08135
2022-01-25 16:02:27.010702,83.9569,84.3895,86.08135
2022-01-25 16:02:27.506784,83.85417,84.08,85.68833
2022-01-25 16:02:28.005933,83.80219,84.3895,85.68833
2022-01-25 16:02:28.505722,84.47302,84.59625,85.49229
2022-01-25 16:02:29.005341,83.80219,84.33875,85.49229
2022-01-25 16:02:29.511009,84.36905,84.751,85.17843
2022-01-25 16:02:30.009087,84.36905,84.4415,85.17843
2022-01-25 16:02:30.507451,84.05963,84.3895,85.88531
2022-01-25 16:02:31.009083,84.73046,85.0605,85.88531
2022-01-25 16:02:31.506025,83.64747,84.184,85.7675
2022-01-25 16:02:32.005545,84.42104,84.64825,85.7675
2022-01-25 16:02:32.510242,83.69946,84.23475,85.33489
2022-01-25 16:02:33.007238,84.47302,84.95775,85.33489
2022-01-25 16:02:33.503531,84.36905,84.54425,86.78822
2022-01-25 16:02:34.002193,84.00888,84.28675,86.78822
2022-01-25 16:02:34.506820,84.1636,84.28675,85.41406
2022-01-25 16:02:35.003302,84.11161,84.85375,85.41406
2022-01-25 16:02:35.510223,84.26632,84.64825,85.4527
2022-01-25 16:02:36.007605,83.80219,84.28675,85.4527
2022-01-25 16:02:36.501001,84.21434,84.4935,85.7675
2022-01-25 16:02:37.009492,83.80219,84.23475,85.7675
2022-01-25 16:02:37.507482,84.83319,85.21525,85.25666
2022-01-25 16:02:38.007064,83.80219,83.66775,85.25666
2022-01-25 16:02:38.500999,84.1636,84.803,86.90604
2022-01-25 16:02:39.010041,84.1636,84.4935,86.90604
2022-01-25 16:02:39.506850,84.00888,84.54425,85.84572
2022-01-25 16:02:40.007379,84.26632,84.59625,85.84572
2022-01-25 16:02:40.504115,84.00888,84.54425,85.25666
2022-01-25 16:02:41.003343,84.11161,84.28675,85.25666
2022-01-25 16:02:41.509691,84.47302,84.64825,85.72791
2022-01-25 16:02:42.007411,84.21434,84.699,85.72791
2022-01-25 16:02:42.503517,84.31831,84.4935,86.27739
2022-01-25 16:02:43.002021,84.00888,84.4415,86.27739
2022-01-25 16:02:43.508636,83.80219,84.08,84.78541
2022-01-25 16:02:44.007329,84.00888,84.751,84.78541
2022-01-25 16:02:44.505274,84.42104,84.803,85.80614
2022-01-25 16:02:45.004157,84.11161,84.02925,85.80614
2022-01-25 16:02:45.510299,84.36905,84.85375,85.72791
2022-01-25 16:02:46.007235,84.00888,84.3895,85.72791
2022-01-25 16:02:46.506107,84.73046,85.318,86.51301
2022-01-25 16:02:47.003331,83.90492,84.08,86.51301
2022-01-25 16:02:47.508861,83.59549,84.132,85.57051
2022-01-25 16:02:48.006957,84.05963,84.4415,85.57051
2022-01-25 16:02:48.502513,84.62773,84.699,85.37447
2022-01-25 16:02:49.002048,84.1636,84.64825,85.37447
2022-01-25 16:02:49.510380,84.21434,84.64825,86.43479
2022-01-25 16:02:50.008666,84.00888,84.4935,86.43479
2022-01-25 16:02:50.503451,84.42104,84.751,85.7675
2022-01-25 16:02:51.505141,84.42104,84.699,85.72791
2022-01-25 16:02:52.003968,84.1636,84.184,85.72791
2022-01-25 16:02:52.509561,84.11161,84.4935,85.64968
2022-01-25 16:02:53.006767,84.26632,84.4935,85.64968
2022-01-25 16:02:53.510686,83.9569,84.751,85.7675
2022-01-25 16:02:54.010241,84.42104,84.751,85.7675
2022-01-25 16:02:54.506075,83.54475,84.08,86.35656
2022-01-25 16:02:55.003434,84.52377,84.90575,86.35656
2022-01-25 16:02:55.509018,84.31831,84.54425,86.31697
2022-01-25 16:02:56.009330,84.26632,84.54425,86.31697
2022-01-25 16:02:56.506720,84.21434,84.3895,85.21708
2022-01-25 16:02:57.009892,83.85417,84.4415,85.21708
2022-01-25 16:02:57.505206,84.67848,84.803,85.53187
2022-01-25 16:02:58.004881,84.05963,84.4935,85.53187
2022-01-25 16:02:58.510777,83.80219,84.184,85.88531
2022-01-25 16:02:59.008896,83.9569,84.23475,85.88531
2022-01-25 16:02:59.502957,84.31831,84.751,85.57051
2022-01-25 16:03:00.001967,84.26632,84.4415,85.57051
2022-01-25 16:03:00.506776,84.31831,84.85375,85.57051
2022-01-25 16:03:01.007592,84.00888,84.132,85.57051
2022-01-25 16:03:01.503170,83.9569,84.4935,86.71
2022-01-25 16:03:02.003343,84.78245,85.0605,86.71
2022-01-25 16:03:02.501646,83.54475,83.97725,85.53187
2022-01-25 16:03:03.009912,84.36905,84.59625,85.53187
2022-01-25 16:03:03.503970,83.85417,83.92525,85.4527
2022-01-25 16:03:04.002328,84.21434,85.0605,85.4527
2022-01-25 16:03:04.506658,84.05963,84.3895,86.08135
2022-01-25 16:03:05.005238,84.42104,84.85375,86.08135
2022-01-25 16:03:05.510973,83.80219,84.184,85.41406
2022-01-25 16:03:06.010729,84.00888,84.3895,85.41406
2022-01-25 16:03:06.504711,84.26632,84.64825,84.94281
2022-01-25 16:03:07.003669,84.1636,84.08,84.94281
2022-01-25 16:03:07.509545,84.36905,84.751,85.7675
2022-01-25 16:03:08.008000,83.59549,84.02925,85.7675
2022-01-25 16:03:08.504020,84.57575,85.0605,86.27739
2022-01-25 16:03:09.002020,84.31831,84.64825,86.27739
2022-01-25 16:03:09.509643,83.7502,84.28675,85.64968
2022-01-25 16:03:10.007735,84.47302,84.699,85.64968
2022-01-25 16:03:10.506212,84.21434,84.4935,86.08135
2022-01-25 16:03:11.010338,84.26632,84.751,86.08135
2022-01-25 16:03:11.508242,84.1636,84.28675,85.84572
2022-01-25 16:03:12.006199,84.05963,84.4935,85.84572
2022-01-25 16:03:12.502483,84.05963,84.28675,85.72791
2022-01-25 16:03:13.011165,84.21434,84.751,85.72791
2022-01-25 16:03:13.506715,83.90492,84.28675,85.53187
2022-01-25 16:03:14.003988,84.36905,84.751,85.53187
2022-01-25 16:03:14.509330,84.05963,84.54425,86.08135
2022-01-25 16:03:15.007387,84.11161,84.3895,86.08135
2022-01-25 16:03:15.502841,84.1636,84.54425,85.37447
2022-01-25 16:03:16.002535,84.26632,84.59625,85.37447
2022-01-25 16:03:16.507622,84.00888,84.4935,86.00312
2022-01-25 16:03:17.008398,84.11161,84.4415,86.00312
2022-01-25 16:03:17.504462,83.9569,84.4935,85.06062
2022-01-25 16:03:18.002460,84.57575,84.90575,85.06062
2022-01-25 16:03:18.508543,84.42104,84.699,86.15958
2022-01-25 16:03:19.007354,83.49276,84.132,86.15958
2022-01-25 16:03:19.504399,84.73046,85.0085,85.7675
2022-01-25 16:03:20.003865,83.9569,84.3895,85.7675
2022-01-25 16:03:20.502419,84.42104,84.90575,85.92395
2022-01-25 16:03:21.010677,83.59549,84.132,85.92395
2022-01-25 16:03:21.506320,84.31831,84.59625,85.21708
2022-01-25 16:03:22.004239,84.73046,84.64825,85.21708
2022-01-25 16:03:22.505621,84.1636,84.59625,85.88531
2022-01-25 16:03:23.003170,83.80219,84.132,85.88531
2022-01-25 16:03:23.508657,84.21434,84.64825,85.64968
2022-01-25 16:03:24.006802,84.1636,84.4415,85.64968
2022-01-25 16:03:24.502243,83.90492,84.3895,85.88531
2022-01-25 16:03:25.001247,84.36905,84.85375,85.88531
2022-01-25 16:03:25.506841,84.26632,84.28675,85.02104
2022-01-25 16:03:26.007241,84.26632,84.4935,85.02104
2022-01-25 16:03:26.509794,84.36905,84.4935,86.15958
2022-01-25 16:03:27.006816,84.05963,84.4415,86.15958
2022-01-25 16:03:27.501987,84.21434,84.3895,85.41406
2022-01-25 16:03:28.009946,83.85417,84.3895,85.41406
2022-01-25 16:03:28.505796,84.21434,84.751,85.25666
2022-01-25 16:03:29.003894,84.11161,84.28675,85.25666
2022-01-25 16:03:29.501747,84.42104,84.85375,85.64968
2022-01-25 16:03:30.001923,84.00888,84.184,85.64968
2022-01-25 16:03:30.508728,84.26632,84.751,85.49229
2022-01-25 16:03:31.006956,84.00888,84.4415,85.49229
2022-01-25 16:03:31.505547,84.00888,84.4415,85.92395
2022-01-25 16:03:32.009624,84.21434,84.4935,85.92395
2022-01-25 16:03:32.505267,83.80219,84.28675,85.84572
2022-01-25 16:03:33.008390,84.57575,85.0085,85.84572
2022-01-25 16:03:33.511378,84.11161,84.23475,85.6101
2022-01-25 16:03:34.011130,84.1636,84.751,85.6101
2022-01-25 16:03:34.508650,84.1636,84.59625,85.33489
2022-01-25 16:03:35.006646,83.85417,84.3895,85.33489
2022-01-25 16:03:36.005393,84.1636,84.4415,85.41406
2022-01-25 16:03:36.504422,84.00888,84.23475,85.72791
2022-01-25 16:03:37.002646,84.36905,84.4415,85.72791
2022-01-25 16:03:37.509146,83.90492,84.33875,85.84572
2022-01-25 16:03:38.008571,84.1636,84.4935,85.84572
2022-01-25 16:03:38.504158,84.31831,84.54425,85.29625
2022-01-25 16:03:39.003261,84.00888,84.4935,85.29625
2022-01-25 16:03:39.510070,84.00888,84.4935,85.84572
2022-01-25 16:03:40.009709,84.31831,84.64825,85.84572
2022-01-25 16:03:40.506706,84.57575,84.4935,85.7675
2022-01-25 16:03:41.005752,84.05963,84.59625,85.7675
2022-01-25 16:03:41.509703,84.47302,84.95775,85.96354
2022-01-25 16:03:42.007755,83.64747,83.8745,85.96354
2022-01-25 16:03:42.502658,84.78245,85.0085,86.43479
2022-01-25 16:03:43.004340,83.64747,84.28675,86.43479
2022-01-25 16:03:43.510201,84.1636,84.699,85.88531
2022-01-25 16:03:44.007819,84.73046,84.85375,85.88531
2022-01-25 16:03:44.502815,83.80219,84.33875,85.80614
2022-01-25 16:03:45.001663,84.52377,84.699,85.80614
2022-01-25 16:03:45.508565,83.7502,84.184,85.09926
2022-01-25 16:03:46.009847,84.42104,84.85375,85.09926
2022-01-25 16:03:46.507719,83.80219,84.33875,85.96354
2022-01-25 16:03:47.007596,84.26632,84.54425,85.96354
2022-01-25 16:03:47.501801,84.05963,84.23475,86.08135
2022-01-25 16:03:48.003571,84.31831,84.699,86.08135
2022-01-25 16:03:48.502681,84.57575,84.751,85.7675
2022-01-25 16:03:49.009452,83.49276,83.97725,85.7675
2022-01-25 16:03:49.507797,84.31831,84.64825,85.88531
2022-01-25 16:03:50.009744,83.64747,84.184,85.88531
2022-01-25 16:03:50.509692,84.36905,85.0085,85.96354
2022-01-25 16:03:51.003047,84.11161,84.3895,85.96354
2022-01-25 16:03:51.508641,84.1636,84.3895,86.19916
2022-01-25 16:03:52.009304,84.05963,84.28675,86.19916
2022-01-25 16:03:52.507665,84.31831,84.699,86.3952
2022-01-25 16:03:53.005936,84.1636,84.4415,86.3952
2022-01-25 16:03:53.502802,83.7502,84.132,85.33489
2022-01-25 16:03:54.001907,84.36905,84.751,85.33489
2022-01-25 16:03:54.507374,83.59549,84.132,85.64968
2022-01-25 16:03:55.007525,84.78245,85.16325,85.64968
2022-01-25 16:03:55.503736,84.05963,84.33875,86.51301
2022-01-25 16:03:56.003461,84.21434,84.3895,86.51301
2022-01-25 16:03:56.510845,84.1636,84.28675,84.90322
2022-01-25 16:03:57.001292,83.9569,84.4415,84.90322
2022-01-25 16:03:57.507864,84.62773,85.16325,86.00312
2022-01-25 16:03:58.008997,83.59549,84.08,86.00312
2022-01-25 16:03:58.507177,84.31831,84.3895,85.6101
2022-01-25 16:03:59.006940,84.47302,84.59625,85.6101
2022-01-25 16:03:59.505211,84.26632,84.803,85.88531
2022-01-25 16:04:00.003551,84.11161,84.33875,85.88531
2022-01-25 16:04:00.504044,84.11161,84.33875,85.4527
2022-01-25 16:04:01.003946,84.00888,84.64825,85.4527
2022-01-25 16:04:01.502373,83.85417,84.54425,85.41406
2022-01-25 16:04:02.010235,84.42104,84.699,85.41406
2022-01-25 16:04:02.505174,84.00888,84.02925,85.72791
2022-01-25 16:04:03.002528,84.36905,84.4935,85.72791
2022-01-25 16:04:03.501412,84.00888,84.59625,85.64968
2022-01-25 16:04:04.010046,83.90492,84.23475,85.64968
2022-01-25 16:04:04.509499,84.52377,84.803,85.17843
2022-01-25 16:04:05.009470,83.59549,84.33875,85.17843
2022-01-25 16:04:05.506246,84.1636,84.59625,85.25666
2022-01-25 16:04:06.001995,84.42104,84.64825,85.25666
2022-01-25 16:04:06.510679,83.80219,84.33875,85.64968
2022-01-25 16:04:07.008695,84.73046,84.85375,85.64968
2022-01-25 16:04:07.504068,83.69946,83.97725,85.06062
2022-01-25 16:04:08.002850,84.62773,85.0085,85.06062
2022-01-25 16:04:08.508192,83.7502,84.23475,85.57051
2022-01-25 16:04:09.006824,84.62773,84.95775,85.57051
2022-01-25 16:04:09.501458,83.80219,84.132,86.12093
2022-01-25 16:04:10.010492,84.21434,84.59625,86.12093
2022-01-25 16:04:10.505461,84.47302,84.699,85.21708
2022-01-25 16:04:11.010020,83.90492,84.23475,85.21708
2022-01-25 16:04:11.506194,84.47302,84.95775,86.23875
2022-01-25 16:04:12.005554,83.64747,84.02925,86.23875
2022-01-25 16:04:12.511114,84.73046,85.0605,85.6101
2022-01-25 16:04:13.008116,83.85417,84.184,85.6101
2022-01-25 16:04:13.504018,84.52377,84.59625,85.64968
2022-01-25 16:04:14.004192,84.1636,84.28675,85.64968
2022-01-25 16:04:15.004979,84.26632,84.85375,85.49229
2022-01-25 16:04:15.509972,83.80219,84.132,85.6101
2022-01-25 16:04:16.008257,84.78245,85.21525,85.6101
2022-01-25 16:04:16.507283,83.18334,83.565,85.7675
2022-01-25 16:04:17.005057,84.62773,84.803,85.7675
2022-01-25 16:04:17.509684,84.26632,84.23475,85.84572
2022-01-25 16:04:18.007666,84.26632,84.54425,85.84572
2022-01-25 16:04:18.505713,83.54475,83.7705,85.29625
2022-01-25 16:04:19.005679,83.64747,83.97725,85.29625
2022-01-25 16:04:19.501687,85.14262,85.47275,233.11135
2022-01-25 16:04:20.010558,83.23532,83.66775,233.11135
2022-01-25 16:04:20.506890,84.73046,84.803,212.53375
2022-01-25 16:04:21.006764,83.44078,83.513,212.53375
2022-01-25 16:04:21.503356,84.67848,84.90575,160.93187
2022-01-25 16:04:22.001445,84.47302,84.64825,160.93187
2022-01-25 16:04:22.508484,83.54475,83.8745,106.38468
2022-01-25 16:04:23.003237,84.31831,84.4935,106.38468
2022-01-25 16:04:23.508763,83.7502,84.28675,95.38854
2022-01-25 16:04:24.006956,84.62773,85.0605,95.38854
2022-01-25 16:04:24.501430,83.9569,83.97725,88.4376
2022-01-25 16:04:25.010084,84.36905,84.54425,88.4376
2022-01-25 16:04:25.506088,84.1636,84.3895,88.16239
2022-01-25 16:04:26.004486,84.47302,84.85375,88.16239
2022-01-25 16:04:27.005115,84.05963,84.4935,85.7675
2022-01-25 16:04:27.502693,84.11161,84.3895,86.35656
2022-01-25 16:04:28.002454,83.9569,84.59625,86.35656
2022-01-25 16:04:28.508402,84.36905,84.59625,86.08135
2022-01-25 16:04:29.006302,84.1636,84.28675,86.08135
2022-01-25 16:04:29.501863,84.21434,84.699,86.74864
2022-01-25 16:04:30.010177,84.11161,84.59625,86.74864
2022-01-25 16:04:30.505217,84.11161,84.54425,86.51301
2022-01-25 16:04:31.003457,84.21434,84.64825,86.51301
2022-01-25 16:04:31.509127,83.90492,84.4935,85.6101
2022-01-25 16:04:32.007314,84.11161,84.184,85.6101
2022-01-25 16:04:32.505471,84.47302,84.85375,85.6101
2022-01-25 16:04:33.003666,83.85417,84.23475,85.6101
2022-01-25 16:04:33.501346,84.57575,84.803,85.64968
2022-01-25 16:04:34.009715,83.9569,84.3895,85.64968
2022-01-25 16:04:34.508536,84.11161,84.59625,85.84572
2022-01-25 16:04:35.002656,83.7502,84.4935,85.84572
2022-01-25 16:04:35.511052,84.26632,84.59625,85.7675
2022-01-25 16:04:36.008815,84.36905,84.54425,85.7675
2022-01-25 16:04:36.503344,84.05963,84.4415,86.15958
2022-01-25 16:04:37.002672,84.05963,84.59625,86.15958
2022-01-25 16:04:37.507422,83.9569,84.3895,85.84572
2022-01-25 16:04:38.006016,84.52377,84.751,85.84572
2022-01-25 16:04:38.502277,83.80219,84.33875,85.37447
2022-01-25 16:04:39.505257,84.1636,84.23475,85.33489
2022-01-25 16:04:40.003379,84.36905,84.751,85.33489
2022-01-25 16:04:40.509296,84.31831,84.699,85.53187
2022-01-25 16:04:41.007470,84.00888,84.4935,85.53187
2022-01-25 16:04:41.504675,84.21434,84.59625,85.92395
2022-01-25 16:04:42.002238,83.85417,84.33875,85.92395
2022-01-25 16:04:42.507181,84.57575,84.64825,85.64968
2022-01-25 16:04:43.006891,83.90492,84.184,85.64968
2022-01-25 16:04:43.503569,84.31831,84.54425,85.37447
2022-01-25 16:04:44.003583,84.36905,84.699,85.37447
2022-01-25 16:04:44.510068,83.9569,84.4415,85.80614
2022-01-25 16:04:45.008605,84.47302,84.85375,85.80614
2022-01-25 16:04:45.503864,83.80219,84.4415,85.88531
2022-01-25 16:04:46.002792,84.26632,84.4415,85.88531
2022-01-25 16:04:46.509545,84.11161,84.4415,84.825
2022-01-25 16:04:47.007394,84.36905,84.3895,84.825
2022-01-25 16:04:47.506055,83.90492,84.4415,85.49229
2022-01-25 16:04:48.004331,84.26632,84.699,85.49229
2022-01-25 16:04:48.501109,83.90492,84.33875,86.67041
2022-01-25 16:04:49.010741,84.31831,84.64825,86.67041
2022-01-25 16:04:49.507122,84.1636,84.54425,85.25666
2022-01-25 16:04:50.008155,84.11161,84.699,85.25666
2022-01-25 16:04:50.506520,84.05963,84.23475,85.88531
2022-01-25 16:04:51.005100,84.47302,84.699,85.88531
2022-01-25 16:04:51.505511,83.9569,84.28675,86.08135
2022-01-25 16:04:52.006582,84.11161,84.64825,86.08135
2022-01-25 16:04:52.501464,83.9569,84.33875,85.21708
2022-01-25 16:04:53.009762,84.36905,84.59625,85.21708
2022-01-25 16:04:53.506641,83.69946,84.23475,85.88531
2022-01-25 16:04:54.006439,84.1636,84.33875,85.88531
2022-01-25 16:04:54.501838,84.42104,84.699,84.94281
2022-01-25 16:04:55.009762,84.11161,84.54425,84.94281
2022-01-25 16:04:55.506649,84.1636,84.4935,85.80614
2022-01-25 16:04:56.007605,83.9569,84.132,85.80614
2022-01-25 16:04:56.506084,84.21434,84.54425,85.4527
2022-01-25 16:04:57.003765,84.21434,84.85375,85.4527
2022-01-25 16:04:57.510386,84.05963,84.132,85.64968
2022-01-25 16:04:58.008039,84.73046,84.85375,85.64968
2022-01-25 16:04:58.505014,83.90492,84.28675,85.80614
2022-01-25 16:04:59.004406,84.47302,85.0605,85.80614
2022-01-25 16:04:59.505536,83.7502,84.08,86.27739
2022-01-25 16:05:00.004795,84.26632,84.54425,86.27739
2022-01-25 16:05:01.505084,84.21434,84.33875,85.72791
2022-01-25 16:05:02.003102,84.1636,84.4935,85.72791
2022-01-25 16:05:02.510297,84.67848,84.90575,85.17843
2022-01-25 16:05:03.001438,83.90492,84.23475,85.17843
2022-01-25 16:05:03.506969,84.62773,85.0605,86.00312
2022-01-25 16:05:04.005103,83.59549,84.132,86.00312
2022-01-25 16:05:04.502393,84.67848,84.95775,85.7675
2022-01-25 16:05:05.003656,83.90492,84.4415,85.7675
2022-01-25 16:05:05.510023,84.21434,84.59625,85.92395
2022-01-25 16:05:06.009426,84.52377,84.85375,85.92395
2022-01-25 16:05:06.506520,83.7502,84.08,85.21708
2022-01-25 16:05:07.006133,84.47302,84.699,85.21708
2022-01-25 16:05:07.502033,83.80219,84.3895,85.53187
2022-01-25 16:05:08.005509,84.21434,84.699,85.53187
2022-01-25 16:05:08.502585,84.00888,84.54425,85.41406
2022-01-25 16:05:09.001120,84.11161,84.28675,85.41406
2022-01-25 16:05:09.509464,84.21434,84.4935,85.72791
2022-01-25 16:05:10.009285,84.1636,84.64825,85.72791
2022-01-25 16:05:10.505036,84.36905,84.803,85.80614
2022-01-25 16:05:11.009244,83.85417,84.184,85.80614
2022-01-25 16:05:11.505631,84.47302,84.64825,85.02104
2022-01-25 16:05:12.003901,83.59549,84.184,85.02104
2022-01-25 16:05:12.508883,84.36905,84.751,85.6101
2022-01-25 16:05:13.008743,84.52377,84.803,85.6101
2022-01-25 16:05:13.506186,84.21434,84.4415,86.27739
2022-01-25 16:05:14.005954,83.90492,84.28675,86.27739
2022-01-25 16:05:14.501126,84.26632,84.90575,85.6101
2022-01-25 16:05:15.009074,84.31831,84.59625,85.6101
2022-01-25 16:05:15.505389,83.7502,84.4415,85.96354
2022-01-25 16:05:16.004491,84.11161,84.4415,85.96354
2022-01-25 16:05:16.502571,84.1636,84.4415,85.64968
2022-01-25 16:05:17.010566,84.1636,84.4935,85.64968
2022-01-25 16:05:17.504925,84.62773,84.85375,85.41406
2022-01-25 16:05:18.004114,83.64747,84.184,85.41406
2022-01-25 16:05:18.508935,84.47302,84.4415,85.80614
2022-01-25 16:05:19.001326,84.11161,84.803,85.80614
2022-01-25 16:05:19.507565,84.21434,84.59625,85.7675
2022-01-25 16:05:20.008480,84.00888,84.4415,85.7675
2022-01-25 16:05:20.507525,83.85417,84.132,85.4527
2022-01-25 16:05:21.006225,84.57575,84.699,85.4527
2022-01-25 16:05:21.503507,84.1636,84.59625,86.74864
2022-01-25 16:05:22.003128,84.00888,84.33875,86.74864
2022-01-25 16:05:23.005461,84.42104,84.4415,85.53187
2022-01-25 16:05:23.502190,84.05963,84.751,85.64968
2022-01-25 16:05:24.002094,84.26632,84.4415,85.64968
2022-01-25 16:05:24.506210,84.26632,84.184,85.64968
2022-01-25 16:05:25.006926,83.80219,84.33875,85.64968
2022-01-25 16:05:25.502133,84.47302,84.85375,85.49229
2022-01-25 16:05:26.010715,83.49276,83.97725,85.49229
2022-01-25 16:05:26.507923,84.42104,84.751,86.35656
2022-01-25 16:05:27.006617,83.85417,84.4415,86.35656
2022-01-25 16:05:27.507385,84.42104,84.699,85.7675
2022-01-25 16:05:28.005822,84.52377,84.699,85.7675
2022-01-25 16:05:28.504027,84.00888,84.4415,85.72791
2022-01-25 16:05:29.002422,84.31831,84.64825,85.72791
2022-01-25 16:05:29.507829,83.64747,84.184,86.23875
2022-01-25 16:05:30.006014,84.36905,84.803,86.23875
2022-01-25 16:05:30.502290,83.80219,84.59625,85.88531
2022-01-25 16:05:31.001791,84.36905,84.64825,85.88531
2022-01-25 16:05:31.507714,84.21434,84.28675,85.4527
2022-01-25 16:05:32.007287,84.11161,84.4935,85.4527
2022-01-25 16:05:32.503818,84.11161,84.4935,85.41406
2022-01-25 16:05:33.002498,84.11161,84.54425,85.41406
2022-01-25 16:05:33.508645,84.31831,84.33875,86.35656
2022-01-25 16:05:34.006501,83.59549,84.33875,86.35656
2022-01-25 16:05:34.502864,84.47302,84.803,85.33489
2022-01-25 16:05:35.009654,84.21434,84.3895,85.33489
2022-01-25 16:05:35.506741,84.31831,84.54425,85.6101
2022-01-25 16:05:36.003941,84.11161,84.59625,85.6101
2022-01-25 16:05:36.508912,84.00888,84.3895,85.17843
2022-01-25 16:05:37.008158,84.26632,84.4935,85.17843
2022-01-25 16:05:37.506280,83.80219,84.54425,85.7675
2022-01-25 16:05:38.004540,84.36905,84.54425,85.7675
2022-01-25 16:05:38.509341,83.85417,84.28675,86.04176
2022-01-25 16:05:39.008960,84.26632,84.59625,86.04176
2022-01-25 16:05:39.502946,84.36905,84.4935,85.4527
2022-01-25 16:05:40.001313,84.1636,84.699,85.4527
2022-01-25 16:05:40.507628,83.7502,83.97725,86.98426
2022-01-25 16:05:41.006772,84.00888,84.54425,86.98426
2022-01-25 16:05:41.504594,84.1636,84.59625,86.08135
2022-01-25 16:05:42.002293,84.21434,84.699,86.08135
2022-01-25 16:05:42.508243,84.26632,84.33875,85.68833
2022-01-25 16:05:43.006647,84.1636,84.33875,85.68833
2022-01-25 16:05:43.502898,84.05963,84.54425,85.25666
2022-01-25 16:05:44.005692,84.31831,84.699,85.25666
2022-01-25 16:05:44.503964,83.85417,84.4415,86.00312
2022-01-25 16:05:45.001164,83.85417,84.28675,86.00312
2022-01-25 16:05:45.507334,84.1636,84.90575,85.68833
2022-01-25 16:05:46.006738,84.05963,84.28675,85.68833
2022-01-25 16:05:46.503500,84.57575,84.803,85.72791
2022-01-25 16:05:47.002361,84.11161,84.4415,85.72791
2022-01-25 16:05:47.509118,84.1636,84.28675,85.37447
2022-01-25 16:05:48.009124,84.26632,84.699,85.37447
2022-01-25 16:05:48.504025,84.21434,84.59625,85.84572
2022-01-25 16:05:49.002692,83.59549,84.23475,85.84572
2022-01-25 16:05:49.508868,84.42104,84.64825,85.7675
2022-01-25 16:05:50.006813,84.21434,84.54425,85.7675
2022-01-25 16:05:50.503109,83.90492,84.4415,85.09926
2022-01-25 16:05:51.001526,84.47302,84.59625,85.09926
2022-01-25 16:05:51.508157,83.85417,84.33875,85.57051
2022-01-25 16:05:52.007650,84.36905,84.64825,85.57051
2022-01-25 16:05:52.502646,83.69946,84.4415,85.92395
2022-01-25 16:05:53.001474,84.21434,84.3895,85.92395
2022-01-25 16:05:53.508133,84.42104,84.59625,85.53187
2022-01-25 16:05:54.007472,84.11161,84.64825,85.53187
2022-01-25 16:05:54.504165,84.42104,84.4415,85.41406
2022-01-25 16:05:55.004704,84.00888,84.59625,85.41406
2022-01-25 16:05:55.503371,84.31831,84.54425,85.29625
2022-01-25 16:05:56.002418,83.59549,84.4415,85.29625
2022-01-25 16:05:56.509309,84.62773,85.1125,85.33489
2022-01-25 16:05:57.007855,83.80219,84.132,85.33489
2022-01-25 16:05:57.505709,84.21434,84.4415,86.35656
2022-01-25 16:05:58.003762,84.47302,84.54425,86.35656
2022-01-25 16:05:58.510528,84.00888,84.59625,85.96354
2022-01-25 16:05:59.009755,84.21434,84.4935,85.96354
2022-01-25 16:05:59.506506,83.90492,84.64825,85.72791
2022-01-25 16:06:00.004048,84.1636,84.3895,85.72791
2022-01-25 16:06:00.510916,84.31831,84.85375,85.80614
2022-01-25 16:06:01.504967,83.9569,84.02925,85.25666
2022-01-25 16:06:02.003790,84.36905,84.85375,85.25666
2022-01-25 16:06:02.503207,84.26632,84.3895,85.64968
2022-01-25 16:06:03.002785,84.36905,85.0605,85.64968
2022-01-25 16:06:03.509296,84.05963,84.28675,85.57051
2022-01-25 16:06:04.010433,83.85417,84.33875,85.57051
2022-01-25 16:06:04.508473,84.78245,84.90575,85.17843
2022-01-25 16:06:05.007369,83.90492,84.02925,85.17843
2022-01-25 16:06:05.502526,83.9569,84.3895,85.96354
2022-01-25 16:06:06.001877,84.1636,84.4935,85.96354
2022-01-25 16:06:06.502951,84.1636,84.699,85.72791
2022-01-25 16:06:07.007123,84.31831,84.54425,85.72791
2022-01-25 16:06:07.507730,83.80219,84.54425,85.29625
2022-01-25 16:06:08.008550,84.26632,84.3895,85.29625
2022-01-25 16:06:08.506518,84.62773,84.54425,85.68833
2022-01-25 16:06:09.009488,84.1636,84.3895,85.68833
2022-01-25 16:06:09.501102,83.85417,84.28675,85.4527
2022-01-25 16:06:10.007190,84.05963,84.803,85.4527
2022-01-25 16:06:10.503547,83.90492,84.23475,84.70718
2022-01-25 16:06:11.005311,83.9569,84.4935,84.70718
2022-01-25 16:06:11.503495,84.47302,84.699,85.41406
2022-01-25 16:06:12.002825,84.31831,84.4935,85.41406
2022-01-25 16:06:12.507884,84.05963,84.23475,85.53187
2022-01-25 16:06:13.007790,84.36905,84.64825,85.53187
2022-01-25 16:06:13.505784,83.7502,84.33875,85.25666
2022-01-25 16:06:14.007342,84.1636,84.54425,85.25666
2022-01-25 16:06:14.503144,83.9569,84.59625,85.72791
2022-01-25 16:06:15.002679,84.00888,84.33875,85.72791
2022-01-25 16:06:15.501471,84.42104,84.4415,85.25666
2022-01-25 16:06:16.009087,84.1636,84.54425,85.25666
2022-01-25 16:06:16.505982,84.36905,84.4935,85.4527
2022-01-25 16:06:17.003738,83.90492,84.59625,85.4527
2022-01-25 16:06:17.508736,84.1636,84.4415,85.68833
2022-01-25 16:06:18.006544,83.85417,84.33875,85.68833
2022-01-25 16:06:19.005121,84.05963,84.4935,85.09926
2022-01-25 16:06:19.501260,84.31831,84.3895,86.15958
2022-01-25 16:06:20.010315,84.05963,84.132,86.15958
2022-01-25 16:06:20.509154,84.1636,84.64825,86.08135
2022-01-25 16:06:21.008427,84.73046,85.21525,86.08135
2022-01-25 16:06:21.503314,83.33805,83.8225,85.64968
2022-01-25 16:06:22.002812,84.26632,84.54425,85.64968
2022-01-25 16:06:22.507936,83.90492,84.4415,85.29625
2022-01-25 16:06:23.006497,84.42104,84.803,85.29625
2022-01-25 16:06:23.502438,84.21434,84.54425,85.53187
2022-01-25 16:06:24.010032,83.69946,84.132,85.53187
2022-01-25 16:06:24.508192,84.05963,84.28675,85.4527
2022-01-25 16:06:25.008004,84.47302,85.0085,85.4527
2022-01-25 16:06:25.505188,83.85417,84.33875,85.72791
2022-01-25 16:06:26.003558,83.7502,84.33875,85.72791
2022-01-25 16:06:26.509944,84.26632,84.699,85.41406
2022-01-25 16:06:27.008550,84.26632,84.3895,85.41406
2022-01-25 16:06:27.505134,84.36905,84.95775,86.51301
2022-01-25 16:06:28.003264,83.69946,84.132,86.51301
2022-01-25 16:06:28.509485,84.36905,84.85375,85.49229
2022-01-25 16:06:29.007704,84.26632,84.33875,85.49229
2022-01-25 16:06:29.505138,83.64747,84.23475,85.72791
2022-01-25 16:06:30.005553,84.26632,84.64825,85.72791
2022-01-25 16:06:30.502375,84.26632,84.33875,85.84572
2022-01-25 16:06:31.011312,84.21434,84.4415,85.84572
2022-01-25 16:06:31.508455,84.42104,84.59625,85.53187
2022-01-25 16:06:32.007265,84.1636,84.803,85.53187
2022-01-25 16:06:32.502613,84.11161,84.33875,85.68833
2022-01-25 16:06:33.010365,84.00888,84.4935,85.68833
2022-01-25 16:06:33.504795,84.31831,84.54425,85.25666
2022-01-25 16:06:34.003337,84.05963,84.23475,85.25666
2022-01-25 16:06:34.510866,84.00888,84.4415,85.33489
2022-01-25 16:06:35.009777,84.21434,84.4415,85.33489
2022-01-25 16:06:35.508397,84.1636,84.751,86.04176
2022-01-25 16:06:36.008652,84.36905,84.64825,86.04176
2022-01-25 16:06:36.507924,83.90492,84.4935,86.3952
2022-01-25 16:06:37.007248,84.1636,84.4415,86.3952
2022-01-25 16:06:37.503953,84.47302,84.85375,85.64968
2022-01-25 16:06:38.003563,83.9569,84.28675,85.64968
2022-01-25 16:06:38.508851,84.36905,84.54425,85.37447
2022-01-25 16:06:39.002295,83.85417,84.4935,85.37447
2022-01-25 16:06:39.508523,84.31831,84.751,85.96354
2022-01-25 16:06:40.006860,83.85417,84.23475,85.96354
2022-01-25 16:06:40.501831,83.85417,84.02925,85.64968
2022-01-25 16:06:41.001517,84.05963,84.28675,85.64968
2022-01-25 16:06:41.509022,84.1636,84.54425,190.34541
2022-01-25 16:06:42.007639,84.36905,84.23475,190.34541
2022-01-25 16:06:42.502406,83.54475,83.97725,235.97843
2022-01-25 16:06:43.004214,84.57575,84.90575,235.97843
2022-01-25 16:06:43.502055,83.7502,84.23475,190.30583
2022-01-25 16:06:44.010931,84.67848,84.95775,190.30583
2022-01-25 16:06:44.506957,83.02862,83.30625,127.82656
2022-01-25 16:06:45.005900,84.21434,84.3895,127.82656
2022-01-25 16:06:45.501628,85.1946,85.0085,91.18687
2022-01-25 16:06:46.010280,83.33805,83.8225,91.18687
2022-01-25 16:06:46.505021,84.57575,84.751,94.99551
2022-01-25 16:06:47.003095,83.7502,84.08,94.99551
2022-01-25 16:06:47.510946,84.52377,84.751,91.02947
2022-01-25 16:06:48.008980,84.00888,84.751,91.02947
2022-01-25 16:06:48.505551,84.1636,84.59625,86.78822
2022-01-25 16:06:49.004461,84.52377,84.3895,86.78822
2022-01-25 16:06:49.509271,84.05963,84.54425,85.68833
2022-01-25 16:06:50.008800,84.36905,84.64825,85.68833
2022-01-25 16:06:50.504211,83.90492,84.4415,86.04176
2022-01-25 16:06:51.004465,84.21434,84.3895,86.04176
2022-01-25 16:06:51.510278,83.64747,84.23475,85.88531
2022-01-25 16:06:52.009908,84.78245,85.26725,85.88531
2022-01-25 16:06:52.506322,83.90492,84.184,85.92395
2022-01-25 16:06:53.005237,84.57575,85.0605,85.92395
2022-01-25 16:06:53.505728,84.26632,84.4415,87.18125
2022-01-25 16:06:54.005677,84.42104,85.0605,87.18125
2022-01-25 16:06:54.511126,83.80219,84.184,85.6101
2022-01-25 16:06:55.010838,84.05963,84.59625,85.6101
2022-01-25 16:06:55.507418,84.26632,84.59625,85.6101
2022-01-25 16:06:56.006786,83.90492,84.3895,85.6101
2022-01-25 16:06:56.504043,84.57575,85.1125,86.15958
2022-01-25 16:06:57.002414,84.05963,84.28675,86.15958
2022-01-25 16:06:57.502340,84.47302,84.90575,85.02104
2022-01-25 16:06:58.002666,84.57575,84.803,85.02104
2022-01-25 16:06:58.509390,83.69946,84.23475,85.72791
2022-01-25 16:06:59.008757,84.26632,84.59625,85.72791
2022-01-25 16:06:59.505093,83.64747,84.23475,85.49229
2022-01-25 16:07:00.004141,84.67848,84.95775,85.49229
2022-01-25 16:07:00.502656,84.26632,84.4415,85.72791
2022-01-25 16:07:01.505270,84.31831,84.54425,85.80614
2022-01-25 16:07:02.003923,84.05963,84.3895,85.80614
2022-01-25 16:07:02.510179,84.57575,84.85375,85.4527
2022-01-25 16:07:03.008858,83.49276,84.02925,85.4527
2022-01-25 16:07:03.504900,84.21434,84.803,85.13885
2022-01-25 16:07:04.003408,84.31831,84.699,85.13885
2022-01-25 16:07:04.508790,84.21434,84.59625,85.92395
2022-01-25 16:07:05.010831,83.80219,84.23475,85.92395
2022-01-25 16:07:05.508542,84.05963,84.4935,85.49229
2022-01-25 16:07:06.007438,84.57575,84.803,85.49229
2022-01-25 16:07:06.504880,83.59549,84.132,85.64968
2022-01-25 16:07:07.004395,84.52377,84.95775,85.64968
2022-01-25 16:07:07.510936,83.9569,84.3895,85.68833
2022-01-25 16:07:08.009012,84.05963,84.64825,85.68833
2022-01-25 16:07:08.504624,84.62773,84.95775,85.7675
2022-01-25 16:07:09.003004,83.7502,84.23475,85.7675
2022-01-25 16:07:09.510298,84.62773,85.0085,85.6101
2022-01-25 16:07:10.008019,83.33805,83.92525,85.6101
2022-01-25 16:07:10.501361,84.47302,85.0085,85.64968
2022-01-25 16:07:11.006275,83.69946,84.184,85.64968
2022-01-25 16:07:11.502461,84.26632,84.803,85.06062
2022-01-25 16:07:12.010637,84.11161,84.23475,85.06062
2022-01-25 16:07:12.506705,84.26632,84.803,86.00312
2022-01-25 16:07:13.009331,84.1636,84.4935,86.00312
2022-01-25 16:07:13.504474,84.21434,84.59625,86.51301
2022-01-25 16:07:14.002141,84.26632,84.699,86.51301
2022-01-25 16:07:14.509227,83.85417,84.28675,85.21708
2022-01-25 16:07:15.007246,84.57575,84.803,85.21708
2022-01-25 16:07:15.503722,84.00888,83.8745,85.84572
2022-01-25 16:07:16.002068,84.21434,84.751,85.84572
2022-01-25 16:07:16.506680,84.31831,84.751,85.72791
2022-01-25 16:07:17.004231,83.80219,84.23475,85.72791
2022-01-25 16:07:17.510981,84.26632,84.699,85.64968
2022-01-25 16:07:18.010783,83.80219,84.23475,85.64968
2022-01-25 16:07:18.507789,84.78245,85.1125,85.4527
2022-01-25 16:07:19.007733,83.64747,83.8225,85.4527
2022-01-25 16:07:19.507033,84.42104,84.64825,85.6101
2022-01-25 16:07:20.006318,83.90492,84.08,85.6101
2022-01-25 16:07:20.502710,84.52377,85.1125,86.82781
2022-01-25 16:07:21.010786,83.90492,84.28675,86.82781
2022-01-25 16:07:21.508053,83.64747,84.23475,85.84572
2022-01-25 16:07:22.005404,84.67848,84.95775,85.84572
2022-01-25 16:07:22.511216,84.11161,84.184,85.80614
2022-01-25 16:07:23.005960,84.52377,84.90575,85.80614
2022-01-25 16:07:23.503201,83.90492,84.23475,85.72791
2022-01-25 16:07:24.005329,84.1636,84.4935,85.72791
2022-01-25 16:07:24.503782,84.26632,84.59625,85.6101
2022-01-25 16:07:25.002018,83.7502,84.3895,85.6101
2022-01-25 16:07:25.508076,83.80219,84.3895,85.49229
2022-01-25 16:07:26.005555,84.57575,84.4935,85.49229
2022-01-25 16:07:26.511198,84.21434,84.59625,85.33489
2022-01-25 16:07:27.009408,84.31831,84.699,85.33489
2022-01-25 16:07:27.506321,84.05963,84.33875,85.68833
2022-01-25 16:07:28.005721,83.9569,84.3895,85.68833
2022-01-25 16:07:28.503439,84.11161,84.59625,85.53187
2022-01-25 16:07:29.002342,84.47302,84.85375,85.53187
2022-01-25 16:07:29.508580,83.7502,84.132,85.84572
2022-01-25 16:07:30.007356,84.11161,84.3895,85.84572
2022-01-25 16:07:30.502405,84.26632,84.23475,85.88531
2022-01-25 16:07:31.005975,84.1636,84.54425,85.88531
2022-01-25 16:07:32.005018,83.7502,84.28675,84.825
2022-01-25 16:07:32.501811,83.90492,84.3895,85.88531
2022-01-25 16:07:33.010030,84.42104,84.85375,85.88531
2022-01-25 16:07:33.506153,84.31831,84.4935,85.41406
2022-01-25 16:07:34.003341,84.62773,84.699,85.41406
2022-01-25 16:07:34.508546,83.7502,84.28675,85.88531
2022-01-25 16:07:35.009973,84.21434,84.4935,85.88531
2022-01-25 16:07:35.505712,84.11161,84.3895,86.00312
2022-01-25 16:07:36.006232,84.31831,84.95775,86.00312
2022-01-25 16:07:36.502140,83.64747,84.3895,85.72791
2022-01-25 16:07:37.001722,84.47302,84.803,85.72791
2022-01-25 16:07:37.508603,84.11161,84.23475,85.13885
2022-01-25 16:07:38.007267,84.36905,84.59625,85.13885
2022-01-25 16:07:38.502738,84.26632,84.64825,86.27739
2022-01-25 16:07:39.003979,83.90492,84.3895,86.27739
2022-01-25 16:07:39.510355,84.36905,84.699,85.37447
2022-01-25 16:07:40.009415,83.49276,84.08,85.37447
2022-01-25 16:07:40.504132,84.47302,84.85375,85.53187
2022-01-25 16:07:41.002492,84.36905,84.54425,85.53187
2022-01-25 16:07:41.509888,84.11161,84.4935,86.00312
2022-01-25 16:07:42.007402,83.90492,84.23475,86.00312
2022-01-25 16:07:42.503733,84.36905,84.64825,85.7675
2022-01-25 16:07:43.002480,84.42104,85.0085,85.7675
2022-01-25 16:07:43.502207,83.85417,84.4415,85.64968
2022-01-25 16:07:44.003698,84.11161,84.33875,85.64968
2022-01-25 16:07:44.501909,84.26632,84.3895,85.21708
2022-01-25 16:07:45.001308,84.36905,84.90575,85.21708
2022-01-25 16:07:45.508196,84.1636,84.54425,85.4527
2022-01-25 16:07:46.008538,83.90492,84.3895,85.4527
2022-01-25 16:07:46.503417,84.36905,84.59625,85.88531
2022-01-25 16:07:47.001245,84.05963,84.90575,85.88531
2022-01-25 16:07:47.508879,84.47302,84.85375,85.68833
2022-01-25 16:07:48.006509,83.7502,83.97725,85.68833
2022-01-25 16:07:48.510936,84.42104,84.64825,86.12093
2022-01-25 16:07:49.009998,84.31831,84.54425,86.12093
2022-01-25 16:07:49.505184,84.1636,84.64825,86.19916
2022-01-25 16:07:50.003975,83.90492,84.33875,86.19916
2022-01-25 16:07:50.502123,83.90492,84.33875,85.4527
2022-01-25 16:07:51.011000,84.26632,84.64825,85.4527
2022-01-25 16:07:51.510833,84.21434,84.699,85.25666
2022-01-25 16:07:52.008869,84.11161,84.3895,85.25666
2022-01-25 16:07:52.502998,84.52377,84.85375,85.84572
2022-01-25 16:07:53.007118,83.64747,83.92525,85.84572
2022-01-25 16:07:53.502436,84.67848,84.90575,85.29625
2022-01-25 16:07:54.001275,83.59549,84.23475,85.29625
2022-01-25 16:07:54.507555,84.1636,84.59625,85.88531
2022-01-25 16:07:55.009001,83.59549,84.132,85.88531
2022-01-25 16:07:55.506459,84.57575,84.751,85.68833
2022-01-25 16:07:56.004428,84.62773,84.803,85.68833
2022-01-25 16:07:56.501469,83.59549,83.92525,85.25666
2022-01-25 16:07:57.002591,84.26632,84.59625,85.25666
2022-01-25 16:07:57.508731,83.90492,84.184,86.51301
2022-01-25 16:07:58.007207,84.62773,85.1125,86.51301
2022-01-25 16:07:58.509007,83.59549,84.132,85.88531
2022-01-25 16:07:59.007695,84.11161,84.3895,85.88531
2022-01-25 16:07:59.508593,84.62773,84.85375,85.06062
2022-01-25 16:08:00.007277,84.21434,84.28675,85.06062
2022-01-25 16:08:00.503562,84.05963,84.54425,85.49229
2022-01-25 16:08:01.002072,83.7502,84.23475,85.49229
2022-01-25 16:08:01.506739,84.57575,85.16325,85.88531
2022-01-25 16:08:02.005495,83.49276,83.92525,85.88531
2022-01-25 16:08:02.510585,84.52377,84.90575,85.21708
2022-01-25 16:08:03.008506,83.9569,84.132,85.21708
2022-01-25 16:08:03.503725,84.57575,84.751,85.72791
2022-01-25 16:08:04.001995,84.57575,84.699,85.72791
2022-01-25 16:08:04.510654,83.54475,83.97725,85.41406
2022-01-25 16:08:05.001844,84.36905,84.90575,85.41406
2022-01-25 16:08:05.508837,83.64747,84.132,85.80614
2022-01-25 16:08:06.006647,84.36905,84.751,85.80614
2022-01-25 16:08:06.502794,83.59549,83.8745,86.19916
2022-01-25 16:08:07.001939,84.52377,84.85375,86.19916
2022-01-25 16:08:07.508607,84.36905,84.64825,85.6101
2022-01-25 16:08:08.006677,84.1636,84.699,85.6101
2022-01-25 16:08:08.502957,84.00888,84.4415,85.84572
2022-01-25 16:08:09.003921,83.90492,84.3895,85.84572
2022-01-25 16:08:09.502286,84.47302,84.59625,85.72791
2022-01-25 16:08:10.010257,83.64747,84.3895,85.72791
2022-01-25 16:08:10.506261,84.42104,84.59625,85.6101
2022-01-25 16:08:11.009652,84.42104,84.4935,85.6101
2022-01-25 16:08:11.507909,84.21434,84.699,85.13885
2022-01-25 16:08:12.005728,84.36905,84.95775,85.13885
2022-01-25 16:08:12.502212,84.00888,84.4415,85.7675
2022-01-25 16:08:13.011263,84.36905,84.803,85.7675
2022-01-25 16:08:13.509148,83.85417,84.3895,86.27739
2022-01-25 16:08:14.007744,84.26632,84.4935,86.27739
2022-01-25 16:08:14.503688,84.05963,84.4415,85.33489
2022-01-25 16:08:15.002031,84.26632,84.33875,85.33489
2022-01-25 16:08:15.510625,84.11161,84.59625,85.84572
2022-01-25 16:08:16.008749,83.90492,84.4415,85.84572
2022-01-25 16:08:16.504550,84.47302,84.90575,85.84572
2022-01-25 16:08:17.002684,83.59549,84.23475,85.84572
2022-01-25 16:08:17.507849,84.52377,84.751,86.12093
2022-01-25 16:08:18.006548,84.52377,84.751,86.12093
2022-01-25 16:08:18.502126,83.90492,84.33875,85.7675
2022-01-25 16:08:19.010458,84.05963,84.54425,85.7675
2022-01-25 16:08:19.505275,84.00888,84.33875,85.17843
2022-01-25 16:08:20.007595,84.67848,84.90575,85.17843
2022-01-25 16:08:20.503392,83.80219,84.4935,85.92395
2022-01-25 16:08:21.003602,83.80219,84.23475,85.92395
2022-01-25 16:08:21.502195,84.42104,84.4415,85.92395
2022-01-25 16:08:22.001281,84.31831,84.699,85.92395
2022-01-25 16:08:22.510532,84.42104,85.0085,85.80614
2022-01-25 16:08:23.008473,83.54475,83.8745,85.80614
2022-01-25 16:08:23.503409,84.21434,84.64825,85.4527
2022-01-25 16:08:24.002108,83.80219,84.184,85.4527
2022-01-25 16:08:24.508474,84.62773,84.64825,85.06062
2022-01-25 16:08:25.006713,83.59549,83.97725,85.06062
2022-01-25 16:08:25.501387,84.31831,84.33875,85.41406
2022-01-25 16:08:26.010285,84.36905,84.751,85.41406
2022-01-25 16:08:26.507257,83.90492,84.59625,85.64968
2022-01-25 16:08:27.005899,84.31831,84.59625,85.64968
2022-01-25 16:08:27.504908,83.64747,84.02925,85.68833
2022-01-25 16:08:28.003942,84.52377,84.751,85.68833
2022-01-25 16:08:28.501023,83.64747,83.97725,86.15958
2022-01-25 16:08:29.001349,84.67848,84.699,86.15958
2022-01-25 16:08:29.507279,83.90492,84.23475,85.72791
2022-01-25 16:08:30.005032,84.05963,84.54425,85.72791
2022-01-25 16:08:30.504114,84.31831,84.699,85.37447
2022-01-25 16:08:31.004212,83.59549,83.97725,85.37447
2022-01-25 16:08:31.501970,84.73046,85.0085,85.68833
2022-01-25 16:08:32.001922,83.54475,84.132,85.68833
2022-01-25 16:08:32.507787,84.52377,84.64825,85.57051
2022-01-25 16:08:33.008249,84.36905,84.751,85.57051
2022-01-25 16:08:33.502650,84.05963,84.59625,85.7675
2022-01-25 16:08:34.001173,84.00888,84.28675,85.7675
2022-01-25 16:08:34.504174,84.11161,84.54425,85.41406
2022-01-25 16:08:35.005493,84.36905,84.54425,85.41406
2022-01-25 16:08:35.510940,83.7502,84.4415,85.64968
2022-01-25 16:08:36.009185,84.26632,84.4935,85.64968
2022-01-25 16:08:36.506496,84.1636,84.4415,85.88531
2022-01-25 16:08:37.005331,84.52377,84.803,85.88531
2022-01-25 16:08:37.502049,84.11161,84.64825,86.08135
2022-01-25 16:08:38.009615,84.26632,84.64825,86.08135
2022-01-25 16:08:38.509674,83.9569,84.33875,85.33489
2022-01-25 16:08:39.007409,84.11161,84.699,85.33489
2022-01-25 16:08:39.504009,83.90492,84.02925,85.64968
2022-01-25 16:08:40.003011,84.52377,84.751,85.64968
2022-01-25 16:08:40.510238,84.31831,84.699,85.7675
2022-01-25 16:08:41.001051,84.21434,84.4935,85.7675
2022-01-25 16:08:41.508907,84.00888,84.4415,85.53187
2022-01-25 16:08:42.008125,84.11161,84.4415,85.53187
2022-01-25 16:08:42.506435,84.11161,84.95775,85.84572
2022-01-25 16:08:43.010464,84.1636,84.59625,85.84572
2022-01-25 16:08:43.510257,83.49276,83.92525,85.72791
2022-01-25 16:08:44.002827,84.47302,84.59625,85.72791
2022-01-25 16:08:44.509365,84.57575,84.90575,86.67041
2022-01-25 16:08:45.007947,83.9569,84.23475,86.67041
2022-01-25 16:08:45.504087,84.00888,84.28675,85.88531
2022-01-25 16:08:46.003054,83.80219,84.3895,85.88531
2022-01-25 16:08:46.508980,84.42104,84.59625,85.92395
2022-01-25 16:08:47.007043,84.1636,84.90575,85.92395
2022-01-25 16:08:47.502137,84.00888,84.184,85.49229
2022-01-25 16:08:48.010954,84.73046,84.85375,85.49229
2022-01-25 16:08:48.506838,83.9569,84.23475,85.37447
2022-01-25 16:08:49.004584,84.52377,84.85375,85.37447
2022-01-25 16:08:49.501951,83.90492,84.23475,85.6101
2022-01-25 16:08:50.011016,83.9569,84.08,85.6101
2022-01-25 16:08:50.504950,83.49276,84.132,85.13885
2022-01-25 16:08:51.004722,84.67848,84.90575,85.13885
2022-01-25 16:08:51.510227,84.1636,84.4415,85.6101
2022-01-25 16:08:52.007967,84.05963,84.59625,85.6101
2022-01-25 16:08:52.505136,84.1636,84.4415,85.4527
2022-01-25 16:08:53.003363,84.00888,84.33875,85.4527
2022-01-25 16:08:53.502211,84.9879,85.1125,85.7675
2022-01-25 16:08:54.001223,83.28607,83.97725,85.7675
2022-01-25 16:08:54.506738,84.26632,84.4935,86.00312
2022-01-25 16:08:55.007017,84.1636,84.54425,86.00312
2022-01-25 16:08:55.503165,84.52377,84.751,86.15958
2022-01-25 16:08:56.003875,84.00888,84.4935,86.15958
2022-01-25 16:08:56.509674,83.85417,84.4935,86.15958
2022-01-25 16:08:57.009064,84.1636,84.33875,86.15958
2022-01-25 16:08:57.506336,84.11161,84.59625,86.3952
2022-01-25 16:08:58.006390,84.21434,84.4415,86.3952
2022-01-25 16:08:58.504023,84.05963,84.4935,85.21708
2022-01-25 16:08:59.003351,84.11161,84.33875,85.21708
2022-01-25 16:08:59.506675,84.36905,84.59625,85.57051
2022-01-25 16:09:00.004231,84.05963,84.4935,85.57051
2022-01-25 16:09:00.508943,84.1636,84.4415,85.25666
2022-01-25 16:09:01.007865,84.26632,84.751,85.25666
2022-01-25 16:09:01.503065,84.11161,84.4415,85.41406
2022-01-25 16:09:02.001667,83.90492,84.4415,85.41406
2022-01-25 16:09:02.508369,84.42104,84.64825,86.43479
2022-01-25 16:09:03.006933,83.90492,84.08,86.43479
2022-01-25 16:09:03.502760,83.85417,84.184,85.88531
2022-01-25 16:09:04.002288,83.54475,83.61575,85.88531
2022-01-25 16:09:04.507737,84.67848,85.0605,233.93604
2022-01-25 16:09:05.007747,84.00888,84.132,233.93604
2022-01-25 16:09:05.504594,83.9569,84.59625,218.26697
2022-01-25 16:09:06.003377,84.26632,84.3895,218.26697
2022-01-25 16:09:06.501378,83.7502,83.7705,154.76604
2022-01-25 16:09:07.009676,84.83319,85.16325,154.76604
2022-01-25 16:09:07.508861,83.59549,84.02925,101.82864
2022-01-25 16:09:08.009749,83.90492,84.23475,101.82864
2022-01-25 16:09:08.505198,84.05963,84.23475,92.56104
2022-01-25 16:09:09.004094,83.90492,84.64825,92.56104
2022-01-25 16:09:09.510067,84.57575,84.751,88.94843
2022-01-25 16:09:10.009400,84.11161,84.3895,88.94843
2022-01-25 16:09:10.505495,84.11161,84.184,86.90604
2022-01-25 16:09:11.009254,84.52377,84.803,86.90604
2022-01-25 16:09:11.506675,83.90492,84.751,86.82781
2022-01-25 16:09:12.004051,84.11161,84.59625,86.82781
2022-01-25 16:09:12.506370,84.05963,84.85375,85.80614
2022-01-25 16:09:13.005258,84.26632,84.54425,85.80614
2022-01-25 16:09:13.501342,84.62773,84.90575,86.43479
2022-01-25 16:09:14.003711,84.11161,84.4935,86.43479
2022-01-25 16:09:14.510023,84.00888,84.33875,86.43479
2022-01-25 16:09:15.008200,84.1636,84.54425,86.43479
2022-01-25 16:09:15.504533,84.47302,84.751,86.04176
2022-01-25 16:09:16.003154,83.80219,84.59625,86.04176
2022-01-25 16:09:16.509698,84.1636,84.85375,85.92395
2022-01-25 16:09:17.007415,84.31831,84.64825,85.92395
2022-01-25 16:09:17.502645,84.52377,84.699,85.41406
2022-01-25 16:09:18.001489,84.67848,84.85375,85.41406
2022-01-25 16:09:18.507431,83.7502,84.184,86.35656
2022-01-25 16:09:19.005445,84.31831,84.59625,86.35656
2022-01-25 16:09:19.510747,83.85417,84.54425,85.88531
2022-01-25 16:09:20.008871,84.21434,84.699,85.88531
2022-01-25 16:09:20.505789,83.64747,84.23475,85.41406
2022-01-25 16:09:21.006052,84.26632,84.59625,85.41406
2022-01-25 16:09:21.502154,84.11161,84.33875,85.33489
2022-01-25 16:09:22.009522,84.31831,84.90575,85.33489
2022-01-25 16:09:22.505116,84.57575,84.64825,86.27739
2022-01-25 16:09:23.002876,83.54475,84.184,86.27739
2022-01-25 16:09:23.509105,84.31831,84.803,85.57051
2022-01-25 16:09:24.008103,83.9569,84.699,85.57051
2022-01-25 16:09:24.504578,84.26632,84.3895,85.57051
2022-01-25 16:09:25.004982,84.36905,84.4415,85.57051
2022-01-25 16:09:25.501332,83.85417,84.3895,86.00312
2022-01-25 16:09:26.009235,84.52377,84.699,86.00312
2022-01-25 16:09:26.507034,84.11161,84.699,85.80614
2022-01-25 16:09:27.007215,83.80219,84.184,85.80614
2022-01-25 16:09:27.502942,84.00888,84.90575,86.08135
2022-01-25 16:09:28.001559,84.21434,84.4935,86.08135
2022-01-25 16:09:28.507891,84.36905,84.4935,85.37447
2022-01-25 16:09:29.009616,84.42104,84.751,85.37447
2022-01-25 16:09:29.504879,83.90492,84.23475,86.04176
2022-01-25 16:09:30.002859,84.31831,84.751,86.04176
2022-01-25 16:09:30.507048,84.42104,84.59625,86.04176
2022-01-25 16:09:31.005311,83.64747,84.3895,86.04176
2022-01-25 16:09:31.510208,84.11161,84.33875,85.09926
2022-01-25 16:09:32.007617,84.42104,84.751,85.09926
2022-01-25 16:09:32.506255,84.1636,84.4415,85.57051
2022-01-25 16:09:33.003790,84.36905,84.699,85.57051
2022-01-25 16:09:33.501560,83.85417,84.28675,85.4527
2022-01-25 16:09:34.008576,84.11161,84.4415,85.4527
2022-01-25 16:09:34.504114,84.31831,85.0605,85.96354
2022-01-25 16:09:35.003026,84.05963,84.3895,85.96354
2022-01-25 16:09:35.508677,84.52377,84.751,86.23875
2022-01-25 16:09:36.007503,83.90492,84.4415,86.23875
2022-01-25 16:09:36.503275,84.21434,84.3895,85.84572
2022-01-25 16:09:37.504586,84.47302,84.59625,85.72791
2022-01-25 16:09:38.003138,83.80219,84.54425,85.72791
2022-01-25 16:09:38.504797,84.52377,84.85375,85.92395
2022-01-25 16:09:39.002764,83.7502,84.132,85.92395
2022-01-25 16:09:39.508875,84.42104,84.699,85.72791
2022-01-25 16:09:40.008319,84.67848,84.699,85.72791
2022-01-25 16:09:40.505150,83.59549,84.23475,85.41406
2022-01-25 16:09:41.003468,84.31831,84.54425,85.41406
2022-01-25 16:09:41.509703,83.80219,84.4415,85.41406
2022-01-25 16:09:42.008817,84.47302,84.85375,85.41406
2022-01-25 16:09:42.504968,84.00888,84.64825,85.88531
2022-01-25 16:09:43.005755,84.1636,84.33875,85.88531
2022-01-25 16:09:43.502282,84.1636,84.28675,85.96354
2022-01-25 16:09:44.010473,84.11161,84.59625,85.96354
2022-01-25 16:09:44.507083,84.47302,84.699,86.08135
2022-01-25 16:09:45.005715,83.54475,84.184,86.08135
2022-01-25 16:09:45.510822,84.31831,84.4935,85.84572
2022-01-25 16:09:46.009102,83.64747,84.23475,85.84572
2022-01-25 16:09:46.505265,84.9879,85.0085,85.88531
2022-01-25 16:09:47.002813,84.21434,84.23475,85.88531
2022-01-25 16:09:47.507358,83.90492,84.33875,86.31697
2022-01-25 16:09:48.008533,84.05963,84.3895,86.31697
2022-01-25 16:09:48.510336,84.1636,84.803,85.4527
2022-01-25 16:09:49.009914,84.36905,84.64825,85.4527
2022-01-25 16:09:49.505757,83.54475,84.23475,86.27739
2022-01-25 16:09:50.004359,84.26632,84.4935,86.27739
2022-01-25 16:09:50.509811,84.47302,84.64825,85.57051
2022-01-25 16:09:51.008425,84.52377,84.64825,85.57051
2022-01-25 16:09:51.504211,83.80219,84.02925,85.49229
2022-01-25 16:09:52.002528,84.00888,84.699,85.49229
2022-01-25 16:09:52.510266,83.9569,84.28675,85.41406
2022-01-25 16:09:53.006975,84.1636,84.699,85.41406
2022-01-25 16:09:53.502819,84.36905,84.59625,85.49229
2022-01-25 16:09:54.002748,83.69946,83.92525,85.49229
2022-01-25 16:09:54.507758,84.57575,84.85375,86.12093
2022-01-25 16:09:55.009099,84.36905,84.54425,86.12093
2022-01-25 16:09:55.504287,84.1636,84.751,86.04176
2022-01-25 16:09:56.001751,83.9569,84.23475,86.04176
2022-01-25 16:09:56.509523,84.00888,84.59625,85.33489
2022-01-25 16:09:57.008831,84.05963,84.4415,85.33489
2022-01-25 16:09:57.505198,84.21434,84.699,86.19916
2022-01-25 16:09:58.004110,84.05963,84.4415,86.19916
2022-01-25 16:09:58.509481,84.1636,84.08,86.04176
2022-01-25 16:09:59.009415,84.31831,84.803,86.04176
2022-01-25 16:09:59.505692,84.26632,84.4415,85.37447
2022-01-25 16:10:00.003114,84.21434,84.699,85.37447
2022-01-25 16:10:00.504769,84.11161,84.28675,85.53187
2022-01-25 16:10:01.004072,83.54475,84.184,85.53187
2022-01-25 16:10:01.510216,84.47302,84.699,86.04176
2022-01-25 16:10:02.008075,84.36905,84.33875,86.04176
2022-01-25 16:10:02.502861,84.00888,84.751,85.53187
2022-01-25 16:10:03.011071,84.57575,85.0085,85.53187
2022-01-25 16:10:03.506419,83.59549,84.08,85.96354
2022-01-25 16:10:04.007177,84.62773,84.90575,85.96354
2022-01-25 16:10:04.503534,84.05963,84.699,85.4527
2022-01-25 16:10:05.006931,84.11161,84.4935,85.4527
2022-01-25 16:10:05.505038,84.21434,84.23475,86.43479
2022-01-25 16:10:06.003269,84.05963,84.4935,86.43479
2022-01-25 16:10:06.509544,84.42104,84.85375,85.68833
2022-01-25 16:10:07.006313,83.85417,84.59625,85.68833
2022-01-25 16:10:07.502335,84.05963,84.28675,85.7675
2022-01-25 16:10:08.009515,83.69946,84.23475,85.7675
2022-01-25 16:10:08.505341,84.78245,85.1125,85.41406
2022-01-25 16:10:09.002693,84.00888,84.132,85.41406
2022-01-25 16:10:09.502234,84.11161,84.4935,86.23875
2022-01-25 16:10:10.010781,83.9569,84.132,86.23875
2022-01-25 16:10:10.507215,84.21434,84.803,85.68833
2022-01-25 16:10:11.009390,84.83319,85.0085,85.68833
2022-01-25 16:10:11.505721,83.49276,84.23475,85.68833
2022-01-25 16:10:12.008061,84.36905,84.699,85.68833
2022-01-25 16:10:12.504976,83.9569,84.02925,85.57051
2022-01-25 16:10:13.004680,84.47302,85.0085,85.57051
2022-01-25 16:10:13.502368,84.21434,84.184,85.49229
2022-01-25 16:10:14.001181,84.1636,84.85375,85.49229
2022-01-25 16:10:14.507451,83.7502,84.02925,85.57051
2022-01-25 16:10:15.006806,84.21434,84.803,85.57051
2022-01-25 16:10:15.501369,84.47302,84.699,86.27739
2022-01-25 16:10:16.009895,83.9569,84.33875,86.27739
2022-01-25 16:10:16.504462,84.47302,84.699,85.33489
2022-01-25 16:10:17.002713,83.85417,84.02925,85.33489
2022-01-25 16:10:17.509395,84.21434,84.95775,85.72791
2022-01-25 16:10:18.006762,84.1636,84.4935,85.72791
2022-01-25 16:10:18.507083,83.9569,84.4415,85.57051
2022-01-25 16:10:19.005559,83.9569,84.23475,85.57051
2022-01-25 16:10:19.501538,84.36905,84.64825,85.17843
2022-01-25 16:10:20.009179,84.47302,84.64825,85.17843
2022-01-25 16:10:20.504691,84.11161,84.23475,85.6101
2022-01-25 16:10:21.006173,84.42104,85.1125,85.6101
2022-01-25 16:10:21.503657,83.90492,84.184,85.33489
2022-01-25 16:10:22.002443,84.26632,84.699,85.33489
2022-01-25 16:10:22.507333,83.7502,84.23475,85.57051
2022-01-25 16:10:23.008640,83.85417,84.3895,85.57051
2022-01-25 16:10:23.503291,84.42104,84.59625,85.96354
2022-01-25 16:10:24.011398,84.26632,84.33875,85.96354
2022-01-25 16:10:24.508475,84.31831,84.59625,85.13885
2022-01-25 16:10:25.006184,83.90492,84.23475,85.13885
2022-01-25 16:10:25.503754,84.11161,84.54425,85.92395
2022-01-25 16:10:26.002803,84.47302,84.4935,85.92395
2022-01-25 16:10:26.510971,83.90492,84.4415,86.47437
2022-01-25 16:10:27.009898,84.21434,84.4935,86.47437
2022-01-25 16:10:27.508580,84.36905,84.54425,85.17843
2022-01-25 16:10:28.008197,83.7502,84.184,85.17843
2022-01-25 16:10:28.504755,84.67848,84.90575,85.21708
2022-01-25 16:10:29.003267,84.11161,84.54425,85.21708
2022-01-25 16:10:29.511173,84.05963,84.4415,85.92395
2022-01-25 16:10:30.010708,83.80219,84.3895,85.92395
2022-01-25 16:10:30.506660,84.26632,84.59625,86.04176
2022-01-25 16:10:31.003474,84.52377,84.85375,86.04176
2022-01-25 16:10:31.508958,84.05963,84.59625,86.00312
2022-01-25 16:10:32.007833,84.11161,84.3895,86.00312
2022-01-25 16:10:32.501647,84.05963,84.4415,85.7675
2022-01-25 16:10:33.010591,84.42104,84.751,85.7675
2022-01-25 16:10:33.505700,83.7502,84.28675,86.31697
2022-01-25 16:10:34.004209,84.42104,84.85375,86.31697
2022-01-25 16:10:34.510873,83.90492,84.132,86.35656
2022-01-25 16:10:35.009262,84.47302,84.90575,86.35656
2022-01-25 16:10:35.505101,84.73046,84.803,85.92395
2022-01-25 16:10:36.003301,83.7502,84.33875,85.92395
2022-01-25 16:10:36.510643,84.21434,84.3895,85.88531
2022-01-25 16:10:37.002749,83.7502,84.184,85.88531
2022-01-25 16:10:37.508511,84.05963,84.59625,86.23875
2022-01-25 16:10:38.006518,84.11161,84.59625,86.23875
2022-01-25 16:10:38.502637,84.1636,84.54425,85.6101
2022-01-25 16:10:39.001392,84.1636,84.33875,85.6101
2022-01-25 16:10:39.507057,84.26632,84.751,85.6101
2022-01-25 16:10:40.004531,84.21434,84.3895,85.6101
2022-01-25 16:10:40.509865,84.1636,84.59625,86.00312
2022-01-25 16:10:41.007860,83.90492,84.28675,86.00312
2022-01-25 16:10:41.504337,84.00888,84.751,85.29625
2022-01-25 16:10:42.003008,84.21434,84.699,85.29625
2022-01-25 16:10:42.509102,84.1636,84.132,86.27739
2022-01-25 16:10:43.008842,84.26632,84.803,86.27739
2022-01-25 16:10:43.506686,84.00888,84.33875,85.4527
2022-01-25 16:10:44.005089,84.47302,84.751,85.4527
2022-01-25 16:10:44.501060,84.00888,84.4415,85.84572
2022-01-25 16:10:45.010191,83.85417,84.3895,85.84572
2022-01-25 16:10:45.507166,84.21434,84.64825,85.72791
2022-01-25 16:10:46.007318,84.57575,84.85375,85.72791
2022-01-25 16:10:46.505042,84.31831,84.54425,86.00312
2022-01-25 16:10:47.004605,83.9569,84.08,86.00312
2022-01-25 16:10:47.510698,84.00888,84.33875,85.84572
2022-01-25 16:10:48.009144,84.26632,84.64825,85.84572
2022-01-25 16:10:48.505973,83.80219,84.23475,86.08135
2022-01-25 16:10:49.007842,84.31831,84.751,86.08135
2022-01-25 16:10:49.505238,84.05963,84.28675,85.7675
2022-01-25 16:10:50.003903,84.05963,84.4935,85.7675
2022-01-25 16:10:50.509065,84.93716,85.0085,85.49229
2022-01-25 16:10:51.008194,83.69946,84.184,85.49229
2022-01-25 16:10:51.503853,84.52377,84.90575,85.64968
2022-01-25 16:10:52.002827,83.85417,84.23475,85.64968
2022-01-25 16:10:52.508580,84.21434,84.803,84.78541
2022-01-25 16:10:53.007255,84.05963,84.33875,84.78541
2022-01-25 16:10:53.503306,84.21434,84.64825,85.64968
2022-01-25 16:10:54.002705,84.31831,84.3895,85.64968
2022-01-25 16:10:54.507995,84.05963,84.54425,85.96354
2022-01-25 16:10:55.006224,84.62773,85.1125,85.96354
2022-01-25 16:10:55.502345,83.80219,84.08,86.04176
2022-01-25 16:10:56.007324,84.26632,84.59625,86.04176
2022-01-25 16:10:56.503236,83.7502,84.08,85.6101
2022-01-25 16:10:57.002939,84.52377,84.85375,85.6101
2022-01-25 16:10:57.508720,84.73046,84.54425,85.53187
2022-01-25 16:10:58.001518,83.59549,84.28675,85.53187
2022-01-25 16:10:58.508200,84.73046,85.0605,85.68833
2022-01-25 16:10:59.007131,83.54475,84.08,85.68833
2022-01-25 16:10:59.504454,84.57575,85.0605,86.00312
2022-01-25 16:11:00.002517,83.80219,84.28675,86.00312
2022-01-25 16:11:00.502328,84.26632,84.699,85.64968
2022-01-25 16:11:01.001765,83.9569,84.08,85.64968
2022-01-25 16:11:01.508209,84.31831,84.699,85.72791
2022-01-25 16:11:02.009392,84.05963,84.54425,85.72791
2022-01-25 16:11:02.507460,83.80219,84.28675,86.23875
2022-01-25 16:11:03.005916,84.31831,84.4935,86.23875
2022-01-25 16:11:03.510200,83.64747,84.184,85.49229
2022-01-25 16:11:04.009098,84.93716,85.37,85.49229
2022-01-25 16:11:04.504145,84.1636,84.4415,85.64968
2022-01-25 16:11:05.002531,84.21434,84.3895,85.64968
2022-01-25 16:11:05.509061,84.1636,84.4415,85.53187
2022-01-25 16:11:06.006323,84.26632,84.64825,85.53187
2022-01-25 16:11:06.504788,84.36905,84.751,85.49229
2022-01-25 16:11:07.011089,83.49276,83.97725,85.49229
2022-01-25 16:11:07.506818,84.1636,84.59625,85.13885
2022-01-25 16:11:08.004988,83.9569,84.08,85.13885
2022-01-25 16:11:08.501328,84.67848,85.1125,85.41406
2022-01-25 16:11:09.010775,83.90492,84.132,85.41406
2022-01-25 16:11:09.506764,84.26632,84.4935,85.64968
2022-01-25 16:11:10.004600,84.1636,84.4415,85.64968
2022-01-25 16:11:10.509593,83.9569,84.3895,85.64968
2022-01-25 16:11:11.003274,84.42104,84.95775,85.64968
2022-01-25 16:11:11.501344,83.69946,84.184,86.59218
2022-01-25 16:11:12.010992,84.42104,84.54425,86.59218
2022-01-25 16:11:12.507138,84.05963,84.28675,84.78541
2022-01-25 16:11:13.006794,84.26632,84.699,84.78541
2022-01-25 16:11:13.504409,84.26632,84.54425,86.23875
2022-01-25 16:11:14.003616,83.80219,84.23475,86.23875
2022-01-25 16:11:14.508966,84.11161,84.64825,85.06062
2022-01-25 16:11:15.009250,84.11161,84.803,85.06062
2022-01-25 16:11:15.507416,84.21434,84.59625,86.51301
2022-01-25 16:11:16.010921,84.21434,84.33875,86.51301
2022-01-25 16:11:16.509369,84.00888,84.23475,85.4527
2022-01-25 16:11:17.007297,84.52377,84.90575,85.4527
2022-01-25 16:11:17.502826,83.85417,84.184,86.27739
2022-01-25 16:11:18.006505,84.42104,84.803,86.27739
2022-01-25 16:11:18.503458,83.49276,84.08,85.41406
2022-01-25 16:11:19.002309,84.62773,84.90575,85.41406
2022-01-25 16:11:19.508043,84.47302,84.751,86.67041
2022-01-25 16:11:20.007565,84.1636,84.4935,86.67041
2022-01-25 16:11:20.502799,84.1636,84.3895,85.17843
2022-01-25 16:11:21.009560,83.9569,84.02925,85.17843
2022-01-25 16:11:21.507162,84.62773,85.1125,86.27739
2022-01-25 16:11:22.004503,83.90492,84.4935,86.27739
2022-01-25 16:11:22.510303,84.1636,84.4935,85.84572
2022-01-25 16:11:23.007950,84.00888,84.184,85.84572
2022-01-25 16:11:23.506489,84.21434,84.64825,86.08135
2022-01-25 16:11:24.004494,84.52377,84.803,86.08135
2022-01-25 16:11:24.503201,84.00888,84.23475,86.3952
2022-01-25 16:11:25.001794,84.1636,84.751,86.3952
2022-01-25 16:11:25.509363,83.49276,83.8745,86.12093
2022-01-25 16:11:26.007737,84.1636,84.3895,86.12093
2022-01-25 16:11:26.504190,84.26632,84.33875,235.34979
2022-01-25 16:11:27.003240,84.21434,84.4415,235.34979
2022-01-25 16:11:27.507591,83.69946,83.8225,225.13968
2022-01-25 16:11:28.005565,84.00888,84.33875,225.13968
2022-01-25 16:11:28.501339,84.62773,84.90575,180.44916
2022-01-25 16:11:29.002840,83.64747,84.33875,180.44916
2022-01-25 16:11:29.508617,84.47302,84.803,119.97176
2022-01-25 16:11:30.002328,83.28607,83.41025,119.97176
2022-01-25 16:11:30.508003,85.09187,85.37,91.65812
2022-01-25 16:11:31.005562,84.26632,84.28675,91.65812
2022-01-25 16:11:31.502364,83.90492,84.28675,94.48562
2022-01-25 16:11:32.002320,83.90492,84.184,94.48562
2022-01-25 16:11:32.505070,83.85417,84.23475,90.55822
2022-01-25 16:11:33.004620,84.88517,85.422,90.55822
2022-01-25 16:11:33.505723,83.64747,84.08,86.43479
2022-01-25 16:11:34.008450,84.42104,84.64825,86.43479
2022-01-25 16:11:34.505087,84.1636,84.3895,85.64968
2022-01-25 16:11:35.003232,84.21434,84.64825,85.64968
2022-01-25 16:11:35.510531,84.47302,84.95775,86.67041
2022-01-25 16:11:36.010874,83.64747,84.33875,86.67041
2022-01-25 16:11:36.507408,84.1636,84.64825,86.47437
2022-01-25 16:11:37.005927,83.7502,84.3895,86.47437
2022-01-25 16:11:37.501328,84.83319,85.0605,85.64968
2022-01-25 16:11:38.010044,84.05963,83.97725,85.64968
2022-01-25 16:11:38.506102,84.31831,84.64825,88.00593
2022-01-25 16:11:39.004977,83.90492,84.3895,88.00593
2022-01-25 16:11:39.501683,84.42104,84.95775,85.80614
2022-01-25 16:11:40.010315,84.26632,84.803,85.80614
2022-01-25 16:11:40.505486,83.59549,84.08,85.68833
2022-01-25 16:11:41.005370,84.00888,84.4415,85.68833
2022-01-25 16:11:41.501311,84.67848,85.0085,85.49229
2022-01-25 16:11:42.009761,84.11161,84.28675,85.49229
2022-01-25 16:11:42.507711,84.26632,84.59625,85.41406
2022-01-25 16:11:43.008050,83.80219,84.33875,85.41406
2022-01-25 16:11:43.506289,84.57575,85.0085,86.19916
2022-01-25 16:11:44.004194,83.69946,84.33875,86.19916
2022-01-25 16:11:44.502481,84.36905,84.699,85.25666
2022-01-25 16:11:45.003398,83.85417,84.28675,85.25666
2022-01-25 16:11:45.510042,84.42104,84.751,85.41406
2022-01-25 16:11:46.008125,84.73046,84.95775,85.41406
2022-01-25 16:11:46.503269,83.7502,84.02925,85.7675
2022-01-25 16:11:47.002216,84.52377,84.90575,85.7675
2022-01-25 16:11:47.506735,83.7502,84.28675,87.02385
2022-01-25 16:11:48.008614,84.31831,84.751,87.02385
2022-01-25 16:11:48.504454,84.05963,84.4415,85.13885
2022-01-25 16:11:49.008404,84.1636,84.4935,85.13885
2022-01-25 16:11:49.504680,84.73046,84.95775,85.72791
2022-01-25 16:11:50.002806,83.9569,84.33875,85.72791
2022-01-25 16:11:50.508094,84.52377,85.0085,85.72791
2022-01-25 16:11:51.007970,84.21434,84.59625,85.72791
2022-01-25 16:11:51.509218,84.11161,84.4415,85.68833
2022-01-25 16:11:52.007200,83.54475,84.33875,85.68833
2022-01-25 16:11:52.502990,84.21434,84.4935,85.64968
2022-01-25 16:11:53.001655,84.21434,84.28675,85.64968
2022-01-25 16:11:53.509249,84.1636,84.54425,85.6101
2022-01-25 16:11:54.001923,84.26632,84.699,85.6101
2022-01-25 16:11:54.507269,84.00888,84.4415,85.68833
2022-01-25 16:11:55.005422,84.52377,84.699,85.68833
2022-01-25 16:11:55.510262,83.59549,84.184,86.94562
2022-01-25 16:11:56.007815,84.31831,84.59625,86.94562
2022-01-25 16:11:56.502021,83.9569,84.33875,85.64968
2022-01-25 16:11:57.002996,84.52377,84.751,85.64968
2022-01-25 16:11:57.508685,84.1636,84.54425,85.6101
2022-01-25 16:11:58.005701,84.05963,84.59625,85.6101
2022-01-25 16:11:58.501767,84.11161,84.33875,85.53187
2022-01-25 16:11:59.010803,84.11161,84.64825,85.53187
2022-01-25 16:11:59.505632,84.26632,84.3895,86.00312
2022-01-25 16:12:00.002903,84.31831,84.64825,86.00312
2022-01-25 16:12:00.510446,84.11161,84.4935,85.49229
2022-01-25 16:12:01.009921,84.26632,84.699,85.49229
2022-01-25 16:12:01.507176,84.05963,84.4935,85.80614
2022-01-25 16:12:02.005894,84.47302,84.751,85.80614
2022-01-25 16:12:02.501471,83.64747,84.08,85.25666
2022-01-25 16:12:03.009490,84.26632,84.4935,85.25666
2022-01-25 16:12:03.505040,84.11161,84.3895,86.27739
2022-01-25 16:12:04.003958,84.31831,84.4935,86.27739
2022-01-25 16:12:04.509287,84.11161,84.64825,85.64968
2022-01-25 16:12:05.007445,83.80219,83.97725,85.64968
2022-01-25 16:12:05.504793,84.31831,84.751,85.37447
2022-01-25 16:12:06.002097,84.42104,84.803,85.37447
2022-01-25 16:12:06.506407,84.00888,84.33875,86.31697
2022-01-25 16:12:07.004457,84.05963,84.3895,86.31697
2022-01-25 16:12:07.510804,84.05963,84.184,85.21708
2022-01-25 16:12:08.008863,84.83319,85.0085,85.21708
2022-01-25 16:12:08.504491,83.49276,83.8745,85.41406
2022-01-25 16:12:09.004022,84.26632,84.699,85.41406
2022-01-25 16:12:09.510547,83.9569,84.33875,85.72791
2022-01-25 16:12:10.009886,84.42104,85.0085,85.72791
2022-01-25 16:12:10.506659,83.90492,84.4935,85.53187
2022-01-25 16:12:11.009805,84.31831,84.54425,85.53187
2022-01-25 16:12:11.505031,84.57575,84.64825,85.33489
2022-01-25 16:12:12.004085,83.7502,84.23475,85.33489
2022-01-25 16:12:12.510108,84.73046,85.16325,85.68833
2022-01-25 16:12:13.010032,83.59549,83.92525,85.68833
2022-01-25 16:12:13.505151,84.36905,84.751,85.02104
2022-01-25 16:12:14.002561,83.69946,84.28675,85.02104
2022-01-25 16:12:14.501463,84.26632,84.4935,85.7675
2022-01-25 16:12:15.002851,84.67848,84.85375,85.7675
2022-01-25 16:12:15.507371,84.36905,84.4415,86.47437
2022-01-25 16:12:16.007298,84.11161,84.3895,86.47437
2022-01-25 16:12:16.501988,83.90492,84.54425,85.53187
2022-01-25 16:12:17.011103,84.67848,85.16325,85.53187
2022-01-25 16:12:17.508730,83.59549,84.08,85.41406
2022-01-25 16:12:18.010024,84.1636,84.28675,85.41406
2022-01-25 16:12:18.505751,84.00888,84.33875,85.88531
2022-01-25 16:12:19.004452,84.52377,84.90575,85.88531
2022-01-25 16:12:19.503169,84.36905,84.803,86.19916
2022-01-25 16:12:20.002295,83.85417,84.132,86.19916
2022-01-25 16:12:20.508397,84.42104,84.85375,85.80614
2022-01-25 16:12:21.006006,83.80219,84.54425,85.80614
2022-01-25 16:12:21.510949,84.52377,84.699,85.4527
2022-01-25 16:12:22.008662,84.00888,84.23475,85.4527
2022-01-25 16:12:22.505204,84.05963,84.4935,85.68833
2022-01-25 16:12:23.005215,83.85417,84.132,85.68833
2022-01-25 16:12:23.503834,84.42104,84.803,85.7675
2022-01-25 16:12:24.003745,84.26632,84.59625,85.7675
2022-01-25 16:12:24.509724,83.90492,84.33875,86.19916
2022-01-25 16:12:25.007473,84.26632,84.64825,86.19916
2022-01-25 16:12:25.506285,83.80219,84.33875,85.4527
2022-01-25 16:12:26.004022,84.36905,84.54425,85.4527
2022-01-25 16:12:26.509379,84.57575,84.95775,85.53187
2022-01-25 16:12:27.007500,83.44078,83.8225,85.53187
2022-01-25 16:12:27.502930,84.42104,84.54425,84.94281
2022-01-25 16:12:28.001277,84.36905,84.699,84.94281
2022-01-25 16:12:28.508404,84.05963,84.33875,85.7675
2022-01-25 16:12:29.007652,83.80219,84.4935,85.7675
2022-01-25 16:12:29.504989,83.85417,83.97725,85.57051
2022-01-25 16:12:30.002333,84.83319,85.21525,85.57051
2022-01-25 16:12:30.508193,83.9569,84.4935,85.72791
2022-01-25 16:12:31.006158,84.47302,84.751,85.72791
2022-01-25 16:12:32.004857,84.36905,84.33875,86.5526
2022-01-25 16:12:32.510643,84.00888,84.751,85.88531
2022-01-25 16:12:33.010399,84.1636,84.33875,85.88531
2022-01-25 16:12:33.505975,84.11161,84.4935,84.98145
2022-01-25 16:12:34.004429,83.9569,84.28675,84.98145
2022-01-25 16:12:34.509705,84.42104,84.803,86.23875
2022-01-25 16:12:35.007654,83.9569,84.23475,86.23875
2022-01-25 16:12:35.502940,84.78245,84.803,85.29625
2022-01-25 16:12:36.002326,83.54475,84.02925,85.29625
2022-01-25 16:12:36.509126,84.05963,84.28675,85.4527
2022-01-25 16:12:37.007843,84.47302,84.90575,85.4527
2022-01-25 16:12:37.502694,83.90492,84.08,85.72791
2022-01-25 16:12:38.004596,84.26632,84.4415,85.72791
2022-01-25 16:12:38.509875,83.49276,83.92525,85.25666
2022-01-25 16:12:39.008615,84.83319,85.1125,85.25666
2022-01-25 16:12:39.503512,83.69946,84.23475,85.37447
2022-01-25 16:12:40.002165,84.67848,84.803,85.37447
2022-01-25 16:12:40.509090,83.90492,84.28675,85.41406
2022-01-25 16:12:41.008555,84.31831,84.751,85.41406
2022-01-25 16:12:41.505353,84.62773,84.803,85.72791
2022-01-25 16:12:42.005146,83.69946,84.08,85.72791
2022-01-25 16:12:42.501371,84.31831,84.4935,85.84572
2022-01-25 16:12:43.010162,83.90492,84.3895,85.84572
2022-01-25 16:12:43.506199,84.42104,84.699,85.68833
2022-01-25 16:12:44.004962,83.85417,84.4415,85.68833
2022-01-25 16:12:44.501276,84.42104,84.751,85.64968
2022-01-25 16:12:45.009434,84.26632,84.59625,85.64968
2022-01-25 16:12:45.506273,84.11161,84.64825,85.80614
2022-01-25 16:12:46.003512,84.31831,84.4935,85.80614
2022-01-25 16:12:46.511165,84.11161,84.4935,85.41406
2022-01-25 16:12:47.010384,84.36905,84.59625,85.41406
2022-01-25 16:12:47.507606,83.23532,84.184,85.29625
2022-01-25 16:12:48.006744,84.83319,84.95775,85.29625
2022-01-25 16:12:48.508260,84.21434,84.28675,86.12093
2022-01-25 16:12:49.008962,84.36905,84.751,86.12093
2022-01-25 16:12:49.505733,84.11161,84.4935,86.08135
2022-01-25 16:12:50.004254,83.85417,84.33875,86.08135
2022-01-25 16:12:50.509467,84.57575,84.803,86.51301
2022-01-25 16:12:51.007975,83.7502,84.4935,86.51301
2022-01-25 16:12:51.504451,84.11161,84.33875,86.04176
2022-01-25 16:12:52.005212,84.26632,84.3895,86.04176
2022-01-25 16:12:52.503823,84.26632,84.4415,85.7675
2022-01-25 16:12:53.003858,84.36905,84.64825,85.7675
2022-01-25 16:12:53.502325,83.9569,84.699,85.57051
2022-01-25 16:12:54.001739,83.69946,84.02925,85.57051
2022-01-25 16:12:54.510455,84.21434,84.95775,86.04176
2022-01-25 16:12:55.008233,83.9569,84.33875,86.04176
2022-01-25 16:12:55.506348,84.57575,84.803,84.86364
2022-01-25 16:12:56.004177,84.05963,84.184,84.86364
2022-01-25 16:12:56.509797,83.85417,84.23475,85.84572
2022-01-25 16:12:57.009087,84.31831,84.64825,85.84572
2022-01-25 16:12:57.506686,84.52377,84.90575,85.41406
2022-01-25 16:12:58.008487,83.64747,84.184,85.41406
2022-01-25 16:12:58.502799,84.31831,84.699,85.53187
2022-01-25 16:12:59.001160,84.1636,84.4935,85.53187
2022-01-25 16:12:59.507132,84.21434,84.4935,86.31697
2022-01-25 16:13:00.006270,84.57575,84.85375,86.31697
2022-01-25 16:13:00.501718,83.64747,84.184,85.68833
2022-01-25 16:13:01.009708,84.31831,84.4415,85.68833
2022-01-25 16:13:01.507757,83.90492,84.4935,84.86364
2022-01-25 16:13:02.008694,84.05963,84.28675,84.86364
2022-01-25 16:13:02.504265,83.7502,84.23475,86.51301
2022-01-25 16:13:03.003061,84.57575,84.699,86.51301
2022-01-25 16:13:03.508776,84.31831,84.4935,85.6101
2022-01-25 16:13:04.008546,84.11161,84.54425,85.6101
2022-01-25 16:13:04.504916,84.47302,84.64825,86.23875
2022-01-25 16:13:05.003604,83.90492,84.33875,86.23875
2022-01-25 16:13:05.508815,84.62773,84.803,85.29625
2022-01-25 16:13:06.006551,83.7502,84.3895,85.29625
2022-01-25 16:13:06.503848,84.21434,84.33875,85.25666
2022-01-25 16:13:07.001956,84.36905,84.3895,85.25666
2022-01-25 16:13:07.508788,84.21434,84.699,85.72791
2022-01-25 16:13:08.007836,84.00888,84.184,85.72791
2022-01-25 16:13:08.506656,84.00888,84.3895,85.96354
2022-01-25 16:13:09.001425,84.31831,84.4935,85.96354
2022-01-25 16:13:09.509737,83.9569,84.751,85.64968
2022-01-25 16:13:10.008524,84.52377,85.1125,85.64968
2022-01-25 16:13:10.504155,83.80219,83.92525,85.84572
2022-01-25 16:13:11.008754,84.67848,84.90575,85.84572
2022-01-25 16:13:11.506451,83.80219,84.132,86.12093
2022-01-25 16:13:12.004573,83.9569,84.4935,86.12093
2022-01-25 16:13:12.501678,84.47302,84.59625,85.37447
2022-01-25 16:13:13.010837,83.85417,84.59625,85.37447
2022-01-25 16:13:13.507515,84.47302,84.64825,85.84572
2022-01-25 16:13:14.007007,84.26632,84.64825,85.84572
2022-01-25 16:13:14.502728,84.11161,84.59625,85.64968
2022-01-25 16:13:15.002438,84.31831,84.4935,85.64968
2022-01-25 16:13:15.508130,84.1636,84.54425,85.80614
2022-01-25 16:13:16.009631,83.80219,83.97725,85.80614
2022-01-25 16:13:16.505060,84.31831,85.0085,86.04176
2022-01-25 16:13:17.002415,83.85417,84.02925,86.04176
2022-01-25 16:13:17.507720,84.52377,84.64825,85.53187
2022-01-25 16:13:18.008046,84.31831,84.54425,85.53187
2022-01-25 16:13:18.506388,83.7502,84.08,86.5526
2022-01-25 16:13:19.004996,84.42104,84.90575,86.5526
2022-01-25 16:13:19.510753,83.85417,84.08,85.92395
2022-01-25 16:13:20.009898,84.05963,84.64825,85.92395
2022-01-25 16:13:20.506155,84.1636,84.4935,85.80614
2022-01-25 16:13:21.004440,84.05963,84.4935,85.80614
2022-01-25 16:13:21.501098,84.26632,84.3895,85.25666
2022-01-25 16:13:22.008986,84.52377,84.59625,85.25666
2022-01-25 16:13:22.505195,83.90492,84.33875,85.72791
2022-01-25 16:13:23.003274,84.31831,84.4935,85.72791
2022-01-25 16:13:23.508414,84.1636,84.699,85.80614
2022-01-25 16:13:24.009506,83.85417,84.33875,85.80614
2022-01-25 16:13:24.505774,84.21434,84.751,85.53187
2022-01-25 16:13:25.003975,84.05963,84.33875,85.53187
2022-01-25 16:13:25.501539,84.93716,84.90575,85.88531
2022-01-25 16:13:26.010864,83.80219,84.33875,85.88531
2022-01-25 16:13:26.506419,84.31831,84.54425,84.58937
2022-01-25 16:13:27.008101,83.69946,84.28675,84.58937
2022-01-25 16:13:27.503671,84.42104,84.699,85.64968
2022-01-25 16:13:28.001880,83.9569,84.85375,85.64968
2022-01-25 16:13:28.507789,84.00888,84.184,85.96354
2022-01-25 16:13:29.006837,84.47302,84.4415,85.96354
2022-01-25 16:13:29.502458,83.90492,84.4415,84.825
2022-01-25 16:13:30.010423,84.73046,84.95775,84.825
2022-01-25 16:13:30.506331,83.64747,84.3895,86.31697
2022-01-25 16:13:31.004519,84.21434,84.4935,86.31697
2022-01-25 16:13:31.504362,83.64747,84.33875,85.49229
2022-01-25 16:13:32.002704,84.47302,84.90575,85.49229
2022-01-25 16:13:32.508737,84.52377,84.64825,85.49229
2022-01-25 16:13:33.007274,83.90492,84.08,85.49229
2022-01-25 16:13:33.508051,84.21434,84.4415,85.17843
2022-01-25 16:13:34.006607,84.05963,84.751,85.17843
2022-01-25 16:13:34.505182,84.52377,85.0085,85.6101
2022-01-25 16:13:35.002787,83.44078,84.02925,85.6101
2022-01-25 16:13:35.510196,84.31831,84.54425,85.37447
2022-01-25 16:13:36.008334,84.00888,84.132,85.37447
2022-01-25 16:13:36.506225,84.47302,84.803,86.27739
2022-01-25 16:13:37.002978,84.36905,84.59625,86.27739
2022-01-25 16:13:37.510870,83.64747,84.184,85.41406
2022-01-25 16:13:38.009525,84.47302,84.59625,85.41406
2022-01-25 16:13:38.506680,84.21434,84.90575,85.64968
2022-01-25 16:13:39.004831,83.85417,84.184,85.64968
2022-01-25 16:13:39.511033,84.26632,84.59625,85.72791
2022-01-25 16:13:40.008555,83.90492,84.23475,85.72791
2022-01-25 16:13:40.504972,84.21434,84.132,86.15958
2022-01-25 16:13:41.001767,84.62773,85.21525,86.15958
2022-01-25 16:13:41.508489,83.64747,84.184,85.53187
2022-01-25 16:13:42.008749,84.42104,84.85375,85.53187
2022-01-25 16:13:42.503238,84.11161,84.23475,85.84572
2022-01-25 16:13:43.001535,83.7502,84.54425,85.84572
2022-01-25 16:13:43.507968,84.62773,85.0085,85.4527
2022-01-25 16:13:44.007304,84.21434,84.132,85.4527
2022-01-25 16:13:44.503360,84.11161,84.54425,85.41406
2022-01-25 16:13:45.001706,84.26632,84.699,85.41406
2022-01-25 16:13:45.501959,83.69946,84.33875,85.25666
2022-01-25 16:13:46.010778,84.78245,84.803,85.25666
2022-01-25 16:13:46.506525,83.90492,84.4935,85.88531
2022-01-25 16:13:47.003749,83.90492,84.28675,85.88531
2022-01-25 16:13:47.501756,84.26632,84.64825,85.68833
2022-01-25 16:13:48.010017,83.85417,84.23475,85.68833
2022-01-25 16:13:48.505767,84.1636,84.28675,88.90885
2022-01-25 16:13:49.004209,84.05963,84.4415,88.90885
2022-01-25 16:13:49.510889,83.85417,84.08,230.47989
2022-01-25 16:13:50.009460,84.31831,84.803,230.47989
2022-01-25 16:13:50.503646,84.26632,84.64825,212.45458
2022-01-25 16:13:51.003410,84.21434,84.33875,212.45458
2022-01-25 16:13:51.510561,83.59549,83.71975,142.0027
2022-01-25 16:13:52.008848,84.52377,84.803,142.0027
2022-01-25 16:13:52.508681,83.9569,84.4935,92.28583
2022-01-25 16:13:53.008047,84.57575,84.699,92.28583
2022-01-25 16:13:53.503050,83.33805,83.513,96.25281
2022-01-25 16:13:54.001176,84.1636,84.4415,96.25281
2022-01-25 16:13:54.505519,84.67848,84.751,89.85135
2022-01-25 16:13:55.005823,83.80219,84.184,89.85135
2022-01-25 16:13:55.510728,84.67848,84.64825,86.86645
2022-01-25 16:13:56.008342,83.80219,84.54425,86.86645
2022-01-25 16:13:56.504925,84.57575,84.95775,86.31697
2022-01-25 16:13:57.002084,83.85417,84.33875,86.31697
2022-01-25 16:13:57.507632,84.42104,84.751,86.43479
2022-01-25 16:13:58.005368,83.64747,84.08,86.43479
2022-01-25 16:13:58.502285,84.36905,84.64825,86.3952
2022-01-25 16:13:59.010668,84.42104,84.4935,86.3952
2022-01-25 16:13:59.505861,83.64747,84.3895,85.6101
2022-01-25 16:14:00.004925,84.52377,84.85375,85.6101
2022-01-25 16:14:00.504940,83.54475,83.8225,86.71
2022-01-25 16:14:01.005300,84.88517,85.26725,86.71
2022-01-25 16:14:01.511110,84.00888,84.54425,86.51301
2022-01-25 16:14:02.010411,84.1636,84.3895,86.51301
2022-01-25 16:14:02.506573,84.42104,84.33875,86.00312
2022-01-25 16:14:03.005343,84.1636,84.95775,86.00312
2022-01-25 16:14:03.502089,84.21434,84.54425,85.6101
2022-01-25 16:14:04.010782,84.26632,84.699,85.6101
2022-01-25 16:14:04.506767,84.00888,84.4415,85.49229
2022-01-25 16:14:05.005422,83.85417,84.64825,85.49229
2022-01-25 16:14:05.503829,84.67848,84.85375,85.64968
2022-01-25 16:14:06.001375,84.05963,84.33875,85.64968
2022-01-25 16:14:06.507993,84.78245,85.1125,85.64968
2022-01-25 16:14:07.007177,83.85417,84.132,85.64968
2022-01-25 16:14:07.502334,83.85417,84.4935,85.29625
2022-01-25 16:14:08.001878,84.11161,84.33875,85.29625
2022-01-25 16:14:08.507685,83.7502,84.33875,85.6101
2022-01-25 16:14:09.005854,84.47302,84.803,85.6101
2022-01-25 16:14:09.502359,84.00888,84.08,86.19916
2022-01-25 16:14:10.001268,84.26632,84.751,86.19916
2022-01-25 16:14:10.505882,84.42104,84.54425,85.64968
2022-01-25 16:14:11.010178,84.52377,84.90575,85.64968
2022-01-25 16:14:11.506241,84.1636,84.4415,85.72791
2022-01-25 16:14:12.008446,83.69946,84.28675,85.72791
2022-01-25 16:14:12.503027,84.31831,84.54425,85.72791
2022-01-25 16:14:13.002905,84.21434,84.23475,85.72791
2022-01-25 16:14:13.508454,84.31831,84.59625,85.29625
2022-01-25 16:14:14.010269,84.05963,84.3895,85.29625
2022-01-25 16:14:14.506496,84.05963,84.64825,86.98426
2022-01-25 16:14:15.004653,84.31831,84.4935,86.98426
2022-01-25 16:14:15.509926,83.85417,84.4935,85.49229
2022-01-25 16:14:16.009430,84.1636,84.4415,85.49229
2022-01-25 16:14:16.504422,83.9569,84.23475,85.49229
2022-01-25 16:14:17.002329,84.26632,84.699,85.49229
2022-01-25 16:14:17.508686,84.52377,84.4935,86.19916
2022-01-25 16:14:18.006298,84.00888,84.751,86.19916
2022-01-25 16:14:18.503331,84.21434,84.54425,85.6101
2022-01-25 16:14:19.001954,83.85417,84.28675,85.6101
2022-01-25 16:14:19.508177,84.47302,84.803,85.29625
2022-01-25 16:14:20.006655,83.69946,84.28675,85.29625
2022-01-25 16:14:20.502374,84.42104,84.85375,85.37447
2022-01-25 16:14:21.001667,84.05963,84.184,85.37447
2022-01-25 16:14:21.507933,84.26632,84.751,85.6101
2022-01-25 16:14:22.006336,84.52377,84.64825,85.6101
2022-01-25 16:14:23.005214,84.47302,84.751,86.23875
2022-01-25 16:14:23.503151,83.7502,84.33875,86.27739
2022-01-25 16:14:24.001505,84.42104,84.751,86.27739
2022-01-25 16:14:24.507791,84.21434,84.33875,86.23875
2022-01-25 16:14:25.007375,83.9569,84.699,86.23875
2022-01-25 16:14:25.503434,84.11161,84.4415,85.17843
2022-01-25 16:14:26.002351,84.05963,84.54425,85.17843
2022-01-25 16:14:26.508437,84.21434,84.4935,85.68833
2022-01-25 16:14:27.007000,83.80219,84.4935,85.68833
2022-01-25 16:14:27.507016,84.52377,84.95775,85.41406
2022-01-25 16:14:28.004697,83.90492,84.08,85.41406
2022-01-25 16:14:28.508721,84.21434,84.4415,86.00312
2022-01-25 16:14:29.007365,83.80219,84.132,86.00312
2022-01-25 16:14:29.502422,84.47302,85.26725,85.4527
2022-01-25 16:14:30.001141,83.90492,84.28675,85.4527
2022-01-25 16:14:30.507717,84.00888,84.3895,86.31697
2022-01-25 16:14:31.006578,84.62773,85.0085,86.31697
2022-01-25 16:14:31.504140,83.90492,84.4415,85.4527
2022-01-25 16:14:32.002643,84.52377,85.0605,85.4527
2022-01-25 16:14:32.509143,84.11161,84.33875,85.68833
2022-01-25 16:14:33.007386,84.05963,84.59625,85.68833
2022-01-25 16:14:33.503286,84.11161,84.4935,85.84572
2022-01-25 16:14:34.004482,84.36905,85.0085,85.84572
2022-01-25 16:14:34.510595,83.85417,84.28675,85.72791
2022-01-25 16:14:35.008384,84.05963,84.64825,85.72791
2022-01-25 16:14:35.501488,84.42104,84.751,85.7675
2022-01-25 16:14:36.009862,84.21434,84.3895,85.7675
2022-01-25 16:14:36.507206,84.11161,84.59625,85.57051
2022-01-25 16:14:37.004344,84.05963,84.33875,85.57051
2022-01-25 16:14:37.509819,84.05963,84.28675,85.84572
2022-01-25 16:14:38.009071,84.31831,84.699,85.84572
2022-01-25 16:14:38.506305,83.85417,84.699,86.00312
2022-01-25 16:14:39.003458,84.26632,84.64825,86.00312
2022-01-25 16:14:39.502610,84.42104,84.4415,85.72791
2022-01-25 16:14:40.010714,84.21434,84.699,85.72791
2022-01-25 16:14:40.506565,84.1636,84.59625,86.04176
2022-01-25 16:14:41.005724,83.54475,83.92525,86.04176
2022-01-25 16:14:41.503635,84.21434,84.54425,85.09926
2022-01-25 16:14:42.002427,84.00888,84.4935,85.09926
2022-01-25 16:14:42.509167,84.26632,84.751,85.84572
2022-01-25 16:14:43.006898,84.21434,84.4935,85.84572
2022-01-25 16:14:43.502935,84.21434,84.4935,85.96354
2022-01-25 16:14:44.002344,84.67848,84.95775,85.96354
2022-01-25 16:14:44.510242,83.80219,84.23475,86.08135
2022-01-25 16:14:45.008641,84.26632,84.751,86.08135
2022-01-25 16:14:45.506922,83.33805,83.97725,86.74864
2022-01-25 16:14:46.006363,84.42104,84.85375,86.74864
2022-01-25 16:14:47.005114,84.05963,84.28675,85.92395
2022-01-25 16:14:47.501188,84.57575,84.85375,85.25666
2022-01-25 16:14:48.008957,84.05963,84.4935,85.25666
2022-01-25 16:14:48.505154,84.36905,84.54425,85.57051
2022-01-25 16:14:49.003926,83.64747,84.132,85.57051
2022-01-25 16:14:49.510338,84.36905,85.1125,85.96354
2022-01-25 16:14:50.009790,84.11161,84.4935,85.96354
2022-01-25 16:14:50.507872,84.31831,84.4935,86.23875
2022-01-25 16:14:51.008386,84.00888,84.23475,86.23875
2022-01-25 16:14:51.505111,84.11161,84.3895,85.4527
2022-01-25 16:14:52.003299,84.47302,84.85375,85.4527
2022-01-25 16:14:52.510308,83.80219,84.184,85.49229
2022-01-25 16:14:53.008574,84.1636,84.54425,85.49229
2022-01-25 16:14:53.502770,83.64747,84.28675,84.94281
2022-01-25 16:14:54.010905,84.52377,84.95775,84.94281
2022-01-25 16:14:54.506741,84.36905,84.3895,85.68833
2022-01-25 16:14:55.006575,84.05963,84.4935,85.68833
2022-01-25 16:14:55.501224,84.11161,84.23475,85.72791
2022-01-25 16:14:56.009839,84.1636,84.64825,85.72791
2022-01-25 16:14:56.506736,84.11161,84.699,85.88531
2022-01-25 16:14:57.005237,84.00888,84.4415,85.88531
2022-01-25 16:14:57.501268,84.42104,84.59625,85.53187
2022-01-25 16:14:58.002837,84.05963,84.02925,85.53187
2022-01-25 16:14:58.511097,84.42104,84.95775,85.49229
2022-01-25 16:14:59.009622,84.1636,84.59625,85.49229
2022-01-25 16:14:59.507868,83.80219,84.132,85.57051
2022-01-25 16:15:00.007063,84.21434,84.59625,85.57051
2022-01-25 16:15:00.501483,84.21434,84.803,85.37447
2022-01-25 16:15:01.010300,84.21434,84.54425,85.37447
2022-01-25 16:15:01.506305,84.31831,84.4415,85.13885
2022-01-25 16:15:02.004356,84.26632,84.3895,85.13885
2022-01-25 16:15:02.510754,84.1636,84.54425,85.64968
2022-01-25 16:15:03.007948,83.90492,84.4935,85.64968
2022-01-25 16:15:03.503969,84.42104,84.85375,85.84572
2022-01-25 16:15:04.002629,83.7502,84.08,85.84572
2022-01-25 16:15:04.509766,84.36905,84.751,85.64968
2022-01-25 16:15:05.007476,84.05963,84.3895,85.64968
2022-01-25 16:15:05.503131,84.05963,84.4415,86.15958
2022-01-25 16:15:06.003273,84.47302,84.85375,86.15958
2022-01-25 16:15:06.508461,83.85417,84.184,85.49229
2022-01-25 16:15:07.008034,84.52377,85.0605,85.49229
2022-01-25 16:15:07.506986,83.59549,84.28675,86.08135
2022-01-25 16:15:08.006081,84.47302,84.803,86.08135
2022-01-25 16:15:08.501292,84.26632,84.59625,86.43479
2022-01-25 16:15:09.009173,84.00888,84.4415,86.43479
2022-01-25 16:15:09.503014,84.42104,84.59625,84.825
2022-01-25 16:15:10.001158,83.80219,84.23475,84.825
2022-01-25 16:15:10.505669,84.42104,84.803,86.15958
2022-01-25 16:15:11.003204,83.9569,84.23475,86.15958
2022-01-25 16:15:11.509251,84.42104,84.95775,85.4527
2022-01-25 16:15:12.008324,83.59549,84.02925,85.4527
2022-01-25 16:15:12.503384,84.78245,85.1125,85.6101
2022-01-25 16:15:13.003501,84.31831,84.4935,85.6101
2022-01-25 16:15:13.501145,84.05963,84.28675,86.00312
2022-01-25 16:15:14.001964,84.42104,84.803,86.00312
2022-01-25 16:15:14.508425,83.80219,84.33875,85.96354
2022-01-25 16:15:15.005700,84.57575,85.1125,85.96354
2022-01-25 16:15:15.501203,83.33805,83.8225,84.90322
2022-01-25 16:15:16.009153,84.47302,84.699,84.90322
2022-01-25 16:15:16.507642,84.36905,84.59625,85.92395
2022-01-25 16:15:17.006113,84.36905,84.699,85.92395
2022-01-25 16:15:17.503857,84.21434,84.3895,85.4527
2022-01-25 16:15:18.003525,83.85417,84.28675,85.4527
2022-01-25 16:15:18.509808,84.47302,84.90575,85.64968
2022-01-25 16:15:19.006868,83.54475,84.23475,85.64968
2022-01-25 16:15:19.502628,84.57575,84.751,85.68833
2022-01-25 16:15:20.010677,84.00888,84.132,85.68833
2022-01-25 16:15:20.506485,84.31831,84.699,85.49229
2022-01-25 16:15:21.008018,84.1636,84.59625,85.49229
2022-01-25 16:15:21.504268,84.1636,84.4935,85.72791
2022-01-25 16:15:22.003899,84.26632,84.64825,85.72791
2022-01-25 16:15:22.508435,83.69946,84.184,85.88531
2022-01-25 16:15:23.006302,84.31831,84.699,85.88531
2022-01-25 16:15:23.503696,84.31831,84.59625,85.29625
2022-01-25 16:15:24.003103,84.26632,84.28675,85.29625
2022-01-25 16:15:24.509631,84.05963,84.33875,86.23875
2022-01-25 16:15:25.008309,84.1636,84.4935,86.23875
2022-01-25 16:15:25.505017,84.42104,84.90575,85.6101
2022-01-25 16:15:26.003734,83.85417,84.184,85.6101
2022-01-25 16:15:26.510270,84.47302,84.803,85.29625
2022-01-25 16:15:27.009013,83.85417,84.4935,85.29625
2022-01-25 16:15:27.504678,84.31831,84.4415,85.37447
2022-01-25 16:15:28.007490,84.42104,84.64825,85.37447
2022-01-25 16:15:28.503315,83.9569,84.184,86.51301
2022-01-25 16:15:29.002868,84.36905,84.95775,86.51301
2022-01-25 16:15:29.508836,83.7502,84.33875,85.33489
2022-01-25 16:15:30.006589,84.05963,84.4415,85.33489
2022-01-25 16:15:30.501865,84.05963,84.3895,85.6101
2022-01-25 16:15:31.011103,84.21434,84.54425,85.6101
2022-01-25 16:15:31.509184,84.57575,84.751,85.57051
2022-01-25 16:15:32.007398,83.80219,84.184,85.57051
2022-01-25 16:15:32.504209,84.36905,84.90575,85.92395
2022-01-25 16:15:33.002354,84.36905,84.803,85.92395
2022-01-25 16:15:33.502725,84.36905,84.751,86.04176
2022-01-25 16:15:34.008409,83.39003,83.8745,86.04176
2022-01-25 16:15:34.505653,84.42104,84.699,85.21708
2022-01-25 16:15:35.005892,84.1636,84.184,85.21708
2022-01-25 16:15:35.510739,84.31831,84.751,86.04176
2022-01-25 16:15:36.008992,84.11161,84.699,86.04176
2022-01-25 16:15:36.505035,83.44078,83.8225,86.12093
2022-01-25 16:15:37.006620,84.83319,85.21525,86.12093
2022-01-25 16:15:37.501402,83.64747,83.97725,85.49229
2022-01-25 16:15:38.009715,84.52377,84.85375,85.49229
2022-01-25 16:15:38.506736,83.85417,84.02925,86.19916
2022-01-25 16:15:39.007339,84.1636,84.3895,86.19916
2022-01-25 16:15:39.510550,84.42104,84.90575,85.88531
2022-01-25 16:15:40.001767,83.7502,84.4415,85.88531
2022-01-25 16:15:40.508464,84.47302,84.751,85.80614
2022-01-25 16:15:41.006399,83.85417,84.33875,85.80614
2022-01-25 16:15:41.502620,84.67848,84.90575,85.88531
2022-01-25 16:15:42.010120,84.31831,84.4935,85.88531
2022-01-25 16:15:42.505454,84.26632,84.64825,85.57051
2022-01-25 16:15:43.004680,83.90492,84.3895,85.57051
2022-01-25 16:15:43.501096,84.26632,84.64825,85.80614
2022-01-25 16:15:44.009269,84.26632,84.64825,85.80614
2022-01-25 16:15:44.506106,83.64747,83.97725,85.92395
2022-01-25 16:15:45.004912,84.52377,84.90575,85.92395
2022-01-25 16:15:45.502652,83.59549,84.08,85.68833
2022-01-25 16:15:46.010773,84.9879,85.16325,85.68833
2022-01-25 16:15:46.505503,83.80219,84.184,85.25666
2022-01-25 16:15:47.003253,83.9569,84.4935,85.25666
2022-01-25 16:15:47.509436,84.1636,84.54425,85.64968
2022-01-25 16:15:48.009109,84.26632,84.59625,85.64968
2022-01-25 16:15:48.507778,84.00888,84.02925,85.4527
2022-01-25 16:15:49.006815,83.80219,84.3895,85.4527
2022-01-25 16:15:49.501990,84.26632,84.59625,86.00312
2022-01-25 16:15:50.010923,84.26632,84.4415,86.00312
2022-01-25 16:15:50.506799,83.9569,84.33875,85.7675
2022-01-25 16:15:51.006490,84.26632,84.699,85.7675
2022-01-25 16:15:51.502617,84.11161,84.54425,85.68833
2022-01-25 16:15:52.002600,84.47302,84.95775,85.68833
2022-01-25 16:15:52.509684,83.54475,84.23475,85.80614
