時間,回転１,回転２,回転３
2022-01-25 15:00:00.010489,84.05963,84.4415,85.92395
2022-01-25 15:00:00.507103,84.00888,84.33875,84.94281
2022-01-25 15:00:01.008245,84.31831,84.64825,84.94281
2022-01-25 15:00:01.505393,83.69946,84.23475,85.96354
2022-01-25 15:00:02.003318,84.57575,84.85375,85.96354
2022-01-25 15:00:02.509361,84.21434,84.3895,85.41406
2022-01-25 15:00:03.007823,84.00888,84.23475,85.41406
2022-01-25 15:00:03.503570,84.52377,84.803,85.4527
2022-01-25 15:00:04.001464,83.49276,84.02925,85.4527
2022-01-25 15:00:04.509954,84.62773,84.751,86.08135
2022-01-25 15:00:05.008432,83.64747,84.3895,86.08135
2022-01-25 15:00:05.504728,84.31831,84.64825,85.88531
2022-01-25 15:00:06.003602,84.11161,84.4415,85.88531
2022-01-25 15:00:06.501289,84.42104,84.4935,85.29625
2022-01-25 15:00:07.001235,84.42104,84.64825,85.29625
2022-01-25 15:00:07.506443,83.85417,84.4415,86.04176
2022-01-25 15:00:08.004895,84.36905,84.4935,86.04176
2022-01-25 15:00:08.510907,83.7502,84.33875,85.33489
2022-01-25 15:00:09.008164,84.42104,84.699,85.33489
2022-01-25 15:00:09.503353,83.90492,84.54425,85.7675
2022-01-25 15:00:10.001207,84.1636,84.4935,85.7675
2022-01-25 15:00:10.507298,84.57575,84.803,85.72791
2022-01-25 15:00:11.001234,84.05963,84.4415,85.72791
2022-01-25 15:00:11.509147,84.1636,84.28675,85.4527
2022-01-25 15:00:12.006582,83.9569,84.3895,85.4527
2022-01-25 15:00:12.505152,83.7502,83.8225,87.29906
2022-01-25 15:00:13.004018,84.11161,84.699,87.29906
2022-01-25 15:00:13.508519,84.67848,84.699,238.09906
2022-01-25 15:00:14.006718,83.49276,83.513,238.09906
2022-01-25 15:00:14.504965,84.67848,84.803,215.36125
2022-01-25 15:00:15.003618,84.00888,84.08,215.36125
2022-01-25 15:00:15.510782,84.42104,84.751,153.43051
2022-01-25 15:00:16.001779,83.80219,84.02925,153.43051
2022-01-25 15:00:16.508496,83.18334,83.92525,101.08312
2022-01-25 15:00:17.007098,84.83319,84.85375,101.08312
2022-01-25 15:00:17.504430,84.00888,83.97725,92.87489
2022-01-25 15:00:18.004142,84.62773,84.90575,92.87489
2022-01-25 15:00:18.501204,83.49276,83.61575,91.4225
2022-01-25 15:00:19.010702,84.31831,84.699,91.4225
2022-01-25 15:00:19.506082,84.42104,84.699,86.63083
2022-01-25 15:00:20.003587,84.26632,85.26725,86.63083
2022-01-25 15:00:20.501749,83.85417,84.28675,86.31697
2022-01-25 15:00:21.009940,84.26632,84.4415,86.31697
2022-01-25 15:00:21.506293,84.47302,84.699,85.80614
2022-01-25 15:00:22.005754,84.31831,84.4415,85.80614
2022-01-25 15:00:22.501036,84.11161,84.4935,86.51301
2022-01-25 15:00:23.001016,84.11161,84.184,86.51301
2022-01-25 15:00:23.509739,83.85417,84.64825,85.92395
2022-01-25 15:00:24.007851,84.31831,84.59625,85.92395
2022-01-25 15:00:24.504009,84.1636,84.4415,87.06343
2022-01-25 15:00:25.505021,84.1636,84.4415,85.68833
2022-01-25 15:00:26.003628,83.9569,84.4415,85.68833
2022-01-25 15:00:26.508363,84.67848,84.90575,85.72791
2022-01-25 15:00:27.005779,83.7502,84.3895,85.72791
2022-01-25 15:00:27.510978,84.21434,84.4935,85.68833
2022-01-25 15:00:28.001223,84.26632,84.699,85.68833
2022-01-25 15:00:28.510625,84.26632,84.4935,85.33489
2022-01-25 15:00:29.008680,84.31831,84.59625,85.33489
2022-01-25 15:00:29.504115,83.69946,84.28675,86.31697
2022-01-25 15:00:30.010755,84.52377,84.803,86.31697
2022-01-25 15:00:30.507363,83.85417,84.4415,86.27739
2022-01-25 15:00:31.004522,84.78245,85.16325,86.27739
2022-01-25 15:00:31.511304,83.64747,84.184,85.13885
2022-01-25 15:00:32.009709,84.26632,84.4415,85.13885
2022-01-25 15:00:32.504396,84.52377,84.4415,85.92395
2022-01-25 15:00:33.002142,83.9569,84.4935,85.92395
2022-01-25 15:00:33.507836,84.1636,84.4415,85.4527
2022-01-25 15:00:34.006912,84.05963,84.803,85.4527
2022-01-25 15:00:34.502634,84.1636,84.54425,85.92395
2022-01-25 15:00:35.001752,84.1636,84.699,85.92395
2022-01-25 15:00:35.509187,84.62773,84.90575,85.84572
2022-01-25 15:00:36.006760,84.21434,84.3895,85.84572
2022-01-25 15:00:36.501695,84.05963,84.54425,85.7675
2022-01-25 15:00:37.002239,83.9569,84.08,85.7675
2022-01-25 15:00:37.509793,84.42104,84.95775,86.31697
2022-01-25 15:00:38.007527,84.42104,84.59625,86.31697
2022-01-25 15:00:38.502866,83.80219,84.54425,86.00312
2022-01-25 15:00:39.001780,84.21434,84.33875,86.00312
2022-01-25 15:00:39.507362,84.31831,84.3895,85.33489
2022-01-25 15:00:40.006644,84.62773,85.0605,85.33489
2022-01-25 15:00:40.510773,84.21434,84.4935,85.72791
2022-01-25 15:00:41.009505,83.64747,84.28675,85.72791
2022-01-25 15:00:41.507657,84.31831,84.3895,85.57051
2022-01-25 15:00:42.006707,84.31831,84.90575,85.57051
2022-01-25 15:00:42.501792,84.00888,84.28675,85.37447
2022-01-25 15:00:43.008940,84.26632,84.4935,85.37447
2022-01-25 15:00:43.505454,84.00888,84.08,85.64968
2022-01-25 15:00:44.006353,84.57575,84.803,85.64968
2022-01-25 15:00:44.510164,84.36905,85.0605,85.80614
2022-01-25 15:00:45.008992,83.64747,84.02925,85.80614
2022-01-25 15:00:45.505218,84.11161,84.64825,86.12093
2022-01-25 15:00:46.002820,84.05963,84.28675,86.12093
2022-01-25 15:00:46.510991,84.26632,84.699,85.92395
2022-01-25 15:00:47.010261,84.36905,84.4415,85.92395
2022-01-25 15:00:47.505673,84.00888,84.28675,85.33489
2022-01-25 15:00:48.003860,84.26632,84.751,85.33489
2022-01-25 15:00:48.509794,84.47302,84.803,85.33489
2022-01-25 15:00:49.008249,83.69946,84.23475,85.33489
2022-01-25 15:00:49.502724,84.42104,84.699,85.68833
2022-01-25 15:00:50.010800,83.80219,84.3895,85.68833
2022-01-25 15:00:50.505734,84.05963,84.33875,85.6101
2022-01-25 15:00:51.004388,84.88517,84.85375,85.6101
2022-01-25 15:00:51.510755,83.90492,84.23475,86.31697
2022-01-25 15:00:52.009301,84.42104,84.64825,86.31697
2022-01-25 15:00:52.506740,84.05963,84.33875,85.88531
2022-01-25 15:00:53.006217,84.31831,84.59625,85.88531
2022-01-25 15:00:53.502070,83.80219,84.3895,85.92395
2022-01-25 15:00:54.001091,84.31831,84.4935,85.92395
2022-01-25 15:00:54.508196,84.47302,84.4415,85.4527
2022-01-25 15:00:55.008155,84.00888,84.4415,85.4527
2022-01-25 15:00:55.505097,84.57575,84.85375,85.68833
2022-01-25 15:00:56.002781,84.11161,84.59625,85.68833
2022-01-25 15:00:56.508029,84.31831,84.54425,84.90322
2022-01-25 15:00:57.006834,83.54475,84.23475,84.90322
2022-01-25 15:00:57.502552,84.52377,84.751,85.88531
2022-01-25 15:00:58.001215,84.36905,84.4935,85.88531
2022-01-25 15:00:58.507221,83.90492,84.3895,85.80614
2022-01-25 15:00:59.003266,84.47302,84.59625,85.80614
2022-01-25 15:00:59.508509,83.9569,84.59625,85.41406
2022-01-25 15:01:00.007201,84.47302,84.751,85.41406
2022-01-25 15:01:00.501345,83.69946,84.28675,86.04176
2022-01-25 15:01:01.009673,84.47302,84.85375,86.04176
2022-01-25 15:01:01.505900,83.90492,83.97725,85.41406
2022-01-25 15:01:02.003171,84.62773,84.85375,85.41406
2022-01-25 15:01:02.508617,84.11161,84.4935,85.96354
2022-01-25 15:01:03.008139,84.05963,84.64825,85.96354
2022-01-25 15:01:03.505689,84.52377,84.699,85.68833
2022-01-25 15:01:04.003901,83.7502,84.184,85.68833
2022-01-25 15:01:04.509251,84.42104,84.803,85.53187
2022-01-25 15:01:05.007331,84.1636,84.3895,85.53187
2022-01-25 15:01:05.503427,83.90492,84.184,85.84572
2022-01-25 15:01:06.002996,84.62773,84.59625,85.84572
2022-01-25 15:01:06.508995,84.31831,84.85375,85.84572
2022-01-25 15:01:07.007233,84.1636,84.3895,85.84572
2022-01-25 15:01:07.504251,84.26632,84.699,85.68833
2022-01-25 15:01:08.002768,84.31831,84.59625,85.68833
2022-01-25 15:01:08.509454,84.26632,84.54425,85.37447
2022-01-25 15:01:09.002192,84.31831,84.751,85.37447
2022-01-25 15:01:09.508869,83.69946,83.8745,85.64968
2022-01-25 15:01:10.007416,84.11161,84.803,85.64968
2022-01-25 15:01:10.502876,84.1636,84.4935,85.49229
2022-01-25 15:01:11.008905,83.9569,84.4415,85.49229
2022-01-25 15:01:11.503389,84.26632,84.3895,86.51301
2022-01-25 15:01:12.002691,83.64747,84.23475,86.51301
2022-01-25 15:01:12.504370,84.73046,84.90575,86.59218
2022-01-25 15:01:13.003031,84.47302,84.4935,86.59218
2022-01-25 15:01:13.509913,83.80219,84.33875,85.80614
2022-01-25 15:01:14.010683,84.21434,84.699,85.80614
2022-01-25 15:01:14.507568,84.05963,84.4935,86.43479
2022-01-25 15:01:15.006788,84.42104,84.59625,86.43479
2022-01-25 15:01:15.503063,83.85417,84.3895,86.19916
2022-01-25 15:01:16.001740,84.26632,84.4935,86.19916
2022-01-25 15:01:16.509866,84.31831,84.23475,85.37447
2022-01-25 15:01:17.008276,84.26632,84.699,85.37447
2022-01-25 15:01:17.503651,84.73046,85.0085,86.00312
2022-01-25 15:01:18.002757,83.54475,84.02925,86.00312
2022-01-25 15:01:18.509738,84.52377,84.4935,85.02104
2022-01-25 15:01:19.008004,83.44078,84.08,85.02104
2022-01-25 15:01:19.503072,84.78245,85.0085,85.84572
2022-01-25 15:01:20.002853,83.9569,83.92525,85.84572
2022-01-25 15:01:20.501050,84.21434,84.54425,85.4527
2022-01-25 15:01:21.002786,84.31831,84.54425,85.4527
2022-01-25 15:01:21.508985,84.1636,84.699,85.17843
2022-01-25 15:01:22.008155,84.26632,84.59625,85.17843
2022-01-25 15:01:22.505190,83.54475,83.97725,85.84572
2022-01-25 15:01:23.003319,84.47302,84.751,85.84572
2022-01-25 15:01:23.510369,84.1636,84.4415,86.00312
2022-01-25 15:01:24.008032,84.57575,84.95775,86.00312
2022-01-25 15:01:24.504750,83.80219,84.132,85.88531
2022-01-25 15:01:25.002838,84.26632,84.751,85.88531
2022-01-25 15:01:25.503000,84.52377,84.54425,86.15958
2022-01-25 15:01:26.001899,83.64747,84.23475,86.15958
2022-01-25 15:01:26.506996,84.73046,85.1125,85.25666
2022-01-25 15:01:27.005256,83.44078,83.8745,85.25666
2022-01-25 15:01:27.501783,84.57575,84.85375,86.08135
2022-01-25 15:01:28.010357,84.1636,84.33875,86.08135
2022-01-25 15:01:28.505655,84.36905,84.90575,86.31697
2022-01-25 15:01:29.003982,84.21434,84.28675,86.31697
2022-01-25 15:01:29.509755,84.00888,84.4415,85.7675
2022-01-25 15:01:30.009364,83.85417,84.3895,85.7675
2022-01-25 15:01:30.504899,84.00888,84.54425,86.12093
2022-01-25 15:01:31.004769,84.62773,84.90575,86.12093
2022-01-25 15:01:31.510795,84.00888,84.23475,86.47437
2022-01-25 15:01:32.008288,84.36905,84.90575,86.47437
2022-01-25 15:01:32.503477,83.90492,84.28675,85.13885
2022-01-25 15:01:33.001808,84.78245,85.0605,85.13885
2022-01-25 15:01:33.508494,83.80219,84.184,85.33489
2022-01-25 15:01:34.006845,83.54475,84.33875,85.33489
2022-01-25 15:01:34.506460,84.42104,84.699,86.15958
2022-01-25 15:01:35.004741,84.31831,84.33875,86.15958
2022-01-25 15:01:35.502137,84.42104,84.90575,85.4527
2022-01-25 15:01:36.010645,84.1636,84.33875,85.4527
2022-01-25 15:01:36.506072,84.05963,84.3895,85.57051
2022-01-25 15:01:37.003667,84.52377,84.85375,85.57051
2022-01-25 15:01:37.510544,84.26632,84.751,85.57051
2022-01-25 15:01:38.008833,84.31831,84.54425,85.57051
2022-01-25 15:01:38.502175,83.85417,84.184,86.04176
2022-01-25 15:01:39.009992,84.31831,84.699,86.04176
2022-01-25 15:01:39.508079,84.31831,84.54425,86.04176
2022-01-25 15:01:40.009145,84.31831,84.803,86.04176
2022-01-25 15:01:40.506809,83.80219,84.184,85.7675
2022-01-25 15:01:41.004291,83.90492,84.28675,85.7675
2022-01-25 15:01:41.509559,84.67848,85.0605,85.84572
2022-01-25 15:01:42.007545,84.31831,84.4935,85.84572
2022-01-25 15:01:42.506022,84.00888,84.3895,85.80614
2022-01-25 15:01:43.003927,84.31831,84.4415,85.80614
2022-01-25 15:01:43.510617,84.11161,84.4415,86.51301
2022-01-25 15:01:44.008494,84.83319,85.0605,86.51301
2022-01-25 15:01:44.504450,83.54475,83.92525,85.29625
2022-01-25 15:01:45.004551,84.1636,84.4935,85.29625
2022-01-25 15:01:45.504533,84.21434,84.3895,85.64968
2022-01-25 15:01:46.002520,84.57575,84.95775,85.64968
2022-01-25 15:01:46.507992,84.26632,84.3895,85.84572
2022-01-25 15:01:47.006103,84.05963,84.4935,85.84572
2022-01-25 15:01:47.505723,84.1636,84.3895,85.64968
2022-01-25 15:01:48.003754,84.31831,84.54425,85.64968
2022-01-25 15:01:48.510068,84.47302,84.751,85.80614
2022-01-25 15:01:49.009224,83.44078,83.92525,85.80614
2022-01-25 15:01:49.504565,84.47302,84.699,85.02104
2022-01-25 15:01:50.002711,84.11161,84.02925,85.02104
2022-01-25 15:01:50.508849,84.31831,84.803,86.04176
2022-01-25 15:01:51.009188,84.42104,84.699,86.04176
2022-01-25 15:01:51.503467,83.9569,84.33875,85.96354
2022-01-25 15:01:52.002731,84.11161,84.4415,85.96354
2022-01-25 15:01:52.508008,83.9569,84.23475,85.37447
2022-01-25 15:01:53.007750,84.83319,85.318,85.37447
2022-01-25 15:01:53.506187,84.1636,84.23475,86.5526
2022-01-25 15:01:54.003652,84.05963,84.54425,86.5526
2022-01-25 15:01:54.510040,83.85417,84.08,86.08135
2022-01-25 15:01:55.008856,84.31831,84.85375,86.08135
2022-01-25 15:01:55.505626,84.21434,84.54425,85.53187
2022-01-25 15:01:56.003550,83.69946,84.28675,85.53187
2022-01-25 15:01:56.509433,84.26632,84.64825,86.08135
2022-01-25 15:01:57.007471,84.31831,84.54425,86.08135
2022-01-25 15:01:57.503785,84.57575,84.803,85.53187
2022-01-25 15:01:58.002174,84.26632,84.64825,85.53187
2022-01-25 15:01:58.508397,83.69946,84.184,86.08135
2022-01-25 15:01:59.006426,84.11161,84.23475,86.08135
2022-01-25 15:01:59.501235,83.9569,84.4415,85.88531
2022-01-25 15:02:00.009977,83.69946,84.23475,85.88531
2022-01-25 15:02:00.502377,84.31831,84.64825,85.6101
2022-01-25 15:02:01.001330,83.90492,84.23475,85.6101
2022-01-25 15:02:01.508300,84.52377,84.64825,85.49229
2022-01-25 15:02:02.009948,84.57575,84.803,85.49229
2022-01-25 15:02:02.505144,84.00888,84.4935,85.57051
2022-01-25 15:02:03.003290,83.9569,84.3895,85.57051
2022-01-25 15:02:03.510674,84.1636,84.4935,85.21708
2022-01-25 15:02:04.008575,84.1636,84.4415,85.21708
2022-01-25 15:02:04.502568,84.36905,84.699,85.72791
2022-01-25 15:02:05.010550,84.11161,84.4415,85.72791
2022-01-25 15:02:05.506501,83.69946,84.08,85.84572
2022-01-25 15:02:06.006056,84.78245,84.95775,85.84572
2022-01-25 15:02:06.511190,84.1636,84.3895,85.96354
2022-01-25 15:02:07.009687,84.05963,84.59625,85.96354
2022-01-25 15:02:07.505675,83.85417,84.33875,85.64968
2022-01-25 15:02:08.004596,84.47302,84.751,85.64968
2022-01-25 15:02:08.507428,84.62773,84.64825,85.80614
2022-01-25 15:02:09.005693,83.7502,84.28675,85.80614
2022-01-25 15:02:09.501452,84.31831,84.59625,86.51301
2022-01-25 15:02:10.011110,83.80219,84.08,86.51301
2022-01-25 15:02:10.507325,84.47302,84.90575,85.49229
2022-01-25 15:02:11.001547,83.69946,84.3895,85.49229
2022-01-25 15:02:11.506638,84.21434,84.4415,85.53187
2022-01-25 15:02:12.003763,84.1636,84.132,85.53187
2022-01-25 15:02:12.509400,84.05963,84.4935,86.12093
2022-01-25 15:02:13.008081,84.52377,84.699,86.12093
2022-01-25 15:02:13.503729,83.85417,84.132,85.92395
2022-01-25 15:02:14.003021,84.47302,84.803,85.92395
2022-01-25 15:02:14.509849,83.64747,84.33875,85.88531
2022-01-25 15:02:15.008367,84.62773,85.0085,85.88531
2022-01-25 15:02:15.504101,83.90492,84.02925,85.72791
2022-01-25 15:02:16.003253,84.36905,84.64825,85.72791
2022-01-25 15:02:16.508726,84.05963,84.3895,85.6101
2022-01-25 15:02:17.006887,84.05963,84.3895,85.6101
2022-01-25 15:02:17.503821,84.57575,84.95775,85.09926
2022-01-25 15:02:18.002635,83.33805,83.97725,85.09926
2022-01-25 15:02:18.508300,84.67848,85.0605,85.84572
2022-01-25 15:02:19.008276,84.11161,84.33875,85.84572
2022-01-25 15:02:19.504559,84.26632,84.4415,85.6101
2022-01-25 15:02:20.002821,83.90492,84.28675,85.6101
2022-01-25 15:02:20.510784,84.00888,84.28675,85.17843
2022-01-25 15:02:21.009022,84.42104,84.803,85.17843
2022-01-25 15:02:21.503910,83.9569,84.4415,85.57051
2022-01-25 15:02:22.002283,84.52377,84.95775,85.57051
2022-01-25 15:02:22.507399,83.80219,84.08,85.80614
2022-01-25 15:02:23.006377,84.42104,84.751,85.80614
2022-01-25 15:02:23.501186,84.42104,84.699,85.88531
2022-01-25 15:02:24.010268,84.00888,84.28675,85.88531
2022-01-25 15:02:24.508976,84.05963,84.3895,85.92395
2022-01-25 15:02:25.006870,84.11161,84.4935,85.92395
2022-01-25 15:02:25.502388,84.05963,84.751,85.13885
2022-01-25 15:02:26.009557,84.11161,84.33875,85.13885
2022-01-25 15:02:26.505111,84.36905,84.54425,85.84572
2022-01-25 15:02:27.006626,84.42104,84.59625,85.84572
2022-01-25 15:02:27.501844,83.9569,84.33875,85.64968
2022-01-25 15:02:28.002464,84.21434,84.59625,85.64968
2022-01-25 15:02:28.509151,84.26632,84.4415,85.80614
2022-01-25 15:02:29.006763,84.36905,84.803,85.80614
2022-01-25 15:02:29.502379,83.59549,84.08,85.41406
2022-01-25 15:02:30.505554,84.78245,84.803,86.43479
2022-01-25 15:02:31.003910,83.9569,84.33875,86.43479
2022-01-25 15:02:31.510081,84.26632,84.59625,85.53187
2022-01-25 15:02:32.008063,83.7502,84.23475,85.53187
2022-01-25 15:02:32.503940,84.57575,85.0605,85.68833
2022-01-25 15:02:33.002390,83.85417,84.3895,85.68833
2022-01-25 15:02:33.509117,84.11161,84.33875,85.29625
2022-01-25 15:02:34.006509,84.26632,84.3895,85.29625
2022-01-25 15:02:34.502110,84.00888,84.184,86.67041
2022-01-25 15:02:35.007818,84.31831,84.59625,86.67041
2022-01-25 15:02:35.505898,83.69946,84.08,230.51947
2022-01-25 15:02:36.005109,84.00888,84.3895,230.51947
2022-01-25 15:02:36.510487,83.64747,84.08,230.71551
2022-01-25 15:02:37.008627,84.52377,84.64825,230.71551
2022-01-25 15:02:37.505894,84.31831,84.28675,176.05051
2022-01-25 15:02:38.004320,83.64747,83.8745,176.05051
2022-01-25 15:02:38.503379,84.1636,84.23475,114.12072
2022-01-25 15:02:39.001513,84.42104,84.751,114.12072
2022-01-25 15:02:39.507078,84.52377,84.90575,91.1077
2022-01-25 15:02:40.004862,83.02862,83.41025,91.1077
2022-01-25 15:02:40.509446,84.47302,84.751,98.09822
2022-01-25 15:02:41.008266,83.69946,83.97725,98.09822
2022-01-25 15:02:41.504526,85.09187,85.422,90.08697
2022-01-25 15:02:42.001901,84.05963,84.184,90.08697
2022-01-25 15:02:42.508991,83.90492,84.132,85.49229
2022-01-25 15:02:43.007786,84.47302,84.751,85.49229
2022-01-25 15:02:43.502572,84.21434,84.59625,86.19916
2022-01-25 15:02:44.010157,84.73046,85.0085,86.19916
2022-01-25 15:02:44.505111,83.44078,83.8745,86.5526
2022-01-25 15:02:45.003827,84.62773,84.90575,86.5526
2022-01-25 15:02:45.510116,84.36905,84.4415,86.27739
2022-01-25 15:02:46.007998,84.1636,84.54425,86.27739
2022-01-25 15:02:46.503382,84.21434,84.54425,86.23875
2022-01-25 15:02:47.002674,83.80219,84.28675,86.23875
2022-01-25 15:02:47.510757,84.67848,84.95775,86.47437
2022-01-25 15:02:48.001260,83.9569,84.4415,86.47437
2022-01-25 15:02:48.508386,84.36905,84.699,85.84572
2022-01-25 15:02:49.008564,84.36905,84.4415,85.84572
2022-01-25 15:02:49.504284,84.05963,84.4935,86.27739
2022-01-25 15:02:50.003408,84.31831,84.699,86.27739
2022-01-25 15:02:50.509507,84.21434,84.54425,85.25666
2022-01-25 15:02:51.007916,84.36905,84.699,85.25666
2022-01-25 15:02:51.506860,83.64747,84.33875,86.08135
2022-01-25 15:02:52.005712,84.36905,84.4935,86.08135
2022-01-25 15:02:52.501614,84.42104,84.751,86.04176
2022-01-25 15:02:53.009816,84.36905,84.54425,86.04176
2022-01-25 15:02:53.504903,84.1636,84.54425,85.21708
2022-01-25 15:02:54.002090,84.1636,84.59625,85.21708
2022-01-25 15:02:54.507190,84.62773,84.90575,85.64968
2022-01-25 15:02:55.006833,83.90492,84.4415,85.64968
2022-01-25 15:02:55.502722,84.21434,84.4415,85.64968
2022-01-25 15:02:56.001061,84.11161,84.4415,85.64968
2022-01-25 15:02:56.509029,84.11161,84.4415,85.21708
2022-01-25 15:02:57.008119,84.78245,85.21525,85.21708
2022-01-25 15:02:57.503193,83.9569,84.3895,85.57051
2022-01-25 15:02:58.002123,84.26632,84.699,85.57051
2022-01-25 15:02:58.508214,83.59549,84.08,85.7675
2022-01-25 15:02:59.006820,84.26632,84.64825,85.7675
2022-01-25 15:02:59.502306,84.42104,84.699,86.12093
2022-01-25 15:03:00.009990,83.90492,84.02925,86.12093
2022-01-25 15:03:00.505284,84.1636,84.3895,86.67041
2022-01-25 15:03:01.003127,84.00888,84.4415,86.67041
2022-01-25 15:03:01.508461,84.47302,85.0085,86.5526
2022-01-25 15:03:02.006678,84.21434,84.59625,86.5526
2022-01-25 15:03:02.503207,84.26632,84.699,85.29625
2022-01-25 15:03:03.002396,83.44078,83.92525,85.29625
2022-01-25 15:03:03.507250,85.14262,85.16325,85.68833
2022-01-25 15:03:04.004292,84.57575,84.751,85.68833
2022-01-25 15:03:04.510774,83.90492,84.23475,86.04176
2022-01-25 15:03:05.008838,84.11161,84.59625,86.04176
2022-01-25 15:03:05.505772,83.85417,84.132,85.64968
2022-01-25 15:03:06.003311,84.83319,85.16325,85.64968
2022-01-25 15:03:06.510029,83.85417,84.4415,86.5526
2022-01-25 15:03:07.009473,84.11161,84.184,86.5526
2022-01-25 15:03:07.504552,84.57575,84.59625,85.29625
2022-01-25 15:03:08.004337,84.52377,85.0085,85.29625
2022-01-25 15:03:08.510325,84.31831,84.699,86.15958
2022-01-25 15:03:09.008043,83.80219,84.132,86.15958
2022-01-25 15:03:09.503654,84.52377,84.751,86.47437
2022-01-25 15:03:10.002868,83.9569,84.4935,86.47437
2022-01-25 15:03:10.507223,84.52377,84.64825,85.06062
2022-01-25 15:03:11.004049,83.80219,84.02925,85.06062
2022-01-25 15:03:11.510154,84.42104,84.699,85.68833
2022-01-25 15:03:12.008412,84.21434,84.699,85.68833
2022-01-25 15:03:12.503389,84.31831,84.64825,86.00312
2022-01-25 15:03:13.002409,84.21434,84.54425,86.00312
2022-01-25 15:03:13.508721,83.90492,84.4415,85.37447
2022-01-25 15:03:14.007285,83.90492,83.97725,85.37447
2022-01-25 15:03:14.504242,84.57575,84.751,85.33489
2022-01-25 15:03:15.003863,84.26632,84.4415,85.33489
2022-01-25 15:03:15.501839,83.90492,84.4415,86.08135
2022-01-25 15:03:16.009991,84.05963,84.59625,86.08135
2022-01-25 15:03:16.506601,84.1636,84.54425,86.04176
2022-01-25 15:03:17.004052,84.05963,84.59625,86.04176
2022-01-25 15:03:17.509279,84.11161,84.4415,86.04176
2022-01-25 15:03:18.008186,83.9569,84.33875,86.04176
2022-01-25 15:03:18.507259,84.1636,84.23475,85.41406
2022-01-25 15:03:19.006637,84.47302,84.95775,85.41406
2022-01-25 15:03:19.502816,83.9569,84.28675,85.4527
2022-01-25 15:03:20.002009,84.21434,84.4935,85.4527
2022-01-25 15:03:20.506978,84.11161,84.54425,85.92395
2022-01-25 15:03:21.005710,83.9569,84.132,85.92395
2022-01-25 15:03:21.501205,84.26632,84.59625,85.6101
2022-01-25 15:03:22.010290,84.11161,84.4415,85.6101
2022-01-25 15:03:22.505791,84.47302,84.90575,85.68833
2022-01-25 15:03:23.003047,84.00888,84.3895,85.68833
2022-01-25 15:03:23.509610,84.26632,84.4935,85.57051
2022-01-25 15:03:24.008269,84.21434,84.4935,85.57051
2022-01-25 15:03:24.502118,84.47302,84.59625,85.17843
2022-01-25 15:03:25.010695,83.54475,84.132,85.17843
2022-01-25 15:03:25.506862,84.05963,84.184,86.19916
2022-01-25 15:03:26.004179,84.36905,84.699,86.19916
2022-01-25 15:03:26.505494,84.31831,84.95775,86.12093
2022-01-25 15:03:27.005805,84.11161,84.4935,86.12093
2022-01-25 15:03:27.510972,83.49276,83.8225,86.71
2022-01-25 15:03:28.009943,84.88517,85.0605,86.71
2022-01-25 15:03:28.506085,83.9569,84.3895,86.59218
2022-01-25 15:03:29.003256,84.1636,84.33875,86.59218
2022-01-25 15:03:29.509925,84.11161,84.64825,85.57051
2022-01-25 15:03:30.001365,84.21434,84.59625,85.57051
2022-01-25 15:03:30.507440,84.42104,84.803,85.49229
2022-01-25 15:03:31.006787,83.90492,84.4415,85.49229
2022-01-25 15:03:31.504842,84.00888,84.33875,85.84572
2022-01-25 15:03:32.002773,84.26632,84.85375,85.84572
2022-01-25 15:03:32.510692,84.42104,84.4935,85.53187
2022-01-25 15:03:33.008747,84.42104,84.803,85.53187
2022-01-25 15:03:33.504290,83.85417,84.132,86.08135
2022-01-25 15:03:34.003270,84.26632,84.59625,86.08135
2022-01-25 15:03:34.501214,84.31831,84.64825,86.23875
2022-01-25 15:03:35.001231,84.11161,84.3895,86.23875
2022-01-25 15:03:35.505794,83.7502,84.184,84.94281
2022-01-25 15:03:36.003527,84.31831,84.54425,84.94281
2022-01-25 15:03:36.509539,84.1636,84.54425,86.5526
2022-01-25 15:03:37.009800,84.52377,84.699,86.5526
2022-01-25 15:03:37.505415,84.31831,84.59625,86.23875
2022-01-25 15:03:38.003535,83.9569,84.4415,86.23875
2022-01-25 15:03:38.509029,84.11161,84.33875,85.17843
2022-01-25 15:03:39.008643,84.42104,85.0085,85.17843
2022-01-25 15:03:39.505649,83.90492,84.184,86.23875
2022-01-25 15:03:40.004992,84.11161,84.59625,86.23875
2022-01-25 15:03:40.506397,84.1636,84.28675,85.80614
2022-01-25 15:03:41.003826,84.93716,85.1125,85.80614
2022-01-25 15:03:41.504197,83.85417,84.28675,85.72791
2022-01-25 15:03:42.004538,84.11161,84.4935,85.72791
2022-01-25 15:03:42.510746,84.05963,84.4935,85.53187
2022-01-25 15:03:43.001167,84.42104,84.90575,85.53187
2022-01-25 15:03:43.507679,84.05963,84.751,86.00312
2022-01-25 15:03:44.006238,84.00888,84.23475,86.00312
2022-01-25 15:03:44.503183,84.57575,84.751,85.41406
2022-01-25 15:03:45.001840,83.9569,84.23475,85.41406
2022-01-25 15:03:45.509538,84.42104,84.751,85.84572
2022-01-25 15:03:46.009715,83.80219,84.28675,85.84572
2022-01-25 15:03:46.504491,84.05963,84.184,85.6101
2022-01-25 15:03:47.003863,84.05963,84.85375,85.6101
2022-01-25 15:03:47.509690,84.21434,84.4935,85.53187
2022-01-25 15:03:48.007366,84.47302,84.64825,85.53187
2022-01-25 15:03:48.502855,84.36905,84.54425,86.51301
2022-01-25 15:03:49.001886,84.26632,84.54425,86.51301
2022-01-25 15:03:49.508415,83.64747,83.97725,85.53187
2022-01-25 15:03:50.006357,84.83319,85.0605,85.53187
2022-01-25 15:03:50.505764,83.39003,84.02925,85.68833
2022-01-25 15:03:51.007858,84.52377,84.751,85.68833
2022-01-25 15:03:51.502729,84.1636,84.3895,85.41406
2022-01-25 15:03:52.010151,83.90492,84.184,85.41406
2022-01-25 15:03:52.504610,84.93716,85.26725,85.6101
2022-01-25 15:03:53.002129,83.80219,84.23475,85.6101
2022-01-25 15:03:53.506512,84.42104,84.64825,86.04176
2022-01-25 15:03:54.003850,83.69946,84.33875,86.04176
2022-01-25 15:03:54.508757,84.36905,84.64825,85.29625
2022-01-25 15:03:55.009452,84.1636,84.3895,85.29625
2022-01-25 15:03:55.504793,84.21434,84.4415,86.19916
2022-01-25 15:03:56.003146,84.00888,84.23475,86.19916
2022-01-25 15:03:56.508975,84.26632,84.699,85.88531
2022-01-25 15:03:57.007366,84.21434,84.59625,85.88531
2022-01-25 15:03:57.501131,83.90492,84.4935,85.68833
2022-01-25 15:03:58.010180,84.21434,84.54425,85.68833
2022-01-25 15:03:58.505481,83.80219,84.23475,85.49229
2022-01-25 15:03:59.003564,84.1636,84.4935,85.49229
2022-01-25 15:03:59.511112,84.57575,84.751,85.72791
2022-01-25 15:04:00.009711,83.49276,83.92525,85.72791
2022-01-25 15:04:00.505082,84.31831,84.33875,85.6101
2022-01-25 15:04:01.005262,84.26632,84.803,85.6101
2022-01-25 15:04:01.503702,84.47302,84.64825,85.68833
2022-01-25 15:04:02.001871,83.9569,84.699,85.68833
2022-01-25 15:04:02.502599,84.21434,84.3895,85.84572
2022-01-25 15:04:03.001629,84.42104,84.64825,85.84572
2022-01-25 15:04:03.509401,84.57575,85.0605,85.4527
2022-01-25 15:04:04.007203,84.00888,84.132,85.4527
2022-01-25 15:04:04.502813,83.7502,84.08,86.19916
2022-01-25 15:04:05.001561,84.31831,84.4415,86.19916
2022-01-25 15:04:05.508088,84.42104,85.1125,86.74864
2022-01-25 15:04:06.004182,84.11161,84.33875,86.74864
2022-01-25 15:04:06.510288,84.11161,84.3895,84.98145
2022-01-25 15:04:07.008204,83.90492,84.23475,84.98145
2022-01-25 15:04:07.506797,84.52377,84.90575,85.72791
2022-01-25 15:04:08.008533,84.11161,84.54425,85.72791
2022-01-25 15:04:08.504055,84.11161,84.4415,85.68833
2022-01-25 15:04:09.003401,83.7502,84.4415,85.68833
2022-01-25 15:04:09.509667,84.26632,84.54425,85.37447
2022-01-25 15:04:10.008435,84.83319,84.95775,85.37447
2022-01-25 15:04:10.503501,84.11161,84.23475,85.72791
2022-01-25 15:04:11.008647,83.9569,84.23475,85.72791
2022-01-25 15:04:11.506538,83.90492,84.33875,86.19916
2022-01-25 15:04:12.005865,84.47302,84.699,86.19916
2022-01-25 15:04:12.501465,83.85417,84.4935,85.57051
2022-01-25 15:04:13.001262,84.67848,85.0605,85.57051
2022-01-25 15:04:13.506760,84.00888,84.184,86.04176
2022-01-25 15:04:14.006735,84.36905,84.4935,86.04176
2022-01-25 15:04:14.511182,84.31831,84.3895,85.53187
2022-01-25 15:04:15.505059,84.21434,84.33875,87.29906
2022-01-25 15:04:16.003253,83.90492,84.4935,87.29906
2022-01-25 15:04:16.509114,84.31831,84.64825,86.08135
2022-01-25 15:04:17.008486,84.21434,84.64825,86.08135
2022-01-25 15:04:17.503859,84.31831,84.54425,85.49229
2022-01-25 15:04:18.002743,84.52377,84.54425,85.49229
2022-01-25 15:04:18.508950,84.05963,84.4415,85.84572
2022-01-25 15:04:19.006933,84.1636,84.3895,85.84572
2022-01-25 15:04:19.506683,83.90492,84.54425,85.4527
2022-01-25 15:04:20.006269,84.52377,84.85375,85.4527
2022-01-25 15:04:20.502007,83.44078,83.92525,85.13885
2022-01-25 15:04:21.007013,84.62773,84.751,85.13885
2022-01-25 15:04:21.503474,84.11161,84.23475,85.64968
2022-01-25 15:04:22.010763,84.52377,85.0085,85.64968
2022-01-25 15:04:22.506083,84.11161,84.33875,85.84572
2022-01-25 15:04:23.004884,83.85417,84.3895,85.84572
2022-01-25 15:04:23.510259,84.52377,84.699,85.84572
2022-01-25 15:04:24.007797,84.00888,84.64825,85.84572
2022-01-25 15:04:24.502686,83.90492,83.8745,85.84572
2022-01-25 15:04:25.504739,84.21434,84.59625,85.57051
2022-01-25 15:04:26.003364,84.47302,84.699,85.57051
2022-01-25 15:04:26.509221,84.26632,84.95775,85.84572
2022-01-25 15:04:27.008543,83.59549,83.8745,85.84572
2022-01-25 15:04:27.503488,84.05963,84.751,85.29625
2022-01-25 15:04:28.001070,84.1636,84.4415,85.29625
2022-01-25 15:04:28.506777,84.21434,84.23475,85.33489
2022-01-25 15:04:29.006307,84.1636,84.4935,85.33489
2022-01-25 15:04:29.502035,84.00888,84.33875,85.96354
2022-01-25 15:04:30.010686,84.62773,85.0605,85.96354
2022-01-25 15:04:30.505466,84.26632,84.54425,86.23875
2022-01-25 15:04:31.003450,83.59549,84.28675,86.23875
2022-01-25 15:04:31.511081,84.1636,84.3895,85.7675
2022-01-25 15:04:32.010285,84.47302,84.751,85.7675
2022-01-25 15:04:32.505980,84.21434,84.699,86.15958
2022-01-25 15:04:33.004761,84.26632,84.3895,86.15958
2022-01-25 15:04:33.502492,84.26632,84.699,85.4527
2022-01-25 15:04:34.010051,84.05963,84.23475,85.4527
2022-01-25 15:04:34.505615,84.73046,85.26725,85.21708
2022-01-25 15:04:35.003799,83.7502,84.02925,85.21708
2022-01-25 15:04:35.508941,84.21434,84.59625,85.80614
2022-01-25 15:04:36.009507,84.00888,84.4415,85.80614
2022-01-25 15:04:36.506111,84.57575,84.803,85.6101
2022-01-25 15:04:37.004184,83.80219,84.3895,85.6101
2022-01-25 15:04:37.509727,84.42104,84.54425,85.4527
2022-01-25 15:04:38.007747,83.80219,84.4935,85.4527
2022-01-25 15:04:38.503920,84.31831,84.54425,85.4527
2022-01-25 15:04:39.002687,84.1636,84.54425,85.4527
2022-01-25 15:04:39.508722,84.26632,84.59625,86.04176
2022-01-25 15:04:40.008262,84.26632,84.3895,86.04176
2022-01-25 15:04:40.504561,84.11161,84.64825,85.53187
2022-01-25 15:04:41.003986,84.1636,84.4415,85.53187
2022-01-25 15:04:41.510784,84.21434,84.699,86.00312
2022-01-25 15:04:42.008504,84.1636,84.3895,86.00312
2022-01-25 15:04:42.505455,83.90492,84.54425,84.90322
2022-01-25 15:04:43.002797,84.47302,84.751,84.90322
2022-01-25 15:04:43.508256,84.00888,84.08,86.3952
2022-01-25 15:04:44.005752,84.21434,84.4415,86.3952
2022-01-25 15:04:44.510484,84.36905,84.699,85.57051
2022-01-25 15:04:45.010268,83.64747,84.23475,85.57051
2022-01-25 15:04:45.505987,84.78245,84.85375,85.6101
2022-01-25 15:04:46.004037,83.64747,84.184,85.6101
2022-01-25 15:04:46.509478,84.52377,84.751,85.64968
2022-01-25 15:04:47.009107,84.36905,84.4415,85.64968
2022-01-25 15:04:47.503217,83.7502,84.132,85.57051
2022-01-25 15:04:48.001750,84.1636,84.28675,85.57051
2022-01-25 15:04:48.508039,84.36905,84.90575,85.4527
2022-01-25 15:04:49.006685,83.9569,84.184,85.4527
2022-01-25 15:04:49.504629,84.11161,84.59625,87.14166
2022-01-25 15:04:50.002602,84.00888,84.28675,87.14166
2022-01-25 15:04:50.507382,84.52377,84.59625,85.41406
2022-01-25 15:04:51.005382,84.31831,84.54425,85.41406
2022-01-25 15:04:51.501019,83.85417,84.02925,85.68833
2022-01-25 15:04:52.009045,84.1636,84.803,85.68833
2022-01-25 15:04:52.502438,84.1636,84.3895,86.00312
2022-01-25 15:04:53.010795,83.80219,84.28675,86.00312
2022-01-25 15:04:53.506480,84.1636,84.3895,85.57051
2022-01-25 15:04:54.006061,84.31831,84.64825,85.57051
2022-01-25 15:04:54.503403,84.36905,84.59625,85.29625
2022-01-25 15:04:55.001502,84.47302,84.59625,85.29625
2022-01-25 15:04:55.508298,83.80219,84.33875,86.19916
2022-01-25 15:04:56.006809,84.31831,84.803,86.19916
2022-01-25 15:04:56.501345,84.21434,84.64825,85.33489
2022-01-25 15:04:57.010780,83.90492,84.132,85.33489
2022-01-25 15:04:57.505296,83.59549,83.92525,88.47718
2022-01-25 15:04:58.004441,84.21434,84.33875,88.47718
2022-01-25 15:04:58.501639,84.42104,84.33875,235.93885
2022-01-25 15:04:59.009807,84.42104,84.751,235.93885
2022-01-25 15:04:59.505537,83.85417,84.08,215.71468
2022-01-25 15:05:00.003611,84.00888,84.3895,215.71468
2022-01-25 15:05:00.501011,83.9569,84.08,142.67093
2022-01-25 15:05:01.010114,84.31831,85.0085,142.67093
2022-01-25 15:05:01.507005,83.7502,83.8225,92.91447
2022-01-25 15:05:02.005732,84.21434,84.3895,92.91447
2022-01-25 15:05:02.503839,84.00888,84.54425,91.89375
2022-01-25 15:05:03.002832,84.57575,85.0605,91.89375
2022-01-25 15:05:03.511169,84.1636,84.59625,89.02666
2022-01-25 15:05:04.010435,84.05963,84.28675,89.02666
2022-01-25 15:05:04.505193,84.05963,84.4935,86.63083
2022-01-25 15:05:05.002635,84.21434,84.699,86.63083
2022-01-25 15:05:05.508481,84.67848,84.699,85.96354
2022-01-25 15:05:06.007654,84.00888,84.33875,85.96354
2022-01-25 15:05:06.507678,84.1636,84.54425,86.51301
2022-01-25 15:05:07.007304,84.00888,84.699,86.51301
2022-01-25 15:05:07.502648,84.9879,85.37,86.19916
2022-01-25 15:05:08.001144,83.02862,83.66775,86.19916
2022-01-25 15:05:08.506104,84.78245,85.0085,87.4951
2022-01-25 15:05:09.003901,84.00888,84.132,87.4951
2022-01-25 15:05:09.508901,84.05963,84.4935,87.10208
2022-01-25 15:05:10.007541,84.67848,84.90575,87.10208
2022-01-25 15:05:10.501507,83.54475,84.08,85.33489
2022-01-25 15:05:11.007251,84.78245,84.95775,85.33489
2022-01-25 15:05:11.502628,83.90492,84.4935,86.47437
2022-01-25 15:05:12.003201,84.11161,84.64825,86.47437
2022-01-25 15:05:12.509153,84.31831,84.4935,86.04176
2022-01-25 15:05:13.007097,84.1636,84.54425,86.04176
2022-01-25 15:05:13.503529,84.47302,84.64825,85.06062
2022-01-25 15:05:14.002838,84.11161,84.803,85.06062
2022-01-25 15:05:14.510277,84.05963,84.3895,86.15958
2022-01-25 15:05:15.007854,84.1636,84.54425,86.15958
2022-01-25 15:05:15.505992,84.36905,84.59625,85.6101
2022-01-25 15:05:16.003980,83.85417,84.23475,85.6101
2022-01-25 15:05:16.509186,84.67848,85.0605,86.82781
2022-01-25 15:05:17.007340,83.9569,84.08,86.82781
2022-01-25 15:05:17.502825,84.11161,84.751,85.7675
2022-01-25 15:05:18.002198,84.21434,84.3895,85.7675
2022-01-25 15:05:18.507432,84.26632,84.64825,86.19916
2022-01-25 15:05:19.004813,84.42104,84.64825,86.19916
2022-01-25 15:05:19.510765,84.00888,84.3895,86.04176
2022-01-25 15:05:20.010856,84.31831,84.54425,86.04176
2022-01-25 15:05:20.507548,84.1636,84.54425,85.84572
2022-01-25 15:05:21.007045,84.42104,84.85375,85.84572
2022-01-25 15:05:21.503570,84.1636,84.3895,85.6101
2022-01-25 15:05:22.002613,84.11161,84.59625,85.6101
2022-01-25 15:05:22.508552,84.11161,84.4415,86.23875
2022-01-25 15:05:23.008788,84.1636,84.699,86.23875
2022-01-25 15:05:23.506598,84.42104,84.699,85.84572
2022-01-25 15:05:24.006356,84.57575,84.59625,85.84572
2022-01-25 15:05:24.503653,83.64747,84.08,85.21708
2022-01-25 15:05:25.001451,84.26632,84.64825,85.21708
2022-01-25 15:05:25.508346,84.36905,84.803,85.88531
2022-01-25 15:05:26.007861,84.21434,84.54425,85.88531
2022-01-25 15:05:26.506626,83.54475,83.92525,85.7675
2022-01-25 15:05:27.005148,84.21434,84.751,85.7675
2022-01-25 15:05:27.510979,84.73046,84.90575,85.6101
2022-01-25 15:05:28.001703,84.47302,84.95775,85.6101
2022-01-25 15:05:28.507819,83.80219,84.132,86.23875
2022-01-25 15:05:29.007168,84.00888,84.4935,86.23875
2022-01-25 15:05:29.502867,84.36905,84.803,86.35656
2022-01-25 15:05:30.001021,83.85417,84.4415,86.35656
2022-01-25 15:05:30.505891,84.52377,84.803,85.6101
2022-01-25 15:05:31.003664,83.85417,84.02925,85.6101
2022-01-25 15:05:31.509809,84.47302,84.95775,85.84572
2022-01-25 15:05:32.008346,84.62773,84.751,85.84572
2022-01-25 15:05:32.503846,83.54475,83.97725,86.78822
2022-01-25 15:05:33.003728,84.57575,84.751,86.78822
2022-01-25 15:05:33.501927,83.64747,84.184,85.49229
2022-01-25 15:05:34.009392,84.42104,84.85375,85.49229
2022-01-25 15:05:34.504611,84.05963,84.33875,86.08135
2022-01-25 15:05:35.001695,84.57575,84.95775,86.08135
2022-01-25 15:05:35.507836,84.21434,84.23475,85.6101
2022-01-25 15:05:36.005978,84.31831,84.751,85.6101
2022-01-25 15:05:36.510754,84.36905,84.699,85.68833
2022-01-25 15:05:37.008883,84.11161,84.4935,85.68833
2022-01-25 15:05:37.506809,84.05963,84.3895,86.04176
2022-01-25 15:05:38.004219,83.69946,84.3895,86.04176
2022-01-25 15:05:38.510508,84.73046,85.0605,85.68833
2022-01-25 15:05:39.009228,84.05963,84.33875,85.68833
2022-01-25 15:05:39.504076,84.52377,84.699,85.29625
2022-01-25 15:05:40.002916,84.11161,84.3895,85.29625
2022-01-25 15:05:40.508128,84.11161,84.4935,85.57051
2022-01-25 15:05:41.006501,84.31831,84.699,85.57051
2022-01-25 15:05:41.502649,83.59549,84.23475,85.53187
2022-01-25 15:05:42.001750,84.31831,84.85375,85.53187
2022-01-25 15:05:42.508461,84.21434,84.28675,85.6101
2022-01-25 15:05:43.007447,84.1636,84.59625,85.6101
2022-01-25 15:05:43.502076,84.1636,84.54425,85.33489
2022-01-25 15:05:44.009564,84.26632,84.751,85.33489
2022-01-25 15:05:44.505476,84.11161,84.4935,86.3952
2022-01-25 15:05:45.003381,83.80219,84.23475,86.3952
2022-01-25 15:05:45.508978,84.11161,84.59625,85.64968
2022-01-25 15:05:46.007286,84.31831,84.4935,85.64968
2022-01-25 15:05:46.506130,84.26632,84.59625,86.15958
2022-01-25 15:05:47.005710,84.05963,84.132,86.15958
2022-01-25 15:05:47.510997,84.36905,84.803,85.4527
2022-01-25 15:05:48.008645,84.21434,84.4415,85.4527
2022-01-25 15:05:48.504090,83.9569,84.3895,86.04176
2022-01-25 15:05:49.002058,83.9569,84.33875,86.04176
2022-01-25 15:05:49.506569,84.36905,84.54425,85.68833
2022-01-25 15:05:50.004369,84.11161,84.59625,85.68833
2022-01-25 15:05:50.509385,84.57575,84.699,85.53187
2022-01-25 15:05:51.008456,83.69946,84.132,85.53187
2022-01-25 15:05:51.504531,84.47302,84.85375,85.80614
2022-01-25 15:05:52.003458,84.00888,84.4935,85.80614
2022-01-25 15:05:52.508978,84.31831,84.64825,85.29625
2022-01-25 15:05:53.006819,83.85417,84.28675,85.29625
2022-01-25 15:05:53.501330,84.1636,84.4415,86.71
2022-01-25 15:05:54.010857,84.42104,84.59625,86.71
2022-01-25 15:05:54.507228,83.90492,84.4415,85.7675
2022-01-25 15:05:55.008173,84.47302,84.64825,85.7675
2022-01-25 15:05:55.505124,83.64747,83.97725,85.25666
2022-01-25 15:05:56.004254,84.47302,84.85375,85.25666
2022-01-25 15:05:56.510159,84.26632,84.699,85.84572
2022-01-25 15:05:57.008917,84.42104,84.751,85.84572
2022-01-25 15:05:57.505808,84.1636,84.132,86.04176
2022-01-25 15:05:58.003940,83.90492,84.59625,86.04176
2022-01-25 15:05:58.509508,84.26632,84.751,84.78541
2022-01-25 15:05:59.006464,84.05963,84.184,84.78541
2022-01-25 15:05:59.505314,84.47302,84.85375,86.47437
2022-01-25 15:06:00.004753,83.54475,83.97725,86.47437
2022-01-25 15:06:00.502835,84.47302,84.803,85.7675
2022-01-25 15:06:01.007062,84.52377,84.59625,85.7675
2022-01-25 15:06:01.502689,84.1636,84.59625,85.7675
2022-01-25 15:06:02.001758,83.85417,84.23475,85.7675
2022-01-25 15:06:02.506648,83.90492,84.28675,85.88531
2022-01-25 15:06:03.005479,84.57575,84.699,85.88531
2022-01-25 15:06:03.503384,83.49276,84.08,86.19916
2022-01-25 15:06:04.002565,84.67848,85.21525,86.19916
2022-01-25 15:06:04.510311,84.05963,84.08,86.15958
2022-01-25 15:06:05.009147,84.47302,84.803,86.15958
2022-01-25 15:06:05.506088,83.90492,84.132,86.31697
2022-01-25 15:06:06.004360,84.21434,84.4935,86.31697
2022-01-25 15:06:07.005305,84.11161,84.751,85.29625
2022-01-25 15:06:07.501533,84.00888,84.28675,85.68833
2022-01-25 15:06:08.010538,84.1636,84.184,85.68833
2022-01-25 15:06:08.509322,84.31831,84.59625,85.4527
2022-01-25 15:06:09.007843,84.26632,84.59625,85.4527
2022-01-25 15:06:09.503906,84.00888,84.4935,85.37447
2022-01-25 15:06:10.003107,84.1636,84.4935,85.37447
2022-01-25 15:06:10.508341,83.9569,84.4935,85.33489
2022-01-25 15:06:11.004068,84.21434,84.64825,85.33489
2022-01-25 15:06:11.507619,84.21434,84.64825,85.09926
2022-01-25 15:06:12.007370,84.1636,84.4415,85.09926
2022-01-25 15:06:12.505358,84.31831,84.4935,85.88531
2022-01-25 15:06:13.003283,83.9569,84.33875,85.88531
2022-01-25 15:06:13.501089,84.47302,84.699,86.47437
2022-01-25 15:06:14.010330,84.00888,84.3895,86.47437
2022-01-25 15:06:14.506218,84.05963,84.699,85.6101
2022-01-25 15:06:15.004910,84.1636,84.54425,85.6101
2022-01-25 15:06:15.502129,84.11161,84.3895,85.49229
2022-01-25 15:06:16.011124,84.67848,85.0085,85.49229
2022-01-25 15:06:16.507719,83.9569,84.08,85.80614
2022-01-25 15:06:17.004996,84.52377,84.90575,85.80614
2022-01-25 15:06:17.502528,83.85417,84.132,85.57051
2022-01-25 15:06:18.010956,84.26632,84.699,85.57051
2022-01-25 15:06:18.507331,83.85417,84.4935,85.29625
2022-01-25 15:06:19.006787,84.21434,84.4935,85.29625
2022-01-25 15:06:19.503824,84.73046,84.699,85.96354
2022-01-25 15:06:20.002407,83.90492,84.28675,85.96354
2022-01-25 15:06:20.507992,84.47302,84.803,85.64968
2022-01-25 15:06:21.006418,84.26632,84.59625,85.64968
2022-01-25 15:06:21.503819,84.42104,84.85375,86.31697
2022-01-25 15:06:22.003706,83.64747,84.132,86.31697
2022-01-25 15:06:22.509324,84.21434,84.59625,85.57051
2022-01-25 15:06:23.007927,84.31831,84.4935,85.57051
2022-01-25 15:06:23.504047,84.21434,84.3895,85.41406
2022-01-25 15:06:24.004969,84.11161,84.4935,85.41406
2022-01-25 15:06:24.509214,84.11161,84.4935,85.64968
2022-01-25 15:06:25.006799,84.57575,85.26725,85.64968
2022-01-25 15:06:25.502486,83.90492,84.4935,86.08135
2022-01-25 15:06:26.001708,84.31831,84.54425,86.08135
2022-01-25 15:06:26.510221,83.85417,84.02925,85.72791
2022-01-25 15:06:27.008682,84.36905,84.64825,85.72791
2022-01-25 15:06:27.505156,84.26632,84.4415,85.7675
2022-01-25 15:06:28.003517,83.59549,84.02925,85.7675
2022-01-25 15:06:28.509245,84.36905,84.699,85.17843
2022-01-25 15:06:29.007103,83.85417,84.59625,85.17843
2022-01-25 15:06:29.503980,84.67848,85.1125,85.49229
2022-01-25 15:06:30.002716,84.1636,84.28675,85.49229
2022-01-25 15:06:30.510519,84.26632,84.54425,86.00312
2022-01-25 15:06:31.009033,84.26632,84.4935,86.00312
2022-01-25 15:06:31.504532,84.00888,84.4935,85.6101
2022-01-25 15:06:32.002189,84.31831,84.95775,85.6101
2022-01-25 15:06:32.508474,83.7502,84.184,85.96354
2022-01-25 15:06:33.006949,84.1636,84.4415,85.96354
2022-01-25 15:06:33.501961,84.21434,84.59625,86.31697
2022-01-25 15:06:34.010576,84.31831,84.4935,86.31697
2022-01-25 15:06:34.505743,84.47302,84.59625,85.53187
2022-01-25 15:06:35.003850,83.90492,84.28675,85.53187
2022-01-25 15:06:35.502462,84.26632,84.699,85.96354
2022-01-25 15:06:36.504669,84.42104,84.90575,85.57051
2022-01-25 15:06:37.002607,83.7502,84.132,85.57051
2022-01-25 15:06:37.507241,84.42104,84.54425,86.31697
2022-01-25 15:06:38.005797,84.62773,84.64825,86.31697
2022-01-25 15:06:38.502718,83.85417,84.23475,85.33489
2022-01-25 15:06:39.010674,84.42104,84.90575,85.33489
2022-01-25 15:06:39.506034,83.80219,84.184,85.49229
2022-01-25 15:06:40.005389,84.57575,84.95775,85.49229
2022-01-25 15:06:40.504556,83.9569,84.4935,86.00312
2022-01-25 15:06:41.002333,84.26632,84.4935,86.00312
2022-01-25 15:06:41.509653,84.62773,84.64825,86.15958
2022-01-25 15:06:42.007885,83.7502,84.132,86.15958
2022-01-25 15:06:42.502064,84.36905,84.85375,86.27739
2022-01-25 15:06:43.009784,83.80219,84.23475,86.27739
2022-01-25 15:06:43.506543,84.47302,84.699,85.49229
2022-01-25 15:06:44.004606,83.49276,84.02925,85.49229
2022-01-25 15:06:44.509060,84.47302,84.90575,85.68833
2022-01-25 15:06:45.005087,84.26632,84.3895,85.68833
2022-01-25 15:06:45.501121,84.31831,84.59625,85.7675
2022-01-25 15:06:46.010814,84.67848,85.0085,85.7675
2022-01-25 15:06:46.506798,83.59549,83.92525,85.68833
2022-01-25 15:06:47.005404,84.52377,84.803,85.68833
2022-01-25 15:06:47.509834,83.7502,84.132,85.57051
2022-01-25 15:06:48.007341,84.31831,84.699,85.57051
2022-01-25 15:06:48.503783,83.9569,84.184,85.41406
2022-01-25 15:06:49.003733,84.21434,84.3895,85.41406
2022-01-25 15:06:49.508570,84.47302,84.90575,85.72791
2022-01-25 15:06:50.006787,84.1636,84.85375,85.72791
2022-01-25 15:06:50.504925,84.67848,84.85375,86.12093
2022-01-25 15:06:51.003387,83.39003,83.7705,86.12093
2022-01-25 15:06:51.509923,84.52377,84.803,84.98145
2022-01-25 15:06:52.010430,84.00888,84.4935,84.98145
2022-01-25 15:06:52.506201,84.52377,84.751,86.51301
2022-01-25 15:06:53.003787,83.85417,84.08,86.51301
2022-01-25 15:06:53.510754,84.1636,84.751,85.53187
2022-01-25 15:06:54.001052,84.52377,85.0085,85.53187
2022-01-25 15:06:54.507437,83.9569,84.184,85.21708
2022-01-25 15:06:55.007415,84.62773,85.0085,85.21708
2022-01-25 15:06:55.502772,83.44078,83.97725,85.92395
2022-01-25 15:06:56.002251,84.52377,84.699,85.92395
2022-01-25 15:06:56.508469,84.26632,84.3895,85.64968
2022-01-25 15:06:57.007135,83.9569,84.184,85.64968
2022-01-25 15:06:57.502893,84.31831,84.64825,86.15958
2022-01-25 15:06:58.002434,84.00888,84.59625,86.15958
2022-01-25 15:06:58.507961,84.36905,84.54425,86.12093
2022-01-25 15:06:59.007376,83.85417,84.54425,86.12093
2022-01-25 15:06:59.503764,84.42104,84.54425,85.21708
2022-01-25 15:07:00.002730,84.26632,84.54425,85.21708
2022-01-25 15:07:00.508984,84.05963,84.4415,85.7675
2022-01-25 15:07:01.007890,84.36905,84.85375,85.7675
2022-01-25 15:07:01.504641,83.9569,84.3895,85.84572
2022-01-25 15:07:02.002095,84.31831,84.64825,85.84572
2022-01-25 15:07:02.508560,83.9569,84.699,85.7675
2022-01-25 15:07:03.010866,84.26632,84.4415,85.7675
2022-01-25 15:07:03.510673,84.21434,84.4415,85.80614
2022-01-25 15:07:04.001505,84.05963,84.3895,85.80614
2022-01-25 15:07:04.507770,84.31831,84.803,85.41406
2022-01-25 15:07:05.007543,84.05963,84.54425,85.41406
2022-01-25 15:07:05.504436,84.26632,84.59625,85.17843
2022-01-25 15:07:06.003026,84.21434,84.64825,85.17843
2022-01-25 15:07:06.501700,84.42104,84.64825,85.41406
2022-01-25 15:07:07.010605,84.00888,84.23475,85.41406
2022-01-25 15:07:07.508100,84.05963,84.28675,85.09926
2022-01-25 15:07:08.008155,84.26632,84.59625,85.09926
2022-01-25 15:07:08.505666,83.90492,84.33875,85.84572
2022-01-25 15:07:09.004942,84.42104,84.751,85.84572
2022-01-25 15:07:09.502235,83.64747,83.97725,86.78822
2022-01-25 15:07:10.011076,84.67848,84.95775,86.78822
2022-01-25 15:07:10.505992,84.1636,84.54425,86.00312
2022-01-25 15:07:11.004584,84.31831,84.184,86.00312
2022-01-25 15:07:11.510064,84.31831,84.64825,85.96354
2022-01-25 15:07:12.010105,84.00888,84.4415,85.96354
2022-01-25 15:07:12.506114,84.52377,84.85375,85.6101
2022-01-25 15:07:13.003851,83.80219,84.23475,85.6101
2022-01-25 15:07:13.508598,84.05963,84.33875,85.64968
2022-01-25 15:07:14.006611,83.80219,84.28675,85.64968
2022-01-25 15:07:14.501218,84.83319,84.95775,85.88531
2022-01-25 15:07:15.009661,84.21434,84.3895,85.88531
2022-01-25 15:07:15.507798,84.26632,84.64825,85.57051
2022-01-25 15:07:16.006238,83.9569,84.3895,85.57051
2022-01-25 15:07:16.502402,84.21434,84.4935,85.02104
2022-01-25 15:07:17.001994,84.47302,84.64825,85.02104
2022-01-25 15:07:17.508732,83.39003,83.97725,85.68833
2022-01-25 15:07:18.006612,84.62773,84.85375,85.68833
2022-01-25 15:07:18.502359,84.21434,84.4935,85.53187
2022-01-25 15:07:19.002543,84.11161,84.33875,85.53187
2022-01-25 15:07:19.508717,84.21434,84.4935,85.13885
2022-01-25 15:07:20.008182,83.49276,83.8745,85.13885
2022-01-25 15:07:20.504187,84.57575,84.699,237.54864
2022-01-25 15:07:21.004434,83.44078,83.97725,237.54864
2022-01-25 15:07:21.509203,84.47302,84.3895,213.67229
2022-01-25 15:07:22.008941,84.05963,84.23475,213.67229
2022-01-25 15:07:22.505561,84.52377,84.90575,167.92145
2022-01-25 15:07:23.003593,83.90492,84.28675,167.92145
2022-01-25 15:07:23.509457,83.85417,84.132,108.54395
2022-01-25 15:07:24.008278,84.31831,84.3895,108.54395
2022-01-25 15:07:24.503281,83.7502,84.33875,96.52708
2022-01-25 15:07:25.002863,84.26632,84.3895,96.52708
2022-01-25 15:07:25.510385,84.05963,84.28675,95.58458
2022-01-25 15:07:26.007935,84.11161,84.23475,95.58458
2022-01-25 15:07:26.502694,84.62773,85.0605,89.3801
2022-01-25 15:07:27.001287,83.90492,84.33875,89.3801
2022-01-25 15:07:27.506477,84.31831,84.4935,86.12093
2022-01-25 15:07:28.004998,84.36905,84.803,86.12093
2022-01-25 15:07:28.501122,84.00888,84.23475,86.59218
2022-01-25 15:07:29.001334,84.42104,84.95775,86.59218
2022-01-25 15:07:29.508165,84.00888,84.184,86.12093
2022-01-25 15:07:30.007854,84.36905,84.64825,86.12093
2022-01-25 15:07:30.506792,84.21434,84.54425,86.31697
2022-01-25 15:07:31.004448,84.36905,84.751,86.31697
2022-01-25 15:07:31.510818,84.21434,84.64825,86.35656
2022-01-25 15:07:32.009047,84.1636,84.4415,86.35656
2022-01-25 15:07:32.503840,83.90492,84.33875,85.53187
2022-01-25 15:07:33.002088,84.21434,84.4415,85.53187
2022-01-25 15:07:33.507072,84.57575,85.0085,86.63083
2022-01-25 15:07:34.004984,83.64747,83.97725,86.63083
2022-01-25 15:07:34.502404,84.88517,85.1125,85.57051
2022-01-25 15:07:35.011067,83.85417,84.23475,85.57051
2022-01-25 15:07:35.506881,84.31831,84.54425,85.92395
2022-01-25 15:07:36.005462,84.31831,84.95775,85.92395
2022-01-25 15:07:36.510702,84.11161,84.3895,85.92395
2022-01-25 15:07:37.009120,84.47302,84.699,85.92395
2022-01-25 15:07:37.506361,83.85417,84.28675,85.68833
2022-01-25 15:07:38.004689,84.26632,84.64825,85.68833
2022-01-25 15:07:38.511028,83.90492,84.28675,86.08135
2022-01-25 15:07:39.001266,84.36905,84.4415,86.08135
2022-01-25 15:07:39.501030,83.64747,84.4415,85.53187
2022-01-25 15:07:40.010229,84.57575,84.85375,85.53187
2022-01-25 15:07:40.504208,84.26632,84.64825,86.19916
2022-01-25 15:07:41.003787,84.11161,84.4935,86.19916
2022-01-25 15:07:41.508686,84.47302,84.699,85.49229
2022-01-25 15:07:42.006149,83.90492,84.28675,85.49229
2022-01-25 15:07:42.502692,84.31831,84.33875,85.57051
2022-01-25 15:07:43.010791,83.90492,84.4935,85.57051
2022-01-25 15:07:43.507029,84.21434,84.184,87.18125
2022-01-25 15:07:44.005368,84.11161,84.54425,87.18125
2022-01-25 15:07:44.501089,84.42104,84.699,84.98145
2022-01-25 15:07:45.009369,84.1636,84.4415,84.98145
2022-01-25 15:07:45.505697,84.21434,84.54425,85.84572
2022-01-25 15:07:46.004535,84.47302,84.64825,85.84572
2022-01-25 15:07:46.510216,83.59549,84.23475,85.41406
2022-01-25 15:07:47.008494,84.36905,84.59625,85.41406
2022-01-25 15:07:47.502700,84.26632,84.85375,85.68833
2022-01-25 15:07:48.001180,84.21434,84.184,85.68833
2022-01-25 15:07:48.509145,84.26632,84.3895,85.84572
2022-01-25 15:07:49.007536,83.9569,84.4935,85.84572
2022-01-25 15:07:49.502742,84.36905,84.699,86.19916
2022-01-25 15:07:50.001340,84.00888,84.28675,86.19916
2022-01-25 15:07:50.507303,84.00888,84.33875,86.15958
2022-01-25 15:07:51.005849,84.21434,84.85375,86.15958
2022-01-25 15:07:51.501035,84.11161,84.54425,86.19916
2022-01-25 15:07:52.009616,84.57575,84.54425,86.19916
2022-01-25 15:07:52.508011,84.05963,84.23475,85.49229
2022-01-25 15:07:53.007620,84.00888,84.28675,85.49229
2022-01-25 15:07:53.504854,84.05963,84.59625,85.53187
2022-01-25 15:07:54.003322,84.26632,84.4935,85.53187
2022-01-25 15:07:54.508121,83.64747,84.3895,86.47437
2022-01-25 15:07:55.008034,84.31831,84.54425,86.47437
2022-01-25 15:07:55.504753,84.57575,84.751,85.41406
2022-01-25 15:07:56.003076,84.21434,84.4415,85.41406
2022-01-25 15:07:56.508215,84.47302,84.699,86.51301
2022-01-25 15:07:57.007441,83.80219,84.132,86.51301
2022-01-25 15:07:57.503539,84.1636,84.4415,85.4527
2022-01-25 15:07:58.002402,83.80219,84.59625,85.4527
2022-01-25 15:07:58.509737,84.31831,84.54425,85.6101
2022-01-25 15:07:59.008574,84.47302,84.54425,85.6101
2022-01-25 15:07:59.504613,84.05963,84.4415,85.57051
2022-01-25 15:08:00.003141,84.67848,85.1125,85.57051
2022-01-25 15:08:00.508224,84.05963,84.54425,85.6101
2022-01-25 15:08:01.008991,84.31831,84.54425,85.6101
2022-01-25 15:08:01.504673,83.80219,84.4415,86.19916
2022-01-25 15:08:02.003549,84.57575,84.90575,86.19916
2022-01-25 15:08:02.509454,84.05963,84.23475,86.35656
2022-01-25 15:08:03.007877,84.52377,84.54425,86.35656
2022-01-25 15:08:03.504775,84.21434,84.54425,86.08135
2022-01-25 15:08:04.004079,84.00888,84.4935,86.08135
2022-01-25 15:08:04.510780,84.57575,84.699,85.80614
2022-01-25 15:08:05.009733,83.54475,84.08,85.80614
2022-01-25 15:08:05.506099,84.57575,84.90575,85.92395
2022-01-25 15:08:06.003976,84.26632,84.4935,85.92395
2022-01-25 15:08:07.004600,84.11161,84.3895,85.17843
2022-01-25 15:08:07.503016,84.26632,84.699,85.7675
2022-01-25 15:08:08.011084,84.47302,84.54425,85.7675
2022-01-25 15:08:08.505794,83.9569,84.4415,85.53187
2022-01-25 15:08:09.004541,84.36905,84.751,85.53187
2022-01-25 15:08:09.509351,84.00888,84.54425,85.25666
2022-01-25 15:08:10.009475,84.62773,84.90575,85.25666
2022-01-25 15:08:10.504940,84.05963,84.184,86.82781
2022-01-25 15:08:11.009132,84.21434,84.751,86.82781
2022-01-25 15:08:11.505264,84.21434,84.54425,86.27739
2022-01-25 15:08:12.003274,84.05963,84.54425,86.27739
2022-01-25 15:08:12.507910,84.36905,84.59625,85.09926
2022-01-25 15:08:13.009738,83.59549,84.23475,85.09926
2022-01-25 15:08:13.504906,84.42104,84.59625,85.37447
2022-01-25 15:08:14.004931,84.42104,84.64825,85.37447
2022-01-25 15:08:14.510622,83.9569,84.699,85.7675
2022-01-25 15:08:15.008747,84.1636,84.33875,85.7675
2022-01-25 15:08:15.504411,84.42104,85.0605,85.84572
2022-01-25 15:08:16.003042,83.9569,84.23475,85.84572
2022-01-25 15:08:16.508999,84.1636,84.751,85.68833
2022-01-25 15:08:17.007857,84.42104,84.4415,85.68833
2022-01-25 15:08:17.503805,84.21434,84.28675,85.72791
2022-01-25 15:08:18.003419,84.00888,84.54425,85.72791
2022-01-25 15:08:18.509037,84.42104,84.64825,85.09926
2022-01-25 15:08:19.010152,83.85417,84.3895,85.09926
2022-01-25 15:08:19.508409,84.52377,84.699,86.47437
2022-01-25 15:08:20.006730,83.7502,84.64825,86.47437
2022-01-25 15:08:20.502110,84.31831,84.3895,86.08135
2022-01-25 15:08:21.010389,84.47302,84.699,86.08135
2022-01-25 15:08:21.506528,83.85417,84.132,85.84572
2022-01-25 15:08:22.003870,84.36905,84.3895,85.84572
2022-01-25 15:08:22.509528,84.11161,84.64825,86.04176
2022-01-25 15:08:23.007727,84.11161,84.33875,86.04176
2022-01-25 15:08:23.506774,84.05963,84.699,85.6101
2022-01-25 15:08:24.005256,84.1636,84.33875,85.6101
2022-01-25 15:08:24.501061,84.26632,84.59625,86.23875
2022-01-25 15:08:25.009181,84.52377,84.85375,86.23875
2022-01-25 15:08:25.504735,84.21434,84.3895,85.6101
2022-01-25 15:08:26.003289,83.9569,84.3895,85.6101
2022-01-25 15:08:26.510316,84.62773,85.0605,85.17843
2022-01-25 15:08:27.007204,83.33805,84.02925,85.17843
2022-01-25 15:08:27.503955,84.52377,84.803,85.68833
2022-01-25 15:08:28.002753,83.85417,84.184,85.68833
2022-01-25 15:08:28.508511,84.62773,84.90575,86.47437
2022-01-25 15:08:29.008096,84.21434,84.184,86.47437
2022-01-25 15:08:29.503367,84.00888,84.4415,86.5526
2022-01-25 15:08:30.006982,84.21434,84.4415,86.5526
2022-01-25 15:08:30.505361,84.21434,84.95775,86.51301
2022-01-25 15:08:31.003524,84.21434,84.54425,86.51301
2022-01-25 15:08:31.510443,83.80219,84.28675,86.04176
2022-01-25 15:08:32.009773,84.36905,84.4415,86.04176
2022-01-25 15:08:32.507640,84.52377,84.4935,85.4527
2022-01-25 15:08:33.006523,84.36905,84.803,85.4527
2022-01-25 15:08:34.005631,84.1636,84.699,85.92395
2022-01-25 15:08:34.511167,84.42104,84.64825,86.3952
2022-01-25 15:08:35.010596,83.80219,84.4935,86.3952
2022-01-25 15:08:35.506873,84.26632,84.4935,85.72791
2022-01-25 15:08:36.004549,84.31831,84.3895,85.72791
2022-01-25 15:08:36.504384,84.21434,84.64825,85.80614
2022-01-25 15:08:37.002667,84.31831,84.59625,85.80614
2022-01-25 15:08:37.509203,84.26632,84.751,85.37447
2022-01-25 15:08:38.007172,84.11161,84.33875,85.37447
2022-01-25 15:08:38.504846,84.00888,84.699,86.63083
2022-01-25 15:08:39.004654,84.21434,84.3895,86.63083
2022-01-25 15:08:39.510834,84.26632,84.4935,86.15958
2022-01-25 15:08:40.002082,84.1636,84.4935,86.15958
2022-01-25 15:08:40.507252,83.90492,84.3895,84.86364
2022-01-25 15:08:41.006080,84.31831,84.751,84.86364
2022-01-25 15:08:41.502650,84.31831,84.54425,85.6101
2022-01-25 15:08:42.010704,83.9569,84.64825,85.6101
2022-01-25 15:08:42.506144,83.64747,83.97725,85.57051
2022-01-25 15:08:43.003918,84.52377,84.751,85.57051
2022-01-25 15:08:43.501178,84.11161,84.23475,85.4527
2022-01-25 15:08:44.009700,84.36905,84.3895,85.4527
2022-01-25 15:08:44.505643,84.11161,84.803,85.6101
2022-01-25 15:08:45.005123,84.1636,84.54425,85.6101
2022-01-25 15:08:45.511065,84.1636,84.54425,85.68833
2022-01-25 15:08:46.009210,84.36905,84.64825,85.68833
2022-01-25 15:08:46.506781,84.00888,84.33875,84.98145
2022-01-25 15:08:47.004661,84.1636,84.4935,84.98145
2022-01-25 15:08:47.510457,84.11161,84.08,86.12093
2022-01-25 15:08:48.007292,84.21434,84.64825,86.12093
2022-01-25 15:08:48.502757,84.31831,84.803,85.7675
2022-01-25 15:08:49.011157,84.11161,84.64825,85.7675
2022-01-25 15:08:49.506960,84.1636,84.33875,86.67041
2022-01-25 15:08:50.006269,84.00888,84.4415,86.67041
2022-01-25 15:08:50.503455,84.52377,84.90575,85.92395
2022-01-25 15:08:51.002346,84.57575,84.699,85.92395
2022-01-25 15:08:51.507614,83.54475,84.132,85.64968
2022-01-25 15:08:52.006853,84.21434,84.4415,85.64968
2022-01-25 15:08:52.502338,83.90492,84.3895,85.25666
2022-01-25 15:08:53.010131,84.83319,85.0605,85.25666
2022-01-25 15:08:53.507329,83.85417,84.4415,85.49229
2022-01-25 15:08:54.005616,84.26632,84.3895,85.49229
2022-01-25 15:08:54.501097,84.57575,84.54425,85.4527
2022-01-25 15:08:55.003224,84.11161,84.699,85.4527
2022-01-25 15:08:55.508557,83.9569,84.4935,85.29625
2022-01-25 15:08:56.007128,84.11161,84.64825,85.29625
2022-01-25 15:08:56.510307,84.11161,84.3895,85.96354
2022-01-25 15:08:57.008703,83.7502,84.3895,85.96354
2022-01-25 15:08:57.503582,84.88517,85.0085,85.49229
2022-01-25 15:08:58.003619,83.85417,83.97725,85.49229
2022-01-25 15:08:58.501436,84.47302,84.803,85.84572
2022-01-25 15:08:59.010407,83.90492,84.08,85.84572
2022-01-25 15:08:59.509903,83.9569,84.699,86.47437
2022-01-25 15:09:00.008259,84.11161,84.33875,86.47437
2022-01-25 15:09:00.504435,83.85417,84.54425,85.29625
2022-01-25 15:09:01.006947,84.31831,84.64825,85.29625
2022-01-25 15:09:01.504387,84.52377,84.4415,85.80614
2022-01-25 15:09:02.002782,84.36905,84.54425,85.80614
2022-01-25 15:09:02.507973,84.31831,84.4935,85.37447
2022-01-25 15:09:03.007246,84.05963,84.4935,85.37447
2022-01-25 15:09:03.503636,84.05963,84.23475,85.72791
2022-01-25 15:09:04.003699,83.9569,84.4415,85.72791
2022-01-25 15:09:04.509841,84.21434,84.59625,85.6101
2022-01-25 15:09:05.010920,83.9569,84.23475,85.6101
2022-01-25 15:09:05.507041,84.52377,84.803,85.7675
2022-01-25 15:09:06.006851,84.36905,84.54425,85.7675
2022-01-25 15:09:06.504103,84.1636,84.699,85.37447
2022-01-25 15:09:07.002626,83.90492,84.132,85.37447
2022-01-25 15:09:07.510422,84.26632,84.751,86.19916
2022-01-25 15:09:08.007927,83.90492,84.184,86.19916
2022-01-25 15:09:08.503580,84.21434,84.54425,85.4527
2022-01-25 15:09:09.010683,84.11161,84.4415,85.4527
2022-01-25 15:09:09.505974,84.73046,84.803,85.88531
2022-01-25 15:09:10.005045,84.05963,84.54425,85.88531
2022-01-25 15:09:10.501440,84.21434,84.4935,85.72791
2022-01-25 15:09:11.006264,84.11161,84.4415,85.72791
2022-01-25 15:09:11.501881,84.21434,84.699,86.00312
2022-01-25 15:09:12.010570,83.59549,83.97725,86.00312
2022-01-25 15:09:12.505847,84.42104,84.59625,85.33489
2022-01-25 15:09:13.004830,84.42104,84.4415,85.33489
2022-01-25 15:09:13.502386,84.11161,84.751,86.59218
2022-01-25 15:09:14.001281,84.67848,84.95775,86.59218
2022-01-25 15:09:14.508094,83.54475,83.97725,85.64968
2022-01-25 15:09:15.006190,84.47302,84.751,85.64968
2022-01-25 15:09:15.502010,83.80219,84.4415,86.15958
2022-01-25 15:09:16.010983,83.9569,84.33875,86.15958
2022-01-25 15:09:16.509066,84.26632,84.23475,85.6101
2022-01-25 15:09:17.007237,84.42104,84.95775,85.6101
2022-01-25 15:09:17.502325,84.31831,84.699,85.80614
2022-01-25 15:09:18.009793,84.1636,84.54425,85.80614
2022-01-25 15:09:18.506305,84.21434,84.59625,85.96354
2022-01-25 15:09:19.003988,84.00888,84.4415,85.96354
2022-01-25 15:09:19.501961,84.26632,84.59625,85.49229
2022-01-25 15:09:20.010326,84.11161,84.28675,85.49229
2022-01-25 15:09:20.506998,84.1636,84.751,85.17843
2022-01-25 15:09:21.004756,84.26632,84.4415,85.17843
2022-01-25 15:09:21.502820,84.11161,84.54425,86.19916
2022-01-25 15:09:22.010855,84.52377,84.803,86.19916
2022-01-25 15:09:22.506296,83.7502,84.28675,85.72791
2022-01-25 15:09:23.003670,84.52377,84.751,85.72791
2022-01-25 15:09:23.509162,83.85417,84.02925,86.00312
2022-01-25 15:09:24.006676,84.57575,85.0605,86.00312
2022-01-25 15:09:24.503079,84.00888,84.33875,85.80614
2022-01-25 15:09:25.002491,84.1636,84.54425,85.80614
2022-01-25 15:09:25.508652,84.26632,84.4935,86.51301
2022-01-25 15:09:26.009029,84.1636,84.59625,86.51301
2022-01-25 15:09:26.504006,84.26632,84.64825,86.5526
2022-01-25 15:09:27.002194,84.21434,84.4935,86.5526
2022-01-25 15:09:27.508121,84.31831,84.699,86.08135
2022-01-25 15:09:28.006750,84.52377,84.751,86.08135
2022-01-25 15:09:28.501034,83.90492,84.4935,86.51301
2022-01-25 15:09:29.010312,83.85417,84.184,86.51301
2022-01-25 15:09:29.505538,84.21434,84.751,86.23875
2022-01-25 15:09:30.006408,84.42104,84.64825,86.23875
2022-01-25 15:09:30.504637,83.59549,83.92525,85.88531
2022-01-25 15:09:31.002496,84.31831,84.751,85.88531
2022-01-25 15:09:31.507411,84.21434,84.184,85.7675
2022-01-25 15:09:32.004889,84.57575,84.95775,85.7675
2022-01-25 15:09:32.501198,84.21434,84.54425,86.15958
2022-01-25 15:09:33.009729,83.90492,84.23475,86.15958
2022-01-25 15:09:33.506303,84.57575,84.85375,85.4527
2022-01-25 15:09:34.004850,83.9569,84.59625,85.4527
2022-01-25 15:09:34.502852,84.26632,84.54425,85.88531
2022-01-25 15:09:35.001939,84.1636,84.184,85.88531
2022-01-25 15:09:35.506922,84.00888,84.4415,85.29625
2022-01-25 15:09:36.006302,84.1636,84.4415,85.29625
2022-01-25 15:09:36.502351,83.85417,84.28675,85.06062
2022-01-25 15:09:37.000975,84.52377,84.803,85.06062
2022-01-25 15:09:37.506773,83.69946,84.23475,86.08135
2022-01-25 15:09:38.008409,84.21434,84.54425,86.08135
2022-01-25 15:09:38.504299,84.42104,84.64825,85.80614
2022-01-25 15:09:39.004123,84.26632,84.54425,85.80614
2022-01-25 15:09:39.510504,84.47302,84.699,85.53187
2022-01-25 15:09:40.010027,83.69946,84.28675,85.53187
2022-01-25 15:09:40.506519,84.26632,84.64825,85.64968
2022-01-25 15:09:41.007206,83.64747,83.97725,85.64968
2022-01-25 15:09:41.503664,84.62773,85.0605,85.80614
2022-01-25 15:09:42.003463,83.44078,83.61575,85.80614
2022-01-25 15:09:42.510383,84.26632,84.54425,146.67656
2022-01-25 15:09:43.010766,84.47302,84.33875,146.67656
2022-01-25 15:09:43.507312,83.69946,84.08,230.83333
2022-01-25 15:09:44.007652,84.67848,84.90575,230.83333
2022-01-25 15:09:44.502881,83.28607,83.71975,199.37739
2022-01-25 15:09:45.002621,84.57575,84.751,199.37739
2022-01-25 15:09:45.509377,83.44078,83.66775,135.75864
2022-01-25 15:09:46.008959,84.67848,85.0605,135.75864
2022-01-25 15:09:46.505930,84.31831,84.23475,92.0502
2022-01-25 15:09:47.004708,83.69946,84.08,92.0502
2022-01-25 15:09:47.503712,84.36905,84.4935,91.89375
2022-01-25 15:09:48.010635,83.9569,84.23475,91.89375
2022-01-25 15:09:48.506159,84.67848,84.95775,89.30187
2022-01-25 15:09:49.004559,83.23532,83.92525,89.30187
2022-01-25 15:09:49.509265,84.73046,85.1125,88.20197
2022-01-25 15:09:50.010121,84.1636,84.23475,88.20197
2022-01-25 15:09:50.505894,84.42104,84.95775,87.18125
2022-01-25 15:09:51.004569,83.90492,84.33875,87.18125
2022-01-25 15:09:51.510412,84.05963,84.33875,86.35656
2022-01-25 15:09:52.010385,84.42104,84.699,86.35656
2022-01-25 15:09:52.507234,83.90492,84.54425,86.12093
2022-01-25 15:09:53.005823,84.1636,84.54425,86.12093
2022-01-25 15:09:53.510672,84.05963,84.184,86.08135
2022-01-25 15:09:54.008023,84.67848,85.0085,86.08135
2022-01-25 15:09:54.506771,83.9569,84.28675,87.3377
2022-01-25 15:09:55.006535,84.26632,84.699,87.3377
2022-01-25 15:09:55.502952,83.9569,84.33875,85.7675
2022-01-25 15:09:56.002390,84.21434,84.59625,85.7675
2022-01-25 15:09:56.508440,84.36905,84.90575,86.23875
2022-01-25 15:09:57.007836,84.42104,84.59625,86.23875
2022-01-25 15:09:57.503839,84.31831,84.64825,85.96354
2022-01-25 15:09:58.002488,84.00888,84.28675,85.96354
2022-01-25 15:09:58.508736,84.1636,84.54425,85.88531
2022-01-25 15:09:59.006937,84.42104,84.85375,85.88531
2022-01-25 15:09:59.503300,83.9569,84.59625,85.84572
2022-01-25 15:10:00.002398,84.26632,84.64825,85.84572
2022-01-25 15:10:00.507288,84.00888,84.33875,86.00312
2022-01-25 15:10:01.008183,84.31831,84.59625,86.00312
2022-01-25 15:10:01.504449,84.57575,84.59625,85.02104
2022-01-25 15:10:02.001926,83.85417,84.33875,85.02104
2022-01-25 15:10:02.508956,84.1636,84.3895,86.19916
2022-01-25 15:10:03.007239,84.11161,84.54425,86.19916
2022-01-25 15:10:03.506373,84.62773,85.16325,85.57051
2022-01-25 15:10:04.005363,83.90492,84.28675,85.57051
2022-01-25 15:10:04.501527,84.42104,84.699,86.15958
2022-01-25 15:10:05.003499,84.52377,84.4415,86.15958
2022-01-25 15:10:05.509975,83.9569,84.28675,86.12093
2022-01-25 15:10:06.008078,84.21434,84.59625,86.12093
2022-01-25 15:10:06.503958,83.80219,84.184,85.7675
2022-01-25 15:10:07.002322,84.31831,84.85375,85.7675
2022-01-25 15:10:07.508434,83.90492,84.4415,85.17843
2022-01-25 15:10:08.006748,84.52377,84.751,85.17843
2022-01-25 15:10:08.502324,84.21434,84.33875,85.64968
2022-01-25 15:10:09.001487,84.11161,84.54425,85.64968
2022-01-25 15:10:09.509895,84.11161,84.3895,86.12093
2022-01-25 15:10:10.009828,83.90492,84.23475,86.12093
2022-01-25 15:10:10.505686,84.67848,85.26725,86.12093
2022-01-25 15:10:11.010094,83.7502,84.3895,86.12093
2022-01-25 15:10:11.506760,84.42104,84.699,85.72791
2022-01-25 15:10:12.006791,83.90492,83.8745,85.72791
2022-01-25 15:10:12.503292,84.73046,84.95775,86.04176
2022-01-25 15:10:13.002259,84.11161,84.59625,86.04176
2022-01-25 15:10:13.509246,83.90492,84.28675,85.88531
2022-01-25 15:10:14.006831,83.9569,84.28675,85.88531
2022-01-25 15:10:14.502673,84.11161,84.699,85.68833
2022-01-25 15:10:15.001760,84.21434,84.64825,85.68833
2022-01-25 15:10:15.508894,84.36905,84.64825,85.17843
2022-01-25 15:10:16.006891,84.1636,84.3895,85.17843
2022-01-25 15:10:16.502851,84.00888,84.23475,86.3952
2022-01-25 15:10:17.010784,84.52377,84.95775,86.3952
2022-01-25 15:10:17.509256,84.11161,84.59625,86.5526
2022-01-25 15:10:18.007878,83.9569,84.4935,86.5526
2022-01-25 15:10:18.503114,84.21434,84.64825,85.49229
2022-01-25 15:10:19.001826,84.1636,84.23475,85.49229
2022-01-25 15:10:19.510322,84.52377,84.85375,85.41406
2022-01-25 15:10:20.010421,84.21434,84.4935,85.41406
2022-01-25 15:10:20.506110,84.21434,84.28675,86.3952
2022-01-25 15:10:21.006059,84.21434,84.3895,86.3952
2022-01-25 15:10:21.502034,84.11161,84.699,85.4527
2022-01-25 15:10:22.009110,83.9569,84.4415,85.4527
2022-01-25 15:10:22.503337,84.00888,84.4415,86.08135
2022-01-25 15:10:23.002582,84.1636,84.23475,86.08135
2022-01-25 15:10:23.510409,84.83319,85.0085,85.68833
2022-01-25 15:10:24.009529,83.90492,84.28675,85.68833
2022-01-25 15:10:24.506775,84.05963,84.3895,85.72791
2022-01-25 15:10:25.005326,84.11161,84.4415,85.72791
2022-01-25 15:10:25.502031,84.1636,84.59625,85.49229
2022-01-25 15:10:26.001730,83.9569,84.4935,85.49229
2022-01-25 15:10:26.506451,84.11161,84.4415,84.90322
2022-01-25 15:10:27.003562,84.52377,84.751,84.90322
2022-01-25 15:10:27.509172,84.00888,84.33875,85.96354
2022-01-25 15:10:28.009521,84.57575,84.95775,85.96354
2022-01-25 15:10:28.507480,83.7502,83.8225,86.15958
2022-01-25 15:10:29.007019,84.52377,84.95775,86.15958
2022-01-25 15:10:29.503366,84.05963,84.59625,85.09926
2022-01-25 15:10:30.002048,84.05963,84.3895,85.09926
2022-01-25 15:10:30.508488,84.57575,84.751,85.64968
2022-01-25 15:10:31.006478,84.21434,84.3895,85.64968
2022-01-25 15:10:31.502690,84.52377,84.95775,85.53187
2022-01-25 15:10:32.001421,83.80219,84.132,85.53187
2022-01-25 15:10:32.510899,84.62773,84.90575,85.7675
2022-01-25 15:10:33.009770,83.85417,84.4415,85.7675
2022-01-25 15:10:33.507385,84.05963,84.4935,86.04176
2022-01-25 15:10:34.005667,84.42104,84.54425,86.04176
2022-01-25 15:10:34.506188,84.00888,84.28675,85.53187
2022-01-25 15:10:35.005069,84.57575,84.803,85.53187
2022-01-25 15:10:35.511002,83.7502,84.4415,85.33489
2022-01-25 15:10:36.010750,84.36905,84.85375,85.33489
2022-01-25 15:10:36.506035,83.54475,83.97725,85.57051
2022-01-25 15:10:37.005716,84.67848,84.95775,85.57051
2022-01-25 15:10:37.502198,83.85417,84.23475,85.53187
2022-01-25 15:10:38.010780,84.31831,84.4935,85.53187
2022-01-25 15:10:38.507926,84.36905,84.54425,85.68833
2022-01-25 15:10:39.006259,84.1636,84.4415,85.68833
2022-01-25 15:10:39.502981,84.31831,84.751,85.96354
2022-01-25 15:10:40.505172,84.42104,84.59625,85.80614
2022-01-25 15:10:41.004223,84.1636,84.4415,85.80614
2022-01-25 15:10:41.509930,84.42104,84.64825,85.29625
2022-01-25 15:10:42.010648,84.31831,84.59625,85.29625
2022-01-25 15:10:42.506393,83.85417,84.08,85.80614
2022-01-25 15:10:43.004353,84.47302,84.90575,85.80614
2022-01-25 15:10:43.501631,83.90492,84.28675,85.68833
2022-01-25 15:10:44.010266,84.47302,84.803,85.68833
2022-01-25 15:10:44.505711,83.69946,84.184,86.00312
2022-01-25 15:10:45.004494,84.31831,84.4935,86.00312
2022-01-25 15:10:45.510159,84.67848,84.59625,85.6101
2022-01-25 15:10:46.008584,83.9569,84.3895,85.6101
2022-01-25 15:10:46.506856,84.1636,84.64825,85.80614
2022-01-25 15:10:47.006554,83.90492,84.4935,85.80614
2022-01-25 15:10:47.502285,84.47302,84.59625,86.74864
2022-01-25 15:10:48.011114,84.05963,84.54425,86.74864
2022-01-25 15:10:48.507162,84.26632,84.54425,85.88531
2022-01-25 15:10:49.006441,84.31831,84.28675,85.88531
2022-01-25 15:10:49.501898,84.21434,84.33875,85.29625
2022-01-25 15:10:50.009821,84.36905,84.90575,85.29625
2022-01-25 15:10:50.504440,83.69946,84.02925,86.63083
2022-01-25 15:10:51.004648,84.52377,84.803,86.63083
2022-01-25 15:10:51.510437,83.64747,84.08,85.25666
2022-01-25 15:10:52.008597,84.67848,84.85375,85.25666
2022-01-25 15:10:52.505144,84.62773,84.90575,85.57051
2022-01-25 15:10:53.004484,83.54475,83.66775,85.57051
2022-01-25 15:10:53.509765,84.93716,85.422,85.25666
2022-01-25 15:10:54.009743,83.85417,84.28675,85.25666
2022-01-25 15:10:54.506869,84.62773,84.90575,85.53187
2022-01-25 15:10:55.005248,83.44078,83.8745,85.53187
2022-01-25 15:10:55.504535,84.05963,84.4415,85.37447
2022-01-25 15:10:56.004570,84.21434,84.4415,85.37447
2022-01-25 15:10:56.510463,84.52377,84.803,86.12093
2022-01-25 15:10:57.009166,84.1636,84.54425,86.12093
2022-01-25 15:10:57.505772,83.9569,84.59625,85.37447
2022-01-25 15:10:58.004684,84.47302,84.803,85.37447
2022-01-25 15:10:58.510058,83.9569,84.28675,85.57051
2022-01-25 15:10:59.009888,84.52377,84.803,85.57051
2022-01-25 15:10:59.507242,83.59549,84.184,86.3952
2022-01-25 15:11:00.006137,84.26632,84.4935,86.3952
2022-01-25 15:11:00.501485,84.47302,84.803,85.21708
2022-01-25 15:11:01.010734,83.90492,84.33875,85.21708
2022-01-25 15:11:01.507305,84.67848,85.0605,86.47437
2022-01-25 15:11:02.005505,83.80219,84.184,86.47437
2022-01-25 15:11:02.501249,84.21434,84.3895,85.49229
2022-01-25 15:11:03.010215,83.7502,84.23475,85.49229
2022-01-25 15:11:03.505932,84.78245,84.90575,85.72791
2022-01-25 15:11:04.005619,83.85417,84.132,85.72791
2022-01-25 15:11:04.501235,84.42104,84.751,85.88531
2022-01-25 15:11:05.010862,84.21434,84.4935,85.88531
2022-01-25 15:11:05.508279,84.11161,84.4935,85.53187
2022-01-25 15:11:06.007308,84.47302,84.751,85.53187
2022-01-25 15:11:06.503474,83.39003,84.184,85.7675
2022-01-25 15:11:07.001681,84.47302,84.4415,85.7675
2022-01-25 15:11:07.507355,84.31831,84.54425,85.49229
2022-01-25 15:11:08.006473,84.47302,84.85375,85.49229
2022-01-25 15:11:08.502792,83.9569,84.4415,85.84572
2022-01-25 15:11:09.003535,84.21434,84.54425,85.84572
2022-01-25 15:11:09.510961,84.11161,84.28675,85.41406
2022-01-25 15:11:10.009920,84.11161,84.59625,85.41406
2022-01-25 15:11:10.505805,84.47302,84.54425,85.72791
2022-01-25 15:11:11.008457,84.00888,84.184,85.72791
2022-01-25 15:11:11.503444,84.42104,84.64825,84.90322
2022-01-25 15:11:12.003100,84.00888,84.54425,84.90322
2022-01-25 15:11:12.508824,84.47302,84.751,85.64968
2022-01-25 15:11:13.006838,84.11161,84.4935,85.64968
2022-01-25 15:11:13.502361,83.59549,84.184,85.41406
2022-01-25 15:11:14.010501,84.47302,84.59625,85.41406
2022-01-25 15:11:14.506294,84.47302,84.803,86.27739
2022-01-25 15:11:15.004729,83.85417,84.132,86.27739
2022-01-25 15:11:15.501368,84.11161,84.4415,85.68833
2022-01-25 15:11:16.001038,83.85417,84.28675,85.68833
2022-01-25 15:11:16.507076,84.67848,84.95775,86.27739
2022-01-25 15:11:17.006316,84.21434,84.85375,86.27739
2022-01-25 15:11:17.503735,83.64747,83.8745,85.96354
2022-01-25 15:11:18.004390,84.52377,84.85375,85.96354
2022-01-25 15:11:18.503401,84.36905,84.54425,85.7675
2022-01-25 15:11:19.002812,84.73046,84.95775,85.7675
2022-01-25 15:11:19.508658,83.59549,84.132,85.64968
2022-01-25 15:11:20.006339,84.05963,84.3895,85.64968
2022-01-25 15:11:20.502079,84.11161,84.54425,85.13885
2022-01-25 15:11:21.010224,84.52377,84.90575,85.13885
2022-01-25 15:11:21.505857,83.64747,84.184,85.88531
2022-01-25 15:11:22.006220,84.47302,84.751,85.88531
2022-01-25 15:11:22.501174,84.26632,84.3895,85.49229
2022-01-25 15:11:23.009993,84.1636,84.59625,85.49229
2022-01-25 15:11:23.504740,84.52377,85.0085,85.7675
2022-01-25 15:11:24.002623,83.7502,84.132,85.7675
2022-01-25 15:11:24.501134,84.36905,84.64825,85.64968
2022-01-25 15:11:25.009109,83.7502,84.33875,85.64968
2022-01-25 15:11:25.504586,84.52377,84.4935,85.21708
2022-01-25 15:11:26.003134,84.31831,84.54425,85.21708
2022-01-25 15:11:26.511097,84.1636,84.33875,85.96354
2022-01-25 15:11:27.008940,84.05963,84.28675,85.96354
2022-01-25 15:11:27.504286,84.1636,84.59625,85.49229
2022-01-25 15:11:28.002039,84.62773,84.85375,85.49229
2022-01-25 15:11:28.507283,83.54475,84.02925,85.4527
2022-01-25 15:11:29.004935,84.42104,84.59625,85.4527
2022-01-25 15:11:29.502413,84.26632,84.4935,86.3952
2022-01-25 15:11:30.010462,84.42104,84.751,86.3952
2022-01-25 15:11:30.504510,84.05963,84.184,85.68833
2022-01-25 15:11:31.004906,84.05963,84.4935,85.68833
2022-01-25 15:11:31.501888,84.00888,84.132,85.49229
2022-01-25 15:11:32.002034,83.80219,84.33875,85.49229
2022-01-25 15:11:32.507885,84.42104,84.751,86.00312
2022-01-25 15:11:33.005151,84.21434,84.59625,86.00312
2022-01-25 15:11:33.502323,84.00888,84.184,85.4527
2022-01-25 15:11:34.010534,83.9569,84.184,85.4527
2022-01-25 15:11:34.505278,84.47302,84.85375,86.08135
2022-01-25 15:11:35.002999,84.1636,84.28675,86.08135
2022-01-25 15:11:35.501148,83.85417,84.4415,86.00312
2022-01-25 15:11:36.009827,84.1636,84.02925,86.00312
2022-01-25 15:11:36.510235,84.05963,84.751,84.98145
2022-01-25 15:11:37.008703,84.47302,84.85375,84.98145
2022-01-25 15:11:37.502888,84.57575,84.90575,85.96354
2022-01-25 15:11:38.001888,83.49276,83.8225,85.96354
2022-01-25 15:11:38.508500,84.73046,84.95775,86.12093
2022-01-25 15:11:39.007876,84.05963,84.3895,86.12093
2022-01-25 15:11:39.505121,84.00888,84.02925,86.35656
2022-01-25 15:11:40.006961,84.1636,84.90575,86.35656
2022-01-25 15:11:40.501797,83.85417,83.97725,85.72791
2022-01-25 15:11:41.000577,84.9879,85.1125,85.72791
2022-01-25 15:11:41.503408,83.7502,84.23475,85.53187
2022-01-25 15:11:42.002380,84.11161,84.59625,85.53187
2022-01-25 15:11:42.509166,84.42104,84.85375,86.08135
2022-01-25 15:11:43.009152,84.11161,84.23475,86.08135
2022-01-25 15:11:43.504350,84.26632,84.85375,85.72791
2022-01-25 15:11:44.002906,84.1636,84.3895,85.72791
2022-01-25 15:11:44.510216,84.05963,84.4415,85.53187
2022-01-25 15:11:45.008688,83.80219,83.97725,85.53187
2022-01-25 15:11:45.503758,84.83319,85.21525,85.92395
2022-01-25 15:11:46.002771,83.49276,83.8745,85.92395
2022-01-25 15:11:46.509234,84.52377,84.803,86.12093
2022-01-25 15:11:47.008335,83.54475,84.23475,86.12093
2022-01-25 15:11:47.504693,84.52377,84.751,86.08135
2022-01-25 15:11:48.003052,84.83319,85.0605,86.08135
2022-01-25 15:11:48.509120,83.54475,83.7705,85.49229
2022-01-25 15:11:49.009516,84.26632,84.59625,85.49229
2022-01-25 15:11:49.505183,84.26632,84.64825,85.53187
2022-01-25 15:11:50.002896,84.31831,84.3895,85.53187
2022-01-25 15:11:50.506757,83.80219,84.3895,85.13885
2022-01-25 15:11:51.007661,84.1636,84.28675,85.13885
2022-01-25 15:11:51.504398,84.26632,84.64825,85.57051
2022-01-25 15:11:52.002685,84.21434,84.54425,85.57051
2022-01-25 15:11:52.509927,84.26632,84.4935,86.12093
2022-01-25 15:11:53.008527,83.85417,84.3895,86.12093
2022-01-25 15:11:53.506323,84.47302,84.64825,85.21708
2022-01-25 15:11:54.004103,83.85417,84.33875,85.21708
2022-01-25 15:11:55.004776,83.9569,84.3895,85.84572
2022-01-25 15:11:55.502741,84.52377,84.751,85.29625
2022-01-25 15:11:56.002217,84.05963,84.23475,85.29625
2022-01-25 15:11:56.508368,84.00888,84.4415,85.21708
2022-01-25 15:11:57.008986,83.85417,84.184,85.21708
2022-01-25 15:11:57.505466,84.21434,84.751,86.08135
2022-01-25 15:11:58.002993,84.21434,84.59625,86.08135
2022-01-25 15:11:58.501414,83.80219,84.3895,85.6101
2022-01-25 15:11:59.010060,84.57575,84.699,85.6101
2022-01-25 15:11:59.504956,84.31831,84.3895,86.27739
2022-01-25 15:12:00.004399,84.11161,84.28675,86.27739
2022-01-25 15:12:00.508839,84.26632,84.4415,85.21708
2022-01-25 15:12:01.007711,83.7502,84.33875,85.21708
2022-01-25 15:12:01.505017,84.11161,84.3895,85.37447
2022-01-25 15:12:02.006659,84.1636,84.95775,85.37447
2022-01-25 15:12:02.503096,84.11161,84.4415,85.84572
2022-01-25 15:12:03.001249,84.88517,84.95775,85.84572
2022-01-25 15:12:03.506894,84.00888,84.3895,87.18125
2022-01-25 15:12:04.007712,84.05963,84.23475,87.18125
2022-01-25 15:12:04.503715,84.05963,84.28675,85.17843
2022-01-25 15:12:05.001117,83.59549,83.8225,85.17843
2022-01-25 15:12:05.507380,84.67848,85.26725,236.4101
2022-01-25 15:12:06.005533,83.44078,83.565,236.4101
2022-01-25 15:12:06.502757,84.42104,84.4935,215.04645
2022-01-25 15:12:07.003902,83.85417,84.02925,215.04645
2022-01-25 15:12:07.510379,84.31831,84.54425,165.40875
2022-01-25 15:12:08.011123,84.21434,84.4415,165.40875
2022-01-25 15:12:08.507931,83.85417,84.08,107.1302
2022-01-25 15:12:09.002832,83.7502,84.33875,107.1302
2022-01-25 15:12:09.502926,84.1636,84.4415,93.73916
2022-01-25 15:12:10.002913,84.88517,84.95775,93.73916
2022-01-25 15:12:10.509909,83.28607,83.461,92.01156
2022-01-25 15:12:11.005857,84.47302,84.64825,92.01156
2022-01-25 15:12:11.503906,83.90492,84.33875,87.6525
2022-01-25 15:12:12.002929,84.93716,85.1125,87.6525
2022-01-25 15:12:12.509119,84.00888,84.699,86.23875
2022-01-25 15:12:13.006796,83.69946,84.08,86.23875
2022-01-25 15:12:13.501753,84.11161,84.64825,86.5526
2022-01-25 15:12:14.007606,84.42104,84.64825,86.5526
2022-01-25 15:12:14.503388,84.52377,84.803,86.90604
2022-01-25 15:12:15.002943,83.44078,83.92525,86.90604
2022-01-25 15:12:15.511045,84.21434,84.23475,85.6101
2022-01-25 15:12:16.009389,84.36905,84.90575,85.6101
2022-01-25 15:12:16.506319,84.57575,84.803,87.29906
2022-01-25 15:12:17.003539,83.64747,84.132,87.29906
2022-01-25 15:12:17.509507,84.42104,84.59625,85.80614
2022-01-25 15:12:18.008556,84.36905,84.3895,85.80614
2022-01-25 15:12:18.505024,84.42104,84.95775,84.86364
2022-01-25 15:12:19.002617,84.21434,84.3895,84.86364
2022-01-25 15:12:19.506492,83.90492,84.33875,86.5526
2022-01-25 15:12:20.005108,84.31831,84.3895,86.5526
2022-01-25 15:12:20.503792,84.00888,84.54425,86.00312
2022-01-25 15:12:21.004068,84.67848,84.803,86.00312
2022-01-25 15:12:21.510919,83.85417,83.97725,85.33489
2022-01-25 15:12:22.010854,84.36905,84.751,85.33489
2022-01-25 15:12:22.506041,84.1636,84.54425,85.7675
2022-01-25 15:12:23.003863,84.26632,84.803,85.7675
2022-01-25 15:12:23.511111,84.73046,85.0085,86.23875
2022-01-25 15:12:24.010026,83.28607,83.8745,86.23875
2022-01-25 15:12:24.505646,84.42104,84.64825,85.7675
2022-01-25 15:12:25.004676,84.31831,84.4415,85.7675
2022-01-25 15:12:25.501249,84.11161,84.4935,85.88531
2022-01-25 15:12:26.001442,84.00888,84.23475,85.88531
2022-01-25 15:12:26.507721,83.90492,84.54425,85.33489
2022-01-25 15:12:27.006455,84.36905,84.59625,85.33489
2022-01-25 15:12:27.502438,83.9569,84.699,86.12093
2022-01-25 15:12:28.505275,84.52377,84.751,85.96354
2022-01-25 15:12:29.004098,83.9569,84.28675,85.96354
2022-01-25 15:12:29.509892,84.36905,84.4935,85.49229
2022-01-25 15:12:30.009256,84.47302,84.803,85.49229
2022-01-25 15:12:30.505940,84.11161,84.3895,85.68833
2022-01-25 15:12:31.006231,83.85417,84.4935,85.68833
2022-01-25 15:12:31.502634,84.26632,84.33875,85.7675
2022-01-25 15:12:32.010249,84.00888,84.4935,85.7675
2022-01-25 15:12:32.506738,84.26632,84.699,85.49229
2022-01-25 15:12:33.005721,84.52377,84.64825,85.49229
2022-01-25 15:12:33.502197,83.54475,84.184,86.12093
2022-01-25 15:12:34.006219,84.62773,84.751,86.12093
2022-01-25 15:12:34.503515,83.9569,84.64825,86.31697
2022-01-25 15:12:35.002034,84.00888,84.3895,86.31697
2022-01-25 15:12:35.507424,83.64747,84.23475,85.96354
2022-01-25 15:12:36.005114,84.26632,84.3895,85.96354
2022-01-25 15:12:36.501044,84.88517,84.90575,85.4527
2022-01-25 15:12:37.009775,83.7502,84.33875,85.4527
2022-01-25 15:12:37.506598,84.11161,84.54425,85.33489
2022-01-25 15:12:38.004511,83.9569,84.3895,85.33489
2022-01-25 15:12:38.509828,84.62773,85.1125,85.09926
2022-01-25 15:12:39.009768,83.85417,84.4415,85.09926
2022-01-25 15:12:39.504463,84.21434,84.28675,86.15958
2022-01-25 15:12:40.003445,84.00888,83.92525,86.15958
2022-01-25 15:12:40.509144,84.31831,84.59625,85.88531
2022-01-25 15:12:41.006765,84.62773,84.803,85.88531
2022-01-25 15:12:41.502575,83.7502,84.4415,86.12093
2022-01-25 15:12:42.010578,84.05963,84.4415,86.12093
2022-01-25 15:12:42.507266,83.64747,84.23475,86.08135
2022-01-25 15:12:43.006589,84.88517,85.318,86.08135
2022-01-25 15:12:43.505096,84.31831,84.132,86.04176
2022-01-25 15:12:44.002685,84.1636,84.4935,86.04176
2022-01-25 15:12:44.509467,83.85417,84.08,85.72791
2022-01-25 15:12:45.008341,84.47302,84.90575,85.72791
2022-01-25 15:12:45.503620,84.47302,84.751,85.64968
2022-01-25 15:12:46.002203,83.49276,84.184,85.64968
2022-01-25 15:12:46.508028,84.47302,84.64825,84.94281
2022-01-25 15:12:47.006732,84.05963,84.28675,84.94281
2022-01-25 15:12:47.502438,84.88517,85.16325,86.31697
2022-01-25 15:12:48.010774,83.90492,84.08,86.31697
2022-01-25 15:12:48.505872,84.1636,84.803,85.68833
2022-01-25 15:12:49.004659,84.11161,84.3895,85.68833
2022-01-25 15:12:49.509121,84.26632,84.699,85.57051
2022-01-25 15:12:50.008751,84.31831,84.4935,85.57051
2022-01-25 15:12:50.506958,83.80219,84.08,85.7675
2022-01-25 15:12:51.004984,84.57575,84.751,85.7675
2022-01-25 15:12:51.510206,84.1636,84.33875,85.29625
2022-01-25 15:12:52.007950,84.1636,84.751,85.29625
2022-01-25 15:12:52.506226,84.00888,84.54425,85.21708
2022-01-25 15:12:53.005026,84.26632,84.699,85.21708
2022-01-25 15:12:54.006218,83.80219,84.132,85.96354
2022-01-25 15:12:54.501805,84.31831,84.54425,85.6101
2022-01-25 15:12:55.010424,84.1636,84.28675,85.6101
2022-01-25 15:12:55.508133,84.1636,84.751,85.49229
2022-01-25 15:12:56.006474,84.05963,84.23475,85.49229
2022-01-25 15:12:56.502765,84.26632,84.751,85.4527
2022-01-25 15:12:57.009938,84.00888,84.33875,85.4527
2022-01-25 15:12:57.507605,84.00888,84.54425,86.08135
2022-01-25 15:12:58.006570,83.85417,84.08,86.08135
2022-01-25 15:12:58.503714,84.57575,84.4935,85.64968
2022-01-25 15:12:59.002661,84.1636,84.751,85.64968
2022-01-25 15:12:59.507993,83.9569,84.28675,85.57051
2022-01-25 15:13:00.006707,83.90492,84.23475,85.57051
2022-01-25 15:13:00.510677,84.05963,84.23475,84.94281
2022-01-25 15:13:01.010456,84.21434,84.699,84.94281
2022-01-25 15:13:01.508904,84.36905,84.64825,85.84572
2022-01-25 15:13:02.006407,84.1636,84.33875,85.84572
2022-01-25 15:13:02.501987,84.1636,84.64825,85.41406
2022-01-25 15:13:03.011184,84.36905,84.64825,85.41406
2022-01-25 15:13:03.508955,84.1636,84.751,85.64968
2022-01-25 15:13:04.007479,84.1636,84.23475,85.64968
2022-01-25 15:13:04.501948,83.54475,84.184,85.80614
2022-01-25 15:13:05.010476,84.52377,84.699,85.80614
2022-01-25 15:13:05.508245,84.47302,84.28675,86.12093
2022-01-25 15:13:06.007179,84.31831,84.699,86.12093
2022-01-25 15:13:06.503780,84.05963,84.3895,85.6101
2022-01-25 15:13:07.001738,84.1636,84.699,85.6101
2022-01-25 15:13:07.507836,84.36905,84.54425,85.88531
2022-01-25 15:13:08.007631,83.9569,84.4935,85.88531
2022-01-25 15:13:08.506649,84.21434,84.59625,85.84572
2022-01-25 15:13:09.004709,84.31831,84.64825,85.84572
2022-01-25 15:13:09.509885,84.31831,84.59625,85.72791
2022-01-25 15:13:10.007985,84.47302,84.751,85.72791
2022-01-25 15:13:10.502764,83.80219,84.33875,85.6101
2022-01-25 15:13:11.006747,84.1636,84.28675,85.6101
2022-01-25 15:13:11.504023,84.1636,84.803,84.98145
2022-01-25 15:13:12.002536,84.26632,84.699,84.98145
2022-01-25 15:13:12.509543,83.9569,84.4415,86.27739
2022-01-25 15:13:13.009442,84.42104,84.699,86.27739
2022-01-25 15:13:13.505753,84.36905,84.28675,85.4527
2022-01-25 15:13:14.003821,84.62773,85.1125,85.4527
2022-01-25 15:13:14.502990,83.7502,83.92525,84.86364
2022-01-25 15:13:15.001445,83.9569,84.28675,84.86364
2022-01-25 15:13:15.507989,84.11161,84.4935,85.33489
2022-01-25 15:13:16.006301,84.11161,84.699,85.33489
2022-01-25 15:13:16.501002,84.21434,84.33875,86.51301
2022-01-25 15:13:17.010086,84.31831,84.33875,86.51301
2022-01-25 15:13:17.503577,84.21434,84.699,85.33489
2022-01-25 15:13:18.001980,84.47302,84.699,85.33489
2022-01-25 15:13:18.509544,83.69946,84.184,85.88531
2022-01-25 15:13:19.008984,84.1636,84.33875,85.88531
2022-01-25 15:13:19.504233,83.64747,84.23475,85.21708
2022-01-25 15:13:20.002082,84.11161,84.4415,85.21708
2022-01-25 15:13:20.507690,84.83319,84.90575,85.25666
2022-01-25 15:13:21.006274,83.9569,84.33875,85.25666
2022-01-25 15:13:21.504703,84.42104,84.4415,85.96354
2022-01-25 15:13:22.003090,84.1636,84.59625,85.96354
2022-01-25 15:13:22.508534,84.1636,84.699,85.53187
2022-01-25 15:13:23.006697,83.90492,84.54425,85.53187
2022-01-25 15:13:23.502486,83.9569,84.33875,85.57051
2022-01-25 15:13:24.001029,84.21434,84.28675,85.57051
2022-01-25 15:13:24.507039,84.21434,84.54425,85.49229
2022-01-25 15:13:25.001077,84.52377,84.95775,85.49229
2022-01-25 15:13:25.507272,83.9569,84.28675,85.41406
2022-01-25 15:13:26.005428,84.26632,84.4935,85.41406
2022-01-25 15:13:26.502024,83.59549,84.23475,85.06062
2022-01-25 15:13:27.010869,84.47302,84.751,85.06062
2022-01-25 15:13:27.506776,84.05963,84.08,85.72791
2022-01-25 15:13:28.007707,83.9569,84.4415,85.72791
2022-01-25 15:13:28.502306,84.47302,84.699,84.98145
2022-01-25 15:13:29.001245,83.7502,84.23475,84.98145
2022-01-25 15:13:29.507673,84.88517,85.0605,85.49229
2022-01-25 15:13:30.009785,83.64747,83.8745,85.49229
2022-01-25 15:13:30.505242,84.73046,84.95775,85.06062
2022-01-25 15:13:31.002587,83.39003,83.71975,85.06062
2022-01-25 15:13:31.509317,84.47302,84.85375,85.72791
2022-01-25 15:13:32.008512,84.31831,84.59625,85.72791
2022-01-25 15:13:32.505131,83.80219,84.28675,85.96354
2022-01-25 15:13:33.004483,84.36905,84.699,85.96354
2022-01-25 15:13:33.510373,83.90492,84.132,86.35656
2022-01-25 15:13:34.007218,84.73046,84.803,86.35656
2022-01-25 15:13:34.505121,84.00888,84.3895,85.80614
2022-01-25 15:13:35.003135,84.05963,84.33875,85.80614
2022-01-25 15:13:35.508646,84.05963,84.184,86.04176
2022-01-25 15:13:36.007002,84.52377,85.0085,86.04176
2022-01-25 15:13:36.501372,84.42104,84.751,85.37447
2022-01-25 15:13:37.002078,83.69946,84.02925,85.37447
2022-01-25 15:13:37.508766,84.42104,84.59625,86.19916
2022-01-25 15:13:38.008503,83.64747,83.8225,86.19916
2022-01-25 15:13:38.503785,84.9879,85.47275,85.68833
2022-01-25 15:13:39.002915,83.64747,83.71975,85.68833
2022-01-25 15:13:39.509482,84.21434,84.4935,85.96354
2022-01-25 15:13:40.007545,84.11161,84.4415,85.96354
2022-01-25 15:13:40.504915,84.26632,84.90575,85.84572
2022-01-25 15:13:41.003418,84.47302,84.64825,85.84572
2022-01-25 15:13:41.501807,83.54475,84.02925,85.6101
2022-01-25 15:13:42.010594,84.21434,84.54425,85.6101
2022-01-25 15:13:42.505562,84.47302,84.751,85.25666
2022-01-25 15:13:43.002676,84.11161,84.54425,85.25666
2022-01-25 15:13:43.509132,83.9569,84.23475,85.96354
2022-01-25 15:13:44.007854,84.00888,84.33875,85.96354
2022-01-25 15:13:44.502473,84.11161,84.4935,85.29625
2022-01-25 15:13:45.010425,84.31831,84.751,85.29625
2022-01-25 15:13:45.506833,84.31831,84.699,85.33489
2022-01-25 15:13:46.005059,83.7502,83.97725,85.33489
2022-01-25 15:13:47.005097,84.62773,84.699,85.53187
2022-01-25 15:13:47.510554,83.90492,84.184,85.80614
2022-01-25 15:13:48.010751,84.21434,84.54425,85.80614
2022-01-25 15:13:48.506779,83.69946,84.132,85.33489
2022-01-25 15:13:49.005038,84.42104,84.803,85.33489
2022-01-25 15:13:49.502169,84.05963,84.54425,85.53187
2022-01-25 15:13:50.010543,84.26632,84.59625,85.53187
2022-01-25 15:13:50.506745,84.1636,84.132,85.33489
2022-01-25 15:13:51.004728,84.42104,84.803,85.33489
2022-01-25 15:13:51.510069,84.36905,84.699,85.53187
2022-01-25 15:13:52.008986,83.7502,84.08,85.53187
2022-01-25 15:13:52.506144,84.26632,84.751,85.80614
2022-01-25 15:13:53.003774,83.69946,84.184,85.80614
2022-01-25 15:13:53.510742,84.42104,84.803,85.4527
2022-01-25 15:13:54.005763,84.42104,84.28675,85.4527
2022-01-25 15:13:54.501492,84.36905,84.751,85.49229
2022-01-25 15:13:55.005052,84.47302,84.751,85.49229
2022-01-25 15:13:55.503666,83.59549,83.92525,85.88531
2022-01-25 15:13:56.004302,84.57575,85.0605,85.88531
2022-01-25 15:13:56.509707,83.80219,84.3895,85.13885
2022-01-25 15:13:57.009087,84.42104,84.90575,85.13885
2022-01-25 15:13:57.503337,83.69946,83.61575,85.68833
2022-01-25 15:13:58.001553,84.62773,84.90575,85.68833
2022-01-25 15:13:58.507758,84.21434,84.4415,85.29625
2022-01-25 15:13:59.008173,84.1636,84.54425,85.29625
2022-01-25 15:13:59.503799,84.05963,84.4415,85.80614
2022-01-25 15:14:00.003330,83.33805,83.8745,85.80614
2022-01-25 15:14:00.501947,84.88517,85.318,85.6101
2022-01-25 15:14:01.504399,84.36905,84.699,86.74864
2022-01-25 15:14:02.003561,83.7502,83.97725,86.74864
2022-01-25 15:14:02.507495,84.26632,84.4935,84.90322
2022-01-25 15:14:03.007051,84.57575,84.85375,84.90322
2022-01-25 15:14:03.501289,83.90492,84.4415,85.57051
2022-01-25 15:14:04.009256,84.05963,84.3895,85.57051
2022-01-25 15:14:04.505070,84.00888,84.28675,85.6101
2022-01-25 15:14:05.002774,84.52377,84.803,85.6101
2022-01-25 15:14:05.510191,84.21434,84.54425,86.31697
2022-01-25 15:14:06.007534,83.9569,84.23475,86.31697
2022-01-25 15:14:06.503044,83.9569,84.08,85.6101
2022-01-25 15:14:07.002810,84.11161,84.4935,85.6101
2022-01-25 15:14:07.507936,84.42104,84.85375,85.88531
2022-01-25 15:14:08.006500,83.59549,83.92525,85.88531
2022-01-25 15:14:08.502563,84.36905,84.54425,85.92395
2022-01-25 15:14:09.010997,84.11161,84.28675,85.92395
2022-01-25 15:14:09.506105,84.52377,84.90575,86.15958
2022-01-25 15:14:10.005628,84.05963,84.4935,86.15958
2022-01-25 15:14:10.502028,83.69946,84.02925,85.33489
2022-01-25 15:14:11.003331,84.26632,84.803,85.33489
2022-01-25 15:14:11.509721,84.42104,84.803,85.7675
2022-01-25 15:14:12.009318,84.11161,84.184,85.7675
2022-01-25 15:14:12.504339,84.1636,84.3895,85.7675
2022-01-25 15:14:13.002317,83.90492,84.184,85.7675
2022-01-25 15:14:13.508704,84.26632,84.59625,85.41406
2022-01-25 15:14:14.006965,84.00888,84.4935,85.41406
2022-01-25 15:14:14.504304,84.36905,84.85375,86.35656
2022-01-25 15:14:15.003072,83.80219,84.3895,86.35656
2022-01-25 15:14:15.507974,84.47302,84.751,85.57051
2022-01-25 15:14:16.005563,84.47302,84.4935,85.57051
2022-01-25 15:14:16.502110,84.11161,84.33875,86.27739
2022-01-25 15:14:17.001065,84.21434,84.59625,86.27739
2022-01-25 15:14:17.506395,83.80219,84.23475,85.72791
2022-01-25 15:14:18.004118,84.36905,84.751,85.72791
2022-01-25 15:14:18.501723,83.7502,84.28675,85.41406
2022-01-25 15:14:19.003857,84.42104,84.803,85.41406
2022-01-25 15:14:19.510425,84.1636,84.28675,85.21708
2022-01-25 15:14:20.008472,84.31831,84.54425,85.21708
2022-01-25 15:14:20.504778,84.31831,84.59625,86.00312
2022-01-25 15:14:21.003526,84.1636,84.3895,86.00312
2022-01-25 15:14:21.510256,84.21434,84.59625,86.00312
2022-01-25 15:14:22.008272,84.00888,84.54425,86.00312
2022-01-25 15:14:22.511002,84.26632,84.54425,85.17843
2022-01-25 15:14:23.009539,83.85417,84.02925,85.17843
2022-01-25 15:14:23.507167,84.52377,84.699,85.64968
2022-01-25 15:14:24.005039,84.36905,84.59625,85.64968
2022-01-25 15:14:24.510738,83.9569,84.33875,85.72791
2022-01-25 15:14:25.008185,84.57575,85.0085,85.72791
2022-01-25 15:14:25.504558,83.69946,84.23475,85.57051
2022-01-25 15:14:26.002578,84.62773,85.0605,85.57051
2022-01-25 15:14:26.507384,83.49276,83.97725,85.57051
2022-01-25 15:14:27.007408,84.1636,84.23475,85.57051
2022-01-25 15:14:27.503114,83.85417,83.92525,171.92708
2022-01-25 15:14:28.003311,84.62773,84.803,171.92708
2022-01-25 15:14:28.509152,83.54475,83.97725,233.77864
2022-01-25 15:14:29.006866,84.11161,84.3895,233.77864
2022-01-25 15:14:29.502731,84.31831,84.699,198.31708
2022-01-25 15:14:30.001812,83.7502,84.132,198.31708
2022-01-25 15:14:30.506752,84.26632,84.3895,130.10364
2022-01-25 15:14:31.005998,83.64747,83.8225,130.10364
2022-01-25 15:14:31.501335,84.93716,85.1125,89.73354
2022-01-25 15:14:32.010763,83.64747,83.97725,89.73354
2022-01-25 15:14:32.508321,84.11161,84.3895,93.97479
2022-01-25 15:14:33.007276,83.9569,84.33875,93.97479
2022-01-25 15:14:33.502779,83.54475,84.08,87.92676
2022-01-25 15:14:34.002185,84.67848,85.0605,87.92676
2022-01-25 15:14:34.508214,84.21434,84.23475,86.98426
2022-01-25 15:14:35.007366,84.1636,84.4935,86.98426
2022-01-25 15:14:35.502869,84.26632,84.59625,85.6101
2022-01-25 15:14:36.001244,84.42104,84.803,85.6101
2022-01-25 15:14:36.508903,84.21434,84.54425,86.47437
2022-01-25 15:14:37.009003,83.69946,84.23475,86.47437
2022-01-25 15:14:37.503899,84.21434,84.54425,86.3952
2022-01-25 15:14:38.002293,84.52377,84.803,86.3952
2022-01-25 15:14:38.508663,84.1636,84.3895,85.80614
2022-01-25 15:14:39.007935,84.31831,84.4415,85.80614
2022-01-25 15:14:39.502852,84.05963,84.33875,86.63083
2022-01-25 15:14:40.010828,84.62773,85.21525,86.63083
2022-01-25 15:14:40.506763,84.00888,84.4935,86.31697
2022-01-25 15:14:41.005358,84.26632,84.4935,86.31697
2022-01-25 15:14:41.503024,84.11161,84.4415,85.72791
2022-01-25 15:14:42.505165,84.83319,85.1125,85.72791
2022-01-25 15:14:43.002629,83.33805,83.7705,85.72791
2022-01-25 15:14:43.509052,84.31831,84.64825,85.17843
2022-01-25 15:14:44.007830,83.80219,84.28675,85.17843
2022-01-25 15:14:44.502997,84.52377,84.90575,85.68833
2022-01-25 15:14:45.004964,84.1636,84.4415,85.68833
2022-01-25 15:14:45.510986,84.42104,84.54425,85.57051
2022-01-25 15:14:46.007781,84.05963,84.184,85.57051
2022-01-25 15:14:46.505149,84.26632,84.59625,85.96354
2022-01-25 15:14:47.004532,84.57575,85.16325,85.96354
2022-01-25 15:14:47.510849,83.59549,84.08,86.04176
2022-01-25 15:14:48.010368,84.47302,84.751,86.04176
2022-01-25 15:14:48.506686,83.49276,83.92525,85.7675
2022-01-25 15:14:49.005807,84.47302,84.85375,85.7675
2022-01-25 15:14:50.004472,84.00888,84.33875,85.68833
2022-01-25 15:14:50.510945,84.47302,84.95775,85.68833
2022-01-25 15:14:51.001058,83.69946,84.23475,85.68833
2022-01-25 15:14:51.507030,84.52377,84.751,85.49229
2022-01-25 15:14:52.008661,83.90492,84.28675,85.49229
2022-01-25 15:14:52.502631,84.1636,84.4415,86.3952
2022-01-25 15:14:53.001697,84.05963,84.132,86.3952
2022-01-25 15:14:53.508450,84.31831,84.699,85.41406
2022-01-25 15:14:54.008049,84.11161,84.54425,85.41406
2022-01-25 15:14:54.503360,84.1636,84.54425,85.7675
2022-01-25 15:14:55.001034,84.36905,84.699,85.7675
2022-01-25 15:14:55.507093,83.54475,84.23475,85.02104
2022-01-25 15:14:56.007070,84.73046,84.803,85.02104
2022-01-25 15:14:56.503673,84.31831,84.4935,86.00312
2022-01-25 15:14:57.003007,84.11161,84.28675,86.00312
2022-01-25 15:14:57.509962,83.90492,84.33875,85.57051
2022-01-25 15:14:58.007490,84.11161,84.85375,85.57051
2022-01-25 15:14:58.502635,84.26632,84.54425,85.84572
2022-01-25 15:14:59.001502,83.9569,84.4415,85.84572
2022-01-25 15:14:59.508454,83.85417,84.184,85.72791
2022-01-25 15:15:00.006916,84.52377,84.90575,85.72791
2022-01-25 15:15:00.505366,84.42104,84.54425,85.4527
2022-01-25 15:15:01.003440,84.52377,84.90575,85.4527
2022-01-25 15:15:01.510221,83.69946,84.02925,85.92395
2022-01-25 15:15:02.008533,84.47302,84.85375,85.92395
2022-01-25 15:15:02.507522,84.11161,84.54425,85.68833
2022-01-25 15:15:03.005854,84.26632,84.4935,85.68833
2022-01-25 15:15:03.510940,83.59549,84.132,85.25666
2022-01-25 15:15:04.002933,84.26632,84.4415,85.25666
2022-01-25 15:15:04.508348,84.52377,84.90575,85.25666
2022-01-25 15:15:05.005844,84.21434,84.59625,85.25666
2022-01-25 15:15:05.503098,84.31831,84.751,86.00312
2022-01-25 15:15:06.002039,83.59549,83.97725,86.00312
2022-01-25 15:15:06.506338,84.26632,84.64825,85.17843
2022-01-25 15:15:07.004844,84.36905,84.95775,85.17843
2022-01-25 15:15:07.511056,83.9569,84.184,86.31697
2022-01-25 15:15:08.010860,84.21434,84.4415,86.31697
2022-01-25 15:15:08.509092,83.80219,84.28675,85.6101
2022-01-25 15:15:09.007419,84.78245,85.26725,85.6101
2022-01-25 15:15:09.505214,84.11161,84.33875,85.53187
2022-01-25 15:15:10.003509,84.36905,84.803,85.53187
2022-01-25 15:15:10.508835,83.54475,84.184,86.00312
2022-01-25 15:15:11.003193,84.62773,84.85375,86.00312
2022-01-25 15:15:11.501048,84.57575,84.803,86.00312
2022-01-25 15:15:12.010299,84.00888,84.3895,86.00312
2022-01-25 15:15:12.505260,84.26632,84.54425,85.80614
2022-01-25 15:15:13.003807,83.59549,84.02925,85.80614
2022-01-25 15:15:13.509277,84.62773,84.85375,85.53187
2022-01-25 15:15:14.007446,83.39003,83.97725,85.53187
2022-01-25 15:15:14.503184,84.26632,84.54425,85.96354
2022-01-25 15:15:15.002738,84.1636,84.4935,85.96354
2022-01-25 15:15:15.508888,84.26632,84.3895,85.64968
2022-01-25 15:15:16.009218,84.26632,84.64825,85.64968
2022-01-25 15:15:16.508108,84.31831,84.59625,85.72791
2022-01-25 15:15:17.006109,84.21434,84.33875,85.72791
2022-01-25 15:15:17.502568,83.9569,84.54425,86.51301
2022-01-25 15:15:18.001110,84.57575,84.751,86.51301
2022-01-25 15:15:18.508470,83.80219,84.132,85.88531
2022-01-25 15:15:19.007293,84.42104,84.699,85.88531
2022-01-25 15:15:19.505154,84.31831,84.59625,85.57051
2022-01-25 15:15:20.003173,83.85417,84.28675,85.57051
2022-01-25 15:15:20.509911,84.78245,85.16325,86.04176
2022-01-25 15:15:21.009115,83.69946,84.08,86.04176
2022-01-25 15:15:21.506301,84.47302,84.699,86.15958
2022-01-25 15:15:22.006233,83.59549,84.02925,86.15958
2022-01-25 15:15:22.501239,84.57575,84.751,85.33489
2022-01-25 15:15:23.010138,84.36905,84.64825,85.33489
2022-01-25 15:15:23.504576,83.9569,84.4415,85.29625
2022-01-25 15:15:24.003195,83.80219,84.184,85.29625
2022-01-25 15:15:24.508562,84.52377,85.0605,85.37447
2022-01-25 15:15:25.007290,84.11161,84.4415,85.37447
2022-01-25 15:15:25.502384,84.31831,84.699,85.41406
2022-01-25 15:15:26.010077,84.26632,84.4415,85.41406
2022-01-25 15:15:26.506204,84.1636,84.4935,85.7675
2022-01-25 15:15:27.006680,84.05963,84.4415,85.7675
2022-01-25 15:15:27.502522,84.47302,84.90575,85.41406
2022-01-25 15:15:28.001562,83.59549,84.132,85.41406
2022-01-25 15:15:28.508309,84.47302,84.64825,85.49229
2022-01-25 15:15:29.006366,83.69946,84.28675,85.49229
2022-01-25 15:15:29.502972,84.52377,84.54425,85.64968
2022-01-25 15:15:30.002284,84.67848,84.85375,85.64968
2022-01-25 15:15:30.508657,83.80219,84.132,85.25666
2022-01-25 15:15:31.008101,84.21434,84.699,85.25666
2022-01-25 15:15:31.504844,84.31831,84.699,85.17843
2022-01-25 15:15:32.002981,84.26632,84.54425,85.17843
2022-01-25 15:15:32.508210,83.64747,84.132,85.96354
2022-01-25 15:15:33.007335,84.1636,84.3895,85.96354
2022-01-25 15:15:33.501991,84.57575,84.90575,86.04176
2022-01-25 15:15:34.009107,84.1636,84.4415,86.04176
2022-01-25 15:15:34.506179,84.1636,84.4415,85.4527
2022-01-25 15:15:35.004640,83.69946,84.184,85.4527
2022-01-25 15:15:35.502797,84.83319,85.16325,85.41406
2022-01-25 15:15:36.004930,84.00888,84.59625,85.41406
2022-01-25 15:15:37.004438,84.05963,84.3895,85.57051
2022-01-25 15:15:37.510476,84.42104,84.803,86.19916
2022-01-25 15:15:38.008400,84.21434,84.33875,86.19916
2022-01-25 15:15:38.504219,84.05963,84.33875,85.37447
2022-01-25 15:15:39.002833,84.26632,84.54425,85.37447
2022-01-25 15:15:39.511371,83.90492,84.4415,85.92395
2022-01-25 15:15:40.001479,84.62773,84.95775,85.92395
2022-01-25 15:15:40.509771,83.39003,83.97725,85.17843
2022-01-25 15:15:41.009019,84.9879,85.0605,85.17843
2022-01-25 15:15:41.506767,83.85417,84.132,86.19916
2022-01-25 15:15:42.006675,84.42104,84.699,86.19916
2022-01-25 15:15:42.501151,84.31831,84.4935,85.13885
2022-01-25 15:15:43.011175,84.00888,84.33875,85.13885
2022-01-25 15:15:43.509463,84.11161,84.28675,85.17843
2022-01-25 15:15:44.007905,83.90492,84.699,85.17843
2022-01-25 15:15:44.504516,84.36905,84.59625,85.80614
2022-01-25 15:15:45.004976,84.42104,84.54425,85.80614
2022-01-25 15:15:45.509714,84.31831,84.54425,86.04176
2022-01-25 15:15:46.008918,84.31831,84.59625,86.04176
2022-01-25 15:15:46.505855,84.36905,84.95775,85.7675
2022-01-25 15:15:47.006070,84.00888,84.23475,85.7675
2022-01-25 15:15:47.501461,84.00888,84.64825,85.4527
2022-01-25 15:15:48.010458,84.47302,84.803,85.4527
2022-01-25 15:15:48.505965,84.21434,84.4935,85.64968
2022-01-25 15:15:49.004201,84.42104,84.751,85.64968
2022-01-25 15:15:49.506873,83.80219,83.97725,85.84572
2022-01-25 15:15:50.005343,84.52377,84.85375,85.84572
2022-01-25 15:15:50.504661,84.31831,84.4935,85.68833
2022-01-25 15:15:51.002705,83.64747,84.54425,85.68833
2022-01-25 15:15:51.507590,84.21434,84.4415,85.49229
2022-01-25 15:15:52.006252,84.47302,84.85375,85.49229
