時間,回転１,回転２,回転３
2022-01-25 11:00:00.005659,84.73046,85.1125,85.64968
2022-01-25 11:00:00.505158,83.7502,84.23475,85.33489
2022-01-25 11:00:01.003494,84.26632,84.64825,85.33489
2022-01-25 11:00:01.508881,84.05963,84.08,85.88531
2022-01-25 11:00:02.009239,84.11161,84.4415,85.88531
2022-01-25 11:00:02.504714,84.21434,84.64825,85.68833
2022-01-25 11:00:03.002510,83.80219,84.184,85.68833
2022-01-25 11:00:03.510149,84.47302,84.95775,85.33489
2022-01-25 11:00:04.008557,83.49276,84.184,85.33489
2022-01-25 11:00:04.506033,84.36905,84.59625,86.12093
2022-01-25 11:00:05.008747,84.11161,84.33875,86.12093
2022-01-25 11:00:05.502805,83.59549,83.92525,85.92395
2022-01-25 11:00:06.002222,84.26632,84.54425,85.92395
2022-01-25 11:00:06.509465,83.85417,84.132,86.08135
2022-01-25 11:00:07.008126,84.42104,84.85375,86.08135
2022-01-25 11:00:07.509237,83.64747,83.97725,85.37447
2022-01-25 11:00:08.003938,84.42104,84.85375,85.37447
2022-01-25 11:00:08.508455,83.80219,84.08,86.59218
2022-01-25 11:00:09.006706,84.1636,84.699,86.59218
2022-01-25 11:00:09.501880,84.11161,84.3895,86.82781
2022-01-25 11:00:10.010289,83.39003,83.8745,86.82781
2022-01-25 11:00:10.507211,84.62773,85.1125,85.21708
2022-01-25 11:00:11.003188,83.90492,84.4415,85.21708
2022-01-25 11:00:11.508745,84.11161,84.4935,85.53187
2022-01-25 11:00:12.008270,84.00888,84.54425,85.53187
2022-01-25 11:00:12.503697,84.21434,84.28675,85.64968
2022-01-25 11:00:13.002836,84.57575,84.803,85.64968
2022-01-25 11:00:13.508529,83.90492,84.3895,86.04176
2022-01-25 11:00:14.008313,83.90492,84.3895,86.04176
2022-01-25 11:00:14.506482,84.11161,84.64825,85.80614
2022-01-25 11:00:15.005303,84.11161,84.54425,85.80614
2022-01-25 11:00:15.510782,83.90492,84.3895,85.88531
2022-01-25 11:00:16.009380,84.21434,84.3895,85.88531
2022-01-25 11:00:16.505127,84.21434,84.3895,85.53187
2022-01-25 11:00:17.002817,84.36905,84.4935,85.53187
2022-01-25 11:00:17.507858,84.26632,84.751,86.23875
2022-01-25 11:00:18.005378,83.13135,83.71975,86.23875
2022-01-25 11:00:18.506644,84.26632,84.751,86.23875
2022-01-25 11:00:19.008908,83.64747,84.184,86.23875
2022-01-25 11:00:19.503112,84.11161,84.3895,84.86364
2022-01-25 11:00:20.002434,84.57575,84.54425,84.86364
2022-01-25 11:00:20.509806,83.9569,84.184,86.12093
2022-01-25 11:00:21.008350,84.1636,84.54425,86.12093
2022-01-25 11:00:21.505109,83.69946,84.132,87.88812
2022-01-25 11:00:22.001652,84.11161,84.33875,87.88812
2022-01-25 11:00:22.510840,83.54475,84.02925,234.64291
2022-01-25 11:00:23.009323,84.42104,84.4935,234.64291
2022-01-25 11:00:23.507638,84.26632,84.33875,217.52051
2022-01-25 11:00:24.006783,84.31831,84.4935,217.52051
2022-01-25 11:00:24.502393,84.00888,84.184,145.9301
2022-01-25 11:00:25.009619,83.80219,84.28675,145.9301
2022-01-25 11:00:25.504443,84.52377,84.95775,91.22551
2022-01-25 11:00:26.003775,83.13135,83.461,91.22551
2022-01-25 11:00:26.502705,84.73046,84.95775,95.38854
2022-01-25 11:00:27.001169,83.33805,83.71975,95.38854
2022-01-25 11:00:27.509810,84.31831,84.33875,88.12375
2022-01-25 11:00:28.008911,84.47302,84.751,88.12375
2022-01-25 11:00:28.505325,83.69946,84.132,88.24156
2022-01-25 11:00:29.003285,84.78245,85.0605,88.24156
2022-01-25 11:00:29.508703,83.64747,83.97725,86.63083
2022-01-25 11:00:30.007742,84.42104,84.803,86.63083
2022-01-25 11:00:30.503669,83.59549,84.132,86.63083
2022-01-25 11:00:31.003009,84.88517,84.95775,86.63083
2022-01-25 11:00:31.508303,83.85417,84.184,86.00312
2022-01-25 11:00:32.008334,84.00888,84.33875,86.00312
2022-01-25 11:00:32.504412,84.1636,84.54425,86.19916
2022-01-25 11:00:33.003097,83.9569,84.23475,86.19916
2022-01-25 11:00:33.509644,84.47302,84.90575,88.16239
2022-01-25 11:00:34.010823,83.90492,84.23475,88.16239
2022-01-25 11:00:34.507965,83.9569,84.132,86.12093
2022-01-25 11:00:35.007652,84.31831,84.54425,86.12093
2022-01-25 11:00:35.503089,84.26632,84.803,86.43479
2022-01-25 11:00:36.003415,83.90492,84.33875,86.43479
2022-01-25 11:00:36.509745,83.90492,84.33875,85.64968
2022-01-25 11:00:37.008120,84.31831,84.699,85.64968
2022-01-25 11:00:37.504080,84.00888,84.751,86.15958
2022-01-25 11:00:38.002522,84.05963,84.3895,86.15958
2022-01-25 11:00:38.508651,83.85417,84.33875,85.41406
2022-01-25 11:00:39.008123,84.36905,84.803,85.41406
2022-01-25 11:00:39.501922,84.11161,84.64825,85.88531
2022-01-25 11:00:40.003544,84.21434,84.59625,85.88531
2022-01-25 11:00:40.502063,83.80219,84.08,86.15958
2022-01-25 11:00:41.005228,84.1636,84.4935,86.15958
2022-01-25 11:00:41.501761,84.1636,84.33875,85.25666
2022-01-25 11:00:42.010943,84.42104,84.751,85.25666
2022-01-25 11:00:42.508926,83.7502,84.02925,86.23875
2022-01-25 11:00:43.008975,84.42104,84.699,86.23875
2022-01-25 11:00:43.506195,83.90492,84.28675,85.84572
2022-01-25 11:00:44.010759,84.36905,84.59625,85.84572
2022-01-25 11:00:44.506715,84.31831,84.95775,85.88531
2022-01-25 11:00:45.006132,83.69946,83.92525,85.88531
2022-01-25 11:00:45.502748,83.9569,84.28675,86.27739
2022-01-25 11:00:46.010886,84.21434,84.4415,86.27739
2022-01-25 11:00:46.507541,84.42104,84.803,85.72791
2022-01-25 11:00:47.007017,83.54475,83.97725,85.72791
2022-01-25 11:00:47.503033,84.11161,84.33875,86.43479
2022-01-25 11:00:48.001176,83.9569,84.3895,86.43479
2022-01-25 11:00:48.508447,84.42104,84.699,86.82781
2022-01-25 11:00:49.007568,83.90492,84.3895,86.82781
2022-01-25 11:00:49.506076,84.1636,84.3895,85.72791
2022-01-25 11:00:50.004681,84.52377,84.699,85.72791
2022-01-25 11:00:50.501281,84.11161,84.54425,85.29625
2022-01-25 11:00:51.010893,84.26632,84.64825,85.29625
2022-01-25 11:00:51.503417,83.9569,84.3895,86.3952
2022-01-25 11:00:52.002212,83.9569,84.23475,86.3952
2022-01-25 11:00:52.509402,83.85417,84.4415,85.80614
2022-01-25 11:00:53.008412,84.26632,84.28675,85.80614
2022-01-25 11:00:53.504885,84.42104,84.85375,85.64968
2022-01-25 11:00:54.004183,84.42104,84.751,85.64968
2022-01-25 11:00:54.510818,83.80219,84.132,85.80614
2022-01-25 11:00:55.009203,83.9569,84.23475,85.80614
2022-01-25 11:00:55.505029,84.78245,85.0605,85.21708
2022-01-25 11:00:56.004908,83.18334,83.7705,85.21708
2022-01-25 11:00:56.510748,84.31831,84.54425,86.15958
2022-01-25 11:00:57.009091,84.1636,84.4935,86.15958
2022-01-25 11:00:57.503050,84.42104,84.64825,86.23875
2022-01-25 11:00:58.003525,84.62773,84.85375,86.23875
2022-01-25 11:00:58.501063,83.39003,84.02925,86.23875
2022-01-25 11:00:59.009220,84.11161,84.33875,86.23875
2022-01-25 11:00:59.504781,84.11161,84.751,85.41406
2022-01-25 11:01:00.004237,84.05963,84.33875,85.41406
2022-01-25 11:01:00.508562,84.36905,84.699,85.53187
2022-01-25 11:01:01.003874,83.9569,84.23475,85.53187
2022-01-25 11:01:01.508614,84.47302,84.699,86.04176
2022-01-25 11:01:02.006774,84.26632,84.699,86.04176
2022-01-25 11:01:02.504451,83.7502,84.28675,86.94562
2022-01-25 11:01:03.003917,84.00888,84.4935,86.94562
2022-01-25 11:01:03.509853,83.7502,83.92525,85.84572
2022-01-25 11:01:04.008030,83.9569,84.4935,85.84572
2022-01-25 11:01:04.504874,84.42104,84.803,85.02104
2022-01-25 11:01:05.001148,84.42104,84.59625,85.02104
2022-01-25 11:01:05.507015,83.69946,84.132,86.71
2022-01-25 11:01:06.005405,84.31831,84.64825,86.71
2022-01-25 11:01:06.503797,84.47302,85.0605,85.64968
2022-01-25 11:01:07.004749,83.69946,83.8745,85.64968
2022-01-25 11:01:07.502545,84.11161,84.85375,86.04176
2022-01-25 11:01:08.011120,83.7502,83.97725,86.04176
2022-01-25 11:01:08.507346,84.88517,85.1125,86.27739
2022-01-25 11:01:09.005510,84.00888,84.4415,86.27739
2022-01-25 11:01:09.511091,83.80219,84.33875,85.4527
2022-01-25 11:01:10.001355,84.11161,84.4415,85.4527
2022-01-25 11:01:10.510022,84.47302,84.54425,86.08135
2022-01-25 11:01:11.009664,84.00888,84.699,86.08135
2022-01-25 11:01:11.508468,83.64747,84.02925,87.10208
2022-01-25 11:01:12.006928,84.31831,84.699,87.10208
2022-01-25 11:01:12.501619,83.90492,84.02925,84.98145
2022-01-25 11:01:13.002792,84.73046,84.95775,84.98145
2022-01-25 11:01:13.510704,83.33805,83.8745,85.80614
2022-01-25 11:01:14.009721,84.47302,84.54425,85.80614
2022-01-25 11:01:14.506295,84.11161,84.54425,85.53187
2022-01-25 11:01:15.004712,83.90492,84.33875,85.53187
2022-01-25 11:01:15.502783,84.31831,84.64825,85.17843
2022-01-25 11:01:16.003019,83.9569,84.3895,85.17843
2022-01-25 11:01:16.508797,84.05963,84.4415,85.17843
2022-01-25 11:01:17.006338,83.9569,84.28675,85.17843
2022-01-25 11:01:17.501174,84.42104,84.54425,85.80614
2022-01-25 11:01:18.009329,83.64747,84.132,85.80614
2022-01-25 11:01:18.506397,84.47302,84.751,85.4527
2022-01-25 11:01:19.005664,83.59549,84.184,85.4527
2022-01-25 11:01:19.502077,84.05963,84.28675,86.31697
2022-01-25 11:01:20.002817,84.73046,84.803,86.31697
2022-01-25 11:01:20.510283,83.44078,84.08,85.6101
2022-01-25 11:01:21.008804,84.73046,85.0085,85.6101
2022-01-25 11:01:21.504751,83.44078,84.02925,85.25666
2022-01-25 11:01:22.008239,84.57575,84.803,85.25666
2022-01-25 11:01:22.504061,83.7502,84.54425,86.15958
2022-01-25 11:01:23.002082,84.05963,84.3895,86.15958
2022-01-25 11:01:23.507059,84.1636,84.3895,85.57051
2022-01-25 11:01:24.007477,84.11161,84.4415,85.57051
2022-01-25 11:01:24.503274,84.05963,84.23475,85.09926
2022-01-25 11:01:25.002300,84.11161,84.59625,85.09926
2022-01-25 11:01:25.508576,84.05963,84.3895,85.4527
2022-01-25 11:01:26.007630,83.85417,84.59625,85.4527
2022-01-25 11:01:26.504104,84.47302,84.64825,85.02104
2022-01-25 11:01:27.001731,84.1636,84.28675,85.02104
2022-01-25 11:01:27.509273,84.11161,84.4415,85.57051
2022-01-25 11:01:28.006580,83.9569,84.132,85.57051
2022-01-25 11:01:28.502186,83.80219,84.23475,85.25666
2022-01-25 11:01:29.010839,84.52377,84.803,85.25666
2022-01-25 11:01:29.507383,83.69946,84.59625,85.72791
2022-01-25 11:01:30.006185,83.85417,84.08,85.72791
2022-01-25 11:01:30.503736,84.42104,84.54425,86.5526
2022-01-25 11:01:31.002750,84.52377,84.64825,86.5526
2022-01-25 11:01:31.509405,83.7502,84.132,85.96354
2022-01-25 11:01:32.008714,84.00888,84.64825,85.96354
2022-01-25 11:01:32.503869,84.00888,84.23475,84.825
2022-01-25 11:01:33.002293,84.11161,84.85375,84.825
2022-01-25 11:01:33.509113,84.1636,84.4935,85.7675
2022-01-25 11:01:34.006788,83.69946,84.184,85.7675
2022-01-25 11:01:34.507383,84.52377,84.54425,85.64968
2022-01-25 11:01:35.006192,84.52377,84.64825,85.64968
2022-01-25 11:01:35.502302,84.00888,84.54425,85.72791
2022-01-25 11:01:36.001818,83.7502,84.08,85.72791
2022-01-25 11:01:36.507851,84.05963,84.4935,85.7675
2022-01-25 11:01:37.007021,84.1636,84.64825,85.7675
2022-01-25 11:01:37.502008,83.90492,84.54425,85.4527
2022-01-25 11:01:38.000792,83.90492,84.08,85.4527
2022-01-25 11:01:38.506406,84.31831,84.4415,85.72791
2022-01-25 11:01:39.005556,83.90492,84.28675,85.72791
2022-01-25 11:01:39.503607,84.62773,84.90575,85.57051
2022-01-25 11:01:40.002295,83.69946,84.08,85.57051
2022-01-25 11:01:40.508454,84.05963,84.59625,85.37447
2022-01-25 11:01:41.007585,83.59549,84.28675,85.37447
2022-01-25 11:01:41.504589,84.57575,84.90575,86.15958
2022-01-25 11:01:42.002739,84.26632,84.4935,86.15958
2022-01-25 11:01:42.508264,83.7502,84.08,85.92395
2022-01-25 11:01:43.006637,84.21434,84.4415,85.92395
2022-01-25 11:01:43.502628,83.90492,84.3895,85.7675
2022-01-25 11:01:44.001534,84.36905,84.64825,85.7675
2022-01-25 11:01:44.508182,83.69946,84.33875,85.7675
2022-01-25 11:01:45.007148,84.00888,84.132,85.7675
2022-01-25 11:01:45.502773,84.67848,84.751,86.00312
2022-01-25 11:01:46.008462,84.05963,84.59625,86.00312
2022-01-25 11:01:46.504140,84.21434,84.3895,85.53187
2022-01-25 11:01:47.002521,83.80219,84.28675,85.53187
2022-01-25 11:01:47.508054,84.1636,84.4935,85.4527
2022-01-25 11:01:48.007268,83.7502,84.4415,85.4527
2022-01-25 11:01:48.505816,84.26632,84.64825,85.33489
2022-01-25 11:01:49.002867,83.69946,83.8745,85.33489
2022-01-25 11:01:49.509527,84.36905,84.85375,85.68833
2022-01-25 11:01:50.008319,83.85417,84.184,85.68833
2022-01-25 11:01:50.504706,84.1636,84.751,86.27739
2022-01-25 11:01:51.003536,84.36905,84.59625,86.27739
2022-01-25 11:01:51.511001,83.9569,84.54425,85.64968
2022-01-25 11:01:52.006292,84.47302,84.90575,85.64968
2022-01-25 11:01:52.510527,83.64747,84.184,85.84572
2022-01-25 11:01:53.008901,84.21434,84.54425,85.84572
2022-01-25 11:01:53.504083,84.11161,84.23475,85.7675
2022-01-25 11:01:54.002313,84.05963,84.64825,85.7675
2022-01-25 11:01:54.508268,83.64747,83.71975,85.09926
2022-01-25 11:01:55.007145,84.52377,85.0085,85.09926
2022-01-25 11:01:55.502471,84.1636,84.4415,85.49229
2022-01-25 11:01:56.010792,84.21434,84.28675,85.49229
2022-01-25 11:01:56.508779,84.00888,84.33875,85.7675
2022-01-25 11:01:57.008940,84.1636,84.184,85.7675
2022-01-25 11:01:57.504406,84.47302,84.85375,86.98426
2022-01-25 11:01:58.003269,83.9569,84.132,86.98426
2022-01-25 11:01:58.504849,83.90492,84.3895,86.12093
2022-01-25 11:01:59.005868,84.26632,84.54425,86.12093
2022-01-25 11:01:59.504421,84.00888,84.699,85.68833
2022-01-25 11:02:00.004811,84.47302,84.751,85.68833
2022-01-25 11:02:00.510021,84.11161,84.132,85.53187
2022-01-25 11:02:01.009636,84.00888,84.4415,85.53187
2022-01-25 11:02:01.507399,84.36905,84.751,85.49229
2022-01-25 11:02:02.005120,84.42104,85.0605,85.49229
2022-01-25 11:02:02.510723,83.85417,84.23475,86.00312
2022-01-25 11:02:03.008929,83.80219,84.54425,86.00312
2022-01-25 11:02:03.504430,83.85417,84.132,85.21708
2022-01-25 11:02:04.003260,84.83319,85.0085,85.21708
2022-01-25 11:02:04.503633,84.11161,84.4935,86.00312
2022-01-25 11:02:05.001637,83.9569,84.08,86.00312
2022-01-25 11:02:05.508349,83.69946,84.28675,85.21708
2022-01-25 11:02:06.007502,84.52377,84.803,85.21708
2022-01-25 11:02:06.505672,83.9569,84.64825,85.64968
2022-01-25 11:02:07.004508,83.80219,84.08,85.64968
2022-01-25 11:02:07.510420,83.9569,84.33875,85.96354
2022-01-25 11:02:08.008166,84.31831,84.54425,85.96354
2022-01-25 11:02:08.503777,84.73046,84.64825,85.06062
2022-01-25 11:02:09.001189,83.80219,84.59625,85.06062
2022-01-25 11:02:09.505825,83.7502,84.02925,86.15958
2022-01-25 11:02:10.003588,84.05963,84.59625,86.15958
2022-01-25 11:02:10.500948,84.31831,84.803,85.53187
2022-01-25 11:02:11.005557,83.7502,84.33875,85.53187
2022-01-25 11:02:11.510691,84.47302,84.64825,85.7675
2022-01-25 11:02:12.009122,84.1636,84.184,85.7675
2022-01-25 11:02:12.508094,84.47302,84.90575,85.80614
2022-01-25 11:02:13.007596,84.21434,84.64825,85.80614
2022-01-25 11:02:13.504234,83.54475,84.28675,86.15958
2022-01-25 11:02:14.002875,84.21434,84.33875,86.15958
2022-01-25 11:02:14.510489,83.59549,84.132,85.25666
2022-01-25 11:02:15.008107,84.47302,84.699,85.25666
2022-01-25 11:02:15.504903,84.21434,84.23475,85.41406
2022-01-25 11:02:16.003443,84.31831,84.699,85.41406
2022-01-25 11:02:16.508191,84.1636,84.64825,85.4527
2022-01-25 11:02:17.006656,83.9569,84.4935,85.4527
2022-01-25 11:02:17.502504,84.31831,84.54425,85.88531
2022-01-25 11:02:18.001072,83.54475,84.184,85.88531
2022-01-25 11:02:18.505118,84.26632,84.64825,86.15958
2022-01-25 11:02:19.004573,83.80219,84.02925,86.15958
2022-01-25 11:02:19.509542,84.52377,84.95775,86.67041
2022-01-25 11:02:20.007546,84.21434,84.4415,86.67041
2022-01-25 11:02:20.501293,84.21434,84.64825,85.64968
2022-01-25 11:02:21.010520,83.7502,84.132,85.64968
2022-01-25 11:02:21.501617,84.1636,84.803,85.72791
2022-01-25 11:02:22.010171,84.26632,84.699,85.72791
2022-01-25 11:02:22.505814,84.11161,84.23475,85.25666
2022-01-25 11:02:23.003608,84.1636,84.4415,85.25666
2022-01-25 11:02:23.501526,84.00888,84.33875,85.4527
2022-01-25 11:02:24.010913,84.26632,84.95775,85.4527
2022-01-25 11:02:24.507555,84.31831,84.54425,85.88531
2022-01-25 11:02:25.006650,83.85417,84.23475,85.88531
2022-01-25 11:02:25.502409,83.80219,84.184,85.88531
2022-01-25 11:02:26.001505,84.42104,84.699,85.88531
2022-01-25 11:02:26.507370,84.21434,84.54425,85.84572
2022-01-25 11:02:27.006448,84.11161,84.4935,85.84572
2022-01-25 11:02:27.502769,83.90492,84.3895,86.31697
2022-01-25 11:02:28.002458,84.21434,84.4415,86.31697
2022-01-25 11:02:28.506131,84.47302,85.0085,85.49229
2022-01-25 11:02:29.004036,83.9569,84.4935,85.49229
2022-01-25 11:02:29.510108,83.85417,84.3895,85.92395
2022-01-25 11:02:30.010252,83.85417,84.08,85.92395
2022-01-25 11:02:30.506097,84.36905,84.54425,85.25666
2022-01-25 11:02:31.006094,84.36905,85.0085,85.25666
2022-01-25 11:02:31.502704,83.80219,84.132,85.80614
2022-01-25 11:02:32.001766,83.9569,84.33875,85.80614
2022-01-25 11:02:32.508584,84.31831,84.64825,85.84572
2022-01-25 11:02:33.006790,84.05963,84.59625,85.84572
2022-01-25 11:02:33.501747,83.80219,84.184,85.4527
2022-01-25 11:02:34.001622,84.11161,84.08,85.4527
2022-01-25 11:02:34.511081,84.31831,84.803,86.00312
2022-01-25 11:02:35.010006,84.21434,84.64825,86.00312
2022-01-25 11:02:35.504951,84.00888,84.33875,86.31697
2022-01-25 11:02:36.003484,84.21434,84.4935,86.31697
2022-01-25 11:02:36.501038,83.69946,84.33875,85.09926
2022-01-25 11:02:37.504897,83.90492,84.08,85.88531
2022-01-25 11:02:38.003234,84.1636,84.699,85.88531
2022-01-25 11:02:38.503582,84.00888,84.3895,85.37447
2022-01-25 11:02:39.002795,84.21434,84.64825,85.37447
2022-01-25 11:02:39.502470,84.26632,84.4935,85.7675
2022-01-25 11:02:40.007222,83.85417,84.184,85.7675
2022-01-25 11:02:40.503330,84.21434,84.54425,85.37447
2022-01-25 11:02:41.007635,83.80219,83.97725,85.37447
2022-01-25 11:02:41.507388,84.47302,85.0085,85.92395
2022-01-25 11:02:42.001036,84.21434,84.28675,85.92395
2022-01-25 11:02:42.503525,84.00888,84.4415,85.49229
2022-01-25 11:02:43.002199,83.80219,84.23475,85.49229
2022-01-25 11:02:43.501197,83.54475,83.8745,85.41406
2022-01-25 11:02:44.001951,84.00888,84.132,85.41406
2022-01-25 11:02:44.502443,83.9569,84.132,237.66645
2022-01-25 11:02:45.007975,84.1636,84.64825,237.66645
2022-01-25 11:02:45.502359,83.9569,84.132,224.07937
2022-01-25 11:02:46.003524,83.90492,84.33875,224.07937
2022-01-25 11:02:46.504958,83.9569,84.02925,181.03822
2022-01-25 11:02:47.004683,83.9569,84.28675,181.03822
2022-01-25 11:02:47.501283,84.05963,84.33875,116.04531
2022-01-25 11:02:48.010274,83.69946,84.08,116.04531
2022-01-25 11:02:48.510416,84.21434,84.4935,92.52145
2022-01-25 11:02:49.003192,83.90492,83.8745,92.52145
2022-01-25 11:02:49.501767,84.83319,85.16325,94.52426
2022-01-25 11:02:50.002775,83.44078,83.71975,94.52426
2022-01-25 11:02:50.506732,84.47302,84.803,88.79104
2022-01-25 11:02:51.006314,84.00888,84.3895,88.79104
2022-01-25 11:02:51.502101,83.80219,84.4935,86.19916
2022-01-25 11:02:52.010841,84.00888,84.23475,86.19916
2022-01-25 11:02:52.506786,84.57575,84.803,86.19916
2022-01-25 11:02:53.007364,83.85417,84.23475,86.19916
2022-01-25 11:02:53.507739,84.52377,84.64825,86.63083
2022-01-25 11:02:54.001690,83.59549,84.28675,86.63083
2022-01-25 11:02:54.501302,84.05963,84.33875,86.78822
2022-01-25 11:02:55.010594,84.26632,84.751,86.78822
2022-01-25 11:02:56.005725,83.7502,84.132,86.15958
2022-01-25 11:02:56.508068,84.11161,84.54425,86.3952
2022-01-25 11:02:57.008846,84.52377,84.85375,86.3952
2022-01-25 11:02:57.507030,84.31831,84.64825,86.00312
2022-01-25 11:02:58.010320,83.80219,84.184,86.00312
2022-01-25 11:02:58.504668,83.7502,84.184,85.4527
2022-01-25 11:02:59.004974,84.1636,84.59625,85.4527
2022-01-25 11:02:59.510738,84.05963,84.64825,86.00312
2022-01-25 11:03:00.009262,84.31831,84.64825,86.00312
2022-01-25 11:03:00.505079,84.21434,84.3895,85.92395
2022-01-25 11:03:01.003473,83.90492,84.3895,85.92395
2022-01-25 11:03:01.504651,84.52377,84.95775,85.41406
2022-01-25 11:03:02.505399,84.11161,84.3895,86.43479
2022-01-25 11:03:03.006864,83.64747,84.23475,86.43479
2022-01-25 11:03:03.510775,84.52377,85.0605,85.6101
2022-01-25 11:03:04.004423,84.42104,84.59625,85.6101
2022-01-25 11:03:04.504910,83.85417,84.4935,86.15958
2022-01-25 11:03:05.001659,84.26632,84.54425,86.15958
2022-01-25 11:03:05.509027,83.85417,84.4415,85.64968
2022-01-25 11:03:06.010375,84.9879,85.37,85.64968
2022-01-25 11:03:06.502335,83.23532,83.71975,86.15958
2022-01-25 11:03:07.007139,84.11161,84.4415,86.15958
2022-01-25 11:03:07.503881,84.05963,84.28675,85.06062
2022-01-25 11:03:08.002921,84.31831,84.751,85.06062
2022-01-25 11:03:08.508477,84.00888,84.23475,86.35656
2022-01-25 11:03:09.010629,83.7502,84.23475,86.35656
2022-01-25 11:03:09.510530,84.52377,85.0085,84.98145
2022-01-25 11:03:10.002261,84.00888,84.64825,84.98145
2022-01-25 11:03:10.510434,84.26632,84.90575,86.19916
2022-01-25 11:03:11.004172,83.90492,84.02925,86.19916
2022-01-25 11:03:11.504231,84.11161,84.3895,85.96354
2022-01-25 11:03:12.003747,84.31831,84.699,85.96354
2022-01-25 11:03:12.501915,83.69946,84.08,85.7675
2022-01-25 11:03:13.007954,84.57575,84.803,85.7675
2022-01-25 11:03:13.503203,83.44078,83.97725,85.92395
2022-01-25 11:03:14.003981,84.47302,84.95775,85.92395
2022-01-25 11:03:14.502520,83.85417,84.33875,85.57051
2022-01-25 11:03:15.003687,84.26632,84.3895,85.57051
2022-01-25 11:03:15.511181,84.26632,84.59625,86.04176
2022-01-25 11:03:16.010489,83.85417,84.23475,86.04176
2022-01-25 11:03:16.501313,83.85417,84.132,86.12093
2022-01-25 11:03:17.010645,84.36905,84.803,86.12093
2022-01-25 11:03:17.505811,84.1636,84.59625,85.6101
2022-01-25 11:03:18.003181,83.69946,84.3895,85.6101
2022-01-25 11:03:18.502542,84.26632,84.4415,85.53187
2022-01-25 11:03:19.004433,84.26632,84.4935,85.53187
2022-01-25 11:03:19.501481,83.9569,84.3895,85.92395
2022-01-25 11:03:20.004770,84.42104,84.803,85.92395
2022-01-25 11:03:20.508948,83.49276,83.71975,86.59218
2022-01-25 11:03:21.006418,84.26632,84.95775,86.59218
2022-01-25 11:03:21.507407,83.85417,84.33875,85.02104
2022-01-25 11:03:22.007933,84.52377,84.803,85.02104
2022-01-25 11:03:22.506546,84.26632,84.3895,85.80614
2022-01-25 11:03:23.001063,83.69946,84.08,85.80614
2022-01-25 11:03:23.501408,84.1636,84.64825,85.4527
2022-01-25 11:03:24.003142,83.85417,84.3895,85.4527
2022-01-25 11:03:24.503410,84.31831,84.803,85.7675
2022-01-25 11:03:25.006359,83.39003,83.97725,85.7675
2022-01-25 11:03:25.508978,84.52377,84.90575,85.33489
2022-01-25 11:03:26.006011,84.36905,84.4935,85.33489
2022-01-25 11:03:26.501753,84.47302,84.59625,86.31697
2022-01-25 11:03:27.010695,83.64747,83.92525,86.31697
2022-01-25 11:03:27.507855,83.90492,84.28675,86.12093
2022-01-25 11:03:28.006306,84.47302,84.95775,86.12093
2022-01-25 11:03:28.502718,83.7502,84.28675,86.23875
2022-01-25 11:03:29.504817,83.7502,83.7705,85.29625
2022-01-25 11:03:30.004621,84.52377,84.803,85.29625
2022-01-25 11:03:30.509985,84.73046,84.95775,86.23875
2022-01-25 11:03:31.007650,83.85417,84.132,86.23875
2022-01-25 11:03:31.501612,84.31831,84.64825,85.4527
2022-01-25 11:03:32.010603,83.18334,83.8745,85.4527
2022-01-25 11:03:32.506997,84.88517,85.318,85.29625
2022-01-25 11:03:33.009002,83.54475,83.8745,85.29625
2022-01-25 11:03:33.507326,84.52377,84.751,85.88531
2022-01-25 11:03:34.011086,84.1636,84.23475,85.88531
2022-01-25 11:03:34.509435,84.26632,84.803,85.41406
2022-01-25 11:03:35.008327,84.21434,84.699,85.41406
2022-01-25 11:03:35.505548,83.7502,84.28675,85.57051
2022-01-25 11:03:36.003409,84.11161,84.699,85.57051
2022-01-25 11:03:36.510359,83.49276,84.184,86.15958
2022-01-25 11:03:37.008492,84.57575,84.803,86.15958
2022-01-25 11:03:37.506033,84.42104,84.3895,85.84572
2022-01-25 11:03:38.009202,84.00888,84.28675,85.84572
2022-01-25 11:03:38.505016,84.00888,84.33875,85.41406
2022-01-25 11:03:39.005144,84.21434,84.64825,85.41406
2022-01-25 11:03:39.502319,84.00888,84.33875,86.51301
2022-01-25 11:03:40.001798,84.05963,84.699,86.51301
2022-01-25 11:03:40.507922,84.36905,84.699,85.96354
2022-01-25 11:03:41.005996,84.05963,84.28675,85.96354
2022-01-25 11:03:41.501166,84.62773,84.85375,85.37447
2022-01-25 11:03:42.010006,83.7502,84.08,85.37447
2022-01-25 11:03:42.505181,84.11161,84.4935,86.31697
2022-01-25 11:03:43.003447,84.26632,84.64825,86.31697
2022-01-25 11:03:43.503489,83.64747,84.28675,86.04176
2022-01-25 11:03:44.004269,84.31831,84.803,86.04176
2022-01-25 11:03:44.510550,83.9569,84.184,86.31697
2022-01-25 11:03:45.010539,84.26632,84.3895,86.31697
2022-01-25 11:03:45.505397,84.05963,84.33875,85.68833
2022-01-25 11:03:46.004083,84.11161,84.4935,85.68833
2022-01-25 11:03:46.510383,84.52377,84.803,85.7675
2022-01-25 11:03:47.008507,84.1636,84.64825,85.7675
2022-01-25 11:03:47.504783,83.7502,84.08,85.37447
2022-01-25 11:03:48.003763,84.31831,84.59625,85.37447
2022-01-25 11:03:48.501098,84.00888,84.23475,86.31697
2022-01-25 11:03:49.009171,84.26632,84.3895,86.31697
2022-01-25 11:03:49.504485,83.9569,84.4935,85.29625
2022-01-25 11:03:50.002734,84.05963,84.4935,85.29625
2022-01-25 11:03:50.506503,84.05963,84.4935,85.96354
2022-01-25 11:03:51.003907,84.83319,85.16325,85.96354
2022-01-25 11:03:51.508852,83.44078,83.8745,85.96354
2022-01-25 11:03:52.007631,84.11161,84.33875,85.96354
2022-01-25 11:03:52.501730,84.31831,84.54425,85.4527
2022-01-25 11:03:53.001488,83.85417,84.132,85.4527
2022-01-25 11:03:53.509669,84.36905,84.95775,85.68833
2022-01-25 11:03:54.011025,83.54475,84.02925,85.68833
2022-01-25 11:03:54.506210,84.42104,84.85375,85.21708
2022-01-25 11:03:55.004800,84.11161,84.699,85.21708
2022-01-25 11:03:55.510048,84.36905,84.4415,86.23875
2022-01-25 11:03:56.008454,84.1636,84.33875,86.23875
2022-01-25 11:03:56.503166,83.9569,84.23475,85.6101
2022-01-25 11:03:57.001115,84.31831,84.803,85.6101
2022-01-25 11:03:57.508701,83.7502,84.184,85.49229
2022-01-25 11:03:58.007168,84.21434,84.4935,85.49229
2022-01-25 11:03:58.502386,83.44078,84.08,86.19916
2022-01-25 11:03:59.504645,84.36905,84.4415,86.12093
2022-01-25 11:04:00.002289,84.11161,84.23475,86.12093
2022-01-25 11:04:00.510058,84.1636,84.4935,86.3952
2022-01-25 11:04:01.009048,84.11161,84.803,86.3952
2022-01-25 11:04:01.505103,84.26632,84.59625,85.57051
2022-01-25 11:04:02.004244,83.9569,84.4415,85.57051
2022-01-25 11:04:02.502031,83.90492,84.23475,85.7675
2022-01-25 11:04:03.002183,84.11161,84.4935,85.7675
2022-01-25 11:04:03.507396,84.67848,84.85375,86.00312
2022-01-25 11:04:04.007044,83.64747,84.184,86.00312
2022-01-25 11:04:04.503847,84.31831,84.803,85.6101
2022-01-25 11:04:05.003614,84.05963,84.3895,85.6101
2022-01-25 11:04:05.508558,83.85417,84.28675,85.33489
2022-01-25 11:04:06.005528,84.42104,84.95775,85.33489
2022-01-25 11:04:06.510471,83.7502,84.28675,85.68833
2022-01-25 11:04:07.001037,84.52377,84.64825,85.68833
2022-01-25 11:04:07.509896,84.52377,84.90575,86.47437
2022-01-25 11:04:08.007647,83.80219,84.4415,86.47437
2022-01-25 11:04:08.504528,84.05963,84.28675,85.4527
2022-01-25 11:04:09.002270,83.59549,84.132,85.4527
2022-01-25 11:04:09.505897,83.9569,84.3895,85.88531
2022-01-25 11:04:10.010768,84.00888,84.699,85.88531
2022-01-25 11:04:10.502710,83.69946,84.08,86.15958
2022-01-25 11:04:11.005318,84.67848,84.699,86.15958
2022-01-25 11:04:11.506168,84.11161,84.3895,85.33489
2022-01-25 11:04:12.009982,84.36905,84.699,85.33489
2022-01-25 11:04:12.502912,83.90492,84.132,85.53187
2022-01-25 11:04:13.008204,83.90492,84.184,85.53187
2022-01-25 11:04:13.508240,83.85417,84.54425,85.21708
2022-01-25 11:04:14.008713,84.11161,84.4935,85.21708
2022-01-25 11:04:14.509927,84.52377,84.751,86.19916
2022-01-25 11:04:15.010429,83.80219,84.132,86.19916
2022-01-25 11:04:15.509832,84.93716,85.318,86.35656
2022-01-25 11:04:16.005708,83.54475,83.71975,86.35656
2022-01-25 11:04:16.506332,84.21434,84.699,85.57051
2022-01-25 11:04:17.004742,83.80219,84.54425,85.57051
2022-01-25 11:04:17.503178,83.85417,84.02925,85.7675
2022-01-25 11:04:18.001080,84.36905,84.64825,85.7675
2022-01-25 11:04:18.509501,83.7502,84.08,85.6101
2022-01-25 11:04:19.007112,84.88517,85.422,85.6101
2022-01-25 11:04:19.503721,83.69946,84.132,86.35656
2022-01-25 11:04:20.001697,84.31831,84.64825,86.35656
2022-01-25 11:04:20.509794,83.80219,84.3895,85.80614
2022-01-25 11:04:21.007682,84.42104,84.54425,85.80614
2022-01-25 11:04:21.505226,84.1636,84.59625,86.15958
2022-01-25 11:04:22.003853,83.80219,84.08,86.15958
2022-01-25 11:04:22.510375,84.00888,84.33875,85.33489
2022-01-25 11:04:23.008868,84.00888,84.4935,85.33489
2022-01-25 11:04:23.507879,84.52377,84.85375,85.41406
2022-01-25 11:04:24.006791,83.64747,84.184,85.41406
2022-01-25 11:04:24.503195,84.1636,84.4415,86.04176
2022-01-25 11:04:25.002782,83.69946,84.184,86.04176
2022-01-25 11:04:25.509421,84.36905,84.54425,85.80614
2022-01-25 11:04:26.008252,84.31831,84.751,85.80614
2022-01-25 11:04:26.503078,84.11161,84.3895,85.33489
2022-01-25 11:04:27.003089,83.85417,84.23475,85.33489
2022-01-25 11:04:27.501106,84.1636,84.4415,85.57051
2022-01-25 11:04:28.009810,84.42104,84.95775,85.57051
2022-01-25 11:04:28.506380,83.69946,84.08,85.80614
2022-01-25 11:04:29.004703,84.31831,84.59625,85.80614
2022-01-25 11:04:29.509245,83.7502,83.97725,85.68833
2022-01-25 11:04:30.008118,84.36905,84.95775,85.68833
2022-01-25 11:04:30.502871,84.52377,84.90575,85.49229
2022-01-25 11:04:31.011148,83.54475,83.8745,85.49229
2022-01-25 11:04:31.505772,84.57575,84.751,85.84572
2022-01-25 11:04:32.005075,83.59549,84.3895,85.84572
2022-01-25 11:04:32.510853,84.47302,84.4935,86.04176
2022-01-25 11:04:33.010655,84.11161,84.3895,86.04176
2022-01-25 11:04:33.506808,83.7502,84.08,85.37447
2022-01-25 11:04:34.004948,84.36905,84.699,85.37447
2022-01-25 11:04:34.501815,84.36905,84.803,85.57051
2022-01-25 11:04:35.010359,84.00888,84.23475,85.57051
2022-01-25 11:04:35.508015,84.00888,84.54425,86.98426
2022-01-25 11:04:36.006772,83.90492,84.132,86.98426
2022-01-25 11:04:36.502486,84.26632,84.699,85.57051
2022-01-25 11:04:37.001369,84.1636,84.23475,85.57051
2022-01-25 11:04:37.503353,84.57575,84.751,86.59218
2022-01-25 11:04:38.011318,83.39003,83.7705,86.59218
2022-01-25 11:04:38.505531,84.73046,84.90575,85.7675
2022-01-25 11:04:39.003241,83.80219,84.28675,85.7675
2022-01-25 11:04:39.509660,84.1636,84.4415,85.6101
2022-01-25 11:04:40.007322,84.36905,84.90575,85.6101
2022-01-25 11:04:40.504215,83.54475,83.8745,85.96354
2022-01-25 11:04:41.003662,84.83319,85.0085,85.96354
2022-01-25 11:04:41.510030,83.90492,84.28675,85.64968
2022-01-25 11:04:42.007738,83.9569,84.28675,85.64968
2022-01-25 11:04:42.503226,83.90492,84.184,85.72791
2022-01-25 11:04:43.010885,83.7502,84.08,85.72791
2022-01-25 11:04:43.507432,84.21434,84.803,86.00312
2022-01-25 11:04:44.005919,83.9569,84.3895,86.00312
2022-01-25 11:04:44.501516,84.31831,84.59625,86.74864
2022-01-25 11:04:45.011065,83.9569,84.28675,86.74864
2022-01-25 11:04:45.507024,84.36905,84.699,85.17843
2022-01-25 11:04:46.005441,83.54475,84.08,85.17843
2022-01-25 11:04:46.501624,84.73046,84.90575,85.57051
2022-01-25 11:04:47.010343,83.13135,83.7705,85.57051
2022-01-25 11:04:47.506868,84.21434,84.4415,85.29625
2022-01-25 11:04:48.005085,84.47302,84.54425,85.29625
2022-01-25 11:04:48.501467,84.31831,84.64825,85.49229
2022-01-25 11:04:49.001867,84.1636,84.59625,85.49229
2022-01-25 11:04:49.508099,83.80219,84.23475,86.15958
2022-01-25 11:04:50.006693,84.36905,84.4935,86.15958
2022-01-25 11:04:50.502774,83.85417,84.59625,85.37447
2022-01-25 11:04:51.001895,84.42104,84.90575,85.37447
2022-01-25 11:04:51.507632,83.64747,83.8745,85.57051
2022-01-25 11:04:52.007897,84.31831,84.54425,85.57051
2022-01-25 11:04:52.503876,84.26632,84.54425,86.00312
2022-01-25 11:04:53.001726,83.90492,84.4415,86.00312
2022-01-25 11:04:53.510221,84.1636,84.132,85.33489
2022-01-25 11:04:54.001257,83.44078,84.132,85.33489
2022-01-25 11:04:54.508538,84.62773,85.0085,86.08135
2022-01-25 11:04:55.006573,84.26632,84.64825,86.08135
2022-01-25 11:04:55.502258,84.31831,84.751,85.21708
2022-01-25 11:04:56.010281,83.90492,84.132,85.21708
2022-01-25 11:04:56.506811,84.26632,84.803,85.25666
2022-01-25 11:04:57.004168,84.21434,84.3895,85.25666
2022-01-25 11:04:57.509914,84.05963,84.699,85.7675
2022-01-25 11:04:58.003992,84.1636,84.3895,85.7675
2022-01-25 11:04:58.501740,83.69946,84.33875,85.7675
2022-01-25 11:04:59.010863,84.31831,84.4935,85.7675
2022-01-25 11:04:59.506456,84.21434,84.4415,85.6101
2022-01-25 11:05:00.004755,83.80219,84.4415,85.6101
2022-01-25 11:05:00.505020,84.05963,84.4415,86.35656
2022-01-25 11:05:01.003629,83.90492,84.4415,86.35656
2022-01-25 11:05:01.509998,84.21434,84.3895,85.57051
2022-01-25 11:05:02.009063,84.11161,84.95775,85.57051
2022-01-25 11:05:02.506352,83.69946,83.8745,86.04176
2022-01-25 11:05:03.005006,84.47302,84.64825,86.04176
2022-01-25 11:05:03.510177,84.00888,84.33875,85.96354
2022-01-25 11:05:04.008829,84.05963,84.4415,85.96354
2022-01-25 11:05:04.503770,84.00888,84.4935,85.33489
2022-01-25 11:05:05.003943,84.05963,84.54425,85.33489
2022-01-25 11:05:05.508039,84.05963,84.699,85.4527
2022-01-25 11:05:06.006817,83.64747,83.71975,85.4527
2022-01-25 11:05:06.503264,83.69946,83.8745,87.3377
2022-01-25 11:05:07.002267,84.9879,84.95775,87.3377
2022-01-25 11:05:07.506606,83.54475,83.71975,229.6552
2022-01-25 11:05:08.004457,84.11161,84.3895,229.6552
2022-01-25 11:05:08.510955,84.11161,84.184,217.87395
2022-01-25 11:05:09.008867,84.00888,84.64825,217.87395
2022-01-25 11:05:09.506894,84.1636,84.33875,153.11666
2022-01-25 11:05:10.006541,84.1636,84.4415,153.11666
2022-01-25 11:05:10.502359,83.7502,83.8225,95.85979
2022-01-25 11:05:11.007794,84.67848,84.751,95.85979
2022-01-25 11:05:11.503888,83.44078,83.8225,98.49125
2022-01-25 11:05:12.002573,84.26632,84.54425,98.49125
2022-01-25 11:05:12.508691,84.00888,84.3895,91.46114
2022-01-25 11:05:13.007199,84.11161,84.699,91.46114
2022-01-25 11:05:13.502878,84.05963,84.54425,87.45551
2022-01-25 11:05:14.001470,84.1636,84.54425,87.45551
2022-01-25 11:05:14.510337,84.11161,84.28675,86.12093
2022-01-25 11:05:15.008436,84.26632,84.699,86.12093
2022-01-25 11:05:15.506734,84.21434,84.64825,85.92395
2022-01-25 11:05:16.005326,83.64747,84.23475,85.92395
2022-01-25 11:05:16.501050,84.52377,84.90575,86.31697
2022-01-25 11:05:17.009337,83.59549,84.3895,86.31697
2022-01-25 11:05:17.504778,84.73046,84.64825,86.31697
2022-01-25 11:05:18.004481,84.05963,84.132,86.31697
2022-01-25 11:05:18.510698,84.00888,84.64825,86.23875
2022-01-25 11:05:19.009043,84.1636,84.3895,86.23875
2022-01-25 11:05:19.503623,84.11161,84.59625,85.41406
2022-01-25 11:05:20.003888,84.21434,84.33875,85.41406
2022-01-25 11:05:20.506992,83.80219,84.54425,85.72791
2022-01-25 11:05:21.007369,84.26632,84.751,85.72791
2022-01-25 11:05:21.503754,84.11161,84.23475,85.80614
2022-01-25 11:05:22.001525,84.57575,84.699,85.80614
2022-01-25 11:05:22.506221,83.80219,84.132,85.84572
2022-01-25 11:05:23.004521,83.9569,84.4935,85.84572
2022-01-25 11:05:23.502968,84.31831,84.751,85.57051
2022-01-25 11:05:24.002344,83.44078,84.132,85.57051
2022-01-25 11:05:24.508294,84.57575,84.803,86.00312
2022-01-25 11:05:25.006407,84.00888,84.28675,86.00312
2022-01-25 11:05:25.501884,84.57575,84.90575,85.33489
2022-01-25 11:05:26.010495,84.42104,84.59625,85.33489
2022-01-25 11:05:26.506757,84.00888,84.3895,85.13885
2022-01-25 11:05:27.004981,83.9569,84.23475,85.13885
2022-01-25 11:05:27.507005,84.11161,84.90575,85.17843
2022-01-25 11:05:28.008924,83.7502,84.28675,85.17843
2022-01-25 11:05:28.504031,84.26632,84.4935,85.84572
2022-01-25 11:05:29.003385,83.9569,84.33875,85.84572
2022-01-25 11:05:29.510917,84.31831,84.4935,85.09926
2022-01-25 11:05:30.008846,84.05963,84.59625,85.09926
2022-01-25 11:05:30.503988,83.9569,84.23475,86.12093
2022-01-25 11:05:31.002295,84.1636,84.751,86.12093
2022-01-25 11:05:31.509237,84.00888,84.33875,85.84572
2022-01-25 11:05:32.007455,84.11161,84.85375,85.84572
2022-01-25 11:05:32.503230,84.05963,84.184,86.04176
2022-01-25 11:05:33.003255,84.42104,84.28675,86.04176
2022-01-25 11:05:33.509806,83.9569,84.4415,85.21708
2022-01-25 11:05:34.007024,84.36905,84.64825,85.21708
2022-01-25 11:05:34.502302,83.85417,84.4415,85.7675
2022-01-25 11:05:35.001995,83.80219,84.132,85.7675
2022-01-25 11:05:35.506741,84.21434,84.803,86.08135
2022-01-25 11:05:36.006069,84.00888,84.3895,86.08135
2022-01-25 11:05:36.510932,84.62773,84.699,86.12093
2022-01-25 11:05:37.003058,84.31831,84.59625,86.12093
2022-01-25 11:05:37.509622,84.00888,84.28675,85.4527
2022-01-25 11:05:38.007808,83.80219,84.3895,85.4527
2022-01-25 11:05:38.503337,84.26632,84.4935,85.37447
2022-01-25 11:05:39.002035,83.80219,84.4415,85.37447
2022-01-25 11:05:39.508065,84.26632,84.33875,85.7675
2022-01-25 11:05:40.007333,84.26632,84.28675,85.7675
2022-01-25 11:05:40.502775,84.21434,84.59625,85.41406
2022-01-25 11:05:41.001935,84.11161,84.4415,85.41406
2022-01-25 11:05:41.508010,84.11161,84.751,85.88531
2022-01-25 11:05:42.007065,84.1636,84.23475,85.88531
2022-01-25 11:05:42.503469,83.59549,84.132,85.72791
2022-01-25 11:05:43.002118,84.52377,84.90575,85.72791
2022-01-25 11:05:43.509171,83.7502,83.97725,85.21708
2022-01-25 11:05:44.007423,84.57575,84.85375,85.21708
2022-01-25 11:05:44.501836,83.59549,83.8225,86.08135
2022-01-25 11:05:45.010696,84.11161,84.803,86.08135
2022-01-25 11:05:45.507213,84.36905,84.59625,86.12093
2022-01-25 11:05:46.005547,84.05963,84.59625,86.12093
2022-01-25 11:05:46.501828,84.26632,84.4935,85.17843
2022-01-25 11:05:47.002751,83.7502,84.184,85.17843
2022-01-25 11:05:47.507798,84.1636,84.4935,86.00312
2022-01-25 11:05:48.007197,84.36905,84.4935,86.00312
2022-01-25 11:05:48.503474,83.85417,84.4415,85.33489
2022-01-25 11:05:49.002299,84.11161,84.4415,85.33489
2022-01-25 11:05:49.507648,83.9569,84.54425,85.49229
2022-01-25 11:05:50.006840,84.36905,84.751,85.49229
2022-01-25 11:05:50.503570,84.11161,84.59625,86.08135
2022-01-25 11:05:51.002815,84.36905,84.59625,86.08135
2022-01-25 11:05:51.507698,84.1636,84.28675,85.17843
2022-01-25 11:05:52.006414,84.36905,85.0085,85.17843
2022-01-25 11:05:52.501365,84.05963,84.3895,85.37447
2022-01-25 11:05:53.010185,84.00888,84.3895,85.37447
2022-01-25 11:05:53.505870,83.59549,83.7705,85.25666
2022-01-25 11:05:54.005398,84.1636,85.0085,85.25666
2022-01-25 11:05:54.510975,84.00888,84.28675,85.68833
2022-01-25 11:05:55.009655,84.57575,84.64825,85.68833
2022-01-25 11:05:55.506334,84.05963,84.33875,85.33489
2022-01-25 11:05:56.004062,84.11161,84.4935,85.33489
2022-01-25 11:05:56.510760,84.21434,84.85375,85.49229
2022-01-25 11:05:57.007978,84.00888,84.23475,85.49229
2022-01-25 11:05:57.504406,83.80219,84.4935,85.88531
2022-01-25 11:05:58.003183,84.00888,84.33875,85.88531
2022-01-25 11:05:58.508529,84.52377,84.751,85.64968
2022-01-25 11:05:59.006725,84.05963,84.4415,85.64968
2022-01-25 11:05:59.507975,84.21434,84.4935,85.21708
2022-01-25 11:06:00.007676,83.9569,84.4935,85.21708
2022-01-25 11:06:00.502174,83.9569,84.184,85.84572
2022-01-25 11:06:01.505086,84.11161,84.4935,85.88531
2022-01-25 11:06:02.004047,84.26632,84.4935,85.88531
2022-01-25 11:06:02.501025,83.9569,84.132,85.29625
2022-01-25 11:06:03.009752,84.31831,84.751,85.29625
2022-01-25 11:06:03.504921,84.11161,84.59625,85.13885
2022-01-25 11:06:04.003187,83.9569,84.33875,85.13885
2022-01-25 11:06:04.510291,83.69946,84.23475,86.08135
2022-01-25 11:06:05.008437,84.31831,84.90575,86.08135
2022-01-25 11:06:05.504981,83.85417,84.08,86.43479
2022-01-25 11:06:06.003301,84.52377,84.751,86.43479
2022-01-25 11:06:06.508559,84.31831,84.3895,85.29625
2022-01-25 11:06:07.004773,83.7502,84.28675,85.29625
2022-01-25 11:06:07.501276,84.62773,84.85375,85.53187
2022-01-25 11:06:08.009368,83.64747,83.92525,85.53187
2022-01-25 11:06:08.505633,84.73046,85.21525,85.53187
2022-01-25 11:06:09.003448,83.33805,83.8745,85.53187
2022-01-25 11:06:09.501180,84.47302,84.751,85.84572
2022-01-25 11:06:10.009317,84.42104,84.3895,85.84572
2022-01-25 11:06:10.505880,84.11161,84.699,85.96354
2022-01-25 11:06:11.008992,84.47302,84.751,85.96354
2022-01-25 11:06:11.502612,83.59549,83.97725,85.25666
2022-01-25 11:06:12.001023,84.21434,84.4415,85.25666
2022-01-25 11:06:12.508193,83.85417,84.54425,85.33489
2022-01-25 11:06:13.006748,84.1636,84.4415,85.33489
2022-01-25 11:06:13.503690,84.00888,83.8745,86.00312
2022-01-25 11:06:14.002333,84.00888,84.699,86.00312
2022-01-25 11:06:14.508586,84.26632,84.4415,84.86364
2022-01-25 11:06:15.007215,84.1636,84.59625,84.86364
2022-01-25 11:06:15.502327,84.26632,84.4415,86.15958
2022-01-25 11:06:16.010599,83.64747,84.184,86.15958
2022-01-25 11:06:16.506298,84.42104,84.699,85.49229
2022-01-25 11:06:17.004367,84.11161,84.4415,85.49229
2022-01-25 11:06:17.503861,84.26632,84.4935,85.84572
2022-01-25 11:06:18.002808,84.05963,84.4935,85.84572
2022-01-25 11:06:18.509243,84.05963,84.64825,85.84572
2022-01-25 11:06:19.008440,84.1636,84.4415,85.84572
2022-01-25 11:06:19.505415,84.05963,84.4935,86.00312
2022-01-25 11:06:20.004026,84.36905,84.64825,86.00312
2022-01-25 11:06:20.511058,83.9569,84.184,85.13885
2022-01-25 11:06:21.002100,83.90492,84.3895,85.13885
2022-01-25 11:06:21.508258,84.1636,84.33875,85.68833
2022-01-25 11:06:22.007074,84.21434,84.699,85.68833
2022-01-25 11:06:22.504586,84.11161,84.23475,85.7675
2022-01-25 11:06:23.002570,84.05963,84.64825,85.7675
2022-01-25 11:06:23.508551,84.26632,84.4415,85.80614
2022-01-25 11:06:24.006789,83.90492,84.02925,85.80614
2022-01-25 11:06:24.510748,84.26632,84.64825,85.53187
2022-01-25 11:06:25.009084,84.1636,84.4415,85.53187
2022-01-25 11:06:25.507376,83.85417,84.33875,85.6101
2022-01-25 11:06:26.005164,84.36905,84.54425,85.6101
2022-01-25 11:06:26.501818,84.00888,84.23475,85.7675
2022-01-25 11:06:27.504773,83.59549,84.08,85.53187
2022-01-25 11:06:28.004931,84.62773,84.90575,85.53187
2022-01-25 11:06:28.503186,84.1636,84.132,86.04176
2022-01-25 11:06:29.003383,84.00888,84.699,86.04176
2022-01-25 11:06:29.501179,84.47302,85.0085,85.72791
2022-01-25 11:06:30.010158,83.54475,83.92525,85.72791
2022-01-25 11:06:30.505092,84.62773,84.85375,85.29625
2022-01-25 11:06:31.004236,83.54475,84.02925,85.29625
2022-01-25 11:06:31.509823,84.62773,84.95775,85.84572
2022-01-25 11:06:32.010318,83.9569,84.132,85.84572
2022-01-25 11:06:32.508198,84.21434,84.3895,85.72791
2022-01-25 11:06:33.006505,84.36905,84.59625,85.72791
2022-01-25 11:06:33.502992,83.59549,84.184,86.35656
2022-01-25 11:06:34.001471,84.31831,84.64825,86.35656
2022-01-25 11:06:34.507273,83.54475,84.08,85.33489
2022-01-25 11:06:35.005918,84.31831,84.699,85.33489
2022-01-25 11:06:35.501386,84.11161,84.4935,85.7675
2022-01-25 11:06:36.009850,84.31831,84.699,85.7675
2022-01-25 11:06:36.505962,83.85417,83.97725,85.6101
2022-01-25 11:06:37.004803,84.31831,84.803,85.6101
2022-01-25 11:06:37.511108,84.1636,84.4415,85.68833
2022-01-25 11:06:38.009766,83.49276,84.02925,85.68833
2022-01-25 11:06:38.505795,84.57575,85.0605,85.4527
2022-01-25 11:06:39.004527,83.44078,83.8745,85.4527
2022-01-25 11:06:39.502190,84.93716,85.37,85.29625
2022-01-25 11:06:40.010762,84.11161,84.08,85.29625
2022-01-25 11:06:40.505242,84.47302,84.803,86.00312
2022-01-25 11:06:41.004977,83.7502,84.132,86.00312
2022-01-25 11:06:41.502565,84.00888,84.28675,86.27739
2022-01-25 11:06:42.011037,84.00888,84.184,86.27739
2022-01-25 11:06:42.508069,84.00888,84.59625,84.58937
2022-01-25 11:06:43.006115,84.42104,84.803,84.58937
2022-01-25 11:06:43.501846,84.1636,84.23475,85.72791
2022-01-25 11:06:44.001226,84.47302,84.803,85.72791
2022-01-25 11:06:44.506559,84.11161,84.4935,86.08135
2022-01-25 11:06:45.004805,84.11161,84.4415,86.08135
2022-01-25 11:06:45.503323,84.36905,84.751,85.6101
2022-01-25 11:06:46.001536,83.39003,83.8745,85.6101
2022-01-25 11:06:46.506432,84.62773,85.0085,85.49229
2022-01-25 11:06:47.003504,83.9569,84.184,85.49229
2022-01-25 11:06:47.510672,84.47302,84.95775,85.4527
2022-01-25 11:06:48.009869,84.1636,84.54425,85.4527
2022-01-25 11:06:48.505663,83.85417,84.132,86.12093
2022-01-25 11:06:49.004360,84.26632,84.699,86.12093
2022-01-25 11:06:49.509138,83.85417,84.4935,85.49229
2022-01-25 11:06:50.007902,84.11161,84.699,85.49229
2022-01-25 11:06:50.505956,84.05963,84.08,85.6101
2022-01-25 11:06:51.004269,84.31831,84.4935,85.6101
2022-01-25 11:06:51.510413,84.31831,84.59625,85.37447
2022-01-25 11:06:52.001452,84.05963,84.4935,85.37447
2022-01-25 11:06:52.506833,84.11161,84.28675,85.88531
2022-01-25 11:06:53.004910,83.7502,84.23475,85.88531
2022-01-25 11:06:53.506895,84.21434,84.85375,85.57051
2022-01-25 11:06:54.003951,84.1636,84.64825,85.57051
2022-01-25 11:06:54.501560,83.85417,84.132,85.68833
2022-01-25 11:06:55.004452,84.26632,84.4935,85.68833
2022-01-25 11:06:55.507257,83.80219,84.132,85.53187
2022-01-25 11:06:56.009041,84.52377,84.90575,85.53187
2022-01-25 11:06:56.505915,83.59549,83.97725,85.49229
2022-01-25 11:06:57.005342,84.47302,84.85375,85.49229
2022-01-25 11:06:57.502580,83.90492,84.3895,84.98145
2022-01-25 11:06:58.011135,84.11161,84.4935,84.98145
2022-01-25 11:06:58.506865,84.26632,84.4415,85.41406
2022-01-25 11:06:59.004075,84.21434,84.64825,85.41406
2022-01-25 11:06:59.502052,83.90492,84.08,85.06062
2022-01-25 11:07:00.004926,84.36905,84.64825,85.06062
2022-01-25 11:07:00.500830,84.36905,84.90575,86.59218
2022-01-25 11:07:01.008936,83.64747,84.184,86.59218
2022-01-25 11:07:01.505014,84.42104,84.64825,85.37447
2022-01-25 11:07:02.002402,84.1636,84.132,85.37447
2022-01-25 11:07:02.501725,84.1636,84.3895,85.6101
2022-01-25 11:07:03.010563,84.36905,84.751,85.6101
2022-01-25 11:07:03.507481,83.9569,84.4415,85.41406
2022-01-25 11:07:04.005697,84.42104,84.699,85.41406
2022-01-25 11:07:04.501642,83.54475,84.33875,85.96354
2022-01-25 11:07:05.011062,84.62773,84.90575,85.96354
2022-01-25 11:07:05.507898,84.21434,84.23475,85.64968
2022-01-25 11:07:06.007044,84.31831,84.64825,85.64968
2022-01-25 11:07:06.502892,83.85417,84.08,85.80614
2022-01-25 11:07:07.002283,84.05963,84.33875,85.80614
2022-01-25 11:07:07.508812,84.05963,84.54425,85.21708
2022-01-25 11:07:08.007122,84.11161,84.59625,85.21708
2022-01-25 11:07:08.505231,84.31831,84.751,86.00312
2022-01-25 11:07:09.003510,83.64747,83.8225,86.00312
2022-01-25 11:07:09.508685,84.73046,85.0605,85.49229
2022-01-25 11:07:10.006771,84.00888,84.28675,85.49229
2022-01-25 11:07:10.502920,83.9569,84.28675,86.00312
2022-01-25 11:07:11.008752,84.31831,84.54425,86.00312
2022-01-25 11:07:11.502954,83.85417,84.23475,85.6101
2022-01-25 11:07:12.001365,84.11161,84.59625,85.6101
2022-01-25 11:07:12.508657,84.31831,84.699,85.53187
2022-01-25 11:07:13.006814,83.64747,83.66775,85.53187
2022-01-25 11:07:13.502211,84.78245,84.95775,85.68833
2022-01-25 11:07:14.010900,83.64747,84.184,85.68833
2022-01-25 11:07:14.506123,84.21434,84.54425,86.08135
2022-01-25 11:07:15.003406,83.80219,84.184,86.08135
2022-01-25 11:07:15.509093,84.21434,84.54425,85.13885
2022-01-25 11:07:16.007168,84.21434,84.751,85.13885
2022-01-25 11:07:16.504989,84.21434,84.64825,85.25666
2022-01-25 11:07:17.003538,84.21434,84.33875,85.25666
2022-01-25 11:07:17.510745,83.9569,84.184,85.4527
2022-01-25 11:07:18.008572,84.26632,84.4935,85.4527
2022-01-25 11:07:18.503294,84.00888,84.54425,86.15958
2022-01-25 11:07:19.002301,84.1636,84.64825,86.15958
2022-01-25 11:07:19.507825,83.80219,84.4415,85.64968
2022-01-25 11:07:20.007817,83.9569,84.23475,85.64968
2022-01-25 11:07:20.503769,84.73046,85.0085,85.53187
2022-01-25 11:07:21.003447,83.80219,83.97725,85.53187
2022-01-25 11:07:21.509993,84.36905,84.699,85.33489
2022-01-25 11:07:22.009964,83.80219,83.97725,85.33489
2022-01-25 11:07:22.505222,84.26632,84.85375,85.68833
2022-01-25 11:07:23.003188,83.28607,84.02925,85.68833
2022-01-25 11:07:23.509843,84.78245,85.0085,85.92395
2022-01-25 11:07:24.008016,83.80219,83.97725,85.92395
2022-01-25 11:07:24.503384,84.42104,84.699,85.92395
2022-01-25 11:07:25.003873,84.42104,84.751,85.92395
2022-01-25 11:07:25.502779,83.59549,83.97725,85.4527
2022-01-25 11:07:26.505018,83.44078,84.02925,85.49229
2022-01-25 11:07:27.003191,84.1636,84.4935,85.49229
2022-01-25 11:07:27.508728,83.9569,84.184,85.21708
2022-01-25 11:07:28.006640,84.26632,84.3895,85.21708
2022-01-25 11:07:28.502533,84.11161,84.184,85.92395
2022-01-25 11:07:29.010752,83.49276,83.8225,85.92395
2022-01-25 11:07:29.505940,84.21434,84.699,217.83531
2022-01-25 11:07:30.005136,83.80219,84.02925,217.83531
2022-01-25 11:07:30.504282,84.31831,84.64825,233.81822
2022-01-25 11:07:31.005285,83.59549,83.97725,233.81822
2022-01-25 11:07:31.501962,84.31831,84.4415,190.03156
2022-01-25 11:07:32.009710,83.69946,83.7705,190.03156
2022-01-25 11:07:32.504960,84.47302,84.64825,125.70593
2022-01-25 11:07:33.003516,84.11161,84.4935,125.70593
2022-01-25 11:07:33.510412,83.49276,83.8745,89.61572
2022-01-25 11:07:34.008976,84.42104,84.64825,89.61572
2022-01-25 11:07:34.504529,83.33805,83.7705,94.75989
2022-01-25 11:07:35.004046,84.36905,84.4935,94.75989
2022-01-25 11:07:35.501998,84.42104,84.54425,90.67604
2022-01-25 11:07:36.010444,83.9569,84.23475,90.67604
2022-01-25 11:07:36.506390,83.85417,84.4935,86.00312
2022-01-25 11:07:37.005099,84.42104,85.0085,86.00312
2022-01-25 11:07:37.502836,84.05963,84.33875,86.12093
2022-01-25 11:07:38.001113,84.00888,84.3895,86.12093
2022-01-25 11:07:38.506339,83.9569,84.3895,85.96354
2022-01-25 11:07:39.004805,84.1636,84.33875,85.96354
2022-01-25 11:07:39.503458,84.21434,84.3895,86.78822
2022-01-25 11:07:40.004009,84.26632,84.699,86.78822
2022-01-25 11:07:40.509894,83.7502,84.23475,86.08135
2022-01-25 11:07:41.007907,84.26632,84.699,86.08135
2022-01-25 11:07:41.504214,83.90492,84.4415,86.71
2022-01-25 11:07:42.002029,84.1636,84.4415,86.71
2022-01-25 11:07:42.508036,84.26632,84.64825,86.23875
2022-01-25 11:07:43.006138,83.7502,84.02925,86.23875
2022-01-25 11:07:43.502010,84.42104,84.699,85.17843
2022-01-25 11:07:44.007199,83.85417,84.23475,85.17843
2022-01-25 11:07:44.507794,84.47302,84.90575,86.12093
2022-01-25 11:07:45.005007,83.90492,84.23475,86.12093
2022-01-25 11:07:45.505007,84.31831,84.64825,85.68833
2022-01-25 11:07:46.004080,84.00888,84.4415,85.68833
2022-01-25 11:07:46.510690,84.47302,84.4415,85.37447
2022-01-25 11:07:47.010964,84.26632,84.64825,85.37447
2022-01-25 11:07:47.507018,83.33805,83.7705,85.6101
2022-01-25 11:07:48.004369,84.62773,85.0605,85.6101
2022-01-25 11:07:48.509079,83.7502,83.97725,85.80614
2022-01-25 11:07:49.007946,84.36905,84.803,85.80614
2022-01-25 11:07:49.504482,83.90492,84.64825,85.80614
2022-01-25 11:07:50.001955,83.90492,84.132,85.80614
2022-01-25 11:07:50.510078,84.83319,84.803,85.84572
2022-01-25 11:07:51.008234,83.9569,84.33875,85.84572
2022-01-25 11:07:51.503425,84.36905,84.90575,85.13885
2022-01-25 11:07:52.002274,83.80219,84.3895,85.13885
2022-01-25 11:07:52.507876,84.31831,84.54425,85.92395
2022-01-25 11:07:53.006523,83.9569,84.64825,85.92395
2022-01-25 11:07:53.506222,84.11161,84.54425,85.72791
2022-01-25 11:07:54.004138,83.9569,84.08,85.72791
2022-01-25 11:07:54.509537,84.26632,84.4415,85.41406
2022-01-25 11:07:55.008315,84.11161,84.4415,85.41406
2022-01-25 11:07:55.505254,84.05963,84.4935,85.68833
2022-01-25 11:07:56.003564,84.05963,84.33875,85.68833
2022-01-25 11:07:56.510242,83.23532,83.92525,85.80614
2022-01-25 11:07:57.008850,84.73046,84.95775,85.80614
2022-01-25 11:07:57.505505,84.36905,84.4415,86.04176
2022-01-25 11:07:58.003555,84.05963,84.132,86.04176
2022-01-25 11:07:58.509818,84.26632,84.59625,86.86645
2022-01-25 11:07:59.007571,83.85417,84.33875,86.86645
2022-01-25 11:07:59.503804,84.52377,84.85375,85.49229
2022-01-25 11:08:00.002390,83.80219,84.4935,85.49229
2022-01-25 11:08:00.502150,84.26632,84.59625,85.02104
2022-01-25 11:08:01.010687,83.9569,84.33875,85.02104
2022-01-25 11:08:01.507085,84.31831,84.59625,85.53187
2022-01-25 11:08:02.001900,84.42104,84.751,85.53187
2022-01-25 11:08:03.005108,84.26632,84.54425,85.6101
2022-01-25 11:08:03.501869,83.7502,84.28675,85.53187
2022-01-25 11:08:04.010939,84.21434,84.3895,85.53187
2022-01-25 11:08:04.510276,84.00888,84.4935,85.4527
2022-01-25 11:08:05.007979,84.26632,84.54425,85.4527
2022-01-25 11:08:05.504677,84.42104,84.751,85.92395
2022-01-25 11:08:06.003469,83.7502,84.08,85.92395
2022-01-25 11:08:06.504725,84.62773,84.90575,85.6101
2022-01-25 11:08:07.004598,83.9569,84.23475,85.6101
2022-01-25 11:08:07.510335,84.11161,84.4415,85.84572
2022-01-25 11:08:08.010445,83.85417,84.3895,85.84572
2022-01-25 11:08:08.505873,83.85417,83.8225,85.49229
2022-01-25 11:08:09.003913,84.52377,84.803,85.49229
2022-01-25 11:08:09.510787,83.9569,84.3895,85.80614
2022-01-25 11:08:10.009457,84.26632,84.751,85.80614
2022-01-25 11:08:10.505795,83.69946,83.8745,86.00312
2022-01-25 11:08:11.009528,84.62773,84.85375,86.00312
2022-01-25 11:08:11.506225,83.49276,84.23475,85.88531
2022-01-25 11:08:12.004381,84.42104,84.54425,85.88531
2022-01-25 11:08:12.503715,84.00888,84.184,85.72791
2022-01-25 11:08:13.002644,83.85417,84.132,85.72791
2022-01-25 11:08:13.508648,84.57575,85.0085,85.25666
2022-01-25 11:08:14.007276,83.64747,84.28675,85.25666
2022-01-25 11:08:14.504363,84.1636,84.3895,85.41406
2022-01-25 11:08:15.004602,83.7502,84.132,85.41406
2022-01-25 11:08:15.510339,84.36905,84.64825,85.68833
2022-01-25 11:08:16.003592,84.00888,84.4935,85.68833
2022-01-25 11:08:16.509782,84.1636,84.4415,85.84572
2022-01-25 11:08:17.008891,83.85417,84.08,85.84572
2022-01-25 11:08:17.505738,84.26632,84.59625,85.4527
2022-01-25 11:08:18.004140,84.31831,84.64825,85.4527
2022-01-25 11:08:18.509656,83.44078,83.97725,86.51301
2022-01-25 11:08:19.008141,84.52377,84.751,86.51301
2022-01-25 11:08:19.505363,83.54475,84.02925,85.7675
2022-01-25 11:08:20.003983,84.52377,84.751,85.7675
2022-01-25 11:08:20.509375,84.05963,84.4415,85.80614
2022-01-25 11:08:21.007872,83.64747,84.08,85.80614
2022-01-25 11:08:21.505296,84.73046,84.95775,85.64968
2022-01-25 11:08:22.003795,83.59549,84.23475,85.64968
2022-01-25 11:08:22.509114,84.31831,84.64825,86.00312
2022-01-25 11:08:23.008015,83.90492,84.54425,86.00312
2022-01-25 11:08:23.502993,84.52377,84.59625,86.00312
2022-01-25 11:08:24.001546,84.1636,84.33875,86.00312
2022-01-25 11:08:24.507111,84.1636,84.59625,85.7675
2022-01-25 11:08:25.006613,84.05963,84.4415,85.7675
2022-01-25 11:08:25.503908,84.05963,84.54425,85.4527
2022-01-25 11:08:26.005134,84.11161,84.3895,85.4527
2022-01-25 11:08:26.511192,83.90492,84.699,86.04176
2022-01-25 11:08:27.010172,84.1636,84.4935,86.04176
2022-01-25 11:08:27.506850,84.36905,84.54425,85.96354
2022-01-25 11:08:28.005953,84.11161,84.33875,85.96354
2022-01-25 11:08:28.501292,84.21434,84.3895,85.21708
2022-01-25 11:08:29.009980,83.90492,84.4935,85.21708
2022-01-25 11:08:29.502459,83.90492,84.28675,86.27739
2022-01-25 11:08:30.011201,83.90492,84.4935,86.27739
2022-01-25 11:08:30.508475,84.26632,84.54425,85.88531
2022-01-25 11:08:31.006648,84.1636,84.4935,85.88531
2022-01-25 11:08:31.502453,84.31831,84.4415,85.84572
2022-01-25 11:08:32.010410,84.00888,84.54425,85.84572
2022-01-25 11:08:32.507498,84.36905,84.85375,86.31697
2022-01-25 11:08:33.006633,84.00888,84.132,86.31697
2022-01-25 11:08:33.502745,83.85417,84.54425,85.80614
2022-01-25 11:08:34.010599,83.85417,84.33875,85.80614
2022-01-25 11:08:34.506811,84.31831,84.90575,85.64968
2022-01-25 11:08:35.006647,84.05963,84.184,85.64968
2022-01-25 11:08:35.505045,84.21434,84.3895,85.7675
2022-01-25 11:08:36.002770,84.31831,84.751,85.7675
2022-01-25 11:08:36.508352,84.1636,84.3895,85.53187
2022-01-25 11:08:37.007911,83.85417,84.3895,85.53187
2022-01-25 11:08:37.504546,84.00888,84.23475,85.7675
2022-01-25 11:08:38.002649,84.05963,84.54425,85.7675
2022-01-25 11:08:38.507946,84.31831,84.59625,86.12093
2022-01-25 11:08:39.006306,84.11161,84.132,86.12093
2022-01-25 11:08:39.503893,84.00888,84.3895,85.68833
2022-01-25 11:08:40.003577,84.47302,84.751,85.68833
2022-01-25 11:08:40.510262,83.64747,84.132,85.6101
2022-01-25 11:08:41.007192,84.52377,84.751,85.6101
2022-01-25 11:08:41.502865,83.39003,84.08,85.84572
2022-01-25 11:08:42.505783,84.00888,84.184,85.64968
2022-01-25 11:08:43.004149,84.11161,84.54425,85.64968
2022-01-25 11:08:43.509382,84.36905,84.4935,85.64968
2022-01-25 11:08:44.008948,83.85417,84.23475,85.64968
2022-01-25 11:08:44.505012,84.26632,84.59625,85.96354
2022-01-25 11:08:45.004026,83.64747,84.4415,85.96354
2022-01-25 11:08:45.501233,84.05963,84.28675,86.04176
2022-01-25 11:08:46.009978,84.52377,84.59625,86.04176
2022-01-25 11:08:46.505149,84.05963,84.3895,85.96354
2022-01-25 11:08:47.002790,84.26632,84.64825,85.96354
2022-01-25 11:08:47.509125,83.9569,84.4415,85.21708
2022-01-25 11:08:48.006506,84.36905,84.54425,85.21708
2022-01-25 11:08:48.502722,84.11161,84.90575,85.13885
2022-01-25 11:08:49.505121,83.85417,84.132,86.3952
2022-01-25 11:08:50.005361,84.21434,84.3895,86.3952
2022-01-25 11:08:50.502597,83.85417,84.08,84.98145
2022-01-25 11:08:51.505625,83.69946,84.08,85.64968
2022-01-25 11:08:52.003559,84.9879,85.0085,85.41406
2022-01-25 11:08:53.501872,83.80219,84.08,85.72791
2022-01-25 11:08:54.010922,84.11161,84.33875,85.72791
2022-01-25 11:08:54.507172,84.11161,84.54425,86.27739
2022-01-25 11:08:55.004788,84.11161,84.4415,86.27739
2022-01-25 11:08:55.510406,84.31831,84.85375,85.84572
2022-01-25 11:08:56.009449,83.54475,84.08,85.84572
2022-01-25 11:08:56.506472,84.26632,84.85375,85.25666
2022-01-25 11:08:57.005135,84.47302,84.4935,85.25666
2022-01-25 11:08:57.511000,84.26632,84.59625,85.68833
2022-01-25 11:08:58.008139,83.90492,84.4415,85.68833
2022-01-25 11:08:58.503067,84.00888,84.132,86.04176
2022-01-25 11:08:59.001364,84.26632,84.751,86.04176
2022-01-25 11:08:59.505913,83.90492,84.184,85.41406
2022-01-25 11:09:00.003548,83.85417,84.54425,85.41406
2022-01-25 11:09:00.501083,84.05963,84.132,85.49229
2022-01-25 11:09:01.004953,84.47302,84.59625,85.49229
2022-01-25 11:09:01.501794,84.05963,84.54425,85.41406
2022-01-25 11:09:02.009160,84.1636,84.4415,85.41406
2022-01-25 11:09:02.505265,83.85417,84.33875,85.6101
2022-01-25 11:09:03.002563,84.21434,84.64825,85.6101
2022-01-25 11:09:03.507598,83.54475,84.23475,86.43479
2022-01-25 11:09:04.006162,84.26632,84.4935,86.43479
2022-01-25 11:09:04.502977,84.36905,84.64825,85.49229
2022-01-25 11:09:05.001712,83.80219,84.08,85.49229
2022-01-25 11:09:05.508841,84.52377,84.85375,86.23875
2022-01-25 11:09:06.008106,83.39003,83.8225,86.23875
2022-01-25 11:09:06.501875,84.88517,85.0085,85.96354
2022-01-25 11:09:07.009745,83.54475,84.33875,85.96354
2022-01-25 11:09:07.506808,84.05963,84.4935,85.13885
2022-01-25 11:09:08.005243,84.36905,84.59625,85.13885
2022-01-25 11:09:08.504544,84.31831,84.59625,85.4527
2022-01-25 11:09:09.003528,84.52377,84.64825,85.4527
2022-01-25 11:09:09.501197,83.64747,84.33875,85.53187
2022-01-25 11:09:10.010705,84.1636,84.33875,85.53187
2022-01-25 11:09:10.506236,83.7502,84.28675,85.41406
2022-01-25 11:09:11.010287,84.42104,84.751,85.41406
2022-01-25 11:09:11.505252,83.7502,84.28675,85.53187
2022-01-25 11:09:12.003557,84.11161,84.33875,85.53187
2022-01-25 11:09:12.508598,84.47302,84.4415,85.29625
2022-01-25 11:09:13.007563,84.31831,84.54425,85.29625
2022-01-25 11:09:13.502680,84.36905,84.64825,85.21708
2022-01-25 11:09:14.001267,83.7502,84.3895,85.21708
2022-01-25 11:09:14.508064,84.11161,84.3895,85.88531
2022-01-25 11:09:15.007226,83.69946,84.33875,85.88531
2022-01-25 11:09:15.502847,84.57575,85.0085,85.41406
2022-01-25 11:09:16.002981,84.05963,84.28675,85.41406
2022-01-25 11:09:16.505860,84.05963,84.4415,85.6101
2022-01-25 11:09:17.004733,84.21434,84.3895,85.6101
2022-01-25 11:09:17.501399,84.42104,85.1125,85.57051
2022-01-25 11:09:18.010116,83.90492,84.23475,85.57051
2022-01-25 11:09:18.505664,83.54475,84.132,85.29625
2022-01-25 11:09:19.006479,84.1636,84.23475,85.29625
2022-01-25 11:09:19.502131,84.52377,84.4935,85.68833
2022-01-25 11:09:20.010403,84.21434,84.64825,85.68833
2022-01-25 11:09:20.505942,83.69946,84.08,85.96354
2022-01-25 11:09:21.003840,84.00888,84.59625,85.96354
2022-01-25 11:09:21.506881,84.21434,84.3895,85.21708
2022-01-25 11:09:22.010741,84.05963,84.85375,85.21708
2022-01-25 11:09:22.507659,83.85417,84.02925,86.3952
2022-01-25 11:09:23.007789,84.00888,84.184,86.3952
2022-01-25 11:09:23.504625,84.26632,84.64825,85.49229
2022-01-25 11:09:24.003007,84.1636,84.28675,85.49229
2022-01-25 11:09:24.509695,83.80219,84.54425,85.6101
2022-01-25 11:09:25.008472,84.42104,84.803,85.6101
2022-01-25 11:09:25.504234,83.59549,83.97725,85.92395
2022-01-25 11:09:26.003682,84.42104,84.64825,85.92395
2022-01-25 11:09:26.501297,84.00888,84.3895,85.96354
2022-01-25 11:09:27.010401,84.11161,84.33875,85.96354
2022-01-25 11:09:27.507930,84.36905,84.59625,85.37447
2022-01-25 11:09:28.007861,83.64747,84.184,85.37447
2022-01-25 11:09:28.504370,84.52377,85.0085,85.80614
2022-01-25 11:09:29.002474,83.80219,84.33875,85.80614
2022-01-25 11:09:29.507878,84.00888,84.23475,85.64968
2022-01-25 11:09:30.006496,83.90492,84.33875,85.64968
2022-01-25 11:09:30.502371,84.05963,84.23475,85.17843
2022-01-25 11:09:31.006389,84.57575,84.59625,85.17843
2022-01-25 11:09:31.503985,83.7502,84.28675,86.12093
2022-01-25 11:09:32.002938,84.26632,84.751,86.12093
2022-01-25 11:09:32.504538,83.7502,84.23475,86.47437
2022-01-25 11:09:33.003176,84.31831,84.699,86.47437
2022-01-25 11:09:33.505510,83.7502,84.184,85.96354
2022-01-25 11:09:34.003249,84.52377,85.1125,85.96354
2022-01-25 11:09:34.509270,84.05963,84.23475,85.49229
2022-01-25 11:09:35.008696,83.9569,84.33875,85.49229
2022-01-25 11:09:35.505149,84.31831,84.803,85.06062
2022-01-25 11:09:36.002078,83.9569,84.54425,85.06062
2022-01-25 11:09:36.509150,84.31831,84.4415,86.08135
2022-01-25 11:09:37.009006,83.54475,83.97725,86.08135
2022-01-25 11:09:37.507046,84.73046,84.95775,86.08135
2022-01-25 11:09:38.005366,84.21434,84.3895,86.08135
2022-01-25 11:09:38.510798,84.1636,84.64825,85.13885
2022-01-25 11:09:39.002696,84.00888,83.92525,85.13885
2022-01-25 11:09:39.510705,83.9569,84.4415,85.57051
2022-01-25 11:09:40.008712,84.47302,84.699,85.57051
2022-01-25 11:09:40.504036,83.69946,84.28675,85.64968
2022-01-25 11:09:41.002742,84.1636,84.4415,85.64968
2022-01-25 11:09:41.502370,84.00888,84.132,85.96354
2022-01-25 11:09:42.008995,85.03989,85.37,85.96354
2022-01-25 11:09:42.505245,83.59549,83.8745,85.80614
2022-01-25 11:09:43.003177,83.9569,84.59625,85.80614
2022-01-25 11:09:43.509134,84.00888,84.28675,85.17843
2022-01-25 11:09:44.008824,84.05963,84.59625,85.17843
2022-01-25 11:09:44.504171,84.1636,84.699,86.08135
2022-01-25 11:09:45.002188,83.54475,84.02925,86.08135
2022-01-25 11:09:45.509005,84.78245,84.90575,85.53187
2022-01-25 11:09:46.008249,84.11161,84.08,85.53187
2022-01-25 11:09:46.503858,84.42104,84.90575,84.94281
2022-01-25 11:09:47.003502,83.90492,84.02925,84.94281
2022-01-25 11:09:47.510727,83.80219,84.33875,85.80614
2022-01-25 11:09:48.010941,84.31831,84.803,85.80614
2022-01-25 11:09:48.510501,83.69946,84.08,85.68833
2022-01-25 11:09:49.010309,84.26632,84.4415,85.68833
2022-01-25 11:09:49.507601,84.21434,84.02925,85.80614
2022-01-25 11:09:50.005911,84.05963,84.4415,85.80614
2022-01-25 11:09:50.501142,84.31831,84.751,86.08135
2022-01-25 11:09:51.010139,83.80219,84.08,86.08135
2022-01-25 11:09:51.505119,83.44078,83.61575,86.15958
2022-01-25 11:09:52.003090,83.9569,84.54425,86.15958
2022-01-25 11:09:52.509539,84.26632,84.4935,236.76354
2022-01-25 11:09:53.009033,84.31831,84.28675,236.76354
2022-01-25 11:09:53.504369,83.85417,84.23475,215.55729
2022-01-25 11:09:54.004592,84.00888,84.08,215.55729
2022-01-25 11:09:54.501154,84.42104,84.803,150.87822
2022-01-25 11:09:55.010307,83.80219,84.02925,150.87822
2022-01-25 11:09:55.506557,83.59549,84.184,94.28864
2022-01-25 11:09:56.003278,84.05963,84.28675,94.28864
2022-01-25 11:09:56.510250,84.31831,84.23475,95.23114
2022-01-25 11:09:57.008289,84.21434,84.699,95.23114
2022-01-25 11:09:57.505683,84.11161,84.23475,90.40083
2022-01-25 11:09:58.003604,83.85417,84.184,90.40083
2022-01-25 11:09:58.509388,84.67848,85.0085,87.80895
2022-01-25 11:09:59.008253,83.44078,84.02925,87.80895
2022-01-25 11:09:59.505188,84.26632,84.64825,86.27739
2022-01-25 11:10:00.003018,83.9569,84.4415,86.27739
2022-01-25 11:10:00.510397,84.26632,84.64825,85.96354
2022-01-25 11:10:01.008741,84.21434,84.54425,85.96354
2022-01-25 11:10:01.506763,83.85417,84.4415,86.12093
2022-01-25 11:10:02.004822,84.47302,84.64825,86.12093
2022-01-25 11:10:02.500953,84.00888,84.33875,86.47437
2022-01-25 11:10:03.009323,84.00888,84.4415,86.47437
2022-01-25 11:10:03.505570,83.44078,83.8225,85.53187
2022-01-25 11:10:04.003975,84.78245,85.0605,85.53187
2022-01-25 11:10:04.509802,84.05963,84.28675,85.49229
2022-01-25 11:10:05.008133,84.21434,84.751,85.49229
2022-01-25 11:10:05.505103,84.36905,84.59625,85.6101
2022-01-25 11:10:06.006162,83.90492,84.3895,85.6101
2022-01-25 11:10:06.502418,84.42104,84.64825,85.6101
2022-01-25 11:10:07.005093,83.59549,84.132,85.6101
2022-01-25 11:10:07.500988,84.1636,84.4935,85.68833
2022-01-25 11:10:08.009065,84.1636,84.33875,85.68833
2022-01-25 11:10:08.503516,84.47302,85.0085,85.41406
2022-01-25 11:10:09.002372,83.59549,83.97725,85.41406
2022-01-25 11:10:09.508242,84.26632,84.85375,86.04176
2022-01-25 11:10:10.007374,83.9569,84.184,86.04176
2022-01-25 11:10:10.504511,83.90492,84.54425,85.96354
2022-01-25 11:10:11.008290,84.78245,85.0085,85.96354
2022-01-25 11:10:11.503156,83.44078,83.7705,85.49229
2022-01-25 11:10:12.002758,84.42104,84.85375,85.49229
2022-01-25 11:10:12.507825,83.9569,84.33875,85.53187
2022-01-25 11:10:13.005533,84.52377,84.95775,85.53187
2022-01-25 11:10:13.510728,84.05963,84.3895,86.12093
2022-01-25 11:10:14.008567,83.49276,83.92525,86.12093
2022-01-25 11:10:14.503214,84.1636,84.4935,85.13885
2022-01-25 11:10:15.003176,84.47302,84.85375,85.13885
2022-01-25 11:10:15.508991,84.21434,84.4935,86.51301
2022-01-25 11:10:16.007410,83.85417,84.132,86.51301
2022-01-25 11:10:16.501483,84.11161,84.59625,85.37447
2022-01-25 11:10:17.002278,84.47302,84.803,85.37447
2022-01-25 11:10:17.508440,84.47302,84.751,85.33489
2022-01-25 11:10:18.006567,83.7502,84.132,85.33489
2022-01-25 11:10:18.503781,83.9569,84.3895,86.15958
2022-01-25 11:10:19.002663,84.52377,84.90575,86.15958
2022-01-25 11:10:19.509065,84.26632,84.59625,85.4527
2022-01-25 11:10:20.002274,83.69946,84.28675,85.4527
2022-01-25 11:10:20.507209,84.21434,84.64825,85.92395
2022-01-25 11:10:21.003963,83.7502,84.02925,85.92395
2022-01-25 11:10:21.509468,84.36905,84.85375,85.7675
2022-01-25 11:10:22.008587,84.00888,84.59625,85.7675
2022-01-25 11:10:22.503210,84.1636,84.33875,86.59218
2022-01-25 11:10:23.002888,84.26632,84.28675,86.59218
2022-01-25 11:10:23.506314,84.05963,84.3895,85.09926
2022-01-25 11:10:24.007069,84.1636,84.54425,85.09926
2022-01-25 11:10:24.503533,83.69946,84.02925,86.12093
2022-01-25 11:10:25.002577,84.05963,84.28675,86.12093
2022-01-25 11:10:25.508105,83.7502,84.33875,85.53187
2022-01-25 11:10:26.007880,84.31831,84.751,85.53187
2022-01-25 11:10:26.506067,84.42104,84.4935,85.7675
2022-01-25 11:10:27.006381,83.9569,84.132,85.7675
2022-01-25 11:10:27.501529,84.36905,84.54425,86.23875
2022-01-25 11:10:28.010389,83.85417,84.28675,86.23875
2022-01-25 11:10:28.505153,84.36905,84.751,85.49229
2022-01-25 11:10:29.005830,83.18334,83.8745,85.49229
2022-01-25 11:10:29.501483,84.1636,84.64825,86.19916
2022-01-25 11:10:30.011077,84.11161,84.3895,86.19916
2022-01-25 11:10:30.506609,84.52377,84.751,85.25666
2022-01-25 11:10:31.005380,84.05963,84.3895,85.25666
2022-01-25 11:10:32.004668,83.80219,84.132,85.37447
2022-01-25 11:10:32.501287,83.7502,84.132,86.15958
2022-01-25 11:10:33.009506,84.67848,85.16325,86.15958
2022-01-25 11:10:33.508058,83.7502,84.184,85.57051
2022-01-25 11:10:34.006777,84.62773,85.0605,85.57051
2022-01-25 11:10:34.502226,83.7502,83.8745,85.53187
2022-01-25 11:10:35.002227,84.42104,84.751,85.53187
2022-01-25 11:10:35.508128,84.47302,84.85375,86.67041
2022-01-25 11:10:36.006648,83.69946,84.132,86.67041
2022-01-25 11:10:36.501480,84.36905,84.699,85.29625
2022-01-25 11:10:37.011093,83.85417,84.132,85.29625
2022-01-25 11:10:37.505958,84.73046,85.0085,85.4527
2022-01-25 11:10:38.005478,84.21434,84.184,85.4527
2022-01-25 11:10:38.511004,83.64747,84.08,85.96354
2022-01-25 11:10:39.010058,84.21434,84.54425,85.96354
2022-01-25 11:10:39.505695,84.21434,84.699,85.02104
2022-01-25 11:10:40.004326,83.90492,84.4415,85.02104
2022-01-25 11:10:40.509738,83.7502,84.33875,86.00312
2022-01-25 11:10:41.008970,83.85417,84.184,86.00312
2022-01-25 11:10:41.503487,84.57575,84.699,85.09926
2022-01-25 11:10:42.002120,84.47302,85.0085,85.09926
2022-01-25 11:10:42.501436,83.80219,84.184,85.17843
2022-01-25 11:10:43.009643,84.00888,84.4935,85.17843
2022-01-25 11:10:43.505825,84.42104,84.699,86.3952
2022-01-25 11:10:44.002863,84.1636,84.751,86.3952
2022-01-25 11:10:44.510262,84.00888,84.28675,86.47437
2022-01-25 11:10:45.009055,84.26632,84.28675,86.47437
2022-01-25 11:10:45.504481,83.7502,84.08,85.37447
2022-01-25 11:10:46.002232,84.83319,85.26725,85.37447
2022-01-25 11:10:46.509138,83.85417,84.184,86.27739
2022-01-25 11:10:47.010884,84.05963,84.33875,86.27739
2022-01-25 11:10:47.505895,83.7502,84.184,85.41406
2022-01-25 11:10:48.003581,84.52377,84.59625,85.41406
2022-01-25 11:10:48.507789,84.26632,84.3895,85.68833
2022-01-25 11:10:49.006745,83.85417,84.08,85.68833
2022-01-25 11:10:49.504136,84.1636,84.4935,85.64968
2022-01-25 11:10:50.003011,84.00888,84.3895,85.64968
2022-01-25 11:10:50.509205,84.52377,84.803,85.84572
2022-01-25 11:10:51.006970,83.69946,84.33875,85.84572
2022-01-25 11:10:51.503741,84.47302,84.803,85.72791
2022-01-25 11:10:52.002926,83.7502,84.132,85.72791
2022-01-25 11:10:52.509736,84.47302,84.751,86.00312
2022-01-25 11:10:53.008089,84.21434,84.23475,86.00312
2022-01-25 11:10:53.503349,83.64747,84.08,85.41406
2022-01-25 11:10:54.001532,84.1636,84.4935,85.41406
2022-01-25 11:10:54.505497,83.85417,84.184,85.29625
2022-01-25 11:10:55.004178,84.11161,84.64825,85.29625
2022-01-25 11:10:55.510542,83.80219,84.23475,86.00312
2022-01-25 11:10:56.008481,84.47302,84.751,86.00312
2022-01-25 11:10:56.505171,83.90492,84.08,86.63083
2022-01-25 11:10:57.002687,84.21434,84.33875,86.63083
2022-01-25 11:10:57.508589,84.36905,84.59625,85.68833
2022-01-25 11:10:58.006613,83.54475,83.8745,85.68833
2022-01-25 11:10:59.004924,83.02862,83.66775,85.37447
2022-01-25 11:10:59.510691,84.83319,85.0605,85.25666
2022-01-25 11:11:00.008586,84.05963,84.33875,85.25666
2022-01-25 11:11:00.507199,84.11161,84.3895,85.84572
2022-01-25 11:11:01.005860,84.21434,84.54425,85.84572
2022-01-25 11:11:01.502094,83.69946,84.02925,85.41406
2022-01-25 11:11:02.001260,84.52377,84.90575,85.41406
2022-01-25 11:11:02.509100,83.9569,84.85375,85.7675
2022-01-25 11:11:03.007493,83.85417,84.184,85.7675
2022-01-25 11:11:03.502760,84.78245,84.803,85.92395
2022-01-25 11:11:04.003075,84.26632,84.3895,85.92395
2022-01-25 11:11:04.510817,84.05963,84.3895,84.98145
2022-01-25 11:11:05.008466,83.7502,84.132,84.98145
2022-01-25 11:11:05.507434,84.36905,84.803,86.12093
2022-01-25 11:11:06.006014,83.59549,84.23475,86.12093
2022-01-25 11:11:06.501470,84.57575,84.803,86.00312
2022-01-25 11:11:07.009843,83.64747,84.08,86.00312
2022-01-25 11:11:07.505866,84.21434,84.28675,85.57051
2022-01-25 11:11:08.003343,84.67848,84.85375,85.57051
2022-01-25 11:11:08.509835,84.1636,84.28675,85.92395
2022-01-25 11:11:09.009189,84.1636,84.59625,85.92395
2022-01-25 11:11:09.504432,83.80219,84.33875,85.92395
2022-01-25 11:11:10.002266,83.9569,84.3895,85.92395
2022-01-25 11:11:10.509230,84.31831,84.90575,85.29625
2022-01-25 11:11:11.003136,84.1636,84.4415,85.29625
2022-01-25 11:11:11.509557,84.42104,84.59625,85.72791
2022-01-25 11:11:12.009246,83.9569,84.23475,85.72791
2022-01-25 11:11:12.506444,84.52377,85.0085,85.49229
2022-01-25 11:11:13.003234,83.90492,84.33875,85.49229
2022-01-25 11:11:13.501097,84.1636,84.4935,86.19916
2022-01-25 11:11:14.009173,83.49276,83.97725,86.19916
2022-01-25 11:11:14.506579,84.57575,84.803,85.57051
2022-01-25 11:11:15.005714,84.47302,84.751,85.57051
2022-01-25 11:11:15.502194,83.54475,83.8225,85.41406
2022-01-25 11:11:16.010072,84.31831,84.699,85.41406
2022-01-25 11:11:16.506429,83.59549,84.184,86.47437
2022-01-25 11:11:17.003979,85.03989,85.47275,86.47437
2022-01-25 11:11:17.510778,83.39003,83.71975,86.19916
2022-01-25 11:11:18.010408,84.1636,84.4415,86.19916
2022-01-25 11:11:18.506752,84.1636,84.33875,85.96354
2022-01-25 11:11:19.004415,84.36905,84.699,85.96354
2022-01-25 11:11:19.509230,84.00888,84.3895,85.33489
2022-01-25 11:11:20.006916,83.64747,84.132,85.33489
2022-01-25 11:11:20.502485,84.57575,84.95775,85.53187
2022-01-25 11:11:21.010398,83.54475,84.132,85.53187
2022-01-25 11:11:21.505734,84.52377,84.85375,85.41406
2022-01-25 11:11:22.004462,84.11161,84.4415,85.41406
2022-01-25 11:11:22.503101,83.85417,84.23475,85.7675
2022-01-25 11:11:23.001280,84.57575,84.803,85.7675
2022-01-25 11:11:23.506211,83.69946,84.132,85.84572
2022-01-25 11:11:24.007701,84.88517,85.0605,85.84572
2022-01-25 11:11:24.502122,83.18334,83.461,85.88531
2022-01-25 11:11:25.010828,84.73046,84.90575,85.88531
2022-01-25 11:11:25.505766,83.85417,84.184,85.53187
2022-01-25 11:11:26.003596,84.62773,84.803,85.53187
2022-01-25 11:11:26.509752,84.1636,84.4415,85.64968
2022-01-25 11:11:27.008461,84.1636,84.64825,85.64968
2022-01-25 11:11:27.505216,84.00888,84.4415,85.37447
2022-01-25 11:11:28.004814,84.36905,84.751,85.37447
2022-01-25 11:11:28.510162,84.21434,84.3895,85.57051
2022-01-25 11:11:29.008360,83.54475,84.08,85.57051
2022-01-25 11:11:29.503803,84.36905,84.4935,84.86364
2022-01-25 11:11:30.004389,84.05963,84.28675,84.86364
2022-01-25 11:11:30.510267,84.26632,84.699,86.43479
2022-01-25 11:11:31.008852,84.36905,84.59625,86.43479
2022-01-25 11:11:31.505835,83.85417,84.4415,85.84572
2022-01-25 11:11:32.005153,83.9569,84.23475,85.84572
2022-01-25 11:11:32.501156,83.85417,84.4935,85.41406
2022-01-25 11:11:33.009232,84.67848,84.803,85.41406
2022-01-25 11:11:33.504579,84.05963,84.08,86.04176
2022-01-25 11:11:34.002082,83.90492,84.23475,86.04176
2022-01-25 11:11:34.508771,84.05963,84.64825,85.29625
2022-01-25 11:11:35.005903,84.31831,84.751,85.29625
2022-01-25 11:11:35.502771,84.21434,84.4935,85.68833
2022-01-25 11:11:36.002649,83.9569,84.64825,86.04176
2022-01-25 11:11:37.510861,84.73046,84.803,85.41406
2022-01-25 11:11:38.008650,83.80219,84.132,85.41406
2022-01-25 11:11:38.504306,83.69946,84.08,85.64968
2022-01-25 11:11:39.004208,84.78245,85.0085,85.64968
2022-01-25 11:11:39.509076,83.85417,84.4415,86.47437
2022-01-25 11:11:40.007330,84.00888,84.28675,86.47437
2022-01-25 11:11:40.502345,84.21434,84.4415,85.4527
2022-01-25 11:11:41.010310,83.90492,84.3895,85.4527
2022-01-25 11:11:41.507390,85.14262,85.422,85.80614
2022-01-25 11:11:42.005615,83.64747,84.184,85.80614
2022-01-25 11:11:42.510736,84.26632,84.4415,85.68833
2022-01-25 11:11:43.008693,83.85417,84.3895,85.68833
2022-01-25 11:11:43.504032,84.42104,84.803,85.96354
2022-01-25 11:11:44.002017,83.7502,84.184,85.96354
2022-01-25 11:11:44.509770,84.21434,84.3895,85.84572
2022-01-25 11:11:45.007397,83.9569,84.33875,85.84572
2022-01-25 11:11:45.504940,84.26632,84.59625,85.37447
2022-01-25 11:11:46.010283,84.62773,85.0085,85.37447
2022-01-25 11:11:46.506104,83.7502,84.23475,85.6101
2022-01-25 11:11:47.003819,84.05963,84.3895,85.6101
2022-01-25 11:11:47.510963,83.64747,84.184,85.25666
2022-01-25 11:11:48.009497,84.42104,84.54425,85.25666
2022-01-25 11:11:48.505134,84.47302,84.54425,85.84572
2022-01-25 11:11:49.007586,83.85417,84.23475,85.84572
2022-01-25 11:11:49.503334,83.9569,84.28675,85.72791
2022-01-25 11:11:50.003174,84.42104,84.699,85.72791
2022-01-25 11:11:50.508970,84.05963,84.4935,85.25666
2022-01-25 11:11:51.007333,83.69946,84.4415,85.25666
2022-01-25 11:11:51.502316,84.26632,84.59625,86.27739
2022-01-25 11:11:52.010883,84.05963,84.28675,86.27739
2022-01-25 11:11:52.507584,84.47302,84.751,85.88531
2022-01-25 11:11:53.006895,84.05963,84.4415,85.88531
2022-01-25 11:11:53.503740,84.00888,84.33875,85.88531
2022-01-25 11:11:54.006275,84.36905,84.4935,85.88531
2022-01-25 11:11:54.503689,83.49276,84.184,85.33489
2022-01-25 11:11:55.002690,84.31831,84.3895,85.33489
2022-01-25 11:11:55.508627,83.9569,84.4415,85.09926
2022-01-25 11:11:56.007658,84.21434,84.59625,85.09926
2022-01-25 11:11:56.508137,83.64747,83.97725,85.53187
2022-01-25 11:11:57.005650,84.21434,84.59625,85.53187
2022-01-25 11:11:57.510352,84.1636,84.3895,85.84572
2022-01-25 11:11:58.010617,84.26632,84.64825,85.84572
2022-01-25 11:11:58.506613,83.64747,83.8745,86.31697
2022-01-25 11:11:59.006155,84.05963,84.3895,86.31697
2022-01-25 11:11:59.501191,84.42104,84.64825,85.80614
2022-01-25 11:12:00.008930,84.00888,84.4415,85.80614
2022-01-25 11:12:00.504302,83.69946,84.132,84.94281
2022-01-25 11:12:01.002051,84.1636,84.4415,84.94281
2022-01-25 11:12:01.509322,84.21434,84.699,85.64968
2022-01-25 11:12:02.007722,84.52377,84.751,85.64968
2022-01-25 11:12:02.505871,83.69946,84.23475,85.88531
2022-01-25 11:12:03.007794,83.80219,84.02925,85.88531
2022-01-25 11:12:03.504663,84.9879,85.0605,84.94281
2022-01-25 11:12:04.002124,83.69946,84.132,84.94281
2022-01-25 11:12:04.507771,84.1636,84.59625,86.35656
2022-01-25 11:12:05.006552,83.80219,84.184,86.35656
2022-01-25 11:12:05.501257,83.9569,84.23475,85.6101
2022-01-25 11:12:06.010607,84.31831,84.90575,85.6101
2022-01-25 11:12:06.506325,84.1636,84.3895,85.25666
2022-01-25 11:12:07.003650,84.26632,84.59625,85.25666
2022-01-25 11:12:07.502330,83.54475,84.02925,86.08135
2022-01-25 11:12:08.010532,84.52377,85.0085,86.08135
2022-01-25 11:12:08.506617,83.90492,84.3895,85.92395
2022-01-25 11:12:09.003974,84.05963,84.23475,85.92395
2022-01-25 11:12:09.509775,83.7502,84.33875,86.04176
2022-01-25 11:12:10.007411,84.21434,84.4935,86.04176
2022-01-25 11:12:10.504471,84.62773,84.95775,85.53187
2022-01-25 11:12:11.004984,83.9569,84.33875,85.53187
2022-01-25 11:12:11.501648,84.31831,84.751,85.49229
2022-01-25 11:12:12.010801,83.7502,84.33875,85.49229
2022-01-25 11:12:12.506459,84.67848,84.95775,85.49229
2022-01-25 11:12:13.007513,83.59549,84.08,85.49229
2022-01-25 11:12:13.503383,84.00888,84.33875,85.29625
2022-01-25 11:12:14.011021,83.49276,83.8225,85.29625
2022-01-25 11:12:14.507648,84.93716,85.1125,188.10697
2022-01-25 11:12:15.006767,83.80219,83.8225,188.10697
2022-01-25 11:12:15.503177,83.69946,83.97725,236.88135
2022-01-25 11:12:16.001818,84.42104,84.54425,236.88135
2022-01-25 11:12:16.507301,83.64747,84.132,193.0551
2022-01-25 11:12:17.007786,84.42104,84.4415,193.0551
2022-01-25 11:12:17.505477,83.7502,84.28675,124.91989
2022-01-25 11:12:18.003519,84.1636,84.3895,124.91989
2022-01-25 11:12:18.509853,84.57575,84.54425,91.57895
2022-01-25 11:12:19.003442,84.00888,84.28675,91.57895
2022-01-25 11:12:19.507880,84.11161,84.23475,97.19531
2022-01-25 11:12:20.005934,83.80219,84.132,97.19531
2022-01-25 11:12:20.501045,84.11161,84.54425,90.3226
2022-01-25 11:12:21.010119,83.9569,84.699,90.3226
2022-01-25 11:12:21.503267,84.21434,84.3895,86.08135
2022-01-25 11:12:22.006447,84.42104,84.4415,86.08135
2022-01-25 11:12:22.501715,84.31831,84.64825,85.88531
2022-01-25 11:12:23.010551,84.11161,84.23475,85.88531
2022-01-25 11:12:23.505854,83.9569,84.4935,86.63083
2022-01-25 11:12:24.004745,84.00888,84.23475,86.63083
2022-01-25 11:12:24.501062,83.49276,84.4935,87.41687
2022-01-25 11:12:25.010345,84.11161,84.33875,87.41687
2022-01-25 11:12:25.507367,84.1636,84.4415,86.12093
2022-01-25 11:12:26.007241,84.11161,84.28675,86.12093
2022-01-25 11:12:26.503726,84.67848,84.95775,87.80895
2022-01-25 11:12:27.001176,84.1636,84.699,87.80895
2022-01-25 11:12:27.506465,84.05963,84.4935,86.35656
2022-01-25 11:12:28.004109,83.7502,84.59625,86.35656
2022-01-25 11:12:28.510093,84.11161,84.4935,85.80614
2022-01-25 11:12:29.007649,84.31831,84.59625,85.80614
2022-01-25 11:12:29.504953,83.69946,83.8745,85.6101
2022-01-25 11:12:30.002531,84.47302,84.751,85.6101
2022-01-25 11:12:30.507774,84.00888,84.33875,86.00312
2022-01-25 11:12:31.007540,84.52377,84.64825,86.00312
2022-01-25 11:12:31.505279,83.54475,84.08,85.92395
2022-01-25 11:12:32.003544,84.26632,84.4415,85.92395
2022-01-25 11:12:32.508975,84.31831,84.751,86.31697
2022-01-25 11:12:33.007948,84.36905,84.4935,86.31697
2022-01-25 11:12:33.502325,84.31831,84.4415,85.41406
2022-01-25 11:12:34.010400,83.69946,84.132,85.41406
2022-01-25 11:12:34.506265,84.67848,85.0605,85.84572
2022-01-25 11:12:35.002607,83.90492,84.28675,85.84572
2022-01-25 11:12:35.501470,83.90492,84.184,86.04176
2022-01-25 11:12:36.010366,83.7502,84.33875,86.04176
2022-01-25 11:12:36.507863,84.21434,84.4415,85.41406
2022-01-25 11:12:37.005917,84.67848,84.95775,85.41406
2022-01-25 11:12:37.502817,83.69946,84.132,86.04176
2022-01-25 11:12:38.011162,84.1636,84.4415,86.04176
2022-01-25 11:12:38.505810,83.90492,84.28675,85.53187
2022-01-25 11:12:39.005017,84.62773,85.0605,85.53187
2022-01-25 11:12:39.501211,83.59549,84.23475,86.08135
2022-01-25 11:12:40.009019,84.1636,84.28675,86.08135
2022-01-25 11:12:40.505724,84.11161,84.4935,85.72791
2022-01-25 11:12:41.004982,84.1636,84.64825,85.72791
2022-01-25 11:12:41.509529,84.21434,84.4415,86.23875
2022-01-25 11:12:42.008985,83.7502,84.184,86.23875
2022-01-25 11:12:42.504524,84.36905,84.4935,85.96354
2022-01-25 11:12:43.001441,83.85417,84.4935,85.96354
2022-01-25 11:12:43.507355,84.57575,84.751,85.68833
2022-01-25 11:12:44.005342,83.85417,83.92525,85.68833
2022-01-25 11:12:44.502214,84.36905,84.803,85.72791
2022-01-25 11:12:45.001544,83.90492,84.132,85.72791
2022-01-25 11:12:45.507080,84.47302,84.85375,86.19916
2022-01-25 11:12:46.004913,84.00888,84.23475,86.19916
2022-01-25 11:12:46.509787,83.80219,84.54425,85.68833
2022-01-25 11:12:47.006266,84.1636,84.64825,85.68833
2022-01-25 11:12:47.501137,84.1636,84.54425,86.19916
2022-01-25 11:12:48.009670,84.47302,84.64825,86.19916
2022-01-25 11:12:48.503378,83.9569,84.28675,85.21708
2022-01-25 11:12:49.006041,83.80219,84.28675,85.21708
2022-01-25 11:12:49.502322,84.11161,84.4415,85.4527
2022-01-25 11:12:50.010312,83.90492,84.59625,85.4527
2022-01-25 11:12:50.505451,84.26632,84.699,85.37447
2022-01-25 11:12:51.001098,83.69946,84.132,85.37447
2022-01-25 11:12:51.504311,84.52377,84.699,85.49229
2022-01-25 11:12:52.003490,84.1636,84.28675,85.49229
2022-01-25 11:12:52.508528,84.1636,84.699,85.64968
2022-01-25 11:12:53.007615,84.05963,84.23475,85.64968
2022-01-25 11:12:53.505846,83.7502,84.33875,85.6101
2022-01-25 11:12:54.004986,83.90492,84.23475,85.6101
2022-01-25 11:12:54.501287,84.11161,84.751,86.15958
2022-01-25 11:12:55.009777,84.00888,84.132,86.15958
2022-01-25 11:12:55.505883,84.62773,84.699,85.92395
2022-01-25 11:12:56.009242,83.9569,84.23475,85.92395
2022-01-25 11:12:56.505160,84.26632,84.54425,86.67041
2022-01-25 11:12:57.003261,84.1636,84.803,86.67041
2022-01-25 11:12:57.509856,84.31831,84.751,85.92395
2022-01-25 11:12:58.009561,83.49276,83.97725,85.92395
2022-01-25 11:12:58.505860,84.21434,84.4415,85.33489
2022-01-25 11:12:59.003975,84.42104,84.4935,85.33489
2022-01-25 11:12:59.508959,84.47302,84.803,85.41406
2022-01-25 11:13:00.008213,84.05963,84.4415,85.41406
2022-01-25 11:13:00.502495,83.54475,84.02925,86.00312
2022-01-25 11:13:01.003560,84.36905,84.90575,86.00312
2022-01-25 11:13:01.501270,83.90492,84.803,85.4527
2022-01-25 11:13:02.001139,84.11161,84.184,85.4527
2022-01-25 11:13:02.507833,84.21434,84.132,86.08135
2022-01-25 11:13:03.007728,84.26632,84.59625,86.08135
2022-01-25 11:13:03.505463,84.36905,84.64825,86.43479
2022-01-25 11:13:04.003242,84.21434,84.803,86.43479
2022-01-25 11:13:04.509171,84.00888,84.23475,85.4527
2022-01-25 11:13:05.008546,83.7502,84.4415,85.4527
2022-01-25 11:13:05.503937,84.26632,84.59625,85.72791
2022-01-25 11:13:06.002297,83.85417,84.08,85.72791
2022-01-25 11:13:06.501455,84.67848,85.0605,85.96354
2022-01-25 11:13:07.009650,83.80219,83.71975,85.96354
2022-01-25 11:13:07.506075,84.11161,84.751,85.6101
2022-01-25 11:13:08.004296,84.52377,84.95775,85.6101
2022-01-25 11:13:08.510608,83.7502,84.33875,85.64968
2022-01-25 11:13:09.009784,84.31831,84.4935,85.64968
2022-01-25 11:13:09.505737,83.39003,83.97725,85.96354
2022-01-25 11:13:10.005402,84.88517,85.16325,85.96354
2022-01-25 11:13:10.510575,84.05963,84.132,85.96354
2022-01-25 11:13:11.006271,84.26632,84.751,85.96354
2022-01-25 11:13:11.501993,83.80219,84.132,85.33489
2022-01-25 11:13:12.001460,84.31831,84.85375,85.33489
2022-01-25 11:13:12.506507,84.36905,84.4415,86.04176
2022-01-25 11:13:13.002990,83.80219,84.28675,86.04176
2022-01-25 11:13:13.507634,84.11161,84.33875,85.80614
2022-01-25 11:13:14.009890,84.05963,84.184,85.80614
2022-01-25 11:13:14.505396,84.00888,84.59625,85.37447
2022-01-25 11:13:15.004104,84.21434,84.4415,85.37447
2022-01-25 11:13:15.502075,83.64747,84.33875,85.33489
2022-01-25 11:13:16.010988,84.42104,84.64825,85.33489
2022-01-25 11:13:16.507796,83.90492,84.54425,85.96354
2022-01-25 11:13:17.005633,84.11161,84.3895,85.96354
2022-01-25 11:13:17.510790,84.36905,84.3895,85.57051
2022-01-25 11:13:18.009666,84.21434,84.59625,85.57051
2022-01-25 11:13:18.504993,83.90492,84.28675,85.37447
2022-01-25 11:13:19.003351,84.31831,84.751,85.37447
2022-01-25 11:13:19.510663,84.00888,84.28675,85.37447
2022-01-25 11:13:20.009558,84.1636,84.85375,85.37447
2022-01-25 11:13:20.506073,83.90492,84.23475,87.14166
2022-01-25 11:13:21.004910,84.1636,84.23475,87.14166
2022-01-25 11:13:21.510318,84.21434,84.59625,84.86364
2022-01-25 11:13:22.009166,84.57575,84.64825,84.86364
2022-01-25 11:13:22.506663,84.05963,84.4935,85.92395
2022-01-25 11:13:23.008806,84.05963,84.3895,85.92395
2022-01-25 11:13:23.505771,84.11161,84.4935,85.84572
2022-01-25 11:13:24.003704,84.26632,84.64825,85.84572
2022-01-25 11:13:24.502036,83.85417,84.23475,86.19916
2022-01-25 11:13:25.001180,84.05963,84.28675,86.19916
2022-01-25 11:13:25.507374,84.26632,84.4415,85.92395
2022-01-25 11:13:26.005487,83.85417,84.54425,85.92395
2022-01-25 11:13:26.510823,84.36905,84.59625,85.92395
2022-01-25 11:13:27.010553,84.00888,84.59625,85.92395
2022-01-25 11:13:27.506536,84.05963,84.4415,85.29625
2022-01-25 11:13:28.003630,83.9569,84.59625,85.29625
2022-01-25 11:13:28.509566,84.78245,84.90575,85.96354
2022-01-25 11:13:29.009135,84.05963,84.184,85.96354
2022-01-25 11:13:29.504419,84.11161,84.64825,85.25666
2022-01-25 11:13:30.004492,84.05963,84.3895,85.25666
2022-01-25 11:13:30.501487,84.00888,84.4415,85.7675
2022-01-25 11:13:31.010235,84.47302,84.803,85.7675
2022-01-25 11:13:31.504328,83.23532,83.8745,86.74864
2022-01-25 11:13:32.003793,84.67848,84.85375,86.74864
2022-01-25 11:13:32.501131,84.1636,84.28675,86.15958
2022-01-25 11:13:33.009111,84.31831,84.54425,86.15958
2022-01-25 11:13:33.506926,83.90492,84.184,85.4527
2022-01-25 11:13:34.004897,83.85417,84.28675,85.4527
2022-01-25 11:13:34.510987,84.57575,84.90575,85.64968
2022-01-25 11:13:35.010145,83.90492,84.02925,85.64968
2022-01-25 11:13:35.501615,84.21434,84.54425,84.98145
2022-01-25 11:13:36.010032,83.80219,84.23475,84.98145
2022-01-25 11:13:36.504448,84.88517,85.37,85.53187
2022-01-25 11:13:37.006165,83.9569,84.08,85.53187
2022-01-25 11:13:37.503665,83.9569,84.4935,85.68833
2022-01-25 11:13:38.001459,83.90492,84.132,85.68833
2022-01-25 11:13:38.508289,83.85417,84.64825,85.92395
2022-01-25 11:13:39.006259,84.36905,84.699,85.92395
2022-01-25 11:13:39.501940,83.85417,84.02925,86.08135
2022-01-25 11:13:40.504641,84.47302,84.803,85.4527
2022-01-25 11:13:41.003878,84.11161,84.59625,85.4527
2022-01-25 11:13:41.509190,84.05963,84.33875,85.84572
2022-01-25 11:13:42.007866,84.31831,84.751,85.84572
2022-01-25 11:13:42.501957,84.05963,84.3895,85.84572
2022-01-25 11:13:43.001187,84.21434,84.54425,85.84572
2022-01-25 11:13:43.508018,83.90492,84.3895,85.29625
2022-01-25 11:13:44.009691,84.31831,84.33875,85.29625
2022-01-25 11:13:44.504137,84.42104,84.90575,85.13885
2022-01-25 11:13:45.003048,83.69946,84.02925,85.13885
2022-01-25 11:13:45.510184,84.47302,84.85375,85.57051
2022-01-25 11:13:46.008161,83.90492,84.23475,85.57051
2022-01-25 11:13:46.503329,83.90492,84.3895,85.25666
2022-01-25 11:13:47.010773,84.11161,84.4415,85.25666
2022-01-25 11:13:47.505666,84.26632,84.4935,85.64968
2022-01-25 11:13:48.003994,84.00888,84.4935,85.64968
2022-01-25 11:13:48.509680,84.31831,84.54425,86.43479
2022-01-25 11:13:49.007998,84.05963,84.54425,86.43479
2022-01-25 11:13:49.503387,83.85417,84.28675,85.37447
2022-01-25 11:13:50.010811,84.1636,84.699,85.37447
2022-01-25 11:13:50.506342,83.85417,84.23475,85.88531
2022-01-25 11:13:51.004798,84.00888,84.28675,85.88531
2022-01-25 11:13:51.501462,84.26632,84.699,85.57051
2022-01-25 11:13:52.009725,83.9569,84.33875,85.57051
2022-01-25 11:13:52.505004,83.9569,84.28675,85.53187
2022-01-25 11:13:53.005455,84.47302,84.699,85.53187
2022-01-25 11:13:53.501711,83.33805,83.66775,85.21708
2022-01-25 11:13:54.009879,84.47302,84.803,85.21708
2022-01-25 11:13:54.505034,84.11161,84.3895,85.92395
2022-01-25 11:13:55.002935,84.00888,84.4415,85.92395
2022-01-25 11:13:55.508374,84.36905,84.64825,85.4527
2022-01-25 11:13:56.011166,83.64747,84.132,85.4527
2022-01-25 11:13:56.503370,84.67848,85.0085,85.92395
2022-01-25 11:13:57.002771,83.80219,84.23475,85.92395
2022-01-25 11:13:57.510253,84.11161,84.3895,85.80614
2022-01-25 11:13:58.007129,84.11161,84.28675,85.80614
2022-01-25 11:13:58.502213,84.1636,84.699,85.49229
2022-01-25 11:13:59.505208,83.69946,84.28675,86.78822
2022-01-25 11:14:00.003517,84.11161,84.3895,86.78822
2022-01-25 11:14:00.502329,84.11161,84.3895,85.88531
2022-01-25 11:14:01.011101,84.67848,85.1125,85.88531
2022-01-25 11:14:01.507429,83.44078,83.8745,85.41406
2022-01-25 11:14:02.006534,84.31831,84.59625,85.41406
2022-01-25 11:14:02.502715,84.05963,84.08,85.80614
2022-01-25 11:14:03.002275,84.00888,84.4935,85.80614
2022-01-25 11:14:03.506902,84.47302,84.90575,84.825
2022-01-25 11:14:04.005271,83.80219,84.02925,84.825
2022-01-25 11:14:04.501185,84.11161,84.33875,85.88531
2022-01-25 11:14:05.005502,83.80219,84.4415,85.88531
2022-01-25 11:14:05.501809,84.31831,84.64825,85.21708
2022-01-25 11:14:06.008578,84.52377,84.54425,85.21708
2022-01-25 11:14:06.503524,83.9569,84.33875,86.04176
2022-01-25 11:14:07.002151,83.9569,84.184,86.04176
2022-01-25 11:14:07.508121,84.36905,85.0085,85.92395
2022-01-25 11:14:08.006792,84.1636,84.54425,85.92395
2022-01-25 11:14:08.508563,83.85417,84.3895,85.72791
2022-01-25 11:14:09.006825,83.9569,84.33875,85.72791
2022-01-25 11:14:09.506005,84.1636,84.4935,85.57051
2022-01-25 11:14:10.005554,84.62773,84.85375,85.57051
2022-01-25 11:14:10.510368,84.05963,84.33875,86.04176
2022-01-25 11:14:11.007590,84.00888,84.33875,86.04176
2022-01-25 11:14:11.504912,84.11161,84.3895,85.88531
2022-01-25 11:14:12.003067,84.00888,84.4935,85.88531
2022-01-25 11:14:12.509130,84.11161,84.699,86.00312
2022-01-25 11:14:13.007704,84.05963,84.184,86.00312
2022-01-25 11:14:13.503101,84.26632,84.3895,85.41406
2022-01-25 11:14:14.003019,84.26632,84.4415,85.41406
2022-01-25 11:14:14.508130,83.9569,84.23475,85.29625
2022-01-25 11:14:15.007798,84.62773,85.0605,85.29625
2022-01-25 11:14:15.503039,83.39003,83.8745,85.88531
2022-01-25 11:14:16.002362,84.31831,84.803,85.88531
2022-01-25 11:14:16.507015,83.59549,84.02925,86.43479
2022-01-25 11:14:17.005457,84.21434,84.3895,86.43479
2022-01-25 11:14:17.503772,84.47302,84.54425,84.98145
2022-01-25 11:14:18.002728,83.49276,83.8745,84.98145
2022-01-25 11:14:18.501848,84.88517,85.26725,85.4527
2022-01-25 11:14:19.001530,83.44078,83.8745,85.4527
2022-01-25 11:14:19.507335,84.57575,85.1125,85.68833
2022-01-25 11:14:20.006969,83.49276,84.02925,85.68833
2022-01-25 11:14:20.503136,84.36905,84.59625,85.7675
2022-01-25 11:14:21.002059,84.57575,84.59625,85.7675
2022-01-25 11:14:21.508344,84.11161,84.64825,85.7675
2022-01-25 11:14:22.007947,84.21434,84.4935,85.7675
2022-01-25 11:14:22.504147,83.80219,84.132,85.68833
2022-01-25 11:14:23.003627,84.42104,84.751,85.68833
2022-01-25 11:14:23.509183,83.9569,84.184,85.49229
2022-01-25 11:14:24.006531,84.73046,85.0085,85.49229
2022-01-25 11:14:24.501226,83.59549,83.461,86.08135
2022-01-25 11:14:25.009867,84.52377,84.95775,86.08135
2022-01-25 11:14:25.505661,84.21434,84.803,85.49229
2022-01-25 11:14:26.003781,83.85417,84.23475,85.49229
2022-01-25 11:14:26.509672,84.57575,84.699,85.80614
2022-01-25 11:14:27.007805,83.18334,83.66775,85.80614
2022-01-25 11:14:27.504769,84.52377,85.0085,85.88531
2022-01-25 11:14:28.003007,84.31831,84.4415,85.88531
2022-01-25 11:14:28.508522,84.1636,84.4415,85.57051
2022-01-25 11:14:29.007326,84.05963,84.33875,85.57051
2022-01-25 11:14:29.502575,84.00888,84.4415,85.33489
2022-01-25 11:14:30.011015,84.26632,84.54425,85.33489
2022-01-25 11:14:30.506706,84.05963,84.4935,85.80614
2022-01-25 11:14:31.004876,84.31831,84.59625,85.80614
2022-01-25 11:14:31.503959,83.54475,83.8225,85.37447
2022-01-25 11:14:32.002348,84.88517,85.16325,85.37447
2022-01-25 11:14:32.507920,83.9569,84.23475,85.64968
2022-01-25 11:14:33.006776,84.1636,84.59625,85.64968
2022-01-25 11:14:33.502347,83.90492,84.184,85.53187
2022-01-25 11:14:34.009415,83.59549,84.02925,85.53187
2022-01-25 11:14:34.505552,84.67848,85.0605,85.84572
2022-01-25 11:14:35.009366,83.90492,84.23475,85.84572
2022-01-25 11:14:35.506757,84.05963,84.23475,85.68833
2022-01-25 11:14:36.005091,83.90492,84.184,85.68833
2022-01-25 11:14:36.511143,83.7502,83.92525,85.84572
2022-01-25 11:14:37.008967,83.9569,84.28675,85.84572
2022-01-25 11:14:37.504314,83.90492,84.4415,231.14812
2022-01-25 11:14:38.008240,83.80219,84.184,231.14812
2022-01-25 11:14:38.504975,83.90492,84.4415,216.65718
2022-01-25 11:14:39.005114,84.05963,84.184,216.65718
2022-01-25 11:14:39.510433,83.9569,83.92525,155.27687
2022-01-25 11:14:40.004655,84.52377,84.85375,155.27687
2022-01-25 11:14:40.509740,83.85417,84.184,97.74479
2022-01-25 11:14:41.007815,83.80219,84.08,97.74479
2022-01-25 11:14:41.502779,84.21434,84.59625,99.905
2022-01-25 11:14:42.001508,83.54475,84.132,99.905
2022-01-25 11:14:42.507224,84.42104,84.64825,89.5375
2022-01-25 11:14:43.004956,84.05963,84.08,89.5375
2022-01-25 11:14:43.503824,84.21434,84.3895,87.3377
2022-01-25 11:14:44.003358,84.57575,84.699,87.3377
2022-01-25 11:14:44.509626,83.85417,84.132,86.31697
2022-01-25 11:14:45.008028,84.11161,84.54425,86.31697
2022-01-25 11:14:45.505188,83.80219,84.3895,86.19916
2022-01-25 11:14:46.006409,84.36905,84.64825,86.19916
2022-01-25 11:14:46.502015,84.11161,84.33875,87.10208
2022-01-25 11:14:47.010180,84.26632,84.59625,87.10208
2022-01-25 11:14:47.505159,84.36905,84.54425,85.88531
2022-01-25 11:14:48.004546,83.85417,84.23475,85.88531
2022-01-25 11:14:48.501134,84.42104,84.90575,86.27739
2022-01-25 11:14:49.010061,83.39003,83.97725,86.27739
2022-01-25 11:14:49.506483,84.67848,85.16325,85.6101
2022-01-25 11:14:50.005463,83.64747,83.92525,85.6101
2022-01-25 11:14:50.501130,84.42104,84.59625,85.4527
2022-01-25 11:14:51.009483,84.42104,84.64825,85.4527
2022-01-25 11:14:51.506069,84.00888,84.4415,86.47437
2022-01-25 11:14:52.005201,84.1636,84.59625,86.47437
2022-01-25 11:14:52.501407,83.90492,84.33875,85.68833
2022-01-25 11:14:53.010358,84.36905,84.85375,85.68833
2022-01-25 11:14:53.507311,83.69946,84.08,85.80614
2022-01-25 11:14:54.006232,84.47302,84.699,85.80614
2022-01-25 11:14:54.502393,84.31831,84.54425,85.21708
2022-01-25 11:14:55.010789,84.31831,84.33875,85.21708
2022-01-25 11:14:55.507955,83.9569,84.28675,85.4527
2022-01-25 11:14:56.009331,84.00888,84.64825,85.4527
2022-01-25 11:14:56.504598,84.11161,84.699,85.84572
2022-01-25 11:14:57.002499,83.90492,84.4935,85.84572
2022-01-25 11:14:57.509758,84.11161,84.4415,85.68833
2022-01-25 11:14:58.009521,84.26632,84.28675,85.68833
2022-01-25 11:14:58.508949,84.31831,84.85375,85.41406
2022-01-25 11:14:59.008453,84.00888,84.23475,85.41406
2022-01-25 11:14:59.505749,84.26632,84.4935,85.84572
2022-01-25 11:15:00.004654,83.9569,84.33875,85.84572
2022-01-25 11:15:01.005676,84.31831,84.59625,85.72791
2022-01-25 11:15:01.502582,83.9569,84.132,86.12093
2022-01-25 11:15:02.001724,84.62773,84.803,86.12093
2022-01-25 11:15:02.510940,83.9569,84.4415,85.7675
2022-01-25 11:15:03.009188,84.36905,84.803,85.7675
2022-01-25 11:15:03.504752,84.11161,84.3895,85.68833
2022-01-25 11:15:04.002672,83.9569,84.28675,85.68833
2022-01-25 11:15:04.509089,84.05963,84.3895,85.33489
2022-01-25 11:15:05.006891,84.21434,84.54425,85.33489
2022-01-25 11:15:05.502795,83.90492,84.08,85.53187
2022-01-25 11:15:06.002064,84.67848,84.803,85.53187
2022-01-25 11:15:06.509435,83.69946,84.28675,85.92395
2022-01-25 11:15:07.008102,84.42104,84.85375,85.92395
2022-01-25 11:15:07.505182,83.9569,84.59625,85.29625
2022-01-25 11:15:08.003481,84.05963,84.4415,85.29625
2022-01-25 11:15:08.509192,84.05963,84.4415,85.84572
2022-01-25 11:15:09.009617,84.11161,84.33875,85.84572
2022-01-25 11:15:09.505301,84.1636,84.54425,86.23875
2022-01-25 11:15:10.003059,84.00888,84.3895,86.23875
2022-01-25 11:15:10.508916,84.00888,84.33875,85.29625
2022-01-25 11:15:11.004349,84.00888,84.4415,85.29625
2022-01-25 11:15:11.510194,84.52377,84.85375,85.49229
2022-01-25 11:15:12.009433,83.90492,84.4935,85.49229
2022-01-25 11:15:12.506350,84.1636,84.184,85.7675
2022-01-25 11:15:13.006148,84.47302,84.54425,85.7675
2022-01-25 11:15:13.503222,83.7502,84.02925,86.23875
2022-01-25 11:15:14.001853,84.52377,85.0605,86.23875
2022-01-25 11:15:14.508165,83.28607,83.7705,86.04176
2022-01-25 11:15:15.009839,84.52377,84.64825,86.04176
2022-01-25 11:15:15.506790,83.64747,84.33875,86.15958
2022-01-25 11:15:16.005837,84.36905,84.4935,86.15958
2022-01-25 11:15:16.510808,84.31831,84.4935,85.21708
2022-01-25 11:15:17.009112,84.21434,84.4935,85.21708
2022-01-25 11:15:17.505851,84.11161,84.64825,86.31697
2022-01-25 11:15:18.003690,83.80219,84.33875,86.31697
2022-01-25 11:15:18.508792,84.31831,84.59625,84.94281
2022-01-25 11:15:19.007233,83.90492,84.59625,84.94281
2022-01-25 11:15:19.505408,84.31831,84.4415,85.80614
2022-01-25 11:15:20.005281,83.59549,83.8225,85.80614
2022-01-25 11:15:20.501907,84.47302,84.803,85.49229
2022-01-25 11:15:21.011193,84.11161,84.59625,85.49229
2022-01-25 11:15:21.505122,83.80219,84.4415,85.57051
2022-01-25 11:15:22.004013,83.9569,84.132,85.57051
2022-01-25 11:15:22.507001,83.64747,84.23475,85.4527
2022-01-25 11:15:23.005071,84.47302,84.803,85.4527
2022-01-25 11:15:23.510093,84.31831,84.54425,85.57051
2022-01-25 11:15:24.004964,84.1636,84.132,85.57051
2022-01-25 11:15:24.502901,83.9569,84.3895,85.88531
2022-01-25 11:15:25.002053,84.36905,84.64825,85.88531
2022-01-25 11:15:25.508894,84.1636,84.59625,85.49229
2022-01-25 11:15:26.006661,83.49276,83.8745,85.49229
2022-01-25 11:15:26.503245,84.36905,84.64825,85.17843
2022-01-25 11:15:27.002078,83.69946,84.23475,85.17843
2022-01-25 11:15:27.508453,84.31831,84.3895,86.51301
2022-01-25 11:15:28.006375,84.57575,84.751,86.51301
2022-01-25 11:15:28.502792,84.00888,84.28675,85.80614
2022-01-25 11:15:29.011029,84.21434,84.54425,85.80614
2022-01-25 11:15:29.505968,84.11161,84.59625,86.08135
2022-01-25 11:15:30.003838,83.9569,84.3895,86.08135
2022-01-25 11:15:30.510176,84.26632,84.85375,85.6101
2022-01-25 11:15:31.008465,83.69946,83.97725,85.6101
2022-01-25 11:15:31.502591,84.83319,85.21525,85.7675
2022-01-25 11:15:32.011098,84.00888,84.4415,85.7675
2022-01-25 11:15:32.506218,84.31831,84.699,85.49229
2022-01-25 11:15:33.004047,84.00888,84.23475,85.49229
2022-01-25 11:15:33.510733,84.00888,84.4415,85.33489
2022-01-25 11:15:34.008352,83.85417,84.64825,85.33489
2022-01-25 11:15:34.504194,84.00888,84.02925,86.31697
2022-01-25 11:15:35.001825,84.47302,84.64825,86.31697
2022-01-25 11:15:35.508414,83.9569,84.08,84.90322
2022-01-25 11:15:36.005542,84.52377,84.95775,84.90322
2022-01-25 11:15:36.501002,83.7502,84.132,86.15958
2022-01-25 11:15:37.010523,84.36905,84.59625,86.15958
2022-01-25 11:15:37.506862,83.54475,84.132,85.7675
2022-01-25 11:15:38.006471,84.31831,84.59625,85.7675
2022-01-25 11:15:38.511189,84.21434,84.33875,84.94281
2022-01-25 11:15:39.009793,84.31831,84.59625,84.94281
2022-01-25 11:15:39.504701,84.47302,84.751,85.6101
2022-01-25 11:15:40.002344,83.80219,84.02925,85.6101
2022-01-25 11:15:40.508213,84.31831,84.751,86.3952
2022-01-25 11:15:41.005874,83.80219,84.28675,86.3952
2022-01-25 11:15:41.502716,84.36905,84.64825,85.53187
2022-01-25 11:15:42.001930,84.00888,84.3895,85.53187
2022-01-25 11:15:42.508044,84.21434,84.4415,85.80614
2022-01-25 11:15:43.006682,84.36905,84.54425,85.80614
2022-01-25 11:15:43.502687,84.21434,84.699,85.92395
2022-01-25 11:15:44.001232,84.42104,84.64825,85.92395
2022-01-25 11:15:44.507545,83.49276,83.97725,85.41406
2022-01-25 11:15:45.005223,84.78245,84.90575,85.41406
2022-01-25 11:15:45.510638,83.44078,84.02925,86.5526
2022-01-25 11:15:46.008637,84.42104,84.803,86.5526
2022-01-25 11:15:46.502774,83.85417,84.132,85.88531
2022-01-25 11:15:47.001992,84.1636,84.64825,85.88531
2022-01-25 11:15:47.507562,84.1636,84.54425,85.53187
2022-01-25 11:15:48.005713,83.9569,84.4415,85.53187
2022-01-25 11:15:48.503710,84.42104,84.4935,86.3952
2022-01-25 11:15:49.005371,83.64747,84.184,86.3952
2022-01-25 11:15:49.501964,84.47302,84.54425,85.13885
2022-01-25 11:15:50.010136,84.42104,84.751,85.13885
2022-01-25 11:15:50.505982,83.80219,84.23475,85.88531
2022-01-25 11:15:51.003901,84.26632,84.64825,85.88531
2022-01-25 11:15:51.501015,83.7502,84.4415,85.92395
2022-01-25 11:15:52.003872,84.26632,84.4415,85.92395
2022-01-25 11:15:52.501438,83.85417,84.4935,85.57051
2022-01-25 11:15:53.009791,84.21434,84.3895,85.57051
2022-01-25 11:15:53.506263,84.26632,84.4935,85.49229
2022-01-25 11:15:54.004901,84.1636,84.54425,85.49229
2022-01-25 11:15:54.509336,84.42104,84.751,84.94281
2022-01-25 11:15:55.007656,84.05963,84.28675,84.94281
