時間,回転１,回転２,回転３
2022-01-25 18:00:00.004412,0.0,0.0,0.0
2022-01-25 18:00:00.509159,0.0,0.0,0.0
2022-01-25 18:00:01.008017,0.0,0.0,0.0
2022-01-25 18:00:01.504423,0.0,0.0,0.0
2022-01-25 18:00:02.002420,0.0,0.0,-0.03864
2022-01-25 18:00:02.509405,0.0,0.0,-0.03864
2022-01-25 18:00:03.008676,0.0,0.0,-0.03864
2022-01-25 18:00:03.504634,0.0,0.0,-0.03864
2022-01-25 18:00:04.004471,0.0,0.0,0.0
2022-01-25 18:00:04.510518,0.0,0.0,0.0
2022-01-25 18:00:05.008537,0.0,0.0,0.0
2022-01-25 18:00:05.503566,0.0,0.0,0.0
2022-01-25 18:00:06.002441,0.0,0.0,-0.03864
2022-01-25 18:00:06.507012,0.0,0.0,-0.03864
2022-01-25 18:00:07.005823,0.0,0.0,0.0
2022-01-25 18:00:07.504033,0.0,0.0,0.0
2022-01-25 18:00:08.002901,0.0,0.0,0.0
2022-01-25 18:00:08.501822,0.0,0.0,0.0
2022-01-25 18:00:09.001400,0.0,0.0,0.0
2022-01-25 18:00:09.506866,0.0,0.0,0.0
2022-01-25 18:00:10.003038,0.0,0.0,0.0
2022-01-25 18:00:10.501673,0.0,0.0,0.0
2022-01-25 18:00:11.006105,0.0,0.0,0.0
2022-01-25 18:00:11.505023,0.0,0.0,0.0
2022-01-25 18:00:12.007508,0.0,0.0,0.0
2022-01-25 18:00:12.503252,0.0,0.0,0.0
2022-01-25 18:00:13.006105,0.0,0.0,0.0
2022-01-25 18:00:13.508620,0.0,0.0,0.0
2022-01-25 18:00:14.006801,0.0,0.0,0.0
2022-01-25 18:00:14.503521,0.0,0.0,0.0
2022-01-25 18:00:15.005080,0.0,0.0,0.0
2022-01-25 18:00:15.504920,0.0,0.0,0.0
2022-01-25 18:00:16.009691,0.0,0.0,0.0
2022-01-25 18:00:16.502672,0.0,0.0,0.0
2022-01-25 18:00:17.001166,0.0,0.0,0.0
2022-01-25 18:00:17.507186,0.0,0.0,0.0
2022-01-25 18:00:18.006269,0.0,0.0,0.0
2022-01-25 18:00:18.504235,0.0,0.0,0.0
2022-01-25 18:00:19.002238,0.0,0.0,0.0
2022-01-25 18:00:19.508070,0.0,0.0,0.0
2022-01-25 18:00:20.002294,0.0,0.0,0.0
2022-01-25 18:00:20.506431,-0.05074,0.0,0.0
2022-01-25 18:00:21.004489,0.0,0.0,0.0
2022-01-25 18:00:21.510846,0.05074,0.0,0.0
2022-01-25 18:00:22.010725,-0.05074,0.0,0.0
2022-01-25 18:00:22.510380,0.0,0.0,0.0
2022-01-25 18:00:23.008489,-0.05074,0.0,0.0
2022-01-25 18:00:23.504554,0.0,0.0,0.0
2022-01-25 18:00:24.003136,0.0,0.0,0.0
2022-01-25 18:00:25.004347,0.0,0.0,0.0
2022-01-25 18:00:25.510537,0.0,0.0,0.0
2022-01-25 18:00:26.010355,0.0,0.0,0.0
2022-01-25 18:00:26.509997,0.0,0.0,0.0
2022-01-25 18:00:27.007670,0.0,0.0,0.0
2022-01-25 18:00:27.504461,0.0,0.0,0.0
2022-01-25 18:00:28.003179,0.0,0.0,0.0
2022-01-25 18:00:28.502836,0.0,0.0,0.0
2022-01-25 18:00:29.004864,0.0,0.0,0.0
2022-01-25 18:00:29.504102,0.0,0.0,0.0
2022-01-25 18:00:30.009349,0.0,0.0,0.0
2022-01-25 18:00:30.502955,0.0,0.0,0.0
2022-01-25 18:00:31.505197,0.0,0.0,0.0
2022-01-25 18:00:32.003879,0.0,0.0,0.0
2022-01-25 18:00:32.510754,0.0,0.0,0.0
2022-01-25 18:00:33.005129,0.05074,0.0,0.0
2022-01-25 18:00:33.509068,0.0,0.0,0.0
2022-01-25 18:00:34.002260,0.0,0.0,0.0
2022-01-25 18:00:34.502082,0.0,0.0,0.0
2022-01-25 18:00:35.010659,0.05074,0.0,0.0
2022-01-25 18:00:35.505907,-0.05074,0.0,0.0
2022-01-25 18:00:36.004113,0.0,0.0,0.0
2022-01-25 18:00:36.505371,-0.05074,0.0,0.0
2022-01-25 18:00:37.002058,0.05074,0.0,0.0
2022-01-25 18:00:37.508200,0.0,0.0,0.0
2022-01-25 18:00:38.009238,0.0,0.0,0.0
2022-01-25 18:00:38.504888,0.05074,0.0,0.0
2022-01-25 18:00:39.003217,0.05074,0.0,0.0
2022-01-25 18:00:39.506485,0.0,0.0,0.0
2022-01-25 18:00:40.003926,0.05074,0.0,0.0
2022-01-25 18:00:40.503169,-0.05074,0.0,0.0
2022-01-25 18:00:41.006775,0.0,0.0,0.0
2022-01-25 18:00:41.501053,0.0,0.0,0.0
2022-01-25 18:00:42.009722,0.0,0.0,0.0
2022-01-25 18:00:42.505183,0.0,0.0,0.0
2022-01-25 18:00:43.007353,0.0,0.0,0.0
2022-01-25 18:00:43.510219,0.0,0.0,0.0
2022-01-25 18:00:44.010741,0.0,0.0,0.0
2022-01-25 18:00:44.507583,0.0,0.0,0.0
2022-01-25 18:00:45.003469,0.0,0.0,0.0
2022-01-25 18:00:45.508350,0.0,0.0,0.0
2022-01-25 18:00:46.006922,0.0,0.0,0.0
2022-01-25 18:00:46.502438,0.0,0.0,0.0
2022-01-25 18:00:47.001108,0.0,0.0,0.0
2022-01-25 18:00:47.504750,0.0,0.0,0.0
2022-01-25 18:00:48.010871,0.0,0.0,0.0
2022-01-25 18:00:48.507256,0.0,0.0,0.0
2022-01-25 18:00:49.008006,0.0,0.0,0.0
2022-01-25 18:00:50.510252,0.0,0.0,0.0
2022-01-25 18:00:51.011026,0.0,0.0,0.0
2022-01-25 18:00:51.502493,0.0,0.0,0.0
2022-01-25 18:00:52.002644,0.0,0.0,0.0
2022-01-25 18:00:52.508005,0.0,0.0,0.0
2022-01-25 18:00:53.005658,0.0,0.0,0.0
2022-01-25 18:00:53.508589,0.0,0.0,0.0
2022-01-25 18:00:54.009166,0.0,0.0,0.0
2022-01-25 18:00:54.504390,0.0,0.0,0.0
2022-01-25 18:00:55.002305,0.0,0.0,0.0
2022-01-25 18:00:55.507509,0.0,0.0,0.0
2022-01-25 18:00:56.004525,0.0,0.0,0.0
2022-01-25 18:00:56.501284,0.0,0.0,0.0
2022-01-25 18:00:57.005312,0.0,0.0,0.0
2022-01-25 18:00:57.510447,0.0,0.0,0.0
2022-01-25 18:00:58.009456,0.0,0.0,0.0
2022-01-25 18:00:58.504686,0.0,0.0,0.0
2022-01-25 18:00:59.002890,0.0,0.0,0.0
2022-01-25 18:00:59.507196,0.0,0.0,0.0
2022-01-25 18:01:00.006143,0.0,0.0,0.0
2022-01-25 18:01:00.501843,0.0,0.0,0.0
2022-01-25 18:01:01.005561,0.0,0.0,0.0
2022-01-25 18:01:01.504553,0.0,0.0,0.0
2022-01-25 18:01:02.004116,0.0,0.0,0.0
2022-01-25 18:01:02.510579,0.0,0.0,0.0
2022-01-25 18:01:03.010572,0.0,0.0,0.0
2022-01-25 18:01:03.509298,0.0,0.0,0.0
2022-01-25 18:01:04.005869,0.0,0.0,0.0
2022-01-25 18:01:04.501174,0.0,0.0,0.0
2022-01-25 18:01:05.007838,0.0,0.0,0.0
2022-01-25 18:01:05.506046,0.0,0.0,0.0
2022-01-25 18:01:06.004388,0.0,0.0,0.0
2022-01-25 18:01:06.508143,0.0,0.0,0.0
2022-01-25 18:01:07.008783,0.0,0.0,0.0
2022-01-25 18:01:07.508726,0.0,0.0,0.0
2022-01-25 18:01:08.007184,0.0,0.0,0.0
2022-01-25 18:01:08.505472,0.0,0.0,0.0
2022-01-25 18:01:09.004887,0.0,0.0,0.0
2022-01-25 18:01:09.509075,0.0,0.0,0.0
2022-01-25 18:01:10.010706,0.0,0.0,0.0
2022-01-25 18:01:10.502234,0.0,0.0,0.0
2022-01-25 18:01:11.003469,0.0,0.0,0.0
2022-01-25 18:01:11.509382,0.0,0.0,0.0
2022-01-25 18:01:12.007426,0.0,0.0,0.0
2022-01-25 18:01:12.502220,0.0,0.0,0.0
2022-01-25 18:01:13.003026,0.0,0.0,0.0
2022-01-25 18:01:13.510369,0.0,0.0,0.0
2022-01-25 18:01:14.010821,0.0,0.0,0.0
2022-01-25 18:01:14.501115,0.0,0.0,0.0
2022-01-25 18:01:15.010482,0.0,0.0,0.0
2022-01-25 18:01:15.510002,0.0,0.0,0.0
2022-01-25 18:01:16.003684,0.0,0.0,0.0
2022-01-25 18:01:16.509275,0.0,0.0,0.0
2022-01-25 18:01:17.007375,0.0,0.0,0.0
2022-01-25 18:01:17.503220,0.0,0.0,0.0
2022-01-25 18:01:18.010070,0.0,0.0,0.0
2022-01-25 18:01:18.509286,0.0,0.0,0.0
2022-01-25 18:01:19.009815,0.0,0.0,0.0
2022-01-25 18:01:19.502892,0.0,0.0,0.0
2022-01-25 18:01:20.004587,0.0,0.0,0.0
2022-01-25 18:01:20.508063,0.0,0.0,0.0
2022-01-25 18:01:21.005777,0.0,0.0,0.0
2022-01-25 18:01:21.502168,0.0,0.0,0.0
2022-01-25 18:01:22.010405,0.0,0.0,0.0
2022-01-25 18:01:22.501712,0.0,0.0,0.0
2022-01-25 18:01:23.006932,0.0,0.0,0.0
2022-01-25 18:01:23.501565,0.0,0.0,0.0
2022-01-25 18:01:24.001236,0.0,0.0,0.0
2022-01-25 18:01:24.508541,0.0,0.0,0.0
2022-01-25 18:01:25.002547,0.0,0.0,0.0
2022-01-25 18:01:25.506901,0.0,0.0,0.0
2022-01-25 18:01:26.006382,0.0,0.0,0.0
2022-01-25 18:01:26.505013,0.0,0.0,0.0
2022-01-25 18:01:27.007786,0.0,0.0,0.0
2022-01-25 18:01:27.505973,0.0,0.0,0.0
2022-01-25 18:01:28.007366,0.0,0.0,0.0
2022-01-25 18:01:28.501046,0.0,0.0,0.0
2022-01-25 18:01:29.009960,0.0,0.0,0.0
2022-01-25 18:01:29.505186,0.0,0.0,0.0
2022-01-25 18:01:30.008878,0.0,0.0,0.0
2022-01-25 18:01:30.511150,0.0,0.0,0.0
2022-01-25 18:01:31.009519,0.0,0.0,0.0
2022-01-25 18:01:31.507648,0.0,0.0,0.0
2022-01-25 18:01:32.002939,0.0,0.0,0.0
2022-01-25 18:01:32.508646,0.0,0.0,0.0
2022-01-25 18:01:33.007952,0.0,0.0,0.0
2022-01-25 18:01:33.510575,0.0,0.0,0.0
2022-01-25 18:01:34.009392,0.0,0.0,0.0
2022-01-25 18:01:34.504611,0.0,0.0,0.0
2022-01-25 18:01:35.003038,0.0,0.0,0.0
2022-01-25 18:01:35.510550,0.0,0.0,0.0
2022-01-25 18:01:36.010728,0.0,0.0,0.0
2022-01-25 18:01:36.510360,0.0,0.0,0.0
2022-01-25 18:01:37.004756,0.0,0.0,0.0
2022-01-25 18:01:37.502906,0.0,0.0,0.0
2022-01-25 18:01:38.002379,0.0,0.0,0.0
2022-01-25 18:01:38.507517,0.0,0.0,0.0
2022-01-25 18:01:39.005752,0.0,0.0,0.0
2022-01-25 18:01:39.510407,0.0,0.0,0.0
2022-01-25 18:01:40.010726,0.0,0.0,0.0
2022-01-25 18:01:40.508113,0.0,0.0,0.0
2022-01-25 18:01:41.001691,0.0,0.0,0.0
2022-01-25 18:01:41.507705,0.0,0.0,0.0
2022-01-25 18:01:42.007910,0.0,0.0,0.0
2022-01-25 18:01:42.507366,0.0,0.0,0.0
2022-01-25 18:01:43.009040,0.0,0.0,0.0
2022-01-25 18:01:43.511149,0.0,0.0,0.0
2022-01-25 18:01:44.008544,0.0,0.0,0.0
2022-01-25 18:01:44.503760,0.0,0.0,0.0
2022-01-25 18:01:45.005783,0.0,0.0,0.0
2022-01-25 18:01:45.501696,0.0,0.0,0.0
2022-01-25 18:01:46.008917,0.0,0.0,0.0
2022-01-25 18:01:46.505196,0.0,0.0,0.0
2022-01-25 18:01:47.005187,0.0,0.0,0.0
2022-01-25 18:01:47.505763,0.0,0.0,0.0
2022-01-25 18:01:48.004521,0.0,0.0,0.0
2022-01-25 18:01:48.510178,0.0,0.0,0.0
2022-01-25 18:01:49.006243,0.0,0.0,0.0
2022-01-25 18:01:49.508271,0.0,0.0,0.0
2022-01-25 18:01:50.008649,0.0,0.0,0.0
2022-01-25 18:01:50.507058,0.0,0.0,0.0
2022-01-25 18:01:51.002500,0.0,0.0,0.0
2022-01-25 18:01:51.505415,0.0,0.0,0.0
2022-01-25 18:01:52.004843,0.0,0.0,0.0
2022-01-25 18:01:52.510876,0.0,0.0,0.0
2022-01-25 18:01:53.008755,0.0,0.0,0.0
2022-01-25 18:01:53.505887,0.0,0.0,0.0
2022-01-25 18:01:54.010218,0.0,0.0,0.0
2022-01-25 18:01:54.502784,0.0,0.0,0.0
2022-01-25 18:01:55.001852,0.0,0.0,0.0
2022-01-25 18:01:55.501012,0.0,0.0,0.0
2022-01-25 18:01:56.009874,0.0,0.0,0.0
2022-01-25 18:01:56.511016,0.0,0.0,0.0
2022-01-25 18:01:57.001794,0.0,0.0,0.0
2022-01-25 18:01:57.508244,0.0,0.0,0.0
2022-01-25 18:01:58.008905,0.0,0.0,0.0
2022-01-25 18:01:58.510065,0.0,0.0,0.0
2022-01-25 18:01:59.007936,0.0,0.0,0.0
2022-01-25 18:01:59.505424,0.0,0.0,0.0
2022-01-25 18:02:00.002827,0.0,0.0,0.0
2022-01-25 18:02:00.504305,0.0,0.0,0.0
2022-01-25 18:02:01.007183,0.0,0.0,0.0
2022-01-25 18:02:01.508892,0.0,0.0,0.0
2022-01-25 18:02:02.006598,0.0,0.0,0.0
2022-01-25 18:02:02.504092,0.0,0.0,0.0
2022-01-25 18:02:03.002195,0.0,0.0,0.0
2022-01-25 18:02:03.508276,0.0,0.0,0.0
2022-01-25 18:02:04.005080,0.0,0.0,0.0
2022-01-25 18:02:04.503405,0.0,0.0,0.0
2022-01-25 18:02:05.008574,0.0,0.0,0.0
2022-01-25 18:02:05.503971,0.0,0.0,0.0
2022-01-25 18:02:06.002105,0.0,0.0,0.0
2022-01-25 18:02:06.509394,0.0,0.0,0.0
2022-01-25 18:02:07.004629,0.0,0.0,0.0
2022-01-25 18:02:07.501053,0.0,0.0,0.0
2022-01-25 18:02:08.003867,0.0,0.0,0.0
2022-01-25 18:02:08.505874,0.0,0.0,0.0
2022-01-25 18:02:09.002836,0.0,0.0,0.0
2022-01-25 18:02:09.510814,0.0,0.0,0.0
2022-01-25 18:02:10.007722,0.0,0.0,0.0
2022-01-25 18:02:10.502658,0.0,0.0,0.0
2022-01-25 18:02:11.006365,0.0,0.0,0.0
2022-01-25 18:02:11.508989,0.0,0.0,0.0
2022-01-25 18:02:12.006108,0.0,0.0,0.0
2022-01-25 18:02:12.506069,0.0,0.0,0.0
2022-01-25 18:02:13.003217,0.0,0.0,0.0
2022-01-25 18:02:13.510648,0.0,0.0,0.0
2022-01-25 18:02:14.008092,0.0,0.0,0.0
2022-01-25 18:02:14.506081,0.0,0.0,0.0
2022-01-25 18:02:15.007774,0.0,0.0,0.0
2022-01-25 18:02:15.502833,0.0,0.0,0.0
2022-01-25 18:02:16.010796,0.0,0.0,0.0
2022-01-25 18:02:16.507394,0.0,0.0,0.0
2022-01-25 18:02:17.006421,0.0,0.0,0.0
2022-01-25 18:02:17.507046,0.0,0.0,0.0
2022-01-25 18:02:18.003492,0.0,0.0,0.0
2022-01-25 18:02:18.509474,0.0,0.0,0.0
2022-01-25 18:02:19.001362,0.0,0.0,0.0
2022-01-25 18:02:19.506229,0.0,0.0,0.0
2022-01-25 18:02:20.006698,0.0,0.0,0.0
2022-01-25 18:02:20.503683,0.0,0.0,0.0
2022-01-25 18:02:21.006606,0.0,0.0,0.0
2022-01-25 18:02:21.510493,0.0,0.0,0.0
2022-01-25 18:02:22.010098,0.0,0.0,0.0
2022-01-25 18:02:22.507845,0.0,0.0,0.0
2022-01-25 18:02:23.006444,0.0,0.0,0.0
2022-01-25 18:02:23.501313,0.0,0.0,0.0
2022-01-25 18:02:24.004572,0.0,0.0,0.0
2022-01-25 18:02:24.508763,0.0,0.0,0.0
2022-01-25 18:02:25.010057,0.0,0.0,0.0
2022-01-25 18:02:25.510785,0.0,0.0,0.0
2022-01-25 18:02:26.006866,0.0,0.0,0.0
2022-01-25 18:02:26.501827,0.0,0.0,0.0
2022-01-25 18:02:27.001505,0.0,0.0,0.0
2022-01-25 18:02:27.510536,0.0,0.0,0.0
2022-01-25 18:02:28.009512,0.0,0.0,0.0
2022-01-25 18:02:28.509912,0.0,0.0,0.0
2022-01-25 18:02:29.008569,0.0,0.0,0.0
2022-01-25 18:02:29.505908,0.0,0.0,0.0
2022-01-25 18:02:30.009078,0.0,0.0,0.0
2022-01-25 18:02:30.506244,0.0,0.0,0.0
2022-01-25 18:02:31.009168,0.0,0.0,0.0
2022-01-25 18:02:31.504680,0.0,0.0,0.0
2022-01-25 18:02:32.003427,0.0,0.0,0.0
2022-01-25 18:02:32.508968,0.0,0.0,0.0
2022-01-25 18:02:33.006731,0.0,0.0,-0.03864
2022-01-25 18:02:33.508741,0.0,0.0,-0.03864
2022-01-25 18:02:34.007812,0.0,0.0,0.0
2022-01-25 18:02:34.507865,0.0,0.0,0.0
2022-01-25 18:02:35.004056,0.0,0.0,0.0
2022-01-25 18:02:35.509891,0.0,0.0,0.0
2022-01-25 18:02:36.002734,0.0,0.0,0.0
2022-01-25 18:02:36.505097,0.0,0.0,0.0
2022-01-25 18:02:37.002337,0.0,0.0,0.0
2022-01-25 18:02:37.501431,0.0,0.0,0.0
2022-01-25 18:02:38.008582,0.0,0.0,0.0
2022-01-25 18:02:38.506744,0.0,0.0,0.0
2022-01-25 18:02:39.010613,0.0,0.0,0.0
2022-01-25 18:02:39.505533,0.0,0.0,0.0
2022-01-25 18:02:40.003891,0.0,0.0,0.0
2022-01-25 18:02:40.503482,0.0,0.0,0.0
2022-01-25 18:02:41.009841,0.0,0.0,0.0
2022-01-25 18:02:41.504836,0.0,0.0,0.0
2022-01-25 18:02:42.002693,0.0,0.0,0.0
2022-01-25 18:02:42.506985,0.0,0.0,0.0
2022-01-25 18:02:43.006519,0.0,0.0,0.0
2022-01-25 18:02:43.504101,0.0,0.0,0.0
2022-01-25 18:02:44.001798,0.0,0.0,0.0
2022-01-25 18:02:44.507041,0.0,0.0,0.0
2022-01-25 18:02:45.006577,0.0,0.0,0.0
2022-01-25 18:02:45.502809,0.0,0.0,0.0
2022-01-25 18:02:46.010304,0.0,0.0,0.0
2022-01-25 18:02:46.504998,0.0,0.0,0.0
2022-01-25 18:02:47.003993,0.0,0.0,0.0
2022-01-25 18:02:47.504426,0.0,0.0,0.0
2022-01-25 18:02:48.002138,0.0,0.0,0.0
2022-01-25 18:02:48.507114,0.0,0.0,0.0
2022-01-25 18:02:49.007948,0.0,0.0,0.0
2022-01-25 18:02:49.505925,0.0,0.0,0.0
2022-01-25 18:02:50.004177,0.0,0.0,0.0
2022-01-25 18:02:50.501691,0.0,0.0,0.0
2022-01-25 18:02:51.006130,0.0,0.0,0.0
2022-01-25 18:02:51.510170,0.0,0.0,0.0
2022-01-25 18:02:52.010750,0.0,0.0,0.0
2022-01-25 18:02:52.506037,0.0,0.0,0.0
2022-01-25 18:02:53.002384,0.0,0.0,0.0
2022-01-25 18:02:53.507801,0.0,0.0,0.0
2022-01-25 18:02:54.005725,0.0,0.0,0.0
2022-01-25 18:02:54.503207,0.0,0.0,0.0
2022-01-25 18:02:55.003576,0.0,0.0,0.0
2022-01-25 18:02:55.504102,0.0,0.0,0.0
2022-01-25 18:02:56.002674,0.0,0.0,0.0
2022-01-25 18:02:56.502310,0.0,0.0,0.0
2022-01-25 18:02:57.008947,0.0,0.0,0.0
2022-01-25 18:02:57.503882,0.0,0.0,0.0
2022-01-25 18:02:58.003318,0.0,0.0,0.0
2022-01-25 18:02:58.502370,0.0,0.0,0.0
2022-01-25 18:02:59.002018,0.0,0.0,0.0
2022-01-25 18:02:59.510376,0.0,0.0,0.0
2022-01-25 18:03:00.008998,0.0,0.0,0.0
2022-01-25 18:03:00.505958,0.0,0.0,0.0
2022-01-25 18:03:01.005199,0.0,0.0,0.0
2022-01-25 18:03:01.501215,0.0,0.0,0.0
2022-01-25 18:03:02.002754,0.0,0.0,0.0
2022-01-25 18:03:02.508638,0.0,0.0,0.0
2022-01-25 18:03:03.008652,0.0,0.0,0.0
2022-01-25 18:03:03.502991,0.0,0.0,0.0
2022-01-25 18:03:04.009383,0.0,0.0,0.0
2022-01-25 18:03:04.506854,0.0,0.0,0.0
2022-01-25 18:03:05.006357,0.0,0.0,0.0
2022-01-25 18:03:05.502772,0.0,0.0,0.0
2022-01-25 18:03:06.004417,0.0,0.0,0.0
2022-01-25 18:03:06.502851,0.0,0.0,0.0
2022-01-25 18:03:07.009790,0.0,0.0,0.0
2022-01-25 18:03:07.507575,0.0,0.0,0.0
2022-01-25 18:03:08.010294,0.0,0.0,0.0
2022-01-25 18:03:08.502902,0.0,0.0,0.0
2022-01-25 18:03:09.002249,0.0,0.0,0.0
2022-01-25 18:03:09.507107,0.0,0.0,0.0
2022-01-25 18:03:10.010779,0.0,0.0,0.0
2022-01-25 18:03:10.502236,0.0,0.0,0.0
2022-01-25 18:03:11.006616,0.0,0.0,0.0
2022-01-25 18:03:11.501244,0.0,0.0,0.0
2022-01-25 18:03:12.002158,0.0,0.0,0.0
2022-01-25 18:03:12.503821,0.0,0.0,0.0
2022-01-25 18:03:13.001084,0.0,0.0,0.0
2022-01-25 18:03:13.508017,0.0,0.0,0.0
2022-01-25 18:03:14.007524,0.0,0.0,0.0
2022-01-25 18:03:14.501617,0.0,0.0,0.0
2022-01-25 18:03:15.002621,0.0,0.0,0.0
2022-01-25 18:03:15.501794,0.0,0.0,0.0
2022-01-25 18:03:16.002147,0.0,0.0,0.0
2022-01-25 18:03:16.502769,0.0,0.0,0.0
2022-01-25 18:03:17.504878,0.0,0.0,0.0
2022-01-25 18:03:18.002009,0.0,0.0,0.0
2022-01-25 18:03:18.509069,0.0,0.0,0.0
2022-01-25 18:03:19.005788,0.0,0.0,0.0
2022-01-25 18:03:19.501235,0.0,0.0,0.0
2022-01-25 18:03:20.009248,0.0,0.0,0.0
2022-01-25 18:03:20.502221,0.0,0.0,0.0
2022-01-25 18:03:21.003706,0.0,0.0,0.0
2022-01-25 18:03:21.511181,0.0,0.0,0.0
2022-01-25 18:03:22.005452,0.0,0.0,0.0
2022-01-25 18:03:22.507376,0.0,0.0,0.0
2022-01-25 18:03:23.003417,0.0,0.0,0.0
2022-01-25 18:03:23.508973,0.0,0.0,0.0
2022-01-25 18:03:24.002566,0.0,0.0,0.0
2022-01-25 18:03:24.508533,0.0,0.0,0.0
2022-01-25 18:03:25.006720,0.0,0.0,0.0
2022-01-25 18:03:25.506713,0.0,0.0,0.0
2022-01-25 18:03:26.007179,0.0,0.0,0.0
2022-01-25 18:03:26.501447,0.0,0.0,0.0
2022-01-25 18:03:27.002405,0.0,0.0,0.0
2022-01-25 18:03:27.507752,0.0,0.0,0.0
2022-01-25 18:03:28.006616,0.0,0.0,0.0
2022-01-25 18:03:28.502045,0.0,0.0,0.0
2022-01-25 18:03:29.011237,0.0,0.0,0.0
2022-01-25 18:03:29.507749,0.0,0.0,0.0
2022-01-25 18:03:30.001061,0.0,0.0,0.0
2022-01-25 18:03:30.506547,0.0,0.0,0.0
2022-01-25 18:03:31.004605,0.0,0.0,0.0
2022-01-25 18:03:31.508835,0.0,0.0,0.0
2022-01-25 18:03:32.008335,0.0,0.0,0.0
2022-01-25 18:03:32.506521,0.0,0.0,0.0
2022-01-25 18:03:33.001123,0.0,0.0,0.0
2022-01-25 18:03:33.507142,0.0,0.0,0.0
2022-01-25 18:03:34.005810,0.0,0.0,0.0
2022-01-25 18:03:34.507228,0.0,0.0,0.0
2022-01-25 18:03:35.003163,0.0,0.0,0.0
2022-01-25 18:03:35.502264,0.0,0.0,0.0
2022-01-25 18:03:36.001175,0.0,0.0,0.0
2022-01-25 18:03:36.505197,0.0,0.0,0.0
2022-01-25 18:03:37.001307,0.0,0.0,0.0
2022-01-25 18:03:37.506381,0.0,0.0,0.0
2022-01-25 18:03:38.004668,0.0,0.0,0.0
2022-01-25 18:03:39.005012,0.0,0.0,0.0
2022-01-25 18:03:39.504858,0.0,0.0,0.0
2022-01-25 18:03:40.008146,0.0,0.0,0.0
2022-01-25 18:03:40.502291,0.0,0.0,0.0
2022-01-25 18:03:41.002286,0.0,0.0,0.0
2022-01-25 18:03:41.505544,0.0,0.0,0.0
2022-01-25 18:03:42.008654,0.0,0.0,0.0
2022-01-25 18:03:42.501314,0.0,0.0,0.0
2022-01-25 18:03:43.003232,0.0,0.0,0.0
2022-01-25 18:03:43.506582,0.0,0.0,0.0
2022-01-25 18:03:44.007410,0.0,0.0,0.0
2022-01-25 18:03:44.503475,0.0,0.0,0.0
2022-01-25 18:03:45.001881,0.0,0.0,0.0
2022-01-25 18:03:45.507562,0.0,0.0,0.0
2022-01-25 18:03:46.005978,0.0,0.0,0.0
2022-01-25 18:03:46.501493,0.0,0.0,0.0
2022-01-25 18:03:47.010125,0.0,0.0,0.0
2022-01-25 18:03:47.506807,0.0,0.0,0.0
2022-01-25 18:03:48.002184,0.0,0.0,0.0
2022-01-25 18:03:48.505849,0.0,0.0,0.0
2022-01-25 18:03:49.006648,0.0,0.0,0.0
2022-01-25 18:03:49.509241,0.0,0.0,0.0
2022-01-25 18:03:50.007281,0.0,0.0,0.0
2022-01-25 18:03:50.503591,0.0,0.0,0.0
2022-01-25 18:03:51.002815,0.0,0.0,0.0
2022-01-25 18:03:51.502532,0.0,0.0,0.0
2022-01-25 18:03:52.505171,0.0,0.0,0.0
2022-01-25 18:03:53.006315,0.0,0.0,0.0
2022-01-25 18:03:53.505311,0.0,0.0,0.0
2022-01-25 18:03:54.004467,0.0,0.0,0.0
2022-01-25 18:03:54.503535,0.0,0.0,0.0
2022-01-25 18:03:55.007354,0.0,0.0,0.0
2022-01-25 18:03:55.507304,0.0,0.0,0.0
2022-01-25 18:03:56.005074,0.0,0.0,0.0
2022-01-25 18:03:56.503476,0.0,0.0,0.0
2022-01-25 18:03:57.010981,0.0,0.0,0.0
2022-01-25 18:03:57.509086,0.0,0.0,0.0
2022-01-25 18:03:58.001191,0.0,0.0,0.0
2022-01-25 18:03:58.504195,0.0,0.0,0.0
2022-01-25 18:03:59.008089,0.0,0.0,0.0
2022-01-25 18:03:59.503957,0.0,0.0,0.0
2022-01-25 18:04:00.009851,0.0,0.0,0.0
2022-01-25 18:04:00.501004,0.0,0.0,0.0
2022-01-25 18:04:01.010271,0.0,0.0,0.0
2022-01-25 18:04:01.508571,0.0,0.0,0.0
2022-01-25 18:04:02.007796,0.0,0.0,0.0
2022-01-25 18:04:02.503553,0.0,0.0,0.0
2022-01-25 18:04:03.001792,0.0,0.0,0.0
2022-01-25 18:04:03.506744,0.0,0.0,0.0
2022-01-25 18:04:04.007281,0.0,0.0,0.0
2022-01-25 18:04:04.505736,0.0,0.0,0.0
2022-01-25 18:04:05.011206,0.0,0.0,0.0
2022-01-25 18:04:05.506022,0.0,0.0,0.0
2022-01-25 18:04:06.002262,0.0,0.0,0.0
2022-01-25 18:04:06.507307,0.0,0.0,0.0
2022-01-25 18:04:07.006342,0.0,0.0,0.0
2022-01-25 18:04:07.501495,0.0,0.0,0.0
2022-01-25 18:04:08.010842,0.0,0.0,0.0
2022-01-25 18:04:08.506794,0.0,0.0,0.0
2022-01-25 18:04:09.005114,0.0,0.0,0.0
2022-01-25 18:04:09.502653,0.0,0.0,0.0
2022-01-25 18:04:10.002012,0.0,0.0,0.0
2022-01-25 18:04:10.501730,0.0,0.0,0.0
2022-01-25 18:04:11.010740,0.0,0.0,0.0
2022-01-25 18:04:11.510000,0.0,0.0,0.0
2022-01-25 18:04:12.008753,0.0,0.0,0.0
2022-01-25 18:04:12.507024,0.0,0.0,0.0
2022-01-25 18:04:13.003458,0.0,0.0,0.0
2022-01-25 18:04:13.509489,0.0,0.0,0.0
2022-01-25 18:04:14.009646,0.0,0.0,0.0
2022-01-25 18:04:14.505185,0.0,0.0,0.0
2022-01-25 18:04:15.003926,0.0,0.0,0.0
2022-01-25 18:04:15.509704,0.0,0.0,0.0
2022-01-25 18:04:16.009409,0.0,0.0,0.0
2022-01-25 18:04:16.507090,0.0,0.0,0.0
2022-01-25 18:04:17.002753,0.0,0.0,0.0
2022-01-25 18:04:17.508793,0.0,0.0,0.0
2022-01-25 18:04:18.006179,0.0,0.0,0.0
2022-01-25 18:04:18.502774,0.0,0.0,0.0
2022-01-25 18:04:19.008780,0.0,0.0,0.0
2022-01-25 18:04:19.510982,0.0,0.0,0.0
2022-01-25 18:04:20.008841,0.0,0.0,0.0
2022-01-25 18:04:20.507847,0.0,0.0,0.0
2022-01-25 18:04:21.006329,0.0,0.0,0.0
2022-01-25 18:04:21.504102,0.0,0.0,0.0
2022-01-25 18:04:22.007206,0.0,0.0,0.0
2022-01-25 18:04:22.509066,0.0,0.0,0.0
2022-01-25 18:04:23.006064,0.0,0.0,0.0
2022-01-25 18:04:23.505973,0.0,0.0,0.0
2022-01-25 18:04:24.003862,0.0,0.0,0.0
2022-01-25 18:04:24.506761,0.0,0.0,0.0
2022-01-25 18:04:25.005708,0.0,0.0,0.0
2022-01-25 18:04:25.501236,0.0,0.0,0.0
2022-01-25 18:04:26.001294,0.0,0.0,0.0
2022-01-25 18:04:26.507406,0.0,0.0,0.0
2022-01-25 18:04:27.007925,0.0,0.0,0.0
2022-01-25 18:04:27.509049,0.0,0.0,0.0
2022-01-25 18:04:28.004216,0.0,0.0,0.0
2022-01-25 18:04:28.509749,0.0,0.0,0.0
2022-01-25 18:04:29.007056,0.0,0.0,0.0
2022-01-25 18:04:29.503030,0.0,0.0,0.0
2022-01-25 18:04:30.010820,0.0,0.0,0.0
2022-01-25 18:04:30.505327,0.0,0.0,0.0
2022-01-25 18:04:31.003337,0.0,0.0,0.0
2022-01-25 18:04:31.509849,0.0,0.0,0.0
2022-01-25 18:04:32.007988,0.0,0.0,0.0
2022-01-25 18:04:32.503569,0.0,0.0,0.0
2022-01-25 18:04:33.009822,0.0,0.0,0.0
2022-01-25 18:04:33.507034,0.0,0.0,0.0
2022-01-25 18:04:34.006656,0.0,0.0,0.0
2022-01-25 18:04:34.501702,0.0,0.0,0.0
2022-01-25 18:04:35.010907,0.0,0.0,0.0
2022-01-25 18:04:35.503150,0.0,0.0,0.0
2022-01-25 18:04:36.010597,0.0,0.0,0.0
2022-01-25 18:04:36.501847,0.0,0.0,0.0
2022-01-25 18:04:37.006640,0.0,0.0,0.0
2022-01-25 18:04:37.503516,0.0,0.0,0.0
2022-01-25 18:04:38.001247,0.0,0.0,0.0
2022-01-25 18:04:38.506756,0.0,0.0,0.0
2022-01-25 18:04:39.010207,0.0,0.0,0.0
2022-01-25 18:04:39.506377,0.0,0.0,0.0
2022-01-25 18:04:40.007379,0.0,0.0,0.0
2022-01-25 18:04:40.501570,0.0,0.0,0.0
2022-01-25 18:04:41.008878,0.0,0.0,0.0
2022-01-25 18:04:41.510823,0.0,0.0,0.0
2022-01-25 18:04:42.001330,0.0,0.0,0.0
2022-01-25 18:04:42.502486,0.0,0.0,0.0
2022-01-25 18:04:43.001253,0.0,0.0,0.0
2022-01-25 18:04:43.506778,0.0,0.0,0.0
2022-01-25 18:04:44.005879,0.0,0.0,0.0
2022-01-25 18:04:44.505687,0.0,0.0,0.0
2022-01-25 18:04:45.009836,0.0,0.0,0.0
2022-01-25 18:04:45.503311,0.0,0.0,0.0
2022-01-25 18:04:46.002342,0.0,0.0,0.0
2022-01-25 18:04:46.507356,0.0,0.0,0.0
2022-01-25 18:04:47.006773,0.0,0.0,0.0
2022-01-25 18:04:47.509762,0.0,0.0,0.0
2022-01-25 18:04:48.007071,0.0,0.0,0.0
2022-01-25 18:04:48.503983,0.0,0.0,0.0
2022-01-25 18:04:49.002878,0.0,0.0,0.0
2022-01-25 18:04:49.502395,0.0,0.0,0.0
2022-01-25 18:04:50.006355,0.0,0.0,0.0
2022-01-25 18:04:50.505084,0.0,0.0,0.0
2022-01-25 18:04:51.000974,0.0,0.0,0.0
2022-01-25 18:04:51.506161,0.0,0.0,0.0
2022-01-25 18:04:52.005912,0.0,0.0,0.0
2022-01-25 18:04:52.502200,0.0,0.0,0.0
2022-01-25 18:04:53.010239,0.0,0.0,0.0
2022-01-25 18:04:53.507781,0.0,0.0,0.0
2022-01-25 18:04:54.010573,0.0,0.0,0.0
2022-01-25 18:04:54.511027,0.0,0.0,0.0
2022-01-25 18:04:55.010055,0.0,0.0,0.0
2022-01-25 18:04:55.504795,0.0,0.0,0.0
2022-01-25 18:04:56.006103,0.0,0.0,0.0
2022-01-25 18:04:56.502177,0.0,0.0,0.0
2022-01-25 18:04:57.010563,0.0,0.0,0.0
2022-01-25 18:04:57.501371,0.0,0.0,0.0
2022-01-25 18:04:58.009261,0.0,0.0,0.0
2022-01-25 18:04:58.505907,0.0,0.0,0.0
2022-01-25 18:04:59.010606,0.0,0.0,0.0
2022-01-25 18:04:59.507360,0.0,0.0,0.0
2022-01-25 18:05:00.010862,0.0,0.0,0.0
2022-01-25 18:05:00.507495,0.0,0.0,0.0
2022-01-25 18:05:01.005380,0.0,0.0,0.0
2022-01-25 18:05:01.502763,0.0,0.0,0.0
2022-01-25 18:05:02.002655,0.0,0.0,0.0
2022-01-25 18:05:02.508126,0.0,0.0,0.0
2022-01-25 18:05:03.008471,0.0,0.0,0.0
2022-01-25 18:05:03.504602,0.0,0.0,0.0
2022-01-25 18:05:04.008196,0.0,0.0,0.0
2022-01-25 18:05:04.508037,0.0,0.0,0.0
2022-01-25 18:05:05.011069,0.0,0.0,0.0
2022-01-25 18:05:05.506476,0.0,0.0,0.0
2022-01-25 18:05:06.005652,0.0,0.0,0.0
2022-01-25 18:05:06.508398,0.0,0.0,0.0
2022-01-25 18:05:07.008437,0.0,0.0,0.0
2022-01-25 18:05:07.508136,0.0,0.0,0.0
2022-01-25 18:05:08.004602,0.0,0.0,0.0
2022-01-25 18:05:08.501874,0.0,0.0,0.0
2022-01-25 18:05:09.010844,0.0,0.0,0.0
2022-01-25 18:05:09.505530,0.0,0.0,0.0
2022-01-25 18:05:10.005461,0.0,0.0,0.0
2022-01-25 18:05:10.503922,0.0,0.0,0.0
2022-01-25 18:05:11.005207,0.0,0.0,0.0
2022-01-25 18:05:11.505130,0.0,0.0,0.0
2022-01-25 18:05:12.005944,0.0,0.0,0.0
2022-01-25 18:05:12.507245,0.0,0.0,0.0
2022-01-25 18:05:13.002655,0.0,0.0,0.0
2022-01-25 18:05:13.508113,0.0,0.0,0.0
2022-01-25 18:05:14.006098,0.0,0.0,0.0
2022-01-25 18:05:14.509277,0.0,0.0,0.0
2022-01-25 18:05:15.008898,0.0,0.0,0.0
2022-01-25 18:05:15.507916,0.0,0.0,0.0
2022-01-25 18:05:16.003688,0.0,0.0,0.0
2022-01-25 18:05:16.507973,0.0,0.0,0.0
2022-01-25 18:05:17.007879,0.0,0.0,0.0
2022-01-25 18:05:17.502655,0.0,0.0,0.0
2022-01-25 18:05:18.011028,0.0,0.0,0.0
2022-01-25 18:05:18.501096,0.0,0.0,0.0
2022-01-25 18:05:19.002465,0.0,0.0,0.0
2022-01-25 18:05:19.510009,0.0,0.0,0.0
2022-01-25 18:05:20.007766,0.0,0.0,0.0
2022-01-25 18:05:20.503846,0.0,0.0,0.0
2022-01-25 18:05:21.006789,0.0,0.0,0.0
2022-01-25 18:05:21.509063,0.0,0.0,0.0
2022-01-25 18:05:22.008898,0.0,0.0,0.0
2022-01-25 18:05:22.507881,0.0,0.0,0.0
2022-01-25 18:05:23.002723,0.0,0.0,0.0
2022-01-25 18:05:23.510545,0.0,0.0,0.0
2022-01-25 18:05:24.008862,0.0,0.0,0.0
2022-01-25 18:05:24.503761,0.0,0.0,0.0
2022-01-25 18:05:25.003093,0.0,0.0,0.0
2022-01-25 18:05:25.507887,0.0,0.0,0.0
2022-01-25 18:05:26.008718,0.0,0.0,0.0
2022-01-25 18:05:26.502558,0.0,0.0,0.0
2022-01-25 18:05:27.006157,0.0,0.0,0.0
2022-01-25 18:05:27.508104,0.0,0.0,0.0
2022-01-25 18:05:28.007474,0.0,0.0,0.0
2022-01-25 18:05:28.503319,0.0,0.0,0.0
2022-01-25 18:05:29.008134,0.0,0.0,0.0
2022-01-25 18:05:29.505816,0.0,0.0,0.0
2022-01-25 18:05:30.004999,0.0,0.0,0.0
2022-01-25 18:05:30.506631,0.0,0.0,0.0
2022-01-25 18:05:31.001988,0.0,0.0,0.0
2022-01-25 18:05:31.508571,0.0,0.0,0.0
2022-01-25 18:05:32.007293,0.0,0.0,0.0
2022-01-25 18:05:32.501743,0.0,0.0,0.0
2022-01-25 18:05:33.010268,0.0,0.0,0.0
2022-01-25 18:05:33.508909,0.0,0.0,0.0
2022-01-25 18:05:34.504390,0.0,0.0,0.0
2022-01-25 18:05:35.002399,0.0,0.0,0.0
2022-01-25 18:05:35.508512,0.0,0.0,0.0
2022-01-25 18:05:36.005439,0.0,0.0,0.0
2022-01-25 18:05:36.508106,0.0,0.0,0.0
2022-01-25 18:05:37.003885,0.0,0.0,0.0
2022-01-25 18:05:37.505425,0.0,0.0,0.0
2022-01-25 18:05:38.003596,0.0,0.0,0.0
2022-01-25 18:05:38.501846,0.0,0.0,0.0
2022-01-25 18:05:39.009270,0.0,0.0,0.0
2022-01-25 18:05:39.504407,0.0,0.0,0.0
2022-01-25 18:05:40.005841,0.0,0.0,0.0
2022-01-25 18:05:40.510433,0.0,0.0,0.0
2022-01-25 18:05:41.008217,0.0,0.0,0.0
2022-01-25 18:05:41.502493,0.0,0.0,0.0
2022-01-25 18:05:42.006317,0.0,0.0,0.0
2022-01-25 18:05:42.510769,0.0,0.0,0.0
2022-01-25 18:05:43.004116,0.0,0.0,0.0
2022-01-25 18:05:43.508366,0.0,0.0,0.0
2022-01-25 18:05:44.006262,0.0,0.0,0.0
2022-01-25 18:05:44.501500,0.0,0.0,0.0
2022-01-25 18:05:45.004426,0.0,0.0,0.0
2022-01-25 18:05:45.508036,0.0,0.0,0.0
2022-01-25 18:05:46.008009,0.0,0.0,0.0
2022-01-25 18:05:46.508647,0.0,0.0,0.0
2022-01-25 18:05:47.008046,0.0,0.0,-0.03864
2022-01-25 18:05:47.501330,0.0,0.0,-0.03864
2022-01-25 18:05:48.008520,0.0,0.0,0.0
2022-01-25 18:05:48.504575,0.0,0.0,0.0
2022-01-25 18:05:49.002803,0.0,0.0,0.0
2022-01-25 18:05:49.509680,0.0,0.0,0.0
2022-01-25 18:05:50.006555,0.0,0.0,0.0
2022-01-25 18:05:50.504924,0.0,0.0,0.0
2022-01-25 18:05:51.010206,0.0,0.0,0.0
2022-01-25 18:05:51.503637,0.0,0.0,0.0
2022-01-25 18:05:52.003555,0.0,0.0,0.0
2022-01-25 18:05:52.510272,0.0,0.0,0.0
2022-01-25 18:05:53.004316,0.0,0.0,0.0
2022-01-25 18:05:53.509862,0.0,0.0,0.0
2022-01-25 18:05:54.002686,0.0,0.0,0.0
2022-01-25 18:05:54.505849,0.0,0.0,0.0
2022-01-25 18:05:55.006246,0.0,0.0,0.0
2022-01-25 18:05:55.504790,0.0,0.0,0.0
2022-01-25 18:05:56.002625,0.0,0.0,0.0
2022-01-25 18:05:56.505292,0.0,0.0,0.0
2022-01-25 18:05:57.010012,0.0,0.0,0.0
2022-01-25 18:05:57.505050,0.0,0.0,0.0
2022-01-25 18:05:58.008507,0.0,0.0,0.0
2022-01-25 18:05:58.503367,0.0,0.0,0.0
2022-01-25 18:05:59.001900,0.0,0.0,0.0
2022-01-25 18:05:59.510781,0.0,0.0,0.0
2022-01-25 18:06:00.006713,0.0,0.0,0.0
2022-01-25 18:06:00.508580,0.0,0.0,0.0
2022-01-25 18:06:01.010219,0.0,0.0,0.0
2022-01-25 18:06:01.501678,0.0,0.0,0.0
2022-01-25 18:06:02.010183,0.0,0.0,0.0
2022-01-25 18:06:02.505069,0.0,0.0,0.0
2022-01-25 18:06:03.007469,0.0,0.0,0.0
2022-01-25 18:06:03.508078,0.0,0.0,0.0
2022-01-25 18:06:04.006066,0.0,0.0,0.0
2022-01-25 18:06:04.505464,0.0,0.0,0.0
2022-01-25 18:06:05.505285,0.0,0.0,0.0
2022-01-25 18:06:06.008346,0.0,0.0,0.0
2022-01-25 18:06:06.503548,0.0,0.0,0.0
2022-01-25 18:06:07.002098,0.0,0.0,0.0
2022-01-25 18:06:07.506631,0.0,0.0,0.0
2022-01-25 18:06:08.009877,0.0,0.0,0.0
2022-01-25 18:06:08.502948,0.0,0.0,0.0
2022-01-25 18:06:09.003304,0.0,0.0,0.0
2022-01-25 18:06:09.510854,0.0,0.0,0.0
2022-01-25 18:06:10.009353,0.0,0.0,0.0
2022-01-25 18:06:10.501448,0.0,0.0,0.0
2022-01-25 18:06:11.005167,0.0,0.0,0.0
2022-01-25 18:06:11.501650,0.0,0.0,0.0
2022-01-25 18:06:12.002627,0.0,0.0,0.0
2022-01-25 18:06:12.506016,0.0,0.0,0.0
2022-01-25 18:06:13.006633,0.0,0.0,0.0
2022-01-25 18:06:13.506891,0.0,0.0,0.0
2022-01-25 18:06:14.003367,0.0,0.0,0.0
2022-01-25 18:06:14.504816,0.0,0.0,0.0
2022-01-25 18:06:15.002050,0.0,0.0,0.0
2022-01-25 18:06:15.507965,0.0,0.0,0.0
2022-01-25 18:06:16.001882,0.0,0.0,0.0
2022-01-25 18:06:16.506790,0.0,0.0,0.0
2022-01-25 18:06:17.006596,0.0,0.0,0.0
2022-01-25 18:06:17.509836,0.0,0.0,0.0
2022-01-25 18:06:18.004429,0.0,0.0,0.0
2022-01-25 18:06:18.507611,0.0,0.0,0.0
2022-01-25 18:06:19.007850,0.0,0.0,0.0
2022-01-25 18:06:19.507792,0.0,0.0,0.0
2022-01-25 18:06:20.005121,0.0,0.0,0.0
2022-01-25 18:06:20.510668,0.0,0.0,0.0
2022-01-25 18:06:21.003321,0.0,0.0,0.0
2022-01-25 18:06:21.504351,0.0,0.0,0.0
2022-01-25 18:06:22.001874,0.0,0.0,0.0
2022-01-25 18:06:22.508715,0.0,0.0,0.0
2022-01-25 18:06:23.010458,0.0,0.0,0.0
2022-01-25 18:06:23.502996,0.0,0.0,0.0
2022-01-25 18:06:24.001019,0.0,0.0,0.0
2022-01-25 18:06:24.507446,0.0,0.0,0.0
2022-01-25 18:06:25.010427,0.0,0.0,0.0
2022-01-25 18:06:25.504654,0.0,0.0,0.0
2022-01-25 18:06:26.010327,0.0,0.0,0.0
2022-01-25 18:06:26.502177,0.0,0.0,0.0
2022-01-25 18:06:27.011171,0.0,0.0,0.0
2022-01-25 18:06:27.509206,0.0,0.0,0.0
2022-01-25 18:06:28.001292,0.0,0.0,0.0
2022-01-25 18:06:28.505438,0.0,0.0,0.0
2022-01-25 18:06:29.003240,0.0,0.0,0.0
2022-01-25 18:06:29.506816,0.0,0.0,0.0
2022-01-25 18:06:30.010723,0.0,0.0,0.0
2022-01-25 18:06:30.503567,0.0,0.0,0.0
2022-01-25 18:06:31.001541,0.0,0.0,0.0
2022-01-25 18:06:31.509235,0.0,0.0,0.0
2022-01-25 18:06:32.007768,0.0,0.0,0.0
2022-01-25 18:06:32.503403,0.0,0.0,0.0
2022-01-25 18:06:33.006641,0.0,0.0,0.0
2022-01-25 18:06:33.509318,0.0,0.0,0.0
2022-01-25 18:06:34.009379,0.0,0.0,0.0
2022-01-25 18:06:34.504357,0.0,0.0,0.0
2022-01-25 18:06:35.002985,0.0,0.0,0.0
2022-01-25 18:06:35.508319,0.0,0.0,0.0
2022-01-25 18:06:36.011263,0.0,0.0,0.0
2022-01-25 18:06:36.501938,0.0,0.0,0.0
2022-01-25 18:06:37.007489,0.0,0.0,0.0
2022-01-25 18:06:37.503398,0.0,0.0,0.0
2022-01-25 18:06:38.003191,0.0,0.0,0.0
2022-01-25 18:06:38.509743,0.0,0.0,0.0
2022-01-25 18:06:39.008456,0.0,0.0,0.0
2022-01-25 18:06:39.508765,0.0,0.0,0.0
2022-01-25 18:06:40.010329,0.0,0.0,0.0
2022-01-25 18:06:40.507325,0.0,0.0,0.0
2022-01-25 18:06:41.007821,0.0,0.0,0.0
2022-01-25 18:06:41.501189,0.0,0.0,0.0
2022-01-25 18:06:42.000986,0.0,0.0,0.0
2022-01-25 18:06:42.510517,0.0,0.0,0.0
2022-01-25 18:06:43.008307,0.0,0.0,0.0
2022-01-25 18:06:43.505208,0.0,0.0,0.0
2022-01-25 18:06:44.004292,0.0,0.0,0.0
2022-01-25 18:06:44.503914,0.0,0.0,0.0
2022-01-25 18:06:45.007807,0.0,0.0,0.0
2022-01-25 18:06:45.503224,0.0,0.0,0.0
2022-01-25 18:06:46.002688,0.0,0.0,0.0
2022-01-25 18:06:46.503536,0.0,0.0,0.0
2022-01-25 18:06:47.004069,0.0,0.0,0.0
2022-01-25 18:06:47.507982,0.0,0.0,0.0
2022-01-25 18:06:48.003712,0.0,0.0,0.0
2022-01-25 18:06:48.510318,0.0,0.0,0.0
2022-01-25 18:06:49.008675,0.0,0.0,0.0
2022-01-25 18:06:49.510090,0.0,0.0,0.0
2022-01-25 18:06:50.009495,0.0,0.0,0.0
2022-01-25 18:06:50.506332,0.0,0.0,0.0
2022-01-25 18:06:51.010764,0.0,0.0,0.0
2022-01-25 18:06:51.505397,0.0,0.0,0.0
2022-01-25 18:06:52.003875,0.0,0.0,0.0
2022-01-25 18:06:52.507342,0.0,0.0,0.0
2022-01-25 18:06:53.011218,0.0,0.0,0.0
2022-01-25 18:06:53.504591,0.0,0.0,0.0
2022-01-25 18:06:54.002635,0.0,0.0,0.0
2022-01-25 18:06:54.507903,0.0,0.0,0.0
2022-01-25 18:06:55.007835,0.0,0.0,0.0
2022-01-25 18:06:55.510262,0.0,0.0,0.0
2022-01-25 18:06:56.002745,0.0,0.0,0.0
2022-01-25 18:06:56.502899,0.0,0.0,0.0
2022-01-25 18:06:57.011167,0.0,0.0,0.0
2022-01-25 18:06:57.507416,0.0,0.0,0.0
2022-01-25 18:06:58.002331,0.0,0.0,0.0
2022-01-25 18:06:58.506329,0.0,0.0,0.0
2022-01-25 18:06:59.003260,0.0,0.0,0.0
2022-01-25 18:06:59.503479,0.0,0.0,0.0
2022-01-25 18:07:00.004753,0.0,0.0,0.0
2022-01-25 18:07:00.509174,0.0,0.0,0.0
2022-01-25 18:07:01.010658,0.0,0.0,0.0
2022-01-25 18:07:01.505713,0.0,0.0,0.0
2022-01-25 18:07:02.003523,0.0,0.0,0.0
2022-01-25 18:07:02.508455,0.0,0.0,0.0
2022-01-25 18:07:03.002108,0.0,0.0,0.0
2022-01-25 18:07:03.510333,0.0,0.0,0.0
2022-01-25 18:07:04.008046,0.0,0.0,0.0
2022-01-25 18:07:04.503819,0.0,0.0,0.0
2022-01-25 18:07:05.003381,0.0,0.0,0.0
2022-01-25 18:07:05.510100,0.0,0.0,0.0
2022-01-25 18:07:06.001783,0.0,0.0,0.0
2022-01-25 18:07:06.505509,0.0,0.0,0.0
2022-01-25 18:07:07.003066,0.0,0.0,0.0
2022-01-25 18:07:07.508064,0.0,0.0,0.0
2022-01-25 18:07:08.006510,0.0,0.0,0.0
2022-01-25 18:07:08.507839,0.0,0.0,0.0
2022-01-25 18:07:09.009470,0.0,0.0,0.0
2022-01-25 18:07:09.510403,0.0,0.0,0.0
2022-01-25 18:07:10.006375,0.0,0.0,0.0
2022-01-25 18:07:10.503693,0.0,0.0,0.0
2022-01-25 18:07:11.008970,0.0,0.0,0.0
2022-01-25 18:07:11.502358,0.0,0.0,0.0
2022-01-25 18:07:12.008398,0.0,0.0,0.0
2022-01-25 18:07:12.506613,0.0,0.0,0.0
2022-01-25 18:07:13.002143,0.0,0.0,0.0
2022-01-25 18:07:13.508267,0.0,0.0,0.0
2022-01-25 18:07:14.006840,0.0,0.0,0.0
2022-01-25 18:07:14.501151,0.0,0.0,0.0
2022-01-25 18:07:15.002596,0.0,0.0,0.0
2022-01-25 18:07:15.506949,0.0,0.0,0.0
2022-01-25 18:07:16.505217,0.0,0.0,0.0
2022-01-25 18:07:17.007953,0.0,0.0,0.0
2022-01-25 18:07:17.504339,0.0,0.0,0.0
2022-01-25 18:07:18.002819,0.0,0.0,0.0
2022-01-25 18:07:18.509473,0.0,0.0,0.0
2022-01-25 18:07:19.001343,0.0,0.0,0.0
2022-01-25 18:07:19.503346,0.0,0.0,0.0
2022-01-25 18:07:20.010282,0.0,0.0,0.0
2022-01-25 18:07:20.503259,0.0,0.0,0.0
2022-01-25 18:07:21.002635,0.0,0.0,0.0
2022-01-25 18:07:21.508470,0.0,0.0,0.0
2022-01-25 18:07:22.006539,0.0,0.0,0.0
2022-01-25 18:07:22.508555,0.0,0.0,0.0
2022-01-25 18:07:23.001807,0.0,0.0,0.0
2022-01-25 18:07:23.506714,0.0,0.0,0.0
2022-01-25 18:07:24.006108,0.0,0.0,0.0
2022-01-25 18:07:24.501360,0.0,0.0,0.0
2022-01-25 18:07:25.004912,0.0,0.0,0.0
2022-01-25 18:07:25.508272,0.0,0.0,0.0
2022-01-25 18:07:26.005896,0.0,0.0,0.0
2022-01-25 18:07:26.507104,0.0,0.0,0.0
2022-01-25 18:07:27.005676,0.0,0.0,0.0
2022-01-25 18:07:27.502902,0.0,0.0,0.0
2022-01-25 18:07:28.003379,0.0,0.0,0.0
2022-01-25 18:07:28.507414,0.0,0.0,0.0
2022-01-25 18:07:29.009056,0.0,0.0,0.0
2022-01-25 18:07:29.501792,0.0,0.0,0.0
2022-01-25 18:07:30.001652,0.0,0.0,0.0
2022-01-25 18:07:30.506756,0.0,0.0,0.0
2022-01-25 18:07:31.001502,0.0,0.0,0.0
2022-01-25 18:07:31.505705,0.0,0.0,0.0
2022-01-25 18:07:32.005979,0.0,0.0,0.0
2022-01-25 18:07:32.504104,0.0,0.0,0.0
2022-01-25 18:07:33.002683,0.0,0.0,0.0
2022-01-25 18:07:33.510583,0.0,0.0,0.0
2022-01-25 18:07:34.003470,0.0,0.0,0.0
2022-01-25 18:07:34.506328,0.0,0.0,0.0
2022-01-25 18:07:35.006492,0.0,0.0,0.0
2022-01-25 18:07:35.503078,0.0,0.0,0.0
2022-01-25 18:07:36.001120,0.0,0.0,0.0
2022-01-25 18:07:36.510500,0.0,0.0,0.0
2022-01-25 18:07:37.002064,0.0,0.0,0.0
2022-01-25 18:07:37.506645,0.0,0.0,0.0
2022-01-25 18:07:38.008618,0.0,0.0,0.0
2022-01-25 18:07:38.503878,0.0,0.0,0.0
2022-01-25 18:07:39.002331,0.0,0.0,0.0
2022-01-25 18:07:39.501228,0.0,0.0,0.0
2022-01-25 18:07:40.006177,0.0,0.0,0.0
2022-01-25 18:07:40.501431,0.0,0.0,0.0
2022-01-25 18:07:41.002588,0.0,0.0,0.0
2022-01-25 18:07:41.502746,0.0,0.0,0.0
2022-01-25 18:07:42.010785,0.0,0.0,0.0
2022-01-25 18:07:42.506760,0.0,0.0,0.0
2022-01-25 18:07:43.007383,0.0,0.0,0.0
2022-01-25 18:07:43.507543,0.0,0.0,0.0
2022-01-25 18:07:44.005027,0.0,0.0,0.0
2022-01-25 18:07:44.501333,0.0,0.0,0.0
2022-01-25 18:07:45.011106,0.0,0.0,0.0
2022-01-25 18:07:45.506631,0.0,0.0,0.0
2022-01-25 18:07:46.007834,0.0,0.0,0.0
2022-01-25 18:07:46.503722,0.0,0.0,0.0
2022-01-25 18:07:47.009423,0.0,0.0,0.0
2022-01-25 18:07:47.504090,0.0,0.0,0.0
2022-01-25 18:07:48.002256,0.0,0.0,0.0
2022-01-25 18:07:48.510952,0.0,0.0,0.0
2022-01-25 18:07:49.002727,0.0,0.0,0.0
2022-01-25 18:07:49.507825,0.0,0.0,0.0
2022-01-25 18:07:50.005816,0.0,0.0,0.0
2022-01-25 18:07:50.511109,0.0,0.0,0.0
2022-01-25 18:07:51.010043,0.0,0.0,0.0
2022-01-25 18:07:51.510835,0.0,0.0,0.0
2022-01-25 18:07:52.006803,0.0,0.0,0.0
2022-01-25 18:07:52.503433,0.0,0.0,0.0
2022-01-25 18:07:53.002774,0.0,0.0,0.0
2022-01-25 18:07:53.509952,0.0,0.0,0.0
2022-01-25 18:07:54.008080,0.0,0.0,0.0
2022-01-25 18:07:54.503538,0.0,0.0,0.0
2022-01-25 18:07:55.005923,0.0,0.0,0.0
2022-01-25 18:07:55.509846,0.0,0.0,0.0
2022-01-25 18:07:56.007917,0.0,0.0,0.0
2022-01-25 18:07:56.503237,0.0,0.0,0.0
2022-01-25 18:07:57.008683,0.0,0.0,0.0
2022-01-25 18:07:57.510470,0.0,0.0,0.0
2022-01-25 18:07:58.007115,0.0,0.0,0.0
2022-01-25 18:07:58.504195,0.0,0.0,0.0
2022-01-25 18:07:59.005421,0.0,0.0,0.0
2022-01-25 18:07:59.506693,0.0,0.0,0.0
2022-01-25 18:08:00.006078,0.0,0.0,0.0
2022-01-25 18:08:00.508175,0.0,0.0,0.0
2022-01-25 18:08:01.008091,0.0,0.0,0.0
2022-01-25 18:08:01.505909,0.0,0.0,0.0
2022-01-25 18:08:02.002156,0.0,0.0,0.0
2022-01-25 18:08:02.508345,0.0,0.0,0.0
2022-01-25 18:08:03.007356,0.0,0.0,0.0
2022-01-25 18:08:03.502937,0.0,0.0,0.0
2022-01-25 18:08:04.010139,0.0,0.0,0.0
2022-01-25 18:08:04.504339,0.0,0.0,0.0
2022-01-25 18:08:05.003133,0.0,0.0,0.0
2022-01-25 18:08:05.503593,0.0,0.0,0.0
2022-01-25 18:08:06.010378,0.0,0.0,0.0
2022-01-25 18:08:06.507328,0.0,0.0,0.0
2022-01-25 18:08:07.007982,0.0,0.0,0.0
2022-01-25 18:08:07.503566,0.0,0.0,0.0
2022-01-25 18:08:08.002648,0.0,0.0,0.0
2022-01-25 18:08:08.501151,0.0,0.0,0.0
2022-01-25 18:08:09.004278,0.0,0.0,0.0
2022-01-25 18:08:09.502833,0.0,0.0,0.0
2022-01-25 18:08:10.001294,0.0,0.0,0.0
2022-01-25 18:08:10.505872,0.0,0.0,0.0
2022-01-25 18:08:11.009891,0.0,0.0,0.0
2022-01-25 18:08:11.505820,0.0,0.0,0.0
2022-01-25 18:08:12.005479,0.0,0.0,0.0
2022-01-25 18:08:12.503741,0.0,0.0,0.0
2022-01-25 18:08:13.008023,0.0,0.0,0.0
2022-01-25 18:08:13.502393,0.0,0.0,0.0
2022-01-25 18:08:14.009521,0.0,0.0,0.0
2022-01-25 18:08:14.506730,0.0,0.0,0.0
2022-01-25 18:08:15.002648,0.0,0.0,0.0
2022-01-25 18:08:15.505568,0.0,0.0,0.0
2022-01-25 18:08:16.003032,0.0,0.0,0.0
2022-01-25 18:08:16.508646,0.0,0.0,0.0
2022-01-25 18:08:17.002163,0.0,0.0,0.0
2022-01-25 18:08:17.507484,0.0,0.0,0.0
2022-01-25 18:08:18.010070,0.0,0.0,0.0
2022-01-25 18:08:18.502483,0.0,0.0,0.0
2022-01-25 18:08:19.001161,0.0,0.0,0.0
2022-01-25 18:08:19.507328,0.0,0.0,0.0
2022-01-25 18:08:20.004976,0.0,0.0,0.0
2022-01-25 18:08:20.509724,0.0,0.0,0.0
2022-01-25 18:08:21.010615,0.0,0.0,0.0
2022-01-25 18:08:22.005032,0.0,0.0,0.0
2022-01-25 18:08:22.509267,0.0,0.0,0.0
2022-01-25 18:08:23.009204,0.0,0.0,0.0
2022-01-25 18:08:23.503335,0.0,0.0,0.0
2022-01-25 18:08:24.001427,0.0,0.0,0.0
2022-01-25 18:08:24.506615,0.0,0.0,0.0
2022-01-25 18:08:25.010227,0.0,0.0,0.0
2022-01-25 18:08:25.506707,0.0,0.0,0.0
2022-01-25 18:08:26.007815,0.0,0.0,0.0
2022-01-25 18:08:26.510134,0.0,0.0,0.0
2022-01-25 18:08:27.008836,0.0,0.0,0.0
2022-01-25 18:08:27.503451,0.0,0.0,0.0
2022-01-25 18:08:28.002085,0.0,0.0,0.0
2022-01-25 18:08:28.501174,0.0,0.0,0.0
2022-01-25 18:08:29.004397,0.0,0.0,0.0
2022-01-25 18:08:29.505887,0.0,0.0,0.0
2022-01-25 18:08:30.003325,0.0,0.0,0.0
2022-01-25 18:08:30.501720,0.0,0.0,0.0
2022-01-25 18:08:31.003696,0.0,0.0,0.0
2022-01-25 18:08:31.501117,0.0,0.0,0.0
2022-01-25 18:08:32.005465,0.0,0.0,0.0
2022-01-25 18:08:32.510088,0.0,0.0,0.0
2022-01-25 18:08:33.008432,0.0,0.0,0.0
2022-01-25 18:08:33.505548,0.0,0.0,0.0
2022-01-25 18:08:34.001430,0.0,0.0,0.0
2022-01-25 18:08:34.505784,0.0,0.0,0.0
2022-01-25 18:08:35.005071,0.0,0.0,0.0
2022-01-25 18:08:35.501234,0.0,0.0,0.0
2022-01-25 18:08:36.002945,0.0,0.0,0.0
2022-01-25 18:08:36.509126,0.0,0.0,0.0
2022-01-25 18:08:37.007430,0.0,0.0,0.0
2022-01-25 18:08:37.504348,0.0,0.0,0.0
2022-01-25 18:08:38.002652,0.0,0.0,0.0
2022-01-25 18:08:38.510172,0.0,0.0,0.0
2022-01-25 18:08:39.003828,0.0,0.0,0.0
2022-01-25 18:08:39.505164,0.0,0.0,0.0
2022-01-25 18:08:40.003818,0.0,0.0,0.0
2022-01-25 18:08:40.508721,0.0,0.0,0.0
2022-01-25 18:08:41.001498,0.0,0.0,0.0
2022-01-25 18:08:41.506968,0.0,0.0,0.0
2022-01-25 18:08:42.002780,0.0,0.0,0.0
2022-01-25 18:08:42.506787,0.0,0.0,0.0
2022-01-25 18:08:43.008624,0.0,0.0,0.0
2022-01-25 18:08:43.505352,0.0,0.0,0.0
2022-01-25 18:08:44.004256,0.0,0.0,0.0
2022-01-25 18:08:44.504575,0.0,0.0,0.0
2022-01-25 18:08:45.002393,0.0,0.0,0.0
2022-01-25 18:08:45.503231,0.0,0.0,0.0
2022-01-25 18:08:46.010646,0.0,0.0,0.0
2022-01-25 18:08:46.507244,0.0,0.0,0.0
2022-01-25 18:08:47.009454,0.0,0.0,0.0
2022-01-25 18:08:47.505350,0.0,0.0,0.0
2022-01-25 18:08:48.003354,0.0,0.0,0.0
2022-01-25 18:08:48.510664,0.0,0.0,0.0
2022-01-25 18:08:49.007614,0.0,0.0,0.0
2022-01-25 18:08:49.504911,0.0,0.0,0.0
2022-01-25 18:08:50.008400,0.0,0.0,0.0
2022-01-25 18:08:50.505902,0.0,0.0,0.0
2022-01-25 18:08:51.004387,0.0,0.0,0.0
2022-01-25 18:08:51.503512,0.0,0.0,0.0
2022-01-25 18:08:52.002287,0.0,0.0,0.0
2022-01-25 18:08:52.508565,0.0,0.0,0.0
2022-01-25 18:08:53.010233,0.0,0.0,0.0
2022-01-25 18:08:53.511000,0.0,0.0,0.0
2022-01-25 18:08:54.004301,0.0,0.0,0.0
2022-01-25 18:08:54.508439,0.0,0.0,0.0
2022-01-25 18:08:55.010196,0.0,0.0,0.0
2022-01-25 18:08:55.506230,0.0,0.0,0.0
2022-01-25 18:08:56.004399,0.0,0.0,0.0
2022-01-25 18:08:56.504359,0.0,0.0,0.0
2022-01-25 18:08:57.002753,0.0,0.0,0.0
2022-01-25 18:08:57.508169,0.0,0.0,0.0
2022-01-25 18:08:58.006158,0.0,0.0,0.0
2022-01-25 18:08:58.507295,0.0,0.0,0.0
2022-01-25 18:08:59.004764,0.0,0.0,0.0
2022-01-25 18:08:59.502738,0.0,0.0,0.0
2022-01-25 18:09:00.006232,0.0,0.0,0.0
2022-01-25 18:09:00.502984,0.0,0.0,0.0
2022-01-25 18:09:01.010299,0.0,0.0,0.0
2022-01-25 18:09:01.501870,0.0,0.0,0.0
2022-01-25 18:09:02.001325,0.0,0.0,0.0
2022-01-25 18:09:02.501482,0.0,0.0,0.0
2022-01-25 18:09:03.009800,0.0,0.0,0.0
2022-01-25 18:09:03.507651,0.0,0.0,0.0
2022-01-25 18:09:04.006325,0.0,0.0,0.0
2022-01-25 18:09:04.504882,0.0,0.0,0.0
2022-01-25 18:09:05.010279,0.0,0.0,0.0
2022-01-25 18:09:05.504545,0.0,0.0,0.0
2022-01-25 18:09:06.005644,0.0,0.0,0.0
2022-01-25 18:09:06.502395,0.0,0.0,0.0
2022-01-25 18:09:07.005847,0.0,0.0,0.0
2022-01-25 18:09:07.509177,0.0,0.0,0.0
2022-01-25 18:09:08.010601,0.0,0.0,0.0
2022-01-25 18:09:08.509555,0.0,0.0,0.0
2022-01-25 18:09:09.008071,0.0,0.0,0.0
2022-01-25 18:09:09.503347,0.0,0.0,0.0
2022-01-25 18:09:10.006782,0.0,0.0,0.0
2022-01-25 18:09:10.501721,0.0,0.0,0.0
2022-01-25 18:09:11.002753,0.0,0.0,0.0
2022-01-25 18:09:11.503546,0.0,0.0,0.0
2022-01-25 18:09:12.001432,0.0,0.0,0.0
2022-01-25 18:09:12.508530,0.0,0.0,0.0
2022-01-25 18:09:13.006029,0.0,0.0,0.0
2022-01-25 18:09:13.502156,0.0,0.0,0.0
2022-01-25 18:09:14.008959,0.0,0.0,0.0
2022-01-25 18:09:14.505929,0.0,0.0,0.0
2022-01-25 18:09:15.008212,0.0,0.0,0.0
2022-01-25 18:09:15.509126,0.0,0.0,0.0
2022-01-25 18:09:16.007900,0.0,0.0,0.0
2022-01-25 18:09:16.503786,0.0,0.0,0.0
2022-01-25 18:09:17.001175,0.0,0.0,0.0
2022-01-25 18:09:17.506437,0.0,0.0,0.0
2022-01-25 18:09:18.006890,0.0,0.0,0.0
2022-01-25 18:09:18.505978,0.0,0.0,0.0
2022-01-25 18:09:19.010816,0.0,0.0,0.0
2022-01-25 18:09:19.506221,0.0,0.0,0.0
2022-01-25 18:09:20.004191,0.0,0.0,0.0
2022-01-25 18:09:20.504672,0.0,0.0,0.0
2022-01-25 18:09:21.002696,0.0,0.0,0.0
2022-01-25 18:09:21.508795,0.0,0.0,0.0
2022-01-25 18:09:22.009860,0.0,0.0,0.0
2022-01-25 18:09:22.509699,0.0,0.0,0.0
2022-01-25 18:09:23.003976,0.0,0.0,0.0
2022-01-25 18:09:23.508379,0.0,0.0,0.0
2022-01-25 18:09:24.003953,0.0,0.0,0.0
2022-01-25 18:09:24.510855,0.0,0.0,0.0
2022-01-25 18:09:25.001502,0.0,0.0,0.0
2022-01-25 18:09:25.501867,0.0,0.0,0.0
2022-01-25 18:09:26.009722,0.0,0.0,0.0
2022-01-25 18:09:26.506991,0.0,0.0,0.0
2022-01-25 18:09:27.004955,0.0,0.0,0.0
2022-01-25 18:09:27.509307,0.0,0.0,0.0
2022-01-25 18:09:28.010493,0.0,0.0,0.0
2022-01-25 18:09:28.501215,0.0,0.0,0.0
2022-01-25 18:09:29.008609,0.0,0.0,0.0
2022-01-25 18:09:29.507266,0.0,0.0,0.0
2022-01-25 18:09:30.004606,0.0,0.0,0.0
2022-01-25 18:09:30.501117,0.0,0.0,0.0
2022-01-25 18:09:31.002945,0.0,0.0,0.0
2022-01-25 18:09:31.506715,0.0,0.0,0.0
2022-01-25 18:09:32.009470,0.0,0.0,0.0
2022-01-25 18:09:32.504550,0.0,0.0,0.0
2022-01-25 18:09:33.010020,0.0,0.0,0.0
2022-01-25 18:09:33.506270,0.0,0.0,0.0
2022-01-25 18:09:34.005047,0.0,0.0,0.0
2022-01-25 18:09:34.507741,0.0,0.0,0.0
2022-01-25 18:09:35.002041,0.0,0.0,0.0
2022-01-25 18:09:35.507293,0.0,0.0,0.0
2022-01-25 18:09:36.005928,0.0,0.0,0.0
2022-01-25 18:09:36.501813,0.0,0.0,0.0
2022-01-25 18:09:37.006133,0.0,0.0,0.0
2022-01-25 18:09:37.501272,0.0,0.0,0.0
2022-01-25 18:09:38.001075,0.0,0.0,0.0
2022-01-25 18:09:38.509693,0.0,0.0,0.0
2022-01-25 18:09:39.005683,0.0,0.0,0.0
2022-01-25 18:09:39.503061,0.0,0.0,0.0
2022-01-25 18:09:40.010534,0.0,0.0,0.0
2022-01-25 18:09:40.502769,0.0,0.0,0.0
2022-01-25 18:09:41.002367,0.0,0.0,0.0
2022-01-25 18:09:41.502943,0.0,0.0,0.0
2022-01-25 18:09:42.001771,0.0,0.0,0.0
2022-01-25 18:09:42.506739,0.0,0.0,0.0
2022-01-25 18:09:43.005667,0.0,0.0,0.0
2022-01-25 18:09:43.507900,0.0,0.0,0.0
2022-01-25 18:09:44.007541,0.0,0.0,0.0
2022-01-25 18:09:44.510472,0.0,0.0,0.0
2022-01-25 18:09:45.010386,0.0,0.0,0.0
2022-01-25 18:09:45.509028,0.0,0.0,0.0
2022-01-25 18:09:46.003680,0.0,0.0,0.0
2022-01-25 18:09:46.501219,0.0,0.0,0.0
2022-01-25 18:09:47.002561,0.0,0.0,0.0
2022-01-25 18:09:47.509031,0.0,0.0,0.0
2022-01-25 18:09:48.009048,0.0,0.0,0.0
2022-01-25 18:09:48.509162,0.0,0.0,0.0
2022-01-25 18:09:49.004992,0.0,0.0,0.0
2022-01-25 18:09:49.510121,0.0,0.0,0.0
2022-01-25 18:09:50.007980,0.0,0.0,0.0
2022-01-25 18:09:50.505233,0.0,0.0,0.0
2022-01-25 18:09:51.009001,0.0,0.0,0.0
2022-01-25 18:09:51.505210,0.0,0.0,0.0
2022-01-25 18:09:52.004182,0.0,0.0,0.0
2022-01-25 18:09:52.510844,0.0,0.0,0.0
2022-01-25 18:09:53.009422,0.0,0.0,0.0
2022-01-25 18:09:53.505776,0.0,0.0,0.0
2022-01-25 18:09:54.006745,0.0,0.0,0.0
2022-01-25 18:09:54.501313,0.0,0.0,0.0
2022-01-25 18:09:55.003800,0.0,0.0,0.0
2022-01-25 18:09:55.509779,0.0,0.0,0.0
2022-01-25 18:09:56.009388,0.0,0.0,0.0
2022-01-25 18:09:56.507008,0.0,0.0,0.0
2022-01-25 18:09:57.006063,0.0,0.0,0.0
2022-01-25 18:09:57.506165,0.0,0.0,0.0
2022-01-25 18:09:58.010634,0.0,0.0,0.0
2022-01-25 18:09:58.506003,0.0,0.0,0.0
2022-01-25 18:09:59.009127,0.0,0.0,0.0
2022-01-25 18:09:59.509688,0.0,0.0,0.0
2022-01-25 18:10:00.005230,0.0,0.0,0.0
2022-01-25 18:10:00.503794,0.0,0.0,0.0
2022-01-25 18:10:01.002557,0.0,0.0,0.0
2022-01-25 18:10:01.501745,0.0,0.0,0.0
2022-01-25 18:10:02.001842,0.0,0.0,0.0
2022-01-25 18:10:02.502386,0.0,0.0,0.0
2022-01-25 18:10:03.008466,0.0,0.0,0.0
2022-01-25 18:10:03.505301,0.0,0.0,0.0
2022-01-25 18:10:04.007963,0.0,0.0,0.0
2022-01-25 18:10:04.502063,0.0,0.0,0.0
2022-01-25 18:10:05.010449,0.0,0.0,0.0
2022-01-25 18:10:05.504196,0.0,0.0,0.0
2022-01-25 18:10:06.007415,0.0,0.0,0.0
2022-01-25 18:10:06.509842,0.0,0.0,0.0
2022-01-25 18:10:07.007402,0.0,0.0,0.0
2022-01-25 18:10:07.504423,0.0,0.0,0.0
2022-01-25 18:10:08.004665,0.0,0.0,0.0
2022-01-25 18:10:08.508912,0.0,0.0,0.0
2022-01-25 18:10:09.002206,0.0,0.0,0.0
2022-01-25 18:10:09.507422,0.0,0.0,0.0
2022-01-25 18:10:10.007923,0.0,0.0,0.0
2022-01-25 18:10:10.507394,0.0,0.0,0.0
2022-01-25 18:10:11.002648,0.0,0.0,0.0
2022-01-25 18:10:11.507859,0.0,0.0,0.0
2022-01-25 18:10:12.006423,0.0,0.0,0.0
2022-01-25 18:10:12.506169,0.0,0.0,0.0
2022-01-25 18:10:13.003094,0.0,0.0,0.0
2022-01-25 18:10:13.509083,0.0,0.0,0.0
2022-01-25 18:10:14.007484,0.0,0.0,0.0
2022-01-25 18:10:14.502665,0.0,0.0,0.0
2022-01-25 18:10:15.002582,0.0,0.0,0.0
2022-01-25 18:10:15.502280,0.0,0.0,0.0
2022-01-25 18:10:16.008047,0.0,0.0,0.0
2022-01-25 18:10:16.506185,0.0,0.0,0.0
2022-01-25 18:10:17.003910,0.0,0.0,0.0
2022-01-25 18:10:17.509940,0.0,0.0,0.0
2022-01-25 18:10:18.008685,0.0,0.0,0.0
2022-01-25 18:10:18.501361,0.0,0.0,0.0
2022-01-25 18:10:19.011037,0.0,0.0,0.0
2022-01-25 18:10:19.508578,0.0,0.0,0.0
2022-01-25 18:10:20.010225,0.0,0.0,0.0
2022-01-25 18:10:20.505133,0.0,0.0,0.0
2022-01-25 18:10:21.004109,0.0,0.0,0.0
2022-01-25 18:10:21.506352,0.0,0.0,0.0
2022-01-25 18:10:22.007095,0.0,0.0,0.0
2022-01-25 18:10:22.507422,0.0,0.0,0.0
2022-01-25 18:10:23.005239,0.0,0.0,0.0
2022-01-25 18:10:23.503151,0.0,0.0,0.0
2022-01-25 18:10:24.002209,0.0,0.0,0.0
2022-01-25 18:10:24.510095,0.0,0.0,0.0
2022-01-25 18:10:25.005760,0.0,0.0,0.0
2022-01-25 18:10:25.508957,0.0,0.0,0.0
2022-01-25 18:10:26.007051,0.0,0.0,0.0
2022-01-25 18:10:26.504801,0.0,0.0,0.0
2022-01-25 18:10:27.004288,0.0,0.0,0.0
2022-01-25 18:10:27.510437,0.0,0.0,0.0
2022-01-25 18:10:28.005536,0.0,0.0,0.0
2022-01-25 18:10:28.504019,0.0,0.0,0.0
2022-01-25 18:10:29.007965,0.0,0.0,0.0
2022-01-25 18:10:29.503250,0.0,0.0,0.0
2022-01-25 18:10:30.004726,0.0,0.0,0.0
2022-01-25 18:10:30.509543,0.0,0.0,0.0
2022-01-25 18:10:31.007331,0.0,0.0,0.0
2022-01-25 18:10:31.501549,0.0,0.0,0.0
2022-01-25 18:10:32.008272,0.0,0.0,0.0
2022-01-25 18:10:32.503285,0.0,0.0,0.0
2022-01-25 18:10:33.002066,0.0,0.0,0.0
2022-01-25 18:10:33.501768,0.0,0.0,0.0
2022-01-25 18:10:34.006083,0.0,0.0,0.0
2022-01-25 18:10:34.501347,0.0,0.0,0.0
2022-01-25 18:10:35.001717,0.0,0.0,0.0
2022-01-25 18:10:35.508058,0.0,0.0,0.0
2022-01-25 18:10:36.006646,0.0,0.0,0.0
2022-01-25 18:10:36.504665,0.0,0.0,0.0
2022-01-25 18:10:37.009854,0.0,0.0,0.0
2022-01-25 18:10:37.502166,0.0,0.0,0.0
2022-01-25 18:10:38.001444,0.0,0.0,0.0
2022-01-25 18:10:38.509887,0.0,0.0,0.0
2022-01-25 18:10:39.007990,0.0,0.0,0.0
2022-01-25 18:10:39.503316,0.0,0.0,0.0
2022-01-25 18:10:40.004871,0.0,0.0,0.0
2022-01-25 18:10:40.504040,0.0,0.0,0.0
2022-01-25 18:10:41.003135,0.0,0.0,0.0
2022-01-25 18:10:41.509144,0.0,0.0,0.0
2022-01-25 18:10:42.001021,0.0,0.0,0.0
2022-01-25 18:10:42.505491,0.0,0.0,0.0
2022-01-25 18:10:43.009062,0.0,0.0,0.0
2022-01-25 18:10:43.507189,0.0,0.0,0.0
2022-01-25 18:10:44.010480,0.0,0.0,0.0
2022-01-25 18:10:44.505923,0.0,0.0,0.0
2022-01-25 18:10:45.006692,0.0,0.0,0.0
2022-01-25 18:10:45.502628,0.0,0.0,0.0
2022-01-25 18:10:46.010148,0.0,0.0,0.0
2022-01-25 18:10:46.501498,0.0,0.0,0.0
2022-01-25 18:10:47.004087,0.0,0.0,0.0
2022-01-25 18:10:47.505673,0.0,0.0,0.0
2022-01-25 18:10:48.001615,0.0,0.0,0.0
2022-01-25 18:10:48.507852,0.0,0.0,0.0
2022-01-25 18:10:49.001062,0.0,0.0,0.0
2022-01-25 18:10:49.507786,0.0,0.0,0.0
2022-01-25 18:10:50.001271,0.0,0.0,0.0
2022-01-25 18:10:50.509711,0.0,0.0,0.0
2022-01-25 18:10:51.005780,0.0,0.0,0.0
2022-01-25 18:10:51.501771,0.0,0.0,0.0
2022-01-25 18:10:52.010021,0.0,0.0,0.0
2022-01-25 18:10:52.507672,0.0,0.0,0.0
2022-01-25 18:10:53.002436,0.0,0.0,0.0
2022-01-25 18:10:53.508220,0.0,0.0,0.0
2022-01-25 18:10:54.006014,0.0,0.0,0.0
2022-01-25 18:10:54.507031,0.0,0.0,0.0
2022-01-25 18:10:55.007485,0.0,0.0,0.0
2022-01-25 18:10:55.507874,0.0,0.0,0.0
2022-01-25 18:10:56.010718,0.0,0.0,0.0
2022-01-25 18:10:56.510366,0.0,0.0,0.0
2022-01-25 18:10:57.007281,0.0,0.0,0.0
2022-01-25 18:10:57.502917,0.0,0.0,0.0
2022-01-25 18:10:58.004483,0.0,0.0,0.0
2022-01-25 18:10:58.508456,0.0,0.0,0.0
2022-01-25 18:10:59.006851,0.0,0.0,0.0
2022-01-25 18:10:59.505933,0.0,0.0,0.0
2022-01-25 18:11:00.009127,0.0,0.0,0.0
2022-01-25 18:11:00.509525,0.0,0.0,0.0
2022-01-25 18:11:01.007808,0.0,0.0,0.0
2022-01-25 18:11:01.503573,0.0,0.0,0.0
2022-01-25 18:11:02.002135,0.0,0.0,0.0
2022-01-25 18:11:02.507360,0.0,0.0,0.0
2022-01-25 18:11:03.011070,0.0,0.0,0.0
2022-01-25 18:11:03.511253,0.0,0.0,0.0
2022-01-25 18:11:04.009768,0.0,0.0,0.0
2022-01-25 18:11:04.509641,0.0,0.0,0.0
2022-01-25 18:11:05.010284,0.0,0.0,0.0
2022-01-25 18:11:05.507405,0.0,0.0,0.0
2022-01-25 18:11:06.008983,0.0,0.0,0.0
2022-01-25 18:11:07.005087,0.0,0.0,0.0
2022-01-25 18:11:07.506140,0.0,0.0,0.0
2022-01-25 18:11:08.003183,0.0,0.0,0.0
2022-01-25 18:11:08.507484,0.0,0.0,0.0
2022-01-25 18:11:09.006236,0.0,0.0,0.0
2022-01-25 18:11:09.502693,0.0,0.0,0.0
2022-01-25 18:11:10.005846,0.0,0.0,0.0
2022-01-25 18:11:10.507468,0.0,0.0,0.0
2022-01-25 18:11:11.005536,0.0,0.0,0.0
2022-01-25 18:11:11.504121,0.0,0.0,0.0
2022-01-25 18:11:12.006768,0.0,0.0,0.0
2022-01-25 18:11:12.502370,0.0,0.0,0.0
2022-01-25 18:11:13.008674,0.0,0.0,0.0
2022-01-25 18:11:13.507986,0.0,0.0,0.0
2022-01-25 18:11:14.007404,0.0,0.0,0.0
2022-01-25 18:11:14.503868,0.0,0.0,0.0
2022-01-25 18:11:15.001394,0.0,0.0,0.0
2022-01-25 18:11:15.511037,0.0,0.0,0.0
2022-01-25 18:11:16.006340,0.0,0.0,0.0
2022-01-25 18:11:16.502326,0.0,0.0,0.0
2022-01-25 18:11:17.010321,0.0,0.0,0.0
2022-01-25 18:11:17.505229,0.0,0.0,0.0
2022-01-25 18:11:18.005103,0.0,0.0,0.0
2022-01-25 18:11:18.510839,0.0,0.0,0.0
2022-01-25 18:11:19.007225,0.0,0.0,0.0
2022-01-25 18:11:19.502629,0.0,0.0,0.0
2022-01-25 18:11:20.001143,0.0,0.0,0.0
2022-01-25 18:11:20.505114,0.0,0.0,0.0
2022-01-25 18:11:21.002109,0.0,0.0,0.0
2022-01-25 18:11:21.507447,0.0,0.0,0.0
2022-01-25 18:11:22.005737,0.0,0.0,0.0
2022-01-25 18:11:22.503501,0.0,0.0,0.0
2022-01-25 18:11:23.001209,0.0,0.0,0.0
2022-01-25 18:11:23.506782,0.0,0.0,0.0
2022-01-25 18:11:24.010008,0.0,0.0,0.0
2022-01-25 18:11:24.505140,0.0,0.0,0.0
2022-01-25 18:11:25.002580,0.0,0.0,0.0
2022-01-25 18:11:25.510499,0.0,0.0,0.0
2022-01-25 18:11:26.008591,0.0,0.0,0.0
2022-01-25 18:11:26.502765,0.0,0.0,0.0
2022-01-25 18:11:27.001550,0.0,0.0,0.0
2022-01-25 18:11:27.507987,0.0,0.0,0.0
2022-01-25 18:11:28.007278,0.0,0.0,0.0
2022-01-25 18:11:28.501714,0.0,0.0,0.0
2022-01-25 18:11:29.010122,0.0,0.0,0.0
2022-01-25 18:11:29.505694,0.0,0.0,0.0
2022-01-25 18:11:30.003725,0.0,0.0,0.0
2022-01-25 18:11:30.511085,0.0,0.0,0.0
2022-01-25 18:11:31.009662,0.0,0.0,0.0
2022-01-25 18:11:31.504931,0.0,0.0,0.0
2022-01-25 18:11:32.002795,0.0,0.0,0.0
2022-01-25 18:11:32.501011,0.0,0.0,0.0
2022-01-25 18:11:33.009690,0.0,0.0,0.0
2022-01-25 18:11:33.506402,0.0,0.0,0.0
2022-01-25 18:11:34.006374,0.0,0.0,0.0
2022-01-25 18:11:34.501312,0.0,0.0,0.0
2022-01-25 18:11:35.009668,0.0,0.0,0.0
2022-01-25 18:11:35.505970,0.0,0.0,0.0
2022-01-25 18:11:36.004207,0.0,0.0,0.0
2022-01-25 18:11:36.509854,0.0,0.0,0.0
2022-01-25 18:11:37.009564,0.0,0.0,0.0
2022-01-25 18:11:37.506447,0.0,0.0,0.0
2022-01-25 18:11:38.004719,0.0,0.0,0.0
2022-01-25 18:11:39.004453,0.0,0.0,0.0
2022-01-25 18:11:39.510518,0.0,0.0,0.0
2022-01-25 18:11:40.001452,0.0,0.0,0.0
2022-01-25 18:11:40.508636,0.0,0.0,0.0
2022-01-25 18:11:41.007998,0.0,0.0,0.0
2022-01-25 18:11:41.506325,0.0,0.0,0.0
2022-01-25 18:11:42.005107,0.0,0.0,0.0
2022-01-25 18:11:42.510751,0.0,0.0,0.0
2022-01-25 18:11:43.008242,0.0,0.0,0.0
2022-01-25 18:11:43.504234,0.0,0.0,0.0
2022-01-25 18:11:44.002874,0.0,0.0,0.0
2022-01-25 18:11:44.509281,0.0,0.0,0.0
2022-01-25 18:11:45.006608,0.0,0.0,0.0
2022-01-25 18:11:45.502180,0.0,0.0,0.0
2022-01-25 18:11:46.010526,0.0,0.0,0.0
2022-01-25 18:11:46.506199,0.0,0.0,0.0
2022-01-25 18:11:47.004519,0.0,0.0,0.0
2022-01-25 18:11:47.511064,0.0,0.0,0.0
2022-01-25 18:11:48.009047,0.0,0.0,0.0
2022-01-25 18:11:48.503495,0.0,0.0,0.0
2022-01-25 18:11:49.002705,0.0,0.0,0.0
2022-01-25 18:11:49.507982,0.0,0.0,0.0
2022-01-25 18:11:50.006741,0.0,0.0,0.0
2022-01-25 18:11:50.504559,0.0,0.0,0.0
2022-01-25 18:11:51.001936,0.0,0.0,0.0
2022-01-25 18:11:51.508140,0.0,0.0,0.0
2022-01-25 18:11:52.005523,0.0,0.0,0.0
2022-01-25 18:11:52.501454,0.0,0.0,0.0
2022-01-25 18:11:53.010025,0.0,0.0,0.0
2022-01-25 18:11:53.505747,0.0,0.0,0.0
2022-01-25 18:11:54.003114,0.0,0.0,0.0
2022-01-25 18:11:54.509064,0.0,0.0,0.0
2022-01-25 18:11:55.009429,0.0,0.0,0.0
2022-01-25 18:11:55.506747,0.0,0.0,0.0
2022-01-25 18:11:56.004389,0.0,0.0,0.0
2022-01-25 18:11:56.510534,0.0,0.0,0.0
2022-01-25 18:11:57.007532,0.0,0.0,0.0
2022-01-25 18:11:57.503700,0.0,0.0,0.0
2022-01-25 18:11:58.002849,0.0,0.0,0.0
2022-01-25 18:11:58.508406,0.0,0.0,0.0
2022-01-25 18:11:59.006225,0.0,0.0,0.0
2022-01-25 18:11:59.503364,0.0,0.0,0.0
2022-01-25 18:12:00.001551,0.0,0.0,0.0
2022-01-25 18:12:00.507164,0.0,0.0,0.0
2022-01-25 18:12:01.004606,0.0,0.0,0.0
2022-01-25 18:12:01.510133,0.0,0.0,0.0
2022-01-25 18:12:02.007916,0.0,0.0,0.0
2022-01-25 18:12:02.503381,0.0,0.0,0.0
2022-01-25 18:12:03.002322,0.0,0.0,0.0
2022-01-25 18:12:03.501150,0.0,0.0,0.0
2022-01-25 18:12:04.010713,0.0,0.0,0.0
2022-01-25 18:12:04.506200,0.0,0.0,0.0
2022-01-25 18:12:05.003920,0.0,0.0,0.0
2022-01-25 18:12:05.508936,0.0,0.0,0.0
2022-01-25 18:12:06.007128,0.0,0.0,0.0
2022-01-25 18:12:06.502345,0.0,0.0,0.0
2022-01-25 18:12:07.010149,0.0,0.0,0.0
2022-01-25 18:12:07.507321,0.0,0.0,0.0
2022-01-25 18:12:08.007590,0.0,0.0,0.0
2022-01-25 18:12:08.503932,0.0,0.0,0.0
2022-01-25 18:12:09.001722,0.0,0.0,0.0
2022-01-25 18:12:09.507501,0.0,0.0,0.0
2022-01-25 18:12:10.004437,0.0,0.0,0.0
2022-01-25 18:12:10.510285,0.0,0.0,0.0
2022-01-25 18:12:11.005148,0.0,0.0,0.0
2022-01-25 18:12:11.501113,0.0,0.0,0.0
2022-01-25 18:12:12.010306,0.0,0.0,0.0
2022-01-25 18:12:12.506398,0.0,0.0,0.0
2022-01-25 18:12:13.003500,0.0,0.0,0.0
2022-01-25 18:12:13.509214,0.0,0.0,0.0
2022-01-25 18:12:14.007836,0.0,0.0,0.0
2022-01-25 18:12:14.503891,0.0,0.0,0.0
2022-01-25 18:12:15.003147,0.0,0.0,0.0
2022-01-25 18:12:15.509490,0.0,0.0,0.0
2022-01-25 18:12:16.007816,0.0,0.0,0.0
2022-01-25 18:12:16.505215,0.0,0.0,0.0
2022-01-25 18:12:17.003432,0.0,0.0,0.0
2022-01-25 18:12:17.509078,0.0,0.0,0.0
2022-01-25 18:12:18.006894,0.0,0.0,0.0
2022-01-25 18:12:18.504707,0.0,0.0,0.0
2022-01-25 18:12:19.002208,0.0,0.0,0.0
2022-01-25 18:12:19.507197,0.0,0.0,0.0
2022-01-25 18:12:20.004509,0.0,0.0,0.0
2022-01-25 18:12:20.510490,0.0,0.0,0.0
2022-01-25 18:12:21.009871,0.0,0.0,0.0
2022-01-25 18:12:21.504505,0.0,0.0,0.0
2022-01-25 18:12:22.001863,0.0,0.0,0.0
2022-01-25 18:12:22.508411,0.0,0.0,0.0
2022-01-25 18:12:23.006097,0.0,0.0,0.0
2022-01-25 18:12:23.511170,0.0,0.0,0.0
2022-01-25 18:12:24.009822,0.0,0.0,0.0
2022-01-25 18:12:24.505032,0.0,0.0,0.0
2022-01-25 18:12:25.002760,0.0,0.0,0.0
2022-01-25 18:12:25.510378,0.0,0.0,0.0
2022-01-25 18:12:26.008958,0.0,0.0,0.0
2022-01-25 18:12:26.506097,0.0,0.0,0.0
2022-01-25 18:12:27.006651,0.0,0.0,0.0
2022-01-25 18:12:27.501132,0.0,0.0,0.0
2022-01-25 18:12:28.009394,0.0,0.0,0.0
2022-01-25 18:12:28.505968,0.0,0.0,0.0
2022-01-25 18:12:29.004057,0.0,0.0,0.0
2022-01-25 18:12:29.509072,0.0,0.0,0.0
2022-01-25 18:12:30.009570,0.0,0.0,0.0
2022-01-25 18:12:30.506360,0.0,0.0,0.0
2022-01-25 18:12:31.003769,0.0,0.0,0.0
2022-01-25 18:12:31.509531,0.0,0.0,0.0
2022-01-25 18:12:32.007742,0.0,0.0,0.0
2022-01-25 18:12:32.503395,0.0,0.0,0.0
2022-01-25 18:12:33.002589,0.0,0.0,0.0
2022-01-25 18:12:33.508663,0.0,0.0,0.0
2022-01-25 18:12:34.007517,0.0,0.0,0.0
2022-01-25 18:12:34.504095,0.0,0.0,0.0
2022-01-25 18:12:35.002194,0.0,0.0,0.0
2022-01-25 18:12:35.507665,0.0,0.0,0.0
2022-01-25 18:12:36.006419,0.0,0.0,0.0
2022-01-25 18:12:36.501113,0.0,0.0,0.0
2022-01-25 18:12:37.008873,0.0,0.0,0.0
2022-01-25 18:12:37.505058,0.0,0.0,0.0
2022-01-25 18:12:38.003134,0.0,0.0,0.0
2022-01-25 18:12:39.505190,0.0,0.0,0.0
2022-01-25 18:12:40.004116,0.0,0.0,0.0
2022-01-25 18:12:40.501137,0.0,0.0,0.0
2022-01-25 18:12:41.009631,0.0,0.0,0.0
2022-01-25 18:12:41.506512,0.0,0.0,0.0
2022-01-25 18:12:42.004213,0.0,0.0,0.0
2022-01-25 18:12:42.510368,0.0,0.0,0.0
2022-01-25 18:12:43.008455,0.0,0.0,0.0
2022-01-25 18:12:43.504829,0.0,0.0,0.0
2022-01-25 18:12:44.003188,0.0,0.0,0.0
2022-01-25 18:12:44.511099,0.0,0.0,0.0
2022-01-25 18:12:45.010289,0.0,0.0,0.0
2022-01-25 18:12:45.506448,0.0,0.0,0.0
2022-01-25 18:12:46.004780,0.0,0.0,0.0
2022-01-25 18:12:46.510624,0.0,0.0,0.0
2022-01-25 18:12:47.009086,0.0,0.0,0.0
2022-01-25 18:12:47.503428,0.0,0.0,0.0
2022-01-25 18:12:48.001054,0.0,0.0,0.0
2022-01-25 18:12:48.508472,0.0,0.0,0.0
2022-01-25 18:12:49.009915,0.0,0.0,0.0
2022-01-25 18:12:49.505532,0.0,0.0,0.0
2022-01-25 18:12:50.003470,0.0,0.0,0.0
2022-01-25 18:12:50.508959,0.0,0.0,0.0
2022-01-25 18:12:51.007398,0.0,0.0,0.0
2022-01-25 18:12:51.502687,0.0,0.0,0.0
2022-01-25 18:12:52.001556,0.0,0.0,0.0
2022-01-25 18:12:52.508456,0.0,0.0,0.0
2022-01-25 18:12:53.006879,0.0,0.0,0.0
2022-01-25 18:12:53.505657,0.0,0.0,0.0
2022-01-25 18:12:54.004668,0.0,0.0,0.0
2022-01-25 18:12:54.509960,0.0,0.0,0.0
2022-01-25 18:12:55.008866,0.0,0.0,0.0
2022-01-25 18:12:55.503597,0.0,0.0,0.0
2022-01-25 18:12:56.002820,0.0,0.0,0.0
2022-01-25 18:12:56.509270,0.0,0.0,0.0
2022-01-25 18:12:57.008546,0.0,0.0,0.0
2022-01-25 18:12:57.504302,0.0,0.0,0.0
2022-01-25 18:12:58.003976,0.0,0.0,0.0
2022-01-25 18:12:58.510114,0.0,0.0,0.0
2022-01-25 18:12:59.008334,0.0,0.0,0.0
2022-01-25 18:12:59.502388,0.0,0.0,0.0
2022-01-25 18:13:00.010755,0.0,0.0,0.0
2022-01-25 18:13:00.504310,0.0,0.0,0.0
2022-01-25 18:13:01.002390,0.0,0.0,0.0
2022-01-25 18:13:01.501276,0.0,0.0,0.0
2022-01-25 18:13:02.009762,0.0,0.0,0.0
2022-01-25 18:13:02.504895,0.0,0.0,0.0
2022-01-25 18:13:03.002603,0.0,0.0,0.0
2022-01-25 18:13:03.509773,0.0,0.0,0.0
2022-01-25 18:13:04.007868,0.0,0.0,0.0
2022-01-25 18:13:04.502017,0.0,0.0,0.0
2022-01-25 18:13:05.010398,0.0,0.0,0.0
2022-01-25 18:13:05.506714,0.0,0.0,0.0
2022-01-25 18:13:06.004606,0.0,0.0,0.0
2022-01-25 18:13:06.510478,0.0,0.0,0.0
2022-01-25 18:13:07.007769,0.0,0.0,0.0
2022-01-25 18:13:07.502681,0.0,0.0,0.0
2022-01-25 18:13:08.011217,0.0,0.0,0.0
2022-01-25 18:13:08.505780,0.0,0.0,0.0
2022-01-25 18:13:09.003666,0.0,0.0,0.0
2022-01-25 18:13:09.509953,0.0,0.0,0.0
2022-01-25 18:13:10.007354,0.0,0.0,0.0
2022-01-25 18:13:10.503775,0.0,0.0,0.0
2022-01-25 18:13:11.008797,0.0,0.0,0.0
2022-01-25 18:13:11.503382,0.0,0.0,0.0
2022-01-25 18:13:12.002082,0.0,0.0,0.0
2022-01-25 18:13:12.508314,0.0,0.0,0.0
2022-01-25 18:13:13.005427,0.0,0.0,0.0
2022-01-25 18:13:13.501221,0.0,0.0,0.0
2022-01-25 18:13:14.009128,0.0,0.0,0.0
2022-01-25 18:13:14.504977,0.0,0.0,0.0
2022-01-25 18:13:15.006069,0.0,0.0,0.0
2022-01-25 18:13:15.502754,0.0,0.0,0.0
2022-01-25 18:13:16.002198,0.0,0.0,0.0
2022-01-25 18:13:16.507995,0.0,0.0,0.0
2022-01-25 18:13:17.006663,0.0,0.0,0.0
2022-01-25 18:13:17.502467,0.0,0.0,0.0
2022-01-25 18:13:18.010861,0.0,0.0,0.0
2022-01-25 18:13:18.505721,0.0,0.0,0.0
2022-01-25 18:13:19.005200,0.0,0.0,0.0
2022-01-25 18:13:19.501744,0.0,0.0,0.0
2022-01-25 18:13:20.010434,0.0,0.0,0.0
2022-01-25 18:13:20.507397,0.0,0.0,0.0
2022-01-25 18:13:21.005880,0.0,0.0,0.0
2022-01-25 18:13:21.501426,0.0,0.0,0.0
2022-01-25 18:13:22.010370,0.0,0.0,0.0
2022-01-25 18:13:22.505362,0.0,0.0,0.0
2022-01-25 18:13:23.004363,0.0,0.0,0.0
2022-01-25 18:13:23.509657,0.0,0.0,0.0
2022-01-25 18:13:24.009032,0.0,0.0,0.0
2022-01-25 18:13:24.503554,0.0,0.0,0.0
2022-01-25 18:13:25.003492,0.0,0.0,0.0
2022-01-25 18:13:25.510772,0.0,0.0,0.0
2022-01-25 18:13:26.008467,0.0,0.0,0.0
2022-01-25 18:13:26.503738,0.0,0.0,0.0
2022-01-25 18:13:27.002168,0.0,0.0,0.0
2022-01-25 18:13:27.506448,0.0,0.0,0.0
2022-01-25 18:13:28.006677,0.0,0.0,0.0
2022-01-25 18:13:28.504726,0.0,0.0,0.0
2022-01-25 18:13:29.002538,0.0,0.0,0.0
2022-01-25 18:13:29.509178,0.0,0.0,0.0
2022-01-25 18:13:30.006581,0.0,0.0,0.0
2022-01-25 18:13:30.502065,0.0,0.0,0.0
2022-01-25 18:13:31.010173,0.0,0.0,0.0
2022-01-25 18:13:31.505799,0.0,0.0,0.0
2022-01-25 18:13:32.003780,0.0,0.0,0.0
2022-01-25 18:13:32.509085,0.0,0.0,0.0
2022-01-25 18:13:33.009934,0.0,0.0,0.0
2022-01-25 18:13:33.504709,0.0,0.0,0.0
2022-01-25 18:13:34.002438,0.0,0.0,0.0
2022-01-25 18:13:34.508563,0.0,0.0,0.0
2022-01-25 18:13:35.006088,0.0,0.0,0.0
2022-01-25 18:13:35.501201,0.0,0.0,0.0
2022-01-25 18:13:36.009553,0.0,0.0,0.0
2022-01-25 18:13:36.504761,0.0,0.0,0.0
2022-01-25 18:13:37.003502,0.0,0.0,0.0
2022-01-25 18:13:37.509258,0.0,0.0,0.0
2022-01-25 18:13:38.007266,0.0,0.0,0.0
2022-01-25 18:13:38.502887,0.0,0.0,0.0
2022-01-25 18:13:39.002194,0.0,0.0,0.0
2022-01-25 18:13:39.509788,0.0,0.0,0.0
2022-01-25 18:13:40.008473,0.0,0.0,0.0
2022-01-25 18:13:40.502885,0.0,0.0,0.0
2022-01-25 18:13:41.009980,0.0,0.0,0.0
2022-01-25 18:13:41.506777,0.0,0.0,0.0
2022-01-25 18:13:42.006283,0.0,0.0,0.0
2022-01-25 18:13:42.501256,0.0,0.0,0.0
2022-01-25 18:13:43.010437,0.0,0.0,0.0
2022-01-25 18:13:43.505266,0.0,0.0,0.0
2022-01-25 18:13:44.003598,0.0,0.0,0.0
2022-01-25 18:13:44.509377,0.0,0.0,0.0
2022-01-25 18:13:45.008989,0.0,0.0,0.0
2022-01-25 18:13:45.504587,0.0,0.0,0.0
2022-01-25 18:13:46.001784,0.0,0.0,0.0
2022-01-25 18:13:46.509494,0.0,0.0,0.0
2022-01-25 18:13:47.007196,0.0,0.0,0.0
2022-01-25 18:13:47.503568,0.0,0.0,0.0
2022-01-25 18:13:48.002417,0.0,0.0,0.0
2022-01-25 18:13:48.509215,0.0,0.0,0.0
2022-01-25 18:13:49.007681,0.0,0.0,0.0
2022-01-25 18:13:49.504072,0.0,0.0,0.0
2022-01-25 18:13:50.002864,0.0,0.0,0.0
2022-01-25 18:13:50.509181,0.0,0.0,0.0
2022-01-25 18:13:51.007908,0.0,0.0,0.0
2022-01-25 18:13:51.503252,0.0,0.0,0.0
2022-01-25 18:13:52.001620,0.0,0.0,0.0
2022-01-25 18:13:52.509326,0.0,0.0,0.0
2022-01-25 18:13:53.002169,0.0,0.0,0.0
2022-01-25 18:13:53.507677,0.0,0.0,0.0
2022-01-25 18:13:54.007355,0.0,0.0,0.0
2022-01-25 18:13:54.504141,0.0,0.0,0.0
2022-01-25 18:13:55.003424,0.0,0.0,0.0
2022-01-25 18:13:55.511036,0.0,0.0,0.0
2022-01-25 18:13:56.010000,0.0,0.0,0.0
2022-01-25 18:13:56.508335,0.0,0.0,0.0
2022-01-25 18:13:57.005374,0.0,0.0,0.0
2022-01-25 18:13:57.510408,0.0,0.0,0.0
2022-01-25 18:13:58.008201,0.0,0.0,0.0
2022-01-25 18:13:58.502237,0.0,0.0,0.0
2022-01-25 18:13:59.009859,0.0,0.0,0.0
2022-01-25 18:13:59.505735,0.0,0.0,0.0
2022-01-25 18:14:00.004733,0.0,0.0,0.0
2022-01-25 18:14:00.508079,0.0,0.0,0.0
2022-01-25 18:14:01.008635,0.0,0.0,0.0
2022-01-25 18:14:01.504020,0.0,0.0,0.0
2022-01-25 18:14:02.002888,0.0,0.0,0.0
2022-01-25 18:14:02.507771,0.0,0.0,0.0
2022-01-25 18:14:03.004864,0.0,0.0,0.0
2022-01-25 18:14:03.501248,0.0,0.0,0.0
2022-01-25 18:14:04.010780,0.0,0.0,0.0
2022-01-25 18:14:04.502572,0.0,0.0,0.0
2022-01-25 18:14:05.010780,0.0,0.0,0.0
2022-01-25 18:14:05.506209,0.0,0.0,0.0
2022-01-25 18:14:06.003247,0.0,0.0,0.0
2022-01-25 18:14:06.510419,0.0,0.0,0.0
2022-01-25 18:14:07.008017,0.0,0.0,0.0
2022-01-25 18:14:07.503363,0.0,0.0,0.0
2022-01-25 18:14:08.002210,0.0,0.0,0.0
2022-01-25 18:14:08.501058,0.0,0.0,0.0
2022-01-25 18:14:09.009980,0.0,0.0,0.0
2022-01-25 18:14:09.505261,0.0,0.0,0.0
2022-01-25 18:14:10.003736,0.0,0.0,0.0
2022-01-25 18:14:10.509272,0.0,0.0,0.0
2022-01-25 18:14:11.003239,0.0,0.0,0.0
2022-01-25 18:14:11.510320,0.0,0.0,0.0
2022-01-25 18:14:12.007256,0.0,0.0,0.0
2022-01-25 18:14:12.505027,0.0,0.0,0.0
2022-01-25 18:14:13.003944,0.0,0.0,0.0
2022-01-25 18:14:13.504216,0.0,0.0,0.0
2022-01-25 18:14:14.006432,0.0,0.0,0.0
2022-01-25 18:14:14.502184,0.0,0.0,0.0
2022-01-25 18:14:15.010418,0.0,0.0,0.0
2022-01-25 18:14:15.506016,0.0,0.0,0.0
2022-01-25 18:14:16.003947,0.0,0.0,0.0
2022-01-25 18:14:16.510799,0.0,0.0,0.0
2022-01-25 18:14:17.008399,0.0,0.0,0.0
2022-01-25 18:14:17.503888,0.0,0.0,0.0
2022-01-25 18:14:18.002693,0.0,0.0,0.0
2022-01-25 18:14:18.508362,0.0,0.0,0.0
2022-01-25 18:14:19.007299,0.0,0.0,0.0
2022-01-25 18:14:19.502877,0.0,0.0,0.0
2022-01-25 18:14:20.002555,0.0,0.0,0.0
2022-01-25 18:14:20.509817,0.0,0.0,0.0
2022-01-25 18:14:21.009009,0.0,0.0,0.0
2022-01-25 18:14:21.505106,0.0,0.0,0.0
2022-01-25 18:14:22.003289,0.0,0.0,0.0
2022-01-25 18:14:22.510797,0.0,0.0,0.0
2022-01-25 18:14:23.008267,0.0,0.0,0.0
2022-01-25 18:14:23.505249,0.0,0.0,0.0
2022-01-25 18:14:24.004723,0.0,0.0,0.0
2022-01-25 18:14:24.510494,0.0,0.0,0.0
2022-01-25 18:14:25.008866,0.0,0.0,0.0
2022-01-25 18:14:25.504885,0.0,0.0,0.0
2022-01-25 18:14:26.002705,0.0,0.0,0.0
2022-01-25 18:14:26.506868,0.0,0.0,0.0
2022-01-25 18:14:27.006385,0.0,0.0,0.0
2022-01-25 18:14:27.502241,0.0,0.0,0.0
2022-01-25 18:14:28.010241,0.0,0.0,0.0
2022-01-25 18:14:28.505842,0.0,0.0,0.0
2022-01-25 18:14:29.004610,0.0,0.0,0.0
2022-01-25 18:14:29.509987,0.0,0.0,0.0
2022-01-25 18:14:30.008574,0.0,0.0,0.0
2022-01-25 18:14:30.504451,0.0,0.0,0.0
2022-01-25 18:14:31.002651,0.0,0.0,0.0
2022-01-25 18:14:31.510257,0.0,0.0,0.0
2022-01-25 18:14:32.009188,0.0,0.0,0.0
2022-01-25 18:14:32.506504,0.0,0.0,0.0
2022-01-25 18:14:33.004683,0.0,0.0,0.0
2022-01-25 18:14:33.501773,0.0,0.0,0.0
2022-01-25 18:14:34.001176,0.0,0.0,0.0
2022-01-25 18:14:34.507453,0.0,0.0,0.0
2022-01-25 18:14:35.008277,0.0,0.0,0.0
2022-01-25 18:14:35.503899,0.0,0.0,0.0
2022-01-25 18:14:36.003079,0.0,0.0,0.0
2022-01-25 18:14:36.508654,0.0,0.0,0.0
2022-01-25 18:14:37.007292,0.0,0.0,0.0
2022-01-25 18:14:37.502746,0.0,0.0,0.0
2022-01-25 18:14:38.010782,0.0,0.0,0.0
2022-01-25 18:14:38.506972,0.0,0.0,0.0
2022-01-25 18:14:39.005647,0.0,0.0,0.0
2022-01-25 18:14:39.502587,0.0,0.0,0.0
2022-01-25 18:14:40.002620,0.0,0.0,0.0
2022-01-25 18:14:40.509194,0.0,0.0,0.0
2022-01-25 18:14:41.007195,0.0,0.0,0.0
2022-01-25 18:14:41.503952,0.0,0.0,0.0
2022-01-25 18:14:42.004430,0.0,0.0,0.0
2022-01-25 18:14:42.510043,0.0,0.0,0.0
2022-01-25 18:14:43.008440,0.0,0.0,0.0
2022-01-25 18:14:43.505263,0.0,0.0,0.0
2022-01-25 18:14:44.003374,0.0,0.0,0.0
2022-01-25 18:14:44.509638,0.0,0.0,0.0
2022-01-25 18:14:45.008180,0.0,0.0,0.0
2022-01-25 18:14:45.503847,0.0,0.0,0.0
2022-01-25 18:14:46.002741,0.0,0.0,0.0
2022-01-25 18:14:46.507841,0.0,0.0,0.0
2022-01-25 18:14:47.007577,0.0,0.0,0.0
2022-01-25 18:14:47.502796,0.0,0.0,0.0
2022-01-25 18:14:48.001211,0.0,0.0,0.0
2022-01-25 18:14:48.507092,0.0,0.0,0.0
2022-01-25 18:14:49.008224,0.0,0.0,0.0
2022-01-25 18:14:49.504551,0.0,0.0,0.0
2022-01-25 18:14:50.003295,0.0,0.0,0.0
2022-01-25 18:14:50.509359,0.0,0.0,0.0
2022-01-25 18:14:51.006793,0.0,0.0,0.0
2022-01-25 18:14:51.502580,0.0,0.0,0.0
2022-01-25 18:14:52.010570,0.0,0.0,0.0
2022-01-25 18:14:52.505408,0.0,0.0,0.0
2022-01-25 18:14:53.002697,0.0,0.0,0.0
2022-01-25 18:14:53.510819,0.0,0.0,0.0
2022-01-25 18:14:54.009330,0.0,0.0,0.0
2022-01-25 18:14:54.510113,0.0,0.0,0.0
2022-01-25 18:14:55.009956,0.0,0.0,0.0
2022-01-25 18:14:55.505054,0.0,0.0,0.0
2022-01-25 18:14:56.006669,0.0,0.0,0.0
2022-01-25 18:14:56.506366,0.0,0.0,0.0
2022-01-25 18:14:57.003287,0.0,0.0,0.0
2022-01-25 18:14:57.501222,0.0,0.0,0.0
2022-01-25 18:14:58.006729,0.0,0.0,0.0
2022-01-25 18:14:58.504850,0.0,0.0,0.0
2022-01-25 18:14:59.002607,0.0,0.0,0.0
2022-01-25 18:14:59.509194,0.0,0.0,0.0
2022-01-25 18:15:00.009731,0.0,0.0,0.0
2022-01-25 18:15:00.506200,0.0,0.0,0.0
2022-01-25 18:15:01.003996,0.0,0.0,0.0
2022-01-25 18:15:01.508991,0.0,0.0,0.0
2022-01-25 18:15:02.008547,0.0,0.0,0.0
2022-01-25 18:15:02.502366,0.0,0.0,0.0
2022-01-25 18:15:03.010845,0.0,0.0,0.0
2022-01-25 18:15:03.506717,0.0,0.0,0.0
2022-01-25 18:15:04.005930,0.0,0.0,0.0
2022-01-25 18:15:04.510569,0.0,0.0,0.0
2022-01-25 18:15:05.008884,0.0,0.0,0.0
2022-01-25 18:15:05.505659,0.0,0.0,0.0
2022-01-25 18:15:06.004580,0.0,0.0,0.0
2022-01-25 18:15:06.507642,0.0,0.0,0.0
2022-01-25 18:15:07.008234,0.0,0.0,0.0
2022-01-25 18:15:07.502558,0.0,0.0,0.0
2022-01-25 18:15:08.001917,0.0,0.0,0.0
2022-01-25 18:15:08.508773,0.0,0.0,0.0
2022-01-25 18:15:09.008023,0.0,0.0,0.0
2022-01-25 18:15:09.508013,0.0,0.0,0.0
2022-01-25 18:15:10.008030,0.0,0.0,0.0
2022-01-25 18:15:10.501548,0.0,0.0,0.0
2022-01-25 18:15:11.006458,0.0,0.0,0.0
2022-01-25 18:15:11.508106,0.0,0.0,0.0
2022-01-25 18:15:12.006858,0.0,0.0,0.0
2022-01-25 18:15:12.508000,0.0,0.0,0.0
2022-01-25 18:15:13.001900,0.0,0.0,0.0
2022-01-25 18:15:13.504085,0.0,0.0,0.0
2022-01-25 18:15:14.002000,0.0,0.0,0.0
2022-01-25 18:15:14.505029,0.0,0.0,0.0
2022-01-25 18:15:15.007742,0.0,0.0,0.0
2022-01-25 18:15:15.503349,0.0,0.0,0.0
2022-01-25 18:15:16.005918,0.0,0.0,0.0
2022-01-25 18:15:16.503934,0.0,0.0,0.0
2022-01-25 18:15:17.002392,0.0,0.0,0.0
2022-01-25 18:15:17.506846,0.0,0.0,0.0
2022-01-25 18:15:18.004597,0.0,0.0,0.0
2022-01-25 18:15:18.510294,0.0,0.0,0.0
2022-01-25 18:15:19.006843,0.0,0.0,0.0
2022-01-25 18:15:19.509123,0.0,0.0,0.0
2022-01-25 18:15:20.007100,0.0,0.0,0.0
2022-01-25 18:15:20.510757,0.0,0.0,0.0
2022-01-25 18:15:21.004823,0.0,0.0,0.0
2022-01-25 18:15:21.504514,0.0,0.0,0.0
2022-01-25 18:15:22.006130,0.0,0.0,0.0
2022-01-25 18:15:22.501447,0.0,0.0,0.0
2022-01-25 18:15:23.005836,0.0,0.0,0.0
2022-01-25 18:15:23.507585,0.0,0.0,0.0
2022-01-25 18:15:24.008087,0.0,0.0,0.0
2022-01-25 18:15:24.504462,0.0,0.0,0.0
2022-01-25 18:15:25.002832,0.0,0.0,0.0
2022-01-25 18:15:25.506284,0.0,0.0,0.0
2022-01-25 18:15:26.005035,0.0,0.0,0.0
2022-01-25 18:15:26.509773,0.0,0.0,0.0
2022-01-25 18:15:27.007484,0.0,0.0,0.0
2022-01-25 18:15:27.504172,0.0,0.0,0.0
2022-01-25 18:15:28.004066,0.0,0.0,0.0
2022-01-25 18:15:28.509304,0.0,0.0,0.0
2022-01-25 18:15:29.005234,0.0,0.0,0.0
2022-01-25 18:15:29.504704,0.0,0.0,0.0
2022-01-25 18:15:30.008420,0.0,0.0,0.0
2022-01-25 18:15:30.508658,0.0,0.0,0.0
2022-01-25 18:15:31.003402,0.0,0.0,0.0
2022-01-25 18:15:31.508548,0.0,0.0,0.0
2022-01-25 18:15:32.005415,0.0,0.0,0.0
2022-01-25 18:15:32.504263,0.0,0.0,0.0
2022-01-25 18:15:33.002249,0.0,0.0,0.0
2022-01-25 18:15:33.508862,0.0,0.0,0.0
2022-01-25 18:15:34.007649,0.0,0.0,0.0
2022-01-25 18:15:34.504732,0.0,0.0,0.0
2022-01-25 18:15:35.009494,0.0,0.0,0.0
2022-01-25 18:15:35.505154,0.0,0.0,0.0
2022-01-25 18:15:36.003492,0.0,0.0,0.0
2022-01-25 18:15:36.508992,0.0,0.0,0.0
2022-01-25 18:15:37.001717,0.0,0.0,0.0
2022-01-25 18:15:37.508093,0.0,0.0,0.0
2022-01-25 18:15:38.007076,0.0,0.0,0.0
2022-01-25 18:15:38.509938,0.0,0.0,0.0
2022-01-25 18:15:39.002176,0.0,0.0,0.0
2022-01-25 18:15:39.511161,0.0,0.0,0.0
2022-01-25 18:15:40.003700,0.0,0.0,0.0
2022-01-25 18:15:40.504781,0.0,0.0,0.0
2022-01-25 18:15:41.009766,0.0,0.0,0.0
2022-01-25 18:15:41.510009,0.0,0.0,0.0
2022-01-25 18:15:42.008544,0.0,0.0,0.0
2022-01-25 18:15:42.506284,0.0,0.0,0.0
2022-01-25 18:15:43.010008,0.0,0.0,0.0
2022-01-25 18:15:43.509202,0.0,0.0,0.0
2022-01-25 18:15:44.008562,0.0,0.0,0.0
2022-01-25 18:15:44.509934,0.0,0.0,0.0
2022-01-25 18:15:45.007107,0.0,0.0,0.0
2022-01-25 18:15:45.506069,0.0,0.0,0.0
2022-01-25 18:15:46.001105,0.0,0.0,0.0
2022-01-25 18:15:46.507869,0.0,0.0,0.0
2022-01-25 18:15:47.002476,0.0,0.0,0.0
2022-01-25 18:15:47.509345,0.0,0.0,0.0
2022-01-25 18:15:48.007962,0.0,0.0,0.0
2022-01-25 18:15:48.502547,0.0,0.0,0.0
2022-01-25 18:15:49.001728,0.0,0.0,0.0
2022-01-25 18:15:49.506104,0.0,0.0,0.0
2022-01-25 18:15:50.005019,0.0,0.0,0.0
2022-01-25 18:15:50.501122,0.0,0.0,0.0
2022-01-25 18:15:51.006412,0.0,0.0,0.0
2022-01-25 18:15:51.506722,0.0,0.0,0.0
2022-01-25 18:15:52.006334,0.0,0.0,0.0
2022-01-25 18:15:52.505653,0.0,0.0,0.0
2022-01-25 18:15:53.008871,0.0,0.0,0.0
2022-01-25 18:15:53.506568,0.0,0.0,0.0
2022-01-25 18:15:54.006484,0.0,0.0,0.0
2022-01-25 18:15:54.502544,0.0,0.0,0.0
2022-01-25 18:15:55.001729,0.0,0.0,0.0
2022-01-25 18:15:55.501202,0.0,0.0,0.0
2022-01-25 18:15:56.010853,0.0,0.0,0.0
2022-01-25 18:15:56.506178,0.0,0.0,0.0
2022-01-25 18:15:57.008281,0.0,0.0,0.0
2022-01-25 18:15:57.503372,0.0,0.0,0.0
2022-01-25 18:15:58.010993,0.0,0.0,0.0
2022-01-25 18:15:58.506030,0.0,0.0,0.0
2022-01-25 18:15:59.005955,0.0,0.0,0.0
2022-01-25 18:15:59.502103,0.0,0.0,0.0
2022-01-25 18:16:00.002878,0.0,0.0,0.0
2022-01-25 18:16:00.506473,0.0,0.0,0.0
2022-01-25 18:16:01.005116,0.0,0.0,0.0
2022-01-25 18:16:01.501051,0.0,0.0,0.0
2022-01-25 18:16:02.009778,0.0,0.0,0.0
2022-01-25 18:16:02.501802,0.0,0.0,0.0
2022-01-25 18:16:03.001176,0.0,0.0,0.0
2022-01-25 18:16:03.505039,0.0,0.0,0.0
2022-01-25 18:16:04.002533,0.0,0.0,0.0
2022-01-25 18:16:04.510333,0.0,0.0,0.0
2022-01-25 18:16:05.010735,0.0,0.0,0.0
2022-01-25 18:16:05.510547,0.0,0.0,0.0
2022-01-25 18:16:06.008642,0.0,0.0,0.0
2022-01-25 18:16:06.504173,0.0,0.0,0.0
2022-01-25 18:16:07.002739,0.0,0.0,0.0
2022-01-25 18:16:07.507522,0.0,0.0,0.0
2022-01-25 18:16:08.006529,0.0,0.0,0.0
2022-01-25 18:16:08.502602,0.0,0.0,0.0
2022-01-25 18:16:09.010778,0.0,0.0,0.0
2022-01-25 18:16:09.504522,0.0,0.0,0.0
2022-01-25 18:16:10.008697,0.0,0.0,0.0
2022-01-25 18:16:10.502622,0.0,0.0,0.0
2022-01-25 18:16:11.001180,0.0,0.0,0.0
2022-01-25 18:16:11.502784,0.0,0.0,0.0
2022-01-25 18:16:12.005723,0.0,0.0,0.0
2022-01-25 18:16:12.504137,0.0,0.0,0.0
2022-01-25 18:16:13.003705,0.0,0.0,0.0
2022-01-25 18:16:13.506811,0.0,0.0,0.0
2022-01-25 18:16:14.007363,0.0,0.0,0.0
2022-01-25 18:16:14.502504,0.0,0.0,0.0
2022-01-25 18:16:15.006697,0.0,0.0,0.0
2022-01-25 18:16:15.502821,0.0,0.0,0.0
2022-01-25 18:16:16.001813,0.0,0.0,0.0
2022-01-25 18:16:16.508094,0.0,0.0,0.0
2022-01-25 18:16:17.007317,0.0,0.0,0.0
2022-01-25 18:16:17.504726,0.0,0.0,0.0
2022-01-25 18:16:18.008759,0.0,0.0,0.0
2022-01-25 18:16:18.503439,0.0,0.0,0.0
2022-01-25 18:16:19.001056,0.0,0.0,0.0
2022-01-25 18:16:19.503988,0.0,0.0,0.0
2022-01-25 18:16:20.010764,0.0,0.0,0.0
2022-01-25 18:16:20.507392,0.0,0.0,0.0
2022-01-25 18:16:21.009055,0.0,0.0,0.0
2022-01-25 18:16:21.503607,0.0,0.0,0.0
2022-01-25 18:16:22.003284,0.0,0.0,0.0
2022-01-25 18:16:22.508373,0.0,0.0,0.0
2022-01-25 18:16:23.007079,0.0,0.0,0.0
2022-01-25 18:16:23.504367,0.0,0.0,0.0
2022-01-25 18:16:24.010851,0.0,0.0,0.0
2022-01-25 18:16:24.508598,0.0,0.0,0.0
2022-01-25 18:16:25.006405,0.0,0.0,0.0
2022-01-25 18:16:25.505698,0.0,0.0,0.0
2022-01-25 18:16:26.002426,0.0,0.0,0.0
2022-01-25 18:16:26.511075,0.0,0.0,0.0
2022-01-25 18:16:27.004469,0.0,0.0,0.0
2022-01-25 18:16:27.511251,0.0,0.0,0.0
2022-01-25 18:16:28.004291,0.0,0.0,0.0
2022-01-25 18:16:28.502738,0.0,0.0,0.0
2022-01-25 18:16:29.010343,0.0,0.0,0.0
2022-01-25 18:16:29.509829,0.0,0.0,0.0
2022-01-25 18:16:30.010184,0.0,0.0,0.0
2022-01-25 18:16:30.506105,0.0,0.0,0.0
2022-01-25 18:16:31.005164,0.0,0.0,0.0
2022-01-25 18:16:31.501276,0.0,0.0,0.0
2022-01-25 18:16:32.004545,0.0,0.0,0.0
2022-01-25 18:16:32.511105,0.0,0.0,0.0
2022-01-25 18:16:33.010503,0.0,0.0,0.0
2022-01-25 18:16:33.507895,0.0,0.0,0.0
2022-01-25 18:16:34.006648,0.0,0.0,0.0
2022-01-25 18:16:34.503992,0.0,0.0,0.0
2022-01-25 18:16:35.006783,0.0,0.0,0.0
2022-01-25 18:16:35.506894,0.0,0.0,0.0
2022-01-25 18:16:36.003104,0.0,0.0,0.0
2022-01-25 18:16:36.503948,0.0,0.0,0.0
2022-01-25 18:16:37.001905,0.0,0.0,0.0
2022-01-25 18:16:37.508438,0.0,0.0,0.0
2022-01-25 18:16:38.007588,0.0,0.0,0.0
2022-01-25 18:16:38.501704,0.0,0.0,0.0
2022-01-25 18:16:39.006669,0.0,0.0,0.0
2022-01-25 18:16:39.510781,0.0,0.0,0.0
2022-01-25 18:16:40.006863,0.0,0.0,0.0
2022-01-25 18:16:40.503987,0.0,0.0,0.0
2022-01-25 18:16:41.002699,0.0,0.0,0.0
2022-01-25 18:16:41.509184,0.0,0.0,0.0
2022-01-25 18:16:42.002884,0.0,0.0,0.0
2022-01-25 18:16:42.510019,0.0,0.0,0.0
2022-01-25 18:16:43.006874,0.0,0.0,0.0
2022-01-25 18:16:43.502576,0.0,0.0,0.0
2022-01-25 18:16:44.504954,0.0,0.0,0.0
2022-01-25 18:16:45.004225,0.0,0.0,0.0
2022-01-25 18:16:45.509798,0.0,0.0,0.0
2022-01-25 18:16:46.008494,0.0,0.0,0.0
2022-01-25 18:16:46.504993,0.0,0.0,0.0
2022-01-25 18:16:47.003746,0.0,0.0,0.0
2022-01-25 18:16:47.509177,0.0,0.0,0.0
2022-01-25 18:16:48.007282,0.0,0.0,0.0
2022-01-25 18:16:48.501617,0.0,0.0,0.0
2022-01-25 18:16:49.010230,0.0,0.0,0.0
2022-01-25 18:16:49.506782,0.0,0.0,0.0
2022-01-25 18:16:50.004350,0.0,0.0,0.0
2022-01-25 18:16:50.509774,0.0,0.0,0.0
2022-01-25 18:16:51.008408,0.0,0.0,0.0
2022-01-25 18:16:51.504462,0.0,0.0,0.0
2022-01-25 18:16:52.002304,0.0,0.0,0.0
2022-01-25 18:16:52.509785,0.0,0.0,0.0
2022-01-25 18:16:53.008418,0.0,0.0,0.0
2022-01-25 18:16:53.503621,0.0,0.0,0.0
2022-01-25 18:16:54.001797,0.0,0.0,0.0
2022-01-25 18:16:54.507864,0.0,0.0,0.0
2022-01-25 18:16:55.006128,0.0,0.0,0.0
2022-01-25 18:16:56.005508,0.0,0.0,0.0
2022-01-25 18:16:56.510249,0.0,0.0,0.0
2022-01-25 18:16:57.008300,0.0,0.0,0.0
2022-01-25 18:16:57.503976,0.0,0.0,0.0
2022-01-25 18:16:58.003171,0.0,0.0,0.0
2022-01-25 18:16:58.507830,0.0,0.0,0.0
2022-01-25 18:16:59.006030,0.0,0.0,0.0
2022-01-25 18:16:59.510842,0.0,0.0,0.0
2022-01-25 18:17:00.009331,0.0,0.0,0.0
2022-01-25 18:17:00.503439,0.0,0.0,0.0
2022-01-25 18:17:01.001161,0.0,0.0,0.0
2022-01-25 18:17:01.506218,0.0,0.0,0.0
2022-01-25 18:17:02.003657,0.0,0.0,0.0
2022-01-25 18:17:02.510057,0.0,0.0,0.0
2022-01-25 18:17:03.008742,0.0,0.0,0.0
2022-01-25 18:17:03.503699,0.0,0.0,0.0
2022-01-25 18:17:04.001300,0.0,0.0,0.0
2022-01-25 18:17:04.507967,0.0,0.0,0.0
2022-01-25 18:17:05.007077,0.0,0.0,0.0
2022-01-25 18:17:05.503134,0.0,0.0,0.0
2022-01-25 18:17:06.001511,0.0,0.0,0.0
2022-01-25 18:17:06.506213,0.0,0.0,0.0
2022-01-25 18:17:07.004547,0.0,0.0,0.0
2022-01-25 18:17:07.501364,0.0,0.0,0.0
2022-01-25 18:17:08.009381,0.0,0.0,0.0
2022-01-25 18:17:08.505061,0.0,0.0,0.0
2022-01-25 18:17:09.002561,0.0,0.0,0.0
2022-01-25 18:17:09.509201,0.0,0.0,0.0
2022-01-25 18:17:10.007663,0.0,0.0,0.0
2022-01-25 18:17:10.502885,0.0,0.0,0.0
2022-01-25 18:17:11.007797,0.0,0.0,0.0
2022-01-25 18:17:11.504111,0.0,0.0,0.0
2022-01-25 18:17:12.003866,0.0,0.0,0.0
2022-01-25 18:17:12.510788,0.0,0.0,0.0
2022-01-25 18:17:13.009539,0.0,0.0,0.0
2022-01-25 18:17:13.506444,0.0,0.0,0.0
2022-01-25 18:17:14.003892,0.0,0.0,0.0
2022-01-25 18:17:14.510776,0.0,0.0,0.0
2022-01-25 18:17:15.007313,0.0,0.0,0.0
2022-01-25 18:17:15.503278,0.0,0.0,0.0
2022-01-25 18:17:16.002271,0.0,0.0,0.0
2022-01-25 18:17:16.507884,0.0,0.0,0.0
2022-01-25 18:17:17.006368,0.0,0.0,0.0
2022-01-25 18:17:17.501260,0.0,0.0,0.0
2022-01-25 18:17:18.009426,0.0,0.0,0.0
2022-01-25 18:17:18.505014,0.0,0.0,0.0
2022-01-25 18:17:19.002543,0.0,0.0,0.0
2022-01-25 18:17:19.507947,0.0,0.0,0.0
2022-01-25 18:17:20.006080,0.0,0.0,0.0
2022-01-25 18:17:20.501094,0.0,0.0,0.0
2022-01-25 18:17:21.010732,0.0,0.0,0.0
2022-01-25 18:17:21.505419,0.0,0.0,0.0
2022-01-25 18:17:22.003148,0.0,0.0,0.0
2022-01-25 18:17:22.508716,0.0,0.0,0.0
2022-01-25 18:17:23.007330,0.0,0.0,0.0
2022-01-25 18:17:23.502670,0.0,0.0,0.0
2022-01-25 18:17:24.011091,0.0,0.0,0.0
2022-01-25 18:17:24.506715,0.0,0.0,0.0
2022-01-25 18:17:25.005435,0.0,0.0,0.0
2022-01-25 18:17:25.501323,0.0,0.0,0.0
2022-01-25 18:17:26.009169,0.0,0.0,0.0
2022-01-25 18:17:26.505420,0.0,0.0,0.0
2022-01-25 18:17:27.004022,0.0,0.0,0.0
2022-01-25 18:17:27.509836,0.0,0.0,0.0
2022-01-25 18:17:28.009140,0.0,0.0,0.0
2022-01-25 18:17:28.505284,0.0,0.0,0.0
2022-01-25 18:17:29.010582,0.0,0.0,0.0
2022-01-25 18:17:29.507845,0.0,0.0,0.0
2022-01-25 18:17:30.007828,0.0,0.0,0.0
2022-01-25 18:17:30.503325,0.0,0.0,0.0
2022-01-25 18:17:31.001055,0.0,0.0,0.0
2022-01-25 18:17:31.504618,0.0,0.0,0.0
2022-01-25 18:17:32.002867,0.0,0.0,0.0
2022-01-25 18:17:32.506873,0.0,0.0,0.0
2022-01-25 18:17:33.005955,0.0,0.0,0.0
2022-01-25 18:17:33.503287,0.0,0.0,0.0
2022-01-25 18:17:34.002551,0.0,0.0,0.0
2022-01-25 18:17:34.508482,0.0,0.0,0.0
2022-01-25 18:17:35.007683,0.0,0.0,0.0
2022-01-25 18:17:35.504182,0.0,0.0,0.0
2022-01-25 18:17:36.002888,0.0,0.0,0.0
2022-01-25 18:17:36.507368,0.0,0.0,0.0
2022-01-25 18:17:37.004369,0.0,0.0,0.0
2022-01-25 18:17:37.509184,0.0,0.0,0.0
2022-01-25 18:17:38.008143,0.0,0.0,0.0
2022-01-25 18:17:38.506174,0.0,0.0,0.0
2022-01-25 18:17:39.003344,0.0,0.0,0.0
2022-01-25 18:17:39.502719,0.0,0.0,0.0
2022-01-25 18:17:40.010391,0.0,0.0,0.0
2022-01-25 18:17:40.505029,0.0,0.0,0.0
2022-01-25 18:17:41.003438,0.0,0.0,0.0
2022-01-25 18:17:41.508485,0.0,0.0,0.0
2022-01-25 18:17:42.008864,0.0,0.0,0.0
2022-01-25 18:17:42.504002,0.0,0.0,0.0
2022-01-25 18:17:43.003238,0.0,0.0,0.0
2022-01-25 18:17:43.509442,0.0,0.0,0.0
2022-01-25 18:17:44.009351,0.0,0.0,0.0
2022-01-25 18:17:44.507422,0.0,0.0,0.0
2022-01-25 18:17:45.006335,0.0,0.0,0.0
2022-01-25 18:17:45.504406,0.0,0.0,0.0
2022-01-25 18:17:46.002495,0.0,0.0,0.0
2022-01-25 18:17:46.510586,0.0,0.0,0.0
2022-01-25 18:17:47.007987,0.0,0.0,0.0
2022-01-25 18:17:47.503569,0.0,0.0,0.0
2022-01-25 18:17:48.001010,0.0,0.0,0.0
2022-01-25 18:17:48.507850,0.0,0.0,0.0
2022-01-25 18:17:49.007268,0.0,0.0,0.0
2022-01-25 18:17:49.502592,0.0,0.0,0.0
2022-01-25 18:17:50.010746,0.0,0.0,0.0
2022-01-25 18:17:50.505432,0.0,0.0,0.0
2022-01-25 18:17:51.004545,0.0,0.0,0.0
2022-01-25 18:17:51.510439,0.0,0.0,0.0
2022-01-25 18:17:52.008876,0.0,0.0,0.0
2022-01-25 18:17:52.503735,0.0,0.0,0.0
2022-01-25 18:17:53.003692,0.0,0.0,0.0
2022-01-25 18:17:53.508571,0.0,0.0,0.0
2022-01-25 18:17:54.006513,0.0,0.0,0.0
2022-01-25 18:17:54.502906,0.0,0.0,0.0
2022-01-25 18:17:55.002615,0.0,0.0,0.0
2022-01-25 18:17:55.507342,0.0,0.0,0.0
2022-01-25 18:17:56.005492,0.0,0.0,0.0
2022-01-25 18:17:56.511184,0.0,0.0,0.0
2022-01-25 18:17:57.010648,0.0,0.0,0.0
2022-01-25 18:17:57.508283,0.0,0.0,0.0
2022-01-25 18:17:58.006022,0.0,0.0,0.0
2022-01-25 18:17:58.501087,0.0,0.0,0.0
2022-01-25 18:17:59.009858,0.0,0.0,0.0
2022-01-25 18:17:59.506064,0.0,0.0,0.0
2022-01-25 18:18:00.004082,0.0,0.0,0.0
2022-01-25 18:18:00.510726,0.0,0.0,0.0
2022-01-25 18:18:01.008444,0.0,0.0,0.0
2022-01-25 18:18:01.505124,0.0,0.0,0.0
2022-01-25 18:18:02.001943,0.0,0.0,0.0
2022-01-25 18:18:02.508010,0.0,0.0,0.0
2022-01-25 18:18:03.005498,0.0,0.0,0.0
2022-01-25 18:18:03.502671,0.0,0.0,0.0
2022-01-25 18:18:04.001202,0.0,0.0,0.0
2022-01-25 18:18:04.507336,0.0,0.0,0.0
2022-01-25 18:18:05.005911,0.0,0.0,0.0
2022-01-25 18:18:05.501977,0.0,0.0,0.0
2022-01-25 18:18:06.010549,0.0,0.0,0.0
2022-01-25 18:18:06.507396,0.0,0.0,0.0
2022-01-25 18:18:07.005734,0.0,0.0,0.0
2022-01-25 18:18:07.501166,0.0,0.0,0.0
2022-01-25 18:18:08.010283,0.0,0.0,0.0
2022-01-25 18:18:08.505923,0.0,0.0,0.0
2022-01-25 18:18:09.004532,0.0,0.0,0.0
2022-01-25 18:18:09.509089,0.0,0.0,0.0
2022-01-25 18:18:10.008583,0.0,0.0,0.0
2022-01-25 18:18:10.505112,0.0,0.0,0.0
2022-01-25 18:18:11.009721,0.0,0.0,0.0
2022-01-25 18:18:11.504658,0.0,0.0,0.0
2022-01-25 18:18:12.004644,0.0,0.0,0.0
2022-01-25 18:18:12.510693,0.0,0.0,0.0
2022-01-25 18:18:13.007772,0.0,0.0,0.0
2022-01-25 18:18:13.502686,0.0,0.0,0.0
2022-01-25 18:18:14.001180,0.0,0.0,0.0
2022-01-25 18:18:14.507495,0.0,0.0,0.0
2022-01-25 18:18:15.005986,0.0,0.0,0.0
2022-01-25 18:18:15.502280,0.0,0.0,0.0
2022-01-25 18:18:16.010648,0.0,0.0,0.0
2022-01-25 18:18:16.507943,0.0,0.0,0.0
2022-01-25 18:18:17.007924,0.0,0.0,0.0
2022-01-25 18:18:17.505082,0.0,0.0,0.0
2022-01-25 18:18:18.003726,0.0,0.0,0.0
2022-01-25 18:18:18.509810,0.0,0.0,0.0
2022-01-25 18:18:19.009095,0.0,0.0,0.0
2022-01-25 18:18:19.507442,0.0,0.0,0.0
2022-01-25 18:18:20.007101,0.0,0.0,0.0
2022-01-25 18:18:20.502825,0.0,0.0,0.0
2022-01-25 18:18:21.009802,0.0,0.0,0.0
2022-01-25 18:18:21.505246,0.0,0.0,0.0
2022-01-25 18:18:22.003115,0.0,0.0,0.0
2022-01-25 18:18:22.510221,0.0,0.0,0.0
2022-01-25 18:18:23.008308,0.0,0.0,0.0
2022-01-25 18:18:23.503989,0.0,0.0,0.0
2022-01-25 18:18:24.003943,0.0,0.0,0.0
2022-01-25 18:18:24.509814,0.0,0.0,0.0
2022-01-25 18:18:25.009567,0.0,0.0,0.0
2022-01-25 18:18:25.506628,0.0,0.0,0.0
2022-01-25 18:18:26.005231,0.0,0.0,0.0
2022-01-25 18:18:26.501108,0.0,0.0,0.0
2022-01-25 18:18:27.008707,0.0,0.0,0.0
2022-01-25 18:18:27.503598,0.0,0.0,0.0
2022-01-25 18:18:28.002802,0.0,0.0,0.0
2022-01-25 18:18:28.509772,0.0,0.0,0.0
2022-01-25 18:18:29.008449,0.0,0.0,0.0
2022-01-25 18:18:29.505294,0.0,0.0,0.0
2022-01-25 18:18:30.002908,0.0,0.0,0.0
2022-01-25 18:18:30.509029,0.0,0.0,0.0
2022-01-25 18:18:31.008429,0.0,0.0,0.0
2022-01-25 18:18:31.505131,0.0,0.0,0.0
2022-01-25 18:18:32.003690,0.0,0.0,0.0
2022-01-25 18:18:32.509658,0.0,0.0,0.0
2022-01-25 18:18:33.008567,0.0,0.0,0.0
2022-01-25 18:18:33.504246,0.0,0.0,0.0
2022-01-25 18:18:34.003230,0.0,0.0,0.0
2022-01-25 18:18:34.508717,0.0,0.0,0.0
2022-01-25 18:18:35.007571,0.0,0.0,0.0
2022-01-25 18:18:35.503777,0.0,0.0,0.0
2022-01-25 18:18:36.002221,0.0,0.0,0.0
2022-01-25 18:18:36.507783,0.0,0.0,0.0
2022-01-25 18:18:37.006022,0.0,0.0,0.0
2022-01-25 18:18:37.502676,0.0,0.0,0.0
2022-01-25 18:18:38.010321,0.0,0.0,0.0
2022-01-25 18:18:38.506524,0.0,0.0,0.0
2022-01-25 18:18:39.004898,0.0,0.0,0.0
2022-01-25 18:18:39.509247,0.0,0.0,0.0
2022-01-25 18:18:40.009051,0.0,0.0,0.0
2022-01-25 18:18:40.503316,0.0,0.0,0.0
2022-01-25 18:18:41.011050,0.0,0.0,0.0
2022-01-25 18:18:41.506925,0.0,0.0,0.0
2022-01-25 18:18:42.007341,0.0,0.0,0.0
2022-01-25 18:18:42.501761,0.0,0.0,0.0
2022-01-25 18:18:43.010006,0.0,0.0,0.0
2022-01-25 18:18:43.505512,0.0,0.0,0.0
2022-01-25 18:18:44.003390,0.0,0.0,0.0
2022-01-25 18:18:44.509755,0.0,0.0,0.0
2022-01-25 18:18:45.008260,0.0,0.0,0.0
2022-01-25 18:18:45.506042,0.0,0.0,0.0
2022-01-25 18:18:46.004290,0.0,0.0,0.0
2022-01-25 18:18:46.510529,0.0,0.0,0.0
2022-01-25 18:18:47.009324,0.0,0.0,0.0
2022-01-25 18:18:47.506612,0.0,0.0,0.0
2022-01-25 18:18:48.003746,0.0,0.0,0.0
2022-01-25 18:18:48.509378,0.0,0.0,0.0
2022-01-25 18:18:49.008201,0.0,0.0,0.0
2022-01-25 18:18:49.503648,0.0,0.0,0.0
2022-01-25 18:18:50.003055,0.0,0.0,0.0
2022-01-25 18:18:50.508711,0.0,0.0,0.0
2022-01-25 18:18:51.007489,0.0,0.0,0.0
2022-01-25 18:18:51.503819,0.0,0.0,0.0
2022-01-25 18:18:52.002429,0.0,0.0,0.0
2022-01-25 18:18:52.506830,0.0,0.0,0.0
2022-01-25 18:18:53.005525,0.0,0.0,0.0
2022-01-25 18:18:53.501568,0.0,0.0,0.0
2022-01-25 18:18:54.010079,0.0,0.0,0.0
2022-01-25 18:18:54.505000,0.0,0.0,0.0
2022-01-25 18:18:55.003043,0.0,0.0,0.0
2022-01-25 18:18:55.509743,0.0,0.0,0.0
2022-01-25 18:18:56.008409,0.0,0.0,0.0
2022-01-25 18:18:56.503111,0.0,0.0,0.0
2022-01-25 18:18:57.002167,0.0,0.0,0.0
2022-01-25 18:18:57.507047,0.0,0.0,0.0
2022-01-25 18:18:58.004982,0.0,0.0,0.0
2022-01-25 18:18:58.510680,0.0,0.0,0.0
2022-01-25 18:18:59.009083,0.0,0.0,0.0
2022-01-25 18:18:59.503445,0.0,0.0,0.0
2022-01-25 18:19:00.003049,0.0,0.0,0.0
2022-01-25 18:19:00.507632,0.0,0.0,0.0
2022-01-25 18:19:01.004920,0.0,0.0,0.0
2022-01-25 18:19:01.510311,0.0,0.0,0.0
2022-01-25 18:19:02.008476,0.0,0.0,0.0
2022-01-25 18:19:02.504860,0.0,0.0,0.0
2022-01-25 18:19:03.004040,0.0,0.0,0.0
2022-01-25 18:19:03.510748,0.0,0.0,0.0
2022-01-25 18:19:04.009655,0.0,0.0,0.0
2022-01-25 18:19:04.505752,0.0,0.0,0.0
2022-01-25 18:19:05.004242,0.0,0.0,0.0
2022-01-25 18:19:05.509617,0.0,0.0,0.0
2022-01-25 18:19:06.008520,0.0,0.0,0.0
2022-01-25 18:19:06.503872,0.0,0.0,0.0
2022-01-25 18:19:07.002247,0.0,0.0,0.0
2022-01-25 18:19:07.507035,0.0,0.0,0.0
2022-01-25 18:19:08.006867,0.0,0.0,0.0
2022-01-25 18:19:08.503645,0.0,0.0,0.0
2022-01-25 18:19:09.003065,0.0,0.0,0.0
2022-01-25 18:19:09.510508,0.0,0.0,0.0
2022-01-25 18:19:10.008510,0.0,0.0,0.0
2022-01-25 18:19:10.503067,0.0,0.0,0.0
2022-01-25 18:19:11.006608,0.0,0.0,0.0
2022-01-25 18:19:11.505114,0.0,0.0,0.0
2022-01-25 18:19:12.004587,0.0,0.0,0.0
2022-01-25 18:19:12.510662,0.0,0.0,0.0
2022-01-25 18:19:13.008132,0.0,0.0,0.0
2022-01-25 18:19:13.502983,0.0,0.0,0.0
2022-01-25 18:19:14.001339,0.0,0.0,0.0
2022-01-25 18:19:14.507282,0.0,0.0,0.0
2022-01-25 18:19:15.006511,0.0,0.0,0.0
2022-01-25 18:19:15.502819,0.0,0.0,0.0
2022-01-25 18:19:16.009941,0.0,0.0,0.0
2022-01-25 18:19:16.508268,0.0,0.0,0.0
2022-01-25 18:19:17.007361,0.0,0.0,0.0
2022-01-25 18:19:17.503139,0.0,0.0,0.0
2022-01-25 18:19:18.004432,0.0,0.0,0.0
2022-01-25 18:19:18.509912,0.0,0.0,0.0
2022-01-25 18:19:19.010288,0.0,0.0,0.0
2022-01-25 18:19:19.506817,0.0,0.0,0.0
2022-01-25 18:19:20.004725,0.0,0.0,0.0
2022-01-25 18:19:20.510797,0.0,0.0,0.0
2022-01-25 18:19:21.010406,0.0,0.0,0.0
2022-01-25 18:19:21.505858,0.0,0.0,0.0
2022-01-25 18:19:22.003976,0.0,0.0,0.0
2022-01-25 18:19:22.508881,0.0,0.0,0.0
2022-01-25 18:19:23.008254,0.0,0.0,0.0
2022-01-25 18:19:23.504448,0.0,0.0,0.0
2022-01-25 18:19:24.003109,0.0,0.0,0.0
2022-01-25 18:19:24.509183,0.0,0.0,0.0
2022-01-25 18:19:25.009438,0.0,0.0,0.0
2022-01-25 18:19:25.507815,0.0,0.0,0.0
2022-01-25 18:19:26.005913,0.0,0.0,0.0
2022-01-25 18:19:26.502271,0.0,0.0,0.0
2022-01-25 18:19:27.010458,0.0,0.0,0.0
2022-01-25 18:19:27.505984,0.0,0.0,0.0
2022-01-25 18:19:28.004070,0.0,0.0,0.0
2022-01-25 18:19:28.509881,0.0,0.0,0.0
2022-01-25 18:19:29.008716,0.0,0.0,0.0
2022-01-25 18:19:29.503976,0.0,0.0,0.0
2022-01-25 18:19:30.004261,0.0,0.0,0.0
2022-01-25 18:19:30.508878,0.0,0.0,0.0
2022-01-25 18:19:31.010099,0.0,0.0,0.0
2022-01-25 18:19:31.506439,0.0,0.0,0.0
2022-01-25 18:19:32.005243,0.0,0.0,0.0
2022-01-25 18:19:32.510038,0.0,0.0,0.0
2022-01-25 18:19:33.007869,0.0,0.0,0.0
2022-01-25 18:19:33.504679,0.0,0.0,0.0
2022-01-25 18:19:34.002246,0.0,0.0,0.0
2022-01-25 18:19:34.509902,0.0,0.0,0.0
2022-01-25 18:19:35.008050,0.0,0.0,0.0
2022-01-25 18:19:35.502876,0.0,0.0,0.0
2022-01-25 18:19:36.001074,0.0,0.0,0.0
2022-01-25 18:19:36.506460,0.0,0.0,0.0
2022-01-25 18:19:37.005096,0.0,0.0,0.0
2022-01-25 18:19:38.004962,0.0,0.0,0.0
2022-01-25 18:19:38.501346,0.0,0.0,0.0
2022-01-25 18:19:39.010358,0.0,0.0,0.0
2022-01-25 18:19:39.507415,0.0,0.0,0.0
2022-01-25 18:19:40.004416,0.0,0.0,0.0
2022-01-25 18:19:40.501011,0.0,0.0,0.0
2022-01-25 18:19:41.008787,0.0,0.0,0.0
2022-01-25 18:19:41.504901,0.0,0.0,0.0
2022-01-25 18:19:42.002643,0.0,0.0,0.0
2022-01-25 18:19:42.509048,0.0,0.0,0.0
2022-01-25 18:19:43.007944,0.0,0.0,0.0
2022-01-25 18:19:43.504829,0.0,0.0,0.0
2022-01-25 18:19:44.003289,0.0,0.0,0.0
2022-01-25 18:19:44.509207,0.0,0.0,0.0
2022-01-25 18:19:45.006998,0.0,0.0,0.0
2022-01-25 18:19:45.503921,0.0,0.0,0.0
2022-01-25 18:19:46.002101,0.0,0.0,0.0
2022-01-25 18:19:46.507961,0.0,0.0,0.0
2022-01-25 18:19:47.006732,0.0,0.0,0.0
2022-01-25 18:19:47.502363,0.0,0.0,0.0
2022-01-25 18:19:48.001229,0.0,0.0,0.0
2022-01-25 18:19:48.508465,0.0,0.0,0.0
2022-01-25 18:19:49.006884,0.0,0.0,0.0
2022-01-25 18:19:49.501128,0.0,0.0,0.0
2022-01-25 18:19:50.010391,0.0,0.0,0.0
2022-01-25 18:19:50.504929,0.0,0.0,0.0
2022-01-25 18:19:51.002869,0.0,0.0,0.0
2022-01-25 18:19:51.508990,0.0,0.0,0.0
2022-01-25 18:19:52.007924,0.0,0.0,0.0
2022-01-25 18:19:52.504844,0.0,0.0,0.0
2022-01-25 18:19:53.002816,0.0,0.0,0.0
2022-01-25 18:19:53.508201,0.0,0.0,0.0
2022-01-25 18:19:54.006557,0.0,0.0,0.0
2022-01-25 18:19:54.501865,0.0,0.0,0.0
2022-01-25 18:19:55.010851,0.0,0.0,0.0
2022-01-25 18:19:55.507552,0.0,0.0,0.0
2022-01-25 18:19:56.005092,0.0,0.0,0.0
2022-01-25 18:19:56.502264,0.0,0.0,0.0
2022-01-25 18:19:57.002377,0.0,0.0,0.0
2022-01-25 18:19:57.509110,0.0,0.0,0.0
2022-01-25 18:19:58.007419,0.0,0.0,0.0
2022-01-25 18:19:58.501207,0.0,0.0,0.0
2022-01-25 18:19:59.010323,0.0,0.0,0.0
2022-01-25 18:19:59.506021,0.0,0.0,0.0
2022-01-25 18:20:00.004521,0.0,0.0,0.0
2022-01-25 18:20:00.504018,0.0,0.0,0.0
2022-01-25 18:20:01.001740,0.0,0.0,0.0
2022-01-25 18:20:01.508384,0.0,0.0,0.0
2022-01-25 18:20:02.006876,0.0,0.0,0.0
2022-01-25 18:20:02.502803,0.0,0.0,0.0
2022-01-25 18:20:03.009937,0.0,0.0,0.0
2022-01-25 18:20:03.507550,0.0,0.0,0.0
2022-01-25 18:20:04.006344,0.0,0.0,0.0
2022-01-25 18:20:04.502743,0.0,0.0,0.0
2022-01-25 18:20:05.003316,0.0,0.0,0.0
2022-01-25 18:20:05.509404,0.0,0.0,0.0
2022-01-25 18:20:06.007446,0.0,0.0,0.0
2022-01-25 18:20:06.502672,0.0,0.0,0.0
2022-01-25 18:20:07.010676,0.0,0.0,0.0
2022-01-25 18:20:07.506053,0.0,0.0,0.0
2022-01-25 18:20:08.004578,0.0,0.0,0.0
2022-01-25 18:20:08.510514,0.0,0.0,0.0
2022-01-25 18:20:09.010148,0.0,0.0,0.0
2022-01-25 18:20:09.508534,0.0,0.0,0.0
2022-01-25 18:20:10.007926,0.0,0.0,0.0
2022-01-25 18:20:10.506936,0.0,0.0,0.0
2022-01-25 18:20:11.005843,0.0,0.0,0.0
2022-01-25 18:20:11.510644,0.0,0.0,0.0
2022-01-25 18:20:12.008559,0.0,0.0,0.0
2022-01-25 18:20:12.505129,0.0,0.0,0.0
2022-01-25 18:20:13.003007,0.0,0.0,0.0
2022-01-25 18:20:14.004960,0.0,0.0,0.0
2022-01-25 18:20:14.501853,0.0,0.0,0.0
2022-01-25 18:20:15.010243,0.0,0.0,0.0
2022-01-25 18:20:15.507293,0.0,0.0,0.0
2022-01-25 18:20:16.005984,0.0,0.0,0.0
2022-01-25 18:20:16.502422,0.0,0.0,0.0
2022-01-25 18:20:17.011307,0.0,0.0,0.0
2022-01-25 18:20:17.507544,0.0,0.0,0.0
2022-01-25 18:20:18.006651,0.0,0.0,0.0
2022-01-25 18:20:18.503697,0.0,0.0,0.0
2022-01-25 18:20:19.001299,0.0,0.0,0.0
2022-01-25 18:20:19.508085,0.0,0.0,0.0
2022-01-25 18:20:20.006262,0.0,0.0,0.0
2022-01-25 18:20:20.502584,0.0,0.0,0.0
2022-01-25 18:20:21.010290,0.0,0.0,0.0
2022-01-25 18:20:21.506576,0.0,0.0,0.0
2022-01-25 18:20:22.005190,0.0,0.0,0.0
2022-01-25 18:20:22.502428,0.0,0.0,0.0
2022-01-25 18:20:23.010612,0.0,0.0,0.0
2022-01-25 18:20:23.507859,0.0,0.0,0.0
2022-01-25 18:20:24.007311,0.0,0.0,0.0
2022-01-25 18:20:24.505183,0.0,0.0,0.0
2022-01-25 18:20:25.002941,0.0,0.0,0.0
2022-01-25 18:20:25.508898,0.0,0.0,0.0
2022-01-25 18:20:26.007786,0.0,0.0,0.0
2022-01-25 18:20:26.503337,0.0,0.0,0.0
2022-01-25 18:20:27.005228,0.0,0.0,0.0
2022-01-25 18:20:27.502858,0.0,0.0,0.0
2022-01-25 18:20:28.002285,0.0,0.0,0.0
2022-01-25 18:20:28.510076,0.0,0.0,0.0
2022-01-25 18:20:29.009722,0.0,0.0,0.0
2022-01-25 18:20:29.505182,0.0,0.0,0.0
2022-01-25 18:20:30.003556,0.0,0.0,0.0
2022-01-25 18:20:30.509509,0.0,0.0,0.0
2022-01-25 18:20:31.007542,0.0,0.0,0.0
2022-01-25 18:20:31.503661,0.0,0.0,0.0
2022-01-25 18:20:32.003301,0.0,0.0,0.0
2022-01-25 18:20:32.510085,0.0,0.0,0.0
2022-01-25 18:20:33.007415,0.0,0.0,0.0
2022-01-25 18:20:33.504348,0.0,0.0,0.0
2022-01-25 18:20:34.003423,0.0,0.0,0.0
2022-01-25 18:20:34.507926,0.0,0.0,0.0
2022-01-25 18:20:35.006442,0.0,0.0,0.0
2022-01-25 18:20:35.502879,0.0,0.0,0.0
2022-01-25 18:20:36.002969,0.0,0.0,0.0
2022-01-25 18:20:36.508983,0.0,0.0,0.0
2022-01-25 18:20:37.007148,0.0,0.0,0.0
2022-01-25 18:20:37.502818,0.0,0.0,0.0
2022-01-25 18:20:38.002439,0.0,0.0,0.0
2022-01-25 18:20:38.507352,0.0,0.0,0.0
2022-01-25 18:20:39.006572,0.0,0.0,0.0
2022-01-25 18:20:39.504030,0.0,0.0,0.0
2022-01-25 18:20:40.001622,0.0,0.0,0.0
2022-01-25 18:20:40.509979,0.0,0.0,0.0
2022-01-25 18:20:41.008638,0.0,0.0,0.0
2022-01-25 18:20:41.505152,0.0,0.0,0.0
2022-01-25 18:20:42.002594,0.0,0.0,0.0
2022-01-25 18:20:42.507807,0.0,0.0,0.0
2022-01-25 18:20:43.006457,0.0,0.0,0.0
2022-01-25 18:20:43.511252,0.0,0.0,0.0
2022-01-25 18:20:44.010206,0.0,0.0,0.0
2022-01-25 18:20:44.505332,0.0,0.0,0.0
2022-01-25 18:20:45.005809,0.0,0.0,0.0
2022-01-25 18:20:45.510374,0.0,0.0,0.0
2022-01-25 18:20:46.009289,0.0,0.0,0.0
2022-01-25 18:20:46.505767,0.0,0.0,0.0
2022-01-25 18:20:47.003946,0.0,0.0,0.0
2022-01-25 18:20:47.511101,0.0,0.0,0.0
2022-01-25 18:20:48.008491,0.0,0.0,0.0
2022-01-25 18:20:48.508463,0.0,0.0,0.0
2022-01-25 18:20:49.006783,0.0,0.0,0.0
2022-01-25 18:20:49.507647,0.0,0.0,0.0
2022-01-25 18:20:50.005224,0.0,0.0,0.0
2022-01-25 18:20:50.509500,0.0,0.0,0.0
2022-01-25 18:20:51.007723,0.0,0.0,0.0
2022-01-25 18:20:51.502779,0.0,0.0,0.0
2022-01-25 18:20:52.002007,0.0,0.0,0.0
2022-01-25 18:20:52.506629,0.0,0.0,0.0
2022-01-25 18:20:53.003774,0.0,0.0,0.0
2022-01-25 18:20:53.509785,0.0,0.0,0.0
2022-01-25 18:20:54.008023,0.0,0.0,0.0
2022-01-25 18:20:54.502856,0.0,0.0,0.0
2022-01-25 18:20:55.011259,0.0,0.0,0.0
2022-01-25 18:20:55.507852,0.0,0.0,0.0
2022-01-25 18:20:56.006088,0.0,0.0,0.0
2022-01-25 18:20:56.502482,0.0,0.0,0.0
2022-01-25 18:20:57.504849,0.0,0.0,0.0
2022-01-25 18:20:58.002786,0.0,0.0,0.0
2022-01-25 18:20:58.508643,0.0,0.0,0.0
2022-01-25 18:20:59.009197,0.0,0.0,0.0
2022-01-25 18:20:59.506444,0.0,0.0,0.0
2022-01-25 18:21:00.004403,0.0,0.0,0.0
2022-01-25 18:21:00.507472,0.0,0.0,0.0
2022-01-25 18:21:01.006413,0.0,0.0,0.0
2022-01-25 18:21:01.501315,0.0,0.0,0.0
2022-01-25 18:21:02.010782,0.0,0.0,0.0
2022-01-25 18:21:02.505783,0.0,0.0,0.0
2022-01-25 18:21:03.004115,0.0,0.0,0.0
2022-01-25 18:21:03.509070,0.0,0.0,0.0
2022-01-25 18:21:04.007418,0.0,0.0,0.0
2022-01-25 18:21:04.504234,0.0,0.0,0.0
2022-01-25 18:21:05.003530,0.0,0.0,0.0
2022-01-25 18:21:05.505895,0.0,0.0,0.0
2022-01-25 18:21:06.004089,0.0,0.0,0.0
2022-01-25 18:21:06.509096,0.0,0.0,0.0
2022-01-25 18:21:07.007460,0.0,0.0,0.0
2022-01-25 18:21:07.505023,0.0,0.0,0.0
2022-01-25 18:21:08.003475,0.0,0.0,0.0
2022-01-25 18:21:08.508914,0.0,0.0,0.0
2022-01-25 18:21:09.007201,0.0,0.0,0.0
2022-01-25 18:21:09.502643,0.0,0.0,0.0
2022-01-25 18:21:10.010709,0.0,0.0,0.0
2022-01-25 18:21:10.505188,0.0,0.0,0.0
2022-01-25 18:21:11.009255,0.0,0.0,0.0
2022-01-25 18:21:11.505079,0.0,0.0,0.0
2022-01-25 18:21:12.004727,0.0,0.0,0.0
2022-01-25 18:21:12.510203,0.0,0.0,0.0
2022-01-25 18:21:13.007743,0.0,0.0,0.0
2022-01-25 18:21:13.503213,0.0,0.0,0.0
2022-01-25 18:21:14.001696,0.0,0.0,0.0
2022-01-25 18:21:14.507202,0.0,0.0,0.0
2022-01-25 18:21:15.009213,0.0,0.0,0.0
2022-01-25 18:21:15.505676,0.0,0.0,0.0
2022-01-25 18:21:16.004128,0.0,0.0,0.0
2022-01-25 18:21:16.503874,0.0,0.0,0.0
2022-01-25 18:21:17.002377,0.0,0.0,0.0
2022-01-25 18:21:17.507824,0.0,0.0,0.0
2022-01-25 18:21:18.008166,0.0,0.0,0.0
2022-01-25 18:21:18.503726,0.0,0.0,0.0
2022-01-25 18:21:19.002970,0.0,0.0,0.0
2022-01-25 18:21:19.509124,0.0,0.0,0.0
2022-01-25 18:21:20.006613,0.0,0.0,0.0
2022-01-25 18:21:20.502179,0.0,0.0,0.0
2022-01-25 18:21:21.001615,0.0,0.0,0.0
2022-01-25 18:21:21.508681,0.0,0.0,0.0
2022-01-25 18:21:22.006874,0.0,0.0,0.0
2022-01-25 18:21:22.502636,0.0,0.0,0.0
2022-01-25 18:21:23.003291,0.0,0.0,0.0
2022-01-25 18:21:23.510765,0.0,0.0,0.0
2022-01-25 18:21:24.008574,0.0,0.0,0.0
2022-01-25 18:21:24.504328,0.0,0.0,0.0
2022-01-25 18:21:25.004031,0.0,0.0,0.0
2022-01-25 18:21:25.502462,0.0,0.0,0.0
2022-01-25 18:21:26.011090,0.0,0.0,0.0
2022-01-25 18:21:26.506214,0.0,0.0,0.0
2022-01-25 18:21:27.004631,0.0,0.0,0.0
2022-01-25 18:21:27.510327,0.0,0.0,0.0
2022-01-25 18:21:28.008373,0.0,0.0,0.0
2022-01-25 18:21:28.504158,0.0,0.0,0.0
2022-01-25 18:21:29.003413,0.0,0.0,0.0
2022-01-25 18:21:29.509038,0.0,0.0,0.0
